code,internal_code,name,manufacturer_name,manufacture_country,manufacturer_item_description,unit_qty,quantity,unit_of_measure,weighted,qty_in_package,price,unit_of_measure_price,allow_discount,status,item_id
911,true,שרי באשכול,חקלאי,IL,שרי באשכול,קילוגרמים,1.00,"ק""ג",true,,17.90,17.9000,true,1,83193
912,true,עגבניה שרי מנומר,ביכורי שדה דרום,IL,עגבניה שרי מנומר,קילוגרמים,1.00,"ק""ג",true,,19.90,19.9000,true,1,118803
914,true,עגבניה רון שרי ליקופ,ביכורי שדה דרום,IL,עגבניה רון שרי ליקופן יחידה,לא מנהל יחידת מידה,0.00,לא מנהל יחידת מידה,false,1,9.90,0.0000,true,1,115258
917,true,עגבניה,חקלאי,IL,עגבניה,קילוגרמים,1.00,"ק""ג",true,,9.90,9.9000,true,1,83195
920,true,מלפפון,חקלאי,IL,מלפפון,קילוגרמים,1.00,"ק""ג",true,,8.90,8.9000,true,1,83197
927,true,מלפפון בייבי יח,חקלאי,IL,מלפפון בייבי יח,לא מנהל יחידת מידה,0.00,לא מנהל יחידת מידה,false,1,8.90,0.0000,true,1,84202
941,true,סלק,חקלאי,IL,סלק,קילוגרמים,1.00,"ק""ג",true,,6.90,6.9000,true,1,83196
942,true,ענבים לבנים,חקלאי,IL,ענבים לבנים,קילוגרמים,1.00,"ק""ג",true,,29.90,29.9000,true,1,83139
943,true,ענב שחור,חקלאי,IL,ענב שחור,קילוגרמים,1.00,"ק""ג",true,,25.90,25.9000,true,1,84750
945,true,כרוב לבן,חקלאי,IL,כרוב לבן,קילוגרמים,1.00,"ק""ג",true,,5.90,5.9000,true,1,83199
961,true,כרובית ארוזה יחידה,חקלאי,IL,כרובית ארוזה יחידה,לא מנהל יחידת מידה,0.00,לא מנהל יחידת מידה,false,1,10.90,0.0000,true,1,115270
990,true,בצל יבש,חקלאי,IL,בצל יבש,קילוגרמים,1.00,"ק""ג",true,,5.90,5.9000,true,1,83205
995,true,בצל ירוק ארוז,חקלאי,IL,בצל ירוק ארוז,לא מנהל יחידת מידה,0.00,לא מנהל יחידת מידה,false,1,5.90,0.0000,true,1,83130
997,true,בצל אדום,חקלאי,IL,בצל אדום,קילוגרמים,1.00,"ק""ג",true,,8.90,8.9000,true,1,83086
5485,true,מאפה במשקל גדרון,גדרון,IL,מאפה במשקל גדרון,קילוגרמים,1.00,"ק""ג",true,,37.90,37.9000,true,1,114979
6913,true,מסכת בד,,,מסכת בד,לא מנהל יחידת מידה,0.00,לא מנהל יחידת מידה,false,1,0.30,0.0000,true,1,129502
8216,true,בלון בודד קטן -גומי,גמר,,בלון בודד קטן -גומי מטאלי +הליום,יחידה,1.00,יחידה,false,1,5.90,5.9000,true,1,118782
9110,true,בטטה,חקלאי,IL,בטטה,קילוגרמים,1.00,"ק""ג",true,,10.90,10.9000,true,1,83349
9113,true,כוסברה ארוזה,חקלאי,IL,כוסברה ארוזה,Unknown,0.00,Unknown,false,1,4.90,0.0000,true,1,83126
9114,true,נענע ארוזה,חקלאי,IL,נענע ארוזה,Unknown,0.00,Unknown,false,1,4.90,0.0000,true,1,83127
9131,true,דלעת ארוזה,חקלאי,IL,דלעת ארוזה,קילוגרמים,1.00,"ק""ג",true,,14.90,14.9000,true,1,83202
9140,true,חצילים,חקלאי,IL,חצילים,קילוגרמים,1.00,"ק""ג",true,,8.90,8.9000,true,1,83201
9147,true,אפרסמון,חקלאי,IL,אפרסמון,קילוגרמים,1.00,"ק""ג",true,,18.90,18.9000,true,1,83171
9155,true,פלפל כהה,חקלאי,IL,פלפל כהה,קילוגרמים,1.00,"ק""ג",true,,9.90,9.9000,true,1,83191
9158,true,פלפל חריף ירוק,חקלאי,IL,פלפל חריף ירוק,קילוגרמים,1.00,"ק""ג",true,,9.90,9.9000,true,1,83188
9160,true,פלפל אדום,חקלאי,IL,פלפל אדום,קילוגרמים,1.00,"ק""ג",true,,10.90,10.9000,true,1,83192
9163,true,פלפל צהוב,חקלאי,IL,פלפל צהוב,קילוגרמים,1.00,"ק""ג",true,,9.90,9.9000,true,1,83189
9170,true,קולורבי,חקלאי,IL,קולורבי,קילוגרמים,1.00,"ק""ג",true,,9.90,9.9000,true,1,83187
9172,true,פלפל ננסי טינקרבל,חקלאי,IL,פלפל ננסי טינקרבל,לא מנהל יחידת מידה,0.00,לא מנהל יחידת מידה,false,1,9.90,0.0000,true,1,83096
9180,true,קשואים,חקלאי,IL,קשואים,קילוגרמים,1.00,"ק""ג",true,,11.90,11.9000,true,1,83182
9201,true,תירס ארוז,חקלאי,IL,תירס ארוז,קילוגרמים,1.00,"ק""ג",true,,13.90,13.9000,true,1,84178
9210,true,תרד שטוף,חקלאי,IL,תרד שטוף,לא מנהל יחידת מידה,0.00,לא מנהל יחידת מידה,false,1,11.90,0.0000,true,1,83118
9224,true,אוכמניות יחידה,חקלאי,IL,אוכמניות יחידה,לא מנהל יחידת מידה,0.00,לא מנהל יחידת מידה,false,1,16.90,0.0000,true,1,135149
9237,true,עלי חסה שטופים,חקלאי,IL,עלי חסה שטופים,לא מנהל יחידת מידה,0.00,לא מנהל יחידת מידה,false,1,10.90,0.0000,true,1,83350
9250,true,חסה עגולה ארוזה,חקלאי,IL,חסה עגולה ארוזה,לא מנהל יחידת מידה,0.00,לא מנהל יחידת מידה,false,1,8.90,0.0000,true,1,83112
9260,true,חסה ערבית ארוזה,חקלאי,IL,חסה ערבית ארוזה,יחידה,1.00,יחידה,false,1,6.90,6.9000,true,1,83111
9290,true,תפוח אדמה אדום,חקלאי,IL,תפוח אדמה אדום,קילוגרמים,1.00,"ק""ג",true,,6.90,6.9000,true,1,83177
9295,true,תפוח אדמה לבן,חקלאי,IL,תפוח אדמה לבן,קילוגרמים,1.00,"ק""ג",true,,5.90,5.9000,true,1,83176
9296,true,שורש ארוז,חקלאי,IL,שורש ארוז,לא מנהל יחידת מידה,0.00,לא מנהל יחידת מידה,false,1,5.90,0.0000,true,1,83120
9297,true,פטרוזליה ארוזה,חקלאי,IL,פטרוזליה ארוזה,לא מנהל יחידת מידה,0.00,לא מנהל יחידת מידה,false,1,4.90,0.0000,true,1,83129
9299,true,סלרי ראש ארוז,חקלאי,IL,סלרי ראש ארוז,Unknown,0.00,Unknown,false,1,5.90,0.0000,true,1,83119
9306,true,סלרי עלים,חקלאי,IL,סלרי עלים,לא מנהל יחידת מידה,0.00,לא מנהל יחידת מידה,false,1,6.90,0.0000,true,1,83121
9307,true,גינגר ארוז,חקלאי,IL,גינגר ארוז,יחידה,0.00,יחידה,false,1,15.90,0.0000,true,1,83095
9308,true,נבטים סיניים גדול,חקלאי,IL,נבטים סיניים גדול,Unknown,0.00,Unknown,false,1,6.90,0.0000,true,1,83106
9311,true,גזר ארוז,חקלאי,IL,גזר ארוז,קילוגרמים,1.00,"ק""ג",true,,5.90,5.9000,true,1,83204
9312,true,מלון גליה,חקלאי,IL,מלון גליה,קילוגרמים,1.00,"ק""ג",true,,6.90,6.9000,true,1,83175
9323,true,פטריות פורטובלו,חקלאי,IL,פטריות פורטובלו,יחידה,1.00,יחידה,false,1,10.90,10.9000,true,1,83102
9324,true,פטריות שמפניון,חקלאי,IL,פטריות שמפניון,לא מנהל יחידת מידה,0.00,לא מנהל יחידת מידה,false,1,10.90,0.0000,true,1,83103
9348,true,שום בתפזורת,חקלאי,IL,שום בתפזורת,קילוגרמים,1.00,"ק""ג",true,,19.90,19.9000,true,1,83181
9370,true,שומר,חקלאי,IL,שומר,קילוגרמים,1.00,"ק""ג",true,,9.90,9.9000,true,1,83179
9375,true,ארטישוק,חקלאי,IL,ארטישוק,קילוגרמים,1.00,"ק""ג",true,,29.90,29.9000,true,1,83180
9486,true,לימון,חקלאי,IL,לימון,קילוגרמים,1.00,"ק""ג",true,,11.90,11.9000,true,1,83153
9510,true,מנדרינה,חקלאי,IL,מנדרינה,קילוגרמים,1.00,"ק""ג",true,,9.90,9.9000,true,1,83151
9522,true,אשכולית לבנה / אדומה,חקלאי,IL,אשכולית לבנה / אדומה,קילוגרמים,1.00,"ק""ג",true,,9.90,9.9000,true,1,83155
9555,true,בננות,חקלאי,IL,בננות,קילוגרמים,1.00,"ק""ג",true,,8.90,8.9000,true,1,83169
9560,true,אבוקדו,חקלאי,IL,אבוקדו,קילוגרמים,1.00,"ק""ג",true,,18.90,18.9000,true,1,83173
9578,true,נקטרינה,חקלאי,IL,נקטרינה,קילוגרמים,1.00,"ק""ג",true,,14.90,14.9000,true,1,83140
9604,true,אגס ספדונה,חקלאי,IL,אגס ספדונה,קילוגרמים,1.00,"ק""ג",true,,13.90,13.9000,true,1,83172
9637,true,קיווי מובחר,חקלאי,IL,קיווי מובחר,קילוגרמים,1.00,"ק""ג",true,,18.90,18.9000,true,1,83163
9658,true,תפוח עץ סמיט,חקלאי,IL,תפוח עץ סמיט,קילוגרמים,1.00,"ק""ג",true,,11.90,11.9000,true,1,83159
9684,true,תפוח עץ זהוב,חקלאי,IL,תפוח עץ זהוב,קילוגרמים,1.00,"ק""ג",true,,11.90,11.9000,true,1,83161
9697,true,תפוח עץ סטארקינג,חקלאי,IL,תפוח עץ סטארקינג,קילוגרמים,1.00,"ק""ג",true,,11.90,11.9000,true,1,83160
9891,true,ברוקולי ארוז,חקלאי,IL,ברוקולי ארוז,מיליליטרים,1.00,"100 מ""ל",false,1,11.90,1190.0000,true,1,83207
9928,true,שמיר,חקלאי,IL,שמיר,לא מנהל יחידת מידה,0.00,לא מנהל יחידת מידה,false,1,4.90,0.0000,true,1,103843
9932,true,דובדבנים אדומים יח,חקלאי,IL,דובדבנים אדומים יח,גרמים,250.00,100 גרם,false,1,19.90,7.9600,true,1,83989
9965,true,תפוח עץ פינק,חקלאי,IL,תפוח עץ פינק,קילוגרמים,1.00,"ק""ג",true,,19.90,19.9000,true,1,83158
9992,true,פטאיה,חקלאי,IL,פטאיה,קילוגרמים,1.00,"ק""ג",true,,29.90,29.9000,true,1,86341
9994,true,קרמבולה,חקלאי,IL,קרמבולה,קילוגרמים,1.00,"ק""ג",true,,39.90,39.9000,true,1,90428
41896,true,"קוקיס מריר מחיר לק""ג","גידרון תעשיות בע""מ",,קוקיס מריר מחיר לקג-גדרון,קילוגרמים,1.00,"ק""ג",true,,49.90,49.9000,true,1,13138
92218,true,מאפה ביס תפוע,"גידרון תעשיות בע""מ",,מאפה ביס תפוע מחיר לקג-גידרון,קילוגרמים,1.00,"ק""ג",true,,39.90,39.9000,true,1,12229
92614,true,בורקס טורקי פיטריות,"גידרון תעשיות בע""מ",,בורקס טורקי פיטריות מחיר לקג-גדרון,קילוגרמים,1.00,"ק""ג",true,,39.90,39.9000,true,1,12231
94274,true,חצי בגט גדרון א.ק,גדרון,IL,חצי בגט גדרון א.ק,לא מנהל יחידת מידה,0.00,לא מנהל יחידת מידה,false,1,3.90,0.0000,true,1,14404
96018,true,שנייק קינמון מחיר לק,"גידרון תעשיות בע""מ",,שנייק קינמון מחיר לקג-גדרון,קילוגרמים,1.00,"ק""ג",true,,39.90,39.9000,true,1,12234
99248,true,בורקס גבינה,"גידרון תעשיות בע""מ",,בורקס גבינה מחיר לקג גידרון,קילוגרמים,1.00,"ק""ג",true,,39.90,39.9000,true,1,12240
99255,true,בורקס תפוא,"גידרון תעשיות בע""מ",,בורקס תפוא מחיר לקג -גידרון,קילוגרמים,1.00,"ק""ג",true,,39.90,39.9000,true,1,12241
99385,true,גביניות,"גידרון תעשיות בע""מ",,גביניות מחיר לקג-גידרון,קילוגרמים,1.00,"ק""ג",true,,39.90,39.9000,true,1,12243
99415,true,רוגלך,"גידרון תעשיות בע""מ",,רוגלך מחיר לקג-גידרון,קילוגרמים,1.00,"ק""ג",true,,39.90,39.9000,true,1,12245
99439,true,"קוראסון קטן מחיר לק""","גידרון תעשיות בע""מ",,קוראסון קטן מחיר לקג-גידרון,קילוגרמים,1.00,"ק""ג",true,,39.90,39.9000,true,1,12246
99477,true,ק.ביס שוקולד,"גידרון תעשיות בע""מ",,ק.ביס שוקולד מחיר לקג-גידרון,קילוגרמים,1.00,"ק""ג",true,,39.90,39.9000,true,1,12247
99927,true,בורקס בולגרי,"גידרון תעשיות בע""מ",,בורקס בולגרי מחיר לקג-גידרון,קילוגרמים,1.00,"ק""ג",true,,39.90,39.9000,true,1,12249
453781,true,שמרים יבשים 125 גרם,ללמנ איבריה,PT,שמרית שמרים יבשים 125 גרם,גרמים,125.00,100 גרם,false,1,6.90,5.5200,true,1,123277
662213,true,נתח פילה סלמון קפוא,תנובה,IL,נתח פילה סלמון קפוא בוואקום לקג,קילוגרמים,1.00,"ק""ג",true,,114.00,114.0000,true,1,123158
1922231,true,כדורי פלאפל טופ שף,משק ויילר,IL,כדורי פלאפל טופ שף 700גרם,גרמים,700.00,100 גרם,false,1,16.90,2.4143,true,1,144713
2128410,true,נרות שבת אורה מספר 6,מנורה,IL,נרות שבת אורה מספר 6,יחידה,1.00,יחידה,false,1,3.90,3.9000,true,1,145334
2317678,true,זיתים נטולי גלעין מו,מוטולה,IL,זיתים נטולי גלעין מוטולה 265גרם צנצנת,גרמים,265.00,100 גרם,false,1,9.90,3.7358,true,1,145310
3521180,true,סרקל שמפו + מרכך500,הדקלאים אגודת שיתופי,IL,סרקל שמפו+מעצב 500 מל,מיליליטרים,500.00,"100 מ""ל",false,1,15.90,3.1800,true,1,124209
4199074,true,פלסטרים 50 יח,הדקלאים אגודת שיתופי,CN,סאני פלסטר 50 פלסטרים בגדלים שונים סטריליים,Unknown,0.00,Unknown,false,1,5.90,0.0000,true,1,134891
6256775,true,יין גאטו נגרו מלבק 7,פינקל פודס,AR,יין גאטו נגרו מלבק 750 מל,מיליליטרים,750.00,"100 מ""ל",false,1,36.90,4.9200,true,1,32005
6496294,true,רכז רימונים משקד 35,משקד,IL,רכז רימונים משקד 350גרם,גרמים,350.00,100 גרם,false,1,16.90,4.8286,true,1,122921
30107014,false,נייר גלגול גדול +פיל,,,נייר גלגול גדול +פילטר בודד,יחידה,1.00,יחידה,false,1,10.00,10.0000,true,1,100589
30112902,false,נייר גלגול קטן+פילטר,,,נייר גלגול קטן+פילטר בודד,יחידה,1.00,יחידה,false,1,8.90,8.9000,false,1,106644
30112919,false,נ.ג. בינוני+פילטר בו,,,נ.ג. בינוני+פילטר בודד,Unknown,0.00,Unknown,false,1,10.00,0.0000,false,1,100593
40084077,false,קינדר מקסי,קדבורי,DE,קינדר מקסי,יחידה,1.00,יחידה,false,1,3.50,3.5000,true,1,113461
40084107,false,ביצת הפתעה קינדר בוד,פררו,IT,ביצת הפתעה - עשיר בחלב,גרמים,20.00,100 גרם,false,1,6.00,30.0000,true,1,13333
42138105,false,סיגריות וינסטון סלימ,גיי טי אינטרנשיונל,,סיגריות וינסטון סלימס כחול חפיסה בודד,לא מנהל יחידת מידה,0.00,לא מנהל יחידת מידה,false,1,34.30,0.0000,false,1,57026
72986370,false,"גלידה וניל 500 מ""ל",המאפיה של הרמן,IL,פיינט וניל FT,מיליליטרים,500.00,"100 מ""ל",false,1,23.90,4.7800,true,1,9156
72986448,false,גלידה טופי קראנץ 500,המאפיה של הרמן,IL,גלידת וניל עם חתיכות טופי מצופות שוקולד,מיליליטרים,500.00,"100 מ""ל",false,1,23.90,4.7800,true,1,9158
72986455,false,גלידה ניו יורק סופר,המאפיה של הרמן,IL,פיינט ניו-יורק סופר FT,מיליליטרים,500.00,"100 מ""ל",false,1,23.90,4.7800,true,1,9159
72986479,false,גלידה צינקי מונקי 50,המאפיה של הרמן,IL,פיינט צאנקי מנקי FT,מיליליטרים,500.00,"100 מ""ל",false,1,23.90,4.7800,true,1,9160
72989425,false,גלידה שוקולד בראוניס,המאפיה של הרמן,IL,"גלידה שוקולד בראוניס 500 מ""ל",מיליליטרים,500.00,"100 מ""ל",false,1,23.90,4.7800,true,1,21394
72991374,false,סיגריות טיים רד חפיס,דובק,,סיגריות טיים רד חפיסה בודד,Unknown,0.00,Unknown,false,1,30.60,0.0000,false,1,9163
72991497,false,סיגריות נובלס פילטר,דובק,,סיגריות נובלס פילטר חפיסה בודד,יחידה,0.00,יחידה,false,1,30.60,0.0000,false,1,9174
72993637,false,דני שוקולד מהדרין,מחלבת אחיהוד,IL,דני שוקולד,גרמים,125.00,100 גרם,false,1,2.90,2.3200,true,1,47757
72994061,false,חטיף פסק זמן 2GOOD מ,אף.סי תבליני בגליל ב,TR,פסק זמן 2GOOD,גרמים,36.00,100 גרם,false,1,5.90,16.3889,true,1,72244
80001287,false,חטיף גרדנה אגוז,לואקר,AT,חטיף גרדנה אגוז 38 גרם,גרמים,38.00,100 גרם,false,1,4.50,11.8421,true,1,9501
80050025,false,סוכריות טיק טק תפוז,פררו,ZA,דחוסות בטעם תפוז,גרמים,16.00,100 גרם,false,1,4.50,28.1250,true,1,9700
80050124,false,סוכריות טיק טק מנטה,פררו,ZA,טיק טק מנטה,גרמים,16.00,100 גרם,false,1,4.50,28.1250,true,1,9701
80052760,false,חטיף וופל קינדר בואנ,פררו,PL,קינדר בואנו,גרמים,43.00,100 גרם,false,1,5.00,11.6279,true,1,9705
80176732,false,קינדר הפי היפו,פררו,DE,"הפי היפו קקאו, וופל במילוי קרם חלבי וקרם קקאו",גרמים,21.00,100 גרם,false,1,3.50,16.6667,true,1,47113
80176800,false,ממרח שוקולד נוטלה 75,פררו תעשיות איטליה ס,IT,ממרח שוקולד נוטלה 750 גרם,גרמים,750.00,100 גרם,false,1,27.90,3.7200,true,1,9767
80177173,false,ממרח שוקולד נוטלה,פררו,IT,ממרח שוקולד נוטלה אגוזים 350 גרם,גרמים,350.00,100 גרם,false,1,15.90,4.5429,true,1,9768
80177180,false,שוקולד קינדר קאנטרי,פררו,IT,שוקולד קינדר קאנטרי 23.5 גרם,גרמים,24.00,100 גרם,false,1,3.50,14.5833,true,1,74648
80177609,false,שוקולד קינדר אצבעות,פררו,IT,שוקולד חלב עם תכולת חלב גבוהה במילוי קרם חלבי,גרמים,50.00,100 גרם,false,1,5.90,11.8000,true,1,9769
80177616,false,שוקולד חלב ממולא קינ,פררו,IT,שוקולד חלב עם תכולת חלב גבוהה במילוי קרם חלבי,גרמים,100.00,100 גרם,false,1,9.50,9.5000,true,1,9770
80273561,false,פלפל שחור במטחנה 45,DROGHERIA E ALIMENTA,,פלפל שחור במטחנה 45 גרם,גרמים,45.00,100 גרם,false,1,12.90,28.6667,true,1,9808
80273592,false,פלפל 4 העונות במטחנה,DROGHERIA E ALIMENTA,,פלפל 4 העונות במטחנה 35 גרם,גרמים,35.00,100 גרם,false,1,12.90,36.8571,true,1,9810
80273639,false,מלח ים במטחנה 90 גרם,DROGHERIA E ALIMENTA,,מלח ים במטחנה 90 גרם,גרמים,90.00,100 גרם,false,1,12.90,14.3333,true,1,9812
80273660,false,שום במטחנה 50 גרם,DROGHERIA E ALIMENTA,,שום במטחנה 50 גרם,גרמים,50.00,100 גרם,false,1,12.90,25.8000,true,1,9815
80273677,false,"צ""ילי במטחנה 20 גרם",DROGHERIA E ALIMENTA,,"צ""ילי במטחנה 20 גרם",גרמים,20.00,100 גרם,false,1,12.90,64.5000,true,1,9816
80310891,false,"ביצת קינדר ג""וי",פררו,ZA,"ביצת קינדר ג""וי 20 גרם",גרמים,20.00,100 גרם,false,1,6.00,30.0000,true,1,145248
80650874,false,תיבול גורמה שום,דרוגריה ואלימנטרי אס,,תיבול גורמה שום ופטרוזיליה,מיליליטרים,80.00,"100 מ""ל",false,1,12.90,16.1250,true,1,9860
80650881,false,תיבול גורמה בזיליקום,דרוגריה ואלימנטרי אס,,תיבול גורמה בזיליקום ים תיכוני,מיליליטרים,80.00,"100 מ""ל",false,1,12.90,16.1250,true,1,9861
80651000,false,"שום וצ""ילי במטחנה 30",DROGHERIA E ALIMENTA,,"שום וצ""ילי במטחנה 30 גרם",גרמים,30.00,100 גרם,false,1,12.90,43.0000,true,1,9865
80761761,false,חטיף וופל קינדר בואנ,פררו,PL,חטיף וופל קינדר בואנו שוקולד לבן 39 גרם,גרמים,39.00,100 גרם,false,1,5.00,12.8205,true,1,75932
80773429,false,מסטיק מנטוס פיור פרש,פרפטי ואן מלה ברדה,TR,מסטיק מנטוס פיור פרש בטעם תות מעוגל,גרמים,60.00,100 גרם,false,1,9.90,16.5000,true,1,120135
80776307,false,מסטיק מנטוס פירות,,TR,מנטוס - גומי לעיסה ללא סוכר בטעם פירות מנטה,לא מנהל יחידת מידה,0.00,לא מנהל יחידת מידה,false,1,19.90,0.0000,true,1,123587
80780595,false,מנטוס ביג מעוגל מנטה,הרשי,TR,מנטוס - גומי לעיסה ללא סוכר בטעם מנטה עדינה,לא מנהל יחידת מידה,0.00,לא מנהל יחידת מידה,false,1,19.90,0.0000,true,1,121528
80790990,false,מסטיק מנטוס מנטה עדי,פרפטי ואן מלה ברדה,TR,מסטיק מנטוס מנטה עדינה בקבוק מעוגל 60 גר,גרמים,60.00,100 גרם,false,1,9.90,16.5000,true,1,118401
80794233,true,מנטוס ביג מעוגל מנטה,,TR,מנטוס - גומי לעיסה ללא סוכר בטעם מנטה,לא מנהל יחידת מידה,0.00,לא מנהל יחידת מידה,false,1,19.90,0.0000,true,1,121527
80843184,false,מסטיק בקבוקון פיור ע,פרפטי ואן מלה,TR,מסטיק בקבוקון פיור ענבים 60 גרם,גרמים,60.00,100 גרם,false,1,9.90,16.5000,true,1,140747
80854753,false,סוכרית מנטוס מנטה לל,קדבורי,NL,סוכרית מנטוס מנטה ללא סוכר,לא מנהל יחידת מידה,0.00,לא מנהל יחידת מידה,false,1,6.90,0.0000,true,1,130160
80864295,false,מסטיק בקבקון מ.עדינה,פרפטי ואן מלה,TR,מסטיק בקבקון מ.עדינה pure white 60 גרם,גרמים,60.00,100 גרם,false,1,9.90,16.5000,true,1,141115
80874652,false,קינדר קארדס 25.6 גרם,פררו,IT,קינדר קארדס 25.6 גרם,גרמים,26.00,100 גרם,false,1,4.90,18.8462,true,1,144950
80896081,false,מסטיק מנטוס פיור פרש,פרפטי ואן מלה ברדה,TR,מנטוס גומי לעיסה ללא סוכר בטעם אבטיח,גרמים,60.00,100 גרם,false,1,9.90,16.5000,true,1,120136
80913467,false,מסטיק מנטוס מנטה בקב,"אינסטנטה בע""מ",TR,mentos - pure fresh,גרמים,60.00,100 גרם,false,1,9.90,16.5000,true,1,118403
80945468,false,מסטיק בקבקון מ.מתוקה,פרפטי ואן מלה,TR,מסטיק בקבקון מ.מתוקה pure white 60 גרם,גרמים,60.00,100 גרם,false,1,9.90,16.5000,true,1,141116
80974215,true,מנטוס ביג מעוגל תות,,TR,מנטוס גומי לעיסה ללא סוכר בטעם תות שדה,לא מנהל יחידת מידה,0.00,לא מנהל יחידת מידה,false,1,19.90,0.0000,true,1,123602
80974482,false,ביצת קינדר גוי כחול,פררו,ZA,קינדר ג'וי כחול,גרמים,20.00,100 גרם,false,1,6.00,30.0000,true,1,98862
80979128,false,מסטיק בקבוקון פיור ד,פרפטי ואן מלה,TR,מסטיק בקבוקון פיור דובדובן 60 גרם,גרמים,60.00,100 גרם,false,1,9.90,16.5000,true,1,140748
80982470,false,מסטיק מנטוס פיור מנט,פרפטי ואן מלה ברדה,TR,מסטיק מנטוס פיור מנטה חזקה 60 ג,גרמים,60.00,100 גרם,false,1,9.90,16.5000,true,1,133588
80986348,false,מסטיק בקבקון מנטה pu,פרפטי ואן מלה,TR,מסטיק בקבקון מנטה pure white 60 גרם,גרמים,60.00,100 גרם,false,1,9.90,16.5000,true,1,141117
85939868,false,נייר קצר ללא פילטר,,,נייר קצר ללא פילטר,יחידה,0.00,יחידה,false,1,3.00,0.0000,true,1,93959
85942677,false,נייר קצר כולל פילטר,,,נייר קצר כולל פילטר,Unknown,0.00,Unknown,false,1,6.00,0.0000,false,1,86391
85942707,false,נייר קצר עבה,,,נייר קצר עבה,Unknown,0.00,Unknown,false,1,3.00,0.0000,false,1,106201
85951730,false,120 פילטרים SLIM PAR,,,120 פילטרים SLIM PARTY,Unknown,0.00,Unknown,false,1,6.50,0.0000,false,1,80321
85967069,false,נייר גלגול גדול כולל,,,נייר גלגול גדול כולל פילטר חום,יחידה,1.00,יחידה,false,1,8.00,8.0000,false,1,126965
85967076,false,נייר בינוני כולל פיל,,,נייר בינוני כולל פיל,יחידה,1.00,יחידה,false,1,7.00,7.0000,true,1,128933
87108538,false,סוכריות מנטוס תות גל,הדקלאים אגודת שיתופי,NL,מנטוס תות 40 גלילים,גרמים,38.00,100 גרם,false,1,3.90,10.2632,true,1,41854
87311396,false,סוכריות מנטוס ריינבא,קדבורי,NL,מנטוס ריינבאוו סוכריות לעיסה בטעמי פירות 37.5 גרם,גרמים,38.00,100 גרם,false,1,3.90,10.2632,true,1,86833
90162602,false,משקה אנרגיה רד בול,רד בול ג'י.אם.בי. אץ,AT,"משקה אנרגיה רד בול 250 מ""ל",מיליליטרים,250.00,"100 מ""ל",false,1,8.00,3.2000,true,1,42148
90162800,false,משקה אנרגיה רד בול,רד בול ג'י.אם.בי. אץ,AT,רד בול,מיליליטרים,250.00,"100 מ""ל",false,1,8.00,3.2000,true,1,42149
90446269,false,רד בול אבטיח 250 מל,ראון פרוכטסאפה,AT,רד בול אבטיח 250 מל,מיליליטרים,250.00,"100 מ""ל",false,1,8.00,3.2000,true,1,133852
90448867,false,רד בול ללא פחמימות פ,רד בול,AT,רד בול ללא פחמימות פחית 250 מל,מיליליטרים,250.00,"100 מ""ל",false,1,8.00,3.2000,true,1,143139
96198117,false,‏פישרמנס‏ ‏ספירמינט‏,,GB,‏פישרמנס‏ ‏ספירמינט‏ ‏ללא‏ ‏סוכר,גרמים,25.00,100 גרם,false,1,9.90,39.6000,true,1,141306
96198162,false,פישרמנס‏ ‏מנטה‏ ‏ללא,,GB,פישרמנס‏ ‏מנטה‏ ‏ללא סוכר ‏-‏ירוק‏ ‏לבן,גרמים,25.00,100 גרם,false,1,9.90,39.6000,true,1,141305
8421361472,false,בובת TY עיניים גדולו,TY,,בובת TY עיניים גדולות הזהבה,Unknown,0.00,Unknown,false,1,29.90,0.0000,true,1,111592
9800800056,false,נוטלה גו בייגלה מלוח,פררו,DE,נוטלה גו בייגלה מלוח,גרמים,52.00,100 גרם,false,1,6.90,13.2692,true,1,115146
11182700954,false,שעועית שחורה קינג קו,קינג קול,,שעועית שחורה קינג קול 436 גרם,גרמים,436.00,100 גרם,false,1,10.90,2.5000,true,1,76679
16000548596,false,קראנצי מייפל סוכר חו,ג'נרל מילס,,"קראנצ""י מייפל סוכר חום בודד 42 גרם",גרמים,42.00,100 גרם,false,1,4.90,11.6667,true,1,21016
24463061095,false,"סריראצה-רוטב פלפל צ""",הוי פונג פודס,,"סריראצה-רוטב פלפל צ""ילי חריף 435 גר",מיליליטרים,435.00,"100 מ""ל",false,1,28.90,6.6437,true,1,73947
30100545101,false,קיבלר קרקר קלאב צדר,"מאכלי עולם ר.ז. בע""מ",,קיבלר קרקר קלאב צדר כתום 39 גרם,גרמים,39.00,100 גרם,false,1,4.00,10.2564,true,1,98600
31200001597,false,חמוציות מומתקים גת,,,חמוציות מומתקים ומיובשים170 גר,גרמים,170.00,100 גרם,false,1,13.90,8.1765,true,1,15478
34000196173,false,שוקולד קוקיס אנד קרי,הרשי,,שוקולד קוקיס אנד קרים 120 גרם,גרמים,120.00,100 גרם,false,1,9.90,8.2500,true,1,115934
34000312177,false,סירופ שוקולד למאפים,הרשי,,סירופ שוקולד למאפים קינוחים,גרמים,680.00,100 גרם,false,1,20.90,3.0735,true,1,96164
34000442652,false,שוקולד ממולא קרם בוט,הרשי,,שוקולד ממולא קרם בוטנים 121 גרם,גרמים,121.00,100 גרם,false,1,9.90,8.1818,true,1,121686
34000446001,false,חטיפי שוקולד חלב,הרשי,,חטיפי שוקולד חלב במילוי 150 גר,גרמים,150.00,100 גרם,false,1,10.90,7.2667,true,1,96205
34000470228,false,שוקולד חלב מיני ריזס,הרשי,,שוקולד חלב מיני ריזס 70 גרם,גרמים,70.00,100 גרם,false,1,6.90,9.8571,true,1,95767
34000544028,false,טוויזלרס ממתק בטעם,הרשי,,טוויזלרס ממתק בטעם תות 198 גרם,גרמים,198.00,100 גרם,false,1,8.90,4.4949,true,1,22270
36000516876,false,קלינקס לושן 75 - 3 ש,קימברלי,GB,קלינקס לושן 75 - 3 שכבות,יחידה,27.00,יחידה,false,1,12.90,0.4778,true,1,128858
37600207188,false,חמאת בוטנים סקיפי קל,פלזנסקי,US,חמאת בוטנים סקיפי קלאסיק 462 גרם,גרמים,462.00,100 גרם,false,1,20.90,4.5238,true,1,100812
37600207256,false,חמאת בוטנים סקיפי בו,פלזנסקי,US,חמאת בוטנים סקיפי עם שברי בוטנים 462 גרם,גרמים,462.00,100 גרם,false,1,24.90,5.3896,true,1,100936
38000138607,false,פרינגלס חומץ מלח 158,מנופקצורי קטמפני,US,פרינגלס חומץ מלח 158 גרם,גרמים,158.00,100 גרם,false,1,9.90,6.2658,true,1,126695
38000138638,false,פרינגלס פיצה 158 גרם,לני אנד לארי,US,פרינגלס פיצה 158 גרם,גרמים,158.00,100 גרם,false,1,9.90,6.2658,true,1,115878
38000138720,false,פרינגלס ראנץ 158 גרם,פרינגלס מניופקצ'ורינ,US,פרינגלס ראנץ 158 גרם,גרמים,158.00,100 גרם,false,1,9.90,6.2658,true,1,122814
38000138874,false,פרינגלס חלפיניו 158,לני אנד לארי,US,פרינגלס פלפל חריף חלפיניו 158 גרם,גרמים,158.00,100 גרם,false,1,9.90,6.2658,true,1,115877
38000183690,true,פרינגלס ברביקיו מידי,פרינגלס מניופקצ'ורינ,US,פרינגלס ברביקיו מידי חלבי 74 גרם,גרמים,74.00,100 גרם,false,1,5.90,7.9730,true,1,123793
38000202278,false,פרינגלס גלי אורגינל,פרינגלס מניופקצ'ורינ,US,פרינגלס גלי אורגינל 130 גרם,גרמים,130.00,100 גרם,false,1,9.90,7.6154,true,1,131699
38000232169,false,פרינגלס מידי אורגינל,פרינגלס מניופקצ'ורינ,US,פרינגלס מידי אורגינל 67גרם,גרמים,67.00,100 גרם,false,1,5.90,8.8060,true,1,129224
38000232176,false,פרינגלס שמנת בצל 158,פרינגלס מניופקצ'ורינ,US,פרינגלס שמנת בצל 158גרם,גרמים,158.00,100 גרם,false,1,9.90,6.2658,true,1,129222
38000845253,false,פרינגלס מידי שמנת בצ,פרינגלס מנופקצורינג,US,פרינגלס מידי שמנת בצל 71 גרם,גרמים,71.00,100 גרם,false,1,5.90,8.3099,true,1,123791
38527591053,false,דגני קוואקר מרובעים,BEVERAGES FOODS & SE,,דגני קוואקר מרובעים קינמון 411 גרם,גרמים,411.00,100 גרם,false,1,21.90,5.3285,true,1,82065
38527591060,false,דגני קוואקר מרובעים,BEVERAGES FOODS & SE,,דגני קוואקר מרובעים סוכר חום 411 גרם,גרמים,411.00,100 גרם,false,1,21.90,5.3285,true,1,82674
40000514480,false,סוכריות M&M בטעם שוק,מרס נדרלנד,,סוכריות M&M בטעם שוקולד 48 גרם,גרמים,48.00,100 גרם,false,1,5.80,12.0833,true,1,114999
40000514510,false,סוכריות שוקולד M&M,מרס נדרלנד,,סוכריות שוקולד M&M בוטנים 49 גרם,גרמים,49.00,100 גרם,false,1,5.80,11.8367,true,1,114713
41224468108,false,עגבניות מיובשות בשמן,סיגס גיטה,,עגבניות מיובשות בשמן זית 283 גרם,גרמים,283.00,100 גרם,false,1,22.90,8.0919,true,1,55996
44600300580,false,כלורקס קלין אפ פרש 9,כלורוקס אוקלנד,US,כלורקס קלין אפ פרש 946 מל,מיליליטרים,946.00,"100 מ""ל",false,1,19.90,2.1036,true,1,133657
47997130204,false,תערובת תיבול לסלמון,מגיק סיזנינג בלנד,US,תערובת תיבול לסלמון 198 גר,גרמים,198.00,100 גרם,false,1,22.90,11.5657,true,1,113539
50000100347,false,פריסקיז מעדני החתול,פורינה,US,פריסקיז מעדני החתול מועשר בחלב 1.4קג,קילוגרמים,1.40,"ק""ג",false,1,35.90,25.6429,true,1,30365
50000397587,false,נסטלה אבקת שוקו חלב,נסטלה,US,נסטלה אבקת שוקו חלב 121 גרם,גרמים,121.00,100 גרם,false,1,20.90,17.2727,true,1,124502
51500255162,false,JIF חמאת בוטנים 454,ג'י.אס.קיי קונסיומר,US,JIF חמאת בוטנים 454 גרם,גרמים,454.00,100 גרם,false,1,17.90,3.9427,true,1,140711
52100002460,false,תערובת תיבול לעוף וד,מקרומיק,US,תערובת תיבול לעוף ודג 77 גרם,גרמים,77.00,100 גרם,false,1,19.90,25.8442,true,1,123719
52100040806,false,מקורמיק תערובת שום ב,מקורמיק,US,"מקורמיק תערובת שום בצל פלפל שחור ומלח ים, 120 גרם",גרמים,120.00,100 גרם,false,1,25.90,21.5833,true,1,142974
52100041155,false,מקורמיק תערובת מלח ה,מקורמיק,US,"מקורמיק תערובת מלח הימלאיה ורוד פלפל שחור ושום, 18",גרמים,184.00,100 גרם,false,1,25.90,14.0761,true,1,142973
55369902342,false,רסק תפוחי עץ אפלסנק,לייהי אורצרדס,CA,רסק תפוחי עץ אפלסנקס 680 גרם,גרמים,680.00,100 גרם,false,1,14.90,2.1912,true,1,93098
55369902564,false,מחית תפוחי עץ ללא סו,ליייהי אורצ'רדס,,מחית תפוחי עץ ללא סוכר אפלסנקס רביעייה,גרמים,113.00,100 גרם,false,1,14.90,13.1858,true,1,58618
55369903295,false,רסק תפוחי עץ ללא תוס,לייהי אורצרדס,CA,רסק תפוחי עץ ללא תוספת סוכר אפלסנקס 652,גרמים,452.00,100 גרם,false,1,14.90,3.2965,true,1,116604
72600062306,false,חטיף גבינה הר 198 גר,הר פודס,,חטיף גבינה הר 198 גרם,גרמים,198.00,100 גרם,false,1,26.90,13.5859,true,1,98838
76840100583,false,גלידה בצק עוגיות 473,מוצרי איכות אמריקאיי,,"גלידה בצק עוגיות 473 מ""ל",מיליליטרים,473.00,"100 מ""ל",false,1,23.90,5.0529,true,1,69178
77245110610,false,סוכריות מאסט מנטה לל,MIESZKO S.A - MS. JO,,סוכריות מאסט מנטה ללא סוכר 80 גרם,גרמים,80.00,100 גרם,false,1,8.90,11.1250,true,1,14248
77343000233,false,נרות חימום אורה 50,מנורה,IL,נרות חימום אורה 50,יחידה,1.00,יחידה,false,1,12.90,12.9000,true,1,114424
77975036976,false,מטבל עגבניות בחריפות,סניידרס,,מטבל עגבניות בחריפות מעודנת 439 גרם,גרמים,439.00,100 גרם,false,1,16.90,3.8497,true,1,116485
77975088234,false,בייגלה סניידרס חלפינ,סניידרס,,בייגלה סניידרס חלפיניו 340 גרם,גרמים,340.00,100 גרם,false,1,17.90,5.2647,true,1,83392
77975091975,false,סניידרס סנדוויץ בייג,סניידרס,US,סניידרס סנדוויץ בייגלה במילוי קרם בטעם,יחידה,1.00,יחידה,false,1,17.90,17.9000,true,1,128258
77975094631,false,בייגלה סניידרס סנדבי,סיינדרס,,"בייגלה סניידרס סנדביץ גבינה צ""דר 226 גרם",גרמים,226.00,100 גרם,false,1,17.90,7.9204,true,1,131471
77975094761,false,סניידרס בטעם צדר 340,סניידרס,US,סניידרס בטעם צדר 340 גרם,גרמים,340.00,100 גרם,false,1,17.90,5.2647,true,1,133514
77975094778,false,סניידרס דבש חרדל ובצ,סניידרס,US,סניידרס דבש חרדל ובצל 340 גרם,גרמים,340.00,100 גרם,false,1,17.90,5.2647,true,1,133838
80518532743,false,שקית בלון 50 בלונים,NORTHERN,,שקית בלון 50 בלונים,מיליליטרים,0.00,"100 מ""ל",false,1,15.90,0.0000,true,1,9830
613008742348,false,אריזונה גנסנג ודבש ב,"נטורלה גטרנק בע""מ",DE,אריזונה גנסנג ודבש בקבוק 1 ליטר,ליטרים,1.00,ליטר,false,1,12.90,12.9000,true,1,130450
613008742409,false,אריזונה אפרסק בקבוק,"נטורלה גטרנק בע""מ",DE,אריזונה אפרסק בקבוק 1 ליטר,ליטרים,1.00,ליטר,false,1,12.90,12.9000,true,1,130449
613008753290,false,אריזונה אפרסק 450 מל,לני אנד לארי,BG,אריזונה אפרסק 450 מל,מיליליטרים,450.00,"100 מ""ל",false,1,8.50,1.8889,true,1,125551
613008755461,false,אריזונה אוכמניות בקב,"נטורלה גטרנק בע""מ",DE,אריזונה אוכמניות בקבוק 1 ליטר,ליטרים,1.00,ליטר,false,1,12.90,12.9000,true,1,130448
628154383659,false,POST דגני פרוטי פבלס,PO קוד יצרן,PL,POST דגני פרוטי פבלס בטעם פירות 311 גרם,גרמים,311.00,100 גרם,false,1,23.90,7.6849,true,1,143797
644209405923,false,דנקן היינס ציפוי מוק,רוזקםבייקינג קומפני,US,דנקן היינס ציפוי מוקצף וניל 397 גרם,גרמים,397.00,100 גרם,false,1,19.90,5.0126,true,1,124503
644209405930,false,דנקן היינס ציפוי מוק,רוזקםבייקינג קומפני,US,דנקן היינס ציפוי מוקצף שוקולד 397 גרם,גרמים,397.00,100 גרם,false,1,19.90,5.0126,true,1,124504
649870166166,false,נייטיב פטה עוף לחתול,נייטיב,TH,נייטיב פטה עוף לחתול בוגר 85 גרם,גרמים,85.00,100 גרם,false,1,4.90,5.7647,true,1,144381
649870166173,false,נייטיב פטה ברווז לחת,נייטיב,TH,נייטיב פטה ברווז לחתול 85 גרם,גרמים,85.00,100 גרם,false,1,4.90,5.7647,true,1,144382
651080647519,false,קיסמים לשיניים פלאקר,המאפיה של הרמן,US,פלאקרס פלוסר חוט דנטלי ירוק -מנטה,יחידה,1.00,יחידה,false,1,11.90,11.9000,true,1,117452
693493010818,false,נאצוס בטעם טבעי 200,או. קיי סניקס,DK,נאצוס בטעם טבעי 200 גרם,גרמים,200.00,100 גרם,false,1,13.90,6.9500,true,1,144109
693493102575,true,שרי ארוז יחידות 450,חקלאי,IL,שרי ארוז יחידות 450 גרם,גרמים,450.00,100 גרם,false,1,9.90,2.2000,true,1,131627
753656701271,false,תינק בטעם בראוניס 60,תינק,US,תינק בטעם בראוניס 60 גרם,גרמים,60.00,100 גרם,false,1,17.90,29.8333,true,1,132591
753656709215,false,תינק בטעם שמנת עוגיו,תינק,US,תינק בטעם שמנת עוגיות 60 גרם,גרמים,60.00,100 גרם,false,1,17.90,29.8333,true,1,132592
769904000997,false,שקדי מרק ללא גלוטן 2,משובח תעשיות בעמ,IL,שקדי מרק,גרמים,200.00,100 גרם,false,1,15.90,7.9500,true,1,74622
835811005513,false,כוסות ויסקי 10 יח,,,כוסות ויסקי 10 יח,לא מנהל יחידת מידה,0.00,לא מנהל יחידת מידה,false,1,9.90,0.0000,true,1,108618
835811005933,false,תבנית אלומיניום ענק,ווינפאק,,תבנית אלומיניום ענק 5 יחידות,לא מנהל יחידת מידה,0.00,לא מנהל יחידת מידה,false,1,12.90,0.0000,true,1,90035
835811005957,false,מגש הכסף תבנית אלומ`,כלורוקס אוקלנד,IL,"הנמל תבנית אלומניום מלבנית, 8 יחידות",לא מנהל יחידת מידה,0.00,לא מנהל יחידת מידה,false,1,11.90,0.0000,true,1,88426
835811005964,false,תבנית אלומיניום אינג,ווינפאק,,תבנית אלומיניום אינגליש 20 יחידות,לא מנהל יחידת מידה,0.00,לא מנהל יחידת מידה,false,1,12.90,0.0000,true,1,88073
835811006060,false,כוסות נייר אספרסו 50,אכיף,,כוסות נייר אספרסו 50 יח,Unknown,0.00,Unknown,false,1,7.90,0.0000,true,1,87221
835811007562,false,תבנית קרטון אינגליש,"תעשיות רישתון בע""מ",,תבנית קרטון אינגליש קייק 6 יחידות,לא מנהל יחידת מידה,0.00,לא מנהל יחידת מידה,false,1,10.90,0.0000,true,1,23228
839762000641,false,נקטר איילנד מנגו 1 ל,פארייפאבה אגרואינדוס,EG,איילנד מנגו 1 ליטר,ליטרים,1.00,ליטר,false,1,11.50,11.5000,true,1,21076
839762000658,false,נקטר איילנד גויאבה 1,The Egyptian Co. for,EG,איילנד גויאבה המשקה של חופי סיני 1 ליטר,ליטרים,1.00,ליטר,false,1,11.50,11.5000,true,1,20560
842387000736,false,מטען רכב לגלקסי פרמי,,,מטען רכב לגלקסי פרמיום 2A,יחידה,1.00,יחידה,false,1,39.90,39.9000,true,1,128325
850004207789,false,מיטבולס ביונד מיט 29,תאי פרזידנט פוד פאבל,US,מיטבולס ביונד מיט 290 גרם,גרמים,290.00,100 גרם,false,1,39.90,13.7586,true,1,140647
852629004774,false,רביעיית נקניקיות ביו,תאי פרזידנט פוד פאבל,US,רביעיית נקניקיות ביונד מיט4000 גרם,גרמים,400.00,100 גרם,false,1,44.90,11.2250,true,1,140645
853152100414,false,פרו בר בטעם בצק עוגי,פרובאר,US,פרו בר בטעם בצק עוגיות 70 גרם,גרמים,70.00,100 גרם,false,1,17.90,25.5714,true,1,132593
853152120344,false,פרו בר בטעם שוקולד,פרובאר,US,פרו בר בטעם שוקולד 70 גרם,גרמים,70.00,100 גרם,false,1,17.90,25.5714,true,1,132594
856591000062,false,עוגיות מזרחיות עבאדי,מאפיית יוסף ושמחה עב,IL,מזרח. מלח 400ג 856591000062,גרמים,400.00,100 גרם,false,1,19.90,4.9750,true,1,22258
859547004329,false,ספוג סקראב דדי,סקארקיסט,US,ספוג סקראב דדי,יחידה,1.00,יחידה,false,1,16.90,16.9000,true,1,143306
859547004466,false,סקראב מאמי ספוג ניקו,סקארקיסט,US,סקראב מאמי ספוג ניקוי דו צדדי,יחידה,1.00,יחידה,false,1,16.90,16.9000,true,1,143307
884912002372,false,דגני פוסט סלקט קרנבר,post consumer brands,US,דגני פוסט סלקט קרנברי 396 גרם,גרמים,396.00,100 גרם,false,1,27.90,7.0455,true,1,101228
884912102102,false,דגני גרייט גריינס או,הנסיך- מפעל לייצור ט,US,דגני בוקר עם שקדים ואוכמניות,גרמים,382.00,100 גרם,false,1,27.90,7.3037,true,1,135177
884912116505,false,דגני פוסט גרייט גריי,post consumer brands,US,דגני פוסט גרייט גריינס בננה נאט 439 גרם,גרמים,439.00,100 גרם,false,1,27.90,6.3554,true,1,114705
884912117625,false,דגני פוסט גולדן קריס,הנסיך- מפעל לייצור ט,US,חטיף חיטה ממותק,גרמים,418.00,100 גרם,false,1,22.90,5.4785,true,1,138443
884912126115,false,דגני פוסט גרייט גריי,הנסיך- מפעל לייצור ט,US,דגני פוסט גרייט גריינס צימוקים 453 גרם,גרמים,453.00,100 גרם,false,1,27.90,6.1589,true,1,71594
884912359421,false,דגני פוסט האני באנצ,post consumer brands,US,דגני פוסט האני באנצ פקאן 411 גרם,גרמים,411.00,100 גרם,false,1,22.90,5.5718,true,1,143219
884912365200,false,דגני בוקר אוראו 311ג,פוסט,US,דגני בוקר אוראו 311גרם,גרמים,311.00,100 גרם,false,1,22.90,7.3633,true,1,145155
1230000068314,false,בשר טחון ביונד מיט 3,זנברגן וורלד פינסט מ,NL,בשר טחון ביונד מיט 300 גרם,גרמים,300.00,100 גרם,false,1,34.90,11.6333,true,1,140644
1230000116022,false,המבורגר ביונד מיט ז,ביונד מיט קליפורניה,US,המבורגר ביונד מיט זוג 226גרם,גרמים,226.00,100 גרם,false,1,34.90,15.4425,true,1,143238
3014260201753,false,סכיני גילוח גילט בלו,קדבורי,PL,ג'ילט סכיני בלו 2 חמישייה,קילוגרמים,100.00,"ק""ג",false,1,11.90,0.1190,true,1,12981
3014260214692,false,גל גילוח גילט סירייס,ג'ילט,GB,גל גילוח גילט סירייס לעור רגיש ירוק 200,מיליליטרים,20000.00,"100 מ""ל",false,1,13.90,0.0695,true,1,38346
3014260287030,false,סכיני גילוח חד פעמי,פרוטקר אנד גמבל,MD,סכיני גילוח חד פעמי גילט 5 יחידות,לא מנהל יחידת מידה,0.00,לא מנהל יחידת מידה,false,1,7.90,0.0000,true,1,38073
3014260289287,false,סכיני גילוח בלו 2 לנ,קדבורי,RU,ג'ילט סכיני בלו 2 לנשים חמישייה,יחידה,1.00,יחידה,false,1,14.90,14.9000,true,1,78777
3059943015128,false,אירוויק ספריי לבנדר,רקיט בנקיזר,PL,"מבשם אוויר איירוויק נטול גז בניחוח לבנדר 345 מ""ל",מיליליטרים,345.00,"100 מ""ל",false,1,14.90,4.3188,true,1,62007
3073781161663,false,גבינת לבש קירי כשר12,בל,FR,גבינת לבש קירי כשר128 גר,גרמים,128.00,100 גרם,false,1,13.90,10.8594,true,1,134513
3073781162790,false,גבינת בייבי בל אדום,מחלבות בל,FR,גבינת בייבי בל אדום 120 גרם,גרמים,120.00,100 גרם,false,1,22.90,19.0833,true,1,142780
3141360054405,false,פיניש ציטרופרש ריח ל,רקיט בנקיזר,HU,מפיץ ריח למדיח לימון פיניש,לא מנהל יחידת מידה,0.00,לא מנהל יחידת מידה,false,1,16.90,0.0000,true,1,123112
3161911393210,false,חמאת אלוויר עם מלח,אלוויר,FR,חמאת אלוויר עם מלח 200גרם,גרמים,200.00,100 גרם,false,1,17.90,8.9500,true,1,142845
3331300097221,false,סטרימר תרסיס להקלה ל,סופיבל,FR,"סטרימר תרסיס להקלה לאף 50 מ""ל",מיליליטרים,50.00,"100 מ""ל",false,1,49.90,99.8000,true,1,128296
3387390525960,false,דגני קראנץ נסטלה 500,הנסיך- מפעל לייצור ט,FR,דגני קראנץ נסטלה 500 גרם,גרמים,500.00,100 גרם,false,1,26.90,5.3800,true,1,50545
3415587149924,false,האגן דאז בראוני מקיא,השחר,FR,האגן דאז בראוני מקיאטו 386 גרם,גרמים,386.00,100 גרם,false,1,22.90,5.9326,true,1,130024
3523230025652,true,בושה עיזים שום 125 ג,השחר,FR,בושה עיזים שום 125 גרם נני,גרמים,125.00,100 גרם,false,1,24.90,19.9200,true,1,125719
3523230026826,false,גבינת עיזים פרימדה ס,השחר,FR,גבינת עיזים פרימדה סואניון 140 גרם,גרמים,140.00,100 גרם,false,1,26.90,19.2143,true,1,125745
3523230026888,false,פירמידה עיזים שום14,אוריאל,FR,גבינת עיזים שום פרימדה סואניון 140 גרם,גרמים,140.00,100 גרם,false,1,26.90,19.2143,true,1,121501
3574660057706,false,גונסון שמן תינוקות 3,גונסון,IT,גונסון שמן תינוקות 300 מל,ליטרים,300.00,ליטר,false,1,12.90,0.0430,true,1,143409
3574660089547,false,טמפוני O.B קלאסי נור,ג'ונסון אנד ג'ונסון,GR,טמפוני O.B קלאסי נורמל 32 יח,יחידה,1.00,יחידה,false,1,24.90,24.9000,true,1,43078
3574660115154,false,טמפוני O.B סופר 32 י,CILAG GMBH INTERNATI,,טמפוני O.B סופר 32 יח,יחידה,1.00,יחידה,false,1,24.90,24.9000,true,1,43080
3574660239829,false,ניטרוגינה קרם ידיים,CILAG GMBH INTERNATI,,"ניטרוגינה קרם ידיים 75 מ""ל",מיליליטרים,75.00,"100 מ""ל",false,1,25.90,34.5333,true,1,59562
3574661012568,false,תחליב רחצה עדין במיו,גונסון אנד גונסון,IT,תחליב רחצה עדין במיוחד בניחוח חלב וניל L,לא מנהל יחידת מידה,0.00,לא מנהל יחידת מידה,false,1,20.90,0.0000,true,1,124888
3574661141022,true,וניה מקסי לילה 12 יח,,,וניה מקסי לילה 12 יח,Unknown,0.00,Unknown,false,1,24.90,0.0000,true,1,135232
3574661419435,false,וניה מקסי לילה 12 יח,גונסון,BE,וניה מקסי לילה 12 יחידות,יחידה,12.00,יחידה,false,1,24.90,2.0750,true,1,144897
3574661487625,false,קרפרי מגן תחתון מקסי,ג'ויה מעבדות לקוסמטי,IT,קרפרי מגן תחתון מקסי לארג 48 יח,יחידה,1.00,יחידה,false,1,19.90,19.9000,true,1,128166
3574661500355,false,קרפרי מקסי לונג רגיל,ג'ויה מעבדות לקוסמטי,IT,קרפרי מקסי לונג רגיל 40 יח,יחידה,1.00,יחידה,false,1,19.90,19.9000,true,1,137267
3574661552576,false,קרפרי מגן תחתון רגיל,הדקלאים אגודת שיתופי,GR,קרפרי מגן תחתון אוורירי טנגה 58 יחידות,יחידה,1.00,יחידה,false,1,19.90,19.9000,true,1,129759
3574661552804,false,קרפרי מגן תחתון אלוו,הדקלאים אגודת שיתופי,GR,קרפרי מגן תחתון אלוורה קרפרי 58 יחידות,יחידה,1.00,יחידה,false,1,19.90,19.9000,true,1,131405
3574669907767,true,גונסונס בייבי שמפו ק,גונסון,IT,גונסונס בייבי שמפו קמומיל 750 מל חדש,Unknown,0.00,Unknown,false,1,19.90,0.0000,true,1,125988
3661163990545,false,ספריי גברים דריי מקס,מיוצר עי קונדיטוריית,PT,200 מל דאודורנט ספריי קליימקול לגבר אדידס,מיליליטרים,200.00,"100 מ""ל",false,1,19.90,9.9500,true,1,65087
4000417019004,false,שוקולד ריטר ספורט חל,מולינו ניקולי s.p.a,DE,ריטר ספורט שוקולד חלב עם אגוזי לוז שלמים,גרמים,100.00,100 גרם,false,1,11.20,11.2000,true,1,75756
4000417025005,false,שוקולד ריטר ספורט מר,מולינו ניקולי s.p.a,DE,ריטר ספורט שוקולד מריר ממולא מרציפן,גרמים,100.00,100 גרם,false,1,11.20,11.2000,true,1,75759
4000417101211,false,אמיצלי גלילי וופל 15,קימס,AT,אמיצלי גלילי וופל 150 גרם,גרמים,150.00,100 גרם,false,1,17.90,11.9333,true,1,142117
4000417222008,false,שוקולד ריטר שברי אגו,מולינו ניקולי s.p.a,DE,שוקולד ריטר שברי אגוזים 100 גרם,גרמים,100.00,100 גרם,false,1,11.20,11.2000,true,1,115952
4000417224002,false,שוקולד ריטר ספורט מר,מולינו ניקולי s.p.a,DE,שוקולד ריטר ספורט מריר אגוזים 100 גרם,גרמים,100.00,100 גרם,false,1,11.90,11.9000,true,1,109814
4000417294005,false,שוקולד ריטר קרם קקאו,מולינו ניקולי s.p.a,DE,שוקולד ריטר קרם קקאו מוקצף 100 ג,גרמים,100.00,100 גרם,false,1,11.20,11.2000,true,1,109813
4002448017684,false,סיליט באנג ספריי,רקיט בנקיזר,PL,"ספריי לניקוי כללי והסרת אבנית סיליט באנג 750 מ""ל",מיליליטרים,750.00,"100 מ""ל",false,1,14.90,1.9867,true,1,20582
4002448019480,false,מסיר שומנים סיליט,רקיט בנקיזר,PL,"ספריי מסיר שומנים סיליט באנג 750 מ""ל",מיליליטרים,750.00,"100 מ""ל",false,1,14.90,1.9867,true,1,31394
4002590000022,false,סוכ.קלפני בפחית פירו,קדבורי,DE,קלפני פירות יער 150 גר',גרמים,150.00,100 גרם,false,1,12.00,8.0000,true,1,20999
4002590000046,false,סוכריות מרעננות,קדבורי,DE,קלפני מנטה מרענן 150 גר',גרמים,150.00,100 גרם,false,1,12.00,8.0000,true,1,12183
4002590703541,false,קלפני תות,קדבורי,DE,קלפני בטעם תות 150 גר',גרמים,150.00,100 גרם,false,1,12.00,8.0000,true,1,109433
4005808817405,false,גיל גילוח ניוואה לעו,פרוטרופיק סיה.,PL,ניוואה ג'ל גילוח לגבר רגיש,גרמים,264.00,100 גרם,false,1,25.90,9.8106,true,1,4020
4005808847020,false,ניוואה קרם לחות אקוו,Beiersdorf AG,DE,ניוואה קרם לחות אקווה סנסיישן 50מל,מיליליטרים,50.00,"100 מ""ל",false,1,62.90,125.8000,true,1,130157
4009900402965,false,מסטיק אורביט וויט פי,ריגלי,,מסטיק אורביט וויט פירות בקבוקון,Unknown,0.00,Unknown,false,1,9.90,0.0000,true,1,88550
4009900403023,false,מסטיק אורביט וויט מנ,ריגלי,,מסטיק אורביט וויט מנטה בקבוקון,גרמים,64.00,100 גרם,false,1,9.90,15.4688,true,1,88551
4009900420129,false,אורביט פרופשיונל פפר,מרס נדרלנד,PL,אורביט פרופשיונל פפרמינט בקבוקון,לא מנהל יחידת מידה,0.00,לא מנהל יחידת מידה,false,1,9.90,0.0000,true,1,124265
4009900426039,false,מסטיק איירווייבס מנט,ריגלי,,מסטיק איירווייבס מנטה אקליפטוס בקבוקון,גרמים,64.00,100 גרם,false,1,9.90,15.4688,true,1,115206
4009900426121,false,מסטיק איירווייבס אוכ,ריגלי פולין,PL,מסטיק איירווייבס אוכמניות בקבוקון,גרמים,64.00,100 גרם,false,1,9.90,15.4688,true,1,115207
4009900479998,false,מסטיק אורביט אוכמניו,ריגלי,,מסטיק אורביט אוכמניות בקבוקון,Unknown,0.00,Unknown,false,1,9.90,0.0000,true,1,104354
4009900482417,false,מסטיק אורביט בבאבל מ,ריגלי,,מסטיק אורביט בבאבל מינט בקבוקון,Unknown,0.00,Unknown,false,1,9.90,0.0000,true,1,93454
4009900525138,false,מסטיק אורביט וויט ת,ריגלי,,מסטיק אורביט וויט תות בקבוקון,יחידה,1.00,יחידה,false,1,9.90,9.9000,true,1,128579
4009900531122,false,אורביט פרופשיונל ספי,מרס נדרלנד,PL,אורביט פרופשיונל ספירמינט בקבוקון,לא מנהל יחידת מידה,0.00,לא מנהל יחידת מידה,false,1,9.90,0.0000,true,1,124266
4009900536257,false,מסטיק אורביט רפרשרס,מרס ריגלי קונפקשונרי,PL,מסטיק אורביט רפרשרס ספירמנט 67 ג,גרמים,67.00,100 גרם,false,1,10.90,16.2687,true,1,133589
4009900536288,false,מסטיק אורביט רפרשרס,מרס ריגלי קונפקשונרי,PL,מסטיק אורביט רפרשרס פפרמ 67 ג,גרמים,67.00,100 גרם,false,1,10.90,16.2687,true,1,133590
4009900536486,false,מסטיק אורביט רפרשרס,מרס ריגלי קונפקשונרי,PL,מסטיק אורביט רפרשרס באבלמ 67 ג,גרמים,67.00,100 גרם,false,1,10.90,16.2687,true,1,133591
4009900539685,false,מסטיק פייב מנטה בקבו,מרס נדרלנד,PL,מסטיק פייב מנטה בקבוקון 61.8גרם,גרמים,62.00,100 גרם,false,1,11.90,19.1935,true,1,142507
4009900539746,false,מסטיק פייב אבטיח בקב,מרס נדרלנד,PL,מסטיק פייב אבטיח בקבוקון 61.8גרם,גרמים,62.00,100 גרם,false,1,11.90,19.1935,true,1,142508
4009900540551,false,אורביט ריפרשרס טרופי,מרס פולין,PL,אורביט ריפרשרס טרופיקל,גרמים,67.00,100 גרם,false,1,10.90,16.2687,true,1,142502
4010160055709,false,"טננבלוט 100 מ""ל טיפו",אנטון הובנר,DE,"טננבלוט 100 מ""ל טיפול בהצטטנות ושפעת",מיליליטרים,100.00,"100 מ""ל",false,1,88.90,88.9000,true,1,128396
4010492052629,false,אתנה סטיק רך לחתול ע,סאטורן,DE,אתנה סטיק רך לחתול עם עופות וכבד 10יח,גרמים,50.00,100 גרם,false,1,19.90,39.8000,true,1,144292
4012273123009,false,נוטריגינה קרם ידיים,פ.פ.ח. שאביט,FR,נטרוגינה קרם ידיים מרוכז 50 מל,מיליליטרים,50.00,"100 מ""ל",false,1,29.90,59.8000,true,1,132651
4014400900217,false,בונבוניירה מרסי 400,קריניציה ויטמינה אס,DE,בונבוניירה מרסי 400 גרם,גרמים,400.00,100 גרם,false,1,49.90,12.4750,true,1,12270
4014400901412,false,בונבוניירה מרסי מריר,תות ממתקי איכות,,בונבוניירה מרסי מריר 250 גרם,גרמים,250.00,100 גרם,false,1,29.90,11.9600,true,1,78780
4014400904277,false,סוכריות אייס פרש,תות ממתקי איכות,DE,אייספרש 425 גרם (15 בקרטון),גרמים,425.00,100 גרם,false,1,19.90,4.6824,true,1,16838
4014400907902,false,סוכריות ללא סוכר,שטורק,DE,ורטרס אורגינל 42 גרם,גרמים,42.00,100 גרם,false,1,6.90,16.4286,true,1,69338
4014400914696,false,סוכריות חמאה וורטר ל,אוגוסט שטורק,DE,סוכריות חמאה וורטר ללא סוכר 80 גרם,גרמים,80.00,100 גרם,false,1,10.90,13.6250,true,1,73328
4014400923711,false,בונבוניירה טופיפי שו,אוגוסט שטורק,DE,בונבוניירה טופיפי שוקולד 125 גרם,גרמים,125.00,100 גרם,false,1,13.90,11.1200,true,1,115516
4015400363002,false,טמפקס סופר 20 יח,פרוקטר & גמבל,DE,טמפקס סופר 20 יח,יחידה,20.00,יחידה,false,1,25.90,1.2950,true,1,143871
4015400564034,false,מגן תחתון לונג פלוס,פרוקטר אנד גמבל,DE,אולוויז מגן תחתון מגה פק לונג פלוס 58 יח',לא מנהל יחידת מידה,0.00,לא מנהל יחידת מידה,false,1,19.90,0.0000,true,1,89979
4015400564324,false,אולדייז מגן תחתון לא,פרוקטר אנד גמבל,DE,אולדייז מגן תחתון לארג 60 יחידות,יחידה,1.00,יחידה,false,1,23.90,23.9000,true,1,109851
4015400755241,false,תחבושות אולוויז הגיי,פרוקטר אנד גמבל,UA,תחבושות אולוויז הגיינה נורמל 28 יחידות,לא מנהל יחידת מידה,0.00,לא מנהל יחידת מידה,false,1,18.90,0.0000,true,1,114688
4015400755487,false,תחבושות אולווייז ולי,פרוקטר אנד גמבל,UA,תחבושות אולווייז וליו פק לונג 24 יחידות,לא מנהל יחידת מידה,0.00,לא מנהל יחידת מידה,false,1,18.90,0.0000,true,1,114689
4015600762902,false,שמפו הד אנד שולדרס מ,קדבורי,RO,"הד אנד שולדרס שמפו מנטול 500 מ""ל",מיליליטרים,500.00,"100 מ""ל",false,1,24.90,4.9800,true,1,116367
4015600762940,false,שמפו הד אנד שולדרס ת,קדבורי,RO,"הד אנד שולדרס שמפו תפוח 500 מ""ל",מיליליטרים,500.00,"100 מ""ל",false,1,24.90,4.9800,true,1,116378
4017100210105,false,וופלטן וופל מגולגל מ,באלסן,DE,וופלטן וופל מגולגל מריר 100 גרם,גרמים,100.00,100 גרם,false,1,13.90,13.9000,true,1,111970
4022025262009,false,יין בלו נאן גוורצטרמ,לנגוט טראבן,,"יין בלו נאן גוורצטרמינר כשר 750 מ""ל",מיליליטרים,750.00,"100 מ""ל",false,1,49.90,6.6533,true,1,119857
4022025773000,false,בלו נאן מוסקטו כשר 7,בלו נאן,DE,"בלו נאן מוסקטו כשר 750 מ""ל",מיליליטרים,750.00,"100 מ""ל",false,1,49.90,6.6533,true,1,141923
4033100024252,false,סיגריות וינסטון אקוו,JTI,,סיגריות וינסטון אקווה חפיסה בודד,יחידה,0.00,יחידה,false,1,32.00,0.0000,false,1,87619
4033100038914,false,טבק לגלגול קאמל צהוב,JTI,,טבק לגלגול קאמל צהוב חפיסה30 גרם,גרמים,30.00,100 גרם,false,1,81.20,270.6667,false,1,96107
4033100047350,false,טבק לגלגול קאמל כחול,JTI,,טבק לגלגול קאמל כחול חפיסה30 גרם,גרמים,30.00,100 גרם,false,1,81.20,270.6667,false,1,96108
4033100064036,false,טבק לגלגול וינסטון כ,JTI,,טבק לגלגול וינסטון כחול חפיסה30 גרם,גרמים,30.00,100 גרם,false,1,81.20,270.6667,false,1,111167
4043058008778,false,טבק לגלגול אמריקן ספ,jti,,טבק לגלגול אמריקן ספיריט כחול חבילה30גר,גרמים,30.00,100 גרם,false,1,88.20,294.0000,false,1,108633
4053700292455,false,רצועות שעווה לעור רג,ויט,,רצועות שעווה לעור רגיל תמצית צמחים ויט,לא מנהל יחידת מידה,0.00,לא מנהל יחידת מידה,false,1,34.90,0.0000,true,1,55134
4084500065536,false,קרם לחות פנטן,קדבורי,FR,קרם לחות פנטן,לא מנהל יחידת מידה,0.00,לא מנהל יחידת מידה,false,1,19.90,0.0000,true,1,127941
4084500876019,false,נוזל כלים פיירי לימו,פרוקטר אנד גמבל,GB,נוזל כלים פיירי לימון 500 מל,מיליליטרים,500.00,"100 מ""ל",false,1,8.90,1.7800,true,1,143411
4607109409619,false,פיניש טבליות 25 יח A,רקיט בנקיזר,PL,טבליות למדיח כלים פיניש אול אין וואן 25 טבליות,גרמים,530.00,100 גרם,false,1,29.90,5.6415,true,1,115348
4710068001692,false,מאסטר קפה לאטה 240 מ,תאיט מרקטינג אנד דיס,,מאסטר קפה לאטה פחית,מיליליטרים,240.00,"100 מ""ל",false,1,7.50,3.1250,true,1,99403
4710068001715,false,מאסטר קפה טירמיסו 24,"איי, בי, אינבוו",,מאסטר קפה טרמיסו פחית 240 מל,מיליליטרים,240.00,"100 מ""ל",false,1,7.50,3.1250,true,1,99405
4710068001739,false,מאסטר קפה קולומביאני,"איי, בי, אינבוו",,מאסטר קפה משקה קפה קר קלאסיקו 240 מל,מיליליטרים,240.00,"100 מ""ל",false,1,7.50,3.1250,true,1,99404
4710068002798,false,מאסטר קפה וונילה פחי,מאיטה פוד אינדוסטריא,,מאסטר קפה לאטה פחית,מיליליטרים,240.00,"100 מ""ל",false,1,7.50,3.1250,true,1,126753
4796019790013,false,שמן קוקוס אורגני גרי,גרין קוקו,,שמן קוקוס אורגני,מיליליטרים,300.00,"100 מ""ל",false,1,23.90,7.9667,true,1,116755
4820229031311,false,וודקה חורטיצה פלטינו,Global Gourmet Produ,UA,וודקה חורטיצה פלטינום 700 מל,מיליליטרים,700.00,"100 מ""ל",false,1,69.90,9.9857,true,1,143779
4820229032219,false,וודקה חורטיצה אייס 7,Global Gourmet Produ,UA,וודקה חורטיצה אייס 700 מל,מיליליטרים,700.00,"100 מ""ל",false,1,74.90,10.7000,true,1,143780
4891228430085,false,סכיני גילוח שייק אקס,השחר,CN,סכיני גילוח שייק אקסטרים 3 כחול רביעייה,לא מנהל יחידת מידה,0.00,לא מנהל יחידת מידה,false,1,19.90,0.0000,true,1,31830
4891228430092,false,סכיני גילוח שייק אקס,השחר,CN,שיק אקסטרים 3 סכיני גילוח לאישה לעור רגיש,לא מנהל יחידת מידה,0.00,לא מנהל יחידת מידה,false,1,19.90,0.0000,true,1,41815
4895149077596,false,נורת לד 12W 75W הברג,J&P,,נורת לד 12W 75W הברגה E27 אור לבן,יחידה,1.00,יחידה,false,1,24.90,24.9000,true,1,117950
5000157143365,true,מתבל בטעם מיונז וקטש,תאי פרזידנט פוד פאבל,PL,מתבל בטעם מיונז וקטשופ היינץ 425 מל,מיליליטרים,425.00,"100 מ""ל",false,1,15.90,3.7412,true,1,129475
5000159376655,false,סוכריות סקיטלס פירות,ריגלי ממתקים,,סוכריות סקיטלס פירות 38 גרם,גרמים,38.00,100 גרם,false,1,4.50,11.8421,true,1,89915
5000159376792,false,סוכריות סקיטלס חמוץ,ריגלי ממתקים,,סוכריות סקיטלס חמוץ 38 גרם,גרמים,38.00,100 גרם,false,1,4.50,11.8421,true,1,89916
5000159407236,false,חטיף מרס,מרס נדרלנד,,חטיף מרס 51 גרם,גרמים,51.00,100 גרם,false,1,4.90,9.6078,true,1,49581
5000159414197,false,מלטיזרס 135גרם,מרס שוקולד צ.אמריקה,NL,מלטיזרס 135גרם,גרמים,135.00,100 גרם,false,1,15.90,11.7778,true,1,143579
5000159459228,false,חטיף טויקס שוקולד,"נארז ע""י : א.ג. גילר",NL,חטיף טויקס 50 גרם,גרמים,50.00,100 גרם,false,1,4.90,9.8000,true,1,91642
5000159461122,false,חטיף סניקרס שוקולד,"נארז ע""י : א.ג. גילר",NL,חטיף סניקרס שוקולד 50 גרם,גרמים,50.00,100 גרם,false,1,4.90,9.8000,true,1,91643
5000159500692,false,בקבוק סלבריישן 312,מארס,NL,בקבוק סלבריישן 312 גרם,גרמים,312.00,100 גרם,false,1,34.90,11.1859,true,1,144936
5000159500845,true,סלבריישן מארז מתנה 1,מארס,NL,סלבריישן מארז מתנה 196 גרם,גרמים,196.00,100 גרם,false,1,22.90,11.6837,true,1,144931
5000159541152,false,טוייקס לבן 46 גרם,מרס.גי אם. בי אייץ,DE,טוייקס לבן 46 גרם,גרמים,46.00,100 גרם,false,1,4.90,10.6522,true,1,140350
5000186735012,false,סיף קרם רב תכליתי בנ,יוניליוור,GB,סיף קרם רב תכליתי בניחוח לימון 500 מל,ליטרים,500.00,ליטר,false,1,11.90,0.0238,true,1,143412
5000186735036,false,סיף קרם רב תכליתי 50,יוניליוור,GB,סיף קרם רב תכליתי 500 מל,ליטרים,500.00,ליטר,false,1,11.90,0.0238,true,1,143413
5000213014905,false,בירה גינס פחית 440 מ,פארייפאבה אגרואינדוס,IE,בירה גינס 330 מל,מיליליטרים,440.00,"100 מ""ל",false,1,15.90,3.6136,true,1,119806
5000219009295,false,סיגריות פאל מל אדום,BAT,,סיגריות פאל מל אדום ארוך פקט 10 יח,לא מנהל יחידת מידה,0.00,לא מנהל יחידת מידה,false,1,289.00,0.0000,false,1,92951
5000267014234,false,ויסקי גוני ווקר אדום,ג'ון ווקר ובניו,,"גוני ווקר אדום 700 מ""ל",מיליליטרים,700.00,"100 מ""ל",false,1,99.90,14.2714,true,1,108022
5000267024233,false,"ויסקי ג""וני ווקר שחו",ג'וני ווקר ובניו,,"גוני ווקר שחור 700 מ""ל",מיליליטרים,700.00,"100 מ""ל",false,1,139.90,19.9857,true,1,52162
5000267025209,false,וויסקי גוני ווקר שחו,ג'ון ווקר ובניו,,"ג'וני ווקר בלאק לייבל ויסקי סקוטי, 200 מל",מיליליטרים,200.00,"100 מ""ל",false,1,54.90,27.4500,true,1,119454
5000267171654,false,גוני ווקר שחור 200 מ,ג'ון ווקר ובניו,GB,"ג'וני שחור 200 מ""ל פוקט 40% כהל",מיליליטרים,200.00,"100 מ""ל",false,1,59.90,29.9500,true,1,130464
5000394019171,false,סוללות דורסל D פלוס,יוליניבר,US,דורסל סוללות D|2,יחידה,1.00,יחידה,false,1,28.90,28.9000,true,1,118040
5000396037531,true,מקוויטיס ביסקויט מצו,קריניציה ויטמינה אס,,מקוויטיס ביסקויט מצו,Unknown,0.00,Unknown,false,1,10.90,0.0000,true,1,128281
5000396037548,true,מקוויטיס ביסקויט מצו,קריניציה ויטמינה אס,,מקוויטיס ביסקויט מצו,Unknown,0.00,Unknown,false,1,14.90,0.0000,true,1,135308
5010029000252,true,וויטביקס מקורי 430 ג,ויטהביקס לימיטד,,וויטביקס מקורי 430 גרם,גרמים,430.00,100 גרם,false,1,22.90,5.3256,true,1,140875
5010103800051,false,ויסקי J&B בקבוק 200,DIAGEO,,"ויסקי J&B בקבוק 200 מ""ל",מיליליטרים,200.00,"100 מ""ל",false,1,32.90,16.4500,true,1,29659
5010232964211,false,קונדומים דורקס אקסטר,תאילנד,TH,קונדומים דורקס אקסטרא סייף 12 יחידות,לא מנהל יחידת מידה,0.00,לא מנהל יחידת מידה,false,1,39.90,0.0000,true,1,19194
5010232964228,false,קונדומים דקים דורקס,תאילנד,TH,"קונדמים קצר ולעניין, דק 12 יחידות",לא מנהל יחידת מידה,0.00,לא מנהל יחידת מידה,false,1,39.90,0.0000,true,1,19195
5010677850100,false,וודקה גריי גוס בקבוק,גריי גוס,FR,"וודקה גריי גוס 750 מ""ל",מיליליטרים,700.00,"100 מ""ל",false,1,139.90,19.9857,true,1,125290
5014271002767,false,מעדן פרי מנגו ופסיפל,סנט דלפור,FR,מעדן פרי מנגו ופסיפלורה סנדלפור 284 גרם,גרמים,284.00,100 גרם,false,1,21.90,7.7113,true,1,126878
5029053527574,false,ת.ספיגה דריי נייטס,KC Czech,,תחתון ספיגה דריי נייטס 4-7,Unknown,0.00,Unknown,false,1,36.90,0.0000,true,1,31835
5029053527604,false,ת.ספיגה דריי נייטס,KC Czech,,תחתון ספיגה דריי נייטס 15-8,Unknown,0.00,Unknown,false,1,36.90,0.0000,true,1,31682
5038483207949,false,קונדומים דורקס אינימ,תאילנד,TH,קונדומים דורקס אינימט פיל סיכה 12 יחידות,לא מנהל יחידת מידה,0.00,לא מנהל יחידת מידה,false,1,39.90,0.0000,true,1,41512
5038483574416,false,קונדומים דורקס אקסטר,רקיט בנקיזר הלת'קר,,קונדומים דורקס אקסטרא 3 יחידות,לא מנהל יחידת מידה,0.00,לא מנהל יחידת מידה,false,1,14.90,0.0000,true,1,87874
5038483578780,false,קונדומים דורקס עלית,רקיט בנקיזר הלת'קר,,קונדומים דורקס עלית 3 יחידות,לא מנהל יחידת מידה,0.00,לא מנהל יחידת מידה,false,1,14.90,0.0000,true,1,57179
5050895246606,false,גלי בלי מטהר אוויר מ,יוניליוור,GB,גלי בלי מטהר אוויר מוחיטו 300 מל,ליטרים,300.00,ליטר,false,1,11.90,0.0397,true,1,143415
5050895246620,false,גלי בלי מטהר אוויר א,יוניליוור,GB,גלי בלי מטהר אוויר אוכמניות 300 מל,ליטרים,300.00,ליטר,false,1,11.90,0.0397,true,1,143416
5050895247351,false,גלי בלי מפיץ ריח דוב,יוניליוור,CN,גלי בלי מפיץ ריח דובדבן מקלות 30 מל,ליטרים,30.00,ליטר,false,1,13.90,0.4633,true,1,143418
5056357900925,false,סניקרס חמאת בוטנים 5,מרס נדרלנד,US,סניקרס חמאת בוטנים 57 גרם,גרמים,59.00,100 גרם,false,1,16.90,28.6441,true,1,132586
5056357901427,false,חטיף חלבון m&m בטעם,מארס,GB,חטיף חלבון m&m בטעם שוקולד,גרמים,51.00,100 גרם,false,1,16.90,33.1373,true,1,141322
5056357901441,false,חטיף חלבון בוטנים 15,מארס,GB,חטיף חלבון בוטנים 15 חלבון 51 גרם m&m,גרמים,51.00,100 גרם,false,1,16.90,33.1373,true,1,141323
5056357903834,false,חטיף באונטי 18גרם ח,מארס יורק אנגליה,GB,חטיף באונטי 18גרם חלבון 52גרם,גרמים,52.00,100 גרם,false,1,16.90,32.5000,true,1,141926
5060221201391,false,chaosגרנייד בטעם קרמ,גרנייה,NL,chaosגרנייד בטעם קרמל60 גרם,גרמים,60.00,100 גרם,false,1,16.90,28.1667,true,1,142690
5060221201605,false,חטיף חלבון גרנייד בא,,GB,חטיף חלבון גרנייד באוני פאדג 23 חלבון,גרמים,60.00,100 גרם,false,1,16.90,28.1667,true,1,141448
5060221201810,false,גרנייד שוקולד לבן ע,גרנייה,NL,גרנייד שוקולד לבן עוגיות 60גרם,גרמים,60.00,100 גרם,false,1,16.90,28.1667,true,1,142692
5060221203753,false,חטיף חלבון גרנייד ח,,GB,חטיף חלבון גרנייד חמאת בוטנים 21 חלבון,גרמים,60.00,100 גרם,false,1,16.90,28.1667,true,1,141447
5060221203937,false,גרנייד שוקוציפס בצק,גרנייה,NL,גרנייד שוקוציפס בצק עוגיות 60גרם,גרמים,60.00,100 גרם,false,1,16.90,28.1667,true,1,142691
5060221206860,false,חטיף חלבון גרנייד ק,,GB,חטיף חלבון גרנייד קרמל מלוח 20 חלבון 60,גרמים,60.00,100 גרם,false,1,16.90,28.1667,true,1,141450
5060402908248,false,סניקרס פרוטאין 55 גר,מרס נדרלנד,US,סניקרס פרוטאין 55 גרם,גרמים,59.00,100 גרם,false,1,16.90,28.6441,true,1,132587
5060402908286,false,מארס פרוטאין 59 גרם,מרס נדרלנד,US,מארס פרוטאין 59 גרם,גרמים,59.00,100 גרם,false,1,16.90,28.6441,true,1,132584
5060402909542,false,מארס קרמל מלוח 59 גר,מרס נדרלנד,US,מארס קרמל מלוח 59 גרם,גרמים,59.00,100 גרם,false,1,16.90,28.6441,true,1,132585
5060424705511,false,WARRIOR חטיף חלבון ק,תעשיות מזון בלאבאן,US,WARRIOR חטיף חלבון קראנץ שוקולד וקוקוס,גרמים,64.00,100 גרם,false,1,13.90,21.7188,true,1,145364
5060517886486,false,משקה אנרגיה מונסטר פ,Monster energy סרביה,RU,"מונסטר אנרג'י פח 500 מ""ל",מיליליטרים,500.00,"100 מ""ל",false,1,8.90,1.7800,true,1,128854
5060639128051,false,מונסטר ULTRA פח 500,Monster energy סרביה,RS,"מונסטר ULTRA פח 500 מ""ל",מיליליטרים,500.00,"100 מ""ל",false,1,8.90,1.7800,true,1,130462
5060639129102,false,משקה אנרגיה מונסטר M,Monster energy סרביה,RS,"מונסטר Mango Loco פח 500 מ""ל",מיליליטרים,500.00,"100 מ""ל",false,1,8.90,1.7800,true,1,132497
5060751218173,false,משקה אנרגיה מונסטר פ,Monster energy סרביה,IE,"מונסטר פייפליין פאנץ' פח 500 מ""ל",מיליליטרים,500.00,"100 מ""ל",false,1,8.90,1.7800,true,1,143125
5060751219033,false,משקה אנרגיה מונסטר א,Monster energy סרביה,IE,"מונסטר ULTRA PARADISE פח 500 מ""ל",מיליליטרים,500.00,"100 מ""ל",false,1,8.90,1.7800,true,1,143126
5060756343702,false,WARRIORחטיף חלבון קר,תעשיות מזון בלאבאן,US,WARRIORחטיף חלבון קראנץ פטל שוקולד מריר,גרמים,64.00,100 גרם,false,1,13.90,21.7188,true,1,145365
5200133120476,false,גליליות וופלים 400 ג,יוניליוור גרמניה Gm,GR,גליליות וופלים 400 גרם אגוזים וקקאו,גרמים,400.00,100 גרם,false,1,18.90,4.7250,true,1,130525
5200133120483,false,גליליות וופלים 400 ג,יוניליוור גרמניה Gm,GR,"גליליות וופלים ממולאות קרם בטעם וניל, 400 גרם",גרמים,400.00,100 גרם,false,1,18.90,4.7250,true,1,127898
5201347400545,false,רצועות שעווה לפנים ו,ויט,,רצועות שעווה לפנים ויט,יחידה,1.00,יחידה,false,1,34.90,34.9000,true,1,82484
5201940010011,false,זיתים שחורים טבעיים,סיוארס אס.איי,GR,ויליפוד זיתים שחורים מזן קלמטה במי מלח בפח 454 גרם,גרמים,454.00,100 גרם,false,1,14.90,3.2819,true,1,37693
5202390014192,false,צהובה טבעונית עם זית,פרוטרופיק סיה.,GR,צהובה טבעונית עם זיתים200 גרם ויולייף,גרמים,200.00,100 גרם,false,1,23.90,11.9500,true,1,120008
5202390014239,false,צהובה עשבי תיבול טבע,פרוטרופיק סיה.,GR,צהובה עשבי תיבול טבעוני 200 גרם ויולייף,גרמים,200.00,100 גרם,false,1,23.90,11.9500,true,1,119975
5202390020407,false,יוונית בסגנון פטה טב,פרוטרופיק סיה.,GR,יוונית בסגנון פטה טבעוני 200 גרם ויולייף,גרמים,200.00,100 גרם,false,1,27.90,13.9500,true,1,123986
5202390021121,false,קרמי אורגינל טבעוני,וויטרוס אס.אי.,GR,ויולייף קרמית טבעונית בסגנון אורגינלי 150 גרם,גרמים,150.00,100 גרם,false,1,20.90,13.9333,true,1,123985
5208049001452,false,גולדן ירוק 30 ג+ ניי,BAT,,גולדן ירוק 30 ג+ נייר PP פקט חפיסה,יחידה,1.00,יחידה,false,1,70.00,70.0000,false,1,128295
5410126006087,false,ביסקוויט לוטוס,כלורוקס אוקלנד,BE,ביסקוויט לוטוס בטעם קרמל700 גר,גרמים,700.00,100 גרם,false,1,29.90,4.2714,true,1,97893
5410126006360,false,לוטוס עוגיות סנדוויץ,מונדלייז,BE,לוטוס עוגיות סנדוויץ במילוי לוטוס 150 גר,גרמים,150.00,100 גרם,false,1,9.90,6.6000,true,1,141328
5410126106022,false,מארז חגים לוטוס 2 25,לוטוס בייקרי,BE,מארז חגים לוטוס 2 250 גרם,גרמים,250.00,100 גרם,false,1,23.90,9.5600,true,1,144720
5410126106183,false,ביסקוויט קרמל לוטוס,כלורוקס אוקלנד,BE,"ביסקויט קרמל 312 גרם בד""צ 50 יח ארוז בנפ",גרמים,312.00,100 גרם,false,1,19.90,6.3782,true,1,14377
5410126116953,false,ממרח לוטוס עוגיות קר,כלורוקס אוקלנד,BE,לוטוס ממרח עוגיות קרמל 400 גרם,גרמים,400.00,100 גרם,false,1,22.90,5.7250,true,1,89211
5410126726947,false,ממרח לוטוס עוגיות קר,כלורוקס אוקלנד,BE,ממרח עוגיות לוטוס קראנץ',גרמים,380.00,100 גרם,false,1,22.90,6.0263,true,1,99465
5410228142089,false,בירה לף בלונד בקבוק,אינבב,,"בירה לף בלונד בקבוק 330 מ""ל",מיליליטרים,330.00,"100 מ""ל",false,1,9.90,3.0000,true,1,143558
5410228217732,false,סטלה ארטואה - פחית 4,מנדלז סי.אר. פרודקשן,BE,בירה סטלה ארטואה בפחית 440 מל,מיליליטרים,440.00,"100 מ""ל",false,1,12.90,2.9318,true,1,132498
5410316983693,false,סמירנוף אייס בקבוק .,דיאג'ו אופריישנס,IT,סמירנוף אייס בודד,מיליליטרים,275.00,"100 מ""ל",false,1,12.90,4.6909,true,1,13104
5411081003654,false,בירה קסטל רוזי 330,יושלם,,בירה קסטל רוזי 330,מיליליטרים,330.00,"100 מ""ל",false,1,12.90,3.9091,true,1,124536
5411188110835,false,משקה אלפרו חלב שקדים,הנסיך- מפעל לייצור ט,BE,אלפרו משקה שקדים 1ל,ליטרים,1.00,ליטר,false,1,14.90,14.9000,true,1,91617
5411188112709,false,אלפרו משקה שקדים ללא,הנסיך- מפעל לייצור ט,BE,אלפרו משקה שקדים ללס 1ל,ליטרים,1.00,ליטר,false,1,14.90,14.9000,true,1,104870
5411188115472,false,משקה סויה אלפרו 1ל,אלפרו C.V.A,BE,אלפרו משקה סויה 1ל,ליטרים,1.00,ליטר,false,1,14.90,14.9000,true,1,130797
5411188127697,false,משקה בריסטה שיבולת ש,הנסיך- מפעל לייצור ט,BE,אלפרו בריסטה שיבולת שועל 1ל,ליטרים,1.00,ליטר,false,1,14.90,14.9000,true,1,130799
5411188134985,false,3.5%שומן NOT MILK א,הנסיך- מפעל לייצור ט,BE,3.5%שומן NOT MILK אלפרו שבולת שועל 1 לי,ליטרים,1.00,ליטר,false,1,13.90,13.9000,true,1,134504
5411188135005,false,1.8%שומן NOT MILK א,הנסיך- מפעל לייצור ט,BE,1.8%שומן NOT MILK אלפרו שבולת שועל 1 לי,ליטרים,1.00,ליטר,false,1,13.90,13.9000,true,1,134503
5411188543398,false,משקה סויה אלפרו ללא,הנסיך- מפעל לייצור ט,BE,אלפרו משקה סויה ללא סוכר 1 ליטר,ליטרים,1.00,ליטר,false,1,14.90,14.9000,true,1,130801
5710840209437,false,באלי נטוראל 40 גר,,,באלי נטוראל 40 גר,גרמים,40.00,100 גרם,false,1,100.00,250.0000,true,1,128504
5710840210013,false,באלי לבן 40 גר,,,באלי לבן 40 גר,גרמים,40.00,100 גרם,false,1,100.00,250.0000,true,1,128503
5710840210136,false,באלי אדום 40 גר,S.T.G,,באלי אדום 40 גר,גרמים,40.00,100 גרם,false,1,100.00,250.0000,false,1,128777
5711953106583,false,ארלה גבינת שמנת טבעי,ארזינא,DK,ארלה גבינת שמנת טבעי,גרמים,200.00,100 גרם,false,1,16.90,8.4500,true,1,128014
5740900403215,true,ממרח לורפק עם מלח 25,ארזינא,DK,ממרח לורפק עם מלח 250,גרמים,250.00,100 גרם,false,1,18.90,7.5600,true,1,123278
5740900403239,true,ממרח לורפק ללא מלח 2,ארזינא,DK,ממרח לורפק בלי מלח 250,גרמים,250.00,100 גרם,false,1,19.90,7.9600,true,1,123280
5900020012814,false,דגני בוקר נסקוויק 50,מיוצר עי קונדיטוריית,PL,דגני בוקר נסקוויק 500 גרם,גרמים,500.00,100 גרם,false,1,26.90,5.3800,true,1,61254
5900020024770,false,פיטנס בר דליס שוקולד,סי. פי. פולין,PL,פיטנס בר דליס שוקולד אגוזים 135 גרם,גרמים,135.00,100 גרם,false,1,16.90,12.5185,true,1,111353
5900020026552,false,דגני האני נאט ציריוס,סי. פי. צרפת,FR,דגני האני נאט ציריוס 625 גרם,גרמים,625.00,100 גרם,false,1,26.90,4.3040,true,1,114373
5900512985916,false,חמאה BUTTER 82.5% ל,באטר פקטורי,UA,חמאה BUTTER 82.5% ללא מלח 200 גרם,גרמים,200.00,100 גרם,false,1,7.90,3.9500,true,1,130021
5900951283963,false,dro סניקרס קרימי ח.ב,סנו מפעלי ברונוס.,PL,dro סניקרס קרימי ח.בוטנים 36.5,גרמים,37.00,100 גרם,false,1,4.90,13.2432,true,1,142057
5901414200411,false,עוגיות היט מיני קקאו,בלזן,PL,עוגיות היט מיני קקאו 130 גרם,גרמים,130.00,100 גרם,false,1,6.90,5.3077,true,1,23822
5902198160403,false,משקה אנרגיה XL TEN,"טמפו משקאות בע""מ",IL,"משקה אנרגיה XL TEN פחית 250 מ""ל",מיליליטרים,250.00,"100 מ""ל",false,1,4.50,1.8000,true,1,116900
5904941750312,false,משקה אנרגיה BLU דיי,אקו - ביט,PL,בלו משקה אנרגיה מוגז 250 מל,מיליליטרים,250.00,"100 מ""ל",false,1,5.00,2.0000,true,1,91189
5904941751302,false,משקה אנרגיה BLU פחי,אקו - ביט,PL,בלו משקה אנרגיה מוגז 250 מל,מיליליטרים,250.00,"100 מ""ל",false,1,5.00,2.0000,true,1,49876
5904941751920,false,משקה אנרגיה BLU דיי,אקו - ביט,PL,בלו משקה אנרגיה מוגז 250 מל,מיליליטרים,250.00,"100 מ""ל",false,1,5.00,2.0000,true,1,85351
5904941752262,false,משקה אנרגיה בלו 6 קל,הנסיך- מפעל לייצור ט,PL,בלו משקה אנרגיה מוגז 250 מל,מיליליטרים,250.00,"100 מ""ל",false,1,5.00,2.0000,true,1,130470
5906485301012,false,משקה אנרגיה XL פחית,"טמפו משקאות בע""מ",IL,אקס אל אנרג'י דרינק משקה אנרגיה מוגז,מיליליטרים,250.00,"100 מ""ל",false,1,4.50,1.8000,true,1,25560
6001067017530,false,מברשת שיניים גוניור,קולגייט- פלמוליב,CN,מברשת שיניים קולגייט גוניור,יחידה,1.00,יחידה,false,1,13.90,13.9000,true,1,91309
6001067027324,false,קולגייט מברשת שיניים,קולגייט - פלמוליב,CN,קולגייט מברשת ילדים בארבי-ספייד חשמלית,יחידה,1.00,יחידה,false,1,54.90,54.9000,true,1,139942
6008165271192,false,סיגריות פאל מל ארוך,אמריקן גרדן,,סיגריות פאל מל ארוך אדום חפיסה בודד,לא מנהל יחידת מידה,0.00,לא מנהל יחידת מידה,false,1,31.40,0.0000,false,1,92952
6253341100029,false,טחינה עאייש 100% שומ,עומר עאייש שכם,PS,טחינה עאייש 100% שומשום 450 גרם,גרמים,450.00,100 גרם,false,1,15.90,3.5333,true,1,127716
6908235694404,false,אוזניות מיקרופון אונ,,,אוזניות מיקרופון אוניברסליות,יחידה,1.00,יחידה,false,1,29.90,29.9000,true,1,128299
7290000004596,false,לחמניה לסנדויץ,מאפית דוידוביץ ובניו,IL,לחמניה לסנדויץ,גרמים,75.00,100 גרם,false,1,1.60,2.1333,true,1,143611
7290000024523,false,מיץ ענבים תירוש סגל,כרמי צבי - האחים סגל,IL,מיץ ענבים תירוש סגל 1 ליטר,ליטרים,1.00,ליטר,false,1,14.90,14.9000,true,1,106018
7290000040080,false,יוגורט יופלה אפרסק 3,תנובה בעמ,IL,יופלה יוגורט אפרסק %3 גביע 150 גרם,גרמים,150.00,100 גרם,false,1,5.20,3.4667,true,1,4052
7290000040974,false,חלב דל לקטוז 2% בקרט,"תנובה, מחלבת רחובות",IL,חלב תנובה דל לקטוז 2% שומן 1 ליטר,ליטרים,1.00,ליטר,false,1,7.20,7.2000,true,1,75446
7290000050447,false,יופלה תות 500 גרם,מיוצר עי קונדיטוריית,IL,יופלה תות 3% גביע 500 גרם,גרמים,500.00,100 גרם,false,1,14.50,2.9000,true,1,54705
7290000050454,false,יופלה אפרסק 500 גרם,מיוצר עי קונדיטוריית,IL,יופלה אפרסק 3% גביע 500 גרם,גרמים,500.00,100 גרם,false,1,14.50,2.9000,true,1,54706
7290000051710,false,גבינת לאבנה שמן זית,"תנובה, מחלבת אלון תב",IL,פיראוס לאבנה אסלית עם שמן זית וזעתר על בסיס יוגורט,גרמים,263.00,100 גרם,false,1,14.50,5.5133,true,1,60123
7290000052311,false,גבינה עמק 15% פרוס 2,תנובה,IL,עמק פרוסות גבינה צהובה חצי קשה 15% מופחתת שומן,גרמים,200.00,100 גרם,false,1,16.90,8.4500,true,1,69541
7290000052717,false,קוטג 5% עם שום שמיר,מחלבת אלון תבור,IL,קוטג 5% עם שום שמיר 250 גרם,גרמים,250.00,100 גרם,false,1,6.10,2.4400,true,1,88157
7290000055015,false,גבינה פטה כבשים 5% פ,תנובה מחלבת טנא נוגה,IL,פיראוס פטה כבשים גבינה מלוחה 5% שומן,גרמים,250.00,100 גרם,false,1,28.90,11.5600,true,1,75769
7290000055336,false,משקה יוגורט יופלה בנ,תנובה בעמ,IL,"משקה יוגורט יופלה בננה אפרסק 250 מ""ל",מיליליטרים,250.00,"100 מ""ל",false,1,6.20,2.4800,true,1,77730
7290000055343,false,משקה יוגורט יופלה טר,תנובה בעמ,IL,"משקה יוגורט יופלה טרופי 250 מ""ל",מיליליטרים,250.00,"100 מ""ל",false,1,6.20,2.4800,true,1,77731
7290000056951,false,שמנת לבישול 15%,תנובה,IL,תנובה השף הלבן שמנת לבישול 15% שומן 500 מל,מיליליטרים,500.00,"100 מ""ל",false,1,17.40,3.4800,true,1,83961
7290000057118,false,גבינה צהובה עמק קלאס,פ.פ.ח. שאביט,IL,גבינת עמק קלאסית חצי קשה פרוסות 28% שומן,גרמים,400.00,100 גרם,false,1,23.90,5.9750,true,1,82486
7290000057132,false,יוגורט ביו 1.5% תנוב,מחלבת אלון תבור,IL,יוגורט ביו 1.5% תנובה 200 גרם,גרמים,200.00,100 גרם,false,1,3.20,1.6000,true,1,82376
7290000057149,false,יוגורט ביו 3% תנובה,מחלבת אלון תבור,IL,יוגורט ביו 3% תנובה 200 גרם,גרמים,200.00,100 גרם,false,1,3.20,1.6000,true,1,82377
7290000058047,false,שמנת מתוקה,תנובה,IL,שמנת מתוקה להקצפה 500 38% גרם,מיליליטרים,500.00,"100 מ""ל",false,1,12.94,2.5880,true,1,86525
7290000058580,false,קוקילידה 80 גרם,תות תעשיות מזון (201,IL,נסטלה קוקילידה 28*80גרם,גרמים,80.00,100 גרם,false,1,10.50,13.1250,true,1,13203
7290000060088,false,בייגלה מקלות מלוחים,מיוצר עי קונדיטוריית,IL,אסם בייגלה מקלות מלוחים 12*400גרם,גרמים,400.00,100 גרם,false,1,11.90,2.9750,true,1,51034
7290000060811,false,טילון אקסטרים ענק מט,תות תעשיות מזון (201,IL,אקסטרים ענק מטבע שוקולד 18*120גרם,גרמים,141.00,100 גרם,false,1,10.50,7.4468,true,1,89340
7290000061214,false,פתיתים קוסקוס עם בצל,"אסם השקעות בע""מ",IL,אסם פתיתים קוסקוס עם בצל 12*500גרם,גרמים,500.00,100 גרם,false,1,6.90,1.3800,true,1,56318
7290000064758,false,קוסקוס אמיתי אסם 350,"מיוצר ע""י קוד יצרן K",IL,אסם קוסקוס אמיתי 12*350גרם,גרמים,350.00,100 גרם,false,1,7.90,2.2571,true,1,15300
7290000065977,false,אסם חטיפי פריכונים ת,"מיוצר ע""י פרח, משווק",IL,אסם חטיפי פריכונים תירס 12*80גרם,גרמים,80.00,100 גרם,false,1,7.90,9.8750,true,1,68159
7290000071008,false,בייגלה שטוחים עם מלח,"אסם השקעות בע""מ",IL,אסם בייגלה שטוחים מלח 24*60גרם,גרמים,60.00,100 גרם,false,1,3.70,6.1667,true,1,72950
7290000073125,false,מנה חמה פסטה ברוטב ע,"אסם השקעות בע""מ",IL,מנה חמה פסטה עם עגבניות ר.טבע. בדץ12*62ג,גרמים,62.00,100 גרם,false,1,6.90,11.1290,true,1,9200
7290000074153,false,ביסקוויט פתיבר שוקו,מיוצר עי קונדיטוריית,IL,אסם פתי בר שוקו 12*500גרם,גרמים,500.00,100 גרם,false,1,14.10,2.8200,true,1,9271
7290000074184,false,ביסקוויט פתיבר 500 ג,"אסם השקעות בע""מ",IL,ביסקוויט פתיבר 500 גרם,גרמים,500.00,100 גרם,false,1,9.90,1.9800,true,1,9275
7290000074245,false,קרם קרקר 250 גרם,"אסם השקעות בע""מ",IL,אסם קרם קרקר 12*250גרם,גרמים,250.00,100 גרם,false,1,10.90,4.3600,true,1,9277
7290000074252,false,קרקר שומשום 250 גרם,"אסם השקעות בע""מ",IL,אסם קרקר שומשום 12*250גרם,גרמים,250.00,100 גרם,false,1,10.90,4.3600,true,1,9278
7290000074276,false,קרקר פיקנטי 250 גרם,"אסם השקעות בע""מ",IL,אסם קרקר פיקנטי 12*250גרם,גרמים,250.00,100 גרם,false,1,10.90,4.3600,true,1,9279
7290000074375,false,קרקר זהב,"אסם השקעות בע""מ",IL,אסם קרקר זהב 12*150גרם,גרמים,150.00,100 גרם,false,1,6.90,4.6000,true,1,9283
7290000075143,false,עוגיות משהו וניל שוק,מיוצר עי קונדיטוריית,IL,אסם עוגיות שוקוצ'יפס קלאסי 12*200גרם,גרמים,200.00,100 גרם,false,1,11.90,5.9500,true,1,9304
7290000076133,false,בייגלה שמיניות קטנות,"אסם השקעות בע""מ",IL,אסם בייגלה שמיניות קטנות 12*400גרם,גרמים,400.00,100 גרם,false,1,11.90,2.9750,true,1,9331
7290000077253,false,לחמית כפרית,"אסם השקעות בע""מ",IL,לחמית כפרית 12*190גרם,גרמים,190.00,100 גרם,false,1,10.90,5.7368,true,1,68840
7290000078762,false,אסם חטיפי פריכונים א,סנורייס בלגיום אן. ו,,אסם חטיפי פריכונים אורז ודבש 14*80גרם,גרמים,80.00,100 גרם,false,1,7.90,9.8750,true,1,9477
7290000085180,false,ביסקוויט פתיבר וניל,"אחים גטניו בע""מ",,ביסקוויט פתיבר וניל גטניו 470 גרם,גרמים,470.00,100 גרם,false,1,9.90,2.1064,true,1,34771
7290000100128,false,פירות קפואים תות,סנפרוסט בעמ,IL,פירות קפואים תות,גרמים,300.00,100 גרם,false,1,19.90,6.6333,true,1,122119
7290000101934,false,תערובת פירות יער 30,"סנפרוסט בע""מ",IL,תערובת פירות יער 300 גרם,גרמים,300.00,100 גרם,false,1,19.90,6.6333,true,1,116969
7290000101958,false,מנגו מוקפא 300 גרם,"סנפרוסט בע""מ",IL,מנגו מוקפא 300 גרם,גרמים,300.00,100 גרם,false,1,19.90,6.6333,true,1,117054
7290000103839,false,מרק כתום 570 גרם,"סנפרוסט בע""מ",IL,מרק כתום סנפרוסט 570 גרם,גרמים,570.00,100 גרם,false,1,19.90,3.4912,true,1,80375
7290000106526,false,ירקות להקפצה חגיגה,"סנפרוסט בע""מ",IL,ירקות להקפצה חגיגה ירוקה 800גרם,גרמים,800.00,100 גרם,false,1,26.90,3.3625,true,1,126502
7290000107165,false,חטיף פולי סויה אדממה,"סנפרוסט בע""מ",IL,חטיף פולי סויה אדממה 400 גרם סנפרוסט,גרמים,400.00,100 גרם,false,1,13.90,3.4750,true,1,33322
7290000116884,false,רוטב ברביקיו קנור 30,יוניליוור ישראל מזון,IL,רוטב ברביקיו קנור,מיליליטרים,300.00,"100 מ""ל",false,1,12.90,4.3000,true,1,13949
7290000116945,false,רוטב סויה קנור,יוניליוור ישראל מזון,IL,רוטב סויה קלאסי קנור,מיליליטרים,300.00,"100 מ""ל",false,1,13.90,4.6333,true,1,13951
7290000129457,false,רוטב פטריות,יוניליוור ישראל מזון,IL,קנור רוטב פטריות 28 גרם,גרמים,28.00,100 גרם,false,1,5.00,17.8571,true,1,31462
7290000134109,false,כמון מזרחי 40 גרם,תות ממתקי איכות,IL,תבליני טעם וריח מיכל קטן כמון מזרחי 40 גרם,גרמים,40.00,100 גרם,false,1,6.90,17.2500,true,1,16116
7290000134147,false,מוסקט טחון 40 גרם,תות ממתקי איכות,IL,"תבליני טעם וריח, מוסקט טחון 100%, 40 גרם",גרמים,40.00,100 גרם,false,1,14.90,37.2500,true,1,16909
7290000134307,false,קינמון טחון שקית 50,תות ממתקי איכות,IL,"תבליני טעם וריח, 100% קינמון טחון, 50 גרם",גרמים,50.00,100 גרם,false,1,5.90,11.8000,true,1,21541
7290000134314,false,תיבול לפיצה,תות ממתקי איכות,IL,תבליני טעם וריח תערובת תיבול לפיצה 120 גרם,גרמים,120.00,100 גרם,false,1,9.90,8.2500,true,1,21589
7290000134338,false,תב.אבקת שום 90 גר מי,תבליני טעם וריח,IL,תבליני טעם וריח אבקת שום 90 גרם,גרמים,90.00,100 גרם,false,1,9.90,11.0000,true,1,16238
7290000134352,false,תבלין קינמון טחון,תות ממתקי איכות,IL,"תבליני טעם וריח, 100% קינמון טחון, 90 גרם",גרמים,80.00,100 גרם,false,1,9.90,12.3750,true,1,16023
7290000134666,false,רוזמרין 15 גרם,תות ממתקי איכות,IL,"תבליני טעם וריח, 100% רוזמרין, 15 גרם",גרמים,15.00,100 גרם,false,1,6.90,46.0000,true,1,42101
7290000134680,false,קימל שלם 40 מיכל קטן,תות ממתקי איכות,IL,"תבליני טעם וריח, 100% מקלות קינמון, 15 גרם",גרמים,40.00,100 גרם,false,1,6.90,17.2500,true,1,42103
7290000134758,false,תיבול לתפוא מיכל,תות ממתקי איכות,IL,"תבליני טעם וריח, תערובת תיבול לתפוחי אדמה, 100 גרם",גרמים,100.00,100 גרם,false,1,9.90,9.9000,true,1,42104
7290000134826,false,תבלין זעתר 100 גרם,תות ממתקי איכות,IL,"תבליני טעם וריח, תערובת תיבול זעתר , 100 גרם",גרמים,100.00,100 גרם,false,1,9.90,9.9000,true,1,16170
7290000134833,false,תבלין כמון 100 גר,תות ממתקי איכות,IL,"תבליני טעם וריח, 100% כמון מזרחי",גרמים,100.00,100 גרם,false,1,9.90,9.9000,true,1,16171
7290000134857,false,תבלין פפריקה מתוקה 1,תות ממתקי איכות,IL,"תבליני טעם וריח, פפריקה מתוקה 100%, 100 גרם",גרמים,100.00,100 גרם,false,1,9.90,9.9000,true,1,16313
7290000134864,false,תבלין פפריקה חריפה,יוליניבר,IL,תבליני טעם וריח פפריקה חריפה 100% 100 גרם,גרמים,100.00,100 גרם,false,1,9.90,9.9000,true,1,16172
7290000134871,false,פלפל שחור טחון 100 ג,תות ממתקי איכות,IL,"תבליני טעם וריח, 100% פלפל שחור טחון, 100 גרם",גרמים,100.00,100 גרם,false,1,12.90,12.9000,true,1,16352
7290000134987,false,פלפל שחור גרוס מיכל,תבליני טעם וריח,,"פלפל שחור גרוס 90 גר ""מכיל",גרמים,90.00,100 גרם,false,1,12.90,14.3333,true,1,16025
7290000135045,false,XL TEN משקה אנרגיה ב,"טמפו משקאות בע""מ",IL,XL TEN משקה אנרגיה בטעם תפוח250מל,מיליליטרים,250.00,"100 מ""ל",false,1,4.50,1.8000,true,1,96708
7290000135052,false,משקה אנרגיה XL TEN מ,"טמפו משקאות בע""מ",IL,משקה אנרגיה XL TEN מנגו פחית 250 מל,מיליליטרים,250.00,"100 מ""ל",false,1,4.50,1.8000,true,1,125519
7290000136141,false,פפסי קולה בקבוק 1.5,טמפו,IL,פפסי קולה בקבוק 1.5 ליטר,ליטרים,1.50,ליטר,false,1,8.50,5.6667,true,1,141472
7290000136240,false,מי סודה 1.5 ליטר,טמפו,IL,מי סודה 1.5 ליטר,ליטרים,1.50,ליטר,false,1,3.80,2.5333,true,1,141477
7290000136646,false,בירה נשר מאלט בקבוק,טמפו,IL,בירה נשר מאלט בקבוק 1.5 ליטר,ליטרים,1.50,ליטר,false,1,8.90,5.9333,true,1,141487
7290000136660,false,מי סודה 1.5 ליטר,טמפו,IL,מי סודה 1.5 ליטר,ליטרים,1.50,ליטר,false,1,3.80,2.5333,true,1,141771
7290000136677,false,פפסי קולה בקבוק 1.5,טמפו,IL,פפסי קולה בקבוק 1.5 ליטר,ליטרים,1.50,ליטר,false,1,8.50,5.6667,true,1,141776
7290000136684,false,פפסי קולה מקס ללא סו,טמפו,IL,פפסי קולה מקס ללא סוכר בקבוק 1.5 ליטר,ליטרים,1.50,ליטר,false,1,8.50,5.6667,true,1,141777
7290000136707,false,מירינדה בקבוק 1.5 לי,טמפו,IL,מירינדה בקבוק 1.5 ליטר,ליטרים,1.50,ליטר,false,1,8.50,5.6667,true,1,141774
7290000136776,false,פפסי מקס קולה שישייה,טמפו,IL,פפסי מקס קולה שישייה בקבוק 1.5 ליטר,ליטרים,9.00,ליטר,false,6,45.90,5.1000,true,1,141491
7290000136783,false,שישיית מירינדה,טמפו,IL,שישיית מירינדה,ליטרים,9.00,ליטר,false,6,49.90,5.5444,true,1,141492
7290000136790,false,מי סודה שישייה בקבוק,טמפו,IL,מי סודה שישייה בקבוק 1.5 ליטר,ליטרים,9.00,ליטר,false,6,17.90,1.9889,true,1,141493
7290000136844,false,מים אקווה נובה שישיי,טמפו,IL,מים אקווה נובה שישייה בקבוק 2 ליטר,ליטרים,12.00,ליטר,false,6,13.90,1.1583,true,1,141496
7290000144160,false,שמן זית כתית מעולה ב,"מרקאולאו, ספרד.אבסה,",IT,שמן זית ארומתי,מיליליטרים,750.00,"100 מ""ל",false,1,36.90,4.9200,true,1,68391
7290000148380,false,פיסטוקים קלויים קליי,קרלו,IL,קליית גת פיסטוק קלויים 200 גרם,גרמים,200.00,100 גרם,false,1,21.90,10.9500,true,1,12250
7290000148489,false,גרעיני דלעת קליית גת,קרלו,IL,"קליית גת גרעיני דלעת קלויים,200 גרם",גרמים,200.00,100 גרם,false,1,10.30,5.1500,true,1,14557
7290000148618,false,אגוזי קשיו מטוגנים ק,קרלו,IL,קליית גת קשיו מטוגן 200 גרם,גרמים,200.00,100 גרם,false,1,19.90,9.9500,true,1,12251
7290000148748,false,גרעיני חמנייה קליית,קרלו,IL,"קליית גת חמנייה קלויים, 200 גרם",גרמים,200.00,100 גרם,false,1,6.90,3.4500,true,1,12170
7290000148939,false,שקדים קלויים קליית ג,קרלו,IL,שקד קלוי 200 גר' שקית,גרמים,200.00,100 גרם,false,1,21.90,10.9500,true,1,12252
7290000149615,false,סבון מוצק תינוק,גליל כימיקלים בעממשו,IL,נקה 7 סבון מוצק תינוק 1/4,גרמים,400.00,100 גרם,false,1,12.90,3.2250,true,1,35427
7290000168173,false,ברנפלקס קרנצים 375 ג,יוניליור ישראל מזון,IL,ברנפלקס קרנצים 375 גרם,גרמים,375.00,100 גרם,false,1,25.90,6.9067,true,1,100423
7290000169798,false,דגני עוגי מופחת 20%,יוניליוור שפע ישראל,IL,תלמה דגני בוקר עוגי 500 גרם,גרמים,500.00,100 גרם,false,1,24.90,4.9800,true,1,94525
7290000185460,false,חרוסת כנרת 250 גרם,חצר כנרת,,חרוסת כנרת 250 גרם,גרמים,250.00,100 גרם,false,1,9.90,3.9600,true,1,991
7290000187938,false,נייר טואלט לילי פסטל,חוגלה קימברלי,,נייר טואלט לילי פסטל 32 גלילים,מטרים,58880.00,מטר,false,1,38.90,0.0007,true,1,48943
7290000189598,false,מטליות לחות לניקוי כ,עלבד משואות יצחק בעמ,IL,מטליות לחות לניקוי כללי 50 יח ניקול,Unknown,0.00,Unknown,false,1,11.90,0.0000,true,1,54667
7290000189659,false,מטליות לחות לרצפה,עלבד משואות יצחק בעמ,IL,ניקול מטליות לחות לניקוי הרצפה 10 יחידות,Unknown,0.00,Unknown,false,1,11.90,0.0000,true,1,60621
7290000197425,false,חיתולים פרידום דריי,קימברלי קלארק ישראל,IL,חיתולים פרידום דריי שלב 3,יחידה,1.00,יחידה,false,1,45.90,45.9000,true,1,105729
7290000197463,false,חיתולי פרידום דריי ש,קימברלי קלארק ישראל,IL,חיתולי פרידום דריי שלב +4,יחידה,1.00,יחידה,false,1,45.90,45.9000,true,1,105986
7290000197678,false,חיתולים פרידום דריי,קימברלי קלארק ישראל,IL,חיתולים פרידום דריי שלב 6,יחידה,1.00,יחידה,false,1,45.90,45.9000,true,1,105732
7290000204239,false,מטליות רצפה ניקול 4,עופרטקס,,מטליות רצפה ניקול 4 יח,לא מנהל יחידת מידה,0.00,לא מנהל יחידת מידה,false,1,12.90,0.0000,true,1,24101
7290000208022,false,עגבניות מרוסקות יכין,"זנלכל בע""מ",IL,עגבניות מרוסקות יכין 800 גרם,גרמים,800.00,100 גרם,false,1,8.90,1.1125,true,1,40770
7290000208077,false,אפונת גינה יכין 550ג,"זנלכל בע""מ",IL,אפונת גינה יכין 550גרם,גרמים,550.00,100 גרם,false,1,7.90,1.4364,true,1,16030
7290000208213,false,שעועית לבנה ברוטב עג,היינץ צפון אמריקה מק,IL,יכין שעועית לבנה ברוטב עגבניות 580 גרם,גרמים,580.00,100 גרם,false,1,7.90,1.3621,true,1,107545
7290000208329,false,תירס גרעינים מתוק יכ,"זנלכל בע""מ",IL,תירס גרעינים מתוק יכין 560 גרם,גרמים,560.00,100 גרם,false,1,7.90,1.4107,true,1,12174
7290000208336,false,רסק עגבניות 240 גרם,"זנלכל בע""מ",IL,יכין רוטב עגבניות מרוכז 240 גרם,גרמים,240.00,100 גרם,false,1,4.50,1.8750,true,1,37787
7290000208428,false,חומוס שלם יכין 560 ג,"זנלכל בע""מ",IL,יכין חומוס שלם 550 גרם,גרמים,560.00,100 גרם,false,1,7.90,1.4107,true,1,16032
7290000209722,false,תרכיז עגבניות פריכוז,"זנלכל בע""מ",IL,רסק עגבניות פריכוז 580 יכין,גרמים,580.00,100 גרם,false,1,9.90,1.7069,true,1,12175
7290000209944,false,רוטב עגבניות לשקשוקה,"זנלכל בע""מ",IL,רוטב עגבניות לשקשוקה יכין 240גרם,גרמים,240.00,100 גרם,false,1,5.50,2.2917,true,1,114927
7290000211169,false,"אורז תאילנדי 1 ק""ג","סוגת תעשיות בע""מ",IL,"אורז תאילנדי 1 ק""ג",קילוגרמים,1.00,"ק""ג",false,1,7.90,7.9000,true,1,16122
7290000266107,false,כריך שמינייה טונה,עינת תעשיות מזון,,כריך שמינייה טונה 225 גרם,גרמים,225.00,100 גרם,false,1,17.90,7.9556,true,1,44411
7290000266206,false,כריך טוניסאי 250 גרם,עינת תעשיות מזון,,כריך טוניסאי 250 גרם,גרמים,250.00,100 גרם,false,1,19.90,7.9600,true,1,47099
7290000267029,false,שקד טבעי מולבן חצוי,,IL,שקד טבעי מולבן חצוי 100 גרם שקדיה,גרמים,100.00,100 גרם,false,1,11.90,11.9000,true,1,140921
7290000267043,false,שקד טבעי מולבן פרוס,,IL,שקד טבעי מולבן פרוס 100 גרם שקדיה,גרמים,100.00,100 גרם,false,1,11.90,11.9000,false,1,140923
7290000267548,false,אגוז גרוס 100 גרם,,IL,אגוז גרוס 100 גרם שקדיה,גרמים,100.00,100 גרם,false,1,10.70,10.7000,true,1,140812
7290000289236,false,סנו K3 פתיון נמלים ג,"סנו מפעלי ברונוס בע""",IL,סנו K3 קוטל נמלים פיתיון ג'ל 12 גרם,יחידה,1.00,יחידה,false,1,49.90,49.9000,true,1,129745
7290000289472,false,שקיות אשפה 76*90 סנו,סנו מפעלי ברונוס בעמ,IL,סושי 50 ש.אשפה גדולות במיוחד,לא מנהל יחידת מידה,0.00,לא מנהל יחידת מידה,false,1,22.70,0.0000,true,1,12976
7290000295558,false,רדיד אלומיניום זוג 1,סנו סושי,CN,"רדיד אלומיניום זוג 15 מ רוחב 30 ס""מ",מטרים,1500.00,מטר,false,1,12.90,0.0086,true,1,16126
7290000295589,false,בייבי כיף טלק,מייצר :אשבל בע''מ .,IL,טלק בייבי כיף לתנוק,גרמים,200.00,100 גרם,false,1,13.90,6.9500,true,1,33457
7290000311425,false,וופל מצופה עשיריות מ,תות ממתקי איכות,IL,מאגדת ופל מצופה כחול-עשיריה,גרמים,220.00,100 גרם,false,1,9.90,4.5000,true,1,125920
7290000311869,false,ופל מן ללא סוכר 180,תות ממתקי איכות,IL,ופל מן ללא סוכר 180 גרם,גרמים,180.00,100 גרם,false,1,9.90,5.5000,true,1,90459
7290000319803,false,קבנוס קלאסי 125 גרם,מעדני יחיעם (1993) ב,IL,"יחיעם, קבנוס קלאסי 125 גרם",גרמים,125.00,100 גרם,false,1,12.90,10.3200,true,1,110871
7290000319834,false,קבנוס פפרוני קלאסי 1,מעדני יחיעם (1993) ב,IL,"יחיעם, קבנוס פפרוני , 125 גרם",גרמים,125.00,100 גרם,false,1,12.90,10.3200,true,1,110240
7290000327020,false,פפסי פחית צרה 330 שי,פפסיקו ניורק,IL,פפסי פחית צרה 330 שישייה,ליטרים,1.98,ליטר,false,6,22.90,11.5657,true,1,143085
7290000327037,false,מירינדה פחית צרה 330,פפסיקו ניורק,IL,מירינדה פחית צרה 330 שישייה,ליטרים,1.98,ליטר,false,6,22.90,11.5657,true,1,143084
7290000327044,false,סבן אפ פחית צרה 330,פפסיקו ניורק,IL,סבן אפ פחית צרה 330 שיישיה,ליטרים,1.98,ליטר,false,6,22.90,11.5657,true,1,143086
7290000364230,false,פסטרמה כפרית 100 גרם,הנסיך- מפעל לייצור ט,IL,טירת צבי כפרית 100 גרם,גרמים,100.00,100 גרם,false,1,11.80,11.8000,true,1,50811
7290000364285,false,דקניקים סלסולי פסטרמ,הנסיך- מפעל לייצור ט,IL,דקניקים סלסולי פסטרמה הודו 120 גרם,גרמים,120.00,100 גרם,false,1,15.90,13.2500,true,1,68193
7290000364506,false,סלמי כפרי 100 גרם,הנסיך- מפעל לייצור ט,IL,"טירת צבי, סלמי פריזר כפרי 100 גרם",גרמים,100.00,100 גרם,false,1,11.80,11.8000,true,1,50812
7290000377209,false,בוטנים מטוגנים קליית,"ג'י אנד ג'י בע""מ",IL,בוטנים מטוגנים קליית גת 200 גרם,גרמים,200.00,100 גרם,false,1,7.90,3.9500,true,1,15187
7290000377445,false,"חטיפי נשצ""אנס קליית",קרלו,IL,נש צ'אנס 200 גר' ב 12,גרמים,200.00,100 גרם,false,1,8.90,4.4500,true,1,15188
7290000416045,false,ממרח שוקולד השחר דלי,השחר העולה,IL,ממרח שוקולד השחר דלי1 קג,קילוגרמים,1.00,"ק""ג",false,1,25.90,25.9000,true,1,109622
7290000419893,false,קפה לנדוור טחון לבוק,מולינו ניקולי s.p.a,IL,לנדוור לבוקר טחון טורקי 100גרם,גרמים,100.00,100 גרם,false,1,8.90,8.9000,true,1,49099
7290000430102,false,קוביות קרח בשקית,אייס קיוב,,קוביות קרח בשקית,יחידה,1.00,יחידה,false,1,14.90,14.9000,true,1,15230
7290000453798,false,שמרים אקטביים 500 גר,"גי' בי' רכיבים בע""מ",,שמרים אקטביים 500 גרם,גרמים,500.00,100 גרם,false,1,15.90,3.1800,true,1,113986
7290000453866,false,נטורינה קוקוס,גרונבאנג- גרונדנסק א,DK,נטורינה קוקוס לאפייה ובישול 200 גרם,גרמים,200.00,100 גרם,false,1,8.90,4.4500,true,1,124463
7290000462141,false,סחוג אדום חריף,אף.סי תבליני בגליל ב,IL,"זהבי הכרם זחוק תמני חריף, 150 גרם",גרמים,150.00,100 גרם,false,1,9.90,6.6000,true,1,55180
7290000467511,false,ביסלי ברביקיו,אסם,,ביסלי ברביקיו 55 גרם,גרמים,55.00,100 גרם,false,1,4.00,7.2727,true,1,100186
7290000467887,false,ביסלי פיצה,אסם,,ביסלי פיצה 55 גרם,גרמים,55.00,100 גרם,false,1,4.00,7.2727,true,1,100187
7290000468747,false,ביסלי גריל,אסם,,ביסלי גריל 55 גרם,גרמים,55.00,100 גרם,false,1,4.00,7.2727,true,1,100188
7290000484747,false,עלית הארק 40% בקבוק,יקבי הגליל יוסף,,"עלית הארק 40% בקבוק 700 מ""ל",מיליליטרים,700.00,"100 מ""ל",false,1,59.90,8.5571,true,1,114456
7290000518336,false,מוש צמר גפן מתוק מס,מתוק וקל בעמ,IL,מוש צמר גפן מתוק מסיבים תזונתיים 10 גרם,גרמים,10.00,100 גרם,false,1,4.90,49.0000,true,1,144937
7290000523804,false,מלח הים האדום דק בצנ,חברת מלח הארץ אילת ב,IL,מלח הים האדום עדין צנצנת 1 קג,קילוגרמים,1.00,"ק""ג",false,1,7.20,7.2000,true,1,49174
7290000551067,false,צלי כתף מס 5,פריגוג'י/לורסינל,,"צלי כתף מס 5 ""מוכשר לק""ג",קילוגרמים,1.00,"ק""ג",true,,85.00,85.0000,true,1,25367
7290000554532,false,גבינה צפתית 5% מעודנ,הנסיך- מפעל לייצור ט,IL,גד צפתית מעודנת 5% שומן,גרמים,200.00,100 גרם,false,1,15.90,7.9500,true,1,54498
7290000571300,false,גבינה גאודה מעושנת 1,גבינות משק אחים מאיר,IL,גבינה גאודה מעושנת המחלבה 150 גרם,גרמים,150.00,100 גרם,false,1,25.90,17.2667,true,1,115526
7290000652542,false,פילה אמנון קפוא 5-7,,CN,פילה אמנון קפוא 5-7 100% דג לקג,קילוגרמים,1.00,"ק""ג",true,,38.00,38.0000,true,1,129271
7290000801476,false,אקמול7 14 פליות,טבע,,אקמול 14 קפליות,לא מנהל יחידת מידה,0.00,לא מנהל יחידת מידה,false,1,15.50,0.0000,true,1,23836
7290000802886,false,אלרין תרסיס טיפות אף,פריגו,US,"אלרין תרסיס טיפות אף 30 מ""ל מבוגרים",מיליליטרים,30.00,"100 מ""ל",false,1,32.90,109.6667,true,1,141047
7290000802909,false,עדינול משחה לתינוק10,מיוצר עי קונדיטוריית,IL,עדינול משחה לתינוק קלאסיק 100 גרם,גרמים,100.00,100 גרם,false,1,15.70,15.7000,true,1,9820
7290000805917,false,לה-קט 2.85 קג כבד,יו פי אף,FR,לה קט גריל 2.85 קג,קילוגרמים,2.85,"ק""ג",false,1,59.90,21.0175,true,1,9850
7290000849478,false,סרקל מרכך שיער לילדי,הדקלאים אגודת שיתופי,IL,"סרקל מרכך שיער לילדים 500 מ""ל",מיליליטרים,500.00,"100 מ""ל",false,1,15.90,3.1800,true,1,10353
7290000849492,false,סרקל שמפו לילדים 500,הדקלאים אגודת שיתופי,IL,"סרקל שמפו לילדים 500 מ""ל",מיליליטרים,500.00,"100 מ""ל",false,1,15.90,3.1800,true,1,10354
7290000850160,false,נורופן לילדים תרחיף,רקיט בנקיזר,,"נורופן לילדים תרחיף בטעם תפוז 100 מ""ל",מיליליטרים,100.00,"100 מ""ל",false,1,24.90,24.9000,true,1,79941
7290000995410,false,נבטים סינים,חקלאי,IL,נבטים סינים,גרמים,370.00,100 גרם,false,1,7.90,2.1351,true,1,51425
7290001045633,false,לימון עם נענע,השחר,IL,פרימור משקה קל לימונים ונענע 400 מל,מיליליטרים,400.00,"100 מ""ל",false,1,8.50,2.1250,true,1,13335
7290001045688,false,מיץ תפוזים סחוט פרימ,השחר,IL,פרימור מיץ תפוזים סחוט 400 מל,מיליליטרים,400.00,"100 מ""ל",false,1,8.50,2.1250,true,1,13332
7290001121238,false,קורנדביף,יחיעם,IL,יחיעם קורנד ביף 180 גרם,גרמים,180.00,100 גרם,false,1,25.90,14.3889,true,1,62028
7290001121979,false,סלמי הרץ 150 גרם,מעדני יחיעם (1993) ב,IL,"יחיעם, סלמי הרץ, 150 גרם",גרמים,150.00,100 גרם,false,1,25.90,17.2667,true,1,85082
7290001124536,false,תבשילמגיק אטריותבכוס,טאט הוי פוד בעמ,SG,מג'יק ארוחת נודלס בטעם תירס 70 גרם,גרמים,70.00,100 גרם,false,1,4.60,6.5714,true,1,121676
7290001201589,false,ביצים ארוזות L,,,ביצים ארוזות12 יח L,לא מנהל יחידת מידה,0.00,לא מנהל יחידת מידה,false,1,12.05,0.0000,true,1,133648
7290001201596,false,ביצים ארוזות12 יח M,,,ביצים ארוזות12 יח M,לא מנהל יחידת מידה,0.00,לא מנהל יחידת מידה,false,1,11.15,0.0000,true,1,133649
7290001216040,false,טחינת אל ארז 500 גרם,דולפין ספא,IL,טחינת אל ארז 500 גרם,גרמים,500.00,100 גרם,false,1,16.90,3.3800,true,1,62607
7290001230331,false,סיגריות כאמל בוקס חפ,JTI,,סיגריות כאמל בוקס חפיסה בודד,יחידה,0.00,יחידה,false,1,32.00,0.0000,false,1,14556
7290001230739,false,סיגריות קאמל כחול,JTI,,סיגריות כאמל כחול חפיסה בודד,יחידה,0.00,יחידה,false,1,32.00,0.0000,false,1,20118
7290001231932,false,סיגריות וינסטון כחול,JTI,,סיגריות וינסטון כחול בוקס חפיסה בודד,לא מנהל יחידת מידה,0.00,לא מנהל יחידת מידה,false,1,34.30,0.0000,false,1,14545
7290001302279,false,במבה קלאסי,מיוצר עי קונדיטוריית,IL,במבה קלאסי כלפ.48*60גרם,גרמים,60.00,100 גרם,false,1,4.90,8.1667,true,1,100184
7290001407769,false,טחינה משומשום מלא בא,רושדי תעשיות מזון בע,IL,בארכה טחינה עם שומשום מלא 12*500גרם,גרמים,500.00,100 גרם,false,1,17.90,3.5800,true,1,38205
7290001407936,false,טחינה מעודנת בארכה,רושדי תעשיות מזון בע,IL,בארכה טחינה מעודנת 12*310גרם,גרמים,310.00,100 גרם,false,1,13.90,4.4839,true,1,114282
7290001419618,false,ופלים בלגי שוקולד על,גילרו,,ופלים בלגי שוקולד עלמה 200 גרם,גרמים,200.00,100 גרם,false,1,3.90,1.9500,true,1,68219
7290001419779,false,ופלים שוקולד עלמה 20,"גילרו בע""מ",,ופלים שוקולד עלמה 200 גרם,גרמים,200.00,100 גרם,false,1,3.90,1.9500,true,1,36902
7290001419793,false,גביעי גלידה מגולגלים,"גילרו בע""מ",,גביעי גלידה מגולגלים 12 יח,גרמים,132.00,100 גרם,false,1,11.90,9.0152,true,1,47927
7290001419892,false,ופלים לימון עלמה 200,"גילרו בע""מ",,ופלים לימון עלמה 200 גרם,גרמים,200.00,100 גרם,false,1,3.90,1.9500,true,1,49307
7290001468753,false,קמח תפוח אדמה נאמן,תבליני ביטון,IL,קמח תפוח אדמה נאמן כשלפ 500 גרם,גרמים,500.00,100 גרם,false,1,6.50,1.3000,true,1,142784
7290001482186,false,אננס חתוך567 גר .,הנסיך- מפעל לייצור ט,TH,ויליפוד חתיכות אננס בסירופ קל 565 גרם,גרמים,567.00,100 גרם,false,1,5.90,1.0406,true,1,112249
7290001482506,false,חומץ בלסמי ממודנה,,IT,"חומץ בלסמי ממודנה 500 מ""ל",מיליליטרים,500.00,"100 מ""ל",false,1,19.90,3.9800,true,1,627
7290001567760,false,פסטרמה של פעם ללא חו,יחיעם,IL,יחיעם פסטרמה של פעם 300 גרם,גרמים,300.00,100 גרם,false,1,25.90,8.6333,true,1,114383
7290001567807,false,כתף בקר מעושן יחיעם,פ.פ.ח. שאביט,IL,כתף בקר מעושן יחיעם 250 גרם,גרמים,250.00,100 גרם,false,1,28.90,11.5600,true,1,118653
7290001594025,false,קוקה קולה קלאסי,החברה המרכזית לייצור,IL,"קוקה קולה קלאסי בקבוק 330 מ""ל",מיליליטרים,330.00,"100 מ""ל",false,1,7.00,2.1212,true,1,20502
7290001594520,false,בירה טובורג 330 מל,מולינו ניקולי s.p.a,IL,"טובורג בק 330 מ""ל פקדון",מיליליטרים,330.00,"100 מ""ל",false,1,9.50,2.8788,true,1,12253
7290001670057,false,כפיות חד פעמי 100 יח,"איטיליאן פוד, אס.פי.",IL,הנמל כפיות לבן 100 יחידות,Unknown,0.00,Unknown,false,1,12.90,0.0000,true,1,17838
7290001670071,false,כפות חד פעמי 100 יחי,"איטיליאן פוד, אס.פי.",IL,הנמל כפות לבן 100 יחידות,Unknown,0.00,Unknown,false,1,15.90,0.0000,true,1,12949
7290001670873,false,צלחות עבות במיוחד 66,"איטיליאן פוד, אס.פי.",IL,צלחות עבות במיוחד 66 יחידות,קילוגרמים,1.00,"ק""ג",false,1,54.90,54.9000,true,1,12950
7290001710159,false,"גולש עגל ארוז לק""ג",לאטי עזרא גלם ודגים,,"גולש עגל ארוז לק""ג",קילוגרמים,1.00,"ק""ג",true,,54.00,54.0000,true,1,60872
7290001710357,false,עוף שלם קפוא,לאטי עזרא,,"עוף שלם קפוא לק""ג",קילוגרמים,1.00,"ק""ג",true,,30.00,30.0000,true,1,88093
7290001710548,false,כנפיים עוף קפוא לקג,לאטי עזרא,,כנפיים עוף קפוא לקג,קילוגרמים,1.00,"ק""ג",true,,12.90,12.9000,true,1,82967
7290001710661,false,חזה עוף קפוא,מעדני הטלה והעגל,,חזה עוף קפוא קג,קילוגרמים,1.00,"ק""ג",true,,34.90,34.9000,true,1,82968
7290001710814,false,טחון בקר 500 גר,מעדני הטלה,,"טחון בקר 500 גר """,גרמים,500.00,100 גרם,false,1,26.90,5.3800,true,1,78772
7290001710869,false,"שניצל עוף קפוא לק""ג",לאטי עזרא,,"שניצל עוף קפוא לק""ג",קילוגרמים,1.00,"ק""ג",true,,47.00,47.0000,true,1,85318
7290001713105,false,עלמה נייר אפייה 50 י,קומפלקס כימיקלים,IL,עלמה נייר אפייה 50 יחידות,יחידה,50.00,יחידה,false,1,8.90,0.1780,true,1,144020
7290001713242,false,עלמה שקיות אשפה 25 י,אסיר פלסט,TR,עלמה שקיות אשפה 25 יחידות 75 90 עם ידית,יחידה,25.00,יחידה,false,1,12.90,0.5160,true,1,144026
7290001713501,false,עלמה רדיד אלומיניום,קומפלקס כימיקלים,IL,עלמה רדיד אלומיניום עלמה עבה 45 סמ 50 מ,יחידה,1.00,יחידה,false,1,38.90,38.9000,true,1,144237
7290001713662,false,מרכך כביסה מרוכז בני,טרסאן,TR,מרכך כביסה מרוכז בניחוח בית מלון רויאל 1,ליטרים,1.00,ליטר,false,1,11.90,11.9000,true,1,144030
7290001713860,false,מרכך כביסה מרוכז בני,טרסאן,TR,מרכך כביסה מרוכז בניחוח בית מלון ספא 1 ל,ליטרים,1.00,ליטר,false,1,11.90,11.9000,true,1,144033
7290001713891,false,עלמה מיקרופייבר לניק,קומפלקס כימיקלים,CN,עלמה מיקרופייבר לניקוי שיש חמישייה,יחידה,5.00,יחידה,false,1,9.90,1.9800,true,1,144035
7290001713938,false,עלמה ניילון נצמד 150,קומפלקס כימיקלים,IL,עלמה ניילון נצמד 150 מטר,מטרים,150.00,מטר,false,1,18.90,0.1260,true,1,144238
7290001723364,false,מוצץ סילי אורטודנטי,,,מוצץ סילי אורטודנטי ידית קצר,Unknown,0.00,Unknown,false,1,26.90,0.0000,true,1,16385
7290001780428,false,גלידיאט שוקו עם סירו,המאפיה של הרמן,IL,נסטלה שלגון לייט שוקולד מאח בדצ.6 6*52ג,גרמים,312.00,100 גרם,false,1,27.90,8.9423,true,1,16723
7290001780800,false,שלגון קראנץ ליבת נוג,נגה גלידות,,שלגון קראנץ ליבת נוגט,Unknown,0.00,Unknown,false,1,10.50,0.0000,true,1,22340
7290001791349,false,אקונומיקה ריחנית פיס,"סנו מפעלי ברונוס בע""",IL,אקונומיקה ריחנית פיסגה 4 ליטר,ליטרים,4.00,ליטר,false,1,11.90,2.9750,true,1,42106
7290001791776,false,סנו די רולאון+אלוורה,קוסמופארם בעמ,IL,סנו די פלוס אלוורה כדורית 50 מל,מיליליטרים,50.00,"100 מ""ל",false,1,19.90,39.8000,true,1,41791
7290001873441,false,בלאק אנגוס בורגר,מולינו ניקולי s.p.a,IL,המבורגר BLACK ANGUS 320 גרם,גרמים,320.00,100 גרם,false,1,29.90,9.3437,true,1,129752
7290001990094,false,סוכר חום בצנצנת סוגת,האי נאם סי או אל.טי.,IL,"סוכר חום בצנצנת סוגת 1 ק""ג",קילוגרמים,1.00,"ק""ג",false,1,15.90,15.9000,true,1,16316
7290001990117,false,שומשום סוגת 100 גרם,"סוגת תעשיות בע""מ",IL,שומשום 100 גר',גרמים,100.00,100 גרם,false,1,4.20,4.2000,true,1,41844
7290001990148,false,סוכר גולדן קלאסי סוג,האי נאם סי או אל.טי.,IL,סוכר גולדן קלאסי צנצנת 1 קג,קילוגרמים,1.00,"ק""ג",false,1,11.50,11.5000,true,1,16443
7290002007821,false,"צבע מאכל אדום 55 מ""ל",ממתקי עלה ייצור שיוו,IL,"צבע מאכל אדום 55 מ""ל",מיליליטרים,55.00,"100 מ""ל",false,1,3.90,7.0909,true,1,16241
7290002007982,false,מזלגות חד פעמי 100 י,"איטיליאן פוד, אס.פי.",IL,"הנמל מזלגות, 100 יחידות",Unknown,0.00,Unknown,false,1,15.90,0.0000,true,1,12959
7290002008019,false,סוכריות לעוגה גמבו ש,ממתקי עלה יצור ושיוו,IL,הנמל סוכריות לקישוט שוקולד 200 גרם,גרמים,200.00,100 גרם,false,1,9.50,4.7500,true,1,28248
7290002008361,false,דפים לסנדויץ 200 יחי,הנמל אריזות ושיווק (,IL,הנמל דפים לסנדוויץ 200 יחידות,יחידה,200.00,יחידה,false,1,13.90,0.0695,true,1,79704
7290002008507,false,נייר אפיה הנמל 50 יח,"איטיליאן פוד, אס.פי.",IL,הנמל נייר אפייה 50 יח,לא מנהל יחידת מידה,0.00,לא מנהל יחידת מידה,false,1,10.90,0.0000,true,1,16445
7290002008774,false,שומשום הנמל 200 גרם,הנמל אריזות ושיווק ב,IL,הנמל שומשום 200 גרם,גרמים,200.00,100 גרם,false,1,6.50,3.2500,true,1,74475
7290002020189,false,מיני סופגניה עם מילו,"גידרון תעשיות בע""מ",,מיני סופגניה עם מילוי ריבה 40 גרם,גרמים,40.00,100 גרם,false,1,2.90,7.2500,true,1,49594
7290002020493,false,שבלול פילו תרד,"גידרון תעשיות בע""מ",,שבלול פילו תרד,קילוגרמים,1.00,"ק""ג",true,,49.90,49.9000,true,1,59905
7290002043072,false,פריכוני אורז חום מלא,נוהלס,BG,פריכוני אורז חום מלא בציפוי שוקו חלב70ג,גרמים,70.00,100 גרם,false,1,7.90,11.2857,true,1,132395
7290002043782,false,ציפס אורז חום מלא טק,נוהלס,BG,ציפס אורז חום מלא טקסס ברביקיו 60גרם,גרמים,60.00,100 גרם,false,1,5.90,9.8333,true,1,132391
7290002057468,false,מלפפונים בחומץ יבנה1,קדבורי,IL,מלפפונים בחומץ יבנה10-12 540 גרם,גרמים,540.00,100 גרם,false,1,8.50,1.5741,true,1,15288
7290002057475,false,מלפפון קטן בחומץ 13-,קדבורי,IL,מלפפון קטן בחומץ 13-17 540גרם יבנה,גרמים,540.00,100 גרם,false,1,10.90,2.0185,true,1,15298
7290002079156,false,פיתה 1/5,מאפיית דוידוביץ,,פיתה 1/5,יחידה,1.00,יחידה,false,1,5.00,5.0000,true,1,15235
7290002079217,false,מחמצת עם אגוזים שיפו,מאפית דוידוביץ,IL,מחמצת עם אגוזים שיפון 650 גרם,גרמים,650.00,100 גרם,false,1,13.90,2.1385,true,1,130571
7290002079316,false,חלה מעודנת פרוסה,מאפית דוידוביץ ובניו,IL,דוידוביץ חלה מעודנת פרוסה 500 גרם,גרמים,500.00,100 גרם,false,1,9.80,1.9600,true,1,15237
7290002079361,false,לחמניות המבורגר,מאפיית אחדות חיפה,IL,לחמניות המבורגר פרוס 1/8,גרמים,480.00,100 גרם,false,1,15.80,3.2917,true,1,15238
7290002079477,false,לחם אחיד פרוס*,מאפיית דוידוביץ ובני,IL,דוידוביץ לחם אחיד פרוס 750 גרם,גרמים,750.00,100 גרם,false,1,7.11,0.9480,true,1,15239
7290002079590,false,חלה רגילה**,מאפיית דוידוביץ,,חלה רגילה**,גרמים,0.00,100 גרם,false,1,5.17,0.0000,true,1,15243
7290002079613,false,חלה קלועה פרג,,,חלה קלועה פרג 500 גר .,גרמים,500.00,100 גרם,false,1,12.50,2.5000,true,1,15244
7290002079682,false,לחמניה שמניה/בייגלה,מאפיית דוידוביץ,,לחמניה שמניה/בייגלה 120 גר,גרמים,120.00,100 גרם,false,1,3.50,2.9167,true,1,15246
7290002079927,false,לחם דגנים מלא,מאפיית דוידוביץ,IL,לחם דגנים מלא,גרמים,750.00,100 גרם,false,1,13.90,1.8533,true,1,69335
7290002128083,false,נרות חנוכה בקופסא 44,,,נרות חנוכה בקופסא 44 יחידות,יחידה,1.00,יחידה,false,1,5.90,5.9000,true,1,120897
7290002128205,false,נרות חנוכה לוקס,,,נרות חנוכה לוקס,יחידה,1.00,יחידה,false,1,11.90,11.9000,true,1,21029
7290002128335,false,כוסות שתייה חמה50 יח,טיי פרידה,CN,כוסות שתייה חמה50 יח OZ8,יחידה,1.00,יחידה,false,1,13.90,13.9000,true,1,130359
7290002128403,false,נרות שבת אורה מספר 4,מנורה,IL,נרות שבת אורה מספר 4,יחידה,1.00,יחידה,false,1,3.90,3.9000,true,1,114423
7290002281498,false,ריץ מגורדת 500 ג בסי,האי נאם סי או אל.טי.,PL,"ריץ', צהובה מגורדת, לפיצה, אפייה ובישול ועוד",גרמים,500.00,100 גרם,false,1,24.90,4.9800,true,1,125041
7290002281832,false,פילה מדומה קפוא מס 6,פריגוג'י/לורסינל,,פילה מדומה קפוא מס 6 מוכשר,קילוגרמים,1.00,"ק""ג",true,,44.90,44.9000,true,1,131977
7290002317128,false,מלפפון במלח 10-12 A2,מוטולה,IL,מלפפון במלח 10-12 A2 מוטולה 320 גרם,גרמים,320.00,100 גרם,false,1,9.90,3.0938,true,1,145303
7290002317265,false,מלפפון במלח +20%מוטו,מוטולה,IL,מלפפון במלח +20%מוטולה 7-9 380A2גרם,גרמים,380.00,100 גרם,false,1,7.90,2.0789,true,1,61710
7290002317289,false,חצילים כבושים מוטול,מוטולה,IL,חצילים כבושים מוטולה 320גרם,גרמים,320.00,100 גרם,false,1,8.90,2.7813,true,1,145306
7290002319016,false,אבקת אפיה מיה עשירי,מיה,IL,אבקת אפיה מיה עשיריות 100גרם,גרמים,100.00,100 גרם,false,1,2.90,2.9000,true,1,144816
7290002319023,false,סוכר וניל מיה עשיריו,מיה,IL,סוכר וניל מיה עשיריות 100גרם,גרמים,100.00,100 גרם,false,1,2.90,2.9000,true,1,144817
7290002319061,false,קוקוס טחון מיה 100,מיה,IL,קוקוס טחון מיה 100 גרם,גרמים,100.00,100 גרם,false,1,3.90,3.9000,true,1,97112
7290002319078,false,שומשום מיה 100 גרם,מיה,IL,שומשום מיה 100 גרם,גרמים,100.00,100 גרם,false,1,3.90,3.9000,true,1,144830
7290002319160,false,אפונה מיה 500 גרם,מיה,IL,אפונה מיה 500 גרם,גרמים,500.00,100 גרם,false,1,4.90,0.9800,true,1,144835
7290002319221,false,חיטה מיה 500 גרם,מיה,IL,חיטה מיה 500 גרם,גרמים,500.00,100 גרם,false,1,4.90,0.9800,true,1,144844
7290002319375,false,קורנפלור מיה 200 גר,מיה,IL,קורנפלור מיה 200 גרם,גרמים,200.00,100 גרם,false,1,3.90,1.9500,true,1,144807
7290002319771,false,תמצית אפיה וניל מיה,מיה,IL,תמצית אפיה וניל מיה 50 מל,מיליליטרים,50.00,"100 מ""ל",false,1,3.90,7.8000,true,1,144808
7290002331018,false,מים נביעות פקק רגיל,תות תעשיות מזון (201,IL,נביעות 500 פ.שטוח פיקדון,מיליליטרים,500.00,"100 מ""ל",false,1,3.90,0.7800,true,1,14375
7290002331124,false,מי נביעות +בטעם תפוח,תות תעשיות מזון (201,IL,נביעות+ בטעם תפוח 500 מל,מיליליטרים,500.00,"100 מ""ל",false,1,8.90,1.7800,true,1,33899
7290002331155,false,מי נביעות + בטעם אפר,תות תעשיות מזון (201,IL,"נביעות + בטעם אפרסק 500 מ""ל",מיליליטרים,500.00,"100 מ""ל",false,1,8.90,1.7800,true,1,33900
7290002331490,false,מים נביעות בקבוק 1 ל,תות תעשיות מזון (201,IL,נביעות 1 ליטר,ליטרים,1.00,ליטר,false,1,4.90,4.9000,true,1,97722
7290002331711,false,מי נביעות +בטעם ענבי,תות תעשיות מזון (201,IL,"נביעות + בטעם ענבים 500 מ""ל",מיליליטרים,500.00,"100 מ""ל",false,1,8.90,1.7800,true,1,43071
7290002345022,false,אנטריקוט דקדק,קרלו,IL,אל גאוצ'ו מינוט סטייק אנטריקוטדקדק 250 גרם,גרמים,250.00,100 גרם,false,1,26.90,10.7600,true,1,118679
7290002345282,false,נתחי פילה סלמון נורו,דלידג,,נתחי פילה סלמון נורווגי קפוא 100% דג,קילוגרמים,1.00,"ק""ג",true,,89.90,89.9000,true,1,118990
7290002371540,false,קורנדביף 120 גרם,הנסיך- מפעל לייצור ט,IL,טירת צבי דקניקים קורנדביף 120 גרם,גרמים,120.00,100 גרם,false,1,15.90,13.2500,true,1,95297
7290002410638,false,"סטייק עין 800 גר ""במ",מעדני הטלה,,"סטייק עין 800 גר ""במגש",גרמים,800.00,100 גרם,false,1,69.90,8.7375,true,1,73245
7290002410881,false,לבבות עוף,לאטי עזרא,,לבבות עוף 500 גרם,גרמים,500.00,100 גרם,false,1,18.90,3.7800,true,1,106989
7290002461180,false,כרעיים עוף ארוז,מעדני הטלה והעגל,,כרעיים עוף ארוז קג,קילוגרמים,1.00,"ק""ג",true,,32.90,32.9000,true,1,82969
7290002472629,false,עוגת שמרים ושוקולד,"גידרון תעשיות בע""מ",,עוגת שמרים ושוקולד,גרמים,540.00,100 גרם,false,1,14.90,2.7593,true,1,14582
7290002472636,false,עוגת שמרים תפוח עץ,"גידרון תעשיות בע""מ",,עוגת שמרים תפוח עץ,גרמים,520.00,100 גרם,false,1,21.90,4.2115,true,1,14576
7290002472667,false,עוגת שמרים גבינה,"גידרון תעשיות בע""מ",,עוגת שמרים גבינה,גרמים,520.00,100 גרם,false,1,21.90,4.2115,true,1,14581
7290002517276,false,פלפל אנגלי שלם 25 גר,תות ממתקי איכות,IL,תבליני טעם וריח מיכל קטן פלפל אנגלי שלם 25 גרם,גרמים,25.00,100 גרם,false,1,6.90,27.6000,true,1,41758
7290002517337,false,תבלין אורגנו בשקית 2,תות ממתקי איכות,IL,תבליני טעם וריח 100% אורגנו 20 גרם,גרמים,20.00,100 גרם,false,1,5.90,29.5000,true,1,40205
7290002517603,false,בזיליקום ריחן 10 גרם,תות ממתקי איכות,IL,"תבליני טעם וריח בזיליקום (ריחן), 10 גרם",גרמים,10.00,100 גרם,false,1,6.90,69.0000,true,1,40773
7290002517634,false,כוסברה 30 גר,תות ממתקי איכות,IL,תבליני טעם וריח כוסברה 30 גרם,גרמים,30.00,100 גרם,false,1,6.90,23.0000,true,1,40776
7290002517689,false,אבקת קרי 40 גרם,תות ממתקי איכות,IL,תבליני טעם וריח אבקת קרי 40 גרם,גרמים,40.00,100 גרם,false,1,6.90,17.2500,true,1,40781
7290002517726,false,מקלות קינמון 15 גרם,תות ממתקי איכות,IL,תבליני טעם וריח מקלות קינמון 100%,גרמים,15.00,100 גרם,false,1,6.90,46.0000,true,1,40785
7290002517733,false,קצח,תות ממתקי איכות,IL,"תבליני טעם וריח, 100% קצח, 40 גרם",גרמים,40.00,100 גרם,false,1,6.90,17.2500,true,1,40786
7290002542506,false,בירה קורונה בקבוק 35,קריניציה ויטמינה אס,MX,בירה קורונה אקסטרה 355 מל,מיליליטרים,355.00,"100 מ""ל",false,1,10.90,3.0704,true,1,69255
7290002542773,false,סטלה ארטואה - בק 330,סטלה,BE,סטלה ארטואה בק 330 מל,מיליליטרים,330.00,"100 מ""ל",false,1,9.90,3.0000,true,1,132499
7290002542780,false,סטלה ארטואה - שישיה,סטלה,BE,סטלה ארטואה שישיה 6 בק*330 מל,ליטרים,1.32,ליטר,false,1,39.90,30.2273,true,1,132500
7290002618263,false,טבעות בצל שף הטבע,משק ויילר,IL,טבעות בצל שף הטבע 600גרם,גרמים,600.00,100 גרם,false,1,24.90,4.1500,true,1,144714
7290002627210,false,גפילטע פיש דלידג ב,האי נאם סי או אל.טי.,IL,גפילטע פיש דלידג בצנצנת 560 גרם,גרמים,560.00,100 גרם,false,1,14.90,2.6607,true,1,127735
7290002692478,false,שמן זית כתית מעולה מ,"מרקאולאו, ספרד.אבסה,",IT,"שמן זית כתית מעולה מעודן עץ הזית 750 מ""ל",מיליליטרים,750.00,"100 מ""ל",false,1,36.90,4.9200,true,1,32835
7290002735014,false,מלווח ינון 800 גר,ג'נרל מילס סאן אדריא,IL,מלווח ינון 800 גר,גרמים,800.00,100 גרם,false,1,14.90,1.8625,true,1,57200
7290002735021,false,גחנון 750 גר ינון,ג'נרל מילס סאן אדריא,IL,גחנון 700 גר ינון,גרמים,700.00,100 גרם,false,1,14.90,2.1286,true,1,57201
7290002735274,false,גחנון אפוי ינון 600ג,ג'נרל מילס סאן אדריא,IL,גחנון אפוי ינון 600גרם,גרמים,750.00,100 גרם,false,1,16.90,2.2533,true,1,59419
7290002752349,false,סוכריות מנטוס מנטה ג,קדבורי,NL,גליל מנטוס סוכריות לעיסה בטעם מנטה,גרמים,38.00,100 גרם,false,1,3.90,10.2632,true,1,12176
7290002757535,false,בורקס פילו אצבעות גב,יוליניבר,IL,שלושת האופים בורקס פילו אצבעות גבינה 700 גרם,גרמים,700.00,100 גרם,false,1,19.90,2.8429,true,1,56768
7290002771128,false,קפה תורכי נחלה 250 ג,מולינו ניקולי s.p.a,IL,קפה תורכי נחלה 250 גרם,גרמים,250.00,100 גרם,false,1,17.90,7.1600,true,1,15310
7290002793311,false,שרות החלפה גז 60,סודה סטרים,,שרות החלפה מילוי גז 60,יחידה,0.00,יחידה,false,1,59.00,0.0000,true,1,69766
7290002814504,false,סנט מוריץ מגבונים לר,קומפלקס כימיקלים,IL,סנט מוריץ מגבונים לרצפה 10 יחידות מלון,יחידה,1.00,יחידה,false,1,10.90,10.9000,true,1,144239
7290002814542,false,עלמה שקיות אשפה 25 י,אסיר פלסט,TR,עלמה שקיות אשפה 25 יחידות 75 90,יחידה,25.00,יחידה,false,1,10.90,0.4360,true,1,144047
7290002814900,false,סבון אסלה כדוריות לי,גורקה,TR,סבון אסלה כדוריות לימון שלישיה,יחידה,3.00,יחידה,false,1,11.90,3.9667,true,1,144060
7290002814948,false,סנט מוריץ מגבוני דלי,קומפלקס כימיקלים,IL,סנט מוריץ מגבוני דלי לרצפה 50 יחידות,יחידה,50.00,יחידה,false,1,29.90,0.5980,true,1,144240
7290002814986,false,סנט מוריץ מגבונים לנ,קומפלקס כימיקלים,IL,סנט מוריץ מגבונים לניקוי כללי בדלי 400 י,יחידה,400.00,יחידה,false,1,21.90,0.0547,true,1,144241
7290002879237,false,חטיף ציפס תירס ברביק,דדוש דניאל,,חטיף ציפס תירס ברביקיו 200 גרם,גרמים,200.00,100 גרם,false,1,12.90,6.4500,true,1,55839
7290002879633,false,וופל בלגי 1/10 550 ג,הרטו בלגיה,BE,וופל בלגי 1/10 550 גרם,גרמים,550.00,100 גרם,false,1,24.90,4.5273,true,1,140349
7290002881551,false,עלי גפן ממולאים באור,אסמא קונסרב,,עלי גפן ממולאים באורז תומר 400 גרם,גרמים,400.00,100 גרם,false,1,10.90,2.7250,true,1,112052
7290002929635,false,טונה וילגר בשמן 140,"ויליגר תעשיות בע""מ",IL,ויליגר נתחי טונה בהירה בשמן 140 גרם,גרמים,140.00,100 גרם,false,1,5.90,4.2143,true,1,109438
7290002986652,false,ביסקוויט פתיבר שוקו,"אחים גטניו בע""מ",,ביסקוויט פתיבר שוקו גטניו 470 גרם,גרמים,470.00,100 גרם,false,1,9.90,2.1064,true,1,34755
7290003009312,false,בוטנים קלויים קליית,הדקלאים אגודת שיתופי,IL,בוטן קלוי 200 גר' שק',גרמים,200.00,100 גרם,false,1,7.90,3.9500,true,1,12265
7290003009329,false,בוטנים אמריקאיים קלי,ששון ושות' (ש.ת. תעש,IL,בוטן אמריק'200 גר'שק (ב(24,גרמים,200.00,100 גרם,false,1,6.90,3.4500,true,1,12178
7290003009336,false,קבוקים מצופים קליית,קוד יצרן JG,IL,קבוקים 200 גר'שק'ב24,גרמים,200.00,100 גרם,false,1,6.90,3.4500,true,1,13873
7290003026234,false,קמיל בלו תחליב לתינו,הדקלאים אגודת שיתופי,IL,קמיל בלו סנסיטיב תחליב לתינוק 500 גרם,מיליליטרים,500.00,"100 מ""ל",false,1,24.90,4.9800,true,1,18734
7290003029792,false,מארז שוקו יטבתה 8 שק,שטראוס גרופ,,מארז שוקו יטבתה 8 שקיות,ליטרים,1.80,ליטר,false,1,17.80,9.8889,true,1,31569
7290003029815,false,חלב מועשר 3% בכד יטב,מחלבת יטבתה,IL,חלב מועשר 3% בכד יטבתה 2 ליטר,ליטרים,2.00,ליטר,false,1,15.60,7.8000,true,1,31923
7290003029907,false,קפה יטבתה בקבוק 1 לי,מחלבת יטבתה,IL,אייס קפה 1 ליטר,ליטרים,1.00,ליטר,false,1,12.90,12.9000,true,1,34015
7290003055128,false,טישו פיור 100 יח,חיי נייר,IL,טישו פיור 100 יח,יחידה,1.00,יחידה,false,1,3.90,3.9000,true,1,128508
7290003060078,false,קמח שיפון מלא טחנות,טחנות ישראל,IL,"קמח שיפון מלא טחנות ישראליות 1 ק""ג",קילוגרמים,1.00,"ק""ג",false,1,4.90,4.9000,true,1,140943
7290003060276,true,קמח בהיר מנופה,,,קמח בהיר מנופה,קילוגרמים,1.00,"ק""ג",false,1,8.90,8.9000,true,1,132678
7290003072859,false,רוסטביף 120 גרם,הנסיך- מפעל לייצור ט,IL,טירת צבי דלקטיב רוסטביף 120 גרם,מיליליטרים,120.00,"100 מ""ל",false,1,26.90,22.4167,true,1,128672
7290003102136,false,צמר גפן COTTON SOFT,הדקלאים אגודת שיתופי,TR,צמר גפן מכותנה טבעית 100 גרם,גרמים,100.00,100 גרם,false,1,4.90,4.9000,true,1,80714
7290003142477,false,ערמונים,הדקלאים אגודת שיתופי,IL,ערמונים קלויים 100 גרם,גרמים,100.00,100 גרם,false,1,7.90,7.9000,true,1,106437
7290003144075,false,עוגה אישית שוקולד ונ,פרדי קונדטוריה אס.פי,,עוגה אישית שוקולד וניל צוקטה 30 גרם,גרמים,30.00,100 גרם,false,1,1.90,6.3333,true,1,111975
7290003144310,false,תערובת אגוזים וחמוצי,J&G PECANS,IL,תע'אגוזים וחמוציות 150 גר,גרמים,150.00,100 גרם,false,1,19.90,13.2667,true,1,119056
7290003145751,false,אגוזי קשיו קלויים קל,הדקלאים אגודת שיתופי,IL,"קליית גת אגוזי קלויים, 200 גרם",גרמים,200.00,100 גרם,false,1,19.90,9.9500,true,1,50461
7290003158164,false,בורקס ריקוטה,"גידרון תעשיות בע""מ",,בורקס ריקוטה,קילוגרמים,1.00,"ק""ג",true,,49.90,49.9000,true,1,80795
7290003163939,false,"נקניקיות גריל 1.5 ק""",יושלם,,"נקניקיות גריל 1.5 ק""ג",קילוגרמים,1.50,"ק""ג",false,1,33.90,22.6000,true,1,85600
7290003208890,false,וודקה פינלנדיה,יושלם,,"וודקה פינלנדיה 200 מ""ל",מיליליטרים,200.00,"100 מ""ל",false,1,29.90,14.9500,true,1,84427
7290003210114,false,טרופית בוסתן 200 מל,בוסתן,IL,טרופית בוסתן 200 מל,מיליליטרים,200.00,"100 מ""ל",false,1,2.90,1.4500,true,1,126971
7290003220380,false,מעדני מלך סנדוויץ שו,אחים פפושדו,IL,מעדני מלך סנדוויץ שוקו 150ג,גרמים,150.00,100 גרם,false,1,4.50,3.0000,true,1,140735
7290003220397,false,מעדני מלך סנדוויץ ונ,אחים פפושדו,IL,מעדני מלך סנדוויץ וניל 150ג,גרמים,150.00,100 גרם,false,1,4.50,3.0000,true,1,140736
7290003220434,false,ביסקוויט פתיבר וניל,אפיפית,,ביסקוויט פתיבר וניל מעדני המלך 110 גרם,גרמים,110.00,100 גרם,false,1,3.50,3.1818,true,1,113936
7290003220441,false,ביסקוויט פתיבר שוקו,אפיפית,,ביסקוויט פתיבר שוקו מעדני המלך 110 גרם,גרמים,110.00,100 גרם,false,1,3.50,3.1818,true,1,113937
7290003220533,false,רוטב WOK צילי מתוק 7,THAI COCONUT CO,,"רוטב WOK צילי מתוק 700 מ""ל",מיליליטרים,700.00,"100 מ""ל",false,1,13.90,1.9857,true,1,70789
7290003220588,false,רוטב צילי מתוקWOK,תאי פרידה אינדסטרי ב,,"רוטב צילי מתוק דיאט 700 מ""ל W",מיליליטרים,700.00,"100 מ""ל",false,1,15.90,2.2714,true,1,77637
7290003220595,false,אורז לסושי WOK שקית,"מיה תעשיות מזון בע""מ",,"אורז לסושי WOK שקית 1 ק""ג",קילוגרמים,1.00,"ק""ג",false,1,13.90,13.9000,true,1,80231
7290003220700,false,מחצלת לסושי WOK,קוסומאי במבוק,,מחצלת לסושי WOK,לא מנהל יחידת מידה,0.00,לא מנהל יחידת מידה,false,1,6.90,0.0000,true,1,87886
7290003220717,false,אצות נורי סילוור 10,JAEWON GLOBAL NET,,אצות נורי סילוור 10 דפים 25 גרם,גרמים,25.00,100 גרם,false,1,11.90,47.6000,true,1,79798
7290003220724,false,צופ-סטיקס חד פעמי 20,קוסומאי במבוק,,צופ-סטיקס חד פעמי 20 זוגות,Unknown,0.00,Unknown,false,1,6.90,0.0000,true,1,87887
7290003220748,false,רוטב סויה בהירה 640,LINGHANG INDUSTRIA,,"רוטב סויה בהירה 640 מ""ל",מיליליטרים,640.00,"100 מ""ל",false,1,14.90,2.3281,true,1,83897
7290003220786,false,מקלות אורז מס 5 400,ASIAN SUPERIOR FOODS,,מקלות אורז מס 5 400 גרם,גרמים,400.00,100 גרם,false,1,9.90,2.4750,true,1,98637
7290003220939,false,מקלוני אורז דקים 400,אסיאן סופירה פודס חב,,מקלוני אורז דקים 400 גרם,גרמים,400.00,100 גרם,false,1,9.90,2.4750,true,1,105763
7290003220946,false,"דפי אורז קוטר 22 ס""מ",אסיאן סופירה פודס חב,,"דפי אורז קוטר 22 ס""מ 300 גרם WOK",גרמים,300.00,100 גרם,false,1,12.90,4.3000,true,1,114578
7290003220977,false,עוגיות מצופות מעדני,אפיפית,,עוגיות מצופות מעדני המלך 175 גר,גרמים,175.00,100 גרם,false,1,7.90,4.5143,true,1,133635
7290003268733,false,לחמניה שמינית 125 גר,מאפית אנגל,,לחמניה שמינית 125 גרם,גרמים,125.00,100 גרם,false,1,3.50,2.8000,true,1,24604
7290003268764,false,חלה רגילה 500 גרם,מולינו ניקולי s.p.a,IL,חלה רגילה 500 גרם,גרמים,500.00,100 גרם,false,1,5.17,1.0340,true,1,24607
7290003268795,false,לחמניה 75 גרם,דגנית עין בר,,לחמניה 75 גרם,גרמים,75.00,100 גרם,false,1,1.90,2.5333,true,1,24254
7290003400500,false,שוקולד ריזס קרמל עם,הרשי,,שוקולד ריזס קרמל עם בוטנים 47 גרם,גרמים,47.00,100 גרם,false,1,4.90,10.4255,true,1,95768
7290003402809,false,שוקולד ריזס לבן 39 ג,,,שוקולד ריזס לבן 39 ג,גרמים,39.00,100 גרם,false,1,4.90,12.5641,true,1,131620
7290003411313,false,מפת שולחן רב פעמית 1,שיווק: הנמל אריזות ו,IL,הנמל מפת שולחן אל בד 180X120 סמ,Unknown,0.00,Unknown,false,1,5.90,0.0000,true,1,18770
7290003411696,false,מרקיות חד פעמי הנמל,,IL,הנמל מרקיות לבן 25 יחידות,יחידה,0.00,יחידה,false,1,10.90,0.0000,true,1,12988
7290003423909,false,שוקולד הרשיז קוקיז א,הרשי,,שוקולד הרשיז קוקיז אנד קרים 43 גרם,גרמים,43.00,100 גרם,false,1,4.90,11.3953,true,1,115140
7290003427154,false,שמן זית זיתא כתית מע,זיתא,IL,"זיתא שמן זית כתית מעולה, טעם מעודן 750 מל",מיליליטרים,750.00,"100 מ""ל",false,1,34.90,4.6533,true,1,16224
7290003434657,false,אגוזי לוז חמוציות וא,הום מייד,IL,אגוזי לוז חמוציות ואורז מלא שוקולד מריר,גרמים,150.00,100 גרם,false,1,13.90,9.2667,true,1,139927
7290003444009,false,שוקולד ריזס חלב 42 ג,הרשי,,שוקולד ריזס חלב 42 גרם,גרמים,42.00,100 גרם,false,1,4.90,11.6667,true,1,115141
7290003495030,false,מאפה שקדים פרווה,"גידרון תעשיות בע""מ",,מאפה שקדים פרווה,קילוגרמים,1.00,"ק""ג",true,,44.90,44.9000,true,1,83240
7290003514007,false,שקדי מרק מנה 400 גרם,מנה,IL,מנה שקדי מרק 400 גרם,גרמים,400.00,100 גרם,false,1,10.80,2.7000,true,1,89976
7290003521760,false,"אפטרסול ג""ל אלוורה 2",הדקלאים אגודת שיתופי,IL,"אפטרסול ג""ל אלוורה 200 מ""ל",מיליליטרים,200.00,"100 מ""ל",false,1,19.90,9.9500,true,1,13681
7290003550753,false,טונה בשמן פוסידון מא,ויליגר,IL,טונה בשמן פוסידון מארז רביעייה 432 גרם,גרמים,432.00,100 גרם,false,1,23.90,5.5324,true,1,104351
7290003643134,false,סוכר וניל סוגת 10*10,גוד פוד פרודקטס S.p,IL,סוכר וניל סוגת 10 גרם,גרמים,100.00,100 גרם,false,1,3.70,3.7000,true,1,41830
7290003643158,false,קורנפלור סוגת,המאפיה של הרמן,IL,סוגת קורנפלור 200 גרם,גרמים,200.00,100 גרם,false,1,4.50,2.2500,true,1,3479
7290003643172,false,אבקת סוכר סוגת 100 ג,TLV צ'יף,IL,אבקת סוכר 100 גרם,גרמים,100.00,100 גרם,false,1,2.50,2.5000,true,1,109627
7290003643707,false,גריסים 500 גרם סוגת,סוגת,IL,גריסים 500 גרם סוגת,גרמים,500.00,100 גרם,false,1,5.90,1.1800,true,1,123455
7290003643714,false,חומוס סוגת 500 גרם,"סוגת תעשיות בע""מ",IL,חומוס 500 גרם,גרמים,500.00,100 גרם,false,1,8.90,1.7800,true,1,41841
7290003643738,false,חיטה סוגת 500 גרם,"סוגת תעשיות בע""מ",IL,חיטה 500 גרם,גרמים,500.00,100 גרם,false,1,5.90,1.1800,true,1,41842
7290003643745,false,כוסמת סוגת 500 גרם,"סוגת תעשיות בע""מ",IL,כוסמת 500 גרם,גרמים,500.00,100 גרם,false,1,8.90,1.7800,true,1,75223
7290003643769,false,עדשים אדומות סוגת 50,"סוגת תעשיות בע""מ",IL,עדשים אדומות סוגת 500 גרם,גרמים,500.00,100 גרם,false,1,8.50,1.7000,true,1,21066
7290003643776,false,פופקורן סוגת 500 גרם,"סוגת תעשיות בע""מ",IL,פופקורן 500 גרם,גרמים,500.00,100 גרם,false,1,6.50,1.3000,true,1,41840
7290003643783,false,קוקוס סוגת 100 גרם,"סוגת תעשיות בע""מ",IL,קוקוס 100 גרם,גרמים,100.00,100 גרם,false,1,4.20,4.2000,true,1,30068
7290003643806,false,שעועית לבנה סוגת 500,"סוגת תעשיות בע""מ",IL,שעועית לבנה 500 גרם,גרמים,500.00,100 גרם,false,1,12.90,2.5800,true,1,38757
7290003643813,false,שעועית אדומה סוגת 50,"סוגת תעשיות בע""מ",IL,שעועית אדומה סוגת 500 גרם,גרמים,500.00,100 גרם,false,1,12.90,2.5800,true,1,41843
7290003681693,false,חומוס לבן ענק מיה,מיה,IL,חומוס לבן ענק מיה 500 גרם,גרמים,500.00,100 גרם,false,1,9.90,1.9800,true,1,144846
7290003713929,false,טרס פסוס סלסה פהיטה,,,טרס פסוס סלסה פהיטה 200גרם,גרמים,200.00,100 גרם,false,1,17.90,8.9500,true,1,139622
7290003726615,false,טופו ויילר 300 גרם,הדקלאים אגודת שיתופי,IL,טופו ויילר 300 גרם,גרמים,300.00,100 גרם,false,1,12.90,4.3000,true,1,126672
7290003726752,false,קציצות טופו ברוקולי,משק ויילר,IL,קציצות טופו ברוקולי זוקיני ואפונה ויילר,גרמים,400.00,100 גרם,false,1,25.90,6.4750,true,1,142062
7290003726776,false,טופו שניצל בטעם עוף,משק ויילר,IL,טופו שניצל בטעם עוף ויילר 420 גרם,גרמים,420.00,100 גרם,false,1,27.90,6.6429,true,1,144692
7290003726783,false,טופו שניצל בתוספת תי,משק ויילר,IL,טופו שניצל בתוספת תירס 420גרם,גרמים,420.00,100 גרם,false,1,27.90,6.6429,true,1,144693
7290003726790,false,טופו שניצל בטעם פיקנ,משק ויילר,IL,טופו שניצל בטעם פיקנטי 420 גרם,גרמים,420.00,100 גרם,false,1,27.90,6.6429,true,1,144694
7290003726806,false,טופו שניצל בתוספת בר,משק ויילר,IL,טופו שניצל בתוספת ברוקולי 420 גרם,גרמים,420.00,100 גרם,false,1,27.90,6.6429,true,1,144695
7290003805501,false,פתית שוודי 300 גרם,יוניליוור ישראל מזון,IL,פתית שוודי קרקר דגנים פריך בסגנון שוודי,גרמים,300.00,100 גרם,false,1,18.20,6.0667,true,1,64077
7290003896141,false,אלמנדוס ספרדי קליית,קוד יצרן JG,IL,אלמנדוס 200 גרם (ב(12,גרמים,200.00,100 גרם,false,1,8.90,4.4500,true,1,92835
7290004011338,false,קצפת ריץ חלבי במיכל,האי נאם סי או אל.טי.,IT,קצפת ריץ חלבי במיכל 250 גרם,גרמים,250.00,100 גרם,false,1,14.90,5.9600,true,1,64629
7290004014407,false,סוכריות שוקולדM&M חמ,מרס נדרלנד,,סוכריות שוקולדM&M חמאת בוטנים 46 גרם,גרמים,46.00,100 גרם,false,1,5.80,12.6087,true,1,112981
7290004030445,false,מיץ תפוזים פריניב 1,הנסיך- מפעל לייצור ט,IL,מיץ תפוזים פריניב 1 ליטר,ליטרים,1.00,ליטר,false,1,11.90,11.9000,true,1,64412
7290004064082,false,מטחנה מלח ים טבעי 2,חברת מלח הארץ אילת ב,IL,מטחנת מלח ים 250 גרם,גרמים,250.00,100 גרם,false,1,13.90,5.5600,true,1,114261
7290004064099,false,מטחנה מלח מהרי ההימל,מולינו ניקולי s.p.a,IL,מטחנה מלח מהרי ההימלאי 300 גרם,גרמים,250.00,100 גרם,false,1,15.90,6.3600,true,1,114259
7290004068028,false,"משקה צזיקי 500 מ""ל",מיוצר על ידי קוד יצר,IL,"משקה צזיקי 500 מ""ל גד",מיליליטרים,500.00,"100 מ""ל",false,1,10.90,2.1800,true,1,90146
7290004068035,false,משקה יוגורט איירן בל,"מיוצר ע""י קוד יצרן M",IL,"משקה יוגורט איירן בלקני 500 מ""ל גד",מיליליטרים,500.00,"100 מ""ל",false,1,8.90,1.7800,true,1,90147
7290004068172,false,יוגורט עיזים 5% 600,קוד יצרן MKN,IL,גד יוגורט חלב עיזים 2.8% 600 גרם,גרמים,600.00,100 גרם,false,1,18.90,3.1500,true,1,90260
7290004119133,false,יוגורט 7% בכד 1.5,מחלבת אלון תבור,IL,יוגורט 7% בכד1.5 ליטר,ליטרים,1.50,ליטר,false,1,18.90,12.6000,true,1,16044
7290004120832,false,חלב 3% בכד,תנובה,IL,חלב 2 3% ליטר בכד מהדרין,ליטרים,2.00,ליטר,false,1,12.46,6.2300,true,1,74947
7290004122119,false,השף הלבן פתיתי גבע פ,תנובה,IL,תנובה השף הלבן פתיתי גבע פרמזן 23% שומן,גרמים,100.00,100 גרם,false,1,13.90,13.9000,true,1,16046
7290004122195,false,גבינה קשה גוש חלב פר,תנובה,IL,גוש חלב פרוסות גבינה צהובה חצי קשה 28% שומן מהדרין,גרמים,200.00,100 גרם,false,1,15.50,7.7500,true,1,15601
7290004122683,false,אצבעות גבינה עמק 172,תנובה,IL,עמק חטיף אצבעות גבינה חצי קשה 28% שומן,גרמים,172.00,100 גרם,false,1,17.90,10.4070,true,1,43308
7290004124847,false,קצפת צמחית 500 מל,סוי מג'יק,IL,"קצפת צמחית השף הלבן 500מ""ל",מיליליטרים,500.00,"100 מ""ל",false,1,17.50,3.5000,true,1,33292
7290004125462,false,שמנת חמוצה 15%,תנובה,IL,תנובה אורגינל שמנת חמוצה 15% שומן 500 מל,גרמים,500.00,100 גרם,false,1,6.00,1.2000,true,1,13002
7290004125776,false,גבינה קשה עמק 28% פר,כצט,IL,עמק פרוס 28% 400 גרם בקופסא,גרמים,400.00,100 גרם,false,1,31.90,7.9750,true,1,33293
7290004126872,false,שוקו תנובה בקבוק 250,תנובה,IL,"שוקו תנובה בקבוק 250 מ""ל",מיליליטרים,250.00,"100 מ""ל",false,1,6.20,2.4800,true,1,35041
7290004128333,false,גבינת לאבנה,תנובה,IL,פיראוס גבינת לאבנה אסלית 9% שומן,גרמים,500.00,100 גרם,false,1,20.90,4.1800,true,1,14567
7290004130794,false,משקה סויה מועשר מופח,סוי מג'יק,IL,משקה סויה מועשר מופחת מתיקות 1 ליטר,ליטרים,1.00,ליטר,false,1,12.50,12.5000,true,1,14143
7290004131432,false,יוגורט יופלה 3% לבן,מחלבת אלון תבור,IL,יופלה לבן 3% גביע 200 גרם,גרמים,200.00,100 גרם,false,1,4.00,2.0000,true,1,20841
7290004131456,false,יוגורט יופלה 1.5% לב,מחלבת אלון תבור,IL,יופלה לבן 1.5% גביע 200 גרם,גרמים,200.00,100 גרם,false,1,4.00,2.0000,true,1,20842
7290004131814,false,גבינה צפתית מעודנת 5,תנובה מחלבת טנא נוגה,IL,פיראוס צפתית 5% מעודנת 200 גרם,גרמים,200.00,100 גרם,false,1,16.50,8.2500,true,1,23583
7290004132552,false,משקה סויה דיאט 1 ליט,סוי מג'יק,IL,משקה סויה דיאט 1 ליטר,ליטרים,1.00,ליטר,false,1,12.50,12.5000,true,1,25059
7290004135225,false,מעדן דיאט שוקולד 150,מחלבת אלון תבור,IL,מעדן דיאט שוקולד 150 גרם,גרמים,150.00,100 גרם,false,1,4.40,2.9333,true,1,39815
7290004135614,false,גבינה בולגרית מעודנת,תנובה,IL,פיראוס גבינה בולגרית מעודנת 5% שומן,גרמים,250.00,100 גרם,false,1,24.90,9.9600,true,1,46808
7290004136154,false,משקה אייס קפה תנובה,מחלבת רחובות,IL,"משקה אייס קפה תנובה בקבוק 340 מ""ל",מיליליטרים,340.00,"100 מ""ל",false,1,7.50,2.2059,true,1,47377
7290004136222,false,מארז שוקו מופחת סוכר,"תנובה, מחלבת רחובות",IL,משקה חלב עם קקאו,ליטרים,1.50,ליטר,false,1,28.90,19.2667,true,1,47586
7290004136598,false,מארז הפסקת אוכל חלב,"תנובה, מחלבת טנא נוג",IL,מארז הפסקת אוכל חלב+דגנים,לא מנהל יחידת מידה,0.00,לא מנהל יחידת מידה,false,1,9.90,0.0000,true,1,45074
7290004136857,false,גלי בטעם פטל 125 גרם,סוי מג'יק,IL,גלי בטעם פטל 125 גרם,גרמים,125.00,100 גרם,false,1,2.50,2.0000,true,1,44292
7290004136864,false,גלי אננס וחתיכות פרי,סוי מג'יק,IL,גלי אננס וחתיכות פרי 125 גרם,גרמים,125.00,100 גרם,false,1,2.80,2.2400,true,1,44293
7290004136871,false,מעדן גלי אפרסק חתיכו,סוי מג'יק,IL,מעדן גלי אפרסק חתיכות פרי 125,גרמים,125.00,100 גרם,false,1,2.80,2.2400,true,1,44294
7290004137021,false,שמנת לבישול 10% מופח,תנובה,IL,תנובה השף הלבן שמנת לבישול עם סיבים 10% שומן,מיליליטרים,250.00,"100 מ""ל",false,1,8.80,3.5200,true,1,48254
7290004137311,false,גבינה עמק 9% לייט 40,תנובה,IL,עמק גבינה צהובה חצי קשה 9% שומן,גרמים,400.00,100 גרם,false,1,31.90,7.9750,true,1,47588
7290004137809,false,גבינת לאבנה פיראוס 5,"תנובה, מחלבת אלון תב",IL,פיראוס לאבנה אסלית 5% שומן 250 גרם,גרמים,250.00,100 גרם,false,1,13.90,5.5600,true,1,48173
7290004199203,false,קיסמיי שיניים מבמבוק,הדקלאים אגודת שיתופי,CN,קיסמי שיניים מבמבוק מלחייה 300 יח',Unknown,0.00,Unknown,false,1,2.90,0.0000,true,1,63041
7290004200930,false,"זיקוק זוג 15 ס""מ בשק",F.T.I,,זיקוק זוג 15 סמ בשקית,יחידה,1.00,יחידה,false,1,6.80,6.8000,true,1,92286
7290004255428,false,נר נשמה מנורה בפחית,מנורה,IL,נר נשמה מנורה בפחית 24 שעות,יחידה,1.00,יחידה,false,1,2.50,2.5000,true,1,129725
7290004256371,false,גבינת ריץ פרוסה 400,כלורוקס אוקלנד,PL,גבינה צהובה פרוסה על בסיס חלב,גרמים,400.00,100 גרם,false,1,18.90,4.7250,true,1,126492
7290004504649,false,בורקס גבינה יווני,גדרון סהרון,IL,בורקס גבינה יווני,קילוגרמים,1.00,"ק""ג",true,,49.90,49.9000,true,1,125848
7290004504700,false,מאפה יווני פיצה,גדרון,IL,מאפה יווני פיצה,קילוגרמים,1.00,"ק""ג",true,,49.90,49.9000,true,1,125700
7290004554798,false,שלגון מטרה,"מיוצר ע"" גלידת שטראו",IL,שטראוס מטרה שלגון בטעמי פטל ולימון 80 גרם,גרמים,90.00,100 גרם,false,1,6.90,7.6667,true,1,13198
7290004737443,false,קוקטייל פירות 820 גר,ג'יאנגסו יואהו פוד ק,CN,קוקטייל פירות 820 גרם,גרמים,820.00,100 גרם,false,1,9.90,1.2073,true,1,52567
7290004850432,false,אגיסטן אלוורה 20 גרם,פריגו,,אגיסטן אלוורה 20 גרם,לא מנהל יחידת מידה,0.00,לא מנהל יחידת מידה,false,1,30.50,0.0000,true,1,25281
7290004872021,false,קרחון רמזור,המאפיה של הרמן,IL,נסטלה קרחון רמזור בדצ 48*80גרם,Unknown,0.00,Unknown,false,1,2.90,0.0000,true,1,13208
7290004872069,false,קרחון לימון,המאפיה של הרמן,IL,שלגון קרח לימון,Unknown,0.00,Unknown,false,1,2.90,0.0000,true,1,12284
7290004872243,false,שלגון בננה מצופה,תות תעשיות מזון (201,IL,שלגון בננה מצופה,Unknown,0.00,Unknown,false,1,5.90,0.0000,true,1,12196
7290004872359,false,קרחון דובדבן,המאפיה של הרמן,IL,שלגון קרח דובדבן,Unknown,0.00,Unknown,false,1,2.90,0.0000,true,1,12198
7290004872731,false,טילון אקסטרים וניל,נגה גלידות,,טילון אקסטרים וניל,Unknown,0.00,Unknown,false,1,9.50,0.0000,true,1,13217
7290005041198,false,קבב ביתי,לאטי עזרא גלם ודגים,,"קבב ביתי 1 ק""ג",לא מנהל יחידת מידה,0.00,לא מנהל יחידת מידה,false,1,49.90,0.0000,true,1,91339
7290005041402,false,שיפודי פרגיות מעדני,יושלם,,שיפודי פרגיות מעדני הטלה 600 גר,גרמים,600.00,100 גרם,false,1,59.90,9.9833,true,1,92566
7290005287510,false,טונה סטארקיסט פלפל ח,כלורוקס אוקלנד,TH,ס.ק עם פלפל חריף 160 גרם,גרמים,160.00,100 גרם,false,1,8.90,5.5625,true,1,46267
7290005287527,false,טונה סטארקיסט שמן עם,כלורוקס אוקלנד,TH,ס.ק בטעם לימון 160גרם,גרמים,160.00,100 גרם,false,1,8.90,5.5625,true,1,46268
7290005287534,false,טונה בשמן בעישון סטא,כלורוקס אוקלנד,TH,סטארקיסט טונה בשמן בטעם מעושן,גרמים,160.00,100 גרם,false,1,8.90,5.5625,true,1,46269
7290005326585,false,פסטו בזיליקום אוליב,גוד פוד פרודקטס S.p,IL,פסטו בזיליקום אוליביה180גרם,גרמים,180.00,100 גרם,false,1,12.90,7.1667,true,1,122110
7290005380600,false,פד דבק סטרילי 5*7 סמ,פארמה פלסט,EG,פד דבק סטרילי 5*7 סמ 10יח,לא מנהל יחידת מידה,0.00,לא מנהל יחידת מידה,false,1,8.90,0.0000,true,1,141355
7290005423918,false,מ.כביסה מקסימה בייבי,סאנו,IL,מרכך 4 ליטר,ליטרים,4.00,ליטר,false,1,22.90,5.7250,true,1,13019
7290005425110,false,מרסס למשטחים 99% משמ,"סנו מפעלי ברונוס בע""",IL,סנו מחטא ומשמיד חיידקים 750 מל,לא מנהל יחידת מידה,0.00,לא מנהל יחידת מידה,false,1,16.90,0.0000,true,1,125022
7290005425127,false,מרסס שומנים 99% משמי,"סנו מפעלי ברונוס בע""",IL,סנו מחטא ומשמיד חיידקים עוצמתי 750 מל,לא מנהל יחידת מידה,0.00,לא מנהל יחידת מידה,false,1,16.90,0.0000,true,1,125023
7290005425202,false,אבק.כביסה מקסימה ביו,"איי, בי, אינבוו",IL,2.5 מקסימה ביו,קילוגרמים,2.50,"ק""ג",false,1,28.90,11.5600,true,1,13020
7290005427107,false,מגבת נייר סנו סושי 6,סנו מפעלי ברונוס בעמ,IL,"סנו סושי 6 מגבות הפלא, 700 גרם",מטרים,6350.00,מטר,false,1,12.90,0.0020,true,1,16841
7290005428845,false,סנו סופט מפיות 100 י,,,סנו סופט מפיות 100 יח צבעוני,מיליליטרים,750.00,"100 מ""ל",false,1,9.90,1.3200,true,1,111776
7290005430480,false,מטלית הפלא,N.S.,,מטלית הפלא סנו סושי למשטח,Unknown,0.00,Unknown,false,1,9.90,0.0000,true,1,36264
7290005431883,false,מלבי חלבי 165 גרם,לחמנו,IL,עדן מלבי 165 גרם,גרמים,165.00,100 גרם,false,1,7.20,4.3636,true,1,128661
7290005431890,false,בוואריה 95 גרם,לחמנו,IL,עדן בוואריה 95 גרם,גרמים,95.00,100 גרם,false,1,7.20,7.5789,true,1,128665
7290005431906,false,קדאיף 82 גרם,תנובה,IL,קדאיף 82 גרם,גרמים,82.00,100 גרם,false,1,7.20,8.7805,true,1,128664
7290005431913,false,עוגת גבינה פירורים 9,תנובה,IL,עוגת גבינה פירורים 92 גרם,גרמים,92.00,100 גרם,false,1,7.20,7.8261,true,1,128662
7290005509445,false,עוג.מיני קוקיס חמאה,HIQ FOOD PRODUCTS,IL,עוג.מיני קוקיס חמאה 600 גרם,גרמים,600.00,100 גרם,false,1,23.90,3.9833,true,1,117204
7290005610509,false,צנונית בייבי ארוז,חקלאי,IL,צנונית בייבי ארוז,לא מנהל יחידת מידה,0.00,לא מנהל יחידת מידה,false,1,6.90,0.0000,true,1,119844
7290005686436,false,תפוח עץ מיובש 200 גר,"דין שיווק וקליה בע""מ",,תפוח עץ מיובש 200 גרם,גרמים,200.00,100 גרם,false,1,11.90,5.9500,false,1,140636
7290005803628,false,קרחון מלון - צבע מאכ,המאפיה של הרמן,IL,נסטלה קרחון מלון בדצ 48*80גרם,Unknown,0.00,Unknown,false,1,2.90,0.0000,true,1,12287
7290005854040,false,שלגון אסקימו משמש,יושלם,,שלגון אסקימו משמש,לא מנהל יחידת מידה,0.00,לא מנהל יחידת מידה,false,1,3.00,0.0000,true,1,56139
7290005896439,false,בירה מכבי בקבוק חוזר,"איי, בי, אינבוו",IL,"בירה מכבי, בקבוק חוזר 500 מ''ל",מיליליטרים,500.00,"100 מ""ל",false,1,6.90,1.3800,true,1,85817
7290005896453,false,בירה מכבי 7.9% בקבוק,פארייפאבה אגרואינדוס,IL,"בירה מכבי 7.9%, בירה חזקה, בקבוק חוזר 500 מ''ל",מיליליטרים,500.00,"100 מ""ל",false,1,7.90,1.5800,true,1,115353
7290005938245,false,פסטו קלאסי 220 גרם,כלורוקס אוקלנד,IL,פרסקו פסטו קלאסי ממרח בזיליקום וצנובר 220 גרם,גרמים,220.00,100 גרם,false,1,19.90,9.0455,true,1,25162
7290005951022,false,דלעת ארוזה,חקלאי,IL,דלעת ארוזה,לא מנהל יחידת מידה,0.00,לא מנהל יחידת מידה,false,1,17.90,0.0000,true,1,132923
7290006241191,false,אגוזי מלך קליית גת 1,ששון ושות' (ש.ת. תעש,US,אגוז מלך שקית 150 גרם,גרמים,150.00,100 גרם,false,1,19.90,13.2667,true,1,57865
7290006241214,false,שקד טבעי 200 גרם,הדקלאים אגודת שיתופי,IL,שקד טבעי שקית 200 גרם,גרמים,200.00,100 גרם,false,1,21.90,10.9500,true,1,15192
7290006271648,false,מיני בורקס תפוא,"מעדנות בע""מ",IL,מיני בורקס תפוא מעדנות 800גרם,גרמים,800.00,100 גרם,false,1,26.90,3.3625,true,1,51377
7290006272072,false,חטיפי פיצה מעדנות 65,"מעדנות בע""מ",IL,חטיפי פיצה מעדנות 650 גרם,גרמים,650.00,100 גרם,false,1,34.90,5.3692,true,1,122103
7290006272430,false,בצק עלים חמאה 600 גר,"מעדנות בע""מ",IL,בצק עלים חמאה 600 גרם,גרמים,600.00,100 גרם,false,1,27.90,4.6500,true,1,46062
7290006281210,false,טוסט בייגל,עינת תעשיות,,טוסט בייגל,גרמים,200.00,100 גרם,false,1,17.90,8.9500,true,1,46882
7290006322111,false,לחמניות רחיים כהה קל,מאפיית דוידוביץ ובני,IL,מאפיית דוידוביץ 6 לחמניות ריחיים 450 גרם,גרמים,450.00,100 גרם,false,1,12.20,2.7111,true,1,15249
7290006322197,false,מארז 4 לחמניות הבית,מאפית דוידוביץ,IL,מארז 4 לחמניות הבית כפולות 120 גרם,גרמים,120.00,100 גרם,false,1,15.90,13.2500,true,1,144123
7290006322470,false,לחם 9 דגנים קל,מאפיית דוידוביץ ובני,IL,"לחם 9 דגנים קל קמח מלא ושיפון מלא, 500 גרם",גרמים,500.00,100 גרם,false,1,10.90,2.1800,true,1,36647
7290006322487,false,לחם קל מקמח מלא,מאפיית דוידוביץ,IL,לחם קל מקמח מלא קוביות 750 גרם,גרמים,750.00,100 גרם,false,1,17.70,2.3600,true,1,46119
7290006322838,false,לחם 100% מלא,הנסיך- מפעל לייצור ט,IL,לחם 100% מלא 750 גרם,גרמים,750.00,100 גרם,false,1,10.90,1.4533,true,1,89811
7290006322968,false,לחם זיץ ברוינט 1.2 ק,מאפיית אחדות חיפה בע,IL,זיץ ברויט - דוידוביץ,גרמים,250.00,100 גרם,false,1,13.90,5.5600,true,1,112312
7290006342072,false,גרעין שחור קלוי 150ג,דין שיווק,IL,גרעין לבן 200גרם,גרמים,200.00,100 גרם,false,1,10.90,5.4500,true,1,140621
7290006342447,false,גרעין אבטיח,,,גרעין אבטיח 200גרם,גרמים,200.00,100 גרם,false,1,15.90,7.9500,true,1,140616
7290006342553,false,קבוקים200 גר,יושלם,,קבוקים200 גר,גרמים,200.00,100 גרם,false,1,5.90,2.9500,true,1,140618
7290006374738,false,קונפיטורה תות 340 גר,אף.סי תבליני בגליל ב,IL,קונפיטורה תות 340 גרם יד מרדכי,גרמים,340.00,100 גרם,false,1,14.90,4.3824,true,1,15269
7290006390806,false,חצי גאבטה לבן,גדרון,IL,חצי גאבטה לבן,גרמים,150.00,100 גרם,false,1,3.90,2.6000,true,1,14570
7290006401571,false,אדויל ליקויי גל 16 כ,פייזר,,אדויל ליקויי גל 16 כמוסות,Unknown,0.00,Unknown,false,1,31.50,0.0000,true,1,23835
7290006451170,false,שנייק פיצה מחיר לקג-,"גידרון תעשיות בע""מ",IL,שנייק פיצה מחיר לקג-גידרון,קילוגרמים,1.00,"ק""ג",true,,39.90,39.9000,true,1,140662
7290006451187,false,שנייק פיצה תרד,"גידרון תעשיות בע""מ",IL,שנייק פיצה תרד,קילוגרמים,1.00,"ק""ג",true,,39.90,39.9000,true,1,140663
7290006492685,false,גבינת לאבנה עיזים 5%,מחלבות גד בעמ,IL,גבינת לאבנה עיזים 5% 250 גרם גד,גרמים,250.00,100 גרם,false,1,18.90,7.5600,true,1,31622
7290006492913,false,ציזיקי למריחה 250 גר,מחלבות גד בעמ,IL,ציזיקי למריחה 250 גרם גד,גרמים,250.00,100 גרם,false,1,14.90,5.9600,true,1,35169
7290006511157,false,פטריות שמפניון שלמות,אוקצ'מפס אס.איי אויי,PL,ויליפוד פטריות שמפניון שלמות 400 גרם,גרמים,400.00,100 גרם,false,1,8.50,2.1250,true,1,16511
7290006567048,false,פתיתי קוסקוס 350 גרם,"מיוצר ע""י קוד יצרן K",IL,אסם פתיתי קוסקוס ישראלי 12*350גרם,גרמים,350.00,100 גרם,false,1,7.90,2.2571,true,1,20696
7290006582539,false,חמוציות 250גרם,דין שיווק,IL,חמוציות 250גרם,גרמים,250.00,100 גרם,false,1,10.90,4.3600,true,1,140600
7290006618085,false,אסטוניש לניקוי אמבטי,פרח,,יעקבי אסטוניש ספריי ניקוי לחדר האמבטיה 750 מל,מיליליטרים,750.00,"100 מ""ל",false,1,15.90,2.1200,true,1,18086
7290006653819,false,קוסקוס דק בשקית 350,"מיוצר ע""י קוד יצרן K",IL,אסם קוסקוס דק 12*350גרם,גרמים,350.00,100 גרם,false,1,7.90,2.2571,true,1,16064
7290006660602,false,מי קוקוס אורגני גרין,תות תעשיות מזון (201,PH,מי קוקוס אורגני גרין קוקו 1 ליטר,ליטרים,1.00,ליטר,false,1,19.90,19.9000,true,1,123974
7290006664655,false,משקה יוגורט אקטימל מ,מיוצר עי קונדיטוריית,IL,אקטימל לבן שמינייה,מיליליטרים,864.00,"100 מ""ל",false,1,20.90,2.4190,true,1,20423
7290006681065,false,שלגון טעמקור XL,שטראוס גלידות,,שלגון טעמקור XL,גרמים,75.00,100 גרם,false,1,9.90,13.2000,true,1,15275
7290006681553,false,קרמבו וניל מארז 8 יח,"גלידת שטראוס בע""מ",IL,"שטראוס קרמבו 80 מ""ל",גרמים,200.00,100 גרם,false,1,15.90,7.9500,true,1,20687
7290006681560,false,קרמבו מוקה מארז 8 יח,"גלידת שטראוס בע""מ",IL,"שטראוס קרמבו 80 מ""ל",גרמים,200.00,100 גרם,false,1,15.90,7.9500,true,1,20688
7290006703323,false,שוקיים עוף קפוא,מעדני הטלה,,שוקיים עוף קפוא,קילוגרמים,1.00,"ק""ג",true,,34.90,34.9000,true,1,82984
7290006703576,false,כבד עוף קפוא,מעדני הטלה והעגל,,כבד עוף קפוא500 גר,גרמים,500.00,100 גרם,false,1,11.90,2.3800,true,1,88858
7290006712981,false,קולגייט משחת שיניים,הנסיך- מפעל לייצור ט,PL,קולגייט משחת שיניים לילדים בגילאי +6 50 מל,מיליליטרים,50.00,"100 מ""ל",false,1,12.90,25.8000,true,1,15521
7290006714411,false,סטייק פרגיות ארוז מו,מעדני הטלה,,סטייק פרגיות ארוז מוכשר מעדני הטלה לקג,קילוגרמים,1.00,"ק""ג",true,,79.00,79.0000,true,1,110227
7290006714947,false,גולש עגל 800 גרם במג,לאטי עזרא גלם ודגים,,גולש עגל 800 גרם במגש מוכשר,קילוגרמים,1.00,"ק""ג",false,1,44.90,44.9000,true,1,110228
7290006739445,false,שניצל תירס קלאסי 750,זוגלובק,IL,שניצל תירס קלאסי 750 גרם זוגלובק,גרמים,750.00,100 גרם,false,1,28.90,3.8533,true,1,55139
7290006742292,false,פסטרמה הודו בדבש טהו,כצט,IL,זוגלובק פסטרמה הודו בדבש טהור 330 גר,גרמים,330.00,100 גרם,false,1,30.90,9.3636,true,1,59794
7290006764096,false,בירה איגל 3.8% בקבוק,"איי, בי, אינבוו",IL,"בירה איגל, בקבוק חוזר 500 מ""ל",מיליליטרים,500.00,"100 מ""ל",false,1,7.00,1.4000,true,1,115337
7290006764157,false,גולדסטאר לא מסונן בק,פארייפאבה אגרואינדוס,IL,"בירה גולדסטאר Unfiltered, בקבוק חוזר 500 מ""ל",מיליליטרים,500.00,"100 מ""ל",false,1,8.50,1.7000,true,1,125320
7290006775016,false,עוגת תפוז 450גרם,אחדות ביחר לטחינה חל,IL,אחוה עוגה בטעם תפוז 450 גרם,גרמים,450.00,100 גרם,false,1,10.90,2.4222,true,1,113174
7290006775030,false,עוגת שוקולד ציפס 450,אחדות בעמ,IL,אחווה עוגת שוקולד צ'יפס 450 גרם,גרמים,450.00,100 גרם,false,1,10.90,2.4222,true,1,64108
7290006775047,false,עוגת שוקולד 450גרם,"אחדות ביח""ר לטחינה",IL,אחווה עוגה בטעם שוקולד 450 גרם,גרמים,450.00,100 גרם,false,1,10.90,2.4222,true,1,64109
7290006775085,false,עוגת שמרים שוקולד 40,אחדות בעמ,IL,אחוה עוגת שמרים בטעם שוקולד 400 גרם,גרמים,400.00,100 גרם,false,1,10.90,2.7250,true,1,64107
7290006775764,false,עוגת שוקולד ציפס,אחדות ביחר לטחינה חל,IL,עוגת שוקולד ציפס ללא סוכר 400,גרמים,400.00,100 גרם,false,1,13.90,3.4750,true,1,57834
7290006784032,false,עלמה כרית יפנית ללא,קומפלקס כימיקלים,IL,עלמה כרית יפנית ללא שריטות 6 יחידות,יחידה,6.00,יחידה,false,1,7.90,1.3167,true,1,144064
7290006784186,false,עלמה כפפות ניטריל שח,קומפלקס כימיקלים,CN,עלמה כפפות ניטריל שחור ללא אבקה L,יחידה,1.00,יחידה,false,1,21.90,21.9000,true,1,144067
7290006784193,false,עלמה כפפות ניטריל שח,קומפלקס כימיקלים,CN,עלמה כפפות ניטריל שחור ללא אבקה M,יחידה,1.00,יחידה,false,1,21.90,21.9000,true,1,144068
7290006784230,false,עלמה כפפות ניטריל שח,קומפלקס כימיקלים,CN,עלמה כפפות ניטריל שחור ללא אבקה S,יחידה,1.00,יחידה,false,1,21.90,21.9000,true,1,144069
7290006784360,false,חלונית נוזל רב תכלתי,קומפלקס כימיקלים,IL,חלונית נוזל רב תכלתי 1 ליטר,ליטרים,1.00,ליטר,false,1,6.90,6.9000,true,1,117297
7290006784407,false,מבשם כביסה בניחוח בי,טרסאן,TR,מבשם כביסה בניחוח בית מלון בוטיק 500 מל,מיליליטרים,500.00,"100 מ""ל",false,1,13.90,2.7800,true,1,144071
7290006784421,false,עלמה כפפות ניטריל שח,קומפלקס כימיקלים,CN,עלמה כפפות ניטריל שחור ללא אבקה XL,יחידה,1.00,יחידה,false,1,21.90,21.9000,true,1,144073
7290006784438,false,מרכך כביסה פיור מרוכ,טרסאן,TR,מרכך כביסה פיור מרוכז לבן 1 ליטר,ליטרים,1.00,ליטר,false,1,11.90,11.9000,true,1,144074
7290006784575,false,fashion loouy מילוי,סורה קוסמטיקס,TR,fashion loouy מילוי מכשיר אוויר 250 מל,מיליליטרים,250.00,"100 מ""ל",false,1,13.90,5.5600,true,1,144078
7290006784599,false,fashion yoyo boss מי,סורה קוסמטיקס,TR,fashion yoyo boss מילוי מכשיר אוויר 250,מיליליטרים,250.00,"100 מ""ל",false,1,13.90,5.5600,true,1,144080
7290006784865,false,מטבחים ספריי לניקוי,קומפלקס כימיקלים,IL,מטבחים ספריי לניקוי של כל משטחי המטבח 1,ליטרים,1.00,ליטר,false,1,12.90,12.9000,true,1,144086
7290006785657,false,בלונים 20 פסטל רחבה,גמר,,בלונים 20 פסטל רחבה,יחידה,1.00,יחידה,false,1,6.90,6.9000,true,1,140904
7290006788481,false,דאודורנט לאישה כתום,מיוצר עי : אמיליה קו,IL,"קרליין דיאורדורנט נושם ספריי כחום SUNRISE200 מ""ל",מיליליטרים,200.00,"100 מ""ל",false,1,13.90,6.9500,true,1,15655
7290006788498,false,דאו.תרסיס ורוד מס .5,מיוצר עי : אמיליה קו,IL,"קרליין דיאורדורנט נושם ספריי וורוד PURE200 מ""ל",מיליליטרים,200.00,"100 מ""ל",false,1,13.90,6.9500,true,1,15471
7290006866363,false,מיץ אשכוליות אדומות,השחר,IL,מיץ אשכולית אדומות סחוט טבעי 1 ליטר,ליטרים,1.00,ליטר,false,1,16.00,16.0000,true,1,37820
7290006983794,false,עוגת הבית תפוז 400 ג,מיוצר עי קונדיטוריית,IL,הבית עוגת תפוז 8*400גרם,גרמים,400.00,100 גרם,false,1,15.90,3.9750,true,1,12603
7290008001342,false,סטרפסילס דבש ולימון,רקיט בנקיזר,,סטרפסילס דבש ולימון,Unknown,0.00,Unknown,false,1,26.00,0.0000,true,1,25138
7290008102674,false,זובירקס קרם 5% 2 גר,גלקסו,,זובירקס קרם 5% 2 גרם,לא מנהל יחידת מידה,0.00,לא מנהל יחידת מידה,false,1,34.90,0.0000,true,1,44673
7290008333115,false,גלטין טהור 28 גרם,יוליניבר,,ויליגר אבקת ג'לטין טהור 28 גרם,גרמים,28.00,100 גרם,false,1,10.90,38.9286,true,1,10138
7290008335553,false,קובה במילוי בשר,האי נאם סי או אל.טי.,IL,קובה במילוי בשר וצנובר 600 גרם,גרמים,600.00,100 גרם,false,1,17.70,2.9500,true,1,10152
7290008335560,false,סיגרים במילוי בשר,האי נאם סי או אל.טי.,IL,סיגרים במילוי בשר 600 גרם,גרמים,600.00,100 גרם,false,1,15.90,2.6500,true,1,10153
7290008340618,false,סלמון מעושן מצונן 10,ויליגר תעשיות בעמ,IL,פרלינג סלומון מעושן 100 גרם,גרמים,100.00,100 גרם,false,1,21.90,21.9000,true,1,14249
7290008343503,false,גחנון אפוי 650 גרם,TLV צ'יף,IL,גחנון אפוי 650 גרם,גרמים,650.00,100 גרם,false,1,21.90,3.3692,true,1,17720
7290008409124,false,שניצל גונגל מאמא עוף,תנובה גליל שותפות מו,IL,שניצל גונגל מאמא עוף 700 גרם,גרמים,700.00,100 גרם,false,1,38.90,5.5571,true,1,25193
7290008409216,false,שניצל דק דק פריך,תנובה גליל,IL,מאמא עוף שניצל דק פריך 700 גרם,גרמים,700.00,100 גרם,false,1,44.90,6.4143,true,1,55546
7290008409551,false,שניצל עוף אמיתי בציפ,תנובה גליל שותפות מו,IL,שניצל אמיתי מעודן,גרמים,700.00,100 גרם,false,1,44.90,6.4143,true,1,10199
7290008425575,true,נאות סמדר סילאן אורג,,,נאות סמדר סילאן אורג,גרמים,710.00,100 גרם,false,1,41.90,5.9014,true,1,135476
7290008461221,false,סרדינים בשמן חמניות,יוליניבר,PT,סרדינים בשמן חמניות 115 גרם,גרמים,115.00,100 גרם,false,1,6.90,6.0000,true,1,10305
7290008461238,false,סרדינים בשמן חמניות,יוליניבר,PT,סרדינים בשמן חמניות חריף 115 גר,גרמים,115.00,100 גרם,false,1,6.90,6.0000,true,1,10306
7290008461283,false,גבינה טריפל צדר נני,יוליניבר,,גבינה טריפל צדר נני 200 גרם,גרמים,200.00,100 גרם,false,1,24.90,12.4500,true,1,118774
7290008464024,false,בירה גולדסטאר לא מסו,"איי, בי, אינבוו",IL,"בירה גולדסטאר לא מסונן פחית 500 מ""ל",מיליליטרים,500.00,"100 מ""ל",false,1,9.90,1.9800,true,1,96890
7290008464109,false,בירה גולדסטאר ל.מסונ,"איי, בי, אינבוו",IL,"בירה גולדסטאר ל.מסונן בקבוק 330 מ""ל",מיליליטרים,330.00,"100 מ""ל",false,1,7.90,2.3939,true,1,90353
7290008464208,false,בירה מכבי 7.9% בקבוק,פארייפאבה אגרואינדוס,IL,"בירה מכבי 7.9%, בירה חזקה, בקבוק 330 מ''ל",מיליליטרים,330.00,"100 מ""ל",false,1,8.90,2.6970,true,1,104439
7290008464338,false,בירה מכבי בקבוק 330,בירה מכבי,IL,בירה מכבי בקבוק 330 מל לאגר בהירה,מיליליטרים,330.00,"100 מ""ל",false,1,7.90,2.3939,true,1,10326
7290008464345,false,בירה גולדסטאר בקבוק,פארייפאבה אגרואינדוס,IL,"בירה גולדסטאר, בקבוק 330 מ''ל",מיליליטרים,330.00,"100 מ""ל",false,1,7.90,2.3939,true,1,10327
7290008464468,false,בירה גולדסטאר פחית 5,פארייפאבה אגרואינדוס,IL,"בירה גולדסטאר, פחית 500 מ""ל",מיליליטרים,500.00,"100 מ""ל",false,1,8.90,1.7800,true,1,10330
7290008464475,false,בירה מכבי פחית 500 מ,"איי, בי, אינבוו",IL,"בירה מכבי, פחית 500 מ""ל",מיליליטרים,500.00,"100 מ""ל",false,1,8.90,1.7800,true,1,10331
7290008464697,false,בירה מכבי 7.9% שישיי,טמפו,,"בירה מכבי 7.9% שישייה בקבוק 330 מ""ל",ליטרים,1.98,ליטר,false,1,32.90,16.6162,true,1,103954
7290008464703,false,בירה מכבי מארז שישיי,טמפו,,"בירה מכבי מארז שישייה בקבוק 330 מ""ל",ליטרים,1.98,ליטר,false,1,32.90,16.6162,true,1,10332
7290008464741,false,בירה גולדסטאר שישייה,טמפו,,"בירה גולדסטאר שישייה בקבוק 330 מ""ל",ליטרים,1.98,ליטר,false,1,36.90,18.6364,true,1,10335
7290008493413,false,פירורי גריסיני 200 ג,מאיר בייגל,IL,מאיר בייגל פירורי גריסיני 200 גרם,גרמים,200.00,100 גרם,false,1,6.90,3.4500,true,1,40601
7290008590150,false,אפונת גינה קטנה שף,משק ויילר,BE,אפונת גינה קטנה שף הטבע 800גרם,גרמים,800.00,100 גרם,false,1,11.90,1.4875,true,1,144709
7290008590167,false,אפונה וגזר שף הטבע,משק ויילר,BE,אפונה וגזר שף הטבע 800 גרם,גרמים,800.00,100 גרם,false,1,11.90,1.4875,true,1,144710
7290008590198,false,שעועית ירוקה חתוכה ש,משק ויילר,BE,שעועית ירוקה חתוכה שף הטבע 800גרם,גרמים,800.00,100 גרם,false,1,11.90,1.4875,true,1,144711
7290008612074,false,"אגד מתמתח 5 ס""מ",פארמה פלסט,EG,"אגד מתמתח 5 ס""מ",לא מנהל יחידת מידה,0.00,לא מנהל יחידת מידה,false,1,7.90,0.0000,true,1,141361
7290008612166,false,פלסטר מיקס 48 יחידות,פארמה פלסט,EG,פלסטר מיקס 48 יחידות,לא מנהל יחידת מידה,0.00,לא מנהל יחידת מידה,false,1,8.90,0.0000,true,1,141360
7290008634045,false,פלסטר לילדים סאני 30,,,פלסטר לילדים סאני 30 יחידות,יחידה,1.00,יחידה,false,1,6.90,6.9000,true,1,92511
7290008644112,false,סלט מטבוחה יום יום 1,"שטראוס גרופ בע""מ",IL,סלט מטבוחה יום יום 125 גרם,גרמים,125.00,100 גרם,false,1,5.50,4.4000,true,1,10400
7290008645935,false,חומוס אחלה 750 גרם,"שטראוס גרופ בע""מ",IL,חומוס 750 אחלה,גרמים,750.00,100 גרם,false,1,10.90,1.4533,true,1,24225
7290008670159,false,יין יסמין לבן רקנאטי,קריניציה ויטמינה אס,IL,"יין יסמין לבן רקנאטי 750 מ""ל",מיליליטרים,750.00,"100 מ""ל",false,1,34.90,4.6533,true,1,16019
7290008693134,false,מעדן דניאלה גבינה תו,"שטראוס בריאות בע""מ",IL,דניאלה תות,גרמים,88.00,100 גרם,false,1,4.40,5.0000,true,1,10495
7290008745239,false,תפוציפס קראנץ,"שטראוס פריטו ליי בע""",IL,תפו קראנצ טבעי 50 גר 48 יח - שמיטה,גרמים,50.00,100 גרם,false,1,3.90,7.8000,true,1,10590
7290008747547,false,תפוציפס קראנץ טבעי 2,"שטראוס פריטו ליי בע""",IL,תפו קראנצ טבעי 200 גר 12 יח - שמיטה,גרמים,200.00,100 גרם,false,1,9.90,4.9500,true,1,10601
7290008752244,false,תפוציפס קראנץ גריל,"שטראוס פריטו ליי בע""",IL,תפו קראנצ גריל 50 גר 48 יח - שמיטה,גרמים,50.00,100 גרם,false,1,3.90,7.8000,true,1,10642
7290008753111,false,תפוציפס קראנץ מקסיקנ,"שטראוס פריטו ליי בע""",IL,תפו קראנצ מקסיקני 50 גר 48 יח- שמיטה,גרמים,50.00,100 גרם,false,1,3.90,7.8000,true,1,10655
7290008757034,false,סודה שוופס בקבוק 250,יפאורה תבורי בעמ,IL,"שוופס סודה 250 מ""ל זכוכית",מיליליטרים,250.00,"100 מ""ל",false,1,4.50,1.8000,true,1,10688
7290008775816,false,ערגליות שוקו 300 גרם,מיוצר עי קונדיטוריית,IL,ערגליות שוקולד 6*300גרם,גרמים,300.00,100 גרם,false,1,10.90,3.6333,true,1,10704
7290008775823,false,ערגליות תות 300 גרם,מיוצר עי קונדיטוריית,IL,ערגליות תות שדה 6*300גרם,גרמים,300.00,100 גרם,false,1,10.90,3.6333,true,1,10705
7290008806305,false,שלגון פצפצים,"מיוצר ע"" גלידת שטראו",IL,שלגון פצפצים תות בננה עם סוכרי,גרמים,97.00,100 גרם,false,1,6.90,7.1134,true,1,10796
7290008806985,false,גלידונית קרמיסימו 1/,שטראוס גלידות,,גלידונית קרמיסימו 1/60 630 גרם פרווה,גרמים,630.00,100 גרם,false,1,41.90,6.6508,true,1,10803
7290008849661,false,ממרח עגבניות מיובשות,"אוליביה גרומה בע""מ",IL,ממרח עגבניות מיובשות פקנטי אוליביה,גרמים,180.00,100 גרם,false,1,12.90,7.1667,true,1,122108
7290008849845,false,אריסה פקנטית אוליבי,"אוליביה גרומה בע""מ",IL,אריסה פקנטית אוליביה 185גרם,גרמים,185.00,100 גרם,false,1,12.90,6.9730,true,1,122109
7290008909761,false,בירה קרלסברג בקבוק,מולינו ניקולי s.p.a,IL,"קרלסברג בק 330 מ""ל פקדון",מיליליטרים,330.00,"100 מ""ל",false,1,9.50,2.8788,true,1,46697
7290008909853,false,קוקה קולה זירו,פארייפאבה אגרואינדוס,IL,"קולה ZERO בקבוק 500 מ""ל",מיליליטרים,500.00,"100 מ""ל",false,1,7.50,1.5000,true,1,47188
7290008909884,false,קוקה קולה ZERO קלאסי,החברה המרכזית לייצור,IL,"קוקה קולה זירו קלאסי 330 מ""ל",מיליליטרים,330.00,"100 מ""ל",false,1,7.00,2.1212,true,1,77915
7290008975551,false,מטרנה מהדרין שלב 3,מולינו ניקולי s.p.a,IL,מטרנה מהדרין שלב 3,גרמים,700.00,100 גרם,false,1,59.90,8.5571,true,1,53873
7290009398113,false,חלה מתוקה,"גידרון תעשיות בע""מ",,חלה מתוקה ח א,גרמים,560.00,100 גרם,false,1,11.90,2.1250,true,1,25103
7290010116980,false,שוקולית שקית,הנסיך- מפעל לייצור ט,IL,שוקולית 850 גרם 6 יח,גרמים,850.00,100 גרם,false,1,19.70,2.3176,true,1,15635
7290010117970,false,בוטנים אמריקאים סבבה,"שטראוס פריטו ליי בע""",IL,בוטנים אמריקאים סבבה 50 גרם,גרמים,50.00,100 גרם,false,1,2.90,5.8000,true,1,48912
7290010140732,false,טבליות לעיסהטאמס בטע,גלקסמן סמית קליים,,טבליות לעיסהטאמס בטעם פירות יער,גרמים,750.00,100 גרם,false,1,35.20,4.6933,true,1,123861
7290010154036,false,עמבה 250 גרם,המאפיה של הרמן,IL,ביטון יוחאי המקורי עמבה סלט מנגו וחילבה 250 גרם,גרמים,250.00,100 גרם,false,1,14.90,5.9600,true,1,23950
7290010154678,false,אריסה מרוקאית 250 גר,המאפיה של הרמן,IL,אריסה מרוקאית 250 גרם,גרמים,250.00,100 גרם,false,1,14.90,5.9600,true,1,121813
7290010154685,false,שום כתוש 250 גרם,המאפיה של הרמן,IL,ביטון יוחאי המקורי סלט שום כתוש 250 גרם,גרמים,250.00,100 גרם,false,1,14.90,5.9600,true,1,121814
7290010163069,false,צנובר 100 גרם,אף.סי תבליני בגליל ב,IL,צנובר 100 גרם,גרמים,100.00,100 גרם,false,1,24.90,24.9000,true,1,37980
7290010237685,false,בירה הייניקן בקבוק,טמפו משקאות בע''מ,IL,"בירה היינקן, בקבוק 330 מ''ל",מיליליטרים,330.00,"100 מ""ל",false,1,9.90,3.0000,true,1,24300
7290010237890,false,בירה הייניקן בקבוק ח,טמפו משקאות בע''מ,IL,"בירה היינקן, בקבוק חוזר 500 מ""ל",מיליליטרים,500.00,"100 מ""ל",false,1,8.90,1.7800,true,1,24339
7290010259830,false,נודלס בסגנון סיני פי,נמצ'או(תאילנד) בעמ,TH,ויליפוד מנת השף נודלס בטעם סיני-פיקנטי 70 גרם,גרמים,70.00,100 גרם,false,1,5.50,7.8571,true,1,30072
7290010328093,false,ממרח חלבה אחווה,אחדות בית חרושת לטחי,IL,אחוה ממרח חלוה 400 גרם,גרמים,400.00,100 גרם,false,1,12.90,3.2250,true,1,39004
7290010328246,false,טחינה שומשום מלא אחו,,IL,טחינה שומשום מלא אחווה 500 גרם,גרמים,500.00,100 גרם,false,1,14.90,2.9800,true,1,76474
7290010328253,false,טחינה גולמית אחווה,"אחדות ביח""ר בעמ",IL,אחוה טחינה גולמית 500 גרם בפלסטיק,גרמים,500.00,100 גרם,false,1,14.90,2.9800,true,1,74060
7290010328468,false,חלבה אחוה מיני בטעמי,שוורצקוף& הנקל דיסלד,IL,"אחוה חטיפי מיני חלוה פיסטוק, וניל וקקאו 18 יחידות",גרמים,216.00,100 גרם,false,1,10.90,5.0463,true,1,99052
7290010328505,false,חלבה אחוה מיני ללא ס,אחווה,,חלבה אחוה מיני ללא סוכר 150 גרם,גרמים,150.00,100 גרם,false,1,10.90,7.2667,true,1,99053
7290010329984,false,שוקולד ציפס,כרמית תעשיות ממתקים,IL,אגו שוקולד צ'יפס מריר 60% מוצקי קקאו 250 גרם,גרמים,250.00,100 גרם,false,1,13.90,5.5600,true,1,53851
7290010471669,false,דנונה בר תות קורנפלק,"שטראוס בריאות בע""מ",IL,דנונה בר תות קורנפלקס,גרמים,175.00,100 גרם,false,1,4.80,2.7429,true,1,21942
7290010577804,false,דקסמול 16 קפליות,דקסל,,דקסמול 16 קפליות,לא מנהל יחידת מידה,0.00,לא מנהל יחידת מידה,false,1,11.90,0.0000,true,1,113879
7290010609734,false,שלוקים אייס לי 800 מ,הדיל,IL,"שלוקים אייס לי 800 מ""ל",מיליליטרים,800.00,"100 מ""ל",false,1,5.90,0.7375,true,1,126619
7290010627004,false,טחינה ירושלים 500 גר,"בראשית ירושלים בע""מ",IL,טחינה ירושלים 500 גרם,גרמים,500.00,100 גרם,false,1,15.90,3.1800,true,1,118145
7290010627844,false,טחינה ירושלים 500 גר,"בראשית ירושלים בע""מ",IL,טחינה ירושלים 500 גרם שומשום מלא,גרמים,500.00,100 גרם,false,1,15.90,3.1800,true,1,128521
7290010632572,false,נובי נשכן חרוזים,מולינו ניקולי s.p.a,CN,נשכן שרשרת חרוזים נובי +3 חודשים,Unknown,0.00,Unknown,false,1,33.90,0.0000,true,1,122473
7290010632787,false,צימרוני אוזניים מעץ,הדקלאים אגודת שיתופי,CN,צימרוני אוזניים עץ 300 יח' בשקית,Unknown,0.00,Unknown,false,1,4.90,0.0000,true,1,83795
7290010657292,false,צלפים בחומץ צנצנת 35,לוקסאפרס,,צלפים בחומץ צנצנת 350 גרם,גרמים,350.00,100 גרם,false,1,15.90,4.5429,true,1,80510
7290010748860,false,אפקטיב קרם ידיים לעו,הדקלאים אגודת שיתופי,IL,אפקטיב קר קרם ידיים אינטנסיב לעור יבש במ,מיליליטרים,150.00,"100 מ""ל",false,1,11.90,7.9333,true,1,88149
7290010748891,false,אפקטיב קר קרם גוף לע,"ד""ר פישר",IL,"אפקטיב קר קרם גוף לעור רגיל 700 מ""ל",מיליליטרים,700.00,"100 מ""ל",false,1,29.90,4.2714,true,1,46569
7290010814244,false,שוקולד מריר,"כד בני דרום בע""מ",IL,שלשות שוקולד מריר 44% 85 גר*3*18 בקרטון,גרמים,300.00,100 גרם,false,1,13.90,4.6333,true,1,91644
7290010814251,false,שוקולד חלב,כרמית תעשיות ממתקים,IL,שלשות שוקולד חלב 85 גר*3 בלמינט * 18 בקרט בדצ,גרמים,225.00,100 גרם,false,1,13.90,6.1778,true,1,91645
7290010814695,false,"שוקולד מריר לל""ס 85",כרמית תעשיות ממתקים,IL,שוקולד מריר ללא תוספת סוכר אגו 85 גרם,גרמים,85.00,100 גרם,false,1,6.90,8.1176,true,1,71555
7290010839865,false,רוטב רימונים,יושלם,TR,רוטב רימונים 320 גרם,מיליליטרים,320.00,"100 מ""ל",false,1,12.90,4.0313,true,1,61162
7290010859283,false,"פניסטיל ג""ל",נוברטיס,,"פניסטיל ג""ל",Unknown,0.00,Unknown,false,1,39.90,0.0000,true,1,23846
7290010859306,false,אוטריוין מבוגרים,נוברטיס,,אוטריוין מבוגרים,Unknown,0.00,Unknown,false,1,29.90,0.0000,true,1,23843
7290010859320,false,אוטריוין מנטול,נוברטיס,,אוטריוין מנטול,Unknown,0.00,Unknown,false,1,34.00,0.0000,true,1,23844
7290010883370,false,כפפות אלוורה בינוני,האי נאם סי או אל.טי.,CN,סושי כפפות אלוורה רב שימושיות - M,Unknown,0.00,Unknown,false,1,10.80,0.0000,true,1,39905
7290011017866,false,קוקה קולה פחית סליק,תות תעשיות מזון (201,IL,"סליק קוקה קולה 330 מ""ל מבצע",מיליליטרים,330.00,"100 מ""ל",false,1,5.90,1.7879,true,1,85786
7290011017873,false,קוקה קולה זירו פחית,תות תעשיות מזון (201,IL,"סליק קולה ZERO 330 מ""ל מבצע",מיליליטרים,330.00,"100 מ""ל",false,1,5.90,1.7879,true,1,85787
7290011018184,false,תה קר FUZE TEA אפרסק,מולינו ניקולי s.p.a,IL,FUZE tea אפרסק 0.5 ליטר,מיליליטרים,500.00,"100 מ""ל",false,1,8.50,1.7000,true,1,85439
7290011018214,false,תה קר FUZE TEA מנגו,פארייפאבה אגרואינדוס,IL,פיוזטי מנגו אננס 0.5 ליטר,מיליליטרים,500.00,"100 מ""ל",false,1,8.50,1.7000,true,1,85442
7290011018368,false,בירה ויינשטפן מארז ש,"ויינשטפן, ת.ד 1155 פ",DE,Weihenstephan - בירת חיטה מעוננת,ליטרים,1.98,ליטר,false,1,74.90,37.8283,true,1,90534
7290011018474,false,סיידר סומרסבי,"קרלסברג קרואטיה , יב",HR,"סומרסבי סיידר בקבוק 330 מ""ל",מיליליטרים,330.00,"100 מ""ל",false,1,9.90,3.0000,true,1,104052
7290011018917,false,קוקה קולה זירו מארז,תות תעשיות מזון (201,IL,"מארז ק""ק ZERO 6 פח FRIDGE-PACK מבצע",ליטרים,1.98,ליטר,false,1,24.90,12.5758,true,1,91362
7290011026530,false,קמיל בלו סנסיטיב אל,הדקלאים אגודת שיתופי,IL,קמיל בלו סנסיטיב אל סבון לפני השינה 500,מיליליטרים,500.00,"100 מ""ל",false,1,17.90,3.5800,true,1,104872
7290011081492,false,גלידה קרמיסימו שלושה,"גלידת שטראוס בע""מ",IL,מעדן קפוא קרמיסימו 3 שוקולדים 1.33 ל',ליטרים,1.33,ליטר,false,1,26.90,20.2256,true,1,41661
7290011114909,false,סקין גארד שמן גזר,אמיליה קוסמטיקס,,סקין גארד שמן גזר SPF15,מיליליטרים,200.00,"100 מ""ל",false,1,49.50,24.7500,true,1,76096
7290011115289,false,נקה 7 סבון מוצק לילך,"גליל כימיכלים בע""מ",IL,נקה 7 סבון מוצק לילך - רביעיה,גרמים,400.00,100 גרם,false,1,12.90,3.2250,true,1,41998
7290011133634,false,פפסי מקס פחית צרה 33,"טמפו משקאות בע""מ",IL,פפסי מקס פחית צרה 330 שישייה,ליטרים,1.98,ליטר,false,1,22.90,11.5657,true,1,131756
7290011148898,false,ברוקולי ארוז במגשית,חקלאי,IL,ברוקולי ארוז במגשית,לא מנהל יחידת מידה,0.00,לא מנהל יחידת מידה,false,1,9.90,0.0000,true,1,132856
7290011148911,false,פלפל טינקרבל יחידה,חקלאי,IL,פלפל טינקרבל יחידה,גרמים,500.00,100 גרם,false,1,9.90,1.9800,true,1,108415
7290011153885,false,נייר אכיל ממותג,גילרוי,,נייר אכיל ממותג .,Unknown,0.00,Unknown,false,1,22.60,0.0000,true,1,38044
7290011194215,false,דניאלה מעדן בננה,"שטראוס בריאות בע""מ",IL,דניאלה מעדן בננה 88 גרם,גרמים,88.00,100 גרם,false,1,4.40,5.0000,true,1,31785
7290011194246,false,קוטג 5% סקי 250 גרם,מיוצר עי קונדיטוריית,IL,קוטג' 5% 250 גרם,גרמים,250.00,100 גרם,false,1,5.90,2.3600,true,1,32203
7290011223038,false,עלים לקרמשניט בונומי,דולפין ספא,IT,עלים לקרמשניט בונומי 300 גרם,גרמים,300.00,100 גרם,false,1,16.90,5.6333,true,1,74019
7290011223045,false,בישקוטים בונומי 200,דולפין ספא,IT,בונמי בישקוטים 200 גרם,גרמים,200.00,100 גרם,false,1,7.90,3.9500,true,1,71917
7290011223922,false,עוגת וניל לייט טוסו,מיוצר עי קונדיטוריית,IL,עוגת וניל לייט טוסו 300 גרם,גרמים,300.00,100 גרם,false,1,16.90,5.6333,true,1,38573
7290011235055,false,בזיליקום,חקלאי,IL,בזיליקום,לא מנהל יחידת מידה,0.00,לא מנהל יחידת מידה,false,1,5.90,0.0000,true,1,55765
7290011249748,false,ופל גלילית שוקולד גי,גילרו,,ופל גלילית שוקולד גילרו 100 גרם,גרמים,100.00,100 גרם,false,1,3.90,3.9000,true,1,99573
7290011249755,false,ופלים גלילית אגוזים,"גילרו בע""מ",,ופלים גלילית אגוזים 100 גרם,גרמים,100.00,100 גרם,false,1,3.90,3.9000,true,1,99572
7290011254728,false,גלטין טהור מיה 25 ג,מיה,IL,גלטין טהור מיה 25 גרם בקרטונית,גרמים,25.00,100 גרם,false,1,11.90,47.6000,true,1,144872
7290011363178,false,לימוסין בטעם לימון,גלקסמן סמית קליים,,לימוסין בטעם לימון,לא מנהל יחידת מידה,7.50,לא מנהל יחידת מידה,false,1,30.20,4.0267,true,1,38433
7290011438142,false,משקה אייס קפה יטבתה,,IL,"אייס קפה 350 מ""ל",מיליליטרים,350.00,"100 מ""ל",false,1,6.50,1.8571,true,1,41209
7290011447908,false,מזון לחתולים מלא טעם,ביופט,IL,מזון לחתולים מלא טעם עוף וכבד סופר קט 3,קילוגרמים,3.00,"ק""ג",false,1,45.90,15.3000,true,1,87744
7290011499105,false,גבינה בולגרית 5% 25,ג'נרל מילס סאן אדריא,IL,גבינה בולגרית 5% 250 גרם,גרמים,250.00,100 גרם,false,1,26.90,10.7600,true,1,39846
7290011499129,false,גבינה בולגרית קוביות,קוד יצרן DSH,IL,קוביות בולגרית מעודנת,גרמים,200.00,100 גרם,false,1,23.90,11.9500,true,1,40459
7290011499624,false,גבינת שמנת ניו יורק,מחלבות גד,IL,"גד, גבינת שמנת בטעם טבעי 30% , 200 גרם",גרמים,200.00,100 גרם,false,1,13.90,6.9500,true,1,69972
7290011499853,false,גבינת שמנת ניו יורק,מחלבות גד (שיווק 199,IL,גד ניו יורק גבינת שמנת זיתים 30% 200 גרם,גרמים,200.00,100 גרם,false,1,13.90,6.9500,true,1,77116
7290011515683,false,טילון וניל אקסטרים מ,תות תעשיות מזון (201,IL,אקסטרים טילון וניל בדצ מאח.5 6*72גרם,גרמים,432.00,100 גרם,false,1,32.90,7.6157,true,1,41075
7290011515911,false,גלידה לייט ריבת חלב,המאפיה של הרמן,IL,נסטלה שלג.לייט ריבת חלב בדצ מאח.6 6*52ג,גרמים,312.00,100 גרם,false,1,27.90,8.9423,true,1,53452
7290011598211,false,מנקה כללי אנטיקאלק,סנו מפעלי ברונוס בעמ,IL,אנטי קאלק מרסס כללי רב שימושי 4 ב 1 700 מל,מיליליטרים,700.00,"100 מ""ל",false,1,19.90,2.8429,true,1,45724
7290011607180,false,אבקת כביסה קולון 101,ריקט בנקיזר ( ניר אי,IL,"אבקת כביסה קולון 1.25 ק""ג",קילוגרמים,1.25,"ק""ג",false,1,13.90,11.1200,true,1,39010
7290011618025,false,נגיסי אורז לתינוק,גואנז'ו יונג וואנט פ,CN,נגיסי אורז לתינוק,גרמים,50.00,100 גרם,false,1,13.90,27.8000,true,1,77036
7290011723200,false,טחינת הר ברכה 500גרם,הר ברכה תעשיות,,טחינת הר ברכה 500גרם,גרמים,500.00,100 גרם,false,1,18.90,3.7800,true,1,94978
7290011728762,false,פלפל ארבול שלם מיובש,,,פלפל ארבול שלם מיובש 40גרם,גרמים,40.00,100 גרם,false,1,11.90,29.7500,true,1,139616
7290011765118,false,קרמה קצף גילוח דליקט,"אביאפ, איסטנבול, תור",TR,קרמה מן קצף גילוח לעור עדין,מיליליטרים,200.00,"100 מ""ל",false,1,12.90,6.4500,true,1,57647
7290011870225,false,סוללות פוזיקום 4AAA,פוג'יקום,,סוללות פוזיקום 4AAA,יחידה,1.00,יחידה,false,1,9.90,9.9000,true,1,116854
7290011870249,false,סוללות פוזיקום 12AAA,פוג'יקום,,סוללות פוזיקום 12AAA,לא מנהל יחידת מידה,0.00,לא מנהל יחידת מידה,false,1,19.90,0.0000,true,1,116867
7290011870256,false,מארז 4 פוגיקום AA,פוג'יקום,,מארז 4 פוגיקום AA,יחידה,1.00,יחידה,false,1,9.90,9.9000,true,1,116853
7290011870270,false,סוללות פוזיקום 12AA,פוג'יקום,,סוללות פוזיקום 12AA,לא מנהל יחידת מידה,0.00,לא מנהל יחידת מידה,false,1,19.90,0.0000,true,1,116868
7290011870744,false,סוללות פוזיקום 9V,פוג'יקום,,סוללות פוזיקום 9V,יחידה,1.00,יחידה,false,1,19.90,19.9000,true,1,68948
7290011877156,false,מטהר אוויר סנופרש ענ,מיוצר עי קונדיטוריית,IL,סנופרש ענק בניחוח מאסק,מיליליטרים,375.00,"100 מ""ל",false,1,11.90,3.1733,true,1,48428
7290011877446,false,בייבי כיף קרם,קוסמופארם בע''מ,IL,בייבי כיף קרם נגד גירויים,מיליליטרים,100.00,"100 מ""ל",false,1,11.90,11.9000,true,1,49387
7290011877859,false,פותח סתימות,סנו מפעלי ברונוס בעמ,IL,"פותח סתימות אינסטלטור 200 גר """,גרמים,200.00,100 גרם,false,1,14.90,7.4500,true,1,48969
7290011878351,true,תמר מגהול אורגני 400,,,תמר מגהול אורגני 400,Unknown,0.00,Unknown,false,1,29.90,0.0000,true,1,135500
7290011947309,false,זית ירוק עם לימון כב,זיתא – י.ט.ב תעשיות,IL,זית ירוק עם לימון כבוש זיתא 230 גרם,גרמים,230.00,100 גרם,false,1,13.90,6.0435,true,1,95391
7290011947316,false,זיתי קלמטה זיתא 217,סטאר סנקס,IL,זית קלמטה בשמן זית כתית מעולה,גרמים,217.00,100 גרם,false,1,13.90,6.4055,true,1,99293
7290011947781,false,זית ירוק קלמטה ללא ג,זיתא,IL,זית ירוק קלמטה ללא גלעין מיקס זיתא190גרם,גרמים,190.00,100 גרם,false,1,13.90,7.3158,true,1,131895
7290011947798,false,זית קלמטה ללא גלעין,זיתא,IL,זית קלמטה ללא גלעין זיתא 190 גרם,גרמים,190.00,100 גרם,false,1,13.90,7.3158,true,1,131894
7290011947842,false,שמן כתית מעולה עם מי,זיתא,IL,זיתא שמן כתית מעולה פסטו,גרמים,240.00,100 גרם,false,1,20.90,8.7083,true,1,133952
7290011947866,false,מיקס זיתים זיתא בפח,זיתא,GR,מיקס זיתים בפח,גרמים,440.00,100 גרם,false,1,15.90,3.6136,true,1,133464
7290011947873,false,זיתי קלמטה זיתא בפח,זיתא,GR,זיתי קלמטה בפח,גרמים,440.00,100 גרם,false,1,15.90,3.6136,true,1,133465
7290011947903,false,זיתים מיקס יווני זית,זיתא,IL,זיתים מיקס יווני זיתא 215 גרם,גרמים,215.00,100 גרם,false,1,13.90,6.4651,true,1,133547
7290011964658,false,מלח לימון,תות ממתקי איכות,IL,תבליני טעם וריח מלח לימון 100% 170 גרם,גרמים,170.00,100 גרם,false,1,9.90,5.8235,true,1,56044
7290011964689,false,תבלין על האש מיכל,תות ממתקי איכות,IL,"תבליני טעם וריח תערובת תיבול על האש, 100 גרם",Unknown,0.00,Unknown,false,1,9.90,0.0000,true,1,68230
7290011964702,false,תבלין לשווארמה מיכל,תות ממתקי איכות,IL,"תבליני טעם וריח תערובת תיבול לשווארמה, 100 גרם",גרמים,110.00,100 גרם,false,1,9.90,9.0000,true,1,68232
7290011996185,false,"חומץ אורז 250 מ""ל",דדוש דניאל,,"חומץ אורז 250 מ""ל",מיליליטרים,250.00,"100 מ""ל",false,1,7.90,3.1600,true,1,52590
7290011996642,false,שומשום שחור קלוי,אסיה,,שומשום שחור קלוי 100 גרם,גרמים,100.00,100 גרם,false,1,12.90,12.9000,true,1,50707
7290012001994,false,"חרדל דיז""ון גרגירים",כלורוקס אוקלנד,FR,חרדל דיגון גרעינים 350 גרם כפ,גרמים,350.00,100 גרם,false,1,12.90,3.6857,true,1,68235
7290012045752,false,רידלייס משמיד כינים,"גילקו פארם בע""ם",IL,"רידלייס משמיד כינים 150 מ""ל",מיליליטרים,1015.00,"100 מ""ל",false,1,49.90,4.9163,true,1,144900
7290012052316,false,גרנולה תענוג - שפע פ,פוקה,IL,"תענוג שפע פירות 1 ק""ג רפאל'ס",קילוגרמים,1.00,"ק""ג",false,1,28.90,28.9000,true,1,124119
7290012052323,false,מוזלי תענוג מיקס לא,רפאלס,IL,"תענוג מוזלי 1 ק""ג רפאל'ס",קילוגרמים,1.00,"ק""ג",false,1,28.90,28.9000,true,1,83452
7290012052330,false,גרנולה תענוג - חלבה,רפאלס,IL,"תענוג חלבה 1 ק""ג רפאל'ס",קילוגרמים,1.00,"ק""ג",false,1,28.90,28.9000,true,1,83418
7290012052347,false,גרנולה תענוג - ללס צ,רפאלס,IL,"תענוג ללא סוכר צימוק שקד 1 ק""ג רפאל'ס",קילוגרמים,1.00,"ק""ג",false,1,28.90,28.9000,true,1,84925
7290012052385,false,גרנולה רפאל מוזלי,פוקה,IL,ג. רפאל 720 ג' מוזלי שקדים פ.יער רפאל'ס,גרמים,80000.00,100 גרם,false,1,29.90,0.0374,true,1,110664
7290012052804,true,טראפלס תמרים אגוזי ל,פוקה,IL,חטיפי טראפלס תמרים אגוזי לוז וקקאו 8 יח'*120 גר',לא מנהל יחידת מידה,0.00,לא מנהל יחידת מידה,false,1,13.90,0.0000,true,1,127677
7290012116261,false,"סנו מדיק 500 מ""ל",קוסמופארם בעמ,IL,סנו מדיק ג'ל לניקוי ידיים ללא מים 500 מל,מיליליטרים,500.00,"100 מ""ל",false,1,29.90,5.9800,true,1,129371
7290012116629,false,סנו די תינוקות/ילדים,סנו מפעלי ברונוס בעמ,IL,סנו די תחליב דוחה יתושים לתינוקות ולילדים 50 מל,מיליליטרים,50.00,"100 מ""ל",false,1,19.90,39.8000,true,1,56699
7290012193163,false,פמילי לקשרי אלסבון,אף.סי תבליני בגליל ב,TR,פמילי אל סבון נוזלי פרחי בר רעננים 1 ליטר,ליטרים,1.00,ליטר,false,1,14.90,14.9000,true,1,86167
7290012226120,false,קבנוס 135 גרם,כצט,IL,זוגלובק קבנוס 135 גרם,גרמים,135.00,100 גרם,false,1,12.50,9.2593,true,1,71008
7290012227981,false,פסטרמה ברביקיו דק דק,כצט,IL,זוגלובק פסטרמה ברביקיו 120 גרם דק דק דק,גרמים,120.00,100 גרם,false,1,14.90,12.4167,true,1,119414
7290012227998,false,חזה בקר דק דק 120 גר,כצט,IL,זוגלובק חזה בקר 120 גרם דק דק דק,גרמים,120.00,100 גרם,false,1,14.90,12.4167,true,1,119412
7290012245312,false,גולד ציפס אמריקאי 1.,יוליניבר,BE,ציפס אמריקאי 1.5 קג,קילוגרמים,1.50,"ק""ג",false,1,20.90,13.9333,true,1,119497
7290012245329,false,גולד ציפס קלאסיק 1.5,יוליניבר,BE,ציפס בחיתוך קלאסי 1.5 קג,קילוגרמים,1.50,"ק""ג",false,1,20.90,13.9333,true,1,119511
7290012245336,false,סטייק ציפס גולד 1.5,אגריסטו,NL,"סטייק ציפס גולד 1.5 ק""ג",קילוגרמים,1.50,"ק""ג",false,1,20.90,13.9333,true,1,143236
7290012309939,false,חלבה מסולסלת 500 גרם,אף.סי תבליני בגליל ב,IL,חלבה מסולסלת 500 גרם ששון הקולה,גרמים,500.00,100 גרם,false,1,14.90,2.9800,true,1,97816
7290012404177,false,שוופס מוגז פירות תפו,יפאורה תבורי בעמ,IL,"שוופס מוגז פירות תפוחים 330 מ""ל זכוכית",מיליליטרים,330.00,"100 מ""ל",false,1,6.90,2.0909,true,1,60509
7290012525452,false,טילון אקסטרים שוקו ו,המאפיה של הרמן,IL,אקסטרים טילון שוקו וניל בדצ 24*70גרם-חדש,גרמים,70.00,100 גרם,false,1,9.50,13.5714,true,1,64405
7290012642586,false,ערמונים קלופים 100 ג,Tangshan huiyuan foo,,ערמונים קלופים 100 גר תומר,גרמים,100.00,100 גרם,false,1,4.90,4.9000,true,1,87774
7290012697081,false,סוכרזית סטיוויה 100,ביסקול בע''מ,IL,סוכרזית סטיוויה 100 שקיות,גרמים,100.00,100 גרם,false,1,29.90,29.9000,true,1,81802
7290012759017,false,חטיף אנרגיה מיקס ממה,ממה חטיפי אנרגיה,,חטיף אנרגיה מיקס ממה 50 גרם,גרמים,50.00,100 גרם,false,1,7.50,15.0000,true,1,56551
7290012759031,false,חטיף אנרגיה בננה ופק,ממה חטיפי אנרגיה,,חטיף אנרגיה בננה ופקאן ממה אישי 50 גרם,גרמים,50.00,100 גרם,false,1,7.50,15.0000,true,1,64528
7290012759659,false,עוגיות בראוניז קוקוס,ממה חטיפי אנרגיה,IL,עוגיות בראוניז קוקוס ואגוז מלך 240 גרם,גרמים,240.00,100 גרם,false,1,27.90,11.6250,true,1,126981
7290012759666,false,עוגיות בראוניז פקאן,ממה חטיפי אנרגיה,IL,עוגיות בראוניז פקאן ופולי קקאו 240 גרם,גרמים,240.00,100 גרם,false,1,27.90,11.6250,true,1,126980
7290012759673,false,עוגיות בראוניז חמאת,ממה חטיפי אנרגיה,IL,עוגיות בראוניז חמאת בוטנים 240 גרם,גרמים,240.00,100 גרם,false,1,27.90,11.6250,true,1,126979
7290012759727,false,חטיף בראוניז פקאן ופ,ממה חטיפי אנרגיה,IL,חטיף בראוניז פקאן ופולי קקאו 50 גרם,גרמים,50.00,100 גרם,false,1,8.50,17.0000,true,1,126977
7290012759949,false,מארז חטיף חלבון תמר,ממה,IL,מארז חטיף חלבון תמר קרם לוז יה עם חלבון,גרמים,50.00,100 גרם,false,1,9.90,19.8000,true,1,131896
7290012803215,false,ופל בלגי בטעם שוקולד,בטר אנד דיפרנט,IL,ופל בלגי בטעם שוקולד 200 גרם,גרמים,200.00,100 גרם,false,1,10.80,5.4000,true,1,84366
7290012803352,false,תרסיס רייד קוטל חרקי,אס.סי.ג'ונסון מידרכט,NL,"תרסיס רייד קוטל חרקים מעופפים 300 מ""ל",מיליליטרים,300.00,"100 מ""ל",false,1,19.90,6.6333,true,1,70145
7290012803765,false,שוקולד מריר ללא סוכר,האי נאם סי או אל.טי.,TR,טוסו שוקולד מריר ללא תוספת סוכר 100 גרם,גרמים,100.00,100 גרם,false,1,11.90,11.9000,true,1,84155
7290012803772,false,שוקולד חלב ללא סוכר,האי נאם סי או אל.טי.,TR,טוסו שוקולד חלב ללא תוספת סוכר 100 גרם,גרמים,100.00,100 גרם,false,1,11.90,11.9000,true,1,84156
7290012823374,false,מטליות לניקוי כללי,מיוצר עי קונדיטוריית,IL,מגבונים אנטי קאלק,Unknown,0.00,Unknown,false,1,13.90,0.0000,true,1,68328
7290012823381,false,מרכך כביסה סנסטיב,"סנו מפעלי ברונוס בע""",IL,מרכך מרוכז סנסטיב 1 ליטר 40 כביסות,ליטרים,1.00,ליטר,false,1,18.90,18.9000,true,1,65077
7290012823602,false,נייר טואלט סופט 32 ג,טרופיקל דגיל תעשיות,IL,נייר טואלט סופט 32 גלילים,מטרים,58800.00,מטר,false,1,33.90,0.0006,true,1,74210
7290012823947,false,מרכך כביסה פרפיום קר,סנו מפעלי ברונוס בעמ,IL,"מרכך כביסה פרפיום קריסטל נואר 750 מ""ל",מיליליטרים,750.00,"100 מ""ל",false,1,18.90,2.5200,true,1,72248
7290012911729,false,גינגר לסושי אסיה 250,פוקולוקו,,גינגר לסושי אסיה 250 גרם,גרמים,250.00,100 גרם,false,1,7.50,3.0000,true,1,86817
7290012962608,false,צלחות פלסטיק עבות במ,F.T.I,,"צלחות פלסטיק עבות במיוחד 25 יחידות 22 ס""",לא מנהל יחידת מידה,0.00,לא מנהל יחידת מידה,false,1,13.90,0.0000,true,1,126983
7290012962677,true,ניילון נצמד הוסטס עם,הדקלאים אגודת שיתופי,TR,"הוסטס ניילון נצמד אורך 150 מטר, רוחב 30 סמ",Unknown,0.00,Unknown,false,1,26.90,0.0000,true,1,135518
7290012996382,false,אידיאל דפי בד לכביסה,פוזימון,FR,איידיל דפי בד לכביסה צבעונית 10 יחידות,לא מנהל יחידת מידה,0.00,לא מנהל יחידת מידה,false,1,14.90,0.0000,true,1,90899
7290013038432,false,מים אקווה נובה בקבוק,אקווה נובה,IL,מים אקווה נובה בקבוק 2 ליטר,ליטרים,2.00,ליטר,false,1,3.90,1.9500,true,1,62056
7290013068361,false,שמן זית אליעד כתית מ,קרלו,IL,שמן זית אליעד כתית מעולה 750 מל,מיליליטרים,750.00,"100 מ""ל",false,1,36.90,4.9200,true,1,127591
7290013068699,false,שמן זית כתית מעולה ע,קרלו,IL,"שמן זית כתית מעולה עשיר אליעד 750מ""ל",מיליליטרים,750.00,"100 מ""ל",false,1,36.90,4.9200,true,1,129790
7290013068705,false,שמן זית כתית מעולה ק,קרלו,IL,שמן זית כתית מעולה קטיפתי אליעד750 מל,מיליליטרים,750.00,"100 מ""ל",false,1,36.90,4.9200,true,1,129789
7290013092236,false,רני מנטה,פייזר,,רני מנטה,Unknown,0.00,Unknown,false,1,29.90,0.0000,true,1,120499
7290013092571,false,בפנטן פלוס משחה,GP,,בפנטן פלוס משחה,Unknown,0.00,Unknown,false,1,34.90,0.0000,true,1,113909
7290013117212,false,בורקס פילו במילוי גב,מיוצר עי קונדיטוריית,IL,בורקס פילו במילוי גבינה 600 גרם,גרמים,600.00,100 גרם,false,1,22.50,3.7500,true,1,62060
7290013117229,false,בורקס פילו במילוי תפ,מיוצר עי קונדיטוריית,IL,"בורקס פילו במילוי תפו""א 600 גרם",גרמים,600.00,100 גרם,false,1,22.50,3.7500,true,1,62061
7290013117243,false,בורקס פילו בולגרית 6,מיוצר עי קונדיטוריית,IL,בורקס פילו בולגרית 600 גרם,גרמים,600.00,100 גרם,false,1,22.50,3.7500,true,1,62063
7290013117427,false,מארז בצק פריך מלוח *,"מעדנות בע""מ",IL,מארז בצק פריך מלוח *2 450 גרם,גרמים,900.00,100 גרם,false,1,25.40,2.8222,true,1,75137
7290013144416,false,תמצית שקדים,מיוצר עי קונדיטוריית,IL,מימונס תמצית אפיה בטעם שקדים 50 מל,גרמים,50.00,100 גרם,false,1,4.90,9.8000,true,1,96992
7290013144508,false,תמצית בטעם ורדים 50,מיוצר עי קונדיטוריית,IL,מימונס תמצית אפיה בטעם ורדים 50 מל,גרמים,50.00,100 גרם,false,1,9.90,19.8000,true,1,67943
7290013145017,true,אגוז מלך קלוף מימונס,מיוצר עי קונדיטוריית,IL,אגוז מלך קלוף מימונס 100גרם,גרמים,100.00,100 גרם,false,1,13.90,13.9000,true,1,122301
7290013145055,true,פרג שלם,א.ל ייצור ושיווק תבל,IL,פרג שלם,גרמים,100.00,100 גרם,false,1,6.90,6.9000,true,1,122303
7290013145710,false,דובדבנים מסוכרים,מיוצר עי קונדיטוריית,IL,דובדבנים מסוכרים לקישוט ואפייה,גרמים,100.00,100 גרם,false,1,8.90,8.9000,true,1,67951
7290013145956,false,שמרים נמסים- מימונס,הנסיך- מפעל לייצור ט,CN,מימונס שמרים יבשים בואקום 500 גרם,גרמים,500.00,100 גרם,false,1,15.90,3.1800,true,1,116094
7290013268020,false,מרכך כביסה מקסימה מר,"סנו מפעלי ברונוס בע""",IL,מרכך מרוכז א.פרש 1ל' 40 כביסות,ליטרים,1.00,ליטר,false,1,18.90,18.9000,true,1,65327
7290013268204,false,סנובון- מגבונים לניק,טרופיקל דגיל- תעשיות,IL,"סנובון מגבונים לניקוי וחיטוי מושב האסלה, 20 יחידות",לא מנהל יחידת מידה,0.00,לא מנהל יחידת מידה,false,1,10.90,0.0000,true,1,121982
7290013268242,false,ריצפז פרש הום בניחוח,"סנו מפעלו ברונוס בע""",IL,נוזל רצפות פרש הום מלון מפנק,ליטרים,2.00,ליטר,false,1,21.90,10.9500,true,1,128548
7290013268983,false,מרכך כביסה מקסימה מר,סנו,IL,מרכך כביסה מקסימה מרוכז גוי 1 ליטר,ליטרים,1.00,ליטר,false,1,18.90,18.9000,true,1,140202
7290013268990,false,מרכך כביסה ביו מרוכז,"איי, בי, אינבוו",IL,מרכך מרוכז ביו 1ליטר 40 כביסות,ליטרים,1.00,ליטר,false,1,18.90,18.9000,true,1,75212
7290013269287,false,"ג""ל כביסה מקסימה בני",סנו,IL,"ג""ל כביסה מקסימה בניחוח מאסק 3 ליטר",ליטרים,3.00,ליטר,false,1,29.90,9.9667,true,1,82494
7290013269300,false,סנו סושי ניילוןנצמד,FV.HK,,"סנו סושי ניילוןנצמד פלוס150 מ """,מטרים,15000.00,מטר,false,1,29.90,0.0020,true,1,90901
7290013269348,false,תחנות K 300,טרופיקל דגיל תעשיות,IL,K3 תחנת פיתיון- קוטל תיקנים (ג'וקים) בבית ובחצר,לא מנהל יחידת מידה,0.00,לא מנהל יחידת מידה,false,1,49.90,0.0000,true,1,127574
7290013269621,false,ריצפז פרש הום מלון ב,סנו מפעלי ברונוס בעמ,IL,"סנו ריצפז, תרכיז ריחני לניקוי כל סוגי הרצפות",ליטרים,2.00,ליטר,false,1,21.90,10.9500,true,1,124267
7290013269751,false,מטליות לחות לרצפה בנ,"סנו, ח.צ 520032988",IL,"סנו רצפז, מטליות לחות לניקוי הרצפה.",לא מנהל יחידת מידה,7.50,לא מנהל יחידת מידה,false,1,14.90,1.9867,true,1,123920
7290013284310,false,רוטב פסטה לילדים,פריניר ( הדס 1987) ב,IL,פריניר רוטב פסטה טעים לילדים 240 גרם,גרמים,240.00,100 גרם,false,1,5.90,2.4583,true,1,90002
7290013284662,false,רוטב פיצה פיתה,פריניר ( הדס 1987) ב,IL,פריניר רוטב פיצה פיתה 240 גרם,גרמים,240.00,100 גרם,false,1,5.90,2.4583,true,1,105059
7290013310170,false,כוסות נייר משובחות ל,,,כוסות נייר משובחות לשתיה חם/קר 50 יחידות,Unknown,0.00,Unknown,false,1,13.90,0.0000,true,1,92704
7290013358417,false,רוטב טריאקי מאסטר שף,קריניציה ויטמינה אס,TH,מאסטר שף רוטב טריאקי אסייאתי 300 מל,מיליליטרים,300.00,"100 מ""ל",false,1,12.90,4.3000,true,1,112044
7290013358431,false,קרוטונים אפויים לסלט,"עינת תעשיות מזון אג""",IL,מאסטר שף קרוטונים לסלט עגבניות בזיל 200ג,גרמים,200.00,100 גרם,false,1,12.90,6.4500,true,1,94836
7290013358448,true,קרוטונים לסלט 4דגנים,"עינת תעשיות מזון אג""",IL,קרוטונים לסלט 4דגנים,גרמים,200.00,100 גרם,false,1,12.90,6.4500,true,1,135541
7290013358462,false,מיני קרוטונים למרק ב,"איי, בי, אינבוו",IL,"מאסטר שף, מיני קרוטונים למרק, 350 גרם",גרמים,350.00,100 גרם,false,1,18.90,5.4000,true,1,94837
7290013358523,false,שבבי בצל מטוגן,קריניציה ויטמינה אס,NL,מאסטר שף שבבי בצל מטוגן 150 גרם,גרמים,150.00,100 גרם,false,1,14.80,9.8667,true,1,104652
7290013358530,false,רוטב צילי מתוק מאסטר,קריניציה ויטמינה אס,TH,מאסטר שף רוטב צ'ילי מתוק 700 מל,מיליליטרים,700.00,"100 מ""ל",false,1,13.90,1.9857,true,1,111841
7290013358547,false,רוטב צילי חריף מאסטר,מסוונג רונרוג בעמ,TH,מאסטר שף רוטב צ'ילי חריף 700 מל,מיליליטרים,700.00,"100 מ""ל",false,1,13.90,1.9857,true,1,111842
7290013358578,false,אטריות אורז רחבות מא,קריניציה ויטמינה אס,TH,מאסטר שף אטריות אורז רחבות 400 גרם,גרמים,400.00,100 גרם,false,1,9.80,2.4500,true,1,110100
7290013358585,false,נודלס אטריות ביצים מ,הנסיך- מפעל לייצור ט,CN,מאסטר שף נודלס אטריות ביצים 400 גרם,גרמים,400.00,100 גרם,false,1,9.80,2.4500,true,1,111748
7290013389114,false,"ניוקי תפו""א 500 גרם",Ciemme alimentari sr,,"ניוקי תפו""א 500 גרם",גרמים,500.00,100 גרם,false,1,7.90,1.5800,true,1,111469
7290013389138,false,ניוקי שלושה צבעים 5,Ciemme alimentari sr,,ניוקי שלושה צבעים 500 גרם,גרמים,500.00,100 גרם,false,1,7.90,1.5800,true,1,97422
7290013520067,false,10 לחמניות אצבע אגמי,מאפיית אגמי,,10 לחמניות אצבע אגמי,גרמים,750.00,100 גרם,false,1,13.90,1.8533,true,1,103774
7290013520463,true,כוסמין לחם בריאות,,,כוסמין לחם בריאות,גרמים,600.00,100 גרם,false,1,16.90,2.8167,true,1,125444
7290013585233,false,ספרייט זירו פחית סלי,גוד פוד פרודקטס S.p,IL,"גזוז בטעם לימון ליים דל קלוריות 330 מ""ל",מיליליטרים,330.00,"100 מ""ל",false,1,5.90,1.7879,true,1,109047
7290013585257,false,ספרייט זירו בקבוק 50,"אינסטנטה בע""מ",IL,"ZERO ספרייט 500 מ""ל",מיליליטרים,500.00,"100 מ""ל",false,1,7.50,1.5000,true,1,109045
7290013608260,false,מיץ רימונים פרימור ס,השחר,IL,7290068700001,ליטרים,1.00,ליטר,false,1,26.00,26.0000,true,1,98261
7290013675828,false,לקט חגיגה אסייתית לה,"איי, בי, אינבוו",IL,לקט חגיגה אסייתית להקפצה 450גרם,גרמים,450.00,100 גרם,false,1,24.90,5.5333,true,1,129275
7290013702418,false,שוופס מוגז עדין אפרס,יפאורה תבורי בעמ,IL,"שוופס מוגז עדין אפרסק 330 מ""ל זכוכית",מיליליטרים,330.00,"100 מ""ל",false,1,6.90,2.0909,true,1,115716
7290013847645,false,סטארקיסט טונה בשמן ז,סטארקיסט,TR,סטארקיסט טונה בשמן זית 3 יח 80 גרם,גרמים,240.00,100 גרם,false,1,16.90,7.0417,true,1,126877
7290013847867,false,מארז זוגות טונה בשמן,טונה ויטנאם קו. אל.ט,IL,ס.ק. טונה זוגות בשמן סויה 140 גר' בית יוסף,גרמים,140.00,100 גרם,false,1,12.90,9.2143,true,1,125074
7290013848017,false,סנו נירוסטה - מתז 50,"סנו מפעלי ברונוס בע""",IL,ניקוי והברקת נירוסטה,לא מנהל יחידת מידה,0.00,לא מנהל יחידת מידה,false,1,19.90,0.0000,true,1,121985
7290013848758,false,גל כביסה מרוכז3 ליטר,"סנו מפעלי ברונוס בע""",IL,ג'ל כביסה בייבי 3ליטר,ליטרים,3.00,ליטר,false,1,35.90,11.9667,true,1,95405
7290013906441,false,קבנוס 120 גרם,הנסיך- מפעל לייצור ט,IL,קבנוס נקניק מעושן יבש 120 גרם,גרמים,120.00,100 גרם,false,1,11.90,9.9167,true,1,93950
7290013906458,false,קבנוס בטעם פיקנטי 12,הנסיך- מפעל לייצור ט,IL,טירת צבי קבנוס פיקנטי נקניק מעושן יבש 120 גרם,גרמים,120.00,100 גרם,false,1,11.90,9.9167,true,1,97479
7290013906489,false,חטיפי מיני קבנוס 120,הנסיך- מפעל לייצור ט,IL,טירת צבי חטיפי מיני קבנוס 120 גרם,גרמים,120.00,100 גרם,false,1,11.90,9.9167,true,1,97480
7290013971203,false,מכונת תספורת BLIZZAR,פוג'יקום,,מכונת תספורת BLIZZARD,יחידה,1.00,יחידה,false,1,139.90,139.9000,true,1,96542
7290013971555,false,מארז פוגיקום 8+4,פוג'יקום,,מארז פוגיקום 8+4,לא מנהל יחידת מידה,0.00,לא מנהל יחידת מידה,false,1,19.90,0.0000,true,1,96540
7290014046436,false,נשנושי קבנוס 125 גרם,יחיעם,IL,יחיעם נשנושי קבנוס 125 גרם,גרמים,125.00,100 גרם,false,1,12.90,10.3200,true,1,90910
7290014066373,false,קפסולות אספרסו לנדוו,לנדוור,IL,קפסולות אספרסו לנדוור קלאסי 10יח,גרמים,50.00,100 גרם,false,1,17.90,35.8000,true,1,121822
7290014066380,false,קפסולות אספרסו לנדוו,לנדוור,IL,קפסולות אספרסו לנדוור סופרימו 10יח,גרמים,50.00,100 גרם,false,1,17.90,35.8000,true,1,121821
7290014079014,false,חסה לבבות קיסר,אליהו חדד,IL,חסה לבבות קיסר,גרמים,300.00,100 גרם,false,1,9.90,3.3000,true,1,94927
7290014083813,false,שפורטים 190 גרם,בריואוס וילניס,LV,שפורטים 190 גרם,גרמים,190.00,100 גרם,false,1,9.90,5.2105,true,1,87837
7290014094796,false,משמש בשקית 300 גרם,"דין שיווק וקליה בע""מ",,משמש בשקית 300 גרם,גרמים,300.00,100 גרם,false,1,16.90,5.6333,true,1,140619
7290014094826,false,שזיף מגולען 300 גרם,"דין שיווק וקליה בע""מ",,שזיף מגולען 300 גרם,גרמים,300.00,100 גרם,false,1,16.90,5.6333,true,1,140620
7290014094833,false,צימוק לבן שקית 300,"דין שיווק וקליה בע""מ",,צימוק לבן שקית 300 גרם,גרמים,300.00,100 גרם,false,1,13.90,4.6333,true,1,105330
7290014094840,false,צימוק חום שקית 300,"דין שיווק וקליה בע""מ",,צימוק חום שקית 300 גרם,גרמים,300.00,100 גרם,false,1,13.90,4.6333,true,1,105331
7290014094857,false,פקאן סיני מסוכר 150,דין שיווק,IL,פקאן סיני מסוכר 150 גרם,גרמים,150.00,100 גרם,false,1,17.90,11.9333,true,1,140571
7290014094864,false,פיסטוק קלוי 170גרם,דין שיווק,IL,פיסטוק קלוי 170גרם,גרמים,170.00,100 גרם,false,1,18.90,11.1176,true,1,140597
7290014094901,false,פקאן טבעי 150גרם,דין שיווק,IL,פקאן טבעי 150גרם,גרמים,150.00,100 גרם,false,1,19.90,13.2667,true,1,140595
7290014095861,false,שיבולת שועל דקה,"דין שיווק וקליה בע""מ",,שיבולת שועל דקה 500 גרם שקדיה,גרמים,500.00,100 גרם,false,1,6.90,1.3800,true,1,104034
7290014217140,false,ראס אל חנות מיכל100,תות ממתקי איכות,IL,תבליני טעם וריח ראס אל חנות 100 גרם,גרמים,100.00,100 גרם,false,1,9.90,9.9000,true,1,105784
7290014217157,false,טוסקנה 120 גר,תות ממתקי איכות,IL,תבליני טעם וריח תערובת תיבול טוסקנה 120 גרם,גרמים,120.00,100 גרם,false,1,9.90,8.2500,true,1,105785
7290014217201,false,תערובת תיבול סומק מי,תות ממתקי איכות,IL,תבליני טעם וריח מיכל קטן סומק 45 גרם,גרמים,45.00,100 גרם,false,1,6.90,15.3333,true,1,123347
7290014217225,false,תערובת תיבול גריל עו,תות ממתקי איכות,IL,"תבליני טעם וריח, תערובת תיבול גריל עוף, 120 גרם",גרמים,120.00,100 גרם,false,1,9.90,8.2500,true,1,99172
7290014217263,false,תערובת תיבול לפרגיות,תות ממתקי איכות,IL,"תבליני טעם וריח תערובת תיבול לפרגיות, 100 גרם",גרמים,100.00,100 גרם,false,1,9.90,9.9000,true,1,113921
7290014217348,false,צילי כתוש במיכל,תות ממתקי איכות,IL,תבליני טעם וריח צ'ילי גרוס חריף 70 גרם,גרמים,0.00,100 גרם,false,1,9.90,0.0000,true,1,99488
7290014217355,false,אבקת קרי,תות ממתקי איכות,IL,"תבליני טעם וריח, אבקת קארי, 100 גרם",Unknown,0.00,Unknown,false,1,9.90,0.0000,true,1,99489
7290014218932,false,חטיפי פיצה בתוספת זי,מיוצר עי קונדיטוריית,IL,חטיפי פיצה בתוספת זיתים בשקית 710 גרם,גרמים,710.00,100 גרם,false,1,34.90,4.9155,true,1,125651
7290014369269,false,שלגון MOJO קוקוס אננ,פיקסל,IL,שלגון MOJO קוקוס אננס 69 גרם,גרמים,69.00,100 גרם,false,1,9.90,14.3478,true,1,133729
7290014369283,false,שלגון MOJO סורבה דוב,פיקסל,IL,שלגון MOJO סורבה דובדבן 70 גרם,גרמים,70.00,100 גרם,false,1,9.90,14.1429,true,1,133727
7290014369306,false,שלגון MOJO תות שדה ט,איתלק,IL,שלגון MOJO תות שדה טבעי 70 גרם,גרמים,70.00,100 גרם,false,1,9.90,14.1429,true,1,125720
7290014369320,false,שלגון MOJO סורבה קוק,איתלק,IL,שלגון MOJO סורבה קוקוס טבעי 70 גרם,גרמים,70.00,100 גרם,false,1,9.90,14.1429,true,1,125722
7290014369412,false,שלגון MOJO שוקולד בל,איתלק,IL,שלגון MOJO שוקולד בלגי 70 גרם,גרמים,70.00,100 גרם,false,1,9.90,14.1429,true,1,125730
7290014369450,false,קוקוס ואננס טבעיים,,,קוקוס ואננס טבעיים,יחידה,1.00,יחידה,false,1,9.90,9.9000,true,1,128080
7290014369566,false,מאגדת 1/5 MOJO מיני,פיקסל,IL,מאגדת 1/5 MOJO מיני סורבה קוקוס + שוקולד,גרמים,240.00,100 גרם,false,1,27.90,11.6250,true,1,129567
7290014369795,false,שלגון אננס עם חתיכות,גלידת אילו,IL,שלגון אננס עם חתיכות תות 71גרם,גרמים,71.00,100 גרם,false,1,9.90,13.9437,true,1,142962
7290014369832,false,שלגון מקיאטו 71גרם,גלידת אילו,IL,שלגון מקיאטו 71גרם,גרמים,71.00,100 גרם,false,1,9.90,13.9437,true,1,142961
7290014397767,false,נוזל רצפות ריצפז הום,"איי, בי, אינבוו",IL,ריצפז פרש הום כותנה מלטפת 2 ליטר,ליטרים,2.00,ליטר,false,1,21.90,10.9500,true,1,93486
7290014397835,false,סמארט מכשיר+מילוי45,ZOBELE,IT,סמארט מכשיר+מילוי 45 לילות,לא מנהל יחידת מידה,0.00,לא מנהל יחידת מידה,false,1,39.90,0.0000,true,1,106699
7290014397842,true,דוחה יתושים נוזלי,ZOBELE,IT,סנומט דוחה יתושים נוזלי במכשיר חשמלי 90 לילות,Unknown,0.00,Unknown,false,1,42.50,0.0000,true,1,109917
7290014466463,false,יין הר חרמון מוסקטו,"כד בני דרום בע""מ",IL,"הר חרמון מוסקטו 2020 750 מ""ל",מיליליטרים,750.00,"100 מ""ל",false,1,33.90,4.5200,true,1,93737
7290014472136,false,גרעין שחור קלוי 150ג,דין שיווק,IL,גרעין שחור קלוי 150גרם,גרמים,150.00,100 גרם,false,1,5.90,3.9333,true,1,140704
7290014472488,false,שקד קלוי ענק 250גרם,דין שיווק,IL,שקד קלוי ענק 250גרם פרימיום,גרמים,250.00,100 גרם,false,1,25.90,10.3600,true,1,140613
7290014472525,false,תערובת פיצוחים 250 ג,דין שיווק,IL,תערובת פיצוחים 250 גרם פרימיום,גרמים,250.00,100 גרם,false,1,22.90,9.1600,true,1,140614
7290014525573,false,עוגיות שוקודליס בציפ,הלמה הלום בי.וי,NL,מרבה שוקודליס עוגיות בציפוי שוקולד חלב,גרמים,145.00,100 גרם,false,1,12.90,8.8966,true,1,122077
7290014525672,false,עוגיות על חלל עם סוכ,"מרבה בע""מ",NL,מרבה עוגיות עם סוכריות שוקולד חלב צבעוניות,גרמים,140.00,100 גרם,false,1,9.90,7.0714,true,1,133650
7290014581036,false,פחמים,,,"פחם להבה 2 ק""ג",קילוגרמים,2.00,"ק""ג",false,1,14.90,7.4500,true,1,119418
7290014648906,false,"אציטון לה בל 100 מ""ל",אקטיב,IL,"אציטון לה בל 100 מ""ל",מיליליטרים,100.00,"100 מ""ל",false,1,5.90,5.9000,true,1,129797
7290014692336,false,שיני שום במלח,לינאי קטימה פודסטאפ,CN,ויליפוד שיני שום במי מלח 340 גרם,גרמים,340.00,100 גרם,false,1,14.90,4.3824,true,1,90638
7290014692350,true,וילי פוד עגבניות מיו,,CN,וילי פוד עגבניות מיו,גרמים,340.00,100 גרם,false,1,12.90,3.7941,true,1,90639
7290014692565,false,גרעיני תירס מתוק ויל,אקו קונסרויפרי קי.אפ,HU,ויליפוד גרעיני תירס מתוק 320 גרם,גרמים,320.00,100 גרם,false,1,5.90,1.8438,true,1,111851
7290014758681,false,קוטג 1% תנובה 250 גר,מחלבת אלון תבור,IL,קוטג 1% תנובה 250 גרם,גרמים,250.00,100 גרם,false,1,5.70,2.2800,true,1,89527
7290014759084,false,גבינת שמנת נפוליאון,הרדוף חלב,IL,גבינת שמנת נפוליאון בסגנון צרפתי 225 גרם,גרמים,225.00,100 גרם,false,1,14.60,6.4889,true,1,94802
7290014759534,false,גבינה בולגרית 5% למר,"תנובה, מחלבת תל יוסף",IL,גבינה בולגרית 5% למריחה 200 גרם,גרמים,200.00,100 גרם,false,1,15.50,7.7500,true,1,95409
7290014759909,false,פטה עיזים 5% פיראוס,"תנובה, מחלבת טנא נוג",IL,פטה עיזים 5% גבינה מלוחה מחלב עיזים במי מלח,גרמים,250.00,100 גרם,false,1,30.90,12.3600,true,1,97336
7290014759978,false,קצקבל פלח 200 גר,תנובה,IL,"קצ""קבל פלח 200 גרם קולקשיין",גרמים,200.00,100 גרם,false,1,28.90,14.4500,true,1,95800
7290014759985,false,פרמזן פלח 200 גר,תנובה,IL,פרמזן פלח 200 גרם קולקשיין,גרמים,200.00,100 גרם,false,1,27.90,13.9500,true,1,95801
7290014760141,true,משקה שקדים טרי 1 ליט,סוי מג'יק,IL,משקה שקדים טרי 1 ליטר,ליטרים,1.00,ליטר,false,1,13.90,13.9000,true,1,111250
7290014761056,false,YOLO מעדן שוקולד חלב,מחלבת אלון תבור,IL,YOLO מעדן שוקולד חלב מעולה 123 גרם,גרמים,123.00,100 גרם,false,1,4.70,3.8211,true,1,105516
7290014761070,false,YOLO מעדן שוקולד לבן,מחלבת אלון תבור,IL,YOLO מעדן שוקולד לבן מעולה 123 גרם,גרמים,123.00,100 גרם,false,1,4.70,3.8211,true,1,105518
7290014761414,false,YOLO מעדן שכבות שוקו,מחלבת אלון תבור,IL,YOLO מעדן שכבות שוקולד חלב ולבן 122 גרם,גרמים,123.00,100 גרם,false,1,4.70,3.8211,true,1,105519
7290014762756,false,גבינת שמנת נפוליאון,הרדוף חלב,IL,גבינת שמנת נפוליאון בצל 200 גרם,גרמים,200.00,100 גרם,false,1,14.60,7.3000,true,1,113472
7290014762800,false,מעדן סויה בטעם שוקול,סוי מג'יק,IL,תנובה מעדן סויה שוקולד 2% שומן 125 גרם,גרמים,125.00,100 גרם,false,1,4.20,3.3600,true,1,117657
7290014762831,false,גבינת נפוליאון 24% ח,הרדוף חלב,IL,גבינת נפוליאון 24% חלפיניו 225 גרם,גרמים,225.00,100 גרם,false,1,14.60,6.4889,true,1,117666
7290014762848,false,פתיתי גלבוע 10% תו,כצט,IL,פתיתי גלבוע 10% תוספת 550 גרם,גרמים,550.00,100 גרם,false,1,35.90,6.5273,true,1,118441
7290014762909,false,פתיתי מוצרלה 10% תוס,"תנובה, מחלבת תל יוסף",IL,פתיתי מוצרלה 10% תוספת השף הלבן,גרמים,200.00,100 גרם,false,1,19.90,9.9500,true,1,114021
7290014763272,false,משקה סויה ביו עם תות,תות תעשיות מזון (201,IL,"משקה סויה ביו עם תות ובננה 250 מ""ל",מיליליטרים,250.00,"100 מ""ל",false,1,6.20,2.4800,true,1,114387
7290014821057,false,כבל AUX - אלומניום,,,כבל AUX - אלומניום,לא מנהל יחידת מידה,0.00,לא מנהל יחידת מידה,false,1,29.90,0.0000,true,1,128306
7290014821064,false,כבל גלקסי 2 מטר,,,כבל גלקסי 2 מטר,יחידה,1.00,יחידה,false,1,29.90,29.9000,true,1,128342
7290014821095,false,מטען רכב אייפון מאוש,,,מטען רכב אייפון מאושר אפל 2.1,יחידה,1.00,יחידה,false,1,79.90,79.9000,true,1,128334
7290014821347,false,אוזניות PURE-METAL,,,אוזניות PURE-METAL,יחידה,1.00,יחידה,false,1,49.90,49.9000,true,1,128331
7290014821507,false,מטען קיר אייפון מאוש,,,מטען קיר אייפון מאושר אפל 2.1,יחידה,1.00,יחידה,false,1,79.90,79.9000,true,1,128335
7290014821569,false,כבל אייפון 2 מטר,,,כבל אייפון 2 מטר,יחידה,1.00,יחידה,false,1,39.90,39.9000,true,1,128327
7290014855434,false,מגבוני בייביסיטר רבי,די פי אל,,מגבוני בייביסיטר רביעייה מבושם,יחידה,0.00,יחידה,false,1,19.70,0.0000,true,1,111327
7290014855458,false,מגבונים בייביסיטר רב,די פי אל,,מגבונים בייביסיטר רביעייה לא בישום,לא מנהל יחידת מידה,0.00,לא מנהל יחידת מידה,false,1,19.70,0.0000,true,1,111326
7290014905894,false,מסיר כתמים ספריי הפי,,,יעקבי מסיר כתמים לפני כביסה 500 מל,מיליליטרים,500.00,"100 מ""ל",false,1,11.90,2.3800,true,1,106703
7290014974562,false,גביעי גלידה 24 יחידו,"א.ג גילרו בע""מ",IL,עלמה גביעי טילון 24 יח',גרמים,120.00,100 גרם,false,1,8.90,7.4167,true,1,116459
7290014974876,true,רולים ללא גלוטן בטעם,גילרו,IL,רולים ללא גלוטן בטעם אגוז 40,גרמים,40.00,100 גרם,false,1,7.50,18.7500,true,1,121548
7290015009003,false,חומץ בן יין לבן 500,מנדלז סי.אר. פרודקשן,ES,דניאל חומץ בן יין לבן 500 מל,מיליליטרים,500.00,"100 מ""ל",false,1,14.90,2.9800,true,1,97419
7290015009010,false,חומץ בן יין אדום 500,מנדלז סי.אר. פרודקשן,ES,חומץ בן יין אדום 5%,מיליליטרים,500.00,"100 מ""ל",false,1,14.90,2.9800,true,1,97420
7290015009041,false,"חומץ תפוחים 500 מ""ל",מנדלז סי.אר. פרודקשן,ES,דניאל חומץ תפוחים 500 מל,מיליליטרים,500.00,"100 מ""ל",false,1,15.90,3.1800,true,1,100357
7290015039055,false,רוטב צילי חריף 700 מ,הנסיך- מפעל לייצור ט,TH,וילי פוד רוטב צ'ילי חריף 700 מל,מיליליטרים,700.00,"100 מ""ל",false,1,11.90,1.7000,true,1,122175
7290015039246,true,נתחי טונה בשמן ויליפ,גולדן פרייז קאנינג א,TH,נתחי טונה בשמן ויליפוד רביעייה 640 גרם,גרמים,640.00,100 גרם,false,1,21.90,3.4219,true,1,112273
7290015039338,true,נתחי טונה ויליפוד רב,גולדן פרייז קאנינג א,TH,נתחי טונה ויליפוד רביעייה 640 גרם,גרמים,640.00,100 גרם,false,1,21.90,3.4219,true,1,113519
7290015129145,false,סקיני פסטה ספגטי270,סצ'ואן סנטאיואן,CN,סקיני פסטה- בצורת אטריות ספגטי 200 גרם,גרמים,270.00,100 גרם,false,1,12.90,4.7778,true,1,98254
7290015139571,false,וופל שוקולד ללא גלוט,כרמית תעשיות ממתקים,IL,וופל שוקולד ללא גלוטן 125 גרם,גרמים,125.00,100 גרם,false,1,11.90,9.5200,true,1,115677
7290015150118,false,עגבניות חתוכות דק בל,אמיליאנה קונסרב ס.פ.,IT,עגבניות חתוכות דק בלה איטליה *3 400 גר,קילוגרמים,1.20,"ק""ג",false,1,17.90,14.9167,true,1,107371
7290015155823,false,פאוץ פרינוק תפוח 120,כלורוקס אוקלנד,CZ,"פרינוק חטיפטף מחית תפוחי עץ 100% פרי, 120 גרם",גרמים,120.00,100 גרם,false,1,5.50,4.5833,true,1,127440
7290015155830,false,חטיפטף תפוח עץ ובננ,פרוטה פודיווין,CZ,"פרינוק חטיפטף מחית תפוח בננה 100% פרי, 120 גרם",גרמים,120.00,100 גרם,false,1,5.50,4.5833,true,1,127459
7290015176361,false,מברשת שיניים חשמלים,פוג'יקום,,מברשת שיניים חשמלית פוגיקום כחול,יחידה,1.00,יחידה,false,1,39.90,39.9000,true,1,115909
7290015178181,false,ממרח ארטישוק ברוזמרי,יוניליוור גרמניה Gm,IL,ממרח ארטישוק עם רוזמרין,גרמים,180.00,100 גרם,false,1,12.90,7.1667,true,1,134167
7290015193832,false,קרקר עם שומשום ארומה,פפושדו,IL,קרקר עם שומשום ארומה 300 גרם,גרמים,300.00,100 גרם,false,1,7.50,2.5000,true,1,125968
7290015193849,false,קרקר עם מלח ארומה 30,פפושדו,IL,קרקר עם מלח ארומה 300 גרם,גרמים,300.00,100 גרם,false,1,7.50,2.5000,true,1,125969
7290015324007,false,פלפל שחור גרוס,תות ממתקי איכות,IL,"תבליני טעם וריח, 100% פלפל שחור גרוס, 80 גרם",גרמים,80.00,100 גרם,false,1,9.90,12.3750,true,1,97690
7290015324014,false,פלפל שחור טחון 80 גר,תות ממתקי איכות,IL,"תבליני טעם וריח, 100% פלפל שחור טחון, 80 גרם",גרמים,80.00,100 גרם,false,1,9.90,12.3750,true,1,97691
7290015324038,false,פפריקה בשמן 80 גרם,תות ממתקי איכות,IL,פפריקה בשמן 80 גרם,גרמים,80.00,100 גרם,false,1,5.90,7.3750,true,1,97692
7290015324052,false,פפריקה מתוקה 80 גרם,תות ממתקי איכות,IL,"תבליני טעם וריח, 100% פפריקה מתוקה, 80 גרם",גרמים,80.00,100 גרם,false,1,5.90,7.3750,true,1,97694
7290015324069,false,גריל עוף טעם וריח 80,תות ממתקי איכות,IL,"תבליני טעם וריח, תערובת תיבול גריל עוף, 80 גרם",גרמים,80.00,100 גרם,false,1,5.90,7.3750,true,1,97695
7290015324076,false,זעתר 80 גרם,תות ממתקי איכות,IL,"תבליני טעם וריח, תערובת תיבול זעתר, 80 גרם",גרמים,80.00,100 גרם,false,1,5.90,7.3750,true,1,97720
7290015324083,false,מלח לימון טעם וריח 8,תות ממתקי איכות,IL,"תבליני טעם וריח, 100% מלח לימון, 80 גרם",גרמים,80.00,100 גרם,false,1,5.90,7.3750,true,1,97696
7290015324090,false,כמון 80 גרם,תות ממתקי איכות,IL,"תבליני טעם וריח, 100% כמון מזרחי, 80 גרם",גרמים,80.00,100 גרם,false,1,5.90,7.3750,true,1,97697
7290015324106,false,כורכום 80 גרם,תות ממתקי איכות,IL,"תבליני טעם וריח, 100% כורכום, 80 גרם",גרמים,80.00,100 גרם,false,1,5.90,7.3750,true,1,97698
7290015324113,false,בהרט,תות ממתקי איכות,IL,"תבליני טעם וריח, תערובת תיבול בהרט לבישול, 80 גרם",גרמים,80.00,100 גרם,false,1,5.90,7.3750,true,1,97699
7290015324175,false,תבלין שווארמה,יוליניבר,IL,תבליני טעם וריח תערובת תיבול לשווארמה 80 גרם,גרמים,0.00,100 גרם,false,1,5.90,0.0000,true,1,97703
7290015324557,false,בהרט לבישול מיכל גדו,,,בהרט לבישול מיכל גדו,גרמים,0.00,100 גרם,false,1,9.90,0.0000,true,1,127935
7290015324588,false,פלפל לבן 100 גר,תות ממתקי איכות,IL,"תבליני טעם וריח מיכל פלפל לבן טחון 100% , 100 גרם",גרמים,100.00,100 גרם,false,1,12.90,12.9000,true,1,129968
7290015366670,false,משחת שיניים אקווה פר,DE MICLEN,SK,אקווה פרש משחת שיניים מנטה מרענן 100 מל,מיליליטרים,100.00,"100 מ""ל",false,1,6.90,6.9000,true,1,113805
7290015395939,false,חטיף יפני 150גרם,דין שיווק,IL,חטיף יפני 150גרם,גרמים,150.00,100 גרם,false,1,14.90,9.9333,true,1,140604
7290015446167,false,אול אין חטיף חלבון ב,,,אול אין חטיף חלבון בטעם קרמל בוטנים,גרמים,50.00,100 גרם,false,1,13.90,27.8000,true,1,124943
7290015446488,false,אול אין חטיף חלבון ו,,,אול אין חטיף חלבון וסיבים חמאת בוטנים,גרמים,60.00,100 גרם,false,1,13.90,23.1667,true,1,124945
7290015446921,false,חטיף חלבון בטעם קרמל,,,חטיף חלבון בטעם קרמל מלוח- 60 גרם,גרמים,60.00,100 גרם,false,1,13.90,23.1667,true,1,141940
7290015519144,false,מטען קיר לגלקסי פרימ,,,מטען קיר לגלקסי פרימיום 2A,יחידה,1.00,יחידה,false,1,49.90,49.9000,true,1,128326
7290015597937,false,קורנטו קלאסיק,שטראוס גלידות,,קורנטו קלאסיק,גרמים,70.00,100 גרם,false,1,9.90,14.1429,true,1,119544
7290015652070,false,קשיו קלוי 150 גרם,דין שיווק,IL,קשיו קלוי 150 גרם,גרמים,150.00,100 גרם,false,1,13.90,9.2667,true,1,140572
7290015652087,false,תערובת פיצוחים 150 ג,דין שיווק,IL,תערובת פיצוחים 150 גרם,גרמים,150.00,100 גרם,false,1,14.90,9.9333,true,1,140573
7290015848923,false,אולטרסול 30 למבוגרים,הדקלאים אגודת שיתופי,IL,אולטרסול תחליב הגנה מבוגרים 30/250,מיליליטרים,250.00,"100 מ""ל",false,1,44.90,17.9600,true,1,117372
7290015848992,false,אולטרסול פנים ילדים,הדקלאים אגודת שיתופי,IL,אולטרסול קרם פנים ילדים 75/50,לא מנהל יחידת מידה,0.00,לא מנהל יחידת מידה,false,1,32.90,0.0000,true,1,123511
7290015858106,false,ממרח פסטו ביתי 180 ג,רוג'ר אנד רוג'ר,IL,עללחם פסטו ביתי 100 גרם,גרמים,180.00,100 גרם,false,1,19.90,11.0556,true,1,118778
7290015865692,false,תענוג פרי תות שדה ע,ענבי ציון,IL,תענוג פרי תות שדה ענבי ציון 400 גרם,גרמים,400.00,100 גרם,false,1,17.90,4.4750,true,1,145284
7290015865715,false,תענוג פרי פירות יער,ענבי ציון,IL,תענוג פרי פירות יער ענבי ציון 400 גרם,גרמים,400.00,100 גרם,false,1,17.90,4.4750,true,1,145286
7290015951869,false,יין הר חרמון רוזה 75,קרלו,IL,הר חרמון רוזה,מיליליטרים,750.00,"100 מ""ל",false,1,33.90,4.5200,true,1,122335
7290015968300,false,נובי כוס הפלא עם מכס,מולינו ניקולי s.p.a,CN,נובי כוס הפלא עם מכסה +12 חודשים,לא מנהל יחידת מידה,0.00,לא מנהל יחידת מידה,false,1,39.90,0.0000,true,1,122372
7290015968713,false,צלחת קריסטל מעוטרת ב,J.E&W.Inc,,צלחת קריסטל מעוטרת בינונית 10 יח,לא מנהל יחידת מידה,0.00,לא מנהל יחידת מידה,false,1,14.90,0.0000,true,1,117692
7290015968720,false,צלחת קריסטל מעוטרת ג,J.E&W.Inc,,צלחת קריסטל מעוטרת גדולה 10 יח,לא מנהל יחידת מידה,0.00,לא מנהל יחידת מידה,false,1,25.90,0.0000,true,1,117693
7290015968782,true,מארז פדים להסרת איפו,הדקלאים אגודת שיתופי,CN,מארז שלישיה פדים להסרת איפור 3*80,Unknown,0.00,Unknown,false,1,16.90,0.0000,true,1,132538
7290016077759,true,רוטב ברביקיו קלאסי,,NL,היינץ רוטב ברביקיו קלאסי 480 גרם,יחידה,1.00,יחידה,false,1,17.90,17.9000,true,1,136594
7290016080551,true,מתבל עגבניות אורגני,היינץ צפון אמריקה מק,NL,היינץ מתבל עגבניות אורגני 580 גרם,Unknown,0.00,Unknown,false,1,17.90,0.0000,true,1,135644
7290016087222,false,רוטב עגבניות מרוכז ל,פריניר ( הדס 1987) ב,IL,פריניר רוטב עגבניות מרוכז לשקשוקה 230 גרם,גרמים,230.00,100 גרם,false,1,5.90,2.5652,true,1,119569
7290016094039,false,אולטרסול 50/200 200,הדקלאים אגודת שיתופי,IL,ספריי שקוף לילדים 50 SPF,מיליליטרים,200.00,"100 מ""ל",false,1,44.90,22.4500,true,1,116494
7290016094817,false,אולטרסול ספריי שמן ג,הדקלאים אגודת שיתופי,IL,"ספריי שמן, שמן גזר",מיליליטרים,200.00,"100 מ""ל",false,1,39.90,19.9500,true,1,125063
7290016102529,false,צלחות קטנות שקופות ב,,CN,צלחות קטנות שקופות באסקט 10 יח,Unknown,0.00,Unknown,false,1,11.90,0.0000,true,1,131532
7290016150391,false,סלק בואקום,חקלאי,IL,סלק בואקום,Unknown,0.00,Unknown,false,1,7.90,0.0000,true,1,128229
7290016230888,false,סוללה 3V 5 יחידות,,,סוללה 3V 5 יחידות,יחידה,1.00,יחידה,false,1,19.90,19.9000,true,1,120864
7290016270570,false,מלפפון בייבי,חקלאי,IL,מלפפון בייבי,לא מנהל יחידת מידה,1.00,לא מנהל יחידת מידה,false,1,9.90,9.9000,true,1,132922
7290016270709,false,שרי קלמר ארוז יח,חקלאי,IL,שרי קלמר ארוז יח,גרמים,460.00,100 גרם,false,1,11.90,2.5870,true,1,122727
7290016304138,false,לחמניה חי כפולה 120,מאפיית דוידוביץ,,לחמניה חי כפולה 120 גרם,גרמים,250.00,100 גרם,false,1,3.50,1.4000,true,1,112486
7290016304145,false,לחמניה שמיניה 120 גר,מאפיית דוידוביץ,,לחמניה שמיניה 120 גרם,גרמים,250.00,100 גרם,false,1,3.50,1.4000,true,1,112487
7290016304152,false,לחמניה שמינייה ביצים,מאפיית דוידוביץ,,לחמניה שמינייה ביצים 120 גרם,גרמים,250.00,100 גרם,false,1,3.50,1.4000,true,1,112485
7290016304404,false,לחם קוביות 100% כוסמ,הנסיך- מפעל לייצור ט,IL,לחם קוביות 100% כוסמין 600גרם,גרמים,600.00,100 גרם,false,1,11.90,1.9833,true,1,130542
7290016304596,false,לחמניות לסנדויץ 10 י,מאפית דוידוביץ ובניו,IL,לחמניות לסנדויץ 10 יח במארז,גרמים,750.00,100 גרם,false,1,13.90,1.8533,true,1,130147
7290016319187,false,עוגיות סנדוויץ שוקו,בטר אנד דיפרנט,IL,עוגיות סנדוויץ שוקו קרם שוקו טוסו זוג300,גרמים,300.00,100 גרם,false,1,17.90,5.9667,true,1,131898
7290016329896,false,"ד""ר פישר אלכוגל תפוח",דר.פישר,IL,"ד""ר פישר אלכוגל תפוח 30 מ""ל",מיליליטרים,30.00,"100 מ""ל",false,1,10.90,36.3333,true,1,129426
7290016372373,true,רסק עגבניות בלה איטל,שוורצקוף& הנקל דיסלד,IT,בלה איטליה רסק עגבניות 280 גרם,גרמים,280.00,100 גרם,false,1,7.90,2.8214,true,1,123344
7290016408294,false,מרשמלו ורוד לבן 150,"כרמית מזון בע""מ",IL,"מרשמלו ורוד לבן וסטהיים 150 ג', 26 בקרטון",גרמים,150.00,100 גרם,false,1,5.90,3.9333,true,1,116226
7290016408423,false,חטיף קרקר עם זיתים ש,APULIA FOOD SRL,LT,קרקר דגנים עם זיתים שחורים ושום,גרמים,130.00,100 גרם,false,1,6.90,5.3077,true,1,115696
7290016408980,false,מטבעות שוקולד חלב 36,כרמית,IL,מטבעות שוקולד חלב 36 גרם,גרמים,36.00,100 גרם,false,1,3.90,10.8333,true,1,118270
7290016509830,true,פרסיל גל בייבי 2.5 ל,"הנקל סוד בע""מ",IL,פרסיל ג'ל כביסה לבגדי תינוקות ולבעלי עור רגיש,ליטרים,2.50,ליטר,false,1,34.90,13.9600,true,1,122406
7290016682199,false,שייק תות בננה מופחת,הנסיך- מפעל לייצור ט,IL,שייק תות בננה מופחת סוכר 1 ליטר,ליטרים,1.00,ליטר,false,1,17.50,17.5000,true,1,123463
7290016912494,true,אפקטיב קר תרחיץ פנים,"ד""ר פישר",IL,אפקטיב קר תרחיץ פנים לכל סוגי העור 180 מ,מיליליטרים,180.00,"100 מ""ל",false,1,14.90,8.2778,true,1,124208
7290017023854,false,"שוופס סודה 250מ""ל בק",יפאורה תבורי בעמ,IL,שוופס סודה 250 מל רביעיה,ליטרים,1.00,ליטר,false,1,14.60,14.6000,true,1,124548
7290017044002,false,דלי מטליות לחות לניק,דלקרם,IL,דלי מטליות לחות לניקוי וחיטוי כללי 400,לא מנהל יחידת מידה,4.00,לא מנהל יחידת מידה,false,1,22.90,5.7250,true,1,141013
7290017065137,false,גבינה ריקוטה למריחה,האי נאם סי או אל.טי.,IL,גד ריקוטה למריחה 5% שומן 200 גרם,גרמים,200.00,100 גרם,false,1,10.90,5.4500,true,1,118685
7290017065144,false,גבינה ריקוטה למריחה,האי נאם סי או אל.טי.,IL,"גד ריקוטה למריחה, בזיליקום 5% שומן 200 גרם",גרמים,200.00,100 גרם,false,1,10.90,5.4500,true,1,118687
7290017065168,false,גבינה כחולה גד 100 ג,St Clemens,DK,גבינה כחולה 30% שומן,גרמים,100.00,100 גרם,false,1,18.90,18.9000,true,1,120249
7290017065236,false,גבינה בולגרית מעודנת,הנסיך- מפעל לייצור ט,IL,בולגרית מעודנת 24%,גרמים,250.00,100 גרם,false,1,26.90,10.7600,true,1,120251
7290017065441,false,פרוסות גאודה עיזים ה,מחלבות גד,NL,פרוסות גאודה עיזים 200 גרם,גרמים,200.00,100 גרם,false,1,32.90,16.4500,true,1,125463
7290017065526,false,קוואטרו פורמאגי 300ג,יוליניבר,IL,גד קוואטרו פורמאג'י 300 גרם,גרמים,300.00,100 גרם,false,1,29.90,9.9667,true,1,125470
7290017065731,false,גבינת שמנת עם כמהין,פ.פ.ח. שאביט,IL,גבינת שמנת עם כמהין 30% גד 200גרם,גרמים,200.00,100 גרם,false,1,13.90,6.9500,true,1,133563
7290017065786,false,גבינת צדר גד 210 גרם,מחלבות גד,IL,גבינת צדר גד 210 גרם,גרמים,210.00,100 גרם,false,1,21.90,10.4286,true,1,140883
7290017088242,false,מגבונים בייבי בייסיק,,,מגבונים בייבי בייסיק,לא מנהל יחידת מידה,0.00,לא מנהל יחידת מידה,false,1,3.90,0.0000,true,1,126446
7290017105895,false,גרגרי חומוס מסעדות י,זנלכל,IL,גרגרי חומוס להכנת חומוס משובח,גרמים,550.00,100 גרם,false,1,9.50,1.7273,true,1,130835
7290017129754,false,שוקולד פרימיום 70% ב,"כד בני דרום בע""מ",IL,שוקולד פרימיום 70% קלאסי 100ג*12בדיס*2בקרט,גרמים,100.00,100 גרם,false,1,8.90,8.9000,true,1,123839
7290017129761,false,שוקולד פרימיום 70%,כרמית תעשיות ממתקים,IL,שוקולד מריר אגו 70% בטעם תפוז 100 גרם,גרמים,100.00,100 גרם,false,1,8.90,8.9000,true,1,123842
7290017129846,false,מיני קוקיס טעם קרמל,כרמית,IL,מיני קוקיס טעם קרמל 600 גר,גרמים,600.00,100 גרם,false,1,23.90,3.9833,true,1,123845
7290017129877,false,מיקס לקקנים שטוחים,דורקן סקרלמה סאן. וי,TR,סוכריות על מקל שטוחות בטעמי פירות 40 יח'*7.5 גרם,לא מנהל יחידת מידה,0.00,לא מנהל יחידת מידה,false,1,14.90,0.0000,true,1,123855
7290017129983,false,שוקו ציפס לבן לאפיה,"כד בני דרום בע""מ",IL,שוקוצ'יפס לבן 250ג'*16בקרט,גרמים,250.00,100 גרם,false,1,13.90,5.5600,true,1,125018
7290017142159,false,מארז שלישייה טונה בה,יוניקורד ח.צ בעמ,TH,נתחי טונה בהירה בשמן זית 80*3 גרם עץ-הזית,גרמים,240.00,100 גרם,false,1,22.90,9.5417,true,1,120764
7290017142401,false,ארוחה אישית קינואה ל,יוניקורד בעמ,TH,קינואה לבנה ואדומה עם טונה 160 גרם,גרמים,160.00,100 גרם,false,1,13.90,8.6875,true,1,139105
7290017142418,false,ארוחה אישית אורז עדש,יוניקורד ח.צ בעמ,TH,אורז ועדשים עם טונה בשמן זית,גרמים,160.00,100 גרם,false,1,13.90,8.6875,true,1,139106
7290017142500,false,תרסיס שמן זית בטעם ש,קומטמפ קומפניה פורטו,IT,"תרסיס שמן זית בטעם שום עץ הזית 150מ""ל",מיליליטרים,150.00,"100 מ""ל",false,1,19.90,13.2667,true,1,143915
7290017189130,false,WOOPSפנקייקים אמריקא,מנדלז סי.אר. פרודקשן,BE,WOOPSפנקייקים אמריקאיים אפויים 240גרם,גרמים,240.00,100 גרם,false,1,19.90,8.2917,true,1,141452
7290017217000,false,כוסות יהלום משובחות,,,"כוסות יהלום משובחות 240 מ""ל 40 יחי",לא מנהל יחידת מידה,0.00,לא מנהל יחידת מידה,false,1,13.90,0.0000,true,1,118189
7290017217468,false,שקיות אוכל מנייר 50,קילת,,שקיות אוכל מנייר 50 יחידות,לא מנהל יחידת מידה,0.00,לא מנהל יחידת מידה,false,1,7.90,0.0000,true,1,126070
7290017217611,false,נייר אפייה נשלף בקופ,,PL,נייר אפייה נשלף בקופסא 50 יח,יחידה,1.00,יחידה,false,1,12.90,12.9000,true,1,128394
7290017266053,false,ופל קראנצ מילוי טעם,גילרו,IL,"ופל קראנצ מילוי טעם לימון לת""ס 175 גרם עלמה",גרמים,175.00,100 גרם,false,1,7.50,4.2857,true,1,137061
7290017334448,false,שמן קנולה מזוכך OLEO,א.ד.מ . אנטוורפן,BE,שמן קנולה מזוכך OLEO 1 ליטר,ליטרים,1.00,ליטר,false,1,11.90,11.9000,true,1,132496
7290017334455,false,"אורז פרסי זיפר 1ק""ג",,TH,"אורז פרסי זיפר 1ק""ג",קילוגרמים,1.00,"ק""ג",false,1,9.90,9.9000,true,1,141432
7290017334462,false,אורז יסמין זיפר 1,,TH,"אורז יסמין זיפר 1 ק""ג",קילוגרמים,1.00,"ק""ג",false,1,11.90,11.9000,true,1,141433
7290017406794,false,אורז בסמטי קינג קראו,פונט סלאם וולנסיה,IN,"אורז בסמטי קינג קראוון 1 ק""ג",קילוגרמים,1.00,"ק""ג",false,1,10.90,10.9000,true,1,142235
7290017440286,false,"ד""ר פישר מרכך קידס",,IL,"ד""ר פישר, קידס, מרכך ויטמינים לילדים, 750 מ""ל",מיליליטרים,750.00,"100 מ""ל",false,1,16.90,2.2533,true,1,137851
7290017513485,false,מחית עגבניות רוסטיקה,גרנדי איטליאני,IT,מחית עגבניות רוסטיקה בלה איטליה 680 גר,גרמים,680.00,100 גרם,false,1,11.90,1.7500,true,1,128718
7290017513775,false,פליפז בייגלה מצופה ש,אולקר מקבוצת פלאדיס,TR,"Flipz, חטיף בייגלה אפוי בציפוי שוקולד חלב, 140 גרם",גרמים,140.00,100 גרם,false,1,8.90,6.3571,true,1,129037
7290017513782,false,פליפז בייגלה מצופה,אולקר מקבוצת פלאדיס,TR,פליפז בייגלה מצופה שוקולד מריר 140 ג,גרמים,140.00,100 גרם,false,1,8.90,6.3571,true,1,129036
7290017617411,false,מיקס סלמון עם אורז,גראאל אס איי,PL,מיקס סלמון עם אורז מלא סטארקיסט 160גרם,גרמים,160.00,100 גרם,false,1,14.90,9.3125,true,1,144908
7290017617459,false,רביעיית טונה סטארקיס,dalmore distilleries,TH,רביעיית טונה סטארקיסט בשמן צמחי 480גרם,גרמים,480.00,100 גרם,false,1,21.90,4.5625,true,1,143550
7290017617466,false,רביעיית טונה סטארקיס,dalmore distilleries,TH,רביעיית טונה סטארקיסט במים 480גרם,גרמים,480.00,100 גרם,false,1,21.90,4.5625,true,1,143551
7290017641102,false,שוקולד אגו 70% קקאו,כרמית תעשיות ממתקים,IL,"שוקולד אגו 70% קקאו תפוז לל""ס 100גרם",גרמים,100.00,100 גרם,false,1,9.90,9.9000,true,1,125002
7290017641119,false,שוקולד אגו 85% קקאו,אף.סי תבליני בגליל ב,IL,שוקולד אגו 85% קקאו 100גרם,גרמים,100.00,100 גרם,false,1,8.90,8.9000,true,1,133003
7290017641188,false,חטיף קרקר עם שיפון מ,דנוויטה ג'יי. אס. סי,LT,קרקר דגנים עם שיפון מלא וסלק 130 גר',גרמים,130.00,100 גרם,false,1,6.90,5.3077,true,1,125188
7290017647708,false,יין גמלא גוורצטרמינר,רמת הגולן,IL,יין גמלא גוורצטרמינר 750 מל,מיליליטרים,750.00,"100 מ""ל",false,1,64.90,8.6533,true,1,141105
7290017647722,false,יין גמלא בלאנקו 750,רמת הגולן,IL,יין גמלא בלאנקו 750 מל,מיליליטרים,750.00,"100 מ""ל",false,1,64.90,8.6533,true,1,141106
7290017724027,false,עוגיות אלפחורס 300 ג,אקלר,IL,עוגיות אלפחורס 300 גרם,גרמים,300.00,100 גרם,false,1,23.90,7.9667,true,1,140906
7290017724034,false,עוגיות סנדוויץ ריבה,אקלר,IL,עוגיות סנדוויץ ריבה 250 גרם,גרמים,250.00,100 גרם,false,1,23.90,9.5600,true,1,140907
7290017724119,false,עוגיות אוזניים200 גר,אקלר,IL,עוגיות אוזניים200 גרם,גרמים,200.00,100 גרם,false,1,23.90,11.9500,true,1,140910
7290017724157,false,עוגיות מעדן תפוע ללא,אקלר,IL,עוגיות מעדן תפוע ללא סוכר 200 גרם,גרמים,200.00,100 גרם,false,1,23.90,11.9500,true,1,140911
7290017724683,false,עוגיות חמאה שקדים 20,אקלר,IL,עוגיות חמאה שקדים 200 גרם,גרמים,200.00,100 גרם,false,1,23.90,11.9500,true,1,140916
7290017746708,false,רביעיית לחמניות שמינ,מאפית דוידוביץ,IL,רביעיית לחמניות שמינייה,יחידה,4.00,יחידה,false,4,11.90,2.9750,true,1,144998
7290017791203,false,קרקר כוסמין מלא סלק,פת במלח,IL,קרקר כוסמין מלא סלק 225 גרם,גרמים,225.00,100 גרם,false,1,22.90,10.1778,true,1,134153
7290017871363,false,פמילי יהלום שמן מקדמ,טאהא קימיה,TR,תחליב רחצה לידיים מועשר בשמן מקדמיה,מיליליטרים,500.00,"100 מ""ל",false,1,10.90,2.1800,true,1,129765
7290017917993,false,אולטרסול Free ספרי ר,דר פישר,IL,אולטרסול Free ספרי רציף שקוף SPF50,לא מנהל יחידת מידה,0.00,לא מנהל יחידת מידה,false,1,44.90,0.0000,true,1,140642
7290017928210,true,בייגלה גדול שומשום 2,HIQ FOOD PRODUCTS,IL,בייגלה גדול שומשום 250 גרם מאיר בייגל,גרמים,250.00,100 גרם,false,1,11.90,4.7600,true,1,128836
7290017928449,true,שטוחלה פרו מלח 170 ג,מאיר בייגל,IL,מאיר בייגל פרוטאין בייגל שטוח מלח 170 גרם,גרמים,170.00,100 גרם,false,1,11.90,7.0000,true,1,128843
7290017928838,true,גריסיני בייטס זיתים,HIQ FOOD PRODUCTS,IL,גריסיני בייטס זיתים 175 גרם מאיר בייגל,לא מנהל יחידת מידה,0.00,לא מנהל יחידת מידה,false,1,11.90,0.0000,true,1,128851
7290018012246,false,תאורת קמפינג סולארית,,,תאורת קמפינג סולארית,לא מנהל יחידת מידה,0.00,לא מנהל יחידת מידה,false,1,29.90,0.0000,true,1,128937
7290018043301,false,חטיף חלבון בטעם וניל,הרת'סייד פוד סולושיי,NL,חטיף חלבון בטעם ונילה קראנץ- 60 גרם,גרמים,60.00,100 גרם,false,1,13.90,23.1667,true,1,141941
7290018043554,false,פראוד שוקולד פאדג 10,הרת'סייד פוד סולושיי,NL,פראוד - חטיף חלבון בטעם שוקולד פאדג',גרמים,100.00,100 גרם,false,1,19.90,19.9000,true,1,134102
7290018045695,false,דגנים BON&BONבמילוי,,DE,דגנים BON&BONבמילוי קרם קרמל מלוח 480גרם,גרמים,480.00,100 גרם,false,1,21.90,4.5625,true,1,142071
7290018045893,false,דגנים BON&BONבמילוי,,DE,דגנים BON&BONבמילוי קרם נוגט 480גרם,גרמים,480.00,100 גרם,false,1,21.90,4.5625,true,1,142072
7290018077597,false,בייגל רומני אפוי קפו,גדרון,IL,בייגל רומני אפוי קפוא עם שומשום,יחידה,1.00,יחידה,false,1,5.90,5.9000,true,1,129334
7290018077603,false,בייגל רומני עם זעתר,גדרון,IL,בייגל רומני עם זעתר א.ק,יחידה,1.00,יחידה,false,1,5.90,5.9000,true,1,129257
7290018077665,false,בייגל רומני גדרון א.,גדרון,IL,בייגל רומני גדרון א.ק,יחידה,1.00,יחידה,false,1,5.90,5.9000,true,1,129335
7290018091272,false,בצק עוגיות קקאו טר,מעדנות,IL,בצק עוגיות קקאו טריפל שוקולד ציפס300 ג,גרמים,300.00,100 גרם,false,1,19.90,6.6333,true,1,142854
7290018091821,false,פיצה נפוליטנה מעדנו,כצט,IL,פיצה נפוליטנה מעדנות 200גרם,גרמים,200.00,100 גרם,false,1,17.90,8.9500,true,1,131772
7290018131039,false,מאגדת שוקו וניל עוגי,גלידות נסטלה (נגה גל,IL,מאגדת שוקו וניל עוגיות וולנס 6*65ג,גרמים,65.00,100 גרם,false,1,27.90,42.9231,true,1,129226
7290018131053,false,נסטלה מאגדת קרחוני ל,המאפיה של הרמן,IL,נסטלה מאגדת קרחוני לימון אננס וולנס 70*1,לא מנהל יחידת מידה,0.00,לא מנהל יחידת מידה,false,1,24.90,0.0000,true,1,129227
7290018131077,false,שלגון מילקה עם ריפל,פרונרי פולין,PL,שלגון מילקה עם ריפל שוקולד 71 גרם,גרמים,71.00,100 גרם,false,1,11.50,16.1972,true,1,133219
7290018131251,false,אקסטרים מטבע שוקולד,המאפיה של הרמן,IL,אקסטרים מ.שקלד.לבן וליבת ק.עוג. 18*115ג,גרמים,128.00,100 גרם,false,1,10.50,8.2031,true,1,129234
7290018131312,false,לה קרמריה וניל שוקו.,המאפיה של הרמן,IL,לה קרמריה שוקו וניל פרווה כשלפ 1.4 ליטר,ליטרים,1.40,ליטר,false,1,21.90,15.6429,true,1,129374
7290018131336,false,שלגון ליון קרמל 66גר,פרונרי פולין,PL,שלגון ליון קרמל 66גרם,גרמים,66.00,100 גרם,false,1,11.50,17.4242,true,1,133220
7290018131596,false,גלידה מיני בייטס אור,שוורצקוף& הנקל דיסלד,PL,גלידה מיני בייטס אוראו 85 גרם,גרמים,85.00,100 גרם,false,1,7.90,9.2941,true,1,129245
7290018131640,false,קראנץ שוקולד בלונדי,נגה גלידות,IL,קראנץ שוקולד בלונדי 100 גרם,גרמים,100.00,100 גרם,false,1,10.50,10.5000,true,1,133218
7290018131770,false,שלגון וניל מצופה תות,נסטלה,IL,שלגון וניל מצופה תות 55 גרם,גרמים,55.00,100 גרם,false,1,5.90,10.7273,true,1,132722
7290018131893,false,מאג אקסטרים טילון פק,נגה גלידות,IL,מאג אקסטרים טילון פקאן 432גרם,גרמים,432.00,100 גרם,false,1,32.90,7.6157,true,1,133213
7290018131930,false,מאגדת ל.פרוטה מצופה,נסטלה,IL,מאגדת ל.פרוטה מצופה בננה פקאן 325 גרם,גרמים,325.00,100 גרם,false,5,29.90,9.2000,true,1,132724
7290018131978,false,טילון אוראו 68.5גרם,פרונרי פולין,PL,טילון אוראו 68.5גרם,גרמים,69.00,100 גרם,false,1,5.90,8.5507,true,1,133221
7290018194454,false,ערק סאפי לימונארק 7,הנסיך- מפעל לייצור ט,IL,"לימונארק סאפי 700 מ""ל",מיליליטרים,700.00,"100 מ""ל",false,1,59.90,8.5571,true,1,130829
7290018194928,false,"וודקה טראפ כשל""פ 700",א.ת.באר טוביה,IL,"וודקה טראפ כשל""פ 700 מ""ל",מיליליטרים,700.00,"100 מ""ל",false,1,89.90,12.8429,true,1,142777
7290018296042,false,לחם טוסט אמריקה 500ג,מאפיית אגמי,IL,לחם טוסט אמריקה 500גרם,גרמים,500.00,100 גרם,false,1,14.90,2.9800,true,1,140686
7290018296257,false,לחם בריאות ושובע שיב,מאפיית אגמי,IL,לחם בריאות ושובע שיבולת שועל,גרמים,550.00,100 גרם,false,1,16.90,3.0727,true,1,140688
7290018296448,false,לחם בריוש 500 גרם,מאפיית אגמי,IL,לחם בריוש 500 גרם,גרמים,500.00,100 גרם,false,1,16.90,3.3800,true,1,142144
7290018296462,false,6 לחמניות מזונות,מאפיית אגמי,IL,6 לחמניות,גרמים,510.00,100 גרם,false,1,16.90,3.3137,true,1,143565
7290018296608,false,לחם בריאות ושובע 9 ד,מאפיית אגמי,IL,לחם בריאות ושובע 9 דגנים,גרמים,600.00,100 גרם,false,1,14.90,2.4833,true,1,130254
7290018296615,false,פיתה כוסמין ביס,"מאפיית אגמי בע""מ",,פיתה כוסמין ביס,גרמים,500.00,100 גרם,false,1,17.90,3.5800,true,1,130256
7290018296806,false,לחם בריאות מעושר,מאפיית אגמי,IL,לחם בריאות מעושר,גרמים,600.00,100 גרם,false,1,14.90,2.4833,true,1,130255
7290018296813,false,פיתה קלה ביס,"מאפיית אגמי בע""מ",,פיתה קלה ביס,גרמים,500.00,100 גרם,false,1,14.90,2.9800,true,1,130257
7290018333945,false,מאגדת אגוזים רפאלס ש,כרמית,IL,מאגדת אגוזים רפאלס שקד ווניל *5 150גרם,גרמים,150.00,100 גרם,false,1,14.90,9.9333,true,1,140231
7290018333969,false,מאגדת גרנולה רפאלס,כרמית,IL,מאגדת גרנולה רפאלס שקדים וטחינה*5 150 גרם,גרמים,150.00,100 גרם,false,1,14.90,9.9333,true,1,140233
7290018440247,false,צאי שקדים 25 גרם,ויסוצקי,IL,צאי שקדים 25 גרם,לא מנהל יחידת מידה,0.00,לא מנהל יחידת מידה,false,1,19.90,0.0000,true,1,140868
7290018440483,false,פליפז בייגלה מצופה ב,שוורצקוף& הנקל דיסלד,TR,פליפז בייגלה מצופה בקרמל מלוח ושוקולד 14,גרמים,140.00,100 גרם,false,1,8.90,6.3571,true,1,134520
7290018471111,false,שוופס ליים מוחיטו 33,יפאורה שותפות מובגלת,IL,שוופס ליים מוחיטו 330 מל,ליטרים,1.50,ליטר,false,1,6.90,4.6000,true,1,133211
7290018471913,false,שוופס מוגז פירות תפו,"יפאורה תבורי בע""מ",IL,שוופס משקה תפוחים מוגז 1.5 ליטר,ליטרים,1.50,ליטר,false,1,10.50,7.0000,true,1,141505
7290018471920,false,שוופס מוגז פירות ענב,"יפאורה תבורי בע""מ",IL,שוופס מוגז פירות ענבים 1.5 ל',ליטרים,1.50,ליטר,false,1,10.50,7.0000,true,1,141506
7290018564639,false,שף הטבע כוסברה קצוצה,בני דרום,IL,שף הטבע כוסברה קצוצה טבליות 80גרם,גרמים,80.00,100 גרם,false,1,9.90,12.3750,true,1,144703
7290018571569,false,תמצית וניל טהורה מ,מיה,IL,תמצית וניל טהורה מיה30 מל,מיליליטרים,30.00,"100 מ""ל",false,1,27.90,93.0000,true,1,144883
7290018641446,false,ערק פלוס לימודה 330,,IL,ערק פלוס לימודה 330 מל,מיליליטרים,330.00,"100 מ""ל",false,1,12.90,3.9091,true,1,141108
7290018652015,false,סופרולר 75גרם,פרונרי פולין,PL,סופרולר 75גרם,גרמים,75.00,100 גרם,false,1,7.90,10.5333,true,1,133222
7290018652039,false,לה קרמריה קרמל מלוח,נגה גלידות,IL,לה קרמריה קרמל מלוח ונוגט 1.4 ליטר,ליטרים,1.40,ליטר,false,1,21.90,15.6429,true,1,133975
7290018652053,false,ביסקולידה קסטרה 95 ג,נגה גלידות,IL,ביסקולידה קסטרה 95 גרם,גרמים,95.00,100 גרם,false,1,5.90,6.2105,true,1,133217
7290018652190,false,קראנץ בר אימפלס 60גר,גלידות נסטלה,IL,קראנץ בר אימפלס 60גרם,גרמים,60.00,100 גרם,false,1,6.90,11.5000,true,1,142360
7290018652770,false,טילון גולדה 115גרם,גלידות נסטלה,IL,טילון גולדה 115גרם,גרמים,115.00,100 גרם,false,1,10.50,9.1304,true,1,142361
7290018652909,false,מאגדת קפה שוקולד פקא,נסטלה,IL,מאגדת קפה שוקולד פקאן 225גרם,גרמים,225.00,100 גרם,false,1,27.90,12.4000,true,1,142367
7290018703076,false,חטיף חלבון בטעם דאבל,הרת'סייד פוד סולושיי,NL,חטיף חלבון בטעם דאבל שוקולד- 60 גרם,גרמים,60.00,100 גרם,false,1,13.90,23.1667,true,1,141942
7290018703304,false,אול אין חטיף חלבון ק,,,אול אין חטיף חלבון קרם עוגיות,גרמים,60.00,100 גרם,false,1,13.90,23.1667,true,1,142896
7290018720028,false,ביסקוויט קרנבל אותיו,הגביע מוצרי וופלים,IL,ביסקוויט קרנבל אותיות 250 גרם,גרמים,250.00,100 גרם,false,1,5.90,2.3600,true,1,134267
7290018720226,false,פצפוצי אורז מעדני המ,אשבול,IL,פצפוצי אורז מעדני המלך 250גרם,גרמים,250.00,100 גרם,false,1,11.90,4.7600,true,1,144914
7290018848005,false,יין רוזה בפחית 250 מ,דונלי ויני,IT,"יין רוזה בפחית 250 מ""ל",מיליליטרים,250.00,"100 מ""ל",false,1,14.90,5.9600,true,1,142121
7290018848012,false,יין לבן בפחית 250 מ,דונלי ויני,IT,"יין לבן בפחית 250 מ""ל",מיליליטרים,250.00,"100 מ""ל",false,1,14.90,5.9600,true,1,142120
7290018893456,false,צוקטה עוגות אישיות ח,פרדי קונדטוריה אס.פי,IT,צוקטה עוגות אישיות חלב 300 ג,גרמים,300.00,100 גרם,false,1,16.90,5.6333,true,1,140679
7290018894606,false,בלקוני וופל קקאו 175,בלקוני,IT,בלקוני וופל קקאו 175 ג,גרמים,175.00,100 גרם,false,1,8.90,5.0857,true,1,142759
7290018894804,false,בלקוני וופל אגוזי לו,בלקוני,IT,בלקוני וופל אגוזי לוז 175 ג,גרמים,175.00,100 גרם,false,1,8.90,5.0857,true,1,142760
7290018925065,false,מיץ תפוזים סחוט פרימ,השחר,IL,פרימור סחוט מיץ תפוזים 100% 2 ליטר,ליטרים,2.00,ליטר,false,1,28.50,14.2500,true,1,141728
7290018949009,false,משקה קל מוגז גרופר ת,,IL,משקה קל מוגז גרופר תפוזזה 330 מל,מיליליטרים,330.00,"100 מ""ל",false,1,7.90,2.3939,true,1,141109
7290018949023,false,משקה קל מוגז גרופר ל,,IL,משקה קל מוגז גרופר לימוננדה 330 מל,מיליליטרים,330.00,"100 מ""ל",false,1,7.90,2.3939,true,1,141111
7290019056041,false,שוופס מ.פירות לימוני,יפאורה תבורי,IL,שוופס ללא סוכר לימונייד 1.5 ליטר,ליטרים,1.50,ליטר,false,1,10.50,7.0000,true,1,141522
7290019056065,false,שוופס מוגז עדין פירו,"יפאורה תבורי בע""מ",IL,שוופס מוגז עדין פירות יער 1.5 ל',ליטרים,1.50,ליטר,false,1,10.00,6.6667,true,1,141524
7290019056096,false,שוופס מוגז עדין אפרס,"כד בני דרום בע""מ",IL,שוופס מוגז עדין אפרסק 1.5 ל',ליטרים,1.50,ליטר,false,1,10.50,7.0000,true,1,141527
7290019056119,false,סודה שוופס 1.5 ליטר,"יפאורה תבורי בע""מ",IL,סודה שוופס 1.5 ליטר,ליטרים,1.50,ליטר,false,1,4.20,2.8000,true,1,141528
7290019056126,false,סודה שוופס לימון 1.5,"כד בני דרום בע""מ",IL,שוופס סודה לימון 1.5 ל',ליטרים,1.50,ליטר,false,1,4.20,2.8000,true,1,141529
7290019056164,false,סודה שוופס רביעייה ב,"יפאורה תבורי בע""מ",IL,סודה שוופס רביעייה בקבוק 1.5 ליטר,ליטרים,6.00,ליטר,false,4,11.10,1.8500,true,1,141532
7290019056171,false,סודה שוופס לימון מאר,"יפאורה תבורי בע""מ",IL,סודה שוופס לימון מארז רביעייה 1.5 ליטר,ליטרים,6.00,ליטר,false,4,12.20,2.0333,true,1,141533
7290019056300,false,שוופס ביטר לימון בקב,"כד בני דרום בע""מ",IL,שוופס ביטר למון 1.5 ל',ליטרים,1.50,ליטר,false,1,15.90,10.6000,true,1,141544
7290019056324,false,שוופס מי טוניק בקבוק,"כד בני דרום בע""מ",IL,שוופס טוניק 1.5 ל',ליטרים,1.50,ליטר,false,1,15.90,10.6000,true,1,141546
7290019056355,false,תפוזינה לימונענע 1.5,"כד בני דרום בע""מ",IL,תפוזינה לימונענע 1.5 ל',ליטרים,1.50,ליטר,false,1,11.50,7.6667,true,1,141548
7290019056362,false,תפוזינה ענבים 1.5 לי,"יפאורה תבורי בע""מ",IL,תפוזינה ענבים 1.5 ל',ליטרים,1.50,ליטר,false,1,11.50,7.6667,true,1,141549
7290019056379,false,תפוזינה תפוזים 1.5 ל,"יפאורה תבורי בע""מ",IL,תפוזינה תפוזים 1.5 ל',ליטרים,1.50,ליטר,false,1,11.50,7.6667,true,1,141550
7290019056515,false,משקה פרוט ווטר אננס,"כד בני דרום בע""מ",IL,Fruit Water אננס 1.5 ל',ליטרים,1.50,ליטר,false,1,10.90,7.2667,true,1,141563
7290019056522,false,משקה פרוט ווטר תות 1,"יפאורה תבורי בע""מ",IL,Fruit Water תות 1.5 ל',ליטרים,1.50,ליטר,false,1,10.90,7.2667,true,1,141564
7290019056546,false,משקה פרוט ווטר אבטיח,"יפאורה תבורי בע""מ",IL,Fruit Water אבטיח 1.5 ל',ליטרים,1.50,ליטר,false,1,10.90,7.2667,true,1,141566
7290019056584,false,ספרינג תפוזים 1.5 לי,"כד בני דרום בע""מ",IL,ספרינג תפוזים 1.5 ל',ליטרים,1.50,ליטר,false,1,11.50,7.6667,true,1,141570
7290019056591,false,ספרינג ענבים 1.5 ליט,"כד בני דרום בע""מ",IL,ספרינג ענבים 1.5 ל',ליטרים,1.50,ליטר,false,1,11.50,7.6667,true,1,141571
7290019233039,false,שקשוקה קלאסית רוטב ע,זיתא,IT,שקשוקה קלאסית רוטב עגבניות עם קוביות פלפלים צלויים,גרמים,420.00,100 גרם,false,1,12.90,3.0714,true,1,143921
7290019297451,false,"מי ורדים 500 מ""ל",אף.סי תבליני בגליל ב,BE,שקדיה מי ורדים 500 מל,מיליליטרים,500.00,"100 מ""ל",false,1,15.90,3.1800,true,1,116440
7290019297628,false,שקד טבעי 150 גרם,דין שיווק,IL,שקד טבעי 150 גרם,גרמים,150.00,100 גרם,false,1,15.90,10.6000,true,1,140574
7290019297635,false,שקדים קלויים ששון הק,דין שיווק,IL,שקדים קלויים ששון הקולה 150 גרם,גרמים,150.00,100 גרם,false,1,17.90,11.9333,true,1,140575
7290019303657,false,פינוקיות שומשום - מ,טבע ירוק,IL,פינוקיות שומשום - מיקס בריאות 250 גרם,גרמים,250.00,100 גרם,false,1,17.90,7.1600,true,1,145293
7290019303701,false,פינוקיות שומשום - מי,טבע ירוק,IL,פינוקיות שומשום - מיקס ישראלי 250 גרם,גרמים,250.00,100 גרם,false,1,17.90,7.1600,true,1,145294
7290100243671,false,מרכך כביסה בדין אקסט,יוניליוור סנאיי וי ט,TR,בדין מרכך כביסה מרוכז בדין אקסטרה כחול 960 מל,מיליליטרים,960.00,"100 מ""ל",false,1,19.90,2.0729,true,1,50571
7290100245231,false,מרק נמס בכוס ועוד עו,יוניליוור ישראל מזון,IL,קנור נמס בכוס טעם עוף עם שקדי מרק ואטריות 50 גרם,גרמים,50.00,100 גרם,false,1,7.50,15.0000,true,1,59629
7290100412749,false,דר עור תרחיץ פנים לע,אמיליה קוסמטיקס בעמ,IL,דר עור תרחיץ פנים לעור יבש פרחי בר,לא מנהל יחידת מידה,0.00,לא מנהל יחידת מידה,false,1,24.50,0.0000,true,1,124898
7290100680650,false,מנה חמה נודלס תאילנד,THAI PRESIDENT FOODS,TH,מנה חמה נודל.+ירקות תאילנדי6 6*76גרם,גרמים,76.00,100 גרם,false,1,6.90,9.0789,true,1,24266
7290100680728,false,פירורית רגילה,מיוצר עי קונדיטוריית,IL,אסם פירורית 20*350גרם,גרמים,350.00,100 גרם,false,1,7.60,2.1714,true,1,31201
7290100681015,false,פודינג ריבת חלב,מיוצר עי קונדיטוריית,IL,פודינג ריבת חלב 84 גרם,גרמים,84.00,100 גרם,false,1,5.90,7.0238,true,1,55720
7290100684764,false,במבה יום הולדת על סר,"אסם השקעות בע""מ",IL,במבה יום הולדת סרט6 8*25גרם,גרמים,25.00,100 גרם,false,1,2.50,10.0000,true,1,32787
7290100689301,false,מרק טעם עוף זך עדיף,"אסם השקעות בע""מ",IL,אסם עדיף זך טעם עוף 6*400גרם,גרמים,400.00,100 גרם,false,1,18.70,4.6750,true,1,46593
7290100700020,false,גריסי פנינה 500 גרם,"סוגת תעשיות בע""מ",IL,גריסי פנינה 500 גרם,גרמים,500.00,100 גרם,false,1,5.90,1.1800,true,1,24144
7290100700075,false,פירורי לחם מוזהבים ס,"סוגת תעשיות בע""מ",IL,פירורי לחם מוזהבים סוגת 200 גרם,גרמים,200.00,100 גרם,false,1,4.20,2.1000,true,1,97329
7290100700242,false,"אורז עגול מלא 1 ק""ג","סוגת תעשיות בע""מ",IL,"אורז עגול מלא 1 ק""ג",קילוגרמים,1.00,"ק""ג",false,1,12.90,12.9000,true,1,84542
7290100700273,false,קינואה סוגת 500 גרם,"סוגת תעשיות בע""מ",IL,קינואה 500 גרם,גרמים,500.00,100 גרם,false,1,15.90,3.1800,true,1,59632
7290100700396,false,"אורז יסמין סוגת 1 ק""","סוגת תעשיות בע""מ",IL,אורז יסמין קלאסי,קילוגרמים,1.00,"ק""ג",false,1,13.90,13.9000,true,1,84355
7290100700587,false,בורגול סוגת 500 גרם,"סוגת תעשיות בע""מ",IL,בורגול 500 גרם,גרמים,500.00,100 גרם,false,1,5.90,1.1800,true,1,69218
7290100701331,false,"קמח רב תכליתי 1 ק""ג","שטיבל בע""מ - טחנות ק",IL,קמח רב תכליתי +1,קילוגרמים,1.00,"ק""ג",false,1,7.90,7.9000,true,1,82298
7290100701874,false,"קמח כוסמין מלא 1ק""ג",טחנות קמח שטיבל באר,IL,קמח כוסמין מלא + 14,קילוגרמים,1.00,"ק""ג",false,1,17.90,17.9000,true,1,115303
7290100701881,false,"קמח פיצה 1 ק""ג - סוג","שטיבל בע""מ - טחנת קמ",IL,"קמח פיצה 1 ק""ג - סוגת",קילוגרמים,1.00,"ק""ג",false,1,7.90,7.9000,true,1,83058
7290100702994,false,סוכר דמררה בשקית 500,"סוגת תעשיות בע""מ",IL,סוכר דמררה 500 גרם,גרמים,500.00,100 גרם,false,1,6.90,1.3800,true,1,119466
7290100703007,false,עדשים שחורות בלוגה 5,האי נאם סי או אל.טי.,IL,עדשים שחורות בלוגה,גרמים,500.00,100 גרם,false,1,8.90,1.7800,true,1,124229
7290100703861,false,קמח קסם לחלה סוגת 1,סוגת,IL,"קמח קסם לחלה סוגת 1 ק""ג",קילוגרמים,1.00,"ק""ג",false,1,9.90,9.9000,true,1,124240
7290100704059,true,דפי גלטין 20 גרם,סוגת,IL,דפי גלטין 20 גרם,גרמים,20.00,100 גרם,false,1,14.90,74.5000,true,1,123291
7290100704530,false,קמח כוסמין לבן ללא צ,טחנות קמח שטיבל באר,IL,קמח כוסמין לבן ללא ניפוי,קילוגרמים,1.00,"ק""ג",false,1,16.90,16.9000,true,1,140000
7290100704660,false,קינואה מיקס סוגת 50,"סוגת תעשיות בע""מ",IL,קינואה מיקס סוגת 500גרם,גרמים,500.00,100 גרם,false,1,15.90,3.1800,true,1,139999
7290100850909,false,דוריטוס נאצו 70 גרם,שטראוס,IL,דוריטוס נאצו 70 גרם,גרמים,70.00,100 גרם,false,1,3.90,5.5714,true,1,22397
7290100850916,false,דוריטוס חמוץ חריף 70,"שטראוס פריטו ליי בע""",IL,דוריטוס חמוץ חריף 70 גר 48 יח,גרמים,70.00,100 גרם,false,1,3.90,5.5714,true,1,22398
7290100850923,false,דוריטוס גריל 70 גרם,שטראוס פריטו ליי בע,IL,דוריטוס גריל 70 גר 48 יח,גרמים,70.00,100 גרם,false,1,3.90,5.5714,true,1,22399
7290100850930,false,דוריטוס טבעי 70 גרם,שטראוס פריטו ליי בע,IL,דוריטוס טבעי 70 גר 48 יח,גרמים,70.00,100 גרם,false,1,3.90,5.5714,true,1,22400
7290100858592,false,אבקת קקאו עלית 150 ג,הנסיך- מפעל לייצור ט,IL,שקית קקאו 150גרם/20שק/150גר,גרמים,150.00,100 גרם,false,1,11.80,7.8667,true,1,38972
7290101453871,false,נר מספר 0,סודי,,נר מספר 0,Unknown,0.00,Unknown,false,1,4.50,0.0000,true,1,106144
7290101453901,false,נר מספר 3,סודי,,נר מספר 3,Unknown,0.00,Unknown,false,1,4.50,0.0000,true,1,106147
7290101486688,false,מאגדת חטיף דגנים עם,"כד בני דרום בע""מ",IL,FREEמאגדת חטיף דגנים עם שוקולד 100 גרם,גרמים,100.00,100 גרם,false,1,16.90,16.9000,true,1,43344
7290101488248,false,דאו ליידי ספיד סטיק,קולגייט פלמוליב,IT,דאו ליידי ספיד סטיק רול און ורוד 50 מל,מיליליטרים,50.00,"100 מ""ל",false,1,19.90,39.8000,true,1,48607
7290101488286,false,דאודורנט ספרי ליידי,קולגייט פלמוליב,RU,דאודורנט ספרי ל.ספיד ורוד פרש פיוזן150 מ,מיליליטרים,150.00,"100 מ""ל",false,1,23.90,15.9333,true,1,56264
7290101488323,false,ליידי ספיד סטיק ללא,קולגייט פלמוליב,US,דאודורנט ליידי ספיד סטיק ללא סימן פאודר פרש 65 גרם,גרמים,65.00,100 גרם,false,1,19.90,30.6154,true,1,52532
7290101500001,false,ביבי מיקס,חקלאי,IL,ביבי מיקס,גרמים,0.00,100 גרם,false,1,6.90,0.0000,true,1,51702
7290101500551,false,סלרי אמריקאי ארוז,חקלאי,IL,סלרי אמריקאי ארוז,לא מנהל יחידת מידה,0.00,לא מנהל יחידת מידה,false,1,5.90,0.0000,true,1,127893
7290101500568,false,סלרי ראש ארוז,חקלאי,IL,סלרי ראש ארוז,לא מנהל יחידת מידה,0.00,לא מנהל יחידת מידה,false,1,5.90,0.0000,true,1,127894
7290101500926,false,תרד ארוז,חקלאי,IL,תרד ארוז,Unknown,0.00,Unknown,false,1,12.90,0.0000,true,1,52181
7290101501589,false,גינגר יחידה 200 גרם,יוליניבר,IL,גינגר,גרמים,200.00,100 גרם,false,1,10.90,5.4500,true,1,142893
7290101551027,false,קפסולות קפה אספרסו 1,שטראוס קפה בי.וי,IL,קפסולות קפה אספרסו 14,גרמים,50.00,100 גרם,false,1,16.90,33.8000,true,1,125044
7290101551263,false,סילאן טבעי יד מרדכי,"פוליבה בע""מ",IL,סילאן טבעי יד מרדכי 700 גרם,גרמים,700.00,100 גרם,false,1,21.90,3.1286,true,1,124465
7290101551300,false,סילאן לחיץ יד מרדכי,"פוליבה בע""מ",IL,סילאן טבעי לחיץ 380 גרם,גרמים,380.00,100 גרם,false,1,16.90,4.4474,true,1,124464
7290101551539,true,דנונה פרו 20 גרם בטע,"שטראוס בריאות בע""מ",IL,דנונה פרו 20 גר אפרסק 0% שומן,גרמים,200.00,100 גרם,false,1,5.90,2.9500,true,1,123295
7290101861386,false,נורופן לילדים תרחיף,רקיט בנקיזר,,"נורופן לילדים תרחיף בטעם תות 100 מ""ל",ליטרים,100.00,ליטר,false,1,24.90,0.2490,true,1,79942
7290101863410,false,סיליט באנג אקונומיקה,סיליט,,"סיליט באנג אקונומיקה 750 מ""ל",מיליליטרים,750.00,"100 מ""ל",false,1,14.90,1.9867,true,1,53649
7290101865261,false,נוזל הברקה למדיח,פיניש,,"פיניש נוזל הברקה למדיח 800 מ""ל",מיליליטרים,800.00,"100 מ""ל",false,1,22.90,2.8625,true,1,89515
7290101866633,false,"ג""ל להסרת כתמים קליה",קליה,,"ג""ל להסרת כתמים קליה וניש 3 ליטר",ליטרים,3.00,ליטר,false,1,26.90,8.9667,true,1,80468
7290101868156,false,סטרפסילס תות ללא סו,רקיט בנקיזר,,סטרפסילס תות ללא סוכר,לא מנהל יחידת מידה,0.00,לא מנהל יחידת מידה,false,1,37.40,0.0000,true,1,141714
7290101868446,false,נורופן גל 16 כמוסות,רקיט בנקיזר,,נורופן גל 16 כמוסות A,Unknown,0.00,Unknown,false,1,31.50,0.0000,true,1,113868
7290101868507,false,נורופן כאבי מחזור,רקיט בנקיזר,,נורופן כאבי מחזור,Unknown,0.00,Unknown,false,1,18.90,0.0000,true,1,113876
7290101869702,true,גל למדיח,,,"פיניש AIO ג""ל 600 מל",מיליליטרים,600.00,"100 מ""ל",false,1,29.90,4.9833,true,1,110015
7290101980919,false,ביצי שוקולד מארז שלי,זאיני,,ביצי שוקולד מארז שלישייה 60 גרם,גרמים,60.00,100 גרם,false,1,12.90,21.5000,true,1,46817
7290101985433,false,הפתעות לימי הולדת,NOVELTY,,הפתעות לימי הולדת,Unknown,0.00,Unknown,false,1,6.70,0.0000,true,1,93325
7290101987598,false,חרב בועות סבון דורה,סודי,,חרב בועות סבון דורה,Unknown,0.00,Unknown,false,1,9.90,0.0000,true,1,90602
7290101989073,false,ממתק גלי,יושלם,,ממתק גלי,לא מנהל יחידת מידה,0.00,לא מנהל יחידת מידה,false,1,9.80,0.0000,true,1,98244
7290101999638,false,נרות מטה כוכבים הלו,סודי,,נרות מטה כוכבים הלו קיטי,Unknown,0.00,Unknown,false,1,6.90,0.0000,true,1,106927
7290101999645,false,נרות מטה כוכבים פו,סודי,,נרות מטה כוכבים פו,Unknown,0.00,Unknown,false,1,6.90,0.0000,true,1,111688
7290102002801,false,ביצי שוקולד פרוזן של,זאיני,,ביצי שוקולד פרוזן שלישייה 60 גרם,גרמים,60.00,100 גרם,false,1,12.90,21.5000,true,1,107413
7290102030330,false,תפוציפס קראנץ מקסיקנ,"שטראוס פריטו ליי בע""",IL,תפו קראנצ מקסיקני 200 גר 12 יח - שמיטה,גרמים,200.00,100 גרם,false,1,9.90,4.9500,true,1,42479
7290102031276,false,אקטימל תות בננה 1/8,מיוצר עי קונדיטוריית,IL,אקטימל 8 תות בננה,מיליליטרים,800.00,"100 מ""ל",false,1,20.90,2.6125,true,1,42250
7290102300822,false,גבינת צדר אנגלית כתו,יוליניבר,,גבינת צדר אנגלית כתומה 200 גרם נני,גרמים,200.00,100 גרם,false,1,24.90,12.4500,true,1,87742
7290102302260,false,גבינה גרנה פדנה 200,הנסיך- מפעל לייצור ט,IT,גבינת גראנה פדנו 200 גרם,גרמים,200.00,100 גרם,false,1,32.90,16.4500,true,1,118769
7290102302840,false,גבינת גאודה עיזים פר,מיוצר עי קונדיטוריית,NL,גבינת גאודה עיזים פרוסה של נני 150 גרם,גרמים,150.00,100 גרם,false,1,31.90,21.2667,true,1,129617
7290102302888,false,גאודה כמון 200 גרם,מיוצר עי קונדיטוריית,NL,גאודה כמון 200 גרם,גרמים,200.00,100 גרם,false,1,33.90,16.9500,true,1,137955
7290102390427,false,יוגורט מולר פרופ תות,טרה,,יוגורט מולר פרופ תות 150 גרם,גרמים,150.00,100 גרם,false,1,5.50,3.6667,true,1,47056
7290102390465,false,יוגורט מולר פרופ אפר,טרה,,יוגורט מולר פרופ אפרסק פסיפלורה 150 גרם,גרמים,150.00,100 גרם,false,1,5.50,3.6667,true,1,47059
7290102392728,false,יוגרוט מולר ביאנקו 2,"טרה, פארק תעשיות בע""",IL,"מולייר, יוגורט bio 2.8% שומן",גרמים,200.00,100 גרם,false,1,4.20,2.1000,true,1,60182
7290102393039,false,יוגורט מולר מיקס פצפ,טרה,IL,יוגורט מולר מיקס פצפוצי שוקולד 170 גרם,גרמים,170.00,100 גרם,false,1,6.50,3.8235,true,1,64041
7290102393169,false,יוגורט מולר סימפלי פ,טרה,IL,מולר יוגורט ביו עם תות שדה 3% שומן 150 גרם,גרמים,150.00,100 גרם,false,1,5.50,3.6667,true,1,72462
7290102394821,false,גבינה צהובה דק דק 28,מילקו תעשיות בעמ,IL,גבנצ 28% דק דק 200 ג',גרמים,200.00,100 גרם,false,1,17.90,8.9500,true,1,83208
7290102394845,false,גבינה צהובה דק דק 9%,מילקו תעשיות בעמ,IL,גבנצ 9% דק דק 200 ג',גרמים,200.00,100 גרם,false,1,16.90,8.4500,true,1,83209
7290102395446,false,מעדן מוו וניל קצפת,טרה,IL,מעדן בטעם וניל קצפת,גרמים,123.00,100 גרם,false,1,3.30,2.6829,true,1,88735
7290102395477,false,מעדן מו שוקולד וקצפת,טרה,IL,מעדן בטעם שוקולד קצפת,גרמים,123.00,100 גרם,false,1,3.30,2.6829,true,1,88738
7290102397600,false,מולר מיקס שקדים ובוט,מילקו תעשייה בעמ,IL,Muller mix שקדים ובוטנים בקרמל,גרמים,168.00,100 גרם,false,1,6.50,3.8690,true,1,114551
7290102397730,false,גבינת אמנטל נעם פתיח,טרה,IL,טרה נועם אמנטל פרוסות גבינה חצי קשה 30% 200 גרם,גרמים,200.00,100 גרם,false,1,18.90,9.4500,true,1,116795
7290102398072,false,חלב 3% קרטון מהדרין,טרה,IL,חלב בקרטון 1 ליטר 3% שומן,ליטרים,1.00,ליטר,false,1,6.23,6.2300,true,1,117473
7290102398560,false,שוקו טרה מועשר בקבוק,מילקו תעשיות בעמ,IL,שוקו טרה מועשר בקבוק 1ליטר,ליטרים,1.00,ליטר,false,1,13.90,13.9000,true,1,123120
7290102399635,false,מולר פרופ קוקוס ואננ,טרה,IL,מולר פרופ TROPICAL קוקוס ואננס 3.9% שומן,גרמים,150.00,100 גרם,false,1,5.50,3.6667,true,1,129784
7290103120658,false,ספיד סטיק 24/7 גל,"ש. שסטוביץ בע""מ",US,"ספיד סטיק 24/7 ג""ל שחור 85 גרם",גרמים,85.00,100 גרם,false,1,21.90,25.7647,true,1,53250
7290103124588,false,פלמוליב סבון נוזלי ס,הנסיך- מפעל לייצור ט,TR,"פלמוליב סבון נוזלי סגול משאבה 750 מ""ל",מיליליטרים,750.00,"100 מ""ל",false,1,21.90,2.9200,true,1,105499
7290103124601,false,פלמוליב סבון נוזלי ח,הנסיך- מפעל לייצור ט,TR,"פלמוליב סבון נוזלי חלב ודבש 750 מ""ל",מיליליטרים,750.00,"100 מ""ל",false,1,21.90,2.9200,true,1,97022
7290103401429,false,קפה פלטינום קצב ברזי,שטראוס קפה בי.וי,IL,פלטינום ברזילאי 200 גרם,גרמים,200.00,100 גרם,false,1,27.90,13.9500,true,1,56653
7290103404758,false,סלט כרוב אדום יום יו,מיוצר עי קונדיטוריית,IL,כרוב 120,גרמים,120.00,100 גרם,false,1,5.50,4.5833,true,1,54625
7290103681173,false,"יין קברנה 750 מ""ל סד",מיוצר על ידי יקב תבו,IL,הר קברנה סוביניון יין אדום יבש 2016 מל,מיליליטרים,750.00,"100 מ""ל",false,1,46.90,6.2533,true,1,124706
7290103681227,false,יין גוורצטרמינר חצי,מיוצר על ידי יקב תבו,IL,"יין גוורצטרמינר חצי מתוק 750 מ""ל סדרת הר",מיליליטרים,750.00,"100 מ""ל",false,1,46.90,6.2533,true,1,124707
7290103681241,false,"הר מוסקטו 750 מ""ל",תבור,IL,"תבור הר מוסקטו 750 מ""ל",מיליליטרים,750.00,"100 מ""ל",false,1,46.90,6.2533,true,1,126272
7290103681364,false,"יין קברנה 750 מ""ל סד",מיוצר על ידי יקב תבו,IL,תבור קברנה סוביניון 750 מל,מיליליטרים,750.00,"100 מ""ל",false,1,59.90,7.9867,true,1,124701
7290104061417,false,סלט חומוס וטחינה,"שטראוס גרופ בע""מ",IL,סלט חומוס וטחינה 400 גרם,גרמים,400.00,100 גרם,false,1,12.20,3.0500,true,1,60131
7290104061424,false,סלט חומוס וזעתר,מיוצר עי קונדיטוריית,IL,חומוס בתוספת זעתר 400 גרם,גרמים,400.00,100 גרם,false,1,12.20,3.0500,true,1,60132
7290104061431,false,סלט חומוס וצנובר,"שטראוס גרופ בע""מ",IL,סלט חומוס וצנובר 400 גרם,גרמים,400.00,100 גרם,false,1,12.20,3.0500,true,1,60133
7290104067679,false,טחינה אחלה 400 גרם,מיוצר עי קונדיטוריית,IL,טחינה 400,גרמים,400.00,100 גרם,false,1,10.90,2.7250,true,1,112302
7290104340451,false,ספיד גרון להקלה בכאב,ויטרו ביו,FR,ספיד גרון להקלה בכאבי גרון,לא מנהל יחידת מידה,0.00,לא מנהל יחידת מידה,false,1,44.90,0.0000,true,1,128400
7290104500572,false,אפרופו איטליאנו,"אסם השקעות בע""מ",IL,אפרופו איטלקי 36*50גרם,גרמים,50.00,100 גרם,false,1,5.20,10.4000,true,1,76114
7290104508943,false,במבה קלאסי 200 גרם,"אסם השקעות בע""מ",IL,במבה קלאסי 200 גרם,גרמים,200.00,100 גרם,false,1,9.90,4.9500,true,1,80994
7290104722530,false,תפוציפס שמנת בצל200,"שטראוס פריטו ליי בע""",IL,תפו שמנת בצל 200 גר 12 יח - שמיטה,גרמים,200.00,100 גרם,false,1,9.90,4.9500,true,1,70841
7290104726262,false,מארז דני לשתייה רביע,מיוצר עי קונדיטוריית,IL,דני שלוק שוקולד רביעייה,גרמים,500.00,100 גרם,false,1,11.90,2.3800,true,1,73966
7290104728310,false,שמנת עמידה לקצפת 38%,מחלבת יטבתה,IL,שמנת להקצפה 38% מהדרין,מיליליטרים,250.00,"100 מ""ל",false,1,6.47,2.5880,true,1,76602
7290104729003,false,שמן זית כתית מעולה י,תות תעשיות מזון (201,IL,שמן זית כתית מעולה יד מרדכי,מיליליטרים,750.00,"100 מ""ל",false,1,34.90,4.6533,true,1,123615
7290104963711,false,סופטקר שמפו אל דמע 7,קוסמופארם בעמ,IL,סופטקר שמפו אל דמע לעור רגיש 770 מל,לא מנהל יחידת מידה,0.00,לא מנהל יחידת מידה,false,1,18.90,0.0000,true,1,121989
7290104963988,false,רול און הגנה גבוה לי,מיוצר עי : אמיליה קו,IL,סקין גארד רול און לילדים SPF50 70 מל,לא מנהל יחידת מידה,3.00,לא מנהל יחידת מידה,false,1,24.90,8.3000,true,1,119977
7290104964701,false,סקינגארד קרם פנים לג,מולינו ניקולי s.p.a,IL,סקין גארד קרם הגנה לגולשים SPF50,מיליליטרים,60.00,"100 מ""ל",false,1,39.90,66.5000,true,1,125325
7290105360250,false,קפסולות מקיאטו 10 יח,שטראוס קפה בי.וי.,IL,קפסולות 09 למכונות NESPRESSO,גרמים,50.00,100 גרם,false,1,16.90,33.8000,true,1,89589
7290105360328,false,קפסולות קפה אספרסו 1,שטראוס קפה בי.וי.,IL,קפסולות 10 למכונות NESPRESSO,גרמים,50.00,100 גרם,false,1,16.90,33.8000,true,1,89619
7290105360878,false,מארז תפוציפס,"שטראוס פריטו ליי בע""",IL,מארז תפוציפס 50*4 גרם,גרמים,200.00,100 גרם,false,1,12.90,6.4500,true,1,100837
7290105363602,false,מקלות כיף כף קלאסי,"איי, בי, אינבוו",TR,כיף כף מקלות קלאסי,גרמים,40.00,100 גרם,false,1,5.90,14.7500,true,1,87534
7290105364289,false,מקלות כיף כף פצפוצים,"איי, בי, אינבוו",TR,כיף כף מקלות פצפוצים,גרמים,40.00,100 גרם,false,1,5.90,14.7500,true,1,87535
7290105364302,false,מקלות כיף כף אגוזים,"איי, בי, אינבוו",TR,כיף כף מקלות אגוזים,גרמים,40.00,100 גרם,false,1,5.90,14.7500,true,1,87536
7290105368904,false,שמנת מתוקה 250 32% מ,מחלבת יטבתה,IL,שמנת מתוקה להקצפה 32% מהדרין-ח,מיליליטרים,250.00,"100 מ""ל",false,1,7.80,3.1200,true,1,86221
7290105434029,false,ספיד סטיק נוטרו ספרי,קולגייט פלמוליב,RU,ספיד סטיק דאודורנט ספריי נוטרו פאוור,מיליליטרים,150.00,"100 מ""ל",false,1,24.70,16.4667,true,1,105214
7290105436382,false,מאגדת חטיף תמרים,"כד בני דרום בע""מ",IL,מאגדת חטיף תמרים קשיו,גרמים,125.00,100 גרם,false,1,16.90,13.5200,true,1,100636
7290105439581,false,חרדל דיזיון צרפתי מא,סאם קווינור,FR,חרדל דיזיון צרפתי מאסטר שף 370 גרם,גרמים,370.00,100 גרם,false,1,11.90,3.2162,true,1,113594
7290105439598,false,חרדל דיזיון גרגרים מ,סאם קווינור,FR,חרדל דיזיון גרגרים מאסטר שף 370 גרם,גרמים,370.00,100 גרם,false,1,11.90,3.2162,true,1,113595
7290105473950,false,יורוקיטי קופסה 5 קג,ביופט,IL,יורוקיטי מתגבש 5 קג בקרטון,קילוגרמים,5.00,"ק""ג",false,1,35.90,7.1800,true,1,99080
7290105500151,false,וודקה פינלנדיה בקבוק,"אלטיה קורפ, הלסינקי,",FI,"וודקה פינלנדיה בקבוק 700 מ""ל",מיליליטרים,700.00,"100 מ""ל",false,1,74.90,10.7000,true,1,85309
7290105500236,false,ויסקי גק דניאלס 700,ג'ק דניאלס,US,טנסי וויסקי,מיליליטרים,700.00,"100 מ""ל",false,1,124.90,17.8429,true,1,99537
7290105691224,false,טורטייה שום בצל 60 ג,,IL,אסם חטיפי פריכונים טורטיה שום בצל 12*60ג,גרמים,60.00,100 גרם,false,1,7.90,13.1667,true,1,81096
7290105691248,false,טורטייה תירס 60 גרם,,IL,אסם חטיפי פריכונים טורטיה תירס 12*60גרם,גרמים,60.00,100 גרם,false,1,7.90,13.1667,true,1,81097
7290105691712,false,עוגיות הפסקת קפה,היינץ צפון אמריקה מק,IL,עוגיות הפסקת קפה דגנים מלאים 2,גרמים,230.00,100 גרם,false,1,11.90,5.1739,true,1,83908
7290105691897,false,קוסקוס עם חיטה מלאה,"מיוצר ע""י קוד יצרן K",IL,אסם קוסקוס עם חיטה מלאה 12*350גרם,גרמים,350.00,100 גרם,false,1,10.90,3.1143,true,1,83879
7290105691934,false,"קמח שמרים 1 ק""ג",תאי פרזידנט פוד פאבל,IL,"קמח שמרים 1 ק""ג אסם",קילוגרמים,1.00,"ק""ג",false,1,10.80,10.8000,true,1,87075
7290105693457,false,עוגת הבית דמקה שוקו,מיוצר עי קונדיטוריית,IL,הבית עוגת דמקה שוקו וניל 8*320גרם,גרמים,320.00,100 גרם,false,1,15.90,4.9688,true,1,83692
7290105693952,false,פירורית זהב שומשום 2,מיוצר עי קונדיטוריית,IL,פירורית זהב שומשום 200 גרם,גרמים,200.00,100 גרם,false,1,6.90,3.4500,true,1,83693
7290105695024,false,פתיתים אפויים אורז ע,"אסם השקעות בע""מ",IL,אסם פתיתים אפויים אורז עם אטריות 12*500ג,גרמים,500.00,100 גרם,false,1,6.90,1.3800,true,1,87651
7290105695321,false,עוגת בראוניס פאדג,מיוצר עי קונדיטוריית,IL,הבית עוגת בראוניס פאדג' 8*380גרם,גרמים,380.00,100 גרם,false,1,19.90,5.2368,true,1,84529
7290105962980,false,כרוב אדום 400 גרם,מיוצר עי קונדיטוריית,IL,כרוב אדום 400,גרמים,400.00,100 גרם,false,1,10.90,2.7250,true,1,112301
7290105962997,false,חציל במיונז 400 גרם,"שטראוס גרופ בע""מ",IL,חציל במיונז 400 גרם,גרמים,400.00,100 גרם,false,1,10.90,2.7250,true,1,112300
7290105963000,false,מטבוחה 400 גרם,מיוצר עי קונדיטוריית,IL,מטבוחה 400,גרמים,400.00,100 גרם,false,1,10.90,2.7250,true,1,112296
7290105963864,false,חזרת אחלה 220 גרם,"שטראוס גרופ בע""מ",IL,חזרת אחלה 220 גרם,גרמים,220.00,100 גרם,false,1,12.90,5.8636,true,1,86191
7290105964564,false,סלט חומוס אחלה 400 ג,מיוצר עי קונדיטוריית,IL,סלט חומוס אחלה 400 גרם,גרמים,400.00,100 גרם,false,1,8.90,2.2250,true,1,113482
7290105965738,false,משקה יוגורט דנונה תו,מיוצר עי קונדיטוריית,IL,"משקה יוגורט דנונה תות בננה 267מ""ל",מיליליטרים,267.00,"100 מ""ל",false,1,5.30,1.9850,true,1,97216
7290105966469,false,חומץ בלסמי יד מרדכי,אצטייה ג'וזפה קרמוני,IT,חומץ בלסמי יד מרדכי,מיליליטרים,250.00,"100 מ""ל",false,1,15.90,6.3600,true,1,89927
7290105968777,false,פריכיות 5 דגנים עם ש,"טחנת האבן תעשיות בע""",IL,פריכיות אנרגי תחתית ש.מריר OS,גרמים,70.00,100 גרם,false,1,8.80,12.5714,true,1,90778
7290106520066,false,רבע לשבע אגוזים 160,הגביע מוצרי וופלים ב,IL,רבע לשבע (ירוק) 160 גר',גרמים,160.00,100 גרם,false,1,12.90,8.0625,true,1,87954
7290106524439,false,תפוציפס פופס 60 גרם,"שטראוס פריטו ליי בע""",IL,תפו פופס 60 גר 40 יח,גרמים,60.00,100 גרם,false,1,3.90,6.5000,true,1,118978
7290106526822,false,פריכיות אנרגי תחתית,"שטראוס גרופ בע""מ",IL,פריכיות אנרגי תחתית שוקולד 80 גרם,גרמים,80.00,100 גרם,false,1,8.80,11.0000,true,1,95570
7290106528567,false,דוריטוס גריל 185 גרם,הנסיך- מפעל לייצור ט,IL,דוריטוס גריל 185 גר 12 יח,גרמים,185.00,100 גרם,false,1,8.00,4.3243,true,1,113970
7290106528628,false,דוריטוס טבעי 185 גרם,הנסיך- מפעל לייצור ט,IL,דוריטוס טבעי 185 גרם,גרמים,185.00,100 גרם,false,1,8.00,4.3243,true,1,113971
7290106572027,false,לחמית חמישה דגנים,"אסם השקעות בע""מ",IL,לחמית חמישה דגנים 12*190גרם,גרמים,190.00,100 גרם,false,1,10.90,5.7368,true,1,87900
7290106572065,false,חטיפי טורטיה תירס,,IL,אסם חטיפי פרכ.טורטיה תר.חמוץ מתוק 12*60ג,גרמים,60.00,100 גרם,false,1,7.90,13.1667,true,1,87845
7290106574120,false,שלגון גומיגם,המאפיה של הרמן,IL,גומיגם קרחון שרבט עם סוכריות בפנים42*90ג,גרמים,90.00,100 גרם,false,1,7.00,7.7778,true,1,95953
7290106574953,false,בייגלה שטוחים עם שומ,מיוצר עי קונדיטוריית,IL,אסם בייגלה שטוחים שומשום 9*300גרם,גרמים,300.00,100 גרם,false,1,11.90,3.9667,true,1,93085
7290106576797,false,גלידה לה קרמריה וניל,תות תעשיות מזון (201,IL,לה קרמריה וניל איטלקי בדצ 6*1.4ליטר,ליטרים,1.40,ליטר,false,1,21.90,15.6429,true,1,95961
7290106576810,false,גלידה לה קרמריה ריבת,המאפיה של הרמן,IL,לה קרמריה ריבת חלב חתס.כלפ.6*1.4ל,ליטרים,1.40,ליטר,false,1,21.90,15.6429,true,1,95962
7290106576858,false,גלידה לה קרמריה תותי,המאפיה של הרמן,IL,לה קרמריה תותים בשמנת כלפ.6*1.4ליטר,ליטרים,1.40,ליטר,false,1,21.90,15.6429,true,1,95964
7290106576957,false,גלידה לה קרמריה שוקו,תות תעשיות מזון (201,IL,לה קרמריה שוקו וניל פליק פרווה בדצ6*1.4ל,לא מנהל יחידת מידה,0.00,לא מנהל יחידת מידה,false,1,21.90,0.0000,true,1,95973
7290106576971,false,גלידה לה קרמריה שוקו,תות תעשיות מזון (201,IL,לה קרמריה גלידת שוקולד 6*1.4ל,ליטרים,1.40,ליטר,false,1,21.90,15.6429,true,1,95963
7290106576995,false,גלידה לה קרמריה תות,המאפיה של הרמן,IL,לה קרמריה סורבה לייט תות מנגו 6*1.4ליטר,ליטרים,1.40,ליטר,false,1,21.90,15.6429,true,1,95970
7290106577039,false,גלידה לה קרמריה שוקו,תות תעשיות מזון (201,IL,לה קרמריה שוקו וניל פליק חלבי בדצ 6*1.4ל,לא מנהל יחידת מידה,0.00,לא מנהל יחידת מידה,false,1,21.90,0.0000,true,1,95965
7290106578692,false,במבה ביסלי מיקס 80 ג,אסם,IL,במבה ביסלי מיקס 36*80גרם,גרמים,80.00,100 גרם,false,1,5.90,7.3750,true,1,97660
7290106653504,false,בוטנים אמריקאים סבבה,"שטראוס פריטו ליי בע""",IL,בוטנים אמריקאים סבבה בטעם ברביקיו 50 גרם,גרמים,50.00,100 גרם,false,1,2.90,5.8000,true,1,95180
7290106663121,false,עוגת מילקי CAKE אישי,בובארד איטליה אס.פי.,IT,עוגת מילקי CAKE אישית 34 גרם,גרמים,34.00,100 גרם,false,1,3.90,11.4706,true,1,110849
7290106663503,false,קונפיטורה לייט תות ש,אף.סי תבליני בגליל ב,IL,קונפיטורת תות שדה לייט,גרמים,230.00,100 גרם,false,1,15.70,6.8261,true,1,104655
7290106663558,false,רוטב טריאקי רימון 28,אף.סי תבליני בגליל ב,IL,רוטב טריאקי 320 גרם,מיליליטרים,280.00,"100 מ""ל",false,1,14.90,5.3214,true,1,110096
7290106667266,false,דוריטוס חמוץ חריף 18,הנסיך- מפעל לייצור ט,IL,דוריטוס חמוץ חריף 185 גרם,גרמים,185.00,100 גרם,false,1,8.00,4.3243,true,1,113968
7290106668577,false,מיץ לימון טבעי יד מר,יורופוד ס.ר.ל,IT,"מיץ לימון טבעי 250 מ""ל",מיליליטרים,250.00,"100 מ""ל",false,1,8.90,3.5600,true,1,110097
7290106669857,false,קפסולות אספרסו וניל,שטראוס קפה בי.וי.,IL,קפסולות אספרסו וניל 50 גרם,גרמים,50.00,100 גרם,false,1,16.90,33.8000,true,1,115738
7290106720626,false,חטיף ציטוס גבינה 80,"שטראוס פריטו ליי בע""",IL,ציטוס גבינה 80 גר 48 יח רבנות,גרמים,80.00,100 גרם,false,1,4.90,6.1250,true,1,116461
7290106721920,false,מסטיק מאסט ספירמינט,"שטראוס גרופ בע""מ.",IL,"צנצנת ספירמינט לל""ס 66 גרם",גרמים,66.00,100 גרם,false,1,9.90,15.0000,true,1,110079
7290106728127,false,חלב טבעי 3.6% יטבתה,מחלבת יטבתה,IL,חלב טבעי 3.6% יטבתה 1 ליטר,ליטרים,1.00,ליטר,false,1,7.90,7.9000,true,1,112667
7290107280020,false,שלישיה מטליות לחות ל,טרופיקל דגיל- תעשיות,IL,שלישיה מטליות לחות לניקוי כללי,לא מנהל יחידת מידה,0.00,לא מנהל יחידת מידה,false,1,25.60,0.0000,true,1,92333
7290107280075,true,תבניות אלומיניום לאפ,מיוצר עי קונדיטוריית,CN,"סנו סושי, תבניות אלומיניום מידה L, 130 גרם",Unknown,0.00,Unknown,false,1,9.80,0.0000,true,1,109922
7290107280341,false,ריצפז מטליות לחות לר,"סנו מפעלי ברונוס סע""",IL,ריצפז מטליות לחות מלון מפנק,יחידה,1.00,יחידה,false,1,14.90,14.9000,true,1,128547
7290107280570,false,גל כביסה מקסימה,סנו מפעלי ברונוס בעמ,IL,ג'ל כביסה 3 ל' MIX&WASH לכביסה צבעונית,ליטרים,3.00,ליטר,false,1,29.90,9.9667,true,1,104286
7290107280600,false,טבליות למדיח סנו ספא,גרופה אינקו,PL,"סנו ספארק, טבליות למדיח, 2000 גרם",לא מנהל יחידת מידה,1.50,לא מנהל יחידת מידה,false,1,56.90,37.9333,true,1,119559
7290107280709,false,נוזל להברקה 700 מל,,IL,נוזל להברקה 700 מל SPARK,מיליליטרים,900.00,"100 מ""ל",false,1,16.90,1.8778,true,1,106707
7290107280723,false,נוזל כלים ספארק לימו,סנו כימיקלים,IL,סנו ספארק נוזל לניקוי כלים בניחוח לימון רענן,מיליליטרים,700.00,"100 מ""ל",false,1,9.90,1.4143,true,1,105838
7290107280747,false,נ .כלים ספארק קלאסי,סנו כימיקלים,IL,סנו ספארק נוזל לניקוי כלים קלאסי,מיליליטרים,700.00,"100 מ""ל",false,1,9.90,1.4143,true,1,105840
7290107280754,false,נוזל כלים ספארק שקד,סנו,,נוזל כלים ספארק שקד 700 מל,מיליליטרים,700.00,"100 מ""ל",false,1,9.90,1.4143,true,1,105841
7290107280761,false,נוזל כלים לימון,סנו מפעלי ברונוס בעמ,IL,ספארק משאבה לימון 1ל,ליטרים,1.00,ליטר,false,1,11.90,11.9000,true,1,106053
7290107646147,false,חטיף שוגי קורנפלקס ש,יוניליוור ישראל מזון,IL,"שוגי חטיף פתיתי תירס קלויים, 156 גרם",גרמים,156.00,100 גרם,false,1,15.90,10.1923,true,1,120254
7290107646154,false,חטיף קוקומן פצפוצים,יוניליוור ישראל מזון,IL,"קוקומן חטיף פצפוצי דגנים בטעם שוקולד, 126 גרם",גרמים,126.00,100 גרם,false,1,15.90,12.6190,true,1,120255
7290107646383,false,מטליות לחות לניקוי ר,עלבד משואות יצחק בעמ,IL,מטליות לחות לניקוי רצפה לימון סיף,גרמים,676.00,100 גרם,false,1,13.90,2.0562,true,1,117401
7290107647816,false,ברנפלקס ללא תוספת סו,יוניליוור ישראל מזון,IL,ברנפלקס ללא תוספת סוכר 500 גרם,גרמים,500.00,100 גרם,false,1,25.90,5.1800,true,1,118024
7290107647823,false,ברנפלקס בדצ500 גרם,יוניליוור ישראל מזון,IL,ברנפלקס בדצ500 גרם,גרמים,500.00,100 גרם,false,1,25.90,5.1800,true,1,118023
7290107647854,false,דגני בוקר שוגי בדצ 5,יוניליוור ישראל מזון,IL,דגני בוקר שוגי בדצ 500 גרם,גרמים,500.00,100 גרם,false,1,24.90,4.9800,true,1,118021
7290107649780,false,שוקובו שוקו 85 גרם,"מיוצר ע""י גלידת שטרא",IL,שוקובו שוקו 85 גרם,גרמים,85.00,100 גרם,false,1,10.90,12.8235,true,1,125531
7290107649858,false,טילון מגנום לבן גליד,"מיוצר ע""י גלידת שטרא",IL,מגנום טילון שוקולד לבן 100 גרם,גרמים,100.00,100 גרם,false,1,10.90,10.9000,true,1,126167
7290107870047,false,טילון אקסטרים ענק בר,תות תעשיות מזון (201,IL,אקסטרים טילון בראוניז מטבע ענק 18*115גרם,גרמים,133.00,100 גרם,false,1,10.50,7.8947,true,1,105975
7290107871297,false,פריכונים מיני עשבי ת,"מיוצר ע""י PT, משווק",IL,אסם פריכונים מיני עשבי תיבול 16*23גרם,גרמים,25.00,100 גרם,false,1,4.50,18.0000,true,1,106055
7290107876889,false,במבה במילוי קרם נוגט,"אסם השקעות בע""מ",IL,במבה במילוי קרם נוגט 48*45גרם,גרמים,45.00,100 גרם,false,1,4.90,10.8889,true,1,112677
7290107879644,false,קרחון שרבט לה פרוטה,המאפיה של הרמן,IL,לה פרוטה בננה תמר פקאן 36*65גרם,גרמים,65.00,100 גרם,false,1,6.90,10.6154,true,1,113421
7290107879668,false,קרחון שרבט לה פרוטה,המאפיה של הרמן,IL,לה פרוטה תות 36*70גרם,גרמים,70.00,100 גרם,false,1,6.90,9.8571,true,1,113419
7290107931397,false,חטיף כיף כף פצפצים 4,"איי, בי, אינבוו",TR,כיף כף פצפצים,גרמים,40.00,100 גרם,false,1,5.90,14.7500,true,1,114290
7290107936309,false,יוגורט דנונה יווני ל,"שטראוס בריאות בע""מ",IL,דנונה יוגורט יווני לבן,גרמים,130.00,100 גרם,false,1,3.40,2.6154,true,1,115097
7290107936958,false,ביסקוויט עד חצות אצב,הדקלאים אגודת שיתופי,FR,ביסקוויט עד חצות אצבעות 125 גרם,גרמים,125.00,100 גרם,false,1,14.90,11.9200,true,1,118255
7290107937627,false,מסטיק מאסט קוביות ספ,רוג'ר אנד רוג'ר,DE,צנצנת קוביות מנטה עדינה 58 גרם,גרמים,58.00,100 גרם,false,1,9.90,17.0690,true,1,115081
7290107937641,false,מסטיק מאסט קוביות בז,רוג'ר אנד רוג'ר,DE,צנצנת קוביות בזוקה 58 גרם,גרמים,58.00,100 גרם,false,1,9.90,17.0690,true,1,115083
7290107937856,false,קפסולות קפה מספר 11,שטראוס קפה בי.וי,IL,קפסולות 11 גואטמלה למכונות NESPRESSO,גרמים,50.00,100 גרם,false,1,16.90,33.8000,true,1,115028
7290107938396,false,משקה יוגורט אקטימל ת,"שטראוס בריאות בע""מ",IL,אקטימל שמיניה תות,מיליליטרים,864.00,"100 מ""ל",false,1,20.90,2.4190,true,1,114547
7290107943369,false,קוואקר שיבולת שועל ל,היידי שוקולד בירונטי,US,קוואקר שיבולת שועל ללא גלוטן 511 גרם,גרמים,511.00,100 גרם,false,1,19.90,3.8943,true,1,118083
7290107944243,false,אפיפיות בטעם שוקולד,"שטראוס גרופ בע""מ",IL,אפיפיות בטעם שוקולד 200 גרם,גרמים,200.00,100 גרם,false,1,8.90,4.4500,true,1,118000
7290107944472,false,גבינת סימפוניה שום ש,"שטראוס בריאות בע""מ",IL,סימפוניה שום שמיר 5%,גרמים,200.00,100 גרם,false,1,11.90,5.9500,true,1,115239
7290107945165,false,קונפיטורה משמש 340 ג,"ב.א. מזון בע""מ",IL,קונפיטורה משמש 340 גרם יד מרדכי,גרמים,340.00,100 גרם,false,1,14.90,4.3824,true,1,115899
7290107951104,false,בפלות שוקולד 200 גרם,"א.ג. גילרו בע""מ",IL,בפלות שוקולד 200 גרם,גרמים,200.00,100 גרם,false,1,5.10,2.5500,true,1,115283
7290107951715,false,מסטיק מאסט קוביות ענ,רוג'ר אנד רוג'ר,DE,צנצנת קוביות ענבים 58 גרם,גרמים,58.00,100 גרם,false,1,9.90,17.0690,true,1,115893
7290107954976,false,משקה יטבתה פרו קפה 3,מחלבת יטבתה,IL,יטבתה פרו קפה 350,מיליליטרים,350.00,"100 מ""ל",false,1,6.50,1.8571,true,1,117576
7290107956642,false,"תרסיס שמן זית 150 מ""",סובנה ספרד אס.איי.יו,ES,"תרסיס שמן זית 150 מ""ל",מיליליטרים,150.00,"100 מ""ל",false,1,19.90,13.2667,true,1,118815
7290107956925,true,קפסולות קפה אספרסו 1,שטראוס קפה בי.וי.,IL,קפסולות 13 אוגנדה למכונות NESPRESSO,לא מנהל יחידת מידה,0.00,לא מנהל יחידת מידה,false,1,16.90,0.0000,true,1,123141
7290107956932,true,קפסולות אינדונזיה,הנסיך- מפעל לייצור ט,IL,קפסולות 12 אינדונזיה למכונות NESPRESSO,Unknown,0.00,Unknown,false,1,16.90,0.0000,true,1,122456
7290107957991,false,מילקי מינייס 144 גרם,בובארד איטליה אס.פי.,IT,מילקי מינייס,גרמים,144.00,100 גרם,false,1,14.90,10.3472,true,1,122511
7290107971751,false,מי פה קולגייט טוטל כ,קולגייט- פלמוליב,PL,קולגייט מי פה טוטל כחול 500 מל,מיליליטרים,500.00,"100 מ""ל",false,1,31.90,6.3800,true,1,114294
7290107973014,false,פלמוליב סבון ידיים ח,הנסיך- מפעל לייצור ט,TR,"פלמוליב סבון ידיים חלב ודבש 300 מ""ל",מיליליטרים,300.00,"100 מ""ל",false,1,9.90,3.3000,true,1,117397
7290107973311,false,קולגייט מברשת שיניים,קולגייט פלמוליב,,קולגייט 360 מברשת שיניים גולד 2 יח',לא מנהל יחידת מידה,0.00,לא מנהל יחידת מידה,false,1,33.90,0.0000,true,1,114322
7290107973809,false,מנה קוביות עגבניות,פראנו אריקו ופיגלי ס,IT,מאסטר שף קוביות עגבניות איטלקיות 400 גרם,גרמים,400.00,100 גרם,false,1,6.20,1.5500,true,1,114737
7290107974066,false,עלי טורטיה קמח מלא 3,אורגניק,DE,עלי טורטיה קמח מלא 320 גרם,גרמים,320.00,100 גרם,false,1,10.90,3.4063,true,1,114459
7290107974073,false,עלי טורטיה קמח לבן 3,הנסיך- מפעל לייצור ט,DE,מאסטר שף עלי טורטיה קמח לבן 320 גר,גרמים,320.00,100 גרם,false,1,10.90,3.4063,true,1,114457
7290107974080,false,עלי טורטיה קמח לבן 8,הדקלאים אגודת שיתופי,DE,מאסטר שף עלי טורטייה קמח חיטה 756 גרם,גרמים,840.00,100 גרם,false,1,19.90,2.3690,true,1,114458
7290107974301,true,ספיד סטיק ליידי גל א,הנסיך- מפעל לייצור ט,US,ליידי ספיד סטיק דאודורנט אלוורה ג'ל 65 גרם,Unknown,0.00,Unknown,false,1,19.90,0.0000,true,1,126595
7290107975360,true,ליידי גל פיור,הנסיך- מפעל לייצור ט,US,ליידי גל פיור,Unknown,0.00,Unknown,false,1,19.90,0.0000,true,1,135708
7290107978323,false,איטריות דקיקות מאסטר,הדקלאים אגודת שיתופי,PL,"מאסטר שף, אטריות דקיקות, 400 גרם",גרמים,400.00,100 גרם,false,1,6.50,1.6250,true,1,117126
7290107978330,false,איטריות דקות מאסטר ש,הדקלאים אגודת שיתופי,PL,מאסטר שף אטריות דקות 400 גרם,גרמים,400.00,100 גרם,false,1,6.50,1.6250,true,1,117127
7290107979184,false,קוקי תבנית אלומיניום,HAI PLASTIC,CN,קוקי תבנית אלומיניום עם נייר אפייה גדול,יחידה,1.00,יחידה,false,1,13.90,13.9000,true,1,117727
7290107979191,false,קוקי תבנית אלומיניום,HAI PLASTIC,CN,קוקי תבנית אלומיניום עם נייר אפייה ענק,יחידה,1.00,יחידה,false,1,13.90,13.9000,true,1,117728
7290108200225,true,וניש גולד אבקה ורוד,השחר,IT,מסיר כתמים אבקה וניש קליה 470 גרם,גרמים,470.00,100 גרם,false,1,17.90,3.8085,true,1,112069
7290108350203,false,כריות קרצוף עם ספוג,UFO,US,כריות קרצוף עם ספוג מקציף 6 יחידות,לא מנהל יחידת מידה,0.00,לא מנהל יחידת מידה,false,1,9.90,0.0000,true,1,114479
7290108350531,false,נוזל כלים סנו ספארק,סנו מפעלי ברונוס בעמ,IL,ספארק משאבה קלאסי 1ל,ליטרים,1.00,ליטר,false,1,11.90,11.9000,true,1,111773
7290108350685,false,מנקה למדיח כלים סנו,סנו,IL,ספארק מנקה מדיח כלים 250 מל,מיליליטרים,250.00,"100 מ""ל",false,1,13.90,5.5600,true,1,119560
7290108350722,false,אורביטול קידס 6+ בוב,טרופיקל דגיל תעשיות,IL,אורביטול קידס 6+ בוב ספוג 70גרם,גרמים,70.00,100 גרם,false,1,9.90,14.1429,true,1,132388
7290108351507,false,מרכך כביסה מקסימה 4ל,הורביץ סחר,IL,מרכך כביסה מקסימה 4ליטר SOFT SILK,ליטרים,4.00,ליטר,false,1,22.90,5.7250,true,1,115323
7290108351545,false,סנו פרש הום יבש סופט,סנו מפעלי ברונוס בעמ,IL,מבשם לבית - בניחוח מרכך כביסה soft silk,לא מנהל יחידת מידה,0.00,לא מנהל יחידת מידה,false,1,11.90,0.0000,true,1,121976
7290108351552,false,סנו גט פלוס לניקוי כ,"סנו מפעלי ברונוס בע""",IL,גט לניקוי כללי - בתוספת חומץ לניקוי והברקה בקלות,מיליליטרים,750.00,"100 מ""ל",false,1,13.90,1.8533,true,1,118709
7290108351613,false,ריצפז פרש הום,"סנו מפעלי ברונוס בע""",IL,'רצפז פ.הום מלון חלומי 2 ליטר,ליטרים,0.00,ליטר,false,1,21.90,0.0000,true,1,117649
7290108351705,false,סנו מקסימה פניני ביש,value smart prodacts,US,פניני בישום לכביסה fresh linen,יחידה,1.00,יחידה,false,1,30.90,30.9000,true,1,137234
7290108351767,false,מטהר אוויר חשמלי + מ,"יצרן מכשיר: זובלה, ש",CN,"סנו פרש, מכשיר אוטומטי לבישום אויר",לא מנהל יחידת מידה,0.00,לא מנהל יחידת מידה,false,1,39.90,0.0000,true,1,123917
7290108351996,true,מתז בייבי לחיטוי וני,"סנו מפעלי ברונוס בע""",IL,סנו מחטא ומשמיד חיידקים עוצמתי 750 מל,Unknown,0.00,Unknown,false,1,16.90,0.0000,true,1,125998
7290108352009,false,טבליות מדיח לניקוי כ,Grupa inco,PL,סנו ספארק 50 קפסולות למדיח,לא מנהל יחידת מידה,0.00,לא מנהל יחידת מידה,false,1,39.90,0.0000,true,1,129494
7290108352221,false,סנו פרש הום מלון מפנ,סנו מפעלי ברונוס בעמ,IL,מבשם לבית בניחוח מלון מפנק 350 מל,מיליליטרים,350.00,"100 מ""ל",false,1,15.90,4.5429,true,1,130190
7290108352252,false,נוזל כלים ספארק 1 לי,"סנו מפעלי ברונוס בע""",IL,נוזל כלים ספארק 1 ליטר משאבה ללא בישום,ליטרים,1.00,ליטר,false,1,11.90,11.9000,true,1,130508
7290108352337,false,סנו פרש אוטומטיק מלו,סנו מפעלי ברונוס בעמ,IL,מבשם לבית בניחוח מלון מפנק 250 מל,מיליליטרים,250.00,"100 מ""ל",false,1,17.90,7.1600,true,1,130193
7290108352344,false,סנו פרש אוטומטיק מלו,סנו מפעלי ברונוס בעמ,IL,מבשם לבית בניחוח מלון בוטיק 250 מל,מיליליטרים,250.00,"100 מ""ל",false,1,17.90,7.1600,true,1,130192
7290108352351,false,סנו תרסיס לחיטוי 99.,"סנו מפעלי ברונוס בע""",IL,99.9% תרסיס לחיטוי 400 מל,מיליליטרים,400.00,"100 מ""ל",false,1,21.90,5.4750,true,1,129927
7290108352382,false,סנו 20 מגבוני חיטוי,טרופיקל דגיל תעשיות,IL,סנו 99.9% מטליות לחות לחיטוי 20 יח,יחידה,1.00,יחידה,false,1,11.90,11.9000,true,1,130770
7290108352399,false,ריצפז פרש הום מרכך כ,סנו,IL,ריצפז פרש הום מרכך כביסה מקסימה פלורל 2,ליטרים,2.00,ליטר,false,1,21.90,10.9500,true,1,142727
7290108352818,false,מטלית לשיש במבוק,צ'נצ'גן גולי מוצרי צ,CN,סנו סושי מטלית במבוק לניקוי,לא מנהל יחידת מידה,0.00,לא מנהל יחידת מידה,false,1,7.90,0.0000,true,1,124519
7290108353013,false,סנו סושי תבניות אפיה,גיינגין נייס,CN,סנו סושי תבניות אפיה מנייר 5 יח - אינגל,יחידה,1.00,יחידה,false,1,11.90,11.9000,true,1,137100
7290108353020,false,סנו סושי תבניות אפיה,גיינגין נייס,CN,סנו סושי- תבניות אפייה מנייר,יחידה,1.00,יחידה,false,1,11.90,11.9000,true,1,137101
7290108353037,false,סנו סושי תבנית אפייה,מיוצר עי קונדיטוריית,CN,סנו סושי- תבניות אפייה מנייר,יחידה,1.00,יחידה,false,1,11.90,11.9000,true,1,137102
7290108353044,false,סנו סושי תבניות אפיה,מיוצר עי קונדיטוריית,CN,תבניות אפייה מנייר L,יחידה,1.00,יחידה,false,1,10.90,10.9000,true,1,130567
7290108353068,false,כרית קרצוף עם סיני נ,מיוצר עי קונדיטוריית,CN,כרית קרצוף עם סיבי נירוסטה,יחידה,1.00,יחידה,false,1,10.90,10.9000,true,1,129179
7290108353099,false,סנו סופט ממחטות אף 1,איימי פייפר,CN,סנו סופט - 500 ממחטות אף דו שכבתיות נשלפות אחת אחת,יחידה,1.00,יחידה,false,1,15.90,15.9000,true,1,127868
7290108353402,false,מברשת שיניים אורביטו,Z.H.T PLASTICS China,CN,מברשת שיניים אורביטול צארקול זוג,יחידה,1.00,יחידה,false,1,19.90,19.9000,true,1,128770
7290108353501,false,שקיות אשפה סנו סושי,"סנאט גרופ, טורקיה",TR,שקיות אשפה סנו סושי עם ידית - 25 יח,יחידה,1.00,יחידה,false,1,19.90,19.9000,true,1,128707
7290108353518,false,סנו סושי תבניות אלומ,יויו טינואט,CN,סנו סושי תבניות אלומיניום XL עם ידית - 2,יחידה,1.00,יחידה,false,1,11.90,11.9000,true,1,128708
7290108353525,false,סנו סושי תבניות אלומ,יויו טינואט,CN,סנו סושי תבניות אלומיניום L עם ידית - 4,יחידה,1.00,יחידה,false,1,11.90,11.9000,true,1,128709
7290108353532,false,שקיות אשפה סנו סושי,Elif,TR,שקיות אשפה סנו סושי עם שרוך - 100 יח,יחידה,1.00,יחידה,false,1,29.90,29.9000,true,1,137475
7290108353686,false,סנו סושי מטלית חלומי,נינגבו סנבנג,CN,סנו סושי- מטלית חלומית לריצפה 1 יח,יחידה,1.00,יחידה,false,1,11.90,11.9000,true,1,139899
7290108354263,false,אורביטול קידס 6+ חד,טרופיקל דגיל תעשיות,IL,אורביטול קידס 6+ חד קרן 70גרם,גרמים,70.00,100 גרם,false,1,9.90,14.1429,true,1,132387
7290108354836,false,קרם ידיים מרוכז קרמה,קוסמופארם,IL,קרם ידיים מרוכז קרמה בישום עדין 50 מל,מיליליטרים,50.00,"100 מ""ל",false,1,14.90,29.8000,true,1,130865
7290108354973,false,סבון ידיים קרמה ורד,"קוסמופארם בע""מ",IL,קרמה סבון ידיים ורד ווניל 300 מל,Unknown,0.00,Unknown,false,1,10.00,0.0000,true,1,130866
7290108356151,false,כיף תחליב רחצה מילק,קוסמופארם בעמ,IL,"כיף תחליב רחצה מאסק ויסמין, 700 מל",מיליליטרים,700.00,"100 מ""ל",false,1,12.90,1.8429,true,1,123932
7290108356168,false,כיף תחליב רחצה מילק,קוסמופארם בעמ,IL,"כיף תחליב רחצה אוקיינוס, 700 מל",מיליליטרים,700.00,"100 מ""ל",false,1,12.90,1.8429,true,1,123931
7290108356281,false,כיף תחליב רחצה קופיפ,גוד פוד פרודקטס S.p,IL,"כיף תחליב רחצה קופיפי 700 מ""ל",מיליליטרים,700.00,"100 מ""ל",false,1,12.90,1.8429,true,1,129815
7290108356564,false,קרליי מרכך 10 לשיער,סנו,IL,קרליי מרכך 10 לשיער רגיל 700 מל,מיליליטרים,700.00,"100 מ""ל",false,1,13.90,1.9857,true,1,142735
7290108357011,false,מרכך כיף ורד ושמן קו,טרופיקל דגיל תעשיות,IL,"כיף מרכך ורד ושמן קוקוי לרכות וברק 700 מ""ל",מיליליטרים,700.00,"100 מ""ל",false,1,12.90,1.8429,true,1,128550
7290108357189,false,מבשם מקסימה למייבש F,"איי, בי, אינבוו",IL,מבשם מקסימה למייבש FLORAL TOUCH,יחידה,1.00,יחידה,false,1,18.90,18.9000,true,1,128711
7290108357196,false,מתז לניקוי סנו גט תמ,סנו,IL,"מתז לניקוי סנו גט תמצית עץ, 750 מ""ל",מיליליטרים,750.00,"100 מ""ל",false,1,13.90,1.8533,true,1,140204
7290108357707,false,כיף שמפו לשיער רגיל,גוד פוד פרודקטס S.p,IL,כיף שמפו לשיער רגיל תפוח זרעי ציה 700 מ,מיליליטרים,700.00,"100 מ""ל",false,1,12.90,1.8429,true,1,124790
7290108357776,false,כיף מרכך לשיער יבש ר,גוד פוד פרודקטס S.p,IL,כיף מרכך לשיער יבש רימונים ושמן ארג700 מ,מיליליטרים,700.00,"100 מ""ל",false,1,12.90,1.8429,true,1,125117
7290108357875,false,כיף שמפו לחות מוגברת,קוסמופארם,IL,כיף שמפו לחות מוגברת אפרסק 700 מל,מיליליטרים,700.00,"100 מ""ל",false,1,12.90,1.8429,true,1,142747
7290108359077,false,סופט לושן ממחטות אף,Solo Soft,EG,סופט לושן ממחטות אף 120 יחידות,יחידה,1.00,יחידה,false,1,13.90,13.9000,true,1,142749
7290108359855,false,שמפו אל דמע בייבי כי,קוסמופארם בעמ,IL,"בייבי כיף שמפו אל דמע, 750 מל",מיליליטרים,750.00,"100 מ""ל",false,1,18.90,2.5200,true,1,123926
7290108359893,false,תחליב רחצה בייבי כיף,קוסמופארם בעמ,IL,"בייבי כיף תחליב רחצה לעור רגיש, 750 מל",מיליליטרים,750.00,"100 מ""ל",false,1,18.90,2.5200,true,1,123925
7290108503043,false,תפוחונים מיובשים מאר,הביי דונגפנג פוד קו.,CN,תפוחונים מיובשים מארז 3+1 88 גרם,גרמים,88.00,100 גרם,false,1,14.90,16.9318,true,1,125025
7290108503142,false,לזניה FRESCA ITALIA,ויליפוד,IT,לזניה FRESCA ITALIANA 500 גרם,גרמים,500.00,100 גרם,false,1,11.90,2.3800,true,1,125308
7290108503975,false,קנלוני 250 גרם PAS,ויליפוד,IT,קנלוני 250 גרם PASTA ITALIANA,גרמים,250.00,100 גרם,false,1,11.90,4.7600,true,1,125309
7290108509267,false,פסטה עם רוטב גבינה 2,אלסקה,UA,פסטה עם רוטב גבינה 206 גרם,גרמים,206.00,100 גרם,false,1,9.90,4.8058,true,1,141693
7290108941692,false,כריך שמיניה סלט ביצי,עינת,IL,כריך שמיניה סלט ביצים,גרמים,240.00,100 גרם,false,1,18.90,7.8750,true,1,134245
7290109351209,false,קרחון שרבט לה פרוטה,תות תעשיות מזון (201,IL,קרחון שרבט לה פרוטה אננס תפוז 70 גרם,גרמים,70.00,100 גרם,false,1,6.90,9.8571,true,1,113424
7290109354996,false,ביסקוויט פתיבר ללא ג,מיוצר עי קונדיטוריית,IL,אסם פתי בר ללא גלוטן שוקו 12*200גרם,גרמים,200.00,100 גרם,false,1,11.90,5.9500,true,1,115061
7290109355504,false,שלגון קראנץ וניל נוג,נטו מלינדה-בשר,IL,נסטלה קראנץ ונל.ליבת נגט.שקלד.לבן28*100ג,גרמים,100.00,100 גרם,false,1,10.50,10.5000,true,1,115316
7290109358482,false,קרמוגית אסם במילוי ח,היינץ צפון אמריקה מק,IL,אסם קרמוגית במילוי חלבה 12*200גרם,גרמים,200.00,100 גרם,false,1,11.90,5.9500,true,1,124561
7290109580098,false,קבנוס בטעם סרירצה 13,זוגלובק,IL,קבנוס בטעם סרירצה 135 גרם,גרמים,135.00,100 גרם,false,1,12.50,9.2593,true,1,142433
7290109580432,false,פסטרמה חזה הודו מעוש,זוגלובק,IL,פסטרמה חזה הודו מעושן 120 גר דק דק,גרמים,120.00,100 גרם,false,1,14.90,12.4167,true,1,143443
7290110059712,false,רחפן משיכה עם סוכריו,,,רחפן משיכה עם סוכריות קשות מניונים יחיד,לא מנהל יחידת מידה,0.00,לא מנהל יחידת מידה,false,1,5.90,0.0000,true,1,118001
7290110110352,false,קרלסברג 0.0 בק 330 מ,קרלסברג רומניהיבואן:,RO,"קרלסברג 0.0 בק 330 מ""ל ייבוא",מיליליטרים,330.00,"100 מ""ל",false,1,4.90,1.4848,true,1,129031
7290110110659,false,ספרייט פחית סליק 330,תות תעשיות מזון (201,IL,"סליק ספרייט LIME 330 מ""ל מבצע",מיליליטרים,330.00,"100 מ""ל",false,1,5.90,1.7879,true,1,120132
7290110113421,false,בירה קרלסברד LUMA בק,מולינו ניקולי s.p.a,IL,קרלסברג LUMA בק 330 בודד,מיליליטרים,330.00,"100 מ""ל",false,1,9.90,3.0000,true,1,130170
7290110113926,false,פאנטה ZERO אורנג 500,החברה המרכזית לייצור,IL,פאנטה ZERO אורנג 500 מל,מיליליטרים,500.00,"100 מ""ל",false,1,7.50,1.5000,true,1,140372
7290110114787,false,מי נביעות +בטעם תפוח,תות תעשיות מזון (201,IL,נביעות+ בטעם תפוח 1.5 ליטר,ליטרים,1.50,ליטר,false,1,9.90,6.6000,true,1,141583
7290110114794,false,מי נביעות +בטעם אפרס,"איטיליאן פוד, אס.פי.",IL,מי נביעות +בטעם אפרסק 1.5 ליטר,ליטרים,1.50,ליטר,false,1,9.90,6.6000,true,1,141584
7290110114800,false,מי נביעות +בטעם ענבי,פארייפאבה אגרואינדוס,IL,נביעות + בטעם ענבים 1.5 ליטר,ליטרים,1.50,ליטר,false,1,9.90,6.6000,true,1,141585
7290110114817,false,נביעות+ רכיבי פרי מנ,פארייפאבה אגרואינדוס,IL,נביעות +פרי בטעם מנגו 1.5 ליטר,ליטרים,1.50,ליטר,false,1,10.90,7.2667,true,1,141586
7290110114824,false,נביעות+ רכיבי פרי אב,פארייפאבה אגרואינדוס,IL,נביעות + פרי בטעם אבטיח 1.5 ליטר,ליטרים,1.50,ליטר,false,1,10.90,7.2667,true,1,141587
7290110114831,false,נביעות+ רכיבי פרי אנ,פארייפאבה אגרואינדוס,IL,נביעות + פרי בטעם אננס 1.5 ליטר,ליטרים,1.50,ליטר,false,1,10.90,7.2667,true,1,141588
7290110114855,false,מים נביעות שישייה בק,תות תעשיות מזון (201,IL,מים נביעות שישייה בקבוק 1.5 ליטר,ליטרים,9.00,ליטר,false,6,13.90,1.5444,true,1,141590
7290110114961,false,משקל פריגת תפוזים 1.,מולינו ניקולי s.p.a,IL,"פריגת תפוזים, 1.5 ליטר",ליטרים,1.50,ליטר,false,1,9.90,6.6000,true,1,141597
7290110114985,false,משקל פריגת אשכוליות,מולינו ניקולי s.p.a,IL,פריגת בטעם אשכוליות 1.5 ליטר,ליטרים,1.50,ליטר,false,1,9.90,6.6000,true,1,141599
7290110114992,false,משקל פריגת דיאט אשכו,מולינו ניקולי s.p.a,IL,פריגת טעם אשכוליות דל קלוריות 1.5 ליטר,ליטרים,1.50,ליטר,false,1,9.90,6.6000,true,1,141600
7290110115005,false,משקל פריגת ענבים 1.5,מולינו ניקולי s.p.a,IL,משקה קל פירות ענבים תפוחים,ליטרים,1.50,ליטר,false,1,9.90,6.6000,true,1,141601
7290110115036,false,משקל פריגת מנגו 1.5,מולינו ניקולי s.p.a,IL,משקל פריגת מנגו 1.5 ליטר,ליטרים,1.50,ליטר,false,1,9.90,6.6000,true,1,141604
7290110115043,false,משקל פריגת לימונענע,מולינו ניקולי s.p.a,IL,משקה קל פירות לימונענע,ליטרים,1.50,ליטר,false,1,9.90,6.6000,true,1,141605
7290110115050,false,משקל פריגת תות בננה,מולינו ניקולי s.p.a,IL,משקל פריגת תות בננה 1.5 ליטר,ליטרים,1.50,ליטר,false,1,9.90,6.6000,true,1,141606
7290110115081,false,משקל פריגת צלול ענבי,תות תעשיות מזון (201,IL,פריגת צלול משקה קל ענבים תפוחים,ליטרים,1.50,ליטר,false,1,9.90,6.6000,true,1,141608
7290110115104,false,משקל פריגת צלול אפרס,מולינו ניקולי s.p.a,IL,פריגת צלול משקה קל אפרסקים תפוחים,ליטרים,1.50,ליטר,false,1,9.90,6.6000,true,1,141610
7290110115111,false,משקל פריגת צלול אננס,תות תעשיות מזון (201,IL,פריגת צלול משקה קל אננס,ליטרים,1.50,ליטר,false,1,9.90,6.6000,true,1,141611
7290110115289,false,ספרייט 19 קל לימון-נ,תות תעשיות מזון (201,IL,ספרייט 19 קל' לימון-נענע 1.5 ליטר,ליטרים,1.50,ליטר,false,1,8.90,5.9333,true,1,141626
7290110115296,false,פאנטה אורנג בקבוק 1.,תות תעשיות מזון (201,IL,פאנטה אורנג' 1.5 ליטר,ליטרים,1.50,ליטר,false,1,8.90,5.9333,true,1,141627
7290110115319,false,פאנטה אקזוטיק בקבוק,פארייפאבה אגרואינדוס,IL,פאנטה אקזוטיק 1.5 ליטר,ליטרים,1.50,ליטר,false,1,8.90,5.9333,true,1,141629
7290110115364,false,קוקה קולה שישייה בקב,תות תעשיות מזון (201,IL,קוקה קולה שישיות 1.5 ליטר,ליטרים,9.00,ליטר,false,6,49.90,5.5444,true,1,141633
7290110115418,false,קוקה קולה זירו שישיי,תות תעשיות מזון (201,IL,קולה ZERO שישיות 1.5 ליטר,ליטרים,9.00,ליטר,false,6,47.90,5.3222,true,1,141638
7290110115449,false,תה קר FUZE TEA מנגו,מולינו ניקולי s.p.a,IL,פיוזטי מנגו אננס 1.5 ליטר,ליטרים,1.50,ליטר,false,1,9.90,6.6000,true,1,141641
7290110115463,false,תה קר FUZE TEA אפרסק,מולינו ניקולי s.p.a,IL,פיוזטי אפרסק 1.5 ליטר,ליטרים,1.50,ליטר,false,1,9.90,6.6000,true,1,141643
7290110115494,false,תה קר FUZE TEA ענבים,תות תעשיות מזון (201,IL,פיוזטי ענבים 1.5 ליטר,ליטרים,1.50,ליטר,false,1,9.90,6.6000,true,1,141646
7290110115586,false,פריגת משקל 40% פ.סוכ,מולינו ניקולי s.p.a,IL,"פריגת משק""ל תפוזים 40% פחות סוכר 1.5 ליטר",ליטרים,1.50,ליטר,false,1,9.90,6.6000,true,1,141650
7290110115593,false,פריגת משקל 40% פ.סוכ,מולינו ניקולי s.p.a,IL,"פריגת משק""ל אשכוליות 40% פחות סוכר 1.5 ליטר",ליטרים,1.50,ליטר,false,1,9.90,6.6000,true,1,141651
7290110115616,false,ZERO פיוז טי גרין אנ,מולינו ניקולי s.p.a,IL,פיוזטי ZERO גרין אננס 1.5 ליטר,ליטרים,1.50,ליטר,false,1,9.90,6.6000,true,1,141717
7290110115623,false,ZERO פיוז טי אפרסק 1,מולינו ניקולי s.p.a,IL,פיוזטי ZERO אפרסק 1.5 ליטר,ליטרים,1.50,ליטר,false,1,9.90,6.6000,true,1,141718
7290110115661,false,ZERO פיוז טי אפרסק 5,מולינו ניקולי s.p.a,IL,פיוזטי ZERO אפרסק 0.5 ליטר,מיליליטרים,500.00,"100 מ""ל",false,1,8.50,1.7000,true,1,141715
7290110115777,false,מים נביעות בקבוק 1.5,נביעות,,מים נביעות בקבוק 1.5 ליטר,ליטרים,1.50,ליטר,false,1,4.20,2.8000,true,1,141738
7290110115821,false,ספרייט בקבוק 1.5 ליט,כלורוקס אוקלנד,IL,ספרייט בקבוק 1.5 ליטר,ליטרים,1.50,ליטר,false,1,8.90,5.9333,true,1,141624
7290110115845,false,קוקה קולה בקבוק 1.5,"אינסטנטה בע""מ",IL,קוקה קולה בקבוק 1.5 ליטר,ליטרים,1.50,ליטר,false,1,8.90,5.9333,true,1,141618
7290110115869,false,קוקה קולה זירו בקבוק,תות תעשיות מזון (201,IL,קוקה קולה זירו בקבוק 1.5 ליטר,ליטרים,1.50,ליטר,false,1,8.90,5.9333,true,1,141620
7290110115876,false,סודה קינלי 1.5 ליטר,"אינסטנטה בע""מ",IL,סודה קינלי 1.5 ליטר,ליטרים,1.50,ליטר,false,1,5.20,3.4667,true,1,141632
7290110116064,false,ZERO פאנטה פירות יר,החברה המרכזית למשקאו,IL,ZERO,ליטרים,1.50,ליטר,false,1,8.90,5.9333,true,1,143392
7290110116125,false,סירופ בטעם פטל 750 מ,פריגת,IL,סירופ בטעם פטל 750 מל,מיליליטרים,750.00,"100 מ""ל",false,1,24.90,3.3200,true,1,145261
7290110116200,false,נביעות + לימון ליים,החברה המרכזית למשקאו,IL,"נביעות + לימון ליים 0 קלוריות 500 מ""ל",מיליליטרים,500.00,"100 מ""ל",false,1,7.00,1.4000,true,1,144896
7290110116217,false,נביעות +0 קלוריות אש,החברה המרכזית למשקאו,IL,נביעות +0 קלוריות אשכולית 1.5 ליטר,ליטרים,1.50,ליטר,false,1,9.90,6.6000,true,1,144893
7290110116385,false,קולה קולה זירו סטאפ,החברה המרכזית למשקאו,IL,קולה קולה זירו סטאפני 330 מל,מיליליטרים,330.00,"100 מ""ל",false,1,7.50,2.2727,true,1,143917
7290110116392,false,סירופ בטעם תפוזים 75,פריגת,IL,סירופ בטעם תפוזים 750 מל,מיליליטרים,750.00,"100 מ""ל",false,1,24.90,3.3200,true,1,145264
7290110320850,false,פתיתי עמק בשקית 200,"תנובה, מחלבת תל יוסף",IL,עמק פתיתים 28% שומן 200 גרם,גרמים,200.00,100 גרם,false,1,16.90,8.4500,true,1,118266
7290110320935,false,פרוסות מוצרלה 150 גר,תנובה מחלבת תל יוסף,IL,פרוסות מוצרלה קולקשיין 150 גרם,גרמים,150.00,100 גרם,false,1,17.90,11.9333,true,1,118126
7290110321277,false,קוטג בקטנה 5% 100 גר,"תנובה, מחלבת אלון תב",IL,תנובה קוטג' 5% בקטנה 100 גרם,גרמים,100.00,100 גרם,false,1,2.70,2.7000,true,1,119386
7290110321284,false,קוטג בקטנה 9% 100 גר,"תנובה, מחלבת אלון תב",IL,תנובה קוטג' 9% בקטנה 100 גרם,גרמים,100.00,100 גרם,false,1,2.70,2.7000,true,1,119387
7290110321697,false,יוגורט יופלה GO אפרס,מחלבת אלון תבור,IL,יוגורט עם אפרסק בתוספת חלבוני חלב,גרמים,200.00,100 גרם,false,1,6.30,3.1500,true,1,120248
7290110321789,false,קרם מסקרפונה250גרם,תנובה,IL,קרם מסקרפונה250גרם,גרמים,250.00,100 גרם,false,1,22.90,9.1600,true,1,120509
7290110322014,false,טופו טבעי 300 גרם,סוי מג'ק,IL,טופו טבעי 300 גרם,גרמים,300.00,100 גרם,false,1,13.90,4.6333,true,1,122113
7290110322021,false,טופו בזיליקום 300 גר,סוי מג'ק,IL,טופו בטעם בזיליקום,גרמים,300.00,100 גרם,false,1,13.90,4.6333,true,1,122112
7290110322038,false,טופו פקנטי 300 גרם,סוי מג'ק,IL,טופו פקנטי 300 גרם,גרמים,300.00,100 גרם,false,1,13.90,4.6333,true,1,122111
7290110322946,true,יופלה טיוב יוגורט במ,תנובה בעמ,IL,יופלה טיוב יוגורט במרקם חלק בטעם תות בננ,גרמים,350.00,100 גרם,false,1,13.50,3.8571,true,1,123687
7290110323073,false,משקה יוגורט יופלה G,תנובה בעמ,IL,משקה יוגורט יופלה GO 20 מועשר בחלבון תו,מיליליטרים,236.00,"100 מ""ל",false,1,6.90,2.9237,true,1,123690
7290110323301,false,גבינה צהובה טל העמק,תנובה,IL,גבינה צהובה טל העמק 32% שומן 200 גרם,גרמים,200.00,100 גרם,false,1,19.90,9.9500,true,1,124507
7290110323585,true,יוגורט עם דובדבן מופ,תנובה בעמ,IL,יוגורט עם דובדבן מופחת קולוריות GO200גרם,גרמים,200.00,100 גרם,false,1,6.30,3.1500,true,1,124040
7290110323714,false,משקה קוקוס שקדים תנו,תנובה בעמ,IL,משקה קוקוס שקדים תנובה 1 ליטר,ליטרים,1.00,ליטר,false,1,13.90,13.9000,true,1,124805
7290110324070,false,גבינת חלומי מחלב בקר,"תנובה בע""מ",IL,גבינת חלומי מחלב בקר 22% שומן 200 גרם,גרמים,200.00,100 גרם,false,1,21.90,10.9500,true,1,126896
7290110324711,false,ממרח סויה 9% בטעם טב,"תנובה בע""מ",IL,ממרח סויה 9% בטעם טבעי,גרמים,250.00,100 גרם,false,1,9.90,3.9600,true,1,126539
7290110324858,false,מעדן שקדים בטעם אגוז,תנובה בעמ,IL,מעדן שקדים בטעם אגוזי לוז אלטרנטיב 125 ג,גרמים,125.00,100 גרם,false,1,4.50,3.6000,true,1,128456
7290110324926,false,משקה סויה ללא תוספת,"תנובה בע""מ",IL,משקה סויה ללא תוספת סוכר 1 ליטר,ליטרים,1.00,ליטר,false,1,12.50,12.5000,true,1,128465
7290110325305,false,מעדן סויהGO 20 גרם ח,"תנובה בע""מ",IL,מעדן סויהGO 20 גרם חלבון במתיקות מעודנת 200גרם,גרמים,200.00,100 גרם,false,1,6.20,3.1000,true,1,128459
7290110325312,false,מעדן סויה GO 20 גרם,"תנובה בע""מ",IL,מעדן סויה GO 20 גרם חלבון בטעם תות 200גרם,גרמים,200.00,100 גרם,false,1,6.20,3.1000,true,1,128458
7290110325619,false,משקה שיבולת שועל 1ל,"תנובה בע""מ",IL,משקה שיבולת שועל 1ליטר,ליטרים,1.00,ליטר,false,1,13.90,13.9000,true,1,129056
7290110325701,false,צזיקי יווני פיראוס,מחלבת הרדוף,IL,צזיקי יווני פיראוס 9% על בסיס יוגורט,גרמים,250.00,100 גרם,false,1,13.30,5.3200,true,1,129280
7290110325893,false,תנובה GO אייס קפה 34,"תנובה בע""מ",IL,תנובה GO אייס קפה 340 מל,מיליליטרים,340.00,"100 מ""ל",false,1,8.90,2.6176,true,1,129061
7290110326227,false,יופלה און טופ קורנפל,מחלבת אלון תבור,IL,יופלה און טופ קורנפלקס 157 גרם,גרמים,157.00,100 גרם,false,1,5.20,3.3121,true,1,129521
7290110326234,false,יופלה און טופ כוכבים,מחלבת אלון תבור,IL,יופלה און טופ כוכבים 157 גרם,גרמים,157.00,100 גרם,false,1,5.20,3.3121,true,1,129520
7290110326999,false,משקה חלב עם שוקולד,תנובה,IL,"YOLO משקה חלב עם שוקולד קלאסי 340מ""ל",מיליליטרים,340.00,"100 מ""ל",false,1,7.50,2.2059,true,1,130489
7290110327064,false,משקה קפה שיבולת שועל,תנובה,IL,משקה קפה שיבולת שועל בטעם קרמל 1 ליטר,ליטרים,1.00,ליטר,false,1,12.60,12.6000,true,1,130501
7290110327545,false,יופלה אוןטופ תות תוס,מיוצר עי קונדיטוריית,IL,יופלה אוןטופ תות תוספת פצפוצים מצופים157,גרמים,157.00,100 גרם,false,1,4.90,3.1210,true,1,141994
7290110327798,false,חטיף חלבון גו בטעם ש,"בלמונט קונפקציות בע""",US,חטיף חלבון גו בטעם שוקולד 20גרם חלבון 60,גרמים,60.00,100 גרם,false,1,12.90,21.5000,true,1,133955
7290110327804,false,חטיף חלבון גו בצק עו,"בלמונט קונפקציות בע""",US,חטיף חלבון גו בצק עוגיות 20גרם חלבון 60,גרמים,60.00,100 גרם,false,1,12.90,21.5000,true,1,133956
7290110327811,false,חטיף חלבון גו קוקוס,"בלמונט קונפקציות בע""",US,חטיף חלבון גו קוקוס 20גרם חלבון 60,גרמים,60.00,100 גרם,false,1,12.90,21.5000,true,1,133957
7290110327828,false,חטיף חלבון גו חמאת ב,"בלמונט קונפקציות בע""",US,חטיף חלבון גו חמאת בוטנים 20גרם חלבון 60,גרמים,60.00,100 גרם,false,1,12.90,21.5000,true,1,133958
7290110328016,false,משקה סויה מועשר בחלב,סוי מג'ק,IL,"משקה סויה מועשר בחלבון בטעם אגוזי לוז 250 מ""ל",מיליליטרים,250.00,"100 מ""ל",false,1,6.90,2.7600,true,1,133072
7290110328023,false,משקה סויה מועשר בחלב,סוי מג'ק,IL,"משקה סויה מועשר בחלבון בטעם קפה 250 מ""ל",מיליליטרים,250.00,"100 מ""ל",false,1,6.90,2.7600,true,1,133071
7290110328221,false,יוגורט תנובה נטול לק,תנובה בעמ,IL,יוגורט תנובה נטול לקטוז 3% 200 גרם,גרמים,200.00,100 גרם,false,1,3.90,1.9500,true,1,133007
7290110328436,false,פלח גאודה עיזים בטעם,"תנובה בע""מ",IL,פלח גאודה עיזים בטעם מעודן 29% קולקשיין,גרמים,150.00,100 גרם,false,1,24.90,16.6000,true,1,133574
7290110328474,false,פלח פרמגיאנו רגיאנו,ברטינלי גיאני א.,IT,פלח פרמגיאנו רגיאנו קולקשיין 150 גרם,גרמים,150.00,100 גרם,false,1,30.90,20.6000,true,1,133577
7290110328481,false,פתיתי פרמגאנו רגיאנו,ברטינלי גיאני א.,IT,פתיתי פרמגאנו רגיאנו קולקשיין 100 גרם,גרמים,100.00,100 גרם,false,1,16.90,16.9000,true,1,133578
7290110328610,false,משקה אורז ושקדים ברי,תנובה בעמ,IL,משקה אורז ושקדים בריסטה אלטרנטיב 1 ליטר,ליטרים,1.00,ליטר,false,1,12.90,12.9000,true,1,139839
7290110328627,false,יוגורט GO סמיך 0% בנ,תנובה בעמ,IL,יוגורט GO סמיך 0% בננה קרמל 200 גרם,גרמים,200.00,100 גרם,false,1,6.30,3.1500,true,1,133986
7290110328764,false,יוגורט GO סמיך 0% תו,תנובה בעמ,IL,יוגורט GO סמיך 0% תות 200 גרם,גרמים,200.00,100 גרם,false,1,6.30,3.1500,true,1,133985
7290110328788,false,יוגורט GO סמיך 0% אפ,תנובה בעמ,IL,יוגורט GO סמיך 0% אפרסק 200 גרם,גרמים,200.00,100 גרם,false,1,6.30,3.1500,true,1,133983
7290110328955,false,קוביות גבינת עזים בש,דודוני תעשיית החלב ה,GR,קוביות גבינת עזים בשמן פיראוס 350 גרם,גרמים,350.00,100 גרם,false,1,28.90,8.2571,true,1,142785
7290110329136,false,מעדן חלב גו בטעם שוק,"תנובה בע""מ",IL,מעדן חלב גו בטעם שוקולד 12 חלבון 120גרם,גרמים,120.00,100 גרם,false,1,5.00,4.1667,true,1,141292
7290110329143,false,מעדן חלב גו בטעם וני,"תנובה בע""מ",IL,מעדן חלב גו בטעם וניל 12 חלבון 120גרם,גרמים,120.00,100 גרם,false,1,5.00,4.1667,true,1,141293
7290110329266,false,יוגורט תנובה מחלב עי,תנובה,IL,יוגורט תנובה מחלב עיזים 140 גרם,גרמים,140.00,100 גרם,false,1,6.20,4.4286,true,1,140682
7290110329303,false,פרוסות בטעם צהובה קל,תנובה,IL,פרוסות בטעם צהובה קלאסית אלטרנטיב 200 גר,גרמים,200.00,100 גרם,false,1,22.90,11.4500,true,1,141296
7290110329686,false,משקה חלב GO בטעם עוג,תנובה,IL,משקה חלב GO בטעם עוגיות 340 מל,מיליליטרים,340.00,"100 מ""ל",false,1,8.90,2.6176,true,1,141297
7290110329716,false,משקה חלב עם קפה קפוצ,"תנובה בע""מ",IL,"משקה חלב עם קפה קפוצינו 230 מ""ל",מיליליטרים,230.00,"100 מ""ל",false,1,7.90,3.4348,true,1,143190
7290110329723,false,משקה חלב עם קפה לאטה,"תנובה בע""מ",IL,"משקה חלב עם קפה לאטה 230 מ""ל",מיליליטרים,230.00,"100 מ""ל",false,1,7.90,3.4348,true,1,143191
7290110329730,false,משקה חלב עם קפה שוק,"תנובה בע""מ",IL,"משקה חלב עם קפה שוקולד 230 מ""ל",מיליליטרים,230.00,"100 מ""ל",false,1,7.90,3.4348,true,1,143192
7290110329808,false,סויה אלטרנטיב ביו ת,תנובה,IL,סויה אלטרנטיב ביו תות 150 גרם,גרמים,150.00,100 גרם,false,1,4.70,3.1333,true,1,141779
7290110329815,false,סויה אלטרנטיב ביו מ,תנובה,IL,סויה אלטרנטיב ביו מתיקות מעודנת150 גרם,גרמים,150.00,100 גרם,false,1,4.70,3.1333,true,1,141778
7290110329822,false,סויה אלטרנטיב ביו פ,מיוצר עי קונדיטוריית,IL,סויה אלטרנטיב ביו פירות יער 150 גרם,גרמים,150.00,100 גרם,false,1,4.70,3.1333,true,1,141891
7290110424091,false,מטריה מיני אוטומט אר,,,מטריה מיני אוטומט ארוכה,יחידה,1.00,יחידה,false,1,39.90,39.9000,true,1,128087
7290110472016,false,כבל 2 מטר - TYPE C,,,כבל 2 מטר - TYPE C,יחידה,1.00,יחידה,false,1,39.90,39.9000,true,1,128479
7290110472467,false,מתאם למצת TYPE C,,,מתאם למצת TYPE C,יחידה,0.00,יחידה,false,1,44.90,0.0000,true,1,128318
7290110472474,false,מתאם קיר TYPE C,,,מתאם קיר TYPE C,יחידה,1.00,יחידה,false,1,54.90,54.9000,true,1,128319
7290110474256,false,כבל aux iron man,,,כבל aux iron man,יחידה,1.00,יחידה,false,1,49.90,49.9000,true,1,128314
7290110476267,false,מטען קיר מאושר אפל 2,,,מטען קיר מאושר אפל 2,יחידה,1.00,יחידה,false,1,119.00,119.0000,true,1,132774
7290110552237,false,דנונה פרו 20 חלבון,"שטראוס בריאות בע""מ",IL,דנונה פרו 20גר' ללא סוכר אפרסק מנגו,גרמים,200.00,100 גרם,false,1,5.90,2.9500,true,1,141859
7290110553173,false,אנרג`י פריכיות בטעם,שטראוס גרופ,IL,אנרג`י פריכיות בטעם קרמל 40 גרם,מיליליטרים,40.00,"100 מ""ל",false,1,7.90,19.7500,true,1,143938
7290110553180,false,אנרג`י פריכיות בטעם,שטראוס גרופ,IL,אנרג`י פריכיות בטעם תפוח קינמון 40 גרם,מיליליטרים,40.00,"100 מ""ל",false,1,7.90,19.7500,true,1,143939
7290110553623,false,ציטוס קראנץ צדר חלפי,שטראוס,IL,ציטוס קראנץ צדר חלפיניו 80 גרם,גרמים,80.00,100 גרם,false,1,4.90,6.1250,true,1,144096
7290110554118,false,נודלס מלזי חריף דל,"טרופיקל דגיל בע""מ אז",IL,נודלס מלזי חריף דלישס 350גרם,גרמים,350.00,100 גרם,false,1,26.90,7.6857,true,1,140926
7290110554699,false,קפסולות קפה אספרסו ע,שטראוס קפה בי.וי.,IL,קפסולות קפה אספרסו עולה 50 גרם,גרמים,50.00,100 גרם,false,1,16.90,33.8000,true,1,143923
7290110554705,false,קפסולות קפה אספרסו י,שטראוס קפה בי.וי.,IL,קפסולות קפה אספרסו יוניקו 50 גרם,גרמים,50.00,100 גרם,false,1,16.90,33.8000,true,1,143922
7290110555603,false,שוקולוטה ספלנדיד 360,גאלטס גולון,GR,שוקולוטה ספלנדיד 360 גרם,גרמים,360.00,100 גרם,false,1,21.90,6.0833,true,1,145538
7290110556242,false,שוקולד פרה מריר 100,"שטראוס גרופ בע""מ.",IL,שוקולד פרה מריר 100 גרם,גרמים,100.00,100 גרם,false,1,5.90,5.9000,true,1,144797
7290110557027,false,חומוס הסדרה 50% טחינ,שטראוס,IL,חומוס הסדרה 50% טחינה 400גרם,גרמים,400.00,100 גרם,false,1,14.90,3.7250,true,1,141414
7290110557133,false,מעדן הגולן וניל 125,מיוצר עי קונדיטוריית,IL,מעדן הגולן וניל 125 גרם,גרמים,125.00,100 גרם,false,1,3.20,2.5600,true,1,140894
7290110558284,false,דנונה ביו מולטי 200,שטראוס,IL,דנונה ביו מולטי 200 גרם,מיליליטרים,200.00,"100 מ""ל",false,1,4.50,2.2500,true,1,143548
7290110558666,false,דניאלה בטעם תפוח 88ג,שטראוס,IL,דניאלה בטעם תפוח 88גרם,גרמים,88.00,100 גרם,false,1,4.40,5.0000,true,1,145159
7290110559939,false,נתחי סויה בסגנון שוו,אוכל ביתי ניר עציון,IL,נתחי סויה בסגנון שווארמה ומגדרה דלישס 3,גרמים,350.00,100 גרם,false,1,26.90,7.6857,true,1,142875
7290110560300,false,פריכיות משולשות-פלפל,פרח,IL,פריכיות משולשות- פלפל שחור,גרמים,30.00,100 גרם,false,1,5.90,19.6667,true,1,123773
7290110560317,false,פריכיות משולשות- מלח,פרח,IL,פריכיות משולשות- מלח ים,גרמים,30.00,100 גרם,false,1,5.90,19.6667,true,1,123774
7290110560324,false,פריכיות משולשות אפונ,פרח,IL,פריכיות משולשות- אפונה ירוקה,גרמים,30.00,100 גרם,false,1,5.90,19.6667,true,1,123775
7290110563431,false,משקה קפה קר קלאסי,האי נאם סי או אל.טי.,AT,משקה קפה קר בסגנון קלאסי 1.6%,מיליליטרים,230.00,"100 מ""ל",false,1,7.90,3.4348,true,1,125004
7290110563448,false,משקה קפה קר מעודן 1,האי נאם סי או אל.טי.,AT,"משקה קפה קר בסגנון מעודן 230 מ""ל",מיליליטרים,230.00,"100 מ""ל",false,1,7.90,3.4348,true,1,125005
7290110563462,false,חלב בבקבוק נטול לקטו,מחלבת יטבתה,IL,חלב בבקבוק נטול לקטוז 2%,ליטרים,1.00,ליטר,false,1,8.20,8.2000,true,1,125177
7290110564339,false,חומוס עשיר ב30% טחינ,מיוצר עי קונדיטוריית,IL,חומוס עשיר ב30% טחינה הסדרה המובחרת400,גרמים,400.00,100 גרם,false,1,14.90,3.7250,true,1,119403
7290110564360,false,חומוס עשיר ב40% טחינ,מיוצר עי קונדיטוריית,IL,חומוס עשיר ב40% טחינה הסדרה המובחרת400 d,גרמים,400.00,100 גרם,false,1,14.90,3.7250,true,1,119404
7290110564742,false,משקה קפה קר חזק 1.,האי נאם סי או אל.טי.,AT,משקה קפה קר בסגנון חזק -חדש,מיליליטרים,230.00,"100 מ""ל",false,1,7.90,3.4348,true,1,125006
7290110565527,false,דנונה פרו 20 גרם חלב,"שטראוס בריאות בע""מ",IL,דנונה פרו 20 גר 1.5% שומן,גרמים,200.00,100 גרם,false,1,5.90,2.9500,true,1,118791
7290110566975,false,דנונה פרו 20גרם תות,"שטראוס בריאות בע""מ",IL,דנונה פרו 20 גר תות 0% שומן,גרמים,200.00,100 גרם,false,1,5.90,2.9500,true,1,120511
7290110568276,false,משקה יטבתה פרו וניל,,IL,"משקה יטבתה פרו וניל 350 מ""ל",מיליליטרים,350.00,"100 מ""ל",false,1,6.50,1.8571,true,1,121796
7290110568498,false,קונפיטורת תות במתיקו,"אינסטנטה בע""מ",FR,קונפיטורת תות במתיקות מעודנת 265 ג יד מר,גרמים,265.00,100 גרם,false,1,14.90,5.6226,true,1,125475
7290110576318,false,מארז שלישיית שוקולד,דיפה,FR,מארז שלישיית אגוז לבן (100*3),גרמים,300.00,100 גרם,false,3,27.90,9.3000,true,1,145025
7290110576356,false,ספלנדיד שוקולד מריר,קימ'ס גריפלנן,BE,ספלנדיד שוקולד מריר פרו 64%,גרמים,100.00,100 גרם,false,1,8.90,8.9000,true,1,145149
7290110576370,false,מארז שלישיית שוקולד,שטראוס,IL,מארז שלישיית שוקולד אגוז מריר 100 גרם,גרמים,300.00,100 גרם,false,3,27.90,9.3000,true,1,145026
7290110576752,false,ספלנדיד מריר 70% 100,קימ'ס גריפלנן,BE,ספלנדיד מריר 70% 100 גרם,גרמים,100.00,100 גרם,false,1,9.90,9.9000,true,1,145388
7290110576776,false,ספלנדיד מריר 85% 100,קימ'ס גריפלנן,BE,ספלנדיד מריר 85% 100 גרם,גרמים,100.00,100 גרם,false,1,9.90,9.9000,true,1,145389
7290110577230,false,משקה חלב בטעם פיסטוק,יטבתה,IL,משקה חלב בטעם פיסטוק 1 ליטר,ליטרים,1.00,ליטר,false,1,12.90,12.9000,true,1,145237
7290110730642,false,אייבו- תרופה ללא מרש,,,אייבו- תרופה ללא מרש,לא מנהל יחידת מידה,0.00,לא מנהל יחידת מידה,false,1,25.90,0.0000,true,1,125547
7290110731960,false,תרסיס אף ליינוקס,,,תרסיס אף ליינוקס,יחידה,1.00,יחידה,false,1,29.90,29.9000,true,1,128028
7290111342196,false,מגן תחתון קוטקס נור,קימברלי,VN,מגן תחתון קוטקס נורמל - 76 יח,לא מנהל יחידת מידה,0.00,לא מנהל יחידת מידה,false,1,24.90,0.0000,true,1,129129
7290111344206,false,האגיס מגבונים לחים מ,קימברלי,IL,מגבוני האגיס נטורל קייר מבושם 4*64,לא מנהל יחידת מידה,0.00,לא מנהל יחידת מידה,false,1,23.90,0.0000,true,1,141356
7290111346293,false,מגבת נייר ניקול שישי,חוגלה,IL,מגבת נייר ניקול שישייה מהדורה,יחידה,6.00,יחידה,false,1,12.90,2.1500,true,1,143303
7290111350047,false,תמרים מגולענים קלית,טעמי הגליל,IL,תמרים מגולענים קלית גת 500 גרם,גרמים,500.00,100 גרם,false,1,13.90,2.7800,true,1,123598
7290111350665,false,דבש לחיץ 350 גרם,דולפין ספא,IL,קליית גת דבש לחיץ טהור מפרחי בר 350 גרם,גרמים,350.00,100 גרם,false,1,27.90,7.9714,true,1,123607
7290111350719,false,נאצוס הוטפופ מסעדות,פופז,US,נאצוס הוטפופ מסעדות 332 גרם,גרמים,332.00,100 גרם,false,1,14.90,4.4880,true,1,125518
7290111350726,false,נאצוס הוטפופ מקסיקני,פופז,US,נאצוס הוטפופ מקסיקני 332 גרם,גרמים,332.00,100 גרם,false,1,14.90,4.4880,true,1,125517
7290111351280,false,תערובת אגוזים קלויים,קליית גת,IL,תערובת אגוזים קלויים ללא מלח 150 ג,גרמים,150.00,100 גרם,false,1,19.90,13.2667,true,1,125072
7290111351334,false,תמר מגהול 650 גרם,הדקלאים אגודת שיתופי,IL,קליית גת תמר מג'הול טבעי 650 גרם,גרמים,650.00,100 גרם,false,1,26.90,4.1385,true,1,127535
7290111352430,false,ממרח תמרים טבעי קלי,"כד בני דרום בע""מ",IL,ממרח תמרים טבעי קלייית גת 440 גרם,גרמים,440.00,100 גרם,false,1,14.90,3.3864,true,1,137860
7290111352973,false,קוביות חמוצות 220 גר,סאדאט,TR,קוביות חמוצות ממולאות בטעם פירות,גרמים,220.00,100 גרם,false,1,8.90,4.0455,true,1,138392
7290111564277,false,פיטנס פריכיות 3 דגני,PT,IL,פיטנס פריכיות 3 דגנים דקות 12*120גרם,גרמים,120.00,100 גרם,false,1,10.90,9.0833,true,1,117407
7290111564291,false,פריכיות דקות עם קינו,PT,IL,פיטנס פריכיות דקות עם קינואה 12*120גרם,גרמים,120.00,100 גרם,false,1,10.90,9.0833,true,1,117408
7290111564727,false,קרמוגית במילוי קרם א,מיוצר עי קונדיטוריית,IL,קרמוגית במילוי קרם אגוזים,גרמים,200.00,100 גרם,false,1,11.90,5.9500,true,1,119228
7290111564956,false,ביסלי במבה מיקס 200,אסם,IL,ביסלי במבה מיקס 18*200גרם,גרמים,200.00,100 גרם,false,1,9.90,4.9500,true,1,117935
7290111565038,false,לה קרמריה וניל קוקיל,המאפיה של הרמן,IL,לה קרמריה וניל קוקילידה בדצ6*1.4ליטר חדש,ליטרים,1.40,ליטר,false,1,21.90,15.6429,true,1,120880
7290111565502,false,גלידה סנדויץ אוריאו,ג'נרל מילס סאן אדריא,IT,גלידה סנדויץ אוריאו 80 גרם,גרמים,80.00,100 גרם,false,1,10.50,13.1250,true,1,119335
7290111566127,false,גלידה אוראו סנדביץ מ,ג'נרל מילס סאן אדריא,IT,אוראו מאגדת סנדביץ 8 6*33ג 12364441,גרמים,198.00,100 גרם,false,1,27.60,13.9394,true,1,119333
7290111566271,false,חטיפי תירס טבעול 657,כצט,IL,טבעול חטיפי תירס 6*657גרם,גרמים,657.00,100 גרם,false,1,32.90,5.0076,true,1,119745
7290111568206,false,ביסלי פארטי מיקס 150,פרו מן יו פתרונות אר,IL,ביסלי פארטי מיקס 24*150גרם,גרמים,150.00,100 גרם,false,1,8.90,5.9333,true,1,120537
7290111568275,false,נודלס אטריות אורז רח,תאי פרזידנט,TH,אסם נודלס אטריות אורז רחבות 16*300גרם,גרמים,300.00,100 גרם,false,1,9.90,3.3000,true,1,121773
7290111930911,false,חטיף פוף לבבות קלאסי,,IL,מנה חטיף פוף קלאסי לבבות 40 גרם,גרמים,40.00,100 גרם,false,1,3.50,8.7500,true,1,118318
7290111933554,true,מאסטר שף עגבניות קוב,פראנו אנריקו ופיגלי,IT,מאסטר שף עגבניות קוביות שלשות 400גר*3,קילוגרמים,1.20,"ק""ג",false,1,15.90,13.2500,true,1,123316
7290111937712,false,קוקי רדיד אלומיניום,קוקי,CN,קוקי רדיד אלומיניום עטוף בנייר אפייה 2 ב,יחידה,1.00,יחידה,false,1,11.90,11.9000,true,1,129121
7290111939136,false,קוקי נייר אפייה עגול,קוקי,IL,קוקי נייר אפייה עגול קוטר 26,יחידה,1.00,יחידה,false,1,7.90,7.9000,true,1,129119
7290111939143,false,קוקי נייר אפייה עגול,,IL,קוקי נייר אפייה עגול קוטר 28,יחידה,1.00,יחידה,false,1,7.90,7.9000,true,1,129120
7290112002099,false,קולון גל 2.5 ליטר רג,רקיט בנקיזר,IL,ג'ל כביסה קולון קלאסי 2.5 ליטר,ליטרים,2.50,ליטר,false,1,28.90,11.5600,true,1,128523
7290112005076,false,וניש אבקה חדש ורוד 4,רקיט בנקיזר,IT,וניש אבקה חדש ורוד 480 גרם,גרמים,480.00,100 גרם,false,1,17.90,3.7292,true,1,145156
7290112330352,false,דנונה פרו 20גרם וניל,"שטראוס בריאות בע""מ",IL,דנונה פרו 20 גר וניל 0% שומן,גרמים,200.00,100 גרם,false,1,5.90,2.9500,true,1,125948
7290112330390,false,דנונה פרו 20גרם פירו,"שטראוס בריאות בע""מ",IL,דנונה פרו 20 גר פירות יער 0% שומן,גרמים,200.00,100 גרם,false,1,5.90,2.9500,true,1,125949
7290112332585,false,פרכיות משולשות תפוא,פרח,IL,פריכיות משולשות-סלק,גרמים,30.00,100 גרם,false,1,5.90,19.6667,true,1,126543
7290112332691,false,עוגיית קרם פסק זמן א,תות תעשיות מזון (201,IL,.עוגיית קרם פסק זמן אגוזים,גרמים,200.00,100 גרם,false,1,11.90,5.9500,true,1,126682
7290112332899,false,בזוקה פופים קלאסי 58,רוג'ר אנד רוג'ר,DE,בזוקה פופים קלאסי 58 ג,גרמים,58.00,100 גרם,false,1,9.90,17.0690,true,1,126684
7290112334749,false,קפה טורקי עלית 200גר,שטראוס קפה בי.וי,IL,עלית טורקי שקית 200 ג 10% תוספת,גרמים,200.00,100 גרם,false,1,15.90,7.9500,true,1,127724
7290112335050,false,מרשמלו וניל 150 גרם,המאפיה של הרמן,IL,מרשמלו וניל 150 גר וועסטהיים,גרמים,150.00,100 גרם,false,1,7.90,5.2667,true,1,126171
7290112335487,false,פריכיות טעימות קצח ו,פרח תעשיות,IL,פריכיות טעימות קצח ודגנים 135 גרם,גרמים,135.00,100 גרם,false,1,13.90,10.2963,true,1,125943
7290112335500,false,פריכיות טעימות חלבון,פרח,IL,פריכיות טעימות חלבון 19,גרמים,135.00,100 גרם,false,1,13.90,10.2963,true,1,125945
7290112336644,false,סוכריות ללס לימון 80,פלזנסקי,PL,סוכריות ללס לימון 80 ג חדש,גרמים,80.00,100 גרם,false,1,8.90,11.1250,true,1,129013
7290112336651,false,סוכריות ללס ריבת חלב,פלזנסקי,PL,סוכריות ללס ריבת חלב 80 ג חדש,גרמים,80.00,100 גרם,false,1,8.90,11.1250,true,1,129014
7290112336712,false,דנונה פרו 21 0% 2,"שטראוס בריאות בע""מ",IL,דנונה פרו 21 גר 0% שומן,גרמים,200.00,100 גרם,false,1,5.90,2.9500,true,1,125184
7290112339867,true,גמדים סקוויז תות 10,שטראוס,IL,גמדים סקוויז תות 100 גרם,גרמים,100.00,100 גרם,false,1,5.70,5.7000,true,1,130822
7290112339874,true,גמדים סקוויז תות בננ,שטראוס,IL,גמדים סקוויז תות בננה 100,גרמים,100.00,100 גרם,false,1,5.70,5.7000,true,1,130823
7290112340122,false,פריכיות טעימות 3 דגנ,פרח תעשיות,IL,פריכיות טעימות 3 דגנים 135 גרם,גרמים,135.00,100 גרם,false,1,13.90,10.2963,true,1,125946
7290112340245,false,מסטיק מאסט צנצנת דוב,"שטראוס גרופ בע""מ",IL,צנצנת MUST דובדבן 66 גר,גרמים,66.00,100 גרם,false,1,9.90,15.0000,true,1,125542
7290112340276,false,עוגיית קרם קפה נמס,הגביע מוצרי ופלים בע,IL,פינוקיות קרם קפה נמס,גרמים,200.00,100 גרם,false,1,11.90,5.9500,true,1,126691
7290112343420,false,יטבתה פרו ארוחת בוקר,מחלבת יטבתה,IL,יטבתה פרו ארוחת בוקר 350 מל,מיליליטרים,350.00,"100 מ""ל",false,1,7.40,2.1143,true,1,128541
7290112343499,false,ציטוס פאף 55 גרם,"שטראוס פריטו ליי בע""",IL,צ'יטוס PUFFS בטעם גבינה 55 ג 48 יח,גרמים,55.00,100 גרם,false,1,4.90,8.9091,true,1,140833
7290112344724,false,מילקי בטעם שוקולד בל,שטראוס,IL,מילקי בטעם שוקולד בלונדי 170גרם,גרמים,170.00,100 גרם,false,1,3.50,2.0588,true,1,128536
7290112344786,false,קפה פלטינום קלאסיק 2,הנסיך- מפעל לייצור ט,IL,קפה פלטינום קלאסיק 200 גרם,גרמים,200.00,100 גרם,false,1,27.90,13.9500,true,1,133478
7290112347008,false,גמדים ארוחת בוקר תות,"שטראוס בריאות בע""מ",IL,גמדים ארוחת בוקר תות סקוויז,גרמים,100.00,100 גרם,false,1,5.70,5.7000,true,1,128531
7290112348999,false,פריכיות טעימות תירס,פרח,IL,פריכיות טעימות תירס דקות 135 ג,גרמים,135.00,100 גרם,false,1,13.90,10.2963,true,1,132545
7290112349699,false,פסאטה מחית עגבניות ח,"אינסטנטה בע""מ",IT,פסאטה מחית עגבניות חלקה יד מרדכי 350 גר,גרמים,350.00,100 גרם,false,1,12.90,3.6857,true,1,129215
7290112349736,false,רוטב עגבניות לפסטה ב,אמיליאנה קונסרב סוסי,IT,רוטב עגבניות לפסטה בזיליקום יד מרדכי350ג,גרמים,350.00,100 גרם,false,1,12.90,3.6857,true,1,129214
7290112349750,false,רוטב עגבניות לפיצה 3,יד מרדכי,IL,רוטב עגבניות לפיצה 350 גרם,גרמים,350.00,100 גרם,false,1,12.90,3.6857,true,1,141150
7290112350312,false,קפסולות אספרסו 15 שט,שטראוס קפה בי.וי,IL,קפסולות 15 למכונות NESPRESSO,גרמים,50.00,100 גרם,false,1,16.90,33.8000,true,1,130769
7290112352569,false,משקה חלבון מי גבינה,מחלבת יטבתה,IL,משקה חלבון מי גבינה מבודד בטעם אפרסק 350,מיליליטרים,350.00,"100 מ""ל",false,1,7.50,2.1429,true,1,140878
7290112354945,false,תפוציפס טבעי 50 גרם,שטראוס פריטו ליי בע”,IL,תפוציפס טבעי 50 גרם wavy,גרמים,50.00,100 גרם,false,1,3.90,7.8000,true,1,145318
7290112354952,false,תפוציפס פפריקה 50 גר,שטראוס,IL,תפוציפס פפריקה 50 גרם wavy,גרמים,50.00,100 גרם,false,1,3.90,7.8000,true,1,145319
7290112354969,false,תפוציפס טבעי 200 גרם,שטראוס,IL,תפוציפס טבעי 200 גרם wavy,גרמים,200.00,100 גרם,false,1,9.90,4.9500,true,1,145316
7290112355027,false,דנונה פרו20 גרם חלבו,"שטראוס בריאות בע""מ",IL,דנונה פרו 20 גרם בטעם קרמל מלוח,גרמים,200.00,100 גרם,false,1,5.90,2.9500,true,1,132478
7290112355102,false,גמדים פאוץ סלט פירות,"שטראוס בריאות בע""מ",IL,סקוויז גמדים לדרך סלט פירות 100 גרם,גרמים,100.00,100 גרם,false,1,5.70,5.7000,true,1,132571
7290112358004,false,פסק זמן קראנץ 32גרם,המאפיה של הרמן,TR,פסק זמן קראנץ' 32 גר,גרמים,32.00,100 גרם,false,1,5.90,18.4375,true,1,132190
7290112358219,false,רוטב צילי מתוק 300 ג,אף.סי תבליני בגליל ב,IL,רוטב צילי מתוק 300 גר יד מרדכי,גרמים,300.00,100 גרם,false,1,14.90,4.9667,true,1,130685
7290112358431,false,עד חצות דאבל 200 גרם,שטראוס,IL,עד חצות דאבל 200 גרם,גרמים,200.00,100 גרם,false,1,14.90,7.4500,true,1,133848
7290112490032,true,מרק נמס בכוס תירס 43,יוניליוור ישראל מזון,IL,קנור נמס בכוס מרק תירס 45 גרם,גרמים,43.00,100 גרם,false,1,7.50,17.4419,true,1,123085
7290112490209,true,נמס בכוס עגבניות קרו,יוניליוור ישראל מזון,IL,נמס בכוס עגבניות קרוטונים ר.טבעי 64 גרם,גרמים,64.00,100 גרם,false,1,7.50,11.7188,true,1,123088
7290112490230,true,נמס בכוס אפונה ר.טבע,יוניליוור ישראל מזון,IL,נמס בכוס מרק אפונה - 100% רכיבים טבעיים,גרמים,50.00,100 גרם,false,1,7.50,15.0000,true,1,123089
7290112490735,true,מרק עשיר עגבניות עם,יוניליוור ישראל מזון,IL,מרק עשיר עגבניות עם פסטה – 100% רכיבים ט,גרמים,105.00,100 גרם,false,1,12.90,12.2857,true,1,123091
7290112490742,true,מרק עשיר פטריות עם ג,יוניליוור ישראל מזון,IL,מרק עשיר פטריות עם גריסים – 100% רכיבים,גרמים,104.00,100 גרם,false,1,12.90,12.4038,true,1,123092
7290112492449,false,פינוק שמפו לשיער רגי,יוניליוור ישראל טיפו,IL,PINUK שמפו 2IN1 700 ML,מיליליטרים,700.00,"100 מ""ל",false,1,12.90,1.8429,true,1,129862
7290112492487,false,פינוק שמפו שמן מרוקא,יוניליוור ישראל טיפו,IL,PINUK שמפו 2IN1 700 ML,מיליליטרים,700.00,"100 מ""ל",false,1,12.90,1.8429,true,1,129865
7290112492500,false,פינוק שמפו שמן קוקוס,"יוניליור ישראל, טיפו",IL,PINUK שמפו 2IN1 700 ML,מיליליטרים,700.00,"100 מ""ל",false,1,12.90,1.8429,true,1,130726
7290112492531,true,פינוק מרכך שיער רגיל,יוניליוור ישראל טיפו,IL,PINUK מרכך 700 ML,מיליליטרים,700.00,"100 מ""ל",false,1,12.90,1.8429,true,1,128761
7290112492579,true,פינוק מרכך שמן קוקוס,יוניליוור ישראל טיפו,IL,PINUK מרכך שיער 700 ML,מיליליטרים,700.00,"100 מ""ל",false,1,12.90,1.8429,true,1,130727
7290112492593,true,פינוק תחליב רחצה בני,יוניליוור ישראל טיפו,IL,PINUK סבון נוזלי 700 ML,גרמים,700.00,100 גרם,false,1,12.90,1.8429,true,1,128764
7290112492609,true,פינוק תחליב רחצה לבנ,יוניליוור ישראל טיפו,IL,PINUK סבון נוזלי 700 ML,מיליליטרים,700.00,"100 מ""ל",false,1,12.90,1.8429,true,1,128765
7290112492975,false,קנור מרק טעם עוף כשל,יוניליוור ישראל מזון,IL,קנור מרק בטעם עוף כשר לפסח 400 גרם,גרמים,400.00,100 גרם,false,1,16.90,4.2250,true,1,128996
7290112492999,false,קנור מרק טעם עוף 400,יוניליוור ישראל מזון,IL,קנור מרק טעם עוף 400 גרם,גרמים,400.00,100 גרם,false,1,17.50,4.3750,true,1,128735
7290112493316,true,מרק היום אפונה קנור,יוניליוור ישראל מזון,IL,מרק היום אפונה קנור 117גרם 100% רכיבים,גרמים,117.00,100 גרם,false,1,12.90,11.0256,true,1,127690
7290112493903,false,ננסים בדצ מעדן קפוא,,IL,"מאגדת ננסים בטעמים תות, לימון, קולה ומשמש",גרמים,87.00,100 גרם,false,1,10.90,12.5287,true,1,127630
7290112493927,false,גלידה קרמיסימו ריבת,,IL,גלידה קרמיסימו ריבת חלב 1.33 ליטר,ליטרים,1.33,ליטר,false,1,26.90,20.2256,true,1,128958
7290112494221,false,קליק שקית ביסקוויט 6,יוניליוור ישראל מזון,IL,קליק ביסקוויט 65 גרם,גרמים,65.00,100 גרם,false,1,7.90,12.1538,true,1,128157
7290112494238,false,קליק שקית כדורים חל,יוניליוור ישראל מזון,IL,קליק קליק כדורים 65 גרם,גרמים,65.00,100 גרם,false,1,7.90,12.1538,true,1,128160
7290112494283,false,קליק שקית מעורב חום,יוניליוור ישראל מזון,IL,קליק חום לבן 65 גרם,גרמים,65.00,100 גרם,false,1,7.90,12.1538,true,1,128159
7290112494344,false,קורנפלקס תלמה 850 ג,יוניליוור שפע ישראל,IL,תלמה קורנפלקס של אלופים דגני בוקר 850 גרם,גרמים,850.00,100 גרם,false,1,21.90,2.5765,true,1,129375
7290112494351,false,קורנפלקס תלמה 850 גר,יוניליוור שפע ישראל,IL,תלמה קורנפלקס של אלופים 850 גרם,גרמים,850.00,100 גרם,false,1,21.90,2.5765,true,1,129376
7290112494382,false,קנור פירה ביתי 260 ג,יוניליוור ישראל מזון,IL,פירה בטעם ביתי מוכן ברגע קנור,גרמים,260.00,100 גרם,false,1,14.90,5.7308,true,1,128578
7290112494795,false,בדין גל לכביסה לבנה,"זוהר דליה, קיבוץ דלי",IL,בדין ג'ל כביסה כחול 2.5 ליטר,ליטרים,2.50,ליטר,false,1,27.90,11.1600,true,1,128206
7290112494801,false,בדין גל לכביסה לבנה,זוהר דליה,IL,בדין גל לכביסה לבנה וצבעונית בניחוח בדי,ליטרים,2.50,ליטר,false,1,27.90,11.1600,true,1,128205
7290112494993,false,כריות וניל 686 גרם,יוניליוור שפע ישראל,IL,תלמה דגני בוקר כריות וניל 686 גרם,גרמים,686.00,100 גרם,false,1,29.90,4.3586,true,1,128176
7290112495006,false,כריות נוגט 686 גרם,יוניליוור שפע ישראל,IL,תלמה דגני בוקר כריות נוגט 686 גרם,גרמים,686.00,100 גרם,false,1,29.90,4.3586,true,1,128178
7290112495020,false,כריות צוקולדה 686 גר,יוניליוור שפע ישראל,IL,תלמה דגני בוקר כריות צ'וקולדה 686 גרם,גרמים,686.00,100 גרם,false,1,29.90,4.3586,true,1,128179
7290112495037,false,קוקומן כדורים 375 גר,יוניליוור שפע ישראל,IL,קוקומן כדורים 375 גרם,גרמים,375.00,100 גרם,false,1,22.90,6.1067,true,1,128180
7290112495044,false,קוקומן פיצפוצים 375,יוניליור שפע ישראל ב,IL,קוקומן פיצפוצים 375 גרם,גרמים,375.00,100 גרם,false,1,22.90,6.1067,true,1,128181
7290112495228,false,קורנפלקס בנגיעות דבש,יוניליוור שפע ישראל,IL,תלמה קורנפלקס דבש 448 גרם,גרמים,448.00,100 גרם,false,1,18.90,4.2187,true,1,128182
7290112495433,false,תלמה דליפקאן 400 גרם,יוניליור שפע ישראל ב,IL,TELMA דגני מבוגרים 400 GR,גרמים,400.00,100 גרם,false,1,25.90,6.4750,true,1,127661
7290112495471,false,פתיתי תירס קלויים לל,"מולינו ניקולי S.P.A,",IT,TELMA דגני משפחה 500 GR,גרמים,500.00,100 גרם,false,1,22.90,4.5800,true,1,129003
7290112495822,false,כריות בלאק 686 גרם,יוניליוור שפע ישראל,IL,תלמה דגני בוקר כריות בלאק 686 גרם,גרמים,686.00,100 גרם,false,1,29.90,4.3586,true,1,129070
7290112496027,false,אפיכל סירופ בטעם שוק,יוניליוור ישראל מזון,IL,EFICOL קינוחים שונים 580 GR,גרמים,580.00,100 גרם,false,1,15.50,2.6724,true,1,129000
7290112496034,false,אפיכל סירופ בטעם מיי,יוניליוור ישראל מזון,IL,EFICOL קינוחים שונים 580 GR,גרמים,580.00,100 גרם,false,1,15.50,2.6724,true,1,128999
7290112496430,false,נמס בכוס אקסטרה מרק,יוניליוור ישראל מזון,IL,נמס בכוס אקסטרה מרק עגבניות 37 גרם,גרמים,37.00,100 גרם,false,1,4.50,12.1622,true,1,141010
7290112496591,false,קליק כריות בלאק חלב,"דרך השוקולד 1, צפת 1",IL,קליק קליק כריות בלאק ושוקולד חלב 65 גרם,גרמים,65.00,100 גרם,false,1,6.90,10.6154,true,1,130453
7290112497123,false,סחלב להכנה 2 שקיות ב,יוניליוור ישראל מזון,IL,קנור סחלב 112 גרם,גרמים,112.00,100 גרם,false,1,12.90,11.5179,true,1,132331
7290112498786,false,מגנום קריספי קר.בננה,יוניליוור,IL,מגנום שלגון מגנום קריספי קרמל בננה 76 גרם,גרמים,76.00,100 גרם,false,1,10.90,14.3421,true,1,132729
7290112498915,false,מאגדת מגנום שוקולד ש,"מיוצר ע""י גלידת שטרא",IL,מגנום מאגדת מיני מגנום שקדים מובחרים 5 יחידות,גרמים,250.00,100 גרם,false,1,32.90,13.1600,true,1,134064
7290112498922,false,מאגדת מגנום שוקולד ל,"מיוצר ע""י גלידת שטרא",IL,מגנום מאגדת מיני מגנום לבן 5 יחידות,גרמים,250.00,100 גרם,false,1,32.90,13.1600,true,1,134065
7290112498939,false,בומבה 84גרם,"מיוצר ע""י גלידת שטרא",IL,שטראוס שלגון בומבה בטעם וניל 80 גרם,גרמים,84.00,100 גרם,false,1,9.90,11.7857,true,1,133226
7290112498946,false,ארטיק ילדים קשת בענן,שטראוס גרופ גלידות,IL,ארטיק ילדים קשת בענן 47גרם,גרמים,47.00,100 גרם,false,1,6.90,14.6809,true,1,142130
7290112499103,false,קורנטו קליק וניל עוג,שטראוס גרופ גלידות,IL,קורנטו קליק וניל עוגיות 72 גרם,גרמים,72.00,100 גרם,false,1,9.90,13.7500,true,1,142708
7290112499110,false,קורנטו קליק שוקולד ח,שטראוס גרופ גלידות,IL,קורנטו קליק שוקולד חזק 72 גרם,גרמים,72.00,100 גרם,false,1,9.90,13.7500,true,1,142709
7290112499127,false,שלגון שמנת בטעם וניל,"מיוצר ע""י גלידת שטרא",IL,מגנום שלגון גלידה שוקולד לבן ותות 77 גרם,גרמים,77.00,100 גרם,false,1,11.90,15.4545,true,1,142128
7290112499141,false,סולרו וניל ותפוח ירו,שטראוס גרופ גלידות,IL,סולרו וניל ותפוח ירוק 76 גרם,גרמים,74.00,100 גרם,false,1,10.90,14.7297,true,1,142707
7290112499226,false,גלידונית כמה כמה בטע,שטראוס גרופ גלידות,IL,גלידונית כמה כמה בטעמי פיסטוק ובננה 950,מיליליטרים,950.00,"100 מ""ל",false,1,41.90,4.4105,true,1,145320
7290112499257,false,שוקובו לבן 85 גרם,שטראוס גרופ גלידות,IL,שוקובו לבן 85 גרם,גרמים,85.00,100 גרם,false,1,10.90,12.8235,true,1,145595
7290112499639,false,טילון סופר מגנום וני,"מיוצר ע""י גלידת שטרא",IL,קורנטו מגנום טילון וניל צ'יפ שוקולד 110 גרם,גרמים,110.00,100 גרם,false,1,10.90,9.9091,true,1,128969
7290112499646,false,קורנטו סופר פקאן 108,"מיוצר ע""י גלידת שטרא",IL,קורנטו סופר פקאן 108 גרם,גרמים,108.00,100 גרם,false,1,10.90,10.0926,true,1,129666
7290112499677,false,מגנום שוקולד לבן 85,"מיוצר ע""י גלידת שטרא",IL,מגנום שלגון שוקולד לבן 85 גרם,גרמים,85.00,100 גרם,false,1,11.90,14.0000,true,1,128963
7290112499738,false,שלגון מלון 90 גרם,"מיוצר ע""י גלידת שטרא",IL,מקס שלגון מלון 90 גרם,גרמים,90.00,100 גרם,false,1,6.90,7.6667,true,1,129023
7290112499776,false,מאגדת גודיז שלגון אי,"גלידת שטראוס בע""מ",IL,GOODIZ חבילות בית 350 ML,גרמים,297.00,100 גרם,false,1,26.90,9.0572,true,1,129660
7290112499837,false,מגנום דואט שוקולד עם,"גלידות שטראוס בע""מ,",IL,Magnum יחידתיות 134 ML,גרמים,90.00,100 גרם,false,1,11.90,13.2222,true,1,128964
7290112499851,false,מגנום חטיף בטעם בראו,"גלידת שטראוס בע""מ, ר",IL,Magnum יחידתיות 80 ML,גרמים,58.00,100 גרם,false,1,9.90,17.0690,true,1,130231
7290112499929,false,מגנום שוקולד 85 גרם,"מיוצר ע""י גלידת שטרא",IL,מגנום שלגון מגנום שוקולד 85 גרם,גרמים,85.00,100 גרם,false,1,11.90,14.0000,true,1,128965
7290112499936,false,מגנום שקדים 85 גרם,"מיוצר ע""י גלידת שטרא",IL,מגנום שלגון מגנום שקדים 85 גרם,גרמים,85.00,100 גרם,false,1,11.90,14.0000,true,1,128966
7290112499943,false,מיני מגנום קלאסיק שו,"גלידות שטראוס בע""מ,",IL,מיני מגנום קלאסיק שוקולד 250 גרם,גרמים,250.00,100 גרם,false,1,32.90,13.1600,true,1,128961
7290112960856,false,טילון אקסטרים מטבע ש,שוורצקוף& הנקל דיסלד,IL,נסטל.אקסטרים ליבת ריבת חלב ומטבע 18*115ג,גרמים,128.00,100 גרם,false,1,10.50,8.2031,true,1,125089
7290112962003,false,שלגון בשומן צמחי טעם,שוורצקוף& הנקל דיסלד,IL,שלגון בשומן צמחי טעם וניל עוגיות,לא מנהל יחידת מידה,0.00,לא מנהל יחידת מידה,false,1,10.50,0.0000,true,1,124570
7290112962751,false,אוראו שלגון אימפלס 6,שוורצקוף& הנקל דיסלד,IL,אוראו שלגון אימפלס 20*65גרם,גרמים,65.00,100 גרם,false,1,11.50,17.6923,true,1,125094
7290112963321,false,גרטיפי בייגלה שטוח ה,מיוצר עי קונדיטוריית,IL,"גרטיפי בייגלה שטוח הכל לל""ג 300גרם",גרמים,300.00,100 גרם,false,1,15.90,5.3000,true,1,130115
7290112964052,false,פרפקטו פסטה וזוביוטו,ניולט פוד ס.פ.א,IT,פרפקטו פסטה וזוביוטו 12*500גרם,גרמים,500.00,100 גרם,false,1,11.90,2.3800,true,1,125495
7290112964410,false,אסם רוטב אלף האיים ח,אסם,IL,אסם רוטב אלף האיים חדש לסלט 9*290גרם,גרמים,290.00,100 גרם,false,1,11.90,4.1034,true,1,126554
7290112964472,false,אסם רוטב שום חדש לסל,אסם,IL,אסם רוטב שום חדש לסלט 9*290גרם,גרמים,290.00,100 גרם,false,1,11.90,4.1034,true,1,126557
7290112965226,false,אסם אורז סיני עם נוד,,IL,אסם אורז סיני עם נודלס 6*130ג,גרמים,130.00,100 גרם,false,1,11.90,9.1538,true,1,129131
7290112965288,true,מרק נמס ירקות 30,אסם,IL,אסם זוג מרק נמס ירקות בדצ14*30גרם,גרמים,60.00,100 גרם,false,1,5.90,9.8333,true,1,127702
7290112966803,false,אסם פודינג אינסטנט ש,"אסם השקעות בע""מ",IL,אסם פודינג אינסטנט שוקולד 88 גרם,גרמים,88.00,100 גרם,false,1,5.90,6.7045,true,1,128684
7290112967848,false,אסם גלי תות שדה מופח,מיוצר עי קונדיטוריית,IL,אסם גלי תות שדה מופחת סוכר68גרם,גרמים,68.00,100 גרם,false,1,6.90,10.1471,true,1,128688
7290113192171,false,מיקס אגוזים שקדים וח,דין שיווק,IL,מיקס אגוזים שקדים וחמוציות 150 גרם,גרמים,150.00,100 גרם,false,1,14.90,9.9333,true,1,140576
7290113192317,true,טבעות זיתים מושחרים,בית השיטה,IL,טבעות זיתים מושחרים בית השיטה 280גר,גרמים,280.00,100 גרם,false,1,12.90,4.6071,true,1,128796
7290113192331,true,זית ירוק גדול בית ה,הנסיך- מפעל לייצור ט,IL,זית ירוק גדול בית השיטה 340גר,גרמים,0.00,100 גרם,false,1,11.90,0.0000,true,1,128798
7290113192355,true,חרוזית ירוק בית השיט,בית-השיטה עסיס תעשיו,IL,חרוזית ירוק בית השיטה 275גר,גרמים,275.00,100 גרם,false,1,11.90,4.3273,true,1,128800
7290113192393,true,קוקטייל זיתים בית ה,בית-השיטה עסיס תעשיו,IL,קוקטייל זיתים בית השיטה 336גר,גרמים,336.00,100 גרם,false,1,12.90,3.8393,true,1,128804
7290113192478,true,מלפפונים במלח 10-12,בית-השיטה עסיס תעשיו,IL,מלפפונים במלח 10-12 בית השיטה 320גר,גרמים,320.00,100 גרם,false,1,9.50,2.9688,true,1,128812
7290113192485,true,מלפפונים בחומץ 10-12,בית-השיטה עסיס תעשיו,IL,מלפפונים בחומץ 10-12בית השיטה 290גר,גרמים,290.00,100 גרם,false,1,9.50,3.2759,true,1,128813
7290113192492,true,מלפפונים בחומץ 17-13,הנסיך- מפעל לייצור ט,IL,מלפפונים בחומץ 17-13בית השיטה 290גר,גרמים,290.00,100 גרם,false,1,11.90,4.1034,true,1,128814
7290113192508,true,מלפפונים במלח 17-13ב,הנסיך- מפעל לייצור ט,IL,מלפפונים במלח 17-13בית השיטה 320גר,גרמים,320.00,100 גרם,false,1,11.90,3.7188,true,1,128815
7290113192515,true,מלפפונים במלח 18 -25,הנסיך- מפעל לייצור ט,IL,מלפפונים במלח 18 -25בית השיטה 320גר,גרמים,0.00,100 גרם,false,1,12.90,0.0000,true,1,128816
7290113192522,true,מלפפונים בחומץ בית ה,הנסיך- מפעל לייצור ט,IL,מלפפונים בחומץ בית השיטה 18-25 290גר,גרמים,290.00,100 גרם,false,1,12.90,4.4483,true,1,128817
7290113192539,true,מלפפונים במלח 7-9 ב,הנסיך- מפעל לייצור ט,IL,מלפפונים במלח 7-9 בית השיטה 320גר,לא מנהל יחידת מידה,0.00,לא מנהל יחידת מידה,false,1,6.90,0.0000,true,1,128818
7290113192546,true,מלפפונים בחומץ 7-9 ב,הנסיך- מפעל לייצור ט,IL,מלפפונים בחומץ 7-9 בית השיטה 290גר,גרמים,290.00,100 גרם,false,1,6.90,2.3793,true,1,128819
7290113192560,true,פלפל שיפקה בית השיטה,הנסיך- מפעל לייצור ט,IL,פלפל שיפקה בית השיטה 230גר,גרמים,230.00,100 גרם,false,1,7.50,3.2609,true,1,128821
7290113192577,true,כרוב כבוש בית השיטה,שוורצקוף& הנקל דיסלד,IL,כרוב כבוש בית השיטה 430גר,גרמים,430.00,100 גרם,false,1,8.50,1.9767,true,1,128822
7290113193000,false,פלפל שיפקונית בית הש,שוורצקוף& הנקל דיסלד,IL,פלפל שיפקונית בית השיטה 230 גרם,גרמים,230.00,100 גרם,false,1,11.90,5.1739,true,1,129569
7290113198029,false,פקאן מצופה חלבה 150ג,דין שיווק,IL,פקאן מצופה חלבה 150גרם,גרמים,150.00,100 גרם,false,1,14.90,9.9333,true,1,140605
7290113198043,false,פקאן מצופה שוקולד וע,דין שיווק,IL,פקאן מצופה שוקולד ועוגיות 150גרם,גרמים,150.00,100 גרם,false,1,14.90,9.9333,true,1,140607
7290113198067,false,פקאן מצופה שוקולד לב,"דין שיווק וקליה בע""מ",IL,פקאן מצופה שוקולד לבן 150 גרם,גרמים,150.00,100 גרם,false,1,14.90,9.9333,true,1,140634
7290113198074,false,פקאן מצופה שוקולד שי,דין שיווק,IL,פקאן מצופה שוקולד שיש 150גרם,גרמים,150.00,100 גרם,false,1,14.90,9.9333,true,1,140608
7290113302334,false,חטיפי עוף פריכים בצו,לנגי,CN,חטיפי עוף פריכים בצורת עצם 85 גר,גרמים,85.00,100 גרם,false,1,12.90,15.1765,true,1,144534
7290113452886,false,סוכריות גומי נחש חמו,טופגם,IL,סוכריות גומי נחש חמוץ ארוז 200 גרם,גרמים,200.00,100 גרם,false,1,12.90,6.4500,true,1,141223
7290114310673,false,לאבנה 9% טרה 250 גר,טרה,IL,לאבנה 9% 250 גרם,גרמים,250.00,100 גרם,false,1,13.90,5.5600,true,1,133579
7290114310901,false,גבינה לבנה 5% 250 גר,טרה,IL,גבינה לבנה 250 גרם 5% ווסטהיים,גרמים,250.00,100 גרם,false,1,4.98,1.9920,true,1,140290
7290114600750,false,חטיף אפוי עם פיקורינ,הדקלאים אגודת שיתופי,IT,חטיף אפוי עם פיקורינו קו קווים 150 גרם,גרמים,150.00,100 גרם,false,1,11.90,7.9333,true,1,130436
7290114600767,false,חטיף אפוי עם זיתים ו,הדקלאים אגודת שיתופי,IT,חטיף אפוי עם זיתים ועגבניות קו קווים150ג,גרמים,150.00,100 גרם,false,1,11.90,7.9333,true,1,130437
7290114603041,false,גרנולה פרי אגוזים בו,"אפקט טבעי בע""מ",IL,גרנולה פרי אגוזים בוטנים קוקוס חלבון300ג,גרמים,300.00,100 גרם,false,1,14.90,4.9667,true,1,132488
7290114604871,false,מאסטר שף קוסקוס בינו,דוידוביץ,IL,מאסטר שף קוסקוס בינוני 350 גרם,גרמים,350.00,100 גרם,false,1,6.90,1.9714,true,1,132534
7290114604925,false,קרם קוקוס לייט מאסטר,"תאי קוקונאט חברה בע""",TH,קרם קוקוס לייט מאסטר שף 400 מל,מיליליטרים,400.00,"100 מ""ל",false,1,9.90,2.4750,true,1,141024
7290114606547,false,מאסטר שף מיונז פטריו,Remia,NL,מאסטר שף מיונז פטריות כמהין 242 גרם,גרמים,242.00,100 גרם,false,1,13.90,5.7438,true,1,139829
7290114606608,false,מאסטר שף סויה דל נת,קריניציה ויטמינה אס,TH,"מאסטר שף סויה דל נתרן 620 מ""ל",מיליליטרים,620.00,"100 מ""ל",false,1,15.90,2.5645,true,1,139875
7290114720250,false,מטען סוללות USB אוני,,,מטען סוללות USB אוני,יחידה,1.00,יחידה,false,1,69.90,69.9000,true,1,129966
7290115073676,false,מסכות מנתח שחורות 50,מ.פאנג,CN,מסכות מנתח שחורות 50 יח שמחה זה אנחנו,יחידה,1.00,יחידה,false,1,9.90,9.9000,true,1,130729
7290115074987,false,מסכה לפנים לילדים חד,,,מסכה לפנים לילדים חד פעמי 5 יח חד קרן,יחידה,1.00,יחידה,false,1,3.90,3.9000,true,1,131797
7290115180268,false,יחידות טבק לחימום צה,פיליפ מוריס,IL,יחידות טבק לחימום צהוב PP בודד,יחידה,1.00,יחידה,false,1,27.90,27.9000,true,1,132214
7290115180275,false,יחידות טבק לחימום טו,פיליפ מוריס,IL,יחידות טבק לחימום טורקיז PP בודד,יחידה,1.00,יחידה,false,1,27.90,27.9000,true,1,132217
7290115190007,false,סיגריות PPמרלבורו רד,פיליפ מוריס,,סיגריות PPמרלבורו רד פאקט,יחידה,1.00,יחידה,false,1,342.00,342.0000,false,1,131879
7290115190014,false,סיגריות PPמרלבורו רד,פיליפ מוריס,,סיגריות PPמרלבורו רד חפיסה,יחידה,1.00,יחידה,false,1,36.70,36.7000,false,1,131878
7290115190038,false,סיגריות PPמרלבורו רד,פיליפ מוריס,,סיגריות PPמרלבורו רד סופט חפיסה,יחידה,1.00,יחידה,false,1,34.50,34.5000,false,1,131864
7290115190076,false,סיגריות מרלבורו גולד,פיליפ מוריס,,סיגריות מרלבורו גולד 100בודד,יחידה,1.00,יחידה,false,1,36.70,36.7000,false,1,132227
7290115190083,false,סיגריות מרלבורו גולד,פיליפ מוריס,,סיגריות מרלבורו גולדPP פאקט,יחידה,1.00,יחידה,false,10,342.00,342.0000,false,1,131851
7290115190090,false,סיגריות מרלבורו גולד,פיליפ מוריס,,סיגריות מרלבורו גולדPP חפיסה,יחידה,1.00,יחידה,false,1,36.70,36.7000,false,1,131850
7290115190137,false,סיגריות מרלבורו פיין,פיליפ מוריס,,סיגריות מרלבורו פיין טאץPP חפיסה,יחידה,1.00,יחידה,false,1,32.90,32.9000,false,1,131874
7290115190151,false,סיגריות מרלבורו טאץP,פיליפ מוריס,,סיגריות מרלבורו טאץPP חפיסה,יחידה,1.00,יחידה,false,1,32.90,32.9000,false,1,131866
7290115190175,false,סיגריות פרלמנט סופר,פיליפ מוריס,,סיגריות פרלמנט סופר סלימסPP חפיסה בודד,יחידה,1.00,יחידה,false,1,41.70,41.7000,false,1,131632
7290115190199,false,פרלמנט נייט 100PP חפ,פיליפ מוריס,,פרלמנט נייט 100PP חפיסה,יחידה,1.00,יחידה,false,1,41.70,41.7000,false,1,133725
7290115190212,false,סיגריות פרלמנט בלו 1,פיליפ מוריס,,סיגריות פרלמנט בלו 100PPחפיסה,יחידה,1.00,יחידה,false,1,41.70,41.7000,false,1,131856
7290115190236,false,סיגריות פרלמנט בלוPP,פיליפ מוריס,,סיגריות פרלמנט בלוPP חפיסה,יחידה,1.00,יחידה,false,1,41.70,41.7000,false,1,131852
7290115190250,false,סיגריות פרלמנט נייטP,פיליפ מוריס,,סיגריות פרלמנט נייטPP חפיסה בודד,יחידה,1.00,יחידה,false,1,41.70,41.7000,false,1,131638
7290115190359,false,סיגריות ל.מ בלוPP חפ,פיליפ מוריס,,סיגריות ל.מ בלוPP חפיסה בודד,יחידה,1.00,יחידה,false,1,32.20,32.2000,false,1,131634
7290115190373,false,סיגריות ל.מ. קפסולהP,פיליפ מוריס,,סיגריות ל.מ. קפסולהPP חפיסה,יחידה,1.00,יחידה,false,1,32.20,32.2000,false,1,131870
7290115190397,false,ל.מ רדPP חפיסה בודד,פיליפ מוריס,,ל.מ רדPP חפיסה בודד סיגריות,יחידה,1.00,יחידה,false,1,32.20,32.2000,false,1,131629
7290115190434,false,סיגריות ל.מ וייבPP ח,פיליפ מוריס,IL,סיגריות ל.מ וייבPP חפיסה בודד,יחידה,1.00,יחידה,false,1,32.20,32.2000,false,1,131640
7290115190458,false,סיגריות נקסט אדג בוד,פיליפ מוריס,,סיגריות נקסט אדג בודד,יחידה,1.00,יחידה,false,1,25.00,25.0000,false,1,132195
7290115190472,false,סיגריות נקסט פיין אד,פיליפ מוריס,,סיגריות נקסט פיין אדגPP חפיסה,יחידה,1.00,יחידה,false,1,25.00,25.0000,false,1,132511
7290115190489,false,סיגריות נקסט פיין 10,פיליפ מוריס,IL,סיגריות נקסט פיין 100PP פקט,יחידה,1.00,יחידה,false,10,282.00,282.0000,false,1,133059
7290115190496,false,סיגריות נקסט פיין 10,פיליפ מוריס,IL,סיגריות נקסט פיין 100PP חפיסה,יחידה,1.00,יחידה,false,1,31.20,31.2000,false,1,133058
7290115190519,false,סיגריות נקסט פיין חפ,פיליפ מוריס,,סיגריות נקסט פיין חפיסה,יחידה,1.00,יחידה,false,1,31.20,31.2000,false,1,131860
7290115190571,false,סיגריות נקסט לילךPP,פיליפ מוריס,,סיגריות נקסט לילךPP חפיסה בודד,יחידה,1.00,יחידה,false,1,31.20,31.2000,false,1,131631
7290115190595,false,סיגריות נקסט אוריגינ,פיליפ מוריס,,סיגריות נקסט אוריגינלPP חפיסה,יחידה,1.00,יחידה,false,1,31.20,31.2000,false,1,131848
7290115190618,false,טבק מרלבורו רדPP חפי,,,טבק מרלבורו רדPP חפיסה,יחידה,1.00,יחידה,false,1,82.40,82.4000,true,1,132572
7290115190632,false,טבק מרלבורו גולד חפ,פיליפ מוריס,,טבק מרלבורו גולד חפיסה 30 גרם,גרמים,30.00,100 גרם,false,1,82.40,274.6667,false,1,132513
7290115190656,false,טבק נקסט פייןPP חפי,פיליפ מוריס,,טבק נקסט פייןPP חפיסה,יחידה,1.00,יחידה,false,1,87.30,87.3000,true,1,132361
7290115190670,false,טבק נקסט אוריגינל בו,פיליפ מוריס,,טבק נקסט אוריגינל בודד,יחידה,1.00,יחידה,false,1,87.30,87.3000,true,1,132229
7290115190892,false,סיגריות מרלבורו פיוז,פיליפ מוריס,IL,סיגריות מרלבורו פיוזן קפסולה בודד,יחידה,1.00,יחידה,false,1,27.00,27.0000,false,1,134130
7290115190915,false,טבק לגלגול נקסט לבן,פיליפ מוריס,,טבק לגלגול נקסט לבן XL ל 50 גרם בודד,גרמים,50.00,100 גרם,false,1,102.30,204.6000,true,1,133977
7290115200676,false,קרמוגית קרמל מלוח200,היינץ צפון אמריקה מק,IL,קרמוגית קרמל מלוח200 גרם,גרמים,200.00,100 גרם,false,1,11.90,5.9500,true,1,133009
7290115201703,false,בסלי ברביקיו 200גרם,מיוצר עי קונדיטוריית,IL,בסלי ברביקיו 200גרם,גרמים,200.00,100 גרם,false,1,7.90,3.9500,true,1,132152
7290115201727,false,בסלי בצל 200גרם,מיוצר עי קונדיטוריית,IL,בסלי בצל 200גרם,גרמים,200.00,100 גרם,false,1,7.90,3.9500,true,1,132151
7290115202939,false,מנה חמה רייס נודלס ע,מיוצר עי קונדיטוריית,TH,מנה חמה רייס נודלס עוף פטריות 50 גרם,גרמים,50.00,100 גרם,false,1,8.90,17.8000,true,1,141357
7290115203172,false,במבה פרו 80גרם,אסם,IL,במבה פרו 80גרם,גרמים,80.00,100 גרם,false,1,5.90,7.3750,true,1,144097
7290115204056,false,אסם קטשופ פחות 56% ס,אסם,IL,אסם קטשופ פחות 56% סוכר 690 גרם,גרמים,690.00,100 גרם,false,1,11.90,1.7246,true,1,133016
7290115206890,false,ביסלי המבורגר חדש 70,אסם,IL,ביסלי המבורגר חדש 70גרם,גרמים,70.00,100 גרם,false,1,4.90,7.0000,true,1,143892
7290115208009,false,סירופ ויטמינציק ענבי,בית-השיטה עסיס תעשיו,IL,סירופ ויטמינציק ענבים 1 ליטר,ליטרים,1.00,ליטר,false,1,23.90,23.9000,true,1,142034
7290115208047,false,סירופ ויטמינציק פטל,בית-השיטה עסיס תעשיו,IL,סירופ ויטמינציק פטל 1 ליטר,ליטרים,1.00,ליטר,false,1,23.90,23.9000,true,1,142032
7290115208061,false,ויטמינציק תפוח 1 ליט,בית השיטה עסיס תעשיו,IL,ויטמינציק תפוח 1 ליטר,ליטרים,1.00,ליטר,false,1,23.90,23.9000,true,1,142035
7290115208597,false,אסם קרמוגית מיניס קר,אסם,IL,אסם קרמוגית מיניס קרמל מלוח 200 גרם,גרמים,200.00,100 גרם,false,1,11.90,5.9500,true,1,143889
7290115208801,false,לחמית דבש ואגוזים 19,אסם,IL,לחמית דבש ואגוזים 190 גרם,גרמים,190.00,100 גרם,false,1,10.90,5.7368,true,1,145244
7290115209174,false,במבה אורירית 60גרם,אסם,IL,במבה אורירית 60גרם,גרמים,60.00,100 גרם,false,1,4.90,8.1667,true,1,144098
7290115209358,false,במבה במילוי בראוניז,אסם,IL,במבה במילוי בראוניז 60גרם,גרמים,60.00,100 גרם,false,1,4.90,8.1667,true,1,145322
7290115250503,false,קרקר כוסמין שום ועשב,פת במלח,IL,קרקר כוסמין שום ועשבי תיבול 225 גרם,גרמים,225.00,100 גרם,false,1,21.90,9.7333,true,1,138310
7290115670707,false,גרנולה אנרגי שוקולד,אמקו ספול אס. אר.או,CZ,גרנולה אנרגי שוקולד ואגוזים 400 גרם,גרמים,400.00,100 גרם,false,1,15.90,3.9750,true,1,141946
7290115671001,false,THINS עוגיות שוקוצי,"שטראוס גרופ בע""מ",IL,עוגיות שוקוצ'יפס חלב THINS,גרמים,136.00,100 גרם,false,1,11.90,8.7500,true,1,142201
7290115671339,false,מיני פינוקיות בראוני,תות תעשיות מזון (201,IL,מיני פינוקיות בראוניז בייגל בוטן 180 ג,גרמים,180.00,100 גרם,false,1,11.90,6.6111,true,1,140360
7290115671346,false,מיני פינוקיות טופי ק,תות תעשיות מזון (201,IL,מיני פינוקיות טופי קרמל מלוח 180 ג,גרמים,180.00,100 גרם,false,1,11.90,6.6111,true,1,140361
7290115675696,false,קוואקר אגוזים 375 גר,שטראוס,IL,קוואקר אגוזים 375 גרם Cruesli,גרמים,375.00,100 גרם,false,1,20.90,5.5733,true,1,140236
7290115676990,false,תפוציפס מלח חומץ 50,"שטראוס פריטו ליי בע""",IL,תפו SALT & VINEGAR י50 גר 48 יח,גרמים,50.00,100 גרם,false,1,3.90,7.8000,true,1,133513
7290115677089,false,קונפיטורה יד מרדכי ת,"ב.א מזון בע""מ",IL,קונפיטורה יד מרדכי תפוח וקינמון 340 גר,גרמים,340.00,100 גרם,false,1,14.90,4.3824,true,1,140246
7290115677362,false,נודלס טריאקי דליש,"טרופיקל דגיל בע""מ אז",IL,נודלס טריאקי דלישס 350גרם,גרמים,350.00,100 גרם,false,1,26.90,7.6857,true,1,140933
7290115678376,false,מעדן הגולן שוקולד 1,שטראוס,IL,מעדן הגולן שוקולד 125גרם,גרמים,125.00,100 גרם,false,1,3.20,2.5600,true,1,134499
7290116531885,false,ממרח טבעוני ויגן 500,יוניליוור ישראל מזון,IL,הלמנס ממרח טבעוני ויגן 500 גרם,גרמים,500.00,100 גרם,false,1,14.90,2.9800,true,1,144218
7290116531915,false,דגדג בטעם פתי בר דג,"דרך השוקולד 1, צפת 1",IL,דגדג בטעם פתי בר דג דג 235 גרם,גרמים,235.00,100 גרם,false,1,10.90,4.6383,true,1,141833
7290116532264,false,גודיז פרי אפרסק 300,שטראוס גרופ גלידות,IL,גודיז פרי אפרסק 300 גרם,גרמים,300.00,100 גרם,false,1,26.90,8.9667,true,1,142711
7290116532462,false,פיינט קליק שוקולד בנ,"גלידת שטראוס בע""מ, ר",IL,פיינט קליק שוקולד בננה,מיליליטרים,520.00,"100 מ""ל",false,1,24.90,4.7885,true,1,143108
7290116532486,false,פיינט קליק וניל קרמל,"גלידת שטראוס בע""מ, ר",IL,פיינט קליק וניל קרמל מלוח,מיליליטרים,520.00,"100 מ""ל",false,1,24.90,4.7885,true,1,143109
7290116930022,false,GO חטיף חלבון בטעם ק,תנובה,IL,GO חטיף חלבון בטעם קרם עוגיות 60גרם,גרמים,60.00,100 גרם,false,1,12.90,21.5000,true,1,143189
7290116930282,false,ארוחה בקטנה לאבנה עם,תנובה,IL,ארוחה בקטנה לאבנה עם קרקרים 150 גרם,גרמים,150.00,100 גרם,false,1,7.50,5.0000,true,1,143908
7290116930435,false,יוגורט גו סמיך 0% דו,תנובה,IL,יוגורט גו סמיך 0% דובדבן,גרמים,150.00,100 גרם,false,1,6.30,4.2000,true,1,142889
7290116930459,false,SHAKE יופלה בננה אננ,תנובה,IL,SHAKE יופלה בננה אננס וקוקוס 230 מל,מיליליטרים,230.00,"100 מ""ל",false,1,8.90,3.8696,true,1,143536
7290116930480,false,SHAKE יופלה בננה קיו,תנובה,IL,SHAKE יופלה בננה קיווי תפוח 230 מל,מיליליטרים,230.00,"100 מ""ל",false,1,8.90,3.8696,true,1,143534
7290116930558,false,משקה תה קר עם חלב בט,תנובה,IL,משקה תה קר עם חלב בטעם צאי קרמל 230מל,מיליליטרים,230.00,"100 מ""ל",false,1,6.90,3.0000,true,1,143541
7290116930626,false,ארוחה בקטנה ציזיקי ע,תנובה,IL,ארוחה בקטנה ציזיקי עם קרקרים 150 גרם,גרמים,150.00,100 גרם,false,1,7.50,5.0000,true,1,143909
7290116930640,false,יולו שוקולד חלב עם ש,תנובה,IL,יולו שוקולד חלב עם שברי בייגלה 120 גרם,גרמים,120.00,100 גרם,false,1,5.50,4.5833,true,1,143538
7290116930701,false,GOמעדן חלב בטעם קרמל,תנובה,IL,GOמעדן חלב בטעם קרמל מלוח 120גרם,גרמים,120.00,100 גרם,false,1,4.80,4.0000,true,1,143537
7290116931104,false,יופלה גו במרקם סמיך,תנובה,IL,יופלה גו במרקם סמיך עם אננס 0% 200גרם,גרמים,200.00,100 גרם,false,1,5.90,2.9500,true,1,144254
7290117262290,false,פרלינים אגוזים במילו,עלית,TR,פרלינים אגוזים במילוי פצפוצי דגנים מצופי,גרמים,50.00,100 גרם,false,1,6.90,13.8000,true,1,145392
7290117262313,false,פצפוצי דגנים פריכים,עלית,TR,פצפוצי דגנים פריכים מצופים שוקולד חלב 50,גרמים,50.00,100 גרם,false,1,6.90,13.8000,true,1,145394
7290117380178,false,סוויט פוף שוקולד חלב,"טחנת האבן תעשיות בע""",IL,סוויט פוף שוקולד חלב 50 גרם,גרמים,50.00,100 גרם,false,1,5.90,11.8000,true,1,145396
7290117380215,false,פוף חטיף קראנץ טאקו,מנה,IL,פוף חטיף קראנץ טאקו 60 גרם,גרמים,60.00,100 גרם,false,1,3.50,5.8333,true,1,141935
7290117382325,false,חטיף סלים דליס פרו,andros snc,IT,חטיף סלים דליס פרו מצופה שוקולד חלב 6,גרמים,60.00,100 גרם,false,1,12.90,21.5000,true,1,143911
7290117821367,false,ביצת הפתעה פלסטיק עם,שמחה,IL,ביצת הפתעה פלסטיק עם סוכריות קשות 10ג S טרקטור,גרמים,10.00,100 גרם,false,1,6.90,69.0000,true,1,143882
7290117821374,false,ביצת הפתעה פלסטיק עם,שמחה,IL,ביצת הפתעה פלסטיק עם סוכריות קשות 10ג S פוני,גרמים,10.00,100 גרם,false,1,6.90,69.0000,true,1,143884
7290118873082,false,בדיקת קורונה שפעת מ,,,בדיקת קורונה שפעת מארז חמישייה,יחידה,1.00,יחידה,false,1,59.90,59.9000,true,1,145461
7297488098220,false,קמח תפוח אדמה ללא גל,תבליני העליון 2007 ב,IL,דוכן גן שמואל קמח תפוחי אדמה 500 גרם,גרמים,500.00,100 גרם,false,1,11.90,2.3800,true,1,84138
7298074500615,false,ערכה לבדיקת הריון בו,SPD,,ערכה לבדיקת הריון בודד סנסו טסט,יחידה,1.00,יחידה,false,1,25.90,25.9000,true,1,127952
7298074501995,false,בליסטקס הגנה מוגברת,,,בליסטקס הגנה מוגברת spf50,יחידה,1.00,יחידה,false,1,9.90,9.9000,true,1,128184
7298087000959,false,וולטרן אמולגל שפורפר,נוברטיס,,וולטרן אמולגל שפורפרת 50 גרם,גרמים,50.00,100 גרם,false,1,47.00,94.0000,true,1,113870
7312040017683,false,וודקה אבסולוט בקבוק,"איי, בי, אינבוו",SE,"אבסולוט וודקה, 700 מ''ל",מיליליטרים,700.00,"100 מ""ל",false,1,69.90,9.9857,true,1,91269
7394376615825,false,אוטלי משקה שבולת שוע,,SE,אוטלי משקה שבולת שועל מועשר 1 ליטר,ליטרים,1.00,ליטר,false,1,14.90,14.9000,true,1,130426
7394376616778,false,משקה שיבולת שועל  לה,,SE,משקה שיבולת שועל  להקצפה בריסטה אוטלי 1,ליטרים,1.00,ליטר,false,1,15.90,15.9000,true,1,130424
7394376620294,false,משקה שיבולת שועל וני,איי אם פי אס איי תעש,NL,משקה שיבולת שועל וניל אוטלי 1 ליטר,ליטרים,1.00,ליטר,false,1,15.90,15.9000,true,1,145038
7501013101348,false,גומקס מנגו בקבוק 473,חומקס קומר קומרסאליז,MX,"גומקס מנגו בקבוק 473 מ""ל",מיליליטרים,473.00,"100 מ""ל",false,1,8.50,1.7970,true,1,127876
7501013101362,false,גומקס קוקוס אננס בקב,פארייפאבה אגרואינדוס,MX,"ג'ומקס קוקוס אננס בקבוק 473 מ""ל תריסר",מיליליטרים,473.00,"100 מ""ל",false,1,8.50,1.7970,true,1,127877
7501013101393,false,גומקס אננס בקבוק 473,פארייפאבה אגרואינדוס,MX,"ג'ומקס אננס  בקבוק 473 מ""ל תריסר",מיליליטרים,473.00,"100 מ""ל",false,1,8.50,1.7970,true,1,127874
7501064191398,false,שישיית בירה קורונה ב,קריניציה ויטמינה אס,MX,בשישיית בירה קורונה אקסטרה 2.13 ל',ליטרים,2.13,ליטר,false,6,39.90,18.7324,true,1,125826
7509546666846,false,קולגייט טוטל משחת שי,CP UK,MX,קולגייט טוטל משחת שיניים פחם 75 מל,מיליליטרים,75.00,"100 מ""ל",false,1,19.90,26.5333,true,1,139904
7610100034084,false,מיונז טומי 265 גרם,נסטלה שוויץ ס.א,,טומי מיונז אמיתי מביצי חופש 265 גרם,גרמים,265.00,100 גרם,false,1,16.90,6.3774,true,1,123586
7610113011652,false,בקרדי בריזר תפוח 275,בקרדי בעמ,BE,"בריזר - משקה כוהלי מוגז בטעם תפוח 275 מ""ל",מיליליטרים,275.00,"100 מ""ל",false,1,14.90,5.4182,true,1,130308
7610113015797,false,בריזר סלצזר פטל ליים,"איי, בי, אינבוו",BE,בריזר סלצזר פטל ליים 250 מל פחית,מיליליטרים,250.00,"100 מ""ל",false,1,14.90,5.9600,true,1,141336
7613030979647,false,דגני בוקר טריקס 480,ג'נרל מילס סאן אדריא,IL,טריקס 12*480גרם 2018,גרמים,480.00,100 גרם,false,1,26.90,5.6042,true,1,120223
7613032045753,false,דגני פיטנס שוקולד 37,הנסיך- מפעל לייצור ט,FR,פיטנס שוקולד 16*375גרם 2017,גרמים,375.00,100 גרם,false,1,21.90,5.8400,true,1,48657
7613033548192,false,דגני בוקר פיטנס שוקו,הנסיך- מפעל לייצור ט,FR,פיטנס שוקולד מריר 16*375גרם 2017,גרמים,375.00,100 גרם,false,1,21.90,5.8400,true,1,80046
7613035619050,false,חמשושים מפלצות,שוורצקוף& הנקל דיסלד,ES,חמשושים מפלצות 18*75מל,גרמים,80.00,100 גרם,false,1,7.90,9.8750,true,1,114384
7613035807778,false,רוטב עגבניות לבולונז,נסטלה ספרד,ES,פרפקטו רוטב עגבניות לבולונז 6*400גרם,גרמים,400.00,100 גרם,false,1,10.90,2.7250,true,1,114969
7613035809109,false,רוטב עגבניות ובזיליק,נסטלה ספרד,ES,פרפקטו רוטב עגבניות ובזיליקום 6*400גרם,גרמים,400.00,100 גרם,false,1,10.90,2.7250,true,1,114972
7613035809123,false,רוטב עגבניות עם פלפל,נסטלה ספרד,ES,פרפקטו רוטב עגבניות עם פלפלים 6*400גרם,גרמים,400.00,100 גרם,false,1,10.90,2.7250,true,1,114971
7613036280327,false,פחית פרייה גוס א דוב,נסטלה ווטרס ספלאי,FR,פרייבה אנד ג'וס אפרסק דובדבן פחית,מיליליטרים,250.00,"100 מ""ל",false,1,8.50,3.4000,true,1,132194
7613036576734,false,חמישייה קרחוני שרבט,פרונרי איבריה ס.ל,ES,נסטלה חמשושים חדש 18*60גרם,גרמים,60.00,100 גרם,false,1,7.90,13.1667,true,1,122792
7613036725309,false,דנטלייף חתול עוף 40,פורינה,US,דנטלייף חתול עוף 40 גרם,גרמים,40.00,100 גרם,false,1,9.90,24.7500,true,1,140998
7613036880534,false,גרבר מחית מרק ירקות,נסטלה פולסקה אס.איי,PL,גרבר מחית מרק ירקות מעורבים 12*190גרם,גרמים,190.00,100 גרם,false,1,6.90,3.6316,true,1,129141
7613037276091,false,נסטלה מיקס מיני אריז,SPI SAS,FR,נסטלה מיקס מיני אריזות דגני בוקר *200גרם,גרמים,200.00,100 גרם,false,1,19.90,9.9500,true,1,126563
7616500647251,false,פריי 180 ג אגוזים,פריי,CH,פריי שוקולד חלב אגוז 180 גרם,גרמים,180.00,100 גרם,false,1,14.90,8.2778,true,1,127554
7622010001858,false,עוגיות אוראו ממולאות,פי אר ג'יי אס אי מנד,UA,עוגיות אוראו ממולאות קרם וניל 176 גר',גרמים,176.00,100 גרם,false,1,9.90,5.6250,true,1,113797
7622201137052,false,מילקה מיני קוקיז 110,מנדלז סי.אר. פרודקשן,ES,מילקה מיני קוקיז 110 גרם,גרמים,110.00,100 גרם,false,1,8.90,8.0909,true,1,133209
7622201401900,false,עוגיות מילקה סנסיישן,גוד פוד פרודקטס S.p,PL,עוגיות מילקה סנסיישן אוראו 156 גרם,גרמים,156.00,100 גרם,false,1,13.90,8.9103,true,1,132096
7622201502515,false,מילקה קוקי לופ 132 ג,מונדלייז,,מילקה קוקי לופ 132 גרם,גרמים,132.00,100 גרם,false,1,13.90,10.5303,true,1,141337
7622201801809,false,שוקולד חלב אגוזים מי,מנדלז דויצ'לנד סנקס,DE,שוקולד חלב אגוזים מילקה 100 גרם,גרמים,100.00,100 גרם,false,1,6.90,6.9000,true,1,140198
7622201802363,false,שוקולד חלב אגוז וצימ,מנדלז דויצ'לנד סנקס,DE,שוקולד חלב אגוז וצימוק מילקה 100 גרם,גרמים,100.00,100 גרם,false,1,6.90,6.9000,true,1,140197
7622201802394,false,שוקולד חלב מילקה 100,מנדלז דויצ'לנד סנקס,DE,שוקולד חלב מילקה 100 גרם,גרמים,100.00,100 גרם,false,1,6.90,6.9000,true,1,140196
7622201808631,false,אוראו מיני כוסות בטע,"איטיליאן פוד, אס.פי.",ID,אוראו מיני כוסות בטעם וניל 67 גרם,גרמים,67.00,100 גרם,false,1,6.90,10.2985,true,1,140200
7622201813390,false,מילקה וואפל במילוי ק,מונדליז סי.אר. ביסקו,,מילקה וואפל במילוי קרם קקאו 150 גרם,גרמים,150.00,100 גרם,false,1,16.90,11.2667,true,1,133195
7622210453327,false,עוגיות מילקה סנסיישן,מנדלז פולסקה פרודקשן,PL,עוגיות מילקה סנסיישן 156 גרם,גרמים,156.00,100 גרם,false,1,13.90,8.9103,true,1,130529
7622210637994,false,אוראו ביס קראנצי אור,"איטיליאן פוד, אס.פי.",ES,אוראו קראנצי בייטס 110 גרם,גרמים,110.00,100 גרם,false,1,8.90,8.0909,true,1,132658
7622210638021,false,אוראו ביס קראנצי בצי,"איטיליאן פוד, אס.פי.",ES,אוראו קראנצ'י בייטס מצופים 110 גרם,גרמים,110.00,100 גרם,false,1,8.90,8.0909,true,1,132659
7622210693266,false,מילקה אגוזים שלמים 2,גוד פוד פרודקטס S.p,AT,שוקולד חלב מילקה עם אגוזי לוז שלמים 270 גרם,גרמים,270.00,100 גרם,false,1,17.90,6.6296,true,1,136650
7622210835338,false,עוגיות אוראו בראוניז,"איטיליאן פוד, אס.פי.",ES,עוגיות אוראו בראוניז 176 גרם,גרמים,176.00,100 גרם,false,1,9.90,5.6250,true,1,125034
7622300270506,false,עוגיות שיבולת שועל מ,"איטיליאן פוד, אס.פי.",PL,עוגיות שיבולת שועל מצופות 168 גרם,גרמים,168.00,100 גרם,false,1,13.90,8.2738,true,1,79964
7622300340285,false,פילדלפיה 22% שומן 17,דולפין ספא,DE,גבינת שמנת 21% שומן,גרמים,175.00,100 גרם,false,1,14.90,8.5143,true,1,120913
7622300489427,false,עוגיות אוראו פאדג שו,"איטיליאן פוד, אס.פי.",ES,עוגיות אוראו בציפוי בטעם שוקולד לבן 246 גר',גרמים,246.00,100 גרם,false,1,17.90,7.2764,true,1,120327
7622300489434,false,עוגיות אוראו פאדג שו,"איטיליאן פוד, אס.פי.",ES,עוגיות אוראו פאדג שוקולד חלב 246 גרם,גרמים,246.00,100 גרם,false,1,17.90,7.2764,true,1,120328
7622300503079,false,ביסקוויט מצופה שוקול,"איטיליאן פוד, אס.פי.",PL,מילקה מו עוגיות ביסקוויט בציפוי שוקולד 200 גר',גרמים,200.00,100 גרם,false,1,13.90,6.9500,true,1,80050
7622300617820,false,שוקולד חלב אוראו מיל,מנדלז דויצ'לנד סנקס,DE,שוקולד חלב אוראו מילקה 100 גרם,גרמים,100.00,100 גרם,false,1,6.90,6.9000,true,1,88415
7622300756413,false,פילדלפיה 20% שומן עם,דולפין ספא,DE,פילדלפיה גבינת שמנת עם עשבי תיבול 20% שומן 175 גרם,גרמים,175.00,100 גרם,false,1,14.90,8.5143,true,1,120915
7622300761363,false,עוגיות אוראו מיני קר,"איטיליאן פוד, אס.פי.",ID,אוראו מיני כוסות בטעם שוקולד 61.3 גרם,גרמים,67.00,100 גרם,false,1,6.90,10.2985,true,1,107093
7702018366286,false,סכין סימפלי ונוס איש,פרוקטל אנד גמבל,MD,סכין סימפלי ונוס אישה,לא מנהל יחידת מידה,0.00,לא מנהל יחידת מידה,false,1,22.90,0.0000,true,1,128150
7702018471423,false,גילט פיוזן רביעיות ס,פרןקטר אנד גמבל ברלי,PL,גילט פיוזן רביעיות סטארט,יחידה,1.00,יחידה,false,1,39.90,39.9000,true,1,137421
7702018866984,false,סכיני גילוח גילט פיו,תות ממתקי איכות,DE,רביעית סכיני גילוח רב פעמיים,לא מנהל יחידת מידה,0.00,לא מנהל יחידת מידה,false,1,59.90,0.0000,true,1,93480
7702018978120,false,Gillette Clear Gel A,פרוקטר אנד גמבל,PL,Gillette Clear Gel AP Deo Stick Cool Wav,מיליליטרים,70.00,"100 מ""ל",false,1,16.90,24.1429,true,1,55258
7702018980833,false,"ג""ל גילוח מועשר בלחו",ג'ילט,,"ג'ילט ג'ל גילוח סירייס מועשר בלחות 200 מ""ל",מיליליטרים,200.00,"100 מ""ל",false,1,13.90,6.9500,true,1,120574
7702018980932,false,קצף גילוח גילט לעור,קימברלי,GB,"קצף גילוח גילט לעור רגיש 200 מ""ל",מיליליטרים,200.00,"100 מ""ל",false,1,9.90,4.9500,true,1,144904
7702174068833,false,לקקן יוגטה אייס קרים,הדקלאים אגודת שיתופי,CO,לקקן יוגטה אייס קרים 12 יח,גרמים,216.00,100 גרם,false,1,10.90,5.0463,true,1,85379
7702174070201,false,לקקן בטעם מסטיק טופי,קומסטיבלס אלדור,CO,לקקן בטעם מסטיק ממולא טופי בטעם תות 216 גרם,גרמים,216.00,100 גרם,false,1,10.90,5.0463,true,1,88584
7890557432347,false,41/42 כפכפי הווייאנ,אלפרגאטאס,,41/42 כפכפי הווייאנס ברזיל לוגו נייבי,יחידה,1.00,יחידה,false,1,69.90,69.9000,true,1,120057
7890557432361,false,43/44 כפכפי הווייאנ,אלפרגאטאס,,43/44 כפכפי הווייאנס ברזיל לוגו נייבי,יחידה,1.00,יחידה,false,1,69.90,69.9000,true,1,120058
7890557502477,false,כפכפי הווייאנס סלים,אלפרגאטאס,,כפכפי הוויאנס סלים זהב חלק 35-6,יחידה,1.00,יחידה,false,1,49.90,49.9000,true,1,120042
7890557502491,false,כפכפי הווייאנס סלים,אלפרגאטאס,,כפכפי הוויאנס סלים זהב חלק 39-4,יחידה,1.00,יחידה,false,1,49.90,49.9000,true,1,120545
7890732316394,false,כפכפי הווייאנס סלים,אלפרגאטאס,,כפכפי הוויאנס סלים בלו נייבי חלק 39-4,יחידה,1.00,יחידה,false,1,49.90,49.9000,true,1,120143
7890732316493,false,כפכפי הווייאנס סלים,אלפרגאטאס,,כפכפי הוויאנס סלים שחור חלק 39-4,יחידה,1.00,יחידה,false,1,49.90,49.9000,true,1,120140
7891024179482,false,שטיפת פה אופטיק וייט,קולגייט- פלמוליב,PL,קולגייט מי פה אופטיק וייט 500 מל,מיליליטרים,500.00,"100 מ""ל",false,1,31.90,6.3800,true,1,88744
7891224766390,false,הווייאנס טופ מיקס ש,,,כפכפי הווייאנס ברזיל מיקס 41/42,יחידה,1.00,יחידה,false,1,69.90,69.9000,true,1,119650
7891224766406,false,הווייאנס טופ מיקס ש,,,כפכפי הווייאנס ברזיל מיקס 43/44,יחידה,1.00,יחידה,false,1,69.90,69.9000,true,1,119651
7891266827370,false,כפכפי הווייאנס סלים,אלפרגאטאס,,כפכפי הוויאנס סלים אפור חלק 39,יחידה,1.00,יחידה,false,1,49.90,49.9000,true,1,120427
7893249567075,false,כפכפי הווייאנס סלים,אלפרגאטאס,,כפכפי הוויאנס סלים חלק בלט 35-6,יחידה,1.00,יחידה,false,1,49.90,49.9000,true,1,120331
7893249567099,false,כפכפי הווייאנס סלים,אלפרגאטאס,,כפכפי הוויאנס סלים חלק בלט 39,יחידה,1.00,יחידה,false,1,49.90,49.9000,true,1,120333
7893249567105,false,כפכפי הווייאנס סלים,אלפרגאטאס,,כפכפי הוויאנס סלים חלק בלט 41-2,יחידה,1.00,יחידה,false,1,49.90,49.9000,true,1,120334
8000070010680,false,קפסולות אספרסו ויגור,לאוג'י לוואצה אס.פי.,IT,קפסולות אספרסו ויגורוסו 55 גרם,גרמים,55.00,100 גרם,false,1,16.90,30.7273,true,1,143588
8000070081000,false,קפסולות קפה הרמוניקו,לאוג'י לוואצה אס.פי.,IT,קפסולות קפה הרמוניקו 50 גרם,גרמים,50.00,100 גרם,false,1,16.90,33.8000,true,1,143589
8000070081017,false,קפסולות דיצו 50 גרם,לאוג'י לוואצה אס.פי.,IT,קפסולות דיצו 50 גרם,גרמים,50.00,100 גרם,false,1,16.90,33.8000,true,1,143590
8000215204240,false,משקה שקדים ואורז אור,אלינור,IT,משקה שקדים ואורז אורגני 1 ליטר,ליטרים,1.00,ליטר,false,1,13.90,13.9000,true,1,71290
8000215204677,false,ויטריז משקה שיבולת ש,ויטריז,IT,ויטריז משקה שיבולת שועל בריסטה אורגני 1ל,ליטרים,1.00,ליטר,false,1,13.90,13.9000,true,1,141927
8000380003723,false,ופל גרנד פטיסרי אגוז,קריניציה ויטמינה אס,IT,ופל גרנד פטיסרי אגוזים 100 גרם,גרמים,100.00,100 גרם,false,1,12.90,12.9000,true,1,9510
8000380003754,false,גרנד פטיסרי קפוצינו,"כד בני דרום בע""מ",IT,גרנד פטיסרי קפוצינו 100 גרם,גרמים,100.00,100 גרם,false,1,12.90,12.9000,true,1,123603
8000380003761,false,ופל גרנד פטיסרי קוקו,קריניציה ויטמינה אס,IT,לואקר גרנד פטיסרי קוקוס 100 גרם,גרמים,100.00,100 גרם,false,1,12.90,12.9000,true,1,9511
8000380004669,false,ופל סנדויץ קקאו לואק,"א. לואקר, קונפקט ג'י",AT,ופל סנדויץ קקאו לואקר 200 גרם,גרמים,200.00,100 גרם,false,1,14.90,7.4500,true,1,59162
8000380004676,false,ופל סנדויץ קרם וניל,"א. לואקר, קונפקט ג'י",AT,ופל סנדויץ קרם וניל לואקר 200 גרם,גרמים,200.00,100 גרם,false,1,14.90,7.4500,true,1,9512
8000380004911,false,ופל קואדרטיני אגוז 2,א. לואקר,AT,קוארדטיני אגוז 250 גר',גרמים,250.00,100 גרם,false,1,14.90,5.9600,true,1,9513
8000380004966,false,ופל קואדרטיני קקאו 2,קריניציה ויטמינה אס,AT,קוארדטיני שוקולד 250 גר',גרמים,250.00,100 גרם,false,1,14.90,5.9600,true,1,9514
8000380007219,false,ופל אגוזים לואקר 175,א. לואקר,AT,לואקר קלאסיק אגוז 175 גרם,גרמים,175.00,100 גרם,false,1,10.90,6.2286,true,1,9515
8000380007257,false,ופל מצופה שוקולד גרד,א. לואקר,IT,לואקר גרנדה אגוז 200 גר',גרמים,200.00,100 גרם,false,1,14.90,7.4500,true,1,9516
8000380007264,false,ופל קקאו לואקר 175 ג,קריניציה ויטמינה אס,AT,לואקר קלאסיק קקאו 175 גרם,גרמים,175.00,100 גרם,false,1,10.90,6.2286,true,1,12710
8000380106028,false,טורטינה אורגינל שישי,קריניציה ויטמינה אס,IT,טורטינה 1/6 חדש,גרמים,125.00,100 גרם,false,1,22.90,18.3200,true,1,46011
8000380144044,false,ופל שוקולד גרדנה 200,לואקר,IT,וופל במילוי קרם שוקולד מצופה שוקולד חלב,גרמים,200.00,100 גרם,false,1,14.90,7.4500,true,1,46013
8000380148035,false,גרנד פטיסרי מריר,קריניציה ויטמינה אס,IT,לואקר גרנד פטיסרי מריר 100 גרם,גרמים,100.00,100 גרם,false,1,12.90,12.9000,true,1,116479
8000380152728,false,לואקר אצבעות גרדנה ב,"אינסטנטה בע""מ",IT,לואקר אצבעות גרדנה בשקית-שוקולד 125 גרם,גרמים,125.00,100 גרם,false,1,18.90,15.1200,true,1,85285
8000380153442,false,ופל אגוז לואקר 90 גר,לואקר,,ופל אגוז לואקר 90 גרם,גרמים,90.00,100 גרם,false,1,7.90,8.7778,true,1,89660
8000380153466,false,ופל שוקולד לואקר 90,קריניציה ויטמינה אס,IT,ופל שוקולד לואקר 90 גרם,גרמים,90.00,100 גרם,false,1,7.90,8.7778,true,1,89654
8000380156009,false,בונבוניירה ורד דולומ,קריניציה ויטמינה אס,IT,בונבוניירה ורד דולומיטים חלב 150 גרם,גרמים,150.00,100 גרם,false,1,23.90,15.9333,true,1,135146
8000380156573,false,ורד הדולומיטים מעורב,קריניציה ויטמינה אס,IT,דולומיטים חלב 100ג,גרמים,150.00,100 גרם,false,1,23.90,15.9333,true,1,112686
8000380180721,false,ופל לואקר קלאסיק שוק,א. לואקר,AT,לואקר קלאסיק שוקו-חלב 175 גרם,גרמים,175.00,100 גרם,false,1,10.90,6.2286,true,1,114814
8000380180745,false,ופל קואדרטיני שושו ל,"א. לואקר, קונפקט ג'י",AT,ופל קואדרטיני שושו לבן 250 גרם,גרמים,250.00,100 גרם,false,1,14.90,5.9600,true,1,114751
8000380180837,false,גרנד פטיסרי במילוי ק,"אינסטנטה בע""מ",IT,גרנד פטיסרי במילוי קרם קוקוס ובציפוי שוק,גרמים,100.00,100 גרם,false,1,12.90,12.9000,true,1,114743
8000380181032,false,לואקר אצבעות גרדנה ב,"אינסטנטה בע""מ",IT,לואקר אצבעות גרדנה בשקית-אגוז לבן 125 גר,גרמים,125.00,100 גרם,false,1,18.90,15.1200,true,1,123594
8000380205400,false,קוואדרטיני חמאת בוטנ,לואקר,IT,קוואדרטיני חמאת בוטנים 250 גרם,גרמים,250.00,100 גרם,false,1,14.90,5.9600,true,1,143582
8000500023976,false,בונבוניירה רפאלו 150,פררו,PL,כדור וופל בציפוי קוקוס פריך במילוי קרם ושקד שלם,גרמים,150.00,100 גרם,false,1,19.90,13.2667,true,1,9517
8000500037874,false,בונבוניירה רושר אריז,פררו,IT,בונבוניירה רושר אריזה דקורטיבית 200 גרם,גרמים,200.00,100 גרם,false,1,29.90,14.9500,true,1,9521
8000500071083,false,שוקולד קינדר אריזה ד,קדבורי,IT,אצבעות שוקולד קינדר 200 גר,גרמים,200.00,100 גרם,false,1,12.90,6.4500,true,1,9522
8000500075708,false,שלישיית קינדר גוי כח,פררו,ZA,שלישיית קינדר גוי כחול 60 גרםT3X32,גרמים,60.00,100 גרם,false,1,15.90,26.5000,true,1,98859
8000500160466,false,פררו רושה מארז חג,גוד פוד פרודקטס S.p,IT,פררו רושה מארז חג,גרמים,75.00,100 גרם,false,1,15.90,21.2000,true,1,126364
8000500227848,true,נוטלה בי רדי שישיה 1,קדבורי,IT,נוטלה בי רדי שישיה 132 גרם,גרמים,132.00,100 גרם,false,1,13.90,10.5303,true,1,123786
8000500249352,false,חטיפי בואנו מיני מיק,פררו,PL,קינדר בואנו מיני מיקס,גרמים,205.00,100 גרם,false,1,21.90,10.6829,true,1,123792
8000500256213,false,שוקולד קינדר מיני 12,פררו,IT,קינדר שוקולד מיני 120 גרם,גרמים,120.00,100 גרם,false,1,12.90,10.7500,true,1,129258
8000500267103,true,קינדר דליס עשיריה,פררו,IT,קינדר דליס עוגת ספוג קקאו במילוי חלבי 390 גרם,גרמים,390.00,100 גרם,false,1,20.90,5.3590,true,1,123785
8001090222428,true,הרבל אסנסס שמפו חלב,קדבורי,FR,הרבל אסנסס שמפו חלב קוקוס,Unknown,0.00,Unknown,false,1,19.90,0.0000,true,1,137020
8001090222756,true,הרבל אסנסס מרכך שמן,קדבורי,FR,הרבל אסנסס מרכך שמן מורינגה,Unknown,0.00,Unknown,false,1,19.90,0.0000,true,1,137023
8001090336354,false,פמפרס בייבי דריי מיד,קדבורי,DE,פמפרס בייבי דריי מידה 2 46 יחידות,לא מנהל יחידת מידה,0.00,לא מנהל יחידת מידה,false,1,35.90,0.0000,true,1,128788
8001090336408,false,פמפרס בייבי דריי מיד,קדבורי,DE,פמפרס בייבי דריי מידה 3 38 יחידות,לא מנהל יחידת מידה,0.00,לא מנהל יחידת מידה,false,1,35.90,0.0000,true,1,128789
8001090810083,false,פנטן קונדישנר נוסחה,פרוקטר אנד גמבל,,"פנטן קונדישנר נוסחה קלאסית 500 מ""ל",מיליליטרים,500.00,"100 מ""ל",false,1,18.90,3.7800,true,1,122868
8001090891273,false,לנור כדוריות הבושם ב,פרוקטר אנד גמבל,US,לנור כדוריות הבושם בניחוח סחלב 210 גרם,גרמים,210.00,100 גרם,false,1,29.90,14.2381,true,1,138682
8001090899255,true,תחבושות אולוויז פלטי,פרוקטר אנד גמבל,DE,תחבושות אולוויז פלטינום לילה 16 יח',Unknown,0.00,Unknown,false,1,18.90,0.0000,true,1,128140
8001090988768,false,פנטן שמפו הזנת קרטין,פרוקטר אנד גמבל,,"פנטן שמפו הזנת קרטין 500 מ""ל",מיליליטרים,500.00,"100 מ""ל",false,1,18.90,3.7800,true,1,122875
8001160001786,false,משקה גטורייד ספורט כ,פארייפאבה אגרואינדוס,IT,"משקה גטורייד ספורט כחול 500 מ""ל",מיליליטרים,500.00,"100 מ""ל",false,1,10.90,2.1800,true,1,87778
8001160001892,false,משקה גטורייד ספורט ת,פארייפאבה אגרואינדוס,IT,גטורייד ספורט תפוז אדום בקבוק 500 תריסר,מיליליטרים,500.00,"100 מ""ל",false,1,10.90,2.1800,true,1,89018
8001620015636,false,סן בנדטו מיקס פירות,"איי, בי, אינבוו",IT,משקה פירות פרוטה בטעם מיקס פירות,מיליליטרים,400.00,"100 מ""ל",false,1,8.50,2.1250,true,1,133593
8001841062624,false,פמפרס מגבונים רביעיי,פרוקטר אנד גמבל.,DE,פמפרס מגבונים רביעייה ללא בישום,יחידה,4.00,יחידה,false,4,17.90,4.4750,true,1,145481
8001841077949,false,פמפרס מגבונים רביעיי,פרוקטר אנד גמבל,DE,פמפרס מגבונים רביעייה עם בישום,יחידה,4.00,יחידה,false,4,17.90,4.4750,true,1,145480
8001841669465,false,אריאל קפסולות 24 יח,קדבורי,FR,אריאל קפסולות 24 יח בניחוח לנור,יחידה,1.00,יחידה,false,1,39.90,39.9000,true,1,134275
8001841716312,false,שולדרס גל רחצה ושמפו,פרוקטר & גמבל,FR,"שולדרס גל רחצה ושמפו ספורט, 360 מ""ל",מיליליטרים,360.00,"100 מ""ל",false,1,19.90,5.5278,true,1,134910
8001841722221,false,מגן תחתון אולוויז לא,פרוקטר & גמבל,DE,מגן תחתון אולוויז לארג 48יחידות,לא מנהל יחידת מידה,0.00,לא מנהל יחידת מידה,false,1,19.90,0.0000,true,1,132039
8001841722306,false,מגן תחתון אולוויז לו,פרוקטר & גמבל,DE,מגן תחתון אולוויז וליופק לונג פלוס 40 יחידות,לא מנהל יחידת מידה,0.00,לא מנהל יחידת מידה,false,1,19.90,0.0000,true,1,134519
8002920016903,false,LADORIA עגבניות מרוס,,IT,LADORIA עגבניות מרוסקות שלישיה 400גרם,גרמים,400.00,100 גרם,false,3,15.90,3.9750,true,1,142704
8003385310667,false,אנטונלה עגבניות פסאט,אנטונלה,IT,אנטונלה עגבניות פסאטה 680 גרם,גרמים,680.00,100 גרם,false,1,12.90,1.8971,true,1,141426
8003385312104,false,עגבניות קוביות אנטונ,אנטונלה,IT,עגבניות קוביות אנטונלה שלישייה 400גרם,גרמים,400.00,100 גרם,false,3,14.90,3.7250,true,1,141431
8003753158556,false,קפסולות אספרסו קלאסי,ג'ייקובס דאו אגרבטס,FR,קפסולות אספרסו קלאסיקו ILLY 10יח 57גרם,גרמים,57.00,100 גרם,false,1,19.90,34.9123,true,1,129365
8004030044005,false,טונה בשמן זית ריו מר,"איטיליאן פוד, אס.פי.",IT,ריו מרה טונה בשמן זית 160 ג,גרמים,160.00,100 גרם,false,1,18.50,11.5625,true,1,9652
8004030081024,false,טונה בשמן זית שום ופ,"איטיליאן פוד, אס.פי.",IT,ריו מר נתחי טונה בהירה בשמן זית ופלפל 160 גרם,גרמים,160.00,100 גרם,false,1,18.50,11.5625,true,1,9654
8005803010371,false,גריסיני רוזמרין 125,"אינסטנטה בע""מ",IT,גריסיני רוזמרין 125 גרם,גרמים,125.00,100 גרם,false,1,8.90,7.1200,true,1,115193
8005803010586,false,גריסיני פיצה 125 גרם,"אינסטנטה בע""מ",IT,מקלות אפויים בטעם פיצה,גרמים,125.00,100 גרם,false,1,8.90,7.1200,true,1,115183
8006540019672,false,נוזל כלים פיירי פלטי,פרוקטר & גמבל,GB,נוזל כלים פיירי פלטינום 700 מל,מיליליטרים,700.00,"100 מ""ל",false,1,11.90,1.7000,true,1,144898
8006540112823,false,לנור מרכך מרוכז אוקי,פרוקטר & גמבל,FR,לנור מרכך מרוכז אוקיינוס 900מל,מיליליטרים,900.00,"100 מ""ל",false,1,16.90,1.8778,true,1,140010
8007178223547,false,קרם בלסמי מצומצם 250,פארייפאבה אגרואינדוס,IT,קרם בלסמי מצומצם ממודנה 250 מל,מיליליטרים,250.00,"100 מ""ל",false,1,24.90,9.9600,true,1,109150
8008660210014,false,מאנז גאסר מעדן ריבה,קריניציה ויטמינה אס,IT,מעדן משמש מנז אנד גאסר,גרמים,300.00,100 גרם,false,1,15.90,5.3000,true,1,114080
8008660210021,false,מאנז גאסר מעדן ריבה,שוורצקוף& הנקל דיסלד,IT,מנז אנד גאסר מעדן דובדבן 320 גרם,גרמים,300.00,100 גרם,false,1,15.90,5.3000,true,1,114081
8008660210045,false,מאנז גאסר מעדן ריבה,שוורצקוף& הנקל דיסלד,IT,"מנז אנד גאסר, מעדן פירות יער 300 גרם",גרמים,300.00,100 גרם,false,1,15.90,5.3000,true,1,114079
8017938005122,false,חומץ תפוחים אורגני,מריה לוצ'יה מלצ'יורי,IT,חומץ תפוחים אורגני 750 מל,מיליליטרים,750.00,"100 מ""ל",false,1,19.90,2.6533,true,1,98068
8024985008037,false,מחית סמוזי תפוח נטור,כפרי בריא,IT,סמוצ'י תפוחים אורגניים 100 גרם,גרמים,100.00,100 גרם,false,1,6.20,6.2000,true,1,105309
8024985008051,false,מחית סמוזי פירות אדו,נטורה נובה,IT,סמוצ'י פירות אדומים אורגניים 100 גרם,גרמים,100.00,100 גרם,false,1,6.20,6.2000,true,1,105307
8024985011204,false,נטורה נובה סמוזי תפ,B&D,IL,נטורה נובה - סמוזי תפוח תות בננה 100 גרם,גרמים,350.00,100 גרם,false,1,5.90,1.6857,true,1,142625
8032880800243,false,פיקניק הפתעה 50 גרם,"אינסטנטה בע""מ",IT,פיקניק הפתעה - אגוזי לוז ומקלות אפויים,גרמים,50.00,100 גרם,false,1,10.50,21.0000,true,1,45925
8051277333454,false,מטהר אויר לרכב JEFF,,,מטהר אויר לרכב JEFF LIGHT BLUE LOTUS,יחידה,1.00,יחידה,false,1,13.90,13.9000,true,1,126994
8076800195057,false,פסטה ברילה ספגטיני מ,"איטיליאן פוד, אס.פי.",IT,ברילה ספגטי מס' 5 500 גרם,גרמים,500.00,100 גרם,false,1,6.90,1.3800,true,1,9875
8076802085738,false,פסטה ברילה פנה רגטה,"איטיליאן פוד, אס.פי.",IT,ברילה פנה רגטה מס 73 500 גרם,גרמים,500.00,100 גרם,false,1,6.90,1.3800,true,1,9881
8076802085837,false,פסטה ברילה טורטיליונ,"ש. שסטוביץ בע""מ",IT,פסטה ברילה טורטיליוני מס 83 500 גרם,גרמים,500.00,100 גרם,false,1,6.90,1.3800,true,1,9882
8076802085936,false,פסטה ברילה קונציליה,ברילה גי.אי.אר פרטלי,IT,ברילה פסטה פתיתים - קונצילה ריגטה 500 גרם,גרמים,500.00,100 גרם,false,1,6.90,1.3800,true,1,9884
8076802085981,false,פסטה ברילה פוזילי מס,"איטיליאן פוד, אס.פי.",IT,ברילה פסטה פתיתים פוזילי 500 גרם,גרמים,500.00,100 גרם,false,1,6.90,1.3800,true,1,9885
8076808060654,false,פסטה ברילה פרפלה מס,"איטיליאן פוד, אס.פי.",IL,ברילה פסטה פתיתים פרפלה 500 גרם,גרמים,500.00,100 גרם,false,1,6.90,1.3800,true,1,9888
8076808070882,false,פסטה ברילה קנלוני מס,פאסטיפיקו ריגו אס.אר,IT,פסטה ברילה קנלוני מס 88 250 גרם,גרמים,250.00,100 גרם,false,1,14.90,5.9600,true,1,9889
8076809513388,false,רוטב פסטה ברילה ארבי,ברילה גי.אי.אר פרטלי,IT,רוטב פסטה ברילה ארביאטה 400 גרם,גרמים,400.00,100 גרם,false,1,13.90,3.4750,true,1,9894
8076809513395,false,רוטב פסטה ברילה פומו,BARILLA G.E.R.,IT,ברילה רוטב עגבניות קלאסי 400 גרם,גרמים,400.00,100 גרם,false,1,13.90,3.4750,true,1,9895
8076809513654,false,בסיס רוטב ברילה עגבנ,ברילה גי.אי.אר פרטלי,IT,ברילה רוטב בסיס לפסטה בולונז 400 גרם,גרמים,400.00,100 גרם,false,1,13.90,3.4750,true,1,21997
8076809513692,false,רוטב פסטה ברילה נפול,ברילה גי.אי.אר פרטלי,IT,ברילה רוטב עגבניות עם ירקות שורש לפסטה 400 גרם,גרמים,400.00,100 גרם,false,1,13.90,3.4750,true,1,9896
8076809513739,false,רוטב פסטה ברילה בזיל,ברילה גי.אי.אר פרטלי,IT,ברילה רוטב עגבניות עם בזיליקום לפסטה 400 גרם,גרמים,400.00,100 גרם,false,1,13.90,3.4750,true,1,35110
8076809523714,false,פסטה ברילה טליאטלה 5,"ש. שסטוביץ בע""מ",IT,פסטה ברילה טליאטלה 500 גרם,גרמים,500.00,100 גרם,false,1,24.90,4.9800,true,1,22293
8076809523738,false,לזניה ברילה,ברילה גי.אי.אר פרטלי,IT,לזניה ברילה 500 גרם,גרמים,500.00,100 גרם,false,1,23.90,4.7800,true,1,14482
8076809545440,false,אטריות ללא גלוטן ברי,"ש. שסטוביץ בע""מ",IT,"ברילה אטריות על בסיס קמח תירס ללא גלוטן, 400 גרם",גרמים,400.00,100 גרם,false,1,14.90,3.7250,true,1,112404
8076809576352,false,ברילה לזניה ללא גלוט,ברילה גי.אי.אר פרטלי,IT,ברילה לזניה ללא גלוטן 250 גרם,גרמים,250.00,100 גרם,false,1,22.90,9.1600,true,1,139668
8410076620507,false,רביעיית נאט קרים שוק,"אינסטנטה בע""מ",PT,נייטשר ואלי נאט קרים – שיבולת שועל וקרם אגוזי לוז,גרמים,152.00,100 גרם,false,1,14.90,9.8026,true,1,123606
8410076801067,false,חטיף נייטצר ואלי דבש,סאן אדריאן,ES,חטיף נייטצר ואלי דבש 21 גרם,גרמים,21.00,100 גרם,false,1,2.90,13.8095,true,1,143950
8410076801074,false,חטיף נייטצר ואלי שוק,סאן אדריאן,ES,חטיף נייטצר ואלי שוקולד 21 גרם,גרמים,21.00,100 גרם,false,1,2.90,13.8095,true,1,143951
8410104045111,false,פיניש מלח למדיח,מלח הארץ,IL,פיניש מלח למדיח כלים 2 קג,קילוגרמים,2.00,"ק""ג",false,1,14.90,7.4500,true,1,10222
8410179100043,false,BORGES שמן זית כתית,פוד טים,ES,"BORGES שמן זית כתית מעולה 750 מ""ל",מיליליטרים,750.00,"100 מ""ל",false,1,36.90,4.9200,true,1,127588
8410182420114,false,בצלצלי פנינה בחומץ 3,דליסיאס,,בצלצלי פנינה בחומץ 370 גרם,גרמים,370.00,100 גרם,false,1,11.90,3.2162,true,1,68779
8420708012822,false,קשקבל צאן בשלה 200 ג,מיוצר עי קונדיטוריית,ES,קשקבל צאן בשלה 200 גר נני,גרמים,200.00,100 גרם,false,1,27.90,13.9500,true,1,105727
8423207206488,false,חטיף דגנים סלים דליס,אף.סי תבליני בגליל ב,ES,חטיף דגנים סלים דליס שוקולד חלב 120 גרם,גרמים,120.00,100 גרם,false,1,13.90,11.5833,true,1,104384
8423207206495,false,חטיף דגנים סלים דליס,אף.סי תבליני בגליל ב,ES,חטיף דגנים סלים דליס שוקולד מריר 120 גרם,גרמים,120.00,100 גרם,false,1,13.90,11.5833,true,1,104385
8423207207362,false,סלים דליס,ביסנצ'ורי אס.אל.יו,ES,סלים דליס שוקולד לבן 120 גרם,גרמים,120.00,100 גרם,false,1,13.90,11.5833,true,1,104387
8423371000516,false,פיצוחים בפחית טו גו,,ES,פיצוחים בפחית טו גו בוטנים ושקדים מקורמל,גרמים,50.00,100 גרם,false,1,5.90,11.8000,true,1,129840
8423371000653,false,פיצוחים בפחית טו גו,SALTS OK,ES,סאליסול טו גו בוטנים עם דבש ומלח,גרמים,50.00,100 גרם,false,1,5.90,11.8000,true,1,127747
8423371005078,false,פיצוחים בפחית טו גו,SALTS OK,ES,סאליסול טו גו מיקס פיקנטי,גרמים,50.00,100 גרם,false,1,5.90,11.8000,true,1,127746
8423371005795,false,פיצוחים בפחית טו גו,SALTS OK,ES,סאליסול טו גו קאנטרי מיקס,גרמים,45.00,100 גרם,false,1,5.90,13.1111,true,1,127743
8434165466333,false,מיני קרקרים עגולים ק,קאויקיולי,ES,מיני קרקרים עגולים קואטרה 350 גרם,גרמים,350.00,100 גרם,false,1,9.90,2.8286,true,1,144110
8595134503302,false,פילטר 6 ארוך,,,פילטר 6 ארוך,Unknown,0.00,Unknown,false,1,6.50,0.0000,false,1,124303
8595134503487,false,פילטר 5.3 ארוך,,,פילטר 5.3 ארוך,יחידה,1.00,יחידה,false,1,7.50,7.5000,true,1,126653
8595134503975,false,נייר בינוני כולל פיל,,,נייר בינוני כולל פילטר,לא מנהל יחידת מידה,0.00,לא מנהל יחידת מידה,false,1,6.00,0.0000,false,1,128935
8606018615827,false,פיינט אוראו 480גרם,נסטלה,IL,פיינט אוראו 480גרם,גרמים,480.00,100 גרם,false,1,22.90,4.7708,true,1,142372
8606018615841,false,פיינט מילקה וניל ליב,נסטלה,IL,פיינט מילקה וניל ליבת שוקולד 480גרם,גרמים,480.00,100 גרם,false,1,22.90,4.7708,true,1,142373
8606018615865,false,פיינט מילקה קרמל ליב,נסטלה,IL,פיינט מילקה קרמל ליבת שוקולד 480גרם,גרמים,480.00,100 גרם,false,1,22.90,4.7708,true,1,142374
8683130012666,false,מגנום דאבל לבן עוגיו,שטראוס גרופ גלידות,IL,מגנום דאבל לבן עוגיות 74 גרם,גרמים,74.00,100 גרם,false,1,11.90,16.0811,true,1,142706
8690504033431,false,שוקולד בר גודייבה חל,פלאדיס,TR,שוקולד בר גודייבה חלב 35 גרם,גרמים,35.00,100 גרם,false,1,4.90,14.0000,true,1,128278
8690504081913,false,עוגיות טינס מצופה שו,שוורצקוף& הנקל דיסלד,TR,עוגיות טינס מצופה שוקולד חלב 150 גרם,גרמים,150.00,100 גרם,false,1,13.90,9.2667,true,1,120113
8690504081920,false,טינס מצופה שוקולד מר,שוורצקוף& הנקל דיסלד,TR,טינס מצופה שוקולד מריר 150 גרם,גרמים,150.00,100 גרם,false,1,13.90,9.2667,true,1,120112
8690504081937,false,טינס חלב וקפוצינו,שוורצקוף& הנקל דיסלד,TR,טינס חלב וקפוצינו,גרמים,150.00,100 גרם,false,1,13.90,9.2667,true,1,120114
8690526019154,false,וופל קקאו ETI 142 גר,מולינו ניקולי s.p.a,TR,וופל קקאו ETI 142 גרם,גרמים,142.00,100 גרם,false,1,7.90,5.5634,true,1,132142
8690637007705,false,שלגון מסטיגם 80 גרם,"מיוצר ע""י יוניליוור",TR,שלגון מסטיגם 80 גרם,גרמים,80.00,100 גרם,false,1,6.90,8.6250,true,1,124050
8690637555084,false,מרכך כביסה בדין אקסט,יוניליוור סנאיי וי ט,TR,בדין מרכך כביסה אקסטרה פריחת התפוז,מיליליטרים,960.00,"100 מ""ל",false,1,19.90,2.0729,true,1,63572
8690637842382,false,מגנום וניל פירות יער,שטראוס גרופ גלידות,,מגנום וניל פירות יער,גרמים,85.00,100 גרם,false,1,11.90,14.0000,true,1,119533
8690637842399,false,מאגדת מיני מגנום 1/6,שטראוס גרופ גלידות,TR,מאגדת מיני מגנום 1/6 329 גרם דאבל פרי יע,גרמים,379.00,100 גרם,false,1,32.90,8.6807,true,1,119534
8690637890666,false,מגנום דאבל פיסטוק מא,שטראוס גלידות,TR,מאגדת מיני מגנום 1/6 329 גרם דאבל פיסטוק,גרמים,282.00,100 גרם,false,1,29.90,10.6028,true,1,125522
8690637935701,false,בדין אקסטרה מרוכז פר,יוניליוור סנאיי וי ט,TR,Badin מרכך כביסה 960 ML,מיליליטרים,960.00,"100 מ""ל",false,1,19.90,2.0729,true,1,129146
8690637949418,false,מאגדת 1/5 מיני סולרו,יוניליוור,TR,סולרו מאגדת סולרו 100% פרי משמש ואפרסק 5 יחידות,גרמים,323.00,100 גרם,false,5,26.90,8.3282,true,1,132728
8690637989612,false,מגנום מיני דאבל דולצ,יוניליוור,TR,מגנום מיני דאבל דולצה גולד 246גרם,גרמים,246.00,100 גרם,false,1,32.90,13.3740,true,1,133609
8690637989629,false,מגנום דאבל דולצה גול,יוניליוור,TR,מגנום שלגון מגנום דאבל דולצ'ה גולד 63 גרם,גרמים,63.00,100 גרם,false,1,11.90,18.8889,true,1,133224
8690637997914,false,מגנום כוס אישי שמנת,יונילוור,IL,מגנום כוס אישי שמנת ונ.שקדים 76גרם,גרמים,76.00,100 גרם,false,1,7.90,10.3947,true,1,140369
8690637997921,false,מגנום כוס אישי שמנת,יונילוור,IL,מגנום כוס אישי שמנת וניל 81 גרם,גרמים,81.00,100 גרם,false,1,7.90,9.7531,true,1,140370
8690766156367,false,טבלאת שוקולד גודאייב,"אולקר מקבוצת פלאדיס,",TR,טבלת שוקולד חלב מעולה,גרמים,90.00,100 גרם,false,1,14.90,16.5556,true,1,129511
8690766156374,false,טבלאת שוקולד מריר 72,"אולקר מקבוצת פלאדיס,",TR,טבלת שוקולד מריר מעולה 72% מוצקי קקאו,גרמים,90.00,100 גרם,false,1,14.90,16.5556,true,1,129514
8690766156381,false,טבלאת שוקולד גודאייב,"אולקר מקבוצת פלאדיס,",TR,טבלת שוקולד מריר מעולה 90% מוצקי קקאו,גרמים,90.00,100 גרם,false,1,14.90,16.5556,true,1,129512
8690766156398,false,שוקולד חלב מעולה בתו,"אולקר מקבוצת פלאדיס,",TR,שוקולד חלב מעולה בתוספת שברי שקדים קלויי,גרמים,90.00,100 גרם,false,1,14.90,16.5556,true,1,130646
8690766156404,false,שוקולד מריר מעולה בט,גודייבה,TR,שוקולד מריר מעולה בטעם תפוז אדום,גרמים,90.00,100 גרם,false,1,14.90,16.5556,true,1,130645
8690777206051,false,חציל קלוי על האש 650,קוראהן פזלרמה וי דיס,TR,סרה חציל קלוי על האש 650 גרם,גרמים,650.00,100 גרם,false,1,12.90,1.9846,true,1,49482
8693495041461,false,מברשת שיניים סלים,קולגייט פלמוליב,CN,קולגייט מברשת סלים פחם זוג,יחידה,1.00,יחידה,false,1,27.90,27.9000,true,1,98895
8693495051255,false,זוג מברשות שיניים קו,קולגייט - פלמוליב,CN,קולגייט מברשת סלים סופט זהב זוג,יחידה,1.00,יחידה,false,1,34.90,34.9000,true,1,118108
8697418280111,false,"עלי טורטייה 25 ס""מ 8",רמירז,,"עלי טורטייה 25 ס""מ 840 גרם",גרמים,840.00,100 גרם,false,1,27.60,3.2857,true,1,51698
8697418280333,false,שערות קדאיף 500 גרם,פרנסס און וה,TR,שערות קדאיף 500 גרם,גרמים,500.00,100 גרם,false,1,22.90,4.5800,true,1,104820
8697530910743,false,סיגריות פאל מל כחול,BAT,,סיגריות פאל מל כחול חפיסה בודד,יחידה,1.00,יחידה,false,1,31.40,31.4000,false,1,46641
8697530910750,false,סיגריות פאל מל כחול,BAT,,סיגריות פאל מל כחול ארוך חפיסה בודד,יחידה,0.00,יחידה,false,1,31.40,0.0000,false,1,46642
8697530910781,false,סיגריות פאל מל אדום,BAT,,סיגריות פאל מל אדום חפיסה בודד,יחידה,1.00,יחידה,false,1,31.40,31.4000,false,1,46643
8697530910941,false,סיגריות פאל מל כחול,BAT,,סיגריות פאל מל כחול פקט 10 יח,יחידה,1.00,יחידה,false,1,289.00,289.0000,false,1,46644
8710103787402,false,סכין וואן בלייד,פיליפס,ID,סכין וואן בלייד,לא מנהל יחידת מידה,0.00,לא מנהל יחידת מידה,false,1,119.90,0.0000,true,1,127717
8710447231807,false,סיף תרסיס לניקוי מטב,יוניליוור,GB,סיף תרסיס לניקוי מטבח 450 מל,ליטרים,450.00,ליטר,false,1,12.90,0.0287,true,1,143423
8710502100864,false,מרבה פטיסרי עוגיות ד,מרבה,NL,מרבה פטיסרי עוגיות דאבל שוקולד 200 גרם,גרמים,200.00,100 גרם,false,1,11.90,5.9500,true,1,144104
8710502194801,false,עוגיות שוקולד ציפס פ,קרלו,NL,מרבה עוגיות שוקולד צ'יפס במרקם רך עם פירות יער,גרמים,175.00,100 גרם,false,1,9.90,5.6571,true,1,114571
8710502279010,false,מרבה עוגיות מצופות ש,"מרבה בע""מ",NL,מרבה עוגיות שוקולד ציפס מצופות שוקולד,גרמים,175.00,100 גרם,false,1,9.90,5.6571,true,1,132508
8710502405204,false,עוגיות שוקולד ציפס מ,קריניציה ויטמינה אס,NL,מרבה עוגיות ממולאות קרם שוקולד,גרמים,175.00,100 גרם,false,1,9.90,5.6571,true,1,83712
8710502470028,false,עוגיות שוקולד ציפס נ,קריניציה ויטמינה אס,NL,עוגיות שוקולד ציפס נוגטלי מרבה 160 גרם,גרמים,160.00,100 גרם,false,1,9.90,6.1875,true,1,72423
8710847892110,true,בדין כדוריות הבושם כ,יוניליוור רומניה,RO,Badin 275 GR,מיליליטרים,275.00,"100 מ""ל",false,1,30.90,11.2364,true,1,126009
8711327475618,false,פיינט מגנום וניל קלא,יוניליוור,HU,מגנום גלידת שמנת בטעם וניל 440 מל,גרמים,260.00,100 גרם,false,1,25.90,9.9615,true,1,132547
8711327475663,false,פיינט מגנום וניל שוק,יוניליוור,HU,גלידת שמנת בטעם וניל עם שוקולד לבן,גרמים,260.00,100 גרם,false,1,25.90,9.9615,true,1,132546
8711327475717,false,פיינט מגנום וניל שקד,יוניליוור,HU,מגנום גלידת שמנת בטעם וניל עם שקדים 440 מל,גרמים,260.00,100 גרם,false,1,25.90,9.9615,true,1,132548
8711327475762,false,פיינט מגנום שוקולד ל,יוניליוור,HU,מגנום גלידת שמנת שוקולד לבן ועוגיות 440 מל,גרמים,260.00,100 גרם,false,1,25.90,9.9615,true,1,132549
8712000050146,false,בירה הייניקן בקבוק 3,טמפו,IL,"בירה הייניקן ללא אלכוהול בקבוק 330 מ""ל",מיליליטרים,330.00,"100 מ""ל",false,1,6.90,2.0909,true,1,126169
8712400802512,false,נוטרילון שלב 2,פרוטרופיק סיה.,NL,נוטרילון שלב 800 2 גרם,גרמים,800.00,100 גרם,false,1,62.90,7.8625,true,1,116875
8712400802536,false,נוטרילון שלב 3,פרוטרופיק סיה.,NL,נוטרילון 3- 800 גרם,גרמים,800.00,100 גרם,false,1,62.90,7.8625,true,1,116876
8712561599337,false,סיף תרסיס לניקוי חדר,יוניליוור,GB,סיף תרסיס לניקוי חדרי אמבט 450 מל,ליטרים,450.00,ליטר,false,1,12.90,0.0287,true,1,143425
8712561600026,false,סיף תרסיס לניקוי רב,יוניליוור,GB,סיף תרסיס לניקוי רב תכליתי עם אקונומיקה,ליטרים,450.00,ליטר,false,1,12.90,0.0287,true,1,143426
8714599512159,false,גייקובס מגורען 190 ג,"אל.אל.סי ""גייקובס דא",RU,גייקובס מגורען 190 גרם,גרמים,190.00,100 גרם,false,1,28.90,15.2105,true,1,142025
8714789177229,false,מברשת שיניים אקסטרא,קולגייט פלמוליב,CN,מברשת שיניים אקסטרא קלין 4 יח,יחידה,1.00,יחידה,false,1,14.90,14.9000,true,1,21573
8714789218465,false,מברשת שיניים קולגייט,קולגייט פלמוליב,CN,זוג מברשות שיניים קולגייט 360 סופט,לא מנהל יחידת מידה,0.00,לא מנהל יחידת מידה,false,1,33.90,0.0000,true,1,34029
8714789303925,false,מברשת שיניים 360 זוג,קולגייט- פלמוליב,,קולגייט מב.שיניים 360 סנסטיב ז,Unknown,0.00,Unknown,false,1,33.90,0.0000,true,1,47499
8714789514505,false,פלמוליב ארומה סנסייש,פלמוליב,TR,"פלמוליב ארומה סנסיישן לבנדר 250 מ""ל",מיליליטרים,250.00,"100 מ""ל",false,1,10.00,4.0000,true,1,130587
8714789514635,false,פלמוליב ארומה סנסייש,פלמוליב,TR,"פלמוליב ארומה סנסיישן מסאז 250 מ""ל",מיליליטרים,250.00,"100 מ""ל",false,1,10.00,4.0000,true,1,130588
8714789930848,false,משחת שיניים אופטיק,קולגייט פלמוליב,PL,קולגייט משחת שיניים אופטיק הלבנה מיידית 75 מל,מיליליטרים,75.00,"100 מ""ל",false,1,23.90,31.8667,true,1,98863
8715700419732,false,מתבל עגבניות היינץ 7,ה.י. היינץ,NL,היינץ מתבל עגבניות 700 גרם,גרמים,700.00,100 גרם,false,1,9.90,1.4143,true,1,98246
8715700421322,true,רוטב ברביקיו צילי,ה.י היינץ הולדינג בי,NL,היינץ רוטב ברביקיו צ'ילי 490 גרם,יחידה,1.00,יחידה,false,1,17.90,17.9000,true,1,136595
8715700422473,false,מיונז היינץ ללא חומר,ה.י.היינץ,NL,היינץ ממרח לחיץ ללא חומרים משמרים,גרמים,395.00,100 גרם,false,1,15.90,4.0253,true,1,135098
8717472073099,false,חטיף ברבריאן שוקולד,,IL,חטיף ברבריאן שוקולד קרמל 55גרם,גרמים,55.00,100 גרם,false,1,17.90,32.5455,true,1,129093
8717677336630,false,שוקולד חלב עם שקדים,אלפרד ריטר,NL,שוקולד חלב עם שקדים ודבש טוניס,גרמים,180.00,100 גרם,false,1,19.90,11.0556,true,1,141952
8717677336661,false,שוקולד מריר 70% 180,אלפרד ריטר,NL,טוניס' שוקולונלי - שוקולד מריר מעולה 70%,גרמים,180.00,100 גרם,false,1,19.90,11.0556,true,1,141953
8718114724485,false,מיונז הלמנס לחיץ 750,יוניליוור,GB,מיונז הלמנס לחיץ 750 גרם,גרמים,750.00,100 גרם,false,1,23.90,3.1867,true,1,145534
8718951001602,false,אגקס ספריי רב פעולות,הנסיך- מפעל לייצור ט,GR,אג'קס מסיר לכלוך ניקוי אבנית לניקוי כללי 600 מל,מיליליטרים,600.00,"100 מ""ל",false,1,12.90,2.1500,true,1,110149
8718951236790,false,משחת שיניים קולגייט,Colgate (Euro)-Palmo,PL,"משחת שיניים קולגייט טוטל משפחתי 100 מ""ל",מיליליטרים,100.00,"100 מ""ל",false,1,17.90,17.9000,true,1,125693
8718951247871,false,אגקס טריגר שירותים 5,CP UK,GR,"אגקס טריגר שירותים 500 מ""ל",מיליליטרים,500.00,"100 מ""ל",false,1,12.90,2.5800,true,1,129124
8718951289833,false,פלמוליב סבון מוצק לו,CP UK,TR,פלמוליב סבון מוצק לומינוס 4*90 גרם,יחידה,1.00,יחידה,false,1,12.90,12.9000,true,1,128756
8718951312722,false,משחת שיניים קולגייט,קולגייט פלמוליב,PL,משחת שיניים קולגייט מקסווייט 100 מל,מיליליטרים,100.00,"100 מ""ל",false,1,11.90,11.9000,true,1,143429
8718951313576,false,משחת שיניים קולגייט,קולגייט פלמוליב,PL,משחת שיניים קולגייט מקס פרש כחול 100 מל,מיליליטרים,100.00,"100 מ""ל",false,1,11.90,11.9000,true,1,143430
8718951333048,false,פלמוליב סבון ידיים ל,"ש. שסטוביץ בע""מ",IT,פלמוליב סבון ידיים למנרטל ריחות למטבח 300 מל,מיליליטרים,300.00,"100 מ""ל",false,1,9.90,3.3000,true,1,139625
8718951415836,false,קולגייט מי פה פלאקס,קולגייט,PL,קולגייט מי פה פלאקס פחם 500 מל,מיליליטרים,500.00,"100 מ""ל",false,1,31.90,6.3800,true,1,139903
8719200998001,false,בלו בנד עם מלח 200 ג,מיוצר עי קונדיטוריית,IL,בלו בנד עם מלח 200 גרם,גרמים,200.00,100 גרם,false,1,4.70,2.3500,true,1,128952
8719200998094,false,מזולה מרגרינה בטעם ט,"מיוצר ע""י יוניליוור",IL,מזולה מרגרינה בטעם טבעי ללא מלח לאפייה,גרמים,200.00,100 גרם,false,1,6.60,3.3000,true,1,128955
8723400782544,false,מנטוס תפזורת בשקית מ,קדבורי,NL,מנטוס תפזורת בשקית מנטה,לא מנהל יחידת מידה,0.00,לא מנהל יחידת מידה,false,1,12.90,0.0000,true,1,123600
8850389103111,false,משקה סאפה אלוורה ענב,פארייפאבה אגרואינדוס,TH,"סאפה אלוורה ענבים בקבוק 300 מ""ל",מיליליטרים,300.00,"100 מ""ל",false,1,8.50,2.8333,true,1,43289
8850389103128,false,משקה סאפה אלוורה תפו,פארייפאבה אגרואינדוס,TH,"סאפה תפוח בקבוק 300 מ""ל 24 יח",מיליליטרים,300.00,"100 מ""ל",false,1,8.50,2.8333,true,1,43290
8850389104637,false,משקה סאפה אלוורה אפר,פארייפאבה אגרואינדוס,TH,"סאפה אלוורה אפרסק בקבוק 300 מ""ל",מיליליטרים,300.00,"100 מ""ל",false,1,8.50,2.8333,true,1,60114
8850389105825,false,משקה סאפה אלוורה ענב,פארייפאבה אגרואינדוס,TH,סאפה משקה אלוורה בטעם ענבים,ליטרים,1.00,ליטר,false,1,13.50,13.5000,true,1,71115
8850389105832,false,משקה סאפה אלוורה תפו,פארייפאבה אגרואינדוס,TH,סאפה תפוח אלוורה בקבוק ליטר,ליטרים,1.00,ליטר,false,1,13.50,13.5000,true,1,73613
8850389115336,false,משקה סאפה אלוורה מלו,פארייפאבה אגרואינדוס,TH,סאפה משקה אלוורה בטעם מלון,ליטרים,1.00,ליטר,false,1,13.50,13.5000,true,1,120107
8850632604259,false,ממתק תות שדה בצורת מ,ג'נרל קנדי בעמ,TH,ממתק תות שדה בצורת מקלות יוגטה 50 גרם,גרמים,50.00,100 גרם,false,1,4.90,9.8000,true,1,65354
8850632604266,false,ממתק קולה בצורת מקלו,ג'נרל קנדי בעמ,TH,"יוגטה, ממתק חמוץ בצורת מקלות בטעם קולה, 50 גרם",גרמים,50.00,100 גרם,false,1,4.90,9.8000,true,1,65355
8850632604372,false,ממתק תות שדה בצורת ש,ג'נרל קנדי בעמ,TH,ממתק תות שדה בצורת שטיח יוגטה 50 גרם,גרמים,50.00,100 גרם,false,1,4.90,9.8000,true,1,65356
8888021200126,false,סוללות AA רביעיה,אנרג'ייזר,SG,אנרג'ייזר סוללות מקס AA*4,Unknown,0.00,Unknown,false,1,16.90,0.0000,true,1,10886
8888021200164,false,סוללות AAA רביעיה,,,סוללות אנרגייזר AAA רביעיה,Unknown,0.00,Unknown,false,1,18.70,0.0000,true,1,10887
8901537024014,false,אורז בסמטי מובחר דוו,אל.טי.פודס בעמ,IN,אורז בסמטי 1 DAAWAT קג,קילוגרמים,1.00,"ק""ג",false,1,13.90,13.9000,true,1,66371
8901571011018,false,מברשת שיניים סנסודיי,הנקל,DE,מברשת שיניים סנסודיין שלישייה,יחידה,3.00,יחידה,false,1,12.90,4.3000,true,1,143874
8994692541038,false,קונוס לגלגול 3 יחידו,,,קונוס לגלגול 3 יחידות,Unknown,0.00,Unknown,false,1,8.90,0.0000,false,1,78121
8994692541120,false,12 קונוסים לגלגול,,,12 קונוסים לגלגול,Unknown,0.00,Unknown,false,1,14.90,0.0000,false,1,78206
9005835312718,false,קלרו פירדמיה מלח אקו,קלרו,AT,קלרו פירדמיה מלח אקולוגי למדיח,מיליליטרים,1.00,"100 מ""ל",false,1,15.90,1590.0000,true,1,128193
9005835312756,false,קלרו נוזל לניקוי יסו,קלרו,AT,קלרו נוזל לניקוי יסודי למדיח,מיליליטרים,1.00,"100 מ""ל",false,1,15.90,1590.0000,true,1,128195
9044400851672,false,סוכריות פז בובה,פז,HU,סוכריות פז בובה,גרמים,26.00,100 גרם,false,1,12.90,49.6154,true,1,143102
9310072028750,false,טים טם מצופה שוקולד,"ארנוטס ביסקוויטס בע""",AU,טים טם דאבל 200 גר,גרמים,200.00,100 גרם,false,1,19.90,9.9500,true,1,113503
9322969000022,false,פריכיות תירס עם סויה,אף.סי תבליני בגליל ב,AU,פריכיות תירס עם סויה וזרעי פשת 150 גרם,גרמים,150.00,100 גרם,false,1,13.90,9.2667,true,1,70872
9720188050109,false,טופוטי ממרח על בסיס,טופוטי ברנדס אינק.ג',IL,טופוטי - ממרח טופו בטעם גבינה - 225 גר,גרמים,225.00,100 גרם,false,1,22.90,10.1778,true,1,12011
