code,internal_code,name,manufacturer_name,manufacture_country,manufacturer_item_description,unit_qty,quantity,unit_of_measure,weighted,qty_in_package,price,unit_of_measure_price,allow_discount,status,item_id
55,true,משלוחים לבית,,,משלוחים לבית,אין,0.00,יחידה,false,,29.90,0.0000,true,1,22021
116,true,פלסטונים,,,פלסטונים,אין,0.00,יחידה,false,,4.90,0.0000,true,1,12676
121,true,משלוח לקוח מוסדי,,,משלוח לקוח מוסדי,אין,0.00,יחידה,false,,45.00,0.0000,true,1,88509
161,true,קישוא עגול,,,קישוא עגול,קילוגרמים,1.00,"ק""ג",true,,12.90,12.9000,true,1,32442
163,true,פטריות שמפיניון תפזו,,,פטריות שמפיניון תפזו,קילוגרמים,1.00,"ק""ג",true,,39.90,39.9000,true,1,31164
164,true,פטריות חורש תפזורת,,,פטריות חורש תפזורת,קילוגרמים,1.00,"ק""ג",true,,39.90,39.9000,true,1,25687
173,true,דלעת ערמונים,,,דלעת ערמונים,קילוגרמים,1.00,"ק""ג",true,,11.90,11.9000,true,1,646
301,true,בקבוק ריק חוזר בירה,,,בקבוק ריק חוזר בירה,אין,0.00,יחידה,false,,1.20,0.0000,true,1,7303
374,true,פטריות שמפניון,,,פטריות שמפניון,יח',1.00,יח',false,,8.90,8.9000,true,1,32443
493,true,פריט מבצע ב-10ש`ח,,,פריט מבצע ב-10ש`ח,אין,0.00,יחידה,false,,10.00,0.0000,true,1,17663
574,true,קופון מצטרף חדש למוע,,,קופון מצטרף חדש למוע,אין,0.00,יחידה,false,,0.01,0.0000,true,1,22035
996,true,חלה קלועה,,,חלה קלועה,יח',1.00,יח',false,,11.90,11.9000,true,1,4994
998,true,חלה מתוקה קלועה,,,חלה מתוקה קלועה,יח',1.00,יח',false,,11.90,11.9000,true,1,4996
1058,true,חלה רגילה/חלה ציפורי,,,חלה רגילה/חלה ציפורי,גרמים,500.00,100 גרם,false,,5.17,0.0103,true,1,6024
1091,true,צנונית בייבי,,,צנונית בייבי,גרמים,400.00,100 גרם,false,,5.90,0.0148,true,1,22684
1095,true,בייבי בטטה,,,בייבי בטטה,יח',1.00,יח',false,,6.90,6.9000,true,1,2699
1128,true,אגס חום,,,אגס חום,קילוגרמים,1.00,"ק""ג",true,,15.90,15.9000,true,1,32446
1476,true,לימון סיני,,,לימון סיני,קילוגרמים,1.00,"ק""ג",true,,12.90,12.9000,true,1,32448
1486,true,פומלה אדומה,,,פומלה אדומה,קילוגרמים,1.00,"ק""ג",true,,7.90,7.9000,true,1,32453
1488,true,אשכולית אדומה,,,אשכולית אדומה,קילוגרמים,1.00,"ק""ג",true,,5.90,5.9000,true,1,3240
1494,true,תפו`א לבן תפזורת,,,תפו`א לבן תפזורת,קילוגרמים,1.00,"ק""ג",true,,4.90,4.9000,true,1,32457
1495,true,תפו`א אדום תפזורת,,,תפו`א אדום תפזורת,קילוגרמים,1.00,"ק""ג",true,,5.90,5.9000,true,1,2701
1500,true,פלפל כתום,,,פלפל כתום,קילוגרמים,1.00,"ק""ג",true,,9.90,9.9000,true,1,32460
1501,true,עגבניות,,,עגבניות,קילוגרמים,1.00,"ק""ג",true,,6.90,6.9000,true,1,32461
1502,true,מלפפונים,,,מלפפונים,קילוגרמים,1.00,"ק""ג",true,,5.90,5.9000,true,1,2302
1503,true,גזר ארוז,,,גזר ארוז,קילוגרמים,1.00,"ק""ג",true,,3.90,3.9000,true,1,32462
1504,true,סלק,,,סלק,קילוגרמים,1.00,"ק""ג",true,,3.90,3.9000,true,1,32463
1505,true,כרוב לבן,,,כרוב לבן,קילוגרמים,1.00,"ק""ג",true,,3.90,3.9000,true,1,32464
1506,true,כרוב אדום,,,כרוב אדום,קילוגרמים,1.00,"ק""ג",true,,5.90,5.9000,true,1,2303
1507,true,כרובית,,,כרובית,קילוגרמים,1.00,"ק""ג",true,,8.90,8.9000,true,1,660
1510,true,קישואים,,,קישואים,קילוגרמים,1.00,"ק""ג",true,,7.90,7.9000,true,1,661
1511,true,חצילים,,,חצילים,קילוגרמים,1.00,"ק""ג",true,,7.90,7.9000,true,1,662
1513,true,פלפל ירוק,,,פלפל ירוק,קילוגרמים,1.00,"ק""ג",true,,8.90,8.9000,true,1,32466
1514,true,פלפל בהיר,,,פלפל בהיר,קילוגרמים,1.00,"ק""ג",true,,8.90,8.9000,true,1,32467
1515,true,פלפל חריף,,,פלפל חריף,קילוגרמים,1.00,"ק""ג",true,,8.90,8.9000,true,1,32468
1516,true,פלפל אדום,,,פלפל אדום,קילוגרמים,1.00,"ק""ג",true,,9.90,9.9000,true,1,239
1517,true,פלפל רומרו,,,פלפל רומרו,קילוגרמים,1.00,"ק""ג",true,,12.90,12.9000,true,1,32469
1518,true,מלון,,,מלון,קילוגרמים,1.00,"ק""ג",true,,6.90,6.9000,true,1,32470
1519,true,בצל יבש,,,בצל יבש,קילוגרמים,1.00,"ק""ג",true,,4.90,4.9000,true,1,2769
1521,true,קולורבי,,,קולורבי,קילוגרמים,1.00,"ק""ג",true,,6.90,6.9000,true,1,32471
1522,true,חסה ערבית,,,חסה ערבית,יח',1.00,יח',false,,4.90,4.9000,true,1,32472
1527,true,פטרוזיליה גומי,,,פטרוזיליה גומי,יח',1.00,יח',false,,3.50,3.5000,true,1,22685
1528,true,כוסברה גומי,,,כוסברה גומי,יח',1.00,יח',false,,3.50,3.5000,true,1,22686
1529,true,שמיר גומי,,,שמיר גומי,יח',1.00,יח',false,,3.50,3.5000,true,1,22687
1530,true,נענע גומי,,,נענע גומי,יח',1.00,יח',false,,3.50,3.5000,true,1,22688
1531,true,לפת,,,לפת,קילוגרמים,1.00,"ק""ג",true,,6.90,6.9000,true,1,32476
1533,true,שעועית ירוקה,,,שעועית ירוקה,קילוגרמים,1.00,"ק""ג",true,,22.90,22.9000,true,1,2770
1535,true,תפו`א אדום ארוז,,,תפו`א אדום ארוז,קילוגרמים,1.00,"ק""ג",true,,4.90,4.9000,true,1,32478
1541,true,ארטישוק,,,ארטישוק,קילוגרמים,1.00,"ק""ג",true,,18.90,18.9000,true,1,32481
1542,true,ערמונים,,,ערמונים,קילוגרמים,1.00,"ק""ג",true,,18.90,18.9000,true,1,32482
1545,true,שום ארוז ייבוא יח',,,שום ארוז ייבוא יח',יח',1.00,יח',false,,4.90,4.9000,true,1,32485
1547,true,שומר,,,שומר,קילוגרמים,1.00,"ק""ג",true,,6.90,6.9000,true,1,32487
1548,true,תות שדה ביח',,,תות שדה ביח',יח',1.00,יח',false,,23.90,23.9000,true,1,770
1550,true,תפו`א לבן ארוז,,,תפו`א לבן ארוז,קילוגרמים,1.00,"ק""ג",true,,3.90,3.9000,true,1,32488
1551,true,לימון,,,לימון,קילוגרמים,1.00,"ק""ג",true,,7.90,7.9000,true,1,32489
1552,true,תפוז,,,תפוז,קילוגרמים,1.00,"ק""ג",true,,5.90,5.9000,true,1,32490
1553,true,ענב לבן,,,ענב לבן,קילוגרמים,1.00,"ק""ג",true,,29.90,29.9000,true,1,3424
1555,true,תפוז ארוז,,,תפוז ארוז,קילוגרמים,1.00,"ק""ג",true,,4.90,4.9000,true,1,2771
1556,true,בננה מובחרת,,,בננה מובחרת,קילוגרמים,1.00,"ק""ג",true,,6.90,6.9000,true,1,2304
1557,true,צנון,,,צנון,קילוגרמים,1.00,"ק""ג",true,,6.90,6.9000,true,1,32492
1558,true,אשכולית צהובה,,,אשכולית צהובה,קילוגרמים,1.00,"ק""ג",true,,5.90,5.9000,true,1,32493
1560,true,דלעת ארוזה,,,דלעת ארוזה,קילוגרמים,1.00,"ק""ג",true,,9.90,9.9000,true,1,32494
1561,true,תפוח עץ זהוב,,,תפוח עץ זהוב,קילוגרמים,1.00,"ק""ג",true,,9.90,9.9000,true,1,32495
1562,true,תפוח עץ יונתן,,,תפוח עץ יונתן,קילוגרמים,1.00,"ק""ג",true,,9.90,9.9000,true,1,32496
1563,true,תפוח עץ חרמון,,,תפוח עץ חרמון,קילוגרמים,1.00,"ק""ג",true,,9.90,9.9000,true,1,663
1564,true,תפוח עץ סמיט,,,תפוח עץ סמיט,קילוגרמים,1.00,"ק""ג",true,,9.90,9.9000,true,1,32497
1568,true,רימון,,,רימון,קילוגרמים,1.00,"ק""ג",true,,9.90,9.9000,true,1,32499
1570,true,קלמנטינה,,,קלמנטינה,קילוגרמים,1.00,"ק""ג",true,,5.90,5.9000,true,1,2305
1571,true,פלפל שושקה,,,פלפל שושקה,קילוגרמים,1.00,"ק""ג",true,,12.90,12.9000,true,1,2719
1572,true,אבוקדו מובחר,,,אבוקדו מובחר,קילוגרמים,1.00,"ק""ג",true,,7.90,7.9000,true,1,32500
1574,true,בטטה מתוקה,,,בטטה מתוקה,קילוגרמים,1.00,"ק""ג",true,,8.90,8.9000,true,1,32502
1576,true,אגס,,,אגס,קילוגרמים,1.00,"ק""ג",true,,11.90,11.9000,true,1,664
1577,true,אגס נאשי,,,אגס נאשי,קילוגרמים,1.00,"ק""ג",true,,16.90,16.9000,true,1,32503
1581,true,פלפל צהוב,,,פלפל צהוב,קילוגרמים,1.00,"ק""ג",true,,9.90,9.9000,true,1,32505
1585,true,קובו,,,קובו,קילוגרמים,1.00,"ק""ג",true,,23.90,23.9000,true,1,2720
1588,true,תירס ארוז,,,תירס ארוז,קילוגרמים,1.00,"ק""ג",true,,9.90,9.9000,true,1,2772
1590,true,פומלה,,,פומלה,קילוגרמים,1.00,"ק""ג",true,,7.90,7.9000,true,1,32509
1591,true,ענב אדום,,,ענב אדום,קילוגרמים,1.00,"ק""ג",true,,29.90,29.9000,true,1,3566
1595,true,חציל בלדי,,,חציל בלדי,קילוגרמים,1.00,"ק""ג",true,,7.90,7.9000,true,1,2773
1601,true,סלרי חתוך ליח,,,סלרי חתוך ליח,יח',1.00,יח',false,,6.90,6.9000,true,1,29351
1604,true,אפרסמון,,,אפרסמון,קילוגרמים,1.00,"ק""ג",true,,13.90,13.9000,true,1,665
1607,true,תפו`א קטן אפיה ארוז,,,תפו`א קטן אפיה ארוז,קילוגרמים,1.00,"ק""ג",true,,3.90,3.9000,true,1,32516
1608,true,זנגוויל\גינגיר תפזור,,,זנגוויל\גינגיר תפזור,קילוגרמים,1.00,"ק""ג",true,,24.90,24.9000,true,1,32517
1610,true,שרי אשכולות לקג,,,שרי אשכולות לקג,קילוגרמים,1.00,"ק""ג",true,,18.90,18.9000,true,1,666
1611,true,תפוח עץ זהוב ברשת,,,תפוח עץ זהוב ברשת,קילוגרמים,1.00,"ק""ג",true,,9.90,9.9000,true,1,467144
1613,true,דלורית,,,דלורית,קילוגרמים,1.00,"ק""ג",true,,5.90,5.9000,true,1,32518
1615,true,בצל אדום,,,בצל אדום,קילוגרמים,1.00,"ק""ג",true,,6.90,6.9000,true,1,32519
1616,true,כוסברה כשר,,,כוסברה כשר,יח',1.00,יח',false,,5.90,5.9000,true,1,29352
1617,true,אננס,,,אננס,יח',1.00,יח',false,,37.90,37.9000,true,1,32520
1618,true,אפרסמון קרמבו,,,אפרסמון קרמבו,קילוגרמים,1.00,"ק""ג",true,,16.90,16.9000,true,1,2774
1619,true,פומלית,,,פומלית,קילוגרמים,1.00,"ק""ג",true,,5.90,5.9000,true,1,32521
1620,true,קיווי,,,קיווי,קילוגרמים,1.00,"ק""ג",true,,15.90,15.9000,true,1,2775
1621,true,קרמבולה,,,קרמבולה,קילוגרמים,1.00,"ק""ג",true,,39.90,39.9000,true,1,32522
1628,true,צנון לבן,,,צנון לבן,קילוגרמים,1.00,"ק""ג",true,,14.90,14.9000,true,1,481804
1632,true,קישוא זוקיני ירוק,,,קישוא זוקיני ירוק,קילוגרמים,1.00,"ק""ג",true,,11.90,11.9000,true,1,2777
1634,true,פפאיה,,,פפאיה,קילוגרמים,1.00,"ק""ג",true,,19.90,19.9000,true,1,32523
1636,true,פיטאיה,,,פיטאיה,גרמים,700.00,100 גרם,false,,17.90,0.0256,true,1,2836
1639,true,דלעת אקזוטית,,,דלעת אקזוטית,קילוגרמים,1.00,"ק""ג",true,,11.90,11.9000,true,1,2837
1645,true,תפוח עץ גלה,,,תפוח עץ גלה,קילוגרמים,1.00,"ק""ג",true,,9.90,9.9000,true,1,32525
1670,true,"בטטה קסביה (תפו""א יר",,,"בטטה קסביה (תפו""א יר",קילוגרמים,1.00,"ק""ג",true,,15.90,15.9000,true,1,32530
1682,true,פסיפלורה יח',,,פסיפלורה יח',גרמים,300.00,100 גרם,false,,17.90,0.0597,true,1,32533
1683,true,תפוח עץ פינק קריפס,,,תפוח עץ פינק קריפס,קילוגרמים,1.00,"ק""ג",true,,12.90,12.9000,true,1,2528
1688,true,דלעת יפנית,,,דלעת יפנית,קילוגרמים,1.00,"ק""ג",true,,14.90,14.9000,true,1,2950
1708,true,גזר תפזורת,,,גזר תפזורת,קילוגרמים,1.00,"ק""ג",true,,4.90,4.9000,true,1,32536
1814,true,בצלצלי שאלוט,,,בצלצלי שאלוט,גרמים,280.00,100 גרם,false,,14.90,0.0532,true,1,22689
1824,true,מלון שרנטה,,,מלון שרנטה,קילוגרמים,1.00,"ק""ג",true,,9.90,9.9000,true,1,28847
1840,true,ברוקולי,,,ברוקולי,קילוגרמים,1.00,"ק""ג",true,,9.90,9.9000,true,1,32543
1841,true,תפוח פינק קריפס מאר,,,תפוח פינק קריפס מאר,גרמים,600.00,100 גרם,false,,10.90,0.0182,true,1,32544
1859,true,שיבה ליח',,,שיבה ליח',יח',1.00,יח',false,,4.90,4.9000,true,1,22690
1876,true,עירית ליח,,,עירית ליח,יח',1.00,יח',false,,5.90,5.9000,true,1,25690
3500,true,עוף טרי שלם,,,עוף טרי שלם,קילוגרמים,1.00,"ק""ג",true,,18.90,18.9000,true,1,2944
3501,true,כרעיים עוף טרי,,,כרעיים עוף טרי,קילוגרמים,1.00,"ק""ג",true,,26.90,26.9000,true,1,2945
3502,true,חזה עוף טרי,,,חזה עוף טרי,קילוגרמים,1.00,"ק""ג",true,,31.90,31.9000,true,1,2967
3506,true,גרון הודו זכר טרי,,,גרון הודו זכר טרי,קילוגרמים,1.00,"ק""ג",true,,29.90,29.9000,true,1,17313
3507,true,שניצל עוף פרוס טרי,,,שניצל עוף פרוס טרי,קילוגרמים,1.00,"ק""ג",true,,34.90,34.9000,true,1,2968
3508,true,כנפים הודו טרי,,,כנפים הודו טרי,קילוגרמים,1.00,"ק""ג",true,,17.90,17.9000,true,1,17314
3511,true,חזה הודו טרי,,,חזה הודו טרי,קילוגרמים,1.00,"ק""ג",true,,28.90,28.9000,true,1,17315
3512,true,שוארמה נקבה טרי,,,שוארמה נקבה טרי,קילוגרמים,1.00,"ק""ג",true,,69.90,69.9000,true,1,17316
3515,true,שוקיים הודו טרי,,,שוקיים הודו טרי,קילוגרמים,1.00,"ק""ג",true,,24.90,24.9000,true,1,17318
3516,true,שווארמה הודו זכר טרי,,,שווארמה הודו זכר טרי,קילוגרמים,1.00,"ק""ג",true,,69.90,69.9000,true,1,17319
3517,true,שוקיים פטם טרי,,,שוקיים פטם טרי,קילוגרמים,1.00,"ק""ג",true,,27.90,27.9000,true,1,2946
3520,true,ירכיים עוף טרי,,,ירכיים עוף טרי,קילוגרמים,1.00,"ק""ג",true,,26.90,26.9000,true,1,2947
3522,true,שוארמה פרגיות טרי,,,שוארמה פרגיות טרי,קילוגרמים,1.00,"ק""ג",true,,54.90,54.9000,true,1,17320
3523,true,טחון עגל מקפוא,,,טחון עגל מקפוא,קילוגרמים,1.00,"ק""ג",true,,34.90,34.9000,true,1,28884
3527,true,הודו טחון טרי,,,הודו טחון טרי,קילוגרמים,1.00,"ק""ג",true,,34.90,34.9000,true,1,17321
3529,true,הודו שלם טרי,,,הודו שלם טרי,קילוגרמים,1.00,"ק""ג",true,,29.60,29.6000,true,1,17322
3535,true,פילה עוף טרי,,,פילה עוף טרי,קילוגרמים,1.00,"ק""ג",true,,34.90,34.9000,true,1,2969
3540,true,שוק הודו מפורק טרי,,,שוק הודו מפורק טרי,קילוגרמים,1.00,"ק""ג",true,,54.90,54.9000,true,1,17326
3546,true,בשר עוף טרי טחון,,,בשר עוף טרי טחון,קילוגרמים,1.00,"ק""ג",true,,36.90,36.9000,true,1,3493
3611,true,זנבות הודו טרי,,,זנבות הודו טרי,קילוגרמים,1.00,"ק""ג",true,,5.90,5.9000,true,1,17328
4015,true,קוקוס ראש,,,קוקוס ראש,יח',1.00,יח',false,,5.90,5.9000,true,1,2783
6164,true,אגוז מלך קלוף,,,אגוז מלך קלוף,קילוגרמים,1.00,"ק""ג",true,,89.00,89.0000,true,1,20429
6305,true,10 יח' פטיט פאן,,,10 יח' פטיט פאן,יח',1.00,יח',false,,13.90,13.9000,true,1,5045
6669,true,פאקן טבעי,,,פאקן טבעי,קילוגרמים,1.00,"ק""ג",true,,129.00,129.0000,true,1,20431
6683,true,חמניות קלופות,,,חמניות קלופות,קילוגרמים,1.00,"ק""ג",true,,45.00,45.0000,true,1,20432
6751,true,מנצ`יס,,,מנצ`יס,קילוגרמים,1.00,"ק""ג",true,,55.00,55.0000,true,1,20433
6752,true,רביעית מי עדן 2 מארז,,,רביעית מי עדן 2 מארז,אין,0.00,יחידה,false,,0.01,0.0000,true,1,242767
7147,true,תערובת פיצוחים,,,תערובת פיצוחים,קילוגרמים,1.00,"ק""ג",true,,89.00,89.0000,true,1,20434
7208,true,שקד טבעי ענק,,,שקד טבעי ענק,קילוגרמים,1.00,"ק""ג",true,,89.00,89.0000,true,1,20435
7444,true,חמצוצים לק`ג,,,חמצוצים לק`ג,קילוגרמים,1.00,"ק""ג",true,,46.00,46.0000,true,1,20438
7451,true,גרעין שחור קלוי,,,גרעין שחור קלוי,קילוגרמים,1.00,"ק""ג",true,,29.00,29.0000,true,1,20439
7664,true,שרי תמר תפזורת לובלו,,,שרי תמר תפזורת לובלו,קילוגרמים,1.00,"ק""ג",true,,19.90,19.9000,true,1,32548
7703,true,אגוז ברזיל טבעי,,,אגוז ברזיל טבעי,קילוגרמים,1.00,"ק""ג",true,,90.00,90.0000,true,1,20441
8625,true,פרלינים במשקל,,,פרלינים במשקל,קילוגרמים,1.00,"ק""ג",true,,89.00,89.0000,true,1,20446
8888,true,פיקדון זיכוי לקוח,,,פיקדון זיכוי לקוח,אין,0.00,יחידה,false,,0.30,0.0000,true,1,22146
9999,true,פיקדון בקבוקים,,,פיקדון בקבוקים,אין,0.00,יחידה,false,,0.30,0.0000,true,1,1844
77490,true,זית מרוקאי תפזורת די,,,זית מרוקאי תפזורת די,קילוגרמים,1.00,"ק""ג",true,,44.00,44.0000,true,1,153199
77575,true,זיתים ירוקים,,,זיתים ירוקים,קילוגרמים,1.00,"ק""ג",true,,55.00,55.0000,true,1,153200
77650,true,זית יווני שבור,,,זית יווני שבור,קילוגרמים,1.00,"ק""ג",true,,59.00,59.0000,true,1,153240
77667,true,מלפפון תפזורת,,,מלפפון תפזורת,קילוגרמים,1.00,"ק""ג",true,,30.00,30.0000,true,1,153254
5678585,true,ענב סקרלוטה,,,ענב סקרלוטה,קילוגרמים,1.00,"ק""ג",true,,29.90,29.9000,true,1,2842
15983006,false,חסה רומית שדות בר,,,חסה רומית שדות בר,קילוגרמים,1.00,"ק""ג",true,,30.00,30.0000,true,1,30500
15983020,false,ברוקולי שטוף שדות בר,,,ברוקולי שטוף שדות בר,קילוגרמים,1.00,"ק""ג",true,,30.00,30.0000,true,1,30502
15983051,false,לוף/כרישה שטוף שדות,,,לוף/כרישה שטוף שדות,קילוגרמים,1.00,"ק""ג",true,,30.00,30.0000,true,1,30504
15983075,false,בצל ירוק שטוף שדות ב,,,בצל ירוק שטוף שדות ב,קילוגרמים,1.00,"ק""ג",true,,30.00,30.0000,true,1,30505
15983082,false,ירק שטוף שדות בר,,,ירק שטוף שדות בר,קילוגרמים,1.00,"ק""ג",true,,30.00,30.0000,true,1,30506
15983099,false,שדות בר גבעולי סלרי,,,שדות בר גבעולי סלרי,קילוגרמים,1.00,"ק""ג",true,,30.00,30.0000,true,1,30507
15983129,false,פלפלונים שדות בר,,,פלפלונים שדות בר,קילוגרמים,1.00,"ק""ג",true,,30.00,30.0000,true,1,30508
15983136,false,שרי בלינדה שדות בר,,,שרי בלינדה שדות בר,קילוגרמים,1.00,"ק""ג",true,,30.00,30.0000,true,1,30509
15983143,false,מלפפון בייבי שדות בר,,,מלפפון בייבי שדות בר,קילוגרמים,1.00,"ק""ג",true,,30.00,30.0000,true,1,30510
32147230,false,לימונית - מיץ לימון משומר,ג'נרל מילס סאן אדריא,CH,מיץ לימון סיצילייה 2,מיליליטרים,200.00,"100 מ""ל",false,,6.90,0.0345,true,1,6451
40099132,false,מסטיק הובה בובה Hubba Bubba בטעם תות,הובה בובה Hubba Bubba,,הובה בובה צאנק תות 3,גרמים,35.00,100 גרם,false,,3.00,0.0857,true,1,14081
40111216,false,באונטי חטיף קוקוס ושוקולד 57ג',"נארז ע""י : א.ג. גילר",NL,חטיף שוקולד באונטי 5,גרמים,57.00,100 גרם,false,,3.90,0.0684,true,1,14082
50398911,false,חמצן %9 60 מ''ל אינדולה,אינדולה Indola,,אינדולה קרם חמצן 9%,מיליליטרים,60.00,"100 מ""ל",false,,4.00,0.0667,true,1,7857
59068914,false,סיגריות פאל מאל סילבר דמי סלימס,Unknown,,פאל מאל סילבר דמי סל,אין,0.00,יחידה,false,,26.00,0.0000,false,1,5791
59082637,false,"רקסונה - דאודורנט רולאון לגבר אקסטרא קול 50 מ""ל",רקסונה Rexona,,רקסונה רול-און אקסטר,מיליליטרים,50.00,"100 מ""ל",false,,14.90,0.2980,true,1,8945
59455233,false,סיגריות ווג ליידי כח,Unknown,,ווג ליידי בלו קופסא,אין,0.00,יחידה,false,,37.50,0.0000,false,1,5792
59455240,false,סיגריות ווג לידי לילך,Unknown,,ווג קופסא בודדת לייד,אין,0.00,יחידה,false,,37.50,0.0000,false,1,5793
72917367,false,טעמי חטיף במילוי קרם נוגט וקרמל,"שטראוס גרופ בע""מ",IL,טעמי 40 גר',גרמים,40.00,100 גרם,false,,3.90,0.0975,true,1,1299
72940754,false,מעדן מילקי בטעם וניל עם קצפת,"שטראוס גרופ בע""מ",IL,"מילקי וניל 170 מ""ל",מיליליטרים,170.00,"100 מ""ל",false,,3.00,0.0176,true,1,15399
72940761,false,מעדן מילקי בטעם שוקולד עם קצפת,מיוצר עי קונדיטוריית,IL,מילקי שוקולד מהדרין,מיליליטרים,170.00,"100 מ""ל",false,,3.00,0.0176,true,1,15400
72940952,false,מעדן מילקי בטעם שוקולד עם אקסטרה קצפת,"שטראוס גרופ בע""מ",IL,מילקי אקסטראה קצפת מ,מיליליטרים,110.00,"100 מ""ל",false,,3.50,0.0318,true,1,15401
72940976,false,כרוב אדום אחלה 250גר,מיוצר עי קונדיטוריית,IL,אחלה סלט כרוב אדום,גרמים,250.00,100 גרם,false,,8.30,0.0332,true,1,15402
72940983,false,חומוס אחלה 250 גרם,אחלה - שטראוס,IL,אחלה חומוס 250ג,גרמים,250.00,100 גרם,false,,6.90,0.0276,true,1,15403
72941041,false,מעדן מילקי מיני בטעם שוקולד עם קצפת,"שטראוס גרופ בע""מ",IL,מיני מילקי שוקולד 70,מיליליטרים,70.00,"100 מ""ל",false,,2.60,0.0371,true,1,15404
72945308,false,קוביות שמרים לאפיה שמרית 2*25 ג',"פאקא תעשיות בע""מ",IL,שמרית קוביות שמרים ל,גרמים,50.00,100 גרם,false,,3.50,0.0700,true,1,15405
72961506,false,יוגורט עם תות 1.5% שומן 125 ג' פרילי,מיוצר עי קונדיטוריית,IL,פרילי תות 1.5% 125מל,מיליליטרים,125.00,"100 מ""ל",false,,3.70,0.0296,true,1,16635
72961520,false,יוגורט עם אננס 1.5% שומן 125 ג' פרילי,מיוצר עי קונדיטוריית,IL,פרילי אננס 1.5% 125מ,מיליליטרים,125.00,"100 מ""ל",false,,3.70,0.0296,true,1,16637
72961544,false,באדי יוגורט בטעם תות שדה 3%,מחלבת אלון תבור,IL,באדי תות 125מל,מיליליטרים,125.00,"100 מ""ל",false,,2.90,0.0232,true,1,16638
72963753,false,שמנת אורגינל של פעם 27% שומן 200 ג' תנובה,תנובה מרכז שיתופי לש,IL,תנובה שמנת של פעם 27,מיליליטרים,200.00,"100 מ""ל",false,,4.20,0.0210,true,1,16642
72964132,false,פרילי טבע עם גרנולה 1.5% 200מל,מיוצר עי קונדיטוריית,IL,פרילי טבע עם גרנולה,מיליליטרים,200.00,"100 מ""ל",false,,4.90,0.0245,true,1,16644
72964422,false,תנובה יוגורט פרחים 4.5% 200מל,מחלבת תנובה,IL,תנובה יוגורט פרחים 4,מיליליטרים,200.00,"100 מ""ל",false,,2.90,0.0145,true,1,16645
72986370,false,"גלידת בן & ג'ריס פיינטים וניל 500מ""ל",מוצרי איכות אמריקאים,IL,גלידת פיינטים וניל צ,מיליליטרים,420.00,"100 מ""ל",false,,19.90,0.0474,true,1,10969
72986424,false,"גלידת בן & ג'ריס פיינטים קרם עוגיות 500מ""ל",מוצרי איכות אמריקאיי,IL,גלידת פיינטים קרם עו,מיליליטרים,420.00,"100 מ""ל",false,,19.90,0.0474,true,1,10970
72986448,false,"גלידת בן & ג'ריס פיינטים טופי קראנץ 500מ""ל",מוצרי איכות אמריקאיי,IL,גלידת טופי קרנץ,מיליליטרים,420.00,"100 מ""ל",false,,19.90,0.0474,true,1,10971
72986455,false,"ניו יורק סופר גלידת שוקולד, חתיכות פאדג' ואגוזים",מוצרי איכות אמריקאיי,IL,גלידת פיינטים ניו-יו,מיליליטרים,420.00,"100 מ""ל",false,,19.90,0.0474,true,1,10972
72986479,false,"צ'אנקי מנקי גלידת וניל, בננות, חתיכות פאדג' ואגוזים",מוצרי איכות אמריקאיי,IL,גלידת פיינטים צאנקי,מיליליטרים,420.00,"100 מ""ל",false,,19.90,0.0474,true,1,10973
72989425,false,"גלידת בן & ג'ריס פיינטים שוקולד בראוניז 500מ""ל",מוצרי איכות אמריקאיי,IL,גלידת פיינטים שוקולד,מיליליטרים,500.00,"100 מ""ל",false,,19.90,0.0398,true,1,10974
72991008,false,פסק זמן חלב מגדים 45גרם,"שטראוס גרופ בע""מ",IL,"פסק זמן קלאסי בד""צ",גרמים,45.00,100 גרם,false,,4.90,0.1089,true,1,14864
72991886,false,"גלידת דולצ'ה בטעם ריבת חלב עם פאדג' בן וג'ירי 500 מ""ל",מוצרי איכות אמריקאיי,IL,גלידת בן&גריס פיינט,מיליליטרים,750.00,"100 מ""ל",false,,19.90,0.0265,true,1,10975
72993637,false,מעדן חלב בטעם שוקולד 125 ג' דני,מחלבת אחיהוד,IL,דני מהדרין שוקו בודד,מיליליטרים,125.00,"100 מ""ל",false,,3.10,0.0248,true,1,15408
72994061,false,חטיף פסק זמן Z Good ופל מגולגל,שולן צ'יקולטה גידה ס,TR,פסק זמן 36גר,גרמים,36.00,100 גרם,false,,4.90,0.1361,true,1,456864
80001287,false,וופל חטיף לואקר אגוז 38 גר',לואקר Loacker,AT,חטיף גרדנה אגוז 38 ג,גרמים,38.00,100 גרם,false,,3.50,0.0921,true,1,10022
80050025,false,סוכריות תפוז 16 ג' טיק טק,קריות זול,ZA,טיק טק תפוז,גרמים,16.00,100 גרם,false,,3.20,0.2000,true,1,25632
80050124,false,סוכריות מנטה 16 ג' טיק טק,קריות זול,ZA,טיק טק סוכריות,גרמים,16.00,100 גרם,false,,3.20,0.2000,true,1,25633
80052760,false,קינדר בואנו Kinder Bueno עם חלב ואגוזי לוז,קריות זול,PL,חטיף קינדר בואנו שוק,גרמים,43.00,100 גרם,false,,4.20,0.0977,true,1,25637
80052883,false,סוכריות מנטה חזק 16 ג' טיק טק,פררו,ZA,טיק טק מנטה כחול,אין,0.00,יחידה,false,,3.20,0.0000,true,1,380422
80136194,false,חטיפי הפי היפו Happy Hippo במילוי קרם חלבי ואגוזי לוז,קינדר Kinder,DE,הפי היפו 5*20ג,גרמים,102.00,100 גרם,false,,12.90,0.1265,true,1,25638
80176800,false,"ממרח שוקולד נוטלה, 750 גר",פררו תעשיות איטליה ס,IT,ממרח שוקולד נוטלה 75,גרמים,750.00,100 גרם,false,,26.90,0.0359,true,1,25640
80177173,false,ממרח אגוזי לוז עם קקאו,נוטלה Nutella,IT,ממרח נוטלה קקאו עם א,גרמים,350.00,100 גרם,false,,15.90,0.0454,true,1,25641
80177609,false,אצבעות שוקולד קינדר Kinder ארבע יחידות,קריות זול,IT,קינדר אצבעות שוק.חלב,גרמים,50.00,100 גרם,false,,4.90,0.0980,true,1,25643
80310891,false,ביצת הפתעה קינדר ג'וי כתום,קריות זול,ZA,קינדר ג'וי 20 גרם,גרמים,20.00,100 גרם,false,,6.30,0.3150,true,1,468635
80718758,false,טונה בשמן זית בצנצנת,קליפו קונסרב,IT,טונה בשמן זית 160 גר,גרמים,160.00,100 גרם,false,,22.90,0.1431,true,1,29508
80761761,false,קינדר בואנו לבן בודד 39 גרם,קדבורי,PL,קינדר בואנו לבן 39ג,גרמים,43.00,100 גרם,false,,4.20,0.0977,true,1,25646
80768838,false,מסטיק מנטוס וויט ביג פירות ומנטה 105 ג',"אינסטנטה בע""מ",TR,מסטיק מנטוס וויט מנט,גרמים,105.00,100 גרם,false,,16.90,0.1610,true,1,1284
80773429,false,מסטיק מנטוס פיור פרש בבקבוק בינוני בטעם תות 60 ג',פרפטי ואן מלה הולנד,TR,מסטיק מנטוס בקבוק בט,גרמים,60.00,100 גרם,false,,10.90,0.1817,true,1,10031
80773443,false,מסטיק מנטוס בבקבוק מעוגל בטעם מנטה מעודנת 60 ג',פרפטי ואן מלה הולנד,TR,מסטיק מנטוס בקבוק בט,גרמים,60.00,100 גרם,false,,10.90,0.1817,true,1,10032
80790990,false,מסטיק מנטוס בבקבוק מעוגל בטעם פירות -מנטה 60 ג',פרפטי ואן מלה הולנד,TR,מסטיק מנטוס בקבוק בט,גרמים,60.00,100 גרם,false,,10.90,0.1817,true,1,10033
80854753,false,סוכריות מנטוס מנטה 30 יח' ללא סוכר CLEAN BREATH,מנטוס Mentos,NL,"ס.מנטוס מנטה לל""ס 30",גרמים,21.00,100 גרם,false,,6.90,0.3286,true,1,10038
80864295,false,סוכריות פיור וויט טעם מנטה עדינה 60 ג' מנטוס,פרפטי ואן מלה הולנד,TR,מנטוס פיור וויט ללא,גרמים,60.00,100 גרם,false,,10.90,0.1817,true,1,177198
80874652,false,קינדר קארדס 120 גרם - בודד,פררו,IT,קינדר קארדס חטיף בוד,גרמים,25.60,100 גרם,false,,3.90,0.1523,true,1,23062
80896081,false,מסטיק מנטוס פיור פרש בבקבוק בינוני בטעם אבטיח 60 ג',פרפטי ואן מלה הולנד,TR,מסטיק מנטוס בקבוק בט,גרמים,60.00,100 גרם,false,,10.90,0.1817,true,1,10039
80913467,false,מסטיק מנטו בבקבוק מעוגל בטעם מנטה 60 ג',פרפטי ואן מלה הולנד,TR,מסטיק מנטוס בקבוק בט,גרמים,60.00,100 גרם,false,,10.90,0.1817,true,1,10040
80936848,false,סוכריות טיק טק תות שדה 24 יח',קדבורי,ZA,טיק טק תות שדה 16גר,גרמים,16.00,100 גרם,false,,3.20,0.2000,true,1,25648
80945468,false,סוכריות פיור וויט טעם מנטה מתוקה 60 ג' מנטוס,פרפטי ואן מלה הולנד,TR,מנטוס פיור וויט ללא,גרמים,60.00,100 גרם,false,,10.90,0.1817,true,1,177213
80954521,false,"מנטוס מסטיק פיור פרש - תות 28 גרם (14 יח') חת""ס",פרפטי ואן מלה ברדה,TR,מסטיק מנטוס פיור פרש,גרמים,28.00,100 גרם,false,,4.50,0.1607,true,1,49799
80986348,false,סוכריות פיור וויט טעם מנטה 60 ג' מנטוס,פרפטי ואן מלה הולנד,TR,מנטוס פיור וויט ללא,גרמים,60.00,100 גרם,false,,10.90,0.1817,true,1,177199
80995128,false,מנטוס - מסטיק בטעם הדרים בתוספת ויטמינים 60 גרם,פרפטי ואן מלה הולנד,TR,מסטיק מנטוס ויטמין ל,גרמים,60.00,100 גרם,false,,10.90,0.1817,true,1,458766
87108538,false,סוכריות מנטוס Mentos תות שדה,הדקלאים אגודת שיתופי,NL,מנטוס תות בגליל 37.5,גרמים,37.50,100 גרם,false,,2.90,0.0773,true,1,10043
87108651,false,מארז סוכריות מנטוס Mentos מנטה,הדקלאים אגודת שיתופי,NL,סוכריות מנטוס מנטה 1,גרמים,150.00,100 גרם,false,,10.90,0.0727,true,1,1228
87108712,false,מארז סוכריות מנטוס Mentos פירות,פרפטי ואן מלה ברדה,NL,סוכריות מנטוס פירות,גרמים,150.00,100 גרם,false,,10.90,0.0727,true,1,1229
87221503,false,מיונז הולנדי אמיתי 6,,,מיונז הולנדי אמיתי 6,גרמים,650.00,100 גרם,false,,32.90,0.0506,true,1,412309
87311396,false,סוכריות מנטוס Mentos ריינבואו,פרפטי ואן מלה,NL,מנטוס סוכריות גליל,גרמים,37.00,100 גרם,false,,2.90,0.0784,true,1,10046
90087011,false,הפי דיי נקטר תפוחים,Rauch fruchtsafte gm,,מיץ תפוחים 1 ליטר,ארגז,1.00,ליטר,false,,11.50,11.5000,true,1,16183
90087066,false,מיץ תפוזים 100% טבעי 1 ל' RAUCH,ראוך Rauch,,מיץ תפוזים 100%,אין,0.00,יחידה,false,,11.50,0.0000,true,1,16184
90087769,false,הפי דיי נקטר אננס לל,Rauch fruchtsafte gm,,מיץ אננס 1ל 100%,ארגז,1.00,ליטר,false,,11.50,11.5000,true,1,16187
90087806,false,100% מיץ אשכוליות Happy Day,ראוך Rauch,,מיץ אששכוליות 100% 1,ארגז,1.00,ליטר,false,,11.50,11.5000,true,1,16188
90087974,false,"חומץ תפוחים 5% 750 מ""ל",ראוך פרוכטסאפה,,חומץ תפוחים 5% תומר,מיליליטרים,750.00,"100 מ""ל",false,,10.90,0.0145,true,1,16189
90162602,false,משקה אנרגיה רד בול 250 מ''ל,רד בול ג'י.אם.בי. אץ,AT,משקה אנרגיה RED BULL,מיליליטרים,250.00,"100 מ""ל",false,,5.90,0.0236,true,1,6340
198888886,false,עיגול אגורות,,,עיגול אגורות,אין,0.00,יחידה,false,,1.00,0.0000,true,1,29126
8112100298,false,שמן שומשום טהור לא מ,Flavor full foods in,,שמן שומשום טהור לא מ,מיליליטרים,185.00,"100 מ""ל",false,,14.90,0.0805,true,1,431758
10900634069,false,דאיימונד - שקיות אשפה חזקות במיוחד XL,,,שקיות אשפה חזקות במי,גרמים,325.00,100 גרם,false,,12.90,0.0397,true,1,269028
10900678148,false,רדיד אלומיניום נון ס,,,רדיד אלומיניום נון ס,אין,0.00,יחידה,false,,14.90,0.0000,true,1,168768
11210000094,false,"רוטב ""טבסקו"" על בסיס פלפל אדום 60 מ""ל",מקאילהייני אייבורי,US,טבסקו,מיליליטרים,60.00,"100 מ""ל",false,,9.90,0.1650,true,1,24179
11210009387,false,"רוטב ""טבסקו"" על בסיס פלפל ירוק חריף 60 מ""ל",מקאילהייני אייבורי,US,רוטב ירוק 60 מל,מיליליטרים,60.00,"100 מ""ל",false,,9.90,0.1650,true,1,24185
11210607040,false,"רוטב ""טבסקו"" על בסיס פלפל צ'יפוטלי [בטעם מעושן] 60 מ""ל",מקאילהייני Mc.Ilhenn,US,טבסקו פלפל צפוטלי חר,מיליליטרים,60.00,"100 מ""ל",false,,9.90,0.1650,true,1,24186
11210698055,false,רוטב סרירצ'ה טבסקו 5,ניצן,US,רוטב טבסקו סרירצ'ה,מיליליטרים,566.00,"100 מ""ל",false,,28.90,0.0511,true,1,24187
13628609388,false,חומץ בלסמי כשר ירוק,MONARI FEDERZONI,IT,חומץ בלסמי כשר ירוק,מיליליטרים,500.00,"100 מ""ל",false,,25.00,0.0500,true,1,6453
16000185517,false,דגני בוקר פייבר וואן עתירי סובין FIBRE1,בטר אנד דיפרנט,US,פייבר1- דגני בוקר עת,גרמים,555.00,100 גרם,false,,24.90,0.0449,true,1,165282
16000423534,false,ניטשר ואלי חטיף שיבולת שועל שוקולד מריר קראנצי 210ג',ג'נרל מילס סאן אדריא,ES,חטיף קראנצי שיבולת ש,גרמים,210.00,100 גרם,false,,19.50,0.0929,true,1,10049
16000548404,false,ניטשר ואלי חטיף קראנצי גרנולה שיבולת שועל 210 ג',ג'נרל מילס סאן אדריא,ES,חטיף קראנצי גרנולה ש,גרמים,210.00,100 גרם,false,,19.50,0.0929,true,1,10051
16000548503,false,ניטשר ואלי קראנצי חטיף גרנולהומייפל 10 יח' 210 ג',ג'נרל מילס סאן אדריא,ES,חטיף קראנצי גרנולה מ,גרמים,210.00,100 גרם,false,,19.50,0.0929,true,1,10053
16000548602,false,נייטשר וואלי חטיף קראנצ'י קינמון 210ג',ג'נרל מילס סאן אדריא,ES,חטיף שיבולת שועל מלא,גרמים,210.00,100 גרם,false,,19.50,0.0929,true,1,10054
16000548909,false,קראנצי חטיף גרנולה מעורבת 10 יח 210 ג',ג'נרל מילס סאן אדריא,ES,חטיף קראנצי גרנולה מ,גרמים,210.00,100 גרם,false,,19.50,0.0929,true,1,10056
18000701223,false,תערובת להכנת עוגה בטעם שוקולד,הדקלאים אגודת שיתופי,IL,תערובת לעוגת שוק.דוי,גרמים,500.00,100 גרם,false,,16.90,0.0338,true,1,10057
18000703494,false,תערובת עוגת וניל פיסברי 500 גר',הדקלאים אגודת שיתופי,IL,תערובת לעוגת וניל פר,גרמים,517.00,100 גרם,false,,16.90,0.0327,true,1,10058
18000766413,false,תערובת בראוניס פילסברי 500 גר',הדקלאים אגודת שיתופי,IL,תערובת לעוגת בראוניס,גרמים,550.00,100 גרם,false,,16.90,0.0307,true,1,10060
22200956932,false,דאודורנט ג'ל לגבר Fresh Rush 24h,הנסיך- מפעל לייצור ט,US,דאו' ג'ל כחול ספיד ס,גרמים,85.00,100 גרם,false,,18.90,0.2224,true,1,14392
25700005650,false,שקיות הקפאה גדולות- 14 יח' זיפלוק,אס.סי גונוסון,US,זיפלוק שקיות הקפאה ג,גרמים,201.00,100 גרם,false,,12.90,0.0642,true,1,33884
31290140107,false,שוקולד גודייבה סטיקס,גודייבה GODIVA,TR,שוקולד מריר 72% 90 ג,גרמים,90.00,100 גרם,false,,14.90,0.1656,true,1,16057
37600207188,false,חמאת בוטנים סקיפי קלאסי 462 גר',חברת המזון אלגוד,US,סקיפי חמאת בוטנים קל,גרמים,462.00,100 גרם,false,,17.90,0.0387,true,1,6343
37600207256,false,חמאת בוטנים סקיפי עם שברי בוטנים 462 גר',חברת המזון אלגוד,US,סקיפי חמאת בוטנים עם,גרמים,462.00,100 גרם,false,,17.90,0.0387,true,1,6344
38000232152,false,פרינגלס ברביקיו 158 גרם – חדש,פרינגלס מניופקצ'ורינ,US,פרינגלס ביג ברביקיו,גרמים,158.00,100 גרם,false,,8.90,0.0563,true,1,1379
38000232176,false,חטיף צ'יפס שמנת חמוצה ובצל,פרינגלס מניופקצ'ורינ,US,פרינגלס ביג שמנת בצל,גרמים,158.00,100 גרם,false,,8.90,0.0563,true,1,1380
38000232183,false,פרינגלס אורגינל 149 גרם,פרינגלס מניופקצ'ורינ,US,פרינגלס ביג אורגינל,גרמים,158.00,100 גרם,false,,8.90,0.0563,true,1,1381
38527591053,false,קוואקר מרובעים קינמון דגני בוקר 412 גרם,BEVERAGES FOODS & SE,US,דגני בוקר מרובעים קי,גרמים,412.00,100 גרם,false,,19.90,0.0483,true,1,15883
38527591060,false,דגני קוואקר מרובעים Quaker Squares עם סוכר חום,BEVERAGES FOODS & SE,US,דגני בוקר מרובעים קו,גרמים,412.00,100 גרם,false,,19.90,0.0483,true,1,15884
40000513568,false,סוכריות אם אנד אמס M&M שוקולד חלב,M&M אם אנד אם,US,עדשי שוקולד M&M,גרמים,156.00,100 גרם,false,,11.90,0.0763,true,1,14100
40000514480,false,M&M אריזה קטנה's שוקולד אריזה קטנה 48 גרם,M&M אם אנד אם,,עדשי שוקולד M&M שוקו,גרמים,48.00,100 גרם,false,,4.90,0.1021,true,1,14103
40000514510,false,M&M אריזה קטנה's בוטנים אריזה קטנה 49 גרם,M&M אם אנד אם,,בוטנים 49 גרם M&M עד,גרמים,49.00,100 גרם,false,,4.90,0.1000,true,1,14104
41224700260,false,צלפים מיניאטורים בחו,,,צלפים מינאטוריים בחו,גרמים,90.00,100 גרם,false,,18.90,0.2100,true,1,336981
42400108153,false,דגני בוקר צבעוניים בטעם פירות טוטי פרוטיס,פוסט Post,US,דגני פרוטיס פוסט 354,גרמים,354.00,100 גרם,false,,23.80,0.0672,true,1,38134
46214382259,false,עוגיות בראוניס שוקולד 225 ג',בנקטבקריי מרבה בי.וי,NL,מרבה עוגיות בראוניס,גרמים,225.00,100 גרם,false,,9.90,0.0440,true,1,1244
46214731552,false,עוגיות שוקולד ציפס מובחרות 225 ג',קריניציה ויטמינה אס,NL,מרבה עוגיות שוקולד צ,גרמים,225.00,100 גרם,false,,9.90,0.0440,true,1,1245
50000084500,false,מזון יבש לחתול בטעם נתחי ברביקיו פריסקיז Friskies,נסטלה פורינה USA מק,US,פריסקיז מעדני השף מנ,אלף,1.43,"ק""ג",false,,38.90,27.2028,true,1,12831
50000100347,false,"פריסקיז - מעדני החתול מועשר בחלב 1.40 ק""ג",נסטלה פורינה USA מק,US,פריסקיז מעדני החתול,אלף,1.40,"ק""ג",false,,38.90,27.7857,true,1,12833
52100002453,false,תערובת תיבול להמבורג,,,תערובת תיבול לסטייק,גרמים,96.00,100 גרם,false,,19.90,0.2073,true,1,394977
52100002460,false,תערובת תיבול לעוף וד,מקרומיק,US,תערובת תיבול לעוף וד,גרמים,77.00,100 גרם,false,,19.90,0.2584,true,1,394978
52100070780,false,תמצית תפוז טהורה 29,מקורמיק,US,תמצית תפוז טהורה 29,מיליליטרים,29.00,"100 מ""ל",false,,17.90,0.6172,true,1,381217
52100070865,false,תמצית וניל טהור מקור,מקורמיק McCormick,US,תמצית וניל טהורה 29,מיליליטרים,29.00,"100 מ""ל",false,,29.90,1.0310,true,1,14021
54881000048,false,תה שחור מבחר פרי הדר,תה אחמד Ahmad tea,,תה שחור מבחר פרי הדר,גרמים,695.00,100 גרם,false,,8.90,0.0128,true,1,44950
54881000055,false,תה מיקס פירות יער והיביסקוס,תה אחמד Ahmad tea,,תה שחור מבחר פירות 2,גרמים,695.00,100 גרם,false,,8.90,0.0128,true,1,44951
54881000062,false,תה שחור לימונית וקמומי 20 שקיות AHMAD TEA,תה אחמד Ahmad tea,,תה שחור לימונית וקמו,גרמים,695.00,100 גרם,false,,8.90,0.0128,true,1,44952
54881000208,false,תה שחור לימון ןגינגר,תה אחמד Ahmad tea,,תה שחור לימון וגינג',גרמים,711.00,100 גרם,false,,8.90,0.0125,true,1,44953
54881003971,false,תה אנגלי ירוק מבחר 2,תה אחמד Ahmad tea,,תה ירוקמ בחר 20 שקיו,גרמים,180.00,100 גרם,false,,9.90,0.0550,true,1,44969
54881006958,false,תה אהמאד שחור קינמון מארז 2X20ג',תה אחמד Ahmad tea,,תה שחור קינמון 20 שק,גרמים,695.00,100 גרם,false,,8.90,0.0128,true,1,44954
54881006972,false,תה שחור לימון וליים 20 שקיות AHMAD TEA,תה אחמד Ahmad tea,,תה שחור לימון וליים,אין,0.00,יחידה,false,,8.90,0.0000,true,1,44955
54881007511,false,תה ירוק בטעם מנטה 20 שקיות AHMAD TEA,תה אחמד Ahmad tea,,תה ירוק בטעם מנטה 20,גרמים,180.00,100 גרם,false,,9.90,0.0550,true,1,44971
54881008945,false,תה ירוק 20 שקיות AHMAD TEA,תה אחמד Ahmad tea,,תה ירוק 20 שקיות - ת,גרמים,180.00,100 גרם,false,,9.90,0.0550,true,1,44973
58000142169,false,קולגייט טוטאל קלין מ,CP,MX,משחת שיניים קולגייט,מיליליטרים,170.00,"100 מ""ל",false,,29.90,0.1759,true,1,472027
58000313200,false,"משחת מקס פרש כחול 150 מ""ל קולגייט",CP,MX,קולגייט משחת שיניים,מיליליטרים,150.00,"100 מ""ל",false,,22.90,0.1527,true,1,472057
64144090020,false,תרסיס שמן שמן זית פאם 141 ג',קונאגרה פודס,US,תרסיס שמן זית פאם 14,גרמים,148.00,100 גרם,false,,16.90,0.1142,true,1,10067
64144090051,false,"תרסיס שמן קנולה פאם 148 מ""ל",קונאגרה פודס,US,תרסיס שמן קנולה פאם,מיליליטרים,148.00,"100 מ""ל",false,,16.90,0.1142,true,1,10068
70177077563,false,תה טווינינג ארל גריי,אר. טווינינגס אנד קו,PL,טווינינג ארל גריי 50,גרמים,50.00,100 גרם,false,,17.90,0.3580,true,1,10740
70177077693,false,טווינינג אינגליש ברק,אר. טווינינגס אנד קו,PL,טווינינג אינגליש ברק,גרמים,50.00,100 גרם,false,,17.90,0.3580,true,1,10741
70177078775,false,טווינינג ליידי גריי,טווינינגס Twinings,,טווינינג ליידי גריי,גרמים,50.00,100 גרם,false,,17.90,0.3580,true,1,10742
70177086664,false,טווינינג גרין פיור 5,טווינינגס Twinings,GB,טווינינג גרין פיור 5,גרמים,50.00,100 גרם,false,,18.90,0.3780,true,1,10743
70177173159,false,טווינינג גרין למון 4,אר. טווינינגס אנד קו,PL,טווינינג גרין למון 4,גרמים,40.00,100 גרם,false,,18.90,0.4725,true,1,10744
70177173166,false,טווינינג גרין ג'סמין,טווינינגס Twinings,,טווינינג גרין ג'סמין,גרמים,45.00,100 גרם,false,,18.90,0.4200,true,1,10745
70177177669,false,טווינינג חליטה למון,,,טווינינג חליטה למון,גרמים,30.00,100 גרם,false,,17.90,0.5967,true,1,10747
70177273330,false,טווינינגס חליטת לואי,,,טווינינגס חליטת לואי,גרמים,37.50,100 גרם,false,,17.90,0.4773,true,1,237492
72600062306,false,הר חטיף גבינה 198 גרם,הר פודס,,הר חטיף גבינת 198 גר,גרמים,198.00,100 גרם,false,,19.90,0.1005,true,1,78253
72600062320,false,הר חטיף גבינה בטעם פיצה 198 גרם,הר פודס,,הר חטיף גבינה בטעם פ,גרמים,198.00,100 גרם,false,,19.90,0.1005,true,1,78266
76840002542,false,"גלידת בן & ג'ריס פיינט נטפליקס וצ'ילד 500מ""ל",מוצרי איכות אמריקאים,IL,גלידת פיינטים נטפליק,מיליליטרים,420.00,"100 מ""ל",false,,19.90,0.0474,true,1,10978
76840002566,false,גלידה בן&גרי נטפליקס,בן & ג'ריס,US,פינט נטפליקס&צ'ילד ל,מיליליטרים,473.00,"100 מ""ל",false,,27.90,0.0590,true,1,10979
76840100156,false,"גלידה צרי גרסיה בן וג'ירי 500 מ""ל",מוצרי איכות אמריקאיי,IL,בן&גרי גלידה צרי גרס,גרמים,473.00,100 גרם,false,,19.90,0.0421,true,1,69643
76840100583,false,"גלידת וניל עם בצק עוגיות בן וג'ירי 473 מ""ל",מוצרי איכות אמריקאיי,IL,גלידה וניל +בצק עוגי,מיליליטרים,473.00,"100 מ""ל",false,,19.90,0.0421,true,1,10980
76840400218,false,"גלידה בן&ג'ריס תות שדה ועוגת גבינה 500מ""ל",מוצרי איכות אמריקאיי,IL,בן&גריס גלידה תות שד,מיליליטרים,475.00,"100 מ""ל",false,,19.90,0.0419,true,1,10983
77245110610,false,סוכריות מאסט ללא סוכר בטעם מנטה 80 ג'עלית,MIESZKO S.A - MS. JO,IL,סוכריות מאסט ללא סוכ,גרמים,80.00,100 גרם,false,,6.90,0.0863,true,1,2271
77975022757,false,בייגלה בסגנון אמריקאי 382 גרם סניידרס,סניידרס Snyder's,US,סניידרס בייגלה אמריק,גרמים,382.00,100 גרם,false,,14.90,0.0390,true,1,305595
77975034071,false,חטיף בייגלה ניברלס 255 ג',סיינדרס,US,בייגלה סניידרס ניבלר,גרמים,255.00,100 גרם,false,,14.90,0.0584,true,1,10070
77975094631,false,סנדביץ בייגלה במילוי קרם בטעם צ'דר 226 גרם סניידרס,סניידרס Snyder's,,סניידרס בייגלה סנדוו,גרמים,266.00,100 גרם,false,,14.90,0.0560,true,1,63634
77975094761,false,שברי בייגלה בטעם צ'דר 340 גרם סניידרס,סניידרס Snyder's,US,סניידרס צ'דר 340 גרם,גרמים,340.00,100 גרם,false,,14.90,0.0438,true,1,63635
77975094778,false,סניידרס שברי בייגל בטעם דבש וחרדל 340 גר,סניידרס Snyder's,US,סניידרס שברי בייגלה,גרמים,340.00,100 גרם,false,,14.90,0.0438,true,1,107839
85696608037,false,טופו רך ללא גלוטן 34,Morinaga NUTRITIONAL,,טופו משי (רך) ללא גל,גרמים,340.00,100 גרם,false,,12.90,0.0379,true,1,430971
85696608044,false,טופו ללא גלוטן מזרח,Morinaga NUTRITIONAL,US,טופו ללא גלוטן מזרח,גרמים,349.00,100 גרם,false,,12.90,0.0370,true,1,430955
611745285432,false,שלישיית מגבות מטבח,,,סט 3 מגבות מטבח,אין,0.00,יחידה,false,,14.90,0.0000,true,1,6761
611745285685,true,אבוקדו בשל יח,,,אבוקדו בשל יח,גרמים,470.00,100 גרם,false,,9.90,0.0211,true,1,31169
613008742348,false,משקה אריזונה גנסינג ודבש 1 ליטר,"נטורלה גטרנק בע""מ",DE,אריזונה ג'נסנג ודבש,ארגז,1.00,ליטר,false,,11.80,11.8000,true,1,24925
613008742409,false,אריזונה אפרסק בקבוק 1 ליטר,"נטורלה גטרנק בע""מ",DE,אריזונה אפרסק בקבוק,ארגז,1.00,ליטר,false,,11.80,11.8000,true,1,24926
613008755461,false,אריזונה אוכמניות בקבוק 1 ליטר,"נטורלה גטרנק בע""מ",DE,אריזונה אוכמניות בקב,ארגז,1.00,ליטר,false,,11.80,11.8000,true,1,24931
628154383659,false,דגני בוקר פרוטי פבלס 311 ג' POST,פוסט לקיוויל,PL,דגני בוקר פרוטי פבלס,גרמים,311.00,100 גרם,false,,23.80,0.0765,true,1,283878
633824913432,false,וודקה בטעם אסאי-אוכמניות,מזקקת קוימאנס טילבור,NL,ואן גוך וודקה אסאי ב,מיליליטרים,750.00,"100 מ""ל",false,,139.90,0.1865,true,1,21472
645173911038,false,קורנישון מלפפוןן מיני 720 גרם - תומר,קלמן אינדיה,,מלפפונים קורנישון מי,גרמים,720.00,100 גרם,false,,10.90,0.0151,true,1,16190
693493126281,false,מארז שלישיית קפה טורקי טחון 100ג' קסטל,,,קפה טורקי קלוי וטחון,גרמים,300.00,100 גרם,false,,14.90,0.0497,true,1,163713
710535495539,false,"אורז בסמטי 96% 1 ק""ג Avel",,,"אבאל אורז בסמטי 1 ק""",אלף,1.00,"ק""ג",false,,9.90,9.9000,true,1,29868
728229123613,false,חטיף על בסיס תפוח אדמה כחול בטעם טבעי,היין סלסטיאל גרופ,US,טרה צ'יפס חטיף ירקות,גרמים,50.00,100 גרם,false,,15.50,0.3100,true,1,1278
728229123811,false,חטיף על בסיס ירקות שורש בתיבול ים תיכוני,הונדורס צ'יפס יצור א,HN,טרה צ'יפס חטיף ים ת,גרמים,110.00,100 גרם,false,,15.50,0.1409,true,1,1279
728229130154,false,חטיף על בסיס בטטה וסלק בטעם טבעי,הונדורס צ'יפס יצור א,HN,טרה צ'יפס חטיף בטטה,גרמים,110.00,100 גרם,false,,15.50,0.1409,true,1,1282
728229130444,false,"חטיף על בסיס ירקות שורש עם בטטה, תפו""א כחול וסלק",היין סלסטיאל גרופ,US,טרה צ'יפס חטיף מירקו,גרמים,110.00,100 גרם,false,,15.50,0.1409,true,1,1283
757437933189,false,פומפה+מקל,,,פומפה+מקל,אין,0.00,יחידה,false,,6.50,0.0000,true,1,10551
768404001640,false,"גלידה בן&ג'ריס קפה משפחתית 500מ""ל",מוצרי איכות אמריקאיי,IL,גלידה פיינטס קפה 473,מיליליטרים,473.00,"100 מ""ל",false,,19.90,0.0421,true,1,10984
769904000997,false,דגש שקדי מרק ללא גלו,משובח תעשיות מזון,IL,דגש שקדי מרק ללא גלו,גרמים,200.00,100 גרם,false,,14.90,0.0745,true,1,2020
787269088481,false,עגבניות שרי לובלו,,,עגבניות שרי לובלו,גרמים,700.00,100 גרם,false,,16.90,0.0241,true,1,112813
787269647763,false,קפה קר קפוצ'ינו 250,,,קפה קר קפוצ'ינו 250,מיליליטרים,250.00,"100 מ""ל",false,,6.90,0.0276,true,1,117003
787269647770,false,"קפה קר אספרסו 250 מ""",,,"קפה קר אספרסו 250 מ""",מיליליטרים,250.00,"100 מ""ל",false,,6.90,0.0276,true,1,117004
814109020605,false,קנדי מפופ פופקורן בט,,,קנדי פופ - פופקורן ב,אין,0.00,יחידה,false,,22.90,0.0000,true,1,477842
814109021350,false,קנדי מפופ פופקורן עם,,,פופקורן סניקרס 149 ג,אין,0.00,יחידה,false,,22.90,0.0000,true,1,147993
833949000264,false,סירופ מייפל אורגני 3,כפרי בריא,CA,סירופ מייפל אמיתי 10,גרמים,330.00,100 גרם,false,,35.90,0.1088,true,1,2637
835811000419,false,כפיות 50 יח` קרם עבה במיוחד,,,כפיות 50 יח' קרם עבה,אין,0.00,יחידה,false,,16.90,0.0000,true,1,7642
835811000426,false,מזלגות קרם עבה במיוחד 50 יח',,,מזלגות 50 יח' קרם עב,אין,0.00,יחידה,false,,16.90,0.0000,true,1,7643
835811001201,false,מגש אובלי בינוני מדק,,,מגש אובלי בינוני מדק,יח',5.00,יח',false,,19.90,3.9800,true,1,140252
835811003427,false,"צלחות גדול מקנה סוכר 1 ק""ג כ-67 יח` הנמל",,,צלחות גדול מקנה סוכר,אין,0.00,יחידה,false,,34.90,0.0000,true,1,462082
835811003595,false,צלחות קלאסי קטן לבן 65 יח' הנמל,,,צלחות קלאסי לבן קטן,אין,0.00,יחידה,false,,24.90,0.0000,true,1,270189
835811004059,false,צלחות מרובעות ענק מד,,,צלחות מרובעות גדול מ,יח',10.00,יח',false,,16.90,1.6900,true,1,140220
835811004066,false,צלחות מרובעות קטנות,,,צלחות מרובעות קטנות,יח',10.00,יח',false,,12.90,1.2900,true,1,140237
835811004431,false,מארז ממחטות טישו משי 100X5 יח' הנמל,,,מארז ממחטות נייר טי,יח',5.00,יח',false,,9.90,1.9800,true,1,184495
835811004523,false,קשים מיוחדים לשייק 75 יח הנמל,,CN,הנמל קשים מיוחדים לש,יח',75.00,יח',false,,9.90,0.1320,true,1,7687
835811005407,false,כוס קפה לדרך ענק + מכסה הנמל 12 יח',הנג טונג,CN,הנמל כוסות קפה לדרך,אין,0.00,יחידה,false,,13.90,0.0000,true,1,7698
835811005728,false,עלים לקרמשניט 400 גר`,רונית מאפים בעמ,IL,עלים לקרמשניט 400 גר,גרמים,400.00,100 גרם,false,,18.90,0.0472,true,1,7700
835811005810,false,מגש הכסף תבנית מרובע קטן +מכסה 10 יח`,הנמל,IL,תבנית אלומיניום מרוב,אין,0.00,יחידה,false,,11.90,0.0000,true,1,7702
835811006060,false,"כוסות אספרסו קטנות 75 מ""ל",הנמל,,כוסות קרטון 50 יח 2.,אין,0.00,יחידה,false,,6.90,0.0000,true,1,7711
835811006497,false,אבקת סוכר הנמל 500גר,ר.ס. חברה ליבוא ויצו,IL,אבקת סוכר 500 גר,גרמים,500.00,100 גרם,false,,8.90,0.0178,true,1,7714
835811006534,false,"כוסות קרטון לשתיה חמה 475 מ""ל",הנמל,CN,כוסות קרטון 50 יח 16,אין,0.00,יחידה,false,,23.90,0.0000,true,1,7716
835811007180,false,פופ קורן הנמל 500 גר,יבוא ושיווק: הנמל אר,IL,פופ קורן הנמל 500 גר,גרמים,500.00,100 גרם,false,,5.90,0.0118,true,1,129192
835811007357,false,לפתניות אובלי 25 יח',הנמל,TR,סלטינות 25 יחידות,אין,0.00,יחידה,false,,7.90,0.0000,true,1,7722
835811008699,false,כפות 50 יח` שקוף עבה במיוחד,הנמל,,כפות 50 יח שקוף עבה,אין,0.00,יחידה,false,,16.90,0.0000,true,1,7728
835811008934,false,מזלגות 50 יח` שקוף עבה במיוחד,הנמל,,מזלגות 50 יח עבה במי,אין,0.00,יחידה,false,,16.90,0.0000,true,1,7733
835811008941,false,סכינים 50 יח`שקוף עבה במיוחד,"איטיליאן פוד, אס.פי.",IL,סכינים 50 יח שקוף עב,אין,0.00,יחידה,false,,16.90,0.0000,true,1,7734
835811008958,false,כפיות 50 יח` שקוף עבה במיוחד,הנמל אריזות.,,כפיות 50 יח שקוף עבה,אין,0.00,יחידה,false,,16.90,0.0000,true,1,7735
835811009115,false,מגשית מלבנית אלגנט,,,מגשית מלבנית אלגנט,אין,0.00,יחידה,false,,7.90,0.0000,true,1,7747
841058006633,false,"אדג' ג'יל גילוח מועשר בשיבולת שועל 198 מ""ל",,US,ג'ל גילוח אדג' מועשר,מיליליטרים,198.00,"100 מ""ל",false,,12.90,0.0652,true,1,33609
841085004554,false,לקקן רגל קולה,,,לקקן רגל קולה,גרמים,0.00,גרם,false,,1.50,0.0000,true,1,464356
844510013088,false,יין ירושלים הילס סוב,,,ג'רוזלם הילז סוביניו,מיליליטרים,750.00,"100 מ""ל",false,,41.90,0.0559,true,1,3689
844510013101,false,יין ירושלים הילס קבר,אגדת,IL,ג'רוזלם הילז קברנה ס,מיליליטרים,750.00,"100 מ""ל",false,,41.90,0.0559,true,1,3690
851621000050,false,בירה חיטה בטעם הדרים 1664 בלאנק - שישייה,קרלסברג ספליי קומפאנ,PL,בירה BLANC שישיה 330,ארגז,1.98,ליטר,false,,41.70,21.0606,true,1,7216
859547004084,false,ספוג קרצוף סקראב דדי,,,ספוג ניקוי בניחוח לי,גרמים,34.00,100 גרם,false,,17.90,0.5265,true,1,257706
859547004466,false,סקראב מאמי ספוג ניקו,סקארקיסט,US,ספוג ניקוי דו צדדי ס,גרמים,34.00,100 גרם,false,,17.90,0.5265,true,1,257678
877300001040,false,כורכום טחון 150גר,נפטון Neptune,,כורכום טחון 150גר,גרמים,150.00,100 גרם,false,,10.90,0.0727,true,1,22260
877300002160,false,רוטב צ`ילי מתוק נפטו,נפטון Neptune,,רוטב צ`ילי מתוק נפטו,גרמים,370.00,100 גרם,false,,13.90,0.0376,true,1,22290
877300004096,false,ממרח טאפנד זיתים ירו,,,ממרח טאפנד זיתים ירו,גרמים,180.00,100 גרם,false,,12.90,0.0717,true,1,22314
877300007714,false,כורכום טחון 400גר,,,כורכום טחון 400גר,גרמים,400.00,100 גרם,false,,17.90,0.0447,true,1,22330
877300009725,false,אורגנו נפטון 60 גרם.,,,אורגנו נפטון 60 גרם.,גרמים,60.00,100 גרם,false,,10.90,0.1817,true,1,22350
884912111715,false,דגני פוסט האני קומב,,,-פוסט- האני קומב 354,גרמים,354.00,100 גרם,false,,23.80,0.0672,true,1,23397
884912359155,false,דגני בוקר האני באנצס רוסטד 340 ג' POST,פוסט לקיוויל,US,דגני בוקר שיבולת שוע,גרמים,340.00,100 גרם,false,,22.90,0.0674,true,1,274164
884912359162,false,דגני בוקר האני באנצס שקדים 340 ג' POST,פוסט לקיוויל,US,דגני בוקר שיבולת שוע,גרמים,340.00,100 גרם,false,,22.90,0.0674,true,1,274150
884912359414,false,דגני בוקר האני באנצס קינמון 340 ג' POST,פוסט לקיוויל,US,דגני בוקר שיבולת שוע,גרמים,340.00,100 גרם,false,,22.90,0.0674,true,1,274165
884912365200,false,דגני בוקר אוראו הדור הבא 311 ג',פוסט לקיוויל,US,דגני בוקר עם פירורי,גרמים,311.00,100 גרם,false,,22.90,0.0736,true,1,431804
884912377142,false,דגני בוקר האני באנצס וניל 340 ג' POST,פוסט לקיוויל,US,דגני בוקר שיבולת שוע,גרמים,340.00,100 גרם,false,,22.90,0.0674,true,1,274110
3010470155299,false,פריסקיז Friskies פטה בקר וירקות,ניו פטפוד איטליה,IT,פריסקיז פטה בקר וירק,גרמים,400.00,100 גרם,false,,9.90,0.0248,true,1,12854
3010470158221,false,פריסקיז פטה עוף וירק,ניו פטפוד איטליה,IT,פריסקיז פטה עוף וירק,גרמים,400.00,100 גרם,false,,9.90,0.0248,true,1,12855
3014260095727,false,אורל בי מברשת שיניים,,,אורל בי מברשת שיניים,אין,0.00,יחידה,false,,39.90,0.0000,true,1,17424
3014260201753,false,סכיני גילוח ג'ילט בלו 2 להבים - מארז 5 יח',פרוקטר אנד גמבל,PL,סכיני גילוח חד פעמיי,אין,0.00,יחידה,false,,12.90,0.0000,true,1,17425
3014260228842,false,"ג'ילט קצף גילוח רגיל - 200 מ""ל",מולינו ניקולי s.p.a,GB,קצף גילוח רגיל ג'ילט,מיליליטרים,200.00,"100 מ""ל",false,,14.90,0.0745,true,1,17428
3014260289287,false,סכיני גילוח לאישה בלו 2 Blue,פרוקטר אנד גמבל,RU,סכיני גילוח לאישה בל,אין,0.00,יחידה,false,,14.90,0.0000,true,1,17437
3014260833732,false,פרו אקספרט להגנה מקי,,,פרו אקספרט להגנה מקי,אין,0.00,יחידה,false,,24.90,0.0000,true,1,17438
3014260836665,false,פרו אקספרט זוג להגנה מקיפה 35 רך,,,אורל בי פרו אקספרט מ,אין,0.00,יחידה,false,,29.90,0.0000,true,1,17440
3014409005471,false,אניס פסטיס פרדו 1 לי,,,אניס פסטיס פרדו 1 לי,ארגז,1.00,ליטר,false,,89.90,89.9000,true,1,10520
3046920028004,false,שוקולד מריר אקסלנס 70%,לינדט ושפרונגלי,FR,לינדט אקסלנס 70% 100,גרמים,100.00,100 גרם,false,,14.90,0.1490,true,1,1140
3046920028363,false,שוקולד מריר אקסלנס 85%,לינדט ושפרונגלי,FR,לינדט אקסלנס 85% 100,גרמים,100.00,100 גרם,false,,14.90,0.1490,true,1,1141
3046920028752,false,לינדט אקסלנס מריר מנ,לינדט ושפרונגלי,FR,לינדט אקסלנס מריר מנ,גרמים,100.00,100 גרם,false,,14.90,0.1490,true,1,1143
3046920029674,false,שוקולד מריר אקסלנס עם מלח ים,לינדט ושפרונגלי,DE,לינדט אקסלנס עם שבבי,גרמים,100.00,100 גרם,false,,14.90,0.1490,true,1,1144
3046920029759,false,שוקולד מריר אקסלנס 90% קקאו,לינדט ושפרונגלי ג'י.,DE,לינדט אקסלנס 90% 100,גרמים,100.00,100 גרם,false,,14.90,0.1490,true,1,1146
3073781161663,false,גבינה מותכת 18.5% שומן לה וואש קירי,לה וואש קירי La Vache qui rit,FR,גבינת לה וואש קירי 8,גרמים,128.00,100 גרם,false,,11.90,0.0930,true,1,83102
3073781161687,false,גבינת לבש קירי כשר 2,בל,FR,גבינה מותכת לה וואש,גרמים,256.00,100 גרם,false,,22.70,0.0887,true,1,83131
3073781161700,false,גבינה מותכת לה וואש,,,גבינה מותכת לה וואש,גרמים,480.00,100 גרם,false,,38.90,0.0810,true,1,83132
3073781162790,false,גבינת בייבי בל אדם 1,מחלבות בל,FR,בייבי בל 24% אדום 12,גרמים,120.00,100 גרם,false,,22.90,0.1908,true,1,358243
3073781177220,false,גבינת אדם בייבי בל ר,מחלבות בל,FR,גבינת בייבי בל רול 1,גרמים,102.00,100 גרם,false,,21.90,0.2147,true,1,423441
3141360054405,false,פיניש מפיץ ריח למדיח בניחוח לימון וליים,הדקלאים אגודת שיתופי,PL,פיניש מפיץ ריח לימון,אין,0.00,יחידה,false,,14.90,0.0000,true,1,14189
3161911229199,false,אלוויר חמאה רכה 250ג,אלל אה וויר,FR,אלוויר חמאה רכה 250ג,גרמים,250.00,100 גרם,false,,21.90,0.0876,true,1,12016
3161911366429,false,חמאה רכה מלוחה אלווי,ארזינא,FR,אלוויר חמאה רכה מלוח,גרמים,250.00,100 גרם,false,,21.90,0.0876,true,1,12017
3162330060479,false,בירה SAER BRAU 6*250,,,בירה SAER BRAU 6*250,ארגז,1.50,ליטר,false,,14.90,9.9333,true,1,460080
3175460000017,false,גבינת בורסן עשבי תיב,השחר,FR,גבינת בורסאן שום עשב,גרמים,150.00,100 גרם,false,,22.90,0.1527,true,1,12019
3175460000062,false,גבינת בורסאן טבעי 15,השחר,FR,גבינת בורסאן טבעי 15,גרמים,150.00,100 גרם,false,,22.90,0.1527,true,1,12020
3175460000864,false,גבינת בורסאן טבעי 15,"בל,",FR,גבינת בורסאן טבעי 15,גרמים,150.00,100 גרם,false,,22.90,0.1527,true,1,218382
3175460030083,false,גבינת בורסן בצל ועיר,השחר,FR,בורסאן בצל ועירית 40,גרמים,150.00,100 גרם,false,,22.90,0.1527,true,1,12021
3178530402353,false,עוגיות ספוג קטנות מיני מדלן,סן מישל St Michel,FR,עוגיות רכות מיני מדל,גרמים,175.00,100 גרם,false,,12.90,0.0737,true,1,209580
3178530407938,false,עוגיות מיני מדלן עם פצפוצי שוקולד,סן מישל St Michel,FR,עוגיות שוקולד צ'יפס,גרמים,175.00,100 גרם,false,,12.90,0.0737,true,1,12022
3178530417340,false,בראוניז שוקולד עוגות,סן מישל,FR,בראוניז שוקולד סאן מ,גרמים,210.00,100 גרם,false,,16.90,0.0805,true,1,209623
3178530417357,false,בראוניז שוקולד לבן ע,סן מישל,FR,בראוניז שוקולד לבן ס,גרמים,210.00,100 גרם,false,,16.90,0.0805,true,1,209624
3245412211393,false,שוקולד חלב מעולה קרפ,,FR,שוקולד חלב מעולה קרפ,גרמים,300.00,100 גרם,false,,7.90,0.0263,true,1,380094
3245412211409,false,שוקולד חלב מעולה עם,,FR,שוקולד חלב מעולה עם,גרמים,300.00,100 גרם,false,,15.90,0.0530,true,1,379557
3254550033279,false,גבינת קממבר איסיני 2,איזיני סנט מר,FR,גבינת קממבר 250 גרם,גרמים,250.00,100 גרם,false,,30.90,0.1236,true,1,12028
3270190128151,false,קרפור שוקולד חלב אור,,FR,קרפור שוקולד חלב אור,גרמים,100.00,100 גרם,false,,6.90,0.0690,true,1,476067
3270190151654,false,שוקולד מריר מעולה עם,,FR,שוקולד מריר מעולה עם,גרמים,100.00,100 גרם,false,,5.90,0.0590,true,1,379574
3270190174936,false,שוקולד חלב עם תכולת,,FR,שוקולד חלב עם תכולת,גרמים,100.00,100 גרם,false,,5.90,0.0590,true,1,379589
3387390320244,false,פיטנס Fitness דגנים מלאים עם פירות,נסטלה צרפת איטנקורט,FR,פיטנס פירות דגני עם,גרמים,375.00,100 גרם,false,,19.90,0.0531,true,1,12856
3387390525960,false,קראנץ' Crunch דגנים פריכים עם שוקולד,הנסיך- מפעל לייצור ט,FR,דגני קראנץ' נסטלה 50,גרמים,500.00,100 גרם,false,,22.90,0.0458,true,1,12857
3387390730852,false,פיטנס Fitness קלאסי דגנים מלאים ואורז,נסטלה צרפת איטנקורט,FR,דגני פיטנס נסטלה 375,גרמים,375.00,100 גרם,false,,19.90,0.0531,true,1,12858
3500610150500,false,שאטו הו פורה בורדו 7,,FR,שאטו הו פורה בורדו 7,מיליליטרים,750.00,"100 מ""ל",false,,74.90,0.0999,true,1,295450
3500610150517,false,שאטו טימברליי בורדו,שאטו בלוו,FR,שאטו טימברליי בורדו,מיליליטרים,750.00,"100 מ""ל",false,,79.90,0.1065,true,1,295465
3523230025638,false,גבינת עיזים מיני בוש,אוריאל,FR,גבינת עיזים בושה טבע,גרמים,125.00,100 גרם,false,,26.90,0.2152,true,1,12033
3523230026826,false,גבינת עיזים פרימדה ס,אוריאל,FR,פרמידה עיזים טבעי 14,גרמים,140.00,100 גרם,false,,26.90,0.1921,true,1,12034
3523230026888,false,גבינת עיזים למריחה עם שום ועשבי תיבול,סואניון SOIGNON,FR,פרמידה עיזים שום ועש,גרמים,140.00,100 גרם,false,,26.90,0.1921,true,1,12035
3560070249343,false,קרפור- שוקולד חלב עם,,FR,קרפור- שוקולד חלב עם,גרמים,100.00,100 גרם,false,,5.90,0.0590,true,1,475965
3560070415755,false,קרפור-תה ירוק 25 יחי,,,קרפור-תה ירוק 25 יחי,גרמים,32.50,100 גרם,false,,7.90,0.2431,true,1,460170
3560070582884,false,קרפור סטייליס עם שוק,,,קרפור סטייליס עם שוק,גרמים,300.00,100 גרם,false,,8.90,0.0297,true,1,439943
3560070659517,false,קרפור-תה ארל גריי 20,,,קרפור-תה ארל גריי 20,גרמים,36.00,100 גרם,false,,9.90,0.2750,true,1,460155
3560070669981,false,שוקולד מריר מעולה 80,,FR,שוקולד מריר מעולה 80,גרמים,80.00,100 גרם,false,,4.90,0.0613,true,1,379530
3560070701407,false,שוקולד מריר מעולה עם,,FR,שוקולד מריר מעולה עם,גרמים,100.00,100 גרם,false,,5.90,0.0590,true,1,379575
3560070720859,false,שוקולד מריר מעולה 72,,FR,שוקולד מריר מעולה 72,גרמים,80.00,100 גרם,false,,4.90,0.0613,true,1,379559
3560070820221,false,קרפור-חטיף דגנים אגו,,,קרפור-חטיף דגנים אגו,גרמים,125.00,100 גרם,false,,5.90,0.0472,true,1,460439
3560070826186,false,קרפור מוזלי שוקולד ו,,,קרפור מוזלי שוקולד ו,גרמים,750.00,100 גרם,false,,14.90,0.0199,true,1,439975
3560070888108,false,קרפור-תה שחור בטעם ל,,,קרפור-תה שחור בטעם ל,גרמים,40.00,100 גרם,false,,6.90,0.1725,true,1,460319
3560071005191,false,קרפור -שוקולד לבן עם,,FR,קרפור -שוקולד לבן עם,גרמים,100.00,100 גרם,false,,5.90,0.0590,true,1,475980
3560071006327,false,שוקולד מריר מעולה קר,,FR,שוקולד מריר מעולה קר,גרמים,200.00,100 גרם,false,,5.90,0.0295,true,1,379560
3560071013127,false,קרפור סטייליס עם שוק,,,קרפור סטייליס עם שוק,גרמים,300.00,100 גרם,false,,8.90,0.0297,true,1,439958
3560071013196,false,קרפור סטייליס בטעם ט,,,קרפור סטייליס בטעם ט,גרמים,500.00,100 גרם,false,,9.90,0.0198,true,1,439959
3560071016074,false,קרפור קורונפלקס 500,,,קרפור קורונפלקס 500,גרמים,500.00,100 גרם,false,,6.90,0.0138,true,1,440008
3560071018566,false,קרפור-חטיף דגנים בוט,,,קרפור-חטיף דגנים בוט,גרמים,125.00,100 גרם,false,,5.90,0.0472,true,1,460440
3560071081256,false,קרפור-תה שחור 20 יחי,,,קרפור-תה שחור 20 יחי,גרמים,36.00,100 גרם,false,,9.90,0.2750,true,1,460110
3560071081263,false,קרפור-תה ירוק סיני 2,,,קרפור-תה ירוק סיני 2,גרמים,36.00,100 גרם,false,,9.90,0.2750,true,1,460140
3560071090821,false,קרפור שוקו בולז 375,,,קרפור שוקו בולז 375,גרמים,375.00,100 גרם,false,,6.90,0.0184,true,1,439992
3560071095598,false,קרפור-חטיף דגנים חמו,,,קרפור-חטיף דגנים חמו,גרמים,125.00,100 גרם,false,,5.90,0.0472,true,1,460455
3560071095659,false,קרפור-חטיף דגנים קוק,,,קרפור-חטיף דגנים קוק,גרמים,125.00,100 גרם,false,,5.90,0.0472,true,1,460470
3560071188689,false,בירה Walberg 6*250 מ,,,בירה Walberg 6*250 מ,ארגז,1.50,ליטר,false,,17.90,11.9333,true,1,460065
3560071431914,false,קפסולות קפה קרפור עו,,FR,קפסולות קפה קרפור עו,גרמים,52.00,100 גרם,false,,6.90,0.1327,true,1,440994
3560071431945,false,קפסולות קפה קרפור עו,,FR,קפסולות קפה קרפור עו,גרמים,52.00,100 גרם,false,,6.90,0.1327,true,1,441025
3560071432003,false,קפסולות קפה קרפור עו,,FR,קפסולות קפה קרפור עו,גרמים,52.00,100 גרם,false,,6.90,0.1327,true,1,441026
3560071432065,false,קפסולות קפה קרפור עו,,FR,קפסולות קפה קרפור עו,גרמים,52.00,100 גרם,false,,6.90,0.1327,true,1,441028
3560071432157,false,קפסולות קפה וניל קרפ,,FR,קפסולות קפה וניל קרפ,גרמים,52.00,100 גרם,false,,6.90,0.1327,true,1,441030
3560071432188,false,קפסולות קפה קרמל קרפ,,FR,קפסולות קפה קרמל קרפ,גרמים,52.00,100 גרם,false,,6.90,0.1327,true,1,441031
3560071432218,false,קפסולות קפה אגוז קרפ,,FR,קפסולות קפה אגוז קרפ,גרמים,52.00,100 גרם,false,,6.90,0.1327,true,1,441032
3560071432249,false,קפסולות קפה ברזיל קר,,FR,קפסולות קפה ברזיל קר,גרמים,52.00,100 גרם,false,,6.90,0.1327,true,1,441033
3560071432270,false,קפסולות קפה קולומביה,,FR,קפסולות קפה קולומביה,גרמים,52.00,100 גרם,false,,6.90,0.1327,true,1,441034
3560071432300,false,קפסולות קפה אתיופיה,,FR,קפסולות קפה אתיופיה,גרמים,52.00,100 גרם,false,,6.90,0.1327,true,1,441035
3560071432331,false,קפסולות קפה לאוס קרפ,,FR,קפסולות קפה לאוס קרפ,גרמים,52.00,100 גרם,false,,6.90,0.1327,true,1,441036
3560071432362,false,קפסולות קפה קניה קרפ,,FR,קפסולות קפה קניה קרפ,גרמים,52.00,100 גרם,false,,6.90,0.1327,true,1,441037
3560071432690,false,קפסולות קפה קרפור עו,,FR,קפסולות קפה קרפור עו,גרמים,52.00,100 גרם,false,,6.90,0.1327,true,1,441040
3560071442545,false,בירה SAER BRAU 6*250,,,בירה SAER BRAU 6*250,ארגז,1.50,ליטר,false,,14.90,9.9333,true,1,460095
3574660089547,false,או-בה טמפונים קלאסי נורמל 32יח',ג'ונסון אנד ג'ונסון,GR,טמפון קלאסי נורמל או,אין,0.00,יחידה,false,,21.90,0.0000,true,1,14399
3574660115154,false,או-בה טמפונים קלאסי סופר 32יח',ג'ונסון אנד ג'ונסון,IT,אובה קלאסי סופר אובה,אין,0.00,יחידה,false,,21.90,0.0000,true,1,14400
3574661003924,false,שטיפת פה טוטאל קר בטעם מנטה צלול,ליסטרין Listerine,IT,מי פה טוטאל קאר ליסט,מיליליטרים,500.00,"100 מ""ל",false,,19.90,0.0398,true,1,18863
3574661098531,false,ניוטרוגינה תחליב גוף מועשר לעור יבש/רגיש,ניוטרוג'ינה Neutrogena,GR,ניוטרוג'ינה תחליב גו,מיליליטרים,400.00,"100 מ""ל",false,,33.90,0.0847,true,1,14413
3574661114637,false,"מי פה ליסטרין זירו מנטה עדין 500 מ""ל",ג'ונסון אנד ג'ונסון,IT,מי פה זירו ליסטרין 5,מיליליטרים,500.00,"100 מ""ל",false,,22.90,0.0458,true,1,18867
3574661419435,false,תחבושת הגיינית וניה מקסי לילה 12 יח',גונסון,BE,תחבושות הגייניות מקס,אין,0.00,יחידה,false,,23.90,0.0000,true,1,415624
3574661491806,false,מי פה אדבנס וויט מנטה מסירה כתמים קשים,ליסטרין Listerine,,מי פה אדוונס וויאט מ,מיליליטרים,500.00,"100 מ""ל",false,,19.90,0.0398,true,1,50598
3574661552576,false,קרפרי מגן תחתון רגיל טנגה לבן 56 יח חדש,הדקלאים אגודת שיתופי,IT,קרפרי רגיל טנגה לבן,אין,0.00,יחידה,false,,13.90,0.0000,true,1,14430
3574661552811,false,קרפרי כותון אוורירי 56 יח',הדקלאים אגודת שיתופי,GR,קרפרי כותון אוורירי,אין,0.00,יחידה,false,,13.90,0.0000,true,1,14432
3574661554877,false,מגן תחתון אוורירי מבושם,הנסיך- מפעל לייצור ט,GR,קרפרי כותון מבושם 56,אין,0.00,יחידה,false,,13.90,0.0000,true,1,14433
3574669907682,false,גונסונס בייבי טלק 500 ג',גונסון אנד גונסון,IT,ג'ונסונס בייבי טלק 5,גרמים,500.00,100 גרם,false,,31.90,0.0638,true,1,14436
3574669907880,false,שמפו גונסון צהוב 300 מל,,,ג'ונסון בייבי שמפו,מיליליטרים,330.00,"100 מ""ל",false,,6.90,0.0209,true,1,117052
3600523193141,false,תרסיס לכיסוי שורשי השיער Magic Retouch שחור,לוריאל Loreal,,צבע ציער מג'יק ריטאצ,אין,0.00,יחידה,false,,34.90,0.0000,true,1,118972
3600523193158,false,תרסיס לכיסוי שורשי השיער Magic Retouch חום,לוריאל Loreal,,צבע ציער מג'יק ריטאצ,אין,0.00,יחידה,false,,34.90,0.0000,true,1,118973
3600523642489,false,מסכת הזנה אינטנסיבית 6 שמנים לשיער יבש,לוריאל - אלביב Elvive,DE,מסכה לשיער 6 שמנים א,מיליליטרים,300.00,"100 מ""ל",false,,24.90,0.0830,true,1,9975
3600523651870,false,שמפו לחיזוק סיב השערה לכל סוגי השיער,לוריאל - אלביב Elvive,TR,שמפו ארגנין אלביב 55,מיליליטרים,550.00,"100 מ""ל",false,,14.90,0.0271,true,1,9978
3600523651900,false,מרכך לחיזוק סיב השערה לכל סוגי השיער,לוריאל - אלביב Elvive,,מרכך ארגנין אלביב 55,מיליליטרים,550.00,"100 מ""ל",false,,14.90,0.0271,true,1,9980
3600523652280,false,"לוריאל אלביב שמפו מועשר ב 6 שמנים, 550 מ""ל",לוריאל - אלביב Elvive,,שמפו 6 שמנים אלביב 5,מיליליטרים,550.00,"100 מ""ל",false,,14.90,0.0271,true,1,9985
3600523652297,false,"מרכך לשיער אלביב זהב 6 שמנים , 550 מ""ל",לוריאל - אלביב Elvive,,מרכך 6 שמנים אלביב 5,מיליליטרים,550.00,"100 מ""ל",false,,14.90,0.0271,true,1,9986
3600523782581,false,מרכך מתיר קשרים לשיער ארוך ופגום Dream Long,לוריאל - אלביב Elvive,,מרכך דרים לונג אלביב,מיליליטרים,500.00,"100 מ""ל",false,,14.90,0.0298,true,1,9990
3600523823604,false,לוריאל - דרמו היאלורון אקספרט לילה,,,קרם לחות לילה + חומצ,מיליליטרים,50.00,"100 מ""ל",false,,49.90,0.9980,true,1,354064
3600541937475,false,גרניה פיור גרגרים מסיכה לעור מעורב עד שמן,,,פיור קרם לחות 3 ב-1,מיליליטרים,150.00,"100 מ""ל",false,,29.90,0.1993,true,1,10002
3600542281041,false,גרנייה 2 צבע לשיער ק,,,גרנייה 2 צבע לשיער ק,אין,0.00,יחידה,false,,19.90,0.0000,true,1,119036
3608580075646,false,קונפיטורת שזיפים בון,,FR,קונפיטורה שזיף 370 ג,גרמים,370.00,100 גרם,false,,19.90,0.0538,true,1,386749
3608580730279,false,קונפיטורה בון ממאן מרמלדת תפוזים 370 גר',,,מרמלדת תפוזים 370 גר,גרמים,370.00,100 גרם,false,,19.90,0.0538,true,1,386750
3614224050986,false,"אדידס - דאודורנט ספריי לגבר אדיפאוור 72 שעות 150 מ""ל","ב.א מזון בע""מ",PT,דאודורנט ספריי לגבר,מיליליטרים,150.00,"100 מ""ל",false,,12.90,0.0860,true,1,6476
3616180424856,false,קרפור הום -30 מפיות,,,קרפור הום -30 מפיות,אין,0.00,יחידה,false,,5.90,0.0000,true,1,468547
3616180424863,false,קרפור הום -30 מפיות,,,קרפור הום -30 מפיות,אין,0.00,יחידה,false,,5.90,0.0000,true,1,468548
3616180424931,false,קרפור הום -30 מפיות,,,קרפור הום -30 מפיות,אין,0.00,יחידה,false,,5.90,0.0000,true,1,468550
3616180425099,false,קרפור הום -30 מפיות,,,קרפור הום -30 מפיות,אין,0.00,יחידה,false,,5.90,0.0000,true,1,468553
3616180425129,false,קרפור הום -30 מפיות,,,קרפור הום -30 מפיות,אין,0.00,יחידה,false,,5.90,0.0000,true,1,468554
3616180425150,false,קרפור הום -30 מפיות,,,קרפור הום -30 מפיות,אין,0.00,יחידה,false,,5.90,0.0000,true,1,468556
3616180425198,false,קרפור הום -30 מפיות,,,קרפור הום -30 מפיות,אין,0.00,יחידה,false,,5.90,0.0000,true,1,468559
3661163970448,false,"אדידס דאודורנט ספריי מקס פרש לגברים 200 מ""ל",מיוצר עי קונדיטוריית,PT,דאו' ספריי לגבר פרש,מיליליטרים,200.00,"100 מ""ל",false,,15.90,0.0795,true,1,6479
3800020403631,false,חטיף שוקולד צאנקי חמאת בוטנים 42ג' קיט קט,נסטלה בולגריה A.D.,BG,קיט קט צ'אנקי חמאת ב,גרמים,42.00,100 גרם,false,,3.90,0.0929,true,1,396269
3838824127248,false,פלטה סמי קיט חום בהיר 5-0 צבע שיער,שוורצקוף Schwarzkopf,DE,סמי קיט חום בהיר 5-0,אין,0.00,יחידה,false,,15.00,0.0000,true,1,7862
3838824193915,false,צבע לשיער פאלטה סמי קיט שחור 0-1,שוורצקוף Schwarzkopf,DE,סמי קיט שחור 1-0פאלט,אין,0.00,יחידה,false,,15.00,0.0000,true,1,7871
4000417025005,false,שוקולד ריטר ספורט מרציפן 100 גרם חלב נוכרי,ריטר ספורט Ritter sport,DE,שוקולד ריטר ספורט מר,גרמים,100.00,100 גרם,false,,7.90,0.0790,true,1,10081
4000417026002,false,שוקולד ריטר ספורט פרלין 100 גרם חלב נוכרי,ריטר ספורט Ritter sport,DE,שוקולד חלב ממולא קרם,גרמים,100.00,100 גרם,false,,7.90,0.0790,true,1,10082
4000417101211,false,גלילי וופל עם קרם אגוזי לוז בציפוי שוקולד חלב,אמיצ'לי Amicelli,AT,גלילי וופל עם קרם אג,גרמים,150.00,100 גרם,false,,17.90,0.1193,true,1,251893
4000417101273,false,גלילי וופל עם קרם אג,,,אמיצ'לי חנוכה - גליל,גרמים,300.00,100 גרם,false,,29.90,0.0997,true,1,465927
4000417294005,false,שוקולד ריטר מוס קקאו 100 גרם חלב נוכרי,ריטר ספורט Ritter sport,DE,שוקולד חלב קרם קקאו,גרמים,100.00,100 גרם,false,,7.90,0.0790,true,1,242349
4000539280726,false,שוקולד לינדט אקסלנס,לינדט ושפרונגלי,DE,לינדט אקסלנס 70% 100,גרמים,100.00,100 גרם,false,,14.90,0.1490,true,1,418797
4001518003800,false,מקלות פריכים עם פלפל ומלח 125ג' טורינוס,,DE,מקלות מאפים עם מלח ו,גרמים,125.00,100 גרם,false,,14.90,0.1192,true,1,77172
4001518106112,false,טורינוס מקלות פריכים עם רוזמרין 125 גרם,,DE,מקלות מאפים עם רוזמר,גרמים,125.00,100 גרם,false,,14.90,0.1192,true,1,77173
4002448017684,false,"סיליט באנג ספריי רב שימושי כתום 750 מ""ל",הדקלאים אגודת שיתופי,PL,סיליט באנג ספריי רב,מיליליטרים,750.00,"100 מ""ל",false,,14.90,0.0199,true,1,14191
4002448019480,false,"סיליט באנג ספריי מסיר שומנים 750 מ""ל",סיליט באנג Cillit Bang,PL,סיליט באנג ספריי מסי,מיליליטרים,750.00,"100 מ""ל",false,,14.90,0.0199,true,1,14192
4002720005736,false,מליטה פרימיום קפה פי,המאפיה של הרמן,DE,מליטה פרימיום קפה פי,גרמים,250.00,100 גרם,false,,15.90,0.0636,true,1,6483
4004666042004,false,משמיד עובש עם מרסס מלרוד Mellerud,מרלוד,DE,מלרוד מחסל עובש+מרסס,מיליליטרים,500.00,"100 מ""ל",false,,32.00,0.0640,true,1,9487
4006387084578,false,קנקן בריטה Marella כחול (כולל פילטר MAXTRA+),בריטה Brita,,קנקן בריטה MERELLA כ,אין,0.00,יחידה,false,,129.00,0.0000,true,1,12444
4006387085407,false,שלישיית פילטר מקסטרה פלוס,בריטה Brita,,שלישיית פילטר מקסטרה,יח',3.00,יח',false,,100.00,33.3333,true,1,12445
4007745058804,false,מיונז אורגני נטורפוד,אף.סי תבליני בגליל ב,DE,מיונז אורגני 340 גרם,גרמים,340.00,100 גרם,false,,24.90,0.0732,true,1,2623
4008287058161,false,בירה קרומבאכר פילס 4.8% שישיה 6 * 330 מל,מנדלז סי.אר. פרודקשן,DE,בירה קרומבכר פילס שי,ארגז,1.98,ליטר,false,,30.90,15.6061,true,1,108196
4008287905786,false,"קרומבאכר חיטה פחית בודד 500 מ""ל",מנדלז סי.אר. פרודקשן,DE,בירה קרומבכר חיטה בפ,מיליליטרים,500.00,"100 מ""ל",false,,10.20,0.0204,true,1,318119
4008400230726,false,ביצת שוקולד הפתעה קינדר ענקית 100ג' בנים,קינדר Kinder,BE,ביצת הפתעה קינדר מקס,גרמים,100.00,100 גרם,false,,23.90,0.2390,true,1,25654
4009300522935,false,תה פומפדור תה ירוק לימונית ולואיזה 20 יח',"איטיליאן פוד, אס.פי.",DE,פומפדור תה ירוק לימו,גרמים,30.00,100 גרם,false,,16.90,0.5633,true,1,14447
4009300525684,false,חליטת צמחים ג'ינג'ר לימונית,פומפדור Pompadour,DE,פומפדור חליטת לימוןג,גרמים,35.00,100 גרם,false,,15.90,0.4543,true,1,116100
4009300528845,false,תה ירוק לימונית דבש פומפדור 30 ג',פומפדור Pompadour,DE,פומפדור תה ירוק לימו,גרמים,30.00,100 גרם,false,,19.00,0.6333,true,1,14450
4009309740422,false,רסק תפוחים אורגני 70,,,רסק תפוחים אורגני 70,גרמים,700.00,100 גרם,false,,16.50,0.0236,true,1,2514
4009900379564,false,מסטיק הובה בובה Hubba Bubba טייפ בטעם פירות,הובה בובה Hubba Bubba,GB,הובה בובה טייפ פירות,גרמים,56.00,100 גרם,false,,6.50,0.1161,true,1,14110
4009900402965,false,מסטיק אורביט וויט בטעם פירות ללא סוכר,ריגלי פולין,PL,אורביט וויט פירות בק,גרמים,64.00,100 גרם,false,,10.50,0.1641,true,1,14112
4009900403023,false,מסטיק אורביט בקבוקון דאבל white קלאסי 64ג',"ב.א מזון בע""מ",PL,אורביט וויט מנטה בקב,גרמים,64.00,100 גרם,false,,10.50,0.1641,true,1,14113
4009900406918,false,מסטיק הובה בובה טייפ טריפל מיקס 56ג',הובה בובה Hubba Bubba,GB,הובה בובה טייפ טריפל,גרמים,56.00,100 גרם,false,,6.50,0.1161,true,1,14114
4009900420129,false,מסטיק אורביט פרופשנל פפרמינט בקבוקון 64 גר',מרס נדרלנד,PL,אורביט פרופשייונל פפ,גרמים,64.00,100 גרם,false,,10.50,0.1641,true,1,14115
4009900465304,false,סוכריות סקיטלס פירות חמוצים 174 גרם,סקיטלס Skittles,CZ,סקיטלס פירות חמוצים,גרמים,174.00,100 גרם,false,,7.90,0.0454,true,1,14119
4009900479998,false,מסטיק אורביט בטעם אוכמניות ללא סוכר,ריגלי פולין,PL,אורביט מסטיק בקבוקון,גרמים,64.00,100 גרם,false,,10.50,0.1641,true,1,14120
4009900482417,false,מסטיק אורביט פירות מנטה בקבוקון באבל מינט 45יח,ריגלי פולין,PL,אורביט באבל מינט בקב,גרמים,64.00,100 גרם,false,,10.50,0.1641,true,1,14122
4009900484060,false,מסטיק אורביט פרופשיונל בטעם מנטה ללא סוכר,אורביט Orbit,PL,אורביט פרופשיונל מנט,אין,0.00,יחידה,false,,10.90,0.0000,true,1,14124
4009900484091,false,מסטיק אורביט פרופשיונל בטעם מנטה ללא סוכר,אורביט Orbit,,אורביט פרופשיונל ספי,גרמים,84.00,100 גרם,false,,10.90,0.1298,true,1,14125
4009900491044,false,מסטיק איירובס אוכמניות בקבוקון 60יח',איירוויבס Airwaves,PL,אירוויבז בקבוק M מנט,גרמים,84.00,100 גרם,false,,12.50,0.1488,true,1,14131
4009900509770,false,מסטיק אורביט בטעם תות ללא סוכר,אורביט Orbit,,אורביט באריזת בקבוק,אין,0.00,יחידה,false,,10.90,0.0000,true,1,14136
4009900531122,false,"מסטיק בטעם מנטה ספירמינט, 64 ג' פרופשיונל אורפיט",מרס נדרלנד,PL,אורביט פרופשייונל ספ,גרמים,64.00,100 גרם,false,,10.50,0.1641,true,1,14145
4009900531573,false,סוכריות סקיטלס סמודיס בטעמי יוגורט ופירות,סקיטלס Skittles,CZ,סקיטלס סמודיס 174 גר,גרמים,174.00,100 גרם,false,,7.90,0.0454,true,1,14146
4009900532327,false,סוכריות סקיטלס סמודיס בטעמי יוגורט ופירות,סקיטלס Skittles,CZ,סוכריות סקיטלס סמודי,גרמים,38.00,100 גרם,false,,3.50,0.0921,true,1,14147
4009900534611,false,מסטיק איירוויבז בקבוקון בטעם מלון ומנטה,ריגלי,IL,איירוויבז בטעם מלון,גרמים,64.00,100 גרם,false,,10.50,0.1641,true,1,23439
4009900535540,false,מסטיק אורביט רפרשרס פפרמינט ללא סוכר 15.6גר',Unknown,,אורביט רפרשרס פפרמינ,גרמים,15.00,100 גרם,false,,3.90,0.2600,true,1,45051
4009900536288,false,מסטיק אורביט רפרשרס פפרמינט בקבוקון ללא סוכר 67 גר',מרס ריגלי קונפקשונרי,PL,מסטיק אורביט רפרשרס,גרמים,67.00,100 גרם,false,,11.90,0.1776,true,1,73027
4009900536486,false,מסטיק אורביט רפרשרס באבלמינט בקבוקון ללא סוכר 67 גר',מרס ריגלי קונפקשונרי,PL,מסטיק אורביט רפרשרס,גרמים,67.00,100 גרם,false,,11.90,0.1776,true,1,45066
4009900539340,false,סקיטלס ג'יינט סאוור 141 גרם,מרס ריגלי קונפקשונרי,PL,סוכריות סקיטלס ענקיו,גרמים,141.00,100 גרם,false,,7.90,0.0560,true,1,243652
4009900539432,false,מסטיק פייב באונס בטעם אבטיח HP,Unknown,PL,מסטיק בטעם אבטיח פיי,גרמים,14.40,100 גרם,false,,3.90,0.2708,true,1,356550
4009900539685,false,"מסטיק פייב באונס בטעם מנטה בקבוקון, 61.8 גרם",ריגלי בעמ רוסיה,PL,מסטיק בטעם מנטה ללא,גרמים,61.80,100 גרם,false,,11.90,0.1926,true,1,268480
4009900539746,false,"מסטיק פייב באונס בטעם אבטיח בקבוקון, 61.8 גרם",ריגלי בעמ רוסיה,PL,מסטיק בטעם אבטיח ללא,גרמים,31.80,100 גרם,false,,11.90,0.3742,true,1,268481
4009900540551,false,מסטיק אורביט רפרשרס טרופיקל בקבוקון ללא סוכר,מרס פולין,PL,אורביט רפרשרס טרופיק,גרמים,67.00,100 גרם,false,,11.90,0.1776,true,1,250589
4011100001220,false,מיני חטיפי מרס שקית,מרס הולנד בי.וי.,NL,מרס מיני 403 גרם,גרמים,403.00,100 גרם,false,,19.90,0.0494,true,1,14148
4011100002227,false,באונטי חטיפי מיני שקית 403ג',מרס הולנד בי.וי.,NL,חטיף באונטי מיני 403,גרמים,403.00,100 גרם,false,,19.90,0.0494,true,1,14149
4011800628512,false,חטיף דגנים עם שוקולד חלב,מיוצר עי קונדיטוריית,DE,חטיף דגנים עם שוקולד,גרמים,150.00,100 גרם,false,,10.90,0.0727,true,1,10762
4011800630515,false,חטיף דגנים עם שוקולד חלב ובננה,מיוצר עי קונדיטוריית,DE,חטיף דגנים עם שוקולד,גרמים,150.00,100 גרם,false,,10.90,0.0727,true,1,10764
4011800632519,false,חטיף דגנים עם שוקולד חלב וקוקוס,מיוצר עי קונדיטוריית,DE,חטיף דגנים עם שוקולד,גרמים,150.00,100 גרם,false,,10.90,0.0727,true,1,10765
4011800633516,false,חטיף דגנים עם שוקולד מריר מעולה,שוורטאוור וורקה,DE,חטיף דגנים שוקולד מר,גרמים,138.00,100 גרם,false,,10.90,0.0790,true,1,10766
4012273123009,false,"קרם ידיים ניטרוגינה 50 מ""ל",גונסון אנד גונסון,FR,ניטרוג'ינה קרם ידיים,מיליליטרים,50.00,"100 מ""ל",false,,24.90,0.4980,true,1,458248
4014400904277,false,סוכריות אייס פרש 425 ג',תות ממתקי איכות,DE,סוכריות אייס פרש 425,גרמים,425.00,100 גרם,false,,14.90,0.0351,true,1,10095
4014400904376,false,סוכריות טופי שוקולדן שטורק 325 ג',קריניציה ויטמינה אס,DE,סוכ.שטורק שוקולדן 32,גרמים,325.00,100 גרם,false,,14.90,0.0458,true,1,10096
4014400904390,false,סוכריות וולמילש ממולא ט.חלב 325גרם,קריניציה ויטמינה אס,DE,סוכריות וולמליש 325ג,גרמים,325.00,100 גרם,false,,14.90,0.0458,true,1,10097
4014400909692,false,וורטר לל'ס קפוצ'ינו 12 קופסאות,קריניציה ויטמינה אס,DE,וורטרס סוכריות קפה ל,גרמים,42.00,100 גרם,false,,5.90,0.1405,true,1,10099
4014400910063,false,סוכריות וורטר טופי חמאה 135ג',אוגוסט שטורק,DE,סוכריות חמאה וורטר 1,גרמים,135.00,100 גרם,false,,8.90,0.0659,true,1,10100
4014400914696,false,וורטר אורגינל סוכריות ללא סוכר 80 ג',אוגוסט שטורק,DE,80 סוכריות חמאה וורט,גרמים,80.00,100 גרם,false,,8.90,0.1113,true,1,10102
4014400914924,false,סוכריות וורטר אורגינל ללא סוכר קפה 80 ג',קריניציה ויטמינה אס,DE,80 סוכריות קפה וורטר,גרמים,80.00,100 גרם,false,,8.90,0.1113,true,1,10103
4014400920857,false,סוכריות וורטר Werther's בטעם שוקולד ללא סוכר,קריניציה ויטמינה אס,DE,וורטרס ללא סוכר טעם,גרמים,70.00,100 גרם,false,,8.90,0.1271,true,1,10104
4014400923711,false,טופיפי 125 גר' - חלב נוכרי,אוגוסט שטורק,DE,טופיפי בונבונירה שוק,גרמים,125.00,100 גרם,false,,11.90,0.0952,true,1,10105
4014400925319,false,סוכריות וורטר פופקורן קרמל 140 גר',וורטרס Werther's,DE,חטיף פופקורן בציפוי,גרמים,140.00,100 גרם,false,,14.90,0.1064,true,1,935
4014400929010,false,חטיף וופל מיני קנופרס 200 גרם,קנופרס,,וופל מיני קנופרס 200,גרמים,200.00,100 גרם,false,,19.90,0.0995,true,1,286273
4014522120104,false,בודטה-סוכריות פירות מולטיויטמין לל.ס 100ג,,,סוכריות פירות מולטיו,גרמים,100.00,100 גרם,false,,10.00,0.1000,true,1,412138
4014522120203,false,בודטה-סוכריות בטעם דובדבן לל.ס 100ג,,,סוכריות בטעם דובדבן,גרמים,100.00,100 גרם,false,,10.00,0.1000,true,1,412123
4014600202593,false,רגולדס -סוכריות בפח בטעםי פירות 150 ג',RAGOLDS GMBH,,סוכריות בפח בטעמי פי,גרמים,150.00,100 גרם,false,,9.90,0.0660,true,1,416193
4014600202609,false,רגולדס -סוכריות בפח עם ליים ואוכמניות 150 ג',RAGOLDS GMBH,,סוכריות בפח עם ליים,גרמים,150.00,100 גרם,false,,9.90,0.0660,true,1,416194
4015000996204,false,"גליס שמפו אולטימט שמן אלקסייר 400 מ""ל",שוורצקוף Schwarzkopf,DE,גליס שמפו אלקסיר 400,מיליליטרים,400.00,"100 מ""ל",false,,12.90,0.0323,true,1,120004
4015000996273,false,מרכך גליס Gliss תמצית שמן אולטימטיבי,שוורצקוף Schwarzkopf,DE,גליס קונדישינר אלקסי,מיליליטרים,400.00,"100 מ""ל",false,,12.90,0.0323,true,1,120005
4015400564034,false,מגני תחתון אולוויז לונג פלוס עם ניחוח,פרוקטר אנד גמבל,TR,מגן תחתון לונג פלוס,אין,0.00,יחידה,false,,18.90,0.0000,true,1,17444
4015400564454,false,מגני תחתון אולוויז לארג' עם ניחוח מגה פק,פרוקטר אנד גמבל,DE,מגן תחתון לארג מגה פ,אין,0.00,יחידה,false,,18.90,0.0000,true,1,17445
4015400746812,false,מגני תחתון אולוויז נורמל עם ניחוח מגה פק,פרוקטר אנד גמבל,UA,מגן תחתון מגה פק נור,אין,0.00,יחידה,false,,18.90,0.0000,true,1,17454
4015400990482,false,אבקת כביסה אריאל קולור,אריאל Ariel,,אבקת כביסה אריאל קול,אלף,3.00,"ק""ג",false,,34.90,11.6333,true,1,17459
4017100364112,false,עוגיות היט Hit במילוי קרם בטעם שוקולד,הדקלאים אגודת שיתופי,PL,היט עוגיות סנדביץ בט,גרמים,220.00,100 גרם,false,,7.90,0.0359,true,1,25948
4018344511195,false,לרסן סלמון פראי ברוט,,,לרסן סלמון ברוטב צ'י,גרמים,200.00,100 גרם,false,,12.90,0.0645,true,1,483670
4018344564665,false,פילה הרינג ברוטב בלק,,,לרסן פילה הרינג באלק,גרמים,200.00,100 גרם,false,,10.90,0.0545,true,1,483790
4018722102632,false,ספגטי כוסמין מלא אור,,,אלב גולד - ספגטי כוס,גרמים,500.00,100 גרם,false,,14.90,0.0298,true,1,2541
4018722102656,false,ספגטי כוסמין אורגני,,,אלב גולד - ספגטי כוס,גרמים,500.00,100 גרם,false,,14.90,0.0298,true,1,2542
4018722343158,false,פוזילי כוסמין אורגנ,אלב גולד,DE,אלב גולד - פוזלי כוס,גרמים,500.00,100 גרם,false,,21.90,0.0438,true,1,2610
4022025001905,false,יין בלו ווין מבעבע זהב כשר 750 מל,היי סישל סוהן טראבן,DE,בלו וויין מבעבע זהב,מיליליטרים,750.00,"100 מ""ל",false,,55.90,0.0745,true,1,25740
4022025261002,false,יין בלו ווין גוורצטרמינר 750 מל,לנגוט טראבן,DE,יין בלו נאן בלו וויי,מיליליטרים,750.00,"100 מ""ל",false,,50.90,0.0679,true,1,25745
4022025290408,false,יין בלו ווין פינק רו,יקב רמת הגולן,IL,יין בלו וויין פינק 7,מיליליטרים,750.00,"100 מ""ל",false,,50.90,0.0679,true,1,25746
4025700001962,false,שוקולד מילקה לבן 100 גר',פי אר ג'יי אס סי מונ,HU,מילקה שוקולד לבן 100,גרמים,100.00,100 גרם,false,,6.90,0.0690,true,1,6275
4045787068467,false,"אינדולה - פרוטאין צבע 7 בלונד בינוני 60 מ""ל",אינדולה Indola,DE,פרוטאין קולור 7 בלונ,מיליליטרים,60.00,"100 מ""ל",false,,13.90,0.2317,true,1,7898
4045787068542,false,"אינדולה - פרוטאין צבע 8 בלונד בהיר 60 מ""ל",אינדולה Indola,DE,פרוטאין קולור 8 בלונ,מיליליטרים,60.00,"100 מ""ל",false,,13.90,0.2317,true,1,7901
4053700292455,false,ויט רצועות שעווה תמצית צמחים לעור רגיל,רקיט בנקיזר,FR,רצועות שעווה תמצית צ,אין,0.00,יחידה,false,,30.90,0.0000,true,1,14194
4065698201180,false,דונאטס מילקה יחידה,,,דונאטס מילקה יחידה,גרמים,73.00,100 גרם,false,,7.90,0.1082,true,1,156944
4066600999614,false,"בירה פאולנר 500 מ""ל בקבוק",מבשלת פאולנר,DE,בירה פאולנר בקבוק 50,מיליליטרים,500.00,"100 מ""ל",false,,10.90,0.0218,true,1,8497
4067600001123,false,פילה הרינג מעושן בשמ,,,לרסן פילה הרינג מעוש,גרמים,190.00,100 גרם,false,,11.90,0.0626,true,1,483743
4079400330129,false,בירה וולטארס פלזנר פ,,,בירה וולטרס פחית 4.9,מיליליטרים,500.00,"100 מ""ל",false,,5.90,0.0118,true,1,29876
4084500739253,false,"משחת שיניים אורל בי 3D white לובן מהודר 75 מ""ל",פרוקטר & גמבל,DE,אורל בי –משחה 3D Whi,אין,75.00,יחידה,false,,22.90,0.3053,true,1,106988
4084500853836,false,סבון כלים ורדים וסאטן,פרוקטר אנד גמבל,GB,פיירי נוזל כלים ורדי,מיליליטרים,515.00,"100 מ""ל",false,,8.90,0.0173,true,1,17481
4210201262183,false,מברשת שיניים חשמלית ויטליטי Vitality נטענת,פרוקטר & גמבל,DE,אורל בי מברשת חשמלית,אין,0.00,יחידה,false,,100.90,0.0000,true,1,17487
4260147890513,false,אטריות ביצים דקות ורמיצ'לי 500ג',דין שיווק,PL,אטריות ביצים דקות במ,גרמים,500.00,100 גרם,false,,10.00,0.0200,true,1,121994
4260147890551,false,איטריות ביצים רצועות,דין שיווק,PL,אטריות ביצים רחבות א,גרמים,500.00,100 גרם,false,,10.00,0.0200,true,1,122008
4260147890711,false,אטריות ביצים מגולגול 500 ג',דין שיווק,PL,אטריות ביצים מגולגול,גרמים,500.00,100 גרם,false,,10.00,0.0200,true,1,474604
4603400000043,false,וודקה רוסקי סטנדרט ב,רוסקי סטנדרט וודקה,RU,רוסקי סטנדרט 700מ'ל,מיליליטרים,700.00,"100 מ""ל",false,,60.90,0.0870,true,1,9432
4603514009277,false,גין באריסטר יבש 700מ,לדוגה,IL,באריסטר ג'ין יבש 700,מיליליטרים,700.00,"100 מ""ל",false,,90.20,0.1289,true,1,336995
4603928000976,false,"וודקה בלוגה נובל 700 מ""ל+כוס",מרינסקי ליקרו-וודאצ',RU,בלוגה וודקה 700מל,מיליליטרים,700.00,"100 מ""ל",false,,120.90,0.1727,true,1,21473
4607026530212,false,יורוסטנדרט כוסמת 900,אגרופרודקט,RU,יורוסטנדרט כוסמת 900,גרמים,900.00,100 גרם,false,,12.90,0.0143,true,1,9435
4640018993398,false,קפסולות ג'יל רגיל קואנטום 60 יח' פיניש,רקיט בנקיזר,PL,פיניש קוואנטום למדיח,אין,0.00,יחידה,false,,59.90,0.0000,true,1,14201
4710964104916,false,שמן שומשום טהור מזרח,פלייבור פול פודס טיי,TW,שמן שומשום טהור לא מ,מיליליטרים,370.00,"100 מ""ל",false,,22.90,0.0619,true,1,431759
4796019790013,false,שמן קוקוס אורגני גרי,כפרי בריא,,גרין קוקו - שמן קוקו,מיליליטרים,300.00,"100 מ""ל",false,,17.90,0.0597,true,1,1951
4800888150080,false,"דאב - דאודורנט רול און לאישה פרש טאצ' מלפפונים 50 מ""ל",יוניליוור פיליפינים,PH,דאו' רולאון מלפפונים,מיליליטרים,50.00,"100 מ""ל",false,,14.90,0.2980,true,1,8968
4860009000014,false,מיץ רימונים 100% סחוט ללא תוספת סוכר,Aromaproduct ltd,,תומר מיץ רימונים גרו,ארגז,1.00,ליטר,false,,17.90,17.9000,true,1,16191
4860019001346,false,מים מינרליים בורזומי,אי די אס בורגומי,,בורז'ומי מים מינרליי,מיליליטרים,500.00,"100 מ""ל",false,,7.90,0.0158,true,1,9440
4903001904192,false,"רוטב סויה יאמסה פרימיום 500 מ""ל",הדקלאים אגודת שיתופי,JP,רוטב סויה יאמאסה פרמ,מיליליטרים,500.00,"100 מ""ל",false,,17.90,0.0358,true,1,10106
4903001904208,false,רוטב סויה פרימיום יא,הדקלאים אגודת שיתופי,JP,רוטב סויה פרימיום יא,ארגז,1.00,ליטר,false,,31.90,31.9000,true,1,460622
4987176071545,false,אורל בי מברשות שיניים שישייה,,,שישיית מברשות שיניים,אין,0.00,יחידה,false,,14.90,0.0000,true,1,262363
5000127533196,false,"קלוגס ווראייטי, 191 גרם",חברת קלוגס בריטניה,GB,דגני בוקר ווראייטי ק,גרמים,191.00,100 גרם,false,,22.90,0.1199,true,1,6352
5000146401568,false,וולייט דפים למניעת העברת צבע 10 דפים,ווליט Woolite,IT,לכביסה ווליט דפים שו,אין,0.00,יחידה,false,,9.90,0.0000,true,1,14205
5000157143365,false,מתבל בטעם מיונז וקטשופ היינץ 425 ג',היינץ Heinz,PL,מתבל בטעם מיונז וקטש,מיליליטרים,425.00,"100 מ""ל",false,,14.90,0.0351,true,1,6353
5000159409179,false,מארז חטיפי מיני סניקרס Snickers,סניקרס Snickers,NL,סניקרס מיני 403 גרם,גרמים,403.00,100 גרם,false,,19.90,0.0494,true,1,14159
5000159414197,false,מלטיזרס-כדורים פריכים בציפוי שוולד חלב 135 גרם,מרס שוקולד צ.אמריקה,NL,מלטיזרס 135 גרם,גרמים,135.00,100 גרם,false,,11.90,0.0881,true,1,402018
5000159452977,false,מארז מיקס מיני חטיפי שוקולד,טוויקס Twix,NL,מיני מיקס 400 גרם,גרמים,400.00,100 גרם,false,,19.90,0.0497,true,1,14161
5000159461122,false,חטיף שוקולד סניקרס 50 ג',"נארז ע""י : א.ג. גילר",NL,חטיף סניקרס שוקולד 5,גרמים,50.00,100 גרם,false,,3.90,0.0780,true,1,14164
5000189974579,false,מארז מיני חטיפי קיט קט Kit Kat,נסטלה Nestle,,קיט קט מיני 200 גרם,גרמים,200.00,100 גרם,false,,10.00,0.0500,true,1,397163
5000204153903,false,"גלייד מילוי אוטומטי מרכך כביסה 269 מ""ל",קוסטר אירוסול ואלף ס,TR,גלייד מילוי אוטומטי,מיליליטרים,269.00,"100 מ""ל",false,,15.90,0.0591,true,1,6510
5000204243031,false,"נוזל לאסלה ירח פורח 750 מ""ל דאק",,NL,ג'ל נוזל לאסלה ירח פ,מיליליטרים,750.00,"100 מ""ל",false,,8.90,0.0119,true,1,283660
5000204254587,false,סבון מוצק לאסלהאפרסק על חלל 38.6 ג' דאק,,PL,דאק סבון מוצק לאסלה,גרמים,38.60,100 גרם,false,,8.90,0.2306,true,1,283631
5000204658187,false,"קיווי נוזל נעליים שחור 75מ""ל-חדש",אס' סי' ג'ונסון במה,PL,קיווי נוזל נעליים שח,מיליליטרים,75.00,"100 מ""ל",false,,13.30,0.1773,true,1,6517
5000204661392,false,"קיווי מ.נעלים קופסא שחור 100מ""ל",המאפיה של הרמן,ID,קיווי משחת נעליים בק,מיליליטרים,100.00,"100 מ""ל",false,,9.90,0.0990,true,1,6519
5000267014234,false,וויסקי ג'וני ווקר רד לייבל Red label,ג'וני ווקר Johnnie walker,,גוני ווקר רד לייבל 7,מיליליטרים,700.00,"100 מ""ל",false,,80.90,0.1156,true,1,31476
5000394137486,false,רביעיות סוללות אופטימום AA דורסל,דורסל Duracell,,סוללות דורסל רבעיות,אין,0.00,יחידה,false,,21.90,0.0000,true,1,273943
5000394141209,false,שישיות סוללות AAA פלוס פאוור דורסל,Unknown,,סוללות דורסל שישיות,אין,0.00,יחידה,false,,21.90,0.0000,true,1,273913
5000396037548,false,ביסקוויט מקוויטיס מצופה שוקולד מריר 200 גר',ברנדס סרטרה נשיונל,,מקוויטיס מצופה שוקול,גרמים,200.00,100 גרם,false,,10.90,0.0545,true,1,16069
5000396037944,false,מקוויטיס ביסקוויט אורגינל 250 גרם,ברנדס סרטרה נשיונל,,מקוויטים ביסקוויטים,גרמים,250.00,100 גרם,false,,9.90,0.0396,true,1,16070
5010026515933,false,מורנפלייק מוזלי פירות ואגוזים 750 גרם,,,מוזלי קריספי פירות ו,גרמים,750.00,100 גרם,false,,24.90,0.0332,true,1,112132
5010182997338,false,"טואלט דאק ג'ל אסלה ניחוח רענן 55 מ""ל","איטיליאן פוד, אס.פי.",IT,דאק ג'ל אסלה ניחוח ר,גרמים,55.00,100 גרם,false,,9.90,0.1800,true,1,6526
5010182997918,false,"טואלט דאק ג'ל אסלה בניחוח ים 55 מ""ל","איטיליאן פוד, אס.פי.",IT,דאק ג'ל אסלה ניחוח י,גרמים,55.00,100 גרם,false,,9.90,0.1800,true,1,6529
5010327000046,false,וויסקי גרנט'ס סקוטי,"איי, בי, אינבוו",,וויסקי גרנטס,מיליליטרים,750.00,"100 מ""ל",false,,70.90,0.0945,true,1,7592
5010677551281,false,"בקרדי בריזר לימון 275 מ""ל",בקרדי בריזר Bacardi Breezer,BE,בקרדי בריזר לימון 27,מיליליטרים,275.00,"100 מ""ל",false,,13.90,0.0505,true,1,8499
5010677551397,false,"בקרדי בריזר ליים 275 מ""ל בקבוק",בקרדי בריזר Bacardi Breezer,BE,בקרדי בריזר ליים,מיליליטרים,275.00,"100 מ""ל",false,,13.90,0.0505,true,1,8500
5010677552387,false,"בקרדי בריזר אננס 275 מ""ל בקבוק",בקרדי בריזר Bacardi Breezer,BE,בקרדי בריזר אננס.,מיליליטרים,275.00,"100 מ""ל",false,,13.90,0.0505,true,1,8501
5010677554398,false,"בקרדי בריזר אבטיח 275 מ""ל בקבוק",בקרדי בריזר Bacardi Breezer,BE,בקרדי בריזר אבטיח,מיליליטרים,275.00,"100 מ""ל",false,,13.90,0.0505,true,1,8502
5011007003005,false,"וויסקי ג'יימסון אירי מזוקק 700 מ""ל",אייריש דיסטילרז,IE,וויסקי אירי גיימסון,מיליליטרים,700.00,"100 מ""ל",false,,94.90,0.1356,true,1,21476
5011157630281,false,אורז לבן ארוך בסמטי טילדה Tilda,טילדה Tilda,GB,טילדה אורז הימשלי בס,אלף,1.00,"ק""ג",false,,19.90,19.9000,true,1,14468
5013931015741,false,דיש מטיק - ידית הפלא לשטיפת כלים,דישמטיק Dish matic,,ידית הפלא לשטיפת כלי,גרמים,44.00,100 גרם,false,,19.90,0.4523,true,1,44986
5014271300429,false,סן דלפו מעדן משמש ללא סוכר 284גר,סנדלפור St.dalfour,FR,סאן דלפור מעדן משמש,גרמים,284.00,100 גרם,false,,20.90,0.0736,true,1,12038
5014271310428,false,סן דלפו מעדן דבדבן שחור ללא סוכ 284 ג',המאפיה של הרמן,FR,סאן דלפור מעדן דובדב,גרמים,284.00,100 גרם,false,,20.90,0.0736,true,1,12039
5014271330426,false,"מעדן סנט דלפור אוכמניות לל""ס 284ג'",סנדלפור St.dalfour,FR,סאן דלפור מעדן אוכמנ,גרמים,284.00,100 גרם,false,,20.90,0.0736,true,1,12040
5014271350424,false,מעדן ארבע פירות סאנת דלפור 284 ג',המאפיה של הרמן,FR,סאן דלפור מעדן ארבע,גרמים,284.00,100 גרם,false,,20.90,0.0736,true,1,12041
5014271360423,false,סן דלפו מעדן תפוז ללא סוכר 284 ג',המאפיה של הרמן,FR,סאן דלפור מעדן תפוז,גרמים,284.00,100 גרם,false,,20.90,0.0736,true,1,12042
5014271370422,false,סן דלפו מעדן אפרסק ללא סוכר 284גר,סנדלפור St.dalfour,FR,סאן דלפור מעדן אפרסק,גרמים,284.00,100 גרם,false,,20.90,0.0736,true,1,12043
5014271400426,false,מעדן סנט דלפור תות שדה 284גר',המאפיה של הרמן,FR,סאן דלפור מעדן תות ש,גרמים,284.00,100 גרם,false,,20.90,0.0736,true,1,12046
5014271560427,false,מעדן פרי תפוז וג'ינג'ר,סנדלפור St.dalfour,FR,סאן דלפור מעדן תפוז,גרמים,284.00,100 גרם,false,,20.90,0.0736,true,1,12047
5014271795980,false,מעדן פרי חמוציות ואוכמניות,סנדלפור St.dalfour,FR,סאן דלפור מעדן חמוצי,גרמים,284.00,100 גרם,false,,20.90,0.0736,true,1,12049
5021349701019,false,טומינטול סקוטש וויסק,אנגוס דנדי,GB,טומינטול סקוטש וויסק,מיליליטרים,700.00,"100 מ""ל",false,,169.90,0.2427,true,1,232379
5026489483993,false,איט ריל חטיף על בסיס,קופרש סנק פודס,GB,איט ריל חטיף על בסיס,גרמים,40.00,100 גרם,false,,8.90,0.2225,true,1,87746
5026489484785,false,איט ריל חטיף על בסיס,קופרש סנק פודס,GB,איט ריל חטיף על בסיס,גרמים,45.00,100 גרם,false,,8.90,0.1978,true,1,91284
5029053002408,false,נייר טואלט קלינקס פרימיום לבן - מארז 9 גלילים,קימברלי קלארק ישראל,IL,נייר טואלט קליניקס ל,מטרים,275.00,מטר,false,,32.90,0.1196,true,1,8193
5029053002439,false,נייר טואלט קלינקס פרימיום צהוב - מארז 9 גלילים,חוגלה קימברלי,,נייר טואלט קליניקס צ,מטרים,243.00,מטר,false,,32.90,0.1354,true,1,8194
5029053039725,false,קופסת ממחטות נטורל פרש 72 דף קלינקס,עלבד,,טישו נטורל פרש קופסא,אין,0.00,יחידה,false,,10.90,0.0000,true,1,136561
5029053510811,false,קוטקס - תחבושות אולטרה נורמל + כנפיים 30 יח',קימברלי קלארק,,תחבושות אולטרה נורמל,אין,0.00,יחידה,false,,16.90,0.0000,true,1,8197
5029053510828,false,קוטקס - תחבושות אולטרה סופר + כנפיים 22 יח',קימברלי קלארק,,תחבושת אולטרה סופר+כ,אין,0.00,יחידה,false,,16.90,0.0000,true,1,8198
5029053535227,false,קוטקס טמפון עם מוליך נורמל 16 יח',KC Czech,,טמפון עם מוליך נורמל,אין,0.00,יחידה,false,,21.90,0.0000,true,1,8210
5029053578309,false,קופסת ממחטות אולטרה סופט 48 דף קלינקס,קימברלי,IL,טישו אולטרה סופט קוב,אין,0.00,יחידה,false,,7.90,0.0000,true,1,136588
5029054220085,false,האגיס - מגבוני האגיס אקסטרה קר לא מבושם 56 יח' * 4,קימברלי,IL,האגיס אקסטרה קר מגבו,אין,0.00,יחידה,false,,27.90,0.0000,true,1,8215
5035766060253,false,מרפיס אייריש סטאוט פ,מרפיס Murphys,,מרפיס אייריש סטאוט פ,מיליליטרים,500.00,"100 מ""ל",false,,11.90,0.0238,true,1,8506
5053827215862,false,קלוגס קוקו פופס שוקו 500ג',קלוגס Kellogg's,GB,דגני בוקר קוקו פופס,גרמים,500.00,100 גרם,false,,17.90,0.0358,true,1,6361
5060319120153,false,הייר ליבינג - קמומיל,,,הייר ליבינג - קמומיל,גרמים,40.00,100 גרם,false,,16.90,0.4225,true,1,2558
5060751218173,false,"משקה אנרגיה מונסטר Pipline punch פח 500 מ""ל",Monster energy סרביה,IE,מונסטר פייפלין פאנץ',מיליליטרים,500.00,"100 מ""ל",false,,6.90,0.0138,true,1,322658
5060751219033,false,"משקה אנרגיה מונסטר ULTRA PARADISE פח 500 מ""ל",Monster energy סרביה,IE,מונסטר אולטרה פרדייז,מיליליטרים,500.00,"100 מ""ל",false,,6.90,0.0138,true,1,322659
5099864006377,false,סימילאק למהדרין שלב 1 אריזת חיסכון 900 ג.,אבוט מעבדות רפואיות,NL,"סימילאק מהדרין בד""צ",גרמים,900.00,100 גרם,false,,75.90,0.0843,true,1,18883
5099864006384,false,סימילאק למהדרין שלב 2 אריזת חיסכון 900 ג.,אבוט מעבדות רפואיות,NL,"סימילאק מהדרין בד""צ",גרמים,900.00,100 גרם,false,,75.90,0.0843,true,1,18884
5099864006391,false,סימילאק למהדרין שלב 3 אריזת חיסכון 900 ג,אבוט מעבדות רפואיות,NL,"סימילאק מהדרין בד""צ",גרמים,900.00,100 גרם,false,,75.90,0.0843,true,1,18885
5201004021328,false,קפריס רולס גלילי וופל במילוי קרם אגוזי לוז וקקאו,אי. ג'יי פאפאדופולוס,GR,קפריס רולס קלאסיק 11,גרמים,115.00,100 גרם,false,,8.90,0.0774,true,1,53786
5201178801054,false,"ניוואה קרם רב שימושי 250מ""ל",טרופיקל דגיל תעשיות,DE,קרם רב שימושי ניוואה,מיליליטרים,250.00,"100 מ""ל",false,,29.90,0.1196,true,1,31279
5201261201532,false,"מארז הייניקן פחית 500 מ""ל*4 יח'",Unknown,,"היינקן פחית 500 מ""ל",ארגז,2.00,ליטר,false,,45.90,22.9500,true,1,153400
5201347160326,false,"ג'ל למניעת אבנית, 750 מ""ל קלגון",קלגון Calgon,,קלגון גל 750 מ'ל,מיליליטרים,750.00,"100 מ""ל",false,,30.90,0.0412,true,1,14217
5201347175030,false,פיניש קוואנטום 32 יח,,,פיניש קוואנטום 32 יח,אין,0.00,יחידה,false,,34.90,0.0000,true,1,422454
5201940010110,false,זיתים שחורים מזן קלמטה בפח 454 ג',סיוארס אס.איי,GR,זיתים שחורים קלמטה ו,גרמים,250.00,100 גרם,false,,13.90,0.0556,true,1,5306
5202175001515,false,נאצ'וס בטעם מלוח 225 גרם,אל סבור מקסיקן פוד,TW,נאצ'וס בטעם מלוח מזר,גרמים,225.00,100 גרם,false,,10.90,0.0484,true,1,306318
5202175001546,false,נאצ'וס בטעם ברביקיו 225 גרם,אל סבור מקסיקן פוד,TW,נאצ'וס בטעם ברביקיו,גרמים,225.00,100 גרם,false,,10.90,0.0484,true,1,431243
5391523057936,false,סימילאק גולד שלב 2 תרכובת מזון על בסיס חלב,אבוט לבורטיז,IE,סימילאק גולד שלב 2,גרמים,700.00,100 גרם,false,,70.90,0.1013,true,1,18887
5391523058063,false,סימילאק אדבנס פלוס 1 תרכובת מזון על בסיס חלב,טרופיקל דגיל תעשיות,IE,סימילאק אדוואנס פלוס,גרמים,700.00,100 גרם,false,,64.90,0.0927,true,1,18889
5410076933129,false,אריאל שושן צחור שקית,פרוקטר אנד גמבל,TR,אריאל שושן צחור שקית,אלף,3.00,"ק""ג",false,,34.90,11.6333,true,1,17516
5410126006087,false,לוטוס עוגיות קרמל 700 גרם,כלורוקס אוקלנד,BE,לוטוס עוגיות קרמל 70,גרמים,700.00,100 גרם,false,,24.90,0.0356,true,1,6362
5410126106183,false,ביסקוויט קרמל 312גרם 50יח,כלורוקס אוקלנד,BE,ביסקוויט קרמל 312גרם,גרמים,312.00,100 גרם,false,,15.90,0.0510,true,1,6365
5410126116953,false,ממרח עוגיות קרמל 400 ג' לוטוס,לוטוס בייקרי בלגיה נ,BE,לוטוס ממרח ביסקוויט,גרמים,400.00,100 גרם,false,,20.90,0.0522,true,1,6366
5410126666038,false,עוגיות לוטוס 18*2 279 גרם,לוטוס ביקרי,BE,עוגיות לוטוס 279 גרם,גרמים,279.00,100 גרם,false,,12.90,0.0462,true,1,6367
5410126716016,false,"ביסקוויט בטעם קרמל לוטוס בד""צ 250 ג'",לוטוס ביקרי בלגיה,BE,ביסקוויט בטעם קרמל ל,גרמים,250.00,100 גרם,false,,11.90,0.0476,true,1,6368
5410126726947,false,ממרח עוגיות לוטוס קראנץ' 380 גרם,לוטוס בייקרי בלגיה נ,BE,לוטוס קראנץ ממרח עוג,גרמים,380.00,100 גרם,false,,19.90,0.0524,true,1,6369
5410173210055,false,קפה טחון וקלוי לפילטר Rombouts,קרלו,BE,רומבוסט קפה טחון וקל,גרמים,70.00,100 גרם,false,,14.90,0.2129,true,1,10109
5410316983693,false,"אייס סמירנוף בודד 275 מ""ל",סמירנוף אייס Smirnoff ice,IT,סמירנוף אייס בודד,מיליליטרים,275.00,"100 מ""ל",false,,11.90,0.0433,true,1,7229
5410316994019,false,"וודקה סמירנוף אדום 700מ""ל",דיאג'ו אופריישנס איט,US,וודקה סמירנוף אדום 7,מיליליטרים,700.00,"100 מ""ל",false,,55.90,0.0799,true,1,31484
5410769200088,false,בירה מק שוף בקבוק 33,פארייפאבה אגרואינדוס,BE,"בירה מק שוף 330 מ""ל",מיליליטרים,330.00,"100 מ""ל",false,,12.90,0.0391,true,1,90256
5410769800097,false,בירה צרי שוף 8% בקבו,פארייפאבה אגרואינדוס,BE,בירה צ'רי שוף (8%) 3,מיליליטרים,330.00,"100 מ""ל",false,,12.90,0.0391,true,1,90257
5411081008192,false,בירה קסטיל רוז פחית,מבשלת קסטל ואן הונסב,,בירה קסטיל רוז' 300,מיליליטרים,330.00,"100 מ""ל",false,,11.90,0.0361,true,1,459045
5411081008420,false,בירה שושנע (פחית) 33,,,בירה שושנע (פחית) 33,מיליליטרים,330.00,"100 מ""ל",false,,11.90,0.0361,true,1,459046
5411188081852,false,אלפרו משקה סויה בטעם וניל 1 ל',הנסיך- מפעל לייצור ט,BE,אלפרו משקה סויה בטעם,אין,0.00,יחידה,false,,12.90,0.0000,true,1,14875
5411188094159,false,מעדן סויה שוקולד בלגי אלפרו 4*125 ג',הנסיך- מפעל לייצור ט,BE,אלפרו מעדן סויה שוק.,מיליליטרים,500.00,"100 מ""ל",false,,14.90,0.0298,true,1,14876
5411188096108,false,"אלפרו סויה לבישול ואפייה 250 מ""ל",אלפרו C.V.A,BE,אלפרו סויה לבישול 25,מיליליטרים,250.00,"100 מ""ל",false,,9.90,0.0396,true,1,14877
5411188106159,false,סויה לייט בטעם טבעי 1ל' אלפרו,הנסיך- מפעל לייצור ט,BE,אלפרו משקה סויה לייט,אין,0.00,יחידה,false,,12.90,0.0000,true,1,14878
5411188110835,false,אלפרו חלב סויה שקדים וניל 1ל',הנסיך- מפעל לייצור ט,BE,אלפרו משקה שקדים 1 ל,ארגז,1.00,ליטר,false,,12.90,12.9000,true,1,14879
5411188112709,false,משקה אלפרו שקדים ללא סוכר 1 ליטר,הנסיך- מפעל לייצור ט,BE,אלפרו משקה שקדים ללא,אין,0.00,יחידה,false,,12.90,0.0000,true,1,14882
5411188115366,false,אלפרו משקה שיבולת שועל 1 ליטר,הנסיך- מפעל לייצור ט,BE,אלפרו משקה שיבולת שו,אין,0.00,יחידה,false,,12.90,0.0000,true,1,14883
5411188115434,false,משקה אלפרו בריסטה סויה 1 ליטר,אלפרו Alpro,BE,אלפרו משקה בריסטה סו,ליטרים,1.00,100 ליטר,false,,12.90,12.9000,true,1,355353
5411188115472,false,אלפרו משקה סויה 1 ליטר,הנסיך- מפעל לייצור ט,BE,אלפרו משקה סויה 1 לי,ארגז,1.00,ליטר,false,,12.90,12.9000,true,1,14884
5411188120742,false,אלפרו חלב משקה שקדים בטעם וניל 1 ל',הנסיך- מפעל לייצור ט,BE,אלפרו משקה שקדים בטע,ארגז,1.00,ליטר,false,,12.90,12.9000,true,1,14887
5411188120957,false,"אלפרו תערובת לבישול על בסיס קוקוס 250 מ""ל",אלפרו Alpro,IL,אלפרו קוקוס לבישול 2,מיליליטרים,250.00,"100 מ""ל",false,,9.90,0.0396,true,1,250666
5411188121923,false,"אלפרו משקה סויה סידן מארז 250X3מ""ל",הנסיך- מפעל לייצור ט,BE,אלפרו סויה סידן שלש,מיליליטרים,750.00,"100 מ""ל",false,,14.50,0.0193,true,1,14888
5411188121978,false,"משקה סויה בטעם שוקולד 3 * 250 מ""ל אלפרו",אלפרו C.V.A,BE,אלפרו סויה שוקו סיד,מיליליטרים,750.00,"100 מ""ל",false,,14.50,0.0193,true,1,14889
5411188124689,false,משקה שיבולת שועל ללא סוכר 1ל' אלפרו,אלפרו Alpro,BE,אלפרו משקה שיבולת שו,אין,0.00,יחידה,false,,12.90,0.0000,true,1,41058
5411188124726,false,אלפרו משקה שיבולת שועל שקדים 1 ל',הדקלאים אגודת שיתופי,BE,אלפרו משקה שיבולת שו,אין,0.00,יחידה,false,,11.90,0.0000,true,1,14892
5411188129899,false,משקה אלפרו בריסטה שקדים 1 ליטר,הנסיך- מפעל לייצור ט,BE,אלפרו משקה בריסטה שק,אין,0.00,יחידה,false,,12.90,0.0000,true,1,14896
5411188133476,false,אלפרו משקה סויה שוקו עם חלבון 250 ג',אלפרו,BE,אלפרו משקה סויה שוקו,מיליליטרים,250.00,"100 מ""ל",false,,6.90,0.0276,true,1,138888
5411188133490,false,אלפרו משקה סויה קפה קרמל עם חלבון 250 גר',אלפרו,BE,אלפרו משקה סויה קפה,מיליליטרים,250.00,"100 מ""ל",false,,6.90,0.0276,true,1,138916
5411188134985,false,אלפרו 3.5% NOT M*LK שיבולת שועל 1 ליטר בית יוסף,הנסיך- מפעל לייצור ט,BE,אלפרו 3.5% שומן NOT,ארגז,1.00,ליטר,false,,14.10,14.1000,true,1,109144
5411188135005,false,אלפרו 1.8% NOT M*LK שיבולת שועל 1 ליטר בית יוסף,הנסיך- מפעל לייצור ט,BE,אלפרו 1.8% שומן NOT,ארגז,1.00,ליטר,false,,14.10,14.1000,true,1,113051
5411188513483,false,"משקה סויה לבישול 14% 250 מ""ל אלפרו",אלפרו C.V.A,BE,אלפרו סויה לבישול 14,מיליליטרים,250.00,"100 מ""ל",false,,9.90,0.0396,true,1,250667
5411188543398,false,משקה סויה ללא סוכר 1 ל' אלפרו,הנסיך- מפעל לייצור ט,BE,אלפרו משקה סויה ללא,ארגז,1.00,ליטר,false,,12.90,12.9000,true,1,14898
5413121355075,false,בלג'יאן-שוקולד תפוז 100ג',BCG,,שוקולד מריר תפוז בלג,גרמים,100.00,100 גרם,false,,11.90,0.1190,true,1,415183
5413121355082,false,שוקולד פרסטיז בלגיאן,BCG,,שוקולד בלגי מריר 72%,גרמים,100.00,100 גרם,false,,11.90,0.1190,true,1,415141
5413121355099,false,בלג'יאן-שוקולד מריר 72% פוךי קפה 100ג',BCG,,שוקולד מריר 72% עם פ,גרמים,100.00,100 גרם,false,,11.90,0.1190,true,1,415127
5413121355105,false,בלג'יאן-שוקולד חלב משובח 72% 100ג',BCG,,שוקולד בלגי חלב משוב,גרמים,100.00,100 גרם,false,,11.90,0.1190,true,1,415198
5413121355143,false,בלג'יאן-שוקולד לבן משובח 72% 100ג',BCG,,שוקולד לבן משובח בלג,גרמים,100.00,100 גרם,false,,11.90,0.1190,true,1,415169
5413121358694,false,בלג'יאן-שוקולד בלגי 72% 100ג',BCG,,שוקולד בלגי מריר 85%,גרמים,100.00,100 גרם,false,,11.90,0.1190,true,1,415155
5413121388905,false,"בלג'יאן-טראפלס אגוז ""חג שמח""150גר'",,,שוקולד טראפלס אגוז,גרמים,150.00,100 גרם,false,,14.90,0.0993,true,1,415199
5413149655522,false,"אבקת כביסה שושן צחור 1.25 ק""ג אריאל",פרוקטר אנד גמבל,,אריאל אבקת כביסה שוש,אלף,1.25,"ק""ג",false,,17.90,14.3200,true,1,17517
5413216990242,false,בונבוניירה צדפים ממולאים בקרם אגוזים,צ'וקטה Chocketa,,צדפי שוקולד צ'וקטה 2,גרמים,250.00,100 גרם,false,,14.90,0.0596,true,1,25954
5413548040479,false,בונבוניירה רפאלו 240 גרם,קדבורי,PL,בונבוניירה רפאלו 240,גרמים,240.00,100 גרם,false,,24.90,0.1037,true,1,25656
5413548280189,false,קינדר שוקובון 125 גרם,פררו,BE,קינדר שוקו בון 125ג,גרמים,125.00,100 גרם,false,,12.90,0.1032,true,1,995
5420066370032,false,טראפל שוקולד בלגי מר,,,טראפל שוקולד בלגי מר,גרמים,150.00,100 גרם,false,,14.90,0.0993,true,1,416302
5600289150318,false,צ'יפס תפוחי עץ מיובש,,,צ'יפס תפוחי עץ מיובש,גרמים,20.00,100 גרם,false,,5.90,0.2950,true,1,299656
5601008200444,false,גודיס Goodies עוגיות טבעת מצופות שוקולד חלב,הנסיך- מפעל לייצור ט,PT,גודיס עוגיות טבעת מצ,גרמים,150.00,100 גרם,false,,4.90,0.0327,true,1,14469
5601008200468,false,גודיס Goodies עוגיות טבעת מצופות שוקולד לבן,קריניציה ויטמינה אס,PT,גודיס עוגיות טבעת מצ,גרמים,150.00,100 גרם,false,,4.90,0.0327,true,1,14471
5601010111035,false,סרדינים בשמן זית רמי,רמירז קונסרב,PT,סרדינים בשמן זית רמי,גרמים,100.00,100 גרם,false,,11.90,0.1190,true,1,336996
5601010211070,false,סרדינים במי מלח רמיר,רמירז קונסרב,PT,סרדינים במי מלח רמיר,גרמים,100.00,100 גרם,false,,10.90,0.1090,true,1,166768
5604912415058,false,סרדינים בשמן חמניה חריף פורטוס 125 ג',פורטוס Porthos,PT,סרדינים בשמן חמניה ח,גרמים,125.00,100 גרם,false,,5.90,0.0472,true,1,6372
5701932026964,false,פופקורן להכנה במיקרוגל בטעם טבעי 6 שקיות,הוט פופ Hot pop,US,הוט פופ .פופקורן עם,גרמים,600.00,100 גרם,false,,14.90,0.0248,true,1,10110
5701932026971,false,פופקורן להכנה במיקרוגל בטעם חמאה 6 שקיות,הוט פופ Hot pop,US,הוט פופ פופקורן בטעם,גרמים,600.00,100 גרם,false,,14.90,0.0248,true,1,10111
5701932026995,false,פופקורן להכנה במיקרוגל בטעם טבעי מופחת שומן 6 שקיות,קריניציה ויטמינה אס,US,הוט פופ פופקורן לייט,גרמים,510.00,100 גרם,false,,14.90,0.0292,true,1,10112
5706516031358,false,פופקורן להכנה במיקרוגל בטעם טבעי מופחת שומן 5 שקיות,הוט פופ Hot pop,US,הוט פופ 100 קלוריות,גרמים,160.00,100 גרם,false,,14.90,0.0931,true,1,10113
5711953106583,false,גבינת שמנת בטעם טבעי 200 גרם ארלה,ארלה פודס אמבה,DK,ארלה גבינת שמנת טבעי,גרמים,200.00,100 גרם,false,,13.40,0.0670,true,1,15413
5711953106590,false,גבינת שמנת עם שום 200 גרם ארלה,ארלה פודס אמבה,DK,ארלה גבינת שמנת שום,גרמים,200.00,100 גרם,false,,13.40,0.0670,true,1,15414
5711953148347,false,"גבינת שמנת טבעי ארלה, 300 גרם",,,גבינת שמנת טבעי ארלה,גרמים,300.00,100 גרם,false,,23.90,0.0797,true,1,438778
5740900403215,false,ממרח לורפק חמאה עם מלח 250 ג',לורפאק Lurpak,,ממרח לורפק עם מלח 25,גרמים,250.00,100 גרם,false,,16.80,0.0672,true,1,15417
5740900403222,false,ממרח לורפק חמאה עם מלח מופחת שומן 250 ג,לורפאק Lurpak,,ממרח לורפק עם מלח מו,גרמים,250.00,100 גרם,false,,16.80,0.0672,true,1,15418
5740900403239,false,ממרח לורפק חמאה בלי מלח 250 ג',לורפאק Lurpak,,ממרח לורפק ללא מלח 2,גרמים,250.00,100 גרם,false,,16.80,0.0672,true,1,15419
5740900403246,false,ממרח לורפק חמאה בלי מלח 500 ג',לורפאק Lurpak,,ממרח לורפק ללא מלח 5,גרמים,500.00,100 גרם,false,,30.30,0.0606,true,1,15420
5740900403253,false,ממרח לורפק חמאה עם מלח 500 ג',לורפאק Lurpak,,ממרח לורפק עם מלח 50,גרמים,500.00,100 גרם,false,,30.30,0.0606,true,1,15421
5765220190393,false,בלוני מספרים מ 9-0 מידה 16 אינץ,,,בלוני מספרים מ-0 עד,אין,0.00,יחידה,false,,5.00,0.0000,true,1,239056
5765571204619,false,נר נשמה שבועי ירושלי,,,נר נשמה שבועי ירושלי,אין,0.00,יחידה,false,,9.90,0.0000,true,1,212849
5765571206613,false,נר נשמה 9 ימים בפלסטיק,,,נר נשמה 9 ימים בפלסט,אין,0.00,יחידה,false,,9.90,0.0000,true,1,456482
5900020012814,false,דגני בוקר בטעם שוקולד נסקוויק Nesquik,מיוצר עי קונדיטוריית,PL,דגני בוקר נסקוויק נס,גרמים,500.00,100 גרם,false,,24.90,0.0498,true,1,12860
5900020015174,false,חטיף דגנים פיטנס Fitness עם שוקולד מריר,מיוצר עי קונדיטוריית,PL,פיטנס חטיף דגנים שוק,גרמים,141.00,100 גרם,false,,14.90,0.1057,true,1,12861
5900020018908,false,חטיף פיטנס דגנים עם עוגיות ופצפוצי שוקולד לבן,מיוצר עי קונדיטוריית,PL,פיטנס חטיף דגנים קרם,גרמים,141.00,100 גרם,false,,14.90,0.1057,true,1,12862
5900020020710,false,נסטלה - קראנץ' שוקו וניל חטיף דגנים 25 גרם * 6,נסטלה פולין ברים,PL,חטיף דגנים קראנץ בר,גרמים,150.00,100 גרם,false,,16.90,0.1127,true,1,12864
5900020022325,false,חטיף סיני מיניס Cini Minis בטעם קינמון - 6 במארז,נסטלה פולין דגני בוק,PL,חטיף דגנים סיני מיני,גרמים,150.00,100 גרם,false,,16.90,0.1127,true,1,12867
5900020024770,false,פיטנס - דליס חטיף דגנים שוקולד אגוז 22.50 גרם * 6,נסטלה פולין ברים,PL,פיטנס בר דליס שוקולד,גרמים,135.00,100 גרם,false,,14.90,0.1104,true,1,12868
5900020024817,false,פיטנס דליס Fitness Delice חטיף דגנים עם שוקולד לבן,נסטלה פולין ברים,PL,פיטנס בר דליס שוקולד,גרמים,135.00,100 גרם,false,,14.90,0.1104,true,1,12869
5900020025647,false,פיטנס דליס Fitness Delice חטיף דגנים עם שוקולד חלב,מיוצר עי קונדיטוריית,PL,פיטנס בר דליס שוקולד,גרמים,135.00,100 גרם,false,,14.90,0.1104,true,1,12870
5900020026552,false,דגני בוקר האני נאט צ'יריוס בטעם דבש ושקדים,נסטלה צרפת איטנקורט,FR,האני נאט ציריוס נסטל,גרמים,625.00,100 גרם,false,,24.90,0.0398,true,1,12874
5900020029669,false,פיטנס - חטיף דגנים פירות יער 23.50 גרם * 6,נסטלה פולין דגני בוק,,פיטנס חטיף דגנים פיר,גרמים,141.00,100 גרם,false,,14.90,0.1057,true,1,12877
5900020032454,false,פיטנס מארז חטף עוגיות 8*23.5 גרם,נסטלה פולין ברים,PL,חטיף דגנים עוגיות פ,גרמים,188.00,100 גרם,false,,16.90,0.0899,true,1,84792
5900020032539,false,פיטנס מארז חטף שוקולד 8*23.5 גרם,נסטלה פולין ברים,PL,חטיף דגנים שוקולד פ,גרמים,188.00,100 גרם,false,,16.90,0.0899,true,1,84806
5900020033314,false,חטיף דגני בוקר Lion בטעם קרמל ושוקולד על קרם חלב,נסטלה פולין ברים,PL,חטיף דגנים ליון נסטל,גרמים,150.00,100 גרם,false,,16.90,0.1127,true,1,12879
5900020034021,false,חטיף דגנים פיטנס שוקולד בננה,מיוצר עי קונדיטוריית,PL,פיטנס חטיף דגנים שוק,גרמים,141.00,100 גרם,false,,16.90,0.1199,true,1,12880
5900020034991,false,דגני בוקר צדפים בטעם שוקולד 450 ג' קראנץ',סי. פי. פולין,PL,קראנץ' צדפים בטעם שו,גרמים,450.00,100 גרם,false,,24.90,0.0553,true,1,12881
5900020036407,false,דגני בוקר ליון Lion בטעם שוקולד וקרמל,נסטלה פולין דגני בוק,,דגני בוקר שוקולד וקר,גרמים,480.00,100 גרם,false,,24.90,0.0519,true,1,12883
5900020037916,false,דגני בוקר שיבולת שועל צ'ריוס 375ג',ג'נרל מילס סאן אדריא,PL,צ'יריוס שיבולת שועל,גרמים,375.00,100 גרם,false,,14.90,0.0397,true,1,87899
5900020039590,false,פיטנס חטיף דגנים קלאסי פרווה 6 יח',נסטלה פולין דגני בוק,IL,פיטנס חטיף דגנים קלא,גרמים,141.00,100 גרם,false,,14.90,0.1057,true,1,152099
5900020039620,false,פיטנס חטיף דגנים שקדים ודבש פרווה,נסטלה פולין ברים,IL,חטיף דגנים שקדים ודב,גרמים,141.00,100 גרם,false,,14.90,0.1057,true,1,152085
5900020041142,false,קורנפלקס פיטנס 500 ג' אסם,נסטלה צרפת איטנקורט,PL,קורנפלקס פיטנס 500גר,גרמים,500.00,100 גרם,false,,12.90,0.0258,true,1,467960
5900627027020,false,קרם להסרת שיער בזמן המקלחת לעור רגיל,רקיט בנקיזר,FR,ויט ספא תמציות משי,מיליליטרים,150.00,"100 מ""ל",false,,39.90,0.2660,true,1,14223
5900627063233,false,טבליות למדיח AIO 50 יח פיניש,רקיט בנקיזר,PL,50 יח AIO טבליות פינ,גרמים,800.00,100 גרם,false,,39.90,0.0499,true,1,14226
5900951283963,false,חטיף סניקרס עם חמאת בוטנים Creamy Peanut Butter,סנו מפעלי ברונוס.,PL,חטיף סניקרס שוקולד ק,גרמים,50.00,100 גרם,false,,3.90,0.0780,true,1,242201
5902198160403,false,"משקה אנרגיה XL TEN פחית לל""ס 250מ""ל","טמפו משקאות בע""מ",IL,אקס אל משקה אנרגיה ט,מיליליטרים,250.00,"100 מ""ל",false,,4.50,0.0180,true,1,8508
5902768862683,true,עוגיות טוויט שוקולד,,,עוגיות טוויט שוקולד,גרמים,155.00,100 גרם,false,,5.50,0.0355,true,1,31808
5902768865677,true,עוגיות שוקולד צ'יפס,,,עוגיות שוקולד צ'יפס,גרמים,150.00,100 גרם,false,,5.50,0.0367,true,1,31810
5904941751715,false,"משקה אנרגיה בלו קרנברי 250 מ""ל -בודד",אקו - ביט,PL,בלו משקה אנרגיה קרנב,מיליליטרים,250.00,"100 מ""ל",false,,4.50,0.0180,true,1,4593
5906485301012,false,"משקה אנרגיה XL פחית 250 מ""ל","טמפו משקאות בע""מ",IL,אקס אל משקה אנרגיה 2,מיליליטרים,250.00,"100 מ""ל",false,,4.50,0.0180,true,1,8509
5998623526739,false,"יין סי גראס גוורצטרמינר 750 מ""ל",דנוביאנה,HU,יין סי גראס גוורצטרמ,מיליליטרים,750.00,"100 מ""ל",false,,40.90,0.0545,true,1,10528
5998623530644,false,פינו גריג'יו רוזה חצ,אדלמה,HU,פינו גריג'יו רוזה חצ,מיליליטרים,750.00,"100 מ""ל",false,,39.90,0.0532,true,1,295423
6102017501939,false,מצית לגז ארוך,,,מצת מהודר,אין,0.00,יחידה,false,,9.90,0.0000,true,1,19979
6111049000051,false,סרדין מרוקאי חריף ספ,,,סרדין מרוקאי חריף ספ,גרמים,125.00,100 גרם,false,,4.90,0.0392,true,1,8907
6111094000013,false,"קוסקוס דארי בינוני תומר 1 ק""ג",קריות זול,,קוסקוס בינוני דארי 1,אלף,1.00,"ק""ג",false,,17.90,17.9000,true,1,16192
6111094000198,false,קוסקוס דק 350 ג' דארי,דארי Dari,,קוסקוס דק דארי 350 ג,גרמים,350.00,100 גרם,false,,8.10,0.0231,true,1,16193
6111094000228,false,"קוסקוס דארי דק תומר 1 ק""ג",קריות זול,MA,"קוסקוס דק דארי 1 ק""ג",אלף,1.00,"ק""ג",false,,17.90,17.9000,true,1,16194
6111094000259,false,קוסקוס דארי בינוני ת,דארי Dari,,קוסקוס בינוני דארי 5,גרמים,500.00,100 גרם,false,,10.00,0.0200,true,1,16196
6111094000808,false,"קוסקוס דארי בינוני תומר 1 ק""ג + 10% תוספת",דרי קוספט,MA,קוסקוס בינוני דארי 1,אלף,1.10,"ק""ג",false,,17.90,16.2727,true,1,16197
6111094002123,false,דארי אטריות דקות תומ,,,דארי אטריות דקות תומ,גרמים,550.00,100 גרם,false,,10.00,0.0182,true,1,483567
6224009175192,false,"תות שדה 1 ק""ג קפוא ב",O.K FRUIT,EG,"תות שדה 1 ק""ג קפוא ב",אלף,1.00,"ק""ג",false,,16.90,16.9000,true,1,31663
6910191800287,false,אצות נורי בלו 10 דף (ננגטונג),ננטונג היידה אקווטוק,CN,אצות נורי לסושי מזרח,גרמים,25.00,100 גרם,false,,11.90,0.4760,true,1,306205
6912977000140,false,אטריות שעועית 250 גר' ( Yantai)ללא גלוטן,יאנטאי ינסידה לנוגקא,CN,אטריות שעועית ללא גל,גרמים,250.00,100 גרם,false,,8.90,0.0356,true,1,29298
6920190410059,false,כוסות נייר אפיה קטן (קאפקייקס) 50יח,,,נייר מאפינס קטנים לא,אין,0.00,יחידה,false,,11.90,0.0000,true,1,10319
6924421202017,false,פטריות שימג'י לבן/חו,,,פטריות שי-מג'י חוות,גרמים,150.00,100 גרם,false,,12.90,0.0860,true,1,31170
6928209121170,false,תפוחן,,,תפוחן,אין,0.00,יחידה,false,,10.00,0.0000,true,1,17808
6936745600462,false,רוטב מירין לתיבול מז,דאנינג יוה פודס קו,CN,רוטב מירין לתיבול מז,מיליליטרים,500.00,"100 מ""ל",false,,19.90,0.0398,true,1,431200
6936745600783,false,"חומץ אורז 500 מ""ל (דאניינג)",דאנינג יוה פודס קו,CN,"חומץ אורז 500 מ""ל (ד",גרמים,500.00,100 גרם,false,,14.90,0.0298,true,1,430940
6951097101085,false,מאג מעוצב,,,מאג מעוצב,אין,0.00,יחידה,false,,4.90,0.0000,true,1,17942
7271730901261,false,ווקי מאק ארוחת אטריות עם גבינה 156 גרם,ניו וורלד פסטה קומפנ,US,ארוחת אטריות וואקי מ,גרמים,156.00,100 גרם,false,,10.90,0.0699,true,1,23863
7290000000104,false,סנדוויץ' עובד,,,סנדוויץ' עובד,אין,0.00,יחידה,false,,5.00,0.0000,true,1,22027
7290000000494,false,נקניקיות חריושקה,"ולדמן ביח""ר לנקניק ו",,כלי בית,אין,0.00,יחידה,false,,15.00,0.0000,true,1,17664
7290000000626,false,ברוקולי ארוז במגשית,,,ברוקולי ארוז במגשית,יח',1.00,יח',false,,9.90,9.9000,true,1,190436
7290000001056,false,לחם אחיד 750 גרם,,,לחם אחיד 750 גרם,גרמים,750.00,100 גרם,false,,3.90,0.0052,true,1,6038
7290000001085,true,פרנה/פיתה מרוקאית /ל,,,פרנה/פיתה מרוקאית /ל,אין,0.00,יחידה,false,,5.90,0.0000,true,1,5170
7290000001104,false,פטריות חורש מיני ארוז 200 ג',"מרינה פטריות הגליל בע""מ",IL,פטריות חורש ארוז,יח',1.00,יח',false,,9.90,9.9000,true,1,27599
7290000002247,false,חלומי גד 24% במשקל,,,חלומי גד 24% במשקל,קילוגרמים,1.00,"ק""ג",true,,85.00,85.0000,true,1,11037
7290000002858,false,פטה עזים גד 5% במשקל,,,פטה עזים גד 5% במשקל,קילוגרמים,1.00,"ק""ג",true,,128.00,128.0000,true,1,11039
7290000002872,false,גבינה מאסדם הולנדית,,,צפתית במים גד 5% במש,קילוגרמים,1.00,"ק""ג",true,,68.00,68.0000,true,1,11040
7290000003285,false,פטינה מחלבת ארלה 21%,,,פטינה מחלבת ארלה 21%,קילוגרמים,1.00,"ק""ג",true,,29.00,29.0000,true,1,15396
7290000003503,false,כנפיים עוף טרי,,,כנפיים עוף טרי,קילוגרמים,1.00,"ק""ג",true,,10.00,10.0000,true,1,17312
7290000004006,false,קאשקבל משולשים גד 26,,,קאשקבל משולשים גד 26,קילוגרמים,1.00,"ק""ג",true,,138.00,138.0000,true,1,11043
7290000004444,false,שקיות גופיה 20 מקרו,,,שקיות גופיה 20 מקרו,אין,0.00,יחידה,false,,0.10,0.0000,true,1,413537
7290000004655,false,מוצרלה מעושנת גד 22%,,,מוצרלה מעושנת גד 22%,קילוגרמים,1.00,"ק""ג",true,,86.00,86.0000,true,1,3064
7290000004754,false,מוצרלה כדור קטן גד 1,,,מוצרלה כדור קטן גד 1,קילוגרמים,1.00,"ק""ג",true,,102.00,102.0000,true,1,11044
7290000004792,false,בולגרית מעודנת גד 5%,,,בולגרית מעודנת גד 5%,קילוגרמים,1.00,"ק""ג",true,,60.00,60.0000,true,1,11045
7290000004815,false,מוצרלה גד 22% במשקל,,,מוצרלה גד 22% במשקל,קילוגרמים,1.00,"ק""ג",true,,88.00,88.0000,true,1,3035
7290000004891,false,בולגרית מסורתית גד 1,,,בולגרית מסורתית גד 1,קילוגרמים,1.00,"ק""ג",true,,60.00,60.0000,true,1,11046
7290000004921,false,ריקוטה גד 5% במשקל,,,ריקוטה גד 5% במשקל,קילוגרמים,1.00,"ק""ג",true,,64.00,64.0000,true,1,11048
7290000004969,false,גבינות שמנת טבעי גד,,,גבינות שמנת טבעי גד,קילוגרמים,1.00,"ק""ג",true,,50.00,50.0000,true,1,11049
7290000004990,false,כדור גדול מוצרלה גד,,,כדור גדול מוצרלה גד,קילוגרמים,1.00,"ק""ג",true,,102.00,102.0000,true,1,3051
7290000005448,false,בולגרית מעודנת מהדרי,,,בולגרית מעודנת מהדרי,קילוגרמים,1.00,"ק""ג",true,,60.00,60.0000,true,1,11053
7290000005455,false,בולגרית מעודנת מהדרי,,,בולגרית מעודנת מהדרי,קילוגרמים,1.00,"ק""ג",true,,64.00,64.0000,true,1,11054
7290000005608,false,לאבנה מהדרין גד 5% ב,,,לאבנה מהדרין גד 5% ב,קילוגרמים,1.00,"ק""ג",true,,45.80,45.8000,true,1,11058
7290000006120,false,טאפאס ממולא גב.שמנת,,,טאפאס ממולא גב.שמנת,קילוגרמים,1.00,"ק""ג",true,,148.00,148.0000,true,1,48248
7290000009350,false,בשר טחון טרי,,,בשר טחון טרי,קילוגרמים,1.00,"ק""ג",true,,37.90,37.9000,true,1,426588
7290000009351,false,בשר טחון חלק טרי,,,בשר טחון חלק טרי,קילוגרמים,1.00,"ק""ג",true,,49.90,49.9000,true,1,426725
7290000009355,false,צלעות בקר חלק טרי,,,צלעות בקר חלק טרי,קילוגרמים,1.00,"ק""ג",true,,59.90,59.9000,true,1,427117
7290000009358,false,כתף בקר טרי,,,כתף בקר טרי,קילוגרמים,1.00,"ק""ג",true,,64.90,64.9000,true,1,427170
7290000009359,false,כתף חלק טרי,,,כתף חלק טרי,קילוגרמים,1.00,"ק""ג",true,,64.90,64.9000,true,1,427221
7290000009363,false,צלי כתף חלק טרי,,,צלי כתף חלק טרי,קילוגרמים,1.00,"ק""ג",true,,89.90,89.9000,true,1,427333
7290000009367,false,פילה מדומה חלק טרי,,,פילה מדומה חלק טרי,קילוגרמים,1.00,"ק""ג",true,,74.90,74.9000,true,1,427385
7290000009371,false,שריר חלק טרי,,,שריר חלק טרי,קילוגרמים,1.00,"ק""ג",true,,59.90,59.9000,true,1,427482
7290000009375,false,אנטריקוט חלק טרי,,,אנטריקוט חלק טרי,קילוגרמים,1.00,"ק""ג",true,,139.90,139.9000,true,1,427833
7290000009390,false,אסאדו חלק טרי,,,אסאדו חלק טרי,קילוגרמים,1.00,"ק""ג",true,,69.90,69.9000,true,1,427936
7290000009396,false,אסאדו ע.ע חלק טרי,,,אסאדו ע.ע חלק טרי,קילוגרמים,1.00,"ק""ג",true,,69.90,69.9000,true,1,427991
7290000009397,false,אוסובוקו טרי,,,אוסובוקו טרי,קילוגרמים,1.00,"ק""ג",true,,64.90,64.9000,true,1,427653
7290000009398,false,אוסובוקו חלק טרי,,,אוסובוקו חלק טרי,קילוגרמים,1.00,"ק""ג",true,,64.90,64.9000,true,1,427798
7290000009431,false,רבע כבש טרי,,,רבע כבש טרי,קילוגרמים,1.00,"ק""ג",true,,119.90,119.9000,true,1,428314
7290000009435,false,צוואר טלה טרי,,,צוואר טלה טרי,קילוגרמים,1.00,"ק""ג",true,,74.90,74.9000,true,1,428410
7290000009436,false,כתף טלה טרי,,,כתף טלה טרי,קילוגרמים,1.00,"ק""ג",true,,119.90,119.9000,true,1,428443
7290000009437,false,בשר טחון מחפוד טרי,,,בשר טחון מחפוד טרי,קילוגרמים,1.00,"ק""ג",true,,64.90,64.9000,true,1,428731
7290000009438,false,צלעות מחפוד טרי,,,צלעות מחפוד טרי,קילוגרמים,1.00,"ק""ג",true,,79.90,79.9000,true,1,428751
7290000009439,false,כתף מחפוד טרי,,,כתף מחפוד טרי,קילוגרמים,1.00,"ק""ג",true,,74.90,74.9000,true,1,428752
7290000009440,false,צלי כתף מחפוד טרי,,,צלי כתף מחפוד טרי,קילוגרמים,1.00,"ק""ג",true,,114.90,114.9000,true,1,428772
7290000009441,false,פילה מדומה מחפוד טרי,,,פילה מדומה מחפוד טרי,קילוגרמים,1.00,"ק""ג",true,,84.90,84.9000,true,1,428790
7290000009442,false,שריר מחפוד טרי,,,שריר מחפוד טרי,קילוגרמים,1.00,"ק""ג",true,,74.90,74.9000,true,1,428807
7290000009446,false,אסאדו ע.ע מחפוד טרי,,,אסאדו ע.ע מחפוד טרי,קילוגרמים,1.00,"ק""ג",true,,69.90,69.9000,true,1,428927
7290000009447,false,סינטה מחפוד טרי,,,סינטה מחפוד טרי,קילוגרמים,1.00,"ק""ג",true,,124.90,124.9000,true,1,428943
7290000009449,false,פילה מחפוד טרי,,,פילה מחפוד טרי,קילוגרמים,1.00,"ק""ג",true,,184.90,184.9000,true,1,428972
7290000009458,false,צוואר ע.ע מחפוד,,,צוואר ע.ע מחפוד,קילוגרמים,1.00,"ק""ג",true,,59.90,59.9000,true,1,437703
7290000009463,false,אנטריקוט פרימיום ע.ע,,,אנטריקוט פרימיום ע.ע,קילוגרמים,1.00,"ק""ג",true,,109.90,109.9000,true,1,437983
7290000009465,false,אנטריקוט ע.ע מחפוד ט,,,אנטריקוט ע.ע מחפוד ט,קילוגרמים,1.00,"ק""ג",true,,104.90,104.9000,true,1,438043
7290000009472,false,שניצל עגל טרי,,,שניצל עגל טרי,קילוגרמים,1.00,"ק""ג",true,,89.90,89.9000,true,1,438149
7290000009480,false,עצמות מח חלק טרי,,,עצמות מח חלק טרי,קילוגרמים,1.00,"ק""ג",true,,24.90,24.9000,true,1,438589
7290000009483,false,כבד בקר מחפוד טרי,,,כבד בקר מחפוד טרי,קילוגרמים,1.00,"ק""ג",true,,32.90,32.9000,true,1,438842
7290000009485,false,לשון בקר מחפוד טרי,,,לשון בקר מחפוד טרי,קילוגרמים,1.00,"ק""ג",true,,69.90,69.9000,true,1,438887
7290000009489,false,זנב בקר מחפוד טרי,,,זנב בקר מחפוד טרי,קילוגרמים,1.00,"ק""ג",true,,89.90,89.9000,true,1,438978
7290000009510,false,שפיץ צאך מחפוד טרי,,,שפיץ צאך מחפוד טרי,קילוגרמים,1.00,"ק""ג",true,,119.90,119.9000,true,1,439272
7290000009511,false,שייטל בקר מחפוד טרי,,,שייטל בקר מחפוד טרי,קילוגרמים,1.00,"ק""ג",true,,110.90,110.9000,true,1,439287
7290000009512,false,ויסברטן בקר מחפוד ט,,,ויסברטן בקר מחפוד ט,קילוגרמים,1.00,"ק""ג",true,,89.90,89.9000,true,1,439288
7290000009513,false,כף בקר מחפוד טרי,,,כף בקר מחפוד טרי,קילוגרמים,1.00,"ק""ג",true,,89.90,89.9000,true,1,439303
7290000009514,false,צאך בקר מחפוד טרי,,,צאך בקר מחפוד טרי,קילוגרמים,1.00,"ק""ג",true,,89.90,89.9000,true,1,439304
7290000009515,false,אווזית בקר מחפוד טרי,,,אווזית בקר מחפוד טרי,קילוגרמים,1.00,"ק""ג",true,,89.90,89.9000,true,1,439319
7290000011229,false,בולגרית חלקה המושבה,,,בולגרית חלקה המושבה,קילוגרמים,1.00,"ק""ג",true,,45.00,45.0000,true,1,11150
7290000011236,false,בולגרית מעודנת המושב,,,בולגרית מעודנת המושב,קילוגרמים,1.00,"ק""ג",true,,45.00,45.0000,true,1,11151
7290000011250,false,שמנת שום שמיר המושב,,,שמנת שום שמיר המושב,קילוגרמים,1.00,"ק""ג",true,,42.00,42.0000,true,1,11153
7290000011274,false,שמנת זיתים המושבה 30,,,שמנת זיתים המושבה 30,קילוגרמים,1.00,"ק""ג",true,,42.00,42.0000,true,1,11154
7290000011397,false,ברי בקר/קממבר המושבה,,,ברי בקר/קממבר המושבה,קילוגרמים,1.00,"ק""ג",true,,100.00,100.0000,true,1,11155
7290000011593,false,שזיף,,,שזיף,קילוגרמים,1.00,"ק""ג",true,,19.90,19.9000,true,1,32549
7290000013006,false,פסטרמה מקסיקנית 1% ז,,,פסטרמה מקסיקנית 1% ז,קילוגרמים,1.00,"ק""ג",true,,80.00,80.0000,true,1,24711
7290000013037,false,פסט. פרגיות על לבנים,,,פסט. פרגיות על לבנים,קילוגרמים,1.00,"ק""ג",true,,80.00,80.0000,true,1,24712
7290000013174,false,פסט. של פעם 2% זוגלו,,,פסט. של פעם 2% זוגלו,קילוגרמים,1.00,"ק""ג",true,,82.00,82.0000,true,1,24713
7290000014510,false,חסה עגולה,,,חסה עגולה,יח',1.00,יח',false,,6.90,6.9000,true,1,32550
7290000015514,false,דלעת אורגני,,,דלעת אורגני,קילוגרמים,1.00,"ק""ג",true,,9.90,9.9000,true,1,480751
7290000021003,false,עוף טרי שלם,,,עוף טרי שלם,קילוגרמים,1.00,"ק""ג",true,,18.90,18.9000,true,1,3006
7290000022085,false,גבינת פוקרינו מחלב כ,,,גבינת פוקרינו מחלב כ,קילוגרמים,1.00,"ק""ג",true,,129.00,129.0000,true,1,438478
7290000022553,false,כנפיים עוף טרי ארוז,,,כנפיים עוף טרי ארוז,קילוגרמים,1.00,"ק""ג",true,,17.90,17.9000,true,1,28905
7290000023007,false,"ברנדי שטוק 84 40% 750 מ""ל","יקבי ברקן בע""ם",IL,"ברנדי שטוק 84 750 מ""",מיליליטרים,750.00,"100 מ""ל",false,,70.90,0.0945,true,1,8514
7290000023083,false,ערק אשקלון 40% בקבוק,"יקבי ברקן בע""מ",IL,"ערק אשקלון 700 מ""ל כ",מיליליטרים,700.00,"100 מ""ל",false,,50.90,0.0727,true,1,8515
7290000023809,false,"יין ברקן קלאסיק קברנה סובניון 750מ""ל",יקבי ברקן שיווק והפצ,IL,קלאסיק קברנה סובניון,מיליליטרים,750.00,"100 מ""ל",false,,32.90,0.0439,true,1,8521
7290000023816,false,"יין ברקן קלאסיק אמרלד ריזלינג 750מ""ל",יקבי ברקן שיווק והפצ,IL,קלאסיק אמרלד ריזלינג,מיליליטרים,750.00,"100 מ""ל",false,,32.90,0.0439,true,1,8522
7290000023977,false,"יין ברקן קלאסיק מרלו 750 מ""ל",יקבי ברקן שיווק והפצ,IL,קלאסיק מרלו 750מל.,מיליליטרים,750.00,"100 מ""ל",false,,32.90,0.0439,true,1,8528
7290000024202,false,"יין ברקן רזרב קברנה סובניון 750 מ""ל",ברקן שיווק והפצה בעמ,IL,קברנה סוביניון רזרבד,מיליליטרים,750.00,"100 מ""ל",false,,42.90,0.0572,true,1,8529
7290000024240,false,יין רזרב שרדונה 750 מל,ביבקבי ברקן שיווק וה,IL,"שרדונה רזרבד 750 מ""ל",מיליליטרים,750.00,"100 מ""ל",false,,42.90,0.0572,true,1,8532
7290000024264,false,"יין ברקן רזרב מרלו 750 מ""ל",כרמי צבי - אחים סגל,IL,מרלו ריזרב,מיליליטרים,750.00,"100 מ""ל",false,,42.90,0.0572,true,1,8533
7290000024523,false,מיץ ענבים תירוש אדום,כרמי צבי - האחים סגל,IL,תירוש של סגל 1 ליטר,ארגז,1.00,ליטר,false,,13.90,13.9000,true,1,8536
7290000024530,false,יין אדום מתוק של סגל,כרמי צבי - אחים סגל,IL,"גליה מתוק 750 מ""ל",מיליליטרים,750.00,"100 מ""ל",false,,13.90,0.0185,true,1,8537
7290000024561,false,ברקן אסמבלאז' איתן 7,יקבי ברקן,IL,ברקן אסמבלאז' איתן 7,מיליליטרים,750.00,"100 מ""ל",false,,66.90,0.0892,true,1,8539
7290000024905,false,וודקה קגלביץ קלאסיקה,"יקבי ברקן בע""מ",IL,קגלביץ קלאסיקה 700 מ,מיליליטרים,700.00,"100 מ""ל",false,,50.90,0.0727,true,1,8541
7290000025786,false,דניס נקי טרי,,,דניס נקי טרי,קילוגרמים,1.00,"ק""ג",true,,69.90,69.9000,true,1,29515
7290000026650,false,צפתית פיראוס 5% במשק,,,צפתית פיראוס 5% במשק,קילוגרמים,1.00,"ק""ג",true,,39.00,39.0000,true,1,16595
7290000026806,false,קרפיון נקי טרי,,,קרפיון נקי טרי,קילוגרמים,1.00,"ק""ג",true,,29.80,29.8000,true,1,29516
7290000026813,false,אמנון טרי נקי,,,אמנון טרי נקי,קילוגרמים,1.00,"ק""ג",true,,28.90,28.9000,true,1,29517
7290000026851,false,בורי נקי טרי,,,בורי נקי טרי,קילוגרמים,1.00,"ק""ג",true,,39.90,39.9000,true,1,29518
7290000026893,false,פלפלית בלימון חריף,,,ברמונדי נקי,קילוגרמים,1.00,"ק""ג",true,,44.90,44.9000,true,1,29522
7290000027742,false,לברק נקי טרי,,,לברק נקי טרי,קילוגרמים,1.00,"ק""ג",true,,69.90,69.9000,true,1,29529
7290000027995,false,פילה סלמון טרי,,,פילה סלמון טרי,קילוגרמים,1.00,"ק""ג",true,,99.90,99.9000,true,1,2667
7290000032665,false,רוטב עגבניות 28% 580ג' פרי זה,,,רוטב עגבניות 28% ברי,גרמים,580.00,100 גרם,false,,7.52,0.0130,true,1,8061
7290000035324,false,בולגרית חלב נוכרי פי,,,בולגרית חלב נוכרי פי,קילוגרמים,1.00,"ק""ג",true,,41.00,41.0000,true,1,16596
7290000039232,false,ויסברטן עגל טרי,,,ויסברטן עגל טרי,קילוגרמים,1.00,"ק""ג",true,,79.90,79.9000,true,1,4503
7290000039234,false,סינטה עגל טרי,,,סינטה עגל טרי,קילוגרמים,1.00,"ק""ג",true,,99.90,99.9000,true,1,4504
7290000039235,false,פילה מיניון עגל טרי,,,פילה מיניון עגל טרי,קילוגרמים,1.00,"ק""ג",true,,219.00,219.0000,true,1,4505
7290000039236,false,שייטל עגל טרי,,,שייטל עגל טרי,קילוגרמים,1.00,"ק""ג",true,,79.90,79.9000,true,1,4506
7290000039237,false,צאך עגל טרי,,,צאך עגל טרי,קילוגרמים,1.00,"ק""ג",true,,69.90,69.9000,true,1,4507
7290000039238,false,שפיץ צאך עגל טרי,,,שפיץ צאך עגל טרי,קילוגרמים,1.00,"ק""ג",true,,79.90,79.9000,true,1,4508
7290000040042,false,יוגורט תות %3 גביע 150 ג' יופלה,תנובה בעמ,IL,יופלה תות שובב 3% 15,מיליליטרים,150.00,"100 מ""ל",false,,5.20,0.0347,true,1,16650
7290000040066,false,יוגורט דובדבן 3% שומן 150 ג' יופלה,תנובה בעמ,IL,יופלה דובדבן פראי 3%,מיליליטרים,150.00,"100 מ""ל",false,,5.20,0.0347,true,1,16651
7290000040301,false,"גבינת קולאז קממבר עין גדי 24%, 125 ג'",תנובה מרכז שיתופי לש,IL,תנובה גבינת קממבר עי,גרמים,125.00,100 גרם,false,,16.80,0.1344,true,1,16653
7290000040318,false,גבינת ברי 24% קולאז עדי תנובה 125 ג',תנובה מרכז שיתופי לש,IL,תנובה גבינת ברי 24%,גרמים,125.00,100 גרם,false,,18.50,0.1480,true,1,16654
7290000040462,false,גבינת טוסטי עמק אמריקאי אדם 23% 200 ג',תנובה מרכז שיתופי לש,IL,טוסטי טעם אדם 22% 20,גרמים,200.00,100 גרם,false,,17.90,0.0895,true,1,16655
7290000040974,false,חלב תנובה קרטון דל לקטוז 2% 1ל,תנובה מרכז שיתופי לש,IL,חלב תנובה קרטון דל ל,ארגז,1.00,ליטר,false,,7.10,7.1000,true,1,16656
7290000041858,false,"שמנת חמוצה 15% יטבתה 200 מ""ל מהדרין",שטראוס גרופ,IL,יטבתה שמנת חמוצה 15%,מיליליטרים,200.00,"100 מ""ל",false,,2.70,0.0135,true,1,15424
7290000041865,false,"לבן 4.5% יטבתה מהדרין 200מ""ל",מחלבת יטבתה,IL,יטבתה לבן 4.5% 200מל,מיליליטרים,200.00,"100 מ""ל",false,,2.50,0.0125,true,1,15425
7290000042015,false,חלב טרי 3% תנובה שקית 1ל' מהדרין,תנובה מרכז שיתופי לש,IL,חלב תנובה טרי שקית,אין,0.00,יחידה,false,,5.43,0.0000,true,1,16661
7290000042404,false,חלב יוטבתה מועשר 3% שקית 1ל',מחלבת יטבתה,IL,יטבתה חלב מועשר שקית,ארגז,1.00,ליטר,false,,6.20,6.2000,true,1,15426
7290000042435,false,חלב טרי 1% קרטון פקק 1ל' תנובה,תנובה מרכז שיתופי לש,IL,חלב תנובה בקרטון 1%,ארגז,1.00,ליטר,false,,5.86,5.8600,true,1,16666
7290000042640,false,"חלב תנובה עמיד 3% קרטון 250 מ""ל",תנובה מרכז שיתופי לש,IL,חלב תנובה עמיד 3% מה,מיליליטרים,250.00,"100 מ""ל",false,,2.90,0.0116,true,1,16671
7290000042855,false,יוטבתה שוקו שקית 225מל,שטראוס גרופ,IL,יטבתה שוקו שקית 225,מיליליטרים,225.00,"100 מ""ל",false,,2.90,0.0129,true,1,15428
7290000043012,false,"שוקו עמיד 2% בקרטון 250 מ""ל תנובה",תנובה מרכז שיתופי לש,IL,שוק שוקו עמיד 2% בקר,מיליליטרים,250.00,"100 מ""ל",false,,4.90,0.0196,true,1,16673
7290000043814,false,"שמנת מתוקה להקצפה 38% 250 מ""ל תנובה",תנובה מרכז שיתופי לש,IL,שף לבן שמנת לקצפת עמ,מיליליטרים,250.00,"100 מ""ל",false,,6.47,0.0259,true,1,16675
7290000043890,false,רויון בקרטון 1 ליטר,תנובה מרכז שיתופי לש,IL,ריויון 1.5% 1ל,ארגז,1.00,ליטר,false,,11.90,11.9000,true,1,16676
7290000043944,false,כד יוגורט תנובה 4% שומן 1.5 ליטר,מיוצר עי קונדיטוריית,IL,יוגורט כדים תנובה 1.,ארגז,1.50,ליטר,false,,17.30,11.5333,true,1,16677
7290000044712,false,יוגורט עם תות 1.5% שומן 500 ג' פרילי,מיוצר עי קונדיטוריית,IL,פרילי תות 1.5% 500מל,מיליליטרים,500.00,"100 מ""ל",false,,10.90,0.0218,true,1,16680
7290000044880,false,באדי יוגורט תות 3% שומן 500 ג' תנובה,מיוצר עי קונדיטוריית,IL,באדי תות 3% 500מל,מיליליטרים,500.00,"100 מ""ל",false,,9.50,0.0190,true,1,16682
7290000045573,false,גבינת מותכת משולשים 25% שומן 200 ג' נעמה,קריות זול,IL,נעמה גבינת מותכת 25%,גרמים,200.00,100 גרם,false,,14.90,0.0745,true,1,16684
7290000045580,false,"גבינת מותכת נעמה חורש 25%, 240 ג'",תנובה מרכז שיתופי לש,IL,נעמה גבינת מותכת 25%,גרמים,240.00,100 גרם,false,,17.90,0.0746,true,1,16685
7290000045917,false,תנובה גבינת פרומעז 23% גלילית 200ג,קריות זול,IL,תנובה גבינת פרומעז 2,גרמים,200.00,100 גרם,false,,24.90,0.1245,true,1,16687
7290000046020,false,"גבינה גלבוע בלוק ק""ג",תנובה מרכז שיתופי לש,,גלבוע 22% במשקל,קילוגרמים,1.00,"ק""ג",true,,42.58,42.5800,true,1,16599
7290000046327,false,"גבינת גלבוע פרוס 22%, 200 ג' תנובה",תנובה מרכז שיתופי לש,IL,גלבוע גבינה פרוסה 22,גרמים,200.00,100 גרם,false,,12.60,0.0630,true,1,16688
7290000046549,false,מוצרלה חריץ תנובה במ,תנובה מרכז שיתופי לש,,מוצרלה חריץ תנובה במ,קילוגרמים,1.00,"ק""ג",true,,75.00,75.0000,true,1,16601
7290000046563,false,גבע פרמזן תנובה במשק,תנובה מרכז שיתופי לש,,גבע פרמזן תנובה במשק,קילוגרמים,1.00,"ק""ג",true,,106.00,106.0000,true,1,16602
7290000046662,false,עמק דליקטס סקנדינבית,תנובה מרכז שיתופי לש,,סקנדינבית חריץ מעדני,קילוגרמים,1.00,"ק""ג",true,,76.00,76.0000,true,1,16603
7290000047027,false,גבינה גלעד קצקאבל27%,תנובה מרכז שיתופי לש,,קשקבל גלעד במשקל,קילוגרמים,1.00,"ק""ג",true,,119.00,119.0000,true,1,16604
7290000047485,false,בולגרית פיראוס 24% ב,תנובה מרכז שיתופי לש,,בולגרית פיראוס 24% ב,קילוגרמים,1.00,"ק""ג",true,,59.00,59.0000,true,1,16606
7290000047730,false,סלמון פילה מעושן מצו,,,סלמון פילה מעושן מצו,קילוגרמים,1.00,"ק""ג",true,,189.00,189.0000,true,1,11963
7290000047942,false,**תנובה גבינה לבנה מהדרין 9% 250ג,תנובה מרכז שיתופי לש,IL,תנובה גבינה לבנה 9%,גרמים,250.00,100 גרם,false,,5.00,0.0200,true,1,16691
7290000048185,false,גבינה לבנה 5% שומן 250 ג' תנובה,מיוצר עי קונדיטוריית,IL,גבינה לבנה רכה 5% תנ,גרמים,250.00,100 גרם,false,,4.98,0.0199,true,1,16692
7290000048192,false,גבינה לבנה 9% שומן 250 ג' תנובה,מחלבת אלון תבור,IL,גבינה לבנה רכה 9% בד,גרמים,250.00,100 גרם,false,,5.00,0.0200,true,1,16693
7290000048207,false,פילה הרינג בסגנון מט,,,פילה הרינג בסגנון מט,קילוגרמים,1.00,"ק""ג",true,,70.00,70.0000,true,1,12493
7290000048214,false,הרינג כבוש עם בצל שמ,,,הרינג כבוש עם בצל שמ,קילוגרמים,1.00,"ק""ג",true,,70.00,70.0000,true,1,12494
7290000048221,false,מקרל בשמן שמיר מעדני,,,מקרל בשמן שמיר מעדני,קילוגרמים,1.00,"ק""ג",true,,139.00,139.0000,true,1,12495
7290000048269,false,מעדן מטיאס הולנד שמי,,,מעדן מטיאס הולנד שמי,קילוגרמים,1.00,"ק""ג",true,,70.00,70.0000,true,1,12496
7290000048306,false,מקרל מעושן שלם שמיר,,,מקרל מעושן שלם שמיר,קילוגרמים,1.00,"ק""ג",true,,98.00,98.0000,true,1,12499
7290000048307,false,קוטג' 5% וזיתים ירוקים 250ג' תנובה,מיוצר עי קונדיטוריית,IL,קוטג תנובה עם זיתים,גרמים,250.00,100 גרם,false,,5.70,0.0228,true,1,16694
7290000048413,false,גבינה חמד %16 שקית 250 ג' פיראוס,תנובה מרכז שיתופי לש,IL,פיראוס חמד 16% 250ג,גרמים,250.00,100 גרם,false,,18.90,0.0756,true,1,16695
7290000048437,false,גבינה צפתית 5% 200 ג' פיראוס,פארייפאבה אגרואינדוס,IL,פיראוס צפתית 5% 200,גרמים,200.00,100 גרם,false,,14.90,0.0745,true,1,16696
7290000049458,false,גבינת פטה עיזים 16% גביע פיראוס 250 ג',תנובה מרכז שיתופי לש,IL,פיראוס בולגרית עיזים,גרמים,250.00,100 גרם,false,,27.90,0.1116,true,1,16699
7290000050447,false,יוגורט תות 500 ג' יופלה,מיוצר עי קונדיטוריית,IL,יופלהYYY תות 3% 500מ,מיליליטרים,500.00,"100 מ""ל",false,,12.20,0.0244,true,1,16701
7290000050454,false,יוגורט אפרסק 500 ג' יופלה,מיוצר עי קונדיטוריית,IL,יופלהYYY אפרסק 3% 50,מיליליטרים,500.00,"100 מ""ל",false,,12.20,0.0244,true,1,16702
7290000051307,false,מארז הפסקת אוכל עם דגני עוגי ומשקה חלב עמיד בטעם וניל,תנובה מרכז שיתופי לש,IL,חלב תנובה הפ.אוכל עו,מיליליטרים,150.00,"100 מ""ל",false,,9.90,0.0660,true,1,16704
7290000051349,false,חלבה,,,חלבה,קילוגרמים,1.00,"ק""ג",true,,41.00,41.0000,true,1,20451
7290000051352,false,חלב מלא בטעם של פעם 3.4% תנובה קרטון 1 ל',תנובה מרכז שיתופי לש,IL,חלב תנובה של פעם בקר,ארגז,1.00,ליטר,false,,7.50,7.5000,true,1,16705
7290000051376,false,יופלה דיאט אננס גביע 150 ג',תנובה מרכז שיתופי לש,IL,יופלה דיאט אננס ספור,מיליליטרים,150.00,"100 מ""ל",false,,5.10,0.0340,true,1,16706
7290000051431,false,פירות אקזוטיים,,,פירות אקזוטיים,קילוגרמים,1.00,"ק""ג",true,,92.00,92.0000,true,1,20452
7290000052311,false,גבינה צהובה לייט 15% 200 ג' עמק,תנובה מרכז שיתופי לש,IL,עמק מהדרין 15% 200 ג,גרמים,200.00,100 גרם,false,,15.90,0.0795,true,1,16712
7290000052717,false,קוטג' 5%עם שום שמיר 250 ג' תנובה,מיוצר עי קונדיטוריית,IL,קוטג תנובה עם שום שמ,גרמים,250.00,100 גרם,false,,5.70,0.0228,true,1,16714
7290000053219,false,טל העמק 32% במשקל,תנובה מרכז שיתופי לש,,טל העמק 32% במשקל,קילוגרמים,1.00,"ק""ג",true,,61.00,61.0000,true,1,16608
7290000055015,false,גבינת פיראוס פטה כבשים 5% 250 ג' פיראוס,תנובה מרכז שיתופי לש,IL,פיראוס גבינת פטה כבש,גרמים,250.00,100 גרם,false,,26.90,0.1076,true,1,16718
7290000055206,false,גבינה לבנה 5% בטעם בצל מטוגן 250 ג' תנובה,תנובה מרכז שיתופי לש,IL,תנובה גבינה לבנה בטע,גרמים,250.00,100 גרם,false,,5.90,0.0236,true,1,16719
7290000055329,false,יופלה משקה יוגורט תות מלון 1.5% 250מל.,תנובה מרכז שיתופי לש,IL,יופלה משקה יוגורט תו,מיליליטרים,250.00,"100 מ""ל",false,,5.50,0.0220,true,1,16720
7290000055336,false,יופלה משקה יוגורט בננה אפרסק 1.5% 250מל,תנובה מרכז שיתופי לש,IL,יופלה משקה יוגורט בנ,מיליליטרים,250.00,"100 מ""ל",false,,5.50,0.0220,true,1,16721
7290000055343,false,יופלה משקה יוגורט טרופי 1.5% 250מל,תנובה מרכז שיתופי לש,IL,יופלה משקה יוגורט טר,מיליליטרים,250.00,"100 מ""ל",false,,5.50,0.0220,true,1,16722
7290000055350,false,גבינה צהובה חריץ עמק,תנובה מרכז שיתופי לש,,עמק קלאסית 28% במשקל,קילוגרמים,1.00,"ק""ג",true,,44.79,44.7900,true,1,16609
7290000055893,false,חמאה משמנת מפוסטרת 200ג' כ.מהדרין,תנובה מרכז שיתופי לש,IL,חמאה מהדרין תנובה 20,גרמים,200.00,100 גרם,false,,8.20,0.0410,true,1,16725
7290000056000,false,קדמי כבש טרי,,,קדמי כבש טרי,קילוגרמים,1.00,"ק""ג",true,,109.90,109.9000,true,1,4516
7290000056002,false,שקדים עגל טרי,,,שקדים עגל טרי,קילוגרמים,1.00,"ק""ג",true,,119.90,119.9000,true,1,4517
7290000056081,false,מאגדת פרילי טבע 6 יח' * 200 ג',מיוצר עי קונדיטוריית,IL,"פרילי טבע 6*200 מ""ל",אלף,1.20,"ק""ג",false,,22.80,19.0000,true,1,16727
7290000056272,false,גבינה לבנה 5% עם זיתים ירוקים 250 ג' תנובה,תנובה מרכז שיתופי לש,IL,תנובה גבינה לבנה עם,גרמים,250.00,100 גרם,false,,5.90,0.0236,true,1,16728
7290000056845,false,חלב טרי 3% הומוגני קרטון 1.5 ל' תנובה,פארייפאבה אגרואינדוס,IL,חלב תנובה בקרטון 3%,ארגז,1.50,ליטר,false,,9.34,6.2267,true,1,16732
7290000056883,false,יופלה מאגדת פרי 3% 8 יח' * 150 ג',תנובה מרכז שיתופי לש,IL,יופלה טעמים משתנים 3,אלף,1.20,"ק""ג",false,,31.90,26.5833,true,1,16733
7290000056890,false,דיאט יופלה שמינייה טעמים שונים,מיוצר עי קונדיטוריית,IL,יופלה דיאט טעמים שונ,אלף,1.20,"ק""ג",false,,31.90,26.5833,true,1,16734
7290000056906,false,מאגדת לבן טבעי 1.5% שומן 8 יח' * 150 ג' יופלה,מחלבת אלון תבור,IL,יופלה לבן 1.5% 8*150,ארגז,1.20,ליטר,false,,18.50,15.4167,true,1,16735
7290000056951,false,"שמנת לבישול 15% שומן 500 מ""ל תנובה",תנובה מרכז שיתופי לש,IL,שף לבן שמנת לבישול +,מיליליטרים,500.00,"100 מ""ל",false,,16.60,0.0332,true,1,16736
7290000057088,false,גבינת דק דק 28% 200 ג' עמק,תנובה מרכז שיתופי לש,IL,עמק דק דק 28% 200גר,גרמים,200.00,100 גרם,false,,15.90,0.0795,true,1,16738
7290000057118,false,עמק סמי מעדנייה כשרות מהדרין,תנובה מרכז שיתופי לש,IL,עמק סמי 28% 400 גר,גרמים,400.00,100 גרם,false,,21.90,0.0547,true,1,16739
7290000057132,false,יוגורט טבעי 1.5% שומן 200 ג' תנובה,מחלבת אלון תבור,IL,תנובה יוגורט טבעי 1.,מיליליטרים,200.00,"100 מ""ל",false,,3.50,0.0175,true,1,16740
7290000057149,false,יוגורט טבעי 3% שומן 200 ג' תנובה,מיוצר עי קונדיטוריית,IL,תנובה יוגורט טבעי 3%,גרמים,200.00,100 גרם,false,,3.50,0.0175,true,1,16741
7290000057453,false,עמק בדץ 28% במשקל,,,עמק בדץ 28% במשקל,קילוגרמים,1.00,"ק""ג",true,,42.70,42.7000,true,1,16611
7290000057552,false,יופלה דיאט עוגת גבינה ותות 0% גביע 150ג',תנובה בעמ,IL,יופלה דיאט ע.גבינה ו,מיליליטרים,150.00,"100 מ""ל",false,,5.10,0.0340,true,1,16743
7290000058003,false,צלעות עגל חלק טרי,,,צלעות עגל חלק טרי,קילוגרמים,1.00,"ק""ג",true,,79.90,79.9000,true,1,4522
7290000058004,false,סטייק ע.ע עגל חלק טר,,,סטייק ע.ע עגל חלק טר,קילוגרמים,1.00,"ק""ג",true,,109.90,109.9000,true,1,4523
7290000058006,false,אסדו על עצם עגל חלק,,,אסדו על עצם עגל חלק,קילוגרמים,1.00,"ק""ג",true,,64.90,64.9000,true,1,4525
7290000058007,false,צלי כתף עגל חלק טרי,,,צלי כתף עגל חלק טרי,קילוגרמים,1.00,"ק""ג",true,,89.90,89.9000,true,1,4526
7290000058008,false,שריר עגל חלק טרי,,,שריר עגל חלק טרי,קילוגרמים,1.00,"ק""ג",true,,69.90,69.9000,true,1,4527
7290000058010,false,פילה מדומה עגל חלק ט,,,פילה מדומה עגל חלק ט,קילוגרמים,1.00,"ק""ג",true,,74.90,74.9000,true,1,4529
7290000058012,false,סרעפת עגל טרי.,,,סרעפת עגל טרי.,קילוגרמים,1.00,"ק""ג",true,,99.90,99.9000,true,1,4531
7290000058014,false,לשון עגל טרי,,,לשון עגל טרי,קילוגרמים,1.00,"ק""ג",true,,59.90,59.9000,true,1,4533
7290000058015,false,זנב עגל טרי,,,זנב עגל טרי,קילוגרמים,1.00,"ק""ג",true,,69.90,69.9000,true,1,4534
7290000058018,false,כבד עגל טרי לצליה בל,,,כבד עגל טרי לצליה בל,קילוגרמים,1.00,"ק""ג",true,,34.90,34.9000,true,1,4535
7290000058022,false,אוסובוקו עגל חלק טרי,,,אוסובוקו עגל חלק טרי,קילוגרמים,1.00,"ק""ג",true,,69.90,69.9000,true,1,4537
7290000058027,false,בשר ראש עגל טרי,,,בשר ראש עגל טרי,קילוגרמים,1.00,"ק""ג",true,,59.90,59.9000,true,1,4539
7290000058030,false,"יופלה שטוזים משקה יוגורט תות 8 יח' * 100 מ""ל",מיוצר עי קונדיטוריית,IL,יופלה שטוזים משקה יו,מיליליטרים,800.00,"100 מ""ל",false,,21.90,0.0274,true,1,16745
7290000058033,false,צוואר ע.ע עגל חלק ט,,,צוואר ע.ע עגל חלק ט,קילוגרמים,1.00,"ק""ג",true,,49.90,49.9000,true,1,4541
7290000058047,false,**שף לבן שמנת מתוקה מהדרין 38% פקק 500מ,תנובה מרכז שיתופי לש,IL,שף לבן שמנת מתוקה מה,מיליליטרים,500.00,"100 מ""ל",false,,12.94,0.0259,true,1,16746
7290000059501,false,כתף כבש טרי,,,כתף כבש טרי,קילוגרמים,1.00,"ק""ג",true,,109.90,109.9000,true,1,4548
7290000059502,false,צואר כבש טרי,,,צואר כבש טרי,קילוגרמים,1.00,"ק""ג",true,,69.90,69.9000,true,1,4549
7290000059503,false,אסדו כבש טרי,,,אסדו כבש טרי,קילוגרמים,1.00,"ק""ג",true,,69.90,69.9000,true,1,4550
7290000059504,false,צלעות כבש טרי,,,צלעות כבש טרי,קילוגרמים,1.00,"ק""ג",true,,159.90,159.9000,true,1,4551
7290000060071,false,אוסם - חטיפי פריכונים מאורז מלא קלוי 80גר,"מיוצר ע""י PT, משווק",IL,חטיפי פריכונים מאורז,גרמים,80.00,100 גרם,false,,7.90,0.0988,true,1,12884
7290000060088,false,בייגלה אסם מקלות מלוחים 400 גרם,מיוצר עי קונדיטוריית,IL,בייגלה אסם מקלות מלו,גרמים,400.00,100 גרם,false,,9.90,0.0248,true,1,231
7290000060163,false,פסטה אסם אטריות דקות 400גר,"אסם השקעות בע""מ",IL,אטריות דקות אסם 400,גרמים,400.00,100 גרם,false,,6.90,0.0173,true,1,12886
7290000060200,false,פסטה אסם פתיתים אפויים קוסקוס 500גר,"אסם השקעות בע""מ",IL,פתיתים אפויים קוסקוס,גרמים,500.00,100 גרם,false,,6.90,0.0138,true,1,12887
7290000060217,false,פסטה אסם מקרוני 7 500 גר,קריות זול,IT,פסטה מקרוני אסם 500,גרמים,500.00,100 גרם,false,,5.90,0.0118,true,1,12888
7290000060248,false,פסטה אסם פתיתים תלתלים 500גר,קריות זול,IT,פסטה תלתלים אסם 500,גרמים,500.00,100 גרם,false,,5.90,0.0118,true,1,12889
7290000060316,false,פסטה פרפקטו ספגטי 500ג' אסם,קריות זול,IT,פסטה ספגטי פרפקטו 50,גרמים,500.00,100 גרם,false,,6.50,0.0130,true,1,12890
7290000060330,false,פרפקטו פרפקטו ספיראלי גירף 500 גר,קריות זול,IT,פסטה ספירלי פרפקטו 5,גרמים,500.00,100 גרם,false,,6.50,0.0130,true,1,12892
7290000060408,false,פסטה אסם פתיתים אפויים טבעות 500 גר,"אסם השקעות בע""מ",IL,פתיתים אפויים טבעות,גרמים,500.00,100 גרם,false,,6.90,0.0138,true,1,12893
7290000060415,false,פסטה פרפקטו לזאניה אסם 500ג',קריות זול,IT,לזאניה פרפקטו 500 ג,גרמים,500.00,100 גרם,false,,9.90,0.0198,true,1,12894
7290000060576,false,פסטה אסם פתיתים אפוי כוכב 500גר,"אסם השקעות בע""מ",IL,פתיתים אפויים כוכבים,גרמים,500.00,100 גרם,false,,6.90,0.0138,true,1,12897
7290000060781,false,פסטה אסם פתיתים מסולסלים 500גר,קריות זול,IT,פסטה מסולסלים אסם 50,גרמים,500.00,100 גרם,false,,5.90,0.0118,true,1,12898
7290000060842,false,פסטה אסם פתיתים צדפים גדולים 500גר,קריות זול,IT,פסטה צדפים גדולים אס,גרמים,500.00,100 גרם,false,,5.90,0.0118,true,1,12900
7290000060880,false,פסטה מס' 8 ספגטי אסם 500ג',קריות זול,IT,ספגטי אסם 500 גרם,גרמים,500.00,100 גרם,false,,5.90,0.0118,true,1,12902
7290000060903,false,פסטה אסם פתיתים אפויים אורז 500גר,"אסם השקעות בע""מ",IL,פתיתים אפויים אורז א,גרמים,500.00,100 גרם,false,,6.90,0.0138,true,1,12903
7290000060958,false,פסטה אסם אטריות בינוניות 400 גרם,"אסם השקעות בע""מ",IL,אטריות בינוניות אסם,גרמים,400.00,100 גרם,false,,6.90,0.0173,true,1,12905
7290000060965,false,פסטה אסם אטריות רחבות 400גר,"אסם השקעות בע""מ",IL,אטריות רחבות אסם 400,גרמים,400.00,100 גרם,false,,6.90,0.0173,true,1,12906
7290000061025,false,בולגרית המושבה 5% במ,,,בולגרית המושבה 5% במ,קילוגרמים,1.00,"ק""ג",true,,50.00,50.0000,true,1,11159
7290000061056,false,צפתית פרח המושבה 5%,,,צפתית פרח המושבה 5%,קילוגרמים,1.00,"ק""ג",true,,48.00,48.0000,true,1,11160
7290000061063,false,קש המושבה 9% במשקל,,,קש המושבה 9% במשקל,קילוגרמים,1.00,"ק""ג",true,,54.00,54.0000,true,1,11161
7290000061070,false,צפתית קשה המושבה במש,,,צפתית קשה המושבה במש,קילוגרמים,1.00,"ק""ג",true,,75.00,75.0000,true,1,11162
7290000061085,false,"רוטב צ'ילי מתוק אסם 290מ""ל",אסם תעשיות,IL,אסם רוטב צ'ילי מתוק,מיליליטרים,290.00,"100 מ""ל",false,,8.90,0.0307,true,1,12909
7290000061108,false,"רוטב טריאקי 290 מ""ל אסם","אסם השקעות בע""מ",IL,רוטב טריאקי אסם 290,מיליליטרים,290.00,"100 מ""ל",false,,8.90,0.0307,true,1,12910
7290000061214,false,פתיתים אפויים קוסקוס עם בצל אסם 500 גר',"אסם השקעות בע""מ",IL,פתיתים קוסקוס בצל אס,גרמים,500.00,100 גרם,false,,6.90,0.0138,true,1,12911
7290000061245,false,עוגיות שוקוצ'יפס ממולאו שוקו' אסם 220ג',מיוצר עי קונדיטוריית,IL,אסם עוגיות שוקוצ'יפס,גרמים,220.00,100 גרם,false,,9.90,0.0450,true,1,1076
7290000061278,false,גבינת שמנת טבעית המו,,,גבינת שמנת טבעית המו,קילוגרמים,1.00,"ק""ג",true,,42.00,42.0000,true,1,11164
7290000061285,false,טבורג המושבה 10% במש,,,טבורג המושבה 10% במש,קילוגרמים,1.00,"ק""ג",true,,37.00,37.0000,true,1,11165
7290000061315,false,לאבנה טבעי המושבה 5%,,,לאבנה טבעי המושבה 5%,קילוגרמים,1.00,"ק""ג",true,,40.00,40.0000,true,1,11166
7290000061450,false,פתיתים אפויים קוסקוס צבעוני אסם 500 גר',"אסם השקעות בע""מ",IL,פתיתים קוסקוס 3 צבעי,גרמים,500.00,100 גרם,false,,6.90,0.0138,true,1,12913
7290000061520,false,גבינת שמנת בטעמים המ,,,גבינת שמנת בטעמים המ,קילוגרמים,1.00,"ק""ג",true,,34.00,34.0000,true,1,11171
7290000061764,false,נסקפה רד מאג טעם חדש 200ג',נסטלה ספרד קפה,ES,נס קפה רד מאג טעם חד,גרמים,200.00,100 גרם,false,,18.90,0.0945,true,1,12914
7290000062952,false,אוסם - מיני קרוטונים למרק ולסלט 250 גרם,עינת תעשיות מזון,IL,מיני קרוטונים למרק ו,גרמים,250.00,100 גרם,false,,13.90,0.0556,true,1,12917
7290000063102,false,קמח עוגה אסם תופח מאליו 350ג',"אסם השקעות בע""מ",IL,קמח תופח קטן אסם 350,גרמים,350.00,100 גרם,false,,4.90,0.0140,true,1,12919
7290000063133,false,אסם שקדי מרק רכיבים טבעיים 24*100גרם,"אסם השקעות בע""מ",IL,שקדי מרק רכיבים טבעי,גרמים,100.00,100 גרם,false,,5.90,0.0590,true,1,12920
7290000063140,false,שקדי מרק רכיבים טבעיים בשקית 400 ג' אסם,"אסם השקעות בע""מ",IL,שקדי מרק רכיבים טבעי,גרמים,400.00,100 גרם,false,,10.90,0.0273,true,1,12921
7290000063157,false,"קמח תופח מאליו אסם 1 ק""ג","אסם השקעות בע""מ",IL,קמח עוגה תופח מאליו,אלף,1.00,"ק""ג",false,,7.90,7.9000,true,1,12922
7290000064758,false,קוסקוס בינוני אמיתי אסם 350 ג',"מיוצר ע""י קוד יצרן K",IL,קוסקוס אמיתי אסם 350,גרמים,350.00,100 גרם,false,,7.90,0.0226,true,1,12925
7290000064871,false,"אוסם - מנה חמה פירה תפו""א עם בצל 56 גרם","אסם השקעות בע""מ",IL,"מנה חמה פירה תפו""א ו",גרמים,56.00,100 גרם,false,,5.90,0.1054,true,1,12926
7290000065090,false,מיני קרוטונים למרק ולסלט 400 ג' אסם,עינת תעשיות מזון,IL,מיני קרוטונים למרק ו,גרמים,400.00,100 גרם,false,,20.90,0.0522,true,1,12927
7290000065148,false,פילה סלמון 0.9-1.4 ב,,,פילה סלמון 0.9-1.4 ב,קילוגרמים,1.00,"ק""ג",true,,69.90,69.9000,true,1,82999
7290000065335,false,אוסם - מנה חמה פירה עם ירקות 55 גרם,"אסם השקעות בע""מ",IL,מנה חמה פירה וירקות,גרמים,55.00,100 גרם,false,,5.90,0.1073,true,1,12928
7290000065540,false,אוסם - מנה חמה פסטה מוקרמת בטעם עוף 55 גרם,"אסם השקעות בע""מ",IL,מנה חמה פסטה מוקרמת,גרמים,55.00,100 גרם,false,,5.90,0.1073,true,1,12929
7290000065557,false,אוסם - מנה חמה קוסקוס עם ירקות 84 גרם,"אסם תעשיות מזון בע""מ",IL,מנה חמה קוסקוס וירקו,גרמים,84.00,100 גרם,false,,5.90,0.0702,true,1,12930
7290000065977,false,חטיפי פריכונים תירס שומשום 80 ג' אוסם,"מיוצר ע""י פרח, משווק",IL,חטיפי פריכונים תירס,גרמים,80.00,100 גרם,false,,7.90,0.0988,true,1,12934
7290000066134,false,ביסלי בטעם פלאפל אסם,"אסם השקעות בע""מ",IL,ביסלי פלאפל 70גרם,גרמים,70.00,100 גרם,false,,3.90,0.0557,true,1,12935
7290000066141,false,ביסלי בטעם גריל אסם,"אסם השקעות בע""מ",IL,ביסלי גריל 70 גר'.,גרמים,70.00,100 גרם,false,,3.90,0.0557,true,1,12936
7290000066172,false,ביסלי בטעם פיצה אסם,"אסם השקעות בע""מ",IL,ביסלי פיצה 70גרם,גרמים,70.00,100 גרם,false,,3.90,0.0557,true,1,12939
7290000066196,false,ביסלי גדול בטעם גריל 200 ג' אסם,מיוצר עי קונדיטוריית,IL,ביסלי גריל 200גרם,גרמים,200.00,100 גרם,false,,6.50,0.0325,true,1,12941
7290000066226,false,ביסלי בטעם פיצה 200 ג' אסם,מיוצר עי קונדיטוריית,IL,ביסלי טעם פיצה 200גר,גרמים,200.00,100 גרם,false,,6.50,0.0325,true,1,12944
7290000066264,false,אוסם - חטיף דובונים 40 גרם,"אסם השקעות בע""מ",IL,דובונים 40גרם,גרמים,40.00,100 גרם,false,,4.50,0.1125,true,1,12945
7290000066295,false,אסם במבה תות מחומרים טבעיים 30גר,מיוצר עי קונדיטוריית,IL,במבה מתוקה מחומרים ט,גרמים,30.00,100 גרם,false,,2.90,0.0967,true,1,12946
7290000066318,false,במבה קלאסי 80 גרם,"אסם השקעות בע""מ",IL,במבה קלאסי 80 גרם,גרמים,80.00,100 גרם,false,,4.50,0.0563,true,1,1029
7290000066332,false,אפרופו חטיף אסם 50ג',מיוצר עי קונדיטוריית,IL,אפרופו 50 גרם,גרמים,50.00,100 גרם,false,,5.00,0.1000,true,1,12948
7290000066431,false,פופקו חטיף תירס בטעם חמאה ודבש 80 גרם,מיוצר עי קונדיטוריית,IL,פופקו חמאה ודבש 80גר,גרמים,80.00,100 גרם,false,,4.90,0.0613,true,1,12949
7290000067407,false,פירורית מתובל שקית 200גר,עינת תעשיות מזון,IL,פירורית מתובל שקית 2,גרמים,200.00,100 גרם,false,,6.50,0.0325,true,1,1094
7290000067544,false,פירורית זהב שקית 200גר,עינת תעשיות מזון,IL,אסם פירורית פירורי ל,גרמים,200.00,100 גרם,false,,6.50,0.0325,true,1,1095
7290000067599,false,אוסם - מנה חמה ספגטי רוטב בולנז 65 גרם,"אסם השקעות בע""מ",IL,מנה חמה ספגטי בולונז,גרמים,65.00,100 גרם,false,,5.90,0.0908,true,1,12957
7290000068138,false,אסם פודינג אינסטנט וניל 80 גרם,מיוצר עי קונדיטוריית,IL,אסם פודינג אינסטנט ו,גרמים,80.00,100 גרם,false,,5.90,0.0738,true,1,1032
7290000068190,false,ג'לי תות שדה צבע טבעי 85 ג',מיוצר עי קונדיטוריית,IL,אסם ג'לי תות שדה צבע,גרמים,90.00,100 גרם,false,,5.90,0.0656,true,1,12961
7290000068237,false,ג'לי פטל צבע טבעי 85ג' אסם,מיוצר עי קונדיטוריית,IL,אסם ג'לי פטל צבעים ט,גרמים,85.00,100 גרם,false,,5.90,0.0694,true,1,12963
7290000068343,false,אוסם - פירכונים מאורז מלא 140 גרם,"מיוצר ע""י PT, משווק",IL,פריכונים מאורז מלא א,גרמים,140.00,100 גרם,false,,6.90,0.0493,true,1,12967
7290000068394,false,קממבר בקר גלגל גד 25,,,קממבר בקר גלגל גד 25,קילוגרמים,1.00,"ק""ג",true,,104.00,104.0000,true,1,11062
7290000068701,false,שקדי מרק רכיבים טבע.מיכל 400ג' אסם,"אסם השקעות בע""מ",IL,שקדי מרק במיכל אסם 4,גרמים,400.00,100 גרם,false,,14.90,0.0373,true,1,12968
7290000068770,false,במבה יום הולדת אסם 8,"אסם השקעות בע""מ",IL,במבה יום הולדת 80גרם,גרמים,80.00,100 גרם,false,,4.50,0.0563,true,1,1034
7290000068787,false,במבה יום הולדת 25גרם,מיוצר עי קונדיטוריית,IL,במבה יום הולדת 25גרם,גרמים,25.00,100 גרם,false,,2.50,0.1000,true,1,12969
7290000069258,false,פסטה פרפקטו פנה ריגאטה 500ג' אסם,קריות זול,IT,פנה ריגאטה פרפקטו 50,גרמים,500.00,100 גרם,false,,6.50,0.0130,true,1,12971
7290000069364,false,פריכונים עגולים אורז דל נתרן אסם 140 גרם,"מיוצר ע""י PT, משווק",IL,פריכונים מאורז מלא ל,גרמים,140.00,100 גרם,false,,6.90,0.0493,true,1,12972
7290000069583,false,סטייק סלמון דלי דג א,,,סטייק סלמון דלי דג א,קילוגרמים,1.00,"ק""ג",true,,69.90,69.9000,true,1,11967
7290000069715,false,אוסם - חטיפי קרקר מלוח 300 גרם,אסם,,אסם חטיפי קרקר מלוח,גרמים,300.00,100 גרם,false,,10.90,0.0363,true,1,1036
7290000070308,false,אבקת מרק עוף אמיתי במיכל 400 גרם,"אסם השקעות בע""מ",IL,מרק עוף אמיתי אסם 40,גרמים,400.00,100 גרם,false,,16.90,0.0422,true,1,12975
7290000070322,false,אבקת מרק פטריות רכיבים טבעיים אוסם 400 ג',"אסם השקעות בע""מ",IL,אבקת מרק פטריות רכיב,גרמים,400.00,100 גרם,false,,19.90,0.0497,true,1,12976
7290000070353,false,אבקת מרק בצל רכיבים טבעיים 400 ג' אסם,"אסם השקעות בע""מ",IL,אבקת מרק בצל רכיבים,גרמים,400.00,100 גרם,false,,19.90,0.0497,true,1,12977
7290000072241,false,אסם רוטב לפיצה בקבוק,"אסם השקעות בע""מ",IL,אסם רוטב פיצה 290מל,מיליליטרים,290.00,"100 מ""ל",false,,8.90,0.0307,true,1,12988
7290000072623,false,אסם קטשופ בקבוק לחיץ,"אסם השקעות בע""מ",IL,אסם קטשופ בקבוק לחיץ,גרמים,750.00,100 גרם,false,,10.90,0.0145,true,1,1237
7290000072630,false,קטשופ חריף אוסם 750 ג',"אסם השקעות בע""מ",IL,אסם קטשופ חריף 750 ג,גרמים,750.00,100 גרם,false,,11.90,0.0159,true,1,991
7290000072753,false,קפה טייסטר צ'ויס קפה מגורען 200ג',נסטלה קוריאה - קפה,IL,נס קפה טייסטרס צ'ויס,גרמים,200.00,100 גרם,false,,29.90,0.1495,true,1,12989
7290000072760,false,קפה נמס טייסטרס צ'ויס 100ג',נסטלה קוריאה - קפה,KR,טייסטרס צ'וייס 100גר,גרמים,100.00,100 גרם,false,,27.90,0.2790,true,1,12990
7290000072777,false,קפה טייסטר צ'ויס מגור' נ.קפאין 200ג',נסטלה קוריאה - קפה,IL,טייסטרס צוייס נטול ק,גרמים,200.00,100 גרם,false,,36.90,0.1845,true,1,12991
7290000072784,false,קפה טייסטר צויס נטול קופאין 100 גר',לוטה נסטלה קוריאה,KR,טייסטרס צוייס נטול ק,גרמים,100.00,100 גרם,false,,29.90,0.2990,true,1,12992
7290000072968,false,דגני בוקר סיני מיניס נסטלה 500 ג',נסטלה פולין דגני בוק,PL,סיני מיניס דגני נסטל,גרמים,500.00,100 גרם,false,,24.90,0.0498,true,1,12993
7290000073125,false,אוסם - מנה חמה פסטה עם עגבניות 62 גרם,"אסם השקעות בע""מ",IL,מנה חמה פסטה עם עגבנ,גרמים,62.00,100 גרם,false,,5.90,0.0952,true,1,12994
7290000073330,false,קשיו ענק קלוי,,,קשיו ענק קלוי,קילוגרמים,1.00,"ק""ג",true,,92.00,92.0000,true,1,20458
7290000073415,false,אוסם - מנה חמה פסטה ברוטב פיצה 61 גרם,"אסם השקעות בע""מ",IL,מנה חמה פסטה ברוטב פ,גרמים,61.00,100 גרם,false,,5.90,0.0967,true,1,12995
7290000073699,false,סלט חומוס צבר 150 גר,סלטי צבר,IL,צבר חומוס חלק 150ג,גרמים,150.00,100 גרם,false,,5.50,0.0367,true,1,13597
7290000073750,false,אוסם - מנה חמה נודלס בטעם עוף 70 גרם,טאי רזידנט,CN,מנה חמה נודלס בטעם ע,גרמים,70.00,100 גרם,false,,5.90,0.0843,true,1,12996
7290000073767,false,אוסם - מנה חמה נודלס בטעם בקר 70 גרם,טאי רזידנט,CN,מנה חמה נודלס בטעם ב,גרמים,70.00,100 גרם,false,,5.90,0.0843,true,1,12997
7290000073774,false,אוסם - מנה חמה נודלס בטעם פיקנטי 70 גרם,טאי רזידנט,CN,מנה חמה נודלס בטעם פ,גרמים,70.00,100 גרם,false,,5.90,0.0843,true,1,12998
7290000074153,false,ביסקוויט פתיבר שוקו,מיוצר עי קונדיטוריית,IL,אסם פתי בר שוקו 500ג,גרמים,500.00,100 גרם,false,,13.90,0.0278,true,1,12999
7290000074184,false,אוסם - פתי בר בינוני 500 גרם,"אסם השקעות בע""מ",IL,אסם פתי בר 500גרם.,גרמים,500.00,100 גרם,false,,10.90,0.0218,true,1,13000
7290000074245,false,אוסם - קרם קרקר אסם 250 גרם,"אסם השקעות בע""מ",IL,אסם קרם קרקר 250גרם,גרמים,250.00,100 גרם,false,,8.90,0.0356,true,1,13001
7290000074252,false,קרקר אסם שומשום 250 גרם,"אסם השקעות בע""מ",IL,אסם קרקר שומשום 250ג,גרמים,250.00,100 גרם,false,,7.90,0.0316,true,1,13002
7290000074276,false,קרקר פיקנטי טבעון 250 ג' אסם,"אסם השקעות בע""מ",IL,טבעון קרקר פיקנטי 25,גרמים,250.00,100 גרם,false,,9.90,0.0396,true,1,13003
7290000074375,false,אוסם - קרקר זהב 150 גרם,"אסם השקעות בע""מ",IL,אסם קרקר זהב 150גרם,גרמים,150.00,100 גרם,false,,7.50,0.0500,true,1,13005
7290000074481,false,לחמית אגוזים אסם 160 ג',"אסם השקעות בע""מ",IL,לחמית אגוזים 160גרם,גרמים,160.00,100 גרם,false,,9.90,0.0619,true,1,13006
7290000074696,false,"קרם קרקר 1 ק""ג אוסם","אסם השקעות בע""מ",IL,אסם קרם קרקר 1קג,אלף,1.00,"ק""ג",false,,19.90,19.9000,true,1,13008
7290000074764,false,קרקר זהב אסם 900 גרם,אסם תעשיות,IL,קרקר זהב אסם 900 גרם,גרמים,900.00,100 גרם,false,,19.90,0.0221,true,1,13011
7290000075204,false,אוסם - לחמית חיטה מלאה 250 גרם,"אסם השקעות בע""מ",IL,לחמית חיטה מלאה 250ג,גרמים,250.00,100 גרם,false,,7.90,0.0316,true,1,13014
7290000075693,false,עוגת הבית שמרים בריוש שוקולד 360ג',מיוצר עי קונדיטוריית,IL,עוגת שמרים בריוש שוק,גרמים,360.00,100 גרם,false,,14.90,0.0414,true,1,13015
7290000075761,false,עוגיות קוקיס מיסטר ש,,,גרעין אבטיח קלוי,קילוגרמים,1.00,"ק""ג",true,,61.00,61.0000,true,1,20460
7290000076133,false,בייגלה שמיניות קטנות 400 גרם אסם,"אסם השקעות בע""מ",IL,בייגלה אסם שמיניות ק,גרמים,400.00,100 גרם,false,,9.90,0.0248,true,1,232
7290000076188,false,תבלינים קבוצה 4,,,תבלינים קבוצה 4,קילוגרמים,1.00,"ק""ג",true,,103.00,103.0000,true,1,20461
7290000076478,false,דלעת מקולפת טבעי,,,דלעת מקולפת טבעי,קילוגרמים,1.00,"ק""ג",true,,60.00,60.0000,true,1,20462
7290000076508,false,צימוק חום,,,צימוק חום,קילוגרמים,1.00,"ק""ג",true,,29.00,29.0000,true,1,20464
7290000076546,false,שקד ספרדי קלוי,,,שקד ספרדי קלוי,קילוגרמים,1.00,"ק""ג",true,,98.00,98.0000,true,1,20465
7290000076553,false,צנובר,,,צנובר,קילוגרמים,1.00,"ק""ג",true,,205.00,205.0000,true,1,20466
7290000076645,false,אוסם - טוסטעים חיטה מלאה 100 גרם,ון דר מולן האלום,NL,טוסטעים חיטה מלאה אס,גרמים,100.00,100 גרם,false,,9.90,0.0990,true,1,13017
7290000076744,false,בונדוק קלוי,,,בונדוק קלוי,קילוגרמים,1.00,"ק""ג",true,,130.00,130.0000,true,1,20470
7290000076867,false,שקד מלובן,,,שקד מלובן,קילוגרמים,1.00,"ק""ג",true,,120.00,120.0000,true,1,20472
7290000076881,false,פקאן סיני,,,פקאן סיני,קילוגרמים,1.00,"ק""ג",true,,119.00,119.0000,true,1,20473
7290000077017,false,עוגיות קרמוגית וקרם שוקולד אסם 200 גרם,מיוצר עי קונדיטוריית,IL,אסם קרמוגית במילוי ש,גרמים,200.00,100 גרם,false,,9.90,0.0495,true,1,13018
7290000077024,false,פיסטוק ענק קלוי,,,פיסטוק ענק קלוי,קילוגרמים,1.00,"ק""ג",true,,97.00,97.0000,true,1,20474
7290000077253,false,אוסם - לחמית כפרית עם דגנים מלאים 190 גרם,"אסם השקעות בע""מ",IL,לחמית כפרית 190גרם,גרמים,190.00,100 גרם,false,,9.90,0.0521,true,1,13019
7290000077355,false,בוטן אמריקאי,,,בוטן אמריקאי,קילוגרמים,1.00,"ק""ג",true,,35.00,35.0000,true,1,20484
7290000077475,false,בוטנים קלויים,,,בוטנים קלויים,קילוגרמים,1.00,"ק""ג",true,,37.00,37.0000,true,1,20491
7290000077482,false,גרעין לבן קלוי,,,גרעין לבן קלוי,קילוגרמים,1.00,"ק""ג",true,,45.00,45.0000,true,1,20492
7290000077758,false,צימוק לבן ענק,,,צימוק לבן ענק,קילוגרמים,1.00,"ק""ג",true,,44.00,44.0000,true,1,20496
7290000077772,false,קבוקים,,,קבוקים,קילוגרמים,1.00,"ק""ג",true,,35.00,35.0000,true,1,20497
7290000077789,false,תאנים מיובשות,,,תאנים מיובשות,קילוגרמים,1.00,"ק""ג",true,,52.00,52.0000,true,1,20498
7290000077796,false,שזיף ללא גרעינים,,,שזיף ללא גרעינים,קילוגרמים,1.00,"ק""ג",true,,45.00,45.0000,true,1,20499
7290000077857,false,צימוק לבן,,,צימוק לבן,קילוגרמים,1.00,"ק""ג",true,,37.00,37.0000,true,1,20501
7290000077864,false,משמש אוזבקי,,,משמש אוזבקי,קילוגרמים,1.00,"ק""ג",true,,55.00,55.0000,true,1,20502
7290000077888,false,תפוח עץ מיובש,,,תפוח עץ מיובש,קילוגרמים,1.00,"ק""ג",true,,49.00,49.0000,true,1,20503
7290000077987,false,אננס פלחים,,,אננס פלחים,קילוגרמים,1.00,"ק""ג",true,,35.00,35.0000,true,1,20504
7290000078014,false,שזיפים אמריקאים,,,שזיפים אמריקאים,קילוגרמים,1.00,"ק""ג",true,,45.00,45.0000,true,1,20505
7290000078083,false,בוטן בקליפה,,,בוטן בקליפה,קילוגרמים,1.00,"ק""ג",true,,21.00,21.0000,true,1,20507
7290000078212,false,קרוטונים מתובלים 250 ג' אסם,עינת תעשיות מזון,IL,קרוטונים מתובלים אסם,גרמים,250.00,100 גרם,false,,12.90,0.0516,true,1,13021
7290000078335,false,אוכמניות / חמוציות,,,אוכמניות / חמוציות,קילוגרמים,1.00,"ק""ג",true,,51.00,51.0000,true,1,20509
7290000078380,false,תמר מג`הול ענק,,,תמר מג`הול ענק,קילוגרמים,1.00,"ק""ג",true,,44.00,44.0000,true,1,20511
7290000078564,false,קשיו מסוכר,,,קשיו מסוכר,קילוגרמים,1.00,"ק""ג",true,,77.00,77.0000,true,1,20515
7290000078601,false,קשיו טבעי,,,קשיו טבעי,קילוגרמים,1.00,"ק""ג",true,,85.00,85.0000,true,1,20516
7290000078687,false,חטיפים בטעמים,,,חטיפים בטעמים,קילוגרמים,1.00,"ק""ג",true,,31.00,31.0000,true,1,20517
7290000078694,false,פירות טרופיים,,,פירות טרופיים,קילוגרמים,1.00,"ק""ג",true,,80.00,80.0000,true,1,20518
7290000078762,false,אוסם - חטיפי פריכונים מאורז מלא בטעם דבש 80גר,סנורייס בלגיום אן. ו,BE,חטיפי פריכונים אורז,גרמים,80.00,100 גרם,false,,7.90,0.0988,true,1,13023
7290000078786,false,תבלינים קבוצה 1,,,תבלינים קבוצה 1,קילוגרמים,1.00,"ק""ג",true,,57.00,57.0000,true,1,20520
7290000078793,false,תבלין קבוצה 3,,,תבלין קבוצה 3,קילוגרמים,1.00,"ק""ג",true,,72.00,72.0000,true,1,20521
7290000079290,false,גבינה צהובה נעם טרה,,,גבינה צהובה נעם טרה,קילוגרמים,1.00,"ק""ג",true,,67.00,67.0000,true,1,96836
7290000079344,false,גבינת מוצרלה נעם 22%,,,גבינת מוצרלה נעם 22%,קילוגרמים,1.00,"ק""ג",true,,80.00,80.0000,true,1,40026
7290000079412,false,אמנטל נעם מהדרין במש,,,אמנטל נעם מהדרין במש,קילוגרמים,1.00,"ק""ג",true,,53.00,53.0000,true,1,6878
7290000080758,false,אוסם - טוסטעים פת קלוי 100 גרם,ון דר מולן האלום,NL,טוסטעים פת קלוי אסם,גרמים,100.00,100 גרם,false,,9.90,0.0990,true,1,13026
7290000080765,false,טוסטעים פת קלויה עם שומשום 100 ג' אוסם,ון דר מולן האלום,NL,טוסטעים פת קלויה עם,גרמים,100.00,100 גרם,false,,9.90,0.0990,true,1,13027
7290000081663,false,בייגלה אסם טבעות שומשום 300 גרם,מיוצר עי קונדיטוריית,IL,בייגלה אסם טבעות שומ,גרמים,300.00,100 גרם,false,,9.90,0.0330,true,1,233
7290000084899,false,פטינה 20% וילי פוד,,,פטינה 20% וילי פוד,קילוגרמים,1.00,"ק""ג",true,,19.00,19.0000,true,1,5287
7290000085180,false,פתי בר וניל 470 גר' גטניו,"אחים גטניו בע""מ",,גטניו - פתיבר וניל 4,גרמים,470.00,100 גרם,false,,9.90,0.0211,true,1,25537
7290000085196,false,רוקפור גליל גד מע,,,רוקפור גליל גד מע,קילוגרמים,1.00,"ק""ג",true,,135.00,135.0000,true,1,3065
7290000089045,false,הולנדי במשקל,,,הולנדי במשקל,קילוגרמים,1.00,"ק""ג",true,,41.90,41.9000,true,1,12803
7290000089272,false,איקרה שמיר מע.,,,איקרה שמיר מע.,קילוגרמים,1.00,"ק""ג",true,,49.00,49.0000,true,1,12504
7290000089274,false,נקניק מעושן מעדנייה,,,נקניק מעושן מעדנייה,קילוגרמים,1.00,"ק""ג",true,,41.90,41.9000,true,1,12805
7290000095408,false,נעם 28% חריץ מעדניה,,,נעם 28% חריץ מעדניה,קילוגרמים,1.00,"ק""ג",true,,44.79,44.7900,true,1,6879
7290000095415,false,נעם 9% חריץ מעדניה-,,,נעם 9% חריץ מעדניה-,קילוגרמים,1.00,"ק""ג",true,,75.00,75.0000,true,1,6880
7290000095422,false,גבינת נועם 22% חריץ,,,גבינת נועם 22% חריץ,קילוגרמים,1.00,"ק""ג",true,,42.58,42.5800,true,1,6881
7290000100593,false,פרוסות אנטיפסטי לתנור סנפורסט 600 ג',"סנפרוסט בע""מ",IL,פרוסות אנטיפסטי לתנו,גרמים,600.00,100 גרם,false,,19.90,0.0332,true,1,16486
7290000100609,false,קוביות אנטי פסטי להקפצה סנפורסט 600 ג',"סנפרוסט בע""מ",IL,קוביות אנטיפסטי להקפ,גרמים,600.00,100 גרם,false,,19.90,0.0332,true,1,16487
7290000101132,false,לקט קטניות לחמין 800 ג' סנפרוסט,,,לקט קטניות לחמין 800,גרמים,800.00,100 גרם,false,,17.90,0.0224,true,1,16489
7290000101927,false,אוכמניות כחולות מוקפאות סנפרוסט 300 גרם,"איי, בי, אינבוו",IL,אוכמניות כחולות מוקפ,גרמים,300.00,100 גרם,false,,12.90,0.0430,true,1,16490
7290000101934,false,מיקס פירות יער מוקפאות 300 ג' סנפרוסט,"סנפרוסט בע""מ",IL,מיקס פירות יער 300 ג,גרמים,300.00,100 גרם,false,,12.90,0.0430,true,1,16491
7290000101941,false,אננס חתוך מוקפא סנפרוסט 300ג',"סנפרוסט בע""מ",IL,אננס מוקפא 300 גרם,גרמים,300.00,100 גרם,false,,12.90,0.0430,true,1,183331
7290000103365,false,מרק ירקות 550 ג' סנפרוסט,"איי, בי, אינבוו",IL,סנפרוסט מרק ירקות 50,גרמים,500.00,100 גרם,false,,14.90,0.0298,true,1,16495
7290000103433,false,ירקות לתנור סנפרוסט,"איי, בי, אינבוו",IL,לקט ירקות לתנור 800,גרמים,800.00,100 גרם,false,,21.90,0.0274,true,1,16496
7290000103457,false,מיני כרובית סנפרוסט,"סנפרוסט בע""מ",IL,מיני כרובית 600 גרם,גרמים,600.00,100 גרם,false,,14.90,0.0248,true,1,16497
7290000103471,false,מיני ברוקולי סנפרוסט 600 גר',"סנפרוסט בע""מ",IL,סנפרוסט מיני ברוקולי,גרמים,600.00,100 גרם,false,,14.90,0.0248,true,1,16498
7290000103846,false,מרק אפונה 570 ג' סנפרוסט,"סנפרוסט בע""מ",IL,סנפרוסט מרק אפונה קפ,גרמים,570.00,100 גרם,false,,14.90,0.0261,true,1,16510
7290000103860,false,מרק עדשים קפוא 570 ג' סנפרוסט,"איי, בי, אינבוו",IL,סנפרוסט מרק עדשים קפ,גרמים,572.00,100 גרם,false,,14.90,0.0260,true,1,16511
7290000103877,false,מרק שעועית קפוא 640 ג' סנפרוסט,"סנפרוסט בע""מ",IL,סנפרוסט מרק שעועית ק,גרמים,644.00,100 גרם,false,,12.90,0.0200,true,1,16512
7290000104072,false,עדשים ירוקות מבושלות מוקפאות 800 ג' סנפרוסט,"איי, בי, אינבוו",IL,סנפרוסט עדשים ירוקות,גרמים,800.00,100 גרם,false,,14.90,0.0186,true,1,16513
7290000104188,false,שעועית אדומה מבושלת סנפרוסט 800 גרם,"סנפרוסט בע""מ",IL,סנפרוסט שעועית אדומה,גרמים,800.00,100 גרם,false,,15.90,0.0199,true,1,16514
7290000104201,false,אפונה עדינה קפואה 600 גרם סנפרוסט,"איי, בי, אינבוו",IL,אפונה עדינה סנפרוסט,גרמים,600.00,100 גרם,false,,14.90,0.0248,true,1,16515
7290000104218,false,במיה סנפרוסט 600 גרם,"איי, בי, אינבוו",IL,סנפרוסט במיה 600גר,גרמים,600.00,100 גרם,false,,15.90,0.0265,true,1,16516
7290000104676,false,אפונה קפואה סנפרוסט 800 גרם,"איי, בי, אינבוו",IL,אפונת גינה סנפרוסט 8,גרמים,800.00,100 גרם,false,,14.90,0.0186,true,1,16519
7290000104683,false,שעועית שלמה 800 ג' סנפרוסט,"סנפרוסט בע""מ",IL,שעועית שלמה סנפרוסט,גרמים,800.00,100 גרם,false,,19.90,0.0249,true,1,16520
7290000104690,false,תירס גרעינים 800 ג' סנפרוסט,"איי, בי, אינבוו",IL,תירס גרעינים 800גר,גרמים,800.00,100 גרם,false,,15.90,0.0199,true,1,16521
7290000104706,false,גזר גמדי סנפרוסט 800ג',"סנפרוסט בע""מ",IL,גזר גמדי 800 גרם,גרמים,800.00,100 גרם,false,,14.90,0.0186,true,1,16522
7290000104713,false,פול ירוק סנפרוסט 800 ג',"איי, בי, אינבוו",IL,פול ירוק 800גר,גרמים,800.00,100 גרם,false,,20.90,0.0261,true,1,16523
7290000104720,false,שעועית ירוקה סנפרוסט 800ג',"סנפרוסט בע""מ",IL,שעועית ירוקה חתוכה ס,גרמים,800.00,100 גרם,false,,15.90,0.0199,true,1,16524
7290000104737,false,שעועית צהובה חתוכה 800 ג' סנפרוסט,"סנפרוסט בע""מ",IL,שעועית צהובה חתוכה ס,גרמים,800.00,100 גרם,false,,15.90,0.0199,true,1,16525
7290000104744,false,כרובית סנפרוסט 800גר,"סנפרוסט בע""מ",IL,כרובית 800גר,גרמים,800.00,100 גרם,false,,23.90,0.0299,true,1,16526
7290000104751,false,כרוב ניצנים סנפרוסט 800 גרם,"איי, בי, אינבוו",IL,כרוב ניצנים 800גר,גרמים,800.00,100 גרם,false,,19.90,0.0249,true,1,16527
7290000104768,false,תרד עלים סנפרוסט 800 ג ',"איי, בי, אינבוו",IL,תרד עלים 800 גרם,גרמים,800.00,100 גרם,false,,19.90,0.0249,true,1,16528
7290000104775,false,תרד מדליונים סנפרוסט,"איי, בי, אינבוו",IL,תרד מדליונים 800גר,גרמים,800.00,100 גרם,false,,21.90,0.0274,true,1,16529
7290000104799,false,שעועית לבנה מבושלת סנפרוסט 800גר,"איי, בי, אינבוו",IL,שעועית לבנה מבושלת 8,גרמים,800.00,100 גרם,false,,14.80,0.0185,true,1,16530
7290000104805,false,גרגירי חומוס קפוא סנפרוסט 800 ג',"איי, בי, אינבוו",IL,גרגירי חומוס קפוא 80,גרמים,800.00,100 גרם,false,,14.80,0.0185,true,1,16531
7290000104836,false,שעועית עדינה שלמה סנפרוסט 600ג',"סנפרוסט בע""מ",IL,שעועית עדינה שלמה סנ,גרמים,600.00,100 גרם,false,,21.90,0.0365,true,1,16533
7290000104874,false,ירקות לקוסקוס של אמא סנפרוסט 800ג',"סנפרוסט בע""מ",IL,לקט קוסקוס 800גר,גרמים,800.00,100 גרם,false,,21.90,0.0274,true,1,16534
7290000104881,false,אפונה וגזר קפוא סנפרוסט 800ג',"איי, בי, אינבוו",IL,אפונה וגזר 800 גרם ס,גרמים,800.00,100 גרם,false,,13.90,0.0174,true,1,16535
7290000104904,false,לקט ירקות מעורבים 800 ג' סנפרוסט,"איי, בי, אינבוו",IL,לקט ירקות מעורבים 80,גרמים,800.00,100 גרם,false,,22.90,0.0286,true,1,16536
7290000104911,false,לקט נורמנדי סנפרוסט 800ג',"איי, בי, אינבוו",IL,לקט נורמנדי 800גר,גרמים,800.00,100 גרם,false,,19.90,0.0249,true,1,16537
7290000105145,false,צלעות מחפוד קפוא מס`,,,צלעות מחפוד קפוא מס`,קילוגרמים,1.00,"ק""ג",true,,49.90,49.9000,true,1,28942
7290000105183,false,צלי כתף מס' 5 חלק,,,צלי כתף מס' 5 חלק,קילוגרמים,1.00,"ק""ג",true,,99.90,99.9000,true,1,28944
7290000105190,false,פילה מדומה מחפוד קפו,,,פילה מדומה מחפוד קפו,קילוגרמים,1.00,"ק""ג",true,,63.90,63.9000,true,1,28945
7290000105220,false,שריר בשר מס' 8 מחפוד,,,שריר בשר מס' 8 מחפוד,קילוגרמים,1.00,"ק""ג",true,,63.90,63.9000,true,1,28946
7290000105312,false,שריר הזרוע מס` 8 K מ,,,שריר הזרוע מס` 8 K מ,קילוגרמים,1.00,"ק""ג",true,,59.90,59.9000,true,1,28950
7290000106526,false,ירקות מעורבים מוקפאים חגיגה ירוקה להקפצה,"איי, בי, אינבוו",IL,סנפרוסט חגיגה ירוקה,גרמים,800.00,100 גרם,false,,19.90,0.0249,true,1,16538
7290000107165,false,פולי סויה אדממה סנפרוסט 400 ג',"איי, בי, אינבוו",IL,פולי סויה אדממה קפוא,גרמים,400.00,100 גרם,false,,11.90,0.0298,true,1,16540
7290000107189,false,תחתיות ארטישוק סנפרוסט 400גר,"איי, בי, אינבוו",IL,תחתיות ארטישוק 400גר,גרמים,400.00,100 גרם,false,,19.90,0.0497,true,1,16541
7290000107295,false,תפרחות ברוקולי סנפרוסט 800 ג',"איי, בי, אינבוו",IL,תפרחות ברוקולי 800ג,גרמים,800.00,100 גרם,false,,24.90,0.0311,true,1,16542
7290000107615,false,ירקות ואננס להקפצה מנה אסייתית צבעונית ועשירה,"איי, בי, אינבוו",IL,סנפרוסט מנה אסייתי צ,גרמים,800.00,100 גרם,false,,19.90,0.0249,true,1,16543
7290000112220,false,טחינה גולמית 100%בארכה 500ג',רושדי תעשיות מזון בע,IL,בארכה טחינה 100% שומ,גרמים,500.00,100 גרם,false,,13.90,0.0278,true,1,13028
7290000112237,false,"בארכה טחינה גולמית, 1 ק""ג",רושדי תעשיות מזון בע,IL,בארכה טחינה 100% שומ,אלף,1.00,"ק""ג",false,,22.90,22.9000,true,1,13029
7290000116884,false,רוטב ברביקיו 350 ג' קנור,יוניליוור ישראל מזון,IL,רוטב ברביקיו קנור 20,מיליליטרים,200.00,"100 מ""ל",false,,10.50,0.0525,true,1,8998
7290000116945,false,קנור סויה קלאסי בדצ 350ג PAL,יוניליוור ישראל מזון,IL,רוטב סויה קנור 300מל,מיליליטרים,300.00,"100 מ""ל",false,,10.50,0.0350,true,1,9000
7290000121023,false,פסט.שלפעם יחיעם מעד.,,,פסט.שלפעם יחיעם מעד.,קילוגרמים,1.00,"ק""ג",true,,75.00,75.0000,true,1,11647
7290000121079,false,גבינה מון בלאן 9% שום שמיר 120ג',שלושת האופים,IL,מון בלאן שמיר 7% 120,גרמים,120.00,100 גרם,false,,11.90,0.0992,true,1,193288
7290000121093,false,גבינה מון בלאן שוויצרית 120ג',האי נאם סי או אל.טי.,IL,מון בלאן שויצרית 7%,גרמים,120.00,100 גרם,false,,11.90,0.0992,true,1,12054
7290000121154,false,"גבינת מון בלאן סלמון, 120 ג'",האי נאם סי או אל.טי.,IL,מון בלאן סלמון 7% 12,גרמים,120.00,100 גרם,false,,8.90,0.0742,true,1,12056
7290000122607,false,עמק לייט 9% חריץ כשר,,,עמק לייט 9% חריץ כשר,קילוגרמים,1.00,"ק""ג",true,,75.00,75.0000,true,1,16616
7290000123363,false,צמקאו לאכילה ציפוי ואפייה 500 גרם,אתר צפת ממרחים וצימא,IL,צמקאו לאכילה ציפוי ו,גרמים,500.00,100 גרם,false,,10.50,0.0210,true,1,9010
7290000128401,false,פטה כבש 24% פיראוס,,,פטה כבש 24% פיראוס,קילוגרמים,1.00,"ק""ג",true,,109.00,109.0000,true,1,16617
7290000133070,false,קשקבל טורקי 22% שומר,,,קשקבל טורקי 22% שומר,קילוגרמים,1.00,"ק""ג",true,,109.00,109.0000,true,1,11141
7290000133087,false,בולג.צאן סופיה 20% ש,,,בולג.צאן סופיה 20% ש,קילוגרמים,1.00,"ק""ג",true,,68.00,68.0000,true,1,11142
7290000133094,false,בריזנה צאן מחלבת שומ,,,בריזנה צאן מחלבת שומ,קילוגרמים,1.00,"ק""ג",true,,75.00,75.0000,true,1,11143
7290000133117,false,בולגרית מעודנת השומר,,,בולגרית מעודנת השומר,קילוגרמים,1.00,"ק""ג",true,,39.00,39.0000,true,1,11144
7290000133148,false,צפתית רכה5% שומרון מ,,,צפתית רכה5% שומרון מ,קילוגרמים,1.00,"ק""ג",true,,49.00,49.0000,true,1,11145
7290000133193,false,בולג.קלאסית שומרון,,,בולג.קלאסית שומרון,קילוגרמים,1.00,"ק""ג",true,,50.00,50.0000,true,1,11146
7290000133645,false,אורביטול משחת שיניים סודה שלישיה* 145 ג',טרופיקל דגיל,IL,משחת שיניים אורביטול,גרמים,435.00,100 גרם,false,,16.90,0.0389,true,1,18995
7290000134147,false,טעם וריח מוסקט טחון מיכל 40גר,תות ממתקי איכות,IL,טעם וריח מוסקט טחון,גרמים,40.00,100 גרם,false,,12.90,0.3225,true,1,26160
7290000134314,false,תבלין תיבול לפיצה 120 ג',תות ממתקי איכות,IL,תערובת תיבול לפיצה ט,גרמים,120.00,100 גרם,false,,9.00,0.0750,true,1,26162
7290000134338,false,תבלין אבקת שום טעם ו,תבליני טעם וריח,IL,תבלין אבקת שום טעם ו,גרמים,90.00,100 גרם,false,,10.20,0.1133,true,1,26163
7290000134352,false,תבלין קינמון טחון 90 גר',תות ממתקי איכות,IL,טעם וריח קימנון טחון,גרמים,80.00,100 גרם,false,,9.00,0.1125,true,1,26164
7290000134376,false,תבלין פפריקה בשמן 90 גר',תות ממתקי איכות,IL,טעם וריח פפריקה בשמן,גרמים,90.00,100 גרם,false,,9.00,0.1000,true,1,26165
7290000134550,false,טעם וריח עלי דפנה שק,תות ממתקי איכות,IL,טעם וריח עלי דפנה שק,גרמים,20.00,100 גרם,false,,4.10,0.2050,true,1,26166
7290000134826,false,תבלין זעתר מעורב 100 גר',תות ממתקי איכות,IL,תבלין זעתר טעם וריח,גרמים,100.00,100 גרם,false,,9.00,0.0900,true,1,26168
7290000134833,false,תבלין כמון טחון 100 גר',תות ממתקי איכות,IL,טעם וריח ת.כמון במיכ,גרמים,100.00,100 גרם,false,,9.00,0.0900,true,1,26169
7290000134840,false,תבלין כורכום טחון 100 גר',תות ממתקי איכות,IL,טעם וריח ת.כורכום במ,גרמים,100.00,100 גרם,false,,9.00,0.0900,true,1,26170
7290000134857,false,תבלין פפריקה מתוקה 100 גר',תות ממתקי איכות,IL,טעם וריח ת.פפריקה מת,גרמים,100.00,100 גרם,false,,9.00,0.0900,true,1,26171
7290000134864,false,תבלין פפריקה חריפה 100 גר',"תבליני טעם וריח בע""מ",IL,תבלין פפריקה חריפה ט,גרמים,100.00,100 גרם,false,,9.00,0.0900,true,1,26172
7290000134871,false,תבלין פלפל שחור טחון 100 גר',תות ממתקי איכות,IL,טעם וריח ת. פלפל שחו,גרמים,100.00,100 גרם,false,,13.90,0.1390,true,1,26173
7290000134970,false,תבלין חוואייג טעם ור,תות ממתקי איכות,IL,תבלין חוואייג טעם ור,גרמים,100.00,100 גרם,false,,9.00,0.0900,true,1,241164
7290000134987,false,תבלין פלפל שחור גרוס 90 גר',תבליני טעם וריח,IL,טעם וריח פלפל שחור ג,גרמים,90.00,100 גרם,false,,13.90,0.1544,true,1,26174
7290000135045,false,"משקה אנרגיה XL TEN תפוח 250 מ""ל","טמפו משקאות בע""מ",IL,אקס אל TEN פחית תפוח,מיליליטרים,250.00,"100 מ""ל",false,,4.50,0.0180,true,1,8544
7290000135052,false,"משקה אנרגיה XL TEN מנגו 250 מ""ל","טמפו משקאות בע""מ",IL,אקס אל TEN פחית מנגו,מיליליטרים,250.00,"100 מ""ל",false,,4.50,0.0180,true,1,8545
7290000135068,false,חזה עוף פרוס (שניצל),,,חזה עוף פרוס (שניצל),קילוגרמים,1.00,"ק""ג",true,,34.90,34.9000,true,1,31514
7290000135342,false,"מי סודה טמפו בקבוק 500 מ""ל",Unknown,,"סודה טמפו 500 מ""ל בק",מיליליטרים,500.00,"100 מ""ל",false,,3.90,0.0078,true,1,98277
7290000135465,false,"מי סודה 500 מ""ל - מארז 12 בקבוקים",טמפו,IL,מארז תריסר סודה טמפו,ליטרים,6.00,100 ליטר,false,,30.90,5.1500,true,1,94012
7290000135595,false,פפסי מקס בטעם דובדבן 1.5 ליטר,"איי, בי, אינבוו",IL,פפסי מקס בטעם דובדבן,ארגז,1.50,ליטר,false,,7.90,5.2667,true,1,71689
7290000135625,false,"רביעיית פחיות גולדסטאר 500 מ""ל",טמפו,IL,גולדסטאר פחיות 4*500,ארגז,2.00,ליטר,false,,27.90,13.9500,true,1,93409
7290000135632,false,"פחיות גולדסטאר לא מסונן 4*500 מ""ל",טמפו,IL,גולדסטאר לא מסונן פח,ארגז,2.00,ליטר,false,,33.90,16.9500,true,1,93410
7290000135663,false,"פפסי מקס דובדבן פחית צרה מארז שישייה 330 מ""ל",אלפא S.A,AL,פפסי מקס דובדבן פחית,ארגז,1.98,ליטר,false,,17.60,8.8889,true,1,419990
7290000136141,false,משקה בטעם קולה 1.5ל' פפסי,פפסי Pepsi,IL,פפסי קולה 1.5 ליטר,ארגז,1.50,ליטר,false,,7.90,5.2667,true,1,156051
7290000136158,false,פפסי מקס 1.5 ליטר פיקדון,פפסי Pepsi,IL,פפסי מקס 1.5 ליטר,ארגז,1.50,ליטר,false,,7.90,5.2667,true,1,156067
7290000136165,false,מירינדה בקבוק 1.5 לי,מירינדה Mirinda,IL,מירינדה 1.5 ליטר,ארגז,1.50,ליטר,false,,7.90,5.2667,true,1,155954
7290000136172,false,סבן אפ בקבוק 1.5 ליט,סבן אפ 7up,IL,סבן אפ 1.5 ליטר,ארגז,1.50,ליטר,false,,7.90,5.2667,true,1,155970
7290000136189,false,דיאט סבן אפ 1.5 ליטר FREE,סבן אפ 7up,IL,סבן אפ דיאט 1.5 ליטר,ארגז,1.50,ליטר,false,,7.90,5.2667,true,1,155938
7290000136288,false,סירופ בטעם תפוחים סיידר הגליל JUICER,סיידר הגליל,,סיידר הגליל JUICER ס,מיליליטרים,330.00,"100 מ""ל",false,,13.30,0.0403,true,1,383066
7290000136455,false,משקה בטעם אשכוליות תריסר 1.5 ל' ג'אמפ,ג'אמפ,IL,ג`אמפ אשכול 1.5 ליטר,ארגז,1.50,ליטר,false,,7.90,5.2667,true,1,155384
7290000136486,false,משקה בטעם אשכוליות דיאט תריסר 1.5 ל' ג'אמפ,ג'אמפ,IL,ג`אמפ דיאט אשכוליות,ארגז,1.50,ליטר,false,,7.90,5.2667,true,1,155399
7290000136516,false,משקה בטעם מנגו פסיפלורה תריסר 1.5 ל' ג'אמפ,ג'אמפ,IL,ג`אמפ פסיפלורה 1.5 ל,ארגז,1.50,ליטר,false,,7.90,5.2667,true,1,155368
7290000136561,false,משקה בטעם תות בננה תריסר 1.5 ל' ג'אמפ,ג'אמפ,IL,ג`אמפ תות בננה 1.5 ל,ארגז,1.50,ליטר,false,,7.90,5.2667,true,1,155400
7290000136585,false,משקה בטעם תפוזים תריסר 1.5 ל' ג'אמפ,ג'אמפ,IL,ג`אמפ תפוז 1.5 ליטר,ארגז,1.50,ליטר,false,,7.90,5.2667,true,1,155369
7290000136646,false,משקה מאלט תריסר 1.5 ל' נשר,טמפו,IL,נשר מאלט 1.5 ליטר,ארגז,1.50,ליטר,false,,8.90,5.9333,true,1,155226
7290000136653,false,משקה מאלט דיאט תריסר 1.5 ל' נשר,טמפו,IL,נשר מאלט דיאט 1.5 לי,ארגז,1.50,ליטר,false,,8.90,5.9333,true,1,155241
7290000136660,false,סודה טמפו ליטר וחצי,טמפו,IL,טמפו סודה 1.5 ליטר,ארגז,1.50,ליטר,false,,2.90,1.9333,true,1,155829
7290000136752,false,סבן אפ דיאט מארז שישייה 1.5 ל' FREE,"טמפו משקאות בע""מ",IL,סבן אפ דיאט 6*1.5 לי,ארגז,9.00,ליטר,false,,37.90,4.2111,true,1,155939
7290000136769,false,מארז שישיה בטעם קולה 1.5 ל' פפסי,פפסי Pepsi,IL,פפסי קולה 6*1.5 ליטר,ארגז,9.00,ליטר,false,,38.90,4.3222,true,1,156053
7290000136776,false,מארז פפסי מקס שישיה 1.5ל',פפסי Pepsi,IL,פפסי מקס 6*1.5 ליטר,ארגז,9.00,ליטר,false,,37.90,4.2111,true,1,156068
7290000136790,false,מארז סודה שישייה 1.5 ל' טמפו,טמפו,IL,טמפו סודה 6*1.5 ליטר,ארגז,9.00,ליטר,false,,17.70,1.9667,true,1,155430
7290000136844,false,מארז מים מזוככים אקווה נובה שישיית 2 ליטר,אקווה נובה Aqua Nova,IL,אקווה נובה 6*2 ליטר,ארגז,12.00,ליטר,false,,11.90,0.9917,true,1,155282
7290000136868,false,שישיית מים מינרלים סאן בנדטו,סאן בנדטו San Benedetto,IL,מים סאן בנדטו 6* 1.5,ארגז,9.00,ליטר,false,,17.70,1.9667,true,1,155297
7290000136875,false,מארז מים מינרלים מוגז 6* 1.5 ל' סאן בנדטו,סאן בנדטו San Benedetto,IL,סאן בנדטו מים מינרלי,ארגז,9.00,ליטר,false,,17.90,1.9889,true,1,155414
7290000136936,false,סבן אפ דיאט בקבוק 1.,טמפו,IL,סבן אפ דיאט 1.5 ליטר,ארגז,1.50,ליטר,false,,7.60,5.0667,true,1,155940
7290000137513,false,גלידונית גלידה וניל בציפוי שוקולד 60 יח' קרמיסימו,"גלידת שטראוס בע""מ, ר",IL,קרמיסימו גלידונית ש.,גרמים,700.00,100 גרם,false,,49.90,0.0713,true,1,5905
7290000137643,false,מאגדת שלגוני טעמקור 8 יח' שטראוס,"גלידת שטראוס בע""מ, ר",IL,שלגוני טעמקור 8יח,גרמים,416.00,100 גרם,false,,37.90,0.0911,true,1,5906
7290000141848,false,מחלבת פנחס גבינה בול,,,מחלבת פנחס גבינה בול,קילוגרמים,1.00,"ק""ג",true,,77.00,77.0000,true,1,11971
7290000144160,false,שמן זית כתית מעולה ארומתי מודגש 750מל,"מרקאולאו, ספרד.אבסה,",IT,שמן זית כתית מעולה א,מיליליטרים,750.00,"100 מ""ל",false,,33.90,0.0452,true,1,18813
7290000144467,false,שמן חמניות מועשר בנוגדי חמצון 1 ל' עץ הזית,"נארז ע""י : א.ג. גילר",GR,שמן חמניות בריאות מה,ארגז,1.00,ליטר,false,,15.90,15.9000,true,1,18814
7290000144474,false,שמן קנולה בריאות מהטבע 1 ליטר,שמן תעשיות,EE,שמן קנולה בריאות עץ,ארגז,1.00,ליטר,false,,15.90,15.9000,true,1,18815
7290000146645,false,הוואי - סבון מוצק שחור מסתורי 100 גרם רביעייה,טרופיקל דגיל,IL,סבון מוצק שחור מסתור,גרמים,400.00,100 גרם,false,,11.90,0.0298,true,1,7919
7290000146652,false,הוואי - סבון מוצק ורוד רומנטי 100 גרם רביעייה,טרופיקל דגיל,IL,סבון מוצק ורוד הוואי,גרמים,400.00,100 גרם,false,,11.90,0.0298,true,1,7920
7290000146669,false,הוואי - סבון מוצק שמיים כחולים 100 גרם רביעייה,תאי פרזידנט פוד פאבל,IL,סבון מוצק שמיים כחול,גרמים,400.00,100 גרם,false,,11.90,0.0298,true,1,7921
7290000146928,false,"טום וגרי משחת שיניים בטעם ענבים 50 מ""ל",שוורצקוף& הנקל דיסלד,IL,משחת שיניים טעם ענבי,מיליליטרים,50.00,"100 מ""ל",false,,6.90,0.1380,true,1,7924
7290000148748,false,גרעיני חמניה קלית גת 200 ג',"ג'י אנד ג'י בע""מ",IL,גרעיני חמניה 200 גרם,גרמים,200.00,100 גרם,false,,5.90,0.0295,true,1,10117
7290000149615,false,נקה 7 סבון מוצק לתינוק רביעיה * 100 ג',גליל כימיקלים בעממשו,IL,אלסבון מוצק לתינוק נ,גרמים,400.00,100 גרם,false,,10.90,0.0273,true,1,18996
7290000149905,false,טקסטיל שמפו לכביסה ביד 1 ליטר,מיוצר עי קונדיטוריית,IL,טקסטיל שמפו-1 ליטר נ,ארגז,1.00,ליטר,false,,14.90,14.9000,true,1,19000
7290000150277,false,פסטרמה חזה הודו ברבי,עיצובים 2020 (4.9),,חזה הודו ברביקיו עוף,קילוגרמים,1.00,"ק""ג",true,,82.00,82.0000,true,1,13579
7290000150352,false,פסטרמה איטלקית עוף -,עיצובים 2020 (4.9),,פסט.איטלקית ע.ט.,קילוגרמים,1.00,"ק""ג",true,,82.00,82.0000,true,1,13580
7290000151885,false,נקניק הודו יחידה עוף טוב 700ג',עוף טוב,IL,נקניק הודו יחידה 700,גרמים,700.00,100 גרם,false,,14.90,0.0213,true,1,13606
7290000152288,false,עוף טוב נקניקיות עוף מיס לוסי 400 ג',מוצרי עוף טוב (2001),IL,עוף טוב נקניקיות עוף,גרמים,400.00,100 גרם,false,,14.90,0.0373,true,1,13607
7290000152943,false,פסטרמה כפרית +סלמי כפרי עוף טוב 350X2ג',מולינו ניקולי s.p.a,IL,עוף טוב סלמי פסטרמה,גרמים,700.00,100 גרם,false,,21.90,0.0313,true,1,13609
7290000153445,false,קציצות בקר מתובלות עוף טוב 500 ג',מולינו ניקולי s.p.a,IL,עוף טוב קציצות בקר מ,גרמים,500.00,100 גרם,false,,29.90,0.0598,true,1,13610
7290000153469,false,עוף טוב קציצות עוף קלאסיות 600 גר',מוצרי עוף טוב (2001),IL,עוף טוב קציצות עוף ק,גרמים,600.00,100 גרם,false,,29.90,0.0498,true,1,13611
7290000153698,false,כתף בקר מפולפל עוף ט,,,כתף מפולפל ע.טוב,קילוגרמים,1.00,"ק""ג",true,,97.00,97.0000,true,1,13588
7290000155524,false,פסטרמה פולנית עוף -ט,עיצובים 2020 (4.9),,פולנית עוף טוב,קילוגרמים,1.00,"ק""ג",true,,82.00,82.0000,true,1,13589
7290000158105,false,שניצל עוף טוב מיני דינוזאור 700 גרם,מוצרי עוף טוב (2001),IL,עוף טוב שניצל עוף מי,גרמים,700.00,100 גרם,false,,24.90,0.0356,true,1,13618
7290000170053,false,שוקולד פרה 100 ג' חלב.,"תופינית בע""מ",IL,שוקולד חלב פרה 100 ג,גרמים,100.00,100 גרם,false,,5.20,0.0520,true,1,14899
7290000174723,false,אבקת שוקולית עלית קופסא 500ג',הנסיך- מפעל לייצור ט,IL,שוקולית 500 גרם,גרמים,500.00,100 גרם,false,,12.50,0.0250,true,1,14903
7290000175760,false,מנציגו כבשים ויליפו,,,מנציגו כבשים ויליפו,קילוגרמים,1.00,"ק""ג",true,,79.00,79.0000,true,1,5288
7290000175777,false,איבריקו ויליפוד31%,,,איבריקו ויליפוד31%,קילוגרמים,1.00,"ק""ג",true,,95.00,95.0000,true,1,5289
7290000175906,false,גאודה עיזים ויליפוד,,,גאודה עיזים ויליפוד,קילוגרמים,1.00,"ק""ג",true,,99.00,99.0000,true,1,5290
7290000176079,false,קפה טורקי עם היל עלית 100 ג',הנסיך- מפעל לייצור ט,IL,טורקי עלית קפה עם הל,גרמים,100.00,100 גרם,false,,8.90,0.0890,true,1,14906
7290000176413,false,קפה נמס אבקתי עלית 50 ג',הנסיך- מפעל לייצור ט,IL,עלית נמס 50 גר',גרמים,50.00,100 גרם,false,,8.90,0.1780,true,1,14911
7290000176420,false,קפה נמס אבקתי 200ג עלית,שטראוס קפה בי.וי,IL,קפה נמס עלית פחית 20,גרמים,200.00,100 גרם,false,,18.90,0.0945,true,1,14912
7290000176468,false,קפה נמס נטול קפאין 50 ג' קפה האג,"איי, בי, אינבוו",IL,האג קפה נטול קפאין 5,גרמים,50.00,100 גרם,false,,10.90,0.2180,true,1,1014
7290000178707,false,חטיף תפוציפס טבעי 50,"שטראוס פריטו ליי בע""",IL,תפוציפס טבעי 50 גרם,גרמים,50.00,100 גרם,false,,3.90,0.0780,true,1,15887
7290000178721,false,חטיף תפוציפס טבעי 20,"שטראוס פריטו ליי בע""",IL,תפוציפס טבעי 200 גרם,גרמים,200.00,100 גרם,false,,10.90,0.0545,true,1,15888
7290000180212,false,שוקולוד פרה מריר אגוזים 100ג' עלית,"שטראוס גרופ בע""מ",IL,פרה שוקולד מריר ושבר,גרמים,100.00,100 גרם,false,,4.90,0.0490,true,1,14918
7290000185224,false,סילאן בקבוק לחיץ תמר,,,סילאן בקבוק לחיץ תמר,גרמים,650.00,100 גרם,false,,13.90,0.0214,true,1,16073
7290000185590,false,סילאן טבעי לחיץ כנרת 650 גר',,,סילאן 100% תמרים טבע,גרמים,635.00,100 גרם,false,,19.90,0.0313,true,1,443236
7290000186535,false,נייר טואלט טריו לבן 32 גלילים לילי,קימברלי קלארק ישראל,IL,לילי נייר טואלט טריו,מטרים,537.00,מטר,false,,44.90,0.0836,true,1,8218
7290000187860,false,מגבוני טואלט לחים לילי דיספנסר 40יח',עלבד משואות יצחק בעמ,IL,לילי נייר טואלט לח ד,אין,0.00,יחידה,false,,8.90,0.0000,true,1,8222
7290000187921,false,נייר טואלט לבן 32 גלילים לילי,קימברלי קלארק ישראל,IL,"נייר טואלט ""לילי"" לב",מטרים,588.00,מטר,false,,41.90,0.0713,true,1,8224
7290000187952,false,נייר טואלט טריו לילי פרימיום 32גליל,קימברלי קלארק,IL,נייר טאולט לילי טריו,מטרים,537.00,מטר,false,,44.90,0.0836,true,1,8226
7290000188270,false,קליניקס ממחטות אף אולטרא סופט 2*80 דף,חוגלה קימברלי,,קליניקס ממחטות אף או,אין,0.00,יחידה,false,,17.90,0.0000,true,1,8228
7290000188355,false,מגבות מטבח ניקול לבנה שישייה,קימברלי-קלארק,IL,מגבות מטבח ניקול לבנ,מטרים,64.80,מטר,false,,12.90,0.1991,true,1,8229
7290000188553,false,קוטקס - מגן תחתון סילק נורמל 60 יח',קימברלי קלארק,CN,מגן תחתון סילק נורמל,אין,0.00,יחידה,false,,16.90,0.0000,true,1,8231
7290000188591,false,קוטקס - מגן תחתון סילק יאנג 60 יח',קימברלי קלארק,CN,מגן תחתון סילק יאנג,אין,0.00,יחידה,false,,16.90,0.0000,true,1,8233
7290000189079,false,"ניקול תבניות אינגליש חזקות ועבות מארז, 7 יח'",בראבו,CN,ניקול תבניות אינגליש,אין,0.00,יחידה,false,,10.90,0.0000,true,1,8236
7290000189116,false,ניקול תבניות אלומניום עגולות 5 יח',בראבו,CN,ניקול תבניות עגולות,אין,0.00,יחידה,false,,10.90,0.0000,true,1,8237
7290000189192,false,מגבת רב שימושית סופר ניקול 64 דף,קימברלי קלארק,CO,ניקול מטלית חכמה יומ,יח',64.00,יח',false,,18.90,0.2953,true,1,8238
7290000189215,false,מטלית קסם לרצפה ניקו,קריות זול,CN,מטלית קסם לרצפה,אין,0.00,יחידה,false,,15.00,0.0000,true,1,8240
7290000189260,false,ניקול תבניות מלבניות 26*32*7,בראבו,,ניקול תבניות מלבניות,אין,0.00,יחידה,false,,10.90,0.0000,true,1,8243
7290000189277,false,ניקול תבניות מלבניות 41*30*5.4,בראבו,,ניקול תבניות מלבניות,אין,0.00,יחידה,false,,10.90,0.0000,true,1,8244
7290000189550,false,אשפתון 78X90 ענק ניקול 20יח',קריות זול,IL,אשפתון זוג ענק 20,אין,0.00,יחידה,false,,25.90,0.0000,true,1,8249
7290000189734,false,מטליות לחות לפרקט 10יח' ניקול,עלבד משואות יצחק בעמ,IL,ניקול מטליות לחות לפ,אין,0.00,יחידה,false,,10.90,0.0000,true,1,8252
7290000189871,false,אשפתון שרוך מתכלה ניקול 60יח',אשפלסט,IL,אשפתון 55 שקיות,אין,0.00,יחידה,false,,19.90,0.0000,true,1,8254
7290000191539,false,ממחטות טישו לילי צבעוני חמישיה,חוגלה קימברלי,IL,לילי צבעוני חמישיה-9,אין,0.00,יחידה,false,,14.90,0.0000,true,1,8265
7290000191652,false,קלינקס ממחטות טישו אולטרא סופט מארז 90X3יח',חוגלה קימברלי,IL,קלינקס קלאסיק ניילון,אין,0.00,יחידה,false,,8.90,0.0000,true,1,8268
7290000191966,false,מגבוני טואלט לח סנסטיב לילי 40יח',עלבד משואות יצחק בעמ,IL,לילי נייר טואלט לח נ,אין,0.00,יחידה,false,,8.90,0.0000,true,1,8270
7290000192581,false,מגבת נייר גליל כפול ניקול 12=6 גליל,,,מגבת כפולה ניקול 6=1,מטרים,129.70,מטר,false,,21.90,0.1689,true,1,8271
7290000193014,false,פדיות אינטרלוד מגיני יום לילי 50יח',חוגלה קימברלי,IL,מגן תחתון אינטרלוד ל,אין,0.00,יחידה,false,,9.90,0.0000,true,1,8272
7290000193083,false,לילי - תחבושות נובה לי 28 יח',חוגלה קימברלי,IL,תחבושות נובה לי לילי,אין,0.00,יחידה,false,,9.90,0.0000,true,1,8274
7290000193540,false,לילי אינטימייט מגן תחתון לונג 52יח',חוגלה קימברלי,IL,מגן תחתון נטורל לונג,אין,0.00,יחידה,false,,14.90,0.0000,true,1,8277
7290000193649,false,לילי תחבושות נטורל אולטרה סופר 24 יח',קריות זול,,תחבושות נטורל אולטרה,אין,0.00,יחידה,false,,14.90,0.0000,true,1,8279
7290000193656,false,לילי תחבושות נטורל אולטרה סופר פלוס 24 יח',קריות זול,,תחבושות נטורל אולטרה,אין,0.00,יחידה,false,,14.90,0.0000,true,1,8280
7290000194208,false,כרעיים עוף חלק רב מח,,,כרעיים עוף חלק רב מח,קילוגרמים,1.00,"ק""ג",true,,33.90,33.9000,true,1,28961
7290000194239,false,מחפוד-חזה עוף קפוא מ,,,מחפוד-חזה עוף קפוא מ,קילוגרמים,1.00,"ק""ג",true,,33.90,33.9000,true,1,28962
7290000194253,false,כנפיים עוף קפוא ארוז,,,כנפיים עוף קפוא ארוז,קילוגרמים,1.00,"ק""ג",true,,13.90,13.9000,true,1,28963
7290000194284,false,מחפוד - פרגיות עוף ק,,,מחפוד - פרגיות עוף ק,קילוגרמים,1.00,"ק""ג",true,,74.90,74.9000,true,1,28966
7290000194345,false,שניצל עוף ארוז מחפוד,,,שניצל עוף ארוז מחפוד,קילוגרמים,1.00,"ק""ג",true,,34.90,34.9000,true,1,28969
7290000195537,false,האגיס - מגבוני האגיס דיילי קר לא מבושם 64 יח' * 4,חוגלה קימברלי,IL,מגבוני האגיס דיילי ק,אין,0.00,יחידה,false,,20.90,0.0000,true,1,8288
7290000195773,false,האגיס - מגבוני האגיס סנסטיב קר לא מבושם 64 יח' * 4,חוגלה קימברלי,IL,מגבוני האגיס סנסטיב,אין,0.00,יחידה,false,,20.90,0.0000,true,1,8291
7290000196039,false,"מפות שולחן איריס ח""פ ניקול 2 יח'",קריות זול,IL,ניקול מפות שולחן זוג,אין,0.00,יחידה,false,,9.90,0.0000,true,1,8292
7290000196763,false,ניקול שקיות לאשפה השקית החזקה 40 יח',אשפלסט,IL,ניקול השקית החזקה,אין,0.00,יחידה,false,,23.90,0.0000,true,1,8295
7290000197029,false,ניקול שקיות ניילון ריצרץ לאחסון 12יח',קריות זול,,ניקול שקיות ניילון ר,אין,0.00,יחידה,false,,12.90,0.0000,true,1,8297
7290000197081,false,ניקול ניילון נצמד חסכון 150 מ',אופל,IL,ניילונית נצמד ניקול,מטרים,150.00,מטר,false,,32.90,0.2193,true,1,8298
7290000197326,false,רדיד אלומניום ניקול זוגי 30X7.5מ',קריות זול,IL,ניקול רדיד אלומיניום,מטרים,15.00,מטר,false,,10.90,0.7267,true,1,8304
7290000197425,false,האגיס - פרידום דריי שלב 3 52 יח',קימברלי קלארק ישראל,IL,האגיס פרידום דריי של,אין,0.00,יחידה,false,,45.90,0.0000,true,1,8306
7290000197432,false,שקיות אוכל סנדביצ'ון ניקול מארז 150X2יח',אשלפסט תעשיות בעמ,IL,ניקול שקיות אוכל זוג,אין,0.00,יחידה,false,,13.90,0.0000,true,1,8307
7290000197456,false,האגיס - פרידום דריי שלב 4 44 יח',קימברלי קלארק ישראל,IL,האגיס פרידום דריי של,אין,0.00,יחידה,false,,45.90,0.0000,true,1,8308
7290000197463,false,האגיס - פרידום דריי שלב 4+ 40 יח',קימברלי קלארק ישראל,IL,האגיס פרידום דריי של,אין,0.00,יחידה,false,,45.90,0.0000,true,1,8309
7290000197470,false,מקפיאון שקיות הקפאה מתכלות ניקול 250יח',אשלפסט תעשיות בעמ,IL,"ניקול שקיות רב""ש 250",אין,0.00,יחידה,false,,14.90,0.0000,true,1,8310
7290000197548,false,האגיס - פרידום דריי שלב 5 36 יח',קימברלי קלארק ישראל,IL,האגיס פרידום דריי של,אין,0.00,יחידה,false,,45.90,0.0000,true,1,8311
7290000197654,false,ניקול אשפתון שקיות אשפה ענקיות 45 יח',קריות זול,IL,אשפתון שקיות אשפה ענ,אין,0.00,יחידה,false,,21.90,0.0000,true,1,8312
7290000197678,false,האגיס - פרידום פלוס שלב 6 30 יח',קימברלי קלארק ישראל,IL,האגיס פרידום דריי ש,אין,0.00,יחידה,false,,45.90,0.0000,true,1,8313
7290000197753,false,ניילון נצמד אנטי בטקריאלי ניקול 30X2מ',קריות זול,,ניקול ניילונית זוג,מטרים,60.00,מטר,false,,10.90,0.1817,true,1,8314
7290000197876,false,ניקול תבנית אלומיניום 4 יח' 2 מכסים,פאלאס,CN,ניקול תבנית אלומיניו,אין,0.00,יחידה,false,,9.90,0.0000,true,1,8316
7290000197883,false,ניקול תבניות אלומיניום 4יח',ארץ ייצור: סין,CN,ניקול תבניות אלומיני,אין,0.00,יחידה,false,,9.90,0.0000,true,1,8317
7290000197951,false,ניקול תבנית אלומיניום ענק 3 יח',פאלאס,,ניקול תבנית אלומיניו,אין,0.00,יחידה,false,,9.90,0.0000,true,1,8318
7290000198109,false,צלעות אסאדו מעושנות,,,צלעות אסאדו מעושנות,קילוגרמים,1.00,"ק""ג",true,,139.90,139.9000,true,1,285616
7290000201832,false,טיטולים פרימיום שלב 3 52 יח',חוגלה קימברלי,IL,טיטולים פרימיום שלב,אין,0.00,יחידה,false,,33.90,0.0000,true,1,8328
7290000201856,false,טיטולים פרימיום שלב 4 + 40יח',חוגלה קימברלי,IL,טיטולים פרימיום שלב,אין,0.00,יחידה,false,,33.90,0.0000,true,1,8330
7290000201863,false,טיטולים פרימיום שלב 5 34 יח',חוגלה קימברלי,IL,טיטולים פרימיום שלב,אין,0.00,יחידה,false,,33.90,0.0000,true,1,8331
7290000201870,false,טיטולים פרימיום שלב 6 30 יח',חוגלה קימברלי,IL,טיטולים פרימיום שלב,אין,0.00,יחידה,false,,33.90,0.0000,true,1,8332
7290000204086,false,כרית קרצוף סקוטש ניקול 1+2,חוגלה קימברלי,US,ניקול כרית קרצוף,אין,0.00,יחידה,false,,10.90,0.0000,true,1,8335
7290000204147,false,ניקול כריות יפניות 2 ב 1 רביעייה,פלסטו פוליש (ברקן),IL,כריות יפניות 2 ב 1 ר,אין,0.00,יחידה,false,,10.90,0.0000,true,1,8336
7290000204215,false,ניקול כריות יפניות 6 יח',פלסטו פוליש (ברקן),IL,ניקול כריות יפניות 6,אין,0.00,יחידה,false,,9.90,0.0000,true,1,8337
7290000204253,false,מטליות ניקול רב שימושיות 9יח',נועם אורים-קיבוץ אור,IL,מטלית רב שימושית תשע,אין,0.00,יחידה,false,,9.90,0.0000,true,1,8338
7290000204512,false,מטליות לחות לרצפה בניחוח לימון 10 יח' ניקול,עלבד משואות יצחק בעמ,IL,מטליות לחות לרצפה בר,אין,0.00,יחידה,false,,9.90,0.0000,true,1,8340
7290000204611,false,ספוגיות הקסם ניקול 6יח',קריות זול,US,ניקול ספוגית הקסם*6,אין,0.00,יחידה,false,,10.90,0.0000,true,1,8341
7290000207063,false,רסק עגבניות פריכוז 28% 240 גרם יכין,היינץ צפון אמריקה מק,IL,רוטב עגבניות פריכוז,גרמים,240.00,100 גרם,false,,3.90,0.0162,true,1,8062
7290000207162,false,רוטב עגבניות מרכיב טבעי 100 ג' יכין,"זנלכל בע""מ",IL,רוטב עגבניות 100 גרם,גרמים,100.00,100 גרם,false,,2.50,0.0250,true,1,8063
7290000207438,false,עגבניות קוביות יכין 800 גר,"זנלכל בע""מ",IL,עגבניות לקוביות יכין,גרמים,800.00,100 גרם,false,,9.90,0.0124,true,1,8064
7290000207764,false,חטיף יפני,,,חטיף יפני,קילוגרמים,1.00,"ק""ג",true,,67.00,67.0000,true,1,20529
7290000208022,false,עגבניות מרוסקות פריכוז 800 ג' יכין,"זנלכל בע""מ",IL,עגבניות מרוסקות יכין,גרמים,800.00,100 גרם,false,,9.90,0.0124,true,1,8066
7290000208077,false,אפונת גינה גדולה 550 גרם יכין,"זנלכל בע""מ",IL,אפונת גינה גדולה L י,גרמים,335.00,100 גרם,false,,8.90,0.0266,true,1,8067
7290000208114,false,אפונת גינה וגזר 550 ג' יכין,"זנלכל בע""מ",IL,אפונת גינה וגזר יכין,גרמים,330.00,100 גרם,false,,8.90,0.0270,true,1,8069
7290000208138,false,סירופ ענבים דיאט 1 ליטר יכין,"זנלכל בע""מ",IL,סירופ דייאט ענבים יכ,ארגז,1.00,ליטר,false,,16.90,16.9000,true,1,8070
7290000208145,false,גרגרי תירס מתוק לייט A2 יכין 550 ג',"זנלכל בע""מ",IL,גרעיני תירס לייט יכי,גרמים,335.00,100 גרם,false,,9.90,0.0296,true,1,8071
7290000208213,false,שעועית לבנה אפויה A2 ברוטב עגבניות יכין 560ג',היינץ צפון אמריקה מק,IL,שעועית לבנה ברוטב עג,גרמים,355.00,100 גרם,false,,8.90,0.0251,true,1,8073
7290000208220,false,שעועית צילי חריף 550 ג' יכין,היינץ צפון אמריקה מק,IL,שעועית צילי חריף יכי,גרמים,355.00,100 גרם,false,,9.90,0.0279,true,1,8074
7290000208244,false,בסיס עגבניות לשקשוקה 570 ג' יכין,"זנלכל בע""מ",IL,A2 בסיס עגבניות לשקש,גרמים,570.00,100 גרם,false,,10.90,0.0191,true,1,8075
7290000208312,false,גרעיני תירס מתוק בואקום יכין 400 גר',"זנלכל בע""מ",IL,גרעיני תירס מתוק יכי,גרמים,400.00,100 גרם,false,,6.90,0.0173,true,1,8078
7290000208329,false,גרעיני תירס מתוק A2 יכין 550ג',"זנלכל בע""מ",IL,גרעיני תירס מתוק יכי,גרמים,335.00,100 גרם,false,,8.90,0.0266,true,1,8079
7290000208336,false,רסק עגבניות 22% יכין 240ג',"זנלכל בע""מ",IL,רוטב עגבניות יכין 24,גרמים,240.00,100 גרם,false,,4.50,0.0188,true,1,2749
7290000208343,false,עגבניות מרוסקות בתוספת שום 800 ג' יכין,היינץ צפון אמריקה מק,IL,עגבניות מרוסקות שום,גרמים,800.00,100 גרם,false,,9.90,0.0124,true,1,8080
7290000208367,false,עגבניות מרוסקות בתוספת בזיליקום 800 ג' יכין,יכין,,עגבניות מרוסקות בזיל,גרמים,800.00,100 גרם,false,,9.90,0.0124,true,1,8082
7290000208404,false,A2 פול מצרי 550 גרם יכין,"זנלכל בע""מ",IL,פול מצרי יכין 550 גר,גרמים,350.00,100 גרם,false,,8.90,0.0254,true,1,8083
7290000208428,false,גרגרי חומוס שלם 550 גרם יכין,"זנלכל בע""מ",IL,חומוס שלם יכין 550 ג,גרמים,290.00,100 גרם,false,,8.90,0.0307,true,1,8084
7290000208480,false,תירס A3 בטעם חמאה 600 גרם,קריות זול,IL,גרעיני תירס בטעם חמא,גרמים,335.00,100 גרם,false,,9.90,0.0296,true,1,8086
7290000208534,false,גרעיני תירס ילדים 550 גרם יכין,"זנלכל בע""מ",IL,גרעיני תירס קיד מתוק,גרמים,335.00,100 גרם,false,,9.90,0.0296,true,1,8087
7290000208800,false,תירס קיד מתוק יכין 4,,,תירס קיד מתוק יכין 4,גרמים,400.00,100 גרם,false,,6.90,0.0173,true,1,8088
7290000208855,false,רוטב פסטה עגבניות יכין 240 ג',"זנלכל בע""מ",IL,רוטב לפסטה קלאסי יכי,גרמים,260.00,100 גרם,false,,5.50,0.0212,true,1,8089
7290000208893,false,תירס לייט ואקום יכין 340ג',היינץ צפון אמריקה מק,IL,תירס לייט יכין 400 ג,גרמים,400.00,100 גרם,false,,6.90,0.0173,true,1,8090
7290000208947,false,עגבניות מרוסקות 240 גרם יכין,היינץ צפון אמריקה מק,IL,עגבניות מרוסקות יכין,אין,260.00,יחידה,false,,5.50,0.0212,true,1,8092
7290000208978,false,רסק עגבניות פריכוז 28% 100 גרם יכין,היינץ צפון אמריקה מק,IL,רוטב עגבניות פריכוז,גרמים,100.00,100 גרם,false,,2.90,0.0290,true,1,8093
7290000209012,false,חומץ הדרים יכין 1 לי,"זנלכל בע""מ",IL,חומץ הדרים 5% יכין 1,ארגז,1.00,ליטר,false,,5.90,5.9000,true,1,8094
7290000209043,false,מיץ לימון משומר 1 ל' יכין,היינץ צפון אמריקה מק,IL,מיץ לימון משומר יכין,ארגז,1.00,ליטר,false,,4.90,4.9000,true,1,8095
7290000209173,false,חומץ סינטטי יכין 1 ל,זנלכל,IL,חומץ סינטטי 5% יכין,ארגז,1.00,ליטר,false,,4.70,4.7000,true,1,8096
7290000209371,false,שלישיית תירס קטן יכי,היינץ צפון אמריקה מק,IL,תירס שלישיה יכין 3*1,גרמים,495.00,100 גרם,false,,14.90,0.0301,true,1,8099
7290000209388,false,תירס גרגרים לייט וואקום מארז 60X3ג',יכין,,תירס לייט שלישיה יכי,גרמים,420.00,100 גרם,false,,14.90,0.0355,true,1,8100
7290000209524,false,סירופ דייאט פטל יכין,זנלכל,IL,סירופ דייאט פטל יכין,ארגז,1.00,ליטר,false,,16.90,16.9000,true,1,8102
7290000209579,false,סירופ דיאט אננס 1 ליטר,"זנלכל בע""מ",IL,סירופ דייאט אננס יכי,ארגז,1.00,ליטר,false,,16.90,16.9000,true,1,8105
7290000209722,false,רסק עגבניות 28% פריכוז 580 גרם יכין,"זנלכל בע""מ",IL,רוטב עגבניות מרוכז מ,גרמים,580.00,100 גרם,false,,9.90,0.0171,true,1,8108
7290000209906,false,עגבניות מרוסקות בתוספת בצל 240 ג' יכין,זנלכל,IL,עגבניות מרוסקות עם ב,גרמים,260.00,100 גרם,false,,5.50,0.0212,true,1,8109
7290000209913,false,עגבניות קוביות יכין 240 ג',"זנלכל בע""מ",IL,עגבניות לקוביות יכין,גרמים,260.00,100 גרם,false,,5.50,0.0212,true,1,8110
7290000209944,false,רוטב לעגבניות בסיס לשקשוקה 240 ג' יכין,"זנלכל בע""מ",IL,רוטב לעגבניות לשקשוק,גרמים,260.00,100 גרם,false,,5.50,0.0212,true,1,8111
7290000209951,false,רוטב עגבניות לפיצה 240 גרם יכין,"זנלכל בע""מ",IL,רוטב עגבניות לפיצה י,מיליליטרים,260.00,"100 מ""ל",false,,5.50,0.0212,true,1,8112
7290000209968,false,רוטב עגבניות ללזניה יכין 240 גרם,"זנלכל בע""מ",IL,רוטב ללזניה יכין 240,גרמים,260.00,100 גרם,false,,5.50,0.0212,true,1,8113
7290000210469,false,עגבניות שלמות 700 ג' יכין,יכין,,עגבניות שלמות יכין 8,גרמים,800.00,100 גרם,false,,9.90,0.0124,true,1,8114
7290000210896,false,רוטב בולונז לפסטה יכין 240 גר',"זנלכל בע""מ",IL,רוטב לפסטה בולונז יכ,גרמים,260.00,100 גרם,false,,5.50,0.0212,true,1,8115
7290000211138,false,סיימן גבינת עיזים הו,,,סיימן גבינת עיזים הו,קילוגרמים,1.00,"ק""ג",true,,179.00,179.0000,true,1,11972
7290000211145,false,סיימן גבינת גאודה במ,,,סיימן גבינת גאודה במ,קילוגרמים,1.00,"ק""ג",true,,119.00,119.0000,true,1,11973
7290000211169,false,"אורז תאילנדי אחד אחד סוגת 1 ק""ג",האי נאם סי או אל.טי.,IL,אורז תאילנדי 1 ק'ג,אלף,1.00,"ק""ג",false,,6.90,6.9000,true,1,12288
7290000211312,false,סוגת אורז מלא פרסי אחד אחד 1 קג,האי נאם סי או אל.טי.,IL,אורז מלא אחד אחד 1קג,אלף,1.00,"ק""ג",false,,7.90,7.9000,true,1,12289
7290000211374,false,"קמח מלא סוגת 1 ק""ג",תחנות קמח דגן 2006 ב,IL,"קמח מלא סוגת 1 ק""ג",אלף,1.00,"ק""ג",false,,6.90,6.9000,true,1,12290
7290000211442,false,"סוגת אורז פרסי קלאסי שקית 1 ק""ג",האי נאם סי או אל.טי.,IL,סוגת אורז פרסי קלאסי,אלף,1.00,"ק""ג",false,,10.90,10.9000,true,1,12292
7290000211503,false,סוכר לבן ארוז בשקית,"סוגת תעשיות בע""מ",IL,"סוכר סוגת לבן 1 ק""ג",אלף,1.00,"ק""ג",false,,4.50,4.5000,true,1,12293
7290000211626,false,"אורז חיש 1 ק""ג סוגת",סוגת תעשיות,IL,"אורז חיש 1 ק""ג",אלף,1.00,"ק""ג",false,,9.90,9.9000,true,1,12294
7290000211985,false,"אורז ריזוטו עגול סוגת 1 ק""ג","סוגת תעשיות בע""מ",IL,סוגת אורז עגול 1קג,אלף,1.00,"ק""ג",false,,11.90,11.9000,true,1,12295
7290000212975,false,"ופל שוקו מנעמים 1 ק""",,,"ופל שוקו מנעמים 1 ק""",אלף,1.00,"ק""ג",false,,16.90,16.9000,true,1,458308
7290000226576,false,עוגת טורט מצופה שוקולד 1 קג',קפולסקי שיווק וקמעונ,IL,עוגת טורט מצופה שוקו,אלף,1.00,"ק""ג",false,,65.90,65.9000,true,1,25150
7290000238029,false,"בצק עלים צרפתי מרודד מעדנות 1ק""ג",מיוצר עי קונדיטוריית,IL,"בצק עלים 1ק""ג",אלף,1.00,"ק""ג",false,,17.90,17.9000,true,1,22740
7290000238036,false,מלאווח 6יח' מעדנות 700ג',מיוצר עי קונדיטוריית,IL,מעדנות מלווח 700גר,גרמים,700.00,100 גרם,false,,15.90,0.0227,true,1,22741
7290000238173,false,בורקס גבינה 800 ג' מעדנות,מיוצר עי קונדיטוריית,IL,בורקס גבינה מעדנות 8,גרמים,800.00,100 גרם,false,,14.90,0.0186,true,1,22742
7290000238180,false,בורקס תפוחי אדמה מעדנות 800ג',מיוצר עי קונדיטוריית,IL,"בורקס תפו""א 800גר",גרמים,800.00,100 גרם,false,,14.90,0.0186,true,1,22743
7290000243566,false,"שמן קנולה בריאות 750 מ""ל",סקנולה,EE,שמן קנולה בריאות עץ,מיליליטרים,750.00,"100 מ""ל",false,,11.90,0.0159,true,1,18819
7290000244082,false,"סבון נוזלי הוואי כחול עמוק - שלשה 500מ""ל",קריות זול,,סבון נוזלי כחול עמוק,ארגז,1.50,ליטר,false,,14.90,9.9333,true,1,7927
7290000244143,false,"הוואי - קרם לאחר גילוח 120 מ""ל",תאי פרזידנט פוד פאבל,IL,קרם לאחר גילוח הוואי,גרמים,120.00,100 גרם,false,,17.90,0.1492,true,1,7928
7290000244761,false,"ולוטה - קרם ידיים 100 מ""ל",תאי פרזידנט פוד פאבל,IL,"קרם ולוטה 80 מ""ל",מיליליטרים,100.00,"100 מ""ל",false,,6.90,0.0690,true,1,7929
7290000245089,false,סוד סופט מרכך כביסה סגול 4 ליטר,"הנקל סוד בע""מ",IL,מרכך כביסה סוד סגול,ארגז,4.00,ליטר,false,,16.90,4.2250,true,1,22362
7290000245157,false,סוד סופט מרכך כביסה סנסיישן 4 ליטר,"הנקל סוד בע""מ",IL,מרכך כביסה סוד סנסיי,ארגז,4.00,ליטר,false,,16.90,4.2250,true,1,22363
7290000245287,false,"פרסיל אבקת כביסה 1.250 ק""ג קולור ויניגר","הנקל סוד בע""מ",IL,אבקת כביסה פרסיל קול,אלף,1.25,"ק""ג",false,,15.90,12.7200,true,1,22365
7290000245294,false,"א.כ. פרסיל סופרא שקית 2.5 ק""ג","הנקל סוד בע""מ",IL,אבקת כביסה פרסיל 2.5,אלף,2.50,"ק""ג",false,,26.90,10.7600,true,1,22366
7290000245799,false,סוד סופט מרכך כביסה כחול 4 ליטר,"הנקל סוד בע""מ",IL,מרכך כביסה סוד כחול,ארגז,4.00,ליטר,false,,16.90,4.2250,true,1,22369
7290000251113,false,פטה עיזים המושבה,,,פטה עיזים המושבה,קילוגרמים,1.00,"ק""ג",true,,100.00,100.0000,true,1,11172
7290000251128,false,בריזה צאן המושבה,,,בריזה צאן המושבה,קילוגרמים,1.00,"ק""ג",true,,90.00,90.0000,true,1,11173
7290000253220,false,שוקולד צ'יפס חום אופנהיימר 260 גר',אופנהיימר,IL,שוקולד צ'יפס אופנהיי,גרמים,260.00,100 גרם,false,,10.90,0.0419,true,1,1258
7290000253251,false,שוקולד צ'יפס לבן אופנהיימר 300ג',אופנהיימר,IL,שוקולד צ'יפס לבן אופ,גרמים,250.00,100 גרם,false,,10.90,0.0436,true,1,1259
7290000253374,false,מיני שוקולד צ'יפס - נטיפי שוקולד מריר,אופנהיימר,IL,מיני שוקולד צ'יפס או,גרמים,250.00,100 גרם,false,,14.90,0.0596,true,1,461135
7290000262031,false,נייר טואלט מולט לב 32 גליל,חוגלה קימברלי,,נייר טואלט מולט לב 3,מטרים,563.00,מטר,false,,32.90,0.0584,true,1,8344
7290000262413,false,חיתולי האגיס אקסטרה קייר מידה 5 34יח,חוגלה קימברלי,IL,האגיס אקסטרה קייר מי,אין,0.00,יחידה,false,,51.90,0.0000,true,1,8347
7290000263359,false,האגיס - פיור נטורל שלב 1 ניו בורן 40 יח',קימברלי קלארק שיווק,IL,האגיס אקסטרא קייר של,אין,0.00,יחידה,false,,32.90,0.0000,true,1,8353
7290000272443,false,סירופ עסיס דיאט תפוזים צ.טבעי 1 ל',בית-השיטה עסיס תעשיו,IL,סירופ דיאט תפוז עסיס,אין,0.00,יחידה,false,,16.90,0.0000,true,1,13031
7290000272467,false,סירופ עסיס דיאט פטל 1ל,בית-השיטה עסיס תעשיו,IL,סירופ דיאט פטל עסיס,ארגז,1.00,ליטר,false,,16.90,16.9000,true,1,13032
7290000272696,false,עסיס מיץ לימון טבעי משומר 1 ל' אסם,בית-השיטה עסיס תעשיו,IL,מיץ לימון משומר עסיס,ארגז,1.00,ליטר,false,,9.50,9.5000,true,1,13033
7290000272726,false,חומץ טבעי 5% עסיס 1 ל' אסם,בית השיטה עסיס תעשיו,IL,חומץ טבעי 5% עסיס 1,ארגז,1.00,ליטר,false,,5.90,5.9000,true,1,13034
7290000284316,false,קוקה קולה 1.5 ליטר,קוקה קולה,,קוקה קולה 1.5 ליטר,ארגז,1.50,ליטר,false,,8.30,5.5333,true,1,7233
7290000286228,false,כרית קרצוף לכלים סנו סושי 6יח',סנו מפעלי ברונו בעמ,IL,סנו סושי שישיות כריו,אין,0.00,יחידה,false,,11.90,0.0000,true,1,19003
7290000286297,false,"סנו אנטי קאלק מסיר אבן מקומקום 700 מ""ל",סנו מפעלי ברונוס בעמ,IL,סנו מסיר אבן מקומקום,מיליליטרים,700.00,"100 מ""ל",false,,10.90,0.0156,true,1,19004
7290000286466,false,פילה דג לברק/ בס יפנ,,,פילה דג לברק/ בס יפנ,קילוגרמים,1.00,"ק""ג",true,,49.90,49.9000,true,1,445032
7290000286549,false,סנו סושי מטליות לניקוי כללי 9 יח',טרופיקל דגיל תעשיות,IL,סנו סושי מטליות לכל,אין,0.00,יחידה,false,,11.90,0.0000,true,1,19010
7290000286761,false,ניילון נצמד סנו סושי פלסטיק מארז 30X2 מ',מיוצר עי קונדיטוריית,CN,סנו סושי פלסטיק נצמד,מטרים,60.00,מטר,false,,11.90,0.1983,true,1,19013
7290000286824,false,פילה דג נסיכת הנילוס,,,פילה דג נסיכת הנילוס,קילוגרמים,1.00,"ק""ג",true,,39.90,39.9000,true,1,443902
7290000286891,false,סנו מגן קריסטל לרצפו,"סנו מפעלי ברונוס בע""",IL,סנו מגן קריסטל 1 לי,ארגז,1.00,ליטר,false,,22.90,22.9000,true,1,19015
7290000286921,false,"סנוקל רסס וכבס 750 מ""ל",סנו מפעלי ברונוס בעמ,IL,סנוקל רסס כבס,מיליליטרים,750.00,"100 מ""ל",false,,12.90,0.0172,true,1,19018
7290000286945,false,"סנו רהיט אקדח מרסס 500מ""ל","סנו מפעלי ברונוס בע""",IL,"סנו רהיט נוזל 500 מ""",מיליליטרים,500.00,"100 מ""ל",false,,24.90,0.0498,true,1,19019
7290000286947,false,פילה דג סלמון נורווג,,,פילה דג סלמון נורווג,קילוגרמים,1.00,"ק""ג",true,,84.90,84.9000,true,1,447011
7290000287102,false,"סנו שמפו שטיחים אירוסול 600 מ""ל",מיוצר עי קונדיטוריית,IL,סנו שמפו שטיחים אירו,מיליליטרים,600.00,"100 מ""ל",false,,21.90,0.0365,true,1,19020
7290000287195,false,"סנו רהיט ספריי עשיר בווקס להברקה 305 מ""ל",מיוצר עי קונדיטוריית,IL,סנו רהיט ספריי עשיר,מיליליטרים,305.00,"100 מ""ל",false,,14.90,0.0489,true,1,19021
7290000287430,false,סנובון צבעוני לאסלה בריח לימון שלישייה,סנו מפעלי ברונו בעמ,IL,סנובון שלישיה צבעוני,גרמים,165.00,100 גרם,false,,11.90,0.0721,true,1,19024
7290000287492,false,"סנו - סנובון נוזלי לימון 750 מ""ל","איי, בי, אינבוו",IL,סנובון נוזלי בניחוח,מיליליטרים,750.00,"100 מ""ל",false,,9.90,0.0132,true,1,19026
7290000287621,false,"מנקה אסלות סנו אנטי קאלק 750 מ""ל,",מיוצר עי קונדיטוריית,IL,סנו אנטי קאלק W.C מנ,מיליליטרים,750.00,"100 מ""ל",false,,11.90,0.0159,true,1,19028
7290000288017,false,אקונומיקה בריח לימון,"סנו מפעלי ברונוס בע""",IL,סנו זאוול 1ליטר לימו,ארגז,1.00,ליטר,false,,7.90,7.9000,true,1,19031
7290000288024,false,סנו - ז'אוול אקונומיקה בריח לימון 4 ליטר,"סנו מפעלי ברונוס בע""",IL,סנו ז'אוול בריח לימו,ארגז,4.00,ליטר,false,,16.90,4.2250,true,1,19032
7290000288079,false,סנו - ז'אוול אקונומיקה לימון 2 ליטר,"סנו מפעלי ברונוס בע""",IL,סנו זאוול בריח לימון,ארגז,2.00,ליטר,false,,10.90,5.4500,true,1,19035
7290000288642,false,סנו - מקסימה מרכך כביסה סנסטיב ורוד 4 ליטר,"סנו מפעלי ברונוס בע""",IL,מרכך כביסה סנו מקסימ,ארגז,4.00,ליטר,false,,22.90,5.7250,true,1,19047
7290000288727,false,"אבקת כביסה מקסימה מאסק 1.25 ק""ג סנו",קריות זול,IL,סנו מקסימה מאסק 1.25,אלף,1.25,"ק""ג",false,,14.90,11.9200,true,1,19049
7290000289069,false,סנו - ז'אוול מרסס קצף ניקוי בתוספת אקונומיקה בריח לימון 1 ליטר,"סנו מפעלי ברונוס בע""",IL,סנו ג'אוול מרסס לימו,ארגז,1.00,ליטר,false,,17.90,17.9000,true,1,19052
7290000289380,false,"סנו - ז'אוול לניקוי אסלות לימון 750 מ""ל",סנו,IL,סנו ג'אוול לימון לני,מיליליטרים,750.00,"100 מ""ל",false,,11.90,0.0159,true,1,19054
7290000289472,false,סנו סושי שקיות 76*90 50 יח' XXL,מיוצר עי קונדיטוריית,IL,סנו סושי שקיות HD 76,אין,0.00,יחידה,false,,20.90,0.0000,true,1,19055
7290000289496,false,"סנו - ז'אוול ג'ל קרם לניקוי כללי לימון 750 מ""ל",הורביץ סחר,IL,סנו ג'אוול ג'ל קרם ל,מיליליטרים,750.00,"100 מ""ל",false,,11.90,0.0159,true,1,19056
7290000289595,false,"אורביטול משחת שיניים לילדים בטעם תות שדה 145 מ""ל",טרופיקל דגיל תעשיות,IL,משחה לילדים טעם תות,מיליליטרים,145.00,"100 מ""ל",false,,7.90,0.0545,true,1,19057
7290000289885,false,"סנו פרש ענק אושן כחול 375 מ""ל","סנו מפעלי ברונוס בע""",IL,סנו פרש ענק אושן כחו,מיליליטרים,375.00,"100 מ""ל",false,,10.90,0.0291,true,1,19060
7290000289915,false,"סנו פרש ענק קוקו וניל צהוב 375 מ""ל",סנו,IL,סנו פרש ענק קוקו וני,מיליליטרים,375.00,"100 מ""ל",false,,10.90,0.0291,true,1,19061
7290000291932,false,"סנובון לניקוי לבנדר 750מ""ל",קריות זול,IL,סנובון נוזלי בניחוח,מיליליטרים,750.00,"100 מ""ל",false,,9.90,0.0132,true,1,19063
7290000291963,false,סנו ז'אוול סמיכה לימון 1 ל',קריות זול,IL,סנו ז'אוול סמיכה לימ,אין,0.00,יחידה,false,,7.90,0.0000,true,1,19064
7290000292502,false,"k-800 קוטל נמלים 300מ""ל","סנו מפעלי ברונוס בע""",IL,K 800קוטל נמלים 300,מיליליטרים,300.00,"100 מ""ל",false,,19.90,0.0663,true,1,19069
7290000292533,false,ג'ל סנו כחול לניקוי כללי 1 ליטר,קריות זול,,סנו ג'ל לניקוי כללי,ארגז,1.00,ליטר,false,,16.90,16.9000,true,1,19070
7290000292687,false,סנובון לאסלה כחול אפרסק נתלה 55X3ג',מיוצר עי קונדיטוריית,IL,סנובון כחול שלישיה,גרמים,165.00,100 גרם,false,,15.90,0.0964,true,1,19073
7290000292915,false,"סנו רסס ונגב אקדח 750מ""ל","סנו מפעלי ברונוס בע""",IL,סנו רסס ונגב אקדח 75,מיליליטרים,750.00,"100 מ""ל",false,,12.90,0.0172,true,1,19075
7290000293073,false,מרכך כביסה מקסימה ביו לבן 4 ל' סנו,"סנו מפעלי ברונוס בע""",IL,מרכך כביסה סנו מקסימ,ארגז,4.00,ליטר,false,,22.90,5.7250,true,1,19077
7290000293516,false,מתקן סופג לחות 340 ג,"סנו מפעלי ברונוס בע""",IL,סופג לחות בקופסא,מיליליטרים,340.00,"100 מ""ל",false,,27.90,0.0821,true,1,19078
7290000293530,false,סופג לחות שקית מילוי,קריות זול,IL,מילוי סופג לחות,מיליליטרים,340.00,"100 מ""ל",false,,12.90,0.0379,true,1,19079
7290000293820,false,"קרמה מן שמפו וג'ל גל רחצה אקטיב בלוק 700מ""ל",קוסמופארם בעמ,IL,שמפו וג'ל רחצה קרבון,מיליליטרים,700.00,"100 מ""ל",false,,18.90,0.0270,true,1,19081
7290000293837,false,"קרמה מן דאודורנט ג'ל אנטיפרספירנט 70 מ""ל",קוסמופארם בעמ,IL,דאודורנט ג'ל קרמה מן,מיליליטרים,70.00,"100 מ""ל",false,,13.90,0.1986,true,1,80992
7290000293943,false,סנו אנטי קאלק מסיר אבנית וחלודה 1ל',מיוצר עי קונדיטוריית,IL,סנו אנטי קאלק+מתז 1,ארגז,1.00,ליטר,false,,19.90,19.9000,true,1,19082
7290000294773,false,סנו ז'אוול 4ליטר מונטבלאן קול,"סנו מפעלי ברונוס בע""",IL,סנו ז'אוול בריח אילנ,ארגז,4.00,ליטר,false,,16.90,4.2250,true,1,19086
7290000294780,false,סנו - ז'אוול אקונומיקה סמיכה מבושמת 4 ליטר,"סנו מפעלי ברונוס בע""",IL,סנו ז'אוול סמיכה 4 ל,ארגז,4.00,ליטר,false,,16.90,4.2250,true,1,19087
7290000295299,false,כרית קרצוף יפניות סנו סושי 4 יח',סנו מפעלי ברונו בעמ,IL,כריות יפניות סנו סוש,אין,0.00,יחידה,false,,11.90,0.0000,true,1,19089
7290000295367,false,"מקסימה ז'אוול 2.5ק""ג אבקת כביסה מרכז",הורביץ סחר,IL,אבקת כביסה סנו מקסימ,אלף,2.50,"ק""ג",false,,26.90,10.7600,true,1,19093
7290000295404,false,סנו סושי שקית אשפה חזקות 70*50 60 יח',מיוצר עי קונדיטוריית,IL,שקיות אשפה נשלפות סנ,אין,0.00,יחידה,false,,22.90,0.0000,true,1,19094
7290000295503,false,סנו סושי שקיות אוכל מתכלות זוג *150 יח',אשפלסט תעשיות,CN,סנו סושי צמד שקיות א,אין,0.00,יחידה,false,,14.90,0.0000,true,1,19095
7290000295541,false,סנו רב מגבת גמבו 75 דפים בגליל,מיוצר עי קונדיטוריית,IL,סנו רב מגבת גמבו,אין,0.00,יחידה,false,,19.90,0.0000,true,1,19096
7290000295558,false,רדיד אלומיניום סנו סושי זוגי 30X7.5מ',מולינו ניקולי s.p.a,CN,צמד רדיד אלומיניום ק,מטרים,15.00,מטר,false,,11.90,0.7933,true,1,19097
7290000295565,false,רדיד אלומיניום סנו סושי זוגי 45X7.5מ',בורסה פזרי,IL,רדיד אלומיניום רחב ב,מטרים,15.00,מטר,false,,16.90,1.1267,true,1,19098
7290000295572,false,"סנו מנקה אסלות 00 זוג * 750 מ""ל",מיוצר עי קונדיטוריית,IL,מנקה אסלות 00 צמד,ארגז,1.50,ליטר,false,,17.90,11.9333,true,1,19099
7290000295794,false,כרית מתכת סנו סושי אל חלד 3יח',,,ספוגיות אל חלד זוג,אין,0.00,יחידה,false,,11.90,0.0000,true,1,19102
7290000295824,false,סנו סושי רדיד אלומיניום 100 מ',מולינו ניקולי s.p.a,IL,סנו סושי רדיד אלומינ,מטרים,100.00,מטר,false,,56.90,0.5690,true,1,19103
7290000300877,false,סיימן גבינת צדר אנגל,,,סיימן גבינת צדר אנגל,קילוגרמים,1.00,"ק""ג",true,,130.00,130.0000,true,1,11981
7290000300884,false,סיימן גבינת צ'דר אנג,,,סיימן גבינת צ'דר אנג,קילוגרמים,1.00,"ק""ג",true,,130.00,130.0000,true,1,11982
7290000300900,false,טבעול שניצל תירס 8*750גרם רכיבים טבעיים,עיצובים 2020 (4.8),IL,שניצל תירס טבעול רכי,גרמים,750.00,100 גרם,false,,24.80,0.0331,true,1,13626
7290000313160,false,עוגיות חברים זהבה ו-3 הדובים שוקו' אסם 250 גר',היינץ צפון אמריקה מק,IL,חברים זהבה ושלושת הד,גרמים,250.00,100 גרם,false,,8.50,0.0340,true,1,13035
7290000313184,false,עוגיות חברים גן חיות וניל אסם 250 גר',הגביע מוצרי וופלים ב,IL,חברים ביסקויט גן חיו,גרמים,250.00,100 גרם,false,,8.50,0.0340,true,1,13036
7290000313290,false,אסם נודלס נודלס אטריות מסולסלות 200גר,תאי פרזידנט פוד בנגק,TH,נודלס אטריות מסולסלו,אין,200.00,יחידה,false,,8.90,0.0445,true,1,13038
7290000318127,false,נקניקיות ביס 380 ג' יחיעם,מעדני יחיעם 1993,IL,נקניקיות ביס 380 גרם,גרמים,380.00,100 גרם,false,,10.90,0.0287,true,1,11663
7290000318165,false,פסטרמה אמיתית צלויה,מעדני יחיעם,IL,פסט.צ.על גחלים יחיעם,קילוגרמים,1.00,"ק""ג",true,,75.00,75.0000,true,1,11649
7290000318288,false,פסט.הודו בדבש יחיעם,,,פסט.הודו בדבש יחיעם,קילוגרמים,1.00,"ק""ג",true,,69.00,69.0000,true,1,11650
7290000318493,false,כתףבקר מפולפליחיעם מ,מעדני יחיעם,IL,כתףבקר מפולפליחיעם מ,קילוגרמים,1.00,"ק""ג",true,,110.00,110.0000,true,1,11651
7290000318677,false,סלמי סרוולט 150 ג' יחיעם,מעדני יחיעם 1993,IL,סלמי סרוולט 150גר יח,גרמים,150.00,100 גרם,false,,22.90,0.1527,true,1,11665
7290000318837,false,קורנדביףבקר מעדנ.יחי,מעדני יחיעם,IL,קורנדביףבקר מעדנ.יחי,קילוגרמים,1.00,"ק""ג",true,,120.00,120.0000,true,1,11653
7290000318929,false,סלמי צרפתי יחיעם מעד,מעדני יחיעם,IL,סלמי צרפתי יחיעם מעד,קילוגרמים,1.00,"ק""ג",true,,140.00,140.0000,true,1,11655
7290000318943,false,יחיעם פסטרמה של פעם,תאי פרזידנט פוד פאבל,IL,פסטרמה של פעם 200 גר,גרמים,200.00,100 גרם,false,,20.90,0.1045,true,1,11667
7290000319124,false,סלמי סרוולד יחיעם 25,מעדני יחיעם 1993,IL,סלמי סרוולט 250 גרם,גרמים,250.00,100 גרם,false,,34.90,0.1396,true,1,11668
7290000319131,false,נקניקיות עוף 400 ג' יחיעם,מעדני יחיעם 1993,IL,נקניקיות עוף יחיעם 4,גרמים,400.00,100 גרם,false,,10.90,0.0273,true,1,11669
7290000319704,false,נקניק כתף בקר מעושן,מעדני יחיעם,IL,כתף בקר מעו. יחיעם מ,קילוגרמים,1.00,"ק""ג",true,,109.00,109.0000,true,1,11657
7290000319728,false,סלמי איטלקי מפולפל י,מעדני יחיעם,IL,סלמי איטלקי מפולפל י,קילוגרמים,1.00,"ק""ג",true,,77.00,77.0000,true,1,11658
7290000319759,false,סלמי תה יחיעם מעדניה,מעדני יחיעם,IL,סלמי תה יחיעם מעדניה,קילוגרמים,1.00,"ק""ג",true,,46.00,46.0000,true,1,11659
7290000319803,false,קבנוס קלאסי 125 ג' יחיעם,תאי פרזידנט פוד פאבל,IL,קבנוס קלאסי 125גר,גרמים,125.00,100 גרם,false,,9.90,0.0792,true,1,11672
7290000319834,false,קבנוס פפרוני 125 ג' יחיעם,תאי פרזידנט פוד פאבל,IL,יחיעם קבנוס פפרוני ק,גרמים,125.00,100 גרם,false,,9.90,0.0792,true,1,11673
7290000327051,false,"שישיית סודה בטעם אננס *500 מ""ל טמפו",טמפו,IL,סודה בטעם אננס 500 מ,ארגז,3.00,ליטר,false,,14.90,4.9667,true,1,271568
7290000334684,false,טבעות בצל 700 ג' תפוגן,"תעשיות תפוגן בע""מ",IL,טבעות בצל 700 גרם,גרמים,700.00,100 גרם,false,,16.90,0.0241,true,1,13634
7290000334745,false,"אמריקאן צ'יפס תפוגן 1.5 ק""ג","תעשיות תפוגן בע""מ",IL,"אמריקאן ציפס 1.5 ק""ג",אלף,1.50,"ק""ג",false,,24.90,16.6000,true,1,13635
7290000339191,false,אבקת הלבנה רן ללא כל,קריות זול,IL,אבקת הלבנה רן 350 גר,גרמים,350.00,100 גרם,false,,17.90,0.0511,true,1,9042
7290000345215,false,תה ויסוצקי קלאסיק 100/1 כחול מעודן,מולינו ניקולי s.p.a,IL,תה ויסוצקי קלאסיק 10,גרמים,100.00,100 גרם,false,,15.90,0.1590,true,1,16080
7290000345260,false,תה ויסוצקי קלאסיק 25X1.50יח',מולינו ניקולי s.p.a,IL,תה ויסוצקי קלאסיק 25,גרמים,37.50,100 גרם,false,,6.90,0.1840,true,1,16081
7290000345284,false,תה ויסוצקי קלאסיק טעם עשיר 100/1.5יח',מולינו ניקולי s.p.a,IL,תה ויסוצקי 1.5 קלאסי,גרמים,150.00,100 גרם,false,,15.90,0.1060,true,1,16083
7290000345291,false,תה ארל גריי 25 שקיקים ויסוצקי,קריות זול,IL,תה ארל גריי 1.5/25,גרמים,37.50,100 גרם,false,,15.90,0.4240,true,1,16084
7290000345307,false,תה ארל גריי 50 שקיקים ויסוצקי,מולינו ניקולי s.p.a,IL,תה ארל גריי 1.5/50,גרמים,75.00,100 גרם,false,,28.90,0.3853,true,1,16085
7290000345536,false,תה נענע 25 שקיקים *1.5 ג',מולינו ניקולי s.p.a,IL,תה נענע 25 שקיות 1.5,גרמים,37.50,100 גרם,false,,16.90,0.4507,true,1,16086
7290000346021,false,תה הגן הקסום קמומיל 50יח',בית ויסוצקי,IL,תה קמומיל 50 שקיקים,גרמים,75.00,100 גרם,false,,35.90,0.4787,true,1,16088
7290000346120,false,תה ויסוצקי חליטת קסם הקינמון 25יח',קריות זול,IL,תה קסם הקנמון 25 שקי,גרמים,62.50,100 גרם,false,,17.50,0.2800,true,1,1169
7290000346137,false,תה הגן הקסום הילולי פירות 25 שקיקים,קריות זול,IL,תה הילולי פירות 25 ש,גרמים,62.50,100 גרם,false,,17.50,0.2800,true,1,1170
7290000346168,false,תה ויסוצקי חליטת שומר הגן הקסום 25יח',קריות זול,IL,תה חליטת שומר גן קסו,גרמים,37.50,100 גרם,false,,17.50,0.4667,true,1,1172
7290000346199,false,תה הגן הקסום תה פירות יער 25 יח',קריות זול,IL,תה פירות יער 25 שקיק,גרמים,67.50,100 גרם,false,,17.50,0.2593,true,1,1173
7290000346205,false,תה הגן הקסום תה קמומיל 25 יח',קריות זול,IL,תה קמומיל 25 שקיקים,גרמים,37.50,100 גרם,false,,17.50,0.4667,true,1,1174
7290000346212,false,תה מנטה הגן הקסום 25 שקיקים,HIQ FOOD PRODUCTS,IL,תה מנטה 25 שקיקים,גרמים,50.00,100 גרם,false,,17.50,0.3500,true,1,1175
7290000347738,false,תה ירוק נענע 25 שקיקים 1.5 גרם,קריות זול,IL,תה ירוק נענע 25 שקיק,גרמים,37.50,100 גרם,false,,23.90,0.6373,true,1,16090
7290000347752,false,תה ירוק לימונית ולואיזה 25 שקיקים *1.5 ג'' ויסוצקי,קריות זול,IL,תה ירוק לימונית ולוא,גרמים,37.50,100 גרם,false,,23.90,0.6373,true,1,16091
7290000358753,false,לשון בקר ארוז חלק קפ,,,לשון בקר ארוז חלק קפ,קילוגרמים,1.00,"ק""ג",true,,39.90,39.9000,true,1,31541
7290000363011,false,סלמי קוניאק טירת צבי,הנסיך- מפעל לייצור ט,IL,נקניק קוניאק מובחר ט,קילוגרמים,1.00,"ק""ג",true,,75.00,75.0000,true,1,16360
7290000363363,false,קבנוס מיוחד טירת צבי,הנסיך- מפעל לייצור ט,IL,קבנוס מיוחד 160 גרם,גרמים,160.00,100 גרם,false,,14.90,0.0931,true,1,16385
7290000363400,false,סלמי פפרוני טירת צבי,הנסיך- מפעל לייצור ט,IL,סלמי פפרוני טירת צבי,קילוגרמים,1.00,"ק""ג",true,,75.00,75.0000,true,1,16362
7290000363462,false,סלמי מעושן איטלקי טי,טירת צבי,IL,סלמי מעושן איטלקי טי,קילוגרמים,1.00,"ק""ג",true,,75.00,75.0000,true,1,16363
7290000363486,false,נקניק תה טירת צבי מע,טירת צבי,IL,נקניק תה טירת צבי מע,קילוגרמים,1.00,"ק""ג",true,,50.00,50.0000,true,1,16364
7290000363899,false,נקניקיות פיקנטיות טירת צבי 400 גר',טירת- צבי,IL,נקניקיות פיקנטיות 40,גרמים,400.00,100 גרם,false,,11.90,0.0298,true,1,16386
7290000364261,false,דקניקים סלסולי כתף בקר 120 ג' טירת צבי,הנסיך- מפעל לייצור ט,IL,סלסולי כתף בקר 120 ג,גרמים,120.00,100 גרם,false,,13.90,0.1158,true,1,16388
7290000364278,false,דקניקים סילסולי סלמי איטלקי 120 ג' טירת צבי,הנסיך- מפעל לייצור ט,IL,סלסולי סלמי איטלקי מ,גרמים,120.00,100 גרם,false,,13.90,0.1158,true,1,16389
7290000364285,false,דקניקים סלסולי פסטרמה הודו 120 ג' טירת צבי,הנסיך- מפעל לייצור ט,IL,טירת צבי סלסולי פסטר,גרמים,120.00,100 גרם,false,,13.90,0.1158,true,1,16390
7290000364292,false,דקניקים סלסולי פסטרמה הודו על גחלים 120 ג' טירת צבי,הנסיך- מפעל לייצור ט,IL,סלסולי פסטרמה גחלים,גרמים,120.00,100 גרם,false,,13.90,0.1158,true,1,16391
7290000364803,false,נקניקיות קרנץ אמריקאי טירת צבי 500 ג',הנסיך- מפעל לייצור ט,IL,נקניקיות קרנץ אמריקא,גרמים,500.00,100 גרם,false,,26.90,0.0538,true,1,16394
7290000364810,false,נקנקיות עגל טירת צבי 500 ג',הנסיך- מפעל לייצור ט,IL,נקנקיות עגל 500 גרם,גרמים,500.00,100 גרם,false,,26.90,0.0538,true,1,16395
7290000364858,false,"נקניקיות עוף טרי 1 ק""ג טירת צבי",הנסיך- מפעל לייצור ט,IL,נקניקיות עוף טרי 1 ק,אלף,1.00,"ק""ג",false,,22.90,22.9000,true,1,16396
7290000364872,false,נקניקיות עוף טירת צבי 400 ג',טיב טירת צבי 2000,IL,נקניקיות עוף 400 גרם,גרמים,400.00,100 גרם,false,,11.90,0.0298,true,1,16397
7290000364957,false,נקנקיות מיני - מיני עוף טירת צבי 700 ג',הנסיך- מפעל לייצור ט,IL,נקנקיות מיני - מיני,גרמים,700.00,100 גרם,false,,20.90,0.0299,true,1,16398
7290000365046,false,פסטרמה כתף בקר מעושן,טירת צבי,IL,כתף מעושן טירת צבי מ,קילוגרמים,1.00,"ק""ג",true,,89.00,89.0000,true,1,16367
7290000365398,false,פסטרמה חזה הודו בדבש,טירת צבי,IL,חזה הודו בדבש ט.צבי,קילוגרמים,1.00,"ק""ג",true,,79.00,79.0000,true,1,16370
7290000365749,false,נקניק פסטרמה 2 טבעית,טירת צבי,IL,פסט. טבעית ד.ש.ט.צבי,קילוגרמים,1.00,"ק""ג",true,,79.00,79.0000,true,1,16371
7290000365756,false,נקניק פסטרמה ברביקיו,טירת צבי,IL,פסט. עלגחלים ד.ש.ט.צ,קילוגרמים,1.00,"ק""ג",true,,79.00,79.0000,true,1,16372
7290000365954,false,פסטרמה הודו גחלים טי,טירת צבי,IL,פסט.על גחלים ט.צבי מ,קילוגרמים,1.00,"ק""ג",true,,79.00,79.0000,true,1,16374
7290000367590,false,צמד כפרי סלמי+פסטרמה 800 גרם טירת צבי,טיב טירת צבי 2000,IL,צמד כפרי נק.סלמי+פסט,גרמים,800.00,100 גרם,false,,25.40,0.0317,true,1,16399
7290000369037,false,סלט קוביות בולגרית 200 ג' ניצן,נטורל קייקס,IL,ניצן פטה קוביות בטעמ,גרמים,200.00,100 גרם,false,,16.90,0.0845,true,1,6749
7290000369341,false,לאבנה אבו גוש ניצן מ,יושלם,,לאבנה אבו גוש ניצן מ,קילוגרמים,1.00,"ק""ג",true,,50.00,50.0000,true,1,6748
7290000369617,false,כדורי מעדן גבינה בשמן 225 ג' ניצן,"ניצן מותגי מזון בע""מ",IL,ניצן כדורי פטה בשמני,גרמים,150.00,100 גרם,false,,16.90,0.1127,true,1,6751
7290000369709,false,ממרח חמאה בטעם שום 1,"ניצן מותגי מזון בע""מ",,ניצן חמאה ט.שונים 10,גרמים,100.00,100 גרם,false,,12.90,0.1290,true,1,6752
7290000370246,false,גבינת גרנה פדנו זנאט,,,גבינת גרנה פדנו זנאט,קילוגרמים,1.00,"ק""ג",true,,130.00,130.0000,true,1,5295
7290000370420,false,גבינת גאודה מהולנד 3,,,גבינת גאודה מהולנד 3,קילוגרמים,1.00,"ק""ג",true,,65.00,65.0000,true,1,252057
7290000370925,false,גבינת גאודה עם עשבי,,,גבינת גאודה עם עשבי,קילוגרמים,1.00,"ק""ג",true,,99.00,99.0000,true,1,246746
7290000371571,false,פסט.פרגיות לבאגט ט.צ,,,פסט.פרגיות לבאגט ט.צ,קילוגרמים,1.00,"ק""ג",true,,79.00,79.0000,true,1,16377
7290000379258,false,חלת קונדיטורית ארוזה 500 ג' אנג'ל,מאפיית שלמה א. אנג'ל,IL,חלת קונדיטורית אנגל,גרמים,500.00,100 גרם,false,,15.90,0.0318,true,1,22620
7290000385738,false,מנצ`גו משולש. מע.,,,מנצ`גו משולש. מע.,קילוגרמים,1.00,"ק""ג",true,,148.00,148.0000,true,1,11064
7290000385745,false,פיקורינו משולש.מע.,,,פיקורינו משולש.מע.,קילוגרמים,1.00,"ק""ג",true,,148.00,148.0000,true,1,11065
7290000387043,false,צלעות מס 22 חלק ברזי,,,צלעות 22 צרכני חלק ב,קילוגרמים,1.00,"ק""ג",true,,34.90,34.9000,true,1,305949
7290000403238,false,סיימן ברי איסיני מעד,,,סיימן ברי איסיני מעד,קילוגרמים,1.00,"ק""ג",true,,130.00,130.0000,true,1,11985
7290000408316,false,דנונה ביו יוגורט טבעי 3% 200 ג',מיוצר עי קונדיטוריית,IL,דנונה טבעי 3% 200מל,מיליליטרים,200.00,"100 מ""ל",false,,3.90,0.0195,true,1,15429
7290000408354,false,יוגורט עם אורז מצופה שוקולד קקאו 175 ג' דנונה,"שטראוס בריאות בע""מ",IL,דנונה קראנצ' פצפוצים,מיליליטרים,175.00,"100 מ""ל",false,,4.60,0.0263,true,1,15430
7290000412481,false,סנו - מנקה אסלות 00 1 ליטר,מיוצר עי קונדיטוריית,IL,מנקה אסלות 1 ליטר 00,ארגז,1.00,ליטר,false,,7.90,7.9000,true,1,19105
7290000416021,false,ממרח שוקולד השחר חלבי 500 גר',השחר העולה,IL,ממרח שוקולד השחר 500,גרמים,500.00,100 גרם,false,,13.90,0.0278,true,1,18497
7290000416045,false,ממרח שוקולד השחר דלי,השחר העולה,IL,ממרח שוקולד השחר 1 ק,אלף,1.00,"ק""ג",false,,24.90,24.9000,true,1,18498
7290000416076,false,שוקולד צימקאו לבישול השחר 400 ג',השחר העולה,IL,צימקאו לאפיה 400 גר',גרמים,400.00,100 גרם,false,,10.90,0.0273,true,1,18499
7290000416618,false,"ממרח שוקולד השחר פרווה בד""צ 400 גר'",השחר העולה בעמ,IL,ממרח שוקולד פרווה הש,גרמים,400.00,100 גרם,false,,11.90,0.0298,true,1,18502
7290000416632,false,ממרח שוקולד פרווה הש,השחר העולה תעשית ממת,IL,ממרח שוקולד פרווה הש,אלף,1.00,"ק""ג",false,,23.90,23.9000,true,1,18503
7290000416854,false,אבקת קקאו השחר העולה 150ג',אף.סי תבליני בגליל ב,IL,קקאו 150 גר',גרמים,150.00,100 גרם,false,,8.90,0.0593,true,1,18505
7290000418155,false,תחבושות סופר פלוס טופ-פד 16 יח',מוצרי נייר עמיר,IL,.תחבושות טופ-פד סופר,אין,0.00,יחידה,false,,5.90,0.0000,true,1,18893
7290000419114,false,לנדוור כחול קפה טחון,קפה לנדוור,IL,לנדוור המקורי קפה טח,גרמים,200.00,100 גרם,false,,15.90,0.0795,true,1,14481
7290000419220,false,לנדוור כחול המקורי קפה טחון טורקי 3*100 גרם 16 יח',קפה לנדוור,IL,לנדוור כחול המקורי ק,גרמים,300.00,100 גרם,false,,17.90,0.0597,true,1,14482
7290000419374,false,לנדוור לבוקר טחון טורקי 3*100גר,קפה לנדוור,IL,לנדוור לבוקר קפה טחו,גרמים,300.00,100 גרם,false,,17.90,0.0597,true,1,14483
7290000419893,false,לנדוור חזק - קפה טחון טורקי 100 גרם,מולינו ניקולי s.p.a,IL,לנדוור חזק קפה טחון,גרמים,100.00,100 גרם,false,,7.90,0.0790,true,1,14484
7290000420325,false,פופ קורן טבעי למיקרוגל 5 יח',קריות זול,US,פופסטאר פופקורן טבעי,גרמים,500.00,100 גרם,false,,12.90,0.0258,true,1,6546
7290000420332,false,פופ קורן חמאה למיקרוגל 5יח',קריות זול,US,פופסטאר פופקורן חמאה,גרמים,500.00,100 גרם,false,,12.90,0.0258,true,1,6547
7290000420417,false,גלילונית שקיות אשפה 50*70 - 60 יח',"איטיליאן פוד, אס.פי.",TH,גלילונית שקיות אשפה,אין,0.00,יחידה,false,,17.90,0.0000,true,1,6548
7290000453019,false,שמרים טריים לאפייה שקית שמרית 50 ג',"פאקא תעשיות בע""מ",IL,שמרית שמרים טריים לא,גרמים,50.00,100 גרם,false,,4.50,0.0900,true,1,15431
7290000453125,false,שמרית שמרים טריים לאפייה +משפר אפייה 100ג,"פאקא תעשיות בע""מ",IL,שמרית שמרים טריים לא,גרמים,100.00,100 גרם,false,,7.70,0.0770,true,1,15432
7290000453200,false,בלילה להכנת פנקייק עם רכיבים ביתיים,"פאקא תעשיות בע""מ",DE,בלילה מצוננת פנקייק,גרמים,750.00,100 גרם,false,,19.90,0.0265,true,1,109401
7290000453385,false,שמרים יבשים פאקא אינסטנט 500ג',פאקא תעשיות בעמ,IL,פאקא שמרים יבשים 500,גרמים,500.00,100 גרם,false,,13.90,0.0278,true,1,993
7290000453408,false,בצק פיצה דק מצונן ומוכן לאפייה שמרית,"פאקא תעשיות בע""מ",GR,שמרית בצק פיצה דק מצ,גרמים,415.00,100 גרם,false,,17.50,0.0422,true,1,15433
7290000453415,false,בצק עלים מצונן ומוכן לאפייה שמרית,"פאקא תעשיות בע""מ",FR,שמרית בצק עלים מצונן,גרמים,300.00,100 גרם,false,,15.90,0.0530,true,1,15434
7290000453422,false,בצק פילו מצונן ומרודד מוכן לאפיה,"פאקא תעשיות בע""מ",GR,שמרית בצק פילו מוכן,גרמים,300.00,100 גרם,false,,15.90,0.0530,true,1,33089
7290000453484,false,בצק קדאיף מצונן שמרי,פאקא תעשיות בעמ,GR,בצק קדאיף מצונן שמרי,גרמים,350.00,100 גרם,false,,14.90,0.0426,true,1,343728
7290000453798,false,שמרים יבשים אקטיביים שימרית 500 ג',"גי' בי' רכיבים בע""מ",,שמרים יבשים אקטיביים,גרמים,500.00,100 גרם,false,,12.90,0.0258,true,1,14922
7290000453866,false,נטורינה קוקוס לאפייה שמרית 200ג',גרונבאנג- גרונדנסק א,DK,נטורינה קוקוס שטראוס,גרמים,200.00,100 גרם,false,,7.70,0.0385,true,1,15435
7290000453897,false,מרגרינה בטעם חמאה שימרית 200 ג',גרונבאנג- גרונדנסק א,IL,מרגרינה בטעם חמאה 20,גרמים,200.00,100 גרם,false,,4.90,0.0245,true,1,15437
7290000461047,false,סיימן ברי לה רוסטיק,,,סיימן ברי לה רוסטיק,קילוגרמים,1.00,"ק""ג",true,,199.00,199.0000,true,1,11991
7290000462103,false,סחוג אדום חריף עדין (מכסה לבן) 150 גרם,קריניסה ויטמין אס אי,IL,סחוג אדום חריף עדין,גרמים,150.00,100 גרם,false,,7.90,0.0527,true,1,15438
7290000462141,false,סחוג אדום חריף מאוד (מכסה אדום) 150 גרם,קריניסה ויטמין אס אי,IL,סחוג אדום חריף מאוד,גרמים,150.00,100 גרם,false,,7.90,0.0527,true,1,15439
7290000462172,false,סחוג ירוק חריף מאוד מ.ירוק 150 גרם,קריניסה ויטמין אס אי,IL,סחוג ירוק חריף מאוד,גרמים,150.00,100 גרם,false,,7.90,0.0527,true,1,15441
7290000462310,false,סיימן סנט מור במשקל.,,,סיימן סנט מור במשקל.,קילוגרמים,1.00,"ק""ג",true,,199.00,199.0000,true,1,11992
7290000467153,false,צבר חומוס סמיר הגדול 400גר,סלטי צבר,IL,צבר חומוס סמיר הגדול,גרמים,400.00,100 גרם,false,,13.90,0.0348,true,1,13639
7290000472821,false,גבינה צהובה 28% הר,,,גבינה צהובה 28% הר,קילוגרמים,1.00,"ק""ג",true,,31.00,31.0000,true,1,380369
7290000474090,false,חלב הומוגני 1% קרטון טרה 1ל',מילקו תעשיות בעמ,IL,טרה חלב בקרטון 1% 1ל,ארגז,1.00,ליטר,false,,5.86,5.8600,true,1,6894
7290000474502,false,גבינה לבנה 5% 250ג' טרה מהדרין,קריות זול,IL,טרה גבינה לבנה 5% 25,גרמים,250.00,100 גרם,false,,4.98,0.0199,true,1,6898
7290000474540,false,גבינה טוב טעם 3% טרה 250ג' מהדרין,קריות זול,IL,טוב טעם גבינה 3% 250,גרמים,250.00,100 גרם,false,,11.50,0.0460,true,1,6899
7290000474830,false,גבינה צהובה מגורדת 28% שומן 500 ג' נעם,מילקו תעשיות בעמ,IL,נעם גבינה צהובה מגור,גרמים,500.00,100 גרם,false,,31.90,0.0638,true,1,6900
7290000480107,false,קוואקר שיבולת שועל פחית 500 גר',וולקרס סנקס לימיטד,GB,"קוואקר מהיר אטוס לל""",גרמים,500.00,100 גרם,false,,12.90,0.0258,true,1,15889
7290000480332,false,גאודה בקר משולש גד 3,,,גאודה בקר משולש גד 3,קילוגרמים,1.00,"ק""ג",true,,114.00,114.0000,true,1,250048
7290000480349,false,גאודה עיזים משולש גד,,,גאודה עיזים משולש גד,קילוגרמים,1.00,"ק""ג",true,,137.00,137.0000,true,1,250034
7290000480363,false,קאשקבל גלגל גד 26% ב,,,קאשקבל גלגל גד 26% ב,קילוגרמים,1.00,"ק""ג",true,,138.00,138.0000,true,1,250020
7290000480442,false,קוואקר שיבולת שועל שקית 500 גר',פריטו ליי FRITO-LAY,IL,שיבולת שועל בשקית קו,גרמים,500.00,100 גרם,false,,11.90,0.0238,true,1,15890
7290000481029,false,עשיריית פיתות תנעמי,יוניליוור גרמניה Gm,IL,פיתות 10 יחידות בטעם,אלף,1.00,"ק""ג",false,,10.90,10.9000,true,1,6039
7290000481043,true,עשיריית פיתות כוסמין,,,עשיריית פיתות כוסמין,גרמים,700.00,100 גרם,false,,14.90,0.0213,true,1,57866
7290000481074,false,לחם משלושה קמחים מלאים 750 גר,,,לחם טריו מלא דגנית 7,גרמים,750.00,100 גרם,false,,19.90,0.0265,true,1,411938
7290000481180,false,לחם מחמצת שאור דגנית,,,לחם מחמצת שאור דגנית,גרמים,550.00,100 גרם,false,,17.90,0.0325,true,1,477888
7290000481197,false,לחם מחמצת גרעינים וש,,,לחם מחמצת גרעינים וש,גרמים,550.00,100 גרם,false,,17.90,0.0325,true,1,477889
7290000481203,false,לחם מחמצת מקמח מלא ד,,,לחם מחמצת מקמח מלא ד,גרמים,550.00,100 גרם,false,,17.90,0.0325,true,1,477890
7290000481517,false,פוקצות 2יח עם שמן זי,,,שתי פוקאצ'ות עם שמן,גרמים,320.00,100 גרם,false,,11.90,0.0372,true,1,481461
7290000481531,false,דגנית עין בר לחמניות אצבע מחיטה מלאה בשקית 750 ג',יוניליוור גרמניה Gm,IL,לחמניות 10 יחידות חי,גרמים,750.00,100 גרם,false,,13.90,0.0185,true,1,6041
7290000481883,false,דגנית עין בר מארז לחמניות 10 יח'*75 ג',יוניליוור גרמניה Gm,IL,10 לחמניות דגנית,גרמים,750.00,100 גרם,false,,13.90,0.0185,true,1,6043
7290000484747,false,עראק עלית 700 מל 40% כהל,יקב הגליל שווק בעמ,IL,"עלית הארק 40% 700 מ""",מיליליטרים,700.00,"100 מ""ל",false,,59.90,0.0856,true,1,18517
7290000490601,false,שלגוני גלידל שמינייה,הגלידות של פלדמן,IL,גלידל מאגדת בטעם וני,גרמים,400.00,100 גרם,false,,31.90,0.0797,true,1,22856
7290000490762,false,שלגוני גלידל שמינייה,הגלידות של פלדמן,IL,גלידל מאגדת בטעם שוק,גרמים,400.00,100 גרם,false,,31.90,0.0797,true,1,22859
7290000493176,false,אבקת רוטב צלי לבשר 22ג' אסם,"אסם השקעות בע""מ",IL,אסם אבקת רוטב צלי לב,גרמים,22.00,100 גרם,false,,3.90,0.1773,true,1,13065
7290000493183,false,אבקת רוטב פיטריות 30 ג' אסם,"אסם השקעות בע""מ",IL,אסם אבקת רוטב פטריות,גרמים,30.00,100 גרם,false,,3.90,0.1300,true,1,13066
7290000496209,false,פילה סלמון קפוא 1.0-,,,פילה סלמון קפוא 1.0-,קילוגרמים,1.00,"ק""ג",true,,79.90,79.9000,true,1,481789
7290000496360,false,פילה בקלה דרום אפרי,,,פילה בקלה דרום אפרי,קילוגרמים,1.00,"ק""ג",true,,43.90,43.9000,true,1,123336
7290000496780,false,פילה אמנון 5-7 80% ק,,,פילה אמנון 5-7 80% ק,קילוגרמים,1.00,"ק""ג",true,,34.90,34.9000,true,1,457752
7290000504025,false,סוכרזית פטריה 300 טבליות,אף.סי תבליני בגליל ב,IL,סוכרזית פטריה 300 טב,גרמים,246.00,100 גרם,false,,7.90,0.0321,true,1,14923
7290000504049,false,סוכרזית קנקן 1200 טבליות,אף.סי תבליני בגליל ב,IL,סוכרזית קנקן 1200 טב,גרמים,984.00,100 גרם,false,,17.90,0.0182,true,1,14924
7290000504209,false,"סוכרזית דיאט טיפ נוזלי 220 מ""ל",אף.סי תבליני בגליל ב,IL,דיאט טיפ-ממתיק,מיליליטרים,220.00,"100 מ""ל",false,,14.90,0.0677,true,1,14925
7290000504261,false,סוויט דיאט כמו סוכר ממתיק אבקתי 65ג',סוכרזית Sucrazit,IL,כמו סוכר ממתיק אבקתי,גרמים,100.00,100 גרם,false,,24.90,0.2490,true,1,14926
7290000504278,false,סוכרזית - קלאסי פטנט 700 טבליות,אף.סי תבליני בגליל ב,IL,סוכרזית פטנט 700 טבל,גרמים,574.00,100 גרם,false,,13.90,0.0242,true,1,14927
7290000509104,false,כנפיים פטם ארוז טרי,,,כנפיים פטם ארוז טרי,קילוגרמים,1.00,"ק""ג",true,,12.90,12.9000,true,1,11520
7290000511010,false,פרמז`נו בגלגל ויליפו,,,פרמז`נו בגלגל ויליפו,קילוגרמים,1.00,"ק""ג",true,,110.00,110.0000,true,1,5300
7290000511212,false,גבינה ערקית המושבה.,,,גבינה ערקית המושבה.,קילוגרמים,1.00,"ק""ג",true,,80.00,80.0000,true,1,11174
7290000511904,false,בייבי אדם הולנד וילי,,,בייבי אדם הולנד וילי,קילוגרמים,1.00,"ק""ג",true,,65.00,65.0000,true,1,5301
7290000518190,false,מתוק וקל סטיביה 100 שקיות,מתוק וקל,,מתוק וקל סטיביה 100,גרמים,80.00,100 גרם,false,,24.90,0.3112,true,1,11705
7290000518251,false,מתוק וקל ממתיק זהב 100 שקיות,קריות זול,IL,מתוק וקל זהב 100 שקי,גרמים,100.00,100 גרם,false,,10.90,0.1090,true,1,11707
7290000521008,false,"יין אדום יבש סגל 750 מ""ל",כרמי צבי - אחים סגל,IL,אדום יבש סגל.,מיליליטרים,750.00,"100 מ""ל",false,,21.90,0.0292,true,1,8577
7290000521022,false,יין של סגל לבן חצי י,"מיוצר ע""י כרמי צבי-",IL,סגל לבן חצי יבש 750,מיליליטרים,750.00,"100 מ""ל",false,,21.90,0.0292,true,1,8579
7290000521404,false,"יין מרום גליל קברנה סוביניון סינגל 750 מ""ל",כרמי צבי אחים סגל בע,IL,מרום גליל סינגל קברנ,מיליליטרים,750.00,"100 מ""ל",false,,38.90,0.0519,true,1,8582
7290000521411,false,יין מרום גליל סינגל מרלו 750מל,כרמי צבי אחים סגל בע,IL,מרום גליל סינגל מרלו,מיליליטרים,750.00,"100 מ""ל",false,,38.90,0.0519,true,1,8583
7290000521428,false,יין מרום גליל שרדונה,כרמי צבי-אחים סגל בע,IL,מרום גליל סינגל שרד,מיליליטרים,750.00,"100 מ""ל",false,,38.90,0.0519,true,1,8584
7290000523125,false,מלח הארץ הים האדום 250 ג' עדין,חברת מלח הארץ אילת ב,IL,מלח ים יבש הארץ 250,גרמים,250.00,100 גרם,false,,5.40,0.0216,true,1,12297
7290000523224,false,מלח הארץ הים האדום 500 ג' עדין,חברת מלח הארץ אילת ב,IL,מלח ים יבש הארץ 500,גרמים,500.00,100 גרם,false,,7.90,0.0158,true,1,12298
7290000523514,false,מלח הארץ 50% מכמות הנתרן 250 גרם,חברת מלח הארץ אילת ב,IL,מלח 50% פחות נתרן הא,גרמים,250.00,100 גרם,false,,9.90,0.0396,true,1,12299
7290000523521,false,מלח ים מועשר ביוד 250 ג' מלח הארץ,חברת מלח הארץ אילת ב,IL,מלח מעושר ביוד הארץ,גרמים,250.00,100 גרם,false,,5.90,0.0236,true,1,12300
7290000523804,false,"מלח עדין צנצנת 1 ק""ג מלח הארץ",חברת מלח הארץ אילת ב,IL,מלח עדין בצנצנת הארץ,אלף,1.00,"ק""ג",false,,7.50,7.5000,true,1,12301
7290000523811,false,"צנצנת מלח גס 1 ק""ג מלח הארץ",חברת מלח הארץ אילת ב,IL,מלח גס בצנצנת הארץ 1,אלף,1.00,"ק""ג",false,,7.50,7.5000,true,1,12302
7290000530024,false,נקניק תה מעושן רחב,זוגלובק,IL,תה מעושן זוגלובק,קילוגרמים,1.00,"ק""ג",true,,47.00,47.0000,true,1,24716
7290000530031,false,סלמי פיין צר זוגלובק,,,סלמי פיין צר זוגלובק,קילוגרמים,1.00,"ק""ג",true,,50.00,50.0000,true,1,24717
7290000530048,false,סלמי פפרוני זוגלובק,כצט,IL,סלמי פפרוני זוגלובק,קילוגרמים,1.00,"ק""ג",true,,50.00,50.0000,true,1,24718
7290000530062,false,נקניק מעושן איטלקי ז,זוגלובק,IL,סלמי מעו. איטלקי זוג,קילוגרמים,1.00,"ק""ג",true,,82.00,82.0000,true,1,24719
7290000530086,false,נקניק סלמי מעושן 600 ג' זוגלובק,נקניק נהריה כשר זוגל,IL,סלמי מעושן 7000 א.מ.,גרמים,600.00,100 גרם,false,,33.00,0.0550,true,1,24742
7290000530109,false,קבנוס זוגי בואקום זוגלובק 180ג',נקניק נהריה כשר זוגל,IL,זוג קבנוס בוואקום 36,גרמים,360.00,100 גרם,false,,24.90,0.0692,true,1,24743
7290000530116,false,נקניק סלמי מעושן בשן 470 ג' זוגלובק,נקניק נהריה כשר זוגל,IL,סלמי מעושן בשן זוגלו,גרמים,470.00,100 גרם,false,,22.90,0.0487,true,1,3121
7290000530178,false,נקניק קוניאק זוגלובק,זוגלובק,IL,סלמי קוניאק זוגלובק.,קילוגרמים,1.00,"ק""ג",true,,85.00,85.0000,true,1,24721
7290000530192,false,נקניק סרבלד זוגלובק,כצט,IL,נקניק סרבלד זוגלובק,קילוגרמים,1.00,"ק""ג",true,,123.00,123.0000,true,1,24722
7290000530260,false,נקניק מורטדלה זוגלוב,,,נקניק מורטדלה זוגלוב,קילוגרמים,1.00,"ק""ג",true,,38.00,38.0000,true,1,24723
7290000530291,false,נקניק מבשר הודו קטן 800 ג' זוגלובק,נקניק נהריה כשר זוגל,IL,זוגלובק נקניק מבשר ה,גרמים,800.00,100 גרם,false,,18.90,0.0236,true,1,24744
7290000530369,false,פסטרמה גולן הודו מעו,כצט,IL,פסט. גולן 3% זוגלובק,קילוגרמים,1.00,"ק""ג",true,,80.00,80.0000,true,1,24724
7290000530444,false,כתף בקר מעושן זוגלוב,זוגלובק,IL,כתף בקר מעושן זוגלוב,קילוגרמים,1.00,"ק""ג",true,,109.00,109.0000,true,1,24725
7290000530468,false,נקניקיות וינר זוגלוב,,,נקניקיות וינר טרי 1ק,אלף,1.00,"ק""ג",false,,24.90,24.9000,true,1,24745
7290000530598,false,נקניקיות וינר 500 ג' טרי זוגלובק,נקניק נהריה כשר זוגל,IL,נקניקיות וינר טרי זו,גרמים,500.00,100 גרם,false,,11.90,0.0238,true,1,24746
7290000530703,false,זוג במארז חרמון הודו + סלמי תה זוגלובק 800 גר',נקניק נהריה כשר זוגל,IL,זוג תה 400 + חרמון 4,גרמים,800.00,100 גרם,false,,27.90,0.0349,true,1,24747
7290000531410,false,פסטרממיה בדבש טהור,זוגלובק,IL,פסט. בדבש טהור 3% זו,קילוגרמים,1.00,"ק""ג",true,,80.00,80.0000,true,1,24726
7290000531977,false,בורקס גבינה 800 ג' זוגלובק,נקניק נהריה כשר זוגל,IL,זוגלובק בורקס גבינה,גרמים,800.00,100 גרם,false,,13.90,0.0174,true,1,24748
7290000532400,false,פסטרמה ברביקיו זוגלו,זוגלובק,IL,ברביקיו חזה הודו זוג,קילוגרמים,1.00,"ק""ג",true,,80.00,80.0000,true,1,24727
7290000532585,false,רוסטביף 4% זוגלובק,זוגלובק,IL,רוסטביף 4% זוגלובק,קילוגרמים,1.00,"ק""ג",true,,120.00,120.0000,true,1,24728
7290000533353,false,"בצק עלים צרפתי 1 ק""ג זוגלובק",מאפיית אריאל וגידרון,IL,זוגלובק בצק עלים 1קג,אלף,1.00,"ק""ג",false,,13.90,13.9000,true,1,24749
7290000534718,false,פסטרמה חזה תבור זוגל,זוגלובק,IL,תבור חזה מעושן ד.ש.,קילוגרמים,1.00,"ק""ג",true,,80.00,80.0000,true,1,24732
7290000534800,false,פסטרמה הודו רומני זו,כצט,IL,פסטרמה רומנית 4% זוג,קילוגרמים,1.00,"ק""ג",true,,80.00,80.0000,true,1,24733
7290000534824,false,חרמון-חזה הודו מעושן,,,חרמון 3% זוגלובק במש,קילוגרמים,1.00,"ק""ג",true,,53.00,53.0000,true,1,24734
7290000537566,false,נקניקיות עוף טרי 400 ג' זוגלובק,נקניק נהריה כשר זוגל,IL,נקניקיות עוף טרי 400,גרמים,400.00,100 גרם,false,,11.50,0.0288,true,1,24753
7290000537603,false,נקניקיות עוף זוגלובק,זוגלובק,IL,"נקנקיות עוף 1 ק""ג -ז",אלף,1.00,"ק""ג",false,,24.90,24.9000,true,1,24754
7290000538709,false,סלמי תה מעושן 200 ג' זוגלובק,זוגלובק,IL,תה מעושן 200 גרם,גרמים,200.00,100 גרם,false,,14.90,0.0745,true,1,24755
7290000552194,false,קישקע קפוא 500 גרם,טיבון ויל אחזקות בעמ,IL,קישקע קפוא 500 גרם,גרמים,500.00,100 גרם,false,,12.90,0.0258,true,1,98829
7290000552569,false,סטייק בורגר נטו 400 גרם,"טיבון ויל אחזקות בע""",IL,סטייק בורגר 400 ג'-ט,גרמים,400.00,100 גרם,false,,16.90,0.0422,true,1,12059
7290000552989,false,בשר טחון מובחר טיבון 500 ג',"טיבון ויל אחזקות בע""",IL,בשר עגל טחון קפוא 50,גרמים,500.00,100 גרם,false,,21.90,0.0438,true,1,98843
7290000554402,false,מלבי 160גר מחלבות גד,"מיוצר ע""י קוד יצרן E",IL,"גד מלבי 160 מ""ל",מיליליטרים,160.00,"100 מ""ל",false,,6.40,0.0400,true,1,11066
7290000554457,false,גבינה צפתית מיני 5% גד 350ג',"מחלבות גד בע""מ",IL,גד צפתית מיני 5% 350,גרמים,350.00,100 גרם,false,,21.90,0.0626,true,1,11067
7290000554471,false,גבינת מוצרלה 22% נקניק 180ג' גד,"מחלבות גד בע""מ",IL,גד מוצרלה נקניק טבעי,גרמים,180.00,100 גרם,false,,17.50,0.0972,true,1,11068
7290000554532,false,גבינה צפתית מעודנת במלח ים 5% 200 ג' גד,הנסיך- מפעל לייצור ט,IL,גד צפתית מעודנת במלח,גרמים,200.00,100 גרם,false,,15.80,0.0790,true,1,11069
7290000554600,false,מוצרלה מגורדת 18% 300 גרם - רובין,מחלבות גד בעמ,IL,גד מוצרלה מגורדת %18,גרמים,300.00,100 גרם,false,,26.60,0.0887,true,1,11070
7290000554624,false,ירח מתוק 3% 150 גרם רובין,"מיוצר ע""י קוד יצרן E",IL,גד ירח מתוק 150מל,גרמים,150.00,100 גרם,false,,6.40,0.0427,true,1,11071
7290000554686,false,לאבנה שמן זית וזעתר 5% 250 גרם - רבנות,מחלבות גד בעמ,IL,גד לאבנה בשמן זית וז,גרמים,250.00,100 גרם,false,,15.50,0.0620,true,1,11072
7290000554822,false,גבינת ריקוטה טבעית 5% גד 250ג',מחלבות גד בעמ,IL,גד ריקוטה טבעי 5% 25,גרמים,250.00,100 גרם,false,,14.90,0.0596,true,1,11073
7290000554839,false,שמנת מתוקה קשה בסגנון איטלקי 40% שומן 250 ג' גד,מחלבות גד בעמ,IL,גד מסקרפונה 40% 250ג,גרמים,250.00,100 גרם,false,,22.90,0.0916,true,1,11074
7290000560533,false,אדג' ג'ל ירוק לעור רגיל 198גרם,אס.סי ג'ונסון ובניו,US,ג'ל גילוח ירוק לעור,מיליליטרים,200.00,"100 מ""ל",false,,12.90,0.0645,true,1,6550
7290000560540,false,אדג' ג'ל כתום לעור רגיש 198גרם,המאפיה של הרמן,US,ג'ל גילוח כתום לעור,מיליליטרים,200.00,"100 מ""ל",false,,12.90,0.0645,true,1,6551
7290000561141,false,מיקס אגוזים טבעי 150,,,מיקס אגוזים טבעי 15,גרמים,150.00,100 גרם,false,,14.90,0.0993,true,1,4305
7290000561158,false,תערובת בריאות 150 גר,,,תערובת בריאות 150 גר,גרמים,150.00,100 גרם,false,,14.90,0.0993,true,1,4306
7290000561189,false,חמוציות 200 גרם,,,חמוציות 200 גרם,גרמים,200.00,100 גרם,false,,11.90,0.0595,true,1,4307
7290000561202,false,גרעיני חמנייה 200 גר,,,גרעין חמניה קלוי 200,גרמים,200.00,100 גרם,false,,6.90,0.0345,true,1,4308
7290000561233,false,בוטן קלוף קלוי עם מל,,,בוטן קלוי 200ג פיצוח,גרמים,200.00,100 גרם,false,,7.90,0.0395,true,1,4309
7290000561240,false,גרעין דלעת קלוי 200ג,,,גרעין דלעת קלוי 200ג,גרמים,200.00,100 גרם,false,,9.90,0.0495,true,1,4310
7290000561271,false,צימוק בהיר 200 גרם -,,,צימוק בהיר 200 גרם -,גרמים,200.00,100 גרם,false,,10.00,0.0500,true,1,4311
7290000561332,false,אגוז מלך פיצוחי חממה,,,אגוז מלך פיצוחי חממה,גרמים,150.00,100 גרם,false,,12.00,0.0800,true,1,4315
7290000561363,false,גרעיני אבטיח קלויים,,,גרעין אבטיח קלוי 200,גרמים,200.00,100 גרם,false,,13.90,0.0695,true,1,4317
7290000561561,false,פוסידון מנצ'יס 200ג,,,פוסידון מנצ'יס 200ג,גרמים,200.00,100 גרם,false,,9.90,0.0495,true,1,4320
7290000561578,false,בוטנים אמריקאים מצופ,,,בוטן אמריקאי 200ג,גרמים,200.00,100 גרם,false,,6.90,0.0345,true,1,4321
7290000561585,false,קבוקים 200ג - חממה,,,קבוקים 200ג - חממה,גרמים,200.00,100 גרם,false,,6.90,0.0345,true,1,4322
7290000561714,false,צנוברים 100 גר,,,צנובר 100 גרם,גרמים,100.00,100 גרם,false,,24.90,0.2490,true,1,4323
7290000561981,false,אגוזי מלך 200 גר,,,אגוז מלך 200ג,גרמים,200.00,100 גרם,false,,19.90,0.0995,true,1,4326
7290000571109,false,פילה סלמון פרימיום ק,,,פילה סלמון פרימיום ק,קילוגרמים,1.00,"ק""ג",true,,64.90,64.9000,true,1,31569
7290000571119,false,גאודה חריץ בית יצחק,תנובה מרכז שיתופי לש,,גאודה טבעי המחלבה,קילוגרמים,1.00,"ק""ג",true,,112.00,112.0000,true,1,16619
7290000571126,false,גאודה כמון 30% תנובה,תנובה מרכז שיתופי לש,,גאודה כמון המחלבה,קילוגרמים,1.00,"ק""ג",true,,112.00,112.0000,true,1,3037
7290000571188,false,גאודה תום עזים המחלב,תנובה מרכז שיתופי לש,,גאודה תום עזים המחלב,קילוגרמים,1.00,"ק""ג",true,,145.00,145.0000,true,1,16620
7290000571294,false,גאודה מעושנת המחלבה,,,גאודה מעושנת המחלבה,קילוגרמים,1.00,"ק""ג",true,,112.00,112.0000,true,1,3020
7290000571386,false,יוגורט כבשים 850 ג' יוגורמה,גבינות משק אחים מאיר,IL,יוגורמה דלי 5% 850 ג,גרמים,850.00,100 גרם,false,,28.80,0.0339,true,1,16758
7290000571843,false,יוגורט עיזים יוגורמה,גבינות משק אחים מאיר,IL,יוגורמה עיזים 3% 140,גרמים,140.00,100 גרם,false,,6.40,0.0457,true,1,85409
7290000571881,false,משקה יוגורט מחלב עיז,גבינות משק אחים מאיר,IL,משקה יוגורט מחלב עיז,מיליליטרים,500.00,"100 מ""ל",false,,12.90,0.0258,true,1,16762
7290000574028,false,לחם שחור מועשר פלוס 750 גר'.,יוניליוור גרמניה Gm,IL,לחם אחיד פרוס מועשר,גרמים,750.00,100 גרם,false,,8.90,0.0119,true,1,6046
7290000574035,false,לחם אחיד פרוס 750ג' דגנית עין בר,יוניליוור גרמניה Gm,IL,לחם אחיד פרוס דגנית,גרמים,750.00,100 גרם,false,,7.11,0.0095,true,1,6047
7290000574066,false,לחם מלא פלוס שיפון 750 ג' דגנית עין בר,יוניליוור גרמניה Gm,IL,לחם מלא עם שיפון דגנ,אין,0.00,יחידה,false,,14.90,0.0000,true,1,6049
7290000574141,false,לחם חיטה מלא 750ג' דגנית עין בר,דגנית עין בר תעשיות,IL,לחם חיטה מלאה דגנית,גרמים,750.00,100 גרם,false,,14.90,0.0199,true,1,6050
7290000574172,false,לחם קל מחיטה מלאה 750 ג' דגנית עין בר,יוניליוור גרמניה Gm,IL,לחם קל חיטה מלאה דגנ,גרמים,750.00,100 גרם,false,,13.90,0.0185,true,1,6051
7290000574455,false,לחם חיטה מלא פלוס כוסמין 750 ג' דגנית עין בר,דגנית עין בר,IL,לחם חיטה מלא+כוסמין,גרמים,750.00,100 גרם,false,,14.90,0.0199,true,1,6054
7290000574509,false,6 לחמניות חצויות דגנ,דגנית עין בר,,6 לחמניות חצויות דגנ,גרמים,450.00,100 גרם,false,,9.90,0.0220,true,1,6055
7290000578085,false,גבינת מוצרלה 21% ויל,,,גבינת מוצרלה 21% ויל,קילוגרמים,1.00,"ק""ג",true,,58.00,58.0000,true,1,5302
7290000578105,false,גרוייר לה פריבורג,,,גרוייר לה פריבורג,קילוגרמים,1.00,"ק""ג",true,,239.00,239.0000,true,1,288378
7290000578600,false,קומטה גורה פלור כשר,,,קומטה גורה פלור כשר,קילוגרמים,1.00,"ק""ג",true,,219.00,219.0000,true,1,288364
7290000604343,false,תמר דקל נור 400 גר,פרי וירק טמרה ושותפי,,תמר דקל נור 400גר,גרמים,400.00,100 גרם,false,,9.90,0.0248,true,1,26412
7290000610549,false,פילה מדומה 6 חלק אור,,,פילה מדומה 6 חלק אור,קילוגרמים,1.00,"ק""ג",true,,39.90,39.9000,true,1,299417
7290000614481,false,סטייק אנטריקוט חלק א,,,סטייק אנטריקוט חלק א,קילוגרמים,1.00,"ק""ג",true,,69.90,69.9000,true,1,457737
7290000614559,false,שריר הזרוע מס' 8 חלק,,,שריר הזרוע מס' 8 חלק,קילוגרמים,1.00,"ק""ג",true,,29.90,29.9000,true,1,196874
7290000628194,false,שריר הזרוע 8 חלק ברז,,,שריר הזרוע 8 חלק ברז,קילוגרמים,1.00,"ק""ג",true,,29.90,29.9000,true,1,156887
7290000632220,false,שריר הזרוע מס 8 מוכש,,,שריר הזרוע 8 מוכשר ב,קילוגרמים,1.00,"ק""ג",true,,29.90,29.9000,true,1,31615
7290000644783,false,נתחי פילה סלמון בואק,X MAK,DK,דגי תנובה נתחי פילה,קילוגרמים,1.00,"ק""ג",true,,89.90,89.9000,true,1,17299
7290000646299,false,פילה נסיכת הנילוס קפ,,ZA,פילה נסיכה 100% דגי,קילוגרמים,1.00,"ק""ג",true,,54.90,54.9000,true,1,87347
7290000652177,false,נתחי פילה נסיכת הנילוס 100%,,,נתחי פילה נסיכה 100%,קילוגרמים,1.00,"ק""ג",true,,69.90,69.9000,true,1,17300
7290000652542,false,פילה אמנון 5-7 100% דג,,CN,פילה אמנון 5-7 100%,קילוגרמים,1.00,"ק""ג",true,,34.90,34.9000,true,1,17302
7290000654546,false,פילה אמנון 7-9 100% דג,תנובה,IL,פילה אמנון 7-9 100%,קילוגרמים,1.00,"ק""ג",true,,34.90,34.9000,true,1,17305
7290000659312,false,דגי תנובה פילה סלומון קפוא בוואקום,PEQUERA DEL,,דגי תנובה פילה סלמון,קילוגרמים,1.00,"ק""ג",true,,69.90,69.9000,true,1,17306
7290000662213,false,נתח פילה סלמון תנובה,,,נתח פילה סלמון קפוא,קילוגרמים,1.00,"ק""ג",true,,89.90,89.9000,true,1,17307
7290000663036,false,פילה אמנון ללא עור 100% דג,תנובה,IL,פילה אמנון ללא עור 1,קילוגרמים,1.00,"ק""ג",true,,44.90,44.9000,true,1,87349
7290000663098,false,שווארמה ריב אנטריקוט,,,שווארמה אנטריקוט 300,גרמים,300.00,100 גרם,false,,35.90,0.1197,true,1,67836
7290000679440,false,קמיל בלו משחה לתינוק 100גרם,פישר מעבדות פרמצבטיו,IL,משחה לתינוק קמיל בלו,גרמים,100.00,100 גרם,false,,16.90,0.1690,true,1,18712
7290000680123,false,כנפיים עוף טרי ארוז,,,כנפיים עוף טרי ארוז,קילוגרמים,1.00,"ק""ג",true,,10.00,10.0000,true,1,30540
7290000680130,false,שוקיים עוף טרי ארוז,,,שוקיים עוף טרי ארוז,קילוגרמים,1.00,"ק""ג",true,,27.90,27.9000,true,1,3013
7290000680147,false,כרעיים עוף טרי ארוז,,,כרעיים עוף טרי ארוז,קילוגרמים,1.00,"ק""ג",true,,26.90,26.9000,true,1,3014
7290000680161,false,חזה עוף שלם טרי ארוז,,,חזה עוף שלם טרי ארוז,קילוגרמים,1.00,"ק""ג",true,,31.90,31.9000,true,1,3016
7290000680185,false,פילה עוף טרי ארוז,,,פילה עוף טרי ארוז,קילוגרמים,1.00,"ק""ג",true,,34.90,34.9000,true,1,3033
7290000680444,false,עוף שלם טרי ארוז,,,עוף שלם טרי ארוז,קילוגרמים,1.00,"ק""ג",true,,18.90,18.9000,true,1,3019
7290000680451,false,כבד עוף טרי ארוז.,,,כבד עוף טרי ארוז.,קילוגרמים,1.00,"ק""ג",true,,19.90,19.9000,true,1,30541
7290000680468,false,קורקבן עוף טרי ארוז,,,קורקבן עוף טרי ארוז,קילוגרמים,1.00,"ק""ג",true,,9.90,9.9000,true,1,30542
7290000680482,false,פרגית עוף טרי ארוז ש,,,פרגית עוף טרי ארוז ש,קילוגרמים,1.00,"ק""ג",true,,59.90,59.9000,true,1,33858
7290000680529,false,שניצל עוף טרי ארוז,,,שניצל עוף טרי ארוז,קילוגרמים,1.00,"ק""ג",true,,36.90,36.9000,true,1,30545
7290000681298,false,חזה עוף טרי מחפוד אר,,,חזה עוף טרי מחפוד אר,קילוגרמים,1.00,"ק""ג",true,,32.90,32.9000,true,1,30548
7290000681304,false,כרעיים עוף טרי מחפוד,,,כרעיים עוף טרי מחפוד,קילוגרמים,1.00,"ק""ג",true,,32.90,32.9000,true,1,30549
7290000681311,false,ירכיים עוף טרי מחפוד,,,ירכיים עוף טרי מחפוד,קילוגרמים,1.00,"ק""ג",true,,32.90,32.9000,true,1,30550
7290000681328,false,מחפוד שוקיים עוף טרי,,,מחפוד שוקיים עוף טרי,קילוגרמים,1.00,"ק""ג",true,,36.90,36.9000,true,1,30551
7290000681335,false,פרגיות עוף טרי מחפוד,,,פרגיות עוף טרי מחפוד,קילוגרמים,1.00,"ק""ג",true,,74.90,74.9000,true,1,30552
7290000681359,false,כבד עוף טרי ארוז מחפ,,,כבד עוף טרי ארוז מחפ,קילוגרמים,1.00,"ק""ג",true,,32.90,32.9000,true,1,30554
7290000681366,false,כנפיים עוף מחפוד ב-ק,,,כנפיים עוף מחפוד ב-ק,קילוגרמים,1.00,"ק""ג",true,,13.90,13.9000,true,1,30555
7290000681373,false,גרון עוף טרי מחפוד א,,,גרון עוף טרי מחפוד א,קילוגרמים,1.00,"ק""ג",true,,9.90,9.9000,true,1,30556
7290000681380,false,שניצל עוף טרי מחפוד,,,שניצל עוף טרי מחפוד,קילוגרמים,1.00,"ק""ג",true,,34.90,34.9000,true,1,30557
7290000684345,false,שלישיית פילטר בריטה קלאסיק,שלישיית פילטר בריטה,,שלישיית פילטר,אין,0.00,יחידה,false,,120.00,0.0000,true,1,12451
7290000688084,false,מים מינרליים פקק ספו,מופק ממקור בזלתי עדן,IL,מי עדן 1/2 ליטר ספור,מיליליטרים,500.00,"100 מ""ל",false,,2.90,0.0058,true,1,9580
7290000688374,false,"מי עדן בייבי מארז 330X6 מ""ל","מי עדן בע""מ",,"מי עדן בייבי 330 מ""ל",ארגז,1.98,ליטר,false,,14.90,7.5253,true,1,9583
7290000688381,false,מי עדן פקק ספורט 6*500 מל.,"מי עדן בע""מ",IL,מי עדן פקק ספורט 6*5,ארגז,3.00,ליטר,false,,13.90,4.6333,true,1,9584
7290000688466,false,מי עדן GYM בקבוק ספו,מופק ממקור בזלתי עדן,IL,מי עדן ג'ים 750מל,מיליליטרים,750.00,"100 מ""ל",false,,2.90,0.0039,true,1,9586
7290000688503,false,מים מינרליים מי עדן,"מי עדן בע""מ",IL,מי עדן ג'ים 6*750מל,ארגז,4.50,ליטר,false,,15.90,3.5333,true,1,9587
7290000692203,false,אג'קס ניקוי כללי 2לימון-מרכז,הנסיך- מפעל לייצור ט,BY,אג'קס ניקוי כללי ורצ,ארגז,2.00,ליטר,false,,22.90,11.4500,true,1,14492
7290000692210,false,אג'קס ניקוי כללי לוונדר 2ל',הנסיך- מפעל לייצור ט,GR,אג'קס ניקוי כללי ורצ,ארגז,2.00,ליטר,false,,22.90,11.4500,true,1,14493
7290000692227,false,נוזל כלים פלמוליב צילינדר קלאסי 1 ליטר,יבואן ומשווק: ש. שסט,GR,פלמוליב לכלים קלאסי-,אין,0.00,יחידה,false,,13.90,0.0000,true,1,14494
7290000692456,false,אג'קס חלונות זוג 750*2 מל ספריי ורפיל,הנסיך- מפעל לייצור ט,GR,אגקס חלונות זוג,ארגז,1.50,ליטר,false,,24.90,16.6000,true,1,14496
7290000692746,false,"קולגייט משחה אדומה 75 ג""ר","ש. שסטוביץ בע""מ",BE,קולגייט הגנה מפני עש,מיליליטרים,75.00,"100 מ""ל",false,,7.90,0.1053,true,1,14497
7290000728388,false,שורט ריב חלק טרי,,,שורט ריב חלק טרי,קילוגרמים,1.00,"ק""ג",true,,69.90,69.9000,true,1,67881
7290000728425,false,דנבר סטייק חלק טרי,,,דנבר סטייק חלק טרי,קילוגרמים,1.00,"ק""ג",true,,109.00,109.0000,true,1,67909
7290000728562,false,אונטריב חלק מחפוד טר,,,אונטריב חלק מחפוד טר,קילוגרמים,1.00,"ק""ג",true,,89.90,89.9000,true,1,67923
7290000728685,false,אנטריקוט עגלה חלק טר,,,אנטריקוט עגלה חלק טר,קילוגרמים,1.00,"ק""ג",true,,189.90,189.9000,true,1,67992
7290000739247,false,פסטרמה איטלקית זוגלו,,,פסט. איטלקית זוגלובק,קילוגרמים,1.00,"ק""ג",true,,80.00,80.0000,true,1,24737
7290000740212,false,נקניקיות ג'מבו שקיל,,,נקניקיות ג'מבו שקיל,קילוגרמים,1.00,"ק""ג",true,,19.90,19.9000,true,1,24738
7290000803067,false,"אלמקס משחת שיניים לילדים 75 מ""ל",הנסיך- מפעל לייצור ט,PL,משחת שיניים לילדים א,מיליליטרים,75.00,"100 מ""ל",false,,15.90,0.2120,true,1,14499
7290000803180,false,"מרידול - מי פה שטיפה דנטלית 400 מ""ל",קולגייט פלמוליב,CH,מי פה דנטלית מרידול,מיליליטרים,400.00,"100 מ""ל",false,,30.90,0.0772,true,1,14500
7290000835954,false,פילה אמנון 5-7 בוואק,,,פילה אמנון 5-7 בוואק,קילוגרמים,1.00,"ק""ג",true,,26.90,26.9000,true,1,31631
7290000835961,false,פילה אמנון 7-9 בוואק,,,פילה אמנון 7-9 בוואק,קילוגרמים,1.00,"ק""ג",true,,29.90,29.9000,true,1,31632
7290000900313,false,פסט. ספרדית ט.צבי מע,,,פסט. ספרדית ט.צבי מע,קילוגרמים,1.00,"ק""ג",true,,79.00,79.0000,true,1,16378
7290000907970,false,פסטרמה כפרית טירת צב,טירת צבי,IL,פסטרמה כפרית טירת צב,קילוגרמים,1.00,"ק""ג",true,,49.00,49.0000,true,1,16380
7290000909387,false,ניוקי תפוח אדמה 1 קג,סיאם אלימינטרי,IT,"ניוקי אבאל 1 ק""ג",אלף,1.00,"ק""ג",false,,9.90,9.9000,true,1,29893
7290000910291,false,פלפל צ`ילי,,,פלפל צ`ילי,גרמים,100.00,100 גרם,false,,7.90,0.0790,true,1,28851
7290000934725,false,עצמות עגל כשר טרי,,,עצמות עגל כשר טרי,קילוגרמים,1.00,"ק""ג",true,,24.90,24.9000,true,1,4580
7290000956012,false,פטאקי 18% שומרון,,,פטאקי 18% שומרון,קילוגרמים,1.00,"ק""ג",true,,29.00,29.0000,true,1,11148
7290000977650,false,פיסטוק מקולף,,,פיסטוק מקולף,קילוגרמים,1.00,"ק""ג",true,,154.00,154.0000,true,1,20534
7290000978871,false,חמוציות ללא סוכר,דין שיווק,IL,חמוציות ללא סוכר,קילוגרמים,1.00,"ק""ג",true,,80.00,80.0000,true,1,20537
7290000982355,false,סיימן צ`דר טריפל למע,,,סיימן צ`דר טריפל למע,קילוגרמים,1.00,"ק""ג",true,,130.00,130.0000,true,1,3457
7290000982393,false,סיימן ברס בלו במשקל,,,סיימן ברס בלו במשקל,קילוגרמים,1.00,"ק""ג",true,,199.00,199.0000,true,1,12004
7290001041123,false,שקדים מולבנים פרוסים 100גרם,מיה תעשיות מזון,IL,מיה שקד מולבן פרוס 1,גרמים,100.00,100 גרם,false,,10.90,0.1090,true,1,11178
7290001041147,false,חומוס גדול יבש מיה 1 ק'ג,מיה,IL,חומוס 1 ק'ג,אלף,1.00,"ק""ג",false,,11.90,11.9000,true,1,11180
7290001041161,false,"שעועית לבנה יבשה מיה 1 ק""ג",מיה,IL,שעועית 1 ק'ג,אלף,1.00,"ק""ג",false,,14.90,14.9000,true,1,11182
7290001041185,false,"פופקורן גרעינים מיה 1 ק""ג",מיה,IL,פופקורן 1 ק'ג,אלף,1.00,"ק""ג",false,,9.90,9.9000,true,1,11184
7290001041192,false,"עדשים אדומים יבשים מיה 1 ק""ג",מיה,IL,עדשים אדומות 1 ק'ג,אלף,1.00,"ק""ג",false,,10.90,10.9000,true,1,11185
7290001041222,false,"חומוס לבן ענק יבש מיה 1 ק""ג",מיה,IL,חומוס לבן ענק 1 ק'ג,אלף,1.00,"ק""ג",false,,17.90,17.9000,true,1,11188
7290001041260,false,שומשום מיה 400 גרם,מיה תעשיות מזון בעמ,IL,שומשום מיה 400 גרם,גרמים,400.00,100 גרם,false,,11.90,0.0298,true,1,11189
7290001041277,false,פירורי לחם רגיל מיה 400ג ',,,פרורי לחם 400 גרם,גרמים,400.00,100 גרם,false,,5.90,0.0148,true,1,11190
7290001041994,false,"סוכר חום דמררה מיה 1 ק""ג",מיה תעשיות מזון,IL,סוכר זהב דמררה צנצנת,אלף,1.00,"ק""ג",false,,9.90,9.9000,true,1,11208
7290001045169,false,פרימור סחוט תפוחי עץ צלול 1 ל',"גניר (1992) בע""מ",IL,פרימור מיץ תפוחים צל,ארגז,1.00,ליטר,false,,15.70,15.7000,true,1,15445
7290001045688,false,"פרימור סחוט תפוחים 400מ""ל",גניר,IL,פרימור מיץ תפוזים 40,מיליליטרים,400.00,"100 מ""ל",false,,7.90,0.0197,true,1,15449
7290001121238,false,קורנדביף יחיעם 180 ג',מעדני יחיעם 1993,IL,יחיעם קורנד ביף 180,גרמים,180.00,100 גרם,false,,23.50,0.1306,true,1,11675
7290001121979,false,סלמי הרץ 150 גרם יחי,תאי פרזידנט פוד פאבל,IL,יחיעם סלמי הרץ 150ג,גרמים,150.00,100 גרם,false,,22.90,0.1527,true,1,11679
7290001123775,false,שווארמה פרגיות 500 ג',"טיבול ויל אחזקות בע""",IL,שווארמה פרגיות 500 ג,גרמים,500.00,100 גרם,false,,19.90,0.0398,true,1,12062
7290001136287,false,"נקה 7 - שמפו רגיל ירוק 750 מ""ל","קוסמופארם בעמ, ח.פ 5",IL,שמפו רגיל ירוק נקה 7,מיליליטרים,750.00,"100 מ""ל",false,,11.90,0.0159,true,1,19107
7290001136294,false,"שמפו נקה 7 לשיער יבש אדום 750מ""ל",גוד פוד פרודקטס S.p,IL,שמפו יבש אדום נקה 7,מיליליטרים,750.00,"100 מ""ל",false,,11.90,0.0159,true,1,19108
7290001136362,false,נקה 7 תחליב רחצה אלוורה ארומה ירוק 1 ל',מיוצר בסין.יבוא ושיו,IL,תחליב רחצה אלוורה ות,אין,0.00,יחידה,false,,13.90,0.0000,true,1,19110
7290001136683,false,"מרכך לשיער רגיל ירוק 750 מ""ל נקה 7",אמיליה קוסמטיקס בעמ,IL,מרכך רגיל ירוק נקה 7,מיליליטרים,750.00,"100 מ""ל",false,,11.90,0.0159,true,1,19111
7290001136799,false,נקה 7 תחליב רחצה ארומה ורוד יסמין 1 ל',מיוצר בסין.יבוא ושיו,IL,תחליב רחצה ורד ויסמי,אין,0.00,יחידה,false,,13.90,0.0000,true,1,19112
7290001136973,false,נקה 7 תחליב רחצה ארומה קמומיל לבן 1 ל',טרופיקל דגיל תעשיות,IL,תחליב רחצה קמומיל נק,אין,0.00,יחידה,false,,13.90,0.0000,true,1,19113
7290001201589,false,ביצים רגילות לארג' 1,לסר,IL,12 ביצים L מ.לסר,אין,0.00,יחידה,false,,12.05,0.0000,true,1,10725
7290001201596,false,מ.לסר ביצים רגילות מ,,,12 ביצים M מ.לסר,אין,0.00,יחידה,false,,11.15,0.0000,true,1,10726
7290001201824,false,ביצים לארג' אורגניות 12 יח',לסר,IL,12 ביצים L אורגני מ,אין,0.00,יחידה,false,,21.90,0.0000,true,1,10732
7290001201855,false,ביצים 12 L גדול אומגה 3,לסר,IL,12ביצים L אומגה 3 מ,אין,0.00,יחידה,false,,17.90,0.0000,true,1,10734
7290001201862,false,ביצים לארג' חופש 12 יח',לסר,IL,12 ביצים חופש L מ. ל,אין,0.00,יחידה,false,,17.90,0.0000,true,1,10735
7290001201893,false,12 ביצים M אומגה 3,,,12 ביצים M אומגה 3,אין,0.00,יחידה,false,,16.90,0.0000,true,1,10737
7290001216040,false,טחינה גולמית אל ארז,דולפין ספא,IL,טחינה אל ארז 100% שו,גרמים,500.00,100 גרם,false,,15.90,0.0318,true,1,22353
7290001216057,false,"טחינה גולמית אל ארז 1 ק""ג",טחינה אל ארז,IL,טחינה אל ארז 100% שו,אלף,1.00,"ק""ג",false,,29.90,29.9000,true,1,22354
7290001216101,false,אל ארז טחינה מלאה 1קג,טחינה אל ארז,IL,טחינה אל ארז 100% שו,אלף,1.00,"ק""ג",false,,32.90,32.9000,true,1,424373
7290001216231,false,טחינה גולמית שומשום מלא אל ארז 500ג',דולפין ספא,IL,טחינה מלאה 100% שומש,גרמים,500.00,100 גרם,false,,16.90,0.0338,true,1,22355
7290001230331,false,סיגריות כאמל בוקס חפ,Unknown,,כאמל בוקס קופסא בודד,אין,0.00,יחידה,false,,32.00,0.0000,false,1,5772
7290001230739,false,כאמל קופסא בודדת כחו,Unknown,,כאמל קופסא בודדת כחו,אין,0.00,יחידה,false,,32.00,0.0000,false,1,5773
7290001231932,false,סיגריות וינסטון כחול,Unknown,,וינסטון קופסא בודדת,אין,0.00,יחידה,false,,32.00,0.0000,false,1,5777
7290001245699,false,אקונומיקה סמיכה בניחוח לימון 4 ל' טאצ',,,ג'ל אקונומיקה סמיכה,ארגז,4.00,ליטר,false,,12.50,3.1250,true,1,24216
7290001245705,false,אקונומיקה מבושמת טאצ' 4 ליטר,סאסאטק,IL,אקונומיקה מבושמת 4 ל,ארגז,4.00,ליטר,false,,10.90,2.7250,true,1,24217
7290001245712,false,אקונומיקה טאצ' 4 ליט,,,אקונומיקה טאצ' 4 ליט,ארגז,4.00,ליטר,false,,10.90,2.7250,true,1,24218
7290001245729,false,ג'ל כביסה ירוקה טאצ 3 ליטר סלקט,,,ג'ל כביסה ירוק 3 ליט,ארגז,1.00,ליטר,false,,17.90,17.9000,true,1,24219
7290001245736,false,ג'ל כביסה כחול טאצ' 3 ליטר סלקט,,,ג'ל כביסה כחול 3 ליט,ארגז,1.00,ליטר,false,,17.90,17.9000,true,1,24220
7290001245798,false,נוזל כלים לימון טאצ' 18% 1.6 ליטר,,,נוזל כלים לימון 18%,ארגז,1.60,ליטר,false,,10.90,6.8125,true,1,24222
7290001246061,false,מרכך מרוכז פרפיום פנטזי טאצ 1ל',סאסאטק,IL,מרכך פרימיום פנטזי 1,ארגז,1.00,ליטר,false,,12.90,12.9000,true,1,24236
7290001246078,false,מרכך מרוכז פרפיום סנשואל טאצ' 1 ל',סאסאטק,IL,מרכך פרימיום סנשואל,ארגז,1.00,ליטר,false,,12.90,12.9000,true,1,24237
7290001246108,false,"טאצ' תרסיס מסיר אבנית 750 מ""ל",,,תרסיס מסיר אבנית 750,מיליליטרים,750.00,"100 מ""ל",false,,12.90,0.0172,true,1,24240
7290001246634,false,"נוזל אסלות ע""ב חומצה 1 ליטר טאצ",,,נוזל אסלות על בסיס ח,ארגז,1.00,ליטר,false,,7.90,7.9000,true,1,24252
7290001246757,false,נוזל רצפות מלון בוטיק טאצ' 2 ליטר,,,נוזל רצפות מלון בוטי,ארגז,2.00,ליטר,false,,17.90,8.9500,true,1,24253
7290001246979,false,אקופרנד - נוזל כלים,,,אקופרנד - נוזל כלים,ארגז,1.00,ליטר,false,,14.90,14.9000,true,1,2590
7290001247068,false,נקטר ספרינג תות בננה קרטונית 1 ל',"יפאורה תבורי בע""מ",IL,ספרינג תות בננה קרטו,ארגז,1.00,ליטר,false,,6.90,6.9000,true,1,9599
7290001247082,false,נקטר ספרינג עגבניות קרטונית 1 ל',"יפאורה תבורי בע""מ",IL,ספרינג עגבניות קרטונ,ארגז,1.00,ליטר,false,,6.50,6.5000,true,1,9600
7290001247112,false,נקטר ספרינג לימונענע קרטונית 1 ל',"יפאורה תבורי בע""מ",IL,ספרינג לימונענע קרטו,ארגז,1.00,ליטר,false,,6.90,6.9000,true,1,9603
7290001247129,false,נקטר ספרינג תפוזים קרטונית 1 ל',"יפאורה תבורי בע""מ",IL,ספרינג תפוז קרטונית,ארגז,1.00,ליטר,false,,6.90,6.9000,true,1,9604
7290001247143,false,נקטר ספרינג תפוחים קרטונית 1 ל',"יפאורה תבורי בע""מ",IL,ספרינג תפוח קרטונית,ארגז,1.00,ליטר,false,,6.90,6.9000,true,1,9605
7290001274422,false,שלגונים ציפוי בננה מאגדת שמינייה 560 ג',הגלידות של פלדמן,IL,מאגדת שלגונים ציפוי,גרמים,560.00,100 גרם,false,,23.90,0.0427,true,1,22861
7290001274576,false,גלידל גלידה משפחתית,פלדמן,IL,גלידל בטעם תות וניל,גרמים,450.00,100 גרם,false,,21.90,0.0487,true,1,67254
7290001274934,false,פופסיקל גלידה לימון 640 ג',הגלידות של פלדמן,IL,פופסיקל בטעם לימון 8,גרמים,640.00,100 גרם,false,,24.90,0.0389,true,1,22862
7290001305058,false,"פלמוליב - נטורלס תחליב רחצה חלב ודבש 500 מ""ל",הנסיך- מפעל לייצור ט,TR,סבון נוזלי חלב ודבש,מיליליטרים,500.00,"100 מ""ל",false,,15.90,0.0318,true,1,14502
7290001305188,false,פלמוליב כלים שקוף לימון 750 בקבוק חדש,יבואן ומשווק: ש. שסט,GR,פלמוליב לכלים פריחת,מיליליטרים,750.00,"100 מ""ל",false,,11.90,0.0159,true,1,14503
7290001343845,false,"גרנולה פירות 1 ק""ג - 845 - ורוד שקדיה",הנסיך- מפעל לייצור ט,IL,גרנולה שיבולת שועל ע,אלף,1.00,"ק""ג",false,,18.90,18.9000,true,1,6136
7290001407134,false,בארכה פרוסות חלווה שוקו וניל+פ.קקאו 400גר,רושדי תעשיות מזון בע,IL,פרוסות חלבה שוקו וני,גרמים,350.00,100 גרם,false,,13.90,0.0397,true,1,1291
7290001407547,false,טחינה גולמית משומשום מלא פי 6 בארכה 500ג',רושדי תעשיות מזון בע,IL,בארכה טחינה שומשום מ,גרמים,500.00,100 גרם,false,,12.90,0.0258,true,1,13071
7290001407769,false,טחינה גולמית שומשום מלא בארכה 500ג',רושדי תעשיות מזון בע,IL,בארכה טחינה עם שומשו,גרמים,500.00,100 גרם,false,,12.90,0.0258,true,1,13073
7290001407813,false,חלבה שאמית פיסטוק בקטנה בארכה 350ג',רושדי תעשיות מזון בע,IL,חלבה שאמית וניל עם פ,גרמים,350.00,100 גרם,false,,14.90,0.0426,true,1,1292
7290001407820,false,חלווה שאמית וניל קלאסית בארכה 350ג',רושדי תעשיות מזון בע,IL,חלבה שאמית וניל בארכ,גרמים,350.00,100 גרם,false,,14.90,0.0426,true,1,1293
7290001407844,false,חלווה קלאסית וניל בארכה 350גר,רושדי תעשיות מזון בע,IL,חלבה קלאסית וניל באר,גרמים,350.00,100 גרם,false,,13.90,0.0397,true,1,1295
7290001407936,false,בארכה-טחינה גולמית מעודנת בקבוק לחיץ 310 ג',רושדי תעשיות מזון בע,IL,בארכה טחינה מעודנת 3,גרמים,310.00,100 גרם,false,,10.90,0.0352,true,1,13074
7290001415283,false,עוגת שמרים אגוזים 50,,,עוגת שמרים אגוזים 50,גרמים,400.00,100 גרם,false,,21.90,0.0547,true,1,5096
7290001419618,false,וופל בלגי עלמה שחור לבן וניל 200ג',גילרו,,וופל עלמה בלגי שוקו,גרמים,200.00,100 גרם,false,,2.90,0.0145,true,1,25540
7290001419779,false,וופל שוקו' עלמה קלאסי 200 גר,"גילרו בע""מ",,וופל עלמה קלאסי 200,גרמים,200.00,100 גרם,false,,2.90,0.0145,true,1,25541
7290001436790,false,נקנקיות מרגז מיני אקסטרה חריף ארוז בלדי 500 ג',יוליניבר,IL,מרגז מיני אקסטרה חרי,גרמים,500.00,100 גרם,false,,28.90,0.0578,true,1,183389
7290001459911,false,"לקט ירקות העונה 800ג' בד""ץ",,,לקט ירקות העונה בלדי,גרמים,800.00,100 גרם,false,,11.90,0.0149,true,1,436266
7290001459928,false,גזר גמדי בלדי 800 גר',,,גזר גמדי בלדי 800 גר,גרמים,800.00,100 גרם,false,,11.90,0.0149,true,1,436251
7290001459935,false,אפונה בלאדי 800 גר',,,אפונה בלדי 800 גרם,גרמים,800.00,100 גרם,false,,11.90,0.0149,true,1,436206
7290001459942,false,אפונה וגזר בלאדי 800 גר',,,אפונה וקוביות גזר בל,גרמים,800.00,100 גרם,false,,11.90,0.0149,true,1,436221
7290001482094,false,גבינה פרמז'נו משולשים ויליפוד 200ג',זנטי אס. אי לאלין,IT,וילי פוד פרמזן משולש,גרמים,200.00,100 גרם,false,,17.90,0.0895,true,1,5308
7290001482186,false,לפתן אננס חתוך ויליפ,הנסיך- מפעל לייצור ט,TH,אננס חתוך ויליפוד 56,גרמים,565.00,100 גרם,false,,5.90,0.0104,true,1,5309
7290001485019,false,גבינת שמנת 5% טעם טבעי 200 ג' טרה,קריות זול,IL,טרה גבינת שמנת טבעי,גרמים,200.00,100 גרם,false,,11.90,0.0595,true,1,6903
7290001491010,false,תה ירוק יסמין 25 שקיקים 1.5 גרם,קריות זול,IL,תה ירוק עם יסמין T.T,גרמים,37.50,100 גרם,false,,23.90,0.6373,true,1,16092
7290001491096,false,תה ירוק בתוספת לימונית ולואיזה 50 שקיקים ויסוצקי,קריות זול,IL,תה ירוק בתוספת לימונ,גרמים,75.00,100 גרם,false,,45.90,0.6120,true,1,16093
7290001552025,false,קוסקוס של אמא קפוא 8,,,קוסקוס 800גר,גרמים,800.00,100 גרם,false,,14.90,0.0186,true,1,31667
7290001552049,false,מטעמי פאר קוסקוס מרו,,,מטעמי פאר קוסקוס מרו,גרמים,800.00,100 גרם,false,,12.90,0.0161,true,1,31668
7290001567760,false,פסטרמה של פעם 300 ג' יחיעם,פ.פ.ח. שאביט,IL,פסטרמה של פעם 300 גר,גרמים,300.00,100 גרם,false,,24.50,0.0817,true,1,11681
7290001567814,false,סלמי מעושן בסגנון איטלקי 300 ג' יחיעם,פ.פ.ח. שאביט,IL,סלמי מעושן בסגנון אי,גרמים,300.00,100 גרם,false,,19.90,0.0663,true,1,11683
7290001591673,false,"קניידלך מקמח תפו""א 500 גר'",שלושת האופים,IL,קניידלך מקמח תפוח אד,גרמים,500.00,100 גרם,false,,19.90,0.0398,true,1,305713
7290001591703,false,קבב אנגוס עגול 500 גר' חלק רבנות,,,קבב בקר אנגוס עגול ט,גרמים,500.00,100 גרם,false,,22.90,0.0458,true,1,277114
7290001591710,false,המבורגר אנגוס 600 גר' רבנות,,,המבורגר אנגוס טיבון,גרמים,600.00,100 גרם,false,,22.90,0.0382,true,1,277115
7290001591734,false,מרגז נקנקיה בסגנון מרוקאי 500 ג' טיבון ויל,,,נקניקיות מרגז בסגנון,גרמים,500.00,100 גרם,false,,22.90,0.0458,true,1,277117
7290001594025,false,"קוקה קולה זכוכית 350 מ""ל",החברה המרכזית לייצור,IL,קוקה קולה קלאסי 350,מיליליטרים,350.00,"100 מ""ל",false,,6.90,0.0197,true,1,7242
7290001594032,false,קוקה קולה דיאט קלאסי,החברה המרכזית לייצור,IL,קוקה קולה דיאט קלאסי,מיליליטרים,350.00,"100 מ""ל",false,,6.90,0.0197,true,1,7243
7290001594155,false,קוקה קולה בקבוק 500מ,החברה המרכזית לייצור,IL,קוקה קולה 500מל,מיליליטרים,500.00,"100 מ""ל",false,,6.90,0.0138,true,1,7250
7290001594179,false,פאנטה אורנג בקבוק 50,החברה המרכזית לייצור,IL,פאנטה אורנג' 500 בקב,מיליליטרים,500.00,"100 מ""ל",false,,6.90,0.0138,true,1,7252
7290001594230,false,"קינלי סודה בקבוק 250 מ""ל",החברה המרכזית לייצור,IL,סודה קינלי 250 מ'ל,מיליליטרים,250.00,"100 מ""ל",false,,2.90,0.0116,true,1,7255
7290001594377,false,פריגת משקה קל תפוזים,מבשלות בירה בינלאומי,IL,פריגת משקה תפוזים 50,מיליליטרים,500.00,"100 מ""ל",false,,6.50,0.0130,true,1,7259
7290001594520,false,"בירה טובורג בקבוק 330מ""ל",מבשלות בירה בינלאומי,IL,טובורג רד בקבוק פקדו,מיליליטרים,330.00,"100 מ""ל",false,,6.90,0.0209,true,1,7262
7290001594858,false,"בירה טובורג בקבוק 330X6מ""ל",קרלסברג ישראל,IL,טובורג רד בקבוק פקדו,ארגז,1.98,ליטר,false,,43.90,22.1717,true,1,7267
7290001594865,false,"קרלסברג בירה בקבוק 6* 330 מ""ל",קרלסברג ישראל,IL,קרלסברג בירה בקבוק 6,ארגז,1.98,ליטר,false,,39.90,20.1515,true,1,7268
7290001648643,false,מארז קפה טורקי כתר 3,רוני רג'ואן,IL,כתר קפה טורקי 3*100ג,גרמים,300.00,100 גרם,false,,12.80,0.0427,true,1,442880
7290001648995,false,קפה טורקי רג'ואן 3*1,,,קפה רגואן 3*100גרם.,גרמים,100.00,100 גרם,false,,12.80,0.1280,true,1,442881
7290001670057,false,כפיות חד פעמי 100 יח,הנמל אריזות ושיווק ב,IL,.סכום ח.פ.כפיות 100י,אין,0.00,יחידה,false,,12.90,0.0000,true,1,7764
7290001670064,false,סכינים חד פעמי לבן 100 יח',,,סכינים 100יח,אין,0.00,יחידה,false,,12.90,0.0000,true,1,7765
7290001670071,false,כפות חד פעמי לבן 100 יח',הנמל אריזות ושיווק ב,IL,.סכום ח.פ.כפות 100יח,אין,0.00,יחידה,false,,12.90,0.0000,true,1,7766
7290001710111,false,נקניקיות מרגז 500 גר,לאטי עזרא גלם ודגים,,נקניקיות מרגז 500 גר,גרמים,500.00,100 גרם,false,,19.90,0.0398,true,1,12067
7290001710128,false,נקניקיות צוריסוס 500,מעדני הטלה,,נקניקיות צוריסוס 500,גרמים,500.00,100 גרם,false,,19.90,0.0398,true,1,12068
7290001713150,false,סנט מוריץ מתז אקונומיקה Bleach קצף לימון 1 ליטר,קומפלקס כימיקלים,IL,אקונומיקה קצף ניקוי,ארגז,1.00,ליטר,false,,8.90,8.9000,true,1,13851
7290001723357,false,מוצץ סילי אורטודנטי,הדקלאים אגודת שיתופי,DE,טוליפס זוג מוצץ סיל',אין,0.00,יחידה,false,,25.90,0.0000,true,1,357943
7290001780428,false,מאגדת גלידת לייט שוקולד נסטלה 6יח' 312ג',גלידות נסטלה (נגה גל,IL,נסטלה לייט 6 שלגוני,גרמים,312.00,100 גרם,false,,27.90,0.0894,true,1,11823
7290001791349,false,אקונומיקה פסגה ריחנית 4ליטר,"סנו מפעלי ברונוס בע""",IL,אקונומיקה ריחנית פסג,ארגז,4.00,ליטר,false,,11.90,2.9750,true,1,19116
7290001817377,false,צ'יטוס חטיף איקס עיגול פיצה 60 גרם,"שטראוס פריטו ליי בע""",IL,ציטוס איקס עיגול 60ג,גרמים,60.00,100 גרם,false,,3.50,0.0583,true,1,15891
7290001817728,false,צ'יטוס חטיף כאפה קטשופ 55 גרם,"שטראוס פריטו ליי בע""",IL,ציטוס כאפה 55 גרם,גרמים,55.00,100 גרם,false,,3.50,0.0636,true,1,15892
7290001865439,false,פמלי לקשרי 1ליטר וניל טהור +משאבה,אף.סי תבליני בגליל ב,IL,סבון נוזלי וניל + מש,אין,0.00,יחידה,false,,10.90,0.0000,true,1,6561
7290001865453,false,פמלי לקשרי 1ליטר לבנדר ארומטי+משאבה,מיוצר עי קונדיטוריית,TR,סבון נוזלי לבנדר+ מש,אין,0.00,יחידה,false,,10.90,0.0000,true,1,6562
7290001990117,false,שומשום סוגת 100 גרם,האי נאם סי או אל.טי.,IL,שומשום 100 גרם,גרמים,100.00,100 גרם,false,,3.90,0.0390,true,1,12304
7290001990148,false,"סוכר גולדן קלאסי צנצנת 1ק""ג סוגת",האי נאם סי או אל.טי.,IL,סוכר גולדן קלאסי בצנ,אלף,1.00,"ק""ג",false,,12.90,12.9000,true,1,12305
7290001990261,false,"סוגת חומוס 1 ק""ג",,,"סוגת חומוס 1 ק""ג",אלף,1.00,"ק""ג",false,,12.90,12.9000,true,1,12306
7290001990278,false,"שעועית לבנה סוגת 1 ק""ג",סוגת,,סוגת שעועית לבנה 1 ק,אלף,1.00,"ק""ג",false,,18.90,18.9000,true,1,12307
7290001990391,false,"אפונה 1 ק""ג סוגת",,,"אפונה 1 ק""ג",אלף,1.00,"ק""ג",false,,11.90,11.9000,true,1,12308
7290001990407,false,"עדשים ירוקים 1 ק""ג סוגת",סוגת,,עדשים ירוקים 1 קג,אלף,1.00,"ק""ג",false,,14.90,14.9000,true,1,12309
7290001990414,false,"עדשים אדומים 1 ק""ג סוגת",,,סוגת עדשים אדומים 1,אלף,1.00,"ק""ג",false,,14.90,14.9000,true,1,12310
7290001990421,false,"פופקורן גרעינים סוגת 1 ק""ג",,,"סוגת פופקורן 1 ק""ג",אלף,1.00,"ק""ג",false,,9.90,9.9000,true,1,12311
7290002000266,false,מגע המשי שעווה תפוח למיקרוגל 500 ג',המאפיה של הרמן,IL,שעווה תפוח לחימום במ,גרמים,500.00,100 גרם,false,,17.90,0.0358,true,1,6568
7290002002857,false,מגע המשי נייר הדבש 50יח',"איטיליאן פוד, אס.פי.",IL,נייר להסרת שיער מגע,אין,0.00,יחידה,false,,18.90,0.0000,true,1,6571
7290002007234,false,אבקת סוכר 100 ג' הנמל,"מיוצר וארוז ע""י: ר.ס",IL,אבקת סוכר 100ג,גרמים,100.00,100 גרם,false,,1.90,0.0190,true,1,7777
7290002007487,false,צמר פלדה הנמל 100 גר,"איטיליאן פוד, אס.פי.",IL,צמר פלדה 100 גר',גרמים,100.00,100 גרם,false,,3.90,0.0390,true,1,7784
7290002007500,false,קיסמי שיניים במבוק בחבית 500 יח',הנמל אריזות ושיווק ב,IL,קיסמים חבית הנמל 500,יח',500.00,יח',false,,3.90,0.0078,true,1,7785
7290002007890,false,כוסות שתייה קרה 100 יח` 200 PP מל`,,IL,כוס שתיה קרה 100 יח,אין,0.00,יחידה,false,,12.90,0.0000,true,1,7788
7290002007975,false,"צלחות קטנות ח""פ הנמל 50 יח'",,,צלחות קטן 50יח,אין,0.00,יחידה,false,,12.90,0.0000,true,1,7790
7290002007982,false,מזלגות חד פעמי 100 י,הנמל אריזות ושיווק ב,IL,מזלגות חד פעמי 100 י,אין,0.00,יחידה,false,,12.90,0.0000,true,1,7791
7290002007999,false,"צלחות גדולות ח""פ הנמל 50 יח'",,,צלחות גדול 50יח הנמל,אין,0.00,יחידה,false,,15.90,0.0000,true,1,7792
7290002008187,false,קשים לשתיה מתקפלים 40 יח',"איטיליאן פוד, אס.פי.",CN,קש לשתיה מתקפל 40יח,אין,0.00,יחידה,false,,1.90,0.0000,true,1,7797
7290002008224,false,סוכריות לקישוט צבעונית הנמל 100 ג',ממתקי עלה בעמ,IL,קישוט לעוגה גליד.,גרמים,60.00,100 גרם,false,,5.90,0.0983,true,1,7798
7290002008354,false,מפת מגן נילון לשולחן,"איטיליאן פוד, אס.פי.",IL,מפת מגן נילון לשולחן,אין,0.00,יחידה,false,,9.90,0.0000,true,1,7800
7290002008507,false,נייר אפייה 50 יח' הנמל,הנמל אריזות ושיווק ב,IL,נייר אפיה 50יח,אין,0.00,יחידה,false,,8.90,0.0000,true,1,7803
7290002008750,false,אבקת אפיה הנמל מארז 10X10 ג',"מיוצר ע""י:ר.ס. חברה",IL,אבקת אפיה 10*10 גרם,גרמים,100.00,100 גרם,false,,2.90,0.0290,true,1,7806
7290002008989,false,קישקשים קשים לשתיה 225יח הנמל,הנמל אריזות ושיווק ב,CN,קישקשים 225 יח,אין,0.00,יחידה,false,,9.90,0.0000,true,1,7808
7290002026341,false,צ'יפס בטטה קפוא אריסטו 500ג',האי נאם סי או אל.טי.,CA,אריסטו קראנץ-ציפס בט,גרמים,500.00,100 גרם,false,,14.90,0.0298,true,1,10985
7290002026402,false,בראנץ אנד קראנץ בלינצס גבינה 350 גרם,מוצרי איכות אמריקאיי,IL,בראנץ אנד קראנץ בלינ,גרמים,350.00,100 גרם,false,,13.90,0.0397,true,1,10986
7290002026587,false,וופל בלגי פרווה בראנץ אנד קראנץ 8 יח',בראנץ' אנד קראנץ Brunch& Crunch,BE,בראנץ אנד קראנץ וופל,גרמים,28.00,100 גרם,false,,13.90,0.4964,true,1,10989
7290002026914,false,"מאגדת קלאסיק מיקס בן וג'ירי 4*100 מ""ל",מוצרי איכות אמריקאיי,IL,מאגדת קלאסיק מיקס 28,גרמים,288.00,100 גרם,false,,24.90,0.0865,true,1,60321
7290002043065,false,פריכיות אורז חום מלא בציפוי שוקולד מריר בלגי 70 ג',נוהלס,BG,פריכוני אורז בציפוי,גרמים,70.00,100 גרם,false,,9.40,0.1343,true,1,3806
7290002043072,false,פריכיות אורז חום מלא בציפוי שוקולד חלב בלגי 70 ג',נוהלס,BG,פריכוני אורז בציפוי,גרמים,70.00,100 גרם,false,,9.40,0.1343,true,1,3807
7290002043096,false,פריכיות אורז חום מלא בציפוי שוקולד לבן בלגי 70 ג',נוהלס,BG,פריכוני אורז בציפוי,גרמים,70.00,100 גרם,false,,9.40,0.1343,true,1,3808
7290002043324,false,אקסטרה צ'יפס מלח ים 25 גרם,,,צ'יפס מלח ים אקסטרה,גרמים,25.00,100 גרם,false,,4.90,0.1960,true,1,3814
7290002043386,false,צ'יפס פרוטאין שעועית,,,צ'יפס פרוטאין שעועית,גרמים,60.00,100 גרם,false,,8.50,0.1417,true,1,47905
7290002043782,false,ציפס אורז חום מלא טקסס ברביקיו אקסטרא 60 ג',נוהלס,BG,צ'יפס טקסס ברבקיו אק,גרמים,60.00,100 גרם,false,,8.50,0.1417,true,1,3816
7290002043829,false,פריכיות מלח היהמלאיה,,,פריכיות מלח היהמלאיה,גרמים,200.00,100 גרם,false,,16.50,0.0825,true,1,3819
7290002053354,false,נודלס סיני אוריינט 3,טאביט ספ.ז.או.או,PL,נודלס סיני אוריינט 3,גרמים,300.00,100 גרם,false,,13.90,0.0463,true,1,5595
7290002057017,false,זיתים נובו ענק A2 יבנה 330ג',קריות זול,IL,זיתים נובו ענק קבוצת,גרמים,560.00,100 גרם,false,,8.90,0.0159,true,1,32258
7290002057031,false,זיתים מבוקע פיקנטי A2 יבנה 560 ג',קריות זול,IL,זיתים מבוקעים פיקנטי,גרמים,560.00,100 גרם,false,,8.90,0.0159,true,1,32259
7290002057123,false,זיתים חרוזית ירוק A2 יבנה 540ג',קריות זול,IL,זיתים חרוזית ירוק קב,גרמים,275.00,100 גרם,false,,9.90,0.0360,true,1,32265
7290002057185,false,טבעות זיתים ירוקים 560 ג' יבנה,קריות זול,IL,טבעות זיתים ירוקים ק,גרמים,540.00,100 גרם,false,,9.90,0.0183,true,1,32269
7290002057352,false,מלפפון במלח 7-9 560 ג' יבנה,אף.סי תבליני בגליל ב,IL,מלפפונים במלח 7-9 ק,גרמים,560.00,100 גרם,false,,6.90,0.0123,true,1,32270
7290002057369,false,מלפפון במלח ‏12‏-‏10‏ 560 ג' יבנה,קבוצת יבנה,IL,מלפפון במלח 10-12 קב,גרמים,560.00,100 גרם,false,,6.90,0.0123,true,1,32271
7290002057376,false,מלפפון במלח ‏17‏-‏13‏ 560 ג' יבנה,קבוצת יבנה,IL,מלפפון במלח 13-17 קב,גרמים,560.00,100 גרם,false,,9.90,0.0177,true,1,32272
7290002057383,false,מלפפון במלח ‏25‏-‏18‏ 560 ג' יבנה,קריות זול,IL,מלפפון 18-25במלח קבו,גרמים,560.00,100 גרם,false,,11.90,0.0213,true,1,32273
7290002057437,false,שיפקונית קבוצת יבנה,קבוצת יבנה,IL,שיפקונית קבוצת יבנה,גרמים,560.00,100 גרם,false,,9.90,0.0177,true,1,38707
7290002057451,false,מלפפון בחומץ ‏9‏-‏7‏ %‏20‏ 560 ג' יבנה,אף.סי תבליני בגליל ב,IL,מלפפון בחומץ 7-9 קבו,גרמים,560.00,100 גרם,false,,6.90,0.0123,true,1,32274
7290002057468,false,מלפפון חומץ ‏12‏-‏10‏ 560 ג' יבנה,קבוצת יבנה,IL,מלפפון בחומץ 10-12 ק,גרמים,560.00,100 גרם,false,,7.90,0.0141,true,1,32275
7290002057475,false,מלפפונים בחומץ 13-17 קטן A2 יבנה 540ג',קבוצת יבנה,IL,מלפפון בחומץ 13-17 ק,גרמים,560.00,100 גרם,false,,9.90,0.0177,true,1,32276
7290002057604,false,שיפקה פלפל חריף A2 יבנה 600ג',קבוצת יבנה,IL,פלפל חריף שיפקה קבוצ,גרמים,560.00,100 גרם,false,,5.90,0.0105,true,1,32278
7290002057734,false,זיתים חרוזית שחור A2 יבנה 540ג',קריות זול,IL,זיתים חרוזית מושחר ק,גרמים,560.00,100 גרם,false,,8.90,0.0159,true,1,3565
7290002065555,false,לחמניה אנג'ל ארוכה שקית 6יח,מאפיית שלמה א. אנג'ל,IL,6 לחמניות רכות אנגל,גרמים,450.00,100 גרם,false,,11.50,0.0256,true,1,22632
7290002065616,false,לחם שיפון גרעינים 750 ג' אנג'ל,מאפיית שלמה א. אנג'ל,IL,שיפון גרעינים אנגל 7,גרמים,750.00,100 גרם,false,,13.90,0.0185,true,1,22633
7290002065623,false,לחם שיפון כפרי 750 ג' אנג'ל,מאפיית שלמה א. אנג'ל,IL,לחם שיפון כפרי אנגל,גרמים,750.00,100 גרם,false,,13.90,0.0185,true,1,22634
7290002079033,false,לחם דגנים לייט פרוס 500 ג',מאפיית דוידוביץ ובני,IL,לחם דגנים לייט ללא ת,גרמים,500.00,100 גרם,false,,13.90,0.0278,true,1,462485
7290002079217,false,מחמצת עם אגוזים שיפון 650 ג',מאפיית אחדות חיפה בע,IL,לחם מחמצת שיפון מלא,גרמים,650.00,100 גרם,false,,12.90,0.0198,true,1,462530
7290002079361,false,לחמניות המבורגר חתוך 6+2*60 ג',מאפיית אחדות חיפה,IL,8 לחמניות המבורגר בס,גרמים,480.00,100 גרם,false,,16.90,0.0352,true,1,463204
7290002079590,false,חלה רגילה 500 גרם,מאפיית דוידוביץ,,חלה רגילה 500 גרם,גרמים,500.00,100 גרם,false,,4.90,0.0098,true,1,26739
7290002079996,false,לחם אחיד קל פרוס 750 גרם,הנסיך- מפעל לייצור ט,IL,לחם אחיד קל מאפיית ד,גרמים,750.00,100 גרם,false,,13.90,0.0185,true,1,463185
7290002105510,false,קבב מזרחי מתובל וקפוא גלאט הדר בשר 500ג',,,קבב מזרחי 500-מחפוד,גרמים,500.00,100 גרם,false,,20.90,0.0418,true,1,29092
7290002105527,false,גולש עגל 800 גר' מחפוד קפוא,,,גולש בקר 800 גרם מחפ,גרמים,800.00,100 גרם,false,,49.90,0.0624,true,1,29093
7290002105541,false,סטייק אנטריקוט מעובד קפוא ה.הבשר 800ג',,,סטייק אנטריקוט 800 ג,גרמים,800.00,100 גרם,false,,49.90,0.0624,true,1,29095
7290002105565,false,טחון הודו 500 גרם מחפוד מהדרין,,,טחון הודו 500 גרם מח,גרמים,500.00,100 גרם,false,,13.90,0.0278,true,1,29097
7290002105671,false,טחון עוף 500 גר' קפוא מחפוד,,,טחון עוף 500 גר מחפו,גרמים,500.00,100 גרם,false,,13.90,0.0278,true,1,29098
7290002105756,false,"בקר טחון 1 ק""ג מחפוד קפוא",,,"טחון בקר 1 ק""ג מחפוד",אלף,1.00,"ק""ג",false,,39.90,39.9000,true,1,29102
7290002107385,false,גבינת מה עיזים בגליל צוריאל 180 ג',מחלבת משק צוריאל,IL,צוריאל גליל גבינת עי,גרמים,180.00,100 גרם,false,,21.90,0.1217,true,1,6909
7290002107491,false,גבינת עזים למריחה טבעי 5% צוריאל 250 ג',מחלבת משק צוריאל,IL,צוריאל גבינת עזים למ,גרמים,250.00,100 גרם,false,,15.90,0.0636,true,1,6910
7290002107798,false,גבינה בולגרית מעודנת 5% צוריאל 250ג',מחלבת משק צוריאל,IL,צוריאל בולגרית מעודנ,גרמים,250.00,100 גרם,false,,20.90,0.0836,true,1,6911
7290002107965,false,טבורוג גבינה לאפייה 5% צוריאל 500 ג',מחלבת משק צוריאל,IL,צוריאל טבורוג גבינה,גרמים,500.00,100 גרם,false,,25.50,0.0510,true,1,6912
7290002109488,false,קבב אמיתי טיבון ויל,טיבון ויל,,קבב אמיתי 100% 440 ג,גרמים,440.00,100 גרם,false,,16.90,0.0384,true,1,12076
7290002111085,false,רסק עגבניות 22% 100 גר' פרי מבורך,זנלכל,IL,רוטב עגבניות 22% פרי,גרמים,100.00,100 גרם,false,,2.50,0.0250,true,1,8116
7290002111139,false,"רסק תפו""ע לל""ס A2 פרי מבורך 550 גר'",זנלכל,IL,"רסק תפו""ע דיאט פרי מ",גרמים,560.00,100 גרם,false,,8.90,0.0159,true,1,8118
7290002111313,false,עגבניות קוביות A2.5 פרי מבורך 800ג' בדצ,זנלכל,IL,עגבניות קוביות פרי מ,גרמים,800.00,100 גרם,false,,9.90,0.0124,true,1,8120
7290002111337,false,רסק עגבניות 22% 260 גר' פרי מבורך,זנלכל,IL,רוטב עגבניות 22% פרי,גרמים,240.00,100 גרם,false,,4.50,0.0188,true,1,2750
7290002111474,false,אפונה גדולה A2 פרי מבורך 600ג',זנלכל,IL,אפונת גדולה פרי מבור,גרמים,335.00,100 גרם,false,,7.90,0.0236,true,1,8121
7290002111511,false,"אפונה וגזר A2 פרי מבורך 550ג' בד""צ.",זנלכל,IL,אפונה וגזר פרי מבורך,גרמים,550.00,100 גרם,false,,7.90,0.0144,true,1,8122
7290002111634,false,חומוס פרי מבורך 550 גר A2,זנלכל,IL,חומוס שלם פרי מבורך,גרמים,550.00,100 גרם,false,,8.90,0.0162,true,1,8123
7290002111696,false,עגבניות מרוסקות 800 גר' פרי מבורך,זנלכל,IL,עגבניות מרוסקות פרי,גרמים,800.00,100 גרם,false,,9.90,0.0124,true,1,8126
7290002111764,false,שעועית לבנה אפויה פרי מבורך 600 ג',זנלכל,IL,שעועית לבנה ברוטב עג,גרמים,580.00,100 גרם,false,,8.90,0.0153,true,1,8128
7290002111818,false,גרעיני תירס מתוק ואקום פרי מבורך 400ג',זנלכל,IL,גרעיני תירס מתוק פרי,גרמים,246.00,100 גרם,false,,5.90,0.0240,true,1,8129
7290002111825,false,גרעיני תירס מתוק 550 גרם פרי מבורך,זנלכל,IL,גרעיני תירס מתוק פרי,גרמים,335.00,100 גרם,false,,7.90,0.0236,true,1,8130
7290002129455,false,פיצה איטלקית XL שלוש,,,פיצה איטלקית 450 ג,גרמים,450.00,100 גרם,false,,18.90,0.0420,true,1,12078
7290002130567,false,דבש טהור מפרחי בר בזכוכית 350 גרם,מכוורת יד מרדכי שטרא,IL,דבש טהור מפרחי בר בצ,גרמים,350.00,100 גרם,false,,18.90,0.0540,true,1,14935
7290002130581,false,דבש טהור מפרחי בר בצ,קריות זול,IL,דבש טהור מפרחי בר בצ,אלף,1.00,"ק""ג",false,,45.70,45.7000,true,1,14936
7290002204169,true,אגס נאשי מארז,,,אגס נאשי מארז,גרמים,500.00,100 גרם,false,,12.90,0.0258,true,1,441024
7290002232964,false,פירורי לחם דגש ציפוי,תירפז בעמ,IL,דגש ציפוי פז טחון דק,גרמים,500.00,100 גרם,false,,32.90,0.0658,true,1,2272
7290002253006,false,דורות שום כתוש טרי 200 גרם,עיצובים 2020 (3.8),IL,דורות שום כתוש טרי 2,גרמים,200.00,100 גרם,false,,15.90,0.0795,true,1,13644
7290002253013,false,שום כתוש דורות 400 ג,עיצובים 2020 (3.8),IL,דורות ראשום 400 גרם.,גרמים,400.00,100 גרם,false,,19.90,0.0497,true,1,107632
7290002253105,false,מגשית קוביות שום טרי דורות 80 ג',עיצובים 2020 (3.8),IL,דורות מגשית קוביות ש,גרמים,80.00,100 גרם,false,,9.90,0.1238,true,1,13646
7290002253150,false,בזיליקום טרי קצוץ דורות 70 ג',עיצובים 2020 (3.8),IL,בזיליקום טרי קצוץ 70,גרמים,70.00,100 גרם,false,,9.90,0.1414,true,1,13647
7290002253167,false,פטרוזליה קצוצה דורות 70 גר',עיצובים 2020 (3.8),IL,פטרוזליה טרייה קצוצה,גרמים,70.00,100 גרם,false,,10.50,0.1500,true,1,13648
7290002253174,false,שמיר קצוץ דורות 70 גר',עיצובים 2020 (3.8),IL,שמיר טרי קצוץ 70 גרם,גרמים,70.00,100 גרם,false,,10.00,0.1429,true,1,107646
7290002253181,false,כוסברה טריה קצוצה 70 ג' דורות,עיצובים 2020 (3.8),IL,כוסברה טריה קצוצה 70,גרמים,70.00,100 גרם,false,,10.00,0.1429,true,1,13649
7290002253198,false,ג'ינג'ר טרי כתוש במגשית 70 ג' דורות,עיצובים 2020 (3.8),IL,דורות ג'ינג'ר טרי כת,גרמים,70.00,100 גרם,false,,10.50,0.1500,true,1,13650
7290002253235,false,רוטב פסטו דורות 160 ג',עיצובים 2020 (3.8),IL,דורות רוטב פסטו 160,גרמים,160.00,100 גרם,false,,11.90,0.0744,true,1,13651
7290002255024,false,אגרול סיני בתוספת רו,,,אגרול סיני בתוספת רו,גרמים,800.00,100 גרם,false,,22.90,0.0286,true,1,31669
7290002255031,false,סיגרים במילוי בשר חט,חטיפי אלקיים בעמ,IL,סיגרים במילוי בשר חט,גרמים,800.00,100 גרם,false,,22.90,0.0286,true,1,31670
7290002255048,false,קובה למרק במילוי בשר,חטיפי אלקיים בעמ,IL,קובה למרק במילוי בשר,גרמים,800.00,100 גרם,false,,22.90,0.0286,true,1,31671
7290002255086,false,קובה ביתי במילוי בשר,חטיפי אלקיים בעמ,IL,קובה ביתי במילוי בשר,גרמים,700.00,100 גרם,false,,22.90,0.0327,true,1,31673
7290002255130,false,"סיגרים במילוי תפו""א",,,"סיגרים במילוי תפו""א",גרמים,800.00,100 גרם,false,,22.90,0.0286,true,1,31675
7290002255215,false,"עלי סיגר מרובע בד""צ",חטיפי אלקיים בעמ,IL,עלים לסיגר 500ג,גרמים,500.00,100 גרם,false,,8.90,0.0178,true,1,31678
7290002255284,false,"קובה חמוסטה בד""צ חטי",חטיפי אלקיים בעמ,IL,"קובה חמוסטה בד""צ חטי",גרמים,800.00,100 גרם,false,,22.90,0.0286,true,1,31680
7290002255475,false,פסטלים במילוי בשר בד,חטיפי אלקיים בעמ,IL,פסטלים במילוי בשר בד,גרמים,800.00,100 גרם,false,,22.90,0.0286,true,1,31682
7290002263661,false,מיץ לימון 100% טבעי,,,מיץ לימון 100% טבעי,מיליליטרים,250.00,"100 מ""ל",false,,7.90,0.0316,true,1,3826
7290002291046,false,המבורגר מסעדות קצבייה 4 יח'-480 ג',יוליניבר,IL,בלדי המבורגר מסעדות,גרמים,480.00,100 גרם,false,,22.90,0.0477,true,1,22558
7290002317005,false,זיתים טבעות מושחר 560ג A2 מטולה,שימורי מוטולה,IL,טבעות זיתים מושחרים,גרמים,560.00,100 גרם,false,,10.90,0.0195,true,1,15968
7290002317081,false,זיתים נטולי גלעין +20% 670ג A2 מטולה,שימורי מוטולה,IL,זיתים נטולי גלעין 20,גרמים,670.00,100 גרם,false,,10.90,0.0163,true,1,15970
7290002317128,false,מלפפון 560ג במלח 10-12 A2 מטולה,שימורי מוטולה,IL,מלפפון במלח 10-12 מו,גרמים,560.00,100 גרם,false,,10.90,0.0195,true,1,15971
7290002317135,false,מלפפון 560ג במלח 13-17 A2 מטולה,שימורי מוטולה,IL,מלפפון במלח 13-17 מו,גרמים,560.00,100 גרם,false,,10.90,0.0195,true,1,15972
7290002317173,false,מלפפון בחומץ 13-17 560ג A2 מטולה,שימורי מוטולה,IL,מלפפון בחומץ 13-17 מ,גרמים,560.00,100 גרם,false,,10.90,0.0195,true,1,15975
7290002317265,false,מלפפון 650ג במלח +20% 7-9 A2 מטולה,שימורי מוטולה,IL,מלפפון במלח 20% 7-9,גרמים,670.00,100 גרם,false,,9.90,0.0148,true,1,15981
7290002317289,false,חצילים כבושים מוטול,שימורי מוטולה,IL,חצילים מוטולה 560 גר,גרמים,560.00,100 גרם,false,,9.90,0.0177,true,1,15982
7290002317296,false,פלפל חריף שיפקה 670ג 20%+A2 מטולה,שימורי מוטולה,IL,פלפל שיפקה + 20% מוט,גרמים,550.00,100 גרם,false,,9.90,0.0180,true,1,15983
7290002317319,false,מלפפון 650ג בחומץ +20% 7-9 A2 מטולה,שימורי מוטולה,IL,מלפפון בחומץ 7-9 20%,גרמים,670.00,100 גרם,false,,9.90,0.0148,true,1,15985
7290002317326,false,זיתים מנזולינו 12-15 +20% 670ג A2 מטולה,שימורי מוטולה,IL,זיתים מנזלינו 20% 12,גרמים,670.00,100 גרם,false,,9.90,0.0148,true,1,15986
7290002317357,false,פילפל שיפקה בצנצנת מ,שימורי מוטולה,IL,פילפל שיפקה בצנצנת מ,גרמים,630.00,100 גרם,false,,9.90,0.0157,true,1,15987
7290002317388,false,צנצנת ירקות בתיבול מ,,,צנצנת ירקות בתיבול מ,קילוגרמים,1.65,"100 ק""ג",false,,29.90,18.1212,true,1,357261
7290002317579,false,זיתים טבעות ירוק 560ג A2 מטולה,שימורי מוטולה,IL,טבעות זיתים ירוקים מ,גרמים,560.00,100 גרם,false,,10.90,0.0195,true,1,15997
7290002317609,false,כרוב כבוש 560ג A2 מטולה,שימורי מוטולה,IL,כרוב כבוש מוטולה 560,גרמים,560.00,100 גרם,false,,6.90,0.0123,true,1,15998
7290002317616,false,זיתים מרינט 17-19 560ג A2 מטולה,שימורי מוטולה,IL,זיתים חתוכים מרינט 1,גרמים,560.00,100 גרם,false,,10.90,0.0195,true,1,15999
7290002317661,false,זיתים מנזלינו גדול מ,שימורי מוטולה,IL,זיתים מנזלינו גדול מ,גרמים,560.00,100 גרם,false,,10.90,0.0195,true,1,357169
7290002317678,false,זיתים נטולי גלעין צנ,,,זיתים נטולי גלעין צנ,גרמים,560.00,100 גרם,false,,10.90,0.0195,true,1,16001
7290002317753,false,טבעות זיתים ירוקים ב,שימורי מוטולה,IL,טבעות זיתים ירוקים ב,גרמים,560.00,100 גרם,false,,10.90,0.0195,true,1,16002
7290002319016,false,אבקת אפיה מיה מארז 10X10 ג',מיה תעשיות מזון בעמ,IL,אבקת אפיה 10 יח' מיה,גרמים,100.00,100 גרם,false,,1.90,0.0190,true,1,11209
7290002319023,false,סוכר וניל מיה עשיריו,מיה תעשיות מזון בעמ,IL,1/10 סוכר וניל,גרמים,100.00,100 גרם,false,,1.90,0.0190,true,1,11210
7290002319047,false,אגוזי המלך 100 גר' מיה,מיה תעשיות מזון,IL,אגוזי מלך מיה 100 גר,גרמים,100.00,100 גרם,false,,11.90,0.1190,true,1,11212
7290002319061,false,קוקוס טחון מיה 100 ג,מיה,IL,.קוקוס טחון 100 גר.,גרמים,100.00,100 גרם,false,,3.90,0.0390,true,1,11214
7290002319078,false,שומשום מיה 100 גרם,מיה,IL,שומשום 100ג,גרמים,100.00,100 גרם,false,,3.90,0.0390,true,1,11215
7290002319092,false,קמח תפוחי אדמה מיה 500 גר',מיה תעשיות מזון,IL,קמח תפוחי אדמה מיה 5,גרמים,500.00,100 גרם,false,,5.00,0.0100,true,1,11217
7290002319115,false,חומוס גדול יבש מיה 500 גר',מיה,IL,חומוס גדול מיה 500 ג,גרמים,500.00,100 גרם,false,,8.90,0.0178,true,1,11218
7290002319122,false,גריסים יבשים מיה 500 גר',מיה,IL,גריסים מיה 500 גרם,גרמים,500.00,100 גרם,false,,4.90,0.0098,true,1,11219
7290002319139,false,שעועית לבנה יבשה מיה 500 ג',מיה,IL,שעועית מיה 500 גרם,גרמים,500.00,100 גרם,false,,7.90,0.0158,true,1,11220
7290002319146,false,שעועית אדומה יבשה 500 ג',מיה תעשיות מזון בעמ,IL,שעועית אדומה מיה 500,גרמים,500.00,100 גרם,false,,8.90,0.0178,true,1,11221
7290002319160,false,אפונה ירוקה יבשה מיה 500 ג',מיה,IL,אפונה יבשה מיה 500 ג,גרמים,500.00,100 גרם,false,,4.90,0.0098,true,1,11222
7290002319177,false,פופקורן גרעינים מיה 500 גר',מיה,IL,פופקורן מיה 500 גרם,גרמים,500.00,100 גרם,false,,5.90,0.0118,true,1,11223
7290002319184,false,עדשים אדומים יבשים מיה 500 גר',מיה,IL,עדשים אדומים מיה 500,גרמים,500.00,100 גרם,false,,8.90,0.0178,true,1,11224
7290002319191,false,עדשים ירוקים יבשים מיה 500 גר',מיה,IL,עדשים ירוקים מיה 500,גרמים,500.00,100 גרם,false,,6.90,0.0138,true,1,11225
7290002319207,false,כוסמת מיה 500 גרם,מיה,IL,כוסמת מיה 500 גרם,גרמים,500.00,100 גרם,false,,7.90,0.0158,true,1,11226
7290002319221,false,חיטה מיה 500 גרם,מיה,IL,חיטה מיה 500 גרם,גרמים,500.00,100 גרם,false,,5.50,0.0110,true,1,11228
7290002319375,false,"קורנפלור 200 ג' בד""ץ מיה",מיה תעשיות מזון,IL,קורנפלור 250 גר בד`ץ,גרמים,200.00,100 גרם,false,,2.90,0.0145,true,1,11233
7290002319610,false,שקדים טחונים 100 גר' מיה,מיה תעשיות מזון,IL,שקדים טחונים 100 גרם,גרמים,100.00,100 גרם,false,,10.90,0.1090,true,1,11246
7290002319740,false,אגוזים טחונים 100 גר' מיה,מיה תעשיות מזון,IL,אגוז טחון 100 גרם,גרמים,100.00,100 גרם,false,,10.90,0.1090,true,1,11255
7290002319771,false,"תמצית אפיה וניל 50מ""ל מיה",מיה תעשיות מזון בעמ,IL,תמצית אפיה וניל,מיליליטרים,50.00,"100 מ""ל",false,,2.90,0.0580,true,1,11257
7290002319788,false,"תמצית אפיה רום 50 מ""ל מיה",מיה תעשיות מזון,IL,תמצית אפיה רום,מיליליטרים,60.00,"100 מ""ל",false,,2.90,0.0483,true,1,11258
7290002327028,false,ג'חנון תימני 3 האופים 650 גר',TLV צ'יף,IL,שלושת האופים ג`חנון,גרמים,650.00,100 גרם,false,,12.90,0.0198,true,1,12086
7290002327059,false,"בצק עלים 1 ק""ג שלושת האופים קהילות",שלושת האופים,IL,בצק עלים 1 ק`ג,אלף,1.00,"ק""ג",false,,19.90,19.9000,true,1,12088
7290002327073,false,בורקס גבינה 800 גר' שלושת האופים קהילות,שלושת האופים,IL,בורקס גבינה 800 גרם,גרמים,800.00,100 גרם,false,,19.90,0.0249,true,1,12090
7290002331025,false,"מים מינרלים נביעות ספורט 500 מ""ל פקדון",נביעות טבע הגליל בעמ,IL,נביעות 1/2 ליטר ספור,מיליליטרים,500.00,"100 מ""ל",false,,3.90,0.0078,true,1,7276
7290002331124,false,"נביעות+ מים טעם תפוח 500מ""ל",נביעות טבע הגליל בעמ,IL,נביעות מים מינרלים ב,מיליליטרים,500.00,"100 מ""ל",false,,6.40,0.0128,true,1,7279
7290002331155,false,"נביעות+ בטעם אפרסק 500 מ""ל",נביעות טבע הגליל בעמ,IL,נביעות מים מינרלים ב,מיליליטרים,500.00,"100 מ""ל",false,,6.40,0.0128,true,1,7282
7290002331322,false,נביעות שישייה מים 1.,נביעות,IL,מי נביעות שישייה 1.5,ארגז,9.00,ליטר,false,,10.90,1.2111,true,1,7286
7290002331360,false,"נביעות מים מינרליים טו גו מארז 500X6מ""ל",קריות זול,IL,נביעות TO GO שישייה,ארגז,3.00,ליטר,false,,13.90,4.6333,true,1,7287
7290002331421,false,"מים אישי נביעות מארז שישייה* 755 מ""ל",קריות זול,IL,נביעות 6*755מל,ארגז,4.53,ליטר,false,,17.90,3.9514,true,1,7288
7290002331711,false,נביעות פלוס בטעם ענבים 500מל,נביעות טבע הגליל בעמ,IL,נביעות מים מינרלים ב,מיליליטרים,500.00,"100 מ""ל",false,,6.40,0.0128,true,1,7300
7290002344056,false,מטליות מיקרופייבר מ,,,מטליות מיקרופייבר מ,אין,0.00,יחידה,false,,12.90,0.0000,true,1,400095
7290002345015,false,סינטה דק דק אל גאוצ'ו 250ג' מינוט,"טיבון ויל אחזקות בע""",IL,סינטה דקדק 250 גרם,גרמים,250.00,100 גרם,false,,15.90,0.0636,true,1,12094
7290002345022,false,אנטריקוט דק דק אל גאצ'ו 250ג' מינוט,"טיבון ויל אחזקות בע""",IL,אנטריקוט דקדק 250 ג,גרמים,250.00,100 גרם,false,,15.90,0.0636,true,1,12095
7290002353836,false,סרדין רוברט בשמן זית 120 ג',קונסרבס פורטוגל נורט,PT,סרדינים רוברט בשמן ז,גרמים,120.00,100 גרם,false,,8.90,0.0742,true,1,127190
7290002360285,false,תה פומפדור חליטת צמחים קמומיל 20 שק,TEEKANNE- POMPADOU,DE,פומפדור חליטת קמומיל,גרמים,30.00,100 גרם,false,,15.90,0.5300,true,1,14505
7290002371526,false,סלסולי פסטרמה שום טירת צבי 120 ג',הנסיך- מפעל לייצור ט,IL,טירת צבי סלסולי פסטר,גרמים,120.00,100 גרם,false,,13.90,0.1158,true,1,16401
7290002371533,false,דקניקים סלסולי פסטרמה בדבש 120 ג' טירת צבי,הנסיך- מפעל לייצור ט,IL,טירת צבי סלסולי פסטר,גרמים,120.00,100 גרם,false,,13.90,0.1158,true,1,16402
7290002371540,false,דקניקים קורנדביף 120 ג' טירת צבי,הנסיך- מפעל לייצור ט,IL,טירת צבי קורנדביף דק,גרמים,120.00,100 גרם,false,,13.90,0.1158,true,1,16403
7290002371854,false,"נקניקיות עוף מתובלות 1 ק""ג טירת צבי",הנסיך- מפעל לייצור ט,IL,נקניקיות עוף מתובלות,אלף,1.00,"ק""ג",false,,24.90,24.9000,true,1,16405
7290002371939,false,טירת צבי סרוולד צרפת,הנסיך- מפעל לייצור ט,IL,טירת צבי סרוולד צרפת,גרמים,120.00,100 גרם,false,,27.00,0.2250,true,1,16406
7290002374268,false,שמן חמניות מילומור 1 ליטר,שמן תעשיות,IL,שמן חמניות מילומור 1,ארגז,1.00,ליטר,false,,9.90,9.9000,true,1,222228
7290002374312,false,שמן קנולה מילומור 1 ליטר,"נארז ע""י : א.ג. גילר",IL,שמן קנולה מילומור 1,ארגז,1.00,ליטר,false,,11.90,11.9000,true,1,18821
7290002374640,false,שמן קנולה פלוס אומגה 3 1ל' עץ הזית,שמן תעשיות,IL,שמן קנולה פלוס אומגה,ארגז,1.00,ליטר,false,,16.90,16.9000,true,1,18822
7290002404583,false,יין היוצר קברנה סובניון,יקב היוצר,,יין היוצר בראשית קבר,מיליליטרים,750.00,"100 מ""ל",false,,39.90,0.0532,true,1,9855
7290002404590,false,"יין מרלו הראשית 750 מ""ל היוצר",יקבי ארזה,IL,יין היוצר בראשית רזר,מיליליטרים,750.00,"100 מ""ל",false,,39.90,0.0532,true,1,9856
7290002404620,false,"יין היוצר וירטואוזו מרלו 750 מ""ל",יקב היוצר,,יין וירטואוז מרלו 75,מיליליטרים,750.00,"100 מ""ל",false,,45.90,0.0612,true,1,9859
7290002407454,false,שמן זית כתית מעולה ס,,,שמן זית כתית מעולה ס,מיליליטרים,750.00,"100 מ""ל",false,,39.90,0.0532,true,1,195443
7290002512004,false,מלוואח צנעני 900 גרם,צנעני,IL,צנעני מלווח 900 גרם,גרמים,900.00,100 גרם,false,,21.90,0.0243,true,1,31687
7290002512011,false,צנעני גחנון 900 גרם,צנעני,IL,צנעני גחנון 900 גרם,גרמים,900.00,100 גרם,false,,21.90,0.0243,true,1,31688
7290002512066,false,ג'חנון אפוי צנעני 65,,,ג'חנון אפוי צנעני 65,גרמים,650.00,100 גרם,false,,20.90,0.0322,true,1,183413
7290002512257,false,מלווח מופחת שמן צנענ,צנעני,IL,מלווח מופחת שומן 700,גרמים,700.00,100 גרם,false,,17.90,0.0256,true,1,31690
7290002517269,false,תבלין פלפל שחור שלם 35ג',תות ממתקי איכות,IL,תבלין פלפל שחור שלם,גרמים,35.00,100 גרם,false,,7.00,0.2000,true,1,241859
7290002517337,false,תבלין אורגנו עלים 20 גר',תות ממתקי איכות,IL,תבלין אורגנו בשקית ט,גרמים,20.00,100 גרם,false,,6.80,0.3400,true,1,26176
7290002517375,false,תבלין בזיליקום 30 גר' שק',תות ממתקי איכות,IL,תבלין בזיליקום בשקית,גרמים,30.00,100 גרם,false,,6.80,0.2267,true,1,26177
7290002542780,false,"שישיית בירה סטלה ארטואה 330 מ""ל*6",סטלה ארטואה Stella Artois,BE,סטלה ארטואה בקבוק 6*,ארגז,1.98,ליטר,false,,35.90,18.1313,true,1,89638
7290002543046,false,קלוגס פרוסטיס דגנים וסוכר 750ג',קלוג מנייופרטורינג א,ES,פרוסטיס דגני קלוגס 7,גרמים,750.00,100 גרם,false,,15.90,0.0212,true,1,6377
7290002599029,false,תבליני יונה פפריקה מתוקה בשמן 80ג,תבליני יונה,IL,תבליני יונה פפריקה מ,גרמים,100.00,100 גרם,false,,4.50,0.0450,true,1,8937
7290002599036,false,פלפל לבן/שחור 50גר,תבליני יונה,IL,פלפל לבן/שחור,אין,0.00,יחידה,false,,5.50,0.0000,true,1,8938
7290002599081,false,תבליני יונה תבלינים,תבליני יונה,IL,תבליני יונה תבלינים,גרמים,100.00,100 גרם,false,,4.50,0.0450,true,1,8939
7290002599104,false,תבליני יונה תבלינים,תבליני יונה,IL,תבליני יונה תבלינים,אין,0.00,יחידה,false,,4.50,0.0000,true,1,8940
7290002603481,false,פיצת השף מאיטליה CHEF שגב פסטו ועגבניות 200 גרם,האי נאם סי או אל.טי.,IT,פיצת השף מאיטליה CHE,גרמים,200.00,100 גרם,false,,16.90,0.0845,true,1,12121
7290002603498,false,פיצת השף שגב אנטיפסט,האי נאם סי או אל.טי.,IT,פיצת השף מאיטליה CHE,גרמים,220.00,100 גרם,false,,16.90,0.0768,true,1,12122
7290002603504,false,פיצת השף מאיטליה CHEF שגב עגבניות ובצל סגול 200 גרם,סוילה אס.אר.אל,IT,פיצת השף מאיטליה CHE,גרמים,200.00,100 גרם,false,,16.90,0.0845,true,1,12123
7290002628088,false,טחון הודו בלדי קפוא,,,טחון הודו קפוא 500 ג,גרמים,500.00,100 גרם,false,,10.90,0.0218,true,1,183573
7290002628293,false,טחון עוף בלדי קפוא 5,,,טחון עוף קפוא 500 גר,גרמים,500.00,100 גרם,false,,9.90,0.0198,true,1,22559
7290002651116,false,"גחנון חמסי 1 ק""ג",מעדני הטלה,,"גחנון חמסי 1 ק""ג",אלף,1.00,"ק""ג",false,,15.90,15.9000,true,1,12126
7290002651123,false,חמסי מלווח 1 קילו,חמסי,,"מלווח חמסי 1 ק""ג",אלף,1.00,"ק""ג",false,,15.90,15.9000,true,1,12127
7290002661023,false,לחם אחיד ברמן 750 גר,,,לחם אחיד ברמן 750 גר,גרמים,750.00,100 גרם,false,,4.90,0.0065,true,1,26748
7290002692393,false,שמן קנולה מועשר עץ ה,שמן תעשיות,IL,שמן קנולה מועשר עץ ה,ארגז,1.00,ליטר,false,,15.90,15.9000,true,1,18824
7290002692478,false,"שמן זית כתית מעולה קלאסי מעודן 750 מ""ל עץ הזית","מרקאולאו, ספרד.אבסה,",IT,שמן זית כתית מעולה מ,מיליליטרים,750.00,"100 מ""ל",false,,33.90,0.0452,true,1,2970
7290002692768,false,"תרסיס קנולה מופחת קלוריות 200 מ""ל עץ הזית",טרנסומס פוד איי בי,IT,תרסיס שמן קנולה עץ ה,מיליליטרים,200.00,"100 מ""ל",false,,15.90,0.0795,true,1,18827
7290002692775,false,"תרסיס שמן קנולה בטעם חמאה 200 מ""ל עץ הזית",,,תרסיס שמן קנולה בטעם,מיליליטרים,200.00,"100 מ""ל",false,,15.90,0.0795,true,1,18828
7290002692782,false,"תרסיס מופחת קלוריות זית 200 מ""ל עץ הזית",י.ב טכנולוגיות אריזה,IL,תרסיס שמן זית עץ הזי,מיליליטרים,200.00,"100 מ""ל",false,,15.90,0.0795,true,1,18829
7290002703310,false,צנצנת דבש עין חרוד 5,,,צנצנת דבש עין חרוד 5,גרמים,500.00,100 גרם,false,,21.90,0.0438,true,1,29278
7290002703358,false,צנצנת דבש עין חרוד 3,עין חרוד,IL,צנצנת דבש עין חרוד 3,גרמים,350.00,100 גרם,false,,16.50,0.0471,true,1,29279
7290002703402,false,דבש עין חרוד 400 גרם,,,דבש עין חרוד 400 גרם,גרמים,400.00,100 גרם,false,,19.90,0.0497,true,1,29280
7290002703426,false,דבש לחיץ מכוורת 250,,,דבש לחיץ מכוורת 250,גרמים,250.00,100 גרם,false,,12.90,0.0516,true,1,29281
7290002703679,false,סילאן 100% טבעי עין,,,סילאן 100% טבעי עין,גרמים,900.00,100 גרם,false,,18.90,0.0210,true,1,29285
7290002715375,false,קבב יווני טיבון ויל,טיבון ויל אחזקות בעמ,IL,קבב יווני 400 גרם,גרמים,400.00,100 גרם,false,,16.90,0.0422,true,1,12130
7290002730262,false,פלמוליב כלים שקוף קלאסי 750 בקבוק חדש,יבואן ומשווק: ש. שסט,GR,פלמוליב לכלים קלאסי,מיליליטרים,750.00,"100 מ""ל",false,,11.90,0.0159,true,1,14506
7290002730941,false,בלונס צמר גפן פרוס 100גר',הנסיך- מפעל לייצור ט,GR,צמר גפן פרוס בלונס 1,גרמים,100.00,100 גרם,false,,6.90,0.0690,true,1,14513
7290002730958,false,פלמוליב סבון מוצק? ירוק זית רביעייה * 100 ג',הנסיך- מפעל לייצור ט,TR,סבון מוצק ירוק זית פ,גרמים,400.00,100 גרם,false,,16.90,0.0422,true,1,14514
7290002735007,false,"בצק עלים 1 ק""ג ינון",,,"בצק עלים 1 ק""ג",אלף,1.00,"ק""ג",false,,13.80,13.8000,true,1,2476
7290002735014,false,מלוואח ארוז ינון 800 גר',ג'נרל מילס סאן אדריא,IL,ינון מלווח ארוז 800,גרמים,800.00,100 גרם,false,,12.80,0.0160,true,1,2477
7290002735021,false,ינון גחנון ארוז 750גר,ג'נרל מילס סאן אדריא,IL,ינון גחנון ארוז 750,גרמים,750.00,100 גרם,false,,11.90,0.0159,true,1,2478
7290002735113,false,בורקס גבינה ינון 800 גר,,,בורקס גבינה ינון 800,גרמים,800.00,100 גרם,false,,15.80,0.0198,true,1,2479
7290002735120,false,"בורקס תפו""א ינון 800 גר",,,"בורקס תפו""א ינון 800",גרמים,800.00,100 גרם,false,,13.80,0.0173,true,1,2480
7290002735274,false,ינון גחנון אפוי 600 גר,ג'נרל מילס סאן אדריא,IL,ינון גחנון אפוי 600,גרמים,600.00,100 גרם,false,,14.80,0.0247,true,1,2481
7290002752332,false,"סוכריות מנטוס פירות בגליל, 37.5 גרם",הדקלאים אגודת שיתופי,NL,מנטוס .סוכריות פירות,גרמים,37.50,100 גרם,false,,2.90,0.0773,true,1,10121
7290002753223,false,רביעייה סוכריות תפוז 4*16 ג' טיק טק,קריות זול,ZA,טיק טק תפוז 4/1,גרמים,64.00,100 גרם,false,,11.50,0.1797,true,1,25659
7290002757139,false,מלוואח 700 גר' שלושת האופים קהילות,שלושת האופים,IL,שלושת האופים מלוואח,גרמים,700.00,100 גרם,false,,12.90,0.0184,true,1,12135
7290002757146,false,"קובה חמוסטה למרק שלושת האופים 1ק""ג",שלושת האופים,IL,שלושת האופים קובה חמ,אלף,1.00,"ק""ג",false,,16.90,16.9000,true,1,461574
7290002757511,false,דלידג קציצות דג לבישול 750 גר קהילות,האי נאם סי או אל.טי.,IL,דלידג קציצות דג לביש,גרמים,750.00,100 גרם,false,,30.90,0.0412,true,1,12136
7290002757535,false,בורקס פילו אצבעות גבינה 700 ג' שלושת האופים,שלושת האופים,IL,בורקס פילו אצבעות גב,גרמים,700.00,100 גרם,false,,19.90,0.0284,true,1,12137
7290002757542,false,אטריות קדאיף 400 גרם לנדא,שלושת האופים,IL,איטריות קדאיף 400 גר,גרמים,400.00,100 גרם,false,,19.90,0.0497,true,1,12138
7290002757665,false,קבב מזרחי טיבון ויל 400 ג',טיבון ויל,,קבב מזרחי 400 גרם,גרמים,400.00,100 גרם,false,,9.80,0.0245,true,1,12139
7290002757672,false,המבורגר מזרחי טיבון ויל 400ג',טיבון ויל,,המבורגר 400גרם נטו,גרמים,400.00,100 גרם,false,,9.90,0.0248,true,1,12140
7290002768036,false,"מי פה תיאדנט ענק מונע עששת 150מ""ל",אמיליה קוסמטיקס,IL,"מי פה תיאדנט 150 מ""ל",מיליליטרים,150.00,"100 מ""ל",false,,15.90,0.1060,true,1,19122
7290002768074,false,דרמופון - סבון נוזלי 1 ליטר,טרופיקל דגיל תעשיות,IL,סבון נוזלי דרמופון 1,אין,0.00,יחידה,false,,16.90,0.0000,true,1,19124
7290002768159,false,"בת אורן סבון קצף לאמבט 500 מ""ל",פארק תעשיות עמק חפרמ,IL,קצף אמבט בת אורן 500,מיליליטרים,500.00,"100 מ""ל",false,,16.90,0.0338,true,1,19125
7290002782131,false,"פנינה רוזנבלום - דאודורנט ספריי לאישה מס' 1 150 מ""ל",ביסקול תמרוקים,IL,דאו' ספריי לאישה פ.ר,מיליליטרים,150.00,"100 מ""ל",false,,21.90,0.1460,true,1,12756
7290002782759,false,"פנינה קרם גוף רוזנבלום 400 מ""ל",א.ל ארמן,IL,קרם גוף מס' 2 פנינה,מיליליטרים,400.00,"100 מ""ל",false,,22.90,0.0572,true,1,12759
7290002793311,false,שירות והחלפה מילוי גז (60),סודה סטרים,,מילוי למכשיר 50,אין,0.00,יחידה,false,,60.00,0.0000,true,1,12453
7290002814160,false,מסיר שומנים קר סנט מ,,,מסיר שומנים קר סנט מ,אין,0.00,יחידה,false,,18.90,0.0000,true,1,13862
7290002814290,false,BLANCO קצף אקונומיקה מרוכז 1 ליטר בניחוח לימון,קומפלקס כימיקלים,IL,קצף מרוכז 1 ליטר בלנ,ארגז,1.00,ליטר,false,,10.90,10.9000,true,1,13865
7290002814825,false,סבון אסלה כדוריות אוקיינוס כחול שלישיה,גורקה,TR,סבון אסלה כדוריות של,גרמים,50.00,100 גרם,false,,9.90,0.1980,true,1,13874
7290002814870,false,"סנט מוריץ - מרסס מסיר שומנים קר מבושם לוונדר\פרחים 750 מ""ל",,,מסיר שומנים קר מבושם,מיליליטרים,750.00,"100 מ""ל",false,,10.90,0.0145,true,1,13876
7290002824183,false,גבינה לבנה 5% שומן 500 ג' שטראוס,מיוצר עי קונדיטוריית,IL,גבינה לבנה 5% סקי 50,גרמים,500.00,100 גרם,false,,8.90,0.0178,true,1,15451
7290002824466,false,דנונה יוגורט ביו 0% 200מל,"שטראוס בריאות בע""מ",IL,דנונה יוגורט ביו 0%,מיליליטרים,200.00,"100 מ""ל",false,,3.90,0.0195,true,1,15452
7290002824640,false,גבינה שטראוס 5% 250 ג',מיוצר עי קונדיטוריית,IL,גבינה 5% סקי 250 גרם,גרמים,250.00,100 גרם,false,,4.98,0.0199,true,1,15453
7290002825722,false,סלט כרוב אדום אחלה 5,מיוצר עי קונדיטוריית,IL,אחלה כרוב אדום 500ג,גרמים,500.00,100 גרם,false,,14.10,0.0282,true,1,15454
7290002827306,false,נקניקיות עוף ירושלים מחפוד 400 ג',,,עוף ירושלים נקניקיות,גרמים,400.00,100 גרם,false,,10.90,0.0273,true,1,29111
7290002868996,false,קוטג' 5% מועשר טרה 250ג' מהדרין,קריות זול,IL,טרה קוטג מועשר 5% 25,גרמים,250.00,100 גרם,false,,5.60,0.0224,true,1,6913
7290002871248,false,"בירה טובורג רד חוזר 500 מ""ל",מבשלות בירה בינלאומי,IL,בירה טובורג רד בקבוק,מיליליטרים,500.00,"100 מ""ל",false,,8.40,0.0168,true,1,7302
7290002881018,false,סן מורנו מעדן תות שד,קריות זול,,סן מורנו מעדן תות שד,גרמים,284.00,100 גרם,false,,11.90,0.0419,true,1,16204
7290002881032,false,מעדן אוכמניות כחולות,קריות זול,,סן מורנו מעדן אוכמני,גרמים,284.00,100 גרם,false,,11.90,0.0419,true,1,16206
7290002881209,false,רסק תפוחי עץ דיאט 700 ג' תומר,Geurts conservenfabr,,"רסק תפוחי עץ תפו""ע ת",גרמים,720.00,100 גרם,false,,11.90,0.0165,true,1,16209
7290002881230,false,אננס חתוך 825 ג' תומר,סאן רייז,,אננס חתוך תומר 850 ג,גרמים,850.00,100 גרם,false,,9.90,0.0116,true,1,16210
7290002881254,false,קוקטייל פירות טרופי תומר 820 ג',סאן רייז,,קוקטייל טרופי תומר 8,גרמים,850.00,100 גרם,false,,9.90,0.0116,true,1,16212
7290002881261,false,ליצי שלם תומר 565 גר,גיבונג אינדסקיאלס,,ליצי שלם תומר 565 גר,גרמים,565.00,100 גרם,false,,10.60,0.0188,true,1,16213
7290002881278,false,חצאי אפרסק בסירופ קל,Elbak s.a - greek ca,,אפרסק חצאים תומר 820,גרמים,820.00,100 גרם,false,,9.90,0.0121,true,1,16214
7290002881407,false,נודלס אטריות ביצים דק תומר 400ג',קריות זול,,נודלס דק תומר 400 גר,גרמים,400.00,100 גרם,false,,7.90,0.0198,true,1,16218
7290002881414,false,תומר נודלס עבה 400 גרם,אופאל,,נודלס עבה תומר 400 ג,גרמים,400.00,100 גרם,false,,7.90,0.0198,true,1,16219
7290002881506,false,חמאת בוטנים תומר 510 ג',Niza s a,,חמאת בוטנים 510 גרם,גרמים,510.00,100 גרם,false,,12.40,0.0243,true,1,16220
7290002881940,false,סרדינים מרוקאי בשמן חמניות 125ג' תומר,Union des pecheries,,סרדין מרוקאי בשמן תו,גרמים,125.00,100 גרם,false,,4.90,0.0392,true,1,16232
7290002900566,false,פסטרמה ברביקיו דל שומן טירת צבי 360 ג',הנסיך- מפעל לייצור ט,IL,פסטרמה ברביקיו דל שו,גרמים,360.00,100 גרם,false,,27.90,0.0775,true,1,16407
7290002904694,false,"טיטניום דאודורנט ספריי לגברים 150 מ""ל",אמיליה קוסמטיקס בעמ,IL,דאודורנט ספריי קלאסי,מיליליטרים,180.00,"100 מ""ל",false,,15.90,0.0883,true,1,19126
7290002909880,false,פולי סויה אדממה קפוא 400 גר',,,פולי סויה אדממה בלדי,גרמים,400.00,100 גרם,false,,11.90,0.0298,true,1,22563
7290002909972,false,שעועית ירוקה שלמה בלדי 800 גר',,,שעועית ירוקה שלמה מו,גרמים,800.00,100 גרם,false,,11.90,0.0149,true,1,436339
7290002909989,false,שעועית ירוקה חתוכה בלדי 800 גר',,,שעועית ירוקה חתוכה ב,גרמים,800.00,100 גרם,false,,11.90,0.0149,true,1,436324
7290002921240,false,"שמפוזר מסיר כתמים משטיחים קרבונה 650 מ""ל",קרבונה Carbona,MX,שמפוזר מסיר כתים משט,מיליליטרים,650.00,"100 מ""ל",false,,27.90,0.0429,true,1,9492
7290002922117,false,עוגיות אקלר פרמיום,אקלר,,מארז עוגיות אקלר 250,100 יח',250.00,100 יח',false,,23.90,0.0956,true,1,237168
7290002971955,false,קמח שטיבל חיטה לבן מנופה 1קג,,,קמח לבן 650 ללא צורך,אלף,1.00,"ק""ג",false,,8.50,8.5000,true,1,8458
7290002971962,false,קמח מלא 100% ללא צור,,,קמח מלא 100% ללא צור,אלף,1.00,"ק""ג",false,,7.90,7.9000,true,1,184073
7290002971986,false,קמח שיפון מלא 1 קג שטיבל ללא צורך בניפוי,,,קמח שיפון ללא צורך ב,אלף,1.00,"ק""ג",false,,7.90,7.9000,true,1,8459
7290002971993,false,"קמח כוסמין מלא שטיבל 1 ק""ג",,,קמח כוסמין מלא ללא צ,אלף,1.00,"ק""ג",false,,13.90,13.9000,true,1,8460
7290002972006,false,קמח בהיר 405 ללא צור,,,קמח בהיר 405 ללא צור,אלף,1.00,"ק""ג",false,,8.50,8.5000,true,1,8461
7290002972365,false,קמח תופח שטיבל ללא נ,מיוצר עי קונדיטוריית,IL,קמח תופח ללא צורך בנ,אלף,1.00,"ק""ג",false,,8.50,8.5000,true,1,8462
7290002972426,false,"קמח חיטה 80% ללא ניפוי שטיבל 1ק""ג",,,קמח מלא 80% ללא צורך,אלף,1.00,"ק""ג",false,,8.50,8.5000,true,1,8463
7290002973669,false,קמח לחם ללא צורך בני,,,קמח לחם ללא צורך בני,אלף,1.00,"ק""ג",false,,7.90,7.9000,true,1,8465
7290002973676,false,קמח לחלה ללא צורך בנ,,,קמח לחלה ללא צורך בנ,אלף,1.00,"ק""ג",false,,7.90,7.9000,true,1,8466
7290002973812,false,קמח כוסמין 80% ללא צ,,,קמח כוסמין 80% ללא צ,אלף,1.00,"ק""ג",false,,14.90,14.9000,true,1,8467
7290002973829,false,קמח כוסמין לבן ללא צ,,,קמח כוסמין לבן ללא צ,אלף,1.00,"ק""ג",false,,14.90,14.9000,true,1,8468
7290002986652,false,פתי בר שוקו 470 ג' גטניו,"אחים גטניו בע""מ",,גטניו - פתיבר שוקו 4,גרמים,470.00,100 גרם,false,,9.90,0.0211,true,1,25547
7290002987963,false,"סלט חומוס אחלה 1 ק""ג",מיוצר עי קונדיטוריית,IL,אחלה חומוס 1קג,אלף,1.00,"ק""ג",false,,13.90,13.9000,true,1,15455
7290003009312,false,בוטן קלוי קלית גת 200 ג',הדקלאים אגודת שיתופי,IL,בוטן קלוי 200 גרם,גרמים,200.00,100 גרם,false,,6.60,0.0330,true,1,1010
7290003009329,false,בוטן אמריקאי קלית גת 200 ג',הדקלאים אגודת שיתופי,IL,בוטן אמריקאי מצופה 2,גרמים,200.00,100 גרם,false,,6.50,0.0325,true,1,10123
7290003009336,false,קבוקים מצופים קליית,הדקלאים אגודת שיתופי,IL,קבוקים מצופים 200 גר,גרמים,200.00,100 גרם,false,,6.50,0.0325,true,1,10124
7290003009596,false,"פריגת סירופ דיאט אשכוליות 750מ""ל",סירופ - גבעת חיים,IL,סירופ דיאט אשכוליות,מיליליטרים,750.00,"100 מ""ל",false,,21.60,0.0288,true,1,7313
7290003009640,false,מיץ סחוט תפוזים 1 ל' פריגת,קריות זול,IL,פריגת סחוט מיץ תפוזי,ארגז,1.00,ליטר,false,,15.90,15.9000,true,1,6914
7290003011087,false,"אורז בסמטי 1 ק""ג אלפנט",,IN,אלסקה אורז בסמטי אלפ,אלף,1.00,"ק""ג",false,,9.90,9.9000,true,1,121365
7290003015627,false,ריצפז פרש 2 ליטר אפרסק מרכז,"סנו מפעלי ברונוס בע""",IL,ריצפז פרש אפרסק 2 לי,ארגז,2.00,ליטר,false,,18.90,9.4500,true,1,19132
7290003015641,false,ריצפז סנו פרש יסמין 2ל',קריות זול,IL,ריצפז פרש יסמין 2 לי,ארגז,2.00,ליטר,false,,18.90,9.4500,true,1,19134
7290003015672,false,סנו סופט מפיות צבעוניות חלקות 50 יח',חיי נייר,IL,סנו סופט מפיות צבעונ,אין,0.00,יחידה,false,,7.90,0.0000,true,1,19135
7290003026036,false,"ד""ר פישר - קמיל בלו סנסיטיב אל סבון עדין לתינוק 1 ליטר","ד""ר פישר Dr fischer",IL,קמיל בלו סנסיטיב מוע,אין,0.00,יחידה,false,,33.90,0.0000,true,1,18718
7290003026197,false,"ד""ר פישר - קמיל בלו שמן טיפולי 500 מ""ל","ד""ר פישר Dr fischer",IL,קמיל בלו שמן טיפולי,מיליליטרים,500.00,"100 מ""ל",false,,30.90,0.0618,true,1,18719
7290003026227,false,"ד""ר פישר - קמיל בלו סנסיטיב שמפו אלדמע 1 ליטר","ד""ר פישר Dr fischer",IL,קמיל בלו סנסיטיב שמפ,אין,0.00,יחידה,false,,33.90,0.0000,true,1,18720
7290003029181,false,משקה יטבתה שוקו' בקבוק 1ל מהדרין,מחלבת יטבתה,IL,יטבתה שוקו בקבוק 1ל,ארגז,1.00,ליטר,false,,11.90,11.9000,true,1,15457
7290003029372,false,משקה חלב בננה בקבוק 1ל' יוטבתה,מחלבת יטבתה,IL,יטבתה משקה חלב בננה,ארגז,1.00,ליטר,false,,11.90,11.9000,true,1,15460
7290003029389,false,"משקה חלב בננה פקק ספורט 250 מ""ל יוטבתה",שטראוס גרופ,IL,יטבתה משקה חלב בננה+,מיליליטרים,250.00,"100 מ""ל",false,,5.50,0.0220,true,1,15461
7290003029433,false,"משקה יטבתה שוקו פקק 250 מ""ל מהדרין",מחלבת יטבתה,IL,יטבתה שוקו +פקק 250,מיליליטרים,250.00,"100 מ""ל",false,,5.50,0.0220,true,1,15462
7290003029532,false,מוקה בקבוק 1 ל' יוטבתה,מחלבת יטבתה,IL,יטבתה מוקה 1ל,ארגז,1.00,ליטר,false,,11.90,11.9000,true,1,15463
7290003029792,false,"משקה יטבתה שוקו שקיות מהדרין מארז 225X8מ""ל",שטראוס גרופ,IL,יטבתה מהדרין שוקו שק,ארגז,1.80,ליטר,false,,19.90,11.0556,true,1,15465
7290003029815,false,חלב יוטבתה מועשר 3% בכד 2ל',מחלבת יטבתה,IL,חלב מועשר בכד2 ליטר,ארגז,2.00,ליטר,false,,15.90,7.9500,true,1,15466
7290003029907,false,משקה יטבתה אייס קפה 1ליטר,מחלבת יטבתה,IL,יטבתה אייס קפה 1ל,ארגז,1.00,ליטר,false,,11.90,11.9000,true,1,15467
7290003054183,false,מסטמכר לחם שיפון מלא 500ג,מרום את קונפינו,DE,לחם שיפון מלא מסטמכר,גרמים,500.00,100 גרם,false,,13.50,0.0270,true,1,6382
7290003054190,false,מסטמכר לחם שיפון עם שלושה דגנים 500ג,מרום את קונפינו,DE,לחם שיפון 3 דגנים מס,גרמים,500.00,100 גרם,false,,13.50,0.0270,true,1,6383
7290003054657,false,חרדל דיזון אקסטרה פורטה 370 גרם,מרום את קונפינו,FR,חרדל דיג'ון אקסטרא פ,גרמים,370.00,100 גרם,false,,9.90,0.0268,true,1,6385
7290003072804,false,פסטרמה של פעם טירת צבי 200 ג',טירת צבי,,טירת צבי פסטרמה של פ,גרמים,200.00,100 גרם,false,,19.90,0.0995,true,1,16426
7290003072859,false,רוסטביף טירת צבי 120 ג',הנסיך- מפעל לייצור ט,IL,רוסטביף טירת צבי 120,גרמים,120.00,100 גרם,false,,22.90,0.1908,true,1,16431
7290003072965,false,קבנוס חריף מעושן 120 ג',טירת- צבי,IL,קבנוס חריף מעושן 120,גרמים,120.00,100 גרם,false,,9.90,0.0825,true,1,55185
7290003072972,false,קבנוס בתיבול שום 120 גר',טירת- צבי,IL,קבנוס בתיבול שום 120,גרמים,120.00,100 גרם,false,,9.90,0.0825,true,1,55186
7290003102136,false,צמר גפן COTTON SOFT רפואי 100 גר' 3102136,הדקלאים אגודת שיתופי,TR,צמר גפן כוטון סופט 1,גרמים,100.00,100 גרם,false,,4.90,0.0490,true,1,4069
7290003107148,false,"קמח לבן דגן 1 ק""ג",,,"קמח לבן דגן 1 ק""ג",אלף,1.00,"ק""ג",false,,4.50,4.5000,true,1,8471
7290003107216,false,קמח 1 קג שימורי איכ,טחנות קמח דגן 2006,IL,"קמח לבן דגן 1 ק""ג",אלף,1.00,"ק""ג",false,,6.50,6.5000,true,1,8472
7290003107223,false,טחנת קמח דגן סולת 1קג,טחנות קמח דגן 2006,IL,"סולת חיטה דגן 1 ק""ג",אלף,1.00,"ק""ג",false,,6.50,6.5000,true,1,8473
7290003107315,false,"סולת דגן 1 ק""ג",,,"סולת דגן 1 ק""ג",אלף,1.00,"ק""ג",false,,4.50,4.5000,true,1,8476
7290003107346,false,טחנת קמח דגן קמח 1 קג,,,קמח חיטה לבן דגן 1 ק,אלף,1.00,"ק""ג",false,,4.50,4.5000,true,1,8477
7290003107360,false,קמח לבן בהיר ללא בני,,,קמח לבן בהיר ללא בני,אלף,1.00,"ק""ג",false,,8.90,8.9000,true,1,183607
7290003126712,false,יוגורט עיזים בגביע 3% צוריאל 150 ג',מחלבת משק צוריאל,IL,צוריאל יוגורט עיזים,מיליליטרים,150.00,"100 מ""ל",false,,6.40,0.0427,true,1,6915
7290003126958,false,טופו גבינה גוש בואקום צוריאל 300 ג',א.י.ן תעשיות מזון בע,IL,צוריאל גבינה גוש טופ,גרמים,300.00,100 גרם,false,,11.90,0.0397,true,1,6916
7290003133123,false,לחם זהב עגול אוקראיני 750 ג',מאפיית דוידוביץ ובני,IL,לחם אוקראיני מיוחד ע,גרמים,750.00,100 גרם,false,,12.90,0.0172,true,1,462561
7290003133505,false,לחם שיפונטו דוידוביץ,,,לחם שיפונטו דוידוביץ,גרמים,750.00,100 גרם,false,,12.90,0.0172,true,1,462546
7290003143276,false,יוגטה מרשמלו מגולגל 180גר,מוטקה החולב,TR,יוגטה מרשמלו מגולגל,גרמים,180.00,100 גרם,false,,6.80,0.0378,true,1,25958
7290003144419,false,סילאן טבעי קלית גת 7,,,סילאן טבעי קלית גת 7,גרמים,710.00,100 גרם,false,,20.90,0.0294,true,1,10136
7290003145751,false,קשיו קלוי קלית גת 200 ג',הדקלאים אגודת שיתופי,IL,קשיו קלוי 200 גרם,גרמים,200.00,100 גרם,false,,14.90,0.0745,true,1,10137
7290003208586,false,וורמוט מרטיני ביאנקו,מרטיני ורוסי,IT,מרטיני ביאנקו 750 מל,מיליליטרים,750.00,"100 מ""ל",false,,45.90,0.0612,true,1,10532
7290003208593,false,מרטיני אקסטרא דריי 7,,,מרטיני אקסטרא דריי 7,מיליליטרים,750.00,"100 מ""ל",false,,45.90,0.0612,true,1,10533
7290003208609,false,וורמוט מרטיני רוסו 7,מרטיני ורוסי,IT,מרטיני רוסו 750 מל,מיליליטרים,750.00,"100 מ""ל",false,,45.90,0.0612,true,1,10534
7290003217014,false,תנעמי פיתות מיזרחיות 5*100גר,יוניליוור גרמניה Gm,IL,5 פיתות מזרחיות תנעמ,גרמים,500.00,100 גרם,false,,6.90,0.0138,true,1,6056
7290003217052,false,פיתות כפריות קלות 5*100גר,יוניליוור גרמניה Gm,IL,5 פיתות כפריות קלות,גרמים,500.00,100 גרם,false,,7.90,0.0158,true,1,6057
7290003220533,false,"רוטב צ'ילי מתוק ווק 700 מ""ל",THAI COCONUT CO,,רוטב צ'ילי מתוק 700,מיליליטרים,700.00,"100 מ""ל",false,,10.90,0.0156,true,1,25560
7290003220595,false,אורז לסושי WOK שקית,"מיה תעשיות מזון בע""מ",IL,אורז לסושי 1 ק'ג WOK,אלף,1.00,"ק""ג",false,,12.90,12.9000,true,1,183575
7290003220755,false,ווק רוטב סויה כהה 64,ליאנג סאנג האנד הואד,,ווק רוטב סויה כהה 64,מיליליטרים,640.00,"100 מ""ל",false,,14.90,0.0233,true,1,183583
7290003220830,false,ווק חומץ אורז יסמין,דיאמונד פריזרוד פודס,TH,חומץ אורז לסושי 500,מיליליטרים,500.00,"100 מ""ל",false,,14.90,0.0298,true,1,183584
7290003220977,false,עוגיות חצי ירח מצופה 175 נאפה מעדני מלך,אפיפית,,מעדני מלך ירח חצי מצ,גרמים,175.00,100 גרם,false,,5.90,0.0337,true,1,65110
7290003229109,false,פסטרמה בפפריקה טירת צבי 400 ג',הנסיך- מפעל לייצור ט,IL,א.מ .פסטרמה בפפריקה,גרמים,400.00,100 גרם,false,,26.90,0.0672,true,1,16433
7290003229116,false,פסטרמה בדבש טירת צבי 400 ג',הנסיך- מפעל לייצור ט,IL,א.מ פסטרמה בדבש 400,גרמים,400.00,100 גרם,false,,26.90,0.0672,true,1,16434
7290003229123,false,פסטרמה על גחלים טירת צבי 400 ג',הנסיך- מפעל לייצור ט,IL,א.מ. פסטרמה על גחלים,גרמים,400.00,100 גרם,false,,26.90,0.0672,true,1,16435
7290003229147,false,נקניק סלמי איטלקי טירת צבי 300 ג',הנסיך- מפעל לייצור ט,IL,סלמי בסגנון איטלקי 3,גרמים,300.00,100 גרם,false,,26.90,0.0897,true,1,16436
7290003229154,false,סלמי קוניאק מובחר טירת צבי 300 ג',הנסיך- מפעל לייצור ט,IL,א.מ. סלמי קוניאק מוב,גרמים,300.00,100 גרם,false,,24.90,0.0830,true,1,16437
7290003229192,false,כתף בקר מעושן טירת צבי 400 ג' צבי,טיב טירת צבי 2000,IL,א.מ. כתף בקר מעושן 4,גרמים,400.00,100 גרם,false,,26.90,0.0672,true,1,16438
7290003268252,false,לחם חיטה מלא לילדים 750 ג' דגנית עין בר,יוניליוור גרמניה Gm,IL,לחם חיטה מלא ללא גרע,גרמים,750.00,100 גרם,false,,13.90,0.0185,true,1,6059
7290003268429,false,לחם ירוק מקמח מלא 750 ג' דגנית עין בר,מולינו ניקולי s.p.a,IL,לחם מקמח מלא דגנית 7,גרמים,750.00,100 גרם,false,,14.90,0.0199,true,1,6060
7290003287253,false,נקנקיות מרגז בלאדי 500 ג',קרלו,IL,מרגז קצביה ארוז 600,גרמים,600.00,100 גרם,false,,28.90,0.0482,true,1,22566
7290003287260,false,נקניקיות צ'וריסוס ארוז קפוא בלדי 600 ג',,,צוריסוס קצביה ארוז 6,גרמים,600.00,100 גרם,false,,28.90,0.0482,true,1,22567
7290003287291,false,קבב טלה וצנובר קצביה ארוז 600 ג' - 8 יח',יוליניבר,IL,קבב טלה וצנובר קצביה,גרמים,600.00,100 גרם,false,,28.90,0.0482,true,1,183614
7290003318100,false,וופל בטעם שוקולד מנעמים 200 ג',מנעמים תעשיות מזון,IL,ופל שוקו מנעמים 200,גרמים,200.00,100 גרם,false,,4.30,0.0215,true,1,22850
7290003318131,false,ופל קלאסיק אגוז 200 גרם מנעמים,מנעמים תעשיות מזון,IL,ופל אגוז מנעמים 200,גרמים,200.00,100 גרם,false,,4.30,0.0215,true,1,22851
7290003318155,false,וופל טעם לימון מנעמים 200 ג',מנעמים תעשיות מזון,IL,ופל לימון מנעמים 200,גרמים,250.00,100 גרם,false,,4.30,0.0172,true,1,22852
7290003321155,false,יוגורט בר עם פקאן מצופה שוקולד 183 ג' דנונה,"שטראוס בריאות בע""מ",IL,דנונה קראנצ' ששבי פק,מיליליטרים,183.00,"100 מ""ל",false,,4.60,0.0251,true,1,15468
7290003321292,false,גבינה לבנה 9% שומן 250 ג' שטראוס,מיוצר עי קונדיטוריית,IL,גבינה 9% סקי 250 גרם,גרמים,250.00,100 גרם,false,,4.90,0.0196,true,1,15469
7290003332007,false,קפה נחלה סובחי 250גר,סובחי נחלה ובניו,,קפה נחלה סובחי 250ג,גרמים,250.00,100 גרם,false,,13.90,0.0556,true,1,21464
7290003332014,false,קפה נחלה אדום עם הל,קפה נחלה,IL,קפה נחלה סובחי 500 ג,גרמים,500.00,100 גרם,false,,27.90,0.0558,true,1,21465
7290003332045,false,קפה נחלה אדום ללא הל 250ג',קפה אל נחלה,,קפה נחלה סובחי 250 ג,גרמים,250.00,100 גרם,false,,13.90,0.0556,true,1,21467
7290003387410,false,בלונס פדים להסרת איפור שלישיה,SEPTONA S.A.,GR,מגבונים להסרת איפור,אין,0.00,יחידה,false,,19.90,0.0000,true,1,14516
7290003401369,false,"קרם לחות ועיצוב לשיער חוחובה נטורל 400 מ""ל",מיוצר עי אמיליה קוסמ,IL,קרם לחות ועיצוב לשיע,מיליליטרים,400.00,"100 מ""ל",false,,19.90,0.0497,true,1,19137
7290003411276,false,עמבה הודית מובחרת הנמל 600ג',טרופיקל דגיל תעשיות,IL,עמבה מובחרת 500 גרם,גרמים,500.00,100 גרם,false,,8.90,0.0178,true,1,7819
7290003411696,false,"מרקיות לבן ח""פ הנמל 25 יח'",,IL,מרקיות חד פעמי 25 יח,אין,0.00,יחידה,false,,9.90,0.0000,true,1,7825
7290003411993,false,גפרורים הנמל 10 יחיד,"איטיליאן פוד, אס.פי.",SE,גפרורים 10 יחידות,אין,0.00,יחידה,false,,2.90,0.0000,true,1,7829
7290003427154,false,"שמן זית כתית מעולה זיתא 750 מ""ל",זיתא – י.ט.ב תעשיות,IL,שמן זית כתית מעולה ז,מיליליטרים,750.00,"100 מ""ל",false,,33.90,0.0452,true,1,16094
7290003438006,false,ממרח אולביה פסטו וצנובר איטלקי 190ג',מיוצר עי קונדיטוריית,IL,אוליביה ממרח פסטו אי,גרמים,180.00,100 גרם,false,,12.90,0.0717,true,1,32186
7290003438020,false,ממרח עגבניות מיובשות 190 ג' אוליביה,מיוצר עי קונדיטוריית,IL,אוליביה ממרח עגבניות,גרמים,190.00,100 גרם,false,,12.90,0.0679,true,1,32188
7290003438853,false,אוליביה ממרח אריסה חריפה 185 גר ',אוליביה,IL,אוליביה ממרח אריסה ח,גרמים,185.00,100 גרם,false,,12.90,0.0697,true,1,32191
7290003450602,false,חרדל אמיתי צהוב בקבוק לחיץ 255 גר,היינץ צפון אמריקה -,US,חרדל אמיתי צהוב בקבו,גרמים,255.00,100 גרם,false,,9.90,0.0388,true,1,6386
7290003457991,false,מאגדת קורנטו קלאסיק בטעם וניל 6 יח',"גלידת שטראוס בע""מ, ר",IL,מאגדת קורנטו קלאסיק,גרמים,300.00,100 גרם,false,,33.90,0.1130,true,1,5919
7290003514007,false,שקדי מרק מאסטר שף 40,מנה Mana,IL,שקדי מרק מנה 400 גרם,גרמים,400.00,100 גרם,false,,9.90,0.0248,true,1,14517
7290003525904,false,סלט טונה פיקנטי שלישיה * 160 ג',,,סלט טונה פיקנטי וילי,גרמים,480.00,100 גרם,false,,14.90,0.0310,true,1,12168
7290003527380,false,דובדובן ללא חרצן 680 ג',גולדסטארקפט,,דובדבן ללא חרצן וילי,גרמים,680.00,100 גרם,false,,8.90,0.0131,true,1,12169
7290003570164,false,מינוט בלדי שווארמה פרגית 300 ',"בלדי בע""מ",IL,מינוט שוארמה פרגית 3,גרמים,300.00,100 גרם,false,,27.90,0.0930,true,1,22576
7290003570171,false,מינוט שניצל 300 ג' בלדי,,,מינוט שניצל 300 גר',גרמים,300.00,100 גרם,false,,22.90,0.0763,true,1,22577
7290003578078,false,קוקטיל פירות טרופי ויליפוד 850 ג',קריות זול,CN,לפתן קוקטיל טרופי פי,גרמים,850.00,100 גרם,false,,9.90,0.0116,true,1,5313
7290003578108,false,אננס חתיכות ויליפוד 850 ג',טקרנג פינאפל אינדסטר,TH,אננס חתוך ויליפוד 85,גרמים,490.00,100 גרם,false,,8.90,0.0182,true,1,5315
7290003578313,false,דובדבנים חמוצים ללא חרצנים 680גר,דל מונטה היילס אס.אי,HU,דובדבנים חמוצים ללא,גרמים,350.00,100 גרם,false,,8.90,0.0254,true,1,5318
7290003578672,false,שמן חמניות מזוכך ויליפוד 1 ל',וילי פוד,TR,שמן חמניות 1 ליטר,ארגז,1.00,ליטר,false,,12.90,12.9000,true,1,250493
7290003598311,false,מינוט סטייק חלק ריאה 300 ג',בלדי,IL,מינוט סטייק 300 גר'/,גרמים,300.00,100 גרם,false,,35.90,0.1197,true,1,22582
7290003643004,false,"אורז בסמטי קלאסי 1 ק""ג סוגת",האי נאם סי או אל.טי.,IL,"סוגת אורז בסמטי 1 ק""",אלף,1.00,"ק""ג",false,,12.90,12.9000,true,1,12312
7290003643134,false,סוגת סוכר וניל 10 יח,גוד פוד פרודקטס S.p,IL,סוגת סוכר וניל 10 יח,גרמים,100.00,100 גרם,false,,2.50,0.0250,true,1,12314
7290003643165,false,קורנפלור 500 ג' סוגת,,,קונפלור 500 גרם,גרמים,500.00,100 גרם,false,,4.90,0.0098,true,1,12316
7290003643172,false,אבקת סוכר 100 ג' סוגת,א.ל ייצור ושיווק תבל,IL,סוגת אבקת סוכר 100 ג,גרמים,100.00,100 גרם,false,,1.90,0.0190,true,1,12317
7290003643325,false,קוסקוס בינוני 350 גרם סוגת,קריות זול,IL,קוסקוס בינוני סוגת 3,גרמים,350.00,100 גרם,false,,4.80,0.0137,true,1,12318
7290003643387,false,"סוכר לבן בצנצנת 1 ק""ג סוגת",האי נאם סי או אל.טי.,IL,סוכר לבן בצנצנת סוגת,אלף,1.00,"ק""ג",false,,9.90,9.9000,true,1,12320
7290003643646,false,"סוכר דמררה קלאסי בצנצנת סוגת 1 ק""ג",האי נאם סי או אל.טי.,IL,סוכר דמררה בצנצנת חו,אלף,1.00,"ק""ג",false,,12.90,12.9000,true,1,12321
7290003643684,false,אפונה יבשה סוגת 500 גר',האי נאם סי או אל.טי.,IL,אפונה יבשה 500 גרם,גרמים,500.00,100 גרם,false,,5.90,0.0118,true,1,12322
7290003643714,false,חומוס סוגת 500 גרם,האי נאם סי או אל.טי.,IL,חומוס 500 גרם,גרמים,500.00,100 גרם,false,,7.90,0.0158,true,1,12324
7290003643738,false,סוגת חיטה 500 גרם,האי נאם סי או אל.טי.,IL,סוגת חיטה 500 גר,גרמים,500.00,100 גרם,false,,5.50,0.0110,true,1,12325
7290003643745,false,סוגת כוסמת 500 גרם,האי נאם סי או אל.טי.,IL,כוסמת 500 גרם,גרמים,500.00,100 גרם,false,,7.90,0.0158,true,1,12326
7290003643752,false,עדשים ירוקים יבש סוגת 500 גר',האי נאם סי או אל.טי.,IL,עדשים ירוקות 500 גרם,גרמים,500.00,100 גרם,false,,7.90,0.0158,true,1,12327
7290003643769,false,עדשים אדומים יבש סוגת 500 גר',"סוגת תעשיות בע""מ",IL,עדשים אדומות 500 גרם,גרמים,500.00,100 גרם,false,,7.90,0.0158,true,1,12328
7290003643776,false,"פופקורן גרעינים סוגת 500 ג' כשל""פ",האי נאם סי או אל.טי.,IL,סוגת פופקורן 500 גרם,גרמים,500.00,100 גרם,false,,5.50,0.0110,true,1,12329
7290003643783,false,קוקוס סוגת 100 גרם,האי נאם סי או אל.טי.,IL,קוקוס 100 גר,גרמים,100.00,100 גרם,false,,3.90,0.0390,true,1,12330
7290003643806,false,שעועית לבנה יבשה סוגת 500 ג',האי נאם סי או אל.טי.,IL,שעועית לבנה 500 גרם,גרמים,500.00,100 גרם,false,,10.90,0.0218,true,1,12331
7290003643813,false,שעועית אדומה יבשה סוגת 500 גר',האי נאם סי או אל.טי.,IL,שעועית אדומה 500 גרם,גרמים,500.00,100 גרם,false,,10.90,0.0218,true,1,12332
7290003681211,false,צנובר מיה 80 גרם,מיה תעשיות מזון,IL,צנובר מיה 80 גרם,גרמים,80.00,100 גרם,false,,26.70,0.3337,true,1,11275
7290003681334,false,קוקוס טחון 400 גרם ב,מיה,IL,קוקוס 400 גר. בדצ,גרמים,400.00,100 גרם,false,,11.90,0.0298,true,1,11282
7290003681693,false,חומוס לבן ענק יבש מיה 500 גר',מיה,IL,חומוס לבן ענק מיה 50,גרמים,500.00,100 גרם,false,,10.90,0.0218,true,1,11290
7290003681716,false,גריסי פנינה מיה 500 גר',מיה,IL,גריסי פנינה 500 גרם,גרמים,500.00,100 גרם,false,,4.90,0.0098,true,1,11291
7290003681945,false,"מיץ לימון סחוט טבעי מיה 500 מ""ל",,,מיץ לימון סחוט טבעי,מיליליטרים,500.00,"100 מ""ל",false,,8.90,0.0178,true,1,11301
7290003706167,false,בצל ירוק ארוז,,,בצל ירוק ארוז,יח',1.00,יח',false,,5.90,5.9000,true,1,22699
7290003718627,false,"פול ירוק 400 ג' בית יוסף כשל""פ",,,פול ירוק בלדי 400 גר,גרמים,400.00,100 גרם,false,,11.90,0.0298,true,1,436281
7290003726141,false,טופו משק גאיה 300גרם,ג'נרל מילס סאן אדריא,IL,טופו משק גאיה 300ג,גרמים,300.00,100 גרם,false,,12.90,0.0430,true,1,11075
7290003726615,false,טופו הבית משק ויילר,הדקלאים אגודת שיתופי,IL,טופו ויילר 300 גרם.,גרמים,300.00,100 גרם,false,,10.90,0.0363,true,1,15470
7290003726622,false,טופו פיקנטי 300 ג' משק ויילר,משק וואיילר,IL,טופו קשה בטעם פיקנטי,גרמים,300.00,100 גרם,false,,12.90,0.0430,true,1,250650
7290003726745,false,קציצות טופו סלק וייל,משק ויילר,IL,קציצות טופו עם סלק 4,גרמים,400.00,100 גרם,false,,19.90,0.0497,true,1,217337
7290003726769,false,קציצות טופו בטטה וגזר,משק ויילר,IL,קציצות טופו עם בטטה,גרמים,400.00,100 גרם,false,,19.90,0.0497,true,1,217339
7290003726776,false,שניצל טופו בטעם עוף,משק ויילר,IL,שניצל טופו בטעם עוף,גרמים,420.00,100 גרם,false,,27.90,0.0664,true,1,432657
7290003726806,false,טופו שניצל בתוספת בר,משק ויילר,IL,שניצל טופו בטעם עוף,גרמים,420.00,100 גרם,false,,27.90,0.0664,true,1,432674
7290003726868,false,טופו חומוס בתוספת עגבניות מיובשות 300 ג' משק ויילר,משק וואיילר,IL,טופו חומוס עם עגבניו,גרמים,300.00,100 גרם,false,,12.90,0.0430,true,1,250651
7290003726875,false,טופו חומוס בתוספת פסטו 300 ג' משק ויילר,משק וואיילר,IL,טופו חומוס עם פסטו 3,גרמים,300.00,100 גרם,false,,12.90,0.0430,true,1,250652
7290003804382,false,"תיבולית פטריות בד""ץ 72 ג' קנור",יוניליוור ישראל מזון,IL,תיבולית פטריות קנור,גרמים,72.00,100 גרם,false,,7.30,0.1014,true,1,9064
7290003807178,false,"רוטב סויה בסגנון סיני 300 מ""ל קנור",אתר חיפה 778,IL,רוטב סויה בסגנון סינ,מיליליטרים,300.00,"100 מ""ל",false,,10.50,0.0350,true,1,9073
7290003864478,false,סרדינים בשמן צמחי ויליפוד 110ג' פתח קל,גולדן פרייז קאנינג א,TH,סרדין בשמן צמחי וילי,גרמים,110.00,100 גרם,false,,4.90,0.0445,true,1,5322
7290003864485,false,סרדינים ברוטב עגבנ יות ויליפוד 110ג' פתח קל,גולדן פרייז קאנינג א,TH,סרדינים ברוטב עגבניו,גרמים,120.00,100 גרם,false,,4.90,0.0408,true,1,5323
7290003864492,false,סרדינים בשמן צמחי חריף פתח קל ויליפוד 110ג',גולדן פרייז קאנינג א,TH,סרדין בשמן צמחי חריף,גרמים,120.00,100 גרם,false,,4.90,0.0408,true,1,5324
7290003882922,false,עלי גפן ממולאים באורז ויליפוד 400ג',הזה פלאקספו פוד קו ב,CN,עלי גפן ממולאים באור,גרמים,360.00,100 גרם,false,,8.90,0.0247,true,1,5326
7290003976980,false,ג'ל ניקוי כללי ורצפות בתוספת חומץ טאצ 2 ל',,,ג'ל ניקוי כללי ורצפו,ארגז,2.00,ליטר,false,,17.90,8.9500,true,1,211555
7290003976997,false,ג'ל ניקוי כללי ורצפות בתוספת סודה טאצ 2 ל',,,ג'ל ניקוי כללי ורצפו,ארגז,2.00,ליטר,false,,17.90,8.9500,true,1,211556
7290003989096,false,סלט חציל פיקנטי אחלה,מיוצר עי קונדיטוריית,IL,אחלה חציל פיקנטי 500,גרמים,500.00,100 גרם,false,,15.60,0.0312,true,1,15471
7290003989539,false,לורנצו רביולי במילוי גבינה,מיוצר עי קונדיטוריית,IL,EAT GOOD רביולי גבינ,גרמים,400.00,100 גרם,false,,16.90,0.0422,true,1,15472
7290003989553,false,"פסטה טורטליני פטריות, 400 גרם",מיוצר עי קונדיטוריית,IL,שטראוס טורטליני פטרי,גרמים,400.00,100 גרם,false,,16.90,0.0422,true,1,15473
7290004011284,false,ריצ בסיס להכנת קצפת 25% 212מל,ריצ' פרודקטס קורפריי,IL,ריצ בסיס להכנת קצפת,מיליליטרים,212.00,"100 מ""ל",false,,6.80,0.0321,true,1,12171
7290004011338,false,"קצפת מתוקה מכונה 250 מ""ל ריץ'",האי נאם סי או אל.טי.,IT,ריצ קצפת במיכל 250מל,מיליליטרים,250.00,"100 מ""ל",false,,8.90,0.0356,true,1,12173
7290004011796,false,קבבונים בקר קפוא אל גאוצ''ו 400ג',"טיבון ויל אחזקות בע""",IL,אל גאוצו קבבונים 400,גרמים,400.00,100 גרם,false,,21.90,0.0547,true,1,12176
7290004011802,false,נקניקיות צ'וריסוס אל גאוצ'ו 400 גר',טיבון ויל אחזקות בעמ,IL,טיבון ויל צוריסוס אל,גרמים,400.00,100 גרם,false,,21.90,0.0547,true,1,12177
7290004011826,false,מיני המבורגר ריב אנט,טיבון ויל אחזקות בעמ,IL,אל גאוצ'ו מיני המבור,גרמים,320.00,100 גרם,false,,21.90,0.0684,true,1,12179
7290004014407,false,סוכריות M&M בוטנים 46 ג',מרס נדרלנד,,פינאטבאטר M&M עדשי ש,גרמים,46.00,100 גרם,false,,4.90,0.1065,true,1,14172
7290004030018,false,"פריניב מיץ לימון סחוט פרי לתיבול 500 מ""ל",הנסיך- מפעל לייצור ט,IL,מיץ לימון סחוט פרי פ,מיליליטרים,500.00,"100 מ""ל",false,,6.90,0.0138,true,1,30046
7290004030445,false,פריניב סחוט טבעי תפוזים 1ליטר,פריניב בעמ,IL,פרי ניב תפוז סחוט 1ל,ארגז,1.00,ליטר,false,,13.90,13.9000,true,1,30055
7290004043108,false,אמ&אמס אריזה בינונית,מרס,,M&M עדשי שוקולד 89 ג,גרמים,89.00,100 גרם,false,,6.90,0.0775,true,1,14080
7290004048679,false,"קובה למרק שלושת האופים 1 ק""ג",שלושת האופים,IL,קובה למרק 1 קג שלושת,אלף,1.00,"ק""ג",false,,16.90,16.9000,true,1,461589
7290004063016,false,מלח שולחן מעולה דק 1,האי נאם סי או אל.טי.,IL,"מלח שולחן סלית 1 ק""ג",אלף,1.00,"ק""ג",false,,1.70,1.7000,true,1,11629
7290004063115,false,"מלח מטבח עבה להמלחת בשר ובישול 1 ק""ג",האי נאם סי או אל.טי.,IL,מלח מטבח גס לבישול כ,אלף,1.00,"ק""ג",false,,1.70,1.7000,true,1,11630
7290004064099,false,מטחנה מלח מהרי ההימלאיה 250 גרם,חברת מלח הארץ אילת ב,IL,מטחנה מלח מהרי ההימל,גרמים,250.00,100 גרם,false,,15.90,0.0636,true,1,12336
7290004064174,false,"תבלין מלח ההימלאיה דק בצנצנת 1 ק""ג",מלח הארץ,IL,מלח ההימלאיה דק בצנצ,אלף,1.00,"ק""ג",false,,16.90,16.9000,true,1,12337
7290004064310,false,מלח פלוס בצל מלחייה,,,מלח פלוס בצל מלחייה,גרמים,175.00,100 גרם,false,,9.90,0.0566,true,1,96645
7290004064327,false,מלח פלוס פפרקיה מלחייה 175 גר',,,מלח פלוס פפריקה מלחי,גרמים,175.00,100 גרם,false,,9.90,0.0566,true,1,96646
7290004064365,false,מלח הארץ דק מועשר בי,,IL,מלח דק מועשר ביוד קר,אלף,1.00,"ק""ג",false,,5.90,5.9000,true,1,12345
7290004064372,false,מטחנת מלח איטלקי- אקסטרא תבלינים 105 ג',,IL,מטחנת מלח אקסטרא תבל,גרמים,105.00,100 גרם,false,,15.90,0.1514,true,1,54940
7290004064389,false,מלח הימלאיה דק מלחייה 250 ג',,,מלח הימלאיה דק מלחיי,גרמים,250.00,100 גרם,false,,9.90,0.0396,true,1,51638
7290004068011,false,גד יוגורט מחלב כבשים,"מיוצר ע""י קוד יצרן M",IL,גד יוגורט כבשים 5% 6,מיליליטרים,600.00,"100 מ""ל",false,,17.90,0.0298,true,1,11076
7290004068028,false,"ציזיקי יוגורט לשתיה גד 500 מ""ל",מיוצר על ידי קוד יצר,IL,גד משקה צזיקי 2% 500,מיליליטרים,500.00,"100 מ""ל",false,,10.60,0.0212,true,1,11077
7290004068035,false,"משקה יוגורט איירן גד 500 מ""ל","מיוצר ע""י קוד יצרן M",IL,גד משקה איירן בסגנון,גרמים,500.00,100 גרם,false,,8.50,0.0170,true,1,11078
7290004068172,false,"יוגורט עיזים בדלי 5% 600 מ""ל רובין",קוד יצרן MKN,IL,גד יוגורט עיזים 5% 6,מיליליטרים,600.00,"100 מ""ל",false,,17.90,0.0298,true,1,11079
7290004075231,false,סטייק דק דק פרמיום 300 גר' מחפוד.,,,סטייק אנטריקוט דק דק,גרמים,300.00,100 גרם,false,,30.90,0.1030,true,1,183550
7290004078263,false,מקלות לאוזניים בלונס,SEPTONA S.A,GR,צמרונים בקופסא זוג ב,אין,0.00,יחידה,false,,10.90,0.0000,true,1,14522
7290004078270,false,נוזל כלים פלמוליב צילינדר לימון 1 ליטר,יבואן ומשווק: ש. שסט,GR,פלמוליב לכלים לימון-,אין,0.00,יחידה,false,,13.90,0.0000,true,1,14523
7290004078690,false,"אגקס נוזל לניקוי אסלות מרענן 750 מ""ל",הנסיך- מפעל לייצור ט,FR,אגקס כלורון נוזל לני,מיליליטרים,750.00,"100 מ""ל",false,,14.90,0.0199,true,1,14524
7290004119133,false,כד יוגורט תנובה 6.5% שומן 1.5 ליטר,מיוצר עי קונדיטוריית,IL,יוגורט כדים תנובה 7%,ארגז,1.50,ליטר,false,,17.50,11.6667,true,1,16769
7290004119225,false,יוגורט אננס 3% שומן 150 ג' יופלה,תנובה מרכז שיתופי לש,IL,יופלה אננס 3% 150מל,גרמים,150.00,100 גרם,false,,5.20,0.0347,true,1,16770
7290004119973,false,מעדן שוקו 1.5% שומן 125 ג' קרלו,תנובה מרכז שיתופי לש,IL,קרלו שוקולדה 3% 125מ,מיליליטרים,125.00,"100 מ""ל",false,,2.90,0.0232,true,1,16773
7290004120061,false,קרלו שוקולד וניל 125,תנובה מרכז שיתופי לש,IL,קרלו שוניל 3% 125מל,מיליליטרים,125.00,"100 מ""ל",false,,2.90,0.0232,true,1,16774
7290004120108,false,יופלה דיאט יוגורט דובדבן %0 גביע 150ג',תנובה מרכז שיתופי לש,IL,יופלה דיאט דובדבן 0%,מיליליטרים,150.00,"100 מ""ל",false,,5.10,0.0340,true,1,16775
7290004120566,false,גבינה בולגרית 24% 250 ג' פיראוס,קריות זול,IL,פיראוס בולגרית 24% 2,גרמים,250.00,100 גרם,false,,21.90,0.0876,true,1,16779
7290004120573,false,גבינה בולגרית %16 250 ג' פיראוס,תנובה מרכז שיתופי לש,IL,פיראוס בולגרית בקר 1,גרמים,250.00,100 גרם,false,,21.90,0.0876,true,1,16780
7290004120634,false,גבינה בולגרית %5 250 ג' פיראוס,תנובה מרכז שיתופי לש,IL,פיראוס בולגרית 5% 25,גרמים,250.00,100 גרם,false,,21.90,0.0876,true,1,16781
7290004120832,false,חלב תנובה טרי 3% מהדרין כד 2 ל',תנובה מרכז שיתופי לש,IL,"חלב תנובה טרי 3% בד""",ארגז,2.00,ליטר,false,,12.46,6.2300,true,1,16782
7290004121488,false,יופלה דיאט אפרסק 0% גביע 150 ג',תנובה מרכז שיתופי לש,IL,יופלה דיאט אפרסק 0%,מיליליטרים,150.00,"100 מ""ל",false,,5.10,0.0340,true,1,16783
7290004121525,false,יופלה מאגדת פרי 4 תות 4 אפרסק 3% 8 יח'*150 ג',תנובה מרכז שיתופי לש,IL,יופלה אפרסק תות 3% 8,אלף,1.20,"ק""ג",false,,31.90,26.5833,true,1,16784
7290004121754,false,יוגורט עוגת גבינה ותות 3% שומן 150 ג' יופלה,תנובה בעמ,IL,יופלה קרם גבינה ותות,גרמים,150.00,100 גרם,false,,5.20,0.0347,true,1,16785
7290004121853,false,גבינה בולגרית בקוביות %5 200 ג' פיראוס,תנובה מרכז שיתופי לש,IL,פיראוס בולגרית בקובי,גרמים,200.00,100 גרם,false,,19.80,0.0990,true,1,16787
7290004122119,false,פתיתי פרמזן לפסטה %23 100 ג' השף הלבן,פ.פ.ח. שאביט,IL,שף לבן פתיתי פרמזן ל,גרמים,100.00,100 גרם,false,,10.90,0.1090,true,1,16788
7290004122195,false,"גבינת גוש חלב פרוס 28%, כשרות מהדרין, 200 ג'",קריות זול,IL,גוש חלב פרוס 28% 200,גרמים,200.00,100 גרם,false,,14.90,0.0745,true,1,16789
7290004122270,false,גבינה צהובה פרוס בקופסא %28 200 ג' עמק,תנובה מרכז שיתופי לש,IL,עמק פרוס סגירה חוזרת,גרמים,200.00,100 גרם,false,,16.90,0.0845,true,1,16790
7290004122348,false,עמק לייט 9% פרוס בקופסא,תנובה מרכז שיתופי לש,IL,עמק לייט 9% 200ג,גרמים,200.00,100 גרם,false,,17.90,0.0895,true,1,16791
7290004122676,false,גבינת חמד לייט 5% פיראוס 250 ג',"תנובה,מחלבת טנא נוגה",IL,פיראוס חמד לייט 5% 2,גרמים,250.00,100 גרם,false,,18.90,0.0756,true,1,16792
7290004124205,false,יוגורט דיאט תות %0 שומן 150 ג' יופלה,תנובה מרכז שיתופי לש,IL,יופלה דיאט תות 0% 15,מיליליטרים,150.00,"100 מ""ל",false,,5.10,0.0340,true,1,16796
7290004125370,false,שמנת חמוצה מופחתת שומן 9%,תנובה מרכז שיתופי לש,IL,תנובה שמנת מופחתת 9%,מיליליטרים,200.00,"100 מ""ל",false,,3.90,0.0195,true,1,16799
7290004125400,false,"שלי אשל 4.5% תנובה 200מ""ל מהדרין",פארייפאבה אגרואינדוס,IL,"אשל 4.5% בד""צ מהדרין",מיליליטרים,200.00,"100 מ""ל",false,,1.69,0.0084,true,1,16800
7290004125417,false,"שלי גיל 3% תנובה 200מ""ל מהדרין",תנובה מרכז שיתופי לש,IL,"גיל 3% בד""צ מהדרין",מיליליטרים,200.00,"100 מ""ל",false,,1.51,0.0076,true,1,16801
7290004125455,false,**תנובה שמנת אורגינל מהדרין 15% 200מל,תנובה מרכז שיתופי לש,IL,תנובה שמנת אורגינל מ,מיליליטרים,200.00,"100 מ""ל",false,,2.40,0.0120,true,1,16802
7290004125462,false,"שמנת אורגינל 15% מהדרין 500 מ""ל",תנובה מרכז שיתופי לש,IL,תנובה שמנת חמוצה 15%,מיליליטרים,500.00,"100 מ""ל",false,,6.00,0.0120,true,1,16803
7290004125509,false,"שמנת 15% חצי מנה 100 מ""ל תנובה",תנובה מרכז שיתופי לש,IL,תנובה שמנת חצי מנה 1,מיליליטרים,100.00,"100 מ""ל",false,,1.70,0.0170,true,1,16804
7290004125578,false,משקה סויה מעושר בסידן תנובה 1ל',תנובה מרכז שיתופי לש,IL,משקה סויה תנובה מועש,ארגז,1.00,ליטר,false,,10.40,10.4000,true,1,16805
7290004125585,false,משקה סויה וניל תנובה E אלטרנטיב,תנובה מרכז שיתופי לש,IL,סויה תנובה משקה סויה,ארגז,1.00,ליטר,false,,10.40,10.4000,true,1,16806
7290004125721,false,"שמנת לבישול 15% שומן 250 מ""ל תנובה",תנובה מרכז שיתופי לש,IL,שף לבן שמנת לבישול 1,מיליליטרים,250.00,"100 מ""ל",false,,8.70,0.0348,true,1,16807
7290004125738,false,שמנת מתוקה עמידה להקצפה 32% השף הלבן,תנובה מרכז שיתופי לש,IL,שף לבן שמנת להקצפה 3,מיליליטרים,250.00,"100 מ""ל",false,,6.80,0.0272,true,1,16808
7290004125776,false,גבינה צהובה 28% שומן 400 ג' עמק,קריות זול,IL,עמק גבינה קשה פרוסה,גרמים,400.00,100 גרם,false,,29.90,0.0747,true,1,16809
7290004126674,false,פרוסות גבינה חצי קשה 9% שומן 200 ג' עמק,תנובה מרכז שיתופי לש,IL,עמק טל לייט 9% 200ג,גרמים,200.00,100 גרם,false,,19.90,0.0995,true,1,16810
7290004126759,false,יופלה דיאט פירות יער %0 גביע 150 ג',תנובה בעמ,IL,יופלה דיאט פירות יער,מיליליטרים,150.00,"100 מ""ל",false,,5.10,0.0340,true,1,16811
7290004126872,false,משקאות חלב תנובה שוקו בקבוק 250מל,קריות זול,IL,משקאות חלב תנובה שוק,מיליליטרים,250.00,"100 מ""ל",false,,5.90,0.0236,true,1,16812
7290004127077,false,קוטג' 3% שומן 250 ג' תנובה,מיוצר עי קונדיטוריית,IL,קוטג תנובה 3% 250 ג,גרמים,250.00,100 גרם,false,,5.40,0.0216,true,1,16813
7290004127329,false,קוטג' 5% תנובה 250ג' מהדרין,מיוצר עי קונדיטוריית,IL,קוטג' 5% תנובה מהדרי,גרמים,250.00,100 גרם,false,,5.40,0.0216,true,1,16814
7290004127336,false,קוטג' 9% תנובה 250 ג' הדרין,מיוצר עי קונדיטוריית,IL,קוטג' תנובה מהדרין 9,גרמים,250.00,100 גרם,false,,5.40,0.0216,true,1,16815
7290004127800,false,גבינה לבנה 5% שומן 500 ג' תנובה,מיוצר עי קונדיטוריית,IL,תנובה גבינה לבנה 5%,גרמים,500.00,100 גרם,false,,9.96,0.0199,true,1,16817
7290004127817,false,גבינה לבנה 9% שומן 500 ג' תנובה,מיוצר עי קונדיטוריית,IL,תנובה גבינה לבנה 9%,גרמים,500.00,100 גרם,false,,9.20,0.0184,true,1,16818
7290004127862,false,**תנובה גבינה למריחה מהדרין 5% 750ג,תנובה מרכז שיתופי לש,IL,תנובה גבינה למריחה מ,גרמים,750.00,100 גרם,false,,14.90,0.0199,true,1,16819
7290004128333,false,לאבנה על בסיס יוגורט %9 שומן 500 ג' פיראוס,קריות זול,IL,פיראוס לאבנה גביע %9,גרמים,500.00,100 גרם,false,,19.90,0.0398,true,1,16821
7290004128340,false,קרם גבינת שמנת %5 בטעם טבעי 200 ג' תנובה,קריות זול,IL,תנובה קרם גבינת שמנת,גרמים,200.00,100 גרם,false,,12.00,0.0600,true,1,16822
7290004128364,false,קרם גבינת שמנת 5% עם זיתים ירוקים 200 ג' תנובה,"תנובה, מחלבת תל יוסף",IL,תנובה קרם גבינת שמנת,גרמים,200.00,100 גרם,false,,12.00,0.0600,true,1,16823
7290004128432,false,פתיתים מיוחדים לפיצה על בסיס גבינה 500 ג',תנובה,IL,שף לבן פתיתי גבינה מ,גרמים,500.00,100 גרם,false,,21.90,0.0438,true,1,16824
7290004129101,false,גבינת שמנת 25% בטעם טבעי 225 ג' נפוליאון,תנובה מרכז שיתופי לש,IL,נפוליאון בטעם טבעי 2,גרמים,225.00,100 גרם,false,,14.50,0.0644,true,1,16825
7290004129118,false,גבינת שמנת 24% עם זיתים ירוקים 225 ג' נפוליאון,תנובה מרכז שיתופי לש,IL,נפוליאון בטעם זיתים,גרמים,225.00,100 גרם,false,,14.50,0.0644,true,1,16826
7290004129156,false,גבינת שמנת25% עם שום שמיר 225 ג' נפוליאון,תנובה מרכז שיתופי לש,IL,נפוליאון שום שמיר 25,גרמים,225.00,100 גרם,false,,14.50,0.0644,true,1,16827
7290004129545,false,גבינה לבנה 3% שומן 250 ג' תנובה,מחלבת אלון תבור,IL,גבינת מהדרין 3% תנוב,גרמים,250.00,100 גרם,false,,5.00,0.0200,true,1,16828
7290004129736,false,יוגורט במתיקות מעודנת 1.5% שומן 200 ג' יופלה,תנובה מרכז שיתופי לש,IL,יופלה קרם יוגרט מעוד,מיליליטרים,200.00,"100 מ""ל",false,,4.50,0.0225,true,1,16830
7290004129767,false,יופלה לבן טבעי מאגדת 3% 8*150מל,מחלבת אלון תבור,IL,יופלה לבן מאגדת 3% 8,אלף,1.20,"ק""ג",false,,18.50,15.4167,true,1,16831
7290004130794,false,משקה סויה טבעי במתיקות מופחתת 1 ליטר,תנובה מרכז שיתופי לש,IL,סויה תנובה טבעי במתי,ארגז,1.00,ליטר,false,,10.50,10.5000,true,1,16835
7290004130916,false,יוגורט 3% פירות יער בשמנת 150 ג' יופלה,תנובה מרכז שיתופי לש,IL,יופלה בטעם פירות יער,גרמים,150.00,100 גרם,false,,5.20,0.0347,true,1,16836
7290004131074,false,**חלב תנובה טרי מהדרין קרטון 3% 1ל,תנובה מרכז שיתופי לש,IL,חלב תנובה הומוגני מה,ארגז,1.00,ליטר,false,,6.23,6.2300,true,1,16837
7290004131432,false,יוגורט ביו 3% שומן 200 ג' יופלה,מיוצר עי קונדיטוריית,IL,יופלה לבן 3% 200מל,מיליליטרים,200.00,"100 מ""ל",false,,3.90,0.0195,true,1,16841
7290004131456,false,יוגורט ביו 1.5% שומן 200 ג' יופלה,מיוצר עי קונדיטוריית,IL,יופלה לבן 1.5% 200מל,מיליליטרים,200.00,"100 מ""ל",false,,3.90,0.0195,true,1,16842
7290004131814,false,גבינה צפתית 5% מעודנת 200 ג' פיראוס,פארייפאבה אגרואינדוס,IL,פיראוס צפתית מעודנת,גרמים,200.00,100 גרם,false,,14.90,0.0745,true,1,16844
7290004132552,false,משקה סויה לייט בטעם טבעי טרי 1 ליטר,תנובה מרכז שיתופי לש,IL,סויה תנובה לייט בטעם,ארגז,1.00,ליטר,false,,10.50,10.5000,true,1,16848
7290004132712,false,חטיף אצבעות גבינת מוצרלה 20% 172 ג' עמק,תנובה מרכז שיתופי לש,IL,עמק אצבעות מוצרלה 20,גרמים,174.00,100 גרם,false,,16.60,0.0954,true,1,16850
7290004133511,false,יופלה מאגדת לבן 1.5% מעודן 8 יח' * 150 ג',מחלבת אלון תבור,IL,יופלה לבן מעודן 1.5%,ארגז,1.20,ליטר,false,,21.50,17.9167,true,1,16854
7290004134945,false,יוגורט מוקה 3% שומן 150 ג' יופלה,תנובה מרכז שיתופי לש,IL,יופלה מוקה 3% 150מל,גרמים,150.00,100 גרם,false,,5.20,0.0347,true,1,16858
7290004135058,false,מאגדת קרלו מיני שוקולד 8 יח' * 100 ג',תנובה מרכז שיתופי לש,IL,קרלו מהדרין מיני שוק,מיליליטרים,800.00,"100 מ""ל",false,,13.90,0.0174,true,1,16859
7290004135225,false,מעדן תנובה דיאט שוקולדה 0% 150מל,תנובה מרכז שיתופי לש,IL,מעדן תנובה דיאט שוקו,מיליליטרים,150.00,"100 מ""ל",false,,3.90,0.0260,true,1,16862
7290004135614,false,גבינה בולגרית מעודנת 5% 250 ג' פיראוס,קריות זול,IL,פיראוס בולגרית מעודנ,גרמים,250.00,100 גרם,false,,20.80,0.0832,true,1,16864
7290004136598,false,מארז הפסקת אוכל עם קורנפלקס ומשקה חלב עמיד בטעם וניל,פארייפאבה אגרואינדוס,IL,מארז הפסקת אוכל חלב,גרמים,150.00,100 גרם,false,,9.90,0.0660,true,1,16868
7290004136857,false,מעדן גלי בטעם פטל 12,תנובה מרכז שיתופי לש,IL,ג'לי תנובה פטל 125מל,מיליליטרים,125.00,"100 מ""ל",false,,2.50,0.0200,true,1,16869
7290004136871,false,ג'לי תנובה אפרסק עם חתיכות אפרסק 125מל,תנובה מרכז שיתופי לש,IL,ג'לי תנובה אפרסק עם,מיליליטרים,125.00,"100 מ""ל",false,,2.90,0.0232,true,1,16871
7290004137021,false,"שמנת לבישול 10% עמיד השף הלבן 250 מ""ל",תנובה מרכז שיתופי לש,IL,שף לבן שמנת לבישול 1,מיליליטרים,250.00,"100 מ""ל",false,,8.40,0.0336,true,1,16872
7290004137311,false,עמק לייט משפחתית 9% 400ג-ועדת מהדרין,תנובה,IL,עמק לייט משפחתית 9%,גרמים,400.00,100 גרם,false,,32.90,0.0822,true,1,16873
7290004137809,false,לאבנה 5% שומן 250 ג' פיראוס,"תנובה, מחלבת אלון תב",IL,פיראוס לאבנה 5% 250ג,גרמים,250.00,100 גרם,false,,11.90,0.0476,true,1,16874
7290004150112,false,חומוס מזרחי 300 גרם פיקנטי פרימיום,סלטי שמיר 2006 בעמ,,חומוס מזרחי 300 גרם,גרמים,300.00,100 גרם,false,,14.90,0.0497,true,1,430626
7290004150136,false,חציל על האש 300 גרם פיקנטי פרימיום,,,חציל על האש 300 גרם,גרמים,300.00,100 גרם,false,,14.90,0.0497,true,1,430628
7290004150143,false,חציל במיונז 300 גרם פיקנטי פרימיום,,,חציל במיונז 300 גרם,גרמים,300.00,100 גרם,false,,14.90,0.0497,true,1,430629
7290004150150,false,חציל בטחינה 300 גרם פיקנטי פרימיום,,,חציל בטחינה 300 גרם,גרמים,300.00,100 גרם,false,,14.90,0.0497,true,1,430630
7290004150167,false,"תפו""א במיונז 300 גרם פיקנטי פרימיום",,,"סלט תפו""א במיונז 300",גרמים,300.00,100 גרם,false,,14.90,0.0497,true,1,430631
7290004150174,false,קולסלאו 300 גרם פיקנטי פרימיום,,,סלט קולסלאו 300 גרם,גרמים,300.00,100 גרם,false,,14.90,0.0497,true,1,430632
7290004150204,false,מטבוחה 300 גרם פיקנטי פרימיום,,,סלט מטבוחה 300 גרם,גרמים,300.00,100 גרם,false,,14.90,0.0497,true,1,430635
7290004150235,false,חומוס עם חריף 300 גרם פיקנטי פרימיום,,,חומוס עם חריף 300 גר,גרמים,300.00,100 גרם,false,,14.90,0.0497,true,1,430638
7290004199579,false,פלסטר מעורב 100 יח' - SUNNY PLASTER,הדקלאים אגודת שיתופי,CN,סאני פלסטר אינטרסן 1,אין,0.00,יחידה,false,,9.90,0.0000,true,1,4081
7290004199784,false,כפפות S לטקס עם איבוק עדין 100 יח- SAFE TOUCH,,TH,כפפות לאטקס סייף טאצ,אין,0.00,יחידה,false,,22.90,0.0000,true,1,4083
7290004199791,false,כפפות M לטקס עם איבוק עדין 100 יח- SAFE TOUCH,סייף טאצ,TH,כפפות לאטקס סייף טאצ,אין,0.00,יחידה,false,,22.90,0.0000,true,1,4084
7290004199807,false,כפפות L לטקס עם איבוק עדין 100 יח- SAFE TOUCH,סייף טאצ,TH,כפפות לאטקס סייף טאצ,אין,0.00,יחידה,false,,22.90,0.0000,true,1,4085
7290004200244,false,שקית פרסים,,,פרסים רמה 3,אין,0.00,יחידה,false,,9.50,0.0000,true,1,20764
7290004225285,false,גבינה בסגנון דנאבלו 100 ג',האי נאם סי או אל.טי.,DK,סגנון דנאבלו 100 גרם,גרמים,100.00,100 גרם,false,,9.90,0.0990,true,1,12180
7290004230081,false,קציצות עוף ברוטב עגבניות 800 ג' שגב,קרלו,IL,שגב קציצות עוף ברוטב,גרמים,800.00,100 גרם,false,,24.90,0.0311,true,1,12184
7290004230333,false,"בורקס מקלות פילו תפו""א שגב 600ג'",האי נאם סי או אל.טי.,IL,שגב מקלות בורקס פילו,גרמים,600.00,100 גרם,false,,19.90,0.0332,true,1,12186
7290004230364,false,בורקס פילו גבינה צרפתי 3 האופים 700ג',שגמור,IL,שגב מקלות בורקס פילו,גרמים,600.00,100 גרם,false,,19.90,0.0332,true,1,12189
7290004230371,false,מקלות בורקס פילו פיצה 600 גרם לנדא,שגמור,IL,שלושת האופים מקלות ב,גרמים,600.00,100 גרם,false,,19.90,0.0332,true,1,12190
7290004324605,false,"גבינת מון בלאן רוקפור 7%, 120 ג'",האי נאם סי או אל.טי.,IL,מון בלאן רוקפור 7% 1,גרמים,120.00,100 גרם,false,,8.90,0.0742,true,1,12195
7290004492274,false,בייגלה טבעות מלוחות 400 ג',אתר בייגל - Food,IL,טבעות מלוחות 400 גר,גרמים,400.00,100 גרם,false,,9.90,0.0248,true,1,1130
7290004494131,false,יין דלתון קברנה סוביניון גליל,"איי, בי, אינבוו",IL,"קברנה דלתון 750 מ""ל",מיליליטרים,750.00,"100 מ""ל",false,,58.90,0.0785,true,1,7601
7290004537241,false,אפונת גינה שדה בשקית,בסט מייסטר,IL,אפונת גינה קפואה 800,גרמים,800.00,100 גרם,false,,13.90,0.0174,true,1,31696
7290004537258,false,אפונה וגזר 800 גר שד,,,אפונה וגזר 800 גר שד,גרמים,800.00,100 גרם,false,,13.90,0.0174,true,1,31697
7290004537265,false,אפונה עדינה קפואה 60,,,אפונה עדינה קפואה 60,גרמים,600.00,100 גרם,false,,14.90,0.0248,true,1,31698
7290004537326,false,לקט ירקות העונה 800,,,לקט ירקות העונה 800,גרמים,800.00,100 גרם,false,,13.90,0.0174,true,1,31703
7290004537333,false,חומוס גרגירים 800 גר,,,חומוס גרגירים 800 גר,גרמים,800.00,100 גרם,false,,13.90,0.0174,true,1,31704
7290004537340,false,גזר גמדי 800גרם שדה,,,גזר גמדי 800גרם שדה,גרמים,800.00,100 גרם,false,,13.90,0.0174,true,1,31705
7290004554354,false,גלידת פנטזיה שוקו וניל 1 ל' שטראוס,"גלידת שטראוס בע""מ, ר",IL,פנטסיה שוקו וניל 900,מיליליטרים,900.00,"100 מ""ל",false,,19.90,0.0221,true,1,5922
7290004554903,false,"גלידת פנטזיה שוקו וניל 900 מ""ל שטראוס","גלידת שטראוס בע""מ, ר",IL,פנטסיה שוקו וניל פרו,מיליליטרים,900.00,"100 מ""ל",false,,19.90,0.0221,true,1,5926
7290004584306,false,רבעיית גמדים בטעם תות בננה * 100 ג' שטראוס,מיוצר עי קונדיטוריית,IL,גמדים תות בננה 4*100,מיליליטרים,400.00,"100 מ""ל",false,,11.30,0.0283,true,1,15474
7290004584351,false,גבינה במרקם שמנת 5% טבעי 200 ג' סימפוניה,"שטראוס בריאות בע""מ",IL,סימפוניה חמישית 200ג,גרמים,200.00,100 גרם,false,,11.50,0.0575,true,1,15475
7290004584528,false,דנונה ביו יוגורט טבעי 1.5% 200 ג',מיוצר עי קונדיטוריית,IL,דנונה יוגורט טבעי 1.,מיליליטרים,200.00,"100 מ""ל",false,,3.90,0.0195,true,1,15476
7290004585907,false,דני ועדן וניל 1.5% 125ג' שטראוס,מיוצר עי קונדיטוריית,IL,דני וניל מהדרין 130מ,מיליליטרים,130.00,"100 מ""ל",false,,3.10,0.0238,true,1,15477
7290004603175,false,מלח הארץ מלחייה גס 500 גרם,תעשיות מלח לישראל,IL,מלח ים האדום גס הארץ,גרמים,500.00,100 גרם,false,,7.90,0.0158,true,1,12346
7290004639006,false,קוסקוס טוניסאי קפוא,,,קוסקוס ביתי קפוא,גרמים,800.00,100 גרם,false,,14.90,0.0186,true,1,31707
7290004658847,false,"תירוש כרמל מיץ ענבים אדום, 187 מ""ל",,,"תירוש כרמל 187 מ""ל",מיליליטרים,187.00,"100 מ""ל",false,,5.90,0.0316,true,1,3924
7290004658946,false,יין פרייבט קולקשן שר,"כד בני דרום בע""מ",IL,יין P.C שרדונה לבן,מיליליטרים,750.00,"100 מ""ל",false,,39.90,0.0532,true,1,3925
7290004658953,false,סובניון בלאן לבן יבש,"כד בני דרום בע""מ",IL,יין P.C סוביניון ב,מיליליטרים,750.00,"100 מ""ל",false,,39.90,0.0532,true,1,3926
7290004658960,false,אמרלד ריזלינג לבן חצי יבש,אגודת הכורמים הקואופ,IL,יין P.C אמרלד ריזל,מיליליטרים,750.00,"100 מ""ל",false,,39.90,0.0532,true,1,3927
7290004731076,false,אל סבון אלוורה כיף 1 ל',טרופיקל דגיל תעשיות,IL,אלסבון אלוורה כיף 1,ארגז,1.00,ליטר,false,,12.90,12.9000,true,1,19144
7290004731472,false,"אל סבון צבעוני כיף שלישיה* 500 מ""ל",טרופיקל דגיל תעשיות,IL,שלישיית אלסבון צבעונ,ארגז,1.50,ליטר,false,,19.90,13.2667,true,1,19151
7290004731519,false,"מרכך ומבשם מקסימה למייבש אולטרה פרש 750 מ""ל סנו",קריות זול,IL,סנו מקסימה למייבש סנ,מיליליטרים,750.00,"100 מ""ל",false,,17.90,0.0239,true,1,19152
7290004731564,false,"סנו - מקסימה מרסס למייבש כביסה פריחה כחולה 750 מ""ל",סנו,IL,סנו מקסימה מבשם ומרכ,מיליליטרים,750.00,"100 מ""ל",false,,17.90,0.0239,true,1,19153
7290004737900,false,וילי פוד חלב מרוכז ממותק397ג,יו.איי.בי מאריג'אמפו,LT,וילי פוד חלב מרוכז מ,גרמים,397.00,100 גרם,false,,9.90,0.0249,true,1,5333
7290004762056,false,שקדי מרק חטיפים מן ה,,,שקדי מרק חטיפים מן ה,גרמים,400.00,100 גרם,false,,9.90,0.0248,true,1,442233
7290004762827,false,"קרוטונים למרק בטעם שום בצל, 250 גרם",חטיפים מן הטבע,,קרוטונים למרק שקית,גרמים,250.00,100 גרם,false,,9.90,0.0396,true,1,466494
7290005008191,false,"פלמוליב סבון נוזלי בניחוח ארומה סגול, 500 מ""ל",הנסיך- מפעל לייצור ט,TR,סבון נוזלי ארומה סגו,מיליליטרים,500.00,"100 מ""ל",false,,15.90,0.0318,true,1,14528
7290005040993,false,ערמונים קלויים קלופי,,,ערמונים קלויים קלופי,יח',1.00,יח',false,,4.90,4.9000,true,1,679
7290005041136,false,"קבב גמבו רומני 1 ק""ג",מעדני הטלה,,"קבב גמבו רומני 1 ק""ג",אלף,1.00,"ק""ג",false,,45.90,45.9000,true,1,12198
7290005041167,false,קבב גמבו עגל וכבש 1,מעדני הטלה,,קבב גמבו עגל וכבש 1,אלף,1.00,"ק""ג",false,,45.90,45.9000,true,1,12199
7290005041402,false,שיפודי שוארמה פרגית,יושלם,,שיפודי שוארמה פרגית,גרמים,600.00,100 גרם,false,,55.90,0.0932,true,1,183632
7290005084355,false,"סנסודיין - משחת שיניים דואל קר זהב 75 מ""ל",גלקסו סמית קליין,GB,משחת שיניים דואל קר,מיליליטרים,75.00,"100 מ""ל",false,,20.90,0.2787,true,1,5680
7290005174513,false,חציל אחלה במיונז 500 ג' אחלה+ 33% תוספת,מיוצר עי קונדיטוריית,IL,חציל במיונז אחלה 500,גרמים,500.00,100 גרם,false,,15.90,0.0318,true,1,15478
7290005174551,false,סלט חומוס עם צנוברים 125 ג' אחלה,מיוצר עי קונדיטוריית,IL,אחלה חומוס 125ג,גרמים,125.00,100 גרם,false,,4.90,0.0392,true,1,15479
7290005174568,false,חציל אחלה במיונז 125 גר',"שטראוס גרופ בע""מ",IL,אחלה חציל במיונז 125,גרמים,125.00,100 גרם,false,,4.90,0.0392,true,1,15480
7290005197758,false,עוגיות חיוכים שוקו שוקו 150ג',אפיפית נצרת תעשיות ב,IL,חיוכים של שוקו,גרמים,150.00,100 גרם,false,,4.90,0.0327,true,1,14943
7290005200786,false,תפוצ'יפס שמנת ובצל 50 גרם,"שטראוס פריטו ליי בע""",IL,תפוציפס שמנת ובצל 50,גרמים,50.00,100 גרם,false,,3.90,0.0780,true,1,15894
7290005201455,false,קפה נמס ארומה עלית 200 ג',"אינסטנטה בע""מ",IL,ארומה קפה נמס 200 גר,גרמים,200.00,100 גרם,false,,21.90,0.1095,true,1,14949
7290005201882,false,קפה טורקי קלוי וטחון,הנסיך- מפעל לייצור ט,IL,טורקי עלית 200 גר',גרמים,200.00,100 גרם,false,,14.90,0.0745,true,1,14950
7290005287206,false,טונה בשמן סטארקיסט 4*160 ג',"סטארקיסט פודור בע""מ",,טונה בשמן סטארקיסט ר,גרמים,640.00,100 גרם,false,,24.90,0.0389,true,1,17387
7290005287213,false,טונה ס.ק בשמן 160גר 'רביעיות-בד'צ,,,טונה בשמן סטארקיסט ב,גרמים,640.00,100 גרם,false,,24.90,0.0389,true,1,17388
7290005287251,false,טונה במים סטארקיסט 4*160 ג',"איטיליאן פוד, אס.פי.",,טונה במים סטארקיסט ר,גרמים,640.00,100 גרם,false,,24.90,0.0389,true,1,17389
7290005287930,false,טונה במים סטארקיסט ב,,,טונה במים סטארקיסט ב,גרמים,640.00,100 גרם,false,,24.90,0.0389,true,1,17395
7290005296246,false,"פותח סתימות דריין אאוט 946 מ""ל יעקבי",יוליניבר,US,יעקבי פותח סתימות אק,מיליליטרים,946.00,"100 מ""ל",false,,26.90,0.0284,true,1,9496
7290005296260,false,"אסטוניש ספריי רסס ונגב לניקוי כללי 750 מ""ל",אסטוניש Astonish,GB,אסטוניש רסס ונגב 750,מיליליטרים,750.00,"100 מ""ל",false,,11.90,0.0159,true,1,9497
7290005326387,false,עגבניות מיובשות בשמן זית אוליבייה 270ג',,,עגבניות מיובשות בשמן,גרמים,280.00,100 גרם,false,,16.90,0.0604,true,1,32193
7290005326523,false,ממרח פסטו פטרוזיליה ונענע 180 ג' אוליביה,אוליביה,IL,אוליביה ממרח פסטו פט,גרמים,180.00,100 גרם,false,,12.90,0.0717,true,1,32194
7290005326585,false,ממרח אוליביה פסטו בזיליקום 180 ג',"אוליביה גורמה בע""מ",IL,אוליביה פסטו בזיליקו,גרמים,180.00,100 גרם,false,,11.90,0.0661,true,1,16876
7290005403972,false,תחתיות ארטישוק 400 ג,,,תחתיות ארטישוק 400 ג,גרמים,400.00,100 גרם,false,,16.50,0.0413,true,1,31708
7290005403989,false,במיה קפואה 600 גרם ש,,,במיה קפואה 600 גרם ש,גרמים,600.00,100 גרם,false,,11.90,0.0198,true,1,31709
7290005423055,false,סנו פורטה פלוס מתז בניחות לימון 1 ל',"סנו מפעלי ברונוס בע""",IL,מתז פורטה פלוס בניחו,ליטרים,1.00,100 ליטר,false,,17.90,17.9000,true,1,19160
7290005423253,false,"סנו - מקסימה מרסס למייבש כביסה אולטרה פרש 750 מ""ל","סנו מפעלי ברונוס בע""",IL,סנו מקסימה למייבש או,מיליליטרים,750.00,"100 מ""ל",false,,17.90,0.0239,true,1,19163
7290005423499,false,"סנו נירוסטה אירוסול 500 מ""ל",מיוצר עי קונדיטוריית,IL,סנו נירוסטה אירוסול,מיליליטרים,476.00,"100 מ""ל",false,,19.90,0.0418,true,1,19170
7290005423567,false,מטליות לניקוי כללי בגליל 40 יח' סנו סושי,אסותא תעשיות אלבד בע,IL,סנו סושי מטלית לכל 3,אין,0.00,יחידה,false,,19.90,0.0000,true,1,19173
7290005423635,false,ריצפז נוזל לניקוי רצפות דוחה חרקים 2 ל',מיוצר עי קונדיטוריית,IL,נוזל לניקוי רצפות דו,ארגז,2.00,ליטר,false,,21.90,10.9500,true,1,19174
7290005423734,false,סנו - מקסימה מרכך כביסה אולטרה פרש 4 ליטר,"סנו מפעלי ברונוס בע""",IL,מרכך כביסה סנו מקסימ,ארגז,4.00,ליטר,false,,22.90,5.7250,true,1,19175
7290005423833,false,סנו פוליויקס פרקט 2 ליטר,"סנו מפעלי ברונוס בע""",IL,סנו פוליויקס פרקט 2,ארגז,2.00,ליטר,false,,21.90,10.9500,true,1,19176
7290005423871,false,אורביטול שלשות משחת שיניים מנטול מרכז,טרופיקל דגיל תעשיות,IL,משחת שיניים אורביטול,גרמים,435.00,100 גרם,false,,16.90,0.0389,true,1,19177
7290005423888,false,אלסבון כיף שלישיה מעורב,טרופיקל דגיל תעשיות,IL,שלישיית אלסבון מעורב,ארגז,1.50,ליטר,false,,19.90,13.2667,true,1,19178
7290005423918,false,סנו - מקסימה מרכך כביסה היפואלרגני אלוורה 4 ליטר,"סנו מפעלי ברונוס בע""",IL,מרכך כביסה סנו מקסימ,ארגז,4.00,ליטר,false,,23.90,5.9750,true,1,19179
7290005424113,false,מטליות רצפה 4 יח' סנו סושי,עופרטקס,IL,סנו סושי מטליות רצפה,אין,0.00,יחידה,false,,12.90,0.0000,true,1,19181
7290005424311,false,קוטל חרקים זוחלים ומ,מיוצר עי קונדיטוריית,IL,סנו K רב קוטל,מיליליטרים,475.00,"100 מ""ל",false,,19.90,0.0419,true,1,19182
7290005424700,false,סנו - פורטה פלוס מרסס מסיר שומנים 1 ליטר,סנו,IL,פורטה פלוס - קצף ברי,מיליליטרים,1.00,"100 מ""ל",false,,17.90,17.9000,true,1,19187
7290005424762,false,נוזל רצפות ריצפז ווקס דוחה חרקים 2 ליטר,"סנו מפעלי ברונוס בע""",IL,ריצפז פלוס ווקס דוחה,ארגז,2.00,ליטר,false,,28.90,14.4500,true,1,19189
7290005424847,false,מפיות סנו סושי לבן לאירוח 150יח',מיוצר עי קונדיטוריית,TR,סנו סופט מפיות 30*30,אין,0.00,יחידה,false,,8.90,0.0000,true,1,19193
7290005425110,false,"חיטוי משטחים 99.9% מתז מחטא ומשמיד 750 מ""ל","סנו מפעלי ברונוס בע""",IL,מתז מחטא ומשמיד 99.9,מיליליטרים,750.00,"100 מ""ל",false,,12.90,0.0172,true,1,2157
7290005425196,false,"סנו לכביסה מקסימה סנסיטיב 2.5 ק""ג",מיוצר עי קונדיטוריית,IL,אבקת כביסה סנו מקסימ,אלף,2.50,"ק""ג",false,,26.90,10.7600,true,1,19199
7290005425202,false,"מקסימה לכביסה ביו 2.5 ק""ג","סנו מפעלי ברונוס בע""",IL,אבקת כביסה סנו מקסימ,אלף,2.50,"ק""ג",false,,26.90,10.7600,true,1,19200
7290005425646,false,סנו קליר ספריי אקדח לניקוי והברקת חלונות 1ל',"סנו מפעלי ברונוס בע""",IL,סנוקליר נוזל רב תכלי,אין,0.00,יחידה,false,,11.90,0.0000,true,1,19202
7290005425714,false,לשטיחים סנופלוס ספרי,"איי, בי, אינבוו",IL,סנו שמפו שטיחים פלוס,מיליליטרים,600.00,"100 מ""ל",false,,26.90,0.0448,true,1,19203
7290005426193,false,ספוג הפלא אריזת סנו 6יח',טרופיקל דגיל תעשיות,IL,סנו סושי ספוג הפלא,אין,0.00,יחידה,false,,11.90,0.0000,true,1,19209
7290005426230,false,מטלית הפלא לרצפה מיקרופייבר סנו 1יח',N.S.,IL,סנו סושי מטלית הפלא,אין,0.00,יחידה,false,,12.90,0.0000,true,1,19210
7290005426971,false,סנובון כחול בריח תפוח 3 יח' * 55 ג',קריות זול,IL,סנובון כחול שלישיה ב,גרמים,165.00,100 גרם,false,,15.90,0.0964,true,1,19223
7290005427725,false,מגבונים ליטופים מארז חמישיה,טרופיקל דגיל,IL,ליטופים מגבונים מבוש,אין,0.00,יחידה,false,,18.90,0.0000,true,1,19230
7290005428845,false,סנו סופט מפיות 33*33 100 יח,"חי מוצרי נייר בע""מ",IL,סנו סופט מפיות 33*33,אין,0.00,יחידה,false,,7.90,0.0000,true,1,19239
7290005429279,false,"אבקת כביסה מקסימה אפקט 6 ק""ג סנו",סנו,IL,אבקת כביסה סנו מקסימ,אלף,6.00,"ק""ג",false,,49.90,8.3167,true,1,19243
7290005429286,false,"אבקת כביסה מקסימה ביו 6 ק""ג סנו",סנו,IL,אבקת כביסה סנו מקסימ,אלף,6.00,"ק""ג",false,,49.90,8.3167,true,1,19244
7290005430602,false,"סנו - אוקסיג'ן מרסס מסיר כתמים 750 מ""ל","סנו מפעלי ברונוס בע""",IL,סנו אוקסיג'ן מסיר כת,מיליליטרים,750.00,"100 מ""ל",false,,17.90,0.0239,true,1,19246
7290005430671,false,סנו פוליווקס קרמיקה 2ל',סנו מפעלי ברונו בעמ,IL,סנו פוליווקס קרמיקה,ארגז,2.00,ליטר,false,,20.90,10.4500,true,1,19247
7290005431159,false,תותים בקצפת לייט 80 ג' עדן,עדן קינוחים,IL,תותים בקצפת לייט 80,גרמים,80.00,100 גרם,false,,7.20,0.0900,true,1,162625
7290005431883,false,קינוח מלבי חלבי עדן,עדן קינוחים Eden,IL,עדן מלבי חלבי 165 גר,גרמים,165.00,100 גרם,false,,7.20,0.0436,true,1,16881
7290005431913,false,עוגת גבינה פירורים 92 גרם.,עדן קינוחים Eden,IL,קינוחי עדן עוגת גבינ,גרמים,92.00,100 גרם,false,,7.20,0.0783,true,1,16884
7290005431920,false,עוגת גבינה פירורים ללא תוספת סוכר,עדן קינוחים Eden,IL,עדן עוגת גבינה פירור,גרמים,78.00,100 גרם,false,,7.20,0.0923,true,1,16885
7290005477669,false,דרמפון-סבון נוזלי מועשר בלחות,אמיליה קוסמטיקס,IL,סבון נוזלי מועשר בלח,אין,0.00,יחידה,false,,16.90,0.0000,true,1,19249
7290005559587,false,מאפה נקניקיה בבצק מעדנות 800ג',מיוצר עי קונדיטוריית,IL,מאפה נקניקיות 800גר,גרמים,800.00,100 גרם,false,,29.90,0.0374,true,1,22746
7290005559907,false,פיצה משפחתית גבינה 500 ג' מעדנות,מיוצר עי קונדיטוריית,IL,פיצה משפחתית גבינה 5,גרמים,500.00,100 גרם,false,,19.90,0.0398,true,1,22748
7290005559914,false,פיצה משפחתית זיתים 550 ג' מעדנות,מיוצר עי קונדיטוריית,IL,פיצה משפחתית זיתים 5,גרמים,550.00,100 גרם,false,,19.90,0.0362,true,1,22749
7290005559990,false,בצק פילאס תורכי מעדנות 600 גרם,מיוצר עי קונדיטוריית,IL,בצק פילאס תורכי מעדנ,גרמים,600.00,100 גרם,false,,19.90,0.0332,true,1,22750
7290005576010,false,חסה ערבית גלאט,רביבים,IL,חסה מהדרין,יח',1.00,יח',false,,7.90,7.9000,true,1,27617
7290005576027,false,פטרוזיליה גלאט עלים,רביבים,IL,פטרוזיליה גלאט עלים,יח',1.00,יח',false,,6.90,6.9000,true,1,27618
7290005576034,false,כוסברה גלאט עלים,רביבים,IL,כוסברה מהדרין,יח',1.00,יח',false,,6.90,6.9000,true,1,27619
7290005576041,false,שמיר גלאט עלים,רביבים,IL,שמיר מהדרין,יח',1.00,יח',false,,6.90,6.9000,true,1,27620
7290005576058,false,נענע מהדרין,,,נענע מהדרין,יח',1.00,יח',false,,6.90,6.9000,true,1,27621
7290005576065,false,סלרי גלאט עלים,רביבים,IL,סלרי מהדרין,יח',1.00,יח',false,,7.90,7.9000,true,1,27622
7290005576072,false,סלק עלים גלאט עלים,רביבים,IL,מנגולד מהדרין,יח',1.00,יח',false,,7.90,7.9000,true,1,27623
7290005576089,false,בצל ירוק גלאט עלים,רביבים,IL,בצל ירוק מהדרין,יח',1.00,יח',false,,7.90,7.9000,true,1,27624
7290005576096,false,כרוב לבן גלאט עלים,רביבים,IL,כרוב לבן גלאט,קילוגרמים,1.00,"ק""ג",true,,15.90,15.9000,true,1,27609
7290005576171,false,כרוב אדום גלאט עלים,רביבים,IL,כרוב אדום גלאט,קילוגרמים,1.00,"ק""ג",true,,15.90,15.9000,true,1,27611
7290005576201,false,כרוב לבן קצוץ 400 ג' גאלט,רביבים,IL,כרוב לבן קצוץ 400 גר,גרמים,400.00,100 גרם,false,,12.90,0.0323,true,1,27629
7290005576218,false,כרוב אדום קצוץ 400 ג' גאלט,רביבים,IL,כרוב אדום 400 גרם,גרמים,400.00,100 גרם,false,,12.90,0.0323,true,1,27630
7290005576225,false,קולוסלאו גלאט עלים 400ג' בי&די,רביבים,IL,קולסלאו 400 גרם בדץ,גרמים,400.00,100 גרם,false,,12.90,0.0323,true,1,14043
7290005576232,false,חסה אייסברג גלאט 300 גר',רביבים,IL,חסה אייסברג קצוצה,גרמים,300.00,100 גרם,false,,13.90,0.0463,true,1,27631
7290005576249,false,לקט קלאסי ירקות מהדרין 350 גר',רביבים,IL,לקט קלאסי 350 גרם,גרמים,350.00,100 גרם,false,,13.90,0.0397,true,1,27632
7290005591761,false,דבש טהור מפרחי בר בלחיץ 400 ג' יד מרדכי,מכוורת יד מרדכי שטרא,IL,דבש טהור מפרחי בר בל,גרמים,400.00,100 גרם,false,,20.90,0.0522,true,1,14951
7290005610011,false,תפוחי אדמה אדום ארוז,אראל תוצרת חקלאית בע,IL,תפו`א אדום דוד משה,קילוגרמים,1.00,"ק""ג",true,,5.90,5.9000,true,1,32554
7290005610127,false,תפו`א גורמה לבן דוד,אראל תוצרת חקלאית בע,IL,תפו`א גורמה לבן דוד,קילוגרמים,1.00,"ק""ג",true,,7.90,7.9000,true,1,32556
7290005610196,false,תפוח אדמה בייבי גורמ,אראל תוצרת חקלאית בע,IL,תפו`א בייבי גורמה,קילוגרמים,1.00,"ק""ג",true,,4.90,4.9000,true,1,32557
7290005838002,false,מעדן גבינה ויוגורט בטעם וניל 88 ג' דניאלה,"שטראוס בריאות בע""מ",IL,דניאלה מעדן גבינה 15,מיליליטרים,150.00,"100 מ""ל",false,,4.10,0.0273,true,1,15483
7290005838613,false,שטראוס גבינת וניל 3% 125ג,"שטראוס בריאות בע""מ",IL,גבינה וניל 3% סקי 12,גרמים,125.00,100 גרם,false,,3.90,0.0312,true,1,15484
7290005838972,false,גבינת יום יום 5% שטראוס 125ג',מיוצר עי קונדיטוריית,IL,גבינת יום יום 5% סקי,גרמים,125.00,100 גרם,false,,3.70,0.0296,true,1,15485
7290005839078,false,"דנונה יוגורט ביו 3% לבן מארז 150X8מ""ל",מיוצר עי קונדיטוריית,IL,דנונה ביו מארז חסכון,אלף,1.20,"ק""ג",false,,17.90,14.9167,true,1,15486
7290005839108,false,סימפוניה 5% עם זיתים 200 ג' שטראוס,"שטראוס בריאות בע""מ",IL,סימפוניה עם זיתים 5%,גרמים,200.00,100 גרם,false,,11.50,0.0575,true,1,15487
7290005839313,false,"מילקי טופ שוקולד מגולגל 170 מ""ל",מיוצר עי קונדיטוריית,IL,מילקי טופ מגולגלת 14,מיליליטרים,142.00,"100 מ""ל",false,,4.90,0.0345,true,1,15488
7290005896453,false,"בירה מכבי 7.9% בקבוק חוזר 500מ""ל",טמפו משקאות בע''מ,IL,בירה מכבי 7.9 בקבוק,מיליליטרים,500.00,"100 מ""ל",false,,8.50,0.0170,true,1,8587
7290005896460,false,"בירה איגל לאגר חזקה 7.8% 500 מ""ל פחית",Unknown,,איגל בירה חזקה 7.8%,מיליליטרים,500.00,"100 מ""ל",false,,6.90,0.0138,true,1,8588
7290005896620,false,מים מוגז ' סאן בנדטו ' יחידה,אקווה מינרלה סאן בנד,IT,סאן בנדטו מים מינרלי,ארגז,1.50,ליטר,false,,4.50,3.0000,true,1,8589
7290005901393,false,"""טעים טעים"" נקניקיות",,,"""טעים טעים"" נקניקיות",גרמים,500.00,100 גרם,false,,28.90,0.0578,true,1,31715
7290005901423,false,קבב קציצות ביתי טעים,,,קבב קציצות ביתי טעים,גרמים,500.00,100 גרם,false,,28.90,0.0578,true,1,31718
7290005901454,false,סטייק מינוט טעים טעי,,,סטייק מינוט טעים טעי,גרמים,300.00,100 גרם,false,,35.90,0.1197,true,1,31721
7290005902055,false,מגב גומי `רב מגבת,,,מגב גומי `רב מגבת,אין,0.00,יחידה,false,,59.90,0.0000,true,1,29301
7290005938245,false,ממרח פסטו קלאסי פרסקו 220ג' מצונן,מיוצר עי פרסקו חצבה,IL,פרסקו ממרח מצונן פסט,גרמים,220.00,100 גרם,false,,17.90,0.0814,true,1,12202
7290005966033,false,"יין הר חרמון לבן 750 מ""ל",יקב רמת הגולן,IL,יקבי רמת הגולן הר חר,מיליליטרים,750.00,"100 מ""ל",false,,35.90,0.0479,true,1,25747
7290005992018,false,"יוגורט עיזים לשתייה 3% 500 מ""ל רובין","מיוצר ע""י קוד יצרן M",IL,גד יוגורט עיזים 3% 5,מיליליטרים,500.00,"100 מ""ל",false,,13.80,0.0276,true,1,11080
7290005992575,false,בולגרית למריחה 5% 250 גרם - רבנות,מחלבות גד בעמ,IL,גד בולגרית למריחה 5%,גרמים,250.00,100 גרם,false,,16.90,0.0676,true,1,11081
7290005992735,false,לאבנה טבעית 5% 250 גר' - רבנות,הנסיך- מפעל לייצור ט,IL,גד לאבנה 5% 250ג,גרמים,250.00,100 גרם,false,,13.50,0.0540,true,1,11082
7290005996078,false,סרוולד הונגרי יחיעם,מעדני יחיעם,IL,סלמי סרוולט הונגרי 1,גרמים,125.00,100 גרם,false,,27.90,0.2232,true,1,11686
7290006065018,false,אמנון 7-9 80% דג קפו,,,אמנון 7-9 80% דג קפו,קילוגרמים,1.00,"ק""ג",true,,34.90,34.9000,true,1,373151
7290006065179,false,סטייק טונה קפוא בואק,,,סטייק טונה קפוא בואק,קילוגרמים,1.00,"ק""ג",true,,39.90,39.9000,true,1,52729
7290006065391,false,פילה דג נסיכת הנילו,,,פילה דג נסיכת הנילו,קילוגרמים,1.00,"ק""ג",true,,43.90,43.9000,true,1,106383
7290006129345,false,אנטריקוט דק דק חלק 3,,,אנטריקוט דק דק חלק 3,גרמים,300.00,100 גרם,false,,34.90,0.1163,true,1,4973
7290006185501,false,"פנינה רוזנבלום -אל סבון נוזלי ורוד,1 ליטר",,,אל סבון נוזלי ורוד פ,אין,0.00,יחידה,false,,8.90,0.0000,true,1,12765
7290006185518,false,"פנינה רוזנבלום -אל סבון נוזלי כחול,1 ליטר",,,אל סבון נוזלי כחול פ,אין,0.00,יחידה,false,,8.90,0.0000,true,1,12766
7290006199027,false,שלגוני גלידל שמינייה,הגלידות של פלדמן,IL,גלידל מאגדת בטעם תות,גרמים,600.00,100 גרם,false,,31.90,0.0532,true,1,22864
7290006199218,false,שמיניית גלידל אייס מ,הגלידות של פלדמן,IL,גלידל מאגדת בטעם איי,גרמים,400.00,100 גרם,false,,31.90,0.0797,true,1,22865
7290006199942,false,שמיניית גלידל פרי דו,הגלידות של פלדמן,IL,פופסיקל בטעם דובדבן,גרמים,640.00,100 גרם,false,,24.90,0.0389,true,1,22867
7290006229588,false,בירה איגל פחית זהב 500 מל',"טמפו משקאות בע""מ",IL,איגל בירה פחית זהב 5,מיליליטרים,500.00,"100 מ""ל",false,,5.90,0.0118,true,1,8602
7290006241191,false,אגוזי מלך קליית גת 1,הדקלאים אגודת שיתופי,US,אגוזי מלך 150 גרם קל,גרמים,150.00,100 גרם,false,,17.50,0.1167,true,1,10142
7290006241504,false,פריגת תפוזים קפוא 345 גרם,פריגת מצוננים,IL,קפוא תפוזים 340 גרם,גרמים,340.00,100 גרם,false,,13.90,0.0409,true,1,6918
7290006241511,false,"פריגת קפוא לימון נענע 280 מ""ל",היינץ צפון אמריקה מק,IL,קפוא לימון נענע 340,גרמים,340.00,100 גרם,false,,13.90,0.0409,true,1,6919
7290006241535,false,תרכיז מנגו קפוא פריג,היינץ צפון אמריקה מק,IL,קפוא מנגו 340 גרם,גרמים,340.00,100 גרם,false,,13.90,0.0409,true,1,6920
7290006241689,false,משקה לימון מרוכז קפו,היינץ צפון אמריקה מק,IL,קפוא לימון 340 גרם,גרמים,340.00,100 גרם,false,,13.90,0.0409,true,1,6921
7290006251275,false,תה ויסוצקי ירוק סיני 25יח',קריות זול,IL,תה ירוק סיני,גרמים,37.50,100 גרם,false,,23.90,0.6373,true,1,16099
7290006251374,false,תה ירוק לימונית וגינגר 25 שקיקים ויסוצקי,קריות זול,IL,תה ירוק לימונית וג'י,גרמים,25.00,100 גרם,false,,23.90,0.9560,true,1,16100
7290006251589,false,תה ירוק עם עלי נענע 50 שקיקים ויסוצקי,בית ויסוצקי,IL,תה ירוק עם עלי נענע,גרמים,75.00,100 גרם,false,,45.90,0.6120,true,1,16101
7290006256102,false,יין גאטו נגרו מרלו 7,יושלם,,גאטו נגרו מרלו 750 מ,מיליליטרים,750.00,"100 מ""ל",false,,39.90,0.0532,true,1,234017
7290006256775,false,יין גאטו נגרו מלבק 7,,,גאטו נגרו מלבק 750 מ,מיליליטרים,750.00,"100 מ""ל",false,,39.90,0.0532,true,1,294827
7290006265548,false,נבטים סינים מרינה ארוז 360ג',"מרינה פטריות הגליל בע""מ",IL,נבטים סינים,יח',1.00,יח',false,,6.90,6.9000,true,1,25695
7290006265890,false,נבטי גרעיני חמניה יח,"מרינה פטריות הגליל בע""מ",IL,נבטי חמניה יח,יח',1.00,יח',false,,8.90,8.9000,true,1,22702
7290006271174,false,ג'חנון לאפיה בתנור מעדנות 700 ג',מיוצר עי קונדיטוריית,IL,גחנון לאפיה בתנור מע,גרמים,700.00,100 גרם,false,,13.90,0.0199,true,1,22751
7290006271181,false,מעדנות גחנון אפוי 750 גרם,מיוצר עי קונדיטוריית,IL,מעדנות גחנון אפוי 75,גרמים,750.00,100 גרם,false,,21.90,0.0292,true,1,22752
7290006271648,false,"מיני בורקס תפו""א 800 ג' מעדנות","מעדנות בע""מ",IL,מיני בורקס תפו`א 800,גרמים,800.00,100 גרם,false,,19.90,0.0249,true,1,22753
7290006271655,false,מיני בורקס גבינה 800 ג' מעדנות,מיוצר עי קונדיטוריית,IL,מיני בורקס גבינה 800,גרמים,800.00,100 גרם,false,,19.90,0.0249,true,1,22754
7290006272072,false,חטיפי פיצה בשקית מעדנות 650ג',"מעדנות בע""מ",IL,חטיפי פיצה מעדנות 65,גרמים,650.00,100 גרם,false,,29.90,0.0460,true,1,22756
7290006272430,false,בצק עלים חמאה מעדנות 600 ג',מיוצר עי קונדיטוריית,IL,בצק עלים חמאה 600 גר,גרמים,600.00,100 גרם,false,,28.90,0.0482,true,1,22757
7290006306296,false,רביולי לורנצו גבינה 400ג' פסטה נונה,פסטנונה רמת דלטון מר,IL,פסטה נונה פסטה נונה,גרמים,400.00,100 גרם,false,,25.90,0.0647,true,1,11086
7290006306302,false,רביולי במילוי גבינות פרמזן ריקוטה 400 ג' פסטה נונה,דורום תעשיות מזון ופ,IL,פסטה נונה ריביולי פר,גרמים,400.00,100 גרם,false,,25.90,0.0647,true,1,11087
7290006306319,false,רביולי במילוי בטטה 400 ג' פסטה נונה,דורום תעשיות מזון ופ,IL,פסטה נונה פסטה נונה,גרמים,400.00,100 גרם,false,,25.90,0.0647,true,1,11088
7290006322104,false,לחם ריחיים קל פרוס 500 ג',מאפיית דוידוביץ ובני,IL,לחם ריחיים מלא דוידו,גרמים,500.00,100 גרם,false,,13.90,0.0278,true,1,462470
7290006322111,false,לחמניות ריחיים שישיי,מאפיית דוידוביץ ובני,IL,6 לחמניות ריחיים מאפ,גרמים,450.00,100 גרם,false,,12.90,0.0287,true,1,463186
7290006322128,false,לחמניות קלות שישייה,מאפיית דוידוביץ ובני,IL,6 לחמניות קלות מאפיי,גרמים,450.00,100 גרם,false,,12.90,0.0287,true,1,463187
7290006322166,false,6 לחמניות רגילות לסנ,מאפיית דוידוביץ ובני,IL,6 לחמניות רגילות לסנ,גרמים,450.00,100 גרם,false,,10.90,0.0242,true,1,463364
7290006322470,false,לחם 9 דגנים קל 500 גרם,מאפיית דוידוביץ ובני,IL,לחם 9 דגנים קל קמח ו,גרמים,500.00,100 גרם,false,,13.90,0.0278,true,1,462412
7290006322838,false,לחם 100% קמח מלא 750 ג',מאפיית דוידוביץ ובני,IL,לחם 100% מלא דוידובי,גרמים,750.00,100 גרם,false,,14.90,0.0199,true,1,462637
7290006342072,false,גרעין דלעת קלוי ששון,דין שיווק,IL,גרעין לבן 200 גרם,גרמים,200.00,100 גרם,false,,9.90,0.0495,true,1,32634
7290006342447,false,גרעיני אבטיח ששון הק,דין שיווק,IL,גרעיני אבטיח 200 גר,גרמים,200.00,100 גרם,false,,12.90,0.0645,true,1,32635
7290006342645,false,טורטיה גדולה 840 גר' 12 יח,אלקטי קוראבייכיסיגיד,TR,טורטייה 840 גרם,גרמים,840.00,100 גרם,false,,14.90,0.0177,true,1,6139
7290006374738,false,קונפיטורה תות 340 ג' יד מרדכי,אף.סי תבליני בגליל ב,IL,קונפיטורת תות יד מור,גרמים,340.00,100 גרם,false,,11.90,0.0350,true,1,1352
7290006449955,false,מלפפון בייבי מארז,"מרינה פטריות הגליל בע""מ",IL,מלפפון בייבי,יח',1.00,יח',false,,9.90,9.9000,true,1,103939
7290006492432,false,גבינת מוצרלה בייבי 18% 300 ג' גד,מחלבות גד בעמ,IL,גד בייבי מוצרלה 150ג,גרמים,170.00,100 גרם,false,,14.90,0.0876,true,1,11094
7290006492616,false,גבינה בולגרית פרוסות 5% 250 ג' גד,DSH עבור מחלבות גד ב,IL,גד בולגרית פרוסות 5%,גרמים,250.00,100 גרם,false,,28.90,0.1156,true,1,11095
7290006492630,false,גליל גד עז 22% 180 גרם - רבנות,מחלבות גד בעמ,IL,גד גבינת גליל גד עזי,גרמים,180.00,100 גרם,false,,23.90,0.1328,true,1,11096
7290006492685,false,לאבנה עיזים 5% 250 גרם - רובין,מחלבות גד בעמ,IL,גד לאבנה עזים 3% 250,גרמים,250.00,100 גרם,false,,18.50,0.0740,true,1,11098
7290006492852,false,גבינת עיזים למריחה 5% שומן 250 ג' גד,קריות זול,IL,גד גבינת עיזים למריח,גרמים,250.00,100 גרם,false,,17.80,0.0712,true,1,11099
7290006492913,false,לאבנה ציזיקי למריחה 5% שומן 250 ג' גד,מחלבות גד בעמ,IL,לאבנה ציזיקי גד 250,גרמים,250.00,100 גרם,false,,14.30,0.0572,true,1,11100
7290006494924,false,מרמולייט וופל בטעם לימון 200 ג',קריות זול,,מרמולייט ופל בטעם לי,גרמים,180.00,100 גרם,false,,10.50,0.0583,true,1,6583
7290006511157,false,"פטריות שלמות ויליפוד 400 גרם בד""ץ",אוקצ'מפס אס.איי אויי,PL,פטריות שלמות שמפיניו,גרמים,230.00,100 גרם,false,,6.90,0.0300,true,1,5335
7290006511751,false,פטריות שמפניון חתוך ויליפוד 290X3 ג' בד”צ,לוטס,,פטריות חתוכות ויליפו,גרמים,870.00,100 גרם,false,,11.90,0.0137,true,1,3438
7290006556004,false,מלפפון מובחר ארוז,,,מלפפון מובחר ארוז,יח',1.00,יח',false,,6.90,6.9000,true,1,2843
7290006567048,false,קוסקוס ישראלי מפתול אסם 350ג',"מיוצר ע""י קוד יצרן K",IL,קוסקוס ישראלי בשקית,גרמים,350.00,100 גרם,false,,7.90,0.0226,true,1,13075
7290006618078,false,"אסטוניש מרסס ניקוי יסודי 750 מ""ל",אסטוניש Astonish,GB,אסטוניש מרסס ניקוי צ,מיליליטרים,750.00,"100 מ""ל",false,,11.90,0.0159,true,1,9500
7290006652027,false,במבה מארז 20 יח' *15ג' אסם,מיוצר עי קונדיטוריית,IL,במבה יום הולדת מאח.1,גרמים,300.00,100 גרם,false,,23.90,0.0797,true,1,13076
7290006653765,false,פסטה פרפקטו פטוציני 500ג' אסם,קריות זול,IT,פטוציני פרפקטו 500 ג,גרמים,500.00,100 גרם,false,,6.50,0.0130,true,1,13077
7290006653819,false,קוסקוס דק בשקית אסם,"מיוצר ע""י קוד יצרן K",IL,קוסקוס דק בשקית אסם,גרמים,350.00,100 גרם,false,,7.90,0.0226,true,1,13078
7290006664037,false,גמדים דגנים ארוחת בוקר מארז 100X4ג',"שטראוס בריאות בע""מ",IL,גמדים ארוחת בוקר 4*1,מיליליטרים,400.00,"100 מ""ל",false,,11.30,0.0283,true,1,15489
7290006664051,false,"אקטימל לבן מארז 100X14 מ""ל",מיוצר עי קונדיטוריית,IL,אקטימל טבעי 14*100מל,ארגז,1.40,ליטר,false,,29.90,21.3571,true,1,15490
7290006664310,false,גבינה לבנה 3% שומן 250 ג' שטראוס,מיוצר עי קונדיטוריית,IL,גבינה 3% סקי 250 גרם,גרמים,250.00,100 גרם,false,,4.90,0.0196,true,1,15491
7290006664402,false,גבינה 5% שומן 750 ג' שטראוס,מיוצר עי קונדיטוריית,IL,שטראוס גבינה 5% 750ג,גרמים,750.00,100 גרם,false,,13.50,0.0180,true,1,15492
7290006664532,false,יוגורט עם תות 3% שומן 150 ג' דנונה,מיוצר עי קונדיטוריית,IL,דנונה תות 3% 150מל,גרמים,150.00,100 גרם,false,,4.10,0.0273,true,1,15493
7290006664655,false,"אקטימל לבן טבעי מארז 100X8 מ""ל",מיוצר עי קונדיטוריית,IL,אקטימל טבעי 8*100מל,מיליליטרים,800.00,"100 מ""ל",false,,19.90,0.0249,true,1,15495
7290006664693,false,יוגורט עם אפרסק 3% שומן 150 ג' דנונה,מיוצר עי קונדיטוריית,IL,דנונה אפרסק 3% 150מל,גרמים,150.00,100 גרם,false,,4.10,0.0273,true,1,15496
7290006664990,false,דנונה ביו מארז חיסכון 1.5% 8 יח' *150 ג',מיוצר עי קונדיטוריית,IL,דנונה ביו מארז חיסכו,אלף,1.20,"ק""ג",false,,17.90,14.9167,true,1,15497
7290006704016,false,בזיליקום ארוז יחידה,,,בזיליקום ארוז יחידה,יח',1.00,יח',false,,5.90,5.9000,true,1,22703
7290006704047,false,רוזמרין,,,רוזמרין,יח',1.00,יח',false,,5.90,5.9000,true,1,25697
7290006704078,false,אורגנו,,,אורגנו,יח',1.00,יח',false,,5.90,5.9000,true,1,25698
7290006704092,false,מרווה יחידה,,,מרווה יחידה,יח',1.00,יח',false,,5.90,5.9000,true,1,25699
7290006704108,false,קורנית /טימין יח',,,קורנית /טימין יח',יח',1.00,יח',false,,5.90,5.9000,true,1,25700
7290006704511,false,"תפו""א גמדי אדום למיקרו מרינה 750ג'","מרינה פטריות הגליל בע""מ",IL,תפוא ננסי מיקרוגל,גרמים,750.00,100 גרם,false,,6.90,0.0092,true,1,22705
7290006704733,false,אספרגוס ארוז,מרינה,IL,אספרגוס ארוז,יח',1.00,יח',false,,31.90,31.9000,true,1,25702
7290006739346,false,נקניקיות פרגיות טרי 400 גרם זוגלובק,נקניק נהריה כשר זוגל,IL,נקניקיות פרגיות טרי,גרמים,400.00,100 גרם,false,,11.90,0.0298,true,1,24759
7290006739407,false,שניצל תירס לייט 630 ג' זוגלובק,נקניק נהריה כשר זוגל,IL,שניצל תירס לייט 630,גרמים,600.00,100 גרם,false,,21.90,0.0365,true,1,805
7290006739414,false,סלמי קוניאק 300 ג' זוגלובק,נקניק נהריה כשר זוגל,IL,סלמי קוניאק זוגלובק,גרמים,300.00,100 גרם,false,,26.90,0.0897,true,1,24760
7290006739421,false,סלמי מעושן איטלקי 300 ג' זוגלובק,נקניק נהריה כשר זוגל,IL,סלמי מעושן איטלקי ז,גרמים,300.00,100 גרם,false,,26.90,0.0897,true,1,24761
7290006739445,false,שניצל תירס קלאסי 750 ג' זוגלובק,נקניק נהריה כשר זוגל,IL,שניצל תירס קלאסי 750,גרמים,750.00,100 גרם,false,,21.90,0.0292,true,1,806
7290006739544,false,כתף בקר 300 ג' זוגלובק,זוגלובק,IL,כתף בקר זוגלובק 300,גרמים,300.00,100 גרם,false,,29.90,0.0997,true,1,24762
7290006741363,false,"בורקס תפו""א זוגלובק בד""צ 800ג'",מאפיית אריאל וגידרון,IL,"זוגלובק בורקס תפו""א",גרמים,800.00,100 גרם,false,,13.90,0.0174,true,1,24764
7290006742278,false,פסטרמה הודו צלויה על לבנים 330 ג' זוגלובק,נקניק נהריה כשר זוגל,IL,פסטרממיה צלויה על לב,גרמים,330.00,100 גרם,false,,27.90,0.0845,true,1,24765
7290006742292,false,פסטרמה הודו בדבש 330 ג' זוגלובק,נקניק נהריה כשר זוגל,IL,פסטרממיה בדבש 1% 330,גרמים,330.00,100 גרם,false,,27.90,0.0845,true,1,24766
7290006742315,false,פסטרמה חזה הודו ברביקיו זוגלובק 330 ג',נקניק נהריה כשר זוגל,IL,חזה הודו ברביקיו 1%,גרמים,330.00,100 גרם,false,,27.90,0.0845,true,1,24767
7290006764065,false,"בירה נשר מאלט בקבוק חוזר 500 מ""ל","טמפו משקאות בע""ם.",IL,נשר מאלט בקבוק פקדון,מיליליטרים,500.00,"100 מ""ל",false,,4.90,0.0098,true,1,8604
7290006764478,false,בירה שחורה מאלט בקבו,"טמפו משקאות בע""מ",IL,נשר מאלט 330מל,מיליליטרים,330.00,"100 מ""ל",false,,5.30,0.0161,true,1,8612
7290006764737,false,"בירה נשר מאלט דיאט 500 מ""ל חוזר","טמפו משקאות בע""ם.",IL,נשר מאלט דיאט בקבוק,מיליליטרים,500.00,"100 מ""ל",false,,4.90,0.0098,true,1,8616
7290006765000,false,טורטיות חיטה מלאה 8יח 540 ג',אלקטי קוראבייכיסיגיד,TR,8 טורטיות חיטה מלאה,גרמים,540.00,100 גרם,false,,9.90,0.0183,true,1,6141
7290006775016,false,עוגה מבית טוב 450 גרם תפוז,אחדות ביחר לטחינה חל,IL,עוגת תפוז מבית טוב 4,גרמים,450.00,100 גרם,false,,10.90,0.0242,true,1,4001
7290006784360,false,חלונית לניקוי והברקה 1ל-סנט מוריץ,קומפלקס כימיקלים,IL,סנט מוריץ חלונית 1 ל,ארגז,1.00,ליטר,false,,6.90,6.9000,true,1,13881
7290006784865,false,סנט מוריץ לניקוי משטחי מטבחים מרוכז ועוצמתי 1ל',קומפלקס כימיקלים,IL,ניקוי משטחי מטבח סנט,ארגז,1.00,ליטר,false,,11.90,11.9000,true,1,13882
7290006789648,false,"קרליין קרם לחות לשיער יבש 400 מ""ל",אמיליה קוסמטיקס,IL,קרם לחות לשיער יבש ק,מיליליטרים,400.00,"100 מ""ל",false,,14.90,0.0373,true,1,19277
7290006789655,false,"קרליין קרם לחות לבניית תלתלים 400 מ""ל",מיוצר עי : אמיליה קו,IL,קרם לחות לבניית תלתל,מיליליטרים,400.00,"100 מ""ל",false,,14.90,0.0373,true,1,19278
7290006822192,false,מיץ חמוציות דיאט אושן ספריי 1 ליטר,מבשלות בירה בינלאומי,IL,אושן ספרי דיאט חמוצי,ארגז,1.00,ליטר,false,,11.90,11.9000,true,1,7347
7290006855404,false,"ברבריא בייטס תמר מג'הול עם קשיו, שקדים ופיסטוק",ברבריא Barbary,,ברבריא BITES חטיף תמ,גרמים,55.00,100 גרם,false,,6.90,0.1255,true,1,141616
7290006855428,false,חטיף תמר לוז קשיו ושברי פולי קקאו ברבריא בייטס 55 ג',BARBARY,,ברבריא BITES חטיף תמ,גרמים,55.00,100 גרם,false,,6.90,0.1255,true,1,141617
7290006908377,false,שקד טבעי חממה 150 גר,בוטנת,,שקד טבעי 150 גר` פיצ,גרמים,150.00,100 גרם,false,,13.90,0.0927,true,1,4337
7290006908384,false,פיסטוק חלבי חממה 150,בוטנת,,פיסטוק חלבי 150 גרם,גרמים,150.00,100 גרם,false,,17.90,0.1193,true,1,4338
7290006908414,false,גרעיני חמניה 400 גר,,,חמנייה 400 גרם,גרמים,400.00,100 גרם,false,,10.90,0.0273,true,1,4340
7290006983152,false,קרוטונים מתובלים למרק 400 ג' אסם,עינת תעשיות מזון,IL,קרוטונים מתובלים אסם,גרמים,400.00,100 גרם,false,,17.90,0.0447,true,1,13080
7290006983176,false,אוסם - לחמית שיפון 250 גרם,"אסם השקעות בע""מ",IL,לחמית שיפון אסם 250,גרמים,230.00,100 גרם,false,,7.90,0.0343,true,1,13081
7290006983763,false,עוגת הבית שוקולד 400 גרם אסם.,מיוצר עי קונדיטוריית,IL,עוגת הבית שוקולד 400,גרמים,400.00,100 גרם,false,,11.90,0.0298,true,1,13084
7290006983770,false,עוגת הבית שיש 400 ג' אסם,מיוצר עי קונדיטוריית,IL,עוגת הבית שיש 400גר,גרמים,400.00,100 גרם,false,,11.90,0.0298,true,1,13085
7290006983787,false,עוגת הבית שוקוציפס 400 גרם אסם,מיוצר עי קונדיטוריית,IL,עוגת הבית שוקוציפס 4,גרמים,400.00,100 גרם,false,,11.90,0.0298,true,1,13086
7290006983794,false,עוגת הבית תפוז 400 ג' אסם,מיוצר עי קונדיטוריית,IL,עוגת הבית תפוז 400גר,גרמים,400.00,100 גרם,false,,11.90,0.0298,true,1,13087
7290006992161,false,מטרנה - דייסת קורנפלור פרוביוטי 200 גרם,מולינו ניקולי s.p.a,IL,מטרנה דייסת קורנפלור,גרמים,200.00,100 גרם,false,,13.50,0.0675,true,1,13089
7290006992208,false,מטרנה - דייסת דגנים מעורבים 200 גרם,מטרנה תעשיות ש.מ,IL,מטרנה דייסת דגנים פר,גרמים,200.00,100 גרם,false,,13.50,0.0675,true,1,13092
7290008101318,false,קריספ פירורי לחם זהוב 300 גרם,,,פירורי לחם זהוב קלאס,גרמים,300.00,100 גרם,false,,6.90,0.0230,true,1,355563
7290008101356,false,פאנקו זהוב 300 ג' קריספ,,,פירורי לחם פנקו זהוב,גרמים,300.00,100 גרם,false,,9.90,0.0330,true,1,372980
7290008102469,false,פירורי לחם זהוב 800 ג' קריספ,,,פירורי לחם זהוב קלאס,גרמים,800.00,100 גרם,false,,12.90,0.0161,true,1,355606
7290008104050,false,"פמינה - שטיפה אינטימית קלאסית 220 מ""ל",כצט נוביס סעמ,IL,סבון שטיפה אינטימית,מיליליטרים,220.00,"100 מ""ל",false,,23.90,0.1086,true,1,5685
7290008116534,false,"מי פה ליסטרין קול מינט 250 מ""ל",,,קולמינט מי פה ליסטרי,מיליליטרים,250.00,"100 מ""ל",false,,17.90,0.0716,true,1,18896
7290008116565,false,מי פה ליסטרין פרש בר,ג'ונסון אנד ג'ונסון,IT,מי פה פרש ליסטרין 50,מיליליטרים,500.00,"100 מ""ל",false,,22.90,0.0458,true,1,18899
7290008154222,false,שניצלונים עוף טוב 700 גרם,מולינו ניקולי s.p.a,IL,שניצלונים עוף טוב 70,גרמים,700.00,100 גרם,false,,19.90,0.0284,true,1,13653
7290008175210,false,גבינת פרמזן מגורדת 90ג' ויליפוד,זנטי אס.איי.,IT,וילי פוד פרמזן מגורד,גרמים,90.00,100 גרם,false,,14.80,0.1644,true,1,5338
7290008175814,false,וילי פוד פטריות שמפיניון חתוך בדץ 400ג,"אוקצ'מפ אס, איי אויי",PL,פטריות חתוכות שמפיני,גרמים,400.00,100 גרם,false,,4.90,0.0123,true,1,5340
7290008268288,true,מארז תפוח קריפס פינק,,,מארז תפוח קריפס פינק,גרמים,900.00,100 גרם,false,,12.90,0.0143,true,1,476365
7290008268301,false,אוכמניות יחידה,מרינה,IL,אוכמניות,גרמים,120.00,100 גרם,false,,14.90,0.1242,true,1,29472
7290008268455,false,קיווי ישראלי בראשית,חקלאי,IL,קיווי ארוז בראשית,יח',1.00,יח',false,,11.90,11.9000,true,1,166663
7290008300308,false,45 מפת שולחן ניילון,,,45 מפת שולחן ניילון,אין,0.00,יחידה,false,,35.90,0.0000,true,1,183509
7290008300605,false,90*75 'שקיות אשפה 50,,,90*75 'שקיות אשפה 50,אין,0.00,יחידה,false,,9.90,0.0000,true,1,183513
7290008300629,false,שקיות אוכל בקופסא של,,,שקיות אוכל בקופסא של,אין,0.00,יחידה,false,,11.90,0.0000,true,1,26710
7290008333115,false,אבקת ג'לטין טהור נטו 28 גרם,ג'ליק פיניור,,.ג'לטין טהור 28 גר,גרמים,28.00,100 גרם,false,,9.90,0.3536,true,1,12207
7290008343466,false,בצק פילו 500 ג' שלושת האופים,כלורוקס אוקלנד,IL,בצק פילו 500 גרם,גרמים,500.00,100 גרם,false,,19.90,0.0398,true,1,12210
7290008343558,false,"סיגרים בשר שלושת האופים 1 ק""ג",שלושת האופים,IL,סיגרים בשר 1 ק`ג שלו,אלף,1.00,"ק""ג",false,,16.90,16.9000,true,1,461544
7290008343565,false,"סיגרים תפו""א 1 ק""ג שלושת האופים",שלושת האופים,IL,סיגרים תפו`א 1 ק`ג ש,אלף,1.00,"ק""ג",false,,16.90,16.9000,true,1,461528
7290008343602,false,"קובה בשר 1 ק""ג שלושת האופים",שלושת האופים,IL,קובה בשר 1 ק`ג שלושת,אלף,1.00,"ק""ג",false,,16.90,16.9000,true,1,461559
7290008343619,false,"פסטלים תפו""א שלושת האופים 1 ק""ג",שלושת האופים,IL,פסטלים תפו`א שלושת ה,אלף,1.00,"ק""ג",false,,16.90,16.9000,true,1,461529
7290008343626,false,"כדורי פלאפל 1 ק""ג שלושת האופים",שלושת האופים,IL,כדורי פלאפל 1 ק`ג של,אלף,1.00,"ק""ג",false,,19.90,19.9000,true,1,471538
7290008344258,false,המבורגר מזרחי 400 גר,"טיבון ויל אחזקות בע""",IL,המבורגר מזרחי 400 ג',גרמים,400.00,100 גרם,false,,16.90,0.0422,true,1,12212
7290008344272,false,המבורגר 100% 400 ג' טיבון ויל,טיבון ויל אחזקות בעמ,IL,המבורגר 100% 400 ג'-,גרמים,400.00,100 גרם,false,,16.90,0.0422,true,1,12213
7290008345583,false,"סלט איקרה ורודה, 300 גרם דלידג",כלורוקס אוקלנד,IL,300 איקרה ביתית ורוד,גרמים,300.00,100 גרם,false,,19.90,0.0663,true,1,12216
7290008347211,false,אצבעות דג מצופות נטו,אף.סי תבליני בגליל ב,IL,דלידג אצבעות דג 700,גרמים,700.00,100 גרם,false,,19.90,0.0284,true,1,12217
7290008409100,false,אצבעות שניצל ציפוי שומשום 700 ג' מאמא עוף,תנובה גליל שותפות מו,IL,אצבעות שניצל ציפוי ש,גרמים,700.00,100 גרם,false,,30.90,0.0441,true,1,16553
7290008409124,false,מאמא עוף קפוא שניצל ג'ונגל פריך 700 גרם,תנובה גליל שותפות מו,IL,מאמא עוף קפוא שניצל,גרמים,700.00,100 גרם,false,,30.90,0.0441,true,1,16554
7290008409216,false,מאמא עוף קפוא שניצל דק פריך 700 גרם,תנובה גליל,IL,מאמא עוף קפוא שניצל,גרמים,700.00,100 גרם,false,,35.90,0.0513,true,1,16555
7290008409223,false,שניצל דק מתובל מאמא עוף 700 ג',תנובה גליל שותפות מו,IL,שניצל דק מתובל מאמא,גרמים,700.00,100 גרם,false,,35.90,0.0513,true,1,16556
7290008409315,false,מיני מיני דק שניצלונים בציפוי פריך מאמא עוף 500 ג',תנובה גליל,IL,מאמא עוף מיני דק שני,גרמים,500.00,100 גרם,false,,24.90,0.0498,true,1,16557
7290008409407,false,שניצל דק ציפס מאמא עוף 700 ג',תנובה גליל שותפות מו,IL,מאמא עוף שניצל דק צי,גרמים,700.00,100 גרם,false,,35.90,0.0513,true,1,16559
7290008409551,false,שניצל עוף אמיתי בציפוי מעודן 700 ג' מאמא עוף,תנובה גליל שותפות מו,IL,שניצל עוף אמיתי בציפ,גרמים,700.00,100 גרם,false,,29.90,0.0427,true,1,16563
7290008409568,false,שניצל ציפס אמיתי מאמא עוף 700 ג',תנובה גליל שותפות מו,IL,שניצל ציפס אמיתי מאמ,גרמים,700.00,100 גרם,false,,29.90,0.0427,true,1,16564
7290008409582,false,שניצל אמיתי בציפוי ביתי מאמא עוף 700 ג',תנובה גליל שותפות מו,IL,שניצל אמיתי בציפוי ב,גרמים,700.00,100 גרם,false,,29.90,0.0427,true,1,16565
7290008409605,false,כוכבי עוף מאמא עוף 700 גר',תנובה גליל שותפות מו,IL,כוכבי עוף בציפוי מעו,גרמים,700.00,100 גרם,false,,30.90,0.0441,true,1,16566
7290008409773,false,קציצות עוף ביתיות מאמא עוף 700 ג',תנובה גליל שותפות מו,IL,מאמא עוף קפוא קציצות,גרמים,700.00,100 גרם,false,,28.90,0.0413,true,1,16569
7290008415514,false,חומוס צבר עם חריף עגול 150ג',סלטי צבר,IL,צבר סלט חומוס עם חרי,גרמים,150.00,100 גרם,false,,4.90,0.0327,true,1,13656
7290008443616,false,"מרכך לשיער יבש אדום 750 מ""ל נקה 7",אמיליה קוסמטיקס בעמ,IL,מרכך לשיער יבש אדום,מיליליטרים,750.00,"100 מ""ל",false,,11.90,0.0159,true,1,19281
7290008443630,false,"נקה 7 - שמפו מתולתל סגול 750 מ""ל",טרופיקל דגיל תעשיות,IL,שמפו מתולתל סגול נקה,מיליליטרים,750.00,"100 מ""ל",false,,11.90,0.0159,true,1,19282
7290008443647,false,"מרכך לשיער מתולתל סגול, 750 מ""ל נקה 7",אמיליה קוסמטיקס בעמ,IL,מרכך לשיער מתולתל סג,מיליליטרים,750.00,"100 מ""ל",false,,11.90,0.0159,true,1,19283
7290008461221,false,סרדין רוברט בשמן חמניות 115 ג',"רמירז, מטוסינוס",PT,סרדינים רוברט שמן חמ,גרמים,115.00,100 גרם,false,,6.90,0.0600,true,1,127204
7290008461238,false,סרדין רוברט בשמן חמניות ופלפל חריף 115 ג',"רמירז, מטוסינוס",PT,סרדינים רוברט בשמן ח,גרמים,115.00,100 גרם,false,,6.90,0.0600,true,1,127205
7290008464024,false,בירה גולדסטאר לא מסונן פחית 500 מל,"טמפו משקאות בע""מ",IL,גולדסטאר לא מסונן פח,מיליליטרים,500.00,"100 מ""ל",false,,8.90,0.0178,true,1,8623
7290008464130,false,"בירה גולדסטאר לא מסונן 330X6מ""ל",טמפו,IL,גולדסטאר לא מסונן 6*,ארגז,1.98,ליטר,false,,36.90,18.6364,true,1,8625
7290008464222,false,"בירה מכבי 7.9% פחית 500 מ""ל","טמפו משקאות בע""מ",IL,מכבי 7.9 פחית 500 מל,מיליליטרים,500.00,"100 מ""ל",false,,7.90,0.0158,true,1,8626
7290008464338,false,"בירה מכבי בקבוק ח""פ 330 מ""ל",בירה מכבי,IL,"מכבי בקבוק ח""פ 330מ""",מיליליטרים,330.00,"100 מ""ל",false,,8.10,0.0245,true,1,8630
7290008464345,false,"בירה גולדסטאר בקבוק 330 מ""ל",טמפו משקאות בע''מ,IL,"גולדסטאר בירה ח""פ 33",אין,330.00,יחידה,false,,8.70,0.0264,true,1,8631
7290008464468,false,"בירה גולדסטאר פחית 500 מ""ל","טמפו משקות בע""מ",IL,"גולדסטאר פחית 500מ""ל",מיליליטרים,500.00,"100 מ""ל",false,,7.90,0.0158,true,1,8633
7290008464475,false,"בירה מכבי פחית 500 מ""ל","טמפו משקאות בע""מ",IL,"מכבי פחית 500מ""ל",מיליליטרים,500.00,"100 מ""ל",false,,6.90,0.0138,true,1,8634
7290008464505,false,סאן בנדטו בקבוק פלסטיק 500מל,אקווה מינרלה סאן בנד,IT,סן בנדטו 0.5ל. מים מ,מיליליטרים,500.00,"100 מ""ל",false,,3.50,0.0070,true,1,8636
7290008464604,false,"בירה היינקן פחית 500מ""ל",טמפו משקאות בע''מ,NL,הייניקן בירה פח 500מ,מיליליטרים,500.00,"100 מ""ל",false,,12.50,0.0250,true,1,8638
7290008464611,false,"סודה טמפו בקבוק זכוכית 275 מ""ל",טמפו משקאות בעמ,IL,"מי סודה טמפו 275 מ""ל",מיליליטרים,275.00,"100 מ""ל",false,,3.50,0.0127,true,1,8639
7290008464673,false,"בירה גולדסטאר SLOWBREW פחית 10%, 500 מ""ל","טמפו משקאות בע""מ",IL,גולדסטאר SLOWBREW 10,מיליליטרים,500.00,"100 מ""ל",false,,8.90,0.0178,true,1,8640
7290008464703,false,"שישיית בירה מכבי 6 *330מ""ל",טמפו,,בירה מכבי מארז 6 *33,ארגז,1.98,ליטר,false,,34.90,17.6263,true,1,8642
7290008464734,false,"בירה גולדסטאר SLOW BREW מארז 330X6מ""ל",טמפו משקאות בע''מ,IL,גולדסטאר SLOW BREW 3,ארגז,1.98,ליטר,false,,35.90,18.1313,true,1,8643
7290008464741,false,"בירה גולדסטאר בק' מארז 330X6מ""ל",קריות זול,IL,"גולדסטאר ח""פ בקבוק 6",ארגז,1.98,ליטר,false,,37.90,19.1414,true,1,8644
7290008464796,false,"בירה היינקין ח""פ בקבוק 330X6מ""ל",קריות זול,IL,"הייניקן בקבוק ח""פ 6*",ארגז,1.98,ליטר,false,,38.90,19.6465,true,1,8645
7290008466639,false,רוגלך ירושלמי ברליס,,,רוגלך ירושלמי ברליס,גרמים,300.00,100 גרם,false,,19.90,0.0663,true,1,237337
7290008470766,false,מסטיק אורביט סטיקס פפרמינט שמינייה,ריגלי,FR,אורביט סטיקס בטעם פפ,אין,0.00,יחידה,false,,14.00,0.0000,true,1,14176
7290008634045,false,"פלסטר שקוף 30 יחידות ""SUNNY PLASTER""",,,סאני פלסטר שקוף 30י,אין,0.00,יחידה,false,,6.90,0.0000,true,1,410525
7290008634663,false,בקבוק גדול-שלישיה במבצע,,,שלישיית בקבוקים גדול,אין,0.00,יחידה,false,,16.90,0.0000,true,1,4086
7290008636339,false,שבבי תפוחי אדמה 400גרם,מיה תעשיות מזון,IL,מחית תפוחי אדמה פירה,גרמים,400.00,100 גרם,false,,10.00,0.0250,true,1,11306
7290008636926,false,קקאו הולנדי 500גרם מיה,מיה תעשיות מזון,IL,קקאו הולנדי 500גר. ב,גרמים,500.00,100 גרם,false,,16.90,0.0338,true,1,11311
7290008636933,false,אגוזי מלך גרוסים 100 גר' מיה,מיה תעשיות מזון,IL,אגוז מלך גרוסים 100,גרמים,100.00,100 גרם,false,,10.90,0.1090,true,1,11312
7290008644112,false,סלט מטבוחה יום יום אחלה 125 ג',"שטראוס גרופ בע""מ",IL,אחלה מטבוחה 125ג,גרמים,125.00,100 גרם,false,,4.90,0.0392,true,1,15499
7290008644235,false,עלי בייבי טעם הטבע 1,שטראוס בריאות ירקות,IL,עלי בייבי 120 ג ירקו,גרמים,120.00,100 גרם,false,,10.50,0.0875,true,1,15500
7290008644945,false,סלט המושבה שטופים שט,שטראוס בריאות ירקות,IL,סלט המושבה 450 ג ירק,גרמים,450.00,100 גרם,false,,11.50,0.0256,true,1,15502
7290008670012,false,"יין רקאנטי קברנה סוביניון 2019 750 מ""ל",תות ממתקי איכות,IL,רקנאטי קברנה סובניו,מיליליטרים,750.00,"100 מ""ל",false,,54.90,0.0732,true,1,25753
7290008670029,false,"יין רקאנטי מרלו 2018 750 מ""ל",תות ממתקי איכות,IL,רקנאטי מרלו 750מל,מיליליטרים,750.00,"100 מ""ל",false,,54.90,0.0732,true,1,25754
7290008670159,false,יין רקנאטי יסמין לבן,"יקבי רקנאטי בע""מ",IL,רקנאטי יסמין לבן 750,מיליליטרים,750.00,"100 מ""ל",false,,37.90,0.0505,true,1,25756
7290008670210,false,יין רקנאטי שירז 750מ,תות ממתקי איכות,IL,"רקנאטי שירז 750 מ""ל",ליטרים,750.00,100 ליטר,false,,54.90,0.0732,true,1,25757
7290008690713,false,פריגת אושן ספריי חמוציות 1ל',מבשלות בירה בינלאומי,IL,אושן ספרי חמוציות 1ל,ארגז,1.00,ליטר,false,,11.90,11.9000,true,1,7362
7290008693134,false,מעדן גבינה ויוגורט בטעם תות 5% שומן 88 ג' דניאלה,"שטראוס בריאות בע""מ",IL,דניאלה תות מעדן גבינ,מיליליטרים,150.00,"100 מ""ל",false,,4.10,0.0273,true,1,15504
7290008713900,false,לחם שיפון עגול 750 ג' אנג'ל,מאפיית אנג'ל אורנים,IL,לחם שיפון עגול אנגל,גרמים,750.00,100 גרם,false,,13.90,0.0185,true,1,22639
7290008713917,false,לחם שיפון כהה 750 ג' אנג'ל,מאפית אורנים,IL,לחם שיפון כהה אנגל 7,גרמים,750.00,100 גרם,false,,13.90,0.0185,true,1,22640
7290008745239,false,תפוצ'יפס אקסטרא טבעי 50 ג',"שטראוס פריטו ליי בע""",IL,תפוציפס קראנץ טבעי 5,גרמים,50.00,100 גרם,false,,3.90,0.0780,true,1,15895
7290008747547,false,תפוצ'יפס אקסטרא 200גר טבעי,"שטראוס פריטו ליי בע""",IL,תפוציפס קראנץ טבעי 2,גרמים,200.00,100 גרם,false,,10.90,0.0545,true,1,15896
7290008750264,false,גומי מאסט בטעם דובדבן 28 ג' עלית,"שטראוס גרופ בע""מ",IL,מאסט דובדבן 28ג,גרמים,28.00,100 גרם,false,,4.50,0.1607,true,1,1099
7290008752244,false,תפוצ'יפס אקסטרא גריל 50 גרם,"שטראוס פריטו ליי בע""",IL,תפוציפס קראנץ גריל 5,גרמים,50.00,100 גרם,false,,3.90,0.0780,true,1,15897
7290008753111,false,תפוציפס קראנץ מקסיקנ,"שטראוס פריטו ליי בע""",IL,תפוציפס מקסיקני 50גר,גרמים,50.00,100 גרם,false,,3.90,0.0780,true,1,15898
7290008754040,false,ממרח פרה שוקולד 850 גר - מגדים,STRAUSS-ISRAEL,IL,ממרח פרה שוקולד 850,גרמים,850.00,100 גרם,false,,14.90,0.0175,true,1,14968
7290008754415,false,גומי מאסט בטעם ספירמינט עדין פליפטופ 28 ג' עלית,"שטראוס גרופ בע""מ",IL,מאסט מנטה עדין 28 גר,גרמים,28.00,100 גרם,false,,4.50,0.1607,true,1,1100
7290008757072,false,"שוויפס תות פחית 330 מ""ל",,,שוופס פחית תות 330 מ,מיליליטרים,330.00,"100 מ""ל",false,,4.50,0.0136,true,1,9661
7290008775816,false,ערגליות שוקו חדש12*300גרם 2020,מיוצר עי קונדיטוריית,IL,ערגליות שוקולד 300 ג,גרמים,300.00,100 גרם,false,,9.90,0.0330,true,1,13094
7290008775823,false,ערגליות תות חדש12*300גרם 2020,מיוצר עי קונדיטוריית,IL,ערגליות תות שדה 300,גרמים,300.00,100 גרם,false,,9.90,0.0330,true,1,13095
7290008792257,false,מפיות נייר מפיון טאצ,"שניב תעשיות נייר בע""",,מפיות נייר מפיון טאצ,אין,0.00,יחידה,false,,3.90,0.0000,true,1,16009
7290008792264,false,מפיות טישיו טאצ' 100יח',"שניב תעשיות נייר בע""",,מפיות טאצ' 100,אין,0.00,יחידה,false,,4.90,0.0000,true,1,16010
7290008801010,false,"יין קברנה סוביניון מרלו פרייוט קולקשן 750 מ""ל",אגודת הכורמים הקאופו,IL,יין P.C קברנה סובי,מיליליטרים,750.00,"100 מ""ל",false,,39.90,0.0532,true,1,3928
7290008801157,false,מרלו סלקטד כרמל מזרחי 750 מל,קריות זול,IL,יין סלקטד מרלו 750 מ,מיליליטרים,750.00,"100 מ""ל",false,,29.90,0.0399,true,1,3931
7290008801478,false,יין טופז זהב אדום מת,קריות זול,,"טופז זהב 750 מ""ל",מיליליטרים,750.00,"100 מ""ל",false,,20.90,0.0279,true,1,3932
7290008801522,false,"יין קינג דיויד קונקורד אדום 750 מ""ל",אגודת הכורמים הקואופ,IL,יין קונקורד קינג דיו,מיליליטרים,750.00,"100 מ""ל",false,,21.90,0.0292,true,1,3933
7290008801546,false,"יין מוסקט קינג דויד 750 מ""ל",אגודת הכורמים הקואופ,IL,יין קונקורד קינג דיו,מיליליטרים,750.00,"100 מ""ל",false,,21.90,0.0292,true,1,3935
7290008801843,false,"יין סלקטד קברנה סובניון 750מ""ל","כד בני דרום בע""מ",IL,יין סלקטד קברנה סובנ,מיליליטרים,750.00,"100 מ""ל",false,,29.90,0.0399,true,1,3936
7290008801850,false,"יין סלקטד אמרלד ריזלינג 750מ""ל",אגודת הכורמים הקואופ,IL,יין סלקטד אמרלד ריזל,מיליליטרים,750.00,"100 מ""ל",false,,29.90,0.0399,true,1,3937
7290008802291,false,"יין מרלו פרייוט קולקשן 750 מ""ל",אגודת הכורמים הקואופ,IL,"יין P.C מרלו 750מ""",מיליליטרים,750.00,"100 מ""ל",false,,39.90,0.0532,true,1,3938
7290008802512,false,"יין וינו אדום יבש 750 מ""ל","כד בני דרום בע""מ",IL,יין וינו אדום יבש,מיליליטרים,750.00,"100 מ""ל",false,,21.90,0.0292,true,1,3939
7290008802529,false,"יין לבן חצי יבש וינו 750 מ""ל",קריות זול,IL,יין וינו לבן יבש,מיליליטרים,750.00,"100 מ""ל",false,,21.90,0.0292,true,1,3940
7290008802895,false,יין קברנה סוביניון פרייוט קולקשן,אגודת הכורמים הקאופו,IL,יין P.C קברנה סובי,מיליליטרים,750.00,"100 מ""ל",false,,39.90,0.0532,true,1,3941
7290008803090,false,"יין מרלו קולקשיין הסדרה האזורית כרמל 750 מ""ל",אגודת הכורמים הקואופ,IL,מרלו סדרה אזורית,מיליליטרים,750.00,"100 מ""ל",false,,59.90,0.0799,true,1,3943
7290008804189,false,יין קברנה סוביניון הסדרה האזורית גליל עליון,אגודת הכורמים הקואופ,IL,קברנה סוביניון סדרה,מיליליטרים,750.00,"100 מ""ל",false,,59.90,0.0799,true,1,3944
7290008804745,false,יין האזורית גוורצטרמ,אגודת הכורמים הקואופ,IL,גוורצטרמינר סדרה אזו,מיליליטרים,750.00,"100 מ""ל",false,,59.90,0.0799,true,1,3949
7290008805049,false,סלקטד זינפנדל כרמל מזרחי 750 מל,"כד בני דרום בע""מ",IL,יין סלקטד רוזה כרמל,מיליליטרים,750.00,"100 מ""ל",false,,29.90,0.0399,true,1,3950
7290008805384,false,"יין סלקטד מוסקטו 750מ""ל",אגודת הכורמים הקואופ,IL,יין סלקטד מוסקטו 750,מיליליטרים,750.00,"100 מ""ל",false,,29.90,0.0399,true,1,3951
7290008805520,false,"יין סלקטד קברנה מרלו 750מ""ל","כד בני דרום בע""מ",IL,יין סלקטד קברנה סובנ,מיליליטרים,750.00,"100 מ""ל",false,,29.90,0.0399,true,1,3952
7290008805964,false,"יין קברנה שיראז אזורית 750 מ""ל",אגודת הכורמים הקואופ,IL,קברנה/שיראז סדרה אזו,מיליליטרים,750.00,"100 מ""ל",false,,59.90,0.0799,true,1,3953
7290008806985,false,נישנושים גלידה שוקו וניל בציפוי שוקולד 60 יח' קרמיסימו,שטראוס גלידות,IL,קרמיסימו נישנושים ש.,גרמים,630.00,100 גרם,false,,49.90,0.0792,true,1,5940
7290008830676,false,מובחרים מן הטבע,דין שיווק,IL,"פריט מבצע 5 ש""ח",אין,0.00,יחידה,false,,5.00,0.0000,true,1,20539
7290008830690,false,מובחרים מן הטבע,דין שיווק,IL,"פריט מבצע 10 ש""ח.",אין,0.00,יחידה,false,,10.00,0.0000,true,1,20540
7290008849470,false,ממרחפלפל צומה 185 ג' אוליביה,אוליביה גורמה בעמ,IL,אוליביה ממרח פלפל צו,גרמים,185.00,100 גרם,false,,12.90,0.0697,true,1,32195
7290008849753,false,רוטב טריאקי עשיר אוליביה 300 מל,מיוצר עי קונדיטוריית,IL,רוטב טריאקי עשיר אול,מיליליטרים,300.00,"100 מ""ל",false,,13.50,0.0450,true,1,32198
7290008849777,false,רוטב צילי מתוק אוליביה 350 ג',קריות זול,IL,אוליביה רוטב צילי מת,גרמים,350.00,100 גרם,false,,13.50,0.0386,true,1,32199
7290008909761,false,"קרלסברג בקבוק יחיד 330מ""ל",מבשלות בירה בינלאומי,IL,קרלסברג בקבוק יחיד 3,מיליליטרים,330.00,"100 מ""ל",false,,6.90,0.0209,true,1,7373
7290008909853,false,קוקה קולה זירו בקבוק 500מל,החברה המרכזית לייצור,IL,קוקה קולה זירו 500 מ,מיליליטרים,500.00,"100 מ""ל",false,,6.90,0.0138,true,1,7376
7290008909860,false,קוקה קולה זירו בקבוק 1.5ל,קוקה קולה,,קוקה קולה זירו בקבוק,ארגז,1.50,ליטר,false,,8.00,5.3333,true,1,7377
7290009018004,false,פיקדון בקבוק/פחית בו,Unknown,,פיקדון בקבוק/פחית בו,אין,0.00,יחידה,false,,0.30,0.0000,true,1,773
7290009018011,false,פיקדון בקבוק/פחיות ש,,,פיקדון בקבוק/פחיות ש,אין,0.00,יחידה,false,,1.80,0.0000,true,1,3704
7290009018264,false,פיקדון בקבוק/פחית רב,,,פיקדון בקבוק/פחית רב,אין,0.00,יחידה,false,,1.20,0.0000,true,1,3712
7290009023480,false,פיקדון בקבוק 12 יח,,,פיקדון בקבוק 12 יח,אין,0.00,יחידה,false,,3.60,0.0000,true,1,29990
7290009174397,false,כריך עובד מגה,,,כריך עובד מגה,אין,0.00,יחידה,false,,1.50,0.0000,true,1,29125
7290009400108,false,סל נשיאה רב פעמי - מ,,,סל נשיאה רב פעמי - מ,אין,0.00,יחידה,false,,3.90,0.0000,true,1,127683
7290010002030,false,מימון כמון במיכל 100,א.ל ייצור ושיווק תבל,IL,מימון כמון במיכל 100,גרמים,100.00,100 גרם,false,,11.90,0.1190,true,1,3841
7290010002061,false,פלפל לבן טחון 100 גרם,,,מימון פלפל לבן טחון,גרמים,100.00,100 גרם,false,,17.50,0.1750,true,1,3842
7290010002078,false,מימון פלפל שחור טחון,א.ל ייצור ושיווק תבל,IL,מימון פלפל שחור טחון,גרמים,100.00,100 גרם,false,,14.50,0.1450,true,1,3843
7290010002092,false,מימון פלפל שחור גרוס,,,מימון פלפל שחור גרוס,גרמים,90.00,100 גרם,false,,14.50,0.1611,true,1,3844
7290010002108,false,מימון פלפל שחור גרוס,א.ל ייצור ושיווק תבל,IL,מימון פלפל שחור גרוס,גרמים,90.00,100 גרם,false,,14.50,0.1611,true,1,3845
7290010002122,false,פפריקה הונגרית מתוקה,א.ל ייצור ושיווק תבל,IL,מימון פפריקה הונגרית,גרמים,100.00,100 גרם,false,,11.90,0.1190,true,1,3846
7290010002139,false,מימון פפריקה הונגרית,,,מימון פפריקה הונגרית,גרמים,100.00,100 גרם,false,,11.90,0.1190,true,1,3847
7290010002153,false,פפריקה מרוקאית חריפה,א.ל ייצור ושיווק תבל,IL,מימון פפריקה מרוקאית,גרמים,100.00,100 גרם,false,,11.90,0.1190,true,1,3849
7290010002207,false,מימון קינמון טחון במ,א.ל ייצור ושיווק תבל,IL,מימון קינמון טחון במ,גרמים,100.00,100 גרם,false,,9.50,0.0950,true,1,1203
7290010002214,false,מימון צילי גרוס 80 ג,א.ל ייצור ושיווק תבל,IL,מימון צילי גרוס 80 ג,גרמים,80.00,100 גרם,false,,11.90,0.1488,true,1,3850
7290010002283,false,מימון תבלין על האש ב,א.ל ייצור ושיווק תבל,IL,מימון תבלין על האש ב,גרמים,100.00,100 גרם,false,,11.90,0.1190,true,1,3851
7290010002290,false,מימון תערובת לשווארמ,א.ל ייצור ושיווק תבל,IL,מימון תערובת לשווארמ,גרמים,100.00,100 גרם,false,,11.90,0.1190,true,1,3852
7290010002306,false,מימון תיבול לקציצות,א.ל ייצור ושיווק תבל,IL,מימון תיבול לקציצות,גרמים,100.00,100 גרם,false,,11.90,0.1190,true,1,3853
7290010002313,false,תבלין קציצות מרוקני,א.ל ייצור ושיווק תבל,IL,מימון ראס אל חנות 10,גרמים,100.00,100 גרם,false,,11.90,0.1190,true,1,3854
7290010002320,false,מימון תיבול לגריל עו,א.ל ייצור ושיווק תבל,IL,מימון תיבול לגריל עו,גרמים,100.00,100 גרם,false,,11.90,0.1190,true,1,3855
7290010002337,false,מימון תיבול לסטייק 1,,,מימון תיבול לסטייק 1,גרמים,110.00,100 גרם,false,,11.90,0.1082,true,1,3856
7290010002344,false,מימון תיבול לדג 100,,,מימון תיבול לדג 100,גרמים,100.00,100 גרם,false,,11.90,0.1190,true,1,3857
7290010002368,false,תערובת חווג` למרק 100 גרם,א.ל ייצור ושיווק תבל,IL,מימון תערובת חווג` ל,גרמים,100.00,100 גרם,false,,11.90,0.1190,true,1,3859
7290010002375,false,מימון קארי 100 גרם,א.ל ייצור ושיווק תבל,IL,מימון קארי 100 גרם,גרמים,100.00,100 גרם,false,,11.90,0.1190,true,1,3860
7290010002382,false,מימון אורגנו במיכל 4,,,מימון אורגנו במיכל 4,גרמים,40.00,100 גרם,false,,9.50,0.2375,true,1,1204
7290010002399,false,מימון בזיליקום 40 גר,,,מימון בזיליקום 40 גר,גרמים,40.00,100 גרם,false,,9.50,0.2375,true,1,1205
7290010002436,false,מימון פטרוזיליה במיכ,,,מימון פטרוזיליה במיכ,גרמים,25.00,100 גרם,false,,9.50,0.3800,true,1,1208
7290010002443,false,מימון רוזמרין במיכל,א.ל ייצור ושיווק תבל,IL,מימון רוזמרין במיכל,גרמים,40.00,100 גרם,false,,9.50,0.2375,true,1,1209
7290010002498,false,מימון שום גבישי 120,א.ל ייצור ושיווק תבל,IL,מימון שום גבישי 120,גרמים,120.00,100 גרם,false,,14.50,0.1208,true,1,3862
7290010002597,false,מימון כוסברה ירוקה ב,,,מימון כוסברה ירוקה ב,גרמים,20.00,100 גרם,false,,9.50,0.4750,true,1,1211
7290010002696,false,אקסטרא צ'יפס אורז חו,,,אקסטרא צ'יפס אורז חו,גרמים,60.00,100 גרם,false,,8.50,0.1417,true,1,355620
7290010003051,false,מימון פפריקה הונגרית,,,מימון פפריקה הונגרית,גרמים,400.00,100 גרם,false,,24.90,0.0622,true,1,3865
7290010003075,false,פפריקה מרוקאית מתוקה,TLV צ'יף,IL,מימון פפריקה מרוקאית,גרמים,400.00,100 גרם,false,,24.90,0.0622,true,1,3866
7290010003686,false,מימון עלי דפנה שקית,,,מימון עלי דפנה שקית,גרמים,20.00,100 גרם,false,,5.90,0.2950,true,1,1212
7290010003693,false,מימון פפריקה מתוקה ש,TLV צ'יף,IL,מימון פפריקה מתוקה ש,גרמים,80.00,100 גרם,false,,5.90,0.0738,true,1,1213
7290010003709,false,מימון פלפל שחור טחון,TLV צ'יף,IL,מימון פלפל שחור טחון,גרמים,50.00,100 גרם,false,,7.90,0.1580,true,1,3868
7290010003754,false,מימון כמון טחון שקית,TLV צ'יף,IL,מימון כמון טחון שקית,גרמים,50.00,100 גרם,false,,5.90,0.1180,true,1,1214
7290010003761,false,מימון כורכום טחון שק,א.ל ייצור ושיווק תבל,IL,מימון כורכום טחון שק,גרמים,80.00,100 גרם,false,,5.90,0.0738,true,1,1215
7290010003778,false,מימון תיבול לגריל עו,TLV צ'יף,IL,מימון תיבול לגריל עו,גרמים,80.00,100 גרם,false,,5.90,0.0738,true,1,1216
7290010003792,false,מימון מלח לימון שקית,א.ל ייצור ושיווק תבל,IL,מימון מלח לימון שקית,גרמים,100.00,100 גרם,false,,5.90,0.0590,true,1,1217
7290010003808,false,מימון זעתר ושומשום ש,TLV צ'יף,IL,מימון זעתר ושומשום ש,גרמים,80.00,100 גרם,false,,5.90,0.0738,true,1,1218
7290010003839,false,מימון קינמון טחון שק,TLV צ'יף,IL,מימון קינמון טחון שק,גרמים,80.00,100 גרם,false,,5.90,0.0738,true,1,1220
7290010003846,false,מימון אורגנו שקית 20,,,מימון אורגנו שקית 20,גרמים,20.00,100 גרם,false,,5.90,0.2950,true,1,1221
7290010003990,false,מימון פטרוזיליה שקית,,,מימון פטרוזיליה שקית,גרמים,20.00,100 גרם,false,,5.90,0.2950,true,1,1222
7290010045006,false,עוגיות חמאה פריכות 200 ג',מאפיית אריאל,IL,עוגיות חמאה פריכות ל,גרמים,200.00,100 גרם,false,,18.90,0.0945,true,1,16107
7290010045013,false,עוגיות חמאה צרפתיות 200 ג',מאפיית אריאל,IL,עוגיות עם חמאה וסוכר,גרמים,200.00,100 גרם,false,,18.90,0.0945,true,1,16108
7290010045068,false,עוגיות הנסיכה משושים,מאפיית אריאל,IL,עוגיות הנסיכה לחמי 2,גרמים,250.00,100 גרם,false,,18.90,0.0756,true,1,16110
7290010066025,false,טונה בשמן פילטונה 158גרם,,,טונה בשמן פילטונה 15,גרמים,170.00,100 גרם,false,,6.90,0.0406,true,1,97510
7290010066087,false,טונה בשמן זית פילטונ,,,טונה בשמן זית פילטונ,גרמים,160.00,100 גרם,false,,7.50,0.0469,true,1,17349
7290010066513,false,נתחי טונה בשמן צמחי רביעיה *158ג' פילטונה,,,נתחי טונה בשמן צמחי,גרמים,632.00,100 גרם,false,,22.90,0.0362,true,1,17350
7290010066520,false,פילטונה בשמן קנולה 158גר,,,טונה בשמן קנולה פילט,גרמים,158.00,100 גרם,false,,6.00,0.0380,true,1,17351
7290010066575,false,נתחי טונה במים רביעיה *158ג' פילטונה,,,נתחי טונה במים פילטו,גרמים,632.00,100 גרם,false,,22.90,0.0362,true,1,17352
7290010066582,false,נתחי טונה בשמן קנולה רביעיה * 158 ג' פילטונה,,,נתחי טונה בשמן קנולה,גרמים,632.00,100 גרם,false,,22.90,0.0362,true,1,17353
7290010066599,false,נתחי טונה בשמן זית 4*158ג' פילטונה,תעשיות פילטונה,IL,נתחי טונה בשמן זית פ,גרמים,632.00,100 גרם,false,,26.90,0.0426,true,1,17354
7290010116980,false,אבקת שוקולית שקית עלית 850 ג',הנסיך- מפעל לייצור ט,IL,שוקולית 850 גרם,גרמים,850.00,100 גרם,false,,15.90,0.0187,true,1,14971
7290010117864,false,דוריטוס בטעם חריף אש,שטראוס פריטו ליי בע,IL,דוריטוס חריף אש 70 ג,גרמים,70.00,100 גרם,false,,3.90,0.0557,true,1,15899
7290010118328,false,מארז תפוצ'יפס בטעם טבעי,שטראוס,IL,תפוצ'יפס טבעי 6*40 ג,גרמים,240.00,100 גרם,false,,11.90,0.0496,true,1,15901
7290010124107,false,סטייקבורגר זהב 400 גר',,,סטייק בורגר 400 גרם,גרמים,400.00,100 גרם,false,,14.90,0.0373,true,1,22588
7290010124190,false,שניצל בקר מלינסה 250 ג' אל מטאדור,,,שניצל בקר מלינסה אל,גרמים,250.00,100 גרם,false,,10.90,0.0436,true,1,22589
7290010124503,false,שומן כבש מעובד ארוז בלדי 200גר,,,שומן כבש 200 גר',גרמים,200.00,100 גרם,false,,10.90,0.0545,true,1,22591
7290010129003,false,עוגיות אוזן בצק עלים,קריניציה ויטמינה אס,IL,עוגיות אוזניים 600גר,גרמים,600.00,100 גרם,false,,19.90,0.0332,true,1,13889
7290010129010,false,עוגיות כתר ריבה 600,קריניציה ויטמינה אס,IL,עוגיות ריבה 600גר,גרמים,600.00,100 גרם,false,,19.90,0.0332,true,1,13890
7290010129027,false,עוגיות מרוקאיות 600,שיבולים א.ד.ל,IL,עוגיות מרוקאיות 600,גרמים,600.00,100 גרם,false,,19.90,0.0332,true,1,13891
7290010129300,false,עוגיות רייף מרוקאיות,שיבולים א.ד.ל,IL,עוגיות רייף מרוקאיות,גרמים,350.00,100 גרם,false,,17.90,0.0511,true,1,13903
7290010129553,false,עוגיות רולדה תמרים 6,שיבולים א.ד.ל,IL,עוגיות רולדה תמרים 6,גרמים,600.00,100 גרם,false,,19.90,0.0332,true,1,13909
7290010129652,false,עוגיות לקפה דולצ'ה ו,שיבולים א.ד.ל,IL,עוגיות לקפה דולצ'ה ו,גרמים,350.00,100 גרם,false,,17.90,0.0511,true,1,13917
7290010153510,false,בורגול יבש מיה 500 גר',מיה,IL,בורגול מיה 500 גרם,גרמים,500.00,100 גרם,false,,5.50,0.0110,true,1,11320
7290010153541,false,שיבולת שועל קוואקר מהיר הכנה מיה 500 גר',מיה תעשיות מזון,IL,קוואקר מהיר להכנה מי,גרמים,500.00,100 גרם,false,,6.70,0.0134,true,1,11323
7290010153688,false,"חומץ טבעי מיה 1 ליטר בד""צ",פרידמן תעשיות חומץ ו,IL,חומץ טבעי מיה 1 ליטר,ארגז,1.00,ליטר,false,,6.90,6.9000,true,1,11324
7290010153770,false,ציפוי לשניצל פיקנטי מיה 500 גר',מיה תעשיות מזון,IL,ציפוי לשניצל פיקנטי,גרמים,500.00,100 גרם,false,,8.90,0.0178,true,1,11327
7290010153787,false,ציפוי לשניצל עם שום מיה 500 גר',מיה תעשיות מזון,IL,ציפוי לשניצל עם שום,גרמים,500.00,100 גרם,false,,8.90,0.0178,true,1,11328
7290010153794,false,ציפוי לשניצל עם עשבי תיבול מיה 500 גר',מיה תעשיות מזון,IL,ציפוי לשניצל עם עשבי,גרמים,500.00,100 גרם,false,,8.90,0.0178,true,1,11329
7290010153800,false,ציפוי לשניצל עם תיבול עדין מיה 500 גר',מיה תעשיות מזון,IL,ציפוי לשניצל עם תיבו,גרמים,500.00,100 גרם,false,,8.90,0.0178,true,1,11330
7290010153817,false,ריבת חלב אמיתי 400גרם,מיה תעשיות מזון בעמ,IL,ריבת חלב מיה 400 גרם,גרמים,400.00,100 גרם,false,,12.50,0.0313,true,1,11331
7290010153893,false,ריבת חלב בטעם שוקולד 400גרם,מיה תעשיות מזון בעמ,IL,ריבת חלב בטעם שוקולד,גרמים,400.00,100 גרם,false,,12.50,0.0313,true,1,11336
7290010154005,false,סחוג תימני ירוק 250 ביטון,תבליני ביטון יוחאי,IL,סחוג תימני ירוק 250,גרמים,250.00,100 גרם,false,,12.90,0.0516,true,1,12222
7290010154012,false,לימון בלאדי - סלט לימון כבוש,תבליני ביטון יוחאי,IL,לימון כבוש 250 ביטון,גרמים,250.00,100 גרם,false,,12.90,0.0516,true,1,12223
7290010154241,false,סלט חזרת ריף ביטון 250 ג',תבליני ביטון יוחאי,IL,סלט חזרת ביטון 250 ג,גרמים,250.00,100 גרם,false,,12.90,0.0516,true,1,12226
7290010154265,false,פלפל צ'ומה חריף פיקנטי,תבליני ביטון יוחאי,IL,פלפל צ`ומה ביטון 250,גרמים,250.00,100 גרם,false,,12.90,0.0516,true,1,12227
7290010154418,false,סחוג אדום ביטון 130 גר',תבליני ביטון יוחאי,IL,יוחאי ביטון סחוג אדו,גרמים,130.00,100 גרם,false,,7.90,0.0608,true,1,12228
7290010154678,false,אריסה מרוקאית ביטון 250 ג' ביטון,תבליני ביטון יוחאי,IL,יוחאי ביטון אריסה מר,גרמים,250.00,100 גרם,false,,12.90,0.0516,true,1,12230
7290010154685,false,סלט שום כתוש 250 ג' ביטון יוחאי,תבליני ביטון יוחאי,IL,סלט שום כתוש 250 גר',גרמים,250.00,100 גרם,false,,12.90,0.0516,true,1,12231
7290010173044,false,"יין הרי גליל מרלו 750 מ""ל",יקב הרי גליל,IL,הרי גליל מרלו 2007 7,מיליליטרים,750.00,"100 מ""ל",false,,37.90,0.0505,true,1,25759
7290010192007,false,פטרוזיליה,,,פטרוזיליה,יח',1.00,יח',false,,3.50,3.5000,true,1,22707
7290010192014,false,שמיר,,,שמיר,יח',1.00,יח',false,,3.50,3.5000,true,1,22708
7290010192021,false,כוסברה ארוז,,,כוסברה,יח',1.00,יח',false,,3.50,3.5000,true,1,22709
7290010192038,false,שורש פטרוזיליה ארוז,,,שורש פטרוזיליה ארוז,יח',1.00,יח',false,,5.90,5.9000,true,1,22710
7290010192045,false,נענע יחידה,,,נענע יחידה,יח',1.00,יח',false,,3.50,3.5000,true,1,22711
7290010192052,false,סלרי עלים (אמריקאי),,,סלרי עלים (אמריקאי),יח',1.00,יח',false,,5.90,5.9000,true,1,22712
7290010192069,false,סלרי ראש ארוז,,,סלרי ראש ארוז,יח',1.00,יח',false,,5.90,5.9000,true,1,22713
7290010192083,false,מנגולד ארוז,,,מנגולד ארוז,יח',1.00,יח',false,,6.90,6.9000,true,1,22714
7290010192137,false,לוף ארוז ליח,,,לוף ארוז ליח,יח',1.00,יח',false,,8.90,8.9000,true,1,22715
7290010195268,false,פופקורן למיקרו בטעם טבעי מופחת שומן,פופ סטאר,US,פופסטאר פופקורן מופח,גרמים,425.00,100 גרם,false,,12.90,0.0304,true,1,6590
7290010195275,false,פופקורן להכנה במיקרוגל בטעם חמאה מופחת שומן,פופ סטאר,US,פופסטאר פופקורן מופח,גרמים,425.00,100 גרם,false,,12.90,0.0304,true,1,6591
7290010237531,false,"פפסי קולה פלסטיק 500 מ""ל","טמפו משקאות בע""ם.",IL,פפסי קולה 500 מ'ל,מיליליטרים,500.00,"100 מ""ל",false,,4.90,0.0098,true,1,8650
7290010237579,false,סבן אפ פלסטיק 500מל,"טמפו משקאות בע""מ",IL,סבן אפ 500 מ'ל,מיליליטרים,500.00,"100 מ""ל",false,,4.90,0.0098,true,1,8653
7290010237685,false,"הייניקן בירה צואר ארוך 330מ""ל",טמפו משקאות בע''מ,IL,היינקן בירה צואר ארו,מיליליטרים,330.00,"100 מ""ל",false,,10.30,0.0312,true,1,8657
7290010237890,false,"בירה הייניקן בקבוק 500 מ""ל חוזר",טמפו משקאות בע''מ,IL,הייניקן בירה בקבוק ח,מיליליטרים,500.00,"100 מ""ל",false,,9.40,0.0188,true,1,8660
7290010259823,false,מנת השף מרק עם נודלס טעם עוף בדץ 70ג,נמצ'או(תאילנד) בעמ,TH,נודלס בטעם עוף מנת ה,גרמים,70.00,100 גרם,false,,4.90,0.0700,true,1,3439
7290010259830,false,מנת השף נודלס בסגנון סיני פיקנטי,נמצ'או(תאילנד) בעמ,TH,נודלס בטעם סיני פיקנ,גרמים,70.00,100 גרם,false,,4.90,0.0700,true,1,3440
7290010259847,false,מנת השף מרק עם נודלס טעם תירס בדץ 70ג,קריות זול,TH,נודלס טעם תירס מנת ה,גרמים,70.00,100 גרם,false,,4.90,0.0700,true,1,3441
7290010259854,false,מנת השף נודלס בטעם פטריות בדץ 70ג,נמצ'או(תאילנד) בעמ,TH,נודלס בטעם פטריות מנ,גרמים,70.00,100 גרם,false,,4.90,0.0700,true,1,3442
7290010259861,false,מנת השף מרק עם נודלס בטעם ירקות בדץ 70ג,קריות זול,TH,נודלס בטעם ירקות מנת,גרמים,70.00,100 גרם,false,,4.90,0.0700,true,1,3443
7290010259977,false,שמן קנולה ויליפוד 1ליטר,וילי פוד,PL,שמן קנולה ויליפוד 1,ארגז,1.00,ליטר,false,,10.90,10.9000,true,1,242034
7290010259991,false,וילי פוד צנימים בדץ 250ג,קריות זול,PT,"צנימים בד""ץ וילי פוד",גרמים,250.00,100 גרם,false,,7.90,0.0316,true,1,5347
7290010279227,false,"זיקוק 15 ס""מ 6 בשקית",,,זיקוק 15 ס`מ 6 יח`,אין,0.00,יחידה,false,,14.00,0.0000,true,1,20783
7290010429554,false,"שמן זית כתית מעולה יד מרדכי 2 קלאסי, 750 מ""ל",מכוורת יד מרדכי שטרא,IL,שמן זית כתית מעולה 2,מיליליטרים,750.00,"100 מ""ל",false,,33.90,0.0452,true,1,14972
7290010439287,false,מגבת ענק חלק 550 גר מנהטן,,,מגבת גוף ענק חלק,אין,0.00,יחידה,false,,39.90,0.0000,true,1,11632
7290010471669,false,יוגורט תות עם קורנפלקס מצופה שוקולד ללא גלוטן 3.9%,"שטראוס בריאות בע""מ",IL,דנונה קראנצ' יוגורט,מיליליטרים,175.00,"100 מ""ל",false,,4.60,0.0263,true,1,15505
7290010472307,false,מארז 8 יחידות משקה גמדים בטעם תות בננה,"שטראוס בריאות בע""מ",IL,גמדים לשתיה תות בננה,מיליליטרים,864.00,"100 מ""ל",false,,19.50,0.0226,true,1,15507
7290010472390,false,מארז 8 יחידות מעדן דני בטעם שוקולד 1.5%,מיוצר עי קונדיטוריית,IL,מארז דני שוקולד 8*,מיליליטרים,1000.00,"100 מ""ל",false,,16.90,0.0169,true,1,15508
7290010513703,false,צ'ופסטיקס צפצפה - 20 יחידות,גולין פנגזו,CN,צ'ופסטיקס צפצפה מזרח,אין,0.00,יחידה,false,,6.90,0.0000,true,1,435010
7290010513727,false,פנקו פרורי לחם יפניי,קינגדאו גוניון פודס,CN,פנקו פרורי לחם יפניי,גרמים,200.00,100 גרם,false,,7.90,0.0395,true,1,431386
7290010548514,false,עשבי תיבול לבישול איטלקי,עיצובים 2020 (3.8),IL,דורות עשבי תיבול לבי,גרמים,70.00,100 גרם,false,,10.00,0.1429,true,1,107675
7290010627004,false,טחינה גולמית מסורתית ירושלים 500 ג',"בראשית ירושלים בע""מ",IL,טחינה ירושלים 500 גר,גרמים,500.00,100 גרם,false,,14.50,0.0290,true,1,16111
7290010627844,false,טחינה גולמית שומשום מלא ירושלים 500גרם,"בראשית ירושלים בע""מ",IL,טחינה ירושלים 500 מל,גרמים,500.00,100 גרם,false,,14.50,0.0290,true,1,16113
7290010650064,false,פטריות יער מיובשות 2,חוות תקוע,IL,פטריות יער מיובשות 2,גרמים,25.00,100 גרם,false,,9.90,0.3960,true,1,31173
7290010650071,false,פטריות שי-טאקי מיובשות,חוות תקוע,,פטריות שיטאקי מיובש,גרמים,25.00,100 גרם,false,,9.90,0.3960,true,1,31174
7290010650231,false,פטריות מאיטקי מיובשו,קרלו,IL,פטריות מאיטאקי מיובש,יח',1.00,יח',false,,11.90,11.9000,true,1,31179
7290010650279,false,לקט פיטריות לפסטה 25,חקלאי,IL,לקט פיטריות לפסטה 25,גרמים,25.00,100 גרם,false,,16.90,0.6760,true,1,31181
7290010650590,false,ריזוטו פטריות מיובשו,קרלו,IL,ריזוטו פטריות מיובשו,גרמים,285.00,100 גרם,false,,15.90,0.0558,true,1,31183
7290010650668,false,למון גראס,,,למון גראס,יח',1.00,יח',false,,12.90,12.9000,true,1,30499
7290010650798,false,לקט בורגול ופטריות,קרלו,IL,לקט בורגול ופטריות,יח',1.00,יח',false,,15.90,15.9000,true,1,31184
7290010690527,false,כרוב על - קייל,,,כרוב על - קייל,יח',1.00,יח',false,,9.90,9.9000,true,1,25705
7290010711543,false,כף אשפה + גומי SHINY,שייני Shiny,,כף אשפה + גומי SHINY,אין,0.00,יחידה,false,,5.90,0.0000,true,1,10613
7290010711550,false,דלי שטיפה עם פיה ( 1,,,דלי שטיפה עם פיה ( 1,אין,0.00,יחידה,false,,11.90,0.0000,true,1,10614
7290010718627,false,פנינה - אל סבון נוזלי ירוק 1 ל',,,אל סבון נוזלי ירוק פ,אין,0.00,יחידה,false,,8.90,0.0000,true,1,12768
7290010718634,false,"פנינה רוזנבלום -אל סבון נוזלי לבן,1 ליטר",,,אל סבון נוזלי לבן פנ,אין,0.00,יחידה,false,,8.90,0.0000,true,1,12769
7290010748860,false,"ד""ר פישר - אפקטיב קר קרם ידיים אינטנסיב 150 מ""ל",פישר מעבדות פרמצבטיו,IL,קרם ידיים אינטנסיב א,מיליליטרים,150.00,"100 מ""ל",false,,15.90,0.1060,true,1,18741
7290010757909,false,בורקס גבינה ללא גלוטן - מוקפא,מאפיית ישראל חיפה,IL,בורקס גבינה ללא גלוט,גרמים,500.00,100 גרם,false,,19.90,0.0398,true,1,214444
7290010757916,false,בורקס פיצה ללא גלוטן,מאפיית ישראל חיפה,IL,בורקס פיצה ללא גלוטן,גרמים,500.00,100 גרם,false,,19.90,0.0398,true,1,214445
7290010757961,false,ג'חנון ללא גלוטן ארי,מאפיית ישראל חיפה,IL,ג'חנון ללא גלוטן ארי,גרמים,450.00,100 גרם,false,,19.90,0.0442,true,1,214449
7290010760893,false,"בורקס תפו""א כשל""פ 60",,,"בורקס תפו""א כשל""פ 60",גרמים,600.00,100 גרם,false,,21.90,0.0365,true,1,31737
7290010766734,false,רוטב פיצה אוליביה אסם 430 ג',אוליביה,IL,רוטב פיצה אוליביה 41,מיליליטרים,415.00,"100 מ""ל",false,,12.90,0.0311,true,1,32204
7290010766949,false,ממרח תחתיות ארטישוק 180ג' אוליביה,אוליביה,IL,אוליביה ממרח ארטישוק,גרמים,180.00,100 גרם,false,,12.90,0.0717,true,1,32205
7290010777099,false,פיתה עבודת יד אקספרס מארז 8 יח',מגוון שיווק והפצת מא,,8 פיתות במרקם מיוחד,גרמים,800.00,100 גרם,false,,11.30,0.0141,true,1,14383
7290010777150,false,פיתה חיטה מלאה בריבוע 8יח' שקית 800 גר',מגוון שיווק והפצת מא,IL,8 פיתות בריבוע חיטה,גרמים,500.00,100 גרם,false,,13.90,0.0278,true,1,14384
7290010777297,false,פיתה אקספרס מארז 12יח',מגוון שיווק והפצת מא,IL,10 פיתות ביס,אלף,1.00,"ק""ג",false,,12.90,12.9000,true,1,14387
7290010777358,false,פיתה כוסמין אקספרס מארז 8יח',מגוון שיווק והפצת מא,IL,8 פיתות כוסמין מלא 1,גרמים,400.00,100 גרם,false,,15.90,0.0398,true,1,14389
7290010777488,false,פיתות מחמצת 100% קמח מלא 10 יח,מאפיית ביכורים מזון,IL,פיתה מחמצת מקמח מלא,אין,0.00,יחידה,false,,15.90,0.0000,true,1,340914
7290010777525,false,פיתות 100% כוסמין דק 99 קל 6 יח,מאפיית ביכורים מזון,IL,פיתות קוסמין-פיתה אק,גרמים,50.00,100 גרם,false,,15.90,0.3180,true,1,340900
7290010814251,false,שלשות שוקולד חלב 85 גר*3 בלמינט*18 בקרט בדצ,כרמית תעשיות ממתקים,IL,שוקולד חלב אגו 3 יח',גרמים,255.00,100 גרם,false,,10.90,0.0427,true,1,24608
7290010839865,false,רוטב רכז רימונים ויליפוד 320 ג',ניו ג'רסי סטאר סנקס,TR,רוטב רימונים 320 גרם,מיליליטרים,320.00,"100 מ""ל",false,,10.90,0.0341,true,1,5348
7290010883356,false,כפפות אלוורה רב שימושיות מרופדות גדול L,סנו סושי,CN,סנו סושי זוג כפפות א,אין,0.00,יחידה,false,,9.90,0.0000,true,1,19286
7290010883363,false,כפפות אלוורה רב שימושיות מרופדות קטן S,האי נאם סי או אל.טי.,CN,סנו סושי זוג כפפות א,אין,0.00,יחידה,false,,9.90,0.0000,true,1,19287
7290010883370,false,כפפות אלוורה רב שימושיות מרופדות בינוני M,האי נאם סי או אל.טי.,CN,סנו סושי זוג כפפות א,אין,0.00,יחידה,false,,9.90,0.0000,true,1,19288
7290010922949,false,תות שדה קפוא 250 ג - Shake It,,,תות שדה קפוא שייק אי,גרמים,250.00,100 גרם,false,,10.00,0.0400,true,1,406138
7290010931330,false,סלט מטבוחה אחלה 500ג,מיוצר עי קונדיטוריית,IL,אחלה מטבוחה 500ג,גרמים,500.00,100 גרם,false,,14.50,0.0290,true,1,15509
7290010945306,false,חלב 3% בקרטון 2 ל' טרה,קריות זול,IL,טרה חלב בקרטון 3% 2,ארגז,2.00,ליטר,false,,12.46,6.2300,true,1,6930
7290010945450,false,טרה גבינה לבנה מהדרין 3% 250ג,קריות זול,IL,טרה גבינה לבנה מהדרי,גרמים,250.00,100 גרם,false,,4.98,0.0199,true,1,6931
7290010945481,false,גבינה לבנה 5% שומן 500 ג' טרה,קריות זול,IL,טרה גבינה לבנה 5% 50,גרמים,500.00,100 גרם,false,,9.96,0.0199,true,1,6932
7290011015985,false,"מיץ אננס דאיט 750 מ""ל פריגת",סירופ - גבעת חיים,IL,פריגת סירופ דיאט אננ,מיליליטרים,750.00,"100 מ""ל",false,,21.90,0.0292,true,1,408599
7290011017866,false,קוקה קולה קלאסי בפחית,החברה המרכזית לייצור,IL,קוקה קולה פחית סליק,מיליליטרים,330.00,"100 מ""ל",false,,5.50,0.0167,true,1,7394
7290011017873,false,"קוקה קולה זירו פחית 330 מ""ל",החברה המרכזית לייצור,IL,ZERO קולה פחית סליק,מיליליטרים,330.00,"100 מ""ל",false,,5.50,0.0167,true,1,7395
7290011017880,false,דיאט קוקה קולה פחית סליק 330מל,החברה המרכזית לייצור,IL,קולה דיאט פחית סליק,מיליליטרים,330.00,"100 מ""ל",false,,5.50,0.0167,true,1,7396
7290011018368,false,שישיית בירה ויינשטפן,"ויינשטפן, ת.ד 1155 פ",DE,ויינשטפן בירה לבנה 6,ארגז,1.98,ליטר,false,,71.70,36.2121,true,1,7407
7290011018443,false,"פנטה אורנג פחית סליק 330 מ""ל",החברה המרכזית לייצור,IL,פאנטה אורנג פחית סלי,מיליליטרים,330.00,"100 מ""ל",false,,5.50,0.0167,true,1,7409
7290011018474,false,סיידר סומרסבי תפוחים,"קרלסברג קרואטיה , יב",HR,סמרסבי סיידר 330 מ`ל,מיליליטרים,330.00,"100 מ""ל",false,,8.90,0.0270,true,1,7411
7290011051440,false,"שוויפס מוגז עדין פירות יער 500 מ""ל",,,שוופס מוגז עדין פ.יע,מיליליטרים,500.00,"100 מ""ל",false,,6.20,0.0124,true,1,9677
7290011064075,false,מעדן לאבנה ניצן אבו גוש 200 ג',גבינות עמיר ניצן,,ניצן אבו גוש מעדן לא,גרמים,200.00,100 גרם,false,,13.10,0.0655,true,1,6753
7290011064099,false,טאפס פלפלוני שרי ממולאים במעדן גבינה,"ניצן מותגי מזון בע""מ",IL,נועם פלפלוני שרי ממו,גרמים,125.00,100 גרם,false,,19.90,0.1592,true,1,6754
7290011065829,false,פלפל ארבע עונות 60 ג,,,פלפל ארבע עונות 60 ג,גרמים,60.00,100 גרם,false,,17.90,0.2983,true,1,3877
7290011110000,false,חסה רומית שלמה,,,חסה רומית שלמה,גרמים,430.00,100 גרם,false,,8.90,0.0207,true,1,29476
7290011110024,false,חסה סלנובה,,,חסה סלנובה,יח',1.00,יח',false,,12.90,12.9000,true,1,29478
7290011110031,false,לבבות חסה,,,לבבות חסה,יח',1.00,יח',false,,10.90,10.9000,true,1,29479
7290011110055,false,פלפל רומרו מארז,,,פלפל רומרו מארז,יח',1.00,יח',false,,9.90,9.9000,true,1,145195
7290011110079,false,בזיליקום.,,,בזיליקום.,יח',1.00,יח',false,,6.90,6.9000,true,1,29481
7290011110093,false,מנגולד,,,מנגולד,גרמים,250.00,גרם,false,,7.90,0.0316,true,1,29482
7290011110116,false,תרד ניו-זילנדי,,,תרד ניו-זילנדי,גרמים,200.00,גרם,false,,9.90,0.0495,true,1,29484
7290011110123,false,עירית,,,עירית,יח',1.00,יח',false,,6.90,6.9000,true,1,29485
7290011110130,false,רוקולה,,,רוקולה,יח',1.00,יח',false,,9.90,9.9000,true,1,29486
7290011110154,false,קורנית (טימין),,,קורנית (טימין),יח',1.00,יח',false,,6.90,6.9000,true,1,29488
7290011110215,false,מלפפון בייבי,,,מלפפון בייבי,גרמים,350.00,100 גרם,false,,9.90,0.0283,true,1,145210
7290011110390,false,חסה אייסברג -יגור,,,חסה אייסברג -יגור,יח',1.00,יח',false,,7.90,7.9000,true,1,29500
7290011110512,false,חסה לאליק 280גרם,חקלאי,IL,חסה לאליק -יגור,יח',1.00,יח',false,,12.90,12.9000,true,1,103288
7290011115203,false,אל סבון מוצק מבושם בניחוח עדין קלאסיק - מארז רביעיה,טרופיקל דגיל תעשיות,IL,סבון מוצק ורוד נקה 7,גרמים,400.00,100 גרם,false,,10.90,0.0273,true,1,19291
7290011115258,false,אל סבון מוצק מבושם בניחוח עדין קלאסיק - מארז רביעיה,גליל כימיקלים בעמ,IL,סבון מוצק ירוק נקה 7,גרמים,400.00,100 גרם,false,,10.90,0.0273,true,1,19293
7290011115289,false,אל סבון מוצק מבושם בניחוח עדין קלאסיק - מארז רביעיה,"גליל כימיכלים בע""מ",IL,סבון מוצק לילך נקה 7,גרמים,400.00,100 גרם,false,,10.90,0.0273,true,1,19296
7290011126209,false,תה הגן הקסום תפוח וקינמון - סיידר 25 שקיקים,קריות זול,IL,תה הגן הקסום תפוח וק,גרמים,55.00,100 גרם,false,,17.50,0.3182,true,1,1178
7290011126452,false,תה הגן הקסום קמומיל ונענע 25 יח',קריות זול,IL,תה קמומיל ונענע 1.5ג,גרמים,37.50,100 גרם,false,,17.50,0.4667,true,1,1179
7290011126469,false,תה קמומיל ודבש 1.5ג' *25 שקיקים,קריות זול,IL,תה קמומיל ודבש 1.5גר,גרמים,37.50,100 גרם,false,,17.50,0.4667,true,1,1180
7290011126957,false,תה יסוצקי ירוק ארל גריי 25 יח',ויסוצקי ירוק,IL,תה ירוק ארל גריי T.T,גרמים,37.50,100 גרם,false,,23.90,0.6373,true,1,16115
7290011131050,false,גרנולה בתוספת פקאן וצימוקים,ויטליאה ניקולה דו,MK,גרנולה פקאן גרין 1 ק,אלף,1.00,"ק""ג",false,,26.90,26.9000,true,1,10777
7290011131395,false,מוזלי קראנצ'י 30% פירות,ויטליאה ניקולה דו,MK,מיזלי קראנצ' 30% פיר,אלף,1.00,"ק""ג",false,,25.40,25.4000,true,1,10780
7290011131654,false,מוזלי קראנצ'י ביג מיקס עם פירות ואגוזים,ויטליה ניקולא דו,MK,מיזלי ביג מיקס גרין,אלף,1.00,"ק""ג",false,,25.40,25.4000,true,1,10783
7290011132583,false,"פפסי מקס ליים 500 מ""ל מארז שישייה","טמפו משקאות בע""מ",IL,פפסי מקס שישייה 500,ארגז,3.00,ליטר,false,,21.00,7.0000,true,1,71398
7290011133375,false,בירה שנדי בתוספת משקה אפרסק - שישייה,"טמפו משקאות בע""מ",IL,מכבי שנדי אפרסק בקבו,ארגז,1.98,ליטר,false,,30.90,15.6061,true,1,8666
7290011133504,false,"מכבי שנדי אפרסק בקבוק בודד 330 מ""ל",טמפו משקאות בע''מ,IL,מכבי שנדי אפרסק בקבו,מיליליטרים,330.00,"100 מ""ל",false,,5.90,0.0179,true,1,8673
7290011133634,false,"פפסי מקס פחית צרה מארז שישייה 330 מ""ל","טמפו משקאות בע""מ",IL,שישיית פחיות פפסי מק,ארגז,1.98,ליטר,false,,17.60,8.8889,true,1,8679
7290011148911,false,פלפלים מתוקים טינקרב,מרינה פטריות הגליל,IL,פלפלים מתוקים טינקרב,גרמים,300.00,100 גרם,false,,9.90,0.0330,true,1,22717
7290011194215,false,מעדן גבינה ויוגורט בטעם בננה 5% שומן 88 ג' דניאלה,"שטראוס בריאות בע""מ",IL,"דניאלה בננה 150 מ""ל",מיליליטרים,150.00,"100 מ""ל",false,,4.10,0.0273,true,1,15510
7290011194246,false,קוטג שטראוס 5% עם סידן 250ג,מיוצר עי קונדיטוריית,IL,קוטג שטראוס 5% עם סי,גרמים,250.00,100 גרם,false,,5.80,0.0232,true,1,15511
7290011223205,false,ריבת חלב דולקור 454 ג',אשבל מזון פונקציונלי,IL,דולקור ריבת חלב 454,גרמים,454.00,100 גרם,false,,14.90,0.0328,true,1,6600
7290011223229,false,"טואלט דאק ג'ל לאסלה טיפות טל רעננות 55 מ""ל","איטיליאן פוד, אס.פי.",IT,דאק ג'ל אסלה ניחוח ט,מיליליטרים,55.00,"100 מ""ל",false,,9.90,0.1800,true,1,6601
7290011223243,false,"טואלט דאק ג'ל לאסלה בניחוח לבנדר 55 מ""ל","איטיליאן פוד, אס.פי.",IT,דאק ג'ל אסלה ניחוח ל,מיליליטרים,55.00,"100 מ""ל",false,,9.90,0.1800,true,1,6602
7290011236649,false,שקדיה שוקולד צ'יפס בלגי 300 ג',קריות זול,,שוקולד צ'יפס בלגי שק,גרמים,300.00,100 גרם,false,,9.90,0.0330,true,1,6143
7290011239213,false,עמוס חטיפים מתוקים מ,ממתקי מחרום,,עמוס חטיפים מתוקים מ,גרמים,100.00,100 גרם,false,,5.90,0.0590,true,1,26358
7290011239237,false,חטיפי אגוזים ישראלי,,,חטיפי אגוזים ישראלי,גרמים,250.00,100 גרם,false,,18.90,0.0756,true,1,101504
7290011239336,false,מחרום חלבה ללא סוכר,עלעלים,,מחרום חלבה ללא סוכר,גרמים,400.00,100 גרם,false,,21.90,0.0547,true,1,3538
7290011239404,false,עמוס חטיפים שונים אר,ממתקי מחרום,,עמוס חטיפים שונים אר,גרמים,300.00,100 גרם,false,,13.90,0.0463,true,1,26360
7290011249755,false,רולים גלילי ופל במילוי קרם אגוזים 100 ג' עלמה,"גילרו בע""מ",,רולים אגוז 100 גרם,גרמים,100.00,100 גרם,false,,3.90,0.0390,true,1,25568
7290011254018,false,שעועית מש מיה 500 גר',מיה תעשיות מזון,IL,שעועית מש 500 גרם,גרמים,500.00,100 גרם,false,,8.90,0.0178,true,1,11341
7290011254032,false,קינואה מיה 500 גרם,מיה,IL,קינואה 500 גרם,גרמים,500.00,100 גרם,false,,12.90,0.0258,true,1,11343
7290011254254,false,נטיפים צמקאו בטעם שוקולד,מיה תעשיות מזון,IL,שוקולד ציפס 300גר,גרמים,300.00,100 גרם,false,,8.90,0.0297,true,1,11363
7290011254728,false,ג'לטין טהור 25גרם בקרטונית,מיה תעשיות מזון,IL,ג'לטין טהור 25 גר' ב,גרמים,25.00,100 גרם,false,,9.90,0.3960,true,1,11375
7290011254773,false,שעועית ארגנטינאית 500גרם,מיה,IL,שעועית ארגנטינאית 50,גרמים,500.00,100 גרם,false,,8.90,0.0178,true,1,11378
7290011378028,false,חלבה קלאסית בטעם וניל ללא תוספת סוכר,רושדי תעשיות מזון בע,IL,בארכה חלבה וניל ללא,גרמים,350.00,100 גרם,false,,14.90,0.0426,true,1,1296
7290011378233,false,בארכה מאגדת חטיפי חלווה וניל ל.סוכר 120גר,רושדי תעשיות מזון בע,IL,בארכה בקטנה מאגדת ונ,גרמים,120.00,100 גרם,false,,10.90,0.0908,true,1,13098
7290011378769,false,בארכה - חטיף בקטנה חלבה וניל 20 גרם * 6,רושדי תעשיות מזון בע,IL,בארכה בקטנה מאגדת ונ,גרמים,120.00,100 גרם,false,,10.90,0.0908,true,1,13102
7290011379018,false,מארז משפחתי שמפיניון 500 ג' מרינה,מרינה פטריות הגליל,IL,פטריות צמד חמד,גרמים,500.00,100 גרם,false,,15.90,0.0318,true,1,25707
7290011438142,false,"משקה יטבתה אייס קפה בבקבוק אישי 350 מ""ל",שטראוס גרופ,IL,יטבתה אייס קפה בבקבו,מיליליטרים,350.00,"100 מ""ל",false,,6.50,0.0186,true,1,15513
7290011447120,false,מטרנה מהדרין ללא שלבים 700 גר,,,מטרנה מהדרין 700 גרם,גרמים,700.00,100 גרם,false,,48.90,0.0699,true,1,13106
7290011447267,false,תרכובת מזון המשך לפעוטות שלב 1 חלבי,מטרנה תעשיות ש.מ,IL,מטרנה חלבי שלב 1 70,גרמים,700.00,100 גרם,false,,48.90,0.0699,true,1,13107
7290011447281,false,תרכובת מזון המשך לפעוטות שלב 2 חלבי,מטרנה תעשיות ש.מ,IL,מטרנה חלבי שלב 2 70,גרמים,700.00,100 גרם,false,,48.90,0.0699,true,1,13108
7290011447304,false,תרכובת מזון המשך לפעוטות שלב 3 חלבי,מטרנה תעשיות ש.מ,IL,מטרנה חלבי שלב 3 12*,גרמים,700.00,100 גרם,false,,48.90,0.0699,true,1,13109
7290011447373,false,תרכובת מזון המשך לפעוטות מהדרין שלב 2,מטרנה תעשיות ש.מ,IL,מטרנה מהדרין שלב 2,גרמים,700.00,100 גרם,false,,49.90,0.0713,true,1,13111
7290011461058,false,גומא - מקלות ריחניים,יושלם,,גומא - מקלות ריחניים,אין,0.00,יחידה,false,,20.00,0.0000,true,1,10928
7290011473648,false,סוכר דמררה אורגני תב,תבואות,BR,סוכר דמררה אורגני תב,אלף,1.00,"ק""ג",false,,12.90,12.9000,true,1,213878
7290011473655,false,סוכר קנים אורגני תבו,תבואות,BR,סוכר קנים אורגני תבו,אלף,1.00,"ק""ג",false,,10.90,10.9000,true,1,5619
7290011474058,false,ספגטי כוסמין אורגני מלא,תבואות,,ספגטי פסטה מקמח כוסמ,גרמים,500.00,100 גרם,false,,19.90,0.0398,true,1,5620
7290011474256,false,מלח הימליה גס שקית 1,תבואות,,מלח הימליה גס שקית 1,אלף,1.00,"ק""ג",false,,16.90,16.9000,true,1,420782
7290011499051,false,פטה כבשים מסורתית 20% בגביע 250 גרם - רובין,MKN עבור מחלבות גד ב,IL,גד פטה כבשים גביע 20,גרמים,250.00,100 גרם,false,,26.90,0.1076,true,1,11101
7290011499105,false,בולגרית מסורתית 5% 250 גרם -רבנות,ג'נרל מילס סאן אדריא,IL,גד בולגרית 5% 250ג,גרמים,250.00,100 גרם,false,,23.90,0.0956,true,1,11102
7290011499112,false,בולגרית מסורתית 16% 250 גרם - רבנות,"מיוצר ע""י dsh",IL,גד בולגרית 16% 250ג,גרמים,250.00,100 גרם,false,,23.90,0.0956,true,1,11103
7290011499129,false,בולגרית מעודנת קוביות קטנות 5% 200 גרם - רבנות,קוד יצרן DSH,IL,גד בולגרית מעודנת קו,גרמים,200.00,100 גרם,false,,22.90,0.1145,true,1,11104
7290011499303,false,פטה עיזים מעודנת 5% בגביע 250 גרם - רבנות,ג'נרל מילס סאן אדריא,IL,פטה עיזים מעודנת 5%,גרמים,250.00,100 גרם,false,,33.10,0.1324,true,1,11105
7290011499327,false,גבינה בולגרית מעודנת 5% 250 גרם - רבנות,מיוצר על ידי DSH עבו,IL,גד בולגרית בקר מעודנ,גרמים,250.00,100 גרם,false,,23.90,0.0956,true,1,11106
7290011499341,false,קשקבל בוואקום 26% 200 גרם - רבנות,הנסיך- מפעל לייצור ט,IL,קשקבל מחלבות גד 200,גרמים,250.00,100 גרם,false,,30.60,0.1224,true,1,11108
7290011499358,false,פטה עיזים מסורתית 20% בגביע 200 גרם - רובין,מיוצר על ידי קוד יצר,IL,גד פטה עיזים 20% 200,גרמים,200.00,100 גרם,false,,28.80,0.1440,true,1,11109
7290011499365,false,גד חלומי 24% 200 גרם רובין,"מחלבות גד בע""מ",IL,גד חלומי 24% 200ג,גרמים,200.00,100 גרם,false,,22.40,0.1120,true,1,11110
7290011499419,false,גבינה במרקם שמנת בטעם טבעי 5% ניו יורק,מחלבות גד,IL,גבינה במרקם שמנת 5%,גרמים,200.00,100 גרם,false,,12.30,0.0615,true,1,11111
7290011499525,false,גד לאבנה דרוזית 9% 500 ג',מחלבות גד בעמ,IL,גד לאבנה דרוזית 9% 5,גרמים,500.00,100 גרם,false,,21.90,0.0438,true,1,11112
7290011499624,false,שמנת 30% ניו יורק טבעי 200 גרם רבנות,מחלבות גד,IL,גד ניו יורק גבינת שמ,גרמים,200.00,100 גרם,false,,14.10,0.0705,true,1,11113
7290011499846,false,גבינת ריקוטה פרסקה 9% 300 ג' גד,מחלבות גד בעמ,IL,גד ריקוטה פרסקה 5% 3,גרמים,300.00,100 גרם,false,,18.50,0.0617,true,1,11120
7290011501563,false,נקטר חמוציות דין שיו,,,נקטר חמוציות דין שיו,מיליליטרים,948.00,"100 מ""ל",false,,15.20,0.0160,true,1,6144
7290011515911,false,שלגונים מופחתי קלוריות בטעם ריבת חלב - 6 יח',גלידות נסטלה (נגה גל,IL,מאגדת לייט ריבת חלב,גרמים,312.00,100 גרם,false,,27.90,0.0894,true,1,11834
7290011518561,false,"אקטימל תות משפחתי מארז 14X100מ""ל",מיוצר עי קונדיטוריית,IL,אקטימל תות משפחתי 14,ארגז,1.40,ליטר,false,,29.90,21.3571,true,1,15514
7290011525729,false,שמפו לתינוק קמיל בלו סנסטיב לפני השינה עם לבנדר וקמומיל,"ד""ר פישר Dr fischer",IL,קמיל בלו סנסיטיב לפנ,אין,0.00,יחידה,false,,33.90,0.0000,true,1,18750
7290011530358,false,שייק איט יום שישי כתום 150 גר',"הבו-קדו בע""מ",IL,שייק איט(3*150 גר')-,גרמים,450.00,100 גרם,false,,32.90,0.0731,true,1,22592
7290011530488,false,שייק איט יום שבת תכלת 150 גר',"הבו-קדו בע""מ",IL,שייק איט(3*150 גר')-,גרמים,450.00,100 גרם,false,,32.90,0.0731,true,1,22594
7290011530525,false,מיקס פירות קפואים שייק איט צהוב - 3*150 ג',"הבו-קדו בע""מ",IL,שייק איט יום שלישי 4,גרמים,450.00,100 גרם,false,,32.90,0.0731,true,1,22595
7290011530532,false,מיקס פירות קפואים שייק איט ירוק - 3*150 ג',"הבו-קדו בע""מ",IL,שייט איט יום שני 450,גרמים,450.00,100 גרם,false,,32.90,0.0731,true,1,22596
7290011530549,false,מיקס פירות קפואים שייק איט ורוד - 3*150 ג',"הבו-קדו בע""מ",IL,שייק איט יום ראשון 4,גרמים,450.00,100 גרם,false,,32.90,0.0731,true,1,22597
7290011530730,false,מיקס פירות קפואים שייק איט חום - 3*150 ג',"הבו-קדו בע""מ",IL,שייק איט יום חמישי 4,גרמים,450.00,100 גרם,false,,32.90,0.0731,true,1,22599
7290011530747,false,מיקס פירות קפואים שייק איט סגול - 3*150 ג',"הבו-קדו בע""מ",IL,שייק איט יום רביעי 4,גרמים,450.00,100 גרם,false,,32.90,0.0731,true,1,22600
7290011530945,false,קרפציו עגל פרימיום 2,בלדי,IL,קרפציו עגל 210 גר',גרמים,210.00,100 גרם,false,,40.90,0.1948,true,1,22602
7290011553456,false,קרוטונים למרק שקית,,,קרוטונים למרק שקית,גרמים,400.00,100 גרם,false,,14.90,0.0373,true,1,466509
7290011553883,false,פרורים מוזהבים שקית,,,פרורים מוזהבים שקית,גרמים,800.00,100 גרם,false,,11.90,0.0149,true,1,466435
7290011587093,false,תירס גמדי תומר 400 ג,איידונג יוזו,,תירס גמדי תומר 400 ג,גרמים,400.00,100 גרם,false,,5.90,0.0148,true,1,16241
7290011587451,false,גרנולה בתוספת פירות ואגוזים,ויטליה,,גרנולה + פירות ואגוז,גרמים,600.00,100 גרם,false,,13.90,0.0232,true,1,16246
7290011587468,false,מוזלי קראנצ'י בתוספת אגוזים,ויטליה,,מוזלי קראנצ + אגוז ת,גרמים,600.00,100 גרם,false,,13.90,0.0232,true,1,16247
7290011587598,false,שימורי אנשובי בפח 45 ג' תומר,אינוורסיונס פריסקו,,פילה אנשובי תומר 45,גרמים,45.00,100 גרם,false,,6.90,0.1533,true,1,16249
7290011587710,false,צלפים במי מלח תומר 3,,,צלפים במי מלח תומר 3,גרמים,350.00,100 גרם,false,,8.90,0.0254,true,1,477175
7290011587765,false,אטריות נודלס עבה 200 גרם -תומר,אופאל,,נודלס עבה תומר 200 ג,גרמים,200.00,100 גרם,false,,5.10,0.0255,true,1,16253
7290011587833,false,חצאי עגבניות מיובשות מתובלות בשמן חמניות ועשבי תיבול,Sunto gida sun ve ti,,עגבניות מיובשות בשמן,גרמים,340.00,100 גרם,false,,11.50,0.0338,true,1,16254
7290011593742,false,"שמן זית פיקואל 750 מ""ל סבא חביב",,,שמן זית פיקואל הסדרה,מיליליטרים,750.00,"100 מ""ל",false,,42.90,0.0572,true,1,450105
7290011598211,false,"סנו - אנטי קאלק מרסס ניקוי כללי 4 ב-1 700 מ""ל",מיוצר עי קונדיטוריית,IL,מנקה כללי אנטיקאלק 7,מיליליטרים,700.00,"100 מ""ל",false,,17.90,0.0256,true,1,19298
7290011598259,false,"סנו - פרש מילוי למטהר אוויר מאסק 250 מ""ל",סנו מפעלי ברונוס בעמ,IL,סנו פרש אוטומטיק מאס,מיליליטרים,250.00,"100 מ""ל",false,,13.90,0.0556,true,1,19299
7290011598372,false,מטלית מיקרופייבר פרופשיונל לרצפה סנו סושי,סנו סושי,CN,סנו סושי מטלית מיקרו,אין,0.00,יחידה,false,,12.90,0.0000,true,1,19300
7290011598402,false,מרכך כביסה מקסימה מאסק ורוד 4 ל' סנו,סנו מקסימה,IL,מרכך כביסה סנו מקסימ,ארגז,4.00,ליטר,false,,22.90,5.7250,true,1,19301
7290011599836,false,משפר אפיה טבעי 100 ג' רובינפלד,,,משפר אפיה רובינפלד 1,גרמים,100.00,100 גרם,false,,10.90,0.1090,true,1,296921
7290011607180,false,"קולון 101 לכביסה 1.25 ק""ג",ריקט בנקיזר ( ניר אי,IL,"קולון 101 1.25 ק""ג",אלף,1.25,"ק""ג",false,,14.90,11.9200,true,1,14236
7290011607197,false,"אבקת כביסה קולון 5 ק""ג",רקיט בנקיזר,IL,"קולון 101 5 ק""ג",אלף,5.00,"ק""ג",false,,39.90,7.9800,true,1,14237
7290011615277,false,"עלי טורטיוה קמח חיטה 25ס""מ 12יח' ויליפוד 840 ג'",מוטלוקל גידה סאנאי ט,TR,"עלי טורטיה בד""ץ וילי",גרמים,840.00,100 גרם,false,,13.90,0.0165,true,1,5350
7290011659004,false,שום כתוש קפוא צנצנת,,,צנצנת שום כתוש קפוא,גרמים,200.00,100 גרם,false,,11.90,0.0595,true,1,79647
7290011659059,false,קוביות כוסברה קפוא 7,,,קוביות כוסברה קפוא 7,גרמים,70.00,100 גרם,false,,9.90,0.1414,true,1,79633
7290011659066,false,קוביות בזיליקום קפוא,,,קוביות בזיליקום קפוא,גרמים,70.00,100 גרם,false,,9.90,0.1414,true,1,79620
7290011659073,false,מגשית קוביות שום כתו,,,קוביות שום קפוא 80 ג,גרמים,80.00,100 גרם,false,,9.90,0.1238,true,1,79634
7290011723200,false,טחינה הר ברכה טחינה,הר ברכה תעשיות,,טחינה הר ברכה טחינה,גרמים,500.00,100 גרם,false,,19.90,0.0398,true,1,25573
7290011765095,false,ג'ל גילוח לעור עדין אלוורה,טרופיקל דגיל תעשיות,TR,ג'ל גילוח לעור עדין,מיליליטרים,200.00,"100 מ""ל",false,,10.90,0.0545,true,1,19305
7290011765118,false,"קרמה - קצף גילוח ירוק 200 מ""ל","אביאפ, איסטנבול, תור",TR,קצף גילוח דליקט קרמה,מיליליטרים,200.00,"100 מ""ל",false,,10.90,0.0545,true,1,19307
7290011765446,false,משחת שיניים לילדים בוב ספוג בטעם מיץ ענבים עם פלואוריד למניעת עששת,טרופיקל דגיל תעשיות,IL,משחת שיניים בוב ספוג,מיליליטרים,50.00,"100 מ""ל",false,,7.90,0.1580,true,1,19315
7290011765613,false,סנו מסיר עובש בניחות לימון מתז 1 ל',סנו,,סנו מתז מסיר עובש בנ,ארגז,13.00,ליטר,false,,17.90,1.3769,true,1,19316
7290011800840,false,טחינה בלאדי רפי כהן 400 ג' צבר,סלטי צבר,IL,צבר רפי כהן טחינה בל,גרמים,400.00,100 גרם,false,,14.90,0.0373,true,1,13662
7290011860271,false,ביסבול כדורי פירה בציפוי פריך,"תעשיות תפוגן בע""מ",IL,תפוגן ביס בול טבעי 7,גרמים,700.00,100 גרם,false,,15.90,0.0227,true,1,13664
7290011877088,false,"רדיד אלומיניום רוחב 30 ס""מ, 18 מיקרון - מארז זוג",בורסה פאזרי,TR,סנו סושי צמד רדידי א,מטרים,15.00,מטר,false,,16.90,1.1267,true,1,19318
7290011877095,false,"זוג רדיד אלומיניום עבה ורחב 45 ס""מ* 7.5 מטר",בורסה פאזרי,TR,סנו סושי צמד רדידי א,מטרים,15.00,מטר,false,,19.90,1.3267,true,1,19319
7290011877156,false,"מבשם אוויר, בגדים וארונות פרש בניחוח מאסק",מיוצר עי קונדיטוריית,IL,סנו פרש ענק מאסק 375,מיליליטרים,375.00,"100 מ""ל",false,,10.90,0.0291,true,1,19321
7290011877859,false,סנו אינסטלטור חדש פותח סתימות 200ג',מיוצר עי קונדיטוריית,IL,סנו אינסטלטור פותח ס,מיליליטרים,200.00,"100 מ""ל",false,,15.90,0.0795,true,1,19324
7290011877866,false,אבקת כביסה סנו מקסימה בניחוח Musk,"איי, בי, אינבוו",IL,אבקת כביסה סנו מקסימ,אלף,6.00,"ק""ג",false,,49.90,8.3167,true,1,19325
7290011912642,false,מי פה ליסטרין מנטה רענן,ליסטרין Listerine,,מי פה טאגד ליסטרין 5,מיליליטרים,500.00,"100 מ""ל",false,,22.90,0.0458,true,1,18900
7290011931162,false,סוכרלייט ממתיק נוזלי על בסיס סוכרלוז,אף.סי תבליני בגליל ב,IL,סוכרלייט נוזלי 220מל,מיליליטרים,220.00,"100 מ""ל",false,,27.90,0.1268,true,1,14981
7290011947743,false,מיקס זית ירוק וזית קלמטה 215 ג' זיתא,ויסוצקי,IL,מיקס זית ירוק וזית ק,גרמים,215.00,100 גרם,false,,11.90,0.0553,true,1,16123
7290011947798,false,זית קלמטה ללא גלעין עם שמן זית כתית 190 ג',זיתא,IL,זית קלמטה ללא גלעין,גרמים,190.00,100 גרם,false,,13.90,0.0732,true,1,44756
7290011964344,false,תבלין שום גבישי 120 ג',תות ממתקי איכות,IL,שום גבישי 120 גר' במ,גרמים,120.00,100 גרם,false,,10.90,0.0908,true,1,26181
7290011964658,false,תבלין מלח לימון טעם,תות ממתקי איכות,IL,תבלין מלח לימון טעם,גרמים,170.00,100 גרם,false,,10.00,0.0588,true,1,26183
7290011964689,false,תבלין תיבול על האש ללא מונוס' 100ג',תות ממתקי איכות,IL,תבלין על האש ללא מונ,גרמים,100.00,100 גרם,false,,9.70,0.0970,true,1,241179
7290011964702,false,תבלין תיבול לשווארמה ללא מונוסו' 100ג',תות ממתקי איכות,IL,תבלין לשווארמה ללא מ,גרמים,100.00,100 גרם,false,,9.70,0.0970,true,1,241195
7290012001994,false,חרדל דיז'ון גרעינים 350 ג' ריין דיזון,ריין דיז'ון reine dijon,FR,חרדל דיגון גרעינים 3,גרמים,350.00,100 גרם,false,,9.90,0.0283,true,1,6397
7290012019258,false,מחית תפוחי עץ רביעיה 4 * 113 ג' תומר,Cherry growers inc,,"רסק תפו""ע מחית תפוחי",גרמים,452.00,100 גרם,false,,10.90,0.0241,true,1,16260
7290012019265,false,"רסק תפו""ע דיאט תומר מארז 113X4ג'",Cherry growers inc,,"מחית תפו""ע ללא סוכר",גרמים,452.00,100 גרם,false,,10.90,0.0241,true,1,456
7290012022203,false,פריכיות קליליות חיטה,דילייט,,קליליות חיטה מלאה די,גרמים,100.00,100 גרם,false,,13.90,0.1390,true,1,20410
7290012022227,false,פריכיות קליליות בטעם,דילייט,,קליליות בטעם טבעי די,גרמים,60.00,100 גרם,false,,11.90,0.1983,true,1,20411
7290012022272,false,פריכיות קליליות קידס,דילייט,,פריכיות קליליות קידס,אין,0.00,יחידה,false,,10.90,0.0000,true,1,20412
7290012086113,false,עגבניות שרי צימן קופסא 500ג',מרינה,IL,עגבניות שרי,גרמים,500.00,100 גרם,false,,9.90,0.0198,true,1,31187
7290012116063,false,"כיף אל סבון פיות בתמציות קמומיל 750 מ""ל",טרופיקל דגיל תעשיות,IL,אל סבון כיף פיות בתמ,מיליליטרים,750.00,"100 מ""ל",false,,11.90,0.0159,true,1,19330
7290012116537,false,"סנו מקסימה אבקת כביסה 2.5 ק""ג מאסק",טרופיקל דגיל תעשיות,IL,אבקת כביסה סנו מקסימ,אלף,2.50,"ק""ג",false,,26.90,10.7600,true,1,19334
7290012116612,false,אורביטול מברשת שיניים מארז 4 יח',ג'נרל מילס סאן אדריא,CN,מארז מברשות שיניים א,אין,0.00,יחידה,false,,10.90,0.0000,true,1,2473
7290012117091,false,אבקת -כביסה סנו מקסימה סנסיטיב 6 קג,סנו מקסימה,IL,אבקת כביסה סנו מקסימ,אלף,6.00,"ק""ג",false,,49.90,8.3167,true,1,19342
7290012117275,false,נוזל רב תכליתי לניקוי ולהברקה מילוי,טרופיקל דגיל תעשיות,IL,סנוקליר שקית מילוי 7,מיליליטרים,750.00,"100 מ""ל",false,,6.90,0.0092,true,1,19345
7290012117350,false,ריצפז פרש 2 ליטר לילך לבנדר,"סנו מפעלי ברונוס בע""",IL,ריצפז פרש לילך לבנדר,ארגז,2.00,ליטר,false,,18.90,9.4500,true,1,19346
7290012117428,false,"קרמה - שמפו וג'ל רחצה 2 ב-1 מנטה 700 מ""ל",טרופיקל דגיל תעשיות,IL,שמפו וג'ל רחצה לגבר,מיליליטרים,700.00,"100 מ""ל",false,,18.90,0.0270,true,1,19350
7290012117435,false,"קרמה - שמפו וג'ל רחצה 2 ב-1 אלוורה 700 מ""ל",טרופיקל דגיל תעשיות,IL,שמפו וג'ל רחצה אלוור,מיליליטרים,700.00,"100 מ""ל",false,,18.90,0.0270,true,1,19351
7290012117534,false,סנו - מקסימה מרכך כביסה מרוכז קול 1 ליטר,"סנו מפעלי ברונוס בע""",IL,סנו מקסימה מרכך קומפ,אין,0.00,יחידה,false,,18.90,0.0000,true,1,19353
7290012117541,false,מרכך כביסה מקסימה קומפקט צהוב 1 ל' סנו,סנו מקסימה,IL,סנו מקסימה מרכך קומפ,אין,0.00,יחידה,false,,18.90,0.0000,true,1,19354
7290012117558,false,מרכך כביסה קומפקט מאסק ורוד סנו מקסימה 1 ל',"סנו מפעלי ברונוס בע""",IL,סנו מקסימה מרכך קומפ,אין,0.00,יחידה,false,,18.90,0.0000,true,1,19355
7290012117572,false,כפפות לטקס 100 יח' - M סנו סושי,סנו סושי,TH,M סנו סושי כפפות לטק,אין,0.00,יחידה,false,,44.90,0.0000,true,1,19357
7290012117589,false,כפפות סנו סושי לטקס L אריזת 100יח',סנו סושי,TH,L סנו סושי כפפות לטק,אין,0.00,יחידה,false,,44.90,0.0000,true,1,19358
7290012117626,false,שטיפת פה דנטלית לילדים בטעם ענבים בוב ספוג,אורביטול Orbitol,IL,אורביטול בוב ספוג מי,מיליליטרים,250.00,"100 מ""ל",false,,9.90,0.0396,true,1,90929
7290012117732,false,סנו - מקסימה מרכך כביסה קול שחור 4 ליטר,"סנו מפעלי ברונוס בע""",IL,מרכך כביסה סנו מקסימ,ארגז,4.00,ליטר,false,,22.90,5.7250,true,1,19360
7290012117916,false,סנו אינסטלאטור פותח סתימות נוזלי 1 ל',"סנו מפעלי ברונוס בע""",IL,סנו אינסטלאטור פותח,אין,0.00,יחידה,false,,29.90,0.0000,true,1,19362
7290012159275,false,מיונז אמיתי לינה 430,לינה,,מיונז לינה 430גר' כש,גרמים,430.00,100 גרם,false,,11.90,0.0277,true,1,9444
7290012159480,false,קאווה גוטה דה מרוויה,,,קאווה גוטה דה מרוויה,מיליליטרים,700.00,"100 מ""ל",false,,26.90,0.0384,true,1,9447
7290012191084,false,המנגליסט גפרורים עשי,,,המנגליסט גפרורים עשי,אין,0.00,יחידה,false,,2.90,0.0000,true,1,67784
7290012191091,false,מדליק פחמים המנגליסט,,,מדליק פחמים המנגליסט,אין,0.00,יחידה,false,,4.90,0.0000,true,1,6803
7290012191107,false,המנגליסט גפרורים XL,,,המנגליסט גפרורים XL,אין,0.00,יחידה,false,,5.90,0.0000,true,1,67785
7290012193125,false,ממתיק על בסיס סוכרלוז - טבליות,מיוצר עי קונדיטוריית,CN,מרמולייט סוכרלוז 150,גרמים,150.00,100 גרם,false,,23.90,0.1593,true,1,6612
7290012212154,false,מלפפון במלח קטן מוטו,מוטולה,IL,מלפפון במלח קטן בצנצ,גרמים,560.00,100 גרם,false,,12.90,0.0230,true,1,357050
7290012226021,false,סלמי מעושן פראג יבש 400 ג' זוגלובק,נקניק נהריה כשר זוגל,IL,סלמי מעושן פראג יבש,גרמים,400.00,100 גרם,false,,16.90,0.0422,true,1,24770
7290012226120,false,קבנוס זוגלובק 135גר,נקניק נהריה כשר זוגל,IL,זוגלובק קבנוס 135ג.,גרמים,135.00,100 גרם,false,,10.90,0.0807,true,1,24771
7290012226939,false,קבנוס עם צ'ילי חריף 135ג' זוגלובק,נקניק נהריה כשר זוגל,IL,זוגלובק קבנוס בטעם צ,גרמים,135.00,100 גרם,false,,10.90,0.0807,true,1,24775
7290012227325,false,סלמי דק דק מעושן איטלקי 120 ג' זוגלובק,זוגלובק,IL,זוגלובק סלמי מעושן ד,גרמים,120.00,100 גרם,false,,11.90,0.0992,true,1,24778
7290012227912,false,קבנוס עודן 135 ג' זוגלובק,זוגלובק,,קבנוס מעודן זוגלובק,גרמים,135.00,100 גרם,false,,10.90,0.0807,true,1,24787
7290012227974,false,פסטרמה הודו בדבש טהור דק דק דק,זוגלובק,IL,זוגלובק פסטרמה בדבש,גרמים,120.00,100 גרם,false,,11.90,0.0992,true,1,24788
7290012227981,false,פסטרמה דק דק ברביקיו 120 ג' זוגלובק,זוגלובק,IL,פסטרמה ברביקיו זוגלו,גרמים,120.00,100 גרם,false,,11.90,0.0992,true,1,24789
7290012227998,false,פסטרמה דק דק חזה בקר 120 ג' זוגלובק,זוגלובק,IL,זוגלובק חזה בקר 12,גרמים,120.00,100 גרם,false,,12.90,0.1075,true,1,24790
7290012228261,false,נקנקיות קנקרס הודו ועוף ריינהולד'ס זוגלובק 300 ג',זוגלובק,IL,נקנקיות הודו קנקרס ר,גרמים,300.00,100 גרם,false,,19.90,0.0663,true,1,24793
7290012228278,false,נקנקיות בוקוורסט עוף ובקר ריינהולד'ס 310 ג' זוגלובק,זוגלובק,IL,נקנקיות בוקוורסט הוד,גרמים,300.00,100 גרם,false,,19.90,0.0663,true,1,24794
7290012260827,false,שערות קדאיף מזאווי 4,ממתקי מזאוי,,שערות קדאיף 475 גרם,גרמים,475.00,100 גרם,false,,13.90,0.0293,true,1,30011
7290012313141,false,מלפפון פרוס במלח A2 ק.יבנה 540ג',אף.סי תבליני בגליל ב,IL,פרוסות מלפפון במלח י,גרמים,540.00,100 גרם,false,,6.30,0.0117,true,1,32282
7290012313240,false,יבנה זיתים מיקס ירוק וקלמטה 560 גר',,,מיקס זית ירוק וקלמטה,גרמים,560.00,100 גרם,false,,10.90,0.0195,true,1,38708
7290012372100,false,"קמח חיטה מלא 80% 1 ק""ג רובינפלד",,,קמח חיטה 80% רובינפל,אלף,1.00,"ק""ג",false,,10.90,10.9000,true,1,296851
7290012372117,false,"קמח 100% רובינפלד 1ק""ג",,,קמח חיטה מלא 100% רו,אלף,1.00,"ק""ג",false,,10.90,10.9000,true,1,296852
7290012372155,false,"קמח כוסמין 80% 1ק""ג רובינפלד",,,קמח כוסמין 80% רובינ,אלף,1.00,"ק""ג",false,,16.90,16.9000,true,1,296880
7290012372209,false,"קמח חיטה לבן 1 ק""ג רובינפלד",,,קמח חיטה לבן מנופה ר,אלף,1.00,"ק""ג",false,,7.90,7.9000,true,1,296837
7290012372247,false,"קמח כוסמין לבן 1 ק""ג רובינפלד",,,קמח כוסמין לבן רובינ,אלף,1.00,"ק""ג",false,,16.90,16.9000,true,1,296894
7290012404955,false,ספרינג קולקשן נקטר חמוציות 1.25 ל',"יפאורה תבורי בע""מ",IL,ספרינג נקטר חמוציות,ארגז,1.25,ליטר,false,,12.50,10.0000,true,1,9702
7290012413636,false,תה ויסוצקי ירוק צ'אי מסאלה 25 יח',ויסוצקי ירוק,IL,תה ירוק צ'אי T.Tשמינ,גרמים,37.50,100 גרם,false,,23.90,0.6373,true,1,16126
7290012413643,false,תה ויסוצקי ירוק קמומיל 25 יח',ויסוצקי ירוק,IL,תה ירוק קמומיל T.Tשמ,גרמים,37.50,100 גרם,false,,23.90,0.6373,true,1,16127
7290012522581,false,טבעול שניצל תירס ללא גלוטן טבעול 664 גרם,עיצובים 2020 (4.8),IL,טבעול שניצל תירס ללא,גרמים,664.00,100 גרם,false,,19.90,0.0300,true,1,13667
7290012561313,false,בצל קצוץ מטוגן דורות,עיצובים 2020 (3.8),IL,בצל מטוגן דורות 400,גרמים,400.00,100 גרם,false,,16.90,0.0422,true,1,107717
7290012561405,false,בצל חצי מטוגן דורות 180 גרם,עיצובים 2020 (3.8),IL,בצל חצי מטוגן דורות,גרמים,180.00,100 גרם,false,,10.50,0.0583,true,1,13668
7290012576379,false,יין ספיישל רזרב מרלו,יקבי ברקן שיווק והפצ,IL,מרלו ספיישל רזרב 750,מיליליטרים,750.00,"100 מ""ל",false,,59.90,0.0799,true,1,271797
7290012576614,false,יין Premieur לבן חצי יבש אמרלד ריזלינג קולומברד,יקבי ברקן שיווק והפצ,IL,ברקן יין פרמייר לבן,מיליליטרים,750.00,"100 מ""ל",false,,26.90,0.0359,true,1,8686
7290012611735,false,מטריית פטרייה,,,מטריית פטרייה,אין,0.00,יחידה,false,,29.90,0.0000,true,1,30322
7290012611841,false,מטריית גולף אוטומט ק,,,מטריית גולף אוטומט ק,אין,0.00,יחידה,false,,29.90,0.0000,true,1,20214
7290012642586,false,ערמונים קלופים תומר 100 ג',Tangshan huiyuan foo,,ערמונים קלופים וקלוי,גרמים,100.00,100 גרם,false,,5.90,0.0590,true,1,16264
7290012642852,false,פלפל אדום קלוי על הא,,,פלפל אדום קלוי על הא,גרמים,330.00,100 גרם,false,,11.90,0.0361,true,1,16265
7290012642876,false,פלפלים קטנים חריפים כבושים שלמים,יושלם,,פלפלונים מעורב כבושי,גרמים,530.00,100 גרם,false,,11.90,0.0225,true,1,16266
7290012645068,false,גבינה מותכת מחלב עיזים 16% שומן ישראלה 180 ג',"נארז ע""י : א.ג. גילר",IL,ישראלה גבינת עיזים 1,גרמים,180.00,100 גרם,false,,22.90,0.1272,true,1,68904
7290012645112,false,"יוגורט עיזים בדלי חלב הארץ 750מ""ל",מחלבות סוסיא,IL,יוגורט עיזים בדלי 75,מיליליטרים,750.00,"100 מ""ל",false,,18.90,0.0252,true,1,15517
7290012645129,false,"יוגורט כבשים בדלי חלב הארץ 750מ""ל",מחלבות סוסיא,IL,יוגורט כבשים בדלי 75,מיליליטרים,750.00,"100 מ""ל",false,,18.90,0.0252,true,1,15518
7290012645174,false,לאבנה עיזים 5% 200 גר',חלב הארץ,IL,גבינת עיזים 5% חלב ה,גרמים,200.00,100 גרם,false,,13.90,0.0695,true,1,349480
7290012645297,false,סוסיא יוגורט עיזים ביו 2.8% ט.טבעי 150מל,מחלבות סוסיא,IL,סוסיא יוגורט עיזים ב,מיליליטרים,150.00,"100 מ""ל",false,,5.90,0.0393,true,1,15519
7290012645389,false,יוגורט עיזים טבעי חלב הארץ 1 ל',מחלבות סוסיא,IL,חלב הארץ יוגורט ביו,ארגז,1.00,ליטר,false,,20.90,20.9000,true,1,15521
7290012697081,false,סוכרזית מהטבע סטיוויה 100 שקיות,"סוכרזית בע""מ",IL,סוכרזית מהטבע סטיווי,גרמים,100.00,100 גרם,false,,32.00,0.3200,true,1,14983
7290012803055,false,ממתיק על בסיס סוכרלוז - שקיות,תות ממתקי איכות,IL,מרמולייט סוכרלוז 100,גרמים,100.00,100 גרם,false,,19.90,0.1990,true,1,6616
7290012803215,false,וופל בלגי בטעם שוקולד ללא תוספת סוכר,בטר אנד דיפרנט,IL,טוסו וופל בלגי שוקול,גרמים,200.00,100 גרם,false,,10.00,0.0500,true,1,6617
7290012803222,false,וופל בלגי בטעם לימון ללא תוספת סוכר,בטר אנד דיפרנט,IL,טוסו וופל בלגי לימון,גרמים,200.00,100 גרם,false,,10.00,0.0500,true,1,6618
7290012803321,false,מרמולייט סוכרלוז 200 שקיות אישיות,מרמולייט,IL,מרמולייט סוכרלוז 200,גרמים,200.00,100 גרם,false,,36.90,0.1845,true,1,2823
7290012803451,false,שוקולד מריר מעולה 62% ללא תוספת סוכר,טוסו tusso,TR,טוסו שוקלד מריר 62%,גרמים,100.00,100 גרם,false,,8.90,0.0890,true,1,6621
7290012803765,false,שוקולד מריר ללא תוספת סוכר,אלטינמארקה גידה סאן,TR,טוסו שוקלד מריר 100ג,גרמים,100.00,100 גרם,false,,8.90,0.0890,true,1,6623
7290012803772,false,שוקולד חלב ללא תוספת סוכר,אלטינמארקה גידה סאן,TR,טוסו שוקלד חלב 100ג,גרמים,100.00,100 גרם,false,,8.90,0.0890,true,1,6624
7290012803789,false,שוקולד מריר עם אגוזים ללא תוספת סוכר,האי נאם סי או אל.טי.,TR,טוסו שוקלד מריר ואגו,גרמים,100.00,100 גרם,false,,8.90,0.0890,true,1,6625
7290012823381,false,מרכך כביסה מקסימה סנסיטיב מרוכז ורוד 1 ל' סנו,"סנו מפעלי ברונוס בע""",IL,סנו מקסימה סנסטיב מר,אין,0.00,יחידה,false,,18.90,0.0000,true,1,19367
7290012823398,false,מטליות חד פעמיות לניקוי הרצפה בניחוח מרכך כביסה 10יח' סנו,סנו מפעלי ברונו בעמ,IL,ריצפז מטליות לחות בנ,אין,0.00,יחידה,false,,11.90,0.0000,true,1,19368
7290012823558,false,מטליות ענק לחות לרצפה 10 יח' סנו סושי,סנו מפעלי ברונוס בעמ,IL,סנו סושי מטליות ענק,אין,0.00,יחידה,false,,10.90,0.0000,true,1,19371
7290012823565,false,פוליויקס פרקט מטליות ענק לחות 10יח,דינאמיק תעשיות,IL,פוליויקס פרקט מטליות,אין,0.00,יחידה,false,,14.90,0.0000,true,1,19372
7290012823923,false,מרכך כביסה סופר מרוכז פרפיום גולדן סנרייז,סנו מפעלי ברונוס בעמ,IL,סנו מקסימה מרכך פרפי,מיליליטרים,750.00,"100 מ""ל",false,,18.90,0.0252,true,1,19379
7290012850073,false,בי לאב מחית סלט פירות 190 גר,בילובד Beloved,SK,בי לאב מחית סלט פירו,גרמים,190.00,100 גרם,false,,5.90,0.0311,true,1,18905
7290012884986,false,תפוגן ציפס לתנור עד 4% שומן 1.5 קג,"תעשיות תפוגן בע""מ",IL,תפוגן ציפס לתנור עד,אלף,1.50,"ק""ג",false,,24.90,16.6000,true,1,13670
7290012901973,false,גאלה שעועית אדומה 400 גרם,,,שעועית אדומה 400 גרם,גרמים,400.00,100 גרם,false,,9.90,0.0248,true,1,96769
7290012921025,false,מלכה בוטיק בירה בהיר,בירה מלכה בעמ,IL,מלכה בוטיק בירה בהיר,מיליליטרים,330.00,"100 מ""ל",false,,12.90,0.0391,true,1,7614
7290012931055,false,מגב חלון פלסטיק 24 ס,,,מגב חלון פלסטיק ( 24,אין,0.00,יחידה,false,,7.90,0.0000,true,1,10625
7290012936937,false,מימון בהרט 40 גרם,א.ל ייצור ושיווק תבל,IL,מימון בהרט 40 גרם,גרמים,50.00,100 גרם,false,,11.90,0.2380,true,1,3886
7290012938580,false,"סנסודיין משחת שיניים להלבנה עדינה 75 מ""ל",גלקסוסמית'קליין קונס,GB,משחת שיניים הלבנה עד,מיליליטרים,75.00,"100 מ""ל",false,,20.90,0.2787,true,1,5693
7290012938740,false,"משחת שיניים פרש מינט מנטה 75מ""ל סנסודיין",גלקסו סמית קליין,GB,משחת שיניים פרש מינט,מיליליטרים,75.00,"100 מ""ל",false,,20.90,0.2787,true,1,5694
7290012962936,false,כפפות ניטריל סייף טא,,,כפפות ניטריל סייף טא,אין,0.00,יחידה,false,,27.90,0.0000,true,1,309292
7290013010001,false,עגבניות מרוסקות 240 גר' פרי מבורך,זנלכל,IL,עגבניות מרוסקות פרי,גרמים,260.00,100 גרם,false,,5.50,0.0212,true,1,8134
7290013010018,false,פרי מבורך רוטב פסטה 240 גרם,זנלכל,IL,רוטב לפסטה פרי מבורך,גרמים,260.00,100 גרם,false,,5.50,0.0212,true,1,8135
7290013010025,false,רוטב פיצה 240 גר' פרי מבורך,זנלכל,IL,רוטב לפיצה פרי מבורך,גרמים,260.00,100 גרם,false,,5.50,0.0212,true,1,8136
7290013027399,false,לחם קמח מלא קל בתוספת שיפון 750 ג' אנג'ל,מאפיית שלמה א. אנג'ל,IL,לחם 100 בתוספת שיפון,גרמים,750.00,100 גרם,false,,13.90,0.0185,true,1,22644
7290013038432,false,מים מזוככים אקווה נובה,אקווה נובה Aqua Nova,IL,אקווה נובה 2 ליטר,ארגז,2.00,ליטר,false,,4.70,2.3500,true,1,8690
7290013083685,false,תרכובת מזון המשך לפעוטות שלב 3 Extra Care,מטרנה תעשיות ש.מ,IL,מטרנה אקסטרה קר שלב,גרמים,700.00,100 גרם,false,,58.90,0.0841,true,1,13114
7290013117212,false,בורקס פילו גבינה מעדנות מעדנות 600 ג',מיוצר עי קונדיטוריית,IL,בורקס פילו גבינה מעד,גרמים,600.00,100 גרם,false,,15.90,0.0265,true,1,22758
7290013117229,false,בורקס פילו תפוא מעדנות 600 גרם,מיוצר עי קונדיטוריית,IL,בורקס פילו תפוא מעדנ,גרמים,600.00,100 גרם,false,,15.90,0.0265,true,1,22759
7290013117243,false,בורקס פילו בולגרית מעדנות 600 ג',מיוצר עי קונדיטוריית,IL,בורקס פילו בולגרית מ,גרמים,600.00,100 גרם,false,,15.90,0.0265,true,1,22761
7290013117410,false,בצק פריך מרודד למאפים מתוקים 900 ג' מעדנות,מיוצר עי קונדיטוריית,IL,מעדנות בצק פריך מרוד,גרמים,900.00,100 גרם,false,,19.90,0.0221,true,1,22762
7290013117427,false,בצק פריך מרודד למאפים מלוחים 900 ג' מעדנות,מיוצר עי קונדיטוריית,IL,מעדנות בצק פריך מרוד,גרמים,900.00,100 גרם,false,,19.90,0.0221,true,1,22763
7290013117526,false,מעדנות בצק שמרים למאפים מתוקים 900 גרם,"מעדנות בע""מ",IL,מעדנות בצק שמרים למא,גרמים,900.00,100 גרם,false,,19.90,0.0221,true,1,22764
7290013121028,false,לחם לבן ללא גלוטן גר,אביב קונדיטוריה מעול,IL,לחם לבן ללא גלוטן גר,גרמים,500.00,100 גרם,false,,17.90,0.0358,true,1,32433
7290013121103,false,רביעיית שליש באגט ללא גלוטן,אביב קונדיטוריה מעול,IL,שליש בגט 4 יחידות גר,גרמים,400.00,100 גרם,false,,16.40,0.0410,true,1,2256
7290013121127,false,לחמניות מיני ללא גלוטן,אביב קונדיטוריה מעול,IL,לחמניות מיני ללא גלו,גרמים,480.00,100 גרם,false,,17.90,0.0373,true,1,32434
7290013121165,false,לחמניות נקניקיה ללא גלוטן,אביב קונדיטוריה מעול,IL,"לחמניות נקניקיה כשל""",גרמים,460.00,100 גרם,false,,17.90,0.0389,true,1,32436
7290013144157,false,סחלב מיימונס 130 גרם,מיוצר עי קונדיטוריית,IL,מימונס סחלב 130 גרם,גרמים,130.00,100 גרם,false,,10.90,0.0838,true,1,11535
7290013144171,false,תערובת עוגת שוקולד מימונס 560 ג',מיוצר עי קונדיטוריית,IL,תערובת עוגת שוקולד 5,גרמים,560.00,100 גרם,false,,14.90,0.0266,true,1,11536
7290013144195,false,תערובת כדורי שוקולד מימונס 500 ג',מיוצר עי קונדיטוריית,IL,תערובת כדורי שוקולד,גרמים,500.00,100 גרם,false,,14.90,0.0298,true,1,11538
7290013144232,false,פודינג בטעם וניל מימונס 80 ג',מיוצר עי קונדיטוריית,IL,פודינג וניל מימונס 8,גרמים,80.00,100 גרם,false,,4.90,0.0613,true,1,11542
7290013144317,false,גלילית וופל למילוי מימונס 18 יח',הגביע מוצרי וופלים ב,IL,ג`וני - גלילית וופל,גרמים,400.00,100 גרם,false,,21.90,0.0547,true,1,11547
7290013144393,false,"תמצית בטעם וניל מימונס 50 מ""ל",מיוצר עי קונדיטוריית,IL,תמצית בטעם וניל 50גר,גרמים,50.00,100 גרם,false,,4.50,0.0900,true,1,11550
7290013144409,false,"תמצית בטעם רום מימונס 50 מ""ל",מיוצר עי קונדיטוריית,IL,תמצית בטעם רום 50גר,מיליליטרים,50.00,"100 מ""ל",false,,4.50,0.0900,true,1,11551
7290013144416,false,"תמצית בטעם שקדים מימונס 50 מ""ל",מיוצר עי קונדיטוריית,IL,תמציתבטעם שקדים 50גר,גרמים,50.00,100 גרם,false,,4.50,0.0900,true,1,11552
7290013144539,false,צבע מאכל אדום מימונס 50 ג',מיוצר עי קונדיטוריית,IL,צבע מאכל אדום 50גר,גרמים,50.00,100 גרם,false,,4.50,0.0900,true,1,11556
7290013144614,false,"סירופ מייפל אמיתי 100% מימונס 236 מ""ל",הנסיך- מפעל לייצור ט,DK,סירופ מייפל אמיתי 10,מיליליטרים,236.00,"100 מ""ל",false,,30.90,0.1309,true,1,11558
7290013144751,false,מימונס סירופ בטעם מייפל 500 מל,,,מימונס סירופ בטעם מי,מיליליטרים,500.00,"100 מ""ל",false,,13.90,0.0278,true,1,11559
7290013144768,false,סירופ בטעם שוקולד מימונס 500ג',,,מימונס סירופ בטעם שו,מיליליטרים,500.00,"100 מ""ל",false,,13.90,0.0278,true,1,11560
7290013144805,false,אייס קפה לייט להכנה,,,אייס קפה לייט להכנה,גרמים,245.00,100 גרם,false,,20.90,0.0853,true,1,402948
7290013144812,false,אייס קפה וניל 320 גרם - מימונס,,,אייס קפה וניל 320 גר,גרמים,320.00,100 גרם,false,,17.90,0.0559,true,1,402949
7290013144911,false,מיקס שוקולד צ'יפס מר,,,מיקס שוקולד צ'יפס מר,גרמים,250.00,100 גרם,false,,14.90,0.0596,true,1,457982
7290013145055,false,פרג שלם מימונס 100 גר',,,פרג שלם 100גר,גרמים,100.00,100 גרם,false,,6.90,0.0690,true,1,11567
7290013145062,false,"סירופ מייפל אמיתי 100% מימונס 187 מ""ל",,,סירופ מייפל אמיתי %1,מיליליטרים,187.00,"100 מ""ל",false,,19.90,0.1064,true,1,11568
7290013145116,false,שקד מולבן מקלות מימונס 100 גר',,,מימונס שקד מולבן מקל,גרמים,100.00,100 גרם,false,,12.90,0.1290,true,1,11572
7290013145123,false,שקד מולבן פרוס מימונס 100 גר',,,מימונס שקד מולבן פרו,גרמים,100.00,100 גרם,false,,12.90,0.1290,true,1,11573
7290013145178,false,קוקוס טחון לבן מימונס 100 ג',,,קוקוס טחון לבן 100 ג,גרמים,100.00,100 גרם,false,,4.90,0.0490,true,1,11576
7290013145192,false,שומשום מימונס 100 ג',,,שומשום 100גר,גרמים,100.00,100 גרם,false,,4.90,0.0490,true,1,11577
7290013145215,false,שומשום מימונס 400 גרם,מיוצר עי קונדיטוריית,IL,שומשום 400גר,גרמים,400.00,100 גרם,false,,14.90,0.0373,true,1,11578
7290013145277,false,עלים לקרמשניט 300 גר מימונס,,,עלים לקרמשניט 300 גר,גרמים,300.00,100 גרם,false,,15.90,0.0530,true,1,11580
7290013145390,false,מימונס שוקולד צ'יפס מהדרין 250 גר,אינטרגטה תעשיות מזון,IL,מימונס שוקולד ציפס מ,גרמים,250.00,100 גרם,false,,8.90,0.0356,true,1,11581
7290013145406,false,שוקולד צ'יפס לבן מימונס 250 גר',אינטרגטה תעשיות מזון,IL,מימונס שוקולד ציפס ל,גרמים,250.00,100 גרם,false,,9.90,0.0396,true,1,11582
7290013145437,false,שוקולד מריר מעולה ציפס מימונס 250 ג',הנסיך- מפעל לייצור ט,IL,מימונס שוקולד ציפס 4,גרמים,250.00,100 גרם,false,,12.90,0.0516,true,1,11583
7290013145444,false,שוקולד מריר מעולה ציפס 66% מימונס 250 ג',המאפיה של הרמן,IL,מימונס שוקולד ציפס 6,גרמים,250.00,100 גרם,false,,12.70,0.0508,true,1,11584
7290013145628,false,סוכריות צבעוניות לקישוט מימונס 200 ג',א.ל ייצור ושיווק תבל,IL,סוכריות צבעוניות לקי,גרמים,200.00,100 גרם,false,,8.90,0.0445,true,1,11591
7290013145710,false,דובדבנים מסוכרים מימונס 100 ג',מיוצר עי קונדיטוריית,IL,דובדבנים מסוכרים 100,גרמים,100.00,100 גרם,false,,9.90,0.0990,true,1,1011
7290013145826,false,פודניג בטעם וניל לבן במיוחד מימונס 80 ג',א.ל ייצור ושיווק תבל,IL,מימונס פודינג בטעם ו,גרמים,80.00,100 גרם,false,,3.90,0.0487,true,1,11595
7290013145840,false,סוכר וניל מימונס 10* 10 ג',מיוצר עי קונדיטוריית,IL,מימונס סוכר וניל 10*,גרמים,100.00,100 גרם,false,,2.50,0.0250,true,1,11597
7290013145857,false,אבקת אפייה 10 יח' בצלופן,י. כהן בעמ,IL,אבקת אפיה 10* 10 גרם,גרמים,100.00,100 גרם,false,,2.50,0.0250,true,1,11598
7290013145901,false,סודה לשתיה מימונס 100 ג',,,סודה לשתיה 100 גרם,גרמים,100.00,100 גרם,false,,2.00,0.0200,true,1,11601
7290013145918,false,אבקת סוכר מימונס 100 גר',א.ל. ייצור ושיווק תב,IL,אבקת סוכר 100 גרם,גרמים,100.00,100 גרם,false,,2.00,0.0200,true,1,11602
7290013145963,false,שמרים יבשים בוואקום מימונוס 125 ג',,,מימונס שמרים יבשים ב,גרמים,125.00,100 גרם,false,,5.50,0.0440,true,1,11605
7290013145970,false,קורנפלור מימונס בשקית 200 ג',א.ל ייצור ושיווק תבל,IL,מימונס קורנפלור 200,גרמים,200.00,100 גרם,false,,3.90,0.0195,true,1,11606
7290013146243,false,פודינג בטעם וניל 320,,,פודינג בטעם וניל 320,גרמים,320.00,100 גרם,false,,18.90,0.0591,true,1,426977
7290013146304,false,קורנפלור 500 גרם מימונס.,,,מימונס קורנפלור 500,גרמים,500.00,100 גרם,false,,6.90,0.0138,true,1,11617
7290013146489,false,קונוסים מבצק עלים מימונס 120 ג',,,קונוסים מבצק עלים 12,גרמים,120.00,100 גרם,false,,14.90,0.1242,true,1,78216
7290013146762,false,קצפת לזילוף 24% שומן,,,קצפת לזילוף 24% שומן,גרמים,500.00,100 גרם,false,,6.80,0.0136,true,1,132981
7290013153395,false,פריגת סחוט טרי רימונים 1ליטר,פריגת,IL,פריגת סחוט רימונים 1,ארגז,1.00,ליטר,false,,22.90,22.9000,true,1,6935
7290013153418,false,פריגת סחוט לימונענע 1ל',,,פריגת מצונן סחוט לימ,אין,0.00,יחידה,false,,15.90,0.0000,true,1,6937
7290013153593,false,רכז פריגת תפוזים מתק,"גת גבעת חיים,",IL,פריגת סחוט תפוזים מת,ארגז,1.00,ליטר,false,,11.90,11.9000,true,1,6943
7290013156006,false,עוגיות כעכים לקפה מרוקאיות 200גר,,,עוגיות מרוקאיות גיק,גרמים,350.00,100 גרם,false,,16.90,0.0483,true,1,237305
7290013156228,false,מרנג צילינדר אלף נשי,,,מרנג צילינדר אלף נשי,גרמים,100.00,100 גרם,false,,19.90,0.1990,true,1,237367
7290013156822,false,עוגיות רייף גיקובס 3,,,עוגיות רייף גיקובס 3,גרמים,350.00,100 גרם,false,,16.90,0.0483,true,1,237306
7290013156846,false,עוגיות מלוחות גיקובס,,,עוגיות מלוחות גיקובס,גרמים,350.00,100 גרם,false,,16.90,0.0483,true,1,237307
7290013156914,false,עוגיות כעך טוניסאי ג,,,עוגיות כעך טוניסאי ג,גרמים,350.00,100 גרם,false,,16.90,0.0483,true,1,237308
7290013156921,false,עצבעות מתוקות ללא תו,,,"עוגיות מרוקאיות לל""",גרמים,350.00,100 גרם,false,,16.90,0.0483,true,1,237309
7290013215123,false,פטריות שמפניון למילו,ביכורי שדה דרום 2002,,פטריות שמפניון למילו,יח',1.00,יח',false,,19.90,19.9000,true,1,175915
7290013220103,false,דובדבן קפוא 500 גרם,א.מ שרון,PL,דובדבן קפוא 500 גרם,גרמים,500.00,100 גרם,false,,19.90,0.0398,true,1,31791
7290013220134,false,מיקס פירות שדה קפוא,א.מ שרון,PL,פירות יער 500 גרם בק,גרמים,500.00,100 גרם,false,,19.90,0.0398,true,1,31794
7290013220318,false,חמוצית קפוא 400 גרם,א.מ שרון,PL,חמוציות יער 400 גרם,גרמים,400.00,100 גרם,false,,19.90,0.0497,true,1,83407
7290013220899,false,תות שדה קפוא 500 גרם,א.מ שרון,PL,תות שדה קפוא 500 גרם,גרמים,500.00,100 גרם,false,,19.90,0.0398,true,1,31797
7290013220929,false,אוכמניות כחולות קפוא,א.מ שרון,PL,אוכמנית כחולות 400,גרמים,400.00,100 גרם,false,,19.90,0.0497,true,1,31798
7290013221001,false,חתיכות אננס קפוא 500,א.מ שרון,PL,אננס 500 גרם בקופסא,גרמים,500.00,100 גרם,false,,19.90,0.0398,true,1,31802
7290013221018,false,חתיכות מנגו קפוא 500,א.מ שרון,PL,מנגו 500 גרם בקופסא,גרמים,500.00,100 גרם,false,,19.90,0.0398,true,1,31803
7290013268020,false,סנו - מקסימה מרכך כביסה מרוכז אולטרה פרש 1 ליטר,"סנו מפעלי ברונוס בע""",IL,סנו מקסימה אולטרא פר,אין,0.00,יחידה,false,,18.90,0.0000,true,1,19381
7290013268037,false,סנו מקסימה מרכך כביסה פצ''ולי מרוכז סגול 1 ל',סנו מקסימה,IL,סנו מקסימה פצ'ולי מר,אין,0.00,יחידה,false,,18.90,0.0000,true,1,19382
7290013268242,false,תרכיז ריחני לניקוי רצפות בריח מלון מפנק ריצפז פרש,"סנו מפעלו ברונוס בע""",IL,ריצפז פרש הום בניחוח,ארגז,2.00,ליטר,false,,21.90,10.9500,true,1,19386
7290013268563,false,"קרמה - דאודורנט ספריי לגבר ללא אלומיניום כחול קול 200 מ""ל",מיוצר עי אמיליה קוסמ,IL,דאודורנט ספרי קרמה מ,מיליליטרים,200.00,"100 מ""ל",false,,13.90,0.0695,true,1,81005
7290013268839,false,סנו פוליויקס פרקט בריח מלון חלומי,סנו פוליויקס,IL,סנו פוליויקס פרקט בנ,ארגז,2.00,ליטר,false,,21.90,10.9500,true,1,19391
7290013268884,false,ריצפז פרש בניחוח מאסק,מיוצר עי קונדיטוריית,IL,ריצפז פרש מאסק 2 ליט,ארגז,2.00,ליטר,false,,18.90,9.4500,true,1,19393
7290013268891,false,מסיר כתמים ג'ל אוקסיג'ן ללא אקונומיקה,"סנו מפעלי ברונוס בע""",IL,סנו אוקסיג'ן 3 ליטר,ארגז,3.00,ליטר,false,,30.90,10.3000,true,1,19394
7290013268907,false,ג'ל כביסה מרוכז מקסימה Bio cold water,"סנו מפעלי ברונוס בע""",IL,מקסימה ג'ל כביסה ביו,ארגז,3.00,ליטר,false,,33.90,11.3000,true,1,19395
7290013268938,false,סנובון סבון אסלה בניחוח מאסק - מארז 3 יח',סנו,IL,סנובון שלישיה מאסק 3,גרמים,195.00,100 גרם,false,,11.90,0.0610,true,1,19397
7290013268983,false,מרכך כביסה סופר מרוכז בבישום עוצמתי סנו מקסימה 1 ל',"סנו מפעלי ברונוס בע""",IL,מקסימה מרכך כביסה בב,אין,0.00,יחידה,false,,18.90,0.0000,true,1,90145
7290013268990,false,סנו - מקסימה מרכך כביסה מרוכז ביו 1 ליטר,"סנו מפעלי ברונוס בע""",IL,סנו מקסימה מרכך מרוכ,אין,0.00,יחידה,false,,18.90,0.0000,true,1,19398
7290013269003,false,מרכך כביסה סופר מרוכז בייבי לתינוקות ולעור רגיש,"סנו מפעלי ברונוס בע""",IL,סנו מקסימה קר בייבי,ארגז,1.00,ליטר,false,,19.90,19.9000,true,1,19399
7290013269263,false,ג'ל כביסה מרוכז מקסימה בבישום קריסטל נואר,סנו מפעלי ברונוס בעמ,IL,מקסימה גל כביסה קריס,ארגז,3.00,ליטר,false,,33.90,11.3000,true,1,19400
7290013269287,false,סנו - מקסימה ג'ל כביסה מרוכז מאסק 3 ליטר,"סנו מפעלי ברונוס בע""",IL,מקסימה מאסק גל כביסה,ארגז,3.00,ליטר,false,,33.90,11.3000,true,1,19401
7290013269300,false,ניילון נצמד + לשימוש במיקרוגל,"מיוצר בהונג קונג, סי",CN,סנו סושי פלסטיק נצמד,מטרים,150.00,מטר,false,,23.90,0.1593,true,1,19402
7290013269621,false,ריצפז פרש לניקוי רצפות בניחוח מלון בוטיק,מיוצר עי קונדיטוריית,IL,ריצפז פרש הום בניחוח,ארגז,2.00,ליטר,false,,21.90,10.9500,true,1,19405
7290013269638,false,ספוג הפלא אקסטרה Extra- מארז 6 יח',סנו סושי,US,סנו סושי ספוג הפלא א,אין,0.00,יחידה,false,,9.70,0.0000,true,1,19406
7290013269645,false,מטליות לחות לניקוי הרצפה בניחוח מאסק ריצפז פרש,סנו מפעלי ברונוס בעמ,IL,ריצפז פרש מטליות לחו,אין,0.00,יחידה,false,,11.90,0.0000,true,1,19407
7290013269652,false,פולייויקס גרניט פורצלן בניתוח מאסק 2 ל',סנו פוליויקס,IL,פוליויקס גרניט פורצל,ארגז,2.00,ליטר,false,,20.90,10.4500,true,1,19408
7290013269669,false,ריצפז בניחוח פנטזיה לניקוי הרצפה,"סנו מפעלי ברונוס בע""",IL,ריצפז פנטזיה 3ל,ארגז,3.00,ליטר,false,,12.90,4.3000,true,1,19409
7290013269706,false,סנובון ג'ל לניקוי האסלה בניחוח אוקיינוס,סנו,PL,סנובון ג'ל אסלה ריח,מיליליטרים,55.00,"100 מ""ל",false,,6.90,0.1255,true,1,19411
7290013269751,false,מטליות לחותריצפז פרש לניקוי ריצפה בניחות מלון בוטיק 10 יח' סנו,טרופיקל דגיל תעשיות,IL,ריצפז מטליות לחות לנ,אין,0.00,יחידה,false,,11.90,0.0000,true,1,19412
7290013269850,false,סנו - סושי נייר אפייה אקולוגי 50 יח',מולינו ניקולי s.p.a,IL,סנו סושי נייר אפיה א,אין,0.00,יחידה,false,,14.90,0.0000,true,1,19413
7290013269867,false,סנו סושי זוג מפות אירוח,מיוצר עי קונדיטוריית,IL,סנו סושי זוג מפות אי,אין,0.00,יחידה,false,,8.90,0.0000,true,1,19414
7290013284310,false,רוטב פסטה לילדים 240 ג' פריניר,פריניר ( הדס 1987) ב,IL,רוטב לפסטה לילדים פר,גרמים,240.00,100 גרם,false,,4.90,0.0204,true,1,25583
7290013284662,false,רוטב פיצה פיתה לילדים 240 ג' פריניר,פריניר ( הדס 1987) ב,IL,רוטב פיצה פיתה פריני,גרמים,240.00,100 גרם,false,,4.90,0.0204,true,1,25584
7290013310163,false,מדליק פחם מוצק 40 יח' EASY LIGHT,הדקלאים אגודת שיתופי,DE,איזילייט מדליק פחם מ,אין,0.00,יחידה,false,,6.50,0.0000,true,1,4117
7290013310323,false,קליפס עם מחזיק מוצץ,,,קליפס עם מחזיק מוצץ,אין,0.00,יחידה,false,,21.90,0.0000,true,1,357776
7290013358356,false,מאסטר שף - פירורי לחם מוזהבים 320 גרם,מנה י.א בעמ,IL,מאסטר שף פירורי לחם,גרמים,350.00,100 גרם,false,,4.90,0.0140,true,1,525
7290013358363,false,פירורי לחם פנקו מזוהבים מאסטר שף מנה 300 ג',קריניציה ויטמינה אס,IL,מאסטר שף פירורי לחם,גרמים,300.00,100 גרם,false,,9.90,0.0330,true,1,14533
7290013358370,false,פירורי לחם פנקו בטעם שום מאסטר שף 300 ג',"מיוצר ע""י מנה י.א בע",IL,מאסטר שף פירורי לחם,גרמים,300.00,100 גרם,false,,9.90,0.0330,true,1,14534
7290013358417,false,"רוטב טיריאקי מאסטר שף אסייאתי 300 מ""ל",קריניציה ויטמינה אס,TH,מאסטר שף אסייאתי רוט,מיליליטרים,300.00,"100 מ""ל",false,,12.90,0.0430,true,1,14535
7290013358486,false,פירורי לחם מוזהבים ללא צורך בביצה,"מיוצר ע""י מנה י.א בע",IL,מאסטר שף פירורים מו,גרמים,300.00,100 גרם,false,,4.90,0.0163,true,1,526
7290013358493,false,"קרם קוקוס מאסטר שף 400 מ""ל",תאי קוקונט פבליק קומ,TH,מאסטר שף אסייאתי קרם,מיליליטרים,400.00,"100 מ""ל",false,,9.80,0.0245,true,1,14537
7290013358530,false,מאסטר שף אסייאתי רוטב צ'ילי מתוק 700 מל,קריניציה ויטמינה אס,TH,מאסטר שף רוטב צ'ילי,מיליליטרים,700.00,"100 מ""ל",false,,12.90,0.0184,true,1,14538
7290013358547,false,מאסטר שף אסייאתי רוטב צ'ילי חריף 700 מל,קי אר אס ספייסי פוד,TH,מאסטר שף רוטב צ'ילי,מיליליטרים,700.00,"100 מ""ל",false,,12.90,0.0184,true,1,14539
7290013366634,false,חסה סלנובה ראשים,מרינה פטריות הגליל,IL,חסה סלנובה,יח',1.00,יח',false,,11.90,11.9000,true,1,29384
7290013389114,false,ניוקי תפוח אדמה 500 ג' לה פסטה,לה פסטה La' Pasta,,"ניוקי תפו""א לה פסטה",גרמים,500.00,100 גרם,false,,6.90,0.0138,true,1,16269
7290013389138,false,ניוקי שלושה צבעים 500 ג' לה פסטה,Ciemme alimentari sr,,ניוקי שלושה צבעים לה,גרמים,500.00,100 גרם,false,,6.90,0.0138,true,1,477141
7290013389145,false,מיני ניוקי 500 ג' לה פסטה,לה פסטה La' Pasta,,"מיני ניוקי תפו""א לה",גרמים,500.00,100 גרם,false,,6.90,0.0138,true,1,16270
7290013389374,false,קמח תירס פולנטה תומר 500ג',פיקטה piccata,,קמח תירס תומר 500 גר,גרמים,500.00,100 גרם,false,,9.30,0.0186,true,1,16271
7290013389381,false,"קמח תירס פולנטה מולינו 1 ק""ג",פיקטה piccata,,"קמח תירס תומר 1 ק""ג",אלף,1.00,"ק""ג",false,,10.80,10.8000,true,1,16272
7290013424938,false,קוביות פסיפלורה קפוא,א.מ שרון,PL,קוביות פסיפלורה קפוא,גרמים,500.00,100 גרם,false,,16.90,0.0338,true,1,68531
7290013424945,false,מנגו קפוא 500 ג' פילד גוד,א.מ שרון,PL,קוביות מנגו קפוא 500,גרמים,500.00,100 גרם,false,,12.90,0.0258,true,1,68532
7290013424952,false,אננס קפוא 500 ג' פילד גוד,א.מ שרון,PL,אננס חתוך קפוא 500 ג,גרמים,500.00,100 גרם,false,,12.90,0.0258,true,1,68504
7290013424976,false,תות שדה שלם קפוא 500 ג' פילד גוד,א.מ שרון,PL,תות שדה שלם קפוא 500,גרמים,500.00,100 גרם,false,,12.90,0.0258,true,1,68518
7290013430083,false,"בירה אלכסנדר בלונד 330 מ""ל",מנדלז סי.אר. פרודקשן,IL,אלכסנדר בלונד בירה 3,מיליליטרים,330.00,"100 מ""ל",false,,13.20,0.0400,true,1,54539
7290013430250,false,"בירה אלכסנדר חיטה ישראלית 330 מ""ל",יקבי כרמל,IL,אלכסנדר חיטה ישראלית,מיליליטרים,330.00,"100 מ""ל",false,,13.20,0.0400,true,1,54541
7290013440648,false,מאגדת שלגוני אבטיח נסטלה 108X5ג',גלידות נסטלה (נגה גל,IL,אבטיח קרחונים מאגדת,גרמים,540.00,100 גרם,false,,24.90,0.0461,true,1,11838
7290013525802,false,סחוג אדום שמיר 150 גר',,,שמיר סחוג אדום 150ג,גרמים,150.00,100 גרם,false,,8.90,0.0593,true,1,12567
7290013525819,false,סלט שום כתוש שמיר 15,,,שמיר שום כתוש 150ג,גרמים,150.00,100 גרם,false,,8.90,0.0593,true,1,12568
7290013531117,false,רוטב פסטה לילדים 240 גרם יכין,"זנלכל בע""מ",IL,רוטב לפסטה לילדים יכ,גרמים,260.00,100 גרם,false,,5.50,0.0212,true,1,8143
7290013531346,false,סירופ דיאט לימונענע יכין 1 ליטר,יכין,IL,סירופ דיאט לימונענע,ארגז,1.00,ליטר,false,,16.90,16.9000,true,1,8144
7290013531582,false,זיתים מגולענים יכין מארז 3*60 גר',קרלו,IL,זיתים חרוזית מגולעני,גרמים,600.00,100 גרם,false,,11.90,0.0198,true,1,8147
7290013531759,false,שעועית אפויה במים 550 ג' יכין,"זנלכל בע""מ",IL,שעועית אפויה במים יכ,גרמים,550.00,100 גרם,false,,9.90,0.0180,true,1,8150
7290013558800,false,עלי תרד 500 גר,ל. פלמינגו ישראל,IL,עלי תרד,גרמים,500.00,100 גרם,false,,12.90,0.0258,true,1,29942
7290013558824,false,בזילקום /רוגולה (היד,ל. פלמינגו ישראל,IL,תבלין טרי,גרמים,100.00,100 גרם,false,,8.90,0.0890,true,1,29943
7290013558855,false,לבבות חסה פלמינגו,ל. פלמינגו ישראל,IL,לבבות פלמניגו,יח',1.00,יח',false,,10.90,10.9000,true,1,29944
7290013579232,false,"Shake""אוכמניות כחולות קפואות 250 ג",,,אוכמניות כחולות קפוא,גרמים,250.00,100 גרם,false,,10.00,0.0400,true,1,406108
7290013580009,false,המבורגר זהב 400 ג' 12 יח',,,המבורגר זהב 400 גרם,גרמים,400.00,100 גרם,false,,14.90,0.0373,true,1,22605
7290013581648,false,מינוט סטייק אל מטאד,,,מינוט סטייק אל מטאד,גרמים,250.00,100 גרם,false,,24.90,0.0996,true,1,22606
7290013585233,false,"ספרייט זירו פחית סליק 330 מ""ל",קוקה קולה Coca Cola,IL,פחית סליק 330 מל ZER,מיליליטרים,330.00,"100 מ""ל",false,,5.50,0.0167,true,1,7427
7290013585257,false,ספרייט זירו בקבוק 500מל,החברה המרכזית לייצור,IL,ZERO ספרייט 0.5 ל,מיליליטרים,500.00,"100 מ""ל",false,,6.80,0.0136,true,1,7429
7290013585387,false,קוקה קולה זירו בקבוק,החברה המרכזית לייצור,IL,קולה זירו 1 ליטר,ארגז,1.00,ליטר,false,,6.90,6.9000,true,1,7437
7290013585394,false,קוקה קולה קלאסי,החברה המרכזית לייצור,IL,קוקה קולה 1 ליטר,ארגז,1.00,ליטר,false,,7.50,7.5000,true,1,7438
7290013608260,false,פרימור מיץ רימונים 100% סחוט טרי 1ל',"גניר (1992) בע""מ",IL,פרימור מיץ רימונים ס,אין,0.00,יחידה,false,,22.90,0.0000,true,1,15524
7290013645364,false,עוגיות מזרחיות ללא ג,,,עוגיות מזרחיות ללא ג,גרמים,200.00,100 גרם,false,,18.90,0.0945,true,1,421783
7290013645371,false,עוגיות שוקולד ציפס 2,,,עוגיות שוקולד צ`יפס,גרמים,200.00,100 גרם,false,,18.90,0.0945,true,1,421798
7290013652171,false,"ד""ר פישר - נטורל קר מגבונים להסרת איפור לעור שמן מעורב 30 יח' * 3","ד""ר פישר Dr fischer",IL,נטורל קר מגב.הסרת אי,אין,0.00,יחידה,false,,24.90,0.0000,true,1,115068
7290013675545,false,שניצל כלי תחבורה מאמא עוף 700 ג',,,שניצל כלי תחבורה 700,גרמים,700.00,100 גרם,false,,30.90,0.0441,true,1,16577
7290013675835,false,מאמא עוף ירוק גלילי להקפצה 450 גרם,"סנפרוסט בע""מ",IL,ירוק גלילי להקפצה מא,גרמים,450.00,100 גרם,false,,19.90,0.0442,true,1,16589
7290013677174,false,אורז מלא בוואקום מיה 500 גר',מיה תעשיות מזון בעמ,IL,אורז מלא סלקטד 500גר,גרמים,500.00,100 גרם,false,,7.90,0.0158,true,1,11413
7290013677648,false,שמן זית למאור 1 ליטר,מיה תעשיות מזון בעמ,IL,שמן זית למאור 1 ל' ב,ארגז,1.00,ליטר,false,,19.90,19.9000,true,1,568
7290013677679,false,סודה לשתייה 80גרם שקית,מיה תעשיות מזון בעמ,IL,סודה לשתיה בשקית 80,גרמים,80.00,100 גרם,false,,3.90,0.0487,true,1,11438
7290013702050,false,"שוופס וואטר ענבים 500מ""ל",,,שוופס ענבים ווטר 0.5,מיליליטרים,500.00,"100 מ""ל",false,,5.50,0.0110,true,1,9709
7290013702388,false,"שוופס וואטר תפוח 500מ""ל",יפאורה תבורי בעמ,IL,שוופס תפוח ווטר 0.5,מיליליטרים,500.00,"100 מ""ל",false,,5.50,0.0110,true,1,9712
7290013702883,false,"שוויפס למונדה ורודה 500 מ""ל",,,משקה פינק למונייד שו,מיליליטרים,500.00,"100 מ""ל",false,,5.90,0.0118,true,1,9724
7290013713032,false,בירה ג'מס בקבוקי חיט,"אביר הבר בע""מ",IL,בירה ג'מס חיטה 330 מ,מיליליטרים,330.00,"100 מ""ל",false,,13.20,0.0400,true,1,9450
7290013713049,false,בירה גמס חזקה בק 330,"אביר הבר בע""מ",IL,ג'מס בקבוקי 8.8 330,מיליליטרים,330.00,"100 מ""ל",false,,13.20,0.0400,true,1,9451
7290013787408,false,רביולי בטטה 330 גרם ריקו בית יוסף,יוניליוור גרמניה Gm,IL,רביולי בטטה ריקו 330,גרמים,330.00,100 גרם,false,,25.90,0.0785,true,1,16898
7290013847102,false,נתחי טונה בהירה בשמן - מארז שלישיה,סטארקיסט Starkist,,טונה בשמן סטארקיסט ש,גרמים,240.00,100 גרם,false,,12.40,0.0517,true,1,17396
7290013847867,false,מארז זוג טונה בשמן סויה 140 ג' סטארקיסט,טונה ויטנאם קו. אל.ט,IL,נתחי טונה בהירה בשמן,גרמים,140.00,100 גרם,false,,12.90,0.0921,true,1,461996
7290013848345,false,מארז מטליות לחיטוי וניקוי יסודי אנטיבקטריאלי 99.9%,סנו מפעלי ברונוס בעמ,IL,מטליות לחות לחיטוי י,אין,0.00,יחידה,false,,22.90,0.0000,true,1,19419
7290013848727,false,מכשיר אוטומטי לבישום אוויר בתוספת מילוי SOFT HARMONY,סנו פרש Fresh,IL,סנופרש מכשיר אוטומטי,מיליליטרים,250.00,"100 מ""ל",false,,44.90,0.1796,true,1,19424
7290013848758,false,סנו - מקסימה ג'ל כביסה מרוכז בייבי 3 ליטר,"סנו מפעלי ברונוס בע""",IL,סנו מקסימה ג'ל כביסה,ארגז,3.00,ליטר,false,,36.90,12.3000,true,1,2159
7290013906052,false,נקניקיות פרגיות טירת צבי 300 גר',הנסיך- מפעל לייצור ט,IL,טירת צבי נקניקיות פר,גרמים,300.00,100 גרם,false,,11.80,0.0393,true,1,16442
7290013906205,false,פסטרמה עם שום וצילי טירת צבי 400 ג',הנסיך- מפעל לייצור ט,IL,טירת צבי פסטרמה שום,גרמים,400.00,100 גרם,false,,26.90,0.0672,true,1,16443
7290013906212,false,"נקנקיות וינר טירת 1 ק""ג טירת צבי",הנסיך- מפעל לייצור ט,IL,טירת צבי נקניקיות וי,אלף,1.00,"ק""ג",false,,22.90,22.9000,true,1,16444
7290013906441,false,קבנוס 120 ג' טירת צבי,הנסיך- מפעל לייצור ט,IL,טירת צבי קבנוס 120 ג,גרמים,120.00,100 גרם,false,,9.90,0.0825,true,1,16454
7290013906458,false,קבנוס טעם פיקנטי טירת צבי 120 ג',הנסיך- מפעל לייצור ט,IL,טירת צבי קבנוס פיקנט,גרמים,120.00,100 גרם,false,,9.90,0.0825,true,1,16455
7290013906496,false,פסטרמה עגל בסגנון רומני,הנסיך- מפעל לייצור ט,IL,טירת צבי פסטרמה עגל,גרמים,120.00,100 גרם,false,,13.90,0.1158,true,1,16457
7290013906687,false,פסט' צמד כפרית ברביקיו ודבש 300X2ג' טירת צבי,הנסיך- מפעל לייצור ט,IL,טירת צבי צמד כפרית ב,גרמים,600.00,100 גרם,false,,24.90,0.0415,true,1,16460
7290013927200,false,עוגת שוקולד צ'יפס עשירה אחווה 400ג',אחדות ביחר לטחינה חל,IL,אחווה עוגת שוקולד צי,גרמים,400.00,100 גרם,false,,11.90,0.0298,true,1,4028
7290014002203,false,תה ויסוצקי חליטת לימונית ולואיזה 20יח',HIQ FOOD PRODUCTS,IL,תה חליטת לימונית ולו,גרמים,37.50,100 גרם,false,,17.50,0.4667,true,1,1182
7290014002944,false,גן קסום חליטת פירות וצמחים חמדת שקד 25 שקיקים,HIQ FOOD PRODUCTS,IL,תה גן קסום חליטת חמא,גרמים,62.50,100 גרם,false,,17.50,0.2800,true,1,82070
7290014002982,false,תה ירוק לימונית לואיזה בתוספת עלי סטיביה 25 שקיקים,ויסוצקי ירוק,IL,תה ירוק לימונית סטיב,גרמים,37.50,100 גרם,false,,23.90,0.6373,true,1,16134
7290014046436,false,נשנושי קבנוס 125 ג' יחיעם,מעדני יחיעם 1993,IL,נשנושי קבנוס 125 ג,גרמים,125.00,100 גרם,false,,10.90,0.0872,true,1,11694
7290014046757,false,סלמי תה מעדני יחיעם,פ.פ.ח. שאביט,IL,סלמי תה `שרולה` 300,גרמים,300.00,100 גרם,false,,19.90,0.0663,true,1,11699
7290014059085,false,"סנוסדין משחת שיניים לשיקום והגנה 75 מ""ל",סמית קליין ביצ'ם,GB,משחה לשיקום והגנה סנ,מיליליטרים,75.00,"100 מ""ל",false,,23.90,0.3187,true,1,93
7290014059436,false,"סנסודיין משחת שיניים לשיקום והגנה מלבינה 75 מ""ל",סמית קליין ביצ'ם,GB,משחת שיניים לשיקום ס,מיליליטרים,75.00,"100 מ""ל",false,,23.90,0.3187,true,1,94
7290014066366,false,לנדוור-קפסולות אספרסו ריסטרטו(08) - 10יח'12X יח,קפה לנדוור,IL,לנדוור קפה אספרסו רי,אין,0.00,יחידה,false,,14.90,0.0000,true,1,14543
7290014066526,false,לנדוור-קפסולות אספרסו תערובת הבית(11) - 10יח'12X יח,קפה לנדוור,IL,לנדוור קפסולות אספרס,אין,0.00,יחידה,false,,14.90,0.0000,true,1,14548
7290014066533,false,לנדוור-קפסולות אספרסו קלייה כפולה(12) - 10יח'12X יח,לנדוור,IL,לנדוור קפסולות אספרס,אין,0.00,יחידה,false,,14.90,0.0000,true,1,14549
7290014079014,false,לבבות קיסר ארוז נספק,"מרינה פטריות הגליל בע""מ",IL,לבבות קיסר,גרמים,300.00,100 גרם,false,,10.90,0.0363,true,1,22719
7290014079076,false,נבטי אלפלפא יח,"מרינה פטריות הגליל בע""מ",IL,נבטי אלפלפא,יח',1.00,יח',false,,6.90,6.9000,true,1,25708
7290014094345,false,גרעיני חמניות קלופות,"דין שיווק וקליה בע""מ",,ששון הקולה גרעיני חמ,גרמים,300.00,100 גרם,false,,9.90,0.0330,true,1,32643
7290014094352,false,אגוזי מלך בקופסא 200 ג',"דין שיווק וקליה בע""מ",,ששון הקולה אגוז מלך,גרמים,200.00,100 גרם,false,,16.90,0.0845,true,1,32644
7290014094369,false,ששון הקולה שקד טבעי,"דין שיווק וקליה בע""מ",IL,ששון הקולה שקד טבעי,גרמים,200.00,100 גרם,false,,21.90,0.1095,true,1,32645
7290014094376,false,שזיפים ללא גלעין ששו,"דין שיווק וקליה בע""מ",,שזיף ללא גלעין בקופס,גרמים,250.00,100 גרם,false,,24.90,0.0996,true,1,32646
7290014094383,false,משמש מיובש ששון הקול,"דין שיווק וקליה בע""מ",,שקדיה משמש מיובש 250,גרמים,250.00,100 גרם,false,,23.90,0.0956,true,1,32647
7290014094390,false,חמוציות מסוכרות ששון,"דין שיווק וקליה בע""מ",,חמוציות מסוכרות בקופ,גרמים,250.00,100 גרם,false,,14.90,0.0596,true,1,32648
7290014094406,false,צימוק לבן 330 ג' בקופסא,"דין שיווק וקליה בע""מ",,צימוק בהיר בקופסא 2,גרמים,250.00,100 גרם,false,,16.90,0.0676,true,1,32649
7290014094628,false,פקאן טבעי 200 ג' בקופסא,ששון הקולה,,פקאן טבעי 200גר ששון,גרמים,200.00,100 גרם,false,,25.90,0.1295,true,1,32651
7290014094635,false,אגוזי ברזיל טבעי בדץ,,,אגוז ברזיל טבעי 200ג,גרמים,200.00,100 גרם,false,,39.90,0.1995,true,1,32652
7290014094659,false,בונדוק טבעי בקופסא 2,דין שיווק,IL,אגוז לוז טבעי 250 גר,גרמים,250.00,100 גרם,false,,24.90,0.0996,true,1,32654
7290014094864,false,פיסטוק קלוי ששון הקו,"דין שיווק וקליה בע""מ",IL,פיסטוק קלוי 170 גרם,גרמים,170.00,100 גרם,false,,16.90,0.0994,true,1,32656
7290014094895,false,אגוזים קלופים ששון הקולה 150 ג',,,אגוז מלך 150גר ששון,גרמים,150.00,100 גרם,false,,10.90,0.0727,true,1,32657
7290014095861,false,שיבולת שועל דקה להכנה מהירה,"דין שיווק וקליה בע""מ",IL,שיבולת שועל דקה קווא,גרמים,500.00,100 גרם,false,,4.90,0.0098,true,1,6160
7290014095946,false,משוקלדים פקאן בשוקולד מריר 140 גרם,"דין שיווק וקליה בע""מ",IL,פקאן בציפוי שוקולד מ,גרמים,140.00,100 גרם,false,,10.90,0.0779,true,1,6161
7290014126428,false,סוכרלוז סטיביה 150 ג,מיוצר עי קונדיטוריית,CN,סטיביה 150 טבליות,גרמים,150.00,100 גרם,false,,30.90,0.2060,true,1,6629
7290014204003,false,פנינה רוזנבלום-שמפו צבוע ורוד 750,א.ארמן,IL,פנינה שמפו צבוע 750,מיליליטרים,750.00,"100 מ""ל",false,,9.90,0.0132,true,1,12776
7290014204645,false,שמפו לאחר החלקה מועשר בקרטין,פנינה רוזנבלום PR,,שמפו לאחר החלקה פ.רו,מיליליטרים,750.00,"100 מ""ל",false,,24.90,0.0332,true,1,12785
7290014217003,false,תבלין פפריקה מעושנת מיכל 90ג',תות ממתקי איכות,IL,תבלין פפריקה מעושנת,גרמים,90.00,100 גרם,false,,11.30,0.1256,true,1,241196
7290014217065,false,תבלין אורגנו עלים 30 גר',תות ממתקי איכות,IL,טעם וריח אורגנו מיכל,גרמים,30.00,100 גרם,false,,10.10,0.3367,true,1,26184
7290014217140,false,תבלין ראס אל חנות טעם וריח 100ג',תות ממתקי איכות,IL,תבלין ראס אל חנות טע,גרמים,100.00,100 גרם,false,,9.00,0.0900,true,1,26185
7290014217157,false,תערובת תיבול טוסקנה מיכל 120 גר,תות ממתקי איכות,IL,תבלין תערובת תיבול ט,גרמים,120.00,100 גרם,false,,11.80,0.0983,true,1,241180
7290014217225,false,תבלין גריל עוף מיכל 120גר,תות ממתקי איכות,IL,טעם וריח גריל עוף מי,גרמים,120.00,100 גרם,false,,10.80,0.0900,true,1,26186
7290014217263,false,תערובת תיבול לפרגיות 100ג',תות ממתקי איכות,IL,תבלין תיבול פרגית טע,גרמים,100.00,100 גרם,false,,11.90,0.1190,true,1,26187
7290014217348,false,צ'ילי כתוש חריף (פלפל קיינה),תות ממתקי איכות,IL,תבליני טעם וריח צילי,גרמים,70.00,100 גרם,false,,10.80,0.1543,true,1,26188
7290014217522,false,תערובת ללחם שום טעם וריח 100 ג',תות ממתקי איכות,IL,תבלין תערובת לחם שום,גרמים,100.00,100 גרם,false,,10.90,0.1090,true,1,241278
7290014218536,false,"בצק עלים מופחת שומן מעדנות 1 ק""ג","מעדנות בע""מ",IL,בצק עלים מופחת שומן,אלף,1.00,"ק""ג",false,,21.90,21.9000,true,1,22771
7290014218932,false,חטיפי פיצה בתוספת זיתים 710 ג' מעדנות,מיוצר עי קונדיטוריית,IL,חטיפי פיצה בתוספת זי,גרמים,710.00,100 גרם,false,,26.90,0.0379,true,1,22775
7290014256620,false,יין אדום מתוק מבעבע Buzz קריניאנו,יקבי כרמל Carmel Winery,IL,יין באזז קריניאנו 75,מיליליטרים,750.00,"100 מ""ל",false,,27.90,0.0372,true,1,3954
7290014256637,false,יין לבן מתוק מבעבע Buzz מוסקטו,יקבי כרמל Carmel Winery,IL,יין באזז מוסקטו 750מ,מיליליטרים,750.00,"100 מ""ל",false,,27.90,0.0372,true,1,3955
7290014258723,false,תרכובת מזון צמחי לתינוקות מגיל 0 עד גיל שנה,מטרנה,IL,מטרנה צמחי מגיל 0-12,גרמים,700.00,100 גרם,false,,68.90,0.0984,true,1,13119
7290014258730,false,תרכובת מזון צמחי לתינוקות מגיל 12 חודשים ואילך,מטרנה,IL,מטרנה צמחי מגיל שנה,גרמים,700.00,100 גרם,false,,66.90,0.0956,true,1,13120
7290014325050,false,קורנפלור מיה 500 גרם,מיה תעשיות מזון בעמ,IL,מיה קורנפלור 500גרם,גרמים,500.00,100 גרם,false,,3.90,0.0078,true,1,11451
7290014369535,false,מאגדת מוג'ו תות שדה,פיקסל,IL,מאגדת מוג'ו תות שדה,ארגז,1.00,ליטר,false,,28.90,28.9000,true,1,87211
7290014369573,false,מאגדת קוקוס ואננס טב,פיקסל,IL,מאגדת קוקוס ואננס טב,ארגז,1.00,ליטר,false,,28.90,28.9000,true,1,87215
7290014369597,false,פיינט מנגו אננס ופסי,גלידת אילו,IL,פיינט מנגו אננס ופסי,מיליליטרים,500.00,"100 מ""ל",false,,30.90,0.0618,true,1,88255
7290014369863,false,MOJO פיינט אננס עם ח,,,MOJO פיינט אננס עם ח,גרמים,300.00,100 גרם,false,,30.90,0.1030,true,1,426304
7290014397200,false,מברשת שיניים סופט - מארז שלישיה,אורביטול Orbitol,CN,מארז מברשות שיניים א,אין,0.00,יחידה,false,,10.90,0.0000,true,1,19439
7290014397279,false,שקיות מזון נשלפות XL גדולות במיוחד,אשפלסט תעשיות,IL,סנו סושי שקיות מזון,אין,0.00,יחידה,false,,13.90,0.0000,true,1,19440
7290014397286,false,מרכך כביסה מקסימה מרוכז חלב ודבש 1 ל' סנו,סנו מקסימה,IL,סנו מקסימה קר מרכך מ,ארגז,1.00,ליטר,false,,18.90,18.9000,true,1,19441
7290014397705,false,פוליויקס פרקט בניחוח מאסק,סנו פוליויקס,IL,פוליויקס פרקט בניחוח,ארגז,2.00,ליטר,false,,21.90,10.9500,true,1,19449
7290014397767,false,סנו ריצפז פרש הום 2 ליטר בניחוח כותנה-מרכז,"סנו מפעלי ברונוס בע""",IL,ריצפז פרש הום כותנה,ארגז,2.00,ליטר,false,,21.90,10.9500,true,1,19452
7290014397781,false,סנו ריצפז פרש הום 2 ליטר בניחוח סבון,סנו פרש Fresh,IL,ריצפז פרש הום סבון מ,ארגז,2.00,ליטר,false,,21.90,10.9500,true,1,19454
7290014397873,false,מרכך כביסה בבישום עוצמתי ג'נטל בריז,סנו מקסימה,IL,מרכך כביסה סנו מקסימ,ארגז,4.00,ליטר,false,,22.90,5.7250,true,1,19457
7290014435704,false,סלמון מעושן 100גר' שמיר,שבעת הימים - שמיר,IL,סלמון מעושן סלטי שמי,גרמים,100.00,100 גרם,false,,23.90,0.2390,true,1,12573
7290014435803,false,מטיאס הולנדי (פרובנציאל) עם בצל בשמן 180 גרם,שבעת הימים - שמיר,IL,מטיאס הולנדי פרובנצי,גרמים,180.00,100 גרם,false,,18.90,0.1050,true,1,12575
7290014435810,false,הרינג כבוש ובצל במרינת חמוץ מתוק שמיר 180 ג',שבעת הימים - שמיר,IL,הרינג כבוש עם בצל במ,גרמים,180.00,100 גרם,false,,18.90,0.1050,true,1,12576
7290014435834,false,מקרל מעושן פרוס בשמן 180 גרם,שבעת הימים - שמיר,IL,מקרל מעושן פרוס בשמן,גרמים,180.00,100 גרם,false,,24.90,0.1383,true,1,12578
7290014435841,false,פילה מטיאס הולנדי בשמן שמיר 180ג',סלטי שמיר 2006 בעמ,IL,פילה מטיאס הולנדי  ב,גרמים,180.00,100 גרם,false,,18.90,0.1050,true,1,12579
7290014435872,false,סלט הרינג ומיונז שמיר 250ג',שבעת הימים - שמיר,IL,סלט הרינג עם מיונז 1,גרמים,180.00,100 גרם,false,,18.90,0.1050,true,1,12580
7290014435896,false,סלט סלומון עם מיונז 180 גר',שבעת הימים - שמיר,IL,סלט סלמון עם מיונז 1,גרמים,180.00,100 גרם,false,,21.00,0.1167,true,1,12582
7290014455245,false,גבינת גרנה פדנו משולש 29% 200 גרם בית יוסף,מחלבת סוציאלה מנטובה,IT,גד גרנה פדנו משולש כ,גרמים,200.00,100 גרם,false,,25.90,0.1295,true,1,11122
7290014455252,false,גבינה קשה מגורדת גרנה פדנו 29% שומן,מחלבות גד שיווק 1992,IT,גד גרנה פדנו מגורד כ,גרמים,100.00,100 גרם,false,,12.90,0.1290,true,1,11123
7290014455320,false,גבינה כדורי מוצרלה פרסקה גד 100ג',מחלבות גד בעמ,IL,גד כדור מוצרלה פרסקה,גרמים,100.00,100 גרם,false,,10.40,0.1040,true,1,11124
7290014455467,false,ירח מתוק מעדן חלב 2% ושיבולת שועל גד 150ג',מחלבות גד,IL,גד מעדן שיבולת שועל,מיליליטרים,150.00,"100 מ""ל",false,,6.40,0.0427,true,1,11125
7290014459137,false,"צ'יפס תפוגן סטייק 1.5 ק""ג","תעשיות תפוגן בע""מ",IL,תפוגן סטייק ציפס 1.5,אלף,1.50,"ק""ג",false,,23.90,15.9333,true,1,13672
7290014459373,false,"צ'יפס קראנצ'י לתנור קפוא תפוגן 1.5ק""ג",עיצובים 2020 (4.5),,תפוגן ציפס קראנצי 1.,אלף,1.50,"ק""ג",false,,24.90,16.6000,true,1,13675
7290014459472,false,"צ'יפס תפוגן קלאסי 2 ק""ג",עיצובים 2020 (4.5),,תפוגן צ`יפס קלאסי 2,אלף,2.00,"ק""ג",false,,24.90,12.4500,true,1,13676
7290014466463,false,"יין הר חרמון מסקטו עברית 750 מ""ל",יקב רמת הגולן,IL,יקבי רמת הגולן הר חר,מיליליטרים,750.00,"100 מ""ל",false,,35.90,0.0479,true,1,25768
7290014466609,false,יין גמלא מרלו 2012 750 מ,יקב רמת הגולן,IL,יין גמלא מרלו 2012 7,מיליליטרים,750.00,"100 מ""ל",false,,55.90,0.0745,true,1,25769
7290014471429,false,"מוזלי עם פירות 1 ק""ג - 429 סגול שקדיה",דין שיווק,IL,מוזלי פירות עם פירות,אלף,1.00,"ק""ג",false,,18.90,18.9000,true,1,6165
7290014472235,false,פקאן סיני מסוכר בקופ,ששון הקולה,,פקאן סיני מסוכר בקופ,גרמים,200.00,100 גרם,false,,24.90,0.1245,true,1,32661
7290014472471,false,גרעינים שחור ענק 200גר' פרימיום,דין שיווק,IL,גרעין שחור ענק 200 ג,גרמים,200.00,100 גרם,false,,6.90,0.0345,true,1,32662
7290014472488,false,שקד קלוי ענק 250גר' פרימיום,דין שיווק,IL,שקד קלוי פרימיום 250,גרמים,250.00,100 גרם,false,,26.90,0.1076,true,1,32663
7290014472495,false,קשיו קלוי ענק פרימיו,דין שיווק,IL,קשיו קלוי ענק פרימיו,גרמים,250.00,100 גרם,false,,21.90,0.0876,true,1,32664
7290014472501,false,פיסטוק קלוי ענק 250 ג' פרימיום,דין שיווק,IL,פיסטוק קלוי ענק 250,גרמים,250.00,100 גרם,false,,25.90,0.1036,true,1,32665
7290014472518,false,בוטן קלוי ענק פרימיו,דין שיווק,IL,בוטן קלוי פרימיום 25,גרמים,250.00,100 גרם,false,,11.90,0.0476,true,1,32666
7290014472525,false,תערובת פיצוחים מובחר,דין שיווק,IL,תערובת פיצוחים מובחר,גרמים,250.00,100 גרם,false,,19.90,0.0796,true,1,32667
7290014503137,false,יין דלתון יובלים אדו,"איי, בי, אינבוו",IL,כנען אדום-דלתון 750,מיליליטרים,750.00,"100 מ""ל",false,,38.90,0.0519,true,1,7617
7290014525016,false,חטיף סלים פרוט Slim fruit בטעם יוגורט ובמילוי תות שדה,סלים דליס Slim Delis,ES,חטיף בטעם יוגורט תות,גרמים,180.00,100 גרם,false,,10.90,0.0606,true,1,14550
7290014525023,false,מרבה סלים פרוט בטעם יוגורט ופירות יער,סלים דליס Slim Delis,ES,חטיף פירות יער סלים,גרמים,215.00,100 גרם,false,,10.90,0.0507,true,1,14551
7290014525290,false,חטיף קריספי עם מילוי בטעם תות שדה,סלים דליס Slim Delis,NL,חטיף מרבה קריספי תות,גרמים,125.00,100 גרם,false,,10.90,0.0872,true,1,14553
7290014534704,false,פסטה 25 אטריות מרק 400 ג' לה פסטה,,,אטריות מרק לה פסטה 4,גרמים,400.00,100 גרם,false,,3.70,0.0093,true,1,16280
7290014636545,false,שלישית מגבות מטבח ג'קרד,,,שלישית מגבות מטבח פס,אין,0.00,יחידה,false,,19.90,0.0000,true,1,246920
7290014636675,false,מגבת גוף חלקה 550 גר,,,מגבת גוף מנהטן 70*13,אין,0.00,יחידה,false,,34.90,0.0000,true,1,11643
7290014636682,false,מגבת פנים חלקה 550 גרם,,,מגבת פנים,אין,0.00,יחידה,false,,19.90,0.0000,true,1,11644
7290014636903,false,כרבולית קורל מינק 170*130,,,כרבולית מינק 130/170,אין,0.00,יחידה,false,,49.90,0.0000,true,1,452383
7290014673359,false,מלח לימון 400 גרם,TLV צ'יף,IL,מלח לימון 400 גר,גרמים,400.00,100 גרם,false,,21.90,0.0547,true,1,3892
7290014673366,false,מימון כורכום טחון 25,TLV צ'יף,IL,מימון כורכום טחון 25,גרמים,250.00,100 גרם,false,,21.90,0.0876,true,1,3893
7290014673380,false,מימון כמון טחון 250,,,מימון כמון טחון 250,גרמים,250.00,100 גרם,false,,21.90,0.0876,true,1,3895
7290014673403,false,פלפל שחור טחון 250 גרם,TLV צ'יף,IL,מימון פלפל שחור טחון,גרמים,250.00,100 גרם,false,,30.00,0.1200,true,1,3897
7290014673434,false,פלפל שחור גרוס דק שקית 80 גרם,,,פלפל שחור גרוס דק בש,גרמים,80.00,100 גרם,false,,8.90,0.1113,true,1,3899
7290014674004,false,קריספ פירורי לחם שומשום ומלח ים 300 גרם,,,פירורי לחם עם שומשום,גרמים,300.00,100 גרם,false,,7.90,0.0263,true,1,355577
7290014692299,false,גבינת ברי 125 ג' קסטיאלו ויליפוד,יורו צ'יז Euro Cheese,DK,גבינת ברי 125 גרם EU,גרמים,125.00,100 גרם,false,,14.90,0.1192,true,1,3409
7290014692305,false,גבינת קממבר 125ג' CASTELLO ויליפוד,הנסיך- מפעל לייצור ט,DK,גבינת קממבר 125 גרם,גרמים,125.00,100 גרם,false,,14.90,0.1192,true,1,5360
7290014725294,false,סוכרזית סוכרלוז סטיוויה 100 שקית,"סוכרזית בע""מ",IL,סוכרזית ממתיק על בסי,גרמים,100.00,100 גרם,false,,17.90,0.1790,true,1,14986
7290014731264,false,כוסות לשתייה קרה 100 יחי',,,כוסות לשתיה קרה חד פ,יח',100.00,יח',false,,6.90,0.0690,true,1,32347
7290014731271,false,כוסות שתיה קרה 80 יח,,,כוסות שתיה קרה 80 יח,אין,0.00,יחידה,false,,5.90,0.0000,true,1,403550
7290014748613,false,מקלוני דג בציפוי צ'יפס,עיצובים 2020 (4.9),IL,דג טוב מקלוני דגים ב,גרמים,600.00,100 גרם,false,,28.90,0.0482,true,1,13701
7290014749245,false,ספיישל רצועות שניצל שומשום עוף טוב 600 גרם,מוצרי עוף טוב (2001),IL,רצועות שניצל שומשום,גרמים,600.00,100 גרם,false,,30.90,0.0515,true,1,13715
7290014749764,false,עוף טוב שניצל עוף ביתי עדין 700,מוצרי עוף טוב (2001),IL,שניצל עוף ביתי כזה ע,גרמים,700.00,100 גרם,false,,38.90,0.0556,true,1,13720
7290014749887,false,עוף טוב שניצל עוף דק ענק קריספי קלאסי,מולינו ניקולי s.p.a,IL,שניצל עוף דקיק ענקיס,גרמים,720.00,100 גרם,false,,30.90,0.0429,true,1,74849
7290014758100,false,מאגדת יוגורט ביו 3% שומן 8 יח' *150ג' תנובה,מיוצר עי קונדיטוריית,IL,יוגורט תנובה 3% 8*15,אלף,1.20,"ק""ג",false,,16.90,14.0833,true,1,16902
7290014758117,false,מאגדת יוגורט ביו 1.5% שומן 8 יח' *150 ג' תנובה,מיוצר עי קונדיטוריית,IL,יוגורט תנובה 1.5% 8*,אלף,1.20,"ק""ג",false,,16.90,14.0833,true,1,16903
7290014758162,false,חלב עיזים מלא 3.6% קרטון 1 ל' תנובה,תנובה מרכז שיתופי לש,IL,חלב תנובה עיזים מלא,ארגז,1.00,ליטר,false,,15.60,15.6000,true,1,16904
7290014758681,false,קוטג' תנובה 1% גביע 250 ג',מיוצר עי קונדיטוריית,IL,קוטג תנובה 1% 250ג,גרמים,250.00,100 גרם,false,,5.40,0.0216,true,1,16906
7290014759084,false,גבינת שמנת 16% בטעם טבעי 225 ג' נפוליאון,תנובה מרכז שיתופי לש,IL,נפוליאון 16% 225גר,גרמים,225.00,100 גרם,false,,14.50,0.0644,true,1,16907
7290014759237,false,יוגורט 6.5% שומן 3 ל' תנובה,,,יוגורט כדים תנובה בי,ארגז,3.00,ליטר,false,,30.30,10.1000,true,1,16908
7290014759534,false,גבינה בולגרית למריחה טבעי 5% 200 ג' פיראוס,"תנובה, מחלבת תל יוסף",IL,פיראוס בולגרית למריח,גרמים,200.00,100 גרם,false,,14.90,0.0745,true,1,16910
7290014759909,false,פיראוס פטה עזים פיראוס 5% 250גר,"תנובה, מחלבת טנא נוג",IL,פיראוס פטה עזים פירא,גרמים,250.00,100 גרם,false,,28.90,0.1156,true,1,16912
7290014759985,false,"גבינת פרמזן גבע 23% פלח, 200 ג'",תנובה,IL,גבינה קשה מחלב בקר 2,גרמים,200.00,100 גרם,false,,23.90,0.1195,true,1,1934
7290014759992,false,גבינת רוקפור גליל פלח 140 ג' תנובה,"תנובה, מחלבת תל יוסף",IL,גבינות תנובה רוקפור,גרמים,140.00,100 גרם,false,,18.40,0.1314,true,1,1935
7290014760134,false,מעדן סויה בטעם וניל אלטרנטיב,תנובה Alternative,IL,גביע מעדן סויה בטעם,גרמים,125.00,100 גרם,false,,4.40,0.0352,true,1,16914
7290014760141,false,משקה שקדים תנובה E אלטרנטיב,תנובה Alternative,IL,תנובה משקה שקדים טרי,אין,0.00,יחידה,false,,13.50,0.0000,true,1,16915
7290014760448,false,גבינה צהובה גלבוע 400 גרם 22% שומן תנובה,מחלבת בית יצחק,IL,גלבוע 22% 400 גרם,גרמים,400.00,100 גרם,false,,23.90,0.0597,true,1,16916
7290014760912,false,פרוסות גבינה 28% שומן 400 ג' גוש חלב,תנובה מרכז שיתופי לש,IL,גוש חלב 28% מהדרין 4,גרמים,400.00,100 גרם,false,,25.90,0.0647,true,1,16918
7290014761056,false,מעדן שוקולד חלב מעולה 123 ג' יולו,מיוצר עי קונדיטוריית,IL,יולו שוקולד חלב מעול,גרמים,122.00,100 גרם,false,,5.10,0.0418,true,1,16920
7290014761063,false,מעדן שוקולד מריר מעולה 123 ג' יולו,מיוצר עי קונדיטוריית,IL,יולו שוקולד מריר מעו,גרמים,122.00,100 גרם,false,,5.10,0.0418,true,1,16921
7290014761070,false,מעדן שוקולד לבן מעולה 123 ג' יולו,מיוצר עי קונדיטוריית,IL,יולו שוקולד לבן מעול,גרמים,122.00,100 גרם,false,,5.10,0.0418,true,1,16922
7290014761193,false,יוגורט עם פירות יער 1.5% שומן 125 ג' פרילי,תנובה מרכז שיתופי לש,IL,פרילי פירות יער 1.5%,גרמים,125.00,100 גרם,false,,3.70,0.0296,true,1,16923
7290014761414,false,מעדן שכבות שוקולד חלב ולבן 123 ג' יולו,מיוצר עי קונדיטוריית,IL,יולו מעדן שכבות שוקו,גרמים,122.00,100 גרם,false,,5.10,0.0418,true,1,16929
7290014761612,false,מעדן עם שוקולד מריר ולבן 122 ג' יולו,מיוצר עי קונדיטוריית,IL,יולו שכבות שוקולד מר,גרמים,122.00,100 גרם,false,,5.10,0.0418,true,1,16930
7290014762756,false,נפוליאון גבינת שמנת עם בצל 16% שומן,הרדוף חלב,IL,נפוליאון 16% עם בצל,גרמים,225.00,100 גרם,false,,14.50,0.0644,true,1,16936
7290014762800,false,מעדן סויה שוקולד גביע 125 גרם אלטרנטיב,תנובה מרכז שיתופי לש,IL,גביע מעדן סויה בטעם,גרמים,125.00,100 גרם,false,,4.40,0.0352,true,1,16941
7290014762831,false,גבינת שמנת חלפיניו 24% שומן 225 ג' נפוליאון,תנובה מרכז שיתופי לש,IL,גבינת שמנת נפוליאון,גרמים,225.00,100 גרם,false,,14.50,0.0644,true,1,16942
7290014762909,false,פתיתי מוצרלה 20% שומן 200 ג' השף הלבן,"תנובה, מחלבת תל יוסף",IL,פתיתי מוצרלה 200 גר`,גרמים,200.00,100 גרם,false,,15.90,0.0795,true,1,16944
7290014762947,false,לאבנה גלילית 11% שומן 750 ג' פיראוס,תנובה,IL,לאבנה גלילית פיראוס,גרמים,750.00,100 גרם,false,,23.90,0.0319,true,1,16945
7290014763098,false,קרם גבינת שמנת 5% עם פלפל שום ובצל 200 ג' תנובה,תנובה,IL,קרם גבינת שמנת 5% טו,גרמים,200.00,100 גרם,false,,12.00,0.0600,true,1,16947
7290014763272,false,יוגורט סויה BIO לשתייה תות ובננה אלטרנטיב,תות תעשיות מזון (201,IL,משקה סויה ביו עם תות,מיליליטרים,250.00,"100 מ""ל",false,,6.20,0.0248,true,1,16948
7290014855434,false,מגבונים בייביסיטר פרפורמנס מבושם רביעיה,בייביסיטר Babysitter,,בייביסיטר פרפורמנס מ,אין,0.00,יחידה,false,,14.90,0.0000,true,1,18913
7290014855458,false,מגבוני בייביסיטר פרפורמנס ללא בישום מארז 72X4יח',בייביסיטר Babysitter,,מגבוני בייבי פרפורמנ,אין,0.00,יחידה,false,,14.90,0.0000,true,1,18914
7290014860070,false,"מקלוני אורז ללא גלוטן 5 מ""מ 454גר' (אור)",ניינטי נודל קו,TH,"מקלוני אורז 5 מ""מ לל",גרמים,454.00,100 גרם,false,,10.90,0.0240,true,1,306249
7290014860094,false,מקלוני אורז ללא גלוט,ניינטי נודל קו,TH,"מקלוני אורז 3 מ""מ לל",גרמים,454.00,100 גרם,false,,9.90,0.0218,true,1,306250
7290014860155,false,מחצלת במבו שטוחה 24X24 ס'מ,גולין פנגזו,CN,מחצלת במבו שטוחה מזר,אין,0.00,יחידה,false,,7.90,0.0000,true,1,431185
7290014860247,false,שבבי אורז מרובעים לל,ליאן תאי רייס,TH,שבבי אורז מרובעים לל,גרמים,227.00,100 גרם,false,,9.90,0.0436,true,1,306480
7290014860988,false,שימורי קרם קוקוס 17%,Yan Wal Yun Corpora,TH,שימורי קרם קוקוס 17%,מיליליטרים,400.00,"100 מ""ל",false,,9.90,0.0248,true,1,306221
7290014905733,false,"הפי - מרסס להברקת שמשות 750 מ""ל",יוליניבר,TR,הפי מרסס לניקוי חלונ,מיליליטרים,750.00,"100 מ""ל",false,,6.90,0.0092,true,1,9523
7290014910515,false,שפרוטים מעושנים רויא,,,שפרוטים מעושנים רויא,גרמים,250.00,100 גרם,false,,10.90,0.0436,true,1,9456
7290014931008,false,פטרוזיליה עם השורש,מהשורש לאורך חיים,IL,פטרוזיליה עם שורש,יח',1.00,יח',false,,7.90,7.9000,true,1,29946
7290014931015,false,כוסברה עם השורש,מהשורש לאורך חיים,IL,כוסברה עם שורש,יח',1.00,יח',false,,7.90,7.9000,true,1,29947
7290014931053,false,בזיליקום עם השורש,מהשורש לאורך חיים,IL,בזיליקום עם שורש,יח',1.00,יח',false,,7.90,7.9000,true,1,29950
7290014931077,false,עירית עם השורש,מהשורש לאורך חיים,IL,עירית עם שורש,יח',1.00,יח',false,,7.90,7.9000,true,1,29952
7290014931084,false,אורגנו עם השורש,מהשורש לאורך חיים,IL,אורגנו עם שורש,יח',1.00,יח',false,,7.90,7.9000,true,1,29953
7290014931091,false,קורנית- טימין ארוז,מהשורש לאורך חיים,IL,טימין עם שורש,יח',1.00,יח',false,,7.90,7.9000,true,1,29954
7290014931107,false,נענע עם השורש,מהשורש לאורך חיים,IL,נענע עם שורש,יח',1.00,יח',false,,7.90,7.9000,true,1,29955
7290014931190,false,חסה פאקצוי זוגות,משק מורדכי גדי בעמ,IL,באק-צוי,יח',1.00,יח',false,,11.90,11.9000,true,1,29956
7290014931206,false,גרגר הנחלים,מהשורש לאורך חיים,IL,גרגר הנחלים,יח',1.00,יח',false,,9.90,9.9000,true,1,29957
7290014940901,false,לחם פשוט מלא 750 ג' אנג'ל,מאפית אנגל,IL,לחם פשוט מלא אנגל 75,גרמים,750.00,100 גרם,false,,14.90,0.0199,true,1,22647
7290014945210,false,צמרוני עץ 300 יח בשק,,,צמרוני עץ 300 יח בשק,יח',300.00,יח',false,,3.50,0.0117,true,1,10655
7290014945739,false,שייני ניילון נצמד 150 מ',,,שייני ניילון נצמד 15,אין,0.00,יחידה,false,,17.90,0.0000,true,1,10665
7290014945890,false,מברשת שטיחים,,,מברשת שטיחים,אין,0.00,יחידה,false,,14.90,0.0000,true,1,432092
7290014974562,false,גביעי גלידה רגיל טילון עלמה גילרו 24 יח',"א.ג גילרו בע""מ",IL,עלמה גביעי גלידה 24,גרמים,120.00,100 גרם,false,,6.90,0.0575,true,1,25587
7290015009010,false,חומץ בן יין אדום דני,מנדלז סי.אר. פרודקשן,ES,חומץ בן יין אדום 5%ד,מיליליטרים,500.00,"100 מ""ל",false,,20.00,0.0400,true,1,336627
7290015009102,false,עלי טורטייה מקמח לבן,,,עלי טורטיה מקמח לבן,גרמים,360.00,100 גרם,false,,15.00,0.0417,true,1,29510
7290015009119,false,עלי טורטייה מקמח לבן,לווליה,,עלי טורטייה מקמח לבן,גרמים,420.00,100 גרם,false,,15.00,0.0357,true,1,29511
7290015009232,false,רוטב סלסה בינוני צהו,,,רוטב סלסה בחריפות בי,גרמים,454.00,100 גרם,false,,19.90,0.0438,true,1,354582
7290015009300,false,עלי טורטייה עם קמח ת,,,עלי טורטייה עם קמח ת,גרמים,360.00,100 גרם,false,,15.00,0.0417,true,1,353018
7290015009317,false,נאצוס חטיף תירס טבעי,אוקי סנייקס,DK,חטיף  נאצ'וס טבעי צה,גרמים,200.00,100 גרם,false,,12.90,0.0645,true,1,55977
7290015009324,false,נאצוס סבוריטו ברביקי,אוקי סנקס,DK,חטיף נאצוס ברביקיו כ,גרמים,200.00,100 גרם,false,,12.90,0.0645,true,1,381157
7290015009393,false,זיתים שחורים מגולענים במי מלח,אידיאל ס.א,GR,זיתים שחורים מגולעני,גרמים,430.00,100 גרם,false,,19.90,0.0463,true,1,337133
7290015009447,false,זיתים שחורים שלמים מ,,,זיתים שחורים מזן קלמ,גרמים,440.00,100 גרם,false,,19.90,0.0452,true,1,337175
7290015009553,false,רוטב אקסטרא חריף מפל,,,רוטב אקסטרא חריף מפל,גרמים,148.00,100 גרם,false,,20.90,0.1412,true,1,396047
7290015009577,false,רוטב חריף מפלפל הבנר,,,רוטב חריף מפלפל הבנר,גרמים,148.00,100 גרם,false,,19.90,0.1345,true,1,396144
7290015033299,false,פרורי לחם קלאסי שקית,חטיפים מן הארץ,,פרורי לחם קלאסי שקית,גרמים,400.00,100 גרם,false,,5.00,0.0125,true,1,466420
7290015039246,false,נתחי טונה בשמן צמחי רביעיה * 160 ג' וילי פוד,וילי פוד,TH,טונה בהירה בשמן וילי,גרמים,640.00,100 גרם,false,,21.40,0.0334,true,1,3363
7290015039253,false,וילי פוד עלי גפן במי מלח 620 גר,קוראהן פזלרמה וי דיס,TR,עלי גפן במי במלח ויל,גרמים,620.00,100 גרם,false,,8.90,0.0144,true,1,5366
7290015039338,false,נתחי טונה במי מלח רביעיה * 160 ג' וילי פוד,וילי פוד,,טונה במי מלח ויליפוד,גרמים,640.00,100 גרם,false,,21.40,0.0334,true,1,3364
7290015057127,false,טעמן מקלות חמוצים קולה 20 גרם,אלבן מזון תעשיות ומס,TR,מקלות חמוצים קולה 18,גרמים,18.00,100 גרם,false,,1.90,0.1056,true,1,8829
7290015080422,false,אביזרים,,,אביזרים,אין,0.00,יחידה,false,,14.90,0.0000,true,1,28363
7290015129251,false,אטריות קונג'אק בצורת פטוצ'יני,אף.סי תבליני בגליל ב,CN,סקיני - פסטה פטוצ'ינ,גרמים,270.00,100 גרם,false,,11.90,0.0441,true,1,2307
7290015129749,false,פסטה שיבולת שועל נוד,הוויזאי וואנגייה,CN,סקיני - פסטה שיבולת,גרמים,270.00,100 גרם,false,,11.90,0.0441,true,1,2308
7290015129756,false,פסטה שיבולת שועל פטו,הוויזאי וואנגייה,CN,סקיני פסטה שיבולת שו,גרמים,270.00,100 גרם,false,,11.90,0.0441,true,1,247586
7290015139229,false,לני מטבעות שוקולד חל,Carmit,,לני מטבעות שוקולד חל,גרמים,42.00,100 גרם,false,,5.50,0.1310,true,1,24628
7290015139250,false,"חופשי שוקולד מריר עם פ.אורז לל""ס 85 גר",כרמית תעשיות ממתקים,IL,חופשי שוקולד מריר עם,גרמים,85.00,100 גרם,false,,5.90,0.0694,true,1,24629
7290015139267,false,שוקולד מריר עם שקדים ללא תוספת סוכר וסטהיים,כרמית תעשיות ממתקים,IL,חופשי שוקולד מריר עם,גרמים,85.00,100 גרם,false,,5.90,0.0694,true,1,24630
7290015150118,false,עגבניות חתוכות דק בלה איטליה 3*400 ג',אמיליאנה קונסרב ס.פ.,IT,עגבניות חתוכות דק בל,גרמים,400.00,100 גרם,false,,16.90,0.0422,true,1,16137
7290015155823,false,מחית תפוחי עץ חטיפטף ללא תוספת סוכר,פרוטה פודיווין איי.א,CZ,פאוץ' פרינוק מחית תפ,גרמים,120.00,100 גרם,false,,5.90,0.0492,true,1,5631
7290015156769,false,מחית פרינוק פאוץ' תפוח ואוכמניות 120 גרם,,,פאוץ' פרינוק תפוח וא,גרמים,120.00,100 גרם,false,,5.90,0.0492,true,1,5636
7290015156790,false,מחית לפתן פירות חטיפטף ללא תוספת סוכר,פרינוק,,פאוץ' פרינוק לפתן פי,גרמים,120.00,100 גרם,false,,5.90,0.0492,true,1,5638
7290015156813,false,מחית פרינוק פאוץ' פירות מעורבים 120 גרם,,,פאוץ' פרינוק פירות מ,גרמים,120.00,100 גרם,false,,5.90,0.0492,true,1,5639
7290015164832,false,מחית קארי ירוקה מזרח,טאפאדונגפורן קוקינט,TH,מחית ירוקה על בסיס ק,גרמים,400.00,100 גרם,false,,19.90,0.0497,true,1,431096
7290015178235,false,מאזטים - זיתים מושחר,אוליביה,,מאזטים - זיתים מושחר,גרמים,180.00,100 גרם,false,,11.90,0.0661,true,1,90022
7290015193559,false,אובלטים מלוחים מעדני המלך 300 גר',אם החיטה,,אובלטים מלח 300 גר',גרמים,300.00,100 גרם,false,,9.90,0.0330,true,1,25595
7290015193566,false,אובלטים שומשום מעדני המלך 300 גר',אם החיטה,,אובלטים שומשום 300 ג,גרמים,300.00,100 גרם,false,,9.90,0.0330,true,1,25596
7290015193634,false,אובלטים דקיקים קימל מעדני המלך 300 גר',אם החיטה,,אובלטים קימל 300 גרם,גרמים,300.00,100 גרם,false,,9.90,0.0330,true,1,25598
7290015282000,false,איקרה אדומה שמיר 200 ג',שבעת הימים - שמיר,,איקרה אדומה סלטי שמי,גרמים,200.00,100 גרם,false,,13.90,0.0695,true,1,12584
7290015282024,false,איקרה לבנה סלטי שמיר,שבעת הימים - שמיר,,איקרה לבנה סלטי שמיר,גרמים,200.00,100 גרם,false,,13.90,0.0695,true,1,12586
7290015282581,false,חומוס שמיר אבו גוש עם חריף 200 גר',"סלטי שמיר 2006 בע""מ",IL,חומוס אבו גוש עם חרי,גרמים,200.00,100 גרם,false,,10.90,0.0545,true,1,12599
7290015282598,false,חומוס שמיר מסעדות 200 גר',"סלטי שמיר 2006 בע""מ",IL,חומוס מסעדות שמיר 20,גרמים,200.00,100 גרם,false,,10.90,0.0545,true,1,12600
7290015282604,false,טחינה שמיר מיוחדת גורמה 200ג',"סלטי שמיר 2006 בע""מ",IL,טחינה מיוחדת שמיר 20,גרמים,200.00,100 גרם,false,,10.90,0.0545,true,1,12601
7290015282628,false,חציל שמיר בטעם כבד 200 גר',"סלטי שמיר 2006 בע""מ",IL,חציל בטעם כבד סלטי ש,גרמים,200.00,100 גרם,false,,12.90,0.0645,true,1,12603
7290015282635,false,חומוס שמיר מסבחה 200 גר',"סלטי שמיר 2006 בע""מ",IL,חומוס מסבחה שמיר 200,גרמים,200.00,100 גרם,false,,10.90,0.0545,true,1,12604
7290015282642,false,חומוס שמיר אבו גוש 200 גר',"סלטי שמיר 2006 בע""מ",IL,חומוס אבו גוש שמיר 2,גרמים,200.00,100 גרם,false,,10.90,0.0545,true,1,12605
7290015282666,false,סלט טונה עם ירקות שמ,"סלטי שמיר 2006 בע""מ",IL,סלט טונה בריאות 200,גרמים,200.00,100 גרם,false,,17.90,0.0895,true,1,12606
7290015282673,false,חציל שמיר במיונז ביתי 200 גורמה גר',"סלטי שמיר 2006 בע""מ",IL,חציל במיונז ביתי שמי,גרמים,200.00,100 גרם,false,,10.90,0.0545,true,1,12607
7290015282710,false,קוביות סלק שמיר 200 גר',"סלטי שמיר 2006 בע""מ",IL,קוביות סלק סלטי שמיר,גרמים,200.00,100 גרם,false,,10.90,0.0545,true,1,12610
7290015282796,false,"סלט תפו""א שמיר במיונז 200ג'","סלטי שמיר 2006 בע""מ",IL,סלט תפוח אדמה 200 ג,גרמים,200.00,100 גרם,false,,12.90,0.0645,true,1,12617
7290015324007,false,תבלין פלפל שחור גרוס 80 ג',תות ממתקי איכות,IL,טעם וריח פלפל שחור ג,גרמים,80.00,100 גרם,false,,9.90,0.1238,true,1,26190
7290015324014,false,תבלין פלפל שחור טחון 80 ג',תות ממתקי איכות,IL,טעם וריח פלפל שחור ט,גרמים,80.00,100 גרם,false,,9.90,0.1238,true,1,26191
7290015324038,false,פפריקה מרוקאית מתוקה בשמן,תות ממתקי איכות,IL,טעם וריח פפריקה בשמן,גרמים,80.00,100 גרם,false,,6.50,0.0813,true,1,26192
7290015324045,false,תבלין פפריקה חריפה 80 גר' שק',תות ממתקי איכות,IL,תבלין פפריקה חריפה ב,גרמים,80.00,100 גרם,false,,6.50,0.0813,true,1,26193
7290015324052,false,תבלין פפריקה מתוקה 80 ג',תות ממתקי איכות,IL,טעם וריח פפריקה מתוק,גרמים,80.00,100 גרם,false,,6.50,0.0813,true,1,26194
7290015324069,false,תערובת תיבול גריל עוף,תות ממתקי איכות,IL,טעם וריח גריל עוף שק,גרמים,80.00,100 גרם,false,,6.50,0.0813,true,1,26195
7290015324076,false,טעם וריח זעתר שקית 8,תות ממתקי איכות,IL,טעם וריח זעתר שקית 8,גרמים,80.00,100 גרם,false,,6.00,0.0750,true,1,26196
7290015324083,false,טעם וריח מלח לימון ש,תות ממתקי איכות,IL,טעם וריח מלח לימון ש,גרמים,80.00,100 גרם,false,,6.50,0.0813,true,1,26197
7290015324090,false,תבלין כמון טחון 80 ג',תות ממתקי איכות,IL,טעם וריח כמון שקית 8,גרמים,80.00,100 גרם,false,,6.80,0.0850,true,1,26198
7290015324106,false,תבלין כורכום טחון 80 גר',תות ממתקי איכות,IL,טעם וריח כורכום שקית,גרמים,80.00,100 גרם,false,,6.80,0.0850,true,1,26199
7290015324113,false,טעם וריח בהרט שקית 8,תות ממתקי איכות,IL,טעם וריח בהרט שקית 8,גרמים,80.00,100 גרם,false,,6.00,0.0750,true,1,26200
7290015324151,false,תבלין חוויאג למרק ב,תות ממתקי איכות,IL,תבלין חוויאג למרק ב,גרמים,80.00,100 גרם,false,,6.00,0.0750,true,1,26202
7290015324717,false,"מחית שום `טעם וריח, 210 גרם",טעם וריח,IL,מחית שום 210 גרם,גרמים,210.00,100 גרם,false,,13.90,0.0662,true,1,331659
7290015324724,false,מחית צ`ילי חריף `טעם וריח' 230 גרם,טעם וריח,IL,מחית צ'ילי חריף 230,גרמים,230.00,100 גרם,false,,13.90,0.0604,true,1,331674
7290015324731,false,"מחית ג`ינג`ר `טעם וריח', 210 גרם",,,מחית ג'ינג'ר 210 גרם,גרמים,210.00,100 גרם,false,,13.90,0.0662,true,1,331689
7290015324748,false,"מחית שום וג`ינגר `טעם וריח', 210 גרם",,,מחית שום וג'ינג'ר 21,גרמים,210.00,100 גרם,false,,13.90,0.0662,true,1,331690
7290015328692,false,מנורת לד 12 וולט,,,מנורת לד 12 וולט,אין,0.00,יחידה,false,,9.90,0.0000,true,1,10428
7290015328791,false,נרות חנוכה צבעוניים,,,נרות חנוכה צבעוניים,אין,0.00,יחידה,false,,3.90,0.0000,true,1,10434
7290015328807,false,נרות חנוכה לוקס לירו,,,נרות חנוכה לוקס לירו,אין,0.00,יחידה,false,,6.90,0.0000,true,1,2768
7290015347174,false,"אורז פרסי סלקטד מיה 1 ק""ג",מיה תעשיות מזון בעמ,IL,אורז פרסי בוואקום סל,אלף,1.00,"ק""ג",false,,16.80,16.8000,true,1,11459
7290015347273,false,נטיפי שוקולד אמיתי לאפיה 250 גר',,,נטיפי שוקולד מריר לא,גרמים,250.00,100 גרם,false,,9.90,0.0396,true,1,11466
7290015347464,false,קינואה מעורבת 400גרם,,,מיה קינואה מעורבת 50,גרמים,400.00,100 גרם,false,,14.90,0.0373,true,1,11476
7290015347488,false,"סוכר דמררה חום שקית מיה 1 ק""ג",מיה,IL,סוכר דמררה בשקית מיה,אלף,1.00,"ק""ג",false,,8.90,8.9000,true,1,11477
7290015348089,false,"יין למברוסקו/קאווה ביאנקו לבן 750 מ""ל",vi.mo - גאטטיקו,IT,למברוסקו אמיליאנו לב,מיליליטרים,750.00,"100 מ""ל",false,,25.20,0.0336,true,1,8692
7290015348096,false,אמיליאנו למברוסקו רוזה 750 מל,,,למברוסקו אמיליאנו רו,מיליליטרים,750.00,"100 מ""ל",false,,25.20,0.0336,true,1,8693
7290015366663,false,"אקווה פרש משחת שיניים מנטה עדין 100מ""ל",אקווה פרש Aquafresh,SK,מש.שיניים מנטה עדין,גרמים,100.00,100 גרם,false,,7.90,0.0790,true,1,5711
7290015366670,false,משחת שיניים הגנה משולשת מנטה מרענן,אקווה פרש Aquafresh,SK,מש.שיניים מנטה אקווה,גרמים,100.00,100 גרם,false,,7.90,0.0790,true,1,5712
7290015374286,false,"סיגר במילוי תפו""א בד",,,סיגר במילוי תפו'א 40,גרמים,400.00,100 גרם,false,,12.90,0.0323,true,1,31744
7290015374323,false,קובה ביתי במילוי בשר,,,קובה ביתי במילוי בשר,גרמים,400.00,100 גרם,false,,12.90,0.0323,true,1,31747
7290015374330,false,"קובה מרק בד""צ 400גר",,,קובה מרק 400 גרם,גרמים,400.00,100 גרם,false,,12.90,0.0323,true,1,31748
7290015395045,false,קינואה שקדיה 400 גרם,"דין שיווק וקליה בע""מ",IL,קינואה שקדיה 400 גרם,גרמים,400.00,100 גרם,false,,9.90,0.0248,true,1,6173
7290015437431,false,רכז רימונים תומר 420,תומר,,רכז רימונים תומר 42,גרמים,420.00,100 גרם,false,,19.90,0.0474,true,1,16281
7290015572033,false,שרי צהוב,,,שרי צהוב,יח',1.00,יח',false,,9.90,9.9000,true,1,31189
7290015597210,false,מאגדת טילון פרווה וניל 6 יח' קורנטו,"גלידת שטראוס בע""מ, ר",IL,מאגדת טילון קורנטו פ,גרמים,300.00,100 גרם,false,,33.90,0.1130,true,1,5954
7290015603188,false,אטריות ביצים 454ג' (כ) (fu),פוגקן לונגהי אנלידה,CN,אטריות ביצים מזרח ומ,גרמים,454.00,100 גרם,false,,9.90,0.0218,true,1,430821
7290015603201,false,אטריות מחיטה מלאה מז,Xiamen zhongshi impo,CN,אטריות מחיטה מלאה מז,גרמים,454.00,100 גרם,false,,10.90,0.0240,true,1,430836
7290015603218,false,אטריות עם עגבניה 454ג' (כ) (fu),פוגקן לונגהי אנלידה,CN,אטריות עם עגבניות מז,גרמים,454.00,100 גרם,false,,9.90,0.0218,true,1,430866
7290015603225,false,איטריות בתוספת גזר 4,פוגקן לונגהי אנלידה,CN,אטריות עם גזר מזרח ו,גרמים,454.00,100 גרם,false,,10.90,0.0240,true,1,430851
7290015603522,false,נוזל אגוזי קוקוס 5-7,אסי אטיק גרו אינדוסט,TH,נוזל אגוזי קוקוס 5-7,מיליליטרים,400.00,"100 מ""ל",false,,6.90,0.0173,true,1,306413
7290015603546,false,"שימורי קרם קוקוס 17-19% 400 מ""ל (ASIATIC)(כ)",אסיאטיק אגרו אינדסטר,TH,שימורי קרם קוקוס 17-,מיליליטרים,400.00,"100 מ""ל",false,,8.90,0.0223,true,1,306277
7290015603560,false,שימורי קרם קוקוס 400,אסי אטיק גרו אינדוסט,TH,שימורי קרם קוקוס 20-,מיליליטרים,400.00,"100 מ""ל",false,,9.90,0.0248,true,1,306291
7290015603584,false,ג'ינגר לבן כבוש ללא מונוסודיום 160 גרם (כ),לאיווי איפנג פודס קו,CN,ג'ינג'ר לבן כבוש ללא,גרמים,160.00,100 גרם,false,,7.90,0.0494,true,1,430895
7290015603591,false,ג'ינגר כבוש ורוד מזר,ננטונג הידה אקוטיק פ,CN,ג'ינג'ר ורוד כבוש לל,גרמים,160.00,100 גרם,false,,7.90,0.0494,true,1,430910
7290015603638,false,"אורז קלרוז 1 ק""ג (כ) (Minh)",מינה פונג גרין אגריק,CN,אורז עגול קלרוז לסוש,אלף,1.00,"ק""ג",false,,11.90,11.9000,true,1,306206
7290015644297,false,אנג'ל הלחמניה המלאה 6יח 450 ג',מאפיית שלמה א. אנג'ל,IL,6 לחמניות פשוט מלא א,אין,0.00,יחידה,false,,11.50,0.0000,true,1,22648
7290015644426,false,לחם צרפתי חיטה מלאה ודגנים,"איטיליאן פוד, אס.פי.",IL,לחם מחמצת חיטה מלאה,גרמים,600.00,100 גרם,false,,17.90,0.0298,true,1,22649
7290015644433,false,לחם צרפתי שיפון 100% קל,מאפית אנגל,IL,לחם מחמצת 100% שיפון,גרמים,600.00,100 גרם,false,,17.90,0.0298,true,1,22650
7290015652254,false,גרעיני חמניה קלויים 500 ג',דין שיווק,IL,גרעיני חמניה קלויים,גרמים,400.00,100 גרם,false,,10.00,0.0250,true,1,6175
7290015652261,false,בוטנים קלויים 350 ג' ששון הקולה,דין שיווק,IL,בוטנים קלויים ששון ה,גרמים,300.00,100 גרם,false,,10.00,0.0333,true,1,6176
7290015652285,false,אגוזים קלופים 250 גר,"דין שיווק וקליה בע""מ",IL,אגוזים קלופים 250 גר,גרמים,250.00,100 גרם,false,,20.00,0.0800,true,1,121394
7290015652292,false,קבוקים עם שומשום 400גר,"דין שיווק וקליה בע""מ",IL,קבוקים עם שומשום ששו,גרמים,400.00,100 גרם,false,,10.00,0.0250,true,1,6178
7290015652308,false,מנצ'ס ששון הקולה 300,,,מנצ'ס ששון הקולה 300,גרמים,300.00,100 גרם,false,,10.00,0.0333,true,1,6179
7290015652315,false,חמוציות מסוכרות ששון,דין שיווק,IL,חמוציות מסוכרות ששון,גרמים,300.00,100 גרם,false,,10.00,0.0333,true,1,6180
7290015652322,false,בוטנים אמריקאים מצופים 400 ג',דין שיווק,IL,בוטנים אמריקאים מצופ,גרמים,400.00,100 גרם,false,,10.00,0.0250,true,1,6181
7290015652407,false,פיסטוק קלוי ששון הקו,"דין שיווק וקליה בע""מ",IL,פיסטוק קלוי ששון הקו,גרמים,250.00,100 גרם,false,,20.00,0.0800,true,1,6182
7290015733120,false,מטרנה גולד שלב 1 תרכובת מזון על בסיס חלבי,מטרנה,IL,מטרנה גולד שלב אחד 7,גרמים,700.00,100 גרם,false,,75.90,0.1084,true,1,2589
7290015733205,false,תרכובת מזון לתינוקות חלבי שלב 1 אקסטרה קר מהדרין,מטרנה,IL,מטרנה אקסטרה קר מהדר,גרמים,700.00,100 גרם,false,,59.90,0.0856,true,1,13124
7290015733427,false,מטרנה דייסת גם וגם וניל פרו12*300ג 2019,מולינו ניקולי s.p.a,IL,מטרנה דייסת גם וגם ו,גרמים,300.00,100 גרם,false,,17.90,0.0597,true,1,13127
7290015733977,false,תרכובת מזון קומפורט על בסיס חלבי דל לקטוז,מטרנה,,מטרנה קומפורט 700 גר,גרמים,700.00,100 גרם,false,,59.90,0.0856,true,1,58383
7290015766005,false,עגבניות שרי וויטני,אראל תוצרת חקלאית בע,IL,שרי וויטני יחידה,גרמים,500.00,100 גרם,false,,9.90,0.0198,true,1,32562
7290015766029,false,עגבניות שרי כתומות 4,אראל תוצרת חקלאית בע,IL,שרי כתום יח',גרמים,460.00,100 גרם,false,,9.90,0.0215,true,1,31190
7290015781008,false,"יין ויז'ן מרלו 750 מ""ל",יקב טפרברג 1870 בעמ,IL,ויז'ן מרלו,מיליליטרים,750.00,"100 מ""ל",false,,39.90,0.0532,true,1,9843
7290015781015,false,"יין ויז'ן מלבק 750 מ""ל",יקב טפרברג 1870 בעמ,IL,ויז'ן מלבק,מיליליטרים,750.00,"100 מ""ל",false,,39.90,0.0532,true,1,397313
7290015781046,false,ויז'ן לבן חצי יבש 750מל,יקב טפרברג 1870 בעמ,IL,ויז'ן לבן חצי יבש 75,מיליליטרים,750.00,"100 מ""ל",false,,39.90,0.0532,true,1,397314
7290015781091,false,"יין ויז'ן קברנה סובניון 750 מ""ל",יקב טפרברג 1870 בעמ,IL,ויז'ן קברנה סובניון,מיליליטרים,750.00,"100 מ""ל",false,,39.90,0.0532,true,1,397316
7290015781114,false,"יין אימפרשן מרלו 750 מ""ל",יקב טפרברג 1870 בעמ,IL,אימפרשן מרלו,מיליליטרים,750.00,"100 מ""ל",false,,49.90,0.0665,true,1,9844
7290015781152,false,יין רוזה אימפרשן יקב,יקב טפרברג,,אימפרשן יין רוזה,מיליליטרים,750.00,"100 מ""ל",false,,49.90,0.0665,true,1,397320
7290015781169,false,"יין קברנה סוביניון - חצי יבש אימפרשן 750מ""ל",יקב טפרברג 1870 בעמ,IL,אימפרשן אדום חצי יבש,מיליליטרים,750.00,"100 מ""ל",false,,49.90,0.0665,true,1,397321
7290015781268,false,"יין מוסקטו אדום 750 מ""ל",יקב טפרברג 1870 בעמ,IL,טפרברג מוסקטו אדום 7,מיליליטרים,750.00,"100 מ""ל",false,,39.90,0.0532,true,1,9846
7290015781275,false,יין טפרברג מוסקטו לב,יקב טפרברג 1870 בעמ,IL,טפרברג מוסקטו לבן 75,מיליליטרים,750.00,"100 מ""ל",false,,39.90,0.0532,true,1,397322
7290015781299,false,יין שיראז אדום טפמבר,יקב טפרברג 1870 בעמ,IL,ויז'ן שיראז,מיליליטרים,750.00,"100 מ""ל",false,,39.90,0.0532,true,1,397324
7290015781305,false,"יין אימפרשן סירה 750 מ""ל",יקב טפרברג 1870 בעמ,IL,אימפרשן יין סירה,מיליליטרים,750.00,"100 מ""ל",false,,49.90,0.0665,true,1,397325
7290015855082,false,ברוקולי מיני,,,ברוקולי מיני,יח',1.00,יח',false,,9.90,9.9000,true,1,22720
7290015855143,false,שום קלוף 170גרם,,,שום קלוף,גרמים,170.00,100 גרם,false,,11.90,0.0700,true,1,30000
7290015855181,false,ג'ינג'ר ארוז,,,ג'ינג'ר ארוז,יח',1.00,יח',false,,8.90,8.9000,true,1,22721
7290015855341,false,אנדיב (עולש),,,אנדיב (עולש),יח',1.00,יח',false,,15.90,15.9000,true,1,225347
7290015855495,false,חסה לאליק,,,חסה לאליק,יח',1.00,יח',false,,12.90,12.9000,true,1,252028
7290015858113,false,ממרח עגבניות מיובשות 180 גרם עללחם,"מדשא תעשיות מזון בע""",IL,ממרח עגבניות מיובשות,גרמים,180.00,100 גרם,false,,16.90,0.0939,true,1,161429
7290015858144,false,ממרח ארטישוק עלחחם 180 ג',זאביק יצור ושיווק מז,IL,ממרח ארטישוק עללחם 1,גרמים,180.00,100 גרם,false,,16.90,0.0939,true,1,15532
7290015858151,false,ממרח שום 180 גרם עללחם בית יוסף,רוג'ר אנד רוג'ר,IL,ממרח שום עללחם 180 ג,גרמים,180.00,100 גרם,false,,16.90,0.0939,true,1,440629
7290015858175,false,ממרח פלפלים קלויים 180 גרם עללחם,זאביק יצור ושיווק מז,IL,ממרח פלפלים קלויים ע,גרמים,180.00,100 גרם,false,,16.90,0.0939,true,1,15533
7290015858229,false,טפנד זיתי קלמטה 180 גרם עללחם,"מדשא תעשיות מזון בע""",IL,ממרח טפנד זיתי קלמטה,גרמים,180.00,100 גרם,false,,16.90,0.0939,true,1,15534
7290015858243,false,ממרח צימיצורי עללחם 180 ג',זאביק יצור ושיווק מז,IL,ממרח צימיצורי עללחם,גרמים,180.00,100 גרם,false,,16.90,0.0939,true,1,15535
7290015865708,false,תענוג פרי אוכמניות ע,קריות זול,IL,תענוג פרי אוכמניות ע,גרמים,400.00,100 גרם,false,,17.90,0.0447,true,1,187968
7290015865715,false,קונפיטורה תענוג פרי,קריות זול,IL,תענוג פרי פירות יער,גרמים,400.00,100 גרם,false,,17.90,0.0447,true,1,187969
7290015865722,false,קונפיטורת תות שדה ענ,ענבי ציון,IL,קונפיטורה לייט תות ש,גרמים,400.00,100 גרם,false,,19.90,0.0497,true,1,187996
7290015865746,false,קונפיטורת לייט פירות,,,קונפיטורה לייט פירות,גרמים,400.00,100 גרם,false,,19.90,0.0497,true,1,187998
7290016006025,false,סודה שוופס בקבוק 500,יפאורה תבורי בעמ,IL,שוופס סודה 500מל,מיליליטרים,500.00,"100 מ""ל",false,,3.90,0.0078,true,1,9752
7290016006292,false,נקטר מנגו בננה מלון קרטונית 1 ל' ספרינג,"יפאורה תבורי בע""מ",IL,ספרינג מנגו בננה מלו,אין,0.00,יחידה,false,,6.90,0.0000,true,1,9756
7290016006339,false,מים מינרלים - מארז רביעייה,מופק ממקור בזלתי עדן,IL,מי עדן רביעייה 1 ליט,ארגז,4.00,ליטר,false,,10.90,2.7250,true,1,9758
7290016006346,false,שוופס סודה מארז שישייה * 0.5 ל',יפאורה תבורי בעמ,IL,שוופס סודה שישייה 0.,ארגז,3.00,ליטר,false,,13.90,4.6333,true,1,9759
7290016087147,false,רוטב פיצה מרגריטה 240 ג' פריניר,,,רוטב עגבניות מתובל ל,גרמים,240.00,100 גרם,false,,4.90,0.0204,true,1,25606
7290016087222,false,רוטב עגבניות לשקשוקה 230 ג' פריניר,פריניר ( הדס 1987) ב,IL,ברוטב עגבניות מרוכז,גרמים,240.00,100 גרם,false,,4.90,0.0204,true,1,25610
7290016087239,false,רוטב עגבניות מרוכז לשקשוקה פיקנט 230 ג' פריניר,,,רוטב עגבניות לשקשוקה,גרמים,240.00,100 גרם,false,,4.90,0.0204,true,1,25611
7290016096217,false,רביעיית נתחי טונה קט,,,רביעיית נתחי טונה קט,גרמים,560.00,100 גרם,false,,21.90,0.0391,true,1,468753
7290016096491,false,נתחי טונה בהירה בשמן צמחי שלישיה *80ג' פילטונה,,,נתחי טונה בשמן צמחי,גרמים,240.00,100 גרם,false,,11.90,0.0496,true,1,17361
7290016096675,false,טונה בשמן זית פילטונ,,,טונה בשמן זית פילטונ,גרמים,240.00,100 גרם,false,,17.90,0.0746,true,1,17366
7290016096804,false,ממרח טונה פילטונה 160 גר',,,ממרח טונה פילטונה רב,גרמים,160.00,100 גרם,false,,5.30,0.0331,true,1,97718
7290016096811,false,רביעיית ממרח טונה פילטונה 160 גר'*4,תעשיות פילטונה,IL,ממרח טונה פילטונה רב,גרמים,160.00,100 גרם,false,,19.90,0.1244,true,1,36342
7290016096934,false,מארז זוגות סלט טונה 2*160 ג' פילטונה,פילטונה,IL,סלט טונה 2 יח' פילטו,גרמים,320.00,100 גרם,false,,11.90,0.0372,true,1,83146
7290016104868,false,סירופ מייפל פוליבה 700 גר',,,סירופ בטעם מייפל 700,גרמים,700.00,100 גרם,false,,12.90,0.0184,true,1,10464
7290016136111,false,תערובת להכנת מאפים ללא גלוטן,ג'י פרי Gfree,,תערובת קמח להכנת לחם,גרמים,500.00,100 גרם,false,,16.90,0.0338,true,1,25217
7290016144024,false,"קמח כוסמין מלא נפלאות 100% 1 ק""ג","קמח מלכים בע""מ",IL,קמח כוסמין מלא 100%,אלף,1.00,"ק""ג",false,,14.90,14.9000,true,1,29273
7290016144031,false,"קמח חיטה לבן נפלאות 1 ק""ג",קמח מלכים,IL,קמח נפלאות חיטה לבן,אלף,1.00,"ק""ג",false,,6.90,6.9000,true,1,29274
7290016144055,false,"קמח כוסמין נפלאות 80% 1 ק""ג",קמח מלכים,IL,קמח כוסמין 80% נפלאו,אלף,1.00,"ק""ג",false,,14.90,14.9000,true,1,29276
7290016150117,false,סלק אדום מבושל 500 ג' בוואקום,חקלאי,IL,מעדן סלק בוואקום 500,גרמים,500.00,100 גרם,false,,5.90,0.0118,true,1,29158
7290016150711,false,Avel -נוזל קוקוס תאילנדי בפחית 400 גרם,,,AVEL נוזל קוקוס תאיל,מיליליטרים,400.00,"100 מ""ל",false,,5.90,0.0148,true,1,29907
7290016162233,false,עוגיות ממולאות פרימיום סוגים שונים 200 גר',,,עוגיות דיזרט פרימיום,גרמים,200.00,100 גרם,false,,19.90,0.0995,true,1,25165
7290016162264,false,עוגת גבינה רנססנס 450 גר',קפולסקי שיווק וקמעונ,IL,עוגת גבינה רנסנס 450,גרמים,450.00,100 גרם,false,,40.90,0.0909,true,1,25167
7290016188585,false,יין מבעבע למברוסקו רוזה חצי יבש,יקב גאקובזי,,רוזה מבעבע למברוסקו,מיליליטרים,750.00,"100 מ""ל",false,,24.90,0.0332,true,1,3962
7290016188592,false,"יין למברוסקו אדום חצי יבש 750 מ""ל","כד בני דרום בע""מ",IT,למברוסקו אדום ג'אקוב,מיליליטרים,750.00,"100 מ""ל",false,,24.90,0.0332,true,1,3963
7290016188608,false,"יין למברוסקו לבן חצי יבש 750מ""ל",יקב גאקובזי,IT,למברוסקו לבן חצי יבש,מיליליטרים,750.00,"100 מ""ל",false,,24.90,0.0332,true,1,3964
7290016197488,false,מטליות מיקרופייבר למשטחים ניקול 3יח',UFO INC,CN,מטלית קסם לשיש מארז,אין,0.00,יחידה,false,,11.90,0.0000,true,1,8360
7290016197839,false,ניקול השקית החזקה 20 יח' XL,אשפלסט תעשיות בעמ,IL,ניקול השקית החזקה XL,אין,0.00,יחידה,false,,25.90,0.0000,true,1,8364
7290016217742,false,חציל בטחינה שמיר 200 ג',"סלטי שמיר 2006 בע""מ",IL,חציל בטחינה סלטי שמי,גרמים,200.00,100 גרם,false,,10.90,0.0545,true,1,12626
7290016233384,false,גפילטע פיש 7קציצות מ,,,גפילטא פיש 7 קציצות,גרמים,555.00,100 גרם,false,,14.90,0.0268,true,1,16286
7290016246018,false,בארכה מיקס פינוקיות חלווה 10*20ג,רושדי תעשיות מזון בע,IL,בארכה מיקס פינוקיות,גרמים,200.00,100 גרם,false,,11.90,0.0595,true,1,13128
7290016246025,false,בארכה מיקס פינוקיות חלווה ללא סוכר 10*20ג,רושדי תעשיות מזון בע,IL,בארכה פנוקיות חלבה ל,גרמים,200.00,100 גרם,false,,11.90,0.0595,true,1,13129
7290016246445,false,טחינה גולמית מעודנת שמשום מלא בארכה 310ג',בארכה,IL,בארכה טחינה גולמית מ,גרמים,310.00,100 גרם,false,,10.90,0.0352,true,1,13133
7290016246490,false,בארכה חלבה קלאסיק 400 גר',,,בארכה חלבה קלאסית 40,גרמים,400.00,100 גרם,false,,10.50,0.0263,true,1,13135
7290016304404,false,לחם קוביות 100% כוסמין 600 ג',מאפיית דוידוביץ ובני,IL,לחם מלא כוסמין 100%,גרמים,600.00,100 גרם,false,,14.90,0.0248,true,1,462607
7290016304596,false,מארז 10 לחמניות בשקית,מאפית דוידוביץ ובניו,IL,10 לחמניות לסנדוויץ,גרמים,750.00,100 גרם,false,,16.90,0.0225,true,1,463423
7290016319309,false,פמלי פרלי 1ליטר מאסק קלאסי+משאבה,הנסיך- מפעל לייצור ט,TR,אל סבון מאסק+משאבה פ,ארגז,1.00,ליטר,false,,10.90,10.9000,true,1,6645
7290016321661,false,מגבונים פרש וואנס סנסיטיב קר רביעיה,עלבד משואות יצחק,IL,מגבוני פרש וואנס רבי,אין,0.00,יחידה,false,,14.90,0.0000,true,1,6657
7290016321678,false,מגבונים לחים בניחוח מרענן עם תמציות קמומיל ואלוורה,עלבד משואות יצחק,IL,פרשוואנס רביעייה נטו,אין,0.00,יחידה,false,,14.90,0.0000,true,1,6658
7290016321890,false,פ.ו נייר טואלט מתכלה מבוגרים 40יח- שלישייה,עלבד משואות יצחק בעמ,IL,פרשוואנס נייר טואלט,אין,0.00,יחידה,false,,13.50,0.0000,true,1,6661
7290016329278,false,מגבוני קמיל בלו 64 יח' * רביעיה,"ד""ר פישר Dr fischer",,מגבוני קמיל 64 יח` מ,אין,0.00,יחידה,false,,19.90,0.0000,true,1,42127
7290016334500,false,לבבות חסה זוגות בשקי,,,לבבות חסה זוגות בשקי,יח',1.00,יח',false,,9.90,9.9000,true,1,29398
7290016370300,false,זית קלמטה שלם יבנה 580ג',,,זית קלמטה שלם בצנצנת,גרמים,560.00,100 גרם,false,,14.90,0.0266,true,1,38532
7290016372335,false,עגבניות חתוכות לקובי,,,עגבניות חתוכות לקובי,גרמים,400.00,100 גרם,false,,7.00,0.0175,true,1,97774
7290016372342,false,עגבניות חתוך קוביות גראנד איטליה מארז 400X3ג',גרנד איטליה Grand Italia,,עגבניות חתוכות לקובי,גרמים,400.00,100 גרם,false,,16.90,0.0422,true,1,16143
7290016372489,false,ויסוצקי חליטת ג'ינג'ר ולימון סודות הצמחים 25 שקיקים,HIQ FOOD PRODUCTS,IL,סודות הצמחים ג'ינג'ר,גרמים,30.00,100 גרם,false,,17.50,0.5833,true,1,268934
7290016372496,false,חליטת פירות וצמחים בטעם ג'ינג'ר ודבש -אפקט הג'ינג'ר,קריות זול,IL,סודות הצמחים ג'ינג'ר,גרמים,30.00,100 גרם,false,,17.50,0.5833,true,1,268935
7290016408980,false,"מטבעות שוקולד חלב 36 ג' כשל""פ בד""ץ",כרמית,IL,לני מטבעות שוקולד חל,גרמים,36.00,100 גרם,false,,3.90,0.1083,true,1,3108
7290016416961,false,מוס גבינה תות שדה 400 גר',קפולסקי שיווק וקמעונ,IL,עוגת פס מוס גבינה תו,גרמים,400.00,100 גרם,false,,40.90,0.1022,true,1,25171
7290016437645,false,האגיס פרידום דריי פנטס מידה 5 34 יח',קימברלי,CZ,האגיס פרידום דריי 32,אין,0.00,יחידה,false,,46.90,0.0000,true,1,8371
7290016440652,false,תערובת פרוסות ירקות חמוצים,,,תערובת פרוסות ירקות,גרמים,500.00,100 גרם,false,,19.90,0.0398,true,1,132858
7290016440881,false,תערובת ירקות חמוצים בטעם טבעי,,,ירקות חמוצים בטעם טב,גרמים,500.00,100 גרם,false,,19.90,0.0398,true,1,132859
7290016440911,false,מלפפונים ביתיים כבושים,מעדני עופר,,מלפפונים ביתיים כבוש,גרמים,500.00,100 גרם,false,,19.90,0.0398,true,1,132844
7290016440928,false,ירקות כבושים חמוץ מתוק (סיני),מעדני עופר,IL,ירקות כבושים חמוץ מת,גרמים,500.00,100 גרם,false,,19.90,0.0398,true,1,132860
7290016446043,false,רביולי בטעם בטטה קפו,,,רביולי בטעם בטטה קפו,גרמים,360.00,100 גרם,false,,21.90,0.0608,true,1,79661
7290016509342,false,סוד שלישייה סבון לאסל כחול אקטיבי אקנומיקה,הנקל סוד,IL,סוד מארז שלישיה כדור,גרמים,150.00,100 גרם,false,,16.90,0.1127,true,1,22375
7290016509786,false,פרסיל - ג'ל כביסה ירוק 2.50 ליטר,פרסיל Persil,IL,פרסיל ג'ל 2.5 ליטר י,ארגז,2.50,ליטר,false,,34.90,13.9600,true,1,22379
7290016509809,false,ג'ל מרוכז לכביסה קולור 2.5 ל' פרסיל,פרסיל Persil,IL,פרסיל ג'ל 2.5 ליטר ק,ארגז,2.50,ליטר,false,,34.90,13.9600,true,1,22381
7290016509823,false,ג'ל לכביסה לבנה וצבעונית בניחוח רענן,פרסיל Persil,,פרסיל ג'ל 2.5 ליטר ב,ארגז,2.50,ליטר,false,,34.90,13.9600,true,1,22383
7290016509830,false,ג'ל כביסה לבגדי תינוקות ובעלי עור רגיש Sensitive,פרסיל Persil,IL,פרסיל ג'ל 2.5 ליטר ב,ארגז,2.50,ליטר,false,,34.90,13.9600,true,1,22384
7290016509847,false,ג'ל כביסה לבגדים שחורים וכהים,פרסיל Persil,IL,פרסיל ג'ל 2.5 ליטר ב,ארגז,2.50,ליטר,false,,34.90,13.9600,true,1,22385
7290016510850,false,שמפו לילדים עם ברבי,,,שמפו לילדים עם ברבי,מיליליטרים,700.00,"100 מ""ל",false,,13.90,0.0199,true,1,7949
7290016513981,false,קרפלך תפוא מהדורה חד,,,קרפלך במילוי תפוח אד,גרמים,0.60,100 גרם,false,,17.90,29.8333,true,1,422334
7290016564006,false,מבריקל סקוטש הפלא שלישיה,,,מבריקל הפלא,אין,0.00,יחידה,false,,9.90,0.0000,true,1,29414
7290016621341,false,אל סבון היגייני לניקוי יסודי קמיל Clean & Moisture,"ד""ר פישר Dr fischer",,אל סבון ניקיון ולחות,ארגז,1.00,ליטר,false,,14.90,14.9000,true,1,18788
7290016682038,false,"מיץ תפוזים סחוט 100% טבעי. מפוסטר, מקורר",פריניב,IL,"מיץ תפוזים 400 מ""ל פ",מיליליטרים,400.00,"100 מ""ל",false,,9.50,0.0238,true,1,30069
7290016682182,false,פריניב שייק תמר בננה מופחת סוכר 1 ליטר,פריניב בעמ,IL,שייק תמר בננה מופחת,אין,0.00,יחידה,false,,16.90,0.0000,true,1,30072
7290016682199,false,פריניב שייק תות בננה מופחת סוכר 1 ליטר,פריניב בעמ,IL,שייק תות בננה מופחת,אין,0.00,יחידה,false,,16.90,0.0000,true,1,30073
7290016682250,false,מיץ תפוז וגזר סחוט 1,,,מיץ תפוז וגזר סחוט 1,ארגז,1.00,ליטר,false,,16.90,16.9000,true,1,437499
7290016682328,false,מיץ תפוזים מרכז 2 ליטר,פריניב,IL,פרי ניב מיץ תפוזים ט,ארגז,2.00,ליטר,false,,20.60,10.3000,true,1,154277
7290016682359,false,מיץ תפוזים שמוטי 2 ליטר,פריניב,IL,פרי ניב מיץ 100% טבע,ארגז,2.00,ליטר,false,,26.60,13.3000,true,1,154292
7290016682397,false,נקטר פריניב חמוציות,פריניב,IL,נקטר חמוציות פריניב,ארגז,2.00,ליטר,false,,18.90,9.4500,true,1,154306
7290016693294,false,"יין בראשית רוזה 750 מ""ל",,,יין היוצר בראשית רוז,מיליליטרים,750.00,"100 מ""ל",false,,39.90,0.0532,true,1,9884
7290016693300,false,"יין היוצר בראשית שרדונה 750 מ""ל",,,יין היוצר בראשית שרד,מיליליטרים,750.00,"100 מ""ל",false,,39.90,0.0532,true,1,9885
7290016693546,false,"יין עונות קברנה 750 מ""ל.",,,יין עונות קברנה 750,מיליליטרים,750.00,"100 מ""ל",false,,30.90,0.0412,true,1,9886
7290016717631,false,יין מוסקטו בעל חוזק אלכוהול נמוך פרייבט קולקשן,אגודת הכורמים הקואופ,IL,יין P.C מוסקטו יין,מיליליטרים,750.00,"100 מ""ל",false,,39.90,0.0532,true,1,3971
7290016717754,false,"יין ישן נושן היובל 750 מ""ל",אגודת הכורמים הקואופ,IL,"ישן נושן 750מ""ל.",מיליליטרים,750.00,"100 מ""ל",false,,18.90,0.0252,true,1,3972
7290016866643,false,משחת שיניים פרודונטקס אקסטרה פרש,פרודונטקס Parodontax,SK,מש.שיניים פרש פרודונ,מיליליטרים,75.00,"100 מ""ל",false,,31.90,0.4253,true,1,5731
7290016866650,false,"פרודונטקס - משחת שיניים אוריג'ינל 75 מ""ל",פרודונטקס Parodontax,SK,מש.שיניים אוריגינל פ,מיליליטרים,75.00,"100 מ""ל",false,,31.90,0.4253,true,1,5732
7290016867008,false,לחם מחמצת כוסמין 750 גרם,המאפה של דר מרק,IL,לחם כוסמין מחמצת 700,גרמים,700.00,100 גרם,false,,17.90,0.0256,true,1,131569
7290016867046,false,פיתות קלות כוסמין במתיקות מעודנת 6 יח',המאפה של דר מרק בריא,IL,פיתות קלות כוסמין במ,גרמים,303.00,100 גרם,false,,14.90,0.0492,true,1,131632
7290016867053,false,לחם קל כוסמין בתוספת מחמצת 450 גר',המאפה של דר מרק בריא,IL,לחם קל כוסמין בתוספת,גרמים,450.00,100 גרם,false,,18.90,0.0420,true,1,131570
7290016867114,false,לחם כוסמין קל מלא 500 גר',המאפה של דר מרק בריא,IL,לחם כוסמין קל מלא 50,גרמים,500.00,100 גרם,false,,17.90,0.0358,true,1,131571
7290016867145,false,פיתות קלות קמח מלא 360ג',,,פיתות קלות קמח מלא 3,גרמים,360.00,100 גרם,false,,13.90,0.0386,true,1,131634
7290016867152,false,"פיתות קלות כוסמין ד""ר מרק 5יח'",המאפה של דר מרק בריא,IL,פיתות קלות כוסמין 29,גרמים,292.00,100 גרם,false,,13.90,0.0476,true,1,131635
7290016867176,false,"לחמניות קלות כוסמין שומשום 6יח' ד""ר מרק",המאפה של דר מרק,IL,לחמניות ק. כוסמין שו,גרמים,300.00,100 גרם,false,,13.90,0.0463,true,1,131617
7290016867244,false,לחמניות מחמצת כוסמין 99 קלוריות מארז,המאפה של דר מרק בריא,IL,לחמניות מחמצת כוסמין,גרמים,321.00,100 גרם,false,,14.90,0.0464,true,1,131601
7290016883176,false,"מוזלי פתיתי שיבולת שועל עם שוקולד מריר ושבבי קוקוס 1 ק""ג",דין שיווק,MK,מוזלי 47% דגנים מלאי,אלף,1.00,"ק""ג",false,,18.90,18.9000,true,1,121023
7290016967074,false,לחם אנג'ל 100 חיטה מלאה 750 גר',מאפיית שלמה א. אנג'ל,IL,חיטה מלאה אנגל 750 ג,גרמים,750.00,100 גרם,false,,16.90,0.0225,true,1,22651
7290016967456,false,לחם צרפתי מחמצת 100% כוסמין 600 ג' אנג'ל,מאפיית שלמה א.אנג'ל,IL,לחם מחמצת כוסמין אנג,גרמים,600.00,100 גרם,false,,17.90,0.0298,true,1,22652
7290016998184,false,עלי חסה ערבית שטופים,,,עלי חסה ערבית שטופה,גרמים,250.00,100 גרם,false,,10.90,0.0436,true,1,73277
7290016998320,false,לבבות קיסר נטורזה יח,מרינה,IL,לבבות קיסר מארז,יח',1.00,יח',false,,11.90,11.9000,true,1,73290
7290017023212,false,"שוויפס מוגז פירות תפוח מארז רביעייה* 330 מ""ל",יפאורה תבורי,IL,רביעיית משקה שוופס ב,ארגז,1.32,ליטר,false,,13.90,10.5303,true,1,9766
7290017023236,false,רביעיית פחיות שוופס מוגז פירות ענבים 330 מל.,יפאורה תבורי,IL,רביעיית משקה שוופס ב,ארגז,1.32,ליטר,false,,13.90,10.5303,true,1,9768
7290017023663,false,"שוופס מיץ פירות לימונייד פחית מארז 330X4מ""ל",יפאורה תבורי,IL,רביעיית משקה שוופס ל,ארגז,1.32,ליטר,false,,13.90,10.5303,true,1,9781
7290017023854,false,מי סודה בקבוקים אישיים - מארז 4 יח',יפאורה תבורי בעמ,IL,"שוופס סודה 250 מ""ל ר",ארגז,1.00,ליטר,false,,9.90,9.9000,true,1,9790
7290017058689,false,זית שחור טבעי תומר 4,,,זית שחור טבעי תומר 4,גרמים,400.00,100 גרם,false,,14.90,0.0373,true,1,16300
7290017062693,false,מרכך כביסה מרוכז לבן טאצ 1ל',סאסאטק,IL,מרכך כביסה מרוכז טאצ,ארגז,1.00,ליטר,false,,12.90,12.9000,true,1,38207
7290017062730,false,"נוזל כלים 36% לבנדר +משאבה 750 מ""ל",,,נוזל כלים לבנדר 36%,מיליליטרים,750.00,"100 מ""ל",false,,8.90,0.0119,true,1,24298
7290017065007,false,פרוסות גבינה מוצרלה חצי קשה 22% שומן 200 ג' גד,מחלבות גד בעמ,IL,מוצרלה פרוסה חצי קש,גרמים,200.00,100 גרם,false,,19.60,0.0980,true,1,11126
7290017065137,false,ריקוטה למריחה 5% טבעית 200 גרם - רובין,האי נאם סי או אל.טי.,IL,גבינה ריקוטה למריחה,גרמים,200.00,100 גרם,false,,10.90,0.0545,true,1,11127
7290017065212,false,גבינת קרם מסקרפונה מחלבות גד 250 גר,מיוצר עי קוד יצרן ED,IL,קרם מסקרפונה להקצפה,גרמים,250.00,100 גרם,false,,22.10,0.0884,true,1,11131
7290017065236,false,גבינה בולגרית מעודנת 24% גד 250 ג',הנסיך- מפעל לייצור ט,IL,בולגרית מעודנת 24% 2,גרמים,250.00,100 גרם,false,,23.90,0.0956,true,1,11132
7290017065380,false,גרנה פדנו שבבים 29% 100 גרם בית יוסף,מחלבות גד,IT,גרנה פדנו שבבים 100,גרמים,100.00,100 גרם,false,,13.50,0.1350,true,1,11135
7290017065434,false,פרוסות גבינה גאודה הולנדית חצי קשה 200 גרם בית יוסף,מחלבות גד בעמ,NL,גד פרוסות גאודה 200,גרמים,200.00,100 גרם,false,,22.90,0.1145,true,1,11137
7290017065441,false,גבינה גאודה עיזים פרוסה הולנדית 200 גר',מחלבות גד,NL,גד פרוסות גאודה עיזי,גרמים,200.00,100 גרם,false,,33.80,0.1690,true,1,11138
7290017065526,false,קוואטרו פורמאג'י 4 גבינות מגוררות 26%,מחלבות גד בעמ,IL,גד קוואטרו פורמאג'י,גרמים,300.00,100 גרם,false,,30.90,0.1030,true,1,11139
7290017065663,false,פטה עיזים מעודנת 16% 250 ג',ג'נרל מילס סאן אדריא,IL,גבינת פטה עיזים מעוד,גרמים,250.00,100 גרם,false,,33.10,0.1324,true,1,35300
7290017065731,false,גבינת שמנת 30% ניו יורק +כמהין 200 גרם רבנות,פ.פ.ח. שאביט,IL,גבינת שמנת ניו יורק,גרמים,200.00,100 גרם,false,,14.10,0.0705,true,1,67811
7290017065786,false,גבינת צ'דר אנגלית גד 210 ג',מחלבות גד,IL,גבינה אנגלית קשה צ'ד,גרמים,210.00,100 גרם,false,,21.90,0.1043,true,1,212753
7290017068350,false,עדשים שחורות בלוגה מיה 500 גר',מיה,IL,עדשים שחורות בלוגה מ,גרמים,500.00,100 גרם,false,,7.90,0.0158,true,1,240952
7290017068367,false,שמרים בוואקום 125 גר',מיה,IL,מיה שמרים בוואקום 12,גרמים,125.00,100 גרם,false,,4.90,0.0392,true,1,11507
7290017068374,false,שמרים בוואקום 500 גר',angle yeast co ltd,CN,מיה שמרים בוואקום 50,גרמים,500.00,100 גרם,false,,10.90,0.0218,true,1,11508
7290017068381,false,מעדן משמש 370 גר' לל,,,מעדן משמש 370 גר' לל,גרמים,370.00,100 גרם,false,,12.90,0.0349,true,1,11509
7290017068886,false,ג'לי דובונים בציפוי שמן 350 גר',מיה תעשיות מזון בעמ,IL,ג'לי דובונים מיה 350,גרמים,350.00,100 גרם,false,,14.90,0.0426,true,1,237352
7290017068916,false,ג'לי טבעות בציפוי סוכר 350 גר',מיה תעשיות מזון בעמ,IL,ג'לי טבעות בציפוי סו,גרמים,350.00,100 גרם,false,,14.90,0.0426,true,1,11515
7290017068923,false,ג'לי בינס קרנבל 375 גר',מיה תעשיות מזון בעמ,IL,ג'לי בינס קרנבל מיה,גרמים,350.00,100 גרם,false,,14.90,0.0426,true,1,237436
7290017068985,false,שיבולת שועל מלאה עבה 500 גר',,,שיבולת שועל מלאה עבה,אלף,1.00,"ק""ג",false,,9.90,9.9000,true,1,386965
7290017088051,false,בייביסיטר - חיתולי סטנדרט מידה 3 - 52 יח',,,חיתולי ביייביסיטר סט,יח',52.00,יח',false,,34.90,0.6712,true,1,399711
7290017088068,false,בייביסיטר - חיתולי סטנדרט מידה 4 - 42 יח',,,חיתולי ביייביסיטר סט,יח',42.00,יח',false,,34.90,0.8310,true,1,399712
7290017088075,false,בייביסיטר - חיתולי סטנדרט מידה 4+ - 40 יח',,,חיתולי ביייביסיטר סט,יח',40.00,יח',false,,34.90,0.8725,true,1,399713
7290017088082,false,בייביסיטר - חיתולי סטנדרט מידה 5 - 36 יח',,,חיתולי ביייביסיטר סט,יח',36.00,יח',false,,34.90,0.9694,true,1,399714
7290017088099,false,בייביסיטר - חיתולי סטנדרט מידה 6 - 30 יח',,,חיתולי ביייביסיטר סט,יח',34.00,יח',false,,34.90,1.0265,true,1,399715
7290017088631,false,מגבוני תולי רביעייה ללא בישום 72X4 יח',,,מגבון Tooly רביעייה,אין,0.00,יחידה,false,,10.00,0.0000,true,1,18928
7290017088839,false,BREEZE תחבושות לבריחת שתן אקסטרה פלוס (8 יח'),בריז Breeze,,תחבושות Breeze לבריח,יח',12.00,יח',false,,18.90,1.5750,true,1,78566
7290017088846,false,BREEZE תחבושות לבריחת שתן מקסי (8 יח'),בריז Breeze,,תחבושות Breeze לבריח,יח',12.00,יח',false,,18.90,1.5750,true,1,78567
7290017088860,false,BREEZE תחתונים לבריחת שתן מידה L יח' 14,,,תחתונים סופגים Breez,יח',14.00,יח',false,,74.90,5.3500,true,1,78668
7290017088914,false,מגבונים בייביסיטר מבושם 66X6 יח',,,מגבונים מבושם בייביס,אין,0.00,יחידה,false,,16.90,0.0000,true,1,18934
7290017094199,false,סלט קוביות חציל ברוטב 200 גר',,,מעדן חצילים שמיר 200,גרמים,200.00,100 גרם,false,,10.90,0.0545,true,1,63648
7290017105048,false,טבעות ירוקים זיתים י,,,טבעות ירוקים זיתים י,גרמים,200.00,100 גרם,false,,11.90,0.0595,true,1,8154
7290017105062,false,חומוס OZ6 יכין 200 ג,היינץ צפון אמריקה מק,IL,חומוס 6OZ יכין 200 ג,גרמים,200.00,100 גרם,false,,3.90,0.0195,true,1,8155
7290017105079,false,שעועית אפויה OZ6 יכי,היינץ צפון אמריקה מק,IL,שעועית אפויה 6OZ יכי,גרמים,200.00,100 גרם,false,,3.90,0.0195,true,1,8156
7290017105086,false,שעועית צילי OZ6 יכין,"זנלכל בע""מ",IL,שעועית צ'ילי 6OZ יכי,גרמים,200.00,100 גרם,false,,3.90,0.0195,true,1,8157
7290017105116,false,תורמוס OZ6 יכין 200,"זנלכל בע""מ",IL,תורמוס 6OZ יכין 200,גרמים,200.00,100 גרם,false,,3.90,0.0195,true,1,8159
7290017105123,false,פול מצרי OZ6 יכין 20,היינץ צפון אמריקה מק,IL,פול מצרי 6OZ יכין 20,גרמים,200.00,100 גרם,false,,3.90,0.0195,true,1,8160
7290017105468,false,שלישיית אפונה קטן -,קשקמט קונסרב הונגריה,HU,אפונה יכין 3*120 גרם,גרמים,360.00,100 גרם,false,,13.90,0.0386,true,1,8162
7290017105550,false,רסק עגבניות מארז 100X4גר',היינץ צפון אמריקה מק,IL,מאגדת רסק עגבניות יכ,גרמים,400.00,100 גרם,false,,11.90,0.0298,true,1,8163
7290017105895,false,גרגרי חומוס להכנת חומוס 550 גרם יכין,זנלכל,IL,גרגרי חומוס מסעדות י,גרמים,550.00,100 גרם,false,,9.90,0.0180,true,1,8170
7290017121048,false,פלפל צ'ומה 250 גרם עללחם,"מדשא תעשיות מזון בע""",IL,ממרח פלפל צ'ומה עללח,גרמים,250.00,100 גרם,false,,14.90,0.0596,true,1,15537
7290017121086,false,"אריסה ביתית מתוקה עללחם, 250 גרם","מדשא תעשיות מזון בע""",IL,אריסה מתוקה ביתית על,גרמים,250.00,100 גרם,false,,14.90,0.0596,true,1,238057
7290017121093,false,אריסה חריפה 250 גרם עללחם,"מדשא תעשיות מזון בע""",IL,ממרח אריסה חריפה עלל,גרמים,250.00,100 גרם,false,,14.90,0.0596,true,1,15538
7290017129822,false,מטבעות שוקולד מריר 36 ג' !..,כרמית,IL,לני מטבעות שוקולד מר,גרמים,36.00,100 גרם,false,,3.90,0.1083,true,1,24664
7290017140056,false,קמח חומוס שי של הטבע,,,קמח חומוס שי של הטבע,גרמים,500.00,100 גרם,false,,15.90,0.0318,true,1,214128
7290017140063,false,קמח עדשים אדומות שי,,,קמח עדשים אדומות שי,גרמים,500.00,100 גרם,false,,15.90,0.0318,true,1,214129
7290017140308,false,קמח שקדים שי של הטבע,,,קמח שקדים שי של הטבע,גרמים,500.00,100 גרם,false,,24.90,0.0498,true,1,223881
7290017142128,false,"שמן זית כתית מעולה עץ הזית 750 מ""ל",שמן תעשיות,,שמן זית כתית מעולה ק,מיליליטרים,750.00,"100 מ""ל",false,,33.90,0.0452,true,1,2971
7290017142159,false,מארז נתחי טונה בהירה בשמן זית 3*80 ג' עץ הזית,יוניקורד ח.צ בעמ,TH,נתחי טונה בהירה בשמן,גרמים,240.00,100 גרם,false,,23.90,0.0996,true,1,18839
7290017142289,false,"תרסיס שמן חמניות לל""ת גז עץ הזית 200מ""ל",שמן תעשיות,,תרסיס שמן חמניות עץ,מיליליטרים,200.00,"100 מ""ל",false,,15.90,0.0795,true,1,18847
7290017142340,false,שמן זרעי ענבים מזוכך 1 ל',עץ השדה,IL,שמן זרעי ענבים מזוכך,ארגז,1.00,ליטר,false,,29.90,29.9000,true,1,18851
7290017142371,false,"שמן שומשום 250 מ""ל עץ הזית",עץ הזית,,שמן שומשום לא מזוכך,מיליליטרים,250.00,"100 מ""ל",false,,29.90,0.1196,true,1,18853
7290017142388,false,שמן חמניות אומגה 3 פלוס 1 ליטר עץ הזית,עץ הזית,,שמן חמניות פלוס אומג,ארגז,1.00,ליטר,false,,15.90,15.9000,true,1,18854
7290017142395,false,ארוחה פסטה עם טונה בשמן זית 160 גר',,,פסטה עם טונה בשמן זי,גרמים,160.00,100 גרם,false,,12.90,0.0806,true,1,18855
7290017142418,false,ארוחה אורז עם עדשים טונה בשמן זית 160 גר',יוניקורד ח.צ בעמ,TH,אורז עדשים עם טונה ב,גרמים,160.00,100 גרם,false,,12.90,0.0806,true,1,18857
7290017142500,false,תרסיס שמן זית כתית מעולה בטעם שום 150מל,קומטמפ קומפניה פורטו,IT,תרסיס שמן זית כתית ב,מיליליטרים,150.00,"100 מ""ל",false,,19.90,0.1327,true,1,408124
7290017217307,false,נרות חימום ריחניים בניחות ורדים 50יח',T.L.CO.LTD,CN,נרות חימום ריחניים ב,אין,0.00,יחידה,false,,12.90,0.0000,true,1,414397
7290017217338,false,נרות חימום ריחניים בניחות וניל 50יח',T.L.CO.LTD,CN,נרות חימום ריחניים ב,אין,0.00,יחידה,false,,12.90,0.0000,true,1,414400
7290017217413,false,סבון אסלה מבושם בניח,,,סבון אסלה מבושם בניח,אין,0.00,יחידה,false,,11.90,0.0000,true,1,410630
7290017232218,false,לחם כפרי דווידוביץ 4,,,לחם eatsane קלאסי דו,גרמים,430.00,100 גרם,false,,24.90,0.0579,true,1,462872
7290017232225,false,לחם גלילי דווידוביץ,,,לחם eatsane גלילי 45,גרמים,450.00,100 גרם,false,,24.90,0.0553,true,1,462901
7290017239200,false,סלמון נורווגי מעושן,,,סלמון נורווגי מעושן,גרמים,100.00,100 גרם,false,,12.90,0.1290,true,1,70283
7290017239767,false,מקלות סורימי ארוז 54,,,מקלות סורימי ארוז 54,גרמים,150.00,100 גרם,false,,19.90,0.1327,true,1,250209
7290017239774,false,מקלות סורימי ארוז 35,,,מקלות סורימי ארוז 35,גרמים,250.00,100 גרם,false,,24.90,0.0996,true,1,250223
7290017289595,false,"יין אינספייר בלנד אדום יבש 150 שנה 750 מ""ל",יקב טפרברג 1870 בעמ,IL,אינספייר בלנד אדום י,מיליליטרים,750.00,"100 מ""ל",false,,74.90,0.0999,true,1,412684
7290017304885,false,לחם שיפון מחיטה מלאה ללא תוספת סוכר 750 ג' אנג'ל,מאפית אנגל,IL,לחם שיפון וחיטה מלאה,גרמים,750.00,100 גרם,false,,16.90,0.0225,true,1,22658
7290017374390,false,סט שרותים מיוחד PINA,,,סט לשרותים TORINO (,אין,0.00,יחידה,false,,24.90,0.0000,true,1,10681
7290017374857,false,מטאטא דבורה + מקל מודפס,,,מטאטא דבורה BUZZZ +,אין,0.00,יחידה,false,,22.90,0.0000,true,1,431917
7290017389028,false,אננס מיובש ללא סוכר 160 ג' בקופסא,שקדיה,,אננס מיובש ללא סוכר,גרמים,160.00,100 גרם,false,,19.90,0.1244,true,1,32677
7290017440248,false,סרקל מרכך לילדים לשיער מתולתל,"ד""ר פישר Dr fischer",,סרקל מתולתל מרכך 1,ארגז,1.00,ליטר,false,,28.90,28.9000,true,1,18800
7290017440798,false,"ד""ר פישר - מרכך לשיער כסוף 400 מ""ל",,,מרכך סילבר כסוף 400,מיליליטרים,400.00,"100 מ""ל",false,,24.90,0.0622,true,1,42349
7290017457611,false,ג'ל כביסה ורוד 2.5 ל' סוד,הנקל סוד,IL,ג'ל כביסה ירוק סוד,ארגז,2.50,ליטר,false,,24.90,9.9600,true,1,22395
7290017457628,false,ג'ל כביסה כחול 2.5 ל' סוד,הנקל סוד,IL,ג'ל כביסה סוד כחול,ארגז,2.50,ליטר,false,,24.90,9.9600,true,1,22396
7290017457727,false,"סוד - מרכך כביסה מרוכז פרש סקיי 900 מ""ל",הנקל סוד,IL,מרכך כביסה מרוכז סוד,מיליליטרים,900.00,"100 מ""ל",false,,11.90,0.0132,true,1,22400
7290017457734,false,"סוד - מרכך כביסה מרוכז ווילד רוז 900 מ""ל",הנקל סוד,IL,מרכך כביסה מרוכז סוד,מיליליטרים,900.00,"100 מ""ל",false,,11.90,0.0132,true,1,22401
7290017457925,false,סוד מרכך כביסה מרוכז פרש קונטרול ורוד,הנקל סוד,IL,מרכך כביסה מרוכז סוד,מיליליטרים,900.00,"100 מ""ל",false,,11.90,0.0132,true,1,22412
7290017457932,false,סוד מרכך כביסה מרוכז פרש קונטרול כחול,הנקל סוד,IL,מרכך כביסה מרוכז סוד,מיליליטרים,900.00,"100 מ""ל",false,,11.90,0.0132,true,1,22413
7290017477169,false,קשיו קלוי ששון הקולה,ששון,IL,קשיו קלוי ששון הקולה,גרמים,250.00,100 גרם,false,,20.00,0.0800,true,1,6200
7290017513829,false,תה ירוק לימונית ג'ינג'ר 25 שקיקים בתוספת ויטמין Cּּ+D,ויסוצקי ירוק,IL,תה ירוק לימונית ג'ינ,גרמים,37.50,100 גרם,false,,23.90,0.6373,true,1,16163
7290017513867,false,תה ירוק לימונית לואיזה 25 שקיקים בתוספת ויטמין Cּּ+D,ויסוצקי,IL,תה ירוק לימונית לואי,גרמים,37.50,100 גרם,false,,23.90,0.6373,true,1,16165
7290017556000,false,מכשיר פדי קר להחלקת,,,מכשיר פדי קר להחלקת,אין,0.00,יחידה,false,,33.90,0.0000,true,1,192
7290017599250,false,סוכרזית קלאסי 120 שקיות,ביסקול בע''מ,IL,סוכרזית קלאסי ממתיק,גרמים,120.00,100 גרם,false,,16.90,0.1408,true,1,430717
7290017599267,false,סוכרלוז 120 שקיות ממתיק שולחני,סוכרזית Sucrazit,IL,סוכרזית סוכרלוז ממתי,גרמים,120.00,100 גרם,false,,24.90,0.2075,true,1,434132
7290017599304,false,סוכרזית סטיוויה כפית לכפית 400גר,ביסקול בעמ,IL,סוכרזית כפית לכפית מ,גרמים,400.00,100 גרם,false,,35.90,0.0897,true,1,438678
7290017616711,false,שיני שום שלמים קלופי,ג'קסיאן הינגשינגפודס,CN,שיני שום קלופים קפוא,גרמים,250.00,100 גרם,false,,14.90,0.0596,true,1,50734
7290017616902,false,שעועית ירוקה שלמה עד,בסט מייסטר,IL,שעועית ירוקה שלמה עד,גרמים,800.00,100 גרם,false,,9.90,0.0124,true,1,82790
7290017617046,false,נתחי טונה בשמן זית כתית מעולה רביעיה * 140 ג',דרדנל,TR,טונה בשמן זית סטארקי,גרמים,560.00,100 גרם,false,,24.90,0.0445,true,1,17407
7290017617084,false,סטארקיסט מיקס טוגו טונה עם שעועית 185 גר',דרדנל אוננטאס גידה,TR,סטארקיסט מיקס 185 גר,גרמים,185.00,100 גרם,false,,12.90,0.0697,true,1,156320
7290017617091,false,סטארקיסט מיקס טוגו טונה עם פתיתים 185 גר',דרדנל אוננטאס גידה,TR,סטארקיסט מיקס 185 גר,גרמים,185.00,100 גרם,false,,12.90,0.0697,true,1,153523
7290017619316,false,גומא אפור גבוה מוסקו מקלות,מוסקו,,מפיץ ריח אפור UV גבו,מיליליטרים,120.00,"100 מ""ל",false,,24.90,0.2075,true,1,125427
7290017619378,false,מפיץ ריח עם מקלות 12,,,מפיץ ריח עם מקלות 12,מיליליטרים,120.00,"100 מ""ל",false,,39.90,0.3325,true,1,125454
7290017637532,false,שמפו לשיער בלונד\בהיר,מיקי בוגנים,,שמפו BLOND לשיער בלו,מיליליטרים,500.00,"100 מ""ל",false,,39.90,0.0798,true,1,344443
7290017637549,false,מרכך לשיער בלונד\בהיר,מיקי בוגנים,,מרכך BLOND לשיער בלו,מיליליטרים,500.00,"100 מ""ל",false,,39.90,0.0798,true,1,344444
7290017637570,false,מרכך לתלתלים מושלמים,מיקי בוגנים,,מרכך CURLS לשיער מתו,מיליליטרים,500.00,"100 מ""ל",false,,24.90,0.0498,true,1,344473
7290017641096,false,"שוקולד פרימיום 70% לל""ס 100גרם בדצ *12יח*2 בדיס",כרמית תעשיות ממתקים,IL,שוקולד מריר מעולה קל,גרמים,100.00,100 גרם,false,,9.90,0.0990,true,1,267887
7290017641744,false,"חטיפי קרח גדולים בטעמי פטל, לימון, ענבים ואננס",HIQ FOOD PRODUCTS,IL,איגלו סטיקס כרמית 8*,גרמים,800.00,100 גרם,false,,5.50,0.0069,true,1,24694
7290017641997,false,"שוקולד פרימיום 70% לל""ס שברי אגוז לוז 100 גר' וסטהיים",כרמית,IL,שוקולד מריר מעולה עם,גרמים,100.00,100 גרם,false,,9.90,0.0990,true,1,267888
7290017647425,false,יין גמלא קברנה סוביניון 2018 750 מל,יקב רמת הגולן,,יין גמלא קברנה סובינ,מיליליטרים,750.00,"100 מ""ל",false,,67.90,0.0905,true,1,25775
7290017677804,false,"רוטב סויה קיקומן ללא חומרים משמרים 444 מ""ל",ראקוטו קאסיי,US,קיקומן רוטב סויה ללא,מיליליטרים,444.00,"100 מ""ל",false,,19.90,0.0448,true,1,6400
7290017682099,false,מקל טיטניום 1.3 מטר,,,מקל טיטניום 1.3 מטר,אין,0.00,יחידה,false,,5.90,0.0000,true,1,32105
7290017682563,false,"שיפוד עובי 30 ס""מ 50 יח'",,,שיפוד עובי 5 אורך 30,אין,0.00,יחידה,false,,4.00,0.0000,true,1,10687
7290017682624,false,"מגב קלינג עם תפסן 50 ס""מ",,,מגב קלינג CLING עם ת,אין,0.00,יחידה,false,,18.90,0.0000,true,1,432020
7290017715346,false,זית שחור טאסוס 400 גר',,,זית שחור טאסוס תומר,גרמים,400.00,100 גרם,false,,14.90,0.0373,true,1,16311
7290017715834,false,זית נובו מבוקע ג.מאו,עדן,IL,זית נובו מבוקע ג.מאו,גרמים,560.00,100 גרם,false,,10.90,0.0195,true,1,16331
7290017724003,false,עוגיות גרסיני אקלר 2,אקלר,IL,עוגיות גרסיני אקלר 2,גרמים,250.00,100 גרם,false,,23.90,0.0956,true,1,237267
7290017724034,false,עוגיות סנדוויץ ריבה,אקלר,IL,עוגיות סנדוויץ ריבה,גרמים,250.00,100 גרם,false,,23.90,0.0956,true,1,237137
7290017724041,false,עוגיות תותי פרוטי אק,אקלר,IL,עוגיות תותי פרוטי אק,גרמים,200.00,100 גרם,false,,23.90,0.1195,true,1,237138
7290017724065,false,עוגיות מעדן תפוע ואג,אקלר,IL,"עוגיות מעדן תפו""ע וא",גרמים,250.00,100 גרם,false,,23.90,0.0956,true,1,237196
7290017724119,false,עוגיות אוזניים אקלר,אקלר,IL,עוגיות אוזניים אקלר,גרמים,200.00,100 גרם,false,,23.90,0.1195,true,1,260601
7290017724126,false,עוגיות טחינה אקלר 25,אקלר,IL,עוגיות טחינה אקלר 25,גרמים,250.00,100 גרם,false,,23.90,0.0956,true,1,237182
7290017724164,false,עוגיות אוזניים ללא ת,אקלר,IL,"עוגיות אוזניים לל""תס",גרמים,200.00,100 גרם,false,,23.90,0.1195,true,1,237284
7290017724171,false,עוגיות סנדביץ ריבה ל,אקלר,IL,עוגיות סנדוויץ ריבה,גרמים,250.00,100 גרם,false,,23.90,0.0956,true,1,237285
7290017724232,false,עוגיות שומשומית אקלר,אקלר,IL,עוגיות שומשומית אקלר,גרמים,200.00,100 גרם,false,,23.90,0.1195,true,1,237268
7290017724256,false,עוגיות שומשומיות ללא,אקלר,IL,"עוגיות שומשומית לל""ת",גרמים,200.00,100 גרם,false,,23.90,0.1195,true,1,237288
7290017724270,false,עוגיות אשכול בריאות,,,עוגיות אשכול בריאות,גרמים,200.00,100 גרם,false,,23.90,0.1195,true,1,237289
7290017724287,false,עוגיות אצבעות פקאן ל,אקלר,IL,עוגיות אצבעות פקאן ל,גרמים,250.00,100 גרם,false,,23.90,0.0956,true,1,237290
7290017724294,false,עוגיות גרנולה ציפס ח,אקלר,IL,עוגיות גרנולה צ'יפס,גרמים,200.00,100 גרם,false,,23.90,0.1195,true,1,237310
7290017746128,false,מארז 10 פיתות ביס לבן,,,פיתות ביס 10 יח' מאפ,גרמים,500.00,100 גרם,false,,12.90,0.0258,true,1,463335
7290017746135,false,מארז 10 פיתות ביס כוסמין,,,10 מיני פיתות כוסמין,גרמים,500.00,100 גרם,false,,13.90,0.0278,true,1,463482
7290017746197,false,6 לחמניות המבורגר מא,,,6 לחמניות המבורגר מא,גרמים,600.00,100 גרם,false,,16.90,0.0282,true,1,463233
7290017746258,true,פרנה לחם מרוקאי מסור,,,פרנה לחם מרוקאי מסור,גרמים,400.00,100 גרם,false,,13.90,0.0348,true,1,463511
7290017746272,false,4 יח' פיתה בצל מנקיש,,,4 יח' פיתה בצל מנקיש,גרמים,480.00,100 גרם,false,,19.90,0.0415,true,1,472103
7290017746289,false,4 יח' פיתה זעתר מנקי,,,4 יח' פיתה זעתר מנקי,גרמים,480.00,100 גרם,false,,19.90,0.0415,true,1,470592
7290017746586,false,מארז פיתה 10 יחידות,,,מארז פיתה 10 יחידות,קילוגרמים,1.00,"100 ק""ג",false,,13.90,13.9000,true,1,468473
7290017812052,false,יין שיראז קברנה סוביניון אקסלנס Excellence,יקבי כרמל Carmel Winery,IL,אקסלנס שיראז קברנה ס,מיליליטרים,750.00,"100 מ""ל",false,,25.90,0.0345,true,1,3974
7290017812069,false,יין אמרלד ריזלינג שרדונה אקסלנס Excellence,יקבי כרמל Carmel Winery,IL,אקסלנס ריזלינג שרדונ,מיליליטרים,750.00,"100 מ""ל",false,,25.90,0.0345,true,1,3975
7290017812380,false,תירוש מיץ ענבים אדום,,,תירוש מיץ ענבים אדום,מיליליטרים,750.00,"100 מ""ל",false,,12.90,0.0172,true,1,3981
7290017812571,false,מיץ ענבים אדום 100% טבעי 1 ליטר,יקבי כרמל Carmel Winery,IL,תירוש מיץ ענבים אדום,ארגז,1.00,ליטר,false,,19.90,19.9000,true,1,3982
7290017812588,false,מיץ ענבים לבן 100% טבעי 1 ליטר,יקבי כרמל Carmel Winery,IL,תירוש מיץ ענבים לבן,ארגז,1.00,ליטר,false,,19.90,19.9000,true,1,3983
7290017812595,false,יין ישן נושן לייט 75,יקבי כרמל Carmel Winery,IL,יין ישן נושן לייט 75,מיליליטרים,750.00,"100 מ""ל",false,,18.90,0.0252,true,1,3984
7290017812618,false,מיץ ענבים תירוש רוזה 1 ליטר.,קריות זול,,מיץ ענבים רוזה תירוש,ארגז,1.00,ליטר,false,,19.90,19.9000,true,1,3985
7290017812663,false,מיץ ענבים טבעי מבעבע לבן,מנדלז סי.אר. פרודקשן,IL,תירוש לבן מבעבע יקבי,מיליליטרים,750.00,"100 מ""ל",false,,20.90,0.0279,true,1,108156
7290017812861,false,"יין וינו לבן יבש 750 מ""ל",קריות זול,IL,יין וינו לבן יבש יקב,מיליליטרים,750.00,"100 מ""ל",false,,21.90,0.0292,true,1,108115
7290017812878,false,"יין אקסלנס רוזה 750 מ""ל",קריות זול,,יין רוזה אקסלנס יקבי,מיליליטרים,750.00,"100 מ""ל",false,,25.90,0.0345,true,1,108101
7290017812977,false,"יין לבן מתוק מוגז בטעם אננס, 750 מ""ל",קריות זול,IL,יין באזז אננס יקבי כ,מיליליטרים,750.00,"100 מ""ל",false,,27.90,0.0372,true,1,82943
7290017816005,false,בייגלה כוסמין שמיניו,יוליניבר,IL,בייגלה כוסמין בתוספת,גרמים,300.00,100 גרם,false,,15.90,0.0530,true,1,214214
7290017816081,false,טורטיה מקור הכוסמין,,,טורטיה מקור הכוסמין,גרמים,320.00,100 גרם,false,,15.90,0.0497,true,1,214261
7290017816135,false,פריכיות כוסמין ללא ת,,,פריכיות כוסמין ללא ת,גרמים,90.00,100 גרם,false,,9.90,0.1100,true,1,214232
7290017871363,true,סבון ידיים מועשר בשמ,,,סבון ידיים מועשר בשמ,מיליליטרים,500.00,"100 מ""ל",false,,8.90,0.0178,true,1,6663
7290017871370,true,סבון ידיים מועשר בשמ,,,סבון ידיים מועשר בשמ,מיליליטרים,500.00,"100 מ""ל",false,,8.90,0.0178,true,1,6664
7290017871431,false,טוסו חטיף תמרים אגוזי לוז וחמוציות ללא גלוטן וללא תוספת סוכר,טוסו tusso,,טוסו חטיף תמרים אגוז,גרמים,0.00,גרם,false,,16.90,0.0000,true,1,6667
7290017872049,false,"פמלי אל סבון בניחוח לוונדר ארומטי- שלישייה 500 מ""ל",אברנסל קוסמטיקס,TR,פמלי אל סבון שלישייה,ארגז,1.50,ליטר,false,,13.50,9.0000,true,1,6689
7290017872056,false,"פמלי אל סבון סדרה לבנה- שלישייה 500 מ""ל",אברנסל קוסמטיקס,TR,פמלי אל סבון סידרה ל,מיליליטרים,500.00,"100 מ""ל",false,,13.50,0.0270,true,1,6690
7290017872070,false,מארז מגבונים לחים בניחוח מרענן פרש וואנס שלישייה,ווטנאפס,IL,פרשוואנס מגבונים מאר,אין,0.00,יחידה,false,,12.90,0.0000,true,1,381597
7290017872193,false,עוגיות שקדים וקינמון ללא תוספת סוכר,היינץ צפון אמריקה מק,IL,עוגיות שקדים וקינמון,גרמים,200.00,100 גרם,false,,14.90,0.0745,true,1,3095
7290017872865,false,בייביביס חטיפי דגנים אפויים לתינוקות בטעם גזר ועגבנייה,,,חטיפי דגנים אפויים ל,גרמים,40.00,100 גרם,false,,11.50,0.2875,true,1,255108
7290017873008,false,שקיות להקפאה גלילונית 275 יח',,,גלילונית שקיות רב שי,אין,0.00,יחידה,false,,11.90,0.0000,true,1,169704
7290017873039,false,מארז זוג שקיות לסנדוויץ גלילונית 2*160 יח',,,גלילונית שקיות אוכל,אין,0.00,יחידה,false,,10.90,0.0000,true,1,169731
7290017884462,false,ריבועי בצק עלים 450,מאפיית א.ש.ייצור ושי,IL,ריבועי בצק עלים 450,גרמים,450.00,100 גרם,false,,17.90,0.0398,true,1,4974
7290017888026,false,"משקה אננס תפוח גזר פרות & ווג 350 מ""ל",פרוט אנד וג' Fruit & Veg,IL,פרוט & וג' אננס תפוח,מיליליטרים,330.00,"100 מ""ל",false,,7.90,0.0239,true,1,9803
7290017888033,false,"משקה בננה מלון נענע פרות &ווג 350 מ""ל",פרוט אנד וג' Fruit & Veg,IL,פרוט & וג' בננה מלון,מיליליטרים,330.00,"100 מ""ל",false,,7.90,0.0239,true,1,9804
7290017888101,false,"שוויפס מוגז עדין אפרסק מארז רביעייה* 330 מ""ל",יפאורה תבורי,IL,רביעיית מ.עדין שוופס,ארגז,1.32,ליטר,false,,10.90,8.2576,true,1,9808
7290017888644,false,"משקה אננס בננה כורכום פרות & ווג 350 מ""ל",פרוט אנד וג' Fruit & Veg,IL,פרוט & וג' אננס בננה,גרמים,330.00,100 גרם,false,,7.90,0.0239,true,1,9825
7290017888729,false,שוופס סודה בקבוק 1 ל',"יפאורה תבורי בע""מ",IL,שוופס סודה 1 ליטר,ארגז,1.00,ליטר,false,,4.50,4.5000,true,1,9826
7290017888910,false,"תפוזינה לימונענע 500 מ""ל","יפאורה תבורי בע""מ",,משקה לימונענע Move ת,מיליליטרים,500.00,"100 מ""ל",false,,5.40,0.0108,true,1,73135
7290017888972,false,מי עדן 1 ליטר פקק ספורט בודד,מופק ממקור בזלתי עדן,IL,מי עדן פקק ספורט 1 ל,ארגז,1.00,ליטר,false,,4.90,4.9000,true,1,9829
7290017894041,false,דגש פתיתי שיבולת שוע,,,דגש פתיתי שיבולת שוע,גרמים,400.00,100 גרם,false,,19.90,0.0497,true,1,2050
7290017894058,false,דגש תערובת להכנת לחם,"אף סי, תבליני הגליל",IL,דגש - תערובת להכנת ל,גרמים,500.00,100 גרם,false,,17.90,0.0358,true,1,2652
7290017894096,false,ממרח בטעם מיונז טבעו,אף.סי תבליני בגליל ב,DE,נטורפוד - ממרח בטעם,גרמים,350.00,100 גרם,false,,24.90,0.0711,true,1,2624
7290017894102,false,דגש פנה אורז תירס לל,אנדריאני,IT,דגש פנה אורז תירס לל,גרמים,400.00,100 גרם,false,,9.90,0.0248,true,1,2287
7290017894126,false,דגש פוזלי טריקולור ל,אנדריאני,IT,דגש פוזלי טריקולור ל,גרמים,400.00,100 גרם,false,,9.90,0.0248,true,1,2289
7290017917283,false,מגבוני קמיל בלו ללא בישום רביעיה,,,מגבוני קמיל 64 יח` מ,אין,0.00,יחידה,false,,19.90,0.0000,true,1,42252
7290017928036,false,מאיר בייגל מקלות גריסיני שומשום 175 ג',מאיר בייגל,,מקלות גריסיני שומשום,גרמים,175.00,100 גרם,false,,11.90,0.0680,true,1,6401
7290017928043,false,מאיר בייגל גריסיני קראנץ' מלח 175 ג',מאיר בייגל,,גריסיני קראנץ' מלח מ,גרמים,175.00,100 גרם,false,,11.90,0.0680,true,1,6402
7290017928098,false,מאיר בייגל שטוחלה מלח 330 גר',מאיר בייגל,IL,בייגלה שטוח מלח מאיר,גרמים,330.00,100 גרם,false,,11.90,0.0361,true,1,134763
7290017928432,false,מאיר בייגל גריסיני קראנץ פרג 175 גר',מאיר בייגל,,גריסיני קראנץ' פרג מ,גרמים,175.00,100 גרם,false,,11.90,0.0680,true,1,6407
7290017928463,false,סמאש- שבורים בטעם דבש חרדל ובצל 300גרם,מאיר בייגל,,שברי בייגלה דבש חרדל,גרמים,300.00,100 גרם,false,,12.90,0.0430,true,1,49067
7290017928524,false,בייגלה שטוח ניגובים מלח 330 ג' מאיר בייגל,מאיר בייגל,IL,בייגלה שטוח ניגובים,גרמים,300.00,100 גרם,false,,11.90,0.0397,true,1,140562
7290017928616,false,מאיר בייגל שטוחהלה שומשום 300 גר',מאיר בייגל,,שטוחלה שומשום מאיר ב,גרמים,300.00,100 גרם,false,,11.90,0.0397,true,1,1399
7290017928661,false,סמאש שבורים בטעם צ'דר ובצל 300 גרם,מאיר בייגל,,שברי בייגלה בטעם צ'ד,גרמים,300.00,100 גרם,false,,12.90,0.0430,true,1,49225
7290017928685,false,בייגלה שמיניות עם מלח 400גרם -חדש,מאיר בייגל,IL,בייגלה שמיניות עם מל,גרמים,400.00,100 גרם,false,,11.90,0.0298,true,1,134709
7290017928722,false,בייגלה שטוח ניגובים שומשום 300 ג' מאיר בייגל,מאיר בייגל,IL,בייגלה שטוח ניגובים,גרמים,300.00,100 גרם,false,,11.90,0.0397,true,1,140548
7290017928746,false,פירורי בייגלה 200 ג' מאיר בייגל,,IL,פירורי בייגלה מאיר ב,גרמים,200.00,100 גרם,false,,6.90,0.0345,true,1,269438
7290017928807,false,בייגלה אצבעות עם שומשום 300גרם - חדש,מאיר בייגל,,אצבעות שומשום מאיר ב,גרמים,300.00,100 גרם,false,,11.90,0.0397,true,1,1400
7290017941233,false,סכינים 40 יח' עבה במ,,,סכינים 40 יח' עבה במ,אין,0.00,יחידה,false,,7.90,0.0000,true,1,55707
7290017941264,false,מזלגות 40 יח' עבה במ,,,מזלגות 40 יח' עבה במ,אין,0.00,יחידה,false,,7.90,0.0000,true,1,55710
7290017941271,false,סכינים 40 יח' עבה אי,,,סכינים 40 יח' עבה אי,אין,0.00,יחידה,false,,7.90,0.0000,true,1,55711
7290017941288,false,נר נשמה 24 שעות,,,נר נשמה 24 שעות,אין,0.00,יחידה,false,,1.90,0.0000,true,1,102379
7290017941301,false,נר נשמה 48 שעות בזכו,,,נר נשמה 48 שעות בזכו,אין,0.00,יחידה,false,,4.90,0.0000,true,1,102380
7290017941349,false,נרונים 72 יח' 4 שעות,,,נרונים 72 יח' 4 שעות,אין,0.00,יחידה,false,,21.90,0.0000,true,1,115936
7290017941356,false,נר שבת 72 יח',,,נר שבת 72 יח',אין,0.00,יחידה,false,,31.90,0.0000,true,1,115921
7290017941363,false,להבונים 50 יח' 4 שעו,,,להבונים 50 יח' 4 שעו,אין,0.00,יחידה,false,,10.90,0.0000,true,1,115937
7290017941370,false,להבונים 50 יח' 3 שעו,,,להבונים 50 יח' 3 שעו,אין,0.00,יחידה,false,,9.90,0.0000,true,1,102396
7290017941394,false,WIZ נייר סנדוויץ' 100יח,,,נייר סנדוויץ 100 יח',אין,0.00,יחידה,false,,9.90,0.0000,true,1,68488
7290017941400,false,כוסות 4OZ אספרסו 50,,,כוסות 4OZ אספרסו 50,אין,0.00,יחידה,false,,9.90,0.0000,true,1,87830
7290017941455,false,כוסות 9oz לשתיה חמה,,,כוסות 9oz לשתיה חמה,אין,0.00,יחידה,false,,14.90,0.0000,true,1,72732
7290017941462,false,כוסות שתיה חמה 8B י,,,כוסות שתיה חמה 8B י,אין,0.00,יחידה,false,,9.90,0.0000,true,1,63673
7290017941493,false,שקיות פס סגור 25 יח',,,שקיות פס סגור 25 יח',אין,0.00,יחידה,false,,7.90,0.0000,true,1,83013
7290017941516,false,שקיות זיפר S לאחסון-,,,שקיות זיפר S לאחסון-,אין,0.00,יחידה,false,,6.90,0.0000,true,1,83015
7290017941523,false,שקיות זיפר L לאחסון-,,,שקיות זיפר L לאחסון-,אין,0.00,יחידה,false,,7.90,0.0000,true,1,83016
7290017941530,false,כוסות TO-GO לשתייה ח,,,כוסות TO-GO לשתייה ח,אין,0.00,יחידה,false,,12.90,0.0000,true,1,72543
7290017941608,false,קערות אובליות לבן 50,,,קערות אובליות לבן 50,אין,0.00,יחידה,false,,10.90,0.0000,true,1,55134
7290017941660,false,מארז תבניות לחלה עבו,,,מארז תבניות לחלה עבו,אין,0.00,יחידה,false,,12.90,0.0000,true,1,55082
7290017941684,false,מארז תבניות רוסטר ענ,,,מארז תבניות רוסטר ענ,אין,0.00,יחידה,false,,12.90,0.0000,true,1,55084
7290017941691,false,מפת שולחן מהודרת 270,,,מפת שולחן מהודרת 270,אין,0.00,יחידה,false,,8.90,0.0000,true,1,102411
7290017941769,false,מארז צלחות מהודר 20+,,,מארז צלחות מהודר 20+,אין,0.00,יחידה,false,,55.90,0.0000,true,1,51648
7290017941820,false,כוסות שתיה קרה כחול,,,כוסות שתיה קרה כחול,אין,0.00,יחידה,false,,13.90,0.0000,true,1,46917
7290017941868,false,WIZ קערה פלסטיק עגולה,,,קערת פלסטיק עגולה 8,אין,0.00,יחידה,false,,4.90,0.0000,true,1,46945
7290017941875,false,קערת פלסטיק עגולה 9.,,,קערת פלסטיק עגולה 9.,אין,0.00,יחידה,false,,8.90,0.0000,true,1,46958
7290017941899,false,קערת פלסטיק עגולה ענ,,,קערת פלסטיק עגולה ענ,אין,0.00,יחידה,false,,9.90,0.0000,true,1,46960
7290017941905,false,קיסמים במלחיה 300 יח,,,קיסמים במלחיה 300 יח,אין,0.00,יחידה,false,,2.90,0.0000,true,1,58214
7290017941912,false,שיפודי במבוק עובי 5,,,שיפודי במבוק עובי 5,אין,0.00,יחידה,false,,5.90,0.0000,true,1,58215
7290017941929,false,"שיפודי יקטורי 18 ס""מ",,,"שיפודי יקטורי 18 ס""מ",אין,0.00,יחידה,false,,7.90,0.0000,true,1,58232
7290017941943,false,שיפודי במבוק עובי 3,,,שיפודי במבוק עובי 3,אין,0.00,יחידה,false,,2.90,0.0000,true,1,58216
7290017941967,false,שקיות אוכל XL 300 י,,,שקיות אוכל XL 300 י,אין,0.00,יחידה,false,,8.90,0.0000,true,1,91804
7290017941981,false,כוסות 12OZ לשתייה חמ,,,כוסות 12OZ לשתייה חמ,אין,0.00,יחידה,false,,16.90,0.0000,true,1,283274
7290017946368,false,סוד סבון 4 כדוריות לאסלה אוקיינוס 3*50 ג,,,סוד כדוריות לאסלה P.,גרמים,150.00,100 גרם,false,,16.90,0.1127,true,1,41670
7290017946764,false,מנקה מכונת כביסה 150 ג',הנקל Henkel,,מנקה מכונת כביסה,גרמים,150.00,100 גרם,false,,19.90,0.1327,true,1,41657
7290017946979,false,ג'ל מרוכז לכביסה מנטרל ריחות 2.4 ל' פרסיל,פרסיל Persil,,פרסיל ג'ל פרימיום 2.,ארגז,2.40,ליטר,false,,34.90,14.5417,true,1,46998
7290017947105,false,לחם בסגנון אמריקה 500 גר',מאפיית שלמה א. אנג'ל,IL,לחם בסגנון אמריקה אנ,גרמים,500.00,100 גרם,false,,14.90,0.0298,true,1,22659
7290017947464,false,מארז 8 פיתות מקמח כוסמין מלא 400ג',"איטיליאן פוד, אס.פי.",IL,שמיניית פיתות כוסמין,גרמים,400.00,100 גרם,false,,15.90,0.0398,true,1,22669
7290017947495,false,לחמניות כוסמין 450 ג' אנג'ל,"איטיליאן פוד, אס.פי.",IL,6 לחמניות כוסמין אנג,גרמים,450.00,100 גרם,false,,15.90,0.0353,true,1,35497
7290017947891,false,לחם כוסמין וחיטה מלאה 750 ג' אנג'ל,מאפיית שלמה א. אנג'ל,IL,לחם כוסמין וחיטה מלא,גרמים,750.00,100 גרם,false,,16.90,0.0225,true,1,22670
7290017947921,true,מארז לחמניות המבורגר,,,מארז לחמניות המבורגר,גרמים,450.00,100 גרם,false,,14.90,0.0331,true,1,22671
7290017947938,false,מיני לחמניות המבורגר בסגנון אמריקה 400 ג' אנג'ל,מאפיית שלמה א. אנג'ל,IL,8 לחמניות המבורגר בס,גרמים,4000.00,100 גרם,false,,14.90,0.0037,true,1,36046
7290017974255,false,קרפלך גבינה מתוקה 600 גר,,,קרפלך במילוי גבינה מ,גרמים,0.60,100 גרם,false,,25.90,43.1667,true,1,422364
7290018043196,false,פראוד - חטיף חלבון בטעם שוקולד לבן עוגיות 60 גרם,הרת'סייד פוד סולושיי,NL,חטיף חלבון בטעם שוקו,גרמים,60.00,100 גרם,false,,13.90,0.2317,true,1,296215
7290018045084,false,דגנים במילוי קרם בטעם בראוניז 480 ג' BON & BON,,DE,דגנים במילוי קרם ברא,גרמים,480.00,100 גרם,false,,23.90,0.0498,true,1,209807
7290018045312,false,זוג ספוגים לניקוי סק,,,ספוגים SCOUR DADDY,אין,0.00,יחידה,false,,17.90,0.0000,true,1,459450
7290018045497,false,דגנים במילוי קרם שוקולד 480 ג' BON & BON,מונדיי Monday,,דגנים במילוי קרם שוק,גרמים,480.00,100 גרם,false,,23.90,0.0498,true,1,209808
7290018045893,false,דגנים במילוי קרם נוגט 480ג' BON & BON,מונדיי Monday,DE,דגנים במילוי קרם נוג,גרמים,480.00,100 גרם,false,,23.90,0.0498,true,1,209810
7290018071212,false,כפפות ניטרו כחולות אלסטיות M ללא אבקה 100יח',איזיטאצ,CN,כפפות ניטרו-V כחולות,אין,0.00,יחידה,false,,19.90,0.0000,true,1,309413
7290018071236,false,כפפות ניטרו כחולות אלסטיות XL ללא אבקה 100יח',איזיטאצ,CN,כפפות ניטרו-V כחולות,אין,0.00,יחידה,false,,19.90,0.0000,true,1,309415
7290018071571,false,פדים אובליים להסרת איפור 40 יח',,,פדים אובליים להסרת א,אין,0.00,יחידה,false,,7.90,0.0000,true,1,442651
7290018091029,false,מקלות פילו תפוחי אדמה מעדנות 450 ג',"מעדנות בע""מ",IL,מקלות פילו תפוח אדמה,גרמים,450.00,100 גרם,false,,14.90,0.0331,true,1,22777
7290018091616,false,מקלות פילו גבינה מעדנות 450 ג',מיוצר עי קונדיטוריית,IL,מקלות פילו גבינה 450,גרמים,450.00,100 גרם,false,,14.90,0.0331,true,1,22784
7290018098486,false,פיצה טבעונית משפחתית מרגריטה 350 גרם MILK FREE,נטורל קייקס,IL,פיצה משפחתית מרגריטה,גרמים,350.00,100 גרם,false,,21.90,0.0626,true,1,387049
7290018098493,false,פיצה טבעונית משפחתית זיתים 350 גרם MILK FREE,נטורל קייקס,IL,פיצה משפחתית זיתים 3,גרמים,350.00,100 גרם,false,,21.90,0.0626,true,1,387034
7290018127407,false,מצות תפוא טבעי גלוטר,,,"מצות תפו""א ללא גלוטן",גרמים,300.00,100 גרם,false,,27.90,0.0930,true,1,29917
7290018127469,false,פתיבר גלוטרי בטעם שו,,,פתי בר בטעם שוקולד ל,גרמים,200.00,100 גרם,false,,15.90,0.0795,true,1,49053
7290018131855,false,אקסטרים טילון בראוניז בדצ 6*72ג,גלידות נסטלה (נגה גל,IL,אקסטרים מאגדת טילון,גרמים,432.00,100 גרם,false,,36.90,0.0854,true,1,78026
7290018131954,false,קרחון שרבט פרווה לה פרוטה תות שדה ושוקולד מריר,גלידות נסטלה Nestle,IL,לה פרוטה מאגדת בטעם,גרמים,350.00,100 גרם,false,,30.90,0.0883,true,1,53697
7290018132425,false,מטרנה גולד שלב 3 תרכובת מזון על בסיס חלבי,מטרנה,,מטרנה גולד בדץ שלב,גרמים,700.00,100 גרם,false,,75.90,0.1084,true,1,412799
7290018156124,false,"אל סבון קמיל צבעוני ד""ר פישר שלישיה* 500 מ""ל",,,"אל סבון קמיל 500 מ""ל",ארגז,1.50,ליטר,false,,19.90,13.2667,true,1,42297
7290018165560,false,תירוש לבן של סגל 1 ל',יינות סגל,IL,תירוש לבן של סגל 1 ל,ארגז,1.00,ליטר,false,,12.90,12.9000,true,1,271677
7290018225134,false,"מערבל יד חשמלי "" פל",,,"מערבל יד חשמלי "" פל",אין,0.00,יחידה,false,,60.90,0.0000,true,1,59661
7290018236086,false,נקניקיות עוף במליחות,עיצובים 2020 (4.9),,ע.ט. נקניקיות עוף 12,אלף,1.00,"ק""ג",false,,27.90,27.9000,true,1,89980
7290018236635,false,צ'ונגו פופקורן מצופה עוף טוב 600 גר',מוצרי עוף טוב (2001),IL,צ'ונגו פופקורן מצופה,גרמים,600.00,100 גרם,false,,30.90,0.0515,true,1,41488
7290018236659,false,צ'ונגו פופקורן ציפוי מתובל עוף טוב 600 גר',מולינו ניקולי s.p.a,IL,רצועות צ'ונגו פופקור,גרמים,600.00,100 גרם,false,,30.90,0.0515,true,1,41489
7290018237281,false,נקניק סלמי ירדן 550 ג' עוף טוב,עיצובים 2020 (4.9),,נקניק סלמי ירדן עוף,גרמים,550.00,100 גרם,false,,21.90,0.0398,true,1,130471
7290018237373,false,פסטרמה צרובה על הגריל נתח שלם עוף טוב 300 ג',עיצובים 2020 (4.9),IL,פסטרמה צרובה על הגרי,גרמים,300.00,100 גרם,false,,27.90,0.0930,true,1,101140
7290018237397,false,עוף טוב פסטרמה מקורמלת נתח שלם 300 גר',מולינו ניקולי s.p.a,IL,פסטרמה מקורמלת נתח ש,גרמים,300.00,100 גרם,false,,27.90,0.0930,true,1,101141
7290018237410,false,עוף טוב פסטרמה במעשנה נתח שלם 300 גר',מולינו ניקולי s.p.a,IL,פסטרמה במעשנה נתח של,גרמים,300.00,100 גרם,false,,27.90,0.0930,true,1,101142
7290018237489,false,פסטרמה ברביקיו דק-דק 220 גרם,עיצובים 2020 (4.9),IL,עוף טוב דק דק פסטרמה,גרמים,220.00,100 גרם,false,,21.90,0.0995,true,1,182962
7290018237496,false,פסטרמה בדבש דקדק 220 גר,עיצובים 2020 (4.9),IL,עוף טוב דק דק פסטרמה,גרמים,220.00,100 גרם,false,,21.90,0.0995,true,1,182976
7290018237502,false,עוף טוב דק דק כתף בקר 200 גר',עיצובים 2020 (4.9),IL,עוף טוב דק דק כתף בק,גרמים,200.00,100 גרם,false,,20.90,0.1045,true,1,182990
7290018237922,false,שניצלונים ציפוי ציפס עוף טוב 700 גר',עיצובים 2020 (4.9),IL,שניצלונים ציפוי ציפס,גרמים,700.00,100 גרם,false,,19.90,0.0284,true,1,407710
7290018237939,false,שניצלונים ציפוי שומשום עוף טוב 700 גר',עיצובים 2020 (4.9),IL,שניצלונים ציפוי שומש,גרמים,700.00,100 גרם,false,,19.90,0.0284,true,1,407724
7290018237960,false,עוף טוב כתף בקר עסיסי 265גרם,עיצובים 2020 (4.9),,כתף בקר עסיסי עוף טו,גרמים,265.00,100 גרם,false,,24.90,0.0940,true,1,429981
7290018249123,false,אינסטנט פודינג סוויטאנגו בטעם וניל,מתבל תעשיות מזון,IL,כמו סוכר אינסטנט פוד,גרמים,50.00,100 גרם,false,,11.90,0.2380,true,1,29920
7290018249994,false,סוויטאנגו תחליף סוכר ממתיק 700 גר',מתבל תעשיות מזון,IL,סוויטאנגו ממתיק אריז,גרמים,700.00,100 גרם,false,,56.90,0.0813,true,1,461017
7290018294000,false,"יין קינג דויד רוזה 750 מ""ל",קריות זול,IL,יין קינג דיוויד רוזה,מיליליטרים,750.00,"100 מ""ל",false,,21.90,0.0292,true,1,82957
7290018294192,false,"יין בלנד היינן אדום יבש 750 מ""ל p.c",קריות זול,IL,יין בלנד היינן פרייב,מיליליטרים,750.00,"100 מ""ל",false,,39.90,0.0532,true,1,306722
7290018294352,false,"ארק יקבי כרמל 700 מ""",יקבי כרמל Carmel Winery,IL,"ארק יקבי כרמל 700 מ""",מיליליטרים,700.00,"100 מ""ל",false,,55.20,0.0789,true,1,252001
7290018294383,false,יין פינו גריי אזורית,,,יין פינו גרי הסדרה ה,מיליליטרים,750.00,"100 מ""ל",false,,59.90,0.0799,true,1,273991
7290018333624,false,גרנולפלקס חלבה ושקדים 500 גרם כשלפ,,,גרנולפלקס חלבה ושקדי,גרמים,500.00,100 גרם,false,,23.90,0.0478,true,1,264630
7290018333631,false,גרנולפלקס קשיו פירות יבשים 500 גרם כשלפ,,,גרנולפלקס קשיו ופירו,גרמים,500.00,100 גרם,false,,23.90,0.0478,true,1,264631
7290018343296,false,"ד""ר פישר אלכו-ג'ל 100 מ""ל",,,"אלכוג'ל 100 מ""ל H",מיליליטרים,100.00,"100 מ""ל",false,,9.90,0.0990,true,1,42267
7290018344095,false,חטיף חלבון בטעם בוטנים מלח 50 ג' VEG PROTEIN,טבע ירוק,IL,חטיף חלבון בוטנים ומ,גרמים,50.00,100 גרם,false,,9.90,0.1980,true,1,141519
7290018344101,false,חטיף חלבון בטעם קקאו וקפה 50 ג' VEG PROTEIN,טבע ירוק,IL,חטיף חלבון קקאו וקפה,גרמים,50.00,100 גרם,false,,9.90,0.1980,true,1,141534
7290018344125,false,חטיף חלבון אגוזי לוז,טבע ירוק,IL,חטיף חלבון אגוזי לוז,גרמים,50.00,100 גרם,false,,9.90,0.1980,true,1,141520
7290018359112,false,יכין פאסאטה מחית עגבניות איטלקיות 690 ג',זנלכל,IL,פאסאטה מחית עגבניות,גרמים,690.00,100 גרם,false,,8.90,0.0129,true,1,53552
7290018359334,false,רכז עגבניות טבעי פריכוז שף 28% 580 גר',,,רכז עגבניות טבעי פרי,גרמים,580.00,100 גרם,false,,9.90,0.0171,true,1,8178
7290018359495,false,תירס מהשדה בלי תוספת סוכר יכין 550 גר',היינץ צפון אמריקה מק,IL,תירס מהשדה בלי תוספת,גרמים,550.00,100 גרם,false,,8.90,0.0162,true,1,8179
7290018359686,false,יכין חומוס ענק 550 גר,היינץ צפון אמריקה מק,IL,חומוס ענק יכין 550 ג,גרמים,550.00,100 גרם,false,,9.90,0.0180,true,1,120695
7290018359716,false,רוטב פיצה טוסקנה יכין 240 גר',"זנלכל בע""מ",IL,רוטב פיצה טוסקנה יכי,גרמים,240.00,100 גרם,false,,5.50,0.0229,true,1,64242
7290018359853,false,עדשים שחורות יכין 400 גר',"זנלכל בע""מ",IL,עדשים שחורות יכין 40,גרמים,400.00,100 גרם,false,,7.90,0.0198,true,1,120681
7290018359860,false,רסק עגבניות ליקופן - מארז זוג,יכין,,רסק עגבניות ליקופן י,גרמים,400.00,100 גרם,false,,10.00,0.0250,true,1,219544
7290018359877,false,רסק עגבניות טבעי יכי,יכין,IL,רסק עגבניות טבעי יכי,גרמים,600.00,100 גרם,false,,15.90,0.0265,true,1,219558
7290018359884,false,פולפה ליקופן טבעית 400*2ג,,,פולפה ליקופן טבעית י,גרמים,800.00,100 גרם,false,,16.90,0.0211,true,1,219516
7290018359938,false,"רוטב עגבניות לשקשוקה יכין, 400 גרם",יכין,IL,רוטב עגבניות לשקשוקה,גרמים,400.00,100 גרם,false,,11.90,0.0298,true,1,397203
7290018359952,false,רוטב עגבניות לפסטה יכין 400 גרם,יכין,IL,רוטב עגבניות לפסטה י,גרמים,400.00,100 גרם,false,,11.90,0.0298,true,1,397205
7290018380734,false,דפי בצק פילו משולשים 360 גר',,,דפי בצק פילו משולשים,גרמים,360.00,100 גרם,false,,13.90,0.0386,true,1,477177
7290018380802,false,תבשיל הודי חומוס (צ',,,תבשיל הודי חומוס (צ',גרמים,300.00,100 גרם,false,,9.90,0.0330,true,1,483372
7290018380819,false,תבשיל הודי חצילים (ב,,,תבשיל הודי חצילים (ב,גרמים,300.00,100 גרם,false,,9.90,0.0330,true,1,483357
7290018380826,false,תבשיל הודי שעועית אד,,,תבשיל הודי שעועית אד,גרמים,300.00,100 גרם,false,,9.90,0.0330,true,1,483373
7290018380871,false,פטיסון כבוש שלם תומר,Polan polsko francus,,פטיסון כבוש שלם תומר,גרמים,670.00,100 גרם,false,,12.90,0.0193,true,1,274872
7290018400036,false,ירקות מוקפאים מעורבי,סנפרוסט,IL,ירקות מוקפאים מעורבי,גרמים,800.00,100 גרם,false,,19.90,0.0249,true,1,111058
7290018400234,false,חומוס לחומוס סנפרוסט,סנפרוסט,IL,חומוס לחומוס סנפרוסט,גרמים,800.00,100 גרם,false,,16.90,0.0211,true,1,56207
7290018400470,false,כרישה חתוכה קפואה סנ,,,כרישה חתוכה קפואה סנ,גרמים,600.00,100 גרם,false,,14.90,0.0248,true,1,423380
7290018400661,false,לקט פאייה בסגנון ספרדי סנפרוסט 800 ג',"סנפרוסט בע""מ",IL,לקט פאייה בסגנון ספר,גרמים,800.00,100 גרם,false,,19.90,0.0249,true,1,100573
7290018440223,false,חווית הצ'אי- מסאלה עוצמתי,קריות זול,IL,חווית הצ'אי- מסאלה ע,גרמים,50.00,100 גרם,false,,19.90,0.3980,true,1,148474
7290018440247,false,צ'אי שקדים 25 שק' ויסוצקי,קריות זול,IL,חווית הצ'אי- שקדים 2,גרמים,50.00,100 גרם,false,,19.90,0.3980,true,1,148475
7290018440438,false,טונה בשמן זית פתיחה קלה 3 * 65 גר,,,טונה easy flip בשמן,גרמים,195.00,100 גרם,false,,25.90,0.1328,true,1,414227
7290018440445,false,נתחי טונה בהירה בשמן,,,נתחי טונה בהירה בשמן,גרמים,160.00,100 גרם,false,,16.90,0.1056,true,1,381085
7290018440490,false,סלט טונה עם קוסקוס- 150 גCALVO,,,סלט טונה עם ירקות וק,גרמים,150.00,100 גרם,false,,14.90,0.0993,true,1,414169
7290018440896,false,חליטת צמחים ג'ינג'ר וכורכום - אפקט הג'ינג'ר,ויסוצקי,IL,חליטת ג'ינג'ר וכורכו,גרמים,37.50,100 גרם,false,,17.50,0.4667,true,1,251894
7290018441626,false,גלידת פיינטים מנטה עוגיות 430 ג' בן וג'ירי,מוצרי איכות אמריקאיי,IL,גלידת שמנת בטעם מנטה,גרמים,430.00,100 גרם,false,,19.90,0.0463,true,1,228759
7290018468302,false,נקניקיה צמחית בסגנון מרגז 400 ג' טירת צבי,טירת צבי,IL,נקניקיות צמחוניות בס,גרמים,400.00,100 גרם,false,,39.90,0.0997,true,1,337537
7290018468401,false,"פסטרמה צמחונית בטעם גריל, 120 גרם",טיב טירת צבי 2000,IL,פסטרמה צמחונית בטעם,גרמים,120.00,100 גרם,false,,15.90,0.1325,true,1,447247
7290018468418,false,"פסטרמה צמחונית בטעם מפולפל, 120 גרם",טיב טירת צבי 2000,IL,פסטרמה צמחונית מפולפ,גרמים,120.00,100 גרם,false,,15.90,0.1325,true,1,447248
7290018468425,false,נקניק טבעוני בטעם מעושן,טיב טירת צבי 2000,IL,נקניק טבעוני בטעם מע,גרמים,100.00,100 גרם,false,,15.90,0.1590,true,1,447249
7290018468432,false,"נקניק טבעוני בטעם מעושן, 100 גרם",טיב טירת צבי 2000,IL,נקניק טבעוני בטעם פי,גרמים,100.00,100 גרם,false,,15.90,0.1590,true,1,447232
7290018471029,false,"סודה בטעם לימון - מארז 6 בקבוקים 500 מ""ל",יפאורה תבורי בעמ,IL,שוופס סודה לימון שיש,ארגז,3.00,ליטר,false,,13.90,4.6333,true,1,9833
7290018471180,false,פרוט&ווג אננס תפוח גזר 1 ליטר,פרוט אנד וג' Fruit & Veg,IL,פרוט ווג אננס תפוח ו,ארגז,1.00,ליטר,false,,13.50,13.5000,true,1,60244
7290018471197,false,פרוט&ווג' תפוח בננה מלון נענע 1 ליטר,פרוט אנד וג' Fruit & Veg,IL,פרוט ווג תפוח בננה מ,ארגז,1.00,ליטר,false,,13.50,13.5000,true,1,60245
7290018471210,false,ספרינג קרטונית אגס סברס תפוח 1 ליטר,"יפאורה תבורי בע""מ",IL,קרטונית אגס תפוח וסב,ארגז,1.00,ליטר,false,,6.90,6.9000,true,1,61429
7290018471395,false,פרוט&ווג' תפוח רימון סלק ג'ינג'ר 1 ליטר,פרוט אנד וג' Fruit & Veg,IL,פרוט ווג תפוח רימון,ארגז,1.00,ליטר,false,,13.50,13.5000,true,1,60246
7290018471401,false,פרוט&ווג' אננס בננה כורכום 1 ליטר,פרוט אנד וג' Fruit & Veg,IL,פרוט ווג אננס בננה כ,ארגז,1.00,ליטר,false,,13.50,13.5000,true,1,60247
7290018471463,false,תפוזינה נקטר תפוז מנגו קרטונית 1 ליטר,"יפאורה תבורי בע""מ",IL,נקטר תפוזינה ENJOY ב,ארגז,1.00,ליטר,false,,6.90,6.9000,true,1,77642
7290018471470,false,תפוזינה נקטר תפוז פסיפלורה קרטונית 1 ליטר,"יפאורה תבורי בע""מ",IL,נקטר תפוזינה ENJOY ב,ארגז,1.00,ליטר,false,,6.90,6.9000,true,1,77643
7290018471487,false,תפוזינה נקטר תפוז אננס קרטונית 1 ליטר,"יפאורה תבורי בע""מ",IL,נקטר תפוזינה ENJOY ב,ארגז,1.00,ליטר,false,,6.90,6.9000,true,1,77644
7290018471494,false,תפוזינה משקה תפוז גזר קרטונית 1 ליטר,"יפאורה תבורי בע""מ",IL,נקטר תפוזינה ENJOY ב,ארגז,1.00,ליטר,false,,6.90,6.9000,true,1,77645
7290018471906,false,שוופס מוגז פירות לימונדה ורודה 1.5 ליטר פיקדון,"יפאורה תבורי בע""מ",IL,שוופס מוגז לימונדה ו,ארגז,1.50,ליטר,false,,9.50,6.3333,true,1,156152
7290018471913,false,שוופס מוגז פירות תפוחים 1.5 ל',"יפאורה תבורי בע""מ",IL,שוופס פרוטס תפוחים 1,ארגז,1.50,ליטר,false,,9.50,6.3333,true,1,156166
7290018471937,false,שוופס מוגז פירות תות ליים 1.5 ליטר פיקדון,"יפאורה תבורי בע""מ",IL,שוופס מוגז פירות תות,ארגז,1.50,ליטר,false,,9.50,6.3333,true,1,156168
7290018471944,false,שוופס מוגז פירות לימונייד 1.5 ליטר פיקדון,"יפאורה תבורי בע""מ",IL,שוופס מוגז למונייד 1,ארגז,1.50,ליטר,false,,9.50,6.3333,true,1,156182
7290018471951,false,שוופס מוגז פירות אשכולית אדומה 1.5 ליטר פיקדון,"יפאורה תבורי בע""מ",IL,שוופס פרוטס אשכולית,ארגז,1.50,ליטר,false,,9.50,6.3333,true,1,156183
7290018493045,false,"קרם ידיים בשמן קוקוס ד""ר פישר 100מ""ל",,,קרם ידיים אפקטיב קר,מיליליטרים,100.00,"100 מ""ל",false,,15.90,0.1590,true,1,341559
7290018493977,false,"אל סבון כתום ד""ר פישר 1 ל'",,,אל סבון ניקיון ולחות,ארגז,1.00,ליטר,false,,14.90,14.9000,true,1,140452
7290018500231,false,"לחם וויקאנד אנג`ל, 750 גרם",מאפיית אנג'ל,IL,לחם וויקאנד אנג'ל 75,גרמים,750.00,100 גרם,false,,18.90,0.0252,true,1,381071
7290018500361,false,לחם אנג'ל אחיד פרוס 900 גר',מאפיית שלמה א. אנג'ל,IL,לחם אחיד פרוס מאפיית,גרמים,900.00,100 גרם,false,,8.32,0.0092,true,1,403619
7290018500385,true,חלה רגילה אנגל 650 ג,,,חלה רגילה אנגל 650 ג,גרמים,650.00,100 גרם,false,,6.50,0.0100,true,1,432703
7290018500392,true,חלה קלועה אנגל 650 ג,,,חלה קלועה אנגל 650 ג,גרמים,650.00,100 גרם,false,,6.50,0.0100,true,1,432704
7290018540329,false,שקית פיתה פיתה בלדי 800 ג' אנג'ל,מאפיית שלמה א. אנג'ל,IL,פיתה פיתה אנגל 880 ג,יח',10.00,יח',false,,12.90,1.2900,true,1,51687
7290018540817,false,ארטיזנל כוסנין-לחם מחמצת 500 גר',מאפיית אורנים,IL,לחם ארטיזנל כוסמין א,גרמים,500.00,100 גרם,false,,18.90,0.0378,true,1,286489
7290018540824,false,ארטיזנל כפרי-לחם מחמצת 500 גר',מאפיית אורנים,IL,לחם מחמצת כפרי artis,גרמים,500.00,100 גרם,false,,18.90,0.0378,true,1,286490
7290018540831,false,לחם מחמצת חיטה מלאה וגרעינים 500 ג' ארטיזנל,מאפיית אורנים,IL,לחם מחמצת חיטה מלאה,גרמים,500.00,100 גרם,false,,18.90,0.0378,true,1,287475
7290018556467,false,ארק בן חיים פסיפלורה,,,ארק בן חיים פסיפלורה,מיליליטרים,700.00,"100 מ""ל",false,,39.90,0.0570,true,1,213012
7290018564684,false,ממרח פסטו בזיליקום ו,,,ממרח פסטו בזיליקום ו,גרמים,200.00,100 גרם,false,,11.90,0.0595,true,1,270269
7290018564721,false,ממרח אריסה שף הטבע 2,,,ממרח אריסה שף הטבע 2,גרמים,200.00,100 גרם,false,,11.90,0.0595,true,1,270273
7290018571521,false,סוכריות מולטי ויטמין עם אבץ לילדים בטעם ענבים,מיה תעשיות מזון בעמ,IL,סוכריות מולטי ויטמין,גרמים,175.00,100 גרם,false,,39.90,0.2280,true,1,444036
7290018571538,false,דובוני ג'לי בטעם פטל לילדים פרופוליס ואכיניציה,מיה תעשיות מזון בעמ,IL,סוכריות חורף פרופולי,גרמים,175.00,100 גרם,false,,39.90,0.2280,true,1,444037
7290018571590,false,שמן שקדים מזוכך 1 ליטר,,,שמן שקדים מזוכך מיה,ליטרים,1.00,100 ליטר,false,,25.90,25.9000,true,1,296270
7290018571613,false,סוכריות אומגה 3 מבוגרים אצבעות רחבות 240גרם,מיה תעשיות מזון בעמ,IL,סוכריות אומגה 3- מבו,גרמים,210.00,100 גרם,false,,39.90,0.1900,true,1,444040
7290018571668,false,"סוכריות ג'לי עם ויטמינים C, D3 ואבץ לילדים ומבוגרים",מיה תעשיות מזון בעמ,IL,סוכריות C+D + אבץ מש,גרמים,210.00,100 גרם,false,,39.90,0.1900,true,1,444045
7290018571736,false,אורז בסמטי הודי 1ק''ג,,,"אורז בסמטי 1 ק""ג",אלף,1.00,"ק""ג",false,,11.90,11.9000,true,1,386937
7290018571743,false,"אורז מלא 1 ק""ג מיה",,,"אורז מלא 1 ק""ג",אלף,1.00,"ק""ג",false,,9.90,9.9000,true,1,386951
7290018626078,false,"צלחות קטנות ""7 שקוף",,,"צלחות קטנות ""7 שקוף",אין,0.00,יחידה,false,,10.90,0.0000,true,1,55086
7290018626085,false,לפתניות 4.5 שקוף 50,,,לפתניות 4.5 שקוף 50,אין,0.00,יחידה,false,,8.90,0.0000,true,1,55101
7290018626108,false,קערות אובליות שקוף 5,,,קערות אובליות שקוף 5,אין,0.00,יחידה,false,,10.90,0.0000,true,1,55102
7290018626160,false,תבנית R-99 ענקית 5 י,,,תבנית R-99 ענקית 5 י,אין,0.00,יחידה,false,,9.90,0.0000,true,1,60531
7290018626214,false,קינוחית אישית פאי +,,,קינוחית אישית פאי +,אין,0.00,יחידה,false,,12.50,0.0000,true,1,60950
7290018626290,false,פיצה עגבניות ובזיליק,,,פיצה מרגריטה עגבניות,גרמים,420.00,100 גרם,false,,11.90,0.0283,true,1,113096
7290018626306,false,פיצה מרגריטה פיטריות,,,פיצה מרגריטה פיטריות,גרמים,400.00,100 גרם,false,,11.90,0.0298,true,1,113097
7290018626375,false,צלחות וינטג' קטנות 1,,,צלחות וינטג' קטנות 1,אין,0.00,יחידה,false,,12.90,0.0000,true,1,68445
7290018626399,false,אובלים וינטג' 10 יח',,,אובלים וינטג' 10 יח',אין,0.00,יחידה,false,,9.90,0.0000,true,1,69755
7290018626443,false,אובלים וינטג' 10 יח',,,אובלים וינטג' 10 יח',אין,0.00,יחידה,false,,9.90,0.0000,true,1,69756
7290018626504,false,שקיות L שרוך 80 יח',,,שקיות L שרוך 80 יח',אין,0.00,יחידה,false,,22.90,0.0000,true,1,62319
7290018626528,false,ניילון נצמד 30*150 ע,,,ניילון נצמד 30*150 ע,מטרים,150.00,מטר,false,,18.90,0.1260,true,1,79725
7290018626580,false,צימרונים לאוזנים 100,,,צימרונים לאוזנים 100,אין,0.00,יחידה,false,,2.90,0.0000,true,1,108566
7290018626597,false,צימרונים לאוזנים איכ,,,צימרונים לאוזנים איכ,אין,0.00,יחידה,false,,4.90,0.0000,true,1,108580
7290018626627,false,מארז תבניות מאפינס 7,,,מארז תבניות מאפינס 7,אין,0.00,יחידה,false,,14.90,0.0000,true,1,206262
7290018626641,false,מארז תבניות רוסטר גד,,,מארז תבניות רוסטר גד,אין,0.00,יחידה,false,,14.90,0.0000,true,1,206303
7290018626658,false,מארז תבניות רוסטר שט,,,מארז תבניות רוסטר שט,אין,0.00,יחידה,false,,14.90,0.0000,true,1,206304
7290018626689,false,מארז צלחות 12+12 מא,,,מארז צלחות 12+12 מא,אין,0.00,יחידה,false,,49.90,0.0000,true,1,135370
7290018626795,false,מגש עגול מחולק ל-6 ג,,,מגש עגול מחולק ל-6 ג,אין,0.00,יחידה,false,,9.90,0.0000,true,1,136353
7290018626856,false,כוסות ליקר 50 יח' WI,,,כוסות ליקר 50 יח' WI,אין,0.00,יחידה,false,,8.90,0.0000,true,1,136370
7290018626863,false,כוסות ליקר 20 יח' WI,,,כוסות ליקר 20 יח' WI,אין,0.00,יחידה,false,,7.90,0.0000,true,1,136371
7290018626887,false,כוסות P.P יהלום שוחר,,,כוסות P.P יהלום שוחר,אין,0.00,יחידה,false,,9.90,0.0000,true,1,108647
7290018626894,false,כוסות P.P יהלום כסף,,,כוסות P.P יהלום כסף,אין,0.00,יחידה,false,,9.90,0.0000,true,1,108648
7290018626900,false,מפיות תלת שכבתיות 20,,,מפיות תלת שכבתיות 20,אין,0.00,יחידה,false,,4.90,0.0000,true,1,129356
7290018626917,false,מפיות תלת שכבתיות 20,,,מפיות תלת שכבתיות 20,אין,0.00,יחידה,false,,4.90,0.0000,true,1,129357
7290018626924,false,מפיות תלת שכבתיות 20,,,מפיות תלת שכבתיות 20,אין,0.00,יחידה,false,,4.90,0.0000,true,1,129358
7290018626948,false,מפיות תלת שכבתיות 20,,,מפיות תלת שכבתיות 20,אין,0.00,יחידה,false,,4.90,0.0000,true,1,129359
7290018626955,false,מפיות תלת שכבתיות 20,,,מפיות תלת שכבתיות 20,אין,0.00,יחידה,false,,4.90,0.0000,true,1,129373
7290018626993,false,מפיות תלת שכבתיות 20,,,מפיות תלת שכבתיות 20,אין,0.00,יחידה,false,,4.90,0.0000,true,1,129377
7290018652671,false,גלידה קרמריה שוקולד ווניל 1.4 ליטר,נסטלה,IL,גלידת שוקו וניל מופח,גרמים,0.00,100 גרם,false,,22.90,0.0000,true,1,252558
7290018652688,false,לה קרמריה טרופי ופירות אדומים 1.4 ל' נסטלה,גלידות נסטלה,IL,גלידת בטעמי פירות טר,ליטרים,1.40,100 ליטר,false,,22.90,16.3571,true,1,252559
7290018652886,false,מאגדת מצופים שוקו בננה 8 יח-476 ג',גלידות נסטלה,IL,מאגדת שוקו בננה 8 יח,גרמים,476.00,100 גרם,false,,28.90,0.0607,true,1,258984
7290018703311,false,חטיף חלבון קרם עוגיות קראנץ 60 ג' פראוד,v.s.i,NL,חטיף חלבון בטעם קרם,גרמים,60.00,100 גרם,false,,13.90,0.2317,true,1,301556
7290018720219,false,פצפוצי אורז ללא סוכר 250 ג' מעדני מלך,,,פיצפוצי אורז ללא סוכ,גרמים,250.00,100 גרם,false,,12.90,0.0516,true,1,419903
7290018792841,false,אבקת קקאו טבעי 150ג גאנה,גאנס לודרס,IL,אבקת קקאו דל שומן 15,גרמים,150.00,100 גרם,false,,10.90,0.0727,true,1,443206
7290018818305,false,פיצה אובליינה 260 גר,,,פיצה אובליינה 260 גר,גרמים,260.00,100 גרם,false,,14.90,0.0573,true,1,353910
7290018860991,false,אטריות ביצים רחבות מ,Xiamen zhongshi impo,CN,אטריות ביצים רחבות מ,גרמים,400.00,100 גרם,false,,9.90,0.0248,true,1,431789
7290018886120,false,מפיות תלת שכבתיות 20,,,מפיות תלת שכבתיות 20,אין,0.00,יחידה,false,,4.90,0.0000,true,1,129393
7290018886144,false,מפיות תלת שכבתיות 20,,,מפיות תלת שכבתיות 20,אין,0.00,יחידה,false,,4.90,0.0000,true,1,129395
7290018886182,false,כפיות עבות 50 יח' ק,,,כפיות עבות 50 יח' ק,אין,0.00,יחידה,false,,9.90,0.0000,true,1,108610
7290018886205,false,סכינים עבות 50 יח',,,סכינים עבות 50 יח',אין,0.00,יחידה,false,,9.90,0.0000,true,1,108612
7290018886212,false,מזלגות עבות 50 יח',,,מזלגות עבות 50 יח',אין,0.00,יחידה,false,,9.90,0.0000,true,1,108613
7290018886243,false,כפות עבות 50 יח' קר,,,כפות עבות 50 יח' קר,אין,0.00,יחידה,false,,9.90,0.0000,true,1,108616
7290018886250,false,מגש איכותי מחולק ל 4,,,מגש איכותי מחולק ל 4,אין,0.00,יחידה,false,,8.90,0.0000,true,1,197696
7290018886304,false,פת דגנים סגנון שוודי,סונקו,PL,פת דגנים סגנון שוודי,גרמים,340.00,100 גרם,false,,11.90,0.0350,true,1,134937
7290018886328,false,פת דגנים שיפון מאפים,סונקו,PL,פת דגנים שיפון 340 ג,גרמים,340.00,100 גרם,false,,11.90,0.0350,true,1,137410
7290018886335,false,פת דגנים שיפון 170 ג,,,פת דגנים שיפון 170 ג,גרמים,170.00,100 גרם,false,,7.90,0.0465,true,1,134922
7290018886342,false,פת דגנים 7 דגנים 340,סונקו,PL,פת דגנים 7 דגנים 340,גרמים,340.00,100 גרם,false,,11.90,0.0350,true,1,137411
7290018886359,false,פת דגנים 7 דגנים 170,,,פת דגנים 7 דגנים 170,גרמים,170.00,100 גרם,false,,7.90,0.0465,true,1,134923
7290018886366,false,סכינים מהודרים שקוף,,,סכינים מהודרים שקוף,אין,0.00,יחידה,false,,6.90,0.0000,true,1,197395
7290018886403,false,מזלגות מהודרים שקוף,,,מזלגות מהודרים שקוף,אין,0.00,יחידה,false,,6.90,0.0000,true,1,197464
7290018886441,false,כפות מהודרות שקוף 10,,,כפות מהודרות שקוף 10,אין,0.00,יחידה,false,,6.90,0.0000,true,1,197507
7290018886472,false,כפות מהודרות כסף 10,,,כפות מהודרות כסף 10,אין,0.00,יחידה,false,,6.90,0.0000,true,1,197510
7290018886489,false,כפיות מהודרות שקוף 1,,,כפיות מהודרות שקוף 1,אין,0.00,יחידה,false,,5.90,0.0000,true,1,197365
7290018886502,false,כפיות מהודרות זהב 10,,,כפיות מהודרות זהב 10,אין,0.00,יחידה,false,,5.90,0.0000,true,1,197367
7290018886519,false,כפיות מהודרות כסף 10,,,כפיות מהודרות כסף 10,אין,0.00,יחידה,false,,5.90,0.0000,true,1,197381
7290018886625,false,כוסות דמוי שיש 40 יח,,,כוסות דמוי שיש 40 יח,אין,0.00,יחידה,false,,8.90,0.0000,true,1,108632
7290018886656,false,כוס קינוח טרפז 20 יח,,,כוס קינוח טרפז 20 יח,אין,0.00,יחידה,false,,10.90,0.0000,true,1,197809
7290018886663,false,כוס קינוח מרובעת 20,,,כוס קינוח מרובעת 20,אין,0.00,יחידה,false,,10.90,0.0000,true,1,197823
7290018886694,false,כוס קינוח קצה גלי 12,,,כוס קינוח קצה גלי 12,אין,0.00,יחידה,false,,12.90,0.0000,true,1,197751
7290018886915,false,קערת סלט בועות ורוד,,,קערת סלט בועות ורוד,אין,0.00,יחידה,false,,13.90,0.0000,true,1,136435
7290018886922,false,סכינים מוכספים 20 י,,,סכינים מוכספים 20 י,אין,0.00,יחידה,false,,8.90,0.0000,true,1,136449
7290018886939,false,מזלגות מוכספים 20 י,,,מזלגות מוכספים 20 י,אין,0.00,יחידה,false,,8.90,0.0000,true,1,136450
7290018886953,false,כפיות מוכספים 20 יח,,,כפיות מוכספים 20 יח,אין,0.00,יחידה,false,,8.90,0.0000,true,1,136452
7290018886991,false,שמן קנולה אלומות 1 ל,סקנולה,EE,שמן קנולה אלומות 1 ל,ארגז,1.00,ליטר,false,,10.90,10.9000,true,1,126935
7290018893005,false,"חטיפי בייגלה אפוי בטעם חרדל ודבש, 160 גרם",צ'וקטה Chocketa,RO,בייגלה שטוח בתוספת ח,גרמים,200.00,100 גרם,false,,6.90,0.0345,true,1,188346
7290018893036,false,עוגיות סנדוויץ' בטעם שוקולד ממולאות קרם בטעם וניל,צ'וקטה Chocketa,ES,ביסקוויטי סנדוויץ בט,גרמים,176.00,100 גרם,false,,5.90,0.0335,true,1,214157
7290018893081,false,עוגות מגולגלות במילוי קרם חלבי וציפוי בטעם שוקולד,צ'וקטה Chocketa,,צ'וקטה מגולגלות חלב,גרמים,222.00,100 גרם,false,,9.90,0.0446,true,1,137243
7290018893098,false,צ'וקטה ביסקוויט מצופה שוקולד חלב 100 גרם משולש K,צ'וקטה Chocketa,,צ'וקטה עוגיות מצופות,גרמים,100.00,100 גרם,false,,7.90,0.0790,true,1,331759
7290018893104,false,צ'וקטה ביסקוויט מצופה שוקולד מריר 100 גרם משולש K,צ'וקטה Chocketa,,צ'וקטה עוגיות מצופות,גרמים,100.00,100 גרם,false,,7.90,0.0790,true,1,331760
7290018893135,false,מקלות אפויים בתוספת מלח Salty,צ'וקטה Chocketa,,צ'וקטה גריסיני מלח 1,גרמים,120.00,100 גרם,false,,8.90,0.0742,true,1,411266
7290018893142,false,מקלות אפויים בתוספת שמן זית Salty,צ'וקטה Chocketa,,צ'וקטה גריסיני שמן ז,גרמים,120.00,100 גרם,false,,8.90,0.0742,true,1,411267
7290018893258,false,צ'וקטה עוגות אישיות קרמל 300 גר,צ'וקטה Chocketa,,צ'וקטה עוגות אישיות,גרמים,300.00,100 גרם,false,,12.90,0.0430,true,1,113795
7290018893319,false,צ'וקטה שוקולד מריר בלגי 85% 100 גרם משולש K,צ'וקטה Chocketa,BE,צ'וקטה שוקולד מריר מ,גרמים,100.00,100 גרם,false,,8.90,0.0890,true,1,411239
7290018893340,false,מקלות אפויים בתוספת שומשום Salty,צ'וקטה Chocketa,,צ'וקטה גריסיני שומשו,גרמים,120.00,100 גרם,false,,8.90,0.0742,true,1,411268
7290018893456,false,צ'וקטה מארז עוגות אישיות במילוי קרם ובציפוי שוקולד 10*30ג,פרדי קונדטוריה אס.פי,IT,צ'וקטה עוגות אישיות,אין,300.00,יחידה,false,,12.90,0.0430,true,1,113781
7290018893647,false,צ'וקטה עוגיות סנדביץ מצופות 150 גרם חלב נוכרי,צ'וקטה Chocketa,,עוגיות סנדויץ' מצופו,גרמים,150.00,100 גרם,false,,8.90,0.0593,true,1,214114
7290018893654,false,חטיפי בייגלה דקיקים ופריכים מלח צ'וקטה 200 ג',צ'וקטה Chocketa,RO,צ'וקטה חטיף בייגלה ב,גרמים,200.00,100 גרם,false,,6.90,0.0345,true,1,137228
7290018893708,false,עוגיות סנדוויץ' במילוי קרם בטעם שוקולד,צ'וקטה Chocketa,,צ'וקטה עוגיות סנדביץ,גרמים,250.00,100 גרם,false,,7.90,0.0316,true,1,331744
7290018893715,false,בייגלה שטוח מצופה שוקולד חלב נכרי 80 גרם צ'וקטה,,,בייגלה שטוח מצופה שו,גרמים,80.00,100 גרם,false,,6.90,0.0863,true,1,231630
7290018893807,false,צ'וקטה - שוקולד מריר שלישייה 3 * 100 גרם,צ'וקטה Chocketa,,מארז שוקולד מריר 60%,גרמים,300.00,100 גרם,false,,12.90,0.0430,true,1,214085
7290018893814,false,צ'וקטה שוקולד מריר 48% 5 יח' *100 ג',הדקלאים אגודת שיתופי,ES,צ'וקטה שוקולד 48% 5*,גרמים,500.00,100 גרם,false,,18.90,0.0378,true,1,151692
7290018893852,false,חטיפי בייגלה דקיקים ופריכים שומשום צ'וקטה 200 ג',צ'וקטה Chocketa,RO,צ'וקטה חטיף בייגלה ב,גרמים,200.00,100 גרם,false,,6.90,0.0345,true,1,137229
7290018893906,false,עוגיות סנדוויץ' במילוי קרם בטעם וניל,צ'וקטה Chocketa,,צ'וקטה עוגיות סנדביץ,גרמים,250.00,100 גרם,false,,7.90,0.0316,true,1,331745
7290018893937,false,לוקיטוס סוכריות ג'לי בטעמי פירות 300 גרם,,,לוקיטוס סוכריות ג'לי,גרמים,300.00,100 גרם,false,,9.90,0.0330,true,1,458929
7290018893951,false,עוגיות וופל חמאה קינמון 100 ג',,BE,צ'וקטה וופל חמאה בטע,גרמים,100.00,100 גרם,false,,10.00,0.1000,true,1,443106
7290018894002,false,קוביות וופל במילוי קרם קקאו - חלבי,בלקוני Balconi,IT,בלקוני קוביות וופל ק,גרמים,250.00,100 גרם,false,,12.50,0.0500,true,1,378621
7290018894019,false,עוגות אישיות במילוי קרם חלבי ובציפוי קרם קקאו,בלקוני Balconi,IT,עוגות אישיות מיקס מק,גרמים,350.00,100 גרם,false,,14.90,0.0426,true,1,342251
7290018894200,false,בלקוני וופל קוביות ויל 250 גרם חלבי OU,בלקוני Balconi,IT,בלקוני קוביות וופל ו,גרמים,250.00,100 גרם,false,,12.50,0.0500,true,1,378622
7290018894217,false,עוגות אישיות במילוי קרם קקאו ובציפוי קרם קקאו,בלקוני Balconi,IT,עוגות אישיות מיקס מק,גרמים,350.00,100 גרם,false,,14.90,0.0426,true,1,342292
7290018894408,false,קוביות וופל במילוי קרם אגוזי לוז - חלבי,בלקוני Balconi,IT,בלקוני קוביות וופל א,גרמים,250.00,100 גרם,false,,12.50,0.0500,true,1,378623
7290018921166,false,"אל סבון נוזלי ניקוי יסודי ד""ר פישר 1 ל""",,,אל סבון ניקיון ולחות,ארגז,1.00,ליטר,false,,14.90,14.9000,true,1,140453
7290018921456,false,"ד""ר פישר - אפקטיב קר תחליב רחצה שמן כותנה 700 מ""ל","ד""ר פישר Dr fischer",,תחליב רחצה לגוף מועש,מיליליטרים,700.00,"100 מ""ל",false,,16.90,0.0241,true,1,191173
7290018925065,false,פרימור מיץ תפוזים סחוט 2 ליטר,פרימור,IL,פרימור מיץ תפוזים סח,ארגז,2.00,ליטר,false,,27.90,13.9500,true,1,174038
7290018925089,false,פרימור מיץ תפוח עץ צלול 2 ליטר,גניר,IL,פרימור מיץ תפוחים צל,ארגז,2.00,ליטר,false,,27.90,13.9500,true,1,174052
7290018925416,false,"מיץ לימון ופסיפלורה 400 מ""ל פרימור",קריות זול,IL,משקה קל לימון פסיפלו,מיליליטרים,400.00,"100 מ""ל",false,,7.90,0.0197,true,1,423336
7290018972762,false,נודלס טעם עוף להכנה מהירה 72 גרם,,,נודלס מנה חמה עוף תו,גרמים,72.00,100 גרם,false,,5.90,0.0819,true,1,483310
7290018972786,false,נודלס טעם ירקות להכנה מהירה 72 גרם,,,נודלס מנה חמה ירקות,גרמים,72.00,100 גרם,false,,5.90,0.0819,true,1,483326
7290018989005,false,יכין פולפה טבעית 400*3 גר,זנלכל,IL,פולפה טבעית יכין 3*,אלף,1.20,"ק""ג",false,,16.90,14.0833,true,1,219530
7290018989081,false,חומוס הבית להכנת חומוס טרי יכין,זנלכל,IL,חומוס הבית יכין 400,גרמים,400.00,100 גרם,false,,7.90,0.0198,true,1,394909
7290019014058,false,נוזל רצפות טאצ' פלגי,סאסאטק,IL,נוזל רצפות פלגי מים,ארגז,2.00,ליטר,false,,17.90,8.9500,true,1,266931
7290019014072,false,נוזל רצפות דיונה פרא,סאסאטק,IL,נוזל רצפות דיונה פרא,ארגז,2.00,ליטר,false,,17.90,8.9500,true,1,211541
7290019014089,false,נוזל רצפות דיונה פרא,,,נוזל רצפות דיונה פרא,ארגז,2.00,ליטר,false,,17.90,8.9500,true,1,211527
7290019031017,false,נר הבדלה צהוב,,,נר הבדלה צהוב,אין,0.00,יחידה,false,,8.90,0.0000,true,1,299660
7290019031062,false,תבנית R-2 מלבנית 7 י,,,תבנית R-2 מלבנית 7 י,אין,0.00,יחידה,false,,9.90,0.0000,true,1,269392
7290019031086,false,תבנית R-31 גדולה 7 י,,,תבנית R-31 גדולה 7 י,אין,0.00,יחידה,false,,9.90,0.0000,true,1,269394
7290019031093,false,תבנית R-64 בינונית 7,,,תבנית R-64 בינונית 7,אין,0.00,יחידה,false,,9.90,0.0000,true,1,269395
7290019031109,false,תבנית R-88 אינגליש 1,,,תבנית R-88 אינגליש 1,אין,0.00,יחידה,false,,9.90,0.0000,true,1,269396
7290019031116,false,תבנית R-99 ענקית 3 י,,,תבנית R-99 ענקית 3 י,אין,0.00,יחידה,false,,9.90,0.0000,true,1,269397
7290019031123,false,WIZ תבניות אלומיניום עגול 5 יח חזקות,,,תבנית אלומינים A-14,אין,0.00,יחידה,false,,9.90,0.0000,true,1,269398
7290019031147,false,WIZ תבניות מאפינס אל,,,WIZ תבניות מאפינס אל,אין,0.00,יחידה,false,,17.90,0.0000,true,1,345829
7290019031178,false,כפפות לטקס 100 יח' S,,,כפפות לטקס 100 יח' S,אין,0.00,יחידה,false,,30.90,0.0000,true,1,242470
7290019031185,false,כפפות לטקס 100 יח' M,,,כפפות לטקס 100 יח' M,אין,0.00,יחידה,false,,30.90,0.0000,true,1,242486
7290019031192,false,כפפות לטקס 100 יח' L,,,כפפות לטקס 100 יח' L,אין,0.00,יחידה,false,,30.90,0.0000,true,1,242471
7290019031215,false,כוסות 10OZ לשתייה חמ,,,כוסות 10OZ לשתייה חמ,אין,0.00,יחידה,false,,9.90,0.0000,true,1,283232
7290019031222,false,כוסות 12OZ לשתייה חמ,,,כוסות 12OZ לשתייה חמ,אין,0.00,יחידה,false,,11.90,0.0000,true,1,283260
7290019031239,false,כוסות 16OZ לשתייה חמ,,,כוסות 16OZ לשתייה חמ,אין,0.00,יחידה,false,,14.90,0.0000,true,1,283246
7290019031246,false,זוג כפות הגשה זהב WI,,,זוג כפות הגשה זהב WI,אין,0.00,יחידה,false,,5.90,0.0000,true,1,197604
7290019031307,false,לפתניות לבנות 25 יח',,,לפתניות לבנות 25 יח',אין,0.00,יחידה,false,,5.90,0.0000,true,1,254965
7290019031314,false,קערות אובליות לבנות,,,קערות אובליות לבנות,אין,0.00,יחידה,false,,6.90,0.0000,true,1,254966
7290019031321,false,"מרקיות 7"" לבנות 25 י",,,"מרקיות 7"" לבנות 25 י",אין,0.00,יחידה,false,,9.90,0.0000,true,1,254967
7290019031338,false,"צלחות קטנות 7"" לבנות",,,"צלחות קטנות 7"" לבנות",אין,0.00,יחידה,false,,8.90,0.0000,true,1,254981
7290019031352,false,"צלחות ענקיות 10"" לבנ",,,"צלחות ענקיות 10"" לבנ",אין,0.00,יחידה,false,,23.90,0.0000,true,1,254995
7290019031369,false,"צלחות גדולות 9"" קרם",,,"צלחות גדולות 9"" קרם",אין,0.00,יחידה,false,,14.90,0.0000,true,1,254996
7290019031376,false,סבון ידיים אוקיינוס,,,סבון ידיים אוקיינוס,ליטרים,1.00,100 ליטר,false,,9.90,9.9000,true,1,254844
7290019031383,false,סבון ידיים מאסק 1 לי,,,סבון ידיים מאסק 1 לי,ליטרים,1.00,100 ליטר,false,,9.90,9.9000,true,1,254845
7290019031413,false,נייר טואלט לח שלישיי,,,נייר טואלט לח שלישיי,אין,0.00,יחידה,false,,11.90,0.0000,true,1,283008
7290019031437,false,אשפטון 65-75 חזקות עם שרוך,,,אשפתון 65X75 XL חזק,אין,0.00,יחידה,false,,18.90,0.0000,true,1,326354
7290019031444,false,אשפתון 65X54 XL חזקו,,,אשפתון 65X54 XL חזקו,אין,0.00,יחידה,false,,17.90,0.0000,true,1,326355
7290019031482,false,WIZ צלחות מתכלות קטנ,,,WIZ צלחות מתכלות קטנ,אין,0.00,יחידה,false,,7.90,0.0000,true,1,422179
7290019031543,false,שמן זית כתית מעולה א,,,שמן זית כתית מעולה א,מיליליטרים,750.00,"100 מ""ל",false,,29.90,0.0399,true,1,282162
7290019031598,false,מארז 5 מכלים + מכסים,,,מארז 5 מכלים + מכסים,ארגז,0.50,ליטר,false,,9.90,19.8000,true,1,272213
7290019031604,false,מארז 5 מכלים + מכסים,,,מארז 5 מכלים + מכסים,ארגז,1.00,ליטר,false,,9.90,9.9000,true,1,272214
7290019031611,false,מארז 4 מכלים + מכסים,,,מארז 4 מכלים + מכסים,ארגז,1.00,ליטר,false,,9.90,9.9000,true,1,272308
7290019031642,false,WIZ צלחות ענקיות שקו,,,WIZ צלחות ענקיות שקו,אין,0.00,יחידה,false,,21.90,0.0000,true,1,422197
7290019031659,false,WIZ צלחות גדולות  שק,,,WIZ צלחות גדולות  שק,אין,0.00,יחידה,false,,13.90,0.0000,true,1,422198
7290019031673,false,"WIZ מרקיות שקופות 7""",,,"WIZ מרקיות שקופות 7""",אין,0.00,יחידה,false,,9.90,0.0000,true,1,422214
7290019056027,false,שוופס מוגז פירות תפוחים ללא סוכר 1.5 ליטר פיקדון,"יפאורה תבורי בע""מ",IL,שוופס מוגז פירות תפו,ארגז,1.50,ליטר,false,,8.50,5.6667,true,1,156197
7290019056034,false,שוופס מוגז פירות אננס ללא סוכר 1.5 ליטר פיקדון,"יפאורה תבורי בע""מ",IL,שוופס מוגז פירות אננ,ארגז,1.50,ליטר,false,,8.50,5.6667,true,1,156198
7290019056041,false,שוופס מוגז פירות לימונייד ללא סוכר 1.5 ליטר פיקדון,"יפאורה תבורי בע""מ",IL,שוופס מוגז פירות ללא,ארגז,1.50,ליטר,false,,8.50,5.6667,true,1,156199
7290019056058,false,שוופס מוגז עדין תפוח ליים 1.5 ליטר פיקדון,"יפאורה תבורי בע""מ",IL,שוופס מוגז עדין תפוח,ארגז,1.50,ליטר,false,,8.50,5.6667,true,1,155415
7290019056065,false,שוופס מוגז עדין פירות יער 1.5 ליטר פיקדון,"יפאורה תבורי בע""מ",IL,שוופס מוגז עדין פירו,ארגז,1.50,ליטר,false,,8.50,5.6667,true,1,155431
7290019056072,false,שוופס מוגז עדין אננס 1.5 ליטר פיקדון,"יפאורה תבורי בע""מ",IL,שוופס מוגז עדין אננס,ארגז,1.50,ליטר,false,,8.50,5.6667,true,1,155446
7290019056096,false,שוופס מוגז עדין אפרסק 1.5 ליטר פיקדון,"יפאורה תבורי בע""מ",IL,שוופס מוגז עדין אפרס,ארגז,1.50,ליטר,false,,8.50,5.6667,true,1,155448
7290019056119,false,שוופס סודה 1.5 ליטר פיקדון,"יפאורה תבורי בע""מ",IL,שוופס סודה 1.5ליטר,ארגז,1.50,ליטר,false,,3.50,2.3333,true,1,155268
7290019056157,false,שוופס סודה פירות יער 1.5 ליטר בק' בודד פיקדון,,,שוופס סודה פירות יער,ארגז,1.50,ליטר,false,,3.50,2.3333,true,1,165028
7290019056164,false,שוופס סודה 1.5 ליטר רביעייה פיקדון,"יפאורה תבורי בע""מ",IL,שוופס סודה 4*1.5ליטר,ארגז,6.00,ליטר,false,,12.10,2.0167,true,1,155283
7290019056171,false,שוופס סודה לימון 1.5 ליטר רביעייה פיקדון,"יפאורה תבורי בע""מ",IL,שוופס סודה לימון 4*1,ארגז,6.00,ליטר,false,,12.10,2.0167,true,1,155312
7290019056188,false,שוופס סודה נענע ליים 1.5 ליטר רביעייה פיקדון,"יפאורה תבורי בע""מ",IL,שוופס סודה נענע ליים,ארגז,6.00,ליטר,false,,12.10,2.0167,true,1,155326
7290019056201,false,שוופס סודה פירות יער 1.5 ליטר רביעייה פיקדון,"יפאורה תבורי בע""מ",IL,שוופס פירות יער סודה,ארגז,6.00,ליטר,false,,12.10,2.0167,true,1,155370
7290019056232,false,משקה מוגז בטעם ליים מוחיטו 1.5 ל' שוופס,"יפאורה תבורי בע""מ",IL,שוופס ליים מוחיטו 1.,ארגז,1.50,ליטר,false,,9.50,6.3333,true,1,155463
7290019056249,false,שוופס מים בטעמים ענבים 1.5 ליטר פיקדון,"יפאורה תבורי בע""מ",IL,שוופס וואטר ענבים 1.,ארגז,1.50,ליטר,false,,8.50,5.6667,true,1,155198
7290019056270,false,שוופס מים בטעמים פירות יער 1.5 ליטר פיקדון,"יפאורה תבורי בע""מ",IL,שוופס וואטר פירות יע,ארגז,1.50,ליטר,false,,8.50,5.6667,true,1,160747
7290019056300,false,משקה בטעם ביטר לימון 1.5 ל' שוויפס,"יפאורה תבורי בע""מ",IL,שוופס ביטר לימון 1.5,ארגז,1.50,ליטר,false,,12.50,8.3333,true,1,156256
7290019056324,false,שוופס טוניק 1.5 ליטר פיקדון,"יפאורה תבורי בע""מ",IL,שוופס מי טוניק 1.5 ל,ארגז,1.50,ליטר,false,,12.50,8.3333,true,1,156271
7290019056331,false,שוופס טוניק ללא סוכר 1.5 ליטר פיקדון,"יפאורה תבורי בע""מ",IL,שוופס טוניק ללא סוכר,ארגז,1.50,ליטר,false,,11.90,7.9333,true,1,156272
7290019056355,false,משקה בטעם לימונענע עם חתיכות פרי,"יפאורה תבורי בע""מ",IL,תפוזינה לימונדה נענע,ארגז,1.50,ליטר,false,,8.50,5.6667,true,1,154697
7290019056362,false,תפוזינה ענבים 1.5 ליטר פיקדון,"יפאורה תבורי בע""מ",IL,תפוזינה ענבים 1.5 לי,ארגז,1.50,ליטר,false,,8.50,5.6667,true,1,154838
7290019056379,false,תפוזינה תפוזים 1.5 ליטר פיקדון,"יפאורה תבורי בע""מ",IL,תפוזינה תפוזים 1.5 ל,ארגז,1.50,ליטר,false,,8.50,5.6667,true,1,154896
7290019056386,false,פתוזינה אשכולית 1.5 ליטר פיקדון,"יפאורה תבורי בע""מ",IL,תפוזינה אשכוליות 1.5,ארגז,1.50,ליטר,false,,8.50,5.6667,true,1,154914
7290019056393,false,תפוזינה תות בננה 1.5 ליטר פיקדון,"יפאורה תבורי בע""מ",IL,תפוזינה תות בננה 1.5,ארגז,1.50,ליטר,false,,8.50,5.6667,true,1,154930
7290019056409,false,תפוזינה מנגו 1.5 ליטר פיקדון,"יפאורה תבורי בע""מ",IL,תפוזינה מנגו עסיסי 1,ארגז,1.50,ליטר,false,,8.50,5.6667,true,1,154931
7290019056423,false,מיץ בטעם תפוח רענן 1.5ל' תפוזינה,"יפאורה תבורי בע""מ",IL,תפוזינה תפוח רענן 1.,ארגז,1.50,ליטר,false,,8.50,5.6667,true,1,154986
7290019056430,false,תפוזינה תפוזים לייט 1.5 ליטר פיקדון,"יפאורה תבורי בע""מ",IL,תפוזינה תפוז 1.5 ליט,ארגז,1.50,ליטר,false,,7.90,5.2667,true,1,155013
7290019056447,false,תפוזינה אשכוליות לייט 1.5 ליטר פיקדון,"יפאורה תבורי בע""מ",IL,תפוזינה אשכוליות 1.5,ארגז,1.50,ליטר,false,,7.90,5.2667,true,1,155027
7290019056461,false,מארז משקה בטעם קולה שישייה * 1.5 ל' אר.סי,"יפאורה תבורי בע""מ",IL,אר.סי קולה 6*1.5 ליט,ארגז,9.00,ליטר,false,,40.90,4.5444,true,1,156368
7290019056515,false,פרוט ווטר אננס 1.5 ליטר פיקדון,"יפאורה תבורי בע""מ",IL,פרוט ווטר אננס 1.5 ל,ארגז,1.50,ליטר,false,,8.90,5.9333,true,1,155154
7290019056522,false,פרוט ווטר תות 1.5 ליטר פיקדון,"יפאורה תבורי בע""מ",IL,פרוט ווטר תות 1.5 לי,ארגז,1.50,ליטר,false,,8.90,5.9333,true,1,155169
7290019056539,false,פרוט ווטר אפרסק 1.5 ליטר פיקדון,"יפאורה תבורי בע""מ",IL,פרוט ווטר אפרסק 1.5,ארגז,1.50,ליטר,false,,8.90,5.9333,true,1,155183
7290019056546,false,פרוט ווטר אבטיח 1.5 ליטר פיקדון,"יפאורה תבורי בע""מ",IL,פרוט ווטר אבטיח 1.5,ארגז,1.50,ליטר,false,,8.90,5.9333,true,1,155184
7290019056553,false,עין גדי מים מינרלים 2 ליטר*6 יח',עין גדי מים מינרליים,IL,עין גדי מים מינרלים,ארגז,12.00,ליטר,false,,13.30,1.1083,true,1,156438
7290019056577,false,ספרינג מנגו 1.5 ליטר פיקדון,"יפאורה תבורי בע""מ",IL,ספרינג מנגו 1.5 ליטר,ארגז,1.50,ליטר,false,,8.50,5.6667,true,1,154517
7290019056584,false,ספרינג תפוזים 1.5 ליטר פיקדון,"יפאורה תבורי בע""מ",IL,ספרינג תפוזים 1.5 לי,ארגז,1.50,ליטר,false,,8.50,5.6667,true,1,154560
7290019056591,false,ספרינג ענבים 1.5 ליטר פיקדון,"יפאורה תבורי בע""מ",IL,ספרינג ענבים 1.5 ליט,ארגז,1.50,ליטר,false,,8.50,5.6667,true,1,154574
7290019056607,false,ספרינג תפוחים 1.5 ליטר פיקדון,"יפאורה תבורי בע""מ",IL,ספרינג תפוחים 1.5 לי,ארגז,1.50,ליטר,false,,8.50,5.6667,true,1,154575
7290019056614,false,ספרינג אפרסק 1.5 ליטר פיקדון,"יפאורה תבורי בע""מ",IL,ספרינג אפרסק 1.5 ליט,ארגז,1.50,ליטר,false,,8.50,5.6667,true,1,154589
7290019056621,false,ספרינג פירות טרופיים 1.5 ליטר פיקדון,"יפאורה תבורי בע""מ",IL,ספרינג פירות טרופיים,ארגז,1.50,ליטר,false,,8.50,5.6667,true,1,154590
7290019056638,false,ספרינג תות בננה 1.5 ליטר פיקדון,"יפאורה תבורי בע""מ",IL,ספרינג תות בננה 1.5,ארגז,1.50,ליטר,false,,8.50,5.6667,true,1,154591
7290019056645,false,ספרחנג אגס תפוח סברס 1.5 ליטר פיקדון,"יפאורה תבורי בע""מ",IL,ספרינג אגס סברס תפוח,ארגז,1.50,ליטר,false,,8.50,5.6667,true,1,154607
7290019056652,false,ספרינג אננס בננה 1.5 ליטר פיקדון,"יפאורה תבורי בע""מ",IL,ספרינג אננס בננה 1.5,ארגז,1.50,ליטר,false,,8.50,5.6667,true,1,154657
7290019056669,false,ספרינג תפוחים גיאט 1.5 ליטר פיקדון,"יפאורה תבורי בע""מ",IL,ספרינג תפוחים דיאט 1,ארגז,1.50,ליטר,false,,7.90,5.2667,true,1,154678
7290019056676,false,מיץ דיאט בטעם אשכוליות ואננס 1.5ל' ספרינג,"יפאורה תבורי בע""מ",IL,ספרינג דיאט אשכוליות,ארגז,1.50,ליטר,false,,7.90,5.2667,true,1,183303
7290019056737,false,מיץ בטעם אשכוליות 2 ל' קריסטל,יפאורה תבורי,IL,קריסטל מיץ אשכוליות,ארגז,2.00,ליטר,false,,7.90,3.9500,true,1,156287
7290019056751,false,קריסטל מיץ אשכוליות דיאט 2 ליטר פיקדון,יפאורה תבורי,IL,קריסטל דיאט מיץ אשכו,ארגז,2.00,ליטר,false,,6.90,3.4500,true,1,156302
7290019056768,false,קריסטל מיץ מנגו 2 ליטר פיקדון,יפאורה תבורי,IL,קריסטל מיץ מנגו 2 לי,ארגז,2.00,ליטר,false,,7.90,3.9500,true,1,156303
7290019056775,false,קריסטל מוגז ענבים 2 ליטר פיקדון,יפאורה תבורי,IL,קריסטל ענבים מוגז 2,ארגז,2.00,ליטר,false,,7.90,3.9500,true,1,156304
7290019056782,false,משקה מוגז בטעם לימון ליים 2 ל' קריסטל,יפאורה תבורי,IL,קריסטל למון ליים 2 ל,ארגז,2.00,ליטר,false,,7.90,3.9500,true,1,156318
7290019056805,false,קריסטל מוגז תפוחים 2 ליטר פיקדון,יפאורה תבורי,IL,משקה מוגז קריסטל תפו,ארגז,2.00,ליטר,false,,7.90,3.9500,true,1,156336
7290019056812,false,קריסטל מוגז מנטה 2 ליטר פיקדון,יפאורה תבורי,IL,קריסטל מנטה 2 ליטר,ארגז,2.00,ליטר,false,,7.90,3.9500,true,1,156337
7290019056898,false,שוופס סודה לימון 1.5,"כד בני דרום בע""מ",IL,שוופס סודה לימון 1.5,ארגז,1.50,ליטר,false,,4.30,2.8667,true,1,484051
7290019056973,false,מי עדן 1.5 ליטר שישייה פיקדון,מופק ממקור בזלתי עדן,IL,מי עדן 6*1.5 ליטר,ארגז,9.00,ליטר,false,,12.90,1.4333,true,1,156382
7290019074953,false,תחליב רחצה אפקטיב קר,,,תחליב רחצה אפקטיב קר,מיליליטרים,450.00,"100 מ""ל",false,,14.90,0.0331,true,1,346244
7290019145080,false,מראקש ערק לימון 700,,,מראקש ערק לימון 700,מיליליטרים,700.00,"100 מ""ל",false,,39.90,0.0570,true,1,480605
7290019153252,false,שוופס סודה תפוח 1.5 ליטר רביעייה פיקדון,"יפאורה תבורי בע""מ",IL,שוופס סודה תפוח 4*1.,ארגז,6.00,ליטר,false,,12.10,2.0167,true,1,337026
7290019153269,false,שוופס סודה אננס 1.5 ליטר רביעייה פיקדון,"יפאורה תבורי בע""מ",IL,שוופס סודה אננס 4*1.,ארגז,6.00,ליטר,false,,12.10,2.0167,true,1,337027
7290019153313,false,"משקהתפוח חמוציות אוכמניות 350 מ""ל פרות & ווג",יפאורה תבורי בעמ,IL,פרוט & וג' תפוח חמוצ,מיליליטרים,330.00,"100 מ""ל",false,,7.90,0.0239,true,1,382714
7290019153344,false,מיץ בטעם סנגרייה 1.5 ל' תפוזינה,"יפאורה תבורי בע""מ",IL,תפוזינה סנגריה 1.5 ל,ארגז,1.50,ליטר,false,,8.50,5.6667,true,1,363230
7290019153351,false,מיץ בטעם פינק אוזו 1.5 ל' תפוזינה,"יפאורה תבורי בע""מ",IL,תפוזינה פינק אוזו 1.,ארגז,1.50,ליטר,false,,8.50,5.6667,true,1,363231
7290019153375,false,מיץ בטעם מוחיטו 1.5 ל' תפוזינה,"יפאורה תבורי בע""מ",IL,תפוזינה מוחיטו 1.5 ל,ארגז,1.50,ליטר,false,,8.50,5.6667,true,1,363245
7290019167020,false,עוגת גבינה עם פירות יער לייט 80 ג' קינוחי עדן,עדן קינוחים Eden,,עוגת גבינה עם פירות,גרמים,82.00,100 גרם,false,,7.20,0.0878,true,1,486367
7290019167037,false,תותים בקצפת 82 ג' קינוחי עדן,עדן קינוחים Eden,,תותים בקצפת 82 גרם,גרמים,82.00,100 גרם,false,,7.20,0.0878,true,1,486352
7290019167044,false,קצפת עם קרם בייגלה מתוק מלוח 82 ג' עדן,עדן קינוחים Eden,,קצפת עם קרם בייגלה מ,גרמים,82.00,100 גרם,false,,7.20,0.0878,true,1,486337
7290019204008,false,עוף טוב פסטרמה ארבעה פלפלים 350גרם,עיצובים 2020 (4.9),,פסטרמה ארבעה פלפלים,גרמים,350.00,100 גרם,false,,24.90,0.0711,true,1,429983
7290019204305,false,חזה הודו פסטרמה ברביקיו 350 גר',עיצובים 2020 (4.9),,פסטרמה ברביקיו עוף ט,גרמים,350.00,100 גרם,false,,24.90,0.0711,true,1,429952
7290019230007,false,חלה קמח כוסמין ספיישל בייקרי,ספיישל בייקרי,IL,חלה כוסמין ארוזה ביי,גרמים,500.00,100 גרם,false,,15.90,0.0318,true,1,160950
7290019230014,false,חלה קמח מלא ספיישל בייקרי,ספיישל בייקרי,IL,חלה קמח מלא ארוזה בי,גרמים,500.00,100 גרם,false,,15.90,0.0318,true,1,160951
7290019230021,false,חלה גדולה ספיישל ביקרי,ספיישל בייקרי,IL,חלה גדולה ארוזה בייק,גרמים,500.00,100 גרם,false,,13.90,0.0278,true,1,160965
7290019232094,false,"חליטת פירות וצמחים בטעם אפרסק, 20 שקיקים",ויסוצקי,IL,חליטת פירות וצמחים ב,גרמים,37.50,100 גרם,false,,17.50,0.4667,true,1,389293
7290019232155,false,"חליטת ""לילה טוב"" קמומיל לבנדר ו25 שקיקים ויסוצקי",ויסוצקי,IL,לילה טוב חליטת קמומי,גרמים,37.50,100 גרם,false,,22.90,0.6107,true,1,466626
7290019232162,false,"חליטת ""לילה טוב"" קמומיל מליסה 25 שקיקים ויסוצקי",ויסוצקי,IL,לילה טוב חליטת קמומי,גרמים,37.50,100 גרם,false,,22.90,0.6107,true,1,466627
7290019232179,false,תה ירוק נענע STAY WELL שקיקים 25 ויסוצקי,ויסוצקי,IL,תה ויסוצקי ירוק נענ,גרמים,37.50,100 גרם,false,,22.90,0.6107,true,1,466628
7290019232193,false,תה ירוק לימונית ג'ינג'ר STAY WELL שקיקים 25 ויסוצקי,ויסוצקי,IL,תה ירוק לימונית וג'י,גרמים,37.50,100 גרם,false,,22.90,0.6107,true,1,466630
7290019232377,false,חווית הצ'איתה שחור בטעם וניל והל 25 יח' ויסוצקי,קריות זול,IL,חווית הצ'אי- 25 שקי,גרמים,55.00,100 גרם,false,,19.90,0.3618,true,1,473992
7290019232384,false,חווית הצ'אי תה שחור בטעם מוקה 25*50 ג' ויסוצקי,קריות זול,IL,חווית הצ'אי- מוקה 25,גרמים,50.00,100 גרם,false,,19.90,0.3980,true,1,473993
7290019233008,false,רוטב עגבניות עם קוביות ארטישוק ושמן זית 420ג ויסוצקי,זיתא,IT,רוטב עגבניות עם קובי,גרמים,420.00,100 גרם,false,,13.90,0.0331,true,1,424256
7290019233015,false,רוטב שקשוקה תבשיל ירקות עם שמן זית כתית מעולה 420ג זיתא,זיתא,IT,שקשוקה ירוקה תבשיל י,גרמים,420.00,100 גרם,false,,13.90,0.0331,true,1,424286
7290019233022,false,שקשוקה חצילים רוטב עגבניות עם קוביות חצילים צלויים,זיתא,IT,רוטב עגבניות לשקשוקה,גרמים,420.00,100 גרם,false,,13.90,0.0331,true,1,424271
7290019233046,false,זיתא זית קלמטה בלונד 215 גר',זיתא,IL,זית קלמטה בלונד עם ש,גרמים,215.00,100 גרם,false,,11.90,0.0553,true,1,242527
7290019245001,false,שמן קנולה אלומות 1 ל,סקנולה,EE,שמן קנולה אלומות 1 ל,ארגז,1.00,ליטר,false,,10.90,10.9000,true,1,319995
7290019267737,true,חלה וויזניץ 500 גרם,,,חלה וויזניץ 500 גרם,יח',1.00,יח',false,,17.90,17.9000,true,1,469392
7290019297161,false,טורטיות ראפ מקמח תירס 540 ג' 12 יח',,TR,טורטיות ראפ מקמח תיר,גרמים,540.00,100 גרם,false,,9.90,0.0183,true,1,6209
7290019297451,false,מי ורדים שקדיה 500 מ,אף.סי תבליני בגליל ב,BE,מי ורדים שקדיה 500 מ,מיליליטרים,500.00,"100 מ""ל",false,,13.90,0.0278,true,1,6211
7290019297543,false,חמאת בוטנים שקדיה 51,דין שיווק,,חמאת בוטנים שקדיה 51,גרמים,510.00,100 גרם,false,,9.90,0.0194,true,1,121625
7290019297628,false,שקד טבעי 150 גרם ששון הקולה שקית,דין שיווק,IL,שקד טבעי 150 גרם ששו,גרמים,150.00,100 גרם,false,,13.90,0.0927,true,1,32707
7290019303657,false,פינוקיות שומשום מיקס אנרג'י 220 גרם,טבע ירוק,IL,פינוקיות שומשום מיקס,גרמים,220.00,100 גרם,false,,18.90,0.0859,true,1,441144
7290019303800,false,פינוקיות שומשום עם שקדים וחמוציות 250 ג',טבע ירוק,IL,פינוקיות שומשום שקדי,גרמים,220.00,100 גרם,false,,18.90,0.0859,true,1,441161
7290019308058,false,שעועית ירוקה חתוכה 8,,,שעועית ירוקה חתוכה 8,גרמים,800.00,100 גרם,false,,9.90,0.0124,true,1,416820
7290019308188,false,ציפס קלאסי בסט צ'יפס,גרין האוס,EG,"צ'יפס קלאסי 1.5 ק""ג",אלף,1.50,"ק""ג",false,,19.90,13.2667,true,1,470443
7290019319382,false,פירות קפואים 400 גרם,,,פירות קפואים 400 גרם,גרמים,400.00,100 גרם,false,,16.90,0.0422,true,1,332583
7290019393016,false,"קמח חיטה לבן ללא צורך בניפוי 1 ק""ג האופה",טבע ירוק,IL,קמח חיטה לבן מנופה,אלף,1.00,"ק""ג",false,,8.90,8.9000,true,1,452038
7290019393054,false,"קמח כוסמין 80% ללא צורך בניפוי 1 ק""ג האופה",טבע ירוק,IL,קמח כוסמין 80% מנופה,אלף,1.00,"ק""ג",false,,16.90,16.9000,true,1,452008
7290019393061,false,"קמח כוסמין 100% ללא צורך בניפוי 1 ק""ג האופה",,,קמח כוסמין מלא מנופה,אלף,1.00,"ק""ג",false,,16.90,16.9000,true,1,451965
7290022005562,false,קריספ פירורי לחם שום 300 גרם,,,פירורי לחם עם שום קר,גרמים,300.00,100 גרם,false,,7.90,0.0263,true,1,355578
7290100240144,false,"תרסיס למייבש כביסה ורוד 500 מ""ל בדין","זוהר דליה, קיבוץ דלי",IL,בדין תרסיס למייבש כב,מיליליטרים,500.00,"100 מ""ל",false,,14.90,0.0298,true,1,9102
7290100249659,false,רוטב לעוף צ'ילי ושום 320 ג' קנור,יוניליוור ישראל מזון,IL,רוטב לעוף צילי שום ב,גרמים,310.00,100 גרם,false,,10.50,0.0339,true,1,9122
7290100411278,false,בי -לאב מחית אגס ותפוח ללא סוכר 190ג,NOVOFRUCHT SK S.R.O,SK,תפוח ואגס 190גרם BEL,גרמים,190.00,100 גרם,false,,5.90,0.0311,true,1,18936
7290100412343,false,קוויק מגבונים לניקוי כללי בניחוח לימון 50 יח',,,מגבונים לניקוי וחיטו,אין,0.00,יחידה,false,,8.90,0.0000,true,1,18939
7290100412442,false,קוויק מגבונים לניקוי שירותים ואמבטיה מנטה 50יח',,,קוויק מגבונים לניקוי,אין,0.00,יחידה,false,,8.90,0.0000,true,1,18941
7290100412466,false,מגבונים קוויק לניקוי וחיטוי רצפות בניחוח לימון 10 יח',,,מגבונים לניקוי רצפות,יח',10.00,יח',false,,10.90,1.0900,true,1,18943
7290100412800,false,"תחליב רחצה לעור יבש וילד פלאור דר עור 700 מ""ל","ד""ר עור DOCTOR OR",,תחליב רחצה עור יבש פ,מיליליטרים,700.00,"100 מ""ל",false,,14.90,0.0213,true,1,1683
7290100412831,false,תחליב רחצה אנטי אייג'ינג בניחוח וניל טרופי,"ד""ר עור DOCTOR OR",,תחליב רחצה אנטי איגי,מיליליטרים,700.00,"100 מ""ל",false,,14.90,0.0213,true,1,18951
7290100570234,false,אביזרי מטבח,,,אביזרי מטבח,אין,0.00,יחידה,false,,12.90,0.0000,true,1,21904
7290100571811,false,אביזרי מטבח ב-10.00,,,אביזרי מטבח ב-10.00,אין,0.00,יחידה,false,,10.00,0.0000,true,1,21908
7290100572146,false,כ.סט מקפיאון,,,כ.סט מקפיאון,אין,0.00,יחידה,false,,24.90,0.0000,true,1,21911
7290100572368,false,אביזרי מטבח,,,אביזרי מטבח,אין,0.00,יחידה,false,,19.90,0.0000,true,1,21913
7290100572610,false,אביזרי מטבח ב-11.99,,,אביזרי מטבח ב-11.99,אין,0.00,יחידה,false,,12.00,0.0000,true,1,21915
7290100572702,false,אביזרי מטבח ב-11.00,,,אביזרי מטבח ב-11.00,אין,0.00,יחידה,false,,10.90,0.0000,true,1,21916
7290100573402,false,אביזרי מטבח,,,אביזרי מטבח,אין,0.00,יחידה,false,,14.90,0.0000,true,1,21919
7290100575055,false,אביזרי מטבח.,,,אבזרי מטבח,אין,0.00,יחידה,false,,29.90,0.0000,true,1,21922
7290100653463,false,"פלמוליב - ארומה ג'ל רחצה מסאז' 500 מ""ל",קולגייט פלמוליב,IT,סבון נוזלי ספא מסאג',מיליליטרים,500.00,"100 מ""ל",false,,15.90,0.0318,true,1,14561
7290100658338,false,נוזל כלים אוקסי פלוס עם נוסחת החמצן הפעיל,הנסיך- מפעל לייצור ט,GR,פלמוליב לכלים אוקסי-,מיליליטרים,750.00,"100 מ""ל",false,,11.90,0.0159,true,1,14564
7290100680650,false,מנה חמה נודלס-אטריות ירקות טעם תאילנדי אסם 76 ג',THAI PRESIDENT FOODS,TH,מנה חמה נודלס תאילנד,גרמים,76.00,100 גרם,false,,5.90,0.0776,true,1,13137
7290100680667,false,מנה חמה נודלס-אטריות+ירקות טעם סצ'ואן,THAI PRESIDENT FOODS,TH,מנה חמה נודלס ירקות,גרמים,76.00,100 גרם,false,,5.90,0.0776,true,1,13138
7290100680711,false,פירורית זהב אסם זהב 350ג',עינת תעשיות מזון,IL,אסם פירורית זהב 350,גרמים,350.00,100 גרם,false,,7.90,0.0226,true,1,13139
7290100680728,false,פירורית רגילה שקית 350 גרם,מיוצר עי קונדיטוריית,IL,פירורית רגילה שקית 3,גרמים,350.00,100 גרם,false,,7.90,0.0226,true,1,13140
7290100681015,false,פודינג אינסטנט ריבת חלב 84 ג' אסם,מיוצר עי קונדיטוריית,IL,אסם פודינג אינסטנט ר,גרמים,84.00,100 גרם,false,,5.90,0.0702,true,1,1040
7290100681138,false,מארז אפרופו חטיף תירס 3 יחידות,"אסם השקעות בע""מ",IL,אפרופו מאח 3*50 גר',גרמים,150.00,100 גרם,false,,12.90,0.0860,true,1,13143
7290100681503,false,עסיס סירופ לימונענע דיאטטי 1 ליטר,בית-השיטה עסיס תעשיו,IL,סירופ דיאט לימונענע,ארגז,1.00,ליטר,false,,16.90,16.9000,true,1,13144
7290100683880,false,אבקה להכנת פירה 260 ג' אסם,"אסם השקעות בע""מ",IL,פירה אסם 260 גרם,גרמים,260.00,100 גרם,false,,13.90,0.0535,true,1,13149
7290100685068,false,פודינג וניל עם פצפוצי שוקולד 110 ג' אסם,אסם תעשיות,IL,אסם פדנג.אינס.ונל.פצ,גרמים,110.00,100 גרם,false,,5.90,0.0536,true,1,1041
7290100685136,false,"מרק בטעם עוף 1 ק""ג אסם","אסם השקעות בע""מ",IL,מרק בטעם עוף אסם 1 ק,אלף,1.00,"ק""ג",false,,11.90,11.9000,true,1,13154
7290100685242,false,במבה מתוקה תות אדום סרט 30ג',"אסם השקעות בע""מ",IL,במבה מתוקה מחומרים ט,גרמים,30.00,100 גרם,false,,2.90,0.0967,true,1,13155
7290100685334,false,אבקת מרק עוף אמיתי ר.טבעיים 400ג' אסם,"אסם השקעות בע""מ",IL,מרק עוף מרכיבים טבעי,גרמים,400.00,100 גרם,false,,19.90,0.0497,true,1,13156
7290100685341,false,מרק בטעם עוף זך רכיבים טבעיים 400 ג' אסם,"אסם השקעות בע""מ",IL,מרק זך טעם עוף רכיבי,גרמים,400.00,100 גרם,false,,13.90,0.0348,true,1,13157
7290100685600,false,פירורית זהב אסם זהב חיטה מלאה 200ג',עינת תעשיות מזון,IL,פירורית זהב חיטה מלא,גרמים,200.00,100 גרם,false,,7.90,0.0395,true,1,13159
7290100686164,false,ביסלי ברביקיו מארז 6 יח' * 35 ג' אסם,מיוצר עי קונדיטוריית,IL,ביסלי ברביקיו מאח.8,גרמים,210.00,100 גרם,false,,12.90,0.0614,true,1,13161
7290100686171,false,ביסלי גריל מארז 6 יח' * 35 ג' אסם,אסם תעשיות,IL,ביסלי גריל מאח.8 6*3,גרמים,210.00,100 גרם,false,,12.90,0.0614,true,1,13162
7290100689301,false,אבקת מרק עוף זך עדיף אסם 400 גר',"אסם השקעות בע""מ",IL,מרק בטעם עוף זך אסם,גרמים,400.00,100 גרם,false,,13.90,0.0348,true,1,13164
7290100700006,false,"סוגת חיטה 1 ק""ג",,,"סוגת חיטה 1 ק""ג",אלף,1.00,"ק""ג",false,,8.90,8.9000,true,1,12347
7290100700020,false,סוגת גריסי פנינה 500גרם,האי נאם סי או אל.טי.,IL,סוגת גריסי פנינה 500,גרמים,500.00,100 גרם,false,,4.90,0.0098,true,1,12348
7290100700075,false,פירורי לחם מוזהבים 200 ג' סוגת,"סוגת תעשיות בע""מ",IL,פירורי לחם מוזהבים ש,גרמים,200.00,100 גרם,false,,3.90,0.0195,true,1,12349
7290100700242,false,"אורז מלא עגול סוגת 1 ק""ג","סוגת תעשיות בע""מ",IL,סוגת אורז מלא עגול 1,אלף,1.00,"ק""ג",false,,11.90,11.9000,true,1,12350
7290100700273,false,קינואה סוגת 500 גרם,האי נאם סי או אל.טי.,IL,קינואה סוגת 500 גרם,גרמים,500.00,100 גרם,false,,12.90,0.0258,true,1,12352
7290100700310,false,"כוסמת 1ק""ג סוגת",,,כוסמת 1 ק'ג,אלף,1.00,"ק""ג",false,,14.90,14.9000,true,1,12353
7290100700334,false,קינואה לבנה סוגת 1,"סוגת תעשיות בע""מ",IL,סוגת קינואה 1קג,אלף,1.00,"ק""ג",false,,19.90,19.9000,true,1,12354
7290100700372,false,"סוגת אורז בסמטי מלא 1 ק""ג",האי נאם סי או אל.טי.,IL,אורז בסמטי מלא 1 ק'ג,אלף,1.00,"ק""ג",false,,10.00,10.0000,true,1,12355
7290100700389,false,"אורז אדום סוגת 1 ק""ג",סוגת תעשיות,IL,אורז אדום 1 ק'ג,אלף,1.00,"ק""ג",false,,12.90,12.9000,true,1,12356
7290100700396,false,"סוגת אורז יסמין קלאסי 1 ק""ג",האי נאם סי או אל.טי.,IL,סוגת אורז יסמין קלאס,אלף,1.00,"ק""ג",false,,11.90,11.9000,true,1,12357
7290100700563,false,אורז מיקס קלאסי 1 ק',סוגת תעשיות,IL,אורז מיקס קלאסי 1 ק',אלף,1.00,"ק""ג",false,,12.90,12.9000,true,1,12361
7290100700587,false,סוגת בורגול 500 גרם,האי נאם סי או אל.טי.,IL,סוגת בורגול 500 גר,גרמים,500.00,100 גרם,false,,5.90,0.0118,true,1,12362
7290100701157,false,אורז להכנת סושי סוגת,Unknown,,אורז סושי 1 קג,אלף,1.00,"ק""ג",false,,11.90,11.9000,true,1,12363
7290100701300,false,סוגת קינואה אדומה 500גרם,Unknown,,סוגת קינואה אדומה 50,גרמים,500.00,100 גרם,false,,12.90,0.0258,true,1,140022
7290100701331,false,קמח רב תכליתי שטיבל קמח חיטה לבן בהיר,"שטיבל בע""מ - טחנות ק",IL,קמח רב תכליתי סוגת,אלף,1.00,"ק""ג",false,,6.90,6.9000,true,1,12365
7290100701409,false,קמח תירס סוגת 500 גר,,,קמח תירס סוגת 500 גר,גרמים,500.00,100 גרם,false,,6.90,0.0138,true,1,12368
7290100701454,false,גרישה - בורגול דק,"סוגת תעשיות בע""מ",IL,גרישה 500 גרם,גרמים,500.00,100 גרם,false,,5.90,0.0118,true,1,12369
7290100701577,false,קמח לחם קמח חיטה לבן שטיבל,שטיבל טחנות קמח,IL,קמח לחם מועשר בויטמי,אלף,1.00,"ק""ג",false,,6.90,6.9000,true,1,12370
7290100701874,false,"קמח כוסמין 1 ק""ג סוגת",טחנות קמח שטיבל באר,IL,"קמח כוסמין סוגת 1 ק""",אלף,1.00,"ק""ג",false,,12.90,12.9000,true,1,12371
7290100701881,false,קמח פיצה ופוקצ'ה- קמח חיטה לבן בהיר שטיבל,"שטיבל בע""מ - טחנת קמ",IL,קמח פיצה ופוקצה סוגת,אלף,1.00,"ק""ג",false,,6.90,6.9000,true,1,12372
7290100702260,false,קוסקוס דק סוגת 350 גר',סוגת,IL,קוסקוס דק סוגת 350 ג,גרמים,350.00,100 גרם,false,,4.80,0.0137,true,1,12373
7290100702277,false,קוסקוס עבה סוגת 350 גר',סוגת,IL,קוסקוס עבה סוגת 350,גרמים,350.00,100 גרם,false,,4.80,0.0137,true,1,12374
7290100702284,false,קוסקוס מלא סוגת 350 גרם,סוגת,IL,קוסקוס מלא סוגת 350,גרמים,350.00,100 גרם,false,,4.80,0.0137,true,1,12375
7290100702383,false,"קמח תופח סוגת 1 ק""ג",שטיבל טחנות קמח,IL,"קמח תופח סוגת 1 ק""ג",אלף,1.00,"ק""ג",false,,6.90,6.9000,true,1,12376
7290100702611,false,פתיתים אפויים אורז סוגת 500 ג',אסיף,,פתיתים אפויים אורז ס,גרמים,500.00,100 גרם,false,,4.90,0.0098,true,1,12379
7290100702628,false,פתיתים אפויים קוסקוס סוגת 500 ג',יושלם,,פתיתים אפויים קוסקוס,גרמים,500.00,100 גרם,false,,4.90,0.0098,true,1,12380
7290100702635,false,פתיתים אפויים כוכבים סוגת 500 ג',,,פתיתים אפויים כוכבים,גרמים,500.00,100 גרם,false,,4.90,0.0098,true,1,12381
7290100702741,false,"סוכר חום בהיר בצנצנת 1 ק""ג סוגת",סוגת,IL,סוכר חום בהיר בצנצנת,אלף,1.00,"ק""ג",false,,12.90,12.9000,true,1,12387
7290100702987,false,פתיתי שיבולת שועל דק סוגת 500ג',סוגת תעשיות,,פתיתי שיבולת שועל סו,גרמים,500.00,100 גרם,false,,5.90,0.0118,true,1,12393
7290100702994,false,סוגת סוכר דמררה קלאסי בשקית 500 גרם,"סוגת תעשיות בע""מ",IL,סוכר דמררה בשקית סוג,גרמים,500.00,100 גרם,false,,6.90,0.0138,true,1,12394
7290100703007,false,עדשים שחורות בלוגה סוגת 500 גר',האי נאם סי או אל.טי.,IL,סוגת עדשים שחורות בל,גרמים,500.00,100 גרם,false,,6.50,0.0130,true,1,12395
7290100703564,false,פתיתי שיבולת שועל עבה סוגת 500 ג',,,שיבולת שועל עבה סוגת,גרמים,500.00,100 גרם,false,,5.90,0.0118,true,1,12402
7290100703632,false,קמח חיטה מלא ללא צורך בניפוי,סוגת,,קמח מלא ללא ניפוי סו,אלף,1.00,"ק""ג",false,,7.90,7.9000,true,1,12404
7290100703649,false,"קמח מלא 80% חיטה ללא ניפוי סוגת 1ק""ג",סוגת,,קמח מלא חיטה 80% ללא,אלף,1.00,"ק""ג",false,,7.90,7.9000,true,1,12405
7290100703687,false,"קמח חלה ללא ניפוי 1 ק""ג סוגת",סוגת,,קמח חלה ללא ניפוי סו,אלף,1.00,"ק""ג",false,,7.90,7.9000,true,1,12407
7290100703861,false,"קמח תערובת קסם לחלה 1 ק""ג סוגת",סוגת,IL,קמח תערובת קסם לחלה,אלף,1.00,"ק""ג",false,,7.90,7.9000,true,1,12410
7290100703915,false,פופקורן להכנה במיקרוגל בטעם חמאה - מארז 6 שקיות,סוגת,,מארז פופקורן למיקרוג,גרמים,540.00,100 גרם,false,,9.90,0.0183,true,1,12413
7290100703922,false,פופקורן להכנה במיקרוגל בטעם טבעי - מארז 6 שקיות,סוגת,,מארז פופקורן למיקרוג,גרמים,540.00,100 גרם,false,,9.90,0.0183,true,1,12414
7290100704578,false,קמח סוגת כוסמין לבן,,,קמח כוסמין לבן סוגת,אלף,1.00,"ק""ג",false,,12.90,12.9000,true,1,64282
7290100704615,false,סוכר לבן דק דק בצנצנת 500 ג',סוגת,,סוכר לבן דק דק בצנצנ,גרמים,500.00,100 גרם,false,,7.90,0.0158,true,1,148077
7290100704622,false,סוכר דמררה דק דק בצנצנת 500 גרם,סוגת,,סוכר דמררה דק דק בצנ,גרמים,500.00,100 גרם,false,,7.90,0.0158,true,1,148078
7290100704684,false,"קמח שמרים כוסמין סוגת רב תכליתי 1 ק""ג סוגת",,,קמח שמרים כוסמין רב,אלף,1.00,"ק""ג",false,,19.90,19.9000,true,1,296056
7290100850909,false,דוריטוס בטעם נאצ'ו מקסיקני,שטראוס פריטו ליי בע,IL,דוריטוס נאצו מקסיקני,גרמים,70.00,100 גרם,false,,3.90,0.0557,true,1,15903
7290100850916,false,דוריטוס בטעם חמוץ חריף,"שטראוס פריטו ליי בע""",IL,דוריטוס חמוץ חריף 70,גרמים,70.00,100 גרם,false,,3.90,0.0557,true,1,15904
7290100850923,false,דוריטוס גריל 70 גרם,שטראוס פריטו ליי בע,IL,דוריטוס גריל 70 גרם,גרמים,70.00,100 גרם,false,,3.90,0.0557,true,1,15905
7290100858592,false,אבקת קקאו עלית שקית 150 ג',הנסיך- מפעל לייצור ט,IL,עלית קקאו 150ג,גרמים,150.00,100 גרם,false,,9.90,0.0660,true,1,15004
7290100858608,false,אבקת קקאו עלית שקית 500 ג',שטראוס גרופ,IL,עלית קקאו 500ג,גרמים,500.00,100 גרם,false,,23.90,0.0478,true,1,15005
7290100921609,false,סוד סבון לאסלה 4 כדוריות בניחוח אוקיינוס 50 ג',הנקל סוד,HU,סוד סבון 4 כדוריות ל,גרמים,50.00,100 גרם,false,,7.90,0.1580,true,1,22420
7290100921623,false,מנקה אסלה סוד 4 כדוריות נתלה אקונומיקה נתלה 50 ג',"הנקל סוד בע""מ",HU,סוד סבון 4 כדוריות ל,גרמים,50.00,100 גרם,false,,7.90,0.1580,true,1,22422
7290100922637,false,"סבון נוזלי מ.קוקוס הוואי שלישיה * 500 מ""ל",,,הוואי אל סבון נוזלי,ארגז,1.50,ליטר,false,,14.90,9.9333,true,1,7961
7290100924464,false,כדוריות סבון נתלה לאסלה עם אקונומיקה - 3 יח',הנקל סוד,HU,סוד סבון 4 כדוריות ל,גרמים,150.00,100 גרם,false,,16.90,0.1127,true,1,22425
7290100924631,false,מרכך כביסה מרוכז לבגדי תינוקות ובעלי עור רגיש,"הנקל סוד בע""מ",IL,מרכך כביסה סוד מרוכז,מיליליטרים,900.00,"100 מ""ל",false,,11.90,0.0132,true,1,22428
7290100926147,false,אבקת כביסה פרסיל קולור שקית 2.5 קג,"הנקל סוד בע""מ",IL,אבקת כביסה פרסיל קול,אלף,2.50,"ק""ג",false,,26.90,10.7600,true,1,22435
7290101110149,false,גלידה בלסימו וניל עם פליק 1.3 ל' פלדמן,הגלידות של פלדמן,IL,בליסימו בטעם וניל עם,ארגז,1.30,ליטר,false,,21.90,16.8462,true,1,67281
7290101110811,false,גלידל שלגון בטעם וניל מצופה סורבה פסיפלורה - 8 יח',הגלידות של פלדמן,IL,גלידל מאגדת בטעם פסי,גרמים,600.00,100 גרם,false,,31.90,0.0532,true,1,22868
7290101112228,false,גלידל פרי קרחון מופחת קלוריות בטעם אננס - 8 יח',הגלידות של פלדמן,IL,פופסיקל בטעם אננס 8,גרמים,640.00,100 גרם,false,,24.90,0.0389,true,1,22870
7290101112921,false,גלידל פרי קרחון מופחת קלוריות פירות טרופיים - 8 יח',הגלידות של פלדמן,IL,פופסיקל בטעם פירות ט,גרמים,640.00,100 גרם,false,,24.90,0.0389,true,1,67163
7290101113430,false,מאגדת גלידל שוקולד עם סירופ 312 ג',הגלידות של פלדמן,IL,מאגדת גלידל סירופ שו,גרמים,312.00,100 גרם,false,,25.90,0.0830,true,1,67393
7290101113447,false,עשירייה גלידל מיני קסטה בטעמי שוקו ווניל 270 ג' פלדמן,הגלידות של פלדמן,IL,גלידל מיני סנדוויץ',גרמים,270.00,100 גרם,false,,31.90,0.1181,true,1,180725
7290101113584,false,מאגדת טילונים שוקולד לבן עם ליבת שוקולד 400 ג',הגלידות של פלדמן,IL,מאגדת טילון YOLO בט,גרמים,400.00,100 גרם,false,,24.90,0.0622,true,1,67433
7290101113591,false,טילוני יולו גלידת שוקולד לבן עם שברי עוגיות,הגלידות של פלדמן,IL,מאגדת טילון YOLO בט,גרמים,400.00,100 גרם,false,,24.90,0.0622,true,1,67420
7290101113638,false,גלידת סנקור XL בטעם שוקו וניל עם ביסקוויטים 8 יח',גלידות פלדמן,,מאגדת סנקור ארוך 8 י,גרמים,560.00,100 גרם,false,,31.90,0.0570,true,1,67446
7290101113751,false,מאגדת שלגון קרמל ושוקולד בלונדי רביעיה * 50 ג' יולו,הגלידות של פלדמן,IL,מאגדת רביעייה שלגון,גרמים,200.00,100 גרם,false,,19.90,0.0995,true,1,264699
7290101113768,false,מאגדת שלגון עוגיות ושוקולד חלב רביעיה * 50 ג' יולו,הגלידות של פלדמן,IL,מאגדת רביעייה שלגון,גרמים,200.00,100 גרם,false,,19.90,0.0995,true,1,264700
7290101459880,false,נרות אותיות- יום הול,,,נרות אותיות- יום הול,אין,0.00,יחידה,false,,9.90,0.0000,true,1,20872
7290101486688,false,פרי חטיפי בריאות מארז 5 דגנים עם שוקולד,טבעית מוצרים מן הטבע,IL,פרי חטיפי בריאות מאר,גרמים,100.00,100 גרם,false,,16.90,0.1690,true,1,14566
7290101488286,false,"ליידי ספיד סטיק - דאודורנט ספריי לאישה 24/7 פרש פיוזן ורוד 150 מ""ל",ליידי ספיד סטיק Lady Speed Stick,RU,דאו' ספריי ורוד לייד,מיליליטרים,150.00,"100 מ""ל",false,,16.50,0.1100,true,1,14568
7290101501237,true,עגבניה מגי -בטעם של,,,עגבניה מגי -בטעם של,קילוגרמים,1.00,"ק""ג",true,,14.90,14.9000,true,1,365475
7290101551027,false,קפסולות קפה אספרסו חזק במיוחד 14 עלית 10 יח',הנסיך- מפעל לייצור ט,IL,קפסולות אספרסו 14 למ,גרמים,50.00,100 גרם,false,,16.90,0.3380,true,1,15006
7290101551263,false,סילאן טבעי ללא תוספת סוכר,"פוליבה בע""מ",IL,סילאן טבעי יד מרדכי,גרמים,700.00,100 גרם,false,,20.90,0.0299,true,1,15008
7290101551300,false,סילאן טבעי ללא תוספת סוכר בקבוק לחיץ,"פוליבה בע""מ",IL,סילאן טבעי לחיץ יד מ,גרמים,380.00,100 גרם,false,,14.60,0.0384,true,1,15009
7290101551539,false,יוגורט PRO בטעם אפרסק 0% 20 גרם חלבון בגביע,דנונה - שטראוס,IL,דנונה פרו 20 אפרסק 2,גרמים,200.00,100 גרם,false,,5.90,0.0295,true,1,15543
7290101551584,false,תפוצ'יפס קידס מארז 10 יח' * 20 ג',"שטראוס פריטו ליי בע""",IL,מארז תפוצ'יפס קידס 1,גרמים,200.00,100 גרם,false,,14.10,0.0705,true,1,15908
7290101551614,false,חטיף צ'יטוס קראנץ בטעם גבינה - מארז 8 יח',הנסיך- מפעל לייצור ט,IL,מארז צ'יטוס קראנצ' ג,גרמים,240.00,100 גרם,false,,15.20,0.0633,true,1,15910
7290101551638,false,חטיף צ'יטוס כאפה בטעם קטשופ - מארז 10 יח',"שטראוס פריטו ליי בע""",IL,מארז צ'יטוס כאפה 10*,גרמים,200.00,100 גרם,false,,14.10,0.0705,true,1,1407
7290101551645,false,צ'יטוס איקס עיגול עלית מארז 10 יח' *20ג',הנסיך- מפעל לייצור ט,IL,מארז צ'יטוס איקס עיג,גרמים,200.00,100 גרם,false,,14.10,0.0705,true,1,1408
7290101863410,false,"סיליט ניקוי עוצמתי מכיל אקונומיקה 750 מ""ל",סיליט באנג Cillit Bang,PL,סיליט באנג ספריי אקו,מיליליטרים,750.00,"100 מ""ל",false,,14.90,0.0199,true,1,14239
7290101864127,false,"ספריי להסרת כתמים 750 מ""ל וניש קליה",קליה וניש Kalia Vanish,IL,קליה אוקסי ספריי 750,מיליליטרים,750.00,"100 מ""ל",false,,16.90,0.0225,true,1,14241
7290101866633,false,ווניש קליה ג`ל להסרת כתמים 3 ל',קליה וניש Kalia Vanish,IL,וניש קליה ג'ל 3 ליטר,ארגז,3.00,ליטר,false,,29.90,9.9667,true,1,14247
7290101866787,false,מסיר כתמים ומלבין לכביסה לבנה 3 ל וניש קליה,קליה וניש Kalia Vanish,PL,וניש נוזל מסיר כתמים,ארגז,3.00,ליטר,false,,29.90,9.9667,true,1,14248
7290101868958,false,"פיניש נוזל הברקה למדיח בניחוח לימון 800 מ""ל",רקיט בנקיזר,PL,פיניש נוזל הברקה לימ,מיליליטרים,800.00,"100 מ""ל",false,,19.90,0.0249,true,1,14251
7290101869719,false,ג'ל מרוכז למדיח פיניש all in one max בניחוח לימון,פיניש רקיט בנקיזר,PL,פיניש ג'ל לימון 600,אין,0.00,יחידה,false,,32.90,0.0000,true,1,14256
7290101869726,false,ג'ל מרוכז למדיח פיניש all in one max,רקיט בנקיזר,PL,ג'ל 1 ליטר AIO פיניש,ארגז,1.00,ליטר,false,,42.90,42.9000,true,1,14257
7290101869733,false,ג'ל למדיח פיניש לימון,רקיט בנקיזר,PL,ג'ל 1 ליטר לימון AIO,ארגז,1.00,ליטר,false,,42.90,42.9000,true,1,14258
7290101869788,false,מילוי למכשיר ספריי אוטומטי אואזיס,איירוויק Air Wick,GB,איירוויק מילוי מבשם,מיליליטרים,250.00,"100 מ""ל",false,,15.90,0.0636,true,1,14263
7290101869795,false,מילוי למכשיר ספריי אוטומטי חלום ליל קיץ,איירוויק Air Wick,GB,איירוויק מילוי מבשם,מיליליטרים,250.00,"100 מ""ל",false,,15.90,0.0636,true,1,14264
7290101869917,false,מילוי למכשיר ספריי אוטומטי היער הקסום,איירוויק Air Wick,GB,איירוויק מילוי מבשם,מיליליטרים,250.00,"100 מ""ל",false,,15.90,0.0636,true,1,14270
7290101985365,false,בקבוק אלומיניום גדול,,,בקבוק אלומיניום גדול,אין,0.00,יחידה,false,,22.50,0.0000,true,1,20905
7290101999720,false,נרות מטה לבבות פו,,,נרות מטה לבבות פו,אין,0.00,יחידה,false,,7.50,0.0000,true,1,21017
7290102030330,false,תפוצ'יפס קראנצ' בטעם מקסיקני,"שטראוס פריטו ליי בע""",IL,תפוצ'יפס קראנץ מקסיק,גרמים,200.00,100 גרם,false,,10.90,0.0545,true,1,15912
7290102031276,false,מארז 8 יחידות אקטימל משקה יוגורט בטעם תות בננה,מיוצר עי קונדיטוריית,IL,אקטימל תות בננה 8*10,מיליליטרים,800.00,"100 מ""ל",false,,19.90,0.0249,true,1,15549
7290102032334,false,אבקה להכנת משקה קפה בטעם וניל,STRAUSS-ISRAEL,IL,קפה נמס עלית בטעם ונ,גרמים,200.00,100 גרם,false,,19.90,0.0995,true,1,15011
7290102060764,false,מארז זוג מברשות שיניים מרידול,יבואן ומשווק: ש. שסט,CH,זוג מברשות שיניים עד,אין,0.00,יחידה,false,,35.90,0.0000,true,1,2413
7290102060979,false,"אלמקס משחת שיניים משפחתי 100 מ""ל",יבואן ומשווק: ש. שסט,PL,משחת שיניים משפחתי א,מיליליטרים,100.00,"100 מ""ל",false,,18.90,0.1890,true,1,14571
7290102300822,false,גבינת צ'דר אנגלי כתום 35%,דאולי צ'יסמייקרס,GB,סיימן גבינת צדר אנגל,גרמים,200.00,100 גרם,false,,23.90,0.1195,true,1,12233
7290102300860,false,גבינת צ'דר אנגלי לבן 35%,דאוליי צ'יסמייקרס,GB,שביק גבינת צדר אנגלי,גרמים,200.00,100 גרם,false,,23.90,0.1195,true,1,12234
7290102302888,false,גבינה הולנדית עם כמו,מיוצר עי קונדיטוריית,NL,גבינה הולנדית עם כמו,גרמים,200.00,100 גרם,false,,29.90,0.1495,true,1,323209
7290102303977,false,טונה רוברט בשמן זית,Ramirez,PT,טונה בשמן זית רוברט,גרמים,120.00,100 גרם,false,,12.90,0.1075,true,1,419677
7290102304714,false,גבינת גלוריוס עיזים,הנרי ויליך,NL,גבינת גלוריוס עיזים,גרמים,180.00,100 גרם,false,,47.90,0.2661,true,1,323567
7290102390427,false,יוגורט ביו עם קציפת תות 3% שומן 150 ג' מולר,מולר Muller,IL,מולר פרופ תות 3% 150,גרמים,150.00,100 גרם,false,,5.10,0.0340,true,1,6950
7290102390465,false,יוגורט ביו עם קציפת אפרסק ופסיפלורה 3% שומן 150 ג' מולר,מולר Muller,IL,מולר פרופ אפרסק פסיפ,גרמים,150.00,100 גרם,false,,5.10,0.0340,true,1,6951
7290102390489,false,יוגורט ביו עם קציפת לימון 3% שומן 150 ג' מולר,מולר Muller,IL,מולר פרופ לימון 3% 1,גרמים,150.00,100 גרם,false,,5.10,0.0340,true,1,6952
7290102391844,false,יוגורט ביו עם קציפת פירות יער3% שומן 150 ג' מולר,מולר Muller,IL,מולר פרופ לבן+קציפת,גרמים,150.00,100 גרם,false,,5.10,0.0340,true,1,6953
7290102392049,false,גבינה תבור לאפייה 5% 500 ג' צוריאל,מחלבת משק צוריאל,IL,צוריאל תבור 5% 500ג,גרמים,500.00,100 גרם,false,,24.90,0.0498,true,1,6954
7290102392094,false,חלב עיזים 4.1% צוריאל 1 ל' קרטון,מילקו תעשיות בעמ,IL,צוריאל חלב עיזים 1ל,ארגז,1.00,ליטר,false,,16.30,16.3000,true,1,6955
7290102393039,false,מולר מיקס יוגורט קרמי בתוספת פצפוצי שוקולד 170 ג',קריות זול,IL,מולר מיקס בתוספת פצפ,מיליליטרים,170.00,"100 מ""ל",false,,6.20,0.0365,true,1,6960
7290102393169,false,סימפלי פרוט יוגורט תות 3% שומן 150 ג' מולר,מולר Muller,IL,מולר סימפלי פרוט תות,גרמים,150.00,100 גרם,false,,5.10,0.0340,true,1,6962
7290102393176,false,סימפלי פרוט יוגורט אפרסק 3% שומן 150 ג' מולר,מילקו תעשיות בעמ,IL,מולר סימפלי פרוט אפר,גרמים,150.00,100 גרם,false,,5.10,0.0340,true,1,6963
7290102393190,false,סימפלי פרוט פירות היער 3% שומן 150 ג' מולר,מילקו תעשיות בעמ,IL,מולר סימפלי פרוט פיר,גרמים,150.00,100 גרם,false,,5.10,0.0340,true,1,6964
7290102393268,false,**טרה גבינה לבנה אריזת חיסכון 5% 750ג,טרה,IL,טרה גבינה לבנה אריזת,גרמים,750.00,100 גרם,false,,14.90,0.0199,true,1,6965
7290102393299,false,יוגורט עיזים לשתייה 3% שומן 500 ג' צוריאל,מיוצר עי קוד יצרן HG,IL,צוריאל יוגורט עיזים,מיליליטרים,500.00,"100 מ""ל",false,,12.50,0.0250,true,1,6966
7290102393947,false,סימפלי פרוט יוגורט בטעם קיווי 3% שומן 150 ג' מולר,מילקו תעשיות בעמ,IL,מולר סימפלי פרוט קיו,מיליליטרים,150.00,"100 מ""ל",false,,5.10,0.0340,true,1,6968
7290102394081,false,מולר מיקס יוגורט קרמי עם קורנפלקס מצופה שוקולד,מילקו תעשייה בעמ,IL,מולר מיקס קורנפקלס מ,גרמים,170.00,100 גרם,false,,6.20,0.0365,true,1,6969
7290102394258,false,גבינת מה עז 9% שומן צוריאל 180 ג',מחלבת משק צוריאל,IL,צוריאל מה עז 9% 180ג,גרמים,180.00,100 גרם,false,,21.90,0.1217,true,1,6970
7290102394463,false,נעם גבינה צהובה וואקום 28% 500גרם,Unknown,IL,נעם גבינה צהובה וואק,גרמים,500.00,100 גרם,false,,25.90,0.0518,true,1,6971
7290102394821,false,נעם גבינה צהובה דק דק פ.ח 28% 200גר,מילקו תעשיות בעמ,IL,נעם גבינה צהובה דק ד,גרמים,200.00,100 גרם,false,,16.90,0.0845,true,1,6973
7290102394845,false,פרוסות גבינת נעם מופחתת שומן 9%,מילקו תעשיות בעמ,IL,נעם גבינה צהובה דק ד,גרמים,200.00,100 גרם,false,,17.80,0.0890,true,1,6974
7290102395101,false,גבינה עם ממרח שוקולד 200ג' טרה,טרה,IL,מוו ממרח גבינה ושוקו,גרמים,200.00,100 גרם,false,,11.90,0.0595,true,1,6975
7290102395217,false,מאגדת שמיניה מולר במתיקות מעודנת 1.2% 8*150 ג',מולר Muller,IL,מולר ביאנקו במתיקות,אלף,1.20,"ק""ג",false,,19.50,16.2500,true,1,6976
7290102395224,false,מארז 8 גביעים יוגורט ביו בטעם טבעי 1.7%,מולר Muller,IL,מולר נטורל 1.7% 8*15,אלף,1.20,"ק""ג",false,,16.50,13.7500,true,1,6977
7290102395231,false,מולר נטורל 2.8% ביאנקו מאגדת 8 יח' * 150 ג',מולר Muller,IL,מולר נטורל 2.8% 8*15,אלף,1.20,"ק""ג",false,,16.50,13.7500,true,1,6978
7290102395262,false,מארז 8 גביעים יוגורט בטעם תות שדה ואפרסק 3% Simply Fruit,מולר Muller,IL,מולר תות שדה ואפרסק,אלף,1.20,"ק""ג",false,,31.90,26.5833,true,1,6979
7290102395378,false,גבינה צהובה נועם 28% וואקום פרוס 360ג',טרה,IL,נעם גבינה צהובה ואקו,גרמים,360.00,100 גרם,false,,20.90,0.0581,true,1,6981
7290102395439,false,מארז 8 גביעים יוגורט בטעם פירות יער וקיווי 3% Simply Fruit,מילקו תעשיות בעמ,IL,מולר סימפלי פירות יע,אלף,1.20,"ק""ג",false,,31.90,26.5833,true,1,6982
7290102395446,false,מעדן חלב בטעם וניל עם קצפת 123 ג' טרה,טרה,IL,מוו וניל קצפת 123מל,מיליליטרים,123.00,"100 מ""ל",false,,3.10,0.0252,true,1,6983
7290102395477,false,מעדן חלב בטעם שוקולד עם קצפת 123 ג' טרה,Unknown,IL,מוו שוקולד קצפת 123מ,מיליליטרים,123.00,"100 מ""ל",false,,3.10,0.0252,true,1,6984
7290102396399,false,מארז 8 יחידות מעדן חלב בטעם שוקולד 1.5%,טרה,IL,מוו מעדן שוקולד 100*,גרמים,800.00,100 גרם,false,,12.90,0.0161,true,1,6991
7290102396405,false,מארז 8 יחידות מעדן חלב בטעם וניל 1.5%,טרה,IL,מוו מעדן וניל 100*8,גרמים,800.00,100 גרם,false,,12.90,0.0161,true,1,6992
7290102396443,false,מעדן וניל 1.5% שומן 125 ג' טרה,טרה,IL,מוו מעדן וניל 1.5% 1,גרמים,125.00,100 גרם,false,,2.90,0.0232,true,1,6996
7290102396665,false,פרוסות גבינת נעם מופחתת שומן 15%,מילקו תעשיות בעמ,IL,גבנ`צ דקדק פתח סגור,גרמים,200.00,100 גרם,false,,16.90,0.0845,true,1,7001
7290102396672,false,גבינה צהובה נעם 9% דק דק 360ג',טרה,,נעם צהובה דק דק 9% 3,גרמים,360.00,100 גרם,false,,27.90,0.0775,true,1,7002
7290102396719,false,יוגורט ביו עם תות שדה 0% Simply Fruit,מולר Muller,IL,מולר סימפלי פרוט תות,גרמים,170.00,100 גרם,false,,5.10,0.0300,true,1,7003
7290102396740,false,מארז 8 גביעים יוגורט בטעם תות שדה ואפרסק 0% Simply Fruit,מילקו תעשיות בעמ,IL,מולר סימפלי פרוט 0%,אלף,1.20,"ק""ג",false,,31.90,26.5833,true,1,7006
7290102397204,false,פרוסות גבינה 22% שומן 200 ג' נעם,מילקו תעשיות בעמ,IL,נעם צהובה דק דק 22%,גרמים,200.00,100 גרם,false,,16.90,0.0845,true,1,7018
7290102397464,false,יוגורט ביו בתוספת גרעינים אגוזים וחמוציות 170 ג' מולר,מולר Muller,IL,מולר יוגורט נטורל +,גרמים,150.00,100 גרם,false,,6.20,0.0413,true,1,7031
7290102397600,false,מיקס יוגורט בתוספת שקדים ובוטנים מקורמלים 170 ג' מולר,מילקו תעשייה בעמ,IL,מולר מיקס שקדים ובוט,גרמים,168.00,100 גרם,false,,6.20,0.0369,true,1,7037
7290102397617,false,יוגורט ביו קרמי עם כדורים מצופים שוקולד חום לבן,מולר Muller,IL,מולר מיקס קליק 168 ג,גרמים,168.00,100 גרם,false,,6.20,0.0369,true,1,7038
7290102397730,false,פרוסות גבינה אמנטל חצי קשה 30% שומן 200 ג' נעם,Unknown,IL,גבינת אמנטל נעם פתיח,גרמים,200.00,100 גרם,false,,17.50,0.0875,true,1,7043
7290102397747,false,פרוסות גבינת מוצרלה נעם מחלב בקר 22%,טרה,IL,מוצרלה נעם רכיבים ט,גרמים,200.00,100 גרם,false,,19.90,0.0995,true,1,7044
7290102397891,false,גבינת מותכת 18% צוריאל 100ג',משק צוריאל,IL,רביעייה גבינה מותכת,גרמים,100.00,100 גרם,false,,7.90,0.0790,true,1,7048
7290102398065,false,**חלב בקרטון 2 ליטר 3% מהדרין - טרה,Unknown,IL,טרה חלב קרטון 3% מהד,אין,0.00,יחידה,false,,12.46,0.0000,true,1,7056
7290102398331,false,חלב דל לקטוז 2% מועשר בויטמין D,Unknown,IL,חלב מועשר 1 ליטר דל,ארגז,1.00,ליטר,false,,7.70,7.7000,true,1,7069
7290102398478,false,לאבנה 9% שומן 500 ג' טרה,טרה,IL,לאבנה 9% טרה 500 גרם,גרמים,500.00,100 גרם,false,,19.90,0.0398,true,1,7072
7290102398560,false,שוקו מעושר בבקבוק 1ל' טרה,מילקו תעשיות בעמ,IL,שוקו טרה מועשר בבקבו,ארגז,1.00,ליטר,false,,11.90,11.9000,true,1,7079
7290102398577,false,משקה חלב בטעם שוקו 2% בבקבוק אישי,מילקו תעשיות בעמ,IL,שוקו טרה מועשר בבקבו,מיליליטרים,250.00,"100 מ""ל",false,,5.80,0.0232,true,1,7080
7290102398614,false,משקה חלב בטעם בננה 1 ליטר טרה,מילקו תעשיות בעמ,IL,משקה חלב בטעם בננה 1,ארגז,1.00,ליטר,false,,11.90,11.9000,true,1,7081
7290102398669,false,משקה חלב עם קפה אייס קפוצ'ינו 1.5%,מילקו תעשיות בעמ,IL,אייס קפוצ'ינו מווו ט,ארגז,1.00,ליטר,false,,11.90,11.9000,true,1,7084
7290102398782,false,משקה סויה קלאסי צוריאל 1 ל',משק צוריאל,IT,משקה סויה קלאסי משק,ארגז,1.00,ליטר,false,,9.90,9.9000,true,1,7088
7290102399048,false,פרוסות גבינת קשקבל נעם 200 ג' טרה,טרה,IL,קשקבל נעם פתיחה חוזר,גרמים,200.00,100 גרם,false,,23.00,0.1150,true,1,7099
7290102399635,false,"מולר פרופ יוגורט ביו עם קציפת קוקוס ואננס 150 מ""ל",מולר Muller,IL,מעדן מולר פרופ קוקוס,גרמים,150.00,100 גרם,false,,5.10,0.0340,true,1,469
7290102399772,false,ממרח חמאת מולר ושמן לפתית במליחות עדינה,Molkerei Weihensteph,DE,מולר ממרח חמאה במליח,גרמים,250.00,100 גרם,false,,15.90,0.0636,true,1,7148
7290102399789,false,ממרח חמאת מולר ושמן לפתית ללא תוספת מלח,Molkerei Weihensteph,DE,מולר ממרח חמאה ללא מ,גרמים,250.00,100 גרם,false,,15.90,0.0636,true,1,7149
7290102399796,false,מעדן יוגורט לבן מועשר בחלבון 200 ג' מולר אקטיב,מולר Muller,IL,יוגורט חלבון לבן 250,גרמים,200.00,100 גרם,false,,6.20,0.0310,true,1,7150
7290102399802,false,יוגורט עם תות מולר אקטיב מועשר בחלבון 200 גר',מולר Muller,IL,יוגורט חלבון תות 20,גרמים,200.00,100 גרם,false,,6.20,0.0310,true,1,7151
7290102399819,false,יוגורט עם פירות יער מולר אקטיב מועשר בחלבון 200 גר',מולר Muller,IL,יוגורט חלבון פ.יער 2,גרמים,200.00,100 גרם,false,,6.20,0.0310,true,1,7152
7290102399857,false,"יוגורט אקטיב עם תות 0% , 20 גרם חלבון בגביע",מולר Muller,IL,יוגורט מולר אקטיב לי,גרמים,150.00,100 גרם,false,,6.20,0.0413,true,1,7155
7290102840175,false,פודינג וניל 85 ג' מיה,מיה תעשיות מזון,IL,פודינג וניל 85 גר מי,גרמים,85.00,100 גרם,false,,3.80,0.0447,true,1,11516
7290102840205,false,גלי תות 85 גר מיה,מיה תעשיות מזון בעמ,IL,גלי תות 85 גר מיה,גרמים,90.00,100 גרם,false,,3.90,0.0433,true,1,11519
7290103124588,false,פלמוליב סבון נוזלי סגול משאבה 750 מל,הנסיך- מפעל לייצור ט,TR,תחליב רחצה ארומה סגו,מיליליטרים,750.00,"100 מ""ל",false,,19.90,0.0265,true,1,14573
7290103124601,false,"תחליב רחצה נוזל חלב ודבש משאבה 750מ""ל פלמוליב",הנסיך- מפעל לייצור ט,TR,תחליב רחצה חלב ודבש,מיליליטרים,750.00,"100 מ""ל",false,,19.90,0.0265,true,1,14574
7290103128739,false,בלונס צימרוני אוזניים לתינוק 50 יח',הנסיך- מפעל לייצור ט,GR,בלונס צימרוני אוזניי,אין,0.00,יחידה,false,,6.90,0.0000,true,1,14576
7290103400194,false,כרוב לבן קצוץ שטראוס,"טרופיקל דגיל בע""מ אז",IL,כרוב לבן 400 ג בדצ י,גרמים,400.00,100 גרם,false,,9.30,0.0233,true,1,15551
7290103400231,false,גזר גוליאן בדצ שטראו,תות תעשיות מזון (201,IL,גזר גוליאן בדצ 400גר,גרמים,400.00,100 גרם,false,,9.30,0.0233,true,1,15552
7290103400255,false,לקט לסלט קולסלאו בשקית,"טרופיקל דגיל בע""מ אז",IL,סלט קולסלאו 400 ג בד,גרמים,400.00,100 גרם,false,,9.30,0.0233,true,1,15553
7290103401429,false,עלית אוריגינס קצב ברזילאי 200ג,הנסיך- מפעל לייצור ט,IL,קפה אוריגינס קצב ברז,גרמים,200.00,100 גרם,false,,24.90,0.1245,true,1,15018
7290103404758,false,כרוב אדום במיונז אחל,מיוצר עי קונדיטוריית,IL,אחלה כרוב אדום 120ג,גרמים,120.00,100 גרם,false,,5.50,0.0458,true,1,15554
7290103408206,false,עלי חסה ערבית שטופים,שטראוס בריאות ירקות,IL,עלי חסה ערבית שטופים,גרמים,250.00,100 גרם,false,,10.50,0.0420,true,1,15556
7290103681173,false,"יין תבור הר קברנה סוביניון 750 מ""ל",מיוצר על ידי יקב תבו,IL,הר תבור קברנה סוביני,מיליליטרים,750.00,"100 מ""ל",false,,33.90,0.0452,true,1,7164
7290103681180,false,"יין תבור הר מרלו 750 מ""ל",מיוצר על ידי יקב תבו,IL,"הר תבור מרלו 750 מ""ל",מיליליטרים,750.00,"100 מ""ל",false,,33.90,0.0452,true,1,7165
7290103681241,false,יין תבור הר מוסקטו 7,תבור TABOR,IL,הר תבור מוסקטו 750 מ,מיליליטרים,750.00,"100 מ""ל",false,,33.90,0.0452,true,1,7169
7290103700225,false,רדיד אלומיניום טאצ א,שניב תעשיות,,טאצ רדיד אלומיניום ר,אין,0.00,יחידה,false,,16.90,0.0000,true,1,16013
7290103700393,false,טאצ' כריות יפניות עבות עם תעלות 4 יח',"שניב תעשיות נייר בע""",,טאצ' כריות יפניות עב,אין,0.00,יחידה,false,,8.90,0.0000,true,1,16016
7290103700997,false,נייר טואלט לובלי 40 גליל,,,לאבלי נייר טואלט 40,מטרים,716.00,מטר,false,,38.90,0.0543,true,1,16019
7290103701093,false,טאצ' מטליות מיקרופייבר לרצפה 2 יח',"שניב תעשיות נייר בע""",,טאצ מטליות מקרופייבר,אין,0.00,יחידה,false,,13.90,0.0000,true,1,16021
7290103701130,false,טאצ' מטליות מיקרופייבר לניקוי כללי 7 יח',,,טאצ מטליות מקרופייבר,אין,0.00,יחידה,false,,13.90,0.0000,true,1,16022
7290103701147,false,רדיד אלומיניום טאצ 6,שניב תעשיות,,טאצ רדידי אלומיניום,מטרים,60.90,מטר,false,,35.90,0.5895,true,1,16023
7290103701178,false,ספוג הפלא טאצ בלוק,שניב תעשיות,,טאצ ספוג הפלא בלוק,אין,0.00,יחידה,false,,7.90,0.0000,true,1,16025
7290103702229,false,מפות שולחן עבות במיו,"שניב תעשיות נייר בע""",,טאצ מפות עבות במיוחד,אין,0.00,יחידה,false,,8.90,0.0000,true,1,16027
7290103702304,false,טאצ' אשפתון עבה במיוחד 35 יח',"שניב תעשיות נייר בע""",,טאצ אשפתון בגליל 35,אין,0.00,יחידה,false,,15.90,0.0000,true,1,16030
7290103702328,false,שקיות אשפה עבות במיו,"שניב תעשיות נייר בע""",,טאצ אשפתון בגליל 25,אין,0.00,יחידה,false,,15.90,0.0000,true,1,16032
7290103703219,false,דלי מטליות לחות לניקוי כללי בניחוח לימון טאצ',,,טאצ' מטליות לחות לני,אין,0.00,יחידה,false,,20.90,0.0000,true,1,24304
7290103703233,false,מטליות טאצ' לחות תפוח לניקוי כללי דלי,,,טאצ' מטליות לחות לני,אין,0.00,יחידה,false,,20.90,0.0000,true,1,24305
7290103703240,false,מטליות לחות לריצפה טאצ',,,טאצ' מטליות לחות לרי,יח',10.00,יח',false,,9.90,0.9900,true,1,16042
7290103703370,false,טאצ מגבוני טואלט לחים מארז שלישיה,,,טאצ' מגבוני נייר טוא,יח',3.00,יח',false,,14.90,4.9667,true,1,16043
7290103703578,false,נייר טואלט לובלי תלת,,,לובלי נייר טואלט תלת,אין,0.00,יחידה,false,,42.90,0.0000,true,1,16046
7290103704155,false,נייר מגבת טאצ' 6 גלילים מהדורת 2021,"שניב תעשיות נייר בע""",IL,מגבות נייר 6 גלילים,מטרים,63.00,מטר,false,,9.90,0.1571,true,1,95491
7290103704162,false,נייר טואלט טאצ' פרימיום 32 גלילים,"שניב תעשיות נייר בע""",IL,נייר טואלט טאצ' 32 ג,יח',0.00,יח',false,,28.90,0.0000,true,1,65023
7290103704186,false,מגבות מטבח כפול טאצ`מהדורת 2021 6 יחידות,,,מגבות טאצ' גליל כפול,אין,0.00,יחידה,false,,19.90,0.0000,true,1,211453
7290103704575,false,נייר טואלט טאצ' פרימיום 48 גלילים,,,נייר טואלט טאצ' 48 י,אין,0.00,יחידה,false,,39.90,0.0000,true,1,65037
7290103704681,false,שקיות קוקי גדולות טא,,,שקיות קוקי 10 יח' טא,אין,0.00,יחידה,false,,4.90,0.0000,true,1,410995
7290103704698,false,שקיות קוקי ענקיות טא,,,שקיות קוקי 5 יח' טאצ,אין,0.00,יחידה,false,,4.90,0.0000,true,1,410996
7290103704766,false,נייר טואלט 24 גליל כפול מהדורת פרח סגול,,,נייר טואלט 24 גליל,אין,0.00,יחידה,false,,42.90,0.0000,true,1,358938
7290103746001,false,ממחטות טאצ' 5*100 צץ רץ (19*195),"שניב תעשיות נייר בע""",,ממחטות טאצ' חמישייה,אין,0.00,יחידה,false,,11.90,0.0000,true,1,16056
7290104061417,false,חומוס טחינה אחלה 400 ג',"שטראוס גרופ בע""מ",IL,אחלה חומוס טחינה 400,גרמים,400.00,100 גרם,false,,9.90,0.0248,true,1,15557
7290104061424,false,חומוס אחלה עם זעתר 400 ג',מיוצר עי קונדיטוריית,IL,אחלה חומוס זעתר 400,גרמים,400.00,100 גרם,false,,10.90,0.0273,true,1,15558
7290104061431,false,חומוס אחלה עם צנובר 400 ג',"שטראוס גרופ בע""מ",IL,אחלה חומוס צנובר 400,גרמים,400.00,100 גרם,false,,10.90,0.0273,true,1,15559
7290104061448,false,חומוס עם חריף 400 ג' אחלה,מיוצר עי קונדיטוריית,IL,אחלה חומוס חריף 400ג,גרמים,400.00,100 גרם,false,,10.90,0.0273,true,1,15560
7290104062599,false,מארז 8 יחידות מעדן גמדים בטעמי תות ובננה,STRAUSS-ISRAEL,IL,גמדים תות בננה 8*100,מיליליטרים,800.00,"100 מ""ל",false,,19.80,0.0248,true,1,15561
7290104065187,false,אבקה להכנת משקה קפה בטעם מוקה,STRAUSS-ISRAEL,IL,קפה נמס עלית בטעם מו,גרמים,200.00,100 גרם,false,,19.90,0.0995,true,1,15028
7290104065934,false,שטראוס עלי רוקט 150ג,שטראוס בריאות ירקות,IL,שטראוס עלי רוקט 150ג,גרמים,150.00,100 גרם,false,,10.50,0.0700,true,1,15562
7290104066566,false,טחינה משומשום מלא אח,מיוצר עי קונדיטוריית,IL,אחלה טחינה 500ג,גרמים,500.00,100 גרם,false,,14.50,0.0290,true,1,15564
7290104067693,false,אחלה חומוס עם חריף 150 גרם,מיוצר עי קונדיטוריית,IL,אחלה חומוס עם חריף 1,גרמים,150.00,100 גרם,false,,5.90,0.0393,true,1,15566
7290104068539,false,גומי מאסט בטעם מלון ואבטיח 28 ג' עלית,"שטראוס גרופ בע""מ",IL,מאסט מלון ואבטיח 28ג,גרמים,28.00,100 גרם,false,,4.50,0.1607,true,1,1105
7290104068546,false,גומי מאסט בטעם לימון קולה ללא סוכר 28 ג' עלית,"שטראוס גרופ בע""מ",IL,מאסט קולה 28 גרם,גרמים,28.00,100 גרם,false,,4.50,0.1607,true,1,1106
7290104500572,false,אפרופו חטיף איטליאנו 50 ג' אסם,מיוצר עי קונדיטוריית,IL,אפרופו איטלקי 36*50ג,גרמים,50.00,100 גרם,false,,5.00,0.1000,true,1,13165
7290104501661,false,אינסטנט פודינג בטעם וניל צרפתי,מיוצר עי קונדיטוריית,IL,אסם פודינג בטעם וניל,גרמים,80.00,100 גרם,false,,5.90,0.0738,true,1,1042
7290104504228,false,מארז אריזות מיני חטיף דובונים - 5 יח',"אסם השקעות בע""מ",IL,דובונים קדמ.מארז אחי,גרמים,100.00,100 גרם,false,,13.90,0.1390,true,1,13167
7290104508943,false,במבה אריזת חסכון 200 גרם,"אסם השקעות בע""מ",IL,במבה קלאסי 18*200 גר,גרמים,200.00,100 גרם,false,,8.90,0.0445,true,1,13172
7290104570131,false,תמר מג'הול הדקלאים,,,"תמר מג'הול 1 ק""ג",אלף,1.00,"ק""ג",false,,17.90,17.9000,true,1,26419
7290104570162,false,תמרים כבוש ביסאן 500 ג',תמר העמקים בית שאן,,תמר כבוש 500 גרם,גרמים,500.00,100 גרם,false,,12.90,0.0258,true,1,26420
7290104721533,false,רצועות פלפלים קלויים אחלה 400 ג',מיוצר עי קונדיטוריית,IL,אחלה פלפלים קלויים 4,גרמים,400.00,100 גרם,false,,15.90,0.0398,true,1,15569
7290104721762,false,קפה טורקי עלית מארז 85X3ג',,,טורקי עלית 3*85 גר'.,גרמים,255.00,100 גרם,false,,18.90,0.0741,true,1,15031
7290104721953,false,לקט סלט מסולסלים 7 סוגי עלים,שטראוס בריאות ירקות,IL,לקט מסולסלים ירקות 3,גרמים,350.00,100 גרם,false,,13.50,0.0386,true,1,15570
7290104722530,false,תפוצ'יפס בטעם שמנת ובצל,"שטראוס פריטו ליי בע""",IL,תפוציפס שמנת בצל 200,גרמים,200.00,100 גרם,false,,10.90,0.0545,true,1,15914
7290104726262,false,מארז 4 יחידות דני לשתייה בטעם שוקולד + קשים,מיוצר עי קונדיטוריית,IL,דני שוקולד לשתייה מא,מיליליטרים,500.00,"100 מ""ל",false,,11.40,0.0228,true,1,15572
7290104726712,false,מארז 8 יחידות מעדן מילקי בטעם שוקולד עם קצפת,"שטראוס גרופ בע""מ",IL,מילקי שמינייה מארז 8,אלף,1.06,"ק""ג",false,,20.90,19.7170,true,1,1016
7290104728310,false,"שמנת עמידה לקצפת 38% שומן 250 מ""ל יוטבתה",מחלבת יטבתה,IL,יטבתה שמנת עמידה לקצ,מיליליטרים,250.00,"100 מ""ל",false,,6.47,0.0259,true,1,15574
7290104729010,false,"לבן בטעם תות 3% יוטבתה 100 מ""ל",STRAUSS-ISRAEL,IL,יטבתה לבן בטעם תות 3,מיליליטרים,100.00,"100 מ""ל",false,,1.50,0.0150,true,1,15575
7290104960239,false,"תחליב רחצה נקה 7 ארומה לבן 750 מ""ל",טרופיקל דגיל תעשיות,IL,תחליב רחצה קמומיל נק,מיליליטרים,750.00,"100 מ""ל",false,,11.90,0.0159,true,1,19463
7290104960338,false,"נקה 7 תחליב רחצה ארומה אלוורה ותה ירוק 750מ""ל",אמיליה קוסמטיקס,IL,תחליב רחצה אלוורה ות,מיליליטרים,750.00,"100 מ""ל",false,,11.90,0.0159,true,1,19466
7290104961250,false,"נקה 7 תחליב רחצה מגע קטיפה וניל מאסק 750 מ""ל",טרופיקל דגיל תעשיות,IL,תחליב רחצה וניל מאסק,מיליליטרים,750.00,"100 מ""ל",false,,11.90,0.0159,true,1,19471
7290104961526,false,דאודורנט ספריי גוף טיטניום קלאסיק Titanium Classic,אמיליה קוסמטיקס,IL,ספריי גוף קלאסיק טיט,מיליליטרים,150.00,"100 מ""ל",false,,11.90,0.0793,true,1,19475
7290104961540,false,דאודורנט ספריי גוף טיטניום מטאל Titanium Metal,אמיליה קוסמטיקס,IL,טיטניום דאודורנט ספר,מיליליטרים,150.00,"100 מ""ל",false,,11.90,0.0793,true,1,19476
7290104961878,false,"שמפו לשיער קרטין אינטנס פורמולה 400 מ""ל נטורל",נטורל פורמולה Natural Formula,IL,קרטין אינטנס שמפו נט,מיליליטרים,400.00,"100 מ""ל",false,,30.90,0.0772,true,1,19477
7290104961885,false,מרכך קרטין טהור לשיער שעבר החלקה או עיצוב בחום,נטורל פורמולה Natural Formula,IL,מרכך קרטין אינטנס נט,מיליליטרים,400.00,"100 מ""ל",false,,30.90,0.0772,true,1,19478
7290104962073,false,דאודורנט ספריי גוף טיטניום גולד Titanium Gold,אמיליה קוסמטיקס בעמ,IL,דאו' ספריי גולד טיטנ,מיליליטרים,180.00,"100 מ""ל",false,,15.90,0.0883,true,1,19482
7290104962080,false,"טיטניום - דאודורנט ספריי לגבר גולד 150 מ""ל",משווק: קוסמופארם בעמ,IL,ספריי גוף גולד טיטני,מיליליטרים,150.00,"100 מ""ל",false,,11.90,0.0793,true,1,19483
7290104962868,false,"מסכת אמפולה לטיפול אינטנסיבי לשיער יבש, צבוע ופגום",נטורל פורמולה Natural Formula,IL,נטורל פורמולה מסיכת,מיליליטרים,350.00,"100 מ""ל",false,,39.90,0.1140,true,1,57829
7290104963216,false,סופטקר - אל סבון עדין לתינוק לעור רגיש 1 ליטר,קוסמופארם בע''מ,IL,סופטקר אלסבון עדין ל,אין,0.00,יחידה,false,,17.90,0.0000,true,1,19499
7290104963223,false,סופטקר - אל סבון עדין לתינוק לעור רגיש 1 ליטר,סופטקר Softcare,,סופטקר אלסבון קלאסי,אין,0.00,יחידה,false,,17.90,0.0000,true,1,19500
7290104964152,false,"טיטניום - אוורסט בושם לגבר א.ד.ט 100 מ""ל",,,טיטניום לגבר א.ד.ט 1,אין,0.00,יחידה,false,,79.90,0.0000,true,1,485212
7290104964350,false,אל סבון עשיר בלחות בניחוח פרחי מים - מארז 3 יח',נקה 7,,סבון נוזלי פרחי מים,ארגז,1.50,ליטר,false,,19.90,13.2667,true,1,19513
7290104965654,false,"דאדורנט סטיק נושם בנות קרליין 50 מ""ל",,,דאודורנט סטיק נושם ל,מיליליטרים,50.00,"100 מ""ל",false,,14.90,0.2980,true,1,142700
7290104965661,false,"דאדורנט ספריי נושם בנות קרליין 150 מ""ל",אמיליה קוסמטיקס בעמ,IL,דאודורנט נושם ספריי,מיליליטרים,150.00,"100 מ""ל",false,,12.90,0.0860,true,1,91035
7290105360250,false,קפסולות 09 עשיר וארומטי למכונת נספרסו עלית 10יח',הנסיך- מפעל לייצור ט,IL,עלית קפסולות מקיאטו,גרמים,50.00,100 גרם,false,,16.90,0.3380,true,1,15040
7290105360328,false,קפסולות אספרסו חזק למכונות נספרסו 10 יח',הנסיך- מפעל לייצור ט,IL,עלית קפסולות אספרסו,גרמים,50.00,100 גרם,false,,16.90,0.3380,true,1,15041
7290105360335,false,קפסולות קפה אספרסו עדין וקטיפתי,הנסיך- מפעל לייצור ט,IL,עלית קפסולות אספרסו,גרמים,50.00,100 גרם,false,,16.90,0.3380,true,1,15042
7290105360755,false,שמן זית כתית מעולה חזק 3,מכוורת יד מרדכי שטרא,IL,שמן זית 3 חזק כתית י,מיליליטרים,750.00,"100 מ""ל",false,,33.90,0.0452,true,1,15043
7290105360762,false,שמן כתית מעולה עדין 1,מכוורת יד מרדכי שטרא,IL,שמן זית 1 עדין כתית,מיליליטרים,750.00,"100 מ""ל",false,,33.90,0.0452,true,1,15044
7290105360878,false,תפוצ'יפס מארז 4 יח' *50ג',"שטראוס פריטו ליי בע""",IL,תפוציפס מארז 4*50ג,גרמים,200.00,100 גרם,false,,11.90,0.0595,true,1,15917
7290105362339,false,"שמנת לבישול 15% 250 מ""ל יטבתה מהדרין",מחלבת יטבתה,IL,יטבתה שמנת לבישול 15,מיליליטרים,250.00,"100 מ""ל",false,,8.40,0.0336,true,1,15576
7290105363602,false,כיף כף - מקלות קלאסי 40 גרם,"איי, בי, אינבוו",TR,כיף כף מקלות קלאסי 4,גרמים,40.00,100 גרם,false,,5.20,0.1300,true,1,15045
7290105364289,false,כיף כף - מקלות פצפוצים 40 גרם,"איי, בי, אינבוו",TR,כיף כף מקלות פצפוצים,גרמים,40.00,100 גרם,false,,5.20,0.1300,true,1,15046
7290105364302,false,"עלית חטיף שוקולד כיף כף מקלות אגוזים, 40 גרם","איי, בי, אינבוו",TR,כיף כף מקלות אגוזים,גרמים,42.00,100 גרם,false,,5.20,0.1238,true,1,15047
7290105366023,false,חציל אחלה בטעם כבד 400 גר' אחלה,מיוצר עי קונדיטוריית,IL,אחלה חציל בטעם כבד 4,גרמים,400.00,100 גרם,false,,15.90,0.0398,true,1,15577
7290105366047,false,טחינה אחלה לבנה 400 גר',מיוצר עי קונדיטוריית,IL,אחלה טחינה לבנה 400ג,גרמים,400.00,100 גרם,false,,15.90,0.0398,true,1,15578
7290105366993,false,סימפוניה גבינה במרקם שמנת פלפל שיפקה חריף 5%,"שטראוס בריאות בע""מ",IL,סימפוניה פלפל שיפקה,גרמים,200.00,100 גרם,false,,11.50,0.0575,true,1,15580
7290105368331,false,מעדן מילקי בטעם תות עם קצפת,מחלבת אחיהוד,IL,"מילקי תות 170 מ""ל",מיליליטרים,170.00,"100 מ""ל",false,,3.00,0.0176,true,1,15583
7290105368904,false,"שמנת מתוקה להקצפה 32% שומן 250 מ""ל יוטבתה",מחלבת יטבתה,IL,יטבתה שמנת עמידה לקצ,מיליליטרים,250.00,"100 מ""ל",false,,7.90,0.0316,true,1,15585
7290105368928,false,"שמנת 9% שומן 200 מ""ל יוטבתה",מחלבת יטבתה,IL,יטבתה שמנת 9% 200מל,מיליליטרים,200.00,"100 מ""ל",false,,3.10,0.0155,true,1,15586
7290105369130,false,סימפוניה גבינה במרקם שמנת בצל ירוק 5%,"שטראוס בריאות בע""מ",IL,סימפוניה שטראוס בצל,גרמים,200.00,100 גרם,false,,11.50,0.0575,true,1,15588
7290105430458,false,תחליב רחצה מועשר בשקדים וקרם לחות Naturals משאבה,הנסיך- מפעל לייצור ט,TR,תחליב רחצה שקדים משא,מיליליטרים,750.00,"100 מ""ל",false,,19.90,0.0265,true,1,14581
7290105431516,false,פרי חטיפי בריאות מארז 5 תמרים בוטנים,טבעית מוצרים מן הטבע,IL,פרי חטיפי תמרים ובוט,גרמים,125.00,100 גרם,false,,14.90,0.1192,true,1,14583
7290105434050,false,ספיד סטיק - דאודורנט סטיק לגבר XL ירוק רגיולר 85 גרם,ספיד סטיק Speed Stick,,דאו' ירוק רגיולר ספי,גרמים,85.00,100 גרם,false,,13.90,0.1635,true,1,14588
7290105434067,false,ספיד סטיק - דאודורנט סטיק לגבר XL אושן סרף 85 גרם,קולגייט פלמוליב,BY,ספיד סטיק כחול אושיי,גרמים,85.00,100 גרם,false,,19.90,0.2341,true,1,14589
7290105436382,false,פריי חטיף תמרים וקשיו מארז 125ג',טבעית מוצרים מן הטבע,IL,פרי חטיפי בריאות תמר,גרמים,100.00,100 גרם,false,,16.90,0.1690,true,1,14590
7290105439505,false,קרם בטעם מיונז לייט מנה 479 ג' מאסטר שף,רמיה סי.וי. הולנד,NL,מאסטר שף קרם בטעם מ,גרמים,479.00,100 גרם,false,,9.90,0.0207,true,1,554
7290105500151,false,וודקה פינלנדיה בקבוק,"אלטיה קורפ, הלסינקי,",FI,וודקה פינלנדיה 700 מ,מיליליטרים,700.00,"100 מ""ל",false,,60.90,0.0870,true,1,10538
7290105500953,false,"וויסקי ג'ק דניאלס דבש 700 מ""ל",ג'ק דניאל'ס,BE,ג'ק נדיאלס וויסקי דב,מיליליטרים,700.00,"100 מ""ל",false,,99.90,0.1427,true,1,10541
7290105691248,false,פריכונים חטיפי טורטיה תירס 60 ג' אוסם,"מיוצר ע""י PT, משווק",IL,חטיפי פריכונים טורטי,גרמים,60.00,100 גרם,false,,7.50,0.1250,true,1,13179
7290105693341,false,במבה מארז 10 יח' * 25 ג' אסם,"אסם השקעות בע""מ",IL,במבה מאח.15 10*25גרם,גרמים,250.00,100 גרם,false,,14.90,0.0596,true,1,13191
7290105693457,false,עוגת הבית דמקה שוקו וניל 320 ג' אסם,מיוצר עי קונדיטוריית,IL,עוגת הבית דמקה שוקו,גרמים,320.00,100 גרם,false,,11.90,0.0372,true,1,13192
7290105693952,false,פירורית זהב אסם זהב שומשום 200 ג',מיוצר עי קונדיטוריית,IL,פירורית זהב שומשום 2,גרמים,200.00,100 גרם,false,,6.50,0.0325,true,1,1096
7290105694928,false,אבקת מרק בצל רכיבים טבעיים 220 ג' אסם,"אסם השקעות בע""מ",IL,אבקת מרק בצל רכיבים,גרמים,220.00,100 גרם,false,,13.90,0.0632,true,1,13195
7290105695024,false,אסם פתיתים אפויים אורז עם אטריות 500 גר,"אסם השקעות בע""מ",IL,פתיתים אפויים אורז ע,גרמים,500.00,100 גרם,false,,6.90,0.0138,true,1,13196
7290105695321,false,עוגת שוקולד בראוניז פאדג' 380 ג',מיוצר עי קונדיטוריית,IL,הבית עוגות בראוניס פ,גרמים,380.00,100 גרם,false,,15.90,0.0418,true,1,13197
7290105963864,false,חזרת אחלה 220 גרם,"שטראוס גרופ בע""מ",IL,חזרת אחלה 220 גרם,גרמים,220.00,100 גרם,false,,11.90,0.0541,true,1,15593
7290105964564,false,אחלה חומוס אחלה 400ג,מיוצר עי קונדיטוריית,IL,אחלה חומוס אחלה 400ג,גרמים,400.00,100 גרם,false,,8.20,0.0205,true,1,15594
7290105965738,false,יוגורט לשתיה בטעם תות בננה267 ג' דנונה,מיוצר עי קונדיטוריית,IL,דנונה משקה תות בננה,גרמים,267.00,100 גרם,false,,4.90,0.0184,true,1,15595
7290105966469,false,"חומץ בלסמי יד מרדכי 250מ""ל",אצטייה ג'וזפה קרמוני,IT,חומץ בלסמי יד מרדכי,גרמים,250.00,100 גרם,false,,13.90,0.0556,true,1,15055
7290105968098,false,סלט קולסלאו אחלה 500 ג',אחלה - שטראוס,IL,אחלה קולסלאו 500ג,גרמים,500.00,100 גרם,false,,15.90,0.0318,true,1,15596
7290105968654,false,רביולי בטטה פרווה פסטה נונה 400 ג',מיוצר עי קונדיטוריית,IL,שטראוס רביולי בטטה 4,גרמים,400.00,100 גרם,false,,16.90,0.0422,true,1,15597
7290105968777,false,פריכיות עם תחתית שוקולד מריר 70 ג' אנרגי,"טחנת האבן תעשיות בע""",IL,פריכיות תחתית שוקלד,גרמים,70.00,100 גרם,false,,8.30,0.1186,true,1,15056
7290106520066,false,רבע לשבע במילוי קרם אגוזים ובציפוי שוקולד חלב,הגביע מוצרי וופלים ב,IL,רבע לשבע 160 גרם,גרמים,160.00,100 גרם,false,,10.90,0.0681,true,1,15057
7290106520288,false,יוגורט פרו חלבון עם תות 2.4% שומן 150 ג' דנונה,"שטראוס בריאות בע""מ",IL,דנונה פרו תות 150 גר,גרמים,150.00,100 גרם,false,,4.90,0.0327,true,1,15598
7290106520912,false,"שמנת לבישול 9% 250 מ""ל יטבתה",מחלבת יטבתה,IL,יטבתה שמנת לבישול 9%,מיליליטרים,250.00,"100 מ""ל",false,,8.40,0.0336,true,1,15600
7290106521049,false,קוביות סלק אחלה 400 גר',מיוצר עי קונדיטוריית,IL,אחלה קוביות סלק 400,גרמים,400.00,100 גרם,false,,15.90,0.0398,true,1,15601
7290106521926,false,שקית קפה טורקי 150 ג' עלית,עלית,,קפה טורקי עלית 150 ג,גרמים,150.00,100 גרם,false,,12.90,0.0860,true,1,15061
7290106524439,false,תפוצ'יפס טבעי פופס 60גר',"שטראוס פריטו ליי בע""",IL,תפוציפס פופס 60 גרם,גרמים,60.00,100 גרם,false,,3.90,0.0650,true,1,15919
7290106525405,false,קפסולות למכונת נספרסו נטול קפאין,שטראוס קפה בי.וי,IL,עלית קפסולות נטול למ,גרמים,50.00,100 גרם,false,,16.90,0.3380,true,1,15066
7290106526822,false,פריכיות אורז עם תחתית שוקולד חלב 80 ג' אנרגי,"טחנת האבן תעשיות בע""",IL,פריכיות עם תחתית שוק,גרמים,80.00,100 גרם,false,,8.30,0.1038,true,1,15067
7290106528628,false,דוריטוס טבעי עלית 185 ג',"שטראוס פריטו ליי בע""",IL,דוריטוס טבעי 185 גר`,גרמים,185.00,100 גרם,false,,8.20,0.0443,true,1,15921
7290106528949,false,סלט ערוגות טעם הטבע,שטראוס בריאות ירקות,IL,לקט ערוגות,גרמים,450.00,100 גרם,false,,12.10,0.0269,true,1,15603
7290106571921,false,עוגיות פיטנס עוגיות חמוציות 180 גר',מיוצר עי קונדיטוריית,IL,פיטנס עוגיות חמוציות,גרמים,180.00,100 גרם,false,,11.90,0.0661,true,1,1342
7290106572027,false,אוסם - לחמית חמישה דגנים 190 גרם,"אסם השקעות בע""מ",IL,לחמית חמישה דגנים אס,גרמים,190.00,100 גרם,false,,7.90,0.0416,true,1,13206
7290106572065,false,אוסם - חטיפי טורטיה תירס חמוץ מתוק 60ג,"מיוצר ע""י PT, משווק",IL,טורטיה בטעם תירס חמו,גרמים,60.00,100 גרם,false,,7.50,0.1250,true,1,13207
7290106572959,false,מארז אפרופו חטיף תירס 5 יחידות,אסם תעשיות,IL,אפרופו קלאסי מאח.8 5,גרמים,75.00,100 גרם,false,,12.90,0.1720,true,1,13210
7290106573277,false,אוסם - קריספי טאפאס זיתים 150 גרם,מיוצר עי קונדיטוריית,IL,אסם קריספי טאפאס זית,גרמים,150.00,100 גרם,false,,11.50,0.0767,true,1,13214
7290106573598,false,צבר חומוס לבנוני 400גרם,סלטי צבר,IL,צבר חומוס לבנוני 400,גרמים,400.00,100 גרם,false,,11.90,0.0298,true,1,13737
7290106573642,false,צבר חומוס צנובר 400גרם,סלטי צבר,IL,צבר חומוס צנובר 400,גרמים,400.00,100 גרם,false,,11.90,0.0298,true,1,13739
7290106574953,false,בייגלה שטוחים כעכים שטוחים עם שומשום,מיוצר עי קונדיטוריית,IL,אסם בייגלה שטוחים שו,גרמים,300.00,100 גרם,false,,10.90,0.0363,true,1,13220
7290106574977,false,בייגלה שטוחים כעכים שטוחים עם מלח,מיוצר עי קונדיטוריית,IL,אסם בייגלה שטוחים עם,גרמים,300.00,100 גרם,false,,10.90,0.0363,true,1,13221
7290106575011,false,פתיתים אפויים פלוס חיטה מלאה 400 ג' אסם,אסם תעשיות,IL,פתיתים אפויים חיטה מ,גרמים,400.00,100 גרם,false,,6.90,0.0173,true,1,13222
7290106575257,false,עוגת הבית סופלה בטעם שוקולד 340 ג' אסם,מיוצר עי קונדיטוריית,IL,עוגת הבית סופלה בטעם,גרמים,340.00,100 גרם,false,,11.90,0.0350,true,1,13223
7290106575431,false,עוגת הבית סופלה בטעם שוקוניל 340 ג' אסם,מיוצר עי קונדיטוריית,IL,עוגת הבית סופלה בטעם,גרמים,340.00,100 גרם,false,,11.90,0.0350,true,1,13225
7290106576513,false,סלט חומוס צבר 400 גר,סלטי צבר,IL,צבר חומוס 400 גרם,גרמים,400.00,100 גרם,false,,9.90,0.0248,true,1,13742
7290106576537,false,צבר חומוס מסעדה 700 גר,סלטי צבר,IL,צבר חומוס מסעדה 700,גרמים,700.00,100 גרם,false,,10.90,0.0156,true,1,13743
7290106576797,false,"לה קרמריה גלידת וניל איטלקי כשל""פ 1.4ל'",תות תעשיות מזון (201,IL,לה קרמריה וניל איטלק,ארגז,1.40,ליטר,false,,22.90,16.3571,true,1,11860
7290106576810,false,גלידה לה קרמריה ריבת חלב 1.4 ל' נסטלה,המאפיה של הרמן,IL,לה קרמריה ריבת חלב 1,ארגז,1.40,ליטר,false,,22.90,16.3571,true,1,11861
7290106576858,false,גלידה לה קרמריה תותים בשמנת 1.4 ל' נסטלה,המאפיה של הרמן,IL,גלידה קרמריה תותים ב,ארגז,1.40,ליטר,false,,22.90,16.3571,true,1,11863
7290106576919,false,גלידה קרמריה סורבה תות לימון 1.4 ליטר,המאפיה של הרמן,IL,גלידה קרמריה סורבה ת,ארגז,1.40,ליטר,false,,22.90,16.3571,true,1,11864
7290106576957,false,"לה קרמריה גלידת שוקו וניל פליק פרווה כשל""פ 1.4",תות תעשיות מזון (201,IL,גלידה קרמריה פרווה ש,ארגז,1.40,ליטר,false,,22.90,16.3571,true,1,11865
7290106576971,false,גלידה לה קרמריה שוקולד בלגי 1.4 ל' נסטלה,תות תעשיות מזון (201,IL,לה קרמריה שוקולד בלג,ארגז,1.40,ליטר,false,,22.90,16.3571,true,1,11866
7290106576995,false,גלידה סורבה לה קרמריה תות מנגו לייט 1.4 ל' נסטלה,המאפיה של הרמן,IL,לה קרמריה לייט סורבה,ארגז,1.40,ליטר,false,,22.90,16.3571,true,1,11867
7290106577039,false,גלידה לה קרמריה שוקו וניל פליק 1.4 ל' נסטלה,תות תעשיות מזון (201,IL,לה קרמריה שוקו וניל,ארגז,1.40,ליטר,false,,22.90,16.3571,true,1,11868
7290106577282,false,צבר טחינה מרובע 400גרם,סלטי צבר,IL,צבר מרובע טחינה 400ג,גרמים,400.00,100 גרם,false,,12.90,0.0323,true,1,13744
7290106577527,false,סלט קולסלאו כרוב לבן וגזר 400 ג' צבר,סלטי צבר,IL,צבר מרובע קולסלו 400,גרמים,400.00,100 גרם,false,,12.90,0.0323,true,1,13747
7290106577541,false,כרוב אדום מרובע 400 ג' צבר,סלטי צבר,IL,צבר מרובע כרוב אדום,גרמים,400.00,100 גרם,false,,12.50,0.0313,true,1,13748
7290106577572,false,צבר מטבוחה מרובע 400גרם,סלטי צבר,IL,צבר מרובע מטבוחה 40,גרמים,400.00,100 גרם,false,,12.90,0.0323,true,1,13749
7290106578692,false,אוסם - במבה ביסלי מיקס 80 גרם,פרו מן יו פתרונות אר,IL,במבה ביסלי מיקס 36*8,גרמים,80.00,100 גרם,false,,4.50,0.0563,true,1,1344
7290106578821,false,הבית עוגת שמרים קלאסית בטעם שוקולד 350גר.,מיוצר עי קונדיטוריית,IL,עוגת הבית שמרים קלאס,גרמים,350.00,100 גרם,false,,16.90,0.0483,true,1,13232
7290106639812,false,כוס אפרופו,,,כוס אפרופו,אין,0.00,יחידה,false,,6.90,0.0000,true,1,197052
7290106652996,false,כיף כף מקלות קוקוס חלבי 40 גר',SOLEN CIKOLATA GIDA,TR,כיף כף מקלות קוקוס 4,גרמים,40.00,100 גרם,false,,5.20,0.1300,true,1,457468
7290106653689,false,לקט לסלט בסגנון אסייתי,שטראוס בריאות ירקות,IL,לקט לסלט אסייתי שטרא,גרמים,350.00,100 גרם,false,,11.50,0.0329,true,1,15604
7290106654099,false,מילקי CAKE עוגות אישיות במילוי קרם חלב,STRAUSS-ISRAEL,,עוגות אישיות מילקי ק,גרמים,272.00,100 גרם,false,,20.70,0.0761,true,1,15605
7290106658479,false,עלית וופל בטעם טורטית אגוזים 40ג,"שטראוס גרופ בע""מ",IL,עלית וופל בטעם טורטי,גרמים,40.00,100 גרם,false,,3.90,0.0975,true,1,1310
7290106663091,false,לאבנה טבעי 9% שטראוס 500ג',הדקלאים אגודת שיתופי,IL,שטראוס לאבנה 9% 500,גרמים,500.00,100 גרם,false,,17.90,0.0358,true,1,15607
7290106663503,false,יד מרדכי קונפיטורת לייט תות 230 גר,אף.סי תבליני בגליל ב,IL,קונפיטורת לייט תות 2,גרמים,230.00,100 גרם,false,,11.90,0.0517,true,1,1107
7290106663558,false,"רוטב טריאקי ורימון יד מרדכי 280מ""ל",אף.סי תבליני בגליל ב,IL,יד מרדכי רוטב טריאקי,מיליליטרים,280.00,"100 מ""ל",false,,13.90,0.0496,true,1,15090
7290106664067,false,לאבנה עם שמן זית וזעתר 10% שטראוס 400 ג',הדקלאים אגודת שיתופי,IL,שטראוס לאבנה שמן זית,גרמים,400.00,100 גרם,false,,15.60,0.0390,true,1,15609
7290106664555,false,"רוטב שמנת עם עגבניות 9% שומן 250 מ""ל יוטבתה",מחלבת יטבתה,IL,יטבתה רוטב שמנת עם ע,מיליליטרים,250.00,"100 מ""ל",false,,9.90,0.0396,true,1,15611
7290106666788,false,עלית - סוכריות נוסטלגיה דבש ממולאות 80 גרם,פלזנסקי,IL,סוכריות נוסטלגיה דבש,גרמים,80.00,100 גרם,false,,5.20,0.0650,true,1,15093
7290106667266,false,דוריטוס חמוץ חריף עלית 185 ג',הנסיך- מפעל לייצור ט,IL,דוריטוס חמוץ חריף 18,גרמים,185.00,100 גרם,false,,8.20,0.0443,true,1,15932
7290106668577,false,"מיץ לימון טבעי יד מרדכי 250 מ""ל",האי נאם סי או אל.טי.,IT,מיץ לימון טבעי יד מר,מיליליטרים,250.00,"100 מ""ל",false,,7.80,0.0312,true,1,15095
7290106668713,false,יוגורט עם פירות יער 3% שומן 150 ג' דנונה,מיוצר עי קונדיטוריית,IL,דנונה פירות יער3% 15,מיליליטרים,150.00,"100 מ""ל",false,,4.10,0.0273,true,1,15613
7290106669857,false,קפסולות 06 אספרסו בטעם וניל עלית 10יח',הנסיך- מפעל לייצור ט,IL,עלית קפסולות בטעם ונ,גרמים,50.00,100 גרם,false,,16.90,0.3380,true,1,15099
7290106720626,false,צ'יטוס קראנצ' בטעם גבינה - חלבי,"שטראוס פריטו ליי בע""",IL,ציטוס גבינה 80 גרם,גרמים,80.00,100 גרם,false,,4.90,0.0613,true,1,15933
7290106721913,false,מסטיק מאסט MUST ללא סוכר בטעם מנטה מרעננת,"שטראוס גרופ בע""מ",IL,מאסט צנצנת ריח פה צ',גרמים,66.00,100 גרם,false,,10.50,0.1591,true,1,1354
7290106721920,false,צנצנת מסטיק מאסט בטעם ספירמינט עדין 66 ג' עלית,"שטראוס גרופ בע""מ.",IL,מאסט צנצנת ספירמינט,גרמים,66.00,100 גרם,false,,10.50,0.1591,true,1,1355
7290106723689,false,עלי תרד בייבי שטראוס,שטראוס בריאות ירקות,IL,שטראוס תרד בייבי 200,גרמים,200.00,100 גרם,false,,10.40,0.0520,true,1,15616
7290106725867,false,"סירופ מייפל טהור 189 מ""ל יד מרדכי",קוסלסי פוד,CA,יד מרדכי סירופ מייפל,מיליליטרים,189.00,"100 מ""ל",false,,30.90,0.1635,true,1,15106
7290106725874,false,"סירופ מייפל טהור יד מרדכי 236 מ""ל",יד מרדכי,,יד מרדכי סירופ מייפל,מיליליטרים,236.00,"100 מ""ל",false,,39.90,0.1691,true,1,15107
7290106727984,false,כיף כף פצפוצים ושוקולד 135 ג',שולן צ'יקולטה גידה ס,TR,כיף כף פצפצים 135 גר,גרמים,135.00,100 גרם,false,,10.40,0.0770,true,1,15108
7290106729650,false,יוגורט עם תות מאגדת 8 יח' * 150ג' דנונה,דנונה - שטראוס,,דנונה יוגורט תות 8יח,אלף,1.20,"ק""ג",false,,26.10,21.7500,true,1,15622
7290107280013,false,מגבונים ליטופים ללא בושם חמישיה,,,ליטופים מגבונים ללא,אין,0.00,יחידה,false,,18.90,0.0000,true,1,19523
7290107280020,false,מטליות לחות סנו סושי לניקוי כללי שלישיה *50 יח',טרופיקל דגיל- תעשיות,IL,סנו סושי מגבונים לני,אין,0.00,יחידה,false,,19.90,0.0000,true,1,19524
7290107280068,false,זוג תבניות אלומיניום לאפייה XL,סנו סושי,,2 תבניות אלומיניום X,אין,0.00,יחידה,false,,9.90,0.0000,true,1,19526
7290107280075,false,מארז 4 תבניות אלומיניום לאפייה L,סנו סושי,,4 תבניות אלומיניום L,אין,0.00,יחידה,false,,9.90,0.0000,true,1,145422
7290107280082,false,מארז 7 תבניות אלומיניום מוארכות לאפייה אינגליש קייק,סנו סושי,,7 תבניות אינגליש קיי,אין,0.00,יחידה,false,,9.90,0.0000,true,1,145436
7290107280099,false,מגבוני טואלט לחים סנו סופט שלישייה * 48 יח',טרופיקל דגיל- תעשיות,IL,סנו סופט מגבוני טואל,אין,0.00,יחידה,false,,15.90,0.0000,true,1,19527
7290107280112,false,נייר טואלט סופט סילק 24 גליל,Unknown,,סנו סופט נייר טואלט,מטרים,441.00,מטר,false,,25.90,0.0587,true,1,290098
7290107280341,false,ריצפז מטליות לחות לניקוי הרצפה בניחוח מלון מפנק,"סנו מפעלי ברונוס סע""",IL,ריצפז מטליות לחות לנ,אין,0.00,יחידה,false,,11.90,0.0000,true,1,19533
7290107280389,false,"סנו - ג'ט מרסס לניקוי בחדר האמבטיה 750 מ""ל","איי, בי, אינבוו",IL,סנו ג'ט מתז לאמבט 75,מיליליטרים,750.00,"100 מ""ל",false,,12.90,0.0172,true,1,19534
7290107280563,false,אוקסיג'ן ג'ל לכביסה בייבי 3ל',"איי, בי, אינבוו",IL,סנו ג'ל אוקסיג'ן ביי,ארגז,3.00,ליטר,false,,30.90,10.3000,true,1,2160
7290107280570,false,סנו - מקסימה ג'ל כביסה מרוכז לכביסה צבעונית 3 ליטר,מיוצר עי קונדיטוריית,IL,מקסימה ג'ל כביסה מיק,ארגז,3.00,ליטר,false,,33.90,11.3000,true,1,19543
7290107280600,false,טבליות למדיח סנו ספארק 100 טבליות במארז,גרופה אינקו,PL,סנו ספארק טבליות למד,אין,0.00,יחידה,false,,60.90,0.0000,true,1,19546
7290107280709,false,"סנו ספארק נוזל הברקה למדיח 700 מ""ל","סנו מפעלי ברונוס בע""",IL,סנו ספארק נוזל הברקה,מיליליטרים,700.00,"100 מ""ל",false,,14.90,0.0213,true,1,19548
7290107280716,false,מלח למדיח להגנה מפני אבנית סנו ספארק Spark,סנו,IL,סנו ספארק מלח למדיח,אלף,2.00,"ק""ג",false,,12.90,6.4500,true,1,19549
7290107280723,false,נוזל לניקוי כלים סנו ספארק Spark בניחוח לימון רענן,סנו כימיקלים,IL,סנו ספארק נוזל לניקו,מיליליטרים,700.00,"100 מ""ל",false,,8.90,0.0127,true,1,19550
7290107280730,false,נוזל לניקוי כלים סנו ספארק Spark בניחוח לבנדר,מיוצר עי קונדיטוריית,IL,סנו ספארק נוזל לניקו,מיליליטרים,700.00,"100 מ""ל",false,,8.90,0.0127,true,1,19552
7290107280747,false,נוזל לניקוי כלים סנו ספארק Spark קלאסי,סנו כימיקלים,IL,סנו ספארק נוזל לניקו,מיליליטרים,700.00,"100 מ""ל",false,,8.90,0.0127,true,1,19553
7290107280754,false,נוזל כלים סנו ספארק Spark היפואלרגני פריחת השקד,סנו,IL,ספארק נוזל לכלים עדי,מיליליטרים,700.00,"100 מ""ל",false,,8.90,0.0127,true,1,19554
7290107280761,false,נוזל לניקוי כלים בניחוח לימון רענן סנו ספארק Spark,מיוצר עי קונדיטוריית,IL,ספארק נוזל לכלים לימ,אין,0.00,יחידה,false,,11.90,0.0000,true,1,19555
7290107340243,false,מטען בית אייפון,,,מטען בית אייפון,אין,0.00,יחידה,false,,39.90,0.0000,true,1,321163
7290107340526,false,מטען בית טייפ סי,,,מטען בית טייפ סי,אין,0.00,יחידה,false,,39.90,0.0000,true,1,321165
7290107341356,false,כבל אייפון imx,,,כבל אייפון,אין,0.00,יחידה,false,,19.90,0.0000,true,1,298009
7290107341370,false,כבל טפייסי imx,,,כבל טייפ סי,אין,0.00,יחידה,false,,19.90,0.0000,true,1,321168
7290107341394,false,אוזניות לבן imx,,,אוזנייה לבנה,אין,0.00,יחידה,false,,29.90,0.0000,true,1,321188
7290107342087,false,אוזניות חיבור ישיר ט,,,אוזניות חיבור ישיר ט,אין,0.00,יחידה,false,,49.90,0.0000,true,1,321203
7290107646918,false,רוטב עגבניות ופלפלים לשקשוקה 415 ג' קנור,קונסורזיו קאסאלאסקו,IT,קנור רוטב שקשוקה עגב,מיליליטרים,415.00,"100 מ""ל",false,,9.90,0.0239,true,1,9157
7290107647656,false,מאגדת מיני סולרו קוקוס אננס 245 ג',"מיוצר ע""י גלידת שטרא",IL,מאגדת מיני סולרו קוק,גרמים,245.00,100 גרם,false,,21.90,0.0894,true,1,5968
7290107647731,false,קוקומן חום לבן מופחת סוכר 375 ג',אתר שפע,,קוקומן חום לבן 20% ת,גרמים,375.00,100 גרם,false,,18.90,0.0504,true,1,9167
7290107647816,false,ברנפלקס ללא סוכר בדצ 500גרם***,יוניליוור ישראל מזון,IL,ברנפלקס ללא סוכר בד',גרמים,500.00,100 גרם,false,,20.90,0.0418,true,1,9172
7290107647823,false,תלמה ברנפלקס 500 גרם,יוניליוור ישראל מזון,IL,"ברנפלקס תלמה בד""ץ 50",גרמים,500.00,100 גרם,false,,20.90,0.0418,true,1,9173
7290107647854,false,"שוגי מופחת סוכר תלמה 500 ג' בד""צ",יוניליוור ישראל מזון,IL,שוגי 20% סוכר תלמה ב,גרמים,500.00,100 גרם,false,,19.90,0.0398,true,1,9174
7290107649100,false,בייגלה טבעות שומשום 300 גר',בייגל את בייגל מזון,IL,בייגלה טבעות שומשום,גרמים,300.00,100 גרם,false,,9.90,0.0330,true,1,1131
7290107649148,true,קופסה לאטבי כביסה,,,קופסה לאטבי כביסה,אין,0.00,יחידה,false,,4.90,0.0000,true,1,9185
7290107871532,false,מאגדת קרחונים דובדבן מלון 10 יח' נסטלה,גלידות נסטלה (נגה גל,IL,מאגדת שלגוני דובדבן,גרמים,750.00,100 גרם,false,,18.90,0.0252,true,1,11870
7290107871990,false,פסטה צינורות 500 ג' אסם,פסטה זארה,IT,פסטה צינורות אסם 500,גרמים,500.00,100 גרם,false,,5.90,0.0118,true,1,13237
7290107874502,false,ביסלי גריל מארז 4 יח' * 55 ג' אסם,מיוצר עי קונדיטוריית,IL,ביסלי גריל 4*55 גרם,גרמים,220.00,100 גרם,false,,12.90,0.0586,true,1,13249
7290107875004,false,פופקורן חמאה ודבש מארז12*20גר',,,פופקו חמאה ודבש מארז,גרמים,240.00,100 גרם,false,,18.90,0.0787,true,1,13250
7290107875271,false,ביסלי ברביקיו מארז 4 יח' * 55 ג' אסם,,,ביסלי ברבקיו מארז 4*,גרמים,220.00,100 גרם,false,,12.90,0.0586,true,1,13253
7290107877619,false,מארז במבה במילוי קרם נוגט 5*30ג' אסם,אסם תעשיות,IL,במבה במילוי קרם נוגט,גרמים,150.00,100 גרם,false,,13.90,0.0927,true,1,13261
7290107879132,false,פריכיות פיטנס מיני פריכיות שוקולד חלב 22 ג',CA,IL,מיני פריכיות שוקולד,גרמים,22.00,100 גרם,false,,4.90,0.2227,true,1,13756
7290107931397,false,כיף כף פצפוצים ביסקוויט 40ג',שולן צ'יקולטה גידה ס,TR,כיף כף פצפצים 40גר`,גרמים,40.00,100 גרם,false,,5.20,0.1300,true,1,15112
7290107932080,false,חלב בבקבוק 3% שומן 1 ל' יוטבתה,מחלבת יטבתה,IL,יטבתה חלב בבקבוק 3%,ארגז,1.00,ליטר,false,,8.10,8.1000,true,1,15624
7290107932134,false,חלב בבקבוק 1% שומן 1 ל' יוטבתה,מחלבת יטבתה,IL,יטבתה חלב בבקבוק 1%,ארגז,1.00,ליטר,false,,8.10,8.1000,true,1,15625
7290107933155,false,לקט סלנובה טעם הטבע,שטראוס בריאות ירקות,IL,לקט סלנובה 200 גרם,גרמים,200.00,100 גרם,false,,13.50,0.0675,true,1,15626
7290107934473,false,מארז 8 יח' אקטיביה יוגורט קרמי 1.5% שומן,דנונה - שטראוס,IL,אקטיביה מארז מיוחד 1,אלף,1.20,"ק""ג",false,,20.90,17.4167,true,1,15633
7290107936309,false,דנונה יוגורט 7% יווני לבן 130 ג',"שטראוס בריאות בע""מ",IL,דנונה יווני לבן 130,גרמים,130.00,100 גרם,false,,3.30,0.0254,true,1,15637
7290107936958,false,עד חצות ביסקוויט אצבעות שוקולד 125 גרם,הדקלאים אגודת שיתופי,FR,עד חצות אצבעות 125 ג,גרמים,125.00,100 גרם,false,,9.90,0.0792,true,1,15120
7290107936965,false,עד חצות עוגיות עיגולים 225 גר',ביסקווטרי עוגיות סנט,FR,עד חצות עיגולים 225,גרמים,125.00,100 גרם,false,,12.90,0.1032,true,1,15121
7290107937542,false,משקה יוגורט אקטיביה עם תות 1.2% שומן,מיוצר עי קונדיטוריית,IL,משקה אקטיביה תות 1.2,מיליליטרים,265.00,"100 מ""ל",false,,5.20,0.0196,true,1,15639
7290107937856,false,קפסולות 11חזק למכונות נספרסו עלית 10יח',הנסיך- מפעל לייצור ט,IL,עלית קפסולות בטעם נס,גרמים,50.00,100 גרם,false,,16.90,0.3380,true,1,15125
7290107938396,false,"אקטימל משקה פרוביוטי תות 100X8 מ""ל",מיוצר עי קונדיטוריית,IL,דנונה Actimel בנים ב,גרמים,864.00,100 גרם,false,,20.90,0.0242,true,1,15640
7290107939027,false,גזר דק דק ירקות שטרא,שטראוס בריאות ירקות,IL,גזרדק דק 250 גרם בד`,גרמים,250.00,100 גרם,false,,8.30,0.0332,true,1,15644
7290107940030,false,חומוס אחלה 650 גר',,,חומוס אחלה 650 גר,גרמים,650.00,100 גרם,false,,8.90,0.0137,true,1,15647
7290107940467,false,אקטיביה יוגורט 1.5% שומן 200 ג' דנונה,מיוצר עי קונדיטוריית,IL,דנונה אקטיביה יוגורט,גרמים,200.00,100 גרם,false,,4.10,0.0205,true,1,15649
7290107941259,false,עדשים ירוקות מבושלות,הורקסה לס לגונס דה ס,IL,עדשים ירוקות מבושלות,גרמים,475.00,100 גרם,false,,11.90,0.0251,true,1,15650
7290107941266,false,שעועית מבושלת אדומה,הורקסה לס לגונס דה ס,IL,שעועית אדומה מבושלת,גרמים,475.00,100 גרם,false,,14.90,0.0314,true,1,15651
7290107941273,false,חומוס מבושל טעם הטבע,הורקסה לס לגונס דה ס,IL,חומוס מבושל 475 גרם,גרמים,475.00,100 גרם,false,,11.90,0.0251,true,1,15652
7290107943192,false,"שמנת חמוצה מהערבה 27% שומן 200 מ""ל יטבתה",יטבתה,,יטבתה שמנת 27% 200מ,מיליליטרים,200.00,"100 מ""ל",false,,4.10,0.0205,true,1,15656
7290107943369,false,קוואקר שיבולת שועל ללא גלוטן 511 גר'.,היידי שוקולד בירונטי,US,שיבולת שועל ללא גלוט,גרמים,511.00,100 גרם,false,,17.90,0.0350,true,1,15942
7290107944243,false,"וופל אפיפית ללא גלוטן 200ג' בד""צ","שטראוס גרופ בע""מ",IL,"אפיפית ללא גלוטן בד""",גרמים,200.00,100 גרם,false,,6.90,0.0345,true,1,2225
7290107944472,false,סימפוניה גבינה במרקם שמנת 5% שום שמיר,"שטראוס בריאות בע""מ",IL,סימפוניה 5% שום שמיר,גרמים,200.00,100 גרם,false,,11.50,0.0575,true,1,15659
7290107945165,false,קונפיטורה משמש יד מרדכי 340 ג',אף.סי תבליני בגליל ב,IL,יד מרדכי קונפיטורת מ,גרמים,340.00,100 גרם,false,,11.90,0.0350,true,1,1360
7290107950190,false,מעדן חלב דל קלוריות בטעם שוקולד מריר 0.5% שומן,מיוצר עי קונדיטוריית,IL,מעדן דיאט שוקולד מרי,גרמים,130.00,100 גרם,false,,3.70,0.0285,true,1,15678
7290107950206,false,מעדן חלב דל קלוריות בטעם שוקולד 0% שומן,מיוצר עי קונדיטוריית,IL,מעדן דיאט שוקולד % 0,גרמים,130.00,100 גרם,false,,3.70,0.0285,true,1,15679
7290107951104,false,בפלות ופלים ארוכים בטעם שוקולד,"א.ג. גילרו בע""מ",IL,בפלות 200 גרם שוקולד,גרמים,200.00,100 גרם,false,,4.70,0.0235,true,1,15165
7290107951715,false,צנצנת מסטיק מאסט קוביות בטעם ענבים 58 ג' עלית,אסקום קונפקשיין,IL,מאסט צנצנת קוביות ענ,גרמים,58.00,100 גרם,false,,10.50,0.1810,true,1,1363
7290107953559,false,קפה טורקי עלית לדרך שקיות 24X7ג',הנסיך- מפעל לייצור ט,IL,קפה טורקי לדרך 168 ג,גרמים,168.00,100 גרם,false,,17.90,0.1065,true,1,15170
7290107954709,false,קונפיטורה יד מרדכי פירות יער 340 ג',יד מרדכי,IL,יד מרדכי קונפיטורת פ,גרמים,340.00,100 גרם,false,,11.90,0.0350,true,1,1364
7290107954976,false,"משקה יטבתה חלבון פרו קפה 350מ""ל",מחלבת יטבתה,DE,משקה פרו בטעם קפה יט,מיליליטרים,350.00,"100 מ""ל",false,,7.30,0.0209,true,1,15692
7290107956642,false,"תרסיס שמן זית יד מרדכי 150 מ""ל",פארייפאבה אגרואינדוס,ES,תרסיס שמן זית יד מרד,מיליליטרים,150.00,"100 מ""ל",false,,17.90,0.1193,true,1,15192
7290107956901,false,קפסולות אגוזי לוז למוכנת נספרסו,עלית,,עלית קפסולות אספרסו,גרמים,150.00,100 גרם,false,,16.90,0.1127,true,1,15196
7290107956925,false,קפסולות 13 אוגנדה למכונת נספרסו עלית 10יח',שטראוס קפה בי.וי,IL,עלית קפסולות אוגנדה,גרמים,50.00,100 גרם,false,,16.90,0.3380,true,1,15197
7290107956932,false,קפסולות 12 אינדונזיה למכונות NESPRESSO,שטראוס קפה בי.וי,IL,עלית קפסולות אידונזי,גרמים,50.00,100 גרם,false,,16.90,0.3380,true,1,15198
7290107957069,false,צנצנת מסטיק בטעם אוכמניות 66 ג' עלמה,"שטראוס גרופ בע""מ",IL,מסטיק עלמה בטעם אוכמ,גרמים,66.00,100 גרם,false,,10.50,0.1591,true,1,1365
7290107957076,false,צנצנת מסטיק בטעם ספירמינט 66 ג' עלמה,"שטראוס גרופ בע""מ",IL,מסטיק עמלה בטעם ספיר,גרמים,66.00,100 גרם,false,,10.50,0.1591,true,1,1366
7290107957113,false,סימפוניה 5% זיתים פיקנטיים 200 ג' שטראוס,קריות זול,IL,סימפוניה עם זיתים פי,גרמים,200.00,100 גרם,false,,11.50,0.0575,true,1,143504
7290107958035,false,יוגורט במתיקות מעודנת 2% ללא תוספת סוכר- מארז 8 יח,דנונה - שטראוס,IL,8 דנונה מתיקות מעודנ,אלף,1.20,"ק""ג",false,,19.40,16.1667,true,1,15708
7290107958639,false,מטבוחה אחלה מרוקאית חריפה 400 גר',מיוצר עי קונדיטוריית,IL,אחלה מטבוחה מרוקאית,גרמים,400.00,100 גרם,false,,15.90,0.0398,true,1,15710
7290107973014,false,פלמוליב סבון ידיים חלב ודבש 300 מ'ל,הנסיך- מפעל לייצור ט,TR,פלמוליב סבון ידיים ח,מיליליטרים,300.00,"100 מ""ל",false,,9.90,0.0330,true,1,14601
7290107973038,false,"פלמוליב סבון ידיים אקווריום 300 מ""ל",הנסיך- מפעל לייצור ט,IT,סבון ידיים אקווריום,מיליליטרים,300.00,"100 מ""ל",false,,9.90,0.0330,true,1,14602
7290107973861,false,מאסטר שף - עגבניות קצוצות דק שלישיה 400 גרם * 3,קונסרזיו קאסאלאסקו ד,IT,עגבניות קצוצות דק מא,אלף,1.20,"ק""ג",false,,15.90,13.2500,true,1,14606
7290107974066,false,"עלי טורטיה קמח מלא 20ס""מ 8יח' מאסטר שף 320ג'",אלקטי קורביישיסי,DE,עלי טורטיה קמח מלא מ,גרמים,320.00,100 גרם,false,,9.90,0.0309,true,1,14611
7290107974073,false,עלי טורטיה קמח לבן מאסטר שף 320ג',הנסיך- מפעל לייצור ט,DE,עלי טורטיה קמח לבן מ,גרמים,320.00,100 גרם,false,,9.90,0.0309,true,1,14612
7290107974080,false,טורטיות קמח לבן מנה 840 ג',הדקלאים אגודת שיתופי,DE,עלי טורטיה קמח לבן מ,גרמים,820.00,100 גרם,false,,15.90,0.0194,true,1,14613
7290107974301,false,ליידי ספיד סטיק - דאודורנט ג'ל לאישה אלוורה 45 גרם,ליידי ספיד סטיק Lady Speed Stick,US,דיאודורנט ג'ל אלוורה,גרמים,65.00,100 גרם,false,,17.90,0.2754,true,1,14614
7290107974806,false,"מאסטר שף - אורז בסמטי 1 ק""ג",דווה סינג שיהם,,אורז בסמטי מאסטר שף,אלף,1.00,"ק""ג",false,,12.90,12.9000,true,1,14618
7290107974813,false,"אורז יסמין 1 ק""ג מאסטר שף",מאסטר שף,,אורז יסמין מאסטר שף,אלף,1.00,"ק""ג",false,,12.90,12.9000,true,1,14619
7290107974820,false,ממרח מתובל ספייסי מאסטר שף 248 ג',מאסטר שף,,מאסטר שף ממרח מתובל,גרמים,252.00,100 גרם,false,,7.90,0.0313,true,1,14620
7290107977456,false,"פלמוליב - ג'ל רחצה ושמפו ספורט לגבר 750 מ""ל",קולגייט פלמוליב,TR,פלמוליב לגבר 2 ב-1 ג,מיליליטרים,750.00,"100 מ""ל",false,,19.90,0.0265,true,1,116477
7290107978101,false,"קולגייט אופטיק וויטן אקסטרה פאוור 75מ""ל",קולגייט-פלמוליב,PL,אופטיק וייט אקסטרה פ,מיליליטרים,75.00,"100 מ""ל",false,,27.90,0.3720,true,1,14638
7290107978347,false,מאסטר שף אטריות ביניניות 400 ג',הדקלאים אגודת שיתופי,PL,איטריות בינוניות מאס,גרמים,400.00,100 גרם,false,,5.90,0.0148,true,1,394
7290108070316,false,שקית 50 פסטל,,,שקית 50 פסטל,אין,0.00,יחידה,false,,11.90,0.0000,true,1,21117
7290108201864,false,קולון ג'ל קפסולות לכביסה 28 יח',קולון Colon,,קולון קפסולות לכביסה,אין,0.00,יחידה,false,,24.90,0.0000,true,1,14289
7290108350128,false,סנו סושי שקיות אשפה חזקות במיוחד 40 יח',מיוצר עי קונדיטוריית,IL,סנו סושי שקיות חזקות,אין,0.00,יחידה,false,,24.90,0.0000,true,1,19559
7290108350142,false,שקיות רב שימושיות ענק סנו סושי 270 יח',אשפלסט תעשיות,IL,סנו סושי שקיות רב שי,אין,0.00,יחידה,false,,13.90,0.0000,true,1,19560
7290108350180,false,סנו סושי מפיות מודפסות 100 יח',חי מוצרי נייר בעמ,IL,סנו סושי מפיות מודפס,אין,0.00,יחידה,false,,7.90,0.0000,true,1,19561
7290108350203,false,כריות קרצוף אקסטרה חזקות עם ספוג מקציף - 6 יח',סנו סושי,US,כריות קרצוף עם ספוג,אין,0.00,יחידה,false,,9.90,0.0000,true,1,19562
7290108350210,false,סנו סושי שקיות אשפה חזקות 30 יח' XL,מיוצר עי קונדיטוריית,IL,סושי שקיות אקסטרא חז,אין,0.00,יחידה,false,,24.90,0.0000,true,1,19563
7290108350258,false,נייר טואלט דו שכבתי ארוך פי 3 - מארז 12 גלילים,מפעלי ברונוס בעמ,IL,סופט נייר טואלט גליל,מטרים,180.00,מטר,false,,42.90,0.2383,true,1,19565
7290108350531,false,סנו ספארק נוזל כלים בניחוח קלאסי עם משאבה 1 ל',מיוצר עי קונדיטוריית,IL,סנו ספארק משאבה בניח,ארגז,1.00,ליטר,false,,11.90,11.9000,true,1,19569
7290108350555,false,נוזל כלים סנו ספארק Spark היפואלרגני פריחת השקד,סנו,IL,סנו ספארק משאבה בניח,ארגז,1.00,ליטר,false,,11.90,11.9000,true,1,19571
7290108350586,false,נוזל לניקוי כלים סנו ספארק Spark בניחוח לימון רענן,סנו,,ספארק נוזל כלים בניח,ארגז,1.50,ליטר,false,,14.90,9.9333,true,1,3253
7290108350616,false,סנו - מקסימה מרכך כביסה מרוכז פריחה כחולה 1 ליטר,"סנו מפעלי ברונוס בע""",IL,מרכך כביסה מקסימה סו,אין,0.00,יחידה,false,,18.90,0.0000,true,1,19572
7290108350623,false,מרכך כביסה סופר מרוכז סופט סילק מקסימה 1 ל' סנו,"סנו מפעלי ברונוס בע""",IL,מרכך כביסה מקסימה סו,אין,0.00,יחידה,false,,18.90,0.0000,true,1,19573
7290108351033,false,"WHITE POWDER - בושם לאישה א.ד.פ 50 מ""ל",,,"בושם לאישה 50 מ""ל wh",אין,0.00,יחידה,false,,79.90,0.0000,true,1,481877
7290108351156,false,סנו - ג'ט לניקוי כללי ורצפות בתוספת חומץ 1.5 ליטר,"סנו מפעלי ברונוס בע""",IL,סנו ג`ט פלוס לניקוי,אין,0.00,יחידה,false,,12.90,0.0000,true,1,19590
7290108351507,false,מרכך כביסה מקסימה סופט סילק 4 ל' סנו,סנו מקסימה,IL,מרכך כביסה סנו מקסימ,ארגז,4.00,ליטר,false,,22.90,5.7250,true,1,19591
7290108351514,false,מרכך כביסה בבישום עוצמתי פריחה כחולה,סנו מקסימה,IL,מרכך כביסה סנו מקסימ,ארגז,4.00,ליטר,false,,22.90,5.7250,true,1,19592
7290108351521,false,ג'ל כביסה מקסימה מאסק 5 ל' סנו,סנו מקסימה,IL,סנו מקסימה ג`ל כביסה,ארגז,5.00,ליטר,false,,47.90,9.5800,true,1,19593
7290108351552,false,"סנו - ג'ט לניקוי כללי בתוספת חומץ בניחוח לבנדר 750 מ""ל","סנו מפעלי ברונוס בע""",IL,סנו ג'ט מתז חומץ 750,מיליליטרים,750.00,"100 מ""ל",false,,12.90,0.0172,true,1,19596
7290108351583,false,"סנו - ג'ט פלוס חומץ ג'ל לניקוי אסלות לבנדר 750 מ""ל",טרופיקל דגיל תעשיות,IL,סנו ג'ט+לניקוי אסלות,מיליליטרים,750.00,"100 מ""ל",false,,11.90,0.0159,true,1,19598
7290108351606,false,"סנופרש הום בניחוח מרכך כביסה 350 מ""ל",סנו פרש Fresh,,סנו פרש הום סופט סיל,מיליליטרים,350.00,"100 מ""ל",false,,11.90,0.0340,true,1,19600
7290108351613,false,סנו ריצפז פרש הום 2 ליטר בניחוח מלון חלומי,"סנו מפעלי ברונוס בע""",IL,ריצפז פרש הום מלון ח,ארגז,2.00,ליטר,false,,21.90,10.9500,true,1,19601
7290108351682,false,ג'ל כביסה מקסימה ביו 5 ל' סנו,סנו,IL,ג'ל כביסה סנו מקסימה,ארגז,5.00,ליטר,false,,47.90,9.5800,true,1,19607
7290108351699,false,סנו - ג'ט מטליות לחות לניקוי כללי בתוספת חומץ לבנדר שלישיה,סנו מפעלי ברונוס על,IL,מגבונים ג'ט+חומץ מאר,אין,0.00,יחידה,false,,16.90,0.0000,true,1,19608
7290108351705,false,פניני בישום -275 ג' FRESH LINEN,value smart prodacts,US,פניני בישום לכביסה כ,גרמים,275.00,100 גרם,false,,19.90,0.0724,true,1,19609
7290108351804,false,סנו - מקסימה מרכך כביסה מרוכז ג'נטל בריז 1 ליטר,מיוצר עי קונדיטוריית,IL,סנו מקסימה מרכך כביס,אין,0.00,יחידה,false,,18.90,0.0000,true,1,19616
7290108351811,false,מקסימה מרכך כביסה סופר מרוכז פלור טאצ' 1 ליטר,מיוצר עי קונדיטוריית,IL,סנו מקסימה מרכך כביס,אין,0.00,יחידה,false,,18.90,0.0000,true,1,19617
7290108351835,false,מרכך כביסה בבישום עוצמתי פלורל טאצ',מיוצר עי קונדיטוריית,IL,מרכך כביסה סנו מקסימ,ארגז,4.00,ליטר,false,,22.90,5.7250,true,1,19619
7290108351972,false,"סנו פרש הום פרש הום מלון בוטיק 200 מ""ל",מיוצר עי קונדיטוריית,IL,סנו פרש הום יבש לבית,אין,200.00,יחידה,false,,11.90,0.0595,true,1,19631
7290108351996,false,"חיטוי בייבי 99.9% לחיטוי וניקוי בסביבת תינוקות 750 מ""ל",סנו,,מתז בייבי 99.9% לחיט,מיליליטרים,750.00,"100 מ""ל",false,,12.90,0.0172,true,1,2163
7290108352146,false,"סנובון נוזלי בניחוח מגנוליה ונרולי 750 מ""ל",סנו מפעלי ברונוס בעמ,IL,סנובון נוזלי בניחוח,מיליליטרים,750.00,"100 מ""ל",false,,11.90,0.0159,true,1,19639
7290108352214,false,סנו - מקסימה קפסולות כביסה בניחוח בריזה מרעננת 40 יח',טרופיקל דגיל תעשיות,IL,קפסולות כביסה בניחוח,גרמים,840.00,100 גרם,false,,35.90,0.0427,true,1,19642
7290108352252,false,נוזל לניקוי כלים מתאים לניקוי ירקות ופירות סנו ספארק,"סנו מפעלי ברונוס בע""",IL,ספארק נוזל לכלים 1,אין,0.00,יחידה,false,,11.90,0.0000,true,1,19644
7290108352269,false,דלי מטליות לחיטוי ולניקוי 99.9 % 400 יח' סנו,הורביץ סחר,IL,מטליות לחיטוי ולניקו,אין,0.00,יחידה,false,,30.90,0.0000,true,1,19645
7290108352337,false,"סנו - פרש מילוי למטהר אוויר מלון מפנק 250 מ""ל",מיוצר עי קונדיטוריית,IL,סנו פרש הום אוטומטיק,גרמים,250.00,100 גרם,false,,13.90,0.0556,true,1,19651
7290108352368,false,תוסף לחיטוי כביסה 99.9% סנו מקסימה 3 ל',סנו מקסימה,,סנו מקסימה תוסף לחיט,ארגז,3.00,ליטר,false,,30.90,10.3000,true,1,95761
7290108352399,false,ריצפז פרש הום בניחוח מרכך כביסה פלורל טאצ',"סנו מפעלי ברונוס בע""",IL,ריצפז פרש הום פלורל,ארגז,2.00,ליטר,false,,21.90,10.9500,true,1,209976
7290108352412,false,"סנו - פרש הום מבשם לבית ולטקסטיל ורד אנגלי ועלים 300 מ""ל",מיוצר עי קונדיטוריית,IL,סנו פרש הום מטהר אוי,מיליליטרים,300.00,"100 מ""ל",false,,12.90,0.0430,true,1,19656
7290108352429,false,"פרש הום ארומתי ווילד ווד/ברי 300מ""ל",סנו מפעלי ברונוס בעמ,IL,סנו פרש הום מטהר אוי,מיליליטרים,300.00,"100 מ""ל",false,,12.90,0.0430,true,1,19657
7290108352450,false,ריצפז פרש הום בניחוח מרכך כביסה בלו בלוסום,סנו מפעלי ברונוס בעמ,IL,ריצפז פרש הום בניחוח,ארגז,2.00,ליטר,false,,21.90,10.9500,true,1,19660
7290108352498,false,מכשיר אוטומטי מעוצב ואלגנטי עם מילוי מלון בוטיק סנו פרש,"יצרן מכשיר: זובלה,",IL,מכשיר אוטומטי לבישום,מיליליטרים,250.00,"100 מ""ל",false,,44.90,0.1796,true,1,100678
7290108352528,false,"מתז לחיטוי וניקוי חדר האמבטיה 99.9% 750 מ""ל","איי, בי, אינבוו",IL,מתז לחיטוי וניקוי חד,מיליליטרים,750.00,"100 מ""ל",false,,12.90,0.0172,true,1,79891
7290108352535,false,סנו - מקסימה דפי בישום לחים למייבש הכביסה בניחוח מרכך כביסה,סנו מקסימה,IL,דפי בישום לחים למייב,אין,0.00,יחידה,false,,12.90,0.0000,true,1,142969
7290108352566,false,מרכך כביסה בבישום עוצמתי 4 ל' סנו מקסינה,"סנו מפעלי ברונוס בע""",IL,מרכך JOY בבישום עוצמ,ארגז,4.00,ליטר,false,,22.90,5.7250,true,1,142886
7290108352573,false,מרכך כביסה מקסימה בבישום עוצמתי 4 ל' סנו,סנו,IL,מרכך כביסה CALM בבי,ארגז,4.00,ליטר,false,,22.90,5.7250,true,1,283785
7290108352641,false,סנו סושי מטלית הפלא לניקוי כללי במארז שלישייה,סנו מפעלי ברונוס.,CN,סנו סושי מטלית הפלא,אין,0.00,יחידה,false,,14.90,0.0000,true,1,19666
7290108352689,false,סנו סושי כריות קרצוף ללכלוך קשה 9 יח',טרופיקל דגיל תעשיות,US,כריות קרצוף ללכלוך ק,אין,0.00,יחידה,false,,9.90,0.0000,true,1,19670
7290108352702,false,מגבוני טואלט לחים סנו סופט בוב ספוג שלישיה,סנו סופט Soft,,שלישיית מגבוני טואלט,אין,0.00,יחידה,false,,15.90,0.0000,true,1,19672
7290108352795,false,סנו סושי שקיות זיפר 50יח' M,סנו סושי,,סנו סושי שקיות זיפר,אין,0.00,יחידה,false,,12.90,0.0000,true,1,19674
7290108352801,false,"שקיות אשפה S לפחים קטנים 56*45 ס""מ בניחוח עדין","סנו מפעלי ברונוס בע""",IL,סנו סושי 100 שקיות א,יח',100.00,יח',false,,19.90,0.1990,true,1,19675
7290108352825,false,ספוג הפלא נירוסטה סנו סושי 3יח',s.k.a.t ltdסנו מפעלי,CN,סנו סושי-ספוג הפלא נ,יח',3.00,יח',false,,9.90,3.3000,true,1,19677
7290108352849,false,שלישיית מטליות הפלא לניקוי כללי דקור סנו סושי,טרופיקל דגיל תעשיות,CN,סנו סושי מטלית הפלא,אין,0.00,יחידה,false,,14.90,0.0000,true,1,19679
7290108352863,false,סנו סושי שקיות צלייה 20יח' מידה L,מיוצר עי קונדיטוריית,TR,סנו סושי-20 שקיות צל,אין,0.00,יחידה,false,,7.90,0.0000,true,1,19681
7290108352887,false,"זוג מפות שולחן עשויות מבד בלתי ארוג 180*120 ס""מ",מיוצר עי קונדיטוריית,CN,סנו סושי זוג מפות שו,אין,0.00,יחידה,false,,8.90,0.0000,true,1,19683
7290108352894,false,סנו סושי מפת שולחן חגיגית,שואוגאנג,CN,סנוסושי מפת שולחן חג,אין,0.00,יחידה,false,,7.90,0.0000,true,1,19684
7290108353006,false,שקיות מזון נקשרות סנו סושי 250 יח',מיוצר עי קונדיטוריית,CN,סנו סושי 250 שקיות א,אין,0.00,יחידה,false,,13.90,0.0000,true,1,19695
7290108353020,false,"סנו סושי תבנית אפיה מנייר מלבן גדול מארז, 4 יח'",מיוצר עי קונדיטוריית,CN,סנו-סושי-4 תבניות אפ,אין,0.00,יחידה,false,,12.90,0.0000,true,1,19697
7290108353037,false,"תבניות אפיה עגולות מנייר קוטר 21 ס""מ",מיוצר עי קונדיטוריית,CN,סנו-סושי-4 תבניות אפ,אין,0.00,יחידה,false,,12.90,0.0000,true,1,19698
7290108353075,false,סנו סושי מפיות אירוח עבות 3שכבות 50 יח',,,סנו סושי 50 מפיות אי,אין,0.00,יחידה,false,,10.90,0.0000,true,1,19702
7290108353082,false,ממחטות אף בקופסה 2 שכבות סנו סופט 120 דף,מיוצר עי קונדיטוריית,IL,סנו סופט 120 ממחטות,אין,0.00,יחידה,false,,8.90,0.0000,true,1,19703
7290108353334,false,"שמפו למניעת קשקשים עם שמן עץ התה ואסאי 700 מ""ל כיף",קוסמופארם בעמ,IL,שמפו למניעת קשקשים ע,מיליליטרים,700.00,"100 מ""ל",false,,11.90,0.0170,true,1,19705
7290108353372,false,צמד מברשות שיניים 12 אלף סיבי פחם,סנו,IL,אורביטול מברשת שיניי,אין,0.00,יחידה,false,,30.90,0.0000,true,1,420227
7290108353488,false,סנו - סנובון מעוצב בניחוח סחלב פראי,מיוצר עי קונדיטוריית,IL,סנובון דזיין בניחוח,אין,0.00,יחידה,false,,6.90,0.0000,true,1,19714
7290108353501,false,סנו סושי שקיות אשפה עם ידיות 25 יח' XXL,טרופיקל דגיל תעשיות,TR,שקיות אשפה עם ידיות,אין,0.00,יחידה,false,,19.90,0.0000,true,1,19715
7290108353518,false,"תבניות אלומיניום עם ידיות אחיזה 34*29 ס""מ",קריניסה ויטמין אס אי,CN,סנו סושי 2 תבניות אל,אין,0.00,יחידה,false,,12.90,0.0000,true,1,19716
7290108353525,false,תבניות אלומיניום עם ידיות אחיזה 25*20,קריניסה ויטמין אס אי,CN,סנו סושי 4 תבניות אל,אין,0.00,יחידה,false,,12.90,0.0000,true,1,19717
7290108353532,false,"שקיות אשפה נשלפות עם שרוך 65*54 ס""מ L",סנו סושי,IL,שקיות אשפה בגליל סנו,אין,0.00,יחידה,false,,30.90,0.0000,true,1,19718
7290108353549,false,נייר אפיה סנו סושי 100 יח',"טופ פלסט 2002 בע""מ",IL,נייר אפיה סנו סושי 1,אין,0.00,יחידה,false,,19.90,0.0000,true,1,19719
7290108353556,false,נייר טואלט סופט שלוש שכבות 32 גלילים סנו,טרופיקל דגיל תעשיות,IL,נייר טואלט סנו סופט,אין,0.00,יחידה,false,,44.90,0.0000,true,1,19720
7290108353662,false,"סנו סושי מפת שולחן מוטבעת 120*270 ס""מ",,,סנוסושי מפת שולחן מו,אין,0.00,יחידה,false,,10.90,0.0000,true,1,381443
7290108353686,false,מטלית חלומית לריצפה מיקרופייבר,נינגבו סנבנג,CN,סנו סושי מטלית לריצפ,אין,0.00,יחידה,false,,12.90,0.0000,true,1,19728
7290108353730,false,"קרמה - תחליב רחצה חימר אוכמניות כחולות 500 מ""ל",,,תחליב רחצה חימר אוכמ,מיליליטרים,500.00,"100 מ""ל",false,,12.90,0.0258,true,1,285756
7290108353747,false,"תחליב רחצה אירוודה, בניחוח טונקה 600 מ""ל קרימה",קוסמופארם,IL,קרמה תחליב רחצה ספא,מיליליטרים,600.00,"100 מ""ל",false,,18.90,0.0315,true,1,425276
7290108353778,false,"תחליב רחצה נקה שוודיה בניחות פיטנגו 750 מ""ל",קוסמופארם בע''מ,IL,תחליב רחצה שוודיה פי,מיליליטרים,750.00,"100 מ""ל",false,,11.90,0.0159,true,1,19730
7290108353785,false,תחליב רחצה נקה 7 בניחוח טונקה,נקה 7,,תחליב רחצה מרוקו טונ,מיליליטרים,750.00,"100 מ""ל",false,,11.90,0.0159,true,1,19731
7290108353792,false,"תחליב רחצה נקה יפן פריחת הדובדבנים 750 מ""ל",קוסמופארם בע''מ,IL,תחליב רחצה יפן פריחת,מיליליטרים,750.00,"100 מ""ל",false,,11.90,0.0159,true,1,19732
7290108353808,false,"תחליב רחצה נקה מדגסקר בניחות אמבר 750 מ""ל",קוסמופארם בע''מ,IL,תחליב רחצה מדגסקר אמ,מיליליטרים,750.00,"100 מ""ל",false,,11.90,0.0159,true,1,19733
7290108353815,false,"תחליב רחצה מדיטציה, בניחוח פצ'ולי לבנדר 600 מ""ל קרימה",קוסמופארם,IL,קרמה תחליב רחצה ספא,מיליליטרים,600.00,"100 מ""ל",false,,18.90,0.0315,true,1,425278
7290108353891,false,"קרמה - דאודורנט רול און לאישה קרמה מאסק 75 מ""ל","קוסמופארם בע""מ",IL,דאודורנט רול און מאס,מיליליטרים,75.00,"100 מ""ל",false,,12.90,0.1720,true,1,19735
7290108353969,false,"קרמה - דאודורנט ספריי לאישה קרמה מאסק 150 מ""ל",קרמה Crema,IL,דאודורנט ספריי ReFre,מיליליטרים,150.00,"100 מ""ל",false,,12.90,0.0860,true,1,130511
7290108353983,false,"קרמה - קרם גוף קרמה קלאסי 500 מ""ל",טרופיקל דגיל תעשיות,IL,קרם גוף קרמה קלאסי 5,מיליליטרים,500.00,"100 מ""ל",false,,24.90,0.0498,true,1,19737
7290108354034,false,"סבון ידיים חמאת שיאה וקוקוי 300 מ""ל קרמה",טרופיקל דגיל תעשיות,IL,סבון ידיים קרמה חמאת,מיליליטרים,300.00,"100 מ""ל",false,,9.90,0.0330,true,1,19740
7290108354270,false,מרכך כביסה מרוכז בבישום עוצמתי 1 ל' סנו מקסימה,מיוצר עי קונדיטוריית,IL,מרכך בבישום עוצמתי מ,ארגז,1.00,ליטר,false,,18.90,18.9000,true,1,142872
7290108354430,false,"שמפו כיף לשיקום והזנה שמן קוקוס וקרטין 700 מ""ל",קוסמופארם בעמ,IL,שמפו כיף לשיקום והזנ,מיליליטרים,700.00,"100 מ""ל",false,,11.90,0.0170,true,1,49469
7290108354492,false,"קרליין - שמפו 10 שמן ארגן 700 מ""ל",קרליין Careline,IL,שמפו לשיער רגיל קרלי,מיליליטרים,700.00,"100 מ""ל",false,,13.90,0.0199,true,1,264797
7290108354591,false,"תחליב רחצה בניחוח מי קקטוס ושמן באבאסו 750 מ""ל נקה 7",סנו,IL,תחליב רחצה ביו נקה,מיליליטרים,750.00,"100 מ""ל",false,,11.90,0.0159,true,1,381371
7290108354607,false,"שמפו בניחוח מי קקטוס ושמן באבאסו 750 מ""ל נקה 7",אמיליה קוסמטיקס,IL,שמפו ביו נקה 7 750 מ,מיליליטרים,750.00,"100 מ""ל",false,,11.90,0.0159,true,1,381372
7290108354614,false,"מרכך בניחוח מי קקטוס ושמן באבאסו 750 מ""ל נקה 7",אמיליה קוסמטיקס,IL,מרכך לשיער ביו נקה 7,מיליליטרים,750.00,"100 מ""ל",false,,11.90,0.0159,true,1,381373
7290108354706,false,"קרמה - תחליב רחצה מאסק 500 מ""ל",קוסמופארם,IL,תחליב רחצה מאסק קרמה,מיליליטרים,500.00,"100 מ""ל",false,,12.90,0.0258,true,1,142927
7290108354713,false,"קרמה - תחליב רחצה קלאסי 500 מ""ל",קוסמופארם,IL,תחליב רחצה קלאסי קרמ,מיליליטרים,500.00,"100 מ""ל",false,,12.90,0.0258,true,1,142941
7290108354768,false,קרמה קרם גוף דבש 500,מיוצר בסין.יבוא ושיו,IL,קרם גוף קרמה דבש 500,מיליליטרים,500.00,"100 מ""ל",false,,24.90,0.0498,true,1,132804
7290108354829,false,"קרמה - קרם ידיים ורד הוניל 100 מ""ל",קוסמופארם,IL,קרם ידיים קרמה ורד ו,מיליליטרים,100.00,"100 מ""ל",false,,9.90,0.0990,true,1,19746
7290108355031,false,"נקה 7 אלסבון קידס מיניונים 750 מ""ל",נקה 7,,אל סבון מיניונים נקה,מיליליטרים,750.00,"100 מ""ל",false,,11.90,0.0159,true,1,19759
7290108355147,false,"תחליב רחצה נקה 7שמני רחצה 750 מ""ל",נקה 7,,תחליב רחצה שמני הזנה,מיליליטרים,750.00,"100 מ""ל",false,,11.90,0.0159,true,1,19768
7290108355468,false,"קרמה דאודורנט רול און נרולי ומגנוליה 75 מ""ל",קרמה Crema,IL,דאודורנט רול און נרו,מיליליטרים,75.00,"100 מ""ל",false,,12.90,0.1720,true,1,19783
7290108355543,false,דאודורנט ספריי קרמה בניחוח נרולי ומגנוליה,קרמה Crema,IL,דאודורנט ספריי ReFre,מיליליטרים,150.00,"100 מ""ל",false,,12.90,0.0860,true,1,130527
7290108355802,false,"תחליב רחצה קרמה ורד ווניל 700 מ""ל",גוד פוד פרודקטס S.p,IL,קרמה תחליב רחצה ורד,מיליליטרים,700.00,"100 מ""ל",false,,16.90,0.0241,true,1,19805
7290108356113,false,"כיף תחליב רחצה דבש 700 מ""ל-מרכז",קוסמופארם בעמ,IL,תחליב רחצה דבש כיף 7,מיליליטרים,700.00,"100 מ""ל",false,,11.90,0.0170,true,1,19820
7290108356120,false,"כיף תחליב רחצה קוקוס וניל 700 מ""ל",קריות זול,IL,תחליב רחצה קוקוס וני,מיליליטרים,700.00,"100 מ""ל",false,,11.90,0.0170,true,1,19821
7290108356137,false,"כיף - תחליב רחצה לבנדר 700 מ""ל",קריות זול,IL,תחליב רחצה לבנדר כיף,מיליליטרים,700.00,"100 מ""ל",false,,11.90,0.0170,true,1,19822
7290108356151,false,"תחליב רחצה כיף מאסק יסמין 700 מ""ל",גוד פוד פרודקטס S.p,IL,תחליב רחצה מאסק יסמי,מיליליטרים,700.00,"100 מ""ל",false,,11.90,0.0170,true,1,19824
7290108356168,false,"כיף - תחליב רחצה אוקיינוס 700 מ""ל",גוד פוד פרודקטס S.p,IL,תחליב רחצה אוקיינוס,מיליליטרים,700.00,"100 מ""ל",false,,11.90,0.0170,true,1,19825
7290108356199,false,כיף אל סבון אפרסק ופלפל שחור 1 ליטר,טרופיקל דגיל תעשיות,IL,אלסבון כיף אפרסק ופל,ארגז,1.00,ליטר,false,,12.90,12.9000,true,1,19828
7290108356229,false,ג'ל גילוח לכל סוגי העור מועשר בפחם פעיל,טרופיקל דגיל תעשיות,TR,גל גילוח קרמה מן קרב,מיליליטרים,200.00,"100 מ""ל",false,,10.90,0.0545,true,1,19829
7290108356489,false,"כיף - תחליב רחצה אפרסק וחמאת מורומורו 700 מ""ל",קוסמופארם,IL,תחליב רחצה אפרסק וחמ,מיליליטרים,700.00,"100 מ""ל",false,,11.90,0.0170,true,1,285602
7290108356519,false,קרליין שמפו 10למניעת קשקשים 700מל,קרליין Careline,IL,שמפו לשיער בתוספת שמ,מיליליטרים,700.00,"100 מ""ל",false,,13.90,0.0199,true,1,210509
7290108356564,false,"קרליין - מרכך 10 לשיער רגיל 700 מ""ל",קרליין Careline,IL,מרכך לשיער רגיל קרלי,מיליליטרים,700.00,"100 מ""ל",false,,13.90,0.0199,true,1,210579
7290108356571,false,"קרליין - מרכך 10 לשיער יבש 700 מ""ל",קרליין Careline,IL,מרכך לשיער יבש קרליי,מיליליטרים,700.00,"100 מ""ל",false,,13.90,0.0199,true,1,210580
7290108356595,false,"מרכך 10 לשיער צבוע 700 מ""ל קרליין",קרליין Careline,IL,מרכך לשיער צבוע קרלי,מיליליטרים,700.00,"100 מ""ל",false,,13.90,0.0199,true,1,210595
7290108356816,false,"סבון בוטני גרניום ופטצ'ולי לניקוי וטיפוח הידיים, טבעוני 1 ל' כיף","קוסופארם בע""מ",IL,סבון בוטני גרניום לנ,ארגז,1.00,ליטר,false,,15.90,15.9000,true,1,422319
7290108357004,false,"שמפו כיף ורד ושמן קוקוי 700 מ""ל",טרופיקל דגיל תעשיות,IL,כיף שמפו לשיער ורד ו,מיליליטרים,700.00,"100 מ""ל",false,,11.90,0.0170,true,1,19836
7290108357028,false,"כיף תחליב רחצה ורד ושמן קוקוי 700 מ""ל",קוסמופארם בעמ,IL,כיף תחליב רחצה ורד ו,מיליליטרים,700.00,"100 מ""ל",false,,11.90,0.0170,true,1,19838
7290108357042,false,"קרליין - נושם ביו דאודורנט רול און 75 מ""ל Citrus Blossoms לאישה",קרליין Careline,IL,דיאודורנט רול און בנ,מיליליטרים,75.00,"100 מ""ל",false,,12.90,0.1720,true,1,285672
7290108357202,false,מתס קליר סנו בניחוח בלו בלוסם 1 ליטר,"סנו מפעלי ברונוס בע""",IL,סנו קליר אקדח בניחוח,ארגז,1.00,ליטר,false,,11.90,11.9000,true,1,54756
7290108357226,false,"אוקסיגן POWER אבקה לכביסה לבנה והסרת כתמים 1.4 ק""ג סנו",,IL,אוקסיג'ן אבקה להסרת,אלף,1.40,"ק""ג",false,,29.90,21.3571,true,1,250533
7290108357240,false,"אוקסיג'ן פאוור תוסף להסרת כתמים קשים 1.4 ק""ג",סנו,IL,אוקסיג'ן אבקה תוסף ל,אלף,1.40,"ק""ג",false,,29.90,21.3571,true,1,250534
7290108357257,false,סנו - פרש מכשיר אוטומטי לבישום אוויר בתוספת מילוי אולטרא פרש,סנו פרש Fresh,IL,מכשיר אוטומטי לבישום,מיליליטרים,250.00,"100 מ""ל",false,,44.90,0.1796,true,1,382862
7290108357288,false,אקונומיקה ז'אוול בניחוח פריחה לבנה 4 ל' סנו,סנו ז'אוול Javel,IL,סנו ז'אוול בניחוח פר,ארגז,4.00,ליטר,false,,16.90,4.2250,true,1,254951
7290108357394,false,"תחליב רחצה קרמה חלב ודבש 700 מ""ל",קוסמופארם,IL,קרמה תחליב רחצה חלב,מיליליטרים,700.00,"100 מ""ל",false,,16.90,0.0241,true,1,54730
7290108357653,false,סבון ג'ל לאסלה בניחוח אוקיינוס 3 יח' סנו,קריות זול,,סנובון סבון ג'ל לאסל,גרמים,315.00,100 גרם,false,,16.90,0.0537,true,1,459432
7290108357660,false,סבון ג'ל לאסלה בניחוח לבנדר 3 יח' סנו,קריות זול,,סנובון סבון ג'ל לאסל,גרמים,315.00,100 גרם,false,,16.90,0.0537,true,1,459433
7290108357707,false,"כיף שמפו לשיער רגיל-תפוח זרעי צ'יה 700 מ""ל",גוד פוד פרודקטס S.p,IL,שמפו לשיער רגיל תפוח,מיליליטרים,700.00,"100 מ""ל",false,,11.90,0.0170,true,1,19844
7290108357714,false,"כיף שמפו לשיער יבש -רימונים ושמן ארגן 700 מ""ל",גוד פוד פרודקטס S.p,IL,שמפו לשיער יבש רימונ,מיליליטרים,700.00,"100 מ""ל",false,,11.90,0.0170,true,1,19845
7290108357745,false,שמפו ומרכך 2 ב-1 תאנה ומנטה לכל סוגי השיער,גוד פוד פרודקטס S.p,IL,שמפו ומרכך תאנה ומנט,מיליליטרים,700.00,"100 מ""ל",false,,11.90,0.0170,true,1,19847
7290108357769,false,"מרכך לשיער רגיל תפוח וזרעי צ'יה 700 מ""ל כיף",גוד פוד פרודקטס S.p,IL,מרכך לשיער רגיל תפוח,מיליליטרים,700.00,"100 מ""ל",false,,11.90,0.0170,true,1,19849
7290108357837,false,שקית מילוי אל סבון בניחוח אצות ים 1 ל' כיף,,,אל סבון כיף שקית מיל,ארגז,1.00,ליטר,false,,8.90,8.9000,true,1,383080
7290108357844,false,שקית מילוי אל סבון בניחוח גינסנג 1 ל' כיף,סנו,IL,אל סבון כיף שקית מיל,ארגז,1.00,ליטר,false,,8.90,8.9000,true,1,383081
7290108357875,false,"כיף - שמפו לחות מוגברת עם אפרסק וחמאת מורומורו 700 מ""ל",קוסמופארם,IL,שמפו לחות מוגברת אפר,מיליליטרים,700.00,"100 מ""ל",false,,11.90,0.0170,true,1,285574
7290108357882,false,"כיף - מרכך לחות מוגברת עם אפרסק וחמאת מורומורו 700 מ""ל",קוסמופארם,IL,מרכך לחות מוגברת אפר,מיליליטרים,700.00,"100 מ""ל",false,,11.90,0.0170,true,1,285588
7290108358094,false,"קרמה - תחליב רחצה חמאת שיאה וקוקוי 500 מ""ל",,,תחליב רחצה חמאת שיאה,מיליליטרים,500.00,"100 מ""ל",false,,12.90,0.0258,true,1,142942
7290108358124,false,דפי בישום לחים למייבש הכביסה בניחוח מרכך כביסה 20 יח' מקסימה,קוסמופארם,IL,דפי בישום לחים למייב,אין,0.00,יחידה,false,,12.90,0.0000,true,1,459403
7290108359008,false,סושי שקיות זיפר עם סליידר 15 יח לארג',,,שקיות זיפר עם סליידר,אין,0.00,יחידה,false,,14.90,0.0000,true,1,214042
7290108359015,false,סושי שקיות זיפר עם סליידר 20 יח מדיום,,,שקיות זיפר עם סליידר,אין,0.00,יחידה,false,,14.90,0.0000,true,1,214043
7290108359060,false,כריות לניקוי כלים לשבת סנו סושי 4 יח',סנו,IL,כריות ניקוי לשבת 4 י,אין,0.00,יחידה,false,,11.90,0.0000,true,1,147042
7290108359077,false,סנו - סופט לושן ממחטות אף בקופסא 3 שכבות 120 יח',סנו סופט Soft,EG,ממחטות אף בקופסא 3 ש,אין,0.00,יחידה,false,,12.90,0.0000,true,1,214057
7290108359084,false,כיסוי ניילון עם גומי 30 יח' M סנו סושי,סנו,IL,סנו סושי כיסוי ניילו,אין,0.00,יחידה,false,,11.90,0.0000,true,1,446639
7290108359091,false,כיסוי ניילון עם גומי 30 יח' L סנו סושי,סנו,IL,סנו סושי כיסוי ניילו,אין,0.00,יחידה,false,,11.90,0.0000,true,1,446654
7290108359114,false,סושי חמגשית אלומיניום עם מכסה,,,סנו סושי חמגשית אלומ,אין,0.00,יחידה,false,,10.90,0.0000,true,1,383052
7290108359152,false,"תבנית אלומיניום עגולה 25 ס""מ -6 יחי סנו סושי",,,סנו סושי-6 תבניות אל,אין,0.00,יחידה,false,,11.90,0.0000,true,1,443411
7290108359176,false,סנו סופט ממחטות אף תלת שכבתיות עשירות בלחות,סנו סופט Soft,IL,סנו סופט ממחטות אף ת,יח',200.00,יח',false,,13.90,0.0695,true,1,462039
7290108359190,false,סושי מגבת הפלא 4 יח' = 12 גליל ארוך פי 3,סנו סושי,IL,סנו סושי מגבות הפלא,אין,0.00,יחידה,false,,24.90,0.0000,true,1,463980
7290108359831,false,"כיף - בייבי כיף שמן 500 מ""ל","מיוצר ומשווק ע""י קוס",IL,שמן גוף בייבי כיף 50,מיליליטרים,500.00,"100 מ""ל",false,,21.90,0.0438,true,1,2165
7290108359893,false,"בייבי כיף תחליב רחצה 750 מ""ל",גוד פוד פרודקטס S.p,IL,תחליב רחצה HYDROMOIS,מיליליטרים,750.00,"100 מ""ל",false,,15.90,0.0212,true,1,19860
7290108359985,false,סנו - ז'אוול מרסס קצף לניקוי וחינו בניחוח פריחה לבנה 1 ליטר,סנו ז'אוול Javel,IL,אקונומיקה מרסס עם ממ,ארגז,1.00,ליטר,false,,17.90,17.9000,true,1,255080
7290108500677,false,כבד דג שיבוט מעושן בשמן הדג,"איטיליאן פוד, אס.פי.",IT,כבד דג שיבוט בשמן וי,גרמים,115.00,100 גרם,false,,8.90,0.0774,true,1,5370
7290108501353,false,אנשובי פילה ארוך בשמן ויליפוד 50 ג',,,פילה אנשובי ארוך בשמ,גרמים,45.00,100 גרם,false,,5.90,0.1311,true,1,5372
7290108501490,false,גבינה מוצרלה פרוסות ו.פוד 150ג',,,גבינה מוצרלה פרוסות,גרמים,150.00,100 גרם,false,,12.90,0.0860,true,1,5373
7290108501971,false,חטיף בוטנים ומשמש הפי נאטס מארז 35X4ג',וילי פוד,GR,חטיף שקדים ומשמש HAP,גרמים,140.00,100 גרם,false,,9.90,0.0707,true,1,5397
7290108501988,false,חטיף שקדים וחמוציות הפי נוטס מארז 35X4ג',וילי פוד,GR,חטיף שקדים וחמוציות,גרמים,140.00,100 גרם,false,,9.90,0.0707,true,1,5398
7290108502305,false,גבינת גרדה פדנו משולש 150 גר`וילי פוד,וילי פוד,IT,גבינת גרנה פדנו משול,גרמים,150.00,100 גרם,false,,15.90,0.1060,true,1,5403
7290108502381,false,בסיסים להכנת פיצה קוטר 26 וילי פוד 480ג',מוטלוקל גידה סאנאי ט,TR,תחתיות לפיצה קוטר 26,אין,0.00,יחידה,false,,12.90,0.0000,true,1,5405
7290108502763,false,גבינת קממבר 200 גרם,,,גבינה קממבר 200 גרם,גרמים,200.00,100 גרם,false,,18.90,0.0945,true,1,5417
7290108503043,false,תפוחונים חטיף פלחים מיובשים מארז 22X4ג',ינטאי זונגקאן פוד קו,CN,מארז רביעייה תפוחוני,גרמים,88.00,100 גרם,false,,10.00,0.1136,true,1,5426
7290108503791,false,ניוקי תפוח אדמה 3 צבעים 500 גרם (ללא גלוטן),,,ניוקי תפוחי אדמה 3 צ,גרמים,500.00,100 גרם,false,,11.90,0.0238,true,1,59785
7290108504699,false,נתחי טונה בשמן קנולה רביעיה * 160 ג' וילי פוד,וילי פוד,,נתחי טונה בשמן קנולה,גרמים,640.00,100 גרם,false,,21.40,0.0334,true,1,5469
7290108505153,false,יוגורט בטעם טבעי 2% שומן 150 ג',Euro יורו מחלבות אירופה,GR,יוגורט יווני בטעם טב,גרמים,150.00,100 גרם,false,,4.90,0.0327,true,1,5480
7290108505160,false,יוגורט עם אגסים 4% שומן 150 ג',Euro יורו מחלבות אירופה,GR,יוגורט יווני עם אגסי,גרמים,150.00,100 גרם,false,,4.90,0.0327,true,1,5481
7290108505177,false,יוגורט עם אננס 0% שומן 150 ג',Euro יורו מחלבות אירופה,GR,יוגורט יווני עם אננס,גרמים,150.00,100 גרם,false,,4.90,0.0327,true,1,5482
7290108505184,false,יוגורט עם קוקוס 5% שומן 150 ג',Euro יורו מחלבות אירופה,GR,יוגורט יווני עם קוקו,גרמים,150.00,100 גרם,false,,4.90,0.0327,true,1,5483
7290108505191,false,יוגורט עם פצפוצי שוקולד 5% שומן 150 ג',Euro יורו מחלבות אירופה,GR,י.יווני עם פצפוצי שו,גרמים,150.00,100 גרם,false,,4.90,0.0327,true,1,5484
7290108505207,false,יוגורט עם אוכמניות 0% שומן 150 ג',Euro יורו מחלבות אירופה,GR,יוגורט יווני עם אוכמ,גרמים,150.00,100 גרם,false,,4.90,0.0327,true,1,5485
7290108505214,false,יוגורט עם אפרסק 0% שומן 150 ג',Euro יורו מחלבות אירופה,GR,יוגורט יווני עם אפרס,גרמים,150.00,100 גרם,false,,4.90,0.0327,true,1,5486
7290108505719,false,גבינת מוצרלה מגורדת 25%,יורו צ'יז Euro Cheese,TR,גבינת מוצרלה מגורדת,גרמים,200.00,100 גרם,false,,12.80,0.0640,true,1,5493
7290108505726,false,גבינה חצי קשה-אצבעות,סאסו פטוראגס קומטויס,TR,אצבעות גבינה חצי קשה,גרמים,200.00,100 גרם,false,,12.80,0.0640,true,1,5494
7290108505733,false,צמות - גבינה חצי קשה 25% שומן 200 ג',אונטד גידה,TR,צמות גבינה חצי קשה 2,גרמים,200.00,100 גרם,false,,12.80,0.0640,true,1,5495
7290108505740,false,גבינת קשקבל קשה למחצה 25% שומן,Euro יורו מחלבות אירופה,TR,גבינת קשקבל חצי קשה,גרמים,200.00,100 גרם,false,,12.80,0.0640,true,1,5496
7290108506495,false,"כנאפה מאפה בצק ""שערות"" קדאיף וגבינה",ארמה גרופ,TR,כנאפה קפוא 192.5 גרם,גרמים,192.50,100 גרם,false,,11.90,0.0618,true,1,5511
7290108506518,false,אצבעות בצק פילו ממולאות גבינה ותרד 500 ג' ויליפוד,וילי פוד,,אצבעות בצק פילו ממול,גרמים,500.00,100 גרם,false,,15.90,0.0318,true,1,274816
7290108507010,false,מאפה בורקס מים תורכי - תרד וגבינה 300 ג',וילי פוד,TR,מ.בורקס מים תורכי תר,גרמים,300.00,100 גרם,false,,9.90,0.0330,true,1,5526
7290108507645,false,ביסקויט פריך בשוקולד מריר 100 גרם -קהילות,מודרן צוקולטה,TR,ביסקויט פריך בשוקולד,גרמים,100.00,100 גרם,false,,6.90,0.0690,true,1,238366
7290108508543,false,אפונה מבושלת במי מלח,,,אפונה מבושלת 700 גרם,גרמים,700.00,100 גרם,false,,10.00,0.0143,true,1,83995
7290108509106,false,"גבינה בולגרית מעודנת בקוביות 13% שומן 200 ג' חת""ס פ""ת",קוליוס,TW,גבינה בולגרית מעודנת,גרמים,200.00,100 גרם,false,,11.90,0.0595,true,1,102624
7290108509113,false,"גבינה בולגרית מעודנת 18% שומן 250 גרם חת""ס פ""ת",Euro יורו מחלבות אירופה,TR,גבינה בולגרית מעודנת,גרמים,250.00,100 גרם,false,,11.90,0.0476,true,1,91774
7290108509205,false,חטיף אורז אפוי - טבעי לתינוקות 50 גרם,,,חטיף אורז אפוי לתינו,גרמים,50.00,100 גרם,false,,11.90,0.2380,true,1,198643
7290108509267,false,ארוחת פסטה עם רוטב גבינה,הנסיך- מפעל לייצור ט,UA,ארוחת פסטה עם רוטב ג,גרמים,206.00,100 גרם,false,,7.90,0.0383,true,1,108073
7290108509588,false,גבינה מלוחה עם עשבי תיבול 24% 153גרם,,GR,גבינה מלוחה עם עשבי,גרמים,153.00,100 גרם,false,,15.90,0.1039,true,1,469134
7290108509656,false,מיקס זיתים פרוסים במ,,,מיקס זיתים פרוסים במ,גרמים,800.00,100 גרם,false,,9.90,0.0124,true,1,127725
7290108509700,false,אורז פרסי דאווט 1 קג,אל טי פוד,IN,"אורז פרסי 1 ק""ג DAAW",אלף,1.00,"ק""ג",false,,9.90,9.9000,true,1,150255
7290108509755,false,גבינת חלומי 23% 250גרם,,קפריסין,גבינת חלומי יורו 25,גרמים,250.00,100 גרם,false,,24.90,0.0996,true,1,463616
7290108509960,false,נתחי טונה בהירה בשמן זית כתית מעולה - מארז 3 יח',וילי פוד,,שלישיית נתחי טונה בה,גרמים,240.00,100 גרם,false,,14.90,0.0621,true,1,198727
7290108970890,false,מטריית פעמון אוטומטי,,,מטריית פעמון אוטומטי,גרמים,327.00,100 גרם,false,,39.90,0.1220,true,1,20265
7290109351025,false,מלך החומוס חומוסטחינה 40% טחינה גולמית,סלטי צבר,IL,מלך החומוס חומוס טחי,גרמים,400.00,100 גרם,false,,13.90,0.0348,true,1,13757
7290109351971,false,פריכיות דגנים פיטנס מצופות שוקולד חלב,נסטלה Nestle,IL,בר פריכיות שוקולד חל,גרמים,84.00,100 גרם,false,,11.90,0.1417,true,1,13759
7290109352916,false,פריכיות דגנים פיטנס מצופות שוקולד לבן,נסטלה Nestle,IL,בר פריכיות שוקולד לב,גרמים,84.00,100 גרם,false,,11.90,0.1417,true,1,13761
7290109354101,false,לחמית ללא גלוטן 200 ג' אסם,אסם,IL,לחמית ללא גלוטן 200,גרמים,200.00,100 גרם,false,,9.90,0.0495,true,1,13275
7290109358765,false,דגני בוקר רולס 450 ג' קראנץ',"אסם השקעות בע""מ",IL,דגני קראנץ' רולס נוג,גרמים,450.00,100 גרם,false,,23.90,0.0531,true,1,13290
7290109580043,false,"שניצל תירס קלאסי זוגלובק 1.75 ק""ג",זוגלובק,IL,זוגלובק שניצל תירס 1,אלף,1.75,"ק""ג",false,,49.90,28.5143,true,1,24811
7290109580050,false,נקניקיות צ'וריסוס וונדרס 0% בשר טבעוני ללא גלוטן,זוגלובק וונדרס Wonders,IL,נקנקיות צ'וריסוס מן,גרמים,226.00,100 גרם,false,,29.90,0.1323,true,1,60733
7290109580067,false,"טחון וונדרס 0% בשר , טבעוני",זוגלובק וונדרס Wonders,,טחון מן הצומח וונדרס,גרמים,340.00,100 גרם,false,,29.90,0.0879,true,1,60734
7290109580104,false,פסטרמה פרימיום רוסטביף 150 גר',זוגלובק,IL,רוסטביף זוגלובק פרמי,גרמים,150.00,100 גרם,false,,24.90,0.1660,true,1,62275
7290109580111,false,"צלעות אסאדו מעושנות פרימיום, 120 גרם",זוגלובק,IL,צלעות אסאדו מעושנות,גרמים,180.00,100 גרם,false,,24.90,0.1383,true,1,249963
7290109580135,false,פרימיום קורנדביף זוגלובק 180 ג',זוגלובק,IL,קורנדביף זוגלובק פרמ,גרמים,180.00,100 גרם,false,,24.90,0.1383,true,1,62277
7290109580159,false,זוגלובק פרימיום פסטרמה בנוסח טוסקנה,זוגלובק,,פסטרמה בנוסח טוסקנה,גרמים,180.00,100 גרם,false,,24.90,0.1383,true,1,62278
7290109580166,false,פרימיום סרוולד קלאסי זוגלובק 150 ג',זוגלובק,IL,סרוולד קלאסי זוגלובק,גרמים,150.00,100 גרם,false,,24.90,0.1660,true,1,62279
7290109580227,false,נקניקיות עוף ובקר בסגנון ברלינאי קאריוורסט,זוגלובק,IL,נקנקיות ריינהולד'ס ק,גרמים,300.00,100 גרם,false,,19.90,0.0663,true,1,184801
7290109580241,false,נאגטס מן הצומח 500 ג' זוגלובק,זוגלובק טבע,IL,נאגטס מן הצומח זוגלו,גרמים,500.00,100 גרם,false,,19.90,0.0398,true,1,381261
7290109580319,false,"בורגר וונדרס 0% בשר , טבעוני",זוגלובק וונדרס Wonders,IL,בורגר מן הצומח וונדר,גרמים,280.00,100 גרם,false,,29.90,0.1068,true,1,210755
7290109580432,false,פסטרמה חזה הודו מעושן 120 גר' זוגלובק,זוגלובק,IL,פסטרמה אקסטרה מעושנת,גרמים,120.00,100 גרם,false,,13.50,0.1125,true,1,381527
7290109640198,false,מגורדת טבעונית לפיצה ואפיה ללא לקטוז,MASHUמשו,,מגורדת לפיצה ואפייה,גרמים,200.00,100 גרם,false,,17.90,0.0895,true,1,133023
7290109640464,false,פתיתים טבעוניים בסגנ,"טרופיקל דגיל בע""מ אז",IL,פתיתים טבעוניים בסגנ,גרמים,150.00,100 גרם,false,,20.90,0.1393,true,1,132995
7290109640761,false,מאפה בצק פילאס במילוי פטה טבעונית,סנו מפעלי ברונוס.,IL,מאפה פילאס טבעוני במ,גרמים,600.00,100 גרם,false,,22.90,0.0382,true,1,133037
7290109640778,false,מאפה פילאס טבעוני במילוי בטעם בשר,סנו מפעלי ברונוס.,IL,מאפה פילאס טבעוני במ,גרמים,600.00,100 גרם,false,,22.90,0.0382,true,1,133038
7290109640785,false,מאפה פילאס טבעוני במילוי בסגנון פיצה,סנו מפעלי ברונוס.,IL,מאפה פילאס טבעוני במ,גרמים,600.00,100 גרם,false,,22.90,0.0382,true,1,133052
7290109920146,false,"דורגול מסיר אבנית מקומקומים 750 מ""ל",דורינג,,דורגול מסיר אבן לקומ,מיליליטרים,750.00,"100 מ""ל",false,,17.90,0.0239,true,1,9528
7290109921334,false,יעקבי דפי כביסה אידא,מרקה,ES,יעקבי דפי כביסה אידא,אין,0.00,יחידה,false,,15.90,0.0000,true,1,9546
7290109921853,false,אסטוניש המשחה המקורית לניקוי עם עוצמה,יעקבי- אסטוניש Astonish,GB,המשחה המקורית לניקוי,גרמים,150.00,100 גרם,false,,17.90,0.1193,true,1,269244
7290109923024,false,"אסטוניש - מרסס פרמיום ארומטיק למטבח 750 מ""ל",,,אסטוניש פרימיום ארומ,מיליליטרים,750.00,"100 מ""ל",false,,14.90,0.0199,true,1,281962
7290109923031,false,"מרסס פרמיום ארומטיק למקלחון 750 מ""ל אסטוניש",,,אסטוניש פרימיום ארומ,מיליליטרים,750.00,"100 מ""ל",false,,14.90,0.0199,true,1,281963
7290109923147,false,"פלא של אקונומיקה 750 מ""ל אסטוניש",יעקבי- אסטוניש Astonish,,אסטוניש מרסס פלא של,מיליליטרים,750.00,"100 מ""ל",false,,11.90,0.0159,true,1,410846
7290110058814,false,ביצי שוקולד סמיילי שלישייה,מונדזיר,,שלישיית ביצי שוקולד,גרמים,60.00,100 גרם,false,,12.90,0.2150,true,1,21284
7290110110277,false,סיידר תפוחים מוגז - מארז רביעייה,"קרלסברג קרואטיה , יב",RO,רביעיית סמרסבי סיידר,ארגז,1.32,ליטר,false,,36.90,27.9545,true,1,7485
7290110110369,false,בירה קרלסברג לומה LUMA שישייה,מבשלות בירה בינלאומי,IL,שישיית בירה קרלסברג,ארגז,1.98,ליטר,false,,35.90,18.1313,true,1,7486
7290110110574,false,"קוקה קולה זירו לימון פחית 330 מ""ל",החברה המרכזית לייצור,IL,פחית סליק קולה ZERO,מיליליטרים,330.00,"100 מ""ל",false,,5.50,0.0167,true,1,7497
7290110110659,false,"ספרייט לימון ליים פחית 330מ""ל",החברה המרכזית לייצור,IL,סליק ספרייט חדש 330,מיליליטרים,330.00,"100 מ""ל",false,,5.50,0.0167,true,1,7503
7290110113421,false,בירה קרלסברג לומה 33,מבשלות בירה בינלאומי,IL,בירה קרלסברג לומה 33,מיליליטרים,330.00,"100 מ""ל",false,,6.20,0.0188,true,1,131214
7290110113476,false,בירה קרלסברג ללא אלכוהול - שישייה,קרלסברג רומניהיבואן:,RO,קרלסברג 0.0 בקבוק 6*,ארגז,1.98,ליטר,false,,30.90,15.6061,true,1,7561
7290110114787,false,נביעות + תפוח 1.5 ליטר פיקדון,נביעות טבע הגליל בעמ,IL,נביעות + תפוח 1.5 לי,ארגז,1.50,ליטר,false,,8.90,5.9333,true,1,154334
7290110114794,false,נביעות + אפרסק 1.5 ליטר פיקדון,"נביעות טבע הגליל בע""",IL,נביעות + אפרסק 1.5 ל,ארגז,1.50,ליטר,false,,8.90,5.9333,true,1,154335
7290110114800,false,נביעות + ענבים 1.5 ליטר פיקדון,"נביעות טבע הגליל בע""",IL,נביעות + ענבים 1.5 ל,ארגז,1.50,ליטר,false,,8.90,5.9333,true,1,154350
7290110114824,false,נביעות+רכיבי פרי אבטיח 1.5 ליטר פיקדון,"נביעות טבע הגליל בע""",IL,נביעות+ פרי אבטיח 1.,ארגז,1.50,ליטר,false,,8.90,5.9333,true,1,154605
7290110114855,false,"נביעות מים מינרליים, שישיה 6 * 1.5 ליטר פקדון",נביעות טבע הגליל בעמ,IL,מי נביעות שישייה 1.5,ארגז,9.00,ליטר,false,,13.90,1.5444,true,1,154404
7290110114886,false,מיץ סחוט קלמנטינה 2 ל' פריגת,גת,IL,פריגת משקה קלמנטינה,ארגז,2.00,ליטר,false,,29.20,14.6000,true,1,154177
7290110114893,false,מיץ סחוט תפוז 2 ל' פריגת,פריגת,IL,פריגת סחוט תפוזים 2,ארגז,2.00,ליטר,false,,29.20,14.6000,true,1,154217
7290110114916,false,מיץ סחוט לימונענע 2 ל' פריגת,פריגת,IL,פריגת סחוט לימונענע,ארגז,2.00,ליטר,false,,29.20,14.6000,true,1,154233
7290110114954,false,מיץ תפוזים מתקתקים 100% 2 ל' פריגת,פריגת,IL,מיץ תפוזים מתקתק 100,ארגז,2.00,ליטר,false,,22.20,11.1000,true,1,154234
7290110114961,false,מיץ בטעם תפוזים 1.5ל' פריגת,מבשלות בירה בינלאומי,IL,פריגת תפוזים 1.5 ליט,ארגז,1.50,ליטר,false,,8.90,5.9333,true,1,154418
7290110114985,false,פריגת אשכולית 1.5 ליטר פיקדון,מבשלות בירה בינלאומי,IL,פריגת אשכולית 1.5 לי,ארגז,1.50,ליטר,false,,8.90,5.9333,true,1,154433
7290110114992,false,פריגת light אשכולית 1.5 ליטר פיקדון,מבשלות בירה בינלאומי,IL,פריגת דיאט אשכולית 1,ארגז,1.50,ליטר,false,,8.50,5.6667,true,1,154447
7290110115005,false,פריגת ענבים 1.5 ליטר פיקדון,מבשלות בירה בינלאומי,IL,פריגת ענבים 1.5 ליטר,ארגז,1.50,ליטר,false,,8.90,5.9333,true,1,154474
7290110115012,false,מיץ ענבים בניחוח מרלו 1.5 ל' פריגת,פריגת,IL,פריגת ענבים בניחוח מ,ארגז,1.50,ליטר,false,,8.90,5.9333,true,1,154475
7290110115029,false,"פריגת משק""ל תפוח 1.5 ליטר פיקדון",מבשלות בירה בינלאומי,IL,פריגת תפוחים 1.5 ליט,ארגז,1.50,ליטר,false,,8.90,5.9333,true,1,154516
7290110115036,false,פריגת מנגו 1.5 ליטר פיקדון,מבשלות בירה בינלאומי,IL,פריגת מנגו 1.5 ליטר,ארגז,1.50,ליטר,false,,8.90,5.9333,true,1,154531
7290110115043,false,פריגת לימונענע 1.5 ליטר פיקדון,מבשלות בירה בינלאומי,IL,פריגת לימונענע 1.5 ל,ארגז,1.50,ליטר,false,,8.90,5.9333,true,1,154532
7290110115050,false,פריגת מיקס תות בננה 1.5 ליטר פיקדון,מבשלות בירה בינלאומי,IL,פריגת מיקס תות בננה,ארגז,1.50,ליטר,false,,8.90,5.9333,true,1,154546
7290110115081,false,פריגת צלול ענבים 1.5 ליטר פיקדון,מבשלות בירה לישראל ב,IL,פריגת צלול ענבים 1.5,ארגז,1.50,ליטר,false,,8.50,5.6667,true,1,154652
7290110115098,false,פריגת צלול תפוחים 1.5 ליטר פיקדון,מבשלות בירה לישראל ב,IL,פריגת צלול תפוח 1.5,ארגז,1.50,ליטר,false,,8.50,5.6667,true,1,154653
7290110115104,false,פריגת צלול אפרסק 1.5 ליטר פיקדון,מבשלות בירה בינלאומי,IL,פריגת צלול אפרסק 1.5,ארגז,1.50,ליטר,false,,8.50,5.6667,true,1,154654
7290110115111,false,פריגת צלול אננס 1.5 ליטר פיקדון,מבשלות בירה לישראל ב,IL,פריגת צלול אננס 1.5,ארגז,1.50,ליטר,false,,8.50,5.6667,true,1,154655
7290110115128,false,פריגת צלול בטעם לימונענע 1.5 ליטר פיקדון,מבשלות בירה לישראל ב,IL,פריגת צלול בטעם לימו,ארגז,1.50,ליטר,false,,8.50,5.6667,true,1,154656
7290110115180,false,מים מינרליים נביעות,"נביעות טבע הגליל בע""",IL,נביעות 1.5 ליטר,ארגז,1.50,ליטר,false,,3.20,2.1333,true,1,193565
7290110115203,false,קוקה קולה 1.5 ליטר פיקדון,קוקה קולה Coca Cola,IL,קוקה קולה 1.5 ליטר,ארגז,1.50,ליטר,false,,8.90,5.9333,true,1,154673
7290110115210,false,דיאט קוקה קולה 1.5 ליטר פיקדון,קוקה קולה Coca Cola,IL,דיאט קוקה קולה 1.5 ל,ארגז,1.50,ליטר,false,,8.50,5.6667,true,1,154674
7290110115227,false,קולה ZERO 1.5 ליטר פיקדון,קוקה קולה Coca Cola,IL,קוקה קולה זירו בקבוק,ארגז,1.50,ליטר,false,,8.50,5.6667,true,1,154675
7290110115234,false,קולה ZERO נטול 1.5 ליטר פיקדון,החברה המרכזית לייצור,IL,קולה ZERO נטול 1.5 ל,ארגז,1.50,ליטר,false,,8.50,5.6667,true,1,154676
7290110115241,false,קוקה קולה זירו לימון 1.5 ליטר,החברה המרכזית לייצור,IL,קולה ZERO לימון 1.5,ארגז,1.50,ליטר,false,,8.50,5.6667,true,1,154692
7290110115265,false,ספרייט 1.5 ליטר LIME פיקדון,החברה המרכזית לייצור,IL,ספרייט 1.5 ליטר LIME,ארגז,1.50,ליטר,false,,8.90,5.9333,true,1,154778
7290110115272,false,ZERO ספרייט זירו 1.5 ליטר פיקדון,החברה המרכזית לייצור,IL,ספרייט זירו 1.5 ליטר,ארגז,1.50,ליטר,false,,8.50,5.6667,true,1,154779
7290110115289,false,ספרייט 19 קל' לימון-נענע 1.5 ליטר פיקדון,החברה המרכזית לייצור,IL,ספרייט 19 קלוריות לי,ארגז,1.50,ליטר,false,,8.50,5.6667,true,1,154821
7290110115296,false,פאנטה אורנג' 1.5 ליטר פיקדון,החברה המרכזית לייצור,IL,פאנטה אורנג' 1.5 ליט,ארגז,1.50,ליטר,false,,8.90,5.9333,true,1,154822
7290110115302,false,פאנטה ZERO אורנג' 1.5 ליטר פיקדון,החברה המרכזית לייצור,IL,פאנטה זירו בטעם אורנ,ארגז,1.50,ליטר,false,,8.90,5.9333,true,1,154836
7290110115319,false,פאנטה אקזוטיק 1.5 ליטר פיקדון,החברה המרכזית לייצור,IL,פאנטה אקזוטיק 1.5 לי,ארגז,1.50,ליטר,false,,8.90,5.9333,true,1,154852
7290110115333,false,פאנטה תות 1.5 ליטר פיקדון,החברה המרכזית לייצור,IL,פאנטה תות 1.5 ליטר,ארגז,1.50,ליטר,false,,8.90,5.9333,true,1,154867
7290110115340,false,פאנטה ענבים 1.5 ליטר פיקדון,קוקה קולה,IL,פאנטה ענבים 1.5 ליטר,ארגז,1.50,ליטר,false,,8.90,5.9333,true,1,154868
7290110115357,false,קינלי סודה 1.5 ליטר פיקדון,קריות זול,,קינלי סודה 1.5 ליטר,ארגז,1.50,ליטר,false,,3.50,2.3333,true,1,154895
7290110115364,false,קוקה קולה שישיות 1.5 ליטר פיקדון,החברה המרכזית לייצור,IL,קוקה קולה 6*1.5 ליטר,ארגז,9.00,ליטר,false,,49.90,5.5444,true,1,154694
7290110115371,false,דיאט קוקה קולה שישיות 1.5 ליטר פיקדון,החברה המרכזית לייצור,IL,קוקה קולה דיאט 6*1.,ארגז,9.00,ליטר,false,,47.10,5.2333,true,1,154695
7290110115395,false,ZERO ספרייט שישיות 1.5 ליטר פיקדון,החברה המרכזית לייצור,IL,ספרייט זירו 6* 1.5 ל,ארגז,9.00,ליטר,false,,47.10,5.2333,true,1,154807
7290110115401,false,קינלי סודה שישייה 1.5 ליטר פיקדון,החברה המרכזית לייצור,IL,קינלי סודה 6*1.5 ליט,ארגז,9.00,ליטר,false,,14.90,1.6556,true,1,179783
7290110115418,false,מארז שישייה קוקה קולה זירו 1.5 ל',החברה המרכזית לייצור,IL,קוקה קולה זירו שישיי,ארגז,9.00,ליטר,false,,46.90,5.2111,true,1,154696
7290110115425,false,FUZE TEA גרין לימונענע -נענע 1.5 ליטר פיקדון,מבשלות בירה בינלאומי,IL,פיוז טי לימון נענע 1,ארגז,1.50,ליטר,false,,8.90,5.9333,true,1,154910
7290110115449,false,אייס תה בטעם מנגו אננס 1.5ל' FUZE TEA,מבשלות בירה בינלאומי,IL,פיוז טי מנגו אננס 1.,ארגז,1.50,ליטר,false,,9.50,6.3333,true,1,154912
7290110115456,false,"תה קר בטעם אפרסק 19 קלוריות ב- 100 מ""ל",מבשלות בירה בינלאומי,IL,פיוז טי אפרסק 19 קל,ארגז,1.50,ליטר,false,,8.90,5.9333,true,1,154913
7290110115463,false,אייס תה בטעם אפרסק 1.5ל' FUZE TEA,מבשלות בירה בינלאומי,IL,פיוז טי אפרסק 1.5 לי,ארגז,1.50,ליטר,false,,9.50,6.3333,true,1,154928
7290110115494,false,אייס תה בטעם ענבים 1.5ל' FUZE TEA,מבשלות בירה בינלאומי,IL,פיוז טי ענבים 1.5 לי,ארגז,1.50,ליטר,false,,9.50,6.3333,true,1,154945
7290110115531,false,פאנטה ZERO תפוח 1.5 ליטר פיקדון,החברה המרכזית לייצור,IL,פאנטה זירו בטעם תפוח,ארגז,1.50,ליטר,false,,8.90,5.9333,true,1,154837
7290110115593,false,פריגת אשכוליות 40% פחות סוכר 1.5 ליטר פיקדון,מבשלות בירה בינלאומי,IL,משקה קל בטעם אשכוליו,ארגז,1.50,ליטר,false,,8.50,5.6667,true,1,154637
7290110115609,false,פריגת ענבים 40% פחות סוכר 1.5 ליטר פיקדון,מבשלות בירה בינלאומי,IL,משקה קל בטעם ענבים 4,ארגז,1.50,ליטר,false,,8.50,5.6667,true,1,154638
7290110115616,false,FUZE tea zero גרין אננס 1.5 ליטר פיקדון,מבשלות בירה בינלאומי,IL,פיוז טי ZERO גרין אנ,ארגז,1.50,ליטר,false,,8.90,5.9333,true,1,227131
7290110116132,false,"מיץ לימון 750 מ""ל פריגת",סירופ גבעת חיים,IL,סירופ פריגת טעם לימו,מיליליטרים,750.00,"100 מ""ל",false,,18.90,0.0252,true,1,382794
7290110116156,false,נביעות+ רכיבי פרי מנגו פסיפלורה 1.5 ליטר,נביעות,IL,נביעות+ פרי בטעם מנג,ארגז,1.50,ליטר,false,,8.90,5.9333,true,1,420120
7290110116194,false,"מים לימון ליים 0 קלוריות, 1.5 ל נביעות","נביעות טבע הגליל בע""",IL,נביעות+ לימון ליים 0,ארגז,1.50,ליטר,false,,9.90,6.6000,true,1,420165
7290110116217,false,נביעות+ אשכוליות 0קלוריות 1.5 ליטר,"נביעות טבע הגליל בע""",IL,נביעות+ אשכולית 0 קל,ארגז,1.50,ליטר,false,,8.90,5.9333,true,1,420166
7290110116392,false,מיץ תפוזים 750 מל פריגת,סירופ גבעת חיים,IL,סירופ בטעם תפוזים 75,מיליליטרים,750.00,"100 מ""ל",false,,18.90,0.0252,true,1,420197
7290110116484,false,מיץ סחוט תות בננה 1 ל' פריגת,Unknown,IL,פריגת סחוט MIX תות ב,ארגז,1.00,ליטר,false,,14.90,14.9000,true,1,440888
7290110116491,false,מיץ סחוט אפרסק משמש 1 ל' פריגת,Unknown,IL,פריגת סחוט MIX אפרסק,ארגז,1.00,ליטר,false,,14.90,14.9000,true,1,440903
7290110116507,false,מיץ מיקס אננה בננה אגס 1 ל' פריגת,גת,IL,פריגת סחוט MIX אננס,ארגז,1.00,ליטר,false,,14.90,14.9000,true,1,440904
7290110116514,false,"פריגת מיקס תות בננה 400 מ""ל",פריגת,IL,פריגת סחוט MIX תות ב,מיליליטרים,400.00,"100 מ""ל",false,,8.90,0.0223,true,1,458841
7290110320591,false,גבינה בולגרית מעודנת 16%,פיראוס,IL,בולגרית 16% במרקם מע,גרמים,250.00,100 גרם,false,,20.80,0.0832,true,1,16995
7290110320850,false,פתיתים גבינה חצי קשה מגורדת 28% שומן,תנובה מרכז שיתופי לש,IL,עמק פתיתים 200 גרם,גרמים,200.00,100 גרם,false,,14.90,0.0745,true,1,17003
7290110320867,false,פתיתים גבינה חצי קשה מגורדת 28% שומן,תנובה מרכז שיתופי לש,IL,עמק פתיתים למאפים 28,גרמים,500.00,100 גרם,false,,34.90,0.0698,true,1,17004
7290110320935,false,גבינת מוצרלה תנובה 150ג' פרוסות,תנובה מרכז שיתופי לש,IL,פרוסות מוצרלה 150 גר,גרמים,150.00,100 גרם,false,,15.80,0.1053,true,1,17005
7290110321031,false,מעדן חלב GO יוגורט מועשר בחלבון טבעי 200 ג' יופלה,"תנובה, מחלבת אלון תב",IL,יופלה גו 200 גרם תנו,גרמים,200.00,100 גרם,false,,4.80,0.0240,true,1,17007
7290110321277,false,קוטג' בקטנה % 5 100 ג' תנובה,פארייפאבה אגרואינדוס,IL,קוטג' תנובה בקטנה 5,גרמים,100.00,100 גרם,false,,2.30,0.0230,true,1,17019
7290110321284,false,קוטג' בקטנה 9% 100 ג' תנובה,פארייפאבה אגרואינדוס,IL,קוטג' תנובה בקטנה 9,גרמים,100.00,100 גרם,false,,2.30,0.0230,true,1,17020
7290110321604,false,קוביות פיראוס בולגרית מעודנת 5% 200 גרם - רבנות,פיראוס,IL,פיראוס קוביות בולגרי,גרמים,200.00,100 גרם,false,,19.80,0.0990,true,1,17031
7290110321680,false,יוגורט GO בטעם תות 20 גרם חלבון בגביע,מיוצר עי קונדיטוריית,IL,יופלה גו בטעם תות 20,גרמים,200.00,100 גרם,false,,6.20,0.0310,true,1,17033
7290110321697,false,יוגורט GO בטעם אפרסק 20 גרם חלבון בגביע,מיוצר עי קונדיטוריית,IL,יופלה גו בטעם אפרסק,מיליליטרים,200.00,"100 מ""ל",false,,6.20,0.0310,true,1,17034
7290110321703,false,יוגורט GO בטעם פירות יער 20 גרם חלבון בגביע,מיוצר עי קונדיטוריית,IL,יופלה גו בטעם פרות י,מיליליטרים,200.00,"100 מ""ל",false,,6.20,0.0310,true,1,17035
7290110321789,false,גבינת מסקרפונה 38% השף הלבן 250 ג',תנובה,IL,גבינת מסקרפונה 38% ש,גרמים,250.00,100 גרם,false,,18.80,0.0752,true,1,17040
7290110322014,false,טופו בטעם טבעי תנובה ALTERNATIVE,שוורצקוף& הנקל דיסלד,IL,טופו טבעי 300 גרם,גרמים,300.00,100 גרם,false,,12.90,0.0430,true,1,17048
7290110322946,false,יופלה טיוב יוגורט במרקם חלק בטעם תות בננה כשרות רבנות 348 ג',,,יופלה טיוב יוגורט במ,מיליליטרים,348.00,"100 מ""ל",false,,11.80,0.0339,true,1,17070
7290110323097,false,מעדן גבינה עם תות 5% שומן 80 ג' תנובה,תנובה,IL,תאומים 80 גרם גביע ב,גרמים,80.00,100 גרם,false,,2.00,0.0250,true,1,17076
7290110323301,false,טל העמק בסגנון אמנטל 32% שומן 200 גרם,עמק - תנובה,IL,גבינת עמק טל 32% שומ,גרמים,200.00,100 גרם,false,,19.90,0.0995,true,1,17087
7290110323585,false,יופלה יוגורט עם דובדבן מופחת קלוריות 200 ג' GO,יופלה Yoplait,,יופלה GO לייט עם דוב,גרמים,200.00,100 גרם,false,,6.20,0.0310,true,1,17105
7290110323592,false,יופלה יוגורט עם אפרסק מופחת קלוריות 200 ג' GO,יופלה Yoplait,,יופלה GO לייט עם אפר,גרמים,200.00,100 גרם,false,,6.20,0.0310,true,1,17106
7290110323714,false,משקה קוקוס שקדים תנובה E אלטרנטיב,מיוצר עי קונדיטוריית,IL,תנובה משקה קוקוס שקד,אין,0.00,יחידה,false,,13.50,0.0000,true,1,17114
7290110324070,false,גבינת חלומי מחלב בקר 22%שומן 200גר,"תנובה בע""מ",IL,גבינת חלומי מחלב בקר,גרמים,200.00,100 גרם,false,,18.90,0.0945,true,1,68570
7290110324353,false,יוגורט GO לייט בטעם אננס 20 גרם חלבון בגביע,"תנובה בע""מ",IL,יופלה גו לייט בטעם א,גרמים,200.00,100 גרם,false,,6.20,0.0310,true,1,17146
7290110324551,false,יופלה טיוב יוגורט במרקם חלק בטעם תות 348 ג',יופלה Yoplait,IL,יופלה טיוב יוגורט במ,מיליליטרים,348.00,"100 מ""ל",false,,11.80,0.0339,true,1,17157
7290110324711,false,ממרח סויה בטעם טבעי 9% שומן אלטרנטיב,מיוצר עי קונדיטוריית,IL,ממרח סויה 9% בטעם טב,גרמים,250.00,100 גרם,false,,7.80,0.0312,true,1,17167
7290110324728,false,ממרח סויה עם שום שמיר 9% שומן אלטרנטיב,מיוצר עי קונדיטוריית,IL,ממרח סויה 9% עם שום,גרמים,250.00,100 גרם,false,,7.80,0.0312,true,1,17168
7290110324841,false,מעדן שקדים עם שוקולד מריר אלטרנטיב,מיוצר עי קונדיטוריית,IL,מעדן שקדים עם שוקולד,גרמים,125.00,100 גרם,false,,4.50,0.0360,true,1,17175
7290110324858,false,מעדן שקדים בטעם אגוזי לוז אלטרנטיב,תנובה Alternative,IL,מעדן שקדים בטעם אגוז,גרמים,125.00,100 גרם,false,,4.50,0.0360,true,1,17176
7290110324926,false,משקה סויה ללא תוספת סוכר E אלטרנטיב,תנובה מרכז שיתופי לש,IL,משקה סויה ללא תוספת,אין,0.00,יחידה,false,,10.40,0.0000,true,1,17181
7290110325114,false,"משקה יוגורט יופלה גו לייט תות בננה 250 מ""ל - רבנות",מיוצר עי קונדיטוריית,IL,יופלה משקה יוגורט גו,מיליליטרים,250.00,"100 מ""ל",false,,6.50,0.0260,true,1,17193
7290110325121,false,משקה יוגורט יופלה גו לייט מנגו אננס,"תנובה בע""מ",IL,יופלה משקה יוגורט גו,מיליליטרים,250.00,"100 מ""ל",false,,6.50,0.0260,true,1,17194
7290110325305,false,מעדן סויה GO מועשר בחלבון במתיקות מעודנת,מיוצר עי קונדיטוריית,IL,יופלה סויה גו 20 גרם,גרמים,200.00,100 גרם,false,,6.20,0.0310,true,1,17199
7290110325312,false,מעדן סויה GO מועשר בחלבון בטעם תות,"תנובה בע""מ",IL,יופלה סויה גו 20 גרם,גרמים,200.00,100 גרם,false,,6.20,0.0310,true,1,17200
7290110325510,false,יופלה טיוב יוגורט במרקם חלק בטעם וניל - 348 ג',"תנובה בע""מ",IL,יופלה טיוב יוגורט במ,מיליליטרים,348.00,"100 מ""ל",false,,11.80,0.0339,true,1,17205
7290110325619,false,משקה שיבולת שועל תנובה E אלטרנטיב,מיוצר עי קונדיטוריית,IL,תנובה משקה שיבולת שו,אין,0.00,יחידה,false,,13.50,0.0000,true,1,17208
7290110325701,false,פיראוס צזיקי יווני 9% שומן על בסיס יוגורט,גוד פוד פרודקטס S.p,IL,פיראוס צזיקי יווני 9,גרמים,250.00,100 גרם,false,,11.80,0.0472,true,1,17214
7290110325893,false,משקה חלב GO מועשר בחלבון בטעם אייס קפה,מיוצר עי קונדיטוריית,IL,משקה תנובה GO אייס ק,גרמים,340.00,100 גרם,false,,7.90,0.0232,true,1,17229
7290110326173,false,יולו COOKIES שוקולדלבן בטעם קרם עוגיות+עוגיות ונטיפי שוקולד 120 ג',תנובה,IL,יולו קוקיז ש.לבן בטע,גרמים,120.00,100 גרם,false,,4.80,0.0400,true,1,17239
7290110326210,false,יופלה און טופ פצפוצים 157 גרם.,מיוצר עי קונדיטוריית,IL,יופלה און טופ פצפוצי,גרמים,157.00,100 גרם,false,,4.90,0.0312,true,1,17242
7290110326227,false,יוגורט און טופ קורנפלקס 157 ג' יופלה,מיוצר עי קונדיטוריית,IL,יופלה און טופ קורנפל,גרמים,157.00,100 גרם,false,,4.90,0.0312,true,1,17243
7290110326234,false,יוגורט און טופ כוכבים 157 ג' יופלה,מיוצר עי קונדיטוריית,IL,יופלה און טופ כוכבים,גרמים,157.00,100 גרם,false,,4.90,0.0312,true,1,17244
7290110326876,false,לאבנה עיזים פיראוס 2,Unknown,,לאבנה עיזים פיראוס 2,גרמים,250.00,100 גרם,false,,17.50,0.0700,true,1,458263
7290110327279,false,גבינת שמנת בסגנון טוסקנה נפוליאון 24% שומן 225 ג',תנובה מרכז שיתופי לש,IL,נפוליאון טוסקנה 25%,גרמים,225.00,100 גרם,false,,14.50,0.0644,true,1,17290
7290110327514,false,משקה שיבולת שועל בטעם אגוזי לוז 1 ליטר אלטרנטיב,תנובה מרכז שיתופי לש,IL,משקה שיבולת שועל בטע,אין,0.00,יחידה,false,,13.50,0.0000,true,1,103953
7290110327545,false,מעדן און טופ תות פצפוצים מצופים שוקולד 157ג' יופלה,מיוצר עי קונדיטוריית,IL,יופלה און טופ בטעם ת,גרמים,157.00,100 גרם,false,,4.90,0.0312,true,1,36179
7290110327637,false,יוגורט דיאט יופלה קיווי 0% שומן 150 ג' יופלה,תנובה מרכז שיתופי לש,IL,יופלה דיאט בטעם קיוו,מיליליטרים,150.00,"100 מ""ל",false,,5.10,0.0340,true,1,36139
7290110327798,false,חטיף חלבון GO - שוקולד 60 ג' חלב נוכרי - רבנות,"בלמונט קונפקציות בע""",US,GO חטיף חלבון בטעם ש,גרמים,60.00,100 גרם,false,,11.90,0.1983,true,1,84201
7290110327804,false,חטיף חלבון GO - עוגיות 60 ג' חלב נוכרי - רבנות,"בלמונט קונפקציות בע""",US,GO חטיף חלבון בטעם ב,גרמים,60.00,100 גרם,false,,11.90,0.1983,true,1,84202
7290110327811,false,חטיף חלבון GO - קוקוס 60 ג' חלב נוכרי - רבנות,"בלמונט קונפקציות בע""",US,GO חטיף חלבון עם קוק,גרמים,60.00,100 גרם,false,,11.90,0.1983,true,1,84203
7290110327828,false,חטיף חלבון GO - חמאת בוטנים 60 ג' חלב נוכרי - רבנות,"בלמונט קונפקציות בע""",US,GO חטיף חלבון עם חמא,גרמים,60.00,100 גרם,false,,11.90,0.1983,true,1,84204
7290110328016,false,משקה סויה מועשר בחלבון בטעם אגוזי לוז 250 גרם,תנובה מרכז שיתופי לש,IL,משקה סויה מעושר בחלב,גרמים,250.00,100 גרם,false,,5.90,0.0236,true,1,49197
7290110328023,false,משקה סויה מועשר בחלבון בטעם קפה 250 גרם,תנובה מרכז שיתופי לש,IL,משקה סויה מעושר בחלב,גרמים,250.00,100 גרם,false,,5.90,0.0236,true,1,49198
7290110328221,false,יוגורט תנובה נטול לקטוז 200 ג',מיוצר עי קונדיטוריית,IL,יוגורט תנובה נטול לק,גרמים,200.00,100 גרם,false,,3.90,0.0195,true,1,55160
7290110328436,false,פלח גאודה עיזים - מעודן 150 גרם - רבנות,"תנובה בע""מ",IL,פלח גאודה עיזים בטעם,גרמים,150.00,100 גרם,false,,20.90,0.1393,true,1,68373
7290110328580,false,יוגורט ביו 5% 200 ג' תנובה,מיוצר עי קונדיטוריית,IL,יוגורט טבעי תנובה 5%,גרמים,200.00,100 גרם,false,,3.50,0.0175,true,1,211009
7290110328627,false,יוגורט יופלה GO במרקם סמיך בטעם בננה קרמל 0%,מיוצר עי קונדיטוריית,IL,יוגורט גו סמיך 0% בנ,גרמים,200.00,100 גרם,false,,6.20,0.0310,true,1,89592
7290110328641,false,טופו טבעי 500 ג אלטרנטיב 2*250 גרם,תנובה,IL,טופו טבעי 2 יחידות,גרמים,500.00,100 גרם,false,,17.90,0.0358,true,1,110752
7290110328764,false,יוגורט יופלה GO במרקם סמיך עם תות 0%,מיוצר עי קונדיטוריית,IL,יוגורט גו סמיך 0% תו,גרמים,200.00,100 גרם,false,,6.20,0.0310,true,1,89607
7290110328771,false,יוגורט יופלה GO במרקם סמיך עם פירות יער 0%,מיוצר עי קונדיטוריית,IL,יוגורט גו סמיך 0% פי,גרמים,200.00,100 גרם,false,,6.20,0.0310,true,1,89608
7290110328788,false,יוגורט יופלה GO במרקם סמיך בטעם אפרסק 0%,תנובה מרכז שיתופי לש,IL,יוגורט גו סמיך 0% אפ,גרמים,200.00,100 גרם,false,,6.20,0.0310,true,1,89593
7290110328887,false,"חלב תנובה בקבוק 3%, כשרות מהדרין, 1 ליטר",תנובה מרכז שיתופי לש,IL,חלב תנובה בבקבוק 3%,ארגז,1.00,ליטר,false,,6.23,6.2300,true,1,241225
7290110328955,false,קוביות גבינת עזים בש,דודוני תעשיית החלב ה,GR,קוביות גבינת עזים בש,גרמים,350.00,100 גרם,false,,26.90,0.0769,true,1,322564
7290110329136,false,מעדן חלב מעושר בחלבון בטעם שוקולד 120 ג' GO,תנובה מרכז שיתופי לש,IL,מעדן חלב גו בטעם שוק,גרמים,120.00,100 גרם,false,,4.60,0.0383,true,1,164650
7290110329143,false,מעדן חלב מעושר בחלבון בטעם וניל גביע 120 ג' GO,תנובה מרכז שיתופי לש,IL,מעדן חלב גו בטעם וני,גרמים,120.00,100 גרם,false,,4.60,0.0383,true,1,164623
7290110329266,false,יוגורט תנובה מחלב עיזים מלא תנובה 140 ג',קריות זול,IL,יוגורט מחלב עיזים מל,גרמים,140.00,100 גרם,false,,5.90,0.0421,true,1,110806
7290110329303,false,פרוסות צהובה 200 גרם אלטרנטיב אלטרנטיב,תנובה Alternative,IL,פרוסות צהובה קלאסית,גרמים,200.00,100 גרם,false,,21.90,0.1095,true,1,164678
7290110329709,false,יוגורט ביו 0% 200 ג' תנובה,מיוצר עי קונדיטוריית,IL,יוגורט טבעי תנובה 0%,גרמים,200.00,100 גרם,false,,3.50,0.0175,true,1,211010
7290110329723,false,משקה קפה קר בטעם לאטה 230 ג' תנובה,תנובה מרכז שיתופי לש,IL,קפה קר בטעם לאטה תנו,מיליליטרים,230.00,"100 מ""ל",false,,6.90,0.0300,true,1,319576
7290110329792,false,יוגורט סויה BIO Alternative אפרסק 150 ג' תנובה,מיוצר עי קונדיטוריית,IL,סויה BIO אפרסק גביע,גרמים,150.00,100 גרם,false,,4.90,0.0327,true,1,226305
7290110329808,false,יוגורט סויה BIO Alternative תות 150 ג' תנובה,מיוצר עי קונדיטוריית,IL,סויה BIO תות גביע 15,גרמים,150.00,100 גרם,false,,4.90,0.0327,true,1,226306
7290110329815,false,סויה BIO מתיקות מעודנת גביע 150 גרם אלטרנטיב,מיוצר עי קונדיטוריית,IL,סויה BIO מתיקות מעוד,גרמים,150.00,100 גרם,false,,4.90,0.0327,true,1,226307
7290110329822,false,יוגורט סויה BIO Alternative פירות יער 150 ג' תנובה,מיוצר עי קונדיטוריית,IL,סויה BIO פירות יער ג,גרמים,150.00,100 גרם,false,,4.90,0.0327,true,1,226308
7290110329839,false,פרוסות צהובה בטעם זיתים 200 ג' אלטרנטיב אלטרנטיב,מיוצר עי קונדיטוריית,IL,פרוסות צהובה בטעם זי,גרמים,200.00,100 גרם,false,,21.90,0.1095,true,1,165466
7290110329846,false,יוגורט סויה BIO Alternative בטעם טבעי 150 ג' תנובה,תנובה Alternative,IL,סויה BIO טבעי גביע 1,גרמים,150.00,100 גרם,false,,4.90,0.0327,true,1,226309
7290110329914,false,מאגדת משקה שיבולת שועל ושקדים 100 גרם*6 יח' ביו אלטרנטיב,תנובה מרכז שיתופי לש,IL,מאגדת משקה שיבולת שו,גרמים,618.00,100 גרם,false,,18.90,0.0306,true,1,411501
7290110550219,false,מטבעות שוקולד לבן לאפיה 400 ג עלית,שטראוס,IL,מטבעות שוקולד לבן לא,גרמים,400.00,100 גרם,false,,29.90,0.0747,true,1,319160
7290110551254,false,נשנושי תירס טעם הטבע,,,נשנושי תירס 600 גרם,גרמים,600.00,100 גרם,false,,15.90,0.0265,true,1,436743
7290110551261,false,נשנושי תירס 500 גרם,,,נשנושי תירס 500 גרם,גרמים,500.00,100 גרם,false,,12.90,0.0258,true,1,450946
7290110552121,false,יוגורט בתוספת סידן וויטמין ד 100 ג' דנונה,תנובה מרכז שיתופי לש,IL,היוגורט הראשון שלי 5,גרמים,100.00,100 גרם,false,,2.30,0.0230,true,1,353777
7290110552220,false,יוגורט PRO בטעם תות 0% סוכר לבן 20 גרם חלבון בגביע,"שטראוס בריאות בע""מ",IL,דנונה PRO 20 גרם חלב,גרמים,200.00,100 גרם,false,,5.90,0.0295,true,1,210126
7290110552237,false,יוגורט פרו בטעם אפרסק מנגו ללא סוכר 200 ג' דנונה,"שטראוס בריאות בע""מ",IL,דנונה PRO 20 גרם חלב,גרמים,200.00,100 גרם,false,,5.90,0.0295,true,1,210112
7290110552817,false,עלית - צנצנת מאסט בטעם גלידה לימון,STRAUSS-ISRAEL,,מסטיק ללא סוכר בטעם,גרמים,66.00,100 גרם,false,,10.50,0.1591,true,1,382313
7290110553036,false,קריספס-פריכיות עם אפונה ובטטה סגולה בטעם בצל מקורמל,"פרח תעשיו מזון בע""מ",IL,פרכית חלבון בטטה סגו,גרמים,60.00,100 גרם,false,,9.90,0.1650,true,1,216717
7290110553173,false,אנרג'י - פריכיות בטעם קרמל 40 גרם,סאנורייס בלגיום,IL,פריכיות אורז בטעם קר,גרמים,40.00,100 גרם,false,,6.90,0.1725,true,1,448300
7290110553180,false,אנרג'י - פריכיות בטעם תפוח קינמון 40 גרם,סאנורייס בלגיום,IL,פריכיות עם תפוח וקינ,גרמים,40.00,100 גרם,false,,6.90,0.1725,true,1,448301
7290110554101,false,"יד מרדכי מייפל בפאוץ' 125 מ""ל",,,סירופ מייפל טבעי 125,מיליליטרים,125.00,"100 מ""ל",false,,17.90,0.1432,true,1,440820
7290110554125,false,נודלס סצ'ואן חריף 350 ג' דלישס,אוכל ביתי ניר עציון,IL,נודלס בסגנון סצ'ואן,גרמים,350.00,100 גרם,false,,27.90,0.0797,true,1,146132
7290110554422,false,רוטב עגבניות ופלפלים לשקשוקה 350 גר' יד מרדכי,אימילאנה,IT,רוטב עגבניות ופלפלים,גרמים,350.00,100 גרם,false,,11.90,0.0340,true,1,250590
7290110554583,false,מארז חטיפי צ'יטוס פאפס בטעם גבינה - 10 יחידות,שטראוס,IL,מארז צ'יטוס PUFFS בט,גרמים,200.00,100 גרם,false,,14.10,0.0705,true,1,187777
7290110554705,false,"קפסולות קפה יונילקו אספרסו קלוי וטחון, 10 * 50 ג'",שטראוס קפה בי.וי.,IL,"קפסולות שת""פ קפה 50",גרמים,50.00,100 גרם,false,,19.90,0.3980,true,1,442667
7290110554712,false,"קפסולות קפה אספרסו קלייה איטית ובהירה, 10 * 50 ג'",,,"שת""פ קפה 50 גרם נחת",גרמים,50.00,100 גרם,false,,19.90,0.3980,true,1,442668
7290110554729,false,קפסולות עלית אספרסו 04 תואמות למכונות NESPRESSO,שטראוס קפה בי.וי,IL,עלית קפסולות אספרסו,גרמים,50.00,100 גרם,false,,16.90,0.3380,true,1,342572
7290110555009,false,מארז זוג רוטב פסאטה 2* 350 ג' יד מרדכי,אימילאנה,IT,פסאטה זוגות 700 גרם,גרמים,700.00,100 גרם,false,,11.90,0.0170,true,1,432266
7290110555092,false,לאבנה+שמן זית וצ'ילי 250 גרם,"מחלבות בר בכפר בע""מ",IL,לאבנה עם שמן זית וצ',גרמים,250.00,100 גרם,false,,11.40,0.0456,true,1,343657
7290110555603,false,ספלנדיד אבקה להכנת משקה בטעם שוקולטה,"ג'אלוסיס י. בע""מ",GR,אבקה להכנת שוקולטה ס,גרמים,360.00,100 גרם,false,,24.00,0.0667,true,1,458914
7290110555665,false,קקאו דל שומן קופסא 220 ג' עלית,,,אבקת קקאו דל שומן 22,גרמים,220.00,100 גרם,false,,18.90,0.0859,true,1,457619
7290110555788,false,נסקפה קפוצ'ינו פחית וניל 200 ג' עלית,שטראוס,IL,אבקה להכנת משקה קפה,גרמים,200.00,100 גרם,false,,24.90,0.1245,true,1,457575
7290110556242,false,"שוקולד מריר פרווה 100 גר' בד""ץ תוצרת חוץ","שטראוס גרופ בע""מ.",IL,שוקולד מריר מעולה 10,גרמים,100.00,100 גרם,false,,5.20,0.0520,true,1,436441
7290110557027,false,חומוס עשיר 50% טחינה גולמית 400 ג' אחלה,מיוצר עי קונדיטוריית,IL,חומוס הסדרה עשיר ב50,גרמים,400.00,100 גרם,false,,12.90,0.0323,true,1,162598
7290110557102,false,מעדן חלב עם שוקולד מועשר בחלבון 150 ג' שטראוס,מיוצר עי קונדיטוריית,IL,מעדן פרו חלב עם שוקו,גרמים,150.00,100 גרם,false,,5.80,0.0387,true,1,133811
7290110557133,false,מעדן הגולן וניל 125 ג' שטראוס,מיוצר עי קונדיטוריית,IL,מעדן הגולן מעדן חלב,גרמים,125.00,100 גרם,false,,2.90,0.0232,true,1,151665
7290110557317,false,יוגורט בתוספת סידן וויטמין ד עם שיבולת שועל 100 ג' דנונה,תנובה מרכז שיתופי לש,IL,היוגורט הראשון שלי ש,גרמים,100.00,100 גרם,false,,2.30,0.0230,true,1,353778
7290110557478,false,חומוס גלילי במרקם מעודן 600 גרם,שטראוס,IL,חומוס גלילי אחלה 60,גרמים,600.00,100 גרם,false,,12.90,0.0215,true,1,286071
7290110558130,false,אקטיביה עם שיבולת שועל ודבש 150 ג' דנונה,"שטראוס בריאות בע""מ",IL,אקטיביה עם דבש ושיבו,גרמים,150.00,100 גרם,false,,4.70,0.0313,true,1,344533
7290110558154,false,דנונה לייט אנד פרי עוגת תפוחים 150ג דנונה,"שטראוס בריאות בע""מ",IL,דנונה לייט אנד פרי ת,גרמים,150.00,100 גרם,false,,4.90,0.0327,true,1,408600
7290110558215,false,"דנונה קראנצ`פיסטוק עם פיצפוץ לבן קראנצי פיסטוק, 173 גרם","שטראוס בריאות בע""מ",IL,דנונה קראנצ' בטעם פי,גרמים,173.00,100 גרם,false,,4.60,0.0266,true,1,438707
7290110558222,false,"וואו יוגורט עם שכבה בטעם בנופי פאי 5.4%, 150ג דנונה","שטראוס בריאות בע""מ",IL,WOW יוגורט בטעם בנופ,גרמים,150.00,100 גרם,false,,4.90,0.0327,true,1,408570
7290110558239,false,"וואו יוגורט עם שכבה בטעם קראק פאי 5.4%, 150 ג דנונה","שטראוס בריאות בע""מ",IL,WOW יוגורט בטעם קראק,גרמים,150.00,100 גרם,false,,4.90,0.0327,true,1,408571
7290110558253,false,"דנונה ריפרש בננה אננס וצ`יה, 250 גרם","שטראוס בריאות בע""מ",IL,יוגורט עם אננס בננה,גרמים,250.00,100 גרם,false,,5.50,0.0220,true,1,344547
7290110558284,false,יוגורט ביו מולטי 200 ג' דנונה,"שטראוס בריאות בע""מ",IL,דנונה מולטי 3% שומן,מיליליטרים,200.00,"100 מ""ל",false,,4.40,0.0220,true,1,381288
7290110558307,false,יוגורט דנונה PRO עם שיבולת שועל במתיקות מעודנת,"שטראוס בריאות בע""מ",IL,דנונה פרו עם שיבולת,מיליליטרים,200.00,"100 מ""ל",false,,6.30,0.0315,true,1,346136
7290110558314,false,דנונה פרו 20 ג' חלבון ללא סוכר פיסטוק 200 גרם,"שטראוס בריאות בע""מ",IL,דנונה פרו ללא סוכר 2,גרמים,200.00,100 גרם,false,,5.90,0.0295,true,1,408601
7290110558338,false,יוגורט PRO בטעם מתיקות מעודנת 1.5% שומן,"שטראוס בריאות בע""מ",IL,דנונה פרו 25 גרם חלב,מיליליטרים,200.00,"100 מ""ל",false,,6.30,0.0315,true,1,346137
7290110558741,false,"גמדים פאוץ תפוח בננה, 100 ג' שטראוס","שטראוס בריאות בע""מ",IL,גמדים לדרך תפוח ובננ,גרמים,100.00,100 גרם,false,,5.90,0.0590,true,1,460823
7290110559755,false,ריל - מאגדת בוטנים פיסטוק וחמוציות 35 גרם * 3,ואמואליס פודס,GR,מאגדת חטיף Real אנר,גרמים,105.00,100 גרם,false,,15.90,0.1514,true,1,409296
7290110559762,false,ריל - מאגדת אגוזים תמרם קוקוס 35 גרם * 3,ואמואליס פודס,GR,מאגדת חטיף Real אנר,גרמים,105.00,100 גרם,false,,15.90,0.1514,true,1,409323
7290110560300,false,"הפריכיות הטעימות חומוס, עדשים שחורות, קינואה ופלפל שחור",אנרג'י Energy - שטראוס,IL,פריכיות משולשות פלפל,גרמים,30.00,100 גרם,false,,5.20,0.1733,true,1,15210
7290110560317,false,"הפריכיות הטעימות חומוס, עדשים שחורות, קינואה ומלח ים","פרח תעשיו מזון בע""מ",IL,פריכיות משולשות מלח,גרמים,30.00,100 גרם,false,,5.20,0.1733,true,1,15211
7290110560324,false,"הפריכיות הטעימות תפו""א, אורז, אפונה ומלח ים","פרח תעשיו מזון בע""מ",IL,פריכיות משולשות אפונ,גרמים,30.00,100 גרם,false,,5.20,0.1733,true,1,15212
7290110560836,false,מילקי פסק זמן מהדרין 133ג',מיוצר עי קונדיטוריית,IL,מילקי בטעם פסק זמן 1,מיליליטרים,170.00,"100 מ""ל",false,,3.00,0.0176,true,1,15717
7290110561352,false,דנונה יוגורט ביו פרוביוטי 3% דל לקטוז 150ג',"שטראוס בריאות בע""מ",IL,דנונה ביו דל לקטוז ב,גרמים,200.00,100 גרם,false,,4.10,0.0205,true,1,15718
7290110561604,false,מארז 8 יחידות מעדן גמדים בטעם תות בננה,שטראוס,IL,שמיניית גמדים תות בנ,גרמים,800.00,100 גרם,false,,19.80,0.0248,true,1,15720
7290110563431,false,"משקה קפה קר בסגנון קלאסי 230 מ""ל 1.6% יוטבתה",האי נאם סי או אל.טי.,AT,יטבתה משקה קפה קר בס,מיליליטרים,230.00,"100 מ""ל",false,,7.90,0.0343,true,1,15722
7290110563448,false,"משקה קפה קר בסגנון מעודן 230 מ""ל 1.6% יוטבתה",האי נאם סי או אל.טי.,AT,יטבתה משקה קפה קר בס,מיליליטרים,230.00,"100 מ""ל",false,,7.90,0.0343,true,1,15723
7290110563462,false,חלב בבקבוק נטול לקטוז 2% יטבתה 1 ל',מחלבת יטבתה,IL,יטבתה חלב בבקבוק נטו,ארגז,1.00,ליטר,false,,8.30,8.3000,true,1,15724
7290110564339,false,חומוס אחלה הסידרה המובחר 30% טחינה 400 גר',מיוצר עי קונדיטוריית,IL,חומוס הסדרה המובחרת,גרמים,400.00,100 גרם,false,,12.90,0.0323,true,1,15728
7290110564360,false,חומוס אחלה הסידרה המובחר 40% טחינה 400 גר',מיוצר עי קונדיטוריית,IL,חומוס אחלה עשיר ב 40,גרמים,400.00,100 גרם,false,,12.90,0.0323,true,1,15729
7290110564414,false,חומוס אחלה הסידרה המובחר 30% טחינה 600 גר',מיוצר עי קונדיטוריית,IL,חומוס הסדרה המובחרת,גרמים,600.00,100 גרם,false,,14.90,0.0248,true,1,15732
7290110565435,false,ג'לי לימבו פטל חלבי שטראוס 125ג',STRAUSS-ISRAEL,,לימבו בטעם פטל 0% שו,גרמים,125.00,100 גרם,false,,2.50,0.0200,true,1,15737
7290110565527,false,יוגורט PRO פרו 1.5% 20 גרם חלבון בגביע,"שטראוס בריאות בע""מ",IL,דנונה PRO 20 גרם חלב,גרמים,200.00,100 גרם,false,,5.90,0.0295,true,1,15739
7290110566975,false,דנונה פרו יוגורט 0% תות עשיר בחלבון 200ג',"שטראוס בריאות בע""מ",IL,דנונה PRO 20 גרם חלב,גרמים,200.00,100 גרם,false,,5.90,0.0295,true,1,15746
7290110568238,false,"קצפת צמחית 21% שומן 250 מ""ל יוטבתה",מחלבת יטבתה,IL,קצפת צימחית 21% במתי,מיליליטרים,250.00,"100 מ""ל",false,,7.90,0.0316,true,1,15755
7290110568276,false,משקה וניל פרו Pro מועשר בחלבון 1.5%,מילקוורק,DE,משקה פרו וניל יטבתה,מיליליטרים,350.00,"100 מ""ל",false,,7.30,0.0209,true,1,15756
7290110568559,false,דוריטוס עלית מארז חמוץ חריף 10 יח' *25 ג',שטראוס פריטוליי,IL,מארז דוריטוס חמוץ חר,גרמים,250.00,100 גרם,false,,13.90,0.0556,true,1,15948
7290110568566,false,דוריטוס גריל עלית מארז 10 יח' *25 ג',שטראוס גרופ,IL,מארז דוריטוס גריל 10,גרמים,250.00,100 גרם,false,,13.90,0.0556,true,1,15949
7290110568627,false,עלית - פסק זמן רול שוקולד חלב עם קרם אגוזים 26 גרם,STRAUSS-ISRAEL,,פסק זמן רול ש.חלב עם,גרמים,28.00,100 גרם,false,,3.90,0.1393,true,1,1320
7290110568924,false,עלית - פסק זמן רול שוקולד חלב עם קרם חלב וקוקוס 26 גרם,STRAUSS-ISRAEL,,פסק זמן רול ש.חלב עם,גרמים,26.00,100 גרם,false,,3.90,0.1500,true,1,1321
7290110570125,false,"משקה קפה קר בטעם אייריש קרים230 מ""ל יוטבתה",אנסטל מילק kg,AT,קפה קר אייריש קרים 2,מיליליטרים,230.00,"100 מ""ל",false,,7.90,0.0343,true,1,438619
7290110570880,false,פולי אספרסו עשירים וארומטיים עוצמה 14 250 ג' עלית,,,פולי אספרסו עשירים ו,גרמים,250.00,100 גרם,false,,21.90,0.0876,true,1,394569
7290110571382,false,מעדן חלב בטעם וניל מעושר בחלבון 150 ג' שטראוס,"שטראוס בריאות בע""מ",IL,מעדן חלב מועשר בחלבו,גרמים,150.00,100 גרם,false,,5.00,0.0333,true,1,300266
7290110571399,false,עלית - צנצנת מאסט בטעם גלידה תות,STRAUSS-ISRAEL,,מסטיק ללא סוכר בטעם,גרמים,66.00,100 גרם,false,,10.50,0.1591,true,1,382314
7290110571405,false,עלית - מיני פינוקיות בגביע פסק זמן 180 גרם,הגביע מוצרי ופלים בע,IL,מיני פינוקיות פסק זמ,גרמים,180.00,100 גרם,false,,10.90,0.0606,true,1,457453
7290110571412,false,מיני פינוקיות - פאדג' שוקולד בגביע 180 גרם,הגביע מוצרי ופלים בע,IL,מיני פינוקיות בגביע,גרמים,180.00,100 גרם,false,,10.90,0.0606,true,1,457438
7290110571474,false,רבע לשבע טבעוני פופקורן 125 ג' עלית,הגביע מוצרי וופלים ב,IL,רבע לשבע טבעוני פופק,גרמים,125.00,100 גרם,false,,10.90,0.0872,true,1,423264
7290110571535,false,מארז קפה טורקי הל 3*100 ג' עלית,שטראוס קפה בי.וי,IL,קפה עלית טורקי הל מא,גרמים,300.00,100 גרם,false,,24.90,0.0830,true,1,319070
7290110572129,false,כיף כף מקלות שוקולד לבן 40 ג' עלית,עלית,,כיף כף מקלות שוקולד,גרמים,40.00,100 גרם,false,,5.20,0.1300,true,1,460007
7290110572884,false,"קפסולות קפה מספר 20 למכונת אספרס אספרסו, 50 גרם",שטראוס קפה בי.וי.,IL,קפסולות אספרסו קפה ע,גרמים,50.00,100 גרם,false,,16.90,0.3380,true,1,457590
7290110574413,false,עלית - פופקורן בטעם טעמי 70 גרם,סראנו עבור שטראוס,קפריסין,נשנושי פופקורן מתוק,גרמים,70.00,100 גרם,false,,7.90,0.1129,true,1,465724
7290110574420,false,עלית - פופקורן בטעם פסק זמן 70 גרם,סראנו עבור שטראוס,קפריסין,נשנושי פופקורן מתוק,גרמים,70.00,100 גרם,false,,7.90,0.1129,true,1,465725
7290110576318,false,מאגדת שלישיית שוקולד אגוז לבן 300 ג' עלית,עלית,FR,מארז שלישיית אגוז ל,גרמים,300.00,100 גרם,false,,23.10,0.0770,true,1,439683
7290110576370,false,מארז שלישייה שוקולד מריר חלבי עם אגוזי לוז,עלית,FR,מארז שלישיית אגוז מ,גרמים,300.00,100 גרם,false,,23.10,0.0770,true,1,439684
7290110576387,false,מאגדת שלישיית שוקולד אגוז חלב 300 ג' עלית,עלית,FR,מארז שלישיית אגוז ח,גרמים,300.00,100 גרם,false,,23.10,0.0770,true,1,439685
7290110576752,false,טבלאות שוקולד ספלנדיד מריר 70% 100 ג' עלית,קימ'ס גריפלנן,BE,שוקולד ספלנדיד מריר,גרמים,100.00,100 גרם,false,,10.90,0.1090,true,1,457677
7290110576776,false,טבלאות שוקולד ספלנדיד מריר 85% 100 ג' עלית,קימ'ס גריפלנן,BE,שוקולד ספלנדיד מריר,גרמים,100.00,100 גרם,false,,10.90,0.1090,true,1,457678
7290110576790,false,סקי בטעם מוקה 125 ג' שטראוס,"שטראוס בריאות בע""מ",IL,מעדן גבינה בטעם מוקה,גרמים,125.00,100 גרם,false,,3.90,0.0312,true,1,438648
7290110576851,false,"גמדים לשתיה סלט פירות 8 יח' *100מ""ל",קריות זול,IL,מארז גמדים לשתייה ס,מיליליטרים,864.00,"100 מ""ל",false,,19.90,0.0230,true,1,440277
7290110576868,false,רבעיית גמדים סלט פירוט * 100 ג' שטראוס,קריות זול,IL,גמדים סלט פירות רביע,מיליליטרים,400.00,"100 מ""ל",false,,11.30,0.0283,true,1,440292
7290110956936,false,מיקסר מייסטר MKM200W,,,מיקסר מייסטר MKM200W,אין,0.00,יחידה,false,,299.90,0.0000,true,1,115252
7290111091520,false,"תחליב רחצה ד""ר עור קוקוס 700 מ""ל","ד""ר עור DOCTOR OR",,תחליב רחצה קלאסי קוק,מיליליטרים,700.00,"100 מ""ל",false,,14.90,0.0213,true,1,18961
7290111092985,false,מגב'וני ביביסיטר רבעיה מהדורה מעוצבת,,,מגבוני בייבי פרפורמנ,אין,0.00,יחידה,false,,14.90,0.0000,true,1,374056
7290111093005,false,"I-CARE מג'להסרת איפור, 25 יח בפלופק",די פי אל,IL,מגבונים להסרת איפור,אין,0.00,יחידה,false,,7.90,0.0000,true,1,18963
7290111093760,false,מגבונים לניקוי רצפות בניחוח מרכך כביסה 10 יח' קוויק,,,קוויק מגבונים לניקוי,יח',10.00,יח',false,,10.90,1.0900,true,1,258930
7290111093982,false,טרופיקל תחליב רחצה פסיפלורה ואינקה אינצ'י דר עור,,,תחליב רחצה פסיפלורה,מיליליטרים,700.00,"100 מ""ל",false,,14.90,0.0213,true,1,440687
7290111094248,false,"קוויק שקית אשפה חזקה וגדולה במיוחד (90*78), 20 יח'",,,שקיות אשפה XL עם שרו,אין,0.00,יחידה,false,,19.90,0.0000,true,1,18964
7290111094361,false,קוויק שקיות אשפה XL עם ידית 20 יח' במארז,,,קוויק שקיות אשפה XL,אין,0.00,יחידה,false,,12.90,0.0000,true,1,147095
7290111095818,false,"קוויק שקית אשפה חזקה במיוחד (65*54), 40 יח'",,,שקיות אשפה L עם שרו,אין,0.00,יחידה,false,,19.90,0.0000,true,1,18967
7290111096921,false,מגבונים לניקוי כללי קוויק חומץ ומלח לימון 50 יחי',,,מטליות לחות לניקוי ב,אין,0.00,יחידה,false,,8.90,0.0000,true,1,152608
7290111097041,false,בייביסיטר מגבונים לח,,,בייביסיטר מגבונים לח,אין,0.00,יחידה,false,,20.90,0.0000,true,1,101299
7290111097836,false,מגבונים דוחה אבק למשטחים בניחוח מרכך כביסה 50 יח' קוויק,,,קוויק מגבונים לניקוי,אין,0.00,יחידה,false,,8.90,0.0000,true,1,258916
7290111098536,false,מגבונים לחים לתינוק,,,מגבונים לחים לתינוק,אין,0.00,יחידה,false,,14.90,0.0000,true,1,296377
7290111285288,false,צלחת במבוק 9 ספיידרמן,,,צלחת במבוק 9 אנץ,אין,0.00,יחידה,false,,9.90,0.0000,true,1,21298
7290111340178,false,מטליות לחות ניקול לניקוי כללי בניחוח מרכך כביסה 50 יח',ניקול,,מטליות לחות לניקוי כ,אין,0.00,יחידה,false,,9.90,0.0000,true,1,8379
7290111340185,false,מטליות לחות ניקול לניקוי רצפות בניחוח מרכך 10 יח',ניקול,,ניקול לחות לניקוי רצ,אין,0.00,יחידה,false,,9.90,0.0000,true,1,8380
7290111341991,false,מגבוני טואלט לח סופרים לילי 48 יח',עלבד,,לילי נייר טואלט לח ס,אין,0.00,יחידה,false,,8.90,0.0000,true,1,8408
7290111342042,false,כריות יפניות לניקוי וקרצוף אנטיבקטריאלי,פלסטו פוליש,IL,כריות יפניות אנטיבקט,אין,0.00,יחידה,false,,9.90,0.0000,true,1,8410
7290111342059,false,מטליות לחות לניקוי משטחים אנטיבקטריאלי,ניקול,IL,מטליות לחות אנטיבקטר,אין,0.00,יחידה,false,,9.90,0.0000,true,1,8411
7290111342073,false,מטליות מקרופייבר למשטחים אנטיבקטריאלי ניקול,סנו,CN,מטליות מיקורפייבר אנ,אין,0.00,יחידה,false,,9.90,0.0000,true,1,8412
7290111343117,false,זוג ממחטות לושן סופט קלינקס -140 דף,קימברלי,IL,טישו לושן סופט קליני,אין,0.00,יחידה,false,,13.90,0.0000,true,1,8417
7290111343797,false,מטליות לחות לניקוי חלונות 48 יח' ניקול,עלבד,IL,ניקול מטליות לחות לנ,יח',50.00,יח',false,,9.90,0.1980,true,1,8420
7290111344206,false,האגיס נטורל קר מגבונים לחים בבישום עדין רביעייה,חוגלה קימברלי,IL,מגבוני האגיס נטורל ק,אין,0.00,יחידה,false,,20.90,0.0000,true,1,146568
7290111344503,false,חיתולי האגיס אקסטרה קייר מידה +4 36 יח',חוגלה קימברלי,IL,האגיס אקסטרה קר מידה,אין,0.00,יחידה,false,,51.90,0.0000,true,1,71435
7290111344527,false,אשפתון ענק שחורות ניקול 20יח',,,שקיות אשפה ניקול XXL,אין,0.00,יחידה,false,,25.90,0.0000,true,1,73148
7290111344558,false,שקיות אשפה לארג' 100 יח,חוגלה קימברלי,IL,שקיות אשפה נשלפות לא,יח',100.00,יח',false,,31.90,0.3190,true,1,188552
7290111344732,false,קלינקס - טיישו אלרג'י קומפורט ניילון זוגות 140 דף,קימברלי,IL,קלינקס אלרג'י קומפור,אין,0.00,יחידה,false,,13.90,0.0000,true,1,134411
7290111344824,false,קוטקס - מגן תחתון אנטיבקטראלי לארג' 52 יח',,CN,מגיני תחתון אנטיבקטר,אין,0.00,יחידה,false,,16.90,0.0000,true,1,188483
7290111344831,false,קוטקס - מגיני יום אקסטרא פרוטקט נורמל ביג 60 יח',חוגלה קימברלי,CN,מגיני תחתון סופר פרו,אין,0.00,יחידה,false,,16.90,0.0000,true,1,188468
7290111344930,false,מטליות לחות לרצפה בניחוח מרכך כביסה 10 יח' ניקול,עלבד,,מטליות לחות לניקוי ר,יח',10.00,יח',false,,10.90,1.0900,true,1,188566
7290111345760,false,תחבושות נטורל דואו סופר 18 יח' קוטקס,קריות זול,CN,תחבושות כותנה סופר +,אין,0.00,יחידה,false,,16.90,0.0000,true,1,258221
7290111345777,false,תחבושת קוטקס כותנה לילה 16 יח' קוטקס,קריות זול,CN,תחבושות כותנה נייט +,אין,0.00,יחידה,false,,16.90,0.0000,true,1,258222
7290111345814,false,נייר טואולט 30 גלילים לילי נטורל קר,קימברלי קלארק,IL,נייר טואלט נטורל קר,יח',30.00,יח',false,,34.90,1.1633,true,1,188524
7290111345821,false,נייר טואלט נטורל קר - מארז 16 גלילי ג'מבו,קימברלי,IL,נייר טואלט נטורל קר,יח',16.00,יח',false,,37.90,2.3687,true,1,188538
7290111346293,false,מגבת נייר ניקול שישייה מהדורת חג,קימברלי קלארק,IL,מגבות מטבח ניקול לבנ,מטרים,64.80,מטר,false,,12.90,0.1991,true,1,347045
7290111350726,false,נאצוס הופופ בטעם מקסיקני 322ג',הוט פופ Hot pop,US,הוטפופ נאצ'וס בסגנון,גרמים,322.00,100 גרם,false,,14.90,0.0463,true,1,10151
7290111352973,false,יוגוטה קוביות חמוצות ממולאות בטעם פירות,יוגטה yogueta,TR,יוגטה קוביות חמוציות,גרמים,220.00,100 גרם,false,,6.90,0.0314,true,1,26018
7290111353079,false,יוגטה סוכריות גומי דובונים 180 ג' קופסא,,,סוכריות גומי דובונים,גרמים,180.00,100 גרם,false,,9.90,0.0550,true,1,41356
7290111353444,false,חטיף בטטות ומלח ים 120 גרם הוט פופ,קריות זול,,הוטפופ ווגי' צ'יפס ח,גרמים,120.00,100 גרם,false,,13.90,0.1158,true,1,55349
7290111353680,false,גרעיני חמניה קליית ג,,,גרעיני חמנייה 350 גר,גרמים,350.00,100 גרם,false,,10.00,0.0286,true,1,79157
7290111354748,false,כדורגל קליית גת מתנה,,CN,כדורגל קליית גת מתנה,אין,0.00,יחידה,false,,0.01,0.0000,true,1,447735
7290111534010,false,פס גבינה שמנת ופירורים 400 ג',קריניציה ויטמינה אס,IL,פס גבינה שמנת ופירור,גרמים,450.00,100 גרם,false,,40.90,0.0909,true,1,25174
7290111564239,false,שלגוני קראנץ' Crunch בטעם וניל - 5 יח',גלידות נסטלה (נגה גל,IL,קראנץ' מאגדת מיני ונ,גרמים,275.00,100 גרם,false,,27.90,0.1015,true,1,11883
7290111564277,false,פריכיות דקות ונימוחות 3 דגנים פיטנס Fitness,פרח תעשיות,IL,פריכיות 3 דגנים דקות,גרמים,120.00,100 גרם,false,,10.90,0.0908,true,1,13303
7290111564291,false,פריכיות דקות ונימוחות 3 דגנים וקינואה פיטנס Fitness,פרח תעשיות,IL,פריכיות קינואה דקות,גרמים,120.00,100 גרם,false,,10.90,0.0908,true,1,13304
7290111566103,false,טבעול פלאפל רכיביים ביתיים 590 גר',עיצובים 2020 (4.8),IL,פלאפל מרכיבים ביתיים,גרמים,590.00,100 גרם,false,,30.90,0.0524,true,1,88944
7290111566127,false,מעדן אוראו קפוא בטעם וניל עם עוגיות בטעם שוקולד,ג'נרל מילס סאן אדריא,IT,אוראו מאגדת סנדביץ 6,גרמים,198.00,100 גרם,false,,21.90,0.1106,true,1,11890
7290111566240,false,טבעול שניצל דק בטעם צילי חריף 564 ג',עיצובים 2020 (4.8),IL,שניצל דק צמחוני בטע,גרמים,564.00,100 גרם,false,,30.90,0.0548,true,1,13786
7290111566271,false,טבעול חטיפי תירס 657 גר',עיצובים 2020 (4.8),IL,חטיפי תירס טבעול 65,גרמים,657.00,100 גרם,false,,30.90,0.0470,true,1,13787
7290111566318,false,טבעול שניצל דק מן הצומח 564 גר',עיצובים 2020 (4.8),IL,שניצל דק צמחוני בט,גרמים,564.00,100 גרם,false,,30.90,0.0548,true,1,13789
7290111566332,false,טבעול נקניקיות וינר צמחוניות 680 גר',עיצובים 2020 (4.8),IL,נקניקיה וינר 680 גר,גרמים,680.00,100 גרם,false,,30.90,0.0454,true,1,13790
7290111566417,false,טחון צמחוני עם המון חלבון,עיצובים 2020 (4.8),IL,טחון מן הצומח 500,גרמים,500.00,100 גרם,false,,30.90,0.0618,true,1,13791
7290111566547,false,טבעול חזה בגריל צמחוני 99 קלוריות 560ג',עיצובים 2020 (4.8),IL,חזה בגריל מו הצומח,גרמים,560.00,100 גרם,false,,30.90,0.0552,true,1,13793
7290111566585,false,טבעול שניצל צמחוני 99 קלוריות 650 גר',עיצובים 2020 (4.8),IL,שניצל מן הצומח מופח,גרמים,650.00,100 גרם,false,,30.90,0.0475,true,1,13795
7290111566660,false,טבעול קציצות עדשים כתומות 530 גר',עיצובים 2020 (4.8),IL,קציצות עדשים כתומות,גרמים,530.00,100 גרם,false,,30.90,0.0583,true,1,13796
7290111566714,false,טבעול המבורגר צמחוני 99 קלוריות 600 גר',עיצובים 2020 (4.8),IL,המבורגר מן הצומח 6,גרמים,600.00,100 גרם,false,,30.90,0.0515,true,1,13798
7290111566752,false,טבעול שניצל תירס 99 קלוריות 693 גר',עיצובים 2020 (4.8),IL,שניצל תירס לייט טבעו,גרמים,693.00,100 גרם,false,,30.90,0.0446,true,1,13799
7290111566776,false,טבעול נקניקיות קוקטייל צמחוניות 680 גר',עיצובים 2020 (4.8),IL,נקנקיות קוקטייל מן,גרמים,680.00,100 גרם,false,,30.90,0.0454,true,1,13800
7290111568206,false,"מיקס ביסלי, אפרופו ופיצוחים מתובלים",פרו מן יו פתרונות אר,IL,ביסלי פארטי מיקס ברב,גרמים,150.00,100 גרם,false,,6.50,0.0433,true,1,13325
7290111568251,false,אטריות נודלס להקפצה אסם אסייתי 350 גר',תאי פרזידנטפוד,TH,נודלס אטריות להקפצה,גרמים,350.00,100 גרם,false,,8.90,0.0254,true,1,13326
7290111568275,false,אטריות נודלס אורז רחבות אסם אסייתי 300גרם,תאי פרזידנט,TH,נודלס אטריות אורז רח,גרמים,300.00,100 גרם,false,,8.90,0.0297,true,1,13327
7290111568466,false,רוטב אסייתי למוקפץ הסדרה האסייתית,אסיף תעשיות מזון בעמ,IL,אסם רוטב אסיאתי למוק,מיליליטרים,290.00,"100 מ""ל",false,,12.90,0.0445,true,1,1347
7290111870910,false,מרשמלו מסולסל ארוך 18 גר'- כוח פי גיי,,,מרשמלו מסולסל ארוך 1,גרמים,432.00,100 גרם,false,,29.90,0.0692,true,1,142118
7290111870927,false,מרשמלו מסולסל ארוך 18 גר'-הלו קיטי,,,מרשמלו מסולסל ארוך 1,גרמים,432.00,100 גרם,false,,29.90,0.0692,true,1,142119
7290111870934,false,מרשמלו מסולסל ארוך 18 גר'-מפרץ הרפתקאות,,,מרשמלו מסולסל ארוך 1,גרמים,432.00,100 גרם,false,,29.90,0.0692,true,1,142120
7290111879074,false,בקבוק טריטן מרובע 60,,,בקבוק טריטן מרובע 60,אין,0.00,יחידה,false,,24.90,0.0000,true,1,21304
7290111930898,false,פוף כוכבים גריל אמריקאי 40 גר',פוף POOF,IL,פוף כוכבים גריל אמרי,גרמים,40.00,100 גרם,false,,3.90,0.0975,true,1,14655
7290111930911,false,פוף חטיף לבבות קלאסי 40 ג',פוף POOF,IL,פוף לבבות קלאסי 40 ג,גרמים,40.00,100 גרם,false,,3.90,0.0975,true,1,14657
7290111930928,false,פוף חטיף לבבות גריל 40 ג',פוף POOF,IL,"פוף לבבות גריל 40 ג""",גרמים,40.00,100 גרם,false,,3.90,0.0975,true,1,14658
7290111932380,false,"מרידול משחת שיניים מארז 75X2מ""ל כשל""פ",,,מרידול משחות שיניים,גרמים,150.00,100 גרם,false,,29.90,0.1993,true,1,14665
7290111932502,false,"קולגייט משחת שיניים אופטיק וייט אקספרט 75 מ""ל",קולגייט Colgate,MX,מש.שיניים אופטיק ויי,מיליליטרים,75.00,"100 מ""ל",false,,27.90,0.3720,true,1,14666
7290111936296,false,"פלמוליב - ג'ל רחצה ארומה מסאז' 750 מ""ל",קולגייט פלמוליב,TR,פלמוליב ארומה סנסייש,מיליליטרים,750.00,"100 מ""ל",false,,19.90,0.0265,true,1,14691
7290111936487,false,"קולגייט זוג משחת שיניים טוטל קלין להלבנה 100 מ""ל",,,קולגייט טוטל הלבנה ז,מיליליטרים,200.00,"100 מ""ל",false,,29.90,0.1495,true,1,2416
7290111936647,false,"משחת שיניים קולגייט מקס כחול 125 מ""ל*2 כשלפ",קולגייט פלמוליב,PL,קולגייט מקס זוג 2*12,מיליליטרים,250.00,"100 מ""ל",false,,29.90,0.1196,true,1,2417
7290111936784,false,"מארז פרי חטיפים 5 יח' כשל""פ תמרים ואגוזי לוז",טבעית מוצרים מן הטבע,IL,פרי מארז חטיפים תמרי,גרמים,125.00,100 גרם,false,,14.90,0.1192,true,1,878
7290111937248,false,פרי מארז חטיפי 5יח תמרים קשיו ונגיעת לוז 125ג',הדקלאים אגודת שיתופי,IL,פרי מארז חטיפים תמרי,גרמים,125.00,100 גרם,false,,14.90,0.1192,true,1,881
7290111938481,false,"רוטב סויה בהיר מאסטר שף 300 מ""ל",מאסטר שף,TH,רוטב סויה בהירה מ.שף,מיליליטרים,300.00,"100 מ""ל",false,,10.90,0.0363,true,1,1013
7290111939143,false,קוקי נייר אפייה עגול קוטר 28,,IL,קוקי נייר אפייה עגול,אין,0.00,יחידה,false,,7.90,0.0000,true,1,14710
7290112000736,false,טבליות למדיח Power All In One,פיניש Finish,,פיניש הכל ב-1 80 טבל,אין,0.00,יחידה,false,,59.90,0.0000,true,1,14313
7290112000798,false,"דיטול תרסיסי חיטוי וניקוי אנטי בקטריאלי 750 מ""ל",רקיט בנקיזר,PL,מחטא משטחים לימון מנ,מיליליטרים,750.00,"100 מ""ל",false,,11.90,0.0159,true,1,14314
7290112000828,false,דטול - מגבונים חיטוי וניקוי אנטי בקטריאלי 60 יח',דטול Dettol,,מגבונים אנטי בקטריאל,יח',60.00,יח',false,,11.90,0.1983,true,1,14316
7290112000842,false,דטול מגבונים לניקוי כללי בניחות לימון 60 יח',דטול Dettol,,מגבונים לניקוי כללי,יח',60.00,יח',false,,11.90,0.1983,true,1,14317
7290112000880,false,מטליות לחות למטבח מנקה ומחטא עוצמתי,דטול Dettol,,מגבונים למטבח 60 יח',יח',60.00,יח',false,,11.90,0.1983,true,1,14319
7290112001238,false,מנקה מכונת כביסה בניחוח לימון,קולון Colon,,מנקה מכונות כביסה קו,אין,0.00,יחידה,false,,19.90,0.0000,true,1,14326
7290112001436,false,"פיניש מנקה ומחדש בניחוח לימון 250 מ""ל",רקיט בנקיזר,PL,פיניש מנקה מדיח בניח,מיליליטרים,250.00,"100 מ""ל",false,,14.90,0.0596,true,1,14328
7290112002112,false,ג'ל כביסה מרוכז קולון 101 בניחוח ורדים,רקיט בנקיזר,IL,קולון ג'ל 2.5 ליטר ב,ארגז,2.50,ליטר,false,,24.90,9.9600,true,1,14342
7290112002136,false,ג'ל כביסה מרוכז קולון 101 קלאסי,רקיט בנקיזר,IL,קולון ג'ל 4 ליטר רגי,ארגז,4.00,ליטר,false,,34.90,8.7250,true,1,14344
7290112002143,false,ג'ל כביסה מרוכז קולון 101 בניחוח לילך,רקיט בנקיזר,IL,קולון ג'ל 4 ליטר ליל,ארגז,4.00,ליטר,false,,34.90,8.7250,true,1,14345
7290112002167,false,ג'ל כביסה מרוכז קולון 101 בניחוח פריחה מרענן,קולון Colon,,קולון ג'ל 4 ליטר בני,ארגז,4.00,ליטר,false,,34.90,8.7250,true,1,14347
7290112002983,false,"סיליט באנג ספריי ניקוי כללי 750מ""ל",,,סיליט חומצת לימון לנ,מיליליטרים,750.00,"100 מ""ל",false,,13.90,0.0185,true,1,14359
7290112003232,false,אבקת כביסה בניחוח לבנדר קולון 5 ק''ג,,,אבקת כביסה קולון לבנ,אלף,5.00,"ק""ג",false,,39.90,7.9800,true,1,14364
7290112003522,false,איירוויק נר ריחני אננס ורוזמרין 205 גר',,,איירוויק בוטניקה נר,מיליליטרים,205.00,"100 מ""ל",false,,24.90,0.1215,true,1,44699
7290112003560,false,נר ריחני ורדים אירוויק 205 ג',,,איירוויק בוטניקה נר,מיליליטרים,205.00,"100 מ""ל",false,,24.90,0.1215,true,1,44701
7290112004185,false,"פיניש נוזל הברקה אקולוגי למדיח 400 מ""ל",,,פיניש נוזל הברקה אקו,מיליליטרים,400.00,"100 מ""ל",false,,14.90,0.0373,true,1,138902
7290112004192,false,טבליות פיניש אקולוגי,רקיט בנקיזר,PL,פיניש טבליות למדיח א,אין,0.00,יחידה,false,,59.90,0.0000,true,1,138887
7290112004208,false,טבליות למדיח בניחוח לימון 50 יח' פיניש,,,טבליות למדיח כלים פי,גרמים,800.00,100 גרם,false,,39.90,0.0499,true,1,266265
7290112004413,false,"אבקה מסיר כתמים לכביסה לבנה 750 מ""ל וניש",רקיט בנקיזר,PL,מסיר כתמים ספריי כבי,מיליליטרים,750.00,"100 מ""ל",false,,16.90,0.0225,true,1,276770
7290112004611,false,"וניש קליה ג'ל מרוכז לטיפול נקודתי בכתמים 200 מ""ל",רקיט בנקיזר,PT,ג'ל מרוכז מולטי פאוו,מיליליטרים,200.00,"100 מ""ל",false,,17.90,0.0895,true,1,252603
7290112004710,false,"ג'ל וניש שקוף לכביסה לבנה ועדינה 750 מ""ל",,,וניש מסיר כתמים ג'לי,ליטרים,750.00,100 ליטר,false,,19.90,0.0265,true,1,459466
7290112004772,false,"מילוי למכשיר חשמל ניחוח כביסה, 19 מ""ל",,,מילוי למבשם אוויר אי,מיליליטרים,19.00,"100 מ""ל",false,,16.90,0.8895,true,1,420242
7290112004970,false,פיניש אולטימייט 50 קפסולות גיל,,,פיניש אולטימייט 50 י,אין,0.00,יחידה,false,,59.90,0.0000,true,1,424226
7290112005052,false,וניש תוסף כביסה רב תכליתי לבגדים לבנים,קליה וניש Kalia Vanish,IT,וניש אבקה לכביסה לבנ,ליטרים,1500.00,100 ליטר,false,,39.90,0.0266,true,1,410888
7290112005083,false,וניש תוסף כביסה רב תכליתי לכביסה צבעונית,קליה וניש Kalia Vanish,IT,וניש אבקה לכביסה צבע,ליטרים,1.50,100 ליטר,false,,39.90,26.6000,true,1,410874
7290112005168,false,קפסולות ג'יל לימון קואנטום 60 יח' פיניש,רקיט בנקיזר,PL,פיניש קוואנטום למדיח,אין,0.00,יחידה,false,,59.90,0.0000,true,1,424211
7290112192509,false,ג'י-פרי פירורי לחם 2,,,ג'י-פרי פירורי לחם 2,גרמים,250.00,100 גרם,false,,15.90,0.0636,true,1,25233
7290112195579,false,שמן זית איטליה 750 מ,,,שמן זית איטליה 750 מ,מיליליטרים,750.00,"100 מ""ל",false,,30.90,0.0412,true,1,174339
7290112197061,false,"סטייל - תחליב רחצה לניקוי וטיפוח הידיים ארגן 500 מ""ל",,,תחליב רחצה לידיים סט,מיליליטרים,500.00,"100 מ""ל",false,,11.90,0.0238,true,1,275232
7290112197078,false,"סטייל - תחליב רחצה לניקוי וטיפוח הידיים חמאת שיאה 500 מ""ל",,,תחליב רחצה לידיים סט,מיליליטרים,500.00,"100 מ""ל",false,,11.90,0.0238,true,1,275246
7290112197146,false,זוג תחלפי סוכר לכל מ,,,זוג תחלפי סוכר לכל מ,גרמים,720.00,100 גרם,false,,54.90,0.0762,true,1,438360
7290112330352,false,"יוגורט PRO בטעם וניל 0% , 20 גרם חלבון בגביע","שטראוס בריאות בע""מ",IL,דנונה פרו 20 גר וניל,גרמים,200.00,100 גרם,false,,5.90,0.0295,true,1,15759
7290112330390,false,יוגורט PRO בטעם פירות יער 0% 20 גרם חלבון בגביע,"שטראוס בריאות בע""מ",IL,דנונה פרו 20 גר פירו,גרמים,200.00,100 גרם,false,,5.90,0.0295,true,1,15760
7290112330420,false,דנונה פרו לבן 2.9% שומן 150 ג',מיוצר עי קונדיטוריית,IL,דנונה פרו לבן 2.9% 1,גרמים,150.00,100 גרם,false,,4.90,0.0327,true,1,15761
7290112332585,false,"פריכיות תפו""א, אורז בתיבול סלק ומלח חי 30 גר'","פרח תעשיו מזון בע""מ",IL,"פריכיות הטעימות תפו""",גרמים,30.00,100 גרם,false,,5.20,0.1733,true,1,15247
7290112332691,false,עוגיות קרם אגוזים פסק זמן 200 ג' עלית,הגביע מוצרי ופלים בע,IL,פינוקיות עוגיית קרם,גרמים,200.00,100 גרם,false,,10.40,0.0520,true,1,15251
7290112334596,false,אבקה להכנת שוקו 850,שטראוס קפה בי.וי,IL,אבקה להכנת שוקו 850,גרמים,935.00,100 גרם,false,,15.90,0.0170,true,1,462141
7290112335487,false,פריכיות טעימות קצח ודגנים 135 ג' שטראוס,אנרג'י Energy - שטראוס,IL,פריכיות הטעימות קצח,גרמים,135.00,100 גרם,false,,10.90,0.0807,true,1,15259
7290112335494,false,הפריכיות הטעימות תפוחי אדמה בטעם פוטטוס,"פרח תעשיות מזון בע""מ",IL,פריכיות הטעימות פוטט,גרמים,135.00,100 גרם,false,,10.90,0.0807,true,1,15260
7290112335500,false,"הפריכיות הטעימות חומוס, אורז, עדשים שחורות וקינואה",אנרג'י Energy - שטראוס,IL,פריכיות הטעימות עשיר,גרמים,135.00,100 גרם,false,,10.90,0.0807,true,1,15261
7290112336637,false,סוכריות מאסט Must ללא סוכר יוגורט תות ואוכניות,MIESZKO S.A - MS. JO,PL,"סוכריות מאסט לל""ס יו",גרמים,80.00,100 גרם,false,,6.90,0.0863,true,1,15274
7290112336651,false,סוכריות מאסט ללא סוכר ריבת חלב 80 ג' עלית,MIESZKO S.A - MS. JO,PL,סוכריות מאסט ללא סוכ,גרמים,80.00,100 גרם,false,,6.90,0.0863,true,1,15276
7290112336712,false,יוגורט PRO לבן 0% 21 גרם חלבון בגביע,"שטראוס בריאות בע""מ",IL,דנונה פרו 21 0% שומן,גרמים,200.00,100 גרם,false,,5.90,0.0295,true,1,15781
7290112337481,false,סוכריות מאסט ללא סוכר קפצ''ינו 80 ג' עלית,MIESZKO S.A - MS. JO,PL,"סוכריות מאסט לל""ס קפ",גרמים,80.00,100 גרם,false,,6.90,0.0863,true,1,15278
7290112338877,false,מעדן גבינה בטעם תות 3% 125ג' סקי,"שטראוס בריאות בע""מ",IL,גבינת סקי תות 3% 125,גרמים,125.00,100 גרם,false,,3.90,0.0312,true,1,15782
7290112339171,false,מעדן מילקי מוס שוקול,מיוצר עי קונדיטוריית,IL,מילקי מוס 81 גרם.,גרמים,81.00,100 גרם,false,,3.50,0.0432,true,1,15789
7290112339362,false,דנונה לייט אנד פריי בטעם קפוצינו 150 גר',דנונה - שטראוס,IL,דנונה לייט אנד פריי,גרמים,150.00,100 גרם,false,,4.90,0.0327,true,1,15795
7290112339867,false,גמדים לדרך גבינה לבנה עם מחית תות,שטראוס,IL,גמדים סקוויז בודד תו,גרמים,100.00,100 גרם,false,,5.90,0.0590,true,1,15803
7290112339874,false,גמדים לדרך גבינה לבנה עם מחיות תות ובננה,שטראוס,IL,גמדים סקוויז בודד תו,גרמים,100.00,100 גרם,false,,5.90,0.0590,true,1,15804
7290112340122,false,הפריכיות הטעימות 3 דגנים 135 גרם.,אנרג'י Energy - שטראוס,IL,פריכיות הטעימות 3 דג,גרמים,135.00,100 גרם,false,,10.90,0.0807,true,1,15283
7290112340245,false,צנצנת מסטיק מאסט בטעם דובדבן 66 ג' עלית,"שטראוס גרופ בע""מ",IL,צנצנת מאסט בטעם דובד,גרמים,66.00,100 גרם,false,,10.50,0.1591,true,1,1370
7290112340276,false,עוגיות קרם קפה נמס 200 ג' עלית,הגביע מוצרי ופלים בע,IL,פינוקיות עוגיית קרם,גרמים,200.00,100 גרם,false,,10.40,0.0520,true,1,15286
7290112341556,false,אקטיביה עם צ'יה ותות 150 ג' דנונה,דנונה - שטראוס,IL,אקטיביה עם צ'יה ותות,גרמים,150.00,100 גרם,false,,4.90,0.0327,true,1,15809
7290112341679,false,אקטיביה 3% שומן 200 ג' דנונה,מיוצר עי קונדיטוריית,IL,דנונה אקטיביה 3% 200,גרמים,200.00,100 גרם,false,,4.10,0.0205,true,1,15810
7290112341686,false,מארז שמיניה אקטיביה 3% 150 ג',מיוצר עי קונדיטוריית,IL,אקטיביה מארז 3% 8*15,אלף,1.20,"ק""ג",false,,20.90,17.4167,true,1,15811
7290112342102,false,סימפוניה גבינה במרקם שמנת בצל מקורמל 5%,"שטראוס בריאות בע""מ",IL,סימפוניה 5% בצל מקור,גרמים,200.00,100 גרם,false,,11.50,0.0575,true,1,15815
7290112342270,false,קפה פלטינום אינטנס מחוזק ב- 10% אספרסו,שטראוס קפה בי.וי,IL,קפה פלטינום אינטנס 1,גרמים,125.00,100 גרם,false,,18.90,0.1512,true,1,15305
7290112342508,false,דוריטוס קול ראנץ Cool Ranch,STRAUSS-ISRAEL,IL,דוריטוס קול ראנץ' 70,גרמים,70.00,100 גרם,false,,3.90,0.0557,true,1,15961
7290112343260,false,"יטבתה רוטב שמנת קלאסי 9% שומן 260 מ""ל",STRAUSS-ISRAEL,IL,יטבתה רוטב שמנת קלאס,גרמים,260.00,100 גרם,false,,9.90,0.0381,true,1,15820
7290112343420,false,"משקה חלב עם דגנים מלאים ובננה פרו יטבתה 350מ""ל",מחלבת יטבתה,IL,משקה יטבתה פרו 20 אר,מיליליטרים,350.00,"100 מ""ל",false,,7.90,0.0226,true,1,15821
7290112343499,false,חטיף צ'יטוס פאפס אפוי בטעם גבינה,"שטראוס פריטו ליי בע""",IL,ציטוס Puffs בטעם גבי,גרמים,55.00,100 גרם,false,,3.50,0.0636,true,1,137051
7290112344564,false,רביולי גבינה קלאסי שטראוס 400 ג',"שטראוס גרופ בע""מ",IL,EAT GOOD רביולי גבינ,גרמים,400.00,100 גרם,false,,16.90,0.0422,true,1,15822
7290112344724,false,מעדן בטעם שוקולד בלונדי 170 ג' מילקי,מיוצר עי קונדיטוריית,IL,מילקי בטעם שוקולד בל,מיליליטרים,170.00,"100 מ""ל",false,,3.50,0.0206,true,1,15824
7290112344755,false,מילקי שוקולד 26% פחות סוכר 135 גרם,מיוצר עי קונדיטוריית,IL,מילקי עם 26% פחות סו,מיליליטרים,135.00,"100 מ""ל",false,,3.00,0.0222,true,1,37076
7290112344786,false,קפה פלטינום קלאסיק 200 ג' עלית,שטראוס קפה בי.וי.,IL,פלטינום קלאסיק עלית,גרמים,200.00,100 גרם,false,,24.90,0.1245,true,1,15312
7290112346537,false,עוגיות פינוקיות בטעם טורטית 200 ג' עלית,הגביע מוצרי ופלים בע,IL,פינוקיות עוגיות בטעם,גרמים,200.00,100 גרם,false,,10.40,0.0520,true,1,15324
7290112346629,false,דנונה בר יוגורט+קורנפלקס מצופה שוקולד חלב ולבן 172 גרם,"שטראוס בריאות בע""מ",IL,דנונה קראנצ' עם קורנ,מיליליטרים,172.00,"100 מ""ל",false,,4.60,0.0267,true,1,15832
7290112346773,false,יוגורט בטעם וניל 0% לייט אנד פרי 10 גרם חלבון בגביע,מיוצר עי קונדיטוריית,IL,דנונה לייט אנד פריי,מיליליטרים,150.00,"100 מ""ל",false,,4.90,0.0327,true,1,44469
7290112346827,false,"אקטימל ויטמין C פטל 8*100 מ""ל",קריות זול,IL,אקטימל ויטמין C פטל,מיליליטרים,800.00,"100 מ""ל",false,,19.90,0.0249,true,1,1521
7290112347008,false,גמדים לדרך גבינה לבנה עם מחית תות ושיבולת שועל,מיוצר עי קונדיטוריית,IL,גמדים ארוחת בוקר תות,גרמים,100.00,100 גרם,false,,5.90,0.0590,true,1,15837
7290112347473,false,דנונה לייט אנד פריי תות ואפרסק מאגדת 8 יח' * 150 ג',מיוצר עי קונדיטוריית,IL,דנונה לייט אנד פריי,אלף,1.20,"ק""ג",false,,27.90,23.2500,true,1,15841
7290112348142,false,שעועית לבנה 380 גר' בקופסה טעם הטבע,שטראוס טעם הטבע,,שעועית לבנה טעם הטבע,גרמים,380.00,100 גרם,false,,6.90,0.0182,true,1,15333
7290112348999,false,פריכיות טעימות תירס דקות 135 גר',Unknown,IL,פריכיות טעימות תירס,גרמים,135.00,100 גרם,false,,10.90,0.0807,true,1,42847
7290112349316,false,מסטיק בזוקה פופים ממולא בטעם תות ללא סוכר,רוג'ר אנד רוג'ר,DE,בזוקה ביג פופים בטעם,גרמים,86.00,100 גרם,false,,13.90,0.1616,true,1,1256
7290112349606,false,מעדן גבינה ויוגורט תות בננה 88 ג' דניאלה,"שטראוס בריאות בע""מ",IL,דניאלה תות בננה 150,מיליליטרים,150.00,"100 מ""ל",false,,4.10,0.0273,true,1,210153
7290112349705,false,פומודורו רוטב עגבניות קלאסי לפסטה 350 גר' יד מרדכי,אמיליאנה קונסרב סוסי,IT,רוטב עגבניות פומודרו,גרמים,350.00,100 גרם,false,,11.90,0.0340,true,1,15349
7290112349736,false,בזיליקום רוטב עגבניות לפסטה 350 גר' יד מרדכי,אמיליאנה קונסרב סוסי,IT,רוטב עגבניות בזיליקו,גרמים,350.00,100 גרם,false,,11.90,0.0340,true,1,15350
7290112349743,false,ארביאטה רוטב עגבניות פיקנטי לפסטה 350 ג' יד מרדכי,אימילאנה,IT,רוטב עגבניות ארביאטה,גרמים,350.00,100 גרם,false,,11.90,0.0340,true,1,15351
7290112349750,false,פיצה רוטב עגבניות לפיצה 350 גר' יד מרדכי,אימילאנה,IL,רוטב עגבניות לפיצה 3,גרמים,350.00,100 גרם,false,,11.90,0.0340,true,1,15352
7290112349897,false,מסטיק מאסט Must קוביות בטעם מנטה ללא סוכר,רוג'ר אנד רוג'ר,DE,מאסט קוביות מנטה 86,גרמים,86.00,100 גרם,false,,13.90,0.1616,true,1,1257
7290112350275,false,קפסולות LUNGO למכונות נספרסו 55 גר',שטראוס קפה בי.וי,IL,קפסולות LUNGO למכונו,גרמים,50.00,100 גרם,false,,16.90,0.3380,true,1,15355
7290112350312,false,קפסולות 15 קפה יותר למכונות נספרסו עלית 10יח',הנסיך- מפעל לייצור ט,IL,עלית קפסולות 15 למכ,גרמים,50.00,100 גרם,false,,16.90,0.3380,true,1,15357
7290112351067,false,סילאן טבעי 100% תמר מג'הול ללא תוספת סוכר,יד מרדכי,,סילאן טבעי לחיץ יד מ,גרמים,630.00,100 גרם,false,,23.90,0.0379,true,1,15359
7290112351104,false,שוקולד פרה ממולא פיצפוצי אורז 100 ג' עלית,STRAUSS-ISRAEL,IL,שוקולד פרה פיצפוצי א,גרמים,100.00,100 גרם,false,,4.90,0.0490,true,1,15361
7290112351128,false,שוקולד פרה סוכריות קופצות 100 ג' עלית,"שטראוס גרופ בע""מ",IL,שוקולד פרה חלב סוכרי,גרמים,100.00,100 גרם,false,,4.90,0.0490,true,1,92393
7290112351524,false,עלי סלנובה טעם הטבע,שטראוס טעם הטבע,,עלי סלנובה טעם הטבע,גרמים,200.00,100 גרם,false,,12.50,0.0625,true,1,15865
7290112353887,false,"משקה קפה קר בטעם אגוזים יטבתה 230 מ""ל",אנסטל מילק kg,AT,קפה קר יטבתה בטעם אג,מיליליטרים,230.00,"100 מ""ל",false,,7.90,0.0343,true,1,15869
7290112354174,false,פסטה רוזה שטראוס דלי,גסטרונומיה פרוסט אס.,IT,פסטה רוזה שטראוס דלי,גרמים,280.00,100 גרם,false,,21.90,0.0782,true,1,146116
7290112354204,false,ארוחה אישית ספגטי עגבניות,גסטרונומיה פרוסט אס.,IT,ספגטי עגבניות שטראוס,גרמים,280.00,100 גרם,false,,21.90,0.0782,true,1,146118
7290112354235,false,ברקטה פיצה - 2 יחידות במארז,גסטרונומיה פרוסט אס.,IT,ברקטה פיצה שטראוס דל,גרמים,300.00,100 גרם,false,,25.90,0.0863,true,1,146314
7290112354945,false,חטיף תפוצ'יפס WAVY בטעם טבעי,שטראוס פריטו ליי בע”,IL,תפוצ'יפס wavy 50 גר,גרמים,50.00,100 גרם,false,,3.90,0.0780,true,1,460986
7290112354952,false,"תפוציפס WAVY בטעם פפריקה , 50 גרם",שטראוס פריטו ליי בע”,IL,תפוצ'יפס wavy פפריקה,גרמים,50.00,100 גרם,false,,3.90,0.0780,true,1,460987
7290112355102,false,גמדים פאוץ סלט פירות 100 ג' שטראוס,"שטראוס בריאות בע""מ",IL,סקוויז גמדים לדרך סל,גרמים,100.00,100 גרם,false,,5.90,0.0590,true,1,44429
7290112355393,false,"יטבתה רוטב שמנת+בטטה 9% שומן 250 מ""ל",מחלבת יטבתה,IL,רוטב שמנת עם בטטה 9%,גרמים,257.00,100 גרם,false,,9.90,0.0385,true,1,440262
7290112355812,false,מעדן מילקי עם טופ קורנפלקס מצופה שוקולד,"שטראוס גרופ בע""מ",IL,מילקי טופ קורנפלקס 1,מיליליטרים,141.00,"100 מ""ל",false,,4.90,0.0348,true,1,381457
7290112357045,false,עגבניות איטלקיות מרוסקות 390 גר' בקופסה טעם הטבע,שטראוס טעם הטבע,IT,עגבניות איטלקיות מרו,גרמים,390.00,100 גרם,false,,6.60,0.0169,true,1,15382
7290112357069,false,מחית עגבניות איטלקיות בקופסה 500 גר' טעם הטבע,שטראוס טעם הטבע,IT,מחית עגבניות איטלקיו,גרמים,500.00,100 גרם,false,,8.20,0.0164,true,1,15383
7290112357083,false,אפונת גינה טעם הטבע 380 גר' בקופסה,שטראוס טעם הטבע,,אפונה ירוקה טעם הטבע,גרמים,380.00,100 גרם,false,,6.90,0.0182,true,1,125386
7290112357175,false,קפסולות BOOST למכונות נספרסו 50 ג',שטראוס קפה בי.וי,IL,קפסולות BOOST למכונו,גרמים,50.00,100 גרם,false,,16.90,0.3380,true,1,15386
7290112358004,false,חטיף שוקולד פסק זמן,שולן צ'יקולטה גידה ס,TR,פסק זמן קראנץ' 32 גר,גרמים,32.00,100 גרם,false,,4.90,0.1531,true,1,55025
7290112358127,false,יוגורט PRO בטעם וניל עוגיות פלוס מגנזיום,מיוצר עי קונדיטוריית,IL,דנונה פרו 20 גר עם מ,גרמים,200.00,100 גרם,false,,6.80,0.0340,true,1,1550
7290112358219,false,יד מרדכי רוטב צ'ילי מתוק 300 גרם,אף.סי תבליני בגליל ב,IL,יד מורדכי רוטב צ'ילי,מיליליטרים,300.00,"100 מ""ל",false,,13.90,0.0463,true,1,15391
7290112358233,false,יד מרדכי רוטב צילי חריף 300גרם,יד מרדכי,,יד מורדכי רוטב צ'ילי,מיליליטרים,300.00,"100 מ""ל",false,,13.90,0.0463,true,1,53670
7290112358240,false,יד מרדכי רוטב גריל 300 גרם,יד מרדכי,,יד מורדכי רוטב גריל,מיליליטרים,300.00,"100 מ""ל",false,,13.90,0.0463,true,1,53671
7290112358257,false,רוטב לעוף עם שזיפים יד מרדכי 300 גר',יד מרדכי,,יד מורדכי רוטב לעוף,מיליליטרים,300.00,"100 מ""ל",false,,13.90,0.0463,true,1,15392
7290112358431,false,עד חצות דאבל ביסקוויט עם שוקולד חלב -8 אריזות אישיות,הדקלאים אגודת שיתופי,FR,דאבל ביסקוויט עם שוק,גרמים,200.00,100 גרם,false,,12.90,0.0645,true,1,71297
7290112415400,false,עוגיות אלפחורס קפולסקי 280 גר',קפולסקי אדל בעמ,IL,עוגיות אלפאחורס 280,גרמים,280.00,100 גרם,false,,30.90,0.1104,true,1,25184
7290112490650,false,# 778 קונפיטורת תות כשלפ 340גר,קונפיטורות לה-ארדניי,BE,קונפיטורה 778 תות שד,גרמים,340.00,100 גרם,false,,11.90,0.0350,true,1,9200
7290112491701,false,"ברנפלקס חלבון בד""צ 375 ג'",יוניליוור ישראל מזון,IL,ברנפלקס אקסטרה פרוטא,גרמים,400.00,100 גרם,false,,21.90,0.0547,true,1,9219
7290112491787,false,בייגלה דקים דקים שומשום ב.בייגל 300 גר',בייגל בייגל BB,IL,בייגלה דקים דקים עם,גרמים,300.00,100 גרם,false,,9.90,0.0330,true,1,9221
7290112491794,false,בייגלה דקים דקים שמנת בצל 300 גר',בייגל בייגל BB,IL,בייגלה דקים דקים בטע,גרמים,300.00,100 גרם,false,,9.90,0.0330,true,1,9222
7290112492715,false,"פינוק שמפו ללא דמעות לסירוק קל לילדים 700 מ""ל",יוניליוור,IL,פינוק שמפו לילדים 70,מיליליטרים,700.00,"100 מ""ל",false,,11.80,0.0169,true,1,90900
7290112492746,false,"פינוק מרכך ללא דמעות לסירוק קל לילדים 700 מ""ל",יוניליוור,IL,פינוק מרכך ילדים 700,מיליליטרים,700.00,"100 מ""ל",false,,11.80,0.0169,true,1,90902
7290112493965,false,גלידה מסטיגם 1.33ל'קרמיסימו,"גלידת שטראוס בע""מ, ר",IL,קרמיסימו מסטיגם 1.33,אין,1.33,יחידה,false,,18.90,14.2105,true,1,5987
7290112495037,false,דגני בוקר בטעם שוקולד כדורים 375 ג' קוקומן,יוניליוור שפע ישראל,IL,קוקומן כדורים תלמה ב,גרמים,375.00,100 גרם,false,,18.90,0.0504,true,1,9290
7290112495044,false,קוקומן פצפוצים בטעם שוקולד,יוניליור שפע ישראל ב,IL,קוקומן פצפוצים תלמה,גרמים,375.00,100 גרם,false,,18.90,0.0504,true,1,9291
7290112495112,false,נשנושים זעתר ב.בייגל 260ג',בייגל את בייגל מזון,IL,נשנושים זעתר 260 גרם,גרמים,260.00,100 גרם,false,,11.90,0.0458,true,1,9293
7290112495143,false,נשנושים קוקטייל מלוח 300ג' ב.בייגל,בייגל את בייגל מזון,IL,נשנושים קוקטייל מלוח,גרמים,300.00,100 גרם,false,,12.90,0.0430,true,1,9294
7290112495150,false,נשנושי קרקר עיגולים מלוחים 300 גר',בייגל את בייגל מזון,IL,נשנושים עגול מלוח 30,גרמים,300.00,100 גרם,false,,12.90,0.0430,true,1,9295
7290112495167,false,נשנושים משולש שומשום 300ג' ב.בייגל,בייגל את בייגל מזון,IL,נשנושים משולש שומשום,גרמים,300.00,100 גרם,false,,12.90,0.0430,true,1,9296
7290112495174,false,נשנושים קוקטייל שומשום 300ג' ב.בייגל,בייגל את בייגל מזון,IL,נשנושים קוקטייל שומש,גרמים,300.00,100 גרם,false,,12.90,0.0430,true,1,9297
7290112495433,false,דגני דליפקאן תוספת אגוזי פקאן ושקדים 400 גר,יוניליור שפע ישראל ב,IL,"דליפקאן תלמה בד""ץ 40",גרמים,400.00,100 גרם,false,,21.90,0.0547,true,1,9302
7290112495662,false,קרקר חיטה מלאה עם פשתן 300ג' ADRE,"מיוצר ע""י קוד יצרן A",IL,קרקר חיטה מלאה עם פש,גרמים,300.00,100 גרם,false,,8.90,0.0297,true,1,1439
7290112495754,false,רוטב לסלט אלף האיים הלמנס 305 גר',יוניליוור ישראל מזון,IL,רוטב אלף האיים הלמנס,גרמים,305.00,100 גרם,false,,10.50,0.0344,true,1,9307
7290112495761,false,רוטב אלף האיים לייט חמץ הלמנס 305 ג',יוניליוור ישראל מזון,IL,רוטב אלף האיים לייט,גרמים,305.00,100 גרם,false,,10.90,0.0357,true,1,445255
7290112495785,false,רוטב לסלט שום הלמנס 300ג,יוניליוור ישראל מזון,IL,רוטב שום הלמנס 300 ג,גרמים,300.00,100 גרם,false,,10.50,0.0350,true,1,9309
7290112495792,false,רוטב שום לייט 300 ג' הלמנס,יוניליוור ישראל מזון,IL,רוטב שום לייט הלמנס,גרמים,300.00,100 גרם,false,,10.90,0.0363,true,1,445284
7290112495815,false,רוטב סלט חרדל דבש לייט הלמנס 305ג',יוניליוור ישראל מזון,IL,הלמנס רוטב לסלט חרדל,מיליליטרים,305.00,"100 מ""ל",false,,9.90,0.0325,true,1,1075
7290112496027,false,"סירופ שוקולד 580 מ""ל אפיכל",יוניליוור ישראל מזון,IL,"סירופ שוקולד 600 מ""ל",מיליליטרים,600.00,"100 מ""ל",false,,11.90,0.0198,true,1,1133
7290112496034,false,סירופ מייפל אפיכל 580 גרם,יוניליוור ישראל מזון,IL,"סירופ מייפל בד""צ 600",מיליליטרים,600.00,"100 מ""ל",false,,11.90,0.0198,true,1,1134
7290112496294,false,חטיף פתית צ'יפס עם אפונה ירוקה צהובה וצ'ילי,JLM גלובל פודס37 דרך,GB,פתית צ'יפס עם אפונה,גרמים,22.00,100 גרם,false,,4.90,0.2227,true,1,130417
7290112496331,false,קורנפלקס בננה תלמה 448 גר'.,אתר שפע,,קורנפלקס בננה תלמה ב,גרמים,448.00,100 גרם,false,,17.90,0.0400,true,1,87611
7290112497123,false,תערובת להכנת מעדן בטעם סחלב,יוניליוור ישראל מזון,IL,קנור סחלב 112 גרם,גרמים,112.00,100 גרם,false,,11.90,0.1063,true,1,33107
7290112497826,false,דגני בוקר שוגי 850 ג',תלמה,IL,דגני שוגי תלמה 850 ג,גרמים,850.00,100 גרם,false,,27.90,0.0328,true,1,36368
7290112498441,false,רוטב אסייתי למוקפץ קנור 370 גרם,אתר חיפה 778,,טעמים מהמזרח רוטב רו,גרמים,370.00,100 גרם,false,,10.50,0.0284,true,1,444778
7290112498885,false,מאגדת גודי'ז תותים ושוקולד לבן 235ג',מנדלז סי.אר. פרודקשן,IL,מאגדת גודיז שלגון ב,גרמים,240.00,100 גרם,false,,27.90,0.1162,true,1,58831
7290112498922,false,מאגדת מיני מגנום שוקולד לבן 250 ג',"מיוצר ע""י גלידת שטרא",IL,מאגדת מיני מגנום לבן,גרמים,310.00,100 גרם,false,,27.90,0.0900,true,1,84540
7290112499097,false,"מאגדת מיני מגנום מריר כשל""פ","מיוצר ע""י גלידת שטרא",IL,מאגדת מיני מגנום מרי,גרמים,240.00,100 גרם,false,,27.90,0.1162,true,1,212890
7290112960115,false,אסם שקדי מרק 30% קמח חיטה מלא 12*350גרם,אסם,IL,שקדי מרק 30% קמח חיט,גרמים,350.00,100 גרם,false,,10.90,0.0311,true,1,13340
7290112961266,false,בייגלה כפיות פיזור איטלקי 300 ג' אסם,Unknown,IL,בייגלה כפיות בסגנון,גרמים,300.00,100 גרם,false,,10.90,0.0363,true,1,13343
7290112961372,false,פיטנס חטיפי פריכיות דגנים עם קינמון,"פרח תעשיות מזון בע""מ",IL,חטיפי פריכיות דקות ק,גרמים,60.00,100 גרם,false,,7.90,0.1317,true,1,13345
7290112961440,false,פיטנס בר פריכיות שוקולד מריר 84 גר',כרמית,IL,פיטנס בר פריכיות שוק,גרמים,84.00,100 גרם,false,,11.90,0.1417,true,1,76488
7290112961464,false,פיטנס חטיפי פריכיות דגנים וחומוס מתובלות,"פרח תעשיות מזון בע""מ",IL,חטיפי פריכיות דקות מ,גרמים,60.00,100 גרם,false,,7.90,0.1317,true,1,13346
7290112962287,false,טבעול שווארמה טבעונית 6*450 גרם,מיוצר עי קונדיטוריית,IL,שווארמה טבעונית טבעו,גרמים,450.00,100 גרם,false,,30.90,0.0687,true,1,13817
7290112962737,false,טבעול שניצל מן הצומח עם חלבון 664 גר',עיצובים 2020 (4.8),,טבעול שניצל מן הצומח,גרמים,664.00,100 גרם,false,,30.90,0.0465,true,1,13819
7290112963529,false,טילון אקסטרים שוקו וניל פרווה מאגדת 444 גר',שוורצקוף& הנקל דיסלד,IL,מאגדת אקסטרים 6 יח',גרמים,444.00,100 גרם,false,,36.90,0.0831,true,1,11901
7290112963918,false,חטיפי קרקר דק רוזמרין 140 ג' פיטנס,נסטלה Nestle,IL,פיטנס חטיפי קרקר דק,גרמים,140.00,100 גרם,false,,11.90,0.0850,true,1,1403
7290112964410,false,רוטב אוסם אלף האיים לסלט 290 ג' אסם,Unknown,IL,אסם רוטב אלף האיים ל,מיליליטרים,290.00,"100 מ""ל",false,,8.90,0.0307,true,1,13370
7290112964434,false,רוטב לסלט קיסר 295 ג' אוסם,אסם,IL,אסם רוטב קיסר לסלט 2,מיליליטרים,295.00,"100 מ""ל",false,,8.90,0.0302,true,1,13371
7290112964458,false,רוטב וינגרט לסלט 295 ג' אסם,אסם,IL,אסם רוטב ויניגרט לסל,מיליליטרים,295.00,"100 מ""ל",false,,8.90,0.0302,true,1,13372
7290112964472,false,רוטב שום לסלט 290 ג' אסם,Unknown,IL,אסם רוטב שום לסלט 29,מיליליטרים,295.00,"100 מ""ל",false,,8.90,0.0302,true,1,13373
7290112964502,false,רוטב אלף האיים לסלט 600 ג' אסם,אסם,IL,אסם רוטב אלף האיים ל,מיליליטרים,600.00,"100 מ""ל",false,,14.90,0.0248,true,1,254
7290112964564,false,רוטב אלף האיים לייט לסלט 310 ג' אסם,אסם,IL,אסם רוטב אלף האיים ל,מיליליטרים,295.00,"100 מ""ל",false,,8.90,0.0302,true,1,13375
7290112964625,false,רוטב שום לייט לסלט 310 ג' אסם,אסם,IL,אסם רוטב שום לייט לס,מיליליטרים,295.00,"100 מ""ל",false,,8.90,0.0302,true,1,13377
7290112964724,false,טבעול המבורגרטבעוני 580 גר',מיוצר עי קונדיטוריית,IL,טבעול המבורגר טבעוני,גרמים,580.00,100 גרם,false,,30.90,0.0533,true,1,13821
7290112965141,false,תבשיל פתיתים אפויים עם ירקות 130 גר',אסם,IL,פתיתים אפויים עם ירק,גרמים,130.00,100 גרם,false,,11.90,0.0915,true,1,13383
7290112965165,false,מרק נמס בטעם פטריות זוג * 24 ג' אסם,אסם,IL,זוג מרק נמס פטריות ב,גרמים,48.00,100 גרם,false,,5.70,0.1188,true,1,13384
7290112965240,false,מרק נמס בטעם עגבניות זוג * 44 ג' אסם,Unknown,IL,זוג מרק נמס עגבניות,גרמים,60.00,100 גרם,false,,5.70,0.0950,true,1,13387
7290112965264,false,אוסם - מרק נמס אפונה זוג 26 גרם * 2,Unknown,,זוג מרק נמס אפונה בד,גרמים,30.00,100 גרם,false,,5.70,0.1900,true,1,35588
7290112965288,false,אוסם - מרק נמס ירקות זוג 28 גרם * 2,Unknown,IL,זוג מרק נמס ירקות בד,גרמים,30.00,100 גרם,false,,5.70,0.1900,true,1,35589
7290112965301,false,זוג מרק נמס בטעם עוף עם שקדי מרק רגע חם,Unknown,IL,זוג מרק נמס טעם עוף,גרמים,38.00,100 גרם,false,,5.70,0.1500,true,1,13388
7290112965585,false,פרפקטו פסטה קסרצה 500 גר',אסם פרפקטו Perfecto,IL,פסטה קסרצה פרפקטו 50,גרמים,500.00,100 גרם,false,,6.50,0.0130,true,1,13393
7290112965660,false,פיטנס - חטיף מולטיגריין מלח פלפל 25 גרם,מיוצר עי קונדיטוריית,IL,פיטנס חטיף מולטיגריי,גרמים,25.00,100 גרם,false,,4.90,0.1960,true,1,36923
7290112965684,false,פיטנס - חטיף מולטיגריין עשבי תיבול 25 גרם,מיוצר עי קונדיטוריית,IL,פיטנס חטיף מולטיגריי,גרמים,25.00,100 גרם,false,,4.90,0.1960,true,1,36924
7290112965707,false,פיטנס - חטיף מולטיגריין צילי מעודן 25 גרם,"אסם השקעות בע""מ",IL,פיטנס חטיף מולטיגריי,גרמים,25.00,100 גרם,false,,4.90,0.1960,true,1,36925
7290112965783,false,אוסם - ביסלי פריסטייל על האש 60 גרם,"אסם השקעות בע""מ",IL,ביסלי פריסטייל על הא,גרמים,60.00,100 גרם,false,,4.50,0.0750,true,1,95802
7290112965806,false,אוסם - ביסלי פריסטייל חמוץ חריף 60 גרם,Unknown,IL,ביסלי פריסטייל חמוץ,גרמים,60.00,100 גרם,false,,4.50,0.0750,true,1,95803
7290112965967,false,טבעול נאגטס ירקות כתומים 500 גר',טבעול תעשיות מזון בע,IL,טבעול נאגטס ירקות כת,גרמים,500.00,100 גרם,false,,30.90,0.0618,true,1,35511
7290112966001,false,טבעול גורמה ארוחת ירוקים,טבעול (מקבוצת אסם הש,IL,טבעול גורמה ארוחת יר,גרמים,450.00,100 גרם,false,,34.90,0.0776,true,1,412756
7290112966094,false,עוגת הבית בטעם תפוז - פחות סוכר,מיוצר עי קונדיטוריית,IL,עוגת הבית תפוז מופחת,גרמים,400.00,100 גרם,false,,11.90,0.0298,true,1,13400
7290112966766,false,טחינה בלאדי חציל עגבניות ושום צבר 350 גר',שוורצקוף& הנקל דיסלד,IL,צבר טחינה בלאדי חציל,גרמים,350.00,100 גרם,false,,15.90,0.0454,true,1,13826
7290112966780,false,טחינה באלדי עם חציל קלוי צבר 350 גר',שוורצקוף& הנקל דיסלד,IL,צבר טחינה בלאדי עם ח,גרמים,350.00,100 גרם,false,,15.90,0.0454,true,1,13827
7290112966803,false,פודינג אינסטנט שוקולד 88 ג' אסם,"אסם השקעות בע""מ",IL,אסם פודינג אינסטנט ש,גרמים,88.00,100 גרם,false,,5.90,0.0670,true,1,1051
7290112967220,false,ביסלי מארז ברביקיו 20 גר'*10 יח' אסם,,,ביסלי ברביקיו מארז 1,גרמים,200.00,100 גרם,false,,13.90,0.0695,true,1,1079
7290112967244,false,ביסלי גריל מארז 20 גר'*10 יח' אסם,,,ביסלי גריל מארז 10*,גרמים,200.00,100 גרם,false,,12.90,0.0645,true,1,13412
7290112968203,false,סלט טחינה בלאדי צבר 250 גרם,שוורצקוף& הנקל דיסלד,IL,סלט טחינה בלאדי צבר,גרמים,250.00,100 גרם,false,,10.90,0.0436,true,1,13833
7290112968449,false,סלט כרוב אדום צבר 250 גר',שוורצקוף& הנקל דיסלד,IL,סלט כרוב אדום צבר 25,גרמים,250.00,100 גרם,false,,10.90,0.0436,true,1,13837
7290112968524,false,סלט חומוס גרגירים רכים צבר 250 גרם,שוורצקוף& הנקל דיסלד,IL,סלט חומוס סמיר צבר 2,גרמים,250.00,100 גרם,false,,10.90,0.0436,true,1,13839
7290112968685,false,חומוס גרגרים בתטבילה צבר 400 גרם,שוורצקוף& הנקל דיסלד,IL,חומוס גרגרים בטבילה,גרמים,400.00,100 גרם,false,,13.90,0.0348,true,1,13840
7290112968807,false,פיטנס - קרקר דק סלק 140 גרם,מפעל אסם יקנעם,IL,פיטנס קרקר דק סלק 14,גרמים,140.00,100 גרם,false,,11.90,0.0850,true,1,45165
7290112968821,false,פיטנס - קרקר דק בטטה 140 גרם,מפעל אסם יקנעם,IL,פיטנס קרקר דק בטטה 1,גרמים,140.00,100 גרם,false,,11.90,0.0850,true,1,45166
7290112969248,false,אסם בישולים רוטב סילאן ובצל 335 גר'.,"אסם השקעות בע""מ",IL,אוסם בישולים רוטב סי,גרמים,335.00,100 גרם,false,,16.90,0.0504,true,1,41371
7290112969286,false,אסם בישולים רוטב חרדל ודבש 330 גר'.,"אסם השקעות בע""מ",IL,אוסם בישולים רוטב חר,גרמים,330.00,100 גרם,false,,16.90,0.0512,true,1,41305
7290112969903,false,נאגטס ירקות לבנים טב,טבעול תעשיות מזון בע,IL,טבעול נאגטס ירקות לב,גרמים,500.00,100 גרם,false,,30.90,0.0618,true,1,35512
7290113100114,false,מסננת גודל 21.5 + יד,,,מסננת גודל 21.5 + יד,אין,0.00,יחידה,false,,21.90,0.0000,true,1,30573
7290113100152,false,מסננת גודל 16 + ידית,,,מסננת גודל 16 + ידית,אין,0.00,יחידה,false,,16.90,0.0000,true,1,30577
7290113100169,false,מסננת גודל 20 + ידית,,,מסננת גודל 20 + ידית,אין,0.00,יחידה,false,,19.90,0.0000,true,1,30578
7290113100176,false,מסננת גודל 24 + ידית,,,מסננת גודל 24 + ידית,אין,0.00,יחידה,false,,24.90,0.0000,true,1,30579
7290113100633,false,תבנית אינגליש +מכסה,,,תבנית אינגליש +מכסה,אין,0.00,יחידה,false,,149.50,0.0000,true,1,30626
7290113100992,false,קרש חיתוך דגם יהלום,,,קרש חיתוך דגם יהלום,אין,0.00,יחידה,false,,16.90,0.0000,true,1,30662
7290113101012,false,מגרדת ידנית,,,מגרדת ידנית,אין,0.00,יחידה,false,,19.90,0.0000,true,1,30664
7290113101272,false,כותש שום יוקרתי דגם,,,כותש שום יוקרתי דגם,אין,0.00,יחידה,false,,56.90,0.0000,true,1,30690
7290113101760,false,סט 3 סכיני בשר,,,סט 3 סכיני בשר,אין,0.00,יחידה,false,,27.90,0.0000,true,1,30739
7290113101838,false,כפפת יד לסירוק ולהסר,,,כפפת יד לסירוק ולהסר,אין,0.00,יחידה,false,,32.90,0.0000,true,1,30746
7290113102194,false,כף מרק,,,כף מרק,אין,0.00,יחידה,false,,20.90,0.0000,true,1,30782
7290113102200,false,כף שטוחה,,,כף שטוחה,אין,0.00,יחידה,false,,20.90,0.0000,true,1,30783
7290113102217,false,מטרפה,,,מטרפה,אין,0.00,יחידה,false,,20.90,0.0000,true,1,30784
7290113102422,false,מארז סכינים צבעוני 6,,,מארז סכינים צבעוני 6,אין,0.00,יחידה,false,,229.90,0.0000,true,1,30801
7290113178328,false,4 איחסונית זכוכית,,,4 איחסונית זכוכית,אין,0.00,יחידה,false,,54.90,0.0000,true,1,436944
7290113190757,false,חלבה תלתלים בטעם וני,,,חלבה תלתלים בטעם וני,גרמים,300.00,100 גרם,false,,14.90,0.0497,true,1,412549
7290113190771,false,חלבה תלתלים בטעם שוק,,,חלבה מסולסלת בטעם שו,גרמים,300.00,100 גרם,false,,14.90,0.0497,true,1,6217
7290113192218,false,תערובת להכנת מלבי 500 ג',דין שיווק,IL,תערובת להכנת מלבי 50,גרמים,500.00,100 גרם,false,,13.90,0.0278,true,1,250090
7290113192300,false,זיתים חרוזית מושחר A2 בית השיטה 275 גר',בית השיטה,IL,זיתים חרוזית מושחר ב,גרמים,275.00,100 גרם,false,,9.90,0.0360,true,1,13437
7290113192317,false,בית השיטה טבעות זיתים מושחרים 280 גר',בית השיטה,IL,טבעות זיתים מושחרים,גרמים,280.00,100 גרם,false,,10.90,0.0389,true,1,13438
7290113192324,false,זיתים ירוקים שלמים בינוניים,בית השיטה,IL,זית ירוק בית השיטה 3,גרמים,340.00,100 גרם,false,,8.90,0.0262,true,1,13439
7290113192331,false,זיתים ירוק גדול A2 בית השיטה 340ג',בית השיטה,IL,זיתים ירוק גדול בית,גרמים,340.00,100 גרם,false,,8.90,0.0262,true,1,13440
7290113192355,false,חרוזית זיתים ירוקים ללא גלעין 275 ג' בית השיטה,בית השיטה,IL,זיתים חרוזית ירוק בי,גרמים,275.00,100 גרם,false,,9.90,0.0360,true,1,13442
7290113192362,false,טבעות זיתים ירוקים 280 ג' בית השיטה,בית השיטה,IL,טבעות זיתים ירוקים ב,גרמים,280.00,100 גרם,false,,8.90,0.0318,true,1,13443
7290113192386,false,זיתים סורי מבוקע A2 בית השיטה 340ג',בית השיטה,IL,זית סורי מבוקע בית ה,גרמים,340.00,100 גרם,false,,10.90,0.0321,true,1,13445
7290113192393,false,בית השיטה קוקטייל זיתים א2 336גר',בית השיטה,IL,קוקטייל זיתים בית הש,גרמים,336.00,100 גרם,false,,10.90,0.0324,true,1,13446
7290113192478,false,בית השיטה מלפפונים במלח בינוני 10-12 320 גרם,בית השיטה,IL,מלפפון במלח 10-12 בי,גרמים,320.00,100 גרם,false,,7.90,0.0247,true,1,13454
7290113192485,false,בית השיטה מלפפונים בחומץ בינוני 10-12 290 גרם,בית השיטה,IL,מלפפון בחומץ 12-10 ב,גרמים,290.00,100 גרם,false,,7.90,0.0272,true,1,13455
7290113192492,false,בית השיטה מלפפונים בחומץ קטנים 1317 290 גרם,בית השיטה,IL,מלפפון בחומץ 13-17 ב,גרמים,290.00,100 גרם,false,,8.90,0.0307,true,1,13456
7290113192508,false,בית השיטה מלפפונים במלח קטן 1317 320 גרם,בית השיטה,IL,מלפפון במלח 13-17 בי,גרמים,320.00,100 גרם,false,,8.90,0.0278,true,1,13457
7290113192515,false,בית השיטה מלפפונים במלח קטן מאוד 1825 320 גרם,בית השיטה,IL,מלפפון במלח 18-25 בי,גרמים,320.00,100 גרם,false,,10.80,0.0338,true,1,13458
7290113192522,false,בית השיטה מלפפונים בחומץ קטן מאוד 1825 290 גרם,בית השיטה,IL,מלפפון בחומץ 18-25 ב,גרמים,290.00,100 גרם,false,,10.80,0.0372,true,1,13459
7290113192539,false,בית השיטה מלפפונים במלח גדול 79 320 גרם,בית השיטה,IL,מלפפון במלח 7-9 בית,גרמים,560.00,100 גרם,false,,5.90,0.0105,true,1,13460
7290113192546,false,בית השיטה מלפפונים בחומץ גדול 79 290 גרם,בית השיטה,IL,מלפפון בחומץ 7-9 בית,גרמים,560.00,100 גרם,false,,5.90,0.0105,true,1,13461
7290113192553,false,בית השיטה מלפפונים במלח 13-17 בלדי 320 גר',בית השיטה,IL,מלפפון במלח בלדי 13-,גרמים,320.00,100 גרם,false,,10.80,0.0338,true,1,13462
7290113192560,false,בית השיטה פלפל שיפקה חריף כבוש 230 גרם,בית השיטה,IL,פלפל שיפקה בית השיטה,גרמים,230.00,100 גרם,false,,6.90,0.0300,true,1,13463
7290113192577,false,בית השיטה כרוב כבוש חתוך 430 גרם,בית השיטה,IL,כרוב כבוש בית השיטה,אין,430.00,יחידה,false,,6.90,0.0160,true,1,13464
7290113192997,false,בית השיטה זית מרוקאי 340 גר',בית השיטה,IL,זית מרוקאי בית השיטה,גרמים,340.00,100 גרם,false,,12.90,0.0379,true,1,13465
7290113193000,false,בית השיטהפלפל שיפקונית 230 גר',שוורצקוף& הנקל דיסלד,IL,פלפל שיפקונית בית הש,גרמים,230.00,100 גרם,false,,11.90,0.0517,true,1,13466
7290113193017,false,בית השיטה קוקטייל זיתים 275 גר',בית השיטה,IL,בית השיטה קוקטייל זי,גרמים,275.00,100 גרם,false,,12.90,0.0469,true,1,13467
7290113193031,false,חרוזית קלמטה - זיתים שחורים ללא גלעין קלמטה,שוורצקוף& הנקל דיסלד,IL,חרוזית קלמטה בית השי,גרמים,275.00,100 גרם,false,,12.90,0.0469,true,1,13468
7290113193321,false,"שמן זית כתית מעולה בית השיטה 750 מ""ל",בית השיטה,IL,שמן זית כתית מעולה ב,מיליליטרים,750.00,"100 מ""ל",false,,30.90,0.0412,true,1,151838
7290113193406,false,"קוקטייל טבעות זיתים - זיתים ירוקים, שחורים מרינד",בית השיטה,IL,טבעות קוקטיל זיתים ב,גרמים,560.00,100 גרם,false,,10.70,0.0191,true,1,13469
7290113193888,false,חצילים מוחמצים בית השיטה 320 גר',שוורצקוף& הנקל דיסלד,IL,בית השיטה חצילים מוח,גרמים,320.00,100 גרם,false,,9.90,0.0309,true,1,95342
7290113194632,false,ממרח שקדים שקדיה 500,דין שיווק,IL,שקדיה ממרח 100% שקדי,גרמים,500.00,100 גרם,false,,48.90,0.0978,true,1,121597
7290113195042,false,מלפפון חמוץ במלח כבישה ביתית בית השיטה 750 גר',שוורצקוף& הנקל דיסלד,IL,מלפפון מלח כבישה בית,גרמים,750.00,100 גרם,false,,24.90,0.0332,true,1,95357
7290113195073,false,חלווה טורקית עם פיסט,,,חלבה טורקית עם פיסטו,גרמים,400.00,100 גרם,false,,13.90,0.0348,true,1,121747
7290113195080,false,חלבה טורקית בטעם שוקו וניל 400 גרם,,,חלבה טורקית בטעם שוק,גרמים,500.00,100 גרם,false,,12.90,0.0258,true,1,121748
7290113195967,false,שיבולת שועל שקדיה פח,דין שיווק,IL,שיבולת שועל להכנה מי,גרמים,500.00,100 גרם,false,,9.90,0.0198,true,1,121270
7290113196414,false,"אורז בסמטי שקדיה 1 ק""ג",קריות זול,IN,אורז בסמטי שקדיה 1 ק,אלף,1.00,"ק""ג",false,,9.90,9.9000,true,1,121380
7290113196513,false,פריכיות כוסמת בתוספת שקדים שקדיה 150 ג',דין שיווק,IL,פריכיות כוסמת שקדים,גרמים,150.00,100 גרם,false,,11.90,0.0793,true,1,121815
7290113196902,false,מנה חמה אטריות אורז בטעם בקר 70 ג' סו שף,קריות זול,VN,מנה חמה אטריות אורז,גרמים,60.00,100 גרם,false,,7.90,0.1317,true,1,434899
7290113196919,false,מנה חמה אטריות אורז בטעם עוף70 ג' סו שף,קריות זול,VN,מנה חמה אטריות אורז,גרמים,60.00,100 גרם,false,,7.90,0.1317,true,1,434900
7290113196933,false,מנה חמה אטריות אורז בטעם טום יאס70 ג' סו שף,קריות זול,VN,מנה חמה אטריות אורז,גרמים,60.00,100 גרם,false,,7.90,0.1317,true,1,434902
7290113196940,false,חטיפי תירס טורטיה בט,אן וי רוגר,BE,חטיפי תירס טורטיה בט,גרמים,300.00,100 גרם,false,,13.90,0.0463,true,1,381000
7290113196957,false,חטיפי תירס טורטיה בט,אן וי רוגר,BE,חטיפי תירס טורטיה בט,גרמים,300.00,100 גרם,false,,13.90,0.0463,true,1,381001
7290113197169,false,חמאת בוטנים טבעית שק,,,חמאת בוטנים טבעית שק,גרמים,510.00,100 גרם,false,,15.90,0.0312,true,1,434917
7290113198562,false,סוכריות גומי בטעם תות שדה 200 ג' שקדיה,טופ גלוב,IL,סוכריות גומי בטעמי ת,גרמים,200.00,100 גרם,false,,9.90,0.0495,true,1,266560
7290113198616,false,ברנפלקס דגנים מחיטה מלאה וסובין 500 גר' שקדיה,שקדיה,IL,ברנפלקס דגנים מחיטה,גרמים,500.00,100 גרם,false,,14.90,0.0298,true,1,383272
7290113199705,false,מוזלי פירות יבשים 500 גר' 500ג' שקדיה,,,מוזלי פירות יבשים 50,גרמים,500.00,100 גרם,false,,12.90,0.0258,true,1,412578
7290113199774,false,ממרח 100% בוטנים שקד,פפאיינס,TW,ממרח 100% בוטנים 300,גרמים,300.00,100 גרם,false,,14.90,0.0497,true,1,381042
7290113199927,false,סוכריות חמצוצים בטעם פירות 180 ג' שקדיה,דין שיווק,IL,סוכריות חמצוצים בטעם,גרמים,180.00,100 גרם,false,,9.90,0.0550,true,1,266582
7290113280717,false,כוסות יהלום ספלאש 4,,,כוסות יהלום ספלאש 4,אין,0.00,יחידה,false,,9.90,0.0000,true,1,326515
7290113284517,false,נייר טואלט דו שכבתי,,,נייר טואלט דו שכבתי,אין,0.00,יחידה,false,,29.90,0.0000,true,1,468797
7290113289024,false,צלחות גדולות אלגנט ז,,,צלחות גדולות אלגנט ז,אין,0.00,יחידה,false,,12.90,0.0000,true,1,129771
7290113289031,false,צלחות גדולות אלגנט כ,,,צלחות גדולות אלגנט כ,אין,0.00,יחידה,false,,12.90,0.0000,true,1,130208
7290113289055,false,צלחות קטנות אלגנט זה,,,צלחות קטנות אלגנט זה,אין,0.00,יחידה,false,,7.90,0.0000,true,1,129786
7290113289062,false,צלחות קטנות אלגנט כס,,,צלחות קטנות אלגנט כס,אין,0.00,יחידה,false,,7.90,0.0000,true,1,129787
7290113289109,false,קערות אלגנט קרם 25 י,,,קערות אלגנט קרם 25 י,אין,0.00,יחידה,false,,5.90,0.0000,true,1,129830
7290113289116,false,קערות אלגנט זהב 25 י,,,קערות אלגנט זהב 25 י,אין,0.00,יחידה,false,,5.90,0.0000,true,1,129831
7290113289123,false,קערות אלגנט כסף 25 י,,,קערות אלגנט כסף 25 י,אין,0.00,יחידה,false,,5.90,0.0000,true,1,129832
7290113289130,false,לפתניות אלגנט קרם 25,,,לפתניות אלגנט קרם 25,אין,0.00,יחידה,false,,5.90,0.0000,true,1,129846
7290113289154,false,לפתניות אלגנט כסף 25,,,לפתניות אלגנט כסף 25,אין,0.00,יחידה,false,,5.90,0.0000,true,1,129848
7290113289161,false,קערות ענקיות אלגנט ק,,,קערות ענקיות אלגנט ק,אין,0.00,יחידה,false,,9.90,0.0000,true,1,129875
7290113289178,false,קערות ענקיות אלגנט ז,,,קערות ענקיות אלגנט ז,אין,0.00,יחידה,false,,9.90,0.0000,true,1,129902
7290113289215,false,צלחות מתכלות יהלום ע,,,צלחות מתכלות יהלום ע,אין,0.00,יחידה,false,,19.90,0.0000,true,1,175631
7290113289222,false,מרקיות מתכלות יהלום,,,מרקיות מתכלות יהלום,אין,0.00,יחידה,false,,12.90,0.0000,true,1,175658
7290113289321,false,מגשי דקל מלבניים גדו,,,מגשי דקל מלבניים גדו,אין,0.00,יחידה,false,,12.90,0.0000,true,1,262438
7290113289338,false,צלחות דקל מרובעות ענ,,,צלחות דקל מרובעות ענ,אין,0.00,יחידה,false,,17.90,0.0000,true,1,262377
7290113289505,false,רדיד אלומיניום כוכבי,,,רדיד אלומיניום כוכבי,אין,0.00,יחידה,false,,32.90,0.0000,true,1,206248
7290113289543,false,כוסות שקופות 150 יחי,,,כוסות שקופות 150 יחי,אין,0.00,יחידה,false,,14.90,0.0000,true,1,261880
7290113289567,false,צלחות מתכלות קטנות ק,,,צלחות מתכלות קטנות ק,אין,0.00,יחידה,false,,19.90,0.0000,true,1,175602
7290113560055,false,מי פה ללא אלכוהול בטעם מנטה מרענן,פרודונטקס Parodontax,,פרודונטקס מי פה 500,מיליליטרים,500.00,"100 מ""ל",false,,30.90,0.0618,true,1,5768
7290114151597,false,בוטני שמפו לשיער רגי,אף.סי תבליני בגליל ב,IL,Botany - שמפו לשיער,מיליליטרים,500.00,"100 מ""ל",false,,22.90,0.0458,true,1,2592
7290114151634,false,בוטני מרכך לשיער רגי,אף.סי תבליני בגליל ב,IL,Botany - מרכך לשיער,מיליליטרים,500.00,"100 מ""ל",false,,22.90,0.0458,true,1,2594
7290114310215,false,"**טרה שמנת מתוקה 38% 250 מ""ל בקבוק.",מילקו תעשיות בעמ,IL,שמנת מתוקה 38% בקבוק,מיליליטרים,250.00,"100 מ""ל",false,,6.47,0.0259,true,1,38221
7290114310222,false,חלב 1.5 ליטר 3% מועשר בסידן וויטמין D.,מילקו תעשיות בעמ,IL,חלב מועשר בסידן 1.5,ארגז,1.50,ליטר,false,,11.50,7.6667,true,1,7199
7290114310239,false,חלב טרה נטול לקטוז מועשר בוויטמין D 2% 1.5 ל',מילקו תעשיות בעמ,IL,חלב נטול לקטוז 1.5,ארגז,1.50,ליטר,false,,11.50,7.6667,true,1,7200
7290114310246,false,גבינת גרנה פדנו מחלב בקר 29%,מחלבת משק צוריאל,IL,גרנה פדנו צ'אנק 125,גרמים,125.00,100 גרם,false,,18.90,0.1512,true,1,49365
7290114310253,false,גבינה גרנה פדנו מגו,,,גרנה פדנו מגורדת 100,גרמים,100.00,100 גרם,false,,12.90,0.1290,true,1,49265
7290114310338,false,צפתית מעודנת 5% 225 גר' משק צוריאל,מחלבת משק צוריאל,IL,צפתית מעודנת 5% משק,גרמים,225.00,100 גרם,false,,18.50,0.0822,true,1,39638
7290114310383,false,מולר קציפת יוגורט בטעם וניל צרפתי 97 גרם,מולר Muller,IL,יוגורט מוקצף בטעם ונ,גרמים,97.00,100 גרם,false,,5.10,0.0526,true,1,439009
7290114310390,false,"מולר פרופ קציפת יוגורט בננה לוטי 5% 150 מ""ל",מולר Muller,IL,יוגורט מוקצף בטעם בנ,גרמים,97.00,100 גרם,false,,5.10,0.0526,true,1,439026
7290114310406,false,"מולר פרופ קציפת יוגורט תות 5% 150 מ""ל",מולר Muller,IL,יוגורט מוקצף בטעם תו,גרמים,97.00,100 גרם,false,,5.10,0.0526,true,1,439041
7290114310536,false,יוגורט לייט מעושר בחלבון בטעם וניל מולר 200 ג',מולר Muller,IL,מולר אקטיב לייט יוגו,גרמים,25.00,100 גרם,false,,6.20,0.2480,true,1,69081
7290114310550,false,פטה עיזים מעודנת בגביע 5% 200 ג',משק צוריאל,IL,פטה עיזים מעודנת 5%,גרמים,200.00,100 גרם,false,,24.10,0.1205,true,1,69054
7290114310567,false,לאבנה עיזים 5% שומן 200 גרם,משק צוריאל,IL,לאבנה עיזים 5% משק צ,גרמים,200.00,100 גרם,false,,14.60,0.0730,true,1,69029
7290114310574,false,גבינת קרם שמנת עיזים 5% 200 גרם צוריאל,משק צוריאל,IL,גבינת קרם שמנת עיזים,גרמים,200.00,100 גרם,false,,14.60,0.0730,true,1,68980
7290114310611,false,"משקה חלב בננה בבקבוק פקק ספורט טרה 250 מ""ל",Unknown,IL,משקה חלב בננה בבקבוק,מיליליטרים,250.00,"100 מ""ל",false,,5.80,0.0232,true,1,91872
7290114310628,false,משקה חלב בטעם וניל עוגיות 1.5% שומן,מילקו תעשיות בעמ,IL,משקה חלב וניל עוגיות,ארגז,1.00,ליטר,false,,11.90,11.9000,true,1,76013
7290114310673,false,גבינת לאבנה 9% 250 גרם,טרה,IL,לאבנה מחלב בקר 9% 25,גרמים,250.00,100 גרם,false,,12.50,0.0500,true,1,69095
7290114310895,false,סימפלי מולר מאגדת שמינייה מנגו תות 1.5% 150X8 גר',מולר Muller,IL,מאגדת שמינייה סימפלי,אלף,1.20,"ק""ג",false,,31.90,26.5833,true,1,133544
7290114310963,false,יוגורט מחלב עיזים מלא כ3.8% שומן מועשר 500 גר',משק צוריאל,IL,יוגורט עיזים בדלי 3.,גרמים,500.00,100 גרם,false,,15.60,0.0312,true,1,254149
7290114311014,false,"משקה חלב אייס קפוצ'ינו בבקבוק 250 מ""ל",Unknown,IL,משקה חלב אייס קפוצ'י,מיליליטרים,250.00,"100 מ""ל",false,,5.80,0.0232,true,1,331447
7290114311021,false,משקה חלב בטעם וניל עוגיות 1.5% שומן,Unknown,IL,משקה חלב וניל עוגיות,מיליליטרים,250.00,"100 מ""ל",false,,5.80,0.0232,true,1,331474
7290114311038,false,שמנת מתוקה עמידה 32% 250מל בקבוק,מילקו,IL,שמנת מתוקה 32% בקבוק,מיליליטרים,250.00,"100 מ""ל",false,,7.20,0.0288,true,1,331433
7290114311069,false,יוגורט לבן מועשר בחלבון 0% שומן 200 גרם muller active,מולר Muller,IL,יוגורט בטעם טבעי 25,גרמים,200.00,100 גרם,false,,5.30,0.0265,true,1,272158
7290114311076,false,"חמאת מולר צהובה עם שום, 200 גרם",מולר Muller,IL,חמאה צהובה עם שום מו,גרמים,200.00,100 גרם,false,,11.50,0.0575,true,1,319506
7290114311083,false,"חמאת מולר צהובה עם מלח, 200 גרם",מילקו,IL,חמאה צהובה עם מלח מו,גרמים,200.00,100 גרם,false,,11.50,0.0575,true,1,319507
7290114311106,false,מולר נטורל חצוי+יוגורט ביו+גרנולה וסירופ עם סילאן 177 ג',מולר,IL,יוגורט BIO קרמי בתוס,גרמים,170.00,100 גרם,false,,6.90,0.0406,true,1,254164
7290114311298,false,יוגורט קציפת תות בננה מלון 150 ג' מולר,מולר Muller,IL,מולר פרופ תות בננה מ,גרמים,150.00,100 גרם,false,,5.10,0.0340,true,1,412375
7290114311304,false,יוגורט קציפת מנגו פסיפלורה בננה 150 ג' מולר,מולר Muller,IL,מולר פרופ מנגו פסיפל,גרמים,150.00,100 גרם,false,,5.10,0.0340,true,1,412376
7290114311328,false,חלב נטול לקטוז 2% שומן מועשר בויטמין D,ג'י.אר.אמ.גרופו אלימ,IL,חלב נטול לקטוז טרה 1,ארגז,1.00,ליטר,false,,7.50,7.5000,true,1,423470
7290114311359,false,יוגורט עם קציפת מנגו 3% שומן פרופ 150 ג' מולר,מולר Muller,IL,מולר פרופ מנגו 3% 15,גרמים,150.00,100 גרם,false,,5.10,0.0340,true,1,412377
7290114311434,false,"מולר אקטיב בטעם קרמל מלוח 0% שומן, 200 גרם",מולר Muller,IL,מולר אקטיב בטעם קרמל,גרמים,200.00,100 גרם,false,,6.20,0.0310,true,1,438993
7290114311441,false,"מולר אקטיב בטעם עוגיות חמאה 0% שומן, 200 גרם",מולר Muller,IL,מולר אקטיב בטעם עוגי,גרמים,200.00,100 גרם,false,,6.20,0.0310,true,1,438994
7290114311458,false,"חלב מועשר 3% וויטמין קרטון, 1 ל טרה",Unknown,IL,קרטון חלב מועשר ויטמ,ארגז,1.00,ליטר,false,,8.90,8.9000,true,1,440949
7290114311502,false,"משקה חלב בקבוק בטעם סחלב, 1 ליטר",מילקו תעשיות בעמ,IL,משקה חלב בטעם סחלב 1,ארגז,1.00,ליטר,false,,11.90,11.9000,true,1,476942
7290114311526,false,מולר יוגורט פרופ עם קציפת תפוז ג'ינג'ר 3%,מולר Muller,IL,מולר פרופ תפוז ג'ינג,גרמים,150.00,100 גרם,false,,4.90,0.0327,true,1,475658
7290114600927,false,עלי טורטיה חיטה מלאה מאסטר שף 320 ג',אלקטי קורביישיסי,ES,עלי טורטיה חיטה מלאה,גרמים,320.00,100 גרם,false,,9.90,0.0309,true,1,122504
7290114600941,false,מיונז מאסטר שף מיונז לחיץ 435 ג',קפה לנדוור,NL,מאסטר שף מאסטר שף מ,גרמים,435.00,100 גרם,false,,13.90,0.0320,true,1,555
7290114600996,false,"רוטב שום מאסטר שף 250 מ""ל",קפה לנדוור,NL,מאסטר שף רוטב שום 25,מיליליטרים,250.00,"100 מ""ל",false,,9.90,0.0396,true,1,708
7290114603041,false,"פרי גרנולה בוטנים אגוזים וקוקוס, 300 ג'","אפקט טבעי בע""מ",IL,פרי גרנולה בוטנים אג,גרמים,300.00,100 גרם,false,,14.90,0.0497,true,1,36499
7290114603508,false,"רוטב להקצפה מאסטר שף 300 מ""ל",מאסטר שף,TH,מאסטר שף רוטב להקפצה,מיליליטרים,300.00,"100 מ""ל",false,,9.90,0.0330,true,1,633
7290114603515,false,מאסטר שף רוטב קארי אדום 340 גרם,תאי סופרים,TH,מאסטר שף רוטב קארי א,גרמים,340.00,100 גרם,false,,13.90,0.0409,true,1,53617
7290114603522,false,רוטב קארי ירוק מאסטר שף 340 ג',תאי סופרים,TH,מאסטר שף רוטב קארי י,גרמים,340.00,100 גרם,false,,13.90,0.0409,true,1,53618
7290114603539,false,מאסטר שף קרוטונים למרק שום בצל 350ג,מאסטר שף,IL,מאסטר שף קרוטונים למ,גרמים,350.00,100 גרם,false,,19.90,0.0569,true,1,127838
7290114603768,false,"אג'קס לשירותים, זוג 2 * 750 מ""ל",,,אג'קס שירותים 750 מ',מיליליטרים,750.00,"100 מ""ל",false,,30.90,0.0412,true,1,14721
7290114604864,false,קוסקוס דק מאסטר שף 350 ג',דוידוביץ,IL,קוסקוס דק מאסטר שף 3,גרמים,350.00,100 גרם,false,,5.90,0.0169,true,1,122934
7290114604871,false,קוסקוס בינוני מאסטר שף 350 ג',דוידוביץ,IL,קוסקוס בינוני מאסטר,גרמים,350.00,100 גרם,false,,5.90,0.0169,true,1,122616
7290114604895,false,ממרח ספייסי לחיץ 446 גר' מאסטר שף,מאסטר שף,NL,מאסטר שף ממרח ספייסי,גרמים,446.00,100 גרם,false,,13.90,0.0312,true,1,70999
7290114604901,false,ממרח שום לחיץ מאסטר שף444 ג',מאסטר שף,NL,מאסטר שף ממרח שום לח,גרמים,242.00,100 גרם,false,,13.90,0.0574,true,1,71000
7290114604932,false,רוטב ברביקיו דבש מאסטר שף 520 ג',רמיה סי.וי. הולנד,NL,מאסטר שף רוטב ברביקי,מיליליטרים,520.00,"100 מ""ל",false,,12.90,0.0248,true,1,70970
7290114604949,false,רוטב ברביקיו מאסטר שף 524 ג',רמיה סי.וי. הולנד,NL,מאסטר שף רוטב ברביקי,מיליליטרים,524.00,"100 מ""ל",false,,12.90,0.0246,true,1,70971
7290114606530,false,רוטב בטעם מיונז וקטשופ מאסטר שף 515 ג',מאסטר שף,NL,מאסטר שף רוטב בטעם מ,גרמים,515.00,100 גרם,false,,13.90,0.0270,true,1,70984
7290114606547,false,מיונז עם פטריות כמהין מאסטר שף 242 ג',מאסטר שף,NL,מאסטר שף מיונז עם כמ,גרמים,242.00,100 גרם,false,,13.90,0.0574,true,1,70985
7290114606554,false,מיונז מופחת קלוריות בקבוק לחיץ,מאסטר שף,NL,מאסטר שף מיונז לייט,גרמים,470.00,100 גרם,false,,13.90,0.0296,true,1,70986
7290114606578,false,מאסטר שף שקדי מרק 400 גר,,,שקדי מרק מאסטר שף 40,גרמים,400.00,100 גרם,false,,10.90,0.0273,true,1,127824
7290114606592,false,רוטב סויה מסורתי מכיל 46% פולי סויה,קריניציה ויטמינה אס,TH,מאסטר שף רוטב סויה מ,גרמים,620.00,100 גרם,false,,18.90,0.0305,true,1,476224
7290114608169,false,פרי גרנולה קפה וקקאו עם אגוזים 300 גר',,,גרנולה בטעם קקאו וקפ,גרמים,300.00,100 גרם,false,,14.90,0.0497,true,1,228667
7290114608695,false,מיונז עם ווסאבי 241 ג' מאסטר שף,רמיה סי.וי,NL,מיונז עם ווסאבי מאסט,גרמים,241.00,100 גרם,false,,13.90,0.0577,true,1,243969
7290114659949,true,מארז 50 מסכות כירוג,,,מארז 50 מסכות כירוג,אין,0.00,יחידה,false,,10.00,0.0000,true,1,21321
7290115071498,false,מטבעות שוקולד ברשת 3,,,מטבעות שוקולד ברשת 3,גרמים,31.00,100 גרם,false,,3.90,0.1258,true,1,44226
7290115071511,false,מטבעות שוקולד ברשת 3,,,מטבעות שוקולד ברשת 3,גרמים,31.00,100 גרם,false,,3.90,0.1258,true,1,44228
7290115071535,false,מטבעות שוקולד ברשת 3,,,מטבעות שוקולד ברשת 3,גרמים,31.00,100 גרם,false,,3.90,0.1258,true,1,44230
7290115075007,true,מסכה למבוגר ממותג טר,,,מסכה למבוגר ממותג טר,אין,0.00,יחידה,false,,4.90,0.0000,true,1,34881
7290115075410,true,מסכה ילדים ממותג- ע,,,מסכה ילדים ממותג- ע,אין,0.00,יחידה,false,,4.90,0.0000,true,1,34882
7290115190014,false,סיגריות מרלבורו רד קצר בוקס,פיליפ מוריס,,סיגריות מרלבורו חפי,אין,0.00,יחידה,false,,35.00,0.0000,false,1,18669
7290115190076,false,סיגריות מרלבורו גולד ארוך 100 בוקס,פיליפ מוריס,,סיגריות מרלבורו חפי,אין,0.00,יחידה,false,,35.00,0.0000,false,1,35145
7290115190090,false,סיגריות מרלבורו גולד קצר בוקס,פיליפ מוריס,,סיגריות מרלבורו חפי,אין,0.00,יחידה,false,,35.00,0.0000,false,1,18675
7290115190151,false,סיגריות מרלבורו טאץP,פיליפ מוריס,,מרלבורו גולד טאצ בוד,אין,0.00,יחידה,false,,31.00,0.0000,false,1,18681
7290115190250,false,סיגריות פרלמנט נייטP,פיליפ מוריס,,סיגריות פרלמנט (חפיס,אין,0.00,יחידה,false,,40.00,0.0000,false,1,18689
7290115190496,false,סיגריות נקסט פיין 10,פיליפ מוריס,IL,סיגריות נקסט (בודד),אין,0.00,יחידה,false,,30.00,0.0000,false,1,51641
7290115190519,false,סיגריות נקסט פיין חפ,פיליפ מוריס,,סיגריות נקסט (בודד),אין,0.00,יחידה,false,,30.00,0.0000,false,1,18702
7290115200003,false,פתי בר פינוקי וניל 220 גר' אסם,תאי פרזידנט פוד פאבל,PL,פתי בר פינוקי וניל 2,גרמים,220.00,100 גרם,false,,9.90,0.0450,true,1,36754
7290115200027,false,פתי בר פינוקי שוקו 220 גר' אסם.,קריות זול,PL,פתי בר פינוקי שוקו 2,גרמים,220.00,100 גרם,false,,9.90,0.0450,true,1,36755
7290115200713,false,מארז במבה קלאסי 5*50 ג' אסם,אסם,IL,מארז במבה קלאסי אסם,גרמים,250.00,100 גרם,false,,11.90,0.0476,true,1,38783
7290115201031,false,אסם פתיבר דובוני שוקולד 175 גרם,טרופיקל דגיל תעשיות,PL,אסם פתיבר דובי שוקול,גרמים,175.00,100 גרם,false,,9.90,0.0566,true,1,69279
7290115201475,false,טבעול גורמה לביבות כרישה 434 גר',טבעול (מקבוצת אסם הש,IL,טבעול גורמה לביבות כ,גרמים,434.00,100 גרם,false,,34.90,0.0804,true,1,412727
7290115201536,false,טבעול גורמה לביבות כרובית ותפוא 442 גר',עיצובים 2020 (4.8),,טבעול גורמה לביבות כ,גרמים,442.00,100 גרם,false,,34.90,0.0790,true,1,412711
7290115201680,false,ביסלי ברביקיו אסם 70,"אסם השקעות בע""מ",IL,ביסלי ברביקיו 70 גרם,גרמים,70.00,100 גרם,false,,3.90,0.0557,true,1,44415
7290115201741,false,ביסלי בטעם בצל אסם 7,"אסם השקעות בע""מ",IL,ביסלי בצל 70 גרם,גרמים,70.00,100 גרם,false,,3.90,0.0557,true,1,38160
7290115202236,false,טבעול טופו קראנצים 470 גר',עיצובים 2020 (4.8),IL,טבעול טופו קראנצ'ים,גרמים,470.00,100 גרם,false,,30.90,0.0657,true,1,107577
7290115202786,false,מנה חמה פאוצ' נדלס טעם בקר 70 ג' אסם,Unknown,,מנה חמה פאוצ' נדלסאט,גרמים,70.00,100 גרם,false,,4.90,0.0700,true,1,69198
7290115202816,false,מנה חמה פאוצ' נדלס טעם עוף 70 ג' אסם,Unknown,,מנה חמה פאוצ' נדלסאט,גרמים,70.00,100 גרם,false,,4.90,0.0700,true,1,69199
7290115202847,false,מנה חמה פאוצ' נדלס ספייסי אסם 70 ג',Unknown,,מנה חמה פאוצ' נדלסאט,גרמים,70.00,100 גרם,false,,4.90,0.0700,true,1,69200
7290115202977,false,אוסם - מנה חמה רייס נודלס רוטב סויה סיני 55 גרם,מיוצר עי קונדיטוריית,TH,מנה חמה רייס נודלס ר,גרמים,55.00,100 גרם,false,,7.90,0.1436,true,1,161698
7290115203134,false,פופקו פופקורן במבה - פופקורן בציפוי קרמל ובוטנים,"אסם השקעות בע""מ",IL,פופקו פופקורן במבה 4,גרמים,80.00,100 גרם,false,,4.90,0.0613,true,1,89418
7290115203172,false,במבה PRO מכיל 18 גרם חלבון בשקית,"אסם השקעות בע""מ",IL,במבה אסם 80 גרם PRO,גרמים,80.00,100 גרם,false,,4.50,0.0563,true,1,408774
7290115204056,false,אסם קטשופ מופחת סוכר 690 גר',קריות זול,IL,אסם קטשופ מופחת סוכר,גרמים,690.00,100 גרם,false,,10.50,0.0152,true,1,78605
7290115204131,false,צבר סחוג ירוק 6*190גרם חדש,צבר,,סחוג ירוק המעדנייה ש,גרמים,190.00,100 גרם,false,,10.90,0.0574,true,1,296987
7290115204155,false,סחוג אדום המעדנייה ש,צבר,,סחוג אדום המעדנייה ש,גרמים,190.00,100 גרם,false,,10.90,0.0574,true,1,296988
7290115204186,false,פסטו המעדינה של צבר,צבר,,פסטו המעדינה של צבר,גרמים,190.00,100 גרם,false,,14.90,0.0784,true,1,273504
7290115204247,false,ממרח עגבניות מיובשות 190 ג' צבר,צבר,,עגבניות מיובשות המעד,גרמים,190.00,100 גרם,false,,14.90,0.0784,true,1,273520
7290115204261,false,אריסה חריפה המעדנייה,צבר,,אריסה חריפה המעדנייה,גרמים,190.00,100 גרם,false,,10.90,0.0574,true,1,296989
7290115205176,false,פיטנס - קרקר דק כפרי פיטנס 140 גרם,נסטלה Nestle,IL,פיטנס קרקר THIN כפרי,גרמים,140.00,100 גרם,false,,11.90,0.0850,true,1,157025
7290115205312,false,קרקר פיטנס דק עם זיתי קלמטה ועשבי תיבול,"אסם השקעות בע""מ",IL,פיטנס קרקר Thin Deli,גרמים,140.00,100 גרם,false,,11.90,0.0850,true,1,375004
7290115205527,false,פיטנס חטיף מולטגריין עם עדשים 25גר,פיטנס,IL,פיטנס חטיף מולטגריין,גרמים,25.00,100 גרם,false,,4.90,0.1960,true,1,381369
7290115205541,false,חטיף מולטיגריין עם חומוס 25 ג' פיטנס,"אסם השקעות בע""מ",IL,פיטנס חטיף מולטיגריי,גרמים,25.00,100 גרם,false,,4.90,0.1960,true,1,381370
7290115205633,false,טבעול סנסשיונל/גורמה נקנקיות 350 גר',עיצובים 2020 (4.8),,טבעול סנסשיונל נקנקי,גרמים,350.00,100 גרם,false,,34.90,0.0997,true,1,412728
7290115205978,false,פתיבר ואצבעות שוקולד 180 גרם - רבנות,"ד""ר ג'רארד בע""מ",PL,פתי בר אצבעות שוקולד,גרמים,180.00,100 גרם,false,,9.90,0.0550,true,1,275095
7290115206135,false,טבעול גורמה ארוחת קינואה,טבעול (מקבוצת אסם הש,IL,טבעול גורמה ארוחת קי,גרמים,450.00,100 גרם,false,,34.90,0.0776,true,1,412757
7290115206531,false,אסם קרמוגית במילוי קרם בייגלה 12*200 גרם,אסם-נסטלה,IL,אסם קרמוגית במילוי ק,גרמים,200.00,100 גרם,false,,9.90,0.0495,true,1,176267
7290115207323,false,פרפקטו פסטה ספירלי ל,ניולט,IT,פסטה ספירלי ללא גלוט,גרמים,400.00,100 גרם,false,,13.90,0.0348,true,1,272435
7290115207484,false,צבר חציל על האש היתר 6*400גרם.,ג'נרל מילס סאן אדריא,IL,חציל על האש היתר צבר,גרמים,400.00,100 גרם,false,,14.90,0.0373,true,1,224927
7290115207620,false,"רוטב בסגנון סויה קלאסי 290 מ""ל אסם",,,אסם רוטב בסגנון סויה,מיליליטרים,320.00,"100 מ""ל",false,,12.90,0.0403,true,1,374700
7290115207668,false,"רוטב בסגנון סויה סיני 600 מ""ל",אסם,,אסם רוטב בסגנון סויה,מיליליטרים,680.00,"100 מ""ל",false,,14.90,0.0219,true,1,374671
7290115207682,false,"רוטב בסגנון סויה סיני 290 מ""ל",Unknown,,אסם רוטב בסגנון סויה,מיליליטרים,330.00,"100 מ""ל",false,,8.90,0.0270,true,1,374644
7290115207941,false,סירופ אננס 1 ל' ויטמינצ'יק,בית-השיטה עסיס תעשיו,IL,ויטמינצ'יק אננס 1 לי,ארגז,1.00,ליטר,false,,22.50,22.5000,true,1,240486
7290115207965,false,סירופ מנגו ואפרסק 1 ל' ויטמינצ'יק,בית-השיטה עסיס תעשיו,IL,ויטמינצ'יק מנגו 1 לי,ארגז,1.00,ליטר,false,,22.50,22.5000,true,1,240487
7290115208009,false,סירופ ענבים 1ל' ויטמינצ'יק,בית-השיטה עסיס תעשיו,IL,ויטמינצ'יק ענבים 1 ל,ארגז,1.00,ליטר,false,,22.50,22.5000,true,1,240489
7290115208047,false,סירופ פטל 1 ל' ויטמינצ'יק,בית-השיטה עסיס תעשיו,IL,ויטמינצ'יק פטל 1 ליט,ארגז,1.00,ליטר,false,,22.50,22.5000,true,1,240472
7290115208061,false,סירופ תפוח 1ל' ויטמינצ'יק,בית השיטה עסיס תעשיו,IL,ויטמינצ'יק תפוח 1 לי,ארגז,1.00,ליטר,false,,22.50,22.5000,true,1,240490
7290115208320,false,אפרופו חטיף בטעם ביסלי בצל 50 גרם,"אסם השקעות בע""מ",IL,אפרופו בטעם ביסלי בצ,גרמים,50.00,100 גרם,false,,5.00,0.1000,true,1,445211
7290115209136,false,"טבעול חטיפי עוף צימחי העדה החרדית 1ק""ג",טבעול ישראל,IL,חטיפים צמחוניים בטעם,קילוגרמים,1.20,"100 ק""ג",false,,39.90,33.2500,true,1,423351
7290115209174,false,במבה אורירית קלאסי 60 גר',אסם השקעות בעמ,IL,במבה אורירית 60 גרם,גרמים,80.00,100 גרם,false,,4.50,0.0563,true,1,427102
7290115209198,false,במבה אורירית 80 ג' אסם,אסם השקעות בעמ,IL,במבה אורירית 80 גרם,גרמים,80.00,100 גרם,false,,4.50,0.0563,true,1,381414
7290115403299,false,עוגיות פרפריות אדל 4,,,עוגיות פרפריות אדל 4,גרמים,450.00,100 גרם,false,,15.90,0.0353,true,1,337287
7290115403312,false,עוגיות מלוחות קריספי,,,עוגיות מלוחות קריספי,גרמים,450.00,100 גרם,false,,15.90,0.0353,true,1,337289
7290115403404,false,עוגיות פרפריות שוקו,,,עוגיות פרפריות שוקו,גרמים,450.00,100 גרם,false,,15.90,0.0353,true,1,337297
7290115403435,false,עוגיות מעמול תמר אדל,,,עוגיות מעמול תמר אדל,גרמים,500.00,100 גרם,false,,15.90,0.0318,true,1,337300
7290115403442,false,עוגיות ממולאות בטעם,,,עוגיות ממולאות בטעם,גרמים,500.00,100 גרם,false,,15.90,0.0318,true,1,337301
7290115403466,false,עוגיות נסיכה מיקס אד,,,עוגיות נסיכה מיקס אד,גרמים,500.00,100 גרם,false,,15.90,0.0318,true,1,337303
7290115403473,false,עוגיות עינוגי שוקולד,,,עוגיות עינוגי שוקולד,גרמים,500.00,100 גרם,false,,15.90,0.0318,true,1,337304
7290115403480,false,עוגיות בסגנון מרוקאי,,,עוגיות בסגנון מרוקאי,גרמים,500.00,100 גרם,false,,15.90,0.0318,true,1,337305
7290115403503,false,עוגיות פרסה תמרים אד,,,עוגיות פרסה תמרים אד,גרמים,500.00,100 גרם,false,,15.90,0.0318,true,1,337306
7290115403510,false,עוגיות מגולגלות תמרי,,,עוגיות מגולגלות תמרי,גרמים,500.00,100 גרם,false,,15.90,0.0318,true,1,337307
7290115403527,false,עוגיות עינוגי תמרים,,,עוגיות עינוגי תמרים,גרמים,500.00,100 גרם,false,,15.90,0.0318,true,1,337308
7290115403565,false,עוגיות קיפל וניל אדל,,,עוגיות קיפל וניל אדל,גרמים,500.00,100 גרם,false,,15.90,0.0318,true,1,337312
7290115405781,false,פחזניות ממולאות בטעם שוקולד 180 גר',תופינים מקבוצת קפולס,IL,פחזניות בטעם שוקולד,גרמים,180.00,100 גרם,false,,14.90,0.0828,true,1,365290
7290115405798,false,פחזניות ממולאות בטעם ריבת חלב 180 גרם,קפולסקי אדל בעמ,IL,פחזניות בטעם ריבת חל,גרמים,180.00,100 גרם,false,,14.90,0.0828,true,1,365291
7290115405804,false,פחזניות ממולאות בטעם תות 180 גרם,קפולסקי אדל בעמ,IL,פחזניות בטעם תות תופ,גרמים,180.00,100 גרם,false,,14.90,0.0828,true,1,365305
7290115410068,false,סלט חציל במיונז 400 גר',סלטי היום,IL,חציל במיונז 400 גרם,גרמים,400.00,100 גרם,false,,10.90,0.0273,true,1,120497
7290115410075,false,טחינה 400 גרם סלטי ה,סלטי היום,IL,טחינה 400 גרם סלטי ה,גרמים,400.00,100 גרם,false,,10.90,0.0273,true,1,120498
7290115410082,false,סלט טורקי סלטי היום,סלטי היום,IL,טורקי 400 גרם סלטי ה,גרמים,400.00,100 גרם,false,,10.90,0.0273,true,1,120499
7290115410099,false,מטבוחה סלטי היום 400,סלטי היום,IL,מטבוחה 400 גרם סלטי,גרמים,400.00,100 גרם,false,,10.90,0.0273,true,1,120515
7290115410112,false,חומוס 400 גרם סלטי ה,סלטי היום,IL,חומוס 400 גרם סלטי ה,גרמים,400.00,100 גרם,false,,10.90,0.0273,true,1,120482
7290115410549,false,המעדניה חומוס ירושלים 250 גר',סלטי היום,IL,חומוס מסעדות המעדניה,גרמים,250.00,100 גרם,false,,10.90,0.0436,true,1,120393
7290115410556,false,המעדניה חומוס מסבחה ירוק 250 גר',סלטי היום,IL,חומוס מסבחה 250 גרם,גרמים,250.00,100 גרם,false,,10.90,0.0436,true,1,120420
7290115410587,false,טחינה לבנה המעדניה 2,סלטי היום,IL,טחינה לבנה 250 גרם -,גרמים,250.00,100 גרם,false,,10.90,0.0436,true,1,120436
7290115410594,false,המעדניה חציל תיאלנדי 250 גר',סלטי היום,IL,חציל תאילנדי 250 גרם,גרמים,250.00,100 גרם,false,,10.90,0.0436,true,1,120450
7290115410600,false,המעדניה חציל במיונז 250 גר',סלטי היום,IL,חציל במיונז 250 גרם-,גרמים,250.00,100 גרם,false,,10.90,0.0436,true,1,120451
7290115410655,false,המעדניה מטבוחה 250 גר',סלטי היום,IL,מטבוחה 250 גרם המעדנ,גרמים,250.00,100 גרם,false,,10.90,0.0436,true,1,120454
7290115411928,false,סלט תפוחי אדמה 400 גר',סלטי היום,IL,"תפו""א 400 גרם סלטי ה",גרמים,400.00,100 גרם,false,,10.90,0.0273,true,1,120501
7290115480016,false,קפסולות ג'ל כביסה 26 יח' סוד,סוד,,סוד קפסולות ג'ל 3+1,100 יח',26.00,100 יח',false,,29.90,1.1500,true,1,374002
7290115671155,false,שלישיית סוכריות FRESH ענבים 45 ג' בזוקה,ALPRO,,שלישיית סוכריות בזוק,גרמים,45.00,100 גרם,false,,7.90,0.1756,true,1,216810
7290115671223,false,מסטיק מאסט פאן בצנצנת אבטיח מנגו,אסקום קונפקשיין,DE,מסטיק קוביות ללא סוכ,גרמים,58.00,100 גרם,false,,10.50,0.1810,true,1,216851
7290115671339,false,מיני פינוקיות בראוניז בייגל בוטן עלית 180 ג' עלית,הגביע מוצרי ופלים בע,IL,מיני פינוקיות בראוני,גרמים,180.00,100 גרם,false,,10.90,0.0606,true,1,107495
7290115671346,false,מיני פינוקיות טופי קרמל מלוח 180 ג' עלית,הגביע מוצרי ופלים בע,IL,מיני פינוקיות במילוי,גרמים,180.00,100 גרם,false,,10.90,0.0606,true,1,107509
7290115671353,false,מיני פינוקיות עוגיות קקאו במילוי קרם בטעם וניל,עלית,IL,מיני פינוקיות שחור ל,גרמים,180.00,100 גרם,false,,10.90,0.0606,true,1,198255
7290115671421,false,פולי אספרסו עשירים וארומטיים עוצמה 10 250 ג' עלית,שטראוס קפה בי.וי,IL,פולי אספרסו עשירים ו,גרמים,250.00,100 גרם,false,,21.90,0.0876,true,1,275328
7290115675559,false,מארז קפה טורקי לדרך 70ג' עלית,שטראוס קפה בי.וי.,IL,מארז קפה טורקי לדרך,גרמים,70.00,100 גרם,false,,7.90,0.1129,true,1,45464
7290115675696,false,דגני בוקר קראנצ'ים שיבולת שועל עם אגוזים ושקדים,גלידות שטראוס,IL,דגני בוקר קוואקר שיב,גרמים,375.00,100 גרם,false,,19.90,0.0531,true,1,101083
7290115675702,false,דגני בוקר קראנצ'ים שיבולת שועל עם פירות מיובשים,גלידות שטראוס,IL,דגני בוקר קוואקר שיב,גרמים,375.00,100 גרם,false,,19.90,0.0531,true,1,101084
7290115675986,false,יוגורט עם אגוזי לוז ושקדים בקרמל מלוח 4.5%,"שטראוס בריאות בע""מ",IL,דנונה קראנצ' אגוזים,גרמים,173.00,100 גרם,false,,4.60,0.0266,true,1,44836
7290115676051,false,"אקטיביה משקה+שיבולת שועל במתיקות מעודנת 250 מ""ל",מיוצר עי קונדיטוריית,IL,משקה אקטיביה עם שיבו,גרמים,265.00,100 גרם,false,,5.20,0.0196,true,1,139330
7290115676082,false,משקה דנונה פרו 20 יוגורט תות 255 ג' רבנות,"שטראוס בריאות בע""מ.",IL,משקה יוגורט עם חלבון,גרמים,255.00,100 גרם,false,,7.20,0.0282,true,1,80282
7290115676099,false,משקה דנונה פרו 20 יוגורט וניל 255 ג' רבנות,"שטראוס בריאות בע""מ.",IL,משקה יוגורט עם חלבון,גרמים,265.00,100 גרם,false,,7.20,0.0272,true,1,80257
7290115676341,false,אריזות דבש אישיות טו גו 18 * 162 ג' יד מרדכי,קריות זול,IL,דבש טהור באריזות איש,גרמים,162.00,100 גרם,false,,19.90,0.1228,true,1,439701
7290115677362,false,נודלס טריאקי 350 ג' דלישס,"טרופיקל דגיל בע""מ אז",IL,נודלס טריאקי שטראוס,גרמים,350.00,100 גרם,false,,27.90,0.0797,true,1,146133
7290115677409,false,אורז קארי צהוב עם ירקות ברוטב קארי וקרם קוקוס,אוכל ביתי ניר עציון,IL,אורז קארי צהוב שטראו,גרמים,350.00,100 גרם,false,,27.90,0.0797,true,1,146148
7290115677423,false,אורז קארי ירוק חריף 350 ג' דלישס,"טרופיקל דגיל בע""מ אז",IL,אורז קארי ירוק חריף,גרמים,350.00,100 גרם,false,,27.90,0.0797,true,1,146149
7290115677676,false,חומוס עשיר בטחינה גולמית עם מלא חריף 400 גר אחלה,,,חומוס 40% טחינה עם ח,גרמים,400.00,100 גרם,false,,12.90,0.0323,true,1,47943
7290115677904,false,חומוס פלפלים חריף 235 גרם אחלה,מיוצר עי קונדיטוריית,IL,חומוס פלפלים חריף אח,גרמים,235.00,100 גרם,false,,9.90,0.0421,true,1,80977
7290115677966,false,ממרח אבוקדו טעם הטבע,סנטה אירפואטו,MX,ממרח אבוקדו אחלה 200,גרמים,200.00,100 גרם,false,,14.90,0.0745,true,1,130444
7290115678222,false,מארז 8 גביעים יוגורט Greek בסגנון יווני 6.5% שומן,דנונה - שטראוס,IL,מארז שמינייה יוגורט,גרמים,130.00,100 גרם,false,,23.90,0.1838,true,1,80333
7290115678376,false,מעדן הגולן שוקולד 125 גרם,מיוצר עי קונדיטוריית,IL,מעדן הגולן מעדן חלב,גרמים,125.00,100 גרם,false,,2.90,0.0232,true,1,109373
7290115678383,false,מעדן הגולן שוקולד מריר 125 גר,מיוצר עי קונדיטוריית,IL,מעדן הגולן מעדן חלב,גרמים,125.00,100 גרם,false,,2.90,0.0232,true,1,109387
7290115678598,false,חסה אייסברג חיתוך גס,קריות זול,,חסה אייסברג חיתוך גס,גרמים,300.00,100 גרם,false,,9.90,0.0330,true,1,141450
7290115678888,false,שוקולית טופי קרמל 500 ג' עלית,שטראוס גרופ,IL,שוקולית טופי קרמל 50,גרמים,500.00,100 גרם,false,,14.90,0.0298,true,1,235974
7290115679731,false,שייק פירות ירוק דליש,סיבהפרוסט,BE,שייק פירות ירוק דליש,גרמים,300.00,100 גרם,false,,21.90,0.0730,true,1,443030
7290115679878,false,פיצה מבצק עם סלק שטר,גסטרונומיה פרוסט אס.,IT,פיצה מבצק עם סלק שטר,גרמים,320.00,100 גרם,false,,19.90,0.0622,true,1,146382
7290115679885,false,פיצה מבצק עם כרובית עם רוטב עגבניות ומוצרלה,גסטרונומיה פרוסט אס.,IT,פיצה מבצק עם כרובית,גרמים,320.00,100 גרם,false,,19.90,0.0622,true,1,146355
7290115679915,false,פיצה מבצק עם דלעת עם רוטב עגבניות ומוצרלה,שטראוס דלישס,,פיצה מבצק עם דלעת שט,גרמים,320.00,100 גרם,false,,19.90,0.0622,true,1,146396
7290115679960,false,ציטוס פופקורן טבעי 60 גר',"שטראוס פריטו ליי בע""",IL,ציטוס פופקורן בטעם ט,גרמים,60.00,100 גרם,false,,3.90,0.0650,true,1,139411
7290116244037,false,אצבעות שוקולד חלב 84 גר'-חד קרן,,,אצבעות שוקולד חלב חד,גרמים,84.00,100 גרם,false,,7.90,0.0940,true,1,255236
7290116244044,false,אצבעות שוקולד חלב 84 גר'-מיניונים,,,אצבעות שוקולד חלב מי,גרמים,84.00,100 גרם,false,,7.90,0.0940,true,1,255237
7290116244068,false,אצבעות שוקולד חלב 84 גר'-כוח פי גיי,,,אצבעות שוקולד חלב כו,גרמים,84.00,100 גרם,false,,7.90,0.0940,true,1,255239
7290116244075,false,אצבעות שוקולד חלב 84 גר'-סמי הכבאי,,,אצבעות שוקולד חלב סמ,גרמים,84.00,100 גרם,false,,7.90,0.0940,true,1,255240
7290116244082,false,אצבעות שוקולד חלב 84 גר'-מפרץ הרפתקאות,,,אצבעות שוקולד חלב מפ,גרמים,84.00,100 גרם,false,,7.90,0.0940,true,1,255241
7290116270715,false,פילה ברבוניה ארוז בו,,,פילה ברבוניה ארוז בו,אין,0.00,יחידה,false,,24.90,0.0000,true,1,276348
7290116512426,false,גרבי נשים נגד החלקה,,,גרבי נשים נגד החלקה,אין,0.00,יחידה,false,,14.90,0.0000,true,1,150014
7290116530062,false,הלמנס לסלט ויניגרט 295 גרם,הלמנס hellmann's,IL,רוטב לסלט ויניגרטה 2,גרמים,295.00,100 גרם,false,,10.50,0.0356,true,1,101436
7290116530185,false,דגני בוקר דלישקד קרמל מלוח 400 ג' תלמה,יוניליוור שפע ישראל,IL,דגני בוקר דלישקד קרמ,גרמים,400.00,100 גרם,false,,21.90,0.0547,true,1,219612
7290116530871,false,מיקס נשנושים 240 ג' בייגל בייגל,בייגל בייגל BB,IL,חטיף נשנושים מיקס+בי,גרמים,240.00,100 גרם,false,,11.90,0.0496,true,1,419827
7290116531090,false,דג-דג חטיף אפוי במליחות מעודנת 250 גרם,"דרך השוקולד 1, צפת 1",IL,דג דג חטיף אפוי במלי,גרמים,250.00,100 גרם,false,,10.00,0.0400,true,1,242241
7290116531496,false,דגני בוקר קינמונים 375 ג' תלמה,נאוג'אזיס נווזיס UAB,LT,דגני בוקר קינמונים ת,גרמים,375.00,100 גרם,false,,18.90,0.0504,true,1,273298
7290116531564,false,מאגדת פתית פריכיות תירס דקות עם קינואה ובזיליקום 150 ג',פתית,,מאגדת פריכיות תירס ד,גרמים,150.00,100 גרם,false,,14.90,0.0993,true,1,224287
7290116532899,false,נשנושים איירביס פלאפל 155 גר',קריות זול,,נשנושים איירביס חטיף,גרמים,155.00,100 גרם,false,,11.90,0.0768,true,1,456543
7290116533216,false,מרק ירקות קנור רכיבי,,,מרק ירקות 100% רכיבי,גרמים,235.00,100 גרם,false,,20.90,0.0889,true,1,443530
7290116930015,false,חטיף חלבון GO קרמל ח.בוטנים קריספי 20 גרם חלבון,תנובה,IL,חטיף חלבון בטעם קרמל,גרמים,60.00,100 גרם,false,,11.90,0.1983,true,1,286339
7290116930282,false,ארוחה בקטנה לאבנה עם קרקרים 150ג' תנובה,תנובה,IL,לאבנה 9% שומן עם קרק,גרמים,150.00,100 גרם,false,,7.90,0.0527,true,1,411446
7290116930459,false,"משקה SHAKE בננה אננס וקוקוס 230 מ""ל יופלה",יופלה Yoplait,IL,יופלה SHAKE בננה אנ,מיליליטרים,230.00,"100 מ""ל",false,,7.90,0.0343,true,1,411503
7290116930466,false,"משקה SHAKE בננה מנגן פסיפלורה והל 230 מ""ל יופלה",יופלה Yoplait,IL,יופלה SHAKE מנגו בנ,מיליליטרים,230.00,"100 מ""ל",false,,7.90,0.0343,true,1,411504
7290116930626,false,ארוחה בקטנה ציזיקי עם קרקרים 150ג' תנובה,תנובה,IL,ציזיקי עם קרקרים תנו,גרמים,150.00,100 גרם,false,,7.90,0.0527,true,1,411447
7290116930657,false,"משקה חלב GO בננה תמר שיבולת שועל 340 מ""ל",תנובה מרכז שיתופי לש,IL,משקה GO בננה תמר עם,מיליליטרים,340.00,"100 מ""ל",false,,7.90,0.0232,true,1,460008
7290116930718,false,מעדן תנובה דיאט בטעם שוקולד וקרמל מלוח 0% 150ג' תנובה,"תנובה בע""מ",IL,מעדן דיאט בטעם שוקו,גרמים,150.00,100 גרם,false,,3.90,0.0260,true,1,413228
7290116930954,false,יוגורט טעם פאי תפוחים 3% 150 ג' יופלה,"תנובה בע""מ",IL,יופלה בטעם פאי תפוחי,מיליליטרים,150.00,"100 מ""ל",false,,5.20,0.0347,true,1,459961
7290116931012,false,יופלה דיאט 0% שומן תפוח וקינמון 150 גרם,תנובה מרכז שיתופי לש,IL,יופלה דיאט 0% שומן ת,מיליליטרים,150.00,"100 מ""ל",false,,5.10,0.0340,true,1,459976
7290116931104,false,יופלה גו במרקם סמיך עם אננס 0% שומן 200ג',תנובה בעמ,IL,יופלה גו במרקם סמיך,גרמים,200.00,100 גרם,false,,6.20,0.0310,true,1,422016
7290116931159,false,יופלה דיאט 0% שומן תות בננה 150 גרם,תנובה מרכז שיתופי לש,IL,יופלה דיאט 0% שומן ת,מיליליטרים,150.00,"100 מ""ל",false,,5.10,0.0340,true,1,459992
7290116931289,false,יוגורט GO סמיך אלפחורס 200 גרם,תנובה מרכז שיתופי לש,IL,יוגורט גו סמיך 0% אל,גרמים,200.00,100 גרם,false,,6.20,0.0310,true,1,457983
7290117260227,false,קפה טורקי אמיתי 100 גר',,,קפה טורקי אמיתי מטור,גרמים,100.00,100 גרם,false,,5.90,0.0590,true,1,232285
7290117260890,false,פופקורן בטעם קוקוס 90 ג' ויליפוד,Unknown,UA,פופקורן בטעם קוקוס ו,גרמים,90.00,100 גרם,false,,7.90,0.0878,true,1,252735
7290117260913,false,פופקורן בטעם שוקולד 90 ג' ויליפוד,Unknown,UA,פופקורן בטעם שוקולד,גרמים,90.00,100 גרם,false,,7.90,0.0878,true,1,252737
7290117260920,false,קרקרים ללא גלוטן 125 ג' ויליפוד,ארמנדומודיאה אס.אר.א,IT,קרקרים ללא גלוטן ויל,גרמים,125.00,100 גרם,false,,9.90,0.0792,true,1,276726
7290117260951,false,ביסקוויטים ופירות הדר ללא גלוטן 125 ג' ויליפוד,וילי פוד,,ביסקוויטים ללא גלוטן,גרמים,125.00,100 גרם,false,,9.90,0.0792,true,1,276729
7290117260968,false,ביסקוויטים ללא גלוטן 125 ג' ויליפוד,וילי פוד,,ביסקוויטים ללא גלוטן,גרמים,125.00,100 גרם,false,,9.90,0.0792,true,1,276730
7290117261088,false,בוראטה גבינת מוצרלה רכה 125ג' 18%שומן,,,בוראטה גבינת מוצרלה,גרמים,125.00,100 גרם,false,,19.90,0.1592,true,1,447084
7290117261347,false,תן בו בציפוי בטעם שו,,DK,תן בו בציפוי בטעם שו,גרמים,300.00,100 גרם,false,,19.90,0.0663,true,1,338693
7290117261422,false,יוגורט פרוביוטי עם תות שדה 2%שומן 125ג',Euro יורו מחלבות אירופה,TR,יוגורט פרוביוטי עם ת,גרמים,125.00,100 גרם,false,,2.90,0.0232,true,1,460529
7290117261446,false,יוגורט פרוביוטי עם אפרסק ומשמש 2%שומן 125ג',Euro יורו מחלבות אירופה,TR,יוגורט פרוביוטי אפרס,גרמים,125.00,100 גרם,false,,2.90,0.0232,true,1,460531
7290117261521,false,סלמון אטלנטי בשמן קנולה 120 גרם,קריות זול,LV,סלמון אטלנטי בשמן קנ,גרמים,120.00,100 גרם,false,,10.90,0.0908,true,1,440853
7290117261576,false,סרדינים בריסלינג מעושנים ברוטב עגבניות 129 גרם,קריות זול,,סרדינים בריסלינג מעו,גרמים,185.00,100 גרם,false,,13.90,0.0751,true,1,440835
7290117380192,false,פוף קראנצ' בטעם גריל 60 גר',מנה,IL,פוף קראנצ בטעם גריל,גרמים,60.00,100 גרם,false,,3.90,0.0650,true,1,233365
7290117380857,false,"מרבה סלים דליס פייבר עוגות אישיות בטעם לימון, 120 גרם",מרבה,,סלים דליס פייבר - עו,גרמים,120.00,100 גרם,false,,10.90,0.0908,true,1,382139
7290117380864,false,עוגות בראוניס אישיות בטעם שוקולד 120 ג' סלים דליס פייבר,הלמה הלום,NL,סלים דליס פייבר - עו,גרמים,120.00,100 גרם,false,,10.90,0.0908,true,1,382140
7290117381182,false,רוטב סרירציה מאסטר ש,תאי סופרים סוד,TH,רוטב סרירציה מאסטר ש,גרמים,360.00,100 גרם,false,,23.90,0.0664,true,1,464841
7290117383711,false,"מארז זוג תחליב רחצה חלב ודבש *750 מ""ל פלמוליב",קולגייט פלמוליב,TR,פלמוליב חלב ודבש 750,ליטרים,1500.00,100 ליטר,false,,30.00,0.0200,true,1,453336
7290117383735,false,"מארז זוג תחליב רחצה חימר ורדים *750 מ""ל פלמוליב",קולגייט פלמוליב,TR,פלמוליב חימר ורדים 7,ליטרים,1500.00,100 ליטר,false,,30.00,0.0200,true,1,453338
7290117761052,false,מנקה חלונות 1 ליטר ז,,,מנקה חלונות 1 ליטר ז,ארגז,1.00,ליטר,false,,14.90,14.9000,true,1,275205
7290117829585,false,צמר גפן מתוק בדלי 50,,,צמר גפן מתוק בדלי 50,גרמים,50.00,100 גרם,false,,10.00,0.2000,true,1,458727
7290117829592,false,צמר גפן מתוק בדלי 50,,,צמר גפן מתוק בדלי 50,גרמים,50.00,100 גרם,false,,10.00,0.2000,true,1,458728
7290117860038,false,"הוואי - תחליב רחצה יוגורט בניחוח אוכמניות 700 מ""ל",הוואי,,תחליב רחצה יוגורט בנ,מיליליטרים,700.00,"100 מ""ל",false,,14.90,0.0213,true,1,454249
7290117860045,false,שמפו תמציות אלוורה ותה ירוק לשיער רגיל,"טרופיקל גליל בע""מ",IL,שמפו מטפח לשיער רגיל,מיליליטרים,700.00,"100 מ""ל",false,,14.90,0.0213,true,1,450436
7290117860083,false,"קרם רחצה בניחוח אירוס זהוב ודבש 700 מ""ל הוואי",הוואי,,תחליב רחצה בניחוח אי,מיליליטרים,700.00,"100 מ""ל",false,,14.90,0.0213,true,1,454250
7290117860090,false,מרכך תמציות אלוורה ותה ירוק לשיער רגיל,"טרופיקל גליל בע""מ",IL,מרכך מטפח לשיער רגיל,מיליליטרים,700.00,"100 מ""ל",false,,14.90,0.0213,true,1,450437
7290117860144,false,שמפו למניעת קשקשים לשימוש יומיומי,"טרופיקל גליל בע""מ",IL,שמפו נגד קשקשים הווא,מיליליטרים,700.00,"100 מ""ל",false,,14.90,0.0213,true,1,450438
7290117860243,false,"הוואי - מרכך מעניק לחות לשיער יבש 700 מ""ל","טרופיקל גליל בע""מ",IL,מרכך לשיער יבש הוואי,מיליליטרים,700.00,"100 מ""ל",false,,14.90,0.0213,true,1,450440
7290117860298,false,שמפו קומפלקס קרטין לשיער עדין או חלש,הוואי,,שמפו קרטין מחזק הווא,מיליליטרים,700.00,"100 מ""ל",false,,14.90,0.0213,true,1,456208
7290117860748,false,שמפו תמצית יסמין מעניק נפח לשיער דק,קריות זול,,שמפו מעניק נפח הוואי,מיליליטרים,700.00,"100 מ""ל",false,,14.90,0.0213,true,1,456213
7290117860847,false,"הוואי רעננות מושלמת לגבר לשיער, גוף, פנים וזקן",קריות זול,,שמפו 4 ב 1 לגבר רעננ,מיליליטרים,700.00,"100 מ""ל",false,,14.90,0.0213,true,1,456215
7290117860892,false,"הוואי - תחליב רחצה יוגורט בניחוח וניל ודבש 700 מ""ל",הוואי,,תחליב רחצה יוגורט בנ,מיליליטרים,700.00,"100 מ""ל",false,,14.90,0.0213,true,1,454257
7290117860991,false,"תחליב רחצה יוגורט בניחוח שקדים 700 מ""ל הוואי",,,תחליב רחצה יוגורט בנ,מיליליטרים,700.00,"100 מ""ל",false,,14.90,0.0213,true,1,454259
7290117900987,false,אגוז פקאן קלוף 140 ג,,,פקאן קלוף 140 גרם,גרמים,140.00,100 גרם,false,,15.90,0.1136,true,1,385480
7290117901014,false,קשיו קלוי 160 גרם,,,קשיו קלוי 160 גרם,גרמים,160.00,100 גרם,false,,15.90,0.0994,true,1,385483
7290117901045,false,בוטן רביולי 200 גרם,,,בוטן רביולי 200 גרם,גרמים,200.00,100 גרם,false,,15.90,0.0795,true,1,385486
7290118420071,false,במבה ביסלי ברביקיו מיקס 80ג' אסם,Unknown,IL,במבה ביסלי ברביקיו מ,גרמים,80.00,100 גרם,false,,4.50,0.0563,true,1,444925
7290118420378,false,פתיבר פינוקים בטעם תותים בשמנת - חלבי,קריות זול,IL,פתי בר פינוקים תותים,גרמים,220.00,100 גרם,false,,9.90,0.0450,true,1,445166
7290118420415,false,קטשופ קלאסי היתר מכירה 750ג' אסם,"אסם תעשיות מזון בע""מ",IL,.אסם קטשופ בקבוק לחי,גרמים,750.00,100 גרם,false,,10.90,0.0145,true,1,481718
7290118420477,false,בייגלה שטוחים בטעם ביסלי בצל 300ג' אסם,אסם,IL,בייגלה שטוחים בטעם ב,גרמים,300.00,100 גרם,false,,10.90,0.0363,true,1,445181
7290900010367,false,טורטייה שמינייה משקל נקי 360 ג' Avel,Turka Invest,PL,טורטייה אבאל 360 גרם,גרמים,360.00,100 גרם,false,,8.90,0.0247,true,1,29924
7291008084915,false,תמר מג'הול 500גר,,,תמר מג'הול 500גר,גרמים,500.00,100 גרם,false,,10.00,0.0200,true,1,281582
7293556389962,true,שום לבן (סולו) ארוז,,,שום לבן (סולו) ארוז,גרמים,250.00,100 גרם,false,,9.90,0.0396,true,1,31194
7296021047053,false,מצת לגז,נעמן,,מצית גז,אין,0.00,יחידה,false,,10.90,0.0000,true,1,275028
7296021140983,false,כף מחורצת ידית משולב,,,כף מחורצת ידית משולב,אין,0.00,יחידה,false,,21.90,0.0000,true,1,273704
7296021170669,false,פותחן יין נירוסטה,,,פותחן יין נירוסטה,אין,0.00,יחידה,false,,25.90,0.0000,true,1,274217
7296021180347,false,קוצץ ומעבד מזון ידני,,,קוצץ ומעבד מזון ידני,אין,0.00,יחידה,false,,99.90,0.0000,true,1,274317
7296021187643,false,כלי מדידה - כפות מיד,,,כלי מדידה - כפות מיד,אין,0.00,יחידה,false,,9.90,0.0000,true,1,274959
7296021187926,false,"סכו""ם נירוסטה סט 24",,,"סכו""ם נירוסטה סט 24",אין,0.00,יחידה,false,,299.90,0.0000,true,1,272757
7296021234231,false,"בקבוק מים 500 מ""ל 3",,,"בקבוק מים 500 מ""ל 3",אין,0.00,יחידה,false,,69.90,0.0000,true,1,274332
7296021261541,false,סיר יציקה עם ידית אפ,,,סיר יציקה עם ידית אפ,אין,0.00,יחידה,false,,849.90,0.0000,true,1,272891
7296021261657,false,סוטאז' יציקה עם מכסה,,,סוטאז' יציקה עם מכסה,אין,0.00,יחידה,false,,899.90,0.0000,true,1,272933
7296021269011,false,מאג ג'מבו 650 מל קרמ,,,"מאג ג'מבו 650 מ""ל רק",אין,0.00,יחידה,false,,19.90,0.0000,true,1,374672
7296021269035,false,כוסות קרמיקה14*7.4 R,,,כוסות קרמיקה14*7.4 R,אין,0.00,יחידה,false,,14.90,0.0000,true,1,460532
7296021669507,false,מזרק לעוגה+אביזרים patisserie,נעמן,,מזרק לעוגה+אביזרים,אין,0.00,יחידה,false,,18.90,0.0000,true,1,274906
7296051081676,false,מתקן כביסה מתכת,,,מתקן כביסה מתכת,אין,0.00,יחידה,false,,69.90,0.0000,true,1,26452
7296102210178,false,סט קופסאות עגול,,,סט קופסאות עגול,אין,0.00,יחידה,false,,19.90,0.0000,true,1,45208
7296102210666,false,סט 5 קופסאות עגול in,,,סט 5 קופסאות עגול in,אין,0.00,יחידה,false,,22.90,0.0000,true,1,101126
7296102210710,false,סט 4 קופסאות מרובע,,,סט 4 קופסאות מרובע,אין,0.00,יחידה,false,,19.90,0.0000,true,1,235046
7296102266014,false,קרש חיתוך פלסטיק,,,קרש חיתוך פלסטיק,אין,0.00,יחידה,false,,18.90,0.0000,true,1,238150
7296102266113,false,קרש חיתוך פלסטיק ג',,,קרש חיתוך פלסטיק ג',אין,0.00,יחידה,false,,16.90,0.0000,true,1,53113
7296102521755,false,סט 4 קופסאות פלסטיק,,,סט 4 קופסאות פלסטיק,אין,0.00,יחידה,false,,19.90,0.0000,true,1,153878
7296102521762,false,סט 4 קופסאות פלסטיק,,,סט 4 קופסאות פלסטיק,אין,0.00,יחידה,false,,19.90,0.0000,true,1,153879
7297028174841,false,קרסוליות נשים COSY,,,קרסוליות נשים COSY,אין,0.00,יחידה,false,,19.90,0.0000,true,1,179674
7297028187704,false,"ש""א גבר שחור ""O"" אינטרלוק SB",,,חולצה לגבר שחור שרוו,אין,0.00,יחידה,false,,25.90,0.0000,true,1,467308
7297094101390,false,סט מצעי DIAMOND PREMIUM אל קמט דגם 7009 זוגי,,,סט דאימונד פרימיום ז,אין,0.00,יחידה,false,,99.00,0.0000,true,1,57487
7297094118916,false,סט פליז זוגי,,,סט פליז זוגי,אין,0.00,יחידה,false,,149.90,0.0000,true,1,232901
7297373004404,false,רב מגבת לבן 800 גרם,,,רב מגבת לבן 800 גרם,אין,0.00,יחידה,false,,18.90,0.0000,true,1,427514
7297461005573,false,שמיכת כבש דו צדדי י,,,שמיכת כבש דו צדדי י,אין,0.00,יחידה,false,,129.00,0.0000,true,1,203664
7297461005986,false,מפת שולחן ג'אקרד ( 1,,,מפת שולחן ג'אקרד ( 1,אין,0.00,יחידה,false,,49.90,0.0000,true,1,235919
7297478002855,false,גרבי ספורט לבן איכות,,,גרבי ספורט לבן איכות,אין,0.00,יחידה,false,,24.90,0.0000,true,1,453738
7297478002862,false,גרבי ספורט שחור לגבר,,,גרבי ספורט שחור לגבר,אין,0.00,יחידה,false,,24.90,0.0000,true,1,453739
7297478002879,false,גרב ספורט אכותית נשי,,,גרב ספורט אכותית נשי,אין,0.00,יחידה,false,,24.90,0.0000,true,1,453911
7297478002930,false,גרבי ספורט לבן לגבר,,,גרבי ספורט לבן לגבר,אין,0.00,יחידה,false,,24.90,0.0000,true,1,453740
7297478002985,false,גרבי נוער,,,גרבי נוער,אין,0.00,יחידה,false,,15.90,0.0000,true,1,165798
7297478003517,false,גרבי ילדים שלישייה,,,גרבי ילדים שלישייה,אין,0.00,יחידה,false,,12.90,0.0000,true,1,154231
7297488097995,false,גרנולה דבש ללא גלוטן,תות תעשיות מזון (201,IL,דגש גרנולה דבש 250 ג,גרמים,250.00,100 גרם,false,,16.70,0.0668,true,1,1875
7297488098152,false,דגש קמח חומוס ללא גל,אף.סי תבליני בגליל ב,IL,דגש קמח חומוס ללא גל,גרמים,500.00,100 גרם,false,,16.90,0.0338,true,1,2035
7297488098169,false,דגש קמח תירס ללא גלו,תבליני העליון 2007 ב,IL,דגש קמח תירס ללא גלו,גרמים,500.00,100 גרם,false,,10.90,0.0218,true,1,1993
7297488098176,false,קמח סויה ללא גלוטן ד,אף.סי. תבליני הגליל,IL,דגש קמח סויה ללא גלו,גרמים,500.00,100 גרם,false,,10.90,0.0218,true,1,1994
7297488098183,false,קמח אורז לבן ללא גלו,תבליני העליון 2007 ב,IL,דגש קמח אורז ללא גלו,גרמים,500.00,100 גרם,false,,11.90,0.0238,true,1,1995
7297488098190,false,קמח אורז מלא ללא גלוטן,אף.סי תבליני בגליל ב,IL,דגש קמח אורז מלא ללא,גרמים,500.00,100 גרם,false,,13.90,0.0278,true,1,2021
7297488098282,false,דגש אבקת מרק בטעם עו,אף.סי. תבליני הגליל,IL,דגש אבקת מרק בטעם עו,גרמים,500.00,100 גרם,false,,19.90,0.0398,true,1,2065
7297488098305,false,קמח שקדים ללא גלוטן,תות תעשיות מזון (201,IL,דגש קמח שקדים 250 גר,גרמים,250.00,100 גרם,false,,26.90,0.1076,true,1,2066
7297488099760,false,עוגיות דגש בטעם חלוו,דגש- דוכן גן שמואל,,דגש עוגיות בטעם חלבה,גרמים,250.00,100 גרם,false,,28.90,0.1156,true,1,2274
7297488099821,false,גרנולה ללא תוספת סוכר לנמנעים מגלוטן,תות תעשיות מזון (201,IL,דגש גרנולה ללא תוספו,גרמים,250.00,100 גרם,false,,16.70,0.0668,true,1,1877
7297488099968,false,גבינה טבעונית מלוחה,"טרופיקל דגיל בע""מ אז",IL,מלוחה 16% מרכיבים צמ,גרמים,250.00,100 גרם,false,,17.90,0.0716,true,1,133009
7297488199620,false,פצפוצי אורז מלא תפוח ללא גלוטן,דגש- דוכן גן שמואל,IL,דגש פצפוצי אורז מלא,גרמים,450.00,100 גרם,false,,22.90,0.0509,true,1,2052
7297621000998,false,מגבונים בדלי 250 יח',,,מגבונים בדלי 250 יח',אין,0.00,יחידה,false,,18.90,0.0000,true,1,427515
7298171100718,false,מטריות קליפס,,,מטריות קליפס,אין,0.00,יחידה,false,,24.90,0.0000,true,1,20380
7298171185418,false,גרבי בנות מגבת מיני,,,גרבי בנות מגבת מיני,אין,0.00,יחידה,false,,19.90,0.0000,true,1,179675
7298171185470,false,גרבי בנים מיקי מאוס,,,גרבי בנים מיקי מאוס,אין,0.00,יחידה,false,,19.90,0.0000,true,1,179689
7298171185487,false,גרבי בנים מיקי מאוס,,,גרבי בנים מיקי מאוס,אין,0.00,יחידה,false,,19.90,0.0000,true,1,179690
7298171185524,false,גרבי בנים מגבת מיקי,,,גרבי בנים מגבת מיקי,אין,0.00,יחידה,false,,19.90,0.0000,true,1,179660
7312040017683,false,וודקה אבסולוט בקבוק,חברת אבסולוט,SE,אבסולוט וודקה 700 מל,מיליליטרים,700.00,"100 מ""ל",false,,60.90,0.0870,true,1,21479
7394376123337,false,"משקה שיבולת שועל אורגני אוטלי , 1 ל'",טרנסומס פוד איי.בי,SE,משקה שיבולת שועל אור,ארגז,1.00,ליטר,false,,13.90,13.9000,true,1,14722
7394376615825,false,"אוטלי משקה שיבולת שועל בתוספת סידן וויטמינים , 1 ל'",אוטלי OATLY,SE,משקה שיבולת שועל מוע,ארגז,1.00,ליטר,false,,13.90,13.9000,true,1,14723
7394376616778,false,אוטלי משקה שיבולת שועל להקצפה בריסטה 1 ליטר,אוטלי OATLY,SE,משקה שיבולת שועל להק,ארגז,1.00,ליטר,false,,15.90,15.9000,true,1,14725
7394376620294,false,משקה שיבולת שועל וני,איי אם פי אס איי תעש,NL,משקה שיבולת שועל וני,ארגז,1.00,ליטר,false,,15.90,15.9000,true,1,457782
7450026805319,false,נעלי בית חורף נשים -,,,נעלי בית חורף נשים -,אין,0.00,יחידה,false,,39.90,0.0000,true,1,262419
7450026805487,false,נעלי בית חורף נשים -,,,נעלי בית חורף נשים -,אין,0.00,יחידה,false,,39.90,0.0000,true,1,262483
7501013101348,false,גומקס מנגו בקבוק 473,חומקס קומר קומרסאליז,MX,ג'ומקס נקטר מנגו 473,מיליליטרים,473.00,"100 מ""ל",false,,8.10,0.0171,true,1,24953
7501013101393,false,"JUMEX מיץ אננס 100% -473מ""ל",חומקס קומר קומרסאליז,MX,ג'ומקס נקטר אננס 473,מיליליטרים,473.00,"100 מ""ל",false,,8.10,0.0171,true,1,24956
7501013122114,false,"נקטר משקה אננס בקרטונית ג'ומקס, 1 ל'",חומקס קומר קומרסאליז,MX,ג'ומקס נקטר אננס קרט,ארגז,1.00,ליטר,false,,10.50,10.5000,true,1,24961
7501013122190,false,ג'ומקס מיץ תפוחים קרטונית ליטר תריסר,חומקס קומר קומרסאליז,MX,ג'ומקס משקה תפוחים ק,ארגז,1.00,ליטר,false,,10.50,10.5000,true,1,24962
7501013122992,false,ג'ומקס מיץ קוקוס אננס קרטונית ליטר תריסר,חומקס קומר קומרסאליז,MX,ג'ומקס משקה קוקוס אנ,ארגז,1.00,ליטר,false,,10.50,10.5000,true,1,24963
7501064191398,false,שישיית בירה קורונה אקסטרא *355 מל,קריניציה ויטמינה אס,MX,קורונה מארז שישיה 6*,ארגז,2.13,ליטר,false,,38.90,18.2629,true,1,18976
7503024460681,false,שישיית בירה קורונה 3,,,שישיית בירה קורונה 3,ארגז,2.13,ליטר,false,,35.90,16.8545,true,1,468222
7509546057545,false,ליידי ספיד סטיק פרו 5 סטיק 45 גר',קולגייט פלמוליב,BY,דיאודורנט סטיק פרו 5,גרמים,45.00,100 גרם,false,,19.90,0.4422,true,1,288538
7509546666846,false,"קולגייט טוטאל משחת שיניים פחם 75 מ""ל",קולגייט פלמוליב,MX,קולגייט טוטאל משחת ש,מיליליטרים,75.00,"100 מ""ל",false,,19.90,0.2653,true,1,83883
7509546678702,false,קולגייט משחת שיניים טוטל אנטי טרטר 100 מ,קולגייט-פלמוליב,BR,משחת שיניים קולגייט,מיליליטרים,100.00,"100 מ""ל",false,,16.90,0.1690,true,1,397596
7610113000175,false,"בקרדי מוחיטו 700 מ""ל",בקרדי מרטיני,DE,"בקרדי מוחיטו 700 מ""ל",מיליליטרים,700.00,"100 מ""ל",false,,69.90,0.0999,true,1,10543
7610113011652,false,"בקרדי בריזר תפוח 275 מ""ל בקבוק",בקרדי בריזר Bacardi Breezer,BE,בקרדי בריזר תפוח 275,מיליליטרים,275.00,"100 מ""ל",false,,13.90,0.0505,true,1,8711
7610113013250,false,בקרדי מוחיטו פחית 250 מל,בקרדי מרטיני,BE,פחית בקרדי מוחיטו 25,מיליליטרים,250.00,"100 מ""ל",false,,13.20,0.0528,true,1,168860
7610243004463,false,"דורגול - מרסס להסרת אבנית במקלחון 600 מ""ל",יעקבי- דורגול Durgol,CH,דורגול מסיר אבן מרסס,אין,0.00,יחידה,false,,19.90,0.0000,true,1,9554
7610400014649,false,שוקולד חלב במילוי קרם רך,לינדט ושפרונגלי,CH,לינדט לינדור שוק.חלב,גרמים,100.00,100 גרם,false,,14.90,0.1490,true,1,10789
7610400068505,false,בונבוניירת לינדור Lindor שוקולד חלב,לינדט ושפרונגלי,CH,לינדור בונבוניירה חל,גרמים,200.00,100 גרם,false,,29.90,0.1495,true,1,10792
7610400074155,false,שוקולד מריר במילוי קרם,"לינדט ושפרונגלי, CH-",CH,לינדט לינדור 60% 100,גרמים,100.00,100 גרם,false,,14.90,0.1490,true,1,10794
7610400091060,false,שוקולד מריר לינדט אקסלנס בתוספת תפוז ושקדים,לינדט ושפרונגלי,,לינדט מריר אקסלנס תפ,גרמים,100.00,100 גרם,false,,14.90,0.1490,true,1,1149
7613030979647,false,דגני בוקר טריקס פירות עולם היורה 480 ג',ג'נרל מילס סאן אדריא,IL,דגני בוקר טריקס 480,גרמים,480.00,100 גרם,false,,24.90,0.0519,true,1,13470
7613032045753,false,פיטנס - דגני בוקר שוקולד 375 גרם,נסטלה צרפת איטנקורט,FR,דגני פיטנס שוקולד נס,גרמים,375.00,100 גרם,false,,19.90,0.0531,true,1,13473
7613033548192,false,פיטנס - דגני בוקר שוקולד מריר 375 גרם,נסטלה צרפת איטנקורט,FR,דגני בוקר פיטנס שוקו,גרמים,375.00,100 גרם,false,,19.90,0.0531,true,1,13482
7613034146656,false,פורינה ONE מיני בוגר בקר 1.5קג,פורינה,US,פורינה ONE כלב מיני,אלף,1.50,"ק""ג",false,,59.90,39.9333,true,1,13486
7613035379794,false,דנטלייף חטיף דנטלי לכלבים מגזע בינוני - 4 יחידות,פורינה Purina,US,דנטלייף גזע בינוני 5,גרמים,690.00,100 גרם,false,,13.90,0.0201,true,1,161642
7613035379817,false,דנטלייף חטיף דנטלי לכלבים מגזע קטן - 4 יחידות,פורינה Purina,US,דנטלייף גזע קטן 7 6*,גרמים,690.00,100 גרם,false,,13.90,0.0201,true,1,161626
7613035548374,false,דגני בוקר גולדן מיניס מחיטה מלאה ותירס,נסטלה צרפת איטנקורט,FR,דגני בוקר גולדן מיני,גרמים,570.00,100 גרם,false,,24.90,0.0437,true,1,13494
7613035614482,false,מזון לגור חתולים בטעם עוף פורינה ONE,פורינה Purina,US,פורינה ONE חתול גור,גרמים,800.00,100 גרם,false,,45.90,0.0574,true,1,13495
7613035618794,false,"פורינה ONE חתול בוגר עוף 3ק""ג",נסטלה פורינה צרפת,FR,פורינה ONE חתול בוגר,אלף,3.00,"ק""ג",false,,119.00,39.6667,true,1,13496
7613035622623,false,פיטנס - גרנולה שקדים ודבש 300 גרם,שוורצקוף& הנקל דיסלד,LT,פיטנס גרנולה שקדים ו,גרמים,300.00,100 גרם,false,,15.90,0.0530,true,1,13497
7613035635845,false,פיטנס גרנולה שוקולד 14*300 גרם,שוורצקוף& הנקל דיסלד,LT,פיטנס גרנולה שוקולד,גרמים,300.00,100 גרם,false,,15.90,0.0530,true,1,13498
7613035807778,false,פרפקטו רוטב עגבניות לבולונז 400 ג' אסם,אסם פרפקטו Perfecto,ES,פרפקטו רוטב עגבניות,גרמים,400.00,100 גרם,false,,8.90,0.0223,true,1,13500
7613035809109,false,פרפקטו רוטב עגבניות ובזיליקום 400 ג'אסם,אסם פרפקטו Perfecto,ES,פרפקטו רוטב עגבניות,גרמים,400.00,100 גרם,false,,8.90,0.0223,true,1,13501
7613035809857,false,פרפקטו רוטב עגבניות לפסטה ולבישול 400 ג' אסם,אסם פרפקטו Perfecto,ES,פרפקטו רוטב עגבניות,גרמים,400.00,100 גרם,false,,8.90,0.0223,true,1,13503
7613036105606,false,דוגלי בקר לכלבים בוגרים,נסטלה פורינה פטקר הו,HU,דוגלי בוגר בקר 4*3קג,אלף,3.00,"ק""ג",false,,43.90,14.6333,true,1,13508
7613036314114,false,נסקפה גולד Gold קפה נמס מיובש בתוספת קפה קלוי,נסקפה Nescafe,,נסקפה גולד 200 גרם,גרמים,200.00,100 גרם,false,,45.90,0.2295,true,1,13519
7613036387798,false,פיטנס דגנים מלאים ואורז פתיתים ויוגורט 350ג',נסטלה צרפת איטנקורט,FR,דגני פיטנס יוגורט נס,גרמים,375.00,100 גרם,false,,19.90,0.0531,true,1,13520
7613036520492,false,פרפקטו רוטב עגבניות לפיצה 400 ג',אסם פרפקטו Perfecto,ES,פרפקטו רוטב עגבניות,גרמים,400.00,100 גרם,false,,8.90,0.0223,true,1,13521
7613036710879,false,מארז מיני חטיפי קיט קט צ'אנקי Kit Kat Chanky,נסטלה Nestle,,קיט קט צ'אנקי מיני 1,גרמים,194.00,100 גרם,false,,10.00,0.0515,true,1,396311
7613036737623,false,דגני בוקר קראנץ מקס,,,דגני בוקר קראנץ מקס,גרמים,410.00,100 גרם,false,,24.90,0.0607,true,1,13524
7613037012200,false,גרבר - מחית תפוח מנגו גזר פאוץ 90 גרם,כלורוקס אוקלנד,ES,פאוץ' גרבר מחית בטעם,גרמים,90.00,100 גרם,false,,5.90,0.0656,true,1,13545
7613037276091,false,נסטלה מיקס מיני אריזות דגני בוקר 200 ג',נסטלה Nestle,FR,מיקס מיני אריזות דגנ,גרמים,200.00,100 גרם,false,,16.90,0.0845,true,1,13551
7613037686906,false,פיטנס - דגני בוקר שקדים ודבש 355 גרם,נסטלה צרפת איטנקורט,FR,פיטנס שקדים ודבש נסט,גרמים,355.00,100 גרם,false,,19.90,0.0561,true,1,13552
7613037687132,false,דגני פיטנס שקדים ודב,נסטלה צרפת איטנקורט,,דגני פיטנס שקדים ודב,גרמים,585.00,100 גרם,false,,26.90,0.0460,true,1,13553
7613037811629,false,דגני בוקר קורנפלקס גו פרי 500 גר',שוורצקוף& הנקל דיסלד,IL,קורנפלקס גו פרי 500,גרמים,500.00,100 גרם,false,,10.90,0.0218,true,1,2269
7613038268262,false,דגני בוקר צ'יריוס דבש ושקדים במתיקות מעודנת,נסטלה פולין דגני בוק,FR,האני נאט ציריוס מופח,גרמים,410.00,100 גרם,false,,19.90,0.0485,true,1,13554
7613039770450,false,סנסשיונל בורגר טבעול 226 ג',ג'נרל מילס סאן אדריא,IL,בורגר צמחוני טבעוני,גרמים,226.00,100 גרם,false,,30.90,0.1367,true,1,13848
7613039771174,false,טחון צמחוני סנסשיונל מינס,ג'נרל מילס סאן אדריא,IL,טחון צמחוני טבעוני,גרמים,400.00,100 גרם,false,,30.90,0.0772,true,1,13849
7613287155894,false,"גרבר - מחית אפרסק כל""פ פאוץ 90 גרם",גרבר Gerber,IL,מחית אפרסק גרבר פאוץ,גרמים,90.00,100 גרם,false,,5.90,0.0656,true,1,56995
7613287182425,false,מחית בננה תפוח ותות ויטמינצ'יק 110 ג',"טרופיקל דגיל בע""מ אז",IL,פאוץ תפוח בננה ותות,גרמים,110.00,100 גרם,false,,4.90,0.0445,true,1,117535
7613287182456,false,מחית אגס תפוח בננה ויטמינצ'יק 110 ג',"נסטלה ספרד ס.א, מפעל",ES,פאוץ אגס תפוח בננה ו,גרמים,110.00,100 גרם,false,,4.90,0.0445,true,1,117536
7613287325808,false,אוסם - דיפ אנד ספרד מטבל איולי שום 295 גרם,נסטלה פולין,PL,רוטב איולי שום לחיץ,גרמים,295.00,100 גרם,false,,14.90,0.0505,true,1,158524
7613287325822,false,אוסם - דיפ אנד ספרד מטבל מיקס 295 גרם,אסם,PL,רוטב מיקס לחיץ אסם 2,גרמים,295.00,100 גרם,false,,14.90,0.0505,true,1,158525
7613287325853,false,אוסם - דיפ אנד ספרד מטבל איולי ספייסי 295 גרם,נסטלה פולין,PL,רוטב ספייסי איולי לח,גרמים,295.00,100 גרם,false,,14.90,0.0505,true,1,158526
7613287325952,false,אוסם - דיפ אנד ספרד מטבל ברבקיו 345 גרם,דפטונה פולין,PL,רוטב ברביקיו לחיץ אס,גרמים,345.00,100 גרם,false,,14.90,0.0432,true,1,158495
7613287394323,false,אסם מולטי צ'יריוס 14*600 גרם 2021,פרומבראפ - אנגליה,GB,מולטי צ'יריוס 100% ד,גרמים,600.00,100 גרם,false,,20.90,0.0348,true,1,91478
7613287476494,false,אוסם - דיפ אנד ספרד מיונז בסגנון צרפתי 280 גרם,נסטלה פולין,PL,מיונז לחיץ אסם 280 ג,גרמים,280.00,100 גרם,false,,14.90,0.0532,true,1,158510
7613287476678,false,דגני בוקר סינימיניס צ'ורוס נסטלה 360 ג',נסטלה אוונקה,PT,סינימיניס צ'ורוס 360,גרמים,360.00,100 גרם,false,,24.90,0.0692,true,1,103644
7613287525789,false,מים מינרלים פריה שיש,,,"פרייה מים 500 מ""ל שי",ארגז,3.00,ליטר,false,,25.90,8.6333,true,1,150108
7613287821348,false,נתחוני עוף טבעוני סנסשיונל טבעול 350 ג',ג'נרל מילס סאן אדריא,CZ,נתחוני עוף טבעוני סנ,גרמים,350.00,100 גרם,false,,29.90,0.0854,true,1,178160
7622010001858,false,עוגיות אוראו ממולאות קרם וניל 176 ג',פי אר ג'יי אס אי מנד,UA,עוגיות אוראו סנדביץ,גרמים,176.00,100 גרם,false,,9.90,0.0563,true,1,1223
7622201137052,false,אוראו מיני קוקיס - עוגיות שוקולד צ'יפס ותחתית מצופה שוקולד חלב,מונדלז אספנה גלטאס פ,ES,מיני קוקיז מילקה 110,גרמים,110.00,100 גרם,false,,7.90,0.0718,true,1,158333
7622201139278,false,גבינת שמנת 27% שומן 150 ג' פילדלפיה,מיודלז אספניה פרודוק,ES,פילדלפיה גבינת שמנת,גרמים,150.00,100 גרם,false,,11.90,0.0793,true,1,12244
7622201502515,false,מילקה - עוגיות קוקי לופ 132 גרם,גיורי קייקס קייאפטי,HU,קוקי לופ מילקה 132 ג,גרמים,110.00,100 גרם,false,,12.90,0.1173,true,1,158387
7622201521493,false,גבינת שמנת עם שום ועשבי תיבול 12% שומן,מיודלז אספניה פרודוק,ES,גבינת שמנת עם שום וע,גרמים,150.00,100 גרם,false,,11.90,0.0793,true,1,414062
7622201801809,false,שוקלד מילקה טבלת חלב ואגוזים 100ג',מנדלז דויצ'לנד סנקס,DE,מילקה שוקוד חלב עם א,גרמים,100.00,100 גרם,false,,6.90,0.0690,true,1,109025
7622201802363,false,שוקולד מילקה טבלה חלב צימוקים ואגוזים 100ג',מנדלז דויצ'לנד סנקס,DE,מילקה שוקולד חלב עם,גרמים,100.00,100 גרם,false,,6.90,0.0690,true,1,109011
7622201802394,false,שוקולד מילקה טבלה חלב 100 ג',מנדלז דויצ'לנד סנקס,DE,מילקה שוקולד חלב 100,גרמים,100.00,100 גרם,false,,6.90,0.0690,true,1,108997
7622201808631,false,מיני עוגיות אוראו במילוי קרם בטעם וניל,פי.טי. מונדלז אינדונ,ID,אוראו מיני כוסות בטע,גרמים,67.00,100 גרם,false,,6.90,0.1030,true,1,115694
7622201813390,false,וופל במילוי קרם קקאו בציפוי שוקולד חלב,מונדליז סי.אר. ביסקו,,מילקה וואפל במילוי ק,גרמים,150.00,100 גרם,false,,9.90,0.0660,true,1,93228
7622201819170,false,שוקולד דארק שקדים מילקה 85 ג',מונדלז דויטשלנד סנאק,DE,מילקה דארק שקדים 85,גרמים,85.00,100 גרם,false,,7.90,0.0929,true,1,149277
7622201819552,false,שוקולד מילקה דארק 85,מונדלז דויטשלנד סנאק,DE,מילקה דארק 85 גרם,גרמים,85.00,100 גרם,false,,7.90,0.0929,true,1,149279
7622210453327,false,עוגיות שוקוצ'יפס במילוי שוקולד סנסיישן,מנדלז פולסקה פרודקשן,PL,מילקה סנסיישן 156 גר,גרמים,156.00,100 גרם,false,,9.90,0.0635,true,1,6284
7622210464729,false,"עוגיות אוראו גולדן, 154 גרם",אוראו Oreo,UA,עוגיות אוראו גולדן 1,גרמים,154.00,100 גרם,false,,7.90,0.0513,true,1,6285
7622210637994,false,מיני עוגיות אוראו קראנצ'י בייטס אורגינל,מונדלז אספניה ג'לאטס,ES,קראנצ'י בייטס אוראו,גרמים,110.00,100 גרם,false,,7.90,0.0718,true,1,158360
7622300270506,false,מילקה גריינס - עוגיות שיבולת שועל מצופות שוקולד 168 ג',מונדלז פולסקה פרודקש,PL,מילקה גריינס עוגיות,גרמים,168.00,100 גרם,false,,9.90,0.0589,true,1,6300
7622300489427,false,עוגיות אוראו בציפוי שוקולד לבן 246 ג',מנדלז אספנה גאלטס פר,ES,אוראו פאג שוקולד לבן,גרמים,246.00,100 גרם,false,,15.90,0.0646,true,1,6304
7622300489434,false,"עוגיות אוראו פאדג' בציפוי שוקולד חלב, 246 גרם",מנדלז אספנה גאלטס פר,ES,אוראו פאג שוקולד חלב,גרמים,246.00,100 גרם,false,,15.90,0.0646,true,1,6305
7622300503079,false,"מילקה, עוגיות ביסקוויט מצופות שוקולד - 200 גרם",מונדלז פולסקה פרודקש,PL,מילקה מוו - ביסקוויט,גרמים,200.00,100 גרם,false,,9.90,0.0495,true,1,6308
7622300617820,false,שוקלד מילקה טבלת חלב אוראו 100ג',מנדלז דויצ'לנד סנקס,DE,מילקה שוקולד אוראו 1,גרמים,100.00,100 גרם,false,,6.90,0.0690,true,1,6309
7630311507016,false,קפסולות סאני דיי 57 ג' סטארבקס,נסטלה שוויץ - קפה,CH,סטארבקס קפסולות סאני,גרמים,57.00,100 גרם,false,,21.90,0.3842,true,1,381428
7630477891592,false,קפסולות האוס בלנד לונגו עוצמה 8 - 10 יח',נסטלה שוויץ - קפה,CH,קפסולות האוס בלנד סט,גרמים,57.00,100 גרם,false,,21.90,0.3842,true,1,34509
7630477891615,false,קפסולות קפה סומטרה עוצמה 10 - 10 יח',נסטלה שוויץ - קפה,IL,סטארבקס קפסולות סומט,גרמים,55.00,100 גרם,false,,21.90,0.3982,true,1,13563
7630477891639,false,קפסולות קפה ורונה עוצמה 10 - 10 יח',נסטלה שוויץ - קפה,CH,סטארבקס קפסולות ורונ,גרמים,55.00,100 גרם,false,,21.90,0.3982,true,1,13564
7630477891653,false,סטארבקס - קפסולות אספרסו נטול 57 גרם * 10,נסטלה שוויץ - קפה,IL,סטארבקס קפסולות אספר,גרמים,57.00,100 גרם,false,,21.90,0.3842,true,1,13565
7630477891677,false,קפסולות פייק פלייס לונגו עוצמה 7 - 10 יח',נסטלה שוויץ - קפה,IL,קפס' פייק פלייס סטאר,גרמים,53.00,100 גרם,false,,21.90,0.4132,true,1,34510
7630477891691,false,סטארבקס - קפסולות קולומביה 57 גרם * 10,נסטלה שוויץ - קפה,IL,סטארבקס קפסולות קולו,גרמים,57.00,100 גרם,false,,21.90,0.3842,true,1,13566
7630477891738,false,סטארבקס - קפסולות אספרסו בלונד 53 גרם * 10,נסטלה שוויץ - קפה,CH,סטארבקס קפסולות אספר,גרמים,53.00,100 גרם,false,,21.90,0.4132,true,1,13567
7638900426809,false,סוללת MAX אנרג'ייזר,אנרג'יזר Energizer,,סוללת MAX אנרג'ייזר,אין,0.00,יחידה,false,,22.90,0.0000,true,1,39414
7640175743451,false,פחית בקרדי מוחיטו/בו,בקרדי מרטיני,BE,פחית ג'ין בומביי ספי,מיליליטרים,250.00,"100 מ""ל",false,,13.20,0.0528,true,1,168861
7702018321582,false,דאודורנט סטיק לגבר Pro G Cool Wave,פרוקטר אנד גמבל,US,דאודורנט סטיק מתקדם,מיליליטרים,50.00,"100 מ""ל",false,,21.90,0.4380,true,1,17537
7702018441075,false,סכיני גילוח פיוזן יד,,,סכיני גילוח פיוזן יד,אין,0.00,יחידה,false,,120.90,0.0000,true,1,17546
7702024074625,false,פיטנס - חטיפי קרקר חיטה מלאה 234 גרם,קומסטיבלס לה רוזה אס,CO,פיטנס חטיפי קרקר חיט,גרמים,234.00,100 גרם,false,,11.90,0.0509,true,1,1405
7702174066631,false,לקקן פין פופ 10 יח' 170 גר' וסטהיים,הדקלאים אגודת שיתופי,CO,יוגטה פינפופ לקקן 10,גרמים,180.00,100 גרם,false,,7.90,0.0439,true,1,26022
7702174068826,false,סוכריות לקקן במילוי טופי בטעמי יוגורט פירות,יוגטה yogueta,CO,יוגטה לקקן חדש 12יח,גרמים,216.00,100 גרם,false,,8.90,0.0412,true,1,26023
7702174068833,false,סוכריות לקקן במילוי טופי בטעמי גלידת פירות,יוגטה yogueta,CO,'לקקן יוגטה אייס קרי,גרמים,216.00,100 גרם,false,,8.90,0.0412,true,1,26024
7702174070201,false,סוכריות לקקן במילוי טופי בטעם מסטיק,יוגטה yogueta,CO,לקקן בטעם מסטיק ממול,גרמים,216.00,100 גרם,false,,8.90,0.0412,true,1,26025
7750526001786,false,צ'יפס ירקות שורש אוריגינל 142 ג' אינקה,קרופס אס. א,US,INKA CHIPS חטיף צ'יפ,גרמים,142.00,100 גרם,false,,14.90,0.1049,true,1,98565
7790040420076,false,בונבון מיני אלפחורס 117 גר',,,אלפחורס עוגיות סנדבי,גרמים,117.00,100 גרם,false,,8.90,0.0761,true,1,2903
7790580421663,false,"בון בון ריבת חלב וקרמל, 288 גרם",ארקור,AR,בון בון ריבת חלב וקר,גרמים,288.00,100 גרם,false,,19.90,0.0691,true,1,434047
7791875005353,false,ריבת חלב הוואנה 450,,,הוואנה ריבת חלב 450,גרמים,450.00,100 גרם,false,,19.90,0.0442,true,1,218475
7792860006218,false,סוכריות לקקנים בייבי דול Baby Doll לריטר,גוד פוד פרודקטס S.p,AR,בייבי דול לקקן 20גר,גרמים,24.00,100 גרם,false,,2.50,0.1042,true,1,10799
7804414000877,false,יין דון חוליו צרלו 7,לואיס פליפה אדוארדס,,דון חולין מרלו,מיליליטרים,750.00,"100 מ""ל",false,,28.90,0.0385,true,1,7620
7804414000884,false,יין שרדונה דון חוליו,לואיס פליפה אדוארדס,,דון חוליו שרדונה 750,מיליליטרים,750.00,"100 מ""ל",false,,28.90,0.0385,true,1,7621
7840392000454,false,"פחם בריקאפאר 5 ק""ג",,,"פחם בריקאפאר 5 ק""ג",אלף,5.00,"ק""ג",false,,49.90,9.9800,true,1,441796
8000070003842,false,מארז 16 קפסולות קרמו,Unknown,,קפסולת LAVAZZA DEKCR,גרמים,120.00,100 גרם,false,,29.90,0.2492,true,1,433811
8000070003972,false,קפסולות לילך סוואב2,Unknown,,קפסולת LAVAZZA DEKCR,גרמים,120.00,100 גרם,false,,29.90,0.2492,true,1,433813
8000070010680,false,קפסולות לאווצה ויגורוסו 12 10 יח',לאוג'י לוואצה אס.פי.,IT,לוואצ'ה קפסולות קפה,גרמים,50.00,100 גרם,false,,16.90,0.3380,true,1,161998
8000070064553,false,קפסולות קפה אורו 120 ג' AMM8 לוואצה,Unknown,,קפסולת LAVAZZA ROSSA,גרמים,120.00,100 גרם,false,,29.90,0.2492,true,1,433814
8000070064577,false,קפסולות קפה לוואצה קוואליטה אורו חוזק 8,לוואצה Lavazza,,קפסולת LAVAZZA ORO ר,גרמים,120.00,100 גרם,false,,29.90,0.2492,true,1,433815
8000215202406,false,מעדן אורז אורגני ויט,בטר אנד דיפרנט,IT,מעדן אורז אורגני שו,גרמים,400.00,100 גרם,false,,17.90,0.0447,true,1,2572
8000215202413,false,מעדן אורז אורגני וני,אלינור,IT,מעדן אורז אורגני וני,גרמים,400.00,100 גרם,false,,17.90,0.0447,true,1,2573
8000215204219,false,משקה ואורז אורגני וי,בטר אנד דיפרנט,IT,משקה אורז אורגני 1 ל,ארגז,1.00,ליטר,false,,14.90,14.9000,true,1,2080
8000215204240,false,משקה אורז עם שקדים אורגני,בטר אנד דיפרנט,IT,משקה שקדים ואורז אור,ארגז,1.00,ליטר,false,,14.90,14.9000,true,1,2096
8000215204387,false,רוטב לבישול ויטריז ב,,,ויטריז לבישול - רוטב,מיליליטרים,500.00,"100 מ""ל",false,,14.90,0.0298,true,1,2082
8000215204561,false,משקה שקדים אורגני VI,בטר אנד דיפרנט,IT,משקה שקדים 1 ליטר,ארגז,1.00,ליטר,false,,16.90,16.9000,true,1,2098
8000215204653,false,ויטסי - משקה סויה או,בטר אנד דיפרנט,IT,משקה סויה 1 ליטר -,ארגז,1.00,ליטר,false,,13.50,13.5000,true,1,2083
8000215204677,false,משקה שיבולת שועל ויט,בטר אנד דיפרנט,IT,משקה שיבולת שועל אור,ארגז,1.00,ליטר,false,,14.90,14.9000,true,1,238029
8000215204714,false,משקה שיבולת שועל אור,בטר אנד דיפרנט,IT,משקה שיבולת שועל אור,ארגז,1.00,ליטר,false,,14.90,14.9000,true,1,2099
8000380003723,false,גרנד פטיסרי עוגיות וופל אגוזים 100ג',קריניציה ויטמינה אס,IT,גרנד פטיסרי ופל אגוז,גרמים,100.00,100 גרם,false,,11.50,0.1150,true,1,10166
8000380004669,false,וופל לואקר סנדוויץ קוביות ושוקולד 200ג',"א. לואקר, קונפקט ג'י",AT,לואקר וופל סנדוויץ',גרמים,200.00,100 גרם,false,,12.90,0.0645,true,1,10168
8000380004676,false,קוביות וופל סנדוויץ Sandwich עם וניל וחלב,"א. לואקר, קונפקט ג'י",AT,לואקר וופל קרם וניל,גרמים,200.00,100 גרם,false,,12.90,0.0645,true,1,10169
8000380004911,false,קוביות וופל קואדרטיני Quadratini קרם אגוזים,קריניציה ויטמינה אס,AT,וופל קואדרטיני אגוז,גרמים,250.00,100 גרם,false,,13.90,0.0556,true,1,1230
8000380004966,false,וופל קוארדטיני לואקר קוביות שוקולד 250ג',קריניציה ויטמינה אס,AT,וופל קואדרטיני קקאו,גרמים,250.00,100 גרם,false,,13.90,0.0556,true,1,1231
8000380005598,false,מארז וופל שוקולד טורטינה Tortina שוקולד מריר,לואקר Loacker,IT,טורטינה מריר 6יח,גרמים,125.00,100 גרם,false,,14.90,0.1192,true,1,10170
8000380007219,false,וופל לואקר אגוז קלאסי 175ג',קריות זול,AT,וופל לואקר אגוז 175,גרמים,175.00,100 גרם,false,,10.50,0.0600,true,1,10173
8000380007257,false,וופל גרנדה מצופה שוקולד 200ג',קריניציה ויטמינה אס,IT,.וופל מצופה שוקולד ג,גרמים,200.00,100 גרם,false,,12.80,0.0640,true,1,10174
8000380007264,false,וופל קקאו לואקר 175 גר',קריניציה ויטמינה אס,AT,וופל לואקר קקאו 175,גרמים,175.00,100 גרם,false,,10.50,0.0600,true,1,10175
8000380007271,false,וופל לואקר קרם חלב 175ג',לואקר Loacker,AT,וופל לואקר חלב 175 ג,גרמים,175.00,100 גרם,false,,10.50,0.0600,true,1,10176
8000380142484,false,קוביות וופל קואדרטיני Quadratini בטעם שוקולד מריר,"אינסטנטה בע""מ",AT,וופל קואדרטיני שוקול,גרמים,250.00,100 גרם,false,,13.90,0.0556,true,1,1232
8000380144044,false,וופל גרדנה לואקר שוקולד 200ג',"א. לואקר , AG/SpA, ו",IT,וופל גרדנה שוקולד 20,גרמים,200.00,100 גרם,false,,12.80,0.0640,true,1,10178
8000380180721,false,וופל לואקר קקאו וקרם חלב 175ג',קריניציה ויטמינה אס,AT,וופל לואקר קלאסיק שו,גרמים,175.00,100 גרם,false,,10.50,0.0600,true,1,10182
8000380180745,false,קוביות וופל קואדרטיני קקאו במילוי קר חלב,"א. לואקר, קונפקט ג'י",AT,וופל קואדרטיני לואקר,גרמים,250.00,100 גרם,false,,13.90,0.0556,true,1,1233
8000380187119,false,עוגיות אגוזי לוז 100 ג'-לואקר,לואקר Loacker,AT,עוגיות לואקר אגוזי ל,גרמים,100.00,100 גרם,false,,13.90,0.1390,true,1,23782
8000380187249,false,עוגיות עם מילוי קרם שקדים ושוקולד חלב,לואקר Loacker,AT,עוגיות לואקר שקדים 1,גרמים,100.00,100 גרם,false,,13.90,0.1390,true,1,23783
8000380187300,false,עוגיות פתיתי שוקולד 120 ג'-לואקר,לואקר Loacker,AT,עוגיות לואקר פתיתי ש,גרמים,120.00,100 גרם,false,,13.90,0.1158,true,1,23784
8000380201396,false,לואקר וופל טורטינה קרמל 125 גרם,לואקר Loacker,,טורטינה קרמל לואקר 1,גרמים,125.00,100 גרם,false,,14.90,0.1192,true,1,242282
8000380206896,false,וופל גרדנה בטעם חמאת בוטנים מצופה,לואקר Loacker,,לואקר גרדנה חמאת בוט,גרמים,200.00,100 גרם,false,,12.80,0.0640,true,1,403106
8000500009673,false,בונבוניירה פררו רושה 300ג',קריות זול,IT,רושר בונבוניירה 300,גרמים,300.00,100 גרם,false,,45.90,0.1530,true,1,996
8000500018828,false,קינדר שוקולד 300 גרם 1/2 מטר,קינדר Kinder,IT,שוקולד חצי מטר קינדר,גרמים,300.00,100 גרם,false,,19.90,0.0663,true,1,25660
8000500023976,false,בונבוניירת רפאלו Raffaello,קריות זול,PL,בונבוניירת רפאלו 150,גרמים,150.00,100 גרם,false,,15.90,0.1060,true,1,25662
8000500026731,false,שוקולד ביצי הפתעה קינדר שלישייה,קריות זול,IT,קינדר ביצי שוקולד 3*,גרמים,60.00,100 גרם,false,,15.90,0.2650,true,1,25663
8000500028124,false,"קינדר ג'וי, שלישיה 3 * 20 גרם",קריות זול,,קינדר ג'וי 3*20 גרם,גרמים,60.00,100 גרם,false,,15.90,0.2650,true,1,468650
8000500029350,false,מארז וופל מצופה 3יח' *43 גרם קינדר בואנו,קינדר Kinder,PL,קינדר בואנו 3*43 גרם,גרמים,129.00,100 גרם,false,,10.90,0.0845,true,1,25664
8000500032237,false,בונבוניירה פררו רושר 375ג',פררו Ferrero,IT,רושר 375 גרם,גרמים,375.00,100 גרם,false,,45.90,0.1224,true,1,25665
8000500037874,false,בונבוניירה פררו רושה 200ג',קריות זול,IT,בונבוניירת רושר 200ג,גרמים,200.00,100 גרם,false,,26.90,0.1345,true,1,25667
8000500071083,false,אצבעות שוקולד קינדר Kinder שש עשרה יחידות,קינדר Kinder,IT,קינדר אצבעות שוקולד,גרמים,200.00,100 גרם,false,,12.90,0.0645,true,1,25669
8000500172810,false,סוכריות בטעם תות שדה מנטה- מארז רביעייה,טיק טק Tic Tac,ZA,טיק טק תות שדה 4*16ג,גרמים,64.00,100 גרם,false,,11.50,0.1797,true,1,25675
8000500247167,false,פררו רושה קולקשיין 269ג',פררו,DE,פררו קולקשיין 249.5,גרמים,249.50,100 גרם,false,,45.90,0.1840,true,1,25681
8000500249352,false,קינדר בואנו מיני מיקס שקית 205 ג',קינדר Kinder,PL,קינדר בואנו מיני מיק,אין,0.00,יחידה,false,,19.90,0.0000,true,1,25682
8000500256213,false,קינדר שוקולד מיני בשקית.,קדבורי,IT,פרר-קינדר שוקולד מינ,גרמים,120.00,100 גרם,false,,10.90,0.0908,true,1,25683
8000500267103,false,קינדר דליס שוקול' אישי מארז 10 יח' 420 גר',קינדר Kinder,,פררו-קינדר דליס עשיר,אין,0.00,יחידה,false,,17.90,0.0000,true,1,3535
8000500269169,false,קינדר קארדס Kinder Cards - חמישייה,קריות זול,IT,קינדר קארדס 128 גרם,גרמים,128.00,100 גרם,false,,12.90,0.1008,true,1,38481
8000500294345,false,שוקולד איש שלג פררו,,,פררו איש שלג 90 גרם,גרמים,90.00,100 גרם,false,,14.90,0.1656,true,1,281
8000500310397,true,ביסקוויטים במילוי נו,,,ביסקוויטים במילוי נו,גרמים,166.00,100 גרם,false,,14.90,0.0898,true,1,470695
8000500366073,true,ביסקוויטים במילוי נו,,,ביסקוויטים במילוי נו,גרמים,276.00,100 גרם,false,,21.90,0.0793,true,1,470680
8000500386941,false,"ממרח קקאו עם אגוזי לוז, 900 גרם",קדבורי,IT,ממרח קקאו עם אגוזי ל,גרמים,900.00,100 גרם,false,,31.90,0.0354,true,1,331631
8000798038034,false,כף אשפה מתקפל ( איטל,שייני Shiny,,כף אשפה מתקפל ( איטל,אין,0.00,יחידה,false,,12.90,0.0000,true,1,10711
8001090222725,false,"הרבל אסנסס - שמפו שמן מורינגה 400 מ""ל",הרבל אסנס Herbal Essences,,שמפו שמן מורינגה הרב,מיליליטרים,400.00,"100 מ""ל",false,,14.90,0.0373,true,1,114
8001090222756,false,"הרבל אסנסס - מרכך שמן מורינגה 400 מ""ל",הרבל אסנס Herbal Essences,,מרכך שמן מורינגה הרב,מיליליטרים,400.00,"100 מ""ל",false,,14.90,0.0373,true,1,115
8001090222879,false,"הרבל אסנסס - מרכך שיקום שמן ארגן 400 מ""ל",הרבל אסנס Herbal Essences,,מרכך שיקום שמן ארגן,מיליליטרים,400.00,"100 מ""ל",false,,14.90,0.0373,true,1,117
8001090336408,false,חיתולים בייבי דריי מידה 3 38 יח' פמפרס,פרוקטר אנד גמבל,DE,פמפרס בייבי דריי מיד,אין,0.00,יחידה,false,,31.90,0.0000,true,1,17575
8001090336521,false,טיטולי פמפרס בייבי דריי מידה 5 30 יח',פרוקטר אנד גמבל,DE,פמפרס בייבי דריי מיד,אין,0.00,יחידה,false,,31.90,0.0000,true,1,17578
8001090336606,false,טיטולי פמפרס בייבי דריי מידה 6 26 יח',פרוקטר אנד גמבל,DE,פמפרס בייבי דריי מיד,אין,0.00,יחידה,false,,31.90,0.0000,true,1,17579
8001090364104,false,"משחת שיניים אורל בי G&E אורגינל 75 מ""ל",אורל בי Oral B,,אורל בי משחה G&E - ר,מיליליטרים,75.00,"100 מ""ל",false,,15.90,0.2120,true,1,106917
8001090364203,false,"משחת שיניים אורל בי G&E להלבנה עדינה 75 מ""ל",אורל בי Oral B,,אורל בי משחה G&E - ל,מיליליטרים,75.00,"100 מ""ל",false,,15.90,0.2120,true,1,106932
8001090364258,false,משחת שיניים אורל בי,,,אורל בי משחה G&E - ל,מיליליטרים,75.00,"100 מ""ל",false,,15.90,0.2120,true,1,106933
8001090375230,false,"מרכך מרוכז לחות מוגברת 200 מ""ל פנטן",פנטן Pantene,,פנטן מרכך מרוכז 200,מיליליטרים,200.00,"100 מ""ל",false,,21.90,0.1095,true,1,17581
8001090375285,false,"מרכך מרוכז למגע רך כמשי 200 מ""ל פנטן",פנטן Pantene,,פנטן מרכך מרוכז 200,מיליליטרים,200.00,"100 מ""ל",false,,21.90,0.1095,true,1,17582
8001090899194,false,תחבושות אולוויז פלטינום נורמל 24 יח',אולוויז Always,,תחבושות פלטינום נורמ,אין,0.00,יחידה,false,,19.90,0.0000,true,1,122
8001090899255,false,תחבושות אולוויז פלטינום לילה 16 יח',Unknown,,תחבושות פלטינום לילה,אין,0.00,יחידה,false,,19.90,0.0000,true,1,124
8001090899286,false,תחבושות אולוויז פלטינום לילה בטוח 14 יח',אולוויז Always,,תחבושות פלטינום לילה,אין,0.00,יחידה,false,,19.90,0.0000,true,1,125
8001440118944,false,שלישיית עגבניות פולפה *400 ג' צ'יריו,סיריו,,שלישיית עגבניות פולפ,גרמים,1200.00,100 גרם,false,,15.90,0.0133,true,1,477483
8001505001785,false,נוציולטה ביאנקה ממרח,אף.סי תבליני בגליל ב,IT,ממרח אגוזי לוז ביאנ,גרמים,270.00,100 גרם,false,,21.90,0.0811,true,1,2576
8001561521708,false,נתחי טונה בהירה במי,,,נתחי טונה בהירה במי,גרמים,320.00,100 גרם,false,,35.00,0.1094,true,1,337596
8001620011935,false,מים מינרלים מוגזים שישייה בקבוק אישי,אקווה מינרלה סאן בנד,IT,סאן בנדטו מוגז 6*500,ארגז,3.00,ליטר,false,,11.90,3.9667,true,1,8712
8001620017456,false,"מים מינרלים שישיה ספורט סאן בנדטו 500 מ""ל",סאן בנדטו San Benedetto,,סאן בנדטו פקק ספורט,ארגז,3.00,ליטר,false,,14.50,4.8333,true,1,8714
8001620018408,false,"משקה פירות בטעם מנגו תפוח 400 מ""ל פרוטה",אקווה מינרלה סאן בנד,IT,סן בנדטו מנגו תפוח פ,מיליליטרים,400.00,"100 מ""ל",false,,7.50,0.0188,true,1,217366
8001841006710,false,לנור כדוריות הבושם בניחוח רענן 210 ג',פרוקטר & גמבל,GB,לנור כדוריות הבושם ב,גרמים,210.00,100 גרם,false,,27.90,0.1329,true,1,1714
8001841053806,false,תחבושות היגייניות אולוויז מקסי עבה לילה,פרוקטר & גמבל,DE,תחבושות עבה לילה אול,אין,0.00,יחידה,false,,12.90,0.0000,true,1,17646
8001841105093,false,"חיתולי פמפרס פרימיום קר שלב 6, +13 ק""ג",פרוקטר & גמבל,DE,חיתולי פמפרס פרימיום,אין,0.00,יחידה,false,,31.90,0.0000,true,1,17650
8001841625188,false,סבון כלים פלטינום לימון X3 פעולות להסרת שומנים,פרוקטר אנד גמבל,GB,פיירי נוזל כלים פלטי,מיליליטרים,515.00,"100 מ""ל",false,,8.90,0.0173,true,1,17659
8001841625362,false,"נוזל כלים בניחוח לימון פלטינום 780 מ""ל פיירי",,,פיירי נוזל כלים פלטי,מיליליטרים,780.00,"100 מ""ל",false,,12.90,0.0165,true,1,344725
8001841625461,false,סבון כלים פלטינום X3 פעולות להסרת שומנים,פרוקטר אנד גמבל,GB,פיירי נוזל כלים פלטי,מיליליטרים,515.00,"100 מ""ל",false,,8.90,0.0173,true,1,17660
8001841663654,false,"פיירי נוזל כלים אקסטרה 650 מ""ל - צהוב",,,פיירי נוזל כלים 650,מיליליטרים,650.00,"100 מ""ל",false,,9.90,0.0152,true,1,426516
8001841663692,false,פיירי נוזל כלים לימ,,,פיירי נוזל כלים לימ,מיליליטרים,900.00,"100 מ""ל",false,,11.90,0.0132,true,1,400066
8001841664866,false,"פנטן - שמפו סופר פוד 400 מ""ל",,,"שמפו פאנטן 400 מ""ל",מיליליטרים,400.00,"100 מ""ל",false,,14.90,0.0373,true,1,475759
8001841664903,false,"שמפו פאנטן 400 מ""ל",,,"שמפו פאנטן 400 מ""ל",מיליליטרים,400.00,"100 מ""ל",false,,14.90,0.0373,true,1,475760
8001841665139,false,"שמפו פאנטן 400 מ""ל",,,"שמפו פאנטן 400 מ""ל",מיליליטרים,400.00,"100 מ""ל",false,,14.90,0.0373,true,1,480297
8001841665450,false,"שמפו פאנטן 400 מ""ל",,,"שמפו פאנטן 400 מ""ל",מיליליטרים,400.00,"100 מ""ל",false,,14.90,0.0373,true,1,475761
8001841665498,false,"שמפו פאנטן 400 מ""ל",,,"שמפו פאנטן 400 מ""ל",מיליליטרים,400.00,"100 מ""ל",false,,14.90,0.0373,true,1,475762
8001841665696,false,"שמפו פאנטן 400 מ""ל",,,"שמפו פאנטן 400 מ""ל",מיליליטרים,400.00,"100 מ""ל",false,,14.90,0.0373,true,1,475763
8001841715957,false,"הד&שולדרס - ג'ל רחצה ושמפו ניקוי אינטנסיבי 360 מ""ל","נארז ע""י : א.ג. גילר",FR,ג'ל רחצה ושמפו ניקוי,מיליליטרים,360.00,"100 מ""ל",false,,16.90,0.0469,true,1,141672
8001841716435,false,"הד אנד שולדרס ג'ל רחצה ושמפו לעור רגיש 360 מ""ל","נארז ע""י : א.ג. גילר",FR,ג'ל רחצה ושמפו לעור,מיליליטרים,360.00,"100 מ""ל",false,,16.90,0.0469,true,1,141674
8001841810461,false,"שמפו פאנטן 400 מ""ל",,,"שמפו פאנטן 400 מ""ל",מיליליטרים,400.00,"100 מ""ל",false,,14.90,0.0373,true,1,475765
8001943549122,false,"צ'וקטה מטבעות שוקולד חלב, 40 גרם",צ'וקטה Chocketa,,צ`וקטה מטבעות שוקולד,גרמים,40.00,100 גרם,false,,3.90,0.0975,true,1,26030
8002267016475,false,צ'וקטה ביצת הפתעה בוב הבנאי מארז 3,מולינו ניקולי s.p.a,IT,צ'וקטה ביצת הפתעה בו,יח',60.00,יח',false,,10.90,0.1817,true,1,26034
8002450201008,false,ורדי רספברי ספרקלטיני,בוסקה Bosca,,ורדי ספרקלטיני כשר 7,מיליליטרים,750.00,"100 מ""ל",false,,24.90,0.0332,true,1,7625
8002450206003,false,ורדי רימונים ספרקלטיני,"איי, בי, אינבוו",IT,ורדי ספרקלטיני רימון,מיליליטרים,750.00,"100 מ""ל",false,,24.90,0.0332,true,1,7628
8003477500044,false,"פרימלוצ'י ספגטי מ""ס",,,"פרימלוצ'י ספגטי מ""ס",גרמים,500.00,100 גרם,false,,5.90,0.0118,true,1,439622
8003477500051,false,"פרימלוצ'י ספגטי מ""ס",,,"פרימלוצ'י ספגטי מ""ס",גרמים,500.00,100 גרם,false,,5.90,0.0118,true,1,439623
8003477500327,false,פרימלוצ'י קורנטי 500,,,פרימלוצ'י קורנטי 500,גרמים,500.00,100 גרם,false,,5.90,0.0118,true,1,439624
8003477500365,false,פרימלוצ'י קונקילייה,,,פרימלוצ'י קונקילייה,גרמים,500.00,100 גרם,false,,5.90,0.0118,true,1,439625
8003477500556,false,פרימלוצ'י פוסילי 500,,,פרימלוצ'י פוסילי 500,גרמים,500.00,100 גרם,false,,5.90,0.0118,true,1,439913
8003477500594,false,פרימלוצ'י פנה ריגאטה,,,פרימלוצ'י פנה ריגאטה,גרמים,500.00,100 גרם,false,,5.90,0.0118,true,1,439914
8003753900438,false,קפה טחון לאספרסו קליה בינונית,קפה לנדוור,IL,אילי אספרסו טחון בפח,גרמים,250.00,100 גרם,false,,41.90,0.1676,true,1,14733
8004030022010,false,ירקות גינה עם טונה ריו מרה אינסלטיסימי 160 ג',"בולטון אלימנטרי בע""מ",IT,טונה וירקות גינה ריו,גרמים,160.00,100 גרם,false,,16.90,0.1056,true,1,14735
8004030026018,false,"מקסיקני עם טונה ריו מרה אינסלטיסימי, 160 ג'","בולטון אלימנטרי בע""מ",IT,ריו מרה טונה עם שעוע,גרמים,160.00,100 גרם,false,,16.90,0.1056,true,1,14736
8004030044005,false,נתחי טונה בשמן זית ריו מרה 160 ג',"בולטון אלימנטרי בע""מ",IT,נתחי טונה בשמן זית ר,גרמים,160.00,100 גרם,false,,18.90,0.1181,true,1,14737
8004030102033,false,טונה בשמן זית עם מיץ לימון ופלפל שחור - מארז 3 יח',בולטון אלימנטרי,IT,טונה בשמן עם לימון ו,גרמים,240.00,100 גרם,false,,27.90,0.1162,true,1,14739
8004030177000,false,טונה בשמן זית וצ'ילי ריו מרה מארז 80X3 גר',ריו מארה Rio Mare,,טונה בשמן זית עם צ'י,גרמים,240.00,100 גרם,false,,27.90,0.1162,true,1,14741
8004030180000,false,ריו מרה טונה בשמן זי,בולטון אלימנטרי,IT,ריו מרה טונה בשמן זי,גרמים,240.00,100 גרם,false,,27.90,0.1162,true,1,460666
8004030344938,false,טונה בשמן זית ריו מרה שלישיה * 80 ג',"בולטון אלימנטרי בע""מ",IT,טונה בשמן זית ריו מר,גרמים,240.00,100 גרם,false,,27.90,0.1162,true,1,14744
8004030381681,false,טונה בשמן זית ריו מרה זוגות * 160 ג',,,טונה בשמן זית ריו מר,גרמים,320.00,100 גרם,false,,32.90,0.1028,true,1,14745
8004030845046,false,טונה עם ירקות בתוספת עם אורז ריו מרה אינסלטיסימי 160 ג',בולטון אלימנטרי,IT,אינסלטיסימי אורז עם,גרמים,160.00,100 גרם,false,,16.90,0.1056,true,1,14746
8004030860001,false,ירקות עם קוקוס וטונה ריו מרה אינסלטיסימי 160 ג',"בולטון אלימנטרי בע""מ",IT,קוסקוס וטונה ריו מרה,גרמים,160.00,100 גרם,false,,16.90,0.1056,true,1,14747
8004123002509,false,שמן זרעי ענבים מזוכך,,,שמן זרעי ענבים מזוכך,ליטרים,1.00,100 ליטר,false,,39.90,39.9000,true,1,357850
8004123010726,false,שמן זית כתית מעולה ב,,,שמן זית כתית מעולה ב,מיליליטרים,750.00,"100 מ""ל",false,,39.90,0.0532,true,1,336870
8004735031089,false,שלישיית ביצי שוקולד,,,שלישיית ביצי שוקולד,גרמים,60.00,100 גרם,false,,10.90,0.1817,true,1,44360
8004800000064,false,לאגו פלאסיר- גלילי ופל קרם קקאו בציפוי ש.חלב - 100 ג',לאגו,IT,גלילי ופל במילוי קרם,גרמים,100.00,100 גרם,false,,10.90,0.1090,true,1,441435
8004800004819,false,"וופלים במילוי ק.פסיפלורה, 110 גרם",לאגו,IT,לאגו פלאסיר- וופלים,גרמים,110.00,100 גרם,false,,10.90,0.0991,true,1,463652
8004800004826,false,לאגו פלאסיר - וופלים במילוי קרם קוקוס שוקולד מריר - 98ג,לאגו,IT,ופלים במילוי קרם קוק,גרמים,98.00,100 גרם,false,,10.90,0.1112,true,1,441436
8004800005502,false,וופל מיני רול גלילי ופל במילוי קרם קקאו- 125 ג' לאגו,לגו גרופ ס.פ.א.,IT,לאגו מיני רול- גלילי,גרמים,125.00,100 גרם,false,,9.90,0.0792,true,1,443455
8004800005519,false,וופל רול גלילי במילוי קרם אגוזי לוז- 125 ג' לאגו,לגו גרופ ס.פ.א.,IT,לאגו מיני רול- גלילי,גרמים,125.00,100 גרם,false,,9.90,0.0792,true,1,443456
8005200256587,false,משקה תה בטעם אפרסק 1.5ל' NESTEA,מפעל סאנפלגרינו S.P.,IT,נסטי אפרסק 1.5 ליטר,ארגז,1.50,ליטר,false,,8.90,5.9333,true,1,156097
8005200286584,false,משקה תה בטעם מנגו אננס 1.5 ל' NESTEA,מפעל סאנפלגרינו S.P.,IT,נסטי מנגו אננס 1.5 ל,ארגז,1.50,ליטר,false,,8.90,5.9333,true,1,156124
8005200316588,false,משקה תה דיאט בטעם אפרסק 1.5ל' NESTEA,מפעל סאנפלגרינו s.p.,IT,נסטי דיאט אפרסק 1.5,ארגז,1.50,ליטר,false,,8.50,5.6667,true,1,156125
8005360004622,false,רוטב עגבניות אורגני,אף.סי תבליני בגליל ב,IT,דה לה נונה - רוטב עג,גרמים,350.00,100 גרם,false,,11.90,0.0340,true,1,2483
8005803010357,false,אמור די פאן - קלאסי 125 גרם,"אינסטנטה בע""מ",IT,גריסיני בטעם קלאסי 1,גרמים,125.00,100 גרם,false,,8.50,0.0680,true,1,69615
8005803010371,false,מקלות גריסיני עם רוזמרין,"אינסטנטה בע""מ",IT,גריסיני עם רוזמרין 1,גרמים,125.00,100 גרם,false,,8.50,0.0680,true,1,69616
8005803010661,false,אמור די פאן - שומשום 125 גרם,"הוסטה איטליה, ס.ר.ל.",IT,גריסיני עם שומשום 12,גרמים,125.00,100 גרם,false,,8.50,0.0680,true,1,69617
8006227000399,false,סמנצאטו לחם מחמצת פר,,,לחם מחמצת פרוס לבן 4,גרמים,400.00,100 גרם,false,,16.90,0.0422,true,1,412292
8006227000405,false,סמנצאטו לחם מחמצת פר,,,לחם מחמצת פרוס חיטה,גרמים,400.00,100 גרם,false,,16.90,0.0422,true,1,412293
8006227001372,false,סמנצאטו לחם מחמצת לב,רו. מאר ס.ר.ל,IT,לחם מחמצת לבן עם שמן,גרמים,400.00,100 גרם,false,,18.90,0.0472,true,1,412014
8006227001389,false,סמנצאטו לחם מחמצת קמ,רו. מאר ס.ר.ל,IT,לחם מחמצת קמח מלא עם,גרמים,400.00,100 גרם,false,,18.90,0.0472,true,1,412015
8006540091937,false,כדוריות הבושם בניחוח אריאל 210 ג' לנור,פרוקטר & גמבל,GB,לנור כדוריות הבושם ב,גרמים,210.00,100 גרם,false,,27.90,0.1329,true,1,141860
8006540112823,false,"לנור מרכך כביסה מרוכז בניחוח האוקיינוס 900 מ""ל",פרוקטר אנד גמבל,FR,לנור מרכך מרוכז בניח,מיליליטרים,900.00,"100 מ""ל",false,,14.90,0.0166,true,1,84526
8006540458013,false,פיירי נוזל כלים 650,,,פיירי נוזל כלים 650,מיליליטרים,650.00,"100 מ""ל",false,,9.90,0.0152,true,1,446198
8006540476451,false,"שמפו פאנטן 400 מ""ל",,,"שמפו פאנטן 400 מ""ל",מיליליטרים,400.00,"100 מ""ל",false,,14.90,0.0373,true,1,475766
8006540491539,false,"נוזל כלים פלטינום אורגינל 780 מ""ל פיירי",,,פיירי נוזל כלים פלטי,מיליליטרים,780.00,"100 מ""ל",false,,12.90,0.0165,true,1,344642
8006540495216,false,"מרכך כביסה בניחוח אמאטיסט 900 מ""ל לנור",פרוקטר & גמבל,FR,לנור מרכך מרוכז בניח,מיליליטרים,900.00,"100 מ""ל",false,,14.90,0.0166,true,1,398384
8006540495247,false,"לנור מרכך כביסה בניחוח פרחי בר 900 מ""ל",פרוקטר & גמבל,FR,לנור מרכך מרוכז בניח,מיליליטרים,900.00,"100 מ""ל",false,,14.90,0.0166,true,1,459977
8006540628737,false,שמפו הד שולדרס קלאסי,,,שמפו הד שולדרס קלאסי,מיליליטרים,350.00,"100 מ""ל",false,,16.90,0.0483,true,1,433990
8006540690260,false,"שמפו פאנטן 400 מ""ל",,,"שמפו פאנטן 400 מ""ל",מיליליטרים,400.00,"100 מ""ל",false,,14.90,0.0373,true,1,475768
8008245004861,true,ממרח אגוזי לוז עם חל,,,ממרח אגוזי לוז עם חל,גרמים,300.00,100 גרם,false,,14.90,0.0497,true,1,47061
8008620009313,false,קריץ-קרקר מלוח 250 ג',,,קרקר מלוח 250 גרם קר,גרמים,250.00,100 גרם,false,,8.90,0.0356,true,1,412262
8008660210038,false,מעדן פרי תות שדה 100% רכיבי פרי,קריניציה ויטמינה אס,IT,מעדן תות שדה 300 גר`,גרמים,300.00,100 גרם,false,,15.90,0.0530,true,1,16176
8008660210045,false,מעדן פרי פירות יער 100% רכיבי פרי,שוורצקוף& הנקל דיסלד,IT,מעדן פירות יער 300 ג,גרמים,300.00,100 גרם,false,,15.90,0.0530,true,1,16177
8008857601052,false,פסטה לזניה דפים רג'יה 500ג',פסטה רג'יה Pasta Reggia,,לזניה רג'יה 105 500,גרמים,500.00,100 גרם,false,,8.90,0.0178,true,1,16339
8008857601090,false,פסטה קנלוני רג'יה 250 גר',פסטה רג'יה Pasta Reggia,,קנלוני רג'יה 109 250,גרמים,250.00,100 גרם,false,,7.90,0.0316,true,1,16340
8008912010034,false,ספגטי ליגורי 500 גר',,,פסטה ספגטי מספר 3 -,גרמים,500.00,100 גרם,false,,7.90,0.0158,true,1,381099
8008912010072,false,ספגטי לינגוויני 500ג ליגורי,,,פסטה לינגוויני מספר,גרמים,500.00,100 גרם,false,,7.90,0.0158,true,1,381100
8008912010270,false,פסטה קסרצ'ה 500ג ליגורי,ליגורי LIGUORI,,פסטה קסרצ'ה מספר 27,גרמים,500.00,100 גרם,false,,7.90,0.0158,true,1,381101
8008912010423,false,פסטה פנה ריגטה 500 ג ליגורי,ליגורי LIGUORI,,פסטה פנה ריגטה מספר,גרמים,500.00,100 גרם,false,,7.90,0.0158,true,1,381104
8008940228005,false,עוגיות כוסמין אורגני,תות תעשיות מזון (201,IT,גרנולה עוגיות כוסמין,גרמים,300.00,100 גרם,false,,17.90,0.0597,true,1,1905
8012901009367,false,קינוח טראפלס סולו אי,סולו,IT,קינוח טראפלס סולו אי,גרמים,100.00,100 גרם,false,,6.90,0.0690,true,1,12250
8012901012800,false,סולו איטליה קינוח טי,,,סולו איטליה קינוח טי,גרמים,90.00,100 גרם,false,,6.90,0.0767,true,1,150094
8017938005122,false,חומץ תפוחים אורגני 7,מריה לוצ'יה מלצ'יורי,IT,חומץ תפוחים אורגני 7,מיליליטרים,750.00,"100 מ""ל",false,,19.80,0.0264,true,1,1964
8023788030610,false,שוקולד חלב 300 גרם,,,שוקולד חלב 300 גרם,גרמים,300.00,100 גרם,false,,17.90,0.0597,true,1,420705
8023788030627,false,שוקולד מריר מעולה 3,,,שוקולד מריר מעולה 3,גרמים,300.00,100 גרם,false,,17.90,0.0597,true,1,420706
8023788030634,false,שוקולד חלב עם שברי א,,,שוקולד חלב עם שברי א,גרמים,300.00,100 גרם,false,,17.90,0.0597,true,1,420722
8023788030658,false,עוגיות מלוחות בטעם ט,,,עוגיות מלוחות בטעם ט,גרמים,400.00,100 גרם,false,,12.90,0.0323,true,1,449740
8023788030665,false,עוגיות מלוחות בטעם ב,,,עוגיות מלוחות בטעם ב,גרמים,400.00,100 גרם,false,,12.90,0.0323,true,1,449741
8023788030672,false,עוגיות מלוחות בתוספת,,,עוגיות מלוחות בתוספת,גרמים,400.00,100 גרם,false,,12.90,0.0323,true,1,449742
8023788030689,false,עוגיות מלוחות בטעם ע,,,עוגיות מלוחות בטעם ע,גרמים,400.00,100 גרם,false,,12.90,0.0323,true,1,450162
8024985000062,false,נטורה נובה - מחית תפ,"נטורפוד בע""מ",IT,נטורה נובה - מחית תפ,גרמים,200.00,100 גרם,false,,9.90,0.0495,true,1,2378
8024985000086,false,מחית תפוח בננה אורגנ,"נטורפוד בע""מ",IT,נטורה נובה - מחית תפ,גרמים,200.00,100 גרם,false,,9.90,0.0495,true,1,2379
8024985000093,false,מחית תפוח שזיף אורגנ,"נטורפוד בע""מ",IT,נטורה נובה - מחית תפ,גרמים,200.00,100 גרם,false,,9.90,0.0495,true,1,299895
8024985000109,false,מחית אוכמניות אורגני,נטורה נובה,IT,נטורה נובה - מחית אג,גרמים,200.00,100 גרם,false,,9.90,0.0495,true,1,2380
8024985000116,false,מחית אוכמניות אורגני,"נטורפוד בע""מ",IT,נטורה נובה - מחית תפ,גרמים,200.00,100 גרם,false,,9.90,0.0495,true,1,299909
8024985002783,false,סמוצ'י תפוח גזר דלעת אורגני,נטורה נובה Natura Nuova,,נטורה נובה - סמוזי ג,גרמים,100.00,100 גרם,false,,5.90,0.0590,true,1,2339
8024985002943,false,סמוזי נטורה נובה תפו,נטורה נובה,IT,נטורה נובה - סמוזי ת,גרמים,100.00,100 גרם,false,,5.90,0.0590,true,1,2340
8024985002950,false,נטורה נובה סמוזי שזי,נטורה נובה,IT,נטורה נובה - סמוזי ש,גרמים,100.00,100 גרם,false,,5.90,0.0590,true,1,299996
8024985002967,false,סמוזי נטורה בננה תרד,נטורה נובה,IT,נטורה נובה - סמוזי ב,גרמים,100.00,100 גרם,false,,5.90,0.0590,true,1,299925
8024985003988,false,סמוצ'י בטעם תפוח בננה אורגני,נטורה נובה Natura Nuova,IT,נטורה נובה - סמוזי ת,גרמים,100.00,100 גרם,false,,5.90,0.0590,true,1,2353
8024985005234,false,סמוזי תפוח אפרסק מנג,נטורה נובה,IT,נטורה נובה - סמוזי ת,גרמים,100.00,100 גרם,false,,5.90,0.0590,true,1,2354
8024985008037,false,סמוזי נטורה נובה תפו,"נטורפוד בע""מ",IT,נטורה נובה - סמוזי ת,גרמים,100.00,100 גרם,false,,5.90,0.0590,true,1,2355
8024985008044,false,סמוזי נטורה נובה אגס,"נטורפוד בע""מ",IT,נטורה נובה - סמוזי א,גרמים,100.00,100 גרם,false,,5.90,0.0590,true,1,2356
8024985008051,false,סמוצ'י בטעם פירות אדומים,נטורה נובה Natura Nuova,IT,נטורה נובה - סמוזי פ,גרמים,100.00,100 גרם,false,,5.90,0.0590,true,1,2357
8032573170035,false,יין מוסקטו טרה סינה 750 מל,יקבי ארזה,IL,יין מוסקטו טרה סינה,מיליליטרים,750.00,"100 מ""ל",false,,37.90,0.0505,true,1,9892
8032804432000,false,אטריות פנה כוסמת אורגני,פליסיה Felicia Bio,,פליסיה קופסא - פנה כ,גרמים,340.00,100 גרם,false,,14.90,0.0438,true,1,2325
8032880800243,false,פיקניק הפתעה 50 גרם-איגוד רבנים,"הוסטה איטליה, ס.ר.ל.",IT,פיקניק הפתעה 50ג,גרמים,50.00,100 גרם,false,,6.70,0.1340,true,1,10186
8076800105735,false,פנה ריגטה בקופסה ברי,,,פנה ריגטה בקופסה ברי,אלף,1.00,"ק""ג",false,,12.90,12.9000,true,1,419797
8076800195019,false,ברילה - צ.א ספגטי מס1 קפליני 500 גרם,ברילה גי.אי.אר פרטלי,IT,ספגטי קפליני מס' 1 ב,גרמים,500.00,100 גרם,false,,6.90,0.0138,true,1,424
8076800195033,false,ברילה - צ.א ספגטיני מס3 חדש 500 גרם,ברילה גי.אי.אר פרטלי,IT,ספגטי מס' 3 ברילה 50,גרמים,500.00,100 גרם,false,,6.90,0.0138,true,1,425
8076800195057,false,ברילה - צ.א ספגטי מס5 חדש 500 גרם,ברילה גי.אי.אר פרטלי,IT,ספגטיני מס' 5 ברילה,גרמים,500.00,100 גרם,false,,6.90,0.0138,true,1,426
8076800195132,false,ברילה - צ.א בבטה מס13 500 גרם,ברילה גי.אי.אר פרטלי,IT,ספגטי בבטה מס' 13 בר,גרמים,500.00,100 גרם,false,,6.90,0.0138,true,1,427
8076800315097,false,ברילה - צ.א בוקטיני מס9 500 גרם,ברילה גי.אי.אר פרטלי,IT,ספגטי בוקטיני מס' 9,גרמים,500.00,100 גרם,false,,6.90,0.0138,true,1,428
8076802085738,false,ברילה - צ.ק פנה רגטה חדש 500 גרם,ברילה גי.אי.אר פרטלי,IT,פנה רגטה מס' 73 בריל,גרמים,500.00,100 גרם,false,,6.90,0.0138,true,1,430
8076802085981,false,ברילה - צ.ק פוזילי חדש 500 גרם,ברילה גי.אי.אר פרטלי,IT,פסטה פוזילי 98 ברילה,גרמים,500.00,100 גרם,false,,6.90,0.0138,true,1,431
8076808050440,false,ברילה פסטה מקרוני מס 44 500 גר,ברילה Barilla,IT,פסטה מקרוני מס' 44 ב,גרמים,500.00,100 גרם,false,,6.90,0.0138,true,1,432
8076808060654,false,ברילה - צ.ק פרפלה חדש 500 גרם,ברילה גי.אי.אר פרטלי,IT,פסטה פרפלה 65 ברילה,גרמים,500.00,100 גרם,false,,6.90,0.0138,true,1,433
8076808070882,false,פסטה ברילה קנלוני מס'88 250ג',פאסטיפיקו ריגו אס.אר,IT,קנלוני ברילה 250 גרם,גרמים,250.00,100 גרם,false,,11.90,0.0476,true,1,14748
8076808150072,false,ברילה - צ.א ספגטוני מס7 חדש 500 גרם,ברילה גי.אי.אר פרטלי,IT,ספגטי מס' 7 ברילה 50,גרמים,500.00,100 גרם,false,,6.90,0.0138,true,1,434
8076809501415,false,ברילה פנה טריקולור מס' 78 500גר,ברילה Barilla,IT,ברילה פסטה פנה טריקו,גרמים,500.00,100 גרם,false,,11.90,0.0238,true,1,342054
8076809512268,false,ברילה - צ.ק גירנדולה חדש 500 גרם,ברילה גי.אי.אר פרטלי,IT,פסטה גירנדולה מס' 34,גרמים,500.00,100 גרם,false,,6.90,0.0138,true,1,435
8076809513388,false,ברילה - רוטב ארביאטה 400 גרם,ברילה גי.אי.אר פרטלי,IT,ברילה רוטב ארביאטה 4,גרמים,400.00,100 גרם,false,,14.90,0.0373,true,1,14749
8076809513395,false,רוטב פסטה ברילה פורמודרו 400ג',ברילה גי.אי.אר פרטלי,IT,ברילה רוטב פורמודרו,גרמים,400.00,100 גרם,false,,14.90,0.0373,true,1,14750
8076809513654,false,בסיס רוטב עגבניות לבולונז 400 ג' ברילה,ברילה גי.אי.אר פרטלי,IT,ברילה רוטב עגבניות ל,גרמים,400.00,100 גרם,false,,14.90,0.0373,true,1,14751
8076809513692,false,רוטב פסטה ברילה נפוליטנה 400ג',ברילה גי.אי.אר פרטלי,IT,ברילה רוטב נפוליטנה,גרמים,400.00,100 גרם,false,,14.90,0.0373,true,1,14752
8076809513739,false,רוטב פסטה ברילה בזיליקום 400 ג',ברילה גי.אי.אר פרטלי,IT,ברילה רוטב בזיליקום,גרמים,400.00,100 גרם,false,,14.90,0.0373,true,1,14754
8076809514774,false,ברילה איטריות ביצים פפרדלה 250ג',ברילה גי.אי.אר פרטלי,IT,ברילה פפרדלה ביצים 2,גרמים,250.00,100 גרם,false,,17.90,0.0716,true,1,76574
8076809523738,false,פסטה ברילה לזניה 500ג',ברילה גי.אי.אר פרטלי,IT,לזניה ברילה 500 גרם,גרמים,500.00,100 גרם,false,,20.90,0.0418,true,1,395
8076809529433,false,ברילה פנטה רגטה מחיטה מלאה 500ג',"ש. שסטוביץ בע""מ",IT,פנה רגטה מחיטה מלאה,גרמים,500.00,100 גרם,false,,14.90,0.0298,true,1,14757
8076809545464,false,פסטה ספירלי ללא גלוטין ברילה 400ג',מולינו אנדריאני אס.א,IT,ברילה ספירלי עב קמח,גרמים,400.00,100 גרם,false,,14.90,0.0373,true,1,14760
8076809578998,false,ברילה - צ.ק. סטלינה 500 גרם,ברילה Barilla,,פסטה סטלינה מס' 27,גרמים,500.00,100 גרם,false,,6.90,0.0138,true,1,79916
8121300206946,false,ממתיק סיטיביה טרוביה 80 שקיות אישיות,טרוביה Truvia,,טרוביה - סטיביה ממתי,גרמים,80.00,100 גרם,false,,22.90,0.2862,true,1,39440
8121300207004,false,טרוביה - סטיביה ממתיק בצנצנת 270 גרם,טרוביה Truvia,,טרוביה - סטיביה ממתי,גרמים,270.00,100 גרם,false,,33.90,0.1256,true,1,39441
8121300209466,false,תחליף סוכר חום 320 ג' טרוביה,טרוביה Truvia,,תחליף סוכר חום טרובי,גרמים,320.00,100 גרם,false,,34.90,0.1091,true,1,438362
8410076600622,false,חטיפי גרנולה Crunchy שיבולת שועל מלאה ושבבי שוקולד מריר,ג'נרל מילס סאן אדריא,ES,חטיף קראנצי שבבי שוק,גרמים,210.00,100 גרם,false,,19.50,0.0929,true,1,10188
8410076610379,false,נייטשר ואלי פרוטאין בוטנים ושבבי שוקולד 160 ג',סריילטו ספיין פודס,ES,פרוטאין בוטנים ושבבי,גרמים,160.00,100 גרם,false,,22.90,0.1431,true,1,10189
8410076610492,false,סוויט אנד סולטי שוקולד מריר בציפוי חמאת בוטנים,יבואן ומשווק: ש. שסט,,חטיף בוטנים ושיבולת,גרמים,150.00,100 גרם,false,,14.90,0.0993,true,1,10191
8410076610508,false,"נייטשר וואלי צ'ואי שוקולד מריר בוטנים ושקדים, חמישיה 5 * 30 גרם",נייצ'ר ואלי Nature Valley,,חטיף צ'ואי שוקולד מר,גרמים,150.00,100 גרם,false,,14.90,0.0993,true,1,10192
8410076621009,false,עוגות אישיות בטעם קרמל עם חתיכות בטעם קרמל מלוח,"גלאטס סירו בע""מ",ES,חטיף פייבר 1 בטעם קר,גרמים,120.00,100 גרם,false,,14.90,0.1242,true,1,37011
8410076621047,false,עוגות אישיות בטעם שוקולד עם חתיכות בטעם שוקולד,"גלאטס סירו בע""מ",ES,חטיף פייבר 1 בטעם שו,גרמים,120.00,100 גרם,false,,14.90,0.1242,true,1,37012
8410104039134,false,"פיניש מנקה ומחדש מדיח 250מ""ל",הדקלאים אגודת שיתופי,PL,פיניש מנקה ומחדש מדי,מיליליטרים,250.00,"100 מ""ל",false,,14.90,0.0596,true,1,14371
8410104044916,false,אבקה למדיח פיניש קלאסיק,רקיט בנקיזר,PL,אבקה למדיח כלים פיני,אלף,2.70,"ק""ג",false,,44.90,16.6296,true,1,14372
8410104045111,false,"פיניש מלח למדיח כלים 2ק""ג",פ.פ.ח. שאביט,IL,"פיניש מלח למדיח 2 ק""",אלף,2.00,"ק""ג",false,,14.90,7.4500,true,1,14373
8410182420114,false,בצלצלי פנינה בחומץ ד,דליסיאס,,בצלצלי פנינה בחומץ ד,גרמים,370.00,100 גרם,false,,11.90,0.0322,true,1,336925
8410342003508,false,ממרח שוקולד ואגוזים,,,ממרח שוקולד ואגוזים,גרמים,200.00,100 גרם,false,,19.90,0.0995,true,1,411797
8410342004796,false,שוקולד מריר 85% ללא סוכר טוראס 100ג',צ'יקולטס טוארס,ES,שוקולד מריר 85% ללא,גרמים,100.00,100 גרם,false,,14.90,0.1490,true,1,412109
8410376006070,false,בסקוויט גולון מריה 800 ג',,,גולון ביסקויט מריה 8,גרמים,800.00,100 גרם,false,,11.60,0.0145,true,1,354722
8410376037784,false,גולון סנדוויץ שוקולד ללא סוכר 250 ג',תות תעשיות מזון (201,ES,עוגיות סנדוויץ' במיל,גרמים,250.00,100 גרם,false,,12.90,0.0516,true,1,371221
8410376042481,false,ביסקוויט קרם יוגורט 220ג',גלטס גולון,,עוגיות ביסקוויט סנדו,גרמים,220.00,100 גרם,false,,14.90,0.0677,true,1,371262
8410628460605,false,טונה ספרדית בשמן זית,,,טונה ספרדית בשמן זית,גרמים,190.00,100 גרם,false,,28.50,0.1500,true,1,16341
8410628460612,false,טונה ספרדית בשמן זית,,,טונה ספרדית בשמן זית,גרמים,190.00,100 גרם,false,,28.50,0.1500,true,1,16342
8410628460629,false,טונה ספרדית שמן זית וצ'ילי תומר 190 גר',,,טונה ספרדית בשמן זית,גרמים,190.00,100 גרם,false,,28.50,0.1500,true,1,16343
8410655000423,false,רביעיית בירה סאן מיג,,,סאן מיגל בקבוק 4*330,ארגז,1.32,ליטר,false,,21.90,16.5909,true,1,218368
8410655001147,false,בירה סאן מיגל פחית 5,SAN MIGUEL,,סן מיגל בירה 4.5% כה,מיליליטרים,500.00,"100 מ""ל",false,,8.90,0.0178,true,1,442456
8420822130600,false,"ספריי סופר מסיר שומנים 750מ""ל יעקבי",יעקבי,,ספריי סופר מסיר שומנ,מיליליטרים,750.00,"100 מ""ל",false,,16.90,0.0225,true,1,210889
8420822130624,false,"ספריי סופר מסיר כתמים 750מ""ל יעקבי",יעקבי,,ספריי סופר מסיר כתמי,מיליליטרים,750.00,"100 מ""ל",false,,18.90,0.0252,true,1,210890
8423207206488,false,מרבה סלים דליס שוקולד חלב חדש,אף.סי תבליני בגליל ב,ES,סלים דליס חטיף דגנים,גרמים,120.00,100 גרם,false,,10.90,0.0908,true,1,14762
8423207206501,false,חטיף מרבה סלים דליס חצי מצופה 78ג',סלים דליס Slim Delis,ES,סלים דליס חטיף דגנים,גרמים,120.00,100 גרם,false,,10.90,0.0908,true,1,14764
8423207207362,false,סלים דליס חטיף דגנים שוקולד לבן 120 ג',ביסנצ'ורי אס.אל.יו,ES,סלים דליס חטיף דגנים,גרמים,120.00,100 גרם,false,,10.90,0.0908,true,1,14765
8423207208680,false,מרבה סלים דליס לילדים עם שוקולד חלב,ביסנצ'ורי אס.אל.יו,ES,סלים דליס קידס בציפו,גרמים,121.00,100 גרם,false,,10.90,0.0901,true,1,14767
8423207208697,false,מרבה סלים דליס לילדים עם שוקולד לבן חדש,ביסנצ'ורי אס.אל.יו,ES,סלים דליס קידס עוגיו,גרמים,120.00,100 גרם,false,,10.90,0.0908,true,1,14768
8423207208703,false,חטיף דגנים מצופה אקסטרה שוקולד מריר,ביסנצ'ורי אס.אל.יו,ES,סלים דליס אקסטרא חטי,גרמים,120.00,100 גרם,false,,10.90,0.0908,true,1,14769
8423207208888,false,פריכיות תירס בטעם עגבניות ועשבי תיבול סלים דליס 123 ג',ביסנצ'ורי אס.אל.יו,ES,פריכיות תירס בטעם עג,גרמים,123.00,100 גרם,false,,8.90,0.0724,true,1,5646
8423207209748,false,מרבה סלים דליס שוקולד מריר בניגועת תפוז,ביסנצ'ורי אס.אל.יו,ES,סלים דליס חטיף דגנים,גרמים,120.00,100 גרם,false,,10.90,0.0908,true,1,14770
8423207209885,false,סלים דליס מהדורה מיוחדת שוקולד חלב 120 ג',סלים דליס Slim Delis,,סלים דליס אקסטרא חטי,גרמים,120.00,100 גרם,false,,10.90,0.0908,true,1,14771
8423207210287,false,מרבה סלים דליס שוקולד לבן בטעם יוגורט 120 ג',סלים דליס Slim Delis,,סלים דליס חטיף דגנים,גרמים,120.00,100 גרם,false,,10.90,0.0908,true,1,14772
8423207210980,false,סלים דליס טופינג קליפת תפוז 90 ג',מרבה,ES,סלים דליס טופינג קלי,גרמים,90.00,100 גרם,false,,10.90,0.1211,true,1,14776
8424842050016,false,חטיף ציפס בטעם כמהין,רביו,ES,חטיף צ'יפס בטעם כמהי,גרמים,130.00,100 גרם,false,,12.90,0.0992,true,1,239650
8424842050030,false,ציפס רוביו מלח הימלא,רביו,ES,חטיף צ'יפס עם שמן זי,גרמים,125.00,100 גרם,false,,12.90,0.1032,true,1,239651
8424842050085,false,ציפס רוביו חרדל ודבש,רביו,ES,חטיף צ'יפס דבש וחרדל,גרמים,125.00,100 גרם,false,,12.90,0.1032,true,1,239652
8428751001923,false,"אלכוג'ל 150 מ""ל יודי",,,"אלכוג'ל 150 מ""ל יודי",מיליליטרים,150.00,"100 מ""ל",false,,14.90,0.0993,true,1,32329
8431876245530,false,קרפור - חלב סויה עשי,,,קרפור - חלב סויה עשי,ארגז,1.00,ליטר,false,,5.90,5.9000,true,1,482386
8431876245547,false,קרפור - חלב סויה עש,,,קרפור - חלב סויה עש,ארגז,1.00,ליטר,false,,6.90,6.9000,true,1,482356
8431876245561,false,קרפור - חלב סויה עשי,,,קרפור - חלב סויה עשי,ארגז,1.00,ליטר,false,,5.90,5.9000,true,1,482277
8431876247220,false,קרפור - חלב סויה בטע,,,קרפור - חלב סויה בטע,ארגז,1.00,ליטר,false,,8.90,8.9000,true,1,482215
8431876247244,false,קרפור - חלב אורז ביו,,,קרפור - חלב אורז ביו,ארגז,1.00,ליטר,false,,7.90,7.9000,true,1,482106
8431876289558,false,קרפור - חלב שיבולת ש,,,קרפור - חלב שיבולת ש,ארגז,1.00,ליטר,false,,7.90,7.9000,true,1,482246
8431876289565,false,קרפור - חלב שיבולת ש,,,קרפור - חלב שיבולת ש,ארגז,1.00,ליטר,false,,8.90,8.9000,true,1,482091
8431876289589,false,קרפור - חלב שקדים לל,,,קרפור - חלב שקדים לל,ארגז,1.00,ליטר,false,,7.90,7.9000,true,1,482121
8431876289596,false,קרפור - חלב שקדים עש,,,קרפור - חלב שקדים עש,ארגז,1.00,ליטר,false,,7.90,7.9000,true,1,482371
8431876293272,false,קרפור - חלב סויה ללא,,,קרפור - חלב סויה ללא,ארגז,1.00,ליטר,false,,6.90,6.9000,true,1,482200
8435495805168,false,"תינוקלין לכביסה לעור רגיש אולימפיק 1.25ק""ג",מולינו ניקולי s.p.a,TR,אבקת כביסה תינוקלין,אלף,1.25,"ק""ג",false,,21.90,17.5200,true,1,26036
8435495819363,false,תינוקלין - מרכך כביסה פרש & ג'נטל 1 ליטר,תינוקלין,,תינוקלין מרכך כביסה,ארגז,1.00,ליטר,false,,17.90,17.9000,true,1,124396
8436575292205,false,ארטיק חמשושים מאגדת 15*12 גר',שוורצקוף& הנקל דיסלד,IL,מאגדת חמשושים אננס מ,גרמים,180.00,100 גרם,false,,19.90,0.1106,true,1,11904
8485818700014,false,משקפיים,,,משקפיים,אין,0.00,יחידה,false,,19.90,0.0000,true,1,20407
8594403707649,false,בירה באדוויזר דארק ל,Bud?jovick? Budvar,,באדוויזר דארק לאגר 5,מיליליטרים,330.00,"100 מ""ל",false,,8.90,0.0270,true,1,459047
8594403707977,false,בירה באדוויזר לאגר פ,Bud?jovick? Budvar,,"באדוויזר לאגר 500 מ""",מיליליטרים,330.00,"100 מ""ל",false,,8.90,0.0270,true,1,459048
8681863065270,false,מלח ים מים האגאי 350 ג' ויליפוד,,,מלח ים מים האגאי 350,גרמים,350.00,100 גרם,false,,24.90,0.0711,true,1,394562
8681863065362,false,מלח ים עם פלפל שחור 350 ג' ויליפוד,,,מלח ים עם פלפל שחור,גרמים,350.00,100 גרם,false,,24.90,0.0711,true,1,394567
8683323063024,false,ממתק בטעם תותי פרוטי בצורת שטיח,מוטקה החולב,TR,יוגטה חיספוסים שטיחי,גרמים,220.00,100 גרם,false,,6.90,0.0314,true,1,26044
8690120060170,false,וופל נאמבר וואן מצופ,Unknown,TR,וופלים אגוזים רויאל,גרמים,35.00,100 גרם,false,,1.90,0.0543,true,1,126617
8690120060408,false,וופלים אגוזי לוז רוי,קוניאק גדוה,TR,וופלים אגוזי לוז רוי,גרמים,35.00,100 גרם,false,,1.90,0.0543,true,1,126603
8690120129006,false,וופלים מריר רויאל קנ,,,וופלים מריר רויאל קנ,גרמים,35.00,100 גרם,false,,1.90,0.0543,true,1,126618
8690504081937,false,טינס שוקולד חלב וקפוצינו 150 גר,"אולקר ביסקווי סנאי,",TR,טינס מצופה שוקולד חל,גרמים,150.00,100 גרם,false,,9.90,0.0660,true,1,370706
8690504153740,false,שוקולד מריר במילוי קרם בטעם שוקולד מריר,ביסקוט ביסקווי סילבר,TR,טבלת שוקולד מריר עם,גרמים,86.00,100 גרם,false,,13.90,0.1616,true,1,16180
8690526009278,false,אי טי אי - חטיף קרמל מצופה שוקולד וחלב כדורוני דגנים 126 גרם,ETi,,חטיף קרמל מצופה שוקו,אין,0.00,יחידה,false,,9.90,0.0000,true,1,864
8690526009308,false,אי טי אי - חטיף קוקוס מצופה שוקולד חלב וכדורוני דגנים 126 גרם,ETi,,חטיף קוקוס מצופה שוק,אין,0.00,יחידה,false,,9.90,0.0000,true,1,865
8690526009353,false,אי טי אי - מיני חטיף בוטנים נוגט קרמל מצופה שוקולד חלב 140 גרם,,,מיני חטיף בוטנים נוג,גרמים,140.00,100 גרם,false,,9.90,0.0707,true,1,694
8690526019147,false,אי טי אי - וופל במילוי קרם אגוזי לוז 142 גרם,ETi,,וופל קקאו במילוי קרם,אין,0.00,יחידה,false,,7.90,0.0000,true,1,802
8690531032377,false,פלפל שיפקה צהוב חריף 340 ג',,TR,פלפל שיפקונית במי מל,גרמים,340.00,100 גרם,false,,10.00,0.0294,true,1,11818
8690536024025,false,קרפור -נייר טואלט דו,,,קרפור -נייר טואלט דו,אין,0.00,יחידה,false,,25.90,0.0000,true,1,483044
8690637704376,false,שמפו יום יומי לשיער רגיל,יוניליוור טורקיה. אז,TR,שמפו יום יומי דאב 60,מיליליטרים,600.00,"100 מ""ל",false,,16.90,0.0282,true,1,9332
8690637704390,false,"מרכך לשיער רגיל 600 מ""ל דאב",יוניליוור טורקיה. אז,TR,מרכך יום יומי דאב 60,מיליליטרים,600.00,"100 מ""ל",false,,16.90,0.0282,true,1,9333
8690637871047,false,"שמפו שמן קוקוס וכורכום 600 מ""ל דאב",,TR,שמפו עם שמן קוקוס וכ,מיליליטרים,600.00,"100 מ""ל",false,,16.90,0.0282,true,1,254204
8690637890666,false,מאגדת מגנום מיני דאבל פיסטוק 6 יח' שטראוס,יוניליוור סנאיי וי ט,TR,מיני מגנום דאבל פיסט,גרמים,282.00,100 גרם,false,,27.90,0.0989,true,1,6020
8690637916977,false,מרכך עם שמן קוקוס וכורכום למראה שיער משוקם,יונילוור - תורכיה,TR,מרכך קוקוס וכרכום דא,מיליליטרים,600.00,"100 מ""ל",false,,16.90,0.0282,true,1,254218
8690766156367,false,שוקולד גודייבה חלב מעולה 90 גר,"אולקר מקבוצת פלאדיס,",TR,גודייבה שוקולד חלב מ,גרמים,90.00,100 גרם,false,,15.90,0.1767,true,1,1415
8690766156374,false,שוקולד גודייבה מריר 72% מוצרי קקאו 90 גר,"אולקר מקבוצת פלאדיס,",TR,גודייבה שוקולד מריר,גרמים,90.00,100 גרם,false,,15.90,0.1767,true,1,1416
8690766156381,false,שוקולד גודייבה מריר מעולה 90% קקאו 90 גר,"אולקר מקבוצת פלאדיס,",TR,גודייבה ש.מריר מעולה,גרמים,90.00,100 גרם,false,,15.90,0.1767,true,1,1417
8690766156398,false,שוקולד חלב מעולה בתוספת שברי שקדים קלויים דבש ומלח 90ג',"אולקר מקבוצת פלאדיס,",TR,גודייבה שוקולד חלב ש,גרמים,90.00,100 גרם,false,,15.90,0.1767,true,1,1418
8690766156404,false,שוקולד מריר מעולה גודייבה תפוז אדום 90 גרם,גודייבה,TR,גודייבה שוקולד מריר,גרמים,90.00,100 גרם,false,,15.90,0.1767,true,1,1419
8690766156411,false,שוקולד מריר מעולה בטעם פלפל ורוד עם חתיכות תות מסוכר 90ג',"אולקר מקבוצת פלאדיס,",TR,גודייבה שוקולד מריר,גרמים,90.00,100 גרם,false,,15.90,0.1767,true,1,1420
8690777204071,false,פלפלים כבושים - חריפים,יוליניבר,TR,פלפל חריף סרה 640 גר,גרמים,640.00,100 גרם,false,,10.90,0.0170,true,1,5541
8690777206051,false,חצילים קלויים על האש סארה 650 גר',קוראהן פזלרמה וי דיס,TR,חציל קלוי על האש סרה,גרמים,650.00,100 גרם,false,,10.90,0.0168,true,1,5542
8690777221405,false,פלפל אדום קלוי על האש סארה 650גרם,קוראהן פזלרמה וי דיס,TR,פלפל אדום קלוי על הא,גרמים,650.00,100 גרם,false,,10.90,0.0168,true,1,5543
8690784516440,false,"דאק נוזל ג'ל לניקוי מתקדם בניחות לבנדר 750 מ""ל",SC Jonson,,דאק ג'ל נוזל לניקוי,מיליליטרים,750.00,"100 מ""ל",false,,8.90,0.0119,true,1,6720
8690946270074,false,פסטה ספגטי 500 גרם B,,,פסטה ספגטי 500 גרם B,גרמים,500.00,100 גרם,false,,3.90,0.0078,true,1,451060
8690946270111,false,פסטה פוזלי 500 גרם B,,,פסטה פוזלי 500 גרם B,גרמים,500.00,100 גרם,false,,3.90,0.0078,true,1,451061
8690946270241,false,פסטה קונכיות גדולות,,,פסטה קונכיות גדולות,גרמים,500.00,100 גרם,false,,3.90,0.0078,true,1,451062
8690946272207,false,פסטה פנה 500 גרם BAH,,,פסטה פנה 500 גרם BAH,גרמים,500.00,100 גרם,false,,3.90,0.0078,true,1,451063
8690946272320,false,פסטה מקרוני 500 גרם,,,פסטה מקרוני 500 גרם,גרמים,500.00,100 גרם,false,,3.90,0.0078,true,1,451064
8691058141238,false,ערמונים שלמים קלויים וקלופים 100 ג' Avel,,,AVEL ערמונים שלמים ק,גרמים,100.00,100 גרם,false,,4.90,0.0490,true,1,29927
8691900174032,false,קוטקס תחבושות נורמל 24 יח,,,תחבושות קוטקס נורמל,100 יח',24.00,100 יח',false,,16.90,0.7042,true,1,400217
8691900174056,false,קוטקס תחבושות אולטרה לילה 16 י',,,תחבושות קוטקס לילה,100 יח',16.00,100 יח',false,,16.90,1.0562,true,1,400203
8693357155763,false,סט1 קערה הגשה+6 קערו,,,סט1 קערה הגשה+6 קערו,אין,0.00,יחידה,false,,169.90,0.0000,true,1,435659
8693495052177,false,תחליב רחצה זיתים ואלוורה,קולגייט פלמוליב,TR,פלמוליב נטורלס תחליב,מיליליטרים,750.00,"100 מ""ל",false,,19.90,0.0265,true,1,116108
8697530910781,false,סיגריות פאל מאל אדום מטאליק,גלוברנדס,,פאל מאל רד,אין,0.00,יחידה,false,,29.00,0.0000,false,1,5881
8697826469092,false,טורטיות ראפ בקוטר 20,דין שיווק,TR,טורטיה 540 גרם tort,גרמים,540.00,100 גרם,false,,8.90,0.0165,true,1,6220
8698996006353,false,ממחטות אף 3 שכבות 100 יח',,,ממחטות אף בקרטון 10,אין,0.00,יחידה,false,,9.90,0.0000,true,1,462271
8710502060021,false,עוגיות מאפין רכות 210 ג' מרבה פטיסרי,מרבה,NL,מרבה פטיסרי - עוגיות,גרמים,210.00,100 גרם,false,,10.90,0.0519,true,1,422532
8710502064814,false,עוגיות שוקולד ציפס במרקם רך 175 ג',בנקטבקריי מרבה בי.וי,NL,מרבה עוגיות שוקוציפס,גרמים,175.00,100 גרם,false,,9.90,0.0566,true,1,1247
8710502139017,false,עוגיות מרבה טריפל שוקולד שוקוצ'יפס 180ג',בנקטבקריי מרבה בי.וי,NL,מרבה עוגיות טריפל שו,גרמים,180.00,100 גרם,false,,9.90,0.0550,true,1,1248
8710502260032,false,מרבה עוגיות שוקוצ'יפס 150גרם,בנקטבקריי מרבה בי.וי,NL,מרבה עוגיות שוקולד צ,גרמים,150.00,100 גרם,false,,5.90,0.0393,true,1,402882
8710502279010,false,מרבה עוגיות שוקולד צ'יפס מצופות שוקולד 175 ג',"מרבה בע""מ",NL,מרבה עוגיות שוקולד צ,גרמים,175.00,100 גרם,false,,9.90,0.0566,true,1,53220
8710502470028,false,עוגיות שוקולד צ'יפס ממולאות בקרם נוגט,COLGATE PALMOLIVE,NL,מרבה עוגיות נוגטלי 1,גרמים,160.00,100 גרם,false,,9.90,0.0619,true,1,1249
8710502470035,false,עוגיות מרבה פטיסרי ש,מרבה,NL,מרבה פטיסרי - עוגיות,גרמים,200.00,100 גרם,false,,10.90,0.0545,true,1,422535
8710800027573,false,סוכריות מיני מנטוס פירות שקית 178ג',מנטוס Mentos,NL,מיני מנטוס שקית,גרמים,178.00,100 גרם,false,,12.30,0.0691,true,1,10201
8711000362679,false,לור קפסולות קפה אספרסו קולומביה 52 גר,קריניציה ויטמינה אס,FR,לור קפסולות קפה אספר,גרמים,52.00,100 גרם,false,,15.90,0.3058,true,1,6316
8711000362747,false,קפסולות אספרסו ריסטרטו 10* 52 ג' LOR,גיקובס דאו אגברטס צר,FR,לור קפסולות קפה אספר,גרמים,52.00,100 גרם,false,,15.90,0.3058,true,1,6318
8711000371176,false,קפסולות קפה אספרסו קלאסיקו 10*52 ג' ג'ייקובס,קריניציה ויטמינה אס,FR,ג'ייקובס קפסולות קפה,גרמים,52.00,100 גרם,false,,12.90,0.2481,true,1,6319
8711000371183,false,קפסולות קפה אספרסו אינטנסו 10*52 ג' ג'ייקובס,קריניציה ויטמינה אס,FR,ג'ייקובס קפסולות קפה,גרמים,52.00,100 גרם,false,,12.90,0.2481,true,1,6320
8711000371206,false,קפסולות קפה אספרסו ריסטרטו 10*52 ג' ג'ייקובס,קריניציה ויטמינה אס,FR,ג'ייקובס קפסולות קפה,גרמים,52.00,100 גרם,false,,12.90,0.2481,true,1,6321
8711327475663,false,מגנום פיינט וניל שוקולד לבן 440X8מל,"מפעל גלידות בווספרם,",HU,גלידת שמנת בטעם וניל,גרמים,260.00,100 גרם,false,,21.90,0.0842,true,1,78451
8711327475762,false,פיינט שוקולד לבן עוגיות 260 ג' מגנום,"מפעל גלידות בווספרם,",HU,גלידת שמנת שוקולד לב,גרמים,260.00,100 גרם,false,,21.90,0.0842,true,1,78453
8712000051099,false,"בירה הייניקן 0% אלכהול 330 מ""ל*6 יח'",פארייפאבה אגרואינדוס,NL,הייניקן בירה 0% בק',ארגז,1.98,ליטר,false,,33.90,17.1212,true,1,8728
8712400802499,false,תרכובת מזון המשך לפעוטות על בסיס חלב שלב 1,פרוטרופיק סיה.,NL,נוטרילון שלב 1- 800,גרמים,800.00,100 גרם,false,,64.90,0.0811,true,1,6335
8712400802512,false,תרכובת מזון המשך לפעוטות על בסיס חלב שלב 2,פרוטרופיק סיה.,NL,נוטרילון שלב 2- 800,גרמים,800.00,100 גרם,false,,64.90,0.0811,true,1,6336
8712400802536,false,תרכובת מזון המשך לפעוטות על בסיס חלב שלב 3,פרוטרופיק סיה.,NL,נוטרילון שלב 3- 800,גרמים,800.00,100 גרם,false,,64.90,0.0811,true,1,6337
8714599410530,false,ג'ייקובס קרוננג שקית ריפיל 200ג',גייקובס,UA,גייקובס קפה נמס 200ג,גרמים,200.00,100 גרם,false,,19.90,0.0995,true,1,6327
8714599412336,false,קפה נמס בריסטה אמריקנו קלוי וטחון 160 ג' ג'ייקובס,ג'ייקובס דאו אגברטס,RU,ג'ייקובס בריסטה אמרי,גרמים,160.00,100 גרם,false,,26.90,0.1681,true,1,160923
8714599512159,false,קפה נמס ג'ייקובס 190 גר',"אל.אל.סי ""גייקובס דא",RU,קפה ג'ייקובס 190 גרם,גרמים,190.00,100 גרם,false,,22.90,0.1205,true,1,32184
8714599513781,false,קפה נמס גולד מיובש בהקפאה 200 ג' ג'ייקובס,אל.אל. סי ג''יקובס ד,RU,קפה ג'יקובס גולד 200,גרמים,200.00,100 גרם,false,,26.90,0.1345,true,1,6330
8714599513835,false,קפה ג'יקובס נטול קופאין מיובש בהקפאה 200 ג',ג'ייקובס Jacobs,,קפה ג`יקובס נטול קופ,גרמים,200.00,100 גרם,false,,33.90,0.1695,true,1,6331
8714599513866,false,"ג'ייקובס קרוננג מיובש בהקפאה כשל""פ 200 ג'",אל.אל.סי גייקובס דאו,DE,קפה ג'יקובס קרונונג,גרמים,200.00,100 גרם,false,,26.90,0.1345,true,1,6332
8714789177229,false,מברשת שיניים אקסטרה קלין מדיום - מארז רביעיה,הנסיך- מפעל לייצור ט,CN,מב.שיניים אקסטרא קלי,אין,0.00,יחידה,false,,9.90,0.0000,true,1,14785
8714789303925,false,מברשת שיניים 360 Sensitive אקסטרא סופט - מארז זוג,קולגייט- פלמוליב,CH,זוג מברשת שיניים 360,אין,0.00,יחידה,false,,24.90,0.0000,true,1,14789
8714789402918,false,נוזל לניקוי כללי ולרצפה בניחוח פרחי בר,הנסיך- מפעל לייצור ט,GR,חגיגת הפרחים אדום אג,ארגז,1.50,ליטר,false,,19.90,13.2667,true,1,14790
8714789402932,false,נוזל לניקוי כללי ולרצפה בניחוח ורדים,הנסיך- מפעל לייצור ט,GR,אג'קס חגיגת הפרחים ו,ארגז,1.50,ליטר,false,,19.90,13.2667,true,1,14791
8714789402970,false,נוזל לניקוי כללי ולרצפה בניחוח פרחי אביב,הנסיך- מפעל לייצור ט,GR,אג'קס חגיגת הפרחים י,ארגז,1.50,ליטר,false,,19.90,13.2667,true,1,14792
8714789450315,false,נוזל כלים בניחוח פריחת הלימון,הנסיך- מפעל לייצור ט,GR,פלמוליב שקוף לימון 1,ארגז,1.50,ליטר,false,,15.90,10.6000,true,1,14793
8714789529561,false,קולגייט משחת שיניים סנסטיב להלבנה 111 ג',קולגייט פלמוליב,PL,מש.שיניים סנסטיב הלב,גרמים,75.00,100 גרם,false,,21.90,0.2920,true,1,14794
8714789582764,false,"אג'קס ספריי חלונות פעולה משולשת 750מ""ל","ש. שסטוביץ בע""מ",GR,אגקס חלונות 750מל,מיליליטרים,750.00,"100 מ""ל",false,,14.90,0.0199,true,1,1495
8714789834467,false,פלמוליב נוזל כלים 1.5 ליטר,פלמוליב Palmolive,GR,פלמוליב נוזל כלים 1.,ארגז,1.50,ליטר,false,,15.90,10.6000,true,1,14800
8714789930848,false,"משחת שיניים אופטיק וויט אינסטנט 75 מ""ל קולגייט",הנסיך- מפעל לייצור ט,PL,משחת שיניים אופטיק ו,מיליליטרים,75.00,"100 מ""ל",false,,19.90,0.2653,true,1,14802
8718114734484,false,מיונז מיילי 320 גרם,MAILLE,,מיונז מיילי 320 גרם,גרמים,320.00,100 גרם,false,,13.90,0.0434,true,1,12254
8718951001596,false,ספריי לניקוי אמבטיה מסיר אבנית,הנסיך- מפעל לייצור ט,GR,אגקס ספריי כחול אמבט,מיליליטרים,600.00,"100 מ""ל",false,,12.90,0.0215,true,1,14803
8718951030169,false,משחת שיניים Sensifoam לשיניים רגישות ולהלבנה,קולגייט Colgate,,משחת קולגייט סנסטיב,מיליליטרים,75.00,"100 מ""ל",false,,17.90,0.2387,true,1,14804
8718951030206,false,"קולגייט סנסיטיב מולטי פרוטקשן משחת שיניים 75 מ""ל",קולגייט-פלמוליב,PL,משחת קולגייט סנסטיב,מיליליטרים,75.00,"100 מ""ל",false,,17.90,0.2387,true,1,14805
8718951031241,false,משחת שיניים הגנה מקצ,,,אלמקס משחת שיניים למ,מיליליטרים,75.00,"100 מ""ל",false,,18.90,0.2520,true,1,472088
8718951093331,false,מרידול מברשת שיניים אקסטרה סופט זוג,קולגייט פלמוליב,,מברשת שיניים מרידול,אין,0.00,יחידה,false,,35.90,0.0000,true,1,2418
8718951144064,false,מרידול מברשת שיניים פרודונט אקספרט זוג,מרידול Meridol,,זוג מברשות שיניים פר,אין,0.00,יחידה,false,,35.90,0.0000,true,1,2419
8718951159808,false,מברשות שיניים 360 מדיום- מארז שלישייה,קולגייט פלמוליב,CN,מארז שלישייה מברשת 3,אין,0.00,יחידה,false,,30.90,0.0000,true,1,14815
8718951166288,false,משחת שיניים Max White קריסטלים לבנים,הנסיך- מפעל לייצור ט,PL,קולגייט משחת שיניים,מיליליטרים,125.00,"100 מ""ל",false,,17.90,0.1432,true,1,14818
8718951166561,false,משחת שיניים לרעננות מוגברת max fresh cooling crystals,הנסיך- מפעל לייצור ט,PL,קולגייט משחת שיניים,מיליליטרים,125.00,"100 מ""ל",false,,17.90,0.1432,true,1,14819
8718951175600,false,"משחת שיניים קלין מינט 75 מ""ל קולגייט טוטאל",Unknown,,קולגייט משחת שיניים,מיליליטרים,75.00,"100 מ""ל",false,,12.90,0.1720,true,1,1717
8718951190191,false,אגקס טריגר בוסט לימו,קולגייט פלמוליב פירא,GR,אג'קס טריגר בוסט לימ,מיליליטרים,500.00,"100 מ""ל",false,,14.90,0.0298,true,1,14828
8718951236783,false,"משחת שיניים קולגייט טוטל פרש 100 מ""ל",,,משחת שיניים טוטאל פס,מיליליטרים,100.00,"100 מ""ל",false,,13.90,0.1390,true,1,31937
8718951236790,false,"קולגייט טוטאל משחת שיניים קלין מינט לפה בריא 100 מ""ל",קולגייט Colgate,PL,משחת שיניים קלין מינ,מיליליטרים,100.00,"100 מ""ל",false,,16.90,0.1690,true,1,14831
8718951236806,false,"קולגייט טוטאל הלבנה להסרת כתמים מהשן 100 מ""ל",קולגייט Colgate,PL,מש.שיניים להלבנה קול,מיליליטרים,100.00,"100 מ""ל",false,,16.90,0.1690,true,1,14832
8718951240742,false,"קולגייט טוטאל משחת שיניים פסים מרעננים 100 מ""ל",קולגייט Colgate,PL,מש.שיניים פסים מרעננ,גרמים,128.00,100 גרם,false,,16.90,0.1320,true,1,14834
8718951264618,false,"קולגייט אופטיק וייט פחם צ'רקול משחת שיניים, 75 מ""ל",קולגייט-פלמוליב,PL,קולגייט אופטיק וייט,מיליליטרים,75.00,"100 מ""ל",false,,27.90,0.3720,true,1,14837
8718951315303,false,משחת שיניים קולגייט הגנה מקסימלית - מארז זוג,קולגייט-פלמוליב,PL,משחת שיניים קולגייט,מיליליטרים,200.00,"100 מ""ל",false,,19.90,0.0995,true,1,14843
8718951334151,false,"מרכך כביסה מרוכז היפואלרגני סופלין 650 מ""ל",,GR,סופלין מרכך כביסה מר,מיליליטרים,650.00,"100 מ""ל",false,,11.90,0.0183,true,1,381541
8718951345119,false,"אג'קס לניקוי כללי עוצמת 7 היביסקוס, 2 ל'",הנסיך- מפעל לייצור ט,GR,אג'קס ניקוי כללי עוצ,ארגז,2.00,ליטר,false,,22.90,11.4500,true,1,41620
8718951366015,false,"קולגייט - משחת שיניים אופטיק וויט אקס קומפ 75 מ""ל",,,משחת שיניים אופטיק ו,מיליליטרים,75.00,"100 מ""ל",false,,49.90,0.6653,true,1,458086
8718951370135,false,"סבון נוזלי ארומה סנסיישן גלואו 750 מ""ל פלמוליב",קולגייט פלמוליב,TR,פלמוליב ג'ל רחצה ארו,מיליליטרים,750.00,"100 מ""ל",false,,19.90,0.0265,true,1,116478
8718951382664,false,"פלמוליב ג'ל רחצה חימר טונוס 750 מ""ל",קולגייט פלמוליב,TR,ג'ל רחצה חימר טונוס,מיליליטרים,750.00,"100 מ""ל",false,,19.90,0.0265,true,1,14853
8718951382718,false,"פלמוליב ג'ל רחצה חימר התחדשות 750 מ""ל",קולגייט פלמוליב,TR,ג'ל רחצה חימר התחדשו,מיליליטרים,750.00,"100 מ""ל",false,,19.90,0.0265,true,1,14854
8718951382787,false,"משחת שיניים אופטיק וויט חימר ומינרלים 75 מ""ל קולגייט",קולגייט Colgate,PL,משחת שיניים אופטיק ו,מיליליטרים,75.00,"100 מ""ל",false,,27.90,0.3720,true,1,245101
8718951385290,false,אגקס לניקוי כללי כחול 2 ל',קולגייט פלמוליב,GR,אג'קס ניקוי כללי עוצ,ארגז,2.00,ליטר,false,,22.90,11.4500,true,1,57115
8718951400474,false,"תחליב רחצה קמליה ושקדים ללא משאבה750 מ""ל פלמולי",,,תחליב רחצה קמליה ושק,מיליליטרים,750.00,"100 מ""ל",false,,19.90,0.0265,true,1,398185
8718951400597,false,"תחליב רחצה קוקוס וחלב ללא משאבה750 מ""ל פלמוליב",פלמוליב Palmolive,,תחליב רחצה קוקוס וחל,מיליליטרים,750.00,"100 מ""ל",false,,19.90,0.0265,true,1,398171
8718951409798,false,זוג מברשות שיניים מקס וויט פחם קולגייט,הנסיך- מפעל לייצור ט,CN,קולגייט מברשת שיניים,אין,0.00,יחידה,false,,24.90,0.0000,true,1,83899
8718951428492,false,"ג'ל רחצה לגבר 4 ב -1 מועשר בפחם פלמוליב 750 מ""ל",CP - Turkey+60,TR,תחליב רחצה לגבר 4 ב-,מיליליטרים,750.00,"100 מ""ל",false,,19.90,0.0265,true,1,252589
8718951431614,false,"סבון רחצה סו פירם מינרלים 750 מ""ל פלמוליב",קולגייט פלמוליב,TR,ג'ל רחצה פלמוליב So,מיליליטרים,750.00,"100 מ""ל",false,,19.90,0.0265,true,1,136547
8718951433120,false,"קולגייט טוטאל ג'וניור 7-12 50 מ""ל",קולגייט פלמוליב,PL,משחת שיניים קולגייט,מיליליטרים,50.00,"100 מ""ל",false,,17.90,0.3580,true,1,420257
8718951443358,false,"סבון ידיים הגיינה פלמוליב מארז 3*300 מ""ל",CP UK,TR,פלמוליב סבון ידיים ה,מיליליטרים,900.00,"100 מ""ל",false,,24.90,0.0277,true,1,84012
8718951446564,false,"סבון נוזלי מומנטס עץ אלגום ולבנדר 500 מ""ל פלמוליב",,,סבון נוזלי מומנטס עץ,מיליליטרים,500.00,"100 מ""ל",false,,15.90,0.0318,true,1,314905
8718951466371,false,משחת שיניים מרידול 7,קריות זול,PL,משחת שיניים מרידול 7,מיליליטרים,75.00,"100 מ""ל",false,,19.90,0.2653,true,1,420766
8718951509627,false,"משחת שיניים אופטיק וויט לאוהבי קפה 75 מ""ל קולגייט",קולגייט פלמוליב,PL,קולגייט וואייט להסרת,אין,0.00,יחידה,false,,27.90,0.0000,true,1,337106
8719200997998,false,מרגרינה למריחה בישול וטיגון 200 ג' בלו בנד,יוניליוור,IL,בלו בנד לבישול וטיגו,גרמים,200.00,100 גרם,false,,4.90,0.0245,true,1,6437
8719200998001,false,מרגרינה לאפיה ובישול בלי מלח 200 ג' בלו בנד,מיוצר עי קונדיטוריית,IL,בלו בנד ללא מלח 200,גרמים,200.00,100 גרם,false,,4.90,0.0245,true,1,6438
8719200998018,false,מחמאה מרגרינה בטעם חמאה 200 ג' בלו בנד,פארייפאבה אגרואינדוס,IL,מחמאה מרגרינה בטעם ח,גרמים,200.00,100 גרם,false,,4.90,0.0245,true,1,6439
8719200998032,false,מזולה גלורי טעם חמאה 250ג',פארייפאבה אגרואינדוס,IL,מזולה בטעם חמאה 250,גרמים,250.00,100 גרם,false,,9.20,0.0368,true,1,6441
8719200998094,false,מרגרינה מזולה בטעם טבעי ללא תוספת מלח,"מיוצר ע""י יוניליוור",IL,מזולה מרגרינה לאפייה,גרמים,200.00,100 גרם,false,,6.90,0.0345,true,1,6445
8719200998100,false,מרגרינה בטעם חמאה לאפייה 200 ג' מזולה,פארייפאבה אגרואינדוס,IL,מזולה מרגרינה לאפייה,גרמים,200.00,100 גרם,false,,6.90,0.0345,true,1,6446
8720100012445,false,בקרסלנד וופל טוסט בל,דה בנקט גרופ,,וופל טוסט בלגי 250 ג,גרמים,250.00,100 גרם,false,,9.90,0.0396,true,1,412179
8721200060107,false,בקרסלנד סטרופ וופל ה,דה בנקט גרופ,,סטרופ וופל הולנדי 25,גרמים,250.00,100 גרם,false,,9.90,0.0396,true,1,412165
8722700197508,false,גלייז חומץ בלסמי 250,,,גלייז חומץ בלסמי 250,מיליליטרים,250.00,"100 מ""ל",false,,43.90,0.1756,true,1,419707
8723400756552,false,מארז סוכריות מנטוס Mentos ריינבואו,פרפטי ואן מלה ברדה,NL,RAINBOW רביעית סוכרי,גרמים,150.00,100 גרם,false,,10.90,0.0727,true,1,1235
8801055707966,false,קפה טייסטר צו'יס נס קפה בריסטה 180ג',נסטלה קוריאה - קפה,IL,נס קפה טייסטרס צ'ויס,גרמים,180.00,100 גרם,false,,29.90,0.1661,true,1,13577
8801055709427,false,נסקפה טייסטרס צ'ויס אלטה ריקה 100 ג',לוטה נסטלה קוריאה,KR,נסקפה טייסטרס צ'ויס,גרמים,100.00,100 גרם,false,,23.90,0.2390,true,1,158453
8801055709458,false,אבקה להכנת משקה קפה בטעם קפוצ'ינו קרמל,נסטלה קוריאה - קפה,,נסקפה קפוצ'ינו קרמל,גרמים,170.00,100 גרם,false,,18.90,0.1112,true,1,384961
8801055709465,false,אבקה להכנת משקה קפה בטעם קפוצ'ינו וניל,נסטלה קוריאה - קפה,DE,נסקפה קפוצ'ינו וניל,גרמים,185.00,100 גרם,false,,18.90,0.1022,true,1,273461
8801055709472,false,נסטלה - נסקפה קפוצ'ינו קלאסי 12.50 גרם * 10,נסטלה קוריאה - קפה,DE,נסקפה קפוצ'ינו קלאסי,גרמים,185.00,100 גרם,false,,18.90,0.1022,true,1,273462
8801055709489,false,אבקה להכנת משקה קפה בטעם קפוצ'ינו אגוזים,נסטלה קוריאה - קפה,,נסקפה קפוצ'ינו אגוזי,גרמים,185.00,100 גרם,false,,18.90,0.1022,true,1,273463
8803733059190,false,מארז 5 קופסאות LOCK,,,מארז 5 קופסאות LOCK,אין,0.00,יחידה,false,,169.90,0.0000,true,1,26471
8803733180788,false,"קופסא 807 -470 מ""ל עם מכסה ורוד/כחול/צהוב",,,"קופסא807 -470מ""ל L&L",אין,0.00,יחידה,false,,29.90,0.0000,true,1,26491
8803733180986,false,קופסאת 809 1.3 ליטר,,,קופסאת 809 1.3 ליטר,אין,0.00,יחידה,false,,49.90,0.0000,true,1,26493
8803733181525,false,"קופסא 850 מ""ל 815M",,,"קופסא 850 מ""ל 815M",אין,0.00,יחידה,false,,36.90,0.0000,true,1,26495
8803733181716,false,קופסא 1.4 ליטר 817H,,,קופסא 1.4 ליטר 817H,אין,0.00,יחידה,false,,45.90,0.0000,true,1,26498
8803733182218,false,קופסא 1.2 ליטר 822D עם מכסה ורוד/כחול/צהוב,,,קופסא 1.2 ליטר - L,אין,0.00,יחידה,false,,42.90,0.0000,true,1,26500
8803733813020,false,קופסת ואקום לקמח 813,,,קופסת ואקום לקמח 813,אין,0.00,יחידה,false,,59.90,0.0000,true,1,26507
8809168840471,false,חטיף אצות מיובשות מז,Theppadungporn cocon,KR,חטיף אצות מיובשות 9,גרמים,4.50,100 גרם,false,,24.90,5.5333,true,1,306414
8850180040028,false,קמח טמפורה להכנת בלי,קרנחם אוטאי פחרה,TH,קמח טמפורה להכנת בלי,גרמים,500.00,100 גרם,false,,10.90,0.0218,true,1,431021
8850206250592,false,רוטב צ'ילי סריראצ'ה 540 גרם (מזרח ומערב),יאן וואל יון קו.לטד,TH,רוטב צ'ילי סיראצ'ה מ,גרמים,540.00,100 גרם,false,,19.90,0.0369,true,1,306386
8850206280049,false,רוטב צילי חריף מיו 2,Yan Wal Yun Corpora,TH,רוטב צ'ילי חריף צ'יל,גרמים,250.00,100 גרם,false,,16.90,0.0676,true,1,431654
8850367992164,false,קרם קוקוס ללא גלוטן,טאפ פאד ונגפורן,CN,קרם קוקוס ללא גלוטן,גרמים,250.00,100 גרם,false,,7.90,0.0316,true,1,306235
8850367994779,false,מחית קארי ירוקה מזרח,טאפאדונגפורן קוקינט,TH,מחית קארי ירוקה מזרח,גרמים,50.00,100 גרם,false,,5.90,0.1180,true,1,431169
8850367994786,false,מחית קארי אדומה מזרח,טאפאדונגפורן קוקינט,TH,מחית קארי אדומה מזרח,גרמים,50.00,100 גרם,false,,5.90,0.1180,true,1,431170
8850389103128,false,"סאפה אלוורה תפוח 300מ""ל",סאפה פובליק קומפני ל,TH,סאפה משקה אלוורה תפו,מיליליטרים,300.00,"100 מ""ל",false,,6.40,0.0213,true,1,24981
8850389105825,false,סאפה אלוורה ענבים 1ליטר,סאפה פובליק קומפני ל,TH,סאפה משקה אלוורה ענב,ארגז,1.00,ליטר,false,,13.50,13.5000,true,1,24984
8850389105849,false,משקה אלוורה בטעם אפרסק,סאפה פובליק קומפני ל,TH,סאפה משקה אלוורה אפר,ארגז,1.00,ליטר,false,,13.50,13.5000,true,1,24986
8850389115336,false,סאפה מלון בקבוק תריסר 1ל',סאפה פובליק קומפני ל,TH,סאפה משקה מלון 1ל,ארגז,1.00,ליטר,false,,13.50,13.5000,true,1,24992
8850632604259,false,חיספוסים ממתק בטעם תות שדה בצורת מקלות,ג'נרל קנדי בעמ,TH,יוגטה חיספוסים מקלות,גרמים,50.00,100 גרם,false,,3.90,0.0780,true,1,26052
8850632604266,false,יוגטה מקלות חמוצות בטעם קולה 50 גרם 24 יח',ג'נרל קנדי בעמ,TH,יוגטה חיספוסים מקלות,גרמים,50.00,100 גרם,false,,3.90,0.0780,true,1,26053
8850632604372,false,יוגטה מקלות חמוצות שטיח - תות שדה 50 גרם,ג'נרל קנדי בעמ,TH,יוגטה ממתק תות שדה ב,גרמים,50.00,100 גרם,false,,3.90,0.0780,true,1,26054
8850632604402,false,יוגטה מקלות חמוצות שטיח בטעם מעורב24 יח',"ג'נרל קנדי בע""מ",TH,יוגטה ממתק תות ענבים,גרמים,50.00,100 גרם,false,,3.90,0.0780,true,1,26055
8851613101378,false,משקה קוקוס ארוי-די,כלורוקס אוקלנד,TH,משקה קוקוס ארוי-די,מיליליטרים,250.00,"100 מ""ל",false,,9.90,0.0396,true,1,1338
8852633020403,false,פניני טפיוקה מזרח ומ,Super J Internationa,TH,פניני טפיוקה מזרח ומ,גרמים,500.00,100 גרם,false,,11.90,0.0238,true,1,431371
8858271002870,false,רוטב פאד תאי מזרח ומ,"ייאן וואל יון בע""מ",TH,רוטב פאד תאי MAXCHUP,מיליליטרים,250.00,"100 מ""ל",false,,9.90,0.0396,true,1,431625
8858271002887,false,רוטב טריאקי 250 מ'ל - מקסצ'אפ,דאנינג יוה פודס קו,TH,רוטב טריאקי MAXCHUP,מיליליטרים,250.00,"100 מ""ל",false,,10.90,0.0436,true,1,431522
8858271003020,false,רוטב סויה פורמולה 1 - 700 מ'ל מקסצ'אפ,יאן ונזל יון,TH,רוטב סויה MAXCHUP מז,מיליליטרים,700.00,"100 מ""ל",false,,14.90,0.0213,true,1,29299
8858271003075,false,רוטב סויה מתוקה מקסצ,דאנינג יוה פודס קו,TH,רוטב סויה מתוק MAXCH,מיליליטרים,700.00,"100 מ""ל",false,,16.90,0.0241,true,1,431581
8858271003921,false,רוטב קארי אדום מקסצ',יאן וואל יאן,TH,רוטב קארי אדום MAXCH,מיליליטרים,250.00,"100 מ""ל",false,,9.90,0.0396,true,1,431713
8858271003938,false,רוטב קארי ירוק מקסצא,"ייאן וואל יון בע""מ",TH,רוטב קארי ירוק MAXCH,מיליליטרים,250.00,"100 מ""ל",false,,9.90,0.0396,true,1,431714
8858271004034,false,רוטב צילי חריף מקסצו,דאנינג יוה פודס קו,TH,רוטב צ'ילי חריף MAXC,מיליליטרים,700.00,"100 מ""ל",false,,15.90,0.0227,true,1,431669
8858271004126,false,רוטב חמוץ מתוק 700 מ'ל - מקסצ'אפ,יאן ונזל יון,TH,רוטב חמוץ מתוק MAXCH,מיליליטרים,700.00,"100 מ""ל",false,,14.90,0.0213,true,1,431449
8858271004799,false,רוטב צ'ילי מתוק מזרח,יאן ונזל יון,TH,רוטב צ'ילי מתוק מזרח,מיליליטרים,700.00,"100 מ""ל",false,,12.90,0.0184,true,1,306345
8858271005451,false,רוטב סויה פורמולה מק,Yan Wal Yun Corpora,TH,רוטב סויה בהיר-פורמו,מיליליטרים,700.00,"100 מ""ל",false,,9.90,0.0141,true,1,431610
8858271005772,false,רוטב סויה מקסצ'פ ללא,יאן ונזל יון,TH,רוטב סויה ללא גלוטן,מיליליטרים,300.00,"100 מ""ל",false,,16.90,0.0563,true,1,306372
8888021200720,false,סוללת אנרגייזר שמיני,יצרן: אנרג'ייזר סינג,SG,AAAאנרג'ייזר סוללות,אין,0.00,יחידה,false,,24.90,0.0000,true,1,6740
8901314308436,false,קולגייט - מברשת שיניים זיג זג 6 יחידות,,,מברשת שיניים שישייה,אין,0.00,יחידה,false,,12.90,0.0000,true,1,285643
8901537024014,false,"אורז בסמטי מובחר 1 ק""ג - דוואט) יורה דיעה",הנסיך- מפעל לייצור ט,IN,וילי פוד אורז בסמטי,גרמים,1000.00,100 גרם,false,,12.90,0.0129,true,1,5550
8934868127130,false,"Sunlight נוזל כלים 750 מ""ל +משאבה",,,נוזל כלים סאן בניחוח,מיליליטרים,750.00,"100 מ""ל",false,,9.90,0.0132,true,1,76051
8934878081811,false,"דפי אורז 22 ס""מ 400 גר'(Trav) ללא גלוטן",דאנינג יוה פודס קו,CN,דפים על בסיס קמח טפי,גרמים,400.00,100 גרם,false,,11.90,0.0298,true,1,305022
9000101380255,false,דיסקס לכביסה ניקיון הגייני 22 יח' פרסיל,פרסיל Persil,,פרסיל דיסקס לכביסה ל,יח',22.00,יח',false,,34.90,1.5864,true,1,112892
9000101418163,false,"סבון אסלה בניחוח מתחלף תפוח ירוק נופר, 3 יחידות",ברף Bref,,ברף בניחוח מתחלף תפו,גרמים,150.00,100 גרם,false,,19.90,0.1327,true,1,366269
9000101511635,false,קפסולות ג'ל לכביסה פרסיל דיסקס לעור רגיש,פרסיל Persil,HU,פרסיל דיסקס סנסיטיב,יח',22.00,יח',false,,34.90,1.5864,true,1,365961
9000101512526,false,פרסיל - פאוור קאפס קפסולות ג'ל מרוכזות לכביסה 26 יח',קריות זול,,פרסיל פאוור קאפס לכב,יח',26.00,יח',false,,34.90,1.3423,true,1,365962
9000101515596,false,קפסולות ג'ל מרוכזות לכביסה צבעונית 56 יח' פרסיל,,,פרסיל פאוור קאפס קפס,אין,0.00,יחידה,false,,58.90,0.0000,true,1,126033
9000101521436,false,סבון אסלה בניחוח מתחלף לוטוס במבוק 50 ג' ברף,,,כדוריות לאסלה Bref,גרמים,50.00,100 גרם,false,,9.90,0.1980,true,1,130581
9000101537581,false,פרסיל קאפסולות לכביסה צבעונית 52 יחידו,הנקל סוד,HU,פרסיל פאוור קאפס קפס,אין,0.00,יחידה,false,,58.90,0.0000,true,1,352257
9001616202186,false,"בקבוק לתינוק 330 מ""ל 4+ חודשים Easy Active",טרופיקל דגיל תעשיות,AU,"בקבוק תינוק 330 מ""ל",אין,0.00,יחידה,false,,37.90,0.0000,true,1,4150
9001616202360,false,זוג מוצצי סיליקון זוהר בחושך 6+ חודשים Original Night,מאם Mam,,זוג מוצצים סיליקון 6,יח',2.00,יח',false,,38.70,19.3500,true,1,4151
9002859053825,false,שוקולד סטיקס מריר קפ,,,שוקולד סטיקס מריר קפ,גרמים,75.00,100 גרם,false,,11.90,0.1587,true,1,416421
9002859053849,false,שוקולד סטיקס מריר תפ,,,שוקולד סטיקס מריר תפ,גרמים,75.00,100 גרם,false,,11.90,0.1587,true,1,416422
9002859058172,false,גונץ-בננה ציפוי שוקולד מריר 300ג',GUNZ WARENHANDELS,AT,בננה ציפוי שוקולד מר,גרמים,300.00,100 גרם,false,,14.90,0.0497,true,1,416319
9002859105630,false,גונץ מרציפן מצופה שוק חלב ונוגט 75גר,,,מרציפן מצופה שוקולד,גרמים,75.00,100 גרם,false,,10.90,0.1453,true,1,416363
9005835313609,false,קלרו טבליות למדיח כלים 15 יחידות CLARO,,,טבליות למדיח כלים 15,גרמים,350.00,100 גרם,false,,14.90,0.0426,true,1,269230
9008700128575,false,נקטר פסיפלורה 1 ל' RAUCH,ראוך Rauch,,נקטר פסיפלורה 1 ליטר,ארגז,1.00,ליטר,false,,11.20,11.2000,true,1,16351
9008700155458,false,נקטר ראוך גויאבה 1 ל,Rauch fruchtsafte gm,,נקטר גויאבה 1 ליטר,ארגז,1.00,ליטר,false,,11.20,11.2000,true,1,16355
9028800639962,false,אדלוויס הפרטובה בירת,,,אדלוויס הפרטובה בירת,מיליליטרים,330.00,"100 מ""ל",false,,10.90,0.0330,true,1,459063
9044400820180,false,פז סוכריות דחוסות בטעם פירות 25.50גרם,,,סוכריות פז -סוכריות,גרמים,25.50,100 גרם,false,,9.90,0.3882,true,1,127055
9044400851672,false,סוכריות פז סוגים שונים + 3 מילויים,פז פרודוקשיין,HU,פז דמויות מתחלפות 25,גרמים,25.50,100 גרם,false,,10.90,0.4275,true,1,386735
9120097310545,false,חטיף מיני מיניונים מצונן 102.5 גרם א.חלב נוכרי,,IT,חטיף מיני מיניונים מ,גרמים,102.50,100 גרם,false,,14.90,0.1454,true,1,469088
9310072028750,false,טים טם Tim Tam וופל שוקולד ציפוי כפול,"ארנוטס ביסקוויטס בע""",AU,טים טם קרם דאבל 200,גרמים,200.00,100 גרם,false,,15.90,0.0795,true,1,10805
9322969000015,false,פריכיות תירס בטעם אורגינל ריל פודס 150 ג',אף.סי תבליני בגליל ב,AU,פריכיות תירס בטעם או,גרמים,150.00,100 גרם,false,,11.90,0.0793,true,1,6744
9322969000022,false,פריכיות תירס עם סויה וזרעי פשתן ללא גלוטן,אף.סי תבליני בגליל ב,AU,פריכיות תירס עם סויה,גרמים,150.00,100 גרם,false,,11.90,0.0793,true,1,6745
9322969000053,false,פריכיות אורז מלא 150 ג' RICE THINS,סנו מפעלי ברונוס.,IT,פריכיות אורז מלא ריל,גרמים,150.00,100 גרם,false,,11.90,0.0793,true,1,214315
9414202045911,false,תיק צדנית 5.5 ליטר,,,תיק צדנית 5.5 ליטר,אין,0.00,יחידה,false,,49.90,0.0000,true,1,393393
9421018071508,false,יין מאד האוס סוביניו,קוואליטי ווין,NZ,יין מאד האוס סוביניו,מיליליטרים,750.00,"100 מ""ל",false,,69.90,0.0932,true,1,294679
9720188050109,false,טופוטי ממרח טופו בטעם גבינה 227 ג`,טופוטי ברנדס אינק.ג',IL,טופוטי ממרח טופו בטע,גרמים,225.00,100 גרם,false,,18.90,0.0840,true,1,7207
9720188060108,false,טופוטי ממרח על בסיס סויה בסגנון שמנת 340ג',טופוטי ברנדס אינק.ג',IL,טופוטי ממרח טופו בטע,גרמים,340.00,100 גרם,false,,18.90,0.0556,true,1,7208
9771565038319,false,עיתון ידיעות אחרונות,,,ידיעות אחרונות יום א,אין,0.00,יחידה,false,,0.50,0.0000,true,1,8915
9771565038326,false,עיתון ידיעות אחרונות,,,ידיעות אחרונות יום ב,אין,0.00,יחידה,false,,0.50,0.0000,true,1,8916
9771565038333,false,עיתון ידיעות אחרונות,,,ידיעות אחרונות יום ג,אין,0.00,יחידה,false,,0.50,0.0000,true,1,8917
9771565038340,false,עיתון ידיעות אחרונות,,,ידיעות אחרונות יום ד,אין,0.00,יחידה,false,,0.50,0.0000,true,1,8918
9771565038357,false,עיתון ידיעות אחרונות,,,ידיעות אחרונות יום ה,אין,0.00,יחידה,false,,0.50,0.0000,true,1,8919
9771565051066,false,ידיעות אחרונות יום ו,,,ידיעות אחרונות יום ו,אין,0.00,יחידה,false,,12.00,0.0000,true,1,8931
