code,internal_code,name,manufacturer_name,manufacture_country,manufacturer_item_description,unit_qty,quantity,unit_of_measure,weighted,qty_in_package,price,unit_of_measure_price,allow_discount,status,item_id
0,false,קפוצינו גדול-יילו ק,יפאורה שותפות מובגלת,IL,PosSrv Item6055,,100.00,100 גרם,false,1,12.90,12.90,true,1,6055
0,false,קפוצינו גדול-יילו ק,יפאורה שותפות מובגלת,IL,PosSrv Item9909,,500.00,"100 מ""ל",false,1,10.60,2.12,true,1,9909
0,false,קפוצינו גדול-יילו ק,יפאורה שותפות מובגלת,IL,PosSrv Item6030,,0.00,,false,1,8.00,0.00,true,1,6030
0,false,קפוצינו גדול-יילו ק,יפאורה שותפות מובגלת,IL,PosSrv Item6555,,250.00,"100 מ""ל",false,1,8.60,3.44,true,1,6555
0,false,קפוצינו גדול-יילו ק,יפאורה שותפות מובגלת,IL,PosSrv Item5758,,500.00,100 גרם,false,1,7.00,1.40,true,1,5758
0,false,קפוצינו גדול-יילו ק,יפאורה שותפות מובגלת,IL,PosSrv Item6029,,0.00,,false,1,12.00,0.00,true,1,6029
3453,true,חלב סויה מועשר 1 ל,,,חלב סויה מועשר 1 ל,,0.00,,false,,12.40,0.00,true,1,15011
78798,true,עד חצות ביסקויט מרי,,,עד חצות ביסקויט מרי,,0.00,,false,,17.90,0.00,true,1,15012
498805,true,אוזני המן בטעמים,,,אוזני המן בטעמים,,0.00,,false,,18.00,0.00,true,1,6895
591643,true,מצות ראשון,,,מצות ראשון,,0.00,,false,,40.00,0.00,true,1,15266
591797,true,שוקומצה 200גרם,,,שוקומצה 200גרם,,0.00,,false,,21.00,0.00,true,1,15267
598369,true,קמח מצה יהודה,,,קמח מצה יהודה,,0.00,,false,,9.00,0.00,true,1,15311
1327906,true,שוטס תות בננה,,,שוטס תות בננה,,0.00,,false,,11.80,0.00,true,1,281
1778491,true,שישית ביצי אומגה,,,שישית ביצי אומגה,,0.00,,false,,14.00,0.00,true,1,13692
2026938,true,שורטי קון סוויט קון,,,שורטי קון סוויט קון,,0.00,,false,,11.80,0.00,true,1,12215
2026945,true,שורטי ע.גבינה עם תות,,,שורטי ע.גבינה עם תות,,0.00,,false,,11.80,0.00,true,1,12216
2881920,true,מרלבורו גולד 1 חפיסה,,,מרלבורו גולד 1 חפיסה,,0.00,,false,,35.50,0.00,false,1,56
2958291,true,טי אל וי בלנד,,,טי אל וי בלנד,,0.00,,false,,300.00,0.00,false,1,12614
3457946,true,מגנום שקדים,,,מגנום שקדים,,0.00,,false,,12.50,0.00,true,1,288
5579059,true,מפזר חום שוכב/עומד,,,מפזר חום שוכב/עומד,,0.00,,false,,59.00,0.00,false,1,14675
5579073,true,תנור אינפרא לאמבטיה,,,תנור אינפרא לאמבטיה,,0.00,,false,,69.00,0.00,false,1,13509
5580314,true,תנור קורן מסתובב,,,תנור קורן מסתובב,,0.00,,false,,199.00,0.00,false,1,13653
5811067,true,מצה מחיטה מלאה,,,מצה מחיטה מלאה,,0.00,,false,,18.00,0.00,true,1,15265
6764768,true,bירנדה אוכמניות תפוז,,,bירנדה אוכמניות תפוז,,0.00,,false,,8.90,0.00,true,1,14685
10002078,false,מימון פלפל שחור טחון,Unknown,,מימון פלפל שחור טחון,,0.00,,false,1,17.50,0.00,true,1,16193
10002146,false,מימון פפריקה מרוקאית,Unknown,,מימון פפריקה מרוקאית,,0.00,,false,1,14.50,0.00,true,1,16242
10002207,false,מימון קינמון טחון,Unknown,,מימון קינמון טחון,,0.00,,false,1,14.50,0.00,true,1,16243
10002351,false,מימון זעתר ושומשום,Unknown,,מימון זעתר ושומשום,,0.00,,false,1,14.50,0.00,true,1,16194
10113651,false,בסט טישו בקופסא 150,Unknown,,בסט טישו בקופסא 150,,100.00,יחידה,false,1,7.00,0.07,true,1,12154
10116348,false,מיקס חטיפי עלית 390ג,Unknown,,מיקס חטיפי עלית 390ג,,390.00,100 גרם,false,1,30.00,7.69,true,1,15652
10117864,false,דוריטוס חריף אש 70גר,Unknown,,דוריטוס חריף אש 70גר,,70.00,100 גרם,false,1,6.90,9.86,true,1,2460
10117970,false,סבבה בוטנים 50 גר,Unknown,,סבבה בוטנים 50 גר,,50.00,100 גרם,false,1,3.00,6.00,true,1,5129
10125524,false,עוגת דבש ארוך אנטיקב,Unknown,,עוגת דבש ארוך אנטיקב,,0.00,,false,1,15.90,0.00,false,1,17642
10133574,false,SMART אוכמניות אייס,Unknown,,SMART אוכמניות אייס,,0.00,,false,1,89.90,0.00,false,1,17643
10133581,false,SMART3000 תות אייס,Unknown,,SMART3000 תות אייס,,0.00,,false,1,89.90,0.00,false,1,17644
10133598,false,SMART 3000 Mango,Unknown,,SMART 3000 Mango,,0.00,,false,1,89.90,0.00,false,1,17645
10133604,false,SMART3000 ענבים אייס,Unknown,,SMART3000 ענבים אייס,,0.00,,false,1,89.90,0.00,false,1,17646
10133611,false,SMART3000 פירות אייס,Unknown,,SMART3000 פירות אייס,,0.00,,false,1,89.90,0.00,false,1,17647
10133628,false,SMART 3000 מלון אייס,Unknown,,SMART 3000 מלון אייס,,0.00,,false,1,89.90,0.00,false,1,17648
10237531,false,פפסי 500מל,Unknown,,פפסי 500מל,,500.00,"100 מ""ל",false,1,8.90,1.72,true,1,11500
10237548,false,פפסי מקס בקבוק 500 מ,Unknown,,פפסי מקס בקבוק 500 מ,,500.00,"100 מ""ל",false,1,8.90,1.72,true,1,1037
10237562,false,מירנדה 500מל,Unknown,,מירנדה 500מל,,500.00,"100 מ""ל",false,1,8.90,1.72,true,1,11501
10237579,false,סבן אפ 500מל,Unknown,,סבן אפ 500מל,,500.00,"100 מ""ל",false,1,8.90,1.72,true,1,11502
10237586,false,סבן אפ דיאט בק 500,Unknown,,סבן אפ דיאט בק 500,,500.00,"100 מ""ל",false,1,8.90,1.72,true,1,999
10237685,false,הייניקן בקבוק 330,Unknown,,הייניקן בקבוק 330,,330.00,"100 מ""ל",false,1,16.90,5.03,true,1,1040
10259977,false,ויליפוד שמן קנולה 1ל,Unknown,,ויליפוד שמן קנולה 1ל,,0.00,,false,1,12.50,0.00,true,1,16171
10328246,false,טחינה שומשום מלא,Unknown,,טחינה שומשום מלא,,0.00,,false,1,13.90,0.00,true,1,16508
10429554,true,שמן זית תיבול עדין,,,שמן זית תיבול עדין,,0.00,,false,,49.90,0.00,true,1,13628
10464005,false,לורד סלט קוסקוס+ירקו,Unknown,,לורד סלט קוסקוס+ירקו,,350.00,100 גרם,false,1,18.00,5.14,true,1,2758
10464098,false,לורד טוסט צהובה,Unknown,,לורד טוסט צהובה,,220.00,100 גרם,false,1,18.00,8.18,true,1,2208
10464197,false,כריך טונה כשלפ,Unknown,,כריך טונה כשלפ,,0.00,,false,1,18.00,0.00,true,1,4166
10464258,false,כריך פסטרמה-כשלפ,Unknown,,כריך פסטרמה-כשלפ,,0.00,,false,1,18.00,0.00,true,1,4165
10464265,false,כריך ג.צהובה כשלפ,Unknown,,כריך ג.צהובה כשלפ,,0.00,,false,1,18.00,0.00,true,1,4167
10464388,false,לורד מוזלי-בריאות 3%,Unknown,,לורד מוזלי-בריאות 3%,,300.00,100 גרם,false,1,16.00,5.33,true,1,3086
10464968,false,כריך מיני צהובה בדצ,Unknown,,כריך מיני צהובה בדצ,,0.00,,false,1,11.00,0.00,true,1,10953
10464982,false,לורד סלט פסטה ושרי,Unknown,,לורד סלט פסטה ושרי,,250.00,100 גרם,false,1,18.00,7.20,true,1,7849
10471669,false,דנונה בר תות קורנפלק,Unknown,,דנונה בר תות קורנפלק,,170.00,100 גרם,false,1,6.20,3.65,true,1,910
10569120,false,גלידה פסק זמןנוגט+קר,Unknown,,גלידה פסק זמןנוגט+קר,,73.00,100 גרם,false,1,11.50,15.75,true,1,888
10582037,false,פלפל גמדי טינקרבל,Unknown,,פלפל גמדי טינקרבל,,0.00,,false,1,9.90,0.00,true,1,16051
10672943,false,1/3 בגט כשלפ,Unknown,,1/3 בגט כשלפ,,0.00,,false,1,6.90,0.00,false,1,16582
10827220,false,מגבוני ניקוי וחיטוי,Unknown,,מגבוני ניקוי וחיטוי,,1.00,יחידה,false,1,25.00,25.00,false,1,13881
10827480,false,מגבונים לחים פרש72דף,Unknown,,מגבונים לחים פרש72דף,,72.00,יחידה,false,1,4.90,0.07,true,1,10616
10849505,false,למברוסקו רוסו די לוא,Unknown,,למברוסקו רוסו די לוא,,750.00,"100 מ""ל",false,1,38.00,5.03,true,1,4603
10849512,false,למברוסקו רוזאטו די,Unknown,,למברוסקו רוזאטו די,,750.00,100 גרם,false,1,38.00,5.03,true,1,5006
10849529,false,למברוסקו ביאנקו די ל,Unknown,,למברוסקו ביאנקו די ל,,750.00,"100 מ""ל",false,1,38.00,5.03,false,1,5859
10945146,false,קוטג טרה 140 גר,Unknown,,קוטג טרה 140 גר,,140.00,100 גרם,false,1,5.60,4.00,true,1,8946
10945306,false,חלב טרה קרטון 3% 2ל,Unknown,,חלב טרה קרטון 3% 2ל,,0.00,,false,1,12.46,0.00,true,1,16583
10945481,false,גבינה לבנה טרה 5%,Unknown,,גבינה לבנה טרה 5%,,0.00,,false,1,9.96,0.00,true,1,16337
11017866,false,קוקה קולה סליק פחית,Unknown,,קוקה קולה סליק פחית,,330.00,"100 מ""ל",false,1,8.90,2.61,true,1,7380
11017873,false,קולה זירו סליק פחית,Unknown,,קולה זירו סליק פחית,,330.00,"100 מ""ל",false,1,8.90,2.61,true,1,7381
11017880,false,קולה דיאט סליק פחית,Unknown,,קולה דיאט סליק פחית,,330.00,"100 מ""ל",false,1,8.90,2.61,true,1,7382
11018184,false,פיוז טי אפרסק 0.5 ל,Unknown,,פיוז טי אפרסק 0.5 ל,,500.00,"100 מ""ל",false,1,9.90,1.92,true,1,7383
11018191,false,פיוז טי ד.אפרסק 0.5,Unknown,,פיוז טי ד.אפרסק 0.5,,500.00,"100 מ""ל",false,1,9.00,1.74,true,1,7384
11018214,false,פיוז טי מנגו אננס0.5,Unknown,,פיוז טי מנגו אננס0.5,,500.00,"100 מ""ל",false,1,9.90,1.92,true,1,7386
11018252,false,פיוז טי מנגו אננס1.5,Unknown,,פיוז טי מנגו אננס1.5,,1.50,1 ליטר,false,1,11.90,7.93,true,1,7388
11018283,false,פיוז טי אפרסק1.5,Unknown,,פיוז טי אפרסק1.5,,1.50,1 ליטר,false,1,11.90,7.93,true,1,7390
11018306,false,פיוז טי ד.אפרסק 1.5,Unknown,,פיוז טי ד.אפרסק 1.5,,1.50,1 ליטר,false,1,11.90,7.93,true,1,7392
11018368,false,ויינשטפן בירת חיטה*6,Unknown,,ויינשטפן בירת חיטה*6,,0.00,,false,1,86.70,0.00,true,1,9337
11018474,false,סומרסבי סיידר 4.5%,Unknown,,סומרסבי סיידר 4.5%,,330.00,"100 מ""ל",false,1,14.90,4.42,true,1,9821
11018580,false,פיוז טי ענבים 1.5,Unknown,,פיוז טי ענבים 1.5,,1.50,1 ליטר,false,1,11.90,7.93,true,1,7702
11018832,false,מארז 6 קוקה קולה,Unknown,,מארז 6 קוקה קולה,,1.98,1 ליטר,false,1,27.90,13.18,true,1,10264
11018917,false,מארז 6 קולה ZERO,Unknown,,מארז 6 קולה ZERO,,1.98,1 ליטר,false,1,26.60,12.53,true,1,10265
11018924,false,מארז6 דיאט קוקה קולה,Unknown,,מארז6 דיאט קוקה קולה,,1.98,1 ליטר,false,1,26.60,12.53,true,1,10266
11051358,false,שוופס סודה לימון 250,Unknown,,שוופס סודה לימון 250,,250.00,"100 מ""ל",false,1,6.90,2.64,true,1,1655
11051389,false,שוופס פירות יער 1.5,Unknown,,שוופס פירות יער 1.5,,1.50,1 ליטר,false,1,11.90,7.93,true,1,1892
11051396,false,שוופס אפרסק 1.5 מוגז,Unknown,,שוופס אפרסק 1.5 מוגז,,1.50,1 ליטר,false,1,11.90,7.93,true,1,1891
11051433,false,שוופס אפרסק 0.5 מוגז,Unknown,,שוופס אפרסק 0.5 מוגז,,500.00,"100 מ""ל",false,1,10.90,2.12,true,1,1894
11051440,false,שוופס פירות יער 0.5,Unknown,,שוופס פירות יער 0.5,,500.00,"100 מ""ל",false,1,10.90,2.12,true,1,1895
11081492,false,קרמיסימו שלושה שוקול,Unknown,,קרמיסימו שלושה שוקול,,1.33,1 ליטר,false,1,25.00,18.80,true,1,5421
11081690,false,קרמיסימו וניל ציפ,Unknown,,קרמיסימו וניל ציפ,,1.33,1 ליטר,false,1,25.00,18.80,true,1,5432
11132552,false,בירת פלאונר 330*4,Unknown,,בירת פלאונר 330*4,,0.00,,false,1,34.90,0.00,true,1,17649
11133061,false,גולדסטאר בקבוק 6+2,Unknown,,גולדסטאר בקבוק 6+2,,2.64,1 ליטר,false,1,39.90,14.20,true,1,15189
11133368,false,מכבי ת.שנדי*6 330 מל,Unknown,,מכבי ת.שנדי*6 330 מל,,0.00,,false,1,49.90,0.00,true,1,16584
11133504,false,שנדי אפרסק 330מל,Unknown,,שנדי אפרסק 330מל,,0.00,,false,1,49.90,0.00,true,1,4902
11133634,false,פפסי מקס 330*6 כשלפ,Unknown,,פפסי מקס 330*6 כשלפ,,0.00,,false,1,26.90,0.00,true,1,16586
11148911,false,פלפל גמדי ליח,Unknown,,פלפל גמדי ליח,,0.00,,false,1,9.90,0.00,true,1,16009
11148935,false,מלפפון בייבי ארוז,Unknown,,מלפפון בייבי ארוז,,0.00,,false,1,9.90,0.00,true,1,15994
11194246,false,שטראוס קוטג5% סידן,Unknown,,שטראוס קוטג5% סידן,,250.00,100 גרם,false,1,6.10,2.44,true,1,1298
11256845,false,סט צידניות קשיחות,Unknown,,סט צידניות קשיחות,,0.00,,false,1,199.00,0.00,true,1,13882
11276287,false,לבבות קיסר / חסה יח,Unknown,,לבבות קיסר / חסה יח,,0.00,,false,1,12.90,0.00,true,1,16039
11296452,true,תאורת חירום 30 לד,,,תאורת חירום 30 לד,,0.00,,false,,49.00,0.00,false,1,13650
11335140,true,חופשי 140+חול+100GB,,,חופשי 140+חול+100GB,,0.00,,false,,140.00,0.00,false,1,13884
11378776,false,בארכה בקטנה פיסטוק,Unknown,,בארכה בקטנה פיסטוק,,0.00,,false,1,13.00,0.00,true,1,12128
11402129,false,ציפס פלחים קילו,Unknown,,ציפס פלחים קילו,,0.00,,false,1,18.00,0.00,true,1,16588
11431396,false,צלחות קטן צבעוני,Unknown,,צלחות קטן צבעוני,,25.00,יחידה,false,1,9.90,0.40,false,1,13886
11431419,false,צלחות גדול צבעוני,Unknown,,צלחות גדול צבעוני,,25.00,יחידה,false,1,16.90,0.68,true,1,15349
11438142,false,יטבתה קפה קר בקבוק,Unknown,,יטבתה קפה קר בקבוק,,350.00,"100 מ""ל",false,1,7.50,2.14,true,1,1709
11515683,false,מאגדת אקסטרים וניל,Unknown,,מאגדת אקסטרים וניל,,432.00,100 גרם,false,1,36.90,8.54,true,1,9863
11714871,false,בליסטיקס פטל לימון,Unknown,,בליסטיקס פטל לימון,,4.25,100 גרם,false,1,11.00,258.82,true,1,11436
11776039,false,לבבות קיסר / חסה יח,Unknown,,לבבות קיסר / חסה יח,,0.00,,false,1,12.90,0.00,true,1,16010
11776060,false,גינגר באריזה ליח,Unknown,,גינגר באריזה ליח,,0.00,,false,1,16.90,0.00,true,1,16011
11776077,false,בזיליקום ארוז ליח,Unknown,,בזיליקום ארוז ליח,,0.00,,false,1,5.90,0.00,true,1,16012
11776213,false,מלפפון בייבי ארוז יח,Unknown,,מלפפון בייבי ארוז יח,,0.00,,false,1,9.90,0.00,true,1,16013
11776220,false,נענע ארוז ליח,Unknown,,נענע ארוז ליח,,0.00,,false,1,3.90,0.00,true,1,16014
11776251,false,כרובית באריזה ליח,Unknown,,כרובית באריזה ליח,,0.00,,false,1,14.90,0.00,true,1,16015
11776435,false,תפוא אדום שק איכות,Unknown,,תפוא אדום שק איכות,,0.00,,false,1,6.90,0.00,true,1,16016
11776473,false,אבוקדו מובחר,Unknown,,אבוקדו מובחר,,0.00,,false,1,19.90,0.00,true,1,16000
11776480,false,שום יבש,Unknown,,שום יבש,,0.00,,false,1,9.90,0.00,true,1,16017
11776527,false,בננה איכות מעולה,Unknown,,בננה איכות מעולה,,0.00,,false,1,10.90,0.00,true,1,15997
11776534,false,מלפפון איכות מעולה,Unknown,,מלפפון איכות מעולה,,0.00,,false,1,8.90,0.00,true,1,15998
11776541,false,עגבנייה אשכולות אכות,Unknown,,עגבנייה אשכולות אכות,,0.00,,false,1,9.90,0.00,true,1,15999
11776572,false,פלפל,Unknown,,פלפל,,0.00,,false,1,10.90,0.00,true,1,16001
11776589,false,עגבניות שרי,Unknown,,עגבניות שרי,,0.00,,false,1,11.90,0.00,true,1,16002
11776596,false,לימון איכות מעולה,Unknown,,לימון איכות מעולה,,0.00,,false,1,8.90,0.00,true,1,16003
11776602,false,גזר ארוז מובחר,Unknown,,גזר ארוז מובחר,,0.00,,false,1,5.90,0.00,true,1,16004
11776626,false,בצל יבש איכות מעולה,Unknown,,בצל יבש איכות מעולה,,0.00,,false,1,7.90,0.00,true,1,16005
11776633,false,אגס ספדונה 60 איכות,Unknown,,אגס ספדונה 60 איכות,,0.00,,false,1,19.90,0.00,true,1,16006
11776664,false,כוסברה ארוז ליח,Unknown,,כוסברה ארוז ליח,,0.00,,false,1,3.90,0.00,true,1,16018
11776671,false,פטרוזיליה ארוז ליח,Unknown,,פטרוזיליה ארוז ליח,,0.00,,false,1,3.90,0.00,true,1,16019
11776688,false,שמיר ארוז ליח,Unknown,,שמיר ארוז ליח,,0.00,,false,1,2.90,0.00,true,1,16020
11776732,false,פלפל גמדי ליח,Unknown,,פלפל גמדי ליח,,0.00,,false,1,9.90,0.00,true,1,16021
11776763,false,פלפל חריף איכות,Unknown,,פלפל חריף איכות,,0.00,,false,1,7.90,0.00,true,1,16022
11776879,false,תפוא לבן שק איכות,Unknown,,תפוא לבן שק איכות,,0.00,,false,1,6.90,0.00,true,1,16023
11776947,false,תפוח חרמון באריזה,Unknown,,תפוח חרמון באריזה,,0.00,,false,1,14.90,0.00,true,1,16007
11776985,false,בצל אדום מובחר,Unknown,,בצל אדום מובחר,,0.00,,false,1,7.90,0.00,true,1,16008
11778118,false,12 ביצים טריות L בפי,Unknown,,12 ביצים טריות L בפי,,12.00,יחידה,false,1,12.05,1.00,false,1,12155
11778125,false,12 ביצים טריות M בפי,Unknown,,12 ביצים טריות M בפי,,0.00,,false,1,11.15,0.00,false,1,12156
11778132,false,12 ביצים טריות XL בפ,Unknown,,12 ביצים טריות XL בפ,,12.00,יחידה,false,1,13.10,1.09,false,1,12157
11778354,false,תבנית חופש 20L,Unknown,,תבנית חופש 20L,,20.00,יחידה,false,1,31.90,1.60,true,1,15307
11778378,false,12 ביצים אומגה 3 L,Unknown,,12 ביצים אומגה 3 L,,12.00,יחידה,false,1,21.00,1.75,true,1,12158
11778385,false,ת.ביצים XL אומגה 3,Unknown,,ת.ביצים XL אומגה 3,,12.00,יחידה,false,1,39.00,3.25,true,1,12159
11778491,false,שישית ביצי אומגה,Unknown,,שישית ביצי אומגה,,6.00,יחידה,false,1,14.00,2.33,true,1,15308
11778538,false,תבנית חופש 20XL,Unknown,,תבנית חופש 20XL,,20.00,יחידה,false,1,33.00,1.65,true,1,15309
11870249,false,פוגיקום 12 סוללוAAA,Unknown,,פוגיקום 12 סוללוAAA,,12.00,יחידה,false,1,19.80,1.65,true,1,5852
11870270,false,פוגיקום 12 סוללותAA,Unknown,,פוגיקום 12 סוללותAA,,12.00,יחידה,false,1,19.80,1.65,true,1,5853
11870720,false,פוגיקום סוללה D,Unknown,,פוגיקום סוללה D,,0.00,,false,1,19.90,0.00,true,1,10645
11870737,false,פוגיקום סוללה C,Unknown,,פוגיקום סוללה C,,0.00,,false,1,19.90,0.00,true,1,10247
11870744,false,פוגיקום סוללה 9וולט,Unknown,,פוגיקום סוללה 9וולט,,0.00,,false,1,14.90,0.00,true,1,8332
11876609,false,שניצל דק כשלפ 700 ג,Unknown,,שניצל דק כשלפ 700 ג,,0.00,,false,1,48.90,0.00,true,1,16290
11959692,false,ביסקולידה,Unknown,,ביסקולידה,,90.20,100 גרם,false,1,10.00,11.09,true,1,4255
12028007,true,ל.מ. וויב סלימס פאקט,,,ל.מ. וויב סלימס פאקט,,0.00,,false,,280.00,0.00,false,1,2212
12028052,false,נקסט 100 פאקט,Unknown,,נקסט 100 פאקט,,0.00,,false,1,285.00,0.00,false,1,4568
12028106,true,ל.מ פורווד פאקט,,,ל.מ פורווד פאקט,,0.00,,false,,280.00,0.00,false,1,7063
12028113,true,נקסט לילך פאקט,,,נקסט לילך פאקט,,0.00,,false,,270.00,0.00,false,1,7524
12028120,true,מרלבורו טאצ בלו,,,מרלבורו טאצ בלו,,0.00,,false,,280.00,0.00,false,1,7064
12028137,true,מרלבורו טאצ סילבר,,,מרלבורו טאצ סילבר,,0.00,,false,,280.00,0.00,false,1,7065
12028748,true,נקסט ריסס פאקט,,,נקסט ריסס פאקט,,0.00,,false,,270.00,0.00,false,1,10811
12028755,true,נקסט ריסס ארוך פאקט,,,נקסט ריסס ארוך פאקט,,0.00,,false,,270.00,0.00,false,1,10812
12028854,true,נקסט פיין אדג פאקט,,,נקסט פיין אדג פאקט,,0.00,,false,,240.00,0.00,false,1,10972
12028861,true,נקסט אדג.,,,נקסט אדג.,,0.00,,false,,240.00,0.00,false,1,10973
12030468,true,ל.מ לופט פאקט,,,ל.מ לופט פאקט,,0.00,,false,,260.00,0.00,false,1,12555
12030512,false,ל.מ לייט ארוך.,Unknown,,ל.מ לייט ארוך.,,0.00,,false,1,31.00,0.00,false,1,12163
12031137,false,ל.מ מושן נייט,Unknown,,ל.מ מושן נייט,,0.00,,false,1,27.00,0.00,false,1,12562
12031144,false,ל.מ מושן בלו פאקט,Unknown,,ל.מ מושן בלו פאקט,,0.00,,false,1,280.00,0.00,false,1,12563
12031151,false,ל.מ מושן בלו,Unknown,,ל.מ מושן בלו,,0.00,,false,1,27.00,0.00,false,1,12564
12040047,false,ל.מ בלו 100PP,Unknown,,ל.מ בלו 100PP,,0.00,,false,1,300.00,0.00,false,1,13895
12040085,false,נקסט 100 פאקט,Unknown,,נקסט 100 פאקט,,0.00,,false,1,285.00,0.00,false,1,13899
12040207,true,נקסט ריסס ארוךPP,,,נקסט ריסס ארוךPP,,0.00,,false,,270.00,0.00,false,1,13911
12040245,true,מרלבורו גולד 100PP,,,מרלבורו גולד 100PP,,0.00,,false,,320.00,0.00,false,1,13914
12040269,true,נקסט אדגPP,,,נקסט אדגPP,,0.00,,false,,240.00,0.00,false,1,13916
12040276,true,נקסט פיין אדג פאקט,,,נקסט פיין אדג פאקט,,0.00,,false,,240.00,0.00,false,1,13917
12040283,false,ל.מ נייט מושייןPP,Unknown,,ל.מ נייט מושייןPP,,0.00,,false,1,260.00,0.00,false,1,13918
12040382,true,טבק נקסט פאקט*5,,,טבק נקסט פאקט*5,,0.00,,false,,0.00,0.00,false,1,13926
12040443,true,טבק צסטרפילד פיין,,,טבק צסטרפילד פיין,,0.00,,false,,65.00,0.00,true,1,13932
12040450,true,טבק צסטרפילד פרמיום,,,טבק צסטרפילד פרמיום,,0.00,,false,,65.00,0.00,false,1,13933
12040474,true,טבק מרלבורו רד,,,טבק מרלבורו רד,,0.00,,false,,78.00,0.00,false,1,13935
12040481,true,טבק מלבורו גולד,,,טבק מלבורו גולד,,0.00,,false,,78.00,0.00,false,1,13936
12040511,true,טבק נקסט פיין,,,טבק נקסט פיין,,0.00,,false,,80.00,0.00,false,1,13937
12040528,true,טבק נקסט אוריגינל,,,טבק נקסט אוריגינל,,0.00,,false,,80.00,0.00,false,1,13938
12040535,true,טבק לחימום אמבר,,,טבק לחימום אמבר,,0.00,,false,,30.00,0.00,false,1,13939
12116629,false,סנודי ילדים רולאון,Unknown,,סנודי ילדים רולאון,,50.00,"100 מ""ל",false,1,22.90,45.80,true,1,11427
12191091,false,מדליק פחם מוצק,Unknown,,מדליק פחם מוצק,,20.00,יחידה,false,1,7.00,0.35,false,1,14592
12263415,true,אגד מתמתח 7 סמ 5 יח,,,אגד מתמתח 7 סמ 5 יח,,5.00,יחידה,false,,9.90,1.98,true,1,15036
12376481,true,משולש אור בטיחותי,,,משולש אור בטיחותי,,0.00,,false,,69.00,0.00,false,1,14594
12404177,false,שוופס פרוטס תפוח330,Unknown,,שוופס פרוטס תפוח330,,330.00,"100 מ""ל",false,1,9.90,2.91,true,1,5148
12404184,false,שוופס פרוטס לימונ330,Unknown,,שוופס פרוטס לימונ330,,330.00,"100 מ""ל",false,1,9.90,2.91,true,1,9325
12525452,false,אקסטרים טילון ש.וניל,Unknown,,אקסטרים טילון ש.וניל,,70.00,100 גרם,false,1,10.90,15.57,true,1,4180
12525681,false,רולר וניל שוקולד,Unknown,,רולר וניל שוקולד,,101.00,100 גרם,false,1,9.90,9.80,true,1,6909
12564232,true,טרה גבינה לבנה 5%,,,טרה גבינה לבנה 5%,,0.00,,false,,4.75,0.00,false,1,15022
12576607,false,פרמיר קברנה סוביניון,Unknown,,פרמיר קברנה סוביניון,,750.00,"100 מ""ל",false,1,33.00,4.36,true,1,15560
12588242,false,מים כדורגל 500*6,Unknown,,מים כדורגל 500*6,,0.00,,false,1,11.90,0.00,true,1,17651
12588617,false,מארז 2 גטורייד+בק,Unknown,,מארז 2 גטורייד+בק,,0.00,,false,1,49.90,0.00,true,1,17652
12600036,false,פחם 2 קג,Unknown,,פחם 2 קג,,2.00,"1 ק""ג",false,1,20.00,10.00,true,1,13948
12697081,false,סטיוויה 100 שקיות,Unknown,,סטיוויה 100 שקיות,,0.00,,false,1,36.00,0.00,true,1,16270
12759017,false,מארז קשיו שקד פיסטוק,Unknown,,מארז קשיו שקד פיסטוק,,0.00,,false,1,9.90,0.00,true,1,16591
12759024,false,מארז חמוציות א.מלך,Unknown,,מארז חמוציות א.מלך,,0.00,,false,1,9.90,0.00,true,1,16592
12759031,false,מארז ח.בננה פקאן,Unknown,,מארז ח.בננה פקאן,,0.00,,false,1,9.90,0.00,true,1,16593
12759215,false,מארז קינואה אגוזים,Unknown,,מארז קינואה אגוזים,,0.00,,false,1,9.90,0.00,true,1,16594
12759468,false,מארז ח.חמאת בוטנים,Unknown,,מארז ח.חמאת בוטנים,,0.00,,false,1,9.90,0.00,true,1,16595
12759475,false,חטיף קינואה אננס,Unknown,,חטיף קינואה אננס,,0.00,,false,1,9.90,0.00,true,1,16596
12759635,false,רגע פינוק כדורי קקאו,Unknown,,רגע פינוק כדורי קקאו,,0.00,,false,1,9.90,0.00,true,1,16597
12759710,false,חטיף בראוניז ת.קוקוס,Unknown,,חטיף בראוניז ת.קוקוס,,0.00,,false,1,9.90,0.00,true,1,16598
12759727,false,חטיף בראוניז ת.פקאן,Unknown,,חטיף בראוניז ת.פקאן,,0.00,,false,1,9.90,0.00,true,1,16599
12759949,false,חטיף חלבון תמר לוז,Unknown,,חטיף חלבון תמר לוז,,0.00,,false,1,9.90,0.00,true,1,16600
12759956,false,חטיף חלבון תמר פקאן,Unknown,,חטיף חלבון תמר פקאן,,0.00,,false,1,9.90,0.00,true,1,16601
12921025,false,בירה מלכה בהירה,Unknown,,בירה מלכה בהירה,,330.00,"100 מ""ל",false,1,19.90,5.94,true,1,10250
12921032,false,בירה מלכה אדמונית,Unknown,,בירה מלכה אדמונית,,330.00,"100 מ""ל",false,1,19.90,5.94,true,1,10251
12921049,false,מלכה כהה 330מל,Unknown,,מלכה כהה 330מל,,0.00,,false,1,22.00,0.00,true,1,16602
12921056,false,מלכה בירה חיטה 330,Unknown,,מלכה בירה חיטה 330,,0.00,,false,1,22.00,0.00,true,1,16603
12921063,false,מלכה הינדי IPA,Unknown,,מלכה הינדי IPA,,0.00,,false,1,23.00,0.00,true,1,16604
13117410,false,מעדנות בצק פריך מתוק,Unknown,,מעדנות בצק פריך מתוק,,0.00,,false,1,28.90,0.00,false,1,16609
13145178,false,קוקוס טחון לבן 100גר,Unknown,,קוקוס טחון לבן 100גר,,100.00,100 גרם,false,1,5.00,5.00,true,1,12170
13145840,false,סוכר וניל 10יחבצלופן,Unknown,,סוכר וניל 10יחבצלופן,,100.00,100 גרם,false,1,3.00,3.00,true,1,12172
13145857,false,אבקת אפיה 10יחבצלופן,Unknown,,אבקת אפיה 10יחבצלופן,,100.00,100 גרם,false,1,3.00,3.00,true,1,12173
13145918,false,אבקת סוכר,Unknown,,אבקת סוכר,,100.00,100 גרם,false,1,3.00,3.00,true,1,12174
13153432,false,פריגת סחוט לימונדה,Unknown,,פריגת סחוט לימונדה,,400.00,"100 מ""ל",false,1,12.90,3.15,true,1,10296
13153616,false,פריגת בוסט סלק 400,Unknown,,פריגת בוסט סלק 400,,0.00,,false,1,12.90,0.00,true,1,12572
13153623,false,פריגת בוסט גזר,Unknown,,פריגת בוסט גזר,,400.00,"100 מ""ל",false,1,12.90,3.15,true,1,12573
13267665,false,מאגדת סולרו טרופי,Unknown,,מאגדת סולרו טרופי,,0.00,,false,1,27.00,0.00,true,1,16459
13340099,true,חופשי 99 לחודש+100GB,,,חופשי 99 לחודש+100GB,,0.00,,false,,99.00,0.00,false,1,10983
13440648,false,מאגדת אבטיח 5יח,Unknown,,מאגדת אבטיח 5יח,,540.00,100 גרם,false,1,26.90,4.98,true,1,9971
13492005,false,תפוא זעיר למיקרו,Unknown,,תפוא זעיר למיקרו,,0.00,,false,1,8.90,0.00,true,1,16024
13583185,false,5 מטר - מטר,Unknown,,5 מטר - מטר,,0.00,,false,1,10.00,0.00,true,1,8049
13584816,false,פריגת לימונענע 1.5,Unknown,,פריגת לימונענע 1.5,,1.50,1 ליטר,false,1,11.90,7.93,true,1,12093
13585240,false,ספרייט זירו 1.5 ל,Unknown,,ספרייט זירו 1.5 ל,,1.50,1 ליטר,false,1,11.00,7.33,true,1,9884
13585257,false,ספרייט זירו 500 מל,Unknown,,ספרייט זירו 500 מל,,500.00,"100 מ""ל",false,1,9.90,1.92,true,1,9885
13585387,false,קוקה קולה זירו 1ל,Unknown,,קוקה קולה זירו 1ל,,0.00,,false,1,10.90,0.00,true,1,9887
13585394,false,קוקה קולה 1 ל,Unknown,,קוקה קולה 1 ל,,0.00,,false,1,10.90,0.00,true,1,9888
13585653,false,פריגת אסקטרה אננס,Unknown,,פריגת אסקטרה אננס,,420.00,"100 מ""ל",false,1,10.90,2.52,true,1,11523
13585677,false,פריגת אקסטרה מנגו,Unknown,,פריגת אקסטרה מנגו,,420.00,"100 מ""ל",false,1,10.90,2.52,true,1,11377
13585899,false,ויסוצקי ICE לימונית,Unknown,,ויסוצקי ICE לימונית,,350.00,"100 מ""ל",false,1,9.90,2.74,true,1,10219
13586285,false,ויסוצקי ICE נענע,Unknown,,ויסוצקי ICE נענע,,350.00,"100 מ""ל",false,1,9.90,2.74,true,1,10294
13668134,false,צידנית קשיחה 32 ל,Unknown,,צידנית קשיחה 32 ל,,0.00,,false,1,149.00,0.00,false,1,13955
13668141,false,גריקן מים 6 ליטרים,Unknown,,גריקן מים 6 ליטרים,,0.00,,false,1,59.00,0.00,true,1,13956
13668509,false,צידנית קשיחה 11 ל,Unknown,,צידנית קשיחה 11 ל,,0.00,,false,1,99.00,0.00,false,1,13957
13668516,false,קלקר מים לטיולים חדש,Unknown,,קלקר מים לטיולים חדש,,0.00,,false,1,34.90,0.00,false,1,15845
13702418,false,שוופס מוגז עדין אפרס,Unknown,,שוופס מוגז עדין אפרס,,330.00,"100 מ""ל",false,1,9.90,2.91,true,1,11532
13702425,false,שוופס פרוטס פ.יער,Unknown,,שוופס פרוטס פ.יער,,330.00,"100 מ""ל",false,1,9.90,2.91,true,1,11533
13702708,false,שוופס פרוטס אננס 330,Unknown,,שוופס פרוטס אננס 330,,330.00,"100 מ""ל",false,1,9.90,2.91,true,1,10992
13726001,false,לורד טונה שמינייה,Unknown,,לורד טונה שמינייה,,230.00,100 גרם,false,1,18.00,7.83,true,1,5166
13726025,false,לורד ג.צהובה שמינייה,Unknown,,לורד ג.צהובה שמינייה,,210.00,100 גרם,false,1,18.00,8.57,true,1,5169
13726100,false,לורד טוניסאי שמינייה,Unknown,,לורד טוניסאי שמינייה,,250.00,100 גרם,false,1,18.00,7.20,true,1,6744
13726124,false,לורד שניצל שמינייה,Unknown,,לורד שניצל שמינייה,,260.00,100 גרם,false,1,18.00,6.92,true,1,6746
13726179,false,לורד כריך מיני טונה,Unknown,,כריך מיני טונה בדצ,,0.00,,false,1,11.00,0.00,true,1,7081
13847812,false,סטארקיסט בשמן זית,Unknown,,סטארקיסט בשמן זית,,140.00,100 גרם,false,1,10.90,7.79,true,1,13960
13906052,false,טירת צבי נקניקיות,Unknown,,טירת צבי נקניקיות,,0.00,,false,1,18.00,0.00,true,1,16544
13906441,false,ט.צבי קבנוס 120 ג,Unknown,,ט.צבי קבנוס 120 ג,,0.00,,false,1,13.50,0.00,true,1,16291
13906458,false,ט.צבי קבנוס פיקנטי,Unknown,,ט.צבי קבנוס פיקנטי,,0.00,,false,1,13.50,0.00,true,1,16292
13906489,false,חטיפי מיני קבנוס,Unknown,,חטיפי מיני קבנוס,,0.00,,false,1,13.50,0.00,true,1,15995
13971555,false,מארז ס.קומבו AA/AAA,Unknown,,מארז ס.קומבו AA/AAA,,0.00,,false,1,19.80,0.00,false,1,12536
14056008,false,שפירא פייל אייל 330,Unknown,,שפירא פייל אייל 330,,0.00,,false,1,18.00,0.00,true,1,16617
14056039,false,שפירא חיטה חפ 330,Unknown,,ח.שפירא חפ 330 בק,,0.00,,false,1,18.00,0.00,true,1,16618
14056046,false,שפירא לאגר חפ 330,Unknown,,ל.שפירא חפ 330 בק,,0.00,,false,1,18.00,0.00,true,1,16619
14056053,false,שפירא חפ בק 330,Unknown,,שפירא חפ בק 330,,0.00,,false,1,18.00,0.00,true,1,16620
14079236,false,פטריות פורטובלה,Unknown,,פטריות פורטובלה,,0.00,,false,1,12.90,0.00,true,1,16025
14218932,false,חטיפי פיצה עם זיתים,Unknown,,חטיפי פיצה עם זיתים,,0.00,,false,1,42.90,0.00,true,1,16340
14459854,false,ציפס קלאסי 1.5 קג,Unknown,,ציפס קלאסי 1.5 קג,,0.00,,false,1,18.00,0.00,true,1,16341
14459939,false,טוגן ציפס 1.7קג,Unknown,,טוגן ציפס 1.7קג,,0.00,,false,1,26.00,0.00,true,1,16412
14462533,false,ליצי במארז,Unknown,,ליצי במארז,,0.00,,false,1,19.90,0.00,false,1,16050
14466128,false,ירדן הר חרמון אינדיג,Unknown,,ירדן הר חרמון אינדיג,,750.00,"100 מ""ל",false,1,44.90,5.95,true,1,8846
14466463,false,הר חרמון מוסקטו,Unknown,,הר חרמון מוסקטו,,0.00,,false,1,44.90,0.00,true,1,16623
14466609,false,יין גמלא מרלו,Unknown,,יין גמלא מרלו,,750.00,"100 מ""ל",false,1,80.00,10.63,true,1,15561
14503137,false,כנען אדום -דלתון,Unknown,,כנען אדום -דלתון,,750.00,"100 מ""ל",false,1,50.00,6.63,true,1,10996
14503144,false,כנען לבן - דלתון,Unknown,,כנען לבן - דלתון,,750.00,"100 מ""ל",false,1,50.00,6.63,true,1,12115
14553040,false,תרסיס גז פלפל,Unknown,,תרסיס גז פלפל,,0.00,,false,1,59.00,0.00,false,1,16624
14581036,false,פחם 2 קג להבה,Unknown,,פחם 2 קג להבה,,0.00,,false,1,21.90,0.00,false,1,16625
14603028,false,סולרו תות יחידתי,Unknown,,סולרו תות יחידתי,,76.00,100 גרם,false,1,12.90,16.97,true,1,7568
14603776,false,קרמבו וניל 20 יח,Unknown,,קרמבו וניל 20 יח,,584.00,100 גרם,false,1,38.00,6.51,true,1,9026
14603783,false,קרמבו מוקה 20 יח,Unknown,,קרמבו מוקה 20 יח,,584.00,100 גרם,false,1,38.00,6.51,true,1,9027
14648906,true,אציטון La Belle 100,,,אציטון La Belle 100,,100.00,"100 מ""ל",false,,5.90,5.90,true,1,15031
14725294,false,סוכרזית סוכרלוז 100ש,Unknown,,סוכרזית סוכרלוז 100ש,,0.00,,false,1,25.00,0.00,true,1,16461
14758162,false,תנובה חלב עיזים 1ל,Unknown,,תנובה חלב עיזים 1ל,,0.00,,false,1,17.00,0.00,true,1,16503
14758681,false,קוטג תנובה 1% 250ג,Unknown,,קוטג תנובה 1% 250ג,,250.00,100 גרם,false,1,6.00,2.40,true,1,13765
14759084,false,נפוליאון 16% 225גר,Unknown,,נפוליאון 16% 225גר,,225.00,100 גרם,false,1,14.90,6.62,true,1,13766
14759909,false,פ.פטה עזים פיראוס,Unknown,,פ.פטה עזים פיראוס,,0.00,,false,1,30.00,0.00,true,1,16342
14759985,false,גבינת קולאז פרמזן,Unknown,,גבינת קולאז פרמזן,,0.00,,false,1,26.00,0.00,true,1,16262
14759992,false,פלח רוקפור גליל 27%,Unknown,,רוקפור פלח 140ג,,0.00,,false,1,20.00,0.00,true,1,16504
14760141,false,משקה שקדים טרי 1 ל,Unknown,,משקה שקדים טרי 1 ל,,1.00,1 ליטר,false,1,13.50,13.50,true,1,13767
14761056,false,YOLO שוקולד חלב,Unknown,,YOLO שוקולד חלב,,123.00,100 גרם,false,1,5.20,4.23,true,1,9611
14761070,false,יולו שוקולד לבן,Unknown,,YOLO שוקולד לבן,,123.00,100 גרם,false,1,5.20,4.23,true,1,9477
14761414,false,YOLO שוקולד חלב ולבן,Unknown,,YOLO שוקולד חלב ולבן,,123.00,100 גרם,false,1,5.20,4.23,true,1,9612
14761612,false,YOLO שכבות מריר ולבן,Unknown,,YOLO שכבות מריר ולבן,,0.00,,false,1,5.20,0.00,true,1,11413
14762756,false,נפוליאון ע.בצל 225 ג,Unknown,,נפוליאון ע.בצל 225 ג,,0.00,,false,1,14.90,0.00,true,1,16343
14762800,false,מעדן סויה ט.שוקולד,Unknown,,מעדן סויה ט.שוקולד,,0.00,,false,1,5.00,0.00,true,1,16344
14762831,false,נפוליאון פ. חליפינו,Unknown,,נפוליאון פ. חליפינו,,0.00,,false,1,14.90,0.00,true,1,16345
14762909,false,ה.הלבן פתיתי מוצרלה,Unknown,,ה.הלבן פתיתי מוצרלה,,0.00,,false,1,18.00,0.00,true,1,16346
14763678,false,משקה בטעם וניל GO,Unknown,,משקה בטעם וניל GO,,250.00,"100 מ""ל",false,1,7.50,3.00,true,1,11493
14791336,false,מי עדן 1 לי,Unknown,,מי עדן 1 ל,,1.00,1 ליטר,false,1,8.90,8.60,true,1,10311
14791572,false,שוופס ענבים מוגז 330,Unknown,,שוופס ענבים מוגז 330,,330.00,"100 מ""ל",false,1,9.90,2.91,true,1,9882
14791626,false,שוופס סודה נענע ליים,Unknown,,שוופס סודה נענע ליים,,250.00,"100 מ""ל",false,1,6.90,2.64,true,1,9883
14791787,false,פרוט ווטר אננס 1.5,Unknown,,פרוט ווטר אננס 1.5,,1.50,1 ליטר,false,1,11.90,7.93,true,1,10297
14791817,false,פרוט ווטר אבטיח 1.5,Unknown,,פרוט ווטר אבטיח 1.5,,1.50,1 ליטר,false,1,11.90,7.93,true,1,10298
14791848,false,פרוט ווטר אננס 0.5 ל,Unknown,,פרוט ווטר אננס 0.5 ל,,500.00,"100 מ""ל",false,1,10.90,2.12,false,1,9908
14821057,false,כבל אודיו AUX,Unknown,,כבל אודיו AUX,,0.00,,false,1,32.90,0.00,true,1,12102
14821064,false,כבל סנכרון MICRO USB,Unknown,,כבל סנכרון MICRO USB,,0.00,,false,1,34.90,0.00,true,1,12103
14821088,false,כבל סנכרון+טעינה איפ,Unknown,,כבל סנכרון+טעינה איפ,,0.00,,false,1,49.90,0.00,true,1,12104
14821095,false,מטעו רכב איפון 6,Unknown,,מטעו רכב איפון 6,,0.00,,false,1,79.90,0.00,false,1,12105
14821101,false,מעמד לרכב-לבן,Unknown,,מעמד לרכב-לבן,,0.00,,false,1,99.90,0.00,false,1,9237
14821118,false,מעמד לרכב-שחור,Unknown,,מעמד לרכב-שחור,,0.00,,false,1,99.90,0.00,false,1,9238
14821347,false,אוזניות כפתור ARTOS,Unknown,,אוזניות כפתור ARTOS,,0.00,,false,1,54.90,0.00,false,1,8160
14821507,false,מטען קיר איפון 6,Unknown,,מטען קיר איפון 6,,0.00,,false,1,79.90,0.00,false,1,12106
14821569,false,כבל סנכרון אלומניום,Unknown,,כבל סנכרון אלומניום,,0.00,,false,1,34.90,0.00,false,1,12176
14821682,false,זרוע א. TOUCH צהוב,Unknown,,זרוע א. TOUCH צהוב,,0.00,,false,1,49.00,0.00,false,1,13967
14821699,false,זרוע לרכב,Unknown,,זרוע לרכב,,0.00,,false,1,49.00,0.00,true,1,13648
14890183,false,ציידנית משפ נוספת,Unknown,,ציידנית משפ נוספת,,0.00,,false,1,119.00,0.00,false,1,16629
14910461,false,ערק יודה 40% 700 מל,Unknown,,ערק יודה 40% 700 מל,,0.00,,false,1,69.90,0.00,false,1,16630
14961203,false,לורד שווארמה שמינייה,Unknown,,לורד שווארמה שמינייה,,270.00,100 גרם,false,1,18.00,6.67,true,1,7908
14961258,false,לורד-דאבל פסטרמה+בקר,Unknown,,לורד-דאבל פסטרמה+בקר,,240.00,100 גרם,false,1,18.00,7.50,true,1,9481
14961265,false,לורד ביצה קשה שמיניי,Unknown,,לורד ביצה קשה שמיניי,,0.00,,false,1,18.00,0.00,true,1,9482
15008020,false,נרות נשמה,Unknown,,נרות נשמה,,1.00,יחידה,false,1,2.50,2.50,false,1,13968
15008273,false,כוסות פלסטיק,Unknown,,כוסות פלסטיק,,100.00,יחידה,false,1,13.90,0.14,false,1,13969
15008372,false,כוסות קרטון 50 יח,Unknown,,כוסות קרטון 50 יח,,0.00,,false,1,12.90,0.00,false,1,13972
15008655,false,כפות 50 יח,Unknown,,כפות 50 יח,,50.00,יחידה,false,1,11.90,0.24,false,1,13973
15008662,false,מזלג 50 יח,Unknown,,מזלג 50 יח,,50.00,יחידה,false,1,10.90,0.22,false,1,13974
15008679,false,סכין 50 יח,Unknown,,סכין 50 יח,,50.00,יחידה,false,1,10.90,0.22,false,1,13975
15008686,false,כפיות 50 יח,Unknown,,כפיות 50 יח,,50.00,יחידה,false,1,8.90,0.18,false,1,13976
15008693,false,צלחות ענק צבעוני,Unknown,,צלחות ענק צבעוני,,25.00,יחידה,false,1,22.90,0.92,false,1,13977
15253321,false,פחם AFRICAN BBQ,Unknown,,פחם AFRICAN BBQ,,0.00,,false,1,21.90,0.00,false,1,16632
15299190,true,פלסטר 100 יח,,,פלסטר 100 יח,,5.00,יחידה,false,,13.90,2.78,true,1,15037
15341004,false,עוגיות שקדים Emma,Unknown,,עוגיות שקדים Emma,,85.00,100 גרם,false,1,9.90,11.65,true,1,12185
15341011,false,עוגיות גרנולה Emma,Unknown,,עוגיות גרנולה Emma,,85.00,100 גרם,false,1,9.90,11.65,true,1,12186
15341028,false,עוגיות שוקו ציפס,Unknown,,עוגיות שוקו ציפס,,85.00,100 גרם,false,1,9.90,11.65,true,1,12187
15341097,false,בייגלה טבעי Emma,Unknown,,בייגלה טבעי Emma,,85.00,100 גרם,false,1,9.90,11.65,true,1,12188
15341318,false,עוגיות בוטנים,Unknown,,עוגיות בוטנים,,0.00,,false,1,15.90,0.00,true,1,15125
15341356,false,עוגיות קוקוס 400ג,Unknown,,עוגיות קוקוס 400ג,,0.00,,false,1,15.90,0.00,true,1,15126
15341394,false,מיוחדים 3 טעמים,Unknown,,מיוחדים 3 טעמים,,0.00,,false,1,15.90,0.00,true,1,15127
15366663,false,משחת א.פרש מנטה עדין,Unknown,,משחת א.פרש מנטה עדין,,0.00,,false,1,7.90,0.00,false,1,16295
15366670,false,אקווה פרש מ.שיניים,Unknown,,אקווה פרש מ.שיניים,,100.00,"100 מ""ל",false,1,7.90,7.90,true,1,11544
15446167,false,אולאין ח ב.בוטנים,Unknown,,אולאין ח ב.בוטנים,,50.00,100 גרם,false,1,13.90,27.80,true,1,12189
15446204,false,אולאין ח.שוקולד,Unknown,,אולאין ח.שוקולד,,50.00,100 גרם,false,1,13.90,27.80,true,1,12190
15446242,false,אולאין חטיף ק.עוגיות,Unknown,,אולאין חטיף ק.עוגיות,,50.00,100 גרם,false,1,13.90,27.80,true,1,12191
15446341,false,אולאין ח.בננה טופי,Unknown,,אולאין ח.בננה טופי,,60.00,100 גרם,false,1,13.90,23.17,true,1,12192
15446488,false,אולאין חמאת בוטנים,Unknown,,אולאין חמאת בוטנים,,60.00,100 גרם,false,1,15.00,25.00,true,1,13689
15446495,false,אולאין שוקולד פאדג,Unknown,,אולאין שוקולד פאדג,,100.00,100 גרם,false,1,20.00,20.00,true,1,15552
15446921,false,אול אין קרמל מלוח,Unknown,,אול אין קרמל מלוח,,60.00,100 גרם,false,1,14.90,24.83,true,1,15659
15475013,false,פחם 2 קג בשקית נייר,Unknown,,פחם 2 קג בשקית נייר,,2.00,"1 ק""ג",false,1,20.00,10.00,true,1,12193
15493154,false,נביעות+פרי אבטיח 1.5,Unknown,,נביעות+פרי אבטיח 1.5,,1.58,"1 ק""ג",false,1,11.90,7.53,true,1,12194
15493192,false,נביעות+פרי אבטיח0.5,Unknown,,נביעות+פרי אבטיח0.5,,500.00,"100 מ""ל",false,1,9.90,1.92,true,1,12197
15493208,false,נביעות+פרי אננס 0.5,Unknown,,נביעות+פרי אננס 0.5,,500.00,"100 מ""ל",false,1,9.90,1.92,true,1,12198
15500357,false,מדליק פחם נוזלי,Unknown,,מדליק פחם נוזלי,,200.00,יחידה,false,1,15.00,0.08,false,1,13979
15519144,false,מטען קיר GALAXY,Unknown,,מטען קיר GALAXY,,0.00,,false,1,52.90,0.00,true,1,12107
15519205,false,מעמד מגנטי לסלולרי,Unknown,,מעמד מגנטי לסלולרי,,0.00,,false,1,29.90,0.00,false,1,9779
15519298,false,אוהל זוגי CAMP & GO,Unknown,,אוהל זוגי CAMP & GO,,0.00,,false,1,100.00,0.00,true,1,9726
15519304,false,אוהל ל-4 אנשים,Unknown,,אוהל ל-4 אנשים,,0.00,,false,1,129.00,0.00,true,1,9727
15519311,false,אוהל ל-6 אנשים,Unknown,,אוהל ל-6 אנשים,,0.00,,false,1,199.00,0.00,true,1,9728
15519335,false,שק שינה ירוק,Unknown,,שק שינה ירוק,,0.00,,false,1,69.00,0.00,true,1,9729
15519359,false,מיטה מתנפחת ליחיד,Unknown,,מיטה מתנפחת ליחיד,,0.00,,false,1,79.00,0.00,true,1,9730
15519434,false,מזרן קמפינג 0.7,Unknown,,מזרן קמפינג 0.7,,0.00,,false,1,29.00,0.00,true,1,9734
15519519,true,כסא במאי-אדום,,,כסא במאי-אדום,,0.00,,false,,59.00,0.00,false,1,13651
15519526,false,כסא במאי-ירוק,Unknown,,כסא במאי-ירוק,,0.00,,false,1,69.00,0.00,true,1,9739
15519533,false,כסא ים -ירוק\כחול,Unknown,,כסא ים -ירוק\כחול,,0.00,,false,1,69.00,0.00,true,1,12131
15519588,true,צידנית רכה 24ל-אדום,,,צידנית רכה 24ל-אדום,,0.00,,false,,49.00,0.00,false,1,12119
15519618,true,שמשיה -אדום,,,שמשיה -אדום,,0.00,,false,,19.00,0.00,true,1,13659
15519656,false,צידנית רכה 24ל-אפור,Unknown,,צידנית רכה 24ל-אפור,,0.00,,false,1,49.00,0.00,true,1,9740
15519663,true,שמשיה -ירוק,,,שמשיה -ירוק,,0.00,,false,,19.00,0.00,true,1,13660
15519670,true,צידנית רכה12 ל-אפור,,,צידנית רכה12 ל-אפור,,0.00,,false,,39.00,0.00,true,1,9741
15519694,false,חצובה + 2 פנסים,Unknown,,חצובה + 2 פנסים,,0.00,,false,1,299.00,0.00,false,1,10271
15519717,false,פרוזקטור נטען 10W,Unknown,,פרוזקטור נטען 10W,,0.00,,false,1,99.00,0.00,true,1,10757
15519793,false,מחצלת 2*3 CAMP & GO,Unknown,,מחצלת 2*3 CAMP & GO,,0.00,,false,1,50.00,0.00,true,1,9742
15519809,false,מחצלת 3*3 CAMP & GO,Unknown,,מחצלת 3*3 CAMP & GO,,0.00,,false,1,99.00,0.00,true,1,9743
15519816,false,מזרון שטח - חדש,Unknown,,מזרון שטח - חדש,,0.00,,false,1,99.00,0.00,true,1,9744
15597210,false,טילון קורנטו פרווה-מ,Unknown,,טילון קורנטו פרווה-מ,,430.00,100 גרם,false,1,36.00,8.37,true,1,13206
15597876,true,סולרו FRUIT BOOST,,,סולרו FRUIT BOOST,,0.00,,false,,9.50,0.00,true,1,12200
15597937,false,קורנטו קלאסיק חדש,Unknown,,קורנטו קלאסיק חדש,,70.00,100 גרם,false,1,10.00,14.29,true,1,12201
15667769,false,פחם 2 קג הדר השרון,Unknown,,פחם 2 קג הדר השרון,,2.00,"1 ק""ג",false,1,20.00,10.00,true,1,14601
15781114,false,מרלו - IMPRESSION,Unknown,,מרלו - IMPRESSION,,0.00,,false,1,47.90,0.00,false,1,16633
15781121,false,טפרברג קברנה סובניון,Unknown,,טפרברג קברנה סובניון,,0.00,,false,1,47.90,0.00,false,1,16634
15781138,false,שרדונה - IMPRESSION,Unknown,,שרדונה - IMPRESSION,,0.00,,false,1,47.90,0.00,false,1,16635
15781152,false,טפרברג רוזה יבש,Unknown,,טפרברג רוזה יבש,,0.00,,false,1,47.90,0.00,false,1,16636
15781275,false,טפרברג מוסקטו לבן,Unknown,,טפרברג מוסקטו לבן,,0.00,,false,1,37.90,0.00,false,1,16637
15781664,false,אלגרו למברוסקו,Unknown,,אלגרו למברוסקו,,0.00,,false,1,49.70,0.00,false,1,17659
15842631,false,כוסות לברד 40 יח,Unknown,,כוסות לברד 40 יח,,40.00,יחידה,false,1,11.90,0.30,false,1,13981
15848909,false,אולטרסול תחליב קידס,Unknown,,אולטרסול תחליב קידס,,0.00,,false,1,39.90,0.00,true,1,16638
15848923,false,אולטרסול 30 מבוגרים,Unknown,,אולטרסול 30 מבוגרים,,0.00,,false,1,39.90,0.00,true,1,16523
15848978,false,אולטרסול קרם פנים,Unknown,,אולטרסול קרם פנים,,75.00,"100 מ""ל",false,1,29.90,39.87,true,1,13982
15859042,false,לבבות קיסר,Unknown,,לבבות קיסר,,0.00,,false,1,12.90,0.00,true,1,16026
15859059,false,עלי חסה רומית בכור,Unknown,,עלי חסה רומית בכור,,0.00,,false,1,13.90,0.00,true,1,16052
15859202,false,בזיליקום ארוז ליח,Unknown,,בזיליקום ארוז ליח,,0.00,,false,1,5.90,0.00,true,1,16027
15951869,false,יין הר חרמון רוזה,Unknown,,יין הר חרמון רוזה,,0.00,,false,1,44.90,0.00,true,1,16641
15951890,false,יין הר חרמון קברנה,Unknown,,יין הר חרמון קברנה,,750.00,"100 מ""ל",false,1,44.90,5.95,true,1,15562
15988841,false,טבק לנרגילה תפוח 60,Unknown,,טבק לנרגילה תפוח 60,,60.00,100 גרם,false,1,35.00,58.33,false,1,12589
15988889,false,טבק לנרגילה אבטיח 60,Unknown,,טבק לנרגילה אבטיח 60,,60.00,100 גרם,false,1,35.00,58.33,false,1,12590
16006322,false,מי עדן 1ליטר בודד,Unknown,,מי עדן 1ליטר בודד,,1.00,1 ליטר,false,1,8.90,8.60,true,1,10309
16006339,false,מי עדן 1ל רביעייה,Unknown,,מי עדן 1ל רביעייה,,4.00,1 ליטר,false,1,12.90,2.92,true,1,10310
16006377,false,שוופס פרוטס תות ליים,Unknown,,שוופס פרוטס תות ליים,,330.00,"100 מ""ל",false,1,9.90,2.91,true,1,10312
16006766,true,ספרינג אננס 330 מל,,,ספרינג אננס 330 מל,,0.00,,false,,10.00,0.00,true,1,11578
16041064,false,ס.התנעה לרכב 12000MA,Unknown,,ס.התנעה לרכב 12000MA,,0.00,,false,1,299.00,0.00,false,1,12203
16081008,false,אוהל פתיחה ל4 אנשים,Unknown,,אוהל פתיחה ל4 אנשים,,0.00,,false,1,199.00,0.00,false,1,10116
16081206,false,ערסל זוגי,Unknown,,ערסל זוגי,,0.00,,false,1,99.00,0.00,true,1,13661
16081213,false,ערסל ישיבה,Unknown,,ערסל ישיבה,,0.00,,false,1,99.00,0.00,true,1,13662
16081237,false,גזיבו 3*3,Unknown,,גזיבו 3*3,,0.00,,false,1,299.00,0.00,true,1,12094
16081244,false,סט 3 כלים לגריל נרוס,Unknown,,סט 3 כלים לגריל נרוס,,0.00,,false,1,39.00,0.00,true,1,10753
16081268,false,מערכת ישיבה במאים,Unknown,,מערכת ישיבה במאים,,0.00,,false,1,99.90,0.00,false,1,10759
16081619,false,אוזניית בלוטות שחור,Unknown,,אוזניית בלוטות שחור,,0.00,,false,1,99.90,0.00,false,1,10877
16081626,false,אוזניית בלוטות לבן,Unknown,,אוזניית בלוטות לבן,,0.00,,false,1,99.90,0.00,false,1,10878
16094008,false,אולטרסול קרם פנים 50,Unknown,,אולטרסול קרם פנים 50,,0.00,,false,1,29.90,0.00,true,1,16522
16094015,false,אולטרסול קידס ק.פנים,Unknown,,אולטרסול קידס ק.פנים,,75.00,"100 מ""ל",false,1,29.90,39.87,true,1,13690
16094022,false,אולטרסול ספריי שקוף,Unknown,,אולטרסול ספריי שקוף,,0.00,,false,1,39.90,0.00,true,1,15356
16094039,false,אולסטרסול שקוף קידס,Unknown,,אולסטרסול שקוף קידס,,0.00,,false,1,39.90,0.00,true,1,15357
16094091,false,ספריי שקוף קידס,Unknown,,ספריי שקוף קידס,,200.00,"100 מ""ל",false,1,39.90,19.95,true,1,11583
16102307,false,ערכת מנגל חד פעמי,Unknown,,ערכת מנגל חד פעמי,,1.00,יחידה,false,1,15.00,15.00,false,1,13984
16102772,false,צלחות גדול 50 יח,Unknown,,צלחות גדול 50 יח,,50.00,יחידה,false,1,17.90,0.36,false,1,13985
16127959,true,ק. חשמלי זכוכית שחור,,,ק. חשמלי זכוכית שחור,,0.00,,false,,69.00,0.00,false,1,11021
16156555,true,משקה חדש לשדרוג,,,משקה חדש לשדרוג,,0.00,,false,,5.50,0.00,false,1,15520
16230888,false,סוללה CR2032 3V,Unknown,,סוללה CR2032 3V,,0.00,,false,1,3.90,0.00,true,1,12592
16246209,false,חלבה וניל 100 ג,Unknown,,חלבה וניל 100 ג,,100.00,100 גרם,false,1,6.90,6.90,false,1,13986
16279450,true,ערכת כירה ניידת לשטח,,,ערכת כירה ניידת לשטח,,0.00,,false,,159.00,0.00,false,1,11589
16667769,false,פחם 2 קג הדר השרון,Unknown,,פחם 2 קג הדר השרון,,2.00,"1 ק""ג",false,1,20.00,10.00,true,1,14608
16682083,false,פריניב ת.בננה 400מל,Unknown,,פריניב ת.בננה 400מל,,0.00,,false,1,10.90,0.00,true,1,16646
16682090,false,פריניב תמר בננה400,Unknown,,פריניב תמר בננה400,,0.00,,false,1,10.90,0.00,true,1,16647
16682144,false,פריניב קיווי תפוח400,Unknown,,פריניב קיווי תפוח400,,0.00,,false,1,10.90,0.00,true,1,16648
16682168,false,פריניב תפוזים 400מל,Unknown,,פריניב תפוזים 400מל,,0.00,,false,1,10.90,0.00,true,1,16649
16717631,false,מוסקטו PC,Unknown,,מוסקטו PC,,750.00,"100 מ""ל",false,1,50.00,6.63,true,1,15563
16809008,false,מלפפון בייבי ארוז,Unknown,,מלפפון בייבי ארוז,,0.00,,false,1,9.90,0.00,true,1,16041
16809015,false,פלפל גמדי ליח,Unknown,,פלפל גמדי ליח,,0.00,,false,1,9.90,0.00,true,1,16042
16898200,false,נרות חנוכה 44 יחידות,Unknown,,נרות חנוכה 44 יחידות,,44.00,יחידה,false,1,5.00,0.11,true,1,14609
16948158,false,40 מסכות שחורות,Unknown,,40 מסכות שחורות,,40.00,יחידה,false,1,14.30,0.36,false,1,15355
16948189,false,מארז 40 מסכות ילדים,Unknown,,מארז 40 מסכות ילדים,,40.00,יחידה,false,1,18.90,0.47,false,1,15950
16948271,false,מסכות מבוגר הדפס*10,Unknown,,מסכות מבוגר הדפס*10,,10.00,יחידה,false,1,9.90,0.99,false,1,14610
16997002,true,פחם 2 קג הנמל,,,פחם 2 קג הנמל,,0.00,,false,,20.00,0.00,true,1,13987
16998092,false,מלפפון בייבי ארוז,Unknown,,מלפפון בייבי ארוז,,0.00,,false,1,9.90,0.00,true,1,16043
17023809,false,ספרינג ס.תפוח*4,Unknown,,ספרינג ס.תפוח*4,,0.00,,false,1,15.90,0.00,true,1,17660
17023816,false,ספרינג פ.טרופיים*4,Unknown,,ספרינג פ.טרופיים*4,,0.00,,false,1,15.90,0.00,true,1,17661
17023823,false,ספרינג תות בננה*4,Unknown,,ספרינג תות בננה*4,,0.00,,false,1,15.90,0.00,true,1,17662
17088242,false,מגב בייבי בייסיק,Unknown,,מגב בייבי בייסיק,,0.00,,false,1,4.90,0.00,false,1,16650
17100418,false,כפפות לטקס עם אבקה L,Unknown,,כפפות לטקס עם אבקה L,,100.00,יחידה,false,1,42.00,0.42,true,1,13990
17275147,false,מאפה קינמון אחווה,Unknown,,מאפה קינמון אחווה,,0.00,,false,1,7.50,0.00,true,1,17663
17275598,false,מאפה רוגלך אחווה,Unknown,,מאפה רוגלך אחווה,,0.00,,false,1,7.50,0.00,true,1,17664
17275604,false,מאפה שוקוציפס אחווה,Unknown,,מאפה שוקוציפס אחווה,,0.00,,false,1,7.50,0.00,true,1,17665
17275697,false,מאפה קקאו אחווה,Unknown,,מאפה קקאו אחווה,,0.00,,false,1,7.50,0.00,true,1,17666
17295697,false,מאפה קקאו 120גרם,Unknown,,מאפה קקאו 120גרם,,0.00,,false,1,7.50,0.00,true,1,17667
17330037,false,נענע ארוז ליח,Unknown,,נענע ארוז ליח,,0.00,,false,1,3.90,0.00,true,1,16028
17470146,false,שיפודים במבוק עבים,Unknown,,שיפודים במבוק עבים,,100.00,יחידה,false,1,5.50,0.06,true,1,13993
17470252,false,כוסות קרטון 50 יח,Unknown,,כוסות קרטון 50 יח,,50.00,יחידה,false,1,11.90,0.24,false,1,15348
17470320,false,מדליק פחם מוצק,Unknown,,מדליק פחם מוצק,,20.00,יחידה,false,1,7.00,0.35,false,1,13994
17513775,false,בייגלה שוקולד חלב,Unknown,,בייגלה שוקולד חלב,,140.00,100 גרם,false,1,9.90,7.07,true,1,15923
17589565,false,יין קלא גוורץ 750מל,Unknown,,יין קלא גוורץ 750מל,,750.00,"100 מ""ל",false,1,38.00,5.03,true,1,12598
17589633,false,רזרב קברנה סוביניון,Unknown,,רזרב קברנה סוביניון,,750.00,"100 מ""ל",false,1,50.00,6.63,true,1,15565
17599250,false,סוכרזית קלאסי 120 ש,Unknown,,סוכרזית קלאסי 120 ש,,0.00,,false,1,19.90,0.00,true,1,16654
17617008,false,טונה בשמן 140 ג 3 יח,Unknown,,טונה בשמן 140 ג 3 יח,,0.00,,false,1,19.90,0.00,false,1,16655
17617015,false,סטארקיסט טונה במים 3,Unknown,,סטארקיסט טונה במים 3,,0.00,,false,1,19.90,0.00,false,1,16656
17617091,false,טונה ס.מ. טוגו פתיתי,Unknown,,ס. מ. טוגו טונה עם פ,,0.00,,false,1,14.50,0.00,true,1,16509
17617107,false,טונה ס.מ. טוגו דגנים,Unknown,,ס. מ. טוגו טונה,,0.00,,false,1,14.50,0.00,true,1,16510
17617459,false,טונה ס.ק רביעיות 120,Unknown,,טונה ס.ק רביעיות 120,,0.00,,false,1,22.90,0.00,false,1,16657
17617466,false,טונה ס.ק מים 120,Unknown,,טונה ס.ק מים 120,,0.00,,false,1,22.90,0.00,false,1,16658
17627205,false,כריך טונה כוסמין,Unknown,,כריך טונה כוסמין,,130.00,100 גרם,false,1,15.00,11.54,true,1,15601
17627335,false,כריך חביתה כוסמין,Unknown,,כריך חביתה כוסמין,,140.00,100 גרם,false,1,15.00,10.71,true,1,15602
17627342,false,כריך גאודה כוסמין,Unknown,,כריך גאודה כוסמין,,100.00,100 גרם,false,1,15.00,15.00,true,1,15603
17627663,false,ראפ טוניסאי,Unknown,,ראפ טוניסאי,,250.00,100 גרם,false,1,23.00,9.20,true,1,13999
17627731,false,לורד סלט יאסו יווני,Unknown,,לורד סלט יאסו יווני,,470.00,100 גרם,false,1,23.00,4.89,true,1,15575
17627755,false,לורד סלט טונה,Unknown,,לורד סלט טונה,,500.00,100 גרם,false,1,23.00,4.60,true,1,15576
17627762,false,לורד סלט גאודה,Unknown,,לורד סלט גאודה,,450.00,100 גרם,false,1,23.00,5.11,true,1,15577
17627779,false,לורד סלט בטטה,Unknown,,לורד סלט בטטה,,380.00,100 גרם,false,1,23.00,6.05,true,1,15578
17627816,false,ראפ עוף סצואן,Unknown,,ראפ עוף סצואן,,220.00,100 גרם,false,1,23.00,10.45,true,1,14001
17627823,false,כריך בריסקט לורד,Unknown,,כריך בריסקט לורד,,350.00,100 גרם,false,1,23.00,6.57,true,1,15579
17627830,false,כריך הודו בריבוע,Unknown,,כריך הודו בריבוע,,330.00,100 גרם,false,1,23.00,6.97,true,1,15580
17627854,false,סלט הקיסר לורד,Unknown,,סלט הקיסר לורד,,0.00,,false,1,23.00,0.00,true,1,15581
17627878,false,כריך סיאסטה לורד,Unknown,,כריך סיאסטה לורד,,0.00,,false,1,23.00,0.00,true,1,17668
17627885,false,כריך חביתוש לורד,Unknown,,כריך חביתוש לורד,,260.00,100 גרם,false,1,23.00,8.85,true,1,15583
17627892,false,כריך גאקומלי,Unknown,,כריך גאקומלי,,300.00,100 גרם,false,1,23.00,7.67,true,1,15584
17627915,false,כריך סר סביח,Unknown,,כריך סר סביח,,290.00,100 גרם,false,1,23.00,7.93,true,1,15585
17627922,false,כריך פריקסה,Unknown,,כריך פריקסה,,270.00,100 גרם,false,1,23.00,8.52,true,1,15586
17641744,false,איגלו סטיקס,Unknown,,איגלו סטיקס,,800.00,"100 מ""ל",false,1,6.00,0.75,true,1,14002
17647425,false,יין גמלא קברנה,Unknown,,יין גמלא קברנה,,750.00,"100 מ""ל",false,1,87.90,11.68,true,1,15566
17668017,false,T.A סושי צמחוני,Unknown,,T.A סושי צמחוני,,0.00,,false,1,29.00,0.00,false,1,17669
17668024,false,סושי דגים,Unknown,,סושי דגים,,0.00,,false,1,29.00,0.00,false,1,17670
17812335,true,ספארקלינג מוגו לבן,,,ספארקלינג מוגו לבן,,0.00,,false,,40.00,0.00,true,1,14003
17812342,true,ספארקלינג מוגו אדום,,,ספארקלינג מוגו אדום,,0.00,,false,,40.00,0.00,true,1,14004
17888019,false,משקה תפוח רימון סלק,Unknown,,משקה תפוח רימון סלק,,0.00,,false,1,12.90,0.00,true,1,12602
17888026,false,משקה אננס תפוח וגזר,Unknown,,משקה אננס תפוח וגזר,,350.00,"100 מ""ל",false,1,12.90,3.60,true,1,12603
17888033,false,משקה בננה מלון נענע,Unknown,,משקה בננה מלון נענע,,350.00,"100 מ""ל",false,1,12.90,3.60,true,1,12604
17888354,false,מי עדן 750 בק בודד,Unknown,,מי עדן 750 בק בודד,,750.00,"100 מ""ל",false,1,9.50,1.23,true,1,14612
17888644,false,משקה אננס בננה,Unknown,,משקה אננס בננה,,350.00,"100 מ""ל",false,1,12.90,3.60,true,1,14005
17888873,false,שוופס אבטיח ליים,Unknown,,שוופס אבטיח ליים,,330.00,"100 מ""ל",false,1,8.00,2.33,true,1,14006
17888880,false,שוופס אננס קוקוס,Unknown,,שוופס אננס קוקוס,,330.00,"100 מ""ל",false,1,8.00,2.33,true,1,14007
17888972,false,מי עדן 1 ל פ.ספורט,Unknown,,מי עדן 1 ל פ.ספורט,,1.00,1 ליטר,false,1,8.90,8.60,true,1,14613
17917993,false,אולטרסול Free ספרי50,Unknown,,אולטרסול Free ספרי50,,200.00,"100 מ""ל",false,1,39.90,19.95,true,1,15779
17925028,false,צרי שוף 330 מארז 3,Unknown,,צרי שוף 330 מארז 3,,0.00,,false,1,49.00,0.00,true,1,16662
17925318,false,רביעיית בלומון 330מל,Unknown,,רביעיית בלומון 330מל,,0.00,,false,1,49.30,0.00,true,1,16663
17969817,false,כוסות לונג דרינק,Unknown,,כוסות לונג דרינק,,10.00,יחידה,false,1,11.90,1.19,true,1,14614
17971940,false,לורד טוסט פטריות אלפ,Unknown,,לורד טוסט פטריות אלפ,,220.00,100 גרם,false,1,18.00,8.18,true,1,14009
17994031,false,שזיף צהוב ארוז,Unknown,,שזיף צהוב ארוז,,0.00,,false,1,12.90,0.00,false,1,16029
17994055,false,שסק באריזה ליח,Unknown,,שסק באריזה ליח,,0.00,,false,1,15.90,0.00,true,1,16030
17994062,false,משמש באריזה ליח,Unknown,,משמש באריזה ליח,,0.00,,false,1,15.90,0.00,true,1,16031
17994093,false,ענב ירוק באריזה ליח,Unknown,,ענב ירוק באריזה ליח,,0.00,,false,1,23.90,0.00,true,1,16032
17994109,false,ענב אדום באריזה ליח,Unknown,,ענב אדום באריזה ליח,,0.00,,false,1,21.90,0.00,true,1,16033
17994116,false,שרי צהוב באריזה ליח,Unknown,,שרי צהוב באריזה ליח,,0.00,,false,1,11.90,0.00,false,1,16034
17994123,false,שרי שוקולד באריזהליח,Unknown,,שרי שוקולד באריזהליח,,0.00,,false,1,11.90,0.00,false,1,16035
17994130,false,שרי בקבוקים באריזה,Unknown,,שרי בקבוקים באריזה,,0.00,,false,1,11.90,0.00,false,1,16036
17994147,false,שרי תמר באריזה ליח,Unknown,,שרי תמר באריזה ליח,,0.00,,false,1,11.90,0.00,false,1,16037
17994260,false,תמר בהרי ארוז,Unknown,,תמר בהרי ארוז,,0.00,,false,1,14.90,0.00,true,1,16053
17994307,false,תפוח גרנד באריזה,Unknown,,תפוח גרנד באריזה,,0.00,,false,1,13.90,0.00,true,1,16044
17994314,false,תפוח זהוב באריזה,Unknown,,תפוח זהוב באריזה,,0.00,,false,1,13.90,0.00,true,1,16045
17994611,false,אגס אדום באריזה,Unknown,,אגס אדום באריזה,,0.00,,false,1,12.90,0.00,false,1,16054
18043110,false,אול אין קשיו קרמל,Unknown,,אול אין קשיו קרמל,,60.00,100 גרם,false,1,14.90,24.83,true,1,15656
18043134,false,אול אין ש.לבן עוגיות,Unknown,,אול אין ש.לבן עוגיות,,60.00,100 גרם,false,1,14.90,24.83,true,1,15657
18043196,false,פראוד ש.לבן עוגיות,Unknown,,פראוד ש.לבן עוגיות,,0.00,,false,1,13.00,0.00,false,1,16665
18043295,false,פראוד ונילה קראנץ,Unknown,,פראוד ונילה קראנץ,,0.00,,false,1,13.00,0.00,false,1,16666
18043301,false,אול אין ונילה קראנץ,Unknown,,אול אין ונילה קראנץ,,60.00,100 גרם,false,1,14.90,24.83,true,1,15658
18043592,false,אול אין משקה אפרסק20,Unknown,,אול אין משקה אפרסק20,,500.00,"100 מ""ל",false,1,19.00,3.74,true,1,15619
18043608,false,אול אין משקה פ.יער20,Unknown,,אול אין משקה פ.יער20,,500.00,"100 מ""ל",false,1,19.00,3.74,true,1,15620
18043639,false,פראוד שוקולד קריספ,Unknown,,פראוד שוקולד קריספ,,0.00,,false,1,9.90,0.00,false,1,16667
18043899,false,חטיף חלבון ב.קרמל,Unknown,,חטיף חלבון ב.קרמל,,0.00,,false,1,14.90,0.00,true,1,16668
18091821,false,פיצה נפוליטנה מעדנות,Unknown,,פיצה נפוליטנה מעדנות,,0.00,,false,1,18.90,0.00,true,1,16463
18131077,false,שלגון מילקה וניל,Unknown,,שלגון מילקה וניל,,71.00,100 גרם,false,1,13.90,19.58,true,1,15239
18131091,true,לה פרוטה אסאי וקוקוס,,,לה פרוטה אסאי וקוקוס,,0.00,,false,,8.90,0.00,true,1,14011
18131190,true,שלגון אקסל,,,שלגון אקסל,,0.00,,false,,11.00,0.00,true,1,14012
18131213,true,טילון מיניונים,,,טילון מיניונים,,0.00,,false,,9.90,0.00,true,1,14013
18131237,true,קראנץ קרמל פופקורן,,,קראנץ קרמל פופקורן,,0.00,,false,,12.30,0.00,true,1,14014
18131251,false,אקסטרים מטבע שוקולד,Unknown,,אקסטרים מטבע שוקולד,,115.00,100 גרם,false,1,12.90,11.22,true,1,14015
18131275,true,שלגון יום הולדת,,,שלגון יום הולדת,,0.00,,false,,10.00,0.00,true,1,14016
18131312,false,קרמריה שוקו וניל,Unknown,,קרמריה שוקו וניל,,0.00,,false,1,25.00,0.00,true,1,16669
18131336,false,ליון שלגון נסטלה,Unknown,,ליון שלגון נסטלה,,66.00,100 גרם,false,1,13.90,21.06,true,1,15240
18131343,false,קרמריה וניל שוקו.חתס,Unknown,,קרמריה וניל שוקו.חתס,,0.00,,false,1,25.00,0.00,true,1,16670
18131367,true,קוקילידה וניל ציפ,,,קוקילידה וניל ציפ,,0.00,,false,,12.30,0.00,true,1,14017
18131428,false,אקסטרים מסקרפונה תות,Unknown,,אקסטרים מסקרפונה תות,,115.00,100 גרם,false,1,12.90,11.22,true,1,14018
18131442,false,שלגון מילקה,Unknown,,שלגון מילקה,,66.00,100 גרם,false,1,13.00,19.70,true,1,14019
18131572,false,מיני בייטס מילקה,Unknown,,מיני בייטס מילקה,,85.00,100 גרם,false,1,12.00,14.12,true,1,14020
18131596,false,מיני בייטס אוראו,Unknown,,מיני בייטס אוראו,,85.00,100 גרם,false,1,12.00,14.12,true,1,14021
18131640,false,קראנץ בלונד,Unknown,,קראנץ בלונד,,100.00,100 גרם,false,1,13.90,13.90,true,1,15241
18131770,false,שלגון וניל מצופה,Unknown,,שלגון וניל מצופה,,55.00,100 גרם,false,1,7.90,14.36,true,1,15242
18131794,false,קראנץ וניל ש.מריר,Unknown,,קראנץ וניל ש.מריר,,100.00,100 גרם,false,1,12.90,12.90,true,1,15243
18131817,false,לה פרוטה הדרים אדומי,Unknown,,לה פרוטה הדרים אדומי,,70.00,100 גרם,false,1,9.90,14.14,true,1,15244
18131831,false,מילקה שלגון וניל מאג,Unknown,,מילקה שלגון וניל מאג,,264.00,100 גרם,false,1,36.00,13.64,true,1,15251
18131855,false,מ.אקסטרים בראוניז,Unknown,,מ.אקסטרים בראוניז,,322.00,100 גרם,false,1,36.90,11.46,true,1,15252
18131879,false,מ.אקסטרים ריבת חלב,Unknown,,מ.אקסטרים ריבת חלב,,322.00,100 גרם,false,1,36.90,11.46,true,1,15253
18131893,false,מ.אקסטרים פקאן,Unknown,,מ.אקסטרים פקאן,,322.00,100 גרם,false,1,36.90,11.46,true,1,15254
18131978,false,טילון אוראו,Unknown,,טילון אוראו,,68.50,100 גרם,false,1,9.90,14.45,true,1,15236
18156018,false,אולטרסול Free Kids,Unknown,,אולטרסול Free Kids,,200.00,"100 מ""ל",false,1,39.90,19.95,true,1,15782
18165010,false,ברקן גוורצטרמינר,Unknown,,ברקן גוורצטרמינר,,750.00,"100 מ""ל",false,1,50.00,6.63,true,1,14022
18165027,false,רזרב גולד רוזה 750,Unknown,,רזרב גולד רוזה 750,,0.00,,false,1,50.00,0.00,true,1,17671
18165447,false,ברקן רזרב מרלו,Unknown,,ברקן רזרב מרלו,,750.00,"100 מ""ל",false,1,50.00,6.63,true,1,15587
18194928,false,וודקה טראמפ 700מל,Unknown,,וודקה טראמפ 700מל,,0.00,,false,1,89.90,0.00,false,1,16671
18198506,false,תפוגן ציפס 1.25 קג,Unknown,,תפוגן ציפס 1.25 קג,,0.00,,false,1,28.90,0.00,false,1,16672
18204986,false,שיפודי במבוק 90יח,Unknown,,שיפודי במבוק 90יח,,90.00,יחידה,false,1,4.50,0.05,false,1,14023
18301364,false,טוסטיה פיצה,Unknown,,טוסטיה פיצה,,0.00,,false,1,18.00,0.00,false,1,17672
18343463,false,אלכוגל פורטה 200 מל,Unknown,,אלכוגל פורטה 200 מל,,200.00,"100 מ""ל",false,1,16.90,8.45,true,1,14024
18440193,false,בייגלה חמאת בוטנים,Unknown,,בייגלה חמאת בוטנים,,140.00,100 גרם,false,1,9.90,7.07,true,1,15921
18440209,false,בייגלה פאדג לבן,Unknown,,בייגלה פאדג לבן,,140.00,100 גרם,false,1,9.90,7.07,true,1,15922
18441626,false,פיינט מנטה עוגיות,Unknown,,פיינט מנטה עוגיות,,0.00,,false,1,31.00,0.00,true,1,16674
18441886,false,שורטי דולצה דה לצה,Unknown,,שורטי דולצה דה לצה,,0.00,,false,1,11.80,0.00,true,1,16675
18471111,false,שוופס ל.מוחיטו 330מל,Unknown,,שוופס ל.מוחיטו 330מל,,0.00,,false,1,9.90,0.00,true,1,17673
18471128,false,ספרינג שייק אננס,Unknown,,ספרינג שייק אננס,,330.00,"100 מ""ל",false,1,12.90,3.82,true,1,15604
18471135,false,ספרינג שייק בננה,Unknown,,ספרינג שייק בננה,,330.00,"100 מ""ל",false,1,12.90,3.82,true,1,15605
18471142,false,ספרינג שייק קוקוס,Unknown,,ספרינג שייק קוקוס,,330.00,"100 מ""ל",false,1,12.90,3.82,true,1,15606
18471180,false,משקה תפוח גזר 1ל,Unknown,,משקה תפוח גזר 1ל,,0.00,,false,1,15.90,0.00,true,1,16485
18471197,false,מ.תפוח בננה מלון 1ל,Unknown,,מ.תפוח בננה מלון 1ל,,0.00,,false,1,15.90,0.00,true,1,16486
18471401,false,משקה אננס בננה 1ל,Unknown,,משקה אננס בננה 1ל,,0.00,,false,1,15.90,0.00,true,1,16487
18471548,false,ספרינג ענבים*4,Unknown,,ספרינג ענבים*4,,0.00,,false,1,15.90,0.00,true,1,17674
18471753,false,מ.אלוורה ב.אננס,Unknown,,מ.אלוורה ב.אננס,,350.00,"100 מ""ל",false,1,10.90,3.03,true,1,15615
18471760,false,מ.אלוורה ב.ליצי,Unknown,,מ.אלוורה ב.ליצי,,350.00,"100 מ""ל",false,1,10.90,3.03,true,1,15616
18471777,false,מ.אלוורה ב.פטל,Unknown,,מ.אלוורה ב.פטל,,350.00,"100 מ""ל",false,1,10.90,3.03,true,1,15617
18471784,false,מ.אלוורה ב.קווי,Unknown,,מ.אלוורה ב.קווי,,350.00,"100 מ""ל",false,1,10.90,3.03,true,1,15618
18471913,false,שוופס פ.תפוח 1.5 פ,Unknown,,שוופס פ.תפוח 1.5 פ,,0.00,,false,1,13.90,0.00,true,1,16676
18471920,false,שוופס מ.ענבים 1.5 פ,Unknown,,שוופס מ.ענבים 1.5 פ,,0.00,,false,1,13.90,0.00,true,1,16677
18471944,false,שוופס למונייד 1.5 פ,Unknown,,שוופס למונייד 1.5 פ,,0.00,,false,1,13.90,0.00,true,1,16678
18652015,false,שלגון סופר רולר,Unknown,,שלגון סופר רולר,,75.00,100 גרם,false,1,10.90,14.53,true,1,15237
18652039,false,לה קרמריה ק.מלוח,Unknown,,לה קרמריה ק.מלוח,,1.40,1 ליטר,false,1,26.90,19.21,true,1,15250
18652053,false,ביסקולידה אקסטרה,Unknown,,ביסקולידה אקסטרה,,100.00,100 גרם,false,1,10.90,10.90,true,1,15238
18652190,false,קראנץ בר,Unknown,,קראנץ בר,,0.00,,false,1,9.90,0.00,true,1,16679
18652213,false,קראנץ בר מאגדת,Unknown,,קראנץ בר מאגדת,,0.00,,false,1,27.00,0.00,true,1,16680
18652657,false,מאגדת מניוגו לייט,Unknown,,מאגדת מניוגו לייט,,0.00,,false,1,29.90,0.00,true,1,16681
18652671,false,לה קרמריה שוקו וניל,Unknown,,לה קרמריה שוקו וניל,,0.00,,false,1,25.00,0.00,true,1,16682
18652688,false,לה קרמריה פ.טרופיים,Unknown,,לה קרמריה פ.טרופיים,,0.00,,false,1,25.00,0.00,true,1,16683
18652695,false,ביסקולידה שוקו בננה,Unknown,,ביסקולידה שוקו בננה,,0.00,,false,1,10.00,0.00,true,1,16684
18652718,false,שלגון מילקה אגוזים,Unknown,,שלגון מילקה אגוזים,,0.00,,false,1,13.90,0.00,true,1,16685
18652756,false,שתותי טרופי,Unknown,,שתותי טרופי,,0.00,,false,1,7.90,0.00,true,1,16686
18652770,false,טילון בייגלה מלוח,Unknown,,טילון בייגלה מלוח,,0.00,,false,1,12.50,0.00,true,1,16687
18652817,false,שלגון פרווה ו.עוגיות,Unknown,,שלגון פרווה ו.עוגיות,,0.00,,false,1,7.90,0.00,true,1,16688
18652862,false,באבל גאם,Unknown,,באבל גאם,,0.00,,false,1,9.90,0.00,true,1,16689
18652886,false,מאגדת מ.שוקו בננה*8,Unknown,,מאגדת מ.שוקו בננה*8,,0.00,,false,1,32.00,0.00,true,1,16690
18652909,false,מאגדת קפה ש.פקאן,Unknown,,מאגדת קפה ש.פקאן,,0.00,,false,1,29.90,0.00,true,1,16691
18652923,false,מאגדת תות שוקלד לבן,Unknown,,מאגדת תות שוקלד לבן,,0.00,,false,1,29.90,0.00,true,1,16692
18652947,false,קראנץ פיסטוק,Unknown,,קראנץ פיסטוק,,0.00,,false,1,13.90,0.00,true,1,16693
18703052,false,פראוד עוגיות קראנץ,Unknown,,פראוד עוגיות קראנץ,,0.00,,false,1,9.90,0.00,false,1,16694
18703076,false,חטיף חלבון ד.שוקולד,Unknown,,חטיף חלבון ד.שוקולד,,0.00,,false,1,14.90,0.00,true,1,16695
18703304,false,אול אין ק.עוגיות,Unknown,,אול אין ק.עוגיות,,0.00,,false,1,13.90,0.00,true,1,16696
18703489,false,אול אין בננה טופי,Unknown,,אול אין בננה טופי,,0.00,,false,1,13.90,0.00,true,1,16697
18825464,false,אבוקדו מיני האס יח,Unknown,,אבוקדו מיני האס יח,,0.00,,false,1,8.90,0.00,true,1,16698
18848005,false,יין רוזה בפחית 250מל,Unknown,,יין רוזה בפחית 250מל,,0.00,,false,1,17.90,0.00,false,1,16699
18848012,false,יין לבן בפחית 250 מל,Unknown,,יין לבן בפחית 250 מל,,0.00,,false,1,17.90,0.00,false,1,16700
18848029,false,יין רוזה בפחית,Unknown,,יין רוזה בפחית,,0.00,,false,1,68.00,0.00,false,1,16701
18848036,false,יין לבן בפחית*4,Unknown,,יין לבן בפחית*4,,0.00,,false,1,68.00,0.00,false,1,16702
18894019,false,בלקוני עוגות חלב,Unknown,,בלקוני עוגות חלב,,0.00,,false,1,19.90,0.00,true,1,17675
18925065,false,פרימור סחוט תפוז 2 פ,Unknown,,פרימור סחוט תפוז 2 פ,,0.00,,false,1,29.20,0.00,true,1,16703
18949009,false,גרופר תפוזזה 330מל,Unknown,,גרופר תפוזזה 330מל,,0.00,,false,1,12.90,0.00,true,1,16704
18949016,false,גרופר תפוחחה 330מל,Unknown,,גרופר תפוחחה 330מל,,0.00,,false,1,12.90,0.00,true,1,16705
18949023,false,גרופר לימוננדה 330מל,Unknown,,גרופר לימוננדה 330מל,,0.00,,false,1,12.90,0.00,true,1,16706
19038368,false,מארז 6 בלו בצידנית,Unknown,,מארז 6 בלו בצידנית,,0.00,,false,1,29.90,0.00,true,1,16707
19056065,false,שוופס פ.יער 1.5 פ,Unknown,,שוופס פ.יער 1.5 פ,,0.00,,false,1,13.90,0.00,true,1,16708
19056096,false,שוופס מ.אפרסק 1.5פ,Unknown,,שוופס מ.אפרסק 1.5פ,,0.00,,false,1,13.90,0.00,true,1,16709
19056119,false,שוופס סודה 1.5 פ,Unknown,,שוופס סודה 1.5 פ,,0.00,,false,1,8.90,0.00,true,1,16710
19056362,false,תפוזינה ענבים 1.5 פ,Unknown,,תפוזינה ענבים 1.5 פ,,0.00,,false,1,13.90,0.00,true,1,16711
19056515,false,פרוט ו.אננס 1.5 פ,Unknown,,פרוט ו.אננס 1.5 פ,,0.00,,false,1,13.90,0.00,true,1,16712
19056546,false,פרוט ו.אבטיח 1.5 פ,Unknown,,פרוט ו.אבטיח 1.5 פ,,0.00,,false,1,13.90,0.00,true,1,16713
19056553,false,עין גדי 2 ל שישיה פ,Unknown,,עין גדי 2 ל שישיה פ,,0.00,,false,1,13.80,0.00,true,1,16714
19056577,false,ספרינג מנגו 1.5 פ,Unknown,,ספרינג מנגו 1.5 פ,,0.00,,false,1,13.90,0.00,true,1,16715
19056584,false,ספרינג תפוז 1.5 פ,Unknown,,ספרינג תפוז 1.5 פ,,0.00,,false,1,13.90,0.00,true,1,16716
19056638,false,ספרינג ת.בננה 1.5 פ,Unknown,,ספרינג ת.בננה 1.5 פ,,0.00,,false,1,13.90,0.00,true,1,16717
19056645,false,ספרינג ס.תפוח 1.5 פ,Unknown,,ספרינג ס.תפוח 1.5 פ,,0.00,,false,1,13.90,0.00,true,1,16718
19056959,false,מי עדן 1.5 בודד פ,Unknown,,מי עדן 1.5 בודד פ,,0.00,,false,1,9.90,0.00,true,1,16719
19056980,false,מי עדן שמינייה 1.5 פ,Unknown,,מי עדן שמינייה 1.5 פ,,0.00,,false,1,26.00,0.00,true,1,16720
19153221,false,אננס שוופס חצי ליטר,Unknown,,אננס שוופס חצי ליטר,,0.00,,false,1,9.90,0.00,true,1,16721
19153238,false,תפוח שוופס חצי ליטר,Unknown,,תפוח שוופס חצי ליטר,,0.00,,false,1,9.90,0.00,true,1,16722
19153245,false,לימון שוופס חצי ליטר,Unknown,,לימון שוופס חצי ליטר,,0.00,,false,1,9.90,0.00,true,1,16723
19153313,false,פרוט&ווג ת.חמוציות,Unknown,,פרוט&ווג ת.חמוציות,,0.00,,false,1,12.90,0.00,true,1,16724
19153368,false,תפוזינה מוחיטו 330,Unknown,,תפוזינה מוחיטו 330,,0.00,,false,1,8.90,0.00,true,1,16725
19153382,false,תפוזינה סנגרייה 330,Unknown,,תפוזינה סנגרייה 330,,0.00,,false,1,8.90,0.00,true,1,16726
19153399,false,תפוזינה פ.אוזו 330,Unknown,,תפוזינה פ.אוזו 330,,0.00,,false,1,8.90,0.00,true,1,16727
19203100,false,ראפ פלאפל,Unknown,,ראפ פלאפל,,0.00,,false,1,18.00,0.00,false,1,17676
19203148,false,מוזלי כשלפ,Unknown,,מוזלי כשלפ,,0.00,,false,1,16.00,0.00,true,1,16728
19232834,false,בייגלה ק.עוגיות שוק,Unknown,,בייגלה ק.עוגיות שוק,,0.00,,false,1,9.90,0.00,true,1,17677
23423543,false,קוקה קולה סליק פחית,Unknown,,קוקה קולה סליק פחית,,0.00,,false,1,8.00,0.00,true,1,15989
30107014,false,נייר גלגול גדול + פילטר בודד,Unknown,IL,נ.ג סלים+פילטר 32יח,,0.00,,false,1,8.50,0.00,false,1,9309
30112902,false,נייר גלגול קטן+פילטר יח,TECHNOLOGIES REPUBLIC,FR,נייר גלגול קטן+פילטר,,0.00,,false,1,7.00,0.00,false,1,10157
30112919,false,נייר גלגול בינוני + פילטר בודד,Unknown,IL,נ.ג בינוני+פילטר24יח,,0.00,,false,1,7.00,0.00,false,1,9310
31444150,true,ביגטוק 150בונוס+200G,,,ביגטוק 150בונוס+200G,,0.00,,false,,150.00,0.00,false,1,14619
40052403,false,קיט קט 4 אצבעות שוקולד חלב,נסטלה Nestle,DE,קיט קאט אצבעות 41.5,,41.50,100 גרם,false,1,6.90,16.63,true,1,10342
40084107,false,ביצת שוקולד הפתעה קינדר,פרדי קונדטוריה אס פי,IT,ביצת הפתעה קינדר,,20.00,100 גרם,false,1,8.00,40.00,true,1,206
40084725,false,קינדר מילק סלייס 28 גרם,פררו טורקיה צ'\יקולטה וו,TR,קינדר מילק סלייס,,28.00,100 גרם,false,1,5.00,17.86,true,1,15590
40099606,false,אורביט סטיקס ספרמינט13ג,ריגלי צרפת,FR,אורביט ספירמינט סטיק,,16.00,100 גרם,false,1,3.50,21.88,true,1,254
40099705,false,"מסטיק אורביט מנטה לל""ס 5יח'",ליימן מותגים,FR,אורביט פפרמינט סטיק,,16.00,100 גרם,false,1,3.50,21.88,true,1,255
40111216,false,באונטי חטיף קוקוס ושוקולד 57ג',"נארז ע""י : א.ג. גילר",NL,באונטי חטיף שוקולד,,57.68,100 גרם,false,1,6.50,11.27,true,1,168
40144061,false,קנופרס חטיף וופל 25 גרם 24 יח,ליימן שליסל,DE,וופל קנופרס,,0.00,,false,1,5.50,0.00,true,1,16797
40677804,false,"יגרמייסטר 200מ""ל",ייגרמיסטר,LV,יגרמייסטר 200 מל,,0.00,,false,1,32.90,0.00,false,1,17680
41001356,false,"בירה בקס פחית 500 מ""ל",יבואן ומשווק: ש. שסט,DE,בקס בירה 500 מל,,0.00,,false,1,18.00,0.00,true,1,16198
41444079,true,חופשי 79 + 80GB,,,חופשי 79 + 80GB,,0.00,,false,,79.00,0.00,false,1,14063
41444099,true,חופשי 99 + 100GB,,,חופשי 99 + 100GB,,0.00,,false,,99.00,0.00,false,1,14064
42061939,false,"בירה בקס בקבוק 500 מ""ל בקבוק","איי, בי, אינבוו",DE,בקס בקבוק 500מל,,0.00,,false,1,17.00,0.00,true,1,16809
42101666,false,"מסטיק בטעם מנטה ואקליפטוס איירווייבס 35 גרם לל""ס",ריגלי,GB,איירוויז מנטה אקליפט,,39.00,100 גרם,false,1,7.90,20.26,true,1,10416
42113263,false,אורביט סטיקס בודד תות,ריגלי צרפת,FR,אורביט תות סטיק,,16.00,100 גרם,false,1,3.50,21.88,true,1,2080
42138105,false,סיגריות וינסטון סלימס כחול בודד,גיי טי אינטרנשיונל,CH,וינסטון ס.סלימס כחול,,0.00,,false,1,34.00,0.00,false,1,4325
42138129,false,סיגריות וינסטון סופר סלימס מנטול,Unknown,CH,וינסטון ס.ס מנטול,,0.00,,false,1,34.00,0.00,false,1,4326
42139430,false,כאמל שחור חפיסה חפיסה,Unknown,CH,כאמל שחור חפיסה,,0.00,,false,1,32.00,0.00,false,1,9299
42139447,false,סיגריות כאמל לבן חפי,Unknown,CH,כאמל לבן חפיסה,,0.00,,false,1,32.00,0.00,false,1,9300
42154662,false,אורביט באריזת מעטפה ספירמינט מסטיק,ריגלי צרפת,FR,אורביט מעטפה ספירמינ,,35.00,100 גרם,false,1,7.50,21.43,true,1,2088
42174479,false,אורביט מעטפה תות 27 גרם,ריגלי צרפת,FR,אורביט תות מעטפה,,35.00,100 גרם,false,1,7.50,21.43,true,1,10418
42182108,false,מסטיק פייב פפרמינט 12 סטיקס,ריגלי צרפת,FR,פייב מסטיק מנטה,,36.00,100 גרם,false,1,8.00,22.22,true,1,4616
42182115,false,אורביט פייב ספירמינט 12 סטיקס 29 גר,ריגלי צרפת,FR,פייב מסטיק מ.עדינה,,36.00,100 גרם,false,1,8.00,22.22,true,1,4617
42188889,false,אורביט פייב אבטיח 12 סטיקס 29 גר,ריגלי צרפת,FR,פייב מסטיק אבטיח,,36.00,100 גרם,false,1,8.00,22.22,true,1,5800
42212119,false,אורביט פרופשיונל באריזת מעטפה פפרמינט,ריגלי צרפת,FR,אורביט פפרמינט מעטפה,,35.00,100 גרם,false,1,7.50,21.43,true,1,10419
42212287,false,פייב סטיקס אבטיח,Unknown,,פייב סטיקס אבטיח,,14.00,100 גרם,false,1,3.50,25.00,true,1,7975
42212294,false,פייב סטיקס מנטה,Unknown,,פייב סטיקס מנטה,,14.00,100 גרם,false,1,3.50,25.00,true,1,7976
42306788,false,מסטיק בטעם אוכמניות ומנטה איירווייבס 35 גרם,ריגלי,GB,איירוויז אכמניות מנט,,39.00,100 גרם,false,1,7.90,20.26,true,1,10430
46546461,false,בדיקה 2,Unknown,,בדיקה 2,,0.00,,false,1,100.00,0.00,false,1,16059
49814521,false,צ'ופה צ'ופס גלגל לקק,צ'ופה צ'ופס,ES,צופה צופס לקקן,,1.76,"1 ק""ג",false,1,2.10,1.19,true,1,14069
52070082,false,פאלמאל סופר סלמס ויולט ח,Unknown,CH,פאל מאל ס.ס ויולט טי,,0.00,,false,1,30.50,0.00,false,1,12660
54509955,false,סיגריות מרילנד אדום,חב טבק לנדוויק,LU,מרילנד אדום- חפיסה,,0.00,,false,1,28.50,0.00,false,1,11068
54509962,false,סיגריות מרילנד כחול,חב טבק לנדוויק,LU,מרילנד כחול- חפיסה,,0.00,,false,1,28.50,0.00,false,1,11069
59039549,false,סיגריות ווג פריזון מנטה בודד,Unknown,PL,ווג מנטה חפיסה,,0.00,,false,1,40.00,0.00,false,1,6304
59068907,false,סיגריות פאל מאל כחול דמי סלימס,גלוברנס,PL,פאל מאל כחול דמי סלי,,0.00,,false,1,26.50,0.00,false,1,12673
59068914,false,סיגריות פאל מאל סילבר דמי סלימס,Unknown,PL,פאל מאל סילבר דמי ס,,0.00,,false,1,26.50,0.00,false,1,12674
59455233,false,סיגריות ווג ליידי כח,Unknown,PL,ווג כחול,,0.00,,false,1,40.00,0.00,false,1,6559
59455240,false,ווג סופרסלימס לילך חפיסה,Unknown,PL,ווג לילך חפיסה,,0.00,,false,1,40.00,0.00,false,1,6560
67642005,false,גולדסטאר slow brew,Unknown,,גולדסטאר slow brew,,330.00,"100 מ""ל",false,1,13.00,3.85,true,1,11711
70010215,false,לווצה DELICATO ח.4,Unknown,,לווצה DELICATO ח.4,,10.00,יחידה,false,1,17.90,1.79,true,1,15159
72909768,false,חטיף פסק זמן פור 40 גרם,STRAUSS-ISRAEL,,פסק זמן פליי 40 גר,,40.00,100 גרם,false,1,7.50,18.75,true,1,563
72909799,false,קליק חטיף אוקיי נוגט,תות תעשיות מזון (2014) ב,IL,קליק ok חדש35,,35.00,100 גרם,false,1,7.50,21.43,true,1,600
72917329,false,חטיף אגוזי 45 גר,"שטראוס גרופ בע""מ",IL,אגוזי 45 גרם,,45.00,100 גרם,false,1,6.90,15.33,true,1,174
72917367,false,טעמי חטיף במילוי קרם נוגט וקרמל,"שטראוס גרופ בע""מ",IL,טעמי 40 גר,,40.00,100 גרם,false,1,6.90,17.25,true,1,187
72917589,false,מקופלת חלב 25 גרם,"שטראוס גרופ בע""מ",IL,מקופלת חלב 25,,25.00,100 גרם,false,1,6.90,27.60,true,1,175
72917688,false,חטיף אגוזי מגדים 45 גרם,STRAUSS-ISRAEL,IL,אגוזי 45 גר מגדים,,45.00,100 גרם,false,1,6.90,15.33,true,1,209
72917893,false,וופל פסק זמן חלב 45 גרם,STRAUSS-ISRAEL,IL,פסק זמן חלב 45,,45.00,100 גרם,false,1,7.50,16.67,true,1,188
72918388,false,חטיף טויסט 28 גרם,"שטראוס גרופ בע""מ",IL,טוויסט 28 גר,,28.00,100 גרם,false,1,6.90,24.64,true,1,190
72940754,false,"מילקי מעדן וניל עם קצפת שטראוס 133 מ""ל","שטראוס גרופ בע""\מ",IL,מילקי וניל 130,,130.00,"100 מ""ל",false,1,3.90,3.00,true,1,13584
72940761,false,"מילקי מעדן שוקולד עם קצפת שטראוס 133 מ""ל",מיוצר עי קונדיטוריית,IL,מילקי שוקו 130 גר,,130.00,"100 מ""ל",false,1,3.90,3.00,true,1,380
72940983,false,סלט חומוס 250 גר אחל,אחלה - שטראוס,IL,אחלה חומוס 250 גר,,250.00,100 גרם,false,1,10.00,4.00,true,1,447
72961506,false,יוגורט עם תות 1.5% שומן 125 ג' פרילי,מיוצר עי קונדיטוריית,IL,פרילי תות 1.5% 125ג,,125.00,"100 מ""ל",false,1,4.00,3.20,true,1,381
72963104,false,חמאה מפוסטרת תנובה 1,תנובה,IL,תנובה חמאה 100גר,,100.00,100 גרם,false,1,3.94,3.94,false,1,363
72963128,false,חמאה מהדרין 100 גרם,תנובה,IL,חמאה 100 גרם בדצ,,100.00,100 גרם,false,1,3.94,3.94,false,1,12050
72963753,false,שמנת אורגינל של פעם 27% שומן 200 ג' תנובה,תנובה מרכז שיתופי לש,IL,שמנת של פעם27% 200מל,,200.00,"100 מ""ל",false,1,4.10,2.05,true,1,13595
72983454,false,סיגריות גולף סופר סלימס,דובק,,גולף סופר סלימס חפיס,,0.00,,false,1,32.00,0.00,false,1,1253
72983928,false,קופסה גולף סלימס מנטה,דובק,,גולף סופר סלים חפיסה,,0.00,,false,1,32.00,0.00,false,1,1331
72983997,false,קופסה גולף גולד ארוך בוקס,דובק,,גולף גולד 100 חפיסה,,0.00,,false,1,32.00,0.00,false,1,1438
72984000,false,סיגריות גולף סילבר 1 - 100,דובק,,גולף סילבר 100 חפיסה,,0.00,,false,1,32.00,0.00,false,1,1439
72986370,false,"גלידת בן & ג'ריס פיינטים וניל 500מ""ל",מוצרי איכות אמריקאיים,IL,בן&גריס פיינט וניל,,500.00,"100 מ""ל",false,1,31.00,6.20,true,1,4851
72986424,false,"גלידת בן & ג'ריס פיינטים קרם עוגיות 500מ""ל",מוצרי איכות אמריקאיים בע,IL,בן&גריס קרם עוגיות,,500.00,"100 מ""ל",false,1,31.00,6.20,true,1,4852
72986448,false,"גלידת בן & ג'ריס פיינטים טופי קראנץ 500מ""ל",מוצרי איכות אמריקאיים בע,IL,בן&גריס טופי קראנץ,,500.00,"100 מ""ל",false,1,31.00,6.20,true,1,4853
72986455,false,"ניו יורק סופר גלידת שוקולד, חתיכות פאדג' ואגוזים",מוצרי איכות אמריקאיים בע,IL,בן&גריס ניו-יורק סו,,420.00,"100 מ""ל",false,1,31.00,7.38,true,1,4854
72986479,false,"צ'אנקי מנקי גלידת וניל, בננות, חתיכות פאדג' ואגוזים",מוצרי איכות אמריקאיים בע,IL,בן&גריס פיינט צאנקי,,500.00,"100 מ""ל",false,1,31.00,6.20,true,1,4855
72989395,false,טילון ורמוט קרם עוגיות,מוצרי איכות אמריקאיים בע,IL,בן&גריס טילון עוגיה,,100.00,100 גרם,false,1,10.90,10.90,true,1,2362
72989425,false,"גלידת בן & ג'ריס פיינטים שוקולד בראוניז 500מ""ל",מוצרי איכות אמריקאיים בע,IL,בן&גריס פיינט שוקול,,500.00,"100 מ""ל",false,1,31.00,6.20,true,1,4859
72991008,false,חטיף פסק זמן במילוי ופל מגולגל 45 גרם,"שטראוס גרופ בע""מ",IL,פסק זמן מגדים טסט,,45.00,100 גרם,false,1,7.50,16.67,true,1,192
72991374,false,סיגריות טיים רד חפיס,דובק,IL,טיים רד חפיסה,,0.00,,false,1,31.00,0.00,false,1,23
72991381,false,סיגריות טיים 100 RED בודד,דובק,IL,טיים רד 100 חפיסה,,0.00,,false,1,31.00,0.00,false,1,24
72991398,false,סיגריות טיים בלו לי,דובק,IL,טיים בלו חפיסה,,0.00,,false,1,31.00,0.00,false,1,25
72991404,false,סיגריות אירופה חפיסה,דובק,IL,אירופה חפיסה,,0.00,,false,1,31.00,0.00,false,1,26
72991411,false,סיגריות ברודווי 80 ח,דובק,IL,ברודווי 80 חפיסה,,0.00,,false,1,31.00,0.00,false,1,27
72991428,false,קופסה ברודווי ארוך,דובק,IL,ברודווי 100 חפיסה,,0.00,,false,1,31.00,0.00,false,1,28
72991459,false,סיגריות גולף לייט בודד,דובק,IL,גולף חפיסה,,0.00,,false,1,32.00,0.00,false,1,29
72991466,false,קופסה גולף גולד ארוך,דובק,IL,גולף ארוך סופט,,0.00,,false,1,32.00,0.00,false,1,30
72991473,false,סיג.שרתון חפיסה,דובק,IL,שרתון חפיסה,,0.00,,false,1,31.00,0.00,false,1,31
72991480,false,סיגריות נלסון חפיסה,דובק,IL,נלסון חפיסה,,0.00,,false,1,31.00,0.00,false,1,32
72991497,false,קופסה נובלס ירוק כהה,קריות זול,IL,נובלס חפיסה,,0.00,,false,1,31.00,0.00,false,1,33
72991503,false,קופסה נובלס ירוק בהיר,"דובק בע""מ",IL,נובלס בלנד חפיסה,,0.00,,false,1,31.00,0.00,false,1,34
72991510,false,סיגריות מונטנה פילטר,"דובק בע""מ",IL,מונטנה חפיסה,,0.00,,false,1,32.00,0.00,false,1,35
72991527,false,מוסטאנג רד חפיסה,"דובק בע""מ",IL,מוסטנג חפיסה,,0.00,,false,1,26.50,0.00,false,1,36
72991824,false,טיים בלו ארוך חפיסה,"דובק בע""מ",IL,טיים בלו 100 חפיסה,,0.00,,false,1,31.00,0.00,false,1,37
72991886,false,"גלידת דולצ'ה בטעם ריבת חלב עם פאדג' בן וג'ירי 500 מ""ל",מוצרי איכות אמריקאיים בע,IL,בן&גריס דולצה לצה,,500.00,"100 מ""ל",false,1,31.00,6.20,true,1,4856
72992357,false,חטיף פסק זמן ביג ביי,STRAUSS-ISRAEL,IL,פסק זמן ביג בייט 50,,50.00,100 גרם,false,1,7.50,15.00,true,1,193
72993637,false,מעדן חלב בטעם שוקולד 125 ג' דני,"שטראוס גרופ בע""\מ",IL,דני שוקולד בודד,,125.00,"100 מ""ל",false,1,3.20,2.56,true,1,7741
72993927,false,נקסט לייט ארוך חפיסה,פיליפ מוריס,,נקסט לייט ארוך חפיסה,,0.00,,false,1,29.50,0.00,false,1,4567
72994061,false,חטיף פסק זמן GOOD גלילית לבן 40 גרם,שולן צ'\יקולטה גידה סאן.,TR,פסק זמן 2 GOOD,,36.00,100 גרם,false,1,7.50,20.83,true,1,5188
72994122,false,היי ווי בלו חפ.,Unknown,,היי-ווי בלו,,0.00,,false,1,27.00,0.00,false,1,6527
72994139,false,היי-ווי סילבר,Unknown,,היי-ווי סילבר,,0.00,,false,1,27.00,0.00,false,1,6528
72994146,false,היי-ווי רד חפיסה,Unknown,,היי-ווי רד חפיסה,,0.00,,false,1,27.00,0.00,false,1,6529
72994221,false,פסק זמן גלילית אגוזים מגדים,שטראוס גרופ,,פסק זמן גלילית מגדים,,40.00,100 גרם,false,1,7.50,18.75,true,1,12087
72994306,false,סיגריות רויאל אדום בודד,דובק,IL,רויאל אדום -חפיסה,,0.00,,false,1,26.50,0.00,false,1,7313
72994313,false,סיגריות רויאל כחול ח,דובק,IL,רויאל כחול - חפיסה,,0.00,,false,1,26.50,0.00,false,1,7314
72994566,false,רויאל רד,Unknown,,רויאל רד,,0.00,,false,1,26.50,0.00,false,1,17445
72994573,false,רויאל בלו,Unknown,,רויאל בלו,,0.00,,false,1,26.50,0.00,false,1,17446
72994627,true,נקסט פיין אדג חפיסה,,,נקסט פיין אדג חפיסה,,0.00,,false,,26.50,0.00,false,1,11246
72994634,true,נקסט אדג,,,נקסט אדג,,0.00,,false,,26.50,0.00,false,1,11247
76136184,false,סיגריות פאל מל סלימס כחול בודד,Unknown,CH,פאל מאל ס.ס כחול טיו,,0.00,,false,1,30.50,0.00,false,1,1710
78605039,true,טיק טק דובדבן פסיפלו,,,טיק טק דובדבן פסיפלו,,0.00,,false,,5.00,0.00,true,1,7668
80001027,false,לואקר טורטינה שוקולד חלב,"כד בני דרום בע""מ",IT,טורטינה וופל שוק 21ג,,21.00,100 גרם,false,1,5.50,26.19,true,1,194
80001072,false,שוקולד חלב עם ופל לו,לואקר,IT,לואקר שוקולד חלב,,50.00,100 גרם,false,1,7.20,14.40,true,1,12437
80001089,false,לואקר שוקולד מריר 50,לואקר,IT,לואקר שוקולד מריר,,50.00,100 גרם,false,1,7.20,14.40,true,1,12438
80001096,false,לואקר שוקולד לבן,Unknown,,לואקר שוקולד לבן,,50.00,100 גרם,false,1,7.20,14.40,true,1,12439
80001256,false,לואקר שוקולד אגוז54 גרם12X,לואקר,IT,לואקר שוקולד אגוז 55,,55.00,100 גרם,false,1,7.20,13.09,true,1,11255
80001287,false,וופל חטיף לואקר אגוז 38 גר',ליימן מותגים,AT,גרדנה וופל לואקר 38ג,,38.00,100 גרם,false,1,5.50,14.47,true,1,195
80001461,false,חטיף גרנדה שוקולד 38 גרם,"א. לואקר קונפקט בע""מ",AT,גרדנה וופל מצופה,,38.00,100 גרם,false,1,5.50,14.47,true,1,1437
80001485,false,חטיף גרנדה קוקוס 38 גרם,קריניציה ויטמינה אס,IT,גרדנה קוקוס,,38.00,100 גרם,false,1,5.50,14.47,true,1,2037
80001799,false,חטיף טורטינה קרם אגוזים 21 גרם,"כד בני דרום בע""מ",IT,טורטינה שוקולד לבן,,21.00,100 גרם,false,1,5.50,26.19,true,1,8365
80001911,false,וופל גרדנה במילוי קרם אגוזי לוז ובציפוי שוקולד לבן,ליימן מותגים,AT,גרדנה ש.לבן 38 גר,,38.00,100 גרם,false,1,5.50,14.47,true,1,11256
80050025,false,סוכריות טיק טק תפוז 16 גרם,פררו - אלבה,ZA,טיק טק תפוז,,16.00,100 גרם,false,1,5.00,31.25,true,1,151
80050124,false,סוכריות טיק טק מנטה 16 גרם,פררו - אלבה,ZA,טיק טק מנטה,,16.00,100 גרם,false,1,5.00,31.25,true,1,152
80050278,false,פררו רושר חטיף כדורים שלישיה 40ג',פררו - אלבה,IT,רושה חטיף שלישיה,,37.50,100 גרם,false,1,9.00,24.00,true,1,177
80052760,false,קינדר בואנו Kinder Bueno עם חלב ואגוזי לוז,פררו - אלבה,PL,קינדר בואנו,,43.00,100 גרם,false,1,7.90,18.37,true,1,196
80052883,false,סוכריות טיק טק מנטה חזק 16 גרם,צ'וקטה,ZA,טיק טק מנטה חזק,,16.00,100 גרם,false,1,5.00,31.25,true,1,15068
80176732,false,קינדר הפי היפו 28 יחידות,פררו - אלבה,DE,הפי היפו 21 גר,,21.00,100 גרם,false,1,5.00,23.81,true,1,1344
80177173,false,ממרח שוקולד נוטלה 350 גרם,פררו - אלבה,IT,נוטלה 350 גר,,350.00,100 גרם,false,1,17.00,4.86,true,1,400
80177609,false,אצבעות שוקולד קינדר Kinder ארבע יחידות,פררו - אלבה,IT,אצבעות קינדר 50 גר,,50.00,100 גרם,false,1,5.00,10.00,true,1,180
80177616,false,אצבעות שוקולד קינדר Kinder שמונה יחידות,פררו - אלבה,IT,קינדר אצבעות 100גר,,100.00,100 גרם,false,1,10.90,10.90,true,1,4182
80301549,false,הפי היפו אגוזי לוז,Unknown,,הפי היפו אגוזי לוז,,21.00,100 גרם,false,1,5.00,23.81,true,1,15203
80310549,false,הפי היפו חטיף קינדר שוקולד לבן 20.5ג',קריות זול,DE,הפי היפו אגוזים,,21.00,100 גרם,false,1,5.00,23.81,true,1,15204
80761761,false,קינדר בואנו חטיף לבן בודד,ליימן שליסל,PL,קינדר בואנו לבן,,39.00,100 גרם,false,1,7.90,20.26,true,1,6384
80768258,false,ביצת קינדר ג'וי ורוד20גר,פררו - אלבה,ZA,קינדר גוי ורוד-חדש,,20.00,100 גרם,false,1,8.00,40.00,true,1,8990
80773429,false,מנטוס בקבוק מעוגל - מסטיק ללא סוכר בטעם תות 60 גרם,"פרפטי ואן מלה ג'\ידה,סאן",TR,מסטיק מנטוס תות,,60.00,100 גרם,false,1,11.00,18.33,true,1,12451
80773443,false,מנטוס בקבוק מעוגל - מסטיק ללא סוכר בטעם מנטה 60 גרם,"פרפטי ואן מלה ג'\ידה,סאן",TR,מנטוס מסטיק מ.עדינה,,60.00,100 גרם,false,1,11.00,18.33,true,1,12452
80790990,false,מסטיק מנטוס בבקבוק מעוגל בטעם פירות -מנטה 60 ג',"פרפטי ואן מלה ג'\ידה,סאן",TR,מנטוס מסטיק פירות,,15.50,100 גרם,false,1,11.00,70.97,true,1,12453
80809265,false,וופל לואקר טורטינה חמאת בוטנים 21 גר,לואקר,AT,טורטינה ח.בוטנים 21,,0.00,,false,1,5.50,0.00,true,1,17533
80820956,false,לואקר חטיף פטיסרי אג,לואקר,IT,לואקר פטיסרי אגוז,,21.00,100 גרם,false,1,5.50,26.19,true,1,15640
80820970,false,שוקולד חלב ממולא קרם קרמל ועלי וופל פריכ,לואקר,IT,טורטינה קרמל 21ג,,21.00,100 גרם,false,1,5.50,26.19,true,1,15197
80831402,false,סוכרית מנטוס מנטה עדינה ללא סוכר 21 גרם Clean Breath,פרפטי ואן מלה,NL,סוכריות מנטוס,,21.00,100 גרם,false,1,7.90,37.62,true,1,15205
80833468,false,לואקר חטיף פטיסרי קו,לואקר,IT,לואקר פטיסרי קוקוס,,22.00,100 גרם,false,1,5.50,25.00,true,1,15641
80843184,false,מנטוס מסטיק פיור פרש בטעם ענבים 60גר,פרפטי ואן מלה הולנד,TR,מ.פיורפרש ב.ענבים,,60.00,100 גרם,false,1,11.00,18.33,true,1,15669
80854753,false,סוכרית מנטוס מנטה ללא סוכר 21 גרם Clean Breath,פרפטי ואן מלה,NL,סוכריות מנטוס מנטה,,21.00,100 גרם,false,1,7.90,37.62,true,1,14493
80862130,false,מסטיק מנטוס פיור פרש בטעם אבטיח 28 גרם,פרפטי ואן מלה ברדה,TR,מנטוס פיור אבטיח,,28.00,100 גרם,false,1,6.00,21.43,false,1,15064
80864059,false,וופל גרדנה עם קרם חמאת בוטנים בציפוי שוקולד חלב,ליימן מותגים,AT,גרדנה ח.בוטנים 38ג,,0.00,,false,1,5.50,0.00,true,1,17534
80864295,false,סוכריות פיור וויט טעם מנטה עדינה 60 ג' מנטוס,"פרפטי ואן מלה ג'ידה,סאן",TR,מנטוס ב.פיור מ.עדינה,,0.00,,false,1,11.00,0.00,true,1,17535
80874652,false,קינדר קלפים בודד 25.6 גר',פררו,IT,קינדר קארדס,,0.00,,false,1,5.00,0.00,true,1,17885
80887744,false,מנטוס מסטיק בקבוקון כיס בטעם מנטה,ליימן שליסל,NL,מנטוס בקבוקון מנטה,,28.00,100 גרם,false,1,6.00,21.43,true,1,15670
80896081,false,מנטוס בקבוק מעוגל - מסטיק ללא סוכר בטעם אבטיח 60 גרם,"פרפטי ואן מלה ג'\ידה,סאן",TR,מנטוס מסטיק אבטיח,,60.00,100 גרם,false,1,11.00,18.33,true,1,12454
80913467,false,מנטוס בקבוק מעוגל - מסטיק ללא סוכר בטעם מנטה,פרפטי ואן מלה הולנד,TR,מנטוס מסטיק מנטה,,60.00,100 גרם,false,1,11.00,18.33,true,1,12455
80936473,false,סוכריות מנטוס מנטה 99גר,הדקלאים אגודת שיתופי,NL,מנטוס סוכריות מנטה,,99.00,100 גרם,false,1,12.00,12.12,true,1,13030
80936848,false,סוכריות טיק טק תות שדה 24 יח',ליימן-שליסל,ZA,טיק טק תות שדה,,16.00,100 גרם,false,1,5.00,31.25,true,1,8370
80945468,false,סוכריות פיור וויט טעם מנטה מתוקה 60 ג' מנטוס,"פרפטי ואן מלה ג'ידה,סאן",TR,מנטוס ב.פיור מ.מתוקה,,0.00,,false,1,11.00,0.00,true,1,17536
80954521,false,מסטיק מנטוס פיור פרש בטעם תות 28 גרם,פרפטי ואן מלה ברדה,TR,מנטוס פיור תות,,28.00,100 גרם,false,1,6.00,21.43,false,1,15063
80969952,false,סוכ.מנטוס מנטה עדינה99גר,הדקלאים אגודת שיתופי,NL,מנטוס סוכריות מ.עדין,,99.00,100 גרם,false,1,11.00,11.11,true,1,13032
80974482,false,קינדר ג'וי כחול 72 יחידות,פררו - אלבה,ZA,קינדר גוי-חדש,,20.00,100 גרם,false,1,8.00,40.00,true,1,8993
80977070,false,מנטוס מסטיק בקופסה בטעם פירות טרופיים,פרפטי ואן מלה ברדה,TR,מנטוס פיור טרופי,,28.00,100 גרם,false,1,6.00,21.43,false,1,15065
80977278,false,מנטוס מסטיק בקבוקון כיס בטעם פירות מנטה,ליימן שליסל,NL,מנטוס בקבוקון פ.מנטה,,28.00,100 גרם,false,1,6.00,21.43,true,1,15671
80979128,false,מנטוס בקבוק מעוגל - מסטיק ללא סוכר בטעם דובדבן,פרפטי ואן מלה הולנד,TR,מנטוס בקבוקון דובדבן,,0.00,,false,1,11.00,0.00,false,1,17537
80982470,false,מסטיק מנטוס פיור פרוסט בטעם מנטה חזק 60 גר',פרפטי ואן מלה ברדה,TR,מסטיק מנטוס פיור,,60.00,100 גרם,false,1,11.00,18.33,true,1,15220
80986348,false,סוכריות פיור וויט טעם מנטה 60 ג' מנטוס,"פרפטי ואן מלה ג'ידה,סאן",TR,מנטוס ב.פיור ו.מנטה,,0.00,,false,1,11.00,0.00,true,1,17538
87108019,false,סוכריות מנטוס מנטה37.5גר,פרפטי ואן מלה,NL,מנטוס מנטה גליל,,15.50,100 גרם,false,1,5.00,32.26,true,1,14520
87108538,false,סוכריות בטעם תות מנטוס 37.5 גרם,הדקלאים אגודת שיתופי,NL,מנטוס תות גליל,,15.50,100 גרם,false,1,5.00,32.26,true,1,1859
87311396,false,מנטוס ריינבאוו סוכריות לעיסה בטעמי פירות,פרפטי ואן מלה ברדה,NL,מנטוס גליל Rainbow,,37.50,100 גרם,false,1,5.00,13.33,true,1,7359
87333169,true,מנטוס תות תפוז,,,מנטוס תות תפוז,,0.00,,false,,5.00,0.00,true,1,11977
87354041,false,סוכריות מנטוס גליל בטעם דובדבן,פרפטי ואן מלה,NL,מנטוס גליל דובדבן,,37.50,100 גרם,false,1,5.00,13.33,true,1,15206
90162602,false,רד בול משקה אנרגיה פקדון 30 אג,רד בול ג'י.אם.בי. אץ,IL,רד בול פחית 250 מל,,250.00,"100 מ""ל",false,1,9.90,3.84,true,1,2099
90162800,false,רד בול משקה אנרגיה ללא סוכר פקדון 30 אג,רד בול ג'י.אם.בי. אץ,AT,רד בול פחית מ.סוכר,,250.00,"100 מ""ל",false,1,9.90,3.84,true,1,2100
90446269,false,"משקה רד בול אבטיח מוגז פחית 250 מ""ל",ראון פרוכטסאפה,AT,רד בול אבטיח - חדש,,330.00,"100 מ""ל",false,1,9.90,2.91,true,1,15631
90446412,false,רד בול אבטיח,Unknown,,רד בול אבטיח,,330.00,"100 מ""ל",false,1,9.00,2.64,true,1,15632
90448867,false,"משקה אנרגיה רד בול ללא פחמימות 250 מ""ל",רד בול,AT,רד בול ללא.פ 250 מל,,0.00,,false,1,9.90,0.00,true,1,17581
90453427,false,"משקה אנרגיה רד בול פיטאיה 250 מ""ל",רד בול,AT,רד בול פיטאיה 250 מל,,0.00,,false,1,9.90,0.00,true,1,17582
135464555,false,בדיקה בדיקה,Unknown,,בדיקה בדיקה,,0.00,,false,1,2.00,0.00,false,1,16070
2325456577,true,טרה גבינה לבנה 5%,,,טרה גבינה לבנה 5%,,0.00,,false,,4.75,0.00,false,1,15009
9073102314,false,"גלידה סורבט שרונס קוקוס 473מ""ל",מוצרי איכות אמריקאיים,IL,סורבה קוקוס,,0.00,,false,1,31.00,0.00,true,1,16331
9800800056,false,חטיף שוקולד עם מקלות לחם אנד גו,פררו - אלבה,DE,נוטלה טו גו,,52.00,100 גרם,false,1,8.00,15.38,true,1,12477
12300102131,false,סיגריות כאמל סופט פק,Unknown,CH,פאקט כאמל רך,,0.00,,false,1,310.00,0.00,false,1,676
12300103138,false,סיגריות כאמל בוקס פק,Unknown,CH,כאמל צהוב בוקס,,0.00,,false,1,310.00,0.00,false,1,675
12300107136,false,סיגריות כאמל כחול פק,Unknown,CH,כאמל כחול לייט פאקט,,0.00,,false,1,310.00,0.00,false,1,674
12300111133,false,וינסטון כחול סופט פקט,Unknown,CH,פאקט וינסטון לייט רך,,0.00,,false,1,320.00,0.00,false,1,670
12300112130,false,סיגריות וינסטון בוקס,Unknown,CH,פאקט וינסטון רגיל,,0.00,,false,1,330.00,0.00,false,1,679
12300119139,false,ווינסטון כחול בוקס עשירייה,Unknown,CH,פאקט וינסטון לייט,,0.00,,false,1,330.00,0.00,false,1,672
12300141130,false,כאמל כתום פאקט,Unknown,,כאמל כתום פאקט,,0.00,,false,1,295.00,0.00,false,1,3265
12300159135,false,ווינסטון כחול ארוך עשירייה,Unknown,CH,וינסטון כחול ארוך,,0.00,,false,1,330.00,0.00,false,1,10810
12300253864,false,סיגריות וינסטון אפור,Unknown,,וינסטון סילבר חפיסה,,0.00,,false,1,33.00,0.00,false,1,61
12300253871,false,פקאט ווינסטון סופר,Unknown,,פקאט ווינסטון סופר,,0.00,,false,1,320.00,0.00,false,1,671
13495113506,false,קליק ביסקוויט 75 גרם,יוניליוור ישראל מזון בע\,IL,קליק בסקוויט 75 גר,,0.00,,false,1,9.00,0.00,true,1,531
16000142220,false,נ.וואלי חטיף PROTEIN XL קרמל מלוח,ליימן שליסל,US,נייטשר ואלי ק.מלוח,,0.00,,false,1,13.90,0.00,true,1,16643
16000423534,false,חטיפי גרנולה קראנצ'י עם שיבולת שועל ושוקולד מריר נייצ'ר ואלי 5*42 גרם,ג'נרל מילס סאן אדריאן,ES,קראנצי 1/5 ש.שועל,,210.00,100 גרם,false,1,19.00,9.05,true,1,12075
16000507777,false,נייטשר ואלי חטיף קראנצ'י שוקולד,ג'נרל מילס,ES,נייטשר וואלי שוקולד,,42.00,100 גרם,false,1,6.00,14.29,true,1,6452
16000515420,false,נ.וואלי חטיף PROTEIN XL שוקולד ובוטנים,ליימן שליסל,US,נייטשר ואלי שוקולד,,0.00,,false,1,13.90,0.00,true,1,16644
16000548404,false,חטיפי גרנולה קראנצ'י עם שיבולת שועל ודבש נייצ'ר ואלי 5*42 גרם,ג'נרל מילס סאן אדריאן,ES,קראנצי שיבולת שועל,,210.00,100 גרם,false,1,19.00,9.05,true,1,8696
16000548497,false,קראנצי שיבולת שועל ודבש בודד 42גר,ג'נרל מילס,,נייטשר וואלי ש.שועל,,42.00,100 גרם,false,1,6.00,14.29,true,1,585
16000548503,false,חטיפי גרנולה קראנצ'י עם מייפל וסוכר חום נייצ'ר ואלי 5*42 גרם,ג'נרל מילס סאן אדריאן,ES,נייצר וואלי מייפל5י,,210.00,100 גרם,false,1,19.00,9.05,true,1,12059
16000548596,false,חטיף 18 יח מייפל וסוכר חום,ג'נרל מילס,,נייטשר וואלי מייפל,,42.00,100 גרם,false,1,6.00,14.29,true,1,584
16000548909,false,חטיפי גרנולה קראנצ'י במגוון טעמים נייצ'ר ואלי 5*42 גרם,ג'נרל מילס סאן אדריאן,ES,נייצר וואלי מעורב5י,,210.00,100 גרם,false,1,19.00,9.05,true,1,7732
17170000227,false,סט כלים רב פ. ל-6 ס.,Unknown,,סט כלים רב פ. ל-6 ס.,,0.00,,false,1,69.90,0.00,false,1,15429
18000701223,false,"פילסברי, עוגה בטעם שוקולד, תערובת להכנת עוגה בטעם שוקולד. 500 גרם",הדקלאים אגודת שיתופי,IL,פילסברי ת. לע.שוקולד,,500.00,100 גרם,false,1,19.90,3.98,true,1,12071
18000703494,false,"פילסברי, עוגה בטעם וניל, תערובת להכנת עוגה בטעם וניל. 500 גרם.",הדקלאים אגודת שיתופי,IL,ת.לעוגה בטעם וניל,,500.00,100 גרם,false,1,19.90,3.98,true,1,12212
22200941525,true,ספיד סטיק רגולר לגבר,,,ספיד סטיק רגולר לגבר,,0.00,,false,,25.90,0.00,true,1,15032
28200101907,true,מרלבורו גולד 100פאקט,,,מרלבורו גולד 100פאקט,,0.00,,false,,320.00,0.00,false,1,635
28200102904,true,מרלבורו רד קצר סופט,,,מרלבורו רד קצר סופט,,0.00,,false,,320.00,0.00,false,1,636
28200106902,true,מרלבורו גולד קצר בוק,,,מרלבורו גולד קצר בוק,,0.00,,false,,320.00,0.00,false,1,637
28200112507,true,פרלמנט ארוך RCB פאק,,,פרלמנט ארוך RCB פאק,,0.00,,false,,370.00,0.00,false,1,647
28200114907,true,פרלמנט קצר פאקט,,,פרלמנט קצר פאקט,,0.00,,false,,370.00,0.00,false,1,643
28200127006,true,מרלבורו פלייבור מיקס,,,מרלבורו פלייבור מיקס,,0.00,,false,,320.00,0.00,false,1,633
28200133502,true,מרלבורו רד קצר פאקט,,,מרלבורו רד קצר פאקט,,0.00,,false,,320.00,0.00,false,1,634
28200133908,true,פלמנט סילבר פאקט,,,פלמנט סילבר פאקט,,0.00,,false,,370.00,0.00,false,1,646
28200145109,true,ל.מ. סילבר לייבל פאק,,,ל.מ. סילבר לייבל פאק,,0.00,,false,,280.00,0.00,false,1,639
28200152701,true,ל.מ. בלו לייבל קצר,,,ל.מ. בלו לייבל קצר,,0.00,,false,,280.00,0.00,false,1,640
28200154507,true,ל.מ. רד לייבל קצר,,,ל.מ. רד לייבל קצר,,0.00,,false,,280.00,0.00,false,1,641
28200174604,true,פרלמנט ארוך בלו RCB,,,פרלמנט ארוך בלו RCB,,0.00,,false,,370.00,0.00,false,1,648
28200176301,true,פרלמנט קצר בלו פאקט,,,פרלמנט קצר בלו פאקט,,0.00,,false,,370.00,0.00,false,1,644
30100487197,false,קיבלר סנדוויץ קרקר גבינה וצדר 39 גרם,"מאכלי עולם ר.ז. בע""מ",,סנדוויץ קרקר ג. צדר,,39.00,100 גרם,false,1,5.90,15.13,true,1,9591
30100545101,false,קיבלר קרקר קלאב צדר,"מאכלי עולם ר.ז. בע""מ",,ס.קרקר במילוי צדר,,39.00,100 גרם,false,1,5.90,15.13,true,1,9485
36000516890,false,ממחטות אף עם אלוורה + ויטמין E תלת שכבתי,חוגלה קימברלי,US,קלינקס לושן 3שכבות,,120.00,יחידה,false,1,18.90,0.16,false,1,14038
37600207188,false,חמאת בוטנים קלאסי סקיפי 462 גרם,חברת המזון אלגוד,US,סקיפי ממרח 462 גרם,,462.00,100 גרם,false,1,24.90,5.39,true,1,12092
38000232152,false,פרינגלס חטיפי תפוח אדמה בטעם ברביקיו 158 גרם,פרינגלס מנופקצ'ורינג קומ,US,פרינגלס ביג ברביקיו,,158.00,100 גרם,false,1,13.00,8.23,true,1,14040
38000232176,false,פרינגלס ביג שמנת בצל 158 גרם,פרינגלס מנופקצ'ורינג קונ,US,פרינגלס ביג שמנת בצל,,158.00,100 גרם,false,1,13.00,8.23,true,1,14042
38000232183,false,פרינגלס ביג אורגינל 149 גרם,פרינגלס מנופקצ'ורינג קונ,US,פרינגלס ביג אורגינל,,149.00,100 גרם,false,1,13.00,8.72,true,1,14043
38527591053,false,קואקר דגנים מרובעים שיבולת שועל וקינמון,קוואקר אוטס קומפני,US,דגנים מרובעים קינמון,,411.00,100 גרם,false,1,23.90,5.82,true,1,12083
38527591060,false,דגני קוואקר מרובעים Quaker Squares עם סוכר חום,קוואקר אוטס קומפני,US,קוואקר מרובעים בסוכר,,0.00,,false,1,23.90,0.00,true,1,16218
38675145023,false,קורקינט מונגוס שחור,Unknown,,קורקינט מונגוס שחור,,0.00,,false,1,499.00,0.00,false,1,15940
38675165144,false,קורקינט מונגוס מטלי,Unknown,,קורקינט מונגוס מטלי,,0.00,,false,1,499.00,0.00,false,1,15941
38675176027,false,קורקינט מונגו טורקיז,Unknown,,קורקינט מונגו טורקיז,,0.00,,false,1,699.00,0.00,false,1,15942
38675176683,false,קורקינט מונגוס שחור3,Unknown,,קורקינט מונגוס שחור3,,0.00,,false,1,699.00,0.00,false,1,15943
40000514480,false,M&M אריזה קטנה's שוקולד אריזה קטנה 48 גרם,M&M אם אנד אם,US,אמ אנד אמס שוקו,,47.78,100 גרם,false,1,6.50,13.60,true,1,11041
40000514510,false,M&M אריזה קטנה's בוטנים אריזה קטנה 49 גרם,M&M אם אנד אם,US,אמ אנד אמס פינאט,,51.70,100 גרם,false,1,6.50,12.57,true,1,11042
40000555391,false,עדשי מ&מ'ס בראוניז 40גרם,מרס ריגלי קונפקשונרי,US,M&M בראוניז 40 גרם,,0.00,,false,1,6.50,0.00,true,1,16786
46214731552,false,עוגיות שוקולד צ'יפס 37% גודיס 225 גרם,קריניציה ויטמינה אס,NL,עוגיות שוקולד ציפס,,225.00,100 גרם,false,1,10.90,4.84,true,1,422
51131978393,false,זוג שפורפרות סופר גלו גל 4 גר,Unknown,,גל סופר גלו 4 גר,,0.00,,false,1,20.00,0.00,true,1,11064
51135807514,false,סופר גלו נוזלי 4 שפופרות,Unknown,,סופר גלו 2 גר *4,,4.00,100 גרם,false,1,20.00,500.00,true,1,11065
70382008949,false,מנקה שטיחים,Unknown,,מנקה שטיחים,,296.00,"100 מ""ל",false,1,74.00,25.00,false,1,15123
70382013905,false,מנקה שטיחים ור. בד,Unknown,,מנקה שטיחים ור. בד,,560.00,"100 מ""ל",false,1,74.90,13.38,false,1,15362
70382101237,false,מחדש פנסים נוזלי,Unknown,,מחדש פנסים נוזלי,,539.00,100 גרם,false,1,69.00,12.80,false,1,15124
70970471254,false,מייק לייק - סוכריות ג'לי בינס קרטונית פירות ירוק 141 גרם,ג'\אסט בורן,US,מייק&הייק פירות 141ג,,141.00,100 גרם,false,1,12.90,9.15,true,1,12718
70970471261,false,סוכריות ג'לי בינס פרות טרופים קרטונית 141ג',גאסט בורן,US,מייק & הייק טרופי,,141.00,100 גרם,false,1,12.90,9.15,true,1,14161
70970471278,false,מייק לייק - סוכריות ג'לי בינס קרטונית פירות יער כחול 141 גרם,גאסט בורן,US,מייק אנד הייק פירות,,141.00,100 גרם,false,1,12.90,9.15,true,1,14162
70970471285,false,"סוכריות מייק אייק רד רייג'רס, 141 ג'",ג'אסט בורן,US,בינס דובדבן אדום,,0.00,,false,1,12.90,0.00,true,1,17749
70970471308,false,"סוכריות מייק אייק רד רייג'רס, 141 ג'",ג'אסט בורן,US,סוכריות בינס ענבים,,0.00,,false,1,12.90,0.00,true,1,17750
70970473562,false,מייק לייק - סוכריות ג'לי בינס קרטונית מגה מיקס 141 גרם,ג'\אסט בורן,US,מייק&הייק מגה מיקס,,141.00,100 גרם,false,1,12.90,9.15,true,1,12719
70970473609,false,מייק לייק - ג'לי בינס מגה מיקס סאוור 141 גרם,ג'\אסט בורן,US,מייק&הייק מיקס חמוץ,,141.00,100 גרם,false,1,12.90,9.15,true,1,14163
74570004003,false,גלידה בטעם וניל 473 ג' האגן דאז,האגן-דאז,FR,האגן דאז פיינט וניל,,473.00,"100 מ""ל",false,1,30.00,6.34,true,1,13162
74570024001,false,גלידה בטעם תות שדה 473 ג' האגן דאז,האגן-דאז,FR,האגן דאז פיינט תות,,473.00,"100 מ""ל",false,1,30.00,6.34,true,1,13173
74570174003,false,גלידה בטעם אגוזי מקדמיה 473 ג' האגן דאז,האגן-דאז,FR,האגן דאז מקדמיה,,473.00,"100 מ""ל",false,1,30.00,6.34,true,1,13163
74570274000,false,גלידה בטעם קרם עוגיות 473 ג' האגן דאז,האגן-דאז,FR,האגן דאז ק. עוגיות,,473.00,"100 מ""ל",false,1,30.00,6.34,true,1,13164
74570610051,false,גלידה בטעם שוקולד בלגי 473 ג' האגן דאז,האגן-דאז,FR,האגן דאז שוקולד בלגי,,473.00,"100 מ""ל",false,1,30.00,6.34,true,1,13165
74570703890,false,"גלידה האגן דאז פרלינים 473 מ""ל",האגן-דאז,FR,האגן דאז פרלינים,,473.00,"100 מ""ל",false,1,30.00,6.34,true,1,13157
74570950010,false,גלידה בטעם גבינה ותות 473 ג' האגן דאז,האגן-דאז,FR,פיינט האגן עו גבינה,,473.00,"100 מ""ל",false,1,30.00,6.34,true,1,13166
76501324020,false,סט שלוש צידניות,Unknown,,סט שלוש צידניות,,0.00,,false,1,259.00,0.00,false,1,15432
76840000661,false,פינט באטר טבעוני ללאחלב,Unknown,US,בן&גריס באטר ח.אפוי,,473.00,"100 מ""ל",false,1,33.00,6.98,true,1,12426
76840001767,false,"גלידה בן &ג'ריס וניל עוגיות חמאת בוטנים 500 מ""ל",מוצרי איכות אמריקאיים בע,IL,בן&גריס ake no bake,,423.00,100 גרם,false,1,31.00,7.33,true,1,14469
76840001774,false,"גלידה עוגיות חלב עם חתיכות פאדג בן וג'ירי 500 מ""ל",מוצרי איכות אמריקאיים בע,IL,בן&גריס בצק עוגיות,,431.00,100 גרם,false,1,31.00,7.19,true,1,14470
76840002306,false,חטיף בצק עוגיות בן א,בן אנד גריס,US,בן&גריס ח.ב.עוגיות,,227.00,100 גרם,false,1,24.90,10.97,true,1,15249
76840002351,false,גלידה גימי סמור עם מרשמלו קלוי פירורי שוקולד בן וג'ירי 428 ג',מוצרי איכות אמריקאיי,IL,בן&גריס גימי סמור,,444.00,100 גרם,false,1,31.00,6.98,true,1,15263
76840002535,false,חטיף חצי אפוי בן אנד,בן אנד גריס,US,בן&גריס ח.חצי אפוי,,180.00,100 גרם,false,1,24.90,13.83,true,1,15248
76840002542,false,"גלידת בן & ג'ריס פיינט נטפליקס וצ'ילד 500מ""ל",מוצרי איכות אמריקאיים בע,IL,פיינט חמאת בוטנים,,473.00,"100 מ""ל",false,1,31.00,6.55,true,1,14471
76840002894,false,בן&גריס -ק.סוטרא,Unknown,,בן&גריס -ק.סוטרא,,396.00,100 גרם,false,1,31.00,7.83,true,1,15264
76840100125,false,"גלידה בן&ג'ריס צ'אבי וניל פאדג' 550מ""ל",מוצרי איכות אמריקאיים בע,IL,בן&גריס צאבי האבי,,500.00,"100 מ""ל",false,1,31.00,6.20,true,1,6231
76840100156,false,"בן אנד גריס גלידת צרי גרסיה 500 מ""ל",מוצרי איכות אמריקאיים בע,IL,בן&גריס צרי גרסיה,,441.00,100 גרם,false,1,31.00,7.03,true,1,9511
76840100583,false,"גלידת וניל עם בצק עוגיות בן וג'ירי 473 מ""ל",מוצרי איכות אמריקאיים בע,IL,בן&גריס בצק עוגיות,,500.00,"100 מ""ל",false,1,31.00,6.20,true,1,4955
76840100811,false,גלידת בן & ג'ריס פיינט פינט באטר קאפ 428ג',מוצרי איכות אמריקאיים בע,IL,בן&גריס פינט באטר ק,,500.00,"100 מ""ל",false,1,31.00,6.20,true,1,7893
76840100989,false,"גלידה בן & גריס שוקולד מרשמלו קרמל ופאדג' 500 מ""ל",מוצרי איכות אמריקאיים בע,IL,בן&גריס פיש פוד,,473.00,"100 מ""ל",false,1,31.00,6.55,true,1,4890
76840101542,false,גלידת קרמל סוטרא בן וג'ירי 428 ג',מוצרי איכות אמריקאיים בע,US,בן&גריס קרמל סוטרא,,441.00,100 גרם,false,1,31.00,7.03,true,1,7325
76840102051,false,"גלידת קרמל קינמון ופירורי עוגיות קנמון 500 מ""ל",מוצרי איכות אמריקאיים בע,IL,פיינט קינמון באנס,,500.00,"100 מ""ל",false,1,31.00,6.20,true,1,7844
76840400027,false,"גלידה בן&ג'ריס שוקלד משפחתית 500מ""ל",מוצרי איכות אמריקאיים בע,IL,בן&גריס פיינט שוקולד,,420.00,"100 מ""ל",false,1,31.00,7.38,true,1,4857
76840400218,false,"גלידה בן&ג'ריס תות שדה ועוגת גבינה 500מ""ל",מוצרי איכות אמריקאיים בע,IL,בן&גריס גבינה ותות,,431.00,100 גרם,false,1,31.00,7.19,true,1,8410
76840580767,false,פינט באטרעוגיות טבעוני ל,מוצרי איכות אמריקאיים,US,פיינט ב&גריס פינאט,,473.00,"100 מ""ל",false,1,31.00,6.55,true,1,11921
76840620029,false,"בן אנד גריס גלידת תות שדה 500 מ""ל",מוצרי איכות אמריקאיים בע,IL,פיינט תות שדה כשלפ,,0.00,,false,1,31.00,0.00,true,1,9512
76840620036,false,גלידה חצי אפוי בן וג'ירי 433 ג',מוצרי איכות אמריקאיים בע,IL,בן&גריס חצי אפוי,,433.00,100 גרם,false,1,31.00,7.16,true,1,12429
76840657841,false,גלידה בן&גרי סלייס ב,מוצרי איכות אמריקאים,IL,סלייס בצק עוגיות,,82.00,100 גרם,false,1,12.80,15.61,true,1,14472
77245110610,false,סוכריות מאסט ללא סוכר בטעם מנטה 80 ג'עלית,MIESZKO S.A - MS. JO,PL,מאסט סוכר מנטה 80גר,,80.00,100 גרם,false,1,10.50,13.12,true,1,627
77975088227,false,שברי בייגלה בצל חרדל340ג,סניידרס אוף האנובר,US,סניידרס דבש חרדל 340,,0.00,,false,1,17.90,0.00,true,1,12431
77975094006,false,שברי בייגלה בטעם פרמ,ליימן מותגים,,סניידרס פרמזן ושום,,283.00,100 גרם,false,1,17.90,6.33,true,1,14473
77975094631,false,סניידרס סנדוויץ' בייגלה במילוי קרם בטעם צ'דר 226 גרם,סניידרס לאנס,US,סניידרס צדר 226גר,,226.00,100 גרם,false,1,17.90,7.92,true,1,14475
77975094761,false,סניידרס חטיפים על בסיס קמח חיטה בטעם גבינת צ'דר,סניידרס אוף האנובר,US,סניידרס צדר,,340.00,100 גרם,false,1,17.90,5.26,true,1,15479
77975094778,false,שברי בייגלה סניידרס בטעם דבש חרדל 340 גר,סניידרס אוף האנובר,US,סניידרס דבש חרדל340,,340.00,100 גרם,false,1,17.90,5.26,true,1,15929
77975095157,false,סניידרס שברי בייגלה בטעם חלפיניו 318 גרם,סניידרס Snyder's,US,סניידרס חלפיניו,,0.00,,false,1,17.90,0.00,true,1,17492
77975095393,false,שברי בייגלה סניידרס,Unknown,,סניידרס פיקנטי,,0.00,,false,1,17.90,0.00,true,1,17493
77975095409,false,שברי בייגלה סניידרס,Unknown,,סניידרס פרמזן ושום,,0.00,,false,1,17.90,0.00,true,1,17494
80004145259,true,כישורי עברית,,,כישורי עברית,,0.00,,false,,29.90,0.00,false,1,14482
80432402931,false,"וויסקי סקוטי, שיבאס ריגאל 12 שנה, 700 מ''ל",מזקקת האחים שיבאס,GB,שיבאס ריגל 700 מל,,700.00,"100 מ""ל",false,1,152.00,21.67,true,1,9917
80480015701,false,רום בקרדי 200,Unknown,US,רום בקרדי 200,,0.00,,false,1,36.90,0.00,false,1,17532
80480280048,false,"וודקה גריי גוס 40% 200מ""ל",בקרדי מרטיני,FR,גריי גוס 200 מל,,200.00,"100 מ""ל",false,1,69.90,34.80,true,1,15156
82184090510,false,"וויסקי ג'ק דניאלס 375 מ""ל",בראון פורמן,US,גק דניאלס 375 מל,,375.00,"100 מ""ל",false,1,82.90,22.03,true,1,15195
91400000028,false,פ.ריח קל משב רוח ים,Unknown,,פ.ריח קל משב רוח ים,,0.00,,false,1,20.00,0.00,false,1,13093
91400000073,false,קליפורניה פחית מיכל ריח מוצק - דובדבן,דנשר,US,פחית קלפורניה דובדבן,,0.00,,false,1,20.00,0.00,true,1,10619
91400000103,false,פחית ריח קליפ לימון,Unknown,,פחית ריח קליפ לימון,,0.00,,false,1,20.00,0.00,false,1,13094
91400000226,false,קליפורניה פחית מיכל ריח מוצק - מסטיק,דנשר,US,פחית קליפורניה מסטיק,,0.00,,false,1,20.00,0.00,true,1,10620
91400000288,false,קליפורניה פחית מיכל ריח מוצק - וניל,דנשר,US,פחית ריח קליפו וניל,,0.00,,false,1,20.00,0.00,false,1,13095
91400001230,false,פחית ריח קליפ קוקוס,Unknown,,פחית ריח קליפ קוקוס,,0.00,,false,1,20.00,0.00,false,1,13096
91400001292,false,פחית ריח קל רכב חדש,Unknown,,פחית ריח קל רכב חדש,,0.00,,false,1,20.00,0.00,false,1,13097
91400032203,false,פחית ריח ק עשן נמוג,Unknown,,פחית ריח ק עשן נמוג,,0.00,,false,1,20.00,0.00,false,1,13098
91400032210,false,קליפורניה פחית מיכל ריח מוצק -מבשם כביסה,דנשר,US,פ.ריח קל מבשם כביסה,,0.00,,false,1,20.00,0.00,false,1,13099
91400032739,false,קליפורניה פחית מיכל ריח מוצק - אייס,דנשר,US,פחית ריח קליפו אייס,,0.00,,false,1,20.00,0.00,false,1,13100
97643083040,false,"שוקולד רוזמרי נוסטלגי שמרלינג 100 גרם כשל""פ",שמרלינג,CH,רוזמרי נוסטלגיה 100ג,,0.00,,false,1,13.90,0.00,true,1,17898
251071736388,false,פחמים לנרגילה,Unknown,,פחמים לנרגילה,,0.00,,false,1,5.00,0.00,false,1,10838
305210256712,false,וזלין מיני לשפתיים אורגינל 9 גר,"יוניליוור ג'ונסבורו,",US,וזלין מיני לשפתיים,,7.00,100 גרם,false,1,12.90,184.29,false,1,14030
402700001775,false,פרנסיסקנר פחית 500,Unknown,,פרנסיסקנר פחית 500,,0.00,,false,1,21.00,0.00,true,1,16802
520849000646,false,רוטמנס כ.ארוך פאקט,Unknown,,רוטמנס כ.ארוך פאקט,,0.00,,false,1,265.00,0.00,false,1,13794
608614324422,false,פולי קפה 500ג מולאטו,Unknown,,פולי קפה 500ג מולאטו,,500.00,100 גרם,false,1,39.00,7.80,true,1,14113
608614324439,false,פולי קפה 500ג ריקו,Unknown,,פולי קפה 500ג ריקו,,500.00,100 גרם,false,1,39.00,7.80,true,1,14114
613008742348,false,בקבוק אריזונה ג'נסינג ודבש 1 ליטר,"נטורלה גטרנק בע""\מn\",BG,אריזונה גינסנג ודבש,,1.00,1 ליטר,false,1,13.90,13.60,true,1,14115
613008753290,false,"בקבוק אריזונה אפרסק 450 מ""ל",נובה טרייד אל טי די,BG,אריזונה אפרסק,,450.00,"100 מ""ל",false,1,9.90,2.13,true,1,12697
613008753320,false,"תה קר ג'ינסנג ודבש אריזונה 450 מ""ל",אריזונה Arizona,BG,אריזונה גינסנג דבש,,450.00,"100 מ""ל",false,1,9.90,2.13,true,1,12542
613008753382,false,"בקבוק אריזונה אוכמניות 450 מ""ל",נובה טרייד אל טי די,BG,אריזונה אוכמניות,,450.00,"100 מ""ל",false,1,9.90,2.13,true,1,12698
613008755461,false,בקבוק אריזונה אוכמניות 1 ליטר,"נטורלה גטרנק בע""\מn\",BG,אריזונה אוכמניות 1 ל,,1.00,1 ליטר,false,1,13.90,13.60,true,1,14116
619659069193,false,דיסק און קי 32GB,Unknown,,דיסק און קי 32GB,,0.00,,false,1,35.00,0.00,true,1,7253
638102201010,false,חטיף זון קלסיק שוקולד חמאת בוטנים 50 גר,"אבוט נוטרישן, מעבדות",US,זון קלאסיק ח.בוטנים,,50.00,100 גרם,false,1,14.90,29.80,true,1,13798
638102203090,false,חטיף על בסיס חלבון סויה פאדג' גרהם,"אבוט נוטרישן, מעבדות",US,זון קלאסיק פאדג,,50.00,100 גרם,false,1,14.90,29.80,true,1,13799
638102532817,false,חטיף על בסיס חלבון סויה עם שוקולד מריר,"אבוט נוטרישן, מעבדות",US,זון דאבל שוקולד,,45.00,100 גרם,false,1,14.90,33.11,true,1,13800
638102582737,false,חטיף זון קלסיק רול קינמון 50 גר,"אבוט נוטרישן, מעבדות",US,זון קלאסיק קינמון,,50.00,100 גרם,false,1,14.90,29.80,true,1,13801
641938390711,false,פחם 2 קג הדר השרון,Unknown,,פחם 2 קג הדר השרון,,2.00,"1 ק""ג",false,1,20.00,10.00,true,1,14121
645692555935,false,עוג.מצה עשירה מדליון400ג,"אחים פפושדו ובניהם בע""\מ",IL,מצה עשירה 400 גר,,400.00,100 גרם,false,1,11.00,2.75,true,1,15223
645692555966,false,עוגיות יין פרח גדול 400 ג' פפשודו,"אחים פפושדו ובניהם בע""\מ",IL,מצה עשירה פרח 400ג,,400.00,100 גרם,false,1,11.00,2.75,true,1,15224
656874247340,false,סיגריה 5000 שאיפות,Unknown,,סיגריה 5000 שאיפות,,0.00,,false,1,99.90,0.00,false,1,17729
684678107522,false,גריל גז פיטבוס 2 מבע,Unknown,,גריל גז פיטבוס 2 מבע,,0.00,,false,1,1950.00,0.00,false,1,15839
684678404164,false,עגלה למנגל פיטבוס,Unknown,,עגלה למנגל פיטבוס,,0.00,,false,1,750.00,0.00,false,1,15840
693493065344,false,פלפל גמדי טינקרבל,Unknown,,פלפל גמדי טינקרבל,,0.00,,false,1,9.90,0.00,true,1,16046
693493065351,false,מלפפון בייבי משק פר,Unknown,,מלפפון בייבי ארוז,,0.00,,false,1,9.90,0.00,true,1,16047
693493085809,false,מסיכות כירורגיות,Unknown,,מסיכות כירורגיות,,50.00,יחידה,false,1,19.90,0.40,false,1,14147
693493104685,false,מסיכות כירורגיות,Unknown,,מסיכות כירורגיות,,50.00,יחידה,false,1,19.90,0.40,false,1,14148
693493104692,false,מסיכות כירורגיות,Unknown,,מסיכות כירורגיות,,50.00,יחידה,false,1,19.90,0.40,false,1,14149
693493111218,false,המלבי של רויטל,Unknown,,המלבי של רויטל,,0.00,,false,1,7.50,0.00,false,1,16931
716165174011,false,נייר גלגול גדול+פילטר יח,Unknown,ES,RAW נייר גדול ופילטר,,0.00,,false,1,8.50,0.00,true,1,16273
716165174578,false,קונוס גדול קלאסי 3 יח,Unknown,ES,RAW קונוס 3 גדול,,0.00,,false,1,7.00,0.00,true,1,16980
716165176107,false,נייר גלגול בינוני+פילטר,Unknown,ES,נייר בינוני ופילטר,,0.00,,false,1,7.00,0.00,true,1,16981
716165177111,false,קונוס בינוני קלאסי 6 יח,Unknown,ES,RAW קונוס 6 בינוני,,0.00,,false,1,9.00,0.00,true,1,16982
716165202547,false,נייר גלגול קטן+פילטר יח,Unknown,ES,RAW נייר קטן ופילטר,,0.00,,false,1,7.00,0.00,true,1,16983
721733000739,false,פטרון סילבר טקילה מארז TIN 2016) ) 700,פטרון דיסטרליס,MX,פטרון סילבר (כשר),,700.00,"100 מ""ל",false,1,169.90,24.23,true,1,15589
726754770401,false,פילטר פחם 50pcs/box,Unknown,,פילטר פחם 50pcs/box,,0.00,,false,1,39.90,0.00,true,1,16984
726754770500,false,קונוס אחסון PUFFIZ,Unknown,,קונוס אחסון PUFFIZ,,0.00,,false,1,5.00,0.00,true,1,16985
726754770944,false,PUFFIZ Rolling מגש,Unknown,,PUFFIZ Rolling מגש,,0.00,,false,1,14.90,0.00,true,1,16986
726754770951,false,שקיות אחסון 3.5גרם,Unknown,,שקיות אחסון 3.5גרם,,0.00,,false,1,4.00,0.00,true,1,16987
728229123590,false,טרה אורגינל חטיף על בסיס ירקות שורש בטעם טבעי 110 גרם,הונדורס צ'יפס יצור א,HN,טרה ירקות שורש 110ג,,110.00,100 גרם,false,1,16.90,15.36,true,1,1944
728229123811,false,טרה חטיף על בסיס ירקות שורש בתיבול ים תיכוני 110 גרם,הונדורס צ'יפס יצור א,HN,טרה ציפס ים תיכוני,,110.00,100 גרם,false,1,16.90,15.36,true,1,5334
728229124795,false,"טרה בטטה כשל""פ 110 גרם",היין סלסטייאל גרופ,US,טרה בטטה 110 גרם,,0.00,,false,1,16.90,0.00,true,1,16988
728229130444,false,"חטיף על בסיס ירקות שורש עם בטטה, תפו""א כחול וסלק",היין סלסטיאל גרופ,US,טרה ירקות שורש,,0.00,,false,1,16.90,0.00,true,1,16469
736140140725,false,ופורייזר,Unknown,,ופורייזר,,0.00,,false,1,399.90,0.00,true,1,17469
736140161508,false,PUFFIZ Single Wide,Unknown,,PUFFIZ Single Wide,,0.00,,false,1,6.00,0.00,true,1,17470
736140161522,false,PUFFIZ 1¼ נייר גלגול,Unknown,,PUFFIZ 1¼ נייר גלגול,,0.00,,false,1,6.00,0.00,true,1,17471
736140161546,false,PUFFIZ King Size,Unknown,,PUFFIZ King Size,,0.00,,false,1,6.00,0.00,true,1,17472
736140161560,false,נייר גלגול + פילטר,Unknown,,נייר גלגול + פילטר,,0.00,,false,1,10.00,0.00,true,1,17473
736140161584,false,Tips ניר גלגול+פילטר,Unknown,,Tips ניר גלגול+פילטר,,0.00,,false,1,10.00,0.00,true,1,17474
736140161607,false,PUFFIZ Tips Wide,Unknown,,PUFFIZ Tips Wide,,0.00,,false,1,5.00,0.00,true,1,17475
736140161997,false,גריינדר פאפיז 75 ממ,Unknown,,גריינדר פאפיז 75 ממ,,0.00,,false,1,29.90,0.00,true,1,17476
736140162000,false,גריינדר פאפיז 40 ממ,Unknown,,גריינדר פאפיז 40 ממ,,0.00,,false,1,26.90,0.00,true,1,17477
736140162079,false,קופסת אחסון פלסטיק,Unknown,,קופסת אחסון פלסטיק,,0.00,,false,1,10.00,0.00,true,1,17478
753182231761,false,"משקה אנרגיה BLU ללא תוספת סוכר 250 מ""ל",אקווה ויט,PL,בלו משקה אנרגיה זירו,,250.00,"100 מ""ל",false,1,8.90,3.44,true,1,5027
768404001640,false,"גלידה בן&ג'ריס קפה משפחתית 500מ""ל",מוצרי איכות אמריקאיים בע,IL,בן&גריס פיינט קפה,,420.00,"100 מ""ל",false,1,31.00,7.38,true,1,9577
786150000274,false,"בירה לף בראון בקבוק 330 מ""ל","אינבב, ברוורייפליין",BE,לף בראון בק 330 מל,,0.00,,false,1,13.00,0.00,true,1,17496
786150000281,false,"שישייה בירה לף בראון בקבוק 330X6 מ""ל","אינבב, ברוורייפליין",BE,לף בראון*6 330 מל,,0.00,,false,1,55.90,0.00,true,1,17498
810607023551,false,פופקורנרס צילי 28 גרם,פיירבנקס,US,פופקורנרס צילי מתוק,,0.00,,false,1,9.90,0.00,true,1,17886
835811005322,false,"פחם דרום אמריקאי הנמל 2 ק""ג",הנמל,IT,פחם דרום אמריקאי 2ק,,2.00,"1 ק""ג",false,1,21.90,10.95,true,1,7032
838948005968,false,סוכריות ליקריץ 200 גרם,שניידרס,FR,שניידרס גלילים 200ג,,0.00,,false,1,11.90,0.00,true,1,17888
838948006798,false,סוכריות ליקריץ 200 גרם,שניידרס,FR,שניידרס לקריץ 200ג,,0.00,,false,1,11.90,0.00,true,1,17889
839762002379,false,"משקה איילנד מנגו 350 מ""ל","פאראגאלה,דה אג'יפשן",EG,איילנד מנגו 350 מל,,350.00,"100 מ""ל",false,1,9.90,2.74,true,1,4975
839762002386,false,נקטר איילנד גויאבה 3,"פאראגאלה,דה אג'יפשן",EG,איילנד גויאבה 350מל,,350.00,"100 מ""ל",false,1,9.90,2.74,true,1,4970
842387000736,false,מטען רכב פרימיום מיק,Unknown,,מטען רכב GALAXY,,0.00,,false,1,44.90,0.00,true,1,12109
851621000050,false,בירה חיטה בטעם הדרים 1664 בלאנק - שישייה,קרלסברג ספליי קומפאני פו,PL,בלאנק בירה 1664 6יח,,0.00,,false,1,64.90,0.00,true,1,17545
856591000574,false,מיני נשנוש עבאדי טעם טבעי 40 גר,מאפיית יוסף ושמחה עב,IL,עבאדי חטיפים 40ג,,0.00,,false,1,4.90,0.00,true,1,10170
888849010103,false,משקה חלבון קווסט בטע,קווסט נטרישן,US,מ.חלבון QUEST ק.מלוח,,0.00,,false,1,19.90,0.00,true,1,17578
893594002051,false,"חטיף פופקורן צ`יפס בטעם גבינת צ`דר, 28ג Medora snacks",PepsiCo inc. Frito lay Division,US,פופקורנרס גבינת צדר,,0.00,,false,1,9.90,0.00,true,1,17897
893594002068,false,"חטיף פופקורן צ`יפס עם מלח ים,28 ג HANTRONIX",PepsiCo inc. Frito lay Division,US,פופקורנרס מלח ים,,0.00,,false,1,9.90,0.00,true,1,16255
1724826114510,false,"יין סטון וואלי זינפנדל 750 מ""ל",Unknown,US,סטון וואלי זינפנדל,,0.00,,false,1,52.90,0.00,false,1,16651
1724826154516,false,"יין סטון וואלי ק.סוביניון 750 מ""ל",Unknown,US,סטון וואלי קברנה,,0.00,,false,1,52.90,0.00,false,1,16652
3014260246693,true,גילט סימפלי ונוס,,,גילט סימפלי ונוס,,0.00,,false,,9.90,0.00,true,1,15033
3014260287030,false,סכיני גילוח חד פעמי חמישיה gullette,פרוקטר אנד גמבל,MD,גילט 2 חמישייה,,4.00,100 גרם,false,1,9.90,247.50,true,1,11394
3017621821669,false,פררו 200 גרם,Unknown,,פררו 200 גרם,,0.00,,false,1,24.90,0.00,true,1,17679
3030050153552,false,מסיר שיער אלחוטי גוף,Unknown,,מסיר שיער אלחוטי גוף,,0.00,,false,1,199.00,0.00,false,1,15492
3046920010047,false,לינדט שוקולד אקסלנס מריר 78% 100 גר,לינדט ושפרונגלי קילשברג,DE,לינדט אקסלנס 100ג,,0.00,,false,1,16.90,0.00,true,1,16761
3046920028004,false,לינדט שוקולד אקסלנס מריר 70% 100 גר,לינדט ושפרונגלי קילשברג,FR,לינדט אקסלנס 70%,,0.00,,false,1,19.90,0.00,true,1,16185
3046920028363,false,לינדט אקסלנס 85% מוצקי קקאו 100 גרם,לינדט ושפרונגלי קילשברג,FR,לינדט אקסלנס 85%,,0.00,,false,1,19.90,0.00,true,1,16186
3046920029759,false,לינדט אקסלנס 90% מוצקי קקאו 100 גרם,לינדט ושפרונגלי קילשברג,DE,לינדט אקסלנס 90%,,0.00,,false,1,16.90,0.00,true,1,16762
3068320014067,false,מים מינרלים אוויאן 750 מל,קריניציה ויטמינה אס,FR,אויאן מים 750,,0.00,,false,1,12.90,0.00,true,1,8787
3068320055008,false,מים מינרלים אוויאן 500 מל,קריניציה ויטמינה אס,FR,אויאן מים 500,,0.00,,false,1,10.90,0.00,true,1,16766
3086123128323,false,מצת מעוצב BIC-בודד,Unknown,,מצת מעוצב BIC-בודד,,1.00,יחידה,false,1,7.00,7.00,true,1,15917
3120581456267,false,"שבלי מ.דה ליני לבן יבש 750 מ""ל",מ.דה ליני,FR,שבלי מ.דה ליני יבש,,750.00,"100 מ""ל",false,1,109.90,14.61,true,1,15192
3138522089306,false,אוהל 4 פתיחה מהירה,Unknown,,אוהל 4 פתיחה מהירה,,0.00,,false,1,599.00,0.00,false,1,15430
3179730011024,false,פרייה מים מינרלים מבעבעים טבעיים,נסטלה ווטרס ספלאי,FR,פרייה 330 מל,,330.00,"100 מ""ל",false,1,9.00,2.64,true,1,10252
3387390525960,false,קראנץ' דגני בוקר עם שוקולד חלב נסטלה 500 גרם,הנסיך- מפעל לייצור ט,FR,קראנץ דגנים 500 גר,,500.00,100 גרם,false,1,26.90,5.38,true,1,7745
3415581114126,false,גלידה בטעם קרמל מתוק-מלוח 473 ג' האגן דאז,האגן-דאז,FR,פיינט האגן קרמל+מלח,,396.00,100 גרם,false,1,30.00,7.58,false,1,13336
3415581117110,false,גלידה בטעם קרמל ביסקוויט 473 ג' האגן דאז,האגן דאז,FR,פיינט האגן ביס קרמל,,398.00,100 גרם,false,1,30.00,7.54,false,1,13337
3415581187113,false,גלידה בטעם וניל בראוניס 473 ג' האגן דאז,האגן-דאז,FR,האגן דאז קרמל,,473.00,"100 מ""ל",false,1,30.00,6.34,true,1,13161
3415587149924,false,האגן דאז פיינט בראוניז מקיאטו,האגן דאז,FR,האגן דאז בראוני,,386.00,100 גרם,false,1,30.00,7.77,true,1,15140
3415587151019,false,האגן דאז שוקולד פרפה,האגן דאז,FR,האגן דאז שוקולד,,377.00,100 גרם,false,1,30.00,7.96,true,1,15141
3415587400186,false,שלגון וניל ואגוזי מק,האגן דאז,,שלגון האגן דאז מקדמ,,104.50,100 גרם,false,1,13.90,13.30,true,1,12551
3415587403057,false,האגן דאז שלגון וניל קרמל שקדים 69 גרם,האגן דאז,FR,האגן דאז שלגון,,70.00,100 גרם,false,1,13.90,19.86,true,1,14621
3415587404054,false,שלגון האגן דאז שוקולד ושקדים,האגן דאז,FR,שלגון האגן שוק ושקד,,104.50,100 גרם,false,1,13.90,13.30,true,1,12621
3415587405181,false,שלגון וניל תות שדה ב,האגן דאז,FR,שלגון האגן תות שדה,,104.50,100 גרם,false,1,13.90,13.30,true,1,12622
3525490011093,false,"שרדונה לה ג'אמל 750 מ""ל",בדט קלמנט,FR,לה זאמל שרדונה,,0.00,,false,1,69.90,0.00,false,1,16779
3525490011109,false,"יין לה ז'אמל רוזה 750 מ""ל (חדש)",בדט קלמנט,FR,יין לה זאמל רוזה,,0.00,,false,1,69.90,0.00,false,1,16780
3525490011116,false,"יין לה ז'אמל קברנה סוביניון 750 מ""ל",בדט קלמנט,FR,לה זאמל קברנה,,0.00,,false,1,69.90,0.00,false,1,16781
3574660089547,false,טמפונים נורמל קלאסי אובה 32 יחידות,ג'\ונסון אנד ג'\ונסון,GR,או בה נורמל,,32.00,יחידה,false,1,36.50,1.14,true,1,8711
3574660239973,false,או-בה פרוקומפורט 32 יח נורמל,"ש. שסטוביץ בע""\מ",GR,או בה פרו קומפ נורמ,,32.00,יחידה,false,1,37.50,1.17,true,1,5773
3760125946719,false,רוזה כשר אור דה לה קסטינל,ג'נרל מילס סאן אדריא,FR,רוזה אור פרובאנס,,750.00,"100 מ""ל",false,1,70.00,9.29,true,1,15588
3760235771010,false,"יין דומיין דה בומון שאבלי 750 מ""ל",יקב רמת הגולן,IL,דומיין בומון שאבלי,,0.00,,false,1,109.90,0.00,false,1,16784
3800020418130,false,קיט קט קרמל מלוח 42,Unknown,,קיט קט קרמל מלוח 42,,42.00,100 גרם,false,1,6.90,16.43,true,1,14630
3800020423578,false,קיט קט צ'אנקי אדום נסטלה 40 גרם,נסטלה בולגריה A.D,BG,קיט קט צאנקי 40גר,,40.00,100 גרם,false,1,6.90,17.25,true,1,4230
3800020472712,false,חטיף קיט קאט צאנקי פופקורן 42 ג',ליימן מותגים,BG,קיט קט צ.פופקורן,,0.00,,false,1,6.90,0.00,true,1,16785
3800020491393,false,שוקולד קיט קט צאנקי,תאי פרזידנט פוד פאבל,BG,קיט קט צאנקי,,41.50,100 גרם,false,1,6.90,16.63,true,1,14631
3800034965965,false,פחית ריח מגוון ריחות,Unknown,,פחית ריח מגוון ריחות,,0.00,,false,1,15.00,0.00,true,1,10270
4000417022004,false,ריטר ספורט שוקולד חלב מעולה עם צימוקים ואגוזי לוז 100 גרם,ריטר ספורט Ritter sport,DE,ריטר חלב צ.אגוזים,,0.00,,false,1,9.90,0.00,true,1,1690
4000417025005,false,שוקולד מריר במילוי מרציפן ריטר ספורט 100 גרם,ריטר ספורט Ritter sport,DE,ריטר מרציפן,,0.00,,false,1,9.90,0.00,true,1,1686
4000417026002,false,שוקולד חלב ממולא קרם פרלין אגוזי לוז,ריטר ספורט Ritter sport,DE,ריטר פרלין,,0.00,,false,1,9.90,0.00,true,1,16178
4000417101211,false,גלילי וופל עם קרם אגוזי לוז בציפוי שוקולד חלב,אמיצ'לי Amicelli,AT,אמיצלי 150 גרם,,0.00,,false,1,19.90,0.00,true,1,16787
4000417222008,false,ריטר ספורט שוקולד חלב עם שברי אגוזים 100 גרם,ריטר ספורט Ritter sport,DE,ריטר חלב אגוזים,,0.00,,false,1,9.90,0.00,true,1,16788
4000539363108,false,שוקולד לינדור סטיקס 38 גרם,לינדור,DE,לינדור סטיק 38ג,,0.00,,false,1,6.90,0.00,true,1,16789
4002590000022,false,סוכריות קלפני פירות יער אוכמניות 150 ג',ליימן מותגים,DE,קלפני פירות יער,,150.00,100 גרם,false,1,12.00,8.00,true,1,9487
4002590000046,false,סוכריות בטעם מנטה מרענן קלפני 150 גרם,ליימן מותגים,DE,קלפני מרענן 150 גר,,150.00,100 גרם,false,1,12.00,8.00,true,1,146
4002590000633,false,סוכריות קלפני פירות 150 גרם,ליימן מותגים,DE,קלפני פירות 150 גר,,150.00,100 גרם,false,1,12.00,8.00,true,1,147
4005808650002,false,שפתון לבלו כחול,ביירסדורץ,IL,לבלו שפתון כחול,,0.00,,false,1,9.90,0.00,true,1,13586
4005808650712,false,לבלו שפתון לחות דובדבן,HELLAS BEIERSDORF,DE,לבלו שפתון דובדבן,,0.00,,false,1,9.90,0.00,true,1,13590
4006396077967,false,אלור אורגניק סופרסלי,Unknown,,אלור אורגניק סופרסלי,,0.00,,false,1,26.50,0.00,false,1,12231
4006396095671,false,אלור קלאסי סופרסלימס,Unknown,,אלור קלאסי סופרסלימס,,0.00,,false,1,26.50,0.00,false,1,12232
4006396095831,false,אלור מנטול סופרסלימס,Unknown,,אלור מנטול סופרסלימס,,0.00,,false,1,26.50,0.00,false,1,12233
4006396095862,false,אללור סופרסלימז לילך,Unknown,,אלור לילך סופרסלימס,,0.00,,false,1,26.50,0.00,true,1,12234
4008400170428,false,בונבוניירה פררו רושר לב 100 גרם,גוד פוד פרודקטס S.p,PL,פררו רושה לב,,0.00,,false,1,19.90,0.00,true,1,16790
4008400230726,false,ביצת שוקולד הפתעה קינדר ענקית 100ג' בנים,קינדר Kinder,BE,ביצת הפתעה מקסי בנים,,0.00,,false,1,27.90,0.00,true,1,16791
4008400284620,false,קינדר - שוקובון 24 יחידות * 46 גרם,Unknown,,קינדר שוקובון 46 גר,,46.00,100 גרם,false,1,6.90,15.00,true,1,12235
4008400290126,false,עוגת קינדר מצופ.שוקולד30,פררו טורקיה צ'\יקולטה וו,TR,קינדר פינגווי בודד,,30.00,100 גרם,false,1,5.00,16.67,true,1,15198
4009900379564,false,מסטיק הובה בובה Hubba Bubba טייפ בטעם פירות,הובה בובה Hubba Bubba,GB,הובה בובה טייפ פירות,,71.00,100 גרם,false,1,8.50,11.97,true,1,1542
4009900402965,false,אורביט וויט בטעם פירות בקבוקון 46מלבניות,ריגלי פולין,PL,אורביט וויט פירות בק,,80.00,100 גרם,false,1,13.00,16.25,true,1,7978
4009900403023,false,אורביט וויט בטעם מנטה בקבוקון 46 מלבניות,"ב.א מזון בע""מ",PL,אורביט וויט מנטה בקב,,80.00,100 גרם,false,1,13.00,16.25,true,1,7979
4009900406918,false,מסטיק הובה בובה טייפ טריפל מיקס 56ג',הובה בובה Hubba Bubba,GB,הובה בובה טריפל מיקס,,71.00,100 גרם,false,1,8.50,11.97,true,1,2989
4009900420129,false,מסטיק אורביט פרופשנל פפרמינט בקבוקון 64 גר',מרס נדרלנד,PL,אורביט פפרמינט בקבוק,,80.00,100 גרם,false,1,13.00,16.25,true,1,12628
4009900426039,false,מסטיק מנטה אקליפטוס בקבוקון איירווייבס 64 גרם,איירוויבס Airwaves,PL,איירוייז אקליפטוס בק,,64.00,100 גרם,false,1,13.00,20.31,true,1,11632
4009900426121,false,מסטיק אורביט איירוויז בקבוקון אוכמניות 64ג',איירוויבס Airwaves,PL,איירוויז אוכמניות בק,,64.00,100 גרם,false,1,13.00,20.31,true,1,11633
4009900479998,false,אורביט וויט אוכמניות בקבוקון 46 מלבניות,ריגלי פולין,PL,אורביט אוכמניות בקבו,,80.00,100 גרם,false,1,13.00,16.25,true,1,10411
4009900482417,false,מסטיק אורביט פירות מנטה בקבוקון באבל מינט 45יח,ריגלי פולין,PL,אורביט באבל מינט בקב,,80.00,100 גרם,false,1,13.00,16.25,true,1,7980
4009900500166,false,סוכריות פירות אדום סקיטלס בקבוקון 125ג',ריגלי ממתקים,CZ,סקיטלס פירות בבקבוק,,137.00,100 גרם,false,1,12.00,8.76,true,1,11634
4009900512329,false,פייב בוקס מסטיק מנטה 69 גרם,ריגלי בעמ רוסיה,RU,פייב בוקס ספירימנט,,82.00,100 גרם,false,1,13.00,15.85,true,1,10413
4009900512350,false,פייב בוקס מסטיק אבטיח 69 גרם,ריגלי בעמ רוסיה,RU,פייב בוקס אבטיח,,82.00,100 גרם,false,1,13.00,15.85,true,1,10414
4009900523288,false,פייב בוקס מסטיק תות 69 גרם,ריגלי בעמ רוסיה,RU,פייב בוקס תות,,82.00,100 גרם,false,1,13.00,15.85,true,1,12237
4009900525138,false,"וויט גומי לעיסה בטעם תות ללא סוכר, 64 ג' אורביט",ריגלי,PL,א. וויט תות בקבוקון,,80.00,100 גרם,false,1,13.00,16.25,true,1,14044
4009900531122,false,"מסטיק בטעם מנטה ספירמינט, 64 ג' פרופשיונל אורביט",מרס נדרלנד,PL,אורביט ספירמינט בקבק,,80.00,100 גרם,false,1,13.00,16.25,true,1,12629
4009900534581,false,מסטיק איירוויבז דובדבן ומנטה בקבוקון 64,Unknown,IL,איירוויז דובדבן בקב,,64.00,100 גרם,false,1,13.00,20.31,false,1,14045
4009900534611,false,איירוויבס בקבוקון מלון ומנטה 46 מלבני,ריגלי,IL,איירוויז מלון ומנטה,,64.00,100 גרם,false,1,13.00,20.31,false,1,14046
4009900535519,false,מסטיק אורביט רפרשרס ספירמינט ללא סוכר 15.6גר',אורביט,PL,אורביט רפרשרס,,20.00,100 גרם,false,1,5.50,27.50,true,1,14638
4009900535540,false,מסטיק אורביט רפרשרס פפרמינט ללא סוכר 15.6גר',אורביט,PL,אורביט רפרשרס,,20.00,100 גרם,false,1,5.50,27.50,true,1,14639
4009900535823,false,מסטיק אורביט רפרשרס באבלמינט ללא סוכר 15.6גר',אורביט,PL,אורביט רפרשרס,,20.00,100 גרם,false,1,5.50,27.50,true,1,14640
4009900536257,false,מסטיק אורביט רפרשרס ספירמינט בקבוקון ללא סוכר 67 גר',מרס ריגלי קונפקשונרי,PL,אורביט רפרשרס,,50.00,100 גרם,false,1,14.90,29.80,true,1,14641
4009900536288,false,מסטיק אורביט רפרשרס פפרמינט בקבוקון ללא סוכר 67 גר',מרס ריגלי קונפקשונרי,PL,אורביט רפרשרס,,50.00,100 גרם,false,1,14.90,29.80,true,1,14642
4009900536486,false,מסטיק אורביט רפרשרס באבלמינט בקבוקון ללא סוכר 67 גר',מרס ריגלי קונפקשונרי,PL,אורביט רפרשרס,,50.00,100 גרם,false,1,14.90,29.80,true,1,14643
4009900539401,false,מסטיק פייב באונס בטעם מנטה HP,Unknown,PL,פייב באונס מנטה HP,,0.00,,false,1,6.00,0.00,true,1,16792
4009900539432,false,מסטיק פייב באונס בטעם אבטיח HP,Unknown,PL,פייב באונס אבטיח HP,,0.00,,false,1,6.00,0.00,true,1,16793
4009900539685,false,"מסטיק פייב באונס בטעם מנטה בקבוקון, 61.8 גרם",ריגלי בעמ רוסיה,PL,פייב באונס מנטה בק,,0.00,,false,1,14.90,0.00,true,1,16794
4009900539746,false,"מסטיק פייב באונס בטעם אבטיח בקבוקון, 61.8 גרם",ריגלי בעמ רוסיה,PL,פייב באונס אבטיח בק,,0.00,,false,1,14.90,0.00,true,1,16795
4009900540551,false,מסטיק אורביט רפרשרס טרופיקל בקבוקון ללא סוכר,מרס פולין,PL,אורביט ר.טרופיקל,,0.00,,false,1,14.90,0.00,true,1,16796
4011800617615,false,1X24X50G קורני ביג שוקולד,שוורטאוור וורקה,DE,קורני ביג שוקו 50,,50.00,100 גרם,false,1,7.50,15.00,true,1,14047
4011800617714,false,"""קורני"" ביג שוקו בננה50 גרם",מיוצר עי קונדיטוריית,DE,קורני ביג שוקו בננה,,50.00,100 גרם,false,1,7.50,15.00,true,1,14048
4011800617813,false,"""קורני"" ביג בראוניס 50 גרם",שוורטאוור וורקה,DE,קורני ביג בראוני,,50.00,100 גרם,false,1,7.50,15.00,true,1,14049
4011800617912,false,קורני ביג נאטס אגוזי,שוורטאוור וורקה,DE,קורני ביג נאטס,,50.00,100 גרם,false,1,7.50,15.00,true,1,14050
4011800618216,false,קורני ביג מילק,Unknown,,קורני ביג מילק,,50.00,100 גרם,false,1,7.50,15.00,true,1,14051
4011800618315,false,קורני ביג דארק & וואיט 40 גר,Unknown,DE,קורני ביג דארק&וואיט,,50.00,100 גרם,false,1,7.50,15.00,true,1,14052
4011800628512,false,חטיף קורני שוקולד חלב 6 יח 150 גר,מיוצר עי קונדיטוריית,DE,קורני שוקולד חלב-6יח,,150.00,100 גרם,false,1,12.00,8.00,false,1,8922
4011800630515,false,חטיף קורני שוקולד חלב ובננה 6 יח 150 גר,מיוצר עי קונדיטוריית,DE,קורני שוקול בננה 6י,,150.00,100 גרם,false,1,12.00,8.00,false,1,8923
4011800633516,false,קורני שוקולד מריר מעולה 58% קקאו 6*1,שוורטאוור וורקה,DE,קורני ש.מריר6יח-מארז,,138.00,100 גרם,false,1,12.00,8.70,true,1,10542
4014400901191,false,בונבונריית מרסי מבחר ממתקי שוקולד 250 גרם,ליימן מותגים,DE,מרסי בונבונירה 250ג,,250.00,100 גרם,false,1,34.50,13.80,true,1,312
4014400901405,false,בונבוניירה שוקולד מרסי חלב 250 ג',קריניציה ויטמינה אס,DE,מרסי חלב 250 גר,,250.00,100 גרם,false,1,34.50,13.80,true,1,2872
4014400907902,false,"וורטרס אורגינל סוכריות חמאה ללא סוכר בקופסה
42 גרם",תות ממתקי איכות,DE,וורטר אורגינל בקופסא,,42.00,100 גרם,false,1,9.00,21.43,true,1,4997
4014400910063,false,סוכריות חמאה וורטרס אורגינל 135 גרם,וורטר'ס אורגינל,DE,וורטר סוכריות 135,,135.00,100 גרם,false,1,13.50,10.00,true,1,6611
4014400914696,false,וורטרס אורגינל סוכריות ללא סוכר 80 גרם,ליימן מותגים,DE,וורטר סוכ ל.סוכר 80ג,,80.00,100 גרם,false,1,12.50,15.62,true,1,6230
4014400920857,false,וורטר אורגינל ללא סוכר בטעם שוקולד-שקית 70 גרם,קריניציה ויטמינה אס,DE,וורטס שוקולד ללס,,70.00,100 גרם,false,1,12.50,17.86,true,1,12633
4014400923711,false,בונבוניירה שוקולד אגוזים טופיפי 125 גרם,ליימן מותגים,DE,טופיפי 125 גר.,,125.00,100 גרם,false,1,17.70,14.16,true,1,11637
4014400925319,false,וורטרס אורגינל פופקורן קרמל 140 גרם,וורטרס Werther's,DE,וורטר פופקורן,,140.00,100 גרם,false,1,17.90,12.79,true,1,14644
4015400690313,false,טמפונים פרל רגולר טמפקס קומפאק 18 יח,פרוקטר אנד גמבל,HU,טמפקס קומפאק רגולר,,18.00,יחידה,false,1,25.90,1.44,true,1,12134
4015400690405,false,טמפונים פרל סופר טמפקס קומפאק 18 יח,פרוקטר אנד גמבל,HU,ט.טמפקס פרל סופר,,18.00,יחידה,false,1,32.00,1.78,true,1,12135
4015400731719,false,תחבושות היגייניות אולוויז יום ולילה Day & Night,פרוקטר אנד גמבל,UA,א.תחבושות לילה חדש,,20.00,יחידה,false,1,23.90,1.20,true,1,11048
4015400755241,false,תחבושות היגייניות אולוויז אולטרה נורמל - 28 יח',פרוקטר אנד גמבל,UA,ת.אולוויז פלוס 28 יח,,28.00,יחידה,false,1,23.90,0.85,true,1,11049
4015400755487,false,תחבושות היגייניות אולוויז אולטרה לונג - 24 יח',פרוקטר אנד גמבל,DE,ת.אולוויז פלוס 24 יח,,24.00,יחידה,false,1,23.90,1.00,true,1,11050
4015600762742,false,שמפו יומיומי למניעת קשקשים הנוסחה הקלאסית,פרוקטר אנד גמבל,RO,שמפו הד&שולדרס קלאסי,,500.00,"100 מ""ל",false,1,23.90,4.78,false,1,12240
4022025001905,false,"בלו ווין מבעבע זהב 750 מ""ל",היי סישל סוהן טראבן,DE,בלו ווין,,750.00,"100 מ""ל",false,1,70.00,9.29,true,1,14645
4022025002025,false,יין בלו נאן מבעבע גו,בלו נאן,DE,בלו נאן מבעבע גולד,,0.00,,false,1,27.90,0.00,false,1,16798
4022025002254,false,24K יין בלו נאן רוזה,בלו נאן,DE,בלו נאן רוזה 24K,,0.00,,false,1,27.90,0.00,false,1,16799
4022025261002,false,"בלו ווין גוורצטרמינר 750 מ""ל",לנגוט טראבן,DE,בלו ווין גוורצטרמינר,,750.00,"100 מ""ל",false,1,60.00,7.96,true,1,14646
4022025262436,false,יין בלו נאן גוורצטרמ,בלו נאן,DE,בלו נאן כשר 250מל,,0.00,,false,1,27.90,0.00,false,1,16800
4030600227473,false,דוידוף קלאסיק קופסא,Unknown,,דוידוף קלאסיק OCB,,0.00,,false,1,35.00,0.00,false,1,14053
4030600227503,false,דוידוף גולף קופסא,Unknown,,דוידוף גולד OCB,,0.00,,false,1,35.00,0.00,false,1,14054
4030600228562,false,דוידוף סלימס גולד,Unknown,,דוידוף סלימס גולד,,0.00,,false,1,35.00,0.00,false,1,14055
4032900104508,false,אל די סופרסלימס כחול חפיסה,Unknown,TR,אל.די סופרסלימס כחול,,0.00,,false,1,27.00,0.00,false,1,14056
4032900104515,false,אל די סופרסלימס כחול,Unknown,,אל די סופר סלימס*10,,0.00,,false,1,265.00,0.00,false,1,14057
4032900111292,false,ווינסטון קומפלקט כחול חפיסה,Unknown,UA,וינסטון קומפקט כחול,,0.00,,false,1,29.50,0.00,false,1,12634
4032900111308,false,ווינסטון קומפלקט סילבר חפיסה,Unknown,UA,וינסטון קומפקט סילבר,,0.00,,false,1,29.00,0.00,false,1,12635
4032900111315,false,פקט וינסטון קומפקט סילבר,Unknown,UA,וינסטון ק.סילבר פאקט,,0.00,,false,1,285.00,0.00,false,1,12636
4032900111322,false,ווינסטון קומפלקט כחול עשירייה,Unknown,UA,וינסטון קומפ. כחול פ,,0.00,,false,1,285.00,0.00,false,1,12637
4032900112824,false,כאמל קומפקט כחול)תכלת( ח,Unknown,UA,כאמל קומפקט תכלת בהי,,0.00,,false,1,28.50,0.00,false,1,12638
4032900112831,false,כאמל קומפקט כחול)תכלת(פק,Unknown,UA,כאמל ק.תכלת פאקט,,0.00,,false,1,275.00,0.00,false,1,12639
4032900112862,false,כאמל קומפקט כחול עשירייה,Unknown,UA,כאמל ק.כחול פאקט,,0.00,,false,1,275.00,0.00,false,1,12640
4032900112879,false,כאמל קומפקט כחול כהה חפ,Unknown,UA,כאמל קומפקט כהה,,0.00,,false,1,28.50,0.00,false,1,12641
4032900124193,false,כאמל צהוב ארוך PP חפיסה,Unknown,PL,כאמל צהוב ארוך,,0.00,,false,1,32.00,0.00,false,1,14058
4032900124209,false,סיגריות כאמל צהוב אר,Unknown,PL,כאמל צהוב ארוך,,0.00,,false,1,310.00,0.00,false,1,14059
4032900124254,false,ווינסטון קומפלקט ברי PP חפיסה,Unknown,RO,וינסטון קומפקט ברי,,0.00,,false,1,29.50,0.00,false,1,14060
4032900124261,false,ווינסטון קומפלקט ברי PP עשירייה,Unknown,RO,וינסטון קומפקט*10,,0.00,,false,1,285.00,0.00,false,1,14061
4032900128108,false,טבק נרגילה תפוח 60,Unknown,,טבק נרגילה תפוח 60,,0.00,,false,1,45.00,0.00,false,1,14062
4033100003493,false,ווינסטון כחול סופט סלימס עשירייה,Unknown,CH,וינסטון סלימס כ.פאקט,,0.00,,false,1,330.00,0.00,false,1,10805
4033100003530,false,ווינסטון נטוראל סופט סלימס עשירייה,Unknown,CH,וינסטון ס.סלימס מנטו,,0.00,,false,1,330.00,0.00,false,1,10806
4033100013348,false,סיגריות אל די כחול ארוך בודד,Unknown,TR,אל.די ארוך,,0.00,,false,1,29.00,0.00,false,1,4791
4033100013355,false,אל די ארוך פאקט,Unknown,TR,LD 100 פאקט כחול,,0.00,,false,1,280.00,0.00,false,1,4965
4033100014468,false,סיגריות אל די אדום ח,Unknown,TR,אל.די אדום,,0.00,,false,1,29.00,0.00,false,1,4949
4033100014475,false,פאקט אל די אדום,Unknown,TR,פאקט אל די אדום,,0.00,,false,1,280.00,0.00,false,1,4952
4033100014499,false,סיגריות אל די כחול בודד,Unknown,TR,אל.די כחול חפיסה,,0.00,,false,1,29.00,0.00,false,1,4948
4033100014505,false,פאקט אל די כחול,Unknown,TR,פאקט אל די כחול,,0.00,,false,1,280.00,0.00,false,1,4951
4033100014529,false,סיגריות אל די סלים ח,Unknown,TR,אל די סלימס חפיסה,,0.00,,false,1,27.00,0.00,false,1,4950
4033100014536,false,אל.די סלימס פאקט 10,Unknown,TR,פאקט אל די סלים,,0.00,,false,1,265.00,0.00,false,1,7523
4033100014642,false,סיגריות כאמל שחור פק,Unknown,CH,כאמל שחור פאקט,,0.00,,false,1,310.00,0.00,false,1,10807
4033100014666,false,סיגריות כאמל לבן פקט,Unknown,CH,כאמל לבן פאקט,,0.00,,false,1,310.00,0.00,false,1,10808
4033100024146,false,סיגריות וינסטון CODE בודד,Unknown,CH,וינסטון קוד-חפיסה,,0.00,,false,1,32.00,0.00,false,1,7518
4033100024153,false,סיגריות וינסטון קוד,Unknown,CH,וינסטון קוד-פאקט,,0.00,,false,1,310.00,0.00,false,1,7522
4033100024252,false,וינסטון אקווה לייט קופסה,Unknown,CH,וינסטון אקווה חפיסה,,0.00,,false,1,32.00,0.00,false,1,7519
4033100024269,false,וינסטון קוד אקווה פאקט,Unknown,CH,וינסטון קוד אקווה -פ,,0.00,,false,1,310.00,0.00,false,1,7521
4033100038914,false,כאמל צהוב טבק לגלגול,Unknown,GB,טבק כאמל צהוב,,0.00,,false,1,84.00,0.00,false,1,8559
4033100046490,false,סיגריות וינסטון 100 אקווה ארוך,יושלם,CH,וינסטון אקווה ארוך,,0.00,,false,1,32.00,0.00,false,1,8267
4033100046506,false,וינסטון אקווה לונג פאקט,Unknown,CH,וינסטון קוד אקווה-פא,,0.00,,false,1,310.00,0.00,false,1,8268
4033100047350,false,טבק לגלגול קאמל כחול,Unknown,GB,טבק כאמל כחול,,0.00,,false,1,84.00,0.00,false,1,8560
4033100064036,false,וינסטון כחול טבק לגלגול חפיסה,Unknown,GB,וינסטון כחול טבק,,0.00,,false,1,81.00,0.00,false,1,10153
4043058008778,false,טבק אמריקן ספיריט כחול פאוצ,פלנטה טבק,DE,אמריקן ספיריט כ. טבק,,0.00,,false,1,85.00,0.00,false,1,8561
4043058010412,false,טבק אמריקן ספיריט צהוב פאוצ,פלנטה טבק,DE,אמריקן ספיריט צ. טבק,,0.00,,false,1,85.00,0.00,true,1,11641
4066600999614,false,"בירה פאולנר, בירת חיטה מעוננת, בקבוק 500 מ""ל",מבשלת פאולנר,DE,ב.בירה פאולנר 500 מל,,0.00,,false,1,18.00,0.00,true,1,16804
4067700014856,false,ייגרמייסטר-חדש,Unknown,,ייגרמייסטר-חדש,,0.00,,false,1,69.90,0.00,true,1,11643
4084500088917,false,"נוזל כלים פיירי לימון 650 מ""ל בד""צ",פרוקטר אנד גמבל,US,פיירי לימון 650 מל,,650.00,"100 מ""ל",false,1,14.00,2.15,true,1,13647
4105120623941,false,"בירה ויינשטפן בק' ח""פ 500 מ""ל","ויינשטפן, ת.ד 1155 פרייז",DE,ויינשטפן בק חפ500מל,,0.00,,false,1,17.90,0.00,true,1,16805
4260399984503,false,מדליק פחם מוצק 48 קוביות,Unknown,IL,מדליק פחם מוצק,,0.00,,false,1,7.00,0.00,false,1,17681
4600659010854,false,"וודקה סטוליצ'ניה 700 מ""ל",איי. אס. לטבייאס בלזם,LV,וודקה סטולי 700,,700.00,100 גרם,false,1,86.00,12.24,true,1,5181
4600680013800,false,קיט קט זברה 4 אצבעות,Unknown,,קיט קט זברה 4 אצבעות,,0.00,,false,1,6.90,0.00,true,1,16814
4602486002071,false,"וודקה בלנקאיה גולד 700 מ""ל",מזקקת גאורגייבסקי קר,RU,וודקה בלנקאיה גולד,,700.00,"100 מ""ל",false,1,69.90,9.94,true,1,15635
4603400000043,false,"וודקה רוסקיי סטנדרט 700 מ""ל",רוסקי סטנדרט וודקה,RU,וודקה רוסקי סטנדרט,,700.00,"100 מ""ל",false,1,87.90,12.51,true,1,8355
4603400001521,false,"וודקה רוסקי סטנדרט 200 מ""ל",Unknown,,רוסקי סטנדרט 200 מל,,200.00,"100 מ""ל",false,1,34.90,17.30,false,1,10329
4603928000976,false,"בלוגה נובל וודקה 700 מ""ל+כוס הייבול",מרינסקי ליקרו-וודאצ'ני ז,RU,וודקה בלוגה 700 מל,,700.00,"100 מ""ל",false,1,165.00,23.53,true,1,15567
4606203001279,true,נקסט FF פאקט,,,נקסט FF פאקט,,0.00,,false,,270.00,0.00,false,1,1951
4606203001293,true,נקסט פיין פאקט,,,נקסט פיין פאקט,,0.00,,false,,270.00,0.00,false,1,1952
4606203001484,true,פרלמנט סופר סלימס,,,פרלמנט סופר סלימס,,0.00,,false,,370.00,0.00,false,1,1949
4710068001692,false,"מאסטר קפה לאטה פחית 240 מ""ל",תאיט מרקטינג אנד דיסטריב,TW,מאסטר קפה לאטה,,250.00,"100 מ""ל",false,1,10.90,4.36,true,1,9059
4710068001715,false,"מאסטר קפה טירמיסו פחית 240 מ""ל",יוני פרזינדנט אנטרפר,TW,מאסטר ק.טירמיסו,,250.00,"100 מ""ל",false,1,10.90,4.36,true,1,9060
4710068001739,false,"מאסטר קפה קולומביאני 250 מ""ל",יוני פרזינדנט אנטרפר,TW,מאסטר קפה קולומביאני,,250.00,"100 מ""ל",false,1,10.90,4.36,true,1,8943
4710068002798,false,מאסטר קפה וונילה פחית 240 מל,מאיטה פוד אינדוסטריאל קו,TW,מאסטר קפה וניל,,250.00,"100 מ""ל",false,1,10.00,4.00,true,1,12653
4710068003313,false,"מאסטר קפה אמריקאנו פחית 240 מ""ל",מאיטה פוד אינדוסטריא,TW,מאסטר קפה אמריקנו,,250.00,"100 מ""ל",false,1,10.90,4.24,true,1,15286
4714739000106,false,מראה פנימית,Unknown,,מראה פנימית,,0.00,,false,1,39.00,0.00,true,1,11053
4750021000904,false,וודקה סטולי פרימיום,איי.אס לטבייאס בלזם,LV,סטולי פרימיום 200,,0.00,,false,1,29.90,0.00,false,1,17682
4750021005725,false,"וודקה סטולי כשל""פ 700מ""ל",פארייפאבה אגרואינדוס,LV,סטולי כשלפ ל.גלוטן,,700.00,100 גרם,false,1,89.90,12.80,true,1,12248
4823077613630,false,חטיף שוקולד רושן ממולה קרם בורלה 43 גרם,רושן Roshen,UA,ש.רושן קרם ברולה,,0.00,,false,1,5.00,0.00,true,1,16817
4823077617041,false,חטיף שוקולד רושן ממולה קרם קרמל 43 גרם,רושן Roshen,UA,רושן ממולה ק.קרמל,,0.00,,false,1,5.00,0.00,true,1,16818
4823077621635,false,חטיף שוקולד רושן בטעם חלב 72 גרם,Unknown,UA,וופל רושן בטעם חלב,,0.00,,false,1,5.00,0.00,true,1,16819
4823077621642,false,חטיף שוקולד רושן בטעם שוקולד 72 גר,Unknown,,וופל רושן שוקולד,,0.00,,false,1,5.00,0.00,true,1,16820
4823077621659,false,חטיף שוקולד רושן בטעם אגוז 72 גר,Unknown,UA,וופל רושן בטעם אגוז,,0.00,,false,1,5.00,0.00,true,1,16821
4823077625145,false,ממתקי שוקולד מריר עם דובדבן בליקר דובדבן,רושן Roshen,UA,בובונבוניירה ל.שרי,,0.00,,false,1,19.90,0.00,true,1,17683
4823077632259,false,חטיף שוקולד רושן עם בוטנים 43 גרם,רושן Roshen,UA,חטיף ש.רושן בוטנים,,0.00,,false,1,5.00,0.00,true,1,16822
4823077632396,false,וופל רושן קקאו חלב,Unknown,,וופל רושן קקאו חלב,,0.00,,false,1,5.00,0.00,true,1,16823
4823077633690,false,בונבוניירה רושן שוטרס ויסקי 150 גרם,רושן,,בונבוניירה ו.רושן,,0.00,,false,1,19.90,0.00,true,1,17684
4895060592307,false,סוכריות נטורל בטעמים בקבוק NUGGELS,איתן-מזון,CN,פלורידה נטורל בקבוק,,0.00,,false,1,9.90,0.00,true,1,1555
4897021690947,true,פלסטר מיקס 100 יח,,,פלסטר מיקס 100 יח,,100.00,יחידה,false,,13.90,0.14,true,1,15038
4897021690954,true,פד דביק סטרילי 5*7 5,,,פד דביק סטרילי 5*7 5,,5.00,יחידה,false,,8.90,1.78,true,1,15039
5000159376655,false,סוכריות SKITTLES פירות קטן 38 גרם אדום,ריגלי ממתקים,CZ,סקיטלס פירות 38 גר,,39.00,100 גרם,false,1,4.00,10.26,true,1,7946
5000159376792,false,סוכריות סקיטלס Skittles פירות חמוצים,ריגלי ממתקים,CZ,סקיטלס חמוץ 38 גר,,39.00,100 גרם,false,1,4.00,10.26,true,1,7947
5000159407236,false,חטיף מרס שוקולד עם ק,מרס הולנד בי.וי.,NL,מרס חטיף 51 גר,,51.73,100 גרם,false,1,6.50,12.57,true,1,2958
5000159414197,false,מלטיזרס בציפוי שוקולד 135 גרם,מרס שוקולד צ.אמריקה,NL,מלטיזרס 135 גרם,,0.00,,false,1,17.90,0.00,true,1,16828
5000159459228,false,חטיף שוקולד טוויקס 50 ג',"נארז ע""י : א.ג. גילר",NL,טוויקס 50 גר,,50.84,100 גרם,false,1,6.50,12.79,true,1,7811
5000159460866,false,גלידה חטיף מרס אקסטר,פלדמן,FR,חטיף מארס  XL,,0.00,,false,1,11.50,0.00,true,1,16422
5000159460880,false,חטיף סניקרס 53 גרם,פלדמן,FR,חטיף סניקרס  XL,,0.00,,false,1,11.50,0.00,true,1,16423
5000159461122,false,חטיף שוקולד סניקרס מקס קרמל 50 ג',"נארז ע""י : א.ג. גילר",NL,סניקרס חטיף שוקולד50,,50.73,100 גרם,false,1,6.50,12.81,true,1,7816
5000159472760,false,שקית שוקולד טוויקס 1,מרסי,NL,טוויקס מ.בשקית 170ג,,0.00,,false,1,9.90,0.00,true,1,17685
5000159473200,false,באונטי מ.בשקית 170ג,מרסי,NL,באונטי מ.בשקית 170ג,,0.00,,false,1,9.90,0.00,true,1,17686
5000159473866,false,שקית שוקולד סניקרס 1,מרסי,NL,סניקרס מ.שקית 170ג,,0.00,,false,1,9.90,0.00,true,1,17687
5000159474771,false,שקית שוקולד מרס 170ג,מרסי,NL,מרס מיני בשקית 170ג,,0.00,,false,1,9.90,0.00,true,1,17688
5000159483049,false,גלידה חטיף באונטי אק,פלדמן,FR,חטיף באונטי  XL,,0.00,,false,1,11.50,0.00,true,1,16424
5000159484640,false,גלידה חטיף טוויקס אק,פלדמן,FR,חטיף טוויקס   XL,,0.00,,false,1,11.50,0.00,true,1,16425
5000159486972,false,חטיף טוויקס לבן עם ש,"נארז ע""י : א.ג. גילר",DE,טוויקס לבן,,48.00,100 גרם,false,1,6.50,13.54,true,1,11057
5000159509671,false,סניקרס לבן חטיף קפוא,פלדמן,FR,חטיף סניקרס לבן XL,,0.00,,false,1,11.50,0.00,true,1,16426
5000159541152,false,טוויקס חטיף בודד 50 גרם לבן,מרס.גי אם. בי אייץ,DE,טוויקס לבן,,0.00,,false,1,6.50,0.00,true,1,16829
5000168199245,false,שוקולד חלב מעולה בתוספת קרמל מלוח פיור גודייבה 90 ג',"אולקר מקבוצת פלאדיס, ציק",TR,ש.חלב עם קרמל מלוח,,0.00,,false,1,17.90,0.00,true,1,16830
5000213000359,false,בירה גינס אקסטרא סטאוט,קרלסברג יבוא יצוא,IE,בירה גינס בק 330 מל,,0.00,,false,1,19.90,0.00,true,1,16831
5000219009295,false,פאל מאל אדום ארוך האוס עשירייה,Unknown,TR,פאל מאל אדום ארוך פ,,0.00,,false,1,297.00,0.00,false,1,8269
5000219023772,false,פאל מאל כחול סטרים פילטר עשיריה,Unknown,TR,פאל מאל כחול סטרים,,0.00,,false,1,297.00,0.00,false,1,8270
5000219120112,false,פאל מאל כחול ארוך סטרים פילטר עשירייה,Unknown,TR,פאל מאל א.סטרים,,0.00,,false,1,297.00,0.00,false,1,10809
5000267014234,false,וויסקי ג'וני ווקר רד לייבל Red label,ג'וני ווקר Johnnie walker,GB,גוני ווקר אדום 700,,700.00,"100 מ""ל",false,1,110.00,15.67,false,1,14663
5000267024233,false,"וויסקי ג'וני בלאק לייבל עם פורר 700מ""ל",ג'וני ווקר Johnnie walker,GB,גוני ווקר שחור 700,,700.00,"100 מ""ל",false,1,169.00,24.10,false,1,14664
5000267171579,false,גוני ווקר אדום 200 מ,ג'וני ווקר ובניו,GB,גוני ווקר אדום 200,,200.00,"100 מ""ל",false,1,40.00,19.85,true,1,14070
5000267171654,false,"ויסקי ג'וני ווקר שחור פוקט 200 מ""ל",ג'ון ווקר ובניו,GB,גוני ווקר שחור 200,,200.00,"100 מ""ל",false,1,60.00,29.85,true,1,14071
5000289925440,false,"ג'ין גורדון 37.5% 700 מ""ל",אלכסנדר גורדון ושות',GB,גין גורדון 700 מל,,700.00,"100 מ""ל",false,1,99.90,14.23,true,1,15634
5000394098756,false,דורסל בייסיק שישייה AA,יוליניבר,BE,דורסל 6 סוללות AA +P,,0.00,,false,1,22.00,0.00,false,1,12495
5000394098886,false,שישיית סוללות דורסל AAA פלוס פאור,פרוקטר & גמבל,BE,דורסל 6סוללות AAA +P,,0.00,,false,1,22.00,0.00,false,1,12655
5000394140820,false,שישיות סוללות AA פלוס פאוור דורסל,דורסל,BE,דורסל שישיות AA פלוס,,0.00,,false,1,22.00,0.00,false,1,16832
5000394140851,false,רבעיות סוללות דורסל AA פלוס פאוור,פרוקטר אנד גמבל,BE,דורסל רביעיות AAפלוס,,0.00,,false,1,9.90,0.00,false,1,16833
5000394141117,false,רבעיות סוללות דורסל AAA פלוס פאוור,פרוקטר אנד גמבל,BE,דורסל רביעיות AAA פ,,0.00,,false,1,9.90,0.00,false,1,16834
5000394141209,false,שישיות סוללות AAA פלוס פאוור דורסל,דיפלומט,BE,דורסל שישיות AAA +,,0.00,,false,1,22.00,0.00,false,1,16835
5010103943024,false,"ויסקי ג'יי אנד בי 200 מ""ל",ג'וסטריני אנד ברוקס,GB,גיי אנד בי 200 מל,,200.00,"100 מ""ל",false,1,40.00,19.85,true,1,14072
5010106113493,false,"וויסקי בלנטיי'נס 200 מ""ל",Unknown,,וויסקי בלנטיינס 200,,200.00,"100 מ""ל",false,1,36.90,18.30,true,1,15193
5010123703509,true,ליסטרין קול מינט,,,ליסטרין קול מינט,,250.00,"100 מ""ל",false,,15.90,6.36,true,1,15040
5010123714246,true,ליסטרין שיניים,,,ליסטרין שיניים,,250.00,"100 מ""ל",false,,15.90,6.36,true,1,15041
5010232964211,false,דורקס EXTRA SAFE - קונדומים שקופים עבים,דורקס Durex,TH,דורקס Extra Safe 12,,12.00,יחידה,false,1,49.90,4.16,true,1,4796
5010232964228,false,דורקס THIN FEEL - קונדומים דקים להגברת התחושה,דורקס Durex,TH,דורקס Thin Feel 12,,12.00,יחידה,false,1,49.90,4.16,true,1,4793
5010327000046,false,וויסקי גרנט'ס סקוטי,"וויליאם גראנט ובניו בע""\",GB,וויסקי גרנטס 700,,700.00,"100 מ""ל",false,1,102.00,14.53,true,1,329
5010327208107,false,"גרנטס וויסקי 200מ""ל",וויליאם גרנט,GB,גרנטס 200 מל,,0.00,,false,1,29.90,0.00,false,1,17689
5010677551281,false,בקרדי בריזר לימון 275 בקבוק,בקרדי בריזר Bacardi Breezer,BE,בקרדי בריזר לימון275,,275.00,"100 מ""ל",false,1,18.90,6.76,true,1,140
5010677552387,false,בריזר ט.אננס בקבוק 275מל,בקרדי בריזר Bacardi Breezer,BE,בקרדי בריזר אננס 275,,275.00,"100 מ""ל",false,1,18.90,6.76,true,1,141
5010677554398,false,בקרדי בריזר אבטיח 275 בקבוק,בקרדי בריזר Bacardi Breezer,BE,בקרדי בריזר אבטיח275,,275.00,"100 מ""ל",false,1,18.90,6.76,true,1,142
5010677850100,false,וודקה גריי גוס בקבוק,בקרדי מרטיני,FR,וודקה גרייגוס 700מל,,700.00,"100 מ""ל",false,1,165.00,23.53,false,1,12656
5010993605200,true,אקדח חצים נרף,,,אקדח חצים נרף,,0.00,,false,,59.00,0.00,false,1,14077
5010993639311,true,אקדח חצים נרף,,,אקדח חצים נרף,,0.00,,false,,59.00,0.00,false,1,14080
5010993673681,true,אקדח חצים נרף,,,אקדח חצים נרף,,0.00,,false,,59.00,0.00,false,1,14081
5011007003005,false,"וויסקי ג'יימסון אירי מזוקק 700 מ""ל",אייריש דיסטילרז,IE,וויסקי גיימסון,,700.00,"100 מ""ל",false,1,139.90,19.94,true,1,3561
5014271360423,false,"מעדן תפוזים לל""ס סאן דלפור 284 גרם",סאן דלפור - שמבור,FR,סנדלפור תפוז ל.סוכר,,0.00,,false,1,23.00,0.00,true,1,16465
5014379009972,false,בירה לאגר באדוויזר פחית 500 מל,באדווייזר Budweiser,GB,באדוויזר פחית 500 מל,,0.00,,false,1,17.00,0.00,true,1,16529
5024546366609,false,"וויסקי 700 מ""ל LAUDERS SCOTCH",מקדוף אינטרנשנל דיסט,GB,ויסקי לאודרס 0.7,,700.00,"100 מ""ל",false,1,89.90,12.80,true,1,15636
5035766044772,false,סיידר תפוחים סטרונגבאו 330 בקבוק רביעייה,סטאסן ס.א,BE,סיידר תפוחים *4,,1.32,1 ליטר,false,1,44.90,33.11,true,1,9335
5038483207949,false,דורקס THIN FEEL קונדומים דקים במיוחד,דורקס Durex,TH,דורקס Intimate Feel,,12.00,יחידה,false,1,49.90,4.16,true,1,13702
5038483574386,false,שלשיית קונדומים durex אדום,רקיט בנקיזר הלת'קר,TH,דורקס Thin Feel,,12.00,יחידה,false,1,20.00,1.67,true,1,3870
5038483574416,false,קונדום דורקס אקסטרא סייף 3,רקיט בנקיזר הלת'קר,TH,דורקס Extra Safe,,12.00,יחידה,false,1,20.00,1.67,true,1,3737
5038483578780,false,שלישיית קונדומים durex סגול,רקיט בנקיזר הלת'קר,TH,דורקס Intimate Feel,,12.00,יחידה,false,1,20.00,1.67,true,1,5815
5053744535265,false,ש.משקפות מבוגרים,Unknown,,ש.משקפות מבוגרים,,0.00,,false,1,99.00,0.00,false,1,15425
5056357900925,false,סניקרס חטיף חלבון חמאת בוטנים 57 גרם,פארם אקספרס,US,סניקרס פרוטאין,,57.00,100 גרם,false,1,17.90,31.40,true,1,15060
5056357901427,false,אם אנד אם חטיף חלבון שוקולד 51 גרם,פארם אקספרס,GB,ח.חלבון m&m שוקולד,,0.00,,false,1,17.90,0.00,true,1,16836
5056357901441,false,אם אנד אם חטיף חלבון בוטנים 51 גרם,פארם אקספרס,GB,ח.חלבון m&m בוטנים,,0.00,,false,1,17.90,0.00,true,1,16837
5056357903834,false,באונטי מעושר בחלבון 52 גרם,מארס יורק אנגליה,GB,באונטי מ.חלבון 52ג,,0.00,,false,1,17.90,0.00,true,1,16838
5060122034401,false,"משקה מארס 350 מ""ל",Unknown,GB,משקה מרס 350 מל,,0.00,,false,1,13.90,0.00,true,1,17690
5060122034487,false,"משקה באונטי 350 מ""ל",Unknown,,משקה באונטי 350 מל,,0.00,,false,1,13.90,0.00,true,1,17691
5060122036849,false,"משקה סניקרס 350 מ""ל",Unknown,GB,משקה סניקרס 350 מל,,0.00,,false,1,13.90,0.00,true,1,17692
5060221201391,false,גרנייד בטעם קרמל 60 גרם,LTD (UK) GRENADE,NL,גרנייד קרמל 60 גרם,,0.00,,false,1,17.90,0.00,true,1,16839
5060221201575,false,חטיף חלבון גרנייד בטעם קרם עוגיות,LTD (UK) GRENADE,GB,ח.חלבון גרנייד ק.עוג,,0.00,,false,1,17.90,0.00,true,1,16840
5060221201605,false,חטיף חלבון גרנייד פאדג',LTD (UK) GRENADE,GB,ח.חלבון גרנייד פאדג,,0.00,,false,1,17.90,0.00,true,1,16841
5060221201810,false,גרנייד בטעם שוקולד לבן עוגיות,LTD (UK) GRENADE,NL,גרנייד ש.לבן 60ג,,0.00,,false,1,17.90,0.00,true,1,16842
5060221203753,false,חטיף חלבון גרנייד בטעם חמאת בוטנים,LTD (UK) GRENADE,GB,ח.חלבון גרנייד בוטן,,0.00,,false,1,17.90,0.00,true,1,16843
5060221203937,false,גרנייד בטעם שוקוצ'יפס בצק עוגיות,LTD (UK) GRENADE,NL,גרנייד שוקוציפס 60ג,,0.00,,false,1,17.90,0.00,true,1,16844
5060221206860,false,חטיף חלבון בטעם קרמל מלוח ושוקולד 60 ג' Grenade,LTD (UK) GRENADE,GB,ח.חלבון גרנייד קרמל,,0.00,,false,1,17.90,0.00,true,1,16845
5060317322122,false,"UFIT - משקה חלבון בטעם קרמל מלוח 330 מ""ל",לאקסה אס.אי,GB,מ.חלבון קרמל מלוח,,0.00,,false,1,14.90,0.00,true,1,17693
5060317322146,false,"UFIT - משקה חלבוI בטעם שוקולד לבן 330 מ""ל",לאקסה אס.אי,GB,מ.חלבון ש.לבן UFIT,,0.00,,false,1,14.90,0.00,true,1,17694
5060402908248,false,סניקרס חטיף חלבון 55 גרם,פארם אקספרס,US,סניקרס פרוטאין 55 ג,,55.00,100 גרם,false,1,17.90,32.55,true,1,15061
5060402908286,false,מארס חטיף חלבון 59 גרם,פארם אקספרס,US,מארס פרוטאין,,59.00,100 גרם,false,1,17.90,30.34,true,1,15058
5060402909542,false,מארס חטיף חלבון קרמל מלוח 59 גרם,פארם אקספרס,US,מארס פרוטאין קרמל,,59.00,100 גרם,false,1,17.90,30.34,true,1,15059
5060424705368,false,WARRIOR - חטיף חלבון קראנץ' בטעם קרמל מלוח,וורקווין,GB,WARRIOR קרמל מלוח,,0.00,,false,1,14.90,0.00,true,1,16846
5060424705467,false,WARRIOR - חטיף חלבון קראנץ' בטעם שוקולד לבן,תעשיות מזון בלאבאן,US,WARRIOR ש.לבן,,0.00,,false,1,14.90,0.00,true,1,16847
5060424705511,false,WARRIOR - חטיף חלבון קראנץ' בטעם שוקולד וקוקוס,תעשיות מזון בלאבאן,US,WARRIOR שוקולד קוקוס,,0.00,,false,1,14.90,0.00,true,1,16848
5060424705535,false,WARRIOR -חטיף חלבון בטעם שוקולד מריר ובוטנים,"KBF תעשיות בע""מ UK",GB,WARRIOR ש.מריר בו,,0.00,,false,1,14.90,0.00,true,1,16849
5060517886486,false,"משקה אנרגיה מונסטר אנרג'י בפחית 500 מ""ל",מונסטר אנרג'י Monster Energy,RS,מונסטר אנרגי 500,,500.00,"100 מ""ל",false,1,10.90,2.12,true,1,13148
5060517886516,false,"משקה אנרגיה מונסטר אנרג'י זירו בפחית 500 מ""ל",מונסטר אנרג'י Monster Energy,RS,מונסטר אנרגי זירו,,500.00,"100 מ""ל",false,1,10.90,2.12,true,1,14086
5060517886547,false,"משקה אנרגיה מונסטר רוזי 500 מ""ל",Monster energy סרביה,RS,מונסטר רוסי 500,,500.00,"100 מ""ל",false,1,10.90,2.12,true,1,14087
5060639128051,false,"משקה אנרגיה מונסטר אולטרה בפחית 500 מ""ל",מונסטר אנרג'י Monster Energy,RS,מונסטר אולטרה 500מל,,500.00,"100 מ""ל",false,1,10.90,2.12,true,1,14088
5060639129102,false,"משקה אנרגיה מונסטר אנרג'י מנגו בפחית 500 מ""ל",מונסטר אנרג'י Monster Energy,RS,מונסטר מנגו לוקו,,500.00,"100 מ""ל",false,1,10.90,2.12,true,1,15191
5060751218173,false,"משקה אנרגיה מונסטר אנרג'י piplin punch בפחית 500 מ""ל",מונסטר אנרג'י לימטד,RS,מונסטר פייפליין פאנץ,,0.00,,false,1,10.90,0.00,true,1,16850
5060751219033,false,"משקה אנרגיה מונסטר אנרג'י זירו paradise בפחית 500 מ""ל",מונסטר אנרג'י לימטד,RS,מונסטר אולטרה פר,,0.00,,false,1,10.90,0.00,true,1,16851
5060756341005,false,RAW חטיף חלבון ש.שועל קרמל מלוח 75 גרם,Unknown,GB,WARRIOR אפוי ק.מלוח,,0.00,,false,1,9.90,0.00,true,1,16852
5060756342781,false,WARRIOR-חטיף חלבון בטעם קרם עוגיות,"KBF תעשיות בע""מ UK",GB,WARRIOR קרם עוגיות,,0.00,,false,1,14.90,0.00,true,1,16853
5060756342972,false,WARRIORאפוי ק.עוגיות,Unknown,,WARRIORאפוי ק.עוגיות,,0.00,,false,1,9.90,0.00,true,1,16854
5060756343702,false,WARRIOR - חטיף חלבון קראנץ' שוקולד מריר פטל,תעשיות מזון בלאבאן,US,WARRIOR פ.שוקולד,,0.00,,false,1,14.90,0.00,true,1,16855
5060902991818,false,ס.א אייס נענע,Unknown,,ס.א אייס נענע,,0.00,,false,1,99.90,0.00,false,1,17695
5060902991870,false,ס.א. אייס אוכמניות,Unknown,,ס.א. אייס אוכמניות,,0.00,,false,1,99.90,0.00,false,1,17696
5060902991887,false,ס.א אייס מלון,Unknown,,ס.א אייס מלון,,0.00,,false,1,99.90,0.00,false,1,17697
5060902991917,false,ס.א. חמוציות,Unknown,,ס.א. חמוציות,,0.00,,false,1,99.90,0.00,false,1,17698
5060902991924,false,ס.א .אייס ענבים,Unknown,,ס.א .אייס ענבים,,0.00,,false,1,99.90,0.00,false,1,17699
5060902991948,false,ס. א.סוכריה,Unknown,,ס. א.סוכריה,,0.00,,false,1,99.90,0.00,false,1,17700
5060902991962,false,ס.א.אייס אפרסק,Unknown,,ס.א.אייס אפרסק,,0.00,,false,1,99.90,0.00,false,1,17701
5060902992013,false,ס.א.אייס אננס,Unknown,,ס.א.אייס אננס,,0.00,,false,1,99.90,0.00,false,1,17702
5099873017623,false,"וויסקי גק דניאלס טנסי אפל 700 מ""ל",ג'ק דניאלס Jack Daniel's,BE,גק דניאלס תפוח,,700.00,"100 מ""ל",false,1,139.00,19.81,false,1,15629
5099873046173,false,וויסקי גק דניאלס 200,ג'ק דניאלס,,גק דניאלס 200מל,,0.00,,false,1,44.90,0.00,false,1,16856
5200133120506,false,גליליות וופלים קרם אגוזים וקקאו 150 גרם,קוארטט אס.אי,GR,גליליות גולדן ברייק,,150.00,100 גרם,false,1,9.50,6.33,true,1,12251
5201360521241,false,קרואסון במילוי ק.קקאו65ג,אס.סי. צי'פיטה,BG,סבן דייז ק.שוקולד,,65.00,100 גרם,false,1,5.50,8.46,true,1,15930
5201360528769,false,קרואסון אישי במילוי,ציפיטה,,סבן דייז ק.וניל,,65.00,100 גרם,false,1,5.50,8.46,true,1,15931
5201583750411,false,זירו-סוכריות ללא סוכר בטעם לימון עם סטיב,איתן,GR,ZERO סוכריות לימון,,0.00,,false,1,8.90,0.00,true,1,16857
5201583751418,false,סוכריות זירו אייס בלו סטיביה ללא סוכר 32 ג',איתן,GR,ZEROסוכריות א.בלו,,0.00,,false,1,8.90,0.00,true,1,16858
5201583752118,false,סוכריות ללא סוכר בטעם חמאה במילוי שוקולד,איתן,GR,Z ס.חמאה ק.שוקולד,,0.00,,false,1,8.90,0.00,true,1,16859
5201583752217,false,סוכריות ללא סוכר בטעם מנטה במילוי שוקולד,איתן,GR,ZERO.מנטה ק.שוקולד,,0.00,,false,1,8.90,0.00,true,1,16860
5208049000639,false,רוטמנס כחול ארוך חפיסה,Unknown,TR,רוטמנס כחול ארוך,,0.00,,false,1,29.00,0.00,false,1,12661
5208049000646,false,רוטמנס כחול ארוך פאקט,Unknown,TR,רוטמנס כ.ארוך פאקט,,0.00,,false,1,277.00,0.00,false,1,16862
5208049000660,false,פאל מאל דאבל קפסולה חפיסה,גלוברנס,PL,פאל מאל הוואנה,,0.00,,false,1,30.50,0.00,false,1,12662
5208049000677,false,פאלמאל דאבל פאקט,Unknown,,פאלמאל דאבל פאקט,,0.00,,false,1,297.00,0.00,false,1,12663
5208049001452,false,גולדן וירגיניה ירוק 30 גר+נייר PP,Unknown,NL,גולדן.ו ירוק 30+נייר,,0.00,,false,1,71.00,0.00,true,1,14090
5208049001483,false,גולדן וירגיניה לבן 30 גר+נייר PP יחידה,Unknown,NL,גולדן.ו לבן 30ג+נייר,,0.00,,false,1,71.00,0.00,true,1,12664
5208049001513,false,גולדן וירגיניה צהוב30 גר+נייר לגלגול יח,Unknown,NL,גולדן.ו צהוב30ג+נייר,,0.00,,false,1,71.00,0.00,true,1,12665
5208049001841,false,סיגריות פאל מאל דמי קפסולה,גלוברנס,PL,פאל מאל דמי קפסולה,,0.00,,false,1,26.50,0.00,false,1,12666
5208049001858,false,פאל מאל דמי קפסולות עשיריה,גלוברנס,PL,פאל מאל דמי- פאקט,,0.00,,false,1,257.00,0.00,false,1,12667
5208049002473,false,סיגריות קנט ארוך חפי,Unknown,TR,קנט ארוך חפיסה,,0.00,,false,1,38.50,0.00,false,1,14092
5208049002480,false,סיגריות קנט קלאסי אר,Unknown,TR,קנט ארוך חפיסה קשה,,0.00,,false,1,372.00,0.00,false,1,14093
5208049004408,false,סיגריות רוטמנס סילבר,גלוברנס,IL,רוטמנס סילבר חפיסה,,0.00,,false,1,29.00,0.00,false,1,14671
5208049004415,false,רוטמנס סילבר פאקט,Unknown,,רוטמנס סילבר פאקט,,0.00,,false,1,277.00,0.00,false,1,14672
5208049004781,false,פאל מאל ברי דמי סלימס קופסא,Unknown,,פאל מאל ברי דמי,,0.00,,false,1,26.50,0.00,false,1,14673
5208049004798,false,פאל מאל ברי דמי,Unknown,,פאל מאל ברי דמי,,0.00,,false,1,257.00,0.00,false,1,14674
5208049005719,false,פאל מאל אננס דמ י סלימס חפיסה,Unknown,,ס.דמי אננס מאל חפיסה,,0.00,,false,1,26.50,0.00,false,1,16865
5208049005726,false,פאל מאל אננס דמ י סלימס קרטוש,Unknown,,ס.דמי אננס מאל פאקט,,0.00,,false,1,257.00,0.00,false,1,16866
5208049006594,false,פאל מאל אקסטרה כחול קופסה,Unknown,DE,פאל מאל א.כחול חפיסה,,0.00,,false,1,29.00,0.00,false,1,17703
5208049006600,false,פאל מאל אקסטרה כחול פאקט,Unknown,PL,פאל מאל א.כחול פאקט,,0.00,,false,1,277.00,0.00,false,1,17704
5208049006624,false,סיגריות פאל מל אקסטרה סילבר בודד,Unknown,DE,פאלמאל א.סילבר חפיסה,,0.00,,false,1,29.00,0.00,false,1,17705
5208049006631,false,פאל מאל אקסטרה סילבר פקט,Unknown,PL,פאל מאל א.סילבר פאקט,,0.00,,false,1,277.00,0.00,false,1,17706
5391523057943,false,סימילאק גולד שלב 3 תרכובת מזון על בסיס חלב,אבוט מעבדות רפואיות,IE,סימילאק גולד שלב 3,,0.00,,false,1,94.90,0.00,true,1,16525
5391523058087,false,סימילאק אדבנס פלוס 2 תרכובת מזון על בסיס חלב,טרופיקל דגיל תעשיות,IE,סימילאק אדוונס+שלב2,,0.00,,false,1,79.90,0.00,true,1,16526
5410126006339,false,עוגיות לוטוס ארוזות בזוגות 124 גרם,לוטוס ביקרי נ.וי,BE,לוטוס ביסקוויט 124ג,,124.00,100 גרם,false,1,11.00,8.87,true,1,9025
5410126106022,false,מארז עוגיות לוטוס 250 גר*2,לוטוס ביקרי נ.וי.,BE,מארז לוטוס 250*2,,0.00,,false,1,19.90,0.00,true,1,17707
5410228217732,false,"סטלה ארטואה -פחית 440 מ""ל",מנדלז סי.אר. פרודקשן,BE,סטלה פחית 440 מל,,0.00,,false,1,17.00,0.00,true,1,16530
5410228267508,false,"באדוויזר בקבוק 330 מ""ל - 5% אלכוהול","איי, בי, אינבוו",GB,באדווייזר בירה בקבוק,,330.00,"100 מ""ל",false,1,15.00,4.45,true,1,14094
5410228267515,false,"שישיית בירה לאגר באדוויזר 6*330 מ""ל",באדווייזר Budweiser,GB,בירה באדווייזר 6יח,,0.00,,false,1,49.90,0.00,true,1,14095
5410316233446,false,וודקה סמירנוף אדום 2,דיאג'ו סקוטלנד בעמ,,וודקה סמירנוף 200 מל,,200.00,"100 מ""ל",false,1,25.00,12.35,true,1,12253
5410316983693,false,"סמירנוף אייס בקבוק 275 מ""ל",סמירנוף אייס Smirnoff ice,IT,סמירנוף אייס,,275.00,"100 מ""ל",false,1,22.00,7.89,true,1,678
5410316994019,false,"וודקה סמירנוף אדום 700מ""ל",דיאג'ו אופריישנס איט,US,וודקה סמירנוף 700מל,,700.00,"100 מ""ל",false,1,85.00,12.10,true,1,7925
5411081003654,false,"קסטיל בירה רוז 330 מ""ל",מבשלת קסטל ואן הונסב,BE,קסטיל רוז 330 מל,,0.00,,false,1,14.90,0.00,true,1,17708
5411188110835,false,אלפרו חלב סויה שקדים וניל 1ל',הנסיך- מפעל לייצור ט,BE,אלפרו משקה שקדים 1 ל,,1.00,1 ליטר,false,1,17.00,17.00,true,1,15548
5411188115366,false,משקה קוקוס אלפרו 1 ליטר משקה שיבולת שועל 1 ליטר,הנסיך- מפעל לייצור ט,BE,אלפרו שיבולת שועל 1ל,,1.00,1 ליטר,false,1,19.00,19.00,true,1,15591
5411188115472,false,משקה סויה אלפרו 1 ליטר,הנסיך- מפעל לייצור ט,BE,אלפרו חלב סויה 1ל,,1.00,1 ליטר,false,1,17.00,17.00,true,1,15568
5411188127697,false,אלפרו משקה בריסטה שיבולת שועל 1 ליטר,הנסיך- מפעל לייצור ט,BE,אלפרו בריסטה ש שועל,,0.00,,false,1,19.00,0.00,true,1,16870
5411188134985,false,משקה NOT MILK שיבולת שועל 3.5% אלפרו 1 ליטר,הנסיך- מפעל לייצור ט,BE,אלפרו NM 3.5% ש.שועל,,0.00,,false,1,17.00,0.00,true,1,16536
5411188135005,false,משקה NOT MILK שיבולת שועל 1.8% אלפרו 1 ליטר,הנסיך- מפעל לייצור ט,BE,אלפרו NM ש.שועל 1.8%,,0.00,,false,1,17.00,0.00,true,1,16537
5411686700118,false,"בירה לינדמנס פרוטס 250 מ""ל",לפימנס,BE,ליפמנס פ.רוקס 250מל,,0.00,,false,1,21.00,0.00,true,1,16871
5450524055997,false,מרילנד אדום -פאקט,Unknown,,מרילנד אדום -פאקט,,0.00,,false,1,275.00,0.00,false,1,11658
5450524056017,false,מרילנד בלו,Unknown,,מרילנד בלו,,0.00,,false,1,275.00,0.00,false,1,16873
5675675675756,false,עמק פרוס בקופסא %28,Unknown,,עמק פרוס בקופסא %28,,0.00,,false,1,17.90,0.00,true,1,15988
5701932026964,false,"הוטפופ גרעיני תירס להכנת פופקורן במיקרוגל בטעם טבעי, בתוספת מלח, 600 גרם",ליימן מותגים,US,הוטפופ מלוח 600 גר,,600.00,100 גרם,false,1,24.90,4.15,true,1,8651
5701932026971,false,הוטפופ גרעיני תירס להכנת פופקורן במיקרוגל בטעם חמאה 600 גרם,ליימן מותגים,US,הוטפופ פופקורן חמאה,,600.00,100 גרם,false,1,24.90,4.15,true,1,8641
5701932026995,false,"הוטפופ גרעיני תירס להכנת פופקורן במיקרוגל בטעם טבעי מופחת שומן, 510 גרם",קריניציה ויטמינה אס,US,הוטפופ לייט 510 גר,,0.00,,false,1,24.90,0.00,true,1,16151
5710840126130,false,טבק לעישון באלי תכלת,Unknown,,טבק באלי שאג תכלת,,0.00,,false,1,99.00,0.00,false,1,10827
5710840186615,false,באלי סילבר אמריקן בל,Unknown,,באלי סילבר 40 גר,,0.00,,false,1,99.00,0.00,true,1,16875
5710840209437,false,טבק באלי נטוראל 40 גרם,סקמדינביין טובקו,DK,טבק באלי נטורל 40גר,,0.00,,false,1,99.00,0.00,false,1,14097
5710840210013,false,באלי לבן סופר עדין 40גרם,סקמדינביין טובקו,DK,טבק באלי לבן40גר,,0.00,,false,1,99.00,0.00,false,1,14098
5710840210075,false,טבק באלי תכלת 40 גרם,Unknown,,באלי תכלת 40גר,,0.00,,false,1,96.00,0.00,false,1,14099
5710840210136,false,טבק באלי ראונדד 40 ג,סקמדינביין טובקו,IL,באלי אדום 40 גר,,0.00,,false,1,99.00,0.00,true,1,14100
5710840210167,false,באלישג וירג'יניה 40 גרם,סקנדינביין טובקו,IL,באלי צהוב 40 גר,,0.00,,false,1,99.00,0.00,false,1,14101
5740900403284,false,ממרח חמאה לופרק ללא מלח 200 גר',ארלה פודס אמבה,DK,לורפק חמאה ללא מלח,,200.00,100 גרם,false,1,12.50,6.25,true,1,14108
5900020015181,false,חטיף דגנים שוקולד 6* 23.5 ג' פיטנס,מיוצר עי קונדיטוריית,PL,פיטנס בר אישי שוקולד,,0.00,,false,1,6.00,0.00,true,1,5792
5900020018892,false,חטיף בטעם קרם עוגיות 6*23.5 ג' פיטנס,לוביץ',PL,פיטנס קרם עוגיות,,0.00,,false,1,6.00,0.00,true,1,16879
5900020025807,false,נסטלה - דגני סיני מיניס 375 גרם,סי. פי. פולין,PL,סיני מיניס 375 גרם,,0.00,,false,1,15.90,0.00,true,1,16357
5900020026859,false,צ'ריוס האני נאט 375 גרם,סי. פי. צרפת,FR,צריוס האני נאט 375ג,,0.00,,false,1,15.90,0.00,true,1,16358
5900020039613,false,חטיף דגנים שקדים ודבש 6*23.5 ג' פיטנס,נסטלה,IT,פיטנס שקדים ודבש,,0.00,,false,1,6.00,0.00,true,1,16880
5900617035882,false,חטיף חלבון נוטרישיין בטעם שוקולד,סיטי תוספי מזון,PL,נוטרישיין טעם שוקולד,,0.00,,false,1,12.90,0.00,true,1,16881
5900617035905,false,גו און חטיף חלבון עם קרמל ובוטנים ללא סוכר 50 ג',סיטי תוספי מזון,PL,נוטרישיין קרמל מלוח,,0.00,,false,1,12.90,0.00,true,1,16882
5900617035929,false,חטיף חלבון נוטרישיין בטעם וניל תות יער,סיטי תוספי מזון,PL,נוטרישיין וניל ת.יער,,0.00,,false,1,12.90,0.00,true,1,16883
5900951283963,false,חטיף סניקרס עם חמאת בוטנים Creamy Peanut Butter,סנו מפעלי ברונוס.,PL,סניקרס ח.בוטנים,,0.00,,false,1,6.50,0.00,true,1,16884
5902198160403,false,XL משקה אנרגיה מוגז ללא סוכר עד 10 קלוריות לפחית 250 מל,"טמפו משקאות בע""\מ",IL,משקה אנרגיהXL TEN,,250.00,"100 מ""ל",false,1,8.90,3.44,true,1,11708
5903141006694,false,ווג פריזון מנטול עשירייה,Unknown,PL,ווג פריזון מנטה פאקט,,0.00,,false,1,382.00,0.00,false,1,13657
5903141082766,false,פאל מאל כחול דמי סלימס עשיריה,Unknown,PL,פאל מאל דמי כחול פ,,0.00,,false,1,257.00,0.00,false,1,12671
5903141082780,false,פאל מאל סילבר דמי סלימס עשיריה,Unknown,PL,פאל מאל דמי סילבר פא,,0.00,,false,1,257.00,0.00,false,1,12672
5904941750312,false,"משקה אנרגיה BLU מוחיטו בודד 250 מ""ל",אקו - ביט,PL,בלו מוחיטו 250 מל,,250.00,"100 מ""ל",false,1,8.90,3.44,true,1,7923
5904941751241,false,"משקה אנרגיה BLU דיי סיקס ללא סוכר 250 מ""ל",אקו - ביט,PL,בלו דיי 6 קלוריות,,250.00,"100 מ""ל",false,1,8.90,3.44,true,1,14110
5904941751302,false,"משקה אנרגיה בלו 250 מ""ל- בודד",אקו - ביט,PL,משקה אנרגיה בלו,,250.00,"100 מ""ל",false,1,8.90,3.44,true,1,4424
5904941751371,false,"בלו אקזוטי (מלון תפוח) 250 מ""ל בודד",Unknown,,בלו די אקזוטיק,,250.00,"100 מ""ל",false,1,8.90,3.44,true,1,12255
5904941751524,false,"משקה אנרגיה BLU DAY אבטיח בודד 250 מ""ל",אקו - ביט,PL,בלו די אבטיח 250 מל,,250.00,"100 מ""ל",false,1,8.90,3.44,true,1,7820
5906485301012,false,"משקה אנרגיה XL פחית 250 מ""ל","טמפו משקאות בע""מ",IL,משקה אנרגיהXL,,250.00,"100 מ""ל",false,1,8.90,3.44,true,1,1526
5906485301258,true,משקה XL חמוציות,,,משקה XL חמוציות,,0.00,,false,,8.50,0.00,true,1,3777
5908302600377,false,כסא ים,Unknown,,כסא ים,,0.00,,false,1,69.00,0.00,false,1,12675
5948530002130,false,ווג סופרסלימס כחול עשירייה,Unknown,PL,ווג לידי כחול פאקט,,0.00,,false,1,382.00,0.00,false,1,6561
5948530002147,false,ווג סופרסלימס לילך עשירייה,Unknown,PL,ווג לידי לילך -פאקט,,0.00,,false,1,382.00,0.00,false,1,6562
5997270730315,false,ש.עצי ריח דובדבן,Unknown,,ש.עצי ריח דובדבן,,0.00,,false,1,10.00,0.00,false,1,12676
5997270730322,false,ש.עצי ריח מסטיק,Unknown,,ש.עצי ריח מסטיק,,0.00,,false,1,10.00,0.00,false,1,12677
5997270730339,false,ש.עצי ריח יהלום שחור,Unknown,,ש.עצי ריח יהלום שחור,,0.00,,false,1,10.00,0.00,false,1,12678
5997270780044,false,ש.עצי ריח וניל,Unknown,,ש.עצי ריח וניל,,0.00,,false,1,10.00,0.00,false,1,12679
5997270780051,false,ש.עצי ריח רכב חדש,Unknown,,ש.עצי ריח רכב חדש,,0.00,,false,1,10.00,0.00,false,1,12680
5997270780068,false,ש.עצי ריח אריג צחור,Unknown,,ש.עצי ריח אריג צחור,,0.00,,false,1,10.00,0.00,false,1,12537
5997270780075,false,ש.עצי ריח קוקוס,Unknown,,ש.עצי ריח קוקוס,,0.00,,false,1,10.00,0.00,false,1,12681
5999071007719,false,מצת אלקטרוני חדש,Unknown,,מצת אלקטרוני חדש,,0.00,,false,1,4.00,0.00,true,1,16887
6001051001514,false,לבלו אוכמניות בודד 5.5מל,אלפא,DE,לבלו שפתון אוכמניות,,4.80,100 גרם,false,1,9.90,206.25,true,1,14679
6001067022558,false,מברשת שיניים קולגייט אקסטרה קלין,קולגייט פלמוליב,CN,קולגייט אקסטרא בודד,,1.00,יחידה,false,1,7.90,7.90,true,1,12080
6008165003984,false,סיגריות פאל מאל כחול סטרים פילט בודד,אמריקן גרדן,TR,פאל מאל כחול טיוב,,0.00,,false,1,30.50,0.00,false,1,8278
6008165271192,false,סיגריות פאל מל ארוך אדום בודד,אמריקן גרדן,TR,פאל מאל אדום ארוך ח,,0.00,,false,1,30.50,0.00,false,1,8279
6008165274629,false,פאל מאל כחול ארוך סטרים פילטר חפיסה,יושלם,TR,פאל מאל טיוב ארוך כח,,0.00,,false,1,30.50,0.00,false,1,10804
6008165276098,false,סיגריות רוטמנס כחול,Unknown,TR,רוטמנס כחול חפיסה,,0.00,,false,1,29.00,0.00,false,1,12256
6008165276128,false,סיגריות רוטמנס כחול,Unknown,TR,רוטמנס כחול פאקט,,0.00,,false,1,277.00,0.00,false,1,16888
6412709021660,false,פינלנדיה 375 מל,Unknown,,פינלנדיה 375 מל,,375.00,"100 מ""ל",false,1,62.90,16.69,true,1,15569
6540056915566,false,מסכות כירורגיות 50 י,Unknown,,מארז מסיכות,,50.00,יחידה,false,1,19.90,0.40,false,1,14127
6908235694404,false,אוזניות מיקרופון אוניברסליות,ארטוס,,אוזניות אוניברסליות,,0.00,,false,1,29.90,0.00,false,1,12262
6920998202023,true,נרתיק שומר קור,,,נרתיק שומר קור,,0.00,,false,,15.00,0.00,true,1,8615
6920998202047,true,כ.טעינה מאיר לאיפון,,,כ.טעינה מאיר לאיפון,,0.00,,false,,19.00,0.00,true,1,9471
6923432585010,false,תרסיס תיקון פנצר,Unknown,,תרסיס תיקון פנצר,,450.00,"100 מ""ל",false,1,15.00,3.33,true,1,11074
6924994135057,false,מארז מסכות 50יח,Unknown,,מארז מסכות 50יח,,50.00,יחידה,false,1,19.90,0.40,false,1,14134
6928542902795,false,פרש דפי ריענון כחול,שאטו בלוו,CN,פרש ד.רענון פפרמינט,,0.00,,false,1,8.90,0.00,true,1,16925
6928542902801,false,פרש דפי ריענון מנטה,שאטו בלוו,CN,פרש ד.רענון ספירמנט,,0.00,,false,1,8.90,0.00,true,1,16926
6928542902818,false,דפי רענון מנטה אדום,שאטו בלוו,CN,פרש דפי רענון תות,,0.00,,false,1,8.90,0.00,true,1,16927
6931548308195,false,טאבלט+אוזניות ורוד,Unknown,,טאבלט+אוזניות ורוד,,0.00,,false,1,649.00,0.00,false,1,17733
6931548308201,false,טאבלט+ אוזניות תכלת,Unknown,,טאבלט+ אוזניות תכלת,,0.00,,false,1,649.00,0.00,false,1,17734
6935347607329,false,כ.הגה M אלקנטרה שחור,Unknown,,כ.הגה M אלקנטרה שחור,,0.00,,false,1,45.00,0.00,true,1,11079
6935347607411,false,מכסה דלק אוניברסלי,Unknown,,מכסה דלק אוניברסלי,,0.00,,false,1,10.00,0.00,true,1,11080
6935347607787,false,מדחס מתכת HD,Unknown,,מדחס מתכת HD,,0.00,,false,1,179.00,0.00,false,1,13666
6941264605393,false,איילו סליק מיקסברי,Unknown,,איילו סליק מיקסברי,,0.00,,false,1,30.00,0.00,false,1,15892
6941264605409,false,איילו סליק תותים,Unknown,,איילו סליק תותים,,0.00,,false,1,30.00,0.00,false,1,15893
6941264605416,false,איילו סליק פטל,Unknown,,איילו סליק פטל,,0.00,,false,1,30.00,0.00,false,1,15894
6941264605423,false,איילו סליק בננה,Unknown,,איילו סליק בננה,,0.00,,false,1,30.00,0.00,false,1,15895
6941264605430,false,איילו סליק אבטיח,Unknown,,איילו סליק אבטיח,,0.00,,false,1,30.00,0.00,false,1,15896
6941264606642,false,איילו סליק מנגו,Unknown,,איילו סליק מנגו,,0.00,,false,1,30.00,0.00,false,1,15897
6941264606673,false,איילו סליק אלוורה ענ,Unknown,,איילו סליק אלוורה ענ,,0.00,,false,1,30.00,0.00,false,1,15898
6941264606680,false,איילו סליק תפוח ענ,Unknown,,איילו סליק תפוח ענ,,0.00,,false,1,30.00,0.00,false,1,15899
6941264606710,false,איילו סליק מנטה,Unknown,,איילו סליק מנטה,,0.00,,false,1,30.00,0.00,false,1,15900
6941264606796,false,איילו סליק תפוח,Unknown,,איילו סליק תפוח,,0.00,,false,1,30.00,0.00,false,1,15901
6942138913743,true,מזרון רשת רטוב,,,מזרון רשת רטוב,,0.00,,false,,99.90,0.00,true,1,12268
6954521606101,false,קיאק 2 אנשים,Unknown,,קיאק 2 אנשים,,0.00,,false,1,1590.00,0.00,false,1,15851
6956583171528,false,בריכה מתנפחת ארטוס,Unknown,,בריכה מתנפחת ארטוס,,0.00,,false,1,99.00,0.00,false,1,14159
6971578990625,false,HQD סיגריה אלקטרוני,shenzhen shengsi,CN,ס.א תפוח HQD,,0.00,,false,1,99.00,0.00,false,1,16943
6971578992155,false,HQD שאיפות בננה,Unknown,,HQD שאיפות בננה,,0.00,,false,1,99.00,0.00,false,1,16944
6971578993220,false,ס.א אבטיח אייס HQD,Unknown,,ס.א אבטיח אייס HQD,,0.00,,false,1,99.00,0.00,false,1,16945
6971578993503,false,HQD מיאמי ויייס,Unknown,,HQD מיאמי ויייס,,0.00,,false,1,99.00,0.00,false,1,16946
6971578994272,false,ס.א מנטה אייס HQD,Unknown,,ס.א מנטה אייס HQD,,0.00,,false,1,99.00,0.00,false,1,16947
6971578994289,false,ס.אלקטרונית תות HQD,Unknown,,ס.אלקטרונית תות HQD,,0.00,,false,1,52.90,0.00,false,1,16948
6971578994296,false,ס.א אננס אייס HQD,Unknown,,ס.א אננס אייס HQD,,0.00,,false,1,52.90,0.00,false,1,16949
6971578994302,false,ס.אלקטרונית מלון HQD,Unknown,,ס.אלקטרונית מלון HQD,,0.00,,false,1,52.90,0.00,false,1,16950
6971578994340,false,HQD סיגריה אלקטרוני,shenzhen shengsi,CN,ס.א מנגו אייס HQD,,0.00,,false,1,99.00,0.00,false,1,16951
6971578994425,false,ס.א ענבים HQD,Unknown,,ס.א ענבים HQD,,0.00,,false,1,52.90,0.00,false,1,16952
6971578994548,false,HQD סיגריה אלקטרוני,shenzhen shengsi,CN,ס.א אוכמניות HQD,,0.00,,false,1,99.00,0.00,false,1,16953
6971578996733,false,ס.א פטל אוכמניות HQD,Unknown,,ס.א פטל אוכמניות HQD,,0.00,,false,1,52.90,0.00,false,1,16954
6971578996757,false,סיגריה אלקטרונית גו,shenzhen shengsi,CN,HQD שאיפות גויאבה,,0.00,,false,1,99.00,0.00,false,1,16955
6971578996818,false,HQD סיגריה אלקטרוני,shenzhen shengsi,CN,HQD ליצי,,0.00,,false,1,99.00,0.00,false,1,16956
6971578997181,false,ס.א אוכמניות שחורות,shenzhen shengsi,CN,ס.א אוכמניות שחורות,,0.00,,false,1,99.00,0.00,false,1,16957
6971578998683,false,HQD סיגריה אלקטרוני,shenzhen shengsi,CN,HQD פירות יער,,0.00,,false,1,99.00,0.00,false,1,16958
6972464293479,false,ווזול מנטה חד פעמי,Unknown,,ווזול מנטה חד פעמי,,0.00,,false,1,30.00,0.00,false,1,15902
6972464293486,false,ווזול בננה חד פעמי,Unknown,,ווזול בננה חד פעמי,,0.00,,false,1,30.00,0.00,false,1,15903
6972464293493,false,ווזול פטל חד פעמי,Unknown,,ווזול פטל חד פעמי,,0.00,,false,1,30.00,0.00,false,1,15904
6972464293509,false,ווזול מנגו חד פעמי,Unknown,,ווזול מנגו חד פעמי,,0.00,,false,1,30.00,0.00,false,1,15905
6972464293516,false,ווזול אבטיח חד פעמי,Unknown,,ווזול אבטיח חד פעמי,,0.00,,false,1,30.00,0.00,false,1,15906
6972464293547,false,ווזול אפרסק חד פעמי,Unknown,,ווזול אפרסק חד פעמי,,0.00,,false,1,30.00,0.00,false,1,15907
6972464293561,false,ווזול מנגו תפוח,Unknown,,ווזול מנגו תפוח,,0.00,,false,1,30.00,0.00,false,1,15908
6972464298627,false,ווזול בר מנגו,Unknown,,ווזול בר מנגו,,0.00,,false,1,35.00,0.00,false,1,15909
6972464298634,false,ווזול בר אבטיח,Unknown,,ווזול בר אבטיח,,0.00,,false,1,35.00,0.00,false,1,15910
6972464298641,false,ווזול בר פטל,Unknown,,ווזול בר פטל,,0.00,,false,1,35.00,0.00,false,1,15911
6972464298665,false,ווזול בר בננה,Unknown,,ווזול בר בננה,,0.00,,false,1,35.00,0.00,false,1,15912
6972464298696,false,ווזול בר אננס,Unknown,,ווזול בר אננס,,0.00,,false,1,35.00,0.00,false,1,15913
6972464298702,false,ווזול בר ענבים,Unknown,,ווזול בר ענבים,,0.00,,false,1,35.00,0.00,false,1,15914
6972595228357,false,סוללת גיבוי 10000MAH,Unknown,,סוללת גיבוי 10000MAH,,0.00,,false,1,79.00,0.00,false,1,17735
6972622640374,false,ג.מתנפח חד קרן,Unknown,,ג.מתנפח חד קרן,,0.00,,false,1,79.00,0.00,false,1,15500
6972622640381,false,גלגל מתנפח פלמינגו,Unknown,,גלגל מתנפח פלמינגו,,0.00,,false,1,79.00,0.00,false,1,15501
6973729940282,false,ס. CIGGY BAR ב.טעמים,Unknown,,ס. CIGGY BAR ב.טעמים,,0.00,,false,1,89.90,0.00,false,1,17736
6973826700345,false,ס.א אבטיח ותות HQD,Unknown,,ס.א אבטיח ותות HQD,,0.00,,false,1,52.90,0.00,false,1,16961
6973826701229,false,HQD למונדה אוכמניות,Unknown,,HQD למונדה אוכמניות,,0.00,,false,1,99.00,0.00,false,1,16962
6973826701519,false,HQD פטל לימון,Unknown,,HQD פטל לימון,,0.00,,false,1,99.00,0.00,false,1,16963
6974129603401,false,Buzz מסטיק,Unknown,,Buzz מסטיק,,0.00,,false,1,89.90,0.00,false,1,16964
6974129603418,false,Buzz בזוקה,Unknown,,Buzz בזוקה,,0.00,,false,1,89.90,0.00,false,1,16965
6974129603425,false,Buzz שיק פירות,Unknown,,Buzz שיק פירות,,0.00,,false,1,89.90,0.00,false,1,16966
6974129603432,false,Buzz פינה קולדה,Unknown,,Buzz פינה קולדה,,0.00,,false,1,89.90,0.00,false,1,16967
6974129603449,false,buzz תות,Unknown,,buzz תות,,0.00,,false,1,89.90,0.00,false,1,16968
6974129603456,false,Buzz מנגו,Unknown,,Buzz מנגו,,0.00,,false,1,89.90,0.00,false,1,16969
6974129603470,false,Buzz בננה,Unknown,,Buzz בננה,,0.00,,false,1,89.90,0.00,false,1,16970
6974129603487,false,Buzz סוכריה,Unknown,,Buzz סוכריה,,0.00,,false,1,89.90,0.00,false,1,16971
6974129603494,false,Buzz אננס,Unknown,,Buzz אננס,,0.00,,false,1,89.90,0.00,false,1,16972
6974227021206,false,ס.אלקטרונית אוכמניות,Unknown,,ס.אלקטרונית אוכמניות,,0.00,,false,1,49.90,0.00,false,1,16973
6974227021213,false,ס.אלקטרונית אבטיח,Unknown,,ס.אלקטרונית אבטיח,,0.00,,false,1,49.90,0.00,false,1,16974
6974227021220,false,ס.אלקטרונית תות,Unknown,,ס.אלקטרונית תות,,0.00,,false,1,49.90,0.00,false,1,16975
6974227021237,false,ס.אלקטרונית קול בר,Unknown,,ס.אלקטרונית קול בר,,0.00,,false,1,49.90,0.00,false,1,16976
6974227021251,false,ס.אלקטרונית ליצי,Unknown,,ס.אלקטרונית ליצי,,0.00,,false,1,49.90,0.00,false,1,16977
6974227021268,false,ס.אלקטרונית אפרסק,Unknown,,ס.אלקטרונית אפרסק,,0.00,,false,1,49.90,0.00,false,1,16978
6974678291944,false,Qweet ענבים 2500,Unknown,,Qweet ענבים 2500,,0.00,,false,1,59.90,0.00,false,1,17738
6974678291951,false,Qweet אבטיח 2500,Unknown,,Qweet אבטיח 2500,,0.00,,false,1,59.90,0.00,false,1,17739
6974678291968,false,Qweet פטל 2500,Unknown,,Qweet פטל 2500,,0.00,,false,1,59.90,0.00,false,1,17740
6974678291975,false,Qweet מנגו 2500,Unknown,,Qweet מנגו 2500,,0.00,,false,1,59.90,0.00,false,1,17741
6974678291982,false,Qweet אוכמניות 2500,Unknown,,Qweet אוכמניות 2500,,0.00,,false,1,59.90,0.00,false,1,17742
6974678291999,false,Qweetתות וקיווי 2500,Unknown,,Qweetתות וקיווי 2500,,0.00,,false,1,59.90,0.00,false,1,17743
6974678292002,false,Qweet אהבה 66 2500,Unknown,,Qweet אהבה 66 2500,,0.00,,false,1,59.90,0.00,false,1,17744
6974678292019,false,Qweet אל פטרון 2500,Unknown,,Qweet אל פטרון 2500,,0.00,,false,1,59.90,0.00,false,1,17745
6974678292026,false,Qweetלימון תפוז 2500,Unknown,,Qweetלימון תפוז 2500,,0.00,,false,1,59.90,0.00,false,1,17746
6974678292033,false,Qweet דובדבן 2500,Unknown,,Qweet דובדבן 2500,,0.00,,false,1,59.90,0.00,false,1,17747
6974706640027,false,סיגריה אלקטרונית סמא,shenzhen hot technol,CN,SMART3000 אבטיח אייס,,0.00,,false,1,89.90,0.00,false,1,17748
7280109380880,false,ריידר מתנפח ליוויתן,Unknown,,ריידר מתנפח ליוויתן,,0.00,,false,1,69.00,0.00,false,1,15502
7280138800007,false,פחם הגחל הדליק חדש,Unknown,,פחם הגחל הדליק חדש,,0.00,,false,1,21.90,0.00,true,1,14164
7290000000374,false,"פטריות שמפיניון בד""ץ (רביבים)",חוות השמפיניון,IL,פטריות שמפיניון ליח,,0.00,,false,1,11.90,0.00,true,1,16038
7290000001104,false,פטריות חורש מיני ארוז 200 ג',"מרינה פטריות הגליל בע""מ",IL,פטריות פורטבלה ארוז,,0.00,,false,1,12.90,0.00,true,1,15993
7290000007413,false,כוס חדפ היטל 10אג,Unknown,,כוס חדפ היטל 10אג,,0.00,,false,1,0.10,0.00,false,1,3119
7290000008700,false,פיקדון מעין,Unknown,,פיקדון מעין,,0.00,,false,1,0.30,0.00,false,1,17558
7290000010474,false,בקבוק רימונדה 330מל,Unknown,,בקבוק רימונדה 330מל,,330.00,"100 מ""ל",false,1,8.00,2.42,false,1,14590
7290000023007,false,"ברנדי שטוק 84 37 % 750 מ""ל","יקבי ברקן בע""ם",IL,ברנדי סטוק 84,,750.00,"100 מ""ל",false,1,95.00,12.63,true,1,331
7290000023083,false,ערק אשקלון בקבוק 700,"יקבי ברקן בע""\מ",IL,ערק אשקלון 700מל,,700.00,"100 מ""ל",false,1,68.00,9.67,true,1,9822
7290000023809,false,"יין קלאסיק קברנה סוביניון ברקן 750 מ""ל",יקבי ברקן שיווק והפצה בע,IL,ברקן קברנה קלאסיק750,,750.00,"100 מ""ל",false,1,38.00,5.03,true,1,913
7290000023816,false,"יין קלאסיק אמרלד ריזלינג ברקן 750 מ""ל",יקבי ברקן שיווק והפצה בע,IL,ברקן אמרלד ריזלינג,,750.00,"100 מ""ל",false,1,38.00,5.03,true,1,914
7290000023977,false,"יין קלאסיק מרלו ברקן 750 מ""ל",יקבי ברקן שיווק והפצה בע,IL,ברקן מרלו קלאסיק 750,,750.00,"100 מ""ל",false,1,38.00,5.03,true,1,1059
7290000024202,false,"יין רזרב קברנה סוביניון ברקן 750 מ""ל",ברקן שיווק והפצה בעמ,IL,ברקן רזרב ק. סובניון,,750.00,"100 מ""ל",false,1,50.00,6.63,true,1,15544
7290000024264,false,"יין רזרב מרלו ברקן 750 מ""ל","כרמי צבי - אחים סגל בע""\",IL,ברקן רזרב מרלו,,750.00,"100 מ""ל",false,1,50.00,6.63,true,1,15541
7290000024523,false,"תירוש של סגל ,מיץ ענבים , 1 ליטר",כרמי צבי - האחים סגל,IL,תירוש של סגל 1 ליטר,,1.00,1 ליטר,false,1,16.90,16.60,true,1,10328
7290000038925,false,כרטיס 012 MSIM,Unknown,,כרטיס 012 MSIM,,0.00,,false,1,38.60,0.00,true,1,7227
7290000038926,false,טונה אדומה טרייה לקג,Unknown,IL,כרטיסUSIM 012,,0.00,,false,1,38.60,0.00,true,1,7228
7290000039794,false,כרטיס 012 nano sim,Unknown,,כרטיס 012 nano sim,,0.00,,false,1,38.60,0.00,true,1,7513
7290000040042,false,יופלה יוגורט תות 3% שומן 150 גרם,תנובה חלב,IL,יופלה תות 3% 150 מל,,150.00,"100 מ""ל",false,1,5.20,3.47,true,1,891
7290000040066,false,יופלה יוגורט דובדבן %3 גביע 150 גרם,תנובה מרכז שיתופי לש,IL,יופלה דובדבן 3% 150מ,,150.00,"100 מ""ל",false,1,5.20,3.47,true,1,893
7290000040080,false,יופלה יוגורט אפרסק 3% שומן 150 גרם,תנובה חלב,IL,יופלה אפרסק,,150.00,"100 מ""ל",false,1,5.20,3.47,true,1,386
7290000040318,false,גבינת ברי 24% קולאז עדי תנובה 125 ג',תנובה מרכז שיתופי לש,IL,גבינת ברי 24%,,0.00,,false,1,21.90,0.00,true,1,16162
7290000040974,false,חלב דל לקטוז 2% תנובה קרטון 1 ליטר,תנובה מרכז שיתופי לש,IL,חלב דל לקטוז 2% 1 ל,,1.00,1 ליטר,false,1,7.40,7.40,true,1,13175
7290000041445,false,קוטג תנובה גביע 250 גרם 5% בדצ,מיוצר עי קונדיטוריית,IL,תנובה קוטג 5% בדצ,,250.00,100 גרם,false,1,6.00,2.40,true,1,5889
7290000041452,false,קוטג תנובה גביע 250 גרם 9% בדצ,תנובה מרכז שיתופי לש,IL,קוטג תנובה גביע 250ג,,0.00,,false,1,6.00,0.00,false,1,16808
7290000041858,false,"שמנת חמוצה 15% מועשרת יטבתה 200 מ""ל",שטראוס גרופ,IL,שמנת חמוצה מועשרת15%,,200.00,"100 מ""ל",false,1,2.70,1.35,false,1,357
7290000042008,false,חלב תנובה טרי 3% שקית 1 ל',"תנובה, מחלבת רחובות",IL,תנובה חלב שקית 3%,,1.00,1 ליטר,false,1,5.43,5.43,false,1,977
7290000042015,false,"חלב שתייה תנובה בד""צ בשקית 1 ליטר",תנובה מרכז שיתופי לש,IL,תנובה חלב שקית מהדרי,,0.00,,false,1,5.43,0.00,false,1,959
7290000042022,false,חלב על הבוקר1%קרט+.פקק1ל,תנובה מרכז שיתופי לש,IL,תנובה חלב טעם וניל1%,,0.00,,false,1,9.50,0.00,true,1,900
7290000042244,false,חלב 3% תנובה כד 2 ליטר,"תנובה, מחלבת רחובות",IL,תנובה חלב טרי 2 ליטר,,2.00,1 ליטר,false,1,12.46,6.23,false,1,12042
7290000042367,false,חלב טרי 3% בקבוק תנובה 1 ליטר מהדרין,תנובה מרכז שיתופי לש,IL,חלב 3% בקבוק 1 ליטר,,0.00,,false,1,6.23,0.00,false,1,16147
7290000042404,false,חלב 3% בשקית יטבתה 1 ליטר מהדרין,שטראוס גרופ,IL,יטבתה חלב 3% שקית 1ל,,0.00,,false,1,7.00,0.00,false,1,339
7290000042411,false,חלב בקרטון 3% יטבתה 1 ל',מחלבת יטבתה,IL,יטבתה חלב 3% 1ל-דרום,,1.00,1 ליטר,false,1,5.94,5.94,false,1,340
7290000042435,false,חלב דל שומן בקרטון+פקק תנובה 1 ליטר,תנובה מרכז שיתופי לש,IL,תנובה חלב בקרטון 1%,,1.00,1 ליטר,false,1,5.86,5.86,false,1,976
7290000042442,false,"חלב תנובה טרי 3% ""תנובה"" - מוצר בפיקוח",תנובה חלב,IL,תנובה חלב 3% 1 ליטר,,1.00,1 ליטר,false,1,6.23,6.23,false,1,341
7290000042503,false,"חלב עמיד קרטון 3% 1 ליטר בד""צ תנובה",תנובה מרכז שיתופי לש,IL,תנובה חלב עמיד 3%,,1.00,1 ליטר,false,1,8.00,8.00,true,1,2286
7290000042541,false,חלב עמיד 1% הומוגני 1 ל',תנובה,IL,חלב עמיד 1% שומן 1ל,,0.00,,false,1,9.50,0.00,true,1,343
7290000042640,false,"חלב תנובה עמיד 3% קרטון 250 מ""ל",תנובה מרכז שיתופי לש,IL,חלב עמיד 3% 250 מל,,0.00,,false,1,3.00,0.00,false,1,16812
7290000042855,false,"שוקו בשקית 250 מ""ל ""יטבתה""",שטראוס גרופ,IL,יטבתה שוקו שקית 225,,225.00,"100 מ""ל",false,1,3.50,1.56,true,1,344
7290000043111,false,תנובה חמאה 200 גרם - מוצר בפיקוח,"תנובה, מחלבת תל יוסף",IL,תנובה חמאה 200 גר,,200.00,100 גרם,false,1,7.88,3.94,false,1,12054
7290000043814,false,השף הלבן שמנת להקצפה 38% שומן 250 מל - מוצר בפיקוח,תנובה מרכז שיתופי לש,IL,השף הלבן שמנת 38%,,250.00,"100 מ""ל",false,1,6.47,2.59,false,1,358
7290000043890,false,תנובה רויון לבן מחלב מפסוטר 1.5%,תנובה מרכז שיתופי לש,IL,תנובה רויון לבן 1.5%,,1.00,1 ליטר,false,1,12.70,12.70,true,1,7728
7290000048185,false,גבינה לבנה 5% תנובה 250 גרם מהדרין,מיוצר עי קונדיטוריית,IL,תנובה גבינה לבנה 5%,,250.00,100 גרם,false,1,4.98,1.99,false,1,901
7290000048192,false,גבינה לבנה 9% תנובה 250 גרם מהדרין,מחלבת אלון תבור,IL,תנובה גבינה לבנה 9%,,250.00,100 גרם,false,1,4.98,1.99,false,1,8631
7290000048307,false,גבינת קוטג' עם זיתים 5% תנובה 250 גרם,מיוצר עי קונדיטוריית,IL,תנובה קוטג זיתים 5%,,250.00,100 גרם,false,1,6.00,2.40,true,1,13591
7290000048437,false,פיראוס צפתית 5% שומן 200 גרם,פארייפאבה אגרואינדוס,IL,פיראוס צפתית %200 5,,200.00,100 גרם,false,1,16.50,8.25,true,1,5887
7290000048937,false,כרטיס Triple SIM 012,Unknown,,כרטיס Triple SIM 012,,0.00,,false,1,38.60,0.00,true,1,10915
7290000051307,false,"מארז הפסקת אוכל עם דגני עוגי ומשקה חלב עמיד בטעם וניל 150 מ""ל",תנובה מרכז שיתופי לש,IL,הפסקת אוכל עוגי-מארז,,0.00,,false,1,10.00,0.00,true,1,16201
7290000051352,false,חלב מלא בטעם של פעם 3.4% תנובה קרטון 1 ל',תנובה מרכז שיתופי לש,IL,חלב מלא של פעם 1ל,,0.00,,false,1,8.90,0.00,true,1,16200
7290000051376,false,יוגורט יופלה דיאט אננס 0% שומן 150 גרם,תנובה מרכז שיתופי לש,IL,יופלה דיאט אננס ספור,,0.00,,false,1,5.20,0.00,true,1,16211
7290000051710,false,פיראוס גבינת לאבנה אסלית על בסיס יוגורט תנובה 263 גרם,"תנובה, מחלבת אלון תב",IL,פיראוס לבנה עם ש.זית,,263.00,100 גרם,false,1,14.80,5.63,true,1,13619
7290000052304,false,"משקה מוקה בקבוק 340 מ""ל",תנובה,IL,תנובה משקה מוקה340,,340.00,"100 מ""ל",false,1,7.70,2.26,true,1,4919
7290000052311,false,גבינה צהובה עמק לייט 15% שומן 200 גרם,תנובה מרכז שיתופי לש,IL,עמק פרוס בקופסא 15%,,200.00,100 גרם,false,1,17.90,8.95,true,1,13627
7290000052649,false,גבינת לאבנה 5% שומן 500 ג' פיראוס,תנובה מרכז שיתופי לש,IL,פיראוס לאבנה 5% 500ג,,0.00,,false,1,21.00,0.00,true,1,16354
7290000052717,false,גבינת קוטג' שום שמיר 5% תנובה 250 גרם,מיוצר עי קונדיטוריית,IL,קוטג שום שמיר 5%,,250.00,100 גרם,false,1,6.00,2.40,true,1,13664
7290000055206,false,גבינה לבנה 5% בטעם בצל מטוגן 250 ג' תנובה,תנובה מרכז שיתופי לש,IL,גבינה לבנה בטעם בצל,,250.00,100 גרם,false,1,6.00,2.40,true,1,6917
7290000055329,false,"משקה בוקר יוגורט 1.5% בטעם תות מלון יופלה 250 מ""ל",תנובה מרכז שיתופי לש,IL,יופלה משקה תות מלון,,250.00,100 גרם,false,1,6.50,2.60,true,1,6465
7290000055336,false,"משקה יוגורט 1.5% בטעם בננה אפרסק יופלה 250 מ""ל",תנובה מרכז שיתופי לש,IL,יופלה משקה בננה אפר,,250.00,100 גרם,false,1,6.50,2.60,true,1,6466
7290000055343,false,משקה יוגורט יופלה פירות טרופיים 250 גרם,תנובה מרכז שיתופי לש,IL,יופלה משקה טרופי,,250.00,100 גרם,false,1,6.50,2.60,true,1,6467
7290000055565,false,שלגונים מצופים 10 כשלפ,תות תעשיות מזון (201,IL,מאגדת מצופים שוקו,,600.00,100 גרם,false,1,32.00,5.33,true,1,8655
7290000055893,false,חמאה משמנת מפוסטרת 200גרם 82% כ.מהדרין - מוצר בפיקוח,תנובה מרכז שיתופי לש,IL,חמאה 200 גרם מהדרין,,200.00,100 גרם,false,1,7.88,3.94,false,1,12669
7290000056272,false,גבינה לבנה 5% עם זיתים ירוקים 250 ג' תנובה,תנובה מרכז שיתופי לש,IL,גבינה לבנה עם זיתים,,250.00,100 גרם,false,1,5.90,2.36,true,1,6919
7290000056845,false,תנובה חלב טרי 3% שומן 1.5 ליטר - מוצר בפיקוח,פארייפאבה אגרואינדוס,IL,תנובה חלב 3% 1.5ל,,1.50,1 ליטר,false,1,9.34,6.23,false,1,8813
7290000057088,false,עמק גבינה צהובה פרוסה דק דק 28% תנובה 200 גרם,תנובה מרכז שיתופי לש,IL,עמק דק דק 28% 200גר,,200.00,100 גרם,false,1,17.90,8.95,true,1,13795
7290000057118,false,גבינה צהובה עמק 28% שומן ואקום 400 גרם,תנובה מרכז שיתופי לש,IL,המעדניה של עמק 400ג,,0.00,,false,1,24.00,0.00,true,1,16355
7290000057132,false,יוגורט תנובה טבעי 1.5% גביע 200 גרם,מחלבת אלון תבור,IL,יוגורט תנובה 1.5%,,200.00,100 גרם,false,1,3.60,1.80,true,1,13635
7290000057149,false,יוגורט תנובה טבעי 3% גביע 200 גרם,מיוצר עי קונדיטוריית,IL,יוגורט תנובה 3%,,200.00,100 גרם,false,1,3.60,1.80,true,1,13636
7290000057477,false,חלב בקרטון 3% הומוגני 1.5 ליטר,תנובה מרכז שיתופי לש,IL,חלב טרי 1.5 ליטר,,1.50,1 ליטר,false,1,9.34,6.23,false,1,14109
7290000057552,false,יופלה דיאט עוגת גבינה ותות 0% גביע 150ג',תנובה חלב,IL,יופלה דיאט ע.גבינה,,0.00,,false,1,5.20,0.00,true,1,16238
7290000058030,false,"שמיניית יופלה שטוזים משקה יוגורט תות 100 מ""ל",מיוצר עי קונדיטוריית,IL,שטוזים מ.יוגורט תות,,0.00,,false,1,22.00,0.00,true,1,16356
7290000058047,false,שמנת להקצפה 38% 500מל מהדרין עמיד השף הלבן,תנובה מרכז שיתופי לש,IL,שמנת 38% מהדרין,,0.00,,false,1,12.94,0.00,true,1,16240
7290000058580,false,קוקילידה בטעם וניל עם עוגיות שוקולד גלידות נסטלה 80 גרם,נגה גלידות (גלידות נ,IL,קוקילידה וניל,,80.00,100 גרם,false,1,12.90,16.12,true,1,280
7290000060071,false,אוסם - חטיפי פריכונים מאורז מלא קלוי 80גר,"פרח תעשיות מזון בע""מ.",IL,פריכונים-טבעי,,80.00,100 גרם,false,1,9.90,12.38,true,1,680
7290000060200,false,אוסם - פתיתים אפויים קוסקוס 500 גרם,"אסם תעשיות בע""מ",IL,פתיתים אפוים קוסקוס,,500.00,100 גרם,false,1,9.90,1.98,true,1,8632
7290000060248,false,פסטה אסם פתיתים תלתלים 500 גר',קריות זול,IT,פסטה אסם תלתלים,,0.00,,false,1,7.00,0.00,true,1,16269
7290000060811,false,טילון אקסטרים ענק מטבע שוקולד 120 ג',תות תעשיות מזון (201,IL,אקסטרים מטבע ענק,,120.00,100 גרם,false,1,12.90,10.75,true,1,7598
7290000060828,false,פסטה קרניים בינוניות אסם 500 גרם,קריות זול,IT,פסטה קרניים בינוני,,500.00,100 גרם,false,1,7.00,1.40,true,1,12048
7290000060859,false,פסטה צדפים קטנים אסם 500 גרם,קריות זול,IT,פסטה צדף קטן 500 גר,,0.00,,false,1,7.00,0.00,true,1,16150
7290000060880,false,פסטה ספגטי מספר 8 אסם 500 גרם,קריות זול,IT,ספגטי אסם -500 גר,,500.00,100 גרם,false,1,7.00,1.40,true,1,5754
7290000060903,false,אוסם - פתיתים אפויים אורז 500 גרם,"אסם השקעות בע""\מ",IL,פתיתים אפוים אורז,,500.00,100 גרם,false,1,9.90,1.98,true,1,5752
7290000061061,false,קרקר חיטה עם בצל אסם,"אסם השקעות בע""\מ",IL,קרקר בצל,,0.00,,false,1,13.50,0.00,true,1,16157
7290000061085,false,"רוטב צילי מתוק 290 מ""ל-בקבוק","אסם השקעות בע""\מ",IL,רוטב צילי מתוק,,290.00,"100 מ""ל",false,1,14.00,4.83,true,1,12053
7290000061108,false,"רוטב טריאקי 290 מ""ל-בקבוק","אסם השקעות בע""\מ",IL,רוטב טריאקי 290 מל,,290.00,"100 מ""ל",false,1,13.90,4.79,true,1,12047
7290000061245,false,עוגיות שוקולד צ'יפס במילוי קרם בטעם שוקולד,מיוצר עי קונדיטוריית,IL,עוגיות שוקולד ציפס,,220.00,100 גרם,false,1,15.90,7.23,true,1,8646
7290000063140,false,שקדי מרק רכיבים טבעיים בשקית 400 ג' אסם,"אסם תעשיות בע""מ",IL,שקדי מרק שקית 400 גר,,400.00,100 גרם,false,1,15.90,3.98,true,1,5761
7290000063157,false,"קמח עוגה תופח מאליו אסם 1 ק""ג","אסם השקעות בע""\מ",IL,קמח עוגה תופח 1 קג,,0.00,,false,1,11.50,0.00,true,1,16097
7290000064758,false,קוסקוס בינוני אמיתי אסם 350 ג',"מיוצר ע""י קוד יצרן K",IL,קוסקוס אמיתי בשקית,,350.00,100 גרם,false,1,9.90,2.83,true,1,7716
7290000064871,false,"אוסם - מנה חמה פירה תפו""א עם בצל 56 גרם","אסם תעשיות בע""מ",IL,מנה חמה פירה ובצל,,56.00,100 גרם,false,1,10.00,17.86,true,1,545
7290000065335,false,אוסם - מנה חמה פירה עם ירקות 55 גרם,"אסם תעשיות בע""מ",IL,מנה חמה פירה+ירקות,,55.00,100 גרם,false,1,10.00,18.18,true,1,404
7290000065557,false,אוסם - מנה חמה קוסקוס עם ירקות 84 גרם,"אסם תעשיות מזון בע""מ",IL,מנה חמה קוסקוס וירקו,,84.00,100 גרם,false,1,10.00,11.90,true,1,406
7290000065977,false,חטיפי פריכונים תירס שומשום אסם 80 גרם,"פרח תעשיות מזון בע""מ.",IL,פריכוני תירס שומשום,,80.00,100 גרם,false,1,9.90,12.38,true,1,12073
7290000066134,false,ביסלי חטיף בטעם פלאפל אסם 70 גרם,"אסם השקעות בע""\מ",IL,ביסלי פלאפל 70 גר,,70.00,100 גרם,false,1,7.50,10.71,true,1,215
7290000066141,false,ביסלי חטיף בטעם גריל אסם 70 גרם,"אסם השקעות בע""\מ",IL,ביסלי גריל 70 גר,,70.00,100 גרם,false,1,7.50,10.71,true,1,216
7290000066172,false,ביסלי חטיף בטעם פיצה אסם 70 גרם,"אסם השקעות בע""\מ",IL,ביסלי פיצה 70גר,,0.00,,false,1,7.50,0.00,true,1,219
7290000066196,false,ביסלי חטיף בטעם גריל אסם 200 גרם,מיוצר עי קונדיטוריית,IL,ביסלי גריל 200 גר,,200.00,100 גרם,false,1,12.50,6.25,true,1,221
7290000066202,false,ביסלי ג.ט.בצל 190 גר,מיוצר עי קונדיטוריית,IL,ביסלי בצל 200 גר,,0.00,,false,1,11.90,0.00,true,1,222
7290000066226,false,ביסלי חטיף בטעם פיצה אסם 200 גרם,"אסם השקעות בע""\מ",IL,ביסלי פיצה 200 גר,,200.00,100 גרם,false,1,12.50,6.25,true,1,208
7290000066264,false,דובונים חטיף תפוחי אדמה אסם 40 גרם,"אסם השקעות בע""\מ",IL,דובונים היסטרי 40,,40.00,100 גרם,false,1,7.00,17.50,true,1,231
7290000066295,false,במבה מתוקה מחומרים טבעיים 30 גרם,מיוצר עי קונדיטוריית,IL,במבה תות 25 גר,,30.00,100 גרם,false,1,4.50,15.00,true,1,210
7290000066318,false,במבה חטיף בוטנים אסם 80 גרם,"אסם השקעות בע""\מ",IL,במבה אסם 80 גר,,80.00,100 גרם,false,1,7.90,9.88,true,1,212
7290000066332,false,אפרופו חטיף תירס אסם 50 גרם,מיוצר עי קונדיטוריית,IL,אפרופו 50 גר,,50.00,100 גרם,false,1,8.00,16.00,true,1,224
7290000066349,false,אפרופו חטיף תירס אסם 100 גרם,מיוצר עי קונדיטוריית,IL,אפרופו 100 גר,,100.00,100 גרם,false,1,12.50,12.50,true,1,225
7290000066431,false,פופקו חטיף פופקורן בטעם חמאה ודבש אסם 80 גרם,מיוצר עי קונדיטוריית,IL,פופקו תירס 80,,80.00,100 גרם,false,1,7.60,9.50,true,1,200
7290000067070,false,עוג.מיני ממולא.שוקולד300,מיוצר עי קונדיטוריית,IL,עוגיות מיני שוקולד,,300.00,100 גרם,false,1,13.90,4.63,true,1,4177
7290000067537,false,"ביסלי גריל כשל""פ 70 גרם",מיוצר עי קונדיטוריית,IL,ביסלי גריל 70ג,,0.00,,false,1,7.50,0.00,true,1,3592
7290000067544,false,פירורית זהב פירורי לחם אסם 200 גרם,עינת תעשיות מזון אגו,IL,פירורית זהב 200 גר,,200.00,100 גרם,false,1,7.90,3.95,true,1,7719
7290000067551,false,"ביסלי בצל כשל""פ 70 גרם",מיוצר עי קונדיטוריית,IL,ביסלי בצל 70גר,,0.00,,false,1,7.50,0.00,true,1,3593
7290000067568,false,"ביסלי ברביקיו כשל""פ 70גר",מיוצר עי קונדיטוריית,IL,ביסלי ברביקיו,,0.00,,false,1,7.50,0.00,true,1,3591
7290000067599,false,מנה חמה ספגטי ברוטב בולונז אסם 65 גרם,"אסם השקעות בע""\מ",IL,מנה חמה ספגטי בולונז,,65.00,100 גרם,false,1,10.00,15.38,true,1,407
7290000067735,false,פרפקטו ניוקי בצקיות תפוחי אדמה 500 ג' אסם,גרנדי פסטי,IT,ניוקי,,0.00,,false,1,15.00,0.00,true,1,16099
7290000068138,false,אינסטנט פודינג בטעם וניל אסם 80 גרם,מיוצר עי קונדיטוריית,IL,פודינג וניל אסם 80ג,,80.00,100 גרם,false,1,7.90,9.88,true,1,5745
7290000068282,false,"אסם מנה חמה פירה + ירקות כשל""פ","אסם השקעות בע""\מ",IL,מ.ח פירה וירקות כלפ,,47.00,100 גרם,false,1,10.00,21.28,true,1,3527
7290000068299,false,מנה חמה פירה+פטריות47גר,"אסם השקעות בע""\מ",IL,מ.ח פירה ופטרי כלפ,,47.00,100 גרם,false,1,10.00,21.28,true,1,3528
7290000068343,false,אסם פריכונים פרוסות קלויות מלא,"פרח תעשיות מזון בע""מ.",IL,פריכונים אורז מלא140,,140.00,100 גרם,false,1,10.90,7.79,true,1,6051
7290000068770,false,במבה יום הולדת חטיף בוטנים אסם 80 גרם,"אסם השקעות בע""\מ",IL,במבה יום הולדת80,,80.00,100 גרם,false,1,7.90,9.88,true,1,213
7290000070308,false,אבקת מרק עוף אמיתי בשרי אסם 400 גרם,"אסם השקעות בע""\מ",IL,אבקת מרק עוף במיכל,,400.00,100 גרם,false,1,29.00,7.25,true,1,10191
7290000071008,false,בייגלה שטוחים טבעות שטוחות עם מלח,"אסם השקעות בע""\מ",IL,שטוחים עם מלח 60 גר,,60.00,100 גרם,false,1,5.00,8.33,true,1,5337
7290000072067,false,במבה חטיף בוטנים במילוי קרם חלבה 60 גרם,מיוצר עי קונדיטוריית,IL,במבה במילוי חלבה,,60.00,100 גרם,false,1,7.90,13.17,true,1,4575
7290000072227,false,"רוטב סויה בסגנון סיני 290 מ""ל","אסם השקעות בע""\מ",IL,רוטב סויה בסגנון סינ,,290.00,"100 מ""ל",false,1,13.90,4.79,true,1,12043
7290000072333,false,בונז'ור לחמנית דגנים 120ג',בונז'ור,,לחמנית דגנים,,0.00,,false,1,3.00,0.00,true,1,16228
7290000072623,false,קטשופ אסם בקבוק לחיץ 750 גרם,"אסם תעשיות בע""מ",IL,קטשופ אסם ב.לחיץ 750,,750.00,100 גרם,false,1,13.90,1.85,true,1,398
7290000072753,false,קפה נמס מגורען טסטרס צ'ויס 200 גרם-,נסטלה קוריאה - קפה,KR,טסטרס צויס 200 גר,,200.00,100 גרם,false,1,36.00,18.00,true,1,556
7290000072777,false,קפה נמס מגורען נטול קפאין טסטרס צ'ויס 200 גרם,נסטלה קוריאה - קפה,KR,טסטרס צויס נטול,,0.00,,false,1,50.00,0.00,true,1,16149
7290000073125,false,מנה חמה פסטה ברוטב עגבניות אסם 62 גרם,"אסם השקעות בע""\מ",IL,מנה חמה פסטה ועגבניו,,62.00,100 גרם,false,1,10.00,16.13,true,1,402
7290000073750,false,מנה חמה נודלס אטר+ירקות טעם עוף 70 גרם,PUB FOODS PRESIDENT THAI,TH,מנה חמה נודלס עוף+יר,,70.00,100 גרם,false,1,10.00,14.29,true,1,550
7290000073767,false,מנה חמה נודלס אטר.+ירקות טעם בקר 70 גרם,PUB FOODS PRESIDENT THAI,TH,מנה חמה נודלס בקר,,70.00,100 גרם,false,1,10.00,14.29,true,1,399
7290000073774,false,מנה חמה נודלס אטר+ירקות טעם צילי 70 גרם,טאי רזידנט,TH,מנה חמה נודלס פיקנטי,,70.00,100 גרם,false,1,10.00,14.29,true,1,551
7290000074153,false,ביסקוויט פתי בר שוקולד אסם 500 גרם,מיוצר עי קונדיטוריית,IL,פתי בר שוקו 500 גר,,500.00,100 גרם,false,1,16.90,3.38,true,1,5753
7290000074184,false,ביסקויט פתיבר קלאסי 500 גרם,"אסם השקעות בע""\מ",IL,פתי בר קלאסי 500 גר,,500.00,100 גרם,false,1,16.90,3.38,true,1,5748
7290000074245,false,אוסם - קרם קרקר אסם 250 גרם,"אסם השקעות בע""\מ",IL,קרם קרקר 250 גר,,250.00,100 גרם,false,1,11.50,4.60,true,1,552
7290000074252,false,קרקר שומשון אסם 250 גרם,"אסם השקעות בע""\מ",IL,קרקר שומשום,,250.00,100 גרם,false,1,11.50,4.60,true,1,7717
7290000074276,false,קרקר פיקנטי טבעון 250 ג' אסם,"אסם השקעות בע""\מ",IL,טיבעון קרקר פיקנטי,,250.00,100 גרם,false,1,12.50,5.00,true,1,13169
7290000074375,false,אוסם - קרקר זהב 150 גרם,"אסם השקעות בע""\מ",IL,קרקר זהב 150 גר,,150.00,100 גרם,false,1,9.00,6.00,true,1,412
7290000074481,false,לחמית אגוזים אסם 160 גרם,"אסם השקעות בע""\מ",IL,לחמית אגוזים 160גר,,160.00,100 גרם,false,1,12.90,8.06,true,1,13176
7290000074962,false,עוג.מיני שוקוצ'יפס 225גר,כרמית,IL,עוגיות שוקוציפס 225,,225.00,100 גרם,false,1,12.90,5.73,true,1,425
7290000075143,false,אוסם - עוגיות שוקוצ'יפס 200 גרם,מיוצר עי קונדיטוריית,IL,עוגיות שוקוציפס 200,,200.00,100 גרם,false,1,15.90,7.95,true,1,427
7290000075204,false,אוסם - לחמית חיטה מלאה 250 גרם,"אסם השקעות בע""\מ",IL,לחמית חיטה מלאה 250,,250.00,100 גרם,false,1,11.50,4.60,true,1,236
7290000075693,false,עוגת הבית שמרים בריוש שוקולד אסם 360 גרם,מיוצר עי קונדיטוריית,IL,ע.שמרים בריוש שוקולד,,360.00,100 גרם,false,1,22.50,6.25,true,1,9961
7290000076126,false,אוסם - בייגלה שמיניות קטנות 80 גרם,"אסם השקעות בע""\מ",IL,בייגלה שמיניות 80 גר,,80.00,100 גרם,false,1,5.00,6.25,true,1,239
7290000076133,false,בייגלה שמיניות קטנות עם מלח אסם 400 גרם,"אסם השקעות בע""\מ",IL,בייגלה שמיניות 400 ג,,400.00,100 גרם,false,1,14.50,3.62,true,1,240
7290000077017,false,עוגיות קרמוגית במילוי קרם שוקולד אסם 200 גרם,מיוצר עי קונדיטוריית,IL,קרמוגית שוקולד 200,,200.00,100 גרם,false,1,14.90,7.45,true,1,428
7290000077253,false,אוסם - לחמית כפרית עם דגנים מלאים 190 גרם,"אסם השקעות בע""\מ",IL,לחמית כפרית 190ג,,190.00,100 גרם,false,1,12.90,6.79,true,1,5790
7290000078762,false,אוסם - חטיפי פריכונים מאורז מלא בטעם דבש 80גר,סנורייס בלגיום אן. ו,GB,פריכונים דבש 80,,80.00,100 גרם,false,1,9.90,12.38,true,1,681
7290000081663,false,"בייגלה טבעות שומשום אסם 300 גרם בד""ץ",מיוצר עי קונדיטוריית,IL,בייגלה שומשום 300 גר,,300.00,100 גרם,false,1,14.50,4.83,true,1,241
7290000083803,false,פ.בקבוק גלוברדנס,Unknown,,פ.בקבוק גלוברדנס,,0.00,,false,1,0.30,0.00,false,1,17539
7290000083807,false,ג.פיקדון רביעייה,Unknown,,ג.פיקדון רביעייה,,0.00,,false,1,1.20,0.00,false,1,17887
7290000098546,false,פיקדון זוג,Unknown,,פיקדון זוג,,0.00,,false,1,0.60,0.00,false,1,508
7290000098678,false,פיקדון שישיה,Unknown,,פיקדון שישיה,,0.00,,false,1,1.80,0.00,false,1,487
7290000099748,false,פיקדון רבעיייה,Unknown,,פיקדון רבעיייה,,0.00,,false,1,1.20,0.00,false,1,509
7290000101927,false,אוכמניות כחולות מוקפאות סנפרוסט 300 גרם,"איי, בי, אינבוו",IL,סנפרוסט אוכמניות כחל,,0.00,,false,1,22.00,0.00,true,1,16409
7290000104201,false,אפונה עדינה סנפרוסט 600 גרם,"איי, בי, אינבוו",IL,סנפרוסט אפונה עדינה,,0.00,,false,1,23.90,0.00,true,1,16176
7290000104676,false,אפונה קפואה סנפרוסט 800 גרם,"איי, בי, אינבוו",IL,סנפורסט אפונה 800גר,,0.00,,false,1,22.90,0.00,true,1,16153
7290000104683,false,שעועית ירוקה שלמה סנפרוסט 800 גרם,"סנפרוסט בע""\מ",IL,סנפרוסט שעועית שלמה,,0.00,,false,1,26.00,0.00,true,1,16154
7290000104690,false,תירס גרעינים 800 גרם סנפרוסט,"איי, בי, אינבוו",IL,סנפרוסט תירס גרעינים,,0.00,,false,1,21.90,0.00,true,1,16169
7290000104720,false,שעועית ירוקה חתוכה סנפרוסט 800 גרם,"סנפרוסט בע""\מ",IL,שעועית חתוכה סנפרוסט,,0.00,,false,1,22.90,0.00,true,1,16208
7290000104744,false,כרובית סנפרוסט 800 גרם,"סנפרוסט בע""\מ",IL,סנפרוסט כרובית,,0.00,,false,1,30.00,0.00,true,1,16410
7290000104805,false,גרגירי חומוס מבושלים סנפרוסט 800 גרם,"איי, בי, אינבוו",IL,סנפרוסט גרגירי חומוס,,0.00,,false,1,23.90,0.00,true,1,16207
7290000104836,false,שעועית ירוקה עדינה שלמה סנפרוסט 600 גרם,"סנפרוסט בע""\מ",IL,סנפרוסט שעועית עדינה,,0.00,,false,1,27.90,0.00,true,1,16215
7290000107165,false,חטיף סויה אדממה סנפרוסט 400 גרם,"איי, בי, אינבוו",IL,סנפרוסט חטיף פ.סויה,,0.00,,false,1,17.90,0.00,true,1,16183
7290000107295,false,תפרחות ברוקולי סנפרוסט 800 גרם,"איי, בי, אינבוו",IL,סנפרוסט ברוקלי 800גר,,0.00,,false,1,29.90,0.00,true,1,16155
7290000110844,false,"כיפלי גריל בד""צ תלמה 70 ג'",יוניליור ישראל מזון,IL,כיפלי גריל בדצ,,70.00,100 גרם,false,1,7.90,11.29,true,1,4850
7290000110851,false,חטיף כיפלי בטעם בצל 70גר,יוניליוור מזון,IL,כיפלי בצל בדצ,,70.00,100 גרם,false,1,7.90,11.29,true,1,4849
7290000111186,false,"מיונז אמיתי תלמה 500 גרם בד""צ",יוניליוור ישראל מזון בע\,IL,תלמה מיונז 500 גר,,500.00,100 גרם,false,1,13.50,2.70,true,1,5746
7290000113180,false,"כיפלי צ'יפס בד""צ תלמה 50 ג'",יוניליור ישראל מזון,IL,כפלי ציפס בדצ 50 גרם,,0.00,,false,1,7.90,0.00,true,1,16184
7290000113203,false,כיפלי צ'יפס קטשופ תלמה 50 ג',יוניליוור ישראל מזון בעמ,IL,כיפלי קטשופ בדצ,,50.00,100 גרם,false,1,7.90,15.80,true,1,11395
7290000116884,false,"רוטב ברביקיו קנור 300 גרם בד""צ",יוניליוור ישראל מזון בע\,IL,רוטב ברביקיו קנור,,0.00,,false,1,14.50,0.00,true,1,16212
7290000117720,false,נמס בכוס פטריות קנור 21.5 גרם מארז זוגי,יוניליוור ישראל מזון בע\,IL,קנור נמס בכוס פטריות,,43.00,100 גרם,false,1,9.00,20.93,true,1,401
7290000134826,false,זעתר מעורב בקופ' 100 גר' טעם וריח,"תבליני טעם וריח בע""מ",IL,מיכל זעתר 100 גר,,0.00,,false,1,9.50,0.00,true,1,393
7290000135045,false,"XL TEN משקה אנרגיה פתוח ללא סוכר 250 מ""ל","טמפו משקאות בע""\מ",IL,משקה אנרגיה XL תפוח,,250.00,"100 מ""ל",false,1,8.90,3.44,true,1,12576
7290000135052,false,"XL TEN משקה אנרגיה מנגו ללא סוכר 250 מ""ל","טמפו משקאות בע""\מ",IL,משקה אנרגיה XL מנגו,,250.00,"100 מ""ל",false,1,8.90,3.44,true,1,12577
7290000135113,false,משקה אנרגיה XL TEN ללא סוכר בטעם נענע ליים,"טמפו משקאות בע""\מ",IL,XL נענע ליים 250,,250.00,"100 מ""ל",false,1,8.90,3.44,true,1,13951
7290000135151,false,"טמפו סודה למון ליים בקבוק 250 מ""ל",טמפו משקאות בעמ,IL,סודה נגיעות לימון,,275.00,"100 מ""ל",false,1,6.90,2.40,true,1,13952
7290000135168,false,"פפסי מקס ליים פחית צרה מארז שישייה 330 מ""ל","טמפו משקאות בע""מ",AL,פפסי מקס ליים 330*6,,1.98,1 ליטר,false,1,26.90,12.68,false,1,14597
7290000135175,false,פפסי מקס ליים -משקה קולה מוגז גל קלוריות,אלפא \n S.A,AL,פפסי מקס לימון פחית,,330.00,"100 מ""ל",false,1,6.90,2.00,true,1,13953
7290000135182,false,"סבן אפ דיאט פחית צרה שישיה * 330 מ""ל","טמפו משקאות בע""מ",IL,סבן אפ דיאט 330*6,,0.00,,false,1,26.90,0.00,true,1,16610
7290000135342,false,"מי סודה טמפו בקבוק 500 מ""ל","טמפו משקאות בע""\מ",IL,סודה 500 מל בקבוק,,0.00,,false,1,6.90,0.00,true,1,17654
7290000135625,false,"רביעיית פחיות בירה גולדסטאר 500 מ""ל","טמפו משקות בע""\מ",IL,גולדסטאר פחית 500 4י,,500.00,"100 מ""ל",false,1,35.90,6.94,true,1,15627
7290000135632,false,"רביעיית פחיות בירה גולדסטאר לא מסונן 500 מ""ל","טמפו משקאות בע""\מ",IL,גולדסטאר UF פחית 4יח,,500.00,"100 מ""ל",false,1,35.90,6.94,true,1,15628
7290000135663,false,"פפסי מקס דובדבן פחית צרה מארז שישייה 330 מ""ל",טמפו משקאות בע''מ,IL,פפסי מ.דובדבן 330*6,,0.00,,false,1,26.90,0.00,true,1,17655
7290000135694,false,מירנדה פטל לימון מיק,טמפו,IL,מירנדה פטל לימון,,500.00,"100 מ""ל",false,1,8.90,1.72,true,1,15623
7290000135793,false,פפסי מקס ליים בקבוק,טמפו,IL,פפסי מקס ליים 500,,500.00,"100 מ""ל",false,1,6.90,1.32,true,1,15181
7290000136158,false,פפסי מקס משקה מוגז דל קלוריות בטעם קולה,"טמפו משקאות בע""\מ",IL,פפסי מקס 1.5 ל פ,,0.00,,false,1,12.90,0.00,true,1,16611
7290000136240,false,סודה 1.5 ליטר שישייה בודד,"טמפו משקאות בע""\מ",IL,סודה טמפו 1.5 ל פ,,0.00,,false,1,8.90,0.00,true,1,16613
7290000136639,false,"ערק נח 12 לימונים 200 מ""ל",Unknown,,ערק נח 12 לימונים,,0.00,,false,1,39.90,0.00,false,1,16614
7290000136646,false,בירה נשר מאלט ללא אלכוהול 1.5 ליטר,"טמפו משקאות בע""\מ",IL,נשר מאלט 1.5 ל פ,,0.00,,false,1,12.60,0.00,true,1,16615
7290000136806,false,מארז סודה רביעייה לימון ליים 1.5 ל' טמפו,טמפו משקאות בעמ,IL,סודה למון ליים 1.5*4,,0.00,,false,1,19.90,0.00,true,1,17656
7290000136813,false,סודה בטעם אננס מארז רביעייה 1.5 ל' טמפו,טמפו משקאות בע''מn\,IL,סודה אננס 1.5*4,,0.00,,false,1,19.90,0.00,true,1,17657
7290000136837,false,רביעיית מי סודה נגיעות אפרסק טמפו 1.5 ליטר,טמפו משקאות בע''מn\,IL,סודה נ.אפרסק 1.5*4,,0.00,,false,1,19.90,0.00,true,1,17658
7290000136882,false,"ערק נח 12 200 מ""ל",Unknown,,ערק נח 12 200 מל,,0.00,,false,1,39.90,0.00,false,1,16616
7290000137513,false,גלידונית גלידה וניל בציפוי שוקולד 60 יח' קרמיסימו,"גלידת שטראוס בע""\מ, רחוב",IL,גלידונית וניל 60יח,,700.00,100 גרם,false,1,50.00,7.14,true,1,5338
7290000137643,false,שלגוני טעמקור בטעם שוקו וניל שטראוס 8*50 גרם,"גלידת שטראוס בע""\מ, רחוב",IL,מאגדת טעמקור,,0.00,,false,1,40.00,0.00,true,1,16460
7290000143200,false,"מרכך הוואי לשיער יבש 700 מ""ל",שוורצקוף& הנקל דיסלד,IL,הוואי מרכך לשיער יבש,,0.00,,false,1,12.00,0.00,true,1,16293
7290000143217,false,"שמפו הוואי לשיער יבש 700 מ""ל",שוורצקוף& הנקל דיסלד,IL,הוואי שמפו לשיער יבש,,0.00,,false,1,12.00,0.00,true,1,16294
7290000144474,false,שמן עץ הזית קנולה 1 ליטר בריאות מהטבע,שמן תעשיות בעמ,EE,שמן בריאות קנולה,,1.00,1 ליטר,false,1,18.00,18.00,true,1,13596
7290000148380,false,פיסטוקים קלוים קליית גת 200 גרם,"ג'י אנד ג'י בע""מ",IL,פיסטוק שקית 200 גרם,,200.00,100 גרם,false,1,23.90,11.95,true,1,300
7290000148489,false,"קליית גת גרעיני דלעת קלויים,200 גרם","ג'י אנד ג'י בע""מ",IL,גרעיני דלעת שקית 200,,200.00,100 גרם,false,1,13.90,6.95,true,1,301
7290000148748,false,קליית גת גרעיני חמניה קלויים ומומלחים200,"ג'י אנד ג'י בע""מ",IL,גרעיני חמניה שקית200,,200.00,100 גרם,false,1,9.00,4.50,true,1,303
7290000161631,false,ח.קליק אין אאוט במילוי נוגט,יוניליוור ישראל מזון בע\,IL,קליק IN נוגט 38 גר,,38.00,100 גרם,false,1,7.50,19.74,true,1,1242
7290000161648,false,חטיף קליק אין אאוט במילו קרם,יוניליוור ישראל מזון בע\,IL,קליק IN חלב 38 גר,,38.00,100 גרם,false,1,7.50,19.74,true,1,1244
7290000170053,false,"שוקולד פרה חלב 100 גרם בד""צ לל""ג","שטראוס גרופ בע""\מ.",IL,פרה שוקולד חלב 100,,100.00,100 גרם,false,1,9.00,9.00,true,1,161
7290000170077,false,פרה שוקולד מריר 100 גרם,"שטראוס גרופ בע""\מ.",IL,פרה שוקולד מריר 100ג,,100.00,100 גרם,false,1,9.00,9.00,true,1,162
7290000174099,false,בפלות ופלים בטעם שוקולד 500 גרם,"שטראוס גרופ בע""מ",IL,עלית ופל שוקולד 500ג,,500.00,100 גרם,false,1,16.90,3.38,true,1,418
7290000174723,false,שוקולית אבקה להכנת משקה שוקו 500 גרם,הנסיך- מפעל לייצור ט,IL,שוקולית 500 גר,,500.00,100 גרם,false,1,16.00,3.20,true,1,435
7290000176062,false,קפה טורקי בשקית 100 ג' עלית,שטראוס קפה בי.ויn\.,IL,ELIT,,100.00,100 גרם,false,1,10.90,10.90,true,1,436
7290000176420,false,קפה נמס פחית עלית 200 גרם,שטראוס קפה בי.וי,IL,עלית קפה נמס 200,,200.00,100 גרם,false,1,28.00,14.00,true,1,409
7290000178103,false,מאגדת רביעיית שוקולד חלב פרה 100X4 גרם,"שטראוס גרופ בע""מ.",IL,רביעיה שוקולד חלב,,400.00,100 גרם,false,1,25.00,6.25,true,1,9934
7290000178134,false,שוקולד פרה מריר 100 גרם מארז רביעייה,"שטראוס גרופ בע""מ",IL,מאגדת שוקולד מריר*4,,400.00,100 גרם,false,1,25.00,6.25,true,1,6105
7290000178707,false,תפוצ'יפס בטעם טבעי 50 גרם,"שטראוס פריטו ליי בע""\מ )",IL,תפוציפס טבעי 50 גר,,50.00,100 גרם,false,1,5.90,11.80,true,1,226
7290000178721,false,תפוצ'יפס בטעם טבעי 200 גרם,"שטראוס פריטו ליי בע""\מ )",IL,תפוציפס טבעי 200 גר,,200.00,100 גרם,false,1,15.00,7.50,true,1,7068
7290000181103,false,ביסקויט עד חצות חלב200גר,STRAUSS-ISRAEL,IL,עד חצות ביסקוויט 200,,200.00,100 גרם,false,1,17.90,8.95,true,1,419
7290000187860,false,מגבוני טואלט לחים לילי דיספנסר 40יח',עלבד משואות יצחק בעמ,IL,לילי נייר טואלט לח,,56.00,יחידה,false,1,8.50,0.15,true,1,8676
7290000187938,false,"נייר טואלט ""לילי"" פסטל 32 גלילים",לילי נייר טואלט חוגלה,IL,לילי נ.ט פסטל 32גליל,,588.00,100 מטר,false,1,46.00,7.82,true,1,13608
7290000188355,false,מגבות מטבח ניקול לבנה שישייה,קימברלי-קלארק,IL,ניקול מגבת 1/6,,64.80,1 מטר,false,1,13.00,0.20,true,1,7744
7290000189536,false,אשפתון שרוך מתכלה 52/65 ניקול 40 יח',אשפלסט,TR,ניקול שקיות אשפה,,40.00,יחידה,false,1,24.90,0.62,true,1,7800
7290000191539,false,חמישיית ממחטות טישו צבועני לילי 100 יחידות,חוגלה קימברלי,IL,לילי צבעוני טישו 4+1,,0.00,,false,1,17.90,0.00,true,1,16166
7290000191546,false,ממחטות טישו צבעוני 2 שכבות לילי מארז 100X3יח',חוגלה קימברלי,IL,לילי צבעוני טישו 3יח,,420.00,100 גרם,false,1,13.00,3.10,true,1,1140
7290000191652,false,שלישיית ממחטות אולטרה סופט קלינקס 90 יחידות,חוגלה קימברלי,IL,מגבוני טישו קליניקס,,270.00,יחידה,false,1,14.50,0.05,true,1,8784
7290000195537,false,מגבונים לחים לעור רגיש ללא בישום האגיס 4*64 יחידות,חוגלה קימברלי,IL,האגיס מגבונים רביעיה,,256.00,יחידה,false,1,26.00,0.10,true,1,7729
7290000208329,false,גרעיני תירס מתוק 550 גרם יכין,"זנלכל בע""\מ",IL,תירס יכין,,550.00,100 גרם,false,1,7.00,1.27,true,1,13614
7290000209951,false,רוטב עגבניות לפיצה 260 גרם יכין,"זנלכל בע""\מ",IL,רוטב פיצה יכין,,240.00,100 גרם,false,1,6.00,2.50,true,1,7158
7290000211442,false,"אורז פרסי קלאסי סוגת 1 ק""ג",האי נאם סי או אל.טי.,IL,אורז פרסי 1 קג,,1.00,"1 ק""ג",false,1,13.90,13.90,true,1,533
7290000211503,false,סוכר לבן ארוז בשקית,"סוגת תעשיות בע""\מ",IL,סוכר סוגת 1 קג-שקית,,1.00,"1 ק""ג",false,1,6.00,6.00,true,1,396
7290000238029,false,"בצק עלים צרפתי מרודד מעדנות 1 ק""ג",מיוצר עי קונדיטוריית,IL,מעדנות בצק עלים 1קג,,1.00,"1 ק""ג",false,1,29.00,29.00,true,1,1079
7290000238036,false,מלאווח בקופסא מעדנות 700 גרם,מיוצר עי קונדיטוריית,IL,מעדנות מלוואח 700גר,,700.00,100 גרם,false,1,21.90,3.13,true,1,1080
7290000238173,false,בורקס גבינה מעדנות 800 גרם,מיוצר עי קונדיטוריית,IL,מעדנות בורקס גבינ800,,800.00,100 גרם,false,1,27.90,3.49,true,1,1077
7290000238180,false,בורקס תפוחי אדמה מעדנות 800 גרם,מיוצר עי קונדיטוריית,IL,מעדנות בורקס תפוא800,,800.00,100 גרם,false,1,24.90,3.11,true,1,1078
7290000243177,false,שמן זך שמן סויה 920,Unknown,,שמן סויה מזוכך,,920.00,"100 מ""ל",false,1,9.50,1.03,false,1,12089
7290000260853,false,ספרינג משקה מנגו 1.5 ל',יפאורה שותפות מובגלת לשיווק,IL,ספרינג מנגו 1.5 ל,,1.50,1 ליטר,false,1,11.90,7.93,true,1,970
7290000266107,false,כריך בלחמניה סלט טונה220,עינת תעשיות מזון,IL,כריך טונה,,0.00,,false,1,18.00,0.00,true,1,8574
7290000266206,false,כריך בלחמניה טוניסאי 260,עינת תעשיות מזון,IL,עינת טוניסאי שמינייה,,260.00,100 גרם,false,1,18.00,6.92,true,1,5170
7290000284316,false,קוקה -קולה בקבוק 1.5 ליטר,החברה המרכזית לייצור משקאות,IL,קוקה קולה 1.5 ליטר,,1.50,1 ליטר,false,1,11.00,7.33,true,1,93
7290000284361,false,קולה דיאט בקבוק 1.5 ל',החברה המרכזית לייצור משקאות,IL,קוקה קולה דיאט 1.5 ל,,1.50,1 ליטר,false,1,11.00,7.33,true,1,96
7290000285849,false,שוופס מי סודה 1.5 ליטר,יפאורה שותפות מובגלת לשיווק,IL,שוופס סודה 1.5 ליטר,,1.50,1 ליטר,false,1,8.00,5.33,true,1,1061
7290000286549,false,מטליות לניקוי כללי סנו סושי 9 יחידות,נועם אורים תעשיות בע,IL,מטליות לכל 9 יח,,0.00,,false,1,14.80,0.00,false,1,16161
7290000286761,false,ניילון נצמד סנו סושי פלסטיק מארז 30X2 מ',מיוצר עי קונדיטוריית,CN,סנו סושי פלסטיק נצמד,,0.00,,false,1,14.80,0.00,true,1,16172
7290000288413,false,סנו-די דוחה יתושים כדורי סנו 50 גרם,גוד פוד פרודקטס S.p,IL,סנו די - רולאון,,50.00,"100 מ""ל",false,1,22.90,45.80,true,1,535
7290000302027,false,סיגריות טיים אדום פא,"דובק בע""מ",IL,פאקט טיים RED,,0.00,,false,1,300.00,0.00,false,1,649
7290000302041,false,פאקט טיים ארוך אדום,"דובק בע""מ",IL,פאקט טיים RED 100,,0.00,,false,1,300.00,0.00,false,1,650
7290000302065,false,ברודווי 80 פאקט,"דובק בע""מ",IL,ברודווי 80,,0.00,,false,1,300.00,0.00,false,1,16750
7290000302089,false,ברודווי ארוך פאקט,"דובק בע""מ",IL,ברודווי 100,,0.00,,false,1,300.00,0.00,false,1,16751
7290000302102,false,מונטנה פילטר עשירייה,"דובק בע""מ",IL,מונטנה פילטר,,0.00,,false,1,310.00,0.00,false,1,16752
7290000302126,false,אירופה פקט סיגריות,"דובק בע""מ",IL,אירופה פאקט,,0.00,,false,1,300.00,0.00,false,1,14029
7290000302188,false,סגריות אירופה פאקט,"דובק בע""מ",IL,שרתון,,0.00,,false,1,300.00,0.00,false,1,16753
7290000302201,false,נלסון פאקט,"דובק בע""מ",IL,נלסון,,0.00,,false,1,300.00,0.00,false,1,16754
7290000302225,false,נובלס ורג'יניה פילטר,"דובק בע""מ",IL,פאקט נובלס פילטר,,0.00,,false,1,300.00,0.00,false,1,654
7290000302287,false,גולף פקט,"דובק בע""מ",IL,גולף,,0.00,,false,1,310.00,0.00,false,1,16755
7290000302294,false,גולף גולד ארוך סופט פאקט,"דובק בע""מ",IL,פאקט גולף 100 GOLD,,0.00,,false,1,310.00,0.00,false,1,843
7290000302300,false,פאקט נובלס בלנד,"דובק בע""מ",IL,פאקט נובלס בלנד,,0.00,,false,1,300.00,0.00,false,1,655
7290000302409,false,טיים בלו פאקט,"דובק בע""מ",IL,פאקט טיים BLUE,,0.00,,false,1,300.00,0.00,false,1,651
7290000302515,false,מוסטאנג רד עשירייה,"דובק בע""מ",IL,מוסטנג רד,,0.00,,false,1,260.00,0.00,false,1,16756
7290000302621,false,טיים בלו ארוך פאקט,"דובק בע""מ",IL,פאקט טיים BLUE 100,,0.00,,false,1,300.00,0.00,false,1,652
7290000302805,false,פאקט גולף סופר סלימס,"דובק בע""מ",,גולף סופר סלימס,,0.00,,false,1,310.00,0.00,false,1,16757
7290000302874,false,גולף סופר סלימס מנטול פק,"דובק בע""מ",,גולף סלימס מנטול,,0.00,,false,1,310.00,0.00,false,1,16758
7290000302881,false,סיגריות גולף גולד אר,"דובק בע""מ",,גולף גולד 100 פ.ע,,0.00,,false,1,310.00,0.00,false,1,16759
7290000302898,false,גולף סילבר 100 פ.ע עשירייה,"דובק בע""מ",,גולף סילבר 100 פ.ע,,0.00,,false,1,310.00,0.00,false,1,16760
7290000313160,false,זהבה ושלושת הדובים עוגיות בטעם שוקולד אסם 350 גרם,"הגביע מוצרי וופלים בע""\מ",IL,עוגיות זהבה ו3הדובים,,0.00,,false,1,10.50,0.00,true,1,16210
7290000327020,false,"שישיית פפסי פחית צרה *330 מ""ל","מודרן גרופ משקאות בע""\מ",IL,פפסי פחית 330*6 כשלפ,,0.00,,false,1,26.90,0.00,true,1,16772
7290000327037,false,"שישיית מירינדה פחית צרה *330 מ""ל",מודרן גרופ משקאות בע,IL,מירנדה 330*6 כשלפ,,0.00,,false,1,26.90,0.00,true,1,16773
7290000327044,false,"שישיית סבן אפ פחית צרה *330 מ""ל","מודרן גרופ משקאות בע""\מ",IL,סבן אפ 330*6 כשלפ,,0.00,,false,1,26.90,0.00,true,1,16774
7290000327051,false,שישיית מי סודה בטעם אננס טמפו 0.5 ליטר,"טמפו משקאות בע""\מ",IL,סודה אננס 500*6,,0.00,,false,1,18.90,0.00,true,1,16775
7290000327075,false,שישיית מי סודה בטעם למון ליים טמפו 0.5 ליטר,"טמפו משקאות בע""\מ",IL,סודה לימון 500*6,,0.00,,false,1,18.90,0.00,true,1,16776
7290000327112,false,סודה בטעם אננס 500 מל בקבוק,Unknown,IL,סודה אננס 500 מל,,0.00,,false,1,7.90,0.00,true,1,16777
7290000327129,false,סודה בטעם למון ליים 500 מל בקבוק,Unknown,IL,סודה לימון 500 מל,,0.00,,false,1,7.90,0.00,true,1,16778
7290000334684,false,תפוגן טבעות בצל 700 גרם,"תעשיות תפוגן בע""\מ",IL,תפוגן טבעות בצל,,0.00,,false,1,21.00,0.00,true,1,16159
7290000334745,false,"אמריקאן צ'יפס תפוגן 1.5 ק""ג","תעשיות תפוגן בע""מ",IL,אמריקן ציפס תפוגן,,0.00,,false,1,25.00,0.00,false,1,16301
7290000345260,false,תה קלאסיק מעטפות ויסוצקי 25 יחידות,מולינו ניקולי s.p.a,IL,תה ויסוצקי קלאסי 25י,,38.00,100 גרם,false,1,9.00,23.68,true,1,538
7290000347738,false,תה ירוק נענע ויסוצקי 25 יחידות,תה ויסוצקי,IL,ויסוצקי תה ירוק+נענע,,38.00,100 גרם,false,1,31.90,83.95,true,1,541
7290000347752,false,תה ירוק לימונית ולואיזה 25 שקיקים *1.5 ג'' ויסוצקי,תה ויסוצקי,IL,ויסוצקי ירוק לימונית,,38.00,100 גרם,false,1,31.90,83.95,true,1,8637
7290000363363,false,קבנוס נקניק מעושן יבש 160 גרם,הנסיך- מפעל לייצור ט,IL,ט.צבי קבנוס 160 ג,,160.00,100 גרם,false,1,19.50,12.19,true,1,454
7290000364261,false,"דקניקים, סלסולי פסטרמה כתף בקר מעושנת 120 גרם",הנסיך- מפעל לייצור ט,IL,ט.צבי סלסולי כתף בקר,,120.00,100 גרם,false,1,19.00,15.83,true,1,11408
7290000364285,false,דקניקים סלסולי פסטרמה הודו טירת צבי 120 גרם,הנסיך- מפעל לייצור ט,IL,ט.צבי סלסולי פס.הודו,,120.00,100 גרם,false,1,19.00,15.83,true,1,8847
7290000364292,false,דקניקים סלסולי פסטרמה הודו על גחלים 1% טירת צבי 120 גרם,הנסיך- מפעל לייצור ט,IL,ט.צבי סלסולי פ. גחלי,,120.00,100 גרם,false,1,19.00,15.83,true,1,8848
7290000364858,false,"נקניקיות עוף טרי טירת צבי 1 ק""ג",הנסיך- מפעל לייצור ט,IL,ט.צבי נקנקיות 1 קג,,1.00,"1 ק""ג",false,1,35.90,35.90,true,1,1074
7290000364872,false,נקניקיות עוף טירת צבי 400 גרם,טיב טירת צבי 2000,IL,ט.צבי נקנקיות עוף400,,400.00,100 גרם,false,1,17.00,4.25,true,1,1073
7290000367590,false,פסטרמה כפרית וסלמי פריזר כפרי טירת צבי 2*400 גרם,טיב טירת צבי 2000,IL,ט.צבי צמד כפרי 800גר,,800.00,100 גרם,false,1,42.00,5.25,true,1,11389
7290000377209,false,בוטן מטוגן קליית גת 200 גרם,"ג'י אנד ג'י בע""מ",IL,בוטן מטוגן 200 גר,,200.00,100 גרם,false,1,11.90,5.95,true,1,307
7290000377445,false,נש צ'אנס קליית גת 200 גרם,"ג'י אנד ג'י בע""מ",IL,נאש צאנס שקית 200 ג,,200.00,100 גרם,false,1,11.00,5.50,true,1,308
7290000377452,false,גרעיני אבטיח קליית גת 200 גרם,הדקלאים אגודת שיתופי,IL,גרעיני אבטיח שקית 20,,200.00,100 גרם,false,1,18.00,9.00,true,1,309
7290000377612,false,מיץ תפוזים סחוט טבעי פריגת 400 מל,גת גבעת חיים,IL,פריגת סחוט תפוז 400,,400.00,"100 מ""ל",false,1,12.90,3.15,true,1,110
7290000408316,false,יוגורט דנונה דל לקטוז 200 גרם,מיוצר עי קונדיטוריית,IL,דנונה ביו טבעי 200גר,,200.00,"100 מ""ל",false,1,3.90,1.95,true,1,366
7290000408354,false,יוגורט עם אורז מצופה שוקולד קקאו 175 ג' דנונה,"שטראוס בריאות בע""\מ",IL,דנונה בר פיצפוצים180,,175.00,"100 מ""ל",false,1,6.20,3.54,true,1,367
7290000416021,false,ממרח בטעם שוקולד השחר חלבי 500,השחר העולה,IL,השחר מ.שוקולד,,500.00,100 גרם,false,1,16.00,3.20,true,1,617
7290000420325,false,"פופסטאר פופקורן למקירוגל בטעם טבעי 5 שקיות,500 גרם",פרסטון פארמס,US,פופ סטאר טבעי,,0.00,,false,1,14.90,0.00,true,1,16527
7290000420332,false,פופסטאר פופקורן למיקרוגל בטעם חמאה 5 יחידות 500 גרם,פרסטון פארמס,US,פופ סטאר חמאה,,0.00,,false,1,14.90,0.00,true,1,16528
7290000430102,false,קוביות קרח בשקית מיסטר אייס 2 קילו,"אייס (קיובס) בע""מ -",IL,שקית קרח 2 קג,,2.00,"1 ק""ג",false,1,12.90,6.45,true,1,498
7290000433974,false,פפסי מקס משקה מוגז דל קלוריות בטעם קולה,"טמפו משקאות בע""מ",IL,פפסי מקס 1.5 ל,,1.50,1 ליטר,false,1,10.00,6.67,true,1,1235
7290000450209,false,פוסידון טונה בהירה בשמן 77 גרם,"מיוצר עי וליגר בעמ,",IL,טונה פוסידון,,108.00,100 גרם,false,1,6.90,6.39,false,1,12069
7290000461625,false,בייגלה שמיניות מלח בייגל בייגל 400 ג',בייגל את בייגל מזון 198),IL,ביגלה שמונה 400 גרם,,400.00,100 גרם,false,1,14.00,3.50,true,1,421
7290000461656,false,בייגלה מקלות מלוחים בייגל בייגל 400 גרם,בייגל את בייגל מזון 198),IL,בייגלה מקלות 400,,400.00,100 גרם,false,1,14.00,3.50,true,1,6050
7290000474014,false,חלב מפוסטר 1% שקית 1 ל',Unknown,IL,טרה חלב בשקית 1%,,1.00,1 ליטר,false,1,5.04,5.04,false,1,7423
7290000474021,false,חלב 3% טרה שקית 1 ל' מהדרין,קריות זול,IL,טרה חלב בשקית 3% 1ל,,1.00,1 ליטר,false,1,5.43,5.43,false,1,346
7290000474076,false,"חלב קרטון 3%-1 ליטר ""טרה""-מוצר בפיקוח",הפריט בפיקוח,IL,טרה חלב3% קרטון בדצ1,,1.00,1 ליטר,false,1,6.23,6.23,false,1,347
7290000474090,false,"חלב בקרטון 1%- 1 ליטר בד""צ - מוצר בפיקוח",מילקו תעשיות בעמ,IL,טרה חלב קרטון1% בדצ1,,1.00,1 ליטר,false,1,5.86,5.86,false,1,348
7290000474373,false,"שמנת חמוצה 15% שומן 200 מ""ל טרה",קריות זול,IL,שמנת חמוצה,,232.00,100 גרם,false,1,2.40,1.03,true,1,13610
7290000474502,false,גבינה לבנה טרה 5% מרכיבים טבעיים,הפריט בפיקוח,IL,טרה גבינה לבנה 5%,,250.00,100 גרם,false,1,4.98,1.99,false,1,11400
7290000474830,false,נעם גבינה צהובה מגורדת 28% טרה 500 גרם,מילקו תעשיות בעמ,IL,גבינה צהובה מגורדת,,0.00,,false,1,35.00,0.00,true,1,16217
7290000480442,false,קוואקר שיבולת שועל בשקית 500 גרם,פריטו ליי FRITO-LAY,IL,קוואקר 500 גר (שקית,,0.00,,false,1,15.90,0.00,true,1,16160
7290000484747,false,"ארק איילות 40% 700 מ""ל",יקב הגליל יוסף גולד ובניו,IL,עלית הארק,,700.00,"100 מ""ל",false,1,80.00,11.39,true,1,14068
7290000497112,false,"לחם כהה פרוס וארוז ""ברמן""-מוצר בפיקוח",מאפית י את א ברמן בע,IL,ברמן לחם אחיד פרוס,,750.00,100 גרם,false,1,7.11,0.95,false,1,832
7290000497136,false,חלה פרוסה 500גר ארוז231*,"י.את.א.ברמן בע""\מ",IL,ברמן חלה פרוסה,,0.00,,false,1,10.50,0.00,true,1,16152
7290000497204,false,פיתה אסלי ברמן חמישי,מאפית י את א ברמן בע,IL,פיתות בשקית - 5 יח,,500.00,100 גרם,false,1,9.00,1.80,true,1,931
7290000497228,false,לחמניה רגילה בשקית ברמן 6יח',מאפית י את א ברמן בע,IL,ברמן לחמניות 6יח 75ג,,75.00,100 גרם,false,1,14.00,18.67,true,1,835
7290000497426,false,לחם ברמן לענין פלוס 500 גרם,מאפית י את א ברמן בע,IL,ברמן לחם קל,,500.00,100 גרם,false,1,19.00,3.80,true,1,8772
7290000497532,false,"לחם מקמח מלא""לעניין"" 750 גר'",מאפית י את א ברמן בע,IL,ברמן לחם לעניין 750ג,,750.00,100 גרם,false,1,16.00,2.13,true,1,8705
7290000497570,false,לחם דגנים פלוס ברמן 500 גרם,מאפית י את א ברמן בע,IL,ברמן לחם דגני קלות,,500.00,100 גרם,false,1,19.00,3.80,true,1,834
7290000497952,false,עוגת בוקר אישית רוגלך120,"י.את.א.ברמן בע""\מ",IL,ברמן מאפה רוגלך,,120.00,100 גרם,false,1,7.50,6.25,true,1,701
7290000497969,false,עוגה אישית פרג 120 גר',"ש.א אנטקוביץ השקעות בע""\",IL,ברמן מאפה פרג,,0.00,,false,1,7.50,0.00,true,1,16827
7290000497969,false,עוגה אישית פרג 120 גר',"ש.א אנטקוביץ השקעות בע""\",IL,ברמן מאפה פרג,,120.00,100 גרם,false,1,7.50,6.25,true,1,700
7290000497976,false,עוגת בוקר אישית קקאו120ג,"י.את.א.ברמן בע""\מ",IL,ברמן מאפה קקאו,,120.00,100 גרם,false,1,7.50,6.25,true,1,697
7290000497983,false,עוגה אישית קינמון 120 גר',Unknown,,ברמן מאפה קינמון,,120.00,100 גרם,false,1,7.50,6.25,true,1,699
7290000498034,false,E-FREEלחם מקמח כוסמין מלא 750 גר',מאפית י את א ברמן בע,IL,לחם כוסמין E-FREE,,0.00,,false,1,20.50,0.00,true,1,16408
7290000498201,false,עוגה אישית שוקולד צ'יפס 120 גר',"י.את.א.ברמן בע""\מ",IL,ברמן מאפה שוק.ציפס,,120.00,100 גרם,false,1,7.50,6.25,true,1,8570
7290000504278,false,ממתיק סוכרזית אריזת פטנט 700 טבליות,אף.סי תבליני בגליל ב,IL,סוכרזית פטנט 700 טבל,,574.00,100 גרם,false,1,19.90,3.47,true,1,7718
7290000521008,false,יין אדום יבש של סגל750מל,"כרמי צבי - אחים סגל בע""\",IL,סגל יין אדום 750 מל,,750.00,100 גרם,false,1,26.00,3.43,true,1,4826
7290000523125,false,מלח הארץ הים האדום 250 ג' עדין,"חברת מלח הארץ אילת בע""\מ",IL,מלח הארץ 250 גר,,250.00,100 גרם,false,1,7.50,3.00,true,1,3952
7290000525969,false,מיץ תפוזים סחוט רכיבים טבעיים פרימור 1 ליטר,"גניר (1992) בע""מ",IL,פרימור תפוזים בקבוק1,,1.00,1 ליטר,false,1,18.00,17.70,true,1,109
7290000591728,false,מצות ראשון כשר לפסח,מצות ראשון,IL,מצות ראשלצ 1 קג,,0.00,,false,1,18.90,0.00,true,1,7157
7290000591742,false,קמח מצה לבן כשר לפסח,מצות ראשון לציון,IL,קמח מצה 500 גרם כשלפ,,0.00,,false,1,8.50,0.00,true,1,7596
7290000688077,false,"מי עדן 0.500 מ""ל פקק רגיל",מופק ממקור בזלתי עדן,IL,מי עדן 500 מל שטוח,,500.00,"100 מ""ל",false,1,7.90,1.52,true,1,118
7290000688084,false,מי עדן פקק ספורטאים500מל,"מופק ממקור בזלתי עדן ,1",IL,מי-עדן 500 פקק בודד,,0.00,,false,1,7.00,0.00,true,1,119
7290000688114,false,מים מינרלים מי עדן 1.5 ליטר,מים מינרליים,IL,מי עדן 1.5ל בודד,,1.50,1 ליטר,false,1,8.90,5.93,true,1,122
7290000688381,false,שישיית מי עדן פקק ספורט 0.5 ליטר,"מופק ממקור בזלתי עדן ,1",IL,מי עדן 500 פקק 6יח,,3.00,1 ליטר,false,1,12.90,3.70,true,1,488
7290000688503,false,"מים מינרלים פקק ספורט מי עדן 6*750 מ""ל","מופק ממקור בזלתי עדן ,1",IL,מי עדן גים 750 6יח,,4.50,1 ליטר,false,1,20.00,4.04,true,1,622
7290000688824,false,מי עדן שמינייה 1.5ל,Unknown,,מי עדן שמינייה 1.5ל,,12.00,1 ליטר,false,1,21.00,1.75,true,1,489
7290000689180,false,בליסטקס שפתון-סטיק מנטה,מדיליין פריגו,IL,בליסטיקס מנטה,,25.53,100 גרם,false,1,11.00,43.09,true,1,1110
7290000708006,false,ערכת בישול + גזייה,Unknown,,ערכת בישול + גזייה,,0.00,,false,1,139.00,0.00,false,1,15852
7290000801281,false,ערכה לגריל פזגז,Unknown,,ערכה לגריל פזגז,,0.00,,false,1,99.00,0.00,false,1,15842
7290000807033,false,ערכת חיבור לגריל כלל,Unknown,,ערכת חיבור לגריל כלל,,0.00,,false,1,99.00,0.00,false,1,15841
7290000888000,false,מצת אבן,Unknown,,מצת אבן,,0.00,,false,1,4.00,0.00,false,1,1092
7290000888001,false,מצת אלקטרוני,Unknown,,מצת אלקטרוני,,0.00,,false,1,5.00,0.00,false,1,1089
7290000888011,false,מצת קליפר,Unknown,,מצת קליפר,,0.00,,false,1,8.00,0.00,false,1,3082
7290000888012,false,מצת עגול,Unknown,,מצת עגול,,0.00,,false,1,7.00,0.00,false,1,15469
7290001045633,false,"פרימור משקה לימונים ונענע 400מ""ל",פרימור,IL,פרימור לימונענע 400,,400.00,"100 מ""ל",false,1,12.90,3.15,true,1,102
7290001045657,false,"פרימור סחוט תפוחים צלול 400 מ""ל",פרימור,IL,פרימור תפוחים 400מל,,400.00,"100 מ""ל",false,1,12.90,3.15,true,1,103
7290001045688,false,"מיץ תפוזים סחוט פרימור 400 מ""ל",פרימור,IL,פרימור תפוזים 400מל,,400.00,"100 מ""ל",false,1,12.90,3.15,true,1,104
7290001133484,false,"פילה סלמון פרימיום עד""ח 1.4-1.8 ק""ג",לאטי עזרא,IL,פילה סלמון,קילוגרמים,1.00,"ק""ג",true,1,79.90,0.00,false,1,15979
7290001176829,false,בזיליקום ארוז ליח,Unknown,,בזיליקום ארוז ליח,,0.00,,false,1,5.90,0.00,true,1,16040
7290001230234,false,סיגריות כאמל סופט חפ,גיי טי אינטרנשיונל,CH,כאמל צהוב סופט חפיסה,,0.00,,false,1,32.00,0.00,false,1,63
7290001230331,false,סיגריות כאמל בוקס חפ,Unknown,CH,כאמל צהוב בוקס,,0.00,,false,1,32.00,0.00,false,1,64
7290001230739,false,כאמל כחול חפיסה חפיסה,Unknown,CH,כאמל כחול חפיסה,,0.00,,false,1,32.00,0.00,false,1,65
7290001231136,false,ווינסטון כחול סופט חפ.,Unknown,CH,וינסטון כחול סופט,,0.00,,false,1,33.00,0.00,false,1,67
7290001231233,false,סיגריות וינסטון בוקס,Unknown,CH,וינסטון אדום חפיסה,,0.00,,false,1,34.00,0.00,false,1,68
7290001231932,false,ווינסטון כחול בוקס חפיסה,Unknown,CH,וינסטון כחול בוקס,,0.00,,false,1,34.00,0.00,false,1,69
7290001234133,false,סיגריות כאמל כתום חפ,Unknown,CH,כאמל כתום חפיסה,,0.00,,false,1,30.50,0.00,false,1,1422
7290001235938,false,וינסטון כחול ארוך חפיסה,Unknown,CH,וינסטון כחול ארוך,,0.00,,false,1,34.00,0.00,false,1,2736
7290001247723,false,"ספרינג נקטר תות בננה פחית 330 מ""ל",יפאורה תבורי בעמ,IL,ספרינג תות בננה,,330.00,"100 מ""ל",false,1,8.90,2.61,true,1,15151
7290001247730,false,"נקטר ספרינג בטעם מנגו פחית 330 מ""ל",יפאורה תבורי בעמ,IL,ספרינג מנגו פחית,,330.00,"100 מ""ל",false,1,8.90,2.61,true,1,15120
7290001247952,false,"תפוזינה משק""ל ענבים1.5ל",יפאורה שותפות מובגלת לשיווק,IL,תפוזינה ענבים 1.5ל,,0.00,,false,1,11.50,0.00,true,1,16165
7290001255301,false,מדליק פחם נוזלי,Unknown,,מדליק פחם נוזלי,,0.00,,false,1,15.00,0.00,false,1,17650
7290001274361,false,שלגון גלידל שוקו,Unknown,,שלגון גלידל שוקו,,0.00,,false,1,9.90,0.00,true,1,16590
7290001327180,false,שטראוס קרמיסימו וניל ציפ 1.33 ליטר,"גלידת שטראוס בע""\מ, רחוב",IL,קרמיסימו וניל ציפ,,1.33,1 ליטר,false,1,25.00,18.80,true,1,5339
7290001407936,false,טחינה גולמית מעודנת לחיץ בארכה 310ג',"רושדי תעשיות מזון בע""\מ",IL,בארכה טחינה מעודנת,,310.00,100 גרם,false,1,14.00,4.52,true,1,10537
7290001594025,false,"קוקה קולה זכוכית 350 מ""ל",החברה המרכזית לייצור,IL,קוקה קולה קלאסי 330,,330.00,"100 מ""ל",false,1,9.90,2.91,true,1,6054
7290001594056,false,"קוקה קולה פחית 330 מ""ל",החברה המרכזית למשקאו,,קוקה קולה פחית 330,,330.00,"100 מ""ל",false,1,8.00,2.33,true,1,81
7290001594155,false,"קוקה-קולה בבקבוק אישי 500 מ""ל",החברה המרכזית לייצור משקאות,IL,קוקה קולה בקבוק 0.5,,500.00,"100 מ""ל",false,1,9.90,1.92,true,1,84
7290001594179,false,"פאנטה אורנג' בבקבוק אישי 500 מ""ל",החברה המרכזית לייצור משקאות,IL,פאנטה בקבוק 0.5 ל,,500.00,"100 מ""ל",false,1,9.90,1.92,true,1,86
7290001594186,false,דיאט קוקה-קולה בבקבוק אישי,החברה המרכזית לייצור משקאות,IL,קולה דיאט בקבוק 0.5ל,,500.00,"100 מ""ל",false,1,9.90,1.92,true,1,87
7290001594230,false,קינלי סודה בבקבוק זכוכית,החברה המרכזית לייצור,IL,סודה קינלי 250 מל,,250.00,"100 מ""ל",false,1,6.90,2.64,true,1,89
7290001594377,false,פריגת תפוזים 0.5 ליטר חייב בפקדון,מבשלות בירה בינלאומיות ב,IL,פריגת תפוזים 0.5 ל,,500.00,"100 מ""ל",false,1,9.90,1.92,true,1,105
7290001594384,false,פריגת אשכוליות 0.5 ליטר חייב בפקדון,מבשלות בירה בינלאומיות ב,IL,פריגת אשכולית 0.5 ל,,500.00,"100 מ""ל",false,1,9.90,1.92,true,1,106
7290001594391,false,"פריגת משקה קל ענבים בבקבוק אישי 500 מ""ל",מבשלות בירה בינלאומיות ב,IL,פריגת ענבים 0.5 ל,,500.00,"100 מ""ל",false,1,9.90,1.92,true,1,107
7290001594520,false,"בירה טובורג רד בקבוק 330 מ""ל",מבשלות בירה בינלאומיות ב,IL,טובורג RED בק 330 מ,,330.00,"100 מ""ל",false,1,14.00,4.15,true,1,134
7290001594568,false,"קרלסברג פחית 500 מ""ל פקדון",מבשלות בירה בינלאומיות ב,RO,קרלסברג 500 פחית,,500.00,"100 מ""ל",false,1,17.90,3.52,true,1,137
7290001594575,false,"בירה טובורג רד פחית 500 מ""ל",מבשלות בירה בינלאומיות ב,IL,טובורג פחית 500 מל,,500.00,"100 מ""ל",false,1,15.50,3.04,true,1,132
7290001594803,false,"טובורג גרין שישייה בקבוק 330 מ""ל",קרלסברג ישראל,,טובורג גרין נצרה*6,,0.00,,false,1,54.90,0.00,true,1,497
7290001594858,false,"שישייה בירה טובורג רד בקבוק 330 מ""ל",מבשלות בירה בינלאומיות ב,IL,בירה בבקבוק טובורג*6,,1.98,1 ליטר,false,1,49.90,24.29,true,1,496
7290001594865,false,"שישייה בירה קרלסברג בקבוק 330 מ""ל",מבשלות בירה בינלאומיות ב,IL,קרלסברג 6* 330מל,,1.98,1 ליטר,false,1,49.90,24.29,true,1,495
7290001778118,false,12 ביצים טריות L,גליקסמן שיווק ביצים,,12 ביצים טריות L,,0.00,,false,1,12.05,0.00,false,1,16660
7290001778125,false,12 ביצים טריות M,Unknown,,12 ביצים טריות M,,0.00,,false,1,11.15,0.00,false,1,16661
7290001778422,false,18 ביצים טריות L,Unknown,,18 ביצים טריות L,,18.00,יחידה,false,1,18.05,1.00,false,1,14611
7290001780138,false,"קראנץ שוקולד חלב כשל""פ",תות תעשיות מזון (201,IL,קראנץ ציפוי שוקולד,,113.20,100 גרם,false,1,12.50,11.04,true,1,608
7290001780428,false,גלידיאט שלגון מצופה נסטלה 312 גרם מארז 6 יחידות,גלידות נסטלה )נגה גלידות,IL,מאגדת לייט שוקו,,312.00,100 גרם,false,1,30.90,9.90,true,1,9859
7290001780800,false,שלגון קראנץ שוקולד ליבת נוגט נסטלה 100 גרם,נסטלה גלידות,IL,קראנץ ליבת נוגט,,100.00,100 גרם,false,1,13.90,13.90,true,1,950
7290001817377,false,צ'יטוס חטיף איקס עיגול פיצה 60 גרם,"שטראוס פריטו ליי בע""\מ )",IL,ציטוס איקס עיגול 60,,60.00,100 גרם,false,1,5.90,9.83,true,1,3404
7290001817728,false,צ'יטוס אפוי כאפה בטעם קטשופ 55 גרם,"שטראוס פריטו ליי בע""\מ )",IL,ציטוס כאפה 55 גר,,55.00,100 גרם,false,1,5.90,10.73,true,1,3412
7290001975992,false,"בירה ויינשטפן 330 מ""ל בקבוק",קרלסברג יבוא יצוא,DE,ווינשטפן 330 מל,,0.00,,false,1,14.45,0.00,true,1,8936
7290001985007,false,שלגון מצופה שוקו שוקו 60יג',שטראוס,,מצופה שוקו שוק יטבתה,,70.00,100 גרם,false,1,7.90,11.29,true,1,283
7290002007852,false,"תמצית אפייה בטעמים שונים 55 מ""ל הנמל",ממתקי עלה יצור ושיוו,IL,תמצית וניל,,50.00,"100 מ""ל",false,1,5.00,10.00,true,1,12061
7290002008774,false,שומשום הנמל 200 גרם,הנמל אריזות ושיווק ב,IL,שומשום 200 גר,,200.00,100 גרם,false,1,8.90,4.45,true,1,12060
7290002019787,false,רוטב עגבניות מרוכז מאוד 260 גרם פריניר,פריניר ( הדס 1987) ב,IL,רסק עגבניות ט.טרי260,,260.00,100 גרם,false,1,4.50,1.73,true,1,12045
7290002019794,false,רוטב עגבניות מרוכז מאוד 100 גרם פריניר,פריניר ( הדס 1987) ב,IL,רסק עגבניות פריניר,,100.00,100 גרם,false,1,2.20,2.20,true,1,5750
7290002026204,false,גלידה שורטי קרם עוגי,מוצרי איכות אמריקאיי,IL,בן&גריס שורטי ק.עוג,,150.00,"100 מ""ל",false,1,11.80,7.87,true,1,6838
7290002026303,false,"דולצ'ה דה לצ'ה 150 מ""ל - שורטי",מוצרי איכות אמריקאיי,IL,שורטי קרם עוגיות,,150.00,"100 מ""ל",false,1,11.80,7.87,true,1,10482
7290002026372,false,טילון בצק עוגיות 100 גרם,מוצרי איכות אמריקאיים בע,IL,טילון בצק עוגיות,,100.00,100 גרם,false,1,10.90,10.90,true,1,12214
7290002026778,false,"גלידה בן אנד גריס קון סוויט קון 500 מ""ל",מוצרי איכות אמריקאיים בע,IL,בן&גריס קון סויט,,500.00,"100 מ""ל",false,1,31.00,6.20,true,1,10483
7290002026976,false,גלידת שוקולד מילק קו,מוצרי איכות אמריקאיי,,בן&גריס פיינט &קוקי,,420.00,"100 מ""ל",false,1,31.00,7.38,true,1,12611
7290002026983,false,"גלידת מוופוריה בטעם שוקולד עם בצק עוגיות 500 ""ל",מוצרי איכות אמריקאיים בע,IL,בן&גריס פיינט ב.עוג,,420.00,"100 מ""ל",false,1,31.00,7.38,true,1,12612
7290002043065,false,פריכיות אורז חום מלא בציפוי שוקולד מריר בלגי 70 ג',נוהלס ג'\י אס סי.,BG,אקסטרה פריכונ ש.מריר,,0.00,,false,1,9.50,0.00,false,1,16730
7290002043072,false,אקסטרה פריכיות אורז חום מלא בציפוי שוקולד חלב 70 גרם,נוהלס ג'\י אס סי.,BG,אקסטרה פריכוני ש.חלב,,0.00,,false,1,9.50,0.00,false,1,16731
7290002043096,false,פריכיות אורז חום מלא בציפוי שוקולד לבן בלגי 70 ג',נוהלס ג'\י אס סי.,BG,אקסטרה פריכוני ש.לבן,,0.00,,false,1,9.50,0.00,false,1,16732
7290002043218,false,אקסטרה צ'יפס אורז חום מלא מלח 60 גרם,נוהלס ג'\י אס סי.,BG,ציפס אורז מלח 60ג,,60.00,100 גרם,false,1,7.90,13.17,true,1,15477
7290002043782,false,אקסטרה צ'יפס אורז חום מלא טקסס ברביקיו 60 גרם,נוהלס ג'\י אס סי.,BG,ציפס אורז ברביקיו60,,60.00,100 גרם,false,1,7.90,13.17,true,1,15478
7290002057185,false,טבעות זיתים ירוקים קבוצת יבנה 560 גרם,קבוצת יבנה,IL,טבעות זיתים ירוק,,0.00,,false,1,10.90,0.00,true,1,16195
7290002107798,false,גבינה בולגרית מעודנת 5% משק צוריאל 250 גרם,מחלבת משק צוריאל,IL,צוריאל ג. בולגרית5%,,0.00,,false,1,26.90,0.00,true,1,16191
7290002132011,false,עוגיות מזרחיות מלוחות עבאדי 400 גרם,מאפיית יוסף ושמחה עבאדי,IL,עבאדי מזרחיות 400,,400.00,100 גרם,false,1,20.50,5.12,true,1,840
7290002331018,false,"נביעות מים עם פקק ספורט 500מ""ל",נביעות טבע הגליל בעמ,IL,נביעות 500 מל שטוח,,500.00,"100 מ""ל",false,1,7.90,1.52,true,1,117
7290002331025,false,"מים מינרלים נביעות ספורט 500 מ""ל פקדון",נביעות טבע הגליל בעמ,IL,נביעות ספורט 500מל,,0.00,,false,1,7.90,0.00,true,1,16197
7290002331094,false,"מים מינרליים GO TO נביעות 755 מ""ל",נביעות טבע הגליל בעמ,IL,נביעות 755 מל,,755.00,"100 מ""ל",false,1,20.30,2.65,true,1,561
7290002331117,false,נביעות+טעם ענבים 1.5ליטר,"נביעות טבע הגליל בע""\מ",IL,נביעות פלוס ענבים1.5,,1.50,1 ליטר,false,1,11.90,7.93,true,1,2463
7290002331124,false,נביעות+ מים מינרליים בטעם תפוח,נביעות טבע הגליל בעמ,IL,נביעות תפוח עדין 0.5,,500.00,"100 מ""ל",false,1,9.90,1.92,true,1,1367
7290002331148,false,נביעות+טעם תפוח 1.5 ליטר,נביעות טבע הגליל בעמ,IL,נביעות פלוס תפוח 1.5,,1.50,1 ליטר,false,1,11.90,7.93,true,1,1653
7290002331155,false,מים נביעות בטעם אפרסק 0.5 ליטר,נביעות טבע הגליל בעמ,IL,נביעות אפרסק 0.5 ל,,500.00,"100 מ""ל",false,1,9.90,1.92,true,1,1366
7290002331162,false,נביעות מים מינרלים 1.5ל',נביעות,,נביעות 1.5 ל בודד,,1.50,1 ליטר,false,1,8.90,5.93,true,1,121
7290002331179,false,נביעות+טעם אפרסק 1.5ליטר,"נביעות טבע הגליל בע""\מ ,",IL,נביעות פלוס אפרסק1.5,,1.50,1 ליטר,false,1,11.90,7.93,true,1,1654
7290002331315,false,נביעות 1.5ל שמינייה,Unknown,,נביעות 1.5ל שמינייה,,12.00,1 ליטר,false,1,21.00,1.75,true,1,581
7290002331360,false,"נביעות מים מינרליים טו גו מארז 500X6מ""ל",נביעות טבע,IL,שישיית נביעות ספורט,,3.00,1 ליטר,false,1,16.00,4.73,true,1,486
7290002331421,false,"שישיית מים מינרליים GO TO נביעות 755 מ""ל",נביעות טבע הגליל בעמ,IL,נביעות 755 מל שישייה,,4.53,1 ליטר,false,1,18.00,3.58,true,1,702
7290002331490,false,מים מינרליים נביעות 1 ליטר,נביעות טבע הגליל בעמ,IL,נביעות 1 ליטר,,1.00,1 ליטר,false,1,7.90,7.60,true,1,9332
7290002331711,false,נביעות+מים מינרליים בטעם ענבים,נביעות טבע הגליל בעמ,IL,נביעות ענבים 0.5ל,,500.00,"100 מ""ל",false,1,9.90,1.92,true,1,2462
7290002371533,false,דקניקים סלסולי פסטרמה דבש טירת צבי 120 גרם,הנסיך- מפעל לייצור ט,IL,פסטרמה בדבש פרוס דק,,0.00,,false,1,19.00,0.00,true,1,16277
7290002371540,false,דקניקים קורנדביף ללא גלוטן טירת צבי 120 גרם,הנסיך- מפעל לייצור ט,IL,קורנביף 120 גר,,0.00,,false,1,19.00,0.00,true,1,16300
7290002374268,false,שמן חמניות מילומור 1 ליטר,שמן תעשיות,IL,שמן חמניות מילומור,,0.00,,false,1,12.90,0.00,true,1,16733
7290002374312,false,"שמן קנולה מילומור 1 ל' עד""ח",שמן תעשיות,IL,מילומור שמן קנולה,,1.00,1 ליטר,false,1,12.50,12.50,true,1,6762
7290002502043,false,בונז'ור לחמניה כריך,בונז'ור,,לחמניה לבנה,,120.00,100 גרם,false,1,2.50,2.08,true,1,8708
7290002502067,false,בונג'ור חלה קלועה 560 גרם,בונז'ור,,חלה קלועה בונזור,,0.00,,false,1,12.90,0.00,false,1,16248
7290002502166,false,בונז'ור חצי באגט 60*,בונז'ור,,בונזור- חצי באגט,,0.00,,false,1,4.50,0.00,true,1,8680
7290002502296,false,בונז'ור לחמניה קלועה קנוי 100 ג',בונז'ור,,לחמניה קלועה,,0.00,,false,1,2.90,0.00,true,1,16173
7290002542506,false,"בקבוק בירה קורונה 355 מ""ל",קריניציה ויטמינה אס,MX,קורונה אקסטרא בירה,,355.00,"100 מ""ל",false,1,17.00,4.70,true,1,5023
7290002542773,false,"בירה סטלה ארטואה בקבוק 330 מ""ל","אינבב, ברוורייפליין",BE,בירה בבקבוק סטלה 330,,330.00,"100 מ""ל",false,1,17.00,5.06,true,1,15187
7290002542780,false,"שישייה בירה סטלה ארטואה בקבוק 330X6 מ""ל","אינבב, ברוורייפליין",BE,בירה בבקבוק סטלה*6,,1.98,1 ליטר,false,1,49.90,24.29,true,1,15188
7290002542797,false,"בירה לף בלונד בקבוק 330 מ""ל","אינבב, ברוורייפליין",BE,פ.בירה סטלה 440 מל,,0.00,,false,1,14.00,0.00,true,1,16737
7290002542810,false,"בירה הוגרדן בקבוק 330 מ""ל","אינבב, ברוורייפליין",BE,הוגרדן - בק 330 מל,,0.00,,false,1,14.00,0.00,true,1,16738
7290002542841,false,"שישייה בירה לף בלונד בקבוק 330X6 מ""ל","אינבב, ברוורייפליין",BE,לף בלונד 330 מל*6,,0.00,,false,1,59.90,0.00,true,1,16739
7290002542865,false,"שישייה בירה הוגרדן בקבוק 330X6 מ""ל","אינבב, ברוורייפליין",BE,הוגרדן בק 330 מל*6,,0.00,,false,1,59.90,0.00,true,1,16740
7290002551003,false,טונה בשמן בודד 160 ג' סטארקיסט,סטארקיסט Starkist,IL,סטארקיס בשמן 170ג,,160.00,100 גרם,false,1,8.50,5.31,true,1,534
7290002551010,false,טונה סטארקיסט במים 160 גרם,"סטארקיסט פודור בע""מ",TR,סטארקיסט טונה במים,,160.00,100 גרם,false,1,8.50,5.31,true,1,2280
7290002608653,false,מאפה טאבון תפוא א.ק,Unknown,,מאפה טאבון תפוא א.ק,,0.00,,false,1,12.00,0.00,true,1,13696
7290002608776,false,מאפה עלים גבינה א.ק,Unknown,,מאפה עלים גבינה א.ק,,0.00,,false,1,12.00,0.00,true,1,15128
7290002608806,false,מ.עלים שוקו מ.א א.ק,Unknown,,מ.עלים שוקו מ.א א.ק,,0.00,,false,1,12.00,0.00,true,1,15129
7290002608837,false,מקל ריקוטה א.ק,Unknown,,מקל ריקוטה א.ק,,0.00,,false,1,12.00,0.00,true,1,15130
7290002608868,false,מאפה תפוחים א.ק,Unknown,,מאפה תפוחים א.ק,,0.00,,false,1,12.00,0.00,true,1,15131
7290002663522,false,תפוזינה משקה קל תפוז1.5ל,יפאורה שותפות מובגלת לשיווק,IL,תפוזינה תפוזים 1.5ל,,0.00,,false,1,11.50,0.00,true,1,16164
7290002710004,false,ביצים אורגניות מן הטבע 12 יחידות,מן הטבע בארותיים,IL,ביצי חופש אורגניות L,,12.00,יחידה,false,1,25.00,2.08,true,1,15557
7290002710110,false,ביצי חופש לארג' 12 יחידות,מן הטבע בארותיים,IL,ביצים 12 יח L,,12.00,יחידה,false,1,18.90,1.57,true,1,12221
7290002730675,false,"קולגייט משחת שיניים אדומה משפחתי 100 מ""ל",קולגייט-פלמוליב,PL,קולגייט משחת שיניים,,100.00,"100 מ""ל",false,1,16.50,16.50,true,1,476
7290002730811,false,"משחת שיניים ג'ל פסים מרעננים קולגייט 100 מ""ל",הנסיך- מפעל לייצור ט,PL,קולגייט גל 3 פסים,,0.00,,false,1,18.50,0.00,true,1,15991
7290002750048,false,לחמניות רביעיות כשלפ,יושלם,,לחמניות רביעיות כשלפ,,0.00,,false,1,23.90,0.00,false,1,16742
7290002752332,false,"סוכריות מנטוס פירות בגליל, 37.5 גרם",הדקלאים אגודת שיתופי,NL,מנטוס פירות גליל,,15.50,100 גרם,false,1,5.00,32.26,true,1,143
7290002752349,false,סוכריות מנטוס מנטה 40יח' בגליל 38ג',פרפטי ואן מלה,NL,מנטוס מנטה גליל,,15.50,100 גרם,false,1,5.00,32.26,true,1,144
7290002752493,false,רביעיה סוכריות מנטה 4* 16 ג' טיק טק,פררו - אלבה,ZA,טיק טק מנטה רבעיות,,0.00,,false,1,11.90,0.00,true,1,1190
7290002753223,false,רביעייה סוכריות תפוז 4*16 ג' טיק טק,פררו - אלבה,ZA,טיק טק תפוז רביעיות,,0.00,,false,1,11.90,0.00,true,1,1191
7290002771111,false,קפה עם הל אל נחלה 250 גרם,מולינו ניקולי s.p.a,IL,נחלה קפה עם הל 250,,250.00,100 גרם,false,1,21.90,8.76,true,1,1230
7290002824466,false,יוגורט דנונה ביו לבן 0% שומן 200 גרם,"שטראוס בריאות בע""\מ",IL,דנונה ביו 0% 200 גר,,200.00,"100 מ""ל",false,1,3.90,1.95,true,1,389
7290002824640,false,"גבינת סקי 250 גרם 5% ""שטראוס"" -מוצר בפיקוח",מיוצר עי קונדיטוריית,IL,סקי גבינה 5% 250גר,,250.00,100 גרם,false,1,4.75,1.90,false,1,351
7290002868996,false,"קוטג' 5% שומן, רכיבים טבעיים, 250 גרם",קריות זול,IL,טרה קוטג מועשר 5%,,250.00,100 גרם,false,1,5.50,2.20,true,1,5903
7290002871446,false,פריגת ענבים 1.5 ליטר,מבשלות בירה בינלאומיות ב,IL,פריגת ענבים 1.5 ל,,1.50,1 ליטר,false,1,11.90,7.93,true,1,112
7290002871460,false,משקה קל תפוזים פריגת,מבשלות בירה בינלאומיות ב,IL,פריגת תפוזים 1.5 ל,,1.50,1 ליטר,false,1,11.90,7.93,true,1,113
7290002871477,false,פריגת אשכוליות 1.5 ליטר,מבשלות בירה בינלאומיות ב,IL,פריגת אשכוליות 1.5 ל,,1.50,1 ליטר,false,1,11.90,7.93,true,1,114
7290002900207,false,המבורגר אמיתי 100% 400 גרם-תנובה,הנסיך- מפעל לייצור ט,IL,ט.צבי המבורגר אמיתי,,400.00,100 גרם,false,1,26.90,6.72,true,1,8697
7290002900214,false,קבב מזרחי טירת צבי 4,טיב טירת צבי 2000,IL,ט.צבי קבב מזרחי,,450.00,100 גרם,false,1,26.90,5.98,true,1,8698
7290002958130,false,היי ווי אדום,Unknown,,היי-ווי 20 רד,,0.00,,false,1,260.00,0.00,false,1,16743
7290002958147,false,היי-ווי 20 בלו,Unknown,,היי-ווי 20 בלו,,0.00,,false,1,260.00,0.00,false,1,16744
7290002958154,false,היי-ווי 20 סילבר,Unknown,,היי-ווי 20 סילבר,,0.00,,false,1,260.00,0.00,false,1,16745
7290002958192,false,רויאל אדום עשירייה,Unknown,IL,רויאל אדום - פאקט,,0.00,,false,1,260.00,0.00,false,1,7223
7290002958208,false,סיגריות רויאל כחול פ,דובק,IL,רויאל כחול - פאקט,,0.00,,false,1,260.00,0.00,false,1,7224
7290002958307,false,רויאל 100 רד,Unknown,,רויאל 100 רד,,0.00,,false,1,260.00,0.00,false,1,16746
7290002958314,false,רויאל 100 בלו,Unknown,,רויאל 100 בלו,,0.00,,false,1,260.00,0.00,false,1,16747
7290002986225,false,עוגיות יין גלגל גדול 400,"אחים גטניו בע""מ",IL,עוגיות יין גלגל גדול,,0.00,,false,1,11.90,0.00,false,1,16748
7290002986256,false,עוג.יין-עיגולית 400 גרם,"אחים גטניו בע""מ",IL,עוגיות יין עגולית,,0.00,,false,1,11.90,0.00,true,1,4618
7290002986843,false,כעכי יין בשקית 300 גרם,אחים גטניו,IL,עוגיות כעכי יין,,0.00,,false,1,11.90,0.00,false,1,16749
7290003009312,false,בוטן קלוי קליית גת 200 גרם,הדקלאים אגודת שיתופי,IL,בוטן קלוי 200 גר,,200.00,100 גרם,false,1,11.90,5.95,true,1,305
7290003009329,false,בוטנים אמריקאיים קליית גת 200 גרם,הדקלאים אגודת שיתופי,IL,בוטן אמריקאי שקית200,,200.00,100 גרם,false,1,9.00,4.50,true,1,299
7290003009336,false,קבוקים קליית גת 200 גרם,הדקלאים אגודת שיתופי,IL,קבוקים שקית 200 גרם,,200.00,100 גרם,false,1,9.00,4.50,true,1,306
7290003009640,false,מיץ תפוזים סחוט רכיבים טבעיים פריגת 1 ליטר,פריגת מצוננים,IL,סחוט תפוזים קלאסי1ל,,1.00,1 ליטר,false,1,18.00,17.70,true,1,1193
7290003029181,false,משקה יטבתה שוקו' בקבוק 1ל מהדרין,שטראוס גרופ,IL,יטבתה שוקו בקבוק 1ל,,1.00,1 ליטר,false,1,12.40,12.40,true,1,335
7290003029372,false,משקה חלב בטעם בננה יטבתה 1 ליטר,שטראוס גרופ,IL,יטבתה בננה בקבוק 1ל,,1.00,1 ליטר,false,1,12.40,12.40,true,1,12041
7290003029389,false,"משקה חלב בננה פקק ספורט 250 מ""ל יוטבתה",שטראוס גרופ,IL,יטבתה בננה פקק 0.25,,250.00,"100 מ""ל",false,1,7.50,3.00,true,1,80
7290003029433,false,"משקה יטבתה שוקו פקק 250 מ""ל מהדרין",שטראוס גרופ,IL,יטבתה שוקו פקק 250מל,,250.00,"100 מ""ל",false,1,7.50,3.00,true,1,338
7290003029792,false,"משקה יטבתה שוקו שקיות מהדרין מארז 225X8מ""ל",שטראוס גרופ,IL,יטבתה שוקו שקית- 8יח,,1.80,1 ליטר,false,1,22.80,12.67,true,1,1278
7290003029815,false,כד חלב 3% יטבתה 2 ליטר מהדרין,שטראוס גרופ,IL,יטבתה חלב מועשר כד2ל,,0.00,,false,1,17.00,0.00,true,1,16101
7290003029907,false,אייס קפה יטבתה 1 ליטר מהדרין,שטראוס גרופ,IL,יטבתה אייס קפה 1,,1.00,1 ליטר,false,1,12.40,12.40,true,1,13172
7290003060009,false,"קמח חיטה לבן בהיר טחנות ישראליות 1 ק""ג",טחנות ישראליות,IL,קמח לבן בהיר,,0.00,,false,1,6.00,0.00,false,1,16417
7290003072828,false,נקניקיות פרנקפורטר 320 גרם טירת צבי,טיב טירת צבי 2000,IL,נקניקיות פרנקפורטר,,0.00,,false,1,31.00,0.00,true,1,16418
7290003072835,false,נקניקיות קנאקוורסט טירת צבי 320 גרם,טיב טירת צבי 2000,IL,נקניקיות קנאקוורסט,,0.00,,false,1,31.00,0.00,true,1,16419
7290003081684,false,מגבונים עבים ללא ביש,כמיפל,,מגבוני אוונט,,15.00,100 גרם,false,1,5.90,39.33,true,1,11446
7290003107216,false,קמח 1 קג שימורי איכ,טחנת קמח דגן לישראל,IL,קמח 1 קג שימורי איכ,,1.00,"1 ק""ג",false,1,6.50,6.50,true,1,5771
7290003119110,false,קוקה קולה שישייה 1.5,החברה המרכזית לייצור משקאות,IL,קוקה קולה 6*1.5ל,,9.00,1 ליטר,false,1,44.90,4.99,true,1,536
7290003141159,false,יוגטה מרשמלו ממתק מוקצף בטעמי תות שדה ווניל 180 גרם,יוגוטה,IL,יוגטה מרשמלו 180ג,,0.00,,false,1,9.90,0.00,true,1,16770
7290003143276,false,יוגטה מרשמלו ממתק מוקצף בטעם תות שדה 180 גרם,תות ממתקי איכות,IL,יוגטה מרשמלו מגולגל,,0.00,,false,1,9.90,0.00,true,1,16771
7290003144310,false,תערובת אגוזים וחמוציות קליית גת 150 גרם,ליימן מותגים,IL,תערובת אגוזים 150גר,,150.00,100 גרם,false,1,22.90,15.27,true,1,12096
7290003145560,false,ק.גת שקדים קלויים100,ליימן שליסל,IL,ק.גת שקדים קלויים100,,100.00,100 גרם,false,1,12.90,12.90,true,1,9047
7290003145577,false,ק.גת קשיו קלויים 100,קוד יצרן JG,IL,ק.גת קשיו קלויים 100,,100.00,100 גרם,false,1,12.90,12.90,true,1,9048
7290003145584,false,ק.גת פיסטוק קלוי 100,קוד יצרן JG,IL,ק.גת פיסטוק קלוי 100,,100.00,100 גרם,false,1,12.90,12.90,true,1,9049
7290003145751,false,"קליית גת אגוזי קלויים, 200 גרם",הדקלאים אגודת שיתופי,IL,קשיו קלוי 200 גרם,,200.00,100 גרם,false,1,25.00,12.50,true,1,8411
7290003145768,false,בוטן אמריקאי קלית גת 50 גר,ששון ושות;#039& )ש.ת. תע,IL,בוטן אמריקאי 50 גרם,,50.00,100 גרם,false,1,3.00,6.00,true,1,2830
7290003208586,false,"וורמוט מרטיני לבן 750 מ""ל",מרטיני ורוסי,IT,מרטיני ביאנקו 750 מל,,750.00,"100 מ""ל",false,1,62.00,8.23,false,1,15139
7290003208890,false,"וודקה פינלנדיה 200 מ""ל",בראון פורמן,US,וודקה פינלנדיה 200מ,,200.00,"100 מ""ל",false,1,36.90,18.30,true,1,12617
7290003212385,false,עוגיות-אוזניות 350ג,Unknown,,עוגיות-אוזניות 350ג,,350.00,100 גרם,false,1,12.90,3.69,true,1,7998
7290003212392,false,מאפים מלוחים 350גר,Unknown,,מאפים מלוחים 350גר,,350.00,100 גרם,false,1,12.90,3.69,true,1,7999
7290003212408,false,רוגלך שמרים קינמון,Unknown,,רוגלך שמרים קינמון,,400.00,100 גרם,false,1,12.90,3.22,true,1,8000
7290003212415,false,רוגלך שמרים שוקולד,Unknown,,רוגלך שמרים שוקולד,,400.00,100 גרם,false,1,12.90,3.22,true,1,8001
7290003229109,false,פסטרמה הודו בפפריקה טירת צבי 400 גרם,הנסיך- מפעל לייצור ט,IL,ט.צבי פסטרמה פפרי400,,400.00,100 גרם,false,1,37.10,9.28,true,1,1071
7290003229116,false,פסטרמה הודו בדבש שומן טירת צבי 400 גרם,הנסיך- מפעל לייצור ט,IL,ט.צבי פסטרמה בדבש400,,400.00,100 גרם,false,1,35.90,8.98,true,1,449
7290003229123,false,פסטרמה הודו על גחלים 2% טירת צבי 400 גרם,הנסיך- מפעל לייצור ט,IL,ט.צבי פסטרמ גחלים400,,400.00,100 גרם,false,1,35.90,8.98,true,1,450
7290003229147,false,נקניק סלמי איטלקי מעושן טירת צבי 300 גרם,הנסיך- מפעל לייצור ט,IL,ט.צבי סלמי איטלקי300,,300.00,100 גרם,false,1,35.00,11.67,true,1,452
7290003229154,false,נקניק סלמי קוניאק טירת צבי 300 גרם,הנסיך- מפעל לייצור ט,IL,ט.צבי קוניאק מובחר,,300.00,100 גרם,false,1,35.00,11.67,true,1,453
7290003229192,false,נקניק כתף בקר מעושן 2% טירת צבי 400 גרם,טיב טירת צבי 2000,IL,ט.צבי כתף בקר,,400.00,100 גרם,false,1,42.00,10.50,true,1,1204
7290003321155,false,יוגורט בר עם פקאן מצופה שוקולד 183 ג' דנונה,"שטראוס בריאות בע""\מ",IL,דנונה בר פקאן 180 גר,,175.00,"100 מ""ל",false,1,6.20,3.54,true,1,365
7290003332007,false,קפה שחור עם הל 250 גרם,סובחי נחלה ובניו,IL,נחלה אדום קפה הל 250,,250.00,100 גרם,false,1,17.90,7.16,true,1,10948
7290003402809,false,חטיף הרשי ריזס שוקולד לבן 39 גר,ליימן מותגים,US,ריזס לבן 39 גר,,39.00,100 גרם,false,1,5.50,14.10,true,1,12620
7290003423909,false,חטיף קוקיס אנד קרים לבן 43 גרם,ליימן מותגים,US,הרשיז לבן עוגיות,,43.00,100 גרם,false,1,7.00,16.28,true,1,2679
7290003427154,false,"שמן זית כתית מעולה טעם מעודן זיתא 750 מ""ל",זיתא תעשיות שמן זיתt\,IL,שמן זית כתית זיתא,,750.00,"100 מ""ל",false,1,39.90,5.32,true,1,5786
7290003444009,false,הרשי ריזס חטיף במילוי בוטנים 42 גרם,ליימן מותגים,US,ריזס חמאת בוטנים,,120.00,100 גרם,false,1,5.50,4.58,true,1,4865
7290003457861,false,סולרו קלאסיק חלבי - פירות טרופיים,"מיוצר ע""\י גלידת שטראוס",IL,סולרו פירות טרופיים,,85.00,100 גרם,false,1,12.90,15.18,true,1,286
7290003457991,false,טילון קורנטו וניל עם וופל ואגוזי לוז מסוכרים,"גלידת שטראוס בע""\מ, רחוב",IL,קורנטו קלאסיק -6 יח,,378.00,100 גרם,false,1,36.00,9.52,true,1,5358
7290003608089,false,ספרינג תות-בננה 1.5 ליטר,יפאורה שותפות מובגלת לשיווק,IL,ספרינג תות בננה 1.5,,1.50,1 ליטר,false,1,11.90,7.93,true,1,972
7290003643004,false,"סוגת אורז בסמטי קלאסי 1 ק""ג",האי נאם סי או אל.טי.,IL,אורז הודי בסמטי 1קג,,1.00,"1 ק""ג",false,1,17.00,17.00,true,1,1226
7290003643158,false,קורנפולר שקית 200 ג' סוגת,המאפיה של הרמן,IL,סוגת קורנפלור 200ג,,200.00,100 גרם,false,1,4.50,2.25,true,1,12064
7290003643325,false,קוסקוס בינוני סוגת 350 גרם,"אסיף תעשיות מזון בע""\מ",IL,קוסקוס סוגת בינוני,,0.00,,false,1,6.00,0.00,true,1,16511
7290003643387,false,"סוכר לבן בצנצנת 1 ק""ג סוגת",האי נאם סי או אל.טי.,IL,סוכר לבן צנצנת 1 קג,,1.00,"1 ק""ג",false,1,9.90,9.90,true,1,951
7290003643646,false,"סוכר דמררה קלאסי בצנצנת סוגת 1 ק""ג",האי נאם סי או אל.טי.,IL,סוכר דמררה 1 קג,,1.00,"1 ק""ג",false,1,13.90,13.90,true,1,952
7290003643776,false,"פופקורן גרעינים סוגת 500 ג' כשל""פ",האי נאם סי או אל.טי.,IL,פופקורן 500 גר,,500.00,100 גרם,false,1,8.00,1.60,true,1,12055
7290003643820,false,חומוס ענק יבש סוגת 500 גרם,"סוגת תעשיות בע""\מ",IL,סוגת חומוס ענק,,0.00,,false,1,12.00,0.00,true,1,16512
7290003650248,false,פז 2TS מיקס 1ל 17,Unknown,,פז 2TS מיקס 1ל 17,,1.00,1 ליטר,false,1,80.30,80.30,true,1,10
7290003650385,false,פזלון דלתון 4 ל,Unknown,,פזלון דלתון 4 ל,,0.00,,false,1,20.00,0.00,false,1,4013
7290003651078,false,פזכולנט 6 1 ל 17יח,Unknown,,פזכולנט 6 1 ל 17יח,,1.00,1 ליטר,false,1,36.70,36.70,true,1,2797
7290003652129,false,טורבו פז 4ליטר,Unknown,,טורבו פז 4ליטר,,4.00,1 ליטר,false,1,180.50,45.12,true,1,4583
7290003653287,false,נוזל בלמים 0.250ל,Unknown,,נוזל בלמים 0.250ל,,250.00,"100 מ""ל",false,1,39.70,15.88,true,1,3941
7290003653409,false,טורבו פז 1ליטר 17יח,Unknown,,טורבו פז 1ליטר 17יח,,1.00,1 ליטר,false,1,69.40,69.40,true,1,4726
7290003655267,false,פזכולנט 6 2 ל 10יח,Unknown,,פזכולנט 6 2 ל 10יח,,2.00,1 ליטר,false,1,67.40,33.70,true,1,15
7290003655281,false,פרו לוב 0.5 ל פח,Unknown,,פרו לוב 0.5 ל פח,,0.00,,false,1,80.30,0.00,true,1,591
7290003655403,false,פז פאואר סינט 1ל,Unknown,,פז פאואר סינט 1ל,,1.00,1 ליטר,false,1,80.30,80.30,true,1,2086
7290003656066,false,קס אינג קלינר דיזל,Unknown,,קס אינג קלינר דיזל,,0.00,,false,1,55.50,0.00,true,1,664
7290003656219,false,תוסף דיזל פז D-77 30,Unknown,,תוסף דיזל פז D-77 30,,500.00,"100 מ""ל",false,1,59.70,11.94,true,1,4080
7290003656646,false,פז זז ספריי 12יח,Unknown,,פז זז ספריי 12יח,,400.00,"100 מ""ל",false,1,29.00,7.25,true,1,14039
7290003656738,false,סקאיפז ספרי 12יח,Unknown,,סקאיפז ספרי 12יח,,400.00,"100 מ""ל",false,1,29.00,7.25,true,1,2647
7290003657094,false,טופ טק 10W-40ל 17,Unknown,,טופ טק 10W-40ל 17,,1.00,1 ליטר,false,1,56.50,56.50,true,1,2126
7290003657667,false,אוטוגיר 3 0.5 פח,Unknown,,אוטוגיר 3 0.5 פח,,500.00,"100 מ""ל",false,1,39.70,7.94,true,1,2107
7290003657674,false,פז אפ 600 0.5ל,Unknown,,פז אפ 600 0.5ל,,600.00,"100 מ""ל",false,1,98.20,16.37,true,1,2114
7290003658718,false,אוראה 10 ליטר חדש,Unknown,,אוראה 10 ליטר חדש,,10.00,1 ליטר,false,1,65.00,6.50,true,1,8312
7290003659210,false,פז אנרגי 5W-30ל 17,Unknown,,פז אנרגי 5W-30ל 17,,1.00,1 ליטר,false,1,80.30,80.30,true,1,4335
7290003659227,false,ווינדקלין 2 ליטר,Unknown,,ווינדקלין 2 ליטר,,0.00,,false,1,14.00,0.00,true,1,10922
7290003659265,false,פז אקסטרים 15W-40,Unknown,,פז אקסטרים 15W-40,,0.00,,false,1,40.70,0.00,true,1,4586
7290003659272,false,פז סופר TT ליטר,Unknown,,פז סופר TT ליטר,,1.00,1 ליטר,false,1,59.50,59.50,true,1,4587
7290003659289,false,טופ טק 40 1 ל (דיזל),Unknown,,טופ טק 40 1 ל (דיזל),,0.00,,false,1,59.50,0.00,true,1,4588
7290003659319,false,פז אקסטרים 20W-50ל,Unknown,,פז אקסטרים 20W-50ל,,1.00,1 ליטר,false,1,40.70,40.70,true,1,4590
7290003659418,false,פז לונג לייף 1ל 17י,Unknown,,פז לונג לייף 1ל 17י,,1.00,1 ליטר,false,1,39.70,39.70,true,1,4593
7290003667109,false,פאנטה בטעם אורנג' 1.5 ל',החברה המרכזית לייצור משקאות,IL,פאנטה אורנג 1.5 ליטר,,1.50,1 ליטר,false,1,11.00,7.33,true,1,98
7290003703173,false,בונז'ור לחמנית כריך ג'בטה 150ג',בונז'ור,,בונזור כריך גבטה,,0.00,,false,1,4.90,0.00,true,1,16783
7290003805501,false,"פתית שוודי חסכוני בד""צ 300 גרם",יוניליוור ישראל מזון בע\,IL,פתית שוודי 300גר,,300.00,100 גרם,false,1,21.00,7.00,true,1,8670
7290003806591,false,"דאב - דאודורנט ספריי לאישה מלפפונים 150 מ""ל",ארנסט. רחוב קומבינצק,GB,דאב ספריי מלפפונים,,150.00,"100 מ""ל",false,1,19.90,13.27,false,1,13698
7290003807178,false,"רוטב קנור סויה בסגנון סיני 300 מ""ל",יוניליוור ישראל מזון בע\,IL,רוטב סויה,,0.00,,false,1,15.00,0.00,true,1,16505
7290003903955,false,שוקולד קרם חלב 100 גרם,STRAUSS-ISRAEL,IL,פרה שוק. מילוי ק.חלב,,100.00,100 גרם,false,1,9.00,9.00,false,1,10249
7290004011338,false,"ספריי קצפת מתוקה מוכנה ריץ' 250 מ""ל",האי נאם סי או אל.טי.,IT,ריץ קצפת מיכל 250מ,,250.00,"100 מ""ל",false,1,13.00,5.20,true,1,7803
7290004014407,false,עדשי מ&מ'ס חמאת בוטנים46,מרס נדרלנד,US,אמ אנד אמס חמאת בוטנ,,49.21,100 גרם,false,1,6.50,13.21,true,1,10340
7290004063115,false,"מלח מטבח עבה להמלחת בשר ובישול 1 ק""ג",האי נאם סי או אל.טי.,IL,מלח גס סלעית 1 קג,,1.00,"1 ק""ג",false,1,2.07,2.07,false,1,13588
7290004078942,false,ליידי ספיד סטיק - דאודורנט ג'ל לאישה 65 גרם,קולגייט-פלמוליב,US,ליידי ספיד דאו-מרענן,,65.00,100 גרם,false,1,27.90,42.92,true,1,10945
7290004119225,false,יופלה יוגורט אננס %3 גביע 150 גרם,תנובה מרכז שיתופי לש,IL,יופלה אננס 3% 150מל,,150.00,"100 מ""ל",false,1,5.20,3.47,true,1,890
7290004120061,false,מעדן חלב בטעם שוקו וניל שוניל 2% קרלו 125 גרם,תנובה מרכז שיתופי לש,IL,קרלו שוניל,,125.00,"100 מ""ל",false,1,4.00,3.20,true,1,369
7290004120566,false,פיראוס 24% גבינה בולגרית 250 גרם,תנובה חלב,IL,בולגרית פיראוס,,0.00,,false,1,24.90,0.00,true,1,16179
7290004120573,false,פיראוס 16% גבינה בולגרית 250 גרם,תנובה מרכז שיתופי לש,IL,פיראוס בולגרית בקר,,0.00,,false,1,24.90,0.00,true,1,16352
7290004120634,false,גבינה פיראוס בולגרית 5% 250 גרם,תנובה מרכז שיתופי לש,IL,פיראוס בולגרית %5,,250.00,100 גרם,false,1,24.90,9.96,true,1,353
7290004120832,false,"חלב 2 ליטר 3% כד ""תנובה""- מוצר בפיקוח",תנובה מרכז שיתופי לש,IL,חלב 3% שומן כד 2ל,,0.00,,false,1,12.46,0.00,false,1,16806
7290004121853,false,גבינה בולגרית פיראוס 5% קוביות 200 גרם,תנובה מרכז שיתופי לש,IL,בולגרית פיראוס 5%,,200.00,100 גרם,false,1,22.00,11.00,false,1,13616
7290004122119,false,פתיתי פרמזן לפסטה 23% השף הלבן 100 גרם,פ.פ.ח. שאביט,IL,פתיתי פרמזן 100 גר,,0.00,,false,1,13.90,0.00,true,1,16174
7290004122195,false,גוש חלב גבינה צהובה פרוסה 28% תנובה 200 גרם,תנובה חלב,IL,גוש חלב-חציקשה מהדרי,,200.00,100 גרם,false,1,14.60,7.30,true,1,13171
7290004122270,false,עמק קלאסית פרוסות גבינה חצי קשה 28% 200 גרם,תנובה מרכז שיתופי לש,IL,עמק פרוס בקופסא %28,,200.00,100 גרם,false,1,17.90,8.95,true,1,354
7290004122348,false,גבינת עמק לייט פרוס בקופסא 200 גרם,תנובה מרכז שיתופי לש,IL,עמק לייט פרוס %200 9,,200.00,100 גרם,false,1,18.00,9.00,true,1,903
7290004124205,false,יופלה דיאט יוגורט תות %0 גביע 150 גרם,תנובה מרכז שיתופי לש,IL,יופלה דיאט תות 150מל,,150.00,"100 מ""ל",false,1,5.20,3.47,true,1,896
7290004125370,false,"שמנת חמוצה 9% מופחתת שומן תנובה 200 מ""ל מהדרין",תנובה מרכז שיתופי לש,IL,שמנת תנובה 9%,,200.00,"100 מ""ל",false,1,4.10,2.05,true,1,13612
7290004125400,false,"אשל שלי מהדרין 200 מ""ל 4.5% ""תנובה""- מוצר בפיקוח",פארייפאבה אגרואינדוס,IL,שלי אשל %200 4.5 מל,,200.00,"100 מ""ל",false,1,1.69,0.84,false,1,985
7290004125417,false,"גיל 3% שלי 200 מ""ל ""תנובה"" -מוצר בפיקוח",תנובה מרכז שיתופי לש,IL,שלי גיל 3% מהדרין,,200.00,"100 מ""ל",false,1,1.51,0.76,false,1,370
7290004125455,false,"שמנת חמוצה 200 מ""ל 15% ""תנובה"" -מוצר בפיקוח",תנובה מרכז שיתופי לש,IL,שמנת חמוצה %15 בדצ,,200.00,"100 מ""ל",false,1,2.40,1.20,false,1,960
7290004125509,false,"שמנת חמוצה 15% מועשרת תנובה 100 מ""ל",תנובה מרכז שיתופי לש,IL,תנובה שמנת חמוצה 100,,100.00,"100 מ""ל",false,1,1.60,1.60,true,1,13602
7290004125578,false,משקה סויה מעושר בסידן תנובה 1ל',תנובה מרכז שיתופי לש,IL,אלטרנטיב סויה 1 ל,,1.00,1 ליטר,false,1,12.40,12.40,true,1,905
7290004125585,false,משקה סויה בטעם וניל תנובה 1 ליטר,תנובה מרכז שיתופי לש,IL,אלטרנטיב סויה וניל 1,,1.00,1 ליטר,false,1,12.40,12.40,true,1,13589
7290004125721,false,"השף הלבן שמנת עמידה לבישול 15% תנובה 250 מ""ל",תנובה מרכז שיתופי לש,IL,השף הלבן שמנת לבישול,,250.00,"100 מ""ל",false,1,8.30,3.32,true,1,909
7290004125738,false,שמנת מתוקה להקצפה32% 250מל עמיד השף הלבן,תנובה מרכז שיתופי לש,IL,שמנת עמידה להקצפה,,250.00,"100 מ""ל",false,1,6.50,2.60,true,1,7721
7290004125776,false,גבינה צהובה עמק 28% 400 גרם בקופסא,תנובה חלב,IL,עמק פרוס בקופסה 400,,400.00,100 גרם,false,1,30.30,7.58,true,1,1335
7290004126674,false,טל העמק פרוסות גבינה חצי קשה לייט %9 200 גרם בקופסא,תנובה מרכז שיתופי לש,IL,טל העמק לייט,,200.00,100 גרם,false,1,19.60,9.80,true,1,1181
7290004126759,false,יוגורט דיאט יופלה פירות יער 150 גרם,תנובה חלב,IL,יופלה דיאט פירות 150,,150.00,"100 מ""ל",false,1,5.20,3.47,true,1,895
7290004126872,false,"שוקו תנובה בבקבוק 250 מ""ל תנובה",תנובה חלב,IL,שוק שוקו 250 מל,,250.00,"100 מ""ל",false,1,6.60,2.64,true,1,1393
7290004127077,false,קוטג תנובה 3% גביע 250 גרם מהדרין,מיוצר עי קונדיטוריית,IL,תנובה קוטג 3%,,250.00,100 גרם,false,1,6.00,2.40,true,1,961
7290004127329,false,קוטג תנובה גביע 250 גרם %5 ו.מהדרין,מיוצר עי קונדיטוריית,IL,תנובה קוטג 5% 250גר,,250.00,100 גרם,false,1,6.00,2.40,true,1,355
7290004127336,false,קוטג תנובה גביע 250 גרם %9 ו.מהדרין,מיוצר עי קונדיטוריית,IL,תנובה קוטג 9% בדצ,,250.00,100 גרם,false,1,6.00,2.40,true,1,7714
7290004127800,false,"גבינה לבנה 500 גרם 5% ""תנובה"" -מוצר בפיקוח",מיוצר עי קונדיטוריית,IL,תנובה גבינה לבנה 5%,,500.00,100 גרם,false,1,9.96,1.99,false,1,13605
7290004127817,false,גבינה לבנה 9% שומן 500 ג' תנובה,מיוצר עי קונדיטוריית,IL,תנובה גבינה לבנה 9%,,500.00,100 גרם,false,1,9.96,1.99,false,1,13606
7290004128333,false,לאבנה על בסיס יוגורט %9 שומן 500 ג' פיראוס,תנובה חלב,IL,פיראוס לבנה 9%,,0.00,,false,1,21.00,0.00,true,1,16163
7290004129101,false,גבינת שמנת 25% בטעם טבעי 225 ג' נפוליאון,תנובה מרכז שיתופי לש,IL,נפוליאון טבעי %30,,225.00,100 גרם,false,1,14.90,6.62,true,1,356
7290004129118,false,גבינת שמנת 24% עם זיתים ירוקים 225 ג' נפוליאון,תנובה מרכז שיתופי לש,IL,נפוליאון זיתים %30,,225.00,100 גרם,false,1,14.90,6.62,true,1,13159
7290004129156,false,גבינת שמנת25% עם שום שמיר 225 ג' נפוליאון,תנובה מרכז שיתופי לש,IL,נפוליאון שוםשמיר 250,,225.00,100 גרם,false,1,14.90,6.62,true,1,13160
7290004129545,false,גבינה לבנה 3% 250 גרם ועדת מהדרין,מחלבת אלון תבור,IL,תנובה גבינה לבנה 3%,,250.00,100 גרם,false,1,4.98,1.99,false,1,7727
7290004130794,false,משקה סויה במתיקות מופחתת תנובה 1 ליטר,תנובה מרכז שיתופי לש,IL,אלטרנטיב מ.מופחתת 1,,1.00,1 ליטר,false,1,12.40,12.40,true,1,9979
7290004130916,false,יוגורט יופלה פירות יער בשמנת 3% 150 גרם,תנובה מרכז שיתופי לש,IL,יופלה פירות יער בשמנ,,150.00,"100 מ""ל",false,1,5.20,3.47,true,1,1323
7290004131074,false,"חלב 1 ליטר 3% קרטון ""תנובה""- מוצר בפיקוח",תנובה מרכז שיתופי לש,IL,תנובה חלב3% קרט מהדר,,1.00,1 ליטר,false,1,6.23,6.23,false,1,958
7290004131081,false,חלב תנובה 3% שקית 1 ליטר מהדרין,Unknown,IL,תנובה חלב שקית 3%,,1.00,1 ליטר,false,1,5.43,5.43,false,1,14648
7290004131432,false,יוגורט יופלה לבן ביו 3% 200 גרם,מיוצר עי קונדיטוריית,IL,יופלה לבן 3% 200 גר,,200.00,"100 מ""ל",false,1,4.30,2.15,true,1,981
7290004131814,false,גבינה צפתית 5% מעודנת 200 ג' פיראוס,פארייפאבה אגרואינדוס,IL,פיראוס צפתית 5%,,200.00,100 גרם,false,1,16.50,8.25,true,1,13615
7290004132231,false,משקה חלב מיוחד לקפה 3% קרטון 0.8 ל' תנובה,תנובה מרכז שיתופי לש,IL,תנובה חלב לקפה 0.8 ל,,800.00,"100 מ""ל",false,1,7.10,0.89,true,1,12051
7290004132552,false,משקה סויה בטעם טבעי לייט תנובה 1 ליטר,תנובה מרכז שיתופי לש,IL,אלטרנטיב סויה לייט,,1.00,1 ליטר,false,1,12.40,12.40,true,1,13791
7290004132712,false,חטיף אצבעות גבינת מוצרלה 20% 172 ג' עמק,תנובה מרכז שיתופי לש,IL,אצבעות עמק,,0.00,,false,1,18.00,0.00,true,1,16167
7290004132903,false,גבינה לבנה 3% מהדרין תנובה 250 גרם,תנובה מרכז שיתופי לש,IL,גבינה לבנה 3% 250ג,,0.00,,false,1,4.98,0.00,false,1,16807
7290004133511,false,יופלה מאגדת לבן 1.5% מעודן 8 יח' * 150 ג',מיוצר עי קונדיטוריית,IL,יופלה לבן*8,,0.00,,false,1,22.00,0.00,true,1,16199
7290004133627,false,משקה חלב בטעם וניל בתוספת ויטמין A+D 3% ליטר,תנובה מרכז שיתופי לש,IL,תנובה חלב על הבוקר3%,,1.00,1 ליטר,false,1,8.70,8.70,true,1,1014
7290004133900,false,קצפת צמחית השף הלבן250מל,סוי מג'יק,IL,השף הלבן קצפת צימחית,,250.00,"100 מ""ל",false,1,11.10,4.44,true,1,13638
7290004135614,false,גבינה בולגרית מעודנת 5% פיראוס 250 גרם,תנובה חלב,IL,פיראוס בולג.מעודן5%,,250.00,100 גרם,false,1,24.90,9.96,true,1,15542
7290004136154,false,"משקה חלב אייס קפה תנובה בבקבוק 340 מ""ל",גוד פוד פרודקטס S.p,IL,תנובה משקה אייס קפה,,340.00,"100 מ""ל",false,1,7.70,2.26,true,1,2412
7290004136598,false,מארז הפסקת אוכל עם קורנפלקס ומשקה חלב עמיד בטעם וניל,פארייפאבה אגרואינדוס,IL,הפסקת אוכל קורנפלק,,150.00,"100 מ""ל",false,1,10.00,6.67,true,1,2038
7290004136857,false,מעדן גלי פטל תנובה 125 גרם,תנובה מרכז שיתופי לש,IL,גלי פטל 0%,,0.00,,false,1,3.00,0.00,true,1,16182
7290004136871,false,מעדן ג'לי בטעם אפרסק עם חתיכות תנובה 125 גרם,תנובה מרכז שיתופי לש,IL,גלי אפרסק עם חתיכות,,0.00,,false,1,3.00,0.00,true,1,16181
7290004137809,false,פיראוס לאבנה 5% גביע 250 גרם,"תנובה, מחלבת אלון תב",IL,פיראוס לאבנה 5% 250,,250.00,100 גרם,false,1,15.60,6.24,true,1,7743
7290004255213,false,פחם 2 קג מנורה,Unknown,,פחם 2 קג מנורה,,0.00,,false,1,21.90,0.00,false,1,16811
7290004554293,false,קרחון אסקימו שטראוס ענבים,גלידות שטראוס,IL,קרחון אסקימו ענבים,,84.00,100 גרם,false,1,4.00,4.76,true,1,3947
7290004554330,false,שלגון אסקימו דובדבן שטראוס 75 גרם,"מיוצר ע""\י גלידת שטראוס",IL,קרחון אסקימו דובדובן,,84.00,100 גרם,false,1,4.00,4.76,true,1,264
7290004554781,false,קרחון אסקימו שטראוס לימון,שטראוס גלידות,IL,קרחון אסקימו לימון,,84.00,100 גרם,false,1,4.00,4.76,true,1,265
7290004554798,false,"שלגון מטרה פטל,לימון וענבים","מיוצר ע"" גלידת שטראו",IL,מטרה שלגון,,90.00,100 גרם,false,1,7.90,8.78,true,1,529
7290004584351,false,גבינה לבנה סימפוניה עם תוספות 200 ג' חמישית 200,"שטראוס בריאות בע""\מ",IL,סימפוניה טיבעי 200גר,,200.00,100 גרם,false,1,12.50,6.25,true,1,359
7290004584528,false,יוגורט דנונה ביו לבן 1.7% שומן 200 גרם,מיוצר עי קונדיטוריית,IL,דנונה ביו 1.5% 200גר,,200.00,"100 מ""ל",false,1,3.70,1.85,true,1,375
7290004585907,false,דני ועדן וניל 1.5% 125ג' שטראוס,מיוצר עי קונדיטוריית,IL,דני וניל 130 גר,,130.00,"100 מ""ל",false,1,3.20,2.46,true,1,376
7290004654646,false,בדיקה 1,Unknown,,בדיקה 1,,0.00,,false,1,100.00,0.00,false,1,16058
7290004658946,false,יין שרדונה פרייבט קולקשן יקבי כרמל,"כד בני דרום בע""מ",IL,שרדונה לבן יבש,,0.00,,false,1,50.00,0.00,true,1,16209
7290004685157,false,לחם שיפון 100% הארץ 750 גר,מאפית י את א ברמן בע,IL,ברמן לחם הארץ שיפון,,750.00,100 גרם,false,1,19.00,2.53,true,1,5782
7290004685430,false,לחם הארץ כוסמין 100% 500 גרם,מאפית י את א ברמן בע,IL,לחם הארץ,,0.00,,false,1,20.00,0.00,true,1,16464
7290004872021,false,קרחון רמזור כלפ 48*80גר,גלידות נסטלה )נגה גלידות,IL,קרחון רמזור,,80.00,100 גרם,false,1,4.00,5.00,true,1,266
7290004872069,false,קרחון לימון כלפ.48*80גרם,גלידות נסטלה )נגה גלידות,IL,קרחון לימון,,80.00,100 גרם,false,1,4.00,5.00,true,1,267
7290004872229,false,"שלגון שוקולד כלפ. 48*67גרם חת""ס",תות תעשיות מזון (201,IL,שלגון שוקולד מצופה,,79.20,100 גרם,false,1,7.90,9.97,true,1,295
7290004872243,false,שלגון בננה מצופה נסטלה 57ג',תות תעשיות מזון (201,IL,שלגון בננה מצופה,,69.00,100 גרם,false,1,7.90,11.45,true,1,297
7290004872250,false,שלגון שרבט אבטיח נסטלה 108 גרם,גלידות נסטלה )נגה גלידות,IL,קרחון אבטיח קיץ,,108.00,100 גרם,false,1,8.90,8.24,true,1,268
7290004872359,false,קרחון דובדבן נסטלה 80 גרם,גלידות נסטלה )נגה גלידות,IL,קרחון דובדבן סוכריות,,80.00,100 גרם,false,1,4.00,5.00,true,1,611
7290004872731,false,טילון אקסטרים וניל 70ג',גלידות נסטלה,IL,אקסטרים וניל טילון,,72.00,100 גרם,false,1,10.90,15.14,true,1,275
7290004872786,false,"טילון אקסטרים ענק פקאן 115ג' בד""ץ",גלידות נסטלה,IL,אקסטרים פקאן ענק,,113.00,100 גרם,false,1,12.90,11.42,true,1,277
7290004914219,false,בקבוק ריח עם מקלות עץ,סאנרייז,,מפיץ ריח מקלות לרכב,,0.00,,false,1,12.00,0.00,true,1,2791
7290004914738,false,סאן קאר מפיץ ריח,Unknown,,סאן קאר,,0.00,,false,1,5.00,0.00,false,1,16826
7290004943035,false,ציפס משפחתי קפוא 800,Unknown,,ציפס 800 גרם מילוטל,,0.00,,false,1,14.50,0.00,true,1,16421
7290005008481,false,ספיד סטיק - דאודורנט ג'ל לגבר ספורט 85 גרם,הנסיך- מפעל לייצור ט,US,ספיד סטיק גל ספורט,,85.00,100 גרם,false,1,27.90,32.82,true,1,13601
7290005020162,false,וויסקי סקוטי בלנטייס פיינסט 700 מל,פרנו,LK,ו.בלנטיינס פיינסט,,700.00,"100 מ""ל",false,1,115.00,16.39,true,1,15194
7290005124686,false,בליסטקס שפתון-תות,מדיליין פריגו,IL,בליסטיקס תות,,4.25,100 גרם,false,1,11.00,258.82,true,1,543
7290005174551,false,סלט חומוס עם צנוברים 125 ג' אחלה,"שטראוס גרופ בע""\מ",IL,אחלה חומוס 125 גר,,125.00,100 גרם,false,1,6.20,4.96,true,1,444
7290005174575,false,טחינה אחלה יום יום משובחת 125ג',מיוצר עי קונדיטוריית,IL,אחלה טחינה 125 גר,,125.00,100 גרם,false,1,6.20,4.96,true,1,446
7290005199288,false,מסטיק MUST בטעם פטל לימון ללא סוכר 28 גרם,"שטראוס גרופ בע""מ",IL,מאסט פטל לימון 28גר,,28.00,100 גרם,false,1,6.00,21.43,true,1,845
7290005199622,false,עד חצות ביסקוויט פרי,STRAUSS-ISRAEL,IL,עד חצות ביסקויט מרי,,200.00,100 גרם,false,1,17.90,8.95,true,1,8749
7290005199738,false,גומי מאסט בטעם פפרמינט ריח פה נעים פליפטופ 28 ג' עלית,"שטראוס גרופ בע""מ",IL,מאסט LL ריח פה 28ג,,28.00,100 גרם,false,1,6.00,21.43,true,1,259
7290005200786,false,תפוצ'יפס בטעם שמנת בצל עלית 50 גרם,"שטראוס פריטו ליי בע""\מ )",IL,תפוציפס שמנת 50גר,,50.00,100 גרם,false,1,5.90,11.80,true,1,230
7290005200908,false,שוק.פרה עם ביסקוויט 100ג,מיוצר עי קונדיטוריית,IL,פרה שוקולד ביסקוויט,,100.00,100 גרם,false,1,9.00,9.00,true,1,207
7290005201882,false,קפה טורקי בצלופן עלית 200 גרם,הנסיך- מפעל לייצור ט,IL,עלית קפה טורקי 200גר,,200.00,100 גרם,false,1,19.50,9.75,true,1,5894
7290005427107,false,סנו - סושי מגבות נייר הפלא 6 יחידות,מיוצר עי קונדיטוריית,IL,סושי 6 מגבות,,0.00,,false,1,14.00,0.00,true,1,16303
7290005431159,false,תותים בקצפת לייט עדן קינוחים 80 גרם,עדן קינוחים,IL,תותים בקצפת לייט,,0.00,,false,1,8.00,0.00,false,1,16872
7290005431883,false,מלבי חלבי עדן קינוחים 165 גרם,עדן קינוחים Eden,IL,מלבי עדן,,0.00,,false,1,7.50,0.00,true,1,16427
7290005553806,false,כסא כתר סאנטו,Unknown,,כסא כתר סאנטו,,0.00,,false,1,49.00,0.00,false,1,13309
7290005559907,false,פיצה משפחתית 100% גבינה מעדנות 500 גרם,מיוצר עי קונדיטוריית,IL,מעדנות פיצה משפחתית,,500.00,100 גרם,false,1,29.90,5.98,true,1,1203
7290005559914,false,פיצה משפחתית עם 100% גבינה בתוספת זיתים מעדנות 550 גרם,מיוצר עי קונדיטוריית,IL,מעדנות פיצה משפ.זיתי,,550.00,100 גרם,false,1,29.90,5.44,true,1,1214
7290005559990,false,בצק פילאס תורכי מעדנות 600 גרם,מיוצר עי קונדיטוריית,IL,בצק פילאס תורכי 600,,0.00,,false,1,26.90,0.00,true,1,16214
7290005569029,false,שום קלוף ישראלי 170 גרם,יגור חקלאות ועסקים,IL,שום קלוף 120,,0.00,,false,1,11.90,0.00,false,1,16428
7290005591761,false,דבש טהור מפרחי בר בלחיץ 400 ג' יד מרדכי,מכוורת יד מרדכי שטראוס ב,IL,דבש טהור לחיץ 400,,400.00,"100 מ""ל",false,1,29.90,7.48,true,1,12062
7290005605895,false,פאנטה אקזוטיק 0.5 חייב פקדון,החברה מרכזית לייצור,IL,פאנטה אקזוטיק 500,,500.00,"100 מ""ל",false,1,9.90,1.92,true,1,90
7290005790255,false,פז 4T BIKE לט פ 1,Unknown,,פז 4T BIKE לט פ 1,,0.00,,false,1,66.40,0.00,true,1,7247
7290005803628,false,קרחון מלון - צבע מאכל טבעי,גלידות נסטלה )נגה גלידות,IL,קרחון מלון,,80.00,100 גרם,false,1,4.00,5.00,true,1,269
7290005838002,false,מעדן גבינה ויוגורט בטעם וניל 88 ג' דניאלה,"שטראוס בריאות בע""מ",IL,דניאלה וניל 100 גר,,150.00,"100 מ""ל",false,1,4.50,3.00,true,1,377
7290005839108,false,גבינה לבנה סימפוניה עם תוספות 200 ג'+זיתים 5%,"שטראוס בריאות בע""\מ",IL,סימפוניה עם זיתים 5%,,200.00,100 גרם,false,1,12.50,6.25,true,1,362
7290005839313,false,"מילקי טופ מגולגלת שטראוס 170 מ""ל",מיוצר עי קונדיטוריית,IL,מילקי טופ מגולגלת,,130.00,"100 מ""ל",false,1,5.20,4.00,true,1,378
7290005854040,false,שלגון אסקימו משמש שטראוס,שטראוס,IL,קרחון אסקימו משמש,,75.00,100 גרם,false,1,4.00,5.33,true,1,4361
7290005854569,false,שלגון בננה מצופה שוקולד,שטראוס,,מצופה שוקו בננה,,70.00,100 גרם,false,1,7.90,11.29,true,1,3406
7290005854606,false,קרחון אסקימו שטראוס אננס,שטראוס,IL,שלגון אסקימו אננס,,84.00,100 גרם,false,1,4.00,4.76,true,1,270
7290005854613,false,שלגון אסקימו תותי פרוט 75 גר',שטראוס,IL,קרחון תותי פרוטי,,84.00,100 גרם,false,1,4.00,4.76,true,1,8763
7290005896415,false,"בירה איגל לאגר פרימיום 5% 500 מ""ל פחית","טמפו משקאות בע""מ",IL,איגל בירה 500מל,,0.00,,false,1,11.00,0.00,true,1,16170
7290005896460,false,"בירה איגל חזקה 7.8% 500 מ""ל פחית",טמפו,IL,פ.בירה איגל 500 מל,,0.00,,false,1,12.00,0.00,true,1,16878
7290005912115,false,ל.מ בלו ארוך בוקס 10 יח,פיליפ מוריס,,ל.מ בלו לייבל ארוך,,0.00,,false,1,300.00,0.00,false,1,2406
7290005966033,false,"יין לבן הר חרמון 750 מ""ל",יקבי רמת הגולן קצרין,IL,ירדן הר חרמון לבן,,750.00,"100 מ""ל",false,1,44.90,5.95,true,1,872
7290005966088,false,"יין הר חרמון אדום יבש 750מ""ל",יקבי רמת הגולן קצרין,IL,ירדן חרמון אדום 750,,750.00,"100 מ""ל",false,1,44.90,5.95,true,1,880
7290006199010,false,שלגון גלידל ג.תות,Unknown,,שלגון גלידל ג.תות,,0.00,,false,1,9.90,0.00,true,1,16894
7290006199188,false,שלגון גלידל א.מוקה,Unknown,,שלגון גלידל א.מוקה,,0.00,,false,1,9.90,0.00,true,1,16895
7290006210661,false,בונז'ור באגט 330 גרם,בונז'ור,,בונזור-באגט (אפיה),,0.00,,false,1,6.50,0.00,true,1,16156
7290006210876,false,בונז'ור לחמנית אצבע יח',בונז'ור,,בונזור לחמנית אצבע,,0.00,,false,1,2.50,0.00,true,1,10243
7290006229588,false,בירה איגל לאגר פרימיום חזקה 6.3% 500 מל,"טמפו משקאות בע""מ",IL,איגל בירה זהב %6 3,,0.00,,false,1,11.00,0.00,true,1,16467
7290006265500,false,פטריות שמפיניון ארוז מרינה,"מרינה פטריות הגליל בע""מ",IL,פטריות שמפיניון,,0.00,,false,1,12.90,0.00,true,1,15992
7290006271174,false,ג'חנון לאפיה בתנור מעדנות 700 גרם,מיוצר עי קונדיטוריית,IL,מעדנות גחנון בצק700,,700.00,100 גרם,false,1,21.90,3.13,true,1,1218
7290006271181,false,ג'חנון אפוי למיקרוגל מעדנות 750 גרם,מיוצר עי קונדיטוריית,IL,מעדנות גחנון אפוי750,,750.00,100 גרם,false,1,28.70,3.83,true,1,1211
7290006272072,false,חטיפי פיצה גבינה מעדנות 650 גרם,"מעדנות בע""\מ",IL,חטיפי פיצה מעדנות,,0.00,,false,1,39.90,0.00,true,1,16360
7290006281210,false,טוסט קלאסי 200 גרם,עינת תעשיות,IL,בייגל טוסט קלאסי,,200.00,100 גרם,false,1,18.00,9.00,true,1,2205
7290006282903,false,עינת סלט ניסואז 315ג,עינת תעשיות מזון,,עינת סלט ניסואז 315ג,,315.00,100 גרם,false,1,22.00,6.98,true,1,9525
7290006282972,false,עינת סלט יווני חלבי,עינת תעשיות מזון,,עינת סלט יווני חלבי,,300.00,100 גרם,false,1,22.00,7.33,true,1,9478
7290006463609,false,רול שוקולד אישי ארוז,איתנס,IL,רול שוקולד-כשלפ,,120.00,100 גרם,false,1,10.00,8.33,true,1,9809
7290006463616,false,רול קינמון כשלפ ארו,"איתנס' עוגות בע""מ",IL,רול קינמון-כשלפ,,120.00,100 גרם,false,1,10.00,8.33,true,1,9810
7290006463623,false,פרוסת עוגת שיש כשלפ,"איתנס' עוגות בע""מ",,פרוסת עוגת שיש כשלפ,,80.00,100 גרם,false,1,10.00,12.50,true,1,9811
7290006511225,false,פטריות חתוכות 290גר,Unknown,,פטריות חתוכות 290גר,,167.00,100 גרם,false,1,5.50,3.29,false,1,8816
7290006644480,false,תפוזינה תפוזים 0.5 ליטר,יפאורה שותפות מובגלת לשיווק,IL,תפוזינה תפוז 0.5 ל,,500.00,"100 מ""ל",false,1,8.90,1.72,true,1,15537
7290006644510,false,"מיץ ענבים 500 מ""ל תפוזינה",יפאורה שותפות מובגלת לשיווק,IL,תפוזינה ענבים 0.5 ל,,500.00,"100 מ""ל",false,1,8.90,1.72,true,1,15607
7290006644527,false,תפוזינה תות בננה 0.5 ליטר,יפאורה שותפות מובגלת לשיווק,IL,תפוזינה תות בננה 0.5,,500.00,"100 מ""ל",false,1,8.90,1.72,true,1,15538
7290006644626,false,ספרינג פירות טרופיים1.5ל,יפאורה שותפות מובגלת לשיווק,IL,ספרינג פירות טרופיים,,1.50,1 ליטר,false,1,11.90,7.93,true,1,1681
7290006651730,false,"ד""ר פישר - אלכוג'ל מגבונים לשמירת היגייניית הידיים 20 יח'","ד""ר פישר Dr fischer",IL,מגבונים להיגיינת היד,,100.00,"100 מ""ל",false,1,12.90,12.90,true,1,14128
7290006681065,false,"קסטה שוקו וניל ""שטראוס""","מיוצר ע""\י גלידת שטראוס",IL,טעמקור XLוניל עם שוק,,75.00,100 גרם,false,1,10.00,13.33,true,1,595
7290006681553,false,קרמבו בטעם וניל - מארז שמינייה פרווה,"גלידת שטראוס בע""\מ",IL,קרמבו וניל 8 יח,,234.00,100 גרם,false,1,19.90,8.50,true,1,1423
7290006681560,false,קרמבו בטעם מוקה שטראוס 8 יחידות,"גלידת שטראוס בע""מ",IL,קרמבו מוקה 8 יח,,0.00,,false,1,19.90,0.00,true,1,1424
7290006681843,false,מאגדת שלגון לייט מיני פרי יוגורט אפרסק 6 יח',"גלידת שטראוס בע""מ, ר",IL,לייט מיני פרי מאגדת,,900.00,"100 מ""ל",false,1,27.00,3.00,true,1,5361
7290006748009,false,זר פרחים פרימיום,Unknown,,זר פרחים מהודר,,0.00,,false,1,98.10,0.00,true,1,9718
7290006748072,false,"זר פרחים צבעוני ""פרחי דיאן""",פרחי ליידי דיאן,IL,זר פרחים עונתי,,0.00,,false,1,35.00,0.00,true,1,5133
7290006748089,false,יין נחל קריניאן מוני,יקב מוני,IL,עציץ- צמחי תבלין,,0.00,,false,1,9.90,0.00,false,1,12261
7290006748096,false,"זר פרחים מפואר ""פרחי דיאן""",פרחי ליידי דיאן,IL,זר פרחים מיוחד,,0.00,,false,1,49.50,0.00,true,1,5139
7290006748119,false,זר פרחים גרברה יחידה,שונות,IL,זר גרברה,,0.00,,false,1,59.00,0.00,true,1,11073
7290006748133,false,"זר פרחים רגיל ""פרחי דיאן""",פרחי ליידי דיאן,IL,זר פרחים קטן,,0.00,,false,1,24.70,0.00,true,1,5136
7290006748157,false,"זר פרחים 3 ""פרחי דיאן""",פרחי ליידי דיאן,IL,זר פרחים בינוני,,0.00,,false,1,30.00,0.00,true,1,5132
7290006748218,false,פרחים בקופסא,Unknown,,פרחים בקופסא,,0.00,,false,1,119.00,0.00,false,1,14129
7290006748225,false,זר פרחים 85 שח,Unknown,,זר מיוחד מס 9,,0.00,,false,1,85.00,0.00,false,1,14130
7290006748232,false,פרח בודד מס 12,Unknown,,פרח בודד מס 12,,0.00,,false,1,9.90,0.00,false,1,14131
7290006748249,false,זר מיוחד מס' 15,שונות,IL,זר מיוחד מס 15,,0.00,,false,1,75.00,0.00,false,1,14132
7290006748911,false,עציץ קטן יחידה,שונות,IL,עציץ קטן,,0.00,,false,1,12.00,0.00,false,1,12137
7290006748928,false,עציץ בינוני יחידה,שונות,IL,עציץ בינוני,,0.00,,false,1,27.00,0.00,false,1,12138
7290006748935,false,עציץ גדול יחידה,שונות,IL,עציץ גדול,,0.00,,false,1,44.00,0.00,false,1,12139
7290006748959,false,עציץ קטן 2 יחידה,שונות,IL,עציץ קטן 2,,0.00,,false,1,17.00,0.00,false,1,12141
7290006748966,false,עציץ בינוני 2 יחידה,שונות,IL,עציץ בינוני 2,,0.00,,false,1,22.00,0.00,false,1,12142
7290006748973,false,עציץ בינוני 3 יחידה,שונות,IL,עציץ בינוני 3,,0.00,,false,1,35.00,0.00,false,1,12143
7290006748980,false,עציץ גדול 2 יחידה,שונות,IL,עציץ גדול 2,,0.00,,false,1,62.00,0.00,false,1,12144
7290006764270,false,רביעיית סודה אשכולית,טמפו משקאות בע''מn\,IL,סודה אשכולית 1.5*4,,0.00,,false,1,19.90,0.00,true,1,17730
7290006764478,false,"בירה נשר מאלט בקבוק זכוכית 330 מ""ל","טמפו משקאות בע""מ",IL,נשר מאלט 330 בקבוק,,330.00,"100 מ""ל",false,1,9.00,2.64,true,1,867
7290006805355,false,"פילסברי, כדורים בטעם שוקולד, תערובת להכנת כדורים בטעם שוקולד. 500 גרם.",הדקלאים אגודת שיתופי,IL,פילסברי ת. לכ.שוקלד,,500.00,100 גרם,false,1,19.90,3.98,true,1,12072
7290006895387,false,שניצל אמיתי ביתיכשר לפסח,תנובה גליל שותפות מוגבלת,IL,שניצל ביתי כשלפ,,0.00,,false,1,48.90,0.00,true,1,16280
7290006983176,false,אוסם - לחמית שיפון 250 גרם,"אסם השקעות בע""\מ",IL,לחמית שיפון,,230.00,100 גרם,false,1,11.50,5.00,true,1,864
7290006983763,false,עוגת הבית שוקולד אסם 400 גרם,מיוצר עי קונדיטוריית,IL,עוגת הבית שוקולד 400,,400.00,100 גרם,false,1,17.90,4.47,true,1,667
7290006983770,false,עוגת הבית שיש אסם 400 גרם,מיוצר עי קונדיטוריית,IL,עוגת הבית שיש בחושה,,400.00,100 גרם,false,1,17.90,4.47,true,1,665
7290006983787,false,עוגת הבית שוקולד צ'יפס אסם 400 גרם,מיוצר עי קונדיטוריית,IL,עוגת הבית שוקו ציפס,,400.00,100 גרם,false,1,17.90,4.47,true,1,666
7290006983794,false,עוגת הבית בטעם תפוז אסם 400 גרם,מיוצר עי קונדיטוריית,IL,עוגת הבית תפוז בחושה,,400.00,100 גרם,false,1,17.90,4.47,true,1,7100
7290006991294,false,מעדן יוגורט מוזלי 35,עינת תעשיות מזון,,עינת מוזלי 355 גר,,355.00,100 גרם,false,1,16.00,4.51,true,1,5135
7290008154222,false,שניצלונים עוף טוב 700 גרם,"מוצרי עוף טוב (2001) בע""",IL,עוף טוב שניצלונים,,0.00,,false,1,20.90,0.00,true,1,16158
7290008336925,false,פחמים טיבון ויל 2קג,טיבון ויל,,פחמים טיבון ויל 2קג,,2.00,"1 ק""ג",false,1,21.90,10.95,true,1,9508
7290008409100,false,אצבעות שניצל בציפוי שומשום מאמא עוף 700 גרם,תנובה גליל שותפות מוגבלת,IL,אצבעות שניצל שומשום,,0.00,,false,1,39.90,0.00,true,1,16190
7290008409124,false,שניצל ג'ונגל פריך 700 ג' מאמא עוף,תנובה גליל שותפות מוגבלת,IL,שניצל גונגל 700 גר,,0.00,,false,1,39.90,0.00,true,1,16189
7290008409216,false,שניצל דק דק פריך מאמא עוף 700 גרם,תנובה גליל,IL,שניצל דק בציפוי פריך,,700.00,100 גרם,false,1,48.90,6.99,true,1,8783
7290008409407,false,שניצל דק צ'יפס מאמא עוף 700 גרם,תנובה גליל שותפות מוגבלת,IL,שניצל דק דק ציפס,,0.00,,false,1,48.90,0.00,true,1,16213
7290008409582,false,שניצל עוף אמיתי בציפוי ביתי מאמא עוף 700 גרם,תנובה גליל שותפות מוגבלת,IL,מאמאעוף שניצל א.ביתי,,0.00,,false,1,48.90,0.00,true,1,16168
7290008463966,false,עוגה בטעם דבש אנטיקב,Unknown,,עוגת דבש אנטיקביץ,,0.00,,false,1,10.90,0.00,false,1,17891
7290008464024,false,"בירה גולדסטאר Unfiltered, בירה לא מסוננת, פחית 500 מ""ל","טמפו משקאות בע""מ",IL,גולדסטאר לא מסונן פח,,500.00,"100 מ""ל",false,1,16.90,3.32,true,1,9333
7290008464109,false,"בירה גולדסטאר Unfiltered, בירה לא מסוננת, בקבוק 330 מ""ל","טמפו משקאות בע""מ",IL,גולדסטאר לא מסונן,,330.00,"100 מ""ל",false,1,13.90,4.12,true,1,7921
7290008464130,false,"בירה גולדסטאר Unfiltered, בירה לא מסוננת, מארז שישייה, בקבוק 330 מ""ל",טמפו,IL,גולדסטאר לא מסונן *6,,1980.00,"100 מ""ל",false,1,49.90,2.43,true,1,7922
7290008464208,false,"בירה מכבי 7.9%, בירה חזקה, בקבוק 330 מ''ל",טמפו משקאות בע''מ,IL,מכבי חזקה 7.9% חפ,,0.00,,false,1,15.00,0.00,true,1,16532
7290008464222,false,"בירה מכבי 7.9%, בירה חזקה, פחית 500 מ""ל","טמפו משקאות בע""\מ",IL,מכבי 7.9% אלכוהול,,500.00,"100 מ""ל",false,1,12.90,2.52,true,1,9910
7290008464345,false,"בירה גולדסטאר, בקבוק 330 מ''ל",טמפו משקאות בע''מ,IL,גולדסטאר בקבוק 330,,330.00,"100 מ""ל",false,1,14.90,4.42,true,1,127
7290008464468,false,"בירה גולדסטאר, פחית 500 מ""ל","טמפו משקות בע""\מ",IL,גולדסטאר פחית 500,,500.00,"100 מ""ל",false,1,14.00,2.74,true,1,128
7290008464475,false,"בירה מכבי, פחית 500 מ""ל","טמפו משקאות בע""\מ",IL,מכבי פחית 500,,500.00,"100 מ""ל",false,1,13.50,2.64,true,1,129
7290008464604,false,"בירה הייניקן פחית 500 מ""ל",טמפו משקאות בע''מ,NL,הייניקן פחית 500,,500.00,"100 מ""ל",false,1,18.00,3.54,true,1,131
7290008464611,false,"הסודה של טמפו, מי סודה בגיזוז חזק, 275 מל",טמפו משקאות בעמ,IL,סודה טמפו 275 מל,,275.00,"100 מ""ל",false,1,6.90,2.40,true,1,13057
7290008464673,false,"בירה גולדסטאר SLOWBREW פחית 10%, 500 מ""ל","טמפו משקאות בע""\מ",IL,גולדסטאר slow brew,,500.00,"100 מ""ל",false,1,16.00,3.14,true,1,13058
7290008464741,false,"בירה גולדסטאר, מארז שישייה, בקבוק 330 מ''ל","טמפו משקאות בע""\מ",IL,גולדסטאר בקבוק 6יח,,1.98,1 ליטר,false,1,50.00,24.34,true,1,493
7290008464796,false,"בירה היינקן, מארז שישייה, בקבוק 330 מ''ל",טמפו משקאות בע''מ,IL,הייניקן בקבוק 6*330,,1.98,1 ליטר,false,1,49.90,24.29,true,1,494
7290008466240,false,עוגת דבש אמה אנטיקבי,אנטיקוביץ,IL,עוגת דבש אמה אנטיקבי,,0.00,,false,1,23.90,0.00,false,1,17892
7290008644112,false,סלט מטבוחה יום יום אחלה 125 גרם,"שטראוס גרופ בע""\מ",IL,אחלה מטבוחה 125 גר,,125.00,100 גרם,false,1,6.20,4.96,true,1,448
7290008645935,false,חומוס לניגוב אחלה 750 ג',"שטראוס גרופ בע""\מ",IL,אחלה חומוס לניגוב750,,750.00,100 גרם,false,1,12.50,1.67,true,1,11397
7290008670142,false,"יין רקנאטי יסמין אדום 750 מ""ל",יקב רקאנטי,IL,רקאנטי יסמין אדום,,750.00,"100 מ""ל",false,1,44.90,5.95,true,1,3087
7290008670159,false,"יין רקנאטי יסמין לבן 750 מ""ל","יקבי רקנאטי בע""מ",IL,רקאנטי יסמין לבן,,0.00,,false,1,44.90,0.00,false,1,16196
7290008690713,false,נקטר חמוציות אושן ספריי פריגת 1 ליטר,מבשלות בירה בינלאומיות ב,IL,פריגת אושן ספרי חמוצ,,0.00,,false,1,15.90,0.00,true,1,16180
7290008693134,false,מעדן גבינה ויוגורט בטעם תות 5% שומן 88 ג' דניאלה,"שטראוס בריאות בע""מ",IL,דניאלה תות 100 גר,,150.00,"100 מ""ל",false,1,4.50,3.00,true,1,384
7290008745239,false,תפוצ'יפס קראנצ' בטעם טבעי עלית 50 גרם,"שטראוס פריטו ליי בע""\מ )",IL,תפוציפס קרנצי 50גר,,50.00,100 גרם,false,1,5.90,11.80,true,1,602
7290008747431,false,שוקולד פרה במילוי תות50ג,שטראוס גרופ,IL,פרה שוקולד תות50,,50.00,100 גרם,false,1,6.90,13.80,true,1,182
7290008747547,false,תפוצ'יפס קראנץ' בטעם טבעי עלית 200 גרם,"שטראוס פריטו ליי בע""\מ )",IL,תפוציפס אק.טבעי200,,200.00,100 גרם,false,1,15.00,7.50,true,1,7069
7290008749343,false,בפלות שחור לבן 400 גרם,STRAUSS-ISRAEL,IL,וופל שחור לבן 400,,400.00,100 גרם,false,1,18.50,4.62,true,1,1672
7290008750264,false,"מסטיק מאסט ציקלס דובדבן 28 גרם לל""ס מגדים","שטראוס גרופ בע""מ",IL,מאסט דובדבן 28,,28.00,100 גרם,false,1,6.00,21.43,true,1,262
7290008750400,false,שוקולד לבן+עוגיות100 גרם,STRAUSS-ISRAEL,IL,פרה ש.לבן עוגיה 100ג,,100.00,100 גרם,false,1,9.00,9.00,true,1,4824
7290008750677,false,שוקולד פרה במילוי תות 100 גרם ממולדה,שטראוס גרופ,IL,פרה מגדים תות 100 גר,,100.00,100 גרם,false,1,9.00,9.00,true,1,5870
7290008752244,false,תפוצ'יפס קראנץ' בטעם גריל עלית 50 גרם,"שטראוס פריטו ליי בע""\מ )",IL,תפוציפס קראנץ גריל,,50.00,100 גרם,false,1,5.90,11.80,true,1,677
7290008753111,false,תפוצ'יפס קראנץ' בטעם מקסיקני עלית 50 גרם,"שטראוס פריטו ליי בע""\מ )",IL,תפוציפס אקסט.מקסיקנ,,50.00,100 גרם,false,1,5.90,11.80,true,1,3441
7290008753883,false,בפלות טרפלס+פירורים350גר,STRAUSS-ISRAEL,IL,ופל פירורי טרפלס 350,,350.00,100 גרם,false,1,18.50,5.29,true,1,624
7290008754415,false,גומי מאסט בטעם ספירמינט עדין פליפטופ 28 ג' עלית,"שטראוס גרופ בע""מ",IL,מאסט LLספירמ,,28.00,100 גרם,false,1,6.00,21.43,true,1,1360
7290008754422,false,גומי מאסט בטעם פפרמינט קלאסי פליפטופ 28 ג' עלית,"שטראוס גרופ בע""מ",IL,מאסט LL קלאסי 28ג,,28.00,100 גרם,false,1,6.00,21.43,true,1,1363
7290008754613,false,רולדת שוקולד מצופה 350גר,STRAUSS-ISRAEL,IL,רולדת שוקולד פרה,,350.00,100 גרם,false,1,18.90,5.40,true,1,3965
7290008757003,false,"שוופס ג'ינג'ר 250 מ""ל זכוכית",שוופס,,שוופס גינגר 250מל,,0.00,,false,1,7.90,0.00,true,1,17570
7290008757010,false,"שוופס ביטר לימון 250 מ""ל",יפאורה שותפות מובגלת לשיווק,IL,שוופס ביטר 250 מל,,0.00,,false,1,7.90,0.00,true,1,17571
7290008757027,false,"שוופס טוניק 250 מ""ל זכוכית",יפאורה שותפות מובגלת לשיווק,IL,שוופס טוניק 250 מל,,0.00,,false,1,7.90,0.00,true,1,17572
7290008757034,false,"שוופס סודה זכוכית 250 מ""ל",יפאורה שותפות מובגלת לשיווק,IL,שוופס סודה 250 מל,,250.00,"100 מ""ל",false,1,6.90,2.64,true,1,973
7290008775816,false,ערגליות עוגיות במילוי שוקולד אסם 300 גרם,מיוצר עי קונדיטוריית,IL,ערגליות שוקו 300 גר,,300.00,100 גרם,false,1,12.90,4.30,true,1,430
7290008775823,false,ערגליות עוגיות תות שדה אסם 300 גרם,מיוצר עי קונדיטוריית,IL,ערגליות תות 300 גר,,300.00,100 גרם,false,1,12.90,4.30,true,1,431
7290008801157,false,"יין מרלו סלקטד כרמל כרמל 750 מ""ל",כרמל מזרחי,IL,סלקטד מרלו,,750.00,"100 מ""ל",false,1,35.00,4.63,true,1,319
7290008801430,false,מיץ ענבים טבעי אדום תירוש,"כד בני דרום בע""מ",IL,תירוש אדום ענבים 750,,750.00,"100 מ""ל",false,1,20.00,2.63,true,1,323
7290008801843,false,"יין קברנה סוביניון סלקטד כרמל 750 מ""ל","כד בני דרום בע""מ",IL,קברנה סובניון-סלקטד,,750.00,"100 מ""ל",false,1,35.00,4.63,true,1,320
7290008801850,false,סלקטד אמרלד ריזלינג לבן חצי יבש 750 מל,אגודת הכורמים הקואופרטיב,IL,אמרלד ריזלינג-סלקטד,,750.00,"100 מ""ל",false,1,35.00,4.63,true,1,321
7290008802291,false,יין מרלו פרייבט קולקשן יקבי כרמל,אגודת הכורמים הקואופרטיב,IL,מרלו P.C,,750.00,"100 מ""ל",false,1,50.00,6.63,true,1,15545
7290008802895,false,יין קברנה סוביניון פרייבט קולקשן יקבי כרמל,אגודת הכורמים הקאופורטיב,IL,קברנה סובניון PC 750,,750.00,"100 מ""ל",false,1,50.00,6.63,true,1,322
7290008805384,false,סלקטד מוסקטו לבן מבעבע 750 מל 2016,אגודת הכורמים הקואופרטיב,IL,ייו מוסקטו סלקטד,,750.00,"100 מ""ל",false,1,35.00,4.63,true,1,12079
7290008805520,false,"יין קברנה/סוביניון סלקטד כרמל 750 מ""ל","כד בני דרום בע""מ",IL,סלקטד קברנה/מרלו אדו,,750.00,"100 מ""ל",false,1,35.00,4.63,true,1,1316
7290008806305,false,"שלגון פצפצים ""שטראוס""","מיוצר ע"" גלידת שטראו",IL,פצפצים-תות בננה וסוכ,,97.00,100 גרם,false,1,8.90,9.18,true,1,298
7290008806961,false,גלידה שוקולד שבבי שוקולד פרה 1.33 ל' קרמיסימו,"גלידת שטראוס בע""\מ, רחוב",IL,קרמיסימו פרה ש.ציפ,,1.33,1 ליטר,false,1,25.00,18.80,true,1,5355
7290008835954,false,"אמנון פילה 5-7 וואקום - בד""ץ עדה חרדית",היינאן קשינגטאי,CN,פילה אמנון,קילוגרמים,1.00,"ק""ג",true,1,34.90,0.00,false,1,15980
7290008909723,false,שישייה בירה טובורג 3,מבשלות בירה בינלאומיות,IL,בירה טובורג 330 6יח,,1.98,1 ליטר,false,1,49.90,24.29,true,1,13555
7290008909761,false,"בירה קרלברג בקבוק 330 מ""ל",מבשלות בירה בינלאומי,IL,קרלסברג בקבוק 330,,330.00,"100 מ""ל",false,1,15.90,4.73,true,1,2234
7290008909853,false,"קוקה קולה זירו בקבוק 500 מ""ל.",החברה המרכזית לייצור משקאות,IL,קוקה קולה 0.5 ZERO,,500.00,"100 מ""ל",false,1,9.90,1.92,true,1,2334
7290008909860,false,קוקה קולה זירו 1.5 ליטר,החברה המרכזית לייצור משקאות,IL,קוקה קולה 1.5 ZERO,,1.50,1 ליטר,false,1,11.00,7.33,true,1,2333
7290008909877,false,קוקה קולה זירו בקבוק,החברה המרכזית לייצור משקאות,IL,קוקה קולה זירו6*1.5ל,,9.00,1 ליטר,false,1,44.90,4.99,true,1,15559
7290008909884,false,"קוקה קולה זירו 350 מ""ל בקבוק זכוכית",החברה המרכזית לייצור משק,IL,קוקה קולה ZERO קלאסי,,350.00,"100 מ""ל",false,1,9.90,2.74,true,1,6163
7290009001003,false,שלגון וניל מצופה,Unknown,,שלגון וניל מצופה,,55.00,100 גרם,false,1,7.90,14.36,true,1,15246
7290009018004,false,פיקדון בקבוק/פחית בו,Unknown,,פיקדון בקבוק,,0.00,,false,1,0.30,0.00,false,1,17579
7290011778125,false,ביצים M תרייסר - מוצר בפיקוח,יושלם,,12 ביצים טריות M בפי,,12.00,יחידה,false,1,10.40,0.87,false,1,15965
7290015475013,false,פחם 2 קג הדר השרון,Unknown,,פחם 2 קג הדר השרון,,2.00,"1 ק""ג",false,1,20.00,10.00,true,1,14165
7290016948127,false,מסכות שחורות 50 יח,Unknown,,מסכות שחורות 50 יח,,50.00,יחידה,false,1,17.90,0.36,false,1,15951
7290018441886,false,"קרם עוגיות 150 מ""ל - דולצ'ה דה לצ'ה",מוצרי איכות אמריקאים,IL,שורטי דולצה דה לצה,,150.00,"100 מ""ל",false,1,11.80,7.87,true,1,15684
7290100230145,false,בונז'ור חלה מתוקה 550ג',Unknown,,חלה מתוקה קלועה בונ,,0.00,,false,1,15.50,0.00,false,1,16229
7290100235317,false,בונז'ור סמבוסק פיצה אישי 180 גרם,Unknown,,סמבוסק פיצה אישי,,0.00,,false,1,10.00,0.00,false,1,16234
7290100235324,false,בונז'ור עוגת בריוש גבינה 500ג',בונז'ור,IL,עוגת בריוש גבינה,,550.00,100 גרם,false,1,29.90,5.44,true,1,8956
7290100235478,false,בונז'ור לחם דגנים 520ג',בונז'ור,,לחם דגנים אפוי,,0.00,,false,1,14.50,0.00,true,1,16204
7290100235492,false,בונז'ור לחם שיפון רוסי 575ג',בונז'ור,,לחם שיפון רוסי,,0.00,,false,1,15.00,0.00,true,1,16205
7290100235591,false,בונז'ור לחמניה כריך חטה מלאה 120ג',בונז'ור,,לחמניה ח.מלאה,,0.00,,false,1,3.90,0.00,true,1,16991
7290100240137,false,"תרסיס ריחני למייבש כחול בדין 500 מ""ל","זוהר דליה, קיבוץ דליה, 1",IL,בדין כחול ספריי,,0.00,,false,1,23.00,0.00,true,1,16308
7290100240632,false,קרקר פתית 200-300ג' 6 דגנים 250 גרם,יוניליוור ישראל מזון בע\,IL,פתית 6 דגנים בדצ,,250.00,100 גרם,false,1,21.00,8.40,true,1,6193
7290100246023,false,כריות במילוי קרם נוג,יוניליוור ישראל מזון בע\,IL,כריות נוגט כשר לפסח,,500.00,100 גרם,false,1,31.90,6.38,true,1,7131
7290100247808,false,נמס בכוס ט.עוף אקסטרה28ג,יוניליוור ישראל מזון בע\,IL,נמס אקסטרה עוף,,28.00,100 גרם,false,1,5.90,21.07,true,1,8017
7290100247815,false,נמס בכוס עגבנ.אקסטרה39גר,אתר חיפה אבקות,IL,נמס אקסטרה עגבניות,,39.00,100 גרם,false,1,5.90,15.13,true,1,7859
7290100249086,false,"קליק נוגט לבן כשל""פ35גרם","יונליוור ישראל מזון בע""\",IL,קליק נוגט לבן,,0.00,,false,1,7.50,0.00,true,1,7154
7290100653586,false,"דאודורנט ג'ל פרש פיוזן 24/7 ליידי ספיד סטיק 65 מ""ל",ליידי ספיד סטיק Lady Speed Stick,US,ליידי ס.סטיק 24/7,,65.00,100 גרם,false,1,27.90,42.92,true,1,10955
7290100680650,false,מנה חמה נודלס-אטריות ירקות טעם תאילנדי אסם 76 ג',PUB FOODS PRESIDENT THAI,TH,מנה חמה נודלס+ירקות,,76.00,100 גרם,false,1,10.00,13.16,true,1,7259
7290100680667,false,מנה חמה נודלס בסגנון סצ'ואן אסם 76 גרם,PUB FOODS PRESIDENT THAI,TH,מנה חמה נודלס סצואן,,67.00,100 גרם,false,1,10.00,14.93,true,1,5830
7290100681138,false,מארז אפרופו חטיף תירס 3 יחידות,"אסם השקעות בע""\מ",IL,מארז אפרופו*3 יח,,450.00,100 גרם,false,1,16.50,3.67,true,1,8565
7290100687109,false,אוסם - במבה במילוי קרם נוגט 60 גרם,"אסם השקעות בע""\מ",IL,במבה במילוי נוגט,,60.00,100 גרם,false,1,7.90,13.17,true,1,2585
7290100689301,false,אבקת מרק בטעם עוף זך עדיף אסם 400 גרם,"אסם השקעות בע""\מ",IL,עדיף זך טעם עוף 400ג,,0.00,,false,1,19.90,0.00,true,1,16309
7290100700396,false,"סוגת אורז יסמין קלאסי 1 ק""ג",האי נאם סי או אל.טי.,IL,סוגת אורז יסמין,,1.00,"1 ק""ג",false,1,13.00,13.00,true,1,13645
7290100701331,false,קמח רב תכליתי שטיבל קמח חיטה לבן בהיר,"שטיבל בע""\מ - טחנות קמח",IL,קמח רב תכליתי,,0.00,,false,1,8.90,0.00,true,1,16470
7290100825716,false,כפפות לטקס 100 Lיח,Unknown,,כפפות לטקס 100 Lיח,,100.00,יחידה,false,1,35.00,0.35,false,1,13717
7290100850459,false,מיקס ירוק עלית 390 ג,STRAUSS-ISRAEL,IL,מיקס חטיפי עלית 390,,390.00,100 גרם,false,1,30.00,7.69,true,1,15570
7290100850909,false,דוריטוס נאצ'ו מקסיקני 70 גרם,"שטראוס פריטו ליי בע""\מ",IL,דוריטוס נאצו 70 גר,,0.00,,false,1,6.90,0.00,true,1,5801
7290100850916,false,דוריטוס חמוץ חריף מעודן 70 גרם כשר לפסח,"שטראוס פריטו ליי בע""\מ )",IL,דוריטוס חמוץ חריף 70,,70.00,100 גרם,false,1,6.90,9.86,true,1,5776
7290100850923,false,דוריטוס בטעם גריל 70 גרם,"שטראוס פריטו ליי בע""\מ )",IL,דוריטוס גריל 70ג,,70.00,100 גרם,false,1,6.90,9.86,true,1,5775
7290100850930,false,דוריטוס בטעם טבעי 70 גרם,"שטראוס פריטו ליי בע""\מ )",IL,דוריטוס דיפ טבעי 70ג,,70.00,100 גרם,false,1,6.90,9.86,true,1,2458
7290100853689,false,בראוניס שוקולד עשירה380ג,STRAUSS-ISRAEL,IL,בראוניס שוקולד עשירה,,380.00,100 גרם,false,1,20.50,5.39,true,1,1332
7290100858226,false,טבלת פסק זמן קלאסי110גרם,STRAUSS-ISRAEL,IL,פסק זמן קלאסי,,110.00,100 גרם,false,1,12.00,10.91,true,1,1471
7290101112556,false,פופסיקל אננס,Unknown,,פופסיקל אננס,,0.00,,false,1,9.90,0.00,true,1,16993
7290101113164,false,שלגון גלידל ו.עוגיות,Unknown,,שלגון גלידל ו.עוגיות,,0.00,,false,1,9.90,0.00,true,1,16994
7290101113300,false,יופלה יוגורט וסורבה,Unknown,,יופלה יוגורט וסורבה,,70.00,100 גרם,false,1,7.00,10.00,true,1,15142
7290101113317,false,יופלה יוגורט וסורבה,Unknown,,יופלה יוגורט וסורבה,,70.00,100 גרם,false,1,7.00,10.00,true,1,15143
7290101113324,false,יופלה יוגורט סורבה,Unknown,,יופלה יוגורט סורבה,,70.00,100 גרם,false,1,7.00,10.00,true,1,15144
7290101113331,false,יופלה יוגורט,Unknown,,יופלה יוגורט,,80.00,100 גרם,false,1,7.00,8.75,true,1,15145
7290101113348,false,יופלה יוגורט,Unknown,,יופלה יוגורט,,80.00,100 גרם,false,1,7.00,8.75,true,1,15146
7290101113355,false,יופלה יוגורט,Unknown,,יופלה יוגורט,,80.00,100 גרם,false,1,7.00,8.75,true,1,15147
7290101113522,false,שלגון גלידל שוקלד,Unknown,,שלגון גלידל שוקלד,,0.00,,false,1,9.90,0.00,true,1,16995
7290101113539,false,טילון שוקולד לבן עם ליבת שוקולד קטן יולו 80 ג',פלדמן,IL,טילון יולו ל.שוקולד,,0.00,,false,1,9.90,0.00,true,1,16996
7290101113546,false,טילון יולו קטן שוקולד לבן עם עוגיות שוקולד,פלדמן,IL,טילון יולו ע.שוקולד,,0.00,,false,1,9.90,0.00,true,1,16997
7290101113553,false,טילון יולו שוקולד חלב עם נטיפי שוקולד גדול,פלדמן,IL,טילון גדול ש.חלב,,0.00,,false,1,12.50,0.00,true,1,16998
7290101113560,false,טילון יולו שוקולד לבן עם נטיפי שוקולד גדול,פלדמן,IL,טילון גדול נ.שוקולד,,0.00,,false,1,12.50,0.00,true,1,16999
7290101113577,false,טילון יולו שוקולד לבן עם קרם עוגיות גדול,פלדמן,IL,טילון גדול ק.עוגיות,,0.00,,false,1,12.50,0.00,true,1,17000
7290101113645,false,פופסיקל פירות טרופי,Unknown,,פופסיקל פירות טרופי,,0.00,,false,1,9.90,0.00,true,1,17001
7290101113690,false,יולו שוקולד לבן עם סירופ קרמל בלונד-,פלדמן,IL,יולו ש.לבן ק.בלונד,,0.00,,false,1,12.50,0.00,true,1,17002
7290101113706,false,יולו שוקולד חלב בציפוי שוקולד חלב וופל -,פלדמן,IL,יולו ש.חלב צ.וופל,,0.00,,false,1,12.50,0.00,true,1,17003
7290101113720,false,שלגון יולו שוקולד לבן ועוגיות,פלדמן,IL,יולו ש.לבן ועוגיות,,0.00,,false,1,12.50,0.00,true,1,17004
7290101113775,false,שלגון שייק פרי יופלה פריזי תות,פלדמן,IL,יופלה שייק פ.תות,,0.00,,false,1,9.90,0.00,true,1,17005
7290101113782,false,שלגון יופלה שייק פרי,פלדמן,IL,יופלה פריזי אננס,,0.00,,false,1,9.90,0.00,true,1,17006
7290101113799,false,שלגון שייק פרי יופלה פריזי מנגו 32ג',פלדמן,IL,יופלה פריזי מנגו,,0.00,,false,1,9.90,0.00,true,1,17007
7290101551027,false,קפסולות קפה אספרסו חזק במיוחד 14 עלית 10 יח',הנסיך- מפעל לייצור ט,IL,עלית ת. נספרסו 14,,10.00,יחידה,false,1,16.50,1.65,true,1,15163
7290101551539,false,יוגורט PRO בטעם אפרסק 0% 20 גרם חלבון בגביע,"שטראוס בריאות בע""מ",IL,דנונה פרו אפרסק 20ג,,200.00,100 גרם,false,1,6.90,3.45,true,1,12720
7290101551904,false,סבבה בוטנים אמריקאים,הנסיך- מפעל לייצור ט,IL,סבבה חמוץ חריף 50,,50.00,100 גרם,false,1,3.00,6.00,true,1,13817
7290101864127,false,"ספריי להסרת כתמים 750 מ""ל וניש קליה",קליה וניש Kalia Vanish,IL,קליה אוקסי ספריי,,0.00,,false,1,18.00,0.00,true,1,16310
7290102035007,false,מסטיק מאסט בטעם בזוקה28ג,"שטראוס גרופ בע""מ",IL,מאסט בזוקה 28,,28.00,100 גרם,false,1,6.00,21.43,true,1,2699
7290102390427,false,יוגורט ביו עם קציפת תות 3% שומן 150 ג' מולר,מולר Muller,IL,מולר תות 3%,,150.00,"100 מ""ל",false,1,5.70,3.80,true,1,2733
7290102391844,false,יוגורט ביו עם קציפת פירות יער3% שומן 150 ג' מולר,מולר Muller,IL,מולר פירות יער,,0.00,,false,1,5.70,0.00,false,1,16192
7290102392254,false,חלב בקרטון 1% 2 ליטר טרה,מילקו תעשיות בעמ,IL,חלב בקרטון 1%,,0.00,,false,1,11.72,0.00,true,1,17008
7290102393039,false,"יוגורט ביו קרמי מיקס פצפוצי שוקולד 7.6% מולר 170 מ""ל",קריות זול,IL,מולר mix עם פצפוצי,,170.00,100 גרם,false,1,7.30,4.29,true,1,4942
7290102393060,false,"יוגורט ביו קרמי מיקס גלילי ופל ואגוזים 5.9% מולר 170 מ""ל",קריות זול,IL,מולר mix עם גליליות,,170.00,100 גרם,false,1,7.30,4.29,true,1,4943
7290102393176,false,סימפלי פרוט יוגורט אפרסק 3% שומן 150 ג' מולר,מילקו תעשיות בעמ,IL,סימפלי פרוט אפרסק,,150.00,100 גרם,false,1,5.70,3.80,true,1,11404
7290102393190,false,"יוגורט סימפלי פרוט בטעם פירות יער 3% מולר 150 מ""ל",מילקו תעשיות בעמ,IL,מולר סימפלי פרוט יער,,150.00,"100 מ""ל",false,1,5.70,3.80,true,1,11405
7290102393299,false,יוגורט עיזים לשתייה 3% משק צוריאל 500 גרם,מיוצר עי קוד יצרן HG,IL,יוגורט עיזים לשתייה,,0.00,,false,1,14.90,0.00,true,1,16267
7290102394081,false,"יוגורט ביו קרמי מיקס קורנפלקס מצופה שוקולד מולר 170 מ""ל",מילקו תעשייה בעמ,IL,מולר מיקס +קורנפלקס,,170.00,100 גרם,false,1,7.30,4.29,true,1,11744
7290102394463,false,נעם גבינה צהובה פרוסה ואקום 28% טרה 500 גרם,Unknown,IL,גבינה צהובה נעם 500,,0.00,,false,1,30.00,0.00,true,1,16271
7290102394821,false,נעם גבינה צהובה פרוסה 28% טרה 200 גרם,מילקו תעשיות בעמ,IL,נעם ג.צהובה דק דק28%,,200.00,100 גרם,false,1,17.00,8.50,true,1,8954
7290102394845,false,נעם גבינה צהובה לייט פרוסה דק דק 9% טרה 200 גרם,מילקו תעשיות בעמ,IL,נעם ג.צהובה דק דק 9%,,200.00,100 גרם,false,1,18.00,9.00,true,1,13630
7290102395477,false,מעדן חלב בטעם שוקולד עם קצפת 123 ג' טרה,Unknown,IL,מו שוקולד עם קצפת,,0.00,,false,1,3.10,0.00,true,1,16239
7290102396948,false,חלב טרה 1 ליטר 3% קרטון רבנות,HIQ FOOD PRODUCTS,IL,טרה חלב קרטון 3% 1ל,,0.00,,false,1,6.23,0.00,false,1,9977
7290102396955,false,חלב 3% בקרטון 2 ליטר,HIQ FOOD PRODUCTS,IL,חלב בקרטון 3%,,0.00,,false,1,12.46,0.00,true,1,17009
7290102396962,false,חלב מפוסטר 3%שקית1ליטר,Unknown,IL,תנובה חלב שקית 3%,,1.00,1 ליטר,false,1,5.43,5.43,false,1,9978
7290102397600,false,מיקס יוגורט בתוספת שקדים ובוטנים מקורמלים 170 ג' מולר,מילקו תעשייה בעמ,IL,מולר מיקס שקדים+בוטן,,170.00,100 גרם,false,1,7.30,4.29,true,1,13667
7290102397617,false,יוגורט ביו קרמי עם כדורים מצופים שוקולד חום לבן,מולר Muller,IL,מולר מיקס כדורים,,170.00,100 גרם,false,1,7.30,4.29,true,1,11746
7290102397679,false,קוטג' וחצי 5% מהדרין טרה 375 גרם,מילקו,IL,קוטג וחצי טרה 5%,,0.00,,false,1,8.40,0.00,true,1,16362
7290102398065,false,חלב טרה בקרטון 2 ליטר מהדרין 3% - מוצר בפיקוח,הפריט בפיקוח,IL,חלב טרה 3% 2ל,,2.00,1 ליטר,false,1,12.46,6.23,true,1,13818
7290102398072,false,"חלב קרטון 3%-1 ליטר "" טרה"" -מוצר פיקוח",הפריט בפיקוח,IL,טרה חלב 3% 1למהדרין,,1.00,1 ליטר,false,1,6.23,6.23,false,1,12283
7290102398096,false,חמאה 200 ג וסטהיים,Unknown,,חמאה 200 ג וסטהיים,,200.00,100 גרם,false,1,7.88,3.94,false,1,15730
7290102398140,false,מעדן חלב+אורז מת.עדינ170,Unknown,IL,מ.רייס מעדן חלב אורז,,176.00,100 גרם,false,1,5.70,3.24,true,1,13819
7290102398188,false,מעדן חלב ואורז + תות170ג,Unknown,IL,מולר רייס תות,,176.00,100 גרם,false,1,5.70,3.24,true,1,12285
7290102398560,false,שוקו טרה מועשר בבקבוק 1 ליטר,מילקו תעשיות בעמ,IL,שוקו טרה בבקבוק 1 ל,,0.00,,false,1,12.40,0.00,false,1,16363
7290102398577,false,משקה חלב בטעם שוקו 2% בבקבוק אישי,מילקו תעשיות בעמ,IL,שוקו טרה בבקבוק אישי,,0.00,,false,1,6.80,0.00,true,1,16364
7290102398614,false,משקה חלב בטעם בננה טרה 1 ליטר,מילקו תעשיות בעמ,IL,משקה חלב בטעם בננה1ל,,0.00,,false,1,12.40,0.00,false,1,16471
7290102398638,false,משקה חלב בטעם מוקה טרה 1 ליטר,מילקו תעשיות בעמ,IL,משקה חלב בטעם מוקה1ל,,0.00,,false,1,12.40,0.00,false,1,16472
7290102399680,false,חלב 3% בבקבוק 1 ליטר,Unknown,IL,חלב בבקבוק 3% 1 ל,,1.00,1 ליטר,false,1,6.23,6.23,false,1,14692
7290103404758,false,סלט כרוב אדום במיונז אחלה 120 גרם,מיוצר עי קונדיטוריית,IL,אחלה כרוב אדום 120ג,,120.00,100 גרם,false,1,6.20,5.17,true,1,11747
7290103681173,false,"יין הר קברנה סובניון יקבי תבור 750 מ""ל.",מיוצר על ידי יקב תבור,IL,הר קברנה סובי 750מל,,750.00,"100 מ""ל",false,1,40.00,5.29,true,1,12723
7290103681180,false,"יין הר מרלו מיתוג תנשמת 750 מ""ל",מיוצר על ידי יקב תבור,IL,הר מרלו 750 מל,,750.00,"100 מ""ל",false,1,40.00,5.29,true,1,12724
7290103681210,false,"יין הר שרדונה מיתוג תנשמת 750 מ""ל",מיוצר על ידי יקב תבור,IL,הר שרדונה 750 מל,,750.00,"100 מ""ל",false,1,40.00,5.29,true,1,12725
7290103681227,false,"יין הר גוורצטרמינר מיתוג תנשמת 750 מ""ל",מיוצר על ידי יקב תבור,IL,הר גוורצטרמ 750 מל,,750.00,"100 מ""ל",false,1,40.00,5.29,true,1,12726
7290103681241,false,"יין הר מוסקטו מיתוג תנשמת 750 מ""ל",יקב תבור,IL,הר מוסקטו 2019,,750.00,"100 מ""ל",false,1,40.00,5.29,true,1,14170
7290103681739,false,"יין הר תבור לבן 750 מ""ל",מיוצר על ידי יקב תבור,IL,הר לבן 750 מל,,0.00,,false,1,40.00,0.00,true,1,17770
7290103701017,false,טאצ' נייר אפייה נשלף 50 יח',"שניב תעשיות נייר בע""",IL,טאצ נייר אפיה,,0.00,,false,1,9.90,0.00,false,1,17010
7290103701055,false,כוסות קרטון 8 אוז שניב,"שניב תעשיות נייר בע""",,כוס נייר 8 אוז 50יח,,0.00,,false,1,10.90,0.00,false,1,17011
7290103703905,false,ממחטות נייר טישו טוט,Unknown,,ממחטות פרשמרקט,,0.00,,false,1,12.90,0.00,false,1,17771
7290104060403,false,מסטיק מאסט בזוקה ענבים 28 ג',שטראוס גרופ,IL,מאסט בזוקה ענבים,,28.00,100 גרם,false,1,6.00,21.43,true,1,4336
7290104061219,false,וופל אצבעות רבע לשבע קרם אגוזים עלית 120ג',"שטראוס גרופ בע""מ",IL,רבע לשבע אגוזים,,120.00,100 גרם,false,1,14.50,12.08,true,1,5038
7290104061417,false,סלט חומוס עם טחינה אחלה 400 גרם,"שטראוס גרופ בע""\מ",IL,אחלה חומוס עם טחינה,,400.00,100 גרם,false,1,13.50,3.38,true,1,11401
7290104061431,false,סלט חומוס עם צנובר אחלה 400 גרם,"שטראוס גרופ בע""\מ",IL,אחלה חומוס צנובר,,400.00,100 גרם,false,1,13.50,3.38,true,1,11402
7290104061448,false,סלט חומוס עם חריף אחלה 400 גרם,מיוצר עי קונדיטוריית,IL,אחלה חומוס חריף,,400.00,100 גרם,false,1,13.50,3.38,true,1,11403
7290104064012,false,חטיף פסק זמן GOOD שוקולד לבן גוד 36 גרם,שולן צ'יקולטה גידה ס,TR,פסק זמן 2 good לבן,,0.00,,false,1,7.50,0.00,true,1,6606
7290104066016,false,"מילקי טופ עדשים 170 מ""ל","שטראוס גרופ בע""\מ",IL,מילקי טופ עדשים,,149.00,100 גרם,false,1,5.20,3.49,true,1,11406
7290104067198,false,ספלנדיד מריר 70%תפוז100ג,STRAUSS-ISRAEL,IL,ספלנדיד תפוז 100 גר,,100.00,100 גרם,false,1,12.90,12.90,true,1,10386
7290104067518,false,כיף כיף לבן מגדים 45 גרם,STRAUSS-ISRAEL,IL,כיף כף לבן מגדים,,45.00,100 גרם,false,1,6.90,15.33,true,1,10957
7290104067679,false,סלט טחינה אחלה 400גר,מיוצר עי קונדיטוריית,IL,טחינה 400 גר,,0.00,,false,1,13.00,0.00,true,1,16311
7290104067693,false,חומוס עם חריף 150 ג' אחלה,מיוצר עי קונדיטוריית,IL,אחלה חומוס חריף 150,,150.00,100 גרם,false,1,7.00,4.67,true,1,8925
7290104068539,false,מאסט פליפטופ מלון ואבטיח ללא גרעינים,"שטראוס גרופ בע""מ",IL,מאסט מלון אבטיח 28גר,,28.00,100 גרם,false,1,6.00,21.43,true,1,4812
7290104068546,false,גומי מאסט בטעם לימון קולה ללא סוכר 28 ג' עלית,"שטראוס גרופ בע""מ",IL,מאסט קולה לימון,,0.00,,false,1,6.00,0.00,true,1,5034
7290104289613,false,מטריה חצי אוטומטית,Unknown,,מטריה חצי אוטומטית,,0.00,,false,1,15.00,0.00,false,1,14693
7290104289620,false,מטריה חצי אוטומטית,Unknown,,מטריה חצי אוטומטית,,0.00,,false,1,15.00,0.00,false,1,14171
7290104500572,false,אפרופו חטיף תירס איטליאנו אסם 50 גרם,מיוצר עי קונדיטוריית,IL,אפרופו איטליאנו,,0.00,,false,1,8.50,0.00,true,1,8786
7290104503184,false,הבית עוגת שבת בראוניס טעם שוקולד ריבת חלב 380 גרם,מיוצר עי קונדיטוריית,IL,ע.בראוניס ש.ריבת ח,,0.00,,false,1,20.90,0.00,true,1,16263
7290104506819,false,"קראנץ' רולס כשל""פ 370גרם","אסם השקעות בע""מ",IL,קראנץ רולס כשלפ 370ג,,0.00,,false,1,29.90,0.00,true,1,8336
7290104508332,false,לחמנית בריוש,Unknown,,לחמנית בריוש,,0.00,,false,1,2.00,0.00,false,1,13541
7290104508943,false,במבה חטיף בוטנים אסם 200 גרם,"אסם השקעות בע""\מ",IL,במבה 200 גר,,200.00,100 גרם,false,1,15.90,7.95,true,1,8800
7290104509247,false,עוגת קרנץ בטעם שוקולד,בונז'ור,IL,עוגת קראנץ שוקולד,,650.00,100 גרם,false,1,24.90,3.83,true,1,8958
7290104570513,false,"תמר מגהול כחול 1 ק""",פרי וירק טמרה ושותפי,IL,תמר מגהול 1 קילו,,0.00,,false,1,19.90,0.00,true,1,16312
7290104690167,false,סט כבלי התנעה דגם600,Unknown,,סט כבלי התנעה דגם600,,0.00,,false,1,54.00,0.00,true,1,11082
7290104691638,false,משפך,Unknown,,משפך,,0.00,,false,1,10.00,0.00,true,1,11083
7290104692369,false,L וילון קדמי משקפים,Unknown,,L וילון קדמי משקפים,,0.00,,false,1,21.90,0.00,true,1,11084
7290104692376,false,XLוילון משקפים אפור,Unknown,,XLוילון משקפים אפור,,0.00,,false,1,30.00,0.00,true,1,11085
7290104692383,false,סוכך שמש לייזר L,Unknown,,סוכך שמש לייזר L,,0.00,,false,1,30.00,0.00,false,1,12146
7290104692444,false,סוכך כסף מתקפל עבה,Unknown,,סוכך כסף מתקפל עבה,,0.00,,false,1,10.00,0.00,true,1,11750
7290104693496,false,ג'ילדה גדולה צהובה מידות 0.2X43X64,Unknown,,מ.מיקרופייבר לרכב,,0.00,,false,1,29.00,0.00,false,1,17012
7290104693847,false,קומפרסור פלסטיק מיני,Unknown,,קומפרסור פלסטיק מיני,,0.00,,false,1,69.00,0.00,true,1,11087
7290104693854,false,מדחס אויר חד בוכנה,Unknown,,מדחס אויר חד בוכנה,,0.00,,false,1,95.00,0.00,false,1,13668
7290104694110,false,מאפרה עגולה עם מכסה,Unknown,,מאפרה עגולה עם מכסה,,0.00,,false,1,26.00,0.00,true,1,11088
7290104694233,false,H7 ערכת נורות חרום,Unknown,,H7 ערכת נורות חרום,,0.00,,false,1,31.90,0.00,true,1,11089
7290104694240,false,H4 ערכת נורות חרום,Unknown,,H4 ערכת נורות חרום,,0.00,,false,1,31.90,0.00,true,1,11090
7290104694530,false,מכסה מיכל דלק הברגה,Unknown,,מכסה מיכל דלק הברגה,,0.00,,false,1,25.00,0.00,true,1,11091
7290104694561,false,ג'ילדה קטנה צהובה מידות 0.2X32X43,Unknown,,גילדה קטנה לניקוי,,1.00,יחידה,false,1,12.00,12.00,false,1,14694
7290104695315,false,סט כבלי התנעה דגם 950,Unknown,,סט כבלי התנעה,,0.00,,false,1,79.00,0.00,true,1,11092
7290104695322,false,רצועת קשירה 2.5 מ,Unknown,,רצועת קשירה 2.5 מ,,0.00,,false,1,21.90,0.00,true,1,11093
7290104695339,false,רצועת קשירה רצט 5,Unknown,,רצועת קשירה רצט 5,,0.00,,false,1,41.90,0.00,true,1,11094
7290104695568,false,פחית ריח אורגנית,Unknown,,פחית ריח אורגנית,,0.00,,false,1,15.00,0.00,true,1,12727
7290104695759,false,אפוד זוהר תקני צהוב,Unknown,,אפוד זוהר תקני צהוב,,0.00,,false,1,20.00,0.00,true,1,11095
7290104695766,false,אשפתון לרכב,Unknown,,אשפתון לרכב,,0.00,,false,1,12.00,0.00,true,1,11096
7290104695797,false,שלט נהג חדש,Unknown,,שלט נהג חדש,,0.00,,false,1,10.90,0.00,true,1,11097
7290104695803,false,שלט נהגת חדשה,Unknown,,שלט נהגת חדשה,,0.00,,false,1,10.90,0.00,true,1,11098
7290104695865,false,וילון צד משקפים שחור,Unknown,,וילון צד משקפים שחור,,0.00,,false,1,12.90,0.00,true,1,11100
7290104696008,false,ג'ילדה גדולה צהובה מידות 0.2X43X64,Unknown,,גילדה גדולה לניקוי,,1.00,יחידה,false,1,15.00,15.00,false,1,14695
7290104698354,false,מגב יחיד שטוח,Unknown,,מגב יחיד שטוח,,1.00,יחידה,false,1,18.50,18.50,false,1,14696
7290104698378,false,מגב יחיד שטוח,Unknown,,מגב יחיד שטוח,,1.00,יחידה,false,1,18.50,18.50,false,1,14697
7290104698385,false,מגב יחיד שטוח,Unknown,,מגב יחיד שטוח,,1.00,יחידה,false,1,18.50,18.50,false,1,14698
7290104698392,false,מגב יחיד שטוח 24,Unknown,,מגב יחיד שטוח 24,,0.00,,false,1,18.50,0.00,false,1,17013
7290104698408,false,מגב יחיד שטוח 26,Unknown,,מגב יחיד שטוח 26,,0.00,,false,1,18.50,0.00,false,1,17014
7290104698415,false,מגב יחיד שטוח,Unknown,,מגב יחיד שטוח,,1.00,יחידה,false,1,18.50,18.50,false,1,14699
7290104699634,false,מגב יחיד שטוח 14,Unknown,,מגב יחיד שטוח 14,,0.00,,false,1,18.50,0.00,false,1,12729
7290104699641,false,מגב יחיד שטוח 16,Unknown,,מגב יחיד שטוח 16,,0.00,,false,1,18.50,0.00,false,1,12730
7290104699658,false,מגב יחיד שטוח 18,Unknown,,מגב יחיד שטוח 18,,0.00,,false,1,18.50,0.00,false,1,12731
7290104699665,false,מגב יחיד שטוח 19,Unknown,,מגב יחיד שטוח 19,,0.00,,false,1,18.50,0.00,false,1,12732
7290104699672,false,מגב יחיד שטוח 20,Unknown,,מגב יחיד שטוח 20,,0.00,,false,1,18.50,0.00,false,1,12733
7290104699689,false,מגב יחיד שטוח 21,Unknown,,מגב יחיד שטוח 21,,0.00,,false,1,18.50,0.00,false,1,12734
7290104699696,false,מגב יחיד שטוח 22,Unknown,,מגב יחיד שטוח 22,,0.00,,false,1,18.50,0.00,false,1,12735
7290104699702,false,מגב יחיד שטוח 24,Unknown,,מגב יחיד שטוח 24,,0.00,,false,1,18.50,0.00,false,1,12736
7290104699719,false,מגב יחיד שטוח 26,Unknown,,מגב יחיד שטוח 26,,0.00,,false,1,18.50,0.00,false,1,12737
7290104699726,false,מגב יחיד שטוח 28,Unknown,,מגב יחיד שטוח 28,,0.00,,false,1,18.50,0.00,false,1,12738
7290104722219,false,עוגת יומולדת ק.שוקולד330,"שטראוס גרופ בע""\מ.",IL,עוגה כושית וק.שוקולד,,330.00,100 גרם,false,1,18.90,5.73,true,1,7146
7290104722530,false,תפוצ'יפס בטעם שמנת בצל עלית 200 גרם,"שטראוס פריטו ליי בע""\מ )",IL,תפוציפס שמנת בצל200,,200.00,100 גרם,false,1,15.00,7.50,true,1,8853
7290104724718,false,שוק.במילוי קרם נוגט100גר,"שטראוס גרופ בע""מ",IL,ש.חלב במילוי נוגט,,0.00,,false,1,9.00,0.00,true,1,16241
7290104726484,false,טופי פרצופי תות עלית,"שטראוס גרופ בע""מ",IL,טופי פרצופי תות עלית,,150.00,100 גרם,false,1,6.90,4.60,true,1,12081
7290104728310,false,"שמנת מתוקה עמידה 38% שומן ""יטבתה"" -מוצר בפיקוח",שטראוס גרופ,IL,שמנת עמידה לקצפת,,250.00,100 גרם,false,1,6.18,2.47,false,1,13623
7290104729003,false,"יד מרדכי - שמן זית כתית מעולה 2 קלאסי 750 מ""ל",מכוורת יד מרדכי שטרא,IL,שמן זית יד מרדכי,,750.00,"100 מ""ל",false,1,37.90,5.05,true,1,15118
7290105360250,false,קפסולות 09 עשיר וארומטי למכונת נספרסו עלית 10יח',הנסיך- מפעל לייצור ט,IL,עלית ת. נספרסו 09,,10.00,יחידה,false,1,16.50,1.65,true,1,15160
7290105360328,false,קפסולות אספרסו חזק למכונות נספרסו 10 יח',הנסיך- מפעל לייצור ט,IL,עלית ת. נספרסו 10,,10.00,יחידה,false,1,16.50,1.65,true,1,15161
7290105360335,false,קפסולות אספרסו למכונות נספרסו 50 גר,הנסיך- מפעל לייצור ט,IL,עלית ת. נספרסו 07,,10.00,יחידה,false,1,16.50,1.65,true,1,15162
7290105361707,false,חטיף כיף כף שוקולד ל,מיוצר עי קונדיטוריית,IL,כיף כף לבן,,45.00,100 גרם,false,1,6.90,15.33,true,1,6447
7290105362339,false,"שמנת לבישול 15% 250 מ""ל יטבתה מהדרין",שטראוס גרופ,IL,יטבתה שמנת בישול 15%,,250.00,"100 מ""ל",false,1,8.50,3.40,true,1,13821
7290105362377,false,חטיף כיף כף חלב מגדי,"שטראוס גרופ בע""מ",IL,כיף כף מגדים 45 גר,,45.00,100 גרם,false,1,6.90,15.33,true,1,10956
7290105363572,false,שוק.פרה ביסקויט מגדים100,STRAUSS-ISRAEL,IL,פרה ביסקוויט מגדים,,100.00,100 גרם,false,1,9.00,9.00,true,1,15110
7290105363602,false,מקלות כיף כף קלאסי עלית 40 גרם,שולן צ'\יקולטה גידה סאן.,TR,כיף כף מקלות שוקולד,,40.00,100 גרם,false,1,7.00,17.50,true,1,7395
7290105364302,false,"עלית חטיף שוקולד כיף כף מקלות אגוזים, 40 גרם",שולן צ'\יקולטה גידה סאן.,TR,כיף כף מקלות אגוזים,,42.00,100 גרם,false,1,7.00,16.67,true,1,7397
7290105364784,false,שוקולד ביסקוויט לבן 100ג,STRAUSS-ISRAEL,IL,פרה ביסקוויט לבן,,100.00,100 גרם,false,1,9.00,9.00,true,1,7268
7290105364883,false,ביסקוויט עד חצות לבן200ג,STRAUSS-ISRAEL,IL,עד חצות לבן 200גר,,200.00,100 גרם,false,1,17.90,8.95,true,1,6892
7290105368331,false,מעדן מילקי בטעם תות עם קצפת,מחלבת אחיהוד,IL,מילקי תות -חדש,,0.00,,false,1,3.90,0.00,true,1,16230
7290105500151,false,וודקה פינלנדיה בקבוק,"אלטיה קורפ, הלסינקי,",FI,וודקה פינלנדיה 700מ,,700.00,"100 מ""ל",false,1,85.00,12.10,true,1,7269
7290105500236,false,וויסקי ג'ק דניאלס מס' 7 Brand No,ג'ק דניאלס Jack Daniel's,US,גק דניאלס 700מל,,700.00,"100 מ""ל",false,1,139.00,19.81,false,1,10333
7290105500953,false,"וויסקי ג'ק דניאלס דבש 700 מ""ל",ג'ק דניאל'ס,BE,גק דניאלס דבש,,700.00,"100 מ""ל",false,1,139.00,19.81,true,1,15637
7290105501431,false,וודקה פינלנדיה מהדורה700,"אלטיה קורפ, הלסינקי, פינ",FI,וודקה פינלנדיה 700מל,,700.00,"100 מ""ל",false,1,85.00,12.10,true,1,14701
7290105501578,false,פ.בומבי 4+צידנית,Unknown,,פ.בומבי 4+צידנית,,0.00,,false,1,49.90,0.00,true,1,17772
7290105501585,false,פ.בקרדי 4+צידנית,Unknown,,פ.בקרדי 4+צידנית,,0.00,,false,1,49.90,0.00,true,1,17773
7290105691224,false,אסם חטיפי פריכונים טורטייה שום בצל 60 גרם,"פרח תעשיות מזון בע""מ.",IL,חטיף טורטיה שום בצל,,60.00,100 גרם,false,1,9.90,16.50,true,1,6914
7290105691248,false,אסם חטיפי פריכונים טורטייה תירס 60 גרם,"פרח תעשיות מזון בע""מ.",IL,חטיף טורטיה תירס,,60.00,100 גרם,false,1,9.90,16.50,true,1,8812
7290105692474,false,עוגת בראוניס קוקוס 430גר,"אסם השקעות בע""\מ",IL,בראוניס קוקוס כשלפ,,0.00,,false,1,20.90,0.00,true,1,8337
7290105692498,false,"עוגת בראוניס כשל""פ430גרם","אסם השקעות בע""\מ",IL,עוגת בראוניס כשלפ,,0.00,,false,1,20.90,0.00,true,1,8338
7290105692511,false,"עוגת הבית שיש כשל""פ350גר","אסם השקעות בע""\מ",IL,עוגת הבית שיש,,0.00,,false,1,17.90,0.00,true,1,7155
7290105692535,false,עוגת שוקו שוקוצ'יפס350גר,"אסם השקעות בע""\מ",IL,הבית עוגת ש.שוקוציפס,,0.00,,false,1,17.90,0.00,true,1,7156
7290105693341,false,מארז עשיריית במבה אסם 25*10 גרם,"אסם השקעות בע""\מ",IL,מארז במבה 25 גר*10,,250.00,100 גרם,false,1,19.90,7.96,true,1,15546
7290105693457,false,עוגת הבית דמקה שוקו וניל אסם 320 גרם,מיוצר עי קונדיטוריית,IL,ע.הבית דמקה שוקוניל,,0.00,,false,1,17.90,0.00,true,1,16282
7290105693952,false,פירורית זהב אסם זהב שומשום 200 ג',מיוצר עי קונדיטוריית,IL,פירורית זהב,,0.00,,false,1,7.90,0.00,true,1,16513
7290105695321,false,עוגת הבית בראוניס פאדג' אסם 380 גרם,מיוצר עי קונדיטוריית,IL,ע.הבית בראוניס פאדג,,380.00,100 גרם,false,1,22.50,5.92,true,1,10268
7290105695895,false,עוגת הבית דמקה דבש 3,"אסם תעשיות בע""מ",IL,עוגת דבש דמקה,,320.00,100 גרם,false,1,17.00,5.31,true,1,7869
7290105790262,false,מי פז 1 ליטר 17יח,Unknown,,מי פז 1 ליטר 17יח,,1.00,1 ליטר,false,1,10.90,10.90,true,1,7272
7290105791573,false,תמיסת אוראה 4 ל,Unknown,,תמיסת אוראה 4 ל,,4.00,1 ליטר,false,1,20.00,5.00,true,1,14173
7290105961525,false,שוק.ספלנדיד מריר85% 100ג,"שטראוס גרופ בע""\מ",IL,ספלנדיד ש.מריר 85%,,100.00,100 גרם,false,1,12.90,12.90,true,1,10257
7290105962980,false,כרוב אדום במיונז 400 ג' אחלה,מיוצר עי קונדיטוריית,IL,אחלה כרוב אדום 400ג,,400.00,100 גרם,false,1,13.50,3.38,true,1,11753
7290105963000,false,סלט מטבוחה 400 ג' אחלה,מיוצר עי קונדיטוריית,IL,אחלה מטבוחה 400 גר,,400.00,100 גרם,false,1,13.00,3.25,true,1,12099
7290105964564,false,סלט חומוס אחלה 400גר,מיוצר עי קונדיטוריית,IL,חומוס אחלה 400 גר,,400.00,100 גרם,false,1,10.00,2.50,true,1,12100
7290105965738,false,יוגורט לשתיה בטעם תות בננה267 ג' דנונה,מיוצר עי קונדיטוריית,IL,דנונה משקה תות בננה,,267.00,100 גרם,false,1,6.40,2.40,true,1,8417
7290105968777,false,פריכיות 5 דגנים עם תחתית שוקולד מריר 70 גרם,"טחנת האבן תעשיות בע""",IL,פ.אנרגי שוקלד מריר,,70.00,100 גרם,false,1,9.90,14.14,true,1,8882
7290105990631,false,סלט ירקות יווני,Unknown,,סלט ירקות יווני,,320.00,100 גרם,false,1,23.00,7.19,true,1,10287
7290105990662,false,ס. ירקות וטונה כשלפ,Unknown,,ס. ירקות וטונה כשלפ,,330.00,100 גרם,false,1,23.00,6.97,true,1,10288
7290106262546,true,סאן&קאר ספריי שקוף,,,סאן&קאר ספריי שקוף,,0.00,,false,,35.00,0.00,true,1,11754
7290106262553,true,סאן&קאר ספרי ילדים,,,סאן&קאר ספרי ילדים,,0.00,,false,,35.00,0.00,true,1,11475
7290106262669,false,מגבונים נשטפים באסלה,Unknown,,מגבונים נשטפים באסלה,,60.00,יחידה,false,1,9.00,0.15,true,1,12147
7290106263857,true,סאן&קאר ילדים תרסיס,,,סאן&קאר ילדים תרסיס,,0.00,,false,,20.00,0.00,true,1,12515
7290106413122,false,סוכריות גומי נחש מוב,פיני גולוסינאס אספני,,סוכריות גומי מבריק,,200.00,100 גרם,false,1,12.90,6.45,true,1,10375
7290106413139,false,סוכריות גומי בננה אר,פיני גולוסינאס אספני,,סוכריות גומי בננה,,200.00,100 גרם,false,1,12.90,6.45,true,1,10376
7290106413146,false,סוכריות גומי דובי מו,פיני גולוסינאס אספני,,גומי דובנים מוברק,,200.00,100 גרם,false,1,12.90,6.45,true,1,15665
7290106413160,false,סוכריות גומי לב אפרס,פיני גולוסינאס אספני,,לב אפרסק גומי,,200.00,100 גרם,false,1,12.90,6.45,true,1,13544
7290106413184,false,סוכריות גומי חמוץ,Unknown,,סוכריות גומי חמוץ,,200.00,100 גרם,false,1,12.90,6.45,true,1,10377
7290106413283,true,שטיחים חמוץ פירות,,,שטיחים חמוץ פירות,,0.00,,false,,10.50,0.00,true,1,10378
7290106413290,false,ממתק חמוץ ומסוכר בטע,פיני גולוסינאס אספני,,שטיח תות ופטל,,0.00,,false,1,10.90,0.00,true,1,17015
7290106413351,false,שטיחים חמוץ טעם תות,Unknown,,שטיחים חמוץ טעם תות,,78.00,100 גרם,false,1,10.50,13.46,true,1,10379
7290106413795,false,לקריץ אבטיח מסוכר150,Unknown,,לקריץ אבטיח מסוכר150,,150.00,100 גרם,false,1,10.90,7.27,true,1,10381
7290106413818,false,גלי בינס 100 גר,Unknown,,גלי בינס 100 גר,,100.00,100 גרם,false,1,7.50,7.50,true,1,10382
7290106520066,false,"רבע לשבע שוקולד חלב במילוי אגוזים עלית 160 גרם בד""צ","הגביע מוצרי וופלים בע""\מ",IL,רבע לשבע,,150.00,100 גרם,false,1,14.50,9.67,true,1,7418
7290106524439,false,"תפוצ'יפס פופס 60 גרם ""עלית""","שטראוס פריטו ליי בע""\מ )",IL,תפוציפס פופס,,50.00,100 גרם,false,1,5.90,11.80,true,1,12291
7290106525368,false,גלילי וופל רבע לשבע אין סייד אוט 125 גר,"הגביע מוצרי וופלים בע""\מ",IL,רבע שבע שחור לבן,,125.00,100 גרם,false,1,14.50,11.60,true,1,7992
7290106525405,false,קפסולות 07 נטול נספרסו עלית 10 יח',שטראוס קפה בי.וי.,IL,קפסולות נטול קפאין,,0.00,,false,1,16.50,0.00,true,1,17774
7290106526822,false,פריכיות אורז חום מלא תחתית שוקולד חלב 80 גרם,"טחנת האבן תעשיות בע""",IL,פ.אנרגי ת.ש.חלב,,80.00,100 גרם,false,1,9.90,12.38,true,1,8412
7290106527386,false,אנרגי פריכיות מצופות שוקולד חלב 70ג,"שטראוס גרופ בע""\מ",IL,פרכיות אנרגי מצופות,,70.00,100 גרם,false,1,9.90,14.14,true,1,8413
7290106528567,false,"דוריטוס גריל 185 גרם ""עלית""","שטראוס פריטו ליי בע""\מ )",IL,דוריטוס גריל 185,,185.00,100 גרם,false,1,12.70,6.86,true,1,12292
7290106528628,false,"דוריטוס טבעי 185 גרם ""עלית""","שטראוס פריטו ליי בע""\מ )",IL,דוריטוס טבעי 185,,185.00,100 גרם,false,1,12.70,6.86,true,1,12741
7290106570023,false,"שטוחים שומשום כשל""פ 250ג","אסם השקעות בע""\מ",IL,ב.שטוחים שומשום כשלפ,,0.00,,false,1,16.90,0.00,true,1,7529
7290106570177,false,בייגלה שטוחים מלח 250 גר,"אסם השקעות בע""\מ",IL,ב.שטוחים מלח 250גר,,0.00,,false,1,16.90,0.00,true,1,7530
7290106571037,false,"מאגדת גומיגם 5יח כשל""פ",גלידות נסטלה )נגה גלידות,IL,גומיגם 5 יח מאגדת,,450.00,100 גרם,false,1,30.90,6.87,true,1,8913
7290106571792,false,קרחון ענבים ויטמנציק נסטלה,גלידות נסטלה )נגה גלידות,IL,קרחון ויטמינציק ענב,,80.00,100 גרם,false,1,4.00,5.00,true,1,7636
7290106574120,false,שלגון שרבט סוכריות גומיגם נסטלה 90 גרם,גלידות נסטלה )נגה גלידות,IL,גומיגם חדש,,90.00,100 גרם,false,1,10.90,12.11,true,1,8402
7290106574953,false,בייגלה שטוחים כעכים שטוחים עם שומשום,מיוצר עי קונדיטוריית,IL,שטוחים שומשום 300ג,,300.00,100 גרם,false,1,14.50,4.83,true,1,8306
7290106574977,false,בייגלה שטוחים כעכים שטוחים עם מלח,מיוצר עי קונדיטוריית,IL,בייגלה שטוחים 300ג,,300.00,100 גרם,false,1,14.50,4.83,true,1,8307
7290106576223,false,"אפרופו שוקולד 40 גרם ""אסם""",מיוצר עי קונדיטוריית,IL,אפרופו שוקולד 40גר,,40.00,100 גרם,false,1,8.00,20.00,true,1,11106
7290106576995,false,גלידה סורבה לה קרמריה תות מנגו לייט 1.4 ל' נסטלה,גלידות נסטלה )נגה גלידות,IL,לה קרמריה לייט סורבה,,0.00,,false,1,26.90,0.00,true,1,16264
7290106577282,false,טחינה אמיתית מרובע 400 ג' צבר,סלטי צבר,IL,צבר טחינה מרובע400,,0.00,,false,1,16.50,0.00,true,1,16314
7290106577480,false,חציל על האש בטחינה400גר,סלטי צבר,IL,צבר חציל על האש400,,0.00,,false,1,15.90,0.00,true,1,16245
7290106577503,false,חציל במיונז מרובע 400גרם,סלטי צבר,IL,צבר חציל במיונז 400ג,,0.00,,false,1,16.50,0.00,true,1,16246
7290106578692,false,ביסלי במבה מיקס מהדורת אליפות אסם 80 גרם,פרו מן יו פתרונות אר,IL,במבה ביסלי מיקס 80,,80.00,100 גרם,false,1,7.90,9.88,true,1,8567
7290106578821,false,עוגת הבית שמרים קלאסית שוקולד אסם 350 גרם,מיוצר עי קונדיטוריית,IL,עוגת הבית שמרים שוקו,,350.00,100 גרם,false,1,22.50,6.43,true,1,9962
7290106650930,false,קפה טורקי עלית שקית 85 גרם,Unknown,,טורקי 85 גרם,,0.00,,false,1,8.90,0.00,false,1,17016
7290106653504,false,סבבה בוטנים אמריקאים ברביקיו 50 גרם,"שטראוס פריטו ליי בע""",IL,סבבה בוטנים ברבקיו,,50.00,100 גרם,false,1,3.00,6.00,true,1,8004
7290106656512,false,וופל טורטית עם קרם ש,שטראוס גרופ,IL,בפלות טורטית 360 גרם,,360.00,100 גרם,false,1,19.90,5.53,true,1,9023
7290106658479,false,וופל טורטית שוקלד מגדים 40ג',"שטראוס גרופ בע""\מ",IL,טורטית 40 גר,,40.00,100 גרם,false,1,6.90,17.25,true,1,10335
7290106660649,false,חטיף ציטוס קראנץ בוט,"שטראוס פריטו ליי בע""\מ )",IL,ציטוס בוטנים,,80.00,100 גרם,false,1,6.60,8.25,true,1,11759
7290106662025,false,תפוציפס טבעי מלח ופלפל 50 גרם,"שטראוס פריטו ליי בע""",IL,תפוציפס טבעי 50גרם,,50.00,100 גרם,false,1,5.90,11.80,true,1,11760
7290106662223,false,וופל אפיפיות 400 גרם בד`צ כשלפ,"שטראוס גרופ בע""\מ",IL,אפיפיות ללג רבנות,,250.00,100 גרם,false,1,18.00,7.20,true,1,11761
7290106662384,false,בונ.איחולים מתוקים 42גרם,תופינית,IL,איחולים מתוקים 42,,42.00,100 גרם,false,1,12.00,28.57,true,1,9546
7290106662964,false,סוכריות נוסטלגיה גומי יין 80 גרם,טופגאם תעשיות ממתקים,IL,סוכריות גומי יין,,100.00,100 גרם,false,1,6.90,6.90,true,1,9927
7290106663121,false,"עוגה אישית במילוי קרם חלב ""מילקי קייק"" שטראוס",בובארד איטליה אס.פי.איי,IT,מילקי CAKE,,34.00,100 גרם,false,1,4.00,11.76,true,1,9918
7290106667266,false,"דוריטוס חמוץ חריף 185 גרם ""עלית""","שטראוס פריטו ליי בע""\מ )",IL,דוריטוס חמוץ חריף,,185.00,100 גרם,false,1,12.70,6.86,true,1,12111
7290106669406,false,רבע לשבע מוס אגוזים100ג,"הגביע מוצרי וופלים בע""\מ",IL,מוס רבע לשבע אגוזים,,100.00,100 גרם,false,1,18.90,18.90,true,1,14702
7290106669857,false,קפסולות אספרסו בטעם וניל עלית 10 יחידות,הנסיך- מפעל לייצור ט,IL,עלית ת. נספרסו וניל,,10.00,יחידה,false,1,16.50,1.65,true,1,15164
7290106720626,false,צ'יטוס קראנצ' בטעם גבינה - חלבי,"שטראוס פריטו ליי בע""\מ )",IL,ציטוס גבינה 80 גר,,80.00,100 גרם,false,1,6.60,8.25,true,1,11768
7290106721906,false,צנצנת בזוקה מגדים ציקלט 66 גרם,"שטראוס גרופ בע""מ",IL,בזוקה צנצנת מסטיקים,,66.00,100 גרם,false,1,12.00,18.18,true,1,9947
7290106721913,false,מסטיק מאסט MUST ללא סוכר בטעם מנטה מרעננת,"שטראוס גרופ בע""מ",IL,מאסט צנצנת ריח פה,,66.00,100 גרם,false,1,12.00,18.18,true,1,9948
7290106721920,false,צנצנת מסטיק מאסט בטעם ספירמינט עדין 66 ג' עלית,"שטראוס גרופ בע""\מ.",IL,מאסט צנצנת ספרמנט,,66.00,100 גרם,false,1,12.00,18.18,true,1,9949
7290106724990,false,חטיף שוקולד טורטית ל,Unknown,,טורטית לבן 40 גר,,0.00,,false,1,6.90,0.00,true,1,10354
7290106725966,false,מטבעות שוקולד חלבי 42גרם,STRAUSS-ISRAEL,IL,מטבעות שוקולד חלב,,42.00,100 גרם,false,1,6.90,16.43,true,1,10355
7290106727984,false,"כיף כף פצפצים בגביע 135 גרם ""עלית""",שולן צ'\יקולטה גידה סאן.,TR,כיףכף גביע פצפצים135,,135.00,100 גרם,false,1,14.90,11.04,true,1,11118
7290106728127,false,חלב טבעי בקבוק3.6% 1ליטר,מחלבת יטבתה,IL,יטבתה חלב טבעי בקבוק,,1.00,1 ליטר,false,1,8.50,8.50,true,1,10516
7290106729421,false,עוגת בראוניז טורטית380ג,"שטראוס גרופ בע""\מ",IL,ע.בראוניז טורטית בדצ,,380.00,100 גרם,false,1,20.50,5.39,true,1,12294
7290107280112,false,נייר טואלט סנו סופט 24 גלילים,"סנו מפעלי ברונוס בע""\מ",IL,נייר טואלט סופט 24יח,,24.00,יחידה,false,1,26.90,1.12,true,1,12742
7290107646147,false,"חטיף שוגי קורנפלקס תלמה 156 גרם מארז 6 יחידות בד""צ",יוניליוור ישראל מזון בעמ,IL,מ.שוגי קורנפלקס שישה,,156.00,100 גרם,false,1,18.00,11.54,true,1,12295
7290107646826,false,"חטיף שוגי שוקו תלמה 156 גרם מארז 6 יחידות בד""צ",יוניליוור ישראל מזון בעמ,IL,מ.שוגי בטעם שוקו,,156.00,100 גרם,false,1,18.00,11.54,true,1,13238
7290107646833,false,"חטיף שוגי פצפוצים תלמה 138 גרם מארז 6 יחידות בד""צ",יוניליוור ישראל מזון בעמ,IL,מ.שוגי עם שוקולד לבן,,138.00,100 גרם,false,1,18.00,13.04,true,1,13722
7290107647625,false,מאגדת קורנטו וניל כשר לפ,"מיוצר ע""\י גלידת שטראוס",IL,מאגדת קורנטו כשלפ,,0.00,,false,1,36.00,0.00,true,1,17018
7290107647632,false,קורנטו וניל כשר לפסח,"גלידת שטראוס בע""\מ, רח'",IL,טילון קונטו וניל,,63.00,100 גרם,false,1,10.00,15.87,true,1,14178
7290107647649,false,מיני סולרו קוקוס אננס 62,"גלידת שטראוס בע""\מ",IL,סולרו קוקוס אננס יח,,62.00,100 גרם,false,1,8.90,14.35,true,1,12743
7290107647670,true,שלגון טורטית,,,שלגון טורטית,,0.00,,false,,11.50,0.00,true,1,12532
7290107647854,false,"שוגי מופחת סוכר תלמה 500 ג' בד""צ",יוניליוור ישראל מזון בעמ,IL,שוגי 20% מופחת סוכר,,0.00,,false,1,25.90,0.00,true,1,16317
7290107649117,false,קליק שוקולד חלב במיל,יוניליוור ישראל מזון,IL,קליק בר קרם חלב,,35.00,100 גרם,false,1,7.50,21.43,true,1,12745
7290107649681,false,טילון פסק זמן - נוגט קראנץ',"מיוצר ע""\י גלידת שטראוס",IL,קורנטו פסק זמן,,64.00,100 גרם,false,1,10.00,15.62,true,1,12748
7290107649780,false,שלגון שוקובו שוקו 85,"מיוצר ע""\י גלידת שטראוס",IL,שוקובו שוקו,,85.00,100 גרם,false,1,11.50,13.53,false,1,12752
7290107649797,true,שוקובו ציפוי לבן,,,שוקובו ציפוי לבן,,0.00,,false,,11.50,0.00,false,1,12753
7290107649858,false,טילון מגנוםלבן -גלידת שמנת,"מיוצר ע""\י גלידת שטראוס",IL,טילון מגנום לבן,,100.00,100 גרם,false,1,12.50,12.50,true,1,12755
7290107865203,false,סמארט 4500 שאיפות אב,shenzhen shengsi,CN,סמארט אבטיח אייס,,0.00,,false,1,119.90,0.00,false,1,17019
7290107865234,false,סמארט 4500 שאיפות תו,shenzhen shengsi,CN,סמארט תות אייס,,0.00,,false,1,119.90,0.00,false,1,17020
7290107865241,false,סמארט 4500 שאיפות מנ,shenzhen shengsi,CN,סמארט מנגו אייס,,0.00,,false,1,119.90,0.00,false,1,17021
7290107865258,false,סמארט 4500 שאיפות ענ,shenzhen shengsi,CN,סמארט ענבים אייס,,0.00,,false,1,119.90,0.00,false,1,17022
7290107870047,false,"טילון אקסטרים מטבע ענק בראוניז, 115 ג'",תות תעשיות מזון (201,IL,אקסטרים ענק בראוניז,,120.00,100 גרם,false,1,12.90,10.75,true,1,9565
7290107871532,false,מאגדת קרחוני מלון דובדבן נסטלה 10 יחידות,גלידות נסטלה )נגה גלידות,IL,מאגדת קרחונים דובדבן,,750.00,100 גרם,false,1,19.90,2.65,true,1,9970
7290107871600,false,חלה קלועה מקמח חיטה,בונז'ור,IL,חלה קלועה חיטה מלא,,0.00,,false,1,14.00,0.00,true,1,16318
7290107871723,false,פריכיות גדול שוקו100כשלפ,מיוצר עי קונדיטוריית,BE,פיטנס פריכ שו כלפ,,100.00,100 גרם,false,1,10.90,10.90,true,1,12304
7290107871990,false,"פסטה צינורות 500 גרם ""אסם""",פסטה זארה,IT,פסטה צינורות אסם,,0.00,,false,1,7.00,0.00,false,1,16367
7290107879521,false,קרחוני לה פרוטה La Frutta תות שדה - 5 יח',גלידות נסטלה )נגה גלידות,IL,מאגדת להפרוטה תות,,350.00,100 גרם,false,1,27.90,7.97,true,1,13245
7290107879569,false,קרחון לה פרוטה שרבט מנגו מאגדת 5יח',גלידות נסטלה )נגה גלידות,IL,מאגדת להפרוטה מנגו,,350.00,100 גרם,false,1,27.90,7.97,true,1,13246
7290107879620,false,קרחון שרבט מלון תפוח לה פרוטה נסטלה 70 גרם,גלידות נסטלה )נגה גלידות,IL,לה פרוטה תפוח מלון,,70.00,100 גרם,false,1,9.90,14.14,true,1,10465
7290107879644,false,גלידה לה פרוטה בננה תמר פקאן 70 גר,גלידות נסטלה )נגה גלידות,IL,לה פרוטה בננה תמר,,70.00,100 גרם,false,1,9.90,14.14,true,1,10466
7290107879668,false,קרחון שרבט תות לה פרוטה נסטלה 70 גרם,גלידות נסטלה )נגה גלידות,IL,לה פרוטה שלגון תות,,70.00,100 גרם,false,1,9.90,14.14,true,1,10467
7290107879699,false,קרחון שרבט מנגו לה פרוטה נסטלה 70 גרם,גלידות נסטלה )נגה גלידות,IL,לה פרוטה שלגון מנגו,,70.00,100 גרם,false,1,9.90,14.14,true,1,10468
7290107879712,false,שלגון לה פרוטה פירות אדומים 70 גרם,נסטלה גלידות,IL,לה פרוטה פ.אדומים,,0.00,,false,1,8.90,0.00,true,1,10469
7290107931397,false,כיף כף פצפוצים במילוי שוקולד 40 גרם,שולן צ'\יקולטה גידה סאן.,TR,כיף כף פצפצים 40 גר,,40.00,100 גרם,false,1,7.00,17.50,true,1,10360
7290107931465,false,פריכיות תחתית שוק.לבן70ג,"שטראוס גרופ בע""\מ",IL,אנרגי פ.שוקולד לבן,,70.00,100 גרם,false,1,9.90,14.14,true,1,10503
7290107932080,false,חלב מועשר יוטבתה בבקבוק 3% 1 ליטר,מחלבת יטבתה,IL,חלב בקבוק 3% מועשר,,1.00,1 ליטר,false,1,8.50,8.50,true,1,10514
7290107932127,false,חלב מועשר2% בקבוק 1ליטר,STRAUSS-ISRAEL,IL,חלב בבקבוק 2% מועשר,,0.00,,false,1,8.50,0.00,true,1,17023
7290107932134,false,חלב מועשר יוטבתה בבקבוק 1% 1 ליטר,מחלבת יטבתה,IL,חלב בקבוק 1% מועשר,,1.00,1 ליטר,false,1,8.50,8.50,true,1,10515
7290107933315,false,חלב דל לקטוז בקבוק2% 1ל,מחלבת יטבתה,IL,יטבתה חלב בבקבוק ד.ל,,1.00,1 ליטר,false,1,8.50,8.50,false,1,13823
7290107933643,false,משקה חלב+דגנים ובננה250מ,מחלבת יטבתה,IL,ארוחה בבקבוק בננה,,250.00,"100 מ""ל",false,1,5.50,2.20,true,1,10520
7290107933650,false,ארוחה קטנה בבקבוק תות250,מחלבת יטבתה,IL,ארוחה בבקבוק תות,,250.00,"100 מ""ל",false,1,5.50,2.20,false,1,10521
7290107935999,false,עד חצות חלב קרמל 190 גרם,"שטראוס גרופ בע""\מ",IL,עד חצות חלב מקורמל,,0.00,,false,1,17.90,0.00,true,1,10446
7290107936309,false,דנונה יוגורט 7% יווני לבן 130 ג',"שטראוס בריאות בע""מ",IL,דנונה יווני לבן,,120.00,100 גרם,false,1,3.70,3.08,true,1,13655
7290107936958,false,עד חצות ביסקוויט אצבעות שוקולד 125 גרם,ביסקוויטס טור ד'\אלבון,FR,מארז עד חצות אצבעות,,125.00,100 גרם,false,1,14.50,11.60,true,1,12305
7290107936965,false,עיגולים עד חצות עם שוקולד חלב 225 גר,ביסקווטרי עוגיות סנט,FR,מארז עד חצות עיגולים,,225.00,100 גרם,false,1,17.90,7.96,true,1,12306
7290107937627,false,מסטיק מאסט Must קוביות ללא סוכר בטעם מנטה עדינה,אסקום קונפקשיין,DE,מאסט צנצנת ספירמינט,,58.00,100 גרם,false,1,12.00,20.69,true,1,11152
7290107937634,false,צנצנית מסטיק מאסט קוביות פפירמינט 58 ג' עלית,אסקום קונפקשיין,DE,מאסט צנצנת פפירמינט,,58.00,100 גרם,false,1,12.00,20.69,true,1,11153
7290107937641,false,צנצנת מסטיק בזוקה קוביות ללא סוכר,אסקום קונפקשיין,DE,מאסט צנצנת בזוקה,,58.00,100 גרם,false,1,12.00,20.69,true,1,11154
7290107937665,false,פרה מיני ביסקוויט,Unknown,,פרה מיני ביסקוויט,,20.00,100 גרם,false,1,3.10,15.50,true,1,14179
7290107939003,false,"עד חצות לבן אגוזים כשל""פ","שטראוס גרופ בע""\מ",IL,כשלפ עד חצות לבן,,0.00,,false,1,17.90,0.00,true,1,11782
7290107940467,false,אקטיביה יוגורט 1.5% שומן 200 ג' דנונה,מיוצר עי קונדיטוריית,IL,אקטיביה 1.5%,,200.00,100 גרם,false,1,4.50,2.25,false,1,13824
7290107942324,true,מילקי שוקולד עשיר,,,מילקי שוקולד עשיר,,0.00,,false,,4.00,0.00,true,1,12148
7290107942355,false,תפוצ'יפס מקלות בטעם טבעי 60 גרם,"שטראוס פריטו ליי בע""",IL,תפוציפס מקלות טבעי,,60.00,100 גרם,false,1,5.90,9.83,true,1,11174
7290107943048,false,ופל טורטית מוקטן 90,"שטראוס גרופ בע""מ",IL,וופל טורטית 90 גר,,90.00,100 גרם,false,1,6.90,7.67,true,1,11177
7290107943550,false,עוג.שוקוציפס שחור לבן180,שטראוס,IL,ע.שוקוציפס שחור לבן,,180.00,100 גרם,false,1,13.90,7.72,true,1,12307
7290107944236,false,עוגת רולדה קרם קפה נ,Unknown,,עלית רולדה קפה נמס,,350.00,100 גרם,false,1,18.90,5.40,true,1,15550
7290107944243,false,אפיפיות בטעם שוקולד 200 גרם כשר לפסח,"שטראוס גרופ בע""\מ",IL,אפיפיות200 ג ל.גלוטן,,200.00,100 גרם,false,1,9.50,4.75,true,1,12308
7290107944366,false,רבע לשבע אצבעות וופל לבן עלית 120ג',"הגביע מוצרי וופלים בע""\מ",IL,רבע לשבע לבן בדצ,,120.00,100 גרם,false,1,14.50,12.08,true,1,11798
7290107944373,false,ביסקוויט עד חצות בלו,STRAUSS-ISRAEL,,עד חצות בלונדי,,200.00,100 גרם,false,1,17.90,8.95,true,1,14180
7290107944410,false,חלב מועשר 1% יטבתה כד 2ל,שטראוס,IL,חלב 1% בקבוק,,0.00,,false,1,17.00,0.00,false,1,17024
7290107944472,false,סימפוניה גבינה במרקם שמנת 5% שום שמיר,"שטראוס בריאות בע""\מ",IL,סימפוניה שום שמיר 5%,,200.00,100 גרם,false,1,12.50,6.25,true,1,13656
7290107945332,false,בפלות טראפלס בדצ,Unknown,,בפלות טראפלס בדצ,,87.50,100 גרם,false,1,6.90,7.89,true,1,12310
7290107947473,false,אנרגי תחתית פסק זמן24*6ג,"שטראוס גרופ בע""\מ",IL,אנרגי מאגדת פסק זמן,,198.00,100 גרם,false,1,16.00,8.08,true,1,12761
7290107947480,false,אנרגי חטיפי דגנים מצופה אגוזים ושוקולד 6,"שטראוס גרופ בע""\מ",IL,מ.מצופה שוקולד חלב,,168.00,100 גרם,false,1,16.00,9.52,true,1,12762
7290107947497,false,אנרגי תחתית פסז,Unknown,,אנרגי תחתית פסז,,33.00,100 גרם,false,1,5.00,15.15,true,1,12763
7290107947503,false,אנרגי מצופה שוקולד,Unknown,,אנרגי מצופה שוקולד,,28.00,100 גרם,false,1,5.00,17.86,true,1,12764
7290107947763,false,עדשים מיני לקישוט 130גרם,"שטראוס גרופ בע""\מ",IL,מיני עדשים לאפייה,,130.00,100 גרם,false,1,11.50,8.85,true,1,12311
7290107947992,false,שוקולד אקסטרה חלב ווסטעהיים,"שטראוס גרופ בע""\מ",IL,שוקולד אקסטרה חלב,,100.00,100 גרם,false,1,9.00,9.00,true,1,12765
7290107948029,false,שוק.אקסטרה צימוק+אגוז100,"שטראוס גרופ בע""\מ",IL,ש.אקסטרה צימוק ושקד,,100.00,100 גרם,false,1,9.00,9.00,true,1,12767
7290107951104,false,בפלות ופלים ארוכים בטעם שוקולד,"שטראוס גרופ בע""\מ",IL,בפלות שוקולד 200 גר,,200.00,100 גרם,false,1,6.00,3.00,true,1,11182
7290107951111,false,בפלות ופלים ארוכים בטעם לימון,"א.ג. גילרו בע""\מ",IL,בפלות לימון 200 גר,,200.00,100 גרם,false,1,6.00,3.00,true,1,11183
7290107951548,false,שוקולד בלונדי שקדים100ג,"שטראוס גרופ בע""\מ",IL,בלונדי שוקולד שקדים,,100.00,100 גרם,false,1,10.00,10.00,true,1,12314
7290107951623,false,שוקולד פרה בלונדי קרמל ומלח,"שטראוס גרופ בע""\מ",IL,בלונדי שוקולד קרמל,,100.00,100 גרם,false,1,10.00,10.00,true,1,12315
7290107951678,false,חטיף שוקולד קראנץ קו,STRAUSS-ISRAEL,,פרה קראנץ קוקי,,98.00,100 גרם,false,1,9.00,9.18,true,1,12317
7290107951715,false,צנצנת מסטיק מאסט קוביות בטעם ענבים 58 ג' עלית,אסקום קונפקשיין,IL,מאסט צנצנת ענבים,,58.00,100 גרם,false,1,12.00,20.69,true,1,11809
7290107954457,false,בראוניז פסק זמן 380 גרם,"שטראוס גרופ בע""\מ",IL,עוגת בראוניז פז בדצ,,380.00,100 גרם,false,1,20.50,5.39,true,1,12318
7290107954976,false,משקה חלב PRO עם קפה 1.5% 25 גרם חלבון בבקבוק,מחלבת יטבתה,DE,משקה יטבתה פ.קפה 350,,300.00,"100 מ""ל",false,1,7.50,2.50,true,1,12320
7290107956642,false,"תרסיס שמן זית 150 מ""ל יד מרדכי כשלפ",פארייפאבה אגרואינדוס,ES,תרסיס שמז,,0.00,,false,1,19.90,0.00,true,1,15996
7290107956826,false,עוגיות שוקוצ'יפס לבן180ג,"שטראוס גרופ בע""\מ",IL,ע.שוקוציפס ת. לבן,,180.00,100 גרם,false,1,12.00,6.67,true,1,12322
7290107956833,false,עוגיות שוקוצ'יפס חלב180ג,"שטראוס גרופ בע""\מ",IL,ע.שוקוציפס ת. חלב,,180.00,100 גרם,false,1,12.00,6.67,true,1,12323
7290107956901,false,קפסולות בטעם אגוזים למכונת נספרסו עלית 10 יחידות,שטראוס קפה בי.וי.,IL,עלית ת.נספרסו א.לוז,,10.00,יחידה,false,1,16.50,1.65,true,1,15165
7290107956925,false,קפסולות 13 אוגנדה למכונת נספרסו עלית 10יח',שטראוס קפה בי.וי.,IL,עלית ת. נספרסו 13,,10.00,יחידה,false,1,16.50,1.65,true,1,15166
7290107956932,false,קפסולות אספרסו אידונזיה למכונות 50 גר,שטראוס קפה בי.וי.,IL,קפסולות 12 אינדונזיה,,0.00,,false,1,16.50,0.00,false,1,17025
7290107957991,false,מילקי CAKE מיניס קרם חלב בציפוי שוקולד חלב שקית 16X9ג',בובארד איטליה אס.פי.איי,IT,מילקי מינייס,,0.00,,false,1,17.00,0.00,true,1,16368
7290107958523,false,רבע לשבע מוס חלבה 100גרם,"הגביע מוצרי וופלים בע""\מ",IL,מוס רבע לשבע חלבה,,100.00,100 גרם,false,1,18.90,18.90,true,1,14705
7290107958677,false,אצבעות שוקולד קרם חלב ו,"שטראוס גרופ בע""\מ",IL,א.שוקולד ועדשים,,0.00,,false,1,10.00,0.00,true,1,17026
7290107974066,false,"עלי טורטיה קמח מלא 20ס""מ 8יח' מאסטר שף 320ג'",אלקאטי קורביישיסי גי,ES,עלי טורטיה 5 דגנים,,0.00,,false,1,11.90,0.00,true,1,16319
7290108350258,false,נייר טואלט דו שכבתי ארוך פי 3 - מארז 12 גלילים,מפעלי ברונוס בעמ,IL,נייר טואלט סופט 12,,0.00,,false,1,34.90,0.00,false,1,17028
7290108402476,true,קומפרסור בוכנה 1,,,קומפרסור בוכנה 1,,0.00,,false,,79.00,0.00,false,1,12329
7290108402483,true,קומפרסור 2 בוכנות,,,קומפרסור 2 בוכנות,,0.00,,false,,149.00,0.00,false,1,12330
7290108502220,false,"פחם אקולוגי 2 ק""ג","ג'לו השקעות בע""מ",ZA,פחם גלו 2 קג,,2.00,"1 ק""ג",false,1,20.00,10.00,true,1,12775
7290108509359,false,פופקורן בציפוי בטעם קרמל ויליפוד 90 גרם,סנרו ס.א,UA,פופקורן צ.קרמל 90ג,,0.00,,false,1,8.90,0.00,true,1,17029
7290108509946,false,"טורטייה (15 ס""מ קוטר) 250 גרם",מוטלוקל גידה סאנאי טיקרט,TR,טורטייה 250 גרם,,0.00,,false,1,5.90,0.00,false,1,17030
7290108509960,false,נתחי טונה בהירה בשמן זית כתית מעולה - מארז 3 יח',וילי פוד,TH,טונה ש.זית שלישייה,,0.00,,false,1,15.90,0.00,false,1,17031
7290108941050,false,כריך בלחמניה טריפל 225ג,Unknown,IL,עינת טריפל בשר שמינ,,220.00,100 גרם,false,1,18.00,8.18,true,1,11187
7290108941067,false,כריך בלחמניה שקשוקה 220,Unknown,IL,כריך שקשוקה,,0.00,,false,1,18.00,0.00,true,1,11188
7290108941074,false,טוסט גבינה ופטריות 200 ג,Unknown,IL,טוסט גבינה ופטריות,,200.00,100 גרם,false,1,18.00,9.00,true,1,11821
7290108941203,false,כריך בלחמניה שניצל 270 ג,Unknown,IL,עינת שמינייה שניצל,,270.00,100 גרם,false,1,18.00,6.67,true,1,12776
7290108941210,false,כריך בלחמניה שווארמה250ג,Unknown,IL,עינת שמינייה שווארמה,,250.00,100 גרם,false,1,18.00,7.20,true,1,12777
7290108941630,false,פשוטוסט-טוסט צהובה 2,עינת,IL,פשוטוסט,,215.00,100 גרם,false,1,21.00,9.77,false,1,15152
7290108941692,false,כריך שמיניה סלט ביצי,עינת,IL,כריך סלט ביצים,,0.00,,false,1,18.00,0.00,true,1,17032
7290108941746,false,גבטה טוניסאי 305גרם,עינת,IL,כריך גבטה טוניסאי,,0.00,,false,1,22.00,0.00,false,1,17033
7290108941753,false,גבטה דאבל בשר 295גרם,עינת,IL,גבטה דאבל בשר,,295.00,100 גרם,false,1,22.00,7.46,false,1,15599
7290108941760,false,כריך גבטה סביח,עינת,IL,כריך גבטה סביח,,0.00,,false,1,22.00,0.00,false,1,17034
7290108941777,false,גבטה לאבנה ים ת.,Unknown,,גבטה לאבנה ים ת.,,290.00,100 גרם,false,1,22.00,7.59,false,1,15600
7290108941845,false,כריך גבטה גבינות,Unknown,,כריך גבטה גבינות,,0.00,,false,1,22.00,0.00,false,1,17035
7290109350554,false,דובונים כדורגל 40 גרם,מיוצר עי קונדיטוריית,IL,דובונים כדורגל 40גר,,40.00,100 גרם,false,1,7.00,17.50,true,1,15085
7290109351209,false,קרחון שרבט אננס תפוז לה פרוטה נסטלה 70 גרם,גלידות נסטלה )נגה גלידות,IL,לה פרוטה אננס תפוז,,80.00,100 גרם,false,1,9.90,12.38,true,1,10464
7290109351957,false,פריכיות אורז מלא פיטנס עם שכבת שוקולד חלב,סנורייס בלגיום אן. ו,BE,פיטנס פריכיות שוקולד,,100.00,100 גרם,false,1,10.50,10.50,true,1,12333
7290109351971,false,פריכיות דגנים פיטנס מצופות שוקולד חלב,פרח תעשיות,IL,מ.פיטנס בר פ.שוקולד,,84.00,100 גרם,false,1,17.00,20.24,true,1,12334
7290109352916,false,פריכיות דגנים פיטנס מצופות שוקולד לבן,פרח תעשיות,IL,מ.פיטנס שוקולד לבן,,84.00,100 גרם,false,1,17.00,20.24,true,1,12335
7290109355504,false,שלגון קראנץ וניל ליבת נוגט נסטלה 100 גרם,נטו מלינדה-בשר,IL,קראנץ וניל ונוגט,,114.00,100 גרם,false,1,13.90,12.19,true,1,11199
7290109356556,false,"חטיפי קרקר כשל""פ 170 גרם",מיוצר עי קונדיטוריית,IL,אסם חטיפי קרקר כלפ,,170.00,100 גרם,false,1,10.00,5.88,true,1,11838
7290109358482,false,עוגיות קרמוגית במילוי קרם בטעם חלבה,"הגביע מוצרי וופלים בע""\מ",IL,קרמוגית במילוי חלווה,,200.00,100 גרם,false,1,15.90,7.95,true,1,14183
7290109358765,false,דגני בוקר קראנץ' רולס נוגט 450 גרם,"אסם השקעות בע""\מ",IL,קראנץ רולס 450 גרם,,0.00,,false,1,29.90,0.00,true,1,16320
7290110110277,false,"סומרסבי סיידר תפוחים אלכוהולי 4*300 מ""ל","קרלסברג קרואטיה , יב",HR,סומרסבי רביעייה,,0.00,,false,1,44.90,0.00,false,1,12336
7290110110352,false,"בירה קרלסברג 0.0 בק 330 מ""ל",קרלסברג רומניהיבואן:,RO,קרלסברג 0% 330,,330.00,"100 מ""ל",false,1,10.00,2.94,true,1,14184
7290110110437,false,פריגת צלול אפרסק 1.5ליטר,מבשלות בירה בינלאומיות ב,IL,פריגת צלול אפרסק 1.5,,1.50,1 ליטר,false,1,11.90,7.93,true,1,12338
7290110110444,false,פריגת צלול אננס 1.5 ליטר,"מבשלות בירה לישראל בע""מ",IL,פריגת צלול אננס 1.5,,1.50,1 ליטר,false,1,11.90,7.93,true,1,12339
7290110110574,false,"פחיות קוקה קולה זירו לימון 330 מ""ל",החברה המרכזית לייצור משק,IL,קולה זירו סליק לימון,,330.00,"100 מ""ל",false,1,8.30,2.42,true,1,12779
7290110110598,false,קולה זירו לימון 1.5 ליטר,החברה המרכזית לייצור משק,IL,קולה זירו לימון 1.5,,1.50,1 ליטר,false,1,11.00,7.33,true,1,12780
7290110110611,false,ספרייט מופחת 1.5 ליט,החברה המרכזית לייצור משק,IL,ספרייט ליים 1.5ל,,1.50,1 ליטר,false,1,11.00,7.33,true,1,12342
7290110110635,false,ספרייט 0.5 ליים חייב פקדון,החברה המרכזית לייצור,IL,ספרייט ליים 500 מל,,500.00,"100 מ""ל",false,1,9.90,1.92,true,1,12343
7290110110758,false,פיוז טי גרין לימ.נענ1.5ל,מבשלות בירה בינלאומיות ב,IL,פיוז טי לימונענע 1.5,,1.50,1 ליטר,false,1,11.90,7.93,true,1,12783
7290110110765,false,פיוז טי גרין בטעם לימון נענע 500 מל,מבשלות בירה בינלאומי,IL,פיוז טי לימונענע,,500.00,"100 מ""ל",false,1,9.90,1.92,true,1,12784
7290110111557,false,"משקה ספורט איזוטוני בטעם פירות 500 מ""ל פאוורייד",Caslino al Piano pla,IT,פאוורייד בטעם פירות,,500.00,"100 מ""ל",false,1,10.90,2.12,true,1,12785
7290110111564,false,"משקה ספורט איזוטוני בטעם הדרים ליין 500 מ""ל פאוורייד",פאווראייד POWERADE,IT,פאוורייד הדרים,,500.00,"100 מ""ל",false,1,10.90,2.12,true,1,12786
7290110113377,false,מארז רביעיית קוקה קולה 1 ליטר,החברה המרכזית לייצור משק,IL,קוקה קולה 1ל-רביעייה,,4.00,1 ליטר,false,1,39.90,9.68,true,1,15184
7290110113384,false,מארז רבעיית קוקה קולה זירו 1ל',החברה המרכזית לייצור משק,IL,קולה זירו 1ל רביעייה,,4.00,1 ליטר,false,1,39.90,9.68,true,1,15185
7290110113421,false,"בירה מעוננת קרלסברג luma 330 מ""ל",מבשלות בירה בינלאומיות ב,IL,קרלסברג לומה 330,,330.00,"100 מ""ל",false,1,16.00,4.76,true,1,14187
7290110113469,false,קוקה קולה זירו מנגו פחית 330 מל,החברה המרכזית לייצור משק,IL,קולה זירו מנגו פחית,,330.00,"100 מ""ל",false,1,8.90,2.61,true,1,14189
7290110113476,false,בירה קרלסברג ללא אלכוהול - שישייה,קרלסברג רומניהn\יבואן:מב,RO,קרלסברג 0% שישייה,,1980.00,"100 מ""ל",false,1,51.60,2.52,true,1,15966
7290110113483,false,פיוז תה אפרסק19 קלור1.5.,מבשלות בירה בינלאומיות ב,IL,פיוזטי אפרסק 16קל,,1.50,1 ליטר,false,1,11.90,7.93,true,1,14190
7290110113490,false,פיוז טי אפרסק 19 קלוריות 500 מל,מבשלות בירה בינלאומיות ב,IL,פיוזטי אפרסק 16קל,,500.00,"100 מ""ל",false,1,9.90,1.92,true,1,14191
7290110113902,false,בירה טובורג פחית סלי,מבשלות בירה בינלאומי,IL,טובורג פחית 330 מל,,0.00,,false,1,14.00,0.00,true,1,17040
7290110113926,false,פאנטה ZERO אורנג 0.5 חייב פקדון,החברה המרכזית לייצור,IL,פאנטה ZERO,,500.00,"100 מ""ל",false,1,9.90,1.92,true,1,14708
7290110114473,false,ספרייט לימון נענע0.5,קוקה קולה,IL,ספרייט לימון נענע0.5,,500.00,"100 מ""ל",false,1,9.00,1.74,true,1,15625
7290110114480,false,ספרייט לימון קיווי 1,החברה המרכזית לייצור,IL,ספרייט לימון קווי1.5,,1.50,1 ליטר,false,1,11.00,7.33,true,1,15626
7290110114572,false,נביעות תפוח פירות יער1.5,"נביעות טבע הגליל בע""\מ",IL,נביעות פירות יער 1.5,,1.50,1 ליטר,false,1,11.90,7.93,true,1,15611
7290110114589,false,נביעות תפוח אגס 1.5 ליטר,"נביעות טבע הגליל בע""\מ",IL,נביעות פ.פרי תפוח1.5,,1.50,1 ליטר,false,1,11.90,7.93,true,1,15612
7290110114596,false,נביעות+רכיבי פרי תפו,"נביעות טבע הגליל בע""",IL,נביעות תפוח פ.יער0.5,,500.00,"100 מ""ל",false,1,9.50,1.84,true,1,15613
7290110114770,false,פריגת ענבים 40% פחות סוכר 0.5 ליטר חייב,פריגת,,משקל ענבים 40% פ.סוכ,,0.00,,false,1,9.90,0.00,true,1,17043
7290110114787,false,נביעות+ מים מינרליים בטעם תפוח 1.5 ליטר,נביעות טבע הגליל בעמ,IL,נביעות+ תפוח 1.5 פ,,0.00,,false,1,13.90,0.00,true,1,17044
7290110114794,false,נביעות+ מים מינרליים בטעם אפרסק 1.5 ליטר,"נביעות טבע הגליל בע""\מ ,",IL,נביעות +אפרסק1.5 פ,,0.00,,false,1,13.90,0.00,true,1,17045
7290110114800,false,נביעות+ מים מינרליים בטעם ענבים 1.5 ליטר,"נביעות טבע הגליל בע""\מ",IL,נביעות +ענבים1.5 פ,,0.00,,false,1,13.90,0.00,true,1,17046
7290110114824,false,נביעות+רכיבי פרי אבטיח 1.5 ליטר פיקדון,"נביעות טבע הגליל בע""\מ",IL,נביעות+פ.אבטיח 1.5 פ,,0.00,,false,1,13.90,0.00,true,1,17047
7290110114862,false,מים מינרליים נביעות,נביעות,,נביעות 1.5 שמינייה פ,,0.00,,false,1,26.00,0.00,true,1,17048
7290110114893,false,פריגת סחוט טרי תפוז 2 ליטר,פריגת מצוננים,IL,פריגת סחוט תפוז 2 פ,,0.00,,false,1,32.00,0.00,true,1,17049
7290110114961,false,משקה קל תפוזים פריגת 1.5 ליטר,מבשלות בירה בינלאומיות ב,IL,פריגת תפוזים 1.5 פ,,0.00,,false,1,14.90,0.00,true,1,17050
7290110114985,false,משקה קל אשכוליות פריגת 1.5 ליטר,מבשלות בירה בינלאומיות ב,IL,פריגת אשכוליות 1.5 פ,,0.00,,false,1,14.90,0.00,true,1,17051
7290110115005,false,משקה קל ענבים פריגת 1.5 ליטר,מבשלות בירה בינלאומיות ב,IL,פריגת ענבים 1.5 פ,,0.00,,false,1,14.90,0.00,true,1,17052
7290110115029,false,"פריגת משק""ל תפוח 1.5 ליטר פיקדון",מבשלות בירה בינלאומיות ב,IL,פריגת תפוחים 1.5 פ,,0.00,,false,1,14.90,0.00,true,1,17053
7290110115043,false,משקה קל לימונענע פריגת 1.5 ליטר,מבשלות בירה בינלאומיות ב,IL,פריגת לימונענע 1.5פ,,0.00,,false,1,14.90,0.00,true,1,17054
7290110115050,false,פריגת מיקס תות בננה 1.5 ליטר פיקדון,מבשלות בירה בינלאומיות ב,IL,פריגת מ.תות בננה פ,,0.00,,false,1,14.90,0.00,true,1,17055
7290110115104,false,פריגת צלול אפרסק 1.5 ליטר פיקדון,מבשלות בירה בינלאומיות ב,IL,פריגת צ.אפרסק 1.5 פ,,0.00,,false,1,13.90,0.00,true,1,17056
7290110115111,false,פריגת צלול אננס 1.5 ליטר פיקדון,"מבשלות בירה לישראל בע""\מ",IL,פריגת צ.אננס 1.5 פ,,0.00,,false,1,13.90,0.00,true,1,17057
7290110115180,false,מים מינרלים נביעות 1.5 ליטר,"נביעות טבע הגליל בע""",IL,נביעות 1.5 ל בודד פ,,0.00,,false,1,9.50,0.00,true,1,17058
7290110115203,false,קוקה קולה 1.5 ליטר פיקדון,החברה המרכזית לייצור משק,IL,קוקה קולה 1.5 פ,,0.00,,false,1,14.90,0.00,true,1,16113
7290110115210,false,דיאט קוקה קולה 1.5 ליטר פיקדון,החברה המרכזית לייצור משק,IL,קוקה קולה דיאט 1.5 פ,,0.00,,false,1,14.90,0.00,true,1,17059
7290110115227,false,קוקה-קולה זירו בקבוק 1.5 ליטר,החברה המרכזית לייצור משק,IL,קוקה קולה 1.5 ZERO פ,,0.00,,false,1,14.90,0.00,true,1,16114
7290110115241,false,קוקה-קולה זירו לימון בקבוק 1.5 ליטר,החברה המרכזית לייצור משק,IL,קולה זירו לימון 1.5פ,,0.00,,false,1,14.90,0.00,true,1,17060
7290110115265,false,ספרייט לימון ליים 1.5 ליטר-,החברה המרכזית לייצור משק,IL,ספרייט ליים 1.5 פ,,0.00,,false,1,13.90,0.00,true,1,17061
7290110115272,false,ZERO ספרייט 1.5 ליטר פיקדון,החברה המרכזית לייצור משק,IL,ספרייט זירו 1.5 פ,,0.00,,false,1,12.90,0.00,true,1,16115
7290110115296,false,משקה מוגז אורנג' פאנטה 1.5 ליטר,החברה המרכזית לייצור משק,IL,פאנטה אורנג 1.5 פ,,0.00,,false,1,13.90,0.00,true,1,17063
7290110115302,false,משקה מוגז אורנג' זירו פאנטה 1.5 ליטר,החברה המרכזית לייצור משק,IL,פאנטה אורנג ZERO פ,,0.00,,false,1,12.90,0.00,true,1,17064
7290110115357,false,קינלי סודה 1.5 ליטר פיקדון,החברה המרכזית לייצור משק,IL,קינלי סודה 1.5 פ,,0.00,,false,1,8.90,0.00,true,1,17065
7290110115364,false,שישייה קוקה קולה 1.5 ליטר פיקדון,החברה המרכזית לייצור משק,IL,קוקה קולה 6*1.5ל פ,,0.00,,false,1,57.30,0.00,true,1,17066
7290110115418,false,מארז שישייה קוקה קולה זירו 1.5 ל',החברה המרכזית לייצור משק,IL,קוקה קולה זירו6*1.5פ,,0.00,,false,1,54.10,0.00,true,1,17067
7290110115425,false,FUZE TEA גרין לימונענע -נענע 1.5 ליטר פיקדון,מבשלות בירה בינלאומיות ב,IL,פיוז טי לימונענע1.5פ,,0.00,,false,1,14.90,0.00,true,1,17068
7290110115449,false,אייס תה בטעם מנגו אננס 1.5ל' FUZE TEA,מבשלות בירה בינלאומיות ב,IL,פיוז טי מ.אננס1.5 פ,,0.00,,false,1,14.90,0.00,true,1,17069
7290110115456,false,"תה קר בטעם אפרסק 19 קלוריות ב- 100 מ""ל",מבשלות בירה בינלאומיות ב,IL,פיוזטי אפרסק 1.5 פ,,0.00,,false,1,14.90,0.00,true,1,17070
7290110115463,false,פיוז טי אפרסק 1.5 ליטר פיקדון,מבשלות בירה בינלאומיות ב,IL,פיוז טי אפרסק1.5 פ,,0.00,,false,1,14.90,0.00,true,1,17071
7290110115470,false,תה קר פיוז דייאט אפר,FUZE TEA,IL,פיוז טי ד.אפרסק1.5 פ,,0.00,,false,1,14.90,0.00,true,1,17072
7290110115494,false,תה קר בטעם ענבים פיוז טי 1.5 ליטר,מבשלות בירה בינלאומית בע,IL,פיוז טי ענבים 1.5 פ,,0.00,,false,1,14.90,0.00,true,1,17073
7290110115531,false,משקה מוגז תפוח זירו פאנטה 1.5 ליטר,החברה המרכזית לייצור משק,IL,פאנטה ZERO תפוח 1.5פ,,0.00,,false,1,12.90,0.00,true,1,17074
7290110115616,false,אייס תה בטעם גרין אננס 1.5ל' FUZE TEA,מבשלות בירה בינלאומיות ב,IL,פיוז טי ז.גרין 1.5,,0.00,,false,1,14.90,0.00,true,1,17075
7290110115623,false,משקה פיוז טי זירו ZERO בטעם אפרסק,מבשלות בירה בינלאומיות ב,IL,פיוז טי ז.אפרסק 1.5,,0.00,,false,1,14.90,0.00,true,1,17076
7290110115654,false,"פיוז טי זירו גרין אננס, 500 מ""ל",מבשלות בירה בינלאומי,IL,פיוז טי ז.גרין 500,,0.00,,false,1,9.90,0.00,true,1,17077
7290110115661,false,"פיוז טי זירו בטעם אפרסק 500 מ""ל",מבשלות בירה בינלאומי,IL,פיוז טי ז.אפרסק 500,,0.00,,false,1,9.90,0.00,true,1,17078
7290110115692,false,משקה קל בטעם מלון עם קוביות אלוורה,החברה המרכזית למשקאו,TW,פ.קוביות מ.אלוורה,,0.00,,false,1,10.90,0.00,true,1,17776
7290110115739,false,פריגת קוביות בטעם פינקולדה עם קוביות ג'ל קוקוס,החברה המרכזית למשקאו,TW,פריגת קוביות קוקוס,,0.00,,false,1,10.90,0.00,true,1,17777
7290110115913,false,"משקה ספורט איזוטוני זירו בטעם אננס 500 מ""ל פאוורייד",Caslino al Piano pla,IT,פאוורייד ZERO אננס,,0.00,,false,1,10.90,0.00,true,1,17079
7290110116040,false,פאנטה זירו כחול 1.5 ליטר,החברה המרכזית לייצור משק,IL,פאנטהZERO פ.כחול1.5,,0.00,,false,1,12.90,0.00,true,1,17080
7290110116057,false,"פאנטה ZERO  פירות ירוק 500 מ""ל",החברה המרכזית לייצור,IL,פאנטהZERO פ.כחול0.5,,0.00,,false,1,9.90,0.00,true,1,17081
7290110116064,false,פאנטה ZERO פירות ירוק 1.5 ליטר פיקדון,החברה המרכזית לייצור משק,IL,פאנטהZERO פ.ירוק 1.5,,0.00,,false,1,12.90,0.00,true,1,17082
7290110116071,false,ZERO פאנטה פירות יר,החברה המרכזית לייצור,IL,פאנטהZERO פ.ירוק0.5,,0.00,,false,1,9.90,0.00,true,1,17083
7290110116163,false,נביעות+מנגו פסיפל500,Unknown,,נביעות+מנגו פסיפל500,,0.00,,false,1,9.90,0.00,true,1,17778
7290110116187,false,נביעות+קוקוס אננס500,Unknown,,נביעות+קוקוס אננס500,,0.00,,false,1,9.90,0.00,true,1,17779
7290110116200,false,מים 0 קלוריות בטעם לימון-ליים 0.5 ל נביעות,"נביעות טבע הגליל בע""",TW,נביעות+לימון ליים0קל,,0.00,,false,1,9.90,0.00,true,1,17780
7290110116224,false,נביעות 0 קלוריות בטעם אשכולית 0.5 ליטר,"נביעות טבע הגליל בע""",TW,נביעות+אשכולית0קלו,,0.00,,false,1,9.90,0.00,true,1,17781
7290110116385,false,"פחיות סטפאני מרשמלו אבטיח תות זירו 330 מ""ל",החברה המרכזית לייצור משק,IL,קוקה קולה סטפאני,,0.00,,false,1,8.90,0.00,true,1,17084
7290110320744,false,גבינת גרנה פדנו 150ג,תנובה חלב,IL,גבינת גרנה פדנו 150ג,,0.00,,false,1,24.50,0.00,false,1,17085
7290110320850,false,פתיתים גבינה חצי קשה מגורדת 28% שומן,תנובה מרכז שיתופי לש,IL,פתיתי עמק 200 גרם,,200.00,100 גרם,false,1,15.50,7.75,true,1,13724
7290110320935,false,גבינת מוצרלה תנובה 150ג' פרוסות,תנובה מרכז שיתופי לש,IL,תנובה פרוסות מוצרלה,,0.00,,false,1,18.00,0.00,true,1,16370
7290110321031,false,מעדן חלב GO יוגורט מועשר בחלבון טבעי 200 ג' יופלה,"תנובה, מחלבת אלון תב",IL,יופלה GO לבן 200ג,,200.00,100 גרם,false,1,7.00,3.50,true,1,13251
7290110321048,false,יופלהGO מתיקות מעודנ200ג,תנובה חלב,IL,יופלהGO מתיקות מעודנ,,200.00,100 גרם,false,1,7.00,3.50,true,1,13252
7290110321277,false,קוטג' בקטנה 5% תנובה 100 גרם מהדרין,פארייפאבה אגרואינדוס,IL,קוטג בקטנה 5% 100ג,,0.00,,false,1,2.70,0.00,true,1,16371
7290110321284,false,קוטג' בקטנה 9% תנובה 100 גרם מהדרין,פארייפאבה אגרואינדוס,IL,קוטג בקטנה 9% 100ג,,0.00,,false,1,2.70,0.00,true,1,16372
7290110321680,false,יוגורט GO בטעם תות 20 גרם חלבון בגביע,מיוצר עי קונדיטוריית,IL,יופלה גו GO תות,,200.00,100 גרם,false,1,7.00,3.50,true,1,13253
7290110321697,false,יוגורט GO בטעם אפרסק 20 גרם חלבון בגביע,מיוצר עי קונדיטוריית,IL,יופלה GO אפרסק,,200.00,100 גרם,false,1,7.00,3.50,true,1,13254
7290110321703,false,יוגורט עם פירות יער בתוספת חלבוני חלב 2% שומן,מיוצר עי קונדיטוריית,IL,יופלה GO פירות יער,,200.00,100 גרם,false,1,7.00,3.50,true,1,13373
7290110322014,false,"תנובה טופו טבעי 300 גר' בד""צ",שוורצקוף& הנקל דיסלד,IL,טופו בטעם טבעי 300 ג,,0.00,,false,1,15.00,0.00,true,1,16373
7290110323066,false,משקה יוגורטGOבנ.אפרס250מ,תנובה חלב,IL,יופלה גו משקה בננה,,250.00,"100 מ""ל",false,1,7.50,3.00,true,1,13825
7290110323073,false,משקה יוגורט גו מועשר בחלבון תות-פטל,מיוצר עי קונדיטוריית,IL,יופלה גו משקה תות,,250.00,"100 מ""ל",false,1,7.50,3.00,true,1,13826
7290110323097,false,מעדן גבינה עם תות 5% שומן 80 ג' תנובה,תנובה בעמ,IL,תאומים גביע בודד 80ג,,0.00,,false,1,2.50,0.00,true,1,16374
7290110323592,false,יופלה יוגורט עם אפרסק מופחת קלוריות 200 ג' GO,יופלה Yoplait,IL,יוגורט אפ מופחת GO,,0.00,,false,1,7.00,0.00,true,1,16375
7290110323714,false,משקה קוקוס שקדים תנובה 1 ליטר,מיוצר עי קונדיטוריית,IL,אלטרנטיב שקדים קוקוס,,0.00,,false,1,13.50,0.00,true,1,16376
7290110324612,false,יוגורט2% תות שמנת+קש200ג,"תנובה בע""\מ",IL,יופלה תותים בשמנת,,200.00,100 גרם,false,1,8.00,4.00,true,1,12800
7290110324636,false,יוגורט2%פירות יער+קש200ג,"תנובה בע""\מ",IL,יופלה עם פירות יער,,200.00,100 גרם,false,1,8.00,4.00,true,1,12802
7290110324773,false,משקה חלב תנובה גו ונ,Unknown,,תנובה GO וניל,,340.00,"100 מ""ל",false,1,9.50,2.79,true,1,14199
7290110324841,false,מעדן שקדים עם שוקולד מריר תנובה 125 גרם,מיוצר עי קונדיטוריית,IL,מ.שקדים שוקולד מריר,,125.00,100 גרם,false,1,5.50,4.40,true,1,14200
7290110324926,false,משקה סויה ללא תוספת סוכר 1 ליטר,תנובה מרכז שיתופי לש,IL,אלטרנטיב סויה ל.סוכר,,0.00,,false,1,12.40,0.00,true,1,16431
7290110325114,false,משקה יוגורט GO לייט מועשר בחלבון תות בננה,מיוצר עי קונדיטוריית,IL,משקה גו לייט תות,,250.00,"100 מ""ל",false,1,7.50,3.00,true,1,14204
7290110325169,false,פרוסות גאודה תנובה 170 גרם,תנובה חלב,IL,פרוסות גאודה 170ג,,0.00,,false,1,20.90,0.00,false,1,17086
7290110325305,false,יופלה GO סויה 20 גרם חלבון במתיקות מעודנת תנובה 200 גרם,מיוצר עי קונדיטוריית,IL,מ.סויה GO ב.מעודנת,,200.00,100 גרם,false,1,6.50,3.25,true,1,14207
7290110325312,false,יופלה GO סויה 20 גרם חלבון בטעם תות תנובה 200 גרם,"תנובה בע""\מ",IL,מעדן סויה GO תות,,200.00,100 גרם,false,1,6.50,3.25,true,1,14208
7290110325428,false,גבינה לבנה5% עם קרקר145ג,מיוצר עי קונדיטוריית,IL,ג.ל למריחה 5% קרקרים,,145.00,100 גרם,false,1,5.80,4.00,true,1,15290
7290110325435,false,גבינה לבנה למריחה 5%,מיוצר עי קונדיטוריית,IL,ג\ל למריחה 5% קרקרים,,145.00,100 גרם,false,1,5.80,4.00,true,1,15291
7290110325619,false,אלטרנטיב משקה שיבולת שועל 1 ליטר,מיוצר עי קונדיטוריית,IL,אלטרנטיב שיבול.שועל,,1.00,1 ליטר,false,1,14.00,14.00,true,1,14209
7290110325626,false,"משקה שקדים ללת""ס 1 ליטר",תנובה,IL,משקה שקדים,,0.00,,false,1,14.00,0.00,true,1,16502
7290110325886,false,משקה תנובה גו אייס ק,Unknown,,תנובה GO אייס קפה,,250.00,"100 מ""ל",false,1,7.50,3.00,true,1,14210
7290110325893,false,משקה חלב GO מועשר בחלבון בטעם אייס קפה,מיוצר עי קונדיטוריית,IL,תנובה GO אייס קפה,,340.00,"100 מ""ל",false,1,9.50,2.79,true,1,14211
7290110326210,false,יופלה און טופ פצפוצים תנובה 157 גרם,מיוצר עי קונדיטוריית,IL,יופלה א.טופ פצפוצים,,157.00,100 גרם,false,1,5.70,3.63,false,1,14218
7290110326227,false,יופלה און טופ קורנפלקס תנובה 157 גרם,מיוצר עי קונדיטוריית,IL,און טופ קורנפלקס,,167.00,100 גרם,false,1,5.70,3.41,true,1,15721
7290110326241,false,יופלה און טופ גרנולה תנובה 157 גרם,מיוצר עי קונדיטוריית,IL,יופלה און טופ גרנולה,,157.00,100 גרם,false,1,5.70,3.63,false,1,14219
7290110326449,false,חמאה השף הלבן 250 גר,אמרלנד,DE,השף הלבן חמאה,,250.00,100 גרם,false,1,9.85,3.94,false,1,14220
7290110326548,false,קוטג' מיורן+זעתר5% 250גר,תנובה בעמ,IL,גבינת קוטג מועשרת,,0.00,,false,1,6.00,0.00,true,1,15292
7290110326906,false,חלב נטול לקטוז 3% שומן תנובה 1 ליטר,מיוצר עי קונדיטוריית,IL,תנובה חלב נטול3%,,1.00,1 ליטר,false,1,8.00,8.00,true,1,14712
7290110326999,false,YOLO משקה חלב עם שוקולד קלאסי 340 מל,תנובה חלב,IL,מ.חלב עם שוקולד,,340.00,"100 מ""ל",false,1,8.50,2.50,true,1,14223
7290110327064,false,אייס קפה ש.שועל קרמל 1ל,תנובה,IL,אלטרנטיב קפה קרמל1ל,,0.00,,false,1,13.90,0.00,false,1,17087
7290110327316,false,גבינה לבנה+5%פריכיות139ג,תנובה חלב,IL,גבינה לבנה + פריכיות,,139.00,100 גרם,false,1,6.00,4.32,true,1,15715
7290110327514,false,alternative משקה שיבולת שועל בטעם אגוזי לוז תנובה 1 ליטר,תנובה מרכז שיתופי לש,IL,אלטרנטיב אגוז לוז 1ל,,0.00,,false,1,14.00,0.00,false,1,17088
7290110327798,false,חטיף חלבון GO בטעם שוקולד 20 גרם חלבון,"בלמונט קונפקציות בע""\מ.",US,חטיף חלבון שוקולד GO,,60.00,100 גרם,false,1,14.90,24.83,true,1,15660
7290110327804,false,חטיף חלבון GO בטעם בצק עוגיות 20 גרם חלבון,"בלמונט קונפקציות בע""\מ.",US,חטיף חלבון GOבצק עוג,,60.00,100 גרם,false,1,14.90,24.83,true,1,15661
7290110327811,false,חטיף חלבון GO בטעם קוקוס 20 גרם חלבון,"בלמונט קונפקציות בע""\מ.",US,חטיף חלבון קוקוס GO,,60.00,100 גרם,false,1,14.90,24.83,true,1,15662
7290110327828,false,חטיף חלבון GO בטעם חמאת בוטנים 20 גרם חלבון,"בלמונט קונפקציות בע""\מ.",US,חטיף חלבון GO ח.בוטנ,,60.00,100 גרם,false,1,14.90,24.83,true,1,15663
7290110327859,false,יוגורט יופלה שכבת אנ,תנובה בעמ,IL,OLALA עם ש.אננס,,150.00,100 גרם,false,1,5.80,3.87,true,1,15294
7290110327866,false,יוגורט יופלה שכבת דו,תנובה בעמ,IL,OLALA עם ש.דובדבן,,150.00,100 גרם,false,1,5.80,3.87,true,1,15295
7290110327873,false,יוגורט יופלה שכבת קפ,תנובה בעמ,IL,OLALA עם שכבת קפה,,150.00,100 גרם,false,1,5.80,3.87,true,1,15296
7290110327880,false,חלב1%מהדרין רמת הגולן 1ל,תות תעשיות מזון (201,IL,תנובה חלב בקרטון 1%,,1.00,1 ליטר,false,1,5.86,5.86,false,1,14719
7290110328016,false,משקה סויה מועשר בחלבון בטעם אגוזי לוז 250 גרם,תנובה מרכז שיתופי לש,IL,גו משקה סויה א.לוז,,250.00,100 גרם,false,1,7.50,3.00,true,1,15279
7290110328337,false,מעדן אייס קפה שיבולת,מיוצר עי קונדיטוריית,IL,א.קפה ש.שועל קרמל,,250.00,"100 מ""ל",false,1,7.00,2.80,true,1,15704
7290110328375,false,חגיגת בוטנים ושוקולד,תנובה בעמ,IL,חגיגת בוטנים ושוקולד,,157.00,100 גרם,false,1,5.70,3.63,true,1,15298
7290110328382,false,יופלה און טופ אגוזי,תנובה בעמ,IL,אגוזי לוז מצופים ש,,157.00,100 גרם,false,1,5.70,3.63,true,1,15299
7290110328474,false,גבינת פרמג'יאנו רג'יאנו 30% מחלב בקר,מנדלז סי.אר. פרודקשן,IT,פלח פרמגאנו רגיאנו,,0.00,,false,1,31.50,0.00,false,1,17089
7290110328610,false,אלטרנטיב בריסטה משקה אורז ושקדים 1 ליטר,תנובה Alternative,IL,משקה אורז ושקדים,,0.00,,false,1,14.00,0.00,false,1,17090
7290110328764,false,יוגורט יופלה GO במרקם סמיך עם תות 0%,מיוצר עי קונדיטוריית,IL,יוגורט גו 0% תות,,0.00,,false,1,6.50,0.00,true,1,16539
7290110328771,false,יוגורט יופלה GO במרקם סמיך עם פירות יער 0%,מיוצר עי קונדיטוריית,IL,יוגורט גו 0% פ. יער,,0.00,,false,1,6.50,0.00,true,1,16540
7290110328788,false,יוגורט יופלה GO במרקם סמיך בטעם אפרסק 0%,תנובה מרכז שיתופי לש,IL,יוגורט גו 0% אפרסק,,0.00,,false,1,6.50,0.00,true,1,16541
7290110328887,false,"חלב תנובה בקבוק 3%, כשרות מהדרין, 1 ליטר",תנובה מרכז שיתופי לש,IL,חלב 3% מהדרין,,0.00,,false,1,6.23,0.00,false,1,17091
7290110329136,false,מעדן חלב מעושר בחלבון בטעם שוקולד 120 ג' GO,תנובה מרכז שיתופי לש,IL,מעדן חלב גו שוקולד,,0.00,,false,1,5.50,0.00,false,1,17093
7290110329143,false,מעדן חלב מעושר בחלבון בטעם וניל גביע 120 ג' GO,תנובה מרכז שיתופי לש,IL,מעדן חלב גו וניל,,0.00,,false,1,5.50,0.00,false,1,17094
7290110329174,false,מעדן יולו שוקולד בלו,Unknown,,יולו רולס ש.בלונד+ופ,,120.00,100 גרם,false,1,6.00,5.00,true,1,15719
7290110329181,false,מעדן יולו שוקולד חלב,תנובה בעמ,IL,יולו רולס ש.חלב+ופל,,120.00,100 גרם,false,1,6.00,5.00,true,1,15720
7290110329686,false,"משקה חלב גו בטעם עוגיות 340 מ""ל",מיוצר עי קונדיטוריית,IL,משקה חלב GO עוגיות,,0.00,,false,1,9.50,0.00,false,1,17095
7290110329716,false,משקה חלב קר בטעם קפוצ'ינו 230 גרם תנובה,תנובה מרכז שיתופי לש,IL,תנובה קפה קפוצינ230,,0.00,,false,1,10.00,0.00,false,1,17096
7290110329723,false,משקה חלב קר בטעם לאטה 230 גרם תנובה,תנובה מרכז שיתופי לש,IL,תנובה קפה לאטה230,,0.00,,false,1,10.00,0.00,false,1,17097
7290110329730,false,"משקה חלב עם שוקולד וקפה בסגנון לאטה 2.7%  230 מ""ל תנובה",תנובה מרכז שיתופי לש,IL,תנובה קפה ושוקולד230,,0.00,,false,1,10.00,0.00,false,1,17098
7290110329778,false,תנובה חלב קרטון 3%,תנובה,IL,תנובה חלב קרטון 3%,,0.00,,false,1,6.23,0.00,false,1,17099
7290110471016,false,כבל מטאלי 2 מטר,Unknown,,כבל מטאלי 2 מטר,,0.00,,false,1,29.90,0.00,false,1,16321
7290110472016,false,כבל מטאלי 2 מטר שחורTYPE C,Unknown,,כבל מטאלי 2 מטר,,0.00,,false,1,39.90,0.00,false,1,12345
7290110472023,false,פנס ראש -חדש,Unknown,,פנס ראש -חדש,,0.00,,false,1,25.00,0.00,true,1,11845
7290110472467,false,מתאם למצת TYPE C + כבל טעינה 1.5 מטר,Unknown,,מתאם למצת TYPE C,,0.00,,false,1,44.90,0.00,false,1,12349
7290110472474,false,מתאם קיר TYPE C + כבל טעינה 1.5 מטר,Unknown,,מתאם קיר TYPE C,,0.00,,false,1,54.90,0.00,false,1,12350
7290110472511,false,מזרן מתנפח מתקפל,Unknown,,מזרן מתנפח מתקפל,,0.00,,false,1,49.90,0.00,false,1,11851
7290110472610,false,מנורה לאוהל נטענת,Unknown,,מנורה לאוהל נטענת,,0.00,,false,1,20.00,0.00,true,1,11855
7290110472825,false,מנגל פחמים מקצועי,Unknown,,גריל גדול 70/30,,0.00,,false,1,99.00,0.00,true,1,11857
7290110472856,false,מטען רכב Qualcomm Du,Unknown,,מטען רכב Duet,,0.00,,false,1,54.90,0.00,false,1,12351
7290110473051,true,כסא במאי כחול,,,כסא במאי כחול,,0.00,,false,,59.00,0.00,false,1,13728
7290110473068,false,אוהל חוף נפתח ברגע,Unknown,,אוהל חוף נפתח ברגע,,0.00,,false,1,199.00,0.00,true,1,13671
7290110473112,false,מנגל פח רשת 40*26,Unknown,,מנגל פח רשת 40*26,,0.00,,false,1,39.00,0.00,false,1,12803
7290110473235,false,רמקול EXTREMe כחול,Unknown,,רמקול EXTREMe כחול,,0.00,,false,1,104.90,0.00,false,1,12352
7290110473426,false,אוזניות JUST BASS ור,Unknown,,אוזניות JUST ורוד,,0.00,,false,1,54.90,0.00,false,1,12355
7290110473433,false,אוזניות JUST BASS אפ,Unknown,,אוזניות JUST אפור,,0.00,,false,1,54.90,0.00,false,1,12356
7290110473440,false,אוזניות JUST BASS זה,Unknown,,אוזניות JUST זהב,,0.00,,false,1,54.90,0.00,false,1,12357
7290110473501,false,זרוע טלסקופית לרכב שחור TECH GRIP,Unknown,,ז.טלסקופית לרכב שחור,,0.00,,false,1,54.90,0.00,false,1,12359
7290110473587,false,זרוע מגנטי לרכבSIMPL,Unknown,,SIMPLY GRIP,,0.00,,false,1,44.90,0.00,false,1,12361
7290110473594,false,זרוע איכותית לרכב מג,Unknown,,ROCKET GRIP שחור,,0.00,,false,1,49.90,0.00,false,1,12362
7290110473754,false,ערכת קפה ללא בלון גז,Unknown,,ערכת קפה ללא בלון גז,,0.00,,false,1,89.00,0.00,false,1,12365
7290110473808,false,קלקר מים לטיולים,Unknown,,קלקר מים לטיולים,,0.00,,false,1,29.90,0.00,false,1,12804
7290110473884,false,אוזניות clean @ clea,Unknown,,אוזניות TWS,,0.00,,false,1,99.00,0.00,false,1,12480
7290110473938,false,שמשייה צהובה,Unknown,,שמשייה צהובה,,0.00,,false,1,29.90,0.00,false,1,12805
7290110474041,false,רפידו מתאם לקיר + כב,Unknown,,רפידו + כבל טעינה,,0.00,,false,1,79.90,0.00,false,1,12807
7290110474256,false,כבל 2 מטר aux iron m,Unknown,,כבל aux iron man,,0.00,,false,1,49.90,0.00,false,1,12808
7290110474409,false,בוסטר התנעה לרכב וסוללת גיבוי 7200M,Unknown,,סוללת חי להתנעת רכב,,0.00,,false,1,179.00,0.00,false,1,13391
7290110474416,false,ערכת בישול פרימיום מותג CRUZO עם בלון,ארטוס,,ערכת בישול לשטחCRUZO,,0.00,,false,1,199.00,0.00,false,1,12809
7290110474423,false,אוזניות מאושרות אפל,Unknown,,אוזניות מאושרות אפל,,0.00,,false,1,99.90,0.00,false,1,12810
7290110474430,false,מתאם לאוזניות מ אפל,Unknown,,מתאם לאוזניות מ אפל,,0.00,,false,1,79.00,0.00,false,1,12811
7290110474447,false,אוהל 6 פתיחה מהירה 300X2,Unknown,CN,אוהל לשישה אנשים,,0.00,,false,1,249.00,0.00,false,1,16377
7290110474478,false,כסא קמפינג LIGHTWEIGHT,Unknown,CN,כסא קמפ LIGHTWEIGHT,,0.00,,false,1,99.00,0.00,false,1,12812
7290110474492,false,שולחן קמפינג מתקפל,Unknown,CN,שולחן קמפינג מתקפל,,0.00,,false,1,119.00,0.00,false,1,12813
7290110474508,false,אוהל עמידה,Unknown,,אוהל עמידה,,0.00,,false,1,349.00,0.00,false,1,12814
7290110474515,false,עששית לד 3 וואט,Unknown,,עששית לד 3 וואט,,0.00,,false,1,29.00,0.00,false,1,12815
7290110474560,false,אוזניות מיקרופון NEW AGE SOUND,Unknown,,אוזניות מיקרופון NAS,,0.00,,false,1,49.00,0.00,false,1,12816
7290110474577,false,אוזניות מיקרופון DOU,Unknown,,אוזניות מיקרופוןDOL,,0.00,,false,1,79.00,0.00,false,1,12817
7290110474690,false,כבל USB C לחיבור LI,Unknown,,כבל USB C LIGHTNING,,0.00,,false,1,59.90,0.00,false,1,12818
7290110474706,false,מעמד מגנטי למזגן POW,Unknown,,מעמד מגנטי למזגן P.V,,0.00,,false,1,49.00,0.00,false,1,12819
7290110474713,false,מחזיק סלולר למזגן,Unknown,,מעמד למזגן OPEN W.V,,0.00,,false,1,49.00,0.00,false,1,12820
7290110474805,false,מזרן פלמינגו ורוד,Unknown,,מזרן פלמינגו ורוד,,0.00,,false,1,99.00,0.00,false,1,12821
7290110474812,false,מזרן אננס,Unknown,,מזרן אננס,,0.00,,false,1,69.90,0.00,false,1,12822
7290110474829,false,אבוב מתנפח,Unknown,,אבוב מתנפח,,0.00,,false,1,49.90,0.00,false,1,12823
7290110474836,false,מזרן חד קרן,Unknown,,מזרן חד קרן,,0.00,,false,1,99.90,0.00,false,1,12824
7290110474928,false,סוללת גיבוי 10000MAH,Unknown,,סוללת גיבוי 10000M,,0.00,,false,1,79.00,0.00,false,1,12827
7290110474935,false,מכונת אספרסו נטענת USB ל,Unknown,CN,מ.אספרסו ניידת לטיול,,0.00,,false,1,199.00,0.00,false,1,12538
7290110474973,false,טאבון פיצה,Unknown,,טאבון פיצה,,0.00,,false,1,199.00,0.00,false,1,17102
7290110475062,false,מנגל ברזילאי,Unknown,,מנגל ברזילאי,,0.00,,false,1,399.00,0.00,false,1,14232
7290110475086,false,כבל טעינה 3 מטר USB,Unknown,,כבל טעינה 3 מטר USB,,0.00,,false,1,29.00,0.00,false,1,13114
7290110475093,false,כ.טעינה 3 מטר TYPE C,Unknown,,כ.טעינה 3 מטר TYPE C,,0.00,,false,1,29.00,0.00,false,1,13115
7290110475116,false,מטען קיר SPEEDY,Unknown,,מטען קיר SPEEDY,,0.00,,false,1,79.00,0.00,false,1,14234
7290110475178,false,זרוע איפרה טעינה אלח,Unknown,,זרוע איפרה טעינה אלח,,0.00,,false,1,99.00,0.00,false,1,13136
7290110475406,false,שק שינה זוגי,Unknown,,שק שינה זוגי,,0.00,,false,1,99.00,0.00,true,1,14243
7290110475413,false,אוזניות מיקרופון עם חיבור טייפ סי,Unknown,,אוזניות C SOUND,,0.00,,false,1,79.00,0.00,false,1,14244
7290110475437,false,אוזניות מיקרופון,Unknown,,אוזניות מיקרופון,,0.00,,false,1,59.00,0.00,false,1,14721
7290110475444,false,כסא ים ושולחן צד,Unknown,,כסא ים ושולחן צד,,0.00,,false,1,129.00,0.00,true,1,14246
7290110475451,false,אוהל פתיחה ל-6 אנשים,Unknown,,אוהל פתיחה ל-6 אנשים,,0.00,,false,1,499.00,0.00,true,1,14247
7290110475468,false,אוהל ל-8 אנשים,Unknown,,אוהל ל-8 אנשים,,0.00,,false,1,699.00,0.00,false,1,14248
7290110475482,false,סט כלים לגריל פרמיום,Unknown,,סט כלים לגריל פרמיום,,0.00,,false,1,39.00,0.00,false,1,17783
7290110475529,false,"בוסטר התנעה לרכבים פרטיים ומסחריים 13,000M",Unknown,,בוסטר התנעה לרכבים,,1.00,יחידה,false,1,249.00,249.00,false,1,14722
7290110475567,false,מזרון שטח מתקפל,Unknown,,מזרון שטח מתקפל,,0.00,,false,1,149.00,0.00,false,1,14252
7290110475659,false,מחצלת 4X4,Unknown,,מחצלת 4X4,,0.00,,false,1,129.00,0.00,false,1,15853
7290110475673,false,שלישיית מסכות KN95,Unknown,,שלישיית מסכות KN95,,3.00,יחידה,false,1,15.00,5.00,true,1,14253
7290110475680,false,מארז מסכות כרורגיות,Unknown,,מארז מסכות כרורגיות,,50.00,יחידה,false,1,19.90,0.40,false,1,14254
7290110475772,false,אוזניות TWS SHARP TONE,Unknown,,אוזניות TWS PRO,,0.00,,false,1,99.00,0.00,true,1,14258
7290110475826,false,צידנית ל6 בירות,Unknown,,צידנית ל6 בירות,,0.00,,false,1,10.00,0.00,false,1,14261
7290110475901,false,פרוזקטור לד נטען20W,Unknown,,פרוזקטור לד נטען20W,,0.00,,false,1,99.00,0.00,false,1,14724
7290110475932,false,מעמד מגנטי למזגן,Unknown,,מעמד מגנטי למזגן,,1.00,יחידה,false,1,39.90,39.90,false,1,14727
7290110475953,false,תרמוס 1400 ml ארטוס,Unknown,,תרמוס 1400 ml ארטוס,,0.00,,false,1,99.00,0.00,false,1,17105
7290110475956,false,צידנית טרולי 45 ל,Unknown,,צידנית טרולי 45 ל,,0.00,,false,1,79.00,0.00,false,1,15419
7290110475963,false,"תרמוס עם כוס 1400 מ""ל",Unknown,,תרמוס 1400 ml ארטוס,,0.00,,false,1,99.00,0.00,false,1,14728
7290110476014,false,זרוע לרכב לדשבורד EL,Unknown,,מעמד מגנטי לרכב,,1.00,יחידה,false,1,39.90,39.90,false,1,14731
7290110476038,false,שלישיית עצי ריח,Unknown,,שלישיית עצי ריח,,1.00,יחידה,false,1,10.00,10.00,false,1,14732
7290110476045,false,שלישיית עצי ריח,Unknown,,שלישיית עצי ריח,,1.00,יחידה,false,1,10.00,10.00,false,1,14733
7290110476052,false,שלישיית עצי ריח,Unknown,,שלישיית עצי ריח,,1.00,יחידה,false,1,10.00,10.00,false,1,14734
7290110476069,false,שלישיית עצי ריח,Unknown,,שלישיית עצי ריח,,1.00,יחידה,false,1,10.00,10.00,false,1,14735
7290110476076,false,שלישיית עצי ריח,Unknown,,שלישיית עצי ריח,,1.00,יחידה,false,1,10.00,10.00,false,1,14736
7290110476083,false,שלישיית עצי ריח,Unknown,,שלישיית עצי ריח,,1.00,יחידה,false,1,10.00,10.00,false,1,14737
7290110476090,false,כסא ים GROUND CHAIR,Unknown,,כסא ים GROUND CHAIR,,0.00,,false,1,129.00,0.00,false,1,15854
7290110476151,false,מדליק פחמים מהיר,Unknown,,מדליק פחמים מהיר,,0.00,,false,1,49.00,0.00,false,1,15416
7290110476205,false,קומבו צידניות,Unknown,,קומבו צידניות,,0.00,,false,1,199.00,0.00,false,1,15858
7290110476229,false,צידנית קשיחה 50 ל,Unknown,,צידנית קשיחה 50 ל,,0.00,,false,1,299.00,0.00,false,1,15431
7290110476267,false,מטען קיר מאושר אפל 2,Unknown,,מטען קיר 20 וואט,,0.00,,false,1,119.00,0.00,false,1,15495
7290110476281,false,מ.קמפינג מתקפלת,Unknown,,מ.קמפינג מתקפלת,,0.00,,false,1,149.00,0.00,false,1,15417
7290110476298,false,עגלת שטח מתקפלת דגם,Unknown,,עגלת שטח צבאית,,0.00,,false,1,349.00,0.00,false,1,15418
7290110476373,false,עגלת שטח פרימיום,Unknown,,עגלת שטח פרימיום,,0.00,,false,1,349.00,0.00,false,1,15420
7290110476380,false,ג. 8 מטר חיבור usb,Unknown,,ג. 8 מטר חיבור usb,,0.00,,false,1,149.00,0.00,false,1,15421
7290110476496,false,גרילנדה 8 מטרים,Unknown,,גרילנדה 8 מטרים,,0.00,,false,1,199.90,0.00,false,1,17784
7290110476526,false,קומקום לשטח camp&go,Unknown,,קומקום לשטח camp&go,,0.00,,false,1,99.00,0.00,false,1,17108
7290110476557,false,תיק עם שלוקר 3 ל,Unknown,,תיק עם שלוקר 3 ל,,0.00,,false,1,79.00,0.00,false,1,15422
7290110476571,false,מטען רכב קואלקום,Unknown,,מטען רכב QC3.0 +PD,,0.00,,false,1,49.90,0.00,false,1,17109
7290110476588,false,כבל METAL CHARGE אייפון,Unknown,,כבל CHARGE אייפון,,0.00,,false,1,29.00,0.00,false,1,15496
7290110476595,false,כבל מיקרו usb,Unknown,,כבל מיקרו usb,,0.00,,false,1,29.00,0.00,false,1,15497
7290110476601,false,כבל מטאלי טייפ סי,Unknown,,כבל טייפ סי,,0.00,,false,1,29.00,0.00,false,1,15945
7290110476618,false,כבל מטאלי טייפ סי לט,Unknown,,כבל M.C סי טו סי,,0.00,,false,1,29.00,0.00,false,1,15498
7290110476625,false,כבל טעינה מהירה אייפ,Unknown,,כבל IN CHARGE אייפון,,0.00,,false,1,29.90,0.00,false,1,17110
7290110476632,false,כבל IN CHARGE מיקרו USB,Unknown,,כבל IN CHARGE מיקרו,,0.00,,false,1,29.90,0.00,false,1,17111
7290110476649,false,כבל IN CHARGE טיפ סי,Unknown,,כבל IN CHARGE טיפ סי,,0.00,,false,1,29.90,0.00,false,1,17112
7290110476656,false,כבל טעינה טייפ סי לטייפ סי,Unknown,,כבל IN CHARGE טיפ סי,,0.00,,false,1,29.90,0.00,false,1,17113
7290110476687,false,ר.לאפל ווטש ב.מטאלי,Unknown,,ר.לאפל ווטש ב.מטאלי,,0.00,,false,1,99.00,0.00,false,1,17114
7290110476694,false,ר.לאפל ווטש מ.נילון,Unknown,,ר.לאפל ווטש מ.נילון,,0.00,,false,1,99.00,0.00,false,1,17115
7290110476700,false,ר.לאפל ווטש ב. מטאלי,Unknown,,ר.לאפל ווטש ב. מטאלי,,0.00,,false,1,99.00,0.00,false,1,17116
7290110476717,false,רצועה לאפל ווטש,Unknown,,רצועה לאפל ווטש,,0.00,,false,1,99.00,0.00,false,1,17117
7290110476731,false,כיסוי קשיח לאירפודס,Unknown,,כיסוי קשיח לאירפודס,,0.00,,false,1,49.00,0.00,false,1,17119
7290110476816,false,פנס נטען ארטוס,Unknown,,פנס נטען ארטוס,,0.00,,false,1,99.00,0.00,false,1,15846
7290110476847,false,צילייה משפחתית,Unknown,,צילייה משפחתית,,0.00,,false,1,299.00,0.00,false,1,15847
7290110476861,false,כסא ים עם י.ץ+ ש.עץ,Unknown,,כסא ים עם י.ץ+ ש.עץ,,0.00,,false,1,99.00,0.00,false,1,15848
7290110476878,false,גריל מעשנה 13 אינץ,Unknown,,גריל מעשנה 13 אינץ,,0.00,,false,1,699.00,0.00,false,1,15838
7290110477004,false,"שולחן פיקניק מאלומיניום 27*40*60 ס""מ",Unknown,,ש.פיקניק אלומיניום,,0.00,,false,1,69.00,0.00,false,1,15849
7290110477028,false,א.קשת אלחוטיות ירוק,Unknown,,א.קשת אלחוטיות ירוק,,0.00,,false,1,49.00,0.00,false,1,17785
7290110477080,false,קומפרסור נטען,Unknown,,קומפרסור נטען,,0.00,,false,1,99.00,0.00,false,1,17123
7290110477097,false,אוזניות קשת אלחוטיות,Unknown,,אוזניות קשת אלחוטיות,,0.00,,false,1,49.00,0.00,false,1,17787
7290110477110,false,זרוע טלסקופית לרכב,Unknown,,זרוע טלסקופית לרכב,,0.00,,false,1,49.00,0.00,false,1,17124
7290110477127,false,מ.למזגן טעינה אלחוטי,Unknown,,מ.למזגן טעינה אלחוטי,,0.00,,false,1,99.00,0.00,false,1,17125
7290110477134,false,מטען רכב משפחתי,Unknown,,מטען רכב משפחתי,,0.00,,false,1,99.00,0.00,false,1,17126
7290110477158,false,פנס פרוזקטור נטען,Unknown,,פנס פרוזקטור נטען,,0.00,,false,1,99.00,0.00,false,1,17128
7290110477189,false,תאורת נטענת לקמפינג,Unknown,,תאורת נטענת לקמפינג,,0.00,,false,1,49.00,0.00,false,1,17129
7290110477219,false,אוזניות TWS ARTOS,Unknown,,אוזניות TWS ARTOS,,0.00,,false,1,99.00,0.00,false,1,17131
7290110477240,false,אוזניות חוטיות מדונה,Unknown,,אוזניות חוטיות מדונה,,0.00,,false,1,49.90,0.00,false,1,17132
7290110477295,false,שולחן אלומיניום מתקפל 70*70 COMPACT TABLE,Unknown,,ש.אלומיניום מתקפל,,0.00,,false,1,199.00,0.00,false,1,17133
7290110477301,false,שולחן אלומניום מתקפל,Unknown,,שולחן אלומניום מתקפל,,0.00,,false,1,349.00,0.00,false,1,17134
7290110477318,false,שולחן קמפינג מתקפל,Unknown,,שולחן קמפינג מתקפל,,0.00,,false,1,99.00,0.00,false,1,17135
7290110477325,false,ארון שירות לקמפינג,Unknown,,ארון שירות לקמפינג,,0.00,,false,1,299.00,0.00,false,1,17136
7290110477332,false,אוזניות בלוטוס HEAD,Unknown,,אוזניות בלוטוס HEAD,,0.00,,false,1,199.00,0.00,false,1,17137
7290110477349,false,אוזניות אלחוטיות,Unknown,,אוזניות אלחוטיות,,0.00,,false,1,199.00,0.00,false,1,17138
7290110477356,false,אוהל תעלה,Unknown,,אוהל תעלה,,0.00,,false,1,599.00,0.00,false,1,17139
7290110477455,false,מטען רכב PD,Unknown,,מטען רכב PD,,0.00,,false,1,39.90,0.00,false,1,17143
7290110477486,false,צידנית חשמלית לרכב 8 ליטר,Unknown,,צידנית חשמלית לרכב,,0.00,,false,1,299.00,0.00,false,1,17145
7290110477493,false,ציידנית ט.חשמלית 50ל,Unknown,,ציידנית ט.חשמלית 50ל,,0.00,,false,1,799.00,0.00,false,1,17146
7290110477578,false,מיכל מים 2 גלון,Unknown,,מיכל מים 2 גלון,,0.00,,false,1,199.00,0.00,false,1,17149
7290110477585,false,סוללת גיבוי מגנטית,Unknown,,סוללת גיבוי מגנטית,,0.00,,false,1,99.00,0.00,false,1,17150
7290110477592,false,ערכת הישרדות,Unknown,,ערכת הישרדות,,0.00,,false,1,149.00,0.00,false,1,17151
7290110477608,false,ע.קפה וגזיה אלפינית,Unknown,,ע.קפה וגזיה אלפינית,,0.00,,false,1,99.00,0.00,false,1,17152
7290110477615,false,שישה שאקלים,Unknown,,שישה שאקלים,,0.00,,false,1,29.00,0.00,false,1,17153
7290110477622,false,אקדח עיסוי נטען,Unknown,,אקדח עיסוי נטען,,0.00,,false,1,99.00,0.00,false,1,17154
7290110477639,false,מתאם AUDIO TYPE C,Unknown,,מתאם AUDIO TYPE C,,0.00,,false,1,59.00,0.00,false,1,17789
7290110477653,false,אוזניות TWS אלומינ,Unknown,,אוזניות TWS אלומינ,,0.00,,false,1,129.00,0.00,false,1,17156
7290110477660,false,עצי ריח מעוצבים,Unknown,,עצי ריח מעוצבים,,0.00,,false,1,5.90,0.00,false,1,17790
7290110477677,false,כבל 2 מטר,Unknown,,כבל 2 מטר,,0.00,,false,1,29.90,0.00,false,1,17791
7290110477721,false,מטען אלחוטי 3 ב1,Unknown,,מטען אלחוטי 3 ב1,,0.00,,false,1,99.00,0.00,false,1,17792
7290110550349,false,דוריטוס אקסטרים ספייסי70,"שטראוס פריטו ליי בע""\מ )",IL,דוריטוס אקסטרים ס.נ,,70.00,100 גרם,false,1,6.90,9.86,true,1,15926
7290110550363,false,פריכיות משולשות קינואה ומלח ים 65 גרם,פרח תעשיות,IL,פריכיות ק.מלח 65ג,,0.00,,false,1,11.90,0.00,true,1,17795
7290110550370,false,משולשות קינואה ופלפל שחור אנרג'י 65 גרם,שטראוס גרופ,IL,משולשות קינואה,,0.00,,false,1,11.90,0.00,false,1,17796
7290110550400,false,שוקולד פרה בלונדבוטנ,Unknown,,בלונדי בוטנים מלוחים,,0.00,,false,1,10.00,0.00,true,1,17157
7290110550417,false,שוקולד בלונדי שומשום,Unknown,,בלונדי שומשום קרמל,,0.00,,false,1,10.00,0.00,true,1,17158
7290110550646,false,עוגיות עלית שוקוציפס,Unknown,,THINS ע.שוקוציפס,,0.00,,false,1,12.00,0.00,true,1,17159
7290110550691,false,שוקולד פרה במילוי פטל 50 גרם,מיוצר עי קונדיטוריית,IL,ח.פרה ממולדה פטל,,0.00,,false,1,6.60,0.00,true,1,17160
7290110550707,false,חטיף פרה ממולדה אננס,מיוצר עי קונדיטוריית,IL,ח.פרה ממולדה אננס,,0.00,,false,1,6.90,0.00,true,1,17161
7290110551117,false,שוקולד פרה לבן עם סו,STRAUSS-ISRAEL,IL,ש.פרה לבן ס.קופצות,,0.00,,false,1,9.00,0.00,true,1,17163
7290110551773,false,איחולים מתוקים 137ג,Unknown,,איחולים מתוקים 137ג,,0.00,,false,1,26.90,0.00,true,1,17164
7290110551988,false,טעמי לבן 40 גרם,Unknown,,טעמי לבן 40 גרם,,0.00,,false,1,6.90,0.00,true,1,17165
7290110552817,false,עלית - צנצנת מאסט בטעם גלידה לימון,אסקום קונפקשיין,DE,מסטיק ג.לימון 58 גר,,0.00,,false,1,12.00,0.00,true,1,17797
7290110553029,false,"אנרג'י קריספס-פריכיות חומוס, עדשים ואפונה עם קייל וסלק","פרח תעשיו מזון בע""מ",IL,פריכיות חלבון 60 ג,,0.00,,false,1,11.90,0.00,false,1,17166
7290110553036,false,קריספס-פריכיות עם אפונה ובטטה סגולה בטעם בצל מקורמל,"פרח תעשיו מזון בע""מ",IL,פריכת בטטה אפונה 60ג,,0.00,,false,1,11.90,0.00,false,1,17167
7290110553098,false,מאגדת חטיפים אנרג'י מיקס צימוקים אגוזים 100X4 גרם,אנרג'י Energy - שטראוס,GB,אנרגי צימוק ש. חלב,,0.00,,false,1,19.90,0.00,false,1,17798
7290110553173,false,אנרגי פריכיות אורז בטעם קרמל 50 גרם,סאנורייס בלגיום,IL,פריכיות קרמל,,0.00,,false,1,8.90,0.00,false,1,17799
7290110553180,false,אנרגי פריכיות אורז בטעם תפוח קינמון 50 ג,סאנורייס בלגיום,IL,פריכיות תפוח קינמון,,0.00,,false,1,8.90,0.00,false,1,17800
7290110553210,false,סבבה בוטנים הוט באפלו ווינגס 51.2 ג',STRAUSS-ISRAEL,IL,סבבה בוטנים הוט 50ג,,0.00,,false,1,3.00,0.00,true,1,17801
7290110553401,false,בינז אייס קופי לאטה,מונסטרלנד לולף,DE,.7יס לאטה וניל Beanz,,0.00,,false,1,10.90,0.00,true,1,17169
7290110553449,false,מארז עוגת מילקי סנאק,בווארד טור ד'אלבון,FR,מילקי סנאק 6 יח,,0.00,,false,1,16.90,0.00,false,1,17171
7290110553494,false,דוריטוס דיפס תירס כחול,STRAUSS-ISRAEL,,דוריטוס תירס כחול,,0.00,,false,1,12.70,0.00,true,1,17172
7290110553623,false,צ'יטוס קראנצ'י בטעם צ'דר חלפיניו - חלבי,"שטראוס פריטו ליי בע""\מ )",IL,ציטוס צ.חלפיניו 80ג,,0.00,,false,1,6.60,0.00,true,1,17173
7290110553883,false,רביעיית טורטית לבנה,Unknown,,רביעיית טורטית לבנה,,0.00,,false,1,19.90,0.00,true,1,17174
7290110554453,false,בינז אייס קופי לאטה,מונסטרלנד לולף,DE,אייס לאטה מוקה Beanz,,0.00,,false,1,10.90,0.00,true,1,17175
7290110554477,false,קפסולת אספרסו לאפוגטו טעם מייפל פקאן 50 ג' עלית,שטראוס קפה בי.וי.,IL,ק.א.לאפוגטו מייפל פק,,0.00,,false,1,16.50,0.00,false,1,17176
7290110554545,false,קפסולת אספרסו לאפוגטו טעם קוקוס 50 ג' עלית,שטראוס קפה בי.וי.,IL,ק.א.לאפוגטו עם קוקוס,,0.00,,false,1,16.50,0.00,false,1,17177
7290110554729,false,קפסולות עלית אספרסו 04 תואמות למכונות NESPRESSO,שטראוס קפה בי.וי.,IL,קפסולה 04 NESPRESSO,,0.00,,false,1,16.50,0.00,true,1,17178
7290110554828,false,"שלישיית פסק זמן קלאסי כשל""פ 129 גרם",Unknown,,שלישיית פסק זמן כשלפ,,0.00,,false,1,19.90,0.00,true,1,17179
7290110555078,false,לאבנה עם שמן זית ועשבי תיבול שטראוס 250 גרם,"מחלבות בר בכפר בע""\מ",IL,לאבנה עם שמן זית,,0.00,,false,1,12.90,0.00,false,1,17180
7290110555337,false,נמס ICE קלאסי 250 מל,מונסטרלנד לולף,DE,נמס ICE קלאסי 250 מל,,0.00,,false,1,9.90,0.00,true,1,17802
7290110555344,false,"ICE נמס וניל 250 מ""ל",שטראוס גרופ,IL,נמס ICE וניל 250 מל,,0.00,,false,1,9.90,0.00,true,1,17803
7290110556242,false,עלית - שוקולד מריר פרווה בדץ 100 גרם,"שטראוס גרופ בע""מ.",FR,ש.פרה מריר 100ג חדש,,0.00,,false,1,9.00,0.00,true,1,17804
7290110557003,false,נשנוש חומוס פלפלים ק,"שטראוס גרופ בע""מ",IL,אחלה חומוס פלפלים,,0.00,,false,1,12.00,0.00,false,1,17181
7290110557164,false,חטיף טעמי בלונדי שקד,Unknown,,טעמי בלונדי שקדים,,0.00,,false,1,6.90,0.00,true,1,17182
7290110557171,false,חטיף טעמי בלונדי ביי,Unknown,,טעמי בלונדי בייגלה,,0.00,,false,1,6.90,0.00,true,1,17183
7290110557560,false,עוגת בראוניס עם קרמב,STRAUSS-ISRAEL,,כשלפ ע.ב.קראמבל,,0.00,,false,1,18.90,0.00,true,1,17184
7290110557645,false,מאגדת חטיפים אנרג'י מיקס צימוקים חמוציות 100X4 גרם,קונסרב איטליה,GB,אנרגי צימוק וש.לבן,,0.00,,false,1,19.90,0.00,false,1,17805
7290110558284,false,דנונה ביו מולטי שטראוס 200 גרם,"שטראוס בריאות בע""\מ",IL,דנונה ביו מולטי,,0.00,,false,1,4.50,0.00,false,1,17806
7290110558314,false,דנונה פרו 20 גרם חלבון ללא סוכר פיסטוק 200 גרם,"שטראוס בריאות בע""\מ",IL,דנונה פרו פיסטוק,,0.00,,false,1,6.90,0.00,false,1,17807
7290110559038,false,מילקשייק שוקו עם סיר,מחלבת יטבתה,IL,מילקשייק שוקו+סירופ,,0.00,,false,1,8.90,0.00,false,1,17186
7290110559045,false,מילקשייק וניל עם סיר,מחלבת יטבתה,IL,מילקשייק וניל+סירופ,,0.00,,false,1,8.90,0.00,false,1,17187
7290110560300,false,"הפריכיות הטעימות חומוס, עדשים שחורות, קינואה ופלפל שחור",אנרג'י Energy - שטראוס,IL,משולשות פלפל שחור,,30.00,100 גרם,false,1,7.00,23.33,true,1,12831
7290110560317,false,"הפריכיות הטעימות חומוס, עדשים שחורות, קינואה ומלח ים","פרח תעשיו מזון בע""מ",IL,משולשות מלח ים,,30.00,100 גרם,false,1,7.00,23.33,true,1,12832
7290110560324,false,"הפריכיות הטעימות תפו""א, אורז, אפונה ומלח ים","פרח תעשיו מזון בע""מ",IL,משולשות אפונה ירוקה,,30.00,100 גרם,false,1,7.00,23.33,true,1,12833
7290110561918,false,תפוציפס אפוי יוגורט ושום שמיר 45 גרם,פריטו ליי טורקיה,IL,תפוציפס אפוי יוגורט,,50.00,100 גרם,false,1,5.90,11.80,true,1,12836
7290110563431,false,"משקה קפה קר בסגנון קלאסי 230 מ""ל 1.6% יוטבתה",האי נאם סי או אל.טי.,AT,אייס קפה יטבתה קלאסי,,230.00,"100 מ""ל",false,1,10.00,4.35,true,1,12837
7290110563448,false,"משקה קפה קר בסגנון מעודן 230 מ""ל 1.6% יוטבתה",האי נאם סי או אל.טי.,AT,אייס קפה יטבתה מעודן,,230.00,"100 מ""ל",false,1,10.00,4.35,true,1,12838
7290110563455,false,חלב דל לקטוז 3% בקבוק 1ל,מחלבת יטבתה,IL,חלב דל לקטוז 3%,,0.00,,false,1,8.50,0.00,false,1,17188
7290110563462,false,חלב 2% דל לקטוז בבקבוק יטבתה 1 ליטר.,מחלבת יטבתה,IL,יטבתה חלב נטול,,0.00,,false,1,9.00,0.00,true,1,16474
7290110563851,false,אנרגי חטיפי דגנים אגוזים ושוקולד חלב מא6,"שטראוס גרופ בע""\מ",IL,מאגדת תחתית חלב,,144.00,100 גרם,false,1,16.00,11.11,true,1,12839
7290110563868,false,אנרגי חטיפי דגנים אגוזים ושוקולד מריר מ6,"שטראוס גרופ בע""\מ",IL,אנרגי מאג תחתית מריר,,144.00,100 גרם,false,1,16.00,11.11,true,1,12840
7290110564346,false,שוק.בלונדי ק.בראוניז100ג,"שטראוס גרופ בע""\מ",IL,בלונדי קרם בראוניז,,0.00,,false,1,10.00,0.00,true,1,17189
7290110564353,false,בלונדי קרם אגוזי לוז100ג,"שטראוס גרופ בע""\מ",IL,בלונדי קרם אגוזי לוז,,0.00,,false,1,10.00,0.00,true,1,16552
7290110564360,false,חומוס אחלה הסידרה המובחר 40% טחינה 400 גר',מיוצר עי קונדיטוריית,IL,חומוס עשיר ב40%טחינה,,400.00,100 גרם,false,1,16.00,4.00,true,1,12372
7290110564742,false,"משקה קפה קר בסגנון חזק 230 מ""ל 1.2% יוטבתה",האי נאם סי או אל.טי.,AT,אייס קפה יטבתה חזק,,230.00,"100 מ""ל",false,1,10.00,4.35,true,1,12842
7290110565527,false,יוגורט PRO פרו 1.5% 20 גרם חלבון בגביע,"שטראוס בריאות בע""מ",IL,דנונה פרו 20ג חלבון,,20.00,100 גרם,false,1,6.90,34.50,true,1,12374
7290110565664,false,עוגת בראוניז מריר+קרם380,"שטראוס גרופ בע""\מ",IL,בראוניז ש.מריר וקרם,,380.00,100 גרם,false,1,20.50,5.39,true,1,12843
7290110565923,false,אנרגי תחתית מריר,Unknown,,אנרגי תחתית מריר,,24.00,100 גרם,false,1,5.00,20.83,true,1,12846
7290110565930,false,אנרגי תחתית ש.חלב,Unknown,,אנרגי תחתית ש.חלב,,24.00,100 גרם,false,1,5.00,20.83,true,1,12847
7290110566623,false,קפסולות קולומביה עלית 08 למכונת נספרסו מארז 5X10ג',שטראוס קפה בי.וי.,IL,קפסולות 08 קולומביה,,0.00,,false,1,16.50,0.00,false,1,17190
7290110566975,false,דנונה פרו יוגורט 0% תות עשיר בחלבון 200ג',"שטראוס בריאות בע""\מ",IL,דנונה פרו תות 20ג חל,,20.00,100 גרם,false,1,6.90,34.50,true,1,12375
7290110567064,false,מאסט POWER MINT מנטה ופטל 64 גרם,אסקום קונפקשיין,DE,מאסט בוקסי מנטה פטל,,64.00,100 גרם,false,1,12.00,18.75,true,1,12851
7290110567255,false,אנרגי בטעם טעמי,Unknown,,אנרגי בטעם טעמי,,28.00,100 גרם,false,1,5.00,17.86,true,1,12852
7290110567309,false,פסק זמן בלונדי קרם חלב45,"שטראוס גרופ בע""\מ",IL,פסק זמן בלונדי ק.חלב,,45.00,100 גרם,false,1,7.50,16.67,true,1,12853
7290110568276,false,משקה וניל פרו Pro מועשר בחלבון 1.5%,מחלבת יטבתה,DE,משקה פרו וניל 350מל,,350.00,"100 מ""ל",false,1,7.50,2.14,true,1,13829
7290110568627,false,עלית - פסק זמן רול שוקולד חלב עם קרם אגוזים 26 גרם,שולן צ'\יקולטה גידה סאן.,TR,פסק זמן רול אגוזים,,0.00,,false,1,7.50,0.00,true,1,12854
7290110568924,false,עלית - פסק זמן רול שוקולד חלב עם קרם חלב וקוקוס 26 גרם,שולן צ'\יקולטה גידה סאן.,TR,פסז ק.חלב וקוקוס,,0.00,,false,1,7.50,0.00,true,1,12855
7290110570224,false,"משקה קפה קר בטעם עוגיות יטבתה 230 מ""ל",אנסטל מילק kg,AT,קפה קר עוגיות,,0.00,,false,1,10.00,0.00,false,1,17808
7290110570521,false,סלט חציל פיקנטי יום,"שטראוס גרופ בע""\מ",IL,חציל פיקנטי יום יום,,0.00,,false,1,6.20,0.00,false,1,17809
7290110571375,false,"אנרג'י מיקס תערובת צימוקים, תמרים, טופי ושברי פקאן",אנרג'י Energy - שטראוס,GB,אנרגי טופי ופקאן,,0.00,,false,1,19.90,0.00,false,1,17810
7290110571399,false,עלית - צנצנת מאסט בטעם גלידה תות,אסקום קונפקשיין,DE,מסטיק ג.תות 58 גרם,,0.00,,false,1,12.00,0.00,true,1,17811
7290110571474,false,רבע לשבע טבעוני פופקורן עלית 125 גרם,"הגביע מוצרי וופלים בע""\מ",IL,רבע לשבע פופקורן,,0.00,,false,1,14.50,0.00,true,1,17812
7290110730642,true,אייבו-להורדת חום ילד,,,אייבו-להורדת חום ילד,,0.00,,false,,25.90,0.00,true,1,15028
7290110856243,false,ציל סיגריה אלקטרונית,Unknown,CN,chill-ענבים,,0.00,,false,1,49.90,0.00,false,1,17195
7290110856250,false,ציל סיגריה אלקטרונית,Unknown,CN,chill-תפוח,,0.00,,false,1,49.90,0.00,false,1,17196
7290110856267,false,ציל סיגריה אלקטרונית,Unknown,CN,chill-אבטיח,,0.00,,false,1,49.90,0.00,false,1,17197
7290110856298,false,ציל סיגריה אלקטרונית,Unknown,CN,chill-פירות יער,,0.00,,false,1,49.90,0.00,false,1,17198
7290110856373,false,ציל סיגריה אלקטרונית,Unknown,CN,chill-תפוח אפרסק,,0.00,,false,1,49.90,0.00,false,1,17199
7290110856380,false,ציל סיגריה אלקטרונית,Unknown,CN,chill-תות בננה,,0.00,,false,1,49.90,0.00,false,1,17200
7290110856502,false,ציל סיגריה אלקטרונית,Unknown,CN,ס.אלקטרונת תות אבטיח,,0.00,,false,1,49.90,0.00,false,1,17814
7290110856519,false,ציל סיגריה אלקטרונית,Unknown,CN,chill-פטל,,0.00,,false,1,49.90,0.00,false,1,17201
7290111010262,false,מגבות נייר פייפר טאו,Unknown,,מגבות פרש מרקט 6,,0.00,,false,1,11.90,0.00,false,1,17202
7290111010316,false,נייר טואלט 24 גלילים,Unknown,,נייר טואלט 24 גלילים,,0.00,,false,1,22.90,0.00,false,1,17203
7290111010620,false,ערק כביר אסלי עם לימ,Unknown,,ערק עם לימונים,,0.00,,false,1,54.90,0.00,false,1,17204
7290111010637,false,ערק כביר אסלי עם פסי,Unknown,,ערק כביר פסיפלורה,,0.00,,false,1,54.90,0.00,false,1,17205
7290111170058,false,לד פנס פוג'יקום,Unknown,,פנס LED,,0.00,,false,1,39.90,0.00,true,1,16322
7290111170133,true,רמקול בלוטות,,,רמקול בלוטות,,0.00,,false,,199.90,0.00,true,1,12376
7290111170553,false,פנס ראש,Unknown,,פנס ראש,,0.00,,false,1,49.90,0.00,false,1,17206
7290111171048,false,קומפרסור אוויר,Unknown,,קומפרסור אוויר,,0.00,,false,1,149.00,0.00,false,1,15850
7290111341984,false,לילי - מגבוני נייר טואלט לח פיור רביעייה,קימברלי,IL,נייר טואלט לילי לח*4,,160.00,יחידה,false,1,24.90,0.16,true,1,14272
7290111350566,false,2 לואקר 250ג בצידנית,Unknown,,2 לואקר 250ג בצידנית,,250.00,100 גרם,false,1,29.90,11.96,true,1,15227
7290111350924,false,קואדרטיני אגוז+כוס250*2ג,Unknown,AT,לואקר+כוס טרמית,,0.00,,false,1,29.90,0.00,true,1,17207
7290111351280,false,תערובת אגוזים קלויים ללא מלח 150 גרם קליית גת,קליית גת,IL,תערובת אגוזים קלויים,,150.00,100 גרם,false,1,22.90,15.27,true,1,12865
7290111351327,false,תערובת אגוזים קלויים 100,פרומניו,IL,תערובת אגוזים קלויים,,100.00,100 גרם,false,1,12.90,12.90,true,1,12866
7290111354083,false,תערובת אגוזים מקורמל,קליית גת,IL,ת.אגוזים מקורמלים,,0.00,,false,1,24.90,0.00,true,1,17208
7290111354090,false,תערובת אגוזים וחמוצי,קליית גת,IL,ת.פיצוחים משוקלדות,,0.00,,false,1,24.90,0.00,true,1,17209
7290111354175,false,"רביולי חטיפי בוטנים מצופים בטעם ברביקיו, 110 גרם",קליית גת,IL,רביולי בוטנים מצופים,,0.00,,false,1,16.90,0.00,true,1,17210
7290111354182,false,פריכיות אורז צילי 70,קליית גת,IL,פרכיות אורז צילי,,0.00,,false,1,16.90,0.00,true,1,17211
7290111354571,false,צידנית קאודרטיני+גרדנה,א. לואקר,AT,לואקר מארז+ציידנית,,0.00,,false,1,39.90,0.00,true,1,17816
7290111560873,false,בונז'ור לחמניה עגולה 100ג',Unknown,,לחמניית המבורגר,,100.00,100 גרם,false,1,3.00,3.00,true,1,12379
7290111560910,false,וופל בטעם שוקולד אסם 200 ג',Unknown,,וופל שוקולד 200 גרם,,200.00,100 גרם,false,1,5.90,2.95,true,1,12380
7290111563584,false,אקסטרים וניל כשר לפסח 72,גלידות נסטלה )נגה גלידות,IL,טילון כשלפ,,72.00,100 גרם,false,1,10.00,13.89,true,1,15133
7290111564239,false,שלגוני קראנץ' Crunch בטעם וניל - 5 יח',גלידות נסטלה )נגה גלידות,IL,מאגדת קראנץ וניל,,275.00,100 גרם,false,1,32.90,11.96,true,1,13279
7290111564277,false,פריכיות דקות ונימוחות 3 דגנים פיטנס Fitness,פרח תעשיות בעמ,IL,פיטנס פריכיות3 דגנים,,120.00,100 גרם,false,1,13.50,11.25,true,1,12381
7290111564291,false,פריכיות דקות ונימוחות 3 דגנים וקינואה פיטנס Fitness,פרח תעשיות בעמ,IL,פיטנס פ.עם קינואה,,120.00,100 גרם,false,1,13.50,11.25,true,1,12382
7290111564505,false,"קרחון אננס כשל""פ",נגה גלידות,IL,קרחון אננס כשלפ,,86.62,100 גרם,false,1,4.00,4.62,true,1,15134
7290111564727,false,עוגיות אסם קרמוגית וקרם אגוזים אסם 200ג',מיוצר עי קונדיטוריית,IL,קרמוגית קרם אגוזים,,200.00,100 גרם,false,1,14.90,7.45,true,1,14276
7290111564956,false,"ביסלי במבה מיקס 200 גרם ""אסם""",פרו מן יו פתרונות אריזה,IL,ביסלי במבה מיקס200ג,,200.00,100 גרם,false,1,15.90,7.95,true,1,12384
7290111565502,false,ארטיק אוראו וניל ועוגיות סנדוויץ נסטלה 80 ג',נסטלה גלידות,IT,סנדוויץ אוראו,,86.60,100 גרם,false,1,13.90,16.05,true,1,12387
7290111565656,false,במבה במילוי קרם נוגט 150 ג',"אסם תעשיות בע""מ",IL,במבה נוגט 150גר,,150.00,100 גרם,false,1,15.90,10.60,true,1,12388
7290111566271,false,חטיפי תירס טבעול 657 גרם,עיצובים 2020 (4.8),IL,טבעול חטיפי תירס,,0.00,,false,1,36.90,0.00,true,1,16432
7290111567759,false,עוגת דבש קלאסית 400 גרם,"אסם תעשיות בע""מ",IL,עוגת הבית דבש קלאסית,,0.00,,false,1,17.00,0.00,true,1,16378
7290111568206,false,"מיקס ביסלי, אפרופו ופיצוחים מתובלים",פרו מן יו פתרונות אר,IL,ביסלי פארטי מיקס,,150.00,100 גרם,false,1,15.90,10.60,true,1,12390
7290112000798,false,"דיטול תרסיסי חיטוי וניקוי אנטי בקטריאלי 750 מ""ל",רקיט בנקיזר,GB,דטול תרסיס חיטוי,,750.00,"100 מ""ל",false,1,15.90,2.12,true,1,14280
7290112000828,false,דטול - מגבונים חיטוי וניקוי אנטי בקטריאלי 60 יח',רקיט בנקיזר,PL,דטול לחיטוי 60 יחידו,,60.00,יחידה,false,1,15.90,0.26,true,1,14281
7290112000842,false,דטול מגבונים לניקוי כללי בניחות לימון 60 יח',רקיט בנקיזר,PL,דטול מגבונים לניקוי,,60.00,יחידה,false,1,15.90,0.26,true,1,14282
7290112002228,false,איירויק פחית גל בניחוח לבנדר,רקיט בנקיזר,CN,פחית ריח לרכב לוונדר,,1.00,יחידה,false,1,10.00,10.00,false,1,14743
7290112002235,false,אירוויק פחית גיל בניחוח ורדים 70ג',רקיט בנקיזר,CN,פחית ריח לרכב ורדים,,1.00,יחידה,false,1,10.00,10.00,false,1,14744
7290112002259,false,"איירוויק פחית ג'ל בניחוח מרענן, 70 גרם",רקיט בנקיזר,CN,פחית ריח לרכב-מרענן,,1.00,יחידה,false,1,10.00,10.00,false,1,14745
7290112330352,false,"יוגורט PRO בטעם וניל 0% , 20 גרם חלבון בגביע","שטראוס בריאות בע""\מ",IL,דנונה פרו וניל 200ג,,200.00,100 גרם,false,1,6.90,3.45,true,1,13833
7290112330390,false,דנונה פרו פירות יער 20 גרם חלבון 0% שומן 200 גרם,"שטראוס בריאות בע""\מ",IL,דנונה פרו פירות יער,,200.00,100 גרם,false,1,6.90,3.45,true,1,12893
7290112330420,false,יוגורט במרקם עשיר 2.9% 12 גרם חלבון בגביע,מיוצר עי קונדיטוריית,IL,דנונה פרו לבן 2.9%,,150.00,"100 מ""ל",false,1,5.00,3.33,false,1,13834
7290112330987,false,שייק חלבון אפרסק מנגו350,מחלבת יטבתה,IL,שייק ח.אפרסק מנגו,,350.00,"100 מ""ל",false,1,8.50,2.43,true,1,12895
7290112331519,false,פיתה קראנצ זעתר פרפ 60ג,"שטראוס פריטו ליי בע""\מ )",IL,פיתה קראנץ זעתר60ג,,60.00,100 גרם,false,1,6.00,10.00,true,1,12896
7290112331946,false,רבע לשבע טורטית120גרם,"הגביע מוצרי וופלים בע""\מ",IL,רבע לשבע טורטית,,120.00,100 גרם,false,1,14.50,12.08,true,1,14283
7290112332110,false,שוקולד מריר ללא סוכר,Unknown,,שוקולד מריר 60% ללס,,0.00,,false,1,10.90,0.00,true,1,17212
7290112332158,false,בלונדי קרם שמנת 100 גרם,"שטראוס גרופ בע""\מ",IL,בלונדי ק.שמנת,,0.00,,false,1,10.00,0.00,true,1,16553
7290112332585,false,פריכיות משולש תפוא אורז בתיבול סלק ומלח ים אנרג'י 30 גרם,"פרח תעשיו מזון בע""מ",IL,משולשות תפוא סלק,,30.00,100 גרם,false,1,7.00,23.33,true,1,12900
7290112332653,false,עוגיות סנדוויץ מצופו,STRAUSS-ISRAEL,,עוגיות סנדוויץ מצופv,,240.00,100 גרם,false,1,21.00,8.75,false,1,14747
7290112332691,false,פינוקיות עוגיות קרם פסק זמן אגוזים 200 גרם,"הגביע מוצרי וופלים בע""\מ",IL,פינוקיות פסק זמן,,200.00,100 גרם,false,1,13.50,6.75,true,1,12901
7290112332721,false,וופל שוקולד חלב מאנץ,Unknown,,מאנץ שוקולד חלב,,100.00,100 גרם,false,1,14.90,14.90,true,1,15674
7290112334879,false,בפלות שוקולד 125ג,Unknown,,בפלות שוקולד 125ג,,125.00,100 גרם,false,1,6.90,5.52,true,1,12904
7290112335043,false,כשלפ מרשמלו בזוקה ווסטהיים 150 ג',תות תעשיות מזון (201,IL,מרשמלו בזוקה,,150.00,100 גרם,false,1,8.00,5.33,true,1,12905
7290112335050,false,כשלפ מרשמלו ווסטהיים 150 ג',טופגאם תעשיות ממתקים,IL,מרשמלו וניל קלאסי,,150.00,100 גרם,false,1,8.00,5.33,true,1,12906
7290112335487,false,הפריכיות הטעימות קצח ודגנים אנרג'י 135 גרם,"פרח תעשיות מזון בע""\מ",IL,פ.טעימות קצח ודגנים,,135.00,100 גרם,false,1,14.90,11.04,true,1,12908
7290112335500,false,"פרכיות אנרג'י חומוס,אורז,עדשים שחורות וקינואה 135 גרם","פרח תעשיות מזון בע""\מ",IL,פרכיות טעימות חומוס,,135.00,100 גרם,false,1,14.90,11.04,true,1,12910
7290112336644,false,סוכריות מאסט ללא סוכר לימון 80 ג' עלית,שטראוס גרופ,PL,מאסט סוכריות לימון,,80.00,100 גרם,false,1,10.50,13.12,true,1,14289
7290112336712,false,יוגורט PRO לבן 0% 21 גרם חלבון בגביע,"שטראוס בריאות בע""מ",IL,דנונה פרו 21גר,,0.00,,false,1,6.90,0.00,true,1,16475
7290112337474,false,סוכריות מאסט ללא סוכר פטל לימון 80 ג' עלית,שטראוס גרופ,PL,מאסט ס.פטל לימון,,80.00,100 גרם,false,1,10.50,13.12,true,1,14290
7290112340122,false,הפריכיות הטעימות 3 דגנים אנרג'י 135 גרם,"פרח תעשיות מזון בע""\מ",IL,פ.טעימות 3דגנים-19,,135.00,100 גרם,false,1,14.90,11.04,true,1,12921
7290112340245,false,צנצנת מסטיק מאסט בטעם דובדבן 66 ג' עלית,"שטראוס גרופ בע""\מ",IL,מאסט דובדבן בקבוקון,,66.00,100 גרם,false,1,12.00,18.18,true,1,12922
7290112340252,false,צנצנת מסטיק מאסט בטעם אבטיח מלון 66 ג' עלית,"שטראוס גרופ בע""\מ",IL,מאסט אבטיח מלון,,66.00,100 גרם,false,1,12.00,18.18,true,1,12923
7290112340276,false,פינוקיות עוגיות קרם קפה 200 גרם,"הגביע מוצרי וופלים בע""\מ",IL,פינוקית קפה נמס,,200.00,100 גרם,false,1,13.50,6.75,true,1,12924
7290112340481,true,סבבה בוטנים קלויי200,,,סבבה בוטנים קלויי200,,0.00,,false,,11.00,0.00,true,1,14291
7290112341099,false,באגט קראנצ' טעם טבעי300ג,פלזנסקי,GR,באגט קראנצ טבעי 300ג,,300.00,100 גרם,false,1,14.90,4.97,true,1,12926
7290112341112,false,משקה מוקה בבקבוק יטבתה,מחלבת יטבתה,IL,מוקה בקבוק 350 מל,,350.00,"100 מ""ל",false,1,7.50,2.14,true,1,12927
7290112342072,false,משקה חלב בלונדי3% 1ליטר,מחלבת יטבתה,IL,משקה חלב בלונדי 1 ל,,1.00,1 ליטר,false,1,12.40,12.40,true,1,15554
7290112342195,false,כשלפ תפוציפס מקלות טבעי 200 גרם,"שטראוס פריטו ליי בע""\מ )",IL,תפוציפס מקלות טבעי,,200.00,100 גרם,false,1,15.00,7.50,true,1,14299
7290112342379,false,מאסט מון בטעם מנטה עדינה 60 גרם,שטראוס גרופ,IL,מאסט מון מנטה עדינה,,60.00,100 גרם,false,1,12.00,20.00,true,1,14300
7290112342386,false,מאסט מון בטעם מנטה 60 גרם,רוג'ר אנד רוג'ר,DE,מאסט מון מנטה מתוקה,,60.00,100 גרם,false,1,12.00,20.00,true,1,14301
7290112342393,false,מאסט מון בטעם תפוח 60 גרם,רוג'ר אנד רוג'ר,IL,מאסט מון תפוח 60 גר,,60.00,100 גרם,false,1,12.00,20.00,true,1,14302
7290112342508,false,דוריטוס צ'יזי טוויסט 70 גרם,"שטראוס פריטו ליי בע""\מ",IL,דוריטוס ק.ראנצ 70ג,,0.00,,false,1,6.90,0.00,true,1,17817
7290112342553,false,"משקה חלב בלונדי 350 מ""ל",מחלבת יטבתה,IL,משקה בלונדי 350 מל,,350.00,"100 מ""ל",false,1,7.50,2.14,true,1,15555
7290112342621,false,"משקה שוקו בקבוק 350 מ""ל",מחלבת יטבתה,IL,שוקו בקבוק 350 מל,,350.00,100 גרם,false,1,7.50,2.14,true,1,14304
7290112343420,false,"משקה חלב עם דגנים מלאים ובננה פרו יטבתה 350מ""ל",מחלבת יטבתה,IL,יטבתה פרו א.בוקר,,350.00,"100 מ""ל",false,1,8.50,2.43,true,1,14308
7290112343499,false,חטיף צ'יטוס פאפס אפוי בטעם גבינה,"שטראוס פריטו ליי בע""\מ )",IL,ציטוס פאפ גבינה 55ג,,0.00,,false,1,5.90,0.00,true,1,17213
7290112344427,false,קפה נמס עלית 100 גרם,שטראוס קפה בי.וי,IL,קפה נמס 100 גרם,,100.00,100 גרם,false,1,15.00,15.00,true,1,14309
7290112344755,false,מילקי עם 26% פחות סוכר 135 גרם,מיוצר עי קונדיטוריית,IL,מילקי 26% פחות סוכר,,135.00,100 גרם,false,1,3.10,2.30,false,1,14750
7290112344854,false,מילקי טופ קרם שוקולד170מ,מיוצר עי קונדיטוריית,IL,מילקי טופ שוקולד+נוג,,157.00,100 גרם,false,1,5.20,3.31,false,1,14752
7290112344908,false,מילקי שוקו שוקו,Unknown,,מילקי שוקו שוקו,,133.00,"100 מ""ל",false,1,3.80,2.86,true,1,15726
7290112344915,false,מעדן מילקי שוקולד עש,Unknown,,מילקי שוקולד עשיר,,133.00,"100 מ""ל",false,1,3.80,2.86,true,1,15727
7290112346537,false,עוגיות פינוקיות בטעם טורטית 200 ג' עלית,"הגביע מוצרי ופלים בע""\מ",IL,פינוקיות בטעם טורטית,,200.00,100 גרם,false,1,13.50,6.75,true,1,14320
7290112346629,false,"יוגורט עם קורנפלקס מצופה שוקולד חלב ולבן 172 מ""ל דנונה","שטראוס בריאות בע""\מ",IL,יוגורט עם קורנפלקס,,172.00,100 גרם,false,1,6.20,3.60,true,1,14322
7290112347374,false,מילקי cake בטעם פסק זמן,Unknown,,מילקי CAKE פסק זמן,,0.00,,false,1,4.00,0.00,true,1,14326
7290112347626,false,כיף כף נשנושים 55,Unknown,,כיף כף נשנושים 55,,55.00,100 גרם,false,1,9.00,16.36,true,1,14327
7290112347718,false,קולד ברו קלאסי 250,Unknown,,קולד ברו קלאסי 250,,250.00,"100 מ""ל",false,1,10.90,4.24,true,1,15284
7290112347725,false,קולד ברו מתיקות 250,Unknown,,קולד ברו מתיקות 250,,250.00,"100 מ""ל",false,1,10.90,4.24,true,1,15285
7290112348234,false,פסק זמן פטיסרי עם קרם פטל,"שטראוס גרופ בע""\מ",IL,פסק זמן פטיסרי ק.פטל,,35.00,100 גרם,false,1,7.50,21.43,true,1,14755
7290112348241,false,פסק זמן פטיסרי עם קרם קפה לאטה,שטראוס גרופ,IL,פסק זמן פטיסרי ק.קפה,,35.00,100 גרם,false,1,7.50,21.43,true,1,14756
7290112348548,false,שוקולד פרה לבן מעולה,"תופינית בע""\מ",IL,שוקולד פרה לבן 100ג,,100.00,100 גרם,false,1,9.00,9.00,true,1,14328
7290112349255,false,טורטית נשנושים 55,Unknown,,טורטית נשנושים 55,,55.00,100 גרם,false,1,9.00,16.36,true,1,14329
7290112349262,false,פסק זמן נשנושים 55,Unknown,,פסק זמן נשנושים 55,,55.00,100 גרם,false,1,9.00,16.36,true,1,14330
7290112349347,false,מאסט סוכריות FRESH בטעם מנטה,שטראוס גרופ,TR,מאסט FRESH מנטה,,15.00,100 גרם,false,1,5.00,33.33,true,1,14331
7290112349354,false,סוכריות פרש בטעם פטל לימון 15 גרם,שטראוס גרופ,TR,מאסט FRESH פטל,,15.00,100 גרם,false,1,5.00,33.33,true,1,14332
7290112349378,false,סוכריות פרש בטעם רימון ותות 15 גרם,"הליקון גידה בע""מ",TR,מאסט FRESH רימון,,15.00,100 גרם,false,1,5.00,33.33,true,1,14333
7290112349651,false,שוקולד פרה מיקס עוגי,STRAUSS-ISRAEL,,פרה עוגיות ואגוזים,,95.00,100 גרם,false,1,9.00,9.47,true,1,14758
7290112350312,false,קפסולות 15 קפה יותר למכונות נספרסו עלית 10יח',הנסיך- מפעל לייצור ט,IL,עלית ת. נספרסו 15,,10.00,יחידה,false,1,16.50,1.65,true,1,15158
7290112350350,false,פסק זמן פטיסרי עם קרם אגוזים,"שטראוס גרופ בע""\מ",IL,פסק זמן פטיסרי אגוזי,,35.00,100 גרם,false,1,7.50,21.43,true,1,14761
7290112351197,false,שוקולד מיקס עוגיות+שקד95,"שטראוס גרופ בע""\מ",IL,פרה עוגיות ושקדים,,95.00,100 גרם,false,1,9.00,9.47,true,1,14762
7290112351210,false,שוקולד פרה מיקס גלילי וופל וקוקוס,"שטראוס גרופ בע""\מ",IL,פרה גלילי ופל+קוקוס,,95.00,100 גרם,false,1,9.00,9.47,true,1,14763
7290112351258,false,עוגיית קקאו פינוקיות שחור לבן 200 גר,"הגביע מוצרי ופלים בע""\מ",IL,פינוקיות שחור לבן,,0.00,,false,1,13.50,0.00,true,1,14341
7290112351661,false,וופל שוקולד מריר מאנ,Unknown,,מאנץ שוקולד מריר,,100.00,100 גרם,false,1,14.90,14.90,true,1,15675
7290112351807,false,שוקולד פרה בלונדי חל,Unknown,,בלונדי טבלה חלק 100ג,,100.00,100 גרם,false,1,10.00,10.00,true,1,15208
7290112352057,false,בונ.איחולים מתוקים137גרם,תופינית,IL,איחולים מתוקים 137 ג,,137.00,100 גרם,false,1,26.90,19.64,true,1,15209
7290112352088,false,פריכיות משולשות תירס,Unknown,IL,פריכיות מ. תירס כשלפ,,30.00,100 גרם,false,1,7.00,23.33,true,1,15269
7290112352613,false,וופל אצבעות בלונדי ר,Unknown,,רבע לשבע בלונדי,,120.00,100 גרם,false,1,14.50,12.08,false,1,14767
7290112353412,false,"פריכיות משולשות-תפוא,תירס,אפונה,סלק ומלח 30 גרם","פרח תעשיו מזון בע""מ",IL,פריכיות משולשות,,30.00,100 גרם,false,1,7.00,23.33,true,1,14347
7290112353887,false,"משקה קפה קר בטעם אגוזים יטבתה 230 מ""ל",אנסטל מילק kg,AT,משקה קפה קר אגוזים,,230.00,100 גרם,false,1,10.00,4.35,true,1,15558
7290112353894,false,משקה קפה קר שוקולד 230 מל,האי נאם סי או אל.טי.,AT,משקה קפה קר שוקולד,,0.00,,false,1,10.00,0.00,false,1,14768
7290112354747,false,דנונה בר בננ+קורנפלקס172,"שטראוס בריאות בע""\מ",IL,דנונה בר בננה קורנפ,,172.00,100 גרם,false,1,6.20,3.60,true,1,14769
7290112354891,false,משקה קפה קר חזק במיו,האי נאם סי או אל.טי.,AT,משקה קפה קר חזק,,230.00,"100 מ""ל",false,1,10.00,4.35,true,1,15282
7290112355027,false,דנונה פרו 20 גרם חלבון בטעם קרמל מלוח 200 גרם,"שטראוס בריאות בע""\מ",IL,דנונה פרו 20 קרמל,,200.00,100 גרם,false,1,6.90,3.45,false,1,14771
7290112355522,false,משקה חלב ארטיק ענבים,מחלבת יטבתה,IL,משקה חלב ארטיק ענבים,,1.00,1 ליטר,false,1,12.40,12.40,true,1,15707
7290112355539,false,משקה חלב בטעם ארטיק,STRAUSS-ISRAEL,IL,משקה חלב ענבים350,,350.00,"100 מ""ל",false,1,7.50,2.14,true,1,15708
7290112355867,false,מילקי קצפת טופ פיצפוצים 86 גרם,"שטראוס גרופ בע""\מ",IL,מילקי קצפת פצפוצים,,0.00,,false,1,4.50,0.00,false,1,17214
7290112355980,false,חלב נטול לקטוז,Unknown,,חלב נטול לקטוז,,0.00,,false,1,17.90,0.00,false,1,17215
7290112356116,false,מאסט FRESH מנדרינה,Unknown,,מאסט FRESH מנדרינה,,15.00,100 גרם,false,1,5.00,33.33,false,1,14773
7290112357618,false,כשלפ מסטיק קוביות בטעם פירות טרופיים 58 ג,אסקום קונפקשיין,DE,מאסט טרופי,,0.00,,false,1,12.00,0.00,true,1,15219
7290112358004,false,פסק זמן קראנצ' עלית 32 גרם,שולן צ'\יקולטה גידה סאן.,TR,פסק זמן קראנץ,,32.00,100 גרם,false,1,7.50,23.44,true,1,14774
7290112358158,false,קפסולות אייס קוקוס למכונות NESPRESSO,הנסיך- מפעל לייצור ט,IL,קפסולות אייס ק.קוקוס,,10.00,יחידה,false,1,16.50,1.65,true,1,15595
7290112358554,false,מארז קפה נמס מנות אישיות לדרך 50.4 גר,שטראוס רומניה,RO,מארז נמס לדרך,,0.00,,false,1,13.90,0.00,false,1,17216
7290112358561,false,קפה נמס פלטינום קלאסי 47 ג' עלית,"אינסטנטבה בע""\מ",PL,פלטינום קלאסיק 47 ג,,47.00,100 גרם,false,1,7.00,14.89,true,1,15310
7290112358752,false,קפה קר BeanZ חלבי פח,קריניציה ויטמינה אס,PL,קולד ברו חלב 250,,250.00,"100 מ""ל",false,1,10.90,4.24,true,1,15283
7290112358844,false,שוקולד חלב פרה שברי אגוזים 100 ג' עלית,"שטראוס גרופ בע""\מ",IL,ש.פרה חלב ש.אגוזים,,100.00,100 גרם,false,1,9.00,9.00,true,1,15668
7290112359018,false,חטיף תפוציפס אפוי טב,STRAUSS-ISRAEL,,תפוציפס טבעי אפוי45,,45.00,100 גרם,false,1,5.90,13.11,true,1,14355
7290112359087,false,משקה שומשום בטעם וניל 1ל,"משק ווילר בע""\מ",IL,מ. שומשום בטעם וניל,,1.00,1 ליטר,false,1,12.50,12.50,true,1,15278
7290112359674,false,דוריטוס פלמין הוט לימו70,"שטראוס פריטו ליי בע""\מ )",IL,דוריטוס הוט לימון,,70.00,100 גרם,false,1,6.90,9.86,true,1,15927
7290112359711,false,דוריטוס פלמין הוט 70 גרם,"שטראוס פריטו ליי בע""\מ )",IL,דוריטוס פלמין הוט,,70.00,100 גרם,false,1,6.90,9.86,true,1,15928
7290112490209,false,נמס בכוס מרק עגבניות עם קרוטונים רכיבים טבעיים,יוניליוור ישראל מזון בעמ,IL,מרק נמס בכוס עגבניות,,56.00,100 גרם,false,1,9.00,16.07,true,1,12932
7290112490216,false,מרק נמס בכוס בטעם עוף קנור 100% רכיבים טבעיים,יוניליוור ישראל מזון בעמ,IL,מרק נמס בכוס טעם עוף,,48.00,100 גרם,false,1,9.00,18.75,true,1,12933
7290112490230,false,מרק נמס בכוס אפונה קנור 100% רכיבים טבעיים,יוניליוור ישראל מזון בעמ,IL,מרק נמס בכוס אפונה,,50.00,100 גרם,false,1,9.00,18.00,true,1,12934
7290112490674,false,קונפיטורה דובדבנים 778 50% פרי 340 גר-,יוניליוור מזון,BE,778 קונפיטורת,,0.00,,false,1,17.90,0.00,true,1,16507
7290112490711,false,נמס בכוס ר.טבעיים פטריות,יוניליוור ישראל מזון בעמ,IL,מרק נמס בכוס פטריות,,48.00,100 גרם,false,1,9.00,18.75,true,1,12935
7290112492203,true,פ.פ.תירס ציה ואורגנו,,,פ.פ.תירס ציה ואורגנו,,0.00,,false,,5.00,0.00,true,1,14356
7290112492449,false,פינוק שמפו שיער רגיל 700 מל-חדש,יוניליוור ישראל טיפוח אי,IL,פינוק שמפו שיער רגיל,,700.00,"100 מ""ל",false,1,14.00,2.00,true,1,14360
7290112492456,false,"שמפו פינוק לשיער יבש/פגום 700 מ""ל",יוניליוור ישראל טיפוח אי,IL,פינוק שמפו יבש 700,,0.00,,false,1,14.00,0.00,true,1,16407
7290112492487,false,פינוק שמפו לשיער עם שמן מרוקאי 700 מל,יוניליוור ישראל טיפוח אי,IL,פינוק שמפו שמ.מרוקאי,,0.00,,false,1,14.00,0.00,false,1,16433
7290112492531,false,פינוק מרכך שיער רגיל 700 מל-חדש,יוניליוור פארם,IL,פינוק מרכך שיער רגיל,,700.00,"100 מ""ל",false,1,14.00,2.00,true,1,14361
7290112492593,false,תחליב רחצה פינוק בניחוח פינוק קלאסי 700,יוניליוור ישראל טיפוח אי,IL,פינוק תח.רחצה קלאסי,,700.00,"100 מ""ל",false,1,14.00,2.00,true,1,14362
7290112492630,false,"שמפו ג'ל רחצה וסבון פנים 3 ב-1 לגבר פינוק 700 מ""ל",יוניליוור ישראל טיפוח אי,IL,פינוק 3 ב-1 לגבר,,700.00,"100 מ""ל",false,1,14.00,2.00,true,1,14363
7290112492678,false,פינוק שמפו לשיער רגיל אריזת נסיעות 100 מ,יוניליוור ישראל טיפוח אי,IL,פ.שמפו לשיער רגיל,,100.00,"100 מ""ל",false,1,6.00,6.00,true,1,15352
7290112492685,false,פינוק מרכך לשיער רגיל אריזת נסיעות 100 מ,יוניליוור ישראל טיפוח אי,IL,פ.מרכך לשיער רגיל,,100.00,"100 מ""ל",false,1,6.00,6.00,false,1,15353
7290112492692,false,פינוק תחליב רחצה קלאסי אריזת נסיעות 100,יוניליוור ישראל טיפוח אי,IL,פינוק תחליב רחצה,,100.00,"100 מ""ל",false,1,6.00,6.00,true,1,14776
7290112493033,false,נמס בכוס אקסטרה ירקות,יוניליוור ישראל מזון,IL,נמס בכוס א. ירקות,,35.00,100 גרם,false,1,5.90,16.86,true,1,14364
7290112493903,false,גלידת ננסים בארבע טעמים 60 גר,"מיוצר ע""\י גלידת שטראוס",IL,שלגון ננסים,,70.00,100 גרם,false,1,11.00,15.71,true,1,12937
7290112493927,false,גלידה בטעם ריבת חלב 1.33ל' קרמיסימו,"גלידת שטראוס בע""\מ, רחוב",IL,קרמיסימו ריבת חלב,,0.00,,false,1,25.00,0.00,true,1,16434
7290112493934,false,גלידת וניל צרפתי קרמיסימו 1.33 ל,"גלידת שטראוס בע""\מ, רחוב",IL,קרמיסימו וניל צרפתי,,0.00,,false,1,25.00,0.00,true,1,16435
7290112493965,false,קרמיסימו חלבית בטעם מסטיק וניל 665 גר,"גלידת שטראוס בע""\מ, רחוב",IL,קרמיסימו מסטיגם,,0.00,,false,1,25.00,0.00,true,1,16436
7290112494221,false,קליק - ביסקויט תפזורת 65 גרם,יוניליוור ישראל מזון בע\,IL,קליק ביסקויט 65 גר,,65.00,100 גרם,false,1,9.00,13.85,true,1,14365
7290112494238,false,קליק - כדורים חלב תפזורת 65 גרם,יוניליוור ישראל מזון בע\,IL,קליק כדורים 65 גר,,65.00,100 גרם,false,1,9.00,13.85,true,1,14366
7290112494276,false,קליק כריות תפזורת 65 גר,יוניליוור ישראל מזון בע\,IL,קליק כריות 65ג,,65.00,100 גרם,false,1,9.00,13.85,true,1,14367
7290112494283,false,קליק - מעורב חום לבן תפזורת 65 גרם,יוניליוור ישראל מזון בע\,IL,קליק חום לבן 65 גר,,65.00,100 גרם,false,1,9.00,13.85,true,1,14368
7290112494313,false,קליק - קורנפלקס תפזורת 65 גרם,יוניליוור ישראל מזון בע\,IL,קליק קורנפלקס 5ג כש,,65.00,100 גרם,false,1,9.00,13.85,true,1,14369
7290112494344,false,קורנפלקס כספי אלופים תלמה850 גר',"יוניליוור שפע ישראל בע""\",IL,קורנפלקס של אלופים,,850.00,100 גרם,false,1,27.00,3.18,true,1,14370
7290112494351,false,"קורנפלקס אלופים תלמה 850 ג בד""ץ","יוניליוור שפע ישראל בע""\",IL,קורנפלקס אלופים 850,,850.00,100 גרם,false,1,27.00,3.18,true,1,14371
7290112494993,false,דגני בוקר וניל 686ג' כריות,"יוניליוור שפע ישראל בע""\",IL,תלמה כריות וניל,,0.00,,false,1,35.90,0.00,false,1,16437
7290112495006,false,כריות נוגט 686 גרם - קופסא,"יוניליוור ישראל מזון בע""",IL,תלמה כריות נוגט,,686.00,100 גרם,false,1,29.90,4.36,false,1,14372
7290112495105,false,נשנושים חטיף בטעם שמנת בצל,בייגל את בייגל מזון 198),IL,נשנושים שמנת בצל,,260.00,100 גרם,false,1,16.90,6.50,false,1,14373
7290112495228,false,"קורנפלקס דבש תלמה 448 ג' בד""צ","יוניליוור שפע ישראל בע""\",IL,תלמה קורנפלקס דבש,,448.00,100 גרם,false,1,22.00,4.91,false,1,14374
7290112495433,false,דגני דליפקאן תוספת אגוזי פקאן ושקדים 400 גר,"יוניליור שפע ישראל בע""\מ",IL,דליפקאן 400 גרם-חדש,,400.00,100 גרם,false,1,27.50,6.88,true,1,14375
7290112495471,false,"קורנפלקס כשל""פ 500 גרם","מולינו ניקולי ,S.P.A ויה",IT,קורנפלקס כשלפ דגני,,0.00,,false,1,28.90,0.00,true,1,16514
7290112495822,false,כריות BLACK בטעם שוקולד וניל תלמה 686 גרם,"יוניליוור שפע ישראל בע""\",IL,כריות Black,,0.00,,false,1,35.90,0.00,false,1,16438
7290112495976,true,פריכיות אורז שוקולד,,,פריכיות אורז שוקולד,,0.00,,false,,6.50,0.00,true,1,14376
7290112496201,false,"אקס - בושם גוף טיקט לגבר שוקולד 17 מ""ל","קוסטר אירוסול, גבזה,",TR,אקס דארק טמפטיישן,,0.00,,false,1,22.00,0.00,true,1,14782
7290112496270,false,"פתית צ'יפס תפו""א בתוספת עגבניות ועשבי תיבול 22 גרם",JLM גלובל פודסn37\ דרך א,GB,פתית ציפס תפוא,,22.00,100 גרם,false,1,6.00,27.27,true,1,15154
7290112496287,false,פתית צ'יפס בטטה בטעם טבעי 22 גרם,JLM גלובל פודסn37\ דרך א,GB,פתית ציפס בטטה,,21.00,100 גרם,false,1,6.00,28.57,true,1,15155
7290112496430,false,נמס בכוס אקסטרה מרק עגבניות עם המון אטריות,יוניליוור ישראל מזון בע\,IL,נמס עגבניות ואטריות,,0.00,,false,1,5.90,0.00,true,1,17217
7290112496447,false,נמס בכוס אקסטרה טעם עוף עם המון אטריות 27ג',יוניליוור ישראל מזון בע\,IL,נמס עוף ואטריות,,0.00,,false,1,5.90,0.00,true,1,17818
7290112496461,false,נמס בכוס אקסטרה מרק ירקות עם המון אטריות,יוניליוור ישראל מזון בע\,IL,נמס בכוס ירקות Xtra,,0.00,,false,1,5.90,0.00,true,1,17218
7290112497901,false,חטיף קליק קרם חלב ש.,"דרך השוקולד 1, צפת 1",IL,קליק בר במילוי קרם,,0.00,,false,1,7.50,0.00,true,1,14785
7290112498069,false,"קוקומן ללא גלוטן 375 גרם כשל""פ","מולינו ניקולי ,S.p.A ויה",IT,קוקומן ללג כשלפ,,0.00,,false,1,24.90,0.00,true,1,16515
7290112498250,false,תלמה קורנפלקס של אלו,יוניליוור שפע ישראל,IL,קורנפלקס של אלופים,,410.00,100 גרם,false,1,17.90,4.37,true,1,15312
7290112498649,false,גלידת פסק זמן בטעם קוקוס,"מיוצר ע""\י גלידת שטראוס",IL,פיינט פסק זמן קוקוס,,290.00,100 גרם,false,1,23.00,7.93,true,1,15148
7290112498748,false,מיני סולרו וניל תות שדה 350 גרם,"מיוצר ע""\י גלידת שטראוס",IL,מאגדת מיני סולרו תות,,350.00,100 גרם,false,1,27.00,7.71,true,1,15257
7290112498779,false,מעדן קפוא בטעם ענבים,"מיוצר ע""י גלידת שטרא",IL,שלגון LOL,,70.00,100 גרם,false,1,10.90,15.57,true,1,15247
7290112498786,false,מגנום קריספי קרמל בננה,"מיוצר ע""\י גלידת שטראוס",IL,מגנום קריספי קרמל,,76.00,100 גרם,false,1,12.50,16.45,true,1,15235
7290112498816,false,גלידונית בטעם פיסטוק 60,"גלידת שטראוס בע""\מ, רח'\",IL,גלידונית פיסטוק 60יח,,630.00,100 גרם,false,1,50.00,7.94,true,1,15256
7290112498823,false,מיקס עיגול בטעמי וניל וש,"מיוצר ע""\י גלידת שטראוס",IL,מיקס עיגול כשלפ,,70.00,100 גרם,false,1,10.00,14.29,true,1,15234
7290112498861,false,קרחון אסקימו מנגו,Unknown,,קרחון אסקימו מנגו,,75.00,100 גרם,false,1,4.00,5.33,true,1,15231
7290112498878,false,שלגון קורנטו פסק זמן ריבת חלב,"מיוצר ע""י גלידת שטרא",IL,קורנטו פסק זמן,,64.00,100 גרם,false,1,10.00,15.62,true,1,15233
7290112498885,false,מאגדת גודי'ז תותים ושוקולד לבן 235 גרם,"גלידת שטראוס בע""\מ, רח'\",IL,מ.גודיס תותים ש.לבן,,235.00,100 גרם,false,1,27.00,11.49,true,1,15255
7290112498892,false,אסקימו דובדבן אבטיח,יוניליוור,IL,קרחון דובדבן אבטיח,,75.00,100 גרם,false,1,4.00,5.33,true,1,15232
7290112498908,false,מאגדת קורנטו בננהשוקוציפ,"מיוצר ע""\י גלידת שטראוס",IL,קורנטו מ.בננה שוקו צ,,0.00,,false,1,36.00,0.00,true,1,17219
7290112498939,false,שלגון בומבה בטעם וניל 80 גרם,"מיוצר ע""\י גלידת שטראוס",IL,שלגון בומבה,,84.00,100 גרם,false,1,11.50,13.69,true,1,15683
7290112498946,false,קשת בענן ארטיק ילדים שטראוס 47 גרם,"גלידת שטראוס בע""\מ, רח'\",IL,קשת בענן ארטיק חלב,,0.00,,false,1,8.90,0.00,true,1,17220
7290112499080,false,סולרו בר קוקוס 86 מ''ל ימות''ש,"מיוצר ע""י גלידת שטרא",IL,סלורו בר קוקוס,,0.00,,false,1,11.50,0.00,true,1,17223
7290112499097,false,מאגדת מיני מגנום שוקולד מריר 240 גרם,"מיוצר ע""\י גלידת שטראוס",IL,מאגדת מגנום מ.מריר,,0.00,,false,1,28.00,0.00,true,1,17224
7290112499103,false,קורנטו קליק וניל עוגיות 72 ג' שטראוס,"צר ע""\י גלידת שטראוס בע\",IL,קורנטו וניל ק.עוגיות,,0.00,,false,1,10.00,0.00,true,1,17225
7290112499110,false,טילון קליק בטעם שוקולד 72 ג' שטראוס,שטראוס גרופ גלידות,IL,קורנטו קליק שוקולד,,0.00,,false,1,10.00,0.00,true,1,17226
7290112499127,false,שלגון גלידה שוקולד לבן ותות 77 גרם,"מיוצר ע""\י גלידת שטראוס",IL,מגנום ש.לבן תות,,0.00,,false,1,12.50,0.00,true,1,17227
7290112499141,false,סולרו וניל ותפוח ירוק 76 ג' שטראוס,שטראוס גרופ גלידות,IL,סולרו וניל ת.ירוק,,0.00,,false,1,12.90,0.00,true,1,17228
7290112499189,false,"גלידת קרמיסימו חד קרן וניל תות, 1.33 ליטר","גלידת שטראוס בע""\מ, רחוב",IL,קרמיסימו חד קרן,,0.00,,false,1,25.00,0.00,true,1,17229
7290112499196,false,גלידה בטעם החלב של הקורנפלקס 1.33 ל' קרמיסימו,"גלידת שטראוס בע""\מ, רחוב",IL,קרמיסימו ח.קורנפלקס,,0.00,,false,1,25.00,0.00,true,1,17230
7290112499219,false,שלגון שמנת מופחת שומן וקלוריות בטעם פיסטוק עם ריפל בטעם שוקולד מריר וציפוי חלקי של שוקולד חלב מעולה,"גלידת שטראוס בע""\מ, רחוב",IL,גודיז פ.שוקולד,,0.00,,false,1,27.00,0.00,true,1,17231
7290112499257,false,שלגון שוקובו עם ציפוי שוקולד לבן 85 גרם,שטראוס גרופ גלידות,IL,שוקובו לבן,,0.00,,false,1,11.50,0.00,false,1,17819
7290112499455,false,פינוק תחליב רחצה 700 בתוספת שמן מרוקאי,יוניליוור ישראל טיפוח אי,IL,פינוק ת.רחצה 700,,0.00,,false,1,14.00,0.00,true,1,16547
7290112499639,false,טילון סופר מגנום וניל צ'יפ שוקולד 110 גרם,"מיוצר ע""\י גלידת שטראוס",IL,מגנום טילון שוק.ציפ,,110.00,100 גרם,false,1,12.50,11.36,true,1,14381
7290112499646,false,טילון קורנטו וניל עם וופל פקאן 108 ג',"מיוצר ע""\י גלידת שטראוס",IL,קורנטו סופר פקאן,,108.00,100 גרם,false,1,12.50,11.57,true,1,14382
7290112499677,false,מגנום וניל בציפוי שוקולד לבן,"מיוצר ע""\י גלידת שטראוס",IL,מגנום שוקולד לבן,,85.00,100 גרם,false,1,12.50,14.71,true,1,14383
7290112499707,false,שלגון סולרו סולרו בר,גוד פוד פרודקטס S.p,IL,סולרו בר,,72.00,100 גרם,false,1,11.50,15.97,true,1,13481
7290112499738,false,קרחון שרבט פרווה בטעם מלון 90 גרם,"מיוצר ע""\י גלידת שטראוס",IL,קרחון שרבט בטעם מלון,,90.00,100 גרם,false,1,7.90,8.78,true,1,14384
7290112499776,false,גלידת שמנת מופחתת שומן וקלוריות בטעם שוקולד לבן 240 גרם,"גלידת שטראוס בע""\מ, רח'\",IL,מאגדת גודיז 3שוקולדי,,0.00,,false,1,27.00,0.00,true,1,16439
7290112499790,false,גלידת פסק זמן נוגט 520 מ,"מיוצר ע""\י גלידת שטראוס",IL,פיינט פסק זמן נוגט,,290.00,100 גרם,false,1,23.00,7.93,true,1,15149
7290112499806,false,גלידת פסק זמן ריבת חלב,"מיוצר ע""\י גלידת שטראוס",IL,פיינט פסק זמן,,290.00,100 גרם,false,1,23.00,7.93,true,1,15150
7290112499813,false,קרחון שרבט בטעם אבטיח פרווה 75 גרם,"גלידת שטראוס בע""\מ, רח'",IL,קרחון אסקימו אבטיח,,75.00,100 גרם,false,1,4.00,5.33,true,1,14387
7290112499820,false,שלגון פסק זמן לבן 74 גרם,"מיוצר ע""י גלדית שטרא",IL,שלגון פסק זמן לבן,,74.00,100 גרם,false,1,13.00,17.57,true,1,14388
7290112499837,false,"שלגון בטעם שוקולד עם נוגט ""מגנום""","מיוצר ע""\י גלידת שטראוס",IL,מ.דאבל שוקולד נוגט,,90.00,100 גרם,false,1,12.50,13.89,true,1,14389
7290112499844,false,מאגדת מיני מגנום דואט שוקולד עם נוגט שטראוס 310 גרם,"מיוצר ע""\י גלידת שטראוס",IL,מגנום מ.דואט ש.נוגט,,0.00,,false,1,28.00,0.00,true,1,16440
7290112499851,false,חטיף מגנום בראוניז 57 גרם,"גלידת שטראוס בע""מ, ר",IL,מגנום בטעם בראוניז,,58.00,100 גרם,false,1,11.50,19.83,true,1,14390
7290112499875,true,שלגון פרוזן 2,,,שלגון פרוזן 2,,0.00,,false,,10.90,0.00,true,1,14391
7290112499899,true,קורנטו קליק בראוניז,,,קורנטו קליק בראוניז,,0.00,,false,,10.00,0.00,true,1,14393
7290112499905,false,טילון קורניטו קליק בטעם מרשמלו 72 גרם,"מיוצר ע""\י גלידת שטראוס",IL,קורנטו קליק מרשמלו,,72.00,100 גרם,false,1,10.00,13.89,true,1,14394
7290112499929,false,מגנום שוקולד אימפלס פסח 120מל,"מיוצר ע""\י גלידת שטראוס",IL,שלגון מגנום שוקולד,,85.00,100 גרם,false,1,12.50,14.71,true,1,14395
7290112499936,false,מגנום שקדים אימפלס פסח 125מל,"מיוצר ע""\י גלידת שטראוס",IL,שלגון מגנום שקדים,,85.00,100 גרם,false,1,12.50,14.71,true,1,14396
7290112499943,false,מיני מאגדת מיני מגנום טעמים שונים וניל+שוקו,"מיוצר ע""\י גלידת שטראוס",IL,מ.מיני מ.קלאסיק שוקו,,0.00,,false,1,28.00,0.00,true,1,16442
7290112499950,false,שלגון נינג'ה ישראל 70 ג,"גלידת שטראוס בע""\מ, רח'",IL,שלגון נינגה ישראל,,70.00,100 גרם,false,1,10.90,15.57,true,1,14397
7290112499967,true,שלגון טורטית,,,שלגון טורטית,,0.00,,false,,11.50,0.00,true,1,14398
7290112499974,false,מאגדת מיני פסק זמן על מקל,"גלידת שטראוס בע""\מ, רח'\",IL,מאגדת מיני פסק זמן,,0.00,,false,1,30.00,0.00,true,1,16443
7290112499981,false,שלגון פסק זמן בטעם נוגט 74 גרם,"גלידת שטראוס בע""\מ, רח'",IL,שלגון פסק זמן,,74.00,100 גרם,false,1,13.00,17.57,true,1,14399
7290112960542,false,בונזור לחם מחמצת קלמטה קנוי 12*480גר,בונז'ור,,לחם מחמצת קלמטה,,0.00,,false,1,22.90,0.00,true,1,16382
7290112960566,false,בונזור לחם מחמצת שאור קנוי 12*480גר,בונז'ור,,לחם מחמצת שאור,,0.00,,false,1,22.90,0.00,true,1,16383
7290112960580,false,בונזור לחם מחמצת כוסמין 12*480גר קנוי,בונז'ור,,לחם מחמצת כוסמין,,480.00,100 גרם,false,1,22.90,4.77,true,1,12938
7290112960603,false,בונז'ור לחם מחמצת אגוזים צימוקים 480ג',בונז'ור,,לחם מחמצת אגוז צימוק,,0.00,,false,1,22.90,0.00,true,1,16384
7290112960719,false,בונז'ור בגט מחמצת רוסטיק 240ג',בונז'ור,,באגט רוסטיק,,240.00,100 גרם,false,1,11.90,4.96,true,1,14400
7290112960856,false,גלידה בשומן צמחי בטעם ריבת חלב ומטבע שוקולד,גלידות נסטלה )נגה גלידות,IL,אקסטרים שוקול+ר.חלב,,115.00,100 גרם,false,1,12.90,11.22,true,1,12939
7290112960986,false,מאגדת דובדבן אננס 700 גר,גלידות נסטלה )נגה גלידות,IL,קרח דובדבן-אננס,,0.00,,false,1,18.00,0.00,true,1,16444
7290112961266,false,בייגלה כפיות פיזור איטלקי אסם 300 גרם,"אסם תעשיות בע""מ",IL,בייגלה איטלקי 300 גר,,0.00,,false,1,14.50,0.00,true,1,16476
7290112961372,false,פיטנס חטיפי פריכיות דקות קינמון 60 גרם,"פרח תעשיות מזון בע""\מ",IL,פיטנס ח.פריכ קינמון,,60.00,100 גרם,false,1,11.90,19.83,true,1,12942
7290112961464,false,פיטנס חטיפי פריכיות דגנים וחומוס מתובלות,"פרח תעשיות מזון בע""\מ",IL,פיטנס ח.פריכ מתובל,,60.00,100 גרם,false,1,11.90,19.83,true,1,12546
7290112961785,false,לה פרוטה לימונענע תפ,המאפיה של הרמן,IL,לה פרוטה לימונע-תפוח,,70.00,100 גרם,false,1,9.90,14.14,true,1,12946
7290112962003,false,שלגון קראנץ וניל עוגיות עם שוקולד נסטלה 90 גרם,גלידות נסטלה )נגה גלידות,IL,קראנץ וניל עוגיות,,103.20,100 גרם,false,1,13.90,13.47,true,1,12948
7290112962584,false,חטיף ביסלי שוארמה 60,"אסם תעשיות בע""מ",IL,אח של ביסלי שווארמה,,0.00,,false,1,6.90,0.00,true,1,14402
7290112962751,false,מעדן קפוא בטעם וניל עם שברי עוגיות וציפוי,פורנארי אריה,IL,שלגון אוראו,,65.00,100 גרם,false,1,13.90,21.38,true,1,12949
7290112962881,false,לחמניית ג'בטה בונז'ו,Unknown,,לחמניית גבטה לבנה,,80.00,100 גרם,false,1,3.00,3.75,true,1,12951
7290112963727,false,בונז'ור עוגת קראנץ' קינמון 650 גרם,בונז'ור,,בונזור ע.קראנץ קנמון,,0.00,,false,1,24.90,0.00,true,1,16385
7290112963802,false,בונז'ור קוראסון שקדים חלבי 113 גרם,Unknown,,בונזור קרואסון שקדי,,113.00,100 גרם,false,1,12.00,10.62,true,1,12953
7290112963895,false,חטיפי קרקר דק כפרי 150 ג' פיטנס,Unknown,IL,פיטנס קרקר דק כפרי,,150.00,100 גרם,false,1,14.00,9.33,true,1,12955
7290112963918,false,פיטנס חטיפי קרקר דק רוזמרין 140 גרם,נסטלה Nestle,IL,פיטנס קרקר רוזמרין,,140.00,100 גרם,false,1,15.90,11.36,true,1,12956
7290112964410,false,אסם רוטב אלף האיים חדש לסלט 290 גרם,"אסם תעשיות בע""מ",IL,רוטב אלף האיים לסלט,,290.00,100 גרם,false,1,13.90,4.79,true,1,13836
7290112964472,false,אסם רוטב שום חדש לסלט 290 גרם,"אסם תעשיות בע""מ",IL,רוטב שום לסלט,,0.00,,false,1,13.90,0.00,true,1,16386
7290112964687,false,בונז'ור לחם מחמצת דגנים 12*480גר,בונז'ור,,לחם מחמצת דגנים,,0.00,,false,1,22.90,0.00,true,1,16446
7290112965660,false,פיטנס - חטיף מולטיגריין מלח פלפל 25 גרם,מיוצר עי קונדיטוריית,IL,חטיף מולטי גרין,,25.00,100 גרם,false,1,6.90,27.60,true,1,15473
7290112965684,false,פיטנס - חטיף מולטיגריין עשבי תיבול 25 גרם,מיוצר עי קונדיטוריית,IL,חטיף עשבי תיבול,,25.00,100 גרם,false,1,6.90,27.60,true,1,15474
7290112965745,false,אוסם - ביסלי פריסטייל בצל מעושן 60 גרם,"אסם השקעות בע""\מ",IL,ביסלי בצל מעושן,,60.00,100 גרם,false,1,7.50,12.50,true,1,15088
7290112965783,false,אוסם - ביסלי פריסטייל על האש 60 גרם,"אסם השקעות בע""\מ",IL,ביסלי על האש,,60.00,100 גרם,false,1,7.50,12.50,true,1,15925
7290112965806,false,אוסם - ביסלי פריסטייל חמוץ חריף 60 גרם,"אסם תעשיות בע""מ",IL,ביסלי חמוץ חריף,,60.00,100 גרם,false,1,7.50,12.50,true,1,15087
7290112966070,false,לחמית כוסמין+גרע.דלעת160,"אסם תעשיות בע""מ",IL,לחמית כוסמין גרעינים,,0.00,,false,1,12.90,0.00,false,1,17232
7290112966186,false,אפרופו מצ.שוקולד מריר40ג,מולינו ניקולי s.p.a,IL,אפרופו שוקולד מריר,,0.00,,false,1,8.00,0.00,true,1,17233
7290112966209,false,אפרופו מצ.שוקולד לבן40ג,מולינו ניקולי s.p.a,IL,אפרופו שוקולד לבן,,0.00,,false,1,8.00,0.00,true,1,17234
7290112966247,false,לחמית כוסמין אסם 200 גרם,"אסם תעשיות בע""מ",IL,לחמית כוסמין 200 גר,,0.00,,false,1,12.90,0.00,false,1,17235
7290112966445,false,במבה מתוקה אריזה גדולה 100 ג' אסם,"אסם השקעות בע""\מ",IL,במבה מתוקה 100,,100.00,100 גרם,false,1,12.50,12.50,true,1,14413
7290112967114,false,פיטנס חטיפי פריכיות קטניות ופלפל 60 גרם,"פרח תעשיות מזון בע""\מ",IL,חטיפי פריכיות ופלפל,,60.00,100 גרם,false,1,11.90,19.83,true,1,14415
7290112967381,false,פיטנס חטיפי פריכיות קטניות ומלח ים 60 גרם,"פרח תעשיות מזון בע""\מ",IL,חטיפי פריכיות מלח ים,,60.00,100 גרם,false,1,11.90,19.83,true,1,14416
7290112967510,false,בונזור בייבי חליות 90 ג',בונז'ור,IL,בייבי חליות בונזור,,0.00,,false,1,2.90,0.00,true,1,16448
7290112968807,false,פיטנס - קרקר דק סלק 140 גרם,מפעל אסם יקנעם,IL,קרקר דק סלק,,140.00,100 גרם,false,1,15.90,11.36,true,1,15270
7290112968821,false,פיטנס - קרקר דק בטטה 140 גרם,מפעל אסם יקנעם,IL,קרקר דק בטטה,,140.00,100 גרם,false,1,15.90,11.36,true,1,15271
7290113192355,false,חרוזית זיתים ירוקים ללא גלעין 275 ג' בית השיטה,בית-השיטה עסיס תעשיות מז,IL,בית השיטה חרוזית,,275.00,100 גרם,false,1,13.00,4.73,true,1,14423
7290113192362,false,זיתים ירוקים טבעות A2 בית השיטה 280 גרם,בית-השיטה עסיס תעשיות מז,IL,ב.השיטה טבעות זיתים,,280.00,100 גרם,false,1,13.00,4.64,true,1,14424
7290113192379,false,בית השיטה זיתים ירוקים מבוקעים א2 340גר',"בית-השיטה תעשיות בע""\מ",IL,ב.השיטה זיתים ירוקים,,340.00,100 גרם,false,1,12.00,3.53,true,1,14425
7290113192478,false,מלפפונים במלח 10-12 בית השיטה 320 גרם,בית-השיטה עסיס תעשיות מז,IL,ב.השיטה מלפפון במלח,,320.00,100 גרם,false,1,10.50,3.28,true,1,14426
7290113192508,false,ב.השיטה מלפפון במלח ר.טבע א2 17-13 320 גרם,בית-השיטה עסיס תעשיות מז,IL,ב.השיטה מלפפון במלח,,320.00,100 גרם,false,1,12.50,3.91,true,1,14427
7290113192522,false,מלפפונים בחומץ 18-25 בית השיטה 290 גרם,בית-השיטה עסיס תעשיות מז,IL,ב.השיטה מלפפון בחומץ,,0.00,,false,1,14.00,0.00,false,1,16449
7290113192539,false,מלפפונים במלח 7-9 בית השיטה 320 גרם,בית-השיטה עסיס תעשיות מז,IL,ב.השיטה מלפפון במלח,,320.00,100 גרם,false,1,8.50,2.66,true,1,14428
7290113198241,false,קשיו ענק קלוי בצנצנת,דין שיווק,IL,קשיו ענק צנצנת,,200.00,100 גרם,false,1,19.90,9.95,true,1,15685
7290113198258,false,פיסטוק ענק קלוי בצנצ,דין שיווק,IL,פסטוק ענק צנצנת,,170.00,100 גרם,false,1,18.90,11.12,true,1,15686
7290113198265,false,שקד קלוי ענק צנצנת,Unknown,,שקד קלוי ענק צנצנת,,200.00,100 גרם,false,1,19.90,9.95,true,1,15687
7290113198272,false,ת.פיצוחים צנצנת,Unknown,,ת.פיצוחים צנצנת,,200.00,100 גרם,false,1,19.90,9.95,true,1,15688
7290113198289,false,בוטנים קלויים צנצנת,Unknown,,בוטנים קלויים צנצנת,,220.00,100 גרם,false,1,16.90,7.68,true,1,15689
7290113199613,false,"חטיף שומשום עם שקדים כפרי ללת""ס 220 גרם","שקדיה גבע תעשיות בע""",IL,מנצס בצנצנת,,0.00,,false,1,16.90,0.00,true,1,17236
7290113199637,false,"חטיף בוטנים גרעיני דלעת חמוציות שומשום זרעי פשתן ציה לל""ס","שקדיה גבע תעשיות בע""",IL,חטיף סויה ק.צנצנת,,0.00,,false,1,16.90,0.00,true,1,17237
7290113242029,false,בקבוק אלכוג'ל 500 מ:ל [20],Unknown,IL,גל אלכוהול 70% 500 ל,,500.00,"100 מ""ל",false,1,21.00,4.20,true,1,14430
7290113420083,false,מגבת חוף ענקית,Unknown,,מגבת חוף ענקית,,0.00,,false,1,26.90,0.00,false,1,13484
7290113420137,true,מטריה הפוכה שחורה,,,מטריה הפוכה שחורה,,0.00,,false,,24.90,0.00,false,1,14797
7290113420151,true,מטריה הפוכה אפורה,,,מטריה הפוכה אפורה,,0.00,,false,,24.90,0.00,false,1,14798
7290113420274,true,ע. בישול לשטח + גזיה,,,ע. בישול לשטח + גזיה,,0.00,,false,,159.00,0.00,false,1,15414
7290113420342,false,רצועת TRX,Unknown,,רצועת TRX,,0.00,,false,1,129.00,0.00,false,1,17238
7290113420512,false,ערכת בישול עם גזיה,Unknown,,ערכת בישול עם גזיה,,0.00,,false,1,229.00,0.00,false,1,17820
7290113450530,false,סוכריות אבטיח גומי,Unknown,,סוכריות אבטיח גומי,,200.00,100 גרם,false,1,12.90,6.45,true,1,14433
7290113452848,false,קטי גומי אבטיח 200 ג,טופגם,IL,גומי אבטיח 200 גר,,0.00,,false,1,12.90,0.00,true,1,17242
7290113452855,false,סוכריות גומי יין ארו,טופגם,IL,גומי יין תנתה,,0.00,,false,1,12.90,0.00,true,1,17243
7290113452862,false,סוכריות גומי נחש מוב,טופגם,IL,נחש מוברק 200גרם,,0.00,,false,1,12.90,0.00,true,1,16112
7290113452879,false,סוכריות גומי בננה אר,טופגם,IL,בננה 200גרם,,0.00,,false,1,12.90,0.00,true,1,17244
7290113452886,false,סוכריות גומי נחש חמו,טופגם,IL,נחש חמוץ 200גרם,,0.00,,false,1,12.90,0.00,true,1,17245
7290113452916,false,סוכריות גומי קולה קט,טופגם,IL,בקבוק קולה 200ג,,0.00,,false,1,12.90,0.00,true,1,17246
7290113452923,false,סוכריות גומי לב אפרס,טופגם,IL,לב אפרסק 200 גרם,,0.00,,false,1,12.90,0.00,true,1,17247
7290113452930,false,סוכריות גומי דובי מו,טופגם,IL,גומי דובנים מוברק,,0.00,,false,1,12.90,0.00,true,1,17248
7290113452947,false,שטיח פירות מתוקים,Unknown,,שטיח פירות מתוקים,,0.00,,false,1,10.90,0.00,true,1,17249
7290113452954,false,שטיח חמוץ תות,Unknown,,שטיח חמוץ תות,,0.00,,false,1,10.90,0.00,true,1,17250
7290113452978,false,שטיח בטעם אבטיח,Unknown,,שטיח בטעם אבטיח,,0.00,,false,1,10.90,0.00,true,1,17251
7290113452985,false,קטי תות ממולא 150 גר,טופגם,IL,לקריץ תות מבריק,,0.00,,false,1,12.90,0.00,true,1,17252
7290113453012,false,לקריץ תות מסוכר 150ג,Unknown,,לקריץ תות מסוכר 150ג,,0.00,,false,1,12.90,0.00,true,1,17254
7290113453036,false,גלי בינס תנתה,Unknown,,גלי בינס תנתה,,0.00,,false,1,10.90,0.00,true,1,17255
7290113453043,false,סוכריות גומי תות קטן,טופגם,IL,תות מוברק 200ג,,200.00,100 גרם,false,1,12.90,6.45,true,1,15666
7290113453050,false,סוכריות גומי תות קטן,טופגם,IL,תות קטן חמוץ,,200.00,100 גרם,false,1,12.90,6.45,true,1,15667
7290113594326,false,סוכריה על מקל 85 גרם בדיספליי - סווירל צבעוני LOL,Unknown,,סוכריה על מקל LOL,,0.00,,false,1,11.90,0.00,true,1,17256
7290113594562,false,שלישיית ב.שוקולד סמי,Unknown,,שלישיית ב.שוקולד סמי,,0.00,,false,1,18.90,0.00,true,1,17257
7290113594579,false,שלישיית ביצי שוקולד(חלב נוכרי)-מפרץ הרפתקאות,Unknown,,שלישיית ב.ש.מפרץ,,0.00,,false,1,18.90,0.00,true,1,17258
7290113594616,false,שלישיית ביצי שוקולד חד קרן,Unknown,,שלישיית ב.שוקולד קרן,,0.00,,false,1,18.90,0.00,true,1,17259
7290113594623,false,שלישיית ביצי שוקולד(חלב נוכרי)-LOL,שמחה זה אנחנו,IT,שלישיית ב.שוקולד LOL,,0.00,,false,1,18.90,0.00,true,1,17260
7290113660182,false,נפנף למנגל ארטוס,Unknown,,נפנף למנגל ארטוס,,0.00,,false,1,4.90,0.00,false,1,15413
7290114310215,false,"שמנת מתוקה 38% רמת הגולן 250 מ""ל ווסטהיים - מוצר בפיקוח",מילקו תעשיות בעמ,IL,שמנת מתוקה 38%,,250.00,"100 מ""ל",false,1,6.47,2.59,true,1,15731
7290114310611,false,"משקה חלב בננה בבקבוק פקק ספורט טרה 250 מ""ל",מילקו תעשיות בעמ,IL,טרה משקה בננה,,0.00,,false,1,6.80,0.00,true,1,16538
7290114310901,false,גבינה לבנה מהדרין 5%,Unknown,IL,גבינה לבנה 5% 250 ג,,250.00,100 גרם,false,1,4.98,1.99,false,1,15716
7290114310918,false,גבינת קוטג 5% מועשר,Unknown,IL,קוטג 5% 250 ג,,250.00,100 גרם,false,1,5.50,2.20,true,1,15717
7290114310956,false,חלב 3% בבקבוק בדצ 1 ליטר,Unknown,IL,חלב 3% 1 ליטר בקבוק,,1.00,1 ליטר,false,1,6.23,6.23,false,1,15703
7290114311014,false,"משקה חלב אייס קפוצ'ינו פקק ספורט טרה 250 מ""ל",מילקו תעשיות בעמ,IL,טרה אייס קפוצינו250,,0.00,,false,1,6.80,0.00,false,1,17261
7290114311021,false,"משקה חלב וניל עוגיות פקק ספורט טרה 250 מ""ל",מילקו תעשיות בעמ,IL,טרה משקה וניל עוגיות,,0.00,,false,1,6.80,0.00,false,1,17262
7290114311038,false,"שמנת מתוקה 32% עמידה בבקבוק טרה 250 מ""ל",מילקו תעשיות בעמ,IL,שמנת מתוקה בדצ,,0.00,,false,1,6.18,0.00,false,1,17263
7290114311069,false,מעדן יוגורט בטעם טבעי חלבון 200 ג' מולר אקטיב,מולר Muller,IL,מולר אקטיב 25 חלבון,,0.00,,false,1,6.50,0.00,false,1,17264
7290114311328,false,חלב מועשר דל לקטוז מעושר בויטמין Dי 2% שומן טרה 1 ליטר,ג'י.אר.אמ.גרופו אלימ,IL,חלב נטול לקטוז,,0.00,,false,1,9.00,0.00,false,1,17823
7290114311458,false,קרטון חלב 3% מועשר ויטמין די 1ליטר,Unknown,IL,קרטון חלב וויטמין D1,,0.00,,false,1,8.50,0.00,false,1,17824
7290114311496,false,חלב מועשר 1ליטר קרטו,Unknown,IL,קרטון חלב מועשר 1%,,0.00,,false,1,8.50,0.00,false,1,17825
7290114600927,false,עלי טורטייה חיטה מלאה מאסטר שף 320 גרם,אלקאטי קורביישיסי גי,ES,מאסטר שף עלי טורטיה,,0.00,,false,1,11.90,0.00,true,1,17826
7290114653541,false,שלישיית ביצי שוקולד(חלב נוכרי) - כוח פי גיי,שמחה זה אנחנו,IT,שלישיית ב.שוקולד כוח,,0.00,,false,1,18.90,0.00,true,1,17265
7290114657280,false,מיני פופ סוכריה על מקל עם כדור 8גר כוח פי גיי,שמחה זה אנחנו,CN,מיני סוכריה כדור כוח,,0.00,,false,1,14.90,0.00,true,1,17266
7290114657297,false,מיני פופ סוכריה על מקל עם כדור 8גר LOL,Unknown,CN,מיני סוכריה כדור LOL,,0.00,,false,1,14.90,0.00,true,1,17267
7290114659529,false,מיני פופ סוכריה על מקל(5 יח) 40 גר' - LOL,Unknown,CN,מיני פופ סוכריה LOL,,0.00,,false,1,14.90,0.00,true,1,17268
7290114720250,false,פוג'יקום מטען סוללות USB אוניברסלי,פוג'יקום,CN,מ.סוללות USBאוניבסלי,,0.00,,false,1,79.90,0.00,false,1,17269
7290114825320,false,אוראו רמיקס פטל וניל,Unknown,,אוראו רמיקס פטל וניל,,0.00,,false,1,9.90,0.00,true,1,17272
7290114825337,false,אוראו קרם וניל 157ג,Unknown,,אוראו קרם וניל 157ג,,0.00,,false,1,9.90,0.00,true,1,17273
7290115043464,false,ריפרש סבון לידיים לבנדר,Unknown,IL,סבון לידיים לבנדר,,0.00,,false,1,10.00,0.00,true,1,17274
7290115073676,false,מסכה לפנים חד פעמי 50 יח צבעוניות,שמחה זה אנחנו,CN,מארז 50 מסכות שחורות,,50.00,יחידה,false,1,17.90,0.36,false,1,14435
7290115073713,false,שלישיית ביצי שוקולד(חלב נוכרי)-טום וג'רי,שמחה זה אנחנו,IT,שלישיית ב.שוקולד טום,,0.00,,false,1,18.90,0.00,true,1,17275
7290115074734,false,סוכריה על מקל 85 גרם - סמי הכבאי,Unknown,,סוכריה על מקל סמי,,0.00,,false,1,11.90,0.00,true,1,17276
7290115074741,false,סוכריה על מקל 85 גרם - הלו קיטי,Unknown,,סוכריה על מקל ה.קיטי,,0.00,,false,1,11.90,0.00,true,1,17277
7290115074963,false,מסכה חד פעמית קיטי 5 יח',Unknown,IL,מסכה לילד *5 קיטי,,5.00,יחידה,false,1,10.00,2.00,false,1,14802
7290115074970,false,מארז 5 יח' מסכות ילדים LOL,Unknown,IL,מסכה לילד חדפ5 LOL,,5.00,יחידה,false,1,10.00,2.00,false,1,14803
7290115074987,false,מארז 5 יח' מסכות ילדים חד קרן,Unknown,IL,מסכה לילד *5 חד קרן,,5.00,יחידה,false,1,10.00,2.00,false,1,14804
7290115075014,false,מסכה חד פעמית כדורסל 5 י,Unknown,IL,מסכה לילד *5 כדורסל,,5.00,יחידה,false,1,10.00,2.00,false,1,14805
7290115075021,false,מסכה חד פעמית כדורגל 5 י,Unknown,IL,מסכה לילד *5 כדורגל,,5.00,יחידה,false,1,10.00,2.00,false,1,14806
7290115075038,false,מסכה חד פעמית פיגיי5 יח',Unknown,IL,מסכה לילד*5 כוח פיגי,,5.00,יחידה,false,1,10.00,2.00,false,1,14807
7290115075809,false,מסכה לילד*5 מיניונים,Unknown,,מסכה לילד*5 מיניונים,,5.00,יחידה,false,1,10.00,2.00,false,1,14808
7290115077131,false,מסכות ילדים צבעוני מעורב 40 יח',מ.פאנג,CN,מארז מסכות ילדים,,40.00,יחידה,false,1,18.90,0.47,false,1,14809
7290115180251,false,יחידות טבק לחימום אמבר PP קרטוש,פיליפ מוריס,PL,טבק לחימום אמבר,,0.00,,false,1,27.50,0.00,false,1,15463
7290115180268,false,יחידות טבק לחימום צהוב PP,פיליפ מוריס,IL,טבק לחימום צהוב,,0.00,,false,1,27.50,0.00,false,1,14810
7290115180275,false,יחידות טבק לחימום טורקיז PP,פיליפ מוריס,IL,טבק לחימום טורקיז,,0.00,,false,1,27.50,0.00,false,1,14811
7290115180282,false,יחידות טבק לחימום ברונז PP,פיליפ מוריס,IL,טבק לחימום ברונז,,0.00,,false,1,27.50,0.00,false,1,14812
7290115180299,false,יחידות טבק לחימום סיינה PP,פיליפ מוריס,IL,טבק לחימום סיינה,,0.00,,false,1,27.50,0.00,false,1,14813
7290115180305,false,יחידות טבק לחימום אמבר PP,פיליפ מוריס,CH,טבק לחימום אמבר פאק,,0.00,,false,1,275.00,0.00,true,1,15464
7290115180312,false,טבק חימום צהוב PP 10 יחי,פיליפ מוריס,CH,טבק לחימום צהוב פאקט,,0.00,,false,1,275.00,0.00,true,1,14814
7290115180329,false,טבק לחימום טורקיז10י PP,פיליפ מוריס,CH,טבק לחימום טורקיז פא,,0.00,,false,1,275.00,0.00,true,1,14815
7290115180336,false,יחידות טבק לחימום ברונז PP,פיליפ מוריס,IL,טבק לחימום ברונז פאק,,0.00,,false,1,275.00,0.00,true,1,14816
7290115180343,false,יחידות טבק לחימום סיינה PP קרטוש,פיליפ מוריס,CH,טבק לחימום סיינה פאק,,0.00,,false,1,275.00,0.00,true,1,14817
7290115180671,false,יחידות טבק לחימום סגול PP קרטוש,פיליפ מוריס,CH,טבק לחימום סגול-פאקט,,0.00,,false,1,275.00,0.00,true,1,14818
7290115180688,false,יחידות טבק לחימום סגול PP,פיליפ מוריס,CH,טבק לחימום סגול,,0.00,,false,1,27.50,0.00,false,1,14819
7290115181494,false,הייטס לגונה סוויפט פ,Unknown,,הייטס לגונה סוויפט פ,,0.00,,false,1,275.00,0.00,false,1,17278
7290115181500,false,יחידות טבק לחימום הייטס לגונה סוופיט,פיליפ מוריס,,הייטס לגונה סוויפט,,0.00,,false,1,27.50,0.00,false,1,17279
7290115181531,false,EHC1 HEETS TEAK SELECTION S50 PRI חפיסה,פיליפ מוריס,RO,היטס טיק חפיסה,,0.00,,false,1,27.50,0.00,false,1,17280
7290115181548,false,היטס טיק פאקט,Unknown,,היטס טיק פאקט,,0.00,,false,1,275.00,0.00,false,1,17281
7290115190007,false,מרלבורו אדום בוקס פא,פיליפ מוריס,TR,PPמרלבורו רד,,0.00,,false,1,355.00,0.00,false,1,14820
7290115190014,false,סיגריות מרלבורו רד קצר בוקס,פיליפ מוריס,IL,מרלבורו קצר חפיסה.,,0.00,,false,1,36.50,0.00,false,1,14821
7290115190021,false,מרלבורו רד קצר סופט פאקט,פיליפ מוריס,IL,PPמרלבורו רד סופט,,0.00,,false,1,335.00,0.00,false,1,14822
7290115190038,false,סיגריות מרלבורו רד קצר סופט,פיליפ מוריס,IL,מרלבורו סופט חפיסה,,0.00,,false,1,34.00,0.00,false,1,14823
7290115190045,false,מרלבורו פלייבור מיקס PP קרטוש,פיליפ מוריס,TR,מרלבורו פלייבור מיקס,,0.00,,false,1,355.00,0.00,false,1,14824
7290115190052,false,סיגריות מרלבורו מדיום פלייבור מיקס,פיליפ מוריס,US,מרלבורו פלייבור מיקס,,0.00,,false,1,36.50,0.00,false,1,14825
7290115190069,false,מרלבורו גולד ארוך פאקט,פיליפ מוריס,IL,מרלבורו גולד ארוך פא,,0.00,,false,1,355.00,0.00,false,1,14826
7290115190076,false,סיגריות מרלבורו גולד ארוך 100 בוקס,פיליפ מוריס,TR,מרלבורו גולד 100PP,,0.00,,false,1,36.50,0.00,false,1,14827
7290115190083,false,מרלבורו גולד קצר פאקט,פיליפ מוריס,IL,מרלבורו גולדPP,,0.00,,false,1,355.00,0.00,false,1,14828
7290115190090,false,סיגריות מרלבורו קצר בוקס בודד,פיליפ מוריס,US,מרלבורו גולד חפיסה,,0.00,,false,1,36.50,0.00,false,1,14829
7290115190106,false,מרלבורו גולד ק.סופט פאקט,פיליפ מוריס,IL,מרלבורו גולד סופטPP,,0.00,,false,1,335.00,0.00,false,1,14830
7290115190113,false,מרלבורו גולד קצר קופסא סופט,פיליפ מוריס,IL,מרלבורו גולד סופט,,0.00,,false,1,34.00,0.00,false,1,14831
7290115190120,false,מרלבורו גולד פיין טאצ' פאקט,פיליפ מוריס,IL,מרלבורו פיין טאץPP,,0.00,,false,1,310.00,0.00,false,1,14832
7290115190137,false,סיגריות מרלבורו טאצ סילבר יחידה,פיליפ מוריס,IL,מרלבורו פיין טאצ-חפי,,0.00,,false,1,32.00,0.00,false,1,14833
7290115190144,false,מרלבורו גולד טאצ' פאקט,פיליפ מוריס,IL,מרלבורו טאץPP,,0.00,,false,1,310.00,0.00,false,1,14834
7290115190151,false,סיגריות מרלבורו טאצ גולד,פיליפ מוריס,IL,מרלבורו ג.טאצ -חפיסה,,0.00,,false,1,32.00,0.00,false,1,14835
7290115190168,false,פרלמנט סופר סלימס PP קרטוש,פיליפ מוריס,TR,פרלמנט סופר סלימסPP,,0.00,,false,1,405.00,0.00,false,1,14436
7290115190175,false,פרלמנט סופר סלימס קופסא,פיליפ מוריס,US,פרלמנט סופר סלימס,,0.00,,false,1,42.00,0.00,false,1,14437
7290115190182,false,פרלמנט נייט ארוך פאקט,פיליפ מוריס,TR,פרלמנט נייט ארוך פאק,,0.00,,false,1,405.00,0.00,false,1,15890
7290115190199,false,פרלמנט נייט ארוך חפיסה,פיליפ מוריס,TR,פרלמנט נייט ארוך חפ.,,0.00,,false,1,42.00,0.00,false,1,15887
7290115190205,false,פרלמנט ארוך בלו RCB פאקט,פיליפ מוריס,TR,פרלמנט בלו 100PP,,0.00,,false,1,405.00,0.00,false,1,14836
7290115190212,false,סיגריות פרלמנט בלו 100 BR בודד,פיליפ מוריס,PL,פרלמנט בלו 100PP,,0.00,,false,1,42.00,0.00,false,1,14837
7290115190229,false,סיגריות פרלמנט בלוPP,פיליפ מוריס,TR,פרלמנט בלוPP,,0.00,,false,1,405.00,0.00,false,1,14838
7290115190236,false,סיגריות פרלמנט קצר בלו בודד,פיליפ מוריס,IL,פרלמנט בלוPP,,0.00,,false,1,42.00,0.00,false,1,14839
7290115190243,false,פרלמנט נייט קצר פאקט,פיליפ מוריס,TR,פרלמנט קצר פאקט,,0.00,,false,1,405.00,0.00,false,1,14840
7290115190250,false,סיגריות פרלמנט קצר בודד,פיליפ מוריס,US,פרלמנט נייטPP חפיסה,,0.00,,false,1,42.00,0.00,false,1,14841
7290115190267,false,סיגריות פרלמנט סילבר,פיליפ מוריס,TR,פרלמנט סילברPP,,0.00,,false,1,405.00,0.00,false,1,14842
7290115190274,false,סיגריות פרלמנט סילבר בודד,פיליפ מוריס,US,פרלמנט סילבר חפיסה,,0.00,,false,1,42.00,0.00,false,1,14843
7290115190328,false,ל.מ. בלו לייבל ארוך פאקט,פיליפ מוריס,TR,ל.מ בלו 100-חדש,,0.00,,false,1,310.00,0.00,false,1,15889
7290115190335,false,ל.מ.בלו לייבל ארוך בוקס חפיסה,פיליפ מוריס,TR,ל.מ לייט -חפיסה חדש,,0.00,,false,1,32.00,0.00,false,1,15886
7290115190342,false,אל אם כחול קצר לייבל,פיליפ מוריס,TR,ל.מ. בלו לייבל קצר,,0.00,,false,1,310.00,0.00,false,1,14844
7290115190359,false,סיגריות L.M בלו לייבל קצר,פיליפ מוריס,US,ל.מ בלוPP חפיסה,,0.00,,false,1,32.00,0.00,false,1,14845
7290115190366,false,סיגריות ל.מ. קפסולהP,פיליפ מוריס,TR,ל.מ. קפסולהPP,,0.00,,false,1,310.00,0.00,false,1,14846
7290115190373,false,סיגריות ל.מ. קפסולהP,פיליפ מוריס,TR,ל.מ פורווד חפיסה.,,0.00,,false,1,32.00,0.00,false,1,14847
7290115190380,false,ל.מ רדPP פאקט סיגריו,פיליפ מוריס,TR,ל.מ רדPP,,0.00,,false,1,310.00,0.00,false,1,14438
7290115190397,false,סיגריות L.M קצר רד לייבל בודד,פיליפ מוריס,US,ל.מ. רד לייבל,,0.00,,false,1,32.00,0.00,false,1,14439
7290115190403,false,אל אם סילבר קצר פאקט,פיליפ מוריס,TR,ל.מ סילברPP,,0.00,,false,1,310.00,0.00,false,1,14848
7290115190410,false,ל.מ. סילבר לייבל חפיסה,פיליפ מוריס,TR,ל.מ. סילבר חפיסה,,0.00,,false,1,32.00,0.00,false,1,14849
7290115190427,false,אל אם וויב סלימס פאקט,פיליפ מוריס,TR,ל.מ וייבPP,,0.00,,false,1,310.00,0.00,false,1,14850
7290115190434,false,סיגריות L.M וייב סלימס בודד,פיליפ מוריס,US,ל.מ וייבPP,,0.00,,false,1,32.00,0.00,false,1,14851
7290115190441,false,סיגריות נקסט אדג פקט,פיליפ מוריס,TR,נקסט אדג פאקט,,0.00,,false,1,270.00,0.00,false,1,14852
7290115190458,false,סיגריות נקסט פיין אדג' בודד,פיליפ מוריס,TR,נקסט אדגPP,,0.00,,false,1,28.00,0.00,false,1,14853
7290115190465,false,נקסט פיין אדג PP קרטוש,פיליפ מוריס,TR,נקסט פיין אדג-פאקט,,0.00,,false,1,270.00,0.00,false,1,15460
7290115190472,false,סיגריות נקסט פיין אדג',פיליפ מוריס,TR,נקסט פיין אדג,,0.00,,false,1,28.00,0.00,false,1,15457
7290115190489,false,סיגריות נקסט פיין 10,פיליפ מוריס,TR,נקסט פיין 100 ארוך,,0.00,,false,1,300.00,0.00,false,1,15459
7290115190496,false,סיגריות נקסט ארוך בודד,פיליפ מוריס,IL,נקסט פיין 100 ארוך,,0.00,,false,1,31.00,0.00,false,1,15455
7290115190502,false,סיגריות נקסט פיין 10 יח,פיליפ מוריס,TR,נקסט פייןPP,,0.00,,false,1,300.00,0.00,false,1,14854
7290115190519,false,סיגריות נקסט פיין חפ,פיליפ מוריס,PL,נקסט פיין חפיסה,,0.00,,false,1,31.00,0.00,false,1,14855
7290115190526,false,סיגריות נקסט ריסס 10,פיליפ מוריס,TR,נקסט ריסס פאקט,,0.00,,false,1,280.00,0.00,false,1,14856
7290115190533,false,סיגריות נקסט ריסס 100 בודד,פיליפ מוריס,TR,נקסט ריסס 100,,0.00,,false,1,29.00,0.00,false,1,14857
7290115190540,false,סיגריות נקסט ריסס קצ,פיליפ מוריס,TR,נקסט ריסס קצרPP,,0.00,,false,1,280.00,0.00,false,1,14858
7290115190557,false,סיגריות נקסט ריסס בודד,פיליפ מוריס,TR,נקסט ריסס חפיסה,,0.00,,false,1,29.00,0.00,false,1,14859
7290115190564,false,נקסט סלימס לילך פאקט,פיליפ מוריס,TR,נקסט לילךPP,,0.00,,false,1,300.00,0.00,false,1,14440
7290115190571,false,סיגריות נקסט לילך בודד,פיליפ מוריס,US,נקסט לילך חפיסה,,0.00,,false,1,31.00,0.00,false,1,14441
7290115190588,false,סיגריות נקסט אורגינל 10 יח,פיליפ מוריס,TR,נקסט אוריגינלPP,,0.00,,false,1,300.00,0.00,false,1,14860
7290115190595,false,סיגריות נקסט אוריגינ,פיליפ מוריס,PL,נקסט אוריגינלPP,,0.00,,false,1,31.00,0.00,false,1,14861
7290115190618,false,טבק מרלבורו רד 30 גרם חפיסה,פיליפס,PL,טבק מרלבורו רד,,30.00,100 גרם,false,1,80.00,266.67,false,1,15468
7290115190632,false,טבק מרלבורו גולד 30 גרם חפיסה,פיליפ מוריס,PL,טבק מרלבורו גולד,,30.00,100 גרם,false,1,80.00,266.67,false,1,15467
7290115190656,false,טבק נקסט פיין 40 גרם חפיסה,פיליפ מוריס,PL,טבק נקסט פיין,,0.00,,false,1,82.00,0.00,false,1,15466
7290115190670,false,טבק נקסט אוריגינל בו,פיליפ מוריס,PL,טבק נקסט אוריגינל,,0.00,,false,1,82.00,0.00,false,1,14863
7290115190694,false,טבק צ'סטרפילד פיין וירג'יניה 30PP,פיליפ מוריס,PL,טבק צסטרפילד פיין,,0.00,,false,1,69.00,0.00,true,1,14865
7290115190717,false,טבק צסטרפילד פרימיום,Unknown,,טבק צסטרפילד פרימיום,,0.00,,false,1,65.00,0.00,false,1,15465
7290115190731,false,טבק צ'סטרפילד אוריג'ינל 30PP,פיליפס,PL,טבק צסטרפילד אורי,,0.00,,false,1,69.00,0.00,true,1,14867
7290115190748,false,מרלבורו רד סיל,Unknown,,מרלבורו רד סיל,,0.00,,false,1,355.00,0.00,false,1,15462
7290115190755,false,מרלבורו רד סיל חפיסה,פיליפ מוריס,TR,מרלבורו רד סיל,,0.00,,false,1,36.50,0.00,false,1,15456
7290115190762,false,מרלבורו גולד סיל פאקט,פיליפ מוריס,TR,מרלבורו גולד סיל,,0.00,,false,1,355.00,0.00,false,1,15461
7290115190779,false,מרלבורו גולד סיל חפיסה,פיליפ מוריס,TR,מרלבורו גולד סיל,,0.00,,false,1,36.50,0.00,false,1,15458
7290115190885,false,מרלבורו פיוזן קפסולה פקט,פיליפ מוריס,TR,מרלבורו פיוזן פאקט,,0.00,,false,1,290.00,0.00,false,1,15891
7290115190892,false,סיגריות מרלבורו פיוז'ן קפסולה בודד,פיליפ מוריס,IL,מרלבורו פיוזן קפס,,0.00,,false,1,29.50,0.00,false,1,15888
7290115190908,false,טבק נקסט לבן 50ג פקט10יח,פיליפ מוריס,DE,טבקגלגול נקסט פאקט10,,0.00,,false,1,965.00,0.00,false,1,15915
7290115190915,false,טבק נקסט לבן 50ג חפיסה,פיליפ מוריס,DE,טבק נקסט לבן XL,,0.00,,false,1,99.00,0.00,false,1,15916
7290115190922,false,אל אמ קליק קפסולה פאקט,פיליפ מוריס,TR,ל.מ קליק קפסולה-פאקט,,0.00,,false,1,265.00,0.00,false,1,17282
7290115190939,false,אל.אם קפסולות קליק חפיסה,פיליפ מוריס,TR,ל.מ קליק קפסולה,,0.00,,false,1,27.50,0.00,false,1,17283
7290115190960,false,מרלברו טאץ אדום פאקט,פיליפ מוריס,TR,מרלברו טאץ אדום פאקט,,0.00,,false,1,310.00,0.00,false,1,17284
7290115190977,false,סיגריות מרלבורו טאץ אדום -בודד,פיליפ מוריס,TR,מרלבורו טאץ אדום חפי,,0.00,,false,1,32.00,0.00,false,1,17285
7290115191028,false,מרלבורו סאמר ספלאש פאקט,פיליפ מוריס,RS,מ.סאמר ספלאש פאקט,,0.00,,false,1,310.00,0.00,false,1,17286
7290115191035,false,סיגריות מרלבורו סאמר ספלאש בודד,פיליפ מוריס,RS,מרלבורו סאמר ספלאש,,0.00,,false,1,32.00,0.00,false,1,17287
7290115200003,false,פתי בר פינוקי וניל אסם 220 גרם,תאי פרזידנט פוד פאבל,PL,פתי בר פינוקי וניל,,220.00,100 גרם,false,1,15.00,6.82,true,1,14442
7290115200027,false,אסם פתי בר פינוקים שוקו 220 גרם,קריות זול,PL,פתי בר פינוקי שוקו,,220.00,100 גרם,false,1,15.00,6.82,true,1,14443
7290115200300,false,עוגת קרנץ גבינה,Unknown,,עוגת קרנץ גבינה,,0.00,,false,1,28.00,0.00,true,1,16450
7290115200324,false,עוגת קרנץ קרמל מלוח,Unknown,,עוגת קרנץ קרמל מלוח,,0.00,,false,1,28.00,0.00,true,1,16451
7290115200348,false,עוגת קרנץ חלבית אלפח,Unknown,,עוגת קראנץ אלפחורס,,0.00,,false,1,28.00,0.00,true,1,16452
7290115200676,false,עוגיות קרמוגית במילוי קרם בטעם קרמל מלוח,"הגביע מוצרי וופלים בע""\מ",IL,קרמוגית קרמל מלוח,,0.00,,false,1,15.90,0.00,true,1,14868
7290115200782,false,חמישית פיתות בונזור,Unknown,,חמישית פיתות בונזור,,500.00,100 גרם,false,1,9.90,1.98,true,1,14446
7290115200829,false,חטיף ביסלי מיקס בלאג,פרו מן יו פתרונות אר,IL,ביסלי ב.מיקס 150ג,,0.00,,false,1,12.50,0.00,true,1,17288
7290115200843,false,חטיף אפרופו לחם שום,"אסם תעשיות בע""מ",IL,אפרופו לחם שום 50 ג,,0.00,,false,1,8.00,0.00,true,1,17289
7290115201031,false,אסם פתי בר דובי שוקולד 175 גרם,טרופיקל דגיל תעשיות,PL,פתי בר דובי שוקולד,,175.00,100 גרם,false,1,15.00,8.57,true,1,15226
7290115201550,false,ביסלי קרנבל מיקס 150 ג' אסם,פרו מן יו פתרונות אר,IL,ביסלי קרנבל מיקס 150,,150.00,100 גרם,false,1,15.90,10.60,true,1,14871
7290115201680,false,ביסלי בטעם ברביקיו אסם 70 גרם,"אסם השקעות בע""\מ",IL,ביסלי ברביקיו 70 גר,,70.00,100 גרם,false,1,7.50,10.71,true,1,14872
7290115201703,false,ביסלי ברביקיו גדול אסם 200 גרם,מיוצר עי קונדיטוריית,IL,ביסלי ברביקיו 200 גר,,200.00,100 גרם,false,1,12.50,6.25,true,1,14873
7290115201727,false,ביסלי חטיף בטעם בצל אסם 200 גרם,מיוצר עי קונדיטוריית,IL,ביסלי בצל 200 גר,,200.00,100 גרם,false,1,12.50,6.25,true,1,14874
7290115201741,false,ביסלי בטעם בצל אסם 70 גרם,"אסם השקעות בע""\מ",IL,ביסלי בצל 70 גר,,70.00,100 גרם,false,1,7.50,10.71,true,1,14875
7290115201765,false,לחמניית פרנה בונזור,Unknown,,לחמניית פרנה בונזור,,0.00,,false,1,7.90,0.00,true,1,16478
7290115201789,false,לחמניית פרנה עגולה,Unknown,,לחמניית פרנה עגולה,,0.00,,false,1,7.90,0.00,true,1,16479
7290115201826,false,במבה לבבות 80 גרם,Unknown,,במבה לבבות 80 גר,,80.00,100 גרם,false,1,7.90,9.88,true,1,15470
7290115201864,false,חטיף במבה נוגט אינסי,מיוצר עי קונדיטוריית,IL,במבה נ.אינסייד 60ג,,0.00,,false,1,7.90,0.00,true,1,17291
7290115201901,false,במבה במילוי קרם בייג,Unknown,,במבה ק.בייגלה 60גר,,60.00,100 גרם,false,1,7.90,13.17,true,1,15924
7290115202328,false,קוקטייל בולגרית,Unknown,,קוקטייל בולגרית,קילוגרמים,1.00,"ק""ג",true,1,55.00,0.00,false,1,16500
7290115202465,false,דונאטס במילוי ק.תות,Unknown,,דונאטס במילוי ק.תות,,70.00,100 גרם,false,1,11.00,15.71,true,1,14884
7290115202489,false,דונאטס זברה,Unknown,,דונאטס זברה,,75.00,100 גרם,false,1,11.00,14.67,true,1,14885
7290115202519,false,בונג'ור דונאטס אגוזים במילוי קרם נוגט 24*72 ג',Unknown,,דונאטס אגוזים,,72.00,100 גרם,false,1,11.00,15.28,true,1,14886
7290115202533,false,דונאטס שוקולד,Unknown,,דונאטס שוקולד,,55.00,100 גרם,false,1,10.00,18.18,true,1,14887
7290115202663,false,דונאטס עוגת שוקולד,Unknown,,דונאטס עוגת שוקולד,,73.00,100 גרם,false,1,10.00,13.70,true,1,14888
7290115202700,false,דונאטס עם פצפוצים,Unknown,,דונאטס עם פצפוצים,,55.00,100 גרם,false,1,11.00,20.00,true,1,14889
7290115202939,false,מנה חמה רייס נודלס עוף פטריות אסם 50 גרם,מיוצר עי קונדיטוריית,TH,מ.חמה נודלס פטריות,,0.00,,false,1,11.90,0.00,false,1,17293
7290115202953,false,אוסם - מנה חמה רייס נודלס קארי צהוב 55 גרם,מיוצר עי קונדיטוריית,TH,מ.חמה נודלס קארי,,0.00,,false,1,11.90,0.00,false,1,17294
7290115202977,false,אוסם - מנה חמה רייס נודלס רוטב סויה סיני 55 גרם,מיוצר עי קונדיטוריית,TH,מ. חמה נודלס סויה,,0.00,,false,1,11.90,0.00,false,1,17295
7290115203097,false,מקל פילו פטיסייר,Unknown,,מקל פילו פטיסייר,קילוגרמים,1.00,"ק""ג",true,1,55.00,0.00,false,1,16499
7290115203103,false,קוקיס ציפס ביגלה-קנ,Unknown,,קוקיס ציפס ביגלה-קנ,קילוגרמים,1.00,"ק""ג",true,1,60.00,0.00,true,1,15692
7290115203134,false,פופקו פופקורן במבה - פופקורן בציפוי קרמל ובוטנים,"אסם השקעות בע""\מ",IL,פופקו פופקורן במבה,,80.00,100 גרם,false,1,7.90,9.88,true,1,15919
7290115203172,false,במבה PRO מכיל 18 גרם חלבון בשקית,"אסם השקעות בע""\מ",IL,במבה פרו 80 גרם,,0.00,,false,1,7.90,0.00,false,1,17831
7290115203332,false,"מקל פילו שוקולד בונג'ור 6 ק""ג",Unknown,,מקל פילו שוקולד נ.,קילוגרמים,1.00,"ק""ג",true,1,55.00,0.00,false,1,16501
7290115203905,false,מיני פיתה כוסמין עשירייה בונג'ור 550 ג',בונז'ור,,מיני פיתה כוסמין,,0.00,,false,1,20.00,0.00,true,1,16495
7290115204018,false,מנה חמה איטלקי פסטה בסגנון אלפרדו 60 ג' אסם,"אסם תעשיות בע""מ",IL,מנה חמה איטלקי פסטה,,60.00,100 גרם,false,1,10.00,16.67,true,1,15737
7290115204032,false,מנה חמה אורז בסגנון,Unknown,,מנה חמה אורז הודי,,74.00,100 גרם,false,1,10.00,13.51,true,1,15738
7290115204100,false,בגט א. כפרי עם דגנים,Unknown,,בגט א. כפרי עם דגנים,,0.00,,false,1,10.00,0.00,true,1,16496
7290115204315,false,בגט א. קמח מלא ואגוז,Unknown,,בגט א. קמח מלא ואגוז,,0.00,,false,1,11.00,0.00,true,1,16497
7290115204339,false,בגט א. עגבניות ואגוז,Unknown,,בגט א. עגבניות ואגוז,,0.00,,false,1,11.00,0.00,true,1,16498
7290115204612,false,ערגליות מיקס שוקותות,"אסם תעשיות בע""מ",IL,ערגליות שוקו תות,,300.00,100 גרם,false,1,12.90,4.30,true,1,15086
7290115204858,false,חלת כוסמין אפוי חלקי,Unknown,,חלת כוסמין אפוי חלקי,,0.00,,false,1,22.00,0.00,true,1,16535
7290115204919,false,במבה במילוי קרם בייג,Unknown,,במבה ק.בייגלה 150ג,,150.00,100 גרם,false,1,12.90,8.60,true,1,15918
7290115205121,false,פיטנס בר פריכיות יוגורט תות 84 גרם,כרמית,,פיטנס פריכיות תות,,0.00,,false,1,17.00,0.00,false,1,17299
7290115205169,false,קוקיס ציפס נוגט-קני,Unknown,,קוקיס ציפס נוגט-קני,קילוגרמים,1.00,"ק""ג",true,1,60.00,0.00,true,1,15690
7290115205176,false,פיטנס - קרקר דק כפרי פיטנס 140 גרם,נסטלה Nestle,IL,פיטנס קרקר THIN כפרי,,0.00,,false,1,15.90,0.00,false,1,17300
7290115205312,false,קרקר פיטנס דק עם זיתי קלמטה ועשבי תיבול,"אסם השקעות בע""\מ",IL,פיטנס קרקר קלמטה,,0.00,,false,1,15.90,0.00,false,1,17301
7290115205336,false,עוגיות שוקו שוקולד צ,Unknown,,קוקיס שוקו.ציפס-קני,קילוגרמים,1.00,"ק""ג",true,1,60.00,0.00,true,1,15691
7290115205374,false,בורקס תפוא אישי א.ק,Unknown,,בורקס תפוא אישי א.ק,,315.00,100 גרם,false,1,10.00,3.17,true,1,15701
7290115205459,false,בורקס גבינה אישי א.ק,Unknown,,בורקס גבינה אישי א.ק,,315.00,100 גרם,false,1,10.00,3.17,true,1,15702
7290115205527,false,פיטנס חטיף מולטיגריין עם עדשים 25 גרם,"אסם השקעות בע""\מ",IL,מולטגריין עדשים,,0.00,,false,1,6.90,0.00,false,1,17302
7290115205541,false,פיטנס חטיף מולטיגריין עם חומוס 25 גרם,"אסם השקעות בע""\מ",IL,מולטיגריין חומוס,,0.00,,false,1,6.90,0.00,false,1,17303
7290115205930,false,חטיף במבה פופקו מיקס,"אסם תעשיות בע""מ",IL,במבה פופקו מיקס,,0.00,,false,1,15.90,0.00,true,1,17304
7290115205978,false,"פתי בר אצבעות שוקולד אוסם, 180 גרם","t\ד""\ר ג'\רארד בע""\מn\",PL,פתי בר א.שוקולד,,0.00,,false,1,15.00,0.00,true,1,17305
7290115206173,false,אסם פתי בר קרמל 500 גרם חדש,Unknown,IL,אסם פתי בר קרמל,,500.00,100 גרם,false,1,17.90,3.58,true,1,15679
7290115206333,false,אסם עוגיות מיני שוקוצ'יפס 225גרם חדש,"t\אסם השקעות בע""\מ",IL,עוגיות מ.שוקוציפס,,0.00,,false,1,12.90,0.00,true,1,17307
7290115206494,false,סופגניה מיני מטוגנת,Unknown,,סופגניה מיני מטוגנת,,45.00,100 גרם,false,1,4.00,8.89,false,1,15693
7290115206531,false,אסם קרמוגית במילוי קרם בייגלה 12*200 גרם,אסם-נסטלה,IL,קרמוגית קרם בייגלה,,0.00,,false,1,14.90,0.00,true,1,17308
7290115206661,false,סופגניה מיני מטוגנת עם ריבה בונז'ור 50 ג',Unknown,,סופגניה מיני ריבה,,45.00,100 גרם,false,1,4.00,8.89,false,1,15694
7290115206852,false,ביסלי צ'יזי סטיקס חדש 70 ג אסם,"אסם השקעות בע""\מ",IL,ביסלי ציזי סטיקס,,0.00,,false,1,7.50,0.00,true,1,17832
7290115206890,false,ביסלי המבורגר חדש 70 ג אסם,"אסם השקעות בע""\מ",IL,ביסלי המבורגר,,0.00,,false,1,7.50,0.00,true,1,17833
7290115206937,false,מנ.חמה רייס נודלס כשלפ55,תאי פרזידנט,TH,מנה חמה נודלס עוףכלפ,,0.00,,false,1,10.90,0.00,false,1,17310
7290115207095,false,קרואסון חמאה א.ק,Unknown,,קרואסון חמאה א.ק,,0.00,,false,1,10.00,0.00,true,1,17312
7290115207613,false,בונז'ור אזני פיל קינמון,Unknown,,אזני פיל קינמון 6קג,קילוגרמים,1.00,"ק""ג",true,1,40.40,0.00,false,1,17319
7290115207682,false,אסם רוטב בסגנון סויה סיני 9*290מל חדש,"אסם השקעות בע""\מ",IL,אסם רוטב סויה סיני,,0.00,,false,1,13.90,0.00,false,1,17320
7290115207767,false,אוזני פיל בונז'ור,Unknown,,אזני פיל 6קג,קילוגרמים,1.00,"ק""ג",true,1,40.40,0.00,false,1,17323
7290115207941,false,סירופ אננס ויטמינצ'יק 1 ליטר,בית-השיטה עסיס תעשיות מז,IL,ויטמינציק אננס,,0.00,,false,1,26.90,0.00,true,1,17324
7290115208801,false,לחמית דבש ואגוזים אסם 190 גרם,לחמית,IL,לחמית דבש ואגוזים,,0.00,,false,1,12.90,0.00,false,1,17834
7290115209198,false,במבה אוורירית אסם 80 גרם,"אסם תעשיות בע""מ",IL,במבה אורירית,,0.00,,false,1,7.90,0.00,false,1,17835
7290115670585,false,חטיף מקופלת לבנה מגד,Unknown,,מקופלת לבנה 25 מגדים,,0.00,,false,1,6.90,0.00,true,1,14890
7290115670929,false,קפה מילקשייק קלאסי200גרם,שטראוס קפה בי.וי,IL,מילקשייק אייס קלאסי,,200.00,100 גרם,false,1,17.00,8.50,true,1,15736
7290115671001,false,עוג.שוקוציפס חלב טינס136,"שטראוס גרופ בע""\מ",IL,שוקוציפס חלב THINS,,0.00,,false,1,12.00,0.00,true,1,17326
7290115671025,false,רבע לשבע מוס קרמל מלו100,"הגביע מוצרי וופלים בע""\מ",IL,רבע לשבע מוס שוקולד,,0.00,,false,1,18.90,0.00,true,1,17327
7290115671148,false,סוכריות FRESHבטעם ענבים 15 גרם,Unknown,,סוכריות FRESH ענבים,,0.00,,false,1,5.00,0.00,true,1,17328
7290115671308,false,מסטיק מאסט פאן תות דובדבן צנצנת 58 גרם,אסקום קונפשטיין,DE,מאסט תות דובדבן 58ג,,0.00,,false,1,12.00,0.00,true,1,17330
7290115671339,false,מיני פינוקיות בראוניז בייגל בוטן עלית 180 ג' עלית,"הגביע מוצרי ופלים בע""\מ",IL,מיני פינוקיות ב.ב.ב,,80.00,100 גרם,false,1,14.90,18.62,true,1,15676
7290115671346,false,מיני פינוקיות טופי קרמל מלוח עלית 180 גרם,"הגביע מוצרי ופלים בע""\מ",IL,מיני פינוקיות ט.ק.מ,,80.00,100 גרם,false,1,14.90,18.62,true,1,15677
7290115671353,false,מיני פינוקיות עוגיות קקאו במילוי קרם בטעם וניל,"הגביע מוצרי ופלים בע""\מ",IL,מ.פינוקיות שחור לבן,,0.00,,false,1,14.90,0.00,true,1,17331
7290115671575,false,קולד ברו BeanZ משקה,מונסטרלנד לולף,DE,קולד ברו קפה BeanZ,,250.00,100 גרם,false,1,10.00,4.00,true,1,15710
7290115672190,false,עוגיות שוקוציפס מריר,Unknown,,עוגיות שוקוציפס מריר,,180.00,100 גרם,false,1,13.90,7.72,true,1,15678
7290115673135,false,שוקולד פרה חלב עדשים,STRAUSS-ISRAEL,IL,ש.פרה חלב עדשים,,0.00,,false,1,9.00,0.00,true,1,16048
7290115673197,false,ריל אנרג'י חטיף תמרים וקוקוס 35 גרם,שטראוס גרופ,GR,ריל חטיף תמרים קוקוס,,35.00,100 גרם,false,1,10.00,28.57,true,1,15653
7290115673203,false,חטיף אנרג'י ריל שקדים ושוקולד מריר,ואמואליס פודס אס.,GR,ריל חטיף שקדים שוקול,,35.00,100 גרם,false,1,10.00,28.57,true,1,15654
7290115673210,false,אנרגי REAL חטיף בוטנים פיסטוק וחמוציות,ואמואליס פודס אס.,GR,ריל חטיף בוטנים פיסט,,35.00,100 גרם,false,1,10.00,28.57,true,1,15655
7290115673777,false,פסק זמן פטיסרי קרמל 35גר,"שטראוס גרופ בע""\מ.",IL,פסק זמן פטיסרי קרמל,,35.00,100 גרם,false,1,7.50,21.43,true,1,15642
7290115674156,false,שוק.מיקס עוגיות+עדשים95ג,"שטראוס גרופ בע""\מ",IL,שוקולד פרה מיקס,,95.00,100 גרם,false,1,9.00,9.47,true,1,15207
7290115674187,false,רבע לשבע מוס פטל 100 גרם,"הגביע מוצרי וופלים בע""\מ",IL,רבע לשבע מוס פטל,,0.00,,false,1,18.90,0.00,true,1,17332
7290115674699,false,תפוציפס פופבלס מלח 4,הנסיך- מפעל לייצור ט,IL,תפוציפס פופבלס מלח,,45.00,100 גרם,false,1,5.90,13.11,true,1,15920
7290115674743,false,פיתה צ'יפס מלח ים 170גרם,"אלאדין בייקרס בע""\מ",US,Breadz פיתה מלח ים,,0.00,,false,1,15.00,0.00,false,1,17333
7290115674774,false,קרקר אפוי עם זרעי צ'יה וקינואה 170 ג' BREADZ,"אלאדין בייקרס בע""\מ",US,Breadz קרקר קינואה,,0.00,,false,1,15.00,0.00,false,1,17334
7290115675559,false,מארז קפה טורקי לדרך 10 יחידות,שטראוס קפה בי.וי.,IL,מארז טורקי לדרך,,0.00,,false,1,9.00,0.00,true,1,16506
7290115675580,false,קוואקר חטיף בוטנים עם שיבולת שועל 50 גרם,"שטראוס פריטו ליי בע""\מ )",IL,ח.קוואקר ובוטנים 50ג,,0.00,,false,1,6.90,0.00,true,1,17335
7290115675696,false,דגני בוקר קראנצ'ים שיבולת שועל עם אגוזים ושקדים,גלידות שטראוס,PL,קוואקר Cruesli,,0.00,,false,1,23.90,0.00,true,1,16543
7290115675740,false,קפסולות אייס נוגט למכונות NESPRESSO,שטראוס קפה בי.וי.,IL,קפסולות אייס ק.נוגט,,10.00,יחידה,false,1,16.50,1.65,true,1,15593
7290115675764,false,קפסולות מס 8 אתיופיה למכונת נספ,הנסיך- מפעל לייצור ט,IL,קפסולות 08 אתיופיה,,0.00,,false,1,16.50,0.00,true,1,17336
7290115675795,false,קפה טורקי תבליני שוק,STRAUSS-ISRAEL,,טורקי תבלין ירושלמי,,100.00,100 גרם,false,1,10.50,10.50,true,1,15733
7290115675870,false,קפה נמס מילקשייק קרמל מלוח 200 גרם,שטראוס קפה בי.וי,IL,מילקשייק קרמל מלוח,,200.00,100 גרם,false,1,17.00,8.50,true,1,15734
7290115675887,false,מילקשייק וניל עוגיות,Unknown,,מילקשייק וניל עוגיות,,200.00,100 גרם,false,1,17.00,8.50,true,1,15735
7290115676037,false,דנונה ריפרש יוגורט עם תות ודומדמניות 1.6% שומן,מיוצר עי קונדיטוריית,IL,דנונה שייק תות,,250.00,100 גרם,false,1,7.00,2.80,true,1,15711
7290115676082,false,משקה יוגורט בטעם תות פרו 20 דנונה 255 ג',"שטראוס בריאות בע""\מ.",IL,דנונה משקה פרו תות,,255.00,100 גרם,false,1,8.50,3.33,true,1,15713
7290115676099,false,משקה יוגורט בטעם וניל פרו 20 דנונה 255 ג',"שטראוס בריאות בע""\מ.",IL,דנונה משקה פרו וניל,,255.00,100 גרם,false,1,8.50,3.33,true,1,15714
7290115676693,false,תפוצ'יפס מלח חומץ 50 ג' עלית,"שטראוס פריטו ליי בע""\מ )",IL,תפוציפס מלח חומץ 50ג,,0.00,,false,1,5.90,0.00,true,1,17337
7290115676990,false,תפוצ'יפס מלח&חומץ 50 גרם,"שטראוס פריטו ליי בע""\מ )",IL,תפוציפס מלח חומץ,,50.00,100 גרם,false,1,5.90,11.80,true,1,15472
7290115678307,false,משקה מרשמלו יטבתה שק,יטבתה,IL,בלונדי שקית שוקו,,225.00,"100 מ""ל",false,1,3.50,1.56,true,1,15705
7290115678376,false,מעדן הגולן שוקולד 125 גרם,מיוצר עי קונדיטוריית,IL,מעדן הגולן שוקולד,,0.00,,false,1,3.20,0.00,true,1,16542
7290115678635,false,נשנושי גבינה -גבינת שמנת 16%+כעכים שטוחים עם מלח,"מחלבת טבע עז בע""\מ",IL,נשנושי גבינה 25%,,0.00,,false,1,12.50,0.00,false,1,17339
7290115678642,false,נשנושי גבינה 16% עם חטיף אפוי עם זיתים 67 ג' שטראוס,"מחלבת טבע עז בע""\מ",IL,נשנושי גבינה 25%,,0.00,,false,1,12.50,0.00,false,1,17340
7290115678666,false,נשנוש טחינה קרם חציל,"שטראוס גרופ בע""מ",IL,אחלה טחינה חציל פרכי,,0.00,,false,1,12.00,0.00,false,1,17341
7290115678710,false,מאסט סוכריות ללא סוכר בטעם בזוקה,שטראוס גרופ,TR,סוכריות FRESH בזוקה,,15.00,100 גרם,false,1,5.00,33.33,true,1,15664
7290115679960,false,ציטוס פופקורן בטעם טבעי 60 ג 24 יח,"שטראוס פריטו ליי בע""\מ )",IL,ציטוס פופקורן טבעי60,,0.00,,false,1,6.90,0.00,true,1,17342
7290116242361,false,מיני פופ סוכריה על מקל עם כדור 8 גר' מיניונים,שמחה זה אנחנו,,מיני סוכריה כ.מיניון,,0.00,,false,1,14.90,0.00,true,1,17347
7290116242378,false,מיני פופ סוכריה על מקל עם כדור 8גר סמי הכבאי,שמחה זה אנחנו,CN,מיני סוכריה כדור סמי,,0.00,,false,1,14.90,0.00,true,1,17348
7290116242385,false,מיני פופ סוכריה על מקל וכדור 8 גרם-ברבי,שמחה זה אנחנו,,מיני סוכריה כ.ברבי,,0.00,,false,1,14.90,0.00,true,1,17349
7290116242392,false,מיני פופ סוכריה על מקל(5 יח) 40 גר' - כוח פי ג'יי,Unknown,CN,מיני פופ סוכריה כח,,0.00,,false,1,14.90,0.00,true,1,17350
7290116242408,false,מיני פופ סוכריה על מקל עם כדור 8 גר' ריינבוקורן,Unknown,IL,מיני סוכריה כ.ריינב,,0.00,,false,1,14.90,0.00,true,1,17351
7290116242415,false,מיני פופ סוכריה על מקל עם כדור 8גר מפרץ הרפתקאות,Unknown,CN,מיני סוכריה כ.מפרץ,,0.00,,false,1,14.90,0.00,true,1,17352
7290116243962,false,אצבעות שוקולד ממולא בקרם חלב עם מדבקות 50 גרם - כוח פי גיי,שמחה זה אנחנו,UA,אצבעות שוקולד כוח,,0.00,,false,1,5.90,0.00,true,1,17353
7290116243986,false,אצבעות שוקולד ממולא בקרם חלב עם מדבקות 50 גרם - ברבי,Unknown,UA,אצבעות שוקולד ברבי,,0.00,,false,1,5.90,0.00,true,1,17354
7290116243993,false,אצבעות שוקולד חד קרן,Unknown,UA,אצבעות שוקולד חד קרן,,0.00,,false,1,5.90,0.00,true,1,17355
7290116244006,false,אצבעות שוקולד ממולא בקרם חלב עם מדבקות 50 גרם - מפרץ הרפתקאות,Unknown,UA,אצבעות שוקולד מפרץ,,0.00,,false,1,5.90,0.00,true,1,17356
7290116244013,false,אצבעות שוק.סמי הכבאי50גר,Unknown,UA,אצבעות שוקולד ס.כבאי,,0.00,,false,1,5.90,0.00,true,1,17357
7290116530109,false,חטיף קליק נוגט ציפוי שוקולד לבן 35 גרם,"טחנת האבן תעשיות בע""\מ,",IL,קליק נוגט שוקולד לבן,,35.00,100 גרם,false,1,7.50,21.43,true,1,15643
7290116530314,false,קליק כריות דאבל שוקו,יוניליוור ישראל מזון,IL,קליק כריות דאבל שוקו,,65.00,100 גרם,false,1,9.00,13.85,true,1,15644
7290116531038,false,"שוקולד מריר 60% ורד הגליל 100 גרם כשל""פ",יוניליוור ישראל מזון,IL,טבלה שוקולד מריר,,0.00,,false,1,6.90,0.00,true,1,17358
7290116531045,false,קורנפלקס דליפקאן 350ג ללא גלוטן,"מולינו ניקולי ,S.p.A ויה",IT,דליפקאן דגנים כשלפ,,0.00,,false,1,28.90,0.00,false,1,17359
7290116531168,false,קליק עוגיות שוקולד חלב40,יוניליוור ישראל מזון בע\,IL,קליק ע.שוקולד חלב,,40.00,100 גרם,false,1,7.50,18.75,true,1,15646
7290116531281,false,קליק מיקס 65 גרם,יוניליוור ישראל מזון,IL,קליק מיקס,,0.00,,false,1,9.00,0.00,true,1,17360
7290116531540,false,"קורנפלקס דבש 375 גרם כשל""פ","מולינו ניקולי ,S.p.A ויה",IT,קורנפלקס כשלפ דבש,,0.00,,false,1,18.90,0.00,false,1,17363
7290116531724,false,מאגדת חטיפי שוגי שוק,יוניליוור,IL,חטיף שוגי ש.חלב פסח,,0.00,,false,1,15.90,0.00,false,1,17364
7290116531731,false,"חט.שוגי שוק.לבן כשל""פ5יח","טחנת האבן תעשיות בע""\מ,",IL,חטיף שוגי ש.לבן פסח,,0.00,,false,1,15.90,0.00,false,1,17365
7290116531748,false,"קליק שוקו מיקס כשל""פ65ג","דרך השוקולד ,1 צפת 13404",IL,קליק קוקומן חום&לבן,,0.00,,false,1,9.00,0.00,true,1,17366
7290116531939,false,גלידה בשומן צמחי בטעם תות שדה בציפוי מכיל שוקולד,"גלידת שטראוס בע""\מ, רח'",IL,גלידונית תות שדה,,0.00,,false,1,50.00,0.00,true,1,17367
7290116531977,false,אקס דאודורנט בודי ספריי סקייטבורד וורדים,"קוסטר אירוסול, גבזה 4140",GB,ספריי סקייטבורד,,0.00,,false,1,19.90,0.00,false,1,17843
7290116532011,false,קליק חטיף שוקולד נוגט וחלב 35 גרם,תות תעשיות מזון (2014) ב,IL,קליק אוקי 35ג חדש,,0.00,,false,1,7.50,0.00,true,1,17368
7290116532028,false,קליק חטיף נוגט חלב כשר לפסח,"דרך השוקולד 1, צפת 1",IL,קליק חטיף נוגט כשלפ,,0.00,,false,1,7.50,0.00,true,1,17369
7290116532035,false,קליק קורנפלקס חום/לבן65ג,"דרך השוקולד ,1 צפת 13404",IL,קליק ק.חום לבן כשלפ,,0.00,,false,1,9.00,0.00,true,1,17370
7290116532042,false,קליק כריות נוגט כשר לפסח 65 גרם,"דרך השוקולד 1, צפת 1",IL,קליק כריות נוגט כשלפ,,0.00,,false,1,9.00,0.00,true,1,17371
7290116532264,false,מאגדת גודיז פרי אפרסק יוגורט בציפוי 300 ג' שטראוס,"גלידת שטראוס בע""\מ, רחוב",IL,גודיז אפרסק,,0.00,,false,1,27.00,0.00,true,1,17372
7290116532271,false,סנדוויץ לייט גודיז שוקולד וניל 270 ג' שטראוס,"גלידת שטראוס בע""\מ, רחוב",IL,גודיז סנדוויץ,,0.00,,false,1,29.90,0.00,true,1,17373
7290116532462,false,גלידת שמנת קליק בטעמי שוקולד בננה 384 ג' שטראוס,"גלידת שטראוס בע""\מ, רחוב",IL,פיינט קליק ש.בננה,,0.00,,false,1,24.90,0.00,true,1,17374
7290116532479,false,קליק גלידת שמנת בטעמי שוקולד לבן עוגיות 384 ג' שטראוס,"גלידת שטראוס בע""\מ, רחוב",IL,פיינט קליק ש.לבן,,0.00,,false,1,24.90,0.00,true,1,17375
7290116532486,false,גלידת שמנת קליק בטעמי וניל קרמל מלוח 384 ג' שטראוס,"גלידת שטראוס בע""\מ, רחוב",IL,פיינט קליק וניל קרמל,,0.00,,false,1,24.90,0.00,true,1,17376
7290116910314,false,מיני פופ סוכריה על מקל(5 יח) 40 גר - מפרץ ההרפתקאות,Unknown,CN,מיני פופ סוכריה מפרץ,,0.00,,false,1,14.90,0.00,true,1,17377
7290116910895,false,מיני פופ סוכריה על מקל 5 יח' 40 גר' סמי הכבאי,Unknown,CN,מיני פופ סוכריה סמי,,0.00,,false,1,14.90,0.00,true,1,17378
7290116910901,false,מיני פופ סוכריה על מקל 5 יח' 40 גר' ברבי,Unknown,,מיני פופ סוכריה ברבי,,0.00,,false,1,14.90,0.00,true,1,17379
7290116930015,false,GO חטיף חלבון חטיף בוטנים קריספי 20 גרם חלבון,"בלמונט קונפקציות בע""\מ.",US,חטיף חלבון GO ק.מלוח,,0.00,,false,1,14.90,0.00,true,1,17380
7290116930022,false,חטיף חלבון GO קרם עוגיות ציפוי קריספי 20 גרם,"בלמונט קונפקציות בע""\מ.",US,חטיף חלבון GO עוגיות,,0.00,,false,1,14.90,0.00,true,1,17381
7290116930176,false,חלב 2% שומן בדצ,Unknown,,חלב 2% שומן בדצ,,0.00,,false,1,6.50,0.00,false,1,17844
7290116930282,false,ארוחה בקטנה לאבנה עם קרקרים 150ג' תנובה,תנובה חלב,IL,לאבנה עם קרקרים,,0.00,,false,1,8.90,0.00,false,1,17845
7290116930442,false,יופלה שייק 230מל בננ,תנובה חלב,IL,יופלה SHAKE,,0.00,,false,1,11.90,0.00,false,1,17383
7290116930459,false,"יופלה שייק מנגו בננה אננס וקוקוס 230 מ""ל",קבוצת המזון אקטשלאר,IL,יופלה SHAKE,,0.00,,false,1,11.90,0.00,false,1,17384
7290116930466,false,"משקה SHAKE בננה מנגן פסיפלורה והל 230 מ""ל יופלה",קבוצת המזון אקטשלאר,IL,יופלה SHAKE,,0.00,,false,1,11.90,0.00,false,1,17385
7290116930480,false,"משקה SHAKE בננה קיווי תפוח 230 מ""ל יופלה",קבוצת המזון אקטשלאר,IL,יופלה SHAKE,,0.00,,false,1,11.90,0.00,false,1,17386
7290116930558,false,ויסוצקי משקה תה קר עם חלב בטעם צאי קרמל,תנובה חלב,IL,משקה תהצאי קרמל,,0.00,,false,1,10.00,0.00,false,1,17388
7290116930565,false,ויסוצקי משקה תה קר עם חלב בטעם צאי מסאלה,תנובה חלב,IL,תה קר צאי מסאלה,,0.00,,false,1,10.00,0.00,false,1,17389
7290116930572,false,משקה תה קר עם חלב טע,תנובה חלב,IL,תה קר צאי ורדים,,0.00,,false,1,10.00,0.00,false,1,17390
7290116930626,false,ארוחה בקטנה ציזיקי עם קרקרים 150ג' תנובה,תנובה חלב,IL,ציזיקי עם קרקרים,,0.00,,false,1,8.90,0.00,false,1,17846
7290116930633,false,יולו בייגלה שוק.בלונד120,תנובה בעמ,IL,YOLO BAGELS בלונד,,0.00,,false,1,6.90,0.00,false,1,17391
7290116930701,false,מעדן חלב GO מועשר בחלבון בטעם קרמל מלוח,תנובה מרכז שיתופי לש,IL,מעדן קרמל מלוח,,0.00,,false,1,5.50,0.00,false,1,17393
7290116931081,false,גביע מעדן סויה בטעם טופי קרמל 125 גרם,תנובה מרכז שיתופי לש,IL,מעדן סויה טופי קרמל,,0.00,,false,1,5.00,0.00,false,1,17847
7290117260890,false,פופקורן בציפוי בטעם קוקוס 90 גרם,אלאלסי,UA,פופקורן קוקוס 90ג,,0.00,,false,1,8.90,0.00,true,1,17394
7290117260906,false,פופקורן בציפוי בטעם פירות 90 גרם,אלאלסי,UA,פופקורן פירות 90ג,,0.00,,false,1,8.90,0.00,true,1,17395
7290117260913,false,פופקורן בציפוי בטעם שוקולד 90 גרם,אלאלסי,UA,פופקורן שוקולד 90ג,,0.00,,false,1,8.90,0.00,true,1,17396
7290117900444,false,מנצס בצנצנת-חדש,Unknown,,מנצס בצנצנת-חדש,,0.00,,false,1,16.90,0.00,true,1,17397
7290117900451,false,מנציס 160 שקדיה חדש,Unknown,,מנציס 160 שקדיה חדש,,0.00,,false,1,16.90,0.00,true,1,17398
7290117900468,false,חטיף סויה קריספי חדש,Unknown,,חטיף סויה קריספי חדש,,0.00,,false,1,16.90,0.00,true,1,17399
7290118420095,false,מקלות פילו תפוח,Unknown,,מקלות פילו תפוח,קילוגרמים,1.00,"ק""ג",true,1,55.00,0.00,false,1,17400
7290708941753,false,גבטה דאבל בשר,Unknown,,גבטה דאבל בשר,,0.00,,false,1,22.00,0.00,false,1,15178
7291044108897,false,מקציף חלב סמיקום,Unknown,,מקציף חלב סמיקום,,0.00,,false,1,159.00,0.00,false,1,15873
7291123657858,false,סיגריה DOM-ענבים,Unknown,,סיגריה DOM-ענבים,,0.00,,false,1,89.90,0.00,false,1,17851
7291123657872,false,סיגריה DOM-אבטיח,Unknown,,סיגריה DOM-אבטיח,,0.00,,false,1,89.90,0.00,false,1,17852
7291123657889,false,סיגריה DOM-אוכמיות,Unknown,,סיגריה DOM-אוכמיות,,0.00,,false,1,89.90,0.00,false,1,17853
7291123657896,false,סיגריה DOM-תות,Unknown,,סיגריה DOM-תות,,0.00,,false,1,89.90,0.00,false,1,17854
7291123657902,false,סיגריה DOM-אפרסק,Unknown,,סיגריה DOM-אפרסק,,0.00,,false,1,89.90,0.00,false,1,17855
7291123657919,false,סיגריה DOM-קולה,Unknown,,סיגריה DOM-קולה,,0.00,,false,1,89.90,0.00,false,1,17856
7291123657926,false,סיגריה DOM-תפוח,Unknown,,סיגריה DOM-תפוח,,0.00,,false,1,89.90,0.00,false,1,17857
7291123657933,false,סיגריה DOM-מנגו,Unknown,,סיגריה DOM-מנגו,,0.00,,false,1,89.90,0.00,false,1,17858
7291123657940,false,סיגריה DOM-מנטה,Unknown,,סיגריה DOM-מנטה,,0.00,,false,1,89.90,0.00,false,1,17859
7291123657957,false,סיגריה DOM-מלון,Unknown,,סיגריה DOM-מלון,,0.00,,false,1,89.90,0.00,false,1,17860
7296168004483,true,מדבקות לכל המשפחה,,,מדבקות לכל המשפחה,,0.00,,false,,19.90,0.00,true,1,15029
7296168070655,true,קיסמי שיניים עם זוית,,,קיסמי שיניים עם זוית,,20.00,100 גרם,false,,15.90,79.50,true,1,15030
7297588031516,false,שמשיה 85 צבעונית,Unknown,,שמשיה 85 צבעונית,,0.00,,false,1,29.00,0.00,false,1,15855
7297588031523,false,שמשיה ארטוס,Unknown,,שמשיה ארטוס,,0.00,,false,1,29.00,0.00,false,1,15856
7297588034074,false,שמשיה גדולה 180,Unknown,,שמשיה גדולה 180,,0.00,,false,1,29.00,0.00,false,1,15857
7298074501995,false,בליסטקס סטיק אולטרא SPF50,מדיליין פריגו,US,בליסטיקס הגנה spf50,,4.25,100 גרם,false,1,11.00,258.82,true,1,15034
7312040017683,false,"אבסולוט וודקה, 700 מ''ל",חברת אבסולוט,SE,וודקה אבסולוט 700מל,,700.00,"100 מ""ל",false,1,95.00,13.53,true,1,7926
7500162900000,false,"בירה סול בקבוק 330 מ""ל",היינקן,NL,בירה סול בקבוק 330,,330.00,"100 מ""ל",false,1,16.00,4.76,true,1,14452
7501013101348,false,"נקטר בטעם מנגו 500 מ""ל JUMEX",חומקס קומר קומרסאליזדורה,MX,גומקס מנגו 473מל,,473.00,"100 מ""ל",false,1,10.90,2.24,true,1,12973
7501013101355,false,"נקטר בטעם אפרסק 500 מ""ל JUMEX",חומקס קומר קומרסאליזדורה,MX,גומקס אפרסק 473מל,,473.00,"100 מ""ל",false,1,10.90,2.24,true,1,12974
7501013101362,false,"נקטר בטעם קוקוס ואננס 500 מ""ל JUMEX",חומקס קומר קומרסאליזדורה,MX,גומקס ק.אננס 473מל,,473.00,"100 מ""ל",false,1,10.90,2.24,true,1,12975
7501013101393,false,"נקטר בטעם אננס טבעי 500 מ""ל JUMEX",חומקס קומר קומרסאליזדורה,MX,גומקס אננס 473מל,,473.00,"100 מ""ל",false,1,10.90,2.24,true,1,12976
7501013101430,false,משקה יוניקו פרסקו חמ,חומקס קומר קומרסאליז,MX,גומקס פרסקו חמוציות,,473.00,"100 מ""ל",false,1,10.90,2.24,true,1,12977
7501013101447,false,משקה יוניקו פרסקו רי,חומקס קומר קומרסאליז,MX,גומקס פרסקו רימון,,473.00,"100 מ""ל",false,1,10.90,2.24,true,1,12978
7501013122053,false,נקטר אפרסק ג'ומקס בקרטונית 1 ליטר,חומקס קומר קומרסאליזדורה,MX,גומקס אפרסק 1ל,,1.00,1 ליטר,false,1,12.90,12.90,true,1,14454
7501013122114,false,"נקטר משקה אננס בקרטונית ג'ומקס, 1 ל'",חומקס קומר קומרסאליזדורה,MX,גומקס אננס 1ל,,1.00,1 ליטר,false,1,12.90,12.90,true,1,14455
7501013122992,false,משקה קוקוס אננס ג'ומקס בקרטונית 1 ליטר,חומקס קומר קומרסאליזדורה,MX,גומקס קוקוס אננס,,1.00,1 ליטר,false,1,12.90,12.90,true,1,14456
7501049936945,false,"שישיית בירה סול בקבוק 330 מ""ל",היינקן,NL,בירה סול 330 מל X6,,1.98,1 ליטר,false,1,49.90,24.29,true,1,14457
7501064191398,false,"שישיית בירה קורונה 355 מ""ל בקבוק",קריניציה ויטמינה אס,MX,בירה קורונה שישייה,,2.13,1 ליטר,false,1,49.90,22.58,true,1,14458
7501064196690,false,"פחית בירה קורונה 355 מ""ל",סרבסריה מידלו,MX,פחית קורונה 355,,355.00,"100 מ""ל",false,1,17.00,4.70,true,1,14459
7610113011652,false,בריזר - משקה כוהלי מוגז בטעם תפוח,בקרדי בריזר Bacardi Breezer,BE,בקרדי בריזר תפוח,,275.00,"100 מ""ל",false,1,18.90,6.76,true,1,14461
7610113013250,false,"משקה כוהלי על בסיס רום בקרדי 250 מ""ל",בקרדי מרטיני,BE,בקרדי מוחיטו פחית,,0.00,,false,1,18.90,0.00,true,1,17480
7610113015780,false,בריזר סלצזר למון לים250,"בקרדי בע""מ",BE,בריזר סלצזר ל.ליים,,0.00,,false,1,16.90,0.00,true,1,17481
7610113015797,false,בריזר סלצזר פטל ליים250מ,"בקרדי בע""מ",BE,בריזר סלצזר פ.ליים,,0.00,,false,1,16.90,0.00,true,1,17482
7610400014649,false,לינדור קוביות במילוי קרם שוקולד חלב 100 גרם,לינדט ושפרונגלי קילשברג,CH,לינדט שוקולד חלב,,0.00,,false,1,16.90,0.00,true,1,16203
7610400074155,false,לינדט לינדור קוביות במילוי קרם שוקולד 60% מוצקי קקאו 100 גרם,לינדט ושפרונגלי קילשברג,CH,לינדור בודד 60%,,0.00,,false,1,16.90,0.00,true,1,17483
7610400075770,false,לינדט לה גרנד שוקולד מריר אגוז 150 גרם,לינדט ושפרונגלי קילשברג,CH,לינדט לגרנד דארק 150,,0.00,,false,1,26.90,0.00,true,1,17484
7610400075787,false,לינדט לה גרנד שוקולד חלב אגוז 150 גרם,לינדט ושפרונגלי קילשברג,CH,לינדט לגרנד מילק,,0.00,,false,1,30.00,0.00,true,1,16481
7610400091060,false,שוקולד מריר לינדט אקסלנס בתוספת תפוז ושקדים,לינדט ושפרונגלי קילש,CH,לינדט אקסלנס אורנג,,0.00,,false,1,16.90,0.00,true,1,17485
7612400026479,true,לאקי סטרייק C&R פאקט,,,לאקי סטרייק C&R פאקט,,0.00,,false,,290.00,0.00,false,1,7319
7612800208765,true,דנהיל שחור פאקט,,,דנהיל שחור פאקט,,0.00,,false,,350.00,0.00,false,1,11249
7612800208796,true,דנהיל כחול פאקט,,,דנהיל כחול פאקט,,0.00,,false,,350.00,0.00,false,1,11251
7612800208826,true,דנהיל בלונד פאקט,,,דנהיל בלונד פאקט,,0.00,,false,,350.00,0.00,false,1,11253
7612800209694,false,סיגריות לאקי סטרייק,Unknown,,לאקי סטרייק אדום,,0.00,,false,1,31.50,0.00,false,1,12417
7612800209700,false,לאקי סטרייק אד.פאקט,Unknown,,לאקי סטרייק אד.פאקט,,0.00,,false,1,305.00,0.00,false,1,12418
7613030979647,false,דגני בוקר טריקס פירות עולם היורה 480 ג',ג'נרל מילס סאן אדריא,CL,טריקס 480 גר,,0.00,,false,1,33.00,0.00,true,1,16389
7613032045753,false,פיטנס - דגני בוקר שוקולד 375 גרם,נסטלה צרפת איטנקורט,FR,פיטנס שוקולד 375 גר,,0.00,,false,1,25.90,0.00,true,1,16206
7613035619050,false,פירולו חמשושים מפלצות 75 מל,שוורצקוף& הנקל דיסלד,ES,חמשושים מצופים חלב,,75.00,"100 מ""ל",false,1,10.90,14.53,true,1,10472
7613035809109,false,פרפקטו רוטב עגבניות ובזיליקום אסם 400 גרם,אסם פרפקטו Perfecto,ES,פרפקטו רוטב ע.בזיליק,,0.00,,false,1,11.50,0.00,false,1,16390
7613035809857,false,פרפקטו רוטב עגבניות לפסטה ולבישול אסם 400 גרם,אסם פרפקטו Perfecto,ES,פרפקטו רוטב עגבניות,,0.00,,false,1,11.50,0.00,true,1,16284
7613036576734,false,קרטיב חמשושים חדש נסטלה 60 גר,פרונרי איבריה ס.ל,ES,חמשושים בטעמים,,60.00,100 גרם,false,1,10.90,18.17,true,1,12979
7613037204797,false,סטארבקס פולי קפה בלונד אספרסו 450 גרם,נסטלה נספרסו,PT,ס.בלונד אספרסו,,450.00,100 גרם,false,1,55.00,12.22,false,1,15596
7613037204889,false,סטארבקס - פולי קפה אספרסו 450 גרם,נסטלה נספרסו,PT,ס.פ.קפה אספרסו,,450.00,100 גרם,false,1,55.00,12.22,false,1,15597
7613037686906,false,פיטנס שקדים ודבש 355 גרם מופחת סוכר,נסטלה צרפת איטנקורט,FR,פיטנס שקדים ודבש,,355.00,100 גרם,false,1,25.90,7.30,true,1,14462
7613287008497,false,סטארבקס - פולי קפה פייק פלייס 450 גרם,נסטלה נספרסו,PT,סטארבקס פייק פלייס,,450.00,100 גרם,false,1,55.00,12.22,false,1,15598
7613287302373,false,סטארבקס קפסולות איטליאן סטייל רוסט 56 גרם,נסטלה שוויץ - קפה,PT,ק.ס.איטלאן סטיל רוסט,,10.00,יחידה,false,1,21.90,2.19,true,1,15594
7613600003796,false,פאל מאל סופרסלימס כחול עשירייה,Unknown,CH,פאל מאל סופרסלימס,,0.00,,false,1,297.00,0.00,false,1,12124
7613600003819,false,פאלמאל סופר סלמס ויולט פ,Unknown,CH,פאל מאל סופר סלים,,0.00,,false,1,297.00,0.00,false,1,13658
7617900102050,true,לאקי סטרייק כחול,,,לאקי סטרייק כחול,,0.00,,false,,290.00,0.00,false,1,6741
7622010001858,false,עוגיות אוראו ממולאות קרם וניל 176 גרם.,פי אר ג'\יי אס אי מנדלז,UA,אוראו עוגיות 176 גר,,176.00,100 גרם,false,1,12.90,7.33,true,1,10440
7622201120931,false,מילקה שוקולד אוראו לבן 100 גרם,מונדלז אוקראינה,HU,מילקה ל.אוריאו 100ג,,0.00,,false,1,7.90,0.00,true,1,17486
7622201127398,false,מילקה אוראו מיניס אורגינל 153 גרם,פי.אר.ג'יי.אס.סי מונ,UA,מילקה אוראו מיניס,,153.00,100 גרם,false,1,16.90,11.05,true,1,15062
7622201401900,false,עוגיות סנסיישן אוראו מילקה 156 גרם,מונדלז פולסקה פרודקש,PL,עוגיות מילקה,,156.00,100 גרם,false,1,14.00,8.97,true,1,14921
7622201801809,false,מילקה שוקולד חלב עם אגוזים 100 גרם חדש,מנדלז דויצ'\לנד סנקס פרו,DE,מילקה שוקולד אגוז100,,100.00,100 גרם,false,1,7.90,7.90,true,1,15506
7622201802363,false,מילקה טבלת שוקולד חלב וצימוקים ואגוזים 100ג',מנדלז דויצ'\לנד סנקס פרו,DE,מילקה צימוק אגוז100,,100.00,100 גרם,false,1,7.90,7.90,true,1,15508
7622201802394,false,שוקולד מילקה חלב מסרונים 100 גרם,מנדלז דויצ'\לנד סנקס פרו,DE,מילקה שוקולד חלב100,,100.00,100 גרם,false,1,7.90,7.90,true,1,15507
7622201809188,false,מילקה ביסקוויט 150 גרם חדש,מונדלז פרנס ביסקוויט פרו,FR,ביסקויט מצופה שוקולד,,0.00,,false,1,14.00,0.00,true,1,16490
7622201813390,false,עוגיות מילקה וואפל במילוי קרם קקאו 150 ג,מונדליז סי.אר. ביסקוויט,CZ,וופל במילוי קרם קקאו,,150.00,100 גרם,false,1,14.90,9.93,true,1,15228
7622201819552,false,מילקה דארק שוקולד 85 גרם חדש,מונדלז דויטשלנד סנאק,DE,מילקה דרק 85 ג,,0.00,,false,1,8.90,0.00,true,1,17487
7622210078131,false,שוקולד חלב עם שבבי קרמל מילקה דיים 100 גרם,מנדלז דויצ'\לנד סנקס פרו,DE,מילקה דיים 10גר,,100.00,100 גרם,false,1,7.90,7.90,true,1,12419
7622210163899,false,שוקולד חלב במילוי סוכריות עדשים,מונדלז דויצ'לנד סנקס,DE,מילקה עדשים 100גר,,100.00,100 גרם,false,1,7.90,7.90,true,1,12420
7622210453327,false,עוגיות שוקוצ'יפס במילוי שוקולד סנסיישן,מנדלז פולסקה פרודקשן,PL,מילקה סנסיישן 156ג,,156.00,100 גרם,false,1,14.90,9.55,true,1,12421
7622210597915,false,פרלינים לבבות שוקולד חלב ממולא קרם נוגט,מונדלז בולגריה פרודק,BG,מילקה לבבות,,0.00,,false,1,14.90,0.00,true,1,16453
7622210637994,false,מיני עוגיות אוראו קראנצ'י בייטס אורגינל,מונדלז אספניה ג'לאטס,ES,אוראו ביס קראנצי,,110.00,100 גרם,false,1,12.00,10.91,true,1,14922
7622210638021,false,מיני עוגיות אוראו קראנצ'י בייטס מצופים,מונדלז אספניה ג'לאטס,ES,אורו קראנצי בייטס,,110.00,100 גרם,false,1,12.00,10.91,true,1,14923
7622210645999,false,מילקה דארק שוקולד שקדים 85 גרם,מונדלייז,DE,מילקה דארק שקדים 85,,85.00,100 גרם,false,1,8.90,10.47,true,1,14463
7622210646033,false,שוקולד מילקה דארק 85 גרם,מונדלייז,DE,מילקה דרק 85 גרם,,85.00,100 גרם,false,1,8.90,10.47,true,1,14464
7622210826053,false,שוקולד מילקה אוראו סנדוויץ 92 גר',גיאורי קאקסז קייאףטי,HU,מילקה אוראו סנדביץ,,92.00,100 גרם,false,1,7.90,8.59,true,1,14924
7622210829085,false,עוגיות אוראו וניל דקים 96 גרם,פי אר ג'יי אס אי מנד,UA,אוראו דקים וניל,,96.00,100 גרם,false,1,8.90,9.27,true,1,14466
7622210829108,false,עוגיות אוראו שוקו דקים 96 גרם,פי אר ג'יי אס סי מונ,UA,אוראו דקים שוקו,,96.00,100 גרם,false,1,8.90,9.27,false,1,14467
7622210835338,false,אוראו עוגיות ממולאות טעם בראוניז 176 גרם,מנדלז אספנה גאלטס פר,ES,אוראו בראוניז 176ג,,176.00,100 גרם,false,1,12.90,7.33,true,1,12981
7622300270469,false,ביסקוויט מילקה 150 גרם,מונדלייז,FR,מילקה ביסקויט מ.שוקו,,150.00,100 גרם,false,1,14.00,9.33,true,1,14468
7622300441715,false,מילקה - עוגיות שוקומינס 150 גרם,מוביל בעל מוניטין,CZ,עוגי.מילקה שוקו מיני,,0.00,,false,1,14.90,0.00,true,1,13282
7622300489427,false,עוגיות אוראו בציפוי בטעם שוקולד לבן 246 גרם,מנדלז אספנה גאלטס פר,ES,אוראו בטעם שוקולדחדש,,146.00,100 גרם,false,1,19.00,13.01,true,1,12424
7622300495046,false,מילקה שוקולד חלב עם אקסטרה קקאו 100 גרם,מנדלז דויצ'\לנד סנקס פרו,DE,מילקה א.קקאו 30%,,0.00,,false,1,7.90,0.00,true,1,16454
7622300503079,false,עוגיות ביסקוויט מצופה שוקולד חלב מילקה 200 גרם,מונדלז פולסקה פרודקש,PL,מילקה מו ביסקוויט200,,200.00,100 גרם,false,1,14.00,7.00,true,1,12095
7622300617820,false,מילקה שוקולד חלב במילוי קרם חלב ווניל ושבבי עוגיות אוראו 100 גרם,מנדלז דויצ'\לנד סנקס פרו,DE,מילקה אוראו 100גר,,100.00,100 גרם,false,1,7.90,7.90,true,1,12425
7622300772314,false,"עוגיות אוראו במילוי קרם וניל 66 גר' בד""צ",מונדלייז,CZ,אוראו 66 גר - חדש,,66.00,100 גרם,false,1,4.50,6.82,true,1,7324
7630477891592,false,סטארבקס קפסולות קפה האוס בלנד 10 יחידות,נסטלה שוויץ - קפה,CH,ק. סטארבקס האוס,,10.00,יחידה,false,1,21.90,2.19,true,1,15167
7630477891639,false,סטארבקס קפסולות קפה ורונה 10 יחידות,נסטלה שוויץ - קפה,CH,ק. סטארבקס ורונה,,10.00,יחידה,false,1,21.90,2.19,true,1,15168
7630477891677,false,סטארבקס קפסולות קפה פייק פלייס 10 יחידות,נסטלה שוויץ - קפה,CH,ק. סטארבקס פייק פ,,10.00,יחידה,false,1,21.90,2.19,true,1,15169
7630477891691,false,סטארבקס קפסולות קפה קולמביה 10 יחידות,נסטלה שוויץ - קפה,CH,ק. סטארבקס קולומביה,,10.00,יחידה,false,1,21.90,2.19,true,1,15170
7630477891714,false,סטארבקס קפסולות קפה אספרסו 10 יחידות,נסטלה שוויץ - קפה,CH,ק. סטארבקס אספרסו,,10.00,יחידה,false,1,21.90,2.19,true,1,15171
7630477891738,false,סטארבקס קפסולות קפה אספרסו בלונד 10 יחיד,נסטלה שוויץ - קפה,CH,ק. סטארבקס א.בלונד,,10.00,יחידה,false,1,21.90,2.19,true,1,15172
7640175742614,false,"בומביי ספייר 200 מ""ל",הממלכה המאוחדת,בוטן,גין בומביי 200,,0.00,,false,1,41.90,0.00,false,1,17488
7640175743451,false,משקה כוהלי על בסיס גין בומביי ספייר 250מ,בומביי ספיריטס,BE,פ.גין בומביי&טוניק,,0.00,,false,1,18.00,0.00,true,1,17489
7702018366286,true,ס.סימפלי ונוס אישה,,,ס.סימפלי ונוס אישה,,3.00,יחידה,false,,24.90,8.30,true,1,15035
7702018462032,false,סכיני גילוח גילט מאך 3 רביעייה,פרוקטור אנד גמבל,DE,גילט מאך,,4.00,יחידה,false,1,35.00,8.75,true,1,15358
7702018471423,false,גילט פיוזן סטארט סכיני גילוח 4יח,פרןקטר אנד גמבל ברלי,PL,גילט פיוזן רביעיות,,4.00,יחידה,false,1,50.00,12.50,true,1,15359
7702018978106,false,"ג'ילט - דאודורנט ג'ל לגבר ארטיק אייס 70 מ""ל",פרוקטר אנד גמבל,PL,גילט דאודורנט AL,,70.00,"100 מ""ל",false,1,27.00,38.57,true,1,13620
7702018980857,false,גילט סירייס גל גילוח לעור רגיש 75 מל,פרוקטר & גמבל,RO,גילט גילוח סירייס75,,75.00,"100 מ""ל",false,1,10.00,13.33,true,1,11924
7751553004375,false,תערובת קינואה,Unknown,,תערובת קינואה,,0.00,,false,1,9.90,0.00,true,1,17491
7792860006218,false,סוכריות לקקנים בייבי דול Baby Doll לריטר,גוד פוד פרודקטס S.p,AR,בייבי דול לקקן 24גר,,24.00,100 גרם,false,1,3.30,13.75,true,1,1016
7840392000362,false,"פחם פרימיום 2 ק""ג",BRICAPER,,פחם 2 קג פרימיום,,0.00,,false,1,21.90,0.00,false,1,17495
7861500002740,false,בירה לף בראון בקבוק,מנדלז סי.אר. פרודקשן,BE,לף בראון בק 330 מל,,0.00,,false,1,14.00,0.00,true,1,17497
7861500002818,false,"שישייה בירה לף בראון בקבוק 330X6 מ""ל",Unknown,,לף בראון בק 330 מל,,0.00,,false,1,59.90,0.00,true,1,17499
7891024030974,false,"קולגייט משחת שיניים טריפל אקשן 75 מ""ל",הנסיך- מפעל לייצור ט,BR,קולגייט טריפל אקשן,,0.00,,false,1,7.90,0.00,true,1,16324
8000070003545,false,ק. זהב אורו,Unknown,,ק. זהב אורו,,0.00,,false,1,29.90,0.00,true,1,17506
8000070003774,true,ק.בורדו אינטסינמנטה2,,,ק.בורדו אינטסינמנטה2,,0.00,,false,,35.00,0.00,true,1,11926
8000070003880,true,ק.סגול דולצמנטה2,,,ק.סגול דולצמנטה2,,0.00,,false,,35.00,0.00,true,1,11930
8000070003958,true,קפסולות שחור טיירה2,,,קפסולות שחור טיירה2,,0.00,,false,,35.00,0.00,true,1,11933
8000070003972,true,קפסולות לילך סוואב2,,,קפסולות לילך סוואב2,,0.00,,false,,35.00,0.00,true,1,11934
8000070010215,false,קפסולות ת.נספרסו דלי,Unknown,,קפסולות ת.נספרסו דלי,,10.00,יחידה,false,1,15.90,1.59,true,1,15173
8000070029637,false,פולי לוואצה פיו,Unknown,,פולי לוואצה פיו,,0.00,,false,1,89.00,0.00,false,1,17507
8000070043381,false,פ.לוואצה פיאנו גוסטו,Unknown,,פ.לוואצה פיאנו גוסטו,,0.00,,false,1,69.00,0.00,false,1,17508
8000070063396,false,ק. סגולה דיוינו 2,Unknown,,ק. סגולה דיוינו 2,,0.00,,false,1,29.90,0.00,true,1,17878
8000070081024,false,נ. לוואצה הרמוניקו 8,Unknown,,נ. לוואצה הרמוניקו 8,,10.00,יחידה,false,1,15.90,1.59,true,1,15174
8000070081031,false,נספרסו לוואצה דיצו10,Unknown,,נספרסו לוואצה דיצו10,,10.00,יחידה,false,1,15.90,1.59,true,1,15175
8000070081093,false,לוואצה ת.נספרסו נטול,Unknown,,לוואצה ת.נספרסו נטול,,10.00,יחידה,false,1,15.90,1.59,true,1,15176
8000070081154,false,קפסולות קפה אספרסו לג'רו 4 10 יחידות,לאוג'\י לוואצה אס.פי.אי,IT,לוואצה ת.נספרסו לגרו,,10.00,יחידה,false,1,15.90,1.59,true,1,15177
8000070086005,false,ק. אדום אפסיונמנטה 3,Unknown,,ק. אדום אפסיונמנטה 3,,120.00,100 גרם,false,1,29.90,24.92,true,1,12992
8000070086012,false,ק. כתום דליזיומנטה 3,Unknown,,ק. כתום דליזיומנטה 3,,120.00,100 גרם,false,1,29.90,24.92,true,1,12993
8000070086029,false,ק.בורדו אינטסינמנטה3,Unknown,,ק.בורדו אינטסינמנטה3,,120.00,100 גרם,false,1,29.90,24.92,true,1,12994
8000070086036,false,קפסולות קרמה נטול3,Unknown,,קפסולות קרמה נטול3,,120.00,100 גרם,false,1,29.90,24.92,true,1,12995
8000070086494,false,ק.סגול דולצמנטה 3,Unknown,,ק.סגול דולצמנטה 3,,120.00,100 גרם,false,1,29.90,24.92,true,1,13443
8000070087200,false,קפסולות לילך סוואב 3,Unknown,,קפסולות לילך סוואב 3,,120.00,100 גרם,false,1,29.90,24.92,true,1,7895
8000070088177,false,ק. סגולה דיוינו,Unknown,,ק. סגולה דיוינו,,0.00,,false,1,29.90,0.00,true,1,17509
8000300367836,false,גלידה קראנץ פופס 60,תאי פרזידנט פוד פאבל,IT,קראנץ פופס,,82.00,100 גרם,false,1,11.00,13.41,true,1,11935
8000380003723,false,וופל אגוזים בציפוי שוקולד לואקר 100 גרם,קריניציה ויטמינה אס,IT,לואקר פטיסרי אגוז,,100.00,100 גרם,false,1,15.90,15.90,true,1,8829
8000380003761,false,וופל גרנד פטיסרי שוקולד וקוקוס לואקר 100 גרם,קריניציה ויטמינה אס,IT,לואקר פטיסרי קוקוס,,100.00,100 גרם,false,1,15.90,15.90,true,1,8830
8000380004676,false,קוביות וופל סנדוויץ Sandwich עם וניל וחלב,"א. לואקר, קונפקט ג'י",AT,וופל לואקר,,200.00,100 גרם,false,1,16.90,8.45,true,1,6103
8000380004911,false,קוביות וופל קואדרטיני Quadratini קרם אגוזים,קריניציה ויטמינה אס,AT,קואדרטיני אגוז 250 ג,,250.00,100 גרם,false,1,19.50,7.80,true,1,176
8000380004966,false,וופל קוארדטיני לואקר קוביות שוקולד 250ג',קריניציה ויטמינה אס,AT,קואדרטיני קקאו 250 ג,,250.00,100 גרם,false,1,19.50,7.80,true,1,429
8000380005918,false,וופל קוביות קואדרטיני אגוזים לואקר 125 גרם,ליימן מותגים,AT,לואקר קואדרטיני אגוז,,125.00,100 גרם,false,1,10.00,8.00,true,1,7419
8000380005963,false,וופל קוארדטיני שוקולד לואקר 125 גרם,מותגים,AT,לואקר קואדרטיני,,125.00,100 גרם,false,1,10.00,8.00,true,1,7420
8000380007219,false,וופלים בטעם אגוזים לואקר 175 גרם,ליימן מותגים,AT,לואקר אגוז 175 גרם,,175.00,100 גרם,false,1,15.90,9.09,true,1,7097
8000380007257,false,וופל גרדנה אגוזים לואקר 200 גרם,קריניציה ויטמינה אס,IT,גרדנה וופל 200 גר,,200.00,100 גרם,false,1,16.90,8.45,true,1,5898
8000380007264,false,וופלים בטעם קקאו לואקר 175 גרם,קריניציה ויטמינה אס,AT,לואקר קקאו 175 גרם,,175.00,100 גרם,false,1,15.90,9.09,true,1,7098
8000380106028,false,טורטינה לואקר וופל שוקולד ואגוזים שישיה 125ג',קריניציה ויטמינה אס,IT,טורטינה שוקולד חלב,,125.00,100 גרם,false,1,22.00,17.60,true,1,13180
8000380142484,false,קוביות וופל קואדרטיני Quadratini בטעם שוקולד מריר,"אינסטנטה בע""מ",AT,קואדרטיני ש.מריר 250,,250.00,100 גרם,false,1,19.50,7.80,true,1,4253
8000380144044,false,גרדנה וופל מצופה שוקולד חלב לואקר 200 גרם,"א. לואקר , AG/SpA, ו",IT,וופל גרדנה שוקולד,,200.00,100 גרם,false,1,16.90,8.45,true,1,9959
8000380153442,false,וופל קלאסיק בטעם אגוזים לואקר 90 גרם,ליימן שליסל,IT,ופל לואקר קרם אגוזים,,90.00,100 גרם,false,1,9.50,10.56,true,1,12441
8000380153466,false,וופל לואקר שוקולד 90,קריניציה ויטמינה אס,IT,וופל לואקר שוקולד,,90.00,100 גרם,false,1,9.50,10.56,true,1,12442
8000380153534,false,מארז וופל שוקולד טורטינה Tortina שוקולד לבן,א. לואקר אס. פי. אי-אי.,IT,טורטינה ש.לבן שישייה,,0.00,,false,1,22.00,0.00,true,1,17510
8000380156573,false,לואקר בונבוניירה ורד הדולמיטים 150 גרם,קריניציה ויטמינה אס,IT,בונבוניירת דולומיטים,,0.00,,false,1,24.90,0.00,true,1,9940
8000380157440,false,שוקולד חלב במילוי קרם אגוזי לוז לואקר 87 גרם,"אינסטנטה בע""מ",IT,לואקר שוקולד אגוז,,85.00,100 גרם,false,1,11.00,12.94,true,1,12443
8000380180721,false,לואקר וופל קקאו במילוי קרם חלבי 175 גר,קריניציה ויטמינה אס,AT,לואקר שוקו חלב,,175.00,100 גרם,false,1,15.90,9.09,true,1,10441
8000380180745,false,וופל קוביות קקאו במילוי קרם חלב לואקר 250 גרם,"א. לואקר, קונפקט ג'י",AT,קואדרטיני שוקו חלב,,250.00,100 גרם,false,1,19.50,7.80,true,1,10442
8000380180783,false,וופל קואדרטיני קקאו וחלב לואקר 125 גרם,ליימן מותגים,IT,קואדרטיני שוקולד חלב,,125.00,100 גרם,false,1,10.00,8.00,true,1,12444
8000380180837,false,וופל גרנד פטיסרי קוקוס לבן מצופה שוקולד לבן לואקר 100 גרם,"אינסטנטה בע""מ",IT,לואקר פטיסרי קוקוס,,0.00,,false,1,15.90,0.00,true,1,16325
8000380184323,false,שוקולד לואקר מריר87ג,Unknown,,שוקולד לואקר מריר87ג,,87.00,100 גרם,false,1,11.00,12.64,true,1,12446
8000380187119,false,עוגיות במילוי קרם אגוזי לוז לואקר 100 גר,לואקר Loacker,AT,עוגיות לואקר פטיסרי,,100.00,100 גרם,false,1,15.90,15.90,true,1,14926
8000380187249,false,עוגיות עם מילוי קרם שקדים ושוקולד חלב,לואקר Loacker,AT,עוגיות לואקר פטיסרי,,100.00,100 גרם,false,1,15.90,15.90,true,1,14927
8000380205400,false,וופלים קואדרטיני חמאת בוטנים לואקר 250 גרם,ליימן מותגים,AT,קואדרטיני ח.בוטנים,,0.00,,false,1,19.50,0.00,true,1,17511
8000380205523,false,וופלים בטעם חמאת בוטנים לואקר 175 גרם,ליימן מותגים,AT,לואקר ח.בוטנים 175ג,,0.00,,false,1,15.90,0.00,true,1,17512
8000380206896,false,וופל גרדנה חמאת בוטנים לואקר 200 גרם,ליימן מותגים,IT,גרדנה ח.בוטנים 200ג,,0.00,,false,1,16.90,0.00,true,1,17513
8000380207183,false,שוקולד לואקר טורטינה חמאת בוטנים 126 גר,ליימן מותגים,IT,טורטינה ח.בוטנים,,0.00,,false,1,23.90,0.00,true,1,17514
8000500018828,false,שלישיית קינדר שוקולד חצי מטר 100 גרם,קינדר Kinder,IT,שוקולד קינדר אצבעות,,0.00,,false,1,26.90,0.00,true,1,17515
8000500023976,false,בונבוניירת רפאלו פררו 150 גרם,פררו - אלבה,PL,רפאלו בונבוניירה,,150.00,100 גרם,false,1,24.90,16.60,true,1,5031
8000500037874,false,בונבונרייה פררו רושר 200 גרם,פררו - אלבה,IT,רושה בונבוניירה 200,,200.00,100 גרם,false,1,30.00,15.00,true,1,313
8000500160466,false,פררו רושר קובייה 75 גרם,גוד פוד פרודקטס S.p,IT,פררו רושה 70 גרם,,0.00,,false,1,17.90,0.00,false,1,17879
8000500164242,false,בונבוניירה רפאלו 70 גר,קדבורי,PL,רפאלו 70 גרם,,0.00,,false,1,17.90,0.00,true,1,17880
8000500170359,false,ביצת הפתעה קינדר מקס,פררו,,ביצת הפתעה מקסי בנות,,0.00,,false,1,27.90,0.00,true,1,17516
8000500172810,false,סוכריות בטעם תות שדה מנטה- מארז רביעייה,פררו - אלבה,EC,טיק טק תות מנטה*4,,0.00,,false,1,11.90,0.00,true,1,17517
8000500214114,false,קינדר בואנו מריר וופל 43 ג',פררו - אלבה,PL,קינדר בואנו מריר,,43.00,100 גרם,false,1,7.90,18.37,true,1,11258
8000500217740,false,קינדר בואנו מיני 86 גרם,פררו,PL,מ.קינדר בואנו מיני,,86.00,100 גרם,false,1,13.50,15.70,true,1,14483
8000500224281,false,וופל במילוי ממרח נוטלה 22 גר,פררו,IT,נוטלה בי רדי 22ג,,22.60,100 גרם,false,1,3.90,17.26,true,1,14928
8000500247150,false,פררו רושה קולקשיין קוקוס מילוי קרם ושקד שלם 172ג',פררו,DE,פררו קולקשיו 172 גר,,172.00,100 גרם,false,1,30.00,17.44,true,1,12448
8000500248331,false,פררו קולקשיין 172גר,Unknown,,פררו קולקשיין 172גר,,0.00,,false,1,24.90,0.00,true,1,17881
8000500267035,false,עוגת קינדר אישית 39ג',Unknown,,קינדר דליס בודד,,42.00,100 גרם,false,1,4.00,9.52,true,1,13018
8000500267103,false,קינדר דליס עוגת ספוג קקאו במילוי חלבי*10,קינדר Kinder,IT,קינדר דליס *10,,390.00,100 גרם,false,1,25.00,6.41,true,1,13019
8000500353738,false,רביעיה סוכריות בטעם מנטה חזק 4 * 16 ג' טחק טק,פררו,ZA,טיק טק מנטה חזק*4,,0.00,,false,1,11.90,0.00,true,1,17518
8000500374429,false,גרנד פררו רושה מעטפת שוקולד חלב עם אגוזי לוז,פררו Ferrero,PL,כדור פררו חלב כשלפ,,0.00,,false,1,19.90,0.00,true,1,17519
8000500374542,false,שוקולד מריר מעולה אגוזי לוז פררו רושה125,רושר,PL,כדור פררו מריר כשלפ,,0.00,,false,1,19.90,0.00,true,1,17520
8000920704967,false,"בן אנד ג'ריס צ'אנקי מנקי 150 מ""ל",מוצרי איכות אמריקאיים,IL,בן&גריס שורטי צנאק,,114.00,100 גרם,false,1,11.80,10.35,true,1,2368
8000920704974,false,"בן אנד ג'ריס שוקולד בראוניס 150 מ""ל",מוצרי איכות אמריקאיי,IL,בן&גריס שורטי שוקול,,108.00,100 גרם,false,1,11.80,10.93,true,1,2366
8000920704998,false,"שורטי בצק עוגיות 150 מ""ל",מוצרי איכות אמריקאיים בע,IL,בן&גריס שורטי עוגיו,,111.00,100 גרם,false,1,11.80,10.63,true,1,2367
8001003202028,false,סוכריות ג'לי בטעם מנטה יוגטה 80 גרם,יוגטה,IT,יוגטה גלי טעם מנטה,,0.00,,false,1,6.90,0.00,true,1,17521
8001003202035,false,סוכריות ג'לי בטעם פירות יוגטה 80 גרם,יוגטה,IT,יוגטה גלי טעם פירות,,0.00,,false,1,6.90,0.00,true,1,17522
8001160001786,false,"משקה אנרגיה גטורייד ספורט כחול 500מ""ל",אקווה מינרלה סאן בנדטו,IT,גטורייד קול בלו,,500.00,"100 מ""ל",false,1,10.90,2.12,true,1,8963
8001160001892,false,"משקה אנרגיה גטורייד ספורט תפוז אדום 500מ""ל",אקווה מינרלה סאן בנדטו,IT,גטורייד פקק תפוז,,500.00,"100 מ""ל",false,1,10.90,2.12,true,1,8964
8001620015612,false,"משקה פירוט בטעם גזר תפוז לימן 400 מ""ל פרוטה",אקווה מינרלה סאן בנדטו ב,IT,סן בנדטו תפוז גזר400,,400.00,"100 מ""ל",false,1,12.90,3.15,true,1,15608
8001620015629,false,"משקה פירות בטעם תפוז ותפוז אדום 400 מ""ל פרוטה",אקווה מינרלה סאן בנדטו ב,IT,ס.בנדטו ת.אדום 400,,0.00,,false,1,12.90,0.00,true,1,17523
8001620015636,false,"משקה פרוטה מיקס פירות 400 מ""ל",אקווה מינרלה סאן בנדטו ב,IT,סן בנדטו מ.פירות,,400.00,"100 מ""ל",false,1,12.90,3.15,true,1,15609
8001620018408,false,"משקה פירות בטעם מנגו תפוח 400 מ""ל פרוטה",אקווה מינרלה סאן בנדטו ב,IT,סן בנדטו מנגו תפוח,,0.00,,false,1,12.90,0.00,true,1,17524
8001620019160,false,"סן בנדטו מים מינרלים בטעם אפרסק 500 מ""ל",אקווה מינרלה סאן בנדטו ב,IT,סן בנדטו אפרסק 400מל,,0.00,,false,1,12.90,0.00,true,1,17882
8001620019177,false,"סן בנדטו מים מינרלים בטעם ענבים 500 מ""ל",אקווה מינרלה סאן בנדטו ב,IT,סן בנדטו ענבים 400מל,,0.00,,false,1,12.90,0.00,true,1,17883
8001730202964,false,קלאסיקו ת. אמודו מיו,Unknown,,קלאסיקו ת. אמודו מיו,,120.00,100 גרם,false,1,28.00,23.33,true,1,12489
8001730203008,false,סופרימו ת. אמודו מיו,Unknown,,סופרימו ת. אמודו מיו,,120.00,100 גרם,false,1,28.00,23.33,true,1,12492
8001730203022,false,דיקפינאטו ת.אמודו מי,Unknown,,דיקפינאטו ת.אמודו מי,,120.00,100 גרם,false,1,28.00,23.33,true,1,12491
8001730203060,false,סופרימו תואם נספרסו,Unknown,,סופרימו תואם נספרסו,,55.00,100 גרם,false,1,17.50,31.82,true,1,12504
8001730203121,false,דיקפנאטו תואם נספרסו,Unknown,,דיקפנאטו תואם נספרסו,,55.00,100 גרם,false,1,17.50,31.82,true,1,12503
8001730204340,false,בנפיסיאו ת.אמודו מיו,Unknown,,בנפיסיאו ת.אמודו מיו,,120.00,100 גרם,false,1,28.00,23.33,true,1,14485
8001841062624,false,פמפרס מגבונים לחים ללא בישום רביעייה,פרוקטר אנד גמבל.,DE,מגבוני פמפרס,,0.00,,false,1,18.90,0.00,false,1,17525
8001841077949,false,מארז מגבוני פמפרס בניחוח מרענן - רביעייה,פרוקטר אנד גמבל,DE,פמפרס מגבונים,,0.00,,false,1,18.90,0.00,false,1,17526
8001841625188,false,סבון כלים פלטינום לימון X3 פעולות להסרת שומנים,פרוקטר אנד גמבל,GB,פיירי פלטינום לימון,,0.00,,false,1,12.00,0.00,true,1,16551
8001841625461,false,סבון כלים פלטינום X3 פעולות להסרת שומנים,פרוקטר אנד גמבל,GB,פיירי פלטינום אורגינ,,515.00,"100 מ""ל",false,1,12.00,2.33,true,1,15947
8002230000012,false,מארז משקה קוקטייל אפ,אלכוהול (איי.בי.בי),IT,אפרול 1 ליטר,,1.00,1 ליטר,false,1,135.00,134.70,true,1,15571
8002270216800,false,סאן פלגרינו בטעם לימון 500 מ,סן פלגרינו,IT,סן פלגרינו ג.לימון,,0.00,,false,1,9.90,0.00,true,1,17527
8002270236792,false,אסנזה משקה מוגז בטעם לימון גרידת לימון- שישייה,סן פלגרינו San Pellegrino,IT,סן פלגרינו ג.לימון*6,,0.00,,false,1,29.90,0.00,true,1,17528
8002270236808,false,סאן פלגרינו בטעם תפוז אדום ופטל 500 מ,סן פלגרינו,IT,סן פלגרינו תפוז ופטל,,0.00,,false,1,9.90,0.00,true,1,17529
8002270256790,false,"שישייה סן פלגרינו אסנזה תפוז אדום 500 מ""ל",סן פלגרינו San Pellegrino,IT,סן פלגרינו ת.פטל*6,,0.00,,false,1,29.90,0.00,true,1,17530
8002270846472,false,סן פלגרינו מים מינרליים טבעיים מוגזים,סן-פלגרינו,IT,סן פלגרינו 500 מל,,500.00,"100 מ""ל",false,1,11.00,2.14,true,1,7669
8006290803514,false,מים מינרליים מוגזים,"פררלה, ס.פ.א",IT,פררלה מים מינרליים,,330.00,"100 מ""ל",false,1,9.00,2.64,true,1,11259
8032880800243,false,פיקניק הפתעה - אגוזי לוז ומקלות אפויים,"הוסטה איטליה, ס.ר.ל.",IT,פיקניק הפתעה 50 גר,,50.00,100 גרם,false,1,10.00,20.00,true,1,2081
8058776640939,false,מערכת התראה למניעת שכחת ילדים ברכב,Unknown,CN,מ.מניעת ש.ילדים ברכב,,1.00,יחידה,false,1,239.00,239.00,false,1,15784
8076809513395,false,ברילה פומודורו רוטב עגבניות קלאסי 400 גר,ברילה גי.אי.אר פרטלי ס.פ,IT,רוטב פומודורו ברילה,,400.00,100 גרם,false,1,16.90,4.22,true,1,12049
8076809513739,false,ברילה רוטב עגבניות עם בזיליקום 400 גרם,ברילה גי.אי.אר פרטלי ס.פ,IT,ברילה רוטב בזילקום,,400.00,100 גרם,false,1,16.90,4.22,true,1,12058
8410076600622,false,חטיפי גרנולה קראנצ'י עם שוקולד מריר נייצ'ר ואלי 210 גרם,ג'נרל מילס סאן אדריאן,ES,נייצר וואלי גרנולה5,,0.00,,false,1,19.00,0.00,true,1,16244
8410076800633,false,נייטשר וואלי קראנצי שבבי שוקולד בודד,ליימן שליסל,ES,נייטשר וואלי ש.מריר,,42.00,100 גרם,false,1,6.00,14.29,true,1,8366
8410202330010,false,פ.ריח אורגני לימון,Unknown,,פ.ריח אורגני לימון,,0.00,,false,1,15.00,0.00,true,1,12458
8410202330027,false,פ.ריח אורגני LD וניל,Unknown,,פ.ריח אורגני LD וניל,,0.00,,false,1,15.00,0.00,true,1,13033
8410202330034,false,פ.ריח אורגני קוקוס,Unknown,,פ.ריח אורגני קוקוס,,0.00,,false,1,15.00,0.00,true,1,12459
8410202330119,false,פ.ריח אורגני דובדבן,Unknown,,פ.ריח אורגני דובדבן,,0.00,,false,1,15.00,0.00,true,1,12460
8410202330126,false,פ.ריח אורגני רכב חדש,Unknown,,פ.ריח אורגני רכב חדש,,0.00,,false,1,15.00,0.00,true,1,12461
8410202330140,false,פ.ריח אורגני עשןנמוג,Unknown,,פ.ריח אורגני עשןנמוג,,0.00,,false,1,15.00,0.00,true,1,12462
8410202330263,false,פ.ריח אורגני מסטיק,Unknown,,פ.ריח אורגני מסטיק,,0.00,,false,1,15.00,0.00,true,1,12463
8410202330317,false,פ.ריח אורגני CANDY,Unknown,,פ.ריח אורגני CANDY,,0.00,,false,1,15.00,0.00,true,1,13034
8410202330454,false,פ.ריח אורגני קולבלאק,Unknown,,פ.ריח אורגני קולבלאק,,0.00,,false,1,15.00,0.00,true,1,12464
8410793282934,false,בירה אסטרייה דאם בקב,"סי סי דאם, אס.אל, בר",ES,בירה אסטריה 330 מל,,0.00,,false,1,19.90,0.00,true,1,16531
8414775011680,false,נ.כסוף גדול +פילטר,Unknown,,נ.כסוף גדול +פילטר,,0.00,,false,1,9.00,0.00,false,1,14496
8414775012298,false,נייר smk בינוני+פילט,Unknown,,נייר smk בינוני+פילט,,0.00,,false,1,8.00,0.00,false,1,14497
8414775012328,false,נייר פילטר SMK ארוך,Unknown,,נייר smk גדול+פילטר,,0.00,,false,1,9.00,0.00,false,1,14498
8414775013530,false,נייר חום בינוני+פיל,Unknown,,נייר חום בינוני+פיל,,0.00,,false,1,8.00,0.00,false,1,14499
8414775015879,false,נייר פילטר SMK קטן,Unknown,,נייר smk קטן+פילטר,,0.00,,false,1,7.00,0.00,false,1,14501
8414775019365,false,נייר חום גדול+פילטר,Unknown,,נייר חום גדול+פילטר,,0.00,,false,1,9.00,0.00,true,1,14502
8414775019860,false,נייר פיור קטן,Unknown,,נייר פיור קטן,,0.00,,false,1,4.00,0.00,false,1,14503
8414775019945,false,נייר סמוקינג קטן אדו,סמוקינג,ES,נ.ג קטן בלי פילטר.,,0.00,,false,1,4.00,0.00,false,1,14504
8414775019969,false,נייר כסוף קטן,Unknown,,נייר כסוף קטן,,0.00,,false,1,4.00,0.00,false,1,14505
8414775020026,false,פילטר 6 ממ ארוך,Unknown,,פילטר 6 ממ ארוך,,0.00,,false,1,4.00,0.00,true,1,14506
8414775020040,false,פילטר 6 ממ,Unknown,,פילטר 6 ממ,,0.00,,false,1,4.00,0.00,true,1,14507
8423207206488,false,סלים דליס חטיף דגנים מצופה שוקולד חלב מרבה 6*20 גרם,אף.סי תבליני בגליל ב,ES,מ.מרבה שוקולד חלב,,120.00,100 גרם,false,1,14.90,12.42,true,1,12466
8423207206495,false,סלים דליס חטיף דגנים מצופה שוקולד מריר מרבה 6*20 גרם,אף.סי תבליני בגליל ב,ES,מרבה שוקולד מריר חדש,,120.00,100 גרם,false,1,14.90,12.42,true,1,12467
8423207207362,false,חטיפי סלים דליס שוקולד לבן מרבה 6 יחידות,ביסנצ'ורי אס.אל.יו,ES,מרבה שוקולד לבן חדש,,0.00,,false,1,14.90,0.00,true,1,16326
8423371000202,false,משפחתי בוטנים מלוחים,Unknown,ES,בוטנים מלוחים 150ג,,150.00,100 גרם,false,1,12.90,8.60,true,1,14508
8423371002312,false,בוטנים צילי סאליסול 150 גרם,סאליסול,ES,בוטנים צילי סאליסול,,0.00,,false,1,12.90,0.00,true,1,17540
8423371002725,false,סאליסול- קוקטייל מיקס 100 גרם,גלוברנדס,ES,קוקטייל מיקס 100גר,,100.00,100 גרם,false,1,12.90,12.90,true,1,14509
8423371002749,false,סאליסול- בוטנים ושקדים מקורמלים 135 גרם,גלוברנדס,ES,בוטנים ושקדים מקורמל,,135.00,100 גרם,false,1,12.90,9.56,true,1,14510
8423371002756,false,תירס ענק ברבקיו 65 גרם,Unknown,ES,תירס ענק ברביקיו,,65.00,100 גרם,false,1,12.90,19.85,true,1,14511
8423371005085,false,סאליסול- מיקס פיקנטי 100 גרם,גלוברנדס,ES,מיקס פיקנטי 100גר,,100.00,100 גרם,false,1,12.90,12.90,true,1,14512
8423371007089,false,סאליסול- בוטנים מלוחים בדבש 150 גרם,גלוברנדס,ES,בוטנים מלוחים בדבש,,150.00,100 גרם,false,1,12.90,8.60,true,1,14513
8423371007492,false,גרעיני חמניה סאליסול 140 גרם,Unknown,ES,גרעיני חמניה סאליסול,,0.00,,false,1,12.90,0.00,true,1,17541
8423371007577,false,פיסטוקים קלויים סאליסול 50 גר,Unknown,,פיסטוקים ק.סאליסול,,0.00,,false,1,9.90,0.00,true,1,17542
8423371007584,false,אגוז קשיו קלויים סאליסול 50 גר,Unknown,,א.קשיו ק.סאליסול,,0.00,,false,1,9.90,0.00,true,1,17543
8423371007591,false,שקדים קלויים סאליסול 50 גר,Unknown,,שקדים קלויים סאליסול,,0.00,,false,1,9.90,0.00,true,1,17544
8423371007614,false,מיקס אגוזים חמוציות וצימוק סאליסול 50 גר,Unknown,ES,תערובת סאליסול,,0.00,,false,1,9.90,0.00,true,1,17890
8606018615827,false,גלידת וניל עם שברי עוגיות אוראו 480 גרם,פרונרי סרביה,RS,פיינט אוראו,,0.00,,false,1,19.00,0.00,true,1,17547
8606018615841,false,גלידה וניל עם ליבת שוקולד חלב מעולה 480 גרם,פרונרי סרביה,RS,פיינט מילקה וניל,,0.00,,false,1,19.00,0.00,true,1,17548
8606018615865,false,פיינט מילקה קרמל ליבת שוקולד 480 גרם,פרונרי סרביה,RS,פיינט מילקה קרמל,,0.00,,false,1,19.00,0.00,true,1,17549
8680976425469,false,כסא במאי,Unknown,,כסא במאי,,0.00,,false,1,59.00,0.00,false,1,13061
8683130012666,false,שלגון מגנום דאבל לבן עוגיות 72 גרם,"מיוצר ע""\י יונילוור סנאי",TR,מגנום דאבל ל.עוגיות,,0.00,,false,1,12.50,0.00,true,1,17550
8690637007705,false,מסטיגם וניל מסטיק על מקל ללא סוכר,"מיוצר ע""י יוניליוור",TR,מסטיגם וניל מסטיק,,81.00,100 גרם,false,1,8.90,10.99,true,1,13062
8690637842382,false,מגנום דאבל פרי יער שטראוס 82 גר,"מיוצר ע""\י יונילוור סנאי",TR,מגנום דאבל פרי יער,,85.00,100 גרם,false,1,12.50,14.71,true,1,12468
8690637871245,false,ממרח הלמנס מיונז אמיתי לחיץ 385ג',"בסטפוד - 3P ארה""ב Fo",TR,הלמנס מיונז 395גר,,0.00,,false,1,18.00,0.00,true,1,16483
8690637879395,false,שלגון מגנום דאבל פיסטוק 72 ג',יוניליוור סנאי ןי טי,TR,מגנום דאבל פיסטוק,,72.00,100 גרם,false,1,12.50,17.36,true,1,13063
8690637976995,false,"מרכך כביסה מרוכז אקסטרה ורוד סחלבים פראי בדין 960 מ""ל",יוניליוור סנאיי וי טיקאר,TR,בדין מרכך אקסטרה,,0.00,,false,1,18.90,0.00,true,1,16484
8690637989612,false,שלגון שמנת בטעם וניל עם ריפל בטעם שוקולד 246 גרם,יונילוור סנאיי וי טיג'\,TR,מאגדת מגנום מיני,,246.00,100 גרם,false,1,36.00,14.63,true,1,15258
8690637989629,false,מגנום דאבל דולצה גולד 63 גרם,יונילוור סנאיי וי טיג'\,TR,מגנום דולצה גולד,,63.00,100 גרם,false,1,12.50,19.84,true,1,15245
8690637997914,false,גלידת מגנום וניל שקדים בכוס אישית 76 גרם,יונילוור סנאיי וי טיג'\,TR,מגנום כ.וניל שקדים,,57.00,100 גרם,false,1,11.90,20.88,true,1,15681
8690637997921,false,גלידת שמנת וניל קלאסיק בכוס אישית 63 גרם,יונילוור סנאיי וי טיג'\,TR,מגנום בכוס וניל,,65.00,100 גרם,false,1,11.90,18.31,true,1,15682
8690766156367,false,גודייבה שוקולד חלב מעולה 90 גרם,"אולקר מקבוצת פלאדיס,",TR,שוקולד חלב 90 ג,,0.00,,false,1,17.90,0.00,true,1,17554
8690766156374,false,גודייבה שוקולד מריר מעולה 72% מוצקי קקאו 72גרם,"אולקר מקבוצת פלאדיס,",TR,ש.מריר 72% קקאו,,0.00,,false,1,17.90,0.00,true,1,17555
8690766156381,false,גודייבה שוקולד מריר 90% מוצקי קקאו 90 גרם,"אולקר מקבוצת פלאדיס,",TR,ש.מריר 90% קקאו,,0.00,,false,1,17.90,0.00,true,1,17556
8690766156398,false,"שוקולד חלב מעולה בתוספת שברי שקדים קלויים,דבש ומלח 90 גרם","אולקר מקבוצת פלאדיס, ציק",TR,ש.חלב עם שקדים,,0.00,,false,1,17.90,0.00,true,1,17557
8697530910743,false,סיגריות פאל מאל כחול קצר מטאליק,Unknown,TR,פאל מאל כחול קצר,,0.00,,false,1,30.50,0.00,false,1,2185
8697530910750,false,סיגריות פאל מאל כחול ארוך האוס,Unknown,TR,פאל מאל כחול ארוך,,0.00,,false,1,30.50,0.00,false,1,2186
8697530910767,false,פאל מאל מנטול האוס חפיסה,Unknown,TR,פאל מאל מנטול חפיסה,,0.00,,false,1,30.50,0.00,false,1,2194
8697530910781,false,סיגריות פאל מאל אדום מטאליק,גלוברנדס,TR,פאל מאל אדום חפיסה,,0.00,,false,1,30.50,0.00,false,1,2184
8697530910927,true,קנט טריטק כ.א.פקט,,,קנט טריטק כ.א.פקט,,0.00,,false,,340.00,0.00,false,1,2560
8697530910934,true,קנט טריטק סילבר.א.פ,,,קנט טריטק סילבר.א.פ,,0.00,,false,,340.00,0.00,false,1,2562
8697530910941,false,פאל מאל כחול קצר האוס עשירייה,Unknown,TR,פאל מאל כחול קצר,,0.00,,false,1,297.00,0.00,false,1,2198
8697530910958,false,פאל מאל כחול ארוך האוס עשירייה,Unknown,TR,פאקט פאל מאל כחול,,0.00,,false,1,297.00,0.00,false,1,2199
8697530910965,false,פאל מאל מנטול פאקט,Unknown,TR,פאל מאל מנטול פאקט,,0.00,,false,1,297.00,0.00,false,1,12125
8697530910989,false,פאל מאל אדום האוס עשירייה,Unknown,TR,פאקט פאל מאל אדום,,0.00,,false,1,297.00,0.00,false,1,2197
8697530911276,false,סיגריות קנט קצר חפיס,גלוברנדס,TR,קנט קצר חפיסה,,0.00,,false,1,38.50,0.00,false,1,2594
8697530911313,false,קנט קצר פקאט,Unknown,TR,קנט קצר פאקט,,0.00,,false,1,372.00,0.00,false,1,2595
8697530911320,true,קנט טריטק כחול פקט,,,קנט טריטק כחול פקט,,0.00,,false,,340.00,0.00,false,1,2553
8710103733805,false,מסנן אקווה קלין,Unknown,,מסנן אקווה קלין,,0.00,,false,1,99.00,0.00,false,1,14517
8710103818687,false,מסנן אקווה קלין-חדש,Unknown,,מסנן אקווה קלין-חדש,,0.00,,false,1,99.00,0.00,false,1,15441
8710151571343,false,סיגריות בלאק דוויל ש,אופניק,,בלק דוויל חפיסה,,0.00,,false,1,32.00,0.00,false,1,6514
8710151571350,false,בלאק דוויל שחור,Unknown,,בלאק דוויל שחור,,0.00,,false,1,310.00,0.00,false,1,17560
8710151571367,false,סיגריות בלאק דוויל א,אופניק,,בלאק דוויל אפור,,0.00,,false,1,32.00,0.00,false,1,17561
8710151571374,false,בלאק דוויל אפור,Unknown,,בלאק דוויל אפור,,0.00,,false,1,310.00,0.00,false,1,17562
8710502064814,false,עוגיות מרבה שוקולד ציפס במרקם רך 175 גר,בנקטבקריי מרבה בי.וי,NL,עוגיית מרבה 175 גר,,175.00,100 גרם,false,1,10.90,6.23,true,1,10443
8710502279010,false,מרבה עוגיות שוקולד צ'יפס מצופות שוקולד 175 גרם,"י.מרבה ישראל בע""מ",NL,ע.שוקולד ציפס מצופה,,175.00,100 גרם,false,1,10.90,6.23,true,1,15229
8711327475618,false,"גלידת מגנום וניל קלאסיק 440 מ""ל","מפעל גלידות בווספרם, רחו",HU,מגנום פיינט וניל 260,,260.00,100 גרם,false,1,24.90,9.58,true,1,15259
8711327475663,false,"מגנום פיינט וניל שוקולד לבן 440 מ""ל","מפעל גלידות בווספרם, רחו",HU,מגנום פיינט שוקו לבן,,260.00,100 גרם,false,1,24.90,9.58,true,1,15260
8711327475717,false,"מגנום פיינט וניל שקדים 440 מ""ל","מפעל גלידות בווספרם, רחו",HU,מגנום פיינט וניל שקד,,260.00,100 גרם,false,1,24.90,9.58,true,1,15261
8711500406071,false,נורה בליסטר 12V,Unknown,,נורה בליסטר 12V,,0.00,,false,1,35.00,0.00,true,1,11278
8711500474803,false,נורה בליסטר 12V H4,Unknown,,נורה בליסטר 12V H4,,0.00,,false,1,25.00,0.00,true,1,11279
8712000050146,false,"בירה היינקן 0% אלכוהול בקבוק 330 מ""ל","מבשלת היינקן, ריטבלד",NL,הייניקן 0% בקבוק 330,,330.00,"100 מ""ל",false,1,9.90,2.91,true,1,12469
8712000051099,false,"שישיית בירה היינקן 0% אלכוהל בקבוק 330 מ""ל","מבשלת היינקן, ריטבלדנברג",NL,הייניקן 0% 330 *6,,0.00,,false,1,26.90,0.00,true,1,16329
8712100859939,false,גלידת WICH בצקעוגיות,אווגה,GR,גלידת WICH בצקעוגיות,,72.00,100 גרם,false,1,12.80,17.78,true,1,11281
8714100639405,false,שלגון WICH חמאת בוטנ,אווגה,GR,גלידת WICH ח.בוטנים,,72.00,100 גרם,false,1,12.80,17.78,true,1,12470
8714599513828,false,ג'ייקובס קרוננג מיובש בהקפאה 47.5 גרם צנצנת,מאיר בייגל,RU,קפה גייקובס 47.5 ג,,47.50,100 גרם,false,1,10.00,21.05,true,1,10280
8714599513866,false,"קפה נמס מיובש בהקפאה קרונג צנצנת ג'ייקובס 200 גרם לל""ס",אל.אל.סי גייקובס דאו,RU,גייקובס קרונינג 200,,0.00,,false,1,29.90,0.00,true,1,16268
8715144000923,false,קונוס 50 יחידות,Unknown,,קונוס 50 יחידות,,0.00,,false,1,33.00,0.00,false,1,14523
8715144000930,false,קונוס 3,Unknown,,קונוס 3,,0.00,,false,1,6.00,0.00,true,1,14524
8715144000947,false,פילטר 8 ממ,Unknown,,פילטר 8 ממ,,0.00,,false,1,4.00,0.00,true,1,14525
8715144000954,false,פילטר 5.3,Unknown,,פילטר 5.3,,0.00,,false,1,4.00,0.00,true,1,14526
8715144001166,false,קונוס 3 יחידות CONES,Unknown,,קונוס 3 יח,,0.00,,false,1,6.00,0.00,true,1,14527
8715700419732,false,מתבל עגבניות היינץ 700 גרם,ה.י. היינץ,NL,קטשופ היינץ 700 גרם,,700.00,100 גרם,false,1,16.90,2.41,true,1,12090
8717163647202,false,"אקס דאודורנט ספריי גוף לגבר אנרכי 150 מ""ל",יוניליוור אנגליה,GB,אקס ספריי,,150.00,"100 מ""ל",false,1,19.90,13.27,true,1,14941
8717163647226,false,"אקס דאודורנט ספריי גוף בלאק 150 מ""ל",ארנסט. רחוב קומבינצק,GB,אקס ספריי גוף בלאק,,150.00,"100 מ""ל",false,1,19.90,13.27,true,1,13070
8717163647240,false,"אקס דאודורנט ספריי גוף לגבר שוקולד 150 מ""ל",יוניליוור גרמניה (בו,GB,אקס ספריי גוף שוקולד,,150.00,"100 מ""ל",false,1,19.90,13.27,true,1,13839
8717163647257,false,"אקס אנטיפרספירנט ספריי גוף גולד 150מ""ל",יוניליוור אנגליה,GB,א.ספרי גוף גולד-חדש,,150.00,"100 מ""ל",false,1,19.90,13.27,true,1,14528
8717163647264,false,"אקס דאודורנט ספריי גוף אייס צ'יל 150 מ""ל",ארנסט. רחוב קומבינצק,GB,אקס ספריי,,0.00,,false,1,19.90,0.00,true,1,16521
8717163647301,false,אקס דאודורנט ספריי גולד לגבר 150 מל,יוניליוור אנגליה,GB,אקס ספריי,,150.00,"100 מ""ל",false,1,19.90,13.27,true,1,14942
8717163647318,false,אקס דאודורנט ספריי אורבן לגבר 150 מל,יוניליוור אנגליה,GB,אקס ספריי,,150.00,"100 מ""ל",false,1,19.90,13.27,true,1,14943
8717677336593,false,שוקולד חלב טוניס' שוקולונלי 180 גרם,טוניס/שוקולונלי,NL,שוקולד חלב 180ג,,0.00,,false,1,19.90,0.00,true,1,17563
8717677336616,false,שוקולד מריר עם שקדים ומלח טוניס' שוקולונלי 180 גרם,טוניס/שוקולונלי,NL,ש.מריר שקדים מלח,,0.00,,false,1,19.90,0.00,true,1,17564
8717677336630,false,שוקולד חלב עם שקדים ודבש טוניס' שוקולונלי 180 גרם,טוניס/שוקולונלי,NL,שוקולד חלב שקדים דבש,,0.00,,false,1,19.90,0.00,true,1,17565
8717677336661,false,שוקולד מריר 70% טוניס' שוקולונלי 180 גרם,טוניס/שוקולונלי,NL,שוקולד מריר 70% 180ג,,0.00,,false,1,19.90,0.00,true,1,17566
8717677338436,false,שוקולד חלב עם אגוזי לוז טוניס' שוקולונלי 180 גרם,טוניס/שוקולונלי,NL,שוקולד חלב אגוזי לוז,,0.00,,false,1,19.90,0.00,true,1,17567
8718951226890,false,קולגייט טוטאל אוריגינל משחת שיניים 20 מל,שסטוביץ,PL,משחת ש. קולגייט 20 מ,,20.00,"100 מ""ל",false,1,7.00,35.00,true,1,15360
8718951273610,false,פלאקס מי פה 100 מל כחול מנטה לרעננות מוג,שסטוביץ,,פלאקס מי פה 100מל,,100.00,"100 מ""ל",false,1,8.00,8.00,true,1,15361
8719202541878,true,רובה מים 39 סמ,,,רובה מים 39 סמ,,0.00,,false,,19.90,0.00,false,1,14529
8719202545852,true,רובה מים 21 סמ,,,רובה מים 21 סמ,,0.00,,false,,14.90,0.00,false,1,14530
8719202914429,true,רובה מים 60 סמ,,,רובה מים 60 סמ,,0.00,,false,,29.90,0.00,false,1,14534
8720181043093,false,"דאו אקס ספריי גוף לגבר אפולו 150 מ""ל","יוניליוור אנגליה, דרך קו",GB,אקס ספריי גוף,,0.00,,false,1,19.90,0.00,true,1,16548
8720181045639,false,"דאב דאו ספריי א.פ טלק סופט 150 מ""ל","יוניליוור אנגליה, דרך קו",GB,דאב ס.טלק סופט,,0.00,,false,1,26.00,0.00,true,1,16549
8720181045912,false,"אקס דאודורנט ספריי גוף אפריקה 150 מ""ל","יוניליוור אנגליה, דרך קו",GB,אקס דאו ספריי,,0.00,,false,1,19.90,0.00,true,1,16520
8720181046605,false,דאב - דאודורנט ספריי לאישה אורגינל כחול 150מל,"יוניליוור אנגליה, דרך קו",TR,דאב דאודורנט ספריי,,150.00,"100 מ""ל",false,1,17.00,11.33,false,1,14944
8723400782520,false,מנטוס סוכריות לעיסה בתפזורת בטעם פירות 160 ג',פרפטי ואן מלה,NL,מנטוס פירות -בשקית,,160.00,100 גרם,false,1,14.90,9.31,true,1,12472
8723400782544,false,מנטוס סוכריות לעיסה בתפזורת בטעם מנטה 160 ג',פרפטי ואן מלה,NL,מנטוס מנטה בשקית,,160.00,100 גרם,false,1,14.90,9.31,true,1,12473
8723900935839,false,פאל מאל אדום טבק חפיסה 30 גר,Unknown,,פאל מאל אדום טבק,,0.00,,false,1,64.00,0.00,false,1,13072
8723900935860,false,פאל מאל כחול טבק חפיסה 30 גר,Unknown,NL,פאל מאל כחול טבק,,0.00,,false,1,64.00,0.00,false,1,13073
8724800004489,true,מרלבורו גולד קצר סופ,,,מרלבורו גולד קצר סופ,,0.00,,false,,320.00,0.00,false,1,638
8806090485657,true,סמארטפון סמסונג A11,,,סמארטפון סמסונג A11,,0.00,,false,,599.00,0.00,false,1,14536
8806092129412,false,ס. סמסונג A022G,Unknown,,ס. סמסונג A022G,,0.00,,false,1,599.00,0.00,false,1,15946
8806092704046,false,ס.סמסונג A03S 32G,Unknown,,ס.סמסונג A03S 32G,,0.00,,false,1,579.00,0.00,false,1,17573
8806092883215,false,סמסונג A03 CORE 32G,Unknown,,סמסונג A03 CORE 32G,,0.00,,false,1,489.00,0.00,false,1,17574
8806092885967,false,סמארטפון A03 G128,Unknown,,סמארטפון A03 G128,,0.00,,false,1,669.00,0.00,false,1,17893
8850161160851,false,"קוקו מקס 100% מי קוקוס 350 מ""ל",טויו סייקאן קו.אל.טי.די,TH,מי קוקוס קוקו מקס,,350.00,"100 מ""ל",false,1,10.90,3.03,true,1,13081
8850161167041,false,"קוקו וואי משקה קוקוס 270 מ""ל",טויו טייקאן קו.אל.טי.די,TH,חלק קוקוס קוקו וואי,,270.00,"100 מ""ל",false,1,10.90,3.93,true,1,13082
8850389103111,false,סאפי משקה אלוורה בטעם ענבים 300מל,סאפה פובליק קומפני ל,TH,סאפי אלוורה ענבים,,300.00,"100 מ""ל",false,1,11.50,3.73,true,1,1966
8850389103128,false,"משקה קל סאפה בטעם תפוח 300 מ""ל",סאפה פובליק קומפני ל,TH,סאפי אלוו.תפוח300מל,,300.00,"100 מ""ל",false,1,11.50,3.73,true,1,1965
8850389103159,false,"משקה ליצ'י עם חתיכות גלי קוקוס 320 מ""ל מוגו מוגו",סאפה פובליק קומפני לימיי,TH,מוגו מוגו ליצי,,0.00,,false,1,10.90,0.00,true,1,17575
8850389104637,false,"משקה קל סאפה אלוורה אפרסק 300 מ""ל",סאפה פובליק קומפני ל,TH,סאפי אפרסק 300 מל,,300.00,"100 מ""ל",false,1,11.50,3.73,true,1,4340
8850389105825,false,משקה אלוורה בטעם ענבים סאפה 1 ליטר,סאפה פובליק קומפני לימיט,TH,סאפי אלוורה ענבים 1ל,,1.00,1 ליטר,false,1,17.90,17.60,true,1,5174
8850389105832,false,סאפה משקה אלוורה בטעם תפוח עם קוביות אלוורה 1 ליטר,סאפה פובליק קומפני לימיט,TH,סאפי תפוח 1ל,,1.00,1 ליטר,false,1,17.90,17.60,true,1,5799
8850389105849,false,סאפה משקה אלוורה מופחת קלוריות בטעם אפרסק 1 ליטר,סאפה פובליק קומפני לימיט,TH,סאפי אפרסק 1ל,,1.00,1 ליטר,false,1,17.90,17.60,true,1,5846
8850389111352,false,"משקה מלון עם חתיכות גלי קוקוס 320 מ""ל מוגו מוגו",סאפה פובליק קומפני לימיי,TH,מוגו מוגו מלון,,0.00,,false,1,10.90,0.00,true,1,17576
8850389115312,false,"סאפה אלוורה מלון בקבוק 300 מ""ל",סאפה פובליק קומפני ל,TH,סאפי מלון 300מל,,300.00,"100 מ""ל",false,1,11.50,3.73,true,1,12474
8850632604259,false,"יוגטה, חיספוסים, ממתק חמוץ בצורת מקלות בטעם תות שדה,50 גרם",ג'נרל קנדי בעמ,TH,חספוסים 50 ג תות,,50.00,100 גרם,false,1,6.50,13.00,true,1,4903
8850632604266,false,"יוגטה, ממתק חמוץ בצורת מקלות בטעם קולה, 50 גרם",ג'נרל קנדי בעמ,TH,חספוסים 50 ג קולה,,50.00,100 גרם,false,1,6.50,13.00,true,1,4610
8850632604372,false,"יוגטה, חיספוסים בצורת שטיח בטעם תות שדה 50 גרם",ג'נרל קנדי בעמ,TH,חספוסים 50 ג ש.תות,,50.00,100 גרם,false,1,6.50,13.00,true,1,4611
8850632604402,false,יוגטה חיספוסים בטעם מעורב תות שדה אבטיח ענבים בננה 50 גרם,"ג'נרל קנדי בע""מ",TH,חספוסים 50 ג ש.מעורב,,50.00,100 גרם,false,1,6.50,13.00,true,1,6216
8850632605201,false,"יוגטה, חיספוסים, ממתק חמוץ בצורת שטיח, בטעם מעורב- תות בננה, תפוח, תפוז, 50 גרם",הדקלאים אגודת שיתופי,TR,חספוסים 50 ג שטיח,,50.00,100 גרם,false,1,6.50,13.00,true,1,6215
8850632606390,false,"יוגטה, חיספוסים, ממתק חמוץ בצורת שטיח בטעם אבטיח, 50 גרם",ג'נרל קנדי בעמ,TH,חספוסים 50 ג יוגטה,,50.00,100 גרם,false,1,6.50,13.00,true,1,14956
9002490100490,false,"רביעיית משקה אנרגיה רד בול 250X4 מ""ל",רד בול Red Bull,IL,רביעיית רד בול,,1.00,1 ליטר,false,1,39.90,38.70,true,1,1589
9044400841000,false,סוכריות פז סוגים שונים + 3 מילויים,פופז,HU,פז דמויות מותגים,,0.00,,false,1,13.90,0.00,true,1,160
9044400851672,false,סוכריות פז סוגים שונים + 3 מילויים,פז פרודקשיין יורו,HU,בובת פז מחסנית מילוי,,0.00,,false,1,13.90,0.00,true,1,17580
9310072028743,false,טים טם ביסקוויט במילוי שוקולד 200 גרם,"ארנוטס ביסקוויטס בע""",AU,טים טם אורגינל,,200.00,100 גרם,false,1,24.00,12.00,true,1,10444
9310072028750,false,טים טם Tim Tam וופל שוקולד ציפוי כפול,"ארנוטס ביסקוויטס בע""",AU,טים טם דאבל 200,,200.00,100 גרם,false,1,24.00,12.00,true,1,10445
9555002104948,true,כפפות XL 100 יח,,,כפפות XL 100 יח,,0.00,,false,,35.00,0.00,true,1,14543
9999910099941,false,אריזה ריקה שקית ניל,Unknown,,אריזה ריקה שקית ניל,,0.00,,false,1,0.00,0.00,true,1,594
9999910159734,false,פרו לוב 0.5 ל,Unknown,,פרו לוב 0.5 ל,,0.00,,false,1,81.00,0.00,true,1,852
9999920006722,false,החזרת פיקדון 30אג,Unknown,,החזרת פיקדון 30אג,,0.00,,false,1,0.30,0.00,false,1,1261
9999920011785,false,קרמבו וניל-בודד,Unknown,,קרמבו וניל-בודד,,29.00,100 גרם,false,1,3.50,12.07,true,1,1425
9999920011786,false,קרמבו מוקה-בודד,Unknown,,קרמבו מוקה-בודד,,29.00,100 גרם,false,1,3.50,12.07,true,1,1426
9999921008252,false,החזרת פיקדון 1.20שח,Unknown,,החזרת פיקדון 1.20שח,,0.00,,false,1,1.20,0.00,false,1,3922
9999921009332,false,גביניות צימוק -מכירה,Unknown,,גביניות צימוק בודד,,0.00,,false,1,3.50,0.00,true,1,13618
9999921009335,false,מאפה מתוק במשקל,Unknown,,מאפה מתוק במשקל,קילוגרמים,1.00,"ק""ג",true,1,42.00,0.00,true,1,16202
9999921010221,false,קרואסון שוקולד פרווה,Unknown,,קרואסון שוקולד פרווה,,0.00,,false,1,11.00,0.00,true,1,7848
9999921010222,false,בורקס גבינה גדול,Unknown,,בורקס גבינה גדול,,0.00,,false,1,11.00,0.00,true,1,6124
9999921010223,false,פילס פיצה גדול,Unknown,,פילס פיצה גדול,,0.00,,false,1,11.00,0.00,true,1,6125
9999921010224,false,בורקס תפוא גדול,Unknown,,בורקס תפוא גדול,,0.00,,false,1,11.00,0.00,true,1,6126
9999921010226,false,פילס גבינה גדול,Unknown,,פילס גבינה גדול,,0.00,,false,1,11.00,0.00,true,1,6128
9999921010227,false,קרואסון חמאה גדול,Unknown,,קרואסון חמאה גדול,,0.00,,false,1,11.00,0.00,true,1,8773
9999921010228,false,בונזור ע.גבינה גדול,Unknown,,בונזור ע.גבינה גדול,,0.00,,false,1,11.00,0.00,true,1,6129
9999921010270,false,ביס חמאה בודד-מכירה,Unknown,,ביס חמאה בודד-חדש,,0.00,,false,1,3.50,0.00,true,1,6132
9999921010271,false,ביס שוקולד בודד-מכיר,Unknown,,ביס שוקולד בודד-חדש,,0.00,,false,1,3.50,0.00,true,1,6133
9999921010272,false,ביס רוגעלך בודד-מכיר,Unknown,,ביס רוגעלך בודד-חדש,,0.00,,false,1,3.50,0.00,true,1,6134
9999921010273,false,בורקס גבינה ביס מכיר,Unknown,,בורקס גבינה בודד-חדש,,0.00,,false,1,3.50,0.00,true,1,6135
9999921010274,false,בורקס תפוא בודד-מכי,Unknown,,בורקס תפוא בודד-חדש,,0.00,,false,1,3.50,0.00,true,1,6136
9999921010616,false,קרואסון חמאה למכירה,Unknown,,קרואסון חמאה למכירה,,0.00,,false,1,11.00,0.00,true,1,6139
9999921010617,false,קרואסון שוקולד-מכירה,Unknown,,קרואסון שוקולד-מכירה,,0.00,,false,1,11.00,0.00,true,1,6140
9999921010618,false,קרואסון שקדים-מכירה,Unknown,,קרואסון שקדים-מכירה,,0.00,,false,1,12.00,0.00,true,1,6141
9999921013509,false,קרואסון שוקולד א.ק,Unknown,,קרואסון שוקולד א.ק,,0.00,,false,1,11.00,0.00,true,1,6641
9999921014331,false,פוקצה עשבי תיבול,Unknown,,פוקצה עשבי תיבול,,0.00,,false,1,11.00,0.00,false,1,16216
9999921014341,false,פוקצה רוטב פיצה,Unknown,,פוקצה רוטב פיצה,,0.00,,false,1,11.00,0.00,false,1,7153
9999921014342,false,פוקצה בצל ופטריות,Unknown,,פוקצה בצל ופטריות,,0.00,,false,1,11.00,0.00,false,1,16219
9999921014343,false,פוקצה עגבניות שום,Unknown,,פוקצה עגבניות שום,,0.00,,false,1,11.00,0.00,true,1,16220
9999921014347,false,פוקצה עשבי תיבול מש,Unknown,,פוקצה עשבי תיבול מש,,0.00,,false,1,17.00,0.00,false,1,16221
9999921014348,false,פוקצה רוטב פיצה משפ,Unknown,,פוקצה רוטב פיצה משפ,,0.00,,false,1,17.00,0.00,false,1,16222
9999921014349,false,פוקצה בצל ופטר מש,Unknown,,פוקצה בצל ופטר מש,,0.00,,false,1,17.00,0.00,false,1,16223
9999921014360,false,פוקצה עגבניות משפחת,Unknown,,פוקצה עגבניות משפחת,,0.00,,false,1,17.00,0.00,false,1,16224
9999921014522,false,פוקצה זעתר,Unknown,,פוקצה זעתר,,0.00,,false,1,11.00,0.00,false,1,7366
9999921015200,false,מאפים מלוחים במשקל,Unknown,,מאפים מלוחים במשקל,קילוגרמים,1.00,"ק""ג",true,1,42.00,0.00,true,1,16231
9999921016010,false,FREEZ קפה,Unknown,,FREEZ קפה,,0.00,,false,1,15.00,0.00,true,1,7805
9999921016105,false,שנק קינמון חלבי-מכר,Unknown,,שנק קינמון חלבי-מכר,,0.00,,false,1,11.00,0.00,true,1,7688
9999921019057,false,בורקס פילו במשקל,Unknown,,בורקס פילו במשקל,קילוגרמים,1.00,"ק""ג",true,1,59.90,0.00,true,1,16249
9999921019060,false,קפה קר,Unknown,,קפה קר,,0.00,,false,1,12.00,0.00,true,1,8354
9999921019477,false,בונזור מקלות חמאה,Unknown,,בונזור מקלות חמאה,,0.00,,false,1,6.00,0.00,true,1,9054
9999921019575,false,פיצה זיתים הכנה עצמי,Unknown,,פיצה זיתים הכנה עצמי,,0.00,,false,1,16.00,0.00,true,1,16258
9999921019576,false,פיצה בצל ופטריות,Unknown,,פיצה בצל ופטריות,,0.00,,false,1,16.00,0.00,true,1,16259
9999921019577,false,פיצה עגבניות בצל,Unknown,,פיצה עגבניות בצל,,0.00,,false,1,16.00,0.00,true,1,16260
9999921023151,false,מגבונים לחים 4 ב-12,Unknown,,מגבונים לחים 4 ב-12,,288.00,יחידה,false,1,12.00,0.04,false,1,10614
9999921023437,false,שנק פיצה ביס- מכירה,Unknown,,שנק פיצה ביס,,0.00,,false,1,3.50,0.00,true,1,10508
9999921023439,false,ביס נוגט בונזו-מכיר,Unknown,,ביס נוגט בונזור,,0.00,,false,1,3.50,0.00,true,1,10510
9999921023450,false,ביס חלבה בונזור,Unknown,,ביס חלבה בונזור,,0.00,,false,1,3.50,0.00,true,1,10511
9999921023451,false,בורקיטס-בודד למכירה,Unknown,,בורקיטס-בודד למכירה,,0.00,,false,1,3.50,0.00,true,1,10512
9999921023850,false,מגבונים לחים 36 ב-80,Unknown,,מגבונים לחים 36 ב-80,,2592.00,יחידה,false,1,80.00,0.03,true,1,10615
9999921024961,false,קפוצינו רגיל תחליף,Unknown,,קפוצינו רגיל תחליף,,0.00,,false,1,13.00,0.00,true,1,11296
9999921024962,false,קפוצינו רגיל תחליף,Unknown,,קפוצינו רגיל תחליף,,0.00,,false,1,13.00,0.00,true,1,11297
9999921024963,false,קפוצינו ג.רגיל תחליף,Unknown,,קפוצינו ג.רגיל תחליף,,0.00,,false,1,15.00,0.00,true,1,11298
9999921024964,false,קפוצינו ג.נטולתחליף,Unknown,,קפוצינו ג.נטולתחליף,,0.00,,false,1,15.00,0.00,true,1,11299
9999921024965,false,לאטה רגיל תחליף,Unknown,,לאטה רגיל תחליף,,0.00,,false,1,14.00,0.00,true,1,11300
9999921024966,false,לאטה גדול תחליף,Unknown,,לאטה גדול תחליף,,0.00,,false,1,16.00,0.00,true,1,11301
9999921024967,false,נס קפה רגיל תחליף,Unknown,,נס קפה רגיל תחליף,,0.00,,false,1,10.00,0.00,true,1,11302
9999921024968,false,נס קפה גדול תחליף,Unknown,,נס קפה גדול תחליף,,0.00,,false,1,12.00,0.00,true,1,11303
9999921024969,false,נס ע.חלב קטן תחליף,Unknown,,נס ע.חלב קטן תחליף,,0.00,,false,1,11.00,0.00,true,1,11304
9999921024970,false,נס ע.חלב גדול תחליף,Unknown,,נס ע.חלב גדול תחליף,,0.00,,false,1,13.00,0.00,true,1,11305
9999921024972,false,שוקו חם-תחליף,Unknown,,שוקו חם-תחליף,,0.00,,false,1,13.00,0.00,true,1,11306
9999921024973,false,לאטה נ.רגיל תחליף,Unknown,,לאטה נ.רגיל תחליף,,0.00,,false,1,14.00,0.00,true,1,11307
9999921024974,false,לאטה נ.גדול תחליף,Unknown,,לאטה נ.גדול תחליף,,0.00,,false,1,16.00,0.00,true,1,11308
9999921025462,false,עוגת גבינה א.ק-מכירה,Unknown,,עוגת גבינה א.ק-מכירה,,0.00,,false,1,11.00,0.00,true,1,11310
9999921025465,false,קרואסון שקדים א.ק-מכ,Unknown,,קרואסון שקדים א.ק-מכ,,0.00,,false,1,11.00,0.00,true,1,11313
9999921025466,false,ק.שוקולד א.ק- למכירה,Unknown,,ק.שוקולד א.ק- למכירה,,0.00,,false,1,11.00,0.00,true,1,11314
9999921027072,false,פיצה בונזור תירס,Unknown,,פיצה בונזור תירס,,0.00,,false,1,11.00,0.00,true,1,16285
9999921027073,false,פיצה בונזור זיתים,Unknown,,פיצה בונזור זיתים,,0.00,,false,1,11.00,0.00,true,1,16286
9999921027074,false,פיצה בונזור מרגריטה,Unknown,,פיצה בונזור מרגריטה,,0.00,,false,1,11.00,0.00,true,1,16287
9999921028632,false,מקלות אפויים,Unknown,,מקלות אפויים,,0.00,,false,1,4.50,0.00,false,1,16289
9999921029271,false,סמבוסק,Unknown,,סמבוסק,,0.00,,false,1,11.00,0.00,true,1,16332
9999921029329,false,בייגל שומשום,Unknown,,בייגל שומשום,,0.00,,false,1,5.50,0.00,true,1,16333
9999921029660,false,כדור שוקולד,Unknown,,כדור שוקולד,,0.00,,false,1,3.00,0.00,true,1,16334
9999921029872,false,כדוריות שום-שמיר,Unknown,,כדוריות שום-שמיר,קילוגרמים,1.00,"ק""ג",true,1,50.00,0.00,true,1,16335
9999921030427,false,פוקצה פיצה אישית,Unknown,,פוקצה פיצה אישית,,0.00,,false,1,11.00,0.00,false,1,16336
9999921033561,false,קרואסון ביס פינוקים,Unknown,,קרואסון ביס פינוקים,,0.00,,false,1,6.00,0.00,true,1,16395
9999921033563,false,מיני פוקצה ש.זיתים,Unknown,,מיני פוקצה ש.זיתים,,0.00,,false,1,7.00,0.00,true,1,16396
9999921033565,false,מיני פוקצה בצל,Unknown,,מיני פוקצה בצל,,0.00,,false,1,7.00,0.00,true,1,16397
9999921033566,false,מיני פוקצה פלפלים,Unknown,,מיני פוקצה פלפלים,,0.00,,false,1,7.00,0.00,true,1,16398
9999921033567,false,פוקצה גבינה ושום,Unknown,,פוקצה גבינה ושום,,0.00,,false,1,11.00,0.00,true,1,16399
9999921035515,false,ב.קוראסון ש.חלבי,Unknown,,ב.קוראסון ש.חלבי,,0.00,,false,1,11.00,0.00,true,1,13103
9999921035713,false,ביס שנק שחור לבן,Unknown,,ביס שנק שחור לבן,,0.00,,false,1,3.50,0.00,true,1,13105
9999921035766,false,ביס בריוש-מכירה,Unknown,,ביס בריוש-מכירה,,40.00,100 גרם,false,1,2.00,5.00,true,1,13106
9999921035768,false,מאפה שוקולטה/נוצלה,Unknown,,מאפה שוקולטה/נוצלה,קילוגרמים,1.00,"ק""ג",true,1,52.00,0.00,true,1,13107
9999921035769,false,מאפה שוקולטה,Unknown,,מאפה שוקולטה,,0.00,,false,1,3.50,0.00,true,1,13108
9999921035770,false,בונזור מאפה נוצלה,Unknown,,בונזור מאפה נוצלה,,0.00,,false,1,3.50,0.00,true,1,13109
9999921037173,false,מקלות פילו גבינה מכר,Unknown,,מקלות פילו גבינה מכר,,90.00,יחידה,false,1,11.00,0.12,true,1,14550
9999921037330,false,מ.פילו פיצה-למכירה,Unknown,,מ.פילו פיצה-למכירה,,90.00,יחידה,false,1,11.00,0.12,true,1,14551
9999921037331,false,מ.פילו תפוחעץ למכירה,Unknown,,מ.פילו תפוחעץ למכירה,,90.00,יחידה,false,1,11.00,0.12,true,1,14552
9999921037367,false,ע.קוקיס ציפס למכירה,Unknown,,ע.קוקיס ציפס למכירה,קילוגרמים,1.00,"ק""ג",true,1,55.00,0.00,true,1,14553
9999921038213,false,מסכה בודדת KN95,Unknown,,מסכה בודדת KN95,,1.00,יחידה,false,1,7.00,7.00,true,1,14557
9999921038445,false,מסכה כירורגית 1יח,Unknown,,מסכה כירורגית 1יח,,1.00,יחידה,false,1,1.00,1.00,false,1,14558
9999921038485,true,קוקה קולה 1.5 ליטר*,,,קוקה קולה 1.5 ליטר*,,0.00,,false,,11.00,0.00,true,1,14559
9999921038486,true,קוקה קולה דיאט 1.5ל*,,,קוקה קולה דיאט 1.5ל*,,0.00,,false,,11.00,0.00,true,1,14560
9999921038488,true,קוקה קולה זירו 1.5*,,,קוקה קולה זירו 1.5*,,0.00,,false,,11.00,0.00,true,1,14561
9999921039333,false,משקה סחלב ח.רגיל,Unknown,,משקה סחלב ח.רגיל,,0.00,,false,1,10.00,0.00,false,1,14969
9999921039334,false,משקה סחלב ח.סויה,Unknown,,משקה סחלב ח.סויה,,0.00,,false,1,10.00,0.00,false,1,14970
9999921039383,false,אוזני המן במשקל,Unknown,,אוזני המן במשקל,קילוגרמים,1.00,"ק""ג",true,1,60.00,0.00,true,1,14971
9999921039385,false,אוזני המן - בודד,Unknown,,אוזני המן - בודד,,0.00,,false,1,4.00,0.00,true,1,14972
9999921039810,false,מארז 100שח,Unknown,,מארז 100שח,,0.00,,false,1,100.00,0.00,false,1,15381
9999921039811,false,מארז 150 שח,Unknown,,מארז 150 שח,,0.00,,false,1,150.00,0.00,false,1,15382
9999921039812,false,מארז 200 שח,Unknown,,מארז 200 שח,,0.00,,false,1,200.00,0.00,false,1,15383
9999921039813,false,מארז 250שח,Unknown,,מארז 250שח,,0.00,,false,1,250.00,0.00,false,1,15384
9999921039900,false,מארז 300שח,Unknown,,מארז 300שח,,0.00,,false,1,300.00,0.00,false,1,15385
9999921039925,false,מוצרי פסח 5 שח,Unknown,,מוצרי פסח 5 שח,,0.00,,false,1,5.00,0.00,false,1,15386
9999921039926,true,מוצרי יום העצמאות 10,,,מוצרי יום העצמאות 10,,0.00,,false,,10.00,0.00,false,1,15387
9999921039933,false,בקלוואה בטעמים בודד,Unknown,,בקלוואה בטעמים בודד,,0.00,,false,1,3.00,0.00,false,1,15273
9999921039953,false,פלפל גמדי ליח,Unknown,,פלפל גמדי ליח,,0.00,,false,1,9.90,0.00,true,1,16049
9999921040215,false,עוגיות כשלפ 4 ב 10,Unknown,,עוגיות כשלפ 4 ב 10,,4.00,יחידה,false,1,10.00,2.50,false,1,15230
9999921040219,true,מ.יום העצמאות 15שח,,,מ.יום העצמאות 15שח,,0.00,,false,,15.00,0.00,false,1,15379
9999921040220,true,מ.יום העצמאות 20שח,,,מ.יום העצמאות 20שח,,0.00,,false,,20.00,0.00,false,1,15380
9999921040367,false,מ.להכנת ע.גבינה,Unknown,,מ.להכנת ע.גבינה,,1.00,יחידה,false,1,79.00,79.00,false,1,15729
9999921040646,false,אייס פסיפלורה,Unknown,,אייס פסיפלורה,,0.00,,false,1,14.00,0.00,true,1,15592
9999921040721,false,מאפה תפוא א.ק-מכירה,Unknown,,מאפה תפוא א.ק-מכירה,,0.00,,false,1,11.00,0.00,true,1,15699
9999921040722,false,מאפה גבינה א.ק-מכירה,Unknown,,מאפה גבינה א.ק-מכירה,,0.00,,false,1,11.00,0.00,true,1,15700
9999921040984,false,קוקיס בודד שוקו,Unknown,,קוקיס בודד שוקו,,0.00,,false,1,5.00,0.00,true,1,15695
9999921040986,false,קוקיס בודד ש.ציפס,Unknown,,קוקיס בודד ש.ציפס,,0.00,,false,1,5.00,0.00,true,1,15696
9999921040989,false,ק. בודד ש.ציפס נוגט,Unknown,,ק. בודד ש.ציפס נוגט,,0.00,,false,1,5.00,0.00,true,1,15697
9999921040991,false,קוקיס בודד עם ביגלה,Unknown,,קוקיס בודד עם ביגלה,,0.00,,false,1,5.00,0.00,true,1,15698
9999921041389,false,ב.לרכב ניו קאר 35מל,Unknown,,ב.לרכב ניו קאר 35מל,,0.00,,false,1,14.90,0.00,true,1,17585
9999921041398,false,ק.חמאה אישי א.ק.למכי,Unknown,,ק.חמאה אישי א.ק.למכי,,0.00,,false,1,11.00,0.00,true,1,17586
9999921041434,false,קרמבו למכירה בודד,Unknown,,קרמבו למכירה בודד,,0.00,,false,1,3.90,0.00,true,1,17590
9999921041564,false,החזר פקדון 1.5 ל,Unknown,,החזר פקדון 1.5 ל,,0.00,,false,1,0.00,0.00,false,1,17591
9999921042292,false,מארז 50 שח,Unknown,,מארז 50 שח,,0.00,,false,1,50.00,0.00,false,1,17596
9999921042365,false,קרואסון פינוקים משוד,Unknown,,קרואסון פינוקים משוד,,0.00,,false,1,20.00,0.00,true,1,17597
9999921042498,false,גוסי בננה מלון תמר,Unknown,,גוסי בננה מלון תמר,,0.00,,false,1,20.00,0.00,true,1,17598
9999921042504,false,גוסי אננס ומנגו,Unknown,,גוסי אננס ומנגו,,0.00,,false,1,20.00,0.00,true,1,17599
9999921042505,false,גוסי תמר ואוכמניות,Unknown,,גוסי תמר ואוכמניות,,0.00,,false,1,20.00,0.00,true,1,17600
9999921043207,false,פולי לוואצה פיו מתנה,Unknown,,פולי לוואצה פיו מתנה,,0.00,,false,1,89.00,0.00,false,1,17601
9999921043208,false,פ.לוואצה מ.פיאנו גוס,Unknown,,פ.לוואצה מ.פיאנו גוס,,0.00,,false,1,69.00,0.00,false,1,17602
9999921043401,false,מארז לחג 50 שח,Unknown,,מארז לחג 50 שח,,0.00,,false,1,50.00,0.00,false,1,17603
9999921043419,false,מארז פורים דניאל,Unknown,,מארז פורים דניאל,,0.00,,false,1,149.00,0.00,false,1,17604
9999921043425,false,לחמניה פסח בודדת,Unknown,,לחמניה פסח בודדת,,0.00,,false,1,6.00,0.00,false,1,17605
9999921043492,false,מצות 500 גרם,Unknown,,מצות 500 גרם,,0.00,,false,1,9.90,0.00,false,1,17606
9999921043493,false,מארז לחג 350 שח,Unknown,,מארז לחג 350 שח,,0.00,,false,1,350.00,0.00,false,1,17607
9999921043531,false,ת.קינואה עם עגבניות,Unknown,,ת.קינואה עם עגבניות,,0.00,,false,1,9.90,0.00,true,1,17608
9999921043532,false,ת.קינואה זוקיני ובצל,Unknown,,ת.קינואה זוקיני ובצל,,0.00,,false,1,9.90,0.00,true,1,17609
9999921043534,false,ת.קינואה חציל זוקיני,Unknown,,ת.קינואה חציל זוקיני,,0.00,,false,1,9.90,0.00,true,1,17610
9999921043560,false,קונוס אחסון PUFFIZ,Unknown,,קונוס אחסון PUFFIZ,,0.00,,false,1,5.00,0.00,true,1,17614
9999921044690,false,מארז 75 שח,Unknown,,מארז 75 שח,,0.00,,false,1,75.00,0.00,false,1,17901
9999921044770,false,שדרוג QA - פריט רגיל,Unknown,,שדרוג QA - פריט רגיל,,0.00,,false,1,10.00,0.00,true,1,17914
9999921044771,false,שדרוג QA-פריט פזמובי,Unknown,,שדרוג QA-פריט פזמובי,,0.00,,false,1,20.00,0.00,false,1,17915
9999921044773,false,שדרוג QA-עץ מוצר,Unknown,,שדרוג QA-עץ מוצר,,0.00,,false,1,10.00,0.00,false,1,17916
9999942000205,false,מי עדן 2 שמיניות-מבצ,Unknown,,מי עדן 2 שמיניות-מבצ,,24.00,1 ליטר,false,1,37.00,1.54,false,1,844
9999942000557,false,פיקדון שלישיה,Unknown,,פיקדון שלישיה,,0.00,,false,1,0.90,0.00,false,1,1531
9999942000558,false,נביעות 2 שמיניות מבצ,Unknown,,נביעות 2 שמיניות מבצ,,24.00,1 ליטר,false,1,37.00,1.54,false,1,3430
9999946000178,false,פיקדון בקבוק,Unknown,,פיקדון בקבוק,,0.00,,false,1,0.30,0.00,false,1,82
9999946001980,false,קפוצינו רגיל-יילו ק,Unknown,,קפוצינו רגיל-יילו ק,,0.00,,false,1,12.00,0.00,true,1,4777
9999946001981,false,קפוצינו גדול-יילו ק,Unknown,,קפוצינו גדול-יילו ק,,0.00,,false,1,14.00,0.00,true,1,6080
9999946001982,false,אספרסו קצר-יילו קפה,Unknown,,אספרסו קצר-יילו קפה,,0.00,,false,1,9.00,0.00,true,1,6081
9999946001983,false,אספרסו כפול-יילו קפה,Unknown,,אספרסו כפול-יילו קפה,,0.00,,false,1,11.00,0.00,true,1,6082
9999946001984,false,לאטה רגיל-יילו קפה,Unknown,,לאטה רגיל-יילו קפה,,0.00,,false,1,13.00,0.00,true,1,6083
9999946001985,false,לאטה גדול-יילו קפה,Unknown,,לאטה גדול-יילו קפה,,0.00,,false,1,15.00,0.00,true,1,6084
9999946001990,false,נס קפה רגיל-ילו קפה,Unknown,,נס קפה רגיל-ילו קפה,,0.00,,false,1,9.00,0.00,true,1,6085
9999946001991,false,נס קפה גדול-יילו,Unknown,,נס קפה גדול-יילו,,0.00,,false,1,11.00,0.00,true,1,6086
9999946001992,false,נס על חלב קטן-יילו,Unknown,,נס על חלב קטן-יילו,,0.00,,false,1,10.00,0.00,true,1,6087
9999946001993,false,נס על חלב גדול-יילו,Unknown,,נס על חלב גדול-יילו,,0.00,,false,1,12.00,0.00,true,1,6088
9999946001995,false,שוקו חם -יילו קפה,Unknown,,שוקו חם -יילו קפה,,0.00,,false,1,12.00,0.00,false,1,6089
9999946001996,false,תה חם -יילו קפה,Unknown,,תה חם -יילו קפה,,0.00,,false,1,8.00,0.00,true,1,6090
9999946002000,false,גרניטה -יילו קפה,Unknown,,גרניטה -יילו קפה,,0.00,,false,1,14.00,0.00,true,1,6092
9999946002019,false,מקיאטו רגיל-יילו קפה,Unknown,,מקיאטו רגיל-יילו קפה,,0.00,,false,1,10.00,0.00,true,1,6101
9999946002020,false,מקיאטו כפול-יילו קפה,Unknown,,מקיאטו כפול-יילו קפה,,0.00,,false,1,12.00,0.00,true,1,6102
9999946002191,false,גרניטה דיאט-יילו קפה,Unknown,,גרניטה דיאט-יילו קפה,,0.00,,false,1,14.00,0.00,false,1,6145
9999946002930,false,גרניטה בדצ-יילו קפה,Unknown,,גרניטה בדצ-יילו קפה,,0.00,,false,1,14.00,0.00,true,1,15091
9999946003730,true,אישור קבלת אופניים,,,אישור קבלת אופניים,,0.00,,false,,0.00,0.00,false,1,8540
9999946004188,true,קופון 10ש הנחה,,,קופון 10ש הנחה,,0.00,,false,,0.00,0.00,false,1,9846
9999946006103,false,משלוח עד הבית,Unknown,,משלוח עד הבית,,0.00,,false,1,20.00,0.00,false,1,14566
9999946006116,false,משלוח וולט,Unknown,,משלוח וולט,,0.00,,false,1,0.00,0.00,false,1,13154
9999946006117,false,איסוף עצמי וולט,Unknown,,איסוף עצמי וולט,,0.00,,false,1,0.00,0.00,false,1,13479
9999946006122,false,אספרסו ארוך-יילו קפה,Unknown,,אספרסו ארוך-יילו קפה,,0.00,,false,1,9.00,0.00,true,1,13488
9999946006242,false,פיקדון שמינייה,Unknown,,פיקדון שמינייה,,0.00,,false,1,2.40,0.00,false,1,15190
9999946006390,true,ק.10 שח הנחה,,,ק.10 שח הנחה,,0.00,,false,,0.00,0.00,false,1,15055
9999946006493,false,היטל שקית 10אג,Unknown,,היטל שקית 10אג,,0.00,,false,1,0.10,0.00,false,1,15527
9999946006640,false,פיקדון בקבוק קולה,Unknown,,פיקדון בקבוק קולה,,0.00,,false,1,0.30,0.00,false,1,16119
9999946006669,false,גלידה סנדיי+תוספות,Unknown,,גלידה סנדיי+תוספות,,0.00,,false,1,12.00,0.00,true,1,17635
9999946006670,false,גלידה סנדיי,Unknown,,גלידה סנדיי,,0.00,,false,1,10.00,0.00,true,1,17636
9999946006671,false,פיקדון בקבוק יינות,Unknown,,פיקדון בקבוק יינות,,0.00,,false,1,0.30,0.00,false,1,16347
9999946006750,false,שדרוג QA - פריט PZR2,Unknown,,שדרוג QA - פריט PZR2,,0.00,,false,1,5.00,0.00,false,1,17917
9999999993899,false,תערובת קטנועים,Unknown,,תערובת קטנועים,,0.00,,false,1,8.08,0.00,false,1,582
