code,internal_code,name,manufacturer_name,manufacture_country,manufacturer_item_description,unit_qty,quantity,unit_of_measure,weighted,qty_in_package,price,unit_of_measure_price,allow_discount,status,item_id
72940952,false,"מילקי אקסטרה קצפת 170מ""ל",שטראוס,IL,מילקי אקסטרה,מיליליטרים,170.00,"100 מ""ל",false,0,3.90,2.29,true,1,
72961544,false,באדי תות 3% 125 גרם,תנובה,IL,מעדן באדי תות 3%,גרמים,125.00,100 גרם,false,0,2.80,2.24,true,1,
72963104,false,חמאה 100 גרם,תנובה,IL,חמאה,גרמים,100.00,100 גרם,false,0,3.80,3.80,true,1,
72983997,false,גולף גולד,,,גולף גולד,יחידה,1.00,יחידה,false,0,29.00,29.00,false,1,
72984000,false,גולף סילבר,,,גולף סילבר,יחידה,1.00,יחידה,false,0,29.00,29.00,false,1,
72993477,false,ל.מ וייב סלימס חפיסה,פיליפ מוריס,,ל.מ וייב חפ.,יחידה,1.00,יחידה,false,0,33.50,33.50,false,1,
72994313,false,רויאל כחול חפיסה,,IL,רויאל כחול חפיסה,יחידה,1.00,יחידה,false,0,22.50,22.50,false,1,
72994603,false,סיגריות נקסט ריסס חפיסה,פיליפ מוריס,TR,סיגריות נקסט,יחידה,1.00,יחידה,false,1,29.50,29.50,false,1,
80761761,false,קינדר בואנו לבן 19.5*2גר,פררו - אלבה,,קינדר בואנו לבן,גרמים,39.00,100 גרם,false,0,4.50,11.54,true,1,
90162602,true,רד בול משקה אנרגיה פח250,רד בול,AT,רד בול,מיליליטרים,250.00,"100 מ""ל",false,0,8.10,3.24,true,1,
9800800056,false,ממרח נוטלה טו גו 52 גרם,פררו - אלבה,DE,ממרח נוטלה טו גו,גרמים,52.00,100 גרם,false,1,4.90,9.42,true,1,
13495113506,false,קליק ביסקוויט 75 גרם,יוניליוור,IL,קליק ביסקוויט,גרמים,75.00,100 גרם,false,0,5.90,7.87,true,1,
13495113513,false,קליק שוקולד חלב 75 גרם,יוניליוור,IL,קליק שוקולד,גרמים,75.00,100 גרם,false,0,5.90,7.87,true,1,
13495113582,false,קליק כריות 75 גרם,יוניליוור,IL,קליק כריות,גרמים,75.00,100 גרם,false,0,5.90,7.87,true,1,
38000845246,false,פרינגלס מידי אורגינל67ג,פרינגלס מנופקצ'ורינג קונ,IL,פרינגלס אורגינל,גרמים,67.00,100 גרם,false,1,5.00,7.46,true,1,
46214382259,false,עוגיות בראוניס 200 גרם,מרבה,NL,עוגיות בראוניס,גרמים,200.00,100 גרם,false,0,7.90,3.95,true,1,
667803002893,false,קרם לחות לשיער טרזמה 70מ,יוניליוור,IL,קרם לחות טרזמה,מיליליטרים,70.00,"100 מ""ל",false,1,34.90,49.86,true,1,
3014260022730,false,2מברשות אדוונטג' מדיום40,פרוקטר & גמבל,IL,זוג מברשות,יחידה,1.00,יחידה,false,0,21.90,21.90,true,1,
3600541308640,false,דאודורנט נאו קרם - אפור,סופרוקוס,IL,דאו.גרנייה NEO,מיליליטרים,40.00,"100 מ""ל",false,0,19.90,49.75,true,1,
4009900412117,false,אורביט ספירמינט בקבוק64ג,ריגלי,PL,אורביט בקבוקון,גרמים,64.00,100 גרם,false,1,9.90,15.47,true,1,
4009900482417,false,אורביט באבל מינט בקבוק64,ריגלי,PL,אורביט באבל מינט,גרמים,64.00,100 גרם,false,0,9.90,15.47,true,1,
4009900512329,false,פייב בוקס ספירמינט 69גרם,ריגלי,RU,מסטיק פייב,גרמים,69.00,100 גרם,false,1,9.90,14.35,true,1,
4011100001220,false,מיני מרס בשקית 403 גרם,לינדט ושפרונגלי קילשברג,IL,מיני מרס,גרמים,403.00,100 גרם,false,0,20.90,5.19,true,1,
4015600763251,false,שמפו הד&שולדרס קלאסי 600,פרוקטר & גמבל,IL,שמפו הד&שולדרס,מיליליטרים,600.00,"100 מ""ל",false,0,23.90,3.98,true,1,
4015600770228,false,פנטן שמפו שמן משקם 600 מ,פרוקטר & גמבל,FR,שמפו פנטן שמן,מיליליטרים,600.00,"100 מ""ל",false,0,21.90,3.65,true,1,
4015600770488,false,מרכך פנטן שמן משקם 600 מ,פרוקטר & גמבל,FR,מרכך פנטן שמן,מיליליטרים,600.00,"100 מ""ל",false,0,21.90,3.65,true,1,
4017100216800,false,וופל מיניס שוקולד חלב100,באלסן,DE,וופל מיניס,גרמים,100.00,100 גרם,false,1,8.90,8.90,true,1,
4084500078796,false,אריאל פודס קולור 28 יח,פרוקטר & גמבל,IL,אריאל פודס קולור,יחידה,1.00,יחידה,false,0,39.90,39.90,true,1,
5000159407236,false,חטיף מרס 51 גרם,מרס,NL,חטיף מרס,גרמים,51.00,100 גרם,false,0,3.90,7.65,true,1,
5000159442572,false,מיני טוויקס בשקית 403גרם,מרס,DE,מיני טוויקס,גרמים,403.00,100 גרם,false,0,20.90,5.19,true,1,
5000159461122,false,חטיף סניקרס 50 גרם,מרס,NL,חטיף סניקרס,גרמים,50.00,100 גרם,false,0,3.90,7.80,true,1,
5000159473880,false,מיני סניקרס בשקית 187גרם,מרס,IT,מיני סניקרס,גרמים,187.00,100 גרם,false,0,15.80,8.45,true,1,
5400265027265,false,בונ.המלט צ'סטרפילד 125גר,גונץ,BE,בונבוניירה,גרמים,125.00,100 גרם,false,1,29.60,23.68,true,1,
5413149922907,false,א.כ אריאל קולור וסטייל5ק,פרוקטר & גמבל,TR,"אריאל קולור 5ק""ג",קילוגרמים,5.00,"ק""ג",false,1,51.90,10.38,true,1,
5900020026552,false,האני נאט צ'יריוס 625גרם,ג'נרל מילס,PL,האני נאט צ'יריוס,גרמים,625.00,100 גרם,false,1,17.90,2.86,true,1,
5906485301012,false,משקה אנרגיה XL,,IL,משקה אנרגיה XL,מיליליטרים,250.00,"100 מ""ל",false,0,3.80,1.52,true,1,
6935325410118,false,שום יבוא יחידה,קטיף,XX,שום יבוא יחידה,יחידה,1.00,יחידה,false,0,8.90,8.90,true,1,
7046110064016,false,2מברשות ג'ורדן לילדים3-5,קלרו,MY,מברשות שיניים,יחידה,1.00,יחידה,false,0,17.90,17.90,true,1,
7290000000022,true,עגבניות חממה,קטיף,IL,עגבניות חממה,קילוגרמים,0.00,"ק""ג",true,0,5.90,5.90,true,1,
7290000000046,true,מלפפונים,קטיף,IL,מלפפונים,קילוגרמים,0.00,"ק""ג",true,0,5.90,5.90,true,1,
7290000000053,true,קישואים,קטיף,IL,קשואים,קילוגרמים,0.00,"ק""ג",true,0,9.90,9.90,true,1,
7290000000091,true,פלפל אדום,קטיף,IL,פלפל אדום,קילוגרמים,0.00,"ק""ג",true,0,7.90,7.90,true,1,
7290000000107,true,פלפל כהה,קטיף,IL,פלפל כהה,קילוגרמים,0.00,"ק""ג",true,0,8.90,8.90,true,1,
7290000000114,true,חצילים,קטיף,IL,חצילים,קילוגרמים,0.00,"ק""ג",true,0,7.90,7.90,true,1,
7290000000121,true,גזר ארוז,קטיף,IL,גזר ארוז,קילוגרמים,0.00,"ק""ג",true,0,3.90,3.90,true,1,
7290000000145,true,כרוב אדום,קטיף,IL,כרוב אדום,קילוגרמים,0.00,"ק""ג",true,0,4.90,4.90,true,1,
7290000000176,true,כרובית,קטיף,IL,כרובית,קילוגרמים,0.00,"ק""ג",true,0,8.90,8.90,true,1,
7290000000183,true,סלק,קטיף,IL,סלק,קילוגרמים,0.00,"ק""ג",true,0,4.90,4.90,true,1,
7290000000220,true,קולורבי,קטיף,IL,קולורבי,קילוגרמים,0.00,"ק""ג",true,0,7.90,7.90,true,1,
7290000000374,true,שמפניון  יחידה,קטיף,IL,שמפניון,יחידה,1.00,יחידה,false,0,9.90,9.90,true,1,
7290000000428,true,בטטות מובחר,קטיף,IL,בטטות,קילוגרמים,0.00,"ק""ג",true,0,8.90,8.90,true,1,
7290000000480,true,בצל יבש,קטיף,IL,בצל יבש,קילוגרמים,0.00,"ק""ג",true,0,3.90,3.90,true,1,
7290000000510,true,פטרוזיליה יח,קטיף,IL,פטרוזיליה,יחידה,1.00,יחידה,false,0,3.90,3.90,true,1,
7290000000558,true,כוסברה יח,קטיף,IL,כוסברה,יחידה,1.00,יחידה,false,0,3.90,3.90,true,1,
7290000000565,true,נענע יח,קטיף,IL,נענע,יחידה,1.00,יחידה,false,0,3.90,3.90,true,1,
7290000000572,true,שומר,קטיף,IL,שומר,קילוגרמים,0.00,"ק""ג",true,0,6.90,6.90,true,1,
7290000000619,true,פלפל חריף,שותפות מזרחי,IL,פלפל חריף,קילוגרמים,0.00,"ק""ג",true,0,9.90,9.90,true,1,
7290000000626,true,ברוקולי,קטיף,IL,ברוקולי,קילוגרמים,0.00,"ק""ג",true,0,14.90,14.90,true,1,
7290000000701,true,פטריות למילוי שקילה,קטיף,IL,פטריות למילוי,קילוגרמים,0.00,"ק""ג",true,0,36.90,36.90,true,1,
7290000000855,true,פלפל צהוב,קטיף,IL,פלפל צהוב,קילוגרמים,0.00,"ק""ג",true,0,8.90,8.90,true,1,
7290000001036,true,בצל יבש אדום,קטיף,XX,בצל יבש אדום,קילוגרמים,0.00,"ק""ג",true,0,5.90,5.90,true,1,
7290000001715,true,תפוא לבן ארוז,קטיף,IL,תפוא לבן ארוז,קילוגרמים,0.00,"ק""ג",true,0,3.90,3.90,true,1,
7290000041858,false,שמנת חמוצה15% מועשרת200,יטבתה,IL,שמנת חמוצה יטבתה,מיליליטרים,200.00,"100 מ""ל",false,0,2.40,1.20,true,1,
7290000042404,false,חלב מועשר3% יטבתה שקית1ל,יטבתה,IL,חלב 3% בשקית,ליטרים,1.00,ליטר,false,0,5.90,5.90,true,1,
7290000042442,false,חלב מפוסטר 3% בקרטון 1 ל,תנובה,IL,חלב תנובה 3%,ליטרים,1.00,ליטר,false,0,5.75,5.75,true,1,
7290000042855,false,"שוקו בשקית יוטבתה 225מ""ל",יטבתה,IL,שוקו בשקית,מיליליטרים,225.00,"100 מ""ל",false,0,2.50,1.11,true,1,
7290000043814,false,שמנת עמידה לקצפת38% 250מ,תנובה,IL,שמנת עמידה לקצפת,מיליליטרים,250.00,"100 מ""ל",false,0,5.95,2.38,true,1,
7290000043890,false,רויון 1.5%  בקרטון 1ל,תנובה,IL,רויון בקרטון1.5%,ליטרים,1.00,ליטר,false,0,10.90,10.90,true,1,
7290000045580,false,גב.נעמה חורש מותכת 240ג,תנובה,IL,גבינת נעמה מותכת,גרמים,240.00,100 גרם,false,0,16.30,6.79,true,1,
7290000046006,false,גב.עמק 28% במשקל,תנובה,IL,גבינת העמק 28%,קילוגרמים,0.00,"ק""ג",true,0,41.30,41.30,true,1,
7290000048192,false,גב.לבנה רכה 9% 250 גרם,תנובה,IL,גבינה לבנה 9%,גרמים,250.00,100 גרם,false,0,4.60,1.84,true,1,
7290000048413,false,גב.חמד פיראוס16% 250 גר,תנובה,IL,גבינה מלוחה 16%,גרמים,250.00,100 גרם,false,0,17.60,7.04,true,1,
7290000051772,false,מעדן דיאט שוק.קוקוס 150ג,תנובה,IL,מעדן תנובה דיאט,גרמים,150.00,100 גרם,false,0,3.80,2.53,true,1,
7290000054742,false,יופלה+מכסה דגנים 170*4גר,תנובה,IL,יופלה עם מכסה4יח,גרמים,680.00,100 גרם,false,0,16.80,2.47,true,1,
7290000055350,false,גבינת עמק 28% חריץ במשקל,תנובה,IL,גבינת עמק 28%,קילוגרמים,0.00,"ק""ג",true,1,41.30,41.30,true,1,
7290000056951,false,שמנת לבישול 15%,,,שמנת לבישול 15%,מיליליטרים,500.00,"100 מ""ל",false,0,15.70,3.14,true,1,
7290000060248,false,פסטה אסם תלתלים 500 גרם,זארה,IT,פסטה תלתלים,גרמים,500.00,100 גרם,false,0,5.40,1.08,true,1,
7290000060781,false,פסטה מסולסלת אסם 500 גרם,זארה,IT,פסטה מסולסלת,גרמים,500.00,100 גרם,false,0,5.40,1.08,true,1,
7290000062242,false,דובונים שמנת בצל 40 גרם,אסם,IL,דובונים שמנת בצל,גרמים,40.00,100 גרם,false,0,4.30,10.75,true,1,
7290000065717,false,סירופ ויטמינצ'יק פטל 1ל',בית השיטה,IL,ויטמינצ'יק פטל,ליטרים,1.00,ליטר,false,0,12.90,12.90,true,1,
7290000066141,false,ביסלי גריל 70 גרם,אסם,IL,ביסלי גריל,גרמים,70.00,100 גרם,false,0,4.20,6.00,true,1,
7290000066226,false,ביסלי פיצה 200 גרם,אסם,IL,ביסלי בטעם פיצה,גרמים,200.00,100 גרם,false,0,6.90,3.45,true,1,
7290000066318,false,במבה 80 גרם,אסם,IL,במבה,גרמים,80.00,100 גרם,false,0,4.50,5.63,true,1,
7290000066332,false,אפרופו 50 גרם,אסם,IL,חטיף אפרופו,גרמים,50.00,100 גרם,false,0,5.10,10.20,true,1,
7290000068138,false,אינסטנט פודינג וניל 80גר,אסם,IL,אינסטנט פודינג,גרמים,80.00,100 גרם,false,0,5.20,6.50,true,1,
7290000068770,false,"במבה יום הולדת 80ג בד""צ",אסם,IL,במבה יום הולדת,גרמים,80.00,100 גרם,false,0,4.50,5.63,true,1,
7290000068787,false,"במבה יום הולדת 25ג בד""צ",אסם,IL,במבה יום הולדת,גרמים,25.00,100 גרם,false,0,2.20,8.80,true,1,
7290000080758,false,טוסטעים פת קלויה 100 גרם,ון דר מולן,NL,טוסטעים פת קלוי,גרמים,100.00,100 גרם,false,0,10.50,10.50,true,1,
7290000093031,true,לחם ג'בטה,גידרון,IL,לחם ג'בטה,יחידה,1.00,יחידה,false,0,6.30,6.30,true,1,
7290000094199,true,לחם חצי ג'בטה,גידרון,IL,חצי ג'בטה לבן,יחידה,1.00,יחידה,false,0,3.90,3.90,true,1,
7290000096032,true,חצי בגט,גידרון,IL,חצי בגט,יחידה,1.00,יחידה,false,0,2.90,2.90,true,1,
7290000097633,true,לחמניית קשר,גידרון,IL,לחמניית קשר,יחידה,1.00,יחידה,false,0,2.90,2.90,true,1,
7290000097657,true,לחמניית חלה,גידרון,IL,לחמניית חלה,יחידה,1.00,יחידה,false,0,3.90,3.90,true,1,
7290000098289,true,בייגלה,גידרון,IL,בייגלה,יחידה,1.00,יחידה,false,0,3.90,3.90,true,1,
7290000098296,true,לחמניית אצבע,גידרון,IL,לחמניית אצבע,יחידה,1.00,יחידה,false,0,2.00,2.00,true,1,
7290000110073,false,מרגרינה בטעם חמאה 200גר,יוניליוור,IL,מחמאה מרגרינה,גרמים,200.00,100 גרם,false,0,4.80,2.40,true,1,
7290000111186,false,מיונז אמיתי תלמה 500 גרם,יוניליוור,IL,מיונז אמיתי תלמה,גרמים,500.00,100 גרם,false,0,9.50,1.90,true,1,
7290000151328,false,חזה הודו מעושן 300 גרם,עוף טוב,IL,חזה הודו מעושן,גרמים,300.00,100 גרם,false,0,24.90,8.30,true,1,
7290000152288,false,נקניקיות עוף 400 גרם,עוף טוב,IL,נקניקיות עוף,גרמים,400.00,100 גרם,false,0,15.00,3.75,true,1,
7290000176420,false,קפה נמס 200 גרם,עלית,IL,קפה נמס,גרמים,200.00,100 גרם,false,0,19.90,9.95,true,1,
7290000201863,false,36 טיטולים פרימיום שלב 5,חוגלה קימברלי,IL,טיטולים פרימיום,יחידה,1.00,יחידה,false,1,33.90,33.90,true,1,
7290000208336,false,רסק עגבניות יכין 260 גרם,זנלכל,IL,רסק עגבניות,גרמים,260.00,100 גרם,false,0,4.20,1.62,true,1,
7290000254807,false,צ'יטוס גבינה 100 גרם,עלית,IL,צ'יטוס גבינה,גרמים,100.00,100 גרם,false,0,6.40,6.40,true,1,
7290000264752,false,זוג רדיד.אלומ.מעוצב7*0.3,חוגלה קימברלי,IL,רדיד אלומיניום2*,מטרים,15.00,מטר,false,1,10.00,0.67,true,1,
7290000284316,false,קוקה קולה בקבוק 1.5 ליטר,החברה המרכזית לייצור משקאות,IL,קוקה קולה,ליטרים,1.50,ליטר,false,0,6.20,4.13,true,1,
7290000295558,false,2רדידי אלומיניום0.3*7.5מ,סנו,IL,צמד רדידי אלומינ,מטרים,15.00,מטר,false,0,10.00,0.67,true,1,
7290000305349,false,פסטרמה טונה מעוש.בשמן120,סטארקיסט,IL,פסטרמה טונה,גרמים,120.00,100 גרם,false,0,13.30,11.08,true,1,
7290000307237,false,גרעיני תירס מתוק 550 גרם,פרי גליל,IL,גרעיני תירס,גרמים,550.00,100 גרם,false,0,6.40,1.16,true,1,
7290000311203,false,ופלים מן בטעם שוקולד200ג,רוקחמן,IL,ופלים טעם שוקולד,גרמים,200.00,100 גרם,false,0,4.40,2.20,true,1,
7290000347738,false,תה ירוק עם נענע 1.5*25גר,ויסוצקי,IL,תה ירוק נענע,גרמים,37.00,100 גרם,false,0,25.90,70.00,true,1,
7290000355757,false,עגבנ.מרוסקות טל וטרי800ג,מילוז,IL,עגבניות מרוסקות,גרמים,800.00,100 גרם,false,0,7.60,0.95,true,1,
7290000396439,false,שרי מידיפלס יחידה,קטיף,IL,שרי מידיפלס יח,יחידה,1.00,יחידה,false,0,9.90,9.90,true,1,
7290000408354,false,דנונה בר פצפוצים 173 גרם,שטראוס,IL,דנונה בר פצפוצים,גרמים,173.00,100 גרם,false,0,4.50,2.60,true,1,
7290000419909,false,קפה לנדוור אספרסו טחו100,קפה לנדוור,IL,קפה בטעם אספרסו,גרמים,100.00,100 גרם,false,0,7.90,7.90,true,1,
7290000450209,false,טונה פוסידון בשמן 108גרם,פוסידון תעשיות,IL,טונה פוסידון,גרמים,108.00,100 גרם,false,0,5.80,5.37,true,1,
7290000465876,false,חומוסיבוב ברוטב חריף400ג,צבר,IL,חומוסיבוב,גרמים,400.00,100 גרם,false,1,14.20,3.55,true,1,
7290000474090,false,חלב הומוגני 1% קרטון 1 ל,טרה,IL,חלב טרי טרה 1%,ליטרים,1.00,ליטר,false,0,5.40,5.40,true,1,
7290000481951,false,לחמניות דגנים6יח,,IL,לחמניות דגנים6יח,גרמים,300.00,100 גרם,false,0,12.80,4.27,true,1,
7290000497044,false,לחם ברמן אקטיב 750 גרם,מאפית ברמן,IL,לחם ברמן אקטיב 750 גרם,גרמים,750.00,100 גרם,false,0,13.90,1.85,true,1,
7290000530468,false,"נקניקיות וינר 1 ק""ג",זוגלובק,IL,נקניקיות וינר,קילוגרמים,1.00,"ק""ג",false,0,32.00,32.00,true,1,
7290000554655,false,מוצרלה מעושנת גד,,IL,מוצרלה מעושנת גד,קילוגרמים,0.00,"ק""ג",true,0,83.00,83.00,true,1,
7290000554921,false,גבינת ריקוטה 5% במשקל,מחלבות גד,IL,גבינה ריקוטה 5%,קילוגרמים,0.00,"ק""ג",true,0,59.00,59.00,true,1,
7290000574141,false,לחם חיטה מלא 750 גרם,מאפ. דגנית עין-בר,IL,לחם חיטה מלא 750 גרם,גרמים,750.00,100 גרם,false,0,10.90,1.45,true,1,
7290000961552,true,פלפל כתום,קטיף,IL,פלפל כתום,קילוגרמים,0.00,"ק""ג",true,0,8.90,8.90,true,1,
7290000963136,true,תפוח עץ מוזהב 65,קטיף,XX,תפוח עץ מוזהב,קילוגרמים,0.00,"ק""ג",true,0,7.90,7.90,true,1,
7290000963297,true,תפוח עץ סטרקינג 65,קטיף,XX,"ת""ע סטרקינג",קילוגרמים,0.00,"ק""ג",true,0,8.90,8.90,true,1,
7290000963563,true,תפוח עץ סמיט65,קטיף,XX,"ת""ע סמיט",קילוגרמים,0.00,"ק""ג",true,0,7.90,7.90,true,1,
7290000964492,true,לימון תפזורת,קטיף,IL,לימון,קילוגרמים,0.00,"ק""ג",true,0,6.90,6.90,true,1,
7290000964560,true,קלמנטינה,קטיף,IL,קלמנטינה,קילוגרמים,0.00,"ק""ג",true,0,5.90,5.90,true,1,
7290000964775,true,בננות,קטיף,IL,בננות,קילוגרמים,0.00,"ק""ג",true,0,5.90,5.90,true,1,
7290000965055,true,מלון מובחר,קטיף,IL,מלון מובחר,קילוגרמים,0.00,"ק""ג",true,0,7.90,7.90,true,1,
7290000966328,true,אפרסמון סיני65,קטיף,IL,אפרסמון סיני,קילוגרמים,0.00,"ק""ג",true,0,10.90,10.90,true,1,
7290000966779,true,תות שדה 500גרם,קטיף,IL,תות שדה יח,יחידה,1.00,יחידה,false,0,23.90,23.90,true,1,
7290001158579,false,עוף טחון,שונות,IL,עוף טחון,קילוגרמים,0.00,"ק""ג",true,0,31.90,31.90,true,1,
7290001158593,false,בקר טחון מבשר קפוא)עצמי(,שונות,IL,בקר טחון מקפוא,קילוגרמים,0.00,"ק""ג",true,0,42.90,42.90,true,1,
7290001158722,false,חזה עוף טרי תפזורת עצמי,שונות,IL,חזה עוף טרי,קילוגרמים,0.00,"ק""ג",true,0,31.90,31.90,true,1,
7290001231932,false,ווינסטון כחול בוקס חפ.,jti,CH,ווינסטון כחול,יחידה,1.00,יחידה,false,0,31.50,31.50,false,1,
7290001312995,false,בגט 280 גרם,גידרון,IL,באגט,יחידה,1.00,יחידה,false,0,4.00,4.00,true,1,
7290001491010,false,תה ירוק יסמין25שק1.5Xגרם,ויסוצקי,IL,תה ירוק יסמין,גרמים,37.00,100 גרם,false,0,25.90,70.00,true,1,
7290001594155,false,"קוקה קולה בפלסטיק500 מ""ל",החברה המרכזית לייצור משקאות,IL,קוקה קולה,מיליליטרים,500.00,"100 מ""ל",false,0,6.90,1.38,true,1,
7290001817582,false,צ'יטוס כאפה 15*10 גרם,עלית,IL,מארז צ'יטוס כאפה,גרמים,150.00,100 גרם,false,0,9.90,6.60,true,1,
7290001902325,false,"חלת ""גדרון""",גידרון,IL,"חלת ""גדרון""",יחידה,1.00,יחידה,false,0,10.90,10.90,true,1,
7290002037637,false,חליות מתוקות 4 יח',מאפית ברמן,IL,חליות מתוקות 4יח,גרמים,350.00,100 גרם,false,0,11.00,3.14,true,1,
7290002053361,false,נודלס איטריות ביצים400גר,אוריינט,IL,איטריות נודלס,גרמים,400.00,100 גרם,false,0,11.70,2.93,true,1,
7290002057123,false,מנזנילו ירוק ל.גלעין540ג,קבוצת יבנה,IL,זית ללא גלעין,גרמים,540.00,100 גרם,false,0,8.50,1.57,true,1,
7290002057345,false,"מלפפון במלח 30-36 3 ק""ג",קבוצת יבנה,IL,מלפפון במלח,קילוגרמים,3.00,"ק""ג",false,0,21.30,7.10,true,1,
7290002057475,false,מלפ.בחומץ קטן13-17 540גר,קבוצת יבנה,IL,מלפפונים בחומץ,גרמים,540.00,100 גרם,false,0,8.80,1.63,true,1,
7290002057604,false,פלפל חריף שיפקה 540 גרם,קבוצת יבנה,IL,פלפל חריף שיפקה,גרמים,540.00,100 גרם,false,0,6.00,1.11,true,1,
7290002065623,false,לחם שיפון כפרי 750 גרם,מאפיית שלמה א. אנג'ל,IL,לחם שיפון כפרי 750 גרם,גרמים,750.00,100 גרם,false,0,10.90,1.45,true,1,
7290002204275,false,קיווי פרימיום,קטיף,IL,קיווי פרימיום,קילוגרמים,0.00,"ק""ג",true,1,18.90,18.90,true,1,
7290002304623,false,קונפיטוריה פירות יער600ג,ענבי ציון,IL,קונפ.פירות יער,גרמים,600.00,100 גרם,false,0,20.60,3.43,true,1,
7290002331711,false,"נביעות טעם ענבים 500 מ""ל",נביעות טבע,IL,נביעות ענבים,מיליליטרים,500.00,"100 מ""ל",false,0,5.70,1.14,true,1,
7290002487425,false,עוג.אוראו שוקולד חלב176ג,מונדלייז,ES,עוגיות אוראו,גרמים,176.00,100 גרם,false,0,8.90,5.06,true,1,
7290002651116,false,ג'חנון חמסי 5יח 1קג,חמסי,IL,ג'חנון חמסי,גרמים,1000.00,100 גרם,false,0,14.80,1.48,true,1,
7290002730675,false,"משחת קולגייט אדום 100מ""ל",קולגייט-פלמוליב,PL,משחת שיניים,מיליליטרים,100.00,"100 מ""ל",false,0,9.50,9.50,true,1,
7290002766056,false,שרי תמר יחידה,קטיף,IL,שרי לב אדום  יח,יחידה,1.00,יחידה,false,1,9.90,9.90,true,1,
7290002833525,false,מרלבורו רד קצר בוקס חפ.,פיליפ מוריס,,מרלבורו רד חפיסה,יחידה,1.00,יחידה,false,0,35.50,35.50,false,1,
7290002852724,false,ל.מ. בלו לייבל קצר,פיליפ מוריס,US,ל.מ. בלו לייבל,יחידה,1.00,יחידה,false,0,33.50,33.50,false,1,
7290002854528,false,ל.מ. רד לייבל קצר,פיליפ מוריס,US,ל.מ. רד לייבל,יחידה,1.00,יחידה,false,0,33.50,33.50,false,1,
7290002868996,false,קוטג' 5%מועשר בסידן 250ג,טרה,IL,קוטג' 5% מועשר,גרמים,250.00,100 גרם,false,0,5.20,2.08,true,1,
7290002876326,false,פרלמנט קצר בלו בודד,פיליפ מוריס,IL,פרלמנט קצר בלו,יחידה,1.00,יחידה,false,0,38.00,38.00,false,1,
7290002886925,false,מרלבורו גולד קצר בוקס,פיליפ מוריס,US,מרלבורו גולד קצר,יחידה,1.00,יחידה,false,0,35.50,35.50,false,1,
7290003009640,false,מיץ תפוזים סחוט 1 ליטר,פריגת,IL,מיץ תפוזים סחוט 1 ליטר,ליטרים,1.00,ליטר,false,0,14.40,14.40,true,1,
7290003015467,false,תחליב רחצה בייבי כיף 1ל,קוסמופארם,IL,תחליב רחצה בייבי,ליטרים,1.00,ליטר,false,0,19.70,19.70,true,1,
7290003029433,false,שוקו יטבתה+פקק נשלף 250מ,יטבתה,IL,שוקו יטבתה,מיליליטרים,250.00,"100 מ""ל",false,0,5.30,2.12,true,1,
7290003029815,false,חלב מועשר יטבתה 3%כד 2ל',יטבתה,IL,חלב מועשר יטבתה,ליטרים,2.00,ליטר,false,0,15.00,7.50,true,1,
7290003107223,false,"סולת 1 ק""ג",טחנת קמח דגן לישראל,IL,סולת,קילוגרמים,1.00,"ק""ג",false,0,4.90,4.90,true,1,
7290003144495,false,אבקת משקה שוקו צ'וקטה850,אייברקקאו אס.אי.,ES,אבקת שוקו צ'וקטה,גרמים,850.00,100 גרם,false,1,19.90,2.34,true,1,
7290003231508,false,שמפו פינוק עם קרטין 700,יוניליוור,IL,שמפו פינוק,מיליליטרים,700.00,"100 מ""ל",false,0,13.90,1.99,true,1,
7290003805525,false,קורנפלקס 750 גרם,יוניליוור,IL,קורנפלקס תלמה,גרמים,750.00,100 גרם,false,0,14.90,1.99,true,1,
7290003806591,false,דאו. דאב מלפפונים150מ,יוניליוור,GB,דאודורנט דאב,מיליליטרים,150.00,"100 מ""ל",false,1,20.90,13.93,true,1,
7290003807178,false,רוטב סויה סגנון סיני300מ,יוניליוור,IL,רוטב סויה,מיליליטרים,300.00,"100 מ""ל",false,0,10.00,3.33,true,1,
7290003807482,false,"רוטב טריאקי 300 מ""ל",יוניליוור,IL,רוטב טריאקי,מיליליטרים,300.00,"100 מ""ל",false,0,10.00,3.33,true,1,
7290003956012,false,פטאקי 18% במשקל,מחלבת השומרון,IL,פטאקי 18% במשקל,קילוגרמים,0.00,"ק""ג",true,0,35.00,35.00,true,1,
7290004003207,false,עדשי שוק. מ&מ'ס בוטנים48,מרס,US,עדשי שוקולד מ&מ,גרמים,48.00,100 גרם,false,0,5.00,10.42,true,1,
7290004030353,false,נקטר תות בננה,,IL,נקטר תות בננה,ליטרים,1.00,ליטר,false,0,10.00,10.00,true,1,
7290004125455,false,שמנת תנובה 15%שומן200מל,תנובה,IL,שמנת תנובה 15%,מיליליטרים,200.00,"100 מ""ל",false,0,2.20,1.10,true,1,
7290004126872,false,"שוקו תנובה בקבוק 250 מ""ל",תנובה,IL,שוקו בקבוק,מיליליטרים,250.00,"100 מ""ל",false,0,5.20,2.08,true,1,
7290004127077,false,קוטג' תנובה 3% שומן 250,תנובה,IL,קוטג' 3% שומן,גרמים,250.00,100 גרם,false,0,5.50,2.20,true,1,
7290004127329,false,קוטג' 5% 250 גרם בעלז,תנובה,IL,קוטג' תנובה 5%,גרמים,250.00,100 גרם,false,0,5.50,2.20,true,1,
7290004127336,false,קוטג' תנובה 9% שומן 250,תנובה,IL,קוטג' תנובה 9%,גרמים,250.00,100 גרם,false,0,5.50,2.20,true,1,
7290004127862,false,גבינה לבנה 5% 750 גרם,תנובה,IL,גבינה לבנה 5%,גרמים,750.00,100 גרם,false,0,13.80,1.84,true,1,
7290004128432,false,פתיתי גבינה השף הלבן500ג,תנובה,IL,פתיתי גבינה,גרמים,500.00,100 גרם,false,0,21.90,4.38,true,1,
7290004129118,false,גב.נפולאון טעם זיתים225ג,תנובה,IL,גבינת נפוליאון,גרמים,225.00,100 גרם,false,0,10.00,4.44,true,1,
7290004129736,false,יופלה לבן מעודן1.5% 200ג,תנובה,IL,יופלהלבן מעודן,גרמים,200.00,100 גרם,false,0,4.10,2.05,true,1,
7290004132231,false,חלב פלוס לקפה 3.5% שומן,תנובה,IL,חלב פלוס לקפה,מיליליטרים,800.00,"100 מ""ל",false,0,6.50,0.81,true,1,
7290004132712,false,חטיפ.מוצרלה אצבעות21.5*8,תנובה,IL,חטיפי מוצרלה,גרמים,172.00,100 גרם,false,0,15.90,9.24,true,1,
7290004136192,false,מילק שייק פונץ בננה 250מ,תנובה,IL,מילק שייק פונץ,מיליליטרים,250.00,"100 מ""ל",false,0,5.80,2.32,true,1,
7290004225025,false,סגנון פטה,,IL,סגנון פטה,קילוגרמים,0.00,"ק""ג",true,0,34.00,34.00,true,1,
7290004685133,false,לחם הארץ קל 750 גרם,מאפית ברמן,IL,לחם הארץ קל 750 גרם,גרמים,750.00,100 גרם,false,0,14.90,1.99,true,1,
7290004923099,false,עין גדי מים מינרל. 2*6 ל,עין גדי מיים מינרלים,IL,מים עין גדי 6 יח,ליטרים,12.00,ליטר,false,0,10.90,0.91,true,1,
7290005200786,false,תפוצ'יפס ט.שמנת ובצל50גר,עלית,IL,תפוצ'יפס שמנת,גרמים,50.00,100 גרם,false,0,3.80,7.60,true,1,
7290005287039,false,טונה סטארקיסט שמן 110ג,סטארקיסט,IL,טונה סטארקיסט,גרמים,110.00,100 גרם,false,0,6.80,6.18,true,1,
7290005564680,false,תפוזינה לימונדה 1.5 ליטר,יפאורה שותפות מובגלת לשיווק,IL,תפוזינה לימונדה,ליטרים,1.50,ליטר,false,0,5.90,3.93,true,1,
7290005678073,false,פלפל צ'ילי זהבי יחידה,מושב לכיש,IL,פלפל צ'ילי זהבי,יחידה,1.00,יחידה,false,0,5.50,5.50,true,1,
7290005838972,false,גב.סקי 5% 125 גרם,שטראוס,IL,גבינת סקי,גרמים,125.00,100 גרם,false,0,3.10,2.48,true,1,
7290005839313,false,מילקי טופ שוקול.מגולג170,שטראוס,IL,מילקי טופ,מיליליטרים,170.00,"100 מ""ל",false,0,4.90,2.88,true,1,
7290005938658,false,לקט הכפר 400גרם,פרסקו,IL,לקט הכפר 400גרם,גרמים,400.00,100 גרם,false,1,9.90,2.48,true,1,
7290006306296,false,רביולי גבינה לילדים 400ג,פסטה נונה,,רביולי גבינה,גרמים,400.00,100 גרם,false,0,19.90,4.98,true,1,
7290006652027,false,במבה מארז 20 * 15 גרם,אסם,IL,במבה 20 יח',גרמים,300.00,100 גרם,false,0,23.90,7.97,true,1,
7290006653857,false,"ארנבונים חטיף תפו""א 40גר",אסם,IL,חטיף ארנבונים,גרמים,40.00,100 גרם,false,0,4.30,10.75,true,1,
7290006664167,false,סימפוניה+שום שמיר3% 200ג,שטראוס,IL,גבינת סימפוניה3%,גרמים,200.00,100 גרם,false,0,10.90,5.45,true,1,
7290006788450,false,דאו.קרלייןSENSITIVE 200,קרליין,IL,דאודורנט קרליין,מיליליטרים,200.00,"100 מ""ל",false,0,12.90,6.45,true,1,
7290008213493,false,משחה קולגייט להלבנה 100מ,קולגייט-פלמוליב,PL,משחה קולגייט להלבנה 100מ,מיליליטרים,100.00,"100 מ""ל",false,0,13.90,13.90,true,1,
7290008344258,false,המבורגר מזרחי 400 גרם,טיבון ויל - נטו,IL,המבורגר מזרחי,גרמים,400.00,100 גרם,false,0,20.70,5.18,true,1,
7290008644235,false,עלי בייבי 120גרם-שטראוס,שטראוס,IL,עלי בייבי,גרמים,120.00,100 גרם,false,0,9.90,8.25,true,1,
7290008713900,false,לחם שיפון עגול 750 גרם,מאפיית שלמה א. אנג'ל,IL,לחם שיפון עגול 750 גרם,גרמים,750.00,100 גרם,false,0,10.90,1.45,true,1,
7290008752244,false,תפוצ'יפס קראנצ' גריל 50ג,עלית,IL,תפוצ'יפס גריל,גרמים,50.00,100 גרם,false,0,3.80,7.60,true,1,
7290008753111,false,תפוצ'יפס מקסיקני 50 גרם,עלית,IL,תפוצ'יפס קראנצ',גרמים,50.00,100 גרם,false,0,3.80,7.60,true,1,
7290008775816,false,ערגליות שוקו 300 גרם,אסם,IL,ערגליות שוקו,גרמים,300.00,100 גרם,false,0,10.30,3.43,true,1,
7290008909853,false,"קוקה קולה ZERO 500 מ""ל",החברה המרכזית לייצור משקאות,IL,קוקה קולה ZERO,מיליליטרים,500.00,"100 מ""ל",false,0,6.90,1.38,true,1,
7290008909860,false,קוקה קולה ZERO 1.5 ליטר,החברה המרכזית לייצור משקאות,IL,קוקה קולה ZERO,ליטרים,1.50,ליטר,false,0,6.90,4.60,true,1,
7290009802146,true,עוף שלם טרי ארוז עצמי,.,IL,עוף שלם טרי,קילוגרמים,0.00,"ק""ג",true,1,18.90,18.90,true,1,
7290009802214,true,כרעי עוף טרי ארוז  עצמי,.,IL,כרעי עוף טרי,קילוגרמים,0.00,"ק""ג",true,1,27.90,27.90,true,1,
7290009803808,true,ירכי עוף טרי ארוז  עצמי,.,IL,ירכי עוף טרי,קילוגרמים,0.00,"ק""ג",true,1,27.90,27.90,true,1,
7290009804010,true,כנפי עוף טרי ארוז עצמי,.,IL,כנפי עוף טרי,קילוגרמים,0.00,"ק""ג",true,1,11.90,11.90,true,1,
7290009805291,true,חזה עוף טרי ארוז עצמי,.,IL,חזה עוף טרי,קילוגרמים,0.00,"ק""ג",true,1,31.90,31.90,true,1,
7290009806571,true,חזה עוף טרי א.דיל עצמי,.,IL,חזה עוף טרי,קילוגרמים,0.00,"ק""ג",true,1,31.90,31.90,true,1,
7290009806595,true,כבד עוף טרי ארוז  עצמי,.,IL,כבד עוף טרי,קילוגרמים,0.00,"ק""ג",true,1,17.90,17.90,true,1,
7290009807622,true,לב עוף טרי א.דיל ארוז,.,IL,לב עוף טרי,קילוגרמים,0.00,"ק""ג",true,1,23.90,23.90,true,1,
7290009811490,true,שניצל עוף טרי א.דיל עצמי,.,IL,שניצל עוף טרי,קילוגרמים,0.00,"ק""ג",true,1,34.90,34.90,true,1,
7290009811513,true,פרגיות עוף טרי ארוז עצמי,.,IL,פרגיות עוף טרי,קילוגרמים,0.00,"ק""ג",true,1,54.90,54.90,true,1,
7290009814309,true,פילה עוף טרי ארוז עצמי,.,IL,פילה עוף טרי,קילוגרמים,0.00,"ק""ג",true,1,32.90,32.90,true,1,
7290009814330,true,קורקבן עוף טרי ארוז עצמי,.,IL,קורקבו עוף טרי,קילוגרמים,0.00,"ק""ג",true,1,9.90,9.90,true,1,
7290009904413,true,גרון הודו נ.א.עצמי דיל,.,IL,גרון הודו טרי,קילוגרמים,0.00,"ק""ג",true,1,23.90,23.90,true,1,
7290009905656,true,חזה הודו טרי ארוז דיל,.,IL,חזה הודו טרי,קילוגרמים,0.00,"ק""ג",true,1,29.90,29.90,true,1,
7290009909081,true,שוארמה הודו נ.דיל א.עצמי,.,IL,שווארמה הודו טרי,קילוגרמים,0.00,"ק""ג",true,1,54.90,54.90,true,1,
7290009951899,true,מאפה מלוח משקל,גידרון,IL,מאפה מלוח,קילוגרמים,0.00,"ק""ג",true,0,35.00,35.00,true,1,
7290009951912,true,מאפה מתוק משקל,גידרון,IL,מאפה מתוק,קילוגרמים,0.00,"ק""ג",true,0,35.00,35.00,true,1,
7290009954364,true,גב.גלבוע מגורדת במשקל,תנובה,IL,גב.גלבוע מגורדת,קילוגרמים,0.00,"ק""ג",true,0,39.25,39.25,true,1,
7290009954562,true,נועם 22% מגורדת במשקל,טרה,IL,נועם מגורדת 22%,קילוגרמים,0.00,"ק""ג",true,0,36.50,36.50,true,1,
7290009955743,true,גבינת צהובה28%פולין משקל,MLEKOVITA,PL,גבינת צהובה 28%,קילוגרמים,0.00,"ק""ג",true,1,29.00,29.00,true,1,
7290010199891,false,אל סבון סטייל,,IL,אל סבון סטייל,מיליליטרים,500.00,"100 מ""ל",false,0,5.00,1.00,true,1,
7290010259038,false,לורפק ממרח,,DK,לורפק ממרח,גרמים,500.00,100 גרם,false,0,25.90,5.18,true,1,
7290010259359,false,נודלס ביצים,,IL,נודלס ביצים,גרמים,200.00,100 גרם,false,0,3.50,1.75,true,1,
7290010609079,false,טרופיקש 10 יח,,IL,טרופיקש 10 יח,ליטרים,2.00,ליטר,false,0,9.90,4.95,true,1,
7290010945450,false,גבינה לבנה 3% 250 גרם,טרה,IL,גבינה לבנה3%,גרמים,250.00,100 גרם,false,0,4.60,1.84,true,1,
7290011017873,false,"סליק קוקה זירו 330 מ""ל",החברה המרכזית לייצור משקאות,IL,קוקה זירו,מיליליטרים,330.00,"100 מ""ל",false,0,4.90,1.48,true,1,
7290011051396,false,שוופס אפרסק מוגז 1.5ליטר,יפאורה שותפות מובגלת לשיווק,IL,שוופס אפרסק,ליטרים,1.50,ליטר,false,0,6.50,4.33,true,1,
7290011051525,false,"ספרינג תה אפרסק 500 מ""ל",יפאורה שותפות מובגלת לשיווק,IL,ספרינג תה,מיליליטרים,500.00,"100 מ""ל",false,0,6.20,1.24,true,1,
7290011194246,false,קוטג' 5% שומן 250 גרם,שטראוס,IL,קוטג' 5% שומן,גרמים,250.00,100 גרם,false,0,5.80,2.32,true,1,
7290011308117,false,קרקר 6 דגנים 200 גרם,אפיפית,IL,קרקר 6 דגנים,גרמים,200.00,100 גרם,false,0,7.20,3.60,true,1,
7290011447359,false,מטרנה מהדרין שלב 1 700גר,נסטלה,IL,מטרנה מהדרין,גרמים,700.00,100 גרם,false,0,49.90,7.13,true,1,
7290011518561,false,"אקטימל תות 100*14 מ""ל",שטראוס,IL,אקטימל מארז14יח',ליטרים,1.40,ליטר,false,0,29.90,21.36,true,1,
7290011860271,false,ביסבול טבעי 700 גרם,תפוגן,IL,ביסבול טבעי,גרמים,700.00,100 גרם,false,0,15.80,2.26,true,1,
7290013027399,false,לחם מלא+100%שיפון-קל750ג,מאפיית שלמה א. אנג'ל,IL,לחם מלא+100%שיפון-קל750ג,גרמים,750.00,100 גרם,false,0,13.90,1.85,true,1,
7290013585387,false,קולה זירו 1 ליטר,החברה המרכזית לייצור משקאות,IL,קולה זירו,ליטרים,1.00,ליטר,false,1,5.50,5.50,true,1,
7290013919359,false,עוגיות מובחרות בדלי 600ג,קונדטוריית אנגל,IL,עוגיות מובחרות,גרמים,600.00,100 גרם,false,0,13.90,2.32,true,1,
7290013919366,false,עוגיות מובחרות בדלי 700ג,קונדטוריית אנגל,IL,עוגיות מובחרות,גרמים,700.00,100 גרם,false,0,13.90,1.99,true,1,
7290014002128,false,תה ירוק לימונית מנטה25שק,ויסוצקי,IL,תה ירוק לימונית,גרמים,37.00,100 גרם,false,0,25.90,70.00,true,1,
7290014002135,false,תה ירוק מיקס 25 שקיקים,ויסוצקי,IL,תה ירוק מיקס,גרמים,37.00,100 גרם,false,0,25.90,70.00,true,1,
7290014459373,false,"ציפס קראנצי לתנור 1.5ק""ג",אסם,IL,ציפס קראנצי,יחידה,1.00,יחידה,false,1,26.90,26.90,true,1,
7290014745698,false,נקניקיות איכותיות 400גרם,עוף טוב,IL,נקניקיות עוף טוב,גרמים,400.00,100 גרם,false,0,14.80,3.70,true,1,
7290014761414,false,יולו שכבות שוקו.,,IL,יולו שכבות שוקו.,גרמים,123.00,100 גרם,false,0,4.30,3.50,true,1,
7290014762831,false,נפוליאון+חלפיניו25% 225ג,תנובה,IL,גבינת נפוליאון,גרמים,225.00,100 גרם,false,1,10.00,4.44,true,1,
7290014763456,false,יופלה אקסטרה תות אננס150,תנובה,IL,יופלה אקסטרה פרי,גרמים,150.00,100 גרם,false,1,5.00,3.33,true,1,
7290014763463,false,יופלה אקסטר.תפוח פטל 150,תנובה,IL,יופלה אקסטרה פרי,גרמים,150.00,100 גרם,false,1,5.00,3.33,true,1,
7290014791589,false,תפוזינה לימונדה נענע1.5ל,יפאורה שותפות מובגלת לשיווק,IL,תפוזינה לימונדה,ליטרים,1.50,ליטר,false,0,5.90,3.93,true,1,
7290014910812,false,אוסקר קוואס 1.5 ליטר,יורוליין,IL,אוסקר קוואס,ליטרים,1.50,ליטר,false,1,7.90,5.27,true,1,
7290015037419,false,סלרי אוצר הארץ יחידה,קטיף,IL,סלרי אוצר הארץ יחידה,יחידה,1.00,יחידה,false,0,7.90,7.90,true,1,
7290016006148,false,"שוופס מוגז ענבים 500 מ""ל",יפאורה שותפות מובגלת לשיווק,IL,שוופס מוגז ענבים,מיליליטרים,500.00,"100 מ""ל",false,1,4.60,0.92,true,1,
7290016246025,false,"פינוקיות חלבה ללת""ס20*10",רושדי תעשיות מזון,IL,פינוקיות חלבה,גרמים,200.00,100 גרם,false,1,12.90,6.45,true,1,
7290100684306,false,"רוטב צ'לי מתוק 600 מ""ל",אסם,IL,רוטב צ'לי מתוק,מיליליטרים,600.00,"100 מ""ל",false,0,16.80,2.80,true,1,
7290100850381,false,מיני טעמי 190 גרם,שטראוס,IL,מיני טעמי,גרמים,190.00,100 גרם,false,0,15.90,8.37,true,1,
7290100850916,false,דוריטוס חמוץ חריף 70 גרם,עלית,IL,דוריטוס חמוץ ח,גרמים,70.00,100 גרם,false,0,3.60,5.14,true,1,
7290100850923,false,דוריטוס גריל 70 גרם,עלית,IL,דוריטוס גריל,גרמים,70.00,100 גרם,false,0,3.60,5.14,true,1,
7290100852606,false,קפה טורקי 100*4 גרם,עלית,IL,קפה טורקי 4 יח,גרמים,400.00,100 גרם,false,0,29.90,7.48,true,1,
7290100856253,false,ממרח שוק.ל.תוס.סוכר300ג,שטראוס,IL,ממרח שוקולד פרה,גרמים,300.00,100 גרם,false,0,16.90,5.63,true,1,
7290100929742,false,מרכך מרוכז ארומה,,IL,מרכך מרוכז ארומה,מיליליטרים,900.00,"100 מ""ל",false,0,10.00,1.11,true,1,
7290102393039,false,יוג.מולר מיקס פצפוצים150,טרה,IL,יוגורט מולר מיקס,גרמים,150.00,100 גרם,false,0,5.80,3.87,true,1,
7290102394463,false,ג.צהובה נעם ואקום28% 500,טרה,IL,גבינה צהובה 28%,גרמים,500.00,100 גרם,false,0,26.70,5.34,true,1,
7290102397150,false,משקה יוגsip.אפרסק/פספ250,טרה,IL,משקה יוגורט מולר,מיליליטרים,250.00,"100 מ""ל",false,1,5.10,2.04,true,1,
7290103401429,false,קפה נמס קצב ברזילאי200גר,עלית,IL,קפה נמס ברזילאי,גרמים,200.00,100 גרם,false,0,28.90,14.45,true,1,
7290104061448,false,חומוס עם חריף אחלה 400 ג,שטראוס,IL,חומוס חריף אחלה,גרמים,400.00,100 גרם,false,0,10.90,2.73,true,1,
7290104509568,false,במבה ללא גלוטן 80 גרם,אסם,IL,במבה ללא גלוטן,גרמים,80.00,100 גרם,false,0,4.50,5.63,true,1,
7290104720499,false,דני וניל 125*8 גרם,שטראוס,IL,דני וניל 8 יח',קילוגרמים,1.00,"ק""ג",false,0,15.90,15.90,true,1,
7290104721953,false,לקט מסולסלים350ג שטראוס,שטראוס,IL,לקט מסולסלים350ג,גרמים,350.00,100 גרם,false,0,13.00,3.71,true,1,
7290104726712,false,מארז מילקי ט.שוקולד170*8,שטראוס,IL,מארז מילקי 8 יח',ליטרים,1.36,ליטר,false,0,20.90,15.37,true,1,
7290105360755,false,"שמן זית 3 חזק 750 מ""ל",יד מרדכי,IL,שמו זית 3 חזק,מיליליטרים,750.00,"100 מ""ל",false,0,34.90,4.65,true,1,
7290105364883,false,ביסקוויט עד חצות לבן200ג,שטראוס,IL,ביסקוויט עד חצות,גרמים,200.00,100 גרם,false,0,12.90,6.45,true,1,
7290105691934,false,"קמח שמרים 1 ק""ג",תחנת קמח המפרץ,IL,"קמח שמרים 1 ק""ג",קילוגרמים,1.00,"ק""ג",false,0,9.40,9.40,true,1,
7290105693341,false,במבה 25*10 גרם,אסם,IL,במבה 10 יח,גרמים,250.00,100 גרם,false,0,14.90,5.96,true,1,
7290105961525,false,שוק.ספלנדיד מריר85% 100ג,שטראוס,IL,שוקולד ספלנדיד,גרמים,100.00,100 גרם,false,0,10.00,10.00,true,1,
7290105965530,false,בונבוניירה לב לבן קטן50ג,שטראוס,IL,בונבוניירה לב,גרמים,50.00,100 גרם,false,0,9.90,19.80,true,1,
7290106520288,false,דנונה פרו תות 150 גרם,שטראוס,IL,דנונה פרו תות,גרמים,150.00,100 גרם,false,1,4.90,3.27,true,1,
7290106520813,false,תפוצ'יפס בטעם טבעי 50*6ג,עלית,IL,תפוצ'יפס 6 יח,גרמים,300.00,100 גרם,false,0,14.60,4.87,true,1,
7290106523937,false,תפוצ'יפס טבעי 30*7 גרם,שטראוס,IL,תפוצ'יפס 7 יח,גרמים,210.00,100 גרם,false,0,14.10,6.71,true,1,
7290106576537,false,חומוס מסעדה צבר 700גרם,צבר,IL,חומוס מסעדה צבר,גרמים,700.00,100 גרם,false,0,8.90,1.27,true,1,
7290106654945,false,תפוציפס אקסטרא ברבקיו50ג,עלית,IL,תפוצ'יפס אקסטרא,גרמים,50.00,100 גרם,false,0,3.90,7.80,true,1,
7290106661875,false,גב.סקי פאי לימון3% 125גר,שטראוס,IL,סקי מעדן גבינה,גרמים,125.00,100 גרם,false,1,3.70,2.96,true,1,
7290106664494,false,דוריטוס פיצה 70 גרם,עלית,IL,דוריטוס פיצה,גרמים,70.00,100 גרם,false,1,3.60,5.14,true,1,
7290106666399,false,חט.אנרג'י שוקולד חלב26*6,עלית,IL,חטיפי אנרג'י 6יח,גרמים,156.00,100 גרם,false,1,10.00,6.41,true,1,
7290106669499,false,עוגיות שוקולד צ'אנקס135ג,עלית,IL,עוגיות צ'אנקס,גרמים,135.00,100 גרם,false,1,9.90,7.33,true,1,
7290106722064,false,פסק זמן רול חלבה 40 גרם,שטראוס,IL,פסק זמן רול,גרמים,40.00,100 גרם,false,0,4.90,12.25,true,1,
7290106726178,false,דנונה פרו פירות יער150ג,שטראוס,IL,דנונה פרו פ.יער,גרמים,150.00,100 גרם,false,1,4.90,3.27,true,1,
7290106728288,false,סקי עוגת גבינה+תות 125ג,שטראוס,IL,סקי מעדן גבינה,גרמים,125.00,100 גרם,false,1,3.70,2.96,true,1,
7290107280402,false,ג'ט לניקוי כללי,,IL,ג'ט לניקוי כללי,ליטרים,2.00,ליטר,false,0,10.00,5.00,true,1,
7290107641906,false,פינוק רחצה לגבר3ב1 700מל,יוניליוור,IL,פינוק 3 ב1- לגבר,מיליליטרים,700.00,"100 מ""ל",false,1,13.90,1.99,true,1,
7290107643672,false,קליק פופקורן שוק.חלב65גר,יוניליוור,IL,קליק פופקורן,גרמים,65.00,100 גרם,false,1,5.90,9.08,true,1,
7290107644174,false,נשנושים מיקס 200 גרם,בייגל בייגל,IL,נשנושים מיקס,גרמים,200.00,100 גרם,false,1,9.90,4.95,true,1,
7290107644266,false,נמס בכוס עדשים חריף 54גר,יוניליוור,IL,נמס בכוס עדשים,גרמים,54.00,100 גרם,false,1,6.90,12.78,true,1,
7290107876827,false,טבעות זיתים 560 גרם,בית השיטה,IL,טבעות זיתים,גרמים,560.00,100 גרם,false,1,9.80,1.75,true,1,
7290107878074,false,פייבר וואן שקד+אגוז456גר,ג'נרל מילס,US,דגנים פייבר וואן,גרמים,456.00,100 גרם,false,1,12.90,2.83,true,1,
7290107936910,false,עוג.שוק.חלב צ'אנקס162גר,עלית,IL,עוגיות צ'אנקס,גרמים,162.00,100 גרם,false,1,9.90,6.11,true,1,
7290107938884,false,חציל על האש 500 גרם,שטראוס,IL,חציל על האש אחלה,גרמים,500.00,100 גרם,false,1,15.90,3.18,true,1,
7290107940818,false,ספלנדיד TREATS לוז100ג,שטראוס,IL,ספלנדיד TREATS,גרמים,100.00,100 גרם,false,1,11.90,11.90,true,1,
7290107942188,false,קפה אינטנס 15% אספרסו125,שטראוס,IL,קפה אינטנס,גרמים,125.00,100 גרם,false,1,19.90,15.92,true,1,
7290107942409,false,גמדים שלי 100*4 גרם,שטראוס,IL,גמדים שלי 4 יח',גרמים,400.00,100 גרם,false,1,10.00,2.50,true,1,
7290107950152,false,דנונ.יווני פ.יע5.8% 120ג,שטראוס,IL,דנונה יווני,גרמים,120.00,100 גרם,false,1,3.30,2.75,true,1,
7290107950169,false,דנונה יווני קפה5.8% 120ג,שטראוס,IL,דנונה יווני קפה,גרמים,120.00,100 גרם,false,1,3.30,2.75,true,1,
7290108201017,false,קולון סטריפ לכביסה 16יח,רקיט בנקיזר,CA,קולון טבליות,יחידה,1.00,יחידה,false,1,10.00,10.00,true,1,
7290108350616,false,מרכך מקסימה בלו 1 ליטר,סנו,IL,מרכך מקסימה,ליטרים,1.00,ליטר,false,1,15.90,15.90,true,1,
7290108351040,false,מקלות בישום ספא מרגיע75,סנו,IL,מקלות בישום,מיליליטרים,75.00,"100 מ""ל",false,1,19.90,26.53,true,1,
7296073006176,false,"סוכר שופרסל 1 ק""ג",סוגת,IL,סוכר לבן,קילוגרמים,1.00,"ק""ג",false,0,4.20,4.20,true,1,
7296073011217,false,פסטה פנה ריגטה31שופר500ג,שופרסל,IT,פסטה פנה ריגטה,גרמים,500.00,100 גרם,false,0,4.90,0.98,true,1,
7296073011224,false,פסטה פוסילי36שופר 500גרם,שופרסל,IL,פסטה פוסילי,גרמים,500.00,100 גרם,false,0,4.90,0.98,true,1,
7296073020356,false,"כוסות ח""פ שופרסל 150 יח'",שופרסל,,"כוסות ח""פ",יחידה,1.00,יחידה,false,0,6.90,6.90,true,1,
7296073033752,false,שמן קנולה שופרסל 1 ליטר,NV AOR,BE,שמן קנולה 1 ל',ליטרים,1.00,ליטר,false,0,7.30,7.30,true,1,
7296073053750,false,פסטה לומקה ריגטה 48 שופר,שופרסל,IT,פסטה לומקה,גרמים,500.00,100 גרם,false,0,4.90,0.98,true,1,
7296073078883,false,9 מטליות ניקוי כללי שופר,שופרסל,IL,מטליות ניקוי 9יח,יחידה,1.00,יחידה,false,0,7.90,7.90,true,1,
7296073080824,false,שקיות אוכל שופרסל150*2יח,שופרסל,IL,שקיות אוכל 2 יח,יחידה,1.00,יחידה,false,0,9.90,9.90,true,1,
7296073094753,false,חלווה וניל שופרסל 500 גר,"אחדות בע""מ א.ת. ברקן",IL,חלווה וניל,גרמים,500.00,100 גרם,false,0,12.20,2.44,true,1,
7296073108368,false,לקט הגינה שטוף 300גרם,פרסקו,IL,לקט הגינה שטוף,גרמים,300.00,100 גרם,false,0,9.90,3.30,true,1,
7296073116769,false,קוקוס טחון שופרסל 100גרם,מיה,IL,קוקוס טחון,גרמים,100.00,100 גרם,false,0,3.80,3.80,true,1,
7296073118787,false,תע חסה אלון שטופה 350גרם,פרסקו,IL,תע חסה אלון,גרמים,350.00,100 גרם,false,0,9.90,2.83,true,1,
7296073132820,false,סלק בואקום 500 גרם,שופרסל,XX,סלק בואקום 500ג,גרמים,500.00,100 גרם,false,0,8.00,1.60,true,1,
7296073151555,false,"מלח שולחן שופרסל 1 ק""ג",מלח הארץ אילת,IL,מלח שולחן שופרסל,קילוגרמים,1.00,"ק""ג",false,0,1.80,1.80,true,1,
7296073163114,false,נקניקיות מיני שופרסל600ג,מעדני יחיעם,IL,נקניקיות מיני,גרמים,600.00,100 גרם,false,0,15.90,2.65,true,1,
7296073195900,false,אטריות דקות שופרסל 400ג,שיבולים בני דרום,IL,אטריות דקות,גרמים,400.00,100 גרם,false,0,4.90,1.23,true,1,
7296073205081,false,מיונז,,IL,מיונז,גרמים,500.00,100 גרם,false,0,6.90,1.38,true,1,
7296073209249,false,ספגיות קירצוף 6 יחידות,פלסטו פוליש,IL,ספוגיות קירצוף,יחידה,1.00,יחידה,false,0,4.90,4.90,true,1,
7296073211624,false,"פילה אמנון ק""ג",שופרסל,CN,פילה אמנון,קילוגרמים,0.00,"ק""ג",true,0,32.90,32.90,true,1,
7296073214137,false,פלחי אפרסקים,,CN,פלחי אפרסקים,גרמים,820.00,100 גרם,false,0,7.90,0.96,true,1,
7296073215875,false,כמון טחון,,IL,כמון טחון,גרמים,100.00,100 גרם,false,0,7.70,7.70,true,1,
7296073216261,false,פפריקה מתוקה,,IL,פפריקה מתוקה,גרמים,80.00,100 גרם,false,0,6.10,7.63,true,1,
7296073218753,false,פתי בר שופרסל 500 גרם,BV BISCUIT PALLY,NL,פתי בר,גרמים,500.00,100 גרם,false,0,8.90,1.78,true,1,
7296073218920,false,לחם אחיד פרוס שופרסל 750,מאפיית שלמה א. אנג'ל,IL,לחם אחיד פרוס,גרמים,750.00,100 גרם,false,0,5.70,0.76,true,1,
7296073219149,false,פירורי לחם מוזהב,,IL,פירורי לחם מוזהב,גרמים,350.00,100 גרם,false,0,6.90,1.97,true,1,
7296073219262,false,קפה טורקי עם הל,,IL,קפה טורקי עם הל,גרמים,100.00,100 גרם,false,0,5.90,5.90,true,1,
7296073219347,false,לחם אחיד פרוס750ג שופרסל,מאפית ברמן,IL,לחם אחיד פרוס,גרמים,750.00,100 גרם,false,0,5.70,0.76,true,1,
7296073219675,false,פלפל שחור גרוס,,IL,פלפל שחור גרוס,גרמים,80.00,100 גרם,false,0,9.70,12.13,true,1,
7296073222286,false,עוגיות מלוחות+שומשום400ג,פיורי די פוגליה אס.פי.אי,IT,עוגיות מלוחות,גרמים,400.00,100 גרם,false,1,12.80,3.20,true,1,
7296073223115,false,תה קלאסי,,LK,תה קלאסי,גרמים,150.00,100 גרם,false,0,9.80,6.53,true,1,
7296073225768,false,סלט מטבוחה שופרסל 400גרם,סלטי שמיר,IL,סלט מטבוחה,גרמים,400.00,100 גרם,false,0,8.50,2.13,true,1,
7296073229964,false,פיצוצי שוקו,,IL,פיצוצי שוקו,גרמים,750.00,100 גרם,false,0,15.90,2.12,true,1,
7296073230410,false,"כוסות קפה ח""פ",,IL,"כוסות קפה ח""פ",יחידה,1.00,יחידה,false,0,7.90,7.90,true,1,
7296073230755,false,מיץ ענבים תירוש 1 ליטר,יקבי ירושלים,IL,מיץ ענבים תירוש,ליטרים,1.00,ליטר,false,0,12.90,12.90,true,1,
7296073231547,false,חלב 1% בקרטון שופרסל 1ל,מחלבות רמת הגולן,IL,חלב 1% קרטון 1ל',ליטרים,1.00,ליטר,false,1,5.10,5.10,true,1,
7296073231554,false,חלב 3% בקרטון שופרסל 1ל,מחלבות רמת הגולן,IL,חלב 3% קרטון 1ל',ליטרים,1.00,ליטר,false,1,5.30,5.30,true,1,
7296073231578,false,שוקו בקרטון שופרסל 1 ל',מחלבות רמת הגולן,IL,שוקו קרטון 1ליטר,ליטרים,1.00,ליטר,false,1,7.90,7.90,true,1,
7296073236122,false,"צלחת ח""פ9"" עבה במיוחד66",.,CN,צלחת חד פעמית,יחידה,1.00,יחידה,false,1,22.90,22.90,true,1,
7296073237747,false,חמאה הולנדית 200 גרם,SPRL MATHOT,BE,חמאה הולנדית,גרמים,200.00,100 גרם,false,1,6.80,3.40,true,1,
7296073238584,false,מטען מיקרומUSB לבית,פוג'יקום,CN,מטען מיקרומUSB,יחידה,1.00,יחידה,false,1,34.90,34.90,true,1,
7296073238867,false,כבל סנכרון למכשירי USB,פוג'יקום,CN,כבל סנכרון,יחידה,1.00,יחידה,false,1,19.90,19.90,true,1,
7296073241133,false,"עוגיות איטלקיות 1 ק""ג",קריק,IT,עוגיות איטלקיות,קילוגרמים,1.00,"ק""ג",false,1,11.90,11.90,true,1,
7296073243359,false,ביצים M שופרסל 12 יחידות,גליקסמן,IL,ביצים 12יחידות M,יחידה,1.00,יחידה,false,1,10.55,10.55,true,1,
7296073243366,false,ביצים L שופרסל 12 יחידות,גליקסמן,IL,ביצים 12 יחידותL,יחידה,1.00,יחידה,false,1,11.45,11.45,true,1,
7296073244868,false,"5 סכיני גילוח ח""פ לגברים",שופרסל,IL,סכיני גילוח גבר,יחידה,1.00,יחידה,false,1,9.90,9.90,true,1,
7296073246909,false,שמן קוקוס אורגני גרין330,נמק אגרו אינדוסט,LK,שמן קוקוס,מיליליטרים,330.00,"100 מ""ל",false,1,28.90,8.76,true,1,
7296073248477,false,55 צימרוני שסתום לתינוק,LTD CO S.T.O,CN,צימרוני שסתום,יחידה,1.00,יחידה,false,1,4.90,4.90,true,1,
7296073254287,false,"אל סבון  כחול 3 500* מ""ל",שופרסל,IL,אל סבון נוזלי,מיליליטרים,1500.00,"100 מ""ל",false,1,9.00,0.60,true,1,
7296073261384,false,"אל סבון  מעורב 3 500* מ""",שופרסל,IL,אל סבון נוזלי,מיליליטרים,1500.00,"100 מ""ל",false,1,9.00,0.60,true,1,
7296073263487,false,נודלס מוקפץ 550 גרם,סי.אי.פי מבוא חורון,IL,נודלס מוקפץ,גרמים,550.00,100 גרם,false,1,14.90,2.71,true,1,
7296073263500,false,קוסקוס עם ירקות 650גרם,סי.אי.פי מבוא חורון,IL,קוסקוס עם ירקות,גרמים,650.00,100 גרם,false,1,14.90,2.29,true,1,
7622300617820,false,שוקולד מילקה אוראו 100 ג,מונדלייז,DE,שוקולד מילקה,גרמים,100.00,100 גרם,false,0,5.00,5.00,true,1,
8000380007264,false,ופלים לואקר ט.קקאו 175גר,לואקר,IT,ופלים לואקר,גרמים,175.00,100 גרם,false,0,11.80,6.74,true,1,
8000380156856,false,שוקולד לואקר לבן 87 גרם,לואקר,IT,שוקולד לואקר,גרמים,87.00,100 גרם,false,0,8.80,10.11,true,1,
8000500029350,false,קינדר בואנו 43*3 גרם,פררו - אלבה,IT,קינדר בואנו,גרמים,129.00,100 גרם,false,0,10.90,8.45,true,1,
8001090162496,false,אריאל פודס קפסולות 42 יח,פרוקטר & גמבל,FR,אריאל פודס,יחידה,1.00,יחידה,false,1,46.90,46.90,true,1,
8002450201008,false,"רספברי ספרקלטיני 750 מ""ל",בוסקה,IT,רספברי ספרקלטיני,מיליליטרים,750.00,"100 מ""ל",false,0,19.90,2.65,true,1,
8410179007489,false,פסטה פרפלה בורחס 500גרם,דה מטיאס אגרו,IT,פסטה פרפלה,גרמים,500.00,100 גרם,false,0,7.10,1.42,true,1,
8410510015029,false,שוקולד ממולא,,ES,שוקולד ממולא,גרמים,100.00,100 גרם,false,0,4.90,4.90,true,1,
8420241129582,false,חטיפי מיני נוגט בוטני200,נטרה,ES,חטיפי מיני נוגט,גרמים,200.00,100 גרם,false,0,9.80,4.90,true,1,
8423207206488,false,סלים דליס מצופה שוקולד6י,סלים דליס,ES,חטיפי דגנים מרבה,גרמים,120.00,100 גרם,false,0,10.00,8.33,true,1,
8690637673887,false,אקס בודי ספריי גולד 150מ,יוניליוור,TR,אקס ספריי לגוף,מיליליטרים,150.00,"100 מ""ל",false,0,19.70,13.13,true,1,
8714599513897,false,קפה נמס ג'קובס קרוננג300,ג'יי.די.אי.,RU,קפה נמס ג'קובס,גרמים,300.00,100 גרם,false,1,29.90,9.97,true,1,
8715700419732,false,מתבל עגבניות היינץ700גרם,היינץ,NL,מתבל עגבניות,גרמים,700.00,100 גרם,false,0,12.90,1.84,true,1,
