code,internal_code,name,manufacturer_name,manufacture_country,manufacturer_item_description,unit_qty,quantity,unit_of_measure,weighted,qty_in_package,price,unit_of_measure_price,allow_discount,status,item_id
18389423,false,סינטה עגל,,,סינטה עגל,קילוגרמים,1.00,"ק""ג",true,,129.00,129.0000,true,1,234345
18389430,false,סינטה עגל,,,סינטה עגל,קילוגרמים,1.00,"ק""ג",true,,129.00,129.0000,true,1,234346
18389621,false,סינטה עגל,,,סינטה עגל,קילוגרמים,1.00,"ק""ג",true,,129.00,129.0000,true,1,234347
18389638,false,סינטה עגל,,,סינטה עגל,קילוגרמים,1.00,"ק""ג",true,,129.00,129.0000,true,1,234348
32147230,false,לימונית - מיץ לימון משומר,ג'נרל מילס סאן אדריא,CH,מיץ לימון סיצילייה 2,,200.00,100 גרם,false,,8.90,0.0445,true,1,160410
40052403,false,קיט קט אצבעות 40 גרם,נסטלה Nestle,,קיט קאט אצבעות 36 גר,,36.00,100 גרם,false,,4.90,0.1361,true,1,154974
40084107,false,ביצת שוקולד הפתעה קינדר,קריות זול,IT,ביצת הפתעה קינדר 20ג,,20.00,100 גרם,false,,6.50,0.3250,true,1,166279
54051140,false,מעדן סויה טעם וניל אלפרו רביעיה * 125 ג',הנסיך- מפעל לייצור ט,BE,אלפרו מעדן סויה וניל,,500.00,100 גרם,false,,16.90,0.0338,true,1,142816
59016441,false,"רקסונה - דאודורנט רול און לאישה פרוט ספין 50 מ""ל",,,רקסונה רול און פרוט,,50.00,100 גרם,false,,14.90,0.2980,true,1,231652
59082521,false,"רקסונה - דאודורנט רול און לאישה בלו פופי 50 מ""ל",יוניליוור,GB,רקסונה רול און בלו פ,,50.00,,false,,14.90,0.2980,true,1,230772
59082637,false,"רקסונה - דאודורנט רולאון לגבר אקסטרא קול 50 מ""ל",רקסונה Rexona,,רקסונה מן רול און אק,,50.00,,false,,14.90,0.2980,true,1,224035
59085645,false,דאודורנט רול און בניחוח אסאי,דאב Dove,,דאב רולאון אסאי 50,,50.00,,false,,14.90,0.2980,true,1,235173
72917367,false,טעמי חטיף במילוי קרם נוגט וקרמל,"שטראוס גרופ בע""מ",IL,טעמי 40 גרם,,40.00,100 גרם,false,,4.90,0.1225,true,1,161542
72940754,false,מעדן מילקי בטעם וניל עם קצפת,"שטראוס גרופ בע""מ",IL,מילקי וניל,,170.00,,false,,3.00,0.0176,true,1,150840
72940761,false,מעדן מילקי בטעם שוקולד עם קצפת,מיוצר עי קונדיטוריית,IL,מילקי שוקו,,170.00,,false,,3.00,0.0176,true,1,150841
72940952,false,מעדן מילקי בטעם שוקולד עם אקסטרה קצפת,"שטראוס גרופ בע""מ",IL,מילקי פי 2 קצפת,,110.00,100 גרם,false,,3.90,0.0355,true,1,150843
72940976,false,כרוב אדום אחלה 250גר,מיוצר עי קונדיטוריית,IL,כרוב אדום אחלה 250גר,,250.00,100 גרם,false,,9.50,0.0380,true,1,216239
72941041,false,מעדן מילקי מיני בטעם שוקולד עם קצפת,"שטראוס גרופ בע""מ",IL,מיני מילקי שוקולד 70,,70.00,,false,,2.40,0.0343,true,1,150846
72945308,false,קוביות שמרים לאפיה שמרית 2*25 ג',"פאקא תעשיות בע""מ",IL,שמרית קוביות שמרים ל,,50.00,,false,,4.20,0.0840,true,1,150847
72961506,false,יוגורט עם תות 1.5% שומן 125 ג' פרילי,מיוצר עי קונדיטוריית,IL,יוגורט עם תות 1.5% פ,,125.00,100 גרם,false,,3.60,0.0288,true,1,145639
72961520,false,יוגורט עם אננס 1.5% שומן 125 ג' פרילי,מיוצר עי קונדיטוריית,IL,יוגורט עם אננס 1.5%,,125.00,100 גרם,false,,3.60,0.0288,true,1,145641
72961544,false,באדי יוגורט בטעם תות שדה 3%,מחלבת אלון תבור,IL,יוגורט בטעם תות שדה,,125.00,100 גרם,false,,3.10,0.0248,true,1,145642
72963753,false,שמנת אורגינל של פעם 27% שומן 200 ג' תנובה,תנובה מרכז שיתופי לש,IL,שמנת של פעם 27% תנוב,,200.00,,false,,4.50,0.0225,true,1,145649
72964132,false,פרילי טבע עם גרנולה 1.5% 200מל,מיוצר עי קונדיטוריית,IL,פרילי טבעי עם גרנולה,,150.00,100 גרם,false,,5.40,0.0360,true,1,145651
72964422,false,תנובה יוגורט פרחים 4.5% 200מל,מחלבת תנובה,IL,יוגורט פרחים תנובה 4,,200.00,,false,,3.00,0.0150,true,1,145652
72983997,false,סיגריות גולף גולד 10,דובק,,גולף גולד ארוך,יחידה,0.00,יחידה,false,,30.00,0.0000,false,1,158982
72986233,false,מעדן וניל 2% שומן 125 ג' באדי,מחלבת אלון תבור,IL,באדי וניל בדץ 125מל,,125.00,,false,,3.10,0.0248,true,1,145653
72986370,false,"גלידת בן & ג'ריס פיינטים וניל 500מ""ל",מוצרי איכות אמריקאים,IL,בן&גריס גלידה פיינטי,,420.00,100 גרם,false,,19.90,0.0474,true,1,133128
72986424,false,"גלידת בן & ג'ריס פיינטים קרם עוגיות 500מ""ל",מוצרי איכות אמריקאיי,IL,בן&גריס גלידה פיינטי,יחידה,420.00,יחידה,false,,19.90,0.0474,true,1,133129
72986448,false,"גלידת בן & ג'ריס פיינטים טופי קראנץ 500מ""ל",מוצרי איכות אמריקאיי,IL,בן&גריס גלידה טופי ק,יחידה,420.00,יחידה,false,,19.90,0.0474,true,1,133130
72986479,false,"צ'אנקי מנקי גלידת וניל, בננות, חתיכות פאדג' ואגוזים",מוצרי איכות אמריקאיי,IL,בן&גריס גלידה צאנקי,,420.00,,false,,19.90,0.0474,true,1,133132
72989425,false,"גלידת בן & ג'ריס פיינטים שוקולד בראוניז 500מ""ל",מוצרי איכות אמריקאיי,IL,בן&גריס גלידה פיינטי,יחידה,500.00,יחידה,false,,19.90,0.0398,true,1,133133
72991008,false,פסק זמן חלב מגדים 45גרם,"שטראוס גרופ בע""מ",IL,פסק זמן חלב מגדים 45,,45.00,,false,,5.30,0.1178,true,1,161553
72991374,false,סיגריות טיים רד חפיס,דובק,,טיים קצר,יחידה,0.00,יחידה,false,,29.00,0.0000,false,1,158984
72991886,false,"גלידת דולצ'ה בטעם ריבת חלב עם פאדג' בן וג'ירי 500 מ""ל",מוצרי איכות אמריקאיי,IL,בן&גריס גלידה ריבת ח,,750.00,100 גרם,false,,19.90,0.0265,true,1,133134
72993637,false,מעדן חלב בטעם שוקולד 125 ג' דני,מחלבת אחיהוד,IL,דני מהדרין שוקו בודד,,125.00,100 גרם,false,,2.70,0.0216,true,1,150859
72993927,false,נקסט לייט ארוך חפיסה,פיליפ מוריס,,נקסט ארוך,יחידה,0.00,יחידה,false,,30.00,0.0000,false,1,157348
72994061,false,חטיף פסק זמן Z Good ופל מגולגל,שולן צ'יקולטה גידה ס,TR,פסק זמן טו גוד 36גר,,36.00,100 גרם,false,,5.30,0.1472,true,1,161566
76106071,false,"מיץ ליים משומר 200מ""ל",Sicilia סיציליה,,מיץ לימון משומר 200מ,,200.00,100 גרם,false,,8.90,0.0445,true,1,224131
80042563,false,רסק עגבניות 700 ג' (צהוב) MUTTI,"איי, בי, אינבוו",IT,רסק עגבניות 700גר (צ,,700.00,,false,,13.90,0.0199,true,1,203051
80050025,false,סוכריות תפוז 16 ג' טיק טק,קריות זול,ZA,טיק טק תפוז 16גר,,16.00,,false,,3.90,0.2437,true,1,166281
80050278,false,פררו רושר חטיף כדורים שלישיה 40ג',קריות זול,IT,רושר חטיף 37.5גר,,37.50,100 גרם,false,,6.00,0.1600,true,1,218082
80136194,false,חטיפי הפי היפו Happy Hippo במילוי קרם חלבי ואגוזי לוז,קינדר Kinder,DE,הפי היפו אגוזי לוז 5,יחידה,0.00,יחידה,false,,14.90,0.0000,true,1,183310
80176732,false,קינדר הפי היפו 28 יחידות,קריות זול,DE,הפי היפו חטיף 20גר,,20.00,100 גרם,false,,3.90,0.1950,true,1,166291
80177173,false,ממרח אגוזי לוז עם קקאו,נוטלה Nutella,IT,ממרח אגוזי לוז נוטלה,,350.00,,false,,14.90,0.0426,true,1,166293
80177609,false,אצבעות שוקולד קינדר Kinder ארבע יחידות,קריות זול,IT,קינדר אצבעות שוקולד,,50.00,100 גרם,false,,4.90,0.0980,true,1,166295
80177616,false,אצבעות שוקולד קינדר Kinder שמונה יחידות,קריות זול,IT,קינדר אצבעות שוקולד,,100.00,100 גרם,false,,8.90,0.0890,true,1,130447
80310549,false,הפי היפו חטיף קינדר שוקולד לבן 20.5ג',קריות זול,DE,הפי היפו חטיף אגוזי,,20.00,100 גרם,false,,3.90,0.1950,true,1,209230
80310891,false,ביצת הפתעה קינדר ג'וי כתום,קריות זול,ZA,קינדר ג'וי 20 גרם,,20.00,100 גרם,false,,6.50,0.3250,true,1,239338
80769545,false,מסטיק מנטוס פיור פרש בבקבוק בינוני בטעם לימון 60 ג',פרפטי ואן מלה הולנד,TR,מסטיק מנטוס פיור פרש,,60.00,100 גרם,false,,9.90,0.1650,true,1,211574
80773429,false,מסטיק מנטוס פיור פרש בבקבוק בינוני בטעם תות 60 ג',פרפטי ואן מלה הולנד,TR,מסטיק מנטוס פיור פרש,,60.00,100 גרם,false,,9.90,0.1650,true,1,209827
80773443,false,מסטיק מנטוס בבקבוק מעוגל בטעם מנטה מעודנת 60 ג',פרפטי ואן מלה הולנד,TR,מסטיק מנטוס בקבוק מע,,60.00,,false,,9.90,0.1650,true,1,207699
80790990,false,מסטיק מנטוס בבקבוק מעוגל בטעם פירות -מנטה 60 ג',פרפטי ואן מלה הולנד,TR,מסטיק מנטוס בקבוק מע,,60.00,100 גרם,false,,9.90,0.1650,true,1,207700
80843184,false,מנטוס מסטיק פיור פרש בטעם ענבים 60גר,פרפטי ואן מלה הולנד,TR,מסטיק מנטוס פיור פרש,,60.00,100 גרם,false,,9.90,0.1650,true,1,235484
80896081,false,מסטיק מנטוס פיור פרש בבקבוק בינוני בטעם אבטיח 60 ג',פרפטי ואן מלה הולנד,TR,מנטוס מסטיק פיור פרש,,60.00,100 גרם,false,,9.90,0.1650,true,1,209828
80913467,false,מסטיק מנטו בבקבוק מעוגל בטעם מנטה 60 ג',פרפטי ואן מלה הולנד,TR,מסטיק מנטוס בבקבוק מ,,60.00,100 גרם,false,,9.90,0.1650,true,1,207701
80936459,false,שלישיית ביצי שוקולד,,,שלישיית ביצי שוקולד,,60.00,100 גרם,false,,9.90,0.1650,true,1,236551
80936848,false,סוכריות טיק טק תות שדה 24 יח',קדבורי,ZA,טיק טק בטעם תות שדה,,16.00,100 גרם,false,,3.90,0.2437,true,1,166300
80979128,false,מסטיק מנטוס פיור בטעם דובדבן 60 ג',פרפטי ואן מלה הולנד,TR,מסטיק מנטוס פיור פרש,,60.00,,false,,9.90,0.1650,true,1,235483
80995128,false,מנטוס - מסטיק בטעם הדרים בתוספת ויטמינים 60 גרם,פרפטי ואן מלה הולנד,TR,מנטוס מסטיק בטעם הדר,,60.00,100 גרם,false,,9.90,0.1650,true,1,239510
87108538,false,סוכריות מנטוס Mentos תות שדה,הדקלאים אגודת שיתופי,NL,מנטוס תות בגליל בודד,,37.50,100 גרם,false,,3.90,0.1040,true,1,148110
87108651,false,מארז סוכריות מנטוס Mentos מנטה,הדקלאים אגודת שיתופי,NL,סוכריות מנטוס מנטה ר,,37.50,100 גרם,false,,12.90,0.3440,true,1,148111
90087769,false,הפי דיי נקטר אננס לל,Rauch fruchtsafte gm,,הפי דיי נקטר אננס לל,,1000.00,,false,,12.90,0.0129,true,1,133785
90087974,false,"חומץ תפוחים 5% 750 מ""ל",ראוך פרוכטסאפה,,חומץ תפוחים 5% 750מל,,750.00,100 גרם,false,,13.90,0.0185,true,1,194620
90087998,false,מיץ לימון טבעי 250 מ,Rauch fruchtsafte gm,,"מיץ לימון 250מ""ל",,250.00,100 גרם,false,,5.90,0.0236,true,1,133786
8112100298,false,שמן שומשום טהור לא מ,Flavor full foods in,,שמן שומשום טהור 185מ,,185.00,,false,,14.90,0.0805,true,1,159386
11210000094,false,"רוטב ""טבסקו"" על בסיס פלפל אדום 60 מ""ל",מקאילהייני אייבורי,US,טבסקו אדום 60מל,,60.00,100 גרם,false,,10.90,0.1817,true,1,133568
11210007253,false,"רוטב ""טבסקו"" על בסיס פלפל אדום ושום 60 מ""ל",מקאילהייני אייבורי,US,טבסקו שום 60מל,,60.00,,false,,10.90,0.1817,true,1,133569
16000185517,false,דגני בוקר פייבר וואן עתירי סובין FIBRE1,בטר אנד דיפרנט,US,*מבצע* דגני פייבר וו,,555.00,,false,,19.90,0.0359,true,1,237501
16000548503,false,ניטשר ואלי קראנצי חטיף גרנולהומייפל 10 יח' 210 ג',ג'נרל מילס סאן אדריא,ES,ניטשר וואלי חטיף קרא,,210.00,100 גרם,false,,21.90,0.1043,true,1,148146
18000766413,false,תערובת בראוניס פילסברי 500 גר',הדקלאים אגודת שיתופי,IL,תערובת עוגת בראוניס,,550.00,100 גרם,false,,19.50,0.0355,true,1,148155
25675301184,false,פשקס - חמצוצים מקלות קולה 50 גרם,פשקז Paskesz,NL,מקלות חמוצים קולה 50,,50.00,100 גרם,false,,5.90,0.1180,true,1,154296
29424000687,false,גלילי ופל מנעמים אגוז 100גר,,,גלילי וופל אגוז מנעמ,,100.00,100 גרם,false,,5.90,0.0590,true,1,212911
29424000854,false,גלילי וופל מנעמים שו,,,גלילי וופל מנעמים שו,,100.00,,false,,5.90,0.0590,true,1,212912
33617322616,false,קרקר ואזה מקמח שיפון,כלורוקס אוקלנד,SE,קרקר ואזה מקמח שיפון,,270.00,,false,,13.90,0.0515,true,1,149027
36000516876,false,קלינקס - טישו לושן 3 שכבות 75 דף,חוגלה קימברלי,GB,קלינקס לושן 75 יח,,75.00,,false,,12.90,0.1720,true,1,229738
37600207287,false,חמאת בוטנים סקיפי עם דבש,חברת המזון אלגוד.,US,חמאת בוטנים עם דבש ס,,462.00,100 גרם,false,,24.90,0.0539,true,1,137513
38000138638,false,חטיף צ'יפס בטעם פיצה,פרינגלס מנופקצורינג,US,פרינגלס פיצה 158גר,,158.00,100 גרם,false,,10.90,0.0690,true,1,206634
38000232152,false,פרינגלס ברביקיו 158 גרם – חדש,פרינגלס מניופקצ'ורינ,US,פרינגלס ביג ברביקיו,,158.00,100 גרם,false,,10.90,0.0690,true,1,230237
38000232176,false,חטיף צ'יפס שמנת חמוצה ובצל,פרינגלס מניופקצ'ורינ,US,פרינגלס ביג שמנת ובצ,,149.00,,false,,10.90,0.0732,true,1,230236
38000232183,false,פרינגלס אורגינל 149 גרם,פרינגלס מניופקצ'ורינ,US,פרינגלס ביג אורגינל,,149.00,100 גרם,false,,10.90,0.0732,true,1,230235
38527591053,false,קוואקר מרובעים קינמון דגני בוקר 412 גרם,BEVERAGES FOODS & SE,US,דגני בוקר קוואקר מרו,,412.00,100 גרם,false,,21.90,0.0532,true,1,141667
38527591060,false,דגני קוואקר מרובעים Quaker Squares עם סוכר חום,BEVERAGES FOODS & SE,US,דגני בוקר קוואקר מרו,,412.00,100 גרם,false,,21.90,0.0532,true,1,141668
40000513568,false,סוכריות אם אנד אמס M&M שוקולד חלב,M&M אם אנד אם,US,אמ&אמס אריזה גדולה ש,,156.00,100 גרם,false,,11.90,0.0763,true,1,209467
40000514480,false,M&M אריזה קטנה's שוקולד אריזה קטנה 48 גרם,M&M אם אנד אם,,אמ&אמס עדשי שוקולד 4,,48.00,100 גרם,false,,4.90,0.1021,true,1,204092
40000514510,false,M&M אריזה קטנה's בוטנים אריזה קטנה 49 גרם,M&M אם אנד אם,,אמ&אמס עדשי שוקולד ב,,49.00,100 גרם,false,,4.90,0.1000,true,1,203349
44164063914,false,פתיל צף מוכן לשימוש כ- 50 יחידות,שרגא SHRAGA,,פתיל צף מוכן לשימוש,יחידה,0.00,יחידה,false,,5.90,0.0000,true,1,236373
46214382259,false,עוגיות בראוניס שוקולד 225 ג',בנקטבקריי מרבה בי.וי,NL,עוגיות בראוניס שוקול,,200.00,100 גרם,false,,11.90,0.0595,true,1,142833
50000100347,false,"פריסקיז - מעדני החתול מועשר בחלב 1.40 ק""ג",נסטלה פורינה USA מק,US,פריסקיז מעדני החתול,קילוגרמים,1.40,"ק""ג",false,,39.90,28.5000,true,1,134781
50000168583,false,"פריסקיז אקסטרא קראנץ 1.43 ק""ג",פורינה,US,פריסקיז אקסטרא קראנץ,,1430.00,100 גרם,false,,39.90,0.0279,true,1,234617
50000225224,false,פריסקיז Friskies הודו ברוטב,פורינה Purina,US,פריסקיז פילה הודו בר,,156.00,100 גרם,false,,6.50,0.0417,true,1,196716
50000292592,false,פנסי פיסט לחתול סלמון וסול ברוטב עשיר 85ג',נסטלה פורינה USA ג',,פנסי פיסט סלמון וסול,,85.00,100 גרם,false,,6.50,0.0765,true,1,134784
50000292615,false,פנסי פיסט נתחי עוף לבבות וכבד 85 גר,,,פנסי פיסט לבבות עוף,,85.00,100 גרם,false,,6.50,0.0765,true,1,134785
50000429042,false,פנסי פיסט - כבד עם מעדני עוף 85 גרם,נסטלה פורינה USA ג',US,פנסי פיסט כבד עם מעד,,85.00,,false,,6.50,0.0765,true,1,134792
54881000208,false,תה שחור לימון ןגינגר,תה אחמד Ahmad tea,,תה אנגלי שחור לימון,יחידה,0.00,יחידה,false,,9.90,0.0000,true,1,212234
54881006941,false,תה שחור תפוח 20 שקיות AHMAD TEA,גיבונג אינדסקיאלס,,תה אנגלי שחור תפוח 2,יחידה,0.00,יחידה,false,,9.90,0.0000,true,1,212229
54881006958,false,תה שחור קינמון 20 שקיות AHMAD TEA,תה אחמד Ahmad tea,,תה אנגלי שחור קינמון,יחידה,0.00,יחידה,false,,9.90,0.0000,true,1,212235
54881008945,false,תה ירוק 20 שקיות AHMAD TEA,תה אחמד Ahmad tea,,תה אנגלי ירוק 20שק,יחידה,0.00,יחידה,false,,9.90,0.0000,true,1,196731
55369903295,false,אפלסנקס צנצנת רסק תפוחי עץ ללא תוספת סוכר 652 גרם עברית אישור א.י.ל לחולי סוכרת,לייהי אורצרדס,CA,"רסק תפו""ע בצנצנת ללא",,652.00,,false,,15.50,0.0238,true,1,215050
70221011116,false,טובלרון - שוקולד חלב 100 ג',טובלרון Toblerone,,טובלרון שוקולד חלב 1,,100.00,100 גרם,false,,9.90,0.0990,true,1,224857
73490129919,false,ביסקוויט קסטה הדר 250 ג',אפיפית נצרת,IL,ביסקוויט קסטה 250 גר,,250.00,100 גרם,false,,7.90,0.0316,true,1,227396
73490130359,false,אפיפית קרם קרקר 250 ג,אפיפית נצרת,IL,קרם קרקר 250גר,,250.00,,false,,6.90,0.0276,true,1,156615
73490130946,false,ביסקוויט פתיבר 500 ג,אפיפית נצרת,IL,פתי בר וניל 500 גרם,,500.00,,false,,8.90,0.0178,true,1,156616
73490130953,false,פתי בר ביסקוויט בטעם שוקו,אפיפית נצרת,IL,פתי בר שוקו 500 גרם,,500.00,100 גרם,false,,8.90,0.0178,true,1,156617
76840002542,false,"גלידת בן & ג'ריס פיינט נטפליקס וצ'ילד 500מ""ל",מוצרי איכות אמריקאים,IL,בן&גריס גלידה פיינט,יחידה,0.00,יחידה,false,,19.90,0.0000,true,1,231434
76840100583,false,"גלידת וניל עם בצק עוגיות בן וג'ירי 473 מ""ל",מוצרי איכות אמריקאיי,IL,בן&גריס גלידה וניל+ב,,473.00,,false,,19.90,0.0421,true,1,133148
76840400218,false,"גלידה בן&ג'ריס תות שדה ועוגת גבינה 500מ""ל",מוצרי איכות אמריקאיי,IL,בן&גריס גלידה עוגת ג,יחידה,473.00,יחידה,false,,19.90,0.0421,true,1,133166
77245110610,false,סוכריות מאסט ללא סוכר בטעם מנטה 80 ג'עלית,MIESZKO S.A - MS. JO,IL,מאסט סוכריות ללא סוכ,,80.00,100 גרם,false,,8.90,0.1113,true,1,161581
77343000233,false,נרות חימום אורה 50,קריות זול,IL,להבונים 50יח,יחידה,0.00,יחידה,false,,9.90,0.0000,true,1,132619
77975094778,false,סניידרס שברי בייגל בטעם דבש וחרדל 340 גר,סניידרס Snyder's,US,סניידרס בטעם דבש חרד,,340.00,100 גרם,false,,16.90,0.0497,true,1,234880
80432402931,false,"שיבאס וויסקי ריגאל 12 שנה 700 מ""ל",מזקקת האחים שיבאס,GB,וויסקי שיבאס 700מל,,700.00,100 גרם,false,,119.00,0.1700,true,1,132137
80518532743,false,שקית בלון 50 בלונים,NORTHERN,,בלוני גומי רמה 3,יחידה,0.00,יחידה,false,,11.90,0.0000,true,1,143812
80518532880,false,סט משאבה עם בלונים,גמר,,סט משאבה+בלונים,יחידה,0.00,יחידה,false,,15.90,0.0000,true,1,143814
634065859329,false,אוזניות שחור imx,,,אוזניות שחור IMX,יחידה,0.00,יחידה,false,,29.90,0.0000,true,1,232105
645173911038,false,קורנישון מלפפוןן מיני 720 גרם - תומר,קלמן אינדיה,,קורנישון מיני 720גר,,720.00,100 גרם,false,,11.90,0.0165,true,1,133811
651080647519,false,"פלאקרס ""פלוסר ""חוט דנטלי ירוק -מנטה",המאפיה של הרמן,US,"פלאקרס ""פלוסר"" חוט ד",יחידה,0.00,יחידה,false,,10.90,0.0000,true,1,235550
728229123811,false,חטיף על בסיס ירקות שורש בתיבול ים תיכוני,הונדורס צ'יפס יצור א,HN,ציפס חטיף טרה ירקות,,110.00,100 גרם,false,,14.90,0.1355,true,1,160429
729011726254,false,דונאטס מצופה,,,דונאטס מצופה,יחידה,0.00,יחידה,false,,5.90,0.0000,true,1,239976
768404001640,false,"גלידה בן&ג'ריס קפה משפחתית 500מ""ל",מוצרי איכות אמריקאיי,IL,בן&גריס גלידה פיינטס,,473.00,100 גרם,false,,19.90,0.0421,true,1,133169
773430021456,false,חנוכית פח לילדים,,,חנוכית פח לילדים,יחידה,0.00,יחידה,false,,4.90,0.0000,true,1,212128
805278001847,false,אורז בסמטי תומר 1 קג,,,"אורז בסמטי 1 ק""ג תומ",,1000.00,100 גרם,false,,10.90,0.0109,true,1,235320
835811005728,false,עלים לקרמשניט 400 גר`,רונית מאפים בעמ,IL,עלים לקרמשניט 2*200ג,,300.00,100 גרם,false,,19.90,0.0663,true,1,147762
835811006770,false,תבנית אולמניום עגול 5 יח',הנמל,,מגש הכסף תבנית עגול+,,5.00,,false,,10.90,2.1800,true,1,147778
839762000641,false,משקה איילנד מנגו נקטר 1 ל',"פאראגאלה,דה אג'יפשן",EG,איילנד נקטר מנגו 1לי,,1000.00,100 גרם,false,,13.90,0.0139,true,1,132149
839762000658,false,משקה נקטר איילנד גויאבה 1 ל',The Egyptian Co. for,EG,איילנד נקטר גויאבה 1,,1000.00,100 גרם,false,,13.90,0.0139,true,1,132150
856591000062,false,עוגיות מזרחיות מלח 400 ג' עבאדי,מאפיית יוסף ושמחה עב,IL,עוגיות עבאדי מזרחיות,,400.00,100 גרם,false,,19.90,0.0497,true,1,147183
856591000109,false,עבאדי עוגיות מזרחיות פריכות 400ג',מאפיית יוסף ושמחה עב,IL,עוגיות עבאדי עוגיות,,400.00,,false,,19.90,0.0497,true,1,147187
856591000512,false,עוגיות עבאדי מיני מזרחי מקלות 400ג',מאפיית יוסף ושמחה עב,IL,עוגיות מזרחיות מקלות,,400.00,,false,,19.90,0.0497,true,1,215839
884912359414,false,דגני בוקר האני באנצס קינמון 340 ג' POST,פוסט לקיוויל,US,דגני פוסט האני בנצ'ס,,340.00,100 גרם,false,,23.90,0.0703,true,1,238264
884912365200,false,דגני בוקר אוראו הדור הבא 311 ג',פוסט לקיוויל,US,דגני בוקר אוראו 311,,311.00,100 גרם,false,,19.90,0.0640,true,1,239215
884912377142,false,דגני בוקר האני באנצס וניל 340 ג' POST,פוסט לקיוויל,US,דגני פוסט האני בנצ'ס,,340.00,100 גרם,false,,23.90,0.0703,true,1,238266
887930411553,false,סוללה קודאק 016 1555,,,סוללה קודאק 016 1555,יחידה,0.00,יחידה,false,,13.90,0.0000,true,1,239391
887930413380,false,סוללות קודאק זוג AA,,,סוללות קודאק זוג AA,יחידה,0.00,יחידה,false,,5.90,0.0000,true,1,240030
887930415704,false,נורות לד קודאק A60 ו,,,נורות לד קודאק A60 ו,יחידה,0.00,יחידה,false,,21.90,0.0000,true,1,210297
887930951998,false,סוללות קודאק 4יח AAA,,,סוללות קודאק 4יח AAA,יחידה,0.00,יחידה,false,,7.90,0.0000,true,1,209152
887930952001,false,סוללה AAA קודאק 4+2,,,סוללה AAA קודאק 4+2,יחידה,0.00,יחידה,false,,14.90,0.0000,true,1,239382
3014260228842,false,"ג'ילט קצף גילוח רגיל - 200 מ""ל",מולינו ניקולי s.p.a,GB,גילט קצף גילוח רגיל,,200.00,,false,,13.90,0.0695,true,1,157844
3014260287030,false,גילט בלו ח.פעמי חמישייה,פרוקטר אנד גמבל,MD,גילט סכיני גילוח חד,יחידה,0.00,יחידה,false,,9.90,0.0000,true,1,164005
3014260289287,false,סכיני גילוח לאישה בלו 2 Blue,פרוקטר אנד גמבל,RU,גילט בלו סכיני גילוח,יחידה,0.00,יחידה,false,,9.90,0.0000,true,1,157870
3046920016377,false,שוקולד לינדט אקסלנס,לינדט ושפרונגלי,DE,שוקולד לינדט אקסלנס,,50.00,100 גרם,false,,15.90,0.3180,true,1,231758
3046920028004,false,שוקולד מריר אקסלנס 70%,לינדט ושפרונגלי,FR,שוקולד לינדט אקסלנס,,100.00,100 גרם,false,,15.90,0.1590,true,1,147530
3046920028363,false,שוקולד מריר אקסלנס 85%,לינדט ושפרונגלי,FR,שוקולד לינדט אקסלנס,,100.00,,false,,15.90,0.1590,true,1,147531
3046920029759,false,שוקולד מריר אקסלנס 90% קקאו,לינדט ושפרונגלי ג'י.,DE,שוקולד לינדט אקסלנס,,100.00,,false,,15.90,0.1590,true,1,147535
3059943015128,false,מבשם אוויר נטול גז אקווה מיסט בניחוח לבנדר פראי ואוויר הרים,הדקלאים אגודת שיתופי,PL,איירוויק ספריי נטול,,345.00,100 גרם,false,,14.90,0.0432,true,1,154612
3073781162790,false,גבינת בייבי בל אדם 1,מחלבות בל,FR,בייבי בל 120 גרם,,120.00,100 גרם,false,,21.90,0.1825,true,1,240435
3161911229199,false,אלוויר חמאה רכה 250ג',אלל אה וויר,FR,אלוויר חמאה רכה 250ג,,250.00,100 גרם,false,,21.90,0.0876,true,1,155948
3161911366429,false,חמאה רכה מלוחה אלווי,ארזינא,FR,אלוויר חמאה רכה מלוח,,250.00,100 גרם,false,,21.90,0.0876,true,1,226788
3178530407938,false,עוגיות מיני מדלן עם פצפוצי שוקולד,סן מישל St Michel,FR,מיני מדלן עם פיצפוצי,,175.00,100 גרם,false,,12.90,0.0737,true,1,210682
3387390320244,false,פיטנס Fitness דגנים מלאים עם פירות,נסטלה צרפת איטנקורט,FR,פיטנס פירות 375גר,,375.00,,false,,23.90,0.0637,true,1,134801
3387390525960,false,קראנץ' Crunch דגנים פריכים עם שוקולד,הנסיך- מפעל לייצור ט,FR,דגני קראנץ' נסטלה 50,,500.00,100 גרם,false,,26.90,0.0538,true,1,134806
3574660389142,false,"ליסטרין מי פה ירוק פרש בורסט 500 מ""ל",,,ליסטרין מי פה פרש יר,,500.00,100 גרם,false,,19.90,0.0398,true,1,239429
3574660415506,false,"ליסטרין טוטאל קר סגול 500 מ""ל",,,ליסטרין טוטאל קייר ס,,500.00,100 גרם,false,,19.90,0.0398,true,1,239430
3574661487328,false,קרפרי מגני תחתון אורגינל פלוס 56 יח',הדקלאים אגודת שיתופי,IT,קרפרי תחתוניות רגיל,יחידה,0.00,יחידה,false,,14.90,0.0000,true,1,223442
3574661487335,false,קרפרי מגן תחתון מקסי לונג ריח'ני 40 יח',קרפרי Carefree,,קרפרי תחתוניות לונג,יחידה,0.00,יחידה,false,,14.90,0.0000,true,1,223443
3574661487618,false,קרפרי מגן תחתון מקסי לארג'' מבושם 48 יח'',ג'ויה מעבדות לקוסמטי,IT,קרפרי תחתוניות מקסי,יחידה,0.00,יחידה,false,,14.90,0.0000,true,1,223444
3574661487625,false,מגני תחתון פלוס לארג' בניחוח עדין L,הדקלאים אגודת שיתופי,IT,קרפרי תחתוניות מקסי,יחידה,0.00,יחידה,false,,14.90,0.0000,true,1,223445
3574661552576,false,קרפרי מגן תחתון רגיל טנגה לבן 56 יח חדש,הדקלאים אגודת שיתופי,GR,קרפרי מגן תחתון רגיל,,56.00,,false,,14.90,0.2661,true,1,231548
3574661552811,false,קרפרי כותון אוורירי 56 יח',הדקלאים אגודת שיתופי,GR,קרפרי תחתוניות כותון,יחידה,0.00,יחידה,false,,14.90,0.0000,true,1,231549
3574661554877,false,מגן תחתון אוורירי מבושם,הנסיך- מפעל לייצור ט,GR,קרפרי מגן תחתון אוור,,56.00,,false,,14.90,0.2661,true,1,231550
3607345264356,false,"אדידס - דאודורנט ספריי לגבר דינמיק פולס 150 מ""ל",,,פיוז'ן ספריי גוף דינ,,150.00,,false,,14.90,0.0993,true,1,160466
3607345265117,false,"אדידס - דאודורנט ספריי לגבר טים פורס 150 מ""ל",מיוצר עי קונדיטוריית,ES,פיוז'ן ספריי גוף טים,,150.00,,false,,14.90,0.0993,true,1,160468
3608580730255,false,קונפיטורה משמש 370 ג' בוני מאמן,,,קונפיטורה משמש צרפתי,,370.00,100 גרם,false,,19.90,0.0538,true,1,217057
3614223736003,false,"אדידס - דאודורנט ספריי לגבר אדיפיור 150 מ""ל",איגפק אס.איי,PT,אדידס דאודורנט ספריי,,150.00,,false,,13.90,0.0927,true,1,235539
3800016701161,false,חצאי שזיף בסירופ 700,פרוקטו סליבאן,,חצאי שזיף בסירופ 700,,700.00,,false,,7.90,0.0113,true,1,159741
3800016701178,false,חצאי משמש בסירופ 700,פרוקטו סליבאן,,חצאי משמש בסירופ 700,,700.00,100 גרם,false,,7.90,0.0113,true,1,159742
3800020403631,false,חטיף שוקולד צאנקי חמאת בוטנים 42ג' קיט קט,נסטלה בולגריה A.D.,BG,קיט קט צ'אנקי חמאת ב,,42.00,100 גרם,false,,4.90,0.1167,true,1,154979
3800020423578,false,חטיף שוקולד חלב צאנקי 40 ג' קיט קט,נסטלה Nestle,BG,קיט קאט צאנקי 40 גרם,,40.00,100 גרם,false,,4.90,0.1225,true,1,154981
3800020472569,false,קיט קט צ'אנקי קרמל 43.5ג,,,קיט קט צ'אנקי קרמל 4,,43.50,100 גרם,false,,4.90,0.1126,true,1,239305
3800020472712,false,חטיף קיט קאט צאנקי פופקורן 42 ג',Unknown,,קיטקט צ'אנקי פופקורן,,42.00,100 גרם,false,,4.90,0.1167,true,1,235692
3800718504947,false,ספוג סקוטש 10יח,,,ספוג סקוטש 10יח,,10.00,,false,,6.90,0.6900,true,1,152743
3838824127163,false,פאלטה סמי קיט 10-1 בלונד כסוף,הנקל סוד,DE,פאלטה-צבע לשיער בלונ,יחידה,0.00,יחידה,false,,19.90,0.0000,true,1,146817
3838824127224,false,פלטה סמי קיט חום בינוני 4-0 צבע שיער,שוורצקוף Schwarzkopf,DE,פאלטה-צבע לשיער חום,יחידה,0.00,יחידה,false,,19.90,0.0000,true,1,211409
3838824127262,false,פלטה סמי קיט בלונד כהה 6-0 צבע שיער,שוורצקוף Schwarzkopf,DE,פאלטה-צבע לשיער בלונ,יחידה,0.00,יחידה,false,,19.90,0.0000,true,1,211411
3838824127286,false,צבע לשיער פלטה - 7-0 בלונד בינוני,שוורצקוף Schwarzkopf,DE,פאלטה-צבע לשיער בלונ,יחידה,0.00,יחידה,false,,19.90,0.0000,true,1,211412
3838824193915,false,צבע לשיער פאלטה סמי קיט שחור 0-1,שוורצקוף Schwarzkopf,DE,פאלטה-צבע לשיער שחור,יחידה,0.00,יחידה,false,,19.90,0.0000,true,1,211414
3838824276007,false,פלטה סמי קיט 9-0 בלונד בהיר מאוד,,,פאלטה-צבע לשיער בלונ,יחידה,0.00,יחידה,false,,19.90,0.0000,true,1,211415
3838824380988,false,צבעי שיער בלונד כסוף אפרפר 12-21 סמי קיט פאלטה,,,פאלטה-צבע לשיער סמי,יחידה,0.00,יחידה,false,,19.90,0.0000,true,1,236005
4000415749606,false,שוקולד שוגטן יום הול,,,שוגטן יום הולדת 100ג,,100.00,100 גרם,false,,6.90,0.0690,true,1,238222
4000417025005,false,שוקולד ריטר ספורט מרציפן 100 גרם חלב נוכרי,ריטר ספורט Ritter sport,DE,שוקולד ריטר ספורט מר,,100.00,100 גרם,false,,8.90,0.0890,true,1,148211
4000417211002,false,שוקולד ריטר ספורט מוס קרמל 100 גרם חלב נוכרי,ריטר ספורט Ritter sport,DE,שוקולד ריטר ספורט מו,,100.00,,false,,8.90,0.0890,true,1,203431
4000417212009,false,שוקולד ריטר ספורט מריר תפוז שקד 100 ג' חלב נוכרי,ריטר ספורט Ritter sport,,שוקולד ריטר ספורט מר,,100.00,100 גרם,false,,8.90,0.0890,true,1,213358
4000522009747,false,"בייגלה צ'יו מקלות תפו""א 80 גר'",טרופיקל דגיל תעשיות,HU,ציו חטיף תפוחי אדמה,,80.00,,false,,4.90,0.0613,true,1,157711
4000522061752,false,בייגלה צ'יו מקלות מלוחים 100 גרם,צ'יו Chio,,בייגלה צ'יו מקלות 10,,100.00,100 גרם,false,,4.90,0.0490,true,1,157712
4000607854705,false,שוקולד שוגטן יוגורט,קריות זול,,שוגטן תות 100גר,,100.00,,false,,6.90,0.0690,true,1,219938
4000869032569,false,הפי פרש מטהר אוויר 150 ג',רלוי,,הפי פרש מבשם ומטהר א,,150.00,100 גרם,false,,8.90,0.0593,true,1,141230
4002448017684,false,"סיליט באנג ספריי רב שימושי כתום 750 מ""ל",הדקלאים אגודת שיתופי,PL,סיליט באנג ספריי רב,,750.00,100 גרם,false,,12.90,0.0172,true,1,154624
4002448019480,false,"סיליט באנג ספריי מסיר שומנים 750 מ""ל",סיליט באנג Cillit Bang,PL,סיליט באנג ספריי מסי,,750.00,100 גרם,false,,12.90,0.0172,true,1,154626
4002590000039,false,סוכריות קלפני הדרים 150 ג',קלפני Kalfany,DE,סוכריות קלפני הדרים,,150.00,100 גרם,false,,10.90,0.0727,true,1,148231
4002631025069,false,בירה גרמנית קוניגסבכר Konigsbacher,קרלסברג יבוא יצוא,DE,בירה קוניגסבכר פחית,,500.00,100 גרם,false,,5.90,0.0118,true,1,195606
4003754081000,false,חטיף מרציפן קארסטנס,Erasmi & Carstens Gm,DE,מרציפן 100גר,,100.00,,false,,8.90,0.0890,true,1,150702
4003754092006,false,סרגל מרציפן מצופה 12,,,סרגל מרציפן מצופה 12,,125.00,,false,,11.90,0.0952,true,1,240368
4005808293469,false,"ניוואה - דאודורנט ספריי לגבר יבש 150 מ""ל",BEIERSDORF MANUFACTU,DE,ניוואה דאודורנט ספרי,,150.00,,false,,14.90,0.0993,true,1,236217
4005808366392,false,שפתון כחול בליסטר לבלו,טרופיקל דגיל תעשיות,DE,שפתון לבלו כחול בליס,יחידה,0.00,יחידה,false,,10.00,0.0000,true,1,218305
4005808702107,false,ניוואה תחליב גוף עשיר משאבה 500מל,בטר אנד דיפרנט,ES,ניוואה תחליב גוף לעו,,500.00,,false,,19.90,0.0398,true,1,233592
4005808850723,false,שפתון לבלו תות בליסט,טרופיקל דגיל תעשיות,DE,שפתון לבלו תות בליסט,יחידה,0.00,יחידה,false,,10.00,0.0000,true,1,218308
4005808890507,false,ניוואה סופט קרם לחות 200מל,ניוואה Nivea,IT,ניוואה קרם סופט לחות,,200.00,,false,,24.90,0.1245,true,1,231590
4005808890576,false,ניוואה סופט שפופרת 75מל,ניוואה Nivea,DE,ניוואה קרם ידיים שפו,יחידה,0.00,יחידה,false,,11.90,0.0000,true,1,231591
4005900036483,false,"ניוואה - דאודורנט ספריי לגבר שקוף בלק וווי 150 מ""ל",בטר אנד דיפרנט,DE,ניוואה דאו ספריי שקו,,150.00,,false,,14.90,0.0993,true,1,171124
4005900036506,false,"ניוואה - דאודורנט רול און לגבר שקוף בלק 50 מ""ל",טרופיקל דגיל תעשיות,DE,ניוואה דאו רול און ש,,50.00,100 גרם,false,,12.90,0.2580,true,1,218310
4005900037909,false,"ניוואה - דאודורנט ספריי לאישה אינויזיבל פיור 150 מ""ל",,,ניוואה דאו ספריי אי,,150.00,,false,,14.90,0.0993,true,1,231596
4005900138842,false,"ניוואה - תחליב רחצה סמוט 750 מ""ל",NIVEA,DE,ניוואה תחליב רחצה סמ,,750.00,,false,,14.90,0.0199,true,1,235387
4005900488459,false,"ניוואה - דאודורנט רול און לאישה דריי פרש 50 מ""ל",ביירסדורף AG,DE,ניוואה דאו רול און ד,,50.00,,false,,12.90,0.2580,true,1,231594
4005900521262,false,"ג'ל רחצה לגבר פיור אימפקט ניוואה 500 מ""ל",,,ניוואה ג'ל רחצה דיפ,,500.00,,false,,14.90,0.0298,true,1,231603
4005900555915,false,"ניוואה - תחליב רחצה קוקוס וחוחובה 750 מ""ל",ביירסדורף AG,DE,ניוואה תחליב רחצה קו,,750.00,,false,,14.90,0.0199,true,1,231689
4005900633125,false,"ניוואה - דאודורנט ספריי לגבר דיפ אספרסו 150 מ""ל",,,ניוואה מן דאו ספריי,,150.00,,false,,14.90,0.0993,true,1,238301
4005900648181,false,"ניוואה - תחליב רחצה אלוורה 750 מ""ל",ביירסדורף AG,DE,ניוואה תחליב רחצה אל,,750.00,,false,,14.90,0.0199,true,1,235386
4005900816108,false,"ניוואה - דאודורנט רול און לגבר יבש 50 מ""ל",טרופיקל דגיל תעשיות,DE,ניוואה דאו רול און,,50.00,100 גרם,false,,12.90,0.2580,true,1,218312
4005900828088,false,"ניוואה - דאודורנט רול און לגבר פרש 50 מ""ל",טרופיקל דגיל תעשיות,DE,ניוואה דאו רול און פ,,50.00,,false,,12.90,0.2580,true,1,218314
4005900978950,false,לבלו - דובדבן שפתון לחות מטפח מהדורת נסיכות דיסני,,,לבלו דובדבן שפתון לח,יחידה,0.00,יחידה,false,,10.00,0.0000,true,1,239822
4005900978967,false,לבלו - וניל שפתון לחות מטפח מהדורת נסיכות דיסני,,,לבלו וניל שפתון וניל,יחידה,0.00,יחידה,false,,10.00,0.0000,true,1,239814
4005900978974,false,לבלו - סופט רוז שפתון לחות מטפח מהדורת נסיכות דיסני,,,לבלו סופט רוז שפתון,יחידה,0.00,יחידה,false,,10.00,0.0000,true,1,239821
4008287058161,false,בירה קרומבאכר פילס 4.8% שישיה 6 * 330 מל,מנדלז סי.אר. פרודקשן,DE,שישיית בירת קרומבכר,,1980.00,,false,,29.90,0.0151,true,1,235401
4008400170428,false,פררו רושר שמינייה לב,גוד פוד פרודקטס S.p,PL,פררו רושה לב 100 גרם,,100.00,100 גרם,false,,17.90,0.1790,true,1,233921
4008400230726,false,ביצת שוקולד הפתעה קינדר ענקית 100ג' בנים,קינדר Kinder,BE,קינדר ביצת הפתעה מקס,,100.00,100 גרם,false,,24.90,0.2490,true,1,218084
4009300522966,false,פומפדור תה ירוק נענע 20 שקיקים,"איטיליאן פוד, אס.פי.",DE,פומפדור תה ירוק נענע,,36.00,100 גרם,false,,17.90,0.4972,true,1,142903
4009300525684,false,חליטת צמחים ג'ינג'ר לימונית,פומפדור Pompadour,DE,פומפדור חליטות גינגר,יחידה,0.00,יחידה,false,,14.90,0.0000,true,1,142910
4009300595120,false,חליטת צמחים בטעם ג'ינג'ר מנגו פומפדור 45 ג',TEEKANNE- POMPADOU,DE,פומפדור חליטת צמחים,,30.00,,false,,14.90,0.4967,true,1,232857
4009900379564,false,מסטיק הובה בובה Hubba Bubba טייפ בטעם פירות,הובה בובה Hubba Bubba,GB,הובה בובה פירות טייפ,,56.00,,false,,7.50,0.1339,true,1,166168
4009900402965,false,מסטיק אורביט וויט בטעם פירות ללא סוכר,ריגלי פולין,PL,אורביט ווייט בקבוקון,,65.00,100 גרם,false,,10.90,0.1677,true,1,166177
4009900403023,false,מסטיק אורביט בקבוקון דאבל white קלאסי 64ג',"ב.א מזון בע""מ",PL,אורביט ווייט בקבוקון,,64.00,100 גרם,false,,10.90,0.1703,true,1,166178
4009900406918,false,מסטיק הובה בובה טייפ טריפל מיקס 56ג',הובה בובה Hubba Bubba,GB,הובה בובה טריפל מיקס,,56.00,100 גרם,false,,7.50,0.1339,true,1,166181
4009900420129,false,מסטיק אורביט פרופשנל פפרמינט בקבוקון 64 גר',מרס נדרלנד,PL,אורביט פרופשיונל פפר,,64.00,100 גרם,false,,10.90,0.1703,true,1,212919
4009900426121,false,מסטיק אורביט איירוויז בקבוקון אוכמניות 64ג',איירוויבס Airwaves,PL,איירוויבז אוכמניות ב,,64.00,100 גרם,false,,10.90,0.1703,true,1,204566
4009900455299,false,סוכריות סקיטלס בטעם פירות,סקיטלס Skittles,CZ,סקיטלס בטעם פירות 17,,174.00,100 גרם,false,,9.90,0.0569,true,1,166204
4009900479998,false,מסטיק אורביט בטעם אוכמניות ללא סוכר,ריגלי פולין,PL,אורביט אוכמניות בקבו,יחידה,0.00,יחידה,false,,10.90,0.0000,true,1,166223
4009900482417,false,מסטיק אורביט פירות מנטה בקבוקון באבל מינט 45יח,ריגלי פולין,PL,אורביט באבל מינט בקב,יחידה,0.00,יחידה,false,,10.90,0.0000,true,1,166225
4009900483803,false,מסטיק איירובס מנטה אקליפטוס בקבוקון 60יח',איירוויבס Airwaves,PL,אירוובס בקבוק מנטה א,יחידה,0.00,יחידה,false,,14.50,0.0000,true,1,213449
4009900484091,false,מסטיק אורביט פרופשיונל בטעם מנטה ללא סוכר,אורביט Orbit,,אורביט בקבוק בטעם ספ,,84.00,,false,,14.50,0.1726,true,1,166228
4009900491044,false,מסטיק איירובס אוכמניות בקבוקון 60יח',איירוויבס Airwaves,PL,אירוובס בקבוק אוכמני,,84.00,100 גרם,false,,14.50,0.1726,true,1,213450
4009900521611,false,סוכריות אורביט מינטס דובדבן מנטה בבקבוקון,מרס נדרלנד,,סוכריות אורביט מינטס,,77.00,100 גרם,false,,10.00,0.1299,true,1,208827
4009900531122,false,"מסטיק בטעם מנטה ספירמינט, 64 ג' פרופשיונל אורפיט",מרס נדרלנד,PL,אורביט פרופשיונל פפר,,64.00,100 גרם,false,,10.90,0.1703,true,1,212920
4009900532327,false,סוכריות סקיטלס סמודיס בטעמי יוגורט ופירות,סקיטלס Skittles,CZ,סקיטלס סמודיס 38 גרם,,38.00,100 גרם,false,,3.50,0.0921,true,1,213451
4009900536257,false,מסטיק אורביט רפרשרס ספירמינט בקבוקון ללא סוכר 67 גר',מרס ריגלי קונפקשונרי,PL,אורביט רפרשרס ספירמי,,67.00,,false,,11.90,0.1776,true,1,234621
4009900536288,false,מסטיק אורביט רפרשרס פפרמינט בקבוקון ללא סוכר 67 גר',מרס ריגלי קונפקשונרי,PL,אורביט רפרשרס פפרמינ,,67.00,100 גרם,false,,11.90,0.1776,true,1,234622
4009900539685,false,"מסטיק פייב באונס בטעם מנטה בקבוקון, 61.8 גרם",ריגלי בעמ רוסיה,PL,מסטיק פייב באונס בטע,,61.80,,false,,11.90,0.1926,true,1,239241
4009900539746,false,"מסטיק פייב באונס בטעם אבטיח בקבוקון, 61.8 גרם",ריגלי בעמ רוסיה,PL,מסטיק פייב באונס בטע,,61.80,100 גרם,false,,11.90,0.1926,true,1,239243
4009900540551,false,מסטיק אורביט רפרשרס טרופיקל בקבוקון ללא סוכר,מרס פולין,PL,אורביט רפרשרס טרופיק,,67.00,100 גרם,false,,11.90,0.1776,true,1,237673
4011800632519,false,חטיף דגנים עם שוקולד חלב וקוקוס,מיוצר עי קונדיטוריית,DE,קורני חטיף דגנים עם,,150.00,100 גרם,false,,12.90,0.0860,true,1,160532
4014400900217,false,בונבונירה מרסי 400 גרם חלבי - נוכרי,קריניציה ויטמינה אס,DE,*מבצע* בונבונירה מרס,,400.00,100 גרם,false,,44.90,0.1122,true,1,148256
4014400904376,false,סוכריות טופי שוקולדן שטורק 325 ג',קריניציה ויטמינה אס,DE,סוכריות שוקולדן 325ג,,325.00,,false,,16.90,0.0520,true,1,148267
4014400904390,false,סוכריות וולמילש ממולא ט.חלב 325גרם,קריניציה ויטמינה אס,DE,סוכריות וולמילש 325ג,,325.00,,false,,16.90,0.0520,true,1,148268
4014400910063,false,סוכריות וורטר טופי חמאה 135ג',אוגוסט שטורק,DE,סוכריות וורטר שקית 1,,135.00,100 גרם,false,,9.90,0.0733,true,1,148276
4014400913910,false,סוכריות וורטר במליוי קרם 125 ג',תות ממתקי איכות,DE,סוכריות וורטר ללא סו,,125.00,100 גרם,false,,9.90,0.0792,true,1,148282
4014400914696,false,וורטר אורגינל סוכריות ללא סוכר 80 ג',אוגוסט שטורק,DE,סוכריות וורטר ללא סו,,80.00,100 גרם,false,,9.90,0.1238,true,1,148288
4014400914924,false,סוכריות וורטר אורגינל ללא סוכר קפה 80 ג',קריניציה ויטמינה אס,DE,סוכריות וורטר ללא סו,,80.00,100 גרם,false,,9.90,0.1238,true,1,148289
4014400923711,false,טופיפי 125 גר' - חלב נוכרי,אוגוסט שטורק,DE,טופיפי 125גרם,,125.00,100 גרם,false,,12.90,0.1032,true,1,206041
4015000031394,false,"ספטיל - משחה להסרת כתמים 200 מ""ל",קריות זול,IL,ספטיל מסיר כתמים 200,,200.00,100 גרם,false,,18.90,0.0945,true,1,163672
4015000519915,false,"פה - דאודורנט ספריי לאישה פינק פרדייס 200 מ""ל",קריות זול,DE,פה ספריי פינק פרדייס,,200.00,,false,,15.90,0.0795,true,1,146853
4015000615884,false,"פה - דאודורנט ספריי לאישה קריביין לימון 200 מ""ל",שוורצקופף והנקל,DE,פה ספריי קריביין לימ,,200.00,,false,,15.90,0.0795,true,1,146885
4015100190786,false,גליס מסכת סרום לשיקום עמוק עם קרטין,שוורצקוף Schwarzkopf,,גליס מסכה סרום שיקום,,300.00,,false,,19.90,0.0663,true,1,211298
4015100298000,false,"גליס - מסיכה ביוטק 300 מ""ל",,,גליס מסכה עשירה גליס,,300.00,,false,,19.90,0.0663,true,1,230876
4015600762742,false,שמפו יומיומי למניעת קשקשים הנוסחה הקלאסית,פרוקטר אנד גמבל,RO,הד&שולדרס שמפו קלאסי,,500.00,,false,,21.90,0.0438,true,1,158019
4015600762780,false,שמפו וקונדישינר יומיומי למניעת קשקשים הנוסחה הקלאסית 2in1,פרוקטר אנד גמבל,RO,הד&שולדרס שמפו קלאסי,,500.00,,false,,21.90,0.0438,true,1,158020
4015600762902,false,"שמפו מנטול הד אנד שולדרס 500 מ""ל",פרוקטר אנד גמבל,RO,הד&שולדרס שמפו מנטול,,500.00,,false,,21.90,0.0438,true,1,158023
4015600763022,false,שמפו יומיומי למניעת קשקשים לשיער יבש/פגום לשיער רך כמשי,פרוקטר אנד גמבל,RO,הד&שולדרס שמפו מגע מ,,500.00,100 גרם,false,,21.90,0.0438,true,1,158026
4015600766900,false,"שמפו ומרכ ך נגד קשקשים 500 מ""ל הד אנד שולדרס",פרוקטל אנד גמבל,RO,הד&שולדרס שמפו 2ב1 מ,,500.00,,false,,21.90,0.0438,true,1,158032
4017100198151,false,עוגיות היט Hit קקאו במילוי קרם וניל,הדקלאים אגודת שיתופי,PL,בלזן עוגיות סנדוויץ,,220.00,100 גרם,false,,8.90,0.0405,true,1,148300
4017100364112,false,עוגיות היט Hit במילוי קרם בטעם שוקולד,הדקלאים אגודת שיתופי,PL,בלזן עוגיות סנדוויץ,,220.00,,false,,8.90,0.0405,true,1,148314
4025700001962,false,שוקולד מילקה לבן 100 גר',פי אר ג'יי אס סי מונ,UA,מילקה שוקולד לבן 100,,100.00,100 גרם,false,,7.90,0.0790,true,1,233725
4033100014499,false,סיגריות אל די כחול ח,Unknown,,אל די כחול,יחידה,0.00,יחידה,false,,29.00,0.0000,false,1,157117
4033100024146,false,סיגריות וינסטון קוד,Unknown,,וינסטון קוד,יחידה,0.00,יחידה,false,,32.00,0.0000,false,1,157121
4033100024252,false,סיגריות וינסטון אקווה,Unknown,,וינסטון קוד אקווה,יחידה,0.00,יחידה,false,,32.00,0.0000,false,1,157123
4084500065536,false,"קרם לחות לחות מוגברת פנטן 300 מ""ל",פרוקטר אנד גמבל,FR,פנטן קרם לחות לשיער,,300.00,100 גרם,false,,18.90,0.0630,true,1,196965
4084500088917,false,"נוזל כלים פיירי לימון 650 מ""ל",פרוקטר אנד גמבל,GB,פיירי נוזל לכלים צהו,,650.00,100 גרם,false,,10.90,0.0168,true,1,158061
4084500853898,false,סבון כלים אלוורה ומלפפונים,פרוקטר אנד גמבל,GB,פיירי לכלים אלוורה ו,,515.00,100 גרם,false,,10.90,0.0212,true,1,221024
4100130937163,false,מארז בירה בקס שישייה,"איי, בי, אינבוו",DE,בירה גרמנית בקס שישי,,1650.00,,false,,29.90,0.0181,true,1,171530
4260099274232,false,עגבניות בחומץ עם שום,דבורק,,עגבניות בחומץ עם שום,,860.00,100 גרם,false,,13.90,0.0162,true,1,238527
4260147890513,false,אטריות ביצים דקות ורמיצ'לי 500ג',דין שיווק,PL,אטריות ורמיצ'לי ביצי,,500.00,100 גרם,false,,9.90,0.0198,true,1,155273
4605362008716,false,גרעינים בבקיני 300 ג,קה דה או קרסנודר,,*מבצע* גרעיני חמניה,,300.00,100 גרם,false,,15.90,0.0530,true,1,235116
4605362008839,false,גרעיני חמניות קלויים,קה דה או קרסנודר,,*מבצע* גרעינים מלח י,,250.00,100 גרם,false,,14.90,0.0596,true,1,235117
4605561010305,false,פילה הרינג עם שמיר בשמן חתיכות 500גר RS,,,פילה הרינג עם שמיר ב,,500.00,100 גרם,false,,29.90,0.0598,true,1,235096
4605561010350,false,חתיכות פילה הרינג בש,,,חתיכות פילה הרינג בש,,200.00,,false,,11.90,0.0595,true,1,232787
4605561011975,false,חתיכות פילה הרינג בשמן 150 גר RS,,,חתיכות פילה הרינג בש,,150.00,100 גרם,false,,8.90,0.0593,true,1,232784
4605561012613,false,פילה הרינג (קצוץ) בשמן 400 גר RS,,,פילה הרינג (קצוץ) בש,,400.00,100 גרם,false,,18.90,0.0472,true,1,232789
4605561013009,false,פילה הרינג בשמן 400 גר RS,,,פילה הרינג בשמן 400,,400.00,100 גרם,false,,18.90,0.0472,true,1,232790
4607051158672,false,תה קורטיס ברייס 34 ג,או א.או מאי קומפני,,תה שחור 20 שקיקים,יחידה,0.00,יחידה,false,,10.90,0.0000,true,1,223978
4607054451718,false,גרעינים טמבובסקי וול,או.או.או אגרוסווז,,גרעינים שחורים 230 ג,,230.00,100 גרם,false,,10.90,0.0474,true,1,223972
4607054451831,false,גרעינים טמבובסקי וול,או.או.או אגרוסווז,,גרעינים שחורים עם מל,,200.00,100 גרם,false,,10.90,0.0545,true,1,223973
4607132825004,false,חלבה חמניות טימושה 5,,,חלבה חמניות טימושה 5,,500.00,100 גרם,false,,14.90,0.0298,true,1,235148
4620015851051,false,תה ירוק קורטיס מנגו,זא א או מאי קומפני,,תה ירוק מנגו 20 שקיק,יחידה,0.00,יחידה,false,,10.90,0.0000,true,1,223981
4620015852553,false,תה שחור קורטיס אוכמנ,או א.או מאי קומפני,,תה שחור 20 שקיקים,יחידה,0.00,יחידה,false,,10.90,0.0000,true,1,223983
4620015852973,false,תה פירות ריצרד רואיל,או א.או מאי קומפני,,תה פירות ריצ'ארד ראד,יחידה,0.00,יחידה,false,,10.90,0.0000,true,1,223988
4640018993398,false,קפסולות ג'יל רגיל קואנטום 60 יח' פיניש,רקיט בנקיזר,PL,פיניש קוואנטום 60 קפ,,60.00,,false,,54.90,0.9150,true,1,232867
4710068001692,false,"מאסטר קפה לאטה פחית 240מ""ל",תאיט מרקטינג אנד דיס,,מאסטר קפה לאטה 240 מ,,240.00,,false,,8.20,0.0342,true,1,132154
4751001581475,false,שימורי דג קילקה ברוט,GAMMA-A,,שימורי דג ריגה זהב ק,,280.00,,false,,8.90,0.0318,true,1,159820
4751002121953,false,לחם שיפון חמוץ מתוק,גי.אף.סי,,לחם שיפון חמוץ מתוק,,500.00,100 גרם,false,,9.90,0.0198,true,1,230113
4751002127467,false,לחם שיפון פרוס בורוד,סיא פוטרוס פוד,,לחם שיפון פרוס בורוד,,500.00,100 גרם,false,,9.90,0.0198,true,1,230115
4751003924003,false,סלט טונה עם ירקות איטלקי 185 ג' לארסן,,,לרסן סלט טונה בסגנון,,185.00,100 גרם,false,,11.90,0.0643,true,1,239662
4751007739917,false,סלמון ברובמיץ טבעי 1,,,סלמון ברובמיץ טבעי 1,,185.00,,false,,10.90,0.0589,true,1,238707
4751007739924,false,סלמון ברוטב עגבניות,,,סלמון ברוטב עגבניות,,185.00,,false,,10.90,0.0589,true,1,238708
4770179106976,false,שוקולד פרגלה מריר עם,,,שוקולד פרגלה מריר עם,,93.00,100 גרם,false,,5.90,0.0634,true,1,211342
4770179120620,false,סוכריות ג'לי בטעם פי,,,סוכריות ג'לי בטעם פי,,1000.00,100 גרם,false,,24.90,0.0249,true,1,239022
4770179125076,false,שוקולד פרגלה מריר עם,PERGALE,,שוקולד פרגלה מריר עם,,100.00,100 גרם,false,,5.90,0.0590,true,1,211346
4770179125144,false,שוקולד פרגלה מריר עם,PERGALE,,שוקולד פרגלה מריר עם,,100.00,,false,,5.90,0.0590,true,1,211348
4770237049313,false,גלידת שמנת פלומביר בטעם וניל עם שקדים בציפוי צמקאו על מקל 63 גר' SVALIA,,,אסקימו עגול פלומביר,יחידה,0.00,יחידה,false,,5.90,0.0000,true,1,172143
4770237049443,false,גלידת שמנת בטעם קרמל- קרם ברולה פלומביר בגביע וופל אישי 70 גר' SVALIA,Svalya,,פלומביר גלידה קרם בר,יחידה,0.00,יחידה,false,,5.90,0.0000,true,1,206122
4800888150080,false,"דאב - דאודורנט רול און לאישה פרש טאצ' מלפפונים 50 מ""ל",יוניליוור פיליפינים,PH,דאב רולאון מלפפונים,,50.00,,false,,14.90,0.2980,true,1,139890
4800888209429,false,רקסונה - דאודורנט סטיק לאישה כותנה נשים 50 גרם,,,רקסונה דאודורנט סטיק,,50.00,100 גרם,false,,14.90,0.2980,true,1,231228
4810168001056,false,פילה דג הרינג מלוח מצונן בצנצנת חתיכות 260ג',,,חתיכות פילה דג הרינג,,260.00,100 גרם,false,,19.90,0.0765,true,1,213016
4810168038267,false,גלידה פלומביר אסקימו,,,גלידה YUKKI אסקימו,,70.00,,false,,5.90,0.0843,true,1,211854
4810168038991,false,גלידה שוקולד פלומביר,,,גלידה YUKKI שוקולד,,70.00,100 גרם,false,,5.90,0.0843,true,1,211857
4810168047368,false,בצק שמרים עלים מרודד,,,בצק שמרים עלים מרודד,,450.00,100 גרם,false,,9.90,0.0220,true,1,235754
4810168052270,false,עלי בלינצ'ס מוקפאים 320 גר,,,עלי בלינצ'ס 320גר,,320.00,100 גרם,false,,9.90,0.0309,true,1,235752
4810168055028,false,כיסונים במילוי דובדב,,,כיסונים במילוי דובדב,,450.00,100 גרם,false,,19.90,0.0442,true,1,235737
4810168055080,false,כיסונים במילוי כרוב,,,כיסונים במילוי כרוב,,450.00,100 גרם,false,,12.90,0.0287,true,1,235743
4810168057435,false,חתיכות פילה דג הרינג מלוח בשמן מצונן 400 גר,,,חתיכות פילה דג הרינג,,400.00,100 גרם,false,,29.90,0.0747,true,1,236539
4810168057510,false,חתיכות פילה דג הרינג מתובל מלוח בשמן 400 גר,,,חתיכות פילה דג הרינג,,400.00,,false,,29.90,0.0747,true,1,237333
4810168062163,false,כיסונים פרווה במילוי,,,כיסונים פרווה במילוי,,450.00,100 גרם,false,,14.90,0.0331,true,1,240205
4810168062170,false,כיסונים פרווה במילוי,,,כיסונים פרווה במילוי,,450.00,,false,,14.90,0.0331,true,1,240206
4810168062187,false,בלינצס במילוי תפוא ו,,,בלינצ'יס פרווה במילו,,420.00,,false,,15.90,0.0379,true,1,240208
4810168062194,false,בלינצ'יס במילוי גבינ,,,בלינצ'יס במילוי גבינ,,360.00,100 גרם,false,,15.90,0.0442,true,1,240210
4810168062200,false,בלינצס במילוי דובדבן,,,בלינצ'יס פרווה במילו,,360.00,100 גרם,false,,15.90,0.0442,true,1,240209
4810168062217,false,בלינצס במילוי תפוע ו,,,בלינצ'יס פרווה במילו,,360.00,,false,,15.90,0.0442,true,1,240211
4810168062224,false,בלינצס במילוי ממרח ק,,,בלינצ'יס פרווה במילו,,360.00,100 גרם,false,,15.90,0.0442,true,1,240212
4810322005944,false,שמן קנולה מזוכך 850מ,,,שמן קנולה מזוכך 850מ,,850.00,,false,,10.90,0.0128,true,1,236524
4820015165213,false,גלידת שמנת משובחת בטעם וניל פלומביר מס 1 בין שכבות וופל 90 גר',ז'יטומרסקי זאבוד,,גלידה פלומביר בריקט,,90.00,,false,,5.90,0.0656,true,1,172464
4820034925546,false,"בירה לאגר צאזז לייט בקבוק 500 מ""ל -בודד",,,בירה לאגר צאזז לייט,,500.00,100 גרם,false,,4.90,0.0098,true,1,239028
4820076682117,false,שמן חמניות 850מל,,,שמן חמניות 850מל,,850.00,100 גרם,false,,10.90,0.0128,true,1,237792
4820154722469,false,גלידה אסקימוס כוס ונ,ז'יטומרסקי זאבוד,,גלידה אסקימוס כוס ונ,,80.00,100 גרם,false,,5.90,0.0738,true,1,172619
4820198873318,false,תה שחור עם נענע וקור,,,תה שחור עם נענע וקור,יחידה,0.00,יחידה,false,,10.90,0.0000,true,1,239829
4820198873332,false,תה שחור מיקס ארבע טע,,,תה שחור מיקס ארבע טע,יחידה,0.00,יחידה,false,,10.90,0.0000,true,1,239833
4820198874063,false,חליטת פירות וצמחים ש,,,חליטת פירות וצמחים 2,יחידה,0.00,יחידה,false,,10.90,0.0000,true,1,239834
4823077602863,false,סוכריות טופי בטעם חל,רושן,UA,"סוכריות ג'לי רושן ""ק",,200.00,100 גרם,false,,7.90,0.0395,true,1,235068
4823077604331,false,סוכריות ציטרוס מיקס,,,סוכריות ציטרוס מיקס,,1000.00,100 גרם,false,,17.90,0.0179,true,1,172733
4823077607493,false,סוכריות ברבריס 1קג,,,סוכריות ברבריס 1קג,,1000.00,,false,,17.90,0.0179,true,1,172745
4823077608513,false,סוכריות טופי חלב Korivka,רושן Roshen,,סוכריות קורובקה 205ג,,205.00,100 גרם,false,,7.90,0.0385,true,1,205868
4823077613203,false,שוקולד מריר עם אגוזי לוז שלמים,רושן Roshen,,שוקולד מריר+פונדוק ש,,90.00,100 גרם,false,,8.90,0.0989,true,1,205869
4823077613630,false,חטיף שוקולד חלב במילוי קרם ברולה,רושן Roshen,,חטיף שוקולד רושן ממו,,43.00,,false,,3.90,0.0907,true,1,234338
4823077614675,false,ביסקוויט לקפה רושן18,קייב קרמנציק,,ביסקוויט לקפה רושן18,,185.00,100 גרם,false,,3.90,0.0211,true,1,239181
4823077614699,false,ביסקוויט לקפה רושן ב,קייב קרמנציק,,ביסקוויט לקפה רושן ב,,185.00,100 גרם,false,,3.90,0.0211,true,1,239182
4823077614767,false,שוקולד רושן חלב נוגט,רושן,,שוקולד רושן חלב נוגט,,90.00,100 גרם,false,,6.90,0.0767,true,1,238510
4823077614804,false,שוקולד חלב בטעם אוכמניות,רושן Roshen,,שוקולד חלב נוגט בטעם,,90.00,100 גרם,false,,6.90,0.0767,true,1,205865
4823077617041,false,חטיף שוקולד חלב במילוי קרמל,רושן Roshen,,באטונציק קרמל 40גר,,40.00,,false,,3.90,0.0975,true,1,205857
4823077621635,false,וופל רושן בטעם חלב 7,Unknown,,וופל רושן בטעם חלב 7,,72.00,100 גרם,false,,3.90,0.0542,true,1,236127
4823077621642,false,וופל רושן בטעם שוקול,Unknown,,וופל רושן בטעם שוקול,,72.00,100 גרם,false,,3.90,0.0542,true,1,236128
4823077621659,false,וופל רושן בטעם אגוז,Unknown,,וופל רושן בטעם אגוז,,72.00,100 גרם,false,,3.90,0.0542,true,1,236129
4823077623684,false,סוכריות קשות ממולאות,קייב קרמנציק,,סוכריות טיפת חלב 150,,150.00,,false,,7.90,0.0527,true,1,213394
4823077623714,false,סוכריות טופי בטעם חל,רושן,,סוכריות כוס חלב 150,,150.00,100 גרם,false,,7.90,0.0527,true,1,212658
4823077624247,false,סוכריות ג'לי מסוכרות בטעמי פירות,רושן Roshen,,סוכריות ג'לי בוני פר,,200.00,100 גרם,false,,7.90,0.0395,true,1,212616
4823077624391,false,רושן סוכריות טופי מי,רושן,,רושן סוכריות טופי מי,,185.00,100 גרם,false,,7.90,0.0427,true,1,235555
4823077625145,false,ממתקי שוקולד מריר עם דובדבן בליקר דובדבן,רושן Roshen,,בונבוניירה דובדבן+לי,,155.00,,false,,12.90,0.0832,true,1,213395
4823077625589,false,וופל רושן בטעם חלב 2,,,וופל רושן בטעם חלב 2,,216.00,,false,,6.90,0.0319,true,1,235050
4823077625602,false,וופל רושן בטעם שוקול,,,וופל רושן בטעם שוקול,,216.00,,false,,6.90,0.0319,true,1,235051
4823077625626,false,וופל רושן בטעם אגוז,,,וופל רושן בטעם אגוז,,216.00,,false,,6.90,0.0319,true,1,235052
4823077626203,false,שוקולד רושן אוורירי,רושן Roshen,,שוקולד רושן אוורירי,,80.00,,false,,6.90,0.0863,true,1,223182
4823077626227,false,שוקולד רושן אוורירי,רושן Roshen,,שוקולד רושן אוורירי,,80.00,100 גרם,false,,6.90,0.0863,true,1,223183
4823077626241,false,שוקולד אורירי לבן קרמל,רושן Roshen,,שוקולד רושן אוורירי,,80.00,100 גרם,false,,6.90,0.0863,true,1,223184
4823077626364,false,שוקולד רושן אוורירי,רושן Roshen,,שוקולד רושן אוורירי,,80.00,100 גרם,false,,6.90,0.0863,true,1,223185
4823077629136,false,שוקולד חלב לקמי רושן,,,שוקולד רושן חלב 90 ג,,90.00,100 גרם,false,,6.90,0.0767,true,1,238973
4823077631474,false,קרקר קלאסי רושן 168,רושן,,קרקר קלאסי רושן 168,,168.00,,false,,6.90,0.0411,true,1,235607
4823077632112,false,וופל רושן בטעם קקאו,,,וופל רושן בטעם קקאו,,216.00,,false,,6.90,0.0319,true,1,235054
4823077632259,false,חטיף שוקולד חלב ובוטנים,רושן Roshen,,חטיף שוקולד רושן עם,,43.00,,false,,3.90,0.0907,true,1,234339
4823077632570,false,שוקולד רושן מריר 85,רושן,,שוקולד רושן מריר 85,,85.00,,false,,6.90,0.0812,true,1,235552
4823077633317,false,עוגיות לוויטה שוקולד,,,עוגיות לוויטה שוקולד,,150.00,100 גרם,false,,7.90,0.0527,true,1,235061
4823077633324,false,עוגיות שוקוציפס לווי,,,עוגיות שוקוציפס לווי,,150.00,100 גרם,false,,7.90,0.0527,true,1,235056
4823077633508,false,רושן חטיף וופל במילו,,,רושן חטיף וופל במילו,,34.00,100 גרם,false,,3.90,0.1147,true,1,239179
4823077633515,false,רושן חטיף וופל במילו,,,רושן חטיף וופל במילו,,34.00,,false,,3.90,0.1147,true,1,239180
4823077633690,false,בונבוניירה רושן שוטר,רושן,,בונבוניירה רושן שוטר,,150.00,100 גרם,false,,12.90,0.0860,true,1,236173
4823077634116,false,סוכריות רושן קורובקה,,,סוכריות קורובקה 1קג,,1000.00,,false,,24.90,0.0249,true,1,235305
4823077634178,false,עוגיות רושן לוויטה ב,,,עוגיות רושן לוויטה ב,,168.00,100 גרם,false,,7.90,0.0470,true,1,236511
4823077634222,false,עוגיות Lovita ממולאות ג'לי תפוז מצופות צימקאו,רושן Roshen,,עוגיות תפוז לוויטה 1,,135.00,100 גרם,false,,7.90,0.0585,true,1,236178
4823077634246,false,עוגיות Lovita ממולאות ג'לי פטל מצופות צימקאו,רושן Roshen,,עוגיות פטל לוויטה 13,,135.00,100 גרם,false,,7.90,0.0585,true,1,236176
4823077634277,false,עוגיות Lovita ממולאות ג'לי תות שדה מצופות צימקאו,רושן Roshen,,עוגיות תות שדה לוויט,,135.00,100 גרם,false,,7.90,0.0585,true,1,236177
4823077634376,false,שוקולד רושן חלב אוור,,,שוקולד רושן חלב אוור,,85.00,100 גרם,false,,6.90,0.0812,true,1,238975
4823077635489,false,חטיף וופל רושן קרם ק,,,חטיף וופל רושן קרם ק,,350.00,,false,,17.90,0.0511,true,1,237387
4823077635533,false,חטיף וופל רושן קרם ח,,,חטיף וופל רושן קרם ח,,350.00,,false,,17.90,0.0511,true,1,237388
4823077635809,false,וופלים דקיקים רושן ס,,,וופלים דקיקים רושן ט,,55.00,100 גרם,false,,4.90,0.0891,true,1,239824
4823077636004,false,עוגיות Lovita ממולאות ג'לי דובדבן מצופות צימקאו,רושן Roshen,,עוגיות קקאו דובדבן ל,,135.00,100 גרם,false,,7.90,0.0585,true,1,237204
4823077636172,false,וופל רושן בטעם לימון,,,וופל רושן בטעם לימון,,216.00,100 גרם,false,,6.90,0.0319,true,1,238511
4823077636400,false,עוגיות לוויטה במילוי,,,עוגיות לוויטה במילוי,,127.00,,false,,7.90,0.0622,true,1,240198
4823077636547,false,סוכריות ממולאות בטעם,רושן,,סוכריות ממולאות בטעם,,468.00,,false,,11.90,0.0254,true,1,238174
4823077636554,false,סוכריות ממולאות קרם,רושן,,סוכריות ממולאות קרם,,378.00,100 גרם,false,,11.90,0.0315,true,1,238176
4823077636561,false,סוכריות ממולאות בטעם,רושן,,סוכריות ממולאות בטעם,,378.00,,false,,11.90,0.0315,true,1,238177
4823077636585,false,סוכריות רושן טופי מי,רושן,,סוכריות רושן טופי מי,,325.00,100 גרם,false,,11.90,0.0366,true,1,238179
4823077636592,false,סוכריות גלי רושן קרי,רושן,,סוכריות גלי רושן קרי,,378.00,100 גרם,false,,11.90,0.0315,true,1,238175
4823077636608,false,סוכריות טופי רושן במ,רושן,,סוכריות טופי רושן במ,,325.00,,false,,11.90,0.0366,true,1,238180
4903001904192,false,"רוטב סויה יאמסה פרימיום 500 מ""ל",הדקלאים אגודת שיתופי,JP,רוטב סויה יאמסה 500מ,,500.00,,false,,19.90,0.0398,true,1,148321
4903001925784,false,סויה יאמאסה 500 מל דל נתרן,הדקלאים אגודת שיתופי,JP,רוטב סויה יאמסה מופח,,500.00,,false,,19.90,0.0398,true,1,197064
5000146057710,false,ספריי רב שימושי לחלונות ומשטחים ווינדולין Windolene,רקיט בנקיזר,PL,וינדולין ספריי לחלונ,,750.00,,false,,8.90,0.0119,true,1,154633
5000146401568,false,וולייט דפים למניעת העברת צבע 10 דפים,ווליט Woolite,IT,ווליט לכביסה שומרי צ,יחידה,0.00,יחידה,false,,16.90,0.0000,true,1,154639
5000157143365,false,מתבל בטעם מיונז וקטשופ היינץ 425 ג',היינץ Heinz,PL,מתבל בטעם מיונז וקטש,,425.00,,false,,14.90,0.0351,true,1,230174
5000189974579,false,מארז מיני חטיפי קיט קט Kit Kat,נסטלה Nestle,,קיט קט מיני 200 גרם,,200.00,100 גרם,false,,10.90,0.0545,true,1,211604
5000204155723,false,"גלייד מארז אוטומטי-בניחות מרכך כביסה 269 מ""ל",המאפיה של הרמן,TR,גלייד מטהר אויר אוטו,,269.00,,false,,39.90,0.1483,true,1,232619
5000219009295,false,פאל מאל אדום ארוך פא,Unknown,,פאל מאל אדום ארוך פא,יחידה,0.00,יחידה,false,,280.00,0.0000,false,1,217007
5000267014234,false,וויסקי ג'וני ווקר רד לייבל Red label,ג'וני ווקר Johnnie walker,,וויסקי ג'וני ווקר רד,,700.00,100 גרם,false,,89.90,0.1284,true,1,132570
5000267024233,false,"וויסקי ג'וני בלאק לייבל עם פורר 700מ""ל",ג'וני ווקר Johnnie walker,,*מבצע* גוני ווקר שחו,,700.00,,false,,119.90,0.1713,true,1,132572
5000394019089,false,סוללה פלוס פאוור 2 יחידות C דורסל,דורסל Duracell,US,דורסל סוללות C פלוס,יחידה,0.00,יחידה,false,,22.90,0.0000,true,1,234144
5000394140851,false,דורסל רביעיות AA פלוס פאוור 100%,Unknown,,סוללות דורסל רביעייה,יחידה,0.00,יחידה,false,,9.90,0.0000,true,1,236163
5000394142190,false,סוללות דורסל 9V פלוס,דורסל Duracell,,סוללות דורסל 9V פלוס,יחידה,0.00,יחידה,false,,22.90,0.0000,true,1,239177
5010182996799,false,ג'ל אסלה מנטרל ריחות בניחוח פרחי בר ורודים,דאופלור אס.פי.אי איט,IT,טואלט דאק ג'ל אסלה ב,,55.00,,false,,9.90,0.1800,true,1,160582
5010182997338,false,"טואלט דאק ג'ל אסלה ניחוח רענן 55 מ""ל","איטיליאן פוד, אס.פי.",IT,טואלט דאק ג'ל אסלה ב,,55.00,100 גרם,false,,9.90,0.1800,true,1,160585
5010182997680,false,"רייד ארוסול קוטל נמלים - 300 מ""ל",אס.סי.ג'ונסון מידרכט,NL,רייד קוטל נמלים 400מ,,400.00,100 גרם,false,,13.90,0.0348,true,1,160589
5010182998847,false,"טואלט דאק נוזל לאסלה כחול 750 מ""ל",מיוצר עי קונדיטוריית,NL,טואלט דאק נוזל לאסלה,,750.00,,false,,9.90,0.0132,true,1,160595
5010182998861,false,"טואלט דאק נוזל לאסלה ירוק 750 מ""ל",מיוצר עי קונדיטוריית,NL,טואלט דאק נוזל לאסלה,,750.00,100 גרם,false,,9.90,0.0132,true,1,160596
5010327000046,false,וויסקי גרנט'ס סקוטי,"איי, בי, אינבוו",,וויסקי גרנטס 700מל,,700.00,,false,,99.90,0.1427,true,1,148883
5010677551281,false,"בקרדי בריזר לימון 275 מ""ל בקבוק",בקרדי בריזר Bacardi Breezer,BE,בקרדי בריזר לימון 27,,275.00,100 גרם,false,,15.90,0.0578,true,1,132165
5010677552387,false,"בקרדי בריזר אננס 275 מ""ל בקבוק",בקרדי בריזר Bacardi Breezer,BE,בקרדי בריזר אננס 275,,275.00,,false,,15.90,0.0578,true,1,132167
5014271310428,false,סן דלפו מעדן דבדבן שחור ללא סוכ 284 ג',המאפיה של הרמן,FR,מעדן דובדבנים שחורים,,284.00,100 גרם,false,,19.90,0.0701,true,1,133626
5014271350424,false,מעדן סנט דלפור 4 פירות 284ג',המאפיה של הרמן,FR,מעדן ארבעה פירות ח 2,,284.00,,false,,19.90,0.0701,true,1,210689
5014271400426,false,סן דלפו מעדן תות שדה ללא סוכר 284 ג',המאפיה של הרמן,FR,מעדן תות 284 גר',,284.00,100 גרם,false,,19.90,0.0701,true,1,210690
5029053039725,false,קופסת ממחטות נטורל פרש 72 דף קלינקס,עלבד,,קלינקס נטורל פרש טיש,,72.00,,false,,12.90,0.1792,true,1,236332
5029053510811,false,קוטקס - תחבושות אולטרה נורמל + כנפיים 30 יח',קימברלי קלארק,,קוטקס תחבושות אולטרה,,28.00,,false,,18.90,0.6750,true,1,139291
5029053523446,false,קוטקס - תחבושות אולטרה נייט + כנפיים 20 יח',קימברלי קלארק,,קוטקס תחבושות אולטרה,,20.00,,false,,18.90,0.9450,true,1,139296
5029053535210,false,16טמפונ.קוטקס מוליך מיני,KC Czech,,קוטקס טמפון +מוליך מ,יחידה,0.00,יחידה,false,,26.90,0.0000,true,1,139311
5029053535227,false,קוטקס טמפון עם מוליך נורמל 16 יח',KC Czech,,קוטקס טמפון+מוליך נו,יחידה,0.00,יחידה,false,,26.90,0.0000,true,1,139312
5029053578309,false,קופסת ממחטות אולטרה סופט 48 דף קלינקס,קימברלי,IL,קלינקס טישו אולטרה ס,,48.00,,false,,7.90,0.1646,true,1,236410
5050083559761,false,קלוגס קוקו פופס שוקוס 500 גרם.,קלוגס מניופקטורינג א,ES,*מבצע* דגני קלוגס קו,,500.00,100 גרם,false,,17.90,0.0358,true,1,137685
5060517886486,false,"משקה אנרגיה מונסטר פח 500 מ""ל",מונסטר אנרג'י Monster Energy,RU,מונסטר אנרגי פח 500מ,,500.00,,false,,7.90,0.0158,true,1,230217
5060639128051,false,"משקה אנרגיה מונסטר אולטרה פחית 500 מ""ל",מונסטר אנרג'י Monster Energy,RS,מונסטר אולטרה פחית 5,,500.00,,false,,7.90,0.0158,true,1,231949
5060639129102,false,"משקה אנרגיה מונסטר מנגו פח 500 מ""ל",מונסטר אנרג'י Monster Energy,RS,מונסטר אנרגי פח 500,,500.00,,false,,7.90,0.0158,true,1,233693
5060751218173,false,"משקה אנרגיה מונסטר Pipline punch פח 500 מ""ל",Monster energy סרביה,IE,מונסטר פונצ פח 500מל,,500.00,,false,,7.90,0.0158,true,1,238213
5060751219033,false,"משקה אנרגיה מונסטר ULTRA PARADISE פח 500 מ""ל",Monster energy סרביה,IE,מונסטר אולטרה פרדייס,,500.00,100 גרם,false,,7.90,0.0158,true,1,238582
5201178801054,false,"ניוואה קרם רב שימושי 250מ""ל",טרופיקל דגיל תעשיות,DE,ניוואה קרם רב שימוש,,250.00,100 גרם,false,,24.90,0.0996,true,1,222873
5201184066508,false,נרות מספרים,שמחה,,נרות מספרים,יחידה,0.00,יחידה,false,,3.90,0.0000,true,1,143833
5201583115098,false,סוכריות ג'לי פירות 1,,,סוכריות ג'לי פירות 1,,1000.00,,false,,24.90,0.0249,true,1,150730
5201940010110,false,זיתים שחורים מזן קלמטה בפח 454 ג',סיוארס אס.איי,GR,זית קלמטה ויליפוד 45,,454.00,,false,,16.90,0.0372,true,1,136996
5202795080709,false,אוזו מטקסה Ouzo Metaxa,פארייפאבה אגרואינדוס,GR,אוזו מטקסה 700מל,,700.00,,false,,69.90,0.0999,true,1,228814
5206759020701,false,סוכריות ג'לי פירות אקזוטי 700 גר',,,סוכריות ג'לי אקזוטי,,700.00,,false,,15.90,0.0227,true,1,132846
5410126106022,false,לוטוס מארז חגים 250X2 גר',לוטוס בייקרי,BE,לוטוס מארז חגים 2*25,,500.00,,false,,17.90,0.0358,true,1,239323
5410126116953,false,ממרח עוגיות קרמל 400 ג' לוטוס,לוטוס בייקרי בלגיה נ,BE,ממרח ביסקוויט לוטוס,,400.00,100 גרם,false,,22.90,0.0572,true,1,137711
5410126726947,false,ממרח עוגיות לוטוס קראנץ' 380 גרם,לוטוס בייקרי בלגיה נ,BE,ממרח עוגיות לוטוס קר,,380.00,100 גרם,false,,22.90,0.0603,true,1,137713
5410228146162,false,בירה לף לונד בראון 3,קרלסברג יבוא יצוא,BE,בירה לף לונד בראון 3,,330.00,,false,,12.90,0.0391,true,1,163023
5410228267515,false,בירה באדוויזר שישייה,באדווייזר Budweiser,,בירה באדוויזר שישייה,,1980.00,100 גרם,false,,29.90,0.0151,true,1,230498
5410291021991,false,ממרח אגוזי לוז עם קקאו,צ'וקטה Chocketa,,ממרח אגוזי לוז עם קק,,700.00,,false,,19.90,0.0284,true,1,203580
5410316994019,false,וודקה סמירנוף אדום ב,דיאג'ו אופריישנס איט,US,וודקה סמירנוף אדום 7,,700.00,,false,,59.90,0.0856,true,1,132580
5411188094159,false,מעדן סויה שוקולד בלגי אלפרו 4*125 ג',הנסיך- מפעל לייצור ט,BE,אלפרו מעדן סויה שוקו,,500.00,,false,,16.90,0.0338,true,1,142947
5411188096108,false,"אלפרו סויה לבישול ואפייה 250 מ""ל",אלפרו C.V.A,BE,אלפרו סויה לבישול 4.,,250.00,,false,,12.50,0.0500,true,1,142948
5411188110835,false,אלפרו חלב סויה שקדים וניל 1ל',הנסיך- מפעל לייצור ט,BE,אלפרו משקה משקה שקדי,,1000.00,,false,,13.90,0.0139,true,1,142956
5411188112709,false,משקה אלפרו שקדים ללא סוכר 1 ליטר,הנסיך- מפעל לייצור ט,BE,אלפרו משקה שקדים ללא,,1000.00,,false,,13.90,0.0139,true,1,142960
5411188115366,false,אלפרו משקה שיבולת שועל 1 ליטר,הנסיך- מפעל לייצור ט,BE,אלפרו משקה שיבולת שו,,1000.00,,false,,13.90,0.0139,true,1,142962
5411188115472,false,אלפרו משקה סויה 1 ליטר,הנסיך- מפעל לייצור ט,BE,אלפרו משקה סויה 1 לי,,1000.00,,false,,13.90,0.0139,true,1,232698
5411188121923,false,"אלפרו משקה סויה סידן מארז 250X3מ""ל",הנסיך- מפעל לייצור ט,BE,אלפרו משקה סויה 3*25,,750.00,,false,,16.90,0.0225,true,1,209752
5411188122661,false,אלפרו משקה שקדים לא קלויים ללא תוספת סוכר 1 ל',אלפרו Alpro,,אלפרו משקה שקדים לא,,1000.00,100 גרם,false,,13.90,0.0139,true,1,230054
5411188124726,false,אלפרו משקה שיבולת שועל שקדים 1 ל',הדקלאים אגודת שיתופי,BE,אלפרו משקה שיבולת שו,,1000.00,,false,,13.90,0.0139,true,1,231831
5411188134985,false,אלפרו 3.5% NOT M*LK שיבולת שועל 1 ליטר בית יוסף,הנסיך- מפעל לייצור ט,BE,אלפרו נוט מילק 3.5%,,1000.00,,false,,15.90,0.0159,true,1,236686
5411188135005,false,אלפרו 1.8% NOT M*LK שיבולת שועל 1 ליטר בית יוסף,הנסיך- מפעל לייצור ט,BE,אלפרו נוט מילק 1.8%,,1000.00,,false,,15.90,0.0159,true,1,236687
5411188543398,false,משקה סויה ללא סוכר 1 ל' אלפרו,הנסיך- מפעל לייצור ט,BE,אלפרו משקה סויה ללא,,1000.00,,false,,13.90,0.0139,true,1,232699
5411223030081,false,בירה קריק דובדבנים 2,מבשלת לינדמנס,,בירה קריק דובדבנים 2,,250.00,,false,,14.90,0.0596,true,1,148889
5411616002190,false,בירה מרטינס סטרונג 8,מבשלת מרטנס,BE,בירה מרטינס סטרונג 8,,500.00,,false,,6.90,0.0138,true,1,173726
5411616133245,false,בירה מרטנס לאגר פחית,מבשלת מרטנס,BE,בירה מרטנס ירוק פחית,,500.00,,false,,6.90,0.0138,true,1,203664
5411616148546,false,בירה מרטנס גולד פחית,מבשחת מרטנס,BE,בירה מרטינס גולד פחי,,500.00,,false,,6.90,0.0138,true,1,173727
5411718911154,false,סיידר תפוחים אלכוהול,סטאסן ס.א.,BE,סיידר תפוחים אלכוהול,,330.00,100 גרם,false,,7.90,0.0239,true,1,205817
5413548280189,false,קינדר שוקובון 125 גרם,פררו,BE,קינדר שוקובון 125גר,,125.00,100 גרם,false,,13.90,0.1112,true,1,166307
5601008200444,false,עוגיות גודיס מרבה טבעת מצופה שוקו' חלב 150ג',הנסיך- מפעל לייצור ט,PT,עוגיות טבעת גודיס מצ,,150.00,100 גרם,false,,9.90,0.0660,true,1,142970
5701932026964,false,פופקורן להכנה במיקרוגל בטעם טבעי 6 שקיות,הוט פופ Hot pop,US,הוטפופ פופקורן בתוספ,,600.00,100 גרם,false,,16.90,0.0282,true,1,148330
5701932026971,false,פופקורן להכנה במיקרוגל בטעם חמאה 6 שקיות,הוט פופ Hot pop,US,הוטפופ פופקורן בטעם,,600.00,100 גרם,false,,16.90,0.0282,true,1,148331
5711953106583,false,גבינת שמנת בטעם טבעי 200 גרם ארלה,ארלה פודס אמבה,DK,גבינת שמנת טבעי ארלה,,200.00,100 גרם,false,,16.90,0.0845,true,1,223301
5711953106590,false,גבינת שמנת עם שום 200 גרם ארלה,ארלה פודס אמבה,DK,גבינת שמנת שום ארלה,,200.00,100 גרם,false,,16.90,0.0845,true,1,223302
5711953106606,false,גבינת שמנת עם תבלינים ועשבי תיבול 23.5%,ארלה פודס אמבה,DK,גבינת שמנת עשבי תיבו,,200.00,100 גרם,false,,16.90,0.0845,true,1,223303
5740900403215,false,ממרח לורפק חמאה עם מלח 250 ג',לורפאק Lurpak,,לורפק ממרח עם מלח 25,,250.00,100 גרם,false,,19.90,0.0796,true,1,212434
5740900403222,false,ממרח לורפק חמאה עם מלח מופחת שומן 250 ג,לורפאק Lurpak,,לורפק ממרח עם מלח מו,,250.00,100 גרם,false,,19.90,0.0796,true,1,212435
5740900403239,false,ממרח לורפק חמאה בלי מלח 250 ג',לורפאק Lurpak,,לורפק ממרח ללא מלח 2,,250.00,100 גרם,false,,19.90,0.0796,true,1,212438
5740900403246,false,ממרח לורפק חמאה בלי מלח 500 ג',לורפאק Lurpak,,לורפק ממרח ללא מלח 5,,500.00,100 גרם,false,,34.90,0.0698,true,1,212436
5740900403253,false,ממרח לורפק חמאה עם מלח 500 ג',לורפאק Lurpak,,לורפק ממרח עם מלח 50,,500.00,100 גרם,false,,34.90,0.0698,true,1,212437
5740900403260,false,ממרח מחמאת לורפק ללא מלח 27% פחות שומן,ארלה פודס אמבה,DK,לורפק ממרח עם מלח מו,,250.00,100 גרם,false,,19.90,0.0796,true,1,212439
5900017062419,false,"ניוואה - תחליב רחצה ורדים ושמן שקדים 750 מ""ל",,,ניוואה תחליב רחצה ור,,750.00,,false,,14.90,0.0199,true,1,234849
5900020012814,false,דגני בוקר בטעם שוקולד נסקוויק Nesquik,מיוצר עי קונדיטוריית,PL,דגני בוקר נסקוויק נס,,500.00,100 גרם,false,,26.90,0.0538,true,1,134811
5900020015174,false,חטיף דגנים פיטנס Fitness עם שוקולד מריר,מיוצר עי קונדיטוריית,PL,פיטנס חטיף דגנים שוק,,141.00,,false,,16.90,0.1199,true,1,134812
5900020018908,false,חטיף פיטנס דגנים עם עוגיות ופצפוצי שוקולד לבן,מיוצר עי קונדיטוריית,PL,פיטנס חטיף דגנים עוג,,141.00,,false,,16.90,0.1199,true,1,134818
5900020020710,false,נסטלה - קראנץ' שוקו וניל חטיף דגנים 25 גרם * 6,נסטלה פולין ברים,PL,חטיף דגנים קראנץ בר,,150.00,100 גרם,false,,16.90,0.1127,true,1,130354
5900020024770,false,פיטנס - דליס חטיף דגנים שוקולד אגוז 22.50 גרם * 6,נסטלה פולין ברים,PL,פיטנס בר דליס שוקולד,,135.00,,false,,16.90,0.1252,true,1,134822
5900020024817,false,פיטנס דליס Fitness Delice חטיף דגנים עם שוקולד לבן,נסטלה פולין ברים,PL,פיטנס בר דליס שוקולד,,135.00,,false,,16.90,0.1252,true,1,134823
5900020025807,false,נסטלה - דגני סיני מיניס 375 גרם,סי. פי. פולין,PL,דגני סיני מיניס נסטל,,375.00,100 גרם,false,,12.90,0.0344,true,1,134828
5900020026552,false,דגני בוקר האני נאט צ'יריוס בטעם דבש ושקדים,נסטלה צרפת איטנקורט,FR,צ׳יריוס האני נאט נסט,,625.00,,false,,26.90,0.0430,true,1,134830
5900020026859,false,דגני האני נאט צ'יריו,Unknown,,דגני האני נאט צ'יריו,,375.00,100 גרם,false,,12.90,0.0344,true,1,195710
5900020029669,false,פיטנס - חטיף דגנים פירות יער 23.50 גרם * 6,נסטלה פולין דגני בוק,,פיטנס חטיף דגני פירו,,141.00,,false,,16.90,0.1199,true,1,208368
5900020033314,false,חטיף דגני בוקר Lion בטעם קרמל ושוקולד על קרם חלב,נסטלה פולין ברים,PL,חטיף דגנים ליון 6*25,,150.00,,false,,16.90,0.1127,true,1,212202
5900020034021,false,חטיף דגנים פיטנס שוקולד בננה,מיוצר עי קונדיטוריית,PL,פיטנס חטיף דגנים שוק,,141.00,,false,,16.90,0.1199,true,1,214048
5900020034991,false,דגני בוקר צדפים בטעם שוקולד 450 ג' קראנץ',סי. פי. פולין,PL,קראנץ צדפים בטעם שוק,,450.00,100 גרם,false,,26.90,0.0598,true,1,224153
5900020036407,false,דגני בוקר ליון Lion בטעם שוקולד וקרמל,נסטלה פולין דגני בוק,,ליון שוקולד קרמל נסט,,480.00,,false,,26.90,0.0560,true,1,231562
5900020039590,false,פיטנס חטיף דגנים קלאסי פרווה 6 יח',נסטלה פולין דגני בוק,IL,פיטנס חטיף דגנים קלא,,141.00,100 גרם,false,,16.90,0.1199,true,1,235301
5900020039620,false,פיטנס חטיף דגנים שקדים ודבש פרווה,נסטלה פולין ברים,IL,פיטנס חטיף דגנים שק,,141.00,100 גרם,false,,16.90,0.1199,true,1,235302
5900020041142,false,קורנפלקס פיטנס 500 ג' אסם,נסטלה צרפת איטנקורט,PL,פיטנס קורנפלקס 500 ג,,500.00,,false,,12.90,0.0258,true,1,239624
5900020041371,false,פיטנס מארז חטף שוקולד מריר 8*23.5 גרם,נסטלה פולין ברים,PL,פיטנס חטיף שוקולד מר,,141.00,100 גרם,false,,16.90,0.1199,true,1,239300
5900352000770,false,שוקולד חלב ממולא ג'לי דובדבן Mella,,,גלרטקה דובדבן 190 ג,,190.00,,false,,7.90,0.0416,true,1,132848
5900352002361,false,עוגיות יזיקי קלאסיק,,,יזיקי קלאסיק 140 ג,,140.00,,false,,7.90,0.0564,true,1,174113
5900352002576,false,שוקולד חלב ממולא ג'לי אוכמניות Mella,,,גלרטקה אוכמניות 190,,190.00,100 גרם,false,,7.90,0.0416,true,1,132852
5900352002866,false,חטיף שוקולד אליבי מק,אליבי מקס Alibi Max,,חטיף אליבי 49 ג,יחידה,0.00,יחידה,false,,4.50,0.0000,true,1,132853
5900352014456,false,וופל בלגי שוקולד 130,,,וופל בלגי שוקולד 130,,130.00,,false,,4.90,0.0377,true,1,213764
5900352014470,false,וופל בלגי קרמל 140 ג,,,וופל בלגי קרמל 140 ג,,140.00,100 גרם,false,,4.90,0.0350,true,1,213765
5900352015125,false,עוגיות יזיקי קרמל מל,,,יזיקי קרמל מלוח 140,,140.00,100 גרם,false,,7.90,0.0564,true,1,239617
5900352015576,false,וופל בלגי קרם קוקוס,,,וופל בלגי קרם קוקוס,,130.00,,false,,4.90,0.0377,true,1,239619
5901677007611,false,שוקולד ברון חלב 300ג,,,שוקולד ברון חלב 300ג,,300.00,100 גרם,false,,11.90,0.0397,true,1,237523
5902198160403,false,"משקה אנרגיה XL TEN פחית לל""ס 250מ""ל","טמפו משקאות בע""מ",IL,אקסל משקה אנרגיה טן,,250.00,100 גרם,false,,5.00,0.0200,true,1,207134
5904603190883,false,עגבניות ירוקות כבושו,דבורק,,עגבניות ירוקות כבושו,,880.00,100 גרם,false,,13.90,0.0158,true,1,238519
5904941750312,false,"משקה אנרגיה BLU מוחיטו 250 מ""ל",אקו - ביט,PL,בלו דיי משקה אנרגיה,,250.00,,false,,4.90,0.0196,true,1,131399
5904941751302,false,"משקה אנרגיה בלו 250 מ""ל- בודד",אקו - ביט,PL,בלו משקה אנרגיה 250מ,,250.00,,false,,4.90,0.0196,true,1,131400
5904941751920,false,בלו משקה אנרגיה דיי חצי מכמות הקלו250 מל,אקו - ביט,PL,בלו דיי משקה אנרגיה,,250.00,,false,,4.90,0.0196,true,1,131408
5906485301012,false,"משקה אנרגיה XL פחית 250 מ""ל","טמפו משקאות בע""מ",IL,אקסל משקה אנרגיה 250,,250.00,,false,,5.00,0.0200,true,1,132189
5941021001254,false,טבלת שוקולד בטעם תפוז היידי גראנדור 80 ג',,,שוקולד היידי גראנדור,,80.00,100 גרם,false,,10.90,0.1363,true,1,161492
5941021001674,false,טבלת שוקולד היידי גראנדור 80% 80 ג',,,שוקולד היידי גראנדור,,80.00,100 גרם,false,,10.90,0.1363,true,1,161494
5941021004309,false,"שוקולד היידי גראנדור פלורנטין, 100 ג'",,,שוקולד היידי גראנדור,,100.00,100 גרם,false,,10.90,0.1090,true,1,161497
5941021005122,false,טבלת שוקולד חמוציות היידי גראנדור 80 ג',,,שוקולד היידי גראנדור,,80.00,100 גרם,false,,10.90,0.1363,true,1,161499
5941021007577,false,טבלת שוקולד פיסטוק היידי גראנדור 80 ג',,,שוקולד היידי גראנדור,,80.00,,false,,10.90,0.1363,true,1,217295
5941021015596,false,טבלת שוקולד בטעם מריר אוכמניות היידי גראנדור 80 ג',,,טבלת היידי שוקולד מר,,80.00,100 גרם,false,,10.90,0.1363,true,1,223558
5941021016401,false,טבלת שוקולד מריר שקד היידי גראנדור 100 ג',,,טבלת היידי שוקולד גר,,100.00,,false,,10.90,0.1090,true,1,223559
6001067017523,false,קולגייט מברשת שיניים ילדים ספידרמן-ברבי 5+,יבואן ומשווק: ש. שסט,CN,קולגייט מברשת שיניים,יחידה,0.00,יחידה,false,,10.90,0.0000,true,1,215539
6001067017530,false,קולגייט מברשת שיניים לילדים ספיידרמן,יבואן ומשווק: ש. שסט,CN,קולגייט מברשת שיניים,יחידה,0.00,יחידה,false,,10.90,0.0000,true,1,142977
6001067024446,false,קולגייט אקסטרה קלין שלישיה,COLGATE ($) -PALMOLI,,קולגייט מברשת שיניים,יחידה,0.00,יחידה,false,,10.00,0.0000,true,1,142979
6008165003984,false,סיגריות פאל מאל כחול סטרים פילט בודד,אמריקן גרדן,,פאל מאל כחול סטרים,יחידה,0.00,יחידה,false,,28.00,0.0000,false,1,157151
6008165271192,false,סיגריות פאל מאל אדום ארוך,אמריקן גרדן,,פאל מאל אדום ארוך,יחידה,0.00,יחידה,false,,28.00,0.0000,false,1,157152
6008165274629,false,סיגריות פאל מאל כחול ארוך סטרים,יושלם,,פאל מאל כחול ארוך,יחידה,0.00,יחידה,false,,28.00,0.0000,false,1,157154
6111094000198,false,קוסקוס דק 350 ג' דארי,דארי Dari,,קוסקוס דארי דק 350 ג,יחידה,0.00,יחידה,false,,7.90,0.0000,true,1,232732
6111094000808,false,"קוסקוס דארי בינוני תומר 1 ק""ג + 10% תוספת",דרי קוספט,MA,קוסקוס דארי 1.1קג,,1000.00,100 גרם,false,,17.90,0.0179,true,1,133876
6112012100358,false,שישיית קולבי פלסטיק,,,שישיית קולבי פלסטיק,יחידה,0.00,יחידה,false,,10.90,0.0000,true,1,217938
6112012100389,false,תחתית + מסמר לכיסא,,,תחתית לכיסא+מסמר,יחידה,0.00,יחידה,false,,14.90,0.0000,true,1,217939
6112012100655,false,מגב לשיש מהודר,,,מגבלשיש מהודר,יחידה,0.00,יחידה,false,,7.90,0.0000,true,1,214333
6112012100662,false,כותש שום,,,כותש שום,יחידה,0.00,יחידה,false,,14.90,0.0000,true,1,217943
6112012100778,false,מזלף לעוגה,,,מזלף לעוגה,יחידה,0.00,יחידה,false,,11.90,0.0000,true,1,217945
6112012100808,false,פינג'ן גדול,,,פינג'ן גדול,יחידה,0.00,יחידה,false,,21.90,0.0000,true,1,165945
6112013100104,false,מותחן לסדין - רביעייה,,,מותחן למזרון חדש,יחידה,0.00,יחידה,false,,17.90,0.0000,true,1,217958
6112013100166,false,מרית רחבה + ידית משולבת,,,מרית רחבה+ידית משולב,יחידה,0.00,יחידה,false,,12.90,0.0000,true,1,214235
6112015100867,false,שלישיית מברשת לניקוי,,,שלישיית מברשת לניקוי,יחידה,0.00,יחידה,false,,8.90,0.0000,true,1,166018
6112016100514,false,"תחתית לסיר מברזל 20 ס""מ",,,תחתית לסיר מברזל 20,יחידה,0.00,יחידה,false,,10.90,0.0000,true,1,214230
6112017104153,false,ספוג מסאג',,,ספוג מסאז,יחידה,0.00,יחידה,false,,8.90,0.0000,true,1,214313
6112017105778,false,"מגב סיליקון 40 ס""מ",,,"מגב לריצפה 40 ס""מ",יחידה,0.00,יחידה,false,,20.90,0.0000,true,1,223211
6112017106232,false,מתלה קיר למטאטא/ מגב,,,מתלה למטאטאים,יחידה,0.00,יחידה,false,,19.90,0.0000,true,1,230298
6118000061090,false,סרדינים מרוקאים בשמן סויה -טנגיר 125,,,סרדין מרוקאי בשמן סו,,125.00,100 גרם,false,,6.90,0.0552,true,1,174795
6118000240501,false,סרדינים מרוקאים בשמן סויה עם פלפל חריף - 125 גרם,,,סרדין מרוקאי בשמן סו,,125.00,100 גרם,false,,6.90,0.0552,true,1,216724
6910191800287,false,אצות נורי בלו 10 דף (ננגטונג),ננטונג היידה אקווטוק,CN,דפי סושי אצות נורי ב,,10.00,,false,,12.90,1.2900,true,1,159423
6921052701001,false,אצות ווקאמה מיובשות,ננטונג הידה אקוטיק פ,CN,אצות ים וואקמה 40גר,,40.00,100 גרם,false,,11.90,0.2975,true,1,212448
6934931267246,false,מצת לכיריים,,,מצת לכיריים,יחידה,0.00,יחידה,false,,9.90,0.0000,true,1,235652
6935487561246,false,מסיכה כירורגית שחורה מארז 50 יח',,,מסכות חד פעמי 50 יח,,50.00,,false,,9.90,0.1980,true,1,234049
6935673035629,false,כפפות אלוורה להקלה על עור יבש - בינוני M,מ.א ייצור ושיווק מטל,CN,כפפות אלוורה שאיני M,יחידה,0.00,יחידה,false,,7.90,0.0000,true,1,152751
6936745600462,false,רוטב מירין לתיבול מז,דאנינג יוה פודס קו,CN,מירין דאניינג 500מל,,500.00,100 גרם,false,,19.90,0.0398,true,1,159446
6985425120301,false,אטבי כביסה 30 יחידות,,,אטבי כביסה 30 יחידות,יחידה,0.00,יחידה,false,,9.90,0.0000,true,1,214275
6985425120684,false,מסננת גדולה,,,מסננת גדולה,יחידה,0.00,יחידה,false,,12.90,0.0000,true,1,214258
7271730901261,false,ווקי מאק ארוחת אטריות עם גבינה 156 גרם,ניו וורלד פסטה קומפנ,US,תערובת להכנת פסטה+גב,,156.00,100 גרם,false,,12.90,0.0827,true,1,215069
7290000000070,false,סופגניה,,,סופגניה,יחידה,0.00,יחידה,false,,3.90,0.0000,true,1,239861
7290000000943,false,פרינגלס עד 158גר+ביר,,,פרינגלס עד 158גר+ביר,יחידה,0.00,יחידה,false,,16.90,0.0000,true,1,240328
7290000001009,false,לאבנה 9% טרה 250גר+ק,,,לאבנה 9% טרה 250גר+ק,יחידה,0.00,יחידה,false,,20.90,0.0000,true,1,240329
7290000001038,false,נשנושי גבינה 67גר+מל,מעדני מניה תעשיות בש,,נשנושי גבינה 67גר+מל,יחידה,0.00,יחידה,false,,19.90,0.0000,true,1,240331
7290000001106,false,2יח קלרו טבליות למדי,,,2יח קלרו טבליות למדי,יחידה,0.00,יחידה,false,,20.00,0.0000,true,1,240335
7290000001693,false,פתי בר הדר+חלב בקרטו,,,פתי בר הדר+חלב בקרטו,יחידה,0.00,יחידה,false,,15.90,0.0000,true,1,239903
7290000001715,false,הפי לחלונות 750מל+הפ,,,הפי לחלונות 750מל+הפ,יחידה,0.00,יחידה,false,,24.90,0.0000,true,1,240327
7290000013206,false,זנב בקר,,,זנב בקר,קילוגרמים,1.00,"ק""ג",true,,69.90,69.9000,true,1,204666
7290000018485,false,דונאטס מצופה,,,דונאטס מצופה,יחידה,0.00,יחידה,false,,5.90,0.0000,true,1,233240
7290000018492,false,סופגניה מיני בטעמים,,,סופגניה מיני בטעמים,יחידה,0.00,יחידה,false,,2.90,0.0000,true,1,233279
7290000023083,false,ערק אשקלון 40% בקבוק,"יקבי ברקן בע""מ",IL,ערק אשקלון 700 מל,,700.00,100 גרם,false,,49.90,0.0713,true,1,132201
7290000023427,false,ליקר שטוק אמרטו 750מ,"יקבי ברקן בע""מ",IL,ליקר שטוק אמרטו 750מ,,750.00,,false,,49.90,0.0665,true,1,214904
7290000023809,false,"יין ברקן קלאסיק קברנה סובניון 750מ""ל",יקבי ברקן שיווק והפצ,IL,יין קלאסיק קברנה סוב,,750.00,100 גרם,false,,39.90,0.0532,true,1,132226
7290000023816,false,"יין ברקן קלאסיק אמרלד ריזלינג 750מ""ל",יקבי ברקן שיווק והפצ,IL,יין קלאסיק אמרלד ריז,,750.00,,false,,39.90,0.0532,true,1,132227
7290000023830,false,יין קלאסיק שיראז רוז,,,יין קלאסיק שיראז רוז,,750.00,100 גרם,false,,39.90,0.0532,true,1,214907
7290000023977,false,"יין ברקן קלאסיק מרלו 750 מ""ל",יקבי ברקן שיווק והפצ,IL,יין קלאסיק מרלו 750מ,,750.00,100 גרם,false,,39.90,0.0532,true,1,132233
7290000024530,false,יין אדום מתוק של סגל,כרמי צבי - אחים סגל,IL,יין אדום מתוק קידוש,,750.00,,false,,16.90,0.0225,true,1,205212
7290000033976,false,כתף טלה טרי,,,כתף טלה טרי,קילוגרמים,1.00,"ק""ג",true,,109.00,109.0000,true,1,153478
7290000034256,false,ביסקוויט תירוש חצי מצופה הדר 175ג',אפיפית נצרת תעשיות ב,IL,ביסקויט תירוש 175גרם,,175.00,100 גרם,false,,7.90,0.0451,true,1,156624
7290000034973,false,חזה טלה ספרייס טרי,,,חזה טלה ספרייס טרי,קילוגרמים,1.00,"ק""ג",true,,79.00,79.0000,true,1,153480
7290000037066,false,פרגית טרי,,,פרגית טרי,קילוגרמים,1.00,"ק""ג",true,,64.90,64.9000,true,1,163935
7290000040042,false,יוגורט תות %3 גביע 150 ג' יופלה,תנובה בעמ,IL,יופלה תות שובב 3% 15,,150.00,,false,,5.20,0.0347,true,1,145658
7290000040066,false,יוגורט דובדבן 3% שומן 150 ג' יופלה,תנובה מרכז שיתופי לש,IL,יופלה דובדבן פראי 3%,,150.00,100 גרם,false,,5.20,0.0347,true,1,145660
7290000040080,false,יוגורט אפרסק 3% שומן 150 ג' יופלה,תנובה בעמ,IL,יופלה אפרסק מאוהב 3%,,150.00,100 גרם,false,,5.20,0.0347,true,1,145661
7290000040301,false,"גבינת קולאז קממבר עין גדי 24%, 125 ג'",תנובה מרכז שיתופי לש,IL,גבינה קממבר עין גדי,,125.00,100 גרם,false,,21.50,0.1720,true,1,145664
7290000040462,false,גבינת טוסטי עמק אמריקאי אדם 23% 200 ג',תנובה מרכז שיתופי לש,IL,מותכת טוסטי אמריקאי,,200.00,,false,,19.90,0.0995,true,1,145667
7290000040974,false,חלב תנובה קרטון דל לקטוז 2% 1ל,תנובה מרכז שיתופי לש,IL,חלב קרטון דל לקטוז ת,,1000.00,,false,,7.50,0.0075,true,1,145668
7290000041858,false,"שמנת חמוצה 15% יטבתה 200 מ""ל מהדרין",שטראוס גרופ,IL,שמנת חמוצה מעושר 15%,,200.00,,false,,2.70,0.0135,true,1,150923
7290000041865,false,"לבן 4.5% יטבתה מהדרין 200מ""ל",מחלבת יטבתה,IL,אשל 4.5% יטבתה 200מל,,200.00,,false,,2.00,0.0100,true,1,150924
7290000042015,false,חלב טרי 3% תנובה שקית 1ל' מהדרין,תנובה מרכז שיתופי לש,IL,חלב טרי בשקית 3% בדצ,,1000.00,100 גרם,false,,5.43,0.0054,true,1,145674
7290000042404,false,חלב יוטבתה מועשר 3% שקית 1ל',מחלבת יטבתה,IL,חלב מועשר שקית יטבתה,,1000.00,,false,,6.20,0.0062,true,1,150926
7290000042435,false,חלב טרי 1% קרטון פקק 1ל' תנובה,תנובה מרכז שיתופי לש,IL,חלב דל שומן 1% בקרטו,,1000.00,100 גרם,false,,5.86,0.0059,true,1,145682
7290000042640,false,"חלב תנובה עמיד 3% קרטון 250 מ""ל",קריות זול,IL,חלב עמיד תנובה 3% 25,,250.00,100 גרם,false,,3.30,0.0132,true,1,145690
7290000042855,false,יוטבתה שוקו שקית 225מל,שטראוס גרופ,IL,שוקו שקית 250,,250.00,100 גרם,false,,3.00,0.0120,true,1,150928
7290000043012,false,"שוקו עמיד 2% בקרטון 250 מ""ל תנובה",תנובה מרכז שיתופי לש,IL,שוקו עמיד 2% תנובה 2,,250.00,,false,,5.20,0.0208,true,1,145694
7290000043814,false,"שמנת מתוקה להקצפה 38% 250 מ""ל תנובה",תנובה מרכז שיתופי לש,IL,השף הלבן שמנת עמידה,,250.00,100 גרם,false,,6.47,0.0259,true,1,145697
7290000043890,false,רויון בקרטון 1 ליטר,תנובה מרכז שיתופי לש,IL,רויון תנובה 1.5% 1לי,,1000.00,,false,,12.20,0.0122,true,1,145699
7290000043944,false,כד יוגורט תנובה 4% שומן 1.5 ליטר,מיוצר עי קונדיטוריית,IL,יוגורט כדים תנובה 1.,,1500.00,,false,,17.90,0.0119,true,1,145700
7290000044880,false,באדי יוגורט תות 3% שומן 500 ג' תנובה,מיוצר עי קונדיטוריית,IL,יוגורט באדי בטעם תות,,500.00,100 גרם,false,,9.70,0.0194,true,1,145708
7290000045573,false,גבינת מותכת משולשים 25% שומן 200 ג' נעמה,קריות זול,IL,גבינה מותכת נעמה 25%,,200.00,100 גרם,false,,15.70,0.0785,true,1,145710
7290000045580,false,"גבינת מותכת נעמה חורש 25%, 240 ג'",תנובה מרכז שיתופי לש,IL,גבינת חורש 16 יחידות,,240.00,,false,,18.90,0.0787,true,1,145711
7290000045917,false,תנובה גבינת פרומעז 23% גלילית 200ג,קריות זול,IL,גבינה פרומעז 23% קול,,200.00,100 גרם,false,,27.90,0.1395,true,1,145713
7290000046006,false,גבינה צהובה עמק בלוק,תנובה מרכז שיתופי לש,,עמק 28% תנובה,קילוגרמים,1.00,"ק""ג",true,,44.79,44.7900,true,1,145596
7290000046020,false,"גבינה גלבוע בלוק ק""ג",תנובה מרכז שיתופי לש,,גלבוע 22% תנובה,קילוגרמים,1.00,"ק""ג",true,,42.58,42.5800,true,1,145597
7290000046136,false,גלבוע 22% תנובה,קריות זול,,גלבוע 22% תנובה,קילוגרמים,1.00,"ק""ג",true,,42.58,42.5800,true,1,230365
7290000046327,false,"גבינת גלבוע פרוס 22%, 200 ג' תנובה",תנובה מרכז שיתופי לש,IL,צהובה גלבוע 22% 200,,200.00,,false,,13.90,0.0695,true,1,145716
7290000046501,false,גבינה טל העמק בלוק ק,קריות זול,,טל העמק חריץ 32% תנו,קילוגרמים,1.00,"ק""ג",true,,61.00,61.0000,true,1,145602
7290000046563,false,גבע פרמזן תנובה במשק,תנובה מרכז שיתופי לש,,פרמזן קולאז 23% תנוב,קילוגרמים,1.00,"ק""ג",true,,119.00,119.0000,true,1,145605
7290000046662,false,עמק דליקטס סקנדינבית,תנובה מרכז שיתופי לש,,עמק דליקטס סקנדינבית,קילוגרמים,1.00,"ק""ג",true,,81.00,81.0000,true,1,145608
7290000047027,false,גבינה גלעד קצקאבל27%,תנובה מרכז שיתופי לש,,קאשקבל 28% תנובה חלב,קילוגרמים,1.00,"ק""ג",true,,129.00,129.0000,true,1,219377
7290000047034,false,"גבינה רוקפור גליל ק""",תנובה מרכז שיתופי לש,,רוקפור 28% תנובה,קילוגרמים,1.00,"ק""ג",true,,134.00,134.0000,true,1,219378
7290000047485,false,בולגרית פיראוס 24% ב,תנובה מרכז שיתופי לש,,בולגרית 24% תנובה,קילוגרמים,1.00,"ק""ג",true,,55.00,55.0000,true,1,145613
7290000047546,false,כנען גבינה לבנה ללא מלח 5% 500 ג',תנובה מרכז שיתופי לש,IL,גבינה לבנה ללא תוספת,,500.00,100 גרם,false,,26.50,0.0530,true,1,145720
7290000047942,false,**תנובה גבינה לבנה מהדרין 9% 250ג,תנובה מרכז שיתופי לש,IL,גבינה לבנה 9% בדצ 2,,250.00,100 גרם,false,,5.20,0.0208,true,1,145724
7290000048185,false,גבינה לבנה 5% שומן 250 ג' תנובה,מיוצר עי קונדיטוריית,IL,גבינה לבנה 5% תנובה,,250.00,,false,,4.98,0.0199,true,1,145725
7290000048192,false,גבינה לבנה 9% שומן 250 ג' תנובה,מחלבת אלון תבור,IL,גבינה לבנה 9% תנובה,,250.00,,false,,5.20,0.0208,true,1,145726
7290000048307,false,קוטג' 5% וזיתים ירוקים 250ג' תנובה,מיוצר עי קונדיטוריית,IL,גבינת קוטג׳ 5% עם זי,,250.00,100 גרם,false,,5.90,0.0236,true,1,145727
7290000048413,false,גבינה חמד %16 שקית 250 ג' פיראוס,תנובה מרכז שיתופי לש,IL,פיראוס חמד 16% 250 ג,,250.00,,false,,18.90,0.0756,true,1,145728
7290000048437,false,גבינה צפתית 5% 200 ג' פיראוס,פארייפאבה אגרואינדוס,IL,פיראוס צפתית 5% שומן,,200.00,,false,,15.90,0.0795,true,1,145729
7290000048444,false,גבינת חמד 16% פיראוס,תנובה מרכז שיתופי לש,IL,"חמד 16% תנובה 1ק""ג",קילוגרמים,1.00,"ק""ג",true,,59.00,59.0000,true,1,234826
7290000050447,false,יוגורט תות 500 ג' יופלה,מיוצר עי קונדיטוריית,IL,יופלה YYY תות 3% 500,,500.00,,false,,14.30,0.0286,true,1,145744
7290000050454,false,יוגורט אפרסק 500 ג' יופלה,מיוצר עי קונדיטוריית,IL,יופלה YYY אפרסק 3% 5,,500.00,,false,,14.30,0.0286,true,1,145745
7290000051307,false,מארז הפסקת אוכל עם דגני עוגי ומשקה חלב עמיד בטעם וניל,תנובה מרכז שיתופי לש,IL,הפסקת אוכל עוגי +חלב,,150.00,100 גרם,false,,9.90,0.0660,true,1,145772
7290000051352,false,חלב מלא בטעם של פעם 3.4% תנובה קרטון 1 ל',תנובה מרכז שיתופי לש,IL,חלב בטעם של פעם 3.4%,,1000.00,100 גרם,false,,8.00,0.0080,true,1,145773
7290000051376,false,יופלה דיאט אננס גביע 150 ג',תנובה מרכז שיתופי לש,IL,יופלה דיאט אננס ספור,,150.00,100 גרם,false,,5.20,0.0347,true,1,145775
7290000052311,false,גבינה צהובה לייט 15% 200 ג' עמק,תנובה מרכז שיתופי לש,IL,גבינה צהובה עמק לייט,,200.00,,false,,17.50,0.0875,true,1,145801
7290000052649,false,גבינת לאבנה 5% שומן 500 ג' פיראוס,תנובה מרכז שיתופי לש,IL,פיראוס לאבנה 5% גביע,,500.00,,false,,20.90,0.0418,true,1,145815
7290000052717,false,קוטג' 5%עם שום שמיר 250 ג' תנובה,מיוצר עי קונדיטוריית,IL,קוטג' שום שמיר 5% 25,,250.00,,false,,5.90,0.0236,true,1,145820
7290000055329,false,יופלה משקה יוגורט תות מלון 1.5% 250מל.,תנובה מרכז שיתופי לש,IL,יופלה משקה יוגורט תו,,250.00,100 גרם,false,,5.90,0.0236,true,1,145920
7290000055336,false,יופלה משקה יוגורט בננה אפרסק 1.5% 250מל,תנובה מרכז שיתופי לש,IL,יופלה משקה יוגורט בנ,,250.00,,false,,5.90,0.0236,true,1,145921
7290000055343,false,יופלה משקה יוגורט טרופי 1.5% 250מל,תנובה מרכז שיתופי לש,IL,יופלה משקה יוגורט טר,,250.00,,false,,5.90,0.0236,true,1,145922
7290000055350,false,עמק קלאסית 28% במשקל,תנובה מרכז שיתופי לש,,עמק 28% תנובה,קילוגרמים,1.00,"ק""ג",true,,44.79,44.7900,true,1,230873
7290000055893,false,חמאה משמנת מפוסטרת 200ג' כ.מהדרין,תנובה מרכז שיתופי לש,IL,חמאה מהדרין תנובה 20,,200.00,,false,,8.70,0.0435,true,1,145936
7290000056845,false,חלב טרי 3% הומוגני קרטון 1.5 ל' תנובה,פארייפאבה אגרואינדוס,IL,חלב טרי 3% תנובה 1.5,,1500.00,100 גרם,false,,9.35,0.0062,true,1,145966
7290000056890,false,דיאט יופלה שמינייה טעמים שונים,מיוצר עי קונדיטוריית,IL,יופלה מאגדת דיאט טעמ,יחידה,0.00,יחידה,false,,32.50,0.0000,true,1,145969
7290000056906,false,מאגדת לבן טבעי 1.5% שומן 8 יח' * 150 ג' יופלה,מחלבת אלון תבור,IL,יופלה לבן מאגדת שמינ,,1200.00,,false,,18.90,0.0157,true,1,145970
7290000056951,false,"שמנת לבישול 15% שומן 500 מ""ל תנובה",תנובה מרכז שיתופי לש,IL,שמנת עמידה לבישול 15,,500.00,100 גרם,false,,18.50,0.0370,true,1,145973
7290000057088,false,גבינת דק דק 28% 200 ג' עמק,תנובה מרכז שיתופי לש,IL,גבינה צהובה עמק דק ד,,200.00,,false,,17.50,0.0875,true,1,145979
7290000057132,false,יוגורט טבעי 1.5% שומן 200 ג' תנובה,מחלבת אלון תבור,IL,יוגורט טבעי 1.5%תנוב,,200.00,,false,,3.20,0.0160,true,1,145982
7290000057149,false,יוגורט טבעי 3% שומן 200 ג' תנובה,מיוצר עי קונדיטוריית,IL,יוגורט טבעי 3% תנובה,,200.00,,false,,3.20,0.0160,true,1,145983
7290000058030,false,"יופלה שטוזים משקה יוגורט תות 8 יח' * 100 מ""ל",מיוצר עי קונדיטוריית,IL,יופלה שטוזים משקה יו,,800.00,100 גרם,false,,21.90,0.0274,true,1,146018
7290000058047,false,**שף לבן שמנת מתוקה מהדרין 38% פקק 500מ,תנובה מרכז שיתופי לש,IL,השף הלבן שמנת 38% 5ע,,500.00,100 גרם,false,,12.94,0.0259,true,1,146019
7290000058580,false,קוקילידה וניל ועוגיות שוקולד נסטלה 83ג',נגה גלידות (גלידות נ,IL,קוקילידה וניל,יחידה,0.00,יחידה,false,,10.90,0.0000,true,1,215455
7290000060088,false,בייגלה אסם מקלות מלוחים 400 גרם,מיוצר עי קונדיטוריית,IL,בייגלה מקלות מלוחים,,300.00,100 גרם,false,,11.90,0.0397,true,1,134867
7290000060156,false,פסטה אסם אטריות ביצים דקות 200גר,"אסם השקעות בע""מ",IL,אסם אטריות ביצים דקו,,200.00,,false,,6.90,0.0345,true,1,134870
7290000060163,false,פסטה אסם אטריות דקות 400גר,"אסם השקעות בע""מ",IL,אטריות דקות אסם 400ג,,400.00,,false,,6.90,0.0173,true,1,134871
7290000060200,false,פסטה אסם פתיתים אפויים קוסקוס 500גר,"אסם השקעות בע""מ",IL,פתיתים אפויים קוסקוס,,500.00,100 גרם,false,,7.90,0.0158,true,1,134873
7290000060217,false,פסטה אסם מקרוני 7 500 גר,קריות זול,IT,פסטה מקרוני 7 אסם 50,,500.00,,false,,6.50,0.0130,true,1,134874
7290000060248,false,פסטה אסם פתיתים תלתלים 500גר,קריות זול,IT,פסטה תלתלים אסם 500,,500.00,100 גרם,false,,6.50,0.0130,true,1,134875
7290000060385,false,פודינג וניל אינסטנט מארז רביעיה * 80 ג',אסם תעשיות,IL,פודינג וניל מארז אסם,,320.00,100 גרם,false,,19.90,0.0622,true,1,134882
7290000060408,false,פסטה אסם פתיתים אפויים טבעות 500 גר,"אסם השקעות בע""מ",IL,פתיתים אפויים טבעות,,500.00,100 גרם,false,,7.90,0.0158,true,1,134884
7290000060415,false,פסטה פרפקטו לזאניה אסם 500ג',קריות זול,IT,לזניה פרפקטו 500גר,,500.00,100 גרם,false,,15.90,0.0318,true,1,134885
7290000060576,false,פסטה אסם פתיתים אפוי כוכב 500גר,"אסם השקעות בע""מ",IL,פתיתים אפויים כוכב א,,500.00,100 גרם,false,,7.90,0.0158,true,1,134895
7290000060781,false,פסטה אסם פתיתים מסולסלים 500גר,קריות זול,IT,פסטה מסולסלים אסם 50,,500.00,100 גרם,false,,6.50,0.0130,true,1,134898
7290000060811,false,טילון אקסטרים ענק מטבע שוקולד 120 ג',תות תעשיות מזון (201,IL,אקסטרים מטבע ענק פלי,,120.00,100 גרם,false,,10.90,0.0908,true,1,235165
7290000060828,false,פסטה קרניים בינוניות 500 ג' אסם,קריות זול,IT,פסטה קרניים בינוניות,,500.00,100 גרם,false,,6.50,0.0130,true,1,134901
7290000060842,false,פסטה אסם פתיתים צדפים גדולים 500גר,קריות זול,IT,פסטה צדפים גדולים אס,,500.00,100 גרם,false,,6.50,0.0130,true,1,134903
7290000060880,false,פסטה מס' 8 ספגטי אסם 500ג',קריות זול,IT,פסטה ספגטי אסם 500גר,,500.00,100 גרם,false,,6.50,0.0130,true,1,134906
7290000060903,false,פסטה אסם פתיתים אפויים אורז 500גר,"אסם השקעות בע""מ",IL,פתיתים אפויים אורז א,,500.00,,false,,7.90,0.0158,true,1,134907
7290000060958,false,פסטה אסם אטריות בינוניות 400 גרם,"אסם השקעות בע""מ",IL,אטריות בינוניות אסם,,400.00,,false,,6.90,0.0173,true,1,134910
7290000060965,false,פסטה אסם אטריות רחבות 400גר,"אסם השקעות בע""מ",IL,אטריות רחבות אסם 400,,400.00,100 גרם,false,,6.90,0.0173,true,1,134911
7290000061061,false,קרקר בצל אסם 250 גרם,"אסם השקעות בע""מ",IL,קרקר בצל אסם 250גר,,250.00,100 גרם,false,,11.90,0.0476,true,1,134913
7290000061085,false,"רוטב צ'ילי מתוק אסם 290מ""ל","אסם השקעות בע""מ",IL,רוטב צילי מתוק אסם 2,,290.00,100 גרם,false,,12.50,0.0431,true,1,134915
7290000061108,false,"רוטב טריאקי 290 מ""ל אסם","אסם השקעות בע""מ",IL,רוטב טריאקי אסם 290מ,,290.00,,false,,12.50,0.0431,true,1,134916
7290000061214,false,פתיתים אפויים קוסקוס עם בצל אסם 500 גר',"אסם השקעות בע""מ",IL,פתיתים אפויים קוסקוס,,500.00,100 גרם,false,,7.90,0.0158,true,1,134918
7290000061764,false,נסקפה רד מאג טעם חדש 200ג',נסטלה ספרד קפה,ES,רד מאג נסקפה 200גר,,200.00,,false,,24.90,0.1245,true,1,134932
7290000062242,false,דובונים שמנת בצל 40 גר' אסם,"אסם השקעות בע""מ",IL,דובונים שמנת בצל אסם,,40.00,100 גרם,false,,4.90,0.1225,true,1,134942
7290000062952,false,אוסם - מיני קרוטונים למרק ולסלט 250 גרם,עינת תעשיות מזון,IL,מיני קרוטונים למרק ו,,250.00,100 גרם,false,,16.90,0.0676,true,1,134949
7290000063102,false,קמח עוגה אסם תופח מאליו 350ג',"אסם השקעות בע""מ",IL,קמח תופח אסם 350גר,,350.00,,false,,4.90,0.0140,true,1,134954
7290000063133,false,אסם שקדי מרק רכיבים טבעיים 24*100גרם,"אסם השקעות בע""מ",IL,שקדי מרק בשקית אסם 1,,100.00,,false,,5.50,0.0550,true,1,134955
7290000063140,false,שקדי מרק רכיבים טבעיים בשקית 400 ג' אסם,"אסם השקעות בע""מ",IL,שקדי מרק רכיבים טבעי,,400.00,100 גרם,false,,13.90,0.0348,true,1,130493
7290000063157,false,"קמח תופח מאליו אסם 1 ק""ג","אסם השקעות בע""מ",IL,קמח תופח מאליו אסם 1,,1000.00,100 גרם,false,,9.90,0.0099,true,1,134956
7290000064758,false,קוסקוס בינוני אמיתי אסם 350 ג',"מיוצר ע""י קוד יצרן K",IL,קוסקוס בינוני אסם 35,,350.00,100 גרם,false,,7.90,0.0226,true,1,134990
7290000064871,false,"אוסם - מנה חמה פירה תפו""א עם בצל 56 גרם","אסם השקעות בע""מ",IL,מנה חמה אסם פירה תפו,,56.00,100 גרם,false,,6.90,0.1232,true,1,134995
7290000065090,false,מיני קרוטונים למרק ולסלט 400 ג' אסם,עינת תעשיות מזון,IL,מיני קורטונים למרק ו,,400.00,100 גרם,false,,26.90,0.0672,true,1,134998
7290000065540,false,אוסם - מנה חמה פסטה מוקרמת בטעם עוף 55 גרם,"אסם השקעות בע""מ",IL,מנה חמה אסם פסטה מוק,,55.00,,false,,6.90,0.1255,true,1,135002
7290000065557,false,אוסם - מנה חמה קוסקוס עם ירקות 84 גרם,"אסם תעשיות מזון בע""מ",IL,מנה חמה אסם קוסקוס ע,,84.00,100 גרם,false,,6.90,0.0821,true,1,135003
7290000066134,false,ביסלי בטעם פלאפל אסם,"אסם השקעות בע""מ",IL,ביסלי בטעם פלאפל אסם,,70.00,100 גרם,false,,4.90,0.0700,true,1,135017
7290000066141,false,ביסלי בטעם גריל אסם,"אסם השקעות בע""מ",IL,ביסלי בטעם גריל אסם,,70.00,100 גרם,false,,4.90,0.0700,true,1,135018
7290000066172,false,ביסלי בטעם פיצה אסם,"אסם השקעות בע""מ",IL,ביסלי בטעם פיצה אסם,,70.00,,false,,4.90,0.0700,true,1,135021
7290000066189,false,ביסלי גדול בטעם פלאפל 200 ג' אסם,"אסם השקעות בע""מ",IL,ביסלי גדול פלאפל אסם,,200.00,100 גרם,false,,8.90,0.0445,true,1,135022
7290000066196,false,ביסלי גדול בטעם גריל 200 ג' אסם,מיוצר עי קונדיטוריית,IL,ביסלי גדול טעם גריל,,200.00,100 גרם,false,,8.90,0.0445,true,1,135023
7290000066226,false,ביסלי בטעם פיצה 200 ג' אסם,מיוצר עי קונדיטוריית,IL,ביסלי בטעם פיצה אסם,,200.00,,false,,8.90,0.0445,true,1,135026
7290000066264,false,אוסם - חטיף דובונים 40 גרם,"אסם השקעות בע""מ",IL,דובונים אסם 40גר,,40.00,100 גרם,false,,4.90,0.1225,true,1,135027
7290000066295,false,אסם במבה תות מחומרים טבעיים 30גר,מיוצר עי קונדיטוריית,IL,במבה תות מחומרים טבע,,30.00,100 גרם,false,,2.90,0.0967,true,1,135028
7290000066318,false,במבה קלאסי 80 גרם,"אסם השקעות בע""מ",IL,במבה אסם 80 גרם,,80.00,,false,,4.90,0.0613,true,1,135030
7290000066332,false,אפרופו חטיף אסם 50ג',מיוצר עי קונדיטוריית,IL,אפרופו אסם 50גר,,50.00,100 גרם,false,,5.30,0.1060,true,1,135031
7290000066431,false,פופקו חטיף תירס בטעם חמאה ודבש 80 גרם,מיוצר עי קונדיטוריית,IL,פופקו חטיף אסם 80גר,,80.00,100 גרם,false,,5.50,0.0688,true,1,135034
7290000067544,false,פירורית זהב שקית 200גר,עינת תעשיות מזון,IL,פירורית זהב שקית אסם,,200.00,,false,,6.50,0.0325,true,1,215179
7290000067599,false,אוסם - מנה חמה ספגטי רוטב בולנז 65 גרם,"אסם השקעות בע""מ",IL,מנה חמה אסם ספגטי רו,,65.00,,false,,6.90,0.1062,true,1,135061
7290000068138,false,אסם פודינג אינסטנט וניל 80 גרם,מיוצר עי קונדיטוריית,IL,פודינג וניל אסם 80גר,,80.00,100 גרם,false,,5.90,0.0738,true,1,135070
7290000068190,false,ג'לי תות שדה צבע טבעי 85 ג',מיוצר עי קונדיטוריית,IL,ג'לי תות אסם 85 גר,,85.00,,false,,6.90,0.0812,true,1,135074
7290000068237,false,ג'לי פטל צבע טבעי 85ג' אסם,מיוצר עי קונדיטוריית,IL,ג'לי פטל אסם 85 גר,,85.00,100 גרם,false,,6.90,0.0812,true,1,135076
7290000068343,false,אוסם - פירכונים מאורז מלא 140 גרם,"מיוצר ע""י PT, משווק",IL,פריכונים מאורז מלא א,,140.00,100 גרם,false,,8.90,0.0636,true,1,135086
7290000068701,false,שקדי מרק רכיבים טבע.מיכל 400ג' אסם,"אסם השקעות בע""מ",IL,שקדי מרק במיכל אסם 4,,400.00,,false,,17.90,0.0447,true,1,135091
7290000068770,false,במבה יום הולדת אסם 8,"אסם השקעות בע""מ",IL,במבה יום הולדת אסם 8,,80.00,,false,,4.90,0.0613,true,1,135093
7290000068787,false,במבה יום הולדת 25גרם,מיוצר עי קונדיטוריית,IL,במבה אסם 25גר,,25.00,100 גרם,false,,2.50,0.1000,true,1,135094
7290000069364,false,פריכונים עגולים אורז דל נתרן אסם 140 גרם,"מיוצר ע""י PT, משווק",IL,פריכונים מאורז מלא ל,,140.00,100 גרם,false,,8.90,0.0636,true,1,135112
7290000069609,false,חטיפי קרקר זעתר 300 גרם,אסם,,חטיפי קרקר זעתר 300ג,,300.00,100 גרם,false,,12.50,0.0417,true,1,135118
7290000070308,false,אבקת מרק עוף אמיתי במיכל 400 גרם,"אסם השקעות בע""מ",IL,מרק עוף אמיתי אסם 40,,400.00,,false,,17.90,0.0447,true,1,135137
7290000070353,false,אבקת מרק בצל רכיבים טבעיים 400 ג' אסם,"אסם השקעות בע""מ",IL,מרק בצל רכיבים טבעיי,,400.00,,false,,27.90,0.0697,true,1,135140
7290000072067,false,במבה במילוי קרם חלבה 60ג' אסם,מיוצר עי קונדיטוריית,IL,במבה במילוי קרם חלבה,,60.00,,false,,4.90,0.0817,true,1,135165
7290000072623,false,אסם קטשופ בקבוק לחיץ,"אסם השקעות בע""מ",IL,קטשופ אסם 750 גרם,,750.00,,false,,9.90,0.0132,true,1,135173
7290000072630,false,קטשופ חריף אוסם 750 ג',"אסם השקעות בע""מ",IL,אסם קטשופ חריף 750 ג,,750.00,,false,,11.90,0.0159,true,1,135174
7290000072753,false,קפה טייסטר צ'ויס קפה מגורען 200ג',נסטלה קוריאה - קפה,IL,קפה טייסטרס צ׳ויס נס,,200.00,,false,,29.90,0.1495,true,1,130454
7290000072777,false,קפה טייסטר צ'ויס מגור' נ.קפאין 200ג',נסטלה קוריאה - קפה,IL,טסטרס צויס נטול קפאי,,200.00,,false,,39.90,0.1995,true,1,135180
7290000073415,false,אוסם - מנה חמה פסטה ברוטב פיצה 61 גרם,"אסם השקעות בע""מ",IL,מנה חמה אסם פסטה ברו,,61.00,100 גרם,false,,6.90,0.1131,true,1,135197
7290000073750,false,אוסם - מנה חמה נודלס בטעם עוף 70 גרם,טאי רזידנט,CN,מנה חמה נודלס בטעם ע,,70.00,,false,,6.90,0.0986,true,1,135200
7290000073774,false,אוסם - מנה חמה נודלס בטעם פיקנטי 70 גרם,טאי רזידנט,CN,מנה חמה נודלס בטעם פ,,70.00,100 גרם,false,,6.90,0.0986,true,1,135202
7290000074153,false,ביסקוויט פתיבר שוקו,מיוצר עי קונדיטוריית,IL,פתי בר שוקו אסם 500ג,,500.00,100 גרם,false,,14.90,0.0298,true,1,135208
7290000074184,false,אוסם - פתי בר בינוני 500 גרם,"אסם השקעות בע""מ",IL,פתי בר וניל אסם 500ג,,500.00,,false,,11.90,0.0238,true,1,135210
7290000074245,false,אוסם - קרם קרקר אסם 250 גרם,"אסם השקעות בע""מ",IL,קרם קרקר אסם 250גר,,250.00,100 גרם,false,,8.90,0.0356,true,1,135211
7290000074252,false,קרקר אסם שומשום 250 גרם,"אסם השקעות בע""מ",IL,קרקר שומשום אסם 250ג,,250.00,100 גרם,false,,9.90,0.0396,true,1,135212
7290000074276,false,קרקר פיקנטי טבעון 250 ג' אסם,"אסם השקעות בע""מ",IL,קרקר פיקנטי טבעון אס,,250.00,100 גרם,false,,11.90,0.0476,true,1,135213
7290000074375,false,אוסם - קרקר זהב 150 גרם,"אסם השקעות בע""מ",IL,קרקר זהב אסם 150 גרם,,150.00,,false,,7.90,0.0527,true,1,135218
7290000074481,false,לחמית אגוזים אסם 160 ג',"אסם השקעות בע""מ",IL,לחמית אגוזים אסם 160,,160.00,100 גרם,false,,11.50,0.0719,true,1,135220
7290000074696,false,"קרם קרקר 1 ק""ג אוסם","אסם השקעות בע""מ",IL,קרם קרקר אסם 1 ק״ג,,1000.00,100 גרם,false,,29.90,0.0299,true,1,135223
7290000075204,false,אוסם - לחמית חיטה מלאה 250 גרם,"אסם השקעות בע""מ",IL,לחמית חיטה מלאה אסם,,250.00,,false,,9.90,0.0396,true,1,135237
7290000075693,false,עוגת הבית שמרים בריוש שוקולד 360ג',מיוצר עי קונדיטוריית,IL,עוגת הבית שמרים בריו,,360.00,,false,,18.50,0.0514,true,1,135244
7290000076133,false,בייגלה שמיניות קטנות 400 גרם אסם,"אסם השקעות בע""מ",IL,בייגלה שמיניות קטנות,,400.00,100 גרם,false,,11.90,0.0298,true,1,135246
7290000077017,false,עוגיות קרמוגית וקרם שוקולד אסם 200 גרם,מיוצר עי קונדיטוריית,IL,קרמוגית במילוי שוקול,,200.00,,false,,12.70,0.0635,true,1,135269
7290000077253,false,אוסם - לחמית כפרית עם דגנים מלאים 190 גרם,"אסם השקעות בע""מ",IL,לחמית כפרית עם דגנים,,190.00,100 גרם,false,,11.50,0.0605,true,1,135275
7290000078212,false,קרוטונים מתובלים 250 ג' אסם,עינת תעשיות מזון,IL,קרוטונים מתובלים אסם,,250.00,100 גרם,false,,16.90,0.0676,true,1,135284
7290000080406,false,אסאדו עע,,,אסאדו עע,קילוגרמים,1.00,"ק""ג",true,,69.90,69.9000,true,1,153481
7290000080420,false,צלי כתף עגל,,,צלי כתף עגל,קילוגרמים,1.00,"ק""ג",true,,89.90,89.9000,true,1,153482
7290000080758,false,אוסם - טוסטעים פת קלוי 100 גרם,ון דר מולן האלום,NL,טוסטעים פת קלוי אסם,,100.00,,false,,10.90,0.1090,true,1,135313
7290000080765,false,טוסטעים פת קלויה עם שומשום 100 ג' אוסם,ון דר מולן האלום,NL,טוסטעים פת קלוי עם ש,,100.00,100 גרם,false,,10.90,0.1090,true,1,135314
7290000081663,false,בייגלה אסם טבעות שומשום 300 גרם,מיוצר עי קונדיטוריית,IL,בייגלה טבעות שומשום,,300.00,,false,,11.90,0.0397,true,1,135317
7290000100029,false,פתיתי כרובית סנפרוסט,,,פתיתי כרובית קצוץ מו,,800.00,100 גרם,false,,19.90,0.0249,true,1,211715
7290000101132,false,לקט קטניות לחמין 800 ג' סנפרוסט,סנפרוסט בעמ,IL,לקט קטניות לחמין סנפ,,800.00,100 גרם,false,,21.90,0.0274,true,1,203301
7290000103365,false,מרק ירקות 550 ג' סנפרוסט,"איי, בי, אינבוו",IL,מרק ירקות קפוא סנפרו,,550.00,100 גרם,false,,17.90,0.0325,true,1,145234
7290000103730,false,לקט להקפצה עם פסטה פוזילי סנפרוסט 800 ג',"איי, בי, אינבוו",IL,לקט להקפצה עם פסטה פ,,800.00,100 גרם,false,,23.90,0.0299,true,1,145246
7290000103815,false,סנפרוסט לקט להקפצה תאילנדי 800 גר,"סנפרוסט בע""מ",IL,לקט להקפצה תאילנדי ס,,800.00,,false,,23.90,0.0299,true,1,145254
7290000103822,false,ירקות שמלווים עוף סנפרוסט 800ג',"סנפרוסט בע""מ",IL,לקט לעוף סנפרוסט 800,,800.00,100 גרם,false,,23.90,0.0299,true,1,145255
7290000103839,false,מרק כתום קפוא 570 ג' סנפרוסט,"סנפרוסט בע""מ",IL,מרק כתום קפוא סנפרוס,,570.00,100 גרם,false,,17.90,0.0314,true,1,145256
7290000103846,false,מרק אפונה 570 ג' סנפרוסט,"סנפרוסט בע""מ",IL,מרק אפונה קפוא סנפרו,,570.00,100 גרם,false,,17.90,0.0314,true,1,145257
7290000103860,false,מרק עדשים קפוא 570 ג' סנפרוסט,"איי, בי, אינבוו",IL,מרק עדשים קפוא סנפרו,,570.00,100 גרם,false,,17.90,0.0314,true,1,145259
7290000103877,false,מרק שעועית קפוא 640 ג' סנפרוסט,"סנפרוסט בע""מ",IL,מרק שעועית קפוא סנפר,,640.00,,false,,17.90,0.0280,true,1,145260
7290000104072,false,עדשים ירוקות מבושלות מוקפאות 800 ג' סנפרוסט,"איי, בי, אינבוו",IL,עדשים ירוקות מבושלות,,800.00,100 גרם,false,,21.90,0.0274,true,1,145267
7290000104201,false,סנפרוסט אפונה עדינה,"איי, בי, אינבוו",IL,אפונה עדינה סנפרוסט,,600.00,100 גרם,false,,19.90,0.0332,true,1,145270
7290000104218,false,במיה סנפרוסט 600 גרם,"איי, בי, אינבוו",IL,במיה סנפרוסט 600גר,,600.00,,false,,16.90,0.0282,true,1,145271
7290000104225,false,בצל קצוץ סנפרוסט 600 ג',"סנפרוסט בע""מ",IL,בצל קצוץ סנפרוסט 600,,600.00,100 גרם,false,,18.90,0.0315,true,1,145272
7290000104676,false,אפונה קפואה סנפרוסט 800 גרם,"איי, בי, אינבוו",IL,אפונה גינה סנפרוסט 8,,800.00,,false,,16.90,0.0211,true,1,145274
7290000104683,false,שעועית שלמה 800 ג' סנפרוסט,"סנפרוסט בע""מ",IL,שעועית שלמה ירוקה סנ,,800.00,100 גרם,false,,19.90,0.0249,true,1,145275
7290000104690,false,תירס גרעינים 800 ג' סנפרוסט,"איי, בי, אינבוו",IL,גרעיני תירס סנפרוסט,,800.00,,false,,17.90,0.0224,true,1,145276
7290000104706,false,גזר גמדי סנפרוסט 800ג',"סנפרוסט בע""מ",IL,גזר גמדי סנפרוסט 800,,800.00,100 גרם,false,,17.90,0.0224,true,1,145277
7290000104713,false,פול ירוק סנפרוסט 800 ג',"איי, בי, אינבוו",IL,פול ירוק סנפרוסט 800,,800.00,100 גרם,false,,26.90,0.0336,true,1,145278
7290000104720,false,שעועית ירוקה סנפרוסט 800ג',"סנפרוסט בע""מ",IL,שעועית ירוקה חתוכה ס,,800.00,100 גרם,false,,18.90,0.0236,true,1,145279
7290000104737,false,שעועית צהובה חתוכה 800 ג' סנפרוסט,"סנפרוסט בע""מ",IL,שעועית צהובה חתוכה ס,,800.00,,false,,18.90,0.0236,true,1,145280
7290000104744,false,כרובית סנפרוסט 800גר,"סנפרוסט בע""מ",IL,כרובית סנפרוסט 800גר,,800.00,100 גרם,false,,25.90,0.0324,true,1,145281
7290000104751,false,כרוב ניצנים סנפרוסט 800 גרם,"איי, בי, אינבוו",IL,כרוב ניצנים סנפרוסט,,800.00,,false,,25.90,0.0324,true,1,145282
7290000104768,false,תרד עלים סנפרוסט 800 ג ',"איי, בי, אינבוו",IL,תרד עלים סנפרוסט 800,,800.00,100 גרם,false,,26.90,0.0336,true,1,145283
7290000104799,false,שעועית לבנה מבושלת סנפרוסט 800גר,"איי, בי, אינבוו",IL,שעועית לבנה מבושלת ס,,800.00,,false,,19.90,0.0249,true,1,145285
7290000104805,false,גרגירי חומוס קפוא 800 ג' סנפרוסט,"איי, בי, אינבוו",IL,גרגירי חומוס קפוא סנ,,800.00,,false,,19.90,0.0249,true,1,145286
7290000104829,false,"קלחוני תירס 1 ק""ג סנפרוסט","סנפרוסט בע""מ",IL,קלחוני תירס סנפרוסט,,1000.00,100 גרם,false,,21.90,0.0219,true,1,145287
7290000104836,false,שעועית עדינה שלמה סנפרוסט 600ג',"סנפרוסט בע""מ",IL,שעועית עדינה שלמה סנ,,600.00,,false,,23.90,0.0398,true,1,145288
7290000104881,false,אפונה וגזר קפוא סנפרוסט 800ג',"איי, בי, אינבוו",IL,אפונה וגזר סנפרוסט 8,,800.00,,false,,17.90,0.0224,true,1,145292
7290000104904,false,לקט ירקות מעורבים 800 ג' סנפרוסט,"איי, בי, אינבוו",IL,לקט ירקות מעורבים סנ,,800.00,100 גרם,false,,23.90,0.0299,true,1,145294
7290000104911,false,לקט נורמנדי סנפרוסט 800ג',"איי, בי, אינבוו",IL,לקט נורמנדי סנפרוסט,,800.00,100 גרם,false,,23.90,0.0299,true,1,145295
7290000106175,false,"לקט כפרי 2 ק""ג סנפרוסט","סנפרוסט בע""מ",IL,לקט כפרי סנפרוסט 2קג,,2000.00,,false,,39.90,0.0199,true,1,145299
7290000107295,false,תפרחות ברוקולי סנפרוסט 800 ג',"איי, בי, אינבוו",IL,תפרחות ברוקולי סנפרו,,800.00,,false,,25.90,0.0324,true,1,145310
7290000107615,false,ירקות ואננס להקפצה מנה אסייתית צבעונית ועשירה,"איי, בי, אינבוו",IL,מנה אסייתית צבעונית,,800.00,100 גרם,false,,23.90,0.0299,true,1,214619
7290000112220,false,טחינה גולמית 100%בארכה 500ג',רושדי תעשיות מזון בע,IL,טחינה 100% שומשום בא,,500.00,,false,,15.90,0.0318,true,1,135322
7290000112233,false,מסכת פנים,,,מסכת פנים,יחידה,0.00,יחידה,false,,1.90,0.0000,true,1,231551
7290000116884,false,רוטב ברביקיו 350 ג' קנור,יוניליוור ישראל מזון,IL,רוטב ברביקיו קנור 30,,300.00,,false,,14.90,0.0497,true,1,139971
7290000120874,false,מיונז הלמנס לייט מופחת קלוריות 424ג,"שד' קילבורן 2816, שי",US,מיונז הלמנס לייט 424,,424.00,100 גרם,false,,13.90,0.0328,true,1,140002
7290000121863,false,סלמי איטלקי פיקנטי י,,,סלמי איטלקי פיקנטי י,קילוגרמים,1.00,"ק""ג",true,,79.00,79.0000,true,1,219332
7290000122830,false,רוטב מקסיקני 370 ג' קנור,מיוצר עי קונדיטוריית,IL,רוטב סצ'ואן קנור 300,,300.00,,false,,14.90,0.0497,true,1,140019
7290000125251,false,בדין שמפו כביסה עדינה 2ל',"זוהר דליה, קיבוץ דלי",IL,שמפו לכביסה עדינה בד,,2000.00,,false,,26.90,0.0134,true,1,140043
7290000133645,false,אורביטול משחת שיניים סודה שלישיה* 145 ג',טרופיקל דגיל,IL,אורביטול משחת שיניים,,435.00,100 גרם,false,,18.90,0.0434,true,1,138125
7290000134352,false,תבלין קינמון טחון 90 גר',תות ממתקי איכות,IL,קימנון טחון 80 גר,,80.00,100 גרם,false,,9.90,0.1238,true,1,153306
7290000134376,false,תבלין פפריקה בשמן 90 גר',תות ממתקי איכות,IL,פפריקה בשמן 100גר,,100.00,,false,,9.90,0.0990,true,1,153307
7290000134550,false,טעם וריח עלי דפנה שק,תות ממתקי איכות,IL,עלי דפנה 20גר,,20.00,100 גרם,false,,4.90,0.2450,true,1,153312
7290000134673,false,תבלין זנגביל טעם ורי,תות ממתקי איכות,IL,זנגביל 30גר,,30.00,100 גרם,false,,6.90,0.2300,true,1,153314
7290000134758,false,"תבלין תיבול לתפו""א 100 ג'",תות ממתקי איכות,IL,"תיבול לתפו""א 100גר",,100.00,100 גרם,false,,10.90,0.1090,true,1,153317
7290000134833,false,תבלין כמון טחון 100 גר',תות ממתקי איכות,IL,כמון טחון במיכל 100ג,,100.00,100 גרם,false,,9.90,0.0990,true,1,153321
7290000134840,false,תבלין כורכום טחון 100 גר',תות ממתקי איכות,IL,כורכום במיכל 100גר,,100.00,100 גרם,false,,9.90,0.0990,true,1,153322
7290000134857,false,תבלין פפריקה מתוקה 100 גר',תות ממתקי איכות,IL,פפריקה מתוקה במיכל 1,,100.00,100 גרם,false,,9.90,0.0990,true,1,153323
7290000134871,false,תבלין פלפל שחור טחון 100 גר',תות ממתקי איכות,IL,פלפל שחור טחון 100גר,,100.00,,false,,14.90,0.1490,true,1,153325
7290000134970,false,תבלין חוואייג טעם ור,תות ממתקי איכות,IL,חוואייג 100גר,,100.00,100 גרם,false,,9.90,0.0990,true,1,153327
7290000134987,false,תבלין פלפל שחור גרוס 90 גר',תבליני טעם וריח,IL,פלפל שחור גרוס 90גר,,90.00,100 גרם,false,,14.90,0.1656,true,1,153328
7290000135311,false,פפסי מקס ליים 1.5 ליטר בודד,"טמפו משקאות בע""מ",IL,פפסי מקס ליים 1.5ליט,,1500.00,,false,,7.90,0.0053,true,1,231446
7290000136141,false,משקה בטעם קולה 1.5ל' פפסי,פפסי Pepsi,IL,פפסי 1.5 ליטר,,1500.00,100 גרם,false,,7.90,0.0053,true,1,236822
7290000136158,false,פפסי מקס 1.5 ליטר פיקדון,פפסי Pepsi,IL,פפסי מקס 1.5 ליטר,,1500.00,100 גרם,false,,7.90,0.0053,true,1,236823
7290000136165,false,מירינדה בקבוק 1.5 לי,מירינדה Mirinda,IL,טמפו מירינדה 1.5 ליט,,1500.00,100 גרם,false,,7.90,0.0053,true,1,236824
7290000136172,false,סבן אפ בקבוק 1.5 ליט,סבן אפ 7up,IL,סבן אפ 1.5 ליטר,,1500.00,100 גרם,false,,7.90,0.0053,true,1,236825
7290000136264,false,מי טוניק גזוז 1.5 ל' טמפו,טמפו,IL,מי טוניק טמפו 1.5ליט,,1500.00,,false,,13.00,0.0087,true,1,236810
7290000136455,false,משקה בטעם אשכוליות תריסר 1.5 ל' ג'אמפ,ג'אמפ,IL,גאמפ אשכוליות 1.5ליט,,1500.00,,false,,8.90,0.0059,true,1,236812
7290000136523,false,משקה בטעם ענבים תריסר 1.5 ל' ג'אמפ,ג'אמפ,IL,גאמפ ענבים 1.5ליטר ת,,1500.00,,false,,8.90,0.0059,true,1,236814
7290000136561,false,משקה בטעם תות בננה תריסר 1.5 ל' ג'אמפ,ג'אמפ,IL,גאמפ תות בננה 1.5 לי,,1500.00,100 גרם,false,,8.90,0.0059,true,1,236815
7290000136585,false,משקה בטעם תפוזים תריסר 1.5 ל' ג'אמפ,ג'אמפ,IL,גאמפ תפוזים 1.5 ליטר,,1500.00,100 גרם,false,,8.90,0.0059,true,1,236816
7290000136646,false,משקה מאלט תריסר 1.5 ל' נשר,טמפו,IL,נשר מאלט 1.5ליטר תרי,,1500.00,,false,,10.90,0.0073,true,1,236808
7290000136653,false,משקה מאלט דיאט תריסר 1.5 ל' נשר,טמפו,IL,נשר מאלט דיאט 1.5ליט,,1500.00,,false,,10.90,0.0073,true,1,236809
7290000136677,false,פפסי קולה פיקדון 1.5 ליטר,טמפו,IL,פפסי 1.5 ליטר,,1500.00,100 גרם,false,,7.90,0.0053,true,1,237422
7290000136684,false,פפסי מקס פיקדון 1.5 ליטר,טמפו,IL,פפסי מקס 1.5 ליטר,,1500.00,100 גרם,false,,7.90,0.0053,true,1,237245
7290000136691,false,מארז שישייה סבן אפ 1.5 ל',סבן אפ 7up,IL,סבן אפ 6*1.5ליטר,,9000.00,,false,,37.90,0.0042,true,1,236804
7290000136776,false,מארז פפסי מקס שישיה 1.5ל',פפסי Pepsi,IL,פפסי מקס 6*1.5ליטר,,9000.00,100 גרם,false,,37.90,0.0042,true,1,236806
7290000136790,false,מארז סודה שישייה 1.5 ל' טמפו,טמפו,IL,סודה טמפו 6* 1.5 ליט,,9000.00,100 גרם,false,,18.90,0.0021,true,1,236797
7290000136806,false,מארז סודה רביעייה לימון ליים 1.5 ל' טמפו,טמפו,IL,סודה לימון ליים טמפו,,6000.00,,false,,12.90,0.0021,true,1,236798
7290000136837,false,גזוז בנגיעות טעם אפרסק - מארז רביעייה,טמפו,IL,סודה בנגיעות אפרסק ט,,6000.00,,false,,12.90,0.0021,true,1,236803
7290000136844,false,מארז מים מזוככים אקווה נובה שישיית 2 ליטר,אקווה נובה Aqua Nova,IL,מי אקווה נובה 2 ליטר,,12000.00,100 גרם,false,,12.90,0.0011,true,1,236794
7290000136851,false,סבן אפ פיקדון 1.5 ליטר,טמפו,IL,סבן אפ 1.5 ליטר,,1500.00,100 גרם,false,,7.90,0.0053,true,1,238137
7290000136868,false,שישיית מים מינרלים סאן בנדטו,סאן בנדטו San Benedetto,IL,מים סאן בנדטו 6* 1.5,,9000.00,,false,,21.90,0.0024,true,1,236795
7290000136875,false,מארז מים מינרלים מוגז 6* 1.5 ל' סאן בנדטו,סאן בנדטו San Benedetto,IL,מים סאן בנדטו מוגז 6,,9000.00,100 גרם,false,,22.90,0.0025,true,1,236796
7290000136936,false,סבן אפ דיאט בקבוק 1.,טמפו,IL,סבן אפ 1.5 ליטר דיאט,,1500.00,,false,,7.90,0.0053,true,1,237736
7290000137643,false,מאגדת שלגוני טעמקור 8 יח' שטראוס,"גלידת שטראוס בע""מ, ר",IL,שלגוני טעמקור 8יח,,8.00,,false,,39.90,4.9875,true,1,144576
7290000139104,false,שלווה חיטה תפוחה ומת,"אשב""ל בע""מ",IL,שלווה 230גר,,230.00,100 גרם,false,,8.90,0.0387,true,1,159699
7290000139227,false,דגן לבן משפחתי אשבול 150ג',אשבול בעמ,IL,דגן לבן 150 גרם,,150.00,100 גרם,false,,8.90,0.0593,true,1,159704
7290000139234,false,דגן תפוח שלווה אשבול בטעם חמאה ודבש 150ג',,,דגן תפוח חמאה ודבש 1,,150.00,,false,,8.90,0.0593,true,1,159705
7290000144160,false,שמן זית כתית מעולה ארומתי מודגש 750מל,"מרקאולאו, ספרד.אבסה,",IT,שמן זית כתית מעולה א,,750.00,,false,,34.90,0.0465,true,1,153565
7290000144467,false,שמן חמניות מועשר בנוגדי חמצון 1 ל' עץ הזית,"נארז ע""י : א.ג. גילר",GR,שמן חמניות בריאות מה,,1000.00,,false,,17.90,0.0179,true,1,153569
7290000146928,false,"טום וגרי משחת שיניים בטעם ענבים 50 מ""ל",שוורצקוף& הנקל דיסלד,IL,טום וגרי משחת שיניים,,50.00,100 גרם,false,,10.90,0.2180,true,1,146973
7290000149905,false,טקסטיל שמפו לכביסה ביד 1 ליטר,מיוצר עי קונדיטוריית,IL,טקסטיל שמפו 1ליטר,,1000.00,,false,,14.90,0.0149,true,1,138143
7290000149943,false,"טקסטיל שמפו-שקית 1 ק""ג",קריות זול,IL,טקסטיל שמפו שקית 1קג,,1000.00,,false,,14.90,0.0149,true,1,138144
7290000150352,false,פסטרמה איטלקית עוף -,עיצובים 2020 (4.9),,פסטרמה איטלקית עוף -,קילוגרמים,1.00,"ק""ג",true,,85.00,85.0000,true,1,134704
7290000150369,false,פסטרמה ארבעה פלפלים,עיצובים 2020 (4.9),,פסטרמה ארבעה פלפלים,קילוגרמים,1.00,"ק""ג",true,,85.00,85.0000,true,1,134705
7290000151052,false,פסטרמה בדבש עוף-טוב,עיצובים 2020 (4.9),,פסטרמה בדבש עוף-טוב,קילוגרמים,1.00,"ק""ג",true,,85.00,85.0000,true,1,134710
7290000152288,false,עוף טוב נקניקיות עוף מיס לוסי 400 ג',מוצרי עוף טוב (2001),IL,נקניקיות עוף עוף טוב,,400.00,,false,,14.90,0.0373,true,1,135341
7290000153698,false,כתף בקר מפולפל עוף ט,,,כתף בקר מפולפל עוף ט,קילוגרמים,1.00,"ק""ג",true,,85.00,85.0000,true,1,219345
7290000155524,false,פסטרמה פולנית עוף -ט,עיצובים 2020 (4.9),,פסטרמה פולנית עוף -ט,קילוגרמים,1.00,"ק""ג",true,,85.00,85.0000,true,1,134715
7290000170053,false,שוקולד פרה 100 ג' חלב.,"תופינית בע""מ",IL,שוקולד פרה חלב 100גר,,100.00,100 גרם,false,,5.90,0.0590,true,1,161615
7290000174723,false,אבקת שוקולית עלית קופסא 500ג',הנסיך- מפעל לייצור ט,IL,שוקולית אבקת שוקו על,,500.00,100 גרם,false,,11.90,0.0238,true,1,161629
7290000176062,false,קפה טורקי בצלופן 100,שטראוס קפה בי.וי.,IL,קפה טורקי עלית 100 ג,,100.00,,false,,7.90,0.0790,true,1,161636
7290000176079,false,קפה טורקי עם היל עלית 100 ג',הנסיך- מפעל לייצור ט,IL,קפה טורקי עם הל עלית,,100.00,100 גרם,false,,9.90,0.0990,true,1,161637
7290000176413,false,קפה נמס אבקתי עלית 5,הנסיך- מפעל לייצור ט,IL,קפה נמס עלית 50 גרם,,50.00,,false,,8.90,0.1780,true,1,161643
7290000176420,false,קפה נמס אבקתי 200ג עלית,שטראוס קפה בי.וי,IL,קפה נמס עלית 200 גרם,,200.00,,false,,19.90,0.0995,true,1,161644
7290000176468,false,קפה נמס נטול קפאין 50 ג' קפה האג,"איי, בי, אינבוו",IL,האג קפה נטול קפאין 5,,50.00,,false,,10.90,0.2180,true,1,161645
7290000178707,false,חטיף תפוציפס טבעי 50,"שטראוס פריטו ליי בע""",IL,תפוציפס טבעי 50גר,,50.00,100 גרם,false,,3.90,0.0780,true,1,141672
7290000178721,false,חטיף תפוציפס טבעי 20,"שטראוס פריטו ליי בע""",IL,תפוציפס טבעי 200גר,,200.00,100 גרם,false,,10.90,0.0545,true,1,141674
7290000180212,false,שוקולוד פרה מריר אגוזים 100ג' עלית,"שטראוס גרופ בע""מ",IL,שוקולד פרה מריר עם א,,100.00,,false,,5.90,0.0590,true,1,161654
7290000187952,false,נייר טואלט טריו לילי פרימיום 32גליל,קימברלי קלארק,IL,לילי טריו נייר טאולט,יחידה,0.00,יחידה,false,,49.90,0.0000,true,1,139336
7290000188355,false,מגבות מטבח ניקול לבנה שישייה,קימברלי-קלארק,IL,מגבות מטבח שישייה ני,יחידה,0.00,יחידה,false,,12.90,0.0000,true,1,139341
7290000189192,false,מגבת רב שימושית סופר ניקול 64 דף,קימברלי קלארק,CO,סופר מגבת רב פעמית נ,,11.00,,false,,22.90,2.0818,true,1,139353
7290000189215,false,מטלית קסם לרצפה ניקו,קריות זול,CN,מטלית הקסם לרצפה ניק,יחידה,0.00,יחידה,false,,12.90,0.0000,true,1,213329
7290000189277,false,ניקול תבניות מלבניות 41*30*5.4,בראבו,,תבנית מלבנית גדולה ח,יחידה,0.00,יחידה,false,,11.90,0.0000,true,1,180472
7290000189550,false,אשפתון 78X90 ענק ניקול 20יח',קריות זול,IL,אשפתון זוג ענק 20 מת,,20.00,,false,,25.90,1.2950,true,1,139363
7290000189659,false,מטליות לחות לרצפה ניקול 10 יח'-מרכז,עלבד משואות יצחק בעמ,IL,מטליות לחות לרצפה ני,יחידה,0.00,יחידה,false,,10.90,0.0000,true,1,139367
7290000189871,false,אשפתון שרוך מתכלה ניקול 60יח',אשפלסט,IL,אשפתון 60 שקיות מתכל,,60.00,,false,,25.90,0.4317,true,1,139372
7290000190068,false,מפיות אירוח לבן 100 יחי' ניקול,חוגלה קימברלי,IL,מפיות ניקול 100 יח,,100.00,,false,,7.90,0.0790,true,1,139375
7290000190136,false,חלה מתוקה ברמן,,,חלה מתוקה ברמן,,500.00,100 גרם,false,,8.90,0.0178,true,1,216646
7290000190198,false,מטליות לניקוי וחיטוי חדרי שירותים ואמבטיה,עלבד משואות יצחק בעמ,IL,מטליות לחות לניקוי ש,יחידה,0.00,יחידה,false,,10.90,0.0000,true,1,139378
7290000190853,false,נייר טואלט לילי דו שכבתי 30 גליל,לילי Lily,,לילי לבן נייר טואלט,יחידה,0.00,יחידה,false,,38.90,0.0000,true,1,139392
7290000191539,false,ממחטות טישו לילי צבעוני חמישיה,חוגלה קימברלי,IL,לילי צבעוני חמישיה 5,,593.00,100 גרם,false,,17.50,0.0295,true,1,139398
7290000191546,false,ממחטות טישו צבעוני 2 שכבות לילי מארז 100X3יח',חוגלה קימברלי,IL,לילי מגבונים טישיו צ,,420.00,,false,,11.90,0.0283,true,1,139399
7290000191652,false,קלינקס ממחטות טישו אולטרא סופט מארז 90X3יח',חוגלה קימברלי,IL,קלינקס קלאסיק ניילון,יחידה,0.00,יחידה,false,,11.90,0.0000,true,1,139403
7290000193014,false,פדיות אינטרלוד מגיני יום לילי 50יח',חוגלה קימברלי,IL,לילי אינטרלוד מגני ת,,50.00,,false,,10.90,0.2180,true,1,139408
7290000193076,false,ניקול שלשיית מטליות לרצפה,עופרטקס,,מטליות בד לרצפה ניקו,יחידה,0.00,יחידה,false,,8.90,0.0000,true,1,215413
7290000193083,false,לילי - תחבושות נובה לי 28 יח',חוגלה קימברלי,IL,נובה לי לילי תחבושות,,28.00,,false,,10.90,0.3893,true,1,139411
7290000193205,false,לילי תחבושות נטורל לילה 20 יח',קריות זול,,לילי תחבושות נטורל ל,,20.00,,false,,14.90,0.7450,true,1,139412
7290000193540,false,לילי אינטימייט מגן תחתון לונג 52יח',חוגלה קימברלי,IL,לילי מגני תחתון נטור,,52.00,,false,,14.90,0.2865,true,1,139415
7290000193649,false,לילי תחבושות נטורל אולטרה סופר 24 יח',קריות זול,,לילי תחבושות נורמל א,יחידה,0.00,יחידה,false,,14.90,0.0000,true,1,139417
7290000193656,false,לילי תחבושות נטורל אולטרה סופר פלוס 24 יח',קריות זול,,לילי תחבושות נטורל א,יחידה,0.00,יחידה,false,,14.90,0.0000,true,1,139418
7290000194172,false,חטיפי ממתקים ללא סוכ,ממתקי השלום,IL,חטיפי ממתקים ללא סוכ,יחידה,0.00,יחידה,false,,13.50,0.0000,true,1,133082
7290000195216,false,נייר אפייה בשקית ניקול 50 יח',אופל,,נייר אפיה 50יח ניקול,,50.00,100 גרם,false,,11.90,0.2380,true,1,139432
7290000196763,false,ניקול שקיות לאשפה השקית החזקה 40 יח',אשפלסט,IL,השקית החזקה ניקול,יחידה,0.00,יחידה,false,,25.90,0.0000,true,1,194711
7290000197012,false,ניקול שקיות ניילון ריצרץ לאחסון 15יח',קריות זול,CN,ניקול שקיות ניילון ר,יחידה,0.00,יחידה,false,,12.90,0.0000,true,1,139457
7290000197029,false,ניקול שקיות ניילון ריצרץ לאחסון 12יח',קריות זול,,ניקול שקיות ניילון ר,יחידה,0.00,יחידה,false,,12.90,0.0000,true,1,139459
7290000197081,false,ניקול ניילון נצמד חסכון 150 מ',אופל,IL,ניילון נצמד 150 מטר,יחידה,150.00,יחידה,false,,26.90,0.1793,true,1,139460
7290000197326,false,רדיד אלומניום ניקול זוגי 30X7.5מ',קריות זול,IL,ניקול רדיד אלומיניום,,15.00,,false,,11.90,0.7933,true,1,139467
7290000197425,false,האגיס - פרידום דריי שלב 3 52 יח',קימברלי קלארק ישראל,IL,האגיס פרידום דריי של,יחידה,0.00,יחידה,false,,48.90,0.0000,true,1,139471
7290000197456,false,האגיס - פרידום דריי שלב 4 44 יח',קימברלי קלארק ישראל,IL,האגיס פרידום דריי של,יחידה,0.00,יחידה,false,,48.90,0.0000,true,1,139473
7290000197470,false,שקיות רב שימושית 50 יח' ניקול,אשלפסט תעשיות בעמ,IL,"שקיות רב""ש להקפאה",,50.00,,false,,14.90,0.2980,true,1,139475
7290000197548,false,האגיס - פרידום דריי שלב 5 36 יח',קימברלי קלארק ישראל,IL,האגיס פרידום דריי של,יחידה,0.00,יחידה,false,,48.90,0.0000,true,1,139476
7290000197678,false,האגיס - פרידום פלוס שלב 6 30 יח',קימברלי קלארק ישראל,IL,האגיס פרידום דריי של,יחידה,0.00,יחידה,false,,48.90,0.0000,true,1,139478
7290000197753,false,ניילון נצמד אנטי בטקריאלי ניקול 30X2מ',קריות זול,,ניילונית זוג ניקול,,60.00,,false,,11.90,0.1983,true,1,139480
7290000197999,false,רדיד אלומיניום עבה ניקול זוגי 30X7.5מ',קריות זול,IL,ניקול רדיד אלומיניום,יחידה,0.00,יחידה,false,,14.90,0.0000,true,1,139483
7290000199313,false,קוטקס - תחבושות יאנג 30 יח',KC Turkey,,קוטקס תחבושות נורמל,,28.00,,false,,18.90,0.6750,true,1,139484
7290000201870,false,טיטולים פרימיום שלב 6 30 יח',חוגלה קימברלי,IL,טיטולים פרימיום שלב,יחידה,0.00,יחידה,false,,34.90,0.0000,true,1,139492
7290000204086,false,כרית קרצוף סקוטש ניקול 1+2,חוגלה קימברלי,US,כרית קרצוף ניקול 3 י,יחידה,0.00,יחידה,false,,12.90,0.0000,true,1,139508
7290000204147,false,ניקול כריות יפניות 2 ב 1 רביעייה,פלסטו פוליש (ברקן),IL,כריות יפניות 2ב1 ניק,יחידה,0.00,יחידה,false,,12.90,0.0000,true,1,139509
7290000204215,false,ניקול כריות יפניות 6 יח',פלסטו פוליש (ברקן),IL,כריות יפניות ניקול 6,,4.00,,false,,12.90,3.2250,true,1,139511
7290000204253,false,מטליות ניקול רב שימושיות 9יח',נועם אורים-קיבוץ אור,IL,מטלית רב שימושית ניק,,9.00,,false,,12.90,1.4333,true,1,139513
7290000204512,false,מטליות לחות לרצפה בניחוח לימון 10 יח' ניקול,עלבד משואות יצחק בעמ,IL,מטליות לחות לרצפה בר,יחידה,0.00,יחידה,false,,10.90,0.0000,true,1,206474
7290000207063,false,רסק עגבניות פריכוז 28% 240 גרם יכין,היינץ צפון אמריקה מק,IL,רסק עגבניות פריכוז 2,,260.00,100 גרם,false,,4.90,0.0188,true,1,133354
7290000207162,false,רוטב עגבניות מרכיב טבעי 100 ג' יכין,"זנלכל בע""מ",IL,רוטב עגבניות 22% 100,,100.00,100 גרם,false,,2.50,0.0250,true,1,133358
7290000207438,false,עגבניות קוביות יכין 800 גר,"זנלכל בע""מ",IL,עגבניות קוביות 800גר,,800.00,,false,,9.90,0.0124,true,1,133359
7290000208022,false,עגבניות מרוסקות פריכוז 800 ג' יכין,"זנלכל בע""מ",IL,עגבניות מרוסקות 800ג,,800.00,100 גרם,false,,9.90,0.0124,true,1,133362
7290000208077,false,אפונת גינה גדולה 550 גרם יכין,"זנלכל בע""מ",IL,אפונה גדולה יכין 550,,550.00,100 גרם,false,,8.90,0.0162,true,1,133364
7290000208091,false,אפונה עדין A2 יכין 550 ג',"זנלכל בע""מ",IL,אפונה גינה יכין 550ג,,550.00,100 גרם,false,,9.90,0.0180,true,1,215010
7290000208114,false,אפונת גינה וגזר 550 ג' יכין,"זנלכל בע""מ",IL,אפונה וגזר יכין 550ג,,550.00,100 גרם,false,,8.90,0.0162,true,1,133367
7290000208138,false,סירופ ענבים דיאט יכי,"זנלכל בע""מ",IL,סירופ דייאט ענבים יכ,,1000.00,,false,,16.90,0.0169,true,1,133369
7290000208213,false,שעועית לבנה אפויה A2 ברוטב עגבניות יכין 560ג',היינץ צפון אמריקה מק,IL,שעועית לבנה ברוטב עג,,580.00,100 גרם,false,,9.90,0.0171,true,1,133373
7290000208220,false,שעועית צילי חריף 550 ג' יכין,היינץ צפון אמריקה מק,IL,שעועית צילי יכין 550,,550.00,,false,,9.90,0.0180,true,1,133374
7290000208244,false,בסיס עגבניות לשקשוקה 570 ג' יכין,"זנלכל בע""מ",IL,בסיס עגבניות לשקשוקה,,570.00,100 גרם,false,,9.90,0.0174,true,1,133376
7290000208251,false,שעועית ירוקה יכין 550 גר,"זנלכל בע""מ",IL,שעועית ירוקה חתוכה י,,550.00,100 גרם,false,,9.90,0.0180,true,1,133377
7290000208268,false,שעועית צהובה א-2. יכין 550 ג',"זנלכל בע""מ",IL,שעועית צהובהחתוכה יכ,,550.00,100 גרם,false,,9.90,0.0180,true,1,133378
7290000208329,false,גרעיני תירס מתוק A2 יכין 550ג',"זנלכל בע""מ",IL,תירס מתוק יכין 550גר,,550.00,,false,,8.90,0.0162,true,1,133381
7290000208336,false,רסק עגבניות 22% יכין 240ג',"זנלכל בע""מ",IL,רוטב עגבניות יכין 22,,240.00,100 גרם,false,,4.50,0.0188,true,1,133382
7290000208343,false,עגבניות מרוסקות שום יכין 800 גר,היינץ צפון אמריקה מק,IL,עגבניות מרוסקות עם ש,,800.00,100 גרם,false,,9.90,0.0124,true,1,133384
7290000208428,false,חומוס שלם יכין 550גר,"זנלכל בע""מ",IL,חומוס שלם יכין 550גר,,550.00,,false,,9.90,0.0180,true,1,133388
7290000208459,false,לקט ירקות מעורבים 550 ג' יכין,"זנלכל בע""מ",IL,ירקות מעורבים יכין 5,,550.00,100 גרם,false,,9.90,0.0180,true,1,133391
7290000208855,false,רוטב פסטה עגבניות יכין 240 ג',"זנלכל בע""מ",IL,רוטב לפסטה קלאסי יכי,,240.00,100 גרם,false,,5.90,0.0246,true,1,133405
7290000208893,false,תירס מתוק לייט יכין,היינץ צפון אמריקה מק,IL,תירס לייט ואקום 340,,340.00,100 גרם,false,,6.90,0.0203,true,1,133406
7290000208947,false,עגבניות מרוסקות 240 גרם יכין,היינץ צפון אמריקה מק,IL,עגבניות מרוסקות יכין,,240.00,100 גרם,false,,5.90,0.0246,true,1,133409
7290000208978,false,רסק עגבניות פריכוז 100 גרם,היינץ צפון אמריקה מק,IL,רסק עגבניות פריכוז %,,100.00,100 גרם,false,,2.90,0.0290,true,1,133410
7290000209012,false,חומץ הדרים יכין 1 לי,"זנלכל בע""מ",IL,חומץ הדרים יכין 1 לי,,1000.00,100 גרם,false,,5.90,0.0059,true,1,133412
7290000209043,false,מיץ לימון משומר 1 ל' יכין,היינץ צפון אמריקה מק,IL,מיץ לימון משומר 1ל,,1000.00,100 גרם,false,,5.90,0.0059,true,1,133413
7290000209371,false,שלישיית תירס קטן יכי,היינץ צפון אמריקה מק,IL,תירס יכין שלישייה 3*,,495.00,100 גרם,false,,14.90,0.0301,true,1,133427
7290000209388,false,תירס גרגרים לייט וואקום מארז 60X3ג',יכין,,תירס ליייט שלישייה 3,,495.00,100 גרם,false,,14.90,0.0301,true,1,133428
7290000209524,false,סירופ דייאט פטל יכין,זנלכל,IL,סירופ דיאט פטל יכין,,1000.00,100 גרם,false,,16.90,0.0169,true,1,133433
7290000209531,false,סירופ דייאט אשכוליות,זנלכל,IL,סירופ דייאט אשכוליות,,1000.00,,false,,16.90,0.0169,true,1,133434
7290000209555,false,סירופ יכין דיאט בטעם תפוח 1ל',זנלכל,IL,"סירופ דייאט תפוח""ע י",,1000.00,100 גרם,false,,16.90,0.0169,true,1,133435
7290000209579,false,סירופ דיאט אננס 1 ליטר,"זנלכל בע""מ",IL,סירופ דייאט אננס יכי,,1000.00,,false,,16.90,0.0169,true,1,133437
7290000209722,false,רסק עגבניות 28% פריכוז 580 גרם יכין,"זנלכל בע""מ",IL,רסק עגבניות פריכוז 2,,580.00,100 גרם,false,,10.90,0.0188,true,1,133441
7290000209913,false,עגבניות קוביות יכין 240 ג',"זנלכל בע""מ",IL,עגבניות קוביות יכין,,240.00,,false,,5.90,0.0246,true,1,133443
7290000209944,false,רוטב לעגבניות בסיס לשקשוקה 240 ג' יכין,"זנלכל בע""מ",IL,רוטב שקשוקה יכין 240,,240.00,,false,,5.90,0.0246,true,1,133444
7290000210469,false,עגבניות שלמות 700 ג' יכין,יכין,,עגבניות שלמות יכין 7,,700.00,100 גרם,false,,9.90,0.0141,true,1,133458
7290000210896,false,רוטב בולונז לפסטה יכין 240 גר',"זנלכל בע""מ",IL,רוטב בולונז יכין 240,,240.00,100 גרם,false,,5.90,0.0246,true,1,133470
7290000211169,false,"אורז תאילנדי אחד אחד סוגת 1 ק""ג",האי נאם סי או אל.טי.,IL,אורז תאילנדי סוגת 1ק,,1000.00,100 גרם,false,,8.90,0.0089,true,1,148640
7290000211312,false,סוגת אורז מלא פרסי אחד אחד 1 קג,האי נאם סי או אל.טי.,IL,אורז מלא פרסי סוגת 1,,1000.00,100 גרם,false,,9.90,0.0099,true,1,148641
7290000211374,false,"קמח מלא סוגת 1 ק""ג",תחנות קמח דגן 2006 ב,IL,קמח מלא סוגת 1קג,,1000.00,,false,,7.90,0.0079,true,1,148642
7290000211442,false,"סוגת אורז פרסי קלאסי שקית 1 ק""ג",האי נאם סי או אל.טי.,IL,אורז בסגנון פרסי קלא,,1000.00,,false,,10.90,0.0109,true,1,148645
7290000211503,false,סוכר לבן ארוז בשקית,"סוגת תעשיות בע""מ",IL,"סוכר סוגת 1 ק""ג",,1000.00,100 גרם,false,,4.90,0.0049,true,1,148646
7290000211626,false,"אורז חיש 1 ק""ג סוגת",סוגת תעשיות,IL,אורז חיש סוגת 1קג,,1000.00,,false,,10.90,0.0109,true,1,148648
7290000211985,false,"אורז ריזוטו עגול סוגת 1 ק""ג","סוגת תעשיות בע""מ",IL,אורז עגול סוגת 1קג,,1000.00,100 גרם,false,,12.90,0.0129,true,1,148650
7290000212173,false,וופל טעם שוקולד מנעמים 500 ג',קריות זול,,וופל טעם שוקולד מנעמ,,200.00,,false,,9.90,0.0495,true,1,147209
7290000212401,false,וופל מצופית מנעמים 400ג',קריות זול,,וופל מצופית מנעמים 4,,400.00,,false,,10.90,0.0273,true,1,147211
7290000214115,false,מרק עוף בצנצנת 400 ג' ויטה,"פרי הגליל בע""""מ",IL,מרק עוף ויטה 400 גר,,400.00,100 גרם,false,,12.90,0.0323,true,1,155530
7290000226613,false,עוגות דובוש מצופה שוקולד 400 גר',קפולסקי שיווק וקמעונ,IL,עוגת דובוש מצופה בטע,,450.00,100 גרם,false,,39.90,0.0887,true,1,165773
7290000238029,false,"בצק עלים צרפתי מרודד מעדנות 1ק""ג",מיוצר עי קונדיטוריית,IL,בצק עלים מרודד מעדנו,,1000.00,100 גרם,false,,19.90,0.0199,true,1,145315
7290000238036,false,מלאווח 6יח' מעדנות 700ג',מיוצר עי קונדיטוריית,IL,מלווח מעדנות קופסא 7,,700.00,100 גרם,false,,15.90,0.0227,true,1,145316
7290000238173,false,בורקס גבינה 800 ג' מעדנות,מיוצר עי קונדיטוריית,IL,בורקס גבינה מעדנות 8,,800.00,100 גרם,false,,19.90,0.0249,true,1,145317
7290000238180,false,בורקס תפוחי אדמה מעדנות 800ג',מיוצר עי קונדיטוריית,IL,"בורקס תפו""א מעדנות 8",,800.00,,false,,17.90,0.0224,true,1,145318
7290000243566,false,"שמן קנולה בריאות 750 מ""ל",שמן תעשיות,EE,שמן קנולה בריאות עץ,,750.00,,false,,13.90,0.0185,true,1,153586
7290000244051,false,"סבון נוזלי הוואי מ.טרופי - שלישיה * 500 מ""ל",קריות זול,,הוואי אל סבון טרופי,,1500.00,100 גרם,false,,16.90,0.0113,true,1,146980
7290000244761,false,"ולוטה - קרם ידיים 100 מ""ל",תאי פרזידנט פוד פאבל,IL,ולוטה קרם ידיים 80מל,,100.00,,false,,13.90,0.1390,true,1,146996
7290000245270,false,"פרסיל אבקת כביסה סופרא 1.250 ק""ג","הנקל סוד בע""מ",IL,פרסיל סופרא שקית אבק,קילוגרמים,1.25,"ק""ג",false,,14.90,11.9200,true,1,163696
7290000245287,false,"פרסיל אבקת כביסה 1.250 ק""ג קולור ויניגר","הנקל סוד בע""מ",IL,פרסיל קולור שקית אבק,קילוגרמים,1.25,"ק""ג",false,,14.90,11.9200,true,1,163697
7290000245478,false,"אבקת כביסה לבגדי תינוקות 1.25 ק""ג סוד","הנקל סוד בע""מ",IL,סוד בייבי אבקת כביסה,קילוגרמים,1.25,"ק""ג",false,,12.90,10.3200,true,1,163703
7290000245508,false,"קומפקט סוד 1.25ק""ג שושו מרענן -מרכז","הנקל סוד בע""מ",IL,סוד פרפקט אבקת כביסה,קילוגרמים,1.25,"ק""ג",false,,12.90,10.3200,true,1,163705
7290000245515,false,"אבקת כביסה בניחוח לבנדר 1.25 ק""ג סוד","הנקל סוד בע""מ",IL,סוד קומפורט פרפיום א,קילוגרמים,1.25,"ק""ג",false,,12.90,10.3200,true,1,163706
7290000253220,false,שוקולד צ'יפס חום אופנהיימר 260 גר',אופנהיימר,IL,שוקולד ציפס 300גר,,300.00,100 גרם,false,,14.50,0.0483,true,1,147599
7290000253251,false,שוקולד צ'יפס לבן אופנהיימר 300ג',אופנהיימר,IL,שוקולד ציפס לבן 250,,250.00,,false,,14.50,0.0580,true,1,166342
7290000262031,false,נייר טואלט מולט לב 32 גליל,חוגלה קימברלי,,מולט לב נייר טואלט 3,,1850.00,,false,,29.90,0.0162,true,1,139519
7290000267036,false,שקדים משובבים השף 100 ג',"דין שיווק וקליה בע""מ",IL,שקדים מולבנים שבבים,,100.00,,false,,10.90,0.1090,true,1,155289
7290000267043,false,שקדים מולבנים פרוסים,"דין שיווק וקליה בע""מ",IL,שקד פרוס השף 100גר,,100.00,100 גרם,false,,10.90,0.1090,true,1,155290
7290000267548,false,אגוזי מלך גרוסים 100 ג',דין שיווק,IL,אגוזי מלך גרוסים השף,,100.00,100 גרם,false,,12.90,0.1290,true,1,155295
7290000272696,false,עסיס מיץ לימון טבעי משומר 1 ל' אסם,בית-השיטה עסיס תעשיו,IL,מיץ לימון טבעי משומר,,1000.00,,false,,11.90,0.0119,true,1,135408
7290000272726,false,חומץ טבעי 5% עסיס 1 ל' אסם,בית השיטה עסיס תעשיו,IL,חומץ טבעי 5% עסיס 1,,1000.00,,false,,7.90,0.0079,true,1,135410
7290000286228,false,כרית קרצוף לכלים סנו סושי 6יח',סנו מפעלי ברונו בעמ,IL,סנו סושי ספוגיות לני,יחידה,0.00,יחידה,false,,11.90,0.0000,true,1,138152
7290000286297,false,"סנו אנטי קאלק מסיר אבן מקומקום 700 מ""ל",סנו מפעלי ברונוס בעמ,IL,אנטי קאלק מסיר אבן מ,,700.00,100 גרם,false,,10.90,0.0156,true,1,138153
7290000286549,false,סנו סושי מטליות לניקוי כללי 9 יח',טרופיקל דגיל תעשיות,IL,מטליות לכל סנו סושי,,9.00,,false,,11.90,1.3222,true,1,138159
7290000286594,false,סנו X לימון במיכל 600 ג',סנו מפעלי ברונוס בעמ,IL,סנו X אבקה לניקוי לי,,600.00,100 גרם,false,,9.90,0.0165,true,1,138161
7290000287102,false,"סנו שמפו שטיחים אירוסול 600 מ""ל",מיוצר עי קונדיטוריית,IL,סנו שמפו שטיחים 540מ,,540.00,100 גרם,false,,21.90,0.0406,true,1,138172
7290000287355,false,סנו סופר פוליש לרצפה,קריות זול,IL,סנו סופר פוליש 1ליטר,ליטרים,1.00,ליטר,false,,24.90,24.9000,true,1,138178
7290000287430,false,סנובון צבעוני לאסלה בריח לימון שלישייה,סנו מפעלי ברונו בעמ,IL,סנובון שלישיה צבעוני,,165.00,,false,,12.90,0.0782,true,1,215352
7290000287621,false,"מנקה אסלות סנו אנטי קאלק 750 מ""ל,",מיוצר עי קונדיטוריית,IL,אנטי קאלק W.C מנקה א,,750.00,100 גרם,false,,10.90,0.0145,true,1,138187
7290000288017,false,ז'אוול אקונומיקה 1ל'-לימון,"סנו מפעלי ברונוס בע""",IL,אקונומיקה סנו ז'אוול,,1000.00,,false,,8.90,0.0089,true,1,138195
7290000288024,false,סנו - ז'אוול אקונומיקה בריח לימון 4 ליטר,"סנו מפעלי ברונוס בע""",IL,אקונומיקה סנו ז'אוול,ליטרים,4.00,ליטר,false,,17.90,4.4750,true,1,138196
7290000288031,false,סנו אקונומיקה 4 ליטר תו תקן,"סנו מפעלי ברונוס בע""",IL,אקנומיקה סנו 4ליטר,ליטרים,4.00,ליטר,false,,11.90,2.9750,true,1,138197
7290000288352,false,"סנו K-300 חרקים ונמלים 630מ""ל","סנו מפעלי ברונוס בע""",IL,K-300 לקטילת גוקים נ,,630.00,,false,,23.90,0.0379,true,1,215356
7290000288642,false,סנו - מקסימה מרכך כביסה סנסטיב ורוד 4 ליטר,"סנו מפעלי ברונוס בע""",IL,סנו מקסימה מרכך כביס,ליטרים,4.00,ליטר,false,,22.90,5.7250,true,1,138216
7290000288727,false,"אבקת כביסה מקסימה מאסק 1.25 ק""ג סנו",קריות זול,IL,סנו מקסימה מאסק אבקת,קילוגרמים,1.25,"ק""ג",false,,14.90,11.9200,true,1,138217
7290000289069,false,סנו - ז'אוול מרסס קצף ניקוי בתוספת אקונומיקה בריח לימון 1 ליטר,"סנו מפעלי ברונוס בע""",IL,סנו ז'אוול מרסס לימו,,1000.00,,false,,19.90,0.0199,true,1,138222
7290000289380,false,"סנו - ז'אוול לניקוי אסלות לימון 750 מ""ל",סנו,IL,גל לאסלות סנו זאוול,,750.00,,false,,10.90,0.0145,true,1,138227
7290000289595,false,"אורביטול משחת שיניים לילדים בטעם תות שדה 145 מ""ל",טרופיקל דגיל תעשיות,IL,אורביטול משחת שיניים,,145.00,100 גרם,false,,8.90,0.0614,true,1,138233
7290000289748,false,"סנו פורטה פלוס מסיר שומנים לתנור 750מ""ל","סנו מפעלי ברונוס בע""",IL,סנו פורטה פלוס לתנור,,750.00,100 גרם,false,,14.90,0.0199,true,1,138236
7290000289885,false,"סנו פרש ענק אושן כחול 375 מ""ל",קריות זול,IL,סנו פרש ענק אושן כחו,,375.00,,false,,11.90,0.0317,true,1,138238
7290000292533,false,ג'ל סנו כחול לניקוי כללי 1 ליטר,קריות זול,,סנו ג'ל לניקוי 1ליטר,ליטרים,1.00,ליטר,false,,17.90,17.9000,true,1,221413
7290000292687,false,סנובון לאסלה כחול אפרסק נתלה 55X3ג',מיוצר עי קונדיטוריית,IL,סנובון לאסלה כחול של,,165.00,,false,,16.90,0.1024,true,1,138261
7290000293073,false,מרכך כביסה מקסימה ביו לבן 4 ל' סנו,"סנו מפעלי ברונוס בע""",IL,סנו מקסימה מרכך כביס,ליטרים,4.00,ליטר,false,,22.90,5.7250,true,1,138267
7290000293561,false,"סנו מסיר עובש 750 מ""ל","סנו מפעלי ברונוס בע""",IL,סנו מסיר עובש 750מל,,750.00,,false,,15.90,0.0212,true,1,138270
7290000293820,false,"קרמה מן שמפו וג'ל גל רחצה אקטיב בלוק 700מ""ל",קוסמופארם בעמ,IL,קרמה מן ג'ל רחצה אקט,,700.00,100 גרם,false,,17.90,0.0256,true,1,211252
7290000293943,false,סנו אנטי קאלק מסיר אבנית וחלודה 1ל',מיוצר עי קונדיטוריית,IL,אנטי קאלק מרסס 1ליטר,,1000.00,,false,,20.90,0.0209,true,1,138273
7290000294780,false,סנו - ז'אוול אקונומיקה סמיכה מבושמת 4 ליטר,"סנו מפעלי ברונוס בע""",IL,אקונומיקה סנו ז'אוול,ליטרים,4.00,ליטר,false,,17.90,4.4750,true,1,138282
7290000295299,false,כרית קרצוף יפניות סנו סושי 4 יח',סנו מפעלי ברונו בעמ,IL,סנו סושי כריות יפניו,,4.00,,false,,11.90,2.9750,true,1,138285
7290000295367,false,"מקסימה ז'אוול 2.5ק""ג אבקת כביסה מרכז",הורביץ סחר,IL,"אבקת מקסימה 2.5 ק""ג",קילוגרמים,2.50,"ק""ג",false,,25.90,10.3600,true,1,138289
7290000295404,false,סנו סושי שקית אשפה חזקות 70*50 60 יח',מיוצר עי קונדיטוריית,IL,שקיות אשפה 60 יח סנו,,60.00,,false,,24.90,0.4150,true,1,138290
7290000295558,false,רדיד אלומיניום סנו סושי זוגי 30X7.5מ',מולינו ניקולי s.p.a,CN,סנו סושי צמד רדידי א,,0.30,,false,,10.90,36.3333,true,1,138295
7290000295794,false,כרית מתכת סנו סושי אל חלד 3יח',,,ספוגית מתכת סנו סושי,יחידה,0.00,יחידה,false,,9.90,0.0000,true,1,220299
7290000300900,false,טבעול שניצל תירס 8*750גרם רכיבים טבעיים,עיצובים 2020 (4.8),IL,שניצל תירס טבעול 750,,750.00,,false,,28.90,0.0385,true,1,135424
7290000303598,false,שעועית אפוייה A2 פרי גליל 570 ג',"פרי הגליל בע""""מ",IL,שעועית אפוייה 550גר,,550.00,,false,,7.90,0.0144,true,1,155568
7290000303604,false,חומוס גרגירים A2 פרי גליל 550ג',"פרי הגליל בע""""מ",IL,חומוס גרגירים 550גר,,550.00,100 גרם,false,,7.90,0.0144,true,1,155569
7290000307015,false,אפונת גינה גדול A2 פרי גליל 550ג',"פרי הגליל בע""""מ",IL,אפונת גינה גדולה 550,,550.00,,false,,7.90,0.0144,true,1,155570
7290000307046,false,אפונה גינה וגזר 550 ג' פרי הגליל,"פרי הגליל בע""""מ",IL,אפונה וגזר 550גר,,550.00,,false,,7.90,0.0144,true,1,155571
7290000307220,false,גרעיני תירס מתוק בוואקום פרי גליל 340ג',"פרי הגליל בע""""מ",IL,תירס מתוק ואקום 340ג,,340.00,,false,,6.90,0.0203,true,1,155572
7290000307237,false,גרעיני תירס מתוק 550 ג' פרי הגליל,"פרי הגליל בע""""מ",IL,תירס גרעינים 550 גר,,550.00,,false,,7.90,0.0144,true,1,155573
7290000307343,false,שעועית ירוקה חתוכה A2 פרי גליל 550ג',"פרי הגליל בע""""מ",IL,שעועית ירוקה חתוכה 5,,550.00,100 גרם,false,,7.90,0.0144,true,1,155578
7290000307800,false,פול ירוק 800 ג' פרי הגליל,"פרי הגליל בע""""מ",IL,פול ירוק 800גר,,800.00,100 גרם,false,,13.90,0.0174,true,1,216779
7290000311128,false,עוגיות מן חמאה 300 גרם,תות ממתקי איכות,IL,עוגיות בטעם חמאה 300,,300.00,100 גרם,false,,7.90,0.0263,true,1,155975
7290000311203,false,וופלים מן שוקולד 200 גר,תות ממתקי איכות,IL,וופל מן שוקו 200גר,,200.00,100 גרם,false,,5.90,0.0295,true,1,152496
7290000311210,false,וופלים מאן לימון 200 גר,רוקחמן,IL,וופל מן לימון 200גר,,200.00,100 גרם,false,,5.90,0.0295,true,1,152497
7290000311234,false,וופל בטעם וניל 200 ג,רוקחמן,IL,וופל מן וניל 200גר,,200.00,100 גרם,false,,5.90,0.0295,true,1,152499
7290000311319,false,"וופלים מצופים מן 1 ק""ג",,,וופל מן מצופה 1קג,,1000.00,,false,,28.90,0.0289,true,1,206171
7290000311425,false,מאגדת מן וופל מצופה כחול -עשירה 24*10,תות ממתקי איכות,IL,וופל מן מצופים עשירי,,220.00,100 גרם,false,,8.90,0.0405,true,1,152502
7290000311708,false,עוגיות מן חיטה מלאה 300 גרם,תות ממתקי איכות,IL,עוגיות חיטה מלאה 300,,300.00,,false,,7.90,0.0263,true,1,155977
7290000311722,false,עוגיות מן כוכבים וניל 300 גר',תות ממתקי איכות,IL,עוגיות כוכבים בטעם ו,,300.00,100 גרם,false,,7.90,0.0263,true,1,155979
7290000311746,false,עוגיות טעם קרמל מן 300 גר,רוקחמן,IL,עוגיות בטעם קרמל 300,,300.00,,false,,7.90,0.0263,true,1,218610
7290000311869,false,מן-וופלים בטעם שוק ללא תוספת סוכר 180ג,תות ממתקי איכות,IL,וופל מן בטעם שוקולד,,180.00,100 גרם,false,,8.90,0.0494,true,1,207873
7290000311876,false,מן-וופלים בטעם וניל ללא תוספת סוכר 180ג,רוקחמן,IL,וופל מן בטעם וניל לל,,180.00,100 גרם,false,,8.90,0.0494,true,1,197520
7290000311883,false,"עוגיות גרנולה לל""ס גרנולה 200 גרם",רוקחמן,IL,עוגיות גרנולה ללא סו,,200.00,,false,,10.90,0.0545,true,1,198153
7290000313160,false,עוגיות חברים זהבה ו-3 הדובים שוקו' אסם 250 גר',היינץ צפון אמריקה מק,IL,חברים זהבה ושלושת הד,,250.00,,false,,8.90,0.0356,true,1,135434
7290000313184,false,עוגיות חברים גן חיות וניל אסם 250 גר',הגביע מוצרי וופלים ב,IL,חברים ביסקויט גן חיו,,250.00,100 גרם,false,,8.90,0.0356,true,1,215198
7290000313290,false,אסם נודלס נודלס אטריות מסולסלות 200גר,תאי פרזידנט פוד בנגק,TH,נודלס איטריות מסולסל,,200.00,,false,,10.90,0.0545,true,1,135437
7290000315133,false,קנור ציר בקר משפחתי,יוניליוור ישראל מזון,IL,ציר בקר קנור 300גר,,300.00,100 גרם,false,,26.90,0.0897,true,1,140332
7290000318127,false,נקניקיות ביס 380 ג' יחיעם,מעדני יחיעם 1993,IL,נקניקיות ביס יחיעם 3,,380.00,100 גרם,false,,11.90,0.0313,true,1,131495
7290000318479,false,פרושטו בקר יחיעם 100גר,תאי פרזידנט פוד פאבל,IL,פרושטו בקר יחיעם 100,,100.00,100 גרם,false,,29.90,0.2990,true,1,214800
7290000318493,false,כתףבקר מפולפליחיעם מ,מעדני יחיעם,IL,כתף בקר מפולפל יחיעם,קילוגרמים,1.00,"ק""ג",true,,139.00,139.0000,true,1,214796
7290000318530,false,צלי בקר רוסטביף יחיע,מעדני יחיעם,IL,צלי בקר רוסטביף יחיע,קילוגרמים,1.00,"ק""ג",true,,155.00,155.0000,true,1,131463
7290000318707,false,סלמי מעושן 500 ג' יחיעם,מעדני יחיעם 1993,IL,*מבצע* סלמי מעושן יח,,500.00,100 גרם,false,,29.90,0.0598,true,1,131514
7290000318738,false,נקניק עוף אריזה אדומה 450 ג' יחיעם,קריות זול,,נקניק עוף יחיעם 450,,450.00,100 גרם,false,,11.90,0.0264,true,1,131516
7290000318745,false,סלמי תה יחיעם 400 ג',מעדני יחיעם,IL,*מבצע* סלמי תה יחיעם,,400.00,100 גרם,false,,14.90,0.0373,true,1,131517
7290000318806,false,סלמי סרוולט מעדנ.יחי,מעדני יחיעם,IL,סלמי סרוולד יחיעם,קילוגרמים,1.00,"ק""ג",true,,179.00,179.0000,true,1,131465
7290000318851,false,סלמי קונייאק יחיעם,מעדני יחיעם,IL,סלמי קונייאק יחיעם,קילוגרמים,1.00,"ק""ג",true,,99.00,99.0000,true,1,131467
7290000318882,false,נקניק מעושן איטלקי י,מעדני יחיעם,IL,נקניק מעושן איטלקי י,קילוגרמים,1.00,"ק""ג",true,,99.00,99.0000,true,1,214797
7290000318929,false,סלמי צרפתי יחיעם מעד,מעדני יחיעם,IL,סלמי צרפתי יחיעם,קילוגרמים,1.00,"ק""ג",true,,179.00,179.0000,true,1,131471
7290000319049,false,פסטרמה מעודנת בפפריק,,,פסטרמה מעודנת בפפריק,קילוגרמים,1.00,"ק""ג",true,,55.00,55.0000,true,1,214798
7290000319131,false,נקניקיות עוף 400 ג' יחיעם,מעדני יחיעם 1993,IL,נקניקיות עוף יחיעם 4,,400.00,,false,,11.90,0.0298,true,1,131529
7290000319728,false,סלמי איטלקי מפולפל י,מעדני יחיעם,IL,מעושן איטלקי מפולפל,קילוגרמים,1.00,"ק""ג",true,,79.00,79.0000,true,1,131481
7290000319759,false,סלמי תה יחיעם מעדניה,מעדני יחיעם,IL,סלמי תה יחיעם,קילוגרמים,1.00,"ק""ג",true,,55.00,55.0000,true,1,131482
7290000319803,false,קבנוס קלאסי 125 ג' יחיעם,תאי פרזידנט פוד פאבל,IL,קבנוס קלאסי יחיעם 12,,125.00,,false,,14.90,0.1192,true,1,131554
7290000319834,false,קבנוס פפרוני 125 ג' יחיעם,תאי פרזידנט פוד פאבל,IL,קבנוס פפרוני קלאסי י,,125.00,,false,,14.90,0.1192,true,1,131556
7290000319841,false,פסטרמה מהמעשנה יחיעם,,,פסטרמה מהמעשנה יחיעם,קילוגרמים,1.00,"ק""ג",true,,85.00,85.0000,true,1,238626
7290000319971,false,צלעות בקר על האש יחי,יושלם,,צלעות בקר על האש יחי,קילוגרמים,1.00,"ק""ג",true,,149.00,149.0000,true,1,131483
7290000334325,false,ציפס למיקרו מארז שלישיה 125 ג' תפוגן,"תעשיות תפוגן בע""מ",IL,ציפס תפוגן למיקרו מא,,375.00,,false,,14.90,0.0397,true,1,135444
7290000334684,false,טבעות בצל 700 ג' תפוגן,"תעשיות תפוגן בע""מ",IL,טבעות בצל תפוגן 700ג,,700.00,,false,,18.90,0.0270,true,1,135449
7290000334745,false,"אמריקאן צ'יפס תפוגן 1.5 ק""ג","תעשיות תפוגן בע""מ",IL,"ציפס אמריקאן 1.5ק""ג",,1500.00,100 גרם,false,,26.90,0.0179,true,1,135452
7290000335711,false,שישליק הודו טרי,,,שישליק הודו טרי,קילוגרמים,1.00,"ק""ג",true,,39.90,39.9000,true,1,157267
7290000345048,false,תה ויסוצקי 74 - 125ג',HIQ FOOD PRODUCTS,IL,תה 74 ויסוצקי 125גר,,125.00,,false,,13.90,0.1112,true,1,147218
7290000345055,false,תה ויסוצקי ארל גריי 100 ג',מולינו ניקולי s.p.a,IL,תה ארל גריי עלים ויס,,100.00,,false,,14.90,0.1490,true,1,147219
7290000345215,false,תה ויסוצקי קלאסיק 100/1 כחול מעודן,מולינו ניקולי s.p.a,IL,תה ויסוצקי קלאסיק כח,,100.00,,false,,17.90,0.1790,true,1,147225
7290000345260,false,תה ויסוצקי קלאסיק 25X1.50יח',מולינו ניקולי s.p.a,IL,תה ויסוצקי קלאסיק 25,,25.00,,false,,7.90,0.3160,true,1,147226
7290000345284,false,תה ויסוצקי קלאסיק טעם עשיר 100/1.5יח',מולינו ניקולי s.p.a,IL,תה ויסוצקי קלאסיק יר,,150.00,100 גרם,false,,17.90,0.1193,true,1,147228
7290000345291,false,תה ארל גריי 25 שקיקים ויסוצקי,קריות זול,IL,תה ארל גריי ויסוצקי,,25.00,,false,,16.90,0.6760,true,1,147229
7290000345307,false,תה ארל גריי 50 שקיקים ויסוצקי,מולינו ניקולי s.p.a,IL,תה ארל גריי ויסוצקי,,75.00,100 גרם,false,,29.90,0.3987,true,1,147230
7290000346021,false,חליטת קמומיל הגן הקס,בית ויסוצקי,IL,תה קמומיל ויסוצקי 50,,50.00,,false,,36.90,0.7380,true,1,147238
7290000346120,false,תה ויסוצקי חליטת קסם הקינמון 25יח',קריות זול,IL,תה קסם הקנמון 25יח,,62.50,100 גרם,false,,19.90,0.3184,true,1,147239
7290000346137,false,תה הגן הקסום הילולי פירות 25 שקיקים,קריות זול,IL,תה הילולי פירות 25יח,,62.50,100 גרם,false,,19.90,0.3184,true,1,147240
7290000346199,false,תה הגן הקסום תה פירות יער 25 יח',קריות זול,IL,תה פירות היער ויסוצק,,67.50,,false,,19.90,0.2948,true,1,147244
7290000346205,false,תה הגן הקסום תה קמומיל 25 יח',קריות זול,IL,תה קמומיל ויסוצקי הג,,37.50,100 גרם,false,,19.90,0.5307,true,1,147245
7290000347738,false,תה ירוק נענע 25 שקיקים 1.5 גרם,קריות זול,IL,תה ירוק נענע 25יח,,37.50,100 גרם,false,,25.90,0.6907,true,1,147257
7290000347752,false,תה ירוק לימונית ולואיזה 25 שקיקים *1.5 ג'' ויסוצקי,קריות זול,IL,תה ירוק לימונית ולוא,,37.50,100 גרם,false,,25.90,0.6907,true,1,147259
7290000363462,false,סלמי מעושן איטלקי טי,טירת צבי,IL,נקניק סלמי מעושן איט,קילוגרמים,1.00,"ק""ג",true,,85.00,85.0000,true,1,213257
7290000363486,false,נקניק תה טירת צבי מע,טירת צבי,IL,נקניק תה טירת צבי,קילוגרמים,1.00,"ק""ג",true,,54.00,54.0000,true,1,213258
7290000364278,false,דקניקים סילסולי סלמי איטלקי 120 ג' טירת צבי,הנסיך- מפעל לייצור ט,IL,סלסולי סלמי איטלקי מ,,120.00,100 גרם,false,,15.90,0.1325,true,1,150989
7290000364292,false,דקניקים סלסולי פסטרמה הודו על גחלים 120 ג' טירת צבי,הנסיך- מפעל לייצור ט,IL,סלסולי פסטרמה הודו ג,,120.00,100 גרם,false,,15.90,0.1325,true,1,150991
7290000364803,false,נקניקיות קרנץ אמריקאי טירת צבי 500 ג',הנסיך- מפעל לייצור ט,IL,נקניקיות בקר בסגנון,,500.00,100 גרם,false,,25.90,0.0518,true,1,155986
7290000364858,false,"נקניקיות עוף טרי 1 ק""ג טירת צבי",הנסיך- מפעל לייצור ט,IL,נקניקיות עוף טירת צב,,1000.00,,false,,25.90,0.0259,true,1,155988
7290000364872,false,נקניקיות עוף טירת צבי 400 ג',טיב טירת צבי 2000,IL,נקניקיות עוף טירת צב,,400.00,100 גרם,false,,14.90,0.0373,true,1,155989
7290000365398,false,פסטרמה חזה הודו בדבש,טירת צבי,IL,פסטרמה חזה הודו בדבש,קילוגרמים,1.00,"ק""ג",true,,85.00,85.0000,true,1,213265
7290000365954,false,פסטרמה הודו גחלים טי,טירת צבי,IL,פסטרמה הודו גחלים טי,קילוגרמים,1.00,"ק""ג",true,,85.00,85.0000,true,1,213268
7290000367590,false,צמד כפרי סלמי+פסטרמה 800 גרם טירת צבי,טיב טירת צבי 2000,IL,פסטרמה צמד סלמי 400ג,,800.00,,false,,29.90,0.0374,true,1,155993
7290000379432,false,לחמניה אצבע אנג'ל 75 ג',מאפיית אנג'ל,IL,לחמניה רגילה,,75.00,100 גרם,false,,1.90,0.0253,true,1,150550
7290000379623,false,לחם אחיד 750 גרם,מאפיית אנג'ל,,לחם אחיד שחור,,750.00,100 גרם,false,,6.96,0.0093,true,1,150552
7290000408316,false,דנונה ביו יוגורט טבעי 3% 200 ג',מיוצר עי קונדיטוריית,IL,דנונה טבעי 3% 200גר,,200.00,100 גרם,false,,3.90,0.0195,true,1,150997
7290000408354,false,יוגורט עם אורז מצופה שוקולד קקאו 175 ג' דנונה,"שטראוס בריאות בע""מ",IL,דנונה בר פיצפוצים 17,,173.00,100 גרם,false,,5.10,0.0295,true,1,150998
7290000412481,false,סנו - מנקה אסלות 00 1 ליטר,מיוצר עי קונדיטוריית,IL,מנקה אסלות 00 סנו 1ל,,1000.00,,false,,8.90,0.0089,true,1,138307
7290000416021,false,ממרח שוקולד השחר חלבי 500 גר',השחר העולה,IL,ממרח בטעם שוקולד השח,,500.00,,false,,13.90,0.0278,true,1,156821
7290000416045,false,ממרח שוקולד השחר דלי,השחר העולה,IL,ממרח השחר העולה חלבי,,1000.00,,false,,24.90,0.0249,true,1,156822
7290000416076,false,שוקולד צימקאו לבישול השחר 400 ג',השחר העולה,IL,צימקאו לבישול השחר 4,,400.00,100 גרם,false,,13.90,0.0348,true,1,156823
7290000416106,false,חלבה נוגאט במשקל השח,השחר העולה תעשיות ממ,,חלבה נוגאט במשקל השח,קילוגרמים,1.00,"ק""ג",true,,44.00,44.0000,true,1,156815
7290000416618,false,"ממרח שוקולד השחר פרווה בד""צ 400 גר'",השחר העולה בעמ,IL,השחר העולה קרם מובחר,,400.00,100 גרם,false,,12.90,0.0323,true,1,156826
7290000416809,false,ממרח חלב קרם חצי מובחרלמריחה 350 ג' השחר,,,ממרח חצי חצי קרם חלב,,350.00,100 גרם,false,,12.90,0.0369,true,1,209777
7290000419107,false,לנדוור מקורי - קפה טחון טורקי 100 גרם,קפה לנדוור בע''מ,IL,לנדוור קפה שחור 100ג,,100.00,100 גרם,false,,7.90,0.0790,true,1,215199
7290000419220,false,לנדוור כחול המקורי קפה טחון טורקי 3*100 גרם 16 יח',קפה לנדוור,IL,לנדוור קפה כחול מארז,,300.00,,false,,17.90,0.0597,true,1,135460
7290000420325,false,פופ קורן טבעי למיקרוגל 5 יח',קריות זול,US,פופסטאר בטעם טבעי 5י,,500.00,,false,,13.90,0.0278,true,1,160631
7290000420332,false,פופ קורן חמאה למיקרוגל 5יח',קריות זול,US,פופסטאר בטעם חמאה 5י,,500.00,,false,,13.90,0.0278,true,1,160632
7290000436616,false,דובשניות בשקית 180 גר',קריות זול,,דובשניות ברמן 180גר,,180.00,100 גרם,false,,6.90,0.0383,true,1,135475
7290000453125,false,שמרית שמרים טריים לאפייה +משפר אפייה 100ג,"פאקא תעשיות בע""מ",IL,שמרית + משפר אפיה 10,,100.00,100 גרם,false,,8.90,0.0890,true,1,151003
7290000453408,false,בצק פיצה דק מצונן ומוכן לאפייה שמרית,"פאקא תעשיות בע""מ",GR,בצק פיצה דק שמרית מצ,,415.00,,false,,17.90,0.0431,true,1,223304
7290000453415,false,בצק עלים מצונן ומוכן לאפייה שמרית,"פאקא תעשיות בע""מ",FR,בצק עלים שמרית מצונן,,300.00,,false,,16.90,0.0563,true,1,223305
7290000453422,false,בצק פילו מצונן ומרודד מוכן לאפיה,"פאקא תעשיות בע""מ",GR,בצק פילו שמרית מצונן,,300.00,100 גרם,false,,16.90,0.0563,true,1,223306
7290000453446,false,פיצה קראסט בצק שמרים מצונן להכנת פיצה ופוקצ'ה,שטראוס,IL,*מבצע* פיצה קראסט שמ,יחידה,0.00,יחידה,false,,14.90,0.0000,true,1,240095
7290000453484,false,בצק קדאיף מצונן שמרי,פאקא תעשיות בעמ,GR,שמרית בצק קדאיף 350,,350.00,100 גרם,false,,16.90,0.0483,true,1,239261
7290000453781,false,שמרים יבשים שמרית 125 ג',STRAUSS-ISRAEL,,שמרים יבשים שמרית 12,,125.00,100 גרם,false,,6.50,0.0520,true,1,212109
7290000453798,false,שמרים יבשים אקטיביים שימרית 500 ג',"גי' בי' רכיבים בע""מ",,שמרים יבשים אקטיביים,,500.00,100 גרם,false,,14.90,0.0298,true,1,161675
7290000453866,false,נטורינה קוקוס לאפייה שמרית 200ג',גרונבאנג- גרונדנסק א,DK,שמרית תחליף מרגרינה,,200.00,,false,,8.90,0.0445,true,1,208692
7290000453880,false,"מרגרינה לל""מ לאפיה ובישול שימרית 200 ג'","פאקא תעשיות בע""מ",IL,מרגרינה ללא מלח לאפי,,200.00,,false,,6.50,0.0325,true,1,151005
7290000453897,false,מרגרינה בטעם חמאה שימרית 200 ג',גרונבאנג- גרונדנסק א,IL,מרגרינה בטעם חמאה 20,,200.00,100 גרם,false,,6.50,0.0325,true,1,151006
7290000461625,false,בייגלה שמיניות מלח בייגל בייגל 400 ג',בייגל את בייגל מזון,IL,בייגלה שמיניות מלוחו,,400.00,100 גרם,false,,10.90,0.0273,true,1,140389
7290000461656,false,בייגלה אחד אחד 400 ג' מקלות,בייגל את בייגל מזון,IL,בייגלה מקלות 400גר,,400.00,100 גרם,false,,10.90,0.0273,true,1,140391
7290000461700,false,בייגלה שמיניות גדולו,בייגל את בייגל מזון,IL,ביגלה גדול גדול 400ג,,400.00,100 גרם,false,,13.90,0.0348,true,1,140392
7290000461724,false,בייגלה גדול גדול שומשום 400 ג',אתר בייגל - Food,IL,ביגלה גדול גדול שומש,,400.00,100 גרם,false,,13.90,0.0348,true,1,140393
7290000462103,false,סחוג אדום חריף עדין (מכסה לבן) 150 גרם,קריניסה ויטמין אס אי,IL,סחוג אדום חריף עדין,,150.00,,false,,10.90,0.0727,true,1,151007
7290000462141,false,סחוג אדום חריף מאוד (מכסה אדום) 150 גרם,קריניסה ויטמין אס אי,IL,סחוג אדום חריף מאוד,,150.00,100 גרם,false,,10.90,0.0727,true,1,151009
7290000467153,false,צבר חומוס סמיר הגדול 400גר,סלטי צבר,IL,חומוס סמיר הגדול צבר,,400.00,100 גרם,false,,14.50,0.0363,true,1,135535
7290000474090,false,חלב הומוגני 1% קרטון טרה 1ל',מילקו תעשיות בעמ,IL,חלב 1% בקרטון טרה 1,,1000.00,100 גרם,false,,5.86,0.0059,true,1,142061
7290000474502,false,גבינה לבנה 5% 250ג' טרה מהדרין,קריות זול,IL,גבינה לבנה 5% טרה 25,,250.00,,false,,4.98,0.0199,true,1,142070
7290000474540,false,גבינה טוב טעם 3% טרה 250ג' מהדרין,קריות זול,IL,גבינת 3% טוב טעם 250,,250.00,100 גרם,false,,11.90,0.0476,true,1,142072
7290000480107,false,קוואקר שיבולת שועל פחית 500 גר',וולקרס סנקס לימיטד,GB,קוואקר מהיר אטוס פחי,,500.00,100 גרם,false,,14.90,0.0298,true,1,141676
7290000481029,false,עשיריית פיתות תנעמי,יוניליוור גרמניה Gm,IL,פיתות בטעם ביתי 10 י,,1000.00,,false,,10.90,0.0109,true,1,233653
7290000481043,false,עשריית פיתות כוסמין,,,פיתות כוסמין מארז 10,,700.00,,false,,15.90,0.0227,true,1,234219
7290000481074,false,לחם משלושה קמחים מלאים 750 גר,,,*מבצע* לחם טריו דגני,,750.00,100 גרם,false,,13.90,0.0185,true,1,238401
7290000481180,false,לחם מחמצת שאור דגנית,,,לחם מחמצת שאור דגנית,,550.00,100 גרם,false,,17.90,0.0325,true,1,239958
7290000481197,false,לחם מחמצת גרעינים וש,,,לחם מחמצת גרעינים וש,,550.00,100 גרם,false,,17.90,0.0325,true,1,239959
7290000481487,false,חלה רגילה 500גר,,,חלה רגילה 500גר,,500.00,100 גרם,false,,6.26,0.0125,true,1,216194
7290000481517,false,פוקצות 2יח עם שמן זי,,,פוקצות 2יח עם שמן זי,,320.00,,false,,11.90,0.0372,true,1,239956
7290000481555,false,לחמניה רגילה,,,לחמניה רגילה,,75.00,100 גרם,false,,1.90,0.0253,true,1,216195
7290000482019,false,שקיות קוקי רגיל צליה 10יח',"ש. שסטוביץ בע""מ",IL,קוקי שקיות רגיל 10יח,יחידה,0.00,יחידה,false,,10.90,0.0000,true,1,142985
7290000483139,false,חטיף מרציפן גולמי המ,"המרשלג פרלינס בע""מ",IL,חטיף מרציפן גולמי המ,,100.00,100 גרם,false,,10.50,0.1050,true,1,147602
7290000484747,false,עראק עלית 700 מל 40% כהל,יקב הגליל שווק בעמ,IL,הארק עלית 40% 700מל,,700.00,,false,,58.90,0.0841,true,1,164302
7290000493176,false,אבקת רוטב צלי לבשר 22ג' אסם,"אסם השקעות בע""מ",IL,אבקת רוטב צלי אסם 22,,22.00,100 גרם,false,,4.90,0.2227,true,1,135557
7290000493183,false,אבקת רוטב פיטריות 30 ג' אסם,"אסם השקעות בע""מ",IL,אבקת רוטב פטריות אסם,,30.00,100 גרם,false,,4.90,0.1633,true,1,135558
7290000497044,false,ברמן אקטיב לחם ארוז,מאפית י את א ברמן בע,IL,לחם אקטיב ברמן 750גר,,750.00,100 גרם,false,,16.90,0.0225,true,1,154488
7290000497112,false,לחם ברמן אחיד פרוס 750ג',מאפית י את א ברמן בע,IL,לחם אחיד פרוס ברמן,,750.00,100 גרם,false,,7.91,0.0105,true,1,154492
7290000497228,false,לחמניה רגילה בשקית ברמן 6יח',מאפית י את א ברמן בע,IL,לחמניות בשקית 6יח,,450.00,100 גרם,false,,10.90,0.0242,true,1,154499
7290000497273,false,לחמניות אקטיב מארז 6 יח',מאפית י את א ברמן בע,IL,לחמניות אקטיב 6 יח',,450.00,,false,,13.50,0.0300,true,1,154500
7290000497303,false,לחמניה מקמח מלא 6יח' ברמן 450ג',מאפית י את א ברמן בע,IL,לחמניה מקמח מלא 6יח,,540.00,100 גרם,false,,10.90,0.0202,true,1,154501
7290000497358,false,חלה מתוקה ארוזה חלומית 500 גר',מאפית י את א ברמן בע,IL,חלומית חלה מתוקה ארו,,500.00,100 גרם,false,,14.90,0.0298,true,1,154503
7290000497426,false,לחם לעניין פלוס 500 גר',מאפית י את א ברמן בע,IL,לחם ברמן לענין פלוס,,500.00,,false,,16.90,0.0338,true,1,154504
7290000497488,false,חלה קלה ברמן 500 גרם,מאפית י את א ברמן בע,IL,חלה פלוס ברמן 500 גר,,500.00,,false,,16.90,0.0338,true,1,154508
7290000497532,false,"לחם מקמח מלא""לעניין"" 750 גר'",מאפית י את א ברמן בע,IL,לחם ברמן לעניין 750ג,,750.00,100 גרם,false,,14.90,0.0199,true,1,154510
7290000497570,false,לחם דגנים פלוס 500 גר',מאפית י את א ברמן בע,IL,לחם דגנים פלוס ברמן,,500.00,,false,,16.90,0.0338,true,1,154512
7290000498003,false,לחם מקמח מלא ברמן 75,מאפית י את א ברמן בע,IL,לחם מקמח מלא ברמן 75,,750.00,,false,,16.90,0.0225,true,1,210409
7290000498034,false,לחם אי פרי קמח כוסמין מלא 750 גר',מאפית י את א ברמן בע,IL,לחם מקמח כוסמין מלא,,750.00,100 גרם,false,,16.90,0.0225,true,1,223367
7290000498256,false,עשיריית לחמניות ברמן,מאפיות ברמן,IL,מארז 10יח לחמניות בר,יחידה,0.00,יחידה,false,,13.90,0.0000,true,1,204662
7290000498423,false,חלה חלומית 500גר,,,חלה מתוקה ברמן,,500.00,100 גרם,false,,8.90,0.0178,true,1,154540
7290000504025,false,סוכרזית פטריה 300 טבליות,אף.סי תבליני בגליל ב,IL,סוכרזית פטריה 300 טב,,300.00,,false,,9.90,0.0330,true,1,161683
7290000504209,false,"סוכרזית דיאט טיפ נוזלי 220 מ""ל",אף.סי תבליני בגליל ב,IL,סוכרזית קלאסי נוזלי,,220.00,,false,,21.90,0.0995,true,1,161686
7290000518169,false,ממתיק מתוק וקל בקבוק,קריות זול,IL,מתוק וקל 1000 טבליות,,1000.00,,false,,9.90,0.0099,true,1,160389
7290000518176,false,ממתיק דקסטרוזה וסכרי,מתוק וקל בעמ,IL,*מבצע* מתוק וקל ענק,,250.00,100 גרם,false,,17.90,0.0716,true,1,160390
7290000518220,false,סוכרה דיאט ממתיק 100 שקיות,פתח תקווה,IL,סוכרה דיאט 100 שקיות,יחידה,0.00,יחידה,false,,27.90,0.0000,true,1,207564
7290000518237,false,סוכרה דיאט אבקה 100,מתוק וקל בעמ,IL,סוכרה דיאט אבקה 100,,200.00,100 גרם,false,,21.90,0.1095,true,1,207567
7290000518336,false,ממתק צמר גפן מתוק מסיבים תזונתיים,מתוק וקל בעמ,IL,מווש צמר גפן מתוק 10,,10.00,,false,,4.90,0.4900,true,1,239364
7290000521008,false,"יין אדום יבש סגל 750 מ""ל",כרמי צבי - אחים סגל,IL,יין סגל אדום יבש 750,,750.00,100 גרם,false,,24.90,0.0332,true,1,132300
7290000523125,false,מלח הארץ הים האדום 250 ג' עדין,חברת מלח הארץ אילת ב,IL,מלח הארץ ים יבש 250,,250.00,100 גרם,false,,6.90,0.0276,true,1,147261
7290000523224,false,מלח הארץ הים האדום 500 ג' עדין,חברת מלח הארץ אילת ב,IL,מלח הארץ ים יבש 500,,500.00,,false,,9.90,0.0198,true,1,147262
7290000523521,false,מלח ים מועשר ביוד 250 ג' מלח הארץ,חברת מלח הארץ אילת ב,IL,מלח הארץ מעושר ביוד,,250.00,100 גרם,false,,7.70,0.0308,true,1,147264
7290000523804,false,"מלח עדין צנצנת 1 ק""ג מלח הארץ",חברת מלח הארץ אילת ב,IL,מלח הארץ עדין צנצנת,,1000.00,,false,,8.90,0.0089,true,1,147265
7290000523811,false,"צנצנת מלח גס 1 ק""ג מלח הארץ",חברת מלח הארץ אילת ב,IL,מלח הארץ גס צנצנת 1ק,,1000.00,100 גרם,false,,8.90,0.0089,true,1,147266
7290000525969,false,פרימור סחוט תפוזים טבעי 1ל',"גניר (1992) בע""מ",IL,פרימור תפוזים 1ליטר,,1000.00,,false,,16.90,0.0169,true,1,151013
7290000530024,false,נקניק תה מעושן רחב,זוגלובק,IL,תה מעושן זוגלובק,קילוגרמים,1.00,"ק""ג",true,,54.00,54.0000,true,1,164902
7290000530031,false,סלמי פיין צר זוגלובק,,,סלמי פיין צר זוגלובק,קילוגרמים,1.00,"ק""ג",true,,58.00,58.0000,true,1,164903
7290000530048,false,סלמי פפרוני זוגלובק,זוגלובק,IL,סלמי פפרוני זוגלובק,קילוגרמים,1.00,"ק""ג",true,,58.00,58.0000,true,1,164904
7290000530062,false,נקניק מעושן איטלקי ז,זוגלובק,IL,נקניק מעושן איטלקי ז,קילוגרמים,1.00,"ק""ג",true,,85.00,85.0000,true,1,164905
7290000530086,false,נקניק סלמי מעושן 600 ג' זוגלובק,נקניק נהריה כשר זוגל,IL,*מבצע* נקניק סלמי מע,,600.00,100 גרם,false,,25.90,0.0432,true,1,164946
7290000530109,false,קבנוס זוגי בואקום זוגלובק 180ג',נקניק נהריה כשר זוגל,IL,קבנוס זוגלובק זוג 18,,180.00,,false,,33.90,0.1883,true,1,164947
7290000530116,false,נקניק סלמי מעושן בשן 470 ג' זוגלובק,נקניק נהריה כשר זוגל,IL,*מבצע* נקניק בשן זוג,,470.00,100 גרם,false,,17.90,0.0381,true,1,164948
7290000530178,false,נקניק קוניאק זוגלובק,זוגלובק,IL,נקניק קוניאק זוגלובק,קילוגרמים,1.00,"ק""ג",true,,85.00,85.0000,true,1,164907
7290000530192,false,נקניק סרבלד זוגלובק,כצט,IL,נקניק סרבלד זוגלובק,קילוגרמים,1.00,"ק""ג",true,,129.00,129.0000,true,1,164908
7290000530260,false,נקניק מורטדלה זוגלוב,,,מורטודלה זוגלובק,קילוגרמים,1.00,"ק""ג",true,,45.00,45.0000,true,1,164909
7290000530291,false,נקניק מבשר הודו קטן 800 ג' זוגלובק,נקניק נהריה כשר זוגל,IL,נקניק מבשר הודו קטן,,750.00,100 גרם,false,,19.90,0.0265,true,1,164950
7290000530369,false,פסטרמה גולן הודו מעו,כצט,IL,פסטרמה גולן הודו מעו,קילוגרמים,1.00,"ק""ג",true,,85.00,85.0000,true,1,164911
7290000530413,false,המבורגר זהב זוגלובק 400 גר',נקניק נהריה כשר זוגל,IL,המבורגר זהב זוגלובק,,400.00,,false,,24.90,0.0622,true,1,164951
7290000530444,false,כתף בקר מעושן זוגלוב,זוגלובק,IL,כתף בקר מעושן זוגלוב,קילוגרמים,1.00,"ק""ג",true,,109.00,109.0000,true,1,164912
7290000530598,false,נקניקיות וינר 500 ג' טרי זוגלובק,נקניק נהריה כשר זוגל,IL,נקניקיות וינר גוליבר,,500.00,,false,,15.90,0.0318,true,1,164956
7290000530604,false,נקניקיות וינר חריפות גוליבר 500ג זוגלובק,נקניק נהריה כשר זוגל,,נקניקיות חריפות זוגל,,400.00,,false,,15.90,0.0398,true,1,164957
7290000530703,false,זוג במארז חרמון הודו + סלמי תה זוגלובק 800 גר',נקניק נהריה כשר זוגל,IL,*מבצע* נקניק תה 400ג,,800.00,100 גרם,false,,25.90,0.0324,true,1,164959
7290000531410,false,פסטרממיה בדבש טהור,זוגלובק,IL,פסטרממיה בדבש טהור,קילוגרמים,1.00,"ק""ג",true,,85.00,85.0000,true,1,164916
7290000531601,false,סטייק בורגר זהב זוגלובק 400ג',נקניק נהריה כשר זוגל,IL,סטייק בורגר זוגלובק,,400.00,,false,,24.90,0.0622,true,1,164970
7290000532400,false,פסטרמה ברביקיו זוגלו,זוגלובק,IL,פסטרמה ברביקיו זוגלו,קילוגרמים,1.00,"ק""ג",true,,85.00,85.0000,true,1,164917
7290000532585,false,רוסטביף 4% זוגלובק,זוגלובק,IL,רוסטביף זוגלובק,קילוגרמים,1.00,"ק""ג",true,,109.00,109.0000,true,1,164918
7290000533636,false,פסטרממיה צלויה על גח,,,פסטרממיה צלויה על גח,קילוגרמים,1.00,"ק""ג",true,,85.00,85.0000,true,1,164921
7290000534718,false,פסטרמה חזה תבור זוגל,זוגלובק,IL,פסטרמה חזה תבור זוגל,קילוגרמים,1.00,"ק""ג",true,,85.00,85.0000,true,1,164924
7290000534800,false,פסטרמה הודו רומני זו,כצט,IL,פסטרמה הודו רומני זו,קילוגרמים,1.00,"ק""ג",true,,85.00,85.0000,true,1,164925
7290000534824,false,חרמון-חזה הודו מעושן,,,חרמון הודו מעושן זוג,קילוגרמים,1.00,"ק""ג",true,,58.00,58.0000,true,1,164926
7290000536743,false,קריספי סטיקס תירס 500 ג' זוגלובק,נקניק נהריה כשר זוגל,IL,קריספי סטיקס תירס זו,,500.00,,false,,21.90,0.0438,true,1,165008
7290000537566,false,נקניקיות עוף טרי 400 ג' זוגלובק,נקניק נהריה כשר זוגל,IL,נקניקיות עוף זוגלובק,,400.00,,false,,14.90,0.0373,true,1,165017
7290000537610,false,סלמי עממי זוגלובק,,,סלמי עממי זוגלובק,קילוגרמים,1.00,"ק""ג",true,,58.00,58.0000,true,1,164929
7290000538099,false,פסטרמה כפרית במשקל ז,כצט,IL,פסטרמה כפרית במשקל ז,קילוגרמים,1.00,"ק""ג",true,,85.00,85.0000,true,1,164930
7290000554006,false,גבינה קשקבלו משולשים,מחלבות גד,IL,*מבצע* קאשקבל מחלבות,קילוגרמים,1.00,"ק""ג",true,,125.00,125.0000,true,1,130922
7290000554402,false,מלבי 160גר מחלבות גד,"מיוצר ע""י קוד יצרן E",IL,מלבי 160גר מחלבות גד,,160.00,100 גרם,false,,5.90,0.0369,true,1,130972
7290000554532,false,גבינה צפתית מעודנת במלח ים 5% 200 ג' גד,הנסיך- מפעל לייצור ט,IL,צפתית מעודנת במלח ים,,200.00,,false,,14.90,0.0745,true,1,130976
7290000554624,false,ירח מתוק 3% 150 גרם רובין,"מיוצר ע""י קוד יצרן E",IL,ירח מתוק 150גר מחלבו,,150.00,,false,,5.90,0.0393,true,1,130978
7290000554686,false,לאבנה שמן זית וזעתר 5% 250 גרם - רבנות,מחלבות גד בעמ,IL,לאבנה בשמן זית וזעתר,,250.00,100 גרם,false,,14.70,0.0588,true,1,130979
7290000554822,false,גבינת ריקוטה טבעי 5% שומן 250 ג' גד,מחלבות גד בעמ,IL,*מבצע* ריקוטה טבעי 5,,250.00,100 גרם,false,,11.00,0.0440,true,1,130980
7290000554839,false,שמנת מתוקה קשה בסגנון איטלקי 40% שומן 250 ג' גד,מחלבות גד בעמ,IL,גבינה מסקרפונה 40% 2,,250.00,100 גרם,false,,22.70,0.0908,true,1,130981
7290000560540,false,אדג' ג'ל כתום לעור רגיש 198גרם,המאפיה של הרמן,US,אדג גל גילוח כתום לע,,200.00,100 גרם,false,,17.90,0.0895,true,1,160645
7290000572208,false,חלבה חטיף וניל אחווה 100ג',שוורצקוף& הנקל דיסלד,IL,חלבה אחווה 100גר,,100.00,100 גרם,false,,3.90,0.0390,true,1,217042
7290000572222,false,חלבה וניל בבלוק אחווה 500ג',שוורצקוף& הנקל דיסלד,IL,חלבה בבלוק אחווה 500,,500.00,100 גרם,false,,11.90,0.0238,true,1,157607
7290000572628,false,חלבה חטיף ללא סוכר בקופסה 276 ג',שוורצקוף& הנקל דיסלד,IL,חטיף חלבה ללא סוכר 1,,275.00,,false,,13.90,0.0505,true,1,157611
7290000572673,false,אחווה חטיף חלווה ט.שונים 12*25גר,שוורצקוף& הנקל דיסלד,IL,חטיף חלבה אחווה 12*2,,300.00,,false,,13.90,0.0463,true,1,157613
7290000574011,false,מארז 8 לחמניות חיטה,,,מארז 8 לחמניות חיטה,,8.00,,false,,11.90,1.4875,true,1,233049
7290000574028,false,לחם שחור מועשר פלוס 750 גר'.,יוניליוור גרמניה Gm,IL,לחם שחור מועשר פלוס,,750.00,100 גרם,false,,8.90,0.0119,true,1,223556
7290000574035,false,לחם אחיד פרוס 750ג' דגנית עין בר,יוניליוור גרמניה Gm,IL,לחם אחיד פרוס 750גרם,,750.00,,false,,7.10,0.0095,true,1,150572
7290000574097,false,מארז לחמניות מיוחדות,,,מארז לחמניות מיוחדות,,8.00,,false,,11.90,1.4875,true,1,233050
7290000574141,false,לחם חיטה מלא 750ג' דגנית עין בר,דגנית עין בר תעשיות,IL,לחם חיטה מלאה 750גר,,750.00,,false,,13.90,0.0185,true,1,150579
7290000574158,false,מארז 8 לחמניות לוסי,,,מארז 8 לחמניות לוסי,,8.00,,false,,11.90,1.4875,true,1,233051
7290000574172,false,לחם קל מחיטה מלאה 750 ג' דגנית עין בר,יוניליוור גרמניה Gm,IL,לחם קל חיטה מלאה 750,,750.00,,false,,16.90,0.0225,true,1,150581
7290000574189,false,מארז 6 לחמניות קלועו,,,מארז 6 לחמניות קלועו,,6.00,,false,,11.90,1.9833,true,1,233052
7290000574226,false,לחמניות אצבע דגנית מ,,,לחמניות אצבע דגנית מ,יחידה,0.00,יחידה,false,,11.90,0.0000,true,1,233182
7290000574233,false,לחמניה רגילה,,,לחמניה רגילה,,75.00,100 גרם,false,,1.90,0.0253,true,1,216196
7290000574301,false,לחמניות 10יח חיטה מל,,,לחמניות 10יח חיטה מל,יחידה,0.00,יחידה,false,,11.90,0.0000,true,1,233652
7290000574455,false,לחם חיטה מלא פלוס כוסמין 750 ג' דגנית עין בר,דגנית עין בר,IL,לחם חיטה מלאה כוסמין,,750.00,,false,,16.90,0.0225,true,1,150593
7290000599564,false,צמר פלדה 5יח,,,צמר פלדה 5יח,,200.00,100 גרם,false,,3.90,0.0195,true,1,152764
7290000599946,false,6 ספוגי הפלא SHINY,,,ספוג הפלא 6יח,,6.00,,false,,7.90,1.3167,true,1,152776
7290000599977,false,שייני כריות יפניות 9 יח',,,כרית יפנית 9יח,יחידה,0.00,יחידה,false,,10.90,0.0000,true,1,152778
7290000611099,false,כבד עוף לצליה בלבד,,,כבד עוף לצליה בלבד,קילוגרמים,1.00,"ק""ג",true,,24.90,24.9000,true,1,130403
7290000611181,false,כנפיים עוף טרי,,,כנפיים עוף טרי,קילוגרמים,1.00,"ק""ג",true,,11.90,11.9000,true,1,163946
7290000611242,false,פילה עוף טרי,,,פילה עוף טרי,קילוגרמים,1.00,"ק""ג",true,,39.90,39.9000,true,1,163950
7290000612461,false,כנפיים הודו טרי,,,כנפיים הודו טרי,קילוגרמים,1.00,"ק""ג",true,,16.90,16.9000,true,1,163975
7290000631059,false,כבד עוף לצליה בלבד,,,כבד עוף לצליה בלבד,קילוגרמים,1.00,"ק""ג",true,,24.90,24.9000,true,1,217575
7290000643243,false,שווארמה הודו נקבה טר,,,שווארמה הודו נקבה טר,קילוגרמים,1.00,"ק""ג",true,,74.90,74.9000,true,1,165886
7290000644356,false,גרון הודו נ. טרי,,,גרון הודו נ. טרי,קילוגרמים,1.00,"ק""ג",true,,29.90,29.9000,true,1,217576
7290000644783,false,נתחי פילה סלמון בואק,X MAK,DK,מנות סלמון קפוא תנוב,קילוגרמים,1.00,"ק""ג",true,,89.90,89.9000,true,1,145223
7290000645278,false,זנב הודו מוכשר,,,זנב הודו מוכשר,קילוגרמים,1.00,"ק""ג",true,,6.90,6.9000,true,1,163991
7290000646299,false,פילה נסיכת הנילוס קפ,דגי תנובה,ZA,פילה נסיכת הנילוס קפ,קילוגרמים,1.00,"ק""ג",true,,59.90,59.9000,true,1,230620
7290000654546,false,פילה אמנון 7-9 100% דג,תנובה,IL,פילה אמנון קפוא 7-9,קילוגרמים,1.00,"ק""ג",true,,34.90,34.9000,true,1,230618
7290000659312,false,דגי תנובה פילה סלומון קפוא בוואקום,PEQUERA DEL,,פילה סלמון פרמיום קפ,קילוגרמים,1.00,"ק""ג",true,,84.90,84.9000,true,1,145227
7290000679631,false,"ד""ר פישר - קמיל בלו קלאסיק 500 מ""ל","ד""ר פישר Dr fischer",IL,קמיל בלו אל סבון קלא,,500.00,,false,,12.90,0.0258,true,1,158514
7290000688084,false,מים מינרליים פקק ספו,מופק ממקור בזלתי עדן,IL,"מי עדן ספורט 500מ""ל",,500.00,,false,,3.00,0.0060,true,1,139584
7290000688374,false,"מי עדן בייבי מארז 330X6 מ""ל","מי עדן בע""מ",,מי עדן בייבי שישיה 6,,1980.00,,false,,15.90,0.0080,true,1,139588
7290000688381,false,מי עדן פקק ספורט 6*500 מל.,"מי עדן בע""מ",IL,מי עדן ספורט שישייה,,3000.00,100 גרם,false,,13.90,0.0046,true,1,139589
7290000688503,false,מים מינרליים מי עדן,"מי עדן בע""מ",IL,מי עדן ג'ים שישייה 6,,4500.00,,false,,15.90,0.0035,true,1,139591
7290000692135,false,ספיד סטיק בסיסי ירוק א.פ פרש,קולגייט פלמוליב,BY,ספיד סטיק ירוק פרש ל,,51.00,100 גרם,false,,19.90,0.3902,true,1,215543
7290000692203,false,אג'קס ניקוי כללי 2לימון-מרכז,הנסיך- מפעל לייצור ט,BY,אגקס לניקוי כללי ניח,,2000.00,100 גרם,false,,24.90,0.0124,true,1,142990
7290000739247,false,פסטרמה איטלקית זוגלו,,,פסטרמה איטלקית זוגלו,קילוגרמים,1.00,"ק""ג",true,,85.00,85.0000,true,1,204240
7290000805795,false,חול לחתולים יורו קיט,דולפין ספא,IL,חול חתולים 10קג,קילוגרמים,10.00,"ק""ג",false,,35.90,3.5900,true,1,137752
7290000991029,false,ערמונים,,,ערמונים,קילוגרמים,1.00,"ק""ג",true,,18.90,18.9000,true,1,204299
7290000991527,false,פטרוזיליה בגומי,,,פטרוזיליה בגומי,יחידה,0.00,יחידה,false,,3.90,0.0000,true,1,217158
7290000991528,false,כוסברה בגומי,,,כוסברה בגומי,יחידה,0.00,יחידה,false,,3.90,0.0000,true,1,217159
7290000991529,false,שמיר בגומי,,,שמיר בגומי,יחידה,0.00,יחידה,false,,3.90,0.0000,true,1,217160
7290000992381,false,אפרסמון,,,אפרסמון,קילוגרמים,1.00,"ק""ג",true,,13.90,13.9000,true,1,204300
7290000995410,false,נבטים סיניים נבטי הע,חקלאי,IL,נבטים סיניים נבטי הע,,1000.00,,false,,7.90,0.0079,true,1,159171
7290000999350,false,תפוז ארוז ברשת,,,תפוז ארוז ברשת,קילוגרמים,1.00,"ק""ג",true,,3.90,3.9000,true,1,204302
7290000999358,false,אשכולית אדומה,,,אשכולית אדומה,קילוגרמים,1.00,"ק""ג",true,,5.90,5.9000,true,1,204391
7290000999361,false,"תפו""ע פינק גולד",,,"תפו""ע פינק גולד",קילוגרמים,1.00,"ק""ג",true,,15.90,15.9000,true,1,204303
7290000999366,false,ברוקולי גן ירק במשקל,,,ברוקולי גן ירק במשקל,קילוגרמים,1.00,"ק""ג",true,,7.90,7.9000,true,1,204446
7290000999390,false,חציל בלאדי,,,חציל בלאדי,קילוגרמים,1.00,"ק""ג",true,,5.90,5.9000,true,1,204392
7290000999419,false,אבוקדו ארוז ברשת,,,אבוקדו ארוז ברשת,קילוגרמים,1.00,"ק""ג",true,,7.90,7.9000,true,1,204447
7290000999626,false,ברוקולי ארוז,,,ברוקולי ארוז,,1000.00,100 גרם,false,,7.90,0.0079,true,1,204459
7290000999748,false,גינגר תפזורת,,,גינגר תפזורת,קילוגרמים,1.00,"ק""ג",true,,24.90,24.9000,true,1,204453
7290000999752,false,רימון,,,רימון,קילוגרמים,1.00,"ק""ג",true,,8.90,8.9000,true,1,204304
7290000999787,false,שורש פטרוזיליה,,,שורש פטרוזיליה,יחידה,0.00,יחידה,false,,5.00,0.0000,true,1,218390
7290000999819,false,קלמנטינה/מנדרינה.,,,קלמנטינה/מנדרינה,קילוגרמים,1.00,"ק""ג",true,,5.90,5.9000,true,1,204305
7290000999821,false,קיווי,,,קיווי,קילוגרמים,1.00,"ק""ג",true,,19.90,19.9000,true,1,204399
7290000999825,false,עגבניה שרי מנומר,,,עגבניה שרי מנומר,קילוגרמים,1.00,"ק""ג",true,,16.90,16.9000,true,1,204624
7290000999834,false,דלורית,,,דלורית,קילוגרמים,1.00,"ק""ג",true,,4.90,4.9000,true,1,204403
7290000999875,false,שזיף שגיב.,,,שזיף שגיב,קילוגרמים,1.00,"ק""ג",true,,15.90,15.9000,true,1,204406
7290000999877,false,"תפו""א לאפיה קטן",,,"תפו""א לאפיה קטן",קילוגרמים,1.00,"ק""ג",true,,3.90,3.9000,true,1,204407
7290000999896,false,ענבים אדום,,,ענבים אדום,קילוגרמים,1.00,"ק""ג",true,,24.90,24.9000,true,1,204308
7290000999901,false,עגבניה אשכולות,,,עגבניה אשכולות,קילוגרמים,1.00,"ק""ג",true,,6.90,6.9000,true,1,204309
7290000999902,false,עגבניה שרי,,,עגבניה שרי,קילוגרמים,1.00,"ק""ג",true,,12.90,12.9000,true,1,204310
7290000999903,false,מלפפון,,,מלפפון,קילוגרמים,1.00,"ק""ג",true,,4.90,4.9000,true,1,204311
7290000999904,false,פלפל ירוק,,,פלפל ירוק,קילוגרמים,1.00,"ק""ג",true,,7.90,7.9000,true,1,204409
7290000999905,false,פלפל בהיר,,,פלפל בהיר,קילוגרמים,1.00,"ק""ג",true,,8.90,8.9000,true,1,204410
7290000999906,false,פלפל אדום,,,פלפל אדום,קילוגרמים,1.00,"ק""ג",true,,7.90,7.9000,true,1,204312
7290000999907,false,פלפל צהוב,,,פלפל צהוב,קילוגרמים,1.00,"ק""ג",true,,7.90,7.9000,true,1,204411
7290000999908,false,פלפל חריף,,,פלפל חריף,קילוגרמים,1.00,"ק""ג",true,,7.90,7.9000,true,1,204313
7290000999909,false,כרוב לבן,,,כרוב לבן,קילוגרמים,1.00,"ק""ג",true,,3.90,3.9000,true,1,204314
7290000999910,false,כרוב אדום,,,כרוב אדום,קילוגרמים,1.00,"ק""ג",true,,4.90,4.9000,true,1,204412
7290000999911,false,כרובית,,,כרובית,קילוגרמים,1.00,"ק""ג",true,,9.90,9.9000,true,1,204315
7290000999912,false,קישואים,,,קישואים,קילוגרמים,1.00,"ק""ג",true,,4.90,4.9000,true,1,204316
7290000999913,false,חציל,,,חציל,קילוגרמים,1.00,"ק""ג",true,,5.90,5.9000,true,1,204317
7290000999914,false,גזר ארוז,,,גזר ארוז,קילוגרמים,1.00,"ק""ג",true,,3.90,3.9000,true,1,204318
7290000999915,false,צנונית ארוזה,,,צנונית ארוזה,,1000.00,,false,,5.90,0.0059,true,1,204319
7290000999916,false,סלק אדום,,,סלק,קילוגרמים,1.00,"ק""ג",true,,5.90,5.9000,true,1,204341
7290000999917,false,בטטה,,,בטטה,קילוגרמים,1.00,"ק""ג",true,,8.90,8.9000,true,1,204320
7290000999918,false,דלעת,,,דלעת,קילוגרמים,1.00,"ק""ג",true,,9.90,9.9000,true,1,204413
7290000999919,false,בצל יבש,,,בצל יבש,קילוגרמים,1.00,"ק""ג",true,,3.90,3.9000,true,1,204414
7290000999920,false,בצל אדום,,,בצל אדום,קילוגרמים,1.00,"ק""ג",true,,6.90,6.9000,true,1,204415
7290000999922,false,חסה עגולה,,,חסה עגולה,,1000.00,100 גרם,false,,5.90,0.0059,true,1,204439
7290000999924,false,שום יבש,,,שום יבש,,1000.00,100 גרם,false,,7.90,0.0079,true,1,204416
7290000999925,false,"תפו""א לבן",,,"תפו""א לבן",קילוגרמים,1.00,"ק""ג",true,,3.90,3.9000,true,1,204321
7290000999926,false,"תפו""א אדום",,,"תפו""א אדום",קילוגרמים,1.00,"ק""ג",true,,5.90,5.9000,true,1,204322
7290000999934,false,עגבניה שרי תמר,,,עגבניה שרי תמר,קילוגרמים,1.00,"ק""ג",true,,16.90,16.9000,true,1,204323
7290000999942,false,תפו'ע זהוב,,,תפו'ע זהוב,קילוגרמים,1.00,"ק""ג",true,,9.90,9.9000,true,1,204325
7290000999943,false,תפו'ע סמיט,,,תפו'ע סמיט,קילוגרמים,1.00,"ק""ג",true,,11.90,11.9000,true,1,204326
7290000999944,false,תפו'ע חרמון/גלה,,,תפו'ע חרמון/גלה,קילוגרמים,1.00,"ק""ג",true,,9.90,9.9000,true,1,204327
7290000999945,false,אגס,,,אגס,קילוגרמים,1.00,"ק""ג",true,,13.90,13.9000,true,1,204328
7290000999947,false,שזיף אדום,,,שזיף אדום,קילוגרמים,1.00,"ק""ג",true,,19.90,19.9000,true,1,204418
7290000999949,false,בננה,,,בננה,קילוגרמים,1.00,"ק""ג",true,,4.90,4.9000,true,1,204420
7290000999951,false,אבטיח,,,אבטיח,קילוגרמים,1.00,"ק""ג",true,,6.90,6.9000,true,1,204422
7290000999952,false,ענבים לבנים,,,ענבים לבנים,קילוגרמים,1.00,"ק""ג",true,,24.90,24.9000,true,1,204329
7290000999953,false,לימון,,,לימון,קילוגרמים,1.00,"ק""ג",true,,6.90,6.9000,true,1,204330
7290000999955,false,קולורבי,,,קולורבי,קילוגרמים,1.00,"ק""ג",true,,4.90,4.9000,true,1,204337
7290000999956,false,פלפל כתום,,,פלפל כתום,קילוגרמים,1.00,"ק""ג",true,,8.90,8.9000,true,1,204424
7290000999957,false,אבוקדו,,,אבוקדו,קילוגרמים,1.00,"ק""ג",true,,9.90,9.9000,true,1,204331
7290000999959,false,תפו'ע יונתן,,,תפו'ע יונתן,קילוגרמים,1.00,"ק""ג",true,,9.90,9.9000,true,1,204426
7290000999961,false,שומר,,,שומר,קילוגרמים,1.00,"ק""ג",true,,4.90,4.9000,true,1,204332
7290000999967,false,פומלה,,,פומלה,קילוגרמים,1.00,"ק""ג",true,,7.90,7.9000,true,1,204428
7290000999974,false,תות שדה,,,תות שדה,יחידה,0.00,יחידה,false,,19.90,0.0000,true,1,204440
7290000999987,false,אשכולית צהובה,,,אשכולית צהובה,קילוגרמים,1.00,"ק""ג",true,,5.90,5.9000,true,1,204434
7290000999988,false,תפוז,,,תפוז,קילוגרמים,1.00,"ק""ג",true,,5.90,5.9000,true,1,204333
7290000999989,false,ארטישוק,,,ארטישוק,קילוגרמים,1.00,"ק""ג",true,,19.90,19.9000,true,1,204334
7290000999990,false,פומלית,,,פומלית,קילוגרמים,1.00,"ק""ג",true,,5.90,5.9000,true,1,204435
7290000999999,false,צנון,,,צנון,קילוגרמים,1.00,"ק""ג",true,,6.90,6.9000,true,1,183054
7290001041192,false,"עדשים אדומים יבשים מיה 1 ק""ג",מיה,IL,עדשים אדומות 1 קג,,1000.00,100 גרם,false,,12.90,0.0129,true,1,216983
7290001041260,false,שומשום מיה 400 גרם,מיה תעשיות מזון בעמ,IL,שומשום 400 גרם,,400.00,,false,,11.90,0.0298,true,1,156984
7290001041994,false,"סוכר חום דמררה מיה 1 ק""ג",מיה תעשיות מזון,IL,סוכר דמררה צנצנת 1 ק,,1000.00,,false,,11.90,0.0119,true,1,209880
7290001050019,false,קמח תפוחי אדמה פירמי,,,"קמח תפו""א פרימיום 50",,500.00,,false,,5.90,0.0118,true,1,213290
7290001072134,false,אל סבון סגול+משאבה 1ל נובו,,,סבון ידיים סגול+משאב,,1000.00,,false,,10.90,0.0109,true,1,157431
7290001072141,false,אל סבון ורוד+משאבה 1ל נובו,,,סבון ידיים ורוד+משאב,,1000.00,100 גרם,false,,10.90,0.0109,true,1,157432
7290001121023,false,פסטרמה של פעם יחיעם,מעדני יחיעם,IL,פסטרמה של פעם יחיעם,קילוגרמים,1.00,"ק""ג",true,,85.00,85.0000,true,1,131484
7290001121054,false,צמד חמד יחיעם 700 גר,תאי פרזידנט פוד פאבל,IL,צמד חמד יחיעם 700 גר,,700.00,100 גרם,false,,29.90,0.0427,true,1,131561
7290001121238,false,קורנדביף יחיעם 180גר,מעדני יחיעם 1993,IL,קורנדביף יחיעם 180גר,,180.00,100 גרם,false,,29.90,0.1661,true,1,131564
7290001121849,false,יחיעם פסטרמה הודו טב,מעדני יחיעם 1993,IL,פסטרמה הודו 100% חומ,,250.00,100 גרם,false,,26.90,0.1076,true,1,131576
7290001121863,false,סלמי איטלקי פיקנטי י,מעדני יחיעם,IL,סלמי איטלקי פיקנטי י,קילוגרמים,1.00,"ק""ג",true,,79.00,79.0000,true,1,219337
7290001136287,false,"נקה 7 - שמפו רגיל ירוק 750 מ""ל","קוסמופארם בעמ, ח.פ 5",IL,נקה 7 שמפו לשיער רגי,,750.00,100 גרם,false,,12.90,0.0172,true,1,138315
7290001136294,false,"שמפו נקה 7 לשיער יבש אדום 750מ""ל",גוד פוד פרודקטס S.p,IL,נקה 7 שמפו לשיער יבש,,750.00,,false,,12.90,0.0172,true,1,138316
7290001136300,false,"שמפו נקה 7 לסירוק קל כחול 750מ""ל",אמיליה קוסמטיקס בעמ,IL,נקה 7 שמפו לסירוק קל,,750.00,,false,,12.90,0.0172,true,1,138317
7290001216040,false,טחינת אל ארז 500 גרם,דולפין ספא,IL,טחינה אל ארז 500גר,,500.00,,false,,16.90,0.0338,true,1,165926
7290001216231,false,טחינה גולמית שומשום מלא אל ארז 500ג',דולפין ספא,IL,טחינה שומשום מלא אל,,500.00,100 גרם,false,,17.90,0.0358,true,1,165927
7290001230331,false,סיגריות כאמל בוקס חפ,Unknown,,כאמל בוקס,יחידה,0.00,יחידה,false,,32.00,0.0000,false,1,157067
7290001231932,false,סיגריות וינסטון כחול,Unknown,,וינסטון כחול בוקס,יחידה,0.00,יחידה,false,,34.00,0.0000,false,1,157072
7290001245699,false,אקונומיקה סמיכה בניחוח לימון 4 ל' טאצ',,,אקונומיקה סמיכה 4 לי,ליטרים,4.00,ליטר,false,,10.90,2.7250,true,1,223693
7290001245729,false,ג'ל כביסה ירוקה טאצ 3 ליטר סלקט,,,ג'ל כביסה ירוק 3ל טא,ליטרים,3.00,ליטר,false,,17.90,5.9667,true,1,223711
7290001245835,false,נוזל רצפות אורנים 4 ל' טאצ,,,נוזל רצפות אורנים 4ל,,4000.00,,false,,11.90,0.0030,true,1,223712
7290001245842,false,נוזל רצפות מאסק 4 ל' טאצ,,,נוזל רצפות מאסק 4ל ט,,4000.00,,false,,11.90,0.0030,true,1,223713
7290001245897,false,נוזל רצפות יסמין 4 ל' טאצ,,,נוזל רצפות יסמין 4ל,,4000.00,,false,,11.90,0.0030,true,1,223714
7290001245958,false,מרכך כביסה ורוד טאצ' 4 ליטר,,,מרכך כביסה ורוד 4 לי,ליטרים,4.00,ליטר,false,,12.90,3.2250,true,1,223694
7290001245965,false,מרכך כביסה כחול טאצ' 4 ליטר,,,מרכך כביסה כחול 4 לי,ליטרים,4.00,ליטר,false,,12.90,3.2250,true,1,223695
7290001245972,false,מרכך כביסה לבן טאצ' 4 ליטר,,,מרכך כביסה לבן 4 ליט,ליטרים,4.00,ליטר,false,,12.90,3.2250,true,1,223696
7290001246153,false,"טאצ' מבשם נטול גז לבנדר 350 מ""ל",,,מבשם נטול גז ורוד 35,,350.00,,false,,7.90,0.0226,true,1,223721
7290001246221,false,"טאצ' תרסיס מטהר אוויר לימון 300 מ""ל",,,תרסיס מטהר אוויר לימ,,300.00,100 גרם,false,,4.90,0.0163,true,1,223728
7290001246238,false,"טאצ' תרסיס מטהר אוויר פריחה 300 מ""ל",,,תרסיס מטהר אוויר פרי,,300.00,,false,,4.90,0.0163,true,1,223729
7290001246269,false,"טאצ' תרסיס מטהר אוויר לבנדר 300 מ""ל",,,תרסיס מטהר אוויר 300,,300.00,100 גרם,false,,4.90,0.0163,true,1,223733
7290001246276,false,"טאצ' תרסיס מטהר אוויר אורנים 300 מ""ל",,,תרסיס מטהר אוויר אור,,300.00,,false,,4.90,0.0163,true,1,223727
7290001246351,false,נוזל רצפות לבנדר 4 ל טאצ,,,נוזל רצפות לבנדר 4ל,,4000.00,,false,,11.90,0.0030,true,1,223715
7290001246634,false,"נוזל אסלות ע""ב חומצה 1 ליטר טאצ",,,נוזל אסלות 1 ליטר טא,ליטרים,1.00,ליטר,false,,6.90,6.9000,true,1,223716
7290001246825,false,ג'ל כביסה ירוק 5 ליט,,,ג'ל כביסה ירוק 5 ליט,ליטרים,5.00,ליטר,false,,25.90,5.1800,true,1,223735
7290001246832,false,ג'ל כביסה כחול 5 ליט,,,ג'ל כביסה כחול 5 ליט,ליטרים,5.00,ליטר,false,,25.90,5.1800,true,1,233200
7290001247068,false,נקטר ספרינג תות בננה קרטונית 1 ל',"יפאורה תבורי בע""מ",IL,ספרינג תות בננה קרטו,,1000.00,,false,,7.90,0.0079,true,1,139606
7290001247082,false,נקטר ספרינג עגבניות קרטונית 1 ל',"יפאורה תבורי בע""מ",IL,ספרינג עגבניות קרטונ,,1000.00,,false,,7.90,0.0079,true,1,139608
7290001247099,false,נקטר ספרינג מנגו קרטונית 1 ל',"יפאורה תבורי בע""מ",IL,ספרינג מנגו קרטונית,,1000.00,,false,,7.90,0.0079,true,1,139609
7290001247105,false,נקטר ספרינג אפרסק קרטונית 1 ל',"יפאורה תבורי בע""מ",IL,ספרינג נקטר אפרסק 1,,1000.00,,false,,7.90,0.0079,true,1,139610
7290001247112,false,נקטר ספרינג לימונענע קרטונית 1 ל',"יפאורה תבורי בע""מ",IL,ספרינג לימונענע קרטו,,1000.00,100 גרם,false,,7.90,0.0079,true,1,139611
7290001247129,false,נקטר ספרינג תפוזים קרטונית 1 ל',"יפאורה תבורי בע""מ",IL,ספרינג תפוז קרטונית,,1000.00,,false,,7.90,0.0079,true,1,139612
7290001247143,false,נקטר ספרינג תפוחים קרטונית 1 ל',"יפאורה תבורי בע""מ",IL,ספרינג תפוח קרטונית,,1000.00,,false,,7.90,0.0079,true,1,139614
7290001265642,false,"מעדני לה קט פטה, שלישיה 3 * 400 ג'",קריות זול,FR,לה קט מולטי פק 3*400,,1200.00,100 גרם,false,,23.90,0.0199,true,1,137762
7290001274422,false,שלגונים ציפוי בננה מאגדת שמינייה 560 ג',הגלידות של פלדמן,IL,מאגדת שלגונים ציפוי,,8.00,,false,,22.90,2.8625,true,1,224481
7290001274941,false,פופסיקל גלידה פטל 640 ג',הגלידות של פלדמן,IL,גלידל פרי מאגדת בטעם,,8.00,,false,,22.90,2.8625,true,1,224483
7290001322789,false,לשון בקר חלק קפוא,,,לשון בקר חלק קפוא,קילוגרמים,1.00,"ק""ג",true,,39.90,39.9000,true,1,223781
7290001343845,false,"גרנולה פירות 1 ק""ג - 845 - ורוד שקדיה",הנסיך- מפעל לייצור ט,IL,גרנולה מעורבת שקדיה,,1000.00,,false,,19.90,0.0199,true,1,155300
7290001356203,false,הרינג ים תיכוני שקיל,,,הרינג ים תיכוני שקיל,קילוגרמים,1.00,"ק""ג",true,,28.00,28.0000,true,1,237619
7290001356241,false,מקרל בעישון חם (פיקל,,,מקרל בעישון חם (פיקל,קילוגרמים,1.00,"ק""ג",true,,115.00,115.0000,true,1,235523
7290001356418,false,פילה הרינג בשמן שקיל,,,פילה הרינג בשמן שקיל,קילוגרמים,1.00,"ק""ג",true,,55.00,55.0000,true,1,235515
7290001356425,false,פילה הרינג בסיגנון מ,,,פילה הרינג בסיגנון מ,קילוגרמים,1.00,"ק""ג",true,,55.00,55.0000,true,1,235516
7290001356630,false,פילה הרינג כבוש שקיל,,,פילה הרינג כבוש שקיל,קילוגרמים,1.00,"ק""ג",true,,55.00,55.0000,true,1,235517
7290001369289,false,צלעות אסאדו (אצבעות),,,צלעות אסאדו (אצבעות),קילוגרמים,1.00,"ק""ג",true,,49.90,49.9000,true,1,233344
7290001407127,false,בארכה פרוסות חלווה וניל 400גר,,,חלבה פרוסות קלאסית ו,,400.00,100 גרם,false,,16.90,0.0422,true,1,135580
7290001407547,false,טחינה גולמית משומשום מלא פי 6 בארכה 500ג',רושדי תעשיות מזון בע,IL,טחינה משומשום מלא פי,,500.00,100 גרם,false,,17.90,0.0358,true,1,135583
7290001407936,false,בארכה-טחינה גולמית מעודנת בקבוק לחיץ 310 ג',רושדי תעשיות מזון בע,IL,טחינה מעודנת לחיץ בא,,310.00,100 גרם,false,,14.90,0.0481,true,1,204242
7290001455937,false,אנטריקוט עגל פריים,,,אנטריקוט עגל פריים,קילוגרמים,1.00,"ק""ג",true,,149.00,149.0000,true,1,234944
7290001482094,false,גבינה פרמז'נו משולשים ויליפוד 200ג',זנטי אס. אי לאלין,IT,פרמז'נו וילי פוד 200,,200.00,100 גרם,false,,22.90,0.1145,true,1,137035
7290001482933,false,בסגנון גאודה מהולנד,יושלם,DE,גאודה הולנדי 28% ויל,קילוגרמים,1.00,"ק""ג",true,,49.00,49.0000,true,1,136931
7290001491096,false,תה ירוק בתוספת לימונית ולואיזה 50 שקיקים ויסוצקי,קריות זול,IL,תה ירוק בתוספת לימונ,,50.00,,false,,45.90,0.9180,true,1,147276
7290001567043,false,פסטרמה מעודנת על גחל,,,פסטרמה מעודנת על גחל,קילוגרמים,1.00,"ק""ג",true,,55.00,55.0000,true,1,131490
7290001567555,false,פסטרמה מעודנת עם דבש 300 ג' יחיעם,,,פסטרמה מעודנת עם דבש,,300.00,100 גרם,false,,25.90,0.0863,true,1,206043
7290001567708,false,נקנקיות וינר 400 ג' יחיעם,יחיעם,IL,נקניקיות עוף ללא חומ,,400.00,,false,,12.90,0.0323,true,1,214811
7290001567760,false,פסטרמה של פעם 300 ג' יחיעם,פ.פ.ח. שאביט,IL,פסטרמה של פעם ללא חו,,300.00,100 גרם,false,,29.90,0.0997,true,1,214817
7290001567807,false,כתף בקר מעושן 250 ג' יחיעם,פ.פ.ח. שאביט,IL,כתף בקר מעושן ללא חו,,250.00,,false,,33.90,0.1356,true,1,214821
7290001594230,false,"קינלי סודה בקבוק 250 מ""ל",החברה המרכזית לייצור,IL,קינלי סודה קלאסי 250,,250.00,,false,,4.50,0.0180,true,1,163051
7290001594568,false,"בירה קרלסברג פחית 500 מ""ל",מבשלות בירה בינלאומי,RO,בירה קרלסברג פחית 50,,500.00,,false,,9.90,0.0198,true,1,163064
7290001594575,false,"בירה טובורג פחית 500 מ""ל",מבשלות בירה בינלאומי,IL,בירה טובורג פחית 500,,500.00,,false,,9.90,0.0198,true,1,163065
7290001594865,false,"קרלסברג בירה בקבוק 6* 330 מ""ל",קרלסברג ישראל,IL,בירה קרלסברג שישייה,,1980.00,100 גרם,false,,39.90,0.0202,true,1,163073
7290001648919,false,קפה כתר 3*70גר,,,קפה כתר 3*70גר,,210.00,100 גרם,false,,10.90,0.0519,true,1,153716
7290001670736,false,כפפות נילון שקוף 100 יחידות,יבוא ושיווק: הנמל אר,IL,כפפות ניילון שקוף הנ,יחידה,0.00,יחידה,false,,5.90,0.0000,true,1,215932
7290001713150,false,סנט מוריץ מתז אקונומיקה Bleach קצף לימון 1 ליטר,קומפלקס כימיקלים,IL,אקונומיקה קצף ניקוי,ליטרים,1.00,ליטר,false,,11.90,11.9000,true,1,213545
7290001713167,false,סנט מוריץ - מרסס קצף ניקוי 1 ליטר סניטרי אפור,קומפלקס כימיקלים,IL,קצף לניקוי כלים סניט,ליטרים,1.00,ליטר,false,,11.90,11.9000,true,1,213546
7290001713372,false,"תרסיס לניקוי מוצרי עור 400 מ""ל",,,תרסיס לניקוי מוצרי ע,,400.00,,false,,15.90,0.0398,true,1,212748
7290001714034,false,שריר עגל,,,שריר עגל,קילוגרמים,1.00,"ק""ג",true,,69.90,69.9000,true,1,153829
7290001714058,false,אנטריקוט עגל פריים,,,אנטריקוט עגל פריים,קילוגרמים,1.00,"ק""ג",true,,149.00,149.0000,true,1,130457
7290001714072,false,צלעות עגל,,,צלעות עגל,קילוגרמים,1.00,"ק""ג",true,,69.90,69.9000,true,1,153486
7290001714096,false,חזה עגל,,,חזה עגל,קילוגרמים,1.00,"ק""ג",true,,69.90,69.9000,true,1,153488
7290001714133,false,גולש עגל,,,גולש עגל,קילוגרמים,1.00,"ק""ג",true,,69.00,69.0000,true,1,233690
7290001780428,false,מאגדת גלידת לייט שוקולד נסטלה 6יח' 312ג',גלידות נסטלה (נגה גל,IL,מאגדת לייט שלגוני שו,,312.00,100 גרם,false,,29.90,0.0958,true,1,141376
7290001780800,false,שלגון קראנץ ליבת נוגט שוקולד,נגה גלידות,,קראנץ' שוקולד ליבת נ,יחידה,0.00,יחידה,false,,11.90,0.0000,true,1,215459
7290001791349,false,אקונומיקה פסגה ריחנית 4ליטר,"סנו מפעלי ברונוס בע""",IL,אקונומיקה פיסגה ריחנ,ליטרים,4.00,ליטר,false,,12.90,3.2250,true,1,138339
7290001791356,false,"סנו - פרש מילוי למטהר אוויר בלו אייר 250 מ""ל",קריות זול,IL,מטהר אוויר סנו פרש א,,165.00,,false,,15.90,0.0964,true,1,220305
7290001817728,false,צ'יטוס חטיף כאפה קטשופ 55 גרם,"שטראוס פריטו ליי בע""",IL,ציטוס כאפה אפוי 55גר,,55.00,100 גרם,false,,3.70,0.0673,true,1,141681
7290001855003,false,שמן קנולה מזוכך 1ל' לבונה,,,שמן קנולה 1 ליטר,,1000.00,,false,,10.90,0.0109,true,1,237139
7290001855935,false,שמן חמניות לבוניה 90,,,שמן חמניות מזוכך 900,,900.00,,false,,10.90,0.0121,true,1,219618
7290001865439,false,פמלי לקשרי 1ליטר וניל טהור +משאבה,אף.סי תבליני בגליל ב,IL,פמלי סבון נוזלי וניל,,1000.00,,false,,14.90,0.0149,true,1,160679
7290001867655,false,תפוא לבן פרמיום לאפי,אראל תוצרת חקלאית בע,IL,"תפו""א גורמה חוות גלי",קילוגרמים,1.00,"ק""ג",true,,5.90,5.9000,true,1,234670
7290001873052,false,צלי כתף עגל,,,צלי כתף עגל,קילוגרמים,1.00,"ק""ג",true,,89.90,89.9000,true,1,233737
7290001917527,false,פרש וואנס פדים להסרת איפור 80 יח' *3,קריות זול,IL,פדיות קוסמטיות פרש ו,,80.00,,false,,19.90,0.2487,true,1,160685
7290001989272,false,איקרא אדום\לבן במשקל,,,איקרא אדום\לבן במשקל,קילוגרמים,1.00,"ק""ג",true,,59.00,59.0000,true,1,204773
7290001990117,false,שומשום סוגת 100 גרם,האי נאם סי או אל.טי.,IL,שומשום סוגת 100גר,,100.00,100 גרם,false,,4.90,0.0490,true,1,148653
7290001990148,false,"סוכר גולדן קלאסי צנצנת 1ק""ג סוגת",האי נאם סי או אל.טי.,IL,סוכר גולדן קלאסי בצנ,,1000.00,100 גרם,false,,12.90,0.0129,true,1,148654
7290001990261,false,"סוגת חומוס 1 ק""ג",Unknown,,חומוס סוגת 1קג,,1000.00,100 גרם,false,,15.90,0.0159,true,1,216074
7290001990278,false,"שעועית לבנה סוגת 1 ק""ג",סוגת,,שעועית לבנה סוגת 1קג,,1000.00,100 גרם,false,,18.90,0.0189,true,1,216075
7290001990391,false,"אפונה 1 ק""ג סוגת",,,אפונה סוגת 1קג,,1000.00,100 גרם,false,,11.90,0.0119,true,1,216076
7290002007234,false,אבקת סוכר 100 ג' הנמל,"מיוצר וארוז ע""י: ר.ס",IL,אבקת סוכר הנמל 100 ג,,100.00,,false,,2.00,0.0200,true,1,147927
7290002007357,false,שקיות צליה דליקטס מיקרוגל הנמל 10 יח',הנמל,IL,שקיות לצליה דליקטס ק,,10.00,,false,,4.90,0.4900,true,1,215934
7290002007487,false,צמר פלדה הנמל 100 גר,"איטיליאן פוד, אס.פי.",IL,צמר פלדה 100גר,,100.00,100 גרם,false,,3.90,0.0390,true,1,215936
7290002007746,false,"צבע מאכל כחול 55 מ""ל הנמל",הנמל אריזות ושיווק ב,IL,צבע מאכל כחול 50מל,,50.00,100 גרם,false,,3.50,0.0700,true,1,147942
7290002007821,false,"צבע מאכל אדום 55 מ""ל",ממתקי עלה ייצור שיוו,IL,צבע מאכל אדום 55מל,,55.00,100 גרם,false,,3.50,0.0636,true,1,147944
7290002008071,false,עטרות חום 2 מספר הנמל,הנמל אריזות ושיווק ב,IL,עטרות חום מס 2,יחידה,0.00,יחידה,false,,5.90,0.0000,true,1,147959
7290002008088,false,"צבע מאכל צהוב 55 מ""ל הנמל",הנמל אריזות ושיווק ב,IL,צבע מאכל צהוב 55מל,,55.00,,false,,3.50,0.0636,true,1,147960
7290002008156,false,עטרות חום 5 מספר הנמל,קריות זול,IL,עטרות חום .5,יחידה,0.00,יחידה,false,,6.90,0.0000,true,1,147964
7290002008224,false,סוכריות לקישוט צבעונית הנמל 100 ג',ממתקי עלה בעמ,IL,קישוט לעוגה גליד 100,,100.00,100 גרם,false,,5.90,0.0590,true,1,147968
7290002008507,false,נייר אפייה 50 יח' הנמל,הנמל אריזות ושיווק ב,IL,נייר אפיה 50יח,,50.00,,false,,9.90,0.1980,true,1,147984
7290002008835,false,מגן כיריים 4יח,מיוצר בסין.יבוא ושיו,CN,מגן כיריים 4יח,,4.00,,false,,5.90,1.4750,true,1,147995
7290002008934,false,סוכריות צבעוניות לקישוט לעוגה 200 גר,ממתקי עלה יצור שיווק,IL,סוכריות צבעוניות לקי,,200.00,,false,,9.50,0.0475,true,1,147997
7290002013006,false,פסטרמה מקסיקנית זוגל,זוגלובק,IL,פסטרמה מקסיקנית זוגל,קילוגרמים,1.00,"ק""ג",true,,85.00,85.0000,true,1,164931
7290002013037,false,פסטרמה פרגית זוגלובק,זוגלובק,IL,פסטרמה פרגית זוגלובק,קילוגרמים,1.00,"ק""ג",true,,85.00,85.0000,true,1,164932
7290002013174,false,פסטרמה של פעם זוגלוב,זוגלובק,IL,פסטרמה של פעם זוגלוב,קילוגרמים,1.00,"ק""ג",true,,85.00,85.0000,true,1,164934
7290002019763,false,עגבניות מרוסקות A2.5 נטו 800ג',פריניר,,עגבניות מרוסקות פרינ,,800.00,100 גרם,false,,7.90,0.0099,true,1,150443
7290002019787,false,רסק עגבניות טבע טרי 260 ג' פריניר,פריניר ( הדס 1987) ב,IL,רסק עגבניות22% פריני,,260.00,,false,,4.50,0.0173,true,1,150444
7290002019794,false,רסק עגבניות טבע טרי פריניר 100ג',פריניר ( הדס 1987) ב,IL,רוטב עגבניות מרוכז מ,,100.00,100 גרם,false,,2.50,0.0250,true,1,150445
7290002022152,false,מרשמלו ורוד לבן וסטהיים 100ג36X שקיות בקרטון,מנדלז סי.אר. פרודקשן,IL,מרשמלו 100 גרם ורוד,,100.00,100 גרם,false,,4.90,0.0490,true,1,165717
7290002022923,false,סוכריות על מקל בטעם,כרמית תעשיות ממתקים,TR,לקקן תות פופ 50יח,,500.00,100 גרם,false,,14.90,0.0298,true,1,165718
7290002026365,false,טבעות בצל אריסטו קראנץ 500 ג',היידי שוקולד בירונטי,IL,טבעות בצל 500גר,,500.00,100 גרם,false,,10.90,0.0218,true,1,198196
7290002026402,false,בראנץ אנד קראנץ בלינצס גבינה 350 גרם,מוצרי איכות אמריקאיי,IL,בלינצס גבינה 350גר,,350.00,100 גרם,false,,14.90,0.0426,true,1,133173
7290002037125,false,חלה פרוסה וודש 500גר,מאפית י את א ברמן בע,IL,חלה פרוסה וודש 500גר,,500.00,100 גרם,false,,9.90,0.0198,true,1,154545
7290002037309,false,לחמניות המבורגר 8יח 400גר,מאפית י את א ברמן בע,IL,לחמניות המבורגר 8יח,,400.00,100 גרם,false,,14.90,0.0373,true,1,154550
7290002037637,false,חליות מתוקות מארז 4יח',מאפית י את א ברמן בע,IL,חליות מתוקות 4יח,,400.00,100 גרם,false,,12.90,0.0323,true,1,154557
7290002037651,false,חלה מתוקה ברמן,,,חלה מתוקה ברמן,,500.00,100 גרם,false,,8.90,0.0178,true,1,235227
7290002053118,false,אוריינט אטריות ביצים מס 14 200 ג',האי נאם סי או אל.טי.,PL,אטריות ביצים מס 14 2,,200.00,100 גרם,false,,9.90,0.0495,true,1,216104
7290002053538,false,נודלס בסגנון תאילנדי 25% תוספת 400 ג',,,נודלס תאילנדי 400גר+,יחידה,0.00,יחידה,false,,19.90,0.0000,true,1,218978
7290002057017,false,זיתים נובו ענק A2 יבנה 330ג',קריות זול,IL,זית נובו יבנה 330גר,,330.00,100 גרם,false,,9.90,0.0300,true,1,164093
7290002057062,false,זיתים ירוק מנזנילנו בינוני יבנה 540ג',,,זית מנזלינו בינוני י,,540.00,,false,,7.80,0.0144,true,1,164097
7290002057123,false,זיתים חרוזית ירוק A2 יבנה 540ג',קריות זול,IL,חרוזית ירוק 540 גר,,540.00,100 גרם,false,,9.90,0.0183,true,1,164103
7290002057185,false,טבעות זיתים ירוקים 560 ג' יבנה,קריות זול,IL,טבעות זיתים ירוק 540,,540.00,,false,,9.90,0.0183,true,1,164109
7290002057352,false,מלפפון במלח 7-9 560 ג' יבנה,אף.סי תבליני בגליל ב,IL,מלפפון 7-9 במלח 540ג,,540.00,,false,,6.90,0.0128,true,1,164122
7290002057369,false,מלפפון במלח ‏12‏-‏10‏ 560 ג' יבנה,קבוצת יבנה,IL,מלפפון 10-12 במלח 54,,540.00,100 גרם,false,,7.90,0.0146,true,1,164123
7290002057383,false,מלפפון במלח ‏25‏-‏18‏ 560 ג' יבנה,קריות זול,IL,מלפפון 18-25 במלח 54,,540.00,,false,,12.90,0.0239,true,1,164125
7290002057468,false,מלפפון חומץ ‏12‏-‏10‏ 560 ג' יבנה,קבוצת יבנה,IL,מלפפון 10-12 בחומץ 5,,540.00,100 גרם,false,,7.90,0.0146,true,1,164130
7290002057475,false,מלפפונים בחומץ 13-17 קטן A2 יבנה 540ג',קבוצת יבנה,IL,מלפפון 13-17 בחומץ 5,,540.00,,false,,9.90,0.0183,true,1,164131
7290002057482,false,מלפפון חומץ ‏25‏-‏18‏ 560 ג' יבנה,קריות זול,IL,מלפפון 18-25 חומץ 54,,540.00,,false,,12.90,0.0239,true,1,164132
7290002057604,false,שיפקה פלפל חריף A2 יבנה 600ג',קבוצת יבנה,IL,פלפל חריף שיפקה יבנה,,540.00,100 גרם,false,,6.50,0.0120,true,1,164136
7290002057628,false,זיתים טבעות מושחר A2 יבנה 540ג',קריות זול,IL,זית טבעות מושחר 540ג,,540.00,100 גרם,false,,9.90,0.0183,true,1,164138
7290002057703,false,חצילים ‏2‏-‏A‏ יבנה 560 גר',קבוצת יבנה,IL,חציל במלח יבנה 540גר,,540.00,100 גרם,false,,6.90,0.0128,true,1,164141
7290002057734,false,זיתים חרוזית שחור A2 יבנה 540ג',קריות זול,IL,חרוזית מושחר יבנה 27,,275.00,100 גרם,false,,9.90,0.0360,true,1,164143
7290002057819,false,גמבה רצועות פלפל אדום A2 יבנה 300 גרם,קריות זול,IL,רצועות פלפל אדום 300,,300.00,100 גרם,false,,6.90,0.0230,true,1,164144
7290002057871,false,זית חרוזית צנצנת 540 ג' יבנה,קריות זול,,זיתים ירוקים חרוז יב,,560.00,100 גרם,false,,9.50,0.0170,true,1,164149
7290002079552,false,לחם אחיד דוידוביץ 75,,,לחם אחיד שחור,,750.00,100 גרם,false,,6.96,0.0093,true,1,216197
7290002079590,false,חלה רגילה 500 גרם,מאפיית דוידוביץ,,חלה רגילה 500גר,,500.00,100 גרם,false,,6.26,0.0125,true,1,216199
7290002079606,false,חלה רגילה 500גר,,,חלה רגילה 500גר,,500.00,100 גרם,false,,6.26,0.0125,true,1,216200
7290002079675,false,לחמניה רגילה 75 גר,יושלם,,לחמניה רגילה,,75.00,100 גרם,false,,1.90,0.0253,true,1,216201
7290002079699,false,לחמניה רגילה,,,לחמניה רגילה,,75.00,100 גרם,false,,1.90,0.0253,true,1,216202
7290002107491,false,גבינת עזים למריחה טבעי 5% צוריאל 250 ג',מחלבת משק צוריאל,IL,גבינת עזים למריחה טב,,250.00,100 גרם,false,,17.50,0.0700,true,1,142125
7290002107798,false,גבינה בולגרית מעודנת 5% צוריאל 250ג',מחלבת משק צוריאל,IL,בולגרית מעודנת 5% בג,,250.00,,false,,24.50,0.0980,true,1,142134
7290002107965,false,טבורוג גבינה לאפייה 5% צוריאל 500 ג',מחלבת משק צוריאל,IL,גבינה טבורוג לאפייה,,500.00,,false,,27.90,0.0558,true,1,142141
7290002128083,false,נרות חנוכה רגיל 44יח-מנורה,,,נרות חנוכה רגיל 44 י,יחידה,0.00,יחידה,false,,2.90,0.0000,true,1,132623
7290002128205,false,נרות לא נוטפים 45יח-מנורה,,,נרות חנוכה דה-לוקס ב,יחידה,0.00,יחידה,false,,6.90,0.0000,true,1,132625
7290002128311,false,נר נשמה בכוס ל-7 ימי,קריות זול,IL,נר נשמה בכוס ל-7 ימי,,72.00,,false,,10.90,0.1514,true,1,132627
7290002128403,false,נרות שבת אורה מספר 4,קריות זול,IL,נרות שבת מס 4,יחידה,0.00,יחידה,false,,3.50,0.0000,true,1,132628
7290002128410,false,נרות שולחן 6 יח,קריות זול,,נרות שולחן 6 יח,,6.00,,false,,3.50,0.5833,true,1,132629
7290002128434,false,נרות שבת אורה מספר 1,קריות זול,IL,נרות שולחן 10 יח,,10.00,,false,,3.50,0.3500,true,1,132631
7290002128458,false,נר שבת מספר 16יח,,,נר שבת מספר 16יח,יחידה,0.00,יחידה,false,,3.50,0.0000,true,1,132633
7290002128762,false,נר נשמה בכוס 72 שעות - מנורה,מנורה,IL,נר נשמה בכוס 72 שעות,יחידה,0.00,יחידה,false,,5.90,0.0000,true,1,132638
7290002130567,false,דבש טהור מפרחי בר בזכוכית 350 גרם,מכוורת יד מרדכי שטרא,IL,דבש טהור מפרחי בר יד,,350.00,,false,,19.90,0.0569,true,1,161718
7290002130574,false,דבש טהור מפרחי בר בזכוכית 500 ג' יד מרדכי,מכוורת יד מרדכי שטרא,IL,דבש טהור מפרחי בר בז,,500.00,100 גרם,false,,28.90,0.0578,true,1,161719
7290002130581,false,דבש טהור מפרחי בר בצ,קריות זול,IL,דבש טהור מפרחי בר בז,,1000.00,100 גרם,false,,45.90,0.0459,true,1,161720
7290002133117,false,בולגרית מעודנת מחלבת,מחלבת השומרון בעמ,,בולגרית 5% מעודנת שו,קילוגרמים,1.00,"ק""ג",true,,39.00,39.0000,true,1,133309
7290002133148,false,צפתית רכה 5% שומרון,מחלבת השומרון בעמ,,צפתית רכה 5% שומרון,קילוגרמים,1.00,"ק""ג",true,,39.00,39.0000,true,1,133311
7290002133162,false,בולגרית גביע 5% 250ג,מחלבת שומרון,IL,בולגרית גביע 5% 250ג,,250.00,,false,,18.90,0.0756,true,1,133321
7290002133193,false,בולגרית שומרון,מחלבת השומרון בעמ,,בולגרית שומרון,קילוגרמים,1.00,"ק""ג",true,,39.00,39.0000,true,1,133312
7290002133209,false,לאבנה 5% שומרון,,,לאבנה 5% שומרון,קילוגרמים,1.00,"ק""ג",true,,35.00,35.0000,true,1,133313
7290002133216,false,גבינת שמנת 25% שומרו,,,גבינת שמנת 25% שומרו,קילוגרמים,1.00,"ק""ג",true,,39.00,39.0000,true,1,133314
7290002133247,false,לאבנה עם זעתר ושמן 5,מחלבת שומרון,IL,לאבנה עם זעתר ושמן 5,,250.00,100 גרם,false,,10.90,0.0436,true,1,133322
7290002133506,false,יוגורט של פעם חלב עי,מחלבת השומרון,IL,יוגורט של פעם חלב עי,,400.00,100 גרם,false,,10.90,0.0273,true,1,133323
7290002133537,false,יוגורט של פעם עם חלב,מחלבת שומרון,IL,יוגורט של פעם חלב עי,,180.00,,false,,5.90,0.0328,true,1,214999
7290002133551,false,לאבנה עם שמן זית וזע,מחלבת השומרון,IL,לאבנה עם זעתר ושמן ז,,500.00,100 גרם,false,,16.90,0.0338,true,1,133327
7290002133575,false,יוגורט של פעם חלב כב,,,יוגורט של פעם חלב כב,,400.00,,false,,10.90,0.0273,true,1,133328
7290002133612,false,יוגורט יווני אותנטי,מחלבת שומרון,IL,יוגורט יווני 8% השומ,,180.00,,false,,5.90,0.0328,true,1,215001
7290002133889,false,גבינה בולגרית מעודנת,מחלבת השומרון,IL,בולגרית מעודנת בקר 5,,250.00,100 גרם,false,,18.90,0.0756,true,1,133334
7290002150718,false,"קרפלך במילוי תפו""א ח",,,"קרפלך במילוי תפו""א ח",,400.00,,false,,15.90,0.0398,true,1,131757
7290002150732,false,קרפלך במילוי בשר חמי,,,קרפלך במילוי בשר חמי,,400.00,,false,,16.90,0.0422,true,1,131758
7290002150794,false,סיגר בשר חמים וטעים,,,סיגר בשר חמים וטעים,,400.00,100 גרם,false,,16.90,0.0422,true,1,131759
7290002150817,false,"סיגר תפו""א חמים וטעי",יושלם,,"סיגר תפו""א חמים וטעי",,400.00,100 גרם,false,,15.90,0.0398,true,1,131760
7290002150848,false,אגרול סיני חמים וטעי,,,אגרול סיני חמים וטעי,,400.00,100 גרם,false,,15.90,0.0398,true,1,131762
7290002150862,false,קובה בשר מטוגן חמים,,,קובה בשר מטוגן חמים,,400.00,100 גרם,false,,16.90,0.0422,true,1,131763
7290002190141,false,ממרח ריבת חלב קונדיטור,Barhan gida sanayi v,IL,ריבת חלב בצנצנת 450,,450.00,100 גרם,false,,12.90,0.0287,true,1,133938
7290002190516,false,ריבת חלב ממרח קומידה 500 גר',קריות זול,IL,ריבת חלב ממרח 500גר,,500.00,100 גרם,false,,12.90,0.0258,true,1,133939
7290002195054,false,המבורגר בלדי 400 גרם ארוז,יוליניבר,IL,המבורגר בלדי 400גר,,400.00,100 גרם,false,,13.90,0.0348,true,1,154043
7290002195078,false,קבב כבש בלדי קפוא 400 ג',,,בלדי קבב כבש 400גר,,400.00,,false,,13.90,0.0348,true,1,154045
7290002195085,false,קבב מזרחי בלדי 400 ג'- 8 יח',יוליניבר,IL,קבב מזרחי 400גר,,400.00,100 גרם,false,,13.90,0.0348,true,1,154046
7290002195092,false,קבב רומני 400 גרם ארוז,,,קבב רומני 400גר,,400.00,100 גרם,false,,13.90,0.0348,true,1,154047
7290002198031,false,פסטרמה פרגיות ללחמני,זוגלובק,IL,פסטרמה פרגיות ללחמני,קילוגרמים,1.00,"ק""ג",true,,85.00,85.0000,true,1,233949
7290002198048,false,פסטרמה הודו בתיבול ש,זוגלובק,IL,פסטרמה הודו בתיבול ש,קילוגרמים,1.00,"ק""ג",true,,85.00,85.0000,true,1,233950
7290002198062,false,פסטרמה הודו אקסטרה מ,זוגלובק,IL,פסטרמה הודו אקסטרה מ,קילוגרמים,1.00,"ק""ג",true,,85.00,85.0000,true,1,237117
7290002211044,false,"סולת - חום רוט 1 ק""ג",,,"סולת 1ק""ג",,1000.00,,false,,6.50,0.0065,true,1,153522
7290002211112,false,קמח רוט כחול לבן 1קג,,,קמח רוט כחול לבן 1קג,,1000.00,,false,,5.90,0.0059,true,1,195623
7290002211501,false,קמח תופח מנופה טחנת,,,קמח תופח מנופה טחנת,,1000.00,100 גרם,false,,7.90,0.0079,true,1,238782
7290002211525,false,קמח חיטה 80% מנופה ט,,,קמח חיטה 80% מנופה ט,,1000.00,,false,,7.90,0.0079,true,1,238783
7290002239307,false,שעועית צהובה 800 ג ' פרי הגליל,"פרי הגליל בע""""מ",IL,שעועית צהובה 800גר,,800.00,100 גרם,false,,12.90,0.0161,true,1,155605
7290002253006,false,דורות שום כתוש טרי 200 גרם,עיצובים 2020 (3.8),IL,שום כתוש דורות 200גר,,200.00,100 גרם,false,,16.90,0.0845,true,1,135586
7290002253105,false,מגשית קוביות שום טרי דורות 80 ג',עיצובים 2020 (3.8),IL,קוביות שום דורות 80ג,,80.00,100 גרם,false,,11.90,0.1488,true,1,135591
7290002253167,false,פטרוזליה קצוצה דורות 70 גר',עיצובים 2020 (3.8),IL,פטרוזליה קצוצה דורות,,70.00,,false,,11.90,0.1700,true,1,135593
7290002253181,false,כוסברה טריה קצוצה 70 ג' דורות,עיצובים 2020 (3.8),IL,כוסברה קצוצה דורות 7,,70.00,,false,,11.90,0.1700,true,1,135595
7290002255055,false,פלאפל חטיפי אלקיים 7,חטיפי אלקיים בעמ,IL,"פלאפל בד""צ 700גר",,700.00,100 גרם,false,,15.90,0.0227,true,1,214949
7290002255215,false,"עלי סיגר מרובע בד""צ",חטיפי אלקיים בעמ,IL,"עלי סיגר מרובע בד""צ",,500.00,100 גרם,false,,10.90,0.0218,true,1,214950
7290002259657,false,רדיד אלומיניום דיימ,קריות זול,US,רדיד אלומניום 30*22.,,22.86,,false,,24.90,1.0892,true,1,216634
7290002259664,false,רדיד אלומיניום דיימונד גדול 60X0.60מ',ריינולדס מוצרי צריכה,US,רדיד אלומניום 30*61,,60.00,,false,,54.90,0.9150,true,1,154323
7290002265672,false,מויבה נורבגי פיש האו,,,מויבה נורבגי פיש האו,קילוגרמים,1.00,"ק""ג",true,,42.90,42.9000,true,1,240360
7290002265719,false,הרינג נורבגי פיש האו,,,הרינג נורבגי פיש האו,קילוגרמים,1.00,"ק""ג",true,,29.90,29.9000,true,1,240359
7290002319016,false,אבקת אפיה מיה מארז 10X10 ג',מיה תעשיות מזון בעמ,IL,אבקת אפיה 10*10גרם,,100.00,,false,,2.00,0.0200,true,1,156987
7290002319023,false,סוכר וניל מיה עשיריו,מיה תעשיות מזון בעמ,IL,סוכר וניל מיה 10*10ג,,100.00,,false,,2.00,0.0200,true,1,156988
7290002319054,false,פרג טחון מיה 100 גרם,מיה תעשיות מזון,IL,פרג טחון 100 גרם מיה,,100.00,100 גרם,false,,5.90,0.0590,true,1,156989
7290002319061,false,קוקוס טחון מיה 100 ג,מיה,IL,קוקוס טחון מיה 100 ג,,100.00,100 גרם,false,,4.90,0.0490,true,1,156990
7290002319078,false,שומשום מיה 100 גרם,מיה,IL,שומשום מיה 100 גר,,100.00,,false,,4.90,0.0490,true,1,156991
7290002319092,false,קמח תפוחי אדמה מיה 500 גר',מיה תעשיות מזון,IL,קמח תפוחי אדמה 500גר,,500.00,100 גרם,false,,5.90,0.0118,true,1,194734
7290002319122,false,גריסים יבשים מיה 500 גר',מיה,IL,גריסים מיה 500 גר,,500.00,,false,,5.90,0.0118,true,1,156993
7290002319139,false,שעועית לבנה יבשה מיה 500 ג',מיה תעשיות מזון בעמ,IL,שעועית לבנה 500גר,,500.00,,false,,8.90,0.0178,true,1,156994
7290002319146,false,שעועית אדומה יבשה 500 ג',מיה תעשיות מזון בעמ,IL,שעועית אדומה 500גר,,500.00,,false,,8.90,0.0178,true,1,156995
7290002319160,false,אפונה ירוקה יבשה מיה 500 ג',מיה,IL,אפונה מאה 500 גר,,500.00,100 גרם,false,,6.90,0.0138,true,1,156996
7290002319177,false,פופקורן גרעינים מיה 500 גר',מיה,IL,פופקורן מיה 500 גר,,500.00,100 גרם,false,,6.90,0.0138,true,1,156997
7290002319184,false,עדשים אדומים יבשים מיה 500 גר',מיה,IL,עדשים אדומות 500 גר,,500.00,100 גרם,false,,8.90,0.0178,true,1,156998
7290002319191,false,עדשים ירוקים יבשים מיה 500 גר',מיה,IL,עדשים ירוקות 500 גר,,500.00,100 גרם,false,,8.90,0.0178,true,1,216987
7290002319221,false,חיטה מיה 500 גרם,מיה,IL,חיטה מיה 500 גר,,500.00,100 גרם,false,,6.90,0.0138,true,1,157002
7290002319771,false,"תמצית אפיה וניל 50מ""ל מיה",מיה תעשיות מזון בעמ,IL,"תמצית אפיה וניל 50מ""",,50.00,100 גרם,false,,3.50,0.0700,true,1,157007
7290002319788,false,"תמצית אפיה רום 50 מ""ל מיה",מיה תעשיות מזון,IL,תמצית אפיה בטעם רום,,50.00,,false,,3.50,0.0700,true,1,157008
7290002319825,false,אבקת סוכר מיה 100גרם,מיה תעשיות מזון,IL,אבקת סוכר מיה 100גרם,,100.00,100 גרם,false,,2.00,0.0200,true,1,157010
7290002329602,false,עוגת שוקולד עוגל'ה 350 גר,,,עוגה בחושה שוקולד עו,,350.00,100 גרם,false,,8.90,0.0254,true,1,214495
7290002329619,false,עוגת שוקולד צ'יפס עוגל'ה 350 גר,,,עוגה בחושה שוקו צ'יפ,,350.00,,false,,8.90,0.0254,true,1,214496
7290002329657,false,עוגת תפוז עוגלה 350 גר',,,עוגה בחושה תפוז עוגל,,350.00,,false,,8.90,0.0254,true,1,214498
7290002329664,false,עוגה אנגלית עוגלה 350 גר',,,עוגה בחושה אנגלית עו,,350.00,100 גרם,false,,8.90,0.0254,true,1,214499
7290002329961,false,עוגת שוקוצ''ינו 350 ג' עוגלה,,,עוגת שוקוצ'ינו 350 ג,,350.00,100 גרם,false,,8.90,0.0254,true,1,214573
7290002331025,false,"מים מינרלים נביעות ספורט 500 מ""ל פקדון",נביעות טבע הגליל בעמ,IL,נביעות ספורט 500מל,,500.00,,false,,3.00,0.0060,true,1,163084
7290002331360,false,"נביעות מים מינרליים טו גו מארז 500X6מ""ל",קריות זול,IL,נביעות טו גו שישייה,,3000.00,100 גרם,false,,15.90,0.0053,true,1,163094
7290002331490,false,מים מינרלים נביעות 1 ליטר,נביעות טבע הגליל בעמ,IL,נביעות 1 ליטר,,1000.00,,false,,4.00,0.0040,true,1,163098
7290002336686,false,אסאדו עע,,,אסאדו עע,קילוגרמים,1.00,"ק""ג",true,,69.90,69.9000,true,1,230419
7290002345886,false,צלי כתף עגל,,,צלי כתף עגל,קילוגרמים,1.00,"ק""ג",true,,89.90,89.9000,true,1,233738
7290002370055,false,גבינת גאודה עיזים חצ,,,גאודה עיזים ויליפוד,קילוגרמים,1.00,"ק""ג",true,,115.00,115.0000,true,1,203345
7290002370284,false,גבינת קשקבל מבולגריה,,,גבינת קשקבל מבולגריה,קילוגרמים,1.00,"ק""ג",true,,99.00,99.0000,true,1,213748
7290002370420,false,גבינה גאודה מהולנד 3,איוויאן,NL,גאודה הולנדי 30% ויל,קילוגרמים,1.00,"ק""ג",true,,65.00,65.0000,true,1,229931
7290002371533,false,דקניקים סלסולי פסטרמה בדבש 120 ג' טירת צבי,הנסיך- מפעל לייצור ט,IL,סלסולי פסטרמה בדבש ט,,120.00,100 גרם,false,,15.90,0.1325,true,1,195629
7290002371571,false,פסטרמה פרגיות לבגט ט,טירת צבי,IL,פסטרמה פרגיות לבגט ט,קילוגרמים,1.00,"ק""ג",true,,85.00,85.0000,true,1,213269
7290002371854,false,"נקניקיות עוף מתובלות 1 ק""ג טירת צבי",הנסיך- מפעל לייצור ט,IL,נקניקיות עוף חריפות,,1000.00,100 גרם,false,,29.90,0.0299,true,1,151049
7290002374268,false,שמן חמניות מילומור 1 ליטר,שמן תעשיות,IL,שמן חמניות מילומור 1,,1000.00,,false,,10.90,0.0109,true,1,227999
7290002374640,false,שמן קנולה פלוס אומגה 3 1ל' עץ הזית,שמן תעשיות,IL,שמן קנולה פלוס אומגה,,1000.00,,false,,17.90,0.0179,true,1,153596
7290002385745,false,גבינת פקורינו משולשי,מחלבות גד,IL,*מבצע* פקורינו מחלבו,קילוגרמים,1.00,"ק""ג",true,,156.00,156.0000,true,1,214741
7290002407034,false,"זית סורי מבוקע ג""השא",ג'השאן,IL,זית סורי מבוקע 800גר,,800.00,100 גרם,false,,19.90,0.0249,true,1,137772
7290002407102,false,זית סנטה גדול ג'השאן 800 ג',ג'השאן,IL,זית סנטה 800גר,,800.00,100 גרם,false,,19.90,0.0249,true,1,137774
7290002409038,false,בורקס גבינה 800גר,,,בורקס גבינה 800גר,,800.00,,false,,17.90,0.0224,true,1,155495
7290002409175,false,"בצק עלים צרפתי צפ.השרון 1 ק""ג",ציפור השרון,,בצק עלים 1קג,,1000.00,,false,,14.90,0.0149,true,1,155505
7290002409274,false,מלוואח ציפור השרון 5 יחי',,,מלווח ציפור השרון 80,,800.00,100 גרם,false,,14.90,0.0186,true,1,236392
7290002409281,false,סבבה ציפור השרון 750,פילסברי,,סבבה ציפור השרון 750,,750.00,,false,,19.90,0.0265,true,1,155506
7290002410768,false,ריאות בקר,,,ריאות בקר,קילוגרמים,1.00,"ק""ג",true,,19.90,19.9000,true,1,150502
7290002447481,false,צ'אך עגל טרי,,,צ'אך עגל,קילוגרמים,1.00,"ק""ג",true,,89.90,89.9000,true,1,153497
7290002447535,false,בשר ראש עגל,,,בשר ראש עגל,קילוגרמים,1.00,"ק""ג",true,,69.00,69.0000,true,1,153500
7290002447559,false,סינטה עגל,,,סינטה עגל,קילוגרמים,1.00,"ק""ג",true,,129.00,129.0000,true,1,153502
7290002447573,false,שייטל עגל טרי,,,שייטל עגל,קילוגרמים,1.00,"ק""ג",true,,89.90,89.9000,true,1,153503
7290002447610,false,פיקניה (שפיץ צ'אך) ע,,,פיקניה (שפיץ צ'אך) ע,קילוגרמים,1.00,"ק""ג",true,,89.90,89.9000,true,1,233799
7290002453383,false,מרגז טלה קצביית פרימ,קצביית פרימיום,IL,מרגז טלה 500גר,,500.00,,false,,29.90,0.0598,true,1,204794
7290002453802,false,קבב אסלי בוואקום קפו,קצביית פרימיום,IL,קבב אסלי בוואקום קפו,,1000.00,100 גרם,false,,39.90,0.0399,true,1,219076
7290002479352,false,דבש עמק חפר 350גרם,מכוורת עמק חפר,,דבש עמק חפר 350גרם,,350.00,,false,,16.90,0.0483,true,1,130464
7290002488422,false,תמר מגהול פרימיום 60,מרינה,IL,תמר מגהול פרימיום 60,,600.00,100 גרם,false,,19.90,0.0332,true,1,238580
7290002511236,false,בולגרית מעודנת 5% המ,,,בולגרית מעודנת 5% המ,קילוגרמים,1.00,"ק""ג",true,,44.00,44.0000,true,1,209418
7290002511243,false,גבינה בולגרית 16% המ,,,גבינה בולגרית 16% המ,קילוגרמים,1.00,"ק""ג",true,,52.00,52.0000,true,1,219381
7290002511281,false,המושבה גבינת ברינזה,מחלבת המושבה,IL,ברינזה צאן 18% המוש,קילוגרמים,1.00,"ק""ג",true,,89.00,89.0000,true,1,209439
7290002511427,false,אצבעות שוקולד וניל ה,מחלבת המושבה,IL,אצבעות שוקולד וניל ה,קילוגרמים,1.00,"ק""ג",true,,59.00,59.0000,true,1,209423
7290002511571,false,מוצרלה 22% המושבה,,,מוצרלה 22% המושבה,קילוגרמים,1.00,"ק""ג",true,,87.00,87.0000,true,1,209434
7290002511670,false,צדר בקר כתום המושבה,,,צדר בקר כתום המושבה,קילוגרמים,1.00,"ק""ג",true,,99.00,99.0000,true,1,209441
7290002517269,false,תבלין פלפל שחור שלם 35ג',תות ממתקי איכות,IL,פלפל שחור שלם 35גר,,35.00,100 גרם,false,,11.90,0.3400,true,1,153335
7290002517337,false,תבלין אורגנו עלים 20 גר',תות ממתקי איכות,IL,אורגנו עלים 20גר,,20.00,100 גרם,false,,7.90,0.3950,true,1,153339
7290002517733,false,תבלין קצח טעם וריח 4,תות ממתקי איכות,IL,קצח 40גר,,40.00,100 גרם,false,,6.90,0.1725,true,1,153364
7290002517801,false,תבלין צ'ילי כתוש - חריף (פלפל קיינה) 30 ג',תות ממתקי איכות,IL,צילי כתוש 30גר,,30.00,100 גרם,false,,6.90,0.2300,true,1,153370
7290002560036,false,רדיד אלומיניום מעוצב,,,רדיד אלומיניום מעוצב,יחידה,0.00,יחידה,false,,11.90,0.0000,true,1,231309
7290002560098,false,אשפתון קומפקט 75/90,,,אשפתון קומפקט 75/90,יחידה,0.00,יחידה,false,,14.90,0.0000,true,1,208213
7290002560135,false,ניילון נצמד 150 מטר,,,ניילון נצמד 150 מטר,יחידה,0.00,יחידה,false,,15.90,0.0000,true,1,213586
7290002560159,false,שקיות אשפה עבות נשלפ,קריות זול,,שקיות אשפה עבות נשלפ,יחידה,0.00,יחידה,false,,19.90,0.0000,true,1,231313
7290002560197,false,גופיה צבעוני 35/45 1,קריות זול,,גופיה צבעוני 35/45 1,יחידה,0.00,יחידה,false,,6.90,0.0000,true,1,210059
7290002560203,false,גופיה לבן 50/60 50יח,קריות זול,,גופיה לבן 50/60 50יח,יחידה,0.00,יחידה,false,,6.90,0.0000,true,1,210060
7290002560227,false,אשפתון גופיה 75/90 2,קריות זול,,אשפתון גופיה 75/90 2,יחידה,0.00,יחידה,false,,10.90,0.0000,true,1,210061
7290002560272,false,אשפתון 75/90 50יח,,,אשפתון 75/90 50יח,יחידה,0.00,יחידה,false,,14.90,0.0000,true,1,219420
7290002560333,false,שקיות אוכל גדולות XL,,,שקיות אוכל גדולות XL,יחידה,0.00,יחידה,false,,10.00,0.0000,true,1,213401
7290002560524,false,נייר אפייה בגליל 25,,,נייר אפייה בגליל 25,יחידה,0.00,יחידה,false,,10.90,0.0000,true,1,239621
7290002599029,false,תבליני יונה פפריקה מתוקה בשמן 80ג,תבליני יונה,IL,תבלינים בשקית 80גר,,80.00,100 גרם,false,,5.50,0.0688,true,1,158467
7290002599036,false,פלפל לבן/שחור 50גר,תבליני יונה,IL,פלפל לבן/שחור 50גר,,50.00,100 גרם,false,,5.50,0.1100,true,1,158468
7290002599081,false,תבלינים שונים 30 גרם,תבליני יונה,IL,תבלינים בשקית,יחידה,0.00,יחידה,false,,5.50,0.0000,true,1,158471
7290002599104,false,תבלינים שונים 50 גרם,תבליני יונה,IL,תבלינים בשקית 50גר,,50.00,100 גרם,false,,5.50,0.1100,true,1,158473
7290002599197,false,תבליני יונה פלפל שחור שלם 50גר,תבליני יונה,IL,פלפל לבן/שחור 50גר,,50.00,100 גרם,false,,5.50,0.1100,true,1,158479
7290002599371,false,פפריקה חריפה בצנצנת,,,פפריקה חריפה בצנצנת,,80.00,,false,,10.90,0.1363,true,1,214169
7290002599425,false,כורכום בצנצנת 80גר,,,כורכום בצנצנת 80גר,,80.00,100 גרם,false,,10.90,0.1363,true,1,214174
7290002599449,false,פפריקה מתוקה בשמן בצ,,,פפריקה מתוקה בשמן בצ,,80.00,100 גרם,false,,10.90,0.1363,true,1,214176
7290002627302,false,צלי כתף עגל,,,צלי כתף עגל,קילוגרמים,1.00,"ק""ג",true,,89.90,89.9000,true,1,233740
7290002627364,false,אנטריקוט עגל פריים,,,אנטריקוט עגל פריים,קילוגרמים,1.00,"ק""ג",true,,149.00,149.0000,true,1,230397
7290002627371,false,צלעות עגל,,,צלעות עגל,קילוגרמים,1.00,"ק""ג",true,,69.90,69.9000,true,1,230401
7290002627388,false,חזה עגל,,,חזה עגל,קילוגרמים,1.00,"ק""ג",true,,69.90,69.9000,true,1,230402
7290002627401,false,צלי כתף עגל,,,צלי כתף עגל,קילוגרמים,1.00,"ק""ג",true,,89.90,89.9000,true,1,230414
7290002627487,false,חזה עגל,,,חזה עגל,קילוגרמים,1.00,"ק""ג",true,,69.90,69.9000,true,1,230416
7290002628941,false,נסיכת הנילוס פרוס העדה החרדית,,,נסיכת הנילוס פילה פר,קילוגרמים,1.00,"ק""ג",true,,69.90,69.9000,true,1,234378
7290002661115,false,לחם שיפון הולנדי 1.2 מהדרין,מאפית י את א ברמן בע,IL,לחם הולנדי 1.2קג,,1200.00,100 גרם,false,,17.90,0.0149,true,1,154566
7290002661153,false,"לחם דני קל ברמן 1 ק""",מאפית י את א ברמן בע,IL,לחם דני קל 1 קג,,1000.00,,false,,17.90,0.0179,true,1,154567
7290002661214,false,ברמן לחם גליל קל מהדרין 750 גרם,מאפית י את א ברמן בע,IL,לחם גלילי קל 750גר,,750.00,100 גרם,false,,16.90,0.0225,true,1,154569
7290002661443,false,פירורי לחם מוזהבים עדינים 200 גר.,,,פירורי לחם זהוב עדין,,200.00,100 גרם,false,,4.50,0.0225,true,1,206193
7290002661474,false,פרורי לחם עם שומשום 200 ג',Unknown,,פירורי לחם זהוב עם ש,,200.00,100 גרם,false,,4.50,0.0225,true,1,206194
7290002661535,false,פירורי לחם מוזהבים 1,מאפית י את א ברמן בע,IL,פירורי לחם זהוב 1 קג,,1000.00,,false,,9.90,0.0099,true,1,219610
7290002661856,false,מיני קרוטונים מתובלים למרק וסלט 350 גר',מאפית י את א ברמן בע,IL,מיני קרוטונים מתובלי,,350.00,,false,,16.90,0.0483,true,1,223365
7290002661863,false,קרוטונים מתובלים למרק 350 גר'.,מאפית י את א ברמן בע,IL,קרוטונים מתובלים למר,,350.00,100 גרם,false,,15.90,0.0454,true,1,223364
7290002661979,false,קרקר תירס פריך בתוספ,אבונט ק.פ.ט,HU,קרקר פריך פשתן 100 ג,,100.00,100 גרם,false,,6.90,0.0690,true,1,231829
7290002692393,false,שמן קנולה מועשר עץ ה,שמן תעשיות,IL,שמן קנולה מועשר עץ ה,,1000.00,100 גרם,false,,16.90,0.0169,true,1,153597
7290002692478,false,"שמן זית כתית מעולה קלאסי מעודן 750 מ""ל עץ הזית","מרקאולאו, ספרד.אבסה,",IT,שמן זית כתית מעולה ע,,750.00,,false,,34.90,0.0465,true,1,153601
7290002692768,false,"תרסיס קנולה מופחת קלוריות 200 מ""ל עץ הזית",טרנסומס פוד איי בי,IT,תרסיס שמן קנולה מופח,,200.00,,false,,17.90,0.0895,true,1,153605
7290002692775,false,"תרסיס שמן קנולה בטעם חמאה 200 מ""ל עץ הזית",,,תרסיס שמן קנולה בטעם,,200.00,,false,,17.90,0.0895,true,1,212759
7290002730262,false,פלמוליב כלים שקוף קלאסי 750 בקבוק חדש,יבואן ומשווק: ש. שסט,GR,פלמוליב נוזל לכלים ק,,750.00,100 גרם,false,,11.90,0.0159,true,1,143042
7290002730521,false,צימרוני אוזניים בלונס בקופסא 200 יח',קריות זול,GR,צמרוני אוזניים בקופס,,200.00,,false,,7.90,0.0395,true,1,143045
7290002735007,false,"בצק עלים 1 ק""ג ינון",,,בצק עלים ינון 1קג,,1000.00,100 גרם,false,,15.90,0.0159,true,1,130866
7290002735014,false,מלוואח ארוז ינון 800 גר',ג'נרל מילס סאן אדריא,IL,מלווח ארוז ינון 800ג,,800.00,100 גרם,false,,14.90,0.0186,true,1,130867
7290002735021,false,ינון גחנון ארוז 750גר,ג'נרל מילס סאן אדריא,IL,גחנון ארוז ינון 750ג,,750.00,100 גרם,false,,14.90,0.0199,true,1,130868
7290002735120,false,"בורקס תפו""א ינון 800 גר",,,"בורקס תפו""א ינון 800",,800.00,100 גרם,false,,14.90,0.0186,true,1,130870
7290002735274,false,ינון גחנון אפוי 600 גר,ג'נרל מילס סאן אדריא,IL,גחנון אפוי ינון 600ג,,600.00,100 גרם,false,,16.90,0.0282,true,1,130873
7290002752332,false,"סוכריות מנטוס פירות בגליל, 37.5 גרם",הדקלאים אגודת שיתופי,NL,מנטוס גליל פירות בוד,,37.50,100 גרם,false,,3.90,0.1040,true,1,148347
7290002752349,false,סוכריות מנטוס מנטה 40יח' בגליל 38ג',פרפטי ואן מלה,NL,מנטוס גליל מנטה בודד,,37.50,100 גרם,false,,3.90,0.1040,true,1,148348
7290002752493,false,רביעיה סוכריות מנטה 4* 16 ג' טיק טק,קריות זול,ZA,טיקטק מנטה רביעייה 4,,64.00,100 גרם,false,,11.90,0.1859,true,1,166308
7290002753223,false,רביעייה סוכריות תפוז 4*16 ג' טיק טק,קריות זול,ZA,טיקטק תפוז רביעייה 4,,64.00,100 גרם,false,,11.90,0.1859,true,1,166309
7290002753995,false,ערכת קישוטי עוגה 150 גר',היינץ צפון אמריקה מק,DE,ערכת קישוטי עוגה 150,,150.00,100 גרם,false,,17.90,0.1193,true,1,148353
7290002766056,false,עגבניות שרי קופסא ליח',רון שרי,IL,עגבניות שרי וויטני א,,460.00,100 גרם,false,,9.90,0.0215,true,1,223049
7290002769347,false,עוגיות מובחרות בדלי --600-500 גרם,עוגיות הזהב,,עוגיות מובחרות 500 ג,,500.00,,false,,15.90,0.0318,true,1,221995
7290002769392,false,עוגיות אדל עבודת יד 300 גר',,,עוגיות פרימיום מיוחד,,250.00,100 גרם,false,,23.90,0.0956,true,1,214547
7290002769910,false,עוגיות ללא תוספת סוכר 350 גר',,,עוגיות ללא תוספת סוכ,,350.00,,false,,12.90,0.0369,true,1,231443
7290002769996,false,עוגות קראנץ מאפים א,,,עוגות קראנץ מאפים א,,500.00,100 גרם,false,,17.90,0.0358,true,1,214548
7290002782759,false,"פנינה קרם גוף רוזנבלום 400 מ""ל",א.ל ארמן,IL,קרם גוף פנינה רוזנבל,,340.00,,false,,24.90,0.0732,true,1,222351
7290002812522,false,סיגריות פרלמנט (חפיס,פיליפ מוריס,,פרלמנט ארוך,יחידה,0.00,יחידה,false,,42.00,0.0000,false,1,157325
7290002814016,false,"מסיר שומנים קר מתז סנט מוריץ 750מ""ל",קומפלקס כימיקלים,IL,מסיר שומנים סנט מורי,,750.00,100 גרם,false,,15.90,0.0212,true,1,153261
7290002814054,false,סנט מוריץ מתז אנטרטיק מתז 1 ליטר,קומפלקס כימיקלים,IL,אנטרטיק במתז 1 ליטר,ליטרים,1.00,ליטר,false,,11.90,11.9000,true,1,213547
7290002814078,false,סנט מוריץ נוזל לניקוי אמבט אנטרטיק 1ל',קומפלקס כימיקלים,IL,אנטרטיק נוזל לניקוי,,1000.00,,false,,6.90,0.0069,true,1,153263
7290002814528,false,נוזל לניקוי האסלה סנט מוריץ 1 ליטר,קומפלקס כימיקלים,IL,נוזל אסלות מס'1 1ליט,,1000.00,100 גרם,false,,6.90,0.0069,true,1,153268
7290002824183,false,גבינה לבנה 5% שומן 500 ג' שטראוס,מיוצר עי קונדיטוריית,IL,קרם גבינה 5% סקי 500,,500.00,,false,,9.96,0.0199,true,1,151054
7290002824466,false,דנונה יוגורט ביו 0% 200מל,"שטראוס בריאות בע""מ",IL,דנונה יוגורט ביו 0%,,200.00,100 גרם,false,,3.90,0.0195,true,1,151055
7290002824640,false,גבינה שטראוס 5% 250 ג',מיוצר עי קונדיטוריית,IL,גבינה 5% סקי 250 גרם,,250.00,100 גרם,false,,4.98,0.0199,true,1,151057
7290002825722,false,סלט כרוב אדום אחלה 5,מיוצר עי קונדיטוריית,IL,כרוב אדום אחלה 500גר,,500.00,100 גרם,false,,16.90,0.0338,true,1,151061
7290002868996,false,קוטג' 5% מועשר טרה 250ג' מהדרין,קריות זול,IL,קוטג מועשר 5% 250גר,,250.00,100 גרם,false,,6.20,0.0248,true,1,142153
7290002881216,false,רסק תפוחי עץ בצנצנת 700 ג' תומר,Geurts conservenfabr,,"רסק תפו""ע לסכרתיים 7",,700.00,,false,,9.90,0.0141,true,1,133987
7290002881506,false,חמאת בוטנים תומר 510 ג',Niza s a,,חמאת בוטנים 510גר,,510.00,100 גרם,false,,10.90,0.0214,true,1,134002
7290002881551,false,עלי גפן ממולאים תומר,אסמה תורכיה,,עלי גפן ממולאים תומר,,400.00,100 גרם,false,,9.90,0.0248,true,1,134004
7290002881612,false,לפתן דובדבנים חמוצים,Fructo sliven jsc,,לפתן דובדבנים חמוצים,,680.00,100 גרם,false,,9.90,0.0146,true,1,213496
7290002881742,false,לבבות דקל פרוסות תומר 400 ג',Inaexpo,,לבבות דקל פרוסות תומ,,400.00,100 גרם,false,,9.90,0.0248,true,1,134009
7290002881872,false,פטריות חתוכות תומר 2,,,פטריות חתוכות תומר 2,,290.00,100 גרם,false,,4.90,0.0169,true,1,134014
7290002881919,false,פטריות שלמות תומר 40,גיבונג אינדסקיאלס,,פטריות שלמות תומר 40,,400.00,100 גרם,false,,8.90,0.0223,true,1,134015
7290002881940,false,סרדינים מרוקאי בשמן חמניות 125ג' תומר,Union des pecheries,,סרדין מרוקאי בשמן 12,,125.00,100 גרם,false,,6.90,0.0552,true,1,134016
7290002881957,false,סרדינים מרוקאי חריף בשמן חמניות 125ג' תומר,Union des pecheries,,סרדין מרוקאי חריף 12,,125.00,,false,,6.90,0.0552,true,1,134017
7290002904694,false,"טיטניום דאודורנט ספריי לגברים 150 מ""ל",אמיליה קוסמטיקס בעמ,IL,טיטניום ספריי 180מל,,180.00,,false,,17.90,0.0994,true,1,138375
7290002909569,false,דג ברבוניה פילה קפוא 400 ג',דולפין ספא,,פילה ברבוניה קפוא 40,,400.00,100 גרם,false,,24.90,0.0622,true,1,229317
7290002909880,false,פולי סויה אדממה קפוא 400 גר',,,פולי סויה אדממה קפוא,,400.00,100 גרם,false,,9.90,0.0248,true,1,203348
7290002927044,false,צלי כתף מס' 5 קפוא,,,צלי כתף מס' 5 קפוא,קילוגרמים,1.00,"ק""ג",true,,43.90,43.9000,true,1,155120
7290002927051,false,פילה מדומה מס' 6 קפו,,,פילה מדומה מס' 6 קפו,קילוגרמים,1.00,"ק""ג",true,,39.90,39.9000,true,1,155121
7290002927105,false,צלי עגל ברשת קפוא,,,צלי עגל ברשת קפוא,קילוגרמים,1.00,"ק""ג",true,,37.90,37.9000,true,1,155123
7290002927358,false,סטיק אנטריקוט 800גר,,,סטיק אנטריקוט 800גר,,800.00,100 גרם,false,,39.90,0.0499,true,1,219078
7290002927464,false,גולש עגל קפוא,,,גולש עגל קפוא,קילוגרמים,1.00,"ק""ג",true,,34.90,34.9000,true,1,155132
7290002927518,false,טבעות פילה עגל קפוא,,,טבעות פילה עגל קפוא,קילוגרמים,1.00,"ק""ג",true,,39.90,39.9000,true,1,155136
7290003009183,false,"פריגת סירופ דיאט תפוחים 750מ""ל",סירופ - גבעת חיים,IL,סירופ דיאט תפוחים פר,,750.00,,false,,23.90,0.0319,true,1,163135
7290003009596,false,"פריגת סירופ דיאט אשכוליות 750מ""ל",סירופ - גבעת חיים,IL,סירופ דיאט אשכולית פ,,750.00,100 גרם,false,,23.90,0.0319,true,1,163142
7290003011087,false,"אורז בסמטי 1 ק""ג אלפנט",,IN,אורז בסמטי אלפנט 1קג,,1000.00,100 גרם,false,,12.90,0.0129,true,1,155305
7290003015634,false,ריצפז פרש 2 ליטר פסיפלורה,קריות זול,IL,ריצפז פרש פסיפלורה 2,ליטרים,2.00,ליטר,false,,21.90,10.9500,true,1,138390
7290003015641,false,ריצפז סנו פרש יסמין 2ל',קריות זול,IL,ריצפז פרש יסמין 2 לי,ליטרים,2.00,ליטר,false,,21.90,10.9500,true,1,138391
7290003026036,false,"ד""ר פישר - קמיל בלו סנסיטיב אל סבון עדין לתינוק 1 ליטר","ד""ר פישר Dr fischer",IL,קמיל בלו סנסיטיב אל,,1000.00,,false,,32.90,0.0329,true,1,158522
7290003026227,false,"ד""ר פישר - קמיל בלו סנסיטיב שמפו אלדמע 1 ליטר","ד""ר פישר Dr fischer",IL,קמיל בלו סנסיטיב שמפ,,1000.00,,false,,32.90,0.0329,true,1,158524
7290003026234,false,"ד""ר פישר - קמיל בלו תחליב לתינוק 500 מ""ל",פישר מעבדות פרמצבטיו,IL,קמיל בלו תחליב לתינו,,500.00,100 גרם,false,,29.90,0.0598,true,1,158525
7290003029181,false,משקה יטבתה שוקו' בקבוק 1ל מהדרין,מחלבת יטבתה,IL,שוקו 2% בבקבוק יטבתה,,1000.00,,false,,12.50,0.0125,true,1,151070
7290003029372,false,משקה חלב בננה בקבוק 1ל' יוטבתה,מחלבת יטבתה,IL,משקה חלב בטעם בננה י,,1000.00,,false,,12.50,0.0125,true,1,151074
7290003029389,false,"משקה חלב בננה פקק ספורט 250 מ""ל יוטבתה",שטראוס גרופ,IL,משקה חלב בננה יטבתה,,250.00,,false,,5.90,0.0236,true,1,151075
7290003029433,false,"משקה יטבתה שוקו פקק 250 מ""ל מהדרין",מחלבת יטבתה,IL,שוקו יטבתה 250מל,,250.00,,false,,5.90,0.0236,true,1,151078
7290003029532,false,מוקה בקבוק 1 ל' יוטבתה,מחלבת יטבתה,IL,משקה מוקה 2% יטבתה 1,,1000.00,,false,,12.50,0.0125,true,1,151080
7290003029792,false,"משקה יטבתה שוקו שקיות מהדרין מארז 225X8מ""ל",שטראוס גרופ,IL,שוקו 2% יטבתה 225x8,,1800.00,,false,,20.90,0.0116,true,1,151084
7290003029815,false,חלב יוטבתה מועשר 3% בכד 2ל',מחלבת יטבתה,IL,חלב מועשר 3% בכד יטב,,2000.00,,false,,16.70,0.0083,true,1,151085
7290003029907,false,משקה יטבתה אייס קפה 1ליטר,מחלבת יטבתה,IL,משקה חלב בטעם אייס ק,,1000.00,,false,,12.50,0.0125,true,1,151089
7290003054657,false,חרדל דיזון אקסטרה פורטה 370 גרם,מרום את קונפינו,FR,חרדל דיזון אקסטרא פו,,370.00,100 גרם,false,,12.90,0.0349,true,1,137808
7290003072972,false,קבנוס בתיבול שום 120 גר',טירת- צבי,IL,קבנוס בתיבול שום 120,,120.00,,false,,11.90,0.0992,true,1,233558
7290003102891,false,שקיות צליה הוסטס בקופסה 10יח',הוסטס,,שקיות צליה הוסטס 10י,,10.00,,false,,3.90,0.3900,true,1,150048
7290003126958,false,טופו גבינה גוש בואקום צוריאל 300 ג',א.י.ן תעשיות מזון בע,IL,טופו בואקום צוריאל 3,,300.00,,false,,12.60,0.0420,true,1,142185
7290003189045,false,בסיגנון גבינה הולנדי,,,הולנדית כפיר א.ח.נוכ,קילוגרמים,1.00,"ק""ג",true,,39.00,39.0000,true,1,133271
7290003189076,false,פיצרלה מגורדת אישית 500 גרם,,,כפיר פיצרלה מגורדת 5,,500.00,100 גרם,false,,18.90,0.0378,true,1,133282
7290003189168,false,בסיגנון גבינה מעושנת,,,מעושנת כפיר א.ח.נוכ,קילוגרמים,1.00,"ק""ג",true,,45.00,45.0000,true,1,237276
7290003189199,false,בסיגנון גבינה חריפה.,,,חריפה כפיר א.ח.נוכרי,קילוגרמים,1.00,"ק""ג",true,,39.00,39.0000,true,1,133273
7290003189205,false,כפיר הצהובה הטובה קל,,,כפיר הצהובה הטובה קל,,200.00,100 גרם,false,,12.90,0.0645,true,1,133283
7290003189267,false,צהובה הטובה קלאסית כ,,,כפיר הצהובה הטובה קל,,200.00,,false,,12.90,0.0645,true,1,133286
7290003189274,false,מעושנת בסיגנון גבינה,,,מעושנת כפיר א.ח.נוכ,קילוגרמים,1.00,"ק""ג",true,,45.00,45.0000,true,1,133275
7290003189380,false,בסיגנון גבינת שום שמ,,,צהובה עם שום שמיר כפ,קילוגרמים,1.00,"ק""ג",true,,39.00,39.0000,true,1,133278
7290003212965,false,עוגיות רוגלך הזהב במארז 400 גר',,,מובחרות שמרים 400 גר,,400.00,100 גרם,false,,12.90,0.0323,true,1,218891
7290003217014,false,תנעמי פיתות מיזרחיות 5*100גר,יוניליוור גרמניה Gm,IL,פיתות מיזרחיות 5*100,,500.00,,false,,5.90,0.0118,true,1,150610
7290003217052,false,פיתות כפריות קלות 5*100גר,יוניליוור גרמניה Gm,IL,פיתות כפריות קלות 5*,,500.00,100 גרם,false,,9.90,0.0198,true,1,150612
7290003224128,false,"כיסונים תפו""א 800 ג' מאמא מרי",מאמא מרי,,"כיסוני תפו""א 800גר",,800.00,,false,,18.90,0.0236,true,1,152866
7290003224135,false,כיסונים עם בשר 800 ג,מאמא מרי,,כיסונים בשר 800גר,,800.00,100 גרם,false,,23.90,0.0299,true,1,152867
7290003224159,false,בלינצ'יס בשר 7 יחידות,מאמא מרי,IL,בלינצס בשר מאמא מרי,,700.00,100 גרם,false,,21.90,0.0313,true,1,216364
7290003224272,false,"כיסונים בשר מוסקובסקי מאמא מרי 1 ק""ג",,,כיסונים בשר מוסקובסק,,1000.00,100 גרם,false,,31.90,0.0319,true,1,152872
7290003224463,false,"כיסונים בשר אוקראינסקי 1ק""ג",מאמא מרי,,כיסונים אוקרינסקי מא,,1000.00,100 גרם,false,,27.90,0.0279,true,1,181336
7290003224470,false,"כיסונים בשר 1ק""ג קייבסקי",מאמא מרי,IL,כיסונים בשר קייבסקי,,1000.00,100 גרם,false,,27.90,0.0279,true,1,181337
7290003224746,false,דומדמניות שחורות קפו,מאמא מרי,,דומדמניות שחורות קפו,,300.00,100 גרם,false,,13.90,0.0463,true,1,216368
7290003229123,false,פסטרמה על גחלים טירת צבי 400 ג',הנסיך- מפעל לייצור ט,IL,פסטרמה על גחלים טירת,,400.00,100 גרם,false,,27.90,0.0697,true,1,156066
7290003229154,false,סלמי קוניאק מובחר טירת צבי 300 ג',הנסיך- מפעל לייצור ט,IL,סלמי קוניאק טירת צבי,,300.00,,false,,27.90,0.0930,true,1,156068
7290003268030,false,חלה בפיקוח דגנית,,,חלה רגילה 500גר,,500.00,100 גרם,false,,6.26,0.0125,true,1,216203
7290003268245,false,חלה מתוקה המיוחדת של עינת 500ג' דגנית עין בר,מולינו ניקולי s.p.a,IL,*מבצע* חלה מתוקה ארו,יחידה,0.00,יחידה,false,,10.90,0.0000,true,1,130472
7290003268252,false,לחם חיטה מלא לילדים 750 ג' דגנית עין בר,יוניליוור גרמניה Gm,IL,*מבצע* לחם חיטה מלאה,,750.00,100 גרם,false,,13.90,0.0185,true,1,150616
7290003268429,false,לחם ירוק מקמח מלא 750 ג' דגנית עין בר,מולינו ניקולי s.p.a,IL,לחם חיטה מלאה ירוק 7,,750.00,100 גרם,false,,15.90,0.0212,true,1,150618
7290003268627,false,חלה מתוקה ברמן,,,חלה מתוקה ברמן,,500.00,100 גרם,false,,8.90,0.0178,true,1,216647
7290003268641,false,דגנית עין בר חלה מתוקה מיוחדת 500 גרם,מולינו ניקולי s.p.a,IL,חאלע חלה מתוקה מיוחד,יחידה,0.00,יחידה,false,,14.90,0.0000,true,1,210333
7290003268740,false,לחם אחיד 750 גרם,דגנית עין בר,,לחם אחיד שחור,,750.00,100 גרם,false,,6.96,0.0093,true,1,216204
7290003268764,false,חלה רגילה 500 גרם,מולינו ניקולי s.p.a,IL,חלה רגילה 500גר,,500.00,100 גרם,false,,6.26,0.0125,true,1,150631
7290003268795,false,לחמניה רגילה,דגנית עין בר,,לחמניה רגילה,,75.00,100 גרם,false,,1.90,0.0253,true,1,216206
7290003287253,false,נקנקיות מרגז בלאדי 500 ג',קרלו,IL,נקניקיות מרגז בלדי 5,,500.00,100 גרם,false,,29.90,0.0598,true,1,154073
7290003287260,false,נקניקיות צ'וריסוס ארוז קפוא בלדי 600 ג',,,נקניקיות צוריסוס הקצ,,600.00,100 גרם,false,,29.90,0.0498,true,1,154074
7290003287796,false,סינטה עגל,,,סינטה עגל,קילוגרמים,1.00,"ק""ג",true,,129.00,129.0000,true,1,234945
7290003318100,false,וופל בטעם שוקולד מנעמים 200 ג',מנעמים תעשיות מזון,IL,וופל טעם שוקו מנעמים,,200.00,,false,,4.90,0.0245,true,1,147282
7290003318131,false,ופל קלאסיק אגוז 200 גרם מנעמים,מנעמים תעשיות מזון,IL,וופל אגוז מנעמים 200,,200.00,,false,,4.90,0.0245,true,1,147283
7290003318155,false,וופל טעם לימון מנעמים 200 ג',מנעמים תעשיות מזון,IL,וופל טעם לימון מנעמי,,200.00,,false,,4.90,0.0245,true,1,147284
7290003318599,false,וופל וניל 200 גרם מנעמים,מנעמים תעשיות מזון,IL,וופל וניל מנעמים 200,,200.00,100 גרם,false,,4.90,0.0245,true,1,147285
7290003321155,false,יוגורט בר עם פקאן מצופה שוקולד 183 ג' דנונה,"שטראוס בריאות בע""מ",IL,דנונה בר פקאן 183גר,,183.00,100 גרם,false,,5.10,0.0279,true,1,151098
7290003332007,false,קפה נחלה סובחי 250גר,סובחי נחלה ובניו,,קפה נחלה סובחי 250גר,,250.00,100 גרם,false,,15.90,0.0636,true,1,217184
7290003332045,false,קפה נחלה אדום ללא הל 250ג',קפה אל נחלה,,קפה נחלה סובחי 250גר,,250.00,,false,,15.90,0.0636,true,1,217186
7290003385881,false,במיה ברוטב עגבניות 600 ג' פרי הגליל,"פרי הגליל בע""""מ",IL,במיה ברוטב עגבניות 5,,540.00,100 גרם,false,,7.90,0.0146,true,1,155642
7290003387205,false,דאו' ספיד סטיק בסיסי ירוק רגיל לגבר 63ג',הנסיך- מפעל לייצור ט,US,ספיד סטיק ירוק לגבר,,56.00,100 גרם,false,,19.90,0.3554,true,1,143057
7290003411054,false,שקיות צליה גדול דליקטס רוסטי הנמל 5יח`,סאדאת איסטנבול,TR,שקיות דליקטס גדול 5,יחידה,0.00,יחידה,false,,4.90,0.0000,true,1,148017
7290003411313,false,הנמל מפה מבד לא ארוג 180*120,שיווק: הנמל אריזות ו,IL,הנמל מפה מבד לא ארוג,,100.00,100 גרם,false,,7.90,0.0790,true,1,148025
7290003411948,false,צמר גפן הנמל 100 גרם,ספה,TR,צמר גפן הנמל 100גרם,,100.00,100 גרם,false,,4.90,0.0490,true,1,215951
7290003414406,false,הרשי ריזס נטיפי אפייה בוטנים 283 גר',,,נטיפי אפייה מקרם בוט,,283.00,100 גרם,false,,14.90,0.0527,true,1,148054
7290003438006,false,ממרח אולביה פסטו וצנובר איטלקי 190ג',מיוצר עי קונדיטוריית,IL,פסטו איטלקי אוליביה,,180.00,,false,,14.90,0.0828,true,1,149118
7290003438020,false,ממרח עגבניות מיובשות 190 ג' אוליביה,מיוצר עי קונדיטוריית,IL,ממרח עגבניות מיובשות,,190.00,,false,,14.90,0.0784,true,1,149120
7290003450602,false,חרדל אמיתי צהוב בקבוק לחיץ 255 גר,היינץ צפון אמריקה -,US,חרדל אמיתי צהוב בקבו,,255.00,100 גרם,false,,12.90,0.0506,true,1,137821
7290003470433,false,פרג 200 גרם סולימני,,,פרג 200 גרם סולימני,,200.00,100 גרם,false,,8.90,0.0445,true,1,232974
7290003514007,false,שקדי מרק מאסטר שף 40,מנה Mana,IL,שקדי מרק מאסטר שף 40,,400.00,100 גרם,false,,8.90,0.0223,true,1,143063
7290003521081,false,"ד""ר פישר - סרקל שמפו לילדים 1 ליטר","ד""ר פישר Dr fischer",IL,סרקל שמפו לילדים 1לי,,1000.00,,false,,29.90,0.0299,true,1,158528
7290003560202,false,רגליים עגל פרוס ארוז,,,רגליים עגל פרוס ארוז,קילוגרמים,1.00,"ק""ג",true,,39.90,39.9000,true,1,234040
7290003570164,false,מינוט בלדי שווארמה פרגית 300 ',"בלדי בע""מ",IL,שווארמה פרגית מינוט,,300.00,100 גרם,false,,29.90,0.0997,true,1,210847
7290003578177,false,תירס גמדי שלם ויליפוד 410 ג',מגסטיק פוד אידסטרי ק,TH,תירס גמדי ויליפוד 41,,410.00,100 גרם,false,,8.90,0.0217,true,1,137056
7290003578313,false,דובדבנים חמוצים ללא חרצנים 680גר,דל מונטה היילס אס.אי,HU,דובדבנים חמוצים ללא,,680.00,100 גרם,false,,10.90,0.0160,true,1,137060
7290003598311,false,מינוט סטייק חלק ריאה 300 ג',בלדי,IL,*מבצע* בלדי מינוט סט,,300.00,,false,,30.00,0.1000,true,1,208610
7290003598748,false,מקרל נורבגי שלם ארוז - הדייג,,,מקרל נורבגי שלם ארוז,קילוגרמים,1.00,"ק""ג",true,,21.90,21.9000,true,1,224259
7290003643004,false,"אורז בסמטי קלאסי 1 ק""ג סוגת",האי נאם סי או אל.טי.,IL,אורז בסמטי סוגת 1קג,,1000.00,100 גרם,false,,14.90,0.0149,true,1,148667
7290003643172,false,אבקת סוכר 100 ג' סוגת,א.ל ייצור ושיווק תבל,IL,אבקת סוכר סוגת 100 ג,,100.00,100 גרם,false,,2.20,0.0220,true,1,148673
7290003643714,false,חומוס סוגת 500 גרם,האי נאם סי או אל.טי.,IL,חומוס סוגת 500גר,,500.00,100 גרם,false,,8.90,0.0178,true,1,148685
7290003643738,false,סוגת חיטה 500 גרם,האי נאם סי או אל.טי.,IL,חיטה סוגת 500 גר,,500.00,,false,,6.90,0.0138,true,1,148686
7290003643745,false,סוגת כוסמת 500 גרם,האי נאם סי או אל.טי.,IL,כוסמת סוגת 500גר,,500.00,100 גרם,false,,8.90,0.0178,true,1,148687
7290003643752,false,עדשים ירוקים יבש סוגת 500 גר',האי נאם סי או אל.טי.,IL,עדשים ירוקים סוגת 50,,500.00,,false,,8.90,0.0178,true,1,148688
7290003643769,false,עדשים אדומים יבש סוגת 500 גר',"סוגת תעשיות בע""מ",IL,עדשים אדומים סוגת 50,,500.00,,false,,8.90,0.0178,true,1,148689
7290003643776,false,"פופקורן גרעינים סוגת 500 ג' כשל""פ",האי נאם סי או אל.טי.,IL,פופקורן סוגת 500 גר,,500.00,100 גרם,false,,6.90,0.0138,true,1,148690
7290003643783,false,קוקוס סוגת 100 גרם,האי נאם סי או אל.טי.,IL,קוקוס סוגת 100 גר,,100.00,100 גרם,false,,4.90,0.0490,true,1,148691
7290003643806,false,שעועית לבנה יבשה סוגת 500 ג',האי נאם סי או אל.טי.,IL,שעועית לבנה סוגת 500,,500.00,100 גרם,false,,10.90,0.0218,true,1,148693
7290003643813,false,שעועית אדומה יבשה סוגת 500 גר',האי נאם סי או אל.טי.,IL,שעועית אדומה סוגת 50,,500.00,,false,,10.90,0.0218,true,1,148694
7290003643820,false,חומוס ענק יבש סוגת 500 גרם,Unknown,,חומוס ענק סוגת 500גר,,500.00,100 גרם,false,,12.90,0.0258,true,1,148695
7290003681303,false,שעועית מעורבת יבשה מיה 500 גר',מיה,IL,שעועית מעורבת 500גר,,500.00,100 גרם,false,,8.90,0.0178,true,1,157011
7290003681334,false,קוקוס טחון 400 גרם ב,מיה,IL,קוקוס מיה 400גרם,,400.00,100 גרם,false,,11.90,0.0298,true,1,157012
7290003681532,false,דובדבנים מסוכרים 80 גר' מיה,מיה תעשיות מזון,IL,דובדבנים מסוכרים 80,,80.00,100 גרם,false,,7.90,0.0988,true,1,157014
7290003681693,false,חומוס לבן ענק יבש מיה 500 גר',מיה,IL,חומוס לבן ענק 500גר,,500.00,100 גרם,false,,10.90,0.0218,true,1,157015
7290003719259,false,לחם ליבו אקסלוסיבי 1 ק'ג,מאפית י את א ברמן בע,IL,לחם טיבעי ליבו 1קג,,1000.00,100 גרם,false,,16.90,0.0169,true,1,154576
7290003726592,false,טופו מתובל בפסטו במרקם קלאסי,משק וואיילר,IL,טופו ויילר בטעם פסטו,,300.00,100 גרם,false,,12.90,0.0430,true,1,214105
7290003726615,false,טופו הבית משק ויילר,הדקלאים אגודת שיתופי,IL,טופו ויילר 300גר,,300.00,,false,,12.90,0.0430,true,1,214106
7290003796748,false,לשון מוכשר קפוא,,,לשון מוכשר קפוא,קילוגרמים,1.00,"ק""ג",true,,39.90,39.9000,true,1,231898
7290003796793,false,בשר ראש מוכשר קפוא,,,בשר ראש מוכשר קפוא,קילוגרמים,1.00,"ק""ג",true,,59.90,59.9000,true,1,232657
7290003804252,false,תיבולית בנוסח הודי 72 ג' קנור,יוניליוור ישראל מזון,IL,תיבולית הודי קנור 72,,72.00,,false,,10.90,0.1514,true,1,140468
7290003804320,false,תיבולית שום ופטרוזיליה 72 ג' קנור,יוניליוור ישראל מזון,IL,תיבולית קנור שום פטר,,72.00,,false,,10.90,0.1514,true,1,140469
7290003804368,false,"תיבולית בזיליקום בד""ץ 72 ג' קנור",יוניליוור ישראל מזון,IL,תיבולית קנור בזיליקו,,72.00,100 גרם,false,,10.90,0.1514,true,1,140472
7290003804382,false,"תיבולית פטריות בד""ץ 72 ג' קנור",יוניליוור ישראל מזון,IL,תיבולית קנור פטריות,,72.00,100 גרם,false,,10.90,0.1514,true,1,140474
7290003807178,false,"רוטב סויה בסגנון סיני 300 מ""ל קנור",אתר חיפה 778,IL,רוטב סויה בסגנון סינ,,300.00,,false,,14.90,0.0497,true,1,140575
7290003882922,false,עלי גפן ממולאים באורז ויליפוד 400ג',הזה פלאקספו פוד קו ב,CN,עלי גפן ממולא 400 גר,,400.00,100 גרם,false,,9.90,0.0248,true,1,137085
7290003956012,false,פטאקי 16% שומרון,מחלבת השומרון בעמ,IL,פטאקי 16% שומרון,קילוגרמים,1.00,"ק""ג",true,,39.00,39.0000,true,1,133317
7290003976607,false,גל אקונומיקה סמיכה לבנדר טאצ' לבנדר 4 ל',סאסאטק,IL,אקונומיקה סמיכה טאצ',ליטרים,4000.00,ליטר,false,,10.90,0.0027,true,1,231843
7290003976775,false,מסיר כתמים אוקסי פאואר לכביסה צבעונית טאצ 3 ליטר,,,טאצ' מסיר כתמים אוקס,ליטרים,3000.00,ליטר,false,,14.90,0.0050,true,1,231847
7290003976782,false,מסיר כתמים אוקסי פאואר לכביסה לבנה 3 ל' טאצ',,,טאצ' מסיר כתמים אוקס,ליטרים,3000.00,ליטר,false,,14.90,0.0050,true,1,231846
7290003989096,false,סלט חציל פיקנטי אחלה,מיוצר עי קונדיטוריית,IL,חציל פיקנטי אחלה 500,,500.00,100 גרם,false,,16.90,0.0338,true,1,151106
7290003989539,false,לורנצו רביולי במילוי גבינה,מיוצר עי קונדיטוריית,IL,רביולי גבינה שטראוס,,400.00,100 גרם,false,,21.90,0.0547,true,1,151107
7290004033705,false,הבורגריה – 6 לחמניות המבורגר בשקית,מאפית י את א ברמן בע,IL,לחמניות המבורגר ביג,,600.00,,false,,14.90,0.0248,true,1,235020
7290004033712,false,לחם עננים מקמח מלא עם פרוסות עבות,מאפית י את א ברמן בע,IL,לחם עננים מקמח מלא 7,,750.00,,false,,15.90,0.0212,true,1,235018
7290004033729,false,לחם עננים מקמח כוסמין עם פרוסות עבות,מאפית י את א ברמן בע,IL,לחם עננים כוסמין 750,,750.00,100 גרם,false,,15.90,0.0212,true,1,235019
7290004033736,false,"עננים לחם לבן בסגנון בריוש עם פרוסות עבות, 500 גרם",מאפית י את א ברמן בע,IL,לחם עננים סגנון בריו,,500.00,100 גרם,false,,15.90,0.0318,true,1,236389
7290004043205,false,אמ&אמס אריזה בינונית,מרס,,אמ&אמס אריזה בינונית,,93.00,100 גרם,false,,6.90,0.0742,true,1,209465
7290004061449,false,שף העוף שניצל אמרקאי 700 גר,,,שניצל אמרקאי 700גר,,700.00,,false,,11.90,0.0170,true,1,130879
7290004061463,false,שניצל עוף אמיתי שומש,,,שניצל עוף אמיתי שומש,,700.00,100 גרם,false,,28.90,0.0413,true,1,214734
7290004061487,false,טבעות עוף 700 גר,,,טבעות עוף 700גר,,700.00,100 גרם,false,,15.90,0.0227,true,1,130882
7290004061494,false,נגיסי עוף 700 גר,,,נגיסי עוף 700גר,,700.00,,false,,15.90,0.0227,true,1,130883
7290004063016,false,מלח שולחן מעולה דק 1,האי נאם סי או אל.טי.,IL,מלח שולחן 1קג,,1000.00,,false,,1.90,0.0019,true,1,160383
7290004063092,false,מלח קריסטלי למדיח כל,,,קריסטל מלח מדיח 2קג,קילוגרמים,2.00,"ק""ג",false,,14.90,7.4500,true,1,147298
7290004063115,false,"מלח מטבח עבה להמלחת בשר ובישול 1 ק""ג 1ק""ג",האי נאם סי או אל.טי.,IL,מלח למליחות בשר וביש,,1000.00,,false,,1.90,0.0019,true,1,160384
7290004064280,false,מלח מופחת נתרן צנצנת 600 גרם,חברת מלח הארץ אילת ב,IL,מלח מופחת נתרן צנצנת,,600.00,100 גרם,false,,18.90,0.0315,true,1,231800
7290004064297,false,"מלח מועשר ביוד בצנצנת 1 ק""ג",מלח הארץ,IL,מלח מועשר ביוד 1 קג,,1.00,,false,,10.90,10.9000,true,1,231801
7290004064389,false,מלח הימלאיה דק מלחייה 250 ג',,,מלח הימלאיה דק מלחיי,,250.00,100 גרם,false,,9.90,0.0396,true,1,234189
7290004068028,false,"ציזיקי יוגורט לשתיה גד 500 מ""ל",מיוצר על ידי קוד יצר,IL,משקה יוגורט צזיקי 3.,,500.00,,false,,9.90,0.0198,true,1,130987
7290004068172,false,יוגורט עזים בדלי 5% שומן 600 ג' גד,קוד יצרן MKN,IL,יוגורט עיזים דלי 5%,,600.00,100 גרם,false,,18.70,0.0312,true,1,130990
7290004068332,false,גבינת קממבר בקר משול,מחלבות גד,IL,*מבצע* קממבר 25% מחל,קילוגרמים,1.00,"ק""ג",true,,120.00,120.0000,true,1,214743
7290004068424,false,גבינה גאודה משולשים,מחלבות גד,IL,גאודה בקר30% מחלבות,קילוגרמים,1.00,"ק""ג",true,,119.00,119.0000,true,1,214744
7290004078270,false,נוזל כלים פלמוליב צילינדר לימון 1 ליטר,יבואן ומשווק: ש. שסט,GR,פלמוליב לכלים לימון,,1000.00,,false,,14.90,0.0149,true,1,143097
7290004078690,false,"אגקס נוזל לניקוי אסלות מרענן 750 מ""ל",הנסיך- מפעל לייצור ט,FR,אגקס נוזל לניקוי אסל,,750.00,,false,,15.90,0.0212,true,1,143101
7290004078942,false,ליידי ספיד סטיק - דאודורנט ג'ל לאישה 65 גרם,קולגייט פלמוליב,BY,ליידי ספיד סטיק 24/7,,65.00,100 גרם,false,,19.90,0.3062,true,1,143106
7290004119133,false,כד יוגורט תנובה 6.5% שומן 1.5 ליטר,מיוצר עי קונדיטוריית,IL,יוגורט 7% תנובה 1.5,,1500.00,100 גרם,false,,18.90,0.0126,true,1,146139
7290004119225,false,יוגורט אננס 3% שומן 150 ג' יופלה,תנובה מרכז שיתופי לש,IL,יופלה אננס 3% 150גר,,150.00,100 גרם,false,,5.20,0.0347,true,1,146140
7290004119928,false,מעדן וניל גביע 1.5% שומן 125 ג' קרלו,מחלבת אלון תבור,IL,קרלו וניל 1.5% 125גר,,125.00,100 גרם,false,,3.10,0.0248,true,1,146144
7290004119973,false,מעדן שוקו 1.5% שומן 125 ג' קרלו,תנובה מרכז שיתופי לש,IL,קרלו שוקולדה 1.5% 12,,125.00,,false,,3.10,0.0248,true,1,146145
7290004120108,false,יופלה דיאט יוגורט דובדבן %0 גביע 150ג',תנובה מרכז שיתופי לש,IL,יופלה דיאט דובדבן 0%,,150.00,100 גרם,false,,5.20,0.0347,true,1,146147
7290004120566,false,גבינה בולגרית 24% 250 ג' פיראוס,קריות זול,IL,בולגרית 24% פיראוס,,250.00,100 גרם,false,,24.90,0.0996,true,1,146155
7290004120573,false,גבינה בולגרית %16 250 ג' פיראוס,תנובה מרכז שיתופי לש,IL,בולגרית בקר 16% פירא,,250.00,100 גרם,false,,24.90,0.0996,true,1,146156
7290004120634,false,גבינה בולגרית %5 250 ג' פיראוס,תנובה מרכז שיתופי לש,IL,פיראוס בולגרית 5% 25,,250.00,,false,,24.90,0.0996,true,1,146157
7290004120832,false,חלב תנובה טרי 3% מהדרין כד 2 ל',תנובה מרכז שיתופי לש,IL,חלב 3% מהדרין תנובה,,2000.00,100 גרם,false,,12.46,0.0062,true,1,146160
7290004121488,false,יופלה דיאט אפרסק 0% גביע 150 ג',תנובה מרכז שיתופי לש,IL,יופלה דיאט אפרסק 0%,,150.00,100 גרם,false,,5.20,0.0347,true,1,146168
7290004121525,false,יופלה מאגדת פרי 4 תות 4 אפרסק 3% 8 יח'*150 ג',תנובה מרכז שיתופי לש,IL,יופלה אפרסק תות 3% 8,,1200.00,,false,,31.50,0.0263,true,1,146170
7290004121754,false,יוגורט עוגת גבינה ותות 3% שומן 150 ג' יופלה,תנובה בעמ,IL,יופלה קרם גבינה ותות,,150.00,100 גרם,false,,5.20,0.0347,true,1,146176
7290004121853,false,גבינה בולגרית בקוביות %5 200 ג' פיראוס,תנובה מרכז שיתופי לש,IL,פיראוס קוביות בולגרי,,200.00,100 גרם,false,,22.50,0.1125,true,1,146179
7290004122119,false,פתיתי פרמזן לפסטה %23 100 ג' השף הלבן,פ.פ.ח. שאביט,IL,פתיתי פרמזן לפסטה 10,,100.00,100 גרם,false,,13.90,0.1390,true,1,146184
7290004122195,false,"גבינת גוש חלב פרוס 28%, כשרות מהדרין, 200 ג'",קריות זול,IL,גבינה גוש חלב פרוס 2,,200.00,100 גרם,false,,14.90,0.0745,true,1,146185
7290004122270,false,גבינה צהובה פרוס בקופסא %28 200 ג' עמק,תנובה מרכז שיתופי לש,IL,גבינה צהובה עמק 28%,,200.00,,false,,17.50,0.0875,true,1,146186
7290004122348,false,עמק לייט 9% פרוס בקופסא,תנובה מרכז שיתופי לש,IL,גבינה צהובה מופחתת ש,,200.00,,false,,18.70,0.0935,true,1,146188
7290004122607,false,עמק לייט חריץ 9% תנו,תנובה מרכז שיתופי לש,,עמק לייט חריץ 9% תנו,קילוגרמים,1.00,"ק""ג",true,,76.00,76.0000,true,1,145622
7290004122676,false,גבינת חמד לייט 5% פיראוס 250 ג',"תנובה,מחלבת טנא נוגה",IL,פיראוס חמד 5% 250 גר,,250.00,,false,,18.90,0.0756,true,1,146193
7290004122683,false,חטיף גבינת אצבעות 28% 172 ג' עמק,תנובה מרכז שיתופי לש,IL,אצבעות גבינה צהובה ע,,172.00,,false,,17.90,0.1041,true,1,146194
7290004124205,false,יוגורט דיאט תות %0 שומן 150 ג' יופלה,תנובה מרכז שיתופי לש,IL,יופלה דיאט תות 0% 15,,150.00,100 גרם,false,,5.20,0.0347,true,1,146215
7290004124847,false,"קצפת צמחית השף הלבן 500 מ""ל תנובה",תנובה מרכז שיתופי לש,IL,קצפת צמחית 24% 500מל,,500.00,,false,,16.70,0.0334,true,1,146220
7290004125370,false,שמנת חמוצה מופחתת שומן 9%,תנובה מרכז שיתופי לש,IL,שמנת קלה 9% 200מל תנ,,200.00,,false,,4.00,0.0200,true,1,146224
7290004125400,false,"שלי אשל 4.5% תנובה 200מ""ל מהדרין",פארייפאבה אגרואינדוס,IL,אשל 4.5% מהדרין תנוב,,200.00,,false,,1.69,0.0084,true,1,146225
7290004125417,false,"שלי גיל 3% תנובה 200מ""ל מהדרין",תנובה מרכז שיתופי לש,IL,גיל 3% מהדרין תנובה,,200.00,,false,,1.51,0.0076,true,1,146226
7290004125455,false,**תנובה שמנת אורגינל מהדרין 15% 200מל,תנובה מרכז שיתופי לש,IL,שמנת חמוצה 15% מהדרי,,200.00,,false,,2.40,0.0120,true,1,146227
7290004125462,false,"שמנת אורגינל 15% מהדרין 500 מ""ל",תנובה מרכז שיתופי לש,IL,שמנת חמוצה 15% מהדרי,,500.00,100 גרם,false,,6.00,0.0120,true,1,146228
7290004125509,false,"שמנת 15% חצי מנה 100 מ""ל תנובה",תנובה מרכז שיתופי לש,IL,שמנת חצי מנה 15% תנו,,100.00,100 גרם,false,,2.10,0.0210,true,1,146229
7290004125578,false,משקה סויה מעושר בסידן תנובה 1ל',תנובה מרכז שיתופי לש,IL,משקה סויה מועשר בסיד,,1000.00,,false,,10.90,0.0109,true,1,146230
7290004125585,false,משקה סויה וניל תנובה E אלטרנטיב,תנובה מרכז שיתופי לש,IL,משקה סויה על הבוקר ת,,1000.00,,false,,11.90,0.0119,true,1,146231
7290004125721,false,"שמנת לבישול 15% שומן 250 מ""ל תנובה",תנובה מרכז שיתופי לש,IL,שמנת לבישול 15% 250מ,,250.00,,false,,9.30,0.0372,true,1,146234
7290004125738,false,שמנת מתוקה עמידה להקצפה 32% השף הלבן,תנובה מרכז שיתופי לש,IL,שמנת להקצפה 32% 250מ,,250.00,,false,,7.20,0.0288,true,1,146235
7290004125776,false,גבינה צהובה 28% שומן 400 ג' עמק,קריות זול,IL,גבינה צהובה עמק 28%,,400.00,,false,,31.90,0.0797,true,1,146237
7290004126674,false,פרוסות גבינה חצי קשה 9% שומן 200 ג' עמק,תנובה מרכז שיתופי לש,IL,טל העמק לייט 9% 200,,200.00,,false,,20.50,0.1025,true,1,146242
7290004126759,false,יופלה דיאט פירות יער %0 גביע 150 ג',תנובה בעמ,IL,יופלה דיאט פירות יער,,150.00,100 גרם,false,,5.20,0.0347,true,1,146244
7290004126872,false,משקאות חלב תנובה שוקו בקבוק 250מל,קריות זול,IL,שוקו תנובה בקבוק 250,,250.00,,false,,5.90,0.0236,true,1,146245
7290004127077,false,קוטג' 3% שומן 250 ג' תנובה,מיוצר עי קונדיטוריית,IL,גבינת קוטג׳ 3% תנובה,,250.00,,false,,5.90,0.0236,true,1,146246
7290004127329,false,קוטג' 5% תנובה 250ג' מהדרין,מיוצר עי קונדיטוריית,IL,גבינת קוטג׳ 5% תנובה,,250.00,,false,,5.90,0.0236,true,1,146248
7290004127336,false,קוטג' 9% תנובה 250 ג' הדרין,מיוצר עי קונדיטוריית,IL,גבינת קוטג׳ 9% תנובה,,250.00,,false,,5.90,0.0236,true,1,146249
7290004127800,false,גבינה לבנה 5% שומן 500 ג' תנובה,מיוצר עי קונדיטוריית,IL,גבינה לבנה 5% תנובה,,500.00,,false,,9.96,0.0199,true,1,146253
7290004127817,false,גבינה לבנה 9% שומן 500 ג' תנובה,מיוצר עי קונדיטוריית,IL,גבינה לבנה 9% תנובה,,500.00,100 גרם,false,,10.40,0.0208,true,1,146254
7290004127862,false,**תנובה גבינה למריחה מהדרין 5% 750ג,תנובה מרכז שיתופי לש,IL,גבינה לבנה 5% תנובה,,750.00,,false,,14.94,0.0199,true,1,146255
7290004128333,false,לאבנה על בסיס יוגורט %9 שומן 500 ג' פיראוס,קריות זול,IL,לאבנה גביע %9 500גר,,500.00,100 גרם,false,,20.90,0.0418,true,1,146267
7290004128340,false,קרם גבינת שמנת %5 בטעם טבעי 200 ג' תנובה,קריות זול,IL,גבינת שמנת בטעם טבעי,,200.00,100 גרם,false,,12.00,0.0600,true,1,146268
7290004128364,false,קרם גבינת שמנת 5% עם זיתים ירוקים 200 ג' תנובה,"תנובה, מחלבת תל יוסף",IL,גבינת שמנת בטעם זיתי,,200.00,100 גרם,false,,12.00,0.0600,true,1,146269
7290004129101,false,גבינת שמנת 25% בטעם טבעי 225 ג' נפוליאון,תנובה מרכז שיתופי לש,IL,גבינת נפוליאון בטעם,,225.00,100 גרם,false,,14.50,0.0644,true,1,146275
7290004129118,false,גבינת שמנת 24% עם זיתים ירוקים 225 ג' נפוליאון,תנובה מרכז שיתופי לש,IL,גבינת נפוליאון בטעם,,225.00,100 גרם,false,,14.50,0.0644,true,1,146276
7290004129156,false,גבינת שמנת25% עם שום שמיר 225 ג' נפוליאון,תנובה מרכז שיתופי לש,IL,גבינת נפוליאון שום ש,,225.00,100 גרם,false,,14.50,0.0644,true,1,146277
7290004129736,false,יוגורט במתיקות מעודנת 1.5% שומן 200 ג' יופלה,תנובה מרכז שיתופי לש,IL,יופלה קרם יוגרט מעוד,,200.00,100 גרם,false,,4.70,0.0235,true,1,146285
7290004129767,false,יופלה לבן טבעי מאגדת 3% 8*150מל,מחלבת אלון תבור,IL,יופלה לבן מאגדת שמינ,,1200.00,100 גרם,false,,18.90,0.0157,true,1,146287
7290004130794,false,משקה סויה טבעי במתיקות מופחתת 1 ליטר,תנובה מרכז שיתופי לש,IL,משקה סויה מועשר 1 לי,,1000.00,,false,,11.90,0.0119,true,1,146293
7290004130916,false,יוגורט 3% פירות יער בשמנת 150 ג' יופלה,תנובה מרכז שיתופי לש,IL,יופלה בטעם פירות יער,,150.00,100 גרם,false,,5.20,0.0347,true,1,146295
7290004131074,false,**חלב תנובה טרי מהדרין קרטון 3% 1ל,תנובה מרכז שיתופי לש,IL,חלב 3% מהדרין תנובה,,1000.00,100 גרם,false,,6.23,0.0062,true,1,146298
7290004131456,false,יוגורט ביו 1.5% שומן 200 ג' יופלה,מיוצר עי קונדיטוריית,IL,יופלה לבן 1.5% 200מל,,200.00,,false,,4.20,0.0210,true,1,146304
7290004131814,false,גבינה צפתית 5% מעודנת 200 ג' פיראוס,פארייפאבה אגרואינדוס,IL,פיראוס צפתית 5% מעוד,,200.00,,false,,15.90,0.0795,true,1,146317
7290004131845,false,גבינת לאבנה 9% שומן 750 ג' פיראוס,תנובה מרכז שיתופי לש,IL,לאבנה גביע 9% 750גר,,750.00,,false,,24.50,0.0327,true,1,146318
7290004132552,false,משקה סויה לייט בטעם טבעי טרי 1 ליטר,תנובה מרכז שיתופי לש,IL,משקה סויה דיאט וניל,,1000.00,,false,,11.90,0.0119,true,1,146327
7290004132712,false,חטיף אצבעות גבינת מוצרלה 20% 172 ג' עמק,תנובה מרכז שיתופי לש,IL,אצבעות גבינת מוצרלה,,172.00,,false,,17.90,0.1041,true,1,146332
7290004135225,false,מעדן תנובה דיאט שוקולדה 0% 150מל,תנובה מרכז שיתופי לש,IL,מעדן תנובה דיאט שוקו,,150.00,,false,,4.30,0.0287,true,1,146386
7290004135614,false,גבינה בולגרית מעודנת 5% 250 ג' פיראוס,קריות זול,IL,פיראוס בולגרית מעודנ,,250.00,100 גרם,false,,24.90,0.0996,true,1,146399
7290004136857,false,מעדן גלי בטעם פטל 12,תנובה מרכז שיתופי לש,IL,ג'לי תנובה פטל 125גר,,125.00,100 גרם,false,,2.60,0.0208,true,1,146436
7290004136864,false,ג'לי תנובה אננס עם חתיכות אננס 125מל,קריות זול,IL,ג'לי תנובה אננס עם ח,,125.00,100 גרם,false,,3.00,0.0240,true,1,146437
7290004136871,false,ג'לי תנובה אפרסק עם חתיכות אפרסק 125מל,תנובה מרכז שיתופי לש,IL,ג'לי תנובה אפרסק עם,,125.00,100 גרם,false,,3.00,0.0240,true,1,146438
7290004137311,false,עמק לייט משפחתית 9% 400ג-ועדת מהדרין,תנובה,IL,גבינה צהובה עמק ליי,,400.00,,false,,31.90,0.0797,true,1,146455
7290004137809,false,לאבנה 5% שומן 250 ג' פיראוס,"תנובה, מחלבת אלון תב",IL,לאבנה 5% 250גר פיראו,,250.00,100 גרם,false,,13.50,0.0540,true,1,146467
7290004150174,false,קולסלאו 300 גרם פיקנטי פרימיום,,,קולסלאו 300 גר פיקנט,,300.00,100 גרם,false,,14.90,0.0497,true,1,239475
7290004199203,false,קיסמ' שיניים מבמבוק מלחיה 300 יח',הדקלאים אגודת שיתופי,CN,קיסמי שיניים מבמבוק,,300.00,,false,,3.90,0.0130,true,1,150063
7290004199241,false,נרות חימום חסידים 50יח',חסידים,,להבונים 50יח בשקית,,50.00,,false,,9.90,0.1980,true,1,150065
7290004200077,false,שקית פרסים 2,,,שקית פרסים 2,יחידה,0.00,יחידה,false,,7.90,0.0000,true,1,143836
7290004219819,false,קומפלטה מלבין קפה הולנדי 200ג,פריזלנד פודס קיוויט,NL,מלבין קפה קומפלטה 20,,200.00,100 גרם,false,,12.90,0.0645,true,1,137089
7290004239893,false,דנוור סטייק,,,דנוור סטייק,קילוגרמים,1.00,"ק""ג",true,,99.00,99.0000,true,1,235488
7290004255008,false,בית חנוכייה מפואר,מנורה,,בית חנוכה קטן,יחידה,0.00,יחידה,false,,59.90,0.0000,true,1,236372
7290004255305,false,נר נשמה שבועי בפלסטיק,,,נר נשמה בכוס פלסטיק,יחידה,0.00,יחידה,false,,9.90,0.0000,true,1,235487
7290004255428,false,נר נשמה 24 שעות - מנורה,מנורה,IL,נר נשמה מנורה פחית 2,יחידה,0.00,יחידה,false,,1.90,0.0000,true,1,230364
7290004255824,false,פתיל צף מתומן 50 יח,,,פתיל צף מתומן 50 יח,,50.00,,false,,2.90,0.0580,true,1,231429
7290004257217,false,מגן פמוט 50 יח' בקופסא מנורה,,,מגן פמוט 50 יח בקופס,יחידה,0.00,יחידה,false,,8.90,0.0000,true,1,218637
7290004267216,false,עוגיות ברמן ריבה בשקית 200 גר',,,עוגיות ריבה ברמן 200,,200.00,100 גרם,false,,6.90,0.0345,true,1,218408
7290004267636,false,עוגיות ברמן לקפה 600 גר',,,עוגיות לקפה ברמן 600,,600.00,100 גרם,false,,15.90,0.0265,true,1,218413
7290004267759,false,עוגיות מפנקות קרם שוקולד 180 ברמן,,,עוגיות מפנקות במילוי,,180.00,100 גרם,false,,6.90,0.0383,true,1,218414
7290004456283,false,אנטריקוט עגל פריים,,,אנטריקוט עגל פריים,קילוגרמים,1.00,"ק""ג",true,,149.00,149.0000,true,1,234946
7290004480332,false,גבינה גאודה קשה מחלב,מחלבות גד,IL,גאודה בקר30% מחלבות,קילוגרמים,1.00,"ק""ג",true,,119.00,119.0000,true,1,237474
7290004480363,false,"קאשקבל גלגל גד לק""ג",מחלבת גד,IL,*מבצע* קאשקבל מחלבות,קילוגרמים,1.00,"ק""ג",true,,125.00,125.0000,true,1,237478
7290004492762,false,נשנושים תירס ב.בייגל 325 ג',יוניליוור,IL,נשנושים תירס 325גר,,325.00,100 גרם,false,,13.90,0.0428,true,1,140621
7290004554903,false,"גלידת פנטזיה שוקו וניל 900 מ""ל שטראוס","גלידת שטראוס בע""מ, ר",IL,פנטזיה שוקו וניל פרו,,900.00,,false,,21.90,0.0243,true,1,144614
7290004575069,false,גלידה מיניס חטיפים וניל ציפוי שוקו' ופצפוצי נ.חיטה ריאו מארז 32יח',"גלידות ריאו ביח""ר לג",IL,חטיפי גלידה מיניס בט,,700.00,100 גרם,false,,34.90,0.0499,true,1,153642
7290004575632,false,קרמבו ריאו בטעם וניל 16יח',"גלידות ריאו ביח""ר לג",IL,קרמבו ריאו 16יח,יחידה,0.00,יחידה,false,,22.90,0.0000,true,1,153666
7290004584306,false,רבעיית גמדים בטעם תות בננה * 100 ג' שטראוס,מיוצר עי קונדיטוריית,IL,גמדים תות בננה 5% מא,,400.00,100 גרם,false,,12.30,0.0308,true,1,151119
7290004584351,false,גבינה במרקם שמנת 5% טבעי 200 ג' סימפוניה,"שטראוס בריאות בע""מ",IL,סימפוניה במרקם שמנת,,200.00,100 גרם,false,,11.90,0.0595,true,1,151120
7290004584528,false,דנונה ביו יוגורט טבעי 1.5% 200 ג',מיוצר עי קונדיטוריית,IL,דנונה ביו 1.5% 200גר,,200.00,100 גרם,false,,3.90,0.0195,true,1,151121
7290004585907,false,דני ועדן וניל 1.5% 125ג' שטראוס,מיוצר עי קונדיטוריית,IL,דני וניל 125 גר,,125.00,100 גרם,false,,2.70,0.0216,true,1,151124
7290004586171,false,תירוש אדום 650מל כרמ,,,תירוש אדום 650מל כרמ,,650.00,100 גרם,false,,13.90,0.0214,true,1,229318
7290004658953,false,יין פרייבט קולקשן סו,"כד בני דרום בע""מ",IL,יין סובניון בלאן לבן,,750.00,,false,,39.90,0.0532,true,1,130649
7290004685010,false,לחם 100% שיפון פלוס לחם הארץ 500 גר',מאפית י את א ברמן בע,IL,לחם הארץ שיפון פלוס,,500.00,,false,,16.90,0.0338,true,1,154578
7290004685089,false,לחם הארץ לחם חמניות 500 גר',מאפית י את א ברמן בע,IL,לחם הארץ חמניות 500ג,,500.00,100 גרם,false,,16.90,0.0338,true,1,154582
7290004685157,false,לחם שיפון 100% 750 גרם לחם הארץ,מאפית י את א ברמן בע,IL,לחם הארץ שיפון 100%,,750.00,100 גרם,false,,16.90,0.0225,true,1,154588
7290004685195,false,לחם 10 דגנים לחם הארץ 750 גרם,מאפית י את א ברמן בע,IL,לחם הארץ 10 דגנים 75,,750.00,,false,,16.90,0.0225,true,1,154590
7290004685225,false,לחם פומפרניקל לחם הארץ 750 גרם,מאפית י את א ברמן בע,IL,לחם הארץ פומפרניקל 7,,750.00,,false,,16.90,0.0225,true,1,154593
7290004685430,false,לחם כוסמין לחם הארץ,מאפית י את א ברמן בע,IL,לחם הארץ כוסמין 100%,,500.00,100 גרם,false,,16.90,0.0338,true,1,206913
7290004685447,false,לחמניות כוסמין 6 יחי' 450 גר',מאפית י את א ברמן בע,IL,לחמניות כוסמין 6יח ש,,450.00,,false,,13.50,0.0300,true,1,223368
7290004685454,false,לחם שיבולת שועל 500 גר'.,מאפית י את א ברמן בע,IL,לחם הארץ שיבולת שועל,,500.00,100 גרם,false,,16.50,0.0330,true,1,231834
7290004731076,false,אל סבון אלוורה כיף 1 ל',טרופיקל דגיל תעשיות,IL,כיף אל סבון אלוורה 1,,1000.00,,false,,13.90,0.0139,true,1,220319
7290004731083,false,כיף - סבון ידיים ג'ינסנג 1 ליטר,טרופיקל דגיל תעשיות,IL,כיף אלסבון ג'נסנג 1ל,,1000.00,100 גרם,false,,13.90,0.0139,true,1,138424
7290004731472,false,"אל סבון צבעוני כיף שלישיה* 500 מ""ל",טרופיקל דגיל תעשיות,IL,כיף אל סבון שלישיה צ,,1500.00,,false,,21.90,0.0146,true,1,138438
7290004731519,false,"מרכך ומבשם מקסימה למייבש אולטרה פרש 750 מ""ל סנו",קריות זול,IL,סנו מקסימה למייבש סנ,,750.00,,false,,19.90,0.0265,true,1,138440
7290004731557,false,"סנו מקסימה למייבש מאסק 750 מ""ל",סנו,IL,סנו מקסימה למייבש מא,,750.00,100 גרם,false,,19.90,0.0265,true,1,138442
7290004737900,false,וילי פוד חלב מרוכז ממותק397ג,יו.איי.בי מאריג'אמפו,LT,חלב מרוכז ממותק 397,,397.00,100 גרם,false,,11.90,0.0300,true,1,137097
7290004861025,false,בולגרית מעודנת 5%,מחלבת המושבה,IL,בולגרית 5% המושבה,קילוגרמים,1.00,"ק""ג",true,,52.00,52.0000,true,1,219365
7290004861063,false,גבינת קש 9% המושבה,מחלבת המושבה,IL,גבינת קש 9% המושבה,קילוגרמים,1.00,"ק""ג",true,,44.00,44.0000,true,1,209427
7290004861278,false,שמנת 30% טבעי המושבה,,,שמנת 30% טבעי המושבה,קילוגרמים,1.00,"ק""ג",true,,44.00,44.0000,true,1,153070
7290004861360,false,צפתית 5% המושבה,,,צפתית 5% המושבה,קילוגרמים,1.00,"ק""ג",true,,49.00,49.0000,true,1,216434
7290004872250,false,שלגון שרבט אבטיח נסטלה 108'ג,נגה גלידות (גלידות נ,IL,שלגון אבטיח שרבט,יחידה,0.00,יחידה,false,,7.90,0.0000,true,1,215464
7290004944032,false,חומוס שמיר אסלי 400 גר,סלטי שמיר 2006 בעמ,IL,חומוס אסלי 400 גרם,,400.00,100 גרם,false,,13.90,0.0348,true,1,153181
7290004944049,false,טחינה אסלי שמיר 400 ג',סלטי שמיר 2006 בעמ,IL,טחינה אסלי 400גר,,400.00,100 גרם,false,,13.90,0.0348,true,1,153182
7290004982355,false,צדר טריפל סיימן במשק,,,צדר טריפל סיימן במשק,קילוגרמים,1.00,"ק""ג",true,,129.00,129.0000,true,1,210652
7290005008184,false,"פלמוליב - תחליב רחצה נטורלס שקדים 500 מ""ל",הנסיך- מפעל לייצור ט,TR,פלמוליב תחליב רחצה ס,,500.00,100 גרם,false,,16.90,0.0338,true,1,143112
7290005008481,false,ספיד סטיק - דאודורנט ג'ל לגבר ספורט 85 גרם,הנסיך- מפעל לייצור ט,BY,ספיד סטיק ג'ל ספורט,,85.00,100 גרם,false,,19.90,0.2341,true,1,143116
7290005040641,false,"ערמונים טריים כ-1 ק""",,,"ערמונים טריים כ-1 ק""",,1000.00,,false,,27.90,0.0279,true,1,223659
7290005068058,false,תירס קל מופחת קלוריות 550 ג' פרי הגליל,"פרי הגליל בע""""מ",IL,תירס קל מופחת קלוריו,,550.00,100 גרם,false,,8.90,0.0162,true,1,155644
7290005068447,false,"גרגרי תירס קל בוואקום ללת""ס פרי גליל 340ג'","פרי הגליל בע""""מ",IL,תירס קל בוואקום 340ג,,340.00,100 גרם,false,,7.90,0.0232,true,1,155645
7290005068621,false,ברוקולי קפוא פרי גליל 800ג',"פרי הגליל בע""""מ",IL,ברוקולי 800גר,,800.00,100 גרם,false,,15.90,0.0199,true,1,155648
7290005084355,false,"סנסודיין - משחת שיניים דואל קר זהב 75 מ""ל",גלקסו סמית קליין,GB,סנסודיין משחת שיניים,,75.00,,false,,21.90,0.2920,true,1,154339
7290005111761,false,מזון לכלבים בשר בונז,קריות זול,FR,בונזו בשר 3קג,קילוגרמים,3.00,"ק""ג",false,,54.90,18.3000,true,1,137841
7290005113222,false,זיתים קוקטייל וגמבה יבנה 350ג',קדבורי,IL,זיתים מיקס יבנה 340,,340.00,100 גרם,false,,9.90,0.0291,true,1,164153
7290005174513,false,חציל במיונז 500 ג' אחלה,מיוצר עי קונדיטוריית,IL,חציל במיונז אחלה 500,,500.00,100 גרם,false,,16.90,0.0338,true,1,151127
7290005174551,false,סלט חומוס עם צנוברים 125 ג' אחלה,מיוצר עי קונדיטוריית,IL,סלט חומוס אחלה 125גר,,125.00,100 גרם,false,,5.30,0.0424,true,1,151128
7290005174575,false,טחינה אחלה יום יום משובחת 125ג',מיוצר עי קונדיטוריית,IL,סלט טחינה אחלה 125גר,,125.00,100 גרם,false,,5.30,0.0424,true,1,151130
7290005175589,false,וילי פוד קמח תירס ללא גלוטן 1קג,קריות זול,AR,קמח תירס ויליפוד 1 ק,,1000.00,,false,,9.90,0.0099,true,1,137099
7290005197758,false,עוגיות חיוכים שוקו שוקו 150ג',אפיפית נצרת תעשיות ב,IL,עוגיות חיוכים שוקו 1,,150.00,100 גרם,false,,4.90,0.0327,true,1,161773
7290005199578,false,"קפה פלאטינום עלית נטול 200ג' כש""לפ",קריות זול,IL,קפה נטול קפאין עלית,,200.00,100 גרם,false,,29.90,0.1495,true,1,161783
7290005200786,false,תפוצ'יפס שמנת ובצל 50 גרם,"שטראוס פריטו ליי בע""",IL,תפוציפס שמנת ובצל 50,,50.00,100 גרם,false,,3.90,0.0780,true,1,141685
7290005270000,false,עלי סיגר מרוקאי 500,חמים וטעים,IL,עלי סיגר 500גר,,500.00,100 גרם,false,,16.90,0.0338,true,1,131766
7290005287206,false,טונה בשמן סטארקיסט 4*160 ג',"סטארקיסט פודור בע""מ",,טונה בשמן רביעייה סט,,640.00,,false,,24.90,0.0389,true,1,137845
7290005287251,false,טונה במים סטארקיסט 4*160 ג',"איטיליאן פוד, אס.פי.",,טונה במים רביעייה סט,,640.00,,false,,24.90,0.0389,true,1,137848
7290005287534,false,טונה בשמן עישון טבעי 160 ג' סטארקיסט,תאי יוניון גרופ,TH,טונה סטארקיסט בשמן ע,,160.00,,false,,7.80,0.0487,true,1,137853
7290005287657,false,סטארקיסט ממרח טונה 160 ג',סטארקיסט,IL,ממרח טונה סטארקיסט 1,,160.00,,false,,7.50,0.0469,true,1,137861
7290005296246,false,"פותח סתימות דריין אאוט 946 מ""ל יעקבי",יוליניבר,US,כלורקס פותח סתימות 9,,946.00,,false,,29.90,0.0316,true,1,141249
7290005296260,false,"אסטוניש ספריי רסס ונגב לניקוי כללי 750 מ""ל",אסטוניש Astonish,GB,אסטוניש רסס ונגב 750,,750.00,,false,,15.90,0.0212,true,1,141250
7290005317125,false,ביסקוויט חצי מצופה 175 גר',אפיפית נצרת תעשיות ב,IL,ביסקוויט חצי מצופה 1,,175.00,,false,,5.90,0.0337,true,1,156634
7290005326523,false,ממרח פסטו פטרוזיליה ונענע 180 ג' אוליביה,אוליביה,IL,ממרח פסטו פטרוזיליה,,185.00,100 גרם,false,,14.90,0.0805,true,1,149162
7290005384851,false,וילי פוד מיץ לימון בדץ 200מל,קריות זול,IT,מיץ לימון ויליפוד 20,,200.00,,false,,4.90,0.0245,true,1,210885
7290005384899,false,בסיגנון פטה ים תיכונ,יושלם,DK,פטינה ויליפוד,קילוגרמים,1.00,"ק""ג",true,,39.00,39.0000,true,1,215254
7290005387043,false,צלעות מס' 2 חלק קפוא,,,צלעות מס' 2 חלק קפוא,קילוגרמים,1.00,"ק""ג",true,,39.90,39.9000,true,1,237351
7290005423567,false,מטליות לניקוי כללי בגליל 40 יח' סנו סושי,אסותא תעשיות אלבד בע,IL,סנו סושי בגליל 40יח,יחידה,0.00,יחידה,false,,21.90,0.0000,true,1,220332
7290005423635,false,ריצפז נוזל לניקוי רצפות דוחה חרקים 2 ל',מיוצר עי קונדיטוריית,IL,ריצפז פלוס דוחה חרקי,ליטרים,2.00,ליטר,false,,23.90,11.9500,true,1,138477
7290005423734,false,סנו - מקסימה מרכך כביסה אולטרה פרש 4 ליטר,"סנו מפעלי ברונוס בע""",IL,סנו מקסימה מרכך כביס,ליטרים,4.00,ליטר,false,,22.90,5.7250,true,1,138478
7290005423833,false,סנו פוליויקס פרקט 2 ליטר,"סנו מפעלי ברונוס בע""",IL,פוליויקס פרקט 2ליטר,ליטרים,2.00,ליטר,false,,21.90,10.9500,true,1,138479
7290005423918,false,סנו - מקסימה מרכך כביסה היפואלרגני אלוורה 4 ליטר,"סנו מפעלי ברונוס בע""",IL,סנו מקסימה מרכך כביס,ליטרים,4.00,ליטר,false,,22.90,5.7250,true,1,138482
7290005424403,false,"אל סבון כיף אצות ים קטיפתי 1ליטר,",טרופיקל דגיל תעשיות,IL,כיף אל סבון אצות ים,,1000.00,100 גרם,false,,13.90,0.0139,true,1,218989
7290005424809,false,סנו סושי סקוטש קרצוף ענק 3יח',קריות זול,IL,סנו סושי סקוטש קרצוף,,3.00,,false,,10.90,3.6333,true,1,215369
7290005425196,false,"סנו לכביסה מקסימה סנסיטיב 2.5 ק""ג",מיוצר עי קונדיטוריית,IL,אבקת מקסימה סנסטיב 2,קילוגרמים,2.50,"ק""ג",false,,25.90,10.3600,true,1,138512
7290005425646,false,סנו קליר ספריי אקדח לניקוי והברקת חלונות 1ל',"סנו מפעלי ברונוס בע""",IL,סנוקליר לניקוי חלונו,,1000.00,,false,,9.90,0.0099,true,1,215370
7290005425714,false,"סנו שמפו לשטיחים פלוס 600מ""ל","איי, בי, אינבוו",IL,סנו פלוס שמפו שטיחים,יחידה,600.00,יחידה,false,,25.90,0.0432,true,1,138521
7290005426193,false,ספוג הפלא אריזת סנו 6יח',טרופיקל דגיל תעשיות,IL,סנו סושי ספוג הפלא 6,יחידה,0.00,יחידה,false,,11.90,0.0000,true,1,138532
7290005426575,false,"קרמה לחות לשיער יבש ללא שטיפה 400 מ""ל",טרופיקל דגיל תעשיות,IL,קרמה לחות לשיער יבש,,400.00,,false,,21.90,0.0547,true,1,138542
7290005426803,false,סנו מקסימה מרכך כביסה פצ''ולי סגול 4 ל',קריות זול,,סנו מקסימה מרכך כביס,ליטרים,4.00,ליטר,false,,22.90,5.7250,true,1,138549
7290005427107,false,סנו - סושי מגבות נייר הפלא 6 יחידות,מיוצר עי קונדיטוריית,IL,סנו סושי מגבות הפלא,,6.00,,false,,13.90,2.3167,true,1,138561
7290005427725,false,מגבונים ליטופים מארז חמישיה,טרופיקל דגיל,IL,מגבוני ליטופים מבושם,,5.00,,false,,21.90,4.3800,true,1,220354
7290005427763,false,אל סבון ג'ינסנג כיף 2 ל',קוסמופארם,IL,כיף אל סבון ג'ינסנג,,2000.00,100 גרם,false,,21.90,0.0109,true,1,138599
7290005427848,false,מטלית בגליל ורוד 40 יח' סנו סושי,קריות זול,IL,סנו סושי מטליות בגלי,,40.00,,false,,21.90,0.5475,true,1,220358
7290005428852,false,ממחטות טישו צבעוניים סנו סופט 5 יח' *100דף,ישרפייפר,IL,סנו סופט מגבוני טישו,,0.00,100 גרם,false,,16.90,0.0000,true,1,138621
7290005430602,false,"סנו - אוקסיג'ן מרסס מסיר כתמים 750 מ""ל","סנו מפעלי ברונוס בע""",IL,סנו אוקסיגן מסיר כתמ,,750.00,,false,,17.90,0.0239,true,1,138637
7290005430671,false,סנו פוליווקס קרמיקה 2ל',סנו מפעלי ברונו בעמ,IL,פוליויקס קרמיקה 2ליט,ליטרים,2.00,ליטר,false,,21.90,10.9500,true,1,138643
7290005430862,false,מים מזוקקים למגהץ ול,,,מים מזוקקים 4 ליטר,ליטרים,4.00,ליטר,false,,18.90,4.7250,true,1,215374
7290005431883,false,קינוח מלבי חלבי עדן,עדן קינוחים Eden,IL,מלבי חלבי 165 גרם,,165.00,100 גרם,false,,7.30,0.0442,true,1,229786
7290005431968,false,מלבי שמנת עדן קינוחי,עדן קינוחים Eden,IL,מלבי שמנת 150 גרם,,150.00,100 גרם,false,,7.90,0.0527,true,1,231415
7290005437069,false,שמן זית למאור 1 ליטר טעמן,,,שמן מאור טעמן 1ליטר,,1000.00,,false,,22.90,0.0229,true,1,150216
7290005437540,false,פיטריות חתוך טעמן 290 גר',,,פטריות חתוכות טעמן 2,,290.00,,false,,4.90,0.0169,true,1,150221
7290005437632,false,שמן קנולה טעמן 1ליטר,,,שמן קנולה טעמן 1ליטר,,1000.00,,false,,11.90,0.0119,true,1,232272
7290005437755,false,"פסטה צינורות 500 ג' בד""ץ טעמן",מוטלו,TR,פסטה טעמן 500גר,,500.00,100 גרם,false,,4.90,0.0098,true,1,216133
7290005437762,false,"פסטה ספירלה 500 ג' בד""ץ טעמן",מוטלו,TR,פסטה ספירלה טעמן 500,,500.00,100 גרם,false,,4.90,0.0098,true,1,216134
7290005437939,false,פסטה ספגטיני 500 גר' טעמן,,,פסטה ספגטיני מס'10 ט,,500.00,,false,,4.90,0.0098,true,1,216136
7290005509445,false,מיני קוקיס בטעם חמאה 600 גר',כרמית תעשיות ממתקים,IL,מיני קוקיס בטעם חמאה,,600.00,100 גרם,false,,16.90,0.0282,true,1,165720
7290005559587,false,מאפה נקניקיה בבצק מעדנות 800ג',מיוצר עי קונדיטוריית,IL,מאפה נקניקיות מעדנות,,800.00,100 גרם,false,,28.90,0.0361,true,1,145349
7290005559709,false,בורקס פיצה מעדנות 700 ג',"מעדנות בע""מ",IL,בורקס פיצה מעדנות 70,,700.00,,false,,27.90,0.0399,true,1,145354
7290005559907,false,פיצה משפחתית גבינה 500 ג' מעדנות,מיוצר עי קונדיטוריית,IL,פיצה משפחתית גבינה מ,,500.00,100 גרם,false,,19.90,0.0398,true,1,145358
7290005559914,false,פיצה משפחתית זיתים 550 ג' מעדנות,מיוצר עי קונדיטוריית,IL,פיצה משפחתית זיתים מ,,550.00,100 גרם,false,,19.90,0.0362,true,1,145359
7290005559990,false,בצק פילאס תורכי מעדנות 600 גרם,מיוצר עי קונדיטוריית,IL,בצק פילאס תורכי מעדנ,,600.00,100 גרם,false,,21.90,0.0365,true,1,145367
7290005591761,false,דבש טהור מפרחי בר בלחיץ 400 ג' יד מרדכי,מכוורת יד מרדכי שטרא,IL,*מבצע* דבש טהור מפרח,,400.00,100 גרם,false,,19.90,0.0497,true,1,161799
7290005610509,false,צנוניות ארוזות דוד מ,חקלאי,IL,צנוניות יח,יחידה,0.00,יחידה,false,,4.90,0.0000,true,1,194559
7290005651427,false,מעדני בונזו מולטיפק שלישיה * 410 ג',קריות זול,FR,בונזו מולטי פק 3*400,,1200.00,,false,,22.90,0.0191,true,1,137875
7290005686436,false,תפוח עץ מיובש ששון ה,"דין שיווק וקליה בע""מ",,תפוח עץ מיובש 200גר,,200.00,,false,,11.90,0.0595,true,1,155311
7290005689369,false,סינטה עגל,,,סינטה עגל,קילוגרמים,1.00,"ק""ג",true,,129.00,129.0000,true,1,238878
7290005838002,false,מעדן גבינה ויוגורט בטעם וניל 88 ג' דניאלה,"שטראוס בריאות בע""מ",IL,דניאלה מעדן בטעם וני,,150.00,,false,,4.10,0.0273,true,1,151137
7290005838613,false,שטראוס גבינת וניל 3% 125ג,"שטראוס בריאות בע""מ",IL,קרם גבינה 3% בטעם ונ,,125.00,100 גרם,false,,4.20,0.0336,true,1,151140
7290005839078,false,"דנונה יוגורט ביו 3% לבן מארז 150X8מ""ל",מיוצר עי קונדיטוריית,IL,דנונה ביו מארז שמיני,,1200.00,100 גרם,false,,18.50,0.0154,true,1,151142
7290005839108,false,סימפוניה 5% עם זיתים 200 ג' שטראוס,"שטראוס בריאות בע""מ",IL,סימפוניה זיתים 5% 20,,200.00,100 גרם,false,,11.90,0.0595,true,1,151143
7290005839313,false,"מילקי טופ שוקולד מגולגל 170 מ""ל",מיוצר עי קונדיטוריית,IL,מילקי טופ מגולגלת 14,,142.00,,false,,5.10,0.0359,true,1,151144
7290005896415,false,"בירה איגל פחית ירוק 500מ""ל","טמפו משקאות בע""מ",IL,בירה איגל ירוק פחית,,500.00,,false,,6.90,0.0138,true,1,181827
7290005992018,false,יוגורט עיזים 3% שומן 500 ג' גד,"מיוצר ע""י קוד יצרן M",IL,יוגורט עיזים 3% 500מ,,500.00,,false,,14.70,0.0294,true,1,131002
7290005992575,false,בולגרית למריחה 5% 250 גרם - רבנות,מחלבות גד בעמ,IL,בולגרית למריחה 5% 25,,250.00,100 גרם,false,,17.90,0.0716,true,1,131006
7290005992735,false,לאבנה טבעית 5% 250 גר' - רבנות,הנסיך- מפעל לייצור ט,IL,לאבנה 5% 250גר מחלבו,,250.00,,false,,12.70,0.0508,true,1,131009
7290005996078,false,סרוולד הונגרי יחיעם,מעדני יחיעם,IL,סרוולד הונגרי יחיעם,,125.00,100 גרם,false,,27.90,0.2232,true,1,230977
7290005996221,false,פסטרמה של פעם דק דק 120 גר',פ.פ.ח. שאביט,IL,פסטרמה של פעם דק דק,,120.00,100 גרם,false,,13.90,0.1158,true,1,231354
7290005996238,false,פסטרמה בדבש דק דק 120 גר',פ.פ.ח. שאביט,IL,פסטרמה בדבש דק דק 12,,120.00,100 גרם,false,,13.90,0.1158,true,1,231355
7290005996276,false,פסטרמה ברבקיו דק דק 120 גר',פ.פ.ח. שאביט,IL,פסטרמה ברביקיו דק דק,,120.00,,false,,13.90,0.1158,true,1,231357
7290005996740,false,סלמי פפרוני יחיעם 300 ג',מעדני יחיעם 1993,IL,סלמי פפרוני יחיעם 30,,300.00,,false,,24.90,0.0830,true,1,234505
7290006030054,false,גבינת שמנת שום שמיר,,,גבינת שמנת שום שמיר,קילוגרמים,1.00,"ק""ג",true,,39.00,39.0000,true,1,231804
7290006030061,false,גבינת שמנת זיתים 25%,,,גבינת שמנת זיתים 25%,קילוגרמים,1.00,"ק""ג",true,,39.00,39.0000,true,1,231805
7290006030214,false,גבינת שמנת שום שמיר,,,גבינת שמנת שום שמיר,קילוגרמים,1.00,"ק""ג",true,,39.00,39.0000,true,1,231807
7290006030221,false,גבינת שמנת זיתים 5%,,,גבינת שמנת זיתים 5%,קילוגרמים,1.00,"ק""ג",true,,39.00,39.0000,true,1,231808
7290006040619,false,"גבינת טבורוג 5% בד""צ",,,טבורוג כפיר5%,קילוגרמים,1.00,"ק""ג",true,,28.00,28.0000,true,1,207660
7290006040621,false,טבורוג כפיר5%,,,טבורוג כפיר5%,קילוגרמים,1.00,"ק""ג",true,,28.00,28.0000,true,1,237350
7290006040621,false,טבורוג כפיר5%,,,טבורוג כפיר5%,קילוגרמים,1.00,"ק""ג",true,,28.00,28.0000,true,1,237277
7290006041043,false,טבורוג עם צימוקים כפ,,,טבורוג עם צימוקים כפ,קילוגרמים,1.00,"ק""ג",true,,28.00,28.0000,true,1,207661
7290006199218,false,גלידל מאגדת בטעם איי,הגלידות של פלדמן,IL,גלידל חלבי מאגדת בטע,,8.00,,false,,29.90,3.7375,true,1,224485
7290006229427,false,"סאן בנדטו מים מהאלפים מארז 500X6מ""ל",קריות זול,,סאן בנדטו שישייה 6*5,,3000.00,100 גרם,false,,14.90,0.0050,true,1,132340
7290006229588,false,בירה איגל פחית זהב 500 מל',"טמפו משקאות בע""מ",IL,בירה איגל זהב פחית 5,,500.00,,false,,6.90,0.0138,true,1,181872
7290006241535,false,תרכיז מנגו קפוא פריג,היינץ צפון אמריקה מק,IL,פריגת מנגו קפוא 350ג,,350.00,100 גרם,false,,15.90,0.0454,true,1,142190
7290006251275,false,תה ויסוצקי ירוק סיני 25יח',קריות זול,IL,תה ירוק סיני 25יח,,37.50,100 גרם,false,,25.90,0.6907,true,1,147308
7290006251374,false,תה ירוק לימונית וגינגר 25 שקיקים ויסוצקי,קריות זול,IL,תה ירוק לימונית וגינ,,25.00,100 גרם,false,,25.90,1.0360,true,1,147312
7290006271174,false,מעדנות גחנון לאפייה בתנור 700גר,מיוצר עי קונדיטוריית,IL,גחנון לאפיה בתנור מע,,700.00,100 גרם,false,,18.90,0.0270,true,1,145371
7290006271181,false,מעדנות גחנון אפוי 750 גרם,מיוצר עי קונדיטוריית,IL,גחנון אפוי מעדנות 75,,750.00,100 גרם,false,,25.90,0.0345,true,1,145372
7290006271648,false,"מיני בורקס תפו""א 800 ג' מעדנות","מעדנות בע""מ",IL,"מיני בורקס תפו""א מעד",,800.00,,false,,24.90,0.0311,true,1,145387
7290006271655,false,מיני בורקס גבינה 800 ג' מעדנות,מיוצר עי קונדיטוריית,IL,מיני בורקס גבינה מעד,,800.00,,false,,27.90,0.0349,true,1,145388
7290006272072,false,חטיפי פיצה בשקית מעדנות 650ג',"מעדנות בע""מ",IL,חטיפי פיצה מעדנות 65,,650.00,,false,,29.90,0.0460,true,1,145399
7290006272430,false,בצק עלים חמאה מעדנות 600 ג',מיוצר עי קונדיטוריית,IL,בצק עלים חמאה מעדנות,,600.00,,false,,28.90,0.0482,true,1,145404
7290006306302,false,רביולי במילוי גבינות פרמזן ריקוטה 400 ג' פסטה נונה,פסטה נונה Pasta Nonn,IL,רביולי פרמזן ריקוטה,,400.00,100 גרם,false,,25.90,0.0647,true,1,146561
7290006342072,false,גרעין דלעת קלוי ששון,דין שיווק,IL,גרעין דלעת קלוי ששון,,200.00,100 גרם,false,,7.90,0.0395,true,1,181901
7290006342089,false,גרעיני חמניה קלויים,דין שיווק,,גרעין שחור 200גרם,,200.00,100 גרם,false,,4.90,0.0245,true,1,155312
7290006374615,false,מזון מלכות מרוכז במיוחד 5.8% 340גר,קריות זול,IL,דבש מזון מלכות 5.8%,,340.00,100 גרם,false,,39.90,0.1174,true,1,222242
7290006374738,false,קונפיטורה תות 340 ג' יד מרדכי,אף.סי תבליני בגליל ב,IL,קונפיטורת תות יד מרד,,340.00,100 גרם,false,,13.90,0.0409,true,1,161819
7290006376022,false,קורנפלור 200גר פרימי,,,קורנפלור 200גר פרימי,,200.00,,false,,3.90,0.0195,true,1,231427
7290006376091,false,סודה לשתייה קרטונית,,,סודה לשתיה פרימיום 5,,50.00,,false,,2.10,0.0420,true,1,213292
7290006376626,false,אבקת סוכר מהדרין 100 ג',,,אבקת סוכר פרימיום 10,,100.00,100 גרם,false,,2.20,0.0220,true,1,213293
7290006376688,false,עשיריית סוכר וניל,,,סוכר וניל 10*10גרם פ,,100.00,,false,,2.20,0.0220,true,1,213294
7290006376695,false,עשיריית אבקת אפיה 10,,,אבקת אפיה 10*10גר פר,,100.00,,false,,2.20,0.0220,true,1,213291
7290006376718,false,גלטין לעוגה פרימיום 24 יח,,,ג'לטין שקיות 24 גר,,24.00,100 גרם,false,,9.90,0.4125,true,1,153530
7290006464293,false,כבד בקר לצליה לא מוכ,,,כבד בקר לצליה לא מוכ,קילוגרמים,1.00,"ק""ג",true,,29.90,29.9000,true,1,150506
7290006492432,false,גבינת מוצרלה בייבי 18% 300 ג' גד,מחלבות גד בעמ,IL,בייבי מוצרלה מחלבות,,100.00,100 גרם,false,,15.70,0.1570,true,1,131024
7290006492616,false,גבינה בולגרית פרוסות 5% 250 ג' גד,DSH עבור מחלבות גד ב,IL,בולגרית פרוסות 5% 25,,250.00,,false,,27.90,0.1116,true,1,131026
7290006492630,false,גליל גד עז 22% 180 גרם - רבנות,מחלבות גד בעמ,IL,גבינת גליל מחלבות גד,,180.00,,false,,23.90,0.1328,true,1,131027
7290006492685,false,לאבנה עיזים 5% 250 גרם - רובין,מחלבות גד בעמ,IL,לאבנה עזים 5% 250גר,,250.00,,false,,17.90,0.0716,true,1,131029
7290006492852,false,גבינת עיזים למריחה 5% שומן 250 ג' גד,קריות זול,IL,*מבצע* גבינת עיזים 5,,250.00,100 גרם,false,,16.90,0.0676,true,1,131035
7290006492913,false,לאבנה ציזיקי למריחה 5% שומן 250 ג' גד,מחלבות גד בעמ,IL,לאבנה ציזיקי 250גר מ,,250.00,100 גרם,false,,13.90,0.0556,true,1,214751
7290006494924,false,מרמולייט וופל בטעם לימון 200 ג',קריות זול,,וופל מרמולייט ופל בט,,180.00,,false,,10.90,0.0606,true,1,160755
7290006511010,false,"פרמז'אנו רבעים ק""ג",זנטי,IT,פרמזנו ויליפוד,קילוגרמים,1.00,"ק""ג",true,,99.00,99.0000,true,1,210291
7290006511751,false,פטריות שמפניון חתוך ויליפוד 290X3 ג' בד”צ,לוטס,,פטריות חתוכות שלישיי,,870.00,,false,,12.90,0.0148,true,1,137117
7290006511904,false,כדורי גבינת אדם וילי,ברגלנדמיל,AT,כדורי גבינת אדם וילי,קילוגרמים,1.00,"ק""ג",true,,69.00,69.0000,true,1,136948
7290006546333,false,ציפס קפוא פרי גליל 7,"פרי הגליל בע""""מ",IL,ציפס קפוא פרי גליל 7,,700.00,100 גרם,false,,12.90,0.0184,true,1,155679
7290006546371,false,במיה 600 ג' פרי הגליל,"פרי הגליל בע""""מ",IL,במיה 600גר,,600.00,100 גרם,false,,13.90,0.0232,true,1,155680
7290006546388,false,תחתיות ארטישוק 400 ג' פרי הגליל,"פרי הגליל בע""""מ",IL,תחתיות ארטישוק 400 ג,,400.00,100 גרם,false,,14.90,0.0373,true,1,155681
7290006546999,false,לקט למרק פרי הגליל 800 ג',"פרי הגליל בע""""מ",IL,לקט למרק 800גר,,800.00,100 גרם,false,,13.90,0.0174,true,1,216797
7290006567048,false,קוסקוס ישראלי מפתול אסם 350ג',"מיוצר ע""י קוד יצרן K",IL,פתיתי קוסקוס ישראלי,,350.00,,false,,7.90,0.0226,true,1,135687
7290006582355,false,סילאן דבש תמרים כשר,"דין שיווק וקליה בע""מ",IL,סילאן 900 גרם,,900.00,100 גרם,false,,11.90,0.0132,true,1,155323
7290006618085,false,"אסטוניש - מרסס לחדר האמבט עם אקונומיקה 750 מ""ל",אסטוניש Astonish,GB,אסטוניש מרסס לאמבט 7,,750.00,,false,,15.90,0.0212,true,1,141262
7290006618146,false,"מדליק פחמים נוזלי הפי- 500מ""ל",תות תעשיות מזון (201,NL,נוזל מדליק פחמים הפי,,500.00,100 גרם,false,,14.90,0.0298,true,1,141263
7290006644480,false,"תפוזינה תפוזים 500 מ""ל","יפאורה תבורי בע""מ",IL,"תפוזינה תפוזים 500מ""",,500.00,100 גרם,false,,5.50,0.0110,true,1,134049
7290006644510,false,"מיץ ענבים 500 מ""ל תפוזינה","יפאורה תבורי בע""מ",IL,"תפוזינה ענבים 500מ""ל",,500.00,100 גרם,false,,5.50,0.0110,true,1,134050
7290006644527,false,"תפוזינה תות בננה 500 מ""ל","יפאורה תבורי בע""מ",IL,תפוזינה תות בננה 500,,500.00,,false,,5.50,0.0110,true,1,205247
7290006651730,false,"ד""ר פישר - אלכוג'ל מגבונים לשמירת היגייניית הידיים 20 יח'","ד""ר פישר Dr fischer",IL,אלכוויפס מגבונים לשמ,יחידה,0.00,יחידה,false,,15.90,0.0000,true,1,181977
7290006652027,false,במבה מארז 20 יח' *15ג' אסם,מיוצר עי קונדיטוריית,IL,במבה יום הולדת מארז,,300.00,,false,,19.90,0.0663,true,1,135701
7290006653819,false,קוסקוס דק בשקית אסם,"מיוצר ע""י קוד יצרן K",IL,קוסקוס דק אסם 350 גר,,350.00,,false,,7.90,0.0226,true,1,135710
7290006664051,false,"אקטימל לבן מארז 100X14 מ""ל",מיוצר עי קונדיטוריית,IL,אקטימל טבעי 14*100מל,,1400.00,,false,,32.90,0.0235,true,1,151180
7290006664402,false,גבינה 5% שומן 750 ג' שטראוס,מיוצר עי קונדיטוריית,IL,גבינה לבנה סקי 5% 75,,750.00,100 גרם,false,,14.94,0.0199,true,1,151188
7290006664532,false,יוגורט עם תות 3% שומן 150 ג' דנונה,מיוצר עי קונדיטוריית,IL,דנונה תות 1.5% 150 מ,,150.00,,false,,4.20,0.0280,true,1,151191
7290006664655,false,"אקטימל לבן טבעי מארז 100X8 מ""ל",מיוצר עי קונדיטוריית,IL,?אקטימל דנונה 100x8,,800.00,100 גרם,false,,21.90,0.0274,true,1,151194
7290006664693,false,יוגורט עם אפרסק 3% שומן 150 ג' דנונה,מיוצר עי קונדיטוריית,IL,דנונה אפרסק 1.5% 150,,150.00,100 גרם,false,,4.20,0.0280,true,1,151196
7290006664990,false,דנונה ביו מארז חיסכון 1.5% 8 יח' *150 ג',מיוצר עי קונדיטוריית,IL,דנונה ביו מארז שמיני,,1200.00,100 גרם,false,,18.50,0.0154,true,1,151200
7290006681553,false,שטראוס קרמבו ווניל 8יח,"גלידת שטראוס בע""מ",IL,קרמבו וניל שטראוס 8י,,8.00,,false,,15.90,1.9875,true,1,144627
7290006737915,false,דובשניות חפץ 300 גר',,,דובשניות 300גר,,300.00,100 גרם,false,,7.90,0.0263,true,1,153531
7290006738615,false,קבב פרימיום זהב 100% בשר זוגלובק 400 ג',נקניק נהריה כשר זוגל,IL,קבב פרימיום 100% בשר,,400.00,,false,,24.90,0.0622,true,1,165057
7290006739247,false,פסטרמה איטלקית זוגלו,כצט,IL,פסטרמה איטלקית זוגלו,קילוגרמים,1.00,"ק""ג",true,,85.00,85.0000,true,1,164940
7290006739292,false,נקניק פסטרמה פרגיות ציפוי תירס,נקניק נהריה כשר זוגל,,פסטרמה תבור זוגלובק,,330.00,100 גרם,false,,29.90,0.0906,true,1,217804
7290006739407,false,שניצל תירס לייט 630 ג' זוגלובק,נקניק נהריה כשר זוגל,IL,שניצל תירס לייט זוגל,,630.00,100 גרם,false,,26.90,0.0427,true,1,165068
7290006739414,false,סלמי קוניאק 300 ג' זוגלובק,נקניק נהריה כשר זוגל,IL,סלמי קוניאק זוגלובק,,300.00,100 גרם,false,,28.90,0.0963,true,1,165069
7290006739421,false,סלמי מעושן איטלקי 300 ג' זוגלובק,נקניק נהריה כשר זוגל,IL,סלמי מעושן איטלקי זו,,300.00,,false,,28.90,0.0963,true,1,165070
7290006739445,false,שניצל תירס קלאסי 750 ג' זוגלובק,נקניק נהריה כשר זוגל,IL,שניצל תירס קלאסי זוג,,750.00,100 גרם,false,,26.90,0.0359,true,1,165072
7290006739544,false,כתף בקר 300 ג' זוגלובק,זוגלובק,IL,כתף בקר זוגלובק 300ג,,300.00,,false,,34.90,0.1163,true,1,165073
7290006741363,false,"בורקס תפו""א זוגלובק בד""צ 800ג'",מאפיית אריאל וגידרון,IL,"בורקס תפו""א בדץ זוגל",,800.00,100 גרם,false,,16.90,0.0211,true,1,165104
7290006742162,false,המבורגר מזרחי זוגלובק 400 גר',נקניק נהריה כשר זוגל,IL,המבורגר מזרחי זוגלוב,,400.00,,false,,21.90,0.0547,true,1,165120
7290006742278,false,פסטרמה הודו צלויה על לבנים 330 ג' זוגלובק,נקניק נהריה כשר זוגל,IL,פסטרממיה צלויה על לב,,330.00,100 גרם,false,,29.90,0.0906,true,1,165122
7290006742292,false,פסטרמה הודו בדבש 330 ג' זוגלובק,נקניק נהריה כשר זוגל,IL,פסטרממיה בדבש 1% זוג,,330.00,100 גרם,false,,29.90,0.0906,true,1,165124
7290006764485,false,"בירה נשר מאלט שחורה מארז 330X6מ""ל",קריות זול,,נשר מאלט בקבוק שישיי,,1980.00,100 גרם,false,,31.90,0.0161,true,1,132350
7290006765000,false,טורטיות חיטה מלאה 8יח 540 ג',אלקטי קוראבייכיסיגיד,TR,טורטיות מקמח חיטה מל,,540.00,100 גרם,false,,10.00,0.0185,true,1,216729
7290006775016,false,עוגה מבית טוב 450 גרם תפוז,אחדות ביחר לטחינה חל,IL,עוגת תפוז 450גר,,450.00,100 גרם,false,,10.90,0.0242,true,1,157614
7290006775023,false,"עוגה מבית טוב"" 450 גרם אנגלית",אחדות ביחר לטחינה חל,IL,עוגת אנגלית 450גר,,450.00,,false,,10.90,0.0242,true,1,157615
7290006775047,false,"עוגה מבית טוב"" 450 גרם שוקולד",אחדות ביחר לטחינה חל,IL,עוגת שוקולד 450גר,,450.00,100 גרם,false,,10.90,0.0242,true,1,157617
7290006775054,false,עוגת שיש אחווה 450 ג' אחוה,אחדות ביחר לטחינה חל,IL,עוגת שיש 450גר,,450.00,100 גרם,false,,10.90,0.0242,true,1,157618
7290006775191,false,מאפין ממולא בטעם שוקולד 50 גרם אחוה,אחדות ביחר לטחינה חל,IL,מאפין ממולא שוקולד 5,,50.00,,false,,2.90,0.0580,true,1,157621
7290006775306,false,מאפינס אישי וניל במילוי תות אחווה 50ג',אחדות ביחר לטחינה חל,IL,מאפין ממולא תות 50גר,,50.00,100 גרם,false,,2.90,0.0580,true,1,157622
7290006775344,false,עוגת שמרים קינמון ואגוזי מלך 400 גרם,אחדות ביחר לטחינה חל,IL,עוגת שמרים קינמון וא,,400.00,100 גרם,false,,12.90,0.0323,true,1,157624
7290006775764,false,"עוגת שוקוצ'יפס לל""ס אחדות 400 גר'",אחדות ביחר לטחינה חל,IL,עוגת שוקוציפס ללא סו,,400.00,100 גרם,false,,12.90,0.0323,true,1,157630
7290006775801,false,אחווה רוגעלך שוקולד 400 גר,אחדות ביחר לטחינה חל,IL,רוגעלך 400 גרם,,400.00,100 גרם,false,,11.90,0.0298,true,1,157632
7290006784360,false,חלונית לניקוי והברקה 1ל-סנט מוריץ,קומפלקס כימיקלים,IL,נוזל חלונות 1 ליטר ס,ליטרים,1.00,ליטר,false,,5.90,5.9000,true,1,153276
7290006788412,false,"קרליין - נושם אקווה דאודורנט רול און לאישה כחול 75 מ""ל",אמיליה קוסמטיקס,IL,קרליין רולאון נושם כ,,75.00,100 גרם,false,,13.90,0.1853,true,1,138677
7290006788436,false,"קרליין - נושם פיור דאודורנט רול און לאישה ורוד 75 מ""ל",משווק: קוסמופארם בעמ,IL,קרליין רולאון נושם ו,,75.00,100 גרם,false,,13.90,0.1853,true,1,138679
7290006788443,false,"קרליין - נושם אוקסיג'ן דאודורנט רול און לאישה סגול 75 מ""ל",מולינו ניקולי s.p.a,IL,דאודורנט קרליין רול,,75.00,,false,,13.90,0.1853,true,1,220371
7290006788467,false,"קרליין - נושם אקטיב דאודורנט ספריי לאישה בורדו 200 מ""ל",מיוצר עי : אמיליה קו,IL,קרליין ספריי רקטיב נ,,200.00,,false,,13.90,0.0695,true,1,138682
7290006805355,false,תערובת להכנת כדורי שוקולד פילסברי 500ג',הדקלאים אגודת שיתופי,IL,כדורי שוקולד פילסברי,,500.00,100 גרם,false,,19.50,0.0390,true,1,148445
7290006805850,false,תערובת להכנת פנקייקס 500ג' פילסברי,הדקלאים אגודת שיתופי,IL,תערובת להכנת פנקייקס,,500.00,100 גרם,false,,19.50,0.0390,true,1,148446
7290006822192,false,מיץ חמוציות דיאט אושן ספריי 1 ליטר,מבשלות בירה בינלאומי,IL,אושן ספריי דיאט חמוצ,,1000.00,,false,,13.50,0.0135,true,1,163205
7290006866967,false,נקטר חמוציות פרימור 1ל',סטאר סנקס,IL,פרימור נקטר חמוציות,,1000.00,,false,,12.90,0.0129,true,1,217267
7290006873620,false,מיץ ענבים אדום טבעי,,,מיץ ענבים אדום טבעי,,1000.00,,false,,11.90,0.0119,true,1,165196
7290006873712,false,יין גראנש רוזה חצי י,,,יין גראנש רוזה חצי י,,1000.00,,false,,18.90,0.0189,true,1,165197
7290006873774,false,יין סמיון לבן חצי יבש1 ל,,,יין סמיון לבן חצי יב,,1000.00,,false,,18.90,0.0189,true,1,217821
7290006873958,false,יין קרניאן אדום יבש,,,יין קרניאן אדום יבש,,1000.00,,false,,18.90,0.0189,true,1,217822
7290006920843,false,"תחליפי גבינ""צ מוצרלה פרוס 350 גר'",,,מוצרלה פרוס 350 גרם,,350.00,100 גרם,false,,19.90,0.0569,true,1,207666
7290006920911,false,הולנדית פרוס 350ג' כפיר,,,הולנדי פרוס 350 גרם,,350.00,100 גרם,false,,15.90,0.0454,true,1,205855
7290006920997,false,כדורי מוצרלה 18% כפי,,,כדורי מוצרלה 18% כפי,קילוגרמים,1.00,"ק""ג",true,,79.00,79.0000,true,1,133281
7290006983152,false,קרוטונים מתובלים למרק 400 ג' אסם,עינת תעשיות מזון,IL,קרוטונים מתובלים למר,,400.00,,false,,20.90,0.0522,true,1,135733
7290006983176,false,אוסם - לחמית שיפון 250 גרם,"אסם השקעות בע""מ",IL,לחמית שיפון אסם 250ג,,250.00,,false,,9.90,0.0396,true,1,135734
7290006983527,false,עוגת הבית תפוחי עץ עם פירורים 400 ג' אסם,מיוצר עי קונדיטוריית,IL,עוגת הבית תפוח עץ עם,,400.00,100 גרם,false,,18.50,0.0463,true,1,135743
7290006983763,false,עוגת הבית שוקולד 400 גרם אסם.,מיוצר עי קונדיטוריית,IL,עוגת הבית שוקולד אסם,,400.00,100 גרם,false,,13.90,0.0348,true,1,135744
7290006983770,false,עוגת הבית שיש 400 ג' אסם,מיוצר עי קונדיטוריית,IL,עוגת הבית שיש אסם 40,,400.00,100 גרם,false,,13.90,0.0348,true,1,135745
7290006983787,false,עוגת הבית שוקוציפס 400 גרם אסם,מיוצר עי קונדיטוריית,IL,עוגת הבית שוקוציפס א,,400.00,,false,,13.90,0.0348,true,1,135746
7290006983794,false,עוגת הבית תפוז 400 ג' אסם,מיוצר עי קונדיטוריית,IL,עוגת הבית תפוז אסם 4,,400.00,100 גרם,false,,13.90,0.0348,true,1,135747
7290006992192,false,מטרנה - דייסת סולת 200 גרם,קריות זול,IL,דייסת סולת מטרנה 220,,200.00,100 גרם,false,,15.90,0.0795,true,1,135759
7290006992208,false,מטרנה - דייסת דגנים מעורבים 200 גרם,מטרנה תעשיות ש.מ,IL,דייסת דגנים מעורבים,,200.00,100 גרם,false,,15.90,0.0795,true,1,135760
7290008000826,false,משחת שיניים ילדיים בארביי 50 גרם,כצט נוביס,IL,ברבי משחת שיניים ליל,,50.00,100 גרם,false,,10.90,0.2180,true,1,154352
7290008154222,false,שניצלונים עוף טוב 700 גרם,מולינו ניקולי s.p.a,IL,שניצלונים עוף טוב 70,,700.00,,false,,18.90,0.0270,true,1,135770
7290008175173,false,חמאה ללא תוספת מלח 200 ג' וליו,ואליו אל.טי.די,FI,חמאה מפינלנד ללא מלח,,200.00,100 גרם,false,,14.90,0.0745,true,1,137125
7290008175760,false,מנצגו כבשים ויליפוד,אלפסטור,ES,מנצגו כבשים ויליפוד,קילוגרמים,1.00,"ק""ג",true,,99.00,99.0000,true,1,136950
7290008190909,false,מיני קוקיס שוקולד ציפס 600גר,כרמית תעשיות ממתקים,IL,מיני קוקיס שוקולד צי,,600.00,100 גרם,false,,16.90,0.0282,true,1,165726
7290008194266,false,מארזים מתוקים א.אטיא,ממתקי השלום,IL,חטיפים מעורבים 350 ג,,350.00,100 גרם,false,,13.50,0.0386,true,1,133085
7290008194839,false,חטיפים מצופים אטיאס,ממתקי השלום,IL,חטיפים מצופים אטיאס,,300.00,,false,,13.50,0.0450,true,1,214965
7290008254236,false,רבע כבש קדמי קפוא,,,רבע כבש קדמי קפוא,קילוגרמים,1.00,"ק""ג",true,,89.90,89.9000,true,1,232651
7290008286947,false,"מנות פילה סלומון בד""ץ עד""ח",,,פילה סלמון נורבגי מנ,קילוגרמים,1.00,"ק""ג",true,,84.90,84.9000,true,1,235144
7290008329033,false,צלחת 7 לבן אר 50 דנט,,,צלחת 7 לבן אר 50 דנט,,50.00,,false,,8.90,0.1780,true,1,152637
7290008329255,false,מזלגות אר 100 דנטס,,,מזלגות אר 100 דנטס,יחידה,0.00,יחידה,false,,8.90,0.0000,true,1,152646
7290008329286,false,כפיות אר 100 דנטס,,,כפיות אר 100 דנטס,יחידה,0.00,יחידה,false,,8.90,0.0000,true,1,152649
7290008329354,false,צלחות 9 ציבעוני 25 יח,,,צלחת (9) ציבעוני 20י,יחידה,0.00,יחידה,false,,11.90,0.0000,true,1,152656
7290008329378,false,קסרול לבן אר' 25 יח',,,קסרול לבן אר' 25 יח',,25.00,,false,,7.90,0.3160,true,1,152657
7290008329415,false,צלחת 8 לבן אר 50 דנט,,,צלחת 8 לבן אר 50 דנט,,50.00,,false,,11.90,0.2380,true,1,152660
7290008403849,false,רוטרדם עזים מיושנת ס,הנרי ויליך,NL,רוטרדם עזים מיושנת ס,קילוגרמים,1.00,"ק""ג",true,,189.00,189.0000,true,1,240405
7290008409049,false,מיני שניצלונים ושומשום מאמא עוף 500 ג',תנובה גליל שותפות מו,IL,שניצלונים מיני מיני,,500.00,,false,,28.90,0.0578,true,1,215779
7290008409100,false,אצבעות שניצל ציפוי שומשום 700 ג' מאמא עוף,תנובה גליל שותפות מו,IL,אצבעות שניצל שומשום,,700.00,,false,,37.90,0.0541,true,1,145445
7290008409124,false,מאמא עוף קפוא שניצל ג'ונגל פריך 700 גרם,תנובה גליל שותפות מו,IL,שניצל גונגל פריך מאמ,,700.00,100 גרם,false,,37.90,0.0541,true,1,145447
7290008409223,false,שניצל דק מתובל מאמא עוף 700 ג',תנובה גליל שותפות מו,IL,שניצל דק מתובל מאמא,,700.00,,false,,44.90,0.0641,true,1,145453
7290008409315,false,מיני מיני דק שניצלונים בציפוי פריך מאמא עוף 500 ג',תנובה גליל,IL,שניצלונים מיני מיני,,500.00,100 גרם,false,,28.90,0.0578,true,1,215783
7290008409551,false,שניצל עוף אמיתי בציפוי מעודן 700 ג' מאמא עוף,תנובה גליל שותפות מו,IL,שניצל עוף אמיתי מעוד,,700.00,,false,,44.90,0.0641,true,1,145473
7290008409773,false,קציצות עוף ביתיות מאמא עוף 700 ג',תנובה גליל שותפות מו,IL,קציצות עוף ביתיות מא,,700.00,100 גרם,false,,34.90,0.0499,true,1,145488
7290008453783,false,שקיות אשפה ושרוך 50/70 אריזת 60יח',,,אשפה שרוך 52/65 60 י,יחידה,0.00,יחידה,false,,14.90,0.0000,true,1,214582
7290008461047,false,ברי לרוסטיק סיימן במ,נטו מלינדה סיימן,,ברי לרוסטיק סיימן במ,קילוגרמים,1.00,"ק""ג",true,,169.00,169.0000,true,1,210653
7290008462310,false,סנט מור סימן שקיל,,,סנט מור סימן שקיל,קילוגרמים,1.00,"ק""ג",true,,179.00,179.0000,true,1,240407
7290008464130,false,"בירה גולדסטאר לא מסונן 330X6מ""ל",טמפו,IL,בירה גולדסטאר לא מסו,,1980.00,100 גרם,false,,35.90,0.0181,true,1,132361
7290008464222,false,"בירה מכבי 7.9% פחית 500 מ""ל","טמפו משקאות בע""מ",IL,בירה מכבי 7.9% פחית,,500.00,,false,,8.50,0.0170,true,1,132362
7290008464468,false,"בירה גולדסטאר פחית 500 מ""ל","טמפו משקות בע""מ",IL,בירה גולדסטאר פחית 5,,500.00,,false,,8.50,0.0170,true,1,132372
7290008464505,false,סאן בנדטו בקבוק פלסטיק 500מל,אקווה מינרלה סאן בנד,IT,"סאן בנדטו 500מ""ל",,500.00,100 גרם,false,,2.90,0.0058,true,1,132374
7290008464604,false,"בירה היינקן פחית 500מ""ל",טמפו משקאות בע''מ,NL,בירה היינקן הולנד פח,,500.00,100 גרם,false,,9.90,0.0198,true,1,132379
7290008464741,false,"בירה גולדסטאר בק' מארז 330X6מ""ל",קריות זול,IL,בירה גולדסטאר בקבוק,,1980.00,,false,,35.90,0.0181,true,1,132384
7290008464796,false,"בירה היינקין ח""פ בקבוק 330X6מ""ל",קריות זול,IL,בירה היינקן בקבוק 6*,,1980.00,,false,,35.90,0.0181,true,1,132388
7290008469128,false,סטייק עין קפוא,,,סטייק עין קפוא,קילוגרמים,1.00,"ק""ג",true,,59.90,59.9000,true,1,234488
7290008469548,false,חזה בשר מס 3 מוכשר ק,,,חזה בשר מס 3 מוכשר ק,קילוגרמים,1.00,"ק""ג",true,,34.90,34.9000,true,1,234433
7290008469760,false,שריר הזרוע מס 8 חלק,,,שריר הזרוע מס 8 חלק,קילוגרמים,1.00,"ק""ג",true,,29.90,29.9000,true,1,232655
7290008493413,false,פירורי גריסיני קלאסי 200גרם-חדש,מאיר בייגל,IL,פרורי גריסני שקית 20,,200.00,100 גרם,false,,6.90,0.0345,true,1,137887
7290008493710,false,פרורי גריסני זהב מאיר בייגל 200 ג',מאיר בייגל,,פרורי גריסיני זהב 20,,200.00,,false,,6.90,0.0345,true,1,222526
7290008590150,false,אפונת גינה קטנה שף ה,משק ויילר,BE,אפונת גינה קטנה שף ה,,800.00,100 גרם,false,,9.90,0.0124,true,1,236793
7290008614498,false,צלעות מס'2 קפוא,,,צלעות מס'2 קפוא,קילוגרמים,1.00,"ק""ג",true,,39.90,39.9000,true,1,213524
7290008614528,false,צלי כתף מס 5 חלק מהד,,,צלי כתף מס 5 חלק מהד,קילוגרמים,1.00,"ק""ג",true,,69.90,69.9000,true,1,234436
7290008614559,false,שריר הזרוע מס 8 חלק,,,שריר הזרוע מס 8 חלק,קילוגרמים,1.00,"ק""ג",true,,29.90,29.9000,true,1,231822
7290008614788,false,סינטה קפוא,,,סינטה קפוא,קילוגרמים,1.00,"ק""ג",true,,69.90,69.9000,true,1,237375
7290008634045,false,"פלסטר שקוף 30 יחידות ""SUNNY PLASTER""",,,פלסטר סאני 30 יח,יחידה,0.00,יחידה,false,,6.90,0.0000,true,1,182158
7290008644112,false,סלט מטבוחה יום יום אחלה 125 ג',"שטראוס גרופ בע""מ",IL,סלט מטבוחה אחלה 125ג,,125.00,100 גרם,false,,5.30,0.0424,true,1,216248
7290008644945,false,סלט המושבה שטופים שט,שטראוס בריאות ירקות,IL,סלט המושבה שטראוס 45,,450.00,100 גרם,false,,12.90,0.0287,true,1,151239
7290008690713,false,פריגת אושן ספריי חמוציות 1ל',מבשלות בירה בינלאומי,IL,אושן ספריי חמוציות 1,,1000.00,,false,,13.50,0.0135,true,1,163237
7290008693134,false,מעדן גבינה ויוגורט בטעם תות 5% שומן 88 ג' דניאלה,"שטראוס בריאות בע""מ",IL,דניאלה מעדן בטעם תות,,150.00,100 גרם,false,,4.10,0.0273,true,1,151251
7290008736015,false,סטייק עין ורד הצלע ח,,,סטייק עין ורד הצלע ח,קילוגרמים,1.00,"ק""ג",true,,59.90,59.9000,true,1,237743
7290008745239,false,תפוצ'יפס אקסטרא טבעי 50 ג',"שטראוס פריטו ליי בע""",IL,תפוציפס אקסטרא טבעי,,50.00,100 גרם,false,,3.90,0.0780,true,1,141688
7290008747547,false,תפוצ'יפס אקסטרא 200גר טבעי,"שטראוס פריטו ליי בע""",IL,תפוציפס אקסטרא טבעי,,200.00,100 גרם,false,,10.90,0.0545,true,1,141690
7290008750264,false,גומי מאסט בטעם דובדבן 28 ג' עלית,"שטראוס גרופ בע""מ",IL,מסטיק מאסט דובדבן 28,,28.00,100 גרם,false,,4.70,0.1679,true,1,161877
7290008752244,false,תפוצ'יפס אקסטרא גריל 50 גרם,"שטראוס פריטו ליי בע""",IL,תפוציפס אקסטרא גריל,,50.00,100 גרם,false,,3.90,0.0780,true,1,141693
7290008753111,false,תפוציפס קראנץ מקסיקנ,"שטראוס פריטו ליי בע""",IL,תפוציפס מקסיקני 50גר,,50.00,100 גרם,false,,3.90,0.0780,true,1,141695
7290008754040,false,ממרח פרה שוקולד 850 גר - מגדים,STRAUSS-ISRAEL,IL,ממרח בטעם שוקולד מגד,,850.00,100 גרם,false,,17.90,0.0211,true,1,217312
7290008757980,false,נקטר ספרינג רימונים קרטונית 1 ל',"יפאורה תבורי בע""מ",IL,ספרינג רימונים 1 ליט,,1000.00,,false,,7.90,0.0079,true,1,139683
7290008775816,false,ערגליות שוקו חדש12*300גרם 2020,מיוצר עי קונדיטוריית,IL,ערגליות שוקו אסם 300,,300.00,,false,,10.90,0.0363,true,1,135809
7290008775823,false,ערגליות תות חדש12*300גרם 2020,מיוצר עי קונדיטוריית,IL,ערגליות תות אסם 300ג,,300.00,,false,,10.90,0.0363,true,1,135810
7290008792264,false,מפיות טישיו טאצ' 100יח',"שניב תעשיות נייר בע""",,טאצ מפיות 100,,100.00,,false,,4.90,0.0490,true,1,156749
7290008801010,false,"יין קברנה סוביניון מרלו פרייוט קולקשן 750 מ""ל",אגודת הכורמים הקאופו,IL,יין קברנה סוביניון מ,,750.00,,false,,39.90,0.0532,true,1,130652
7290008801119,false,סלקטד סוביניון בלאן כרמל 750 מל,אגודת הכורמים הקואופ,IL,יין סלקטד סוביניון ב,,750.00,,false,,28.90,0.0385,true,1,130654
7290008801157,false,מרלו סלקטד כרמל מזרחי 750 מל,קריות זול,IL,יין סלקטד מרלו 750 מ,,750.00,,false,,28.90,0.0385,true,1,130655
7290008801522,false,"יין קינג דיויד קונקורד אדום 750 מ""ל",אגודת הכורמים הקואופ,IL,יין קינג דיוויד לבן,,750.00,,false,,19.90,0.0265,true,1,130663
7290008801546,false,"יין מוסקט קינג דויד 750 מ""ל",אגודת הכורמים הקואופ,IL,יין קינג דיוויד מוסק,,750.00,100 גרם,false,,19.90,0.0265,true,1,130665
7290008801843,false,"יין סלקטד קברנה סובניון 750מ""ל","כד בני דרום בע""מ",IL,יין סלקטד קברנה סובי,,750.00,,false,,28.90,0.0385,true,1,130667
7290008802512,false,"יין וינו אדום יבש 750 מ""ל","כד בני דרום בע""מ",IL,יין וינו אדום יבש 75,,750.00,100 גרם,false,,19.90,0.0265,true,1,130670
7290008802529,false,"יין לבן חצי יבש וינו 750 מ""ל",קריות זול,IL,יין וינו לבן יבש 750,,750.00,,false,,19.90,0.0265,true,1,130671
7290008805049,false,סלקטד זינפנדל כרמל מזרחי 750 מל,"כד בני דרום בע""מ",IL,יין סלקטד זינפנדל 75,,750.00,100 גרם,false,,28.90,0.0385,true,1,130705
7290008805384,false,"יין סלקטד מוסקטו 750מ""ל",אגודת הכורמים הקואופ,IL,ייו סלקטד מוסקטו 750,,750.00,,false,,28.90,0.0385,true,1,130706
7290008806985,false,נישנושים גלידה שוקו וניל בציפוי שוקולד 60 יח' קרמיסימו,שטראוס גלידות,IL,קרמיסימו נישנושים שו,,630.00,,false,,46.90,0.0744,true,1,144639
7290008807029,false,יין טבע אמרלד רזלינג,אליעז בנימינה,IL,יין טבע אמרלד רזלינג,,750.00,,false,,24.90,0.0332,true,1,155168
7290008835954,false,"פילה אמנון 5-7 וואקום בד""ץ.",בלאדי,IL,פילה אמנון 5-7 וואקו,קילוגרמים,1.00,"ק""ג",true,,29.90,29.9000,true,1,231430
7290008835992,false,"פילה נסיכת הנילוס פרוס בד""ץ.",,,פילה נסיכת הנילוס פר,קילוגרמים,1.00,"ק""ג",true,,69.90,69.9000,true,1,231406
7290008836401,false,ישן נושן - יקבי אפרת 1 ליטר,יקב טפרברג 1870 בעמ,IL,יין ישן נושן 1 ליטר,,1000.00,,false,,22.90,0.0229,true,1,132047
7290008849586,false,רוטב לבשר כבד עוף 310 ג',קריות זול,IL,רוטב ריבת בצל אוליבי,,310.00,,false,,14.90,0.0481,true,1,149205
7290008921060,false,יין מוסקט ויוניה תשב,יקבי תישבי,IL,יין מוסקט ויוניה 750,,750.00,,false,,34.90,0.0465,true,1,213065
7290010042197,false,שעועית ירוקה חתוכה 8,,,שעועית ירוקה חתוכה 8,,800.00,100 גרם,false,,9.90,0.0124,true,1,208772
7290010051021,false,בזיליקום,,,בזיליקום,יחידה,0.00,יחידה,false,,5.90,0.0000,true,1,159191
7290010051045,false,סלט ביבי מיקס בנספק,חקלאי,IL,סלט ביבי מיקס בנספק,יחידה,0.00,יחידה,false,,8.90,0.0000,true,1,159193
7290010051052,false,פטרוזליה,,,פטרוזליה,יחידה,0.00,יחידה,false,,3.90,0.0000,true,1,159194
7290010051076,false,לבבות קיסר,,,לבבות חסה,יחידה,0.00,יחידה,false,,9.90,0.0000,true,1,159196
7290010051113,false,טימין קורנית ארוז,חקלאי,IL,קורנית (טימין),יחידה,0.00,יחידה,false,,5.90,0.0000,true,1,159198
7290010051120,false,מרווה 70 ג',,,מרווה,יחידה,0.00,יחידה,false,,5.90,0.0000,true,1,159199
7290010051144,false,תרד עלים 180גר,,,תרד עלים 180גר,,180.00,100 גרם,false,,8.90,0.0494,true,1,159201
7290010051168,false,כוסברה ארוז,חקלאי,IL,כוסברה,יחידה,0.00,יחידה,false,,3.90,0.0000,true,1,159203
7290010051175,false,כוסברה/שמיר ארוז,,,כוסברה/שמיר ארוז,,1000.00,100 גרם,false,,3.90,0.0039,true,1,159205
7290010051182,false,נענע ארוזה,,,נענע ארוזה,יחידה,0.00,יחידה,false,,3.90,0.0000,true,1,159206
7290010051199,false,שורש פטרוזיליה,,,שורש פטרוזיליה,יחידה,0.00,יחידה,false,,3.90,0.0000,true,1,159207
7290010051205,false,סלרי אמריקאי.,,,סלרי אמריקאי.,,200.00,100 גרם,false,,5.90,0.0295,true,1,159208
7290010051212,false,סלרי ראש ארוז,,,סלרי ראש,יחידה,0.00,יחידה,false,,5.90,0.0000,true,1,159209
7290010051267,false,פרסה לוף שלם,חקלאי,IL,פרסה לוף שלם,יחידה,0.00,יחידה,false,,7.90,0.0000,true,1,159214
7290010051298,false,סלק עלים ארוז,,,סלק עלים ארוז,יחידה,0.00,יחידה,false,,6.90,0.0000,true,1,159216
7290010051335,false,בצל ירוק,,,בצל ירוק,,110.00,100 גרם,false,,5.90,0.0536,true,1,159217
7290010051373,false,לבבות חסה א.אדמה,,,לבבות חסה א.אדמה,יחידה,0.00,יחידה,false,,9.90,0.0000,true,1,210386
7290010051403,false,סלרי אמריקאי ארוז,חקלאי,IL,שיבה,יחידה,0.00,יחידה,false,,5.90,0.0000,true,1,159218
7290010051687,false,רוזמרין ארוז,,,רוזמרין,יחידה,0.00,יחידה,false,,5.90,0.0000,true,1,159223
7290010065134,false,ליקוקים שימורים לחתו,כלורוקס אוקלנד,IT,ליקוקים שימורים לחתו,,415.00,,false,,6.90,0.0166,true,1,149221
7290010065332,false,פרינוק - ג'וניור פתוחי עץ ובננה 190 גרם,פרינוק,CZ,פרינוק מחית גוניור ת,,190.00,100 גרם,false,,6.50,0.0342,true,1,149228
7290010065745,false,ג`וניור פרינוק מחית לפתן פירות 190ג',פרינוק,CZ,פרינוק מחית גוניור ל,,190.00,100 גרם,false,,6.50,0.0342,true,1,216114
7290010066957,false,נתחי טונה קטנה בשמן צמחי 960ג' פרינס,,,טונה פרינס בשמן 960ג,,960.00,,false,,29.90,0.0311,true,1,217125
7290010116980,false,אבקת שוקולית שקית עלית 850 ג',הנסיך- מפעל לייצור ט,IL,שוקולית עלית 850גר,,820.00,100 גרם,false,,16.90,0.0206,true,1,161915
7290010117864,false,דוריטוס בטעם חריף אש,שטראוס פריטו ליי בע,IL,דוריטוס חריף אש 70גר,,70.00,100 גרם,false,,3.90,0.0557,true,1,215501
7290010117970,false,סבבה בוטנים קלויים מצופים - אריזה אישית,"שטראוס פריטו ליי בע""",IL,בוטנים טבעי 50 גרם,,50.00,100 גרם,false,,2.90,0.0580,true,1,214141
7290010118328,false,מארז תפוצ'יפס בטעם טבעי,שטראוס,IL,תפוציפס טעם טבעי מאר,,240.00,100 גרם,false,,13.50,0.0563,true,1,141706
7290010124213,false,סינטה בקר דק דק אל מטאדור 250 ג',בלאדי,IL,סינטה בקר דק דק אל מ,,250.00,100 גרם,false,,19.90,0.0796,true,1,213635
7290010124503,false,שומן כבש מעובד ארוז בלדי 200גר,,,שומן כבש 200גר,,200.00,100 גרם,false,,12.90,0.0645,true,1,154093
7290010153503,false,שעועית בובס יבשה מיה 400 גר',מיה תעשיות מזון בעמ,IL,שעועית בובס 400גר,,400.00,,false,,10.90,0.0273,true,1,157024
7290010153510,false,בורגול יבש מיה 500 גר',מיה,IL,בורגול מיה 500 גר,,500.00,100 גרם,false,,6.90,0.0138,true,1,157025
7290010153527,false,גריש מיה 500 גרם,מיה,IL,ג'ריש מיה 500 גר,,500.00,100 גרם,false,,6.90,0.0138,true,1,157026
7290010153534,false,קמח תירס מיה 400 גרם,מיה תעשיות מזון,IL,קמח תירס 400 גר,,400.00,100 גרם,false,,5.90,0.0148,true,1,134069
7290010153695,false,פול גדול מיה 400 גר,מיה,IL,פול גדול מיה 400 גר,,400.00,100 גרם,false,,8.90,0.0223,true,1,157027
7290010153787,false,ציפוי לשניצל עם שום מיה 500 גר',מיה תעשיות מזון,IL,ציפוי לשניצל שום 500,,500.00,100 גרם,false,,9.90,0.0198,true,1,221872
7290010153794,false,ציפוי לשניצל עם עשבי תיבול מיה 500 גר',מיה תעשיות מזון,IL,ציפוי לשניצל עשבי תי,,500.00,100 גרם,false,,9.90,0.0198,true,1,221873
7290010153800,false,ציפוי לשניצל עם תיבול עדין מיה 500 גר',מיה תעשיות מזון,IL,ציפוי לשניצל תיבול ע,,500.00,100 גרם,false,,9.90,0.0198,true,1,221874
7290010163069,false,צנובר שקדיה 100 גר,אף.סי תבליני בגליל ב,IL,צנובר 100גרם,,100.00,100 גרם,false,,19.90,0.1990,true,1,155340
7290010175857,false,פרוסות לבבות דקל 400 ג' טעמן,אינאקספו,UY,לבבות דקל פרוסות 400,,400.00,100 גרם,false,,11.90,0.0298,true,1,207050
7290010176243,false,נודלס בטעם סיני בכוס 65 גר' טעמן,זיזיאנג גרין הום פוד,CN,נודלס בטעם פיקנטי 65,,65.00,100 גרם,false,,5.90,0.0908,true,1,216144
7290010176793,false,סוכריות מיני רולים 375 ג,גואנגדונג צאואן פוד,CN,סוכריות מיני רולס זא,,365.00,,false,,19.90,0.0545,true,1,150256
7290010199891,false,"סטייל - סבון ידיים אדום 500 מ""ל משאבה - מרכז",דולפין ספא,TR,אל סבון סטייל תה אדו,,500.00,,false,,6.90,0.0138,true,1,154357
7290010237531,false,"פפסי קולה פלסטיק 500 מ""ל","טמפו משקאות בע""ם.",IL,"פפסי בקבוק 500 מ""ל",,500.00,100 גרם,false,,4.90,0.0098,true,1,132396
7290010237548,false,פפסי מקס בקבוק 500 מ``ל,טמפו משקאות בעמ,IL,פפסי מקס בקבוק 500 מ,,500.00,100 גרם,false,,4.90,0.0098,true,1,132397
7290010237562,false,מירינדה פלסטיק 500מל,"טמפו משקאות בע""מ",IL,"מירינדה בקבוק 500 מ""",,500.00,,false,,4.90,0.0098,true,1,132398
7290010237579,false,סבן אפ פלסטיק 500מל,"טמפו משקאות בע""מ",IL,"סבן אפ בקבוק 500 מ""ל",,500.00,,false,,4.90,0.0098,true,1,132399
7290010237586,false,סבן אפ דיאט פלסטיק 500מל,"טמפו משקאות בע""מ",IL,סבן אפ דיאט בקבוק 50,,500.00,,false,,4.90,0.0098,true,1,132400
7290010259823,false,מנת השף מרק עם נודלס טעם עוף בדץ 70ג,נמצ'או(תאילנד) בעמ,TH,נודלס בטעם עוף מנת ה,,70.00,100 גרם,false,,5.90,0.0843,true,1,137148
7290010259830,false,מנת השף נודלס בסגנון סיני פיקנטי,נמצ'או(תאילנד) בעמ,TH,נודלס סגנון סיני פיק,,70.00,100 גרם,false,,5.90,0.0843,true,1,137149
7290010328093,false,ממרח חלווה אחווה 400 ג' מהדרין,אחדות בית חרושת לטחי,IL,ממרח חלבה 400גר,,400.00,,false,,10.90,0.0273,true,1,157635
7290010328246,false,טחינה גולמית שומשום מלא אחווה 500 ג',,IL,טחינה משומשום מלא 50,,500.00,100 גרם,false,,12.90,0.0258,true,1,157637
7290010328253,false,טחינה משומשום טבעי 500 גר מהדרין,"אחדות ביח""ר בעמ",IL,טחינה גולמית 500 גרם,,500.00,,false,,11.90,0.0238,true,1,157638
7290010328345,false,חלווה 50 גר' וניל אחדות,אחדות ביחר לטחינה חל,IL,חלבה 50גר,,350.00,,false,,2.90,0.0083,true,1,157639
7290010328468,false,אחוה חטיפי מיני חלווה 12*18 יח,שוורצקוף& הנקל דיסלד,IL,חטיפי מיני חלבה ב3 ט,,216.00,,false,,11.90,0.0551,true,1,157640
7290010328505,false,"חלבה חטיפי מיני לייטר לל""ס אחוה 150ג'",אחדות ביחר לטחינה חל,IL,חטיפי מיני חלבה ללא,,15.00,,false,,11.90,0.7933,true,1,157642
7290010328710,false,קיצפיות אחווה 180 גר,אחדות ביחר לטחינה חל,IL,קצפיות במגש 180גר,,180.00,,false,,10.90,0.0606,true,1,157650
7290010328727,false,ממרח טחינה עם שוקולד אחווה 400 ג',אחדות ביחר לטחינה חל,IL,ממרח טחינה עם שוקולד,,400.00,100 גרם,false,,10.90,0.0273,true,1,157651
7290010328734,false,ממרח טחינה עם סילאן משומשום מלא,אחדות ביחר לטחינה חל,IL,ממרח טחינה עם סילאן,,400.00,,false,,10.90,0.0273,true,1,157652
7290010328895,false,מאפין בטעם שוקולד45 גרם אחוה,אחדות ביחר לטחינה חל,IL,מאפין שוקולד 45גר,,45.00,,false,,2.90,0.0644,true,1,206090
7290010429554,false,"שמן זית כתית מעולה יד מרדכי 2 קלאסי, 750 מ""ל",מכוורת יד מרדכי שטרא,IL,שמן זית כתית מעולה ח,,750.00,100 גרם,false,,35.90,0.0479,true,1,130352
7290010454051,false,מפיות טרנדי תלת-שכבת,,,מפיות טרנדי תלת-שכבת,יחידה,0.00,יחידה,false,,6.90,0.0000,true,1,160339
7290010471669,false,יוגורט תות עם קורנפלקס מצופה שוקולד ללא גלוטן 3.9%,"שטראוס בריאות בע""מ",IL,דנונה בר תות קורנפלק,,173.00,100 גרם,false,,5.10,0.0295,true,1,151268
7290010472307,false,מארז 8 יחידות משקה גמדים בטעם תות בננה,מיוצר עי קונדיטוריית,IL,מארז שמינייה גמדים ת,,800.00,,false,,22.50,0.0281,true,1,151276
7290010472390,false,מארז 8 יחידות מעדן דני בטעם שוקולד 1.5%,מיוצר עי קונדיטוריית,IL,דני שוקולד מארז 8*12,,1000.00,100 גרם,false,,17.90,0.0179,true,1,151279
7290010513727,false,פנקו פרורי לחם יפניי,קינגדאו גוניון פודס,CN,פירורי לחם פנקו 200ג,,200.00,100 גרם,false,,8.90,0.0445,true,1,159453
7290010561407,false,ברילי לחם פרוס EXTRA ויטמינים ומינרלים 500 ג',ברילי Barili,IL,ברילי לחם פרוס ללא ג,,500.00,100 גרם,false,,19.90,0.0398,true,1,234563
7290010609734,false,אייס לי משקה להקפאה בטעמי פירות - מארז 8 יח',הדיל,IL,אייס לי קרחונים להקפ,,8.00,,false,,6.90,0.8625,true,1,158727
7290010613526,false,דלי מטליות לניקוי וח,,,דלי מטליות לניקוי וח,יחידה,0.00,יחידה,false,,10.90,0.0000,true,1,234808
7290010613953,false,דלי מטליות לניקוי וחיטוי בניחוח מלון בוטיק 250 יח' טאצ',סאסאטק,IL,דלי מטליות לניקוי וח,יחידה,0.00,יחידה,false,,10.90,0.0000,true,1,235790
7290010711086,false,סופר מגבת מבד,,,סופר מגבת מבד,יחידה,0.00,יחידה,false,,19.90,0.0000,true,1,152789
7290010711123,false,"ננס רביעיה ""שייני"" ח",,,"ננס רביעיה ""שייני""",יחידה,0.00,יחידה,false,,6.90,0.0000,true,1,152792
7290010711208,false,שייני גליל מטליות צהוב 33 יח',,,מטליות שיאני בגליל,,33.00,,false,,17.90,0.5424,true,1,152794
7290010711437,false,4 סרטי קרצוף לניקוי,,,4 סרטי קרצוף לניקוי,יחידה,0.00,יחידה,false,,10.90,0.0000,true,1,216349
7290010711703,false,שקיות אוכל מנייר 50 יח',מ.א ייצור ושיווק מטל,,שקיות אוכל מנייר (50,יחידה,0.00,יחידה,false,,6.90,0.0000,true,1,213031
7290010711932,false,שייני מטליות אינטנסיב רב שימושית 9 יח',,,מטליות רב שימושיות 9,,9.00,,false,,9.90,1.1000,true,1,152810
7290010711956,false,זוג מגבות מיקרופייבר,,,זוג מגבות מיקרופייבר,יחידה,0.00,יחידה,false,,10.90,0.0000,true,1,152811
7290010760886,false,"בורקס גבינה כשל""פ 60",,,"בורקס גבינה כשל""פ 60",,600.00,100 גרם,false,,21.90,0.0365,true,1,157550
7290010766734,false,רוטב פיצה אוליביה אסם 430 ג',אוליביה,IL,רוטב פיצה אוליביה 41,,415.00,100 גרם,false,,14.90,0.0359,true,1,149270
7290010766949,false,ממרח תחתיות ארטישוק 180ג' אוליביה,אוליביה,IL,ממרח ארטישוק אוליביה,,180.00,100 גרם,false,,14.90,0.0828,true,1,149276
7290010791552,false,שימורי טונה גורמה לה קט 85 ג',"הייקיו, תאילנד",TH,לה קט דליקטס טונה בר,,85.00,100 גרם,false,,5.90,0.0694,true,1,215327
7290010814244,false,שלשות שוקולד מריר 85 גרם*3 בלמינט *18 בקרטון,כרמית תעשיות ממתקים,IL,שוקולד מריר כרמית מא,,255.00,100 גרם,false,,9.90,0.0388,true,1,143203
7290010814251,false,שלשות שוקולד חלב 85 גר*3 בלמינט*18 בקרט בדצ,כרמית תעשיות ממתקים,IL,שוקולד חלב כרמית מאר,,255.00,100 גרם,false,,9.90,0.0388,true,1,165731
7290010814268,false,שלשות שוקולד לבן 85 גר*3 בלמינט * 18 בקרטון,כרמית תעשיות ממתקים,IL,שוקולד לבן כרמית מאר,,255.00,100 גרם,false,,9.90,0.0388,true,1,143204
7290010814695,false,שוקולד מריר ללא תוספת סוכר וסטהיים,כרמית תעשיות ממתקים,IL,שוקולד מריר ללא סוכר,,85.00,100 גרם,false,,6.90,0.0812,true,1,165733
7290010814701,false,שוקולד חלב ללא תוספת סוכר וסטהיים,כרמית תעשיות ממתקים,IL,שוקולד חלב ללא סוכר,,85.00,100 גרם,false,,6.90,0.0812,true,1,165734
7290010839865,false,רוטב רכז רימונים ויליפוד 320 ג',ניו ג'רסי סטאר סנקס,TR,רכז רימונים 320 גר,,320.00,100 גרם,false,,10.90,0.0341,true,1,137192
7290010849505,false,יין למברוסקו די לואיג'י רוסו דולצ'ה,פארייפאבה אגרואינדוס,IT,למברוסקו די לואיג'י,,750.00,,false,,31.90,0.0425,true,1,148895
7290010849529,false,יין למברוסקו די לואיג'י ביאנקו,פארייפאבה אגרואינדוס,IT,למברוסקו די לואיג'י,,750.00,,false,,31.90,0.0425,true,1,148897
7290010883042,false,סנובון עם אפקט הקצף הפעיל בריח רענן,סנו,IL,סנובון נוזלי תות 750,,750.00,,false,,10.90,0.0145,true,1,138786
7290010922017,false,"אננס קפוא 250 גרם בד""ץ עדה חרדית",,,"אננס קפוא בד""ץ 250 ג",,250.00,100 גרם,false,,11.90,0.0476,true,1,238754
7290010922864,false,גולש בקר 800 ג' ארוז -אשפר,,,גולש בקר קפוא אשפר 8,,800.00,100 גרם,false,,37.90,0.0474,true,1,235270
7290010931330,false,סלט מטבוחה אחלה 500ג,מיוצר עי קונדיטוריית,IL,סלט מטבוחה אחלה 500ג,,500.00,100 גרם,false,,16.90,0.0338,true,1,151302
7290010945146,false,קוטג' 3% מועשר בסידן טרה 250 ג' מהדרין,קריות זול,IL,קוטג מועשר 3% 250גר,,250.00,100 גרם,false,,6.20,0.0248,true,1,142221
7290010945450,false,טרה גבינה לבנה מהדרין 3% 250ג,קריות זול,IL,גבינה לבנה מהדרין 3%,,250.00,100 גרם,false,,4.98,0.0199,true,1,215516
7290010945481,false,גבינה לבנה 5% שומן 500 ג' טרה,קריות זול,IL,גבינה לבנה 5% טרה 5,,500.00,100 גרם,false,,9.96,0.0199,true,1,142233
7290011015862,false,"פריגת סירופ דיאט לימונענע 750 מ""ל",סירופ - גבעת חיים,IL,סירופ דיאט לימונענע,,750.00,100 גרם,false,,23.90,0.0319,true,1,163293
7290011017866,false,קוקה קולה קלאסי בפחית,החברה המרכזית לייצור,IL,קוקה קולה סליק 330מל,,330.00,,false,,6.50,0.0197,true,1,163338
7290011017873,false,"קוקה קולה זירו פחית 330 מ""ל",החברה המרכזית לייצור,IL,קוקה קולה זירו סילק,,330.00,,false,,6.50,0.0197,true,1,163339
7290011017880,false,דיאט קוקה קולה פחית סליק 330מל,החברה המרכזית לייצור,IL,קוקה קולה דיאט 330מל,,330.00,,false,,6.50,0.0197,true,1,217374
7290011018443,false,"פנטה אורנג פחית סליק 330 מ""ל",החברה המרכזית לייצור,IL,פאנטה אורנג' סליק 33,,330.00,,false,,6.50,0.0197,true,1,163365
7290011022457,false,תבנית 90 ארוז 8 ר2,,,תבנית 90 ארוז 8 ר2,יחידה,0.00,יחידה,false,,9.90,0.0000,true,1,231362
7290011022464,false,תבנית 210 ר99 ארוז 4,,,תבנית 210 ר99 ארוז 4,יחידה,0.00,יחידה,false,,9.90,0.0000,true,1,231359
7290011022495,false,תבנית 8A ארוז 10יח',,,תבנית 8A ארוז 10יח',יחידה,0.00,יחידה,false,,9.90,0.0000,true,1,231363
7290011022945,false,תבנית אינגליש ארוז 1,,,תבנית אינגליש ארוז 1,יחידה,0.00,יחידה,false,,9.90,0.0000,true,1,231364
7290011022952,false,תבנית עגולה ארוז 6יח,,,תבנית עגולה ארוז 6יח,יחידה,0.00,יחידה,false,,9.90,0.0000,true,1,231365
7290011026301,false,"ד""ר פישר - שמפו לשיער כסוף 400 מ""ל",,,שמפו לשיער כסוף 400,,400.00,,false,,19.90,0.0497,true,1,184298
7290011115203,false,אל סבון מוצק מבושם בניחוח עדין קלאסיק - מארז רביעיה,טרופיקל דגיל תעשיות,IL,נקה 7 סבון מוצק ורוד,,400.00,,false,,11.90,0.0298,true,1,138827
7290011115258,false,אל סבון מוצק מבושם בניחוח עדין קלאסיק - מארז רביעיה,גליל כימיקלים בעמ,IL,נקה 7 סבון מוצק ירוק,,400.00,,false,,11.90,0.0298,true,1,138830
7290011115265,false,מארז סבון מוצק ארומה אל סבון מועשר בשמנים ארומטיים,גליל כימיקלים בעמ,IL,נקה 7 סבון מוצק לילך,,400.00,,false,,11.90,0.0298,true,1,138831
7290011126209,false,תה הגן הקסום תפוח וקינמון - סיידר 25 שקיקים,קריות זול,IL,תה תפוח וקינמון סייד,,55.00,100 גרם,false,,19.90,0.3618,true,1,147353
7290011126452,false,תה הגן הקסום קמומיל ונענע 25 יח',קריות זול,IL,תה הגן הקסום קמומיל,,37.50,100 גרם,false,,19.90,0.5307,true,1,147361
7290011126469,false,תה קמומיל ודבש 1.5ג' *25 שקיקים,קריות זול,IL,תה קמומיל ודבש הגן ה,,37.50,100 גרם,false,,19.90,0.5307,true,1,147362
7290011126940,false,תה ירוק בתוספת מרווה 25 שקיקים,ויסוצקי ירוק,IL,תה ירוק בתוספת מרווה,,37.50,100 גרם,false,,25.90,0.6907,true,1,147373
7290011132507,false,"סודה סן בנדטו מוגז עדין 500מ""ל",אקווה מינרלה סאן בנד,IT,מים סאן בנדטו מוגז 5,,500.00,,false,,3.50,0.0070,true,1,132438
7290011133375,false,בירה שנדי בתוספת משקה אפרסק - שישייה,"טמפו משקאות בע""מ",IL,שנדי אפרסק שישייה 6*,,1980.00,,false,,38.90,0.0196,true,1,132467
7290011153885,false,נייר אכיל לקישוט עוג,גילרוי,,נייר אכיל לקישוט עוג,יחידה,0.00,יחידה,false,,15.90,0.0000,true,1,143852
7290011164164,false,לקקן סודה טעמן 40 יח,גואנגדונג צאואן פוד,CN,"לקקן סודה זאזא בד""ץ",,320.00,100 גרם,false,,19.90,0.0622,true,1,150262
7290011194215,false,מעדן גבינה ויוגורט בטעם בננה 5% שומן 88 ג' דניאלה,"שטראוס בריאות בע""מ",IL,דניאלה מעדן בטעם בננ,,150.00,100 גרם,false,,4.10,0.0273,true,1,151335
7290011194246,false,קוטג שטראוס 5% עם סידן 250ג,מיוצר עי קונדיטוריית,IL,גבינת קוטג׳ 5% שטראו,,250.00,,false,,5.90,0.0236,true,1,151336
7290011223038,false,עלים לקרמשניט - בונומי 300גרם,בונומי ס.פ.א,IT,עלים לקרמשניט 300גר,,400.00,,false,,16.90,0.0422,true,1,160833
7290011223069,false,רצועות שעווה למיקרו,,,רצועות שעווה למיקרו,יחידה,0.00,יחידה,false,,24.90,0.0000,true,1,217269
7290011223229,false,"טואלט דאק ג'ל לאסלה טיפות טל רעננות 55 מ""ל","איטיליאן פוד, אס.פי.",IT,טואלט דאק ג'ל אסלה נ,,55.00,100 גרם,false,,9.90,0.1800,true,1,160842
7290011223243,false,"טואלט דאק ג'ל לאסלה בניחוח לבנדר 55 מ""ל","איטיליאן פוד, אס.פי.",IT,טואלט דאק ג'ל אסלה נ,,55.00,,false,,9.90,0.1800,true,1,160844
7290011236649,false,שקדיה שוקולד צ'יפס בלגי 300 ג',קריות זול,,נטיפי שוקולד צ'יפס א,,300.00,,false,,9.90,0.0330,true,1,220833
7290011254032,false,קינואה מיה 500 גרם,מיה,IL,קינואה מיה 500 גרם,,500.00,100 גרם,false,,10.90,0.0218,true,1,237125
7290011254254,false,נטיפים צמקאו בטעם שוקולד,מיה תעשיות מזון,IL,נטיפי שוקולד 300 גרם,,300.00,100 גרם,false,,9.90,0.0330,true,1,157051
7290011254452,false,סוכריות מנטה ללא סוכר 80גרם,מיה תעשיות מזון,IL,סוכריות ללא סוכר מנט,,80.00,100 גרם,false,,5.90,0.0738,true,1,220024
7290011254766,false,"שעועית לוביה יבשה מיה 400 גר'בד""צ",מיה תעשיות מזון בעמ,IL,שעועית לוביה 400גר,,400.00,100 גרם,false,,8.90,0.0223,true,1,216994
7290011332983,false,מגבונים לניקוי אף מגבונאף קמיל בלו- מארז שלישייה,"ד""ר פישר Dr fischer",IL,מגבונאף קמיל בלו שלי,יחידה,0.00,יחידה,false,,24.90,0.0000,true,1,158573
7290011369279,false,צינור מקלחת 2 מטר,,,צינור למקלחת 2 מ,יחידה,0.00,יחידה,false,,30.90,0.0000,true,1,214307
7290011378257,false,חטיף חלבה בטעם וניל ללא תוספת סוכר בתוספת פיסטוק ופקאן,רושדי תעשיות מזון בע,IL,בארכה חטיף חלבה פקאן,,126.00,100 גרם,false,,13.90,0.1103,true,1,135903
7290011379018,false,פטריות טריות מיקס מרינה זוגי 250X2ג',"מרינה פטריות הגליל בע""מ",IL,פטריות צמד חמד איטלק,,500.00,100 גרם,false,,15.90,0.0318,true,1,131921
7290011431488,false,"אציטון 100 מ""ל",,,"אצטון 100 מ""ל",יחידה,0.00,יחידה,false,,4.90,0.0000,true,1,235087
7290011431495,false,"אלכוהול 100 סמ""ק ר.ש",,,"אלכוהול 100 סמ""ק ר.ש",יחידה,0.00,יחידה,false,,4.90,0.0000,true,1,237696
7290011431853,false,מפות שמיניה עבה קריסטלי ר.שמאי,,,מפות שמיניות עבה כתו,יחידה,0.00,יחידה,false,,7.90,0.0000,true,1,231352
7290011435226,false,דבש מפרחי בר לחיץ 650 ג' יד מרדכי,מכוורת יד מרדכי שטרא,IL,דבש מפרחי בר לחיץ 65,,650.00,100 גרם,false,,39.90,0.0614,true,1,161983
7290011438142,false,"משקה יטבתה אייס קפה בבקבוק אישי 350 מ""ל",שטראוס גרופ,IL,אייס קפה יטבתה בבקבו,,350.00,,false,,6.90,0.0197,true,1,151355
7290011447014,false,מטרנה דייסת סלט פירות 200גרם,קריות זול,IL,דייסת סלט פירות מטרנ,,200.00,100 גרם,false,,15.90,0.0795,true,1,135908
7290011489533,false,בייגלה שמיניות עם מל,,,בייגלה שמיניות עם מל,,300.00,,false,,5.90,0.0197,true,1,156656
7290011489540,false,בייגלה שמיניות עם שו,,,בייגלה שמיניות עם שו,,300.00,100 גרם,false,,5.90,0.0197,true,1,156657
7290011489595,false,טופז קרקר שומשום 110גר,אפיפית נצרת,IL,קרקר טופז שומשום 110,,110.00,100 גרם,false,,3.50,0.0318,true,1,156661
7290011489601,false,קרקר טופז בטעם בצל ה,אפיפית נצרת,IL,קרקר טופז בצל 110גר,,110.00,100 גרם,false,,3.50,0.0318,true,1,156662
7290011499129,false,בולגרית מעודנת קוביות קטנות 5% 200 גרם - רבנות,קוד יצרן DSH,IL,בולגרית מעודנת קוביו,,200.00,100 גרם,false,,24.90,0.1245,true,1,131046
7290011499303,false,פטה עיזים מעודנת 5% בגביע 250 גרם - רבנות,ג'נרל מילס סאן אדריא,IL,בולגרית עיזים מעודנת,,250.00,100 גרם,false,,31.90,0.1276,true,1,131054
7290011499327,false,גבינה בולגרית מעודנת 5% 250 גרם - רבנות,מיוצר על ידי DSH עבו,IL,בולגרית בקר מעודנת 2,,250.00,100 גרם,false,,23.90,0.0956,true,1,131056
7290011499341,false,קשקבל בוואקום 26% 200 גרם - רבנות,הנסיך- מפעל לייצור ט,IL,גבינה קאשקבל מחלבות,,250.00,100 גרם,false,,27.50,0.1100,true,1,131058
7290011499358,false,פטה עיזים מסורתית 20% בגביע 200 גרם - רובין,מיוצר על ידי קוד יצר,IL,פטה עיזים 200גר מחלב,,200.00,100 גרם,false,,28.90,0.1445,true,1,131059
7290011499365,false,גד חלומי 24% 200 גרם רובין,"מחלבות גד בע""מ",IL,גבינת חלומי מחלבות ג,,200.00,100 גרם,false,,22.70,0.1135,true,1,131060
7290011499419,false,גבינה במרקם שמנת בטעם טבעי 5% ניו יורק,מחלבות גד,IL,קרם שמנת ניו יורק טב,,200.00,100 גרם,false,,13.90,0.0695,true,1,211377
7290011499624,false,שמנת 30% ניו יורק טבעי 200 גרם רבנות,מחלבות גד,IL,גבינת שמנת ניו יורק,,200.00,,false,,13.90,0.0695,true,1,131070
7290011499853,false,גבינת שמנת עם זיתים 30% ניו יורק,מחלבות גד (שיווק 199,IL,גבינת שמנת ניו יורק,,200.00,,false,,13.90,0.0695,true,1,131087
7290011501617,false,חמוציות ברכז פרי ללא,אף.סי תבליני בגליל ב,IL,חמוציות דל סוכר 250ג,,250.00,100 גרם,false,,16.90,0.0676,true,1,155346
7290011505509,false,מזלגות מהודר עבה במי,הוסטס Hostess,,מזלג מהודר עבה הוסטס,יחידה,0.00,יחידה,false,,9.90,0.0000,true,1,240220
7290011505516,false,סכין מהודר עבה במיוחד 50 יחידות הוסטס,הוסטס Hostess,,סכין מהודר עבה 50יח,יחידה,0.00,יחידה,false,,9.90,0.0000,true,1,240219
7290011514280,false,וואקום סקוטש פתוח,,,וואקום סקוטש פתוח,יחידה,0.00,יחידה,false,,7.90,0.0000,true,1,166057
7290011514709,false,מתלים וואקום - זוג,,,מתלים וואקום זוג,יחידה,0.00,יחידה,false,,9.90,0.0000,true,1,223151
7290011515683,false,מעדן קפוא אקסטרים Extreme בטעם וניל - 6 יח',תות תעשיות מזון (201,IL,מאגדת אקסטרים וניל 6,יחידה,0.00,יחידה,false,,34.90,0.0000,true,1,141405
7290011518561,false,"אקטימל תות משפחתי מארז 14X100מ""ל",מיוצר עי קונדיטוריית,IL,אקטימל תות משפחתי 14,,1400.00,100 גרם,false,,32.90,0.0235,true,1,151384
7290011525712,false,"קמיל בלו סנסיטיב אל סבון לפני השינה, 1 ליטר","ד""ר פישר Dr fischer",IL,קמיל בלו סנסיטיב לפנ,,1000.00,,false,,32.90,0.0329,true,1,158576
7290011537371,false,פסטה קונכיות טעמן 500 גר',מוטלו,TR,פסטה קצרה צורות שונו,,500.00,100 גרם,false,,4.90,0.0098,true,1,216149
7290011570132,false,תחליף קמח ללא גלוטן,אשבל מזון פונקציונלי,IL,"קמח ללא גלוטן 1ק""ג",,1000.00,,false,,19.90,0.0199,true,1,134118
7290011575007,false,"הפי מרסס שומר ברק למקלחון 750 מ""ל",מיפא,DE,הפי מרסס לאמבט 750 מ,,750.00,,false,,19.90,0.0265,true,1,141280
7290011587079,false,חרדל דיז'ון גרגירים 370 ג' PICCATA,Covinor sas,,חרדל דיז'ון גרגרים 3,,370.00,100 גרם,false,,8.90,0.0241,true,1,134122
7290011587093,false,תירס גמדי תומר 400 ג,איידונג יוזו,,תירס גמדי תומר 400 ג,,400.00,100 גרם,false,,8.90,0.0223,true,1,134123
7290011587468,false,מוזלי קראנצ'י בתוספת אגוזים,ויטליה,,מוזלי קראנצי אגוז 60,,600.00,100 גרם,false,,13.90,0.0232,true,1,200299
7290011587697,false,ממרח עגבניות מיובשות פסטו תומר 340 ג',,,עגבניות מיובשות פסטו,,340.00,100 גרם,false,,12.90,0.0379,true,1,194634
7290011587703,false,עגבניות מיובשות פסטו חריף תומר 340ג',תומר,,עגבניות מיובשות פסטו,,340.00,100 גרם,false,,12.90,0.0379,true,1,200300
7290011587758,false,אטריות נודלס דק 200 גר' -תומר,אופאל,,נודלס דק 200 גרם,,200.00,,false,,6.90,0.0345,true,1,134143
7290011587826,false,חרדל דיז'ון תומר 370ג',Covinor sas,,חרדל דיז'ון 370 גר,,370.00,100 גרם,false,,8.90,0.0241,true,1,134146
7290011587833,false,חצאי עגבניות מיובשות מתובלות בשמן חמניות ועשבי תיבול,Sunto gida sun ve ti,,עגבניות חצויות מיובש,,340.00,100 גרם,false,,12.90,0.0379,true,1,200301
7290011587994,false,רוטב סויה 700 ג' תומר,,,רוטב סויה 750מל,,750.00,,false,,10.90,0.0145,true,1,134150
7290011598211,false,"סנו - אנטי קאלק מרסס ניקוי כללי 4 ב-1 700 מ""ל",מיוצר עי קונדיטוריית,IL,סנו אנטי קאלק ניקוי,,700.00,100 גרם,false,,19.90,0.0284,true,1,138861
7290011598259,false,"סנו - פרש מילוי למטהר אוויר מאסק 250 מ""ל",סנו מפעלי ברונוס בעמ,IL,מטהר אוויר פרש אוטומ,יחידה,0.00,יחידה,false,,15.90,0.0000,true,1,221782
7290011598402,false,מרכך כביסה מקסימה מאסק ורוד 4 ל' סנו,סנו מקסימה,IL,סנו מקסימה מרכך כביס,ליטרים,4.00,ליטר,false,,22.90,5.7250,true,1,138866
7290011607180,false,"קולון 101 לכביסה 1.25 ק""ג",ריקט בנקיזר ( ניר אי,IL,קולון 101כתמים אבקת,קילוגרמים,1.25,"ק""ג",false,,10.90,8.7200,true,1,154751
7290011607197,false,"אבקת כביסה קולון 5 ק""ג",רקיט בנקיזר,IL,קולון 101כתמים אבקת,קילוגרמים,5.00,"ק""ג",false,,34.90,6.9800,true,1,154752
7290011618025,false,חטיף אורז אפוי לתינוקות בטעם טבעי +6,גואנז'ו יונג וואנט פ,CN,בייבי ביס לתינוקות ב,,150.00,,false,,12.90,0.0860,true,1,160868
7290011622428,false,כתמטמינים-חטיף בריאות לתינוקות וילדים 45 ג',מיוצר עבור גולדן האר,IL,כתמטמינים חטיף בריאו,,45.00,,false,,7.90,0.1756,true,1,149306
7290011622664,false,כתמטמינים - חטיף אצבעות טחינה אורז ותירס 45 גרם,אלס נוטרישן,IL,כתמטמינים טחינה 45 ג,,45.00,100 גרם,false,,7.90,0.1756,true,1,239636
7290011622817,false,ביסונים בטעם שוקולד,,,ביסונים בטעם שוקולד,,70.00,,false,,14.90,0.2129,true,1,240111
7290011668570,false,גרנולה פירות יבשים ללא תוספת סוכר,בריא מהטבע פנינה רוזנבלום,IL,גרנולה פירות יבשים פ,,450.00,,false,,29.90,0.0664,true,1,222368
7290011732172,false,שרשרת 24 יח שקית משפחתית מהדרין,גואנגדונג צאואן פוד,CN,סוכריות שרשרת טעמן 2,יחידה,0.00,יחידה,false,,19.90,0.0000,true,1,216150
7290011743833,false,משחת שיניים פרונמל Pro namel מנטה,גלקסו סמית קליין,GB,סנסודיין משחת שיניים,,75.00,100 גרם,false,,21.90,0.2920,true,1,154396
7290011765095,false,ג'ל גילוח לעור עדין אלוורה,טרופיקל דגיל תעשיות,TR,קרמה גל גילוח דליקט,,200.00,100 גרם,false,,12.90,0.0645,true,1,138873
7290011800840,false,טחינה בלאדי רפי כהן 400 ג' צבר,סלטי צבר,IL,טחינה בלאדי צבר 400ג,,400.00,100 גרם,false,,16.90,0.0422,true,1,135954
7290011860271,false,ביסבול כדורי פירה בציפוי פריך,"תעשיות תפוגן בע""מ",IL,ביסבול טבעי תפוגן 70,,700.00,100 גרם,false,,16.90,0.0241,true,1,135959
7290011876388,false,קציצות עוף ובקר 660 ג' מאמא עוף,תנובה גליל שותפות מו,IL,קציצות עוף ובקר מאמא,,600.00,100 גרם,false,,34.90,0.0582,true,1,145502
7290011877156,false,"מבשם אוויר, בגדים וארונות פרש בניחוח מאסק",מיוצר עי קונדיטוריית,IL,סנו פרש ענק מאסק 375,,375.00,100 גרם,false,,11.90,0.0317,true,1,138895
7290011877866,false,אבקת כביסה סנו מקסימה בניחוח Musk,"איי, בי, אינבוו",IL,סנו מקסימה מאסק אבקת,קילוגרמים,6.00,"ק""ג",false,,49.90,8.3167,true,1,138909
7290011947316,false,זיתא זיתי קלמטה בשמן זית כתית מעולה 215ג,סטאר סנקס,IL,זיתי קלמטה 215 גר,,215.00,,false,,13.90,0.0647,true,1,147388
7290011947743,false,מיקס זית ירוק וזית קלמטה 215 ג' זיתא,ויסוצקי,IL,מיקס זית ירוק וזית ק,,215.00,,false,,13.90,0.0647,true,1,233450
7290011947781,false,מיקס זית ירוק וזית קלמטה ללא גלעין עם שמן זית 190 ג',זיתא,IL,מיקס זית ירוק/קלמטה,,215.00,,false,,13.90,0.0647,true,1,233720
7290011947798,false,זית קלמטה ללא גלעין עם שמן זית כתית 190 ג',זיתא,IL,זית קלמטה ללא גלעין,,215.00,100 גרם,false,,13.90,0.0647,true,1,233721
7290011964344,false,תבלין שום גבישי 120 ג',תות ממתקי איכות,IL,שום גבישי 120גר,,120.00,100 גרם,false,,11.90,0.0992,true,1,153380
7290011964542,false,תבלין פפריקה מתוקה 400ג',תות ממתקי איכות,IL,פפריקה מתוקה 400גר,,400.00,,false,,22.90,0.0572,true,1,153381
7290011964597,false,תבלין כמון טחון 400גר,תבליני טעם וריח,IL,כמון טחון 400גר,,400.00,,false,,24.90,0.0622,true,1,153383
7290011964658,false,תבלין מלח לימון טעם,תות ממתקי איכות,IL,מלח לימון 170גר,,170.00,100 גרם,false,,9.90,0.0582,true,1,153387
7290011964689,false,תבלין תיבול על האש ללא מונוס' 100ג',תות ממתקי איכות,IL,תיבול על האש ללא מונ,,100.00,100 גרם,false,,9.90,0.0990,true,1,153388
7290011977634,false,סרדינים פלפל חריף 125ג - רובין טעים,טעים,MA,סרדין פלפל חריף 125,,125.00,,false,,6.90,0.0552,true,1,150287
7290011977924,false,טעמן פסטה קרנים\פרפלה 500גרם,מוטלו,TR,פסטה קרנים\פרפלה טעמ,,500.00,100 גרם,false,,4.90,0.0098,true,1,216153
7290012001994,false,חרדל דיז'ון גרעינים 350 ג' ריין דיזון,ריין דיז'ון reine dijon,FR,חרדל דיזון גרעינים 3,,350.00,100 גרם,false,,14.90,0.0426,true,1,137945
7290012019036,false,שיני שום בצנצנת תומר 330ג',Qingdao canned foods,,שיני שום כבוש צנצנת,,330.00,100 גרם,false,,9.90,0.0300,true,1,134159
7290012019258,false,מחית תפוחי עץ רביעיה 4 * 113 ג' תומר,Cherry growers inc,,"מחית תפו""ע 4*113גר",,452.00,100 גרם,false,,11.90,0.0263,true,1,134164
7290012019265,false,"רסק תפו""ע דיאט תומר מארז 113X4ג'",Cherry growers inc,,"מחית תפו""ע ללא סוכר",,452.00,,false,,11.90,0.0263,true,1,134165
7290012019272,false,"רסק תפו""ע וקינמון תומר מארז113X4ג'",Cherry growers inc,,"מחית תפו""ע עם קינמון",,452.00,100 גרם,false,,11.90,0.0263,true,1,134166
7290012022203,false,פריכיות קליליות חיטה,דילייט,,קליליות (פריכיות) חי,,100.00,100 גרם,false,,14.90,0.1490,true,1,164089
7290012022227,false,פריכיות קליליות בטעם,דילייט,,קליליות (פריכיות) חי,,100.00,100 גרם,false,,12.90,0.1290,true,1,164090
7290012022272,false,פריכיות קליליות קידס,דילייט,,קליליות קידס 30גר,,30.00,100 גרם,false,,11.90,0.3967,true,1,207566
7290012025822,false,סלט סלק אסלי 400 גרם,סלטי שמיר 2006 בעמ,IL,סלק אסלי 400גר,,400.00,100 גרם,false,,13.90,0.0348,true,1,153197
7290012025839,false,מטבוחה שמיר אסלי 400 גרם,סלטי שמיר 2006 בעמ,IL,מטבוחה אסלי 400גר,,400.00,,false,,13.90,0.0348,true,1,153198
7290012030512,false,ל.מ כחול לייבל ארוך,פיליפ מוריס,,אל אם כחול ארוך,יחידה,0.00,יחידה,false,,32.00,0.0000,false,1,208912
7290012086113,false,עגבניות שרי צימן קופסא 500ג',ירקט,IL,שרי קלמר ארוז 450 גר,,450.00,100 גרם,false,,9.90,0.0220,true,1,223170
7290012116025,false,שמפו פיית הפרפרים לסירוק קל מכיל רוזמרין,קוסמופארם בע''מ,IL,כיף שמפו פיות 750מל,,750.00,,false,,11.90,0.0159,true,1,138916
7290012117039,false,מסיר אבנית ומנקה לאמבטיה 00,סנו,IL,נוזל 00 לאמבטיה 1ליט,,1000.00,100 גרם,false,,8.90,0.0089,true,1,138961
7290012117435,false,"קרמה - שמפו וג'ל רחצה 2 ב-1 אלוורה 700 מ""ל",טרופיקל דגיל תעשיות,IL,קרמה גל רחצה לגבר אל,,700.00,,false,,17.90,0.0256,true,1,138974
7290012117534,false,סנו - מקסימה מרכך כביסה מרוכז קול 1 ליטר,"סנו מפעלי ברונוס בע""",IL,סנו מקסימה קומפקט 1ל,,1000.00,,false,,18.90,0.0189,true,1,138978
7290012117541,false,מרכך כביסה מקסימה קומפקט צהוב 1 ל' סנו,סנו מקסימה,IL,סנו מקסימה קומפקט צה,,1000.00,,false,,18.90,0.0189,true,1,138979
7290012117558,false,מרכך כביסה קומפקט מאסק ורוד סנו מקסימה 1 ל',"סנו מפעלי ברונוס בע""",IL,סנו מקסימה קומפקט מא,,1000.00,,false,,18.90,0.0189,true,1,138980
7290012117732,false,סנו - מקסימה מרכך כביסה קול שחור 4 ליטר,"סנו מפעלי ברונוס בע""",IL,סנו מקסימה מרכך כביס,ליטרים,4.00,ליטר,false,,22.90,5.7250,true,1,138993
7290012117916,false,סנו אינסטלאטור פותח סתימות נוזלי 1 ל',"סנו מפעלי ברונוס בע""",IL,סנו אינסטלטור נוזל 1,,1000.00,,false,,29.90,0.0299,true,1,139000
7290012139567,false,ביסקוויט עוף בונזו ג,Ping Yang,,בונזו ג'וי ביסקוויט,,90.00,100 גרם,false,,17.90,0.1989,true,1,212058
7290012191855,false,גפרור רגיל עשיריות,,IN,גפרור רגיל עשיריות,יחידה,0.00,יחידה,false,,2.90,0.0000,true,1,230186
7290012193163,false,פמלי אל סבון פרחי בר,אף.סי תבליני בגליל ב,TR,פמלי אל סבון פרחי בר,,1000.00,,false,,14.90,0.0149,true,1,160901
7290012226014,false,נקניקיות וינר זוגלובק 800 גרם,נקניק נהריה כשר זוגל,,נקניקיות וינר זוגלוב,,800.00,100 גרם,false,,22.90,0.0286,true,1,165134
7290012226021,false,סלמי מעושן פראג יבש 400 ג' זוגלובק,נקניק נהריה כשר זוגל,IL,*מבצע* סלמי מעושן פר,,400.00,100 גרם,false,,15.90,0.0398,true,1,165135
7290012226120,false,קבנוס זוגלובק 135גר,נקניק נהריה כשר זוגל,IL,קבנוס זוגלובק 135גר,,135.00,100 גרם,false,,11.90,0.0881,true,1,165137
7290012226922,false,קבנוס בטעם שום 135 ג' זוגלובק,נקניק נהריה כשר זוגל,IL,קבנוס בטעם שום זוגלו,,135.00,100 גרם,false,,11.90,0.0881,true,1,165142
7290012226939,false,קבנוס עם צ'ילי חריף 135ג' זוגלובק,נקניק נהריה כשר זוגל,IL,קבנוס בטעם צילי זוגל,,135.00,100 גרם,false,,11.90,0.0881,true,1,165143
7290012226991,false,"נקניקיות עוף באריזת ג''מבו 1.5 ק""ג זוגלובק",נקניק נהריה כשר זוגל,IL,*מבצע* נקניקיות בארי,,1000.00,100 גרם,false,,25.90,0.0259,true,1,228517
7290012227325,false,סלמי דק דק מעושן איטלקי 120 ג' זוגלובק,זוגלובק,IL,סלמי מעושן דק דק 120,,120.00,100 גרם,false,,14.90,0.1242,true,1,209852
7290012227400,false,נקניקיות עוף זוגלובק 800 גרם,נקניק נהריה כשר זוגל,,נקניקיות עוף זוגלובק,,800.00,100 גרם,false,,22.90,0.0286,true,1,165160
7290012227912,false,קבנוס עודן 135 ג' זוגלובק,זוגלובק,,קבנוס מעודן זוגלובק,,135.00,100 גרם,false,,11.90,0.0881,true,1,165174
7290012227974,false,פסטרמה הודו בדבש טהור דק דק דק,זוגלובק,IL,פסטרמה בדבש דק דק 12,,120.00,100 גרם,false,,14.90,0.1242,true,1,209853
7290012227981,false,פסטרמה דק דק ברביקיו 120 ג' זוגלובק,זוגלובק,IL,פסטרמה ברביקיו דק דק,,120.00,100 גרם,false,,14.90,0.1242,true,1,209854
7290012227998,false,פסטרמה דק דק חזה בקר 120 ג' זוגלובק,זוגלובק,IL,חזה בקר דק דק 120גר,,120.00,100 גרם,false,,14.90,0.1242,true,1,209855
7290012228124,false,קבנוס סטיקס עם נגיעות מלח ים סדרת ריינהולד'ס,זוגלובק,IL,קבנוס סטיקס זוגלובק,,50.00,100 גרם,false,,9.90,0.1980,true,1,209171
7290012228261,false,נקנקיות קנקרס הודו ועוף ריינהולד'ס זוגלובק 300 ג',זוגלובק,IL,נקניקיות הודו פרמיום,,300.00,,false,,19.90,0.0663,true,1,212118
7290012228278,false,נקנקיות בוקוורסט עוף ובקר ריינהולד'ס 310 ג' זוגלובק,זוגלובק,IL,נקניקיות הודו בקר רי,,310.00,,false,,19.90,0.0642,true,1,212119
7290012228766,false,קבנוס מחפוד זוגלובק,זוגלובק,IL,קבנוס מחפוד זוגלובק,,120.00,100 גרם,false,,12.90,0.1075,true,1,232707
7290012245312,false,"צ'יפס אמריקאי 1.5 ק""ג גולד שארית",יוליניבר,BE,גולד ציפס אמריקאי 1.,קילוגרמים,1.50,"ק""ג",false,,19.90,13.2667,true,1,229362
7290012245329,false,"צ'יפס קלאסי 1.5 ק""ג גולד שארית",יוליניבר,BE,גולד צ'יפס קלאסי1.5,,1500.00,100 גרם,false,,19.90,0.0133,true,1,229363
7290012245336,false,"גולד צ'יפס סטייק 1.5 ק""ג גולד שארית",אגריסטו,NL,גולד סטייק צ'יפס -1.,,1500.00,,false,,19.90,0.0133,true,1,229365
7290012260827,false,שערות קדאיף מזאווי 4,ממתקי מזאוי,,שערות קדאיף 475 גרם,,475.00,100 גרם,false,,14.90,0.0314,true,1,219161
7290012309939,false,חלבה מסולסלת דין שיווק 500 ג',אף.סי תבליני בגליל ב,IL,חלבה מסולסלת 500גר,,500.00,100 גרם,false,,14.90,0.0298,true,1,155365
7290012313141,false,מלפפון פרוס במלח A2 ק.יבנה 540ג',אף.סי תבליני בגליל ב,IL,פרוסות מלפפון במלח 5,,540.00,,false,,6.30,0.0117,true,1,164178
7290012404993,false,ספרינג נקטר חמוציות דיאט קולקשיין 1.25ל,"יפאורה תבורי בע""מ",IL,ספרינג קולקשיין דיאט,,1250.00,,false,,13.90,0.0111,true,1,215428
7290012413636,false,תה ויסוצקי ירוק צ'אי מסאלה 25 יח',ויסוצקי ירוק,IL,תה ירוק מסאלה 25יח,,1500.00,100 גרם,false,,25.90,0.0173,true,1,147404
7290012426407,false,אבן תלייה ריחני לרכב,,,אבן תלייה ריחני לרכב,יחידה,0.00,יחידה,false,,9.90,0.0000,true,1,211631
7290012454172,false,סוכריות ללא סוכר בטעם יוגורט- תות שדה,מיה תעשיות מזון,IL,סוכריות ללא סוכר יוג,,80.00,100 גרם,false,,5.90,0.0738,true,1,220035
7290012454196,false,סוכריות קפוצ'ינו ללא סוכר 80גרם,מיה תעשיות מזון,IL,סוכריות ללא סוכר קפו,,80.00,100 גרם,false,,5.90,0.0738,true,1,220037
7290012454202,false,סוכריות ריבת חלב ללא סוכר 80גרם,מיה תעשיות מזון,IL,סוכריות ללא סוכר ריב,,80.00,,false,,5.90,0.0738,true,1,220038
7290012454592,false,סוכריות ללא סוכר בטעם דבש לימון,מיה תעשיות מזון,IL,סוכריות דבש לימון לל,,80.00,100 גרם,false,,5.90,0.0738,true,1,221072
7290012522581,false,טבעול שניצל תירס ללא גלוטן טבעול 664 גרם,עיצובים 2020 (4.8),IL,שניצל תירס ללא גלוטן,,664.00,,false,,29.90,0.0450,true,1,135985
7290012561405,false,בצל חצי מטוגן דורות 180 גרם,עיצובים 2020 (3.8),IL,בצל חצי מטוגן דורות,,180.00,100 גרם,false,,11.90,0.0661,true,1,135996
7290012576607,false,"יין פרימייר אדום קברנה סובניון ומלבק 750 מ""ל","ברקן שיווק והפצה בע""",IL,יין פרימייר אדום קבר,,750.00,,false,,29.90,0.0399,true,1,132484
7290012576614,false,יין Premieur לבן חצי יבש אמרלד ריזלינג קולומברד,יקבי ברקן שיווק והפצ,IL,יין פרימייר לבן ריזל,,750.00,,false,,29.90,0.0399,true,1,132485
7290012642036,false,פסטה לה פסטה 5 ספגטי,,,פסטה לה פסטה 5 ספגטי,,400.00,,false,,4.90,0.0123,true,1,134198
7290012642876,false,פלפלים קטנים חריפים כבושים שלמים,יושלם,,פלפלונים מעורבים כבו,,530.00,,false,,9.90,0.0187,true,1,134217
7290012642883,false,פלפלונים צהובים כבוש,Satko ltd,,פלפלונים צהובים כבוש,,530.00,,false,,9.90,0.0187,true,1,134218
7290012645020,false,"יוגורט עיזים טבעי חלב הארץ 500 מ""ל",חלב הארץ,,משקה יוגורט עיזים חל,,500.00,,false,,12.90,0.0258,true,1,233269
7290012645112,false,"יוגורט עיזים בדלי חלב הארץ 750מ""ל",מחלבות סוסיא,IL,יוגורט עיזים בדלי 75,,750.00,100 גרם,false,,20.70,0.0276,true,1,203631
7290012803055,false,ממתיק על בסיס סוכרלוז - שקיות,תות ממתקי איכות,IL,סוכרלוז מרמולייט 100,,100.00,100 גרם,false,,29.90,0.2990,true,1,160916
7290012803796,false,שוקולד חלב עם אגוזים ללא תוספת סוכר,אלטינמארקה גידה סאן,TR,שוקולד טוסו חלב ואגו,,100.00,,false,,12.90,0.1290,true,1,160952
7290012823251,false,אל סבון כיף יסמין לבנדר 1 ליטר,קוסמופארם,IL,כיף אל סבון יסמין לב,,1000.00,100 גרם,false,,13.90,0.0139,true,1,139024
7290012823404,false,מטהר אוויר פרש אוטומטיק יסמין וסנדלווד,סנו פרש Fresh,,מטהר אוויר סנו פרש א,יחידה,0.00,יחידה,false,,15.90,0.0000,true,1,221379
7290012823541,false,מטליות ריצפז פרש בריח לבנדר 10 יח' סנו,"סנו מפעלי ברונוס בע""",IL,מטליות לחות לרצפה בנ,יחידה,0.00,יחידה,false,,13.90,0.0000,true,1,220414
7290012823602,false,נייר טואלט סופט סילק לבן - מארז 32 גלילים,טרופיקל דגיל תעשיות,IL,סופט סילק נייר טואלט,,1950.00,,false,,36.90,0.0189,true,1,139036
7290012823923,false,מרכך כביסה סופר מרוכז פרפיום גולדן סנרייז,סנו מפעלי ברונוס בעמ,IL,סנו מקסימה פרפיום גו,,750.00,,false,,18.90,0.0252,true,1,139049
7290012823947,false,"סנו - מרכך כביסה מרוכז פרפיום קריסטל נואר 750 מ""ל",מיוצר עי קונדיטוריית,IL,סנו מקסימה פרפיום קר,,750.00,,false,,18.90,0.0252,true,1,139051
7290012850035,false,מחית ביליבד תפוח ואפרסק 190ג',NOVOFRUCHT SK S.R.O,SK,בלאבד מחית תפוח ואפר,,190.00,100 גרם,false,,5.90,0.0311,true,1,131245
7290012901355,false,דודלס ארוחת אטריות עם גבינה 206 גרם,האי נאם סי או אל.טי.,US,פסטה מקרוני עם גבינה,,206.00,100 גרם,false,,12.90,0.0626,true,1,215114
7290012929779,false,פסטה ספירלה מקמח מלא טעמן 500 ג',מוטלו,TR,פסטה ספירלה חיטה מלא,,500.00,,false,,6.90,0.0138,true,1,216155
7290012929786,false,טעמן פסטה צינורות חיטה מלאה 500גר,מוטלו,TR,פסטה צינורות חיטה מל,,500.00,,false,,6.90,0.0138,true,1,150309
7290012931611,false,שייני כריות ברזל שלשייה,,,כריות ברזל 3יח,,3.00,,false,,6.90,2.3000,true,1,152825
7290012931734,false,"שייני מבשם נוזלי לבנדר 400 מ""ל",מ.א ייצור ושיווק מטל,,מבשם אוויר נטול גז ב,,400.00,,false,,9.90,0.0248,true,1,152830
7290012938405,false,רדיד אלומניום דיימונד 087- עבה במיוחד,,,דאיימונד נייר כסף 87,,0.45,,false,,19.90,44.2222,true,1,154424
7290012938580,false,"סנסודיין משחת שיניים להלבנה עדינה 75 מ""ל",גלקסוסמית'קליין קונס,GB,סנסודיין משחת שיניים,,75.00,,false,,21.90,0.2920,true,1,154428
7290012938597,false,"סנסודיין משחת שיניים רפיד רליף 75 מ""ל","סמיתקליין ביצ'ם בע""מ",SK,סנסודיין משחת שיניים,,75.00,,false,,21.90,0.2920,true,1,154429
7290012938740,false,"משחת שיניים פרש מינט מנטה 75מ""ל סנסודיין",גלקסו סמית קליין,GB,סנסודיין משחת שיניים,,75.00,,false,,21.90,0.2920,true,1,154432
7290012962974,false,כפית מהודרת עבה במיו,F.T.I,,כפית מהודרת עבה 50יח,,50.00,,false,,9.90,0.1980,true,1,240223
7290012983160,false,סילאן לחיץ חצר כנרת,מנדלז סי.אר. פרודקשן,IL,סילאן לחיץ חצר כנרת,,400.00,100 גרם,false,,10.00,0.0250,true,1,166347
7290012996450,false,הפי מרכך לכביסה מרוכז כחול 1ל',קרלו,BE,הפי מרכך כביסה מרוכז,,1000.00,,false,,10.90,0.0109,true,1,141289
7290012996672,false,הפי סבון לאסלה מבושם זוג,יוליניבר,IT,הפי סבון אסלה מבושם,,110.00,100 גרם,false,,12.90,0.1173,true,1,141295
7290013031051,false,אורז יסמין לבן שוקחה,,,אורז יסמין לבן שוקחה,,5000.00,,false,,29.90,0.0060,true,1,204441
7290013083678,false,תרכובת מזון המשך לפעוטות שלב 2 Extra Care,מולינו ניקולי s.p.a,IL,מטרנה אקסטרא קר שלב,,700.00,100 גרם,false,,59.90,0.0856,true,1,136003
7290013083685,false,תרכובת מזון המשך לפעוטות שלב 3 Extra Care,מטרנה תעשיות ש.מ,IL,מטרנה אקסטרא קר שלב,,700.00,100 גרם,false,,59.90,0.0856,true,1,136004
7290013117212,false,בורקס פילו גבינה מעדנות מעדנות 600 ג',מיוצר עי קונדיטוריית,IL,בורקס פילו גבינה מעד,,600.00,100 גרם,false,,19.90,0.0332,true,1,145529
7290013117229,false,בורקס פילו תפוא מעדנות 600 גרם,מיוצר עי קונדיטוריית,IL,בורקס פילו תפוא מעדנ,,600.00,,false,,19.90,0.0332,true,1,145530
7290013117236,false,בורקס פילו פיצה מעדנות 600 ג',מיוצר עי קונדיטוריית,IL,בורקס פילו פיצה מעדנ,,600.00,,false,,19.90,0.0332,true,1,145531
7290013117243,false,בורקס פילו בולגרית מעדנות 600 ג',מיוצר עי קונדיטוריית,IL,בורקס פילו בולגרית מ,,600.00,100 גרם,false,,19.90,0.0332,true,1,145532
7290013117410,false,בצק פריך מרודד למאפים מתוקים 900 ג' מעדנות,מיוצר עי קונדיטוריית,IL,בצק פריך מרודד למאפי,,900.00,100 גרם,false,,23.90,0.0266,true,1,145535
7290013117427,false,בצק פריך מרודד למאפים מלוחים 900 ג' מעדנות,מיוצר עי קונדיטוריית,IL,בצק פריך מרודד למאפי,,900.00,100 גרם,false,,23.90,0.0266,true,1,145536
7290013117526,false,מעדנות בצק שמרים למאפים מתוקים 900 גרם,"מעדנות בע""מ",IL,בצק שמרים למאפים מתו,,900.00,100 גרם,false,,23.90,0.0266,true,1,145541
7290013153593,false,רכז פריגת תפוזים מתק,"גת גבעת חיים,",IL,פריגת מיץ תפוזים מתק,,1000.00,,false,,14.90,0.0149,true,1,235921
7290013268020,false,סנו - מקסימה מרכך כביסה מרוכז אולטרה פרש 1 ליטר,"סנו מפעלי ברונוס בע""",IL,סנו מקסימה אולטרא פר,,1000.00,100 גרם,false,,18.90,0.0189,true,1,139057
7290013268242,false,תרכיז ריחני לניקוי רצפות בריח מלון מפנק ריצפז פרש,"סנו מפעלו ברונוס בע""",IL,ריצפז פרש הום בניחוח,,2000.00,,false,,23.90,0.0119,true,1,229881
7290013268884,false,ריצפז פרש בניחוח מאסק,מיוצר עי קונדיטוריית,IL,ריצפז פרש מאסק 2ליטר,ליטרים,2.00,ליטר,false,,21.90,10.9500,true,1,139098
7290013268891,false,מסיר כתמים ג'ל אוקסיג'ן ללא אקונומיקה,"סנו מפעלי ברונוס בע""",IL,סנו אוקסיגן 3ליטר,,3000.00,,false,,32.90,0.0110,true,1,139099
7290013268907,false,ג'ל כביסה מרוכז מקסימה Bio cold water,"סנו מפעלי ברונוס בע""",IL,סנו מקסימה גל כביסה,ליטרים,3.00,ליטר,false,,32.90,10.9667,true,1,139100
7290013268990,false,סנו - מקסימה מרכך כביסה מרוכז ביו 1 ליטר,"סנו מפעלי ברונוס בע""",IL,סנו מקסימה ביו 1ליטר,,1000.00,,false,,18.90,0.0189,true,1,151441
7290013269003,false,מרכך כביסה סופר מרוכז בייבי לתינוקות ולעור רגיש,"סנו מפעלי ברונוס בע""",IL,סנו מקסימה קר בייבי,,1000.00,,false,,19.90,0.0199,true,1,139103
7290013269096,false,מטליות לחות לטיפול במוצרי עור,מיוצר עי קונדיטוריית,IL,מטליות לחות לטיפול ב,,20.00,,false,,12.90,0.6450,true,1,139107
7290013269157,false,"מרכך ומבשם מקסימה למייבש לבנדר 750 מ""ל סנו",סנו מקסימה,,סנו מקסימה למייבש לב,,750.00,,false,,19.90,0.0265,true,1,139111
7290013269287,false,סנו - מקסימה ג'ל כביסה מרוכז מאסק 3 ליטר,"סנו מפעלי ברונוס בע""",IL,סנו מקסימה גל כביסה,ליטרים,3.00,ליטר,false,,32.90,10.9667,true,1,139115
7290013269621,false,ריצפז פרש לניקוי רצפות בניחוח מלון בוטיק,מיוצר עי קונדיטוריית,IL,ריצפז פרש הום בניחוח,ליטרים,2.00,ליטר,false,,23.90,11.9500,true,1,212460
7290013269669,false,ריצפז בניחוח פנטזיה לניקוי הרצפה,"סנו מפעלי ברונוס בע""",IL,*מבצע* ריצפז פנטזיה,ליטרים,3.00,ליטר,false,,12.90,4.3000,true,1,139125
7290013284136,false,מלפפונים פריניר במלח,פריניר,,מלפפון במלח 7-9 פרינ,,560.00,100 גרם,false,,6.90,0.0123,true,1,200680
7290013284174,false,מלפפונים פריניר בחומ,פריניר,,מלפפון בחומץ 7-9 פרי,,560.00,100 גרם,false,,6.90,0.0123,true,1,200684
7290013284310,false,רוטב פסטה לילדים 240 ג' פריניר,פריניר ( הדס 1987) ב,IL,רוטב פסטה לילדים פרי,,240.00,100 גרם,false,,5.90,0.0246,true,1,212627
7290013284662,false,רוטב פיצה פיתה לילדים 240 ג' פריניר,פריניר ( הדס 1987) ב,IL,רוטב פיצה פריניר 240,,240.00,100 גרם,false,,5.90,0.0246,true,1,212626
7290013302236,false,פסטה פרפלה ג'מבו טעמן 500 גר',מוטלו,TR,פסטה פרפלה גמבו טעמן,,500.00,100 גרם,false,,4.90,0.0098,true,1,216156
7290013358356,false,מאסטר שף - פירורי לחם מוזהבים 320 גרם,מנה י.א בעמ,IL,פירורי לחם מוזהבים מ,,320.00,100 גרם,false,,6.90,0.0216,true,1,143269
7290013358363,false,פירורי לחם פנקו מזוהבים מאסטר שף מנה 300 ג',קריניציה ויטמינה אס,IL,פירורי לחם פנקו מאסט,,300.00,100 גרם,false,,8.90,0.0297,true,1,143270
7290013358370,false,פירורי לחם פנקו בטעם שום מאסטר שף 300 ג',"מיוצר ע""י מנה י.א בע",IL,פירורי לחם פנקו בטעם,,300.00,,false,,8.90,0.0297,true,1,143271
7290013358417,false,"רוטב טיריאקי מאסטר שף אסייאתי 300 מ""ל",קריניציה ויטמינה אס,TH,רוטב טריאקי אסייאתי,,300.00,,false,,12.90,0.0430,true,1,143274
7290013358493,false,"קרם קוקוס מאסטר שף 400 מ""ל",תאי קוקונט פבליק קומ,TH,קרם קוקוס פחית מאסטר,,400.00,,false,,8.90,0.0223,true,1,185567
7290013358509,false,"מיקסלט גרעינים, קטניות ואגוזים",בטר אנד דיפרנט,IL,מיקסלט מאסטר שף 200ג,,200.00,100 גרם,false,,14.90,0.0745,true,1,143276
7290013358516,false,"מיקסלט חמוציות, גרעינים, קטניות ואגוזים",המאפיה של הרמן,IL,מיקסלט עם חמוציות מא,,200.00,100 גרם,false,,14.90,0.0745,true,1,200726
7290013358530,false,מאסטר שף אסייאתי רוטב צ'ילי מתוק 700 מל,קריניציה ויטמינה אס,TH,רוטב צילי מתוק מאסטר,,700.00,,false,,14.90,0.0213,true,1,143277
7290013358547,false,מאסטר שף אסייאתי רוטב צ'ילי חריף 700 מל,קי אר אס ספייסי פוד,TH,רוטב צילי חריף מאסטר,,700.00,100 גרם,false,,14.90,0.0213,true,1,143278
7290013389138,false,ניוקי שלושה צבעים 500 ג' לה פסטה,Ciemme alimentari sr,,ניוקי שלושה צבעים 50,,500.00,100 גרם,false,,9.90,0.0198,true,1,134234
7290013389145,false,מיני ניוקי 500 ג' לה פסטה,לה פסטה La' Pasta,,מיני ניוקי 500 גר,,500.00,100 גרם,false,,9.90,0.0198,true,1,134235
7290013389381,false,"קמח תירס פולנטה מולינו 1 ק""ג",פיקטה piccata,,"קמח תירס 1 ק""ג",,1000.00,,false,,10.90,0.0109,true,1,134245
7290013492005,false,אמא אדמה תפוח אדמה למיקרו 700 גר',ברכת קטיף,IL,"תפו""א למיקרו",יחידה,0.00,יחידה,false,,7.90,0.0000,true,1,159254
7290013525802,false,סחוג אדום שמיר 150 גר',,,סלט סחוג אדום שמיר 1,,150.00,100 גרם,false,,11.90,0.0793,true,1,153201
7290013525819,false,סלט שום כתוש שמיר 15,,,סלט שום כתוש שמיר 15,,150.00,,false,,11.90,0.0793,true,1,153202
7290013531117,false,רוטב פסטה לילדים 240 גרם יכין,"זנלכל בע""מ",IL,רוטב פסטה לילדים יכי,,240.00,,false,,5.90,0.0246,true,1,133524
7290013531346,false,סירופ דיאט לימונענע יכין 1 ליטר,יכין,IL,סירופ דיאט לימונענע,,1000.00,,false,,16.90,0.0169,true,1,133528
7290013531377,false,תורמוס יכין 560 גרם,היינץ צפון אמריקה מק,IL,תורמוס יכין 560 גרם,,560.00,100 גרם,false,,9.90,0.0177,true,1,133531
7290013531612,false,רוטב נפוליטנה יכין 240 ג',,,רוטב נפוליטנה יכין 2,,240.00,100 גרם,false,,5.90,0.0246,true,1,133538
7290013531629,false,רוטב פומדורו יכין 240ג,היינץ צפון אמריקה מק,IL,רוטב פומדורו יכין 24,,240.00,,false,,5.90,0.0246,true,1,133539
7290013539892,false,אל סבון נוזלי משאבה תה ירוק סטייל 1 ל',סטייל Style,TR,אל סבון נוזלי משאבה,,1000.00,,false,,9.90,0.0099,true,1,227127
7290013539915,false,סטייל - אל סבון ארומטי תה לבן 1 ליטר,סטייל Style,TR,אל סבון נוזלי משאבה,,1000.00,,false,,9.90,0.0099,true,1,227128
7290013542144,false,כוסות קרטון 4OZ אר50 יח',,,כוסות נייר 4אוז 50יח,,50.00,,false,,6.90,0.1380,true,1,152673
7290013542168,false,כוסות נייר OZ 10 אר 50 דנטס,,,כוס נייר 10 אוז 50יח,,50.00,,false,,15.90,0.3180,true,1,152674
7290013542342,false,נייר אפייה ביתי אר 5,,,נייר אפייה ביתי אר 5,יחידה,0.00,יחידה,false,,7.90,0.0000,true,1,236653
7290013542533,false,כוס נייר 12OZ אר 50 דנטס,,,כוס נייר 12 אוז 50 י,יחידה,0.00,יחידה,false,,19.90,0.0000,true,1,152688
7290013542670,false,קערה עגולה בינונית 9,,,קערה עגולה בינונית 9,יחידה,0.00,יחידה,false,,9.90,0.0000,true,1,216275
7290013542762,false,קערה מרובעת 64OZ פלס,,,קערה מרובעת 64OZ פלס,יחידה,0.00,יחידה,false,,9.90,0.0000,true,1,213244
7290013542991,false,מפת אל בד חתוך 11/18,,,מפת אל בד חתוך 11/18,יחידה,0.00,יחידה,false,,4.90,0.0000,true,1,216277
7290013581648,false,מינוט סטייק אל מטאד,,,סטייק מינוט 250 גרם,,250.00,100 גרם,false,,19.90,0.0796,true,1,233229
7290013585233,false,"ספרייט זירו פחית סליק 330 מ""ל",קוקה קולה Coca Cola,IL,ספרייט זירו סילק 330,,330.00,,false,,6.50,0.0197,true,1,163402
7290013585387,false,קוקה קולה זירו בקבוק,החברה המרכזית לייצור,IL,קוקה קולה זירו 1ליטר,,1000.00,100 גרם,false,,7.50,0.0075,true,1,163413
7290013585394,false,קוקה קולה קלאסי,החברה המרכזית לייצור,IL,קוקה קולה 1ליטר,,1000.00,100 גרם,false,,7.50,0.0075,true,1,163414
7290013608260,false,פרימור מיץ רימונים 100% סחוט טרי 1ל',"גניר (1992) בע""מ",IL,פרימור רימונים סחוט,,1000.00,100 גרם,false,,24.90,0.0249,true,1,151456
7290013608604,false,"משקה קל תפוחי עץ פרימור 500 מ""ל",סטאר סנקס,IL,פרימור תפוחי עץ 500,,500.00,,false,,5.90,0.0118,true,1,229926
7290013608628,false,פרימור משקה קל ענבים,סטאר סנקס,IL,"פרימור ענבים 500 מ""ל",,500.00,,false,,5.90,0.0118,true,1,229929
7290013608680,false,מיץ עגבניות 1ל' פרימור,סטאר סנקס,IL,פרימור מיץ עגבניות 1,,1000.00,,false,,8.90,0.0089,true,1,203921
7290013608772,false,"משקה קל תפוזים פרימור 500 מ""ל",סטאר סנקס,IL,"פרימור תפוזים 500 מ""",,500.00,,false,,5.90,0.0118,true,1,229928
7290013608796,false,"משקה קל תות בננה 500 מ""ל פרימור",,,פרימור תות בננה 500,,500.00,,false,,5.90,0.0118,true,1,229930
7290013625670,false,סינטטי חומצה אצטית מדוללת למזון 5%,טעמן,,חומץ סנטטי טעמן 1ליט,,1000.00,,false,,5.90,0.0059,true,1,216168
7290013652874,false,מרכך נטורל קר לשיער רגיל ורדים וחלב רימונים,"ד""ר פישר Dr fischer",IL,נטורל קר מרכך לשיער,,700.00,,false,,18.90,0.0270,true,1,158602
7290013675545,false,שניצל כלי תחבורה מאמא עוף 700 ג',,,שניצל כלי תחבורה 700,,700.00,100 גרם,false,,37.90,0.0541,true,1,210971
7290013675958,false,רצועוף שומשום 500 גר,,,רצועות שומשום 500גר,,500.00,,false,,28.90,0.0578,true,1,233553
7290013677846,false,כוסמת מיה 1 קג,מיה,IL,"כוסמת 1 ק""ג",,1000.00,100 גרם,false,,12.90,0.0129,true,1,237120
7290013702036,false,"שוופס וואטר אפרסק 500מ""ל",יפאורה תבורי בעמ,IL,שוופס מים בטעם אפרסק,,500.00,,false,,5.00,0.0100,true,1,200863
7290013702050,false,"שוופס וואטר ענבים 500מ""ל",,,שוופס וואטר ענבים 50,,500.00,,false,,5.00,0.0100,true,1,200864
7290013702388,false,"שוופס וואטר תפוח 500מ""ל",יפאורה תבורי בעמ,IL,שוופס מים בטעם תפוח,,500.00,,false,,5.00,0.0100,true,1,200865
7290013725752,false,אטריות ביצים צרות לה,,CN,נודלס דק סו שף 400גר,,400.00,100 גרם,false,,8.90,0.0223,true,1,185824
7290013725769,false,נודלס עבה סו שף 400ג,,CN,נודלס עבה סו שף 400ג,,400.00,100 גרם,false,,8.90,0.0223,true,1,185825
7290013771216,false,תחליף גבינה פטאקי 25,מיוצר עי קונדיטוריית,IL,פטאקי 16% 250גר השומ,,250.00,100 גרם,false,,14.90,0.0596,true,1,133342
7290013771261,false,גבינה בולגרית מעודנת,מחלבת השומרון,IL,בולגרית מעודנת 5% 25,,250.00,100 גרם,false,,14.90,0.0596,true,1,133343
7290013771292,false,גבינה פטאקי 16% שומר,מחלבת השומרון,IL,פטאקי 16% 250גר הסדר,,250.00,100 גרם,false,,14.90,0.0596,true,1,133345
7290013771384,false,יוגורט יווני השומרון,מיוצר עי קונדיטוריית,IL,יוגורט יווני השומרון,,400.00,100 גרם,false,,10.90,0.0273,true,1,206553
7290013847102,false,נתחי טונה בהירה בשמן - מארז שלישיה,סטארקיסט Starkist,,טונה סטארקיסט בשמן 3,,240.00,100 גרם,false,,12.90,0.0538,true,1,215328
7290013847454,false,טונה בשמן קנולה סטארקיסט 4*160 ג',קריות זול,,טונה בשמן קנולה רביע,,640.00,,false,,24.90,0.0389,true,1,235873
7290013847553,false,נתחי טונה בהירה במים דל נתרן - מארז רביעיה,"סטארקיסט פודור בע""מ",TH,סטארקיסט טונה רביעיי,,640.00,100 גרם,false,,24.90,0.0389,true,1,237634
7290013847867,false,מארז זוג טונה בשמן סויה 140 ג' סטארקיסט,טונה ויטנאם קו. אל.ט,IL,טונה סטארקיסט בשמן ס,,140.00,100 גרם,false,,12.90,0.0921,true,1,230278
7290013848727,false,מכשיר אוטומטי לבישום אוויר בתוספת מילוי SOFT HARMONY,סנו פרש Fresh,IL,סנו פרש מכשיר אוטומט,יחידה,0.00,יחידה,false,,44.90,0.0000,true,1,230279
7290013883407,false,"מרסס דזיטול לחיטוי כללי 750 מ""ל",יעקבי - דזיטול Desytol,ES,דזיטול מרסס מחטא ומש,,500.00,,false,,15.90,0.0318,true,1,141301
7290013906052,false,נקניקיות פרגיות טירת צבי 300 גר',הנסיך- מפעל לייצור ט,IL,נקניקיות פרגיות טירת,,300.00,100 גרם,false,,14.90,0.0497,true,1,202816
7290013906205,false,פסטרמה עם שום וצילי טירת צבי 400 ג',הנסיך- מפעל לייצור ט,IL,פסטרמה שום וצ'ילי פי,,400.00,,false,,27.90,0.0697,true,1,202817
7290013906212,false,"נקנקיות וינר טירת 1 ק""ג טירת צבי",הנסיך- מפעל לייצור ט,IL,נקניקיות וינר טירת צ,,1000.00,100 גרם,false,,29.90,0.0299,true,1,200910
7290013906441,false,קבנוס טירת צבי 120גר,הנסיך- מפעל לייצור ט,IL,קבנוס טירת צבי 120גר,,120.00,,false,,11.90,0.0992,true,1,202819
7290013906687,false,פסט' צמד כפרית ברביקיו ודבש 300X2ג' טירת צבי,הנסיך- מפעל לייצור ט,IL,פסטרמה צמד מארז כפרי,,600.00,,false,,27.90,0.0465,true,1,185931
7290013927019,false,עוגיות דיקליות קינמון אחווה 400 ג',,,דקליות קינמון 400גר,,400.00,100 גרם,false,,11.90,0.0298,true,1,157654
7290013927033,false,עוגיות מעמול במילוי תמרים ואגוזים אחווה 600 ג',,,מעמול במגש 600גר,,600.00,100 גרם,false,,11.90,0.0198,true,1,157656
7290013927040,false,אחדות עוגיות ממולאות שוקולד במגש 600,,,עוגיות ממולאות שוקול,,600.00,,false,,11.90,0.0198,true,1,157657
7290013927057,false,עוגיות שוקולד צ'יפס אחווה 400 ג',,,עוגיות שוקולד ציפס 4,,400.00,100 גרם,false,,11.90,0.0298,true,1,157658
7290013927323,false,אחדות עוגת בראוניס 400 גרם,אחדות ביחר לטחינה חל,IL,עוגת בראוניס אחווה 4,,400.00,100 גרם,false,,12.90,0.0323,true,1,214647
7290013927514,false,רוגעלך קינמון 400 גר`אחוה,אחדות ביחר לטחינה חל,IL,רוגעלך קינמון במגש 4,,400.00,100 גרם,false,,11.90,0.0298,true,1,210432
7290013927637,false,חלווה ללא תוספת סוכר 400 גר' אחוה,אחדות ביחר לטחינה חל,IL,חלווה ללא תוספת סוכר,,400.00,100 גרם,false,,13.90,0.0348,true,1,212957
7290013927989,false,מאפין ממולא בטעם קרמל 50 גרם אחוה,אחדות ביחר לטחינה חל,IL,מאפין במילוי בטעם קר,,50.00,100 גרם,false,,2.90,0.0580,true,1,235134
7290014002197,false,ויסוצקי חליטת קמומיל ולימונית 25*1.5ג,ויסוצקי,IL,חליטת קמומיל ולימוני,,25.00,,false,,19.90,0.7960,true,1,147421
7290014002203,false,תה ויסוצקי חליטת לימונית ולואיזה 20יח',HIQ FOOD PRODUCTS,IL,חליטת לימונית לואיזה,,25.00,,false,,19.90,0.7960,true,1,147422
7290014002944,false,גן קסום חליטת פירות וצמחים חמדת שקד 25 שקיקים,HIQ FOOD PRODUCTS,IL,תה הגן הקסום חליטת פ,,57.50,100 גרם,false,,19.90,0.3461,true,1,220968
7290014046016,false,פסטרמה של פעם דל שומן 2% רכיבים טבעיים,מעדני יחיעם,IL,פסטרמה הודו 100% חומ,,250.00,100 גרם,false,,26.90,0.1076,true,1,131598
7290014046047,false,צמד פסטרמות 600 ג' יחיעם,מעדני יחיעם 1993,IL,צמד פסטרמות פפריקה ו,,600.00,100 גרם,false,,29.90,0.0498,true,1,131601
7290014046436,false,נשנושי קבנוס 125 ג' יחיעם,מעדני יחיעם 1993,IL,נשנושי קבנוס יחיעם 1,,125.00,100 גרם,false,,14.90,0.1192,true,1,131602
7290014046474,false,"נקניקיות עוף 1.5 ק""ג יחיעם",יחיעם,IL,*מבצע* נקניקיות עוף,,1500.00,100 גרם,false,,27.90,0.0186,true,1,204071
7290014046757,false,סלמי תה מעדני יחיעם,פ.פ.ח. שאביט,IL,סלמי תה יחיעם 300 גר,,300.00,100 גרם,false,,24.90,0.0830,true,1,131615
7290014059085,false,"סנוסדין משחת שיניים לשיקום והגנה 75 מ""ל",סמית קליין ביצ'ם,GB,משחת שיניים סנסודיין,,75.00,,false,,19.90,0.2653,true,1,221671
7290014059436,false,"סנסודיין משחת שיניים לשיקום והגנה מלבינה 75 מ""ל",סמית קליין ביצ'ם,GB,משחת סנסודיין לשיקום,,75.00,,false,,19.90,0.2653,true,1,221672
7290014066526,false,לנדוור-קפסולות אספרסו תערובת הבית(11) - 10יח'12X יח,קפה לנדוור,IL,לנדוור קפסולות אספרס,,50.00,,false,,14.90,0.2980,true,1,231004
7290014088948,false,קקאו 150 גרם 100 %-ח,,,קקאו 150 גרם 100 %-ח,,150.00,100 גרם,false,,7.90,0.0527,true,1,236312
7290014088955,false,קקאו 500 גרם חילדה,,,קקאו 500 גרם חילדה,,500.00,,false,,14.90,0.0298,true,1,236325
7290014088993,false,סודה לשתייה פרימיום,,,סודה לשתייה פרימיום,,1000.00,100 גרם,false,,9.90,0.0099,true,1,236568
7290014094352,false,אגוזי מלך בקופסא 200 ג',"דין שיווק וקליה בע""מ",,אגוזי מלך בקופסא 200,,200.00,100 גרם,false,,16.90,0.0845,true,1,155386
7290014094369,false,ששון הקולה שקד טבעי,"דין שיווק וקליה בע""מ",IL,שקד טבעי בקופסא 200ג,,200.00,100 גרם,false,,22.90,0.1145,true,1,155387
7290014094376,false,שזיפים ללא גלעין ששו,"דין שיווק וקליה בע""מ",,שזיף ללא גלעין 250 ג,,250.00,100 גרם,false,,21.90,0.0876,true,1,155388
7290014094383,false,משמש מיובש ששון הקול,"דין שיווק וקליה בע""מ",,משמש 250 גרם בקופסא,,250.00,,false,,21.90,0.0876,true,1,155389
7290014094390,false,חמוציות מסוכרות ששון,"דין שיווק וקליה בע""מ",,חמוציות 250 גרם קופס,,250.00,100 גרם,false,,16.90,0.0676,true,1,155390
7290014094406,false,צימוק לבן 330 ג' בקופסא,"דין שיווק וקליה בע""מ",,צימוק לבן קופסא 250ג,,250.00,100 גרם,false,,17.90,0.0716,true,1,155391
7290014094628,false,פקאן טבעי 200 ג' בקופסא,ששון הקולה,,פקאן טבעי בקופסא 200,,200.00,,false,,22.90,0.1145,true,1,155401
7290014094659,false,בונדוק טבעי בקופסא 2,דין שיווק,IL,בונדוק טבעי בקופסא 2,,250.00,,false,,22.90,0.0916,true,1,155404
7290014094895,false,אגוזים קלופים ששון הקולה 150 ג',,,אגוזי מלך שקית 150גר,,150.00,,false,,10.90,0.0727,true,1,155414
7290014095861,false,שיבולת שועל דקה להכנה מהירה,"דין שיווק וקליה בע""מ",IL,קוואקר שיבולת שועל ד,,500.00,100 גרם,false,,7.90,0.0158,true,1,155421
7290014095960,false,שיבולת שועל עבה להכנה מהירה,"דין שיווק וקליה בע""מ",IL,קוואקר שיבולת שועל ע,,500.00,100 גרם,false,,7.90,0.0158,true,1,155422
7290014138971,false,לפידונים - כוסיות שמן זית מוצק - 44 כוסיות,מנורה,,ערכת לפידונים משמן ז,יחידה,0.00,יחידה,false,,49.90,0.0000,true,1,212129
7290014138988,false,לפידונים נוזלי 44 כוסיות עם שמן זית להדלקה בחנוכה,מנורה,,ערכת לפידונים משמן ז,יחידה,0.00,יחידה,false,,49.90,0.0000,true,1,132659
7290014217010,false,תבלין תיבול דגים מיכל 90גר,תבליני טעם וריח,IL,תיבול דגים 90גר,,90.00,100 גרם,false,,13.90,0.1544,true,1,153398
7290014217027,false,תבלין טי בול לעוף 120 גר',תות ממתקי איכות,IL,תיבול עוף 120גר,,120.00,100 גרם,false,,13.90,0.1158,true,1,153399
7290014217065,false,תבלין אורגנו עלים 30 גר',תות ממתקי איכות,IL,אורגנו מיכל גדול 30ג,,30.00,100 גרם,false,,9.90,0.3300,true,1,153403
7290014217119,false,תערובת לצ'יפס מיכל 100 ג',תות ממתקי איכות,IL,מיכל תערובת לצ'יפס 1,,100.00,,false,,9.90,0.0990,true,1,153404
7290014217225,false,תבלין גריל עוף מיכל 120גר,תות ממתקי איכות,IL,גריל עוף מיכל 120גר,,120.00,100 גרם,false,,11.90,0.0992,true,1,153411
7290014217355,false,תבלין אבקת קרי מיכל 100ג',תות ממתקי איכות,IL,אבקת קרי מיכל 100גר,,100.00,100 גרם,false,,9.90,0.0990,true,1,153416
7290014217492,false,תבלין פילדלפיה תערובת 100 גר,תות ממתקי איכות,IL,תערובת תיבול פילדלפי,,100.00,100 גרם,false,,9.90,0.0990,true,1,216466
7290014218321,false,בורקס אישי גבינה מעדנות 600 ג',מיוצר עי קונדיטוריית,IL,בורקס יפו גבינה מעדנ,,600.00,100 גרם,false,,18.90,0.0315,true,1,195658
7290014218338,false,בורקס יפו במילוי תפוחי אדמה,מיוצר עי קונדיטוריית,IL,"בורקס יפו תפו""א מעדנ",,600.00,,false,,15.90,0.0265,true,1,195659
7290014218536,false,"בצק עלים מופחת שומן מעדנות 1 ק""ג","מעדנות בע""מ",IL,בצק עלים מופחת שומן,,1000.00,,false,,21.90,0.0219,true,1,204273
7290014218932,false,חטיפי פיצה בתוספת זיתים 710 ג' מעדנות,מיוצר עי קונדיטוריית,IL,חטיפי פיצה בתוספת זי,,710.00,100 גרם,false,,29.90,0.0421,true,1,213519
7290014256620,false,יין אדום מתוק מבעבע Buzz קריניאנו,יקבי כרמל Carmel Winery,IL,באז משקה מבוסס יין מ,,750.00,,false,,25.90,0.0345,true,1,130721
7290014435803,false,מטיאס הולנדי (פרובנציאל) עם בצל בשמן 180 גרם,שבעת הימים - שמיר,IL,מטיאס הולנדי (פרובנצ,,180.00,100 גרם,false,,22.90,0.1272,true,1,153206
7290014435810,false,הרינג כבוש ובצל במרינת חמוץ מתוק שמיר 180 ג',שבעת הימים - שמיר,IL,הרינג כבוש עם בצל במ,,180.00,100 גרם,false,,22.90,0.1272,true,1,153207
7290014435827,false,פילה מקרל מעושן בשמן שמיר 180 ג',שבעת הימים - שמיר,IL,פילה מקרל מעושן בשמן,,180.00,,false,,24.90,0.1383,true,1,153208
7290014435834,false,מקרל מעושן פרוס בשמן 180 גרם,שבעת הימים - שמיר,IL,מקרל מעושן פרוס בשמן,,180.00,100 גרם,false,,24.90,0.1383,true,1,153209
7290014435841,false,פילה מטיאס הולנדי בשמן שמיר 180ג',סלטי שמיר 2006 בעמ,IL,פילה מטיאס הולנדי בש,,180.00,100 גרם,false,,22.90,0.1272,true,1,153210
7290014435872,false,סלט הרינג ומיונז שמיר 250ג',שבעת הימים - שמיר,IL,סלט הרינג מיונז 200ג,,200.00,,false,,24.90,0.1245,true,1,153211
7290014435889,false,סלט מטיאס עם מיונז 180 גרם,שבעת הימים - שמיר,IL,סלט מטיאס עם מיונז 2,,200.00,,false,,24.90,0.1245,true,1,153212
7290014435896,false,סלט סלומון עם מיונז 180 גר',שבעת הימים - שמיר,IL,סלט סלמון עם מיונז 2,,200.00,100 גרם,false,,24.90,0.1245,true,1,153213
7290014455252,false,גבינה קשה מגורדת גרנה פדנו 29% שומן,מחלבות גד שיווק 1992,IT,*מבצע* גרנה פדנו מגו,,100.00,100 גרם,false,,11.00,0.1100,true,1,131093
7290014455320,false,גבינה כדורי מוצרלה פרסקה גד 100ג',מחלבות גד בעמ,IL,כדור מוצרלה פרסקה 18,,100.00,100 גרם,false,,9.80,0.0980,true,1,131097
7290014459137,false,"צ'יפס תפוגן סטייק 1.5 ק""ג","תעשיות תפוגן בע""מ",IL,ציפס סטייק תפוגן 1.5,,1500.00,100 גרם,false,,26.90,0.0179,true,1,136053
7290014471443,false,"גרנולה צימוקים אגוזים ושקדים1 ק""ג חדש - 443 כתום שקדיה (כתום)",דין שיווק,IL,גרנולה עם צימוקים אג,,1000.00,,false,,19.90,0.0199,true,1,155426
7290014472235,false,פקאן סיני מסוכר בקופ,ששון הקולה,,פקאן סיני מסוכר בקופ,,200.00,100 גרם,false,,22.90,0.1145,true,1,155429
7290014472464,false,קונפיטורה משמש 450גר,"דין שיווק וקליה בע""מ",IL,קונפיטורה משמש 450גר,,450.00,100 גרם,false,,12.90,0.0287,true,1,155439
7290014472990,false,ממרח 100% שקדים שקדיה 300 ג',דין שיווק,IL,ממרח 100% שקדים 300ג,,300.00,100 גרם,false,,34.90,0.1163,true,1,186303
7290014525306,false,מרבה סלים דליס קריספי אוכמניות 125 גר,סלים דליס Slim Delis,NL,חטיפי מרבה סלים דליס,,125.00,100 גרם,false,,15.90,0.1272,true,1,220747
7290014525313,false,מרבה סלים דליס קריספי שוקולד 125 גר,סלים דליס Slim Delis,NL,חטיפי מרבה סלים דליס,,125.00,100 גרם,false,,15.90,0.1272,true,1,220748
7290014534650,false,פסטה 55 צינור 400 ג' לה פסטה,,,פסטה לה פסטה צינור 4,,400.00,,false,,4.90,0.0123,true,1,134262
7290014534667,false,פסטה קונכיה 53 400 ג' לה פסטה,,,פסטה לה פסטה קונכיה,,400.00,,false,,4.90,0.0123,true,1,134263
7290014534681,false,פסטה בורג 64 400 ג' לה פסטה,,,פסטה לה פסטה בורג 40,,400.00,,false,,4.90,0.0123,true,1,134265
7290014534698,false,פסטה תלתל 65 400 ג' לה פסטה,,,פסטה לה פסטה תלתל 40,,400.00,,false,,4.90,0.0123,true,1,134266
7290014555082,false,מים מזוקקים 4 לט מקסול,סאסאטק,IL,מים מזוקקים מקסול 4ל,ליטרים,4.00,ליטר,false,,10.90,2.7250,true,1,157488
7290014555785,false,"ג'ל רחצה לגבר וויב 700 מ""ל נובו.",סאסאטק,IL,נובו תחליב רחצה לגבר,,700.00,100 גרם,false,,10.00,0.0143,true,1,157503
7290014581036,false,"פחם טבעי קטן 2 ק""ג",,,"פחמים כ- 2 ק""ג",יחידה,0.00,יחידה,false,,11.90,0.0000,true,1,164296
7290014725294,false,סוכרזית סוכרלוז סטיוויה 100 שקית,"סוכרזית בע""מ",IL,סוכרזית סוכרלוז מבוש,,200.00,100 גרם,false,,25.90,0.1295,true,1,162008
7290014731264,false,כוסות לשתייה קרה 100 יחי',,,כוסות פלסטיק לשתיה ק,יחידה,0.00,יחידה,false,,7.90,0.0000,true,1,214660
7290014748613,false,דג טוב מקלוני דגים בציפוי ציפס 600גר,עיצובים 2020 (4.9),IL,מקלוני דגים בציפוי צ,,600.00,,false,,27.90,0.0465,true,1,212060
7290014749764,false,עוף טוב שניצל עוף ביתי עדין 700,מוצרי עוף טוב (2001),IL,שניצל עוף ביתי מעודן,,700.00,100 גרם,false,,43.90,0.0627,true,1,230579
7290014749849,false,שניצל דק ענק קריספי שומשום עוף טוב 720 גר',מולינו ניקולי s.p.a,IL,שניצל דק ענק קריספי,,720.00,,false,,37.90,0.0526,true,1,234600
7290014749863,false,שניצל דק ענק קריספי צ'יפס עוף טוב 720 גר',מוצרי עוף טוב (2001),IL,שניצל דק ענק קריספי,,720.00,100 גרם,false,,37.90,0.0526,true,1,234599
7290014749887,false,עוף טוב שניצל עוף דק ענק קריספי קלאסי,מולינו ניקולי s.p.a,IL,שניצל דק ענק קריספי,,720.00,100 גרם,false,,37.90,0.0526,true,1,234594
7290014758100,false,מאגדת יוגורט ביו 3% שומן 8 יח' *150ג' תנובה,מיוצר עי קונדיטוריית,IL,יוגורט ביו מאגדת שמי,,1200.00,100 גרם,false,,16.90,0.0141,true,1,146618
7290014758117,false,מאגדת יוגורט ביו 1.5% שומן 8 יח' *150 ג' תנובה,מיוצר עי קונדיטוריית,IL,יוגורט ביו מאגדת שמי,,1200.00,100 גרם,false,,16.90,0.0141,true,1,146619
7290014758131,false,יוגורט תנובה 1.5% 150 מל,,,יוגורט ביו 1.5% 150,יחידה,0.00,יחידה,false,,2.40,0.0000,true,1,194547
7290014758162,false,חלב עיזים מלא 3.6% קרטון 1 ל' תנובה,תנובה מרכז שיתופי לש,IL,חלב עיזים מלא 3.6% ש,,1000.00,100 גרם,false,,16.50,0.0165,true,1,146621
7290014758681,false,קוטג' תנובה 1% גביע 250 ג',מיוצר עי קונדיטוריית,IL,גבינת קוטג׳ 1% בגביע,,250.00,100 גרם,false,,5.90,0.0236,true,1,146649
7290014759084,false,גבינת שמנת 16% בטעם טבעי 225 ג' נפוליאון,תנובה מרכז שיתופי לש,IL,גבינת נפוליאון 16% 2,,225.00,100 גרם,false,,14.50,0.0644,true,1,146662
7290014759534,false,גבינה בולגרית למריחה טבעי 5% 200 ג' פיראוס,"תנובה, מחלבת תל יוסף",IL,בולגרית למריחה טבעי,,200.00,100 גרם,false,,14.90,0.0745,true,1,146668
7290014759985,false,"גבינת פרמזן גבע 23% פלח, 200 ג'",תנובה,IL,פרמזן פלח 200 גר,,200.00,,false,,26.90,0.1345,true,1,146678
7290014760141,false,משקה שקדים תנובה E אלטרנטיב,תנובה Alternative,IL,משקה שקדים טרי 1ליטר,,1000.00,,false,,13.00,0.0130,true,1,146685
7290014760448,false,גבינה צהובה גלבוע 400 גרם 22% שומן תנובה,מחלבת בית יצחק,IL,גבינה צהובה 22% שומן,,400.00,,false,,25.90,0.0647,true,1,146692
7290014760912,false,פרוסות גבינה 28% שומן 400 ג' גוש חלב,תנובה מרכז שיתופי לש,IL,צהובה גוש חלב 28% 40,,400.00,100 גרם,false,,27.90,0.0697,true,1,219747
7290014761018,false,גיל בטעם וניל תנובה,תנובה מרכז שיתופי לש,IL,גיל בטעם וניל 3% 125,,125.00,100 גרם,false,,1.50,0.0120,true,1,146706
7290014761056,false,מעדן שוקולד חלב מעולה 123 ג' יולו,מיוצר עי קונדיטוריית,IL,מעדן שוקולד חלב יולו,,123.00,100 גרם,false,,4.60,0.0374,true,1,146707
7290014761063,false,מעדן שוקולד מריר מעולה 123 ג' יולו,מיוצר עי קונדיטוריית,IL,מעדן שוקולד מריר יול,,123.00,100 גרם,false,,4.60,0.0374,true,1,146708
7290014761070,false,מעדן שוקולד לבן מעולה 123 ג' יולו,מיוצר עי קונדיטוריית,IL,מעדן שוקולד לבן יולו,,123.00,100 גרם,false,,4.60,0.0374,true,1,146709
7290014761193,false,יוגורט עם פירות יער 1.5% שומן 125 ג' פרילי,תנובה מרכז שיתופי לש,IL,יוגורט עם פירות יער,,125.00,100 גרם,false,,3.60,0.0288,true,1,146711
7290014761414,false,מעדן שכבות שוקולד חלב ולבן 123 ג' יולו,מיוצר עי קונדיטוריית,IL,יולו מעדן שכבות שוקו,,123.00,100 גרם,false,,4.60,0.0374,true,1,146721
7290014761612,false,מעדן עם שוקולד מריר ולבן 122 ג' יולו,מיוצר עי קונדיטוריית,IL,יולו מעדן שכבות שוקו,,123.00,100 גרם,false,,4.60,0.0374,true,1,146725
7290014762756,false,נפוליאון גבינת שמנת עם בצל 16% שומן,הרדוף חלב,IL,גבינת נפוליאון 16% ב,,225.00,100 גרם,false,,14.50,0.0644,true,1,146768
7290014762831,false,גבינת שמנת חלפיניו 24% שומן 225 ג' נפוליאון,תנובה מרכז שיתופי לש,IL,גבינת נפוליאון 25% ע,,225.00,100 גרם,false,,14.50,0.0644,true,1,146770
7290014762909,false,פתיתי מוצרלה 20% שומן 200 ג' השף הלבן,"תנובה, מחלבת תל יוסף",IL,פתיתי מוצרלה 20% שו,,200.00,,false,,17.90,0.0895,true,1,146776
7290014763098,false,קרם גבינת שמנת 5% עם פלפל שום ובצל 200 ג' תנובה,תנובה,IL,קרם גבינה שמנת 5% טו,,200.00,100 גרם,false,,12.00,0.0600,true,1,146781
7290014791336,false,מים מינרליים מי עדן,יושלם,,מי עדן 1ליטר,,1000.00,100 גרם,false,,3.90,0.0039,true,1,202867
7290014855434,false,מגבונים בייביסיטר פרפורמנס מבושם רביעיה,בייביסיטר Babysitter,,מגבוני בייביסיטר פרפ,יחידה,0.00,יחידה,false,,15.90,0.0000,true,1,131285
7290014855458,false,מגבוני בייביסיטר פרפורמנס ללא בישום מארז 72X4יח',בייביסיטר Babysitter,,מגבוני בייביסיטר פרפ,יחידה,0.00,יחידה,false,,15.90,0.0000,true,1,131286
7290014860094,false,מקלוני אורז ללא גלוט,ניינטי נודל קו,TH,מקלוני אורז ללא גלוט,,454.00,100 גרם,false,,10.90,0.0240,true,1,217182
7290014901247,false,"סטייל שמפו 0חר החלקה מועשר בקרטין, 750 מ""ל",א.ל. ארמן ייצור תמרו,IL,שמפו סטייל קרטין 750,,750.00,100 גרם,false,,19.90,0.0265,true,1,236764
7290014901896,false,"מי פה סנסודיין מנטה מרענן 500 מ""ל",סנסודיין Sensodyne,,סנסודיין מי פה 500 מ,,500.00,,false,,29.90,0.0598,true,1,154460
7290014905160,false,"הפי מטהר אוויר פניני ריח בניחוחות, 130 גרם",יוליניבר,IT,פניני ריח הפי 130גר,,130.00,,false,,7.90,0.0608,true,1,141314
7290014905689,false,"נוזל כלים הפי מרוכז 24% תפוח 750 מ""ל",וונדפוט,BE,הפי נוזל כלים ירוק ת,,750.00,,false,,7.90,0.0105,true,1,141319
7290014905733,false,"הפי - מרסס להברקת שמשות 750 מ""ל",יוליניבר,TR,הפי מרסס לניקוי חלונ,,750.00,100 גרם,false,,7.90,0.0105,true,1,141322
7290014905962,false,סבון אסלה הפי בושם 5טיפות ורוד לבנדר נתלה,רלוי,IT,הפי סבון אסלה סופר מ,יחידה,0.00,יחידה,false,,7.90,0.0000,true,1,201132
7290014945029,false,גליל מפת אלבד 25 מטר,,,גליל מפה 25 מטר,יחידה,0.00,יחידה,false,,29.90,0.0000,true,1,213353
7290014945210,false,צמרוני עץ 300 יח בשק,,,צמרוני עץ 300 יח בשק,יחידה,0.00,יחידה,false,,4.90,0.0000,true,1,238886
7290014945760,false,"שייני מבשם נוזלי וניל קוקוס 400 מ""ל",,,מבשם אוויר נטול גז ב,יחידה,400.00,יחידה,false,,9.90,0.0248,true,1,152842
7290014945807,false,קיסמי שיניים דנטליים,,,קיסמי שיניים דנטליים,,200.00,,false,,6.90,0.0345,true,1,207843
7290014967441,false,מארז קפסולות אספרסו,אספרסו מור,,קפסולות אלטו 10 יח,יחידה,0.00,יחידה,false,,10.00,0.0000,true,1,209683
7290014967472,false,קפסולות אספרסו מור א,אספרסו מור,,קפסולות אספרסו מור א,יחידה,0.00,יחידה,false,,10.00,0.0000,true,1,209686
7290014974562,false,גביעי גלידה רגיל טילון עלמה גילרו 24 יח',"א.ג גילרו בע""מ",IL,גביעי גלידה 24 עלמה,יחידה,0.00,יחידה,false,,7.90,0.0000,true,1,212143
7290014974593,false,גביעי גלידריה ללא גלוטן 12 יחי',גילרו,IL,גביע גלידה ללא גלוט,,12.00,,false,,15.90,1.3250,true,1,234896
7290015008037,false,להבונים 50 יח ר.שמאי,,,להבונים 50 יח',,50.00,,false,,9.90,0.1980,true,1,214648
7290015008372,false,"כוס קרטון לשתיה חמה 8OZ ח""פ 50יח'",,,כוסות שתיה חמה 50 יח,יחידה,0.00,יחידה,false,,8.90,0.0000,true,1,230239
7290015008648,false,שקיות צליה ענק ר. שמאי 5+2יח',,,שקיות צליה ענק 7יח',,7.00,,false,,4.90,0.7000,true,1,235384
7290015008662,false,"מזלג שקוף ארוז ח""פ 50יח'",,,מזלג ארוז 50 יח,יחידה,0.00,יחידה,false,,9.90,0.0000,true,1,218915
7290015008686,false,כפיות שקוף 50 יח',,,כפיות ארוז 50 יח,יחידה,0.00,יחידה,false,,9.90,0.0000,true,1,218917
7290015008822,false,"כוסות קרטון אספרסו 4OZ ח""פ 50יח'",,,כוסות קרטון 50 יח' O,יחידה,0.00,יחידה,false,,7.90,0.0000,true,1,234927
7290015008976,false,שקיות למזון מארז 150X3יח',,,שקיות אוכל בקרטון של,יחידה,0.00,יחידה,false,,10.90,0.0000,true,1,214584
7290015057066,false,טעמן עלי גפן 400 גרם,,,עלי גפן טעים 400גר,,400.00,100 גרם,false,,9.90,0.0248,true,1,216173
7290015139250,false,"חופשי שוקולד מריר עם פ.אורז לל""ס 85 גר",כרמית תעשיות ממתקים,IL,שוקולד מריר עם פצפוצ,,85.00,100 גרם,false,,6.90,0.0812,true,1,165742
7290015139267,false,שוקולד מריר עם שקדים ללא תוספת סוכר וסטהיים,כרמית תעשיות ממתקים,IL,שוקולד מריר עם שקדים,,85.00,,false,,6.90,0.0812,true,1,165743
7290015150088,false,מחית עגבניות גרנד איטליה 700גרם,שוורצקוף& הנקל דיסלד,IT,מחית עגבניות גרנד אי,,700.00,100 גרם,false,,12.90,0.0184,true,1,147459
7290015150118,false,עגבניות חתוכות דק בלה איטליה 3*400 ג',אמיליאנה קונסרב ס.פ.,IT,עגבניות חתוכות 3* 40,,1200.00,100 גרם,false,,13.90,0.0116,true,1,147462
7290015155830,false,מחית תפוחי עץ ובננה חטיפטף ללא תוספת סוכר,פרוטה פודיווין,CZ,פרינוק פאוץ' בטעם תפ,,120.00,100 גרם,false,,5.90,0.0492,true,1,229919
7290015155847,false,מחית סלט פירות חטיפטף ללא תוספת סוכר,פרוטה פודיווין איי.א,CZ,פרינוק פאוץ' בטעם סל,,120.00,100 גרם,false,,5.90,0.0492,true,1,229920
7290015156769,false,מחית פרינוק פאוץ' תפוח ואוכמניות 120 גרם,,,פרינוק פאוץ תפוח ואו,,120.00,,false,,5.90,0.0492,true,1,229921
7290015156790,false,מחית לפתן פירות חטיפטף ללא תוספת סוכר,פרינוק,,פרינוק פאוץ לפתן פיר,,120.00,100 גרם,false,,5.90,0.0492,true,1,229923
7290015161541,false,קוואקר שיבולת שועל אינסטנט ללא גלוטן - 400 גרם,נוטרה זן NutraZen,DK,קוואקר דק ללא גלוטן,,400.00,,false,,19.90,0.0497,true,1,234537
7290015161558,false,קמח שיבולת שועל מלאה אורגני ללא גלוטן,נוטרה זן NutraZen,DK,קמח שיבולת שועל מלא,,500.00,100 גרם,false,,24.90,0.0498,true,1,234538
7290015164856,false,מחית קארי אדומה מזרח,טאפאדונגפורן קוקינט,TH,מחית קארי אדומה 400ג,,400.00,100 גרם,false,,19.90,0.0497,true,1,201258
7290015282000,false,איקרה אדומה שמיר 200 ג',שבעת הימים - שמיר,,איקרה אדומה 200גר שמ,,200.00,,false,,16.90,0.0845,true,1,153215
7290015282024,false,איקרה לבנה סלטי שמיר,שבעת הימים - שמיר,,איקרה לבנה 200גר שמי,,200.00,,false,,16.90,0.0845,true,1,153217
7290015282390,false,סלט תורכי שמיר 200 גר',"סלטי שמיר 2006 בע""מ",IL,תורכי 200 גרם גורמה,,200.00,,false,,14.90,0.0745,true,1,207055
7290015282598,false,חומוס שמיר מסעדות 200 גר',"סלטי שמיר 2006 בע""מ",IL,חומוס מסעדות 200 גר,,200.00,,false,,14.90,0.0745,true,1,207056
7290015282604,false,טחינה שמיר מיוחדת גורמה 200ג',"סלטי שמיר 2006 בע""מ",IL,טחינה מיוחדת 200 גר,,200.00,,false,,14.90,0.0745,true,1,207051
7290015282628,false,חציל שמיר בטעם כבד 200 גר',"סלטי שמיר 2006 בע""מ",IL,חציל בטעם כבד 200 גר,,200.00,100 גרם,false,,14.90,0.0745,true,1,207061
7290015282635,false,חומוס שמיר מסבחה 200 גר',"סלטי שמיר 2006 בע""מ",IL,חומוס מסבחה 200 גר,,200.00,,false,,14.90,0.0745,true,1,207052
7290015282642,false,חומוס שמיר אבו גוש 200 גר',"סלטי שמיר 2006 בע""מ",IL,"חומוס אבו ג""וש 200 ג",,200.00,100 גרם,false,,14.90,0.0745,true,1,207057
7290015282673,false,חציל שמיר במיונז ביתי 200 גורמה גר',"סלטי שמיר 2006 בע""מ",IL,חציל במיונז ביתי שמי,,200.00,,false,,14.90,0.0745,true,1,207062
7290015282680,false,קישוא בטעם כבד שמיר 200 גר',"סלטי שמיר 2006 בע""מ",IL,קישוא בטעם כבד 200 ג,,200.00,100 גרם,false,,14.90,0.0745,true,1,201266
7290015282697,false,כרוב אדום שמיר גורמה 200גר,"סלטי שמיר 2006 בע""מ",IL,כרוב אדום 200 גר,,200.00,,false,,14.90,0.0745,true,1,207058
7290015282710,false,קוביות סלק שמיר 200 גר',"סלטי שמיר 2006 בע""מ",IL,קוביות סלק 200 גר,,200.00,,false,,14.90,0.0745,true,1,207059
7290015282727,false,גזר מרוקאי ברוטב פיקנטי אסלי שמיר 200 ג',"סלטי שמיר 2006 בע""מ",IL,גזר מרוקאי ברוטב פיק,,200.00,100 גרם,false,,14.90,0.0745,true,1,207053
7290015282734,false,מטבוחה שמיר ביתית גורמה 200 ג ',"סלטי שמיר 2006 בע""מ",IL,מטבוחה ביתית 200 גר,,200.00,100 גרם,false,,14.90,0.0745,true,1,207054
7290015282741,false,חציל תאילנדי אסלי שמיר 200 ג',"סלטי שמיר 2006 בע""מ",IL,חציל תאילנדי 200 גר,,200.00,,false,,14.90,0.0745,true,1,207063
7290015282796,false,"סלט תפו""א שמיר במיונז 200ג'","סלטי שמיר 2006 בע""מ",IL,תפוח אדמה 200 גר גור,,200.00,,false,,14.90,0.0745,true,1,207060
7290015320009,false,שוקולד מריר 3*100 ג' השקדיה,קריות זול,,שוקולד מריר שקדיה 3*,,300.00,100 גרם,false,,10.90,0.0363,true,1,237806
7290015320481,false,שוקולד מריר 60% יעד,,,שוקולד מריר 60% יעד,,100.00,,false,,4.90,0.0490,true,1,230809
7290015324007,false,תבלין פלפל שחור גרוס 80 ג',תות ממתקי איכות,IL,פלפל שחור גרוס שקית,,80.00,,false,,11.90,0.1488,true,1,153420
7290015324014,false,תבלין פלפל שחור טחון 80 ג',תות ממתקי איכות,IL,פלפל שחור טחון שקית,,80.00,100 גרם,false,,11.90,0.1488,true,1,153421
7290015324038,false,פפריקה מרוקאית מתוקה בשמן,תות ממתקי איכות,IL,פפריקה בשמן שקית 80ג,,80.00,100 גרם,false,,6.90,0.0863,true,1,153422
7290015324045,false,תבלין פפריקה חריפה 80 גר' שק',תות ממתקי איכות,IL,פפריקה חריפה שקית 80,,80.00,,false,,6.90,0.0863,true,1,153423
7290015324052,false,תבלין פפריקה מתוקה 80 ג',תות ממתקי איכות,IL,פפריקה מתוקה שקית 80,,80.00,100 גרם,false,,6.90,0.0863,true,1,153424
7290015324069,false,תערובת תיבול גריל עוף,תות ממתקי איכות,IL,גריל עוף שקית 80גר,,80.00,100 גרם,false,,6.90,0.0863,true,1,153425
7290015324076,false,טעם וריח זעתר שקית 8,תות ממתקי איכות,IL,זעתר שקית 80גר,,80.00,100 גרם,false,,7.90,0.0988,true,1,153426
7290015324083,false,טעם וריח מלח לימון ש,תות ממתקי איכות,IL,מלח לימון שקית 80גר,,80.00,,false,,6.90,0.0863,true,1,153427
7290015324090,false,תבלין כמון טחון 80 ג',תות ממתקי איכות,IL,כמון שקית 80גר,,80.00,100 גרם,false,,6.90,0.0863,true,1,153428
7290015324106,false,תבלין כורכום טחון 80 גר',תות ממתקי איכות,IL,כורכום שקית 80גר,,80.00,100 גרם,false,,6.90,0.0863,true,1,153429
7290015324113,false,טעם וריח בהרט שקית 8,תות ממתקי איכות,IL,בהרט שקית 80גר,,80.00,,false,,7.90,0.0988,true,1,153430
7290015324120,false,טעם וריח שום גבישי ב,תות ממתקי איכות,IL,שום גבישי שקית 80גר,,80.00,100 גרם,false,,9.90,0.1238,true,1,153431
7290015324168,false,תבלין על האש תיבול 80 גר' שק',תות ממתקי איכות,IL,על האש ללא מונוסודיו,,80.00,100 גרם,false,,7.90,0.0988,true,1,153433
7290015324175,false,תבלין שווארמה תיבול 80 גר' שק',תבליני טעם וריח,IL,שווארמה ללא מונוסודי,,80.00,100 גרם,false,,7.90,0.0988,true,1,153434
7290015324526,false,תערובת תיבול לפרגיות 80 ג',יוליניבר,IL,תערובת תיבול לפרגיות,,80.00,,false,,7.90,0.0988,true,1,223671
7290015324540,false,טימין מיכל גדול 30 ג',"תבליני טעם וריח בע""מ",IL,טימין מיכל גדול 30 ג,,30.00,,false,,9.90,0.3300,true,1,223682
7290015324670,false,מטחנת פלפל שחור שלם 50 ג' טעם וריח,טעם וריח,IL,מטחנת פלפל שחור שלם,,50.00,,false,,13.90,0.2780,true,1,238904
7290015339551,false,פסטה פתיתים קוסקוס טעמן 500 גר',טעמן,,פתיתים אפויים קוסקוס,,500.00,,false,,5.90,0.0118,true,1,150376
7290015339568,false,פסטה פתיתים אורז טעמן 500 גר',,,פתיתים אפויים אורז ט,,500.00,,false,,5.90,0.0118,true,1,150377
7290015339933,false,טעמן ריבת חלב 340 גרם,,,ריבת חלב טעמן 340גר,,340.00,100 גרם,false,,12.90,0.0379,true,1,150379
7290015347426,false,סוכריות קולה לימון ללא סוכר 80גרם,,,סוכריות קולה לימון ל,,80.00,100 גרם,false,,5.90,0.0738,true,1,221128
7290015347464,false,קינואה מעורבת 400גרם,,,קינואה מעורבת 400 גר,,400.00,100 גרם,false,,10.90,0.0273,true,1,237127
7290015366663,false,"אקווה פרש משחת שיניים מנטה עדין 100מ""ל",אקווה פרש Aquafresh,SK,אקווה פרש עדין משחת,,100.00,,false,,8.90,0.0890,true,1,154465
7290015366670,false,משחת שיניים הגנה משולשת מנטה מרענן,אקווה פרש Aquafresh,SK,אקווה פרש מנטה משחת,,100.00,100 גרם,false,,8.90,0.0890,true,1,154466
7290015374279,false,"סיגר במילוי בשר בד""צ",,,"סיגר במילוי בשר בד""צ",,400.00,100 גרם,false,,12.90,0.0323,true,1,133063
7290015374286,false,"סיגר במילוי תפו""א בד",,,"סיגר במילוי תפו""א בד",,400.00,100 גרם,false,,12.90,0.0323,true,1,133064
7290015374309,false,"פסטל במילוי תפו""א בד",,,"פסטל במילוי תפו""א בד",,400.00,100 גרם,false,,12.90,0.0323,true,1,214952
7290015374323,false,קובה ביתי במילוי בשר,,,קובה ביתי במילוי בשר,,400.00,,false,,12.90,0.0323,true,1,214954
7290015374330,false,"קובה מרק בד""צ 400גר",,,"קובה מרק בד""צ 400גר",,400.00,,false,,12.90,0.0323,true,1,214955
7290015374361,false,"קרפלך במילוי בשר בד""",,,"קרפלך במילוי בשר בד""",,400.00,100 גרם,false,,12.90,0.0323,true,1,214958
7290015470094,false,טוסו שוקולד מריר תפוז ללא סוכר 100 ג',ALTINMARKA,TR,שוקולד טוסו מריר תפו,,100.00,100 גרם,false,,12.90,0.1290,true,1,199605
7290015528566,false,גביע 270 ארוז 10 יח',,,גביע 270 ארוז 10 יח',יחידה,0.00,יחידה,false,,6.90,0.0000,true,1,204176
7290015528580,false,גביע 1000 ארוז 5 יח',,,גביע 1000 ארוז 5 יח',יחידה,0.00,יחידה,false,,6.90,0.0000,true,1,204178
7290015528641,false,מיכל 1 ליטר ארוז 3 י,,,מיכל 1 ליטר ארוז 3 י,יחידה,0.00,יחידה,false,,8.90,0.0000,true,1,223220
7290015528658,false,מיכל 2 ליטר ארוז 3 י,,,מיכל 2 ליטר ארוז 3 י,יחידה,0.00,יחידה,false,,8.90,0.0000,true,1,223241
7290015528696,false,כוס נייר OZ16 אר'50,,,כוס נייר OZ16 אר'50,יחידה,0.00,יחידה,false,,24.90,0.0000,true,1,213227
7290015528825,false,צלחת 7 מתכלה אר 25 יח' דנטס,,,צלחת 7 מתכלה אר 25 י,יחידה,0.00,יחידה,false,,11.90,0.0000,true,1,207794
7290015528832,false,צלחת 9 מתכלה אר' 25 יח' דנטס,,,צלחת 9 מתכלה אר' 25,יחידה,0.00,יחידה,false,,14.90,0.0000,true,1,216317
7290015528849,false,צלחת 10 מתכלה אר' 25 יח' דנטס,,,צלחת 10 מתכלה אר' 25,יחידה,0.00,יחידה,false,,18.90,0.0000,true,1,207796
7290015603188,false,אטריות ביצים 454ג' (כ) (fu),פוגקן לונגהי אנלידה,CN,אטריות ביצים 454גר,,454.00,100 גרם,false,,10.90,0.0240,true,1,159460
7290015603195,false,אטריות עם תרד מזרח ו,פוגקן לונגהי אנלידה,CN,אטריות עם תרד 454 גר,,454.00,100 גרם,false,,10.90,0.0240,true,1,159461
7290015603201,false,אטריות מחיטה מלאה מז,yan val yun corpora,CN,אטריות מחיטה מלאה 45,,454.00,100 גרם,false,,10.90,0.0240,true,1,159462
7290015603225,false,איטריות בתוספת גזר 4,פוגקן לונגהי אנלידה,CN,איטריות בתוספת גזר 4,,454.00,,false,,10.90,0.0240,true,1,203142
7290015603232,false,איטריות בתוספת דלעת,פוגקן לונגהי אנלידה,CN,איטריות בתוספת דלעת,,454.00,100 גרם,false,,10.90,0.0240,true,1,203143
7290015603546,false,"שימורי קרם קוקוס 17-19% 400 מ""ל (ASIATIC)(כ)",אסיאטיק אגרו אינדסטר,TH,קרם קוקוס 17-19% 400,,400.00,,false,,9.90,0.0248,true,1,211283
7290015603560,false,שימורי קרם קוקוס 400,אסי אטיק גרו אינדוסט,TH,קרם קוקוס 20-22% 400,,400.00,,false,,9.90,0.0248,true,1,213629
7290015640749,false,קרם ידיים קלאסיק 100,,,קרם ידיים קלאסיק 100,,150.00,,false,,7.90,0.0527,true,1,233042
7290015652254,false,גרעיני חמניה קלויים 500 ג',דין שיווק,IL,גרעינים שחורים 400 ג,,400.00,100 גרם,false,,10.00,0.0250,true,1,186909
7290015652261,false,בוטנים קלויים 350 ג' ששון הקולה,דין שיווק,IL,בוטנים קלויים 300 גר,,300.00,100 גרם,false,,10.00,0.0333,true,1,186910
7290015652278,false,תערובת פיצוחים ששון,"דין שיווק וקליה בע""מ",IL,תערובת פיצוחים 250גר,,250.00,100 גרם,false,,20.00,0.0800,true,1,186911
7290015652285,false,אגוזים קלופים 250 גר,"דין שיווק וקליה בע""מ",IL,אגוזי מלך קלופים 250,,250.00,100 גרם,false,,19.90,0.0796,true,1,155454
7290015652292,false,קבוקים עם שומשום 400גר,"דין שיווק וקליה בע""מ",IL,קבוקים עם שומשום 500,,500.00,,false,,10.00,0.0200,true,1,155455
7290015652308,false,מנצ'ס ששון הקולה 300,,,מנצס ששון הקולה 300,,300.00,100 גרם,false,,10.00,0.0333,true,1,186912
7290015652322,false,בוטנים אמריקאים מצופים 400 ג',דין שיווק,IL,בוטנים אמריקאים מצופ,,400.00,,false,,10.00,0.0250,true,1,155457
7290015652407,false,פיסטוק קלוי ששון הקו,"דין שיווק וקליה בע""מ",IL,פיסטוק 250גר,,250.00,,false,,20.00,0.0800,true,1,186917
7290015699730,false,סבון דה מארסיי יעקבי 1.5 ליטר *חדש-,וונדפוט,,הפי לרצפות מבושמת 1.,ליטרים,1.50,ליטר,false,,14.90,9.9333,true,1,141327
7290015733120,false,מטרנה גולד שלב 1 תרכובת מזון על בסיס חלבי,מטרנה,IL,מטרנה גולד שלב 1 700,,700.00,100 גרם,false,,74.90,0.1070,true,1,230494
7290015733144,false,מטרנה גולד שלב שתיים 700 ג',מטרנה,IL,מטרנה גולד שלב 2 700,,700.00,100 גרם,false,,74.90,0.1070,true,1,230495
7290015733168,false,מטרנה גולד שלב שלוש 700 ג',מטרנה,,מטרנה גולד שלב3 700ג,,700.00,100 גרם,false,,74.90,0.1070,true,1,230496
7290015781114,false,"יין אימפרשן מרלו 750 מ""ל",יקב טפרברג 1870 בעמ,IL,יין אימפרזיון מרלו 7,,750.00,,false,,49.90,0.0665,true,1,130434
7290015781268,false,"יין מוסקטו אדום 750 מ""ל",יקב טפרברג,,יין מוסקטו אדום 750מ,,750.00,,false,,39.90,0.0532,true,1,130428
7290015781275,false,יין טפרברג מוסקטו לב,יקב טפרברג 1870 בעמ,IL,יין מוסקטו לבן 750מל,,750.00,,false,,39.90,0.0532,true,1,130429
7290015781305,false,"יין אימפרשן סירה 750 מ""ל",יקב טפרברג 1870 בעמ,IL,יין אימפרזיון סירה 7,,750.00,,false,,49.90,0.0665,true,1,130440
7290015842631,false,"כוס ברד 330 מ""ל ח""פ 40יח'",,GR,כוס לברד 40 יח,יחידה,0.00,יחידה,false,,10.90,0.0000,true,1,186977
7290015855013,false,פלפל טינקרבל ארוז,,,פלפל טינקרבל ארוז,יחידה,0.00,יחידה,false,,7.90,0.0000,true,1,159256
7290015855037,false,פלפל צ'ילי.,,,פלפל צ'ילי.,יחידה,0.00,יחידה,false,,6.90,0.0000,true,1,159258
7290015855051,false,מלפפון מיני ארוז,,,מלפפון מיני ארוז,יחידה,0.00,יחידה,false,,8.90,0.0000,true,1,159259
7290015855143,false,שום קלוף 170גרם,,,שום קלוף 170גרם,יחידה,0.00,יחידה,false,,11.90,0.0000,true,1,209749
7290015856171,false,בייגלה שמיניות מלח 200 גרם הדר,,,בייגלה שמיניות עם מל,,200.00,,false,,5.90,0.0295,true,1,236281
7290015856539,false,חטיפי ביסקוויט בצורת חיות,הדר,,ביסקוויט גן חיות 180,,180.00,100 גרם,false,,4.40,0.0244,true,1,213601
7290015856973,false,פתי בר ללא סוכר 150 גר הדר וניל,,,תה ביסקוויט וניל ללא,,150.00,100 גרם,false,,6.90,0.0460,true,1,238240
7290015856980,false,פתי בר ללא סוכר 150 גר הדר שוקו,,,תה ביסקוויט שוקו ללא,,150.00,100 גרם,false,,6.90,0.0460,true,1,238241
7290015858106,false,ממרח פסטו ביתי 180 ג' עללחם,"מדשא תעשיות מזון בע""",IL,ממרח פסטו ביתי 180 ג,,180.00,100 גרם,false,,15.90,0.0883,true,1,213800
7290015858113,false,ממרח עגבניות מיובשות 180 גרם עללחם,"מדשא תעשיות מזון בע""",IL,ממרח עגבניות מיובשות,,180.00,100 גרם,false,,15.90,0.0883,true,1,213823
7290015858144,false,ממרח ארטישוק עלחחם 180 ג',זאביק יצור ושיווק מז,IL,ממרח ארטישוק 180 גרם,,180.00,100 גרם,false,,15.90,0.0883,true,1,213799
7290015858175,false,ממרח פלפלים קלויים 180 גרם עללחם,זאביק יצור ושיווק מז,IL,ממרח פלפלים קלויים 1,,180.00,100 גרם,false,,15.90,0.0883,true,1,213816
7290015858212,false,ממרח לימון כבוש עללחם 180 ג',,,ממרח לימון כבוש 180,,180.00,,false,,15.90,0.0883,true,1,213817
7290015858243,false,ממרח צימיצורי עללחם 180 ג',זאביק יצור ושיווק מז,IL,ממרח צ'ימיצ'ורי 180,,180.00,,false,,15.90,0.0883,true,1,213812
7290015858328,false,ממרח איולי פסטו 295 ג' עללחם,עלית,IL,עללחם ממרח איולי פסט,,295.00,100 גרם,false,,15.90,0.0539,true,1,239589
7290015858441,false,ממרח איולי פלפלים 295 ג' עללחם,עלית,IL,עללחם ממרח איולי פלפ,,295.00,,false,,15.90,0.0539,true,1,239590
7290015858687,false,ממרח איולי שום 295 ג' עללחם,עלית,IL,עללחם ממרח איולי שום,,295.00,,false,,15.90,0.0539,true,1,239592
7290015858694,false,"עללחם איולי שום לימון, 295 גרם",אסם,,עללחם ממרח איולי שום,,295.00,100 גרם,false,,15.90,0.0539,true,1,239591
7290015865692,false,תענוג פרי תות שדה ענ,קריות זול,IL,קונפיטורה תענוג פרי,,400.00,,false,,16.90,0.0422,true,1,239531
7290015865708,false,תענוג פרי אוכמניות ע,קריות זול,IL,קונפיטורה תענוג פרי,,400.00,100 גרם,false,,16.90,0.0422,true,1,239532
7290015865722,false,קונפיטורת תות שדה ענ,ענבי ציון,IL,קונפיטורת לייט תות ש,,400.00,100 גרם,false,,18.90,0.0472,true,1,239535
7290015865739,false,קונפיטורת לייט אוכמנ,,,קונפיטורת לייט אוכמנ,,400.00,100 גרם,false,,18.90,0.0472,true,1,239539
7290015865746,false,קונפיטורת לייט פירות,,,קונפיטורת לייט פירות,,400.00,,false,,18.90,0.0472,true,1,239540
7290015968584,false,נר נשמה 24 שעות - נרות חסידים,,,נר נשמה 24 שעות חסיד,יחידה,0.00,יחידה,false,,1.90,0.0000,true,1,212191
7290015968973,false,כפפות ניטריל שחורות ללא אבקה - M,סייף טאץ' Safe Touch,,כפפות ניטריל 100יח M,יחידה,0.00,יחידה,false,,24.90,0.0000,true,1,240242
7290016006025,false,סודה שוופס בקבוק 500,יפאורה תבורי בעמ,IL,שוופס סודה 500מל,,500.00,100 גרם,false,,3.90,0.0078,true,1,201423
7290016006148,false,"שוופס מוגז עדין ענבים בקבוק 500מ""ל",,,שוופס מוגז ענבים 500,,500.00,,false,,5.90,0.0118,true,1,187068
7290016006292,false,נקטר מנגו בננה מלון קרטונית 1 ל' ספרינג,"יפאורה תבורי בע""מ",IL,ספרינג מנגו בננה מלו,,1000.00,100 גרם,false,,7.90,0.0079,true,1,139831
7290016006339,false,מים מינרלים - מארז רביעייה,מופק ממקור בזלתי עדן,IL,מי עדן רביעייה 4*1לי,,4000.00,100 גרם,false,,11.90,0.0030,true,1,139832
7290016006346,false,שוופס סודה מארז שישייה * 0.5 ל',יפאורה תבורי בעמ,IL,שוופס סודה מארז שישי,,3000.00,,false,,15.90,0.0053,true,1,215432
7290016028034,false,קינוחי גלידה אר' 12 יח',,,קינוחי גלידה אר' 12,יחידה,0.00,יחידה,false,,15.90,0.0000,true,1,213231
7290016028348,false,מפת אל בד חתוך 11/18,,,מפת אל בד חתוך 11/18,יחידה,0.00,יחידה,false,,4.90,0.0000,true,1,216327
7290016028836,false,קש מתקפל צבעוני אר' 150 יח' דנטס,,,קש מתקפל צבעוני אר',יחידה,0.00,יחידה,false,,7.90,0.0000,true,1,236657
7290016028867,false,נר מחליף 4 צבעים דנט,,,נר מחליף 4 צבעים דנט,יחידה,0.00,יחידה,false,,10.90,0.0000,true,1,207815
7290016087222,false,רוטב עגבניות לשקשוקה 230 ג' פריניר,פריניר ( הדס 1987) ב,IL,רוטב עגבניות מרוכז ל,,230.00,100 גרם,false,,5.90,0.0257,true,1,212629
7290016096583,false,נתחי טונה בשמן שלישיה 3*80ג' פרינס,,,טונה פרינס שלישייה 3,,240.00,,false,,10.90,0.0454,true,1,208906
7290016102475,false,מפות נייר אל בד לבן 270/120,,,מפת אל בד 1.20*2.70,יחידה,0.00,יחידה,false,,8.90,0.0000,true,1,231349
7290016136739,false,פתיתים פוזילי ללא גלוטן 340 ג',,,פתיתים פוזילי ללא גל,,340.00,,false,,9.90,0.0291,true,1,212325
7290016144017,false,"קמח חיטה מלאה נפלאות 100% 1 ק""ג",קמח מלכים,IL,קמח נפלאות חיטה מלא,,1000.00,,false,,9.90,0.0099,true,1,237795
7290016144024,false,"קמח כוסמין מלא נפלאות 100% 1 ק""ג","קמח מלכים בע""מ",IL,קמח נפלאות כוסמין מל,,1000.00,100 גרם,false,,14.90,0.0149,true,1,237798
7290016144031,false,"קמח חיטה לבן נפלאות 1 ק""ג",קמח מלכים,IL,קמח נפלאות חיטה לבן,,1000.00,100 גרם,false,,6.90,0.0069,true,1,237794
7290016144055,false,"קמח כוסמין נפלאות 80% 1 ק""ג",קמח מלכים,IL,קמח נפלאות כוסמין 80,,1000.00,100 גרם,false,,14.90,0.0149,true,1,237797
7290016150117,false,סלק אדום מבושל 500 ג' בוואקום,חקלאי,IL,סלק וואקום,,500.00,,false,,6.90,0.0138,true,1,165302
7290016150711,false,Avel -נוזל קוקוס תאילנדי בפחית 400 גרם,,,נוזל קוקוס אבאל 400,,400.00,,false,,6.90,0.0173,true,1,223415
7290016162219,false,כדורי שוקולד קוקוס קפולסקי 280 גר',קפולסקי שיווק וקמעונ,IL,כדורי שוקולד פרווה,יחידה,0.00,יחידה,false,,29.90,0.0000,true,1,217860
7290016162264,false,עוגת גבינה רנססנס 450 גר',קפולסקי שיווק וקמעונ,IL,עוגת גבינה רנסנס 450,,450.00,100 גרם,false,,39.90,0.0887,true,1,165826
7290016188608,false,"יין למברוסקו לבן חצי יבש 750מ""ל",יקב גאקובזי,IT,יין למברוסקו לבן חצי,,750.00,,false,,24.90,0.0332,true,1,187105
7290016197488,false,מטליות מיקרופייבר למשטחים ניקול 3יח',UFO INC,CN,מטלית קסם לשיש ניקול,יחידה,0.00,יחידה,false,,15.90,0.0000,true,1,139558
7290016197600,false,דיפנד - תחבושת לנשים נורמל 12 יח',kimberly clark,,תחבושות דיפנד נורמל,יחידה,0.00,יחידה,false,,20.90,0.0000,true,1,139560
7290016197617,false,דיפנד - תחבושות לנשים אקסטרה 10 יח',kimberly clark,,תחבושות דיפנד אקסטרה,יחידה,0.00,יחידה,false,,20.90,0.0000,true,1,139561
7290016197624,false,דיפנד - תחבושת לנשים סופר 8 יח',kimberly clark,,תחבושות דיפנד סופר 8,יחידה,0.00,יחידה,false,,20.90,0.0000,true,1,139562
7290016197839,false,ניקול השקית החזקה 20 יח' XL,אשפלסט תעשיות בעמ,IL,השקית החזקה 20יח XL,יחידה,0.00,יחידה,false,,22.90,0.0000,true,1,139564
7290016197877,false,ניקול שקיות לפחי מטבח קטנים 60 יח' M,ניקול,,שקית לפחי מטבח קטנים,יחידה,0.00,יחידה,false,,22.90,0.0000,true,1,139565
7290016217742,false,חציל בטחינה שמיר 200 ג',"סלטי שמיר 2006 בע""מ",IL,חציל אש בטחינה 200 ג,,200.00,100 גרם,false,,14.90,0.0745,true,1,207066
7290016217759,false,חצילים בסגנון מרוקאי,"סלטי שמיר 2006 בע""מ",IL,סלט חציל מרוקאי 200,,200.00,100 גרם,false,,14.90,0.0745,true,1,207067
7290016233384,false,גפילטע פיש 7קציצות מהדרין 550ג',,,גפילטע פיש 7קציצות מ,,550.00,100 גרם,false,,14.90,0.0271,true,1,134281
7290016233575,false,שיבולת שועל 600 גר,,,שיבולת שועל 600גר,,600.00,100 גרם,false,,6.90,0.0115,true,1,206608
7290016246025,false,בארכה מיקס פינוקיות חלווה ללא סוכר 10*20ג,רושדי תעשיות מזון בע,IL,בארכה חלבה ללא סוכר,,200.00,100 גרם,false,,14.90,0.0745,true,1,136091
7290016246445,false,טחינה גולמית מעודנת שמשום מלא בארכה 310ג',בארכה,IL,טחינה גולמית שומשום,,310.00,100 גרם,false,,14.90,0.0481,true,1,212203
7290016246452,false,טחינה גולמית מעודנת לימון שום בארכה 310ג',בארכה,IL,טחינה גולמית מעודנת,,310.00,,false,,14.90,0.0481,true,1,212204
7290016255300,false,"נובו ג'ל רחצה לגבר ספורט 700מ""ל",,,נובו תחליב רחצה לגבר,,700.00,100 גרם,false,,10.00,0.0143,true,1,157522
7290016276756,false,מעדן 4 פירות 100% רכיבי פרי 284 גר' ללא תוספת סוכר,שקדיה,IL,מעדן 4 פירות 100% רכ,,284.00,100 גרם,false,,11.90,0.0419,true,1,203436
7290016276763,false,מעדן שזיף 100% רכיבי פרי ללא סוכר שקדיה 284 ג',שקדיה,IL,מעדן שזיף 100% רכיבי,,284.00,100 גרם,false,,11.90,0.0419,true,1,203437
7290016276787,false,מעדן אננס 100% רכיבי פרי ללא סוכר שקדיה 284 ג',שקדיה,IL,מעדן אננס 100% רכיבי,,284.00,100 גרם,false,,11.90,0.0419,true,1,203439
7290016276794,false,מעדן פירות ללא סוכר שקדיה 284 ג',שקדיה,IL,מעדן תפוז 100% רכיבי,,284.00,100 גרם,false,,11.90,0.0419,true,1,203440
7290016319309,false,פמלי פרלי 1ליטר מאסק קלאסי+משאבה,הנסיך- מפעל לייצור ט,TR,פמלי אל סבון מאסק+ מ,,1000.00,,false,,14.90,0.0149,true,1,199608
7290016321661,false,מגבונים פרש וואנס סנסיטיב קר רביעיה,עלבד משואות יצחק,IL,מגבוני פרשוואנס רביע,יחידה,0.00,יחידה,false,,18.90,0.0000,true,1,223116
7290016321722,false,פרש וואנס מגבונים בו,על בד,,פרש וואנס מגבונים בו,יחידה,0.00,יחידה,false,,5.90,0.0000,true,1,214492
7290016329308,false,"ד""ר פישר - סרקל קרם רוזמרין לשיער מתולתל 325 מ""ל",,,סרקל קרם רוזמרין לשי,,325.00,100 גרם,false,,27.90,0.0858,true,1,206920
7290016372458,false,חליטת צמחים לימונית ולואיזה הגן הקסום,קריות זול,,תה לימונית ולואיזה ו,,50.00,,false,,36.90,0.7380,true,1,208446
7290016387254,false,מצע לייבוש כלים,,,מצע לייבוש כלים,יחידה,0.00,יחידה,false,,8.90,0.0000,true,1,204212
7290016387339,false,מטליות מיקרופייבר ג'מבו לרצפה זוג,,,2 מטליות מיקרופייבר,יחידה,0.00,יחידה,false,,16.90,0.0000,true,1,233498
7290016387483,false,שייני כריות יפניות דו צדדיות 3 יח',,,כריות יפניות דו צדדי,,3.00,,false,,6.90,2.3000,true,1,209317
7290016387841,false,אטבי כביסה איכותים צבעונים 50 יחי',,,אטבי כביסה ג'וי צבעו,יחידה,0.00,יחידה,false,,12.90,0.0000,true,1,209320
7290016408980,false,"מטבעות שוקולד חלב 36 ג' כשל""פ בד""ץ",כרמית,IL,מטבעות שוקולד חלב 36,,36.00,100 גרם,false,,4.90,0.1361,true,1,212178
7290016416961,false,מוס גבינה תות שדה 400 גר',קפולסקי שיווק וקמעונ,IL,פס גבינה שמנת בציפוי,,400.00,,false,,39.90,0.0997,true,1,213919
7290016440911,false,מלפפונים ביתיים כבושים,מעדני עופר,,מלפפונים ביתיים כבוש,,0.00,,false,,21.90,0.0000,true,1,234916
7290016440928,false,ירקות כבושים חמוץ מתוק (סיני),מעדני עופר,IL,ירקות כבושים חומץ מת,,0.00,,false,,19.90,0.0000,true,1,234917
7290016448894,false,ביצ'קי ברוטב עגבניות,,,ביצ'קי ברוטב עגבניות,,240.00,100 גרם,false,,5.90,0.0246,true,1,231315
7290016509786,false,פרסיל - ג'ל כביסה ירוק 2.50 ליטר,פרסיל Persil,IL,פרסיל ג'ל 2.5ליטר יר,ליטרים,2.50,ליטר,false,,32.90,13.1600,true,1,211387
7290016509809,false,ג'ל מרוכז לכביסה קולור 2.5 ל' פרסיל,פרסיל Persil,IL,פרסיל ג'ל 2.5 ליטר ק,ליטרים,2.50,ליטר,false,,32.90,13.1600,true,1,211388
7290016542509,false,"טוסקנה 750 מ""ל מבעבעת יבש 10%-בודד",,,טוסקניה שיכר מבעבע י,,750.00,100 גרם,false,,14.90,0.0199,true,1,210933
7290016542516,false,"טוסקנה 750 מ""ל מבעבעת חצי יבש 10%-בודד",,,טוסקניה שיכר מבעבע ח,,750.00,,false,,14.90,0.0199,true,1,210935
7290016580174,false,צלחות 9 צבעומיות דנט,,,צלחת 9 צבעוני לבן/ ק,,100.00,,false,,39.90,0.3990,true,1,212885
7290016621358,false,"ד""ר פישר - קמיל אל סבון ניקיון והזנה ורוד 1 ליטר","ד""ר פישר Dr fischer",,קמיל אל סבון ניקיון,,1000.00,100 גרם,false,,15.90,0.0159,true,1,208744
7290016717754,false,"יין ישן נושן היובל 750 מ""ל",אגודת הכורמים הקואופ,IL,"יין ישן נושן 750 מ""ל",,750.00,,false,,17.90,0.0239,true,1,211754
7290016866650,false,"פרודונטקס - משחת שיניים אוריג'ינל 75 מ""ל",פרודונטקס Parodontax,SK,פרודונטקס משחת שיניי,,75.00,,false,,29.90,0.3987,true,1,212605
7290016866674,false,"פרודונטקס - משחת שיניים מלבינה 75 מ""ל",פרודונטקס Parodontax,SK,פרודונטקס משחת שיניי,,75.00,,false,,29.90,0.3987,true,1,211429
7290016882407,false,מחית חציל קלוי על האש 560 ג',אונטד גידה,TR,ממרח חצילים קלויים 5,,550.00,100 גרם,false,,9.90,0.0180,true,1,233027
7290016882414,false,קונפיטורה שזיפים 70%,דין שיווק,IL,קונפיטורה שזיף 70 %,,450.00,100 גרם,false,,12.90,0.0287,true,1,218897
7290016898071,false,"תבניות מקרטון אינגליש גדול ח""פ 5 יח'",,,תבניות אינגליש קייק,,5.00,,false,,10.90,2.1800,true,1,223920
7290016898187,false,נר מס' 20 ר.שמאי,,,נרות שבת מס 20,יחידה,0.00,יחידה,false,,3.50,0.0000,true,1,235377
7290017023212,false,"שוויפס מוגז פירות תפוח מארז רביעייה* 330 מ""ל",יפאורה תבורי,IL,שוופס מוגז פירות רבי,,1320.00,,false,,15.90,0.0120,true,1,210801
7290017023229,false,רביעיית פחיות שוופס מוגז פירות תות ליים 330 מל.,יפאורה תבורי,IL,שוופס מוגז פירות רבי,,1320.00,,false,,15.90,0.0120,true,1,210802
7290017023663,false,"שוופס מיץ פירות לימונייד פחית מארז 330X4מ""ל",יפאורה תבורי,IL,שוופס מוגז פירות למו,,1320.00,,false,,15.90,0.0120,true,1,213850
7290017023809,false,"רביעיית ספרינג אגס סברס תפוח 250 מ""ל",יפאורה תבורי,IL,ספרינג אגס סברס תפוח,,1000.00,,false,,14.90,0.0149,true,1,213851
7290017023823,false,"רביעיית ספרינג תות בננה 250 מ""ל",יפאורה תבורי,IL,ספרינג תות בננה 4*25,,1000.00,100 גרם,false,,14.90,0.0149,true,1,213853
7290017023854,false,מי סודה בקבוקים אישיים - מארז 4 יח',יפאורה תבורי בעמ,IL,"שוופס סודה 4*250מ""ל",,1000.00,,false,,13.90,0.0139,true,1,213854
7290017031477,false,"סנסודיין משחת שיניים רפיד רליף להלבנה 75 מ""ל","סמיתקליין ביצ'ם בע""מ",GB,משחת שיניים סנסודיין,,75.00,,false,,21.90,0.2920,true,1,233698
7290017058092,false,שיבולת שועל שלמים 60,,,שיבולת שועל שלמה 600,,600.00,100 גרם,false,,6.90,0.0115,true,1,208982
7290017058139,false,"רביעיית רסק תפו""ע תות שדה",Cherry growers inc,,רסק תפוח עץ עם תות ש,יחידה,0.00,יחידה,false,,11.90,0.0000,true,1,211274
7290017062037,false,ג'ל אלוורה נובו 200מ,,,ג'ל אלוורה נובו 200מ,,200.00,,false,,9.90,0.0495,true,1,207617
7290017062747,false,"נוזל כלים 36% תפוח +משאבה 750 מ""ל",,,טאצ' נוזל כלים לימון,,750.00,,false,,8.90,0.0119,true,1,233402
7290017062754,false,"נוזל כלים 36% לימון+משאבה 750 מ""ל",,,טאצ' נוזל כלים שדות,,750.00,,false,,8.90,0.0119,true,1,233404
7290017065137,false,ריקוטה למריחה 5% טבעית 200 גרם - רובין,האי נאם סי או אל.טי.,IL,ריקוטה למריחה 5% טבע,,200.00,100 גרם,false,,10.70,0.0535,true,1,209538
7290017065144,false,גבינת ריקוטה למריחה 5% בזיליקום 200ג' גד,האי נאם סי או אל.טי.,IL,ריקוטה למריחה 5% עפ,,200.00,,false,,10.70,0.0535,true,1,209540
7290017065212,false,גבינת קרם מסקרפונה מחלבות גד 250 גר,מיוצר עי קוד יצרן ED,IL,קרם מסקרפונה 250 גרם,,250.00,,false,,19.90,0.0796,true,1,210809
7290017065236,false,גבינה בולגרית מעודנת 24% גד 250 ג',הנסיך- מפעל לייצור ט,IL,בולגרית מעודנת 250גר,,250.00,100 גרם,false,,23.90,0.0956,true,1,210362
7290017065311,false,פרוסות גבינה מוצרלה מעושנת 200 ג',מחלבות גד בעמ,IL,פרוסות מוצרלה מעושנת,,200.00,100 גרם,false,,19.70,0.0985,true,1,210806
7290017065618,false,גבינת פקורינו פרוס מחלב כבשים,הנסיך- מפעל לייצור ט,ES,פקורינו פרוס 150 גרם,,150.00,100 גרם,false,,21.90,0.1460,true,1,231154
7290017065649,false,קרם פטיסייר מחלבות ג,מיוצר עי קוד יצרן ED,IL,קרם פטיסייר 250 גרם,,250.00,,false,,19.90,0.0796,true,1,231150
7290017065663,false,פטה עיזים מעודנת 16% 250 ג',ג'נרל מילס סאן אדריא,IL,בולגרית עיזים מעודנת,,250.00,,false,,31.90,0.1276,true,1,232899
7290017065731,false,גבינת שמנת 30% ניו יורק +כמהין 200 גרם רבנות,פ.פ.ח. שאביט,IL,גבינת שמנת ניו יורק,,200.00,100 גרם,false,,13.90,0.0695,true,1,234384
7290017065762,false,מאנורי גבינה בסגנון יווני לצליה 30% שומן 100 גרם,מחלבות גד,IL,גבינה מאנורי 100 גרם,,100.00,100 גרם,false,,11.90,0.1190,true,1,237500
7290017065786,false,גבינת צ'דר אנגלית גד 210 ג',מחלבות גד,IL,גבינת צ'דר פלח מחלבו,,210.00,100 גרם,false,,22.90,0.1090,true,1,236195
7290017068350,false,עדשים שחורות בלוגה מיה 500 גר',מיה,IL,עדשים שחורות בלוגה 5,,500.00,,false,,8.90,0.0178,true,1,237129
7290017088693,false,קוויק מגבונים לניקוי וחיטוי רצפות בניחוח לוונדר 10 יחי',,,קוויק מגבונים לניקוי,יחידה,0.00,יחידה,false,,10.90,0.0000,true,1,230130
7290017088815,false,BREEZE תחבושות לבריחת שתן נורמל(12 יח),בריז Breeze,,תחבושות בריז נורמל 1,יחידה,0.00,יחידה,false,,18.90,0.0000,true,1,235272
7290017094847,false,סלט תפוחי אדמה אסלי שמיר 400 ג',סלטי שמיר 2006 בעמ,IL,סלט תפוחי אדמה 400 ג,,400.00,100 גרם,false,,13.90,0.0348,true,1,212865
7290017094861,false,חומוס עם רוטב מסבחה אסלי שמיר 400 ג',סלטי שמיר 2006 בעמ,IL,חומוס עם רוטב מסבחה,,400.00,100 גרם,false,,13.90,0.0348,true,1,212867
7290017100142,false,כוסיות יין 80CC ספלאש ארוז 50 יח',,,"כוסיות ליין 80 ס""ס",יחידה,0.00,יחידה,false,,8.90,0.0000,true,1,230185
7290017105383,false,תירס לילדים יכין 3*200 גר',,,תירס קיד יכין שלישיי,,495.00,100 גרם,false,,14.90,0.0301,true,1,230439
7290017105468,false,שלישיית אפונה קטן -,קשקמט קונסרב הונגריה,HU,אפונה גינה יכין Oz2,,600.00,100 גרם,false,,14.90,0.0248,true,1,229835
7290017105550,false,רסק עגבניות מארז 100X4גר',היינץ צפון אמריקה מק,IL,רסק עגבניות 100% מאג,,400.00,100 גרם,false,,11.90,0.0298,true,1,224247
7290017121093,false,אריסה חריפה 250 גרם עללחם,"מדשא תעשיות מזון בע""",IL,ממרח אריסה חריפה 250,,250.00,,false,,12.90,0.0516,true,1,213826
7290017129754,false,"שוקולד מריר מעולה 70% מוצקי קקאו 100 גר בד""ץ","כד בני דרום בע""מ",IL,אגו שוקולד פרימיום 7,,100.00,100 גרם,false,,7.90,0.0790,true,1,211674
7290017129778,false,"שוקולד פרימיום 70% בטעם קפה בד""ץ 100 גר'",כרמית תעשיות ממתקים,IL,אגו שוקולד פרימיום 7,,100.00,100 גרם,false,,7.90,0.0790,true,1,211676
7290017129822,false,מטבעות שוקולד מריר 36 ג' !..,כרמית,IL,מטבעות שוקולד מריר 3,,36.00,100 גרם,false,,4.90,0.1361,true,1,212179
7290017129839,false,"שוקולד פרימיום 70% בטעם פטל בד""ץ 100 גר'.",כרמית תעשיות ממתקים,IL,אגו שוקולד פרימיום 7,,100.00,100 גרם,false,,7.90,0.0790,true,1,211677
7290017129983,false,שוקולד צ'יפס לבן פרו,"כד בני דרום בע""מ",IL,שוקולד צ'יפס לבן פרו,,250.00,100 גרם,false,,13.90,0.0556,true,1,212423
7290017142012,false,שמן קוקוס אורגני כתית מכבישה קרה,עץ הזית,,שמן קוקוס אורגני כתי,,500.00,,false,,39.90,0.0798,true,1,207820
7290017142111,false,טונה בהירה בשמן זית טו גו 85 ג',,,פתיתי טונה בהירה בשמ,יחידה,0.00,יחידה,false,,9.90,0.0000,true,1,210984
7290017142128,false,"שמן זית כתית מעולה עץ הזית 750 מ""ל",שמן תעשיות,,שמן זית כתית מעולה ק,,750.00,,false,,34.90,0.0465,true,1,209817
7290017142159,false,מארז נתחי טונה בהירה בשמן זית 3*80 ג' עץ הזית,הנסיך- מפעל לייצור ט,TH,נתחי טונה בהירה בשמן,,240.00,,false,,24.90,0.1037,true,1,210979
7290017142289,false,"תרסיס חמניות ללא גז 200 מ""ל עץ הזית",שמן תעשיות,,תרסיס שמן חמניות עץ,,200.00,,false,,17.90,0.0895,true,1,212760
7290017142340,false,שמן זרעי ענבים מזוכך 1 ל',עץ השדה,IL,שמן זרעי ענבים מזוכך,,1000.00,,false,,29.90,0.0299,true,1,235841
7290017142371,false,"שמן שומשום 250 מ""ל עץ הזית",עץ הזית,,"שמן שומשום ""עץ הזית""",,250.00,,false,,29.90,0.1196,true,1,235839
7290017142388,false,שמן חמניות אומגה 3 פלוס 1 ליטר עץ הזית,עץ הזית,,שמן חמניות פלוס 1 לי,ליטרים,1.00,ליטר,false,,17.90,17.9000,true,1,235842
7290017142395,false,ארוחה פסטה עם טונה בשמן זית 160 גר',,,טונה עם פסטה בשמן זי,,160.00,100 גרם,false,,13.90,0.0869,true,1,230600
7290017142401,false,קינואה לבנה ואדומה עם טונה בשמן זית 160 גרם,ג'נרל מילס סאן אדריא,TH,קינואה לבנה ואדומה ע,,160.00,,false,,13.90,0.0869,true,1,233014
7290017142418,false,ארוחה אורז עם עדשים טונה בשמן זית 160 גר',יוניקורד ח.צ בעמ,TH,אורז עם עדשים עם טונ,,160.00,,false,,13.90,0.0869,true,1,230601
7290017142487,false,בורגול וגרגירי חומוס עם טונה בשמן זית,עץ הזית,,בורגול עם גרגירי חומ,,160.00,100 גרם,false,,13.90,0.0869,true,1,234886
7290017142609,false,תרסיס שמן זית כתית ב,,,תרסיס שמן זית בטעם,,150.00,,false,,19.90,0.1327,true,1,238908
7290017217802,false,"שקיות אוכל 25 ס""מ זוג 2*150 בשרינק",,,שקיות אוכל מארז זוג*,,300.00,100 גרם,false,,7.90,0.0263,true,1,240264
7290017275338,false,טחינה גולמית 500 גרם-טורקיז,אחדות ביחר לטחינה חל,IL,טחינה גולמית טורקיז,,500.00,100 גרם,false,,14.90,0.0298,true,1,236381
7290017275345,false,טחינה אחווה בבקבוק לחיץ 350 גר',אחדות ביחר לטחינה חל,IL,טחינה גולמית בקבוק ל,,350.00,,false,,9.90,0.0283,true,1,239334
7290017297149,false,גרגירי חומוס להכנת חומוס ביתי 550 ג',פרי הגליל,,גרגירי חומוס להכנה ח,,550.00,100 גרם,false,,7.90,0.0144,true,1,233319
7290017297330,false,"טל רוטב עגבניות מרוכז, 240 גרם",טל וטרי,,רוטב עגבניות מרוכז ט,,260.00,100 גרם,false,,4.90,0.0188,true,1,239963
7290017297682,false,כרובית מקופאות 800 ג' גרין פריש,גרין אנד פרש Green & Fresh,,כרובית גרין אנד פרש,,800.00,,false,,12.90,0.0161,true,1,236719
7290017339610,false,חלה בריוש 6 כדורים ה,המחמצת,IL,חלה בריוש 6 כדורים,יחידה,0.00,יחידה,false,,18.90,0.0000,true,1,236062
7290017339627,false,חלת בריוש כתר המחמצת,המחמצת,IL,חלה בריוש כתר,יחידה,0.00,יחידה,false,,18.90,0.0000,true,1,236053
7290017396163,false,לחם שיפון 70% אובלי,המחמצת,IL,לחם שיפון,יחידה,0.00,יחידה,false,,16.90,0.0000,true,1,211491
7290017396170,false,לחם שאור איטלקי המחמ,המחמצת,IL,לחם שאור איטקי לבן,יחידה,0.00,יחידה,false,,16.90,0.0000,true,1,211492
7290017396187,false,לחם קלמטה אובלי המחמ,המחמצת,IL,לחם קלמטה,יחידה,0.00,יחידה,false,,16.90,0.0000,true,1,211493
7290017396217,false,לחם דגנים אובלי המחמ,המחמצת,IL,לחם דגנים,יחידה,0.00,יחידה,false,,16.90,0.0000,true,1,211489
7290017396224,false,לחם כוסמין אובלי המח,המחמצת,IL,לחם כוסמין,יחידה,0.00,יחידה,false,,16.90,0.0000,true,1,211494
7290017440309,false,"ד""ר פישר - קידס שמפו ויטמינים 750 מ""ל","ד""ר פישר Dr fischer",IL,שמפו קידס פישר 750 מ,,750.00,,false,,16.90,0.0225,true,1,223504
7290017457727,false,"סוד - מרכך כביסה מרוכז פרש סקיי 900 מ""ל",הנקל סוד,IL,סוד מרכך מרוכז כחול,,900.00,100 גרם,false,,13.90,0.0154,true,1,214193
7290017457734,false,"סוד - מרכך כביסה מרוכז ווילד רוז 900 מ""ל",הנקל סוד,IL,סוד מרכך מרוכז ורוד,,900.00,100 גרם,false,,13.90,0.0154,true,1,214198
7290017457932,false,סוד מרכך כביסה מרוכז פרש קונטרול כחול,הנקל סוד,IL,סוד מרכך מרוכז פרש ב,,900.00,,false,,13.90,0.0154,true,1,233483
7290017470184,false,קשים עבים במיוחד שחו,,CN,קשים ארומה 100 יח',,100.00,,false,,11.90,0.1190,true,1,235382
7290017470450,false,צימרוני אוזניים בקופסא תינוקות 55 יחי',,,צימרוני אוזניים תינו,יחידה,0.00,יחידה,false,,4.90,0.0000,true,1,231812
7290017477169,false,קשיו קלוי ששון הקולה,ששון,IL,קשיו קלוי ששון הקולה,,250.00,,false,,20.00,0.0800,true,1,238181
7290017477244,false,שקדים מולבן טחון 180,דין שיווק,,שקד מולבן טחון 180 ג,,180.00,,false,,19.90,0.1106,true,1,211164
7290017477275,false,גרעיני חמנייה קלופים,דין שיווק,,גרעיני חמנייה קלופים,,200.00,100 גרם,false,,10.00,0.0500,true,1,211167
7290017513775,false,פליפז בייגלה מצופה שוקולד חלב 140 גרם,שוורצקוף& הנקל דיסלד,TR,בייגלה מצופה שוקולד,,140.00,100 גרם,false,,9.90,0.0707,true,1,232639
7290017513782,false,פליפז בייגלה מצופה שוקולד מריר 140 גרם,שוורצקוף& הנקל דיסלד,TR,בייגלה מצופה שוקולד,,140.00,100 גרם,false,,9.90,0.0707,true,1,232640
7290017520933,false,"ערק שליט לימונים 700 מ""ל",,,ערק שליט לימונים 700,,700.00,,false,,49.90,0.0713,true,1,231897
7290017589565,false,יין קלאסיק Classic גוורצטרמינר,יקבי ברקן שיווק והפצ,IL,יין קלאסיק ברקן גוור,,750.00,,false,,39.90,0.0532,true,1,230428
7290017599274,false,סוכרזית סטיוויה 120 שקיות,ביסקול בע''מ,IL,סוכרזית סטיוויה 120,יחידה,0.00,יחידה,false,,39.90,0.0000,true,1,239290
7290017617138,false,נתחי טונה בהירה בשמן קנולה דל נתרן - מארז 4 יח',סטארקיסט פודור,,טונה סטארקיסט בשמן ק,,640.00,100 גרם,false,,24.90,0.0389,true,1,233525
7290017675015,false,טחינה היונה 450 גרם,היוצר,IL,טחינה היונה 450 גרם,,450.00,100 גרם,false,,14.90,0.0331,true,1,230250
7290017682341,false,ספוג סקוטש גדול 5יח',,,ספוג סקוטש גדול 5יח',יחידה,0.00,יחידה,false,,6.90,0.0000,true,1,233501
7290017682556,false,"שיפוד עובי 30 ס""מ 80 יחי",,,שיפודים עבה 30סמ,יחידה,0.00,יחידה,false,,3.90,0.0000,true,1,232777
7290017682563,false,"שיפוד עובי 30 ס""מ 50 יח'",,,שיפוד עובי 5 אורך 30,יחידה,0.00,יחידה,false,,7.90,0.0000,true,1,232778
7290017696409,false,פטריות פורטובלה,,,פטריות פורטובלה,יחידה,0.00,יחידה,false,,12.90,0.0000,true,1,213114
7290017715261,false,פתיתים בצורת אורז תו,קריות זול,,פתיתים בצורת אורז תו,,500.00,100 גרם,false,,5.90,0.0118,true,1,240284
7290017715278,false,פתיתים בצורת קוסקוס,קריות זול,,פתיתים בצורת קוסקוס,,500.00,100 גרם,false,,5.90,0.0118,true,1,240285
7290017812052,false,יין שיראז קברנה סוביניון אקסלנס Excellence,יקבי כרמל Carmel Winery,IL,יין אקסלנס שיראז-קבר,,750.00,100 גרם,false,,25.90,0.0345,true,1,212965
7290017812069,false,יין אמרלד ריזלינג שרדונה אקסלנס Excellence,יקבי כרמל Carmel Winery,IL,יין אקסלנס ריזלינג-ש,,750.00,,false,,25.90,0.0345,true,1,212966
7290017812571,false,מיץ ענבים אדום 100% טבעי 1 ליטר,יקבי כרמל Carmel Winery,IL,מיץ ענבים אדום 100%,,1000.00,,false,,19.90,0.0199,true,1,230133
7290017812588,false,מיץ ענבים לבן 100% טבעי 1 ליטר,יקבי כרמל Carmel Winery,IL,מיץ ענבים לבן 100% ט,,1000.00,,false,,19.90,0.0199,true,1,230134
7290017812830,false,"יין רוזה פרייבט קולקשיין 750 מ""ל","כד בני דרום בע""מ",IL,יין רוזה פריווט קולק,,750.00,,false,,39.90,0.0532,true,1,234089
7290017812861,false,"יין וינו לבן יבש 750 מ""ל",קריות זול,IL,יין וינו לבן יבש 750,,750.00,,false,,19.90,0.0265,true,1,234091
7290017812878,false,"יין אקסלנס רוזה 750 מ""ל",קריות זול,IL,יין אקסלנס רוזה 750,,750.00,100 גרם,false,,25.90,0.0345,true,1,234092
7290017870465,false,מכסים לתבנית אלומיני,,,מכסים לתבנית אלומיני,יחידה,0.00,יחידה,false,,6.90,0.0000,true,1,235076
7290017870625,false,"כוס יהלום 250 מ""ל א",,,"כוס יהלום 250 מ""ל א",יחידה,0.00,יחידה,false,,14.90,0.0000,true,1,235067
7290017871370,false,"סבון ידיים מועשר בשמן אבוקדו פמלי 500 מ""ל יהלום",המאפיה של הרמן,TR,פמלי יהלום סבון ידיי,,500.00,100 גרם,false,,9.90,0.0198,true,1,231517
7290017872049,false,"פמלי אל סבון בניחוח לוונדר ארומטי- שלישייה 500 מ""ל",אברנסל קוסמטיקס,TR,פמלי אל סבון שלישייה,,1500.00,100 גרם,false,,14.90,0.0099,true,1,231449
7290017872056,false,"פמלי אל סבון סדרה לבנה- שלישייה 500 מ""ל",אברנסל קוסמטיקס,TR,פמלי אל סבון אפרסק 3,יחידה,0.00,יחידה,false,,14.90,0.0000,true,1,231450
7290017872063,false,"פמלי אל סבון ארומתרפי- שלישייה 500 מ""ל",אברנסל קוסמטיקס,TR,"פמלי אל סבון 500 מ""ל",ליטרים,1.50,ליטר,false,,14.90,9.9333,true,1,231451
7290017888019,false,"משקה תפוח רימון סלק גינגיר פרות &ווג 350 מ""ל",פרוט אנד וג' Fruit & Veg,IL,פרוט & וג' תפוח רימו,,350.00,,false,,8.90,0.0254,true,1,231524
7290017888026,false,"משקה אננס תפוח גזר פרות & ווג 350 מ""ל",פרוט אנד וג' Fruit & Veg,IL,פרוט & וג' אננס תפוח,,350.00,100 גרם,false,,8.90,0.0254,true,1,231525
7290017888101,false,"שוויפס מוגז עדין אפרסק מארז רביעייה* 330 מ""ל",יפאורה תבורי,IL,שוופס מוגז עדין אפרס,,1320.00,,false,,14.90,0.0113,true,1,213846
7290017888354,false,מים מינרליים בקבוק ס,"מי עדן בע""מ",,מי עדן 750מל,,750.00,,false,,3.50,0.0047,true,1,233695
7290017888729,false,שוופס סודה בקבוק 1 ל',"יפאורה תבורי בע""מ",IL,שוופס סודה בקבוק 1 ל,,1000.00,,false,,3.90,0.0039,true,1,231324
7290017888972,false,מי עדן 1 ליטר פקק ספורט בודד,מופק ממקור בזלתי עדן,IL,מי עדן 1 ליטר פקק ספ,,1000.00,100 גרם,false,,3.90,0.0039,true,1,231585
7290017907208,false,תערובת קמח רב תכליתי לנמנעים מגלוטן,מנדלז סי.אר. פרודקשן,IL,קמח תמי רב תכליתי לל,,500.00,100 גרם,false,,18.90,0.0378,true,1,234510
7290017907215,false,קמח תמי למאפי שמרים ללא גלוטן 500 גרם,פוראטוס ישראל,IL,קמח תמי למאפי שמרים,,500.00,100 גרם,false,,18.90,0.0378,true,1,234511
7290017907222,false,תערובת קמח תופח לנמנעים מגלוטן,פוראטוס ישראל,IL,קמח תמי תופח ללא גלו,,500.00,100 גרם,false,,18.90,0.0378,true,1,234512
7290017917382,false,אל סבון היגייני לניקוי יסודי ולהרגע העור clean & calm,"ד""ר פישר Dr fischer",,קמיל אל סבון 1 ליטר,,1000.00,,false,,15.90,0.0159,true,1,223501
7290017946979,false,ג'ל מרוכז לכביסה מנטרל ריחות 2.4 ל' פרסיל,פרסיל Persil,,פרסיל ג'ל כביסה נטרו,ליטרים,2.40,ליטר,false,,32.90,13.7083,true,1,233933
7290017969084,false,מרקיות 25 יח שמאי,,,מרקיות 25 יחידות,יחידה,0.00,יחידה,false,,8.90,0.0000,true,1,230470
7290017969145,false,מפה נצמדת עם גומי הי,,,מפה נצמדת עם גומי הי,יחידה,0.00,יחידה,false,,19.90,0.0000,true,1,231351
7290017969299,false,קיסמי שיניים במבוק 500 יח',,,קיסמי שיניים 500 יח',יחידה,0.00,יחידה,false,,4.90,0.0000,true,1,237705
7290017969817,false,"כוס לונג 300 מ""ל קשיח ח""פ 10 יח'",,,"כוסות לונג 300מ""ל 10",יחידה,0.00,יחידה,false,,10.90,0.0000,true,1,234635
7290017969916,false,צמר גפן 100 גר' חדש BEL OM,,,צמר גפן רפואי 100 גר,,100.00,100 גרם,false,,4.90,0.0490,true,1,235092
7290017969978,false,כוס מרוקאית צבעונית 40 יח',,,כוס מרוקאית 40 יח,יחידה,0.00,יחידה,false,,12.90,0.0000,true,1,235115
7290017978215,false,קרמבו ריאו בטעם מוקה 16יח',"גלידות ריאו ביח""ר לג",IL,קרמבו ריאו מוקה 16 י,יחידה,0.00,יחידה,false,,22.90,0.0000,true,1,232072
7290018023013,false,זית סורי שבור 215 ג' סבא חביב,,,זית סורי שבור סבא חב,,215.00,100 גרם,false,,10.00,0.0465,true,1,236599
7290018023044,false,זית כבוש לימון 215 ג' סבא חביב,,,זיתים עם לימון כבוש,,215.00,100 גרם,false,,10.00,0.0465,true,1,236601
7290018043844,false,חטיף חלבון בוטנים קרמל קראנץ 60 ג' פראוד,פראוד PROUD,NL,חטיף חלבון בוטנים קר,,60.00,,false,,12.90,0.2150,true,1,238660
7290018045893,false,דגנים במילוי קרם נוגט 480ג' BON & BON,,DE,דגני בוקר בון בון במ,,480.00,100 גרם,false,,22.90,0.0477,true,1,237393
7290018050408,false,אגוזי פיסטוק קלויים ומומלחים 160 גרם,,,אגוזי פיסטוק קלויים,,160.00,100 גרם,false,,15.00,0.0938,true,1,232574
7290018050453,false,קשיו טבעי קופסא 220,שקרצי,IL,קשיו טבעי קופסא 220,,220.00,100 גרם,false,,15.00,0.0682,true,1,232579
7290018050460,false,קשיו קלוי קופסא 200,,,קשיו קלוי קופסא 200,,200.00,100 גרם,false,,15.00,0.0750,true,1,232580
7290018050484,false,אגוזי מלך קלופים טבעיים 150 גרם,,,אגוז מלך קלופים טבעי,,150.00,100 גרם,false,,10.00,0.0667,true,1,232581
7290018050514,false,בוטן מטוגן קופסא 240,,,בוטן מטוגן קופסא 240,,240.00,100 גרם,false,,10.00,0.0417,true,1,232583
7290018050521,false,אגוזי לוז טבעי קופסא,,,אגוזי לוז טבעי קופסא,,180.00,100 גרם,false,,10.00,0.0556,true,1,232559
7290018050545,false,גרעיני אבטיח קלויים ומומלחים 140 גרם,,,גרעיני אבטיח קלויים,,140.00,100 גרם,false,,10.00,0.0714,true,1,232560
7290018050552,false,גרעיני דלעת קלופים טבעיים 240 גרם,,,גרעיני דלעת קלופים ט,,240.00,100 גרם,false,,10.00,0.0417,true,1,232585
7290018050569,false,גרעיני חמניה קלופים טבעיים 400 גרם,,,גרעיני חמנייה קלופים,,400.00,100 גרם,false,,10.00,0.0250,true,1,232586
7290018050613,false,צימוקים כהים קופסא 3,שקרצי,IL,צימוקים כהים קופסא 3,,300.00,100 גרם,false,,10.00,0.0333,true,1,232589
7290018050620,false,צימוקים בהירים קןפסא,,,צימוקים בהירים קןפסא,,220.00,100 גרם,false,,10.00,0.0455,true,1,232563
7290018050637,false,בוטנים אמריקאים - בוטנים מצופים 300 גרם,,,בוטנים אמריקאים מצופ,,300.00,100 גרם,false,,10.00,0.0333,true,1,232590
7290018050644,false,קבוקים - בוטנים מצופים 300 גרם,,,קבוקים-בוטנים מצופים,,300.00,,false,,10.00,0.0333,true,1,232591
7290018050675,false,שקד קלוי קופסא 210 ג,,,שקד קלוי קופסא 210 ג,,210.00,100 גרם,false,,15.00,0.0714,true,1,232592
7290018050699,false,שקדים טבעיים קלופים 230 גרם,,,שקדים טבעיים קלופים,,230.00,100 גרם,false,,15.00,0.0652,true,1,232594
7290018050705,false,שבבי שקדים מולבנים 130 גרם,,,שבבי שקדים מולבנים ק,,130.00,,false,,10.00,0.0769,true,1,232565
7290018050712,false,שקדים מולבנים פרוסים 130 גרם,,,שקדים מולבנים פרוסים,,130.00,100 גרם,false,,10.00,0.0769,true,1,232566
7290018050750,false,מיקס אגוזים וחמוציות מיובשות ומסוכרות 130 גרם,,,מיקס אגוזים חמצוציות,,130.00,100 גרם,false,,10.00,0.0769,true,1,232567
7290018050774,false,מיאסי (בוטנים מצופים,,,מיאסי (בוטנים מצופים,,270.00,,false,,10.00,0.0370,true,1,232599
7290018050781,false,אפונה מטוגנת קופסא 3,,,אפונה מטוגנת קופסא 3,,320.00,100 גרם,false,,10.00,0.0313,true,1,232600
7290018050811,false,חטיף תירס ברביקיו 220 גר',,,חטיף תירס ברביקיו קו,,220.00,100 גרם,false,,10.00,0.0455,true,1,232601
7290018050828,false,חטיף חטיפול קופסא 22,,,חטיף חטיפול קופסא 22,,220.00,100 גרם,false,,10.00,0.0455,true,1,232602
7290018050835,false,בוטנים קלויים ומומלחים 250 גרם,,,בוטנים קלויים ומומלח,,250.00,100 גרם,false,,10.00,0.0400,true,1,232603
7290018050842,false,שקדים בקרמל קופסא 20,,,שקדים בקרמל קופסא 20,,200.00,,false,,15.00,0.0750,true,1,232604
7290018050866,false,בוטנים בכרמל קופסא 2,,,בוטנים בכרמל קופסא 2,,200.00,100 גרם,false,,10.00,0.0500,true,1,232606
7290018091234,false,פיצה מקסיקנית מעדנות 260 ג',מעדנות בעמ,IL,פיצה מקסיקנית מעדנות,,260.00,,false,,14.90,0.0573,true,1,233029
7290018091616,false,מקלות פילו גבינה מעדנות 450 ג',מיוצר עי קונדיטוריית,IL,מקלות פילו גבינה 450,,450.00,,false,,16.90,0.0376,true,1,231938
7290018098264,false,מרק מינסטרונה +חלבון,,,מרק מינסטרונה +חלבון,,500.00,,false,,16.90,0.0338,true,1,239975
7290018098486,false,פיצה טבעונית משפחתית מרגריטה 350 גרם MILK FREE,נטורל קייקס,IL,פיצה משפחתית מרגריטה,,350.00,100 גרם,false,,21.90,0.0626,true,1,239341
7290018098493,false,פיצה טבעונית משפחתית זיתים 350 גרם MILK FREE,נטורל קייקס,IL,פיצה משפחתית זיתים 3,,350.00,100 גרם,false,,21.90,0.0626,true,1,239342
7290018131336,false,נסטלה שלגון ליון 66גרם,שוורצקוף& הנקל דיסלד,PL,שלגון ליון 66גרם,,66.00,100 גרם,false,,10.90,0.1652,true,1,235169
7290018131640,false,קראנץ בלונד עם ליבת נוגט בוטנים 100 גר',גלידות נסטלה (נגה גל,IL,קראנץ בלונד עם ליבת,,100.00,100 גרם,false,,11.90,0.1190,true,1,235172
7290018131831,false,שלגוני מילקה בטעם וניל - מארז 4 יח',שוורצקוף& הנקל דיסלד,PL,מאגדת מילקה וניל שלג,,284.00,100 גרם,false,,34.90,0.1229,true,1,235193
7290018131978,false,טילון אוראו 68.5גרם,פרונרי פולין,PL,אוראו טילון 68.50גר,,68.50,100 גרם,false,,8.90,0.1299,true,1,235167
7290018192658,false,מארז זוג פטריות פורטובלה ושמפיניון מרינה,"מרינה פטריות הגליל בע""מ",IL,פטריות צמד חמד איטלק,יחידה,0.00,יחידה,false,,15.90,0.0000,true,1,233031
7290018198056,false,"קוביות תפוחי אדמה תפוגן 1.5 ק""ג",עיצובים 2020 (4.5),,תפוגן קוביות תפוחי א,,1500.00,100 גרם,false,,26.90,0.0179,true,1,231165
7290018198148,false,"תפוגן קריספי צ'יפס קלאסי 1.25 ק""ג",עיצובים 2020 (4.5),,תפוגן קריספי צ'יפס ק,,1250.00,100 גרם,false,,25.90,0.0207,true,1,234604
7290018198254,false,"תפוגן קריספי צ'יפס פוטטוס 1.25 ק""ג",עיצובים 2020 (4.5),,תפוגן קריספי צ'יפס פ,,1250.00,,false,,25.90,0.0207,true,1,234605
7290018204092,false,ספוג רחצה סאקי ג'נטלנס,,,ספוג רחצה סאקי,יחידה,0.00,יחידה,false,,9.90,0.0000,true,1,231814
7290018213254,false,שלישיית מגבות מטבח עבות SHINY,,,שלישיית מגבות מטבח ע,יחידה,0.00,יחידה,false,,12.90,0.0000,true,1,233499
7290018213353,false,מטליות לרצפה בניחוח,,,מטליות לחות לרצפה 10,יחידה,0.00,יחידה,false,,9.90,0.0000,true,1,238895
7290018213995,false,3 מטליות מיקרופייבר,,,3 מטליות מיקרופייבר,יחידה,0.00,יחידה,false,,12.90,0.0000,true,1,238821
7290018236635,false,צ'ונגו פופקורן מצופה עוף טוב 600 גר',מוצרי עוף טוב (2001),IL,צ'ונגו רצועות שניצל,,600.00,100 גרם,false,,34.90,0.0582,true,1,233568
7290018237281,false,עוף טוב נקניק סלמי ירדן 550 גר',,,נקניק סלמי ירדן עוף,,550.00,,false,,23.90,0.0435,true,1,237986
7290018237373,false,עוף טוב פסטרמה צרובה על הגריל נתח שלם 300 גר',עיצובים 2020 (4.9),IL,פסטרמה צרובה על הגרי,,300.00,100 גרם,false,,26.90,0.0897,true,1,237979
7290018237397,false,עוף טוב פסטרמה מקורמלת נתח שלם 300 גר',מולינו ניקולי s.p.a,IL,פסטרמה מקורמלת מנתח,,300.00,100 גרם,false,,26.90,0.0897,true,1,237977
7290018237410,false,פסטרמה במעשנה נתח שלם עוף טוב 300 ג',מולינו ניקולי s.p.a,IL,פסטרמה במעשנה מנתח ש,,300.00,100 גרם,false,,26.90,0.0897,true,1,237978
7290018237496,false,פסטרמה בדבש דקדק 220 גר,עיצובים 2020 (4.9),IL,פסטרמה בדבש דק-דק 22,,220.00,100 גרם,false,,19.90,0.0905,true,1,237985
7290018237502,false,עוף טוב דק דק כתף בק,עיצובים 2020 (4.9),IL,כתף בקר דק-דק 200 גר,,200.00,,false,,19.90,0.0995,true,1,237983
7290018237922,false,שניצלונים ציפוי ציפס עוף טוב 700 גר',עיצובים 2020 (4.9),IL,שניצלונים בציפוי ציפ,,700.00,100 גרם,false,,18.90,0.0270,true,1,238076
7290018237939,false,שניצלונים ציפוי שומשום עוף טוב 700 גר',עיצובים 2020 (4.9),IL,שניצלונים בציפוי שומ,,700.00,100 גרם,false,,18.90,0.0270,true,1,238077
7290018294208,false,"סלקטד אדום יין ישראלי, 750 מ""ל","כד בני דרום בע""מ",IL,יין סלקטד אדום ישראל,,750.00,,false,,28.90,0.0385,true,1,235727
7290018294352,false,"ארק יקבי כרמל 700 מ""",יקבי כרמל Carmel Winery,IL,ארק 37.5% כרמל 700,,700.00,,false,,49.90,0.0713,true,1,239094
7290018294918,false,מונלייט מוסקטו רוזה מתוק מבעבע 750מל,יקבי כרמל Carmel Winery,IL,מונלייט מוסקט ורוד מ,,750.00,,false,,34.90,0.0465,true,1,239093
7290018307700,false,תבנית רוסטר בנוני 3,,,תבנית רוסטר בנוני 3,יחידה,0.00,יחידה,false,,10.90,0.0000,true,1,237341
7290018359358,false,פריכוז יכין מארז 200X3 גר',,,פריכוז רכז עגבניות מ,,600.00,100 גרם,false,,12.90,0.0215,true,1,239772
7290018359495,false,תירס מהשדה בלי תוספת סוכר יכין 550 גר',היינץ צפון אמריקה מק,IL,תירס מהשדה בלי תוספת,,550.00,100 גרם,false,,9.90,0.0180,true,1,233424
7290018359518,false,תירס מהשדה בלי תוספת סוכר יכין מארז 200X3 גר',,,תירס מהשדה בלי תוספת,,600.00,100 גרם,false,,14.90,0.0248,true,1,233425
7290018359570,false,שעועית צ'ילי הקטניה,,,שעועית צ'ילי הקטניה,,200.00,,false,,12.90,0.0645,true,1,233942
7290018359587,false,חומוס הקטניה הטובה י,,,חומוס הקטניה הטובה י,,200.00,100 גרם,false,,12.90,0.0645,true,1,233943
7290018359686,false,יכין חומוס ענק 550 גר,היינץ צפון אמריקה מק,IL,חומוס ענק יכין 550 ג,,550.00,,false,,8.90,0.0162,true,1,237693
7290018359716,false,רוטב פיצה טוסקנה יכין 240 גר',"זנלכל בע""מ",IL,רוטב פיצה טוסקנה יכי,,240.00,100 גרם,false,,5.90,0.0246,true,1,234272
7290018359952,false,רוטב עגבניות לפסטה יכין 400 גרם,יכין,IL,רוטב עגבניות לפסטה י,,400.00,100 גרם,false,,11.90,0.0298,true,1,239766
7290018359969,false,רוטב עגבניות לפיצה יכין 400 גרם,יכין,IL,רוטב עגבניות לפיצה,,400.00,100 גרם,false,,11.90,0.0298,true,1,239767
7290018380253,false,שימורי מזון מלא לכלבים בוגרים עם עוף,באדי Buddy,,מזון לכלב עם עוף 415,,415.00,100 גרם,false,,4.90,0.0118,true,1,235315
7290018380321,false,שימורי מזון מלא לחתולים עם בשר אייל,Effeffe pet food,,מזון לחתול עם בשר צי,,415.00,,false,,4.90,0.0118,true,1,235310
7290018380505,false,"אורז פרסי לבן ארוך 1 קג ""20X",,,"אורז פרסי ארוך 1 ק""ג",,1000.00,,false,,9.90,0.0099,true,1,235319
7290018380932,false,פרוזן אפונה אקסטרא עדין 600 גר' רובין,,,פרוזן אפונה אקסטרא ע,,600.00,,false,,11.90,0.0198,true,1,239691
7290018400470,false,כרישה חתוכה קפואה סנ,,,כרישה חתוכה מוקפאת ס,,600.00,,false,,21.90,0.0365,true,1,239250
7290018440193,false,בייגלה בציפוי קרם בטעם חמאת בוטנים פליפז 140 גר',שוורצקוף& הנקל דיסלד,TR,בייגלה בציפוי קרם חמ,,140.00,,false,,9.90,0.0707,true,1,233719
7290018440254,false,צ'אי קרמל מלוח 25 שק' ויסוצקי,קריות זול,IL,תה צאי קרמל מלוח 25ש,יחידה,0.00,יחידה,false,,19.90,0.0000,true,1,237349
7290018440483,false,בייגלה מצופה קרמל מלוח ושוקולד פליפז 140 גר',שוורצקוף& הנקל דיסלד,TR,בייגלה מצופה בקרמל מ,,140.00,100 גרם,false,,9.90,0.0707,true,1,235664
7290018471029,false,"סודה בטעם לימון - מארז 6 בקבוקים 500 מ""ל",יפאורה תבורי בעמ,IL,שוופס סודה לימון מאר,,3000.00,100 גרם,false,,15.90,0.0053,true,1,233244
7290018471180,false,פרוט&ווג אננס תפוח גזר 1 ליטר,פרוט אנד וג' Fruit & Veg,IL,פרוט & ווג' אננס תפו,,1000.00,,false,,13.90,0.0139,true,1,234408
7290018471463,false,תפוזינה נקטר תפוז מנגו קרטונית 1 ליטר,"יפאורה תבורי בע""מ",IL,תפוזינה נקטר תפוז מנ,,1000.00,,false,,7.90,0.0079,true,1,234955
7290018471494,false,תפוזינה משקה תפוז גזר קרטונית 1 ליטר,"יפאורה תבורי בע""מ",IL,תפוזינה משקה תפוז גז,,1000.00,,false,,7.90,0.0079,true,1,234957
7290018471548,false,"רביעיית ספרינג ענבים 250 מ""ל",יפאורה תבורי,IL,ספרינג ענבים 4*250 מ,,1000.00,,false,,14.90,0.0149,true,1,234405
7290018471746,false,משקה אלוורה בטעם קיווי תווית 1 ל',"טרופיקל דגיל בע""מ אז",KR,משקה אלוורה קינג קיו,,1000.00,,false,,12.90,0.0129,true,1,235889
7290018471906,false,שוופס מוגז פירות לימונדה ורודה 1.5 ליטר פיקדון,"יפאורה תבורי בע""מ",IL,שוופס מוגז לימונדה ו,,1500.00,100 גרם,false,,9.90,0.0066,true,1,236894
7290018471913,false,שוופס מוגז פירות תפוחים 1.5 ל',"יפאורה תבורי בע""מ",IL,שוופס מוגז תפוחים 1.,,1500.00,,false,,9.90,0.0066,true,1,236895
7290018471920,false,שוופס מוגז פירות ענבים 1.5 ליטר פיקדון,"יפאורה תבורי בע""מ",IL,שוופס מוגז ענבים 1.5,,1500.00,,false,,9.90,0.0066,true,1,236898
7290018471937,false,שוופס מוגז פירות תות ליים 1.5 ליטר פיקדון,"יפאורה תבורי בע""מ",IL,שוופס מוגז פירות תות,,1500.00,,false,,9.90,0.0066,true,1,236899
7290018471944,false,שוופס מוגז פירות לימונייד 1.5 ליטר פיקדון,"יפאורה תבורי בע""מ",IL,שוופס מוגז למונייד 1,,1500.00,,false,,9.90,0.0066,true,1,236896
7290018471951,false,שוופס מוגז פירות אשכולית אדומה 1.5 ליטר פיקדון,"יפאורה תבורי בע""מ",IL,שוופס מוגז אשכולית א,,1500.00,,false,,9.90,0.0066,true,1,236897
7290018493144,false,"ד""ר פישר אל סבון נוזלי לידיים קמיל ש ארגן 1 ל'",,,קמיל אל סבון לניקוי,,1000.00,,false,,15.90,0.0159,true,1,233654
7290018516447,false,מקרוני 206 גרם,,,מקרוני 206 גרם,,206.00,100 גרם,false,,11.90,0.0578,true,1,240108
7290018542392,false,מגש מתכלה אובלי בינו,,,מגש מתכלה אובלי בינו,יחידה,0.00,יחידה,false,,9.90,0.0000,true,1,236639
7290018564592,false,שף הטבע שום כתוש בצנ,בני דרום,IL,שום כתוש בצנצנת שף ה,,200.00,,false,,14.90,0.0745,true,1,238117
7290018608432,false,תבניות אינגליש גדול מקרטון 3 יח' שמאי,,,תבניות אינגליש קייק,יחידה,0.00,יחידה,false,,10.90,0.0000,true,1,235093
7290018652015,false,סופר רולר 75גרם,פרונרי איברייה,PL,סופרולר,יחידה,0.00,יחידה,false,,8.90,0.0000,true,1,235161
7290018652053,false,"יסקולידה אקסטרה גלידה בטעמי וניל ושוקולד, 90 גרם",נגה גלידות,IL,ביסקולידה אקסטרא 68ג,,68.00,100 גרם,false,,7.90,0.1162,true,1,235181
7290018652190,false,חטיף גלידה קראנץ בר 60גרם,גלידות נסטלה,IT,קראנץ בר אימפלס 60 ג,,60.00,100 גרם,false,,8.90,0.1483,true,1,237592
7290018652671,false,גלידה קרמריה שוקולד ווניל 1.4 ליטר,נסטלה,IL,לה קרמריה שוקו וניל,,1.40,100 גרם,false,,21.90,15.6429,true,1,237598
7290018652688,false,לה קרמריה טרופי ופירות אדומים 1.4 ל' נסטלה,גלידות נסטלה,IL,לה קרמריה פירות טרופ,,1.40,,false,,21.90,15.6429,true,1,237600
7290018652909,false,מאגדת מאגנום קפה שוקולד ופקאן 5 *43 ג' נסטלה,גלידות נסטלה,IL,מאגדת גלידה קפה שוקו,,215.00,100 גרם,false,,29.90,0.1391,true,1,237602
7290018652947,false,שלגון קראנץ פיסטוק 100ג',גלידות נסטלה,IL,קראנץ' פיסטוק,יחידה,0.00,יחידה,false,,11.90,0.0000,true,1,238308
7290018703496,false,פראוד - חטיף חלבון בטעם בננה טופי 60 גרם,פראוד PROUD,,חטיף חלבון בננה טופי,,60.00,100 גרם,false,,12.90,0.2150,true,1,238663
7290018710111,false,אבקת סוכר 500 גרם פר,,,אבקת סוכר 500 גרם פר,,500.00,100 גרם,false,,6.90,0.0138,true,1,236323
7290018724521,false,מחית תפוע ובננה נטור,,,מחית תפוח עץ בננה 10,,90.00,100 גרם,false,,5.90,0.0656,true,1,240089
7290018724552,false,קמח שקדים ללא גלוטן 250 גר',השקד אומנות ומסחר,IL,קמח שקדים ללא גלוטן,,250.00,,false,,22.90,0.0916,true,1,240087
7290018770276,false,זית עריביקה עם שמן ז,,,זית עריביקה עם שמן ז,,215.00,100 גרם,false,,13.90,0.0647,true,1,238948
7290018893005,false,"חטיפי בייגלה אפוי בטעם חרדל ודבש, 160 גרם",צ'וקטה Chocketa,RO,בייגלה שטוח חרדל ודב,,160.00,,false,,8.90,0.0556,true,1,237185
7290018893036,false,עוגיות סנדוויץ' בטעם שוקולד ממולאות קרם בטעם וניל,צ'וקטה Chocketa,ES,צ'וקטה ביסקוויט שוקו,,176.00,100 גרם,false,,8.90,0.0506,true,1,237543
7290018893258,false,צ'וקטה עוגות אישיות קרם קרמל 300 ג',צ'וקטה Chocketa,,עוגות אישיות קרמל צו,,300.00,100 גרם,false,,13.90,0.0463,true,1,237190
7290018893289,false,עוגות מגולגלות בטעם קקאו - 6 יחידות במארז,צ'וקטה Chocketa,,עוגות אישיות מגולגלו,,222.00,,false,,10.90,0.0491,true,1,237195
7290018893319,false,צ'וקטה שוקולד מריר בלגי 85% 100 גרם משולש K,צ'וקטה Chocketa,BE,שוקולד מריר בלגי 85,,100.00,100 גרם,false,,9.90,0.0990,true,1,237201
7290018893340,false,מקלות אפויים בתוספת שומשום Salty,צ'וקטה Chocketa,,צ'וקטה גריסיני שומשו,,120.00,100 גרם,false,,7.90,0.0658,true,1,239419
7290018893401,false,שוקולד מריר פרימיום 70% 100 גרם צ'וקטה איגוד רבנים,צ'וקטה Chocketa,ES,צ'וקטה שוקולד מריר 7,,100.00,100 גרם,false,,9.90,0.0990,true,1,237544
7290018893456,false,צ'וקטה מארז עוגות אישיות במילוי קרם ובציפוי שוקולד 10*30ג,פרדי קונדטוריה אס.פי,IT,עוגות אישיות חלב צוק,,300.00,100 גרם,false,,13.90,0.0463,true,1,237192
7290018893609,false,שוקולד מריר פרימיום 85% 100 גרם איגוד רבנים,צ'וקטה Chocketa,ES,צ'וקטה שוקולד מריר 8,,100.00,100 גרם,false,,9.90,0.0990,true,1,237545
7290018893814,false,צ'וקטה שוקולד מריר 48% 5 יח' *100 ג',הדקלאים אגודת שיתופי,ES,שוקולד מריר 48% צוקט,,500.00,,false,,18.90,0.0378,true,1,237202
7290018893920,false,לוקיטוס סוכריות ג'לי בטעמי פירות 700 גרם,צ'וקטה Chocketa,,לוקיטוס סוכריות ג'לי,,700.00,100 גרם,false,,17.90,0.0256,true,1,240096
7290018893937,false,לוקיטוס סוכריות ג'לי בטעמי פירות 300 גרם,,,לוקיטוס סוכריות ג'לי,,300.00,100 גרם,false,,10.90,0.0363,true,1,240097
7290018894002,false,בלקוני וופל קוביות קקאו 250 גרם חלבי OU,בלקוני Balconi,IT,בלקוני וופל קוביות ק,,250.00,100 גרם,false,,13.90,0.0556,true,1,239411
7290018894019,false,עוגות אישיות במילוי קרם חלבי ובציפוי קרם קקאו,בלקוני Balconi,IT,בלקוני עוגות אישיות,,350.00,100 גרם,false,,15.90,0.0454,true,1,239416
7290018894200,false,בלקוני וופל קוביות ויל 250 גרם חלבי OU,בלקוני Balconi,IT,בלקוני וופל קוביות ו,,250.00,,false,,13.90,0.0556,true,1,239409
7290018894217,false,עוגות אישיות במילוי קרם קקאו ובציפוי קרם קקאו,בלקוני Balconi,IT,בלקוני עוגות מיקס מק,,350.00,100 גרם,false,,15.90,0.0454,true,1,239414
7290018894248,false,צ'וקטה - שוקולד חלב שלישייה 3 * 100 גרם,צ'וקטה Chocketa,FR,צוקטה שוקול חלב שליש,,100.00,100 גרם,false,,12.90,0.1290,true,1,239421
7290018894408,false,קוביות וופל במילוי קרם אגוזי לוז - חלבי,בלקוני Balconi,IT,בלקוני וופל קוביות א,,250.00,100 גרם,false,,13.90,0.0556,true,1,239410
7290018894804,false,וופלים במילוי קרם אגוזי לוז - חלבי,בלקוני Balconi,IT,בלקוני וופל אגוזי ל,,175.00,,false,,8.90,0.0509,true,1,239413
7290018925065,false,פרימור מיץ תפוזים סחוט 2 ליטר,פרימור,IL,פרימור מיץ תפוזים סח,,2000.00,100 גרם,false,,32.90,0.0164,true,1,237025
7290018925096,false,משקה קל תפוזים 1.5 ל' פרימור,פרימור,IL,משקה קל תפוזים ‏5‏.‏,,1500.00,,false,,8.90,0.0059,true,1,236855
7290018925102,false,משקה קל ענבים 1.5 ל' פרימור,פרימור,IL,משקה קל ענבים ‏5‏.‏1,,1500.00,,false,,8.90,0.0059,true,1,236856
7290018925119,false,משקה קל דיאט אשכוליות 1.5ל' פרימור,פרימור,IL,משקה קל דיאט אשכוליו,,1500.00,100 גרם,false,,8.90,0.0059,true,1,236857
7290018925126,false,משקה קל תפוחי עץ 1.5ל' פרימור,פרימור,IL,משקה קל תפוחי עץ ‏5‏,,1500.00,,false,,8.90,0.0059,true,1,236858
7290018925133,false,משקה קל מנגו 1.5ל' פרימור,פרימור,IL,משקה קל מנגו ‏5‏.‏1‏,,1500.00,,false,,8.90,0.0059,true,1,236862
7290018925140,false,משקה קל אשכוליות 1.5ל' פרימור,פרימור,IL,משקה קל אשכולית ‏5‏.,,1500.00,,false,,8.90,0.0059,true,1,236859
7290018925157,false,משקה קל לימונים 1.5ל' פרימור,פרימור,IL,משקה קל לימונים 1.5,,1500.00,,false,,8.90,0.0059,true,1,236860
7290018925164,false,משקה קל תות-בננה 1.5ל' פרימור,פרימור,IL,משקה קל תות-בננה ‏5‏,,1500.00,,false,,8.90,0.0059,true,1,236861
7290018925409,false,"מיץ לימון ואננס 400 מ""ל פרימור",קריות זול,IL,פרימור מיץ לימון ואנ,,400.00,100 גרם,false,,9.90,0.0248,true,1,238834
7290018925416,false,"מיץ לימון ופסיפלורה 400 מ""ל פרימור",קריות זול,IL,פרימור מיץ לימון ופס,,400.00,,false,,9.90,0.0248,true,1,238835
7290018929001,false,5 מטליות מיקרופייבר,,,5 מטליות מיקרופייבר,יחידה,0.00,יחידה,false,,8.90,0.0000,true,1,238822
7290018972366,false,"פרוזן אדממה 1 ק""ג",,,"פרוזן אדממה 1 ק""ג",,1000.00,100 גרם,false,,15.90,0.0159,true,1,238006
7290018972601,false,תמר מג'הול קפוא 450גר תומר,,,תמר לח כ-450גר,,450.00,,false,,24.90,0.0553,true,1,239817
7290018989005,false,יכין פולפה טבעית 400*3 גר,זנלכל,IL,פולפה טבעית יכין 400,,1200.00,100 גרם,false,,14.90,0.0124,true,1,238562
7290018989135,false,סירופ בטעם פטל יכין 1 ליטר,זנלכל,IL,סירופ בטעם פטל יכין,,1000.00,,false,,18.90,0.0189,true,1,238565
7290019056027,false,שוופס מוגז פירות תפוחים ללא סוכר 1.5 ליטר פיקדון,"יפאורה תבורי בע""מ",IL,שוופס מוגז פירות תפו,,1500.00,100 גרם,false,,9.90,0.0066,true,1,236900
7290019056058,false,שוופס מוגז עדין תפוח ליים 1.5 ליטר פיקדון,"יפאורה תבורי בע""מ",IL,שוופס מוגז עדין תפוח,,1500.00,,false,,8.90,0.0059,true,1,236889
7290019056065,false,שוופס מוגז עדין פירות יער 1.5 ליטר פיקדון,"יפאורה תבורי בע""מ",IL,שוופס מוגז עדין פירו,,1500.00,,false,,8.90,0.0059,true,1,236890
7290019056072,false,שוופס מוגז עדין אננס 1.5 ליטר פיקדון,"יפאורה תבורי בע""מ",IL,שוופס מוגז עדין אננס,,1500.00,,false,,8.90,0.0059,true,1,236891
7290019056089,false,שוופס מוגז עדין ענבי ריזלינג 1.5 ליטר פיקדון,"יפאורה תבורי בע""מ",IL,שוופס מוגז עדין טעם,,1500.00,100 גרם,false,,8.90,0.0059,true,1,236892
7290019056096,false,שוופס מוגז עדין אפרסק 1.5 ליטר פיקדון,"יפאורה תבורי בע""מ",IL,שוופס מוגז עדין אפרס,,1500.00,,false,,8.90,0.0059,true,1,236893
7290019056119,false,שוופס סודה 1.5 ליטר פיקדון,"יפאורה תבורי בע""מ",IL,שוופס סודה 1.5ליטר,,1500.00,,false,,4.20,0.0028,true,1,236878
7290019056164,false,שוופס סודה 1.5 ליטר רביעייה פיקדון,"יפאורה תבורי בע""מ",IL,שוופס סודה מארז 4*1.,,6000.00,,false,,12.90,0.0021,true,1,236938
7290019056171,false,שוופס סודה לימון 1.5 ליטר רביעייה פיקדון,"יפאורה תבורי בע""מ",IL,שוופס סודה לימון מאר,,6000.00,100 גרם,false,,12.90,0.0021,true,1,236939
7290019056188,false,שוופס סודה נענע ליים 1.5 ליטר רביעייה פיקדון,"יפאורה תבורי בע""מ",IL,שוופס סודה נענע ליים,,6000.00,,false,,12.90,0.0021,true,1,236940
7290019056195,false,שוופס סודה למון גראס ג'ינג'ר 1.5 ליטר רביעייה פיקדון,"יפאורה תבורי בע""מ",IL,שוופס סודה למון גראס,,6000.00,,false,,12.90,0.0021,true,1,236941
7290019056201,false,שוופס סודה פירות יער 1.5 ליטר רביעייה פיקדון,"יפאורה תבורי בע""מ",IL,שוופס סודה פירות יער,,6000.00,,false,,12.90,0.0021,true,1,236942
7290019056232,false,משקה מוגז בטעם ליים מוחיטו 1.5 ל' שוופס,"יפאורה תבורי בע""מ",IL,שוופס ליים מוחיטו 1.,,1500.00,,false,,9.90,0.0066,true,1,236904
7290019056249,false,שוופס מים בטעמים ענבים 1.5 ליטר פיקדון,"יפאורה תבורי בע""מ",IL,שוופס וואטר ענבים 1.,,1500.00,,false,,8.90,0.0059,true,1,236926
7290019056256,false,שוופס מים בטעמים תפוחים 1.5 ליטר פיקדון,"יפאורה תבורי בע""מ",IL,שוופס וואטר תפוח 1.5,,1500.00,,false,,8.90,0.0059,true,1,236927
7290019056270,false,שוופס מים בטעמים פירות יער 1.5 ליטר פיקדון,"יפאורה תבורי בע""מ",IL,שוופס וואטר פירות יע,,1500.00,100 גרם,false,,8.90,0.0059,true,1,236925
7290019056287,false,שוופס מים בטעמים אפרסק ללא סוכר 1.5 ליטר פיקדון,"יפאורה תבורי בע""מ",IL,שוופס וואטר אפס קלור,,1500.00,,false,,8.90,0.0059,true,1,236928
7290019056300,false,משקה בטעם ביטר לימון 1.5 ל' שוויפס,"יפאורה תבורי בע""מ",IL,שוופס ביטר לימון 1.5,,1500.00,,false,,13.90,0.0093,true,1,236934
7290019056317,false,שוופס ראשן 1.5 ליטר פיקדון,"יפאורה תבורי בע""מ",IL,שוופס רסצ'יין 1.5ליט,,1500.00,100 גרם,false,,13.90,0.0093,true,1,236935
7290019056324,false,שוופס טוניק 1.5 ליטר פיקדון,"יפאורה תבורי בע""מ",IL,שוופס מי טוניק 1.5לי,,1500.00,,false,,13.90,0.0093,true,1,236936
7290019056331,false,שוופס טוניק ללא סוכר 1.5 ליטר פיקדון,"יפאורה תבורי בע""מ",IL,שוופס מי טוניק ללא ס,,1500.00,,false,,13.90,0.0093,true,1,236937
7290019056355,false,משקה בטעם לימונענע עם חתיכות פרי,"יפאורה תבורי בע""מ",IL,תפוזינה לימונענע 1.5,,1500.00,,false,,9.90,0.0066,true,1,236886
7290019056362,false,תפוזינה ענבים 1.5 ליטר פיקדון,"יפאורה תבורי בע""מ",IL,תפוזינה ענבים 1.5ליט,,1500.00,,false,,9.90,0.0066,true,1,236879
7290019056379,false,תפוזינה תפוזים 1.5 ליטר פיקדון,"יפאורה תבורי בע""מ",IL,תפוזינה תפוזים 1.5לי,,1500.00,,false,,9.90,0.0066,true,1,236880
7290019056386,false,פתוזינה אשכולית 1.5 ליטר פיקדון,"יפאורה תבורי בע""מ",IL,תפוזינה אשכוליות 1.5,,1500.00,,false,,9.90,0.0066,true,1,236881
7290019056393,false,תפוזינה תות בננה 1.5 ליטר פיקדון,"יפאורה תבורי בע""מ",IL,תפוזינה תות בננה 1.5,,1500.00,,false,,9.90,0.0066,true,1,236882
7290019056409,false,תפוזינה מנגו 1.5 ליטר פיקדון,"יפאורה תבורי בע""מ",IL,תפוזינה מנגו עסיסי 1,,1500.00,,false,,9.90,0.0066,true,1,236887
7290019056423,false,מיץ בטעם תפוח רענן 1.5ל' תפוזינה,"יפאורה תבורי בע""מ",IL,תפוזינה תפוח רענן 1.,,1500.00,100 גרם,false,,9.90,0.0066,true,1,236888
7290019056430,false,תפוזינה תפוזים לייט 1.5 ליטר פיקדון,"יפאורה תבורי בע""מ",IL,תפוזינה דיאט תפוזים,,1500.00,100 גרם,false,,9.90,0.0066,true,1,236884
7290019056447,false,תפוזינה אשכוליות לייט 1.5 ליטר פיקדון,"יפאורה תבורי בע""מ",IL,תפוזינה דיאט אשכוליו,,1500.00,100 גרם,false,,9.90,0.0066,true,1,236885
7290019056454,false,משקה מוגז בטעם קולה 1.5 ל' אר סי,יפאורה תבורי,IL,אר.סי קולה 1.5ליטר,,1500.00,,false,,6.90,0.0046,true,1,236903
7290019056461,false,מארז משקה בטעם קולה שישייה * 1.5 ל' אר.סי,"יפאורה תבורי בע""מ",IL,אר.סי קולה שישייה 6*,,9000.00,100 גרם,false,,39.90,0.0044,true,1,236905
7290019056478,false,ספרינג טי קר אפרסק 1.5ליטר פיקדון,"יפאורה תבורי בע""מ",IL,ספרינג טי קר אפרסק 1,,1500.00,,false,,9.90,0.0066,true,1,236929
7290019056485,false,ספריג תה ירוק לימון לואיזה 1.5 ליטר פיקדון,"יפאורה תבורי בע""מ",IL,ספרינג טי קר לימון ל,,1500.00,100 גרם,false,,9.90,0.0066,true,1,236930
7290019056492,false,ספרינג תה מנגו אפרסק 1.5 ליטר פיקדון,"יפאורה תבורי בע""מ",IL,ספרינג טי מנגו אפרסק,,1500.00,,false,,9.90,0.0066,true,1,236931
7290019056508,false,פרוט ווטר ענבים 1.5 ליטר פיקדון,"יפאורה תבורי בע""מ",IL,משקה וואטר פרוט ענבי,,1500.00,100 גרם,false,,8.90,0.0059,true,1,236906
7290019056515,false,פרוט ווטר אננס 1.5 ליטר פיקדון,"יפאורה תבורי בע""מ",IL,משקה וואטר פרוט אננס,,1500.00,,false,,8.90,0.0059,true,1,236907
7290019056522,false,פרוט ווטר תות 1.5 ליטר פיקדון,"יפאורה תבורי בע""מ",IL,משקה וואטר פרוט תות,,1500.00,,false,,8.90,0.0059,true,1,236908
7290019056539,false,פרוט ווטר אפרסק 1.5 ליטר פיקדון,"יפאורה תבורי בע""מ",IL,משקה וואטר פרוט אפרס,,1500.00,,false,,8.90,0.0059,true,1,236909
7290019056546,false,פרוט ווטר אבטיח 1.5 ליטר פיקדון,"יפאורה תבורי בע""מ",IL,משקה וואטר פרוט אבטי,,1500.00,,false,,8.90,0.0059,true,1,236910
7290019056553,false,עין גדי מים מינרלים 2 ליטר*6 יח',עין גדי מים מינרליים,IL,עין גדי מים מינרלים,,12000.00,100 גרם,false,,13.80,0.0012,true,1,236865
7290019056560,false,עין גדי 2 ליטר בק' בודד פיקדון,יפאורה תבורי,IL,עין גדי 2ליטר,,2000.00,,false,,3.30,0.0016,true,1,236866
7290019056584,false,ספרינג תפוזים 1.5 ליטר פיקדון,"יפאורה תבורי בע""מ",IL,ספרינג תפוזים 1.5ליט,,1500.00,100 גרם,false,,9.90,0.0066,true,1,236868
7290019056591,false,ספרינג ענבים 1.5 ליטר פיקדון,"יפאורה תבורי בע""מ",IL,ספרינג ענבים 1.5ליטר,,1500.00,,false,,9.90,0.0066,true,1,236872
7290019056607,false,ספרינג תפוחים 1.5 ליטר פיקדון,"יפאורה תבורי בע""מ",IL,ספרינג תפוחים 1.5ליט,,1500.00,,false,,9.90,0.0066,true,1,236869
7290019056614,false,ספרינג אפרסק 1.5 ליטר פיקדון,"יפאורה תבורי בע""מ",IL,ספרינג אפרסק 1.5ליטר,,1500.00,,false,,9.90,0.0066,true,1,236870
7290019056621,false,ספרינג פירות טרופיים 1.5 ליטר פיקדון,"יפאורה תבורי בע""מ",IL,ספרינג פירות טרופיים,,1500.00,,false,,9.90,0.0066,true,1,236873
7290019056638,false,ספרינג תות בננה 1.5 ליטר פיקדון,"יפאורה תבורי בע""מ",IL,ספרינג תות בננה 1.5ל,,1500.00,,false,,9.90,0.0066,true,1,236874
7290019056645,false,ספרחנג אגס תפוח סברס 1.5 ליטר פיקדון,"יפאורה תבורי בע""מ",IL,ספרינג אגס סברס תפוח,,1500.00,,false,,9.90,0.0066,true,1,236875
7290019056652,false,ספרינג אננס בננה 1.5 ליטר פיקדון,"יפאורה תבורי בע""מ",IL,ספרינג אננס בננה 1.5,,1500.00,,false,,9.90,0.0066,true,1,236876
7290019056669,false,ספרינג תפוחים גיאט 1.5 ליטר פיקדון,"יפאורה תבורי בע""מ",IL,ספרינג תפוחים דיאט 1,,1500.00,100 גרם,false,,9.90,0.0066,true,1,236877
7290019056720,false,קריסטל מיץ ענבים 2 ליטר פיקדון,יפאורה תבורי,IL,קריסטל מיץ ענבים 2 ל,,2000.00,,false,,7.90,0.0039,true,1,236911
7290019056737,false,מיץ בטעם אשכוליות 2 ל' קריסטל,יפאורה תבורי,IL,קריסטל מיץ אשכוליות,,2000.00,100 גרם,false,,7.90,0.0039,true,1,236912
7290019056744,false,קריסטל מיץ תפוזים 2 ליטר פיקדון,יפאורה תבורי,IL,קריסטל מיץ תפוזים 2,,2000.00,100 גרם,false,,7.90,0.0039,true,1,236913
7290019056751,false,קריסטל מיץ אשכוליות דיאט 2 ליטר פיקדון,יפאורה תבורי,IL,קריסטל דיאט מיץ אשכו,,2000.00,,false,,7.90,0.0039,true,1,236922
7290019056768,false,קריסטל מיץ מנגו 2 ליטר פיקדון,יפאורה תבורי,IL,קריסטל מיץ מנגו 2 לי,,2000.00,100 גרם,false,,7.90,0.0039,true,1,236914
7290019056775,false,קריסטל מוגז ענבים 2 ליטר פיקדון,יפאורה תבורי,IL,קריסטל ענבים 2 ליטר,,2000.00,,false,,7.90,0.0039,true,1,236915
7290019056782,false,משקה מוגז בטעם לימון ליים 2 ל' קריסטל,יפאורה תבורי,IL,קריסטל למון ליים 2 ל,,2000.00,100 גרם,false,,7.90,0.0039,true,1,236916
7290019056812,false,קריסטל מוגז מנטה 2 ליטר פיקדון,יפאורה תבורי,IL,קריסטל מנטה 2 ליטר,,2000.00,,false,,7.90,0.0039,true,1,236917
7290019056836,false,קריסטל מוגז תות 2 ליטר פיקדון,יפאורה תבורי,IL,קריסטל תות 2 ליטר,,2000.00,100 גרם,false,,7.90,0.0039,true,1,236919
7290019056850,false,ספרינג תה אפרסק דיאט 1.5 ליטר פיקדון,"יפאורה תבורי בע""מ",IL,ספרינג טי דיאט אפרסק,,1500.00,,false,,9.90,0.0066,true,1,236932
7290019056959,false,מי עדן 1.5 ליטר בק' בודד פיקדון,מופק ממקור בזלתי עדן,IL,מי עדן 1.5ליטר,,1500.00,,false,,3.30,0.0022,true,1,236863
7290019056966,false,מי עדן בקבוק פיקדון 1.5 ליטר,"מי עדן בע""מ",IL,מי עדן 1.5ליטר,,1500.00,,false,,3.30,0.0022,true,1,237031
7290019056973,false,מי עדן 1.5 ליטר שישייה פיקדון,מופק ממקור בזלתי עדן,IL,מי עדן שישייה 6*1.5,,9000.00,,false,,13.70,0.0015,true,1,236864
7290019153078,false,"שוופס ביטר למון לייט, 1.5 ליטר פקדון","יפאורה תבורי בע""מ",IL,שוופס ביטר לימון לי,,1500.00,,false,,13.90,0.0093,true,1,237469
7290019153085,false,"שוופס ללא סוכר מוחיטו, 1.5 ליטר פקדון","יפאורה תבורי בע""מ",IL,שוופס מוחיטו ללא סוכ,,1500.00,,false,,8.90,0.0059,true,1,237424
7290019153252,false,שוופס סודה תפוח 1.5 ליטר רביעייה פיקדון,"יפאורה תבורי בע""מ",IL,שוופס סודה תפוח מארז,,6000.00,,false,,12.90,0.0021,true,1,238293
7290019153375,false,מיץ בטעם מוחיטו 1.5 ל' תפוזינה,"יפאורה תבורי בע""מ",IL,תפוזינה מוחיטו 1.5 ל,,1500.00,100 גרם,false,,9.90,0.0066,true,1,238495
7290019153566,false,ספרינג רימון אוכמניות דובדבן 1.5 ליטר,יפאורה תבורי,IL,ספרינג רימון אוכמניו,,1500.00,,false,,9.90,0.0066,true,1,239133
7290019168140,false,"צלחת 10"" מתכלה מרובעת סדרת יוניק מקני סוכר אר' 12 יח' דנטס",,,צלחת 10* מתכלה מרובע,יחידה,0.00,יחידה,false,,15.90,0.0000,true,1,240004
7290019204008,false,עוף טוב פסטרמה ארבעה פלפלים 350 גר',עיצובים 2020 (4.9),,עוף טוב פסטרמה ארבעה,,350.00,100 גרם,false,,24.90,0.0711,true,1,239163
7290019204107,false,עוף טוב פסטרמה בטעם אווז 320 גר',עיצובים 2020 (4.9),,עוף טוב פסטרמה בטעם,,320.00,,false,,24.90,0.0778,true,1,239164
7290019204305,false,חזה הודו פסטרמה ברביקיו 350 גר',עיצובים 2020 (4.9),,עוף טוב פסטרמה ברביק,,350.00,100 גרם,false,,24.90,0.0711,true,1,239166
7290019232155,false,"חליטת ""לילה טוב"" קמומיל לבנדר ו25 שקיקים ויסוצקי",ויסוצקי,IL,תה ירוק קמומיל לבנדר,,25.00,,false,,26.90,1.0760,true,1,239779
7290019232827,false,הולגריין ביסקוויט במילוי אגוזי לוז 300 גרם רבנות,פלאדיס,TR,הולגריין ביסקוויט במ,,300.00,,false,,10.90,0.0363,true,1,239713
7290019232834,false,בייגלה מצופה קרם עוגיות ושוקולד 140 גרם פליפז - רבנות,אולקר מקבוצת פלאדיס,TR,בייגלה מצופה עוגיות,,140.00,100 גרם,false,,9.90,0.0707,true,1,238496
7290019297161,false,טורטיות ראפ מקמח תירס 540 ג' 12 יח',,TR,טורטיות ראפ מקמח תיר,,450.00,,false,,10.00,0.0222,true,1,214649
7290019297239,false,צימוק חום 250 גרם בק,"דין שיווק וקליה בע""מ",,צימוק חום 250 גר קופ,,250.00,100 גרם,false,,17.90,0.0716,true,1,155466
7290019297406,false,מעדן דובדבן 100% רכיבי פרי 284 גר' ללא תוספת סוכר,,,מעדן דובדבן שקדיה 10,,284.00,100 גרם,false,,11.90,0.0419,true,1,155470
7290019297413,false,מעדן אפרסק ללא סוכר שקדיה 284 ג',,CN,מעדן אפרסק שקדיה 100,,284.00,100 גרם,false,,11.90,0.0419,true,1,155471
7290019297420,false,מעדן תות שדה 100% רכיבי פרי 284 גר' ללא תוספת סוכר,,CN,מעדן תות שדה שקדיה 1,,284.00,100 גרם,false,,11.90,0.0419,true,1,155472
7290019297543,false,חמאת בוטנים שקדיה 51,דין שיווק,,חמאת בוטנים 510גרם,,510.00,,false,,10.90,0.0214,true,1,187166
7290055090801,false,שוקולד לבן ללא סוכר 85 גר',כרמית תעשיות ממתקים,IL,שוקולד לבן ללא סוכר,,85.00,100 גרם,false,,6.90,0.0812,true,1,165759
7290100411254,false,בי-לאב מחית תפוח ובננה ללא סוכר 190ג,בילובד Beloved,,בלאבד מחית תפוח ובננ,,190.00,100 גרם,false,,5.90,0.0311,true,1,131301
7290100412343,false,קוויק מגבונים לניקוי כללי בניחוח לימון 50 יח',,,קוויק מגבונים לניקוי,יחידה,0.00,יחידה,false,,8.90,0.0000,true,1,198256
7290100680650,false,מנה חמה נודלס-אטריות ירקות טעם תאילנדי אסם 76 ג',THAI PRESIDENT FOODS,TH,מנה חמה נודלס ירקות,,76.00,,false,,6.90,0.0908,true,1,136101
7290100680667,false,מנה חמה נודלס-אטריות+ירקות טעם סצ'ואן,THAI PRESIDENT FOODS,TH,מנה חמה נודלס בסגנון,,76.00,100 גרם,false,,6.90,0.0908,true,1,136102
7290100680711,false,פירורית זהב אסם זהב 350ג',עינת תעשיות מזון,IL,פירורית זהב שקית אסם,,350.00,,false,,9.90,0.0283,true,1,136104
7290100680728,false,פירורית רגילה שקית 350 גרם,מיוצר עי קונדיטוריית,IL,פירורית אסם שקית 350,,350.00,100 גרם,false,,7.50,0.0214,true,1,136105
7290100681015,false,פודינג אינסטנט ריבת חלב 84 ג' אסם,מיוצר עי קונדיטוריית,IL,פודינג ריבת חלב אסם,,84.00,100 גרם,false,,5.90,0.0702,true,1,136108
7290100681138,false,מארז אפרופו חטיף תירס 3 יחידות,"אסם השקעות בע""מ",IL,אפרופו מארז אסם 3*50,,150.00,,false,,12.90,0.0860,true,1,136111
7290100685068,false,פודינג וניל עם פצפוצי שוקולד 110 ג' אסם,אסם תעשיות,IL,פודינג וניל עם פצפוצ,,110.00,100 גרם,false,,7.90,0.0718,true,1,136193
7290100685136,false,"מרק בטעם עוף 1 ק""ג אסם","אסם השקעות בע""מ",IL,*מבצע* אבקת מרק בטעם,,1000.00,,false,,12.00,0.0120,true,1,136195
7290100685334,false,אבקת מרק עוף אמיתי ר.טבעיים 400ג' אסם,"אסם השקעות בע""מ",IL,מרק עוף רכיבים טבעיי,,400.00,100 גרם,false,,26.90,0.0672,true,1,136205
7290100685341,false,מרק בטעם עוף זך רכיבים טבעיים 400 ג' אסם,"אסם השקעות בע""מ",IL,*מבצע* אסם מרק זך טע,,400.00,100 גרם,false,,15.90,0.0398,true,1,136206
7290100685563,false,פירורית זהב אסם מארז 200X2ג',קריות זול,IL,פירורית אסם זהב שקית,,400.00,,false,,10.90,0.0273,true,1,219246
7290100686164,false,ביסלי ברביקיו מארז 6 יח' * 35 ג' אסם,מיוצר עי קונדיטוריית,IL,ביסלי ברביקיו מארז 6,,210.00,,false,,14.90,0.0710,true,1,136233
7290100686171,false,ביסלי גריל מארז 6 יח' * 35 ג' אסם,אסם תעשיות,IL,ביסלי גריל מארז 6 יח,,210.00,,false,,14.90,0.0710,true,1,136234
7290100687109,false,במבה במילוי קרם נוגט 60ג' אסם,"אסם השקעות בע""מ",IL,במבה במילוי נוגט אסם,,60.00,,false,,4.90,0.0817,true,1,136253
7290100689301,false,אבקת מרק עוף זך עדיף אסם 400 גר',"אסם השקעות בע""מ",IL,אסם עדיף זך טעם עוף,,400.00,,false,,15.90,0.0398,true,1,136318
7290100700020,false,סוגת גריסי פנינה 500גרם,האי נאם סי או אל.טי.,IL,גריסי פנינה סוגת 500,,500.00,,false,,6.90,0.0138,true,1,148699
7290100700068,false,סוגת שעועית צבעונית 500גרם,,,שעועית צבעונית סוגת,,500.00,100 גרם,false,,10.90,0.0218,true,1,148700
7290100700075,false,פירורי לחם מוזהבים 200 ג' סוגת,"סוגת תעשיות בע""מ",IL,פירורי לחם מוזהבים ס,,200.00,100 גרם,false,,4.90,0.0245,true,1,148701
7290100700242,false,"אורז מלא עגול סוגת 1 ק""ג","סוגת תעשיות בע""מ",IL,אורז מלא עגול סוגת 1,,1000.00,100 גרם,false,,12.90,0.0129,true,1,148709
7290100700266,false,פירורי לחם לבן סוגת 200ג',"סוגת תעשיות בע""מ",IL,פירורי לחם לבן סוגת,,200.00,,false,,4.90,0.0245,true,1,148710
7290100700273,false,קינואה סוגת 500 גרם,האי נאם סי או אל.טי.,IL,קינואה סוגת 500 גר,,500.00,,false,,15.90,0.0318,true,1,148711
7290100700310,false,"כוסמת 1ק""ג סוגת",,,כוסמת סוגת 1קג,,1000.00,,false,,15.90,0.0159,true,1,216081
7290100700327,false,"גריסי פנינה סוגת 1 ק""ג",,,גריסי פנינה סוגת 1קג,,1000.00,,false,,7.90,0.0079,true,1,216082
7290100700389,false,"אורז אדום סוגת 1 ק""ג",סוגת תעשיות,IL,אורז אדום סוגת 1קג,,1000.00,100 גרם,false,,15.90,0.0159,true,1,148718
7290100700396,false,"סוגת אורז יסמין קלאסי 1 ק""ג",האי נאם סי או אל.טי.,IL,אורז יסמין קלאסי סוג,,1000.00,100 גרם,false,,12.90,0.0129,true,1,148719
7290100700563,false,אורז מיקס קלאסי 1 ק',סוגת תעשיות,IL,אורז מיקס סוגת 1קג,,1000.00,,false,,15.50,0.0155,true,1,148724
7290100700587,false,סוגת בורגול 500 גרם,האי נאם סי או אל.טי.,IL,בורגול סוגת 500 גר,,500.00,100 גרם,false,,6.90,0.0138,true,1,148725
7290100701140,false,"אורז ריזוטו 1 ק""ג סוגת","סוגת תעשיות בע""מ",IL,אורז ארבוריו סוגת 1ק,,1000.00,100 גרם,false,,14.90,0.0149,true,1,148744
7290100701157,false,אורז להכנת סושי סוגת,Unknown,,אורז להכנת סושי סוגת,,1000.00,100 גרם,false,,14.90,0.0149,true,1,148745
7290100701331,false,קמח רב תכליתי שטיבל קמח חיטה לבן בהיר,"שטיבל בע""מ - טחנות ק",IL,קמח רב תכליתי סוגת 1,,1000.00,100 גרם,false,,7.90,0.0079,true,1,148751
7290100701348,false,"קמח שיפון מלא 1ק""ג סוגת",טחנות קמח שטיבל באר,IL,קמח שיפון מלא סוגת 1,,1000.00,100 גרם,false,,7.90,0.0079,true,1,201458
7290100701454,false,גרישה - בורגול דק,"סוגת תעשיות בע""מ",IL,גרישה סוגת 500גר,,500.00,100 גרם,false,,6.90,0.0138,true,1,148757
7290100701577,false,קמח לחם קמח חיטה לבן שטיבל,שטיבל טחנות קמח,IL,קמח לחם סוגת 1קג,,1000.00,100 גרם,false,,7.90,0.0079,true,1,202901
7290100701874,false,"קמח כוסמין 1 ק""ג סוגת",טחנות קמח שטיבל באר,IL,קמח כוסמין סוגת 1קג,,1000.00,,false,,15.90,0.0159,true,1,148768
7290100702277,false,קוסקוס עבה סוגת 350 גר',סוגת,IL,קוסקוס עבה סוגת 350,,350.00,,false,,6.90,0.0197,true,1,148777
7290100702284,false,קוסקוס מלא סוגת 350 גרם,סוגת,IL,קוסקוס מלא סוגת 350,,350.00,,false,,6.90,0.0197,true,1,148778
7290100702383,false,"קמח תופח סוגת 1 ק""ג",שטיבל טחנות קמח,IL,קמח תופח סוגת 1 קג,,1000.00,,false,,7.90,0.0079,true,1,148781
7290100702628,false,פתיתים אפויים קוסקוס סוגת 500 ג',יושלם,,פתיתים אפויים קוסקוס,,500.00,,false,,6.90,0.0138,true,1,148787
7290100702741,false,"סוכר חום בהיר בצנצנת 1 ק""ג סוגת",סוגת,IL,סוכר חום קלאסי בקופס,,1000.00,100 גרם,false,,12.90,0.0129,true,1,187252
7290100702987,false,פתיתי שיבולת שועל דק סוגת 500ג',סוגת תעשיות,,פתיתי שיבולת שועל סו,,500.00,100 גרם,false,,5.90,0.0118,true,1,148804
7290100703458,false,כוסמת לא קלוי 500 ג' סוגת,,,כוסמת ללא קליה סוגת,,500.00,100 גרם,false,,8.90,0.0178,true,1,203603
7290100703533,false,קמח קסם תערובת קמח עם שמרים,"שטיבל בע""מ",IL,קמח קסם סוגת 1קג,,1000.00,100 גרם,false,,9.90,0.0099,true,1,206117
7290100703557,false,"קמח פוקצ'ה 1ק""ג סוגת",קריות זול,,קמח פוקצ'ה סוגת 1קג,,1000.00,100 גרם,false,,7.90,0.0079,true,1,206113
7290100703564,false,פתיתי שיבולת שועל עבה סוגת 500 ג',,,פתיתי שיבולת שועל עב,,500.00,,false,,5.90,0.0118,true,1,203958
7290100703625,false,קמח חיטה לבן ללא צורך בניפוי,סוגת,,קמח חלה ללא צורך ניפ,,1000.00,100 גרם,false,,8.90,0.0089,true,1,212441
7290100703632,false,קמח חיטה מלא ללא צורך בניפוי,סוגת,,קמח חיטה מלא ללא צור,,1000.00,,false,,8.90,0.0089,true,1,212477
7290100703649,false,"קמח מלא 80% חיטה ללא ניפוי סוגת 1ק""ג",סוגת,,קמח חיטה 80% ללא צור,,1000.00,100 גרם,false,,8.90,0.0089,true,1,212442
7290100703670,false,"קמח כוסמין ללא ניפוי 1 ק""ג סוגת",Unknown,,קמח כוסמין מלא ללא צ,,1000.00,100 גרם,false,,13.90,0.0139,true,1,212444
7290100703687,false,"קמח חלה ללא ניפוי 1 ק""ג סוגת",סוגת,,קמח חלה ללא צורך ניפ,,1000.00,,false,,8.90,0.0089,true,1,212445
7290100703908,false,סוכר דמררה סוגת בשקי,,,סוכר דמררה סוגת בשקי,,1000.00,100 גרם,false,,8.90,0.0089,true,1,231762
7290100703915,false,פופקורן להכנה במיקרוגל בטעם חמאה - מארז 6 שקיות,סוגת,,פופקורן למיקרו מארז,,90.00,100 גרם,false,,10.90,0.1211,true,1,211757
7290100703922,false,פופקורן להכנה במיקרוגל בטעם טבעי - מארז 6 שקיות,סוגת,,פופקורן למיקרו מארז,,90.00,,false,,10.90,0.1211,true,1,211758
7290100704066,false,עדשים צהובות 500 ג' סוגת,האי נאם סי או אל.טי.,IL,עדשים צהובות סוגת 50,,500.00,,false,,8.90,0.0178,true,1,211947
7290100704141,false,סודה לשתייה 100 ג' סוגת,א.ל. ייצור ושיווק תב,IL,סודה לשתיה סוגת 100ג,,100.00,100 גרם,false,,2.90,0.0290,true,1,212447
7290100704493,false,"סוגת קמח שמרים פיצה ללא צורך בניפוי 1 ק""ג","שטיבל בע""מ - טחנת קמ",IL,קמח שמרים לפיצה ללא,,1000.00,100 גרם,false,,9.90,0.0099,true,1,233073
7290100704530,false,סוגת קמח כוסמין לבן ללא צורך בניפוי 1 קג,טחנות קמח שטיבל באר,IL,קמח כוסמין לבן ללא צ,,1000.00,100 גרם,false,,15.90,0.0159,true,1,234869
7290100850909,false,דוריטוס בטעם נאצ'ו מקסיקני,שטראוס פריטו ליי בע,IL,דוריטוס נאצו מקסיקני,,70.00,100 גרם,false,,3.90,0.0557,true,1,141710
7290100850916,false,דוריטוס בטעם חמוץ חריף,"שטראוס פריטו ליי בע""",IL,דוריטוס חמוץ חריף 70,,70.00,100 גרם,false,,3.90,0.0557,true,1,141711
7290100850923,false,דוריטוס גריל 70 גרם,שטראוס פריטו ליי בע,IL,דוריטוס גריל 70גר,,70.00,100 גרם,false,,3.90,0.0557,true,1,141712
7290100850930,false,דוריטוס דיפ טבעי 70ג,שטראוס פריטו ליי בע,IL,דוריטוס דיפ טבעי 70ג,,70.00,100 גרם,false,,3.90,0.0557,true,1,141713
7290100858592,false,אבקת קקאו עלית שקית 150 ג',הנסיך- מפעל לייצור ט,IL,קקאו עלית 150גר,,150.00,,false,,10.90,0.0727,true,1,162082
7290100924457,false,כדוריות סבון נתלה לאסלה לימון רענן - 3 יח',הנקל סוד,HU,כדוריות סוד סבון לאס,,0.00,,false,,16.90,0.0000,true,1,235364
7290100924464,false,כדוריות סבון נתלה לאסלה עם אקונומיקה - 3 יח',הנקל סוד,HU,כדוריות סוד סבון לאס,,0.00,,false,,16.90,0.0000,true,1,235365
7290100925669,false,קולור קאצ'ר - דפים למכונת כביסה 10 יח',הנקל Henkel,,קולור קאצ'ר 10דפים,יחידה,0.00,יחידה,false,,10.90,0.0000,true,1,206701
7290100925676,false,קולור קאצ'ר- לוכד צבעים בכביסה 20 יח',הנקל סוד,IE,לוכד צבעים קולור קאצ,יחידה,0.00,יחידה,false,,19.90,0.0000,true,1,222342
7290100925751,false,"סוד נוזל כלים תפוח 650 מ""ל",סוד,,סוד נוזל לכלים תפוח,,650.00,100 גרם,false,,6.90,0.0106,true,1,199633
7290101112228,false,גלידל פרי קרחון מופחת קלוריות בטעם אננס - 8 יח',הגלידות של פלדמן,IL,גלידל פרי מאגדת בטעם,,8.00,,false,,22.90,2.8625,true,1,233823
7290101113621,false,מאגדת טילונים ריבת ח,,,מאגדת טילונים ריבת ח,יחידה,0.00,יחידה,false,,19.90,0.0000,true,1,237250
7290101450900,false,נרות ג'מבו כוכבים ממ,Unknown,,נרות ג'מבו כוכבים ממ,יחידה,0.00,יחידה,false,,7.90,0.0000,true,1,143856
7290101451105,false,נרות מטה כוכבים ממות,,,נרות מטה כוכבים ממות,יחידה,0.00,יחידה,false,,5.90,0.0000,true,1,143859
7290101488286,false,"ליידי ספיד סטיק - דאודורנט ספריי לאישה 24/7 פרש פיוזן ורוד 150 מ""ל",ליידי ספיד סטיק Lady Speed Stick,RU,ליידי ספיד סטיק 24/7,,150.00,,false,,14.90,0.0993,true,1,143441
7290101551027,false,קפסולות קפה אספרסו חזק במיוחד 14 עלית 10 יח',הנסיך- מפעל לייצור ט,IL,קפסולות מס'14,,50.00,,false,,18.90,0.3780,true,1,212922
7290101551263,false,סילאן טבעי ללא תוספת סוכר,"פוליבה בע""מ",IL,סילאן טבעי יד מרדכי,,700.00,100 גרם,false,,22.90,0.0327,true,1,211876
7290101551300,false,סילאן טבעי ללא תוספת סוכר בקבוק לחיץ,"פוליבה בע""מ",IL,סילאן טבעי לחיץ יד מ,,380.00,100 גרם,false,,15.90,0.0418,true,1,211877
7290101551539,false,יוגורט PRO בטעם אפרסק 0% 20 גרם חלבון בגביע,דנונה - שטראוס,IL,דנונה פרו אפרסק 20 ג,,200.00,100 גרם,false,,6.80,0.0340,true,1,212009
7290101551584,false,תפוצ'יפס קידס מארז 10 יח' * 20 ג',"שטראוס פריטו ליי בע""",IL,תפוציפס קידס מארז 10,,200.00,100 גרם,false,,12.90,0.0645,true,1,212555
7290101551638,false,חטיף צ'יטוס כאפה בטעם קטשופ - מארז 10 יח',"שטראוס פריטו ליי בע""",IL,ציטוס כאפה אפוי מארז,,200.00,100 גרם,false,,12.90,0.0645,true,1,212190
7290101863410,false,"סיליט ניקוי עוצמתי מכיל אקונומיקה 750 מ""ל",סיליט באנג Cillit Bang,PL,ספריי מכיל אקונומיקה,,750.00,100 גרם,false,,12.90,0.0172,true,1,154804
7290101864127,false,"ספריי להסרת כתמים 750 מ""ל וניש קליה",קליה וניש Kalia Vanish,IL,קליה אוקסי ספריי 750,,750.00,,false,,23.90,0.0319,true,1,154817
7290101865261,false,"פיניש נוזל הברקה 800 מ""ל",רקיט בנקיזר,PL,פיניש נוזל הברקה למד,,800.00,100 גרם,false,,19.90,0.0249,true,1,154842
7290101866633,false,ווניש קליה ג`ל להסרת כתמים 3 ל',קליה וניש Kalia Vanish,IL,קליה גל ורוד 3ליטר,,3000.00,100 גרם,false,,29.90,0.0100,true,1,154870
7290101868958,false,"פיניש נוזל הברקה למדיח בניחוח לימון 500 מ""ל",רקיט בנקיזר,PL,פיניש נוזל הברקה למד,,800.00,,false,,19.90,0.0249,true,1,154923
7290101869726,false,ג'ל מרוכז למדיח פיניש all in one max,רקיט בנקיזר,PL,פיניש ג'ל למדיח 1ליט,,1000.00,100 גרם,false,,45.90,0.0459,true,1,154932
7290101869795,false,מילוי למכשיר ספריי אוטומטי חלום ליל קיץ,איירוויק Air Wick,GB,איירוויק מילוי מבשם,,250.00,,false,,19.90,0.0796,true,1,187375
7290101869917,false,מילוי למכשיר ספריי אוטומטי היער הקסום,איירוויק Air Wick,GB,איירוויק מילוי מבשם,,250.00,,false,,19.90,0.0796,true,1,187380
7290102030330,false,תפוצ'יפס קראנצ' בטעם מקסיקני,"שטראוס פריטו ליי בע""",IL,תפוציפס קראנץ מקסיקנ,,200.00,100 גרם,false,,10.90,0.0545,true,1,141736
7290102031276,false,מארז 8 יחידות אקטימל משקה יוגורט בטעם תות בננה,מיוצר עי קונדיטוריית,IL,אקטימל תות בננה 8*10,,800.00,,false,,21.90,0.0274,true,1,151530
7290102032334,false,אבקה להכנת משקה קפה בטעם וניל,STRAUSS-ISRAEL,IL,קפה נמס עלית בטעם ונ,,200.00,100 גרם,false,,28.90,0.1445,true,1,162130
7290102060979,false,"אלמקס משחת שיניים משפחתי 100 מ""ל",יבואן ומשווק: ש. שסט,PL,אלמקס משחת שיניים 10,,100.00,,false,,21.90,0.2190,true,1,161008
7290102390427,false,יוגורט ביו עם קציפת תות 3% שומן 150 ג' מולר,מולר Muller,IL,מולר פרופ תות 3% 150,,150.00,100 גרם,false,,5.50,0.0367,true,1,142280
7290102390465,false,יוגורט ביו עם קציפת אפרסק ופסיפלורה 3% שומן 150 ג' מולר,מולר Muller,IL,מולר פרופ אפרסק פסיפ,,150.00,100 גרם,false,,5.50,0.0367,true,1,142283
7290102390489,false,יוגורט ביו עם קציפת לימון 3% שומן 150 ג' מולר,מולר Muller,IL,מולר פרופ לימון 3% 1,,150.00,,false,,5.50,0.0367,true,1,142285
7290102391844,false,יוגורט ביו עם קציפת פירות יער3% שומן 150 ג' מולר,מולר Muller,IL,מולר פרופ לבן+קציפת,,150.00,100 גרם,false,,5.50,0.0367,true,1,142344
7290102392049,false,גבינה תבור לאפייה 5% 500 ג' צוריאל,מחלבת משק צוריאל,IL,גבינה תבור לאפייה 5%,,500.00,100 גרם,false,,27.90,0.0558,true,1,142353
7290102392094,false,חלב עיזים 4.1% צוריאל 1 ל' קרטון,מילקו תעשיות בעמ,IL,חלב עיזים צוריאל 1ל,,1000.00,,false,,17.90,0.0179,true,1,215519
7290102392254,false,חלב 1% בקרטון 2 ל' טרה,מילקו תעשיות בעמ,IL,חלב בקרטון טרה 1% 2,,2000.00,,false,,11.72,0.0059,true,1,215520
7290102393039,false,מולר מיקס יוגורט קרמי בתוספת פצפוצי שוקולד 170 ג',קריות זול,IL,מולר מיקס בתוספת פצפ,,150.00,100 גרם,false,,6.40,0.0427,true,1,142418
7290102393060,false,מיקס יוגורט גליליות וופל קרם אגוזים 170 ג' מולר,קריות זול,IL,מולר מיקס גליליות 15,,150.00,100 גרם,false,,6.40,0.0427,true,1,142419
7290102393169,false,סימפלי פרוט יוגורט תות 3% שומן 150 ג' מולר,מולר Muller,IL,מולר סימפלי פרוט תות,,150.00,100 גרם,false,,5.50,0.0367,true,1,142428
7290102393176,false,סימפלי פרוט יוגורט אפרסק 3% שומן 150 ג' מולר,מילקו תעשיות בעמ,IL,מולר סימפלי פרוט אפר,,150.00,100 גרם,false,,5.50,0.0367,true,1,142429
7290102393190,false,סימפלי פרוט פירות היער 3% שומן 150 ג' מולר,מילקו תעשיות בעמ,IL,מולר סימפלי פרוט פיר,,150.00,,false,,5.50,0.0367,true,1,142431
7290102393268,false,**טרה גבינה לבנה אריזת חיסכון 5% 750ג,טרה,IL,גבינה לבנה 5% טרה 75,,750.00,100 גרם,false,,14.94,0.0199,true,1,215521
7290102393848,false,יוגורט עיזים ביו 2.4% תות צוריאל 150ג',משק צוריאל,IL,יוגורט עיזים 3% תות,,150.00,100 גרם,false,,7.30,0.0487,true,1,215523
7290102393855,false,יוגורט עיזים 2.5% אפרסק צוריאל 150ג',מחלבת משק צוריאל,IL,יוגורט עיזים 3% אפרס,,150.00,100 גרם,false,,7.30,0.0487,true,1,215524
7290102393947,false,סימפלי פרוט יוגורט בטעם קיווי 3% שומן 150 ג' מולר,מילקו תעשיות בעמ,IL,מולר סימפלי פרוט קיו,,150.00,100 גרם,false,,5.50,0.0367,true,1,142462
7290102394081,false,מולר מיקס יוגורט קרמי עם קורנפלקס מצופה שוקולד,מילקו תעשייה בעמ,IL,מולר מיקס קורנפקלס מ,יחידה,0.00,יחידה,false,,6.40,0.0000,true,1,142474
7290102394463,false,נעם גבינה צהובה וואקום 28% 500גרם,Unknown,IL,גבינה צהובה נעם ואקו,,500.00,100 גרם,false,,29.90,0.0598,true,1,142496
7290102394821,false,נעם גבינה צהובה דק דק פ.ח 28% 200גר,מילקו תעשיות בעמ,IL,גבינה צהובה נעם 28%,,200.00,100 גרם,false,,17.90,0.0895,true,1,142505
7290102394845,false,פרוסות גבינת נעם מופחתת שומן 9%,מילקו תעשיות בעמ,IL,גבינה צהובה נעם דק ד,,200.00,100 גרם,false,,18.90,0.0945,true,1,142506
7290102395101,false,גבינה עם ממרח שוקולד 200ג' טרה,מילקו תעשיות בעמ,IL,ממרח על בסיס גבינה ש,,200.00,,false,,12.90,0.0645,true,1,142520
7290102395231,false,מולר נטורל 2.8% ביאנקו מאגדת 8 יח' * 150 ג',מולר Muller,IL,מולר נטורל 2.8% מארז,,1200.00,100 גרם,false,,19.50,0.0163,true,1,142530
7290102395262,false,מארז 8 גביעים יוגורט בטעם תות שדה ואפרסק 3% Simply Fruit,מולר Muller,IL,מולר סימפלי פרוט מאג,יחידה,0.00,יחידה,false,,31.90,0.0000,true,1,142533
7290102395378,false,גבינה צהובה נועם 28% וואקום פרוס 360ג',טרה,IL,גבינה צהובה פרוסה וא,,360.00,100 גרם,false,,22.90,0.0636,true,1,142536
7290102395439,false,מארז 8 גביעים יוגורט בטעם פירות יער וקיווי 3% Simply Fruit,מילקו תעשיות בעמ,IL,מולר סימפלי פרוט מאג,,1200.00,100 גרם,false,,31.90,0.0266,true,1,142539
7290102395446,false,מעדן חלב בטעם וניל עם קצפת 123 ג' טרה,טרה,IL,מוו וניל קצפת 123גר,,123.00,,false,,3.20,0.0260,true,1,142540
7290102396399,false,מארז 8 יחידות מעדן חלב בטעם שוקולד 1.5%,טרה,IL,מוו מעדן שוקולד מארז,,800.00,100 גרם,false,,14.90,0.0186,true,1,142597
7290102396405,false,מארז 8 יחידות מעדן חלב בטעם וניל 1.5%,טרה,IL,מוו מעדן וניל מארז 8,,800.00,100 גרם,false,,14.90,0.0186,true,1,142598
7290102396436,false,מעדן שוקולד 1.5% שומן 125 ג' טרה,טרה,IL,מוו מעדן חלב בטעם שו,,125.00,100 גרם,false,,3.20,0.0256,true,1,142601
7290102396443,false,מעדן וניל 1.5% שומן 125 ג' טרה,טרה,IL,מוו מעדן חלב בטעם ונ,,125.00,100 גרם,false,,3.20,0.0256,true,1,142602
7290102396665,false,פרוסות גבינת נעם מופחתת שומן 15%,מילקו תעשיות בעמ,IL,גבינה צהובה נעם 15%,,200.00,,false,,17.90,0.0895,true,1,142616
7290102397204,false,פרוסות גבינה 22% שומן 200 ג' נעם,מילקו תעשיות בעמ,IL,גבינה צהובה נעם 22%ד,,200.00,100 גרם,false,,17.90,0.0895,true,1,142652
7290102397464,false,יוגורט ביו בתוספת גרעינים אגוזים וחמוציות 170 ג' מולר,מולר Muller,IL,מולר מיקס גרעינים פק,יחידה,0.00,יחידה,false,,6.40,0.0000,true,1,206782
7290102397600,false,מיקס יוגורט בתוספת שקדים ובוטנים מקורמלים 170 ג' מולר,מילקו תעשייה בעמ,IL,מולר מיקס+ שקדים ובו,,170.00,100 גרם,false,,6.40,0.0376,true,1,142675
7290102397617,false,יוגורט ביו קרמי עם כדורים מצופים שוקולד חום לבן,מולר Muller,IL,מולר מיקס קליק 150גר,,150.00,100 גרם,false,,6.40,0.0427,true,1,142676
7290102397679,false,קוטג' וחצי 5% טרה 375 ג',Unknown,IL,קוטג 5% 375גר טרה,,375.00,100 גרם,false,,8.50,0.0227,true,1,205781
7290102397730,false,פרוסות גבינה אמנטל חצי קשה 30% שומן 200 ג' נעם,Unknown,IL,גבינה אמנטל נעם 200ג,,200.00,100 גרם,false,,18.90,0.0945,true,1,207865
7290102397747,false,פרוסות גבינת מוצרלה נעם מחלב בקר 22%,טרה,IL,*מבצע* גבינת מוצרלה,,200.00,100 גרם,false,,14.90,0.0745,true,1,209654
7290102398331,false,חלב דל לקטוז 2% מועשר בויטמין D,Unknown,IL,חלב מועשר דל לקטוז 1,,1000.00,,false,,8.40,0.0084,true,1,209543
7290102398560,false,שוקו מעושר בבקבוק 1ל' טרה,מילקו תעשיות בעמ,IL,שוקו טרה מועשר 1 ליט,,1000.00,,false,,12.90,0.0129,true,1,211370
7290102398577,false,משקה חלב בטעם שוקו 2% בבקבוק אישי,מילקו תעשיות בעמ,IL,שוקו טרה מועשר 250 מ,,250.00,100 גרם,false,,5.70,0.0228,true,1,211371
7290102398782,false,משקה סויה קלאסי צוריאל 1 ל',משק צוריאל,IT,משקה סויה קלאסי 1 לי,,1000.00,,false,,11.90,0.0119,true,1,224119
7290102398836,false,משקה שקדים קלאסי 1 ליטר משק צוריאל,משק צוריאל,IT,משקה שקדים קלאסי 1 ל,,1000.00,,false,,12.70,0.0127,true,1,224122
7290102399635,false,"מולר פרופ יוגורט ביו עם קציפת קוקוס ואננס 150 מ""ל",מולר Muller,IL,מולר פרופ טרופיקל 4.,,150.00,100 גרם,false,,5.50,0.0367,true,1,231743
7290102399796,false,מעדן יוגורט לבן מועשר בחלבון 200 ג' מולר אקטיב,מולר Muller,IL,מולר אקטיב 25 יוגורט,,200.00,100 גרם,false,,5.90,0.0295,true,1,224126
7290102611904,false,"כפות אמריקאי איכותי ח""פ 100 יח'",,TR,כפות אמריקאי שמאי 10,יחידה,0.00,יחידה,false,,8.90,0.0000,true,1,218911
7290103124601,false,"תחליב רחצה נוזל חלב ודבש משאבה 750מ""ל פלמוליב",הנסיך- מפעל לייצור ט,TR,פלמוליב תחליב רחצה נ,,750.00,,false,,21.90,0.0292,true,1,143495
7290103243340,false,מאפנס ממולא שוקולד 4,,,מאפנס ממולא שוקולד 4,,45.00,,false,,1.30,0.0289,true,1,231626
7290103243364,false,מאפנס וניל 40גרם,,,מאפנס וניל 40גרם,,40.00,,false,,1.30,0.0325,true,1,231546
7290103401429,false,עלית אוריגינס קצב ברזילאי 200ג,הנסיך- מפעל לייצור ט,IL,קפה מגורען קצב ברזיל,,200.00,100 גרם,false,,29.90,0.1495,true,1,162217
7290103404758,false,כרוב אדום במיונז אחל,מיוצר עי קונדיטוריית,IL,סלט כרוב אדום אחלה 1,,200.00,100 גרם,false,,5.70,0.0285,true,1,151703
7290103408206,false,עלי חסה ערבית שטופים,שטראוס בריאות ירקות,IL,עלי חסה ערבית שטופים,,250.00,,false,,11.50,0.0460,true,1,151739
7290103700195,false,שאפו רדיד אלומיניום צר 30*7.5 2יח',"שניב תעשיות נייר בע""",,רדיד אלומיניום צר 30,,2.00,,false,,9.90,4.9500,true,1,156757
7290103700225,false,טאצ רדיד אלומיניום ארוך זוג,שניב תעשיות,,שאפו רדיד אלומיניום,יחידה,0.00,יחידה,false,,12.90,0.0000,true,1,156758
7290103700324,false,שאפו זוג שקיות אוכל מתכלות בקרטון 300יח',,,טאצ זוג שקיות אוכל ב,יחידה,0.00,יחידה,false,,9.90,0.0000,true,1,156760
7290103700331,false,שאפו שקית אוכל רב תכ,,,שאפו שקית אוכל רב תכ,יחידה,0.00,יחידה,false,,10.90,0.0000,true,1,156761
7290103700379,false,כריות קרצוף טאצ' 3 יח',"שניב תעשיות נייר בע""",,טאצ' כריות קרצוף 3יח,,3.00,,false,,8.90,2.9667,true,1,156763
7290103700386,false,כריות יפניות טאצ' מארז 6יח',"שניב תעשיות נייר בע""",,טאצ' כריות קרצוף 6יח,יחידה,0.00,יחידה,false,,8.90,0.0000,true,1,156764
7290103701017,false,נייר אפייה נשלף טאצ 50 יחידות כשלפ,"שניב תעשיות נייר בע""",,טאצ' נייר אפייה 50 י,יחידה,0.00,יחידה,false,,9.90,0.0000,true,1,156772
7290103701093,false,טאצ' מטליות מיקרופייבר לרצפה 2 יח',"שניב תעשיות נייר בע""",,טאצ מטליות מיקרופייב,,7.00,,false,,10.90,1.5571,true,1,156773
7290103701130,false,טאצ' מטליות מיקרופייבר לניקוי כללי 7 יח',,,טאצ מטליות מיקרופייב,,7.00,,false,,10.90,1.5571,true,1,156774
7290103702229,false,מפות שולחן עבות במיו,"שניב תעשיות נייר בע""",,טאצ מפות עבות במיוחד,,8.00,,false,,6.90,0.8625,true,1,201590
7290103702298,false,טאצ' אשפתון עבה בגליל 77*90 50 יח',"שניב תעשיות נייר בע""",,טאצ אשפתון עבה 50יח',,50.00,,false,,15.90,0.3180,true,1,201591
7290103702304,false,טאצ' אשפתון עבה במיוחד 35 יח',"שניב תעשיות נייר בע""",,טאצ אשפתון בגליל 35,,35.00,,false,,15.90,0.4543,true,1,201592
7290103702328,false,שקיות אשפה עבות במיו,"שניב תעשיות נייר בע""",,טאצ אשפתון בגליל 25,,25.00,,false,,15.90,0.6360,true,1,204508
7290103702649,false,מארז חמישייה מגבוני טישו דו שכבתי,שניב,IL,ממחטות חמישיה עדן,יחידה,0.00,יחידה,false,,10.90,0.0000,true,1,211839
7290103703219,false,דלי מטליות לחות לניקוי כללי בניחוח לימון טאצ',,,טאצ' מטליות לחות לני,,400.00,,false,,19.90,0.0497,true,1,213922
7290103703226,false,מטליות לחות לניקוי כ,,,טאצ מטליות לחות לניק,,50.00,,false,,9.90,0.1980,true,1,212135
7290103703370,false,טאצ מגבוני טואלט לחים מארז שלישיה,,,טאצ מגבוני טואלט לחי,יחידה,0.00,יחידה,false,,14.90,0.0000,true,1,211708
7290103703684,false,נייר טאולט לובלי 30,Unknown,,לאבלי נייר טואלט 30,יחידה,0.00,יחידה,false,,29.90,0.0000,true,1,213473
7290103703905,false,ממחטות נייר טישו טוט,Unknown,,ממחטות נייר טישו טוט,יחידה,0.00,יחידה,false,,10.90,0.0000,true,1,231269
7290104061417,false,חומוס טחינה אחלה 400 ג',"שטראוס גרופ בע""מ",IL,חומוס טחינה אחלה קלא,,400.00,100 גרם,false,,10.90,0.0273,true,1,151769
7290104061431,false,חומוס אחלה עם צנובר 400 ג',"שטראוס גרופ בע""מ",IL,חומוס צנובר אחלה קלא,,400.00,100 גרם,false,,10.90,0.0273,true,1,151771
7290104061448,false,חומוס עם חריף 400 ג' אחלה,מיוצר עי קונדיטוריית,IL,חומוס חריף אחלה קלאס,,400.00,100 גרם,false,,10.90,0.0273,true,1,151772
7290104062599,false,מארז 8 יחידות מעדן גמדים בטעמי תות ובננה,STRAUSS-ISRAEL,IL,גמדים תות בננה 8*100,,800.00,,false,,20.90,0.0261,true,1,151781
7290104065934,false,שטראוס עלי רוקט 150ג,שטראוס בריאות ירקות,IL,שטראוס עלי רוקט 150ג,,150.00,100 גרם,false,,11.50,0.0767,true,1,151809
7290104066566,false,טחינה שומשום מלא אחלה 500 גר',מיוצר עי קונדיטוריית,IL,טחינה משומשום מלא אח,,400.00,100 גרם,false,,16.90,0.0422,true,1,151816
7290104068539,false,גומי מאסט בטעם מלון ואבטיח 28 ג' עלית,"שטראוס גרופ בע""מ",IL,מסטיק מאסט מלון ואבט,,28.00,100 גרם,false,,4.70,0.1679,true,1,162402
7290104068546,false,גומי מאסט בטעם לימון קולה ללא סוכר 28 ג' עלית,"שטראוס גרופ בע""מ",IL,מסטיק מאסט קולה 28גר,,28.00,100 גרם,false,,4.70,0.1679,true,1,162403
7290104500572,false,אפרופו חטיף איטליאנו 50 ג' אסם,מיוצר עי קונדיטוריית,IL,אפרופו חטיף איטליאנו,,50.00,,false,,5.30,0.1060,true,1,136348
7290104501661,false,אינסטנט פודינג בטעם וניל צרפתי,מיוצר עי קונדיטוריית,IL,פודינג וניל צרפתי אס,,80.00,,false,,5.90,0.0738,true,1,136352
7290104503184,false,עוגת הבית שבת בראוניס שוק' ריבת חלב 380ג',מיוצר עי קונדיטוריית,IL,עוגת הבית בראוניס שו,,380.00,100 גרם,false,,18.50,0.0487,true,1,136377
7290104504228,false,מארז אריזות מיני חטיף דובונים - 5 יח',"אסם השקעות בע""מ",IL,דובונים מולטיפק אסם,,100.00,100 גרם,false,,13.90,0.1390,true,1,136392
7290104508202,false,גביעי גלידה אמריקאים 24 יח' אסם 120 ג',"גילרו בע""מ",IL,גביעי גלידה אמריקאים,,24.00,,false,,13.90,0.5792,true,1,136412
7290104570162,false,תמרים כבוש ביסאן 500 ג',תמר העמקים בית שאן,,תמר כבוש 500 גר,,500.00,100 גרם,false,,14.90,0.0298,true,1,216489
7290104720499,false,מארז 8 יחידות מעדן דני בטעם וניל 1.5%,מיוצר עי קונדיטוריית,IL,דני וניל מארז 8*125ג,,1000.00,100 גרם,false,,17.90,0.0179,true,1,216254
7290104721533,false,רצועות פלפלים קלויים אחלה 400 ג',מיוצר עי קונדיטוריית,IL,פלפלים קלויים אחלה ט,,400.00,100 גרם,false,,16.90,0.0422,true,1,151855
7290104721762,false,קפה טורקי עלית מארז 85X3ג',,,קפה טורקי עלית מארז,,255.00,,false,,17.90,0.0702,true,1,162431
7290104722530,false,תפוצ'יפס בטעם שמנת ובצל,"שטראוס פריטו ליי בע""",IL,תפוציפס שמנת בצל 200,,200.00,100 גרם,false,,10.90,0.0545,true,1,141815
7290104726262,false,מארז 4 יחידות דני לשתייה בטעם שוקולד + קשים,מיוצר עי קונדיטוריית,IL,דני תות לשתיה מארז ר,יחידה,500.00,יחידה,false,,12.50,0.0250,true,1,151910
7290104726712,false,מארז 8 יחידות מעדן מילקי בטעם שוקולד עם קצפת,"שטראוס גרופ בע""מ",IL,מילקי שמינייה מארז 8,,1064.00,100 גרם,false,,22.90,0.0215,true,1,151919
7290104728310,false,"שמנת עמידה לקצפת 38% שומן 250 מ""ל יוטבתה",מחלבת יטבתה,IL,שמנת עמידה לקצפת 38%,,250.00,100 גרם,false,,6.47,0.0259,true,1,151933
7290104960239,false,"תחליב רחצה נקה 7 ארומה לבן 750 מ""ל",טרופיקל דגיל תעשיות,IL,נקה 7 תחליב רחצה ארו,,750.00,100 גרם,false,,12.90,0.0172,true,1,139189
7290104960253,false,"תחליב רחצה נקה 7 לבנדר סגול 750מ""ל",טרופיקל דגיל תעשיות,IL,נקה 7 תחליב רחצה ארו,,750.00,,false,,12.90,0.0172,true,1,139191
7290104960338,false,"נקה 7 תחליב רחצה ארומה אלוורה ותה ירוק 750מ""ל",אמיליה קוסמטיקס,IL,נקה 7 תחליב רחצה ארו,,750.00,,false,,12.90,0.0172,true,1,139192
7290104960352,false,"נקה 7 תחליב רחצה ארומה שקד וניל 750מ""ל",אמיליה קוסמטיקס,IL,נקה 7 תחליב רחצה ארו,,750.00,,false,,12.90,0.0172,true,1,139194
7290104961205,false,"נקה 7 תחליב רחצה מגע קטיפה מ""לפפון קיווי 750 מ""ל",טרופיקל דגיל תעשיות,IL,נקה 7 תחליב רחצה מגע,,750.00,,false,,12.90,0.0172,true,1,139197
7290104961250,false,"נקה 7 תחליב רחצה מגע קטיפה וניל מאסק 750 מ""ל",טרופיקל דגיל תעשיות,IL,נקה 7 תחליב רחצה מגע,,750.00,,false,,12.90,0.0172,true,1,139200
7290104963650,false,סופטקר - שמפו אל דמע 1 ליטר,סופטקר Softcare,,סופטקר שמפו אל דמע 1,,1000.00,,false,,15.90,0.0159,true,1,139218
7290105360755,false,שמן זית כתית מעולה חזק 3,מכוורת יד מרדכי שטרא,IL,"שמן זית 3 חזק 750 מ""",,750.00,100 גרם,false,,35.90,0.0479,true,1,222270
7290105360878,false,תפוצ'יפס מארז 4 יח' *50ג',"שטראוס פריטו ליי בע""",IL,תפוציפס מארז 4*50גר,,200.00,100 גרם,false,,10.90,0.0545,true,1,141843
7290105362339,false,"שמנת לבישול 15% 250 מ""ל יטבתה מהדרין",מחלבת יטבתה,IL,שמנת לבישול 15% יטבת,,250.00,,false,,8.90,0.0356,true,1,151982
7290105363602,false,כיף כף - מקלות קלאסי 40 גרם,"איי, בי, אינבוו",TR,כיף כף מקלות קלאסי 4,,40.00,100 גרם,false,,5.70,0.1425,true,1,162543
7290105364289,false,כיף כף - מקלות פצפוצים 40 גרם,"איי, בי, אינבוו",TR,כיף כף מקלות פצפוצים,,40.00,100 גרם,false,,5.70,0.1425,true,1,162546
7290105364302,false,"עלית חטיף שוקולד כיף כף מקלות אגוזים, 40 גרם","איי, בי, אינבוו",TR,כיף כף מקלות אגוזים,,40.00,100 גרם,false,,5.70,0.1425,true,1,162547
7290105364678,false,משקה אקטיביה בטעם אפרסק 1.3% שומן 265 ג' דנונה,מיוצר עי קונדיטוריית,IL,אקטיביה משקה בטעם אפ,,250.00,,false,,5.70,0.0228,true,1,152005
7290105366023,false,חציל אחלה בטעם כבד 400 גר' אחלה,מיוצר עי קונדיטוריית,IL,חציל טעם כבד אחלה טע,,400.00,100 גרם,false,,16.90,0.0422,true,1,152022
7290105366047,false,טחינה אחלה לבנה 400 גר',מיוצר עי קונדיטוריית,IL,טחינה לבנה אחלה טעמי,,400.00,100 גרם,false,,16.90,0.0422,true,1,152024
7290105366993,false,סימפוניה גבינה במרקם שמנת פלפל שיפקה חריף 5%,"שטראוס בריאות בע""מ",IL,סימפוניה פלפל שיפקה,,200.00,100 גרם,false,,11.90,0.0595,true,1,152033
7290105368331,false,מעדן מילקי בטעם תות עם קצפת,מחלבת אחיהוד,IL,מילקי תות,,170.00,,false,,3.00,0.0176,true,1,152067
7290105368904,false,"שמנת מתוקה להקצפה 32% שומן 250 מ""ל יוטבתה",מחלבת יטבתה,IL,שמנת מתוקה להקצפה 32,,500.00,,false,,8.30,0.0166,true,1,216257
7290105368928,false,"שמנת 9% שומן 200 מ""ל יוטבתה",מחלבת יטבתה,IL,שמנת 9% יטבתה 200מל,,200.00,,false,,3.60,0.0180,true,1,152086
7290105369130,false,סימפוניה גבינה במרקם שמנת בצל ירוק 5%,"שטראוס בריאות בע""מ",IL,סימפוניה בצל ירוק 5%,,200.00,100 גרם,false,,11.90,0.0595,true,1,152096
7290105430458,false,תחליב רחצה מועשר בשקדים וקרם לחות Naturals משאבה,הנסיך- מפעל לייצור ט,TR,פלמוליב תחליב רחצה ש,,750.00,100 גרם,false,,21.90,0.0292,true,1,201652
7290105439499,false,מיונז הולנדי 481 ג' מאסטר שף,רמיה סי.וי. הולנד,NL,מיונז מאסטר שף 480 ג,,480.00,100 גרם,false,,11.90,0.0248,true,1,143544
7290105439505,false,קרם בטעם מיונז לייט מנה 479 ג' מאסטר שף,רמיה סי.וי. הולנד,NL,ממרח מיונז לייט מאסט,,479.00,100 גרם,false,,11.90,0.0248,true,1,204195
7290105500151,false,וודקה פינלנדיה בקבוק,"אלטיה קורפ, הלסינקי,",FI,וודקה פינלנדיה 700 מ,,700.00,,false,,69.90,0.0999,true,1,130789
7290105501387,false,מארז וודקה פינלנדיה,בראון פורמן,FI,וודקה פינלנדיה 700 מ,,700.00,,false,,69.90,0.0999,true,1,233442
7290105691224,false,פריכונים חטיפי טורטיה שום בצל 60 ג' אוסם,"מיוצר ע""י PT, משווק",IL,פריכונים חטיפי טורטי,,60.00,100 גרם,false,,8.90,0.1483,true,1,136462
7290105691248,false,פריכונים חטיפי טורטיה תירס 60 ג' אוסם,"מיוצר ע""י PT, משווק",IL,פריכונים חטיפי טורטי,,60.00,,false,,8.90,0.1483,true,1,136463
7290105691712,false,עוגיות הפסקת קפה חיטה מלאה אסם 230 גר',היינץ צפון אמריקה מק,IL,עוגיות הפסקת קפה דגנ,,230.00,100 גרם,false,,12.90,0.0561,true,1,136471
7290105691934,false,"קמח שמרים 1ק""ג אוסם",תאי פרזידנט פוד פאבל,IL,קמח שמרים אסם 1קג,,1000.00,100 גרם,false,,11.90,0.0119,true,1,136478
7290105693341,false,במבה מארז 10 יח' * 25 ג' אסם,"אסם השקעות בע""מ",IL,*מבצע* במבה מארז אסם,,250.00,100 גרם,false,,14.90,0.0596,true,1,136501
7290105693457,false,עוגת הבית דמקה שוקו וניל 320 ג' אסם,מיוצר עי קונדיטוריית,IL,עוגת הבית דמקה שוקו,,320.00,100 גרם,false,,13.90,0.0434,true,1,136503
7290105693952,false,פירורית זהב אסם זהב שומשום 200 ג',מיוצר עי קונדיטוריית,IL,פירורית זהב שומשום א,,200.00,100 גרם,false,,6.50,0.0325,true,1,136513
7290105695024,false,אסם פתיתים אפויים אורז עם אטריות 500 גר,"אסם השקעות בע""מ",IL,פתיתים אפויים אורז ע,,500.00,100 גרם,false,,7.90,0.0158,true,1,136537
7290105695321,false,עוגת שוקולד בראוניז פאדג' 380 ג',מיוצר עי קונדיטוריית,IL,עוגות הבית בראוניס פ,,380.00,100 גרם,false,,18.50,0.0487,true,1,136543
7290105962331,false,זחוק אדום תימני מקורי חריף מאוד,קריניסה ויטמין אס אי,IL,סחוג חריף אדום מאוד,,220.00,100 גרם,false,,12.90,0.0586,true,1,152110
7290105965738,false,יוגורט לשתיה בטעם תות בננה267 ג' דנונה,מיוצר עי קונדיטוריית,IL,דנונה לשתיה תות בננה,,250.00,,false,,5.50,0.0220,true,1,152139
7290105966469,false,"חומץ בלסמי יד מרדכי 250מ""ל",אצטייה ג'וזפה קרמוני,IT,חומץ בלסמי יד מרדכי,,2500.00,,false,,16.90,0.0068,true,1,162658
7290105968098,false,סלט קולסלאו אחלה 500 ג',אחלה - שטראוס,IL,קולסלאו אחלה 500גר,,500.00,100 גרם,false,,16.90,0.0338,true,1,152164
7290105968654,false,רביולי בטטה פרווה פסטה נונה 400 ג',מיוצר עי קונדיטוריית,IL,רביולי בטטה שטראוס 4,,400.00,100 גרם,false,,21.90,0.0547,true,1,152165
7290105968777,false,פריכיות עם תחתית שוקולד מריר 70 ג' אנרגי,"טחנת האבן תעשיות בע""",IL,פריכיות תחתית שוקולד,,80.00,100 גרם,false,,8.90,0.1113,true,1,162676
7290106520066,false,רבע לשבע במילוי קרם אגוזים ובציפוי שוקולד חלב,הגביע מוצרי וופלים ב,IL,רבע לשבע גלילי וופל,,160.00,100 גרם,false,,11.90,0.0744,true,1,162679
7290106520288,false,יוגורט פרו חלבון עם תות 2.4% שומן 150 ג' דנונה,"שטראוס בריאות בע""מ",IL,דנונה WOW תות 150 ג,,150.00,100 גרם,false,,5.10,0.0340,true,1,152167
7290106520905,false,סלט טורקי עם פלפל קל,"שטראוס גרופ בע""מ",IL,סלט טורקי אחלה טעמי,,400.00,100 גרם,false,,16.90,0.0422,true,1,152183
7290106520912,false,"שמנת לבישול 9% 250 מ""ל יטבתה",מחלבת יטבתה,IL,שמנת לבישול 9% יטבתה,,250.00,,false,,8.90,0.0356,true,1,152184
7290106521049,false,קוביות סלק אחלה 400 גר',מיוצר עי קונדיטוריית,IL,סלטי קוביות סלק אחלה,,400.00,100 גרם,false,,16.90,0.0422,true,1,152193
7290106524439,false,תפוצ'יפס טבעי פופס 60גר',"שטראוס פריטו ליי בע""",IL,תפוציפס פופס 60גר,,60.00,100 גרם,false,,3.90,0.0650,true,1,209606
7290106525320,false,אבקת שוקולית לאפייה קופסא 500ג' עלית,הנסיך- מפעל לייצור ט,IL,שוקולית לאפיה 500גר,,500.00,100 גרם,false,,16.90,0.0338,true,1,201724
7290106525399,false,קפסולות 06 ברזיל למכונות נספרסו עלית 10יח',הנסיך- מפעל לייצור ט,IL,קפסולות ברזיל 06 למכ,,50.00,,false,,18.90,0.3780,true,1,162713
7290106525405,false,קפסולות למכונת נספרסו נטול קפאין,שטראוס קפה בי.וי,IL,קפסולות מס7 נטול קופ,יחידה,0.00,יחידה,false,,18.90,0.0000,true,1,162714
7290106528628,false,דוריטוס טבעי עלית 185 ג',"שטראוס פריטו ליי בע""",IL,דוריטוס טבעי 185גר,,185.00,100 גרם,false,,7.90,0.0427,true,1,141900
7290106528949,false,סלט ערוגות טעם הטבע,שטראוס בריאות ירקות,IL,לקט ערוגות שטראוס 45,,450.00,100 גרם,false,,12.90,0.0287,true,1,152241
7290106571921,false,עוגיות פיטנס עוגיות חמוציות 180 גר',מיוצר עי קונדיטוריית,IL,פיטנס עוגיות חמוציות,,180.00,,false,,12.90,0.0717,true,1,136569
7290106572027,false,אוסם - לחמית חמישה דגנים 190 גרם,"אסם השקעות בע""מ",IL,לחמית חמישה דגנים אס,,190.00,100 גרם,false,,9.90,0.0521,true,1,136573
7290106572959,false,מארז אפרופו חטיף תירס 5 יחידות,אסם תעשיות,IL,אפרופו קלאסי מארז אס,,125.00,,false,,12.90,0.1032,true,1,136583
7290106573277,false,אוסם - קריספי טאפאס זיתים 150 גרם,מיוצר עי קונדיטוריית,IL,קריספי טאפאס זיתים א,,150.00,,false,,12.50,0.0833,true,1,136591
7290106573314,false,אוסם - קריספי טאפאס כפרי 150 גרם,מיוצר עי קונדיטוריית,IL,קריספי טאפאס כפרי אס,,150.00,100 גרם,false,,12.50,0.0833,true,1,136593
7290106573598,false,צבר חומוס לבנוני 400גרם,סלטי צבר,IL,חומוס לבנוני צבר 400,,400.00,100 גרם,false,,12.90,0.0323,true,1,136597
7290106573628,false,צבר חומוס עם טחינה 400גר,סלטי צבר,IL,חומוס עם טחינה צבר 4,,400.00,100 גרם,false,,12.90,0.0323,true,1,136598
7290106573642,false,צבר חומוס צנובר 400גרם,סלטי צבר,IL,חומוס צנובר צבר 400ג,,400.00,100 גרם,false,,12.90,0.0323,true,1,136599
7290106574120,false,שלגון גומיגם לימון ופטל וסוכר' 90ג',גלידות נסטלה (נגה גל,IL,גומי גם,יחידה,0.00,יחידה,false,,6.90,0.0000,true,1,228731
7290106574793,false,עוגת הבית שוקו שוקוצ''יפס 350 ג' אסם,מיוצר עי קונדיטוריית,IL,עוגת הבית שוקו שוקוצ,,350.00,100 גרם,false,,13.90,0.0397,true,1,136619
7290106574953,false,בייגלה שטוחים כעכים שטוחים עם שומשום,מיוצר עי קונדיטוריית,IL,בייגלה שטוחים שומשום,,300.00,100 גרם,false,,11.90,0.0397,true,1,136620
7290106574977,false,בייגלה שטוחים כעכים שטוחים עם מלח,מיוצר עי קונדיטוריית,IL,בייגלה שטוחים עם מלח,,300.00,100 גרם,false,,11.90,0.0397,true,1,136621
7290106576223,false,אפרופו מצופה שוקולד 40 ג',מיוצר עי קונדיטוריית,IL,אפרופו שוקולד אסם 40,,40.00,100 גרם,false,,5.30,0.1325,true,1,203908
7290106576513,false,סלט חומוס צבר 400 גר,סלטי צבר,IL,חומוס צבר 400גר,,400.00,,false,,10.90,0.0273,true,1,136649
7290106576537,false,צבר חומוס מסעדה 700 גר,סלטי צבר,IL,*מבצע* חומוס מסעדות,,700.00,100 גרם,false,,11.00,0.0157,true,1,130497
7290106576797,false,"לה קרמריה גלידת וניל איטלקי כשל""פ 1.4ל'",תות תעשיות מזון (201,IL,לה קרמריה וניל איטלק,,1400.00,100 גרם,false,,21.90,0.0156,true,1,141596
7290106576810,false,גלידה לה קרמריה ריבת חלב 1.4 ל' נסטלה,המאפיה של הרמן,IL,לה קרמריה ריבת חלב 1,,1400.00,,false,,21.90,0.0156,true,1,141597
7290106576858,false,גלידה לה קרמריה תותים בשמנת 1.4 ל' נסטלה,המאפיה של הרמן,IL,לה קרמריה תותים בשמנ,,1400.00,,false,,21.90,0.0156,true,1,141599
7290106576919,false,גלידה קרמריה סורבה תות לימון 1.4 ליטר,המאפיה של הרמן,IL,לה קרמריה סורבה תות,,1400.00,,false,,21.90,0.0156,true,1,141601
7290106576957,false,"לה קרמריה גלידת שוקו וניל פליק פרווה כשל""פ 1.4",תות תעשיות מזון (201,IL,לה קרמריה שוקו וניל,,1400.00,,false,,21.90,0.0156,true,1,141603
7290106576971,false,גלידה לה קרמריה שוקולד בלגי 1.4 ל' נסטלה,תות תעשיות מזון (201,IL,לה קרמריה שוקולד בלג,,1400.00,100 גרם,false,,21.90,0.0156,true,1,141604
7290106577039,false,גלידה לה קרמריה שוקו וניל פליק 1.4 ל' נסטלה,תות תעשיות מזון (201,IL,לה קרמריה וניל שוקו,,1400.00,,false,,21.90,0.0156,true,1,141606
7290106577282,false,צבר טחינה מרובע 400גרם,סלטי צבר,IL,טחינה צבר 400גרם,,400.00,100 גרם,false,,12.90,0.0323,true,1,136654
7290106577527,false,סלט קולסלאו כרוב לבן וגזר 400 ג' צבר,סלטי צבר,IL,סלט קולסלאו צבר 400,,400.00,100 גרם,false,,12.90,0.0323,true,1,220139
7290106577541,false,כרוב אדום מרובע 400 ג' צבר,סלטי צבר,IL,כרוב אדום צבר 400גרם,,400.00,100 גרם,false,,12.90,0.0323,true,1,136663
7290106577572,false,צבר מטבוחה מרובע 400גרם,סלטי צבר,IL,מטבוחה צבר 400גרם,,400.00,100 גרם,false,,12.90,0.0323,true,1,136664
7290106578692,false,אוסם - במבה ביסלי מיקס 80 גרם,פרו מן יו פתרונות אר,IL,במבה ביסלי מיקס 80 ג,,80.00,,false,,4.90,0.0613,true,1,136676
7290106654099,false,מילקי CAKE עוגות אישיות במילוי קרם חלב,STRAUSS-ISRAEL,,מארז מילקי קייק שמינ,,272.00,100 גרם,false,,21.90,0.0805,true,1,152275
7290106656734,false,עוגיות חיוכים וניל 600 ג'רם,אפיפית נצרת,IL,עוגיות חיוכים וניל ב,,600.00,100 גרם,false,,17.90,0.0298,true,1,162786
7290106658479,false,עלית וופל בטעם טורטית אגוזים 360גר,"שטראוס גרופ בע""מ",IL,טורטית מגדים 40גר,,40.00,100 גרם,false,,4.90,0.1225,true,1,162798
7290106663121,false,מילקי cake עוגה אישית 34 גרם,בובארד איטליה אס.פי.,IT,מילקי קייק 34 גר,,34.00,100 גרם,false,,3.50,0.1029,true,1,152328
7290106664067,false,לאבנה עם שמן זית וזעתר 10% שטראוס 400 ג',הדקלאים אגודת שיתופי,IL,לאבנה שמן זית וזעתר,,400.00,100 גרם,false,,15.90,0.0398,true,1,152336
7290106664555,false,"רוטב שמנת עם עגבניות 9% שומן 250 מ""ל יוטבתה",מחלבת יטבתה,IL,רוטב שמנת עם עגבניות,,250.00,,false,,11.90,0.0476,true,1,152339
7290106664562,false,רוטב שמנת עם פטריות 9% שומן 258 ג' יוטבתה,מחלבת יטבתה,IL,רוטב שמנת עם פטריות,,250.00,,false,,11.90,0.0476,true,1,152340
7290106666788,false,עלית - סוכריות נוסטלגיה דבש ממולאות 80 גרם,פלזנסקי,IL,סוכריות נוסטלגיה דבש,,80.00,100 גרם,false,,5.90,0.0738,true,1,162871
7290106667266,false,דוריטוס חמוץ חריף עלית 185 ג',הנסיך- מפעל לייצור ט,IL,דוריטוס חמוץ חריף 18,,185.00,100 גרם,false,,7.90,0.0427,true,1,141974
7290106668577,false,"מיץ לימון טבעי יד מרדכי 250 מ""ל",האי נאם סי או אל.טי.,IT,מיץ לימון טבעי 250 מ,,250.00,,false,,8.90,0.0356,true,1,194688
7290106668713,false,יוגורט עם פירות יער 3% שומן 150 ג' דנונה,מיוצר עי קונדיטוריית,IL,דנונה פירות יער 3% 1,,150.00,100 גרם,false,,4.20,0.0280,true,1,152362
7290106720626,false,צ'יטוס קראנצ' בטעם גבינה - חלבי,"שטראוס פריטו ליי בע""",IL,ציטוס קראנצ בטעם גבי,,80.00,100 גרם,false,,4.60,0.0575,true,1,206995
7290106721913,false,מסטיק מאסט MUST ללא סוכר בטעם מנטה מרעננת,"שטראוס גרופ בע""מ",IL,מסטיק מאסט ריח פה צ',,66.00,100 גרם,false,,9.90,0.1500,true,1,162915
7290106721920,false,צנצנת מסטיק מאסט בטעם ספירמינט עדין 66 ג' עלית,"שטראוס גרופ בע""מ.",IL,מסטיק מאסט ספירימינט,,66.00,100 גרם,false,,9.90,0.1500,true,1,162916
7290106723689,false,עלי תרד בייבי שטראוס,שטראוס בריאות ירקות,IL,עלי תרד בייבי שטראוס,,200.00,100 גרם,false,,11.50,0.0575,true,1,152378
7290106725867,false,"סירופ מייפל טהור 189 מ""ל יד מרדכי",קוסלסי פוד,CA,*מבצע* סירופ מייפל ט,,189.00,100 גרם,false,,24.90,0.1317,true,1,162961
7290106726178,false,יוגורט PRO עם פירות יער 2.4% 10 גרם חלבון בגביע,מיוצר עי קונדיטוריית,IL,דנונה WOW פירות יער,,150.00,,false,,5.10,0.0340,true,1,152387
7290106729650,false,יוגורט עם תות מאגדת 8 יח' * 150ג' דנונה,דנונה - שטראוס,,דנונה תות מארז 8יח 3,,1200.00,100 גרם,false,,26.90,0.0224,true,1,152405
7290107280013,false,מגבונים ליטופים ללא בושם חמישיה,,,מגבוני ליטופים חמישי,,5.00,,false,,21.90,4.3800,true,1,220443
7290107280099,false,מגבוני טואלט לחים סנו סופט שלישייה * 48 יח',טרופיקל דגיל- תעשיות,IL,מגבוני טואלט סופט של,יחידה,0.00,יחידה,false,,19.90,0.0000,true,1,201780
7290107280341,false,ריצפז מטליות לחות לניקוי הרצפה בניחוח מלון מפנק,"סנו מפעלי ברונוס סע""",IL,ריצפז מטליות לחות לנ,יחידה,0.00,יחידה,false,,13.90,0.0000,true,1,229883
7290107280563,false,אוקסיג'ן ג'ל לכביסה בייבי 3ל',"איי, בי, אינבוו",IL,סנו אוקסיגן בייבי 3ל,,3000.00,,false,,32.90,0.0110,true,1,139235
7290107280570,false,סנו - מקסימה ג'ל כביסה מרוכז לכביסה צבעונית 3 ליטר,מיוצר עי קונדיטוריית,IL,סנו מקסימה גל לכביסה,ליטרים,3.00,ליטר,false,,32.90,10.9667,true,1,139236
7290107280723,false,נוזל לניקוי כלים סנו ספארק Spark בניחוח לימון רענן,סנו כימיקלים,IL,ספארק נוזל לניקוי כל,,700.00,,false,,9.90,0.0141,true,1,139243
7290107280747,false,נוזל לניקוי כלים סנו ספארק Spark קלאסי,סנו כימיקלים,IL,ספארק נוזל לניקוי כל,,700.00,,false,,9.90,0.0141,true,1,139245
7290107280761,false,נוזל לניקוי כלים בניחוח לימון רענן סנו ספארק Spark,מיוצר עי קונדיטוריית,IL,סנו ספארק משאבה לימו,,1000.00,,false,,12.90,0.0129,true,1,220449
7290107340526,false,מטען בית טייפ סי,,,מטען טייפסי IMX,יחידה,0.00,יחידה,false,,39.90,0.0000,true,1,232092
7290107341356,false,כבל אייפון imx,,,כבל אייפון IMX,יחידה,0.00,יחידה,false,,19.90,0.0000,true,1,232676
7290107341370,false,כבל טפייסי imx,,,כבל טייפסי IMX,יחידה,0.00,יחידה,false,,19.90,0.0000,true,1,232098
7290107647823,false,תלמה ברנפלקס 500 גרם,יוניליוור ישראל מזון,IL,ברנפלקס בדצ 500גר,,500.00,100 גרם,false,,22.90,0.0458,true,1,209301
7290107648974,false,רוטב עגבניות בזיליקום 415 ג' קינור,יוניליוור,IT,רוטב לפסטה בזיליקום,,415.00,100 גרם,false,,11.90,0.0287,true,1,212245
7290107870047,false,"טילון אקסטרים מטבע ענק בראוניז, 115 ג'",תות תעשיות מזון (201,IL,אקסטרים מטבע ענק ברא,,115.00,,false,,10.90,0.0948,true,1,235166
7290107871990,false,פסטה צינורות 500 ג' אסם,פסטה זארה,IT,פסטה צינורות אסם 500,,500.00,100 גרם,false,,6.50,0.0130,true,1,136712
7290107874427,false,אוסם - מיני פריכונים זעתר 25 גרם,פרח תעשיות מזון,IL,פריכונים מיני זעתר א,,25.00,100 גרם,false,,4.50,0.1800,true,1,136747
7290107874441,false,פריכונים מיני בצל מקורמל אסם 25ג',"מיוצר ע""י PT, משווק",IL,פריכונים מיני בצל מק,,25.00,100 גרם,false,,4.50,0.1800,true,1,136748
7290107875271,false,ביסלי ברביקיו מארז 4 יח' * 55 ג' אסם,,,ביסלי ברביקיו מארז א,,220.00,,false,,12.90,0.0586,true,1,215231
7290107875400,false,גלידה לה קרמריה פיסטוק מוקה 1.4 ל' נסטלה,המאפיה של הרמן,IL,לה קרמריה פיסטוק מוק,,1400.00,100 גרם,false,,21.90,0.0156,true,1,141626
7290107875820,false,קרוטונים אפויים בתיבול ביתי אוסם 180 ג',עינת תעשיות מזון,IL,קרוטונים אפויים בתיב,,180.00,100 גרם,false,,12.90,0.0717,true,1,215232
7290107877619,false,מארז במבה במילוי קרם נוגט 5*30ג' אסם,אסם תעשיות,IL,במבה במילוי קרם נוגט,,150.00,100 גרם,false,,13.90,0.0927,true,1,215236
7290107879620,false,שלגון לה פרוטה מלון תפוח נסטלה 70ג',המאפיה של הרמן,IL,קרחון שרבט לה פרוטה,,70.00,100 גרם,false,,6.90,0.0986,true,1,215480
7290107930321,false,קונפיטורה דובדבן יד מרדכי 340 ג',בית אל מזון,IL,קונפיטורת דובדבן יד,,340.00,,false,,13.90,0.0409,true,1,162974
7290107931397,false,כיף כף פצפוצים ביסקוויט 40ג',שולן צ'יקולטה גידה ס,TR,כיף כף פצפצים 40גר,,40.00,100 גרם,false,,5.70,0.1425,true,1,162980
7290107932080,false,חלב בבקבוק 3% שומן 1 ל' יוטבתה,מחלבת יטבתה,IL,חלב 3% מועשר בבקבוק,,1000.00,,false,,8.20,0.0082,true,1,152416
7290107932134,false,חלב בבקבוק 1% שומן 1 ל' יוטבתה,מחלבת יטבתה,IL,חלב מועשר 1% בבקבוק,,1000.00,,false,,8.20,0.0082,true,1,152418
7290107934473,false,מארז 8 יח' אקטיביה יוגורט קרמי 1.5% שומן,דנונה - שטראוס,IL,אקטיביה מארז שמינייה,,1200.00,100 גרם,false,,22.50,0.0188,true,1,130504
7290107936309,false,דנונה יוגורט 7% יווני לבן 130 ג',"שטראוס בריאות בע""מ",IL,דנונה יווני לבן 130ג,,130.00,100 גרם,false,,3.70,0.0285,true,1,204021
7290107936958,false,עד חצות ביסקוויט אצבעות שוקולד 125 גרם,הדקלאים אגודת שיתופי,FR,עד חצות ביסקוויט אצב,,125.00,100 גרם,false,,11.50,0.0920,true,1,208712
7290107937542,false,משקה יוגורט אקטיביה עם תות 1.2% שומן,מיוצר עי קונדיטוריית,IL,אקטיביה משקה תות 1.2,,265.00,100 גרם,false,,5.70,0.0215,true,1,152447
7290107937627,false,מסטיק מאסט Must קוביות ללא סוכר בטעם מנטה עדינה,אסקום קונפקשיין,DE,מסטיק מאסט קוביות ספ,,58.00,100 גרם,false,,9.90,0.1707,true,1,204046
7290107938396,false,"אקטימל משקה פרוביוטי תות 100X8 מ""ל",מיוצר עי קונדיטוריית,IL,אקטימל תות שמינייה ב,,864.00,,false,,21.90,0.0253,true,1,152453
7290107940030,false,חומוס אחלה 650 גר',,,*מבצע* חומוס אחלה 65,,650.00,100 גרם,false,,7.90,0.0122,true,1,210326
7290107940467,false,אקטיביה יוגורט 1.5% שומן 200 ג' דנונה,מיוצר עי קונדיטוריית,IL,אקטיביה יוגורט קרמי,,200.00,100 גרם,false,,4.20,0.0210,true,1,152467
7290107941266,false,שעועית אדומה שטראוס,הורקסה לס לגונס דה ס,IL,שעועית אדומה מבושלת,,475.00,100 גרם,false,,13.90,0.0293,true,1,206120
7290107943192,false,"שמנת חמוצה מהערבה 27% שומן 200 מ""ל יטבתה",יטבתה,,שמנת חמוצה מהערבה 27,,200.00,,false,,4.50,0.0225,true,1,216260
7290107944472,false,סימפוניה גבינה במרקם שמנת 5% שום שמיר,"שטראוס בריאות בע""מ",IL,סימפוניה שום שמיר 5%,,200.00,100 גרם,false,,11.90,0.0595,true,1,204479
7290107945165,false,קונפיטורה משמש יד מרדכי 340 ג',אף.סי תבליני בגליל ב,IL,קונפיטורת משמש יד מר,,340.00,100 גרם,false,,13.90,0.0409,true,1,206622
7290107950206,false,מעדן חלב דל קלוריות בטעם שוקולד 0% שומן,מיוצר עי קונדיטוריית,IL,מעדן שטראוס דיאט שוק,,130.00,100 גרם,false,,3.60,0.0277,true,1,204186
7290107953559,false,קפה טורקי עלית לדרך שקיות 24X7ג',הנסיך- מפעל לייצור ט,IL,מארז קפה טורקי לדרך,,168.00,,false,,18.90,0.1125,true,1,222307
7290107954976,false,"משקה יטבתה חלבון פרו קפה 350מ""ל",מחלבת יטבתה,DE,משקה חלב יטבתה פרו 3,,350.00,,false,,7.50,0.0214,true,1,208111
7290107956642,false,"תרסיס שמן זית יד מרדכי 150 מ""ל",פארייפאבה אגרואינדוס,ES,"תרסיס שמן זית 150 מ""",,150.00,,false,,17.90,0.1193,true,1,210425
7290107957113,false,סימפוניה 5% זיתים פיקנטיים 200 ג' שטראוס,קריות זול,IL,גבינת סימפוניה זיתים,,200.00,100 גרם,false,,11.90,0.0595,true,1,212015
7290107957991,false,מילקי CAKE מיניס קרם חלב בציפוי שוקולד חלב שקית 16X9ג',בובארד איטליה אס.פי.,IT,מארז מילקי מיניס קיי,,144.00,100 גרם,false,,15.90,0.1104,true,1,211889
7290107958035,false,יוגורט במתיקות מעודנת 2% ללא תוספת סוכר- מארז 8 יח,דנונה - שטראוס,IL,דנונה מארז שמינייה מ,,1200.00,100 גרם,false,,20.90,0.0174,true,1,209079
7290107958639,false,מטבוחה אחלה מרוקאית חריפה 400 גר',מיוצר עי קונדיטוריית,IL,מטבוחה מרוקאית חריפה,,400.00,100 גרם,false,,16.90,0.0422,true,1,209080
7290107973809,false,שימורי עגבניות קוביות 400 ג' מאסטר שף,פראנו אריקו ופיגלי ס,IT,עגבניות קוביות חתוכו,,400.00,100 גרם,false,,4.90,0.0123,true,1,204199
7290107973861,false,מאסטר שף - עגבניות קצוצות דק שלישיה 400 גרם * 3,קונסרזיו קאסאלאסקו ד,IT,עגבניות קצוצות דק מא,,1200.00,100 גרם,false,,16.90,0.0141,true,1,204200
7290107974301,false,ליידי ספיד סטיק - דאודורנט ג'ל לאישה אלוורה 45 גרם,ליידי ספיד סטיק Lady Speed Stick,US,ליידי ספיד סטיק אלוו,,65.00,,false,,19.90,0.3062,true,1,240185
7290107974820,false,ממרח מתובל ספייסי מאסטר שף 248 ג',מאסטר שף,,ממרח מתובל ספייסי מא,,250.00,100 גרם,false,,8.90,0.0356,true,1,204196
7290107978453,false,חטיף קראנצ'וס גריל 5,קראנצ'וס,IL,קראנצוס גריל 55 גרם,,55.00,,false,,3.90,0.0709,true,1,208637
7290107978460,false,קראנצוס פלאפל 55 גרם,מנה,IL,קראנצוס פלאפל 55 גר,,55.00,100 גרם,false,,3.90,0.0709,true,1,208638
7290108201864,false,קולון קפסולות ג'ל כביסה 28 יח,קולון Colon,,קולון קפסולות לכביסה,יחידה,0.00,יחידה,false,,25.90,0.0000,true,1,231085
7290108350128,false,סנו סושי שקיות אשפה חזקות במיוחד 40 יח',מיוצר עי קונדיטוריית,IL,שקיות אשפה סנו סושי,,40.00,,false,,29.90,0.7475,true,1,220450
7290108350142,false,שקיות רב שימושיות ענק סנו סושי 270 יח',אשפלסט תעשיות,IL,שקיות סנו סושי רב שי,,270.00,,false,,14.90,0.0552,true,1,139253
7290108350203,false,כריות קרצוף אקסטרה חזקות עם ספוג מקציף - 6 יח',סנו סושי,US,סנו סושי כריות קרצוף,,6.00,,false,,10.90,1.8167,true,1,203594
7290108350531,false,סנו ספארק נוזל כלים בניחוח קלאסי עם משאבה 1 ל',מיוצר עי קונדיטוריית,IL,סנו ספארק משאבה קלאס,,1000.00,,false,,12.90,0.0129,true,1,221157
7290108350616,false,סנו - מקסימה מרכך כביסה מרוכז פריחה כחולה 1 ליטר,"סנו מפעלי ברונוס בע""",IL,סנו מקסימה בלו בלוסו,,1000.00,,false,,18.90,0.0189,true,1,139255
7290108350623,false,מרכך כביסה סופר מרוכז סופט סילק מקסימה 1 ל' סנו,"סנו מפעלי ברונוס בע""",IL,סנו מקסימה סופט סילק,,1000.00,,false,,18.90,0.0189,true,1,139256
7290108351156,false,סנו - ג'ט לניקוי כללי ורצפות בתוספת חומץ 1.5 ליטר,"סנו מפעלי ברונוס בע""",IL,סנו ג'ט פלוס לניקוי,ליטרים,1.50,ליטר,false,,13.90,9.2667,true,1,206648
7290108351507,false,מרכך כביסה מקסימה סופט סילק 4 ל' סנו,סנו מקסימה,IL,סנו מקסימה מרכך כביס,ליטרים,4.00,ליטר,false,,22.90,5.7250,true,1,212504
7290108351514,false,מרכך כביסה בבישום עוצמתי פריחה כחולה,סנו מקסימה,IL,סנו מקסימה מרכך כביס,ליטרים,4.00,ליטר,false,,22.90,5.7250,true,1,205661
7290108351552,false,"סנו - ג'ט לניקוי כללי בתוספת חומץ בניחוח לבנדר 750 מ""ל","סנו מפעלי ברונוס בע""",IL,סנו ג'ט פלוס עם חומץ,,750.00,,false,,12.90,0.0172,true,1,209120
7290108351583,false,"סנו - ג'ט פלוס חומץ ג'ל לניקוי אסלות לבנדר 750 מ""ל",טרופיקל דגיל תעשיות,IL,סנו גט+לניקוי אסלות,,750.00,100 גרם,false,,12.90,0.0172,true,1,211253
7290108351590,false,"סנופרש הום בלו בלוסון בניחוח מרכך כביסה 350 מ""ל",סנו פרש Fresh,IL,סנו פרש נטול גז בניח,,350.00,,false,,14.90,0.0426,true,1,208144
7290108351606,false,"סנופרש הום בניחוח מרכך כביסה 350 מ""ל",,,סנו פרש הום נטול גז,,350.00,100 גרם,false,,14.90,0.0426,true,1,208145
7290108351699,false,סנו - ג'ט מטליות לחות לניקוי כללי בתוספת חומץ לבנדר שלישיה,סנו מפעלי ברונוס על,IL,מגבוני ניקוי ג'ט +חו,יחידה,0.00,יחידה,false,,21.90,0.0000,true,1,229875
7290108351804,false,סנו - מקסימה מרכך כביסה מרוכז ג'נטל בריז 1 ליטר,מיוצר עי קונדיטוריית,IL,סנו מקסימה סופר מרוכ,,1000.00,,false,,18.90,0.0189,true,1,219326
7290108351811,false,מקסימה מרכך כביסה סופר מרוכז פלור טאצ' 1 ליטר,מיוצר עי קונדיטוריית,IL,סנו מקסימה סופר מרוכ,,1000.00,,false,,18.90,0.0189,true,1,219327
7290108351835,false,מרכך כביסה בבישום עוצמתי פלורל טאצ',מיוצר עי קונדיטוריית,IL,סנו מקסימה מרכך כביס,,4000.00,,false,,22.90,0.0057,true,1,229884
7290108352207,false,קפסולות כביסה מקסימה פלורל 40 יח' סנו,טרופיקל דגיל תעשיות,IL,סנו מקסימה 40 קפסולו,,40.00,,false,,34.90,0.8725,true,1,231587
7290108352214,false,סנו - מקסימה קפסולות כביסה בניחוח בריזה מרעננת 40 יח',טרופיקל דגיל תעשיות,IL,סנו מקסימה 40 קפסולו,,40.00,,false,,34.90,0.8725,true,1,231588
7290108352252,false,נוזל לניקוי כלים מתאים לניקוי ירקות ופירות סנו ספארק,"סנו מפעלי ברונוס בע""",IL,סנו ספארק לניקוי כלי,,1000.00,,false,,12.90,0.0129,true,1,232045
7290108352276,false,מטליות לחיטוי ולניקוי רצפות 70*40 + פתח למגב,"סנו מפעלי ברונס בע""מ",IL,מטליות לחיטוי וניקוי,יחידה,0.00,יחידה,false,,15.90,0.0000,true,1,231104
7290108352337,false,"סנו - פרש מילוי למטהר אוויר מלון מפנק 250 מ""ל",מיוצר עי קונדיטוריית,IL,סנו פרש הום אוטומטיק,,250.00,,false,,15.90,0.0636,true,1,231253
7290108352344,false,"סנו - פרש מילוי למטהר אוויר מלון בוטיק 250 מ""ל",מיוצר עי קונדיטוריית,IL,סנו פרש הום אוטומטיק,,250.00,,false,,15.90,0.0636,true,1,231254
7290108352450,false,ריצפז פרש הום בניחוח מרכך כביסה בלו בלוסום,סנו מפעלי ברונוס בעמ,IL,ריצפז פרש הום בלוסום,ליטרים,2.00,ליטר,false,,23.90,11.9500,true,1,233233
7290108352498,false,מכשיר אוטומטי מעוצב ואלגנטי עם מילוי מלון בוטיק סנו פרש,"יצרן מכשיר: זובלה,",IL,סנו פרש מכשיר אוטומט,יחידה,0.00,יחידה,false,,44.90,0.0000,true,1,235289
7290108352672,false,מטלית הפלא לריצפה זוג סנו סושי,סנו מפעלי ברונוס.,CN,מטלית הפלא לריצפה סנ,יחידה,0.00,יחידה,false,,21.90,0.0000,true,1,230280
7290108352825,false,ספוג הפלא נירוסטה סנו סושי 3יח',s.k.a.t ltdסנו מפעלי,CN,ספוג הפלא נירוסטה סנ,יחידה,0.00,יחידה,false,,10.90,0.0000,true,1,230282
7290108352849,false,שלישיית מטליות הפלא לניקוי כללי דקור סנו סושי,טרופיקל דגיל תעשיות,CN,סנו סושי מטלית הפלא,,3.00,,false,,15.90,5.3000,true,1,234071
7290108353686,false,מטלית חלומית לריצפה מיקרופייבר,נינגבו סנבנג,CN,מטלית חלומית לרצפה ס,יחידה,0.00,יחידה,false,,10.90,0.0000,true,1,233546
7290108353969,false,"קרמה - דאודורנט ספריי לאישה קרמה מאסק 150 מ""ל",קרמה Crema,IL,קרמה דאודורנט ספריי,,150.00,,false,,15.90,0.1060,true,1,236035
7290108354164,false,אל סבון כיף מועשר בשמנים מארז שלישייה,טרופיקל דגיל תעשיות,IL,כיף אל סבון שלישיה ק,,1500.00,,false,,21.90,0.0146,true,1,233518
7290108354447,false,"מרכך כיף לשיקום והזנה שמן קוקוס וקרטין 700 מ""ל",גוד פוד פרודקטס S.p,IL,כיף מרכך לשיער שמן ק,,700.00,,false,,12.90,0.0184,true,1,233548
7290108354607,false,"שמפו בניחוח מי קקטוס ושמן באבאסו 750 מ""ל נקה 7",אמיליה קוסמטיקס,IL,נקה 7 שמפו ביו 750מל,,750.00,,false,,12.90,0.0172,true,1,238647
7290108354614,false,"מרכך בניחוח מי קקטוס ושמן באבאסו 750 מ""ל נקה 7",אמיליה קוסמטיקס,IL,נקה 7 מרכך ביו 750מל,,750.00,,false,,12.90,0.0172,true,1,238648
7290108354751,false,"סנו - ג'ט מרסס לניקוי כללי בתוספת אבקת סודה 750 מ""ל","סנו מפעלי ברונוס בע""",IL,סנו ג'ט פלוס עם חומץ,,750.00,,false,,12.90,0.0172,true,1,212710
7290108354768,false,קרמה קרם גוף דבש 500,מיוצר בסין.יבוא ושיו,IL,קרמה קרם גוף דבש 500,,500.00,100 גרם,false,,25.90,0.0518,true,1,236032
7290108354911,false,"שמפו, ג'ל רחצה וגילוח מועשר בתמצית אלוורה",טרופיקל דגיל תעשיות,IL,קרמה מן 3 ב-1 -שמפו,,700.00,,false,,17.90,0.0256,true,1,230878
7290108355031,false,"נקה 7 אלסבון קידס מיניונים 750 מ""ל",נקה 7,,נקה 7 אל סבון קידס מ,,750.00,100 גרם,false,,11.90,0.0159,true,1,139264
7290108355062,false,"קרם לחות מקצועית עם קרטין נטורל 400 מ""ל",,,נטורל פורמולה קרם לח,,400.00,,false,,29.90,0.0747,true,1,208140
7290108355079,false,"נטורל - לחות לשיער עם שמן קוקוס 400 מ""ל",,,נטורל פורמולה קרם לח,,400.00,100 גרם,false,,29.90,0.0747,true,1,208142
7290108355147,false,"תחליב רחצה נקה 7שמני רחצה 750 מ""ל",נקה 7,,נקה 7 תחליב רחצה שמנ,,750.00,,false,,12.90,0.0172,true,1,211254
7290108355178,false,"קרמה - קרם ידיים חמאת שיאה וקוקוי 100 מ""ל",קוסמופארם,IL,קרמה קרם ידיים חמאת,,100.00,,false,,10.00,0.1000,true,1,233520
7290108356021,false,"כיף תחליב רחצה בניחות קרם עוגיות 700 מ""ל",גוד פוד פרודקטס S.p,IL,כיף תחליב רחצה בניחו,,700.00,,false,,12.90,0.0184,true,1,213155
7290108356106,false,"תחליב רחצה כיף שקדים 700 מ""ל",קריות זול,IL,כיף תחליב רחצה שקד 7,,700.00,,false,,12.90,0.0184,true,1,212762
7290108356113,false,"כיף תחליב רחצה דבש 700 מ""ל-מרכז",קוסמופארם בעמ,IL,כיף תחליב רחצה דבש 7,,700.00,,false,,12.90,0.0184,true,1,212763
7290108356120,false,"כיף תחליב רחצה קוקוס וניל 700 מ""ל",קריות זול,IL,כיף תחליב רחצה קוקוס,,700.00,100 גרם,false,,12.90,0.0184,true,1,212764
7290108356137,false,"כיף - תחליב רחצה לבנדר 700 מ""ל",קריות זול,IL,כיף תחליב רחצה לבנדר,,700.00,100 גרם,false,,12.90,0.0184,true,1,212765
7290108356151,false,"תחליב רחצה כיף מאסק יסמין 700 מ""ל",גוד פוד פרודקטס S.p,IL,כיף תחליב רחצה מאסק,,700.00,100 גרם,false,,12.90,0.0184,true,1,212766
7290108356229,false,ג'ל גילוח לכל סוגי העור מועשר בפחם פעיל,טרופיקל דגיל תעשיות,TR,קרמה גל גילוח קרבון,,200.00,100 גרם,false,,12.90,0.0645,true,1,232055
7290108356489,false,"כיף - תחליב רחצה אפרסק וחמאת מורומורו 700 מ""ל",קוסמופארם,IL,כיף תחליב רחצה אפרסק,,700.00,,false,,12.90,0.0184,true,1,237676
7290108356526,false,"קרליין - שמפו 10 לשיער יבש 700 מ""ל",קרליין Careline,IL,קרליין שמפו 10 לשיער,,700.00,,false,,13.90,0.0199,true,1,237461
7290108356540,false,"שמפו 10 לשיער צבוע 700 מ""ל קרליין",סנו,IL,קרליין שמפו 10 לשיער,,700.00,,false,,13.90,0.0199,true,1,237463
7290108356557,false,"שמפו 10 לשיער למניעת קשקשים 700 מ""ל קרליין",קרליין Careline,IL,קרליין שמפו 10 למניע,,700.00,,false,,13.90,0.0199,true,1,237464
7290108357028,false,"כיף תחליב רחצה ורד ושמן קוקוי 700 מ""ל",קוסמופארם בעמ,IL,כיף תחליב רחצה ורד ו,,700.00,,false,,12.90,0.0184,true,1,229887
7290108357042,false,"קרליין - נושם ביו דאודורנט רול און 75 מ""ל Citrus Blossoms לאישה",קרליין Careline,IL,קרליין רולאון נושם ב,,75.00,100 גרם,false,,13.90,0.1853,true,1,237681
7290108357073,false,"קרליין - נושם ביו דאודורנט ספריי 150 מ""ל Blossoms Citrus לאישה",קרליין Careline,IL,קרליין ספריי נושם בי,,150.00,,false,,13.90,0.0927,true,1,237685
7290108357189,false,"מבשם ומרכך למייבש הכביסה מקסימה פלורל 750 מ""ל סנו","איי, בי, אינבוו",IL,סנו מקסימה למייבש פל,,750.00,,false,,19.90,0.0265,true,1,229888
7290108357240,false,"אוקסיג'ן פאוור תוסף להסרת כתמים קשים 1.4 ק""ג",סנו,IL,סנו אוקסיג'ן פאוור א,,1400.00,,false,,29.90,0.0214,true,1,237471
7290108357264,false,"פרש אוטומטי מילוי בניחוח מרכך הכביסה אולטרה 375 מ""ל סנו",סנו,IL,פרש אוטומטי מילוי או,,250.00,,false,,15.90,0.0636,true,1,238651
7290108357301,false,"סנו - K300 קוטל חרקים תיקנים ונמלים 300 מ""ל","סנו מפעלי ברונוס בע""",IL,סנו 300-K קוטל נמלים,,300.00,,false,,14.90,0.0497,true,1,237748
7290108357653,false,סבון ג'ל לאסלה בניחוח אוקיינוס 3 יח' סנו,קריות זול,,סנובון באבלס בניחוח,,0.00,,false,,16.90,0.0000,true,1,239751
7290108357660,false,סבון ג'ל לאסלה בניחוח לבנדר 3 יח' סנו,קריות זול,,סנובון באבלס בניחוח,,0.00,,false,,16.90,0.0000,true,1,239752
7290108357707,false,"כיף שמפו לשיער רגיל-תפוח זרעי צ'יה 700 מ""ל",גוד פוד פרודקטס S.p,IL,כיף שמפו לשיער רגיל,,700.00,,false,,12.90,0.0184,true,1,213426
7290108357714,false,"כיף שמפו לשיער יבש -רימונים ושמן ארגן 700 מ""ל",גוד פוד פרודקטס S.p,IL,כיף שמפו לשיער יבש ר,,700.00,,false,,12.90,0.0184,true,1,213427
7290108357745,false,שמפו ומרכך 2 ב-1 תאנה ומנטה לכל סוגי השיער,גוד פוד פרודקטס S.p,IL,כיף שמפו ומרכך 2+1 ת,,700.00,100 גרם,false,,12.90,0.0184,true,1,213430
7290108357776,false,"כיף מרכך לשיער יבש -רימונים ושמן ארגן 700 מ""ל",גוד פוד פרודקטס S.p,IL,כיף מרכך לשיער יבש ר,,700.00,,false,,12.90,0.0184,true,1,213432
7290108357875,false,"כיף - שמפו לחות מוגברת עם אפרסק וחמאת מורומורו 700 מ""ל",קוסמופארם,IL,כיף שמפו לחות מוגברת,,700.00,,false,,12.90,0.0184,true,1,237674
7290108357882,false,"כיף - מרכך לחות מוגברת עם אפרסק וחמאת מורומורו 700 מ""ל",קוסמופארם,IL,כיף מרכך לחות מוגברת,,700.00,,false,,12.90,0.0184,true,1,237675
7290108358070,false,"תחליב רחצה קרמה קלאסי 700 מ""ל",גוד פוד פרודקטס S.p,IL,קרמה תחליב רחצה קלאס,,700.00,,false,,18.90,0.0270,true,1,232832
7290108358124,false,דפי בישום לחים למייבש הכביסה בניחוח מרכך כביסה 20 יח' מקסימה,,IL,מקסימה דפי בישום לחי,,20.00,,false,,12.90,0.6450,true,1,239748
7290108359145,false,סושי דפי ספוג הפלא 12יח',קריות זול,IL,סושי דפי ספוג הפלא 1,יחידה,0.00,יחידה,false,,11.90,0.0000,true,1,239750
7290108359183,false,שקית אשפה חזקות 70*50 60 יח' סנו סושי,,,שקיות אשפה עם ידית 6,יחידה,0.00,יחידה,false,,24.90,0.0000,true,1,239038
7290108359831,false,"כיף - בייבי כיף שמן 500 מ""ל","מיוצר ומשווק ע""י קוס",IL,בייבי כיף שמן גוף 5,,500.00,,false,,23.90,0.0478,true,1,212486
7290108359985,false,סנו - ז'אוול מרסס קצף לניקוי וחינו בניחוח פריחה לבנה 1 ליטר,סנו ז'אוול Javel,IL,סנו ז'אוול קצף ניקוי,,1000.00,100 גרם,false,,19.90,0.0199,true,1,237680
7290108502862,false,מלפפונים כבושים במלח 18-25קטנים מאוד 600ג',וילי פוד,TR,מלפפון כבוש במלח 600,,600.00,100 גרם,false,,9.90,0.0165,true,1,223803
7290108503043,false,תפוחונים חטיף פלחים מיובשים מארז 22X4ג',ינטאי זונגקאן פוד קו,CN,מארז תפוחונים 4*22 ג,,88.00,,false,,14.90,0.1693,true,1,212506
7290108505733,false,צמות - גבינה חצי קשה 25% שומן 200 ג',אונטד גידה,TR,צמות גבינה חצי קשה 2,,200.00,,false,,14.90,0.0745,true,1,231486
7290108506495,false,"כנאפה מאפה בצק ""שערות"" קדאיף וגבינה",ארמה גרופ,TR,פינוקים כנאפה קפוא 1,,192.50,100 גרם,false,,12.90,0.0670,true,1,231203
7290108506969,false,מאפה בורקס מים תורכי - גבינה 300 ג',וילי פוד,TR,מאפה בורקס מים תורכי,,300.00,,false,,9.90,0.0330,true,1,233053
7290109351025,false,מלך החומוס חומוסטחינה 40% טחינה גולמית,סלטי צבר,IL,חומוסטחינה צבר 400גר,,400.00,,false,,14.50,0.0363,true,1,136821
7290109351971,false,פריכיות דגנים פיטנס מצופות שוקולד חלב,נסטלה Nestle,IL,פריכיות שוקולד חלב פ,,84.00,,false,,14.90,0.1774,true,1,203208
7290109352916,false,פריכיות דגנים פיטנס מצופות שוקולד לבן,נסטלה Nestle,IL,פריכיות שוקולד לבן פ,,84.00,100 גרם,false,,14.90,0.1774,true,1,203209
7290109354101,false,לחמית ללא גלוטן 200 ג' אסם,אסם,IL,לחמית ללא גלוטן אסם,,200.00,,false,,11.50,0.0575,true,1,207853
7290109358482,false,עוגיות קרמוגית במילוי קרם בטעם חלבה,היינץ צפון אמריקה מק,IL,קרמוגית במילוי חלווה,,200.00,100 גרם,false,,12.70,0.0635,true,1,212880
7290109358765,false,דגני בוקר רולס 450 ג' קראנץ',"אסם השקעות בע""מ",IL,"דגני קראנץ רולס בד""ץ",,450.00,,false,,26.90,0.0598,true,1,207166
7290109580043,false,"שניצל תירס קלאסי זוגלובק 1.75 ק""ג",זוגלובק,IL,"שניצל תירס 1.75ק""ג ז",,1750.00,,false,,49.90,0.0285,true,1,233178
7290109580104,false,פסטרמה פרימיום רוסטביף 150 גר',זוגלובק,IL,רוסטביף 150 גרם פרימ,,150.00,100 גרם,false,,24.90,0.1660,true,1,234225
7290109580111,false,"צלעות אסאדו מעושנות פרימיום, 120 גרם",זוגלובק,IL,צלעות אסאדו מעושנות,,120.00,100 גרם,false,,24.90,0.2075,true,1,237372
7290109580135,false,פרימיום קורנדביף זוגלובק 180 ג',זוגלובק,IL,קורנדביף 180 גרם פרי,,180.00,100 גרם,false,,24.90,0.1383,true,1,234227
7290109580166,false,פרימיום סרוולד קלאסי זוגלובק 150 ג',זוגלובק,IL,סרוולדקלאסי 150ג פרי,,150.00,100 גרם,false,,24.90,0.1660,true,1,234224
7290109580210,false,נקנקיות ריינהולד'ס הצרפתיה זוגלובק 300 ג',זוגלובק,IL,נקניקיות הצרפתיה ריי,,300.00,100 גרם,false,,19.90,0.0663,true,1,237118
7290109580227,false,נקניקיות עוף ובקר בסגנון ברלינאי קאריוורסט,זוגלובק,IL,נקניקיות קאריוורסט ר,,300.00,100 גרם,false,,19.90,0.0663,true,1,237119
7290109580432,false,פסטרמה חזה הודו מעושן 120 גר' זוגלובק,זוגלובק,IL,פסטרמה בדחזה הודו מע,,120.00,,false,,14.90,0.1242,true,1,238602
7290109920313,false,"אסטוניש מרסס לניקוי חלונות 750 מ""ל",יעקבי- אסטוניש Astonish,,אסטוניש מרסס מבריק ש,,750.00,100 גרם,false,,15.90,0.0212,true,1,208888
7290109920597,false,"אסטוניש - מרסס לניקוי המקלחון 750 מ""ל",יעקבי- אסטוניש Astonish,,אסטוניש מרסס למקלחון,,750.00,100 גרם,false,,15.90,0.0212,true,1,208890
7290109920665,false,"אסטוניש - מרסס מסיר אוכל שרוף במטבח 750 מ""ל",יעקבי- אסטוניש Astonish,,אסטוניש מסיר אוכל שר,,750.00,,false,,15.90,0.0212,true,1,208892
7290109921129,false,מרכך כביסה סופר מרוכז בניחות סיגליות 1 ל' יעקבי,מיפא,,הפי מרכך כביסה סופר,,1000.00,,false,,10.90,0.0109,true,1,211510
7290109923109,false,סבון אסלה 5 צדפות+אק,,,הפי סבון אסלה 5 צדפו,יחידה,0.00,יחידה,false,,12.90,0.0000,true,1,238365
7290109923147,false,"פלא של אקונומיקה 750 מ""ל אסטוניש",יעקבי- אסטוניש Astonish,,אסטוניש מרסס פלא של,,750.00,,false,,15.90,0.0212,true,1,238364
7290110110024,false,"פאנטה תות פחית סליק 330מ""ל",,,פאנטה תות סליק 330מל,,330.00,,false,,6.50,0.0197,true,1,208777
7290110110369,false,בירה קרלסברג לומה LUMA שישייה,מבשלות בירה בינלאומי,IL,בירה קרלסברג לומה בק,,1980.00,,false,,37.90,0.0191,true,1,232041
7290110110659,false,"ספרייט לימון ליים פחית 330מ""ל",החברה המרכזית לייצור,IL,"ספרייט סליק 330 מ""ל",,330.00,,false,,6.50,0.0197,true,1,210444
7290110114787,false,נביעות + תפוח 1.5 ליטר פיקדון,נביעות טבע הגליל בעמ,IL,נביעות+ תפוח 1.5ליטר,,1500.00,,false,,9.90,0.0066,true,1,236969
7290110114794,false,נביעות + אפרסק 1.5 ליטר פיקדון,"נביעות טבע הגליל בע""",IL,נביעות+ אפרסק 1.5ליט,,1500.00,100 גרם,false,,9.90,0.0066,true,1,236970
7290110114800,false,נביעות + ענבים 1.5 ליטר פיקדון,"נביעות טבע הגליל בע""",IL,נביעות+ ענבים 1.5ליט,,1500.00,,false,,9.90,0.0066,true,1,236971
7290110114855,false,"נביעות מים מינרליים, שישיה 6 * 1.5 ליטר פקדון",נביעות טבע הגליל בעמ,IL,נביעות שישייה 6*1.5ל,,9000.00,100 גרם,false,,13.70,0.0015,true,1,236840
7290110114893,false,מיץ סחוט תפוז 2 ל' פריגת,פריגת,IL,סחוט תפוז 2ליטר,,2000.00,100 גרם,false,,29.90,0.0150,true,1,236834
7290110114954,false,מיץ תפוזים מתקתקים 100% 2 ל' פריגת,פריגת,IL,סחוט 2ליטר מתקתק 100,,2000.00,100 גרם,false,,24.90,0.0125,true,1,236837
7290110114961,false,מיץ בטעם תפוזים 1.5ל' פריגת,מבשלות בירה בינלאומי,IL,משקה קל בטעם תפוזים,,1500.00,100 גרם,false,,9.90,0.0066,true,1,236976
7290110114985,false,פריגת אשכולית 1.5 ליטר פיקדון,מבשלות בירה בינלאומי,IL,משקה קל בטעם אשכוליו,,1500.00,,false,,9.90,0.0066,true,1,236978
7290110114992,false,פריגת light אשכולית 1.5 ליטר פיקדון,מבשלות בירה בינלאומי,IL,פריגת אשכולית לייט 1,,1500.00,,false,,9.90,0.0066,true,1,236979
7290110115005,false,פריגת ענבים 1.5 ליטר פיקדון,מבשלות בירה בינלאומי,IL,משקה קל בטעם ענבים פ,,1500.00,100 גרם,false,,9.90,0.0066,true,1,236980
7290110115012,false,מיץ ענבים בניחוח מרלו 1.5 ל' פריגת,פריגת,IL,משקה קל בטעם מרלו ענ,,1500.00,100 גרם,false,,9.90,0.0066,true,1,236981
7290110115036,false,פריגת מנגו 1.5 ליטר פיקדון,מבשלות בירה בינלאומי,IL,פריגת משקה קל מנגו,,1500.00,100 גרם,false,,9.90,0.0066,true,1,236983
7290110115043,false,פריגת לימונענע 1.5 ליטר פיקדון,מבשלות בירה בינלאומי,IL,משקה קל בטעם לימונענ,,1500.00,100 גרם,false,,9.90,0.0066,true,1,236984
7290110115050,false,פריגת מיקס תות בננה 1.5 ליטר פיקדון,מבשלות בירה בינלאומי,IL,פריגת משקה קל תות-בנ,,1500.00,100 גרם,false,,9.90,0.0066,true,1,236985
7290110115074,false,פריגת תפוח דובדבן 1.5 ליטר פיקדון,מבשלות בירה בינלאומי,IL,פריגת תפוח דובדבן 1.,,1500.00,,false,,9.90,0.0066,true,1,236987
7290110115180,false,מים מינרליים נביעות,"נביעות טבע הגליל בע""",IL,נביעות 1.5 ליטר,,1500.00,,false,,2.90,0.0019,true,1,237073
7290110115203,false,קוקה קולה 1.5 ליטר פיקדון,קוקה קולה Coca Cola,IL,קוקה קולה 1.5 ליטר,,1500.00,100 גרם,false,,8.90,0.0059,true,1,236846
7290110115210,false,דיאט קוקה קולה 1.5 ליטר פיקדון,קוקה קולה Coca Cola,IL,קוקה קולה דיאט 1.5ל,,1500.00,100 גרם,false,,8.90,0.0059,true,1,236847
7290110115227,false,קולה ZERO 1.5 ליטר פיקדון,קוקה קולה Coca Cola,IL,קוקה קולה זירו בקבוק,,1500.00,100 גרם,false,,8.90,0.0059,true,1,236848
7290110115234,false,קולה ZERO נטול 1.5 ליטר פיקדון,החברה המרכזית לייצור,IL,קוקה קולה זירו נטול,,1500.00,100 גרם,false,,8.90,0.0059,true,1,236849
7290110115241,false,קוקה קולה זירו לימון 1.5 ליטר,החברה המרכזית לייצור,IL,קוקה קולה זירו לימון,,1500.00,100 גרם,false,,8.90,0.0059,true,1,236850
7290110115265,false,ספרייט 1.5 ליטר LIME פיקדון,החברה המרכזית לייצור,IL,ספרייט ליים 1.5ליטר,,1500.00,100 גרם,false,,8.90,0.0059,true,1,236944
7290110115272,false,ZERO ספרייט זירו 1.5 ליטר פיקדון,החברה המרכזית לייצור,IL,ספרייט זירו 1.5 ליטר,,1500.00,100 גרם,false,,8.90,0.0059,true,1,236945
7290110115289,false,ספרייט 19 קל' לימון-נענע 1.5 ליטר פיקדון,החברה המרכזית לייצור,IL,ספרייט 19 קלוריות לי,,1500.00,100 גרם,false,,8.90,0.0059,true,1,236946
7290110115296,false,פאנטה אורנג' 1.5 ליטר פיקדון,החברה המרכזית לייצור,IL,פאנטה אורנג׳ 1.5 ליט,,1500.00,,false,,8.90,0.0059,true,1,236997
7290110115302,false,פאנטה ZERO אורנג' 1.5 ליטר פיקדון,החברה המרכזית לייצור,IL,פאנטה אורנג׳ זירו 1.,,1500.00,100 גרם,false,,8.90,0.0059,true,1,236998
7290110115319,false,פאנטה אקזוטיק 1.5 ליטר פיקדון,החברה המרכזית לייצור,IL,פאנטה אקזוטי 1.5 ליט,,1500.00,,false,,8.90,0.0059,true,1,236999
7290110115333,false,פאנטה תות 1.5 ליטר פיקדון,החברה המרכזית לייצור,IL,פאנטה תות 1.5 ליטר,,1500.00,100 גרם,false,,8.90,0.0059,true,1,237001
7290110115340,false,פאנטה ענבים 1.5 ליטר פיקדון,קוקה קולה,IL,פאנטה ענבים 1.5ליטר,,1500.00,,false,,8.90,0.0059,true,1,237002
7290110115364,false,קוקה קולה שישיות 1.5 ליטר פיקדון,החברה המרכזית לייצור,IL,קוקה קולה שישייה 6*1,,9000.00,100 גרם,false,,49.90,0.0055,true,1,236852
7290110115388,false,ספרייט ליים שישיות 1.5 ליטר פיקדון,החברה המרכזית לייצור,IL,ספרייט ליים שישייה 6,,9000.00,,false,,49.90,0.0055,true,1,236995
7290110115395,false,ZERO ספרייט שישיות 1.5 ליטר פיקדון,החברה המרכזית לייצור,IL,ספרייט זירו שישייה 6,,9000.00,,false,,49.90,0.0055,true,1,236996
7290110115401,false,קינלי סודה שישייה 1.5 ליטר פיקדון,החברה המרכזית לייצור,IL,קינלי סודה מארז שישי,,9000.00,,false,,21.70,0.0024,true,1,237004
7290110115418,false,מארז שישייה קוקה קולה זירו 1.5 ל',החברה המרכזית לייצור,IL,קוקה קולה זירו שישיי,,9000.00,100 גרם,false,,49.90,0.0055,true,1,236943
7290110115425,false,FUZE TEA גרין לימונענע -נענע 1.5 ליטר פיקדון,מבשלות בירה בינלאומי,IL,פיוז טי גרין לימון נ,,1500.00,,false,,10.90,0.0073,true,1,236951
7290110115449,false,אייס תה בטעם מנגו אננס 1.5ל' FUZE TEA,מבשלות בירה בינלאומי,IL,פיוז טי תה קר בטעם מ,,1500.00,100 גרם,false,,10.90,0.0073,true,1,236953
7290110115456,false,"תה קר בטעם אפרסק 19 קלוריות ב- 100 מ""ל",מבשלות בירה בינלאומי,IL,פיוז טי אפרסק 19קלור,,1500.00,100 גרם,false,,10.90,0.0073,true,1,236954
7290110115463,false,אייס תה בטעם אפרסק 1.5ל' FUZE TEA,מבשלות בירה בינלאומי,IL,פיוז תה 1.5 ליטר בטע,,1500.00,100 גרם,false,,10.90,0.0073,true,1,236955
7290110115494,false,אייס תה בטעם ענבים 1.5ל' FUZE TEA,מבשלות בירה בינלאומי,IL,פיוז טי תה קר בטעם ע,,1500.00,100 גרם,false,,10.90,0.0073,true,1,236957
7290110115593,false,פריגת אשכוליות 40% פחות סוכר 1.5 ליטר פיקדון,מבשלות בירה בינלאומי,IL,פריגת אשכולית 40% פח,,1500.00,100 גרם,false,,9.90,0.0066,true,1,236988
7290110115616,false,FUZE tea zero גרין אננס 1.5 ליטר פיקדון,מבשלות בירה בינלאומי,IL,פיוז טי זירו גרין אנ,,1500.00,,false,,10.90,0.0073,true,1,236960
7290110115623,false,משקה פיוז טי זירו ZERO בטעם אפרסק,מבשלות בירה בינלאומי,IL,פיוז טי זירו אפרסק 1,,1500.00,,false,,10.90,0.0073,true,1,236961
7290110115777,false,מים מינרלים נביעות 1.5 ל,נביעות,,נביעות 1.5 ליטר,,1500.00,,false,,2.90,0.0019,true,1,237074
7290110115821,false,"ספרייט לימון, 1.5 ליטר פקדון",כלורוקס אוקלנד,IL,ספרייט ליים 1.5ליטר,,1500.00,,false,,8.90,0.0059,true,1,237091
7290110115838,false,"ספרייט זירו, 1.5 ליטר פקדון","אינסטנטה בע""מ",IL,ספרייט זירו 1.5 ליטר,,1500.00,100 גרם,false,,8.90,0.0059,true,1,237092
7290110115845,false,קוקה קולה 1.5 ליטר פיקדון,"אינסטנטה בע""מ",IL,קוקה קולה 1.5 ליטר,,1500.00,100 גרם,false,,8.90,0.0059,true,1,237069
7290110115852,false,קוקה קולה דיאט בקבוק,תות תעשיות מזון (201,IL,קוקה קולה דיאט 1.5ל,,1500.00,100 גרם,false,,8.90,0.0059,true,1,237093
7290110115869,false,קוקה קולה זירו 1.5 ליטר פיקדון,תות תעשיות מזון (201,IL,קוקה קולה זירו בקבוק,,1500.00,100 גרם,false,,8.90,0.0059,true,1,237070
7290110115968,false,קוקה קולה 1ליטר,קוקה קולה,,קוקה קולה 1ליטר,,1000.00,100 גרם,false,,7.50,0.0075,true,1,237679
7290110115975,false,קוקה קולה זירו בקבוק,החברה המרכזית לייצור,IL,קוקה קולה זירו 1ליטר,,1000.00,100 גרם,false,,7.50,0.0075,true,1,237684
7290110116156,false,נביעות+ רכיבי פרי מנגו פסיפלורה 1.5 ליטר,נביעות,IL,נביעות+רכיבי פרי מנג,,1500.00,,false,,10.90,0.0073,true,1,239256
7290110116217,false,נביעות+ אשכוליות 0קלוריות 1.5 ליטר,"נביעות טבע הגליל בע""",IL,נביעות+אשכולית 0 קלו,,1500.00,100 גרם,false,,10.90,0.0073,true,1,239255
7290110116552,false,ספרייט לימון היט 1.5 ליטר LIME פיקדון,החברה המרכזית לייצור,IL,ספרייט למון היט 1.5ל,,1500.00,,false,,8.90,0.0059,true,1,239968
7290110116569,false,"ספרייט זירו ZERO בק LEMON HIT, 1.5 ליטר",החברה המרכזית לייצור,IL,ספרייט למון היט זירו,,1500.00,,false,,8.90,0.0059,true,1,239969
7290110320591,false,גבינה בולגרית מעודנת 16%,פיראוס,IL,בולגרית 16% במרקם מע,,250.00,100 גרם,false,,24.90,0.0996,true,1,207089
7290110320850,false,פתיתים גבינה חצי קשה מגורדת 28% שומן,תנובה מרכז שיתופי לש,IL,פתיתי עמק 28% שומן 2,,200.00,,false,,16.50,0.0825,true,1,208754
7290110320867,false,פתיתים גבינה חצי קשה מגורדת 28% שומן,תנובה מרכז שיתופי לש,IL,פתיתי עמק 28% שומן 5,,500.00,,false,,37.90,0.0758,true,1,213918
7290110320935,false,גבינת מוצרלה תנובה 150ג' פרוסות,תנובה מרכז שיתופי לש,IL,פרוסות מוצרלה 150גר,,200.00,,false,,16.90,0.0845,true,1,208474
7290110321031,false,מעדן חלב GO יוגורט מועשר בחלבון טבעי 200 ג' יופלה,"תנובה, מחלבת אלון תב",IL,יוגורט גו טבעי 200 מ,,200.00,100 גרם,false,,5.90,0.0295,true,1,208471
7290110321277,false,קוטג' בקטנה % 5 100 ג' תנובה,פארייפאבה אגרואינדוס,IL,קוטג בקטנה 5% מהדרין,,100.00,100 גרם,false,,2.90,0.0290,true,1,209678
7290110321284,false,קוטג' בקטנה 9% 100 ג' תנובה,פארייפאבה אגרואינדוס,IL,קוטג בקטנה 9% מהדרין,,100.00,100 גרם,false,,2.90,0.0290,true,1,209679
7290110321680,false,יוגורט GO בטעם תות 20 גרם חלבון בגביע,מיוצר עי קונדיטוריית,IL,יוגורט גו תות 200 מל,,200.00,,false,,6.20,0.0310,true,1,209877
7290110321703,false,יוגורט GO בטעם פירות יער 20 גרם חלבון בגביע,מיוצר עי קונדיטוריית,IL,יוגורט גו פירות יער,,200.00,,false,,6.20,0.0310,true,1,211438
7290110322014,false,טופו בטעם טבעי תנובה ALTERNATIVE,שוורצקוף& הנקל דיסלד,IL,טופו טבעי 300 גרם,,300.00,100 גרם,false,,13.40,0.0447,true,1,211439
7290110322038,false,טופו פיקנטי תנובה ALTERNATIVE,תנובה Alternative,IL,טופו פיקנטי 300 גרם,,300.00,,false,,13.40,0.0447,true,1,211441
7290110323301,false,טל העמק בסגנון אמנטל 32% שומן 200 גרם,עמק - תנובה,IL,גבינת טל עמק 32% שומ,,200.00,100 גרם,false,,19.50,0.0975,true,1,213170
7290110323585,false,יופלה יוגורט עם דובדבן מופחת קלוריות 200 ג' GO,יופלה Yoplait,,יוגורט גו לייט דובדב,,200.00,100 גרם,false,,6.20,0.0310,true,1,212654
7290110323592,false,יופלה יוגורט עם אפרסק מופחת קלוריות 200 ג' GO,יופלה Yoplait,,יוגורט גו לייט אפרסק,,200.00,100 גרם,false,,6.20,0.0310,true,1,212655
7290110323714,false,משקה קוקוס שקדים תנובה E אלטרנטיב,מיוצר עי קונדיטוריית,IL,משקה קוקוס שקדים 1 ל,,1000.00,,false,,13.00,0.0130,true,1,213164
7290110324353,false,יוגורט GO לייט בטעם אננס 20 גרם חלבון בגביע,"תנובה בע""מ",IL,יוגורט גו לייט אננס,,200.00,100 גרם,false,,6.20,0.0310,true,1,213836
7290110324711,false,ממרח סויה בטעם טבעי 9% שומן אלטרנטיב,מיוצר עי קונדיטוריית,IL,ממרח סויה 9% בטעם טב,,250.00,,false,,9.40,0.0376,true,1,214510
7290110324728,false,ממרח סויה עם שום שמיר 9% שומן אלטרנטיב,מיוצר עי קונדיטוריית,IL,ממרח סויה 9% עם שום,,250.00,,false,,9.40,0.0376,true,1,214511
7290110324841,false,מעדן שקדים עם שוקולד מריר אלטרנטיב,מיוצר עי קונדיטוריית,IL,מעדן שקדים עם שוקולד,,125.00,100 גרם,false,,4.50,0.0360,true,1,223519
7290110324858,false,מעדן שקדים בטעם אגוזי לוז אלטרנטיב,תנובה Alternative,IL,מעדן שקדים בטעם אגוז,,125.00,100 גרם,false,,4.50,0.0360,true,1,223520
7290110324872,false,גבינה צהובה גלבוע 5% שומן 200 גרם,גלבוע - תנובה,IL,גבינה צהובה גלבוע 5%,,200.00,,false,,19.30,0.0965,true,1,223515
7290110324926,false,משקה סויה ללא תוספת סוכר E אלטרנטיב,תנובה מרכז שיתופי לש,IL,משקה סויה ללא תוספת,,1000.00,,false,,11.90,0.0119,true,1,223274
7290110325114,false,"משקה יוגורט יופלה גו לייט תות בננה 250 מ""ל - רבנות",מיוצר עי קונדיטוריית,IL,משקה גו לייט תות בננ,,250.00,100 גרם,false,,6.80,0.0272,true,1,219069
7290110325169,false,פרוסות גבינת גאודה 30%,תנובה,IL,פרוסות גאודה 170 גרם,,170.00,100 גרם,false,,19.90,0.1171,true,1,231035
7290110325619,false,משקה שיבולת שועל תנובה E אלטרנטיב,מיוצר עי קונדיטוריית,IL,משקה שיבולת שועל 1 ל,,1000.00,,false,,13.00,0.0130,true,1,229795
7290110325893,false,משקה חלב GO מועשר בחלבון בטעם אייס קפה,מיוצר עי קונדיטוריית,IL,משקה חלב גו אייס קפה,,340.00,,false,,8.30,0.0244,true,1,229793
7290110326210,false,יופלה און טופ פצפוצים 157 גרם.,מיוצר עי קונדיטוריית,IL,יוגורט און טופ פצפוצ,,157.00,100 גרם,false,,5.20,0.0331,true,1,231028
7290110326227,false,יוגורט און טופ קורנפלקס 157 ג' יופלה,מיוצר עי קונדיטוריית,IL,יופלה און טופ קורנפל,,157.00,100 גרם,false,,5.20,0.0331,true,1,231034
7290110326241,false,יופלה און טופ גרנולה 157 גרם.,מיוצר עי קונדיטוריית,IL,יופלה און טופ גרנולה,,157.00,,false,,5.20,0.0331,true,1,231031
7290110326333,false,פרוסות גבינה בסגנון סקנדינבי 31%,פ.פ.ח. שאביט,IL,פרוסות גבינה סקנדינב,,170.00,100 גרם,false,,19.90,0.1171,true,1,232991
7290110326906,false,חלב נטול לקטוז 3% 1 ליטר,מיוצר עי קונדיטוריית,IL,חלב נטול לקטוז 3% שו,,1000.00,100 גרם,false,,7.60,0.0076,true,1,233008
7290110327125,false,פטה 21% מחלב צאן במי מלח-200ג',תנובה בעמ,GR,גבינת פטה 21% מחלב צ,,200.00,100 גרם,false,,23.90,0.1195,true,1,233340
7290110327279,false,נפוליאון בסגנון טוסקנה 25% שומן,תנובה מרכז שיתופי לש,IL,גבינת נפוליאון טוסקנ,,225.00,,false,,14.50,0.0644,true,1,232628
7290110327514,false,משקה שיבולת שועל בטעם אגוזי לוז 1 ליטר אלטרנטיב,תנובה מרכז שיתופי לש,IL,משקה שיבולת שועל בטע,,1000.00,,false,,13.00,0.0130,true,1,235577
7290110327545,false,מעדן און טופ תות פצפוצים מצופים שוקולד 157ג' יופלה,מיוצר עי קונדיטוריית,IL,יופלה און טופ בטעם ת,,157.00,100 גרם,false,,4.80,0.0306,true,1,233422
7290110327637,false,יוגורט דיאט יופלה קיווי 0% שומן 150 ג' יופלה,תנובה מרכז שיתופי לש,IL,יופלה דיאט בטעם קיוו,,150.00,100 גרם,false,,4.90,0.0327,true,1,233347
7290110327798,false,חטיף חלבון GO - שוקולד 60 ג' חלב נוכרי - רבנות,"בלמונט קונפקציות בע""",US,חטיף חלבון גו בטעם ש,יחידה,0.00,יחידה,false,,11.90,0.0000,true,1,235276
7290110327804,false,חטיף חלבון GO - עוגיות 60 ג' חלב נוכרי - רבנות,"בלמונט קונפקציות בע""",US,חטיף חלבון גו בטעם ע,יחידה,0.00,יחידה,false,,11.90,0.0000,true,1,235277
7290110327811,false,חטיף חלבון GO בטעם קוקוס 20 גרם חלבון,"בלמונט קונפקציות בע""",US,חטיף חלבון גו בטעם ק,יחידה,0.00,יחידה,false,,11.90,0.0000,true,1,235278
7290110327828,false,חטיף חלבון GO - חמאת בוטנים 60 ג' חלב נוכרי - רבנות,"בלמונט קונפקציות בע""",US,חטיף חלבון גו בטעם ח,יחידה,0.00,יחידה,false,,11.90,0.0000,true,1,235279
7290110328627,false,יוגורט יופלה GO במרקם סמיך בטעם בננה קרמל 0%,מיוצר עי קונדיטוריית,IL,יוגורט גו סמיך בננה,,200.00,,false,,6.20,0.0310,true,1,235194
7290110328764,false,יוגורט יופלה GO במרקם סמיך עם תות 0%,מיוצר עי קונדיטוריית,IL,יוגורט גו סמיך תות 0,,200.00,,false,,6.20,0.0310,true,1,235195
7290110328771,false,יוגורט יופלה GO במרקם סמיך עם פירות יער 0%,מיוצר עי קונדיטוריית,IL,יוגורט גו סמיך פירות,,200.00,,false,,6.20,0.0310,true,1,235196
7290110328788,false,יוגורט יופלה GO במרקם סמיך בטעם אפרסק 0%,תנובה מרכז שיתופי לש,IL,יוגורט גו סמיך אפרסק,,200.00,,false,,6.20,0.0310,true,1,235197
7290110329266,false,יוגורט תנובה מחלב עיזים מלא תנובה 140 ג',קריות זול,IL,יוגורט תנובה מחלב עי,,140.00,100 גרם,false,,6.50,0.0464,true,1,235575
7290110329426,false,טופו טבעי 250 גרם עם קרם קוקוס קארי,תנובה,IL,טופו טבעי עם רוטב קר,,250.00,,false,,13.90,0.0556,true,1,238355
7290110329433,false,טופו טבעי 250 גרם עם רוטב סוצ'אן 60 מל,תנובה,IL,טופו טבעי עם רוטב סצ,,250.00,100 גרם,false,,13.90,0.0556,true,1,238356
7290110329686,false,"משקה חלב בטעם עוגיות 340 מ""ל GO",מיוצר עי קונדיטוריית,IL,משקה חלב גו בטעם עוג,,340.00,,false,,8.30,0.0244,true,1,236618
7290110329792,false,יוגורט סויה BIO Alternative אפרסק 150 ג' תנובה,מיוצר עי קונדיטוריית,IL,סויה ביו אפרסק 150 ג,,150.00,100 גרם,false,,5.00,0.0333,true,1,237146
7290110329808,false,יוגורט סויה BIO Alternative תות 150 ג' תנובה,מיוצר עי קונדיטוריית,IL,סויה ביו תות 150 ג א,,150.00,100 גרם,false,,5.00,0.0333,true,1,237143
7290110329822,false,יוגורט סויה BIO Alternative פירות יער 150 ג' תנובה,מיוצר עי קונדיטוריית,IL,סויה ביו פירות יער ג,,150.00,100 גרם,false,,5.00,0.0333,true,1,237141
7290110329839,false,פרוסות צהובה בטעם זיתים 200 ג' אלטרנטיב אלטרנטיב,מיוצר עי קונדיטוריית,IL,פרוסות צהובה בטעם זי,,200.00,100 גרם,false,,21.90,0.1095,true,1,237136
7290110329846,false,יוגורט סויה BIO Alternative בטעם טבעי 150 ג' תנובה,תנובה Alternative,IL,סויה ביו טבעי 150 גר,,150.00,,false,,5.00,0.0333,true,1,237147
7290110550394,false,שוקולד PERFECT BITE קרם אגוזים ושברי אגוזים 234 ג' עלית,"שטראוס גרופ בע""מ",IL,חטיפי שוקולד פרפקט ב,,234.00,100 גרם,false,,19.90,0.0850,true,1,236358
7290110552220,false,יוגורט PRO בטעם תות 0% סוכר לבן 20 גרם חלבון בגביע,"שטראוס בריאות בע""מ",IL,דנונה פרו 20 גרם חלב,,200.00,100 גרם,false,,6.80,0.0340,true,1,237101
7290110552237,false,יוגורט פרו בטעם אפרסק מנגו ללא סוכר 200 ג' דנונה,"שטראוס בריאות בע""מ",IL,דנונה פרו 20 גרם חלב,,200.00,100 גרם,false,,6.80,0.0340,true,1,237102
7290110553135,false,נסקפה קפוצ'ינו סטיק וניל 130 ג' עלית,,,אבקה להכנת משקה קפוצ,,130.00,,false,,17.90,0.1377,true,1,239611
7290110553623,false,צ'יטוס קראנצ'י בטעם צ'דר חלפיניו - חלבי,"שטראוס פריטו ליי בע""",IL,ציטוס קראנץ צ'דר חלפ,,80.00,100 גרם,false,,4.60,0.0575,true,1,238702
7290110554422,false,רוטב עגבניות ופלפלים לשקשוקה 350 גר' יד מרדכי,אימילאנה,IT,רוטב עגבניות ופלפלים,,350.00,100 גרם,false,,11.90,0.0340,true,1,237313
7290110554583,false,מארז חטיפי צ'יטוס פאפס בטעם גבינה - 10 יחידות,שטראוס,IL,מארז ציטוס PUFFS בטע,,200.00,100 גרם,false,,12.90,0.0645,true,1,237050
7290110554699,false,"קפה עולה קפסולות אספרסו קלייה איטית וכהה מאוד, 10 * 50 ג'",שטראוס קפה בי.וי.,IL,קפסולות נספרסו לקפה,,50.00,100 גרם,false,,21.90,0.4380,true,1,239575
7290110554705,false,"קפסולות קפה יונילקו אספרסו קלוי וטחון, 10 * 50 ג'",שטראוס קפה בי.וי.,IL,קפסולות נספרסו לקפה,,50.00,,false,,21.90,0.4380,true,1,239576
7290110555009,false,מארז זוג רוטב פסאטה 2* 350 ג' יד מרדכי,אימילאנה,IT,פסאטה מחית עגבניות ז,,1400.00,100 גרם,false,,12.90,0.0092,true,1,238099
7290110555078,false,לאבנה עם שמן זית ועשבי תיבול 250 גר',"מחלבות בר בכפר בע""מ",IL,לאבנה עם שמן זית ועש,,250.00,100 גרם,false,,12.90,0.0516,true,1,238374
7290110555788,false,נסקפה קפוצ'ינו פחית וניל 200 ג' עלית,שטראוס,IL,קפוצ'ינו פחית בטעם ו,,200.00,100 גרם,false,,24.90,0.1245,true,1,239612
7290110555795,false,נסקפה קפוצ'ינו פחית קלאסי 200 ג' עלית,שטראוס,IL,קפוצ'ינו פחית קלאסי,,200.00,100 גרם,false,,24.90,0.1245,true,1,239613
7290110556242,false,"שוקולד מריר פרווה 100 גר' בד""ץ תוצרת חוץ","שטראוס גרופ בע""מ.",IL,שוקולד מריר פרווה בד,,100.00,100 גרם,false,,5.90,0.0590,true,1,239295
7290110557102,false,מעדן חלב עם שוקולד מועשר בחלבון 150 ג' שטראוס,מיוצר עי קונדיטוריית,IL,מעדן חלב עם שוקולד 1,,150.00,100 גרם,false,,5.70,0.0380,true,1,236017
7290110557133,false,מעדן הגולן וניל 125 ג' שטראוס,מיוצר עי קונדיטוריית,IL,מעדן הגולן וניל 125,,125.00,100 גרם,false,,3.20,0.0256,true,1,236559
7290110557478,false,חומוס גלילי במרקם מעודן 600 גרם,שטראוס,IL,אחלה חומוס גלילי 600,,600.00,100 גרם,false,,12.90,0.0215,true,1,238125
7290110557645,false,אנרג'י מיקס צימוקים חמוציות וש.לבן 100 גר שטראוס,Unknown,,אנרג'י מיקס צימוקים,,100.00,100 גרם,false,,17.90,0.1790,true,1,238961
7290110558130,false,אקטיביה עם שיבולת שועל ודבש 150 ג' דנונה,"שטראוס בריאות בע""מ",IL,אקטיביה עם שיבולת שו,,150.00,100 גרם,false,,5.10,0.0340,true,1,238609
7290110558154,false,דנונה לייט אנד פרי עוגת תפוחים 150ג דנונה,"שטראוס בריאות בע""מ",IL,דנונה לייט אנד פרי ע,,150.00,100 גרם,false,,4.80,0.0320,true,1,238915
7290110558222,false,"וואו יוגורט עם שכבה בטעם בנופי פאי 5.4%, 150ג דנונה","שטראוס בריאות בע""מ",IL,דנונה WOW בנופי 150,,150.00,100 גרם,false,,5.10,0.0340,true,1,238912
7290110558239,false,"וואו יוגורט עם שכבה בטעם קראק פאי 5.4%, 150 ג דנונה","שטראוס בריאות בע""מ",IL,דנונה WOW קראק פאי 1,,150.00,100 גרם,false,,5.10,0.0340,true,1,238913
7290110558253,false,"דנונה ריפרש בננה אננס וצ`יה, 250 גרם","שטראוס בריאות בע""מ",IL,דנונה ריפרש עם אננס,,250.00,,false,,6.30,0.0252,true,1,238610
7290110558284,false,יוגורט ביו מולטי 200 ג' דנונה,"שטראוס בריאות בע""מ",IL,דנונה ביו מולטי 200,,200.00,,false,,4.70,0.0235,true,1,238831
7290110558307,false,יוגורט דנונה PRO עם שיבולת שועל במתיקות מעודנת,"שטראוס בריאות בע""מ",IL,דנונה פרו שיבולת שוע,,200.00,100 גרם,false,,6.90,0.0345,true,1,238039
7290110558314,false,דנונה פרו 20 ג' חלבון ללא סוכר פיסטוק 200 גרם,"שטראוס בריאות בע""מ",IL,דנונה פרו 20 גרם חלב,,200.00,100 גרם,false,,6.80,0.0340,true,1,238916
7290110558666,false,מעדן גבינה בטעם תפוח 88 ג' דניאלה,"שטראוס בריאות בע""מ",IL,מעדן דניאלה תפוח 150,,150.00,100 גרם,false,,4.10,0.0273,true,1,239760
7290110558741,false,"גמדים פאוץ תפוח בננה, 100 ג' שטראוס","שטראוס בריאות בע""מ",IL,גמדים סקוויז תפוח בנ,יחידה,0.00,יחידה,false,,5.90,0.0000,true,1,240084
7290110559007,false,"שועועית חומה טעם הטבע קופסה, 380 גרם",,,שעועית חומה 380ג טעם,,380.00,100 גרם,false,,6.90,0.0182,true,1,238963
7290110559014,false,שעועית שחורה טעם הטבע 380ג שטראוס,,,שעועית שחורה 380 גרם,,380.00,100 גרם,false,,6.90,0.0182,true,1,238965
7290110560317,false,"הפריכיות הטעימות חומוס, עדשים שחורות, קינואה ומלח ים","פרח תעשיו מזון בע""מ",IL,פריכיות משולשות-מלח,,30.00,100 גרם,false,,5.50,0.1833,true,1,212746
7290110560324,false,"הפריכיות הטעימות תפו""א, אורז, אפונה ומלח ים","פרח תעשיו מזון בע""מ",IL,פריכיות משולשות-אפונ,,30.00,100 גרם,false,,5.50,0.1833,true,1,212747
7290110561352,false,דנונה יוגורט ביו פרוביוטי 3% דל לקטוז 150ג',"שטראוס בריאות בע""מ",IL,דנונה ביו דל לקטוז 2,,200.00,100 גרם,false,,3.90,0.0195,true,1,211363
7290110563431,false,"משקה קפה קר בסגנון קלאסי 230 מ""ל 1.6% יוטבתה",האי נאם סי או אל.טי.,AT,משקה קפה קר בסיגנון,,230.00,100 גרם,false,,8.50,0.0370,true,1,213118
7290110563448,false,"משקה קפה קר בסגנון מעודן 230 מ""ל 1.6% יוטבתה",האי נאם סי או אל.טי.,AT,משקה קפה קר בסיגנון,,230.00,100 גרם,false,,8.50,0.0370,true,1,213119
7290110563462,false,חלב בבקבוק נטול לקטוז 2% יטבתה 1 ל',מחלבת יטבתה,IL,חלב 2% בבקבוק נטול ל,,1000.00,,false,,9.50,0.0095,true,1,213469
7290110564360,false,חומוס אחלה הסידרה המובחר 40% טחינה 400 גר',מיוצר עי קונדיטוריית,IL,חומוס אבי עשיר ב40%,,400.00,100 גרם,false,,13.90,0.0348,true,1,209893
7290110564414,false,חומוס אחלה הסידרה המובחר 30% טחינה 600 גר',מיוצר עי קונדיטוריית,IL,חומוס עשיר ב 30% טחי,,600.00,,false,,15.90,0.0265,true,1,231423
7290110564742,false,"משקה קפה קר בסגנון חזק 230 מ""ל 1.2% יוטבתה",האי נאם סי או אל.טי.,AT,משקה קפה קר בסיגנון,,230.00,100 גרם,false,,8.50,0.0370,true,1,213120
7290110564919,false,"דנונה יוגורט מעודן לל""ס 150 מ""ל",מיוצר עי קונדיטוריית,IL,דנונה מעודנת ללא סוכ,,150.00,,false,,3.90,0.0260,true,1,229831
7290110565435,false,ג'לי לימבו פטל חלבי שטראוס 125ג',STRAUSS-ISRAEL,,לימבו פטל חלבי 125גר,,125.00,100 גרם,false,,2.30,0.0184,true,1,209546
7290110565527,false,יוגורט PRO פרו 1.5% 20 גרם חלבון בגביע,"שטראוס בריאות בע""מ",IL,דנונה פרו 20 גרם חלב,,200.00,100 גרם,false,,6.80,0.0340,true,1,209089
7290110565572,false,מנות אישיות קפה טורקי לדרך עם הל,שטראוס קפה בי.וי,IL,קפה טורקי לדרך עם הל,,168.00,,false,,18.90,0.1125,true,1,223240
7290110566975,false,דנונה פרו יוגורט 0% תות עשיר בחלבון 200ג',"שטראוס בריאות בע""מ",IL,דנונה פרו 20 גרם חלב,,200.00,100 גרם,false,,6.80,0.0340,true,1,210862
7290110568238,false,"קצפת צמחית 21% שומן 250 מ""ל יוטבתה",מחלבת יטבתה,IL,קצפת צמחית 21% שומן,,250.00,,false,,8.90,0.0356,true,1,211576
7290110568276,false,משקה וניל פרו Pro מועשר בחלבון 1.5%,מילקוורק,IL,משקה יוטבתה פרו וניל,,350.00,,false,,7.50,0.0214,true,1,211263
7290110568511,false,קונפיטורה פירות יער במתיקות מעודנת 265 ג' יד מרדכי,קריות זול,FR,קונפיטורת פירות יער,,265.00,100 גרם,false,,13.90,0.0525,true,1,213608
7290110568566,false,דוריטוס גריל עלית מארז 10 יח' *25 ג',שטראוס גרופ,IL,דוריטוס חמוץ חריף מא,,250.00,100 גרם,false,,14.90,0.0596,true,1,211542
7290110568627,false,עלית - פסק זמן רול שוקולד חלב עם קרם אגוזים 26 גרם,STRAUSS-ISRAEL,,פסק זמן רול שוקולד ח,,28.00,100 גרם,false,,4.90,0.1750,true,1,230629
7290110570125,false,"משקה קפה קר בטעם אייריש קרים230 מ""ל יוטבתה",אנסטל מילק kg,AT,משקה קפה קר בטעם איי,,230.00,,false,,8.50,0.0370,true,1,239756
7290110570880,false,פולי אספרסו עשירים וארומטיים עוצמה 14 250 ג' עלית,,,פולי קפה אספרסו עשיר,,250.00,100 גרם,false,,21.90,0.0876,true,1,238104
7290110571184,false,עדשים חומות טעם הטבע 380ג שטראוס,,,עדשים חומות 380 ג טע,,380.00,,false,,6.90,0.0182,true,1,238964
7290110571375,false,"אנרג'י מיקס תערובת צימוקים, תמרים, טופי ושברי פקאן",אנרג'י Energy - שטראוס,,אנרג'י מיקס צימוקים,,100.00,100 גרם,false,,17.90,0.1790,true,1,238962
7290110571382,false,מעדן חלב בטעם וניל מעושר בחלבון 150 ג' שטראוס,"שטראוס בריאות בע""מ",IL,מעדן חלב בטעם וניל 1,,150.00,100 גרם,false,,5.70,0.0380,true,1,237941
7290110571405,false,עלית - מיני פינוקיות בגביע פסק זמן 180 גרם,עלית,IL,מיני פינוקיות בגביע,,180.00,,false,,10.90,0.0606,true,1,239587
7290110572129,false,כיף כף מקלות שוקולד לבן 40 ג' עלית,עלית,,כיף כיף מקלות שוקולד,,40.00,100 גרם,false,,5.70,0.1425,true,1,239580
7290110572884,false,"קפסולות קפה מספר 20 למכונת אספרס אספרסו, 50 גרם",שטראוס קפה בי.וי.,IL,קפסולות קפה נספרסו 2,יחידה,0.00,יחידה,false,,18.90,0.0000,true,1,239616
7290110572969,false,כיף כף פצפצים עקרם לבן 40ג' עלית,שולן צ'יקולטה גידה ס,TR,כיף כף פצפצים קרם לב,,40.00,100 גרם,false,,5.70,0.1425,true,1,238956
7290110574413,false,עלית - פופקורן בטעם טעמי 70 גרם,סראנו עבור שטראוס,קפריסין,פופקורן בטעם טעמי על,,70.00,100 גרם,false,,7.90,0.1129,true,1,239581
7290110574420,false,עלית - פופקורן בטעם פסק זמן 70 גרם,סראנו עבור שטראוס,קפריסין,פופקורן בטעם פסק זמן,,70.00,100 גרם,false,,7.90,0.1129,true,1,239582
7290110576318,false,מאגדת שלישיית שוקולד אגוז לבן 300 ג' עלית,עלית,FR,מארז שלישייה שוקולד,,300.00,100 גרם,false,,24.90,0.0830,true,1,239298
7290110576356,false,"שוקולד ספלנדיד מריר 64% - חלבי , מפולי קקאו מפרו",קימ'ס גריפלנן,BE,ספלנדיד שוקולד מריר,,100.00,100 גרם,false,,10.90,0.1090,true,1,238658
7290110576370,false,מארז שלישייה שוקולד מריר חלבי עם אגוזי לוז,עלית,FR,מארז שלישייה שוקולד,,300.00,100 גרם,false,,24.90,0.0830,true,1,239299
7290110576387,false,מאגדת שלישיית שוקולד אגוז חלב 300 ג' עלית,שטראוס,IL,מארז שלישיית שוקולד,,300.00,100 גרם,false,,24.90,0.0830,true,1,239297
7290110576752,false,טבלאות שוקולד ספלנדיד מריר 70% 100 ג' עלית,קימ'ס גריפלנן,BE,שוקולד ספלנדיד 70% מ,,100.00,100 גרם,false,,10.90,0.1090,true,1,239585
7290110576776,false,טבלאות שוקולד ספלנדיד מריר 85% 100 ג' עלית,קימ'ס גריפלנן,BE,שוקולד ספלנדיד 85% מ,,100.00,,false,,10.90,0.1090,true,1,239586
7290110576790,false,סקי בטעם מוקה 125 ג' שטראוס,"שטראוס בריאות בע""מ",IL,סקי גבינת מוקה 125גר,,125.00,100 גרם,false,,4.20,0.0336,true,1,239761
7290110576851,false,"גמדים לשתיה סלט פירות 8 יח' *100מ""ל",קריות זול,IL,גמדים לשתיה שמינייה,,864.00,,false,,22.50,0.0260,true,1,239757
7290110576868,false,רבעיית גמדים סלט פירוט * 100 ג' שטראוס,קריות זול,IL,גמדים סלט פירות 4*10,,400.00,100 גרם,false,,12.30,0.0308,true,1,239758
7290110577230,false,משקה חלב בטעם פיסטוק יטבתה 1 ליטר,מחלבת יטבתה,IL,משקה חלב בטעם פיסטוק,,1000.00,,false,,12.50,0.0125,true,1,239753
7290110577711,false,"משקה שייק חלבון מי גבינה עם אפרסק ומנגו350מ""ל יטבתה",מחלבת יטבתה,IL,שייק חלבון מי גבינה,,350.00,100 גרם,false,,8.20,0.0234,true,1,240085
7290110577728,false,"משקה שייק חלבון מי גבינה עם פירות יער 350מ""ל יטבתה",מחלבת יטבתה,IL,שייק חלבון מי גבינה,,350.00,100 גרם,false,,8.20,0.0234,true,1,240086
7290111010194,false,מגבוני תינוקות בייבי,,,מגבוני תינוקות בייבי,יחידה,0.00,יחידה,false,,11.90,0.0000,true,1,213650
7290111010200,false,תיק רב סל,,,תיק רב סל,יחידה,0.00,יחידה,false,,4.90,0.0000,true,1,213439
7290111010262,false,מגבות נייר פייפר טאו,Unknown,,מגבות נייר פייפר טאו,יחידה,0.00,יחידה,false,,11.90,0.0000,true,1,223361
7290111010279,false,מגבונים לניקוי כללי,,,מגבונים לניקוי כללי,יחידה,0.00,יחידה,false,,10.00,0.0000,true,1,224112
7290111010293,false,נייר טואלט טוטו 48 ג,,,נייר טואלט טוטו 48 ג,,48.00,,false,,32.90,0.6854,true,1,229909
7290111010323,false,פפריקה מתוקה בשמן סו,,,פפריקה מתוקה בשמן סו,,400.00,100 גרם,false,,17.90,0.0447,true,1,230465
7290111010330,false,מגבונים להסרת איפור,,,מגבונים להסרת איפור,יחידה,0.00,יחידה,false,,7.90,0.0000,true,1,231682
7290111010439,false,יין פרינס רויאל גוור,,,יין פרינס רויאל גוור,,750.00,100 גרם,false,,39.90,0.0532,true,1,233665
7290111010491,false,אקונומיקה 4 ליטר סן,,,אקונומיקה 4 ליטר סן,,4000.00,100 גרם,false,,14.90,0.0037,true,1,238722
7290111010507,false,נוזל כלים 18% תפוח 1,,,נוזל כלים 18% תפוח 1,,1600.00,100 גרם,false,,11.90,0.0074,true,1,238743
7290111010514,false,נוזל כלים 18% לימון,,,נוזל כלים 18% לימון,,1600.00,100 גרם,false,,11.90,0.0074,true,1,238744
7290111010590,false,תמרים מלך המגהול 1קג,,,תמרים מלך המגהול 1קג,,1000.00,,false,,19.90,0.0199,true,1,236370
7290111010613,false,"שמן זית בשן 750מ""ל",,,"שמן זית בשן 750מ""ל",,750.00,100 גרם,false,,29.90,0.0399,true,1,236739
7290111010699,false,יין יערה קברנה סובינ,,,יין יערה קברנה סובינ,,750.00,,false,,29.90,0.0399,true,1,237505
7290111010743,false,יין מרלו שאטו רפאלו,,,יין מרלו שאטו רפאלו,,750.00,100 גרם,false,,29.90,0.0399,true,1,237728
7290111010767,false,אקונומיקה סן רמו מבו,,,אקונומיקה סן רמו מבו,,4000.00,100 גרם,false,,14.90,0.0037,true,1,238723
7290111010859,false,מרכך כביסה פרש מונקו,,,מרכך כביסה פרש מונקו,,1000.00,100 גרם,false,,12.90,0.0129,true,1,238732
7290111010873,false,מרכך כביסה פרש לבנדר,,,מרכך כביסה פרש לבנדר,,1000.00,100 גרם,false,,12.90,0.0129,true,1,238734
7290111010880,false,מרכך כביסה פרש בליסי,,,מרכך כביסה פרש בליסי,,1000.00,,false,,12.90,0.0129,true,1,238735
7290111010897,false,מרכך כביסה פרש לאונר,,,מרכך כביסה פרש לאונר,,1000.00,100 גרם,false,,12.90,0.0129,true,1,238736
7290111010903,false,מרכך כביסה פרש ונילה,,,מרכך כביסה פרש ונילה,,1000.00,100 גרם,false,,12.90,0.0129,true,1,238737
7290111010910,false,נוזל רצפות מרוכז מאס,,,נוזל רצפות מרוכז מאס,,2000.00,100 גרם,false,,16.90,0.0084,true,1,238738
7290111010927,false,נוזל רצפות מרוכז ספר,,,נוזל רצפות מרוכז ספר,,2000.00,,false,,16.90,0.0084,true,1,238739
7290111010958,false,נוזל רצפות מרוכז בית,,,נוזל רצפות מרוכז בית,,2000.00,100 גרם,false,,16.90,0.0084,true,1,238742
7290111010965,false,נוזל רצפות לבנדר 4 ל,,,נוזל רצפות לבנדר 4 ל,,4000.00,100 גרם,false,,12.90,0.0032,true,1,238745
7290111010989,false,נוזל רצפות מרענן 4 ל,,,נוזל רצפות מרענן 4 ל,,4000.00,,false,,12.90,0.0032,true,1,238747
7290111010996,false,תמר מלך המגהול גולד,,,תמר מלך המגהול גולד,,500.00,,false,,19.90,0.0398,true,1,238214
7290111011085,false,מטליות לחות לרצפה לב,,,מטליות לחות לרצפה לב,יחידה,0.00,יחידה,false,,10.90,0.0000,true,1,239443
7290111011092,false,מטליות לחות לרצפה מר,,,מטליות לחות לרצפה מר,יחידה,0.00,יחידה,false,,10.90,0.0000,true,1,239444
7290111012099,false,גריל עוף סולטנה 400ג,,,גריל עוף סולטנה 400ג,,400.00,100 גרם,false,,17.90,0.0447,true,1,240347
7290111093005,false,"I-CARE מג'להסרת איפור, 25 יח בפלופק",די פי אל,IL,מגבונים להסרת איפור,יחידה,0.00,יחידה,false,,7.90,0.0000,true,1,223270
7290111093760,false,מגבונים לניקוי רצפות בניחוח מרכך כביסה 10 יח' קוויק,,,קוויק מגבונים לניקוי,יחידה,0.00,יחידה,false,,10.90,0.0000,true,1,237631
7290111094248,false,"קוויק שקית אשפה חזקה וגדולה במיוחד (90*78), 20 יח'",,,קוויק שקיות אשפה XL,יחידה,0.00,יחידה,false,,19.90,0.0000,true,1,231631
7290111094613,false,מגבונים לניקוי משקפיים 10 יח' I-CARE,,,מגבונים לניקוי משקפי,יחידה,0.00,יחידה,false,,7.90,0.0000,true,1,223271
7290111095818,false,שקיות אשפה 65X54 עם שרוך קוויק 40 יח',,,קוויק שקיות אשפה L ע,יחידה,0.00,יחידה,false,,19.90,0.0000,true,1,231632
7290111285318,false,צלחת במבוק 9 מיקי מאוס,,,צלחת במבוק 23 מיקי מ,יחידה,0.00,יחידה,false,,9.90,0.0000,true,1,224073
7290111285325,false,צלחת במבוק 9 מיני מאוס,,,צלחת במבוק 23 מיני מ,יחידה,0.00,יחידה,false,,9.90,0.0000,true,1,224074
7290111285349,false,צלחת במבוק 23 מפרץ ההרפתקאות בנים,,,צלחת במבוק 23 מרץ הה,יחידה,0.00,יחידה,false,,9.90,0.0000,true,1,224077
7290111285400,false,קערה במבוק מיקי מאוס,,,קערה במבוק מיקי מאוס,יחידה,0.00,יחידה,false,,9.90,0.0000,true,1,224089
7290111285431,false,קערה במבוק מפרץ ההרפתקאות בנים,,,קערה במבוק מרץ ההרפת,יחידה,0.00,יחידה,false,,9.90,0.0000,true,1,224091
7290111340178,false,מטליות לחות ניקול לניקוי כללי בניחוח מרכך כביסה 50 יח',ניקול,,מטליות לחות לניקוי כ,,50.00,,false,,10.90,0.2180,true,1,208068
7290111340185,false,מטליות לחות ניקול לניקוי רצפות בניחוח מרכך 10 יח',ניקול,,מטליות לחות לרצפה בנ,,10.00,,false,,10.90,1.0900,true,1,208079
7290111340956,false,ניקול מטליות לחות לרצפה בניחוח פריחה לבנה,עלבד,,מטליות לחות לניקוי ה,יחידה,0.00,יחידה,false,,10.90,0.0000,true,1,219113
7290111341366,false,מפיות אירוח חד שכבתי 30/30 150 יח',חוגלה קימברלי,SK,מפיות אירוח ניקול 15,יחידה,0.00,יחידה,false,,10.90,0.0000,true,1,229733
7290111341984,false,לילי - מגבוני נייר טואלט לח פיור רביעייה,קימברלי,GB,לילי נייר טואלט לח מ,יחידה,0.00,יחידה,false,,21.90,0.0000,true,1,223359
7290111342059,false,מטליות לחות לניקוי משטחים אנטיבקטריאלי,ניקול,IL,מטליות לחות אנטיבקטר,יחידה,0.00,יחידה,false,,10.90,0.0000,true,1,231616
7290111343117,false,זוג ממחטות לושן סופט קלינקס -140 דף,קימברלי,IL,קלינקס לושן סופט פק,יחידה,0.00,יחידה,false,,13.90,0.0000,true,1,234443
7290111343797,false,מטליות לחות לניקוי חלונות 48 יח' ניקול,עלבד,IL,מטליות לניקוי חלונות,יחידה,0.00,יחידה,false,,10.90,0.0000,true,1,231958
7290111343858,false,מטליות לחות לרצפה אנטיבקטריאלי 10 יחי',עלבד משואות יצחק,IL,מטליות לחות לניקוי ו,יחידה,0.00,יחידה,false,,10.90,0.0000,true,1,231614
7290111344527,false,אשפתון ענק שחורות ניקול 20יח',,,זוג שקיות אשפה ענקיי,יחידה,0.00,יחידה,false,,25.90,0.0000,true,1,234444
7290111344831,false,קוטקס - מגיני יום אקסטרא פרוטקט נורמל ביג 60 יח',חוגלה קימברלי,CN,קוטקס מגן תחתון אקסט,יחידה,0.00,יחידה,false,,18.90,0.0000,true,1,237381
7290111344855,false,קוטקס - מגיני יום אקסטרא פרוטקט לארג' ביג 52 יח',חוגלה קימברלי,CN,קוטקס מגן תחתון אקסט,יחידה,0.00,יחידה,false,,18.90,0.0000,true,1,237382
7290111344879,false,קוטקס - מגן תחתון 2 ב-1 לארג' 44 יח',,CN,קוטקס מגן תחתון 2 ב,יחידה,0.00,יחידה,false,,18.90,0.0000,true,1,237383
7290111344930,false,מטליות לחות לרצפה בניחוח מרכך כביסה 10 יח' ניקול,עלבד,,מטליות לחות לרצפה בנ,,10.00,,false,,10.90,1.0900,true,1,236334
7290111345814,false,נייר טואולט 30 גלילים לילי נטורל קר,קימברלי קלארק,IL,נייר טואלט לילי נטור,יחידה,0.00,יחידה,false,,38.90,0.0000,true,1,237499
7290111346125,false,מארז שלישייה מגבוני דיילי קר ללא בישום *56 יח' האגיס,קימברלי,IL,מגבוני האגיס דיילי ק,יחידה,0.00,יחידה,false,,18.90,0.0000,true,1,238866
7290111346132,false,מארז שלישייה מגבוני סנסטיב קר ללא בישום *56 יח' האגיס,עלבד,IL,מגבוני האגיס סנסטיב,יחידה,0.00,יחידה,false,,18.90,0.0000,true,1,238867
7290111346293,false,מגבת נייר ניקול שישייה מהדורת חג,קימברלי קלארק,IL,מגבות מטבח שישייה ני,יחידה,0.00,יחידה,false,,12.90,0.0000,true,1,237951
7290111346347,false,מגבוני אף אוריגינל סופט חמישיה קלינקס,קימברלי,IL,קלינקס טישו אוריגינל,יחידה,0.00,יחידה,false,,17.90,0.0000,true,1,240069
7290111352966,false,יוגטה סוכריות ממולאות בטעם פירות 250 גרם ללא ג'לטין,סאדאט,TR,סוכריות גומי ממולאות,,250.00,,false,,7.90,0.0316,true,1,231754
7290111563492,false,סלט מטבוחה חריפה מרובע 400 ג' צבר,סלטי צבר,IL,מטבוחה חריפה צבר מרו,,400.00,100 גרם,false,,12.90,0.0323,true,1,210592
7290111564239,false,שלגוני קראנץ' Crunch בטעם וניל - 5 יח',גלידות נסטלה (נגה גל,IL,מאגדת מיני קראנץ וני,,275.00,,false,,29.90,0.1087,true,1,209794
7290111564277,false,פריכיות דקות ונימוחות 3 דגנים פיטנס Fitness,פרח תעשיות,IL,פריכיות 3 דגנים דקות,,120.00,100 גרם,false,,11.90,0.0992,true,1,208088
7290111564291,false,פריכיות דקות ונימוחות 3 דגנים וקינואה פיטנס Fitness,פרח תעשיות,IL,פריכיות דקות עם קינו,,120.00,,false,,11.90,0.0992,true,1,208089
7290111565038,false,"לה קרמריה וניל קוקילידה בד""צ 1.4 ל'",המאפיה של הרמן,IL,לה קרמריה וניל קוקיל,,1400.00,100 גרם,false,,21.90,0.0156,true,1,210791
7290111566103,false,טבעול פלאפל מרכיבים ביתיים בלבד 590 ג',עיצובים 2020 (4.8),IL,פלאפל מרכיבים ביתיים,,590.00,100 גרם,false,,33.90,0.0575,true,1,209760
7290111566127,false,מעדן אוראו קפוא בטעם וניל עם עוגיות בטעם שוקולד,ג'נרל מילס סאן אדריא,IT,מאגדת אוראו מיני סנד,,198.00,,false,,25.90,0.1308,true,1,209800
7290111566240,false,טבעול שניצל דק בטעם צילי חריף 564 ג',עיצובים 2020 (4.8),IL,שניצל דק בטעם צ'ילי,,564.00,100 גרם,false,,33.90,0.0601,true,1,209755
7290111566271,false,טבעול חטיפי תירס 657 גר',עיצובים 2020 (4.8),IL,חטיפי תירס טבעול 657,,657.00,100 גרם,false,,33.90,0.0516,true,1,209756
7290111566318,false,טבעול שניצל דק מן הצומח 564 גר',עיצובים 2020 (4.8),IL,שניצל דק מן הצומח טב,,564.00,100 גרם,false,,33.90,0.0601,true,1,209757
7290111566714,false,טבעול המבורגר צמחוני 99 קלוריות 600 גר',עיצובים 2020 (4.8),IL,המבורגר צמחוני 99 קל,,600.00,100 גרם,false,,33.90,0.0565,true,1,209765
7290111566752,false,טבעול שניצל תירס 99 קלוריות 693 גר',עיצובים 2020 (4.8),IL,שניצל תירס 99 קלוריו,,693.00,,false,,33.90,0.0489,true,1,209763
7290111566776,false,טבעול נקניקיות קוקטייל צמחוניות 680 גר',עיצובים 2020 (4.8),IL,נקניקיות קוקטייל צמח,,680.00,100 גרם,false,,33.90,0.0499,true,1,211103
7290111568206,false,"מיקס ביסלי, אפרופו ופיצוחים מתובלים",פרו מן יו פתרונות אר,IL,ביסלי פארטי מיקס אסם,,150.00,100 גרם,false,,8.90,0.0593,true,1,211093
7290111568275,false,אטריות נודלס אורז רחבות אסם אסייתי 300גרם,תאי פרזידנט,TH,נודלס איטריות אורז ר,,300.00,,false,,10.90,0.0363,true,1,210891
7290111568466,false,רוטב אסייתי למוקפץ הסדרה האסייתית,אסיף תעשיות מזון בעמ,IL,רוטב אסייתי למוקפץ א,,290.00,,false,,15.90,0.0548,true,1,210897
7290111873041,false,אצבעות שוקולד ממולא בקרם חלב 50 ג'- מפרץ הרפתקאות,,,אצבעות שוקולד ממולא,,50.00,100 גרם,false,,4.90,0.0980,true,1,233997
7290111930805,false,קראנצ'וס טעם ברביקיו 55 גר',חברת מנה בעמ,IL,קראנצוס ברביקיו 55,,55.00,,false,,3.90,0.0709,true,1,208640
7290111930850,false,קראנצ'וס טעם פיצה 55גר',קראנצ'וס,IL,קראנצוס פיצה 55 גרם,,55.00,100 גרם,false,,3.90,0.0709,true,1,208641
7290111930898,false,פוף כוכבים גריל אמריקאי 40 גר',פוף POOF,IL,חטיף פוף כוכבים גריל,,40.00,100 גרם,false,,4.20,0.1050,true,1,208833
7290111930904,false,פוף כוכבים בצל 40 גר',פוף POOF,IL,חטיף פוף כוכבים בצל,,40.00,100 גרם,false,,4.20,0.1050,true,1,208834
7290111930911,false,פוף חטיף לבבות קלאסי 40 ג',פוף POOF,IL,חטיף פוף לבבות קלאסי,,40.00,100 גרם,false,,4.20,0.1050,true,1,208835
7290111930928,false,פוף חטיף לבבות גריל 40 ג',פוף POOF,IL,חטיף פוף לבבות גריל,,40.00,100 גרם,false,,4.20,0.1050,true,1,208836
7290111930935,false,פוף חטיף טבעות קלאסי 40 ג',פוף POOF,IL,חטיף פוף טבעות קלאסי,,40.00,100 גרם,false,,4.20,0.1050,true,1,208837
7290111932380,false,"מרידול משחת שיניים 75 מ""ל זוג כשל""פ",,,מרידול מארז זוג משחו,,150.00,,false,,29.90,0.1993,true,1,223427
7290111933554,false,עגבניות איטלקיות קוביות - מארז שלישיה,פראנו אנריקו ופיגלי,IT,עגבניות קוביות מאסטר,,1200.00,,false,,16.90,0.0141,true,1,212554
7290111938498,false,"מאסטר שף רוטב סויה בהירה 700 מ""ל",תאי סופרים,TH,רוטב סויה בהירה מאסט,,700.00,,false,,14.90,0.0213,true,1,230735
7290112000286,false,ג'ל ניקוי לשירותים בניחוח לימון,סיליט באנג Cillit Bang,,סיליט באנג גל לניקוי,,750.00,,false,,9.90,0.0132,true,1,209502
7290112000385,false,מנקה ומחטא עוצמתי למטבח ללא אקונומיקה,רקיט בנקיזר,PL,מנקה ומחטא למטבח 750,,750.00,100 גרם,false,,14.90,0.0199,true,1,212462
7290112000798,false,"דיטול תרסיסי חיטוי וניקוי אנטי בקטריאלי 750 מ""ל",רקיט בנקיזר,PL,מחטא משטחים לימון מנ,,750.00,,false,,14.90,0.0199,true,1,212467
7290112000828,false,דטול - מגבונים חיטוי וניקוי אנטי בקטריאלי 60 יח',דטול Dettol,,מטליות לחות מנקה ומח,יחידה,0.00,יחידה,false,,14.90,0.0000,true,1,212468
7290112000842,false,דטול מגבונים לניקוי כללי בניחות לימון 60 יח',דטול Dettol,,מטליות לחות מנקה ומח,יחידה,0.00,יחידה,false,,14.90,0.0000,true,1,212464
7290112000873,false,מטליות לחות לחדר האמבטיה מנקה ומחטא עוצמתי,דטול Dettol,,מטליות לחות מנקה ומח,יחידה,0.00,יחידה,false,,14.90,0.0000,true,1,212475
7290112001221,false,מנקה מכונת כביסה בניחוח נקי ורענן,קולון Colon,,קולון מנקה מכונת כבי,,250.00,,false,,19.90,0.0796,true,1,212646
7290112001436,false,"פיניש מנקה ומחדש בניחוח לימון 250 מ""ל",רקיט בנקיזר,PL,פיניש מנקה ומחדש ניח,,250.00,,false,,21.90,0.0876,true,1,223782
7290112001870,false,"סיליט באנג ספריי ניקוי אמבטיה 750 מ""ל",רקיט בנקיזר,PL,סיליט באנג ספריי לני,,750.00,,false,,12.90,0.0172,true,1,223319
7290112002099,false,ג'ל כביסה מרוכז קולון 101 קלאסי,רקיט בנקיזר,IL,קולון גל מרוכז רגיל,ליטרים,2.50,ליטר,false,,24.90,9.9600,true,1,223488
7290112002129,false,ג'ל כביסה מרוכז קולון 101 בניחוח פריחה מרענן,קולון Colon,,קולון ג'ל מרוכז פריח,ליטרים,2.50,ליטר,false,,24.90,9.9600,true,1,223490
7290112003959,false,וניש מסיר כתמים אבקה לכביסה צבעונית 470 גרם,רקיט בנקיזר,IT,וניש מסיר כתמים אבקה,,470.00,100 גרם,false,,19.90,0.0423,true,1,235672
7290112003966,false,וניש מסיר כתמים אבקה לכביסה לבנה 470 גרם,רקיט בנקיזר,IT,וניש מסיר כתמים אבקה,,470.00,100 גרם,false,,19.90,0.0423,true,1,235671
7290112003973,false,"וניש אבקה ורודה מולטי פאואר 1.350 ק""ג א. חסכון חדש להלבנה",רקיט בנקיזר,PL,וניש מסיר כתמים אבקה,,1350.00,100 גרם,false,,29.90,0.0221,true,1,235669
7290112003980,false,"וניש אבקה זויס צבע ולבן 1.350 ק""ג",רקיט בנקיזר,PL,וניש מסיר כתמים אבקה,,1350.00,,false,,29.90,0.0221,true,1,235668
7290112004192,false,טבליות פיניש אקולוגי,רקיט בנקיזר,PL,פיניש טבליות למדיח א,יחידה,0.00,יחידה,false,,29.90,0.0000,true,1,237800
7290112004321,false,מגבונים לניקוי כללי בניחוח רימונים וליים 60 יח' דטול,,,דטול מטליות לחות לני,יחידה,0.00,יחידה,false,,14.90,0.0000,true,1,235757
7290112004413,false,"אבקה מסיר כתמים לכביסה לבנה 750 מ""ל וניש",רקיט בנקיזר,PL,וניש ספריי להסרת כתמ,,750.00,100 גרם,false,,23.90,0.0319,true,1,238031
7290112004611,false,"וניש קליה ג'ל מרוכז לטיפול נקודתי בכתמים 200 מ""ל",רקיט בנקיזר,PT,וניש קליה פאואר ג'ל,,200.00,,false,,12.90,0.0645,true,1,238030
7290112004970,false,פיניש אולטימייט 50 קפסולות גיל,,,פיניש אולטימייט טבלי,,50.00,,false,,59.90,1.1980,true,1,239499
7290112195258,false,לחמניות המבורגר 4יח',,,לחמניות המבורגר 4יח',,360.00,,false,,13.90,0.0386,true,1,233542
7290112330352,false,"יוגורט PRO בטעם וניל 0% , 20 גרם חלבון בגביע","שטראוס בריאות בע""מ",IL,דנונה פרו וניל 0% שו,,200.00,100 גרם,false,,6.80,0.0340,true,1,213681
7290112330390,false,יוגורט PRO בטעם פירות יער 0% 20 גרם חלבון בגביע,"שטראוס בריאות בע""מ",IL,דנונה פרו 20 גרם פיר,,200.00,100 גרם,false,,6.80,0.0340,true,1,213682
7290112330420,false,דנונה פרו לבן 2.9% שומן 150 ג',מיוצר עי קונדיטוריית,IL,דנונה פרו לבן 150 ג,,150.00,100 גרם,false,,5.10,0.0340,true,1,213123
7290112332585,false,"פריכיות תפו""א, אורז בתיבול סלק ומלח חי 30 גר'","פרח תעשיו מזון בע""מ",IL,"פריכיות תפו""א/אורז/ב",,30.00,100 גרם,false,,5.50,0.1833,true,1,214219
7290112332691,false,עוגיות קרם אגוזים פסק זמן 200 ג' עלית,הגביע מוצרי ופלים בע,IL,עוגיות קרם פסק זמן א,,200.00,100 גרם,false,,10.90,0.0545,true,1,219036
7290112332875,false,מסטיק מאסט קוביות בטעם מנטה עדינה 86 ג' עלית,עלית,,מאסט מסטיק קוביות מנ,,86.00,100 גרם,false,,13.90,0.1616,true,1,213737
7290112332899,false,עלית - צנצנת בזוקה פופים קלאסי 58 גרם,רוג'ר אנד רוג'ר,DE,בזוקה פופים קלאסי 58,,58.00,100 גרם,false,,9.90,0.1707,true,1,214222
7290112334305,false,סלט כרובית בטחינה אחלה 330 ג',STRAUSS-ISRAEL,IL,סלט כרובית בטחינה 33,,330.00,100 גרם,false,,16.90,0.0512,true,1,213115
7290112335487,false,פריכיות טעימות קצח ודגנים 135 ג' שטראוס,אנרג'י Energy - שטראוס,IL,פריכיות הטעימות קצח,,135.00,100 גרם,false,,13.50,0.1000,true,1,214215
7290112335494,false,הפריכיות הטעימות תפוחי אדמה בטעם פוטטוס,"פרח תעשיות מזון בע""מ",IL,פריכיות הטעימות פוטט,,135.00,100 גרם,false,,13.50,0.1000,true,1,214216
7290112335500,false,"הפריכיות הטעימות חומוס, אורז, עדשים שחורות וקינואה",אנרג'י Energy - שטראוס,IL,פריכיות הטעימות חלבו,,135.00,,false,,13.50,0.1000,true,1,214217
7290112336637,false,סוכריות מאסט Must ללא סוכר יוגורט תות ואוכניות,MIESZKO S.A - MS. JO,PL,מאסט סוכריות יוגורט,,80.00,,false,,8.90,0.1113,true,1,223327
7290112336644,false,סוכריות מאסט ללא סוכר לימון 80 ג' עלית,MIESZKO S.A - MS. JO,PL,מאסט סוכריות לימון ל,,80.00,100 גרם,false,,8.90,0.1113,true,1,223328
7290112336651,false,סוכריות מאסט ללא סוכר ריבת חלב 80 ג' עלית,MIESZKO S.A - MS. JO,PL,מאסט סוכריות ריבת חל,,80.00,100 גרם,false,,8.90,0.1113,true,1,223330
7290112336712,false,יוגורט PRO לבן 0% 21 גרם חלבון בגביע,"שטראוס בריאות בע""מ",IL,דנונה פרו 21 עשיר בח,,200.00,100 גרם,false,,6.80,0.0340,true,1,213468
7290112337474,false,סוכריות מאסט ללא סוכר פטל לימון 80 ג' עלית,MIESZKO S.A - MS. JO,PL,מאסט סוכריות פטל לימ,,80.00,100 גרם,false,,8.90,0.1113,true,1,223329
7290112338877,false,מעדן גבינה בטעם תות 3% 125ג' סקי,"שטראוס בריאות בע""מ",IL,סקי תות 3% דנונה 125,,125.00,100 גרם,false,,4.20,0.0336,true,1,212943
7290112339171,false,מעדן מילקי מוס שוקול,מיוצר עי קונדיטוריית,IL,מילקי מוס 81גר,,81.00,100 גרם,false,,3.70,0.0457,true,1,212942
7290112339362,false,דנונה לייט אנד פריי בטעם קפוצינו 150 גר',דנונה - שטראוס,IL,דנונה לייט אנד פרייי,,150.00,,false,,4.80,0.0320,true,1,223610
7290112339867,false,גמדים לדרך גבינה לבנה עם מחית תות,שטראוס,IL,גמדים סקוויז תות 100,,100.00,100 גרם,false,,5.90,0.0590,true,1,213116
7290112339874,false,גמדים לדרך גבינה לבנה עם מחיות תות ובננה,שטראוס,IL,גמדים סקוויז תות בננ,,100.00,100 גרם,false,,5.90,0.0590,true,1,213117
7290112340122,false,הפריכיות הטעימות 3 דגנים 135 גרם.,אנרג'י Energy - שטראוס,IL,פריכיות הטעימות 3 דג,,135.00,100 גרם,false,,13.50,0.1000,true,1,214218
7290112340245,false,צנצנת מסטיק מאסט בטעם דובדבן 66 ג' עלית,"שטראוס גרופ בע""מ",IL,מסטיק מאסט דובדבן מג,,66.00,100 גרם,false,,9.90,0.1500,true,1,213602
7290112340252,false,צנצנת מסטיק מאסט בטעם אבטיח מלון 66 ג' עלית,"שטראוס גרופ בע""מ",IL,מסטיק מאסט אבטיח מלו,,66.00,100 גרם,false,,9.90,0.1500,true,1,213603
7290112341556,false,אקטיביה עם צ'יה ותות 150 ג' דנונה,דנונה - שטראוס,IL,אקטיביה צ'יה ותות 15,,150.00,100 גרם,false,,5.10,0.0340,true,1,223283
7290112341679,false,אקטיביה 3% שומן 200 ג' דנונה,מיוצר עי קונדיטוריית,IL,אקטיביה יוגורט 3% דנ,,150.00,100 גרם,false,,4.20,0.0280,true,1,223284
7290112341686,false,מארז שמיניה אקטיביה 3% 150 ג',מיוצר עי קונדיטוריית,IL,אקטיביה 3% מארז שמינ,,1200.00,100 גרם,false,,22.50,0.0188,true,1,223288
7290112342102,false,סימפוניה גבינה במרקם שמנת בצל מקורמל 5%,"שטראוס בריאות בע""מ",IL,גבינת סימפוניה בצל מ,,200.00,100 גרם,false,,11.90,0.0595,true,1,229832
7290112342270,false,קפה פלטינום אינטנס מחוזק ב- 10% אספרסו,שטראוס קפה בי.וי,IL,קפה פלטינום אינטנס 1,,200.00,,false,,18.90,0.0945,true,1,229566
7290112342362,false,אקטיביה 3% בודד 150 ג',STRAUSS-ISRAEL,,אקטיביה 3% 150 גר,,1200.00,100 גרם,false,,2.70,0.0023,true,1,223291
7290112343260,false,"יטבתה רוטב שמנת קלאסי 9% שומן 260 מ""ל",STRAUSS-ISRAEL,IL,רוטב שמנת קלאסי 9% י,,250.00,,false,,11.90,0.0476,true,1,224223
7290112343420,false,"משקה חלב עם דגנים מלאים ובננה פרו יטבתה 350מ""ל",מחלבת יטבתה,IL,שייק פרו ארוחת בוקר,,350.00,,false,,8.20,0.0234,true,1,224226
7290112343499,false,חטיף צ'יטוס פאפס אפוי בטעם גבינה,"שטראוס פריטו ליי בע""",IL,ציטוס פופס 55גרם,,55.00,100 גרם,false,,3.70,0.0673,true,1,236251
7290112344564,false,רביולי גבינה קלאסי שטראוס 400 ג',"שטראוס גרופ בע""מ",IL,רביולי גבינה ילדים 4,,300.00,,false,,21.90,0.0730,true,1,223300
7290112344755,false,מילקי שוקולד 26% פחות סוכר 135 גרם,מיוצר עי קונדיטוריית,IL,מילקי עם 26% פחות סו,,135.00,100 גרם,false,,3.00,0.0222,true,1,233643
7290112346360,false,בפלות אחת אחת ופל בטעם שוקולד מצופה שוקולד,הגביע מוצרי וופלים ב,GR,בפלות בציפוי שוקולד,,180.00,100 גרם,false,,14.90,0.0828,true,1,229864
7290112346629,false,דנונה בר יוגורט+קורנפלקס מצופה שוקולד חלב ולבן 172 גרם,דנונה - שטראוס,IL,דנונה עם קורנפלקס מצ,,172.00,100 גרם,false,,5.10,0.0297,true,1,231481
7290112346773,false,יוגורט בטעם וניל 0% לייט אנד פרי 10 גרם חלבון בגביע,מיוצר עי קונדיטוריית,IL,דנונה לייט אנד פריי,,150.00,,false,,4.80,0.0320,true,1,233900
7290112346797,false,יוגורט אקטיביה עם שיבולת שועל ושזיף 2.5%,מיוצר עי קונדיטוריית,IL,אקטיביה שיבולת שועל,,150.00,100 גרם,false,,5.10,0.0340,true,1,231014
7290112346827,false,"אקטימל ויטמין C פטל 8*100 מ""ל",קריות זול,IL,אקטימל ויטמין C פטל,,864.00,,false,,21.90,0.0253,true,1,233268
7290112347008,false,גמדים לדרך גבינה לבנה עם מחית תות ושיבולת שועל,מיוצר עי קונדיטוריית,IL,גמדים סקוויז ארוחת ב,,100.00,100 גרם,false,,5.90,0.0590,true,1,224228
7290112348142,false,שעועית לבנה 380 גר' בקופסה טעם הטבע,שטראוס טעם הטבע,,שעועית לבנה ט.הטבע ק,,380.00,100 גרם,false,,6.90,0.0182,true,1,231285
7290112349606,false,מעדן גבינה ויוגורט תות בננה 88 ג' דניאלה,"שטראוס בריאות בע""מ",IL,דניאלה בטעם תות בננה,,88.00,100 גרם,false,,4.10,0.0466,true,1,237103
7290112349705,false,פומודורו רוטב עגבניות קלאסי לפסטה 350 גר' יד מרדכי,אמיליאנה קונסרב סוסי,IT,רוטב עגבניות קלאסי ל,,350.00,100 גרם,false,,11.90,0.0340,true,1,230227
7290112349736,false,בזיליקום רוטב עגבניות לפסטה 350 גר' יד מרדכי,אמיליאנה קונסרב סוסי,IT,רוטב עגבניות לפסטה 3,,350.00,100 גרם,false,,11.90,0.0340,true,1,230224
7290112349750,false,פיצה רוטב עגבניות לפיצה 350 גר' יד מרדכי,אימילאנה,IL,רוטב עגבניות לפיצה 3,,350.00,100 גרם,false,,11.90,0.0340,true,1,230228
7290112350312,false,קפסולות 15 קפה יותר למכונות נספרסו עלית 10יח',הנסיך- מפעל לייצור ט,IL,קפסולות מס' 15למכונו,,50.00,100 גרם,false,,18.90,0.3780,true,1,232815
7290112350589,false,אבקה להכנת משקה ציקוריה ציקו 65ג',עלית,IL,אבקה ציקו 65 גרם,,65.00,100 גרם,false,,11.90,0.1831,true,1,231782
7290112351104,false,שוקולד פרה ממולא פיצפוצי אורז 100 ג' עלית,STRAUSS-ISRAEL,IL,שוקולד פרה פיצפוצי א,,100.00,100 גרם,false,,5.90,0.0590,true,1,231222
7290112351128,false,שוקולד פרה סוכריות קופצות 100 ג' עלית,"שטראוס גרופ בע""מ",IL,שוקולד פרה סוכריות ק,,100.00,100 גרם,false,,5.90,0.0590,true,1,231773
7290112351470,false,סוכריות ללא סוכר בטעם תות רימון מאסט פרש,עלית,,שלישיית סוכריות פרש,,45.00,,false,,8.90,0.1978,true,1,231534
7290112354174,false,פסטה רוזה שטראוס דלי,גסטרונומיה פרוסט אס.,IT,פסטה רוזה 280גרם דלי,,280.00,100 גרם,false,,22.90,0.0818,true,1,239811
7290112354211,false,פיצה מרגריטה 300 ג' דלישס,סקרלינפיצה אס. אר. א,IT,פיצה מרגריטה 400גרם,,400.00,100 גרם,false,,25.90,0.0647,true,1,239809
7290112354235,false,ברקטה פיצה - 2 יחידות במארז,סקרלינפיצה אס. אר. א,IT,ברקטה פיצה 300גרם דל,,300.00,100 גרם,false,,25.90,0.0863,true,1,239810
7290112355027,false,יוגורט פרו בטעם קרמל מלוח 200 ג' דנונה,"שטראוס בריאות בע""מ",IL,דנונה פרו 20 בטעם קר,,200.00,100 גרם,false,,6.80,0.0340,true,1,233641
7290112355102,false,גמדים פאוץ סלט פירות 100 ג' שטראוס,"שטראוס בריאות בע""מ",IL,גמדים סקוויז סלט פיר,,100.00,100 גרם,false,,5.90,0.0590,true,1,234204
7290112355393,false,"יטבתה רוטב שמנת+בטטה 9% שומן 250 מ""ל",מחלבת יטבתה,IL,רוטב שמנת עם בטטה 2,,257.00,,false,,11.90,0.0463,true,1,239754
7290112355812,false,מעדן מילקי עם טופ קורנפלקס מצופה שוקולד,"שטראוס גרופ בע""מ",IL,מילקי טופ קורנפלקס 1,,141.00,100 גרם,false,,5.10,0.0362,true,1,238615
7290112355867,false,מילקי קצפת טופ פיצפוץ 86 גרם,"שטראוס גרופ בע""מ",IL,מילקי טופ קצפת פצפוצ,,86.00,100 גרם,false,,4.70,0.0547,true,1,236560
7290112356536,false,אבקת קקאו עלית 150+10% גר',הנסיך- מפעל לייצור ט,IL,קקאו עלית 150 גרם+10,,150.00,100 גרם,false,,10.90,0.0727,true,1,231783
7290112357083,false,אפונת גינה טעם הטבע 380 גר' בקופסה,שטראוס טעם הטבע,,אפונת גינה ט.הטבע קו,,380.00,100 גרם,false,,6.90,0.0182,true,1,231284
7290112357106,false,שעועית אדומה 380 גר' בקופסה טעם הטבע,שטראוס טעם הטבע,,שעועית אדומה ט.הטבע,,380.00,100 גרם,false,,6.90,0.0182,true,1,231286
7290112357113,false,גרגרי חומוס בקופסה 380 גר' טעם הטבע,שטראוס טעם הטבע,IT,גרגרי חומוס ט.הטבע ק,,380.00,100 גרם,false,,6.90,0.0182,true,1,231280
7290112358127,false,דנונה פרו חלבון+מגנזיום- וניל ועוגיות 200 גרם,מיוצר עי קונדיטוריית,IL,דנונה פרו 20גר חלבון,,200.00,100 גרם,false,,6.90,0.0345,true,1,233271
7290112358240,false,יד מרדכי רוטב גריל 300 גרם,יד מרדכי,,רוטב לעוף גריל 300גר,,300.00,100 גרם,false,,14.90,0.0497,true,1,231226
7290112358257,false,רוטב לעוף עם שזיפים יד מרדכי 300 גר',יד מרדכי,,רוטב לעוף עם שזיפים,,300.00,100 גרם,false,,14.90,0.0497,true,1,231227
7290112358431,false,עד חצות דאבל ביסקוויט עם שוקולד חלב -8 אריזות אישיות,הדקלאים אגודת שיתופי,FR,עד חצות ביסקוויט דאב,,200.00,100 גרם,false,,13.90,0.0695,true,1,234820
7290112490650,false,# 778 קונפיטורת תות כשלפ 340גר,קונפיטורות לה-ארדניי,BE,קונפיטורה 778 תות שד,,340.00,100 גרם,false,,14.90,0.0438,true,1,212287
7290112491794,false,בייגלה דקים דקים שמנת בצל 300 גר',בייגל בייגל BB,IL,בייגלה דקים דקים שמנ,,300.00,100 גרם,false,,10.90,0.0363,true,1,213337
7290112492456,false,"פינוק - פינוק לשיער יבש 700 מ""ל",יוניליוור ישראל טיפו,IL,שמפו לשיער יבש/פגום,,700.00,,false,,13.90,0.0199,true,1,230594
7290112492470,false,"שמפו ומרכך 2ב-1 לשיער יבש 700 מ""ל",,,פינוק 2ב1 לשיער יבש,,700.00,,false,,13.90,0.0199,true,1,233796
7290112492548,false,"פינוק - מרכך לשיער יבש 700 מ""ל",יוניליוור,IL,פינוק מרכך לשיער יבש,,700.00,,false,,13.90,0.0199,true,1,224051
7290112494153,false,תיבולית בטעם צלי קנור 72 ג',יוניליוור ישראל מזון,IL,קנור תיבולית בניחוח,יחידה,0.00,יחידה,false,,10.90,0.0000,true,1,230784
7290112494283,false,קליק - מעורב חום לבן תפזורת 65 גרם,יוניליוור ישראל מזון,IL,קליק מעורב חום לבן ת,,65.00,100 גרם,false,,6.90,0.1062,true,1,223632
7290112495174,false,נשנושים קוקטייל שומשום 300ג' ב.בייגל,בייגל את בייגל מזון,IL,קוקטייל שומשום 300גר,,300.00,100 גרם,false,,13.90,0.0463,true,1,223627
7290112495808,false,"הלמנס רוטב חרדל ודבש 290 מ""ל",יוניליוור ישראל מזון,IL,הלמנס לסלט חרדל ודבש,,305.00,,false,,14.90,0.0489,true,1,229955
7290112495976,false,פרכיות פתיתבציפוי שוקולד חלב 35 גר',גוד פוד פרודקטס Sp.z,PL,פתית פריכיות שוקולד,,35.00,100 גרם,false,,4.90,0.1400,true,1,231650
7290112495983,false,פרכיות פתיתבציפוי שוקולד חלב ושבבי קרמל מלוח 39 גר',גוד פוד פרודקטס Sp.z,PL,פתית פריכיות שוקולד,,35.00,100 גרם,false,,4.90,0.1400,true,1,231651
7290112496287,false,פתית - צ'יפס בטטה בטעם טבעי 21 גרם,JLM גלובל פודס37 דרך,GB,פתית צ'יפס בטטה בטעם,,0.00,100 גרם,false,,4.90,0.0000,true,1,231657
7290112497000,false,סיף - פנטסטיק ניקוי רב תכליתי 1 ליטר,"זוהר דליה, קיבוץ דלי",IL,סיף תרכיז ניקוי רב ת,,1000.00,,false,,12.90,0.0129,true,1,230826
7290112497031,false,רוטב עגבניות לקציצות קנור 415 ג',יוניליוור,IT,רוטב עגבניות לקציצות,,415.00,100 גרם,false,,11.90,0.0287,true,1,234493
7290112497369,false,דאב רול און טלק סופט,,,דאב רול און טלק סופט,,50.00,,false,,14.90,0.2980,true,1,233399
7290112498267,false,"אל סבון ידיים נוזלי קלאסי פינוק 950 מ""ל",קוסטר אירוסול ולף סנ,IL,פינוק סבון ידיים קלא,,950.00,,false,,11.90,0.0125,true,1,235927
7290112498281,false,"אל סבון לידיים בתוספת שמן קוקוס פינוק 950 מ""ל",יוניליוור ישראל טיפו,IL,פינוק סבון ידיים קוק,,950.00,,false,,11.90,0.0125,true,1,235929
7290112498922,false,מאגדת מיני מגנום שוקולד לבן 250 ג',"מיוצר ע""י גלידת שטרא",IL,מיני מגנום לבן 250גר,,250.00,100 גרם,false,,29.90,0.1196,true,1,234643
7290112499943,false,מאגדת מיני מגנום קלאסיק שוקולד 5 יח' שטראוס,"מיוצר ע""י גלידת שטרא",IL,מיני מגנום קלאסיק שו,,250.00,100 גרם,false,,29.90,0.1196,true,1,229581
7290112700407,false,נר גדול מנצנץ זהב ענ,,,נר גדול מנצנץ זהב ענ,יחידה,0.00,יחידה,false,,8.90,0.0000,true,1,211571
7290112705426,false,צלחת במבוק 23 חד-קרן,,,צלחת במבוק 23 חד קרן,יחידה,0.00,יחידה,false,,9.90,0.0000,true,1,224076
7290112705488,false,כוס במבוק חד -קרן,,,כוס במבוק חד קרן,יחידה,0.00,יחידה,false,,7.90,0.0000,true,1,224102
7290112960115,false,אסם שקדי מרק 30% קמח חיטה מלא 12*350גרם,אסם,IL,שקדי מרק 30% קמח חיט,,350.00,,false,,13.90,0.0397,true,1,211815
7290112960856,false,טילון אקסטרים מטבע שוקולד וריבת חלב 126 גר',שוורצקוף& הנקל דיסלד,IL,אקסטרים מטבע שוקולד,,115.00,100 גרם,false,,10.90,0.0948,true,1,214484
7290112961372,false,פיטנס חטיפי פריכיות דגנים עם קינמון,"פרח תעשיות מזון בע""מ",IL,פיטנס חטיפי פריכיות,,60.00,100 גרם,false,,8.90,0.1483,true,1,213220
7290112961464,false,פיטנס חטיפי פריכיות דגנים וחומוס מתובלות,"פרח תעשיות מזון בע""מ",IL,פיטנס חטיפי פריכיות,,60.00,100 גרם,false,,8.90,0.1483,true,1,213221
7290112962546,false,ארטיק לה פרוטה מלון תפוח מאגדת 443 גר',שוורצקוף& הנקל דיסלד,IL,מאגדת לה פרוטה מלון,,350.00,100 גרם,false,,25.90,0.0740,true,1,212949
7290112962751,false,שלגון אוראו בטעם וני,שוורצקוף& הנקל דיסלד,IL,אוראו שלגון אימפלס 6,,65.00,100 גרם,false,,11.90,0.1831,true,1,214485
7290112963321,false,בייגלה שטוח ללא גלוטן 300 גר',מיוצר עי קונדיטוריית,IL,גרטיפי בייגלה שטוח ל,,300.00,100 גרם,false,,16.90,0.0563,true,1,231188
7290112963918,false,חטיפי קרקר דק רוזמרין 140 ג' פיטנס,נסטלה Nestle,IL,פיטנס קרקר דק רוזמרי,,140.00,100 גרם,false,,12.90,0.0921,true,1,218927
7290112964410,false,רוטב אוסם אלף האיים לסלט 290 ג' אסם,Unknown,IL,רוטב אלף האיים לסלט,,290.00,100 גרם,false,,12.50,0.0431,true,1,214373
7290112964458,false,רוטב וינגרט לסלט 295 ג' אסם,Unknown,IL,רוטב ויניגרט לסלט אס,,295.00,100 גרם,false,,12.50,0.0424,true,1,214375
7290112964472,false,רוטב שום לסלט 290 ג' אסם,Unknown,IL,רוטב שום לסלט אסם 29,,290.00,100 גרם,false,,12.50,0.0431,true,1,214376
7290112964564,false,רוטב אלף האיים לייט לסלט 310 ג' אסם,אסם,IL,רוטב אלף האיים לייט,,295.00,100 גרם,false,,12.50,0.0424,true,1,214377
7290112964625,false,רוטב שום לייט לסלט 310 ג' אסם,אסם,IL,רוטב שום לייט לסלט א,,310.00,,false,,12.50,0.0403,true,1,214378
7290112964724,false,טבעול המבורגרטבעוני 580 גר',מיוצר עי קונדיטוריית,IL,טבעול המבורגר טבעוני,,580.00,,false,,33.90,0.0584,true,1,218972
7290112965141,false,תבשיל פתיתים אפויים עם ירקות 130 גר',אסם,IL,תבשיל פתיתים אפויים,,130.00,100 גרם,false,,11.90,0.0915,true,1,224156
7290112965165,false,מרק נמס בטעם פטריות זוג * 24 ג' אסם,אסם,IL,זוג מרק נמס פטריות ב,,34.00,,false,,6.50,0.1912,true,1,219098
7290112965264,false,אוסם - מרק נמס אפונה זוג 26 גרם * 2,Unknown,,זוג מרק נמס אפונה בד,,52.00,,false,,6.50,0.1250,true,1,233250
7290112965288,false,אוסם - מרק נמס ירקות זוג 28 גרם * 2,Unknown,IL,זוג מרק נמס ירקות בד,,56.00,100 גרם,false,,6.50,0.1161,true,1,233251
7290112965301,false,זוג מרק נמס בטעם עוף עם שקדי מרק רגע חם,Unknown,IL,זוג מרק נמס טעם עוף,,38.00,100 גרם,false,,6.50,0.1711,true,1,219100
7290112965363,false,קציצות קינואה וברוקולי,מיוצר עי קונדיטוריית,IL,קציצות קינואה וברוקו,,525.00,100 גרם,false,,33.90,0.0646,true,1,224186
7290112965684,false,פיטנס - חטיף מולטיגריין עשבי תיבול 25 גרם,מיוצר עי קונדיטוריית,IL,פיטנס חטיף מולטיגריי,,25.00,100 גרם,false,,5.90,0.2360,true,1,232891
7290112965707,false,פיטנס - חטיף מולטיגריין צילי מעודן 25 גרם,"אסם השקעות בע""מ",IL,פיטנס חטיף מולטיגריי,,25.00,100 גרם,false,,5.90,0.2360,true,1,232892
7290112965745,false,אוסם - ביסלי פריסטייל בצל מעושן 60 גרם,"אסם השקעות בע""מ",IL,ביסלי פריסטייל בצל מ,,60.00,100 גרם,false,,4.90,0.0817,true,1,234949
7290112965783,false,אוסם - ביסלי פריסטייל על האש 60 גרם,"אסם השקעות בע""מ",IL,ביסלי פריסטייל על הא,,60.00,,false,,4.90,0.0817,true,1,234950
7290112965806,false,אוסם - ביסלי פריסטייל חמוץ חריף 60 גרם,Unknown,IL,ביסלי פריסטייל חמוץ,,60.00,,false,,4.90,0.0817,true,1,234948
7290112965905,false,בייגלה שמיניות במליחות מעודנת אסם 400 גר',מיוצר עי קונדיטוריית,IL,בייגלה שמיניות במליח,,400.00,100 גרם,false,,11.90,0.0298,true,1,224162
7290112966001,false,טבעול גורמה ארוחת ירוקים,טבעול (מקבוצת אסם הש,IL,טבעול גורמה ארוחת יר,,450.00,100 גרם,false,,38.90,0.0864,true,1,238230
7290112966094,false,עוגת הבית בטעם תפוז - פחות סוכר,מיוצר עי קונדיטוריית,IL,עוגת הבית תפוז מופחת,,400.00,100 גרם,false,,13.90,0.0348,true,1,224179
7290112966247,false,לחמית כוסמין 200 ג' אסם,אסם יקנעם,IL,לחמית כוסמין אסם 200,,200.00,100 גרם,false,,11.50,0.0575,true,1,230578
7290112966766,false,טחינה בלאדי חציל עגבניות ושום צבר 350 גר',שוורצקוף& הנקל דיסלד,IL,טחינה באלדי חציל עגב,,350.00,100 גרם,false,,15.90,0.0454,true,1,224190
7290112966780,false,טחינה באלדי עם חציל קלוי צבר 350 גר',שוורצקוף& הנקל דיסלד,IL,טחינה באלדי עם חציל,,350.00,100 גרם,false,,15.90,0.0454,true,1,224191
7290112966803,false,פודינג אינסטנט שוקולד 88 ג' אסם,"אסם השקעות בע""מ",IL,פודינג שוקולד אסם 88,,88.00,,false,,5.90,0.0670,true,1,224148
7290112967114,false,חטיפי פריכיות פיטנס קטניות ופלפל 60 גר',"פרח תעשיות מזון בע""מ",IL,פיטנס חטיפי פריכיות,,60.00,100 גרם,false,,8.90,0.1483,true,1,230334
7290112967138,false,בייגלה שמיניות ללא גלוטן 250 גר' אסם,מיוצר עי קונדיטוריית,IL,בייגלה שמיניות ללא ג,,250.00,,false,,13.90,0.0556,true,1,224167
7290112967572,false,"אסם רוטב ברביקיו 290 מ""ל אסם",אסם,IL,רוטב ברבקיו אוסם 290,,290.00,100 גרם,false,,12.50,0.0431,true,1,224152
7290112967800,false,אסם בישולים מיקס בצלים 200 ג',,,אבקת מרק מיקס בצלים,,200.00,100 גרם,false,,19.90,0.0995,true,1,233258
7290112967824,false,אסם בישולים מיקס קלאסי 200 ג',,,אבקת מרק אסם בישולים,,200.00,100 גרם,false,,19.90,0.0995,true,1,233257
7290112967848,false,ג'לי תות שדה מופחת סוכר 90 גר אסם,מיוצר עי קונדיטוריית,IL,ג'לי תות מופחת סוכר,,68.00,100 גרם,false,,6.90,0.1015,true,1,234593
7290112968203,false,סלט טחינה בלאדי צבר 250 גרם,שוורצקוף& הנקל דיסלד,IL,סלט טחינה באלדי צבר,,250.00,,false,,10.90,0.0436,true,1,230336
7290112968340,false,חומוס תבלינים צבר 400 גרם,שוורצקוף& הנקל דיסלד,IL,חומוס גרוס גס גס צבר,,400.00,,false,,14.50,0.0363,true,1,230125
7290112968449,false,סלט כרוב אדום צבר 250 גר',שוורצקוף& הנקל דיסלד,IL,סלט כרוב אדום צבר 25,,250.00,100 גרם,false,,10.90,0.0436,true,1,230341
7290112968524,false,סלט חומוס גרגירים רכים צבר 250 גרם,שוורצקוף& הנקל דיסלד,IL,סלט חומוס סמיר צבר 2,,250.00,100 גרם,false,,10.90,0.0436,true,1,230343
7290112968685,false,חומוס גרגרים בתטבילה צבר 400 גרם,שוורצקוף& הנקל דיסלד,IL,חומוס גרגרים בתטבילה,,400.00,100 גרם,false,,14.50,0.0363,true,1,230128
7290112968807,false,פיטנס - קרקר דק סלק 140 גרם,מפעל אסם יקנעם,IL,פיטנס קרקר דק סלק 14,,140.00,100 גרם,false,,12.90,0.0921,true,1,232887
7290112968821,false,פיטנס - קרקר דק בטטה 140 גרם,מפעל אסם יקנעם,IL,פיטנס קרקר דק בטטה 1,,140.00,100 גרם,false,,12.90,0.0921,true,1,232889
7290112969286,false,אסם בישולים רוטב חרדל ודבש 330 גר'.,"אסם השקעות בע""מ",IL,רוטב חרדל ודבש אסם 3,,330.00,100 גרם,false,,16.90,0.0512,true,1,233260
7290113190375,false,סילאן סירופ תמרים טב,שקדיה,TR,סילאן טבעי 900 גרם,,900.00,100 גרם,false,,17.90,0.0199,true,1,214428
7290113190450,false,ממרח תמרים שקדיה 450,פוליבה,IL,ממרח תמרים 450 גרם ש,,450.00,100 גרם,false,,5.90,0.0131,true,1,213458
7290113192225,false,תערובת להכנה מהירה סופלה שוקולד 200 גר',קריות זול,,תערובת להכנת סופלה ש,,200.00,100 גרם,false,,12.90,0.0645,true,1,231786
7290113192317,false,בית השיטה טבעות זיתים מושחרים 280 גר',בית השיטה,IL,טבעות זיתים מושחרים,,280.00,,false,,11.90,0.0425,true,1,231056
7290113192355,false,חרוזית זיתים ירוקים ללא גלעין 275 ג' בית השיטה,בית השיטה,IL,חרוזית ירוק 275גרם ב,,275.00,100 גרם,false,,10.90,0.0396,true,1,231058
7290113192362,false,טבעות זיתים ירוקים 280 ג' בית השיטה,בית השיטה,IL,טבעות זיתים ירוקים 2,,280.00,100 גרם,false,,10.90,0.0389,true,1,231059
7290113192379,false,בית השיטה זיתים ירוקים מבוקעים א2 340גר',בית השיטה,IL,זיתים ירוקים מבוקעים,,340.00,,false,,10.90,0.0321,true,1,231060
7290113192386,false,זיתים סורי מבוקע A2 בית השיטה 340ג',בית השיטה,IL,זית סורי מבוקע 340גר,,340.00,,false,,11.50,0.0338,true,1,231061
7290113192393,false,בית השיטה קוקטייל זיתים א2 336גר',בית השיטה,IL,קוקטייל זיתים 336גרם,,336.00,100 גרם,false,,11.90,0.0354,true,1,231062
7290113192478,false,בית השיטה מלפפונים במלח בינוני 10-12 320 גרם,בית השיטה,IL,מלפפון במלח בינוניים,,320.00,100 גרם,false,,8.90,0.0278,true,1,231069
7290113192492,false,בית השיטה מלפפונים בחומץ קטנים 1317 290 גרם,בית השיטה,IL,מלפפון בחומץ קטנים 1,,290.00,,false,,10.90,0.0376,true,1,231072
7290113192508,false,בית השיטה מלפפונים במלח קטן 1317 320 גרם,בית השיטה,IL,מלפפון במלח קטנים 13,,320.00,100 גרם,false,,10.90,0.0341,true,1,231073
7290113192515,false,בית השיטה מלפפונים במלח קטן מאוד 1825 320 גרם,בית השיטה,IL,מלפפון במלח 18-25 קט,,320.00,100 גרם,false,,12.90,0.0403,true,1,231077
7290113192539,false,בית השיטה מלפפונים במלח גדול 79 320 גרם,בית השיטה,IL,מלפפון במלח גדולים 7,,320.00,,false,,6.90,0.0216,true,1,231079
7290113192546,false,בית השיטה מלפפונים בחומץ גדול 79 290 גרם,בית השיטה,IL,מלפפון בחומץ גדולים,,290.00,,false,,6.90,0.0238,true,1,231081
7290113192553,false,בית השיטה מלפפונים במלח 13-17 בלדי 320 גר',בית השיטה,IL,מלפפון במלח בלדי 13-,,320.00,100 גרם,false,,10.90,0.0341,true,1,231082
7290113192560,false,בית השיטה פלפל שיפקה חריף כבוש 230 גרם,בית השיטה,IL,פלפל שיפקה א2 230 גר,,230.00,100 גרם,false,,6.90,0.0300,true,1,232021
7290113192577,false,בית השיטה כרוב כבוש חתוך 430 גרם,בית השיטה,IL,כרוב כבוש א2 430 גרם,,430.00,,false,,7.90,0.0184,true,1,232022
7290113192881,false,"טורטיה חיטה מופחת קלוריות, קוטר 20 ס""מ - 6 יח'",דין שיווק,IL,טורטיה חיטה מופחתת ק,,270.00,100 גרם,false,,9.90,0.0367,true,1,231795
7290113193017,false,בית השיטה קוקטייל זיתים 275 גר',בית השיטה,IL,קוקטייל זיתים חרוזית,,275.00,100 גרם,false,,13.90,0.0505,true,1,232025
7290113195196,false,רסק תפוחי עץ 710 גרם,,,רסק תפוחי עץ 710 גרם,,710.00,100 גרם,false,,9.90,0.0139,true,1,234120
7290113195271,false,ממרח פלפלים פיקנטיים 360 ג',דין שיווק,,ממרח פלפלים פיקנטיים,,360.00,100 גרם,false,,11.90,0.0331,true,1,234126
7290113195363,false,שמן חמניות מזוכך בית,בית השיטה,,שמן חמניות מזוכך בית,,1000.00,100 גרם,false,,11.90,0.0119,true,1,235939
7290113195967,false,שיבולת שועל שקדיה פח,דין שיווק,IL,שיבולת שועל 500גרם פ,,500.00,100 גרם,false,,9.90,0.0198,true,1,234128
7290113196025,false,פסטה צינורות 500 ג' שקדיה,,,פסטה צינורות שקדיה 5,,500.00,100 גרם,false,,4.90,0.0098,true,1,238854
7290113196414,false,"אורז בסמטי שקדיה 1 ק""ג",קריות זול,IN,"אורז בסמטי 1 ק""ג שקד",,1000.00,100 גרם,false,,12.90,0.0129,true,1,236407
7290113196513,false,פריכיות כוסמת בתוספת שקדים שקדיה 150 ג',דין שיווק,IL,פריכיות כוסמת בתוספת,,150.00,100 גרם,false,,10.90,0.0727,true,1,236403
7290113196520,false,פריכיות כוסמין ללא מלח שקדיה 150 ג',דין שיווק,IL,פריכיות כוסמין ללא מ,,150.00,100 גרם,false,,9.90,0.0660,true,1,236404
7290113196896,false,תרסיס שמן זית 170 ג' שקדיה,שקדיה,IL,"תרסיס שמן זית 170 מ""",,170.00,,false,,13.90,0.0818,true,1,236408
7290113196933,false,מנה חמה אטריות אורז בטעם טום יאס70 ג' סו שף,קריות זול,,מנה חמה אטריות אורז,,60.00,100 גרם,false,,7.90,0.1317,true,1,238861
7290113197152,false,לבבות דקל שלם בצנצנת,שקדיה,IL,לבבות דקל שלם במי מל,,410.00,100 גרם,false,,12.90,0.0315,true,1,236409
7290113197169,false,חמאת בוטנים טבעית שק,,,חמאת בוטנים טבעית 51,,510.00,100 גרם,false,,16.90,0.0331,true,1,238862
7290113197176,false,חמאת בוטנים טבעית עם,,,חמאת בוטנים טבעית עם,,510.00,,false,,16.90,0.0331,true,1,238863
7290113198562,false,סוכריות גומי בטעם תות שדה 200 ג' שקדיה,טופ גלוב,IL,סוכריות גומי בטעם תו,,200.00,100 גרם,false,,10.00,0.0500,true,1,237810
7290113198579,false,סוכריות גומי דובונים בטעמי פירות 200 ג' שקדיה,טופ גלוב,IL,סוכריות גומי דובונים,,200.00,100 גרם,false,,10.00,0.0500,true,1,237811
7290113198586,false,סוכריות גומי מסוכרות בטעם אפרסק 200 ג' שקדיה,טופ גלוב,IL,סוכריות גומי מסוכרות,,200.00,100 גרם,false,,10.00,0.0500,true,1,237809
7290113198593,false,סוכריות גומי מסוכרות בטעם בננה 200 ג' שקדיה,טופ גלוב,IL,סוכריות גומי מסוכרות,,200.00,100 גרם,false,,10.00,0.0500,true,1,237808
7290113198609,false,סוכריות גומי נחשים בטעמי פירות 200 ג' שקדיה,טופ גלוב,IL,סוכריות גומי נחשים ב,,200.00,100 גרם,false,,10.00,0.0500,true,1,237807
7290113199323,false,טורטיה מיני 150ג' שקדיה,,TR,טורטיה מיני 150 גרם,,150.00,100 גרם,false,,5.50,0.0367,true,1,238857
7290113199392,false,פרכיות כוסמת דקות בת,,,פריכיות דקות כוסמת,,150.00,,false,,9.90,0.0660,true,1,238298
7290113199767,false,ממרח 100% שקדים שקדי,פפאיינס,TW,ממרח 100 % שקדים 300,,300.00,,false,,27.90,0.0930,true,1,238412
7290113199774,false,ממרח 100% בוטנים שקד,פפאיינס,TW,ממרח 100 % בוטנים 30,,300.00,,false,,14.90,0.0497,true,1,238410
7290113199781,false,ממרח 100% מיקס אגוזי,פפאיינס,TW,ממרח 100 % אגוזים ו,,300.00,,false,,14.90,0.0497,true,1,238411
7290113199927,false,סוכריות חמצוצים בטעם פירות 180 ג' שקדיה,דין שיווק,IL,סוכריות חמצוצים בטעמ,,200.00,100 גרם,false,,10.00,0.0500,true,1,237816
7290113319240,false,בקבוק פלסטיק עם צמיד,,,בקבוק פלסטיק עם צמיד,,500.00,,false,,19.90,0.0398,true,1,238464
7290113594494,false,אצבעות שוקולד ממולא,,,אצבעות שוקולד ממולא,,50.00,,false,,4.90,0.0980,true,1,233999
7290113597129,false,צלחת במבוק 23 בייבי שארק,,,צלחת במבוק 23 בייבי,יחידה,0.00,יחידה,false,,9.90,0.0000,true,1,224072
7290113622517,false,פסטה ללא גלוטן אורז,,,פסטה ללא גלוטן אורז,,250.00,100 גרם,false,,10.90,0.0436,true,1,234525
7290114310215,false,"**טרה שמנת מתוקה 38% 250 מ""ל בקבוק.",מילקו תעשיות בעמ,IL,שמנת מתוקה 38% בקבוק,,250.00,100 גרם,false,,6.47,0.0259,true,1,231051
7290114310222,false,חלב 1.5 ליטר 3% מועשר בסידן וויטמין D.,מילקו תעשיות בעמ,IL,חלב טרה 1.5ל 3ֵ% מעו,,1500.00,,false,,12.90,0.0086,true,1,239371
7290114310239,false,חלב טרה נטול לקטוז מועשר בוויטמין D 2% 1.5 ל',מילקו תעשיות בעמ,IL,חלב נטול לקטוז 1.5 ל,,1500.00,,false,,12.90,0.0086,true,1,239370
7290114310338,false,צפתית מעודנת 5% 225 גר' משק צוריאל,מחלבת משק צוריאל,IL,צפתית מעודנת 225גר,,225.00,100 גרם,false,,19.90,0.0884,true,1,233853
7290114310383,false,מולר קציפת יוגורט בטעם וניל צרפתי 97 גרם,מולר Muller,IL,מולר פרופ קציפת יוג,,97.00,100 גרם,false,,5.20,0.0536,true,1,239490
7290114310390,false,"מולר פרופ קציפת יוגורט בננה לוטי 5% 150 מ""ל",מולר Muller,IL,מולר פרופ קציפת יוג,,97.00,100 גרם,false,,5.20,0.0536,true,1,239492
7290114310406,false,"מולר פרופ קציפת יוגורט תות 5% 150 מ""ל",מולר Muller,IL,מולר פרופ קציפת יוג,,97.00,100 גרם,false,,5.20,0.0536,true,1,239491
7290114310536,false,יוגורט לייט מעושר בחלבון בטעם וניל מולר 200 ג',מולר Muller,IL,מולר אקטיב לייט יוגו,,200.00,100 גרם,false,,6.40,0.0320,true,1,234889
7290114310611,false,"משקה חלב בננה בבקבוק פקק ספורט טרה 250 מ""ל",Unknown,IL,"משקה חלב בננה 250 מ""",,250.00,100 גרם,false,,5.70,0.0228,true,1,234891
7290114310628,false,משקה חלב בטעם וניל עוגיות 1.5% שומן,מילקו תעשיות בעמ,IL,משקה חלב וניל ועוגיו,,1000.00,100 גרם,false,,12.90,0.0129,true,1,235901
7290114311014,false,"משקה חלב אייס קפוצ'ינו בבקבוק 250 מ""ל",Unknown,IL,משקה אייס קפוצינו טר,,250.00,,false,,5.70,0.0228,true,1,238121
7290114311021,false,משקה חלב בטעם וניל עוגיות 1.5% שומן,Unknown,IL,משקה וניל עוגיות טרה,,250.00,100 גרם,false,,5.70,0.0228,true,1,238122
7290114311038,false,שמנת מתוקה עמידה 32% 250מל בקבוק,Unknown,IL,שמנת להקצפה טרה 32%,,250.00,100 גרם,false,,7.50,0.0300,true,1,238160
7290114311076,false,"חמאת מולר צהובה עם שום, 200 גרם",מולר Muller,IL,מולר חמאה צהובה עם ש,,200.00,100 גרם,false,,12.90,0.0645,true,1,238163
7290114311083,false,"חמאת מולר צהובה עם מלח, 200 גרם",מילקו,IL,מולר חמאה צהובה עם מ,,200.00,100 גרם,false,,11.90,0.0595,true,1,238164
7290114311298,false,יוגורט קציפת תות בננה מלון 150 ג' מולר,מולר Muller,IL,מולר פרופ קציפת תות,,150.00,100 גרם,false,,5.50,0.0367,true,1,238606
7290114311304,false,יוגורט קציפת מנגו פסיפלורה בננה 150 ג' מולר,מולר Muller,IL,מולר פרופ קציפת מנגו,,150.00,100 גרם,false,,5.50,0.0367,true,1,238607
7290114311328,false,חלב נטול לקטוז 2% שומן מועשר בויטמין D,ג'י.אר.אמ.גרופו אלימ,IL,חלב נטול לקטוז מועשר,,1000.00,,false,,8.40,0.0084,true,1,238971
7290114311359,false,יוגורט עם קציפת מנגו 3% שומן פרופ 150 ג' מולר,מולר Muller,IL,מולר פרופ קציפת מנגו,,150.00,100 גרם,false,,5.50,0.0367,true,1,238711
7290114311441,false,"מולר אקטיב בטעם עוגיות חמאה 0% שומן, 200 גרם",מולר Muller,IL,מולר אקטיב בטעם עוגי,,200.00,100 גרם,false,,6.40,0.0320,true,1,239489
7290114311458,false,"חלב מועשר 3% וויטמין קרטון, 1 ל טרה",Unknown,IL,חלב 3% מועשר ויטמין-,,1000.00,,false,,7.90,0.0079,true,1,239218
7290114311502,false,"משקה חלב בקבוק בטעם סחלב, 1 ליטר",מילקו תעשיות בעמ,IL,משקה חלב בטעם סחלב 1,,1000.00,,false,,12.90,0.0129,true,1,239487
7290114604895,false,ממרח ספייסי לחיץ 446 גר' מאסטר שף,מאסטר שף,NL,ממרח ספייסי לחיץ מאס,,446.00,100 גרם,false,,15.90,0.0357,true,1,240222
7290114655903,false,בקבוק טריטן עם צמידי,,,בקבוק טריטן עם צמידי,,700.00,,false,,19.90,0.0284,true,1,239129
7290114655934,false,בקבוק טריטן עם צמידי,,,בקבוק טריטן עם צמידי,,700.00,,false,,19.90,0.0284,true,1,239130
7290115072686,false,בקבוק פלסטיק עם צמיד,,,בקבוק פלסטיק עם צמיד,,500.00,100 גרם,false,,19.90,0.0398,true,1,238467
7290115073713,false,שלישיית ביצי שוקולד(חלב נוכרי)-טום וג'רי,Unknown,,שלישיית ביצי שוקולד-,יחידה,0.00,יחידה,false,,12.90,0.0000,true,1,238323
7290115073720,false,שלישיית ביצי שוקולד(חלב נוכרי)-לוני טונס,,,שלישיית ביצי שוקולד-,יחידה,0.00,יחידה,false,,12.90,0.0000,true,1,238324
7290115079357,false,שלישיית ביצי שוקולד,,,שלישיית ביצי שוקולד,,60.00,100 גרם,false,,9.90,0.1650,true,1,236552
7290115190014,false,סיגריות מרלבורו רד קצר בוקס,פיליפ מוריס,,מרלבורו אדום קצר,יחידה,0.00,יחידה,false,,35.50,0.0000,false,1,233141
7290115190038,false,סיגריות מרלבורו רד קצר סופט,פיליפ מוריס,,מרלבורו אדום קצר סופ,יחידה,0.00,יחידה,false,,35.50,0.0000,false,1,233128
7290115190090,false,סיגריות מרלבורו גולד קצר בוקס,פיליפ מוריס,,מרלבורו גולד קצר,יחידה,0.00,יחידה,false,,35.50,0.0000,false,1,233117
7290115190137,false,מלברו עדין פיין טאץ 7.1,פיליפ מוריס,,מרלבורו פיין טאצ,יחידה,0.00,יחידה,false,,35.50,0.0000,false,1,233137
7290115190151,false,סיגריות מרלבורו טאץP,פיליפ מוריס,,מרלבורו כחול טאצ,יחידה,0.00,יחידה,false,,35.50,0.0000,false,1,233134
7290115190212,false,סיגריות פרלמנט בלו ארוך,פיליפ מוריס,,פרלמנט כחול ארוך,יחידה,0.00,יחידה,false,,42.00,0.0000,false,1,233122
7290115190250,false,סיגריות פרלמנט נייטP,פיליפ מוריס,,פרלמנט קצר,יחידה,0.00,יחידה,false,,42.00,0.0000,false,1,232917
7290115190359,false,סיגריות ל.מ בלוPP חפ,פיליפ מוריס,,אל אם כחול קצר,יחידה,0.00,יחידה,false,,32.00,0.0000,false,1,232918
7290115190373,false,סיגריות ל.מ. קפסולהP,פיליפ מוריס,,אל אם פורברד קפסולה,יחידה,0.00,יחידה,false,,32.00,0.0000,false,1,233139
7290115190519,false,סיגריות נקסט פיין חפ,פיליפ מוריס,,נקסט פיין,יחידה,0.00,יחידה,false,,30.00,0.0000,false,1,233127
7290115200003,false,פתי בר פינוקי וניל 220 גר' אסם,תאי פרזידנט פוד פאבל,PL,פתי בר פינוקי וניל 2,,220.00,100 גרם,false,,12.70,0.0577,true,1,231728
7290115200027,false,פתי בר פינוקי שוקו 220 גר' אסם.,קריות זול,PL,פתי בר פינוקי שוקו 2,,220.00,100 גרם,false,,12.70,0.0577,true,1,231729
7290115200676,false,עוגיות קרמוגית במילוי קרם בטעם קרמל מלוח,היינץ צפון אמריקה מק,IL,קרמוגית קרמל מלוח אס,,200.00,,false,,12.70,0.0635,true,1,232000
7290115201031,false,אסם פתיבר דובי שוקולד 175 גר',טרופיקל דגיל תעשיות,PL,פתי בר דובי שוקולד 1,,175.00,100 גרם,false,,12.70,0.0726,true,1,234603
7290115201451,false,טבעול גורמה לביבות בטטה 455 גר',טבעול (מקבוצת אסם הש,IL,טבעול לביבות בטטה קא,,455.00,100 גרם,false,,38.90,0.0855,true,1,238415
7290115201680,false,ביסלי ברביקיו אסם 70,"אסם השקעות בע""מ",IL,ביסלי ברביקיו אסם 70,,70.00,100 גרם,false,,4.90,0.0700,true,1,232888
7290115201703,false,ביסלי בטעם ברביקיו 200 ג' אסם,מיוצר עי קונדיטוריית,IL,ביסלי ברביקיו אסם 20,,200.00,100 גרם,false,,8.90,0.0445,true,1,232885
7290115201741,false,ביסלי בטעם בצל אסם 7,"אסם השקעות בע""מ",IL,ביסלי בטעם בצל אסם 7,,70.00,100 גרם,false,,4.90,0.0700,true,1,232886
7290115203134,false,פופקו פופקורן במבה - פופקורן בציפוי קרמל ובוטנים,"אסם השקעות בע""מ",IL,פופקו פופקורן במבה א,,80.00,100 גרם,false,,5.50,0.0688,true,1,234951
7290115203172,false,במבה PRO מכיל 18 גרם חלבון בשקית,"אסם השקעות בע""מ",IL,במבה פרו 80 גרם,,80.00,100 גרם,false,,4.90,0.0613,true,1,238935
7290115204018,false,מנה חמה איטלקי פסטה בסגנון אלפרדו 60 ג' אסם,נסטלה,IL,מנה חמה איטלקי פסטה,,60.00,,false,,6.90,0.1150,true,1,239625
7290115204056,false,אסם קטשופ מופחת סוכר 690 גר',קריות זול,IL,אסם קטשופ מופחת סוכר,,690.00,,false,,10.90,0.0158,true,1,235667
7290115204131,false,צבר סחוג ירוק 6*190גרם חדש,צבר,,סחוג ירוק צבר 190גר,,190.00,100 גרם,false,,12.90,0.0679,true,1,238238
7290115204261,false,אריסה חריפה המעדנייה,צבר,,אריסה צבר 190גר,,190.00,,false,,12.90,0.0679,true,1,238239
7290115205022,false,אוסם - שקדי מרק מקלונים 350 גרם,אסם,IL,שקדי מרק מקלונים אסם,,350.00,,false,,13.90,0.0397,true,1,237107
7290115205176,false,פיטנס - קרקר דק כפרי פיטנס 140 גרם,נסטלה Nestle,IL,פיטנס קרקר דק כפרי 1,,140.00,100 גרם,false,,12.90,0.0921,true,1,236300
7290115205251,false,פיטנס בר פריכיות קרמל מלוח 84 גרם,כרמית,IL,פיטנס בר פריכיות קרמ,,84.00,100 גרם,false,,14.90,0.1774,true,1,239301
7290115205312,false,קרקר פיטנס דק עם זיתי קלמטה ועשבי תיבול,"אסם השקעות בע""מ",IL,פיטנס קרקר דק זיתים,,140.00,100 גרם,false,,12.90,0.0921,true,1,238070
7290115205527,false,פיטנס חטיף מולטגריין עם עדשים 25גר,פיטנס,IL,פיטנס חטיף מולטיגריי,,25.00,100 גרם,false,,5.90,0.2360,true,1,238420
7290115205718,false,בצק מצונן עלים 230 גר' בונז'ור,נסטלה סוויס (שוויץ),IL,בצק עלים מצונן בונזו,,230.00,,false,,16.90,0.0735,true,1,238458
7290115205978,false,פתיבר ואצבעות שוקולד 180 גרם - רבנות,"ד""ר ג'רארד בע""מ",PL,פתי בר אצבעות שוקולד,,180.00,,false,,12.70,0.0706,true,1,237615
7290115206135,false,טבעול גורמה ארוחת קינואה 450 גר',טבעול (מקבוצת אסם הש,IL,טבעול גורמה ארוחת קי,,450.00,100 גרם,false,,38.90,0.0864,true,1,238231
7290115207484,false,צבר חציל על האש היתר 6*400גרם.,ג'נרל מילס סאן אדריא,IL,צבר חציל על האש היתר,,360.00,100 גרם,false,,16.90,0.0469,true,1,238235
7290115207507,false,צבר סלט טורקי 6*360גרם,ג'נרל מילס סאן אדריא,IL,צבר סלט טורקי 360גר,,360.00,100 גרם,false,,16.90,0.0469,true,1,238236
7290115207682,false,"רוטב בסגנון סויה סיני 290 מ""ל",Unknown,,רוטב בסגנון סויה סינ,,290.00,,false,,12.90,0.0445,true,1,238073
7290115207798,false,טבעול המבורגר חריף טבעוני 420 גרם,עיצובים 2020 (4.8),,טבעול בורגר חריף טבע,,420.00,,false,,33.90,0.0807,true,1,237623
7290115207941,false,סירופ אננס 1 ל' ויטמינצ'יק,בית-השיטה עסיס תעשיו,IL,ויטמינציק אננס 1 ליט,,1000.00,,false,,21.90,0.0219,true,1,237293
7290115207965,false,סירופ מנגו ואפרסק 1 ל' ויטמינצ'יק,בית-השיטה עסיס תעשיו,IL,ויטמינציק מנגו אפרסק,,1000.00,,false,,21.90,0.0219,true,1,237297
7290115207989,false,סירופ לימון 1 ל' ויטמינצ'יק,בית-השיטה עסיס תעשיו,IL,ויטמינצ'יק לימון 1 ל,,1000.00,,false,,21.90,0.0219,true,1,237294
7290115208009,false,סירופ ענבים 1ל' ויטמינצ'יק,בית-השיטה עסיס תעשיו,IL,ויטמינציק ענבים 1 ל,,1000.00,100 גרם,false,,21.90,0.0219,true,1,237295
7290115208047,false,סירופ פטל 1 ל' ויטמינצ'יק,בית-השיטה עסיס תעשיו,IL,ויטמינציק פטל 1 ליטר,,1000.00,100 גרם,false,,21.90,0.0219,true,1,237292
7290115208061,false,סירופ תפוח 1ל' ויטמינצ'יק,בית השיטה עסיס תעשיו,IL,ויטמינציק תפוח 1 ליט,,1000.00,100 גרם,false,,21.90,0.0219,true,1,237296
7290115208320,false,אפרופו חטיף בטעם ביסלי בצל 50 גרם,"אסם השקעות בע""מ",IL,אפרופו בטעם ביסלי בצ,,50.00,100 גרם,false,,5.30,0.1060,true,1,239631
7290115208597,false,אסם קרמוגית מיניס קרמל מלוח 200 גרם,"אסם השקעות בע""מ",IL,קרמוגית מיניס קרמל מ,,200.00,100 גרם,false,,12.70,0.0635,true,1,238766
7290115208801,false,לחמית דבש ואגוזים 190ג אסם,Unknown,IL,לחמית דבש ואגוזים 19,,190.00,,false,,11.50,0.0605,true,1,238938
7290115208849,false,"מנה חמה פסטה מוקרמת ט.עוף בד""צ 55גר",קריות זול,IL,מנה חמה אסם פירה עם,,51.00,100 גרם,false,,6.90,0.1353,true,1,239626
7290115209198,false,במבה אורירית 80 ג' אסם,אסם השקעות בעמ,IL,במבה אורירית אסם 80,,80.00,100 גרם,false,,4.90,0.0613,true,1,238419
7290115209235,false,אסם פתי בר קפה 500 גרם,קריות זול,IL,פתי בר קפה 500 גרם א,,500.00,100 גרם,false,,14.90,0.0298,true,1,239303
7290115209358,false,במבה במילוי קרם בטעם בראוניז,"אסם השקעות בע""מ",IL,במבה במילוי בראוניז,,60.00,,false,,4.90,0.0817,true,1,239628
7290115209372,false,במבה במילוי בראוניז 150ג' אסם,"אסם השקעות בע""מ",IL,במבה במילוי בראוניז,,150.00,,false,,10.70,0.0713,true,1,239629
7290115405088,false,קפולסקי קינוח אישי קדאיף 200 גר',קפולסקי אדל בעמ,IL,קינוח אישי קדאיף חלב,,200.00,100 גרם,false,,14.90,0.0745,true,1,232755
7290115405118,false,קפולסקי קינוח אישי תענוג תות 200 גר',קפולסקי אדל בעמ,IL,קינוח אישי תענוג תות,,200.00,100 גרם,false,,14.90,0.0745,true,1,232758
7290115405774,false,פחזניות ממולאות בטעם וניל 180 גרם,תופינים מקבוצת קפולס,IL,פחזניות ממולאות בטעם,,180.00,100 גרם,false,,14.90,0.0828,true,1,238809
7290115405804,false,פחזניות ממולאות בטעם תות 180 גרם,קפולסקי אדל בעמ,IL,פחזניות ממולאות טעם,,180.00,,false,,14.90,0.0828,true,1,238812
7290115405828,false,קינוח אישי גבינה אוכמניות 200 גרם,קפולסקי אדל בעמ,IL,קינוח אישי גבינה אוכ,,200.00,100 גרם,false,,14.90,0.0745,true,1,238336
7290115480009,false,"מרכך כביסה מרוכז פרש קונטרול ירוק 900 מ""ל סוד",הנקל סוד,IL,סוד מרכך מרוכז פרש ק,,900.00,100 גרם,false,,13.90,0.0154,true,1,236660
7290115480016,false,קפסולות ג'ל כביסה 26 יח' סוד,סוד,,סוד קפסולות ג'ל 3+1,יחידה,0.00,יחידה,false,,29.90,0.0000,true,1,238777
7290115671223,false,מסטיק מאסט פאן בצנצנת אבטיח מנגו,אסקום קונפקשיין,DE,מסטיק מאסט פאן אבטיח,,58.00,100 גרם,false,,9.90,0.1707,true,1,237075
7290115671308,false,מסטיק מאסט פאן בצנצנת תות דובדבן,אסקום קונפשטיין,DE,מסטיק מאסט פאן תות ד,,58.00,100 גרם,false,,9.90,0.1707,true,1,237076
7290115671346,false,מיני פינוקיות טופי קרמל מלוח 180 ג' עלית,הגביע מוצרי ופלים בע,IL,מיני פינוקיות טופי,,180.00,,false,,10.90,0.0606,true,1,235641
7290115675986,false,יוגורט עם אגוזי לוז ושקדים בקרמל מלוח 4.5%,"שטראוס בריאות בע""מ",IL,דנונה בר עם אגוזים מ,,173.00,100 גרם,false,,5.10,0.0295,true,1,233906
7290115676051,false,"אקטיביה משקה+שיבולת שועל במתיקות מעודנת 250 מ""ל",מיוצר עי קונדיטוריית,IL,אקטיביה משקה שיבולת,,265.00,100 גרם,false,,5.70,0.0215,true,1,236557
7290115676082,false,משקה דנונה פרו 20 יוגורט תות 255 ג' רבנות,"שטראוס בריאות בע""מ.",IL,דנונה פרו משקה בטעם,,255.00,100 גרם,false,,7.80,0.0306,true,1,234999
7290115676099,false,משקה דנונה פרו 20 יוגורט וניל 255 ג' רבנות,"שטראוס בריאות בע""מ.",IL,דנונה פרו משקה בטעם,,255.00,100 גרם,false,,7.80,0.0306,true,1,235000
7290115677676,false,חומוס עשיר בטחינה גולמית עם מלא חריף 400 גר אחלה,,,חומוס הסדרה המובחרת,,400.00,100 גרם,false,,12.90,0.0323,true,1,234051
7290115677904,false,חומוס פלפלים חריף 235 גרם אחלה,מיוצר עי קונדיטוריית,IL,חומוס פלפלים חריף 23,,235.00,100 גרם,false,,11.90,0.0506,true,1,234805
7290115678222,false,מארז 8 גביעים יוגורט Greek בסגנון יווני 6.5% שומן,דנונה - שטראוס,IL,יוגורט יווני 6.5% שו,,1040.00,100 גרם,false,,26.50,0.0255,true,1,235003
7290115678376,false,מעדן הגולן שוקולד 125 גרם,מיוצר עי קונדיטוריית,IL,מעדן הגולן שוקולד 12,,125.00,100 גרם,false,,3.20,0.0256,true,1,235633
7290115678383,false,מעדן הגולן שוקולד מריר 125 גר,מיוצר עי קונדיטוריית,IL,מעדן הגולן שוקולד מר,,125.00,100 גרם,false,,3.20,0.0256,true,1,235634
7290115679878,false,פיצה מבצק עם סלק שטר,גסטרונומיה פרוסט אס.,IT,פיצה סלק 320 גרם דלי,,320.00,100 גרם,false,,27.90,0.0872,true,1,239802
7290115679960,false,ציטוס פופקורן טבעי 60 גר',"שטראוס פריטו ליי בע""",IL,צ'יטוס פופקורן טבעי,,60.00,100 גרם,false,,4.20,0.0700,true,1,236015
7290116240077,false,כוס שתיה דופן כפולה עם קש וקונפטי נסיכות,,,כוס שתיה דופן כפולה,יחידה,0.00,יחידה,false,,14.90,0.0000,true,1,239119
7290116240121,false,כוס שתיה דופן כפולה,,,כוס שתיה דופן כפולה,יחידה,0.00,יחידה,false,,14.90,0.0000,true,1,239124
7290116240145,false,כוס שתיה דופן כפולה עם קש וקונפטי מיקי,,,כוס שתיה דופן כפולה,יחידה,0.00,יחידה,false,,14.90,0.0000,true,1,239121
7290116240169,false,כוס שתיה דופן כפולה עם קש וקונפטי ריינבוקורן,,,כוס שתיה דופן כפולה,יחידה,0.00,יחידה,false,,14.90,0.0000,true,1,239125
7290116530062,false,הלמנס לסלט ויניגרט 295 גרם,הלמנס hellmann's,IL,רוטב ויניגרט לסלט 29,,300.00,,false,,14.90,0.0497,true,1,235217
7290116531243,false,"שמפו ומרכך 2ב-1 למניעת קשקשים 700 מ""ל פינוק",יוניליוור,IL,פינוק שמפו ומרכך 2,,700.00,,false,,13.90,0.0199,true,1,236548
7290116531496,false,דגני בוקר קינמונים 375 ג' תלמה,נאוג'אזיס נווזיס UAB,LT,קינמונים דגנים פריכי,,375.00,100 גרם,false,,21.90,0.0584,true,1,237612
7290116531762,false,בדין - דפים למייבש כביסה ורוד 40 יחידות,קריות זול,US,בדין דפים למייבש וור,יחידה,0.00,יחידה,false,,19.90,0.0000,true,1,237517
7290116531816,false,"תחליב רחצה פינוק מייפל 700 מ""ל",,,פינוק תחליב רחצה שיי,,700.00,100 גרם,false,,12.90,0.0184,true,1,236213
7290116532486,false,גלידת שמנת קליק בטעמי וניל קרמל מלוח 384 ג' שטראוס,"גלידת שטראוס בע""מ, ר",IL,גלידה פיינט קליק וני,,520.00,100 גרם,false,,18.90,0.0363,true,1,238149
7290116533063,false,שוגי בטעם קרטיב ענבים 400 גרם,יוניליוור,IL,שוגי קרטיב ענבים 400,,400.00,100 גרם,false,,19.90,0.0497,true,1,238345
7290116533100,false,"פינוק מרכך שיער בניחוח ורדים לבנים 700 מ""ל",יוניליוור,IL,פינוק מרכך לשיער ניח,,700.00,,false,,13.90,0.0199,true,1,238875
7290116914473,false,מארז סוכריות על מקל,,,מארז סוכריות על מקל,,600.00,100 גרם,false,,19.90,0.0332,true,1,239141
7290116930282,false,ארוחה בקטנה לאבנה עם קרקרים 150ג' תנובה,תנובה,IL,ארוחה בקטנה לאבנה עם,,150.00,,false,,7.90,0.0527,true,1,239252
7290116930435,false,יוגורט יופלה GO במרקם סמיך עם דובדבן 0%,תנובה מרכז שיתופי לש,IL,יוגורט גו סמיך 0% דו,,200.00,,false,,6.20,0.0310,true,1,238247
7290116930466,false,"משקה SHAKE בננה מנגן פסיפלורה והל 230 מ""ל יופלה",יופלה Yoplait,IL,יופלה שייק מנגו בננ,,230.00,,false,,8.50,0.0370,true,1,238351
7290116930480,false,"משקה SHAKE בננה קיווי תפוח 230 מ""ל יופלה",יופלה Yoplait,IL,יופלה שייק בננה קיו,,230.00,,false,,8.50,0.0370,true,1,238352
7290116930718,false,מעדן תנובה דיאט בטעם שוקולד וקרמל מלוח 0% 150ג' תנובה,"תנובה בע""מ",IL,מעדן תנובה דיאט שוקו,,150.00,,false,,4.30,0.0287,true,1,238750
7290116930725,false,סויה BIO קוקוס גביע 150 גרם אלטרנטיב,תנובה בעמ,IL,סויה ביו קוקוס 150ג,,150.00,,false,,4.70,0.0313,true,1,238954
7290116931012,false,יופלה דיאט 0% שומן תפוח וקינמון 150 גרם,תנובה מרכז שיתופי לש,IL,יופלה דיאט 0% 150ג ת,,150.00,100 גרם,false,,5.20,0.0347,true,1,240444
7290116931159,false,יופלה דיאט 0% שומן תות בננה 150 גרם,תנובה מרכז שיתופי לש,IL,יופלה דיאט 0% תות ב,,150.00,100 גרם,false,,5.20,0.0347,true,1,240445
7290116931289,false,יוגורט GO סמיך אלפחורס 200 גרם,תנובה מרכז שיתופי לש,IL,יוגורט גו סמיך אלפחו,,200.00,100 גרם,false,,6.20,0.0310,true,1,240453
7290117260562,false,חמאה כפרית מסורתית בגביע,וילי פוד,TR,חמאה בגביע 225 גרם,,225.00,100 גרם,false,,17.90,0.0796,true,1,239870
7290117260586,false,חטיף קראנצ'י על בסיס קמח עדשים בטעם פלפל חלפיניו וליים 80 ג',וילי פוד,,חטיף קראנצ'י על בסיס,,80.00,,false,,7.90,0.0988,true,1,239173
7290117260890,false,פופקורן בטעם קוקוס 90 ג' ויליפוד,Unknown,UA,פופקורן בציפוי בטעם,,90.00,100 גרם,false,,6.90,0.0767,true,1,237641
7290117261170,false,פיתה יוונית עם קמח תירס מוקפאת - מארז 8 יחידות,וילי פוד,,פיתה יוונית עם קמח,,680.00,,false,,14.90,0.0219,true,1,238384
7290117261378,false,גבינת קשקבל לייט 250 גר 8% שומן,סאסו פטוראגס קומטויס,TR,גבינת קשקבל לייט 8%,,250.00,,false,,15.90,0.0636,true,1,238561
7290117261514,false,סלמון אטלנטי בשמן קנולה ולימון 120 גרם,קריות זול,,סלמון אטלנטי בשמן קנ,,120.00,,false,,11.90,0.0992,true,1,239224
7290117261545,false,סלמון אטלנטי ברוטב טריאקי 120 גרם,קריות זול,LV,סלמון אטלנטי ברוטב ט,,120.00,100 גרם,false,,11.90,0.0992,true,1,239228
7290117261583,false,סרדינים בריסלינג מעושנים בשמן קנולה 129 גרם (צנצנת),קריות זול,,סרדינים בריסלינג מעו,,185.00,100 גרם,false,,13.90,0.0751,true,1,239655
7290117262221,false,"משקה יוגורט פרוביוטי עם אננס 200מ""ל 2.3%שומן יורו",Euro יורו מחלבות אירופה,TR,משקה יוגורט פרוביוטי,,200.00,,false,,5.90,0.0295,true,1,239156
7290117262238,false,"משקה יוגורט פרוביוטי עם תות שדה 200מ""ל 2.3%שומן יורו",Euro יורו מחלבות אירופה,TR,משקה יוגורט פרוביוטי,,200.00,100 גרם,false,,5.90,0.0295,true,1,239155
7290117262245,false,"משקה יוגורט פרוביוטי עם אפרסק ומשמש 200מ""ל 2.3%שומן יורו",Euro יורו מחלבות אירופה,TR,משקה יוגורט פרוביוטי,,200.00,,false,,5.90,0.0295,true,1,239157
7290117380871,false,עוגות אישיות בטעם אוכמניות 120 ג' סלים דליס פייבר,הלמה הלום,NL,סלים דליס עוגות אישי,,120.00,100 גרם,false,,15.90,0.1325,true,1,240315
7290117382318,false,סלים דליס - חטיף חלבון מצופה שוקולד מריר 60 גרם,"י. מרבה ישראל בע""מ",IT,סלים דליס פרו 33 חטי,,60.00,100 גרם,false,,12.90,0.2150,true,1,239453
7290117382325,false,סלים דליס - פרו 33 חטיף חלבון מצופה שוקולד חלב 60 גרם,"י. מרבה ישראל בע""מ",IT,סלים דליס פרו 33 חטי,,60.00,100 גרם,false,,12.90,0.2150,true,1,239454
7290117382332,false,סלים דליס - חטיף חלבון מצופה שוקולד בטעם עוגיות 60 גרם,"י. מרבה ישראל בע""מ",IT,סלים דליס פרו 33 חטי,,60.00,100 גרם,false,,12.90,0.2150,true,1,239455
7290117383179,false,מארז משחות שיניים 3 טריפל אקשן 3 מברשות שיניים אקסטרה קלין,,,קולגייט מארז 3 טריפל,,150.00,,false,,19.90,0.1327,true,1,240116
7290117821404,false,ביצת הפתעה פלסטיק עם סוכריות קשות 10 גרם בצק,שמחה,IL,ביצת הפתעה פלסטיק עם,,10.00,100 גרם,false,,7.90,0.7900,true,1,238319
7290117821435,false,ביצת הפתעה פלסטיק עם סוכריות קשות 10 גרם חד קרן,שמחה,IL,ביצת הפתעה פלסטיק עם,,10.00,,false,,7.90,0.7900,true,1,238321
7290117860199,false,שמפו שמן ורד הבר ושמן מקדמיה לשיער יבש,קריות זול,,הוואי שמפו מעניק לחו,,700.00,100 גרם,false,,14.90,0.0213,true,1,239918
7290117860236,false,"הוואי - קרם רחצה בניחוח ויולה ורודה 700 מ""ל",הוואי,,הוואי קרם רחצה בניחו,,700.00,100 גרם,false,,14.90,0.0213,true,1,239940
7290117860243,false,"הוואי - מרכך מעניק לחות לשיער יבש 700 מ""ל","טרופיקל גליל בע""מ",IL,הוואי מרכך מעניק לחו,,700.00,100 גרם,false,,14.90,0.0213,true,1,239928
7290117860335,false,"ג'ל רחצה לגבר בניחוח מעורר 700 מ""ל הוואי",,,הוואי ג'ל רחצה לגבר,,700.00,100 גרם,false,,14.90,0.0213,true,1,239936
7290117860397,false,שמפו תמצית פריחת הדובדבן לשיער רגיל,קריות זול,,הוואי שמפו לשיער פרי,,700.00,,false,,14.90,0.0213,true,1,239917
7290117860540,false,"הוואי - שמפו עדין לילדים 700 מ""ל",קריות זול,,הוואי שמפו ילדים 700,,700.00,100 גרם,false,,14.90,0.0213,true,1,239924
7290117860595,false,"הוואי - מרכך מתיר קשרים לילדים 700 מ""ל",קריות זול,,הוואי מרכך ילדים מתי,,700.00,,false,,14.90,0.0213,true,1,239931
7290117860649,false,"שמפו קרטין, שמן קיק ומי ורדים",טרופיקל דגיל,IL,הוואי שמפו ללא סולפט,,700.00,,false,,14.90,0.0213,true,1,239923
7290117860694,false,"מרכך קרטין, שמן קיק ומי ורדים","טרופיקל גליל בע""מ",IL,הוואי מרכך ללא סולפט,,700.00,,false,,14.90,0.0213,true,1,239932
7290117860748,false,שמפו תמצית יסמין מעניק נפח לשיער דק,קריות זול,,הוואי שמפו מעניק נפח,,700.00,,false,,14.90,0.0213,true,1,239925
7290117860793,false,מרכך תמצית יסמין מעניק נפח לשיער דק,קריות זול,,הוואי מרכך מעניק נפח,,700.00,,false,,14.90,0.0213,true,1,239933
7290117860991,false,"תחליב רחצה יוגורט בניחוח שקדים 700 מ""ל הוואי",,,הוואי תחליב רחצה יוג,,700.00,100 גרם,false,,14.90,0.0213,true,1,239942
7290117901250,false,ממרח עגבניות מיובשות בתוספת זיתים ירוקים 290 ג' גורמה,,,ממרח עגבניות מיובשות,,290.00,,false,,14.90,0.0514,true,1,239433
7290118420378,false,פתיבר פינוקים בטעם תותים בשמנת - חלבי,קריות זול,IL,פתי בר פינוקים תותים,,220.00,,false,,12.70,0.0577,true,1,239633
7290118420477,false,בייגלה שטוחים בטעם ביסלי בצל 300ג' אסם,אסם,IL,בייגלה שטוחים בטעם ב,,300.00,100 גרם,false,,11.90,0.0397,true,1,239632
7290118420514,false,אינסטנט פודינג נוגט 75ג' אסם,"אסם השקעות בע""מ",IL,אסם אינסטנט פודינג נ,,75.00,100 גרם,false,,5.90,0.0787,true,1,239627
7296049224603,false,ניקולטי סט 3 מגבות מ,,,ניקולטי סט 3 מגבות מ,יחידה,0.00,יחידה,false,,10.90,0.0000,true,1,239317
7296049226904,false,לקיטשן מאג זכוכית מר,,,לקיטשן מאג זכוכית מר,יחידה,0.00,יחידה,false,,6.90,0.0000,true,1,239319
7296049226959,false,לקיטשן מאג זכוכית טו,,,לקיטשן מאג זכוכית טו,יחידה,0.00,יחידה,false,,6.90,0.0000,true,1,239321
7296058000526,false,פרח פרכיות כוסמת 130 גרם,פרח תעשיות,IL,פריכיות כוסמת 130גר,,130.00,100 גרם,false,,7.90,0.0608,true,1,202987
7296077003102,false,מפיץ ריח בקבוק,,,מפיץ ריח בקבוק,יחידה,0.00,יחידה,false,,9.90,0.0000,true,1,202027
7296082000028,false,ביצים פלוס מדיום 12י,,,ביצים פלוס מדיום 12י,,12.00,100 גרם,false,,15.90,1.3250,true,1,133218
7296082000035,false,ביצים פלוס אומגה3 6י,המכון למיון ושיווק ב,IL,ביצים פלוס אומגה3 6י,,6.00,,false,,15.90,2.6500,true,1,133219
7296082000066,false,ביצים פלוס 12יח L,,,ביצים פלוס 12יח L,,12.00,,false,,16.90,1.4083,true,1,133220
7296082000080,false,ביצים חופש 12יח,המכון למיון ושיווק ב,IL,ביצים חופש 12יח,,12.00,,false,,21.90,1.8250,true,1,146799
7296082000103,false,ביצים סופר טריות מדי,,,ביצים סופר טריות מדי,,30.00,,false,,27.87,0.9290,true,1,146800
7296082000134,false,ביצים רגילות לארג' 1,המכון למיון ושיווק ב,IL,ביצים רגילות לארג' 1,,12.00,,false,,12.05,1.0042,true,1,146803
7296082000141,false,ביצים רגילות מדיום 1,המכון למיון ושיווק ב,IL,ביצים רגילות מדיום 1,יחידה,0.00,יחידה,false,,11.15,0.0000,true,1,146804
7296082000165,false,ביצים אורגניות 12יח,המכון למיון ושיווק ב,IL,ביצים אורגניות 12יח,,12.00,100 גרם,false,,25.90,2.1583,true,1,146805
7296082000202,false,ביצים סופר טריה לארג,,,ביצים סופר טריה לארג,,18.00,,false,,18.07,1.0039,true,1,146806
7296102111093,false,מטאטא +מקל 1.5מ לבן,,,מטאטא +מקל 1.5מ לבן,יחידה,0.00,יחידה,false,,24.90,0.0000,true,1,238359
7296102191354,false,קוצץ ירקות ידני 3 לה,,,קוצץ ירקות ידני 3 לה,יחידה,0.00,יחידה,false,,24.90,0.0000,true,1,238451
7296102551073,false,מפת פלנל איכותית 220,,,מפת פלנל איכותית 220,יחידה,0.00,יחידה,false,,19.90,0.0000,true,1,238428
7296102619643,false,"קערת נירוסטה איכותית 24 ס""מ",,,קערת נירוסטה איכותית,יחידה,0.00,יחידה,false,,19.90,0.0000,true,1,235237
7296102619650,false,קערת נירוסטה איכותית,,,קערת נירוסטה איכותית,יחידה,0.00,יחידה,false,,19.90,0.0000,true,1,235238
7296102619681,false,"מסננת נירוסטה 28 ס""מ",,,"מסננת נירוסטה 28 ס""מ",יחידה,0.00,יחידה,false,,19.90,0.0000,true,1,235235
7296102666098,false,סט קשר חיתוך שיש+3סכ,,,סט קשר חיתוך שיש+3סכ,יחידה,0.00,יחידה,false,,19.90,0.0000,true,1,234361
7296102673218,false,"מחבת יציקה 20ס""מ פרס",,,"מחבת יציקה 20ס""מ פרס",יחידה,0.00,יחידה,false,,59.90,0.0000,true,1,238009
7296107000002,false,מלפפון 9-7 במלח 600 ג' פרי חן,,,מלפפון במלח 7-9 20%,,670.00,,false,,6.90,0.0103,true,1,223050
7296107000033,false,מלפפון חמוץ 7-9 בחומ,,,מלפפון חמוץ 7-9 בחומ,,670.00,,false,,6.90,0.0103,true,1,221812
7296107000439,false,זיתים חרוזית ירוק 56,,,זיתים חרוזית ירוק 56,,560.00,,false,,9.90,0.0177,true,1,223055
7312040017683,false,וודקה אבסולוט בקבוק,חברת אבסולוט,SE,וודקה אבסולוט 700מל,,700.00,,false,,69.90,0.0999,true,1,132504
7394376615832,false,אוטלי משקה שיבולת שועל בטעם שוקולד 1 ליטר,אוטלי OATLY,SE,משקה שיבולת שועל בטע,,1000.00,,false,,15.90,0.0159,true,1,231851
7394376616778,false,אוטלי משקה שיבולת שועל להקצפה בריסטה 1 ליטר,אוטלי OATLY,SE,משקה שיבולת שועל להק,,1000.00,100 גרם,false,,15.90,0.0159,true,1,231852
7501013122114,false,"נקטר משקה אננס בקרטונית ג'ומקס, 1 ל'",חומקס קומר קומרסאליז,MX,נקטר ג'ומקס אננס קרט,,1000.00,,false,,9.90,0.0099,true,1,223662
7501013122190,false,ג'ומקס מיץ תפוחים קרטונית ליטר תריסר,חומקס קומר קומרסאליז,MX,נקטר ג'ומקס תפוחים ק,,1000.00,100 גרם,false,,9.90,0.0099,true,1,223663
7501064191398,false,שישיית בירה קורונה אקסטרא *355 מל,קריניציה ויטמינה אס,MX,בירה קורונה בקבוק שי,,2130.00,,false,,35.90,0.0169,true,1,214940
7503024460681,false,שישיית בירה קורונה 3,,,בירה קורונה 6*355מל,,2130.00,,false,,34.90,0.0164,true,1,239096
7509546057545,false,ליידי ספיד סטיק פרו 5 סטיק 45 גר',קולגייט פלמוליב,BY,ליידי ספיד סטיק פרו,,45.00,100 גרם,false,,14.90,0.3311,true,1,236060
7509546663135,false,"קולגייט משחת שיניים זירו מנטה , 98 מ""ל",CP UK,MX,קולגייט זירו משחת שי,,98.00,,false,,12.90,0.1316,true,1,233793
7610113011652,false,"בקרדי בריזר תפוח 275 מ""ל בקבוק",בקרדי בריזר Bacardi Breezer,BE,בקרדי בריזר בטעם תפו,,275.00,100 גרם,false,,15.90,0.0578,true,1,231618
7610243004463,false,"דורגול - מרסס להסרת אבנית במקלחון 600 מ""ל",יעקבי- דורגול Durgol,CH,דורגול מסיר אבן מרסס,,500.00,,false,,19.90,0.0398,true,1,141333
7610400068505,false,בונבוניירת לינדור Lindor שוקולד חלב,לינדט ושפרונגלי,CH,לינדור בונבוניירה חל,,200.00,100 גרם,false,,25.90,0.1295,true,1,147661
7610400068529,false,בונבוניירת לינדור Lindor מעורבב,לינדט ושפרונגלי,CH,לינדור בונבוניירה אס,,200.00,,false,,25.90,0.1295,true,1,147662
7610400070577,false,שוקולד מריר אקסלנס עם צ'ילי,לינדט Lindt,CH,שוקולד לינדט אקסלנס,,100.00,100 גרם,false,,15.90,0.1590,true,1,147671
7610400091060,false,שוקולד מריר לינדט אקסלנס בתוספת תפוז ושקדים,לינדט ושפרונגלי,,שוקולד לינדט אקסלנס,,100.00,,false,,15.90,0.1590,true,1,231266
7613030979647,false,דגני בוקר טריקס פירות עולם היורה 480 ג',ג'נרל מילס סאן אדריא,IL,טריקס 480 גרם,,480.00,,false,,26.90,0.0560,true,1,211475
7613032045753,false,פיטנס - דגני בוקר שוקולד 375 גרם,נסטלה צרפת איטנקורט,FR,פיטנס שוקולד 375 גרם,,375.00,,false,,23.90,0.0637,true,1,213382
7613035378643,false,דנטלייף חטיף דנטלי לכלבים מגזע גדול - 4 יחידות,פורינה Purina,US,דנטלייף גזע גדול,,142.00,,false,,14.90,0.1049,true,1,238924
7613035548374,false,דגני בוקר גולדן מיניס מחיטה מלאה ותירס,נסטלה צרפת איטנקורט,FR,דגני גולדן מיניס נסט,,570.00,100 גרם,false,,26.90,0.0472,true,1,136891
7613035619050,false,שלגון חמשושים מפלצות,שוורצקוף& הנקל דיסלד,ES,שלגון חמשושים מפלצות,,80.00,,false,,8.90,0.1113,true,1,215497
7613035622623,false,פיטנס - גרנולה שקדים ודבש 300 גרם,שוורצקוף& הנקל דיסלד,LT,פיטנס גרנולה שקדים ו,,300.00,,false,,15.90,0.0530,true,1,136892
7613035807778,false,פרפקטו רוטב עגבניות לבולונז 400 ג' אסם,אסם פרפקטו Perfecto,ES,רוטב עגבניות לבולונז,,400.00,100 גרם,false,,9.90,0.0248,true,1,203237
7613035809123,false,פרפקטו רוטב עגבניות עם פלפלים 400 ג' אסם,אסם פרפקטו Perfecto,ES,רוטב עגבניות עם פלפל,,400.00,100 גרם,false,,9.90,0.0248,true,1,203239
7613035809857,false,פרפקטו רוטב עגבניות לפסטה ולבישול 400 ג' אסם,אסם פרפקטו Perfecto,ES,רוטב עגבניות לפסטה ו,,40.00,100 גרם,false,,9.90,0.2475,true,1,203240
7613036520492,false,פרפקטו רוטב עגבניות לפיצה 400 ג',אסם פרפקטו Perfecto,ES,רוטב עגבניות לפיצה פ,,400.00,100 גרם,false,,9.90,0.0248,true,1,210474
7613036710879,false,מארז מיני חטיפי קיט קט צ'אנקי Kit Kat Chanky,נסטלה Nestle,,קיט קט צ'אנקי מיני 1,,194.00,100 גרם,false,,10.90,0.0562,true,1,213135
7613036976671,false,פריסקיז - פאוץ עוף ברוטב 85 גרם,יו פי אף,FR,פריסקיז פאוצ' עוף 85,,85.00,,false,,4.70,0.0553,true,1,232802
7613036976695,false,פריסקיז - פאוץ בקר ברוטב 85 גרם,נסטלה פורינה הונגריה,HU,פריסקיז פאוצ' בקר 85,,85.00,100 גרם,false,,4.70,0.0553,true,1,232803
7613036976718,false,פריסקיז - פאוץ ברווז ברוטב 85 גרם,יו פי אף,FR,פריסקיז פאוצ' ברווז,,85.00,100 גרם,false,,4.70,0.0553,true,1,232804
7613037276091,false,נסטלה מיקס מיני אריזות דגני בוקר 200 ג',נסטלה Nestle,FR,נסטלה מיקס מיני אריז,יחידה,0.00,יחידה,false,,21.90,0.0000,true,1,218973
7613037686906,false,פיטנס - דגני בוקר שקדים ודבש 355 גרם,נסטלה צרפת איטנקורט,FR,פיטנס שקדים ודבש 355,,355.00,100 גרם,false,,23.90,0.0673,true,1,229983
7613037811629,false,דגני בוקר קורנפלקס גו פרי 500 גר',שוורצקוף& הנקל דיסלד,IL,קורנפלקס גו פרי 500ג,,500.00,100 גרם,false,,15.90,0.0318,true,1,230344
7613038268262,false,דגני בוקר צ'יריוס דבש ושקדים במתיקות מעודנת,נסטלה פולין דגני בוק,FR,דגני האני נאט צ'יריו,,410.00,,false,,20.90,0.0510,true,1,229987
7613039547632,false,גרבר מחית תפוח בננה תות פאוץ' 90 גר',שוורצקוף& הנקל דיסלד,ES,גרבר מחית תפוחבננה ת,,90.00,,false,,6.10,0.0678,true,1,232017
7613039771174,false,טחון צמחוני סנסשיונל מינס,ג'נרל מילס סאן אדריא,IL,טבעול סנסשיונל מינס,,400.00,100 גרם,false,,38.90,0.0972,true,1,232903
7613287182326,false,מחית בננה תפוח ויטמינצ'יק 110 ג',"נסטלה ספרד ס.א, מפעל",ES,ויטמינצ'יק פאוץ בננ,,110.00,,false,,5.90,0.0536,true,1,239331
7613287394323,false,אסם מולטי צ'יריוס 14*600 גרם 2021,פרומבראפ - אנגליה,GB,דגני מולטי ציריוס 60,,600.00,,false,,26.90,0.0448,true,1,235695
7613287476494,false,אוסם - דיפ אנד ספרד מיונז בסגנון צרפתי 280 גרם,נסטלה פולין,PL,מיונז לחיץ אסם 280 ג,,280.00,,false,,15.90,0.0568,true,1,236277
7613287821348,false,נתחוני עוף טבעוני סנסשיונל טבעול 350 ג',ג'נרל מילס סאן אדריא,CZ,נתחוני עוף טבעוני סנ,,350.00,,false,,38.90,0.1111,true,1,235688
7622010001858,false,עוגיות אוראו ממולאות קרם וניל 176 ג',פי אר ג'יי אס אי מנד,UA,אוראו עוגיות ממולאות,,176.00,,false,,9.90,0.0563,true,1,138013
7622201050757,false,שוקולד מילקה טבלת חלב עם קרמל 100 ג',מילקה Milka,,שוקולד מילקה חלב עם,,100.00,,false,,7.90,0.0790,true,1,138017
7622201137052,false,אוראו מיני קוקיס - עוגיות שוקולד צ'יפס ותחתית מצופה שוקולד חלב,מונדלז אספנה גלטאס פ,ES,מילקה מיני קוקיז 110,,110.00,,false,,9.90,0.0900,true,1,235029
7622201401900,false,עוגיות מילקה סנסיישן אוראו 156 גר',מונדלז פולסקה פרודקש,PL,מילקה עוגיות סנסיישן,,156.00,,false,,13.90,0.0891,true,1,233111
7622201801809,false,מילקה- שוק' חלב עם אגוזים 100 גר' חדש,מנדלז דויצ'לנד סנקס,DE,שוקולד חלב מילקה אגו,,100.00,100 גרם,false,,7.90,0.0790,true,1,235558
7622201802394,false,שוקולד מילקה טבלה חלב 100 ג',מנדלז דויצ'לנד סנקס,DE,שוקולד מילקה חלב 100,,100.00,,false,,7.90,0.0790,true,1,235557
7622201808631,false,מיני עוגיות אוראו במילוי קרם בטעם וניל,פי.טי. מונדלז אינדונ,ID,אוראו מיני כוסות בטע,,67.00,100 גרם,false,,8.90,0.1328,true,1,235562
7622201813390,false,וופל במילוי קרם קקאו בציפוי שוקולד חלב,מונדליז סי.אר. ביסקו,,מילקה וואפל במילוי ק,,150.00,,false,,13.90,0.0927,true,1,235567
7622201819408,false,שוקולד מילקה דארק קר,מונדלז דויטשלנד סנאק,DE,שוקולד מילקה דארק קר,,85.00,,false,,7.90,0.0929,true,1,236204
7622201819552,false,שוקולד מילקה דארק 85,מונדלז דויטשלנד סנאק,DE,שוקולד מילקה דארק 85,,85.00,,false,,7.90,0.0929,true,1,236205
7622210078131,false,מילקה שוקולד חלב במילוי קרם שמנת 100 ג',מנדלז דויצ'לנד סנקס,DE,שוקולד מילקה חלב עם,,100.00,100 גרם,false,,7.90,0.0790,true,1,207213
7622210163899,false,שוקולד חלב במילוי סוכריות עדשים,מונדלז דויצ'לנד סנקס,DE,שוקולד מילקה חלב עם,,100.00,,false,,7.90,0.0790,true,1,202125
7622210392589,false,טובלרון טייני חלב 200 גרם,,,טובלרון טייני חלב 20,,200.00,100 גרם,false,,14.90,0.0745,true,1,239314
7622210453327,false,עוגיות שוקוצ'יפס במילוי שוקולד סנסיישן,מנדלז פולסקה פרודקשן,PL,מילקה עוגיות סנסיישן,,156.00,,false,,13.90,0.0891,true,1,208720
7622210826053,false,שוקולד מילקה אוראו סנדוויץ 92 גר',גיאורי קאקסז קייאףטי,HU,שוקולד מילקה אוראו ס,,92.00,,false,,7.90,0.0859,true,1,233114
7622300200237,false,מילקה שוקולד חלב 250 גרם,מונדליז אוסטרייך פרו,AT,שוקולד מילקה חלב250ג,,250.00,100 גרם,false,,12.90,0.0516,true,1,138027
7622300270506,false,מילקה גריינס - עוגיות שיבולת שועל מצופות שוקולד 168 ג',מונדלז פולסקה פרודקש,PL,מילקה גריינס עוגיות,,168.00,,false,,13.90,0.0827,true,1,138029
7622300489427,false,עוגיות אוראו בציפוי שוקולד לבן 246 גרם,מנדלז אספנה גאלטס פר,ES,אוראו עוגיות בציפוי,,246.00,100 גרם,false,,14.90,0.0606,true,1,210278
7622300495046,false,מילקה אקסטרא קקאו 100 ג',מנדלז דויצ'לנד סנקס,DE,שוקולד מילקה אקסטרה,,100.00,100 גרם,false,,7.90,0.0790,true,1,138037
7622300617820,false,שוקלד מילקה טבלת חלב אוראו 100ג',מנדלז דויצ'לנד סנקס,DE,שוקולד מילקה אוראו 1,,100.00,,false,,7.90,0.0790,true,1,138040
7622300761363,false,עוגיות אוראו מיני כוסות בטעם שוקו 67 ג',פי.טי. מונדלז אינדונ,ID,אוראו מיני כוסות בטע,,67.00,100 גרם,false,,8.90,0.1328,true,1,203001
7622400005190,false,שוקולד חלב ושוקולד לבן Happy Cow,מנדלז דויצ'לנד סנקס,DE,שוקולד מילקה 100גר,,100.00,100 גרם,false,,7.90,0.0790,true,1,215335
7630477891691,false,סטארבקס - קפסולות קולומביה 57 גרם * 10,נסטלה שוויץ - קפה,IL,סטארבקס קפסולות קולו,יחידה,0.00,יחידה,false,,21.90,0.0000,true,1,232013
7702018866984,false,סכיני גילוח פיוזן Fusion,תות ממתקי איכות,DE,גילט פיוזן סכיני גיל,יחידה,0.00,יחידה,false,,59.90,0.0000,true,1,164025
7702018980833,false,"ג'ילט ג'ל גילוח סירייס מועשר בלחות - 200 מ""ל",פרוקטר & גמבל,,גילט גל גילוח מועשר,,200.00,100 גרם,false,,19.90,0.0995,true,1,203307
7702024074625,false,פיטנס - חטיפי קרקר חיטה מלאה 234 גרם,קומסטיבלס לה רוזה אס,CO,פיטנס חטיפי קרקר חיט,,234.00,,false,,12.90,0.0551,true,1,211641
7702024258322,false,"חטיפי קרקר עם חיטה מלאה, צ'יה וזרעי פשתן פיטנס",נסטלה Nestle,CO,פיטנס חטיפי קרקר צ'י,,234.00,,false,,12.90,0.0551,true,1,232694
7702174066631,false,לקקן פין פופ 10 יח' 170 גר' וסטהיים,הדקלאים אגודת שיתופי,CO,לקקן פינפופ מהדרין י,,180.00,,false,,7.90,0.0439,true,1,148481
7702174068826,false,סוכריות לקקן במילוי טופי בטעמי יוגורט פירות,יוגטה yogueta,CO,לקקן עם סוכריות טופי,יחידה,0.00,יחידה,false,,11.90,0.0000,true,1,148484
7702174068833,false,סוכריות לקקן במילוי טופי בטעמי גלידת פירות,יוגטה yogueta,CO,לקקן בטעם גלידה יוגט,יחידה,0.00,יחידה,false,,11.90,0.0000,true,1,148485
7702174070201,false,סוכריות לקקן במילוי טופי בטעם מסטיק,יוגטה yogueta,CO,לקקן מג'יק יוגטה 12י,יחידה,0.00,יחידה,false,,11.90,0.0000,true,1,148488
7702174073783,false,סוכריות על מקל בטעם קולה במילוי גומי לעיסה,הדקלאים אגודת שיתופי,CO,לקקן פינפופ קולה יוג,,180.00,100 גרם,false,,7.90,0.0439,true,1,148489
7792860006218,false,סוכריות לקקנים בייבי דול Baby Doll לריטר,גוד פוד פרודקטס S.p,AR,סוכריות לקקנים בייבי,,24.00,100 גרם,false,,2.50,0.1042,true,1,147681
7804414012344,false,יין סוביניון בלאן דו,לואיס פליפה אדוארדס,,דון חוליו סובניון בל,,750.00,,false,,29.90,0.0399,true,1,206794
7891024030974,false,"קולגייט משחת שיניים טריפל אקשן 75 מ""ל",הנסיך- מפעל לייצור ט,BR,קולגייט טריפל אקשן מ,,75.00,,false,,7.90,0.1053,true,1,143558
7891024130063,false,"קולגייט מי פה פלאקס ללא אלכוהול 500 מ""ל מהדרין",קולגייט Colgate,BR,קולגייט מי פה פלאקס,,500.00,,false,,19.90,0.0398,true,1,143563
8000300359978,false,טבלת שוקולד חלב פרוג,,,טבלת שוקולד חלב פרוג,,80.00,100 גרם,false,,4.90,0.0613,true,1,240173
8000300359992,false,טבלת שוקולד מריר פרו,,,טבלת שוקולד מריר פרו,,80.00,100 גרם,false,,4.90,0.0613,true,1,240174
8000300389067,false,באצ'י שוקולד מריר ש,,,באצ'י שוקולד מריר ש,,125.00,,false,,10.90,0.0872,true,1,240172
8000380004676,false,קוביות וופל סנדוויץ Sandwich עם וניל וחלב,"א. לואקר, קונפקט ג'י",AT,וופל לואקר קוביות סנ,,200.00,,false,,13.90,0.0695,true,1,148495
8000380004966,false,וופל קוארדטיני לואקר קוביות שוקולד 250ג',קריניציה ויטמינה אס,AT,וופל לואקר קוביות קק,,250.00,,false,,14.90,0.0596,true,1,148500
8000380007257,false,וופל גרנדה מצופה שוקולד 200ג',קריניציה ויטמינה אס,IT,וופל גרדנה אגוז 200ג,,200.00,,false,,14.90,0.0745,true,1,148504
8000380144044,false,וופל גרדנה לואקר שוקולד 200ג',"א. לואקר , AG/SpA, ו",IT,וופל גרדנה שוקולד 20,,200.00,100 גרם,false,,14.90,0.0745,true,1,148512
8000380157570,false,וופל קלאסי לואקר 262,,,וופל קלאסי לואקר 262,,262.50,,false,,13.90,0.0530,true,1,208820
8000380157587,false,וופל שוקולד לואקר 26,,,וופל שוקולד לואקר 26,,262.50,100 גרם,false,,13.90,0.0530,true,1,208821
8000380180721,false,וופל לואקר קקאו וקרם חלב 175ג',קריניציה ויטמינה אס,AT,וופל לואקר קלאסיק שו,,175.00,,false,,11.90,0.0680,true,1,148532
8000380180745,false,קוביות וופל קואדרטיני קקאו במילוי קר חלב,"א. לואקר, קונפקט ג'י",AT,וופל קואדרטיני שוקו,,250.00,,false,,14.90,0.0596,true,1,148533
8000380192199,false,וופל לואקר דאבל שוקולד 175 גרם,לואקר Loacker,IT,וופל לואקר דאבל שוקו,,175.00,100 גרם,false,,11.90,0.0680,true,1,213501
8000380205400,false,קוביות וופל קואדרטיני בטעם חמאת בוטנים,לואקר Loacker,AT,וופל קואדרטיני חמאת,,250.00,100 גרם,false,,14.90,0.0596,true,1,238021
8000380206896,false,וופל גרדנה בטעם חמאת בוטנים מצופה,לואקר Loacker,,וופל גרדנה חמאת בוטנ,,200.00,,false,,14.90,0.0745,true,1,238022
8000380207183,false,טורטינה חמאת בוטנים לואקר 6*21גר,לואקר Loacker,,טורטינה חמאת בוטנים,,126.00,100 גרם,false,,18.90,0.1500,true,1,238023
8000500009673,false,בונבוניירה פררו רושה 300ג',קריות זול,IT,*מבצע* פררו רושר בונ,,300.00,100 גרם,false,,44.90,0.1497,true,1,166317
8000500023976,false,בונבוניירת רפאלו Raffaello,קריות זול,PL,בונבוניירת רפאלו 150,,150.00,,false,,17.90,0.1193,true,1,166319
8000500026731,false,שוקולד ביצי הפתעה קינדר שלישייה,קריות זול,IT,קינדר ביצי שוקולד 3*,,60.00,100 גרם,false,,15.90,0.2650,true,1,166320
8000500028124,false,"קינדר ג'וי, שלישיה 3 * 20 גרם",קריות זול,,קינדר ג'וי שלישייה 3,,60.00,100 גרם,false,,15.90,0.2650,true,1,239336
8000500029350,false,מארז וופל מצופה 3יח' *43 גרם קינדר בואנו,קינדר Kinder,PL,קינדר בואנו שלישייה,,129.00,100 גרם,false,,11.90,0.0922,true,1,130445
8000500032237,false,בונבוניירה פררו רושר 375ג',פררו Ferrero,IT,*מבצע* פררו רושר בונ,,372.00,100 גרם,false,,39.90,0.1073,true,1,166322
8000500037874,false,בונבוניירה פררו רושה 200ג',קריות זול,IT,*מבצע* פררו רושר בונ,,200.00,100 גרם,false,,24.90,0.1245,true,1,166324
8000500071083,false,אצבעות שוקולד קינדר Kinder שש עשרה יחידות,קינדר Kinder,IT,קינדר אצבעות שוקולד,,200.00,100 גרם,false,,14.90,0.0745,true,1,166326
8000500094976,false,"בונבוניירה פררו רושר רושה קונוס, 212 גרם T17X4",פררו,IT,*מבצע* פררו רושר קונ,,212.00,100 גרם,false,,37.90,0.1788,true,1,211619
8000500121436,false,מארז קינדר בואנו Kinder Bueno לבן שלוש יחידות,קינדר Kinder,PL,קינדר בואנו לבן שליש,,117.00,100 גרם,false,,11.90,0.1017,true,1,130446
8000500249352,false,קינדר בואנו מיני מיקס שקית 205 ג',קינדר Kinder,PL,קינדר בואנו מיני מיק,,205.00,,false,,21.90,0.1068,true,1,209228
8000500256213,false,קינדר שוקולד מיני בשקית.,קדבורי,IT,קינדר שוקולד מיני 12,,120.00,,false,,11.90,0.0992,true,1,212984
8000500267103,false,קינדר דליס שוקול' אישי מארז 10 יח' 420 גר',קינדר Kinder,,קינדר דליס 390 גרם,,390.00,100 גרם,false,,19.90,0.0510,true,1,212972
8000500269169,false,קינדר קארדס Kinder Cards - חמישייה,קריות זול,IT,קינדר קארדס חמישייה,,128.00,,false,,14.90,0.1164,true,1,238967
8000500310397,false,נוטלה עוגיות נוטלה בגליל 12יח' - NUTELLA BISCUITTS,קריות זול,IT,נוטלה ביסקוויט גליל,,166.00,100 גרם,false,,15.90,0.0958,true,1,240179
8000500353738,false,רביעיה סוכריות בטעם מנטה חזק 4 * 16 ג' טחק טק,פררו,ZA,טיק טק מנטה חזק רביע,,64.00,100 גרם,false,,11.90,0.1859,true,1,233219
8000500366073,false,נוטלה עוגיות נוטלה בשקית 20 יח'- NUTELLA BISCUITTS,נוטלה Nutella,IT,נוטלה ביסקוויט שקית,,276.00,100 גרם,false,,21.90,0.0793,true,1,240178
8001010062844,false,חומץ בלסמי פונטי 500,פונט סלאם וולנסיה,IT,חומץ בלסמי פונטי 500,,500.00,,false,,19.90,0.0398,true,1,211506
8001090222572,false,"הרבל אסנסס מרכך תות שדה ומנטה 400 מ""ל",הרבל אסנס Herbal Essences,,הרבל אסנסס מרכך תותו,,400.00,,false,,18.90,0.0472,true,1,218935
8001090222756,false,"הרבל אסנסס - מרכך שמן מורינגה 400 מ""ל",הרבל אסנס Herbal Essences,,הרבל אסנסס מרכך שמן,,400.00,,false,,18.90,0.0472,true,1,218938
8001090312150,false,אריאל קפסולות גל כבי,,,אריאל קפסולות גל כבי,יחידה,0.00,יחידה,false,,59.90,0.0000,true,1,240341
8001090318428,false,אריאל קפסולות גל כבי,,,אריאל קפסולות גל כבי,יחידה,0.00,יחידה,false,,59.90,0.0000,true,1,240342
8001090336408,false,חיתולים בייבי דריי מידה 3 38 יח' פמפרס,פרוקטר אנד גמבל,DE,פמפרס בייבי דריי מיד,יחידה,0.00,יחידה,false,,34.90,0.0000,true,1,229570
8001090336521,false,פמפרס בייבי דריי מידה 5 30 יח',פרוקטר אנד גמבל,DE,פמפרס בייבי דריי מיד,יחידה,0.00,יחידה,false,,34.90,0.0000,true,1,229573
8001090336606,false,טיטולי פמפרס בייבי דריי מידה 6 26 יח',פרוקטר אנד גמבל,DE,פמפרס בייבי דריי מיד,יחידה,0.00,יחידה,false,,34.90,0.0000,true,1,229574
8001090580122,false,"הד אנד שולדרס שמפו סופרים משקם 400 מ""ל",הד אנד שולדרס H&S,,הד&שולדרס שמפו סופרי,,400.00,,false,,21.90,0.0547,true,1,213615
8001090678614,false,"שמפו סופרים לחות הד אנד שולדרס 400 מ""ל",הד אנד שולדרס H&S,,הד&שולדרס שמפו סופרי,,400.00,,false,,21.90,0.0547,true,1,213616
8001090810120,false,פנטן קונדישנר מרוקאי,פרוקטר אנד גמבל,RO,פנטן מרכך שמן מרוקאי,,500.00,,false,,18.90,0.0378,true,1,211960
8001090810205,false,"שמפו נוסחה קלאסית פנטן 500 מ""ל",פרוקטר אנד גמבל,RO,פנטן שמפו נוסחה קלאס,,500.00,,false,,18.90,0.0378,true,1,211953
8001090833136,false,אריאל ג'ל כביסה בייבי 2.255 ליטר,אריאל Ariel,FR,אריאל גל כביסה בייבי,ליטרים,2.26,ליטר,false,,35.90,15.8850,true,1,212731
8001090833167,false,אריאל ג'ל כביסה ניחוח הרים 2.365 ליטר,פרוקטור אנד גמבל,FR,אריאל גל כביסה ניחוח,ליטרים,2.37,ליטר,false,,35.90,15.1477,true,1,212728
8001090833198,false,אריאל ג'ל כביסה ניחוח מרענן 2.365 ליטר,פרוקטור אנד גמבל,FR,אריאל גל כביסה ניחוח,ליטרים,2.37,ליטר,false,,35.90,15.1477,true,1,212729
8001090833228,false,אריאל ג'ל כביסה קולור 2.365 ליטר,אריאל Ariel,FR,אריאל גל כביסה קולור,ליטרים,2.37,ליטר,false,,35.90,15.1477,true,1,212730
8001090886385,false,לנור כדוריות הבושם בניחוח רענן 140 גר,פרוקטר אנד גמבל,GB,לנור כדוריות הריח בנ,,140.00,100 גרם,false,,19.90,0.1421,true,1,232817
8001090899194,false,תחבושות אולוויז פלטינום נורמל 24 יח',אולוויז Always,,תחבושות אולוויז פלטי,יחידה,0.00,יחידה,false,,19.90,0.0000,true,1,223435
8001090988362,false,"שמפו לחות מוגברת פנטן 500 מ""ל","פרוקטר אנד גמבל, רומ",RO,פנטן שמפו לחות מוגבר,,500.00,,false,,18.90,0.0378,true,1,211950
8001090988447,false,"פנטן שמפו לתלתלים מושלמים 500 מ""ל",,,פנטן מרכך לתלתלים מו,,500.00,100 גרם,false,,18.90,0.0378,true,1,211956
8001090988843,false,"פנטן קונדישנר לחות מרכך מוגברת 500 מ""ל",פרוקטר אנד גמבל,,פנטן קונדישנר לחות מ,,500.00,,false,,18.90,0.0378,true,1,211951
8001090989000,false,פנטן מרכך הזנת קרטין,פרוקטר אנד גמבל,,פנטן מרכך הזנת קרטין,,500.00,,false,,18.90,0.0378,true,1,211963
8001250152015,false,פסטה דורום פפרדלה דה,דה צ'אקו DE CECCO,IT,פסטה דורום פפרדלה דה,,500.00,,false,,14.90,0.0298,true,1,239848
8001620011935,false,מים מינרלים מוגזים שישייה בקבוק אישי,אקווה מינרלה סאן בנד,IT,סאן בנדטו מוגז שישיי,,3000.00,,false,,14.90,0.0050,true,1,132516
8001841096889,false,"נוזל לניקוי כלים לימון קלאסי 900 מ""ל",פרוקטר & גמבל,TR,פיירי לבן לימון 900,,900.00,,false,,9.90,0.0110,true,1,211617
8001841500799,false,"הרבל אסנסס - שמפו ללא סולפטים אלוורה ומנגו 380 מ""ל",הרבל אסנס Herbal Essences,FR,הרבל אסנסס שמפו ללא,,380.00,100 גרם,false,,18.90,0.0497,true,1,233712
8001841502298,false,"הרבל אסנסס - מרכך ללא סולפטים אלוורה ומנגו 275 מ""ל",הרבל אסנס Herbal Essences,FR,הרבל אסנסס מרכך ללא,,380.00,,false,,18.90,0.0497,true,1,233714
8001841625188,false,סבון כלים פלטינום לימון X3 פעולות להסרת שומנים,פרוקטר אנד גמבל,GB,פיירי פלטינום לימון,,515.00,100 גרם,false,,10.90,0.0212,true,1,231216
8001841625461,false,סבון כלים פלטינום X3 פעולות להסרת שומנים,פרוקטר אנד גמבל,GB,פיירי פלטינום אורגינ,,515.00,100 גרם,false,,10.90,0.0212,true,1,231217
8001841912691,false,פיירי פלטיניום פלוס,,,פיירי פלטיניום פלוס,יחידה,0.00,יחידה,false,,29.90,0.0000,true,1,240343
8002270015656,false,מים מינרלים סן פלגרי,סן פלגרינו ס.פ.א לוק,IT,סאן פלגרינו 750מל,,750.00,,false,,11.90,0.0159,true,1,214931
8002450203002,false,משקה כהלי מוגז ורדי,בוסקה,,ורדי משקה כהלי מוגז,,750.00,,false,,24.90,0.0332,true,1,219081
8002450204009,false,ורדי ספרקלטיני אפרסק,"איי, בי, אינבוו",IT,ורדי משקה כהלי מוגז,,750.00,100 גרם,false,,24.90,0.0332,true,1,148925
8002450205006,false,משקה כהלי מוגז ורדי,בוסקה,,ורדי משקה כהלי מוגז,,750.00,,false,,24.90,0.0332,true,1,207763
8002450206522,false,יין קאזה די לואיגי מ,קאסה די לואיג'י Casa di luigi,,קזה די לואיג'י מרלו,,750.00,,false,,29.90,0.0399,true,1,148928
8002450208007,false,ורדי גרין אפל ספרקלטיני,בוסקה Bosca,,ורדי משקה כהלי מוגז,,750.00,100 גרם,false,,24.90,0.0332,true,1,148930
8002450208304,false,משקה כהלי מוגז ורדי,בוסקה,,ורדי משקה כהלי מוגז,,750.00,,false,,24.90,0.0332,true,1,219092
8002450409206,false,ורדי משקה כהלי מוגז,בוקסה קאנלי,IT,ורדי משקה כהלי מוגז,,750.00,,false,,24.90,0.0332,true,1,230699
8002450609200,false,ורדי רימונים כשר לפס,"איי, בי, אינבוו",IT,ורדי משקה כהלי מוגז,,750.00,,false,,24.90,0.0332,true,1,230446
8003340091280,false,בונבוניירת לינדור Lindor שוקולד מריר,לינדוט ושופרונגלי אי,IT,לינדור בונבוניירה 60,,200.00,100 גרם,false,,25.90,0.1295,true,1,147682
8004030103399,false,טונה בשמן זית רביעיו,,,ריו מארז טונה בשמן,,320.00,100 גרם,false,,32.90,0.1028,true,1,239450
8004030344938,false,טונה בשמן זית ריו מרה שלישיה * 80 ג',"בולטון אלימנטרי בע""מ",IT,טונה ריו מרה שמן זית,,240.00,100 גרם,false,,28.90,0.1204,true,1,221177
8004690050620,false,פסטה לאמוליזנה לינגו,למוליזנה,IT,פסטה לאמוליזנה לינגו,,500.00,100 גרם,false,,8.90,0.0178,true,1,226176
8004690051573,false,פסטה לאמוליזנה ספגטי,למוליזנה,IT,פסטה לאמוליזנה ספגטי,,500.00,,false,,8.90,0.0178,true,1,147685
8004690055601,false,פסטה לאמוליזנה צ'ינס,למוליזנה,IT,פסטה לאמוליזנה צ'ינס,,500.00,,false,,8.90,0.0178,true,1,230581
8004690057308,false,פסטה לאמוליזנה רדיאט,למוליזנה,IT,פסטה לאמוליזנה רדיאט,,500.00,,false,,8.90,0.0178,true,1,211766
8004690058008,false,פסטה לאמוליזנה גמלי,למוליזנה,IT,פסטה לאמוליזנה גמלי,,500.00,100 גרם,false,,8.90,0.0178,true,1,211764
8004690106600,false,פסטה לאמוליזנה פארפא,למוליזנה,IT,פסטה לאמוליזנה פארפא,,500.00,,false,,8.90,0.0178,true,1,211505
8004800005502,false,וופל מיני רול גלילי ופל במילוי קרם קקאו- 125 ג' לאגו,לגו גרופ ס.פ.א.,IT,לאגו גלילי ופל במילו,,125.00,100 גרם,false,,9.90,0.0792,true,1,239709
8004800005526,false,וופל מיני רול גלילי ופל במילוי קרם קוקוס- 125 ג' לאגו,לגו גרופ ס.פ.א.,IT,לאגו גלילי ופל במילו,,125.00,,false,,9.90,0.0792,true,1,239710
8005110002243,false,רכז עגבניות Doppio Concentr בשפופרת 185 ג' MUTTI,"איי, בי, אינבוו",IT,רכז עגבניות מוטי בשפ,,185.00,,false,,9.90,0.0535,true,1,233286
8005110170300,false,עגבניות מרוסקות חתוכות מוטי MUTTI שלישיה *400,מוטי Mutti,IT,עגבניות מרוסקות מוטי,,1200.00,,false,,18.90,0.0157,true,1,203069
8005110200014,false,רסק עגבניות בתוספת מלח,"איי, בי, אינבוו",IT,רכז עגבניות מוטי 210,,210.00,,false,,9.90,0.0471,true,1,218100
8005110550508,false,מוטי עגבניות שלמות ב,,,מוטי עגבניות שלמות ב,,400.00,,false,,9.90,0.0248,true,1,239841
8005200256587,false,משקה תה בטעם אפרסק 1.5ל' NESTEA,מפעל סאנפלגרינו S.P.,IT,נסטי אפרסק 1.5ליטר,,1500.00,,false,,9.50,0.0063,true,1,236826
8005200286584,false,משקה תה בטעם מנגו אננס 1.5 ל' NESTEA,מפעל סאנפלגרינו S.P.,IT,נסטי מנגו אננס 1.5לי,,1500.00,100 גרם,false,,9.50,0.0063,true,1,236827
8005200316588,false,משקה תה דיאט בטעם אפרסק 1.5ל' NESTEA,מפעל סאנפלגרינו s.p.,IT,נסטי דיאט אפרסק 1.5ל,,1500.00,,false,,9.50,0.0063,true,1,236828
8006540091906,false,כדוריות הבושם בניחוח אריאל 140 ג' לנור,פרוקטר אנד גמבל,GB,לנור כדוריות הבושם ב,,140.00,,false,,19.90,0.1421,true,1,236132
8006540112793,false,"מרכך כביסה מרוכז בניחוח יסמין לנור 900 מ""ל",פרוקטר & גמבל,FR,לנור מרכך מרוכז בניח,,900.00,,false,,15.90,0.0177,true,1,234909
8006540112823,false,"לנור מרכך כביסה מרוכז בניחוח האוקיינוס 900 מ""ל",פרוקטר אנד גמבל,FR,לנור מרכך מרוכז בניח,,900.00,,false,,15.90,0.0177,true,1,234908
8006540112854,false,"מרכך כביסה מרוכז בניחוח סחלב לנור 900 מ""ל",פרוקטר & גמבל,FR,לנור מרכך מרוכז בניח,,900.00,,false,,15.90,0.0177,true,1,234910
8006540221068,false,מגן תחתון אלוויז וליופק לונג פלוס 40 יחי',פרוקטר,DE,אולוויז מגני תחתון ל,יחידה,0.00,יחידה,false,,17.90,0.0000,true,1,238506
8006540221341,false,אולוויז מגן תחתון וליופק לארג' 48 יחידות,,DE,אולוויז מגן תחתון אק,יחידה,0.00,יחידה,false,,17.90,0.0000,true,1,237513
8006540221464,false,אולוויז מגן תחתון וליופק נורמל 56 יחידות,,,אולוויז מגני תחתון נ,יחידה,0.00,יחידה,false,,17.90,0.0000,true,1,237114
8006540302538,false,הד&שולדרס שמפו קלאסי,,,הד&שולדרס שמפו קלאסי,,350.00,100 גרם,false,,18.90,0.0540,true,1,239404
8006540620403,false,"אבקת כביסה אפקט פיירי 7 ק""ג טייד",,,טייד אבקת כביסה אפקט,,7000.00,,false,,59.90,0.0086,true,1,240345
8008343279826,false,רוטב פסטה בזיליקום ר,,,רוטב פסטה בזיליקום ר,,350.00,100 גרם,false,,11.90,0.0340,true,1,224943
8008660210038,false,מעדן פרי תות שדה 100% רכיבי פרי,קריניציה ויטמינה אס,IT,מעדן תות מנז אנד גאס,,300.00,,false,,16.90,0.0563,true,1,195557
8008660210045,false,מעדן פרי פירות יער 100% רכיבי פרי,שוורצקוף& הנקל דיסלד,IT,מעדן פירות יער מנז א,,300.00,,false,,16.90,0.0563,true,1,190808
8008857200194,false,פסטה רג'ייה ספגטי 500 גר',,,פסטה רג'ייה ספגטי 50,,500.00,,false,,6.90,0.0138,true,1,134309
8008857200200,false,פסטה ספגטי דק 500 ג' רג'ייה,,,פסטה רג'ייה ספגטי דק,,500.00,,false,,6.90,0.0138,true,1,134310
8008857300238,false,פסטה רג'ייה גליל 500 גר',,,פסטה רג'ייה גליל 500,,500.00,,false,,6.90,0.0138,true,1,134311
8008857300481,false,פסטה רג'ייה בורג 500 גר',,,פסטה רג'ייה בורג 500,,500.00,100 גרם,false,,6.90,0.0138,true,1,134313
8008857300634,false,פסטה רג'ייה תלתל 500 גר',,,פסטה רג'ייה תלתל 500,,500.00,,false,,6.90,0.0138,true,1,134318
8008857300641,false,פסטה רג'ייה כובע 500גר',,,פסטה רג'ייה פסטה רגי,,500.00,,false,,6.90,0.0138,true,1,134319
8008857400655,false,פסטה רג'ייה בורג 3 צבעים 500 גר',,,פסטה רג'ייה בורג שלו,,500.00,100 גרם,false,,7.90,0.0158,true,1,134322
8008857601052,false,פסטה לזניה דפים רג'יה 500ג',פסטה רג'יה Pasta Reggia,,*מבצע* לזניה רגיה 50,,500.00,100 גרם,false,,7.90,0.0158,true,1,212133
8015997000911,false,מאריני- בישקוטים 200 ג',Biscottificio Verona,,מאריני בישקוטים פריכ,,200.00,,false,,6.90,0.0345,true,1,209592
8053259246967,false,רוטב בלסמי מצומצם קל,,,רוטב בלסמי מצומצם קל,,180.00,,false,,14.90,0.0828,true,1,236406
8076802085738,false,ברילה - צ.ק פנה רגטה חדש 500 גרם,ברילה גי.אי.אר פרטלי,IT,פסטה פנה רגטה ברילה,,500.00,100 גרם,false,,8.90,0.0178,true,1,143585
8076802085981,false,ברילה - צ.ק פוזילי חדש 500 גרם,ברילה גי.אי.אר פרטלי,IT,פסטה פתיתי פוזליני ב,,500.00,100 גרם,false,,8.90,0.0178,true,1,143590
8076808060654,false,ברילה - צ.ק פרפלה חדש 500 גרם,ברילה גי.אי.אר פרטלי,IT,פסטה פתיתי פרפלה 65,,500.00,100 גרם,false,,8.90,0.0178,true,1,143594
8076808150072,false,ברילה - צ.א ספגטוני מס7 חדש 500 גרם,ברילה גי.אי.אר פרטלי,IT,פסטה ספגטי מס 7 בריל,,500.00,100 גרם,false,,8.90,0.0178,true,1,143596
8076809513388,false,ברילה - רוטב ארביאטה 400 גרם,ברילה גי.אי.אר פרטלי,IT,רוטב ארביאט ברילה 40,,400.00,100 גרם,false,,15.50,0.0388,true,1,143599
8076809513395,false,רוטב פסטה ברילה פורמודרו 400ג',ברילה גי.אי.אר פרטלי,IT,רוטב פורמודרו ברילה,,400.00,100 גרם,false,,15.50,0.0388,true,1,143600
8076809513654,false,בסיס רוטב עגבניות לבולונז 400 ג' ברילה,ברילה גי.אי.אר פרטלי,IT,רוטב עגבניות לבולונז,,400.00,100 גרם,false,,15.50,0.0388,true,1,143601
8076809513739,false,רוטב פסטה ברילה בזיליקום 400 ג',ברילה גי.אי.אר פרטלי,IT,רוטב בזיליקום ברילה,,400.00,100 גרם,false,,15.50,0.0388,true,1,143603
8076809523561,false,רוטב עגבניות עם עשבי תיבול 400 ג' ברילה,ברילה גי.אי.אר פרטלי,IT,רוטב טוסקנה ברילה400,,400.00,100 גרם,false,,15.50,0.0388,true,1,143612
8076809523738,false,פסטה ברילה לזניה 500ג',ברילה גי.אי.אר פרטלי,IT,לזניה ברילה 500 גר,,500.00,100 גרם,false,,24.90,0.0498,true,1,143615
8121300208780,false,תחליף סוכר לכל מטרה 360 ג' טרוביה,טרוביה Truvia,,*מבצע* טרוביה תחליף,,360.00,,false,,14.90,0.0414,true,1,240117
8367383380467,false,קומקום נירוסטה צבעוני BT-8046 BENATON,,,קומקום נירוסטה צבעונ,יחידה,0.00,יחידה,false,,69.90,0.0000,true,1,237548
8367383380481,false,קומקום נירוסטה בנטון,,,קומקום נירוסטה בנטון,יחידה,0.00,יחידה,false,,69.90,0.0000,true,1,236369
8410076621047,false,עוגות אישיות בטעם שוקולד עם חתיכות בטעם שוקולד,"גלאטס סירו בע""מ",ES,פייבר וואן בראוניז ב,,120.00,,false,,16.90,0.1408,true,1,233148
8410104045111,false,"פיניש מלח למדיח כלים 2ק""ג",פ.פ.ח. שאביט,IL,"פיניש מלח למדיח 2 ק""",,2000.00,,false,,14.90,0.0075,true,1,227202
8412497595327,false,בקבוק פלסטיק 450מל,,,בקבוק פלסטיק 450מל,יחידה,0.00,יחידה,false,,19.90,0.0000,true,1,144303
8420822130600,false,"ספריי סופר מסיר שומנים 750מ""ל יעקבי",יעקבי,,סופר מסיר שומנים KH-,,750.00,100 גרם,false,,14.90,0.0199,true,1,237714
8420822130624,false,"ספריי סופר מסיר כתמים 750מ""ל יעקבי",יעקבי,,סופר מסיר כתמים יעקב,,750.00,,false,,15.90,0.0212,true,1,237715
8423207206495,false,חטיף מרבה סלים דליס שוקו' מריר 125ג',אף.סי תבליני בגליל ב,ES,סלים דליס חטיף דגנים,,1200.00,100 גרם,false,,15.90,0.0133,true,1,143638
8423207208260,false,מרבה סלים דליס שוקולד חלב ללא גלוטן חדש,ביסנצ'ורי אס.אל.יו,ES,סלים דליס חטיף דגנים,,120.00,,false,,15.90,0.1325,true,1,143647
8423207208697,false,מרבה סלים דליס לילדים עם שוקולד לבן חדש,ביסנצ'ורי אס.אל.יו,ES,סלים דליס קידס חטיף,,120.00,100 גרם,false,,15.90,0.1325,true,1,143649
8423207208871,false,פרכיות תירס בטעם טבעי סלים דליס 130ג',סלים דליס Slim Delis,,פריכיות תירס בטעם טב,,123.00,100 גרם,false,,9.90,0.0805,true,1,149378
8423207208888,false,פריכיות תירס בטעם עגבניות ועשבי תיבול סלים דליס 123 ג',סלים דליס Slim Delis,,פריכיות תירס בטעם עג,יחידה,0.00,יחידה,false,,10.90,0.0000,true,1,149379
8423207209748,false,מרבה סלים דליס שוקולד מריר בניגועת תפוז,ביסנצ'ורי אס.אל.יו,ES,סלים דליס שוקולד מרי,יחידה,0.00,יחידה,false,,15.90,0.0000,true,1,209254
8423207209885,false,סלים דליס מהדורה מיוחדת שוקולד חלב 120 ג',סלים דליס Slim Delis,,סלים דליס בטעם שוקול,יחידה,0.00,יחידה,false,,15.90,0.0000,true,1,209644
8423207210287,false,מרבה סלים דליס שוקולד לבן בטעם יוגורט 120 ג',סלים דליס Slim Delis,,סלים דליס שוקולד לבן,,120.00,100 גרם,false,,15.90,0.1325,true,1,223968
8423207210942,false,חטיף דגנים מצופה שוקולד לבן ופירות יער,אף.סי תבליני בגליל ב,ES,סלים דליס טופינג פיר,,0.00,100 גרם,false,,15.90,0.0000,true,1,232859
8423207210980,false,סלים דליס טופינג קליפת תפוז 90 ג',מרבה,ES,סלים דליס טופינג קלי,,0.00,,false,,15.90,0.0000,true,1,232861
8424842050016,false,חטיף צ'יפס בטעם כמהי,,,ציפס רוביו כמהין 125,,125.00,100 גרם,false,,12.90,0.1032,true,1,240419
8425206000081,false,ריבת חלב מרדל 450 גר,כלורוקס אוקלנד,ES,ריבת חלב מרדל 450גר,,450.00,100 גרם,false,,19.90,0.0442,true,1,149382
8435495805168,false,"תינוקלין לכביסה לעור רגיש אולימפיק 1.25ק""ג",מולינו ניקולי s.p.a,TR,תינוקלין אבקת כביסה,קילוגרמים,1.25,"ק""ג",false,,21.90,17.5200,true,1,210797
8435495807605,false,תינוקלין - מרכך כביסה היפואלרגני 1 ליטר,מולינו ניקולי s.p.a,TR,תינוקלין מרכך כביסה,,1000.00,100 גרם,false,,17.90,0.0179,true,1,213074
8435495807636,false,ג'ל כביסה היפואלרגני 2 ל' תינוקלין,תינוקלין,TR,תינוקלין ג'ל כביסה ב,ליטרים,2.00,ליטר,false,,28.90,14.4500,true,1,213136
8435495819363,false,תינוקלין - מרכך כביסה פרש & ג'נטל 1 ליטר,תינוקלין,,תינוקלין מרכך כביסה,,1000.00,,false,,17.90,0.0179,true,1,240120
8437000906209,false,טורטייה קמח חיטה 320,Azteca foods europe,,עלי טורטיה 320ר,,325.00,,false,,10.90,0.0335,true,1,134340
8606018615827,false,גלידת וניל עם שברי עוגיות אוראו 480 ג',נסטלה,IL,פיינט אוראו,,480.00,,false,,18.90,0.0394,true,1,239642
8606018615841,false,גלידת וניל עם ליבת שוקולד חלב 480 ג' מילקה,נסטלה,IL,פיינט מילקה וניל ליב,,480.00,100 גרם,false,,18.90,0.0394,true,1,239643
8606018615865,false,גלידת קרמל ליבת שוקולד 480 ג' מילקה,נסטלה,IL,פיינט מילקה קרמל ליב,,480.00,,false,,18.90,0.0394,true,1,239644
8683130025574,false,"מרכך כביסה אקסטרה לבנדר 960 מ""ל בדין",יונילוור - תורכיה,TR,בדין אקסטרא לבנדר 96,,960.00,,false,,17.90,0.0186,true,1,237953
8683323063024,false,ממתק בטעם תותי פרוטי בצורת שטיח,מוטקה החולב,TR,סוכריות יוגטה שטיחים,,220.00,,false,,7.90,0.0359,true,1,204492
8686868600068,false,המותג אביזרי שיער,,,המותג אביזרי שיער,יחידה,0.00,יחידה,false,,8.90,0.0000,true,1,217091
8686868600075,false,המותג אביזרי שיער,,,המותג אביזרי שיער,יחידה,0.00,יחידה,false,,9.90,0.0000,true,1,217092
8686868600105,false,אביזרי שיער מברשות ה,,,אביזרי שיער מברשות ה,יחידה,0.00,יחידה,false,,12.90,0.0000,true,1,157776
8686868600112,false,המותג אביזרי שיער,,,המותג אביזרי שיער,יחידה,0.00,יחידה,false,,13.90,0.0000,true,1,217094
8686868600129,false,סרט לשיער,,,סרט לשיער,יחידה,0.00,יחידה,false,,12.90,0.0000,true,1,217095
8686868600174,false,המותג אביזרי שיער,,,המותג אביזרי שיער,יחידה,0.00,יחידה,false,,19.90,0.0000,true,1,217097
8686868600259,false,מטריה גדולה /כפולה,,,מטריה גדולה /כפולה,יחידה,0.00,יחידה,false,,29.90,0.0000,true,1,208433
8690504153849,false,שוקולד חלב במילוי קרם בטעם פרלין אגוזים,"אולקר מקבוצת פלאדיס,",TR,טבלת שוקולד חלב קרם,,83.00,100 גרם,false,,13.90,0.1675,true,1,218958
8690526019147,false,אי טי אי - וופל במילוי קרם אגוזי לוז 142 גרם,ETi,,וופל במילוי קרם אגוז,,142.00,,false,,6.90,0.0486,true,1,230912
8690526019185,false,אי טי אי - וופל במילוי קרם שוקולד חלב 142 גרם,מולינו ניקולי s.p.a,TR,וופל במילוי קרם שוקו,,142.00,100 גרם,false,,6.90,0.0486,true,1,230913
8690531032377,false,פלפל שיפקה צהוב חריף 340 ג',,TR,פלפל שיפקונית צנצנת,,350.00,,false,,9.90,0.0283,true,1,203971
8690531401722,false,פלפל אדום קלוי צנצנת,,,פלפל אדום קלוי צנצנת,,550.00,100 גרם,false,,9.90,0.0180,true,1,234205
8690572789018,false,גליס שמפו ביו טק 525,,,גליס שמפו ביו טק 525,,525.00,,false,,10.00,0.0190,true,1,236755
8690572789513,false,גליס שמפו תמצית שמן,,,גליס שמפו תמצית שמן,,525.00,100 גרם,false,,10.00,0.0190,true,1,236752
8690572789551,false,גליס שמפו שיקום עמוק,,,גליס שמפו שיקום עמוק,,525.00,100 גרם,false,,10.00,0.0190,true,1,236753
8690572799505,false,"סאיוס - מרכך לשיער דליל 500 מ""ל",,,סאיוס מרכך לחיזוק שו,,500.00,,false,,12.90,0.0258,true,1,237575
8690572799529,false,"סאיוס - שמפו קרטין 500 מ""ל",,,סאיוס שמפו קרטין לשי,,500.00,100 גרם,false,,12.90,0.0258,true,1,237568
8690572799543,false,"שמפו לחזיק שורשי סיב השערה סאיוס 500מ""ל",,,סאיוס שמפו לחיזוק שו,,500.00,,false,,12.90,0.0258,true,1,237569
8690637505607,false,בדין אקסטרה מרכך כביסה בניחוח פינוק כחול,יוניליוור סנאיי וי ט,TR,בדין אקסטרא פינוק כח,,960.00,,false,,17.90,0.0186,true,1,235185
8690637555084,false,"בדין - מרכך כביסה אקסטרה לבן 960 מ""ל",יוניליוור סנאיי וי ט,TR,בדין אקסטרא פריחת הת,,960.00,100 גרם,false,,17.90,0.0186,true,1,141089
8690637946301,false,"בדין - מרכך כביסה אקסטרא בייביי כחול 960 מ""ל",יוניליוור סנאיי וי ט,TR,בדין אקסטרא בייבי 96,,960.00,100 גרם,false,,17.90,0.0186,true,1,230423
8690637971310,false,"מרכך כביסה אקסטרה בניחוח יערת הדבש 960 מ""ל בדין",יוניליוור סנאיי וי ט,TR,בדין אקסטרא יערת הדב,,960.00,100 גרם,false,,17.90,0.0186,true,1,232874
8690766156374,false,שוקולד גודייבה מריר 72% מוצרי קקאו 90 גר,"אולקר מקבוצת פלאדיס,",TR,שוקולד מריר מעולה 7,,90.00,100 גרם,false,,14.90,0.1656,true,1,229892
8690766156381,false,שוקולד גודייבה מריר מעולה 90% קקאו 90 גר,"אולקר מקבוצת פלאדיס,",TR,שוקולד מריר מעולה 90,,90.00,,false,,14.90,0.1656,true,1,229893
8690770322598,false,"שמרים יבשים 125 גר` בד""צ",בראבו Bravo,,"שמרים יבשים 125 ג""ר.",,125.00,100 גרם,false,,4.90,0.0392,true,1,148052
8690777206051,false,חצילים קלויים על האש סארה 650 גר',קוראהן פזלרמה וי דיס,TR,חציל קלוי על האש ויל,,650.00,,false,,12.90,0.0198,true,1,137415
8690777221405,false,פלפל אדום קלוי על האש סארה 650גרם,קוראהן פזלרמה וי דיס,TR,פלפל אדום קלוי על הא,,650.00,100 גרם,false,,12.90,0.0198,true,1,137417
8690799022899,false,ריבת תפוזים מתין 1 ק,בוזטופרק גידה סאנאי,,ריבת תפוזים מתין 1 ק,,1000.00,,false,,17.90,0.0179,true,1,236578
8690799023018,false,ריבת דובדבנים לבנים,בוזטופרק גידה סאנאי,,ריבת דובדבנים לבנים,,1000.00,,false,,17.90,0.0179,true,1,236574
8690799023025,false,ריבת משמש עם תפוזים,בוזטופרק גידה סאנאי,,ריבת משמש עם תפוזים,,1000.00,,false,,17.90,0.0179,true,1,236580
8691058141238,false,ערמונים שלמים קלויים וקלופים 100 ג' Avel,,,ערמונים שלמים 100 גר,,100.00,,false,,6.90,0.0690,true,1,223419
8691899052847,false,כוסות פלסטיק לשתיה ק,,,כוסות פלסטיק לשתיה ק,יחידה,0.00,יחידה,false,,7.90,0.0000,true,1,238498
8693357154179,false,סט 6 כוסות שופ פסים,,,סט 6 כוסות שופ פסים,יחידה,0.00,יחידה,false,,10.90,0.0000,true,1,154276
8693495052177,false,תחליב רחצה זיתים ואלוורה,קולגייט פלמוליב,TR,פלמוליב זיתים 750מל,,750.00,,false,,21.90,0.0292,true,1,209648
8697431460064,false,קונפיטורה משמש 70% פרי פרופה 454 גר',פרוטנגו Fruitango,,קונפיטורה 70% משמש 4,,450.00,100 גרם,false,,13.90,0.0309,true,1,134358
8697431460217,false,קונפיטורה 70% תפוזים 450 ג' FRUPPA,פרוטנגו Fruitango,,קונפיטורה 70% פרי תפ,,450.00,,false,,13.90,0.0309,true,1,134360
8697431460378,false,קונפיטורה70% שזיף 450 ג' FRUPPA,פרוטנגו Fruitango,,קונפיטורה 70% פרי -,,450.00,100 גרם,false,,13.90,0.0309,true,1,134363
8697431921701,false,קונפיטורה תות שדה 70% פרי פרופה 454 גר',פרוטנגו Fruitango,,קונפיטורה תות שדה פר,,450.00,100 גרם,false,,13.90,0.0309,true,1,134366
8697431921718,false,קונפיטורה דובדבן חמוץ 70% פרי פרופה 454 גר',Barhan gida sanayi v,,קונפיטורה 70 % דובדב,,450.00,100 גרם,false,,13.90,0.0309,true,1,134367
8697431925143,false,קונפיטורה 70% פירות יער 450 ג' FRUPPA,פרוטנגו Fruitango,,קונפיטורה פירות יער,,450.00,100 גרם,false,,13.90,0.0309,true,1,215164
8697530910743,false,סיגריות פאל מאל כחול קצר מטאליק,Unknown,,פאל מאל כחול קצר,יחידה,0.00,יחידה,false,,28.00,0.0000,false,1,157175
8697530910750,false,סיגריות פאל מאל כחול ארוך האוס,Unknown,,פאל מאל כחול ארוך,יחידה,0.00,יחידה,false,,28.00,0.0000,false,1,157176
8697530910781,false,סיגריות פאל מאל אדום מטאליק,גלוברנדס,,פאל מאל אדום האוס,יחידה,0.00,יחידה,false,,28.00,0.0000,false,1,157179
8697530911276,false,סיגריות קנט קצר חפיס,גלוברנדס,,קנט קצר חפיסה,יחידה,0.00,יחידה,false,,35.00,0.0000,false,1,157189
8697659224035,false,מטהר אוויר אקווה 400,אטאק,,מטהר אוויר אקווה 400,,400.00,,false,,9.90,0.0248,true,1,207220
8697659224042,false,מטהר אוויר 400 מ'ל OCEAN,אטאק,,מטהר אוויר אושן,יחידה,0.00,יחידה,false,,9.90,0.0000,true,1,207221
8697826469092,false,טורטיה קטנה 540 גר' 12יח,דין שיווק,TR,טורטיה קטנה 540גר,,540.00,100 גרם,false,,9.90,0.0183,true,1,155492
8699250035041,false,זית שחור טבעי יבש במ,,,זית שחור טבעי יבש במ,,700.00,100 גרם,false,,19.90,0.0284,true,1,210876
8710447224205,false,"טרזמה - מרכך משקם ביוטין 400 מ""ל",יוניליוור,PL,טרזמה מרכך משקם ביוט,,400.00,100 גרם,false,,17.90,0.0447,true,1,213824
8710447320662,false,דאודורנט ספריי בניחוח אפרסק ולימון ללא אלומיניום,"פרמול איטליה, קומון",IT,דאב ספריי 0% אלומיני,,150.00,,false,,14.90,0.0993,true,1,230326
8710502194801,false,עוגיות שוקולד צ'יפס במרקם רך עם פירות יער,בנקטבקריי מרבה בי.וי,NL,עוגיות שוקולד ציפס פ,,175.00,,false,,11.90,0.0680,true,1,203097
8711000362747,false,קפסולות אספרסו ריסטרטו 10* 52 ג' LOR,גיקובס דאו אגברטס צר,FR,קפסולות קפה לור ריסט,,10.00,,false,,19.90,1.9900,true,1,212358
8711000371183,false,קפסולות קפה אספרסו אינטנסו 10*52 ג' ג'ייקובס,קריניציה ויטמינה אס,FR,גקובס קפסולות קפה אס,,52.00,100 גרם,false,,16.90,0.3250,true,1,213365
8711327475663,false,פיינט וניל שוקולד לבן 260 ג' מגנום,"מפעל גלידות בווספרם,",HU,מגנום פיינט וניל שוק,,260.00,100 גרם,false,,21.90,0.0842,true,1,234022
8712000051099,false,"בירה הייניקן 0% אלכהול 330 מ""ל*6 יח'",פארייפאבה אגרואינדוס,NL,בירה היינקן שישייה 0,,1980.00,,false,,29.90,0.0151,true,1,214421
8712400802499,false,תרכובת מזון המשך לפעוטות על בסיס חלב שלב 1,פרוטרופיק סיה.,NL,נוטרילון -טבע שלב 1,,800.00,100 גרם,false,,64.90,0.0811,true,1,138079
8712400802512,false,תרכובת מזון המשך לפעוטות על בסיס חלב שלב 2,פרוטרופיק סיה.,NL,נוטרילון -טבע שלב 2,,800.00,,false,,64.90,0.0811,true,1,138081
8712400802536,false,תרכובת מזון המשך לפעוטות על בסיס חלב שלב 3,פרוטרופיק סיה.,NL,נוטרילון -טבע שלב 3,,800.00,,false,,64.90,0.0811,true,1,138083
8712561594240,false,"דאב תחליב רחצה להזנה עמוקה500 מ""ל-מרכז","יוניליוור גרמניה, Gm",DE,תחליב רחצה להזנה עמו,,500.00,100 גרם,false,,13.90,0.0278,true,1,141146
8714599513781,false,קפה נמס גולד מיובש בהקפאה 200 ג' ג'ייקובס,אל.אל. סי ג''יקובס ד,RU,גייקובס גולד קפה נמס,,200.00,,false,,24.90,0.1245,true,1,211507
8714599513835,false,קפה ג'יקובס נטול קופאין מיובש בהקפאה 200 ג',ג'ייקובס Jacobs,,גקובס נטול קפאין מיו,,200.00,100 גרם,false,,35.90,0.1795,true,1,138084
8714599513866,false,"ג'ייקובס קרוננג מיובש בהקפאה כשל""פ 200 ג'",אל.אל.סי גייקובס דאו,UA,קפה נמס קרוננג ג׳יקו,,200.00,,false,,24.90,0.1245,true,1,138085
8714789218465,false,קולגייט מברשת שיניים 360 סופט זוג,הנסיך- מפעל לייצור ט,CN,קולגייט 360 מברשת שי,יחידה,0.00,יחידה,false,,33.90,0.0000,true,1,215562
8714789582764,false,אג'קס ספריי לניקוי חלונות ומשטחים,"ש. שסטוביץ בע""מ",GR,אגקס לניקוי חלונות 7,,750.00,,false,,15.90,0.0212,true,1,143726
8714789797786,false,נוזל כלים 4 ב- 1 מסיר כתמי אוכל,יבואן ומשווק: ש. שסט,GR,פלמוליב נוזל לכלים כ,,750.00,,false,,11.90,0.0159,true,1,143736
8714789930848,false,"משחת שיניים אופטיק וויט אינסטנט 75 מ""ל קולגייט",הנסיך- מפעל לייצור ט,PL,קולגייט אופטיק וויט,,75.00,,false,,21.90,0.2920,true,1,143743
8715700110141,false,מיונז קרמי היינץ צנצנת 460ג',ה.י.היינץ הולדינג בי,NL,מיונז היינץ צנצנת 46,,460.00,100 גרם,false,,11.90,0.0259,true,1,208718
8715700110158,false,מיונז לייט היינץ צנצנת 490 גר',ה.י.היינץ הולדינג בי,NL,מיונז היינץ לייט צנצ,,490.00,100 גרם,false,,11.90,0.0243,true,1,208719
8715700115344,false,"מתבל עגבניות היינץ 460 גר' כשל""פ",אייץ'. ג'יי. היינץ פ,ES,קטשופ היינץ 460גר,,460.00,100 גרם,false,,8.90,0.0193,true,1,208480
8715700419732,false,מתבל עגבניות היינץ 7,ה.י. היינץ,NL,*מבצע* קטשופ היינץ 7,,700.00,100 גרם,false,,10.90,0.0156,true,1,138086
8715700422473,false,ממרח מיונז ללא חומרים משמרים 395 ג' היינץ,היינץ Heinz,NL,ממרח היינץ לחיץ 395,,395.00,100 גרם,false,,14.90,0.0377,true,1,239326
8715700423906,false,קטשופ מתובל עגבניות 50% פחות סוכר 555ג' היינץ,היינץ צפון אמריקה מק,NL,*מבצע* מתבל עגבניות,,555.00,100 גרם,false,,10.90,0.0196,true,1,210319
8717163658314,false,תחליב רחצה מים מיסלריים היפואלרגני לעור רגיש,יוניליוור,DE,תחליב רחצה מים מיסלר,,500.00,,false,,13.90,0.0278,true,1,213377
8717163714850,false,"דאב - דאודורנט ספריי לאישה קוקוס ויסמין 150 מ""ל",דאב Dove,,דאב ספריי קוקוס ויסמ,,150.00,,false,,14.90,0.0993,true,1,214656
8717163842669,false,"דאב - תחליב רחצה חימר ירוק 500 מ""ל",יוניליוור גרמניה,DE,דאב תחליב רחצה חימר,,500.00,,false,,13.90,0.0278,true,1,230756
8717163842676,false,"דאב - תחליב רחצה חימר ורוד 500 מ""ל",יוניליוור גרמניה Gmb,DE,תחליב רחצה חימר ורוד,,500.00,100 גרם,false,,13.90,0.0278,true,1,230757
8718114734484,false,מיונז מיילי 320 גרם,MAILLE,,מיונז פיין 320 גר',,320.00,100 גרם,false,,15.90,0.0497,true,1,218457
8718951076402,false,"קולגייט משחת שיניים הרבל להלבנה 100 מ""ל",קולגייט פלמוליב,,קולגייט הרבל להלבנה,,100.00,,false,,11.90,0.1190,true,1,211946
8718951093331,false,מרידול מברשת שיניים אקסטרה סופט זוג,קולגייט פלמוליב,,מברשת שיניים מרידול,יחידה,0.00,יחידה,false,,29.90,0.0000,true,1,240114
8718951144064,false,מרידול מברשת שיניים פרודונט אקספרט זוג,מרידול Meridol,,מברשת שיניים מרידול,יחידה,0.00,יחידה,false,,29.90,0.0000,true,1,240115
8718951159402,false,"קולגייט משחת שיניים אופטיק וויט - אקסטרה פאוור 75 מ""ל",,,קולגיט אופטיק אקסטרא,,75.00,,false,,19.90,0.2653,true,1,237269
8718951175600,false,"משחת שיניים קלין מינט 75 מ""ל קולגייט טוטאל",Unknown,,קולגייט משחת טוטל קל,,75.00,,false,,14.90,0.1987,true,1,232074
8718951226715,false,"משחת שיניים טוטל קלין מינט 75 מ""ל קולגייט",,,קולגייט טוטל אוריגינ,,75.00,,false,,10.90,0.1453,true,1,237428
8718951236783,false,"משחת שיניים קולגייט טוטל פרש 100 מ""ל",,,קולגייט טוטל משחת שי,,100.00,100 גרם,false,,13.90,0.1390,true,1,237426
8718951240742,false,"קולגייט טוטאל משחת שיניים פסים מרעננים 100 מ""ל",קולגייט Colgate,PL,קולגייט טוטל משחת שי,,100.00,,false,,13.90,0.1390,true,1,213163
8718951253827,false,"קולגייט הלבנה פחם 75 מ""ל",,,קולגייט הלבנה מתקדמת,,75.00,,false,,19.90,0.2653,true,1,238045
8718951264618,false,"קולגייט אופטיק וייט פחם צ'רקול משחת שיניים, 75 מ""ל",קולגייט-פלמוליב,PL,קולגייט אופטיק וייט,,75.00,100 גרם,false,,19.90,0.2653,true,1,231024
8718951278851,false,"קולגייט הלבנה פחם 100 מ""ל",,,קולגייט הלבנה פחם 10,,100.00,,false,,13.90,0.1390,true,1,239029
8718951313576,false,קולגייט משחת שיניים מקס פרש קול קריסטל 100 מל,קולגייט פלמוליב,PL,קולגייט משחת שיניים,,100.00,100 גרם,false,,10.00,0.1000,true,1,236742
8718951334120,false,"מרכך כביסה מרוכז סופלין לבנדר 650 מ""ל",CP UK,GR,סופלין מרכך כביסה לב,,650.00,,false,,7.90,0.0122,true,1,232989
8718951382640,false,"פלמוליב ג'ל רחצה חימר דיטוקס 750 מ""ל",קולגייט פלמוליב,TR,*מבצע* פלמוליב סבון,,750.00,100 גרם,false,,12.90,0.0172,true,1,239971
8718951391314,false,"טריגר אנטי בקטריאלי אגקס , 500 מ""ל",אג'קס Ajax,GR,אגקס טריגר אנטי בקטר,,500.00,,false,,13.90,0.0278,true,1,234847
8719200998001,false,מרגרינה לאפיה ובישול בלי מלח 200 ג' בלו בנד,מיוצר עי קונדיטוריית,IL,בלו בנד בלי מלח 200ג,,200.00,100 גרם,false,,4.90,0.0245,true,1,223640
8719200998018,false,מחמאה מרגרינה בטעם חמאה 200 ג' בלו בנד,פארייפאבה אגרואינדוס,IL,מרגרינה מחמאה בטעם ח,,200.00,,false,,4.90,0.0245,true,1,223641
8719200998032,false,מזולה גלורי טעם חמאה 250ג',פארייפאבה אגרואינדוס,IL,מזולה בטעם חמאה 250ג,,250.00,100 גרם,false,,10.90,0.0436,true,1,223646
8719200998049,false,מרגרינה מזולה בטעם טבעי,פארייפאבה אגרואינדוס,IL,מזולה בטעם טבעי 250ג,,250.00,100 גרם,false,,9.90,0.0396,true,1,223643
8719200998094,false,מרגרינה מזולה בטעם טבעי ללא תוספת מלח,"מיוצר ע""י יוניליוור",IL,מזולה אפייה ללא מלח,,200.00,,false,,6.90,0.0345,true,1,223644
8719200998100,false,מרגרינה בטעם חמאה לאפייה 200 ג' מזולה,פארייפאבה אגרואינדוס,IL,מזולה אפייה טעם חמאה,,200.00,100 גרם,false,,6.90,0.0345,true,1,223645
8720181046612,false,"דאב - דאודורנט רול און לאישה אורגינל 50 מ""ל",יוניליוור,,דאב רולאון אוריגינל,,50.00,100 גרם,false,,14.90,0.2980,true,1,234467
8801055707966,false,קפה טייסטר צו'יס נס קפה בריסטה 180ג',נסטלה קוריאה - קפה,IL,קפה טייסטרס צ׳ויס בר,,180.00,100 גרם,false,,34.90,0.1939,true,1,136924
8801055709434,false,קפה נמס טייסטר צ'ויס קולומביה 100 גר',לוטה נסטלה קוריאה,KR,טסטרס צ'ויס קפה נמס,,100.00,100 גרם,false,,19.90,0.1990,true,1,236310
8801055709458,false,אבקה להכנת משקה קפה בטעם קפוצ'ינו קרמל,נסטלה קוריאה - קפה,,נסקפה קפוצינו קרמל 1,,170.00,,false,,21.90,0.1288,true,1,238224
8801055709465,false,אבקה להכנת משקה קפה בטעם קפוצ'ינו וניל,נסטלה קוריאה - קפה,DE,נסקפה קפוצינו וניל 1,,185.00,100 גרם,false,,21.90,0.1184,true,1,238225
8801055709472,false,נסטלה - נסקפה קפוצ'ינו קלאסי 12.50 גרם * 10,נסטלה קוריאה - קפה,DE,נסקפה קפוצ'ינו קלאסי,,125.00,100 גרם,false,,21.90,0.1752,true,1,238227
8801055709489,false,אבקה להכנת משקה קפה בטעם קפוצ'ינו אגוזים,נסטלה קוריאה - קפה,,נסקפה קפוצינו אגוזים,,180.00,100 גרם,false,,21.90,0.1217,true,1,238228
8809168840471,false,חטיף אצות מיובשות מז,Theppadungporn cocon,KR,חטיף אצות מיובשות 4.,,40.00,100 גרם,false,,24.90,0.6225,true,1,234323
8850180040028,false,קמח טמפורה להכנת בלי,קרנחם אוטאי פחרה,TH,טמפורה 500גר,,500.00,100 גרם,false,,10.90,0.0218,true,1,159474
8850367992164,false,קרם קוקוס ללא גלוטן,טאפ פאד ונגפורן,CN,קרם קוקוס 20-22% 250,,250.00,,false,,8.90,0.0356,true,1,203344
8850389103128,false,"סאפה אלוורה תפוח 300מ""ל",סאפה פובליק קומפני ל,TH,סאפה משקה אלוורה תפו,,300.00,,false,,10.90,0.0363,true,1,209215
8850389115336,false,סאפה מלון בקבוק תריסר 1ל',סאפה פובליק קומפני ל,TH,סאפה משקה אלוורה מלו,,1000.00,,false,,15.90,0.0159,true,1,210238
8858271002870,false,רוטב פאד תאי מזרח ומ,"ייאן וואל יון בע""מ",TH,רוטב פאד תאי 250מל,,2500.00,,false,,11.90,0.0048,true,1,159485
8858271003020,false,רוטב סויה פורמולה מק,יאן ונזל יון,TH,רוטב סויה פורמולה מק,,700.00,100 גרם,false,,15.90,0.0227,true,1,159487
8858271004799,false,רוטב צ'ילי מתוק מזרח,יאן ונזל יון,TH,רוטב צילי מתוק 700 מ,,700.00,,false,,11.90,0.0170,true,1,159501
8858271005451,false,רוטב סויה פורמולה מק,Yan Wal Yun Corpora,TH,רוטב סויה פורמולה מק,,250.00,,false,,10.90,0.0436,true,1,159502
8888111030053,false,"מיץ אננס SW טבעי מארז 240X4מ""ל פרימיום",S&W,PH,מיץ אננס רביעיית 4*2,,960.00,,false,,15.90,0.0166,true,1,193920
8901314525055,false,רביעיית מברשת שיניים,,,מברשת שיניים קולגייט,יחידה,0.00,יחידה,false,,10.90,0.0000,true,1,239818
8901537024014,false,"אורז בסמטי מובחר 1 ק""ג - דוואט) יורה דיעה",הנסיך- מפעל לייצור ט,IN,אורז בסמטי דאווט 1קג,,1000.00,,false,,12.90,0.0129,true,1,137441
8901537076679,false,"אורז בסמטי חום מלא 1 ק""ג דאוואט",האי נאם סי או אל.טי.,IN,אורז בסמטי חום מלא ד,,1.00,,false,,14.90,14.9000,true,1,210857
8908000959361,false,קורנישונים כבושים בח,,,מלפפון קורנישונים כב,,680.00,,false,,10.90,0.0160,true,1,223990
8934878081811,false,"דפי אורז 22 ס""מ 400 גר'(Trav) ללא גלוטן",דאנינג יוה פודס קו,CN,"דפי אורז 22 ס""מ 400ג",,400.00,100 גרם,false,,14.90,0.0373,true,1,214270
9000101509069,false,ברף - סבון אסלה ג'ל גשם אביב שלשות,,,ברף בריליאנט ג'ל גשם,יחידה,0.00,יחידה,false,,16.90,0.0000,true,1,239797
9000101509151,false,ברף - סבון אסלה ג'ל אוקיינוס הקרח הצפוני שלשות,,,ברף בריליאנט ג'ל אוק,יחידה,0.00,יחידה,false,,16.90,0.0000,true,1,239798
9000101537550,false,פרסיל קאפסולות לכביסה לבנה וצבעונית 52 יח',הנקל סוד,HU,פרסיל פאוור קאפס יונ,יחידה,0.00,יחידה,false,,54.90,0.0000,true,1,237974
9000101537581,false,פרסיל קאפסולות לכביסה צבעונית 52 יחידו,הנקל סוד,HU,פרסיל פאוור קאפס לכב,יחידה,0.00,יחידה,false,,54.90,0.0000,true,1,237975
9000101548419,false,קולור קאצ`ר דפים למכונת לכביסה מחדש צבע לבן 18 יח',הנקל סוד,IE,קולור קאצ'ר 20 דפים,יחידה,0.00,יחידה,false,,19.90,0.0000,true,1,237976
9001395807015,false,סוכ בננית 300 גר,האוסוירט,,בננית 300 ג,,300.00,100 גרם,false,,10.90,0.0363,true,1,132924
9002859053801,false,שוקולד סטיקס מריר מנ,,,אצבעות שוקולד סטיקס,,75.00,100 גרם,false,,9.90,0.1320,true,1,160116
9002859053849,false,שוקולד סטיקס מריר תפ,,,אצבעות שוקולד סטיקס,,75.00,100 גרם,false,,9.90,0.1320,true,1,160118
9002859054099,false,מוצרט-שוקולד ממולא 300ג',Gunz BV,,בונבונירה מוצרט משוש,,300.00,100 גרם,false,,29.90,0.0997,true,1,160119
9002859100536,false,בונבוניירה אצבעות שו,,,בונבוניירה אצבעות שו,,200.00,100 גרם,false,,14.90,0.0745,true,1,209782
9005835312718,false,"קלרו פירמידה מלח למדיח כלים 1 ק""ג CLARO",יעקבי,AT,מלח למדיח כלים קלאר,,1000.00,,false,,13.90,0.0139,true,1,231893
9005835312756,false,"קלרו ניקוי יסודי למדיח כלים 250 מ""ל CLARO",יעקבי,AT,ניקוי יסודי למדיח כל,,250.00,,false,,13.90,0.0556,true,1,231895
9044400851672,false,סוכריות פז סוגים שונים + 3 מילויים,פז פרודוקשיין,HU,*מבצע* סוכריות פז+3,,25.50,100 גרם,false,,10.90,0.4275,true,1,238078
9310072028743,false,טים טם Tim Tam וופל שוקולד קלאסי,"ארנוטס ביסקוויטס בע""",AU,ביסקויט טים טם במילו,,200.00,100 גרם,false,,19.90,0.0995,true,1,147723
9310072028750,false,טים טם Tim Tam וופל שוקולד ציפוי כפול,"ארנוטס ביסקוויטס בע""",AU,עוגיות טים טם דאבל 2,,200.00,100 גרם,false,,19.90,0.0995,true,1,147724
9322969000015,false,פריכיות תירס בטעם אורגינל ריל פודס 150 ג',אף.סי תבליני בגליל ב,AU,פריכיות תירס טעם אור,,150.00,,false,,13.90,0.0927,true,1,161069
9720006678751,false,כבד דגים פתיחה קלה 1,AYTEL,,כבד דגים איסלנד 115ג,,115.00,100 גרם,false,,7.90,0.0687,true,1,159951
9771565038319,false,עיתון ידיעות אחרונות,,,עיתון ידיעות אחרונות,יחידה,0.00,יחידה,false,,2.90,0.0000,true,1,132085
9771565038326,false,עיתון ידיעות אחרונות,,,עיתון ידיעות אחרונות,יחידה,0.00,יחידה,false,,2.90,0.0000,true,1,132086
9771565038333,false,עיתון ידיעות אחרונות,,,עיתון ידיעות אחרונות,יחידה,0.00,יחידה,false,,2.90,0.0000,true,1,132087
9771565038340,false,עיתון ידיעות אחרונות,,,עיתון ידיעות אחרונות,יחידה,0.00,יחידה,false,,2.90,0.0000,true,1,132088
9771565038357,false,עיתון ידיעות אחרונות,,,עיתון ידיעות אחרונות,יחידה,0.00,יחידה,false,,2.90,0.0000,true,1,132089
9771565039125,false,עיתון לאישה,,,עיתון לאישה,יחידה,0.00,יחידה,false,,21.90,0.0000,true,1,132091
9771565051066,false,ידיעות אחרונות יום ו,,,ידיעות שבת,יחידה,0.00,יחידה,false,,11.90,0.0000,true,1,132103
