code,internal_code,name,manufacturer_name,manufacture_country,manufacturer_item_description,unit_qty,quantity,unit_of_measure,weighted,qty_in_package,price,unit_of_measure_price,allow_discount,status,item_id
42174479,false,אורביט מעטפה תות 27 גרם,ריגלי צרפת,FR,אורביט מעטפה,גרמים,27.00,100 גרם,false,1,5.80,21.48,true,1,
46024824,false,נקסט פייןPP חפיסה,פיליפ מוריס,,נקסט יח',יחידה,1.00,יחידה,false,0,29.50,29.50,false,1,
72961544,false,"באדי יוגורט בטעם תות שדה 3% תנובה 125 מ""ל",מחלבת אלון תבור,IL,מעדן באדי תות 3%,גרמים,125.00,100 גרם,false,0,2.90,2.32,true,1,
72983416,false,ל.מ. בלו ארוך בוקס חפ,פיליפ מוריס,,ל.מ בלו חפ.,יחידה,1.00,יחידה,false,0,33.50,33.50,false,1,
72991398,false,סיגריות טיים בלו לי,דובק,IL,טיים BLUE יחיד,יחידה,1.00,יחידה,false,0,28.00,28.00,false,1,
72993637,false,מעדן חלב בטעם שוקולד 125 ג' דני,"שטראוס גרופ בע""\מ",IL,דני שוקולד 1.5%,גרמים,125.00,100 גרם,false,0,2.60,2.08,true,1,
72993767,false,פסק זמן גלילית אגוזים40ג,מיוצר עי קונדיטוריית,IL,פסק זמן גלילית,גרמים,40.00,100 גרם,false,0,4.90,12.25,true,1,
75032814,false,"בירה קורונה 355 מ""ל בקבוק",קומפניה כברהסרה,MX,בירה קורונה,מיליליטרים,355.00,"100 מ""ל",false,1,10.80,3.04,true,1,
78009226,false,דאו.דאב סטיק אורגינל50ג,"זולברג, גוברנור דריי",PH,דאו.דאב,גרמים,50.00,100 גרם,false,0,13.90,27.80,true,1,
80052760,false,קינדר בואנו Kinder Bueno עם חלב ואגוזי לוז,פררו - אלבה,PL,קינדר בואנו זוג,גרמים,43.00,100 גרם,false,0,4.50,10.47,true,1,
80949466,false,מנטוס בקבוק פירות מנטה60,פרפטי ואן מלה,TR,מנטוס בקבוק,גרמים,60.00,100 גרם,false,1,9.90,16.50,true,1,
80974482,false,קינדר ג'וי כחול 72 יחידות,פררו - אלבה,ZA,ביצת הפתעה קינדר,גרמים,20.00,100 גרם,false,0,5.90,29.50,true,1,
10900035187,false,25שקיות מזון זיפר בינוני,ריינולדס,TH,שקיות מזון זיפר,יחידה,1.00,יחידה,false,1,17.90,17.90,true,1,
16800204470,false,פחם רויאל נדלק בקלות,רויאל אוק,US,פחמים רויאל,קילוגרמים,3.00,"ק""ג",false,0,39.60,13.20,true,1,
34000442652,false,ריזס טבלה בטעם שוקולד ממולאת קרם בוטנים 120 גרם,ליימן מותגים,US,טבלת ריזס XL,גרמים,120.00,100 גרם,false,1,9.80,8.17,true,1,
38000138546,false,פרינגלס ברביקיו 158 גרם,פרינגלס מנופקצ'ורינג קונ,US,פרינגלס ברביקיו,גרמים,158.00,100 גרם,false,1,9.10,5.76,true,1,
38527591145,false,דגנים קפטן בוטנים355גרם,BEVERAGES FOODS & SE,US,קפטן קראנצ' בוטנ,גרמים,355.00,100 גרם,false,0,19.90,5.61,true,1,
51500255377,false,"חמאת בוטנים לל""ג JIF ושברי בוטנים 454ג'",ג'יי.אם.סמאקר,US,חמאת בוטנים,גרמים,454.00,100 גרם,false,1,17.90,3.94,true,1,
64144004119,false,"תרסיס ע""ב שמן קוקוס113מל",קונגרה,US,תרסיס שמן קוקוס,מיליליטרים,113.00,"100 מ""ל",false,1,13.90,12.30,true,1,
64144040902,false,"תרסיס ע""ב שמנ.לצלייה141ג",קונגרה,US,תרסיס לצלייה,גרמים,141.00,100 גרם,false,1,13.90,9.86,true,1,
64144090020,false,"ספריי שמן PAM בטעם שמן זית 141 מ""ל",קונאגרה פודס,US,תרסיס שמן זית,מיליליטרים,148.00,"100 מ""ל",false,0,13.90,9.39,true,1,
80432400432,false,וויסקי שיבאס רגאל 12,מזקקת האחים שיבאס,GB,וויסקי שיבס,ליטרים,1.00,ליטר,false,0,149.90,149.90,true,1,
617395099986,false,בוקצ'י ירק בריאות יחידה,קטיף.,IL,בוקצי ירק בריאות,יחידה,1.00,יחידה,false,0,12.90,12.90,true,1,
835811008088,false,עוג.מרוקאיות מקמח מלא350,הנמל,IL,עוגיות מרוקאיות,גרמים,350.00,100 גרם,false,0,19.50,5.57,true,1,
856591000437,false,מיני מזרחיות פלאפל200,עבאדי,IL,עוגיות מזרחיות,גרמים,200.00,100 גרם,false,0,10.80,5.40,true,1,
884912014252,false,פוסט הני בנצ'ס אלמונד411,הנסיך- מפעל לייצור ט,US,דגני הני בנצ'ס,גרמים,411.00,100 גרם,false,0,17.90,4.36,true,1,
898999000206,false,קוקו טבעי בתוספת אננס330,פראיפאבה אגרואינדוסטריאל,BR,קוקו טבעי אננס,מיליליטרים,330.00,"100 מ""ל",false,1,9.50,2.88,true,1,
3014260280772,false,חוט דנטלי ווקס Essential floss,פרוקטר אנד גמבל,IE,חוט דנטלי אורלB-,מטרים,50.00,מטר,false,0,19.40,0.39,true,1,
3046920028004,false,לינדט שוקולד אקסלנס מריר 70% 100 גר,לינדט ושפרונגלי קילשברג,FR,שוקולד אקסלנס,גרמים,100.00,100 גרם,false,0,16.00,16.00,true,1,
3046920028721,false,שוק.מריר לינדט 99% 50גרם,לינדט ושפרונגלי קילשברג,FR,שוקולד אקסלנס,גרמים,50.00,100 גרם,false,1,16.00,32.00,true,1,
3046920029674,false,שוקולד לינדט אקסלנס סולט 100 גרם,לינדט ושפרונגלי קילשברג,DE,שוקולד לינדט,גרמים,100.00,100 גרם,false,0,16.00,16.00,true,1,
3046920029759,false,לינדט אקסלנס 90% מוצקי קקאו 100 גרם,לינדט ושפרונגלי קילשברג,DE,שוקולד אקסלנס,גרמים,100.00,100 גרם,false,1,16.00,16.00,true,1,
3574660235197,false,32 או בה פרוקומפורט סופר,Johnson Toilet-IT,AT,טמפוני או בה,יחידה,1.00,יחידה,false,0,32.90,32.90,true,1,
3574660322576,false,מגן תחתון קרפרי רגיל,ג'ונסון אנד ג'ונסון,IT,קרפרי רגיל 58 יחידות,יחידה,1.00,יחידה,false,0,15.90,15.90,true,1,
3574660322651,false,קרפרי רגיל טנגה לבן 58יח,ג'ונסון אנד ג'ונסון,IT,קרפרי רגיל טנגה לבן 58יח,יחידה,1.00,יחידה,false,0,15.90,15.90,true,1,
3574660322675,false,קרפרי טנגה מבושם 58 יח',ג'ונסון,IT,קרפרי טנגה פרש,יחידה,1.00,יחידה,false,0,15.90,15.90,true,1,
3574660696028,false,נוטרוגינה ס.נורבגית קרם ידיים 50 מל חד,שסטוביץ,FR,קרם ידיים,מיליליטרים,50.00,"100 מ""ל",false,0,24.90,49.80,true,1,
3600521823866,false,קרם עיניים פעולה משולשת,קלסרואה,DE,קרם עיניים,מיליליטרים,15.00,"100 מ""ל",false,0,50.00,333.33,true,1,
3600522490500,false,טריפל אקטיב אנטי רדנס50מ,קרלסרו,DE,קרם לחות,מיליליטרים,50.00,"100 מ""ל",false,1,50.00,100.00,true,1,
3600523193158,false,תרסיס לכיסוי שורשי השיער Magic Retouch חום,לוריאל ליברמו,BE,ספריי לצבית שיער,מיליליטרים,75.00,"100 מ""ל",false,1,44.90,59.87,true,1,
3600541253667,false,"גרנייה - דאודורנט ספריי לאישה אינביזיבל BWC (ורוד) 150 מ""ל","לוריאל ישראל בע""מ",FR,דאו.גרנייה,מיליליטרים,150.00,"100 מ""ל",false,0,11.90,7.93,true,1,
3600541928169,false,"גרנייה פיור פחם ג'ל ניקוי 150 מ""ל","קרלסרו, גרמניה",DE,ג'יל ניקוי פיור,יחידה,1.00,יחידה,false,1,30.00,30.00,true,1,
3600541937475,false,גרניה פיור גרגרים מסיכה לעור מעורב עד שמן,לוריאל,FR,גרנייה פיור ניקו,מיליליטרים,150.00,"100 מ""ל",false,1,30.00,20.00,true,1,
3600541952720,false,ג'ל גרגירים עם פחם פעיל לטיפול בראשים שחורים,גרנייה Garnier,FR,ג'יל גרגירים,מיליליטרים,50.00,"100 מ""ל",false,1,30.00,60.00,true,1,
4000539014000,false,שוקולד לינדט תפוז 150 גר,לינדט ושפרונגלי קילשברג,IL,שוקולד לינדט,גרמים,150.00,100 גרם,false,0,23.80,15.87,true,1,
4005808812028,false,ניוואה קרם יום לעור רגיל,ביירסדורץ,DE,קרם לחות,מיליליטרים,50.00,"100 מ""ל",false,0,40.00,80.00,true,1,
4005808817726,false,ניוואה קרם גילוח לגבר100,ניוואה Nivea,DE,קרם גילוח לגבר,מיליליטרים,100.00,"100 מ""ל",false,0,13.10,13.10,true,1,
4006067060977,false,קפה נמס אספרסו דוידוף100,מ.דוידס,PL,קפה נמס אספרסו,גרמים,100.00,100 גרם,false,0,21.70,21.70,true,1,
4009300524588,false,חליטת צמחים פומפדור פירות יער 20 יחידות,פומפדור Pompadour,DE,חליטת פירות יער,גרמים,60.00,100 גרם,false,0,17.60,29.33,true,1,
4009900403023,false,אורביט וויט בטעם מנטה בקבוקון 46 מלבניות,"ב.א מזון בע""מ",PL,אורביט בקבוקון,גרמים,64.00,100 גרם,false,0,9.90,15.47,true,1,
4014400910063,false,סוכריות חמאה וורטרס אורגינל 135 גרם,וורטר'ס אורגינל,DE,סוכריות וורטר,גרמים,135.00,100 גרם,false,0,8.00,5.93,true,1,
4015400057369,false,תחבושות אולוויז לילה,פרוקטר אנד גמבל,DE,תחבושות אולוויז,יחידה,1.00,יחידה,false,0,14.40,14.40,true,1,
4015400269762,false,טמפקס פרל רגולר 20 יחידות,פרוקטר אנד גמבל,HU,טמפקס פרל,יחידה,1.00,יחידה,false,0,19.90,19.90,true,1,
4015400428688,false,תחבושות עבות נורמל +,פרוקטר אנד גמבל,DE,תחבושות אולוויז,יחידה,1.00,יחידה,false,0,14.40,14.40,true,1,
4015400715443,false,טמפקס קומפאק סופר 22 יחי,פרוקטר & גמבל,HU,טמפקס קומפאק,יחידה,1.00,יחידה,false,1,26.00,26.00,true,1,
4015400731719,false,תחבושות היגייניות אולוויז יום ולילה Day & Night,פרוקטר אנד גמבל,UA,תחבושות אולוייז,יחידה,1.00,יחידה,false,1,21.90,21.90,true,1,
4015400755364,false,32תחבושת אולוייז נורמל,פרוקטר & גמבל,DE,תחבושות אולוייז,יחידה,1.00,יחידה,false,1,21.90,21.90,true,1,
4015400755487,false,תחבושות היגייניות אולוויז אולטרה לונג - 24 יח',פרוקטר אנד גמבל,DE,תחבושות אולוייז,יחידה,1.00,יחידה,false,1,21.90,21.90,true,1,
4015400990543,false,"אבקת כביסה קולור 8 ק""ג אריאל",פרוקטור אנד גמבל,TR,אבקת אריאל קולור,קילוגרמים,8.00,"ק""ג",false,1,65.90,8.24,true,1,
4015600582111,false,20טבליות פיירי פלטינום,פרוקטר & גמבל,GB,טבליות למדיח,יחידה,1.00,יחידה,false,0,26.70,26.70,true,1,
4015600815233,false,"פנטן שמפו לחות מוגברת 600 מ""ל",פרוקטר & גמבל,IL,פנטן שמפו,מיליליטרים,600.00,"100 מ""ל",false,0,19.90,3.32,true,1,
4015600815271,false,פנטן מרכך לחות מוגברת600,פרוקטר & גמבל,IL,פנטן מרכך,מיליליטרים,600.00,"100 מ""ל",false,0,19.90,3.32,true,1,
4015600815516,false,שמפ.פנטן נוסחה קלאסית600,פרוקטר & גמבל,FR,שמפו פנטן,מיליליטרים,600.00,"100 מ""ל",false,0,19.90,3.32,true,1,
4017100356513,false,היט מיניס שחור לבן 130גר,באלסן,PL,היט מיניס,גרמים,130.00,100 גרם,false,1,6.30,4.85,true,1,
4045787068467,false,"אינדולה - פרוטאין צבע 7 בלונד בינוני 60 מ""ל",שוורצקופף והנקל,DE,פרוטאין קולור,יחידה,1.00,יחידה,false,0,25.20,25.20,true,1,
4046234794885,false,קפה צ'יבו בלאק נוויט200ג,צ'יבו,PL,קפה צ'יבו,גרמים,200.00,100 גרם,false,1,19.80,9.90,true,1,
4056800777792,false,צבע לשיער קולסטון קיט 2/8 שחור כחול,פרוקטר אנד גמבל,DE,קולסטון קיט,יחידה,1.00,יחידה,false,0,27.90,27.90,true,1,
4056800943739,false,קרם חמצן וולוקסון Welloxon 6%,פרוקטר אנד גמבל,FR,חמצן וולה 6%,מיליליטרים,60.00,"100 מ""ל",false,0,5.50,9.17,true,1,
4084500088917,false,"נוזל כלים פיירי לימון 650 מ""ל בד""צ",פרוקטר אנד גמבל,US,פיירי נוזל לכלים,מיליליטרים,650.00,"100 מ""ל",false,0,8.90,1.37,true,1,
4084500853553,false,פיירי נוזל כלים קלאסי אורגינל 650 מל,פרוקטר אנד גמבל,GB,נוזל כלים פיירי,מיליליטרים,650.00,"100 מ""ל",false,1,8.90,1.37,true,1,
4607026530212,false,יורוסטנדרט כוסמת 900,אגרופרודקט,RU,כוסמת,גרמים,900.00,100 גרם,false,0,18.20,2.02,true,1,
4710068001739,false,"מאסטר קפה קולומביאני 250 מ""ל",יוני פרזינדנט אנטרפר,TW,מאסטר קפה,מיליליטרים,240.00,"100 מ""ל",false,0,6.50,2.71,true,1,
4770209042274,false,חלב כחוש מרוכז וממותק397,ליטאוניין פרודוקטס,LT,חלב מרוכז ממותק,גרמים,397.00,100 גרם,false,1,7.90,1.99,true,1,
4792032060454,false,"גרין קוקו - מי קוקוס אורגניים 330 מ""ל",גרין קוקו,VN,מי קוקוס אורגני,מיליליטרים,330.00,"100 מ""ל",false,1,8.90,2.70,true,1,
4891228430092,false,סכיני גילוח שיק אקסטרים קומפורט לנשים 3 להבים 4 יחידות,אנרג'יזר Energizer,CN,סכיני גילוח,יחידה,1.00,יחידה,false,0,15.90,15.90,true,1,
5000159461122,false,חטיף שוקולד סניקרס מקס קרמל 50 ג',"נארז ע""י : א.ג. גילר",NL,חטיף סניקרס,גרמים,50.00,100 גרם,false,0,3.90,7.80,true,1,
5010677554398,false,בקרדי בריזר אבטיח 275 בקבוק,בקרדי בריזר Bacardi Breezer,BE,בקרדי בריזר,מיליליטרים,275.00,"100 מ""ל",false,0,9.90,3.60,true,1,
5011408027990,false,ספרי עיצוב חזק מאוד לשיער Elnett,לוריאל Loreal,FR,אלנט ספריי לשיער,מיליליטרים,400.00,"100 מ""ל",false,0,29.60,7.40,true,1,
5011408053234,false,ק.לחות פעולה משולש.פרש50,"קרלסרו, גרמניה",DE,קרם לחות,מיליליטרים,50.00,"100 מ""ל",false,0,50.00,100.00,true,1,
5013965747656,false,מרכך הד&שולדרס קלאסי400מ,פרוקטר & גמבל,IL,מרכך הד&שולדרס,מיליליטרים,400.00,"100 מ""ל",false,0,20.90,5.23,true,1,
5013965747687,false,מרכך הד&שולדרס מ.משי400מ,פרוקטר & גמבל,IL,מרכך הד&שולדרס,מיליליטרים,400.00,"100 מ""ל",false,0,20.90,5.23,true,1,
5014271300429,false,"מעדן משמש 100% פרי סנטדלפור 284 גרם לל""ס",סאן דלפור - שמבור,FR,מעדן מישמש,גרמים,284.00,100 גרם,false,0,19.90,7.01,true,1,
5014271350424,false,מעדן ארבעה פירות ללא תוספת סוכר 284 גרם,סאן דלפור - שמבור,FR,מעדן 4 פירות,גרמים,284.00,100 גרם,false,0,19.90,7.01,true,1,
5021821141906,false,צ'יזלי בסגנון פרמזן 250ג,ויבייטס פודס,GB,צ'יזלי פרמז'ן,גרמים,250.00,100 גרם,false,1,28.70,11.48,true,1,
5202390015649,false,צהובה טבע.עשבי תיבול200ג,,GR,צהובה טבעונית,גרמים,200.00,100 גרם,false,0,23.70,11.85,true,1,
5400265032337,false,המלט-אריזת מתנה צסטרפילד קרם 125 גר,HAMLET NV,BE,בונבוניירה,גרמים,125.00,100 גרם,false,1,29.60,23.68,true,1,
5410076530076,false,פנטן מסיכה לשיער מלא 200,פרוקטר & גמבל,FR,מסיכה פנטן,מיליליטרים,200.00,"100 מ""ל",false,0,25.90,12.95,true,1,
5410103161617,false,קרם יום עם פעולה משולשת Triple active לעור יבש ועדין,"לוריאל ישראל בע""מ",DE,קרם לחות עור יבש,מיליליטרים,50.00,"100 מ""ל",false,0,50.00,100.00,true,1,
5410228146162,false,בירה לף ברון בקבוק 330מל,אינבב.ברוורייליין1,BE,בירה לף ברון,מיליליטרים,330.00,"100 מ""ל",false,0,12.40,3.76,true,1,
5410316946049,false,"סמירנוף אייס דאבל 250מ""ל",דיאגו אופריישנס,IT,סמירנוף אייס,מיליליטרים,250.00,"100 מ""ל",false,1,9.90,3.96,true,1,
5410471110217,false,ביסקוויט דק עם שקדים100ג,ג'ולס דסטרופר,BE,ביסקוויט שקדים,גרמים,100.00,100 גרם,false,1,10.00,10.00,true,1,
5410471110774,false,ביסקוויט חמאה פריך 100גר,ג'ולס דסטרופר,BE,ביסקוויט וופל,גרמים,100.00,100 גרם,false,1,10.00,10.00,true,1,
5410471130901,false,ביסקוויט מצופה שוקולד100,ג'ולס דסטרופר,BE,ביסקוויט מצופה,גרמים,100.00,100 גרם,false,1,10.00,10.00,true,1,
5411188080268,false,"אלפרו סויה אורגני 1 ל מפוקח ע""י סקאל",הנסיך- מפעל לייצור ט,BE,אלפרו סויה אורגנ,ליטרים,1.00,ליטר,false,0,15.90,15.90,true,1,
5412533406672,false,"נוזל לניקוי כלים 750 מ""ל",אקובר,BE,נוזל לכלים,מיליליטרים,750.00,"100 מ""ל",false,0,13.40,1.79,true,1,
5900020018908,false,פיטנס חטיפי אנרגיה דגנים בטעם קרם עוגיות נסטלה 6*23.5 גרם,מיוצר עי קונדיטוריית,PL,חטיפי פיטנס 6 יח,גרמים,141.00,100 גרם,false,0,10.90,7.73,true,1,
5900020020741,false,חטיפי דגנים נסקוויק בר שוקו שוקו 6*25 גר,נסטלה פולין ברים,PL,נסקוויק בר,גרמים,150.00,100 גרם,false,0,15.80,10.53,true,1,
6921052701001,false,אצות וואקמה 40 גרם (רונגצ'אנג)(כ),ננטונג הידה אקוטיק פ,CN,אצות ווקאמה,גרמים,50.00,100 גרם,false,0,6.90,13.80,true,1,
6922276100083,false,מחית וואסבי -חזרת 43 גרם (דליאן),דליאן ג'ינדה קונדימנ,CN,וואסבי 43 גרם,גרמים,43.00,100 גרם,false,0,9.50,22.09,true,1,
7038513829002,false,גורדן חוט דנטלי אין ביטוין 50 מ,ג'ורדן Jordan,MY,חוט דנטלי ג'ורדן,מטרים,50.00,מטר,false,0,17.90,0.36,true,1,
7038516140357,false,מברשת שיניים ג'ורדן טוטל סופט מארז 4 יחידות,מיוצר במלזיה עבור ג',NO,מברשת שיניים,יחידה,1.00,יחידה,false,0,18.70,18.70,true,1,
7290000000114,true,חצילים,קטיף.,IL,חצילים,קילוגרמים,0.00,"ק""ג",true,0,6.90,6.90,true,1,
7290000000282,true,חסה ערבית יחידה,קטיף,IL,חסה ערבית,יחידה,1.00,יחידה,false,0,4.90,4.90,true,1,
7290000000534,true,סלרי ראש יחידה,קטיף,IL,סלרי ראש,יחידה,1.00,יחידה,false,0,5.90,5.90,true,1,
7290000000541,true,שורש פטרוזיליה,קטיף,IL,שורש,יחידה,1.00,יחידה,false,0,5.90,5.90,true,1,
7290000000749,true,פלפל שישקה מתוק,קטיף.,IL,פלפל שישקה מתוק,קילוגרמים,0.00,"ק""ג",true,0,8.90,8.90,true,1,
7290000000916,true,עגבניה שרי סוכריות יח,קטיף.,IL,שרי סוכריות,יחידה,1.00,יחידה,false,0,9.90,9.90,true,1,
7290000001616,true,כוסברה כשר יחידה,קטיף.,IL,כוסברה כשר-יח',יחידה,1.00,יחידה,false,0,7.90,7.90,true,1,
7290000023083,false,ערק אשקלון בקבוק 700,"יקבי ברקן בע""\מ",IL,ערק אשקלון,מיליליטרים,700.00,"100 מ""ל",false,0,49.90,7.13,true,1,
7290000024905,false,"וודקה קגלביץ' קלאסיקה 700 מ""ל","יקבי ברקן בע""\מ",IL,וודקה קגלביץ,מיליליטרים,700.00,"100 מ""ל",false,0,49.90,7.13,true,1,
7290000034256,false,ביסקוויט תירוש חצי מצופה הדר 175ג',אפיפית נצרת תעשיות ב,IL,ביסקוויט תירוש,גרמים,175.00,100 גרם,false,0,5.90,3.37,true,1,
7290000040080,false,יופלה יוגורט אפרסק 3% שומן 150 גרם,תנובה חלב,IL,יופלה אפרסק3%,גרמים,150.00,100 גרם,false,0,5.00,3.33,true,1,
7290000042855,false,"שוקו בשקית 250 מ""ל ""יטבתה""",שטראוס גרופ,IL,שוקו בשקית,מיליליטרים,225.00,"100 מ""ל",false,0,2.50,1.11,true,1,
7290000044880,false,באדי יוגורט תות 3% שומן 500 ג' תנובה,מיוצר עי קונדיטוריית,IL,מעדן באדי תות 3%,גרמים,500.00,100 גרם,false,0,8.40,1.68,true,1,
7290000045580,false,גבינה מותכת נעמה חורש תנובה 240 גרם,תנובה מרכז שיתופי לש,IL,גבינת נעמה מותכת,גרמים,240.00,100 גרם,false,0,16.90,7.04,true,1,
7290000046563,false,גב.קולאז' פרמזן 23%במשקל,תנובה מרכז שיתופי לש,IL,גבינת פרמזן,גרמים,0.00,"ק""ג",true,0,109.00,109.00,true,1,
7290000047546,false,השף הלבן כנען גבינה לבנה דלת נתרן 5% תנובה 500 גרם,תנובה מרכז שיתופי לש,IL,גבינת כנען 5%,גרמים,500.00,100 גרם,false,0,23.90,4.78,true,1,
7290000050072,false,"יופלה 360 תות 100*6 מ""ל",תנובה,IL,יופלה 360 תות,מיליליטרים,600.00,"100 מ""ל",false,0,12.60,2.10,true,1,
7290000050300,false,גבינה תנובה 5% 125 ג,,IL,גבינה לבנה 5%,גרמים,125.00,100 גרם,false,0,2.30,1.84,true,1,
7290000054995,false,יוגורט עיזים פיראוס 500מ,תנובה,IL,יוגורט עיזים,מיליליטרים,500.00,"100 מ""ל",false,0,11.80,2.36,true,1,
7290000056081,false,מארז יוגורט פרילי טבע 6*200 גרם,מיוצר עי קונדיטוריית,IL,מארז פרילי טבע,קילוגרמים,1.20,"ק""ג",false,0,21.60,18.00,true,1,
7290000056272,false,גבינה לבנה 5% עם זיתים ירוקים 250 ג' תנובה,תנובה מרכז שיתופי לש,IL,גבינה לבנה 5%,גרמים,250.00,100 גרם,false,0,5.40,2.16,true,1,
7290000056784,false,גבינת פטה כבשים במשק,תנובה מרכז שיתופי לש,IL,פטה כבשים5% משקל,קילוגרמים,0.00,"ק""ג",true,0,107.00,107.00,true,1,
7290000056890,false,שמיניית דיאט יופלה 0% טעמים שונים 150 גרם,מיוצר עי קונדיטוריית,IL,יופלה 0% 8 יח,קילוגרמים,1.20,"ק""ג",false,0,24.90,20.75,true,1,
7290000060828,false,פסטה קרניים בינוניות אסם 500 גרם,קריות זול,IT,פסטה קרניים,גרמים,500.00,100 גרם,false,0,5.70,1.14,true,1,
7290000060965,false,איטריות מובחר רחבות 400 ג',"אסם השקעות בע""\מ",IL,אטריות רחבות,גרמים,400.00,100 גרם,false,0,6.90,1.73,true,1,
7290000062242,false,דובונים חטיף תפוחי אדמה בטעם שמנת בצל אסם 40 גרם,"אסם השקעות בע""\מ",IL,דובונים שמנת בצל,גרמים,40.00,100 גרם,false,0,4.30,10.75,true,1,
7290000063027,false,"לחמית ללא גלוטן 1 ק""ג",אסם,IL,לחמית ללא גלוטן,קילוגרמים,1.00,"ק""ג",false,0,29.90,29.90,true,1,
7290000065090,false,מיני קרוטונים מתובלים למרק ולסלט אסם 400 גרם,עינת תעשיות מזון אגו,IL,מיני קרוטונים,גרמים,400.00,100 גרם,false,0,22.80,5.70,true,1,
7290000065748,false,סירופ ויטמינצ'יק אננס 1ל,בית-השיטה עסיס תעשיות מז,IL,ויטמינצ'יק אננס,ליטרים,1.00,ליטר,false,0,12.90,12.90,true,1,
7290000066189,false,ביסלי חטיף בטעם פלאפל אסם 200 גרם,"אסם השקעות בע""\מ",IL,ביסלי פלאפל,גרמים,200.00,100 גרם,false,0,7.50,3.75,true,1,
7290000066196,false,ביסלי חטיף בטעם גריל אסם 200 גרם,מיוצר עי קונדיטוריית,IL,ביסלי גריל,גרמים,200.00,100 גרם,false,0,7.50,3.75,true,1,
7290000066349,false,אפרופו חטיף תירס אסם 100 גרם,מיוצר עי קונדיטוריית,IL,אפרופו חטיף תירס,גרמים,100.00,100 גרם,false,0,8.90,8.90,true,1,
7290000066943,false,סירופ ויטמינצ'יק ענבים1ל,בית-השיטה עסיס תעשיות מז,IL,ויטמינצ'יק ענבים,ליטרים,1.00,ליטר,false,0,12.90,12.90,true,1,
7290000068343,false,אסם פריכונים פרוסות קלויות מלא,"פרח תעשיות מזון בע""מ.",IL,פריכונים מאורז,גרמים,140.00,100 גרם,false,0,7.20,5.14,true,1,
7290000070384,false,"אבקת מרק עדיף אסם 400 גר' כשל""פ","אסם השקעות בע""\מ",IL,מרק בטעם עוף,גרמים,400.00,100 גרם,false,0,14.20,3.55,true,1,
7290000072623,false,קטשופ אסם בקבוק לחיץ 750 גרם,"אסם תעשיות בע""מ",IL,קטשופ בקבוק לחיץ,גרמים,750.00,100 גרם,false,0,11.50,1.53,true,1,
7290000072630,false,קטשופ אסם חריף 750 גרם-בקבוק,"אסם תעשיות בע""מ",IL,קטשופ חריף,גרמים,750.00,100 גרם,false,0,13.80,1.84,true,1,
7290000072791,false,נסקפה גולד בלנד 200 גר,נסטלה,CH,נסקפה גולד בלנד,גרמים,200.00,100 גרם,false,0,45.90,22.95,true,1,
7290000073699,false,סלט חומוס צבר 150 גרם,סלטי צבר,IL,סלט חומוס צבר,גרמים,150.00,100 גרם,false,0,4.90,3.27,true,1,
7290000073774,false,מנה חמה נודלס אטר+ירקות טעם צילי 70 גרם,טאי רזידנט,TH,מנה חמה נודלס,גרמים,70.00,100 גרם,false,0,6.90,9.86,true,1,
7290000073835,false,צ'יפסי 4 * 50 גרם,אסם,IL,צ'יפסי 4 יחידות,גרמים,200.00,100 גרם,false,0,11.40,5.70,true,1,
7290000074276,false,קרקר פיקנטי טבעון 250 ג' אסם,"אסם השקעות בע""\מ",IL,קרקר פיקנטי אסם,גרמים,250.00,100 גרם,false,0,9.90,3.96,true,1,
7290000074481,false,לחמית אגוזים אסם 160 גרם,"אסם השקעות בע""\מ",IL,לחמית אגוזים,גרמים,160.00,100 גרם,false,0,9.50,5.94,true,1,
7290000076645,false,טוסטעים פת קלויה חיטה מלאה אסם 100 גרם,ון דר מולן האלום,NL,טוסטעיםחיטה מלאה,גרמים,100.00,100 גרם,false,0,10.50,10.50,true,1,
7290000078762,false,אוסם - חטיפי פריכונים מאורז מלא בטעם דבש 80גר,סנורייס בלגיום אן. ו,GB,חטיפי פריכונים,גרמים,80.00,100 גרם,false,0,7.90,9.88,true,1,
7290000080536,false,חציל טעם כבד רפי כהן400ג,צבר,IL,חציל טעם כבד תבר,גרמים,400.00,100 גרם,false,0,15.90,3.98,true,1,
7290000081663,false,"בייגלה טבעות שומשום אסם 300 גרם בד""ץ",מיוצר עי קונדיטוריית,IL,בייגלה טבעות,גרמים,300.00,100 גרם,false,0,9.90,3.30,true,1,
7290000090603,true,פוקצה עם ירקות קפוא,גידרון,IL,פוקצה עם ירקות,יחידה,1.00,יחידה,false,0,7.90,7.90,true,1,
7290000090832,true,בייגל אמריקאי רגיל,גידרון,IL,בייגל אמריקאי,יחידה,1.00,יחידה,false,0,3.90,3.90,true,1,
7290000094083,true,לחמניה גידרול,גידרון,IL,לחמניה גידרול,יחידה,1.00,יחידה,false,0,4.50,4.50,true,1,
7290000096018,true,שנייק קינמון במשקל,גידרון,IL,שנייק קינמון,קילוגרמים,0.00,"ק""ג",true,0,35.00,35.00,true,1,
7290000096520,true,"בורקס טורקי תפו""א במשקל",גידרון,IL,בורקס טורקי תפ,קילוגרמים,0.00,"ק""ג",true,0,35.00,35.00,true,1,
7290000096926,true,שנייק פיצה חלבי במשקל,גידרון,IL,שנייק פיצה,קילוגרמים,0.00,"ק""ג",true,0,35.00,35.00,true,1,
7290000099491,true,"מאפה תפו""ע קטן לפי משקל",גידרון,IL,מאפה תפוח-עץ,קילוגרמים,0.00,"ק""ג",true,0,49.00,49.00,true,1,
7290000103488,false,ארטישוק ירושלמי סנפרוסט 400 גרם,"סנפרוסט בע""\מ",IL,ארטישוק י-ם קפוא,גרמים,400.00,100 גרם,false,1,21.90,5.48,true,1,
7290000103730,false,לקט להקפצה עם פסטה פוזילי סנפרוסט 800 גרם,"איי, בי, אינבוו",IL,לקט להקפצה,גרמים,800.00,100 גרם,false,0,24.50,3.06,true,1,
7290000103815,false,לקט להקפצה בסגנון תאילנדי סנפרוסט 800 גרם,"סנפרוסט בע""\מ",IL,לקט תאילנדי,גרמים,800.00,100 גרם,false,0,24.90,3.11,true,1,
7290000103860,false,מרק עדשים עשיר בירקות סנפרוסט 570 גרם,"איי, בי, אינבוו",IL,מרק עדשים,גרמים,572.00,100 גרם,false,0,17.90,3.13,true,1,
7290000103877,false,מרק שעועית עשיר בירקות סנפרוסט 640 גרם,"סנפרוסט בע""\מ",IL,מרק שעועית,גרמים,644.00,100 גרם,false,0,17.90,2.78,true,1,
7290000104713,false,פול ירוק סנפרוסט 800 גרם,"איי, בי, אינבוו",IL,פול ירוק מוקפא,גרמים,800.00,100 גרם,false,0,23.60,2.95,true,1,
7290000104911,false,לקט נורמנדי סנפרוסט 800 גרם,"איי, בי, אינבוו",IL,לקט נורמנדי קפוא,גרמים,800.00,100 גרם,false,0,23.60,2.95,true,1,
7290000107189,false,תחתיות ארטישוק סנפרוסט 400 גרם,"איי, בי, אינבוו",IL,תחתיות ארטישוק,גרמים,400.00,100 גרם,false,0,21.90,5.48,true,1,
7290000107295,false,תפרחות ברוקולי סנפרוסט 800 גרם,"איי, בי, אינבוו",IL,ברוקולי מוקפא,גרמים,800.00,100 גרם,false,0,26.50,3.31,true,1,
7290000110035,false,מרגר.בלובנד לבישול 200גר,אתר חיפה מרגרינה,IL,מרגרינה בלובנד,גרמים,200.00,100 גרם,false,0,4.30,2.15,true,1,
7290000111063,false,מיונז תלמה אמיתי250 גרם,יוניליוור ישראל מזון בע\,IL,מיונז אמיתי תלמה,גרמים,250.00,100 גרם,false,0,6.80,2.72,true,1,
7290000112237,false,"טחינה גולמית שומשום טהור בארכה 1 ק""ג","רושדי תעשיות מזון בע""\מ",IL,טחינה גולמית,קילוגרמים,1.00,"ק""ג",false,0,28.60,28.60,true,1,
7290000112619,false,מרק עוף לתיבול והעשרה קנור 400 ג',יוניליוור ישראל מזון בע\,IL,מרק עוף אמיתי,גרמים,400.00,100 גרם,false,0,19.90,4.98,true,1,
7290000116884,false,"רוטב ברביקיו קנור 300 גרם בד""צ",יוניליוור ישראל מזון בע\,IL,רוטב ברביקיו,מיליליטרים,300.00,"100 מ""ל",false,0,10.90,3.63,true,1,
7290000117393,false,חט.דגנים שוקו שוגי 26X8ג,יוניליוור,IL,חטיפי דגנים 8 יח,גרמים,208.00,100 גרם,false,0,14.90,7.16,true,1,
7290000121109,false,גבינה מותכת לייט עם זיתים 7% מון בלאן 120 גרם,האי נאם סי או אל.טי.,IL,גבינת מון בלאן,גרמים,120.00,100 גרם,false,0,11.90,9.92,true,1,
7290000123158,false,מזולה טעם חמאה 250 גרם,"יוניליוור ישראל מזון בע""",IL,מזולה טעם חמאה,גרמים,250.00,100 גרם,false,0,10.40,4.16,true,1,
7290000123172,false,מזולה בגביע טעם טבעי250ג,אתר חיפה מרגרינה,IL,מזולה בגביע,גרמים,250.00,100 גרם,false,0,9.40,3.76,true,1,
7290000129099,false,תיבוליות עשבי תיבול 72גר,"יוניליוור ישראל מזון בע""",IL,תיבוליות,גרמים,72.00,100 גרם,false,0,7.90,10.97,true,1,
7290000134833,false,כמון טחון בקופ' 100 גר' טעם וריח,"תבליני טעם וריח בע""מ",IL,כמון טחון,גרמים,100.00,100 גרם,false,0,11.80,11.80,true,1,
7290000143279,false,"שמפו הוואי נגד קשקשים 700 מ""ל-אדום",שוורצקוף& הנקל דיסלד,IL,שמפו הוואי,מיליליטרים,700.00,"100 מ""ל",false,0,9.90,1.41,true,1,
7290000143286,false,"מרכך הוואי לשיער רגיל 700 מ""ל",שוורצקוף& הנקל דיסלד,IL,מרכך הוואי,מיליליטרים,700.00,"100 מ""ל",false,0,9.90,1.41,true,1,
7290000146645,false,הוואי - סבון מוצק שחור מסתורי 100 גרם רביעייה,טרופיקל דגיל קוסמטיק,IL,סבון הוואי 4 יח,גרמים,400.00,100 גרם,false,0,11.90,2.98,true,1,
7290000150352,false,פסטרמה איטלקית במשקל,עיצובים 2020 (4.9),IL,פסטרמה איטלקית,קילוגרמים,0.00,"ק""ג",true,0,85.00,85.00,true,1,
7290000153469,false,קציצות עוף קלאסיות 100% רכיבים טבעיים,"מוצרי עוף טוב (2001) בע""",IL,קציצות עוף,גרמים,600.00,100 גרם,false,0,27.90,4.65,true,1,
7290000163024,false,רוטב חרדל דבש לייט305גרם,יוניליוור,IL,רוטב חרדל דבש,גרמים,305.00,100 גרם,false,0,10.00,3.28,true,1,
7290000167985,false,דאב מן קלין קומפורט דאו ספריי 150 מל,"יוניליוור אנגליה, דרך קו",IL,דאודורנט דאב מן,מיליליטרים,150.00,"100 מ""ל",false,0,13.90,9.27,true,1,
7290000176079,false,קפה עלית טורקי עם הל 100 גרם,הנסיך- מפעל לייצור ט,IL,קפה טורקי עם הל,גרמים,100.00,100 גרם,false,0,8.90,8.90,true,1,
7290000176420,false,קפה נמס פחית עלית 200 גרם,שטראוס קפה בי.וי,IL,קפה נמס,גרמים,200.00,100 גרם,false,0,19.90,9.95,true,1,
7290000176857,false,שוקולד לבן פרה 100 ג,STRAUSS-ISRAEL,IL,שוקולד לבן,גרמים,100.00,100 גרם,false,0,5.50,5.50,true,1,
7290000178721,false,תפוצ'יפס בטעם טבעי 200 גרם,"שטראוס פריטו ליי בע""\מ )",IL,חטיף תפוצ'יפס,גרמים,200.00,100 גרם,false,0,10.00,5.00,true,1,
7290000185224,false,סילאן בקבוק לחיץ תמר כנרת 650 גר,תמר כנרת,IL,סילאן בקבוק לחיץ,גרמים,650.00,100 גרם,false,0,14.80,2.28,true,1,
7290000188270,false,קליניקס ממחטות אף אולטרא סופט 2*80 דף,חוגלה קימברלי,IL,קלינקס אולטרה,יחידה,1.00,יחידה,false,0,15.50,15.50,true,1,
7290000188553,false,קוטקס מגן תחתון יאנג ביג 60 יחידות,קימברלי קלארק,CN,מגן תחתון קוטקס,יחידה,1.00,יחידה,false,0,14.90,14.90,true,1,
7290000189505,false,ניקול תבנית אפייה מקרטון אינגליש קייק ניקול 5 יחידות,"דוקארט בעמ, קיבוץ כפ",IL,תבניות קרטון,יחידה,1.00,יחידה,false,0,9.90,9.90,true,1,
7290000191652,false,שלישיית ממחטות אולטרה סופט קלינקס 90 יחידות,חוגלה קימברלי,IL,קלינקס מעוצב 3יח,יחידה,1.00,יחידה,false,0,9.90,9.90,true,1,
7290000193656,false,תחבושות עם כנפיים סופר פלוס לילי 24 יחידות,חוגלה קימברלי,ES,תחבושות לילי,יחידה,1.00,יחידה,false,0,16.00,16.00,true,1,
7290000193793,false,לילי תחבושות אינטימי נורמל אולט' 24 יח',חוגלה קימברלי,BE,תחבושות לילי,יחידה,1.00,יחידה,false,0,16.00,16.00,true,1,
7290000195537,false,האגיס - מגבוני האגיס דיילי קר לא מבושם 64 יח' * 4,חוגלה קימברלי,IL,מגבוני האגיס 4יח,יחידה,1.00,יחידה,false,0,19.90,19.90,true,1,
7290000197265,false,ניקול המגבת הבריאה 1גל,חוגלה קימברלי,IL,המגבת הבריאה,מטרים,26.00,מטר,false,1,7.90,0.30,true,1,
7290000197340,false,רדיד אלומניום ניקול זוגי 45X7.5מ',חוגלה קימברלי,IL,זוג רדידי אלומינ,מטרים,15.00,מטר,false,0,17.90,1.19,true,1,
7290000207063,false,רוטב עגבניות פריכוז 28% 260 ג' יכין,היינץ צפון אמריקה מק,IL,רוטב עגבניות,גרמים,260.00,100 גרם,false,0,4.10,1.58,true,1,
7290000208114,false,"אפונה וגזר יכין A2 פ""ק בית יוסף","זנלכל בע""\מ",IL,אפונת גינה וגז,גרמים,550.00,100 גרם,false,0,6.50,1.18,true,1,
7290000208213,false,שעועית לבנה אפויה A2 ברוטב עגבניות יכין 560ג',היינץ צפון אמריקה מק,IL,שעועית ברוטב,גרמים,580.00,100 גרם,false,0,6.60,1.14,true,1,
7290000208404,false,פול מצרי יכין 350 גרם,"זנלכל בע""\מ",IL,פול מצרי,גרמים,550.00,100 גרם,false,0,5.80,1.05,true,1,
7290000208855,false,רוטב לפסטה קלאסי 240 גרם יכין,"זנלכל בע""\מ",IL,רוטב פסטה,גרמים,260.00,100 גרם,false,0,4.70,1.81,true,1,
7290000209531,false,סירופ דיאט בטעם אשכוליות יכין 1 ליטר,"זנלכל בע""\מ",IL,סירופ אשכוליות,ליטרים,1.00,ליטר,false,0,8.00,8.00,true,1,
7290000211626,false,"סוגת אורז חיש 1 ק""ג","סוגת תעשיות בע""\מ",IL,אורז חיש סוגת,קילוגרמים,1.00,"ק""ג",false,0,9.90,9.90,true,1,
7290000256085,false,רולעדין גלילי ופל 100 גר,מאפים 4 ב10,IL,גלילי רולעדין,גרמים,100.00,100 גרם,false,0,6.80,6.80,true,1,
7290000286761,false,ניילון נצמד סנו סושי פלסטיק מארז 30X2 מ',מיוצר עי קונדיטוריית,CN,צמד ניילון נצמד,מטרים,60.00,מטר,false,0,9.90,0.17,true,1,
7290000286921,false,"ספריי להסרת כתמים סנו קל 750 מ""ל",סנו מפעלי ברונוס בעמ,IL,סנוקל רסס וכבס,מיליליטרים,750.00,"100 מ""ל",false,0,10.00,1.33,true,1,
7290000287195,false,"סנו רהיט ספריי עשיר בווקס להברקה 305 מ""ל",מיוצר עי קונדיטוריית,IL,סנו רהיט מרסס,מיליליטרים,305.00,"100 מ""ל",false,0,13.90,4.56,true,1,
7290000288048,false,סנו זאוול מרסס מונבלאן 1 ליטר,"סנו מפעלי ברונוס בע""מ",IL,סנו ג'אוול לבנדר,ליטרים,1.00,ליטר,false,0,15.90,15.90,true,1,
7290000288413,false,סנו-די דוחה יתושים כדורי סנו 50 גרם,גוד פוד פרודקטס S.p,IL,סנו די כדורי,מיליליטרים,50.00,"100 מ""ל",false,0,19.90,39.80,true,1,
7290000292557,false,סנומט דוחה יתושים מילוי סנו 45 ימים,טרופיקל דגיל תעשיות,IT,נוזל מילוי סנו,מיליליטרים,35.00,"100 מ""ל",false,0,15.90,45.43,true,1,
7290000294391,false,נוזל לניקוי כללי בניחוח סחלבים סנו ג'ט 4 ליטר,סנו מפעלי ברונוס בעמ,IL,סנו ג'ט,ליטרים,4.00,ליטר,false,0,15.00,3.75,true,1,
7290000295343,false,"אבקת כביסה מקסימה ביו 1.25 ק""ג סנו",סנו מקסימה,IL,אבקת כביסה,קילוגרמים,1.25,"ק""ג",false,0,18.50,14.80,true,1,
7290000295503,false,זוג שקיות מזון טבע 19*25 סנו סושי 150 יחידות,"אשפלסט תעשיות בע""מ",CN,שקיות אוכל צמד,יחידה,1.00,יחידה,false,0,13.50,13.50,true,1,
7290000295541,false,רב מגבת ג'מבו סנו סושי 75 יחידות,מיוצר עי קונדיטוריית,IL,סנו סושי רב מגבת,מטרים,21.00,מטר,false,0,16.90,0.80,true,1,
7290000295565,false,"רדיד אלומיניום רוחב 45 ס""מ סנו 2 יח' 7.5 מטר",בורסה פאזרי,TR,צמד רדידי אלומינ,מטרים,15.00,מטר,false,0,16.30,1.09,true,1,
7290000311203,false,"וופלים בטעם שוקולד ""מן"" 200 גרם",תות ממתקי איכות,IL,ופלים טעם שוקולד,גרמים,200.00,100 גרם,false,0,4.40,2.20,true,1,
7290000311425,false,ופל מצופה עשיריות מן 220 גרם מארז 10 יחידות,תות ממתקי איכות,IL,ופלים מצופים,גרמים,220.00,100 גרם,false,0,6.90,3.14,true,1,
7290000318103,false,פסטרמה ברביקיו במשקל,מעדני יחיעם,IL,פסטרמה ברביקיו,קילוגרמים,0.00,"ק""ג",true,0,66.00,66.00,true,1,
7290000318677,false,נקניק סלמי סרוולט יחיעם 150 גרם,מעדני יחיעם 1993,IL,סלמי סרוולט,גרמים,150.00,100 גרם,false,0,22.90,15.27,true,1,
7290000319728,false,סלמי איטלקי מפולפל ב,מעדני יחיעם,IL,איטלקי מפולפל,קילוגרמים,0.00,"ק""ג",true,0,66.00,66.00,true,1,
7290000334165,false,ציפס תפוגן מובחר 700,"תעשיות תפוגן בע""\מ",IL,תפוגן מובחר,גרמים,700.00,100 גרם,false,0,16.80,2.40,true,1,
7290000334684,false,תפוגן טבעות בצל 700 גרם,"תעשיות תפוגן בע""\מ",IL,טבעות בצל לתנור,גרמים,700.00,100 גרם,false,0,17.60,2.51,true,1,
7290000345291,false,תה ארל גריי ויסוצקי 25 יחידות,תה ויסוצקי,IL,תה ארל גריי,גרמים,37.00,100 גרם,false,0,16.60,44.86,true,1,
7290000363486,false,נקניק סלמי תה במשקל,טירת- צבי,IL,נקניק תה,קילוגרמים,0.00,"ק""ג",true,0,52.00,52.00,true,1,
7290000365398,false,חזה הודו בדבשטירת צבי,טירת- צבי,IL,חזה הודו בדבש,קילוגרמים,0.00,"ק""ג",true,0,84.00,84.00,true,1,
7290000365909,false,פסטרמה הודו מעושנתטירת צבי,טירת- צבי,IL,פסטרמה הודו מעוש,קילוגרמים,0.00,"ק""ג",true,0,84.00,84.00,true,1,
7290000416045,false,"קרם מובחר למריחה השחר 1 ק""ג",השחר העולה תעשייות מ,IL,ממרח השחר,קילוגרמים,1.00,"ק""ג",false,0,23.60,23.60,true,1,
7290000416168,false,קרם למריחה בשפופרת330ג,השחר,IL,קרם למריחה,גרמים,330.00,100 גרם,false,0,9.90,3.00,true,1,
7290000416892,false,ק.למריחה בשפופרת תפוז330,השחר,IL,קרם למריחה,גרמים,330.00,100 גרם,false,1,9.90,3.00,true,1,
7290000419923,false,לנדוור קפה אספרסו טחון בואקום 200 גר,קפה לנדוור,IL,קפה אספרסו טחון,גרמים,200.00,100 גרם,false,0,20.90,10.45,true,1,
7290000420325,false,"פופסטאר פופקורן למקירוגל בטעם טבעי 5 שקיות,500 גרם",פרסטון פארמס,US,פופקורן למיקרו,גרמים,500.00,100 גרם,false,0,11.90,2.38,true,1,
7290000432663,false,נרות חימום 10 קוד,"פאלאס בע""מ",IL,נרות שבת,יחידה,1.00,יחידה,false,0,4.50,4.50,true,1,
7290000446554,false,"חמאת בוטנים טבעית בטר אנד דיפרנט 1 ק""ג",בטר אנד דיפרנט B&D,IL,חמאת בוטנים,קילוגרמים,1.00,"ק""ג",false,0,27.90,27.90,true,1,
7290000453125,false,שמרים ומשפר אפיה ביתי שמרית 100ג',"פאקא תעשיות בע""\מ",IL,שמרית+ משפר אפיה,גרמים,100.00,100 גרם,false,0,7.40,7.40,true,1,
7290000453385,false,שמרים יבשים פארא אינסטנט 500 גרם עלית,"פאקא תעשיות בע""מ",GB,שמרים יבשים פאקא,גרמים,500.00,100 גרם,false,0,13.90,2.78,true,1,
7290000461861,false,דג דג חטיף מלוח 400 גרם,בייגל את בייגל מזון 198),IL,דג דג חטיף מלוח,גרמים,400.00,100 גרם,false,0,13.50,3.38,true,1,
7290000465876,false,חומוסיבוב ברוטב חריף400ג,צבר,IL,חומוסיבוב,גרמים,400.00,100 גרם,false,1,14.90,3.73,true,1,
7290000466163,false,מלפ.גולן מלח 7-9 560 גרם,בית השיטה,IL,מלפפונים במלח,גרמים,560.00,100 גרם,false,0,6.30,1.13,true,1,
7290000466170,false,מלפ.גלעד 12-10מלח 560גרם,בית השיטה,IL,מלפפונים במלח,גרמים,560.00,100 גרם,false,0,7.00,1.25,true,1,
7290000467153,false,מלך החומוס סמיר הגדול 400 גרם צבר,סלטי צבר,IL,חומוס סמיר הגדול,גרמים,400.00,100 גרם,false,0,14.20,3.55,true,1,
7290000467320,false,מלך חומוס אבו מרוואן400ג,סלטי צבר,IL,מלך החומוס צבר,גרמים,400.00,100 גרם,false,0,14.90,3.73,true,1,
7290000468006,false,כרוב כבוש בית השיטה 560ג,בית-השיטה עסיס תעשיו,IL,כרוב כבוש,גרמים,560.00,100 גרם,false,0,7.10,1.27,true,1,
7290000490601,false,גלידל וניל פלדמן מארז שמינייה,הגלידות של פלדמן,IL,גלידל וניל 8יח,גרמים,400.00,100 גרם,false,0,33.50,8.38,true,1,
7290000521350,false,"זני של סגל קברנה 750 מ""ל","כרמי צבי-אחים סגל בע""\מ",IL,קברנה סוביניון,מיליליטרים,750.00,"100 מ""ל",false,0,19.90,2.65,true,1,
7290000531601,false,סטייקבורגר זהב זוגלובק 400 גרם,נקניק נהריה כשר זוגל,IL,סטייק בורגר 00,גרמים,400.00,100 גרם,false,0,21.90,5.48,true,1,
7290000537566,false,נקניקיות עוף טרי 400 ג' זוגלובק,נקניק נהריה כשר זוגל,IL,נקניקיות עוף,גרמים,400.00,100 גרם,false,0,14.60,3.65,true,1,
7290000552194,false,קישקע טיבון ויל 500 גרם,טיבון ויל אחזקות בעמ,IL,קישקע,גרמים,500.00,100 גרם,false,0,14.90,2.98,true,1,
7290000554686,false,גבינת לאבנה בתוספת שמן זית וזעתר 5% גד 250 גרם,מחלבות גד בעמ,IL,לאבנה בשמן זית5%,גרמים,250.00,100 גרם,false,0,10.00,4.00,true,1,
7290000554792,false,גבינה בולגרית 5%במשקל,מחלבות גד,IL,גבינה בולגרית 5%,גרמים,0.00,"ק""ג",true,0,45.00,45.00,true,1,
7290000571119,false,גאודה טבעי בית יצחק,תנובה מרכז שיתופי לש,IL,גבינת גאודה,קילוגרמים,0.00,"ק""ג",true,0,105.00,105.00,true,1,
7290000571386,false,המחלבה יוגורמה יוגורט מחלב כבשים 5% 850 גרם,גבינות משק אחים מאיר בית,IL,יוגורמה 5%,גרמים,850.00,100 גרם,false,0,25.90,3.05,true,1,
7290000572628,false,חטיפי חלווה ללא סוכר בקופסא 250 גרם,שוורצקוף& הנקל דיסלד,IL,חטיף חלווה לייט,גרמים,275.00,100 גרם,false,0,13.90,5.05,true,1,
7290000650371,false,שניצל דג סול 400 גרם,דלידג - נטו,IL,שניצל דג סול,גרמים,400.00,100 גרם,false,0,18.90,4.73,true,1,
7290000659312,false,פילה סלמון פרימיום דגי תנובה,דגי תנובה,IL,פילה סלמון,קילוגרמים,0.00,"ק""ג",true,0,84.90,84.90,true,1,
7290000679631,false,"ד""ר פישר - קמיל בלו קלאסיק 500 מ""ל",פישר מעבדות פרמצבטיות בע,IL,קמיל בלו אלסבון,מיליליטרים,500.00,"100 מ""ל",false,0,15.90,3.18,true,1,
7290000692210,false,נוזל לניקוי כללי ורצפות בניחוח לבנדר אג'קס 2 ליטר,הנסיך- מפעל לייצור ט,GR,אג'קס ניקוי כללי,ליטרים,2.00,ליטר,false,0,21.90,10.95,true,1,
7290000803180,false,"מרידול - מי פה שטיפה דנטלית 400 מ""ל",קולגייט פלמוליב,CH,שטיפה מרידול,מיליליטרים,400.00,"100 מ""ל",false,0,27.70,6.93,true,1,
7290000904993,true,עוגיות פרפריות במשקל,גידרון,IL,עוגיות פרפריות,קילוגרמים,0.00,"ק""ג",true,0,28.00,28.00,true,1,
7290000928388,true,צלי כתף טרי)עצמי( מחיר ל,שונות,IL,צלי כתף טרי,קילוגרמים,0.00,"ק""ג",true,0,99.90,99.90,true,1,
7290000960272,true,עגבניה אורגנית,,IL,עגבניה אורגנית,קילוגרמים,0.00,"ק""ג",true,0,11.90,11.90,true,1,
7290000962580,true,מרווה יחידה,קטיף,IL,מרווה יחידה,יחידה,1.00,יחידה,false,0,5.00,5.00,true,1,
7290000964775,true,בננות,קטיף.,IL,בננה,קילוגרמים,0.00,"ק""ג",true,0,11.90,11.90,true,1,
7290000982939,true,כרישה )לוף( יחידה,קטיף.,IL,לוף פרסה-יחידה,יחידה,1.00,יחידה,false,0,7.90,7.90,true,1,
7290000995441,true,קייל - יחידה,קטיף.,IL,קייל - יחידה,יחידה,1.00,יחידה,false,0,12.00,12.00,true,1,
7290001012123,false,פרש וואנס קייר כחול 72*4,על בד,IL,פרש וואנס,יחידה,1.00,יחידה,false,0,17.90,17.90,true,1,
7290001158500,false,כנפי עוף טרי תפזורת עצמי,שונות,IL,כנפיים עוף טרי,קילוגרמים,0.00,"ק""ג",true,0,11.90,11.90,true,1,
7290001164402,false,אפקטבעי ג'עלה בצנצנת 200 גרם,בטר אנד דיפרנט,IL,ג'עלה,גרמים,200.00,100 גרם,false,0,13.70,6.85,true,1,
7290001208649,false,חלבה שוקולד אגוזים במשקל,,IL,חלבה אגוזים,קילוגרמים,0.00,"ק""ג",true,0,42.00,42.00,true,1,
7290001231233,false,סיגריות וינסטון בוקס,Unknown,CH,ווינסטון בוקס,יחידה,1.00,יחידה,false,0,31.50,31.50,false,1,
7290001247099,false,קרטונית נקטר ספרינג מנגו 1 ליטר,יפאורה שותפות מובגלת לשיווק,IL,נקטר ספרינג מנגו,ליטרים,1.00,ליטר,false,0,5.30,5.30,true,1,
7290001247112,false,קרטונית נקטר ספרינג לימונענע 1 ליטר,יפאורה שותפות מובגלת לשיווק,IL,משקה לימונענע,ליטרים,1.00,ליטר,false,0,5.30,5.30,true,1,
7290001265642,false,"מזון חתולים מעדני פטה 1.2 ק""ג מארז 3 יחידות",קריות זול,FR,מעדני לה קט 3 יח,קילוגרמים,1.20,"ק""ג",false,0,19.10,15.92,true,1,
7290001327227,false,קרמיסימו ריבת חלב 1.33ל',"גלידת שטראוס בע""\מ",IL,גלידה קרמיסימו,ליטרים,1.33,ליטר,false,0,19.90,14.96,true,1,
7290001327357,false,גל.קרמיסימו וניל 1.33ל',"גלידת שטראוס בע""\מ",IL,גלידה קרמיסימו,ליטרים,1.33,ליטר,false,0,19.90,14.96,true,1,
7290001407813,false,חלבה שאמית וניל עם פיסטוק במרקם מעודן,"רושדי תעשיות מזון בע""\מ",IL,חלבה פיסטוק,גרמים,350.00,100 גרם,false,0,14.80,4.23,true,1,
7290001462010,false,אריסה מרוקאית יוחאי ביטון 250 גרם,נטו,IL,אריסה מרוקאית,גרמים,250.00,100 גרם,false,0,14.60,5.84,true,1,
7290001476208,false,גד ברי פקאן משולשים צאן 22% במשקל,מחלבות גד,IL,ברי פקאן,קילוגרמים,0.00,"ק""ג",true,0,128.00,128.00,true,1,
7290001552049,false,קוסקוס מרוקאי קפוא 800 גר,מטעמי פאר,IL,קוסקוס מרוקאי,גרמים,800.00,100 גרם,false,0,15.90,1.99,true,1,
7290001594155,false,"קוקה-קולה בבקבוק אישי 500 מ""ל",החברה המרכזית לייצור משקאות,IL,קוקה קולה,מיליליטרים,500.00,"100 מ""ל",false,0,6.90,1.38,true,1,
7290001594377,false,פריגת תפוזים 0.5 ליטר חייב בפקדון,מבשלות בירה בינלאומיות ב,IL,פריגת תפוזים,מיליליטרים,500.00,"100 מ""ל",false,0,6.20,1.24,true,1,
7290001594865,false,"שישייה בירה קרלסברג בקבוק 330 מ""ל",מבשלות בירה בינלאומיות ב,IL,בירה קרלסברג 6יח,ליטרים,1.98,ליטר,false,0,34.90,17.63,true,1,
7290001648643,false,מארז קפה טורקי כתר 100X3 גרם,רוני רג'ואן ושות,IL,מארז טורקי כתר,גרמים,300.00,100 גרם,false,0,13.80,4.60,true,1,
7290001696385,false,מיני רוגלך שוקולד,גדרון סהרון,IL,מיני רוגלך,קילוגרמים,0.00,"ק""ג",true,1,49.00,49.00,true,1,
7290001779965,false,שלגוני ויטמינצ'יק כשלפ,נסטלה,IL,שלגוני ויטמינצ,גרמים,800.00,100 גרם,false,0,21.30,2.66,true,1,
7290001780428,false,גלידיאט שלגון מצופה נסטלה 312 גרם מארז 6 יחידות,גלידות נסטלה )נגה גלידות,IL,מארז גלידיאט,גרמים,360.00,100 גרם,false,0,29.90,8.31,true,1,
7290001817377,false,צ'יטוס חטיף איקס עיגול פיצה 60 גרם,"שטראוס פריטו ליי בע""\מ )",IL,צ'יטוס איקס,גרמים,60.00,100 גרם,false,0,3.50,5.83,true,1,
7290001817582,false,צ'יטוס כאפה 15*10 גרם,עלית,IL,מארז צ'יטוס כאפה,גרמים,150.00,100 גרם,false,0,9.90,6.60,true,1,
7290001902042,false,לחם עם קימל קפוא 485 גרם,"גידרון תעשיות בע""מ",IL,לחם עם קימל,גרמים,485.00,100 גרם,false,0,11.90,2.45,true,1,
7290001902066,false,לחם כפרי 485 גרם,"גידרון תעשיות בע""מ",IL,לחם כפרי,גרמים,485.00,100 גרם,false,0,11.90,2.45,true,1,
7290001902080,false,לחם שיפון 525 גרם,גידרון,IL,לחם שיפון,גרמים,525.00,100 גרם,false,0,11.90,2.27,true,1,
7290001902776,false,לחמנית עם דגנים קפוא,"גידרון תעשיות בע""מ",IL,לחמנית עם דגנים,יחידה,1.00,יחידה,false,0,4.50,4.50,true,1,
7290001990094,false,"סוכר חום כהה צנצנת קלאסי סוגת 1ק""ג",האי נאם סי או אל.טי.,IL,סוכר חום קלאסי,קילוגרמים,1.00,"ק""ג",false,0,11.70,11.70,true,1,
7290002008149,false,מדליק פחם מוצק הנמל אריזת 40יח',מ.א.יצור ויבוא מטליו,GB,מדליק פחמים,יחידה,1.00,יחידה,false,0,5.90,5.90,true,1,
7290002013037,false,פסטרמה פרגית זוגלובק,זוגלובק,IL,פסטרמה פרגיות,קילוגרמים,0.00,"ק""ג",true,0,79.00,79.00,true,1,
7290002026884,false,"מאגדת גלידת בן& ג'ריס צאנקי מיקס 400 מ""ל",מוצרי איכות אמריקאיים בע,IL,מאגדת ציאנקי,יחידה,1.00,יחידה,false,1,29.90,29.90,true,1,
7290002037309,false,שמיניית לחמניות המבורגר,מאפית י את א ברמן בע,IL,8לחמניות המבורגר,גרמים,400.00,100 גרם,false,0,11.50,2.88,true,1,
7290002057055,false,זיתים סורי שלם קבוצת יבנה 340 גרם,קבוצת יבנה,IL,זית סורי ירוק,גרמים,540.00,100 גרם,false,0,9.90,1.83,true,1,
7290002057376,false,מלפפונים במלח ‏17‏-‏13‏ קבוצת יבנה 320 גרם,קבוצת יבנה,IL,מלפפונים במלח,גרמים,540.00,100 גרם,false,0,8.80,1.63,true,1,
7290002057406,false,"מלפפון חומץ ‏36‏-‏30‏ ‏10‏-‏A‏ יבנה 3 ק""ג",קבוצת יבנה,IL,מלפפון בחומץ,קילוגרמים,3.00,"ק""ג",false,0,21.30,7.10,true,1,
7290002061137,false,אורנה 19 קרם דפילטור80גר,אלפא קוסמטיקה,IL,קרם להסרת שיער,גרמים,80.00,100 גרם,false,0,14.80,18.50,true,1,
7290002065555,false,שישיית לחמנייה הכי רכה בהפסקה אנג'ל 450 גרם,מאפיית שלמה א. אנג'\ל בע,IL,6 לחמניות בשקית,גרמים,450.00,100 גרם,false,0,10.90,2.42,true,1,
7290002107798,false,גבינה בולגרית מעודנת 5% משק צוריאל 250 גרם,מחלבת משק צוריאל,IL,גבינה בולגרית 5%,גרמים,250.00,100 גרם,false,0,20.70,8.28,true,1,
7290002130567,false,דבש דבורים טהור פרחי בר יד מרדכי 350 גרם,מכוורת יד מרדכי שטראוס ב,IL,דבש טהור,גרמים,350.00,100 גרם,false,0,19.90,5.69,true,1,
7290002253174,false,קוביות שמיר קצוץ דורות 70 גרם,עיצובים 2020 (3.8),IL,שמיר טרי קצוץ,גרמים,70.00,100 גרם,false,0,9.90,14.14,true,1,
7290002269953,false,קרליין - מסיר איפור דו פאזי כחול,קרליין,IL,בלוז מסיר איפור,מיליליטרים,170.00,"100 מ""ל",false,0,35.00,20.59,true,1,
7290002327059,false,"בצק עלים 1 ק""ג שלושת האופים",שלושת האופים,IL,בצק עלים מרודד,קילוגרמים,1.00,"ק""ג",false,0,20.70,20.70,true,1,
7290002327912,false,מיני בורקס גבינה 700 ג' שלושת האופים,שלושת האופים,IL,מיני בורקס גבינה,גרמים,700.00,100 גרם,false,0,25.10,3.59,true,1,
7290002331124,false,נביעות+ מים מינרליים בטעם תפוח,נביעות טבע הגליל בעמ,IL,נביעות תפוח,מיליליטרים,500.00,"100 מ""ל",false,0,5.70,1.14,true,1,
7290002331148,false,נביעות+טעם תפוח 1.5 ליטר,נביעות טבע הגליל בעמ,IL,נביעות+תפוח,ליטרים,1.50,ליטר,false,0,7.50,5.00,true,1,
7290002331360,false,"נביעות מים מינרליים טו גו מארז 500X6מ""ל",נביעות טבע,IL,נביעות ספורט 6יח,ליטרים,3.00,ליטר,false,0,11.90,3.97,true,1,
7290002331483,false,"שישיית נביעות אישי בייבי 320 מ""ל",נביעות טבע הגליל בעמ,IL,נביעות בייבי 6יח,ליטרים,1.92,ליטר,false,0,14.90,7.76,true,1,
7290002331643,false,נביעות מוגז מארז 1.5X6 ל',נביעות טבע הגליל בעמ,IL,נביעות מוגז 1.5*6 ליטר,ליטרים,9.00,ליטר,false,0,11.90,1.32,true,1,
7290002332022,false,נביעות+משמש אננס 1.5ליטר,נביעות טבע,IL,נביעות+משמש אננס,ליטרים,1.50,ליטר,false,0,7.50,5.00,true,1,
7290002370017,false,גבינת גאודה בזיליקום,ראובן קאסספליטאיטן,NL,גאודה פסטו,קילוגרמים,0.00,"ק""ג",true,1,99.00,99.00,true,1,
7290002374640,false,שמן בריאות קנולה פלוס אומגה 3 עץ הזית 1 ליטר,שמן תעשיות,EE,שמן קנולה פלוס,ליטרים,1.00,ליטר,false,0,16.60,16.60,true,1,
7290002385431,false,גבינה בולגרית 16% רכ,דשן,IL,בולגרית מסורתית,קילוגרמים,0.00,"ק""ג",true,0,45.00,45.00,true,1,
7290002472087,false,עוגת קצפת פס שוקולד 600ג,"גידרון תעשיות בע""מ",IL,עוגת קצפת,גרמים,600.00,100 גרם,false,0,37.90,6.32,true,1,
7290002472117,false,פס קצפת קפוצ'ינו 600 גרם,"גידרון תעשיות בע""מ",IL,פס קצפת קפוצ'ינו,גרמים,600.00,100 גרם,false,0,37.90,6.32,true,1,
7290002541981,false,משקה סויה ללא תוספת סוכר,אלפרו השני בחצי מחיר,IL,משקה סויה,ליטרים,1.00,ליטר,false,0,13.90,13.90,true,1,
7290002692393,false,שמן קנולה מזוכך מועשר עץ הזית 1 ליטר,שמן תעשיות בעמ,EE,שמן קנולה מועשר,ליטרים,1.00,ליטר,false,0,13.80,13.80,true,1,
7290002706731,false,"רצועות נילוס קפוא בד""צ עד""ח",דלידג ק.מלאכי,IL,רצועות פ.נילוס,קילוגרמים,0.00,"ק""ג",true,0,51.90,51.90,true,1,
7290002730675,false,"קולגייט משחת שיניים אדומה משפחתי 100 מ""ל",קולגייט-פלמוליב,PL,משחת שיניים,מיליליטרים,100.00,"100 מ""ל",false,0,9.90,9.90,true,1,
7290002757139,false,מלאווח תימני מקורי 3 האופים 700 גר',שלושת האופים,IL,מלווח 700 גרם,גרמים,700.00,100 גרם,false,0,14.50,2.07,true,1,
7290002768074,false,אל סבון נוזלי רגיל דרמפון 1 ליטר,"אמיליה קוסמטיקס בע""מ",IL,דרמפון אל סבון,ליטרים,1.00,ליטר,false,0,17.90,17.90,true,1,
7290002782759,false,"פנינה קרם גוף רוזנבלום 400 מ""ל",פנינה רוזנבלום,IL,קרם גוף פנינה,מיליליטרים,340.00,"100 מ""ל",false,0,19.90,5.85,true,1,
7290002787068,false,סטייק טונה בהירה קפוא לק,.,IL,סטייק טונה קפוא,קילוגרמים,0.00,"ק""ג",true,1,49.90,49.90,true,1,
7290002814047,false,אקונומיקה קצף ניקוי750מ,קומפלקס כימיקלים,IL,אקונומיקה קצף,מיליליטרים,750.00,"100 מ""ל",false,1,8.90,1.19,true,1,
7290002814160,false,מסיר שומנים סנט מוריץ 1ל,קומפלקס כימיקלים בעמ,IL,מסיר שומנים,ליטרים,1.00,ליטר,false,1,18.90,18.90,true,1,
7290002833923,false,פרלמנט סילברPP חפיסה,פיליפ מוריס,US,פרלמנט סילבר,יחידה,1.00,יחידה,false,0,38.00,38.00,false,1,
7290002871477,false,פריגת אשכוליות 1.5 ליטר,מבשלות בירה בינלאומיות ב,IL,פריגת אשכוליות,ליטרים,1.50,ליטר,false,0,6.50,4.33,true,1,
7290002900313,false,פסטרמה ספרדיתטירת צבי,טירת- צבי,IL,פסטרמה ספרדית,קילוגרמים,0.00,"ק""ג",true,0,84.00,84.00,true,1,
7290002954460,false,"Sunwhite אורז אוסטרלי עגול לסושי-1 ק""ג",בני ג'ורג' שוקחה חיפ,AU,אורז אוסטרלי,קילוגרמים,1.00,"ק""ג",false,0,9.40,9.40,true,1,
7290003009633,false,סירופ לימונים פריגת 1.5ל,סירופ - גבעת חיים,IL,סירופ לימונים,ליטרים,1.50,ליטר,false,0,19.70,13.13,true,1,
7290003009657,false,מיץ סחוט אשכולית אדום1ל',פריגת,IL,מיץ אשכולית סחוט,ליטרים,1.00,ליטר,false,0,14.60,14.60,true,1,
7290003029433,false,"משקה יטבתה שוקו פקק 250 מ""ל מהדרין",שטראוס גרופ,IL,שוקו יטבתה,מיליליטרים,250.00,"100 מ""ל",false,0,5.30,2.12,true,1,
7290003054183,false,מסטמכר לחם שיפון מלא 500ג,מרום את קונפינו,DE,לחם שיפון מלא,גרמים,500.00,100 גרם,false,0,14.80,2.96,true,1,
7290003069682,false,בצק פילאס קפוא 500 גרם שלושת האופים,שלושת האופים שגמור,IL,בצק פילאס,גרמים,500.00,100 גרם,false,0,18.70,3.74,true,1,
7290003145126,false,הוטפופ מופ.מלח כשלפ100*5,פופז,US,הוטפופ מופחת מלח,גרמים,500.00,100 גרם,false,1,8.90,1.78,true,1,
7290003220908,false,ווק גינגר 227 גרם,"פנטה אמפאק בע""מ",IL,ג'ינג'ר 227 גרם,גרמים,227.00,100 גרם,false,0,12.80,5.64,true,1,
7290003231508,false,שמפו פינוק עם קרטין700מל,יוניליוור ישראל טיפוח אי,IL,שמפו פינוק,מיליליטרים,700.00,"100 מ""ל",false,0,9.90,1.41,true,1,
7290003268252,false,לחם חיטה מלא לילדים 750 ג' דגנית עין בר,דגנית עין בר תעשיות מזון,IL,לחם חיטה מלא,גרמים,750.00,100 גרם,false,1,13.90,1.85,true,1,
7290003321292,false,גבינה לבנה 9% שומן 250 ג' שטראוס,מיוצר עי קונדיטוריית,IL,גבינת סקי 9%,גרמים,250.00,100 גרם,false,0,4.60,1.84,true,1,
7290003387410,false,שלישיית פדים להסרת איפור בלונס 80 יחידות,ספטונה,GR,פדים בלונס 3 יח,יחידה,1.00,יחידה,false,0,25.00,25.00,true,1,
7290003401376,false,"קרם לחות ועיצוב לשיער אלוורה נטורל 400 מ""ל",מיוצר עי אמיליה קוסמ,IL,קרם לחות לשיער,מיליליטרים,400.00,"100 מ""ל",false,0,17.90,4.48,true,1,
7290003401642,false,"קרם לחות לתלתלים טבעיים נטורל פורמולה 400 מ""ל",מיוצר עי אמיליה קוסמ,IL,קרם לחות לשיער,מיליליטרים,400.00,"100 מ""ל",false,0,19.90,4.98,true,1,
7290003457991,false,טילון קורנטו וניל עם וופל ואגוזי לוז מסוכרים,"גלידת שטראוס בע""\מ, רחוב",IL,חטיפי קורנטו,גרמים,300.00,100 גרם,false,0,34.90,11.63,true,1,
7290003514052,false,קראנצ'וס פלאפל 70 גרם,מנה,IL,קראנצ'וס פלאפל,גרמים,70.00,100 גרם,false,0,3.60,5.14,true,1,
7290003550333,false,טחון בקר מופחת שומן 500,טיבון ויל אחזקות בעמ,IL,טחון בקר מ.שומן,גרמים,500.00,100 גרם,false,0,34.50,6.90,true,1,
7290003578177,false,תירס צעיר שלם וילי פוד 210 גרם,מגסטיק פוד אידסטרי ק,TH,תירס צעיר שלם,גרמים,410.00,100 גרם,false,0,4.90,1.20,true,1,
7290003608546,false,תפוזינה תות בננה 1.5ליטר,יפאורה שותפות מובגלת לשיווק,IL,תפוזינה תות בננה,ליטרים,1.50,ליטר,false,0,5.90,3.93,true,1,
7290003608560,false,קולה RC בקבוק 1.5 ליטר,יפאורה שותפות מובגלת לשיווק,IL,R.C קולה,ליטרים,1.50,ליטר,false,0,4.60,3.07,true,1,
7290003643646,false,"סוכר דמררה קלאסי בצנצנת סוגת 1 ק""ג",האי נאם סי או אל.טי.,IL,"סוכר דמררה צנצנת 1 ק""ג",קילוגרמים,1.00,"ק""ג",false,0,11.50,11.50,true,1,
7290003643769,false,עדשים אדומים יבש סוגת 500 גר',"סוגת תעשיות בע""\מ",IL,עדשים אדומות,גרמים,500.00,100 גרם,false,0,6.90,1.38,true,1,
7290003726141,false,טופו אמיתי כפרי בריא 300 גרם,ג'נרל מילס סאן אדריא,IL,טופו אמיתי כפרי,גרמים,300.00,100 גרם,false,0,12.90,4.30,true,1,
7290003804252,false,תיבולית קנור בנוסח הודי 72 גרם,יוניליוור ישראל מזון בע\,IL,תיבוליות קנור,גרמים,72.00,100 גרם,false,0,7.90,10.97,true,1,
7290003804382,false,"תיבוליות פטריות קנור 72 גרם בד""צ",יוניליוור ישראל מזון בע\,IL,תיבוליות פטריות,גרמים,72.00,100 גרם,false,0,7.90,10.97,true,1,
7290003901197,false,שוקולד חלב אגוז 100*4 גר,STRAUSS-ISRAEL,IL,שוקולד אגוז 4 יח,גרמים,400.00,100 גרם,false,0,29.90,7.48,true,1,
7290003989539,false,לורנצו רביולי במילוי גבינה,מיוצר עי קונדיטוריית,IL,רביולי גבינה,גרמים,400.00,100 גרם,false,0,16.90,4.23,true,1,
7290004011338,false,"ספריי קצפת מתוקה מוכנה ריץ' 250 מ""ל",האי נאם סי או אל.טי.,IT,קצפת ריצ' במיכל,מיליליטרים,250.00,"100 מ""ל",false,0,16.80,6.72,true,1,
7290004011826,false,מיני המבורגר ריב אנטריקוט,טיבון ויל אחזקות בעמ,IL,מיני המבורגר,גרמים,320.00,100 גרם,false,0,23.90,7.47,true,1,
7290004030414,false,מיץ תפוזים 2ליטר פרי,פרי ניב,IL,מיץ תפוזים מצונן,ליטרים,2.00,ליטר,false,0,18.90,9.45,true,1,
7290004030834,false,מיץ רימונים סחוט 100% רכיבים טבעיים פרי ניב 1 ליטר,פריניב בעמ,IL,מיץ רימונים,ליטרים,1.00,ליטר,false,0,19.90,19.90,true,1,
7290004063153,false,"מלח ים אטלנטי טבעי מלח הארץ 1 ק""ג",חברת מלח הארץ אילת ב,FR,מלח ים אטלנטי,קילוגרמים,1.00,"ק""ג",false,0,15.90,15.90,true,1,
7290004078379,false,"קולגייט משחת שיניים טוטל פרש סטריפ 100מ""ל",קולגייט-פלמוליב,PL,משחת שיניים,מיליליטרים,100.00,"100 מ""ל",false,0,13.90,13.90,true,1,
7290004119225,false,יופלה יוגורט אננס %3 גביע 150 גרם,תנובה מרכז שיתופי לש,IL,יופלה אננס 3%,גרמים,150.00,100 גרם,false,0,5.00,3.33,true,1,
7290004119928,false,מעדן חלב בטעם וניל 2% קרלו תנובה 125 גרם,מחלבת אלון תבור,IL,מעדן קרלו וניל3%,גרמים,125.00,100 גרם,false,0,2.80,2.24,true,1,
7290004120061,false,מעדן חלב בטעם שוקו וניל שוניל 2% קרלו 125 גרם,תנובה מרכז שיתופי לש,IL,מעדן קרלו שוניל,גרמים,125.00,100 גרם,false,0,2.90,2.32,true,1,
7290004125462,false,"שמנת חמוצה 15% תנובה 500 מ""ל מהדרין",תנובה מרכז שיתופי לש,IL,שמנת חמוצה 15%,מיליליטרים,500.00,"100 מ""ל",false,0,5.50,1.10,true,1,
7290004129767,false,"3% 'יופלה לבן מארז שמינייה 1.2 ק""ג",מחלבת אלון תבור,IL,יופלה לבן 3%,קילוגרמים,1.20,"ק""ג",false,0,14.90,12.42,true,1,
7290004131227,false,גבינה לבנה 3% שומן 500 גרם מהדרין,תנובה מרכז שיתופי לש,IL,גבינה לבנה 3%,גרמים,500.00,100 גרם,false,0,9.20,1.84,true,1,
7290004132231,false,"חלב מיוחד לקפה 3% תנובה קרטון 800 מ""ל","תנובה, מחלבת רחובות",IL,חלב פלוס לקפה,מיליליטרים,800.00,"100 מ""ל",false,0,6.50,0.81,true,1,
7290004132552,false,משקה סויה בטעם טבעי לייט תנובה 1 ליטר,תנובה מרכז שיתופי לש,IL,משקה סויה,ליטרים,1.00,ליטר,false,0,10.90,10.90,true,1,
7290004135058,false,שמיניית קרלו מיני שוקולד 100 גרם מהדרין,תנובה מרכז שיתופי לש,IL,קרלו שוקולד 8 יח,גרמים,800.00,100 גרם,false,0,13.20,1.65,true,1,
7290004135621,false,בולג. מעוד.פיראוס 2503%ג,תנובה,IL,בולגרית פיראוס3%,גרמים,250.00,100 גרם,false,0,17.90,7.16,true,1,
7290004165017,false,"רסק תפו""ע 600 גרם טבעי ללא סוכר יכין","זנלכל בע""\מ",IL,"רסק תפו""ע דיאט",גרמים,560.00,100 גרם,false,0,5.90,1.05,true,1,
7290004199173,false,כפפות לטקס איזי טאצ 100 יח מדיום,הדקלאים אגודת שיתופי,TH,כפפות לטקס M,יחידה,1.00,יחידה,false,0,25.90,25.90,true,1,
7290004225278,false,בסגנון דנבלו 28% במשקל,נטו מלינדה סיימן,IL,בסגנון דנבלו,קילוגרמים,0.00,"ק""ג",true,0,69.00,69.00,true,1,
7290004225872,false,קרם קוקוס ויליגר 400 גרם,טקרנג פינאפלה אינדוס,TH,קרם קוקוס ויליגר,מיליליטרים,400.00,"100 מ""ל",false,0,7.90,1.98,true,1,
7290004230104,false,קציצות בקר ברוטב עגבניות שגב,טיבון ויל אחזקות בעמ,IL,קציצות בקר ברוטב,גרמים,800.00,100 גרם,false,14,34.60,4.33,true,1,
7290004263027,false,קבב בקר בית יוסף 500 גרם,טיבון ויל אחזקות בעמ,IL,קבב בקר בית יוסף 500 גרם,גרמים,500.00,100 גרם,false,0,19.90,3.98,true,1,
7290004339555,false,נקניק קבנוס,,,נקניק קבנוס,גרמים,400.00,100 גרם,false,0,23.50,5.88,true,1,
7290004339784,false,המבורגר ניו יורק על האש 400 גרם טבע דלי,טבע דלי,IL,המבורגר מהצומח,גרמים,400.00,100 גרם,false,0,23.50,5.88,true,1,
7290004339975,false,טבע דלי סייטן אמרנט קובה בורגול(מטוגן) 400גר,טבע דלי,IL,סייטן אמרנט,גרמים,400.00,100 גרם,false,1,27.90,6.98,true,1,
7290004485801,false,כרעיים טבעוף טרי ארוז קג,טבעוף,IL,כרעיים טבעוף טרי,קילוגרמים,0.00,"ק""ג",true,1,39.90,39.90,true,1,
7290004485818,false,שוקיים טבעוף טרי ארוז קג,טבעוף,IL,שוקיים טבעוף טרי,קילוגרמים,0.00,"ק""ג",true,1,43.90,43.90,true,1,
7290004485856,false,כבד טבעוף טרי ארוז קג,טבעוף,IL,כבד טבעוף טרי,קילוגרמים,0.00,"ק""ג",true,1,29.90,29.90,true,1,
7290004492755,false,נישנושים בצל שמנת 300גרם,גוצ'מולר,IL,נישנושים בצל,גרמים,300.00,100 גרם,false,0,12.70,4.23,true,1,
7290004492762,false,"נשנושים תירס אפוי טעם טבעי בייגל בייגל 325 גרם בד""צ",בייגל את בייגל מזון 198),IL,נישנושים תירס,גרמים,325.00,100 גרם,false,0,12.70,3.91,true,1,
7290004532598,false,פלאפל דביאל 230 גרם,קטיף,IL,פלאפל דבאיל,גרמים,230.00,100 גרם,false,0,15.80,6.87,true,1,
7290004584528,false,יוגורט דנונה ביו לבן 1.7% שומן 200 גרם,מיוצר עי קונדיטוריית,IL,יוגורט ביו 1.7%,גרמים,200.00,100 גרם,false,0,3.60,1.80,true,1,
7290004585907,false,דני ועדן וניל 1.5% 125ג' שטראוס,מיוצר עי קונדיטוריית,IL,דני וניל 1.5%,גרמים,125.00,100 גרם,false,0,2.60,2.08,true,1,
7290004658946,false,יין שרדונה פרייבט קולקשן יקבי כרמל,"כד בני דרום בע""מ",IL,יין לבו שרדונה,מיליליטרים,750.00,"100 מ""ל",false,0,32.80,4.37,true,1,
7290004685010,false,לחם 100% שיפון פלוס לחם הארץ 500 גר',מאפית י את א ברמן בע,IL,לחם שיפון קל,גרמים,500.00,100 גרם,false,0,15.50,3.10,true,1,
7290004685089,false,לחם הארץ לחם חמניות 500 גר',מאפית י את א ברמן בע,IL,לחם חמניות,גרמים,500.00,100 גרם,false,0,15.50,3.10,true,1,
7290004685201,false,לחם הארץ שיפון אגוזים500,מאפית י את א ברמן בע,IL,לחם שיפון אגוזים,גרמים,500.00,100 גרם,false,0,15.50,3.10,true,1,
7290004731083,false,"סבון נוזלי לידיים ג'נסינג ""כיף""",טרופיקל דגיל תעשיות,IL,אל סבון כיף,ליטרים,1.00,ליטר,false,0,10.00,10.00,true,1,
7290004737955,false,ממרח חמאה וילי פוד א,ויליפוד,,ממרח חמאה,קילוגרמים,0.00,"ק""ג",true,0,37.70,37.70,true,1,
7290005008481,false,ספיד סטיק - דאודורנט ג'ל לגבר ספורט 85 גרם,הנסיך- מפעל לייצור ט,US,דאודורנט,גרמים,85.00,100 גרם,false,0,18.90,22.24,true,1,
7290005068058,false,גרעיני תירס קל - תירס מזן מתוק מופחת קלוריות,"פרי הגליל בע""""מ",IL,תירס קל,גרמים,550.00,100 גרם,false,0,7.70,1.40,true,1,
7290005079221,false,בולגרית מעודנת5% משקל,מחלבת משק צוריאל,IL,בולגרית מעודנת5%,קילוגרמים,0.00,"ק""ג",true,0,58.00,58.00,true,1,
7290005182136,false,סוכרה דיאט 100 יחידות80ג,מתוק וקל,IL,סוכרה דיאט,גרמים,80.00,100 גרם,false,0,26.90,33.63,true,1,
7290005287602,false,טונה סטארק.בשמן קנולה160,סטארקיסט,IL,טונה סטארקיסט,גרמים,160.00,100 גרם,false,0,7.20,4.50,true,1,
7290005423635,false,ריצפז נוזל רצפות דוחה תיקנים סנו 2 ליטר,מיוצר עי קונדיטוריית,IL,ריצפז דוחה חרקים,ליטרים,2.00,ליטר,false,0,19.90,9.95,true,1,
7290005423871,false,שלישיית משחת שיניים מנטול אורביטול 145 גרם,טרופיקל דגיל תעשיות קוסמ,IL,משחת שיניים,גרמים,435.00,100 גרם,false,0,15.00,3.45,true,1,
7290005423918,false,סנו - מקסימה מרכך כביסה היפואלרגני אלוורה 4 ליטר,"סנו מפעלי ברונוס בע""\מ",IL,מרכך כביסה,ליטרים,4.00,ליטר,false,0,21.90,5.48,true,1,
7290005424847,false,"מפיות סופט לבנות לשולחן (150 יח') ""סנו""",מיוצר עי קונדיטוריית,TR,מפיות נשלפות,יחידה,1.00,יחידה,false,0,9.90,9.90,true,1,
7290005425912,false,אוקסיג'ן ג'ל להסרת כתמים עם חמצן פעיל סנו 4 ליטר,סנו אוקסיג'ן,IL,ג'ל אוקסיג'ן 4ל',ליטרים,4.00,ליטר,false,0,30.00,7.50,true,1,
7290005426193,false,ספוגית הפלא סנו סושי 6 יחידות,טרופיקל דגיל תעשיות,IL,ספוג סנו סושי,יחידה,1.00,יחידה,false,0,9.70,9.70,true,1,
7290005431371,false,מעדן קינוחים מלבי זו,תנובה,IL,מלבי 2 יחידות,גרמים,330.00,100 גרם,false,0,12.80,3.88,true,1,
7290005651069,false,"מזון חתולים לה קט מיקס 2.85 ק""ג","ביופט בע""מ",FR,לה קט מיקס,קילוגרמים,2.85,"ק""ג",false,0,56.90,19.96,true,1,
7290005838972,false,גבינת יום יום 5% שטראוס 125ג',מיוצר עי קונדיטוריית,IL,גבינת סקי,גרמים,125.00,100 גרם,false,0,3.10,2.48,true,1,
7290005966903,false,"גולן שיאון אדום 750 מ""ל",יקבי רמת הגולן קצרין,IL,שיאון אדום,מיליליטרים,750.00,"100 מ""ל",false,0,19.90,2.65,true,1,
7290005992575,false,גבינה בולגרית למריחה 5% גד 250 גרם,מחלבות גד בעמ,IL,בולגרית למריחה,גרמים,250.00,100 גרם,false,0,15.00,6.00,true,1,
7290006199218,false,"שמיניית גלידל אייס מוקה ""פלדמן""",הגלידות של פלדמן,IL,גלידל קפוצ'ינו,גרמים,400.00,100 גרם,false,0,33.50,8.38,true,1,
7290006251107,false,תה צ'אי מסאלה ויסוצקי 25 יחידות,מולינו ניקולי s.p.a,IL,תה צ'אי מסאלה,גרמים,50.00,100 גרם,false,0,17.50,35.00,true,1,
7290006251268,false,תה ירוק בטעם תפוח וקינמון ויסוצקי 25 יחידות,תה ויסוצקי,IL,תה ירוק תפוח,גרמים,37.00,100 גרם,false,0,25.90,70.00,true,1,
7290006251589,false,תה ירוק עם עלי נענע 50 שקיקים ויסוצקי,בית ויסוצקי,IL,תה ירוק נענע,גרמים,75.00,100 גרם,false,0,46.50,62.00,true,1,
7290006306296,false,רביולי במילוי גבינה לילדים פסטה נונה גד 400 גרם,דורום תעשיות מזון ופסטה,IL,רביולי גבינה,גרמים,400.00,100 גרם,false,0,23.90,5.98,true,1,
7290006644497,false,"תפוזינה אשכוליות 500 מ""ל",יפאורה שותפות מובגלת לשיווק,IL,תפוזינה אשכול.,מיליליטרים,500.00,"100 מ""ל",false,0,4.60,0.92,true,1,
7290006644596,false,קריסטל אקזוטי מוגז 2ליטר,יפאורה שותפות מובגלת לשיווק,IL,קריסטל אקזוטי,ליטרים,2.00,ליטר,false,0,3.90,1.95,true,1,
7290006644732,false,ספרינג פירות טרופיים 1 ל,יפאורה שותפות מובגלת לשיווק,IL,נקטר ספרינג,ליטרים,1.00,ליטר,false,0,5.30,5.30,true,1,
7290006651396,false,"שמפו ד""ר פישר קידס 750מל",פישר מעבדות פרמצבטיות,IL,שמפו קידס,מיליליטרים,750.00,"100 מ""ל",false,0,14.90,1.99,true,1,
7290006653819,false,פתיתי קוסקוס דק 350 גרם,"מיוצר ע""י קוד יצרן K",IL,קוסקוס דק,גרמים,350.00,100 גרם,false,0,8.50,2.43,true,1,
7290006664051,false,"אקטימל לבן 1.51 ק""ג מארז 14 יחידות",מיוצר עי קונדיטוריית,IL,אקטימל מארז14יח',ליטרים,1.40,ליטר,false,0,29.90,21.36,true,1,
7290006664310,false,גבינה לבנה 3% שומן 250 ג' שטראוס,מיוצר עי קונדיטוריית,IL,גבינת סקי 3%,גרמים,250.00,100 גרם,false,0,4.60,1.84,true,1,
7290006664402,false,גבינה לבנה סקי 5% שומן 750 גרם,מיוצר עי קונדיטוריית,IL,גבינת סקי5%,גרמים,750.00,100 גרם,false,0,13.80,1.84,true,1,
7290006681843,false,גלידה לייט פרי 6 יחידות,"גלידת שטראוס בע""מ, ר",IL,מאגדת גלידה לייט,גרמים,300.00,100 גרם,false,0,26.90,8.97,true,1,
7290006704931,false,פטריות אקזוטיות-יחידה,מרינה פטריות הגליל,IL,פטריות אקזוטיות,יחידה,1.00,יחידה,false,0,15.90,15.90,true,1,
7290006708304,false,כבד עוף טרי ארוז דיל,עוף טוב,IL,כבד עוף טרי,קילוגרמים,0.00,"ק""ג",true,1,17.90,17.90,true,1,
7290006738615,false,קבב פרימיום זהב 100% בשר זוגלובק 400 ג',נקניק נהריה כשר זוגל,IL,קבב זהב 400 גרם,גרמים,400.00,100 גרם,false,0,21.90,5.48,true,1,
7290006742278,false,פסטרמה הודו צלויה על לבנים 330 ג' זוגלובק,נקניק נהריה כשר זוגל,IL,פסטרמה צלויה,גרמים,330.00,100 גרם,false,0,29.90,9.06,true,1,
7290006764072,false,"בירה גולדסטאר בקבוק 500 מ""ל חוזר","טמפו משקאות בע""\מ",IL,בירה גולדסטאר,מיליליטרים,500.00,"100 מ""ל",false,0,7.30,1.46,true,1,
7290006989086,false,מברשת לניקוי אבק 201,המברשת רוחמה,IL,מברשת לניקוי אבק,יחידה,1.00,יחידה,false,0,20.20,20.20,true,1,
7290008021142,false,שמפו פינוק 2ב1- יבש 700מ,יוניליוור ישראל טיפוח אי,IL,שמפו ומרכך פינוק,מיליליטרים,700.00,"100 מ""ל",false,0,9.90,1.41,true,1,
7290008104050,false,"שטיפת אינטימית לקטופיל פמינה 220 מ""ל",כצט נוביס סעמ,IL,סבון פמינה,מיליליטרים,220.00,"100 מ""ל",false,0,21.70,9.86,true,1,
7290008142540,false,"מי פה ליסטרין 750 מ""ל",ג'ונסון,US,מי פה ליסטרין,מיליליטרים,750.00,"100 מ""ל",false,0,49.90,6.65,true,1,
7290008175494,false,ממרח חמאה לורפק+מלח250ג,ארלה,DK,ממרח חמאה,גרמים,250.00,100 גרם,false,0,15.80,6.32,true,1,
7290008328913,false,סילאן טבעי 100% 900 גרם יורו פוד,סאנאי וי טיקרט א.ס,TR,סילאן טבעי טהור,גרמים,900.00,100 גרם,false,0,21.70,2.41,true,1,
7290008333115,false,אבקת ג'לטין טהור נטו 28 גרם,מאיר עזרא ובניו,IL,אבקת ג'לטין,גרמים,28.00,100 גרם,false,0,9.50,33.93,true,1,
7290008403382,false,לנדנה פסטו אדום במשקל,וונדרסטרר,NL,לנדנה פסטו אדום,קילוגרמים,0.00,"ק""ג",true,1,129.00,129.00,true,1,
7290008409643,false,פילה עוף בתיבול על האש 0,תנובה גליל שותפות מוגבלת,IL,פילה עוף,גרמים,600.00,100 גרם,false,0,43.90,7.32,true,1,
7290008409667,false,טבעות עוף בציפוי 700 גרם,תנובה גליל שותפות מוגבלת,IL,טבעות עוף 700גרם,גרמים,700.00,100 גרם,false,0,35.20,5.03,true,1,
7290008415071,false,צבר חומוס עם טחינה עגול 150 גרם,סלטי צבר,IL,חומוס עם טחינה,גרמים,150.00,100 גרם,false,0,5.40,3.60,true,1,
7290008464987,false,שישיית מי סודה טמפו 1.5 ליטר,"טמפו משקאות בע""מ",IL,סודה טמפו שישיה,ליטרים,9.00,ליטר,false,0,15.90,1.77,true,1,
7290008493499,false,בייגלה שטוחל'ה מלח350גרם,מאיר את ביגל,IL,בייגלה שטוחל'ה,גרמים,350.00,100 גרם,false,0,9.90,2.83,true,1,
7290008493765,false,שטוחל'ה צ'ילי מתוק 300גר,מאיר את ביגל,IL,שטוחל'ה צ'ילי,גרמים,300.00,100 גרם,false,1,9.90,3.30,true,1,
7290008644112,false,סלט מטבוחה יום יום אחלה 125 גרם,"שטראוס גרופ בע""\מ",IL,מטבוחה יום יום,גרמים,125.00,100 גרם,false,0,4.90,3.92,true,1,
7290008644235,false,עלי בייבי שטראוס 120 גרם,שטראוס בריאות ירקות טריי,IL,עלי בייבי,גרמים,120.00,100 גרם,false,0,9.90,8.25,true,1,
7290008713016,false,לחם שבעה דגנים קל אנג'ל 500 גרם,מאפיית שלמה א. אנג'\ל בע,IL,לחם שבעה דגנים קל 500גרם,גרמים,500.00,100 גרם,false,0,9.90,1.98,true,1,
7290008747516,false,צ'יטוס איקס עיגול 15*10ג,עלית,IL,צ'יטוס 10 יח',גרמים,150.00,100 גרם,false,0,9.90,6.60,true,1,
7290008749343,false,בפלות שחור לבן 400 גרם,STRAUSS-ISRAEL,IL,ופלים שחור לבן,גרמים,400.00,100 גרם,false,0,15.40,3.85,true,1,
7290008752244,false,תפוצ'יפס קראנץ' בטעם גריל עלית 50 גרם,"שטראוס פריטו ליי בע""\מ )",IL,תפוצ'יפס גריל,גרמים,50.00,100 גרם,false,0,3.90,7.80,true,1,
7290008753876,false,בפלות עוגת גבינה+פירו350,STRAUSS-ISRAEL,IL,בפלות פירורים,גרמים,350.00,100 גרם,false,0,15.40,4.40,true,1,
7290008754613,false,רולדת שוקולד מצופה 350גר,STRAUSS-ISRAEL,IL,רולדת שוקולד,גרמים,350.00,100 גרם,false,0,14.90,4.26,true,1,
7290008757980,false,קרטונית ספרינג נקטר רימונים 1 ליטר,יפאורה שותפות מובגלת לשיווק,IL,נקטר רימונים,ליטרים,1.00,ליטר,false,0,5.30,5.30,true,1,
7290008849470,false,פלפל צ'ומה חריף אוליביה 185 גרם,אוליביה גורמה בעמ,IL,פלפל צ'ומה,גרמים,185.00,100 גרם,false,0,13.70,7.41,true,1,
7290008849753,false,רוטב טריאקי אוליביה 300 גרם,מיוצר עי קונדיטוריית,IL,ר.טריאקי עשיר,מיליליטרים,290.00,"100 מ""ל",false,0,13.90,4.79,true,1,
7290008849982,false,רוטב פיצה חריף 430 גרם,אוליביה,IL,רוטב פיצה חריף,גרמים,430.00,100 גרם,false,1,11.90,2.77,true,1,
7290008909587,false,פאנטה אורנג' 1.5*4 ליטר,החברה המרכזית לייצור משקאות,IL,פאנטה אורנג' 4יח,ליטרים,6.00,ליטר,false,0,22.00,3.67,true,1,
7290009330922,true,צוואר טרי מוכשר אנגוס קג,שופרסל,IL,צוואר טרי מוכשר,קילוגרמים,0.00,"ק""ג",true,1,59.90,59.90,true,1,
7290009398748,true,פס גבינה מעודן+אוכמנ650ג,גידרון,IL,פס גבינה+אוכמנ,גרמים,650.00,100 גרם,false,0,34.70,5.34,true,1,
7290009399479,true,עוג.מרוקאיות עגולות משקל,גידרון,IL,עוגיות מרוקאיות,קילוגרמים,0.00,"ק""ג",true,0,30.00,30.00,true,1,
7290009399523,true,מעמול תמרים במשקל,גידרון,,מעמול תמרים,קילוגרמים,0.00,"ק""ג",true,0,35.00,35.00,true,1,
7290009802214,true,כרעי עוף טרי ארוז עצמי,.,IL,כרעי עוף טרי,קילוגרמים,0.00,"ק""ג",true,1,27.90,27.90,true,1,
7290009804010,true,כנפי עוף טרי ארוז עצמי,.,IL,כנפי עוף טרי,קילוגרמים,0.00,"ק""ג",true,1,11.90,11.90,true,1,
7290009951912,true,מאפה מתוק משקל,גידרון,IL,מאפה מתוק,קילוגרמים,0.00,"ק""ג",true,0,35.00,35.00,true,1,
7290009955675,true,גב.גאודה 30% הולנד במשקל,KAAS HEIDEN UAN,NL,גבינת גאודה,קילוגרמים,0.00,"ק""ג",true,1,32.00,32.00,true,1,
7290009955705,true,כתף בקר שופרסל לקג,עוף טוב,IL,כתף בקר,קילוגרמים,0.00,"ק""ג",true,1,89.00,89.00,true,1,
7290010065271,false,פרינוק - מחית תפוחי עץ 130 גרם,פרינוק,CZ,פרינוק מחית,גרמים,130.00,100 גרם,false,0,4.80,3.69,true,1,
7290010065721,false,פרינוק - מחית לפתן פירות 130 גרם,פרינוק,CZ,פרינוק מיחת,גרמים,130.00,100 גרם,false,0,4.80,3.69,true,1,
7290010154036,false,עמבה תבליני ביטון 250 גרם,תבליני יוחאי ביטון,IL,עמבה,גרמים,250.00,100 גרם,false,0,14.60,5.84,true,1,
7290010237579,false,משקה סבן אפ קוול 500,"טמפו משקאות בע""מ",IL,סבנ אפ,מיליליטרים,500.00,"100 מ""ל",false,0,3.90,0.78,true,1,
7290010237623,false,בירה נשר מאלט 1.5 ליטר,"טמפו משקאות בע""מ",IL,נשר מאלט,ליטרים,1.50,ליטר,false,0,6.90,4.60,true,1,
7290010429301,false,מעדן תות 100%פרי 250 גרם,אף.סי תבליני בגליל ב,IL,מעדן תות,גרמים,250.00,100 גרם,false,0,13.70,5.48,true,1,
7290010429554,false,"שמן זית כתית מעולה יד מרדכי 2 קלאסי, 750 מ""ל",מכוורת יד מרדכי שטראוס ב,IL,שמן זית 2 קלאסי,מיליליטרים,750.00,"100 מ""ל",false,0,35.90,4.79,true,1,
7290010513703,false,צ'ופסטיקס צפצפה - 20 יחידות,גולין פנגזו,IL,צ'ופסטיקס צפצפה,יחידה,1.00,יחידה,false,0,3.90,3.90,true,1,
7290010513727,false,פנקו פרורי לחם 200 גרם (קינגדאו),קינגדאו גוניון פודס,CN,פנקו פרוי לחם,גרמים,200.00,100 גרם,false,0,6.90,3.45,true,1,
7290010945481,false,גבינה לבנה טרה 5% מרכיבים טבעיים,הפריט בפיקוח,IL,גבינה לבנה 5%,גרמים,500.00,100 גרם,false,0,7.90,1.58,true,1,
7290011015862,false,"פריגת סירופ דיאט לימונענע 750 מ""ל",סירופ - גבעת חיים,IL,סירופ לימונענע,מיליליטרים,750.00,"100 מ""ל",false,0,17.50,2.33,true,1,
7290011018184,false,פיוז טי תה קר בטעם אפרסק,מבשלות בירה בינלאומי,IL,תה אפרסק,מיליליטרים,500.00,"100 מ""ל",false,0,6.80,1.36,true,1,
7290011018252,false,תה קר פיוז מנגו אננס,FUZE TEA,IL,תה מנגו אננס,ליטרים,1.50,ליטר,false,0,7.10,4.73,true,1,
7290011051136,false,שוופס סודה 1.5*4 ליטר,יפאורה שותפות מובגלת לשיווק,IL,שוופס סודה 4 יח',ליטרים,6.00,ליטר,false,0,10.90,1.82,true,1,
7290011051372,false,שוופס תפוח ליים מוגז1.5ל,יפאורה שותפות מובגלת לשיווק,IL,שוופס תפוח ליים,ליטרים,1.50,ליטר,false,0,6.50,4.33,true,1,
7290011051389,false,שוופס פירות יער מוגז1.5ל,יפאורה שותפות מובגלת לשיווק,IL,שוופס מוגז עדין,ליטרים,1.50,ליטר,false,0,6.50,4.33,true,1,
7290011051396,false,שוופס אפרסק מוגז 1.5ליטר,יפאורה שותפות מובגלת לשיווק,IL,שוופס אפרסק,ליטרים,1.50,ליטר,false,0,6.50,4.33,true,1,
7290011051488,false,תה ספרינג אפרסק 1.5 ליטר,יפאורה שותפות מובגלת לשיווק,IL,ספרינג תה אפרסק,ליטרים,1.50,ליטר,false,0,5.00,3.33,true,1,
7290011051655,false,שוופס ריזלינג מוגז 1.5ל',יפאורה שותפות מובגלת לשיווק,IL,שוופס ריזלינג,ליטרים,1.50,ליטר,false,0,6.50,4.33,true,1,
7290011115203,false,אל סבון מוצק מבושם בניחוח עדין קלאסיק - מארז רביעיה,טרופיקל דגיל תעשיות,IL,סבון נקה 7 4 יח,גרמים,400.00,100 גרם,false,0,10.90,2.73,true,1,
7290011115272,false,אל סבון מוצק מועשר בקרם לחות צמחים - מארז רביעיה,קוסמופארם בע''מ,IL,סבון נקה 4X 7,גרמים,400.00,100 גרם,false,0,10.90,2.73,true,1,
7290011194246,false,קוטג' 5% עם סידן 250 ג' שטראוס,מיוצר עי קונדיטוריית,IL,קוטג' 5% שומן,גרמים,250.00,100 גרם,false,0,5.80,2.32,true,1,
7290011194291,false,דנונה דיאט קפוצינו 150גר,שטראוס,IL,דנונה דיאט 0%,גרמים,150.00,100 גרם,false,0,4.90,3.27,true,1,
7290011210564,false,יין יוגב קברנה סוביניון פטי ורדו,בנימינה Binyamina,IL,יוגב קברנה,מיליליטרים,750.00,"100 מ""ל",false,1,29.90,3.99,true,1,
7290011308179,false,קרקר חיטה מלאה+פשתן300גר,אפיפית,IL,קרקר חיטה מלאה,גרמים,300.00,100 גרם,false,0,9.90,3.30,true,1,
7290011308780,false,בייגלה טבעות שומשום300גר,יוניליוור,IL,בייגלה טבעות,גרמים,300.00,100 גרם,false,0,7.90,2.63,true,1,
7290011308858,false,נישנושים ביס שמנת בצל60ג,בייגל את בייגל מזון,IL,נישנושים ביס,גרמים,60.00,100 גרם,false,0,3.90,6.50,true,1,
7290011379018,false,מארז משפחתי שמפיניון 500 ג' מרינה,מרינה פטריות הגליל,IL,פטריות מארז משפ,יחידה,1.00,יחידה,false,0,15.90,15.90,true,1,
7290011426583,false,שקדימון צנצנת זכוכית750ג,,IL,שקדימון,גרמים,750.00,100 גרם,false,0,99.10,13.21,true,1,
7290011447281,false,מטרנה פרימיום חלבי שלב 2 700 גרם חיסכון,מטרנה תעשיות ש.מ,IL,מטרנה חלבי שלב 2,גרמים,700.00,100 גרם,false,0,53.90,7.70,true,1,
7290011468026,false,טחינה נסיך שומשום מלא500,הנסיך,IL,טחינה הנסיך,גרמים,500.00,100 גרם,false,0,14.90,2.98,true,1,
7290011473556,false,סוכר פירות טבעי 500 גרם תבואות,תבואות,US,סוכר פירות,גרמים,500.00,100 גרם,false,0,18.70,3.74,true,1,
7290011473570,false,קמח חומוס טבעי 500 גרם תבואות,תבואות מוצרי מזון או,IL,קמח חומוס,גרמים,500.00,100 גרם,false,0,12.70,2.54,true,1,
7290011473730,false,"אורז פרא מעורב טבעי 1 ק""ג תבואות",אינפוסה רובי,IL,אורז מעורב,קילוגרמים,1.00,"ק""ג",false,0,21.30,21.30,true,1,
7290011474478,false,גרעיני ציאה אורגני 3,תבואות,IL,גרעיני צ'יה,גרמים,300.00,100 גרם,false,0,22.90,7.63,true,1,
7290011482145,false,"מי ורדים 250 מ""ל",לבריאות,IL,מי ורדים,מיליליטרים,250.00,"100 מ""ל",false,0,12.40,4.96,true,1,
7290011501617,false,חמוציות ברכז תפוחים ללא תוספת סוכר 250 גרם,"דין שיווק וקלייה בע""",IL,חמוציות דל סוכר,גרמים,250.00,100 גרם,false,0,19.70,7.88,true,1,
7290011505714,false,נשכן נובי רך במיוחד,N.L.PRODUCT,CN,נשכן נובי,יחידה,1.00,יחידה,false,0,24.70,24.70,true,1,
7290011515911,false,שלגונים מופחתי קלוריות בטעם ריבת חלב - 6 יח',גלידות נסטלה )נגה גלידות,IL,מאגדת לייט,גרמים,312.00,100 גרם,false,0,27.00,8.65,true,1,
7290011570132,false,"תחילף קמח ללא גלוטן גלעם 1 ק""ג","גלעם אריזות בע""מ",IL,קמח נטול גלוטן,קילוגרמים,1.00,"ק""ג",false,0,4.90,4.90,true,1,
7290011570507,false,קמח כרגיל ללא גלוטן 450 גרם,אשבל מזון פונקציונלי בע\,IL,קמח רב תכליתי,גרמים,450.00,100 גרם,false,1,19.30,4.29,true,1,
7290011570644,false,קמח רב תכליתי ללא גלוטן אשבל 450 גרם,אשבל מזון פונקציונלי בע\,IL,קמח לחם,גרמים,500.00,100 גרם,false,1,19.30,3.86,true,1,
7290011598402,false,מקסימה מרכך כביסה ארומתרפי מאסק סנו 4 ליטר,"סנו מפעלי ברונוס בע""\מ",IL,מרכך כביסה,ליטרים,4.00,ליטר,false,0,20.90,5.23,true,1,
7290011607197,false,"קולון 101 אבקת כביסה 5 ק""ג",רקיט בנקיזר,IL,אבקת כביסה קולון,קילוגרמים,5.00,"ק""ג",false,0,29.90,5.98,true,1,
7290011615314,false,תפוחונים 6 יח,,IL,תפוחונים 6 יח,גרמים,132.00,100 גרם,false,0,18.90,14.32,true,1,
7290011744892,false,"אקווה פרש - משחת שיניים ילדים ג'וניור 6+ 50 מ""ל",גלקסו סמית קליין,SK,משחת שיניים א.פ,מיליליטרים,50.00,"100 מ""ל",false,0,13.60,27.20,true,1,
7290011765408,false,"בוב ספוג שמפו ומרכך לשיער לסירוק קל כיף 750 מ""ל",קוסמופארם בע''מ,IL,שמפו+מרכך כיף,מיליליטרים,750.00,"100 מ""ל",false,0,10.00,1.33,true,1,
7290011765446,false,משחת שיניים לילדים בוב ספוג בטעם מיץ ענבים עם פלואוריד למניעת עששת,טרופיקל דגיל תעשיות קוסמ,IL,משחת שיניים,גרמים,70.00,100 גרם,false,0,7.90,11.29,true,1,
7290011830007,false,"סוכר חום אורגני השדה מוצרים אורגנים 1 ק""ג",השדה מוצרים אורגניים,IN,סוכר קנים חום,קילוגרמים,1.00,"ק""ג",false,0,12.80,12.80,true,1,
7290011830601,false,פינגווינים חטיף אורגני להקפאה בטעמים 400,דולפין ספא,IT,פינגווינים-חטיף,גרמים,400.00,100 גרם,false,0,14.80,3.70,true,1,
7290011877156,false,"מבשם אוויר, בגדים וארונות פרש בניחוח מאסק",מיוצר עי קונדיטוריית,IL,סנו פרש ענק,מיליליטרים,375.00,"100 מ""ל",false,0,9.80,2.61,true,1,
7290011877446,false,"קרם למניעת גירויים בייבי כיף 100 מ""ל",קוסמופארם בע'\'\מ,IL,בייבי כיף קרם,מיליליטרים,100.00,"100 מ""ל",false,0,10.90,10.90,true,1,
7290012028441,false,טבק לגלגול מרלבורו גולד,פיליפ מוריס,IL,טבק לגלגול,יחידה,1.00,יחידה,false,0,40.50,40.50,false,1,
7290012116612,false,אורביטול מברשת שיניים מארז 4 יח',ג'נרל מילס סאן אדריא,CN,4 מברשות שיניים,יחידה,1.00,יחידה,false,0,7.90,7.90,true,1,
7290012116674,false,"דאודורנט גל קול 75 מ""ל קרמה מן",קוסמופארם,IL,דאו.קרמה ג'ל,מיליליטרים,70.00,"100 מ""ל",false,0,12.90,18.43,true,1,
7290012116964,false,"קרמה מן תרחיץ ג'ל לפנים 150 מ""ל",החברה הדרומית,IL,קרמה תרחיץ פנים,מיליליטרים,150.00,"100 מ""ל",false,0,10.00,6.67,true,1,
7290012117091,false,"אבקת כביסה סנסיטיב סנו מקסימה 6 ק""ג",סנו מקסימה,IL,אב.כביסה מקסימה,קילוגרמים,6.00,"ק""ג",false,0,54.90,9.15,true,1,
7290012117411,false,"שמפו וג'ל רחצה רויבוס 700 מ""ל ""קרמה""",קוסמופארם בע'\'\מ,IL,קרמה ג'ל רחצה,מיליליטרים,700.00,"100 מ""ל",false,0,14.90,2.13,true,1,
7290012117428,false,"ג'ל רחצה ושמפו מעיינות מנטה קרמה מן 700 מ""ל",טרופיקל דגיל תעשיות,IL,קרמה ג'ל רחצה,מיליליטרים,700.00,"100 מ""ל",false,0,14.90,2.13,true,1,
7290012117435,false,"קרמה - שמפו וג'ל רחצה 2 ב-1 אלוורה 700 מ""ל",טרופיקל דגיל תעשיות,IL,קרמה ג'ל רחצה,מיליליטרים,700.00,"100 מ""ל",false,0,14.90,2.13,true,1,
7290012117633,false,אורביטול קיד מי פה 250מל,קוסמופארם,IL,מי פה אורביטול,מיליליטרים,250.00,"100 מ""ל",false,0,11.90,4.76,true,1,
7290012159404,false,לבבות דקל שלמים 400 ג',ECUACONSERVAS,IL,לבבות דקל שלם,גרמים,400.00,100 גרם,false,0,9.40,2.35,true,1,
7290012226939,false,קבנוס עם צ'ילי חריף זוגלובק 135 גרם,נקניק נהריה כשר זוגל,IL,קבנוס בטעם צ'ילי,גרמים,135.00,100 גרם,false,0,10.70,7.93,true,1,
7290012227219,false,שלישית פיצה משפ' 1500גרם,זוגלובק,,פיצה משפ',קילוגרמים,1.50,"ק""ג",false,0,34.60,23.07,true,1,
7290012244124,false,פחזניות 500 גרם,גידרון,IL,פחזניות,יחידה,1.00,יחידה,false,0,26.80,26.80,true,1,
7290012352034,false,"נטורל - קרם לחות עם שמן אגוז מקדמיה לשיער מתולתל 400 מ""ל",נטורל פורמולה Natural Formula,IL,קרם לחות נטורל,מיליליטרים,400.00,"100 מ""ל",false,0,21.70,5.43,true,1,
7290012588778,false,מיץ אננס 4יח,,MX,מיץ אננס 4יח,ליטרים,1.34,ליטר,false,0,16.00,11.94,true,1,
7290012642876,false,פלפלונים מעורב צבעוני בחומץ חריף6X,סאטקו,BG,פלפלונים מעורבים,גרמים,530.00,100 גרם,false,0,11.90,2.25,true,1,
7290012701948,false,מי פה ליסטרין טוטל קר750,ג'ונסון,US,מי פה ליסטרין,מיליליטרים,750.00,"100 מ""ל",false,0,55.90,7.45,true,1,
7290012803123,false,מגבוני פ.ואנס פרש4*72,על בד,IL,רביעית פרש וואנס,יחידה,1.00,יחידה,false,0,17.90,17.90,true,1,
7290012823251,false,כיף אל סבון יסמין לבנדר 1 ליטר משאבה,קוסמופארם בע'\'\מ,IL,אל סבון כיף,ליטרים,1.00,ליטר,false,0,10.00,10.00,true,1,
7290012823558,false,"מטליות לחות לרצפה 40*70 ס""מ סנו סושי 10 יחידות",סנו מפעלי ברונוס בעמ,IL,מטליות רצפה לחות,יחידה,1.00,יחידה,false,0,10.00,10.00,true,1,
7290012823800,false,תח.רחצה כיף חלב קוקוס750,קוסמופארם,IL,תחליב רחצה כיף,מיליליטרים,750.00,"100 מ""ל",false,0,10.00,1.33,true,1,
7290012938597,false,"סנסודיין משחת שיניים רפיד רליף 75 מ""ל","סמיתקליין ביצ'ם בע""מ",GB,משחת סנסודיין,מיליליטרים,75.00,"100 מ""ל",false,0,22.90,30.53,true,1,
7290013083678,false,"מטרנה אקסטרה קר שלב 2 חסכון 700 גרם תמ""ל",מולינו ניקולי s.p.a,IL,מטרנה אקסטרה קר,גרמים,700.00,100 גרם,false,0,59.90,8.56,true,1,
7290013090225,false,סלרי עלים אורגני יחידה,.,IL,סלרי עלים אורגני,יחידה,1.00,יחידה,false,0,7.90,7.90,true,1,
7290013121301,false,בורקס תפוחי אדמה 500 גרם,אביב קונדיטוריה מעול,IL,בורקס תפוחי אדמה,גרמים,500.00,100 גרם,false,0,29.50,5.90,true,1,
7290013121776,false,לחם כפרי ללא תוספת סוכר וללא גלוטן,אביב קונדיטוריה מעול,IL,לחם כפרי ל.סוכר,גרמים,700.00,100 גרם,false,0,22.60,3.23,true,1,
7290013144201,false,מיימונס תערובת פנקייק 400 גרם,א.ל ייצור ושיווק תבלינים,IL,תערובת פנקייק,גרמים,400.00,100 גרם,false,0,10.90,2.73,true,1,
7290013144768,false,סירופ בטעם שוקולד מימונס 500 גרם,א.ל ייצור ושיווק תבלינים,IL,סירופ טעם שוקולד,גרמים,500.00,100 גרם,false,0,11.80,2.36,true,1,
7290013144980,false,תרסיס שמן קנולה מימונס 170 גרם,מולינו ניקולי s.p.a,FI,תרסיס שמן קנולה,גרמים,170.00,100 גרם,false,1,14.90,8.76,true,1,
7290013144997,false,מימונס תרסיס שמן זית,גאטא קוסמטיקה,IL,תרסיס שמן זית,גרמים,140.00,100 גרם,false,1,14.90,10.64,true,1,
7290013145680,false,קמח שמרים פיצה ופוקצה1ק,א.ל ייצור ושיווק תבלינים,IL,קמח שמרים,קילוגרמים,1.00,"ק""ג",false,1,7.50,7.50,true,1,
7290013145918,false,אבקת סוכר מיימונס 100 גרם,א.ל ייצור ושיווק תבלינים,IL,אבקת סוכר,גרמים,100.00,100 גרם,false,0,1.70,1.70,true,1,
7290013145963,false,שמרים יבשים בוואקום מיימונס 125 גרם,מימונס אפייה,CN,שמרים יבשים,גרמים,125.00,100 גרם,false,0,4.80,3.84,true,1,
7290013268198,false,תחליב רחצה כיף מאסק 750מ,קוסמופארם,IL,תחליב רחצה כיף,מיליליטרים,750.00,"100 מ""ל",false,0,10.00,1.33,true,1,
7290013268884,false,"נוזל רצפות מאסק 2 ליטר ""ריצפז פרש""",מיוצר עי קונדיטוריית,IL,ריצפז פרש לרצפות,ליטרים,2.00,ליטר,false,0,18.90,9.45,true,1,
7290013268891,false,אוקסיג'ן ג'ל ללא אקונומיקה עם חמצן פעיל סנו 3 ליטר,"סנו מפעלי ברונוס בע""\מ",IL,אוקסיג'ן ג'ל,ליטרים,3.00,ליטר,false,0,25.00,8.33,true,1,
7290013269287,false,סנו - מקסימה ג'ל כביסה מרוכז מאסק 3 ליטר,"סנו מפעלי ברונוס בע""\מ",IL,ג'ל כביסה מרוכז,ליטרים,3.00,ליטר,false,0,25.00,8.33,true,1,
7290013310019,false,קיסמי שיניים רפואיים עם חוט דנטאלי הוסטס,הוסטס,CN,קיסמי שיניים,יחידה,1.00,יחידה,false,0,9.80,9.80,true,1,
7290013310163,false,מדליק פחם מוצק LIGHT EASY 40 יחידות,הדקלאים אגודת שיתופי,DE,מדליק פחם מוצק,יחידה,1.00,יחידה,false,0,6.50,6.50,true,1,
7290013358417,false,מאסטר שף אסייאתי רוטב טריאקי 300 מל כשלפ,קריניציה ויטמינה אס,TH,רוטב טריאקי,מיליליטרים,300.00,"100 מ""ל",false,1,10.00,3.33,true,1,
7290013358424,false,"רוטב סויה בהירה 500 מ""ל",קי.אר.אס. ספייסי פוד,TH,רוטב סויה,מיליליטרים,500.00,"100 מ""ל",false,1,10.00,2.00,true,1,
7290013531117,false,רוטב פסטה לילדים 240 גרם יכין,"זנלכל בע""\מ",IL,רוטב פסטה,גרמים,260.00,100 גרם,false,0,4.70,1.81,true,1,
7290013531346,false,סירופ דיאט בטעם לימונענע יכין 1 ליטר,"זנלכל בע""\מ",IL,סירופ לימונענע,ליטרים,1.00,ליטר,false,1,8.00,8.00,true,1,
7290013584113,false,"ספרייט פחית סליק 330 מ""ל",החברה המרכזית לייצור משקאות,IL,ספרייט,מיליליטרים,330.00,"100 מ""ל",false,0,4.90,1.48,true,1,
7290013584175,false,ספרייט 1.5 ליטר מארז שישייה,החברה המרכזית לייצור משקאות,IL,ספרייט שישייה,ליטרים,9.00,ליטר,false,0,35.90,3.99,true,1,
7290013585479,false,קוקה קולה זירו בקבוק,החברה המרכזית לייצור משקאות,IL,קולה זירו,ליטרים,2.00,ליטר,false,1,7.90,3.95,true,1,
7290013675095,false,שניצל ביתי אפוי 500גרם,תנובה,IL,שניצל ביתי אפוי,גרמים,500.00,100 גרם,false,0,29.60,5.92,true,1,
7290013675194,false,שניצל אמיתי ביתי ללא גלוטן 700 גר,זנטי אס. אי לאלין,IL,שניצל אמיתי,גרמים,700.00,100 גרם,false,1,41.70,5.96,true,1,
7290013683472,false,לחם רוסי אפוי קפוא 485גר,גידרון,IL,לחם רוסי,גרמים,485.00,100 גרם,false,0,11.80,2.43,true,1,
7290013702005,false,מים טעם פירות יער 1.5 ל,יפאורה שותפות מובגלת לשיווק,IL,מים פירות יער,ליטרים,1.50,ליטר,false,0,5.90,3.93,true,1,
7290013702029,false,שוופס מים טעם אפרסק 1.5ל,יפאורה שותפות מובגלת לשיווק,IL,שוופס מים אפרסק,ליטרים,1.50,ליטר,false,0,5.90,3.93,true,1,
7290013702043,false,שוופס מים טעם ענבים 1.5ל,יפאורה שותפות מובגלת לשיווק,IL,מים בטעם ענבים,ליטרים,1.50,ליטר,false,0,5.90,3.93,true,1,
7290013702555,false,שוופס מוגז עדין אננס1.5ל,יפאורה שותפות מובגלת לשיווק,IL,שוופס מוגז עדין,ליטרים,15.00,ליטר,false,0,6.50,0.43,true,1,
7290013848758,false,מקסימה גל כביסה מרוכז בייבי 3ליטר סנסטיב,"סנו מפעלי ברונוס בע""\מ",IL,ג'ל לכביסה בייבי,ליטרים,3.00,ליטר,false,0,29.90,9.97,true,1,
7290013861979,false,שקד קלוף קלוי 200גרם,שקדיה,IL,שקד קלוף קלוי,גרמים,200.00,100 גרם,false,0,22.70,11.35,true,1,
7290013906205,false,פסטרמה עם שום וצילי טירת צבי 400 ג',הנסיך- מפעל לייצור ט,IL,פסטרמה שום+צ'לי,גרמים,400.00,100 גרם,false,0,31.50,7.88,true,1,
7290013906212,false,"נקנקיות וינר טירת 1 ק""ג טירת צבי",הנסיך- מפעל לייצור ט,IL,נקניקיות וינר,קילוגרמים,1.00,"ק""ג",false,0,31.90,31.90,true,1,
7290013994646,false,משקה שיבולת שועל אורג1ל,דה ברידג' אס אר אל,IT,משקה שיבולת שועל,ליטרים,1.00,ליטר,false,1,12.90,12.90,true,1,
7290013994660,false,משקה אורז אורגני+קוקוס1ל,דה ברידג' אס אר אל,IT,משקה אורז,ליטרים,1.00,ליטר,false,1,12.80,12.80,true,1,
7290014002944,false,גן קסום חליטת פירות וצמחים חמדת שקד 25 שקיקים,תה ויסוצקי,IL,חליטת חמדת שקד,גרמים,57.00,100 גרם,false,0,13.90,24.39,true,1,
7290014016002,false,לחם פרוס ללא גלוטן 4,נטו מלינדה-בשר,IL,לחם לבן לא גלוטן,גרמים,450.00,100 גרם,false,0,18.70,4.16,true,1,
7290014016132,false,לחמניות ביס ל.גלוטן,נטו מלינדה-בשר,IL,לחמניות ביס 10יח,גרמים,500.00,100 גרם,false,1,18.90,3.78,true,1,
7290014095960,false,שיבולת שועל עבה בשקית שקדיה 500 גרם,"דין שיווק וקלייה בע""",IL,שיבולת שועל,גרמים,500.00,100 גרם,false,0,7.20,1.44,true,1,
7290014217157,false,תיבול טוסקנה בקופ' 120 גר' טעם וריח,"תבליני טעם וריח בע""מ",IL,תערובת טוסקנה,גרמים,120.00,100 גרם,false,1,8.80,7.33,true,1,
7290014256965,false,"כרמל אדום עתיק 750 מ""ל",יקבי כרמל,IL,כרמל אדום עתיק,מיליליטרים,750.00,"100 מ""ל",false,1,19.90,2.65,true,1,
7290014397286,false,מרכך כביסה מרוכז חלב ודבש סנו מקסימה 1 ליטר,סנו-מקסימה,IL,מרכך כביסה מרוכז,ליטרים,1.00,ליטר,false,0,15.00,15.00,true,1,
7290014426061,false,משחת שיניים הלו קיטי בטעם ענבים לגיל 2-6,כצט נוביס,IL,משחת שיניים,מיליליטרים,50.00,"100 מ""ל",false,0,11.90,23.80,true,1,
7290014455320,false,גבינה כדורי מוצרלה פרסקה גד 100ג',מחלבות גד בעמ,IL,מוצרלה פרסקה,גרמים,100.00,100 גרם,false,1,9.40,9.40,true,1,
7290014455610,false,"יוגורט עיזים תות 125 גרם ""גד""",מיוצר על ידי קוד יצר,IL,יוגורט עיזים,גרמים,125.00,100 גרם,false,1,5.90,4.72,true,1,
7290014455634,false,יוגורט עיזים +לימון125גר,מחלבות גד,IL,יוגורט עיזים,גרמים,125.00,100 גרם,false,1,5.90,4.72,true,1,
7290014459007,false,צ'יפס קוביות תפוחי א,"תעשיות תפוגן בע""\מ",IL,"קוביות ת""א",גרמים,700.00,100 גרם,false,0,14.80,2.11,true,1,
7290014466463,false,"יין הר חרמון מוסקטו 750 מ""ל",יקבי רמת הגולן קצרין,IL,הר חרמון מוסקטו,מיליליטרים,750.00,"100 מ""ל",false,0,29.90,3.99,true,1,
7290014525016,false,עשיריית חטיף סלים פרוט מרבה יוגורט תות סלים דליס 18.2 גרם,סלים דליס Slim Delis,ES,חטיפי דגנים מרבה,גרמים,182.00,100 גרם,false,0,10.00,5.49,true,1,
7290014603073,false,מאגדת מיני מגנום דאבל גר,שטראוס,IL,מאגדת מיני מגנום,גרמים,310.00,100 גרם,false,0,28.90,9.32,true,1,
7290014692565,false,גרעיני תירס מתוק וילי פוד 320 גרם,אקו קונסרויפרי קי.אפ,HU,גרעיני תירס מתוק,גרמים,320.00,100 גרם,false,0,4.90,1.53,true,1,
7290014725874,false,אזורה תחליב רח.פרש750,"ביסקול בע""מ",IL,אזורה תחליב רחצה,מיליליטרים,750.00,"100 מ""ל",false,1,7.90,1.05,true,1,
7290014746565,false,שניצל ביתי עדין מופחת מל,מוצרי עוף טוב (2001) בע\,IL,שניצל מעודן,גרמים,700.00,100 גרם,false,1,44.50,6.36,true,1,
7290014758117,false,מאגדת יוגורט ביו 1.5% שומן 8 יח' *150 ג' תנובה,מיוצר עי קונדיטוריית,IL,יוגורט ביו 8 יח,קילוגרמים,1.20,"ק""ג",false,0,16.00,13.33,true,1,
7290014758162,false,חלב עיזים מלא 3.6% קרטון 1 ל' תנובה,תנובה מרכז שיתופי לש,IL,חלב עיזים מלא 1ל,ליטרים,1.00,ליטר,false,0,14.80,14.80,true,1,
7290014758353,false,מ.סויה1.8%מתיק.מעוד125*2,,IL,מעדן סויה 2יח,גרמים,250.00,100 גרם,false,0,8.40,3.36,true,1,
7290014759084,false,גבינת שמנת נפוליאון 16% מופחת שומן תנובה 225 גרם,תנובה מרכז שיתופי לש,IL,גבינת נפוליאון,גרמים,225.00,100 גרם,false,0,13.60,6.04,true,1,
7290014761605,false,ג'לי טעם קרטיב לימון125ג,תנובה,IL,ג'לי בטעם לימון,גרמים,125.00,100 גרם,false,1,2.30,1.84,true,1,
7290014761858,false,"שטוזים וניל מוקצף 125מ""ל",תנובה 8+2 הזול מבניה,IL,שטוזים מטקצף,מיליליטרים,125.00,"100 מ""ל",false,1,2.70,2.16,true,1,
7290014761865,false,"שטוזים תות מוקצף 125מ""ל",תנובה,IL,שטוזים מטקצף,מיליליטרים,125.00,"100 מ""ל",false,1,2.70,2.16,true,1,
7290014763494,false,חלב משק 3.5%-3.8% 1 ליטר,תנובה,IL,חלב משק,ליטרים,1.00,ליטר,false,1,5.90,5.90,true,1,
7290014763623,false,יולו שוק.חלב+אייריש123גר,תנובה,IL,יולו שוקולד חלב,גרמים,123.00,100 גרם,false,1,4.30,3.50,true,1,
7290014791213,false,שוופס מים 0קלור.תפוח1.5ל,יפאורה שותפות מובגלת לשיווק,IL,שוופס מים תפוח,ליטרים,1.50,ליטר,false,0,5.90,3.93,true,1,
7290014791558,false,שוופס סודה נענע לי1.5*4ל,יפאורה שותפות מובגלת לשיווק,IL,שוופס סודה 4 יח,ליטרים,6.00,ליטר,false,0,10.90,1.82,true,1,
7290014901315,false,סנסודיין משחה הגנה מלאה אקסטרה פרש 75 מל,"סמית קליין ביצ'ם בע""",GB,משחת סנסודיין,מיליליטרים,75.00,"100 מ""ל",false,0,22.90,30.53,true,1,
7290014910379,false,"מלפפונים במלח 690 גרם ""לינה""",יוניקורן פיקלס,IN,מלפפונים במלח,גרמים,690.00,100 גרם,false,1,7.90,1.14,true,1,
7290014910836,false,אוסקר מרלו 1.5 ליטר,יורוליין,IL,אוסקר מרלו,ליטרים,1.50,ליטר,false,1,7.90,5.27,true,1,
7290014949737,false,"מר מאסל הדרים 500מ""ל",ג'ונסון,IL,מר מאסל למטבח,מיליליטרים,500.00,"100 מ""ל",false,0,16.80,3.36,true,1,
7290015037204,false,כרוב לבן קצוץ 400 ג' א. הראץ,קטיף.,IL,כרוב לבן 400גרם,גרמים,400.00,100 גרם,false,0,10.90,2.73,true,1,
7290015037228,false,קולסלאו 400 גרם אוצר הארץ,קטיף.,IL,קולסלאו 400גרם א.הארץ,גרמים,400.00,100 גרם,false,0,10.90,2.73,true,1,
7290015037419,false,סלרי אמריקאי אוצר הארץ,עבאדי,IL,סלרי אוצר הארץ יחידה,יחידה,1.00,יחידה,false,0,7.90,7.90,true,1,
7290015037440,false,"כרוב לבן שלם 1 ק""ג -א. הארץ",סאסאטק,IL,כרוב לבן שלם א.הארץ,גרמים,0.00,"ק""ג",true,0,13.90,13.90,true,1,
7290015127264,false,סילאן מג'הול אורגני400גר,טעמי הגליל,IL,סילאן מג'הול,גרמים,400.00,100 גרם,false,1,29.50,7.38,true,1,
7290015139250,false,"שוקולד מריר פצפוצי אורז כרמית 85 גרם לל""ס","כרמית תעשיות ממתקים בע""\",IL,שוקולד מריר,גרמים,85.00,100 גרם,false,1,6.80,8.00,true,1,
7290015139267,false,"שוקולד מריר שקדים אורז כרמית 85 גרם לל""ס","כרמית תעשיות ממתקים בע""\",IL,שוקולד מריר,גרמים,85.00,100 גרם,false,1,6.80,8.00,true,1,
7290015193269,false,שמן שומשום שחור 100%טהור,הו צ'קינג הינג אוי פ,SG,שמן שומשום,מיליליטרים,150.00,"100 מ""ל",false,1,13.90,9.27,true,1,
7290015324014,false,"פלפל שחור טחון בשקית 80 גרם ""טעם וריח""","תבליני טעם וריח בע""מ",IL,פלפל שחור טחון,גרמים,80.00,100 גרם,false,0,13.20,16.50,true,1,
7290015395045,false,"קינואה בשקית שקדיה 400 גרם בד""ץ","שקדיה גבע תעשיות בע""",IL,קינואה,גרמים,400.00,100 גרם,false,0,15.90,3.98,true,1,
7290015470384,false,קרם ידיים מטפח אינטנסיב מועשר בשמן שקדים,אינטרקוסמא,IL,קרם ידיים פנג'ל,מיליליטרים,100.00,"100 מ""ל",false,1,8.90,8.90,true,1,
7290015603188,false,אטריות ביצים 454ג' (כ) (fu),פוגיאן לונגהי אנלידה אינ,CN,איטריות ביצים,גרמים,454.00,100 גרם,false,1,6.90,1.52,true,1,
7290015603232,false,איטריות בתוספת דלעת 454 גרם,פוגקן לונגהי אנלידה,CN,איטריות עם דלעת,גרמים,454.00,100 גרם,false,1,6.90,1.52,true,1,
7290015603638,false,"אורז קלרוז 1 ק""ג (כ) (Minh)",מינה פונג גרין אגריק,VN,אורז עגול קלרוז,קילוגרמים,1.00,"ק""ג",false,1,10.90,10.90,true,1,
7290015644433,false,לחם מחמצת 100% שיפון קל אנג'ל 600 גרם,מאפיית שלמה א. אנג'\ל בע,IL,לחם צרפתי,גרמים,600.00,100 גרם,false,1,14.90,2.48,true,1,
7290015673181,false,המבורגר קליפורניה קלאסי עם ברוקולי טבע,טבע דלי,IL,בורגר עם ברוקולי,גרמים,400.00,100 גרם,false,1,23.50,5.88,true,1,
7290015766005,false,עגבניות שרי וויטני,אראל תוצרת חקלאית בע,IL,שרי וויטני יח,יחידה,1.00,יחידה,false,0,9.90,9.90,true,1,
7290015775151,false,חמאת בוטנים 200 גרם,ג'יאנג'י,IL,חמאת בוטנים200גר,גרמים,200.00,100 גרם,false,1,10.90,5.45,true,1,
7290015804400,false,עגבניות מרוסקות טל 250 גרם,טל וטרי,IL,עגבניות מרוסקות,גרמים,250.00,100 גרם,false,1,3.90,1.56,true,1,
7290016006292,false,נקטר מנגו בננה מלון קרטונית 1 ל' ספרינג,יפאורה שותפות מובגלת לשיווק,IL,נקטר ספרינג,ליטרים,1.00,ליטר,false,1,5.30,5.30,true,1,
7290016006346,false,שוופס סודה 0.5 ליטר מארז שישייה,יפאורה שותפות מובגלת לשיווק,IL,שוופס סודה,ליטרים,3.00,ליטר,false,1,14.00,4.67,true,1,
7290016006735,false,שוופס מוגז פירות תפוז 1.5ל',יפאורה שותפות מובגלת לשיווק,IL,שוופס גזוז תפוז,ליטרים,1.50,ליטר,false,1,6.60,4.40,true,1,
7290016094046,false,אולטרסול ספריי תחליבי 50/200,פישר מעבדות פרמצבטיות בע,IL,אולטרסול ספריי,מיליליטרים,200.00,"100 מ""ל",false,1,59.90,29.95,true,1,
7290016114300,false,נייר טואלט דו שכבתי אורך כפול לבן לילי 16 גלילים,לילי נייר טואלט חוגלה,IL,נייר טואלט לילי,מטרים,588.00,100 מטר,false,1,29.90,5.09,true,1,
7290016188042,false,"קברנה מרלו P.C 750 מ""ל",יקבי כרמל,IL,קברנה מרלו P.C,מיליליטרים,750.00,"100 מ""ל",false,1,34.90,4.65,true,1,
7290016188660,false,"יין אדום יבש סלקטד750מ""ל",יקבי כרמל,IL,יין אדום סלקטד,מיליליטרים,750.00,"100 מ""ל",false,1,22.90,3.05,true,1,
7290016314946,false,פילה מקרל מעושן 120 גרם,סלטי שמיר,IL,פילה מקרל מעושן,גרמים,120.00,100 גרם,false,1,17.90,14.92,true,1,
7290016497243,false,בייגל בסגנון רומני ק,גידרון,IL,ביגלה רומני,גרמים,150.00,100 גרם,false,1,5.00,3.33,true,1,
7290016509465,false,פרסיל ג'ל בלו 4.5 ליטר,הנקל סוד,IL,פרסיל ג'ל בלו,ליטרים,4.50,ליטר,false,1,44.90,9.98,true,1,
7290016510010,false,מרכך הוואי 6 פעילות 700,טרופיקל דגיל,IL,מרכך הוואי,מיליליטרים,700.00,"100 מ""ל",false,1,9.90,1.41,true,1,
7290016621617,false,ספריי SPF30שקוף קידס300מ,פישר מעבדות פרמצבטיות,IL,אולטרסול ספריי,מיליליטרים,300.00,"100 מ""ל",false,1,44.90,14.97,true,1,
7290016980004,false,בטטה סגולה מארז,קטיף,IL,בטטה סגולה,קילוגרמים,0.00,"ק""ג",true,1,9.90,9.90,true,1,
7290100240656,false,"פתית שיפון בד""צ חדש 300X24 גר'",יוניליוור ישראל מזון בע\,IL,פתית שיפון,גרמים,300.00,100 גרם,false,0,17.50,5.83,true,1,
7290100249376,false,מרק בצל 400 גרם,יוניליוור,IL,מרק בצל,גרמים,400.00,100 גרם,false,0,23.70,5.93,true,1,
7290100659106,false,חטיף FREE בוטנים 5יחידות,טבעית,IL,חטיף FREE בוטנים,גרמים,120.00,100 גרם,false,0,18.00,15.00,true,1,
7290100680667,false,מנה חמה נודלס בסגנון סצ'ואן אסם 76 גרם,PUB FOODS PRESIDENT THAI,TH,מנה חמה נודלס,גרמים,76.00,100 גרם,false,0,6.90,9.08,true,1,
7290100681015,false,אינסטנט פודינג בטעם ריבת חלב אסם 84 גרם,מיוצר עי קונדיטוריית,IL,אינסטנט פודינג,גרמים,84.00,100 גרם,false,0,5.50,6.55,true,1,
7290100683880,false,פירה אסם ללא צורך בבישול 260 גרם,"אסם השקעות בע""\מ",IL,פירה אסם,גרמים,260.00,100 גרם,false,0,13.90,5.35,true,1,
7290100685136,false,"אבקת מרק בטעם עוף אסם 1 ק""ג","אסם השקעות בע""\מ",IL,מרק טעם עוף,קילוגרמים,1.00,"ק""ג",false,0,15.50,15.50,true,1,
7290100700372,false,"סוגת אורז בסמטי מלא 1 ק""ג",האי נאם סי או אל.טי.,IL,אורז בסמטי מלא,קילוגרמים,1.00,"ק""ג",false,0,10.00,10.00,true,1,
7290100829622,false,בסט מסיר לק בריח תות 295מ'ל,,CA,בסט מסיר לק,מיליליטרים,295.00,"100 מ""ל",false,0,8.90,3.02,true,1,
7290100857045,false,שוק.ספלנדיד מריר קפה100ג,STRAUSS-ISRAEL,IL,שוקולד ספלנדיד,גרמים,100.00,100 גרם,false,0,10.90,10.90,true,1,
7290100858592,false,אבקת קקאו עלית שקית 150 ג',הנסיך- מפעל לייצור ט,IL,קקאו עלית,גרמים,150.00,100 גרם,false,0,9.90,6.60,true,1,
7290100921401,false,"הוואי - שמפו קרטין מחזק 700 מ""ל",טרופיקל דגיל,IL,שמפו הוואי,מיליליטרים,700.00,"100 מ""ל",false,0,9.90,1.41,true,1,
7290100921517,false,שמפו הוואי משקם ומטפח700,טרופיקל דגיל,IL,שמפו הוואי,מיליליטרים,700.00,"100 מ""ל",false,0,9.90,1.41,true,1,
7290100921524,false,מרכך הוואי משקם ומטפח700,טרופיקל דגיל,IL,מרכך הוואי,מיליליטרים,700.00,"100 מ""ל",false,0,9.90,1.41,true,1,
7290100923177,false,ג'ל רחצה הוואי סחלבים750,טרופיקל דגיל,IL,תחליב רחצה הוואי,מיליליטרים,750.00,"100 מ""ל",false,0,12.40,1.65,true,1,
7290100925607,false,פרסיל ג'ל קולור 4.5 ליטר,הנקל סוד,IL,פרסיל ג'ל קולור,ליטרים,4.50,ליטר,false,1,44.90,9.98,true,1,
7290100925676,false,קולור קאצר 20 דפים לוכדי צבע למכונת כביס,"הנקל סוד בע""\מ",IE,קולור קאצ'ר,יחידה,1.00,יחידה,false,1,16.90,16.90,true,1,
7290101111573,false,מאגדת פרוזן יוגורט מנגו,גלידות פלדמן,IL,מאגדת פרוזן,גרמים,420.00,100 גרם,false,0,26.30,6.26,true,1,
7290101486688,false,חטיף דגנים עם שוקולד ללא גלוטן וסוכר פרי 5*20 גרם,טבעית מוצרים מן הטבע בעמ,IL,חטיף FREE 5 יח',גרמים,100.00,100 גרם,false,0,18.00,18.00,true,1,
7290101488323,false,ליידי ספיד סטיק - דאודורנט סטיק לאישה ללא סימן ירוק סטיק 65 גרם,ליידי ספיד סטיק Lady Speed Stick,US,ליידי ספיד סטיק,גרמים,65.00,100 גרם,false,0,18.90,29.08,true,1,
7290101866176,false,קולון101 ג'ל כביסה3ליטר,רקיט בנקיזר,,קולון ג'ל,ליטרים,3.00,ליטר,false,0,25.90,8.63,true,1,
7290101868460,false,"קולון 101 אבקת כביסה 8 ק""ג",רקיט בנקיזר,IL,"קולון 101 8 ק""ג",קילוגרמים,8.00,"ק""ג",false,0,39.90,4.99,true,1,
7290102031276,false,מארז 8 יחידות אקטימל משקה יוגורט בטעם תות בננה,מיוצר עי קונדיטוריית,IL,אקטימל 8 יח,מיליליטרים,800.00,"100 מ""ל",false,0,20.90,2.61,true,1,
7290102062195,false,"משחת שיניים לילדים לגילאי 6-12 אלמקס 75 מ""ל",יבואן ומשווק: ש. שסט,PE,משחת אלמקס,מיליליטרים,75.00,"100 מ""ל",false,0,13.80,18.40,true,1,
7290102300822,false,גבינה צ'דר אנגלית כתומה 200 גרם,דאולי צ'יסמייקרס,GB,צ'דר אנגלי כתום,גרמים,200.00,100 גרם,false,0,15.90,7.95,true,1,
7290102393060,false,"יוגורט ביו קרמי מיקס גלילי ופל ואגוזים 5.9% מולר 170 מ""ל",קריות זול,IL,יוגורט מולר מיקס,גרמים,150.00,100 גרם,false,0,5.90,3.93,true,1,
7290102395439,false,מארז 8 גביעים יוגורט בטעם פירות יער וקיווי 3% Simply Fruit,מילקו תעשיות בעמ,IL,מולר פירות 8 יח,קילוגרמים,1.20,"ק""ג",false,0,29.60,24.67,true,1,
7290102396580,false,מעדן מוו שוקולד ומוס שוקולד טרה 118 גרם,טרה,IL,מעדן מו שוקולד,גרמים,123.00,100 גרם,false,0,2.80,2.28,true,1,
7290102396740,false,מארז 8 גביעים יוגורט בטעם תות שדה ואפרסק 0% Simply Fruit,מילקו תעשיות בעמ,IL,מולר סימפלי 8 יח,קילוגרמים,1.20,"ק""ג",false,0,29.70,24.75,true,1,
7290102397532,false,גבינה לבנה 9% 250 גרם,טרה,IL,גבינה לבנה 9%,גרמים,250.00,100 גרם,false,1,4.60,1.84,true,1,
7290102397891,false,גבינה מותכת משק צוריאל 100 גרם,משק צוריאל,IL,גבינה מותכת,גרמים,100.00,100 גרם,false,1,5.00,5.00,true,1,
7290103404758,false,סלט כרוב אדום במיונז אחלה 120 גרם,מיוצר עי קונדיטוריית,IL,כרוב אדום אחלה,גרמים,120.00,100 גרם,false,0,4.80,4.00,true,1,
7290103680022,false,"שיראז הר תבור 750 מ""ל",יקב תבור,IL,שיראז הר תבור,מיליליטרים,750.00,"100 מ""ל",false,0,42.80,5.71,true,1,
7290104061219,false,וופל אצבעות רבע לשבע קרם אגוזים עלית 120ג',"שטראוס גרופ בע""מ",IL,רבע לשבע אגוז,גרמים,120.00,100 גרם,false,0,11.90,9.92,true,1,
7290104062599,false,מארז 8 יחידות מעדן גמדים בטעמי תות ובננה,"שטראוס בריאות בע""\מ",IL,גמדים תות בננה,גרמים,800.00,100 גרם,false,0,18.50,2.31,true,1,
7290104068676,false,תפוצ'יפס קידס 45 גרם,עלית,IL,תפוצ'יפס קידס,גרמים,45.00,100 גרם,false,0,3.00,6.67,true,1,
7290104509568,false,במבה ללא גלוטן 80 גרם,אסם,IL,במבה ללא גלוטן,גרמים,80.00,100 גרם,false,0,4.50,5.63,true,1,
7290104720499,false,מארז 8 יחידות מעדן דני בטעם וניל 1.5%,מיוצר עי קונדיטוריית,IL,דני וניל 8 יח',קילוגרמים,1.00,"ק""ג",false,0,15.90,15.90,true,1,
7290104726224,false,גלי לימבו בטעם פטל 1,STRAUSS-ISRAEL,IL,לימבו פטל,גרמים,125.00,100 גרם,false,0,2.10,1.68,true,1,
7290104728310,false,"שמנת מתוקה עמידה 38% שומן ""יטבתה"" -מוצר בפיקוח",שטראוס גרופ,IL,שמנת עמידה לקצפת,גרמים,250.00,100 גרם,false,0,5.95,2.38,true,1,
7290104960338,false,"נקה 7 תחליב רחצה ארומה אלוורה ותה ירוק 750מ""ל",טרופיקל דגיל תעשיות קוסמ,IL,תחליב רחצה נקה 7,מיליליטרים,750.00,"100 מ""ל",false,0,8.90,1.19,true,1,
7290104961892,false,מסכת קרטין טהור לשיער שעבר החלקה או עיצוב בחום,נטורל פורמולה Natural Formula,IL,מסכת קרטין,מיליליטרים,350.00,"100 מ""ל",false,0,40.00,11.43,true,1,
7290104964381,false,נ.פורמולה מארז 4 אמפולות קרטין,נטורל פורמולה Natural Formula,IL,אמפלות נטורל,מיליליטרים,160.00,"100 מ""ל",false,1,49.90,31.19,true,1,
7290105364890,false,שוק.מריר 60%ללא סוכר100ג,שטראוס,IL,שוקולד מריר,גרמים,100.00,100 גרם,false,0,9.40,9.40,true,1,
7290105366023,false,סלט חצילים בטעם כבד אחלה 400 גרם,מיוצר עי קונדיטוריית,IL,חציל בטעם כבד,גרמים,400.00,100 גרם,false,0,15.90,3.98,true,1,
7290105368331,false,מעדן מילקי בטעם תות עם קצפת,מחלבת אחיהוד,IL,מילקי טעם תות,מיליליטרים,170.00,"100 מ""ל",false,0,2.80,1.65,true,1,
7290105434012,false,ספיד סטיק נוטרו סטיק 50,קולגייט-פלמוליב,US,דאו.ספיד סטיק,גרמים,50.00,100 גרם,false,0,18.90,37.80,true,1,
7290105436382,false,חטיף פרי תמרים קשיו ללא תוספת סוכר וגלוטן 5 יח,טבעית מוצרים מן הטבע בעמ,IL,מארז FREE,גרמים,125.00,100 גרם,false,0,18.00,14.40,true,1,
7290105439505,false,מאסטר שף קרם בטעם מיונז לייט 479 גר כשלפ,רמיה סי.וי. הולנד,NL,קרם בטעם מיונז,גרמים,479.00,100 גרם,false,1,11.90,2.48,true,1,
7290105500151,false,וודקה פינלנדיה בקבוק,"אלטיה קורפ, הלסינקי,",FI,וודקה פינלנדיה,מיליליטרים,700.00,"100 מ""ל",false,0,59.90,8.56,true,1,
7290105691897,false,קוסקוס עם חיטה מלאה אסם 350 גרם,"מיוצר ע""י קוד יצרן K",IL,קוסקוס,גרמים,350.00,100 גרם,false,0,8.10,2.31,true,1,
7290105695024,false,פתיתים אפויים אורז עם אטריות אסם 500 גרם,"אסם השקעות בע""\מ",IL,פתיתים אפויים,גרמים,500.00,100 גרם,false,0,6.90,1.38,true,1,
7290105961778,false,אצבעות ש.לבן מגדים 96 גר,שטראוס,IL,אצבעות שוקולד,גרמים,96.00,100 גרם,false,0,7.60,7.92,true,1,
7290105964755,false,בונ.ספלנדיד מיקס 216 גרם,STRAUSS-ISRAEL,IL,בונ.ספלנדיד מיקס,גרמים,216.00,100 גרם,false,0,27.70,12.82,true,1,
7290105968654,false,רביולי בטטה פרווה פסטה נונה 400 ג',מיוצר עי קונדיטוריית,IL,רביולי בטטה 400ג,גרמים,400.00,100 גרם,false,0,16.90,4.23,true,1,
7290106520127,false,שוק.ספלנדיד חלב36% 100ג,שטראוס,IL,שוקולד ספלנדיד,גרמים,100.00,100 גרם,false,0,10.90,10.90,true,1,
7290106522220,false,שוק.קראנצ כדורי דגנים90ג,STRAUSS-ISRAEL,IL,שוקולד קראנצ',גרמים,90.00,100 גרם,false,0,5.90,6.56,true,1,
7290106528567,false,"דוריטוס גריל 185 גרם ""עלית""","שטראוס פריטו ליי בע""\מ )",IL,דוריטוס גריל,גרמים,185.00,100 גרם,false,1,7.40,4.00,true,1,
7290106572614,false,חטיף תפוא דובונים פ,"אסם השקעות בע""\מ",IL,דובונים פיצה,גרמים,40.00,100 גרם,false,0,4.30,10.75,true,1,
7290106573277,false,חטיף קריספי בטעם זיתים 150 ג' אסם,מיוצר עי קונדיטוריית,IL,חטיפי קריספי,גרמים,150.00,100 גרם,false,0,11.80,7.87,true,1,
7290106573819,false,חומוס אבו גוש צבר 400 גר,סלטי צבר,IL,חומוס אבו גוש,גרמים,400.00,100 גרם,false,0,11.50,2.88,true,1,
7290106575332,false,פתיתים אפויים פלוס בורגול 400 ג' אסם,"מיוצר ע""י קוד יצרן K",IL,פתיתים פלוס,גרמים,400.00,100 גרם,false,0,6.90,1.73,true,1,
7290106576797,false,"לה קרמריה גלידת וניל איטלקי כשל""פ 1.4ל'",תות תעשיות מזון (201,IL,לה קרמריה,ליטרים,1.40,ליטר,false,0,21.90,15.64,true,1,
7290106576810,false,גלידה לה קרמריה ריבת חלב 1.4 ל' נסטלה,לה קרמריה- נסטלה,IL,לה קרמריה צמחי,ליטרים,1.40,ליטר,false,0,21.90,15.64,true,1,
7290106576834,false,גלידה לה קרמריה פונטש בננה1.4 ל' נסטלה,תות תעשיות מזון (201,IL,לה קרמריה,ליטרים,1.40,ליטר,false,0,21.90,15.64,true,1,
7290106579217,false,פריסקיז מעדן לחתול+פאוץ,נסטלה פורינה,US,פריסקיז+פאוץ,קילוגרמים,2.86,"ק""ג",false,0,62.90,21.99,true,1,
7290106653207,false,פיתה קראנצ' זעתר 300 גרם,"שטראוס פריטו ליי בע""\מ )",IL,פיתה קראנצ',גרמים,300.00,100 גרם,false,0,13.50,4.50,true,1,
7290106654099,false,מילקי CAKE עוגות אישיות במילוי קרם חלב,בובארד איטליה אס.פי.איי,IT,מילקי קייק 8 יח',גרמים,272.00,100 גרם,false,1,20.00,7.35,true,1,
7290106656512,false,וופל טורטית עם קרם ש,שטראוס גרופ,IL,בפלות טורטית,גרמים,360.00,100 גרם,false,0,15.80,4.39,true,1,
7290106662377,false,רבע לשבע בוטנים 120 גרם,שטראוס,IL,רבע לשבע בוטנים,גרמים,120.00,100 גרם,false,1,11.90,9.92,true,1,
7290106663008,false,פסק זמן נשנושים 130 גרם,"שטראוס גרופ בע""\מ",IL,פסק זמן נשנושים,גרמים,130.00,100 גרם,false,1,11.90,9.15,true,1,
7290106663091,false,"לאבנה 9 % עם שמן זית 500 גר' ""שטראוס""",הדקלאים אגודת שיתופי,IL,לאבנה 9%,גרמים,500.00,100 גרם,false,1,19.50,3.90,true,1,
7290106663121,false,"עוגה אישית במילוי קרם חלב ""מילקי קייק"" שטראוס",בובארד איטליה אס.פי.איי,IT,מילקי קייק,גרמים,34.00,100 גרם,false,1,3.00,8.82,true,1,
7290106663718,false,צ'יטוס זיגזג גריל 55 גרם,עלית,IL,צ'יטוס זיגזג,גרמים,55.00,100 גרם,false,0,3.50,6.36,true,1,
7290106664067,false,לאבנה עם שמן זית וזעתר 10% שטראוס 400 ג',הדקלאים אגודת שיתופי,IL,לאבנה שמן זית,גרמים,400.00,100 גרם,false,1,15.10,3.78,true,1,
7290106664548,false,רוטב שמנת4+גבינות9% 250מ,STRAUSS-ISRAEL,IL,רוטב שמנת גבינות,מיליליטרים,250.00,"100 מ""ל",false,1,10.50,4.20,true,1,
7290106664562,false,יטבתה רוטב שמנת עם פטריות 9% 250 גר,שטראוס גרופ,IL,רוטב שמנת פטריות,מיליליטרים,250.00,"100 מ""ל",false,1,10.50,4.20,true,1,
7290106666399,false,חט.אנרג'י שוקולד חלב26*6,עלית,IL,חטיפי אנרג'י 6יח,גרמים,156.00,100 גרם,false,1,15.00,9.62,true,1,
7290106667594,false,דנונה אפרסק 0% 150 גרם,שטראוס,IL,דנונה אפרסק 0%,גרמים,150.00,100 גרם,false,1,4.90,3.27,true,1,
7290106721531,false,דוריטוס חמוץ מתוק 70 גרם,"שטראוס פריטו ליי בע""מ )פ",IL,דוריטוס חמוץ,גרמים,70.00,100 גרם,false,0,3.60,5.14,true,1,
7290106727984,false,"כיף כף פצפצים בגביע 135 גרם ""עלית""",שולן צ'\יקולטה גידה סאן.,TR,כיף כף פצפצים,גרמים,135.00,100 גרם,false,1,9.90,7.33,true,1,
7290107280068,false,סנו סושי תבנית אלומיניום ענק א.לארג 2 יח,סנו מפעלי ברונוס בעמ,CN,תבניות אלומיניום,יחידה,1.00,יחידה,false,1,7.90,7.90,true,1,
7290107280099,false,שלישיית מגובנים נשטפים באסלה סופט סוד 48 יחידות,טרופיקל דגיל- תעשיות,IL,מגבוני נייר לחים,יחידה,1.00,יחידה,false,0,15.90,15.90,true,1,
7290107280495,false,סבון אסלה מוצק לימון,swrzedz dramers,IL,סנובון WAVE,גרמים,45.00,100 גרם,false,0,9.80,21.78,true,1,
7290107280518,false,"מקסימה אבקת כביסה ז'אוול 8 ק""ג",סנו,IL,מקסימה ג'אוול,קילוגרמים,8.00,"ק""ג",false,0,49.90,6.24,true,1,
7290107280570,false,סנו - מקסימה ג'ל כביסה מרוכז לכביסה צבעונית 3 ליטר,מיוצר עי קונדיטוריית,IL,ג'ל כביסה,ליטרים,3.00,ליטר,false,0,25.00,8.33,true,1,
7290107640428,false,"פינוק ת.רחצה רגוע 700מ""ל",יוניליוור,IL,תחליב רחצה פינוק,מיליליטרים,700.00,"100 מ""ל",false,1,9.90,1.41,true,1,
7290107643764,false,שמפו פינוק שמני הזנה700מ,יוניליוור,IL,שמפו פינוק,מיליליטרים,700.00,"100 מ""ל",false,1,9.90,1.41,true,1,
7290107643771,false,מרכך פינוק שמני הזנה700מ,יוניליוור,IL,מרכך פינוק,מיליליטרים,700.00,"100 מ""ל",false,1,9.90,1.41,true,1,
7290107643917,false,ריבועי ברנפלקס קינמון400,יוניליוור,IL,ברנפלקס קינמון,גרמים,400.00,100 גרם,false,1,15.90,3.98,true,1,
7290107644716,false,פינוק שמפו שמן קוקוס700מ,יוניליוור,IL,שמפו פינוק,מיליליטרים,700.00,"100 מ""ל",false,1,9.90,1.41,true,1,
7290107644907,false,שוקולד מריר מגנום 90 גרם,יוניליוור,GB,שוקולד מריר,גרמים,90.00,100 גרם,false,1,12.90,14.33,true,1,
7290107644914,false,שוקולד חלב מגנום 90 גרם,יוניליוור,GB,שוקולד חלב,גרמים,90.00,100 גרם,false,1,12.90,14.33,true,1,
7290107644921,false,שוקולד לבן מגנום 90 גרם,יוניליוור,GB,שוקולד לבן,גרמים,90.00,100 גרם,false,1,12.90,14.33,true,1,
7290107871990,false,"פסטה צינורות 500 גרם ""אסם""",פסטה זארה,IT,פסטה צינורות,גרמים,500.00,100 גרם,false,0,5.70,1.14,true,1,
7290107874502,false,ביסלי גריל קדמ. מארז אחיד 10 4*55 גרם,מיוצר עי קונדיטוריית,IL,ביסלי גריל 4 יח,גרמים,220.00,100 גרם,false,1,12.50,5.68,true,1,
7290107879521,false,קרחוני לה פרוטה La Frutta תות שדה - 5 יח',גלידות נסטלה )נגה גלידות,IL,מאגדת לה פרוטה,גרמים,350.00,100 גרם,false,1,24.90,7.11,true,1,
7290107932875,false,מאסט לימונענע מגדים 28גר,שטראוס,IL,מאסט לימונענע,גרמים,28.00,100 גרם,false,1,4.30,15.36,true,1,
7290107934473,false,שמינייה יוגורט לבן אקטיביה 1.5% דנונה 150 גרם,"שטראוס גרופ בע""\מ",IL,אקטביה 1.5% 8 יח,ליטרים,1.20,ליטר,false,1,20.50,17.08,true,1,
7290107936460,false,מארז 8 יח' דנכול משקה יוגורט בטעם מעודן,מיוצר עי קונדיטוריית,IL,דנכול מעודן 8 יח,גרמים,800.00,100 גרם,false,1,29.30,3.66,true,1,
7290107936712,false,קראנץ נשיקות וקרם שוקולד,שטראוס,IL,נשיקות וקרם שוקו,גרמים,98.00,100 גרם,false,1,5.90,6.02,true,1,
7290107937504,false,חרדל דיז'ון חלק 370 גרם,אי.די.סי,FR,חרדל דיז'ון חלק,גרמים,350.00,100 גרם,false,1,12.90,3.69,true,1,
7290107937627,false,מסטיק מאסט Must קוביות ללא סוכר בטעם מנטה עדינה,אסקום קונפקשיין,DE,קוביות מסטיק,גרמים,58.00,100 גרם,false,1,9.90,17.07,true,1,
7290107940252,false,השוקו שלי ללא תוס.סוכר1ל,מחלבת יטבתה,IL,השוקו שלי,ליטרים,1.00,ליטר,false,1,10.00,10.00,true,1,
7290107940467,false,אקטיביה יוגורט 1.5% שומן 200 ג' דנונה,מיוצר עי קונדיטוריית,IL,אקטיביה 1.5%,גרמים,200.00,100 גרם,false,1,3.80,1.90,true,1,
7290107941990,false,דנונה דיאט תות 0% 150גר,שטראוס,IL,דנונה דיאט,גרמים,150.00,100 גרם,false,1,4.90,3.27,true,1,
7290107942034,false,"אקטימל אננס 100*8מ""ל",שטראוס,IL,אקטימל אננס 8 יח,מיליליטרים,800.00,"100 מ""ל",false,1,20.90,2.61,true,1,
7290107942171,false,קפה אינטנס 10% אספרסו125,שטראוס,IL,קפה אינטנס,גרמים,125.00,100 גרם,false,1,19.90,15.92,true,1,
7290107942324,false,מילקי שוקולד עשיר133גרם,"שטראוס גרופ בע""\מ",IL,מילקי שוקולד,גרמים,133.00,100 גרם,false,1,3.90,2.93,true,1,
7290107942621,false,טבעות בצל 60 גרם,שטראוס,IL,טבעות בצל,גרמים,60.00,100 גרם,false,1,4.90,8.17,true,1,
7290107942997,false,דוריטוס שקשוקה 70 גרם,עלית,IL,דוריטוס שקשוקה,גרמים,70.00,100 גרם,false,1,3.60,5.14,true,1,
7290107944366,false,גלילי וופל רבע לשבע,"הגביע מוצרי וופלים בע""\מ",IL,רבע לשבע לבן,גרמים,120.00,100 גרם,false,1,11.90,9.92,true,1,
7290107950183,false,מעדן דיאט בטעם וניל 130ג,"שטראוס בריאות בע""מ",IL,מעדן דיאט וניל,גרמים,130.00,100 גרם,false,1,3.30,2.54,true,1,
7290107950190,false,מעדן חלב דל קלוריות בטעם שוקולד מריר 0.5% שומן,מיוצר עי קונדיטוריית,IL,מעדן דיאט שוקולד,גרמים,130.00,100 גרם,false,1,3.30,2.54,true,1,
7290107950206,false,מעדן חלב דל קלוריות בטעם שוקולד 0% שומן,מיוצר עי קונדיטוריית,IL,מעדן דיאט שוקולד,גרמים,130.00,100 גרם,false,1,3.30,2.54,true,1,
7290107950251,false,מילקי מוס עם שוקולד וקצפת 81ג',שטראוס,IL,מילקי מוס,גרמים,81.00,100 גרם,false,1,3.50,4.32,true,1,
7290107950589,false,סימפוניה פרג וקצח5% 200ג,שטראוס,IL,גבינת סימפוניה,גרמים,200.00,100 גרם,false,1,10.90,5.45,true,1,
7290107951128,false,בפלות וניל 200 גרם,שטראוס,IL,בפלות וניל,גרמים,200.00,100 גרם,false,1,4.90,2.45,true,1,
7290107951302,false,"השוקו שלי שקיות 225*6מ""ל",שטראוס,IL,השוקו שלי 6שקיות,מיליליטרים,1350.00,"100 מ""ל",false,1,14.90,1.10,true,1,
7290107971492,false,רוטב סרירצ'יה 450 גרם,מאסוואנג רונדור,TH,רוטב סרירצ'יה,גרמים,450.00,100 גרם,false,1,14.90,3.31,true,1,
7290107973809,false,שימורי עגבניות קוביות 400 ג' מאסטר שף,פראנו אריקו ופיגלי ס.פ.א,IT,קוביות עגבניות,גרמים,400.00,100 גרם,false,1,5.90,1.48,true,1,
7290108200201,false,וניש מסיר כתמים ורוד 1350 גר,רקיט בנקיזר,IT,גולד אבקה,קילוגרמים,1.35,"ק""ג",false,1,29.90,22.15,true,1,
7290108200218,false,גולד אבקה לכב.לבנה 1.35ק,רקיט בנקיזר,IT,וניש גולד אבקה,קילוגרמים,1.35,"ק""ג",false,1,29.90,22.15,true,1,
7290108350142,false,"שקיות רב שימושיות גדולות 25*35 ס""מ סנו סושי 270 יחידות",אשפלסט תעשיות,IL,"שקיות רב""ש",יחידה,1.00,יחידה,false,1,12.90,12.90,true,1,
7290108350203,false,"סנו סושי כריות קרצוף+ספוג מקציף 6 יחידות 12X9 ס""מ",סנו סושי,US,כריות קרצוף,יחידה,1.00,יחידה,false,1,9.60,9.60,true,1,
7290108350623,false,מרכך כביסה סופר מרוכז סופט סילק מקסימה 1 ל' סנו,"סנו מפעלי ברונוס בע""\מ",IL,מרכך מקסימה,ליטרים,1.00,ליטר,false,1,15.00,15.00,true,1,
7290108351156,false,ג'ל ניקוי כללי בתוספת חומץ בריח לבנדר סנו ג'ט 1.5 ליטר,"סנו מפעלי ברונוס בע""\מ",IL,סנו ג'ט פלוס,ליטרים,1.50,ליטר,false,1,10.00,6.67,true,1,
7290109351278,false,ביסלי בלאק בורגר 60 גרם,אסם,IL,ביסלי בלאק בורגר,גרמים,60.00,100 גרם,false,1,4.60,7.67,true,1,
7290109351865,false,"אטריות דקיקות 1 ק""ג",פסטה זארה,IL,אטריות דקיקות,קילוגרמים,1.00,"ק""ג",false,1,12.00,12.00,true,1,
7290109351971,false,פריכיות דגנים פיטנס מצופות שוקולד חלב,פרח תעשיות,IL,פיטנס בר פריכיות,גרמים,84.00,100 גרם,false,1,10.90,12.98,true,1,
7290109354866,false,חומוס עם שיפקה 400 גרם,צבר,IL,חומוס עם שיפקה,גרמים,400.00,100 גרם,false,1,11.90,2.98,true,1,
7290110320089,false,"שוקו""V""פחות תוספת סוכר1ל",תנובה,IL,"שוקו ""V""",ליטרים,1.00,ליטר,false,1,12.40,12.40,true,1,
7290111350009,false,פופקורן בטעם טבעי 55 גרם,אשבל,IL,פופקורן טעם טבעי,גרמים,55.00,100 גרם,false,1,4.00,7.27,true,1,
7296073002543,false,שקיות אשפה,,TR,שקיות אשפה,יחידה,1.00,יחידה,false,0,19.90,19.90,true,1,
7296073006138,false,"חיטה שופרסל 1 ק""ג",שופרסל,IL,"חיטה 1 ק""ג",קילוגרמים,1.00,"ק""ג",false,0,7.80,7.80,true,1,
7296073021575,false,"קמח תופח שופרסל 1 ק""ג",שופרסל,IL,קמח תופח מאיליו,קילוגרמים,1.00,"ק""ג",false,0,5.90,5.90,true,1,
7296073027713,false,מפיות חד שכבתי 180 יח,שופרסל,IL,מפיות חד שכבתי,יחידה,1.00,יחידה,false,0,8.90,8.90,true,1,
7296073053743,false,פסטה קונקיליוני39 שופרסל,שופרסל,IL,פסטה קונקיליוני,גרמים,500.00,100 גרם,false,0,4.90,0.98,true,1,
7296073059097,false,25 מגבונים להסרת איפור,שופרסל,IL,מגבונים לאיפור,יחידה,1.00,יחידה,false,0,9.90,9.90,true,1,
7296073059707,false,"צלחות קטנות ח""פ שופרסל 5",שופרסל,IL,"צלחות קטנות ח""פ",יחידה,1.00,יחידה,false,0,7.90,7.90,true,1,
7296073074656,false,ירקות מעורב.כבושים 1.65ק,שופרסל,IL,ירקות מעורבים,קילוגרמים,1.65,"ק""ג",false,0,25.90,15.70,true,1,
7296073079040,false,פריכיות זעתר שופרסל 50גר,"פרח תעשיות מזון בע""\מ",IL,פריכיות אורז,גרמים,50.00,100 גרם,false,0,7.50,15.00,true,1,
7296073080558,false,תירס לייט שופרסל 550 גרם,פרי גליל,IL,תירס לייט,גרמים,550.00,100 גרם,false,0,6.50,1.18,true,1,
7296073091417,false,בוטן קלוי בקליפה400שופרס,ששון,IL,בוטן קלוי בקליפה,גרמים,400.00,100 גרם,false,0,15.80,3.95,true,1,
7296073094746,false,חלווה וניל שופרסל 400גרם,"אחדות בע""מ א.ת. ברקן",IL,חלווה וניל,גרמים,400.00,100 גרם,false,0,12.20,3.05,true,1,
7296073094753,false,חלווה וניל שופרסל 500 גר,"אחדות בע""מ א.ת. ברקן",IL,חלווה וניל,גרמים,500.00,100 גרם,false,0,12.90,2.58,true,1,
7296073106098,false,פריכיות דק.כוסמת שופר100,"פרח תעשיות מזון בע""\מ",IL,פריכיות כוסמת,גרמים,100.00,100 גרם,false,0,6.40,6.40,true,1,
7296073108313,false,סלט קולסלאו שטוף לאכילה,פרסקו,IL,סלט קולסלאו שטוף,גרמים,400.00,100 גרם,false,0,8.00,2.00,true,1,
7296073108351,false,חסה אייסברג שטופה לאכילה,"פרסקו חצבה 2006 בע""\מ",IL,חסה אייסברג שטוף,גרמים,300.00,100 גרם,false,0,9.90,3.30,true,1,
7296073108368,false,לקט הגינה שטוף לאכילה,פרסקו,IL,לקט הגינה שטוף,גרמים,300.00,100 גרם,false,0,9.90,3.30,true,1,
7296073108443,false,"קמח מלא שופרסל 1 ק""ג",שופרסל,IL,קמח חיטה מלא,קילוגרמים,1.00,"ק""ג",false,0,6.30,6.30,true,1,
7296073115762,false,קורנפלור שופרסל 200 גרם,שופרסל,IL,קורנפלור,גרמים,200.00,100 גרם,false,0,3.50,1.75,true,1,
7296073116769,false,קוקוס טחון שופרסל 100גרם,מיה,IL,קוקוס טחון,גרמים,100.00,100 גרם,false,0,4.00,4.00,true,1,
7296073118787,false,תע'חסה אלון שטופה לאכילה,פרסקו,IL,תע חסה אלון,גרמים,350.00,100 גרם,false,0,9.90,2.83,true,1,
7296073121183,false,תמר דקל נור 400ג שופרסל,ערדום תמרים,IL,תמר דקל נור 400ג,גרמים,400.00,100 גרם,false,0,12.90,3.23,true,1,
7296073121589,false,בייגלה אצבעות שומשום330ג,שופרסל,IL,בייגלה אצבעות,גרמים,330.00,100 גרם,false,0,8.80,2.67,true,1,
7296073122333,false,שקדי מרק מרכיבים טבעיים,שופרסל,IL,שקדי מרק בשקית,גרמים,400.00,100 גרם,false,0,7.90,1.98,true,1,
7296073125952,false,"אורז יסמין שופרסל 1 ק""ג",ltd co produce Uthai,TH,אורז יסמין,קילוגרמים,1.00,"ק""ג",false,0,9.80,9.80,true,1,
7296073128229,false,שופרסל מעדן תות שדה284גר,LTD 99 CIMA,BG,מעדן תות שדה,גרמים,284.00,100 גרם,false,0,12.80,4.51,true,1,
7296073133070,false,צלחות קטנות קרם שופרסל 2,שופרסל,IL,צלחות קטנות,יחידה,1.00,יחידה,false,0,7.90,7.90,true,1,
7296073140801,false,חטיף חלבה וניל שופרסל100,"אחדות בע""מ א.ת. ברקן",IL,חטיף חלבה שופרסל,גרמים,100.00,100 גרם,false,0,2.80,2.80,true,1,
7296073140993,false,28 תחבושות נורמל+ שופרסל,קוראטקס,DE,תחבושות שופרסל,יחידה,1.00,יחידה,false,0,9.00,9.00,true,1,
7296073143437,false,"ברנפלקס ללת""ס שופרסל 500",בריגן קי. ג'י,DE,"ברנפלקס ללת""ס",גרמים,500.00,100 גרם,false,0,16.80,3.36,true,1,
7296073151470,false,פריכיות קטנות 3דגנים 50ג,שופרסל,IL,פריכיות קטנות,גרמים,50.00,100 גרם,false,0,7.50,15.00,true,1,
7296073160663,false,פסטה פוסיליני מהירה500גר,שופרסל,IT,פסטה פוזילי,גרמים,500.00,100 גרם,false,0,6.30,1.26,true,1,
7296073161493,false,שוק.מריר60%שופרסל 100*2ג,"שוקולד פריי בע""מ",CH,שוקולד מריר זוג,גרמים,200.00,100 גרם,false,0,12.50,6.25,true,1,
7296073161516,false,שוק.מריר+אגוזים שלמ100*3,שופרסל,CH,שוקולד אגוז 3 יח,גרמים,300.00,100 גרם,false,0,18.90,6.30,true,1,
7296073161790,false,מנצ'ס200גרם שופרסל,VOF INTERVENDORS,CN,מנצ'ס 200גרם,גרמים,200.00,100 גרם,false,0,8.80,4.40,true,1,
7296073169239,false,רוטב עגבניות לשקשוקה260ג,"זנלכל בע""\מ",IL,רוטב לשקשוקה,גרמים,260.00,100 גרם,false,0,4.30,1.65,true,1,
7296073169543,false,40 מטליות רב שימושיות,שופרסל,IL,"מטליות רב""ש",יחידה,1.00,יחידה,false,0,18.70,18.70,true,1,
7296073169833,false,"שוק.מריר 72%ללת""ס 100 גר",שופרסל,CH,שוקולד ללא סוכר,גרמים,100.00,100 גרם,false,0,9.20,9.20,true,1,
7296073169857,false,שוק.חלב+אגוז ללא סוכר100,שופרסל,,שוקולד ללא סוכר,גרמים,100.00,100 גרם,false,0,9.20,9.20,true,1,
7296073173199,false,אפונה ירוקה עדינה שופרסל,שופרסל,BE,אפונה עדינה,גרמים,600.00,100 גרם,false,0,15.50,2.58,true,1,
7296073173335,false,קמח שיפון מלא שופרסל 1קג,שופרסל,IL,קמח שיפון מלא,קילוגרמים,1.00,"ק""ג",false,0,6.30,6.30,true,1,
7296073174219,false,תבניות קרטון,,,תבניות קרטון,יחידה,1.00,יחידה,false,0,5.00,5.00,true,1,
7296073180203,false,עלי רוקט שטופים 150גרם,"פרסקו חצבה 2006 בע""\מ",IL,עלי רוקט150ג',גרמים,150.00,100 גרם,false,0,9.50,6.33,true,1,
7296073180432,false,רוטב לפסטה בזיליקום 350ג,,IT,רוטב לפסטה,גרמים,350.00,100 גרם,false,0,8.90,2.54,true,1,
7296073180876,false,טלק ריחני שופרסל,,IL,טלק ריחני שופרסל,גרמים,200.00,100 גרם,false,0,12.10,6.05,true,1,
7296073188520,false,נייר סנדביץ,,PL,נייר סנדביץ,יחידה,1.00,יחידה,false,0,11.90,11.90,true,1,
7296073189602,false,בוטן מטוגן 400גרם שופרסל,שקרצי,IL,בוטן מטוגן,גרמים,400.00,100 גרם,false,0,15.90,3.98,true,1,
7296073195269,false,פריכיות אורז מלא+קינואה,פרח תעשיות מזון,IL,פריכיות קינואה,גרמים,100.00,100 גרם,false,0,6.80,6.80,true,1,
7296073197478,false,שוקולד מריר שוויצרי100*3,"שוקולד פריי בע""מ",CH,שוקולד מריר 3 יח,גרמים,300.00,100 גרם,false,0,12.90,4.30,true,1,
7296073199014,false,נודלס דק להקפצה 400 גרם,INDUSTRY ANLIDA LONGHAI FUJIAN,CN,נודלס דק להקפצה,גרמים,400.00,100 גרם,false,0,7.90,1.98,true,1,
7296073199274,false,קמח חיטה מלאה,,IL,קמח חיטה מלאה,קילוגרמים,1.00,"ק""ג",false,0,8.80,8.80,true,1,
7296073206996,false,קרם לתינוק שופרסל 400 מל,אמיליה קוסמטיקס,IL,קרם לתינוק,מיליליטרים,400.00,"100 מ""ל",false,0,15.80,3.95,true,1,
7296073207030,false,אל סבון לתינוק שופרסל750,אמיליה קוסמטיקס,IL,אל סבון לתינוק,מיליליטרים,750.00,"100 מ""ל",false,0,10.80,1.44,true,1,
7296073209928,false,בייגלה שטוח,,IL,בייגלה שטוח,גרמים,300.00,100 גרם,false,0,8.50,2.83,true,1,
7296073215820,false,כורכום טחון,,IL,כורכום טחון,גרמים,100.00,100 גרם,false,0,6.70,6.70,true,1,
7296073215929,false,קנמון טחון,,IL,קנמון טחון,גרמים,40.00,100 גרם,false,0,5.90,14.75,true,1,
7296073215967,false,שוםגבישי,,IL,שוםגבישי,גרמים,100.00,100 גרם,false,0,9.50,9.50,true,1,
7296073215974,false,שום גבישי,,IL,שום גבישי,גרמים,120.00,100 גרם,false,0,10.80,9.00,true,1,
7296073215998,false,אבקת שום,,IL,אבקת שום,גרמים,50.00,100 גרם,false,0,6.70,13.40,true,1,
7296073216155,false,פלפל שחור,,IL,פלפל שחור,גרמים,40.00,100 גרם,false,0,9.90,24.75,true,1,
7296073216209,false,פלפל שחור,,IL,פלפל שחור,גרמים,35.00,100 גרם,false,0,9.40,26.86,true,1,
7296073216216,false,פלפל לבן,,IL,פלפל לבן,גרמים,40.00,100 גרם,false,0,10.90,27.25,true,1,
7296073216261,false,פפריקה מתוקה,,IL,פפריקה מתוקה,גרמים,80.00,100 גרם,false,0,6.10,7.63,true,1,
7296073216292,false,פפריקה חריפה,,IL,פפריקה חריפה,גרמים,80.00,100 גרם,false,0,4.70,5.88,true,1,
7296073218333,false,פופקורן מופחת,,US,פופקורן מופחת,גרמים,510.00,100 גרם,false,0,13.50,2.65,true,1,
7296073218807,false,בישקוטים,,IT,בישקוטים,גרמים,200.00,100 גרם,false,0,5.00,2.50,true,1,
7296073219101,false,אבקת כביסה,,IL,אבקת כביסה,קילוגרמים,7.00,"ק""ג",false,0,39.60,5.66,true,1,
7296073219255,false,קפה נמס,,IL,קפה נמס,גרמים,200.00,100 גרם,false,0,13.90,6.95,true,1,
7296073219576,false,שקיות אשפה,,IL,שקיות אשפה,יחידה,1.00,יחידה,false,0,19.80,19.80,true,1,
7296073219958,false,חט.דגנים שוקו+מריר23*6ג,back and Snack,AT,חטיף דגנים,גרמים,138.00,100 גרם,false,0,9.90,7.17,true,1,
7296073220022,false,אבקת קקאו,,IL,אבקת קקאו,גרמים,150.00,100 גרם,false,0,7.50,5.00,true,1,
7296073220121,false,חטיפי קרח,,IL,חטיפי קרח,ליטרים,2.10,ליטר,false,0,9.90,4.71,true,1,
7296073220275,false,וופל ט.שוקולד שופרסל500ג,"מנעמים תעשיות מזון בע""\מ",IL,וופל טעם שוקולד,גרמים,500.00,100 גרם,false,0,8.90,1.78,true,1,
7296073220282,false,וופלים ט.לימון שופרסל500,"מנעמים תעשיות מזון בע""\מ",IL,וופל טעם לימון,גרמים,500.00,100 גרם,false,0,8.90,1.78,true,1,
7296073220435,false,מיקס פירות יער קפוא 300,d.o.o Lukowa,YU,מיקס פירות יער,גרמים,300.00,100 גרם,false,0,16.90,5.63,true,1,
7296073221791,false,ופלים בטעם אגוזים 400 גר,"מנעמים תעשיות מזון בע""\מ",IL,וופל אגוזים,גרמים,400.00,100 גרם,false,0,8.90,2.23,true,1,
7296073222217,false,צמד חמד שופרסל 600 גרם,מעדני יחיעם,IL,צמד חמד נקניק,גרמים,600.00,100 גרם,false,0,21.90,3.65,true,1,
7296073223108,false,תה ארל גריי 25שק,,LK,תה ארל גריי 25שק,גרמים,37.00,100 גרם,false,0,7.50,20.27,true,1,
7296073223115,false,תה קלאסי,,LK,תה קלאסי,גרמים,150.00,100 גרם,false,0,9.80,6.53,true,1,
7296073223993,false,מזון חתולים,,FR,מזון חתולים,גרמים,400.00,100 גרם,false,0,6.90,1.73,true,1,
7296073224556,false,שבבי שיבולת שועל גרין500,,IL,שיבולת שועל,גרמים,500.00,100 גרם,false,0,10.80,2.16,true,1,
7296073224792,false,ג'ל כביסה קפס,,IL,ג'ל כביסה קפס,יחידה,1.00,יחידה,false,0,11.90,11.90,true,1,
7296073224808,false,ג'ל כביסה שופרסל,,IL,ג'ל כביסה שופרסל,יחידה,1.00,יחידה,false,0,19.80,19.80,true,1,
7296073224839,false,מרכך מרוכז לבן,,IL,מרכך מרוכז לבן,ליטרים,1.00,ליטר,false,0,9.90,9.90,true,1,
7296073224938,false,פלסטרים,,IL,פלסטרים,יחידה,1.00,יחידה,false,0,9.80,9.80,true,1,
7296073225560,false,"ופלים שוקולד ללת""ס200גרם","מנעמים תעשיות מזון בע""\מ",IL,וופל שוקולד ללתס,גרמים,200.00,100 גרם,false,0,6.90,3.45,true,1,
7296073225577,false,"וופל בלגי שוקו.ללת""ס200ג",גילרו,IL,וופל בלגי שוקולד,גרמים,200.00,100 גרם,false,0,7.80,3.90,true,1,
7296073225591,false,אורז בסמטי,,IN,אורז בסמטי,קילוגרמים,1.00,"ק""ג",false,0,12.80,12.80,true,1,
7296073225775,false,רצועות סלק שופרסל 400גרם,סלטי שמיר,IL,סלט סלק שופרסל,גרמים,400.00,100 גרם,false,0,8.50,2.13,true,1,
7296073226307,false,חיתולים שופרסל,,IL,חיתולים שופרסל,יחידה,1.00,יחידה,false,0,27.90,27.90,true,1,
7296073226529,false,וופל קוביות שוקולד 250גר,בלקוני,IT,וופל קוביות,גרמים,250.00,100 גרם,false,0,10.80,4.32,true,1,
7296073226963,false,סלט חומוס+גרגרים שופר400,סלטי שמיר,IL,חומוס עם גרגרים,גרמים,400.00,100 גרם,false,0,8.50,2.13,true,1,
7296073226987,false,סלט חומוס+מסבחה שופר400ג,סלטי שמיר,IL,חומוס עם מסבחה,גרמים,400.00,100 גרם,false,0,8.50,2.13,true,1,
7296073226994,false,סלט חומוס עם חריף 400גרם,סלטי שמיר,IL,חומוס עם חריף,גרמים,400.00,100 גרם,false,0,8.50,2.13,true,1,
7296073229674,false,פטוצ'יני ללינגויני 500 ג,.,IT,פטוצ'יני,גרמים,500.00,100 גרם,false,1,4.90,0.98,true,1,
7296073229681,false,12ביצים אורגניות+Mאומגה3,חוות גבעות עולם,IL,12ביצים אורגניות,יחידה,1.00,יחידה,false,0,24.90,24.90,true,1,
7296073230045,false,מנקה רצפות סגול 2 ליטר,קליר כימיקלים,IL,מנקה רצפות,ליטרים,2.00,ליטר,false,0,10.00,5.00,true,1,
7296073230441,false,כפיות שקופות עבות במיוחד,.,IL,50כפיות עבה,יחידה,1.00,יחידה,false,0,8.90,8.90,true,1,
7296073230656,false,מגבות נייר שופרסל 6 גל.,"שניב תעשיות נייר בע""\מ",IL,מגבות נייר,מטרים,63.00,מטר,false,0,8.90,0.14,true,1,
7296073230731,false,נוזל לניקוי כלים 750מל,קליר כימיקלים,IL,נוזל לכלים תפוח,מיליליטרים,750.00,"100 מ""ל",false,0,7.50,1.00,true,1,
7296073230816,false,"נוזל לניקוי כלים 750מ""ל",קליר כימיקלים,IL,נוזל לכלים לימון,מיליליטרים,750.00,"100 מ""ל",false,0,7.50,1.00,true,1,
7296073230960,false,קרקר+מלח אורגני גרין250ג,נובה אינדסטריה,IT,קרקר עם מלח,גרמים,250.00,100 גרם,false,1,11.90,4.76,true,1,
7296073232377,false,חלב1% נטול לקטוז גרין1ל,מחלבת רמת-הגולן,IL,חלב נטול לקטוז,ליטרים,1.00,ליטר,false,1,7.90,7.90,true,1,
7296073232636,false,מרגרינה בטעם חמאה 200 גר,בסלר גידה וה קימייה סאן,TR,מרגרינה ט.חמאה,גרמים,200.00,100 גרם,false,1,3.80,1.90,true,1,
7296073234661,false,חטיף בוטנים שופרסל 25 גר,חטיפי העמק,IL,חטיף בוטנים,גרמים,25.00,100 גרם,false,1,1.70,6.80,true,1,
7296073234746,false,חטיף בטעם ברביקיו 200גרם,מנה,IL,חטיף חיטה ברבקיו,גרמים,200.00,100 גרם,false,1,5.90,2.95,true,1,
7296073235750,false,נוזל לניקוי חלונות 750מל,קליר כימיקלים,IL,נוזל לחלונות,מיליליטרים,750.00,"100 מ""ל",false,1,6.80,0.91,true,1,
7296073236290,false,חט.קראנצ+'שוקולד מריר5יח,ויטליה ניקול,MK,חטיפי קראנצ' 5יח,גרמים,210.00,100 גרם,false,1,10.90,5.19,true,1,
7296073237457,false,תרכובת מזון לתינוק שלב 2,פריגו,US,תרכובת מזון,גרמים,700.00,100 גרם,false,1,39.90,5.70,true,1,
7296073237846,false,"אורז פרסי שופרסל 1 ק""ג",THEPTHUNGATIP,TH,אורז פרסי,קילוגרמים,1.00,"ק""ג",false,1,5.90,5.90,true,1,
7296073237853,false,קפסולות קפה שופרסל סגול,רוני רג'ואן ושות,IL,קפסולות קפה,גרמים,50.00,100 גרם,false,1,14.90,29.80,true,1,
7296073238386,false,זוג ספוגים שופרסל,שופרסל,CN,זוג ספוגים,יחידה,1.00,יחידה,false,1,9.90,9.90,true,1,
7296073238409,false,רצועות גיישנית שופרסל,שופרסל,CN,רצועות גיישנית,יחידה,1.00,יחידה,false,1,9.90,9.90,true,1,
7296073238485,false,שמיניית סוללות AA שופרסל,פוג'יקום,CN,שמיניית סוללות,יחידה,1.00,יחידה,false,1,16.90,16.90,true,1,
7296073238775,false,מטען כפול לבית,פוג'יקום,CN,מטען כפול לבית,יחידה,1.00,יחידה,false,1,49.90,49.90,true,1,
7296073239246,false,ג'ל רחצה לגבר 3 ב1- 700מ,שופרסל,IL,ג'ל רחצה לגבר3ב1,מיליליטרים,700.00,"100 מ""ל",false,1,9.90,1.41,true,1,
7296073242352,false,ספוג אמבט תה ירוק שופרס,TECHONGGIES TAIKONE,CN,ספוג אמבט,יחידה,1.00,יחידה,false,1,29.90,29.90,true,1,
7296073242918,false,מברשת שיער מטקה רחבה,שופרסל,IL,מברשת שיער,יחידה,1.00,יחידה,false,1,24.90,24.90,true,1,
7296073243359,false,ביצים M שופרסל 12 יחידות,גליקסמן,IL,ביצים 12יחידות M,יחידה,1.00,יחידה,false,1,10.55,10.55,true,1,
7296073243830,false,זרעי צ'יה אורגני גרין300,אלקיומיאה,AR,זרעי צ'יה אורגני,גרמים,300.00,100 גרם,false,1,18.90,6.30,true,1,
7296073243854,false,כוסות שתייה מעוטרות זהב,.,IL,50כוסות שתייה,יחידה,1.00,יחידה,false,1,9.90,9.90,true,1,
7296073245360,false,אטריות קונג'אק אורז270ג,LTD CO FOODS YANGZHOU,CN,אטריות קונג'אק,גרמים,270.00,100 גרם,false,1,9.90,3.67,true,1,
7296073245377,false,אטריות קונג'אק פנה270גרם,LTD CO FOODS YANGZHOU,CN,אטריות קונג'אק,גרמים,270.00,100 גרם,false,1,9.90,3.67,true,1,
7296073245452,false,מסטיק פפרמינט 64 גרם,פריי )שוקולד(,CH,מסטיק פפרמינט,גרמים,64.00,100 גרם,false,1,8.90,13.91,true,1,
7296073246084,false,פולי סויה בקליפה 1 קג,שופרסל,CN,פולי סויה 1קג,גרמים,1000.00,100 גרם,false,1,19.70,1.97,true,1,
7296073246107,false,חמאה+מלח ים אטלנטי 250ג,MATHOT ETS,BE,חמאה עם מלח ים,גרמים,250.00,100 גרם,false,1,10.90,4.36,true,1,
7296073248583,false,זוג מוצצים סיליקון+6,GMBH NTX,DE,זוג מוצצים,יחידה,1.00,יחידה,false,1,21.90,21.90,true,1,
7296073254133,false,"שמן זית פרימיום 750 מ""ל",אליעד בית בד בגולן,IL,שמן זית פרימיום,מיליליטרים,750.00,"100 מ""ל",false,1,32.90,4.39,true,1,
7296073259909,false,שוקולד חלב+פיצפוצים100ג,אלפיה,DE,שוקולד חלב,גרמים,100.00,100 גרם,false,1,5.00,5.00,true,1,
7296073261162,false,300 קסמי אוזניים פלסטיק,PRODUC UES DAILY JIEYANG,CN,קסמי אוזניים,יחידה,1.00,יחידה,false,1,8.50,8.50,true,1,
7296073261193,false,קסמי אוזניים מעץ שופרסל,PRODUC UES DAILY JIEYANG,CN,קסמי אוזניים,יחידה,1.00,יחידה,false,1,2.00,2.00,true,1,
7296073261384,false,"אל סבון מעורב 500*3 מ""ל",טאהא קימיה,TR,אל סבון נוזלי,מיליליטרים,1500.00,"100 מ""ל",false,1,10.00,0.67,true,1,
7296073263166,false,מרכך בייבי מרוכז 1ל,גליל כימיקלים,IL,מרכך בייבי מרוכז,ליטרים,1.00,ליטר,false,1,14.90,14.90,true,1,
7296073265108,false,אצבעות שוקולד קרם חלב100,ברוני,DE,אצבעות שוקולד,גרמים,100.00,100 גרם,false,1,5.90,5.90,true,1,
7296073265375,false,פוזילי ללא גלוטן גרין400,SPA MENNUCCI PASTIFICI,IT,פוזילי ללא גלוטן,גרמים,400.00,100 גרם,false,1,9.90,2.48,true,1,
7296073265641,false,סוכ.גומי דובים שופרסל100,טרולי,ES,סוכריות גומי,גרמים,100.00,100 גרם,false,1,4.90,4.90,true,1,
7296073265658,false,סוכריות גומי נשיקות100ג,טרולי,ES,סוכריות גומי,גרמים,100.00,100 גרם,false,1,4.90,4.90,true,1,
7296073266310,false,"רסק תפו""ע ללת""ס 113*4 גר",FOODS HUIZIANG JIANGSU,CN,"רסק תפו""ע 4יח",גרמים,452.00,100 גרם,false,1,11.90,2.63,true,1,
7296073267195,false,צמר גפן רפואי שופרס100*2,SANAVI A.P,TR,זוג צמר גפן,גרמים,200.00,100 גרם,false,1,7.90,3.95,true,1,
7296073267836,false,תרסיס בסיס תמצית שום40מל,FIRENZE TURCI,IT,תמצית תבלין,מיליליטרים,40.00,"100 מ""ל",false,1,7.90,19.75,true,1,
7296073267850,false,תרסיס בסיס תמצית כמהין40,FIRENZE TURCI,IT,תמצית תבלין,מיליליטרים,40.00,"100 מ""ל",false,1,7.90,19.75,true,1,
7296073270300,false,תבניות אלומיניום קטנות15,.,IL,תבנית קטנה,יחידה,1.00,יחידה,false,1,12.90,12.90,true,1,
7296073270331,false,תבנית אלומיניום ענקית 5י,.,IL,תבנית ענקיות,יחידה,1.00,יחידה,false,1,12.90,12.90,true,1,
7296073270348,false,תבנית אלומיניום קטנה 10י,.,IL,תבנית קטנה,יחידה,1.00,יחידה,false,1,12.90,12.90,true,1,
7296073271567,false,ממרח זיתים ירוקים 190 גר,SPA POLLI F.LLI,IT,ממרח זיתים ירוק,גרמים,190.00,100 גרם,false,1,10.00,5.26,true,1,
7296073271574,false,ממרח זיתים שחורים 190גרם,SPA POLLI F.LLI,IT,ממרח זיתים,גרמים,190.00,100 גרם,false,1,10.00,5.26,true,1,
7296073272236,false,קפסולות בטעם קרמל 50 גרם,רוני רג'ואן ושות,IL,קפסולות קרמל,גרמים,50.00,100 גרם,false,1,14.90,29.80,true,1,
7296073272540,false,סילאן טבעי לחיץ 400 גרם,חצר כנרת מוצרי תמר,IL,סילאן טבעי לחיץ,גרמים,400.00,100 גרם,false,1,14.90,3.73,true,1,
7296073274247,false,גבינה צהובה 28% 150 גרם,MEKOVITA,PL,גבינה צהובה,גרמים,150.00,100 גרם,false,1,6.30,4.20,true,1,
7296073276838,false,עוג.כפריות ל.ג. גרין200ג,מאפ גדרון,IL,עוגיות כפריות,גרמים,200.00,100 גרם,false,1,18.90,9.45,true,1,
7296073276845,false,עוג.שוק.ציפס ל.ג גרין200,מאפ גדרון,IL,עוג.שוקולד ציפס,גרמים,200.00,100 גרם,false,1,18.90,9.45,true,1,
7296073277279,false,לקט להקפצה אסיאתי 500גרם,"פרסקו חצבה 2006 בע""\מ",IL,לקט להקפצה,גרמים,500.00,100 גרם,false,1,14.90,2.98,true,1,
7296073281696,false,מגבוני טואלט לילד 40*3יח,שופרסל,IL,"מגבוני נ""ט לילד",יחידה,1.00,יחידה,false,1,9.80,9.80,true,1,
7296073283089,false,תות עץ ארוז שקיל,משק 32 גידולים חקלאים,IL,תות עץ ארוז,גרמים,0.00,"ק""ג",true,1,149.00,149.00,true,1,
7296107000002,false,מלפפון 9-7 במלח 600 ג' פרי חן,פרי חן,IL,מלפפונים במלח,גרמים,540.00,100 גרם,false,0,5.50,1.02,true,1,
7297488098152,false,דגש קמח חומוס ללא גל,אף.סי תבליני בגליל ב,IL,קמח חומוס,גרמים,500.00,100 גרם,false,0,14.80,2.96,true,1,
7610400074155,false,לינדט לינדור קוביות במילוי קרם שוקולד 60% מוצקי קקאו 100 גרם,לינדט ושפרונגלי קילשברג,CH,שוקולד לינדור,גרמים,100.00,100 גרם,false,0,11.90,11.90,true,1,
7613033548192,false,פיטנס - דגני בוקר שוקולד מריר 375 גרם,נסטלה צרפת איטנקורט,FR,פיטנס שוקולד,גרמים,375.00,100 גרם,false,0,21.90,5.84,true,1,
7613035548374,false,דגני בוקר גולדן מיניס מחיטה מלאה ותירס,נסטלה פולין דגני בוק,FR,דגני גולדן מיניס,גרמים,570.00,100 גרם,false,1,17.90,3.14,true,1,
7613035809109,false,פרפקטו רוטב עגבניות ובזיליקום אסם 400 גרם,אסם פרפקטו Perfecto,ES,רוטב עגבניות,גרמים,400.00,100 גרם,false,1,7.90,1.98,true,1,
7617014149293,false,קפסולות קפה,,CH,קפסולות קפה,גרמים,96.00,100 גרם,false,0,25.00,26.04,true,1,
7617014149316,false,קפסולות קפה,,CH,קפסולות קפה,גרמים,96.00,100 גרם,false,0,25.00,26.04,true,1,
7617014149408,false,קפסולות קפה פר מקיאטו96ג,,CH,קפסולות קפה,גרמים,96.00,100 גרם,false,0,25.00,26.04,true,1,
7617014153634,false,קפסולות קפה,,CH,קפסולות קפה,גרמים,96.00,100 גרם,false,0,25.00,26.04,true,1,
7702018997053,false,12 סכ.גילוח פיוז'ן פאוור,פרוקטר & גמבל,DE,סכיני גילוח,יחידה,1.00,יחידה,false,0,179.00,179.00,true,1,
7891024124826,false,קולגייט משחת אופטיק ספרקלינג וייט 75מל,הנסיך- מפעל לייצור ט,BR,משחת קולגייט,מיליליטרים,75.00,"100 מ""ל",false,0,21.90,29.20,true,1,
7891024179482,false,"שטיפת פה קולגייט אופטיק וייט 500מ""ל",יבואן ומשווק: ש. שסט,PL,מי פה קולגייט,מיליליטרים,500.00,"100 מ""ל",false,0,24.90,4.98,true,1,
7898925542766,false,אסאי ברזיל 100 גרם,,BR,אסאי ברזיל,גרמים,100.00,100 גרם,false,0,11.10,11.10,true,1,
8000380004911,false,קוביות וופל קואדרטיני Quadratini קרם אגוזים,קריניציה ויטמינה אס,AT,ופל קואדרטיני,גרמים,250.00,100 גרם,false,0,13.90,5.56,true,1,
8000380180721,false,לואקר וופל קקאו במילוי קרם חלבי 175 גר,קריניציה ויטמינה אס,AT,וופל לואקר,גרמים,175.00,100 גרם,false,1,10.00,5.71,true,1,
8000380180745,false,וופל קוביות קקאו במילוי קרם חלב לואקר 250 גרם,"א. לואקר, קונפקט ג'י",AT,וופל קואדרטיני,גרמים,250.00,100 גרם,false,1,13.90,5.56,true,1,
8000500023624,false,חטיפי הפי היפו Happy Hippo במילוי קרם חלב וקקאו,פררו - אלבה,IT,קינדר הפי היפו,גרמים,102.00,100 גרם,false,0,11.90,11.67,true,1,
8000500023976,false,בונבוניירת רפאלו פררו 150 גרם,פררו - אלבה,PL,בונבונ.רפאלו,גרמים,150.00,100 גרם,false,0,15.90,10.60,true,1,
8001090162496,false,טבליות כביסה אריאל 42 יח,פרוקטר & גמבל,FR,טבליות לכביסה,יחידה,1.00,יחידה,false,1,46.90,46.90,true,1,
8001129180729,false,פסטה צינורות 500 גרם,FERRARA GUIDO PASTIFICIO,IT,פסטה צינורות,גרמים,500.00,100 גרם,false,1,4.90,0.98,true,1,
8005110060007,false,מוטי עגבניות מקולפות 400 גר,מוטי אס.פי.איי,IT,עגבניות מקולפות,גרמים,400.00,100 גרם,false,0,6.70,1.68,true,1,
8005110551215,false,רוטב לפיצה 400 גר MU,מוטי פארמה,IT,רוטב לפיצה,גרמים,400.00,100 גרם,false,1,8.90,2.23,true,1,
8005803010661,false,"מקלות אפויים עם שמן זית, מלח, ושומשום, 125 גרם, אמור די פאן","הוסטה איטליה, ס.ר.ל.",IT,גריסיני שומשום,גרמים,125.00,100 גרם,false,1,7.90,6.32,true,1,
8017128301270,false,יעה פס גומי,המברשת רוחמה,IL,יעה פס גומי,יחידה,1.00,יחידה,false,0,6.90,6.90,true,1,
8017938005122,false,"נטורפוד חומץ תפוחים אורגני 750 מ""ל",מריה לוצ'יה מלצ'יורי,IT,ח. תפוחים אורגני,מיליליטרים,750.00,"100 מ""ל",false,0,18.50,2.47,true,1,
8076800195019,false,ברילה - צ.א ספגטי מס1 קפליני 500 גרם,ברילה גי.אי.אר פרטלי ס.פ,IT,ספגטי ברילה,גרמים,500.00,100 גרם,false,0,6.90,1.38,true,1,
8076800315097,false,פסטה מקרוני בוקטיני מספר 9 ברילה 500 גרם,ברילה גי.אי.אר פרטלי ס.פ,IT,ספגטי בוקטיני,גרמים,500.00,100 גרם,false,0,6.90,1.38,true,1,
8076802085936,false,פסטה ברילה קונצ'יגלי ריגטה 500 גרם,ברילה גי.אי.אר פרטלי ס.פ,IT,קונצ'יליה,גרמים,500.00,100 גרם,false,0,6.90,1.38,true,1,
8076808060654,false,פסטה פרפלה מספר 65 ברילה 500 גרם,ברילה גי.אי.אר פרטלי ס.פ,IT,פסטה פרפלה ברילה,גרמים,500.00,100 גרם,false,0,6.90,1.38,true,1,
8076808070882,false,קנלוני מספר 88 ברילה 250 גרם,פאסטיפיקו ריגו אס.אר,IT,קנלוני ברילה,גרמים,250.00,100 גרם,false,0,14.50,5.80,true,1,
8076809513654,false,בסיס רוטב עגבניות לבולונז ברילה 400 גרם,ברילה גי.אי.אר פרטלי ס.פ,IT,בסיס לרוטב,גרמים,400.00,100 גרם,false,0,13.90,3.48,true,1,
8690572775707,false,"שמפו גליס לשיקום650 מ""ל",הובי קוסמטיקס,TR,שמפו גליס,מיליליטרים,650.00,"100 מ""ל",false,1,15.90,2.45,true,1,
8690637073373,false,תה שחור ברגמוט ארל גריי ליפטון 25 יחידות,יונילוור - תורכיה,TR,תה ארל גריי 25שק,גרמים,50.00,100 גרם,false,0,8.40,16.80,true,1,
8693495041461,false,קולגייט זוג מברשות שיניים סלים סופט פחם,הנסיך- מפעל לייצור ט,CN,זוג מברשות,יחידה,1.00,יחידה,false,0,29.90,29.90,true,1,
8696287071097,false,פח מיני לדלת ארון המטבח,.,TR,פח מיני,יחידה,1.00,יחידה,false,1,19.90,19.90,true,1,
8697530910750,false,סיגריות פאל מאל כחול ארוך האוס,Unknown,TR,פאל מאל חפ.,יחידה,1.00,יחידה,false,0,28.50,28.50,false,1,
8710502139017,false,עוגיות מרבה טריפל שוקולד שוקוצ'יפס 180ג',בנקטבקריי מרבה בי.וי,NL,עוגיות שוקוצ'יפס,גרמים,180.00,100 גרם,false,0,8.90,4.94,true,1,
8710502405204,false,עוגיות שוקולד צ'יפס עם קרם שוקולד מרבה 175 גרם,קריניציה ויטמינה אס,NL,עוגיות מרבה,גרמים,175.00,100 גרם,false,0,8.90,5.09,true,1,
8710908148293,false,אקס ספריי בלאק נייט 150מ,יוניליוור,GB,אקס ספריי גוף,מיליליטרים,150.00,"100 מ""ל",false,1,14.90,9.93,true,1,
8710908688683,false,דאו.אקס ספריי אורבן 150,יוניליוור,GB,דאו.אקס,מיליליטרים,150.00,"100 מ""ל",false,1,14.90,9.93,true,1,
8711600656437,false,ג'ל רחצה אקס ספורט 400מ,יוניליוור,DE,ג'ל רחצה אקס,מיליליטרים,400.00,"100 מ""ל",false,1,9.90,2.48,true,1,
8712400802536,false,תרכובת מזון המשך לפעוטות על בסיס חלב שלב 3,נוטרישיה קאלק ב. ו.,NL,נוטרילון שלב3-,גרמים,800.00,100 גרם,false,0,59.90,7.49,true,1,
8712561594608,false,"דאב תחליב רחיצה להזנה עמוקה 750 מ""ל","יוניליוור גרמניה, Gmbh &",DE,תחליב רחצה דאב,מיליליטרים,750.00,"100 מ""ל",false,1,15.90,2.12,true,1,
8712561802987,false,תחל.רחצה דאב מנדרינה750מ,יוניליוור,DE,תחליב רחצה דאב,מיליליטרים,750.00,"100 מ""ל",false,1,15.90,2.12,true,1,
8714599513866,false,"קפה נמס מיובש בהקפאה קרונג צנצנת ג'ייקובס 200 גרם לל""ס",אל.אל.סי גייקובס דאו,RU,קפה נמס ג'קובס,גרמים,200.00,100 גרם,false,1,21.90,10.95,true,1,
8714789791913,false,אג'קס פרחי לוטוס 1.5 ל,קולגייט-פלמוליב,GR,אג'קס פרחי לוטוס,ליטרים,1.50,ליטר,false,0,19.90,13.27,true,1,
8714789861852,false,קולגייט מקס פרש קלין100מ,קולגייט-פלמוליב,PL,משחת קולגייט,מיליליטרים,100.00,"100 מ""ל",false,1,19.90,19.90,true,1,
8714789930848,false,"משחת שיניים אופטיק וייט הלבנה מיידית קולגייט 75 מ""ל",הנסיך- מפעל לייצור ט,PL,משחת קולגייט,מיליליטרים,75.00,"100 מ""ל",false,0,21.90,29.20,true,1,
8715700115849,false,מתבל עגבניות היינץ1.35קג,היינץ,NL,מתבל עגבניות,קילוגרמים,1.35,"ק""ג",false,1,19.90,14.74,true,1,
8715700422367,false,מיונז לייט היינז 420ג',ה.י.היינץ,ES,מיונז היינץ לייט,גרמים,420.00,100 גרם,false,1,10.00,2.38,true,1,
8715700422381,false,מיונז אמיתי היינץ 420 גרם,היינץ,ES,מיונז היינץ,גרמים,420.00,100 גרם,false,1,10.00,2.38,true,1,
8715700423777,false,מתבל עגב.מופחת סוכר ומלח,היינץ,NL,מתבל עגבניות,גרמים,555.00,100 גרם,false,1,11.50,2.07,true,1,
8722700001225,false,תה פרמידה מנגו אפרסק20שק,יוניליוור,BE,תה פרמידה,גרמים,36.00,100 גרם,false,0,15.10,41.94,true,1,
8801055706976,false,נסקפה קפוצינו וניל 10*18.5 גרם,נסטלה קוריאה - קפה,KR,קפוצ'ינו וניל,גרמים,185.00,100 גרם,false,0,19.30,10.43,true,1,
8850180040028,false,קמח טמפורה להכנת בלי,קרנחם אוטאי פחרה,TH,טמפורה,גרמים,500.00,100 גרם,false,0,8.90,1.78,true,1,
8850206066032,false,"רוטב סויה שחור 700 מ""ל",יאן ואל יון,TH,רוטב סויה שחור,מיליליטרים,700.00,"100 מ""ל",false,0,14.80,2.11,true,1,
8850206224135,false,"רוטב טריאקי 250 מ""ל",יאן ואל קורפוריישן גרופ,TH,רוטב טריאקי,מיליליטרים,250.00,"100 מ""ל",false,0,13.80,5.52,true,1,
8850367992164,false,קרם קוקוס 250 מל 20-22% ללא חומר משמר,טאפאדונגפורן קוקנט,TH,קרם קוקוס,מיליליטרים,250.00,"100 מ""ל",false,0,8.40,3.36,true,1,
8850367992980,false,"נוזל אגוזי קוקוס 400 מ""ל ""מזרח ומערב""",c coconut Theppadungporn,TH,נוזל קוקוס מופחת,ליטרים,0.40,ליטר,false,1,5.90,14.75,true,1,
8850632604259,false,"יוגטה, חיספוסים, ממתק חמוץ בצורת מקלות בטעם תות שדה,50 גרם",ג'נרל קנדי בעמ,TH,יוגטה ממתק חמוץ,גרמים,50.00,100 גרם,false,0,4.60,9.20,true,1,
8858671520011,false,פנקו פירורי לחם 200,Malinee Food Product,CN,פנקו פרוי לחם,גרמים,200.00,100 גרם,false,0,8.80,4.40,true,1,
8934878081811,false,"דפי אורז 22 ס""מ 400 גר'(Trav) ללא גלוטן",דאנינג יוה פודס קו,VN,דפים קמח טפיוקה,גרמים,400.00,100 גרם,false,0,11.90,2.98,true,1,
9001616202377,false,מאם מוצצים סיליקון 0-6 לילה זוהרים תכלת,General,AT,זוג מוצצים,יחידה,1.00,יחידה,false,0,39.50,39.50,true,1,
9001616203329,false,זוג ידיות לבקבוקי מאמ,.,CN,זוג ידיות לבקבוק,יחידה,1.00,יחידה,false,0,23.10,23.10,true,1,
9310072028750,false,טים טם Tim Tam וופל שוקולד ציפוי כפול,"ארנוטס ביסקוויטס בע""",AU,טים טם דאבל,גרמים,200.00,100 גרם,false,1,15.80,7.90,true,1,
9720188060108,false,ממרח על בסיס סויה בסגון שמנת טופוטי 340 גרם,טופוטי ברנדס אינק.ג',IL,ממרח טופו שמנת,גרמים,340.00,100 גרם,false,0,19.90,5.85,true,1,
