code,internal_code,name,manufacturer_name,manufacture_country,manufacturer_item_description,unit_qty,quantity,unit_of_measure,weighted,qty_in_package,price,unit_of_measure_price,allow_discount,status,item_id
13,true,עגבניות שרי אשכול,,,עגבניות שרי אשכול,קילוגרמים,1.00,"ק""ג",true,,17.90,17.9000,true,1,230245
16,true,עגבניות שרי לובלו,,,עגבניות שרי וורוד,קילוגרמים,1.00,"ק""ג",true,,24.90,24.9000,true,1,316764
17,true,עגבניה מגי,,,עגבניה מגי,קילוגרמים,1.00,"ק""ג",true,,16.90,16.9000,true,1,250237
19,true,עגבניה שרי מנומר,,,עגבניה שרי מנומר,קילוגרמים,1.00,"ק""ג",true,,24.90,24.9000,true,1,242129
20,true,מלפפון,,,מלפפון,קילוגרמים,1.00,"ק""ג",true,,7.90,7.9000,true,1,230062
21,true,עגבניות שרי צהוב,,,עגבניות שרי צהוב,קילוגרמים,1.00,"ק""ג",true,,24.90,24.9000,true,1,309113
31,true,גזר ארוז,,,גזר ארוז,קילוגרמים,1.00,"ק""ג",true,,4.90,4.9000,true,1,230063
40,true,סלק,,,סלק,קילוגרמים,1.00,"ק""ג",true,,6.90,6.9000,true,1,230065
50,true,כרוב לבן,,,כרוב לבן,קילוגרמים,1.00,"ק""ג",true,,4.90,4.9000,true,1,230066
51,true,כרוב אדום,,,כרוב אדום,קילוגרמים,1.00,"ק""ג",true,,7.90,7.9000,true,1,230067
61,true,פטריות שמפיניון,,,פטריות שמפיניון,קילוגרמים,1.00,"ק""ג",true,,41.90,41.9000,true,1,229703
71,true,צנון,,,צנון,קילוגרמים,1.00,"ק""ג",true,,7.90,7.9000,true,1,230070
93,true,בצל יבש,,,בצל יבש,קילוגרמים,1.00,"ק""ג",true,,5.90,5.9000,true,1,230073
105,true,זנגויל גינגר טרי,,,זנגויל טרי,קילוגרמים,1.00,"ק""ג",true,,25.00,25.0000,true,1,230076
110,true,בטטה מתוקה,,,בטטה מתוקה,קילוגרמים,1.00,"ק""ג",true,,9.90,9.9000,true,1,230077
131,true,דלורית,,,דלורית,קילוגרמים,1.00,"ק""ג",true,,5.90,5.9000,true,1,230079
151,true,פלפל ירוק כהה,,,פלפל ירוק כהה,קילוגרמים,1.00,"ק""ג",true,,10.90,10.9000,true,1,230081
152,true,פלפל ירוק חריף,,,פלפל ירוק חריף,קילוגרמים,1.00,"ק""ג",true,,11.90,11.9000,true,1,230082
153,true,פלפל אדום,,,פלפל אדום,קילוגרמים,1.00,"ק""ג",true,,12.90,12.9000,true,1,230083
154,true,פלפל צהוב,,,פלפל צהוב,קילוגרמים,1.00,"ק""ג",true,,12.90,12.9000,true,1,230084
156,true,פלפל כתום,,,פלפל כתום,קילוגרמים,1.00,"ק""ג",true,,12.90,12.9000,true,1,230085
157,true,פלפל שושקה,,,פלפל שושקה,קילוגרמים,1.00,"ק""ג",true,,14.90,14.9000,true,1,230086
160,true,לפת,,,לפת,קילוגרמים,1.00,"ק""ג",true,,7.90,7.9000,true,1,230087
161,true,פלפל בהיר,,,פלפל בהיר,קילוגרמים,1.00,"ק""ג",true,,10.90,10.9000,true,1,230088
169,true,דלעת ערמונים,,,דלעת ערמונים,קילוגרמים,1.00,"ק""ג",true,,15.90,15.9000,true,1,231615
170,true,קולורבי,,,קולורבי,קילוגרמים,1.00,"ק""ג",true,,9.90,9.9000,true,1,230089
180,true,קישואים,,,קישואים,קילוגרמים,1.00,"ק""ג",true,,9.90,9.9000,true,1,229667
182,true,קישוא כרעה,,,קישוא כרעה,קילוגרמים,1.00,"ק""ג",true,,11.90,11.9000,true,1,230349
185,true,קישוא זוקיני,,,קישוא זוקיני ירוק,קילוגרמים,1.00,"ק""ג",true,,12.90,12.9000,true,1,230091
195,true,לוביה,,,לוביה,קילוגרמים,1.00,"ק""ג",true,,39.90,39.9000,true,1,230224
200,true,תירס ארוז,,,תירס ארוז,קילוגרמים,1.00,"ק""ג",true,,8.90,8.9000,true,1,230094
210,true,שום לח,,,שום לח,קילוגרמים,1.00,"ק""ג",true,,21.90,21.9000,true,1,230095
240,true,פול ירוק,,,פול ירוק,קילוגרמים,1.00,"ק""ג",true,,12.90,12.9000,true,1,229670
265,true,פלפל רומרו,,,פלפל רומרו,קילוגרמים,1.00,"ק""ג",true,,14.90,14.9000,true,1,230101
284,true,שום,,,שום יבש,קילוגרמים,1.00,"ק""ג",true,,25.00,25.0000,true,1,230102
288,true,תפוא אדום ארוז,,,תפוא אדום ארוז,קילוגרמים,1.00,"ק""ג",true,,6.90,6.9000,true,1,230103
290,true,תפוא לבן ארוז,,,תפוא לבן ארוז,קילוגרמים,1.00,"ק""ג",true,,6.90,6.9000,true,1,229661
292,true,בטטה קסביה,,,בטטה קסביה,קילוגרמים,1.00,"ק""ג",true,,16.90,16.9000,true,1,230104
307,true,שומר,,,שומר,קילוגרמים,1.00,"ק""ג",true,,8.90,8.9000,true,1,230106
310,true,מלון,,,מלון,קילוגרמים,1.00,"ק""ג",true,,6.90,6.9000,true,1,230107
319,true,אבטיח מיני,,,אבטיח מיני,קילוגרמים,1.00,"ק""ג",true,,7.90,7.9000,true,1,230242
331,true,תות שדה בקופסא,,,תות שדה במשקל,Unknown,0.00,Unknown,false,,24.90,0.0000,true,1,343211
357,true,תמר מגהול גמבו איכות,,,תמר מגהול גמבו איכות ייצוא 5 קג,קילוגרמים,1.00,"ק""ג",true,,45.00,45.0000,true,1,340715
374,true,פטריות שמפניון ארוז,,,פטריות שמפניון ארוז 250 ג,Unknown,0.00,Unknown,false,1,9.90,0.0000,true,1,231777
504,true,תפוז למיץ ברשת,,,תפוז למיץ ברשת,קילוגרמים,1.00,"ק""ג",true,,6.90,6.9000,true,1,230120
513,true,קלמנטינות,,,קלמנטינות,קילוגרמים,1.00,"ק""ג",true,,8.90,8.9000,true,1,230514
520,true,אשכוליות,,,אשכוליות,קילוגרמים,1.00,"ק""ג",true,,7.90,7.9000,true,1,230123
525,true,פומלית,,,פומלית,קילוגרמים,1.00,"ק""ג",true,,7.90,7.9000,true,1,230125
530,true,לימון,,,לימון,קילוגרמים,1.00,"ק""ג",true,,9.90,9.9000,true,1,230126
540,true,בננות,,,בננות,קילוגרמים,1.00,"ק""ג",true,,7.90,7.9000,true,1,230127
546,true,קוקוס יחידה,,,קוקוס יחידה,Unknown,0.00,Unknown,false,1,5.90,0.0000,true,1,230511
561,true,אבוקדו,,,אבוקדו,קילוגרמים,1.00,"ק""ג",true,,14.90,14.9000,true,1,230129
570,true,רימון,,,רימון,קילוגרמים,1.00,"ק""ג",true,,11.90,11.9000,true,1,230130
573,true,פומלה,,,פומלה,קילוגרמים,1.00,"ק""ג",true,,8.90,8.9000,true,1,229967
603,true,אגס,,,אגס,קילוגרמים,1.00,"ק""ג",true,,15.90,15.9000,true,1,229660
605,true,קיווי,,,קיווי,קילוגרמים,1.00,"ק""ג",true,,19.90,19.9000,true,1,230137
606,true,אגס אדום,,,אגס אדום/חום,קילוגרמים,1.00,"ק""ג",true,,15.90,15.9000,true,1,230136
610,true,סברס,,,סברס,קילוגרמים,1.00,"ק""ג",true,,34.90,34.9000,true,1,230135
620,true,גויאבות,,,גויאבות,קילוגרמים,1.00,"ק""ג",true,,19.90,19.9000,true,1,230138
660,true,מנגו,,,מנגו,קילוגרמים,1.00,"ק""ג",true,,14.90,14.9000,true,1,230143
683,true,אפרסמון קרמבו,,,אפרסמון קרמבו,קילוגרמים,1.00,"ק""ג",true,,15.90,15.9000,true,1,247419
695,true,אננס,,,אננס,קילוגרמים,1.00,"ק""ג",true,,35.00,35.0000,true,1,232711
756,true,תפוח עץ קריספ פינק,,,תפוח עץ קריספ פינק,קילוגרמים,1.00,"ק""ג",true,,19.90,19.9000,true,1,227781
763,true,שזיף אבטיח,,,שזיף אבטיח,קילוגרמים,1.00,"ק""ג",true,,21.90,21.9000,true,1,250388
785,true,תפוח עץ גאלה,,,תפוח עץ גאלה,קילוגרמים,1.00,"ק""ג",true,,11.90,11.9000,true,1,230150
787,true,תפוח עץ ענה,,,תפוח עץ אנה,קילוגרמים,1.00,"ק""ג",true,,9.90,9.9000,true,1,230923
790,true,תפוח עץ יונתן,,,תפוח עץ יונתן,קילוגרמים,1.00,"ק""ג",true,,11.90,11.9000,true,1,230151
851,true,שזיף אדום,,,שזיף אדום,קילוגרמים,1.00,"ק""ג",true,,16.90,16.9000,true,1,230155
852,true,שזיף שגיב,,,שזיף שגיב,קילוגרמים,1.00,"ק""ג",true,,15.90,15.9000,true,1,230269
855,true,שזיף צהוב,,,שזיף צהוב,קילוגרמים,1.00,"ק""ג",true,,21.90,21.9000,true,1,230244
862,true,לימון סיני,,,לימון ננסי סיני,קילוגרמים,1.00,"ק""ג",true,,10.90,10.9000,true,1,313569
866,true,פטיה צהובה יח,,,פטיה צהובה יח,Unknown,0.00,Unknown,false,1,15.90,0.0000,true,1,230157
867,true,פטיה ורודה יח,,,פטיה ורודה יח,Unknown,0.00,Unknown,false,1,16.90,0.0000,true,1,252667
870,true,משמש,,,משמש,קילוגרמים,1.00,"ק""ג",true,,22.90,22.9000,true,1,230158
880,true,קובו,,,קובו,קילוגרמים,1.00,"ק""ג",true,,24.90,24.9000,true,1,310081
890,true,תמר צהוב,,,תמר צהוב,קילוגרמים,1.00,"ק""ג",true,,16.90,16.9000,true,1,230294
1020,true,דמי פקדון 1.20 שח רב,,,דמי פקדון 1.20 שח רביעיה,Unknown,0.00,Unknown,false,1,1.20,0.0000,true,1,228599
1104,true,פטריות פורטובלה יח,,,פטריות פורטובלה יח,Unknown,0.00,Unknown,false,1,11.90,0.0000,true,1,227028
3337,true,זית ממולא כל הסוגים,,,זית ממולא כל הסוגים במשקל,קילוגרמים,1.00,"ק""ג",true,,59.00,59.0000,true,1,317829
3375,true,חמוצים במשקל,,,חמוצים במשקל,קילוגרמים,1.00,"ק""ג",true,,42.00,42.0000,true,1,310152
3382,true,זיתים ירוקים כל הסוג,,,זיתים ירוקים כל הסוגים,קילוגרמים,1.00,"ק""ג",true,,59.00,59.0000,true,1,310153
3399,true,זית שחור כל הסוגים,,,זית שחור כל הסוגים,קילוגרמים,1.00,"ק""ג",true,,59.00,59.0000,true,1,310154
4075,true,בוטן בציפוי טבעי,D.D מנצ'ה אסרי,,בוטן בציפוי טבעי,קילוגרמים,1.00,"ק""ג",true,,65.00,65.0000,true,1,305964
4082,true,בוטן בציפוי שום,D.D מנצ'ה אסרי,אנדונזיה,עלי זוטה לבנה במשקל,קילוגרמים,1.00,"ק""ג",true,,65.00,65.0000,true,1,305965
6062,true,עוגת קראנץ בטעמים יח,בונז'ור,,עוגת קראנץ בטעמים יח,Unknown,0.00,Unknown,false,1,25.90,0.0000,true,1,306711
6109,true,מארז 5 יח שליש בגט,בונז'ור,,מארז 5 יח שליש בגט,Unknown,0.00,Unknown,false,1,9.90,0.0000,true,1,234003
6116,true,מארז5לחמניות כריך/קש,בונז'ור,,מארז5לחמניות כריך/קשר/קלועה,Unknown,0.00,Unknown,false,1,12.90,0.0000,true,1,234004
6154,true,לחמניה סוגים שונים,בונז'ור,,לחמניה סוגים שונים,Unknown,0.00,Unknown,false,1,2.90,0.0000,true,1,234231
6161,true,בייגל בטעמים,בונז'ור,,בייגל בטעמים,Unknown,0.00,Unknown,false,1,4.50,0.0000,true,1,318857
6192,true,עוגיות שוקוציפס,בונז'ור,,לחם מתובל שום ושמיר,קילוגרמים,1.00,"ק""ג",true,,56.90,56.9000,true,1,234752
6215,true,בורקס פילו בטעמים,בונז'ור,,בורקס פילו בטעמים,קילוגרמים,1.00,"ק""ג",true,,50.00,50.0000,true,1,237588
6222,true,סופגניה מיני,בונז'ור,,סופגניה מיני,Unknown,0.00,Unknown,false,1,3.00,0.0000,true,1,235937
6246,true,מארז 3 יח פיתה פרנה,בונז'ור,,לחמנית המבורגר מיני10 יח,Unknown,0.00,Unknown,false,1,16.90,0.0000,true,1,326454
6253,true,שלישיית לחם שום,בונז'ור,,שלישיית לחם שום,Unknown,0.00,Unknown,false,1,10.90,0.0000,true,1,240519
6338,true,מארז8 מיני סופגניות,בונז'ור,,מארז8 מיני סופגניות,Unknown,0.00,Unknown,false,1,20.00,0.0000,true,1,235938
6345,true,עוגת בריוש בטעמים,בונז'ור,,עוגת בריוש בטעמים,Unknown,0.00,Unknown,false,1,30.00,0.0000,true,1,236400
6352,true,נשיקות מרנג במשקל,,,נשיקות מרנג במשקל,קילוגרמים,1.00,"ק""ג",true,,95.00,95.0000,true,1,236401
6376,true,מארז 5 יח חצי בגט,בונז'ור,,מארז 5 יח חצי בגט,גרמים,100.00,100 גרם,false,1,14.90,14.9000,true,1,250344
6383,true,לחם שום,בונז'ור,,לחם שום,Unknown,0.00,Unknown,false,1,4.50,0.0000,true,1,238284
6406,true,כדורי לחם שום,בונז'ור,,לחם עם תוספות,Unknown,0.00,Unknown,false,1,15.90,0.0000,true,1,245728
6444,true,בגט רוסטיק מחמצת/דגנ,בונז'ור,,בגט מחמצת,Unknown,0.00,Unknown,false,1,9.90,0.0000,true,1,254379
6468,true,לחמי מחמצת בונזור,בונז'ור,,לחם מחמצת,Unknown,0.00,Unknown,false,1,17.90,0.0000,true,1,254114
7007,true,עוף בגריל שלם,,,עוף בגריל שלם,קילוגרמים,1.00,"ק""ג",true,,35.00,35.0000,true,1,239249
7014,true,קציצות דגים מטוגנות,,,קציצות דגים מטוגנות,קילוגרמים,1.00,"ק""ג",true,,65.00,65.0000,true,1,236420
7038,true,שווארמה,,,שווארמה,קילוגרמים,1.00,"ק""ג",true,,75.00,75.0000,true,1,236422
7045,true,לטקס,,,לטקס,קילוגרמים,1.00,"ק""ג",true,,65.00,65.0000,true,1,239853
7229,true,סופגניה מיני מצופה,בונז'ור,,סופגניה מיני מצופה,יחידה,1.00,יחידה,false,1,3.50,3.5000,true,1,236428
7656,true,עוגיות מזרחיות,ממתקי אל מוכתר,,בורמה,קילוגרמים,1.00,"ק""ג",true,,100.00,100.0000,true,1,314297
8776,true,פלפלים כבושים,,,פלפלים כבושים,קילוגרמים,1.00,"ק""ג",true,,45.00,45.0000,true,1,252964
8912,true,אסאדו /אוסובוקו עגל,,,אסדו עגל,קילוגרמים,1.00,"ק""ג",true,,129.00,129.0000,true,1,234435
9001,true,תבלינים ב 70 שח לקג,,,תבלינים ב 70 שח לקג,קילוגרמים,1.00,"ק""ג",true,,70.00,70.0000,true,1,233950
9018,true,תערובות תיבול ב90שח,,,תערובות תיבול ב90שח לקג,קילוגרמים,1.00,"ק""ג",true,,90.00,90.0000,true,1,233951
9025,true,תבלינים מיוחדים ב100,,,תבלינים מיוחדים ב100שח לקג,קילוגרמים,1.00,"ק""ג",true,,100.00,100.0000,true,1,233952
9032,true,תבלינים ב40 שח לקג,,,תבלינים ב40 שח לקג,קילוגרמים,1.00,"ק""ג",true,,40.00,40.0000,true,1,236144
9056,true,מוסקט שלם/טחון/ארבע,,,מוסקט שלם/טחון/ארבע עונות,קילוגרמים,1.00,"ק""ג",true,,170.00,170.0000,true,1,227094
9384,true,פרגית ממולא,,,פרגית ממולא,קילוגרמים,1.00,"ק""ג",true,,80.00,80.0000,true,1,235187
9391,true,צלי עגל חלב,,,צלי עגל חלב/כתף טלה,קילוגרמים,1.00,"ק""ג",true,,129.00,129.0000,true,1,235186
9452,true,כרעיים עוף,,,כרעיים עוף,קילוגרמים,1.00,"ק""ג",true,,48.00,48.0000,true,1,234000
9469,true,כנפיים עוף,,,כנפיים עוף,קילוגרמים,1.00,"ק""ג",true,,39.00,39.0000,true,1,234001
9476,true,סטייק פרגיות על האש,,,סטייק פרגיות עוף,קילוגרמים,1.00,"ק""ג",true,,85.00,85.0000,true,1,234002
9490,true,פחמימות/קטניות,,,פחמימות/קטניות,קילוגרמים,1.00,"ק""ג",true,,36.00,36.0000,true,1,234015
9506,true,פסטה ברוטב,,,פסטה ברוטב,קילוגרמים,1.00,"ק""ג",true,,45.00,45.0000,true,1,234016
9513,true,גולש,,,גולש,קילוגרמים,1.00,"ק""ג",true,,85.00,85.0000,true,1,234022
9520,true,בקר סיני,,,בקר סיני,קילוגרמים,1.00,"ק""ג",true,,80.00,80.0000,true,1,234023
9537,true,ירקות מבושלים,,,ירקות מבושלים,קילוגרמים,1.00,"ק""ג",true,,40.00,40.0000,true,1,234024
9544,true,קציצות עוף/בקר,,,קציצות עוף/בקר,קילוגרמים,1.00,"ק""ג",true,,70.00,70.0000,true,1,234025
9551,true,עוף סיני,,,עוף סיני,קילוגרמים,1.00,"ק""ג",true,,70.00,70.0000,true,1,234026
9568,true,שניצל/שניצלוני עוף,,,שניצל/שניצלוני עוף,קילוגרמים,1.00,"ק""ג",true,,75.00,75.0000,true,1,234027
9582,true,תבשיל בורגול עם פרגי,,,תבשיל בורגול עם פרגיות,קילוגרמים,1.00,"ק""ג",true,,66.00,66.0000,true,1,234048
9599,true,כתף בקר,,,כתף בקר,קילוגרמים,1.00,"ק""ג",true,,90.00,90.0000,true,1,234049
9636,true,כיסונים,,,כיסונים,קילוגרמים,1.00,"ק""ג",true,,65.00,65.0000,true,1,234176
9643,true,ממולאים,,,ממולאים,קילוגרמים,1.00,"ק""ג",true,,68.00,68.0000,true,1,234177
9650,true,ארוחה,,,ארוחה,Unknown,0.00,Unknown,false,1,42.00,0.0000,true,1,234222
9704,true,סלטים,,,סלטים,קילוגרמים,1.00,"ק""ג",true,,40.00,40.0000,true,1,234256
9711,true,קוסקוס,,,קוסקוס,קילוגרמים,1.00,"ק""ג",true,,36.00,36.0000,true,1,234257
9742,true,פילה אמנון,,,פילה אמנון,קילוגרמים,1.00,"ק""ג",true,,85.00,85.0000,true,1,234260
9766,true,דג סול,,,דג סול,קילוגרמים,1.00,"ק""ג",true,,85.00,85.0000,true,1,234262
9773,true,סלמון ברוטב,,,סלמון ברוטב,קילוגרמים,1.00,"ק""ג",true,,125.00,125.0000,true,1,234263
9810,true,בשר ראש/גידים,,,בשר ראש/גידים,קילוגרמים,1.00,"ק""ג",true,,75.00,75.0000,true,1,234457
9841,true,לשון מבושל,,,לשון מבושל,קילוגרמים,1.00,"ק""ג",true,,90.00,90.0000,true,1,234489
9865,true,דג נסיכת הנילוס,,,דג נסיכת הנילוס,קילוגרמים,1.00,"ק""ג",true,,95.00,95.0000,true,1,234491
9872,true,כרובית מטוגנת,,,כרובית מטוגנת,קילוגרמים,1.00,"ק""ג",true,,55.00,55.0000,true,1,234492
9896,true,פטריות מוקפצות,,,פטריות מוקפצות,קילוגרמים,1.00,"ק""ג",true,,65.00,65.0000,true,1,234529
9902,true,סלטים מיוחדים,,,סלטים מיוחדים,קילוגרמים,1.00,"ק""ג",true,,45.00,45.0000,true,1,234566
9919,true,נודלס,,,נודלס,קילוגרמים,1.00,"ק""ג",true,,45.00,45.0000,true,1,234567
9940,true,קבב/נקניקיות,,,קבב/נקניקיות,קילוגרמים,1.00,"ק""ג",true,,85.00,85.0000,true,1,234687
9964,true,שוקיים עוף מצופה,,,שוקיים עוף מצופה,קילוגרמים,1.00,"ק""ג",true,,69.00,69.0000,true,1,234691
12636,true,מארז6 סופגניות גדולו,בונז'ור,,מארז6 סופגניות גדולות,Unknown,0.00,Unknown,false,1,22.00,0.0000,true,1,229358
900957,true,פילה סלמון פרימיום ט,,,פילה סלמון פרימיום טרי נורווגי,קילוגרמים,1.00,"ק""ג",true,,124.00,124.0000,true,1,343947
901534,true,צך עגל טרי,,,צך עגל טרי,קילוגרמים,1.00,"ק""ג",true,,79.90,79.9000,true,1,229501
901640,true,זנב עגל טרי,,,זנב עגל טרי,קילוגרמים,1.00,"ק""ג",true,,45.00,45.0000,true,1,229804
901961,true,שישלק טלה טרי,,,שישלק כבש טרי,קילוגרמים,1.00,"ק""ג",true,,150.00,150.0000,true,1,229806
903095,true,תות שדה פרימיום,,,תות שדה פרימיום,קילוגרמים,1.00,"ק""ג",true,,85.00,85.0000,true,1,229567
903200,true,שום כתוש מסעדות,,,שום כתוש מסעדות,קילוגרמים,1.00,"ק""ג",true,,76.00,76.0000,true,1,230329
903521,true,גבינת מנצגו כבשים במ,ספונדיז',,גבינת מנצגו כבשים במשקל,קילוגרמים,1.00,"ק""ג",true,,159.00,159.0000,true,1,229791
903774,true,גבינת עיזים קברה יין,,,גבינת עיזים קברה יין במשקל,קילוגרמים,1.00,"ק""ג",true,,189.00,189.0000,true,1,230740
903781,true,גבינת גרוייר שווצרי,המברוסי,,גבינת גרוייר שווצרי קלאסי במשקל,קילוגרמים,1.00,"ק""ג",true,,199.00,199.0000,true,1,230741
904726,true,בשר טלה טרי ללא עצם,,,בשר כבש טרי ללא עצם,קילוגרמים,1.00,"ק""ג",true,,150.00,150.0000,true,1,230775
904955,true,מטוגנים,,,מטוגנים,קילוגרמים,1.00,"ק""ג",true,,69.00,69.0000,true,1,229766
907970,true,פסטרמה כפרית טיב במש,,,פסטרמה כפרית טיב במשקל,קילוגרמים,1.00,"ק""ג",true,,52.00,52.0000,true,1,231437
910000,true,עוף טרי שלם,,,עוף טרי שלם,קילוגרמים,1.00,"ק""ג",true,,19.90,19.9000,true,1,230452
910017,true,עוף טרי מפורק,,,עוף טרי מפורק,קילוגרמים,1.00,"ק""ג",true,,20.90,20.9000,true,1,230453
910031,true,חזה עוף טרי שלם,,,חזה עוף טרי שלם,קילוגרמים,1.00,"ק""ג",true,,36.90,36.9000,true,1,230454
910062,true,בשר עוף טחון טרי,,,בשר עוף טחון טרי,קילוגרמים,1.00,"ק""ג",true,,36.90,36.9000,true,1,230456
910079,true,שניצל עוף טרי,,,שניצל עוף פרוס טרי,קילוגרמים,1.00,"ק""ג",true,,38.90,38.9000,true,1,230457
910093,true,כרעיים עוף טרי,,,כרעיים עוף טרי,קילוגרמים,1.00,"ק""ג",true,,28.90,28.9000,true,1,230458
910116,true,ירך עוף טרי,,,ירך עוף טרי,קילוגרמים,1.00,"ק""ג",true,,28.90,28.9000,true,1,230460
910130,true,שוקיים עוף טרי,,,שוקיים עוף טרי,קילוגרמים,1.00,"ק""ג",true,,32.90,32.9000,true,1,230462
910154,true,כנפיים עוף טרי,,,כנפיים עוף טרי,קילוגרמים,1.00,"ק""ג",true,,11.90,11.9000,true,1,230463
910178,true,לבבות עוף טרי,,,לבבות עוף טרי,קילוגרמים,1.00,"ק""ג",true,,29.90,29.9000,true,1,230465
910192,true,כבד עוף טרי,,,כבד עוף טרי,קילוגרמים,1.00,"ק""ג",true,,19.90,19.9000,true,1,230466
910208,true,פרגיות עוף טרי,,,פרגיות עוף טרי,קילוגרמים,1.00,"ק""ג",true,,69.90,69.9000,true,1,230467
910215,true,פרגיות עוף משופד,,,פרגיות עוף משופד,קילוגרמים,1.00,"ק""ג",true,,72.90,72.9000,true,1,230468
910246,true,קורקבן עוף טרי,,,קורקבן עוף טרי במשקל,קילוגרמים,1.00,"ק""ג",true,,10.00,10.0000,true,1,230470
910291,true,פלפל צילי חריף יחידה,,,פלפל צילי חריף יחידה,Unknown,0.00,Unknown,false,1,10.00,0.0000,true,1,305735
910406,true,בשר בקר טחון טרי,,,בשר בקר טחון טרי,קילוגרמים,1.00,"ק""ג",true,,59.90,59.9000,true,1,230482
910420,true,שווארמה הודו טרי,,,שווארמה הודו טרי,קילוגרמים,1.00,"ק""ג",true,,69.90,69.9000,true,1,230483
910444,true,חזה הודו טחון טרי,,,בשר הודו לבן טחון טרי,קילוגרמים,1.00,"ק""ג",true,,34.90,34.9000,true,1,230485
911014,true,פילה עוף טרי,,,פילה עוף טרי,קילוגרמים,1.00,"ק""ג",true,,38.90,38.9000,true,1,252404
911069,true,צלי כתף עגל טרי,,,צלי כתף עגל טרי,קילוגרמים,1.00,"ק""ג",true,,90.00,90.0000,true,1,231293
911540,true,בשר עגל טרי,,,בשר עגל טרי,קילוגרמים,1.00,"ק""ג",true,,79.90,79.9000,true,1,231299
911694,true,צלעות טלה טרי,,,צלעות כבש טרי,קילוגרמים,1.00,"ק""ג",true,,180.00,180.0000,true,1,231305
911717,true,שוק טלה טרי עם עצם,,,שוק כבש טרי עם עצם,קילוגרמים,1.00,"ק""ג",true,,99.90,99.9000,true,1,231307
911748,true,גבינת צדר במשקל,שווינגטון,,גבינת צדר במשקל,קילוגרמים,1.00,"ק""ג",true,,135.00,135.0000,true,1,232476
911816,true,בשר בקר טחון מבשר קפ,,,בשר בקר טחון מבשר קפוא,קילוגרמים,1.00,"ק""ג",true,,39.90,39.9000,true,1,231387
911878,true,עצם מח,,,עצם מח,קילוגרמים,1.00,"ק""ג",true,,40.00,40.0000,true,1,231616
915531,true,גבינת בושה לבן עיזים,אוריאל,,גבינת בושה לבן עיזים במשקל,קילוגרמים,1.00,"ק""ג",true,,145.00,145.0000,true,1,228820
920047,true,גבינה צהובה נעם 22%,,,גבינה צהובה נעם 22% במשקל***,קילוגרמים,1.00,"ק""ג",true,,42.58,42.5800,true,1,250032
920054,true,לחם דגנים/שיפון רוסי,,,לחם דגנים/שיפון רוסי בונזור אפוי חל,Unknown,0.00,Unknown,false,1,13.90,0.0000,true,1,231313
920061,true,חלה מתוקה קלועה,,,חלה מתוקה קלועה,Unknown,0.00,Unknown,false,1,11.90,0.0000,true,1,231314
920078,true,מארז 10 יח בייבי חלי,,,מארז 10 יח בייבי חליות 70,Unknown,0.00,Unknown,false,1,22.90,0.0000,true,1,231315
920122,true,מארז 10 לחמניות קטנו,,,מארז 10 לחמניות קטנות פטיט פן בשקית,Unknown,0.00,Unknown,false,1,12.90,0.0000,true,1,231850
925134,true,גבינת גאודה פלפל במש,הנרי בליך,,גבינת גאודה פלפל במשקל,קילוגרמים,1.00,"ק""ג",true,,109.00,109.0000,true,1,230652
950228,true,פילה מדומה עגל טרי,,,פילה מדומה עגל טרי,קילוגרמים,1.00,"ק""ג",true,,85.00,85.0000,true,1,231397
951713,true,סוכריות גומי,יעד ממתקים,,סוכריות גומי,קילוגרמים,1.00,"ק""ג",true,,50.00,50.0000,true,1,229555
961118,true,גבינת פרמזאנו ריגאנו,,,גבינת פרמזאנו ריגאנו במשקל ריסטרטו,קילוגרמים,1.00,"ק""ג",true,,159.00,159.0000,true,1,231663
961200,true,גבינת ברי איל דפרנס,,,גבינת ברי איל דפרנס במשקל,קילוגרמים,1.00,"ק""ג",true,,159.00,159.0000,true,1,231672
961217,true,דג פילה הרינג בשמן/כ,,,דג פילה הרינג בשמן/כבוש במשקל,קילוגרמים,1.00,"ק""ג",true,,45.00,45.0000,true,1,231673
961293,true,דג מויבה מעושן במשקל,,,דג מויבה מעושן במשקל,קילוגרמים,1.00,"ק""ג",true,,79.00,79.0000,true,1,231679
961354,true,דג הרנג נורבגי אקסטר,,,דג הרנג נורבגי אקסטרה במשקל,קילוגרמים,1.00,"ק""ג",true,,25.00,25.0000,true,1,231722
961361,true,דג פלמידה בינוני במש,,,דג פלמידה בינוני במשקל,קילוגרמים,1.00,"ק""ג",true,,59.00,59.0000,true,1,232421
961392,true,דג קיליקה אקסטרו במש,,,דג קיליקה אקסטרו במשקל,קילוגרמים,1.00,"ק""ג",true,,42.00,42.0000,true,1,232424
961422,true,דג פיקלינג במשקל,,,דג פיקלינג במשקל,קילוגרמים,1.00,"ק""ג",true,,75.00,75.0000,true,1,232427
970509,true,קרם ציז במשקל,אלוויר,,קרם ציז במשקל,קילוגרמים,1.00,"ק""ג",true,,69.00,69.0000,true,1,252664
971063,true,מארז מחולק עם חלון,,,מארז סלסלה עגולה מעוצבת,Unknown,0.00,Unknown,false,1,140.00,0.0000,true,1,227688
971087,true,חבילת שי סל ראטו ענק,,,חבילת שי סל ראטו ענק,Unknown,0.00,Unknown,false,1,250.00,0.0000,true,1,232758
975023,true,גבינת אטרוקי במשקל,בונגראן,,גבינת אטרוקי במשקל,קילוגרמים,1.00,"ק""ג",true,,159.00,159.0000,false,1,232986
975047,true,גבינת סנט אגור במשקל,בונגראן,,גבינת סנט אגור במשקל,קילוגרמים,1.00,"ק""ג",true,,199.00,199.0000,true,1,232988
976457,true,גרעין אבטיח קלוי,"דין שיווק וקלייה בע""",,גרעין אבטיח קלוי במשקל,קילוגרמים,1.00,"ק""ג",true,,59.00,59.0000,true,1,231125
976464,true,פיסטוק טבעי מקולף,"דין שיווק וקלייה בע""",,פיסטוק טבעי מקולף,קילוגרמים,1.00,"ק""ג",true,,150.00,150.0000,true,1,231138
976471,true,גרעין דלעת מקולף טבע,"דין שיווק וקלייה בע""",,גרעין דלעת מקולף טבעי,קילוגרמים,1.00,"ק""ג",true,,40.00,40.0000,true,1,231144
976488,true,צנובר,,,צנובר ענק,קילוגרמים,1.00,"ק""ג",true,,175.00,175.0000,true,1,231150
976501,true,צימוק כהה,"דין שיווק וקלייה בע""",,צימוק כהה,קילוגרמים,1.00,"ק""ג",true,,26.00,26.0000,true,1,231157
976549,true,שקד ספרדי קלוי בסטה,,,שקד ספרדי קלוי בסטה במשקל,קילוגרמים,1.00,"ק""ג",true,,90.00,90.0000,true,1,231124
976587,true,שקד קלוי ספרדי,"דין שיווק וקלייה בע""",,שקד קלוי ספרדי,קילוגרמים,1.00,"ק""ג",true,,90.00,90.0000,true,1,250291
976594,true,פול מצרי קלוי,טונג גרדן,,פול מצרי קלוי במשקל,קילוגרמים,1.00,"ק""ג",true,,40.00,40.0000,true,1,231149
976662,true,אגוז פקאן טבעי,"דין שיווק וקלייה בע""",,אגוז פקאן טבעי,קילוגרמים,1.00,"ק""ג",true,,100.00,100.0000,true,1,231136
976686,true,חמניות קלופות טבעי,"דין שיווק וקלייה בע""",,חמניות קלופות טבעי,קילוגרמים,1.00,"ק""ג",true,,27.00,27.0000,true,1,231143
976747,true,בוטן רביולי,,,אגוז לוז בונדוק קלוי,קילוגרמים,1.00,"ק""ג",true,,65.00,65.0000,true,1,231122
976754,true,מנצס,"דין שיווק וקלייה בע""",,מנצס במשקל,קילוגרמים,1.00,"ק""ג",true,,47.90,47.9000,true,1,231126
976761,true,אגוזים קלופים,"שקדיה גבע תעשיות בע""",,אגוזים קלופים,קילוגרמים,1.00,"ק""ג",true,,50.00,50.0000,true,1,231135
976785,true,גרעין שחור קלוי ללא,"דין שיווק וקלייה בע""",,גרעין שחור קלוי ללא מלח,קילוגרמים,1.00,"ק""ג",true,,25.00,25.0000,true,1,250287
976808,true,בוטן בקליפה קלוי,"דין שיווק וקלייה בע""",,בוטן בקליפה קלוי במשקל,קילוגרמים,1.00,"ק""ג",true,,25.00,25.0000,true,1,231155
976884,true,פקאן סיני,"דין שיווק וקלייה בע""",,פקאן סיני במשקל,קילוגרמים,1.00,"ק""ג",true,,110.00,110.0000,true,1,231147
976891,true,קשיו קלוי,"דין שיווק וקלייה בע""",,אגוז קשיו קלוי,קילוגרמים,1.00,"ק""ג",true,,90.00,90.0000,true,1,250289
977010,true,קבוקים,,,קבוקים במשקל,קילוגרמים,1.00,"ק""ג",true,,25.00,25.0000,true,1,231154
977089,true,קשיו טבעי,,,קשיו טבעי במשקל,קילוגרמים,1.00,"ק""ג",true,,72.00,72.0000,true,1,231129
977140,true,אגוז מקדמיה טבעי,"שקדיה גבע תעשיות בע""",,אגוז מקדמיה טבעי,קילוגרמים,1.00,"ק""ג",true,,175.00,175.0000,true,1,231140
977355,true,בוטן אמריקאי,"דין שיווק וקלייה בע""",,בוטן אמריקאי במשקל,קילוגרמים,1.00,"ק""ג",true,,25.00,25.0000,true,1,231153
977478,true,בוטנים קלויים,שנדונג,,בוטנים קלויים,קילוגרמים,1.00,"ק""ג",true,,35.00,35.0000,true,1,231117
977485,true,גרעין דלעת לבן קלוי,"דין שיווק וקלייה בע""",,גרעין לבן קלוי במשקל,קילוגרמים,1.00,"ק""ג",true,,38.00,38.0000,true,1,231130
977492,true,בונדוק אגוזי לוז טבע,"ליגו, ואני",,בונדוק טבעי,קילוגרמים,1.00,"ק""ג",true,,55.00,55.0000,true,1,231133
977645,true,חטיף יפני חריף,"דין שיווק וקלייה בע""",,חטיף יפני/תאילנדי במשקל,קילוגרמים,1.00,"ק""ג",true,,71.00,71.0000,true,1,231152
977676,true,פפאיה פרוסות ללא סוכ,,,פפאיה פרוסות ללא סוכר,קילוגרמים,1.00,"ק""ג",true,,80.00,80.0000,true,1,231123
977690,true,תערובת פיצוחים קלויי,,,תערובת פיצוחים קלויים מיוחדת במשקל,קילוגרמים,1.00,"ק""ג",true,,89.00,89.0000,true,1,231132
977706,true,אגוז ברזיל טבעי,"שקדיה גבע תעשיות בע""",,אגוז ברזיל טבעי,קילוגרמים,1.00,"ק""ג",true,,80.00,80.0000,true,1,231139
977713,true,פיסטוק קלוי,"דין שיווק וקלייה בע""",,פיסטוק קלוי,קילוגרמים,1.00,"ק""ג",true,,90.00,90.0000,true,1,250286
977744,true,אפונה קלויה,רויאנג זנקסינג,,אפונה קלויה,קילוגרמים,1.00,"ק""ג",true,,40.00,40.0000,true,1,231151
977751,true,צימוק לבן ענק,"דין שיווק וקלייה בע""",,צימוק לבן ענק,קילוגרמים,1.00,"ק""ג",true,,40.00,40.0000,true,1,231158
977799,true,שזיף מיובש ללא גלעין,"דין שיווק וקלייה בע""",,שזיף מיובש ללא גלעין,קילוגרמים,1.00,"ק""ג",true,,40.00,40.0000,true,1,231162
977805,true,בונדוק קלוי,"ליגו, ואני",,בונדוק קלוי,קילוגרמים,1.00,"ק""ג",true,,85.00,85.0000,true,1,250288
977874,true,גינגר מופחת סוכר,,,גינגר מופחת סוכר,קילוגרמים,1.00,"ק""ג",true,,40.00,40.0000,true,1,231165
977881,true,תפוח עץ מיובש,,,תפוח עץ מיובש במשקל,קילוגרמים,1.00,"ק""ג",true,,49.90,49.9000,true,1,231166
977966,true,תירס קלוי במשקל,"דין שיווק וקלייה בע""",,תירס קלוי במשקל,קילוגרמים,1.00,"ק""ג",true,,40.00,40.0000,true,1,235495
977980,true,אננס יבש מסוכר,"דין שיווק וקלייה בע""",,אננס יבש פלחים,קילוגרמים,1.00,"ק""ג",true,,34.90,34.9000,true,1,231167
977997,true,חמוציות ברכז תפוחים,"דין שיווק וקלייה בע""",,חמוציות ברכז תפוחים ל סוכר,קילוגרמים,1.00,"ק""ג",true,,50.00,50.0000,true,1,231890
978017,true,שזיף מיובש,"דין שיווק וקלייה בע""",,שזיף מיובש,קילוגרמים,1.00,"ק""ג",true,,40.00,40.0000,true,1,231160
978024,true,בננה ציפס,"דין שיווק וקלייה בע""",,בננה ציפס,קילוגרמים,1.00,"ק""ג",true,,24.90,24.9000,true,1,231168
978031,true,שקד מולבן/פרוס/מקלות,"דין שיווק וקלייה בע""",,שקד מולבן/פרוס/מקלות,קילוגרמים,1.00,"ק""ג",true,,80.00,80.0000,true,1,232187
978307,true,משמש מיובש מובחר,אוסטה פוד,,משמש מיובש מובחר,קילוגרמים,1.00,"ק""ג",true,,62.00,62.0000,true,1,254048
978338,true,חמוציות חתוכות מיובש,"דין שיווק וקלייה בע""",,חמוציות חתוכות מיובשות,קילוגרמים,1.00,"ק""ג",true,,35.00,35.0000,true,1,231170
978406,true,אננס פרוס בטעמים,טודו נטורל,,אננס פרוס בטעמים,קילוגרמים,1.00,"ק""ג",true,,40.00,40.0000,true,1,231174
978697,true,אגס טבעי מיובש ללא ס,,,אגס טבעי מיובש ללא סוכר,קילוגרמים,1.00,"ק""ג",true,,80.00,80.0000,true,1,252729
978734,true,מנגו טבעי פרוס ללא ס,סיונגלונג,,מנגו טבעי פרוס ללא סוכר,קילוגרמים,1.00,"ק""ג",true,,80.00,80.0000,true,1,231319
989761,true,שקד טחון,ציקונג,TH,ליצי קוביות - 20 קג ( סטופ מרקט ),קילוגרמים,1.00,"ק""ג",true,20,75.00,75.0000,true,1,235494
989839,true,אוכמניות כחולות,גריסלנד פרוט ינק,US,אוכמניות אמריקאיות כחולות 11.35 קג(סטופ,קילוגרמים,1.00,"ק""ג",true,11,90.00,90.0000,true,1,252734
991030,true,גרגרי גוגי ברי,פנדה פרוט,CN,גוגי ברי 10 קג ( סטופ מרקט ),קילוגרמים,1.00,"ק""ג",true,10,65.00,65.0000,true,1,251457
993560,true,עגבניה שרי מנומר בקו,,,עגבניה שרי מנומר בקופסא,Unknown,0.00,Unknown,false,1,11.90,0.0000,true,1,318817
995410,true,נבטים סיניים,,,נבטים סיניים,Unknown,0.00,Unknown,false,1,7.00,0.0000,true,1,252509
999005,true,כבד עגל טרי,,,כבד עגל טרי,קילוגרמים,1.00,"ק""ג",true,,40.00,40.0000,true,1,229878
999036,true,רגל בקר,,,רגל בקר,קילוגרמים,1.00,"ק""ג",true,,40.00,40.0000,true,1,230597
999951,true,בולגרית קלאסית 16% ב,,,בולגרית קלאסית 16% במשקל,קילוגרמים,1.00,"ק""ג",true,,55.00,55.0000,true,1,251193
1216293,true,חלבה פולי קפה אלארז,,,חלבה פולי קפה אלארז,קילוגרמים,1.00,"ק""ג",true,,65.00,65.0000,true,1,343041
1216385,true,חלבה וניל ללא סוכר א,,,חלבה וניל ללא סוכר אלארז,קילוגרמים,1.00,"ק""ג",true,,65.00,65.0000,true,1,335670
2766056,true,עגבניות שרי ווטני/תמ,,,עגבניות שרי ויטני,יחידה,1.00,יחידה,false,1,10.90,10.9000,true,1,309092
5678318,true,ענבים לבנים אוטם קרי,,,ענבים לבנים אוטם קריספ,קילוגרמים,1.00,"ק""ג",true,,29.90,29.9000,true,1,324445
5678417,true,ענבים לבנים ווינטר ק,,,ענבים לבנים ווינטר קינג טלי,קילוגרמים,1.00,"ק""ג",true,,29.90,29.9000,true,1,348116
5678585,true,ענב טלי סקרלוטה אדום,,,ענב סקרלוטה,קילוגרמים,1.00,"ק""ג",true,,25.90,25.9000,true,1,320571
5678844,true,ענבים לבנים טלי טימפ,,,ענבים לבנים טלי טימפסון,קילוגרמים,1.00,"ק""ג",true,,22.90,22.9000,true,1,333763
5736353,true,גבינת פרמזאנו ריגאנו,,,גבינת פרמזאנו ריגאנו ריסטרטו,קילוגרמים,1.00,"ק""ג",true,,159.00,159.0000,true,1,329608
8403900,true,גבינת גאודה עגבניות,הנרי בליך,NL,גבינת גאודה עגבניות וזיתים במשקל,קילוגרמים,1.00,"ק""ג",true,,109.00,109.0000,false,1,330725
8403917,true,גבינת גאודה פסטו ירו,הנרי בליך,NL,גבינת גאודה פסטו ירוק במשקל,קילוגרמים,1.00,"ק""ג",true,,129.00,129.0000,false,1,330724
8403924,true,גבינת גאודה פסטו אדו,הנרי בליך,NL,גבינת גאודה פסטו אדום במשקל,קילוגרמים,1.00,"ק""ג",true,,129.00,129.0000,false,1,330723
8403931,true,גבינת גאודה כמון במש,הנרי בליך,NL,גבינת גאודה כמון במשקל,קילוגרמים,1.00,"ק""ג",true,,109.00,109.0000,false,1,330726
8940153,true,גבינת פילדלפיה במשקל,,,גבינת פילדלפיה במשקל קרם ציז,קילוגרמים,1.00,"ק""ג",true,,60.00,60.0000,true,1,344063
32147230,false,מיץ לימון סיציליה200,סידג,CH,מיץ לימון משומר 200 מל,מיליליטרים,200.00,"100 מ""ל",false,12,7.50,3.7500,true,1,235586
40099132,false,מסטיק הובה בובה צאנק,,,מסטיק הובה בובה צאנק תות 35 גר,Unknown,0.00,Unknown,false,1,3.00,0.0000,true,1,243545
40111216,false,חטיף באונטי 57 ג,מרס,,חטיף באונטי 57 ג,Unknown,0.00,Unknown,false,1,3.90,0.0000,true,1,228511
40173351,false,בירה מייזל חיטה אורג,,,בירה מייזל חיטה אורגינל 500מל בק. פקדון,מיליליטרים,500.00,"100 מ""ל",false,20,11.90,2.3800,true,1,333855
40173719,false,בירה מייסלס אי.פי.אי,,DE,בירה מייסלס אי.פי.איי 750מל בק.פקדון,מיליליטרים,750.00,"100 מ""ל",false,6,35.00,4.6667,true,1,336180
40173726,false,בירה מייסלס חיטה חזק,,DE,בירה מייסלס חיטה חזקה 750מל בק.פקדון,מיליליטרים,750.00,"100 מ""ל",false,6,35.00,4.6667,true,1,336179
40786179,false,בירה לוונבראו פחית 5,,,בירה לוונבראו פחית 500 מל פקדון,מיליליטרים,500.00,"100 מ""ל",false,1,11.90,2.3800,true,1,243011
41001356,false,בירה לבנה בקס פח 500,,,בירה לבנה בקס פח 500 מל פקדון,מיליליטרים,500.00,"100 מ""ל",false,1,10.00,2.0000,true,1,229890
42061939,false,בירה בקס 500מל בקבוק,,,בירה בקס 500מל בקבוק פקדון,מיליליטרים,500.00,"100 מ""ל",false,1,10.00,2.0000,true,1,320544
42123866,false,מסטיק הובה בובה טעם,,,מסטיק הובה בובה טעם קלאסי 35 גר,Unknown,0.00,Unknown,false,1,3.00,0.0000,true,1,233610
42134978,false,סרגל סנטה קרסטן מרצי,,,מרציפן סנטה בסרגל 100 גרם,גרמים,100.00,100 גרם,false,1,11.90,11.9000,true,1,324934
42182115,false,מסטיק פייב ספירמינט,,,גמסטיק 5 בטעם מנטה עדינה 31 גר,Unknown,0.00,Unknown,false,1,6.90,0.0000,true,1,238103
42188889,false,מסטיק סטיקס פייב אבט,,,מסטיק 5 בטעם אבטיח 31 גר,Unknown,0.00,Unknown,false,1,6.90,0.0000,true,1,239475
42246640,false,דאודורנט ניוואה רול,beiersdorf,,דאודורנט ניוואה רול און פאודר טאצ לאישה,Unknown,0.00,Unknown,false,1,15.90,0.0000,true,1,329986
50147311,false,חרדל קולמנס מקורי100,,GB,חרדל אנגלי קולמנס מקורי 100 גרם,גרמים,100.00,100 גרם,false,8,10.90,10.9000,true,1,239863
50157471,false,רוטב היינץ להמבורגר,היינץ,GB,רוטב היינץ להמבורגר 230 גרם,גרמים,230.00,100 גרם,false,8,17.90,7.7826,true,1,337402
50158935,false,נוזל דטול חום לחיטוי,רקיט בנקיזר,GB,נוזל דטול חום לחיטוי 750מל,מיליליטרים,750.00,"100 מ""ל",false,12,25.90,3.4533,true,1,335635
50184385,false,ממרח שמרים מרמייט125,,GB,ממרח שמרים מרמייט 150 ג,גרמים,125.00,100 גרם,false,24,25.00,20.0000,true,1,228596
50184453,false,ממרח שמרים מרמייט 25,,GB,ממרח שמרים מרמייט 250 ג,גרמים,250.00,100 גרם,false,,39.90,15.9600,true,1,228597
50204830,false,אוטן אקטיב תרסיס ללא,,,אוטן אקטיב תרסיס ללא גז נגד יתושים 100 מ,מיליליטרים,10000.00,"100 מ""ל",false,1,19.90,0.1990,true,1,232046
50398904,false,קרם חמצן 6% אינדולה,הנקל סוד,IL,קרם חמצן 6% אינדולה 60 מל,Unknown,0.00,Unknown,false,24,4.90,0.0000,true,1,255475
50398911,false,קרם חמצן 9% אינדולה,הנקל סוד,IL,קרם חמצן 9% אינדולה 60 מל,Unknown,0.00,Unknown,false,24,4.90,0.0000,true,1,255476
50409020,false,מלפפון חמוץ מתוק 670,EMPIRE BESPOKE FOODS,GB,MRS ELSWOOD -מלפפונים חמוץ מתוק 670גר,גרמים,670.00,100 גרם,false,6,23.00,3.4328,true,1,251288
50409709,false,מלפפון פרוס לסנדוויץ,EMPIRE BESPOKE FOODS,NL,מלפפון פרוס לסנדוויץ670 גר מר אלסווד,גרמים,670.00,100 גרם,false,6,23.00,3.4328,true,1,304991
54051140,false,מעדן סויה אלפרו וניל,ALPRO,,מעדן סויה אלפרו וניל 4 יח,מיליליטרים,600.00,"100 מ""ל",false,1,17.90,2.9833,true,1,234343
54051157,false,מעדו סויה אלפרו שוקו,ALPRO,,מעדו סויה אלפרו שוקו 4 יח,מיליליטרים,600.00,"100 מ""ל",false,1,17.90,2.9833,true,1,234342
54079021,false,בירה ברנרדוס אבט 12,,,בירה ברנרדוס אבט 12 כהה 330 מל פקדון,מיליליטרים,330.00,"100 מ""ל",false,1,14.90,4.5152,true,1,235647
54125063,false,בירה דובדבנים 250מל,בווריה,,בירה דובדבנים 250מל רודנבאך בק.פקדון,מיליליטרים,250.00,"100 מ""ל",false,24,11.90,4.7600,true,1,332813
59016441,false,דאודורנט רקסונה רול,יוניליוור,GB,דאודורנט רקסונה רול און פרוט ספין 50מל,Unknown,0.00,Unknown,false,6,19.90,0.0000,true,1,332664
59079774,false,דאודורנט רקסונה רול,יוניליוור,GB,דאודורנט רקסונה רול און אלוורה 50מל,Unknown,0.00,Unknown,false,6,19.90,0.0000,true,1,329649
59085645,false,דאודורנט דאב רולאון,יוניליוור,,דאודורנט דאב רולאון אסאי 50מל,Unknown,0.00,Unknown,false,1,16.90,0.0000,true,1,338768
72909799,false,חטיף קליק מלוי נוגט,יוניליוור,,חטיף קליק מלוי נוגט 35 גרם,Unknown,0.00,Unknown,false,1,5.00,0.0000,true,1,230490
72940983,false,סלט חומוס 250 גר אחל,,,סלט חומוס 250 גר אחלה,גרמים,250.00,100 גרם,false,1,8.50,3.4000,true,1,229262
72945308,false,שמרים קוביות 50 גרם,,,שמרים קוביות 50 גרם,Unknown,0.00,Unknown,false,1,4.20,0.0000,true,1,228641
72986370,false,גל.וניל בן אנד גריס,מוצרי איכות אמריקאיי,,גל.וניל בן אנד גריס 500 מל פיינט,מיליליטרים,473.00,"100 מ""ל",false,1,19.90,4.2072,true,1,230721
72986424,false,גל.קרם עוגיות בן אנד,מוצרי איכות אמריקאיי,IL,קרם עוגיות 500 מל,גרמים,0.00,100 גרם,false,6,19.90,0.0000,true,1,230722
72986448,false,גל.טופי קראנץ בן אנד,מוצרי איכות אמריקאיי,IL,טופי קראנץ 500 מל,גרמים,0.00,100 גרם,false,6,19.90,0.0000,true,1,230723
72986455,false,גל.ניו יורק סופר בן,מוצרי איכות אמריקאיי,IL,ניו יורק סופר 500 מל,גרמים,0.00,100 גרם,false,6,19.90,0.0000,true,1,230724
72986479,false,גל.צאנקי בן אנד גריס,מוצרי איכות אמריקאיי,IL,צאנקי מנקי 500 מל,גרמים,0.00,100 גרם,false,6,19.90,0.0000,true,1,230725
72989425,false,גל.שוקולד בראוניס בן,מוצרי איכות אמריקאיי,IL,שוקולד בראוניס 500 מל,גרמים,0.00,100 גרם,false,6,19.90,0.0000,true,1,231728
72991886,false,גל.דולצה דה לצה בן א,מוצרי איכות אמריקאיי,IL,דולצה דה לצה 500 מל,גרמים,0.00,100 גרם,false,6,19.90,0.0000,true,1,230726
72994061,false,חטיף פסק זמן טו גווד,,,חטיף פסק זמן טו גווד 40 גר,גרמים,40.00,100 גרם,false,1,6.10,15.2500,true,1,318483
76106071,false,מיץ ליים סיציליה 200,סידג,CH,מיץ ליים סיציליה 200 מל,מיליליטרים,200.00,"100 מ""ל",false,12,7.50,3.7500,true,1,330133
80042563,false,מחית עגבניות מוטטי 7,,,מחית עגבניות מוטטי 700 גר,גרמים,700.00,100 גרם,false,1,12.90,1.8429,true,1,233054
80050025,false,סוכריות טיק טק תפוז,פררו,,סוכריות טיק טק תפוז יחידה,Unknown,0.00,Unknown,false,1,3.80,0.0000,true,1,228696
80050124,false,סוכריות טיק טק מנטה,פררו,,סוכריות טיק טק מנטה יחידה,Unknown,0.00,Unknown,false,1,3.80,0.0000,true,1,228697
80051428,false,ממרח נוטלה 825 גרם,,,ממרח שוקולד נוטלה אגוזי לוז 825 גרם,גרמים,825.00,100 גרם,false,1,26.90,3.2606,true,1,313499
80052487,false,חטיף רפאלו שלישיה,פררו,,חטיף רפאלו שלישיה,Unknown,0.00,Unknown,false,1,5.00,0.0000,true,1,228700
80052760,false,חטיף קינדר בואנו יחי,פררו,,חטיף קינדר בואנו יחידה,Unknown,0.00,Unknown,false,1,4.00,0.0000,true,1,228701
80094746,false,מארז 2יח פודינג עם ש,,IT,מארז 2יח פודינג עם שוקולד איטלקי 100גר,גרמים,200.00,100 גרם,false,1,6.90,3.4500,true,1,343540
80094753,false,מארז 2יח פודינג וניל,,IT,מארז 2יח פודינג וניל איטלקי 100גר,גרמים,200.00,100 גרם,false,1,6.90,3.4500,true,1,339526
80094760,false,מארז 2יח פודינג קרמל,,IT,מארז 2יח פודינג קרמל איטלקי 100גר,גרמים,200.00,100 גרם,false,1,6.90,3.4500,true,1,339525
80094883,false,מארז 2יח פנקוטה קרמל,,IT,מארז 2יח פנקוטה קרמל איטלקי 90גר,גרמים,180.00,100 גרם,false,1,6.90,3.8333,true,1,339523
80094890,false,מארז 2יח פנקוטה עם ש,,IT,מארז 2יח פנקוטה עם שוקולד איטלקי 90גר,גרמים,180.00,100 גרם,false,1,6.90,3.8333,true,1,343539
80136194,false,חטיף הפי היפו קרם אג,פררו,,חטיף הפי היפו קרם אגוזים 5 יח,גרמים,104.00,100 גרם,false,1,12.90,12.4038,true,1,319676
80176800,false,ממרח נוטלה 750 גרם,פררו,,ממרח נוטלה אגוזי לוז עם קקאו 750 גרם,גרמים,750.00,100 גרם,false,1,25.90,3.4533,true,1,228703
80177173,false,ממרח נוטלה 350 גר,פררו,,ממרח נוטלה אגוזי לוז עם קקאו 350 גר,גרמים,350.00,100 גרם,false,1,13.90,3.9714,true,1,230363
80177609,false,שוקולד קינדר אצבעות,פררו,,שוקולד קינדר אצבעות 50 ג,Unknown,0.00,Unknown,false,1,3.90,0.0000,true,1,228705
80177616,false,שוקולד קינדר אצבעות,פררו,,שוקולד קינדר אצבעות 100 ג,גרמים,100.00,100 גרם,false,1,7.50,7.5000,true,1,228706
80273561,false,פלפל שחור טוסקנה במט,דרגוריה אלמנטריה,,תבלין פלפל שחור 45 ג מטחנה טוסקנה,Unknown,0.00,Unknown,false,1,13.90,0.0000,true,1,228712
80273592,false,פלפל 4 עונות טוסקנה,דרגוריה אלמנטריה,,תבלין פלפל 4 עונות 45 ג במטחנה טוסקנה,Unknown,0.00,Unknown,false,1,13.90,0.0000,true,1,228713
80273639,false,מלח ים טוסקנה במטחנה,דרגוריה אלמנטריה,,תבלין מלח ים 90 ג במטחנה טוסקנה,Unknown,0.00,Unknown,false,1,13.90,0.0000,true,1,228715
80273660,false,שום טוסקנה בטחנה 30,דרגוריה אלמנטריה,,תבלון שום 30 ג במטחנה טוסקנה,Unknown,0.00,Unknown,false,1,13.90,0.0000,true,1,228716
80273677,false,צילי טוסקנה בטחנה 20,דרגוריה אלמנטריה,,תסבלין צילי 20 ג במטחנה טוסקנה,Unknown,0.00,Unknown,false,1,13.90,0.0000,true,1,228717
80273684,false,עשבי פרובנס טוסקנה ב,דרגוריה אלמנטריה,,תערובת עשבי פרובנס במטחנה טוסקנה,Unknown,0.00,Unknown,false,1,13.90,0.0000,true,1,228718
80533962,false,פילה טונה קליפו בשמן,גיאצינטו קליפו,,פילה טונה קליפו בשמן זית 200 גרם,גרמים,200.00,100 גרם,false,24,39.90,19.9500,true,1,338928
80651000,false,שום וצילי טוסקנה בטח,דרגוריה אלמנטריה,,תבלין שום וצילי 30 ג במטחנה טוסקנה,Unknown,0.00,Unknown,false,1,13.90,0.0000,true,1,228728
80651017,false,עשבי טוסקנה במטחנה 1,דרגוריה אלמנטריה,,תערובת עשבי טוסקנה 16 ג במטחנה טוסקנה,Unknown,0.00,Unknown,false,1,13.90,0.0000,true,1,228729
80651765,false,גינגר זנגויל טוסקנה,דרגוריה אלמנטריה,,תבלין גינגר זנגויל במטחנה טוסקנה,Unknown,0.00,Unknown,false,1,13.90,0.0000,true,1,228731
80718758,false,טונה קליפו בשמן זית,גיאצינטו קליפו,IT,טונה קליפו בשמן זית 160 גר צנצנת,גרמים,160.00,100 גרם,false,24,21.90,13.6875,true,1,322468
80718765,false,טונה במים קליפו 160,גיאצינטו קליפו,IT,טונה במים קליפו 160 גר צנצנת,גרמים,160.00,100 גרם,false,24,21.90,13.6875,true,1,322467
80724353,false,ארטישוק מתובל פונטי,,,ארטישוק מתובל 280 גר פונטי,גרמים,280.00,100 גרם,false,1,24.90,8.8929,true,1,236209
80762362,false,מסטיק מנטוס וויט אקל,,,מסטיק מנטוס וויט אקליפטוס 60 גר,גרמים,60.00,100 גרם,false,1,10.00,16.6667,true,1,312487
80768838,false,מנטוס וויט ביג פירות,פרפטי ואן מלה,,מנטוס וויט ביג פירות 70 יח,יחידה,70.00,יחידה,false,1,18.00,0.2571,true,1,311680
80768890,false,מנטוס וויט ביג מנטה,פרפטי ואן מלה,,מנטוס וויט ביג מנטה עדינה 70 יח,יחידה,70.00,יחידה,false,1,18.00,0.2571,true,1,311678
80769545,false,מנטוס פיור מעוגל לימ,פרפטי ואן מלה,,מנטוס פיור מעוגל לימון 60 גר,Unknown,0.00,Unknown,false,1,10.00,0.0000,true,1,324102
80769699,false,מסטיק מנטוס וויט פיר,,,מסטיק מנטוס וויט פירות מנטה 60 גר,גרמים,60.00,100 גרם,false,1,10.00,16.6667,true,1,252230
80773429,false,מנטוס פיור מעוגל תות,פרפטי ואן מלה,,מנטוס פיור מעוגל תות 60 גר,Unknown,0.00,Unknown,false,1,10.00,0.0000,true,1,321549
80773443,false,מנטוס פיור מעוגל פיר,פרפטי ואן מלה,,מנטוס פיור מעוגל פירות מנטה 60 גר,Unknown,0.00,Unknown,false,1,10.00,0.0000,true,1,316639
80776307,false,מנטוס פיור ביג מעוגל,,,מנטוס פיור ביג מעוגל פירות מנטה,Unknown,0.00,Unknown,false,1,18.00,0.0000,true,1,316642
80780595,false,מנטוס פיור ביג מעוגל,,,מנטוס פיור ביג מעוגל מנטה עדינה,Unknown,0.00,Unknown,false,1,18.00,0.0000,true,1,316641
80790990,false,מנטוס פיור מעוגל מנט,פרפטי ואן מלה,,מנטוס פיור מעוגל מנטה עדינה 60 גר,Unknown,0.00,Unknown,false,1,10.00,0.0000,true,1,316638
80794233,false,מנטוס פיור ביג מעוגל,,,מנטוס פיור ביג מעוגל מנטה,Unknown,0.00,Unknown,false,1,18.00,0.0000,true,1,316640
80804697,false,מנטוס וויט ביג מנטה,פרפטי ואן מלה,,מנטוס וויט ביג מנטה מתוקה 70 יח,יחידה,70.00,יחידה,false,1,18.00,0.2571,true,1,311679
80828174,false,מסטיק מנטוס וויט ל.ס,,,מסטיק מנטוס וויט ל.ס. מנטה מתוקה 60 גר,גרמים,60.00,100 גרם,false,1,10.00,16.6667,true,1,252228
80831402,false,סוכריות מנטוס מנטה ע,פרפטי ואן מלה,NL,סוכריות מנטוס מנטה עדינה ל.ס.21 גר,Unknown,0.00,Unknown,false,1,6.90,0.0000,true,1,332089
80832560,false,סוכריות מנטוס פירות,פרפטי ואן מלה,NL,סוכריות מנטוס פירות יער ל.ס. 21 גר,Unknown,0.00,Unknown,false,1,6.90,0.0000,true,1,346088
80843184,false,מנטוס פיור מעוגל ענב,פרפטי ואן מלה,,מנטוס פיור מעוגל ענבים 60 גר,Unknown,0.00,Unknown,false,1,10.00,0.0000,true,1,338704
80854753,false,סוכריות מנטוס מנטה ל,פרפטי ואן מלה,NL,סוכריות מנטוס ל.ס 21גר אוויר נקי,Unknown,0.00,Unknown,false,1,6.90,0.0000,true,1,332088
80862260,false,מסטיק מנטוס וויט מנט,,,מסטיק מנטוס וויט מנטה מתוקה 150 גרם,Unknown,0.00,Unknown,false,1,18.00,0.0000,true,1,345087
80864295,false,מסטיק מנטוס וויט פיו,,,מסטיק מנטוס וויט פיור מנטה עדינה 60 גר,גרמים,60.00,100 גרם,false,1,10.00,16.6667,true,1,341940
80896081,false,מנטוס פיור מעוגל אבט,פרפטי ואן מלה,,מנטוס פיור מעוגל אבטיח 60 גר,Unknown,0.00,Unknown,false,1,10.00,0.0000,true,1,321550
80913467,false,מנטוס פיור מעוגל מנט,פרפטי ואן מלה,,מנטוס פיור מעוגל מנטה 60 גר,Unknown,0.00,Unknown,false,1,10.00,0.0000,true,1,316637
80926481,false,מנטוס פיור ביג מעוגל,,,מנטוס פיור ביג מעוגל אבטיח,Unknown,0.00,Unknown,false,1,18.00,0.0000,true,1,325227
80929277,false,מסטיק מנטוס וויט מנט,,,מסטיק מנטוס וויט מנטה עדינה 150 גרם,Unknown,0.00,Unknown,false,1,18.00,0.0000,true,1,345086
80936848,false,סוכריות טיק טק תות ש,פררו,,סוכריות טיק טק תות שדה יחידה,Unknown,0.00,Unknown,false,1,3.80,0.0000,true,1,248958
80945468,false,מסטיק מנטוס וויט פיו,,,מסטיק מנטוס וויט פיור מנטה מתוקה 60 גר,גרמים,60.00,100 גרם,false,1,10.00,16.6667,true,1,341941
80948698,false,מנטוס פיור מעוגל טרו,פרפטי ואן מלה,,מנטוס פיור מעוגל טרופי 60 גר,Unknown,0.00,Unknown,false,1,10.00,0.0000,true,1,324101
80957706,false,מסטיק מנטוס וויט מנט,,,מסטיק מנטוס וויט מנטה 150 גרם,Unknown,0.00,Unknown,false,1,18.00,0.0000,true,1,345085
80974215,false,מנטוס פיור ביג מעוגל,,,מנטוס פיור ביג מעוגל תות,Unknown,0.00,Unknown,false,1,18.00,0.0000,true,1,325226
80979128,false,מנטוס פיור מעוגל דוב,פרפטי ואן מלה,,מנטוס פיור מעוגל דובדבן 60 גר,Unknown,0.00,Unknown,false,1,10.00,0.0000,true,1,338703
80982470,false,מנטוס פיור מעוגל מנט,פרפטי ואן מלה,,מנטוס פיור מעוגל מנטה חזקה60 גר,Unknown,0.00,Unknown,false,1,10.00,0.0000,true,1,337639
80986348,false,מסטיק מנטוס וויט פיו,,,מסטיק מנטוס וויט פיור מנטה 60 גר,גרמים,60.00,100 גרם,false,1,10.00,16.6667,true,1,341939
80995128,false,מסטיק מנטוס מעוגל טע,פרפטי ואן מלה,TR,מסטיק מנטוס מעוגל טעם הדרים 60 גר,Unknown,0.00,Unknown,false,1,10.00,0.0000,true,1,347674
87108651,false,מארז 4 יח סוכריות מנ,פרפטי ואן מלה,,מארז 4 יח סוכריות מנטוס מנטה,יחידה,4.00,יחידה,false,1,11.50,2.8750,true,1,228765
87108712,false,מארז 4 יח סוכריות מנ,פרפטי ואן מלה,,מארז 4 יח סוכריות מנטוס פירות,יחידה,4.00,יחידה,false,1,11.50,2.8750,true,1,228766
87141122,false,ממרח צילי חריף סמבל,,,ממרח צילי חריף סמבל אולק 200 גר,גרמים,200.00,100 גרם,false,1,16.50,8.2500,true,1,241812
87167016,false,בירה גרולש 450 מל בק,,,בירה גרולש 450 מל בק. פקדון,מיליליטרים,450.00,"100 מ""ל",false,1,14.90,3.3111,true,1,230215
90034107,false,בירה שטיגל גולדברו 5,מבשלת שטיגל,AT,בירה שטיגל גולדברו 500מל פקדון,מיליליטרים,500.00,"100 מ""ל",false,20,11.90,2.3800,true,1,310178
90087011,false,מיץ תפוחים 100% 1 ל,,,מיץ תפוחים 100% 1 ל בקרטון,ליטרים,1.00,ליטר,false,1,11.90,11.9000,true,1,230530
90087066,false,מיץ תפוזים 100% 1 לי,,,מיץ תפוזים 100% 1 ליטר ראוך בקרטון,ליטרים,1.00,ליטר,false,1,11.90,11.9000,true,1,313594
90162602,false,משקה אנרגיה רד בול 2,,AT,משקה אנרגיה רד בול 250 מל פיקדון,מיליליטרים,250.00,"100 מ""ל",false,24,6.50,2.6000,true,1,327613
90162800,false,משקה אנרגיה רד בול ל,,AT,משקה אנרגיה רד בול ללא סוכר 250מל פיקדון,מיליליטרים,250.00,"100 מ""ל",false,1,6.50,2.6000,true,1,327614
90424038,false,משקה אנרגיה רד בול י,,AT,משקה אנרגיה רד בול יילו 250מל פיקדון,מיליליטרים,250.00,"100 מ""ל",false,1,6.50,2.6000,true,1,327629
96130339,false,דאודורנט דאב רולאון,יוניליוור,,דאודורנט דאב רולאון אורגינל 0% 50מל,Unknown,0.00,Unknown,false,1,16.90,0.0000,true,1,338769
96169025,false,אוקסו ציר בקר נוזלי,,GB,אוקסו ציר בקר נוזלי 80 גרם,Unknown,0.00,Unknown,false,10,19.90,0.0000,true,1,337382
8112100298,false,שמן שומשום 185 מל,Flavor full foods in,,שמן שומשום 185 מל,מיליליטרים,185.00,"100 מ""ל",false,1,14.90,8.0541,true,1,228746
8421361250,false,בובת פרווה עיניים גד,,,בובת פרווה עיניים גדולות,יחידה,1.00,יחידה,false,1,24.90,24.9000,true,1,320584
8421368259,false,בובת פרווה עיניים גד,,,בובת פרווה עיניים גדולות מדיום,יחידה,1.00,יחידה,false,1,54.90,54.9000,true,1,320596
9439000070,false,בירה פולרס לונדון פר,,,בירה פולרס לונדון פרייד. 330 מל פקדון,מיליליטרים,330.00,"100 מ""ל",false,1,11.90,3.6061,true,1,235661
9800800056,false,חטיף נוטלה טו גו 52,פררו,,חטיף נוטלה טו גו 52 גר,Unknown,0.00,Unknown,false,1,5.90,0.0000,true,1,311050
10900678148,false,רדיד אלומיניום דיאמו,,CN,רדיד אלומיניום דיאמונד נון סטיק 5מטר,מטרים,5.00,מטר,false,24,15.90,3.1800,true,1,343250
11182170603,false,שעועית גדולה חמאה 43,הנובר פודס,US,שועית קינג גדולה חמאה 439 ג,גרמים,439.00,100 גרם,false,24,14.00,3.1891,true,1,233985
11182700916,false,שעועית לבנה צפונית 4,הנובר פודס,US,שועית קינג לבנה צפונית 439 ג חדש,גרמים,439.00,100 גרם,false,24,10.90,2.4829,true,1,238841
11182700923,false,שעועית אדומה בהירה 4,הנובר פודס,US,שועית קינג אדומה בהירה 439 גחדש,גרמים,439.00,100 גרם,false,24,10.90,2.4829,true,1,238842
11182700930,false,שעועית אדומה כהה 439,הנובר פודס,US,שועית קינג אדומה כהה 439 גחדש,גרמים,439.00,100 גרם,false,24,10.90,2.4829,true,1,238843
11182700954,false,שעועית שחורה 439 גר,הנובר פודס,,שעועית שחורה 439 גר,גרמים,439.00,100 גרם,false,1,10.90,2.4829,true,1,238840
11182701388,false,שעועית קינג פינטו439,הנובר פודס,,שעועית קינג פינטו439 גר,גרמים,439.00,100 גרם,false,1,10.90,2.4829,true,1,321588
11210000094,false,רוטב טבסקו 60 מל,מק. אילהיני קו,US,טבסקו 60 מל,מיליליטרים,60.00,"100 מ""ל",false,12,10.90,18.1667,true,1,232784
11210002500,false,רוטב טבסקו באפלו 150,מק. אילהיני קו,US,טבסקו באפלו 150 מל חדש,מיליליטרים,150.00,"100 מ""ל",false,12,21.90,14.6000,true,1,245414
11210006508,false,רוטב טבסקו הבאנרו 60,מק. אילהיני קו,,רוטב טבסקו הבאנרו 60 מל,Unknown,0.00,Unknown,false,1,15.90,0.0000,true,1,231638
11210007253,false,רוטב טבסקו עם שום 60,מק. אילהיני קו,US,טבסקו שום 60 מל,מיליליטרים,60.00,"100 מ""ל",false,12,10.90,18.1667,true,1,229918
11210009387,false,רוטב טבסקו ירוק 60 מ,מק. אילהיני קו,US,טבסקו ירוק 60 מל,מיליליטרים,60.00,"100 מ""ל",false,12,10.90,18.1667,true,1,229917
11210607040,false,רוטב טבסקו ציפוטליי,מק. אילהיני קו,US,טבסקו ציפוטלה 60 מל חדש,מיליליטרים,60.00,"100 מ""ל",false,12,12.60,21.0000,true,1,238492
11210618503,false,רוטב טבסקו סקורפיון,מק. אילהיני קו,,רוטב טבסקו סקורפיון אקסטרא 60 מל,Unknown,0.00,Unknown,false,1,15.90,0.0000,true,1,331940
11210698055,false,רוטב טבסקו סיראצה חר,מק. אילהיני קו,,רוטב טבסקו סיראצה חריף 566 מל,מיליליטרים,566.00,"100 מ""ל",false,1,29.90,5.2827,true,1,318926
11359630138,false,תערובת להכנת צילי מק,,NL,תערובת להכנת צילי מקסיקני 30 גר,Unknown,0.00,Unknown,false,12,6.90,0.0000,true,1,342540
11359645071,false,חטיף נאצוס עם דיפ אב,,NL,חטיף נאצוס עם דיפ אבוקדו 150 גרם,גרמים,150.00,100 גרם,false,12,10.90,7.2667,true,1,342530
13000008129,false,חומץ תפוחים היינץ 47,היינץ,US,חומץ תפוחים היינץ 473 מל,מיליליטרים,473.00,"100 מ""ל",false,12,12.90,2.7273,true,1,329809
13300000113,false,קרם ציפוי פאן פטי וג,פילסברי (ג'נל מילס),US,קרם ציפוי פאן פטי וגלקסי 442 גרם פילסב,גרמים,442.00,100 גרם,false,8,16.90,3.8235,true,1,345735
13300000120,false,תערובת עוגת גלקסי מי,פילסברי,US,תערובת עוגת גלקסי מיקס פאן פטי 432 גרם,גרמים,432.00,100 גרם,false,24,14.90,3.4491,true,1,345738
13300002865,false,קרם ציפוי פאן פטי שו,פילסברי (ג'נל מילס),US,קרם ציפוי פאן פטי שוקולד 442 גרם פילסב,גרמים,442.00,100 גרם,false,8,16.90,3.8235,true,1,339145
13300280645,false,תערובת פנקייק הנגרי,ג'.מ. סמאקר,,תערובת פנקייק הנגרי גאק טעם חמאה 907 גרם,גרמים,907.00,100 גרם,false,1,29.90,3.2966,true,1,348161
13300280676,false,תערובת פנקייק הנגרי,ג'.מ. סמאקר,,תערובת פנקייק הנגרי גאק קלאסי 907 גרם,גרמים,907.00,100 גרם,false,1,29.90,3.2966,true,1,336024
13300601204,false,קרם ציפוי פאן פטי קר,פילסברי (ג'נל מילס),US,קרם ציפוי קרמל מלוח פילסברי453 גרם,גרמים,453.00,100 גרם,false,8,16.90,3.7307,true,1,339148
13300608005,false,תערובת עוגת שוקולד מ,פילסברי,US,תערובת עוגת שוקולד מיקס פאן פטי 432 גרם,גרמים,432.00,100 גרם,false,24,14.90,3.4491,true,1,345737
13300764268,false,קרם ציפוי פאן פטי ונ,פילסברי (ג'נל מילס),US,קרם ציפוי פאן פטי וניל 442 גרם פילסב,גרמים,442.00,100 גרם,false,8,16.90,3.8235,true,1,345734
13409128411,false,רוטב טריאקי בייבי רי,קנס פודס,US,רוטב טריאקי בייבי ריי גינגר שומשום473 מל,מיליליטרים,473.00,"100 מ""ל",false,12,21.90,4.6300,true,1,347616
13409128442,false,רוטב סוויט בייבי ריי,סוויט בייבי רייז שיק,,רוטב סוויט בייבי ריי בפאלו לכנפיים 473,מיליליטרים,473.00,"100 מ""ל",false,1,25.90,5.4757,true,1,334510
13409341155,false,רוטב ברביקיו סוויט ב,סוויט בייבי רייז שיק,,רוטב ברביקיו סוויט בייבי רי גבש510ג,גרמים,510.00,100 גרם,false,1,23.90,4.6863,true,1,255798
13409351000,false,רוטב ברביקיו סוויט ב,סוויט בייבי רייז שיק,,רוטב ברביקיו סוויט בייבי רי חריף510ג,גרמים,510.00,100 גרם,false,1,23.90,4.6863,true,1,255796
13409515198,false,רוטב ברביקיו סוויט ב,סוויט בייבי רייז שיק,,רוטב ברביקיו סוויט בייבי ציפוטלי510ג,גרמים,510.00,100 גרם,false,1,23.90,4.6863,true,1,255802
13409516867,false,רוטב פלפל חריף קאיין,קנס פודס,US,רוטב פלפל חריף קאיין בייבי רייס354מל,מיליליטרים,354.00,"100 מ""ל",false,12,19.90,5.6215,true,1,347617
13409918104,false,רוטב ברביקיו סוויט ב,סוויט בייבי רייז שיק,,רוטב ברביקיו סוויט בייבי אורגינל510ג,גרמים,510.00,100 גרם,false,1,23.90,4.6863,true,1,255797
14100074120,false,עוגיות מילאנו סנדביץ,פפרידג פראם,,עוג. מילנו סנדביץ שוקולד 170 גרם,גרמים,170.00,100 גרם,false,1,22.90,13.4706,true,1,229126
14100077084,false,עוגיות שוקו ציפס צאנ,פפרידג פראם,,עוגיות שוקו ציפס צאנק פקאן 206 גר,גרמים,206.00,100 גרם,false,1,22.90,11.1165,true,1,237350
14100077121,false,עוגיות מילאנו שוקוצי,פפרידג פראם,,עוג.שוקו ציפס קרנץ מקדמיה 206 גר,גרמים,206.00,100 גרם,false,1,22.90,11.1165,true,1,228461
14100079477,false,עוגיות מילאנו סנדביץ,פפרידג פראם,,עוג. מילנו סנדביץ מנטה 198 גרם,גרמים,198.00,100 גרם,false,1,22.90,11.5657,true,1,237348
14100082033,false,עוגיות מילאנו שוקוצי,פפרידג פראם,,עוג.שוקו ציפס בראוניס 244 גר,גרמים,244.00,100 גרם,false,1,22.90,9.3852,true,1,237351
16000120259,false,דגני בוקר עם ח.מ. לל,,US,דגני בוקר עם ח.מ. ללג גנרל מילס 331 גר,גרמים,331.00,100 גרם,false,6,29.90,9.0332,true,1,345499
16000124790,false,קרונפלקס דבש ואגוזים,,US,קרונפלקס דבש ואגוזים ללג ציריוס 306 גר,גרמים,306.00,100 גרם,false,12,31.90,10.4248,true,1,343884
16000163461,false,קרונפלקס תפוח קינמון,,US,קרונפלקס תפוח קינמון ללג ציריוס 402 גר,גרמים,402.00,100 גרם,false,8,38.90,9.6766,true,1,343885
16000182417,false,חטיף נייטשר ואלי קרם,ג'נראל מילס,,חטיף נייטשר ואלי קרם בוטנים מצופה 4 יח,Unknown,0.00,Unknown,false,1,17.90,0.0000,true,1,338709
16000182424,false,חטיף נייטשר ואלי קרם,ג'נראל מילס,,חטיף נייטשר ואלי קרם שדקים שברי שקד 4 יח,Unknown,0.00,Unknown,false,1,17.90,0.0000,true,1,338710
16000185517,false,דגני פייבר וואן 555,נסטלה,,דגני פייבר וואן 555 גרם,גרמים,555.00,100 גרם,false,1,19.90,3.5856,true,1,343972
16000281684,false,חטיף דגנים קראנצי פק,,,חטיף דגנים קראנצי פקאן 5 יח,גרמים,210.00,100 גרם,false,1,17.90,8.5238,true,1,235312
16000423534,false,חטיף דגנים נייטשר וו,,,חטיף דגנים נייטשר וואלי 5יח ש.ש.שוקולד,גרמים,210.00,100 גרם,false,1,17.90,8.5238,true,1,239921
16000548404,false,חטיף דגנים קראנצי 5י,,,חטיף דגנים קראנצי 5יח שיבולת שועל 210 ג,גרמים,210.00,100 גרם,false,1,17.90,8.5238,true,1,230497
16000548503,false,חטיף דגנים קראנצי,,,חטיף דגנים קראנצי מייפל ס.חום210גר נ.ואל,גרמים,210.00,100 גרם,false,1,17.90,8.5238,true,1,230498
16000548602,false,חטיף דגנים קראנצי,,,ח.דגנים קראנצי נ.ואלי קינמון 210 גר,גרמים,210.00,100 גרם,false,1,17.90,8.5238,true,1,230499
16000548909,false,חטיף דגנים קראנצי 5י,,,חטיף דגנים קראנצי 5יח בריאות מעורב 210ג,גרמים,210.00,100 גרם,false,1,17.90,8.5238,true,1,230500
16229906191,false,מחית קארי ירוק ארוי,תאי אגרי פוד,,מחית קארי ירוק ארוי 400 גר,גרמים,400.00,100 גרם,false,1,17.00,4.2500,true,1,247310
16229906436,false,מחית קארי צהוב 400 ג,תאי אגרי פוד,,מחית קארי צהוב 400 גר ארוי,גרמים,400.00,100 גרם,false,1,17.00,4.2500,true,1,247311
16229909819,false,קרם קוקוס 100% ארוי,תאי וורלד,,קרם קוקוס 100% ארוי די 1 ל בקרטון,ליטרים,1.00,ליטר,false,1,24.90,24.9000,true,1,309459
16229910891,false,נוזל קוקוס ארוי די ל,תאי אגרי פוד,TH,נוזל קוקוס ארוי די ללא סוכר 400 מל,מיליליטרים,400.00,"100 מ""ל",false,12,6.90,1.7250,true,1,347601
16229917593,false,מי קוקוס 100% פוקו 3,ויט וורלד קומפני,,מי קוקוס 100% פוקו 330 מל,מיליליטרים,330.00,"100 מ""ל",false,1,9.90,3.0000,true,1,313560
16229917609,false,מי קוקוס 100% עם רימ,ויט וורלד קומפני,,מי קוקוס 100% עם רימונים 330 מל,מיליליטרים,330.00,"100 מ""ל",false,1,9.90,3.0000,true,1,327475
16229917616,false,מי קוקוס 100% עם גוי,ויט וורלד קומפני,,מי קוקוס 100% עם גויאבה פוקו 330 מל,מיליליטרים,330.00,"100 מ""ל",false,1,9.90,3.0000,true,1,313563
16229917630,false,מי קוקוס 100% עם אננ,ויט וורלד קומפני,,מי קוקוס 100% עם אננס פוקו 330 מל,מיליליטרים,330.00,"100 מ""ל",false,1,9.90,3.0000,true,1,313564
16229917647,false,מי קוקוס 100% עם מנג,ויט וורלד קומפני,,מי קוקוס 100% עם מנגו פוקו 330 מל,מיליליטרים,330.00,"100 מ""ל",false,1,9.90,3.0000,true,1,313562
16229917654,false,מי קוקוס 100% עם ליצ,ויט וורלד קומפני,,מי קוקוס 100% עם ליצי פוקו 330 מל,מיליליטרים,330.00,"100 מ""ל",false,1,9.90,3.0000,true,1,313561
16229918354,false,רוטב קארי אדום 250 מ,תאי אגרי פוד,TH,רוטב קארי אדום 250 מל ארוי די,מיליליטרים,250.00,"100 מ""ל",false,12,10.90,4.3600,true,1,326123
16229918361,false,רוטב קארי ירוק 250 מ,תאי אגרי פוד,TH,רוטב קארי ירוק 250 מל ארוי די,מיליליטרים,250.00,"100 מ""ל",false,12,10.90,4.3600,true,1,326122
16229918378,false,רוטב קארי מאסמן 250,תאי אגרי פוד,TH,רוטב קארי מאסמן 250 מל ארוי די,מיליליטרים,250.00,"100 מ""ל",false,12,10.90,4.3600,true,1,326124
16229924263,false,קרם קוקוס 100% ארוי,תאי וורלד,,קרם קוקוס 100% ארוי די 250 מל,מיליליטרים,250.00,"100 מ""ל",false,1,10.90,4.3600,true,1,322270
16500980322,false,S.O.Sצמר פלדה עם חומ,,,S.O.Sצמר פלדה עם חומר פעיל,Unknown,0.00,Unknown,false,1,13.90,0.0000,true,1,228462
16800204470,false,פחם רויאל נדלק בקלות,רויאל אוק,,פחם רויאל נדלק בקלות 3 קג,קילוגרמים,3.00,"ק""ג",false,1,30.00,10.0000,true,1,245312
17252500004,false,סירופ שוקולד בוסקו 6,בוסקו פרודקטס,,סירופ שוקולד בוסקו 624 גר,גרמים,624.00,100 גרם,false,1,20.90,3.3494,true,1,245585
17252502244,false,סירופ מייפל בוסקו 70,בוסקו פרודקטס,,סירופ מייפל בוסקו 709 מל,מיליליטרים,709.00,"100 מ""ל",false,1,20.90,2.9478,true,1,236732
18000701223,false,תערובת לעוגת שוקולד,,,תערובת לעוגת שוקולד 517 גרם,גרמים,517.00,100 גרם,false,1,18.90,3.6557,true,1,228463
18000703494,false,תערובת לעוגת וניל 51,,,תערובת לעוגת וניל 517 גרם,גרמים,517.00,100 גרם,false,1,18.90,3.6557,true,1,228464
18000703517,false,תערובת לעוגת שיש 550,,,תערובת לעוגת שיש 550 גרם,גרמים,550.00,100 גרם,false,1,18.90,3.4364,true,1,229124
18000766413,false,תערובת לבראוניס 552,,,תערובת לבראוניס 552 גרם,גרמים,552.00,100 גרם,false,1,18.90,3.4239,true,1,229125
18200004735,false,בירה באדוויזר 473מל,,US,בירה באדוויזר 473מל בקבוק אלומיניום,מיליליטרים,473.00,"100 מ""ל",false,24,11.90,2.5159,true,1,332474
18787111116,false,תרסיס להיגיינת ידיים,דר ברונר,,תרסיס להיגיינת ידיים 59מל דר ברונר לבנדר,Unknown,0.00,Unknown,false,1,24.90,0.0000,true,1,331320
18787762165,false,סבון נוזלי דר ברונר,דר ברונר,,סבון נוזלי דר ברונר אורגני לתינוק 472מל,מיליליטרים,472.00,"100 מ""ל",false,12,45.90,9.7246,true,1,323698
18787764169,false,סבון נוזלי דר ברונר,דר ברונר,,סבון נוזלי דר ברונר אורגני לבנדר 472מל,מיליליטרים,472.00,"100 מ""ל",false,12,45.90,9.7246,true,1,323696
18787765166,false,סבון נוזלי דר ברונר,דר ברונר,,סבון נוזלי דר ברונר אורגני מנטה 472מל,מיליליטרים,472.00,"100 מ""ל",false,12,45.90,9.7246,true,1,323701
18787779163,false,סבון נוזלי דר ברונר,דר ברונר,,סבון נוזלי דר ברונר אורגני תה ירוק472מל,מיליליטרים,472.00,"100 מ""ל",false,12,45.90,9.7246,true,1,323860
18787784051,false,סבון מוצק דר ברונר,דר ברונר,,סבון מוצק דר ברונר אורגני לבנדר 140גר,גרמים,140.00,100 גרם,false,12,22.90,16.3571,true,1,323691
18787785058,false,סבון מוצק דר ברונר,דר ברונר,,סבון מוצק דר ברונר אורגני מנטה 140גר,גרמים,140.00,100 גרם,false,12,22.90,16.3571,true,1,323695
18787786055,false,סבון מוצק דר ברונר,דר ברונר,,סבון מוצק דר ברונר אורגני עץ התה 140גר,גרמים,140.00,100 גרם,false,12,22.90,16.3571,true,1,323693
18787789056,false,סבון מוצק דר ברונר,דר ברונר,,סבון מוצק דר ברונר אורגני תה ירוק140גר,גרמים,140.00,100 גרם,false,12,22.90,16.3571,true,1,323857
18787792056,false,סבון מוצק דר ברונר,דר ברונר,,סבון מוצק דר ברונר אורגני יסמין140גר,גרמים,140.00,100 גרם,false,12,22.90,16.3571,true,1,323858
21200010231,false,סרט דבק מגיק חד פעמי,3m,,סרט דבק מגיק חד פעמי,יחידה,1.00,יחידה,false,1,10.00,10.0000,true,1,306554
21200010538,false,גליל דבק דו צדדי,3m,,גליל דבק דו צדדי,יחידה,1.00,יחידה,false,1,19.90,19.9000,true,1,306556
21200010545,false,ריבועי דבק דו צדדי ס,3m,,ריבועי דבק דו צדדי ספוגי צבע לבן 16יח,יחידה,16.00,יחידה,false,1,19.90,1.2437,true,1,306564
21200013393,false,דבק דו צדדי ספוגי לב,3m,,דבק דו צדדי ספוגי לבן,יחידה,1.00,יחידה,false,1,29.90,29.9000,true,1,306565
21200471032,false,דבק דו צדדי ספוגי חז,3m,,דבק דו צדדי ספוגי חזק במיוחד,יחידה,1.00,יחידה,false,1,29.90,29.9000,true,1,310256
21200492891,false,גליל ניירות דביקים 3,3m,CN,גליל ניירות דביקים 30 דף סקוטש ברייט,יחידה,30.00,יחידה,false,12,17.90,0.5967,true,1,306545
21200513152,false,כרית קרצוף 3יח לא שו,3m,,כרית קרצוף 3יח לא שורטים ורודים,יחידה,3.00,יחידה,false,1,14.90,4.9667,true,1,306550
21200572357,false,כרית קרצוף 3יח לניקו,3m,,כרית קרצוף 3יח לניקוי חזק ירוקים,יחידה,3.00,יחידה,false,1,14.90,4.9667,true,1,306548
21723339994,false,רוטב דגים טיפארוס 30,Tang sang hah co. lt,,רוטב דגים טיפארוס 300 מל,מיליליטרים,300.00,"100 מ""ל",false,1,9.90,3.3000,true,1,346787
21723758887,false,רוטב דגים טיפארוס 70,Tang sang hah co. lt,TH,רוטב דגים 700מל (טיפארוס) (כ),מיליליטרים,730.00,"100 מ""ל",false,12,15.90,2.1781,true,1,236202
22200956932,false,דאו.ספיד סטיק גל לגב,Colgate - USA,,דאו.ספיד סטיק גל לגבר כחול 24/7,גרמים,51.00,100 גרם,false,1,18.90,37.0588,true,1,231373
22224200820,false,ממתק ליקריץ תות וולב,קניס קנדי,,ממתק ליקריץ תות וולבי 110 גר,גרמים,110.00,100 גרם,false,1,12.90,11.7273,true,1,246064
22224200837,false,ממתק ליקריץ שחור וול,קניס קנדי,,ממתק ליקריץ שחור וולבי 110 גר,גרמים,110.00,100 גרם,false,1,12.90,11.7273,true,1,246055
22224500722,false,פופקורן סוויט כאוס ב,קניס קנדי,US,פופקורן סוויט כאוס בצק עוגיות 156 גרם,גרמים,156.00,100 גרם,false,12,22.90,14.6795,true,1,342080
22314015037,false,ממרח ערמונים בצנצנת,,FR,ממרח ערמונים בצנצנת 250 גרם צרפת,גרמים,250.00,100 גרם,false,12,22.90,9.1600,true,1,336703
23535995955,false,ממרח וניל טבעי מדאגס,לורן אויילס,US,ממרח וניל טבעי מדאגסקאר 60 מל,Unknown,0.00,Unknown,false,36,54.90,0.0000,true,1,346199
24100226429,false,קרקר ציז היט אורגינל,קיבלר,,קרקר ציז היט אורגינל 127 גר,גרמים,127.00,100 גרם,false,1,10.90,8.5827,true,1,307260
24100577163,false,קרקר קיבלר ציז איט ס,קיבלר,,קרקר קיבלר ציז איט סנק 127 גר,גרמים,127.00,100 גרם,false,1,14.90,11.7323,true,1,311957
25675120020,false,מקלות חמצוצים פטל100,,,מקלות חמצוצים פטל100גר,גרמים,100.00,100 גרם,false,1,8.90,8.9000,true,1,231351
25675120037,false,מקלות חמצוצים תות 10,,,מקלות חמוץ 100 ג תות,גרמים,100.00,100 גרם,false,1,8.90,8.9000,true,1,231353
25675120068,false,מקלות חמצוצים קולה 1,,,מקלות חמוץ 100 ג קולה,גרמים,100.00,100 גרם,false,1,8.90,8.9000,true,1,231352
25675120105,false,מקלות חמצוצים דובדבן,,,מקלות חמצוצים דובדבן חמוץ 100גר,גרמים,100.00,100 גרם,false,1,8.90,8.9000,true,1,251124
25675124790,false,מיני מרשמלו צבעוני,,US,מיני מרשמלו צבעוני 227 גר פשקס,גרמים,227.00,100 גרם,false,12,15.90,7.0044,true,1,329018
25675124813,false,מרשמלו צבעוני גדול,,US,מרשמלו צבעוני גדול 225 גר פשקס,גרמים,225.00,100 גרם,false,12,15.90,7.0667,true,1,330593
25675301153,false,מקלות חמוצוצים פטל 5,,,מקלות חמוצוצים פטל 50 גר,Unknown,0.00,Unknown,false,1,4.90,0.0000,true,1,232529
25675301177,false,מקלות חמצוצים דובדבן,,,מקלות חמוץ דובדבן חמוץ50 גר,Unknown,0.00,Unknown,false,1,4.90,0.0000,true,1,251093
25700005650,false,שקיות הקפאה זיפלוק ג,,US,שקיות הקפאה זיפלוק גדולות 14יח,יחידה,14.00,יחידה,false,12,13.90,0.9929,true,1,335528
27379005658,false,עוגת פנטוני מיני 100,SWEETITALY,,עוגת פנטוני מיני 100 גר סוויסאיטלי,גרמים,100.00,100 גרם,false,1,12.90,12.9000,true,1,234755
29801025203,false,עוגיות חמאה באטרס קר,HAMLET NV,,עוגיות חמאה באטרס קריספי 200 גר,גרמים,200.00,100 גרם,false,1,18.90,9.4500,true,1,235840
30000315958,false,קואקר פרוטאין בננה א,FRITO-LAY TRADING CO,,קואקר פרוטאין בננה אגוזים 366 ג שקית,גרמים,366.00,100 גרם,false,1,22.90,6.2568,true,1,327718
30000315989,false,קואקר פרוטאין חמוציו,FRITO-LAY TRADING CO,,קואקר פרוטאין חמוציות ושקדים 366 ג שקית,גרמים,366.00,100 גרם,false,1,22.90,6.2568,true,1,327717
30100211471,false,קרקר סנדוויץ קיבלר צ,קיבלר,,קרקר סנדוויץ קיבלר צאדר 612 גר 12 יח,גרמים,612.00,100 גרם,false,1,38.90,6.3562,true,1,307044
30100211631,false,קרקר סנדוויץ קיבלר צ,קיבלר,,קרקר סנדוויץ קיבלר צאדר לבן 612 גר 12 יח,גרמים,612.00,100 גרם,false,1,38.90,6.3562,true,1,307045
30100472414,false,קרקר סנדוויץ קיבלר צ,קיבלר,,קרקר סנדוויץ קיבלר צאדר שמיניה 311 גר,גרמים,311.00,100 גרם,false,1,26.90,8.6495,true,1,249903
30100487180,false,קרקר קיבלר גבינת צאד,קיבלר,,קרקר קיבלר גבינת צאדר311 גר שמיניה,גרמים,311.00,100 גרם,false,1,26.90,8.6495,true,1,309005
31200001597,false,חמוציות אושן ספריי 1,אושן ספריי,,חמוציות אושן ספריי 170 ג,גרמים,170.00,100 גרם,false,1,12.90,7.5882,true,1,309217
31290140107,false,שוקולד גודאיבה סטיקס,,,שוקולד גודאיבה סטיקס 72% מריר 90 גר,Unknown,0.00,Unknown,false,18,14.90,0.0000,true,1,333798
31290140176,false,שוקולד גודאיבה סטיקס,,,שוקולד גודאיבה סטיקס מריר שקד 90 גר,Unknown,0.00,Unknown,false,18,14.90,0.0000,true,1,333799
31290140190,false,שוקולד גודאיבה סטיקס,,,שוקולד גודאיבה סטיקס מלח ים 90 גר,Unknown,0.00,Unknown,false,18,14.90,0.0000,true,1,333800
33200140702,false,דפים למייבש פרש ניחו,,,דפים למייבש פרש ניחוח מרענן 100 יח,יחידה,100.00,יחידה,false,1,28.90,0.2890,true,1,239118
33200143307,false,דפים למייבש כביסה קל,,,דפים למייבש כביסה קלין סנטסיישנס 40דף,Unknown,0.00,Unknown,false,1,11.90,0.0000,true,1,229147
33200147701,false,דפים למייבש פרש סופט,,,דפים למייבש פרש סופט 100 יח,יחידה,100.00,יחידה,false,1,28.90,0.2890,true,1,232377
33617322616,false,פת פריכה ואזה קלה מק,,,פת פריכה ואזה קלה מקמח שיפון 270 גר,גרמים,270.00,100 גרם,false,1,15.90,5.8889,true,1,241085
33617340610,false,פת פריכה ואזה מקמח ש,,,פת פריכה ואזה מקמח שיפון 250 גרם,גרמים,250.00,100 גרם,false,1,15.90,6.3600,true,1,241084
34000148301,false,נטיפי שוקולד מריר הר,,,נטיפי שוקולד מריר הרשי לאפיה 340 גר,גרמים,340.00,100 גרם,false,1,20.00,5.8824,true,1,317600
34000196173,false,שוקולד הרשי קוקיס אנ,הרשיז,,שוקולד הרשי קוקיס אנד קרים 113 גר,גרמים,113.00,100 גרם,false,1,8.90,7.8761,true,1,306353
34000312177,false,סירופ שוקולד הרשי 6,,,סירופ שוקולד הרשי 680 מל,מיליליטרים,680.00,"100 מ""ל",false,1,20.00,2.9412,true,1,232595
34000442652,false,שוקולד הרשי ריסז 120,הרשיז,,שוקולד הרשי ריסז 120 גר,גרמים,120.00,100 גרם,false,1,8.90,7.4167,true,1,306354
34000446001,false,חטיפי שוקולד הרשי רי,,,חטיפי שוקולד הרשי ריזס מינס 100 גר,גרמים,100.00,100 גרם,false,1,10.90,10.9000,true,1,248360
34000470228,false,חטיפי שוקולד הרשיז ר,,,חטיפי שוקולד הרשיז ריזס מיני 70 גר,Unknown,0.00,Unknown,false,1,6.50,0.0000,true,1,248359
34000470563,false,הרשי ריסז מיניס 215,הרשיז,US,הרשי ריסז מיניס 215 גרם,גרמים,215.00,100 גרם,false,8,19.90,9.2558,true,1,328583
34000544028,false,סוכריות טוויזלר תות,הרשיז,US,סוכריות טוויזלר תות שדה 198 גר,גרמים,198.00,100 גרם,false,12,8.90,4.4949,true,1,229973
34000544431,false,סוכיות טוויזלר דובדב,הרשיז,US,סוכיות טוויזלר דובדבן 172 גרם,גרמים,172.00,100 גרם,false,12,8.90,5.1744,true,1,341493
34000996643,false,סוכריות הרשי דרופס 2,הרשיז,US,סוכריות הרשי דרופס 215 גרם,גרמים,215.00,100 גרם,false,8,19.90,9.2558,true,1,328582
35000458476,false,מברשת שיניים קולגייט,קולגייט,VN,מברשת שיניים קולגייט ילדים רביעייה,יחידה,4.00,יחידה,false,18,22.90,5.7250,true,1,327837
36000183399,false,חיתול האגיס ליטל סוו,KC צ'כיה,CZ,ליטל סווימרס M 7-15 kg,Unknown,0.00,Unknown,false,12,29.90,0.0000,true,1,228490
36000516876,false,מגבוני אף קלינקס לוש,KC USA,,מגבוני אף קלינקס לושן 75 יח שלוש שכבות,יחידה,75.00,יחידה,false,1,12.90,0.1720,true,1,329929
36000516890,false,מגבוני אף קלינקס לוש,KC USA,,מגבוני אף קלינקס לושן 120 יח שלוש שכבות,יחידה,120.00,יחידה,false,1,14.90,0.1242,true,1,329930
37600207188,false,חמאת בוטנים סקיפי קל,הורמל,,חמאת בוטנים סקיפי קלאסי 462 גר,גרמים,462.00,100 גרם,false,1,19.90,4.3074,true,1,251094
37600207256,false,חמאת בוטנים סקיפי שי,הורמל,,חמאת בוטנים סקיפי שיברי בוטנים 462 גר,גרמים,462.00,100 גרם,false,1,19.90,4.3074,true,1,251095
37600207287,false,חמאת בוטנים סקיפי עם,הורמל,,חמאת בוטנים סקיפי עם דבש 462 גר,גרמים,462.00,100 גרם,false,1,19.90,4.3074,true,1,251096
37600297943,false,סלסה צי ציז חריפה 43,,US,סלסה צי ציז חריפה 439 גרם,גרמים,439.00,100 גרם,false,12,19.90,4.5330,true,1,347501
37600297967,false,סלסה צי ציז חריפות ע,,US,סלסה צי ציז חריפות עדינה 439 גרם,גרמים,439.00,100 גרם,false,12,19.90,4.5330,true,1,347500
38000138607,false,חטיף תפוא פרינגלס מל,פרינגלס,,חטיף תפוא פרינגלס מלח וחומץ 158 גר,גרמים,158.00,100 גרם,false,1,10.90,6.8987,true,1,335659
38000183928,false,חטיף תפוא פרינגלס חר,פרינגלס,,חטיף תפוא פרינגלס חרדל ודבש 158 גר,גרמים,158.00,100 גרם,false,1,10.90,6.8987,true,1,334734
38000221675,false,עוגיות פופ טארט שוקו,קלוג קומפני,US,עוגיות פופ טארט שוקולד ציפס 384 גרם,גרמים,384.00,100 גרם,false,12,23.90,6.2240,true,1,332178
38000222559,false,עוגיות פופ טארט אוכמ,קלוג קומפני,US,עוגיות פופ טארט אוכמניות 384 גרם,גרמים,384.00,100 גרם,false,12,23.90,6.2240,true,1,332179
38000222610,false,עוגיות פופ טארט קינמ,קלוג קומפני,US,עוגיות פופ טארט קינמון 384 גרם,גרמים,384.00,100 גרם,false,12,23.90,6.2240,true,1,338447
38000222696,false,עוגיות פופ טארט פטל,קלוג קומפני,,עוגיות פופ טארט פטל 384 גרם,גרמים,384.00,100 גרם,false,1,23.90,6.2240,true,1,332184
38000222719,false,עוגיות פופ טארט תות,קלוג קומפני,,עוגיות פופ טארט תות 384 גרם,גרמים,384.00,100 גרם,false,1,23.90,6.2240,true,1,332181
38000232152,false,חטיף תפוא פרינגלס בר,פרינגלס,,חטיף תפוא פרינגלס ברביקיו 158 גר,גרמים,158.00,100 גרם,false,1,10.90,6.8987,true,1,331108
38000232176,false,חטיף תפוא פרינגלס בצ,פרינגלס,,חטיף תפוא פרינגלס בצל שמנת 158 גר,גרמים,158.00,100 גרם,false,1,10.90,6.8987,true,1,331107
38000232183,false,חטיף תפוא פרינגלס או,פרינגלס,,חטיף תפוא פרינגלס אורגינל 149 גר,גרמים,149.00,100 גרם,false,1,10.90,7.3154,true,1,331106
38000251894,false,עוגיות פופ טארט תפוח,קלוג קומפני,US,עוגיות פופ טארט תפוח פריך 384 גרם,גרמים,384.00,100 גרם,false,12,23.90,6.2240,true,1,343660
38000500381,false,עוגיות פופ טארט פאדג,קלוג קומפני,US,עוגיות פופ טארט פאדג סנדיי 384 גרם,גרמים,384.00,100 גרם,false,12,23.90,6.2240,true,1,326546
38527591053,false,ד.בוקר קואקר מרובעים,BEVERAGES FOODS & SE,,ד.בוקר קואקר מרובעים קינמון 412 ג,גרמים,412.00,100 גרם,false,1,19.90,4.8301,true,1,242017
38527591060,false,ד.בוקר קואקר מרובעים,BEVERAGES FOODS & SE,,ד.בוקר קואקר מרובעים 412 ג,גרמים,412.00,100 גרם,false,1,19.90,4.8301,true,1,242023
39000008006,false,קונכיות מתירס לבן למ,בי אנד ג'י,,קונכיות מתירס לבן למילוי ל.ג 164 גר,גרמים,140.00,100 גרם,false,1,21.90,15.6429,true,1,318149
39000008051,false,אורטגה טאקו דינר 12,בי אנד ג'י,,אורטגה טאקו דינר 12 יח,יחידה,1.00,יחידה,false,1,33.90,33.9000,true,1,243343
39000008907,false,רוטב לטאקו אוטגה 226,בי אנד ג'י,US,אורטגה לטאקו 226 ג זכוכית 907,מיליליטרים,226.00,"100 מ""ל",false,12,17.50,7.7434,true,1,237830
39000010351,false,פלפל חלפנו פרוס אורט,בי אנד ג'י,,פלפל חלפנו פרוס אורטגה 354 גר צנצנת,מיליליטרים,354.00,"100 מ""ל",false,1,18.90,5.3390,true,1,307633
39047001152,false,עוגיות ווקרס חמאה פי,,GB,עוגיות ווקרס חמאה פינגרס 150 ג,גרמים,150.00,100 גרם,false,12,17.90,11.9333,true,1,229593
39047002111,false,קרקר וולקרס שבולת שו,,GB,קרקר וולקרס שבולת שועל היילנד 280 גרם,גרמים,280.00,100 גרם,false,12,21.90,7.8214,true,1,344135
39047002128,false,קרקר וולקרס שבולת שו,,GB,קרקר וולקרס שבולת שועל דק 280 גרם,גרמים,280.00,100 גרם,false,12,21.90,7.8214,true,1,344134
39047005426,false,ביסקויט ווקרס עם גינ,,GB,ביסקויט ווקרס עם גינגר 150 גר,גרמים,150.00,100 גרם,false,12,17.90,11.9333,true,1,229594
39047005440,false,ביסקויט ווקרס שוקולד,,,ביסקויט ווקרס שוקולד אגוזים 150גר,גרמים,150.00,100 גרם,false,1,17.90,11.9333,true,1,253823
39047014077,false,עוגיות ווקרס חמאה עג,,GB,עוגיות ווקרס חמאה עגולות 150גר,גרמים,150.00,100 גרם,false,12,17.90,11.9333,true,1,244834
39047014718,false,עוגיות ווקרס חמאה טב,,GB,עוגיות ווקרס חמאה טבעות 150גר,גרמים,150.00,100 גרם,false,12,17.90,11.9333,true,1,344133
39047050747,false,עוגיות טופי פקאן ווק,,GB,עוגיות טופי פקאן ווקרס 150 ג,גרמים,150.00,100 גרם,false,12,17.90,11.9333,true,1,344125
40000512943,false,סוכריות אם אנד אמס ש,,,שוקולד אם אנד אם 300 גרם,גרמים,300.00,100 גרם,false,,19.90,6.6333,true,1,332907
40000513056,false,סוכריות אם אנד אמס ב,,,שוקולד בוטנים אם אנד אם 300 גרם,גרמים,300.00,100 גרם,false,,19.90,6.6333,true,1,332906
40000513568,false,סוכריות אמ אנד אמס ע,,,שוקולד אם אנד אם 155 גרם,גרמים,155.00,100 גרם,false,,11.90,7.6774,true,1,332905
40000513582,false,סוכריות אם אנד אמס ב,,,שוקולד בוטנים אם אנד אם 155 גרם,גרמים,155.00,100 גרם,false,,11.90,7.6774,true,1,332903
40000513629,false,סוכריות אם אנד אמס ח,,,שוקולד חמאת בוטנים אם אנד אם 155 גרם,גרמים,155.00,100 גרם,false,,11.90,7.6774,true,1,332904
40000514480,false,סוכריות אם אנד אמס ש,,,רסוכריות אם אנד אמס שוקולד48 גר,Unknown,0.00,Unknown,false,,5.00,0.0000,true,1,332910
40000514510,false,סוכריות אם אנד אמס ב,,,שוקולד בוטנים אם אנד אם 49 גר,Unknown,0.00,Unknown,false,,5.00,0.0000,true,1,332908
41143072004,false,תאנים מוזהבות מיובשו,,US,תאנים מוזהבות מיובשות סאן מייד 170גרם,גרמים,170.00,100 גרם,false,12,26.90,15.8235,true,1,334068
41143072400,false,תאנים מיובשות סאן מי,,US,תאנים מיובשות סאן מייד 198 גרם,גרמים,198.00,100 גרם,false,12,26.90,13.5859,true,1,334067
41143299081,false,שזיף מגולען סאן מייד,,US,שזיף מגולען סאן מייד 198 גר,גרמים,198.00,100 גרם,false,12,19.90,10.0505,true,1,334071
41152232017,false,רוטב קרנברי גל רובי,קלמנט פאפס,US,רוטב קרנברי גל רובי קיטס 397 מל,מיליליטרים,397.00,"100 מ""ל",false,24,14.50,3.6524,true,1,318933
41152282012,false,רוטב קרנברי פרי רובי,קלמנט פאפס,US,גלי קרנברי למילוי עוגה 397 גר,מיליליטרים,454.00,"100 מ""ל",false,24,14.50,3.1938,true,1,318932
41190017522,false,רוטב וושסטר שופרייט,,US,רוטב וושסטר שופרייט 296 מל,מיליליטרים,296.00,"100 מ""ל",false,12,16.90,5.7095,true,1,339431
41190022663,false,קואקר נמס שופרייט מי,ווקפרן פוד,,קוואקר נמס שופרייט מייפל 350 גר,גרמים,350.00,100 גרם,false,1,22.50,6.4286,true,1,253358
41190022687,false,קואקר נמס שופרייט ל.,ווקפרן פוד,,קוואקר נמס שופרייט ל.ס.336 גר,גרמים,336.00,100 גרם,false,1,22.50,6.6964,true,1,253357
41190022724,false,קואקר נמס שופרייט תפ,ווקפרן פוד,,קוואקר נמס שופרייט תפוח קינמון350גר,גרמים,350.00,100 גרם,false,1,22.50,6.4286,true,1,253359
41190045600,false,ד.בוקר פיצפוצי אורז,ווקפרן פוד,US,שופרייט קורנפלקס פיצפוצי אורז 340 גר,גרמים,340.00,100 גרם,false,10,28.90,8.5000,true,1,237672
41190052837,false,ד.בוקר רייזן בראן530,ווקפרן פוד,,ד.בוקר רייזן בראן530 גר שופרייט,גרמים,530.00,100 גרם,false,1,25.00,4.7170,true,1,309024
41190064564,false,סלסה שופרייט חריפה 4,ווקפרן פוד,US,רוטב סלסה שופרייט חריף 454 ג,גרמים,454.00,100 גרם,false,12,19.90,4.3833,true,1,336712
41224468108,false,עגבניות מיובשות בשמן,סיבס,TR,עגבניות מיובשות בשמן זית 340גר רולאנד,מיליליטרים,340.00,"100 מ""ל",false,12,23.90,7.0294,true,1,338912
41224700062,false,צלפים מינאטורים במלח,סיבס,TR,צלפים מינאטורים במלח 75 גר רולנד,גרמים,75.00,100 גרם,false,24,13.90,18.5333,true,1,236166
41224700260,false,צלפים מינאטורים בחומ,סיבס,TR,צלפים מינאטורים בחומץ 90 גר רולנד,Unknown,0.00,Unknown,false,24,13.90,0.0000,true,1,236167
41224700925,false,צלפים פירות בחומץ רו,סיבס,TR,צלפים פירות בחומץ רולנד 466 מל,מיליליטרים,466.00,"100 מ""ל",false,12,24.90,5.3433,true,1,338613
41224703506,false,גרעיני פלפל ורוד ירו,טארימסל גידה,,גרעיני פלפל ורוד ירוק בחומץ 110מל רולאנד,מיליליטרים,110.00,"100 מ""ל",false,1,13.90,12.6364,true,1,243400
41321005459,false,רוטב ווישבון איטלקי,קונגרה פודס,US,רוטב ווישבון איטלקי דל שומן 444 מל,מיליליטרים,444.00,"100 מ""ל",false,6,22.90,5.1577,true,1,342081
41335000501,false,רוטב קנס איטלקי מרינ,קנס פודס,,רוטב קנס איטלקי מרינדה 473 גר,גרמים,473.00,100 גרם,false,1,29.90,6.3214,true,1,237500
41335000532,false,רוטב קנס אלף האיים 4,קנס פודס,,רוטב קנס אלף האיים 473 גר,גרמים,473.00,100 גרם,false,1,29.90,6.3214,true,1,233337
41335000549,false,רוטב קנס ראנץ באטר מ,קנס פודס,,רוטב קנס ראנץ באטר מילק 473 גר,גרמים,473.00,100 גרם,false,1,29.90,6.3214,true,1,309449
41335000594,false,רוטב קנס קיסר 473 מל,קנס פודס,,רוטב קנס קיסר 473 מל,מיליליטרים,473.00,"100 מ""ל",false,1,29.90,6.3214,true,1,243675
41335001294,false,רוטב קנס וינגרט בלסמ,קנס פודס,,רוטב קנס וינגרט בלסמי 473 מל,מיליליטרים,473.00,"100 מ""ל",false,1,29.90,6.3214,true,1,312540
41390001079,false,רוטב סויה מופחת נתרן,,,רוטב סויה מופחת נתרן קיקומן 444 מל,מיליליטרים,444.00,"100 מ""ל",false,1,19.90,4.4820,true,1,255841
41390010309,false,רוטב טריאקי קיקומן 4,,,רוטב טריאקי קיקומן 444 מל,מיליליטרים,444.00,"100 מ""ל",false,1,19.90,4.4820,true,1,255842
41500000299,false,חרדל פרנצס דבש דיזון,פרנצ'ס,US,חרדל פרנצס דבש דיזון 340 גר,גרמים,340.00,100 גרם,false,12,19.90,5.8529,true,1,329512
41500000428,false,חרדל פרנצס חום חריף,פרנצ'ס,US,חרדל פרנצס חום חריף 340 גר,גרמים,340.00,100 גרם,false,12,19.90,5.8529,true,1,329511
41500007007,false,חרדל פרנצס לחיץ 226,פרנצ'ס,US,חרדל פרנצס לחיץ 226 גרם,גרמים,226.00,100 גרם,false,12,11.90,5.2655,true,1,228987
41500013107,false,רוטב וורצסטר פרנצס 2,רקיט בנקיזר,,רוטב וורצסטר פרנצס 296 מל,מיליליטרים,296.00,"100 מ""ל",false,1,20.00,6.7568,true,1,331679
41500013183,false,רוטב וורצסטר פרנשס 4,,US,רוטב וורצסטר פרנשס 443 מל,מיליליטרים,448.00,"100 מ""ל",false,6,26.90,6.0045,true,1,345122
41500745107,false,רוטב רד הוט באפלו לכ,,,רוטב רד הוט באפלו לכנפיים 354 ג,Unknown,0.00,Unknown,false,1,27.90,0.0000,true,1,316339
41500805023,false,רוטב רד הוט קלאסי 35,רקיט בנקיזר,,רוטב רד הוט קלאסי 354 מל,מיליליטרים,354.00,"100 מ""ל",false,1,27.90,7.8814,true,1,231746
41500818467,false,רוטב וורצסטר פרנשס ד,,US,רוטב וורצסטר פרנשס דל נתרן 443 מל,מיליליטרים,448.00,"100 מ""ל",false,6,26.90,6.0045,true,1,345123
41501008034,false,קונכיות מתירס אורטגה,בי אנד ג'י,,קונכיות מתירס אורטגה למילוי ל.ג.140 גר,גרמים,140.00,100 גרם,false,1,21.90,15.6429,true,1,309033
41501012055,false,טאקו מתירס כחול אורט,בי אנד ג'י,,אורטגה טאקו מתירס כחול 12 יח 140 גר,גרמים,140.00,100 גרם,false,1,25.90,18.5000,true,1,321158
41570113059,false,משקה חלב שקדים אורגי,בלו דיאמונד,ZA,משקה חלב שקדים אורגינל 1 ליטר בלו דיאמנד,ליטרים,1.00,ליטר,false,12,19.90,19.9000,true,1,325338
41570113066,false,משקה חלב שקדים ללא ס,בלו דיאמונד,ZA,משקה חלב שקדים ללא סוכר1 ליטר בלו דיאמנד,ליטרים,1.00,ליטר,false,12,19.90,19.9000,true,1,325339
41570113080,false,משקה חלב שקדים בטעם,בלו דיאמונד,ZA,משקה חלב שקדים בטעם וניל ללא סוכר 1ליטר,ליטרים,1.00,ליטר,false,12,19.90,19.9000,true,1,325341
41740000806,false,בורשט גולדס 710 מל,גולד פיור פוד,,בורשט גולדס 710 מל,מיליליטרים,710.00,"100 מ""ל",false,1,19.90,2.8028,true,1,237165
42400108153,false,דגני פוסט טוטי פרוטי,פוסט ארצות הברית,US,דגני פוסט טוטי פרוטי 354 גר,גרמים,354.00,100 גרם,false,14,22.90,6.4689,true,1,336104
44000058760,false,ביסקויט אוראו שוקולד,,,ביסקויט אוראו שוקולד 566 גרם אמריקה,גרמים,566.00,100 גרם,false,1,29.90,5.2827,true,1,346268
44000060398,false,ביסקויט אוראו חמאת ב,,,ביסקויט אוראו חמאת בוטנים482 גרם אמריקה,גרמים,482.00,100 גרם,false,1,29.90,6.2033,true,1,346269
44000060411,false,ביסקויט אוראו יום הו,,,ביסקויט אוראו יום הולדת482 גרם אמריקה,גרמים,482.00,100 גרם,false,1,29.90,6.2033,true,1,346270
44600300580,false,כלורקס קלין אפ פרש מ,,,כלורקס קלין אפ פרש מרסס 946 מל,מיליליטרים,946.00,"100 מ""ל",false,1,19.90,2.1036,true,1,335593
44738219563,false,במבושוט חצאים במים 5,Theppadungporn cocon,TH,במבושוט חצאים 565 גר,גרמים,565.00,100 גרם,false,24,13.90,2.4602,true,1,336150
44935000216,false,חטיף קטל ציפס ראוט 1,,US,חטיף קטל ציפס ראוט 11 ברביקיו 170 גרם,גרמים,170.00,100 גרם,false,12,19.90,11.7059,true,1,338854
44935000612,false,חטיף קטל ציפס ראוט 1,,US,חטיף קטל ציפס ראוט 11 שמנת ובצל170 גרם,גרמים,170.00,100 גרם,false,12,19.90,11.7059,true,1,338857
44935100015,false,חטיף קטל ציפס ראוט 1,,US,חטיף קטל ציפס ראוט 11 מאמא זומה170 גרם,גרמים,170.00,100 גרם,false,12,19.90,11.7059,true,1,338858
46214372250,false,עוגיות שוקוציפס מרבה,Merba BV,NL,עוגיות שוקוציפס מרבה שטרודל תפוחי 225 גר,גרמים,225.00,100 גרם,false,20,9.90,4.4000,true,1,228560
46214382259,false,עוגיות שוקוציפס מרבה,Merba BV,,עוגיות שוקוציפס מרבה בראוניז 225 גר,גרמים,225.00,100 גרם,false,1,9.90,4.4000,true,1,228561
46214731552,false,עוגיות שוקוציפס מרבה,Merba BV,NL,עוגיות שוקוציפס מרבה שוקולד 225 גר,גרמים,225.00,100 גרם,false,24,9.90,4.4000,true,1,228562
47800175477,false,רוטב היקורי מעושן מר,בי אנד ג'י,US,תיבול היקורי מרוכז 103 מל חום,מיליליטרים,103.00,"100 מ""ל",false,12,17.90,17.3786,true,1,250773
47997130105,false,תערובת תיבול מגיק לל,מג'יק,US,מגיק תיבול ללא מלח 141 ג,גרמים,141.00,100 גרם,false,12,26.50,18.7943,true,1,236345
48256214758,false,אסטוניש אבקת הפלא לכ,אסטוניש,,אסטוניש אבקת הפלא לכביסה 1 קג,קילוגרמים,1.00,"ק""ג",false,1,25.90,25.9000,true,1,231789
49319110017,false,ציר דגים דאשינומוטו,JFC JAPAN INC.,,ציר דגים דאשינומוטו 50 גר,Unknown,0.00,Unknown,false,1,18.50,0.0000,true,1,255816
49568010342,false,מיונז טבעוני 340 גר,ארת איילנד,,מיונז טבעוני 340 גרם,גרמים,340.00,100 גרם,false,1,24.90,7.3235,true,1,312384
49568093505,false,רוטב וינגריט חרדל וד,ארת איילנד,,רוטב וינגריט חרדל ודבש טבעוני 355 מל,מיליליטרים,355.00,"100 מ""ל",false,1,24.90,7.0141,true,1,312380
49568200347,false,מיונז טבעוני מופחת ש,ארת איילנד,,מיונז טבעוני מופחת שומן 340 גרם,גרמים,340.00,100 גרם,false,1,24.90,7.3235,true,1,312383
49568470054,false,תחליף ביצים לבישול ו,,,תחליף ביצים לבישול ואפיה סויה אורגנית,גרמים,114.00,100 גרם,false,1,39.90,35.0000,true,1,333409
49568720340,false,ממרח ציפוטלה טבעוני,ארת איילנד,,ממרח ציפוטלה טבעוני לסלט וסנדביץ 340גרם,גרמים,340.00,100 גרם,false,1,26.90,7.9118,true,1,316715
49568730349,false,ממרח פסטו טבעוני לסל,ארת איילנד,,ממרח פסטו טבעוני לסלט וסנדביץ 340גר,גרמים,340.00,100 גרם,false,1,26.90,7.9118,true,1,316716
50000015474,false,מזון חתולים פריסקיז,,,מזון חתולים פריסקיז מעדני הים 1.43 קג,קילוגרמים,1.43,"ק""ג",false,1,41.90,29.3007,true,1,337154
50000084500,false,מזון חתולים פריסקיז,נסטלה פורינה USA מק,US,מזון חתולים פריסקיז מעדני השף 1.4 קג,קילוגרמים,1.40,"ק""ג",false,6,41.90,29.9286,true,1,232234
50000100347,false,מזון חתולים פריסקיז,נסטלה פורינה USA מק,,מזון חתולים פריסקיז מעדני החתול 1.43 קג,קילוגרמים,1.43,"ק""ג",false,1,41.90,29.3007,true,1,232583
50000168583,false,מזון חתולים פריסקיז,,,מזון חתולים פריסקיז אקסטרא קראנץ 1.43 קג,קילוגרמים,1.43,"ק""ג",false,1,41.90,29.3007,true,1,337156
50000170180,false,מזון חתולים פריסקיז,,,מזון חתולים פריסקיז עוף ברוטב 156 גר,גרמים,156.00,100 גרם,false,1,6.50,4.1667,true,1,237531
50000225224,false,מזון חתולים פריסקיז,נסטלה פורינה USA קר,US,מזון חתולים פריסקיז פריים פילה הודו 156ג,גרמים,156.00,100 גרם,false,24,6.50,4.1667,true,1,308363
50000237951,false,פריסקיז פארטי מיקס ג,,,פריסקיז פארטי מיקס גריל קראנץ 60 גר,Unknown,0.00,Unknown,false,10,11.90,0.0000,true,1,346889
50000238910,false,פריסקיז פארטי מיקס א,,,פריסקיז פארטי מיקס אורגינל קראנץ 60 גר,Unknown,0.00,Unknown,false,10,11.90,0.0000,true,1,346888
50000292592,false,מזון חתולים פנסי פיס,נסטלה פורינה USA סט,,מזון חתולים פנסי פיסט סלמון וסול85 גרם,גרמים,85.00,100 גרם,false,24,6.50,7.6471,true,1,308582
50000292615,false,מזון חתולים פנסי פיס,נסטלה פורינה USA סט,,מזון חתולים פנסי פיסט לבבות וכבד85 גרם,גרמים,85.00,100 גרם,false,24,6.50,7.6471,true,1,308581
50000397587,false,אבקה שוקו חם נסטלה ש,נסטלה,,אבקה שוקו חם נסטלה שוקולד חלב 121 גר,גרמים,121.00,100 גרם,false,1,22.90,18.9256,true,1,321123
50000420445,false,מזון חתולים פריסקיז,נסטלה פורינה USA קר,,מזון חתולים פריסקיז כבד עוף 156 גר,גרמים,156.00,100 גרם,false,1,6.50,4.1667,true,1,243140
50000421541,false,מזון חתולים פריסקיז,נסטלה פורינה USA קר,,מזון חתולים פריסקיז מיקס גריל 156 גר,גרמים,156.00,100 גרם,false,1,6.50,4.1667,true,1,237532
50000421848,false,מזון חתולים פריסקיז,נסטלה פורינה USA קר,,מזון חתולים פריסקיז הודו ועוף 156 גר,גרמים,156.00,100 גרם,false,1,6.50,4.1667,true,1,237530
50000423347,false,מזון חתולים פריסקיז,נסטלה פורינה USA קר,,מזון חתולים פריסקיז סלומון 156 גר,גרמים,156.00,100 גרם,false,1,6.50,4.1667,true,1,237529
50000424948,false,מזון חתולים פריסקיז,נסטלה פורינה USA קר,,מזון חתולים פריסקיז דגי אוקיאנוס טונה156,גרמים,156.00,100 גרם,false,1,6.50,4.1667,true,1,237528
50000429042,false,מזון חתולים פנסי פיס,נסטלה פורינה USA ג',US,מזון חתולים פנסי פיסט כבד מעודן 85 גר,גרמים,85.00,100 גרם,false,24,6.50,7.6471,true,1,232937
50000429448,false,מזון חתולים פנסי פיס,נסטלה פורינה USA סט,,מזון חתולים פנסי פיסט מוס סלמון 85 גרם,גרמים,85.00,100 גרם,false,1,6.50,7.6471,true,1,228895
50000429646,false,מזון חתולים פנסי פיס,נסטלה פורינה USA ג',US,מזון חתולים פנסי פיסט דג אוקיינוס 85 גרם,גרמים,85.00,100 גרם,false,24,6.50,7.6471,true,1,228896
50000429844,false,מזון חתולים פנסי פיס,נסטלה פורינה USA ג',US,מזון חתולים פנסי פיסט מעדן הודו ועוף85גר,גרמים,85.00,100 גרם,false,24,6.50,7.6471,true,1,232938
50000434640,false,מזון חתולים פנסי פיס,נסטלה פורינה USA סט,US,מזון חתולים פנסי פיסט לבבות וכבד 85 גרם,גרמים,85.00,100 גרם,false,24,6.50,7.6471,true,1,228897
50000445691,false,מזון חתולים פריסקיז,נסטלה פורינה USA קר,US,מזון חתולים פריסקיז סלומון 156 גר,גרמים,156.00,100 גרם,false,24,6.50,4.1667,true,1,243137
50000571987,false,מזון חתולים פריסקיז,נסטלה פורינה USA קר,US,מזון חתולים פריסקיז נחתי עוף 156 גר,גרמים,156.00,100 גרם,false,24,6.50,4.1667,true,1,243138
50000574414,false,פריסקיז פארטי מיקס פ,,,פריסקיז פארטי מיקס פיקניק קראנץ 60 גר,Unknown,0.00,Unknown,false,10,11.90,0.0000,true,1,346891
50000574438,false,פריסקיז פארטי מיקס מ,,,פריסקיז פארטי מיקס מעדני ים קראנץ 60 גר,Unknown,0.00,Unknown,false,10,11.90,0.0000,true,1,346890
50000578238,false,פריסקיז פארטי מיקס ק,,,פריסקיז פארטי מיקס קרייזי ציז 60 גר,Unknown,0.00,Unknown,false,10,11.90,0.0000,true,1,346892
50000578450,false,מזון חתולים פנסי פיס,נסטלה פורינה USA סט,,מזון חתולים פנסי פיסט עוף ברוטב85 גרם,גרמים,85.00,100 גרם,false,24,6.50,7.6471,true,1,308583
51000002846,false,מיץ ירקות ויטמין 8 9,INTERNATIONAL AMERIC,,מיץ ירקות ויטמין 8 946 מל פיקדון,מיליליטרים,946.00,"100 מ""ל",false,1,20.00,2.1142,true,1,232329
51131939639,false,מתלה ניקל מוברש עם פ,3m,,מתלה ניקל מוברש עם פס הדבקה,יחידה,1.00,יחידה,false,1,49.90,49.9000,true,1,306573
51131978393,false,זוג דבק סופר גלו גל,3m,,זוג דבק סופר גלו גל 4 גרם,יחידה,2.00,יחידה,false,1,18.90,9.4500,true,1,306557
51135208298,false,מספריים גודל 6 אינץ,3m,,מספריים גודל 6 אינץ,יחידה,1.00,יחידה,false,1,12.90,12.9000,true,1,306579
51135807514,false,דבק סופר גלו 4 שפופר,3m,,דבק סופר גלו 4 שפופרות מיני חד פעמיות,יחידה,4.00,יחידה,false,1,15.90,3.9750,true,1,306567
51141234892,false,גליל ניירות דביקים 6,3m,,גליל ניירות דביקים 60 דף סקוטש ברייט,יחידה,60.00,יחידה,false,1,25.90,0.4317,true,1,339487
51141239460,false,ספריי לניקוי והברקה,3m,,ספריי לניקוי והברקה נירוסטה,יחידה,1.00,יחידה,false,1,26.90,26.9000,true,1,306553
51141239590,false,מטלית לניגוב נירוסטה,3m,CN,מטלית לניגוב נירוסטה אינה מותירה סיבים,יחידה,1.00,יחידה,false,12,12.90,12.9000,true,1,306552
51141314990,false,מתלה אמבט דמוי ניקל,3m,,מתלה אמבט דמוי ניקל עם פס הדבקה,יחידה,1.00,יחידה,false,1,25.90,25.9000,true,1,306571
51141334455,false,גליל דבק דו צדדי,3m,,גליל דבק דו צדדי,יחידה,1.00,יחידה,false,1,19.90,19.9000,true,1,338976
51141348346,false,מתלה שקוף קטן 2יח עם,3m,,מתלה שקוף קטן 2יח עם שני פסי הדבקה לשימו,יחידה,2.00,יחידה,false,1,15.90,7.9500,true,1,306569
51141913131,false,ספוג קרצוף לאמבטיה ס,3m,US,ספוג קרצוף לאמבטיה סקוטש ברייט,יחידה,1.00,יחידה,false,6,22.90,22.9000,true,1,324115
51141917733,false,דבק סופר גלו בקבוק פ,3m,,דבק סופר גלו בקבוק פטנט 4 גרם,יחידה,1.00,יחידה,false,1,20.90,20.9000,true,1,306566
51497269869,false,תבלין נשוויל היט 283,,,תבלין נשוויל היט 283 גר,גרמים,283.00,100 גרם,false,1,34.90,12.3322,true,1,346167
51497269876,false,תבלין סרירצה מוד 340,,,תבלין סרירצה מוד 340 גר,גרמים,340.00,100 גרם,false,1,34.90,10.2647,true,1,346168
51500280645,false,אבקת פנקייק הנגרי גא,ג'.מ. סמאקר,US,אבקת פנקייק הנגרי גאק בטעם חמאה 907 גרם,גרמים,907.00,100 גרם,false,12,29.90,3.2966,true,1,347804
51500280676,false,אבקה להכנת פנקייק הנ,ג'.מ. סמאקר,US,אבקה להכנת פנקייק הנגרי גק 907 גר,גרמים,907.00,100 גרם,false,12,29.90,3.2966,true,1,240068
52100002453,false,תערובת סטייק מונטריא,מקורמיק,,תערובת סטייק מונטריאול מקורמיק,Unknown,0.00,Unknown,false,1,19.90,0.0000,true,1,323572
52100002460,false,תערובת לעוף מונטריאו,מקורמיק,,תערובת לעוף מונטריאול מקורמיק,Unknown,0.00,Unknown,false,1,19.90,0.0000,true,1,323574
52100002477,false,תבלין קרי הודי מקורמ,מקורמיק,,תבלין קרי מקורמיק,Unknown,0.00,Unknown,false,1,18.90,0.0000,true,1,323570
52100002613,false,כורכום טחון מקורמיק,מקורמיק,,כורכום טחון מקורמיק 27.8 גר,Unknown,0.00,Unknown,false,1,18.90,0.0000,true,1,323591
52100002699,false,פלפל לבן טחון מקורמי,מקורמיק,,פלפל לבן טחון מקורמיק 28 גרם,Unknown,0.00,Unknown,false,12,22.90,0.0000,true,1,329521
52100004266,false,עלי טימין מקורמיק 10,מקורמיק,,טימין מקורמיק,Unknown,0.00,Unknown,false,1,18.90,0.0000,true,1,323571
52100004389,false,קנמון טחון מקורמיק 6,מקורמיק,,קנמון טחון מקורמיק 67 גר,Unknown,0.00,Unknown,false,1,19.90,0.0000,true,1,326586
52100004426,false,מקלות קינמון מקורמיק,,,מקלות קינמון מקורמיק,Unknown,0.00,Unknown,false,1,27.90,0.0000,true,1,323579
52100004440,false,קינמון סוכר מקורמיק,מקורמיק,,קינמון סוכר מקורמיק,גרמים,103.00,100 גרם,false,1,18.90,18.3495,true,1,323569
52100004488,false,פפריקה מקורמיק 60.1,,,פפריקה מקורמיק,Unknown,0.00,Unknown,false,1,22.90,0.0000,true,1,323577
52100005966,false,שבבי שום מקורמיק 85,,,שום שבבים מקורמיק,Unknown,0.00,Unknown,false,1,27.90,0.0000,true,1,323581
52100006260,false,אבקת שום מקורמיק 88.,,,אבקת שום מקורמיק,Unknown,0.00,Unknown,false,1,27.90,0.0000,true,1,323580
52100006468,false,אבקת בצל מקורמיק 56.,,,אבקת בצל מקורמיק 56.7 גר,Unknown,0.00,Unknown,false,1,18.90,0.0000,true,1,323594
52100006512,false,כמון טחון מקורמיק 42,מקורמיק,,כמון טחון מקורמיק 42.5 גר,Unknown,0.00,Unknown,false,1,22.90,0.0000,true,1,323596
52100006765,false,פלפל אדום מקורמיק 42,מקורמיק,,פלפל אדום מקורמיק 42.50 גר,Unknown,0.00,Unknown,false,1,18.90,0.0000,true,1,323597
52100006987,false,עלי דפנה מקורמיק 3.4,מקורמיק,,עלי דפנה מקורמיק 3.4 גר,Unknown,0.00,Unknown,false,1,18.90,0.0000,true,1,323599
52100029924,false,פלפל שחור טחון מקורמ,מקורמיק,,פלפל שחור טחון מקורמיק 42 גרם,Unknown,0.00,Unknown,false,12,22.90,0.0000,true,1,329502
52100030043,false,פלפל שחור טחון גס מק,מקורמיק,,פלפל שחור טחון מקורמיק,Unknown,0.00,Unknown,false,1,19.90,0.0000,true,1,323575
52100030234,false,פלפל שחור שלם מקורמי,מקורמיק,,פלפל שחור שלם מקורמיק 53 גר,Unknown,0.00,Unknown,false,1,27.90,0.0000,true,1,323602
52100034898,false,תמצית ליים טהורה מקו,מקורמיק,,תמצית ליים טהורה מקורמיק 29 מל,Unknown,0.00,Unknown,false,1,16.90,0.0000,true,1,329515
52100036670,false,מלח הימליה ורוד מקור,מקורמיק,,מלח הימליה ורוד מקורמיק מטחנה 70 גר,Unknown,0.00,Unknown,false,1,18.90,0.0000,true,1,326585
52100040455,false,מלח שום שחור מקורמיק,מקורמיק,,תערובת מקורמיק שום עשבי תיבול ללא מלח77,גרמים,120.00,100 גרם,false,1,22.90,19.0833,true,1,326584
52100040806,false,תערובת מקורמיק שום ב,מקורמיק,,תערובת מקורמיק שום בצל פלפל מלח ים120,גרמים,120.00,100 גרם,false,1,24.90,20.7500,true,1,326582
52100041155,false,תערובת מקורמיק מלח ה,מקורמיק,,תערובת מקורמיק מלח הימליה פלפל ושום184ג,גרמים,184.00,100 גרם,false,1,24.90,13.5326,true,1,326581
52100070643,false,תמצית שקדים מקורמיק,מקורמיק,,תמצית שקדים מקורמיק 29 מל,Unknown,0.00,Unknown,false,1,10.90,0.0000,true,1,323565
52100070667,false,תמצית אניס טהורה מקו,מקורמיק,,תמצית אניס טהורה מקורמיק 29 מל,Unknown,0.00,Unknown,false,1,16.90,0.0000,true,1,329513
52100070735,false,תמצית קוקוס מקורמיק,מקורמיק,,תמצית קוקוס מקורמיק 29 מל,Unknown,0.00,Unknown,false,1,16.90,0.0000,true,1,329516
52100070766,false,תמצית מייפל מקורמיק,מקורמיק,,תמצית מייפל מקורמיק 29 מל,Unknown,0.00,Unknown,false,1,16.90,0.0000,true,1,336767
52100070780,false,תמצית תפוז טהורה מקו,מקורמיק,,תמצית תפוז טהורה מקורמיק 29 מל,Unknown,0.00,Unknown,false,1,16.90,0.0000,true,1,329514
52100070865,false,תמצית וניל טהור מקור,מקורמיק,,תמצית וניל טהור 29 מל,Unknown,0.00,Unknown,false,18,29.90,0.0000,true,1,229845
52100070995,false,תמצית וניל מקורמיק 2,מקורמיק,,תמצית וניל מקורמיק 29 מל,Unknown,0.00,Unknown,false,1,10.90,0.0000,true,1,323566
52100071121,false,עלי בזיליקום מקורמיק,,,עלי בזיליקום מקורמיק,Unknown,0.00,Unknown,false,12,27.90,0.0000,true,1,323578
52100071138,false,אורגנו עלים מקורמיק,מקורמיק,,תבלין אורגנו ליוס 38 ג במיכל,Unknown,0.00,Unknown,false,1,19.90,0.0000,true,1,229844
52100136387,false,פלפל שום מקורמיק 34.,מקורמיק,,תבלין פלפל שום 34 ג במטחנה,Unknown,0.00,Unknown,false,1,19.90,0.0000,true,1,239681
52100142593,false,תבלין המבורגר מקורמי,,,תבלין גריל להמבורגר 77 ג במיכל,Unknown,0.00,Unknown,false,1,19.90,0.0000,true,1,323534
52100634586,false,מלח ים ושום מקורמיק,מקורמיק,,תבלין מלח שום 44 גר במטחנה,Unknown,0.00,Unknown,false,1,19.90,0.0000,true,1,239683
52100746029,false,מלח ים מקורמיק 60 ג,מקורמיק,,מלח מקורמיק 60 ג במטחנה,Unknown,0.00,Unknown,false,1,18.90,0.0000,true,1,234508
52100746043,false,תערובת פלפלים מקורמי,מקורמיק,,תבלין תערובת פלפלים 24 גר במטחנה,Unknown,0.00,Unknown,false,1,18.90,0.0000,true,1,239684
54881000031,false,חליטת ורד ודובדבן אח,,AE,חליטת ורד ודובדבן אחמד תי 20 שקיקים,יחידה,20.00,יחידה,false,6,10.90,0.5450,true,1,347824
54881000048,false,חליטת פרי הדר אחמד ת,,AE,חליטת פרי הדר אחמד תי 20 שקיקים,יחידה,20.00,יחידה,false,6,10.90,0.5450,true,1,347827
54881000062,false,חליטת לימונית קמומיל,,AE,חליטת לימונית קמומיל אחמד תי 20 שקיקים,יחידה,20.00,יחידה,false,6,10.90,0.5450,true,1,347822
54881000109,false,חליטת ענבי שועל אחמד,,AE,חליטת ענבי שועל אחמד תי 20 שקיקים,יחידה,20.00,יחידה,false,6,10.90,0.5450,true,1,347826
54881000208,false,חליטת לימון וגינגר א,,AE,חליטת לימון וגינגר אחמד תי 20 שקיקים,יחידה,20.00,יחידה,false,6,10.90,0.5450,true,1,347823
54881003971,false,תה ירוק בטעמים אחמד,,AE,תה ירוק בטעמים אחמד תי 20 שקיקים,יחידה,20.00,יחידה,false,6,10.90,0.5450,true,1,347818
54881004787,false,תה ירוק אחמד תי 100,,AE,תה ירוק אחמד תי 100 שקיקים,יחידה,100.00,יחידה,false,12,19.90,0.1990,true,1,347815
54881005654,false,תה ירוק יסמין אחמד ת,,AE,תה ירוק יסמין אחמד תי 20 שקיקים,יחידה,20.00,יחידה,false,6,10.90,0.5450,true,1,347817
54881006996,false,חליטת אפרסק פסיפלורה,,AE,חליטת אפרסק פסיפלורה אחמד תי 20 שקיקים,יחידה,20.00,יחידה,false,6,10.90,0.5450,true,1,347825
54881007511,false,תה ירוק טעם מנטה אחמ,,AE,תה ירוק טעם מנטה אחמד תי 20 שקיקים,יחידה,20.00,יחידה,false,6,10.90,0.5450,true,1,347819
54881007535,false,תה ירוק טעם לימון אח,,AE,תה ירוק טעם לימון אחמד תי 20 שקיקים,יחידה,20.00,יחידה,false,6,10.90,0.5450,true,1,347820
54881008167,false,תה אינגליש ברקפסט אח,,AE,תה אינגליש ברקפסט אחמד תי 100 שקיקים,יחידה,100.00,יחידה,false,12,19.90,0.1990,true,1,347814
54881008174,false,תה ארל גריי אחמד תי,,AE,תה ארל גריי אחמד תי 100 שקיקים,יחידה,100.00,יחידה,false,12,19.90,0.1990,true,1,344304
54881008181,false,תה אינגליש אחמד תי 1,,AE,תה אינגליש אחמד תי 100 שקיקים,יחידה,100.00,יחידה,false,12,19.90,0.1990,true,1,347813
54881008945,false,תה ירוק אחמד תי 20 ש,,AE,תה ירוק אחמד תי 20 שקיקים,יחידה,20.00,יחידה,false,6,10.90,0.5450,true,1,347816
54881012423,false,תה ירוק טעם פטל רימו,,AE,תה ירוק טעם פטל רימון אחמד תי 20 שקיקים,יחידה,20.00,יחידה,false,6,10.90,0.5450,true,1,347821
54881016001,false,חליטת4 סוגי פרי וצמח,,AE,חליטת4 סוגי פרי וצמחים אחמד תי 20 שקיקים,יחידה,20.00,יחידה,false,6,10.90,0.5450,true,1,347828
55369901284,false,מארז 4יח רסק תפוע מנ,ליהי אורצרד אינק,,רסק מנגו ואפרסק ל.ס4יח 452גר,גרמים,452.00,100 גרם,false,1,16.00,3.5398,true,1,253725
55369901673,false,מארז 4יח רסק תפוע אפ,לייהי אורצ'רדס,,רסק תפוחי עץ ואפרסק ל.ס4יח 452גר,גרמים,452.00,100 גרם,false,1,16.00,3.5398,true,1,240735
55369901703,false,מארז 4יח רסק תפוע תו,לייהי אורצ'רדס,,רסק תפוחי עץ ותות שדה רביעייה ללא 452 גר,גרמים,452.00,100 גרם,false,1,16.00,3.5398,true,1,240734
55369902342,false,רסק תפוח עץ ביתי 709,לייהי אורצ'רדס,,רסק תפוח עץ ביתי 709 גר צנצנת,גרמים,709.00,100 גרם,false,1,16.00,2.2567,true,1,232562
55369902557,false,מארז 4יח רסק תפוע בי,לייהי אורצ'רדס,,"רסק תפו""ע רביעיה ביתי 452 ג",גרמים,452.00,100 גרם,false,1,16.00,3.5398,true,1,235103
55369902564,false,מארז 4 יח רסק תפוע ל,לייהי אורצ'רדס,,"רסק תפו""ע רביעיה ללא סוכר 452 ג",גרמים,452.00,100 גרם,false,1,16.00,3.5398,true,1,235102
55369903295,false,רסק תפוע ללא סוכר652,לייהי אורצ'רדס,CA,רסק תפע ללא סוכר 652 ג באישור א.י.ל (בר,גרמים,709.00,100 גרם,false,12,16.00,2.2567,true,1,306590
55500012046,false,כלורקס קלין אפ מרסס,,,כלורקס קלין אפ מרסס 946 מל,מיליליטרים,946.00,"100 מ""ל",false,1,19.90,2.1036,true,1,229810
58449450009,false,דייסת אינסטנט מיקס 4,,,דייסת אינסטנט מיקס 400 גר,גרמים,400.00,100 גרם,false,1,26.90,6.7250,true,1,318630
58449450030,false,דייסת מייפל ואגוזי ל,,,דייסת מייפל ואגוזי לוז 400 גר ללא גלוטן,גרמים,400.00,100 גרם,false,1,26.90,6.7250,true,1,318629
58449620013,false,פיצפוצי אורז מלא אור,,,פיצפוצי אורז מלא אורגני ללס 170 גר,גרמים,170.00,100 גרם,false,12,14.90,8.7647,true,1,332745
58449620044,false,פיצפוצי חיטה קמוט לל,,,פיצפוצי חיטה קמוט ללס אורגני 170 גר,גרמים,170.00,100 גרם,false,12,18.90,11.1176,true,1,332746
58449860013,false,דגני בוקר אמאזון אור,נאטשר פאת פוד,,דגני בוקר אמאזון אורגני 400 גר,גרמים,400.00,100 גרם,false,12,24.90,6.2250,true,1,318624
58449860020,false,דגני בוקר גורילה מאנ,נאטשר פאת פוד,,דגני בוקר גורילה מאנצ אורגני 284 גר,גרמים,284.00,100 גרם,false,1,24.90,8.7676,true,1,318622
58449860037,false,דגני בוקר קוואלה קרי,נאטשר פאת פוד,,דגני בוקר קוואלה קריספ ורגני 325 גר,גרמים,325.00,100 גרם,false,1,24.90,7.6615,true,1,318623
58449860075,false,דגני בוקר לאמור 284,נאטשר פאת פוד,,דגני בוקר לאמור 284 גר,גרמים,284.00,100 גרם,false,1,25.20,8.8732,true,1,318625
62558003209,false,סירופ מייפל אמיתי בכ,ברנרד סיינט,,סירופ מייפל אמיתי בכד 946 מל,מיליליטרים,946.00,"100 מ""ל",false,1,79.90,8.4461,true,1,317272
62558202381,false,סירופ מייפל אורגני ב,ברנרד סיינט,,סירופ מייפל אורגני בי טהור 236 מל,מיליליטרים,236.00,"100 מ""ל",false,1,29.90,12.6695,true,1,308273
63435711033,false,ממחטות אף רויאל טישו,מגסטה,,ממחטות אף רויאל טישו אולטרא 3 שכבות 88יח,יחידה,88.00,יחידה,false,1,9.90,0.1125,true,1,308850
63435730034,false,מפיות נייר 3 שכבות ר,ארוינג טישו,CA,מפיות נייר 3 שכבות רויאל 40יח,יחידה,40.00,יחידה,false,24,14.90,0.3725,true,1,306488
64144090013,false,תרסיס שמן פאם חמאה 1,קונגרה פודס,,תרסיס שמן פאם חמאה 141 ג,גרמים,141.00,100 גרם,false,1,18.90,13.4043,true,1,242763
64144090020,false,תרסיס שמן פאם זית 14,קונגרה פודס,,תרסיס שמן פאם זית 141 ג,גרמים,141.00,100 גרם,false,1,18.90,13.4043,true,1,242762
64144090051,false,תרסיס שמן פאם קנולה,קונגרה פודס,,תרסיס שמן פאם קנולה 170 ג,מיליליטרים,148.00,"100 מ""ל",false,1,18.90,12.7703,true,1,254519
65627019712,false,ביסקוויט ספקולס דה ר,דה רוטר בי.וי,NL,ביסקוויט ספקולס דה רוטר 250 גר,גרמים,250.00,100 גרם,false,16,8.90,3.5600,true,1,331014
69145102000,false,עוגיות קנטוציני שקדי,,,עוגיות קנטוציני שקדים 200 גרם,גרמים,200.00,100 גרם,false,1,14.90,7.4500,true,1,305568
69145102048,false,עוגיות קנטוציני לוז,,,עוגיות קנטוציני לוז שוקולד 180גרם,גרמים,180.00,100 גרם,false,1,17.90,9.9444,true,1,305569
69145102062,false,עוגיות קנטוציני פירו,,,עוגיות קנטוציני פירות ש.שועל 180גרם,גרמים,180.00,100 גרם,false,1,14.90,8.2778,true,1,305570
69276981024,false,פאפדם פטקס פיתה הודי,,GB,פאפדם פטקס פיתה הודית 100 גרם,גרמים,100.00,100 גרם,false,12,14.90,14.9000,true,1,344144
70177077563,false,תה ארל גריי טווינינג,טוינינג,,תה ארל גריי טווינינגס 25 שקיקים,יחידה,25.00,יחידה,false,1,18.90,0.7560,true,1,255110
70177077693,false,תה ברקפסט טווינינגס,טוינינג,,תה ברקפסט טווינינגס 25 שקיקים,יחידה,25.00,יחידה,false,1,18.90,0.7560,true,1,255111
70177078744,false,תה אינגלש ברקפסט טוו,טוינינג,,תה אינגלש ברקפסט נטול טווינינגס25 שקיקים,יחידה,25.00,יחידה,false,1,19.90,0.7960,true,1,308361
70177078775,false,תה ליידי גריי טוויני,טוינינג,,תה ליידי גריי טווינינגס 25 שקיקים,יחידה,25.00,יחידה,false,1,18.90,0.7560,true,1,255109
70177078904,false,תה אינגליש ברקפסט טו,טוינינג,,תה אינגליש ברקפסט טווינינגס 50 שקיקים,יחידה,50.00,יחידה,false,1,27.90,0.5580,true,1,307828
70177078966,false,תה ארל גריי טווינינג,טוינינג,,תה ארל גריי טווינינגס 50 שקיקים,יחידה,50.00,יחידה,false,1,27.90,0.5580,true,1,307827
70177084738,false,תה טווינינגס שחור פי,טוינינג,,תה טווינינגס שחור פירות אדומים 25 שקיקים,יחידה,25.00,יחידה,false,1,18.90,0.7560,true,1,339591
70177084769,false,תה טווינינגס שחור ונ,טוינינג,,תה טווינינגס שחור ונילה 25 שקיקים,יחידה,25.00,יחידה,false,1,18.90,0.7560,true,1,339589
70177086664,false,תה ירוק טהור טווינינ,טוינינג,,תה ירוק טהור טווינינגס 25 שקיקים,יחידה,25.00,יחידה,false,1,19.90,0.7960,true,1,237413
70177120948,false,תה טווינינגס שחור תפ,טוינינג,,תה טווינינגס שחור תפוח קינמון 25 שקיקים,יחידה,25.00,יחידה,false,1,18.90,0.7560,true,1,339590
70177173159,false,תה ירוק לימון טוויני,טוינינג,,תה ירוק לימון טווינינגס 25 שקיקים,יחידה,25.00,יחידה,false,1,19.90,0.7960,true,1,309009
70177173166,false,תה ירוק יסמין טוויני,טוינינג,,תה ירוק יסמין טווינינגס 25 שקיקים,יחידה,25.00,יחידה,false,1,19.90,0.7960,true,1,309012
70177173203,false,תה ירוק מנטה טווינינ,טוינינג,,תה ירוק מנטה טווינינגס 25 שקיקים,יחידה,25.00,יחידה,false,1,19.90,0.7960,true,1,309011
70177173746,false,תה ירוק דבש ו למון ט,טוינינג,,תה ירוק לימון ודבש טווינינגס 25 שקיקים,יחידה,25.00,יחידה,false,1,19.90,0.7960,true,1,309008
70177175221,false,תה ירוק גינגר טוויני,טוינינג,,תה ירוק גינגר טווינינגס 25 שקיקים,יחידה,25.00,יחידה,false,1,19.90,0.7960,true,1,323628
70177176914,false,תה ארל גריי טווינינג,טוינינג,,תה ארל גריי טווינינגס נטול קפאין 25יח,יחידה,25.00,יחידה,false,1,19.90,0.7960,true,1,326125
70177177652,false,חליטת גינגר ליים טוו,טוינינג,,חליטת גינגר ליים טווינינגס 25 שקיקים,יחידה,20.00,יחידה,false,1,17.90,0.8950,true,1,323632
70177177669,false,חליטת לימון גינגר טו,טוינינג,,חליטת לימון גינגר טווינינגס 25 שקיקים,יחידה,20.00,יחידה,false,1,17.90,0.8950,true,1,323633
70177177683,false,חליטת קמומיל דבש טוו,טוינינג,,חליטת קמומיל דבש טווינינגס 25 שקיקים,יחידה,20.00,יחידה,false,1,17.90,0.8950,true,1,323635
70177177737,false,חליטת קמומיל טווינינ,טוינינג,,חליטת קמומיל טווינינגס 25 שקיקים,יחידה,20.00,יחידה,false,1,17.90,0.8950,true,1,323638
70177177744,false,חליטת מנטה טווינינגס,טוינינג,,חליטת מנטה טווינינגס 25 שקיקים,יחידה,20.00,יחידה,false,1,17.90,0.8950,true,1,323639
70177273330,false,חליטת ורבנה טווינינג,טוינינג,,חליטת ורבנה טווינינגס 25 שקיקים,יחידה,25.00,יחידה,false,1,17.90,0.7160,true,1,336821
70970471261,false,סוכריות מייק אנד איי,גאסט בורן,,סוכריות פירות מייק אנד אייק141 גר,גרמים,102.00,100 גרם,false,1,10.00,9.8039,true,1,253506
70970471278,false,סוכריות מייק אייק פ,גאסט בורן,US,סוכריות מייק אייק פירות יער 140 גר,גרמים,140.00,100 גרם,false,12,10.00,7.1429,true,1,306877
70970473609,false,סוכריות מייק אנד איי,גאסט בורן,US,סוכריות מייק אנד אייק חמוץ 141 גר,גרמים,141.00,100 גרם,false,12,10.00,7.0922,true,1,327520
71567994767,false,סוכריות גלי בלי פלופ,ג'לי בלי קנדי,,סוכריות גלי בלי פלופס 120 גרם,גרמים,120.00,100 גרם,false,1,12.90,10.7500,true,1,325624
71570001667,false,סוכריות גלי בלי מעור,ג'לי בלי קנדי,,סוכריות גלי בלי מעורב 70 גרם,Unknown,0.00,Unknown,false,1,11.90,0.0000,true,1,325621
71570001841,false,סוכריות גלי בלי חמוץ,ג'לי בלי קנדי,,סוכריות גלי בלי חמוץ 70 גר,Unknown,0.00,Unknown,false,1,11.90,0.0000,true,1,321589
71570001858,false,סוכריות גלי בלי מיקס,ג'לי בלי קנדי,,סוכריות גלי בלי מיקס פירות 70 גרם,Unknown,0.00,Unknown,false,1,11.90,0.0000,true,1,325623
72392636914,false,שלוקים פריז פופ סקיט,,US,שלוקים פריז פופ סקיטלס 283.50 גרם,גרמים,284.00,100 גרם,false,6,19.90,7.0070,true,1,347191
72600005846,false,חטיף טורטייה דיפר תי,הר פודס,US,הר חטיף טורטייה דיפר תירס 340 סגול ג ח,גרמים,383.00,100 גרם,false,9,28.90,7.5457,true,1,253085
72600062290,false,חטיף הר במבה גבינה ח,הר פודס,US,חטיף הר במבה גבינה חריף 198,גרמים,198.00,100 גרם,false,12,24.90,12.5758,true,1,310922
72600062306,false,חטיף גבינה הר ציפס כ,הר פודס,,חטיף גבינה הר ציפס כתום 198 גר,גרמים,198.00,100 גרם,false,1,24.90,12.5758,true,1,250333
72600062313,false,חטיף הר במבה גבינה ב,הר פודס,US,חטיף הר במבה גבינה באפלו כחולה 198,גרמים,198.00,100 גרם,false,12,24.90,12.5758,true,1,310921
72600062320,false,חטיף גבינה הר ציפס פ,הר פודס,,חטיף גבינה הר ציפס פיצה 198 גר,גרמים,198.00,100 גרם,false,1,24.90,12.5758,true,1,310352
73970102043,false,משקה דובדבן שחור דר,פפסי קולה,US,"גזוז בטעם דובדבן שחור 355 מ""ל",מיליליטרים,355.00,"100 מ""ל",false,24,10.50,2.9577,true,1,307136
73970102067,false,משקה מוגז רוט ביר 35,פפסי קולה,US,גזוז בטעם רוט ביר 355 מל פקדון,מיליליטרים,355.00,"100 מ""ל",false,24,10.50,2.9577,true,1,310498
73970102074,false,משקה קרים סודה דר בר,פפסי קולה,US,משקה קרים סודה דר בראונס 355 מל פקדון,מיליליטרים,355.00,"100 מ""ל",false,24,10.50,2.9577,true,1,307135
74261021333,false,רוטב סויה מיושן תמרי,מנדרין סוי סוס,,רוטב סויה מיושן תמרי 1 לי,ליטרים,1.00,ליטר,false,1,37.90,37.9000,true,1,239469
74261110334,false,רוטב סויה תמרי 1 ל,מנדרין סוי סוס,,רוטב סויה תמרי 1 ל,ליטרים,1.00,ליטר,false,1,35.90,35.9000,true,1,231743
74261130103,false,רוטב טריאקי תמרי כתו,מנדרין סוי סוס,,רוטב טריאקי תמרי כתום 296 גר,גרמים,296.00,100 גרם,false,1,18.90,6.3851,true,1,228664
74261150101,false,רוטב סויה תמרי 296 מ,מנדרין סוי סוס,,רוטב סויה תמרי 296 מל זכוכית,מיליליטרים,296.00,"100 מ""ל",false,1,16.90,5.7095,true,1,231744
74261150163,false,רוטב סויה תמרי דל נת,מנדרין סוי סוס,,רוטב סויה תמרי דל נתרן 500 מל,מיליליטרים,500.00,"100 מ""ל",false,1,27.90,5.5800,true,1,339466
74261155106,false,רוטב וורצסטר טבעוני,,,רוטב וורצסטר טבעוני 296 מל,מיליליטרים,296.00,"100 מ""ל",false,1,21.90,7.3986,true,1,335327
74261201339,false,רוטב סויה תמרי דל נת,מנדרין סוי סוס,,רוטב סויה תמרי דל נתרן 1 לי,ליטרים,1.00,ליטר,false,1,37.90,37.9000,true,1,233032
74305000065,false,רוטב סויה חומצות אמי,,,רוטב סויה חומצות אמינו תרסיס180מל בראג,מיליליטרים,180.00,"100 מ""ל",false,24,24.90,13.8333,true,1,331406
74305000164,false,רוטב סויה על בסיס חל,,,רוטב סויה על בסיס חלבון 473 מל בראג,מיליליטרים,473.00,"100 מ""ל",false,1,34.90,7.3784,true,1,328158
74410470050,false,אצות קומבו 57 גרם רו,Qingdao Sun-growing,,אצות קומבו 57 גרם רונגצאנג,גרמים,57.00,100 גרם,false,1,12.00,21.0526,true,1,243937
74570004003,false,גלידה האגן דאז פיינט,האגן דאז,,גלידה האגן דאז פיינט וניל,גרמים,417.00,100 גרם,false,1,22.90,5.4916,true,1,231951
74570174003,false,גלידה האגן דאז פיינט,האגן דאז,,גלידה האגן דאז פיינט אגוזי מקדמיה,מיליליטרים,473.00,"100 מ""ל",false,1,22.90,4.8414,true,1,231954
74570274000,false,גלידה האגן דאז פיינט,האגן דאז,,גלידה האגן דאז פיינט קרם עוגיות,מיליליטרים,473.00,"100 מ""ל",false,1,22.90,4.8414,true,1,231955
74570610051,false,גלידה האגן דאז פיינט,האגן דאז,,גלידה האגן דאז פיינט שוקולד בלגי,גרמים,417.00,100 גרם,false,1,22.90,5.4916,true,1,231953
74570703890,false,גלידה האגן דאז פיינט,האגן דאז,,גלידה האגן דאז פיינט פרלינים,מיליליטרים,473.00,"100 מ""ל",false,1,22.90,4.8414,true,1,231956
74570950010,false,גלידה האגן דאז פיינט,האגן דאז,,גלידה האגן דאז פיינט גבינה ותות,מיליליטרים,473.00,"100 מ""ל",false,1,22.90,4.8414,true,1,231958
74680001961,false,רוטב טרטר עם ריליש ל,ווברס,,רוטב טרטר עם ריליש לחיץ 295 מל,מיליליטרים,295.00,"100 מ""ל",false,1,22.00,7.4576,true,1,307600
74680008526,false,מיונז לחיץ ווברס שום,ווברס,,מיונז לחיץ עם שום קלוי ווברס 311 גר,גרמים,311.00,100 גרם,false,1,23.90,7.6849,true,1,247336
74680008557,false,מיונז לחיץ ווברס ציפ,ווברס,,מיונז לחיץ ציפוטלה ווברס 311 גר,גרמים,311.00,100 גרם,false,1,23.90,7.6849,true,1,247339
74680008816,false,חרדל וובר בטעם בירה,ווברס,US,חרדל וובר בטעם בירה 284 גרם,גרמים,284.00,100 גרם,false,6,19.90,7.0070,true,1,343371
74680008847,false,חרדל וובר עם רוטב סר,ווברס,US,חרדל וובר עם רוטב סרירצה 284 גרם,גרמים,284.00,100 גרם,false,6,19.90,7.0070,true,1,343372
74880020403,false,שצימי טוגראשי 15 גרם,JFC JAPAN INC.,JP,טוגראשי 15 גרם S&B,גרמים,15.00,100 גרם,false,160,18.50,123.3333,true,1,252465
75039007979,false,רוטב פסטה מריה בזילי,ג'יאובני פוד,US,רוטב פסטה מריה בזיליקום 680 גרם,גרמים,680.00,100 גרם,false,12,17.90,2.6324,true,1,324662
75039007993,false,רוטב פסטה מריה פטריו,ג'יאובני פוד,US,רוטב פסטה מריה פטריות 680 גרם,גרמים,680.00,100 גרם,false,12,17.90,2.6324,true,1,324659
75039008013,false,רוטב פסטה מריה 680 ג,ג'יאובני פוד,US,רוטב פסטה מריה 680 גרם,גרמים,680.00,100 גרם,false,12,17.90,2.6324,true,1,324661
75039008020,false,רוטב פסטה מריה בשר 6,ג'יאובני פוד,,רוטב פסטה מריה בשר 680 גרם,גרמים,737.00,100 גרם,false,1,17.90,2.4288,true,1,326572
76840001767,false,גל. בן אנד גריס חמאת,מוצרי איכות אמריקאיי,,גל. בן אנד גריס חמאת בוטנים,מיליליטרים,473.00,"100 מ""ל",false,1,19.90,4.2072,true,1,331291
76840001774,false,גל. בן אנד גריס בצק,מוצרי איכות אמריקאיי,,גל. בן אנד גריס בצק עוגיות שוקו ציפס,מיליליטרים,473.00,"100 מ""ל",false,1,19.90,4.2072,true,1,331290
76840002542,false,גלידה בן אנד גריס פי,מוצרי איכות אמריקאיי,,גלידה בן אנד גריס פיינט נטפליקס צילד 473,מיליליטרים,473.00,"100 מ""ל",false,1,19.90,4.2072,true,1,332444
76840100156,false,גל. בן אנד גריס דובד,מוצרי איכות אמריקאיי,,גל. בן אנד גריס דובדבנים פאדג 473 מל,מיליליטרים,473.00,"100 מ""ל",false,1,19.90,4.2072,true,1,253766
76840100583,false,גל.וניל עוגיות בן אנ,מוצרי איכות אמריקאיי,IL,בצק עוגיות 500 מל,מיליליטרים,473.00,"100 מ""ל",false,6,19.90,4.2072,true,1,238563
76840100989,false,גלידב בן אנד גריס פי,,,גלידב בן אנד גריס פיש פוד 500מל,גרמים,473.00,100 גרם,false,1,19.90,4.2072,true,1,250772
76840102051,false,גלידה בן אנד גריס קי,מוצרי איכות אמריקאיי,,גלידה בן אנד גריס קינמון באנס 500מל,מיליליטרים,500.00,"100 מ""ל",false,1,19.90,3.9800,true,1,236270
76840400027,false,גל.שוקולד בן אנד גרי,מוצרי איכות אמריקאיי,IL,שוקולד 500 מל,גרמים,0.00,100 גרם,false,6,19.90,0.0000,true,1,230733
76840400218,false,גל.תות שדה בן אנד ג,מוצרי איכות אמריקאיי,IL,עוגת גבינה עם תות שדה 500 מל,מיליליטרים,473.00,"100 מ""ל",false,6,19.90,4.2072,true,1,248688
76864120109,false,חרדל אמריקאי מתובל ג,אטדטש,US,חרדל אמריקאי מתובל גרגירים 340 גר,גרמים,340.00,100 גרם,false,1,14.90,4.3824,true,1,325679
77343000233,false,נרות חימום 50 יח בשק,,,נרות חימום 50 יח בשקית יצוא,Unknown,0.00,Unknown,false,1,10.90,0.0000,true,1,237455
77428105402,false,בונבוניירה טוליפ 175,,NL,בונבוניירה טוליפ 175 ג דרוסטה,גרמים,175.00,100 גרם,false,6,24.90,14.2286,true,1,346661
77975010167,false,בייגלה סניידרס טוויס,,,בייגלה סניידרס טוויסט עם דבש 340 גרם,גרמים,340.00,100 גרם,false,1,16.90,4.9706,true,1,319793
77975022757,false,בייגלה אמריקאי ענק ק,,,בייגלה אמריקאי ענק קופסא 382 גר,גרמים,382.00,100 גרם,false,1,16.90,4.4241,true,1,236041
77975036976,false,סלסה סניידרס חריף עד,סניידרס,,סלסה סניידרס חריף עדין 439 גר,גרמים,439.00,100 גרם,false,1,16.90,3.8497,true,1,308671
77975036983,false,סלסה סניידרס חריף439,סניידרס,,סלסה סניידרס חריף439 גר,גרמים,439.00,100 גרם,false,1,16.90,3.8497,true,1,308670
77975088234,false,שברי בייגלה סניידרס,,,שברי בייגלה חלפיניו 340 גרם,גרמים,340.00,100 גרם,false,1,16.90,4.9706,true,1,318274
77975091975,false,בייגלה סניידרס סנדוו,סניידרס,US,בייגלה סניידרס סנדוויף פיצה228.6 גרם,גרמים,229.00,100 גרם,false,12,16.90,7.3799,true,1,329318
77975092491,false,בייגלה סניידרס טוויס,,,בייגלה סניידרס טוויסט ציה קינואה 340 גרם,גרמים,340.00,100 גרם,false,1,16.90,4.9706,true,1,319794
77975093085,false,בייגלה סניידרס מצופה,,,בייגלה סניידרס מצופה שוקולד חלב 141 גרם,גרמים,141.00,100 גרם,false,1,16.90,11.9858,true,1,346322
77975093108,false,בייגלה סניידרס מצופה,,,בייגלה סניידרס מצופה שוקולד לבן 141 גרם,גרמים,141.00,100 גרם,false,1,16.90,11.9858,true,1,346323
77975094624,false,שברי בייגלה סניידרס,,,שברי בייגלה סניידרס במילוי ח.בוטנים280ג,גרמים,280.00,100 גרם,false,1,16.90,6.0357,true,1,334630
77975094631,false,בייגלה סניידס סנדווי,סניידרס,,בייגלה סניידס סנדוויץ קרם צדר226.8גר,גרמים,227.00,100 גרם,false,1,16.90,7.4449,true,1,335282
77975094761,false,שברי בייגלה סניידרס,,,שברי בייגלה סניידרס צדר 340 גרם,גרמים,340.00,100 גרם,false,1,16.90,4.9706,true,1,337303
77975094778,false,שברי בייגלה סיידרס ד,,,שברי בייגלה סיידרס דבש חרדל 340 גר,גרמים,340.00,100 גרם,false,1,16.90,4.9706,true,1,338022
77975095157,false,שברי בייגלה סניידרס,,,שברי בייגלה סניידרס חלפיניו 318 גרם,גרמים,318.00,100 גרם,false,1,16.90,5.3145,true,1,345081
78300098379,false,טמפונים פלייטקס רגול,פלייטקס מניפקטורינג,US,טמפונים פלייטקס רגולר גנטל גלייד 20יח,יחידה,20.00,יחידה,false,12,26.90,1.3450,true,1,325515
78300098393,false,טמפונים פלייטקס סופר,פלייטקס מניפקטורינג,US,טמפונים פלייטקס סופר פלוס סימפלי גנטל 18,יחידה,18.00,יחידה,false,12,26.90,1.4944,true,1,325518
78895120318,false,רוטב למוקפץ סויה ושו,לי קום קי פודס,CN,רוטב למוקפץ סויה ושום 50 גרם לי קום ק,Unknown,0.00,Unknown,false,12,6.90,0.0000,true,1,344012
78895121896,false,רוטב למוקפץ עגבניות,לי קום קי פודס,CN,רוטב למוקפץ עגבניות ושום70 גרם לי קום ק,Unknown,0.00,Unknown,false,12,6.90,0.0000,true,1,344017
78895131178,false,רוטב למוקפץ דבש וסוי,לי קום קי פודס,CN,רוטב למוקפץ דבש וסויה 70 גרם לי קום ק,Unknown,0.00,Unknown,false,12,6.90,0.0000,true,1,344013
78895132908,false,רוטב סויה משובח לי ק,לי קום קי פודס,CN,רוטב סויה משובח לי קום קי 500 מל,מיליליטרים,500.00,"100 מ""ל",false,12,19.90,3.9800,true,1,334345
78895138603,false,רוטב למוקפץ חמוץ מתו,לי קום קי פודס,CN,רוטב למוקפץ חמוץ מתוק 60 גרם לי קום ק,Unknown,0.00,Unknown,false,12,6.90,0.0000,true,1,344016
78895148077,false,רוטב למוקפץ נודלס 50,לי קום קי פודס,CN,רוטב למוקפץ נודלס 50 גרם לי קום ק,Unknown,0.00,Unknown,false,12,6.90,0.0000,true,1,344015
78895148299,false,רוטב למוקפץ עוף קונג,לי קום קי פודס,CN,רוטב למוקפץ עוף קונג פאו 60 גרם לי קום ק,Unknown,0.00,Unknown,false,12,6.90,0.0000,true,1,344014
78895153460,false,רוטב סויה כהה לי קום,לי קום קי פודס,CN,רוטב סויה כהה לי קום קי 250 מל,מיליליטרים,250.00,"100 מ""ל",false,12,12.90,5.1600,true,1,334344
79200049034,false,סוכריות גלי נרדס בטע,,US,סוכריות גלי נרדס בטעם פירות 85 גרם,Unknown,0.00,Unknown,false,12,9.90,0.0000,true,1,347787
79200558338,false,סוכריות נרדס מיני טע,,US,סוכריות נרדס מיני טעם פירות 141 גרם,גרמים,141.00,100 גרם,false,12,9.90,7.0213,true,1,331176
79200616007,false,סוכריות נרדס מיני טע,,US,סוכריות נרדס מיני טעם ענבים 142 גרם,גרמים,142.00,100 גרם,false,12,9.90,6.9718,true,1,331175
79200773809,false,סוכריות גלי נרדס פיר,,US,סוכריות גלי נרדס פירות חמוץ מתוק120 גרם,גרמים,142.00,100 גרם,false,12,9.90,6.9718,true,1,347786
80244009236,false,וויסקי ברבן באפלו טר,,,וויסקי ברבן באפלו טרייס 700 מל פקדון,מיליליטרים,700.00,"100 מ""ל",false,1,169.00,24.1429,true,1,247736
80432402931,false,וויסקי שיבאס ריגאל 7,,,וויסקי שיבאס ריגאל 700 מל פקדון,מיליליטרים,700.00,"100 מ""ל",false,1,125.00,17.8571,true,1,247464
80432402979,false,וויסקי סקוטי גלן גרא,,,וויסקי סקוטי גלן גראנט 10 שנים 700 מל,מיליליטרים,700.00,"100 מ""ל",false,1,119.90,17.1286,true,1,319872
80432402993,false,וויסקי גלן גראנט סינ,,,וויסקי גלן גראנט סינגל מאלט 700 מל,מיליליטרים,700.00,"100 מ""ל",false,1,99.90,14.2714,true,1,251100
80480005269,false,בקרדי קרטה נגרה שחור,,,בקרדי קרטה נגרה שחור 750 מל,מיליליטרים,750.00,"100 מ""ל",false,1,129.00,17.2000,true,1,321385
80686003403,false,וויסקי גים בים שחור,,,וויסקי גים בים שחור טריפל אדג 700 מל,מיליליטרים,700.00,"100 מ""ל",false,1,119.90,17.1286,true,1,245011
80686010401,false,וויסקי גים בים ריי ש,,,וויסקי גים בים ריי שיפון 700 מל פקדון,מיליליטרים,700.00,"100 מ""ל",false,1,129.00,18.4286,true,1,245013
82184088654,false,וויסקי גק דניאלס סינ,בראון פורמן,,וויסקי גק דניאלס סינגל בארל 700 מל,מיליליטרים,700.00,"100 מ""ל",false,6,229.00,32.7143,true,1,250991
85696607207,false,טופו רך מוריגאנא ללא,Morinaga NUTRITIONAL,US,טופו רך מוריגאנא ללא גלוטן לייט 349 גר,גרמים,349.00,100 גרם,false,12,12.90,3.6963,true,1,324887
85696608037,false,טופו רך ללא גלוטן 34,Morinaga NUTRITIONAL,,טופו רך ללא גלוטן 349 גר,גרמים,349.00,100 גרם,false,1,11.90,3.4097,true,1,253301
85696608044,false,טופו ללא גלוטן 349 ג,Morinaga NUTRITIONAL,,טופו ללא גלוטן 349 גר,גרמים,349.00,100 גרם,false,1,11.90,3.4097,true,1,253300
87000006928,false,קפטיין מורגן כהה 750,captain morgan,,קפטיין מורגן כהה 750 מל פקדון,מיליליטרים,75000.00,"100 מ""ל",false,1,109.00,0.1453,true,1,229082
87666052819,false,רוטב סריראצה סופר חר,EXOTIC FOOD PCL,,רוטב סריראצה סופר חריף 455 מל,מיליליטרים,455.00,"100 מ""ל",false,1,24.90,5.4725,true,1,322534
87666052888,false,רוטב סריראצה עם למון,EXOTIC FOOD PCL,,רוטב סריראצה עם למון גראס 455 מל,מיליליטרים,455.00,"100 מ""ל",false,1,24.90,5.4725,true,1,322536
87752003312,false,יין הרצוג סלקשן שטנו,,FR,יין הרצוג סלקשן שטנוף לבן 750 מל,מיליליטרים,750.00,"100 מ""ל",false,6,85.00,11.3333,true,1,330024
87752005644,false,יין ברטנורא מוסקטו 7,,IT,יין ברטנורא מוסקטו 750 מל,מיליליטרים,750.00,"100 מ""ל",false,12,65.00,8.6667,true,1,330011
87752010716,false,יין ברון הרצוג גנס ק,,US,יין ברון הרצוג גנס קברנה סובניון 750 מל,מיליליטרים,750.00,"100 מ""ל",false,12,65.00,8.6667,true,1,330009
87752013229,false,יין הרצוג סלקשן שטנו,,FR,יין הרצוג סלקשן שטנוף אדום 750 מל,מיליליטרים,750.00,"100 מ""ל",false,6,85.00,11.3333,true,1,330023
87752014271,false,יין ברטנורא רוסו 750,,IT,יין ברטנורא רוסו 750 מל,מיליליטרים,750.00,"100 מ""ל",false,12,60.00,8.0000,true,1,330013
87752014417,false,יין בזלת הגולן מרלו,,IL,יין בזלת הגולן מרלו רזרב 2010 750 מל,מיליליטרים,750.00,"100 מ""ל",false,6,150.00,20.0000,true,1,327561
87752016084,false,יין מונטיפיורי אדום,יקב מונטיפיורי,,יין מונטיפיורי אדום 2012 750 מל פקדון,מיליליטרים,750.00,"100 מ""ל",false,1,60.00,8.0000,true,1,248432
87752016091,false,יין מונטיפיורי לבן 2,יקב מונטיפיורי,,יין מונטיפיורי לבן 2013 750 מל פקדון,מיליליטרים,750.00,"100 מ""ל",false,1,60.00,8.0000,true,1,248431
87752020784,false,יין שילה פריווליג 75,,IL,יין שילה פריווליג 750 מל,מיליליטרים,750.00,"100 מ""ל",false,12,85.00,11.3333,true,1,329995
87752021439,false,יין אלוי וינה אינסינ,,ES,יין אלוי וינה אינסינה אדום 750 מל,מיליליטרים,750.00,"100 מ""ל",false,12,60.00,8.0000,true,1,330278
87752022078,false,יין שילה סוביניון בל,,IL,יין שילה סוביניון בלאן 750 מל,מיליליטרים,750.00,"100 מ""ל",false,12,85.00,11.3333,true,1,329994
87752022139,false,יין מונטיפיורי רוזה,יקב מונטיפיורי,,יין מונטיפיורי רוזה 2017 750 מל,מיליליטרים,750.00,"100 מ""ל",false,1,60.00,8.0000,true,1,327567
87752024591,false,יין ברון הרצוג גנס ס,,US,יין ברון הרצוג גנס ספרקלינג 750 מל,מיליליטרים,750.00,"100 מ""ל",false,12,65.00,8.6667,true,1,330010
87752025253,false,יין ברון הרצוג גוורצ,,US,יין ברון הרצוג גוורצטרמינר 750 מל,מיליליטרים,750.00,"100 מ""ל",false,12,60.00,8.0000,true,1,330008
87752028872,false,יין שאטו לה ריגאן רו,,FR,יין שאטו לה ריגאן רוזה 750 מל,מיליליטרים,750.00,"100 מ""ל",false,12,65.00,8.6667,true,1,338713
88004144746,false,ליקר וויסקי שוטר קינ,,,ליקר וויסקי שוטר קינמון פיירבול 750מל פק,מיליליטרים,750.00,"100 מ""ל",false,1,109.00,14.5333,true,1,242670
88586000201,false,יין ריזלינג ארויקה ש,"ארה""ב סיינט מישל ווי",,יין ריזלינג ארויקה שאטו סנט מישל 750מל,מיליליטרים,750.00,"100 מ""ל",false,1,110.00,14.6667,true,1,245192
88586000720,false,יין קברנה טו ויינז ק,"ארה""ב סיינט מישל ווי",,יין קברנה טו ויינז קולומביה 750 מל פיקדו,מיליליטרים,750.00,"100 מ""ל",false,1,45.00,6.0000,true,1,235994
88586000751,false,יין סירה שאטו סנט מי,"ארה""ב סיינט מישל ווי",,יין סירה שאטו סנט מישל 750 מל פקדון,מיליליטרים,750.00,"100 מ""ל",false,1,65.00,8.6667,true,1,243848
88586002052,false,יין אתוס רזרב סירה ש,"ארה""ב סיינט מישל ווי",,יין אתוס רזרב סירה שאטו סנט מישל 750מל,מיליליטרים,750.00,"100 מ""ל",false,1,140.00,18.6667,true,1,245189
88586005626,false,יין ריזלינג שאטו סיי,"ארה""ב סיינט מישל ווי",,יין ריזלינג שאטו סיינט מישל 750 מל,מיליליטרים,75000.00,"100 מ""ל",false,1,60.00,0.0800,true,1,249577
88586421860,false,יין ריזלינג טו ויינז,"ארה""ב סיינט מישל ווי",,יין ריזלינג טו ויינז קולומביה750מל פיקדו,מיליליטרים,750.00,"100 מ""ל",false,1,45.00,6.0000,true,1,235995
88586425868,false,יין גוורצטרמינר טו ו,"ארה""ב סיינט מישל ווי",,יין גוורצטרמינר טו ויינז 750מל פיקד,מיליליטרים,750.00,"100 מ""ל",false,1,45.00,6.0000,true,1,235998
88586601835,false,יין אדום קברנה סובינ,"ארה""ב סיינט מישל ווי",,יין אדום קברנה סוביניון שאטו סנט מישל750,מיליליטרים,750.00,"100 מ""ל",false,1,65.00,8.6667,true,1,241425
88586603846,false,יין שרדונה שאטו סיינ,"ארה""ב סיינט מישל ווי",,יין שרדונה שאטו סיינט מישל 750,מיליליטרים,750.00,"100 מ""ל",false,1,60.00,8.0000,true,1,317386
88586621840,false,יין לבן ריזלינג שאטו,"ארה""ב סיינט מישל ווי",,יין לבן ריזלינג שאטו סנט מישל 750מל פקדו,מיליליטרים,750.00,"100 מ""ל",false,1,60.00,8.0000,true,1,241359
88586625848,false,יין גוורצטרמינר שאטו,"ארה""ב סיינט מישל ווי",,יין גוורצטרמינר שאטו סנט מישל 750מ פיקדו,מיליליטרים,750.00,"100 מ""ל",false,1,60.00,8.0000,true,1,235991
88586686856,false,יין קולד קריק קברנה,"ארה""ב סיינט מישל ווי",,יין קולד קריק קברנה סוביניון שאטו סנט מי,מיליליטרים,750.00,"100 מ""ל",false,1,140.00,18.6667,true,1,245188
89041081056,false,שמן סויה בתיבול צילי,Flavor full foods in,,שמן סויה בתיבול צילי 185 מל,מיליליטרים,185.00,"100 מ""ל",false,1,11.90,6.4324,true,1,232632
89397344300,false,רוטב פסטה דיניקולה ע,ג'יאובני פוד,US,רוטב פסטה דיניקולה עם בזיליקום 737 גר,גרמים,737.00,100 גרם,false,12,16.90,2.2931,true,1,228866
89397344348,false,רוטב פסטה דיניקולה ע,ג'יאובני פוד,US,רוטב פסטה דיניקולה עם שום קלוי 737 מל,מיליליטרים,737.00,"100 מ""ל",false,12,16.90,2.2931,true,1,228868
89397344362,false,רוטב פסטה דיניקולה מ,ג'יאובני פוד,US,רוטב פסטה דיניקולה מרינדה 737 מל,מיליליטרים,737.00,"100 מ""ל",false,12,16.90,2.2931,true,1,240771
89819006731,false,יין ברינגר פאונדרס א,ברינגר,US,יין סטון סלרס קברנה סוביניון 750 מלפקדון,מיליליטרים,750.00,"100 מ""ל",false,1,60.00,8.0000,true,1,324213
89819013173,false,יין ברינגר פאונדרס א,ברינגר,US,יין ברינגר פאונדרס אסטייט ק.סובניון 750,מיליליטרים,750.00,"100 מ""ל",false,12,60.00,8.0000,true,1,324218
93133737325,false,רוטב טרייאקי מייקי ש,אקזוטיק סאוס,,רוטב טרייאקי מייקי שומשום 566 מל,מיליליטרים,566.00,"100 מ""ל",false,1,44.90,7.9329,true,1,239657
96086000003,false,קיטו מיני גריסיני מק,,,קיטו מיני גריסיני מקמח שקדים 200 גר,גרמים,200.00,100 גרם,false,12,22.90,11.4500,true,1,338740
96086000348,false,מצות מצופות 200 ג אב,,,מצות מצופות 200 ג אביב,גרמים,200.00,100 גרם,false,1,16.90,8.4500,true,1,231972
96086000676,false,עוגיות קלות ללס מקמח,,,עוגיות קלות ללס מקמח כוסמין וציה 200ג,גרמים,200.00,100 גרם,false,12,13.90,6.9500,true,1,338739
96086001031,false,פירורי קיטו מקמח שקד,,,פירורי קיטו מקמח שקדים 300 גר,גרמים,300.00,100 גרם,false,12,23.90,7.9667,true,1,338741
96086001338,false,מצות אביב 1 קג,,,מצות אביב 1 קג,קילוגרמים,1.00,"ק""ג",false,1,14.90,14.9000,true,1,254242
190484002031,false,תבשיל מאק אנד ציז204,,,תבשיל מאק אנד ציז204 גר,גרמים,204.00,100 גרם,false,1,11.90,5.8333,true,1,338198
195414154798,false,שיכר נובו ספרקלין 70,,FR,שיכר נובו ספרקלין 700 מל,מיליליטרים,700.00,"100 מ""ל",false,6,99.00,14.1429,true,1,339473
220330150828,false,שמפו קראטין ללא מלחי,,,שמפו קראטין ללא מלחים 1 ליטר,מיליליטרים,1000.00,"100 מ""ל",false,1,79.00,7.9000,true,1,331692
305210416383,false,קרם תחליב גוף וזלין,יוניליוור,,קרם תחליב גוף וזלין לגבר 618מל,מיליליטרים,618.00,"100 מ""ל",false,1,23.90,3.8673,true,1,319196
305213079004,false,קרם תחליב גוף וזלין,יוניליוור,,קרם תחליב גוף וזלין צהוב 603 מל,מיליליטרים,603.00,"100 מ""ל",false,1,23.90,3.9635,true,1,319194
308910525744,false,אטריות אורז דקות 454,Oriental food co. lt,,אטריות אורז דקות 454 ג,גרמים,454.00,100 גרם,false,1,10.90,2.4009,true,1,315951
350007641028,false,משחת שיניים קולגייט,קולגייט,MX,משחת שיניים קולגייט 130גר 2ב1 הלבנה,מיליליטרים,130.00,"100 מ""ל",false,12,19.90,15.3077,true,1,336608
381370044734,false,פלסטר בוב ספוג 20 יח,Johnson Toilet -US,US,פלסטר בוב ספוג 20 יח בנד אייד,יחידה,24.00,יחידה,false,24,18.90,0.7875,true,1,238822
381370044840,false,פלסטר דורה 20 יח בנד,Johnson Toilet -US,US,פלסטר דורה 20 יח בנד אייד,יחידה,24.00,יחידה,false,24,18.90,0.7875,true,1,238823
605453120277,false,מקלות סורימי 454 גרם,אל.אם פודס,US,מקלות סורימי 454 גרם,גרמים,454.00,100 גרם,false,12,34.90,7.6872,true,1,325366
605453320202,false,נתחי סורימי 454 גרם,אל.אם פודס,US,נתחי סורימי 454 גרם,גרמים,454.00,100 גרם,false,12,34.90,7.6872,true,1,325367
605453520961,false,סורימי דליקטס 300גר,אל.אם פודס,US,סורימי דליקטס 300גר,גרמים,300.00,100 גרם,false,12,34.90,11.6333,true,1,325443
605453620746,false,סורימי בטעם צדפות 35,אל.אם פודס,US,סורימי בטעם צדפות 350גר,גרמים,300.00,100 גרם,false,12,34.90,11.6333,true,1,325370
608614310463,true,אוכמניות יבוא לאקי ב,,,אוכמניות יבוא לאקי ברי בקופסא,Unknown,0.00,Unknown,false,,14.90,0.0000,true,1,346869
608614327836,false,פריכיות כוסמת כורכום,זן בר,,פריכיות כוסמת כורכום 115גרם,גרמים,115.00,100 גרם,false,1,12.90,11.2174,true,1,325747
611745282400,false,לחם כוסמין מונבט 420,,,לחם כוסמין מונבט 420גר,גרמים,420.00,100 גרם,false,6,25.90,6.1667,true,1,334465
611745282424,false,לחם קינואה וכוסמת מו,,,לחם קינואה וכוסמת מונבטת 420גר,גרמים,420.00,100 גרם,false,6,25.90,6.1667,true,1,334466
611745285685,false,אבוקדו בשל ארוז יח,,,אבוקדו בשל ארוז יח,Unknown,0.00,Unknown,false,1,9.90,0.0000,true,1,313146
611745301514,false,פריכיות כוסמת ספירול,זן בר,,פריכיות כוסמת ספירולינה 120גר,גרמים,120.00,100 גרם,false,1,12.90,10.7500,true,1,323437
613008715267,false,משקה אריזונה גנסנג ד,אריזונה,,משקה אריזונה גנסנג דבש 680 מל פח פיקדון,מיליליטרים,680.00,"100 מ""ל",false,1,11.90,1.7500,true,1,240889
613008718763,false,משקה אריזונה פירות 6,אריזונה,,משקה אריזונה פירות 680 מל פח פיקדון,מיליליטרים,680.00,"100 מ""ל",false,1,11.90,1.7500,true,1,239327
613008722395,false,משקה אריזונה תה ירוק,אריזונה,,משקה אריזונה תה ירוק 680 מל פח פיקדון,מיליליטרים,680.00,"100 מ""ל",false,1,11.90,1.7500,true,1,323111
613008742348,false,משקה תה אריזונה גינס,ARIZONA,BG,משקה תה אריזונה גינסנג דבש 1ל בק.פקדון,ליטרים,1.00,ליטר,false,1,11.90,11.9000,true,1,333845
613008742409,false,משקה תה אריזונה אפרס,ARIZONA,BG,משקה תה אריזונה אפרסק 1ליטר בק.פקדון,ליטרים,1.00,ליטר,false,1,11.90,11.9000,true,1,333844
613008753290,false,משקה תה אריזונה אפרס,ARIZONA,,משקה תה אריזונה אפרסק 450מל בק.פקדון,מיליליטרים,450.00,"100 מ""ל",false,1,7.90,1.7556,true,1,327393
613008753320,false,משקה תה אריזונה גינס,ARIZONA,,משקה תה אריזונה גינסנג דבש450מל בק.פקדון,מיליליטרים,450.00,"100 מ""ל",false,1,7.90,1.7556,true,1,327394
613008753351,false,משקה תה אריזונה רימו,ARIZONA,,משקה תה אריזונה רימונים 450מל בק.פקדון,מיליליטרים,450.00,"100 מ""ל",false,1,7.90,1.7556,true,1,327391
613008753382,false,משקה תה אריזונה אוכמ,ARIZONA,,משקה תה אריזונה אוכמניות 450מל בק.פקדון,מיליליטרים,450.00,"100 מ""ל",false,1,7.90,1.7556,true,1,327392
613008755461,false,משקה תה אריזונה אוכמ,ARIZONA,BG,משקה תה אריזונה אוכמניות 1ליטר בק.פקדון,ליטרים,1.00,ליטר,false,1,11.90,11.9000,true,1,333843
628154383659,false,דגני פוסט פרוטי פבלס,פוסט ארצות הברית,US,דגני פוסט פרוטי פבלס 311 גרם,גרמים,311.00,100 גרם,false,14,22.90,7.3633,true,1,345121
633824111838,false,וודקה ואן גוך אננס 7,"ארודן בע""מ",,וודקה ואן גוך אננס 750 מל פקדון,מיליליטרים,750.00,"100 מ""ל",false,1,139.00,18.5333,true,1,329096
633824208040,false,וודקה ואן גוך דאבל א,"ארודן בע""מ",,וודקה ואן גוך דאבל אספרסו 750 מל פקדון,מיליליטרים,750.00,"100 מ""ל",false,1,139.00,18.5333,true,1,329095
633824913432,false,וודקה ואן גוך אסאי 7,"ארודן בע""מ",,וודקה ואן גוך אסאי 750 מל פקדון,מיליליטרים,750.00,"100 מ""ל",false,1,139.00,18.5333,true,1,329098
636046316036,false,תה ארל גריי עלי ווינ,,US,תה ארל גריי עלי ווינטר 20שקיות משי,יחידה,20.00,יחידה,false,6,42.90,2.1450,true,1,338953
636046354014,false,תה קינמון ותבלינים ה,,US,תה קינמון ותבלינים הארני אנד 20שקיות משי,יחידה,20.00,יחידה,false,6,42.90,2.1450,true,1,338954
636046354021,false,תה מנטה האני אנד סאנ,,US,תה מנטה הארני אנד סאנס20שקיות משי,יחידה,20.00,יחידה,false,6,42.90,2.1450,true,1,338960
637793001046,false,ריבת רברבר זינזר מקי,מקיי'ס,GB,מקייס ריבה רברבר זינזר 340 גר,גרמים,340.00,100 גרם,false,6,20.00,5.8824,true,1,239323
638060269435,false,זוג ספוגים ללכלוך חז,3m,ES,זוג ספוגים ללכלוך חזק במיוחד סקוטש ברייט,יחידה,2.00,יחידה,false,12,12.90,6.4500,true,1,330886
639138513238,false,פילה הרינג מעושן 190,רוג'ן פיש,,פילה הרינג מעושן 190 גר ניר רוגן,גרמים,190.00,100 גרם,false,1,12.90,6.7895,true,1,234295
639138527617,false,הרינג עגבניות ניו רו,רוג'ן פיש,,הרינג עגבניות ניו רוגן 190 גר,גרמים,190.00,100 גרם,false,1,12.90,6.7895,true,1,234298
639138527631,false,פילה הרינג ברוטב חרד,רוג'ן פיש,,פילה הרינג ברוטב חרדל 190 גר ניו רוגן,גרמים,190.00,100 גרם,false,1,12.90,6.7895,true,1,234296
644209405947,false,ציפוי דנקן לעוגה קרם,פיניקל פודס,,ציפוי דנקן לעוגה קרם מוקצף 397 גר,גרמים,397.00,100 גרם,false,1,21.90,5.5164,true,1,313024
645173911038,false,מלפפון קורנישון מיני,,,מלפפון קורנישון מיני 670 ג תומר,גרמים,670.00,100 גרם,false,1,9.90,1.4776,true,1,232832
649660013281,false,מיץ שזיפים ללא סוכר,היל ויו,,מיץ שזיפים ללא סוכר 946מל היל ויו,מיליליטרים,946.00,"100 מ""ל",false,1,19.90,2.1036,true,1,308131
649660432020,false,שזיפים מיובשים ללא ג,ש.האופים,,לפתן שזיפים מגולענים ל.ס.567 גר היל ויו,גרמים,567.00,100 גרם,false,1,29.90,5.2734,true,1,308244
651080647519,false,קיסמי שיניים עם חוט,JORDAN,,קיסמי שיניים עם חוט מנטה גורדון פלקרס,יחידה,36.00,יחידה,false,1,11.90,0.3306,true,1,317399
666522900053,false,ריבת דומדומניות ציי,היסטון סוויטס ספרדס,,ריבת דומדומניות צייברס 340 גרם,גרמים,340.00,100 גרם,false,1,21.90,6.4412,true,1,322103
666522900084,false,ריבת גינגר צייברס340,היסטון סוויטס ספרדס,,ריבת גינגר צייברס340 גרם,גרמים,340.00,100 גרם,false,1,21.90,6.4412,true,1,322101
666522900091,false,ריבת תפוז אנגלי צייב,היסטון סוויטס ספרדס,,ריבת תפוז אנגלי צייברס 340 גרם,גרמים,340.00,100 גרם,false,1,21.90,6.4412,true,1,322102
666522900138,false,ריבת קרם לימון צייבר,היסטון סוויטס ספרדס,,ריבת קרם לימון צייברס 320 גרם,גרמים,320.00,100 גרם,false,1,21.90,6.8437,true,1,322100
667803000752,false,אבקת חרדל קולמנס אנג,,GB,אבקת חרדל אנגלי קולמנס 113 ג,גרמים,113.00,100 גרם,false,12,21.90,19.3805,true,1,252574
681170151008,false,דייסת שבולת שועל אור,,US,דייסת שבולת שועל אורגינל 360גר בראדס,גרמים,36000.00,100 גרם,false,6,22.90,0.0636,true,1,329024
686412282984,false,טונה אורטיז לבנה בשמ,,,טונה אורטיז לבנה בשמן זית 220 גר צנצנת,גרמים,220.00,100 גרם,false,1,44.90,20.4091,true,1,333351
689570407800,false,אבקת חלבון איזופלקס,,IL,אבקת חלבון איזופלקס 32 2.3קג קרם עוגיות,גרמים,2300.00,100 גרם,false,1,349.00,15.1739,true,1,336818
690903901575,false,כף חלוקה נירוסטה עיל,,,כף חלוקה נירוסטה עילית,יחידה,1.00,יחידה,false,1,24.90,24.9000,true,1,334863
691535503014,false,חטיף חלבון נוגו בוטנ,,US,חטיף חלבון נוגו בוטנים,יחידה,1.00,יחידה,false,15,12.90,12.9000,true,1,330353
691535507012,false,חטיף חלבון נוגו בננה,,US,חטיף חלבון נוגו בננה,יחידה,1.00,יחידה,false,15,12.90,12.9000,true,1,330349
691535513013,false,חטיף חלבון נוגו ח. ב,,US,חטיף חלבון נוגו ח. בוטנים ללא סוכר,יחידה,1.00,יחידה,false,12,12.90,12.9000,true,1,330358
691535514010,false,חטיף חלבון נוגו שוקו,,US,חטיף חלבון נוגו שוקו פירות ללא סוכר,יחידה,1.00,יחידה,false,12,12.90,12.9000,true,1,345437
691535521018,false,חטיף חלבון נוגו שוקו,,US,חטיף חלבון נוגו שוקוציפ ללא גלוטן,יחידה,1.00,יחידה,false,12,12.90,12.9000,true,1,330355
691535523012,false,חטיף חלבון נוגו מוקה,,US,חטיף חלבון נוגו מוקה ללא גלוטן,יחידה,1.00,יחידה,false,12,12.90,12.9000,true,1,330356
693493008365,false,מעדן טבעוני פומאז שק,,IL,מעדן טבעוני פומאז שקד שוקולד 120גר,גרמים,120.00,100 גרם,false,8,10.90,9.0833,true,1,337910
693493008372,false,מעדן טבעוני פומאז מע,,IL,מעדן טבעוני פומאז מעדן תות 120גר,גרמים,120.00,100 גרם,false,8,10.90,9.0833,true,1,337909
693493016742,false,חלבה אבובה קלאסית לל,,IL,חלבה אבובה קלאסית ללא סוכר 330 גרם,גרמים,330.00,100 גרם,false,1,20.90,6.3333,true,1,344955
693493089869,false,גבינת ברי כתומה 200ג,,IL,גבינת ברי כתומה 200גרם משק שוורץ,גרמים,200.00,100 גרם,false,,41.90,20.9500,true,1,333470
693493089876,false,גבינת שוורצע 200גרם,,IL,גבינת שוורצע 200גרם משק שוורץ,גרמים,200.00,100 גרם,false,,41.90,20.9500,true,1,333472
693493089906,false,גבינת ברי יער שחור 2,,IL,גבינת ברי יער שחור 200גרם משק שוורץ,גרמים,200.00,100 גרם,false,,41.90,20.9500,true,1,333473
693493089913,false,גבינת ברי פחם תאנים,,IL,גבינת ברי פחם תאנים 200גרם משק שוורץ,גרמים,200.00,100 גרם,false,,41.90,20.9500,true,1,333474
693493089920,false,גבינת ברי כמהין 200ג,,IL,גבינת ברי כמהין 200גרם משק שוורץ,גרמים,200.00,100 גרם,false,,41.90,20.9500,true,1,333475
693493116671,false,מארז 50יח מסכות פנים,,,מארז 50יח מסכות פנים כירוגיות 3 שכבות,יחידה,50.00,יחידה,false,1,9.90,0.1980,true,1,342754
693493131001,false,חלבה אבובה פיסטוק לל,,IL,חלבה אבובה פיסטוק ללא סוכר 330 גרם,גרמים,330.00,100 גרם,false,1,20.90,6.3333,true,1,344953
693493131025,false,חלבה אבובה אגוזי מלך,,IL,חלבה אבובה אגוזי מלך ללא סוכר 330 גרם,גרמים,330.00,100 גרם,false,1,20.90,6.3333,true,1,345256
693493131032,false,חלבה אבובה פקאן ללא,,IL,חלבה אבובה פקאן ללא סוכר 330 גרם,גרמים,330.00,100 גרם,false,1,20.90,6.3333,true,1,344954
693493197540,false,תערובת לימון ופלפל 2,,TR,תערובת לימון ופלפל 205 גרם ק.ד.אוליבה,גרמים,205.00,100 גרם,false,1,24.90,12.1463,true,1,346280
693493197557,false,מלח ים ויולט סגול340,,TR,מלח ים ויולט סגול340 גרם ק.ד.אולי,גרמים,340.00,100 גרם,false,1,18.90,5.5588,true,1,346281
693493197571,false,תערובת צילי מעושן ומ,,TR,תערובת צילי מעושן ומלח ים 220גר ק.ד.אולי,גרמים,220.00,100 גרם,false,1,18.90,8.5909,true,1,346278
693493198004,false,שמן זית קאסב די אולי,,TR,שמן זית קאסב די אוליביה 500 מל,מיליליטרים,500.00,"100 מ""ל",false,12,24.90,4.9800,true,1,346348
707595100114,false,פלפל אדום קלוי 480גר,NESTOS,,פלפל אדום קלוי 480גרם נסטוס,גרמים,480.00,100 גרם,false,1,15.90,3.3125,true,1,310926
707595100145,false,סלק פרוס 700 גרם נסט,NESTOS,GR,סלק פרוס 700 גרם נסטוס,גרמים,700.00,100 גרם,false,12,15.90,2.2714,true,1,310924
707595100169,false,חציל קלוי על האש 480,NESTOS,GR,חציל קלוי 480 גרם נסטוס,גרמים,480.00,100 גרם,false,12,15.90,3.3125,true,1,310925
707596280204,false,יין בלו נאן רוזה 750,bluenun,,יין בלו נאן רוזה 750 מל פיקדון,מיליליטרים,750.00,"100 מ""ל",false,1,40.00,5.3333,true,1,233159
711981007031,false,יין קברנה סוביניון פ,,,יין קברנה סוביניון פיירוואלי 2009 750מל,מיליליטרים,750.00,"100 מ""ל",false,1,65.00,8.6667,true,1,247788
721733000296,false,טקילה פטרון קפה 700,,,טקילה פטרון קפה אקס או 700 מל,מיליליטרים,700.00,"100 מ""ל",false,1,110.00,15.7143,true,1,305871
723830000100,false,בירה לגוניטאס איי פי,,,בירה לגוניטאס איי פי אי 355מל בק.פקדון,מיליליטרים,355.00,"100 מ""ל",false,24,12.90,3.6338,true,1,335644
723830770010,false,בירה לגוניטאס איי פי,,,בירה לגוניטאס איי פי אי דאיי טיים 355מל,מיליליטרים,355.00,"100 מ""ל",false,24,12.90,3.6338,true,1,335645
728028507898,false,תבלין טקסס גולד 393,,,תבלין טקסס גולד 393 גר,גרמים,393.00,100 גרם,false,1,34.90,8.8804,true,1,346166
728028507904,false,תבלין ממפיס מוד 354,,,תבלין ממפיס מוד 354 גר,גרמים,354.00,100 גרם,false,1,34.90,9.8588,true,1,346165
728028507911,false,תבלין לואיזיאנה 383,,,תבלין לואיזיאנה 383 גר,גרמים,383.00,100 גרם,false,1,34.90,9.1123,true,1,346164
728229123590,false,חטיף טרה ירקות אקזוט,Global Gourmet Produ,,חטיף טרה ירקות אקזוטים 110 ג,גרמים,110.00,100 גרם,false,1,16.90,15.3636,true,1,233222
728229123613,false,חטיף טרה מתפוח אדמה,Global Gourmet Produ,,חטיף טרה מתפוח אדמה כחול 110 ג,גרמים,110.00,100 גרם,false,1,16.90,15.3636,true,1,233221
728229123811,false,חטיף טרה מירקות אקזו,Global Gourmet Produ,,חטיף טרה מירקות אקזוטים מתובל 110 ג,גרמים,110.00,100 גרם,false,1,16.90,15.3636,true,1,233506
728229124764,false,חטיף טרה בטטה מלח ים,Global Gourmet Produ,,חטיף טרה בטטה מלח ים 110 ג,גרמים,110.00,100 גרם,false,1,16.90,15.3636,true,1,324622
728229124771,false,חטיף טרה מבטטה טעם ב,Global Gourmet Produ,,חטיף טרה מבטטה טעם ברביקו 110 ג,גרמים,110.00,100 גרם,false,1,16.90,15.3636,true,1,307254
728229124795,false,חטיף טרה בטטה 110 ג,Global Gourmet Produ,,חטיף טרה בטטה 110 ג כשלפ,גרמים,110.00,100 גרם,false,1,16.90,15.3636,true,1,321425
728229130154,false,חטיף טרה בטטה וסלק 1,Global Gourmet Produ,,חטיף טרה בטטה וסלק 110 ג,גרמים,110.00,100 גרם,false,1,16.90,15.3636,true,1,237251
729612380033,false,גלילוני וופל בולרו ק,,,גלילוני וופל בולרו קרם אגוזים 400 גר,גרמים,400.00,100 גרם,false,1,16.90,4.2250,true,1,229103
729612381030,false,גלילוני וופל בולרו ק,,,גלילוני וופל בולרו קרם שקדים 400 גר,גרמים,400.00,100 גרם,false,1,16.90,4.2250,true,1,229102
729612383034,false,גלילוני וופל בולרו ק,,,גלילוני וופל בולרו קרם לימון 400 גר,גרמים,400.00,100 גרם,false,1,16.90,4.2250,true,1,229105
729612384031,false,גלילוני וופל בולרו ק,,,גלילוני וופל בולרו קרם וניל 400 גר,גרמים,400.00,100 גרם,false,1,16.90,4.2250,true,1,229104
729906510016,false,פתיתי שבולת שועל ללא,,,פתיתי שבולת שועל ללא גלוטן ללס 510גר,גרמים,510.00,100 גרם,false,6,27.90,5.4706,true,1,332748
733353400042,false,יין מוסקטו אפרסק יו,,US,יין מוסקטו אפרסק יו איקס 4 יח בק 187 מל,מיליליטרים,187.00,"100 מ""ל",false,24,45.00,24.0642,true,1,338865
734896879913,false,אקדח/משפריץ מים בינו,,,אקדח/משפריץ מים בינוני,יחידה,1.00,יחידה,false,1,19.90,19.9000,true,1,344588
734896880063,false,מטקות עץ,,,מטקות עץ,יחידה,1.00,יחידה,false,1,23.90,23.9000,true,1,344600
734896880094,false,משחק צלילה,,,משחק צלילה,יחידה,1.00,יחידה,false,1,29.90,29.9000,true,1,344592
734896880193,false,למבדה סקוטץ ברשת,,,למבדה סקוטץ ברשת,יחידה,1.00,יחידה,false,1,23.90,23.9000,true,1,344602
734896880223,false,קליעה למטרה חיצים,,,קליעה למטרה חיצים,יחידה,1.00,יחידה,false,1,23.90,23.9000,true,1,344603
734896880254,false,משקפת שנורקל בלוח,,,משקפת שנורקל בלוח,יחידה,1.00,יחידה,false,1,29.90,29.9000,true,1,344598
734896880483,false,שש בש,,,שש בש,יחידה,1.00,יחידה,false,1,24.90,24.9000,true,1,344606
734896880643,false,משקפת עיניים בנרתיק,,,משקפת עיניים בנרתיק סילקון,יחידה,1.00,יחידה,false,1,19.90,19.9000,true,1,344595
734896880773,false,משקפת עיניים ילדים,,,משקפת עיניים ילדים,יחידה,1.00,יחידה,false,1,19.90,19.9000,true,1,344597
736920111310,false,בירה גוס איילנד איי,,,בירה גוס איילנד איי פי אי 355מל 5.9%בק.פ,מיליליטרים,355.00,"100 מ""ל",false,1,14.90,4.1972,true,1,337787
739958064801,false,יין קופולה קברנה סוב,coppola,,יין קופולה קברנה סוביניון 750 מל,מיליליטרים,750.00,"100 מ""ל",false,1,100.00,13.3333,true,1,236008
739958085202,false,יין קופולה פביליון ש,coppola,,יין קופולה פביליון שרדונה 750 מל,מיליליטרים,750.00,"100 מ""ל",false,1,100.00,13.3333,true,1,308314
761720050101,false,סירופ קארו כהה 453 מ,אי סי איץ,,סירופ קארו כהה 453 מל,מיליליטרים,453.00,"100 מ""ל",false,1,28.90,6.3797,true,1,343299
761720051108,false,סירופ קארו בהיר 453,אי סי איץ,US,סירופ קארו בהיר 453 מל,מיליליטרים,453.00,"100 מ""ל",false,12,28.90,6.3797,true,1,230985
764793213336,false,יין פונצי ויניו ורדה,,PT,יין פונצי ויניו ורדה בלאן 750 מל,מיליליטרים,750.00,"100 מ""ל",false,6,45.00,6.0000,true,1,338072
764793227302,false,יין לוריירו אנד אל ו,,PT,יין לוריירו אנד אל ואקריניו 750 מל,מיליליטרים,750.00,"100 מ""ל",false,6,60.00,8.0000,true,1,338069
764793261313,false,יין לוריירו וחניו ור,,PT,יין לוריירו וחניו ורדה 750 מל,מיליליטרים,750.00,"100 מ""ל",false,6,60.00,8.0000,true,1,338070
769493100054,false,גל אנרגיה פירות יער,,US,גל אנרגיה פירות יער 32גרם,יחידה,1.00,יחידה,false,24,6.90,6.9000,true,1,330346
769493100078,false,גל אנרגיה טעם אספרסו,,US,גל אנרגיה טעם אספרסו 32גרם,יחידה,1.00,יחידה,false,24,6.90,6.9000,true,1,330345
769493100092,false,גל אנרגיה תות בננה,,US,גל אנרגיה תות בננה 32גרם,יחידה,1.00,יחידה,false,24,6.90,6.9000,true,1,330347
769904000997,false,שקדי מרק 200 גר ללא,נטורפוד,IL,שקדי מרק 200 גר ללא גלוטן,גרמים,200.00,100 גרם,false,20,14.90,7.4500,true,1,239338
770009010484,false,עטרות לאפיה לא מולבנ,SOURCE ATLANTIQUE,,עטרות לאפיה לא מולבנים בכלור 60יח,יחידה,60.00,יחידה,false,1,14.90,0.2483,true,1,247402
770009011924,false,נייר אפיה 24יח 100%,SOURCE ATLANTIQUE,,נייר אפיה 24יח 100% טבעי אורגניקזון,יחידה,24.00,יחידה,false,1,22.90,0.9542,true,1,245924
770009250262,false,שקיות אוכל מנייר 100,SOURCE ATLANTIQUE,,שקיות אוכל מנייר 100% טבעי אורגניק זון,יחידה,48.00,יחידה,false,1,21.90,0.4562,true,1,245925
777034009681,false,סוכריות לקריץ אולסור,,NL,סוכריות לקריץ אולסורט 250 גרם,גרמים,250.00,100 גרם,false,12,12.90,5.1600,true,1,305289
777915888299,false,רוטב סויה אקיטה ללא,אקיטה דלסון,,רוטב סויה אקיטה 450 מל,מיליליטרים,450.00,"100 מ""ל",false,1,18.90,4.2000,true,1,232459
781682114765,false,ליקר צויה קלאסיק 750,,,ליקר צויה קלאסיק 750 מל,מיליליטרים,750.00,"100 מ""ל",false,1,95.00,12.6667,true,1,305868
781682114796,false,שיכר צויה שיסו אדום,צויה,JP,שיכר צויה שיסו אדום 750 מל,מיליליטרים,750.00,"100 מ""ל",false,12,99.90,13.3200,true,1,326564
783495472407,false,חלבה אבובה קרם עוגיו,,IL,חלבה אבובה קרם עוגיות ללא סוכר 330גרם,גרמים,330.00,100 גרם,false,1,20.90,6.3333,true,1,344960
783495472414,false,חלבה אבובה מתוק מלוח,,IL,חלבה אבובה מתוק מלוח ללא סוכר 330גרם,גרמים,330.00,100 גרם,false,1,20.90,6.3333,true,1,344959
783495472438,false,חלבה אבובה עוגיות לו,,IL,חלבה אבובה עוגיות לוטוס ללא סוכר 330 גרם,גרמים,330.00,100 גרם,false,1,20.90,6.3333,true,1,344957
786150000274,false,בירה לף בראון 330מל,,,בירה לף בראון 330מל בק.פקדון,מיליליטרים,330.00,"100 מ""ל",false,1,10.00,3.0303,true,1,344582
786150000281,false,מארז 6יח בירה לף ברא,,,מארז 6יח בירה לף בראון 330מל בק.פקדון,מיליליטרים,1980.00,"100 מ""ל",false,1,47.90,2.4192,true,1,344583
786560002240,false,שייקר מקצועי,,,שייקר מקצועי,יחידה,1.00,יחידה,false,1,19.90,19.9000,true,1,331454
790334402501,false,רוטב אלף האיים גרוסר,רישליו פודס,,רוטב אלף האיים גרוסרס גרדן 473 מל,מיליליטרים,473.00,"100 מ""ל",false,1,18.00,3.8055,true,1,253685
808874939668,false,יין בוגל קברנה סובינ,בוגל,US,יין בוגל קברנה סוביניון 750 מל,מיליליטרים,750.00,"100 מ""ל",false,12,75.00,10.0000,true,1,326965
810044130126,false,ספוג ניקוי סקרופ מאמ,,US,ספוג ניקוי סקרופ מאמי,יחידה,1.00,יחידה,false,24,17.90,17.9000,true,1,347031
810044130133,false,ספוג ניקוי סקרופ דאד,,US,ספוג ניקוי סקרופ דאדי,יחידה,1.00,יחידה,false,24,17.90,17.9000,true,1,347030
810165010246,false,סוכריות על מקל אורגנ,,IL,סוכריות על מקל אורגניות מעורב 85גר,Unknown,0.00,Unknown,false,1,19.90,0.0000,true,1,347141
810165010260,false,סוכריות על מקל אורגנ,,IL,סוכריות על מקל אורגניות חמוצות 85גר,Unknown,0.00,Unknown,false,1,19.90,0.0000,true,1,347140
810165011953,false,סוכריות על מקל אורגנ,,IL,סוכריות על מקל אורגניות ויטמין סי 85גר,Unknown,0.00,Unknown,false,1,19.90,0.0000,true,1,347139
811538013031,false,רום מתובל קראקן 700,פורקסומוס ספירס,US,רום מתובל קראקן 700 מל,מיליליטרים,700.00,"100 מ""ל",false,12,119.00,17.0000,true,1,326527
811962010507,false,רוטב רימון ושזיף פיק,,IL,רוטב רימון ושזיף פיקנטי דודה ברטה 350 גר,גרמים,330.00,100 גרם,false,9,16.90,5.1212,true,1,345696
812130020496,false,טרוביה סטיביה תערובת,,,טרוביה סטיביה תערובת סוכר חום 510גר,יחידה,510.00,יחידה,false,1,24.90,0.0488,true,1,330290
812664009356,false,ממרח תמרינדי מרוכז נ,,,ממרח תמרינדי מרוכז נפטון 400 גרם,גרמים,400.00,100 גרם,false,1,15.90,3.9750,true,1,321160
814109021350,false,קנדי פופ חתיכות סניק,קניס קנדי,US,קנדי פופ חתיכות סניקרס 149 גרם,גרמים,149.00,100 גרם,false,12,25.90,17.3826,true,1,338212
814109021381,false,קנדי פופ חתיכות טווי,קניס קנדי,US,קנדי פופ חתיכות טוויקס 149 גרם,גרמים,149.00,100 גרם,false,12,25.90,17.3826,true,1,338490
818570001606,false,תמצית אפיה שקד טהור,וטרקינס,US,תמצית אפיה שקד טהור ויטקנס 59 מל,Unknown,0.00,Unknown,false,24,29.90,0.0000,true,1,318220
818570007066,false,תמצית אפיה וניל טהור,וטרקינס,US,תמצית אפיה וניל טהור ויטקנס 29 מל,Unknown,0.00,Unknown,false,12,31.90,0.0000,true,1,318217
835811000396,false,נייר אפיה תבנית מאור,הנג טונג,CN,נייר אפיה תבנית מאורכת 30יח,יחידה,30.00,יחידה,false,24,11.90,0.3967,true,1,330987
835811000402,false,כפות חד פעמי עבה במי,,,כפות חד פעמי עבה במיוחד 50יח קרם,יחידה,50.00,יחידה,false,1,21.90,0.4380,true,1,326606
835811000419,false,כפיות חד פעמי עבה במ,,,כפיות חד פעמי עבה במיוחד 50יח קרם,יחידה,50.00,יחידה,false,1,21.90,0.4380,true,1,326605
835811000426,false,מזלגות חד פעמי עבה,,,מזלגות חד פעמי עבה במיוחד 50יח קרם,יחידה,50.00,יחידה,false,1,21.90,0.4380,true,1,326604
835811000433,false,סכינים חד פעמי עבה,,,סכינים חד פעמי עבה במיוחד 50יח קרם,יחידה,50.00,יחידה,false,1,21.90,0.4380,true,1,326603
835811000907,false,כוסות יין חד פעמי מע,,,כוסות יין חד פעמי מעוטרות כסף 50יח 90סמק,יחידה,50.00,יחידה,false,40,12.90,0.2580,true,1,332349
835811000921,false,שקיות אוכל נייר 50יח,,,שקיות אוכל נייר 50יח,יחידה,50.00,יחידה,false,40,6.90,0.1380,true,1,332345
835811001652,false,כוסות חד פעמי לשתיה,ווינפאק סחר בעמ,CN,כוסות חד פעמי לשתיה קרה 330 סמק 40יח,יחידה,40.00,יחידה,false,50,12.90,0.3225,true,1,307932
835811002000,false,כוס שתיה קרה פרימיום,,TR,כוס שתיה קרה פרימיום 300סמק 20יח חד פעמי,יחידה,20.00,יחידה,false,30,21.90,1.0950,true,1,314852
835811002093,false,מגש כוכב חד פעמי 33,,,מגש כוכב חד פעמי 33 סמ,יחידה,1.00,יחידה,false,30,12.90,12.9000,true,1,313159
835811002741,false,מזרה גמבו קונפטי ארו,,,מזרה גמבו קונפטי ארוך 190 גר צנצנת,גרמים,190.00,100 גרם,false,15,9.90,5.2105,true,1,339297
835811003434,false,כוסות חד פעמי משובחו,,,כוסות חד פעמי משובחות 10יח 240סמק,יחידה,10.00,יחידה,false,24,9.90,0.9900,true,1,344625
835811003588,false,צלחות חד פעמי קלאסי,,,צלחות חד פעמי קלאסי גדול 65יח לבן,יחידה,65.00,יחידה,false,20,29.90,0.4600,true,1,344623
835811003595,false,צלחות חד פעמי קלאסי,,,צלחות חד פעמי קלאסי קטן 65יח לבן,יחידה,65.00,יחידה,false,36,18.90,0.2908,true,1,344622
835811004509,false,קערת פסים גדולה לסלט,הנג טונג,CN,קערת פסים גדולה לסלט ענק חד פעמי,יחידה,1.00,יחידה,false,24,12.90,12.9000,true,1,324810
835811005728,false,עלים לעוגת קרמשניט 4,,,עלים לעוגת קרמשניט 400 גר,גרמים,400.00,100 גרם,false,1,15.90,3.9750,true,1,246114
835811007142,false,עדשים ירוקים 500 גרם,,,עדשים ירוקים 500 גרם,גרמים,500.00,100 גרם,false,1,7.90,1.5800,true,1,233323
835811009139,false,קערית לפתן מרובע קטן,,,קערית לפתן מרובע קטן 10 יח,יחידה,10.00,יחידה,false,1,14.90,1.4900,true,1,240327
835811009184,false,צלחת אלגנט ענקית 18,,,צלחת אלגנט ענקית 18 יח,יחידה,18.00,יחידה,false,1,54.90,3.0500,true,1,240323
835811009214,false,צלחת אלגנט 7.5 סמ קט,,,צלחת אלגנט 7.5 סמ קטן 18 יח,יחידה,18.00,יחידה,false,1,34.90,1.9389,true,1,240321
835811009221,false,קערית לפתן אלגנט עגו,,,קערית לפתן אלגנט עגול 18 יח,יחידה,18.00,יחידה,false,1,19.90,1.1056,true,1,240326
835811009405,false,צלחת אובלית צבעוני מ,,,צלחת אובלית צבעוני מעורב 25 יח,יחידה,25.00,יחידה,false,1,29.90,1.1960,true,1,240316
835811009429,false,צלחות גדולות צבעוני,,,צלחות גדולות צבעוני מעורב 25 יח,יחידה,25.00,יחידה,false,1,16.90,0.6760,true,1,236444
835811009436,false,צלחות ענק צבעוני מעו,,,צלחות ענק צבעוני מעורב 25 יח,יחידה,25.00,יחידה,false,1,21.90,0.8760,true,1,236443
835811009696,false,כוס יין מרובעת 24 יח,,,כוס מרובעת לחיים 40 יח,יחידה,24.00,יחידה,false,1,12.90,0.5375,true,1,240331
838913000127,false,מחית פירות דיביס להק,פיירטק הולדינג,,מחית פירות דיביס להקפאה 400 מל אורגני,גרמים,400.00,100 גרם,false,1,24.90,6.2250,true,1,344567
838913000400,false,מחית פירות טרופי דיב,,IT,מחית פירות טרופי דיביס להקפאה400מל אורגנ,מיליליטרים,400.00,"100 מ""ל",false,18,24.90,6.2250,true,1,347621
839762000641,false,משקה איילנד מנגו 1 ל,The Egyptian Co. for,,משקה איילנד מנגו 1 ל פקדון,ליטרים,1.00,ליטר,false,1,13.90,13.9000,true,1,232157
839762000658,false,משקה איילנד גויאבה 1,The Egyptian Co. for,,משקה איילנד גויאבה 1 ל פיקדון,ליטרים,1.00,ליטר,false,1,13.90,13.9000,true,1,232156
840985118464,false,גין אנד טוניק קוקטיי,,US,גין רקולו אנד טוניק 700 מל,יחידה,12.00,יחידה,false,6,99.00,8.2500,true,1,338722
840985118471,false,משקה מאי טאי קולו 70,,US,מאי טאי קולו 700 מל,יחידה,12.00,יחידה,false,6,99.00,8.2500,true,1,338723
840985118488,false,פינה קולדה קולו 700,,US,פינה קולדה קולו 700 מל,יחידה,12.00,יחידה,false,6,99.00,8.2500,true,1,338724
842515010125,false,מארז תאנים מיובשות ב,,,תאנים מיובשות בשמש אורגני 250 גר,גרמים,250.00,100 גרם,false,1,21.90,8.7600,true,1,325642
842515020155,false,מארז צימוקים מיובשים,,,צימוקים סולטנה מיובשים אורגני 250 גר,גרמים,250.00,100 גרם,false,1,21.90,8.7600,true,1,325640
844510012128,false,יין רמת יהודה מרלו 7,,IL,יין רמת יהודה מרלו 750 מל,מיליליטרים,750.00,"100 מ""ל",false,6,70.00,9.3333,true,1,331399
844510012135,false,יין רמת יהודה פטיט ו,,IL,יין רמת יהודה פטיט ורדו 750 מל,מיליליטרים,750.00,"100 מ""ל",false,6,70.00,9.3333,true,1,331401
844510012227,false,יין פרדס מרלו 750 מל,,IL,יין פרדס מרלו 750 מל,מיליליטרים,750.00,"100 מ""ל",false,12,100.00,13.3333,true,1,329128
844510012241,false,יין רמת ירושלים קברנ,,IL,יין רמת ירושלים קברנה מרלו 750 מל,מיליליטרים,750.00,"100 מ""ל",false,12,100.00,13.3333,true,1,329129
850004207789,false,כדורי מיטבולס ביונד,,,כדורי מיטבולס ביונד מיט 290גר דיפלומט,גרמים,290.00,100 גרם,false,8,34.90,12.0345,true,1,338397
850006036028,false,מקלונים לניגוב עבאדי,עבאדי,IL,מקלונים לניגוב עבאדי סלק ובצל 400 גרם,גרמים,400.00,100 גרם,false,1,18.90,4.7250,true,1,344931
850307005617,false,איטריות ביצים דקות ו,א.ל.ב. גולד,DE,איטריות ביצים דקות ורמיצלי פאדן 500גר,גרמים,500.00,100 גרם,false,20,11.90,2.3800,true,1,322195
850307005624,false,איטריות ביצים עבות ו,א.ל.ב. גולד,DE,איטריות ביצים עבות ורמיצלי פאדן 500גר,גרמים,500.00,100 גרם,false,20,11.90,2.3800,true,1,322196
850307005662,false,איטריות ביצים חינקל,א.ל.ב. גולד,DE,איטריות ביצים חינקל פאדן 500גר,גרמים,500.00,100 גרם,false,20,11.90,2.3800,true,1,322198
850307005693,false,איטריות ביצים לפשה ד,א.ל.ב. גולד,,איטריות ביצים לפשה דק 500גר,גרמים,500.00,100 גרם,false,1,11.90,2.3800,true,1,332205
850307005747,false,איטריות ביצים תלתל פ,א.ל.ב. גולד,DE,איטריות ביצים תלתל פאדן 500גר,גרמים,500.00,100 גרם,false,20,11.90,2.3800,true,1,322199
850307005792,false,איטריות ביצים לפשה ע,א.ל.ב. גולד,DE,איטריות ביצים לפשה עבה פאדן 500גר,גרמים,500.00,100 גרם,false,20,11.90,2.3800,true,1,322201
851110003265,false,טונה טבעונית פלפל שח,סופיס קיטצון,TW,טונה טבעונית פלפל שחור 170גר,גרמים,170.00,100 גרם,false,12,18.90,11.1176,true,1,321154
851621000043,false,בירה 1664 330מל בק.,,,בירה 1664 330מל בק. פקדון,מיליליטרים,330.00,"100 מ""ל",false,1,10.00,3.0303,true,1,328097
851621000050,false,מארז שישיית בירה 166,,,מארז שישיית בירה 1664 330מל פקדון,ליטרים,1.98,ליטר,false,1,39.90,20.1515,true,1,328114
852000002108,false,יין סאטר הום זינפנדל,,,יין סאטר הום זינפנדל אדום 750 מל פקדון,מיליליטרים,750.00,"100 מ""ל",false,1,40.00,5.3333,true,1,244285
852000002412,false,יין סאטר הום מרלו 75,,,יין סאטר הום מרלו 750 מל פקדון,מיליליטרים,750.00,"100 מ""ל",false,1,40.00,5.3333,true,1,244287
852000002580,false,יין סאטר הום קברנה ס,,,יין סאטר הום קברנה סוביניון 750 מל פקדון,מיליליטרים,750.00,"100 מ""ל",false,1,40.00,5.3333,true,1,244290
852629004750,false,נקניקיות חריפות ביונ,,,נקניקיות חריפות ביונד מיט 4יח 100גר,גרמים,400.00,100 גרם,false,8,45.00,11.2500,true,1,338053
852629004774,false,נקניקיות ביונד מיט 4,,,נקניקיות ביונד מיט 4יח 100גר,גרמים,400.00,100 גרם,false,8,45.00,11.2500,true,1,338052
853628001160,false,וודקה חמוציות 700 מל,,US,וודקה חמוציות בר האג 700 מל,מיליליטרים,700.00,"100 מ""ל",false,6,99.00,14.1429,true,1,338729
854571007070,false,חטיף קינואה מצופה שו,,US,חטיף קינואה מצופה שוקולד מריר אוכמניות57,Unknown,0.00,Unknown,false,12,13.90,0.0000,true,1,343419
856591000055,false,עוגיות עבאדי קריספי,עבאדי,,עוגיות עבאדי קריספי 400 ג,גרמים,400.00,100 גרם,false,1,18.90,4.7250,true,1,309584
856591000062,false,עוגיות עבאדי מלוח 40,עבאדי,,עוגיות עבאדי מלוח 400 ג,גרמים,400.00,100 גרם,false,1,18.90,4.7250,true,1,231918
856591000109,false,עוגיות מזרחיות פריך,עבאדי,,עוגיות מזרחיות פריך במיוחד 400 ג עבאדי,גרמים,400.00,100 גרם,false,1,18.90,4.7250,true,1,238030
856591000512,false,מקלונים עבאדי לניגוב,עבאדי,IL,מקלונים עבאדי לניגוב טעם טבעי 400 גרם,גרמים,400.00,100 גרם,false,1,18.90,4.7250,true,1,238029
856591000918,false,מארז 8 יח חטיף טבעי,עבאדי,IL,מארז 8 יח חטיף טבעי עבאדי 40 גרם,גרמים,320.00,100 גרם,false,12,14.90,4.6563,true,1,338120
856591000949,false,עבאדי קטנטנים מלוח 3,עבאדי,,עבאדי קטנטנים מלוח 350 גרם,גרמים,350.00,100 גרם,false,15,17.90,5.1143,true,1,339037
856591000956,false,עבאדי קטנטנים טעם גר,עבאדי,,עבאדי קטנטנים טעם גריל 350 גרם,גרמים,350.00,100 גרם,false,15,17.90,5.1143,true,1,344933
856591000970,false,מקלונים לניגוב עבאדי,עבאדי,IL,מקלונים לניגוב עבאדי טעם חריף 400 גרם,גרמים,400.00,100 גרם,false,1,18.90,4.7250,true,1,344932
859547004084,false,ספוג ניקוי סקרופ דאד,,US,ספוג ניקוי סקרופ דאדי לימון,יחידה,1.00,יחידה,false,24,17.90,17.9000,true,1,344178
859547004329,false,ספוג ניקוי סקרופ דאד,,US,ספוג ניקוי סקרופ דאדי,יחידה,1.00,יחידה,false,24,17.90,17.9000,true,1,344175
859547004466,false,ספוג ניקוי סקרופ מאמ,,US,ספוג ניקוי סקרופ מאמי,יחידה,1.00,יחידה,false,24,17.90,17.9000,true,1,344176
859547004688,false,ספוג ניקוי סקרופ דוד,,US,ספוג ניקוי סקרופ דודי,יחידה,1.00,יחידה,false,12,17.90,17.9000,true,1,344177
866206000202,false,חטיף קינואה מצופה שו,,US,חטיף קינואה מצופה שוקולד חלב 57 גרם,Unknown,0.00,Unknown,false,12,13.90,0.0000,true,1,343418
866206000226,false,חטיף קינואה מצופה שו,,US,חטיף קינואה מצופה שוקולד חלב דומדומניות5,Unknown,0.00,Unknown,false,12,13.90,0.0000,true,1,343422
866206000240,false,חטיף קינואה מצופה שו,,US,חטיף קינואה מצופה שוקולד מריר רימונים57,Unknown,0.00,Unknown,false,12,13.90,0.0000,true,1,343421
875213000037,false,בירה פטרוס טריפל 330,מבשלת פטרוס,,בירה פטרוס טריפל 330מל בקבוק פקדון,מיליליטרים,330.00,"100 מ""ל",false,1,14.90,4.5152,true,1,328787
877300000777,false,ממרח צימיצורי נפטון,"נפטון מוצרי מזון בע""",,ממרח צימיצורי נפטון ירוק פיקנטי 180 גר,גרמים,180.00,100 גרם,false,1,11.90,6.6111,true,1,311209
877300002689,false,רוטב נפטון קייגון330,"נפטון מוצרי מזון בע""",IL,רוטב נפטון קייגון 330 ג,גרמים,330.00,100 גרם,false,6,14.90,4.5152,true,1,236776
877300003075,false,רוטב נפטון צאטני שזי,"נפטון מוצרי מזון בע""",IL,רוטב נפטון צאטני שזיף פיקנטי 370 גר,גרמים,370.00,100 גרם,false,6,14.90,4.0270,true,1,313958
877300003259,false,רוטב נפטון סצואן 340,"נפטון מוצרי מזון בע""",IL,רוטב נפטון סצואן 340 גר,גרמים,340.00,100 גרם,false,6,14.90,4.3824,true,1,313964
877300003334,false,רוטב נפטון קארי 330,"נפטון מוצרי מזון בע""",IL,רוטב נפטון קארי 330 גר,גרמים,330.00,100 גרם,false,6,14.90,4.5152,true,1,313965
884912002372,false,ד.בוקר פוסט קרנברי ס,פוסט ארצות הברית,,ד.בוקר פוסט קרנברי סלקט 368 גר,גרמים,368.00,100 גרם,false,1,24.90,6.7663,true,1,243388
884912004710,false,ד.בוקר פוסט גרייפ נא,פוסט ארצות הברית,US,גרייפ נאט,גרמים,581.00,100 גרם,false,12,21.90,3.7694,true,1,304863
884912006721,false,דגני פרוטי פאבלס בצו,,,דגני פרוטי פאבלס בצורת מרשמלו 311 גר,גרמים,311.00,100 גרם,false,1,24.90,8.0064,true,1,347034
884912014245,false,ד.בוקר פוסט הני בנצם,פוסט ארצות הברית,,ד.בוקר פוסט הני בנצם רוסטד 411 גר,גרמים,411.00,100 גרם,false,1,19.90,4.8418,true,1,238692
884912102102,false,ד.בוקר פוסט סלקט אוכ,פוסט ארצות הברית,,ד.בוקר פוסט סלקט אוכמניות 453 גר,גרמים,453.00,100 גרם,false,1,24.90,5.4967,true,1,312626
884912111715,false,דגני פוסט האני קומב,פוסט ארצות הברית,US,דגני פוסט האני קומב 354 גר,גרמים,354.00,100 גרם,false,14,22.90,6.4689,true,1,343307
884912114600,false,ד.בוקר פוסט רייזן בר,פוסט ארצות הברית,US,רייזין ברן,גרמים,566.00,100 גרם,false,12,21.90,3.8693,true,1,240074
884912116505,false,ד.בוקר פוסט בננה נאט,פוסט ארצות הברית,,ד.בוקר פוסט בננה נאט קראנץ 439 גר,גרמים,439.00,100 גרם,false,1,24.90,5.6720,true,1,238695
884912117625,false,דגני פוסט גולדן קריס,פוסט ארצות הברית,,דגני פוסט גולדן קריספ 311 גר,גרמים,311.00,100 גרם,false,1,22.90,7.3633,true,1,328660
884912126115,false,ד.בוקר פוסט גריט גרי,פוסט ארצות הברית,,ד.בוקר פוסט גריט גריינם 453 גר,גרמים,453.00,100 גרם,false,1,24.90,5.4967,true,1,238694
884912180629,false,ד.בוקר פוסט מרובעים,פוסט ארצות הברית,,ד.בוקר פוסט מרובעים שרדד 464 גר,גרמים,464.00,100 גרם,false,1,21.90,4.7198,true,1,304857
884912333773,false,ד.בוקר פוסט הני בנצם,פוסט ארצות הברית,,ד.בוקר פוסט הני בנצם פרוסטד 411 גר,גרמים,382.00,100 גרם,false,1,19.90,5.2094,true,1,330538
884912342737,false,דגני פוסט וופל קריספ,פוסט ארצות הברית,,דגני פוסט וופל קריספ 326 גר,גרמים,326.00,100 גרם,false,1,22.90,7.0245,true,1,330539
884912359155,false,דגני פוסט האני באנצס,פוסט ארצות הברית,US,דגני פוסט האני באנצס רוסטד 340 גרם,גרמים,340.00,100 גרם,false,12,19.90,5.8529,true,1,345118
884912359162,false,דגני פוסט האני באנצס,פוסט ארצות הברית,US,דגני פוסט האני באנצס שקדים 340 גרם,גרמים,340.00,100 גרם,false,12,19.90,5.8529,true,1,345117
884912359414,false,דגני פוסט האני באנצס,פוסט ארצות הברית,US,דגני פוסט האני באנצס קינמון 340 גרם,גרמים,340.00,100 גרם,false,12,19.90,5.8529,true,1,345113
884912359421,false,דגני פוסט האני באנצס,פוסט ארצות הברית,US,דגני פוסט האני באנצס מייפל פקאן 340 גרם,גרמים,340.00,100 גרם,false,12,19.90,5.8529,true,1,345115
884912359483,false,דגני פוסט האני באנצס,פוסט ארצות הברית,US,דגני פוסט האני באנצס תות 311 גרם,גרמים,311.00,100 גרם,false,12,19.90,6.3987,true,1,345114
884912365200,false,דגני בוקר פוסט אוראו,פוסט ארצות הברית,,דגני בוקר פוסט אוראו 311 גרם,גרמים,311.00,100 גרם,false,8,19.90,6.3987,true,1,347196
884912365217,false,דגני בוקר פוסט אוראו,פוסט ארצות הברית,,דגני בוקר פוסט אוראו 311 גרם,גרמים,311.00,100 גרם,false,8,19.90,6.3987,true,1,336759
884912377142,false,דגני פוסט האני באנצס,פוסט ארצות הברית,US,דגני פוסט האני באנצס וניל 340 גרם,גרמים,340.00,100 גרם,false,12,19.90,5.8529,true,1,345116
885320010584,false,תבשיל אורז וקינואה ט,,CA,תבשיל אורז וקינואה טבעונית 170 גרם,גרמים,170.00,100 גרם,false,12,21.90,12.8824,true,1,342391
885616009063,false,תערובת שום קלוי רוזמ,,TR,תערובת שום קלוי רוזמרין 260גר ק.ד.אולי,גרמים,260.00,100 גרם,false,1,18.90,7.2692,true,1,345323
888849000005,false,חטיף חלבון קווסט עוג,,US,חטיף חלבון קווסט עוגיות,יחידה,1.00,יחידה,false,12,16.90,16.9000,true,1,331373
888849000012,false,חטיף חלבון קווסט עוג,,US,חטיף חלבון קווסט עוגיות שוקולד ציפס,יחידה,1.00,יחידה,false,12,16.90,16.9000,true,1,331368
888849000234,false,חטיף חלבון קווסט שוק,,US,חטיף חלבון קווסט שוקולד כפול,יחידה,1.00,יחידה,false,12,16.90,16.9000,true,1,331374
888849000418,false,חטיף חלבון קווסט שוק,,US,חטיף חלבון קווסט שוקולד בראוני,יחידה,1.00,יחידה,false,12,16.90,16.9000,true,1,331367
888849001224,false,חטיף חלבון קווסט סמו,,US,חטיף חלבון קווסט סמורס,יחידה,1.00,יחידה,false,12,16.90,16.9000,true,1,331378
888849005994,false,עוגיית חלבון קווסט ש,,US,עוגיית חלבון קווסט שוקולד ציפס,יחידה,1.00,יחידה,false,12,16.90,16.9000,true,1,331380
888849008049,false,עוגיית חלבון קווסט ח,,US,עוגיית חלבון קווסט חמאת בוטנים שוקולד,יחידה,1.00,יחידה,false,12,16.90,16.9000,true,1,331382
890582000723,false,סנגריה לבנה לוליילו,,,סנגריה לבנה לוליילו 750 מל פיקדון,Unknown,0.00,Unknown,false,1,35.00,0.0000,true,1,328112
897581000365,false,מרשמלו טבעוני 283 גר,,,מרשמלו טבעוני 283 גרם,גרמים,283.00,100 גרם,false,1,22.90,8.0919,true,1,327330
897581000372,false,מרשמלו מיני טבעוני 2,,,מרשמלו מיני טבעוני 283 גרם,גרמים,283.00,100 גרם,false,1,22.90,8.0919,true,1,327329
897581000471,false,מיני מרשמלו טבעוני ע,,US,מיני מרשמלו טבעוני עם מייפל 142 גר,גרמים,142.00,100 גרם,false,10,14.90,10.4930,true,1,344783
1230000068116,false,המבורגר ביונד מיט מא,,,המבורגר ביונד מיט מארז זוג 113גר,גרמים,226.00,100 גרם,false,8,34.90,15.4425,true,1,333181
3012991021008,false,משקה רום נגריטה כהה,ברדינה,,משקה רום נגריטה כהה 1 לי,ליטרים,1.00,ליטר,false,1,120.00,120.0000,true,1,326303
3012991502002,false,משקה רום נגריטה לבן,ברדינה,,משקה רום נגריטה לבן 700 מל פקדון,מיליליטרים,700.00,"100 מ""ל",false,1,70.00,10.0000,true,1,231572
3012999150496,false,ליקר ברדינה קרם קסיס,ברדינה,,ליקר ברדינה קרם קסיס דיזו 700 מל פקדון,מיליליטרים,700.00,"100 מ""ל",false,1,55.00,7.8571,true,1,241242
3012999150779,false,ליקר ברדינה טריפל סק,ברדינה,,ליקר ברדינה טריפל סק 750מל פקדון,מיליליטרים,750.00,"100 מ""ל",false,1,85.00,11.3333,true,1,243387
3012999250066,false,סירופ גרנדין ברדינה,ברדינה,,סירופ גרנדין ברדינה 700 מל,מיליליטרים,700.00,"100 מ""ל",false,1,20.00,2.8571,true,1,241162
3014260048723,false,מברשת שיניים אורל בי,פרוקטר אנד גמבל,IN,מברשת שיניים אורל בי שלישייה,יחידה,3.00,יחידה,false,12,12.90,4.3000,true,1,317621
3014260214692,false,קצף גילוח גילט סיריי,פרוקטר אנד גמבל,,קצף גילוח גילט סירייס לעור רגיש 200 מל,מיליליטרים,200.00,"100 מ""ל",false,1,19.90,9.9500,true,1,228472
3014260228842,false,קצף גילוח גילט לעור,פרוקטר אנד גמבל,GB,ק.גילוח רגיל,מיליליטרים,200.00,"100 מ""ל",false,1,15.90,7.9500,true,1,237425
3014260240226,false,קצף גילוח גילט לעור,פרוקטר אנד גמבל,GB,ק.גילוח רגיש,מיליליטרים,200.00,"100 מ""ל",false,1,15.90,7.9500,true,1,237426
3014260287030,false,סכיני גילוח גילט דו,פרוקטר אנד גמבל,PL,גילט 2חמישיה,יחידה,5.00,יחידה,false,1,12.90,2.5800,true,1,253604
3014260289287,false,ס.גילוח בלו 2 פלוס ל,פרוקטר אנד גמבל,PL,בלו 2 לנשים 5,Unknown,0.00,Unknown,false,1,15.90,0.0000,true,1,239829
3014260836665,false,מארז זוג מברשת שיניי,פרוקטר אנד גמבל,,מארז זוג מברשת שיניים אורל בי אקספרט מדי,יחידה,2.00,יחידה,false,1,34.90,17.4500,true,1,310544
3016570001030,false,שמפניה טטינגה 750 מל,טטינגה,,שמפניה טטינגה 750 מל פקדון,מיליליטרים,750.00,"100 מ""ל",false,1,199.00,26.5333,true,1,242580
3016570006844,false,שמפניה טטינגה פרסטיג,,,שמפניה טטינגה פרסטיג רוזה 750מל פקדון,מיליליטרים,750.00,"100 מ""ל",false,1,440.00,58.6667,true,1,306357
3024482270109,false,קוניאק רמי מרטן 700,רמי קואנטרו,,קוניאק רמי מרטן 700 מל פקדון,מיליליטרים,700.00,"100 מ""ל",false,1,229.00,32.7143,true,1,230977
3028130070660,false,קוניאק קמוס בורדרי ו,,,קוניאק קמוס בורדרי וי אס או פי 700 מל,מיליליטרים,700.00,"100 מ""ל",false,1,239.00,34.1429,true,1,305196
3029330032120,false,מארז 4יח לחמניות מקס,,FR,מארז 4יח לחמניות מקסי המבורגר גאקט,גרמים,330.00,100 גרם,false,10,15.90,4.8182,true,1,329028
3029330062769,false,מארז 6יח לחמניות המב,,FR,מארז 6יח לחמניות המבורגר גאקט,גרמים,330.00,100 גרם,false,10,15.90,4.8182,true,1,329029
3029330072577,false,לחם לבן פאן לסנדוויץ,JACQUET,FR,לחם לבן פאן לסנדוויץ 550 גרם,גרמים,550.00,100 גרם,false,15,15.90,2.8909,true,1,341647
3029330072584,false,לחם מלא פאן לסנדוויצ,JACQUET,FR,לחם מלא פאן לסנדוויץ 550 גרם,גרמים,550.00,100 גרם,false,15,15.90,2.8909,true,1,341648
3035540001740,false,ליקר פסואה פסיפלורה,רמי קואנטרו,,ליקר פסואה פסיפלורה 700 מל פקדון,מיליליטרים,700.00,"100 מ""ל",false,1,110.00,15.7143,true,1,241102
3035542004206,false,ליקר קואנטרו 750 מל,רמי קואנטרו,,ליקר קואנטרו 750 מל פקדון,מיליליטרים,750.00,"100 מ""ל",false,1,150.00,20.0000,true,1,241071
3045140105526,false,מאגדת 5 יח שוקולד מי,מונדליז,DE,מאגדת 5 יח שוקולד מילקה חלב 100 גרם,גרמים,500.00,100 גרם,false,10,27.90,5.5800,true,1,336862
3045200760009,false,מחטא בגדים דזיטול 50,,,מחטא בגדים דזיטול 500מל,מיליליטרים,500.00,"100 מ""ל",false,1,15.90,3.1800,true,1,324397
3045201107001,false,מסיר כתמים אידיאל כד,מרקה,ES,אידאל-מסיר כתמים-אדום 009,מיליליטרים,150.00,"100 מ""ל",false,8,22.90,15.2667,true,1,242445
3045201108008,false,מסיר כתמים אידיאל כד,מרקה,ES,אידאל-מסיר כתמים-צהוב 006,מיליליטרים,150.00,"100 מ""ל",false,8,22.90,15.2667,true,1,242447
3045206157131,false,צבע לבגד שחור אידאל,מרקה,ES,צבע לבגד שחור אידאל 230 גר,גרמים,230.00,100 גרם,false,6,24.90,10.8261,true,1,323947
3045206312257,false,מגבוני דזיטול נגד חי,מרקה,,מגבוני דזיטול נגד חיידקים 24 יח,יחידה,24.00,יחידה,false,1,12.90,0.5375,true,1,242449
3045206360609,false,נוזל דזיטול מחטא בגד,מרקה,ES,נוזל דזיטול מחטא בגדים בכביסה 1ליטר,ליטרים,1.00,ליטר,false,12,19.90,19.9000,true,1,343390
3046920010047,false,שוקולד לינדט אקסלנס7,לינדט,,שוקולד לינדט אקסלנס78%מריר100 גרם,גרמים,100.00,100 גרם,false,1,16.00,16.0000,true,1,317277
3046920010801,false,שוקולד לינדט אקסלנס,לינדט,,שוקולד לינדט אקסלנס הזלנט 100 גר,גרמים,100.00,100 גרם,false,1,16.00,16.0000,true,1,316744
3046920010856,false,שוקולד לינדט אקסלנס,לינדט,,שוקולד לינדט אקסלנס למון גינגר100גרם,גרמים,100.00,100 גרם,false,1,16.00,16.0000,true,1,330812
3046920016377,false,שוקולד לינדט אקסלנס,לינדט,,שוקולד לינדט אקסלנס 100%ריר 50 גרם,Unknown,0.00,Unknown,false,1,16.00,0.0000,true,1,333863
3046920027281,false,שוקולד לינדט אקסלנס,לינדט,FR,שוקולד לינדט אקסלנס קרמל סולט 100 ג,גרמים,100.00,100 גרם,false,1,16.00,16.0000,true,1,304778
3046920028004,false,שוקולד לינדט אקסלנס,לינדט,,שוקולד לינדט אקסלנס70%מריר100 גרם,גרמים,100.00,100 גרם,false,1,16.00,16.0000,true,1,228478
3046920028363,false,שוקולד לינדט אקסלנס,לינדט,,שוקולד לינדט אקסלנס85%מריר100 גרם,גרמים,100.00,100 גרם,false,1,16.00,16.0000,true,1,231823
3046920028752,false,שוקולד לינדט אקסלנס,לינדט,FR,לינדט אקסלנס מינט 100 גרם,גרמים,100.00,100 גרם,false,20,16.00,16.0000,true,1,234505
3046920029674,false,שוקולד לינדט אקסלנס,לינדט,FR,לינדט אקס סולט 100 גרם,גרמים,100.00,100 גרם,false,20,16.00,16.0000,true,1,236626
3046920029681,false,שוקולד לינדט אקסלנס,לינדט,,שוקולד לינדט אקסלנס מילד85%מריר100 גרם,גרמים,100.00,100 גרם,false,1,16.00,16.0000,true,1,333597
3046920029759,false,שוקולד לינדט אקסלנס9,לינדט,DE,שוקולד לינדט אקסלנס 90% מריר 100 גר,גרמים,100.00,100 גרם,false,1,16.00,16.0000,true,1,304776
3046920029780,false,שוקולד לינדט אקסלנס7,לינדט,DE,שוקולד לינדט אקסלנס70%מילד100 גרם,גרמים,100.00,100 גרם,false,20,16.00,16.0000,true,1,312147
3047100090309,false,משקה חריף פרונו 1 ל,פרנו ריקרד יורו,,משקה חריף פרונו 1 ל פיקדון,ליטרים,1.00,ליטר,false,1,155.00,155.0000,true,1,232399
3047100097209,false,משקה פאסטיס 1 ליטר,,,משקה פאסטיס 51 1 ל פיקדון,ליטרים,1.00,ליטר,false,1,169.00,169.0000,true,1,239544
3049197110076,false,קוניאק קורווסיה וי א,,FR,קוניאק קורווסיה וי אס 3 כוכבים 700מל,מיליליטרים,700.00,"100 מ""ל",false,6,149.00,21.2857,true,1,323484
3049197210776,false,קוניאק קורבזייה וי.א,,FR,קוניאק קורבזייה וי.אס.או.פי 700מל פקדון,מיליליטרים,750.00,"100 מ""ל",false,6,199.00,26.5333,true,1,323485
3052853075909,false,יין ספישל קווה בולינ,צרפת בולינג'ר,,יין ספישל קווה בולינגר 700מל פקדון,מיליליטרים,700.00,"100 מ""ל",false,1,335.00,47.8571,true,1,247340
3059940007768,false,מ.אוויר אירוויק ספרי,RB בריטניה,,מ.אוויר אירוויק ספריי וניל 240 מל,מיליליטרים,240.00,"100 מ""ל",false,1,10.90,4.5417,true,1,239737
3059943015104,false,מטהר אוויר אירוויק נ,RB פולין,,מטהר אוויר אירוויק נטול גז פריסיה 345 מל,מיליליטרים,345.00,"100 מ""ל",false,1,14.90,4.3188,true,1,238550
3059943015128,false,מטהר אוויר אירוויק נ,RB פולין,,מטהר אוויר אירוויק נטול גז לבנדר 345 מל,מיליליטרים,345.00,"100 מ""ל",false,1,14.90,4.3188,true,1,238551
3059943016507,false,מ.אוויר אירוויק ספרי,RB בריטניה,,מ.אוויר אירוויק ספריי לבנדר 240 מל,מיליליטרים,240.00,"100 מ""ל",false,1,10.90,4.5417,true,1,239736
3059943016569,false,מ.אוויר אירוויק ספרי,RB בריטניה,,מ.אוויר אירוויק ספריי פריסיה יסמין240מ,מיליליטרים,240.00,"100 מ""ל",false,1,10.90,4.5417,true,1,239734
3059944021197,false,קרם להסרת שיער ויט ע,רקיט בנקיזר צרפת,,קרם להסרת שיער ויט עור עדין אריזת חיסכון,Unknown,0.00,Unknown,false,1,49.90,0.0000,true,1,234172
3059944021869,false,קרם ספריי להסרת שיער,Jago,,קרם ספריי להסרת שיער רגיל ויט,Unknown,0.00,Unknown,false,1,34.90,0.0000,true,1,236471
3059944022415,false,ויט ארומטיק רצועות ש,רקיט בנקיזר צרפת,,ויט ארומטיק רצועות שעווה 10 יח,Unknown,0.00,Unknown,false,1,21.90,0.0000,true,1,238376
3067140013113,false,אבקה להכנת ציקוריה ט,LEROUX COFFEE SUB,FR,אבקה להכנת ציקוריה טבעי 100 ג לרוקס,גרמים,100.00,100 גרם,false,6,26.90,26.9000,true,1,228479
3067140243114,false,ציקוריה קרמל 100 גרם,LEROUX COFFEE SUB,FR,ציקוריה קרמל 100 גרם,גרמים,100.00,100 גרם,false,6,24.90,24.9000,true,1,228480
3068320014067,false,מים מינרלים אויאן 75,,,מים מינרלים אויאן 750 מל פלסטיק,מיליליטרים,750.00,"100 מ""ל",false,1,9.90,1.3200,true,1,249229
3068320017846,false,מים מינרלים אויאן 1,,,מים מינרלים אויאן 1 ליטר פלסטיק,ליטרים,1.00,ליטר,false,1,9.90,9.9000,true,1,249228
3068320055008,false,מים מינרלים אויאן 50,,,מים מינרלים אויאן 500 מל פלסטיק,מיליליטרים,500.00,"100 מ""ל",false,1,6.90,1.3800,true,1,250924
3068320085005,false,מים מינרלים אביאן 1.,,,מים מינרלים אביאן 1.5 ל פלסטיק,מיליליטרים,1500.00,"100 מ""ל",false,1,11.90,0.7933,true,1,239689
3068320103389,false,מים מינרלים אויאן 75,,,מים מינרלים אויאן 750 מל זכוכית,מיליליטרים,750.00,"100 מ""ל",false,1,12.90,1.7200,true,1,239667
3068320127576,false,מים מינרלים אויאן מו,,,מים מינרלים אויאן מוגז 750מל בק.זכוכית,מיליליטרים,750.00,"100 מ""ל",false,1,12.90,1.7200,true,1,346980
3073780538442,false,ממרח גבינת לואש קירי,"מפעלי גבינות ""ביל",,ממרח גבינת לואש קירי200 גרם,גרמים,200.00,100 גרם,false,1,21.90,10.9500,true,1,230819
3073780574242,false,גבינת לואש קירי מותכ,,,גבינת לואש קירי מותכת 16 יח 240 גר,גרמים,240.00,100 גרם,false,1,22.90,9.5417,true,1,229626
3073780574310,false,גבינת לואש קירי מותכ,,,גבינת לואש קירי מותכת 24 יח 360גר,גרמים,360.00,100 גרם,false,1,28.90,8.0278,true,1,229627
3073780591591,false,גבינת לואש קירי מותכ,"מפעלי גבינות ""ביל",,גבינת לואש קירי מותכת 12 יח 192 גר,גרמים,192.00,100 גרם,false,1,14.90,7.7604,true,1,229625
3073780593083,false,גבינת לואש קירי מותכ,"מפעלי גבינות ""ביל",,גבינת לואש קירי מותכת 32 יח 480גר,גרמים,480.00,100 גרם,false,1,38.90,8.1042,true,1,229628
3073780828628,false,גבינת בייבי בל אדום,בל,,גבינת בייבי בל אדום 120 גר,גרמים,120.00,100 גרם,false,1,19.90,16.5833,true,1,238977
3073780839631,false,גבינת קירי מותכת 6 י,"מפעלי גבינות ""ביל",PL,גבינה קירי 6יחידות,גרמים,100.00,100 גרם,false,60,12.90,12.9000,true,1,249105
3073781041804,false,ממרח גבינת לואש קירי,"מפעלי גבינות ""ביל",TR,ממרח גבינת לואש קירי 400 גרם בכוס,גרמים,400.00,100 גרם,false,12,30.00,7.5000,true,1,308241
3073781077278,false,גבינת לואש קירי מותכ,"מפעלי גבינות ""ביל",,גבינת לואש קירי מותכת 12 יח 200 גר,גרמים,200.00,100 גרם,false,1,14.90,7.4500,true,1,312818
3073781141429,false,ממרח גבינת קירי יוונ,"מפעלי גבינות ""ביל",,ממרח גבינת קירי יווני 200 גרם צנצנת,גרמים,200.00,100 גרם,false,1,20.00,10.0000,true,1,334730
3073781162790,false,גבינת בייבי בל אדום,בל,,גבינת בייבי בל אדום 120 גר,גרמים,120.00,100 גרם,false,1,16.90,14.0833,true,1,345255
3073781177220,false,גבינת בייבי בל רול 1,בל,FR,גבינת בייבי בל רול 102גר,גרמים,102.00,100 גרם,false,8,16.90,16.5686,true,1,346637
3080216034508,false,בירה גרינברגן בלונד,,,בירה גרינברגן בלונד 330מל בק.פקדון,מיליליטרים,330.00,"100 מ""ל",false,24,10.00,3.0303,true,1,335836
3080216034645,false,בירה גרינברגן אמבר 3,,,בירה גרינברגן אמבר 330מל בק.פקדון,מיליליטרים,330.00,"100 מ""ל",false,24,10.00,3.0303,true,1,335837
3090291119403,false,גבינת נורמנטל 150גר,סבנסיה,FR,גבינת נורמנטל 150גר פרוס איל דה פרנס,גרמים,150.00,100 גרם,false,8,22.90,15.2667,true,1,337944
3090291123035,false,גבינת מונטאוור 150גר,סבנסיה,FR,גבינת מונטאוור 150גר פרוס איל דה פרנס,גרמים,150.00,100 גרם,false,8,22.90,15.2667,true,1,337943
3090291389400,false,גבינת פול אפי 150גר,סבנסיה,FR,גבינת פול אפי 150גר קלאסי פרוס איל דה פר,גרמים,150.00,100 גרם,false,,22.90,15.2667,true,1,337945
3092718586706,false,סירופ מנטה 600 מל צ,טסר,FR,סירופ מנטה 600 מל צרפת,מיליליטרים,600.00,"100 מ""ל",false,6,25.90,4.3167,true,1,246799
3092718605216,false,סירופ טייסר דובדבן 6,טסר,,סירופ טייסר דובדבן 600 מל צרפת,מיליליטרים,600.00,"100 מ""ל",false,1,25.90,4.3167,true,1,346881
3092718627881,false,סירופ טסייר טעם מנטה,טסר,,סירופ טסייר טעם מנטה 600מל צרפת,מיליליטרים,600.00,"100 מ""ל",false,1,25.90,4.3167,true,1,345213
3120581458759,false,יין שרדונה מ.דה ליני,,FR,יין שרדונה מ.דה ליני בורגון לבן יבש 750מ,מיליליטרים,750.00,"100 מ""ל",false,1,75.00,10.0000,true,1,346387
3124480000347,false,משקה קנדה דריי 330מל,,FR,משקה קנדה דריי 330מל גינגר אייל פחית,מיליליטרים,330.00,"100 מ""ל",false,24,7.90,2.3939,true,1,327973
3124480184320,false,משקה אורנגינה 330 מל,,,משקה אורנגינה 330 מל פקדון פחית,מיליליטרים,330.00,"100 מ""ל",false,1,7.90,2.3939,true,1,321824
3124480186584,false,משקה אוהזיס טרופיקל,,FR,משקה אוהזיס טרופיקל 330מל פירות יער פחית,מיליליטרים,330.00,"100 מ""ל",false,24,7.90,2.3939,true,1,346034
3124480186676,false,משקה אוהזיס טרופיקל,,FR,משקה אוהזיס טרופיקל 330מל פירות יער פחית,מיליליטרים,330.00,"100 מ""ל",false,24,7.90,2.3939,true,1,327972
3134375003513,false,דבק כללי חזק במיוחד,3m,,דבק כללי חזק במיוחד 30 גרם,יחידה,1.00,יחידה,false,1,16.90,16.9000,true,1,306568
3141360054405,false,ציטרופרש מפיג ריחות,RB הונגריה,,ציטרופרש מפיג ריחות למדיח,Unknown,0.00,Unknown,false,1,16.90,0.0000,true,1,313117
3142701906001,false,יין פינק פלמינגו גרי,דומיין פלמנגו,FR,יין פינק פלמינגו גרי רוזה 750 מל,מיליליטרים,750.00,"100 מ""ל",false,1,60.00,8.0000,true,1,325014
3147690014607,false,יין אדום פורט קאלווא,ברדינה,,יין אדום פורט קאלווארש 750 מל,מיליליטרים,750.00,"100 מ""ל",false,1,60.00,8.0000,true,1,251034
3147690031505,false,יין אדום פורטו גראן,,IT,יין אדום פורטו גראן קרוז 10שנים 750מל פק,מיליליטרים,750.00,"100 מ""ל",false,12,179.00,23.8667,true,1,346426
3147690045908,false,ברנדי ארמניאק לה מזי,ברדינה,,ברנדי ארמניאק לה מזייר 700 מל פקדון,מיליליטרים,700.00,"100 מ""ל",false,1,115.00,16.4286,true,1,241108
3147699103845,false,יין אדום פורטו גראן,,IT,יין אדום פורטו גראן קרוז 20שנים 750מל פק,מיליליטרים,750.00,"100 מ""ל",false,12,299.00,39.8667,true,1,346427
3155700000212,false,שמן אגוזי 500 מל לא,,,שמן אגוזי 500 מל לאפליס,מיליליטרים,500.00,"100 מ""ל",false,6,44.90,8.9800,true,1,307928
3155700000700,false,שמן אגוזי מלך 1 ל לא,,,שמן אגוזי מלך 1 ל,ליטרים,1.00,ליטר,false,1,64.90,64.9000,true,1,255906
3159560595000,false,יין רוזה דאנזו קאלוו,צרפת גראן שה דה פראנ,,יין רוזה דאנזו קאלווה 750מל פקדון,מיליליטרים,750.00,"100 מ""ל",false,1,45.00,6.0000,true,1,245304
3161420002535,false,ברנדי סנט רמי איקס א,רמי קואנטרו,,ברנדי סנט רמי איקס או 700 מל פקדון,מיליליטרים,700.00,"100 מ""ל",false,1,99.90,14.2714,true,1,241104
3161712996146,false,גבינת מיני ברי 125גר,סבנסיה,FR,גבינת מיני ברי 125גרם איל דה פרנס,גרמים,125.00,100 גרם,false,12,24.90,19.9200,true,1,337940
3161712996153,false,גבינת מיני ברי כחולה,סבנסיה,FR,גבינת מיני ברי כחולה 125גרם איל דה פרנס,גרמים,125.00,100 גרם,false,12,24.90,19.9200,true,1,337942
3161911229199,false,חמאה רכה אלויר 250 ג,אלוויר,,חמאה רכה אלויר 250 גרם,גרמים,250.00,100 גרם,false,1,19.90,7.9600,true,1,228481
3161911366429,false,חמאה רכה מלוחה אלויר,אלוויר,,חמאה רכה מלוחה אלויר 250 גרם,גרמים,250.00,100 גרם,false,1,19.90,7.9600,true,1,229087
3161911393210,false,חמאת נורמנדי מלוחה 2,אלוויר,FR,חמאת נורמנדי מלוחה 200גר אלוויר,גרמים,200.00,100 גרם,false,40,17.90,8.9500,true,1,344840
3172258000013,false,יין פמיל בוגרייה שני,,,יין פמיל בוגרייה שנין בלאן 750 מל,מיליליטרים,750.00,"100 מ""ל",false,1,45.00,6.0000,true,1,347710
3172258001980,false,יין פמיל בוגרייה פינ,,,יין פמיל בוגרייה פינו נואר 750 מל,מיליליטרים,750.00,"100 מ""ל",false,1,45.00,6.0000,true,1,347709
3175360000377,false,גבינת רמבול אגוזים ב,בונגראן,,גבינת רמבול אגוזים במשקל,קילוגרמים,1.00,"ק""ג",true,,179.00,179.0000,true,1,322189
3175460000017,false,גבינת בורסן שום ועשב,בל,,גבינת בורסן שום ועשבי תיבול 150 גרם,גרמים,150.00,100 גרם,false,1,18.90,12.6000,true,1,234773
3175460000062,false,גבינת בורסן פלפל 150,בל,,גבינת בורסן פלפל 150 גרם,גרמים,150.00,100 גרם,false,1,18.90,12.6000,true,1,232837
3175460000864,false,גבינת בורסן טבעי 150,,,גבינת בורסן טבעי 150 גרם,גרמים,150.00,100 גרם,false,1,18.90,12.6000,true,1,312458
3175460030083,false,גבינת בורסן בצל ועיר,בל,,גבינת בורסן בצל ועירית 150 גרם,גרמים,150.00,100 גרם,false,1,18.90,12.6000,true,1,232966
3175520018594,false,יין רוש מאזה סובניון,,,יין רוש מאזה סובניון בלאן 750 מל,מיליליטרים,750.00,"100 מ""ל",false,1,40.00,5.3333,true,1,323166
3175529640758,false,יין רוש מאזה שרדונה,,,יין רוש מאזה שרדונה צרפת 750 מל,מיליליטרים,750.00,"100 מ""ל",false,1,40.00,5.3333,true,1,307620
3175529640789,false,יין רוש מאזה ק.סובנ,,,יין רוש מאזה ק.סובניון צרפת 750 מל,מיליליטרים,750.00,"100 מ""ל",false,1,40.00,5.3333,true,1,307986
3176580111935,false,גבינת ברי איל דפרנס,בונגראן,,גבינת ברי איל דפרנס במשקל,קילוגרמים,1.00,"ק""ג",true,,159.00,159.0000,true,1,326679
3176780029382,false,יין יין לה שאטו סובי,,FR,יין יין לה שאטו סוביניון בלאן טוריין 750,מיליליטרים,750.00,"100 מ""ל",false,1,60.00,8.0000,true,1,332310
3176780036748,false,יין הו פואטו סוביניו,,FR,יין הו פואטו סוביניון בלאן 750 מל,מיליליטרים,750.00,"100 מ""ל",false,6,65.00,8.6667,true,1,336401
3176780100258,false,יין סאנסר לה שאניי ל,,,יין סאנסר לה שאניי לבן 750 מל750 מל,מיליליטרים,750.00,"100 מ""ל",false,6,100.00,13.3333,true,1,338379
3176780100265,false,יין פואיי פומה לה רו,,,יין פואיי פומה לה רושאטה 750 מל,מיליליטרים,750.00,"100 מ""ל",false,6,100.00,13.3333,true,1,338378
3177890001008,false,גבינת רוקפור פפיון 1,,,גבינת רוקפור פפיון 100גרם,גרמים,100.00,100 גרם,false,1,21.90,21.9000,true,1,345260
3178530402278,false,עוגיות גאלט חמאה קרמ,סן מישל,,עוגיות גאלט חמאה קרמל סן מישל 150 גרם,גרמים,150.00,100 גרם,false,1,14.90,9.9333,true,1,311080
3178530402353,false,עוגיות מדלן רכות סן,סן מישל,,עוגיות מדלן רכות סן מישל 175 גרם,גרמים,175.00,100 גרם,false,1,11.90,6.8000,true,1,311085
3178530407938,false,עוגיות מיני מדליין ס,סן מישל,,עוגיות מיני מדליין סן מישל 175גרם,גרמים,175.00,100 גרם,false,1,11.90,6.8000,true,1,311083
3178530409673,false,עוגיות סן מישל פלמיה,סן מישל,FR,עוגיות אוזני פיל סנט מישל 100 גר,גרמים,100.00,100 גרם,false,12,14.90,14.9000,true,1,317158
3178530411478,false,עוגיות גאלט חמאה סנט,סן מישל,,עוגיות גאלט חמאה סנט מישל קלאסי 150 גרם,גרמים,150.00,100 גרם,false,1,14.90,9.9333,true,1,311079
3178530412703,false,עוגיות סן מישל דונאט,סן מישל,FR,עוגיות סן מישל דונאט שוקולד180 גרם,גרמים,180.00,100 גרם,false,12,16.90,9.3889,true,1,330472
3178530417357,false,עוגת אישית סנט מישל,סן מישל,FR,עוגת אישית סנט מישל בראוניז לבן210גרם,גרמים,210.00,100 גרם,false,12,17.90,8.5238,true,1,337004
3178530417418,false,עוגיות סן מישל דונאט,סן מישל,FR,עוגיות סן מישל דונאט שוקוציפס180 גרם,גרמים,180.00,100 גרם,false,12,16.90,9.3889,true,1,330476
3179071000350,false,יין קהר דה מדיטרנה ל,,FR,יין קהר דה מדיטרנה לבן 750 מל,מיליליטרים,750.00,"100 מ""ל",false,6,45.00,6.0000,true,1,338066
3179071001821,false,יין קהר דה מדיטרנה א,,FR,יין קהר דה מדיטרנה אדום 750 מל,מיליליטרים,750.00,"100 מ""ל",false,6,45.00,6.0000,true,1,338065
3179077470195,false,יין אדום דה דופאן קו,,,יין אדום דה דופאן קוט דה רון רזרב 750מל,מיליליטרים,750.00,"100 מ""ל",false,1,65.00,8.6667,true,1,248635
3179730011017,false,מים מינרלים פרייה 75,נסטלה,,מים מינרלים פרייה 750 מל פיקדון,מיליליטרים,750.00,"100 מ""ל",false,1,10.90,1.4533,true,1,307148
3179730011024,false,מים מינרליים פרייה 3,נסטלה,,מים מינרליים פרייה 330 מל פיקדון,מיליליטרים,330.00,"100 מ""ל",false,1,6.90,2.0909,true,1,307149
3179732348913,false,מים מינרלים פרייה 1,נסטלה,FR,מים מינרלים פרייה 1 ל פיקדון פלסטיק ירוק,ליטרים,1.00,ליטר,false,6,10.90,10.9000,true,1,307150
3183280028036,false,מלח ים גס אטלנטי 1 ק,,,מלח ים גס אטלנטי 1 קג לה בלינה,קילוגרמים,1.00,"ק""ג",false,1,16.90,16.9000,true,1,329055
3185130000124,false,יין קרמאן דאלזאס בלן,צרפת פפאפנהיים,,יין קרמאן דאלזאס בלן דה בלאן 750 מל,מיליליטרים,750.00,"100 מ""ל",false,1,70.00,9.3333,true,1,311544
3185370001233,false,שמפניה מואט ושנדו בר,,,יין נתזים מואט ושנדו ברוט 750 מל פיקדון,מיליליטרים,750.00,"100 מ""ל",false,1,269.00,35.8667,true,1,312747
3185370457054,false,שמפניה מואט אייס אימ,,,שמפניה מואט אייס אימפריאל 750 מל,מיליליטרים,750.00,"100 מ""ל",false,1,299.00,39.8667,true,1,333909
3185370615492,false,שמפניה מואט אייס אימ,,,שמפניה מואט אייס אימפריאל רוזה 750 מל,מיליליטרים,750.00,"100 מ""ל",false,1,350.00,46.6667,true,1,333910
3192200003381,false,ברנדי קלבדוס בוסנל ת,,,ברנדי קלבדוס בוסנל תפוחים פאי דאוג700מל,מיליליטרים,700.00,"100 מ""ל",false,12,129.00,18.4286,true,1,346428
3219820003703,false,קוניאק מרטל אקס או 7,,,קוניאק מרטל אקס או 700 מל,מיליליטרים,700.00,"100 מ""ל",false,1,625.00,89.2857,true,1,304372
3228022910023,false,חמאה צרפתית פרזידנט,לקטליס,FR,חמאה צרפתית פרזידנט 200 גרם,גרמים,200.00,100 גרם,false,12,12.90,6.4500,true,1,228488
3245990969419,false,קוניאק הנסי וי אס או,,,קוניאק הנסי וי אס או פי מארז 700מלפיקדו,מיליליטרים,750.00,"100 מ""ל",false,1,259.00,34.5333,true,1,244951
3245995960015,false,קוניאק הנסי וי אס 70,,,קוניאק הנסי וי אס 700 מל,מיליליטרים,700.00,"100 מ""ל",false,1,150.00,21.4286,true,1,251404
3252920011599,false,חמאה מלוחה 125גרם לה,,,חמאה מלוחה 125גרם לה גאל,גרמים,125.00,100 גרם,false,,13.90,11.1200,true,1,335403
3252920012305,false,חמאה 250גרם לה גאל,,GR,חמאה 250גרם לה גאל,גרמים,250.00,100 גרם,false,,22.90,9.1600,true,1,335399
3252920012350,false,חמאה במליחות מעודנת,,GR,חמאה במליחות מעודנת 250גר לה גאל,גרמים,250.00,100 גרם,false,,22.90,9.1600,true,1,335400
3252920013494,false,חמאה מלוחה 250גר מלח,,GR,חמאה מלוחה 250גר מלח אטלנטי לה גאל,גרמים,250.00,100 גרם,false,,22.90,9.1600,true,1,335398
3252920022502,false,גבינת שמנת טבעי 150ג,,,גבינת שמנת טבעי 150גר לה גל,גרמים,150.00,100 גרם,false,,13.90,9.2667,true,1,335385
3252920022526,false,גבינת שמנת עשבי תיבו,,,גבינת שמנת עשבי תיבול 150גר לה גל,גרמים,150.00,100 גרם,false,,13.90,9.2667,true,1,335387
3252920022557,false,גבינת שמנת תות 150גר,,,גבינת שמנת תות 150גר לה גל,גרמים,150.00,100 גרם,false,,13.90,9.2667,true,1,335386
3254550010126,false,קרם פרש 200 גרם,איסיני סנט מור,,קרם פרש 200 גרם,גרמים,200.00,100 גרם,false,1,26.90,13.4500,false,1,308519
3254550033217,false,גבינת ברי איסיני 220,איסיני סנט מור,,גבינת ברי איסיני 220 גרם,גרמים,220.00,100 גרם,false,1,31.90,14.5000,true,1,304790
3254550033279,false,גבינת קממבר איסיני 2,איסיני סנט מור,,גבינת קממבר איסיני 250 גרם,גרמים,250.00,100 גרם,false,1,31.90,12.7600,true,1,304791
3257698101107,false,יין גילהם לבן 750 מל,גאטה,,יין גילהם לבן 750 מל,מיליליטרים,750.00,"100 מ""ל",false,1,60.00,8.0000,true,1,317453
3257698108106,false,יין פונט דה גאסאק ל,,FR,יין פונט גאסאק לבן 750 מל,מיליליטרים,750.00,"100 מ""ל",false,6,80.00,10.6667,true,1,328326
3257698109103,false,יין גאסק סוביניון בל,,FR,יין גאסק סוביניון בלאן 750 מל,מיליליטרים,750.00,"100 מ""ל",false,6,60.00,8.0000,true,1,339248
3257698201104,false,יין גילהם רוזה 750 מ,גאטה,FR,יין גילהם רוזה 750 מל,מיליליטרים,750.00,"100 מ""ל",false,1,60.00,8.0000,true,1,323812
3257698301101,false,יין גילהם אדום 750 מ,גאטה,,יין גילהם אדום 750 מל,מיליליטרים,750.00,"100 מ""ל",false,1,60.00,8.0000,true,1,317454
3257698301118,false,יין גאסק קברנה 750 מ,,FR,יין גאסק קברנה 750 מל,מיליליטרים,750.00,"100 מ""ל",false,6,60.00,8.0000,true,1,339246
3257698301132,false,יין קלאסיק אדום 750,גאטה,,יין קלאסיק אדום 750 מל,מיליליטרים,750.00,"100 מ""ל",false,1,60.00,8.0000,true,1,317455
3257698302108,false,יין פונט דה גאסאק אד,,FR,יין פונט גאסאק אדום 750 מל,מיליליטרים,750.00,"100 מ""ל",false,6,80.00,10.6667,true,1,328325
3263280111775,false,יין אינספריישן ליברא,,,יין אינספריישן ליבראומליך 750 מל,מיליליטרים,750.00,"100 מ""ל",false,1,40.00,5.3333,true,1,325180
3263280117760,false,יין קיה אורה סוביניו,,NZ,יין קיה אורה סוביניון בלאן 750 מל,מיליליטרים,750.00,"100 מ""ל",false,6,65.00,8.6667,true,1,336403
3263286301323,false,יין גי פי שנה קברנה,,,יין גי פי שנה קברנה סירה 750 מל פקדון,מיליליטרים,750.00,"100 מ""ל",false,1,45.00,6.0000,true,1,329546
3263286314989,false,יין אדום ברון דארניי,לה קב דה לנדירס,,יין אדום ברון דארנייק 750 מל פקדון,מיליליטרים,750.00,"100 מ""ל",false,1,40.00,5.3333,true,1,305227
3263286529321,false,יין שבלי לבן בואיה 7,,FR,יין שבלי לבן בואיה 750 מל פקדון,מיליליטרים,750.00,"100 מ""ל",false,6,100.00,13.3333,true,1,334317
3263289990203,false,יין גי פי לבן יבש שר,,,יין גי פי לבן יבש שרדונה 750 מל,מיליליטרים,750.00,"100 מ""ל",false,1,45.00,6.0000,true,1,310126
3267682136176,false,וויסקי היילנד קווין,,,וויסקי היילנד קווין 1 לי,ליטרים,1.00,ליטר,false,6,99.00,99.0000,true,1,334571
3269210253034,false,יין מיראבו קלאסיק רו,,,יין מיראבו קלאסיק רוזה 750 מל,מיליליטרים,750.00,"100 מ""ל",false,1,65.00,8.6667,true,1,321183
3270620001757,false,קוניאק לואי רוייה וי,,,קוניאק לואי רוייה וי אס 700 מל,מיליליטרים,700.00,"100 מ""ל",false,1,129.00,18.4286,true,1,322996
3272770003148,false,גבינת שברו עיזים פרמ,בונגראן,,גבינת שברו עיזים פרמידה 150 ג,גרמים,150.00,100 גרם,false,1,21.90,14.6000,true,1,250329
3272810233177,false,יין בורדו דומיין דה,גי סי אף פטרסבך,FR,יין בורדו דומיין דה שבאל בלאן אדום 750 מ,מיליליטרים,750.00,"100 מ""ל",false,6,45.00,6.0000,true,1,323823
3274664069001,false,מאגדת שלגון טובלרון,,,מאגדת שלגון טובלרון לבן 4יח,יחידה,4.00,יחידה,false,1,37.90,9.4750,true,1,336289
3274664142452,false,מאגדת גלידה קוטדור,,,מאגדת גלידה קוטדור וניל 4 יח,יחידה,4.00,יחידה,false,8,49.90,12.4750,true,1,334724
3275240312115,false,גבינת קממבר 240גרם ב,,FR,גבינת קממבר 240גרם בקופסא צרפת,גרמים,240.00,100 גרם,false,,25.90,10.7917,true,1,346756
3275240312245,false,גבינת קממבר 250גר צר,,FR,גבינת קממבר 250גר צרפתית בנייר,גרמים,250.00,100 גרם,false,,24.90,9.9600,true,1,346755
3278480396334,false,שמפיין פיין אקס או ג,,,שמפיין פיין אקס או גודה 700 מל,מיליליטרים,700.00,"100 מ""ל",false,1,359.00,51.2857,true,1,346658
3278480629128,false,קוניאק גודה אקס או 7,,,קוניאק גודה אקס או 700 מל,מיליליטרים,700.00,"100 מ""ל",false,1,469.00,67.0000,true,1,346657
3279370101106,false,מעדן סלק 500 גרם,,,מעדן סלק 500 גרם,Unknown,0.00,Unknown,false,1,5.90,0.0000,true,1,244047
3296180000016,false,יין דומיין פרין קוט,,,יין דומיין פרין קוט דה ונטו 750 מל פקדון,מיליליטרים,750.00,"100 מ""ל",false,1,60.00,8.0000,true,1,236340
3296180000023,false,יין פרין זיגונדאס לה,,,יין דומיין פרין גגונדאס אדום יבש 750מל פ,מיליליטרים,750.00,"100 מ""ל",false,1,129.00,17.2000,true,1,240368
3296180000047,false,יין דומיין פרין קוט,,,יין דומיין פרין קוט דה לובר 750 מל פקדון,מיליליטרים,750.00,"100 מ""ל",false,1,60.00,8.0000,true,1,236341
3296180007794,false,יין פרובנס מירבאל סט,,FR,יין מירבאל סטודיו 750 מל,מיליליטרים,750.00,"100 מ""ל",false,6,80.00,10.6667,true,1,328932
3296184016242,false,יין פרובנס מירבל רוז,,,יין פרובנס מירבל רוזה יבש 750 מל,מיליליטרים,750.00,"100 מ""ל",false,1,115.00,15.3333,true,1,336822
3299790211018,false,משקה פניקס ארק 45% 1,,,משקה פניקס ארק 45% 1ל פקדון,ליטרים,1.00,ליטר,false,1,115.00,115.0000,true,1,235614
3300370111038,false,יין הוגל גנטיל 750 מ,,,יין הוגל גנטיל 750 מל פקדון,מיליליטרים,750.00,"100 מ""ל",false,1,60.00,8.0000,true,1,236015
3300370180034,false,יין הוגל גוורצטרמינר,,,יין הוגל גוורצטרמינר 750 מל פקדון,מיליליטרים,750.00,"100 מ""ל",false,1,100.00,13.3333,true,1,242338
3300370190033,false,יין הוגל ריזלינג 750,,,יין הוגל ריזלינג 750 מל פקדון,מיליליטרים,750.00,"100 מ""ל",false,1,85.00,11.3333,true,1,242337
3333780204953,false,יין לה שאטו מוסקדה ס,,FR,יין לה שאטו מוסקדה סרבה אן מנטא 750 מל,מיליליטרים,750.00,"100 מ""ל",false,6,60.00,8.0000,true,1,327340
3333780204991,false,יין סנסר לה שאטו 75,lacheteau,,יין לה שאטו סנסר 750 מל פקדון,מיליליטרים,750.00,"100 מ""ל",false,1,100.00,13.3333,true,1,329874
3335121604934,false,חרדל צאטל חלק 370 גר,קובינור,FR,חרדל חלק 370 גר CHATEL,גרמים,370.00,100 גרם,false,12,10.00,2.7027,true,1,233559
3335121614933,false,חרדל צאטל גרגרים 370,קובינור,,חרדל צאטל גרגרים 370 גר,גרמים,370.00,100 גרם,false,1,11.90,3.2162,true,1,233560
3341501000173,false,גבינת סנט אגור במשקל,בונגראן,,גבינת סנט אגור במשקל,קילוגרמים,1.00,"ק""ג",true,,199.00,199.0000,true,1,229090
3342590027874,false,יין שאטו אס דה סירן,,,יין שאטו אס דה סירן אדום יבש750 מל פקדון,מיליליטרים,750.00,"100 מ""ל",false,1,150.00,20.0000,true,1,247367
3344060020729,false,יין וורה פייר ברווין,,FR,יין וורה פייר ברווין מתוק 750 מל,מיליליטרים,750.00,"100 מ""ל",false,6,60.00,8.0000,true,1,327346
3351002891712,false,יין בורגון מרקוריי א,,,יין בורגון מרקוריי טדום דומיין 750 מל,מיליליטרים,750.00,"100 מ""ל",false,1,120.00,16.0000,true,1,332308
3354902010436,false,יין סמיילי קברנה סוב,,FR,יין סמיילי קברנה סוביניון 750 מל,מיליליטרים,750.00,"100 מ""ל",false,6,45.00,6.0000,true,1,344572
3354902010467,false,יין סמיילי רוזה 750,,FR,יין סמיילי רוזה 750 מל,מיליליטרים,750.00,"100 מ""ל",false,6,45.00,6.0000,true,1,344573
3364048001328,false,קוניאק טיפון וי אס,,FR,קוניאק קמוס וי.סי.או פי 700 מל,מיליליטרים,700.00,"100 מ""ל",false,6,150.00,21.4286,true,1,344981
3365500000149,false,גבינת קממבר 240גרם ב,,FR,גבינת קממבר 240גרם בקופסא צרפת,גרמים,240.00,100 גרם,false,,25.90,10.7917,true,1,333171
3365500000385,false,גבינת קממבר 250גר צר,,FR,גבינת קממבר 250גר צרפתית בנייר,גרמים,250.00,100 גרם,false,1,24.90,9.9600,true,1,333172
3365910009510,false,יין דומיין הנרי פוא,,,יין דומיין הנרי פואי פמה750 מל פיקדון,מיליליטרים,750.00,"100 מ""ל",false,1,180.00,24.0000,true,1,237699
3365910051106,false,יין הנרי בורגוואה פו,,,יין הנרי בורגוואה פואי פומה יאנג וין 750,מיליליטרים,750.00,"100 מ""ל",false,1,130.00,17.3333,true,1,251091
3387390525960,false,דגני קראנץ טעם שוקול,נסטלה צרפת רומילי,,דגני בוקר קראנצ טעם שוקולד חלב 500 ג,גרמים,500.00,100 גרם,false,1,22.90,4.5800,true,1,235874
3387390730852,false,דגני פיטנס לגוף חטוב,נסטלה צרפת איטנקורט,,דגני בוקר פיטנס לגוף חטוב 375 ג,גרמים,375.00,100 גרם,false,1,19.90,5.3067,true,1,232304
3391180000087,false,יין קוט דו בלרוש לבן,צרפת - מ. שאפוטייה,,יין קוט דו בלרוש לבן שאפוטייה 750מל,מיליליטרים,750.00,"100 מ""ל",false,1,60.00,8.0000,true,1,318460
3394215961483,false,פסטיס דובל דה מרסיי,,,עראק פסטיס דובל דה מרסייה 1 ליטר,ליטרים,1.00,ליטר,false,1,99.90,99.9000,true,1,325100
3415581114126,false,גלידה האגן דאז פיינט,האגן דאז,,גלידה האגן דאז פיינט קרמל מלוח 430גר,גרמים,430.00,100 גרם,false,1,22.90,5.3256,true,1,246777
3415581117110,false,גלידה האגן דאז פיינט,האגן דאז,,גלידה האגן דאז פיינט קרמל וביסקויט,גרמים,430.00,100 גרם,false,1,22.90,5.3256,true,1,239203
3415581187113,false,גלידה האגן דאז פיינט,האגן דאז,,גלידה האגן דאז פיינט וניל בראוניס,מיליליטרים,500.00,"100 מ""ל",false,1,22.90,4.5800,true,1,231960
3443091000110,false,יין פואי פומה לאדוסט,צרפת ברון דה לדוסט,,יין פויי פומה לבן 750 מל פקדון,מיליליטרים,750.00,"100 מ""ל",false,1,150.00,20.0000,true,1,243657
3443091000219,false,יין סנסר לבן לאדוסט,צרפת ברון דה לדוסט,,יין סנסר לבן קונט לפון לדוסט 750מל,מיליליטרים,750.00,"100 מ""ל",false,1,130.00,17.3333,true,1,244126
3451790476945,false,קרם ציז במשקל,אלוויר,,קרם ציז במשקל,קילוגרמים,1.00,"ק""ג",true,,69.00,69.0000,true,1,252665
3466520075015,false,יין הוברט ברושארד סנ,domainaro,,יין הוברט ברושארד סנסר 750 מל,מיליליטרים,750.00,"100 מ""ל",false,1,110.00,14.6667,true,1,316725
3480041001018,false,יין שרדונה לה סליס 2,פרנסואה לורטון,,יין שרדונה לה סליס 2014 750 מל,מיליליטרים,750.00,"100 מ""ל",false,1,60.00,8.0000,true,1,247840
3480042405006,false,יין קרמנר סירה ק.סוב,ארוקאנו,,יין קרמנר סירה ק.סובניון 2010 750 מל,מיליליטרים,750.00,"100 מ""ל",false,1,120.00,16.0000,true,1,247837
3480046329759,false,יין פינו נואר לה סלי,פרנסואה לורטון,,יין פינו נואר לה סליס 2012 750 מל,מיליליטרים,750.00,"100 מ""ל",false,1,60.00,8.0000,true,1,251478
3480046925470,false,יין גראנש סוביניון ל,פרנסואה לורטון,,יין גראנש סוביניון ליו דו גאני 2014 750מ,מיליליטרים,750.00,"100 מ""ל",false,1,60.00,8.0000,true,1,248605
3480047105543,false,יין סירה גרנאש ליו ד,פרנסואה לורטון,,יין סירה גרנאש ליו דו גאני 2013 750 מל,מיליליטרים,750.00,"100 מ""ל",false,1,60.00,8.0000,true,1,250770
3480049449713,false,יין סירה אורוקנו 750,ארוקאנו,,יין סירה אורוקנו 750מל פקדון,מיליליטרים,750.00,"100 מ""ל",false,1,65.00,8.6667,true,1,247835
3480341001329,false,גבינת ברס בלו 140גרם,סבנסיה,FR,גבינת ברס בלו 140גרם כשר,גרמים,140.00,100 גרם,false,10,24.90,17.7857,true,1,344854
3480341002685,false,גבינת טרטר אפרטיף בנ,בונגראן,,גבינת טרטר אפרטיף בנוסח פרובנס 100 גרם,גרמים,100.00,100 גרם,false,1,19.90,19.9000,true,1,327515
3480341002692,false,גבינת טרטר אפרטיף בנ,בונגראן,,גבינת טרטר אפרטיף בנוסח איטלקי 100 גרם,גרמים,100.00,100 גרם,false,1,19.90,19.9000,true,1,327514
3500610033346,false,יין גי פי אדום חצי מ,קב דה לנדירס,,יין גי פי אדום חצי מתוק 750 מל,מיליליטרים,750.00,"100 מ""ל",false,1,45.00,6.0000,true,1,312039
3500610044588,false,יין דומיין דה לה ס.ב,,FR,יין דומיין דה לה ס.בלאן לבן 750מל,מיליליטרים,750.00,"100 מ""ל",false,1,60.00,8.0000,true,1,323829
3500610055195,false,יין אדום שאטו טרופיא,,FR,יין אדום שאטו טרופיאן הוט מדוק 750מל פקד,מיליליטרים,750.00,"100 מ""ל",false,12,75.00,10.0000,true,1,346413
3500610063046,false,יין בורדו דומיין דה,גי סי אף פטרסבך,FR,יין בורדו דומיין דה שבאל בלאן לבן 750 מ,מיליליטרים,750.00,"100 מ""ל",false,6,45.00,6.0000,true,1,323824
3500610079160,false,יין בורדו שאטו מולין,גי סי אף פטרסבך,FR,יין בורדו שאטו מולין פונטט אדום 750 מל,מיליליטרים,750.00,"100 מ""ל",false,6,60.00,8.0000,true,1,323825
3500610084676,false,יין מבעבע בלאן פוסי,,,יין מבעבע בלאן פוסי אייס לבן 750 מל,מיליליטרים,750.00,"100 מ""ל",false,1,45.00,6.0000,true,1,319569
3500610085338,false,יין לבן מבעבע גי פי,גיפי שנה,,יין לבן מבעבע גי פי אי סי אי 750 מל,מיליליטרים,750.00,"100 מ""ל",false,1,45.00,6.0000,true,1,309378
3500610086960,false,יין צרלס רוסו מרלו 7,,FR,יין צרלס רוסו מרלו 750 מל,מיליליטרים,750.00,"100 מ""ל",false,6,45.00,6.0000,true,1,336405
3500610086977,false,יין צרלס רוסו קברנה,,FR,יין צרלס רוסו קברנה סוביניון 750 מל,מיליליטרים,750.00,"100 מ""ל",false,6,45.00,6.0000,true,1,336404
3500610088551,false,יין אדום שאטו סרגאנט,,FR,יין אדום שאטו סרגאנט יבש 750מל פקדון,מיליליטרים,750.00,"100 מ""ל",false,12,150.00,20.0000,true,1,346414
3500610093708,false,יין רוזה מבעבע גי פי,גיפי שנה,,יין רוזה מבעבע גי פי אי סי אי 750 מל,מיליליטרים,750.00,"100 מ""ל",false,1,45.00,6.0000,true,1,309379
3500610101137,false,יין מס סגואלה קוטה ו,,FR,יין מס סגואלה קוטה וילאז באריזה 750 מל,מיליליטרים,750.00,"100 מ""ל",false,6,75.00,10.0000,true,1,323830
3500610117992,false,יין אנדיווידד פינו נ,,,יין אנדיווידד פינו נואר 750 מל,מיליליטרים,750.00,"100 מ""ל",false,6,45.00,6.0000,true,1,343465
3500610118005,false,יין אנדיווידד שרדונה,,,יין אנדיווידד שרדונה 750 מל,מיליליטרים,750.00,"100 מ""ל",false,6,45.00,6.0000,true,1,343466
3500610120114,false,יין פרובנס פלור דה פ,,FR,יין פרובנס פלור דה פריירי רוזה 750 מל,מיליליטרים,750.00,"100 מ""ל",false,1,65.00,8.6667,true,1,332309
3500610135910,false,יין אקסהיב רוזה 750,,FR,יין אקסהיב רוזה 750 מל,מיליליטרים,750.00,"100 מ""ל",false,6,60.00,8.0000,true,1,339249
3500610147135,false,יין אדום שאטו דה פור,,FR,יין אדום שאטו דה פורנאס קורבייה 750מל פק,מיליליטרים,750.00,"100 מ""ל",false,1,75.00,10.0000,true,1,346394
3500610150500,false,יין בורדו שאטו הוט פ,,FR,יין אדום בורדו שאטו הוט פורה 750מל פקדון,מיליליטרים,750.00,"100 מ""ל",false,1,65.00,8.6667,true,1,346395
3523230016230,false,גבינת קממבר מרסי שף,אוריאל,,גבינת קממבר מרסי שף 240 גר,גרמים,240.00,100 גרם,false,1,19.90,8.2917,true,1,243953
3523230025638,false,גבינת בושה עיזים טבע,אוריאל,,גבינת בושה עיזים טבעי 125 גר,גרמים,125.00,100 גרם,false,1,19.90,15.9200,true,1,243954
3523230025652,false,גבינת בושה עיזים 125,אוריאל,,גבינת בושה עיזים 125 גרם,גרמים,125.00,100 גרם,false,1,19.90,15.9200,true,1,309102
3523230026826,false,גבינת פירמידה עיזים,אוריאל,,גבינת פירמידה עיזים טבעי 140גרם,גרמים,140.00,100 גרם,false,1,19.90,14.2143,true,1,309101
3523230026888,false,גבינת פירמידה עיזים,אוריאל,,גבינת פירמידה עיזים שום ועשבי תיבול 140ג,גרמים,140.00,100 גרם,false,1,19.90,14.2143,true,1,309100
3523230032278,false,גבינת עיזים למריחה 1,אוריאל,,גבינת עיזים למריחה 150 גרם,גרמים,150.00,100 גרם,false,1,19.90,13.2667,true,1,305772
3523230038959,false,גבינת בושה מפוחם 125,אוריאל,,גבינת בושה מפוחם 125 גרם,גרמים,125.00,100 גרם,false,1,19.90,15.9200,true,1,331684
3523230045827,false,גבינת סנט מור עיזים,אוריאל,,גבינת סנט מור עיזים 160 גרם,גרמים,160.00,100 גרם,false,1,24.90,15.5625,true,1,321716
3525490010027,false,יין לה גומלייה קברנה,,,יין לה גומלייה קברנה סוביניון 750מל פקדו,מיליליטרים,750.00,"100 מ""ל",false,1,60.00,8.0000,true,1,245144
3525490010034,false,יין לה גומלייה סירה,,,יין לה גומלייה סירה 750 מל,מיליליטרים,750.00,"100 מ""ל",false,1,60.00,8.0000,true,1,253581
3525490010041,false,יין לה גומלייה מורבד,,,יין לה גומלייה מורבדה 750 מל פקדון,מיליליטרים,750.00,"100 מ""ל",false,1,60.00,8.0000,true,1,245143
3525490010119,false,יין לה גומלייה סובינ,,,יין לה גומלייה סוביניון בלאן 750מל פקדון,מיליליטרים,750.00,"100 מ""ל",false,1,60.00,8.0000,true,1,245141
3525490010126,false,יין לה גומלייה סינסא,,,יין לה גומלייה סינסאו רוזה 750 מל,מיליליטרים,750.00,"100 מ""ל",false,1,60.00,8.0000,true,1,252933
3525490010256,false,יין לה גומלייה גראנש,,,יין לה גומלייה גראנש 750מל פקדון,מיליליטרים,750.00,"100 מ""ל",false,1,60.00,8.0000,true,1,245142
3525490010317,false,יין לה גומלייה פינו,,,יין לה גומלייה פינו גרי 750 מל,מיליליטרים,750.00,"100 מ""ל",false,1,60.00,8.0000,true,1,313849
3525490011321,false,יין לה זאמל אורנג טב,,FR,יין לה זאמל אורנג טבעי 750 מל,מיליליטרים,750.00,"100 מ""ל",false,6,65.00,8.6667,true,1,339483
3525490011987,false,יין לה גומלייה שרדונ,,,יין לה גומלייה שרדונה 750 מל,מיליליטרים,750.00,"100 מ""ל",false,1,60.00,8.0000,true,1,253580
3525490015497,false,יין לה גומלייה קריני,,,יין לה גומלייה קריניאן 750 מל,מיליליטרים,750.00,"100 מ""ל",false,1,60.00,8.0000,true,1,252935
3525490016302,false,יין לה גומלייה מלבק,,,יין לה גומלייה מלבק 750 מל,מיליליטרים,750.00,"100 מ""ל",false,1,60.00,8.0000,true,1,252934
3525490097219,false,יין לה בלה אנגל קברנ,,FR,יין לה בלה אנגל קברנה ס. 750 מל,מיליליטרים,750.00,"100 מ""ל",false,6,45.00,6.0000,true,1,339481
3525490097233,false,יין לה בלה אנגל שרדו,,FR,יין לה בלה אנגל שרדונה 750 מל,מיליליטרים,750.00,"100 מ""ל",false,6,45.00,6.0000,true,1,339480
3525490098476,false,יין לה בלה אנגל רוזה,,FR,יין לה בלה אנגל רוזה 750 מל,מיליליטרים,750.00,"100 מ""ל",false,6,45.00,6.0000,true,1,342465
3525490098636,false,יין לה בלה אנגל קולו,,FR,יין לה בלה אנגל קולומברד 750 מל,מיליליטרים,750.00,"100 מ""ל",false,6,45.00,6.0000,true,1,339479
3525490098667,false,יין לה בלה אנגל גאמי,,FR,יין לה בלה אנגל גאמיי 750 מל,מיליליטרים,750.00,"100 מ""ל",false,6,45.00,6.0000,true,1,339482
3530705000199,false,יין ברוט דארזאן שרדו,צרפת גראן שה דה פראנ,,יין ברוט דארזאן שרדונה 125 מל,מיליליטרים,125.00,"100 מ""ל",false,1,25.00,20.0000,true,1,255887
3535921050003,false,יין לואי זאדו מאקון,,,יין לואי זאדו מאקון 750 מל פיקדון צרפת,מיליליטרים,750.00,"100 מ""ל",false,1,85.00,11.3333,true,1,237114
3535923020004,false,יין בורגון לואי זאדו,,,יין לואי זאדו בורגון פינו נואר 750מל פקד,מיליליטרים,750.00,"100 מ""ל",false,1,110.00,14.6667,true,1,240299
3535927860002,false,יין לואי זאדו שסאן מ,,,יין לואי זאדו שסאן מונרשה 750 מל,מיליליטרים,750.00,"100 מ""ל",false,1,299.00,39.8667,true,1,321910
3542862722111,false,גבינת קומטה גורה פלו,,FR,גבינת קומטה גורה פלור 200גר,גרמים,200.00,100 גרם,false,,39.90,19.9500,true,1,344849
3555820355122,false,יין שאטו לגרזט פרפל,,,יין שאטו לגרזט פרפל מלבק 750מל פקדון,מיליליטרים,750.00,"100 מ""ל",false,1,60.00,8.0000,true,1,249186
3555820565156,false,יין שאטו לגרזט סיגנג,לגרזט,FR,יין שאטו לגרזט סיגנגר דה גרזט 750 מל,מיליליטרים,750.00,"100 מ""ל",false,6,60.00,8.0000,true,1,326963
3563490014898,false,חרדל ריין דה דיזון ל,ריין דיגון,,חרדל ריין דה דיזון לחיץ265 גר,גרמים,265.00,100 גרם,false,1,12.90,4.8679,true,1,254447
3567105000047,false,יין זיגונדאס טראדיסי,צרפת דומיין ברוסה,,יין זיגונדאס טראדיסיון ברוסה 750מל פקדון,מיליליטרים,750.00,"100 מ""ל",false,1,110.00,14.6667,true,1,245179
3569401014360,false,יין אדום קריניאן קוט,,,יין אדום קריניאן קוט קטלאן 750 מל,מיליליטרים,750.00,"100 מ""ל",false,6,65.00,8.6667,true,1,345989
3574660089547,false,טמפון אובה קלאסי נור,Johnson Toilet-IT,,טמפון אובה קלאסי נורמל 32 יח,יחידה,32.00,יחידה,false,1,29.90,0.9344,true,1,234460
3574660115154,false,טמפון אובה קלאסי סופ,Johnson Toilet-IT,,טמפון אובה קלאסי סופר 32 יח,יחידה,32.00,יחידה,false,1,29.90,0.9344,true,1,234461
3574660239829,false,קרם ידיים ניוטרוגינה,,,קרם ידיים ניוטרוגינה קל 75 מל,מיליליטרים,75.00,"100 מ""ל",false,1,25.90,34.5333,true,1,319044
3574660333466,false,טמפון אובה מיני 32 פ,Johnson Toilet-IT,,טמפון אובה מיני 32 פרוקומפורט,יחידה,32.00,יחידה,false,1,29.90,0.9344,true,1,242917
3574660342291,false,קרם ידיים ניוטרוגינה,,,קרם ידיים ניוטרוגינה 75 מל,מיליליטרים,75.00,"100 מ""ל",false,1,25.90,34.5333,true,1,319043
3574660464337,false,מגן תחתון קרפרי מגה,Johnson Toilet-IT,,מגן תחתון קרפרי מגה פאק מבושם 76 יח,יחידה,76.00,יחידה,false,1,21.90,0.2882,true,1,236645
3574660464368,false,מגן תחתון קרפרי מגה,Johnson Toilet-IT,,מגן תחתון קרפרי מגה פאק אלוורה 76 יח,יחידה,76.00,יחידה,false,1,21.90,0.2882,true,1,236646
3574660464429,false,מגן תחתון קרפרי מגה,Johnson Toilet-IT,,מגן תחתון קרפרי מגה פאק אוורירי 76 יח,יחידה,76.00,יחידה,false,1,21.90,0.2882,true,1,236644
3574660514643,false,קרם רב שימושי ניוטרו,גונסונס,,קרם רב שימושי ניוטרוגינה עשיר 300 מל,מיליליטרים,300.00,"100 מ""ל",false,1,25.90,8.6333,true,1,319162
3574660571769,false,שפתון לחות נוטרוגינה,גונסונס,GR,שפתון לחות נוטרוגינה,יחידה,1.00,יחידה,false,1,17.90,17.9000,true,1,335690
3574660676105,false,קרם רב שימושי ניוטרו,גונסונס,FR,קרם רב שימושי ניוטרוגינה קליל 300 מל,מיליליטרים,300.00,"100 מ""ל",false,6,34.90,11.6333,true,1,319163
3574660676136,false,קרם רב שימושי ניוטרו,גונסונס,,קרם רב שימושי ניוטרוגינה קליל 300 מל,מיליליטרים,300.00,"100 מ""ל",false,1,25.90,8.6333,true,1,335311
3574661003924,false,נוזל שטיפת פה ליסטרי,,IT,נוזל שטיפת פה ליסטרין טוטל קר 500מל,מיליליטרים,500.00,"100 מ""ל",false,1,22.90,4.5800,true,1,325708
3574661098531,false,תחליב גוף ניוטרוגינה,ניוטרוגינה,,תחליב גוף ניוטרוגינה מועשר 400 מל,מיליליטרים,400.00,"100 מ""ל",false,1,35.90,8.9750,true,1,325120
3574661098937,false,תחליב גוף ניוטרוגינה,ניוטרוגינה,,תחליב גוף ניוטרוגינה עור יבש משאבה 400מל,מיליליטרים,400.00,"100 מ""ל",false,1,35.90,8.9750,true,1,325119
3574661114637,false,נוזל שטיפת פה ליסטרי,,IT,נוזל שטיפת פה ליסטרין זירו 500מל,מיליליטרים,500.00,"100 מ""ל",false,1,19.90,3.9800,true,1,325706
3574661141022,false,וניה תחבושות מקסי לי,,,וניה תחבושות מקסי לילה 12 יח,יחידה,12.00,יחידה,false,1,24.50,2.0417,true,1,305355
3574661199894,false,קרם ידיים ניוטרוגינה,,,קרם ידיים ניוטרוגינה ויזבלי ריניז 75 מל,Unknown,0.00,Unknown,false,1,25.90,0.0000,true,1,319047
3574661200019,false,תחליב גוף ניוטרוגינה,ניוטרוגינה,,תחליב גוף ניוטרוגינה ויזבלי משאבה 400מל,מיליליטרים,400.00,"100 מ""ל",false,1,35.90,8.9750,true,1,308830
3574661352275,false,מי פה ליסטרין קידס ב,,,מי פה ליסטרין קידס ברי 250מל,מיליליטרים,250.00,"100 מ""ל",false,6,14.90,5.9600,true,1,333340
3574661359885,false,טמפון אובה סופר 32יח,Johnson Toilet-IT,,טמפון אובה סופר 32יח פרוקומפורט,יחידה,32.00,יחידה,false,1,29.90,0.9344,true,1,320768
3574661363998,false,נוזל שטיפת פה ליסטרי,,IT,נוזל שטיפת פה ליסטרין תה ירוק 500מל,מיליליטרים,500.00,"100 מ""ל",false,1,22.90,4.5800,true,1,325709
3574661391373,false,תחליב גוף ניוטרוגינה,ניוטרוגינה,,תחליב גוף ניוטרוגינה הידרו בוסט 400מל,מיליליטרים,400.00,"100 מ""ל",false,1,25.90,6.4750,true,1,326205
3574661391434,false,תחליב גוף ניוטרטגינה,,,תחליב גוף ניוטרטגינה תרסיס 200מל,מיליליטרים,200.00,"100 מ""ל",false,1,25.90,12.9500,true,1,334661
3574661392486,false,קרם ידיים ניוטרוגינה,,,קרם ידיים ניוטרוגינה הידרו בוסט 75 מל,מיליליטרים,75.00,"100 מ""ל",false,1,25.90,34.5333,true,1,326207
3574661392493,false,קרם גוף ניוטרוגינה ה,גונסונס,,קרם גוף ניוטרוגינה הידרו בוסט 200מל,מיליליטרים,200.00,"100 מ""ל",false,1,25.90,12.9500,true,1,326206
3574661401140,false,נוזל שטיפת פה ליסטרי,,IT,נוזל שטיפת פה ליסטרין נייטלי ריסיט500מל,מיליליטרים,500.00,"100 מ""ל",false,1,19.90,3.9800,true,1,327155
3574661419435,false,וניה תחבושות מקסי 12,Johnson Vania - BL,,וניה תחבושות מקסי 12 יח,יחידה,12.00,יחידה,false,1,24.50,2.0417,true,1,347032
3574661425139,false,קרם החתלה בייבי גונס,Johnson Toilet-IT,IT,קרם החתלה בייבי גונסונס 100 מל,מיליליטרים,100.00,"100 מ""ל",false,1,18.90,18.9000,true,1,327070
3574661485218,false,טמפון אובה נורמל 32י,Johnson Toilet-IT,,טמפון אובה נורמל 32יח פרוקומפורט,יחידה,32.00,יחידה,false,1,29.90,0.9344,true,1,345588
3574661487328,false,מגן תחתון קרפרי רגיל,Johnson Toilet-IT,,מגן תחתון קרפרי רגיל 56 יחידות,יחידה,56.00,יחידה,false,1,18.90,0.3375,true,1,328573
3574661487335,false,מגן תחתון קרפרי לונג,Johnson Toilet-IT,,מגן תחתון קרפרי לונג ריחני 40 יח,יחידה,40.00,יחידה,false,1,18.90,0.4725,true,1,328576
3574661487618,false,מגן תחתון קרפרי מקסי,Johnson Toilet-IT,,מגן תחתון קרפרי מקסי מבושם 48 יח,יחידה,48.00,יחידה,false,1,18.90,0.3937,true,1,328575
3574661487625,false,מגן תחתון קרפרי מקסי,Johnson Toilet-IT,,מגן תחתון קרפרי מקסי לארג 48 יח,יחידה,48.00,יחידה,false,1,18.90,0.3937,true,1,328574
3574661487632,false,מגן תחתון קרפרי מגה,Johnson Toilet-IT,,מגן תחתון קרפרי מגה פאק לארג מקסי64יח,יחידה,64.00,יחידה,false,1,21.90,0.3422,true,1,328578
3574661491806,false,נוזל שטיפת פה ליסטרי,,IT,נוזל שטיפת פה ליסטרין אדוונס הלבנה 500מל,מיליליטרים,500.00,"100 מ""ל",false,1,22.90,4.5800,true,1,336083
3574661500355,false,מגן תחתון קרפרי לונג,Johnson Toilet-IT,,מגן תחתון קרפרי לונג רגיל 40 יח,יחידה,40.00,יחידה,false,1,18.90,0.4725,true,1,328577
3574661501901,false,קרפרי שטיפה אינטימית,Johnson Toilet-IT,,קרפרי שטיפה אינטימית אלוורה 200 מל,מיליליטרים,200.00,"100 מ""ל",false,1,19.90,9.9500,true,1,328569
3574661504162,false,קרפרי מוס שטיפה אינט,Johnson Toilet-IT,IT,קרפרי מוס שטיפה אינטימית 150מל,מיליליטרים,150.00,"100 מ""ל",false,6,19.90,13.2667,true,1,328571
3574661506272,false,קרפרי מגבונים אינטימ,Johnson Toilet-IT,,קרפרי מגבונים אינטימיים אלוורה 20יח,יחידה,20.00,יחידה,false,1,19.90,0.9950,true,1,328570
3574661552576,false,מגן תחתון קרפרי רגיל,Johnson Toilet-IT,,מגן תחתון קרפרי רגיל טנגה לבן 56 יח,יחידה,56.00,יחידה,false,1,18.90,0.3375,true,1,332114
3574661552804,false,מגן תחתון קרפרי אלוו,Johnson Toilet-IT,,מגן תחתון קרפרי אלוורה 56 יח,יחידה,56.00,יחידה,false,1,18.90,0.3375,true,1,332113
3574661552811,false,מגן תחתון קרפרי כותו,Johnson Toilet-IT,IT,מגן תחתון קרפרי כותון אוורירי 56 יח,יחידה,56.00,יחידה,false,5,18.90,0.3375,true,1,332111
3574661554877,false,מגן תחתון קרפרי כותו,Johnson Toilet-IT,IT,מגן תחתון קרפרי כותון מבושם 56 יח,יחידה,56.00,יחידה,false,5,18.90,0.3375,true,1,332112
3574661610344,false,קרם רב שימושי ניוטרו,גונסונס,,קרם רב שימושי ניוטרוגינה אינטנסיב 300 מל,מיליליטרים,300.00,"100 מ""ל",false,1,25.90,8.6333,true,1,343681
3574661643359,false,מי פה ליסטרין נטורלס,,IT,מי פה ליסטרין נטורלס אינמאל 500מל,מיליליטרים,500.00,"100 מ""ל",false,1,22.90,4.5800,true,1,344507
3574661650029,false,מי פה ליסטרין נטורלס,,IT,מי פה ליסטרין נטורלס גאם 500מל,מיליליטרים,500.00,"100 מ""ל",false,1,22.90,4.5800,true,1,344508
3574669907682,false,טלק בייבי גונסונס,Johnson Toilet-IT,IT,טלק בייבי גונסונס 500גר חדש,גרמים,500.00,100 גרם,false,1,32.90,6.5800,true,1,327059
3574669907729,false,שמפו בייבי גונסונס,Johnson Toilet-IT,IT,שמפו בייבי גונסונס גולד 750מל חדש,מיליליטרים,750.00,"100 מ""ל",false,1,14.90,1.9867,true,1,345985
3574669907767,false,שמפו בייבי גונסונס,Johnson Toilet-IT,IT,שמפו בייבי גונסונס קמומיל 750מל חדש,מיליליטרים,750.00,"100 מ""ל",false,1,14.90,1.9867,true,1,327066
3574669907972,false,שמפו גונסונס טיפות,Johnson Toilet-IT,IT,שמפו גונסונס טיפות ברק 750 מל חדש,מיליליטרים,750.00,"100 מ""ל",false,1,14.90,1.9867,true,1,327053
3574669908443,false,אלסבון וקצף אמבט גונ,Johnson Toilet-IT,IT,אלסבון וקצף אמבט גונסון בייבי 750 מל חדש,מיליליטרים,750.00,"100 מ""ל",false,1,14.90,1.9867,true,1,327074
3574669908481,false,אלסבון בייבי גונסון,Johnson Toilet-IT,IT,אלסבון בייבי גונסון אמבט 750 מל חדש,מיליליטרים,750.00,"100 מ""ל",false,1,14.90,1.9867,true,1,327073
3574669909181,false,שמן בייבי גונסונס,Johnson Toilet-IT,IT,שמן בייבי גונסונס אלוורה 300מל חדש,מיליליטרים,300.00,"100 מ""ל",false,1,24.90,8.3000,true,1,327069
3574669909204,false,שמן בייבי גונסונס,Johnson Toilet-IT,IT,שמן בייבי גונסונס 300מל חדש,מיליליטרים,300.00,"100 מ""ל",false,1,24.90,8.3000,true,1,327068
3574669909822,false,ספריי גונסונס קשרים,Johnson Toilet-IT,IT,ספריי גונסונס קשרים טיפות של ברק200מלחדש,מיליליטרים,200.00,"100 מ""ל",false,1,18.90,9.4500,true,1,327057
3600521720219,false,קרם לחות לוריאל פעול,,,קרם לחות לוריאל פעולה משולשת לילה 50מל,Unknown,0.00,Unknown,false,1,44.90,0.0000,true,1,343790
3600522344032,false,מסכת שיער אלביב 300מ,,,מסכת שיער אלביב 300מל טוטל רפייר לוריאל,מיליליטרים,300.00,"100 מ""ל",false,1,24.90,8.3000,true,1,343785
3600522344070,false,מסכת שיער אלביב 300מ,,,מסכת שיער אלביב 300מל קולור פרוטק לוריאל,מיליליטרים,300.00,"100 מ""ל",false,1,24.90,8.3000,true,1,343529
3600522550129,false,קרם יום לוריאל דרמו,,,קרם יום לוריאל דרמו 50פלוס 45מל,Unknown,0.00,Unknown,false,1,54.90,0.0000,true,1,343530
3600522550204,false,קרם יום לוריאל דרמו,,,קרם יום לוריאל דרמו 50פלוס 55מל,Unknown,0.00,Unknown,false,1,54.90,0.0000,true,1,343531
3600523642489,false,מסכת שיער אלביב 300מ,,,מסכת שיער אלביב 300מל שמנים לוריאל,מיליליטרים,300.00,"100 מ""ל",false,1,24.90,8.3000,true,1,343528
3600523651870,false,שמפו אלביב 500מל פול,,,שמפו אלביב 500מל פול רזיסט לוריאל,מיליליטרים,500.00,"100 מ""ל",false,1,14.90,2.9800,true,1,343786
3600523651900,false,מרכך אלביב 550מל פול,,,מרכך אלביב 550מל פול רזיסט לוריאל,מיליליטרים,550.00,"100 מ""ל",false,1,14.90,2.7091,true,1,343787
3600523652242,false,שמפו אלביב 550מל קול,,,שמפו אלביב 550מל קולור פרוטקט לוריאל,מיליליטרים,550.00,"100 מ""ל",false,1,14.90,2.7091,true,1,343524
3600523652259,false,מרכך שיער אלביב 550מ,,,מרכך שיער אלביב 550מל קולור לוריאל,מיליליטרים,550.00,"100 מ""ל",false,1,14.90,2.7091,true,1,343522
3600523652280,false,שמפו אלביב 550מל 6 ש,,,שמפו אלביב 550מל 6 שמנים לוריאל,מיליליטרים,550.00,"100 מ""ל",false,1,14.90,2.7091,true,1,343526
3600523652297,false,מרכך שיער אלביב 550מ,,,מרכך שיער אלביב 550מל 6 שמנים לוריאל,מיליליטרים,550.00,"100 מ""ל",false,1,14.90,2.7091,true,1,343521
3600523782567,false,שמפו אלביב 500מל דרי,,,שמפו אלביב 500מל דרים לונג לוריאל,מיליליטרים,500.00,"100 מ""ל",false,1,14.90,2.9800,true,1,343525
3600523782574,false,מסכת שיער אלביב 300מ,,,מסכת שיער אלביב 300מלדרים לונג לוריאל,מיליליטרים,300.00,"100 מ""ל",false,1,24.90,8.3000,true,1,343527
3600523782581,false,מרכך שיער אלביב 500מ,,,מרכך שיער אלביב 500מל דרים לונג לוריאל,מיליליטרים,500.00,"100 מ""ל",false,1,14.90,2.9800,true,1,343523
3600540928863,false,דאודורנט גרנייה רול,,,דאודורנט גרנייה רול און אינבזיבל קליר50מ,Unknown,0.00,Unknown,false,6,15.90,0.0000,true,1,343795
3600541253667,false,דאודורנט גרנייה ספרי,,,דאודורנט גרנייה ספריי אינביזביל ורוד 150,Unknown,0.00,Unknown,false,6,15.90,0.0000,true,1,343797
3600541382930,false,מסיר איפור גרנייה מי,,,מסיר איפור גרנייה מיסלר מים ורוד 400מל,מיליליטרים,400.00,"100 מ""ל",false,6,27.90,6.9750,true,1,343793
3600541448476,false,דאודורנט גרנייה רול,,,דאודורנט גרנייה רול און אינבזיבל 50מל,Unknown,0.00,Unknown,false,6,15.90,0.0000,true,1,343794
3600541928275,false,מסיר איפור גרנייה מי,,,מסיר איפור גרנייה מיסלר מים דו פרזי 400מ,מיליליטרים,400.00,"100 מ""ל",false,6,27.90,6.9750,true,1,343792
3600542385251,false,דאודורנט גרנייה רול,,,דאודורנט גרנייה רול און פרוטקשן6 50מל,Unknown,0.00,Unknown,false,6,15.90,0.0000,true,1,343796
3607340717635,false,גל רחצה אדידס אייס ד,,ES,גל רחצה אדידס אייס דייב 400מל,מיליליטרים,400.00,"100 מ""ל",false,12,10.90,2.7250,true,1,322041
3607343817547,false,דאודורנט אדידס ספריי,,,דאודורנט אדידס ספריי קליימקול לגבר 150מל,מיליליטרים,150.00,"100 מ""ל",false,1,14.90,9.9333,true,1,334490
3607345264912,false,דאודורנט פיוזן ספריי,,,דאודורנט פיוזן ספריי גוף אייס דייב 150מל,מיליליטרים,150.00,"100 מ""ל",false,1,19.90,13.2667,true,1,313381
3607347320449,false,גל רחצה אדידס ספורט,,ES,גל רחצה אדידס ספורט אנרגי 400מל,מיליליטרים,400.00,"100 מ""ל",false,12,10.90,2.7250,true,1,322039
3607347415343,false,דאודורנט אדידס רול,,PT,דאודורנט אדידס רול און קונטרול 55 גרם,Unknown,0.00,Unknown,false,24,14.90,0.0000,true,1,328652
3607347415589,false,דאודורנט אדידס רול,,PT,דאודורנט אדידס רול און פרש 55 גר נשים,Unknown,0.00,Unknown,false,24,14.90,0.0000,true,1,328654
3607347918981,false,דאודורנט אדידס רול,,PT,דאודורנט אדידס רול און 6ב1 55 גר נשים,Unknown,0.00,Unknown,false,24,14.90,0.0000,true,1,328653
3608580071389,false,ממרח ערמונים בון מאמ,,FR,ממרח ערמונים בון מאמא 370 גרם,גרמים,370.00,100 גרם,false,6,25.90,7.0000,true,1,338473
3608580075646,false,קונפיטורה שזיפים בון,,FR,קונפיטורה שזיפים בון מאמא 370 גרם,גרמים,370.00,100 גרם,false,6,19.90,5.3784,true,1,338472
3608580077343,false,ממרח בון מאמא קרמל מ,,FR,ממרח בון מאמא קרמל מלוח 220 גרם,גרמים,220.00,100 גרם,false,6,24.90,11.3182,true,1,343302
3608580730231,false,קונפיטורה תות בון מא,,,קונפיטורה תות בון מאמא 370 גרם,גרמים,370.00,100 גרם,false,1,19.90,5.3784,true,1,308645
3608580730248,false,קונפיטורה דובדבן בון,,,קונפיטורה דובדבן בון מאמא 370 גרם,גרמים,370.00,100 גרם,false,1,19.90,5.3784,true,1,308646
3608580730279,false,קונפיטורה מרמלדת תפו,,,קונפיטורה מרמלדת תפוז בון מאמא 370 גרם,גרמים,370.00,100 גרם,false,1,19.90,5.3784,true,1,333776
3608580730286,false,קונפיטורה 4 פירות בו,,,קונפיטורה 4 פירות בון מאמא 370 גרם,גרמים,370.00,100 גרם,false,1,19.90,5.3784,true,1,308649
3608580730323,false,קונפיטורה פטל בון מא,,,קונפיטורה פטל בון מאמא 370 גרם,גרמים,370.00,100 גרם,false,1,19.90,5.3784,true,1,308647
3614221653715,false,גל רחצה אדידס קליימק,,ES,גל רחצה אדידס קליימקול 400מל,מיליליטרים,400.00,"100 מ""ל",false,12,10.90,2.7250,true,1,322040
3614223736003,false,דאודורנט אדידס ספריי,,,דאודורנט אדידס ספריי אדיפיור לגבר 150מל,מיליליטרים,150.00,"100 מ""ל",false,1,14.90,9.9333,true,1,334491
3614223736485,false,דאודורנט אדידס ספריי,,,דאודורנט אדידס ספריי אדיפיור 200מל,מיליליטרים,200.00,"100 מ""ל",false,1,19.90,9.9500,true,1,323538
3614224051235,false,דאודורנט אדידס ספריי,,,דאודורנט אדידס ספריי אדיפאוור לגבר200,מיליליטרים,200.00,"100 מ""ל",false,1,19.90,9.9500,true,1,326990
3614224056537,false,דאודורנט אדידס ספריי,,,דאודורנט אדידס ספריי אדיפאוור אישה 150מל,מיליליטרים,150.00,"100 מ""ל",false,1,19.90,13.2667,true,1,326988
3661163991344,false,דאודורנט אדידס ספריי,,,דאודורנט אדידס ספריי קליימקול לאישה150,מיליליטרים,150.00,"100 מ""ל",false,1,19.90,13.2667,true,1,317182
3662444002759,false,מארז 8יח לחמניות שוק,,FR,מארז 8יח לחמניות שוקוציפס ראובנס 280גר,גרמים,280.00,100 גרם,false,7,17.90,6.3929,true,1,329046
3662444002766,false,לחם בריוש צרפתי פרוס,,,לחם בריוש צרפתי פרוס פיצפוצי שוקולד500,גרמים,500.00,100 גרם,false,1,20.90,4.1800,true,1,325628
3665468301723,false,מטהר אוויר אירוויק נ,RB פולין,PL,מטהר אוויר אירוויק נ.גז ערפילי בוקר 237מ,מיליליטרים,237.00,"100 מ""ל",false,1,14.90,6.2869,true,1,347004
3700485100048,false,ברנדי נשיונאל אקס או,sas de fussigy,,ברנדי נשיונאל אקס או באריזה 700 מל םפיקד,מיליליטרים,700.00,"100 מ""ל",false,1,105.00,15.0000,true,1,238663
3701086303562,false,יין ולאס פויזן רוזה,,FR,יין ולאס פויזן רוזה 750 מל,מיליליטרים,750.00,"100 מ""ל",false,6,60.00,8.0000,true,1,342208
3701086304583,false,יין ולאס פויזן רוז 7,,FR,יין ולאס פויזן רוז 750 מל,מיליליטרים,750.00,"100 מ""ל",false,6,60.00,8.0000,true,1,342207
3701086305030,false,יין ולאס פויזן בלאן,,FR,יין ולאס פויזן בלאן 750 מל,מיליליטרים,750.00,"100 מ""ל",false,6,60.00,8.0000,true,1,342209
3701086305528,false,יין ולאס לקוק קברנה,,FR,יין ולאס קוק קברנה סוביניון 750 מל,מיליליטרים,750.00,"100 מ""ל",false,6,60.00,8.0000,true,1,342222
3701086305719,false,יין ואלס לה קוק מלבק,,FR,יין ואלס לה קוק מלבק 750 מל,מיליליטרים,750.00,"100 מ""ל",false,6,60.00,8.0000,true,1,342224
3701086306730,false,יין ואלס לה קוק שרדו,,FR,יין ואלס לה קוק שרדונה 750 מל,מיליליטרים,750.00,"100 מ""ל",false,6,60.00,8.0000,true,1,342223
3760031471725,false,יין לפאז קוט סוד אדו,,FR,יין לפאז קוט סוד אדום 750 מל,מיליליטרים,750.00,"100 מ""ל",false,6,60.00,8.0000,true,1,330801
3760031473514,false,יין דומיין לפאז גרנש,,FR,יין דומיין לפאז גרנש בשלישית 750 מל,מיליליטרים,750.00,"100 מ""ל",false,6,75.00,10.0000,true,1,330807
3760040172002,false,יין שבלי לבן 750 מל,gautheron,,יין שאבלי לבן 750 מל,מיליליטרים,750.00,"100 מ""ל",false,1,80.00,10.6667,true,1,312771
3760040421261,false,יין רוזה סירה פול מא,צרפת פול מאס,,יין רוזה סירה פול מאס 750 מל פקדון,מיליליטרים,750.00,"100 מ""ל",false,1,45.00,6.0000,true,1,243056
3760040422954,false,יין פול מאס רזרב מלב,צרפת פול מאס,,יין אסטייט מאלבק פול מאס 750מל פקדון,מיליליטרים,750.00,"100 מ""ל",false,1,60.00,8.0000,true,1,247644
3760040427584,false,יין שרדונה זאן קלוד,פול מאס,,יין שרדונה זאן קלוד מאס 750 מל,מיליליטרים,750.00,"100 מ""ל",false,1,60.00,8.0000,true,1,310109
3760040429489,false,יין קוטה מאס לנגדוק,צרפת פול מאס,,יין קוטה מאס לנגדוק לבן 750 מל,מיליליטרים,750.00,"100 מ""ל",false,1,65.00,8.6667,true,1,253148
3760094286007,false,יין אליזבת סובניון ק,דומיין דה מאלאנד,,יין אליזבת סובניון קולומבאר 750 מל,מיליליטרים,750.00,"100 מ""ל",false,1,45.00,6.0000,true,1,318867
3760105300746,false,יין ריזלינג סלקסיון,צרפת - טרימבאך,,יין ריזלינג סלקסיון וייה וינייה 750 מל,מיליליטרים,75000.00,"100 מ""ל",false,1,130.00,0.1733,true,1,250964
3760125946870,false,יין רוזה אור פרובאנס,,FR,יין רוזה אור פרובאנס דה לה קסטינל 750 מל,מיליליטרים,750.00,"100 מ""ל",false,6,80.00,10.6667,true,1,336574
3760127160069,false,יין דאראגון ברוט ווב,,,יין דאראגון ברוט ווברה מבעבע 750 מל,מיליליטרים,750.00,"100 מ""ל",false,1,65.00,8.6667,true,1,343262
3760156433882,false,יין שאבלי 750 מל,PASSSY LE CLOU,IT,יין שאבלי 750 מל,מיליליטרים,750.00,"100 מ""ל",false,6,100.00,13.3333,true,1,326791
3760175420016,false,יין סנסר אדום טראדיס,טיסייה רולאן,,יין סנסר אדום 750 מל,מיליליטרים,750.00,"100 מ""ל",false,1,120.00,16.0000,true,1,310112
3760182393440,false,יין מייסון ונטנאק לנ,,FR,יין מייסון ונטנאק לנטרוס אורגני 750מל,מיליליטרים,750.00,"100 מ""ל",false,6,65.00,8.6667,true,1,339477
3760189781509,false,יין סובניון בלאן וין,,FR,יין סובניון בלאן וין דה פרנס קלו דו רןוק,מיליליטרים,750.00,"100 מ""ל",false,12,60.00,8.0000,true,1,338061
3760249060537,false,יין לאוסטל בלאן לבן,,,יין לאוסטל בלאן לבן 750 מל,מיליליטרים,750.00,"100 מ""ל",false,1,65.00,8.6667,true,1,328269
3760263790021,false,יין שבלי דומיין אלכס,,,יין דומיין אלכסנדר שאבלי לבן 750 מל,מיליליטרים,750.00,"100 מ""ל",false,1,80.00,10.6667,true,1,323096
3770001900032,false,יין מוסקארה סבר מיין,צרפת לואי מקס,,יין מוסקארה סבר מיין 750 מל,מיליליטרים,750.00,"100 מ""ל",false,1,45.00,6.0000,true,1,317388
3800016701055,false,לפתן אפרסק חצאים בסי,,,לפתן אפרסק חצאים בסירופ 700 מל,מיליליטרים,700.00,"100 מ""ל",false,1,8.90,1.2714,true,1,322166
3800016701161,false,לפתן שזיף חצאים בסיר,,,לפתן שזיף חצאים בסירופ 700 מל,מיליליטרים,700.00,"100 מ""ל",false,1,8.90,1.2714,true,1,322167
3800016701178,false,לפתן משמש חצאים בסיר,,,לפתן משמש חצאים בסירופ 700 מל,מיליליטרים,700.00,"100 מ""ל",false,1,8.90,1.2714,true,1,322165
3800020412091,false,חטיף קיט קט צאנקי שו,נסטלה,GB,חטיף קיט קט צאנקי שוקולד חלב 4 יח,גרמים,128.00,100 גרם,false,24,9.90,7.7344,true,1,342932
3800093580246,false,מאפה שמרים באנס במיל,,BG,מאפה שמרים באנס במילוי תפוח עץ 300 גרם,גרמים,300.00,100 גרם,false,1,9.90,3.3000,true,1,344832
3800093580352,false,מאפה שמרים באנס במיל,,BG,מאפה שמרים באנס במילוי שוקולד 300 גרם,גרמים,300.00,100 גרם,false,1,9.90,3.3000,true,1,344833
3800093580987,false,מאפה שמרים באנס במיל,,BG,מאפה שמרים באנס במילוי וניל 300 גרם,גרמים,300.00,100 גרם,false,1,9.90,3.3000,true,1,344831
3838824127149,false,צבע לשיער פלטה סמי ק,הנקל סוד,SI,צבע לשיער פלטה סמי קיט כחול שחור 1-1,Unknown,0.00,Unknown,false,10,17.90,0.0000,true,1,254310
3838824127163,false,צבע לשיער פלטה סמי ק,הנקל סוד,,צבע לשיער פלטה סמי קיט בלונד כסוף 10-1,Unknown,0.00,Unknown,false,1,17.90,0.0000,true,1,255645
3838824127200,false,צבע לשיער פלטה סמי ק,הנקל סוד,SI,צבע לשיער פלטה סמי קיט חום כהה 3-0,Unknown,0.00,Unknown,false,10,17.90,0.0000,true,1,254311
3838824127224,false,צבע לשיער פלטה סמי ק,הנקל סוד,SI,צבע לשיער פלטה סמי קיט חום בינוני 4-0,Unknown,0.00,Unknown,false,10,17.90,0.0000,true,1,254312
3838824127248,false,צבע לשיער פלטה סמי ק,הנקל סוד,SI,צבע לשיער פלטה סמי קיט חום בהיר 5-0,Unknown,0.00,Unknown,false,10,17.90,0.0000,true,1,254313
3838824127262,false,צבע לשיער פלטה סמי ק,הנקל סוד,SI,צבע לשיער פלטה סמי קיט בלונד כהה 6-0,Unknown,0.00,Unknown,false,10,17.90,0.0000,true,1,254314
3838824127286,false,צבע לשיער פלטה סמי ק,הנקל סוד,SI,צבע לשיער פלטה סמי קיט בלונד בינוני 7-0,Unknown,0.00,Unknown,false,10,17.90,0.0000,true,1,254315
3838824127309,false,צבע לשיער פלטה סמי ק,הנקל סוד,SI,צבע לשיער פלטה סמי קיט בלונד בהיר 8-0,Unknown,0.00,Unknown,false,10,17.90,0.0000,true,1,254316
3838824127361,false,צבע לשיער פלטה סמי ק,הנקל סוד,SI,צבע לשיער פלטה סמי קיט ערמונים בינוני5-6,Unknown,0.00,Unknown,false,10,17.90,0.0000,true,1,254317
3838824127507,false,צבע לשיער פלטה סמי ק,הנקל סוד,SI,צבע לשיער פלטה סמי קיט חום קטיפתי 4-60,Unknown,0.00,Unknown,false,10,17.90,0.0000,true,1,255646
3838824127583,false,צבע לשיער פלטה סמי ק,הנקל סוד,SI,צבע לשיער פלטה סמי קיט אדום בוער6-68,Unknown,0.00,Unknown,false,10,17.90,0.0000,true,1,254321
3838824127644,false,צבע לשיער פלטה סמי ק,הנקל סוד,SI,צבע לשיער פלטה סמי קיט חציל זוהר4-89,Unknown,0.00,Unknown,false,10,17.90,0.0000,true,1,254323
3838824128726,false,צבע לשיער פאלטה דה ל,,,צבע לשיער פאלטה דה לוקס קיט בלונד זהוב,יחידה,1.00,יחידה,false,1,29.90,29.9000,true,1,336789
3838824128788,false,צבע לשיער פאלטה דה ל,,,צבע לשיער פאלטה דה לוקס קיט אדום לוהט,Unknown,0.00,Unknown,false,1,29.90,0.0000,true,1,336779
3838824128887,false,צבע לשיער פאלטה דה ל,,,צבע לשיער פאלטה דה לוקס קיט שוקולטה,יחידה,1.00,יחידה,false,1,29.90,29.9000,true,1,336791
3838824193915,false,צבע לשיער פלטה סמי ק,הנקל סוד,SI,צבע לשיער פלטה סמי קיט שחור 1/0,Unknown,0.00,Unknown,false,10,17.90,0.0000,true,1,254332
3838824193939,false,צבע לשיער פאלטה דה ל,,,צבע לשיער פאלטה דה לוקס קיט סגול חציל,יחידה,1.00,יחידה,false,1,29.90,29.9000,true,1,336797
3838824214320,false,צבע לשיער פאלטה דה ל,,,צבע לשיער פאלטה דה לוקס קיט שחור כחול,יחידה,1.00,יחידה,false,1,29.90,29.9000,true,1,336798
3838824240275,false,צבע לשיער פלטה סמי ק,הנקל סוד,SI,צבע לשיער פלטה סמי קיט נוגט 6/65,Unknown,0.00,Unknown,false,10,17.90,0.0000,true,1,254334
3838824276007,false,צבע לשיער פלטה סמי ק,הנקל סוד,SI,צבע לשיער פלטה סמי קיט בלונד בהיר 0/9,Unknown,0.00,Unknown,false,10,17.90,0.0000,true,1,254331
3838824332130,false,צבע לשיער פלטה סמי ק,הנקל סוד,,צבע לשיער פלטה סמי קיט מהגוני כהה 3/68,Unknown,0.00,Unknown,false,1,17.90,0.0000,true,1,318392
3838824332178,false,צבע לשיער פלטה סמי ק,הנקל סוד,,צבע לשיער פלטה סמי קיט חום אדום יין 6/80,Unknown,0.00,Unknown,false,1,17.90,0.0000,true,1,318393
3838824371146,false,פילינג עדין נוטרי בא,הנקל סוד,,פילינג עדין נוטרי באלאנס 150מל,מיליליטרים,150.00,"100 מ""ל",false,1,24.90,16.6000,true,1,337439
3838824371191,false,מרכך גליס אקספרס נוט,הנקל סוד,,מרכך גליס אקספרס נוטרי באלאנס 200מל,מיליליטרים,200.00,"100 מ""ל",false,1,24.90,12.4500,true,1,337438
3838824380902,false,צבע לשיער פלטה סמי ק,הנקל סוד,,צבע לשיער פלטה סמי קיט בלונד סופר בהיר,Unknown,0.00,Unknown,false,1,17.90,0.0000,true,1,339179
3838824380940,false,צבע לשיער פלטה סמי ק,הנקל סוד,,צבע לשיער פלטה סמי קיט בלונד בהיר אפרפר,Unknown,0.00,Unknown,false,1,17.90,0.0000,true,1,339180
3838824380988,false,צבע לשיער פלטה סמי ק,הנקל סוד,,צבע לשיער פלטה סמי קיט בלונד כסוף אפרפר,Unknown,0.00,Unknown,false,1,17.90,0.0000,true,1,339181
3838824381022,false,צבע לשיער פלטה סמי ק,הנקל סוד,,צבע לשיער פלטה סמי קיט חום שוקולד כהה,Unknown,0.00,Unknown,false,1,17.90,0.0000,true,1,339182
3838945027854,false,נקטר מולטי ויטמין פי,FRUCTAL,SI,מולטי ויטמין פירות אד. 100% 1 ל FRUCTAL,ליטרים,1.00,ליטר,false,12,14.90,14.9000,true,1,250702
3838945028547,false,מיץ תפוחי עץ פרוקטל,FRUCTAL,SI,מיץ תפוחי עץ פרוקטל 200 מל,מיליליטרים,200.00,"100 מ""ל",false,24,4.90,2.4500,true,1,305038
3838945028615,false,מיץ אננס פרוקטל 200,FRUCTAL,SI,מיץ אננס פרוקטל 200 מל,מיליליטרים,200.00,"100 מ""ל",false,24,4.90,2.4500,true,1,305039
3838945509015,false,נקטר אוכמניות שחורות,FRUCTAL,SI,נקטר אוכמניות שחורות פרוקטל 1ל 25% פרי,ליטרים,1.00,ליטר,false,12,14.90,14.9000,true,1,255904
3838945509060,false,מיץ תפוחים סחוט 100%,FRUCTAL,SI,מיץ תפוחים 100% 1 ליטר FRUCTAL,ליטרים,1.00,ליטר,false,12,14.90,14.9000,true,1,253419
3838945509077,false,מיץ אננס 100% פרי 1,FRUCTAL,SI,מיץ אננס 100% 1 ליטר FRUCTAL,ליטרים,1.00,ליטר,false,12,14.90,14.9000,true,1,253420
3850158301088,false,משקה כוהלי סליבוביצה,MARASKA,,משקה כוהלי סליבוביצה 700מל שזיפים,לא מנהל יחידת מידה,700.00,לא מנהל יחידת מידה,false,1,99.90,0.1427,true,1,310354
4000161320050,false,מארז מרציפן נידרברג,Q Chocolate,,מארז מרציפן נידרברג סוגים 100 גרם,גרמים,100.00,100 גרם,false,1,39.90,39.9000,true,1,318437
4000388563803,false,תחליב גוף דאב 400מל,יוניליוור,,תחליב גוף דאב 400מל לעור רגיל עד יבש,מיליליטרים,400.00,"100 מ""ל",false,1,26.90,6.7250,true,1,322879
4000417019004,false,שוקולד ריטר חלב אגוז,,,שוקולד ריטר חלב אגוז שלם100 ג,גרמים,100.00,100 גרם,false,1,10.90,10.9000,true,1,232635
4000417022004,false,שוקולד ריטר צימוק אג,,,שוקולד ריטר צימוק אגוז 100 ג,גרמים,100.00,100 גרם,false,1,8.90,8.9000,true,1,232672
4000417023001,false,שוקולד ריטר חלב שקד,,,שוקולד ריטר חלב שקד שלם 100 ג,גרמים,100.00,100 גרם,false,1,10.90,10.9000,true,1,232634
4000417025005,false,שוקולד ריטר עם מרצפן,,,שוקולד ריטר עם מרצפן 100 ג,גרמים,100.00,100 גרם,false,1,8.90,8.9000,true,1,232636
4000417026002,false,שוקולד ריטר נוגט פרל,,,שוקולד ריטר נוגט פרלין 100 ג,גרמים,100.00,100 גרם,false,1,8.90,8.9000,true,1,232997
4000417101211,false,גלילי ופל אמיצלי קרם,,,גלילי ופל אמיצלי קרם אגוזים 150 גרם,גרמים,150.00,100 גרם,false,1,17.90,11.9333,true,1,346859
4000417101235,false,גלילי וופל אמיצילי ק,,DE,גלילי וופל אמיצילי קרם אגוזים 225 גרם,גרמים,225.00,100 גרם,false,16,24.90,11.0667,true,1,342622
4000417211002,false,שוקולד ריטר מוס קרמל,,,שוקולד ריטר מוס קרמל שברי שקדים 100 ג,גרמים,100.00,100 גרם,false,1,8.90,8.9000,true,1,310808
4000417212009,false,שוקולד ריטר מריר תפו,ריטר,,שוקולד ריטר מריר תפוז שקד 100 ג,גרמים,100.00,100 גרם,false,1,8.90,8.9000,true,1,325864
4000417217004,false,שוקולד ריטר קרם פסיפ,,,שוקולד ריטר קרם פסיפלורה מנגו 100 גרם,גרמים,100.00,100 גרם,false,1,8.90,8.9000,true,1,334413
4000417219008,false,שוקולד ריטר דובדבן ש,,,שוקולד ריטר דובדבן שקד 100 גרם,גרמים,100.00,100 גרם,false,1,8.90,8.9000,true,1,345466
4000417222008,false,שוקולד ריטר חלב שברי,ריטר,,שוקולד ריטר חלב שברי אגוזים 100 ג,גרמים,100.00,100 גרם,false,1,8.90,8.9000,true,1,310278
4000417224002,false,שוקולד ריטר מריר אגו,,,שוקולד ריטר מריר אגוז שלם 100 ג,גרמים,100.00,100 גרם,false,1,10.90,10.9000,true,1,234475
4000417294005,false,שוקולד ריטר מילוי קר,ריטר,,שוקולד ריטר מילוי קרם מוקצף 100 ג,גרמים,100.00,100 גרם,false,1,8.90,8.9000,true,1,246545
4000417298003,false,שוקולד ריטר ספורט קו,,,שוקולד ריטר ספורט קוקוס 100 ג,גרמים,100.00,100 גרם,false,1,8.90,8.9000,true,1,247109
4000417328205,false,שוקולד מיני ריטר אגו,ריטר,DE,שוקולד מיני ריטר אגוז שלם 116 גרם,גרמים,116.00,100 גרם,false,1,17.90,15.4310,true,1,342362
4000417707000,false,שוקולד ריטר חלב קשיו,,,שוקולד ריטר חלב קשיו שלם 100 ג,גרמים,100.00,100 גרם,false,1,10.90,10.9000,true,1,343691
4000417708007,false,שוקולד ריטר מריר שקד,,,שוקולד ריטר מריר שקד שלם 100 ג,גרמים,100.00,100 גרם,false,1,10.90,10.9000,true,1,343692
4000417933003,false,שוקולד ריטר ספורט 74,,,שוקולד ריטר ספורט 74% קקאו 100 ג,גרמים,100.00,100 גרם,false,1,10.90,10.9000,true,1,327628
4000417938008,false,שוקולד ריטר ספורט 81,,,שוקולד ריטר ספורט 81% קקאו 100 ג,גרמים,100.00,100 גרם,false,1,10.90,10.9000,true,1,334872
4000512010869,false,סוכריות גומי טרולי ה,,,סוכריות גומי טרולי הלווין דרקולה200גרם,גרמים,200.00,100 גרם,false,18,9.90,4.9500,true,1,345825
4000512364320,false,סוכריות גומי טרולי ט,,,סוכריות גומי טרולי טבעות אפרסק 200,גרמים,200.00,100 גרם,false,18,9.90,4.9500,true,1,344819
4000512364382,false,סוכריות גומי טרולי מ,,,סוכריות גומי טרולי מיקס תולעים פירות 200,גרמים,200.00,100 גרם,false,18,9.90,4.9500,true,1,344817
4000512364467,false,סוכריות גומי טרולי ה,,,סוכריות גומי טרולי הלווין דרקולה200גרם,גרמים,200.00,100 גרם,false,18,9.90,4.9500,true,1,345824
4000512364764,false,סוכריות טרולי דינורק,טרולי,DE,סוכריות טרולי דינורקס 200 גרם,גרמים,200.00,100 גרם,false,12,10.90,5.4500,true,1,338318
4000512776604,false,סוכריות טרולי ספגטינ,טרולי,DE,סוכריות טרולי ספגטיני קולה 100 ג,גרמים,100.00,100 גרם,false,12,10.90,10.9000,true,1,337119
4000522009747,false,בייגלה שמיניות ציו ת,Intersnack,,בייגלה שמיניות ציו תפוא 100 גר שקית,גרמים,100.00,100 גרם,false,1,4.50,4.5000,true,1,306699
4000522061752,false,בייגלה מקלות ציו מלו,Intersnack,HU,ציו בייגלה מקלות,גרמים,100.00,100 גרם,false,36,4.50,4.5000,true,1,304862
4000539280726,false,שוקולד לינדט אקסלנס7,לינדט,,שוקולד לינדט אקסלנס70%מילד100 גרם,גרמים,100.00,100 גרם,false,1,16.00,16.0000,true,1,346380
4000539280740,false,שוקולד לינדט אקסלנס7,לינדט,,שוקולד לינדט אקסלנס78%מריר100 גרם,גרמים,100.00,100 גרם,false,1,16.00,16.0000,true,1,346579
4000576027933,false,צמרוני אוזניים 200יח,וו.פלץ,DE,צמרוני אוזניים 200יח גאן קרול,יחידה,200.00,יחידה,false,24,7.90,0.0395,true,1,338110
4000576399405,false,פדים לאיפור גאן קרול,,CN,פדים לאיפור גאן קרול,יחידה,1.00,יחידה,false,10,9.90,9.9000,true,1,319102
4000576481889,false,צמרוני אוזניים לתינו,,DE,צמרוני אוזניים לתינוקות 72יח,Unknown,0.00,Unknown,false,24,6.90,0.0000,true,1,319103
4000576722654,false,זוג פדים להסרת איפור,וו.פלץ,,זוג פדים להסרת איפור 70יח גאן קרול,יחידה,70.00,יחידה,false,1,14.90,0.2129,true,1,315800
4000869032569,false,מטהר אוויר מוצק הפי,רלווי,IT,הפי פרש-גל מבשם סגול / אדום,Unknown,0.00,Unknown,false,14,6.90,0.0000,true,1,231291
4001499013676,false,נוזל לניקוי חלונות,ארדל רקס,,נוזל לניקוי חלונות 500מל אקולוגי פרוש,מיליליטרים,500.00,"100 מ""ל",false,1,19.90,3.9800,true,1,304904
4001499112942,false,נוזל לניקוי כללי ומס,ארדל רקס,,נוזל לניקוי כללי ומסיר שומנים 500מל אקול,מיליליטרים,500.00,"100 מ""ל",false,1,22.90,4.5800,true,1,304970
4001499116193,false,מרכך כביסה אקולוגי 7,ארדל רקס,DE,מרכך כביסה אקולוגי 750 מל פרח הכותנה,מיליליטרים,750.00,"100 מ""ל",false,8,19.90,2.6533,true,1,304911
4001499142420,false,נוזל לניקוי אסלות לי,ארדל רקס,DE,נוזל לניקוי אסלות לימון 750מל אקולוגי,מיליליטרים,750.00,"100 מ""ל",false,10,18.90,2.5200,true,1,304907
4001499152061,false,מרסס לניקוי כללי 500,ארדל רקס,,מרסס לניקוי כללי 500מל סודה אקולוגי פרוש,מיליליטרים,500.00,"100 מ""ל",false,1,22.90,4.5800,true,1,304921
4001499162916,false,נוזל כלים אקולוגי סו,ארדל רקס,DE,נוזל כלים אקולוגי סודה 500 מל פרוש,מיליליטרים,500.00,"100 מ""ל",false,8,16.90,3.3800,true,1,319842
4001499180057,false,נוזל לניקוי אמבטיה ו,ארדל רקס,,נוזל לניקוי אמבטיה ומקלחון 500מל אקולוגי,מיליליטרים,500.00,"100 מ""ל",false,1,19.90,3.9800,true,1,304905
4001499185267,false,נוזל לניקוי אסלות לב,ארדל רקס,DE,נוזל לניקוי אסלות לבנדר 750מל אקולוגי,מיליליטרים,750.00,"100 מ""ל",false,10,18.90,2.5200,true,1,304908
4001499915215,false,מרכך כביסה בייבי אקו,ארדל רקס,,מרכך כביסה בייבי אקולוגי 750 מל פרוש,מיליליטרים,750.00,"100 מ""ל",false,1,19.90,2.6533,true,1,306486
4001499917349,false,נוזל לניקוי רב תכלית,ארדל רקס,,נוזל לניקוי רב תכליתי 500מל אקולוגי פרוש,מיליליטרים,500.00,"100 מ""ל",false,1,19.90,3.9800,true,1,304971
4001499923760,false,נוזל להסרת כתמים לפנ,ארדל רקס,,נוזל להסרת כתמים לפני כביסה אקולוגי 500מ,מיליליטרים,500.00,"100 מ""ל",false,1,29.90,5.9800,true,1,306485
4001499948800,false,נוזל כביסה לבנה 1.8ל,ארדל רקס,,נוזל כביסה לבנה 1.8ליטר אקולוגי פרוש,מיליליטרים,1800.00,"100 מ""ל",false,1,45.90,2.5500,true,1,329060
4001499948817,false,נוזל כביסה אקולוגי צ,ארדל רקס,,נוזל כביסה אקולוגי צבעונית/כהה1.8לי פרוש,מיליליטרים,1800.00,"100 מ""ל",false,1,45.90,2.5500,true,1,346503
4001499954986,false,נוזל לניקוי אסלות לי,ארדל רקס,,נוזל לניקוי אסלות לימון 750מל אקולוגי,מיליליטרים,750.00,"100 מ""ל",false,1,18.90,2.5200,true,1,342242
4001499957598,false,סבון אסלה כדוריות פר,ארדל רקס,DE,סבון אסלה כדוריות פרוש בניחוח פטל,Unknown,0.00,Unknown,false,9,15.90,0.0000,true,1,346877
4001499957628,false,סבון אסלה כדוריות פר,ארדל רקס,DE,סבון אסלה כדוריות פרוש בניחוח לימון,Unknown,0.00,Unknown,false,9,15.90,0.0000,true,1,346878
4001499957659,false,סבון אסלה כדוריות פר,ארדל רקס,DE,סבון אסלה כדוריות פרוש תה לבן,Unknown,0.00,Unknown,false,9,15.90,0.0000,true,1,346879
4001499960178,false,נוזל ניקוי כללי אקול,ארדל רקס,DE,נוזל ניקוי כללי אקולוגי בסיס חומץ טבעי1ל,ליטרים,1.00,ליטר,false,10,16.90,16.9000,true,1,346504
4001499960239,false,נוזל כביסה מסיר כתמי,ארדל רקס,,נוזל כביסה מסיר כתמים אקולוגי 1.8לי פרוש,מיליליטרים,1800.00,"100 מ""ל",false,1,45.90,2.5500,true,1,346502
4001507161948,false,שבולת שועל דקה 500 ג,פורטין מולנברקה ג'ב,DE,שבולת שועל דקה 500 גרם הכנה מהירה,גרמים,500.00,100 גרם,false,12,5.90,1.1800,true,1,310192
4001507161955,false,שבולת שועל עבה 500 ג,פורטין מולנברקה ג'ב,,שבולת שועל עבה 500 גרם הכנה מהירה,גרמים,500.00,100 גרם,false,1,5.90,1.1800,true,1,321376
4001518003800,false,טורינוס מקלות פריכים,גריסון,DE,טורינוס מקלות פריכים פלפל שחור ומלח 125,גרמים,125.00,100 גרם,false,8,14.90,11.9200,true,1,336733
4001518003817,false,טורינוס מקלות פריכים,גריסון,DE,טורינוס מקלות פריכים גבינת גאדה 125 גרם,גרמים,125.00,100 גרם,false,8,14.90,11.9200,true,1,336735
4001518106112,false,טורינוס מקלות פריכים,גריסון,DE,טורינוס מקלות פריכים רוזמרין 125 גרם,גרמים,125.00,100 גרם,false,8,14.90,11.9200,true,1,336734
4001518108642,false,ביסקויט סנדוויץ בלק,גריסון,DE,עוגיות בלק 5,גרמים,180.00,100 גרם,false,16,8.90,4.9444,true,1,305263
4001518114223,false,ביסקויט במילוי קרם א,גריסון,DE,ביסקויט במילוי קרם אגוזי לוז 172 גרם,גרמים,172.00,100 גרם,false,6,15.90,9.2442,true,1,343306
4001518115190,false,ביסקויט במילוי קרם ח,גריסון,DE,ביסקויט במילוי קרם חלב 147 גרם,גרמים,147.00,100 גרם,false,6,15.90,10.8163,true,1,343305
4001686101148,false,סוכריות האריבו ליקרי,,,סוכריות האריבו ליקריץ תקליט 200 גרם,גרמים,200.00,100 גרם,false,30,9.90,4.9500,true,1,344815
4001686324837,false,סוכריות הריבו סופר ג,,DE,סוכריות הריבו סופר גורקו פירות 200 גרם,גרמים,200.00,100 גרם,false,18,9.90,4.9500,true,1,344812
4001686345337,false,סוכריות הריבו גרוניס,,,סוכריות הריבו גרוניס פירות 200 גרם,גרמים,200.00,100 גרם,false,18,9.90,4.9500,true,1,344811
4002103248323,false,בירה ארדינגר פיקנטוס,ארדינגר,DE,בירה ארדינגר פיקנטוס 7.3% 500מל,מיליליטרים,500.00,"100 מ""ל",false,12,14.90,2.9800,true,1,326562
4002103311515,false,בירה ארדינגר כהה בק.,,,בירה ארדינגר כהה בק. 500 מל פיקדון,מיליליטרים,500.00,"100 מ""ל",false,1,12.90,2.5800,true,1,338197
4002448017684,false,ספריי להסרת אבנית סי,RB פולין,,ספריי להסרת אבנית סיליט באנג 750 מל,מיליליטרים,750.00,"100 מ""ל",false,1,13.90,1.8533,true,1,231710
4002448019480,false,מסיר שומנים סיליט בא,RB פולין,,מסיר שומנים סיליט באנג 750 מל,מיליליטרים,750.00,"100 מ""ל",false,1,13.90,1.8533,true,1,232652
4002547176060,false,יין ריזלינג בסט נייב,,,יין ריזלינג בסט נייבורג 750 מל,מיליליטרים,750.00,"100 מ""ל",false,6,60.00,8.0000,true,1,347316
4002547176084,false,יין סוביניון בלאן בס,,,יין סוביניון בלאן בסט נייבורג 750 מל,מיליליטרים,750.00,"100 מ""ל",false,6,60.00,8.0000,true,1,347315
4002569237145,false,יין בלו ריזלינג קיו,,,יין בלו ריזלינג קיו בי איי 750 מל,מיליליטרים,750.00,"100 מ""ל",false,1,45.00,6.0000,true,1,305989
4002575016253,false,מרציפן מצופה שוקולד,,,מרציפן מצופה שוקולד 100 גר,גרמים,100.00,100 גרם,false,1,10.20,10.2000,true,1,228495
4002575016918,false,מרציפן זנטיס מצופה 2,,DE,מרציפן זנטיס מצופה 200 גרם,גרמים,200.00,100 גרם,false,12,15.90,7.9500,true,1,342562
4002575520651,false,מרציפן זנטיס נוגט אג,,DE,מרציפן זנטיס נוגט אגוזים מצופה 100גרם,גרמים,100.00,100 גרם,false,40,10.90,10.9000,true,1,342608
4002575563887,false,מרציפן זנטיס כדורים,,DE,מרציפן זנטיס כדורים 100 גרם,גרמים,100.00,100 גרם,false,36,8.90,8.9000,true,1,342604
4002590000022,false,סוכריות קלפני אוכמני,,,סוכריות קלפני אוכמניות 150 גרם,גרמים,150.00,100 גרם,false,1,10.00,6.6667,true,1,228496
4002590000039,false,סוכריות קלפני הדרים,,,סוכריות קלפני הדרים 150 גרם,גרמים,150.00,100 גרם,false,1,10.00,6.6667,true,1,228497
4002590000046,false,סוכריות קלפני מרענן,,,סוכריות קלפני מרענן 150 גרם,גרמים,150.00,100 גרם,false,1,10.00,6.6667,true,1,228498
4002590000633,false,סוכריות קלפני פירות,,,סוכריות קלפני פירות 150 גרם,גרמים,150.00,100 גרם,false,1,10.00,6.6667,true,1,228499
4002590134512,false,סוכריות קלפני טרופי,,,סוכריות קלפני טרופי 150 גרם,גרמים,150.00,100 גרם,false,1,10.00,6.6667,true,1,255582
4002590703541,false,סוכריות קלפני תות 15,,,סוכריות קלפני תות 150 גרם,גרמים,150.00,100 גרם,false,1,10.00,6.6667,true,1,255583
4002603087767,false,בונבוניירה אייסקונפק,,,בונבוניירה אייסקונפקט 800 גר,גרמים,800.00,100 גרם,false,1,39.90,4.9875,true,1,243176
4002631025069,false,בירה פילזנר קוניגסבכ,קוניגסבכר,,בירה פילזנר קוניגסבכר 500 מל פחית,מיליליטרים,500.00,"100 מ""ל",false,1,7.90,1.5800,true,1,254414
4002720005736,false,קפה מליטה לפילטר פרי,Melitta Kaffee GmbH,DE,קפה לפילטר מליטה 250 גרם PREMIUM,גרמים,250.00,100 גרם,false,8,18.90,7.5600,true,1,233710
4002720008300,false,פולי קפה מליטה 1 קג,מליטה אירופה,DE,קפה פולים 1 קג מליטה אספרסו,קילוגרמים,1.00,"ק""ג",false,8,100.00,100.0000,true,1,234292
4003301051340,false,יין מייבאך ריזלינג 7,,DE,יין מייבאך ריזלינג 750 מל,מיליליטרים,750.00,"100 מ""ל",false,6,45.00,6.0000,true,1,340218
4003301051364,false,יין מייבאך ריזלינג ל,,DE,יין מייבאך ריזלינג לבן 750 מל,מיליליטרים,750.00,"100 מ""ל",false,6,45.00,6.0000,true,1,340212
4003301079948,false,יין גוורצטרמינר איגל,,,יין גוורצטרמינר איגל קריק 750 מל,מיליליטרים,750.00,"100 מ""ל",false,12,40.00,5.3333,true,1,323827
4003301081835,false,יין מייבאך שרדונה לב,,DE,יין מייבאך שרדונה לבן 750 מל,מיליליטרים,750.00,"100 מ""ל",false,6,45.00,6.0000,true,1,340215
4003301084577,false,יין מייבאך ספאטבורגו,,DE,יין מייבאך ספאטבורגונד אדום 750 מל,מיליליטרים,750.00,"100 מ""ל",false,6,45.00,6.0000,true,1,340213
4003301085673,false,יין מייבאך פורטוגיזר,,DE,יין מייבאך פורטוגיזר רוזה 750 מל,מיליליטרים,750.00,"100 מ""ל",false,6,45.00,6.0000,true,1,340214
4003669016807,false,בירה שניידר הלס וויס,,DE,בירה שניידר הלס וויס טאפ1 500מל בק.פקדון,מיליליטרים,500.00,"100 מ""ל",false,1,14.90,2.9800,true,1,338475
4003754021662,false,בונבוניירה מרציפן שז,,,בונבוניירה מרציפן שזיף ויין 210 גרם,גרמים,210.00,100 גרם,false,1,21.90,10.4286,true,1,335139
4003754021679,false,בונבוניירה מרציפן מח,,,בונבוניירה מרציפן מחית דובדבן 210 גרם,גרמים,210.00,100 גרם,false,1,21.90,10.4286,true,1,335138
4003754021693,false,בונבוניירה מרציפן מח,,,בונבוניירה מרציפן מחית תפוז 210 גרם,גרמים,210.00,100 גרם,false,1,21.90,10.4286,true,1,335137
4003754206151,false,מרציפן מצופה שוקולד,,DE,מרציפן מצופה שוקולד מריר ותפוז 140 גרם,גרמים,140.00,100 גרם,false,10,12.90,9.2143,true,1,343423
4003754236141,false,מרציפן מצופה שוקולד,,DE,מרציפן מצופה שוקולד מריר 140 גרם,גרמים,140.00,100 גרם,false,10,12.90,9.2143,true,1,343424
4004666042004,false,מרסס מלרוד מסיר ומשמ,מלרוד,DE,מלרוד מרסס 0.5 ליטר,מיליליטרים,500.00,"100 מ""ל",false,6,37.90,7.5800,true,1,228501
4004666107819,false,מרסס לניקוי מזגנים,,DE,מרסס לניקוי מזגנים 500מל,מיליליטרים,500.00,"100 מ""ל",false,6,24.90,4.9800,true,1,327200
4004666111656,false,מלרוד גל להשמדת עובש,מלרוד,DE,מלרוד גל להשמדת עובש 250מל,מיליליטרים,250.00,"100 מ""ל",false,6,29.90,11.9600,true,1,343396
4004666111663,false,מלרוד להלבנת מרווחים,מלרוד,DE,מלרוד להלבנת מרווחים בין חרסינות 90מל,Unknown,0.00,Unknown,false,12,27.90,0.0000,true,1,343395
4005500310105,false,רוטב מאגי לתיבול 202,נסטלה,DE,רוטב מאגי לתיבול 202 מל,גרמים,202.00,100 גרם,false,24,19.90,9.8515,true,1,336325
4005563194025,false,ליקר פידג תאנים 700,,,ליקר פידג תאנים 700 מל פיקדון,מיליליטרים,700.00,"100 מ""ל",false,1,55.00,7.8571,true,1,232683
4005563378029,false,ליקר סליבוביץ סוקולו,,,ליקר סליבוביץ סוקולובסקי 700מל פקדון,מיליליטרים,700.00,"100 מ""ל",false,1,125.00,17.8571,true,1,247754
4005808128273,false,גל רחצה ניוואה לגבר,beiersdorf,,גל רחצה ניוואה לגבר אנרגי שאוור 500מל,מיליליטרים,500.00,"100 מ""ל",false,1,15.90,3.1800,true,1,323265
4005808128631,false,גל רחצה ניוואה לגבר,beiersdorf,,גל רחצה ניוואה לגבר תמציות ליים 500מל,מיליליטרים,500.00,"100 מ""ל",false,1,15.90,3.1800,true,1,330432
4005808229390,false,גל רחצה ניוואה לגבר,beiersdorf,,גל רחצה ניוואה לגבר קול 500מל,מיליליטרים,500.00,"100 מ""ל",false,1,15.90,3.1800,true,1,323266
4005808260706,false,ספריי הגנה ניוואה סא,ביירסדורף,DE,ספריי הגנה ניוואה סאן פרוטקט אנד ריפרש50,מיליליטרים,200.00,"100 מ""ל",false,12,39.90,19.9500,true,1,327378
4005808293469,false,דאודורנט ניוואה ספרי,beiersdorf,,דאודורנט ניוואה ספריי יבש לגבר 150 מל,גרמים,150.00,100 גרם,false,1,15.90,10.6000,true,1,342240
4005808366392,false,שפתון לבלו כחול בליס,beiersdorf,,שפתון לבלו כחול בליסטר,יחידה,1.00,יחידה,false,1,11.90,11.9000,true,1,324316
4005808368280,false,שפתון לבלו שרי ללא,beiersdorf,,שפתון לבלו שרי ללא בליסטר,יחידה,1.00,יחידה,false,1,11.90,11.9000,true,1,323808
4005808406029,false,תחליב רחצה ניוואה 75,beiersdorf,,תחליב רחצה ניוואה 750מל סופט קרים,מיליליטרים,750.00,"100 מ""ל",false,1,15.90,2.1200,true,1,325590
4005808422999,false,קרם הגנה ניוואה סאן,ביירסדורף,DE,קרם הגנה ניוואה סאן פרוטקט 200מל 30,מיליליטרים,200.00,"100 מ""ל",false,12,39.90,19.9500,true,1,327380
4005808429882,false,קרם הגנה ניוואה סאן,ביירסדורף,DE,קרם הגנה ניוואה סאן פרוטקט 200מל 50,מיליליטרים,200.00,"100 מ""ל",false,12,44.90,22.4500,true,1,327381
4005808515554,false,קרם ניוואה רב שימושי,beiersdorf,,קרם ניוואה רב שימושי סופט 300מל,גרמים,300.00,100 גרם,false,1,29.90,9.9667,true,1,346649
4005808698103,false,קרם גוף ניוואה סמוד,beiersdorf,,קרם גוף ניוואה סמוד 500מל,מיליליטרים,500.00,"100 מ""ל",false,1,21.90,4.3800,true,1,334750
4005808702107,false,קרם גוף ניוואה לעור,beiersdorf,,קרם גוף ניוואה לעור יבש 500מל,מיליליטרים,500.00,"100 מ""ל",false,1,21.90,4.3800,true,1,334749
4005808746996,false,ספריי הגנה ניוואה סא,ביירסדורף,DE,ספריי הגנה ניוואה סאן פרוטקט אנד ריפרש,מיליליטרים,200.00,"100 מ""ל",false,12,37.90,18.9500,true,1,337352
4005808813063,false,תחליב לחות ניוואה לע,beiersdorf,,תחליב לחות ניוואה לעור רגיש 100מל,מיליליטרים,100.00,"100 מ""ל",false,1,49.90,49.9000,true,1,323268
4005808817405,false,גל גילוח ניוואה לעור,beiersdorf,,גל גילוח ניוואה לעור רגיש 200מל,מיליליטרים,200.00,"100 מ""ל",false,1,16.90,8.4500,true,1,330440
4005808828838,false,דאודורנט ניוואה ספרי,beiersdorf,,דאודורנט ניוואה ספריי קול לגבר 150מל,מיליליטרים,150.00,"100 מ""ל",false,1,15.90,10.6000,true,1,332521
4005808828869,false,דאודורנט ניוואה רול,beiersdorf,,דאודורנט ניוואה רול און אקווה קול 50מל,Unknown,0.00,Unknown,false,1,15.90,0.0000,true,1,323245
4005808837359,false,דאודורנט ניוואה רול,beiersdorf,,דאודורנט ניוואה רול און פרל ביוטי לאישה,Unknown,0.00,Unknown,false,1,15.90,0.0000,true,1,332375
4005808850907,false,שפתון לבלו הידרו קר,beiersdorf,,שפתון לבלו הידרו קר,יחידה,1.00,יחידה,false,1,11.90,11.9000,true,1,334564
4005808856671,false,ספריי הגנה ניוואה לי,ביירסדורף,DE,ספריי הגנה ניוואה לילדים 200מל מקדם 50,מיליליטרים,200.00,"100 מ""ל",false,12,37.90,18.9500,true,1,337350
4005808856695,false,ספריי הגנה ניוואה 20,ביירסדורף,DE,ספריי הגנה ניוואה 200מל מקדם 50,מיליליטרים,200.00,"100 מ""ל",false,12,37.90,18.9500,true,1,337351
4005808890507,false,קרם ניוואה סופט 200מ,beiersdorf,,קרם ניוואה סופט 200מל,גרמים,250.00,100 גרם,false,1,29.90,11.9600,true,1,323253
4005823013431,false,יין ריזלינג גוזפהופר,גרמניה רייכסגראף פון,,יין גוזפסהופר ריזלינג שפטלזה 750 מל,מיליליטרים,750.00,"100 מ""ל",false,1,130.00,17.3333,true,1,253155
4005823111434,false,יין ריזלינג גולדטרופ,גרמניה רייכסגראף פון,,יין גולדטרופפצן ריזלינג 750 מל,מיליליטרים,750.00,"100 מ""ל",false,1,150.00,20.0000,true,1,253158
4005823301439,false,יין ריזלינג שרצהופב,גרמניה רייכסגראף פון,,יין שרצהופברגר ריזלינג 12 קסלשטאט 750 מל,מיליליטרים,750.00,"100 מ""ל",false,1,170.00,22.6667,true,1,253159
4005823521134,false,יין שלוס מינליי ריזל,גרמניה רייכסגראף פון,,יין שלוס מינליי ריזלינג קסלשטאט 750 מל,מיליליטרים,750.00,"100 מ""ל",false,1,70.00,9.3333,true,1,253154
4005900036476,false,דאודורנט ניוואה רול,beiersdorf,,דאודורנט ניוואה רול און בלק לאישה 50מל,Unknown,0.00,Unknown,false,1,15.90,0.0000,true,1,323251
4005900036483,false,דאודורנט ניוואה ספרי,beiersdorf,,דאודורנט ניוואה ספריי בלק אנד וויט 150מל,מיליליטרים,150.00,"100 מ""ל",false,1,15.90,10.6000,true,1,323241
4005900036506,false,דאודורנט ניוואה רול,beiersdorf,,דאודורנט ניוואה רול און בלק אנד וייט50מל,Unknown,0.00,Unknown,false,1,15.90,0.0000,true,1,323244
4005900037909,false,דאודורנט ניוואה אינו,beiersdorf,,דאודורנט ניוואה אינויזיבל פיור אישה150מל,מיליליטרים,150.00,"100 מ""ל",false,1,15.90,10.6000,true,1,332376
4005900138842,false,תחליב רחצה ניוואה,beiersdorf,,תחליב רחצה ניוואה 750מל סמוד,מיליליטרים,750.00,"100 מ""ל",false,1,15.90,2.1200,true,1,338820
4005900420220,false,גל רחצה ניוואה לגבר,beiersdorf,,גל רחצה ניוואה לגבר פיור אימפקט 500מל,מיליליטרים,500.00,"100 מ""ל",false,1,15.90,3.1800,true,1,339532
4005900485243,false,דאודורנט ניוואה רול,beiersdorf,,דאודורנט ניוואה רול און דריי פרש 50מל,Unknown,0.00,Unknown,false,1,15.90,0.0000,true,1,330437
4005900494924,false,דאודורנט ניוואה פרש,beiersdorf,,דאודורנט ניוואה פרש דריי לאישה 150מל,מיליליטרים,150.00,"100 מ""ל",false,1,15.90,10.6000,true,1,330434
4005900496461,false,אפטר שייב ניוואה דיפ,beiersdorf,,אפטר שייב ניוואה דיפ 100מל,מיליליטרים,100.00,"100 מ""ל",false,1,49.90,49.9000,true,1,330439
4005900513045,false,דאודורנט ניוואה ספרי,beiersdorf,,דאודורנט ניוואה ספריי לגבר דיפ 150 מל,גרמים,150.00,100 גרם,false,1,15.90,10.6000,true,1,325203
4005900513069,false,דאודורנט ניוואה רול,beiersdorf,,דאודורנט ניוואה רול און דיפ 50מל,Unknown,0.00,Unknown,false,1,15.90,0.0000,true,1,325204
4005900542557,false,דאודורנט ניוואה רול,beiersdorf,,דאודורנט ניוואה רול און בלק אנד וייט50מל,Unknown,0.00,Unknown,false,1,15.90,0.0000,true,1,337552
4005900547316,false,דאודורנט ניוואה ספרי,beiersdorf,,דאודורנט ניוואה ספריי לאישה סילק 150מל,מיליליטרים,150.00,"100 מ""ל",false,1,15.90,10.6000,true,1,334568
4005900555915,false,תחליב רחצה ניוואה,beiersdorf,,תחליב רחצה ניוואה 750מל קוקוס,מיליליטרים,750.00,"100 מ""ל",false,1,15.90,2.1200,true,1,336203
4005900648181,false,תחליב רחצה ניוואה,beiersdorf,,תחליב רחצה ניוואה 750מל אלוורה,מיליליטרים,750.00,"100 מ""ל",false,1,15.90,2.1200,true,1,338819
4005900683878,false,שפתון לבלו אלוורה סק,beiersdorf,,שפתון לבלו אלוורה סקראב,יחידה,1.00,יחידה,false,1,11.90,11.9000,true,1,334561
4005900683908,false,שפתון לבלו ווילד רוז,beiersdorf,,שפתון לבלו ווילד רוז סקראב,יחידה,1.00,יחידה,false,1,11.90,11.9000,true,1,334562
4005900730275,false,דאו. ניוואה ספריי בל,beiersdorf,,דאו. ניוואה ספריי בלק אנד וייט אימפקט150,Unknown,0.00,Unknown,false,1,15.90,0.0000,true,1,346969
4005900730299,false,דאו. ניוואה רול און,beiersdorf,,דאו. ניוואה רול און בלק אנד וייט אימפקט,Unknown,0.00,Unknown,false,1,15.90,0.0000,true,1,346967
4005900730336,false,דאו. ניוואה רול און,beiersdorf,,דאו. ניוואה רול און בלק אנד וייט אימפקט,Unknown,0.00,Unknown,false,1,15.90,0.0000,true,1,346966
4005900816016,false,דאודורנט ניוואה ספרי,beiersdorf,,דאודורנט ניוואה ספריי פרש לאישה150מל,מיליליטרים,150.00,"100 מ""ל",false,1,15.90,10.6000,true,1,323249
4005900816115,false,דאודורנט ניוואה רול,beiersdorf,,דאודורנט ניוואה רול און יבש לאישה 50מל,Unknown,0.00,Unknown,false,1,15.90,0.0000,true,1,323234
4005900828088,false,דאודורנט ניוואה רול,beiersdorf,,דאודורנט ניוואה רול און פרש לגבר 50מל,Unknown,0.00,Unknown,false,1,15.90,0.0000,true,1,323243
4005900833723,false,גל רחצה ניוואה לגבר,beiersdorf,,גל רחצה ניוואה לגבר פאוור ריפרש 500מל,מיליליטרים,500.00,"100 מ""ל",false,1,15.90,3.1800,true,1,339533
4005900841148,false,גל גילוח ניוואה מן ק,beiersdorf,,גל גילוח ניוואה מן קול קיק פרש 200מל,מיליליטרים,200.00,"100 מ""ל",false,1,16.90,8.4500,true,1,339321
4005900845733,false,דאודורנט ניוואה מן,beiersdorf,,דאודורנט ניוואה מן ספריי קול קיק פרש150,מיליליטרים,150.00,"100 מ""ל",false,1,15.90,10.6000,true,1,339097
4005900874931,false,דאודורנט ניוואה ספרי,beiersdorf,,דאודורנט ניוואה ספריי דיפ ביט 150 מל,גרמים,150.00,100 גרם,false,1,15.90,10.6000,true,1,345831
4005900874962,false,דאודורנט ניוואה רול,beiersdorf,,דאודורנט ניוואה רול און אקווה קול 50מל,Unknown,0.00,Unknown,false,1,15.90,0.0000,true,1,345832
4006298004009,false,בירה טוכר הלס הפוויצ,מבשלת טוכר,DE,בירה טוכר הלס הפוויצן 500מל פקדון,מיליליטרים,500.00,"100 מ""ל",false,20,12.90,2.5800,true,1,247529
4006298004108,false,בירה טוכר דונקל הפוו,מבשלת טוכר,DE,בירה טוכר דונקל הפוויצן 500מל פקדון,מיליליטרים,500.00,"100 מ""ל",false,20,12.90,2.5800,true,1,247525
4006298014206,false,בירה טוכר חיטה 500מל,מבשלת טוכר,,בירה טוכר חיטה 500מל פקדון,מיליליטרים,500.00,"100 מ""ל",false,24,11.90,2.3800,true,1,325191
4006298207912,false,בירה סבאלדוס 500מל פ,מבשלת טוכר,,בירה סבאלדוס 500מל פקדון,מיליליטרים,500.00,"100 מ""ל",false,1,12.90,2.5800,true,1,339412
4006387085407,false,מארז 3יח פילטר מקסטר,בריטה,,מארז 3יח פילטר מקסטרה פלוס לקנקן בריטה,יחידה,3.00,יחידה,false,1,139.00,46.3333,true,1,322711
4006387097370,false,קנקן בריטה סטרטרפק ס,בריטה,,קנקן בריטה סטרטרפק סטייל+פילטר,Unknown,0.00,Unknown,false,1,169.00,0.0000,true,1,329907
4006508122134,false,נייר פילטר מס 4 מליט,Melitta Kaffee GmbH,,נייר פילטר מס 4 מליטה 40 יח,יחידה,40.00,יחידה,false,1,12.50,0.3125,true,1,311052
4006508123094,false,נייר פילטר מס 2 מליט,Melitta Kaffee GmbH,,נייר פילטר מס 2 מליטה40 יח,יחידה,40.00,יחידה,false,1,11.50,0.2875,true,1,311053
4006814000713,false,מארז סנטה קלאוז קלנד,,,מארז סנטה קלאוז קלנדר 50 גר,Unknown,0.00,Unknown,false,1,7.50,0.0000,true,1,324924
4006814000751,false,שוקולד סנטה עם כובע,WAWI-EURO,,שוקולד סנטה עם קובע 80 גרם,Unknown,0.00,Unknown,false,1,12.90,0.0000,true,1,310989
4006814011061,false,שוקולד סנטה קלאוז בו,WAWI-EURO,DE,סנטה קלאוז בודד 60 ג,Unknown,0.00,Unknown,false,30,5.00,0.0000,true,1,237475
4006814011108,false,שוקולד סנטה קלאוז בו,WAWI-EURO,DE,מארז סנטה קלאוז בודד 150 ג שקית,גרמים,150.00,100 גרם,false,30,10.90,7.2667,true,1,237474
4006814031304,false,אייסקונפקט קריסמס מו,,,אייסקונפקט קריסמס מוריץ 500 גרם,גרמים,500.00,100 גרם,false,1,25.90,5.1800,true,1,329472
4006814071003,false,מארז סנטה קלאוז 100,WAWI-EURO,,מארז סנטה קלאוז 100 גר ואוי,גרמים,100.00,100 גרם,false,1,10.90,10.9000,true,1,247437
4006814072000,false,מארז סנטה קלאוז 200,WAWI-EURO,,מארז סנטה קלאוז 200 גר ואוי,גרמים,200.00,100 גרם,false,1,17.90,8.9500,true,1,247438
4007519050713,false,שקיות אשפה פלי 25יח,וו.פלץ,DE,שקיות אשפה פלי 25יח לפח 35 ליטר,יחידה,25.00,יחידה,false,16,11.90,0.4760,true,1,306476
4007519050720,false,שקיות אשפה פלי 20יח,וו.פלץ,DE,שקיות אשפה פלי 20יח לפח 60 ליטר,יחידה,20.00,יחידה,false,16,11.90,0.5950,true,1,306477
4007519050744,false,שקיות אשפה פלי 10יח,וו.פלץ,DE,שקיות אשפה פלי 10יח לפח 120 ליטר,יחידה,10.00,יחידה,false,16,11.90,1.1900,true,1,306478
4007519086224,false,שקיות אשפה ריחניות פ,וו.פלץ,DE,שקיות אשפה ריחניות פלי 22יח לפח 20 ליטר,יחידה,22.00,יחידה,false,19,12.90,0.5864,true,1,306479
4007519086248,false,שקיות אשפה ריחניות פ,וו.פלץ,DE,שקיות אשפה ריחניות פלי 20יח לפח 35 ליטר,יחידה,20.00,יחידה,false,17,12.90,0.6450,true,1,306480
4007519086262,false,שקיות אשפה ריחניות פ,וו.פלץ,,שקיות אשפה ריחניות פלי 16יח לפח 60 ליטר,יחידה,16.00,יחידה,false,1,12.90,0.8063,true,1,307429
4007993014317,false,מאגדת גל. מיני מילקה,,FR,מאגדת גל. מיני מילקה בגביע 8יח,יחידה,8.00,יחידה,false,9,22.90,2.8625,true,1,326027
4007993020264,false,מאגדת שלגון טובלרון,,,מאגדת שלגון טובלרון על מקל 4יח,יחידה,4.00,יחידה,false,1,38.90,9.7250,true,1,326046
4007993032533,false,מאגדת שלגון טובלרון,,,מאגדת שלגון טובלרון על מקל 4יח,יחידה,4.00,יחידה,false,1,38.90,9.7250,true,1,347372
4008102002867,false,משקה גרגירים מילפורד,,,משקה גרגירים מילפורד לימון 400 גר,גרמים,400.00,100 גרם,false,1,15.90,3.9750,true,1,228502
4008287051032,false,בירה קרומבאכר פילס 5,מבשלת קרומבאכר,,בירה קרומבאכר פילס 500מל פח.פקדון,מיליליטרים,500.00,"100 מ""ל",false,1,10.00,2.0000,true,1,338033
4008287058161,false,מארז 6יח בירה קרומבא,,,מארז 6יח בירה קרומבאכר פילס 330מל בק.פקד,מיליליטרים,1980.00,"100 מ""ל",false,1,34.90,1.7626,true,1,338029
4008287058222,false,בירה קרומבאכר פילט 3,מבשלת קרומבאכר,DE,בירה קרומבאכר פילט 330 מל פקדון,מיליליטרים,330.00,"100 מ""ל",false,24,10.00,3.0303,true,1,319603
4008287762020,false,בירה קרומבאכר חיטה 5,מבשלת קרומבאכר,,בירה קרומבאכר חיטה 500מל בק.פקדון,מיליליטרים,500.00,"100 מ""ל",false,1,11.90,2.3800,true,1,319591
4008287905786,false,בירה קרומבאכר חיטה 5,מבשלת קרומבאכר,,בירה קרומבאכר חיטה 500מל פח.פקדון,מיליליטרים,500.00,"100 מ""ל",false,1,10.00,2.0000,true,1,338032
4008400170428,false,בונבוניירה פררו רושר,פררו,DE,בונבוניירה פררו רושר לב 125 גר,גרמים,125.00,100 גרם,false,9,17.90,14.3200,true,1,325819
4008400208220,false,שוקולד קינדר הפי 102,פררו,,שוקולחד קינדר הפי 102 גרם,גרמים,102.00,100 גרם,false,1,9.90,9.7059,true,1,330459
4008400230726,false,ביצת הפתעה קינדר מקס,פררו,,ביצת הפתעה קינדר מקסי 100 גרה,גרמים,100.00,100 גרם,false,1,22.90,22.9000,true,1,311049
4008400260921,false,חטיפי קינדר קאונטרי,פררו,DE,חטיפי קינדר קאונטרי 212 גרם,גרמים,212.00,100 גרם,false,8,19.90,9.3868,true,1,338331
4008400290423,false,מארז4יח עוגת ספוג קי,,,מארז4יח עוגת ספוג קינדר פינגווין 30גר,גרמים,120.00,100 גרם,false,1,13.90,11.5833,true,1,338043
4008402101772,false,קיווי אקספרס חום חדש,SC Jonson,,קיווי אקספרס חום חדש לנעליים,Unknown,0.00,Unknown,false,1,14.90,0.0000,true,1,244960
4008500006337,false,אוטן אקטיב סטיק 50 מ,COSMINT,,אוטן אקטיב סטיק 50 מל,Unknown,0.00,Unknown,false,1,19.90,0.0000,true,1,232047
4008514770125,false,יין ריזלינג ברוט לוא,,,יין ריזלינג ברוט לואיס גונטרום 2006 750מ,מיליליטרים,750.00,"100 מ""ל",false,1,160.00,21.3333,true,1,247785
4009175182661,false,מרכך כביסה אקולוגי,ארדל רקס,,מרכך כביסה אקולוגי 750 מל אלוורה פרוש,מיליליטרים,750.00,"100 מ""ל",false,1,19.90,2.6533,true,1,346880
4009211007378,false,קקאו ראקסים פליפ טופ,,DE,קקאו ראקסים פליפ טופ 20% שומן 125 גרם,גרמים,125.00,100 גרם,false,12,8.90,7.1200,true,1,337688
4009300522935,false,תה פומפדור ירוק לימו,TEEKANNE- POMPADOU,,תה פומפדור ירוק לימונית ולואיזה 20 יח,יחידה,20.00,יחידה,false,1,17.90,0.8950,true,1,235859
4009300522966,false,תה פומפדור ירוק נענע,TEEKANNE- POMPADOU,,תה פומפדור ירוק נענע 20 יח,יחידה,20.00,יחידה,false,1,17.90,0.8950,true,1,235860
4009300524588,false,תה פומפדור חליטת פיר,TEEKANNE- POMPADOU,,תה פומפדור חליטת פירות יער 20 יח,יחידה,20.00,יחידה,false,1,14.90,0.7450,true,1,237223
4009300524625,false,תה פומפדור צאי מסאלה,TEEKANNE- POMPADOU,,תה פומפדור צאי מסאלה 20 יח,יחידה,20.00,יחידה,false,1,14.90,0.7450,true,1,237224
4009300525011,false,תה פומפדור ירוק תפוז,TEEKANNE- POMPADOU,,תה פומפדור ירוק תפוז גינגר 20 יח,יחידה,20.00,יחידה,false,1,17.90,0.8950,true,1,241049
4009300526438,false,תה פומפדור ירוק קלא,TEEKANNE- POMPADOU,,תה פומפדור ירוק קלאסי 20 יח,יחידה,20.00,יחידה,false,1,17.90,0.8950,true,1,252211
4009300527497,false,תה פומפדור מנטה לימו,TEEKANNE- POMPADOU,,תה פומפדור מנטה לימון 20 יח,יחידה,20.00,יחידה,false,1,14.90,0.7450,true,1,311033
4009300527909,false,תה פומפדור גינגר כור,TEEKANNE- POMPADOU,,תה פומפדור גינגר כורכום 20 יח,יחידה,20.00,יחידה,false,1,14.90,0.7450,true,1,320945
4009300528821,false,תה פומפדור ירוק גינג,TEEKANNE- POMPADOU,,תה פומפדור ירוק גינגר קינמון 20 יח,יחידה,20.00,יחידה,false,1,17.90,0.8950,true,1,327452
4009300528845,false,תה פומפדור ירוק לימו,TEEKANNE- POMPADOU,,תה פומפדור ירוק לימונית דבש 20 יח,יחידה,20.00,יחידה,false,1,17.90,0.8950,true,1,327451
4009300529514,false,תה פומפדור חליטת פיר,TEEKANNE- POMPADOU,DE,תה פומפדור חליטת פירות אוכמניות 20 יח,יחידה,20.00,יחידה,false,10,14.90,0.7450,true,1,345934
4009300529538,false,תה פומפדור חליטת פיר,TEEKANNE- POMPADOU,DE,תה פומפדור חליטת פירות לימון 20 יח,יחידה,20.00,יחידה,false,10,14.90,0.7450,true,1,345932
4009300529552,false,תה פומפדור חליטת פיר,TEEKANNE- POMPADOU,DE,תה פומפדור חליטת פירות אפרסק 20 יח,יחידה,20.00,יחידה,false,10,14.90,0.7450,true,1,345933
4009300529576,false,תה פומפדור רימונים 2,TEEKANNE- POMPADOU,DE,תה פומפדור רימונים 20 יח,יחידה,20.00,יחידה,false,10,14.90,0.7450,true,1,339290
4009300530107,false,חליטת פומפדור קרה טע,,,חליטת פומפדור קרה טעם תות ותפוז 18 יח,יחידה,18.00,יחידה,false,1,14.90,0.8278,true,1,337856
4009300530121,false,חליטת פומפדור קרה אפ,,,חליטת פומפדור קרה אפרסק פסיפלורה 18 יח,יחידה,18.00,יחידה,false,1,14.90,0.8278,true,1,337858
4009300530145,false,חליטת פומפדור קרה טע,,,חליטת פומפדור קרה טעם פירות יער מו 18 יח,יחידה,18.00,יחידה,false,1,14.90,0.8278,true,1,337857
4009300595120,false,תה פומפדור גינגר מנג,TEEKANNE- POMPADOU,,תה פומפדור גינגר מנגו 20 יח,יחידה,20.00,יחידה,false,1,14.90,0.7450,true,1,333276
4009900013581,false,מארז5יח אורביט סטיקס,,,מארז5יח אורביט סטיקס ספירמינט 65 גר,Unknown,0.00,Unknown,false,1,10.00,0.0000,true,1,248614
4009900379564,false,מסטיק הובה בובה טייפ,,,מסטיק הובה בובה טייפ פירות 56 גר,Unknown,0.00,Unknown,false,1,6.90,0.0000,true,1,233197
4009900385824,false,מארז5יח אורביט סטיקס,,,מארז5יח אורביט סטיקס פפרמינט 65 גר,Unknown,0.00,Unknown,false,1,10.00,0.0000,true,1,248613
4009900402965,false,מסטיק אורביט וויט טע,,,מסטיק אורביט וויט טעם פירות 64 גר,Unknown,0.00,Unknown,false,1,10.00,0.0000,true,1,244517
4009900403023,false,מסטיק אורביט וויט טע,,,מסטיק אורביט וויט טעם מנטה 64 גר,Unknown,0.00,Unknown,false,1,10.00,0.0000,true,1,244516
4009900406918,false,מסטיק הובה בובה טייפ,,,מסטיק הובה בובה טייפ טריפל מיקס 56 גר,Unknown,0.00,Unknown,false,1,6.90,0.0000,true,1,234353
4009900420129,false,מסטיק אורביט פרופשונ,,,מסטיק אורביט פרופשונל ספירמינט,Unknown,0.00,Unknown,false,1,10.00,0.0000,true,1,332900
4009900426039,false,מסטיק איירוויבז מנטה,,,מסטיק איירוויבז מנטה דאבל,Unknown,0.00,Unknown,false,1,10.00,0.0000,true,1,332902
4009900426121,false,מסטיק איירוויבז אוכמ,,,מסטיק איירוויבז אוכמניות דאבל,Unknown,0.00,Unknown,false,1,10.00,0.0000,true,1,332901
4009900455299,false,סוכריות סקיטלס פירות,,,סוכריות סקיטלס פירות 174 גר,גרמים,174.00,100 גרם,false,1,8.90,5.1149,true,1,332898
4009900465304,false,סוכריות סקיטלס חמוצי,,,סוכריות סקיטלס חמוצים 174 גר,גרמים,174.00,100 גרם,false,1,8.90,5.1149,true,1,253353
4009900479998,false,מסטיק אורביט אוכמניו,,,מסטיק אורביט אוכמניות 64 גר,Unknown,0.00,Unknown,false,1,10.00,0.0000,true,1,252738
4009900482417,false,מסטיק אורביט בבלמינט,,,מסטיק אורביט וויט באבל מינט 64 גר,Unknown,0.00,Unknown,false,1,10.00,0.0000,true,1,246360
4009900483803,false,מסטיק אירוובס בקבוק,,,מסטיק אורביט מנטה אקליפטוס 60 יח,Unknown,0.00,Unknown,false,1,13.90,0.0000,true,1,332927
4009900484060,false,אורביט פרופשיונל פפר,,,אורביט פרופשיונל פפרימנט60יח 84 גר,Unknown,0.00,Unknown,false,1,13.90,0.0000,true,1,247209
4009900484305,false,אורביט פרופשיונל סוו,,,אורביט פרופשיונל סוויטמינט 60יח 84 גר,Unknown,0.00,Unknown,false,1,13.90,0.0000,true,1,332916
4009900491044,false,מסטיק אירוובס בקבוק,,,מסטיק אורביט אירוובס אוכמניות 60 יח,Unknown,0.00,Unknown,false,1,13.90,0.0000,true,1,332928
4009900496247,false,מסטיק אורביט בבלמינט,,,מסטיק אורביט בבלמינט 60 יח,Unknown,0.00,Unknown,false,1,13.90,0.0000,true,1,332925
4009900500166,false,סוכריות סקיטלס 125 ג,,,סוכריות סקיטלס 125 גר,גרמים,125.00,100 גרם,false,1,8.90,7.1200,true,1,332931
4009900509770,false,אורביט תות בקבוק 60,,,אורביט תות בקבוק 60 יח,Unknown,0.00,Unknown,false,1,13.90,0.0000,true,1,332926
4009900512329,false,מסטיק פייב ספירמינט,,,מסטיק פייב ספירמינט בקבוק,Unknown,0.00,Unknown,false,1,10.00,0.0000,true,1,332938
4009900523288,false,מסטיק פייב תות בקבוק,,,מסטיק פייב תות בקבוק,Unknown,0.00,Unknown,false,1,10.00,0.0000,true,1,332939
4009900525138,false,מסטיק אורביט וויט תו,,,מסטיק אורביט וויט תות 64 גר,Unknown,0.00,Unknown,false,1,10.00,0.0000,true,1,332919
4009900531122,false,מסטיק אורביט פרופשונ,,,מסטיק אורביט פרופשונל ספירמינט,Unknown,0.00,Unknown,false,1,10.00,0.0000,true,1,332920
4009900531573,false,סוכריות סקיטלס סמודי,,,סוכריות סקיטלס סמודיס 174 גר,גרמים,174.00,100 גרם,false,1,8.90,5.1149,true,1,332936
4009900532327,false,סוכריות סקיטלס סמוד,,,סוכריות סקיטלס סמוד 38 גר,Unknown,0.00,Unknown,false,1,3.00,0.0000,true,1,332934
4009900534581,false,מסטיק איירוויבז טעם,,,מסטיק איירוויבז טעם דובדבן,Unknown,0.00,Unknown,false,1,10.00,0.0000,true,1,333452
4009900534611,false,מסטיק איירוויבז מלון,,,מסטיק איירוויבז מלון מנטה בקבוק,Unknown,0.00,Unknown,false,1,10.00,0.0000,true,1,332929
4009900534918,false,סוכריות סקיטלס ענקיו,,,סוכריות סקיטלס ענקיות פירות 141 גר,גרמים,141.00,100 גרם,false,1,8.90,6.3121,true,1,337859
4009900535519,false,מסטיק אורביט רפרשרס,מרס,PL,מסטיק אורביט רפרשרס ספירמינט אישי,Unknown,0.00,Unknown,false,16,3.90,0.0000,true,1,336385
4009900535540,false,מסטיק אורביט רפרשרס,מרס,PL,מסטיק אורביט רפרשרס פפירמינט אישי,Unknown,0.00,Unknown,false,16,3.90,0.0000,true,1,336386
4009900535823,false,מסטיק אורביט רפרשרס,מרס,PL,מסטיק אורביט רפרשרס באבלמינט אישי,Unknown,0.00,Unknown,false,16,3.90,0.0000,true,1,336387
4009900536288,false,מסטיק אורביט רפרשרס,מרס,PL,מסטיק אורביט רפרשרס פפירמנט בקבוקון 67 ג,Unknown,0.00,Unknown,false,6,11.90,0.0000,true,1,336383
4009900536486,false,מסטיק אורביט רפרשרס,מרס,PL,מסטיק אורביט רפרשרס באבלמינט בקבוקון67 ג,Unknown,0.00,Unknown,false,6,11.90,0.0000,true,1,336384
4009900539340,false,סוכריות סקיטלס ענקיו,,,סוכריות סקיטלס ענקיות חמוצות 141 גר,גרמים,141.00,100 גרם,false,1,8.90,6.3121,true,1,343376
4009900539401,false,מסטיק פייב באונס מנט,מרס,PL,מסטיק פייב באונס מנטה 14.4 גרם,Unknown,0.00,Unknown,false,16,3.90,0.0000,true,1,344946
4009900539432,false,מסטיק פייב באונס אבט,מרס,PL,מסטיק פייב באונס אבטיח 14.4 גרם,Unknown,0.00,Unknown,false,16,3.90,0.0000,true,1,344947
4009900539685,false,מסטיק פייב באונס מנט,מרס,PL,מסטיק פייב באונס מנטה בקבוקון 61.8 גרם,Unknown,0.00,Unknown,false,6,11.90,0.0000,true,1,344944
4009900539746,false,מסטיק פייב באונס אבט,מרס,PL,מסטיק פייב באונס אבטיח בקבוקון 61.8 גרם,Unknown,0.00,Unknown,false,6,11.90,0.0000,true,1,344945
4009900539807,false,מסטיק איירוויבז מנטה,,,מסטיק איירוויבז מנטה עדינה,Unknown,0.00,Unknown,false,1,10.00,0.0000,true,1,338874
4009900540551,false,מסטיק אורביט רפרשרס,מרס,PL,מסטיק אורביט רפרשרס טרופיקל 67 ג,Unknown,0.00,Unknown,false,6,11.90,0.0000,true,1,343995
4011100001220,false,חטיפי מיני מרס 408 ג,מרס,,חטיפי מיני מרס 408 ג בשקית,גרמים,403.00,100 גרם,false,1,19.90,4.9380,true,1,249331
4011100002227,false,חטיפי מיני באונטי403,מרס,,חטיפי מיני באונטי 408 ג בשקית,גרמים,403.00,100 גרם,false,1,19.90,4.9380,true,1,249330
4011800523916,false,חטיף קורני אוט קקאו,Schwartauer,,חטיף קורני אוט קקאו 4 יח 140 גרם,גרמים,140.00,100 גרם,false,1,11.90,8.5000,true,1,329948
4011800528416,false,חטיף קורני בייס מתוק,Schwartauer,,חטיף קורני ביס מתוק מלוח 6 יח 150 גרם,גרמים,150.00,100 גרם,false,1,11.90,7.9333,true,1,329947
4011800536022,false,חטיף קורני קראנץ שוק,Schwartauer,,חטיף קורני קראנץ שוקולד מריר 160 גר,גרמים,120.00,100 גרם,false,1,11.90,9.9167,true,1,328322
4011800567613,false,חטיף קורני מילק שוקו,Schwartauer,,חטיף קורני שוקוו וניל 4 יח 120 גר,גרמים,120.00,100 גרם,false,1,11.90,9.9167,true,1,251111
4011800568610,false,חטיף קורני מילק קלאס,Schwartauer,,חטיף קורני סנדוויץ קרם חלב4יח 120ג,גרמים,120.00,100 גרם,false,1,11.90,9.9167,true,1,251110
4011800577810,false,חטיף קורני פרי נוגט,Schwartauer,DE,חטיף קורני פרי נוגט 6 יח 150 גר,גרמים,150.00,100 גרם,false,10,11.90,7.9333,true,1,342454
4011800588311,false,חטיף קורני אנרגי אלמ,Schwartauer,DE,חטיף קורני אנרגי אלמונד 4 יח 100 גרם,גרמים,100.00,100 גרם,false,12,17.90,17.9000,true,1,338326
4011800628512,false,חטיף קורני בייס שוקו,Schwartauer,,חטיף קורני שוקולד חלב 6 יח 150 גר,גרמים,150.00,100 גרם,false,1,11.90,7.9333,true,1,249415
4011800629519,false,חטיף קורני בייס אגוז,Schwartauer,,חטיף קורני עם אגוזים 6 יח 150 גר,גרמים,150.00,100 גרם,false,1,11.90,7.9333,true,1,249419
4011800630515,false,חטיף קורני בייס שוקו,Schwartauer,,חטיף קורני שוק.חלב בננה 6 יח 150 גר,גרמים,150.00,100 גרם,false,1,11.90,7.9333,true,1,249416
4011800632519,false,חטיף קורני בייס קוקו,Schwartauer,,חטיף קורני קוקוס שוק.חלב 6 יח 150 גר,גרמים,150.00,100 גרם,false,1,11.90,7.9333,true,1,249418
4011800633516,false,חטיף קורני בייס שוקו,Schwartauer,,חטיף קורני שוקולד מריר 6 יח 138גר,גרמים,138.00,100 גרם,false,1,11.90,8.6232,true,1,249417
4011800635510,false,חטיף קורני פרי אגוז,Schwartauer,,חטיף קורני פרי אגוז שקד6 יח 120ג,גרמים,120.00,100 גרם,false,1,11.90,9.9167,true,1,249423
4011800636517,false,חטיף קורני פרי שוקול,Schwartauer,,חטיף קורני פרי שוקולד חלב6 יח 120ג,גרמים,120.00,100 גרם,false,1,11.90,9.9167,true,1,249421
4011800637514,false,חטיף קורני פרי שוקול,Schwartauer,,חטיף קורני פרי שוקולד לבן 6יח 120ג,גרמים,120.00,100 גרם,false,1,11.90,9.9167,true,1,249422
4011800638511,false,חטיף קורני פרי יוגור,Schwartauer,,חטיף קורני פרי יוגורט 6 יח 120ג,גרמים,120.00,100 גרם,false,1,11.90,9.9167,true,1,249424
4012273123009,false,קרם ידיים ניוטרוגינה,,,קרם ידיים ניוטרוגינה נורבגית 50מל,Unknown,0.00,Unknown,false,1,25.90,0.0000,true,1,336241
4013044100007,false,אבקת אפיה אורגנית 84,,DE,אבקת אפיה אורגנית 84 גר ליקרס,יחידה,1.00,יחידה,false,12,7.90,7.9000,true,1,329086
4013044100052,false,מייצב לקציפות אורגני,,DE,מייצב לקציפות אורגני 32 גר,יחידה,1.00,יחידה,false,15,5.90,5.9000,true,1,329088
4013044100106,false,שמרים יבשים אורגניים,,DE,שמרים יבשים אורגניים 36 גר ליקרס,יחידה,1.00,יחידה,false,10,14.90,14.9000,true,1,329087
4013044100182,false,מקריש צמחי טבעי אורג,,DE,מקריש צמחי טבעי אורגני 30 גר ליקרס,יחידה,1.00,יחידה,false,15,18.90,18.9000,true,1,329089
4013092000717,false,ליקר בד אפל 700 מל,,,ליקר תפוחים באד אפפל 700 מל פיקדון,מיליליטרים,700.00,"100 מ""ל",false,1,99.90,14.2714,true,1,238058
4013227013391,false,ליקר אוטום קרים 700,קוימנס רויאל,,ליקר אוטום קרים 700 מל פקדון,מיליליטרים,700.00,"100 מ""ל",false,1,50.00,7.1429,true,1,245987
4013227013414,false,ליקר פינה קולדה 70 7,קוימנס רויאל,,ליקר פינה קולדה 70 750 מל פיקדון,מיליליטרים,750.00,"100 מ""ל",false,1,45.00,6.0000,true,1,245986
4014086024245,false,בירה חיטה גרלסבורג,קוניגסבכר,DE,בירה חיטה גרלסבורג 500 מל בפחית (צהוב),מיליליטרים,500.00,"100 מ""ל",false,24,7.90,1.5800,true,1,254415
4014388000213,false,בירה רדברגר 500 מל,,,בירה רדברגר 500 מל 4.8% פקדון פחית,מיליליטרים,500.00,"100 מ""ל",false,1,8.90,1.7800,true,1,326650
4014400900217,false,בונבוניירה מרסי 400,,,בונבוניירה מרסי 400 גרם,גרמים,400.00,100 גרם,false,1,47.90,11.9750,true,1,230594
4014400901191,false,בונבוניירה מרסי 250,,,בונבוניירה מרסי 250 גרם,גרמים,250.00,100 גרם,false,1,25.90,10.3600,true,1,229191
4014400901405,false,בונבוניירה מרסי חלב,,,בונבוניירה מרסי חלב 250 גרם,גרמים,250.00,100 גרם,false,1,25.90,10.3600,true,1,233145
4014400901412,false,בונבוניירה מרסי מריר,,,בונבוניירה מרסי מריר 250 גרם,גרמים,250.00,100 גרם,false,1,25.90,10.3600,true,1,233146
4014400903409,false,בונבוניירה טופיפי 25,,,בונבוניירה טופיפי 250 גרם,גרמים,250.00,100 גרם,false,1,24.90,9.9600,true,1,228519
4014400904277,false,סוכריות אייס פרש 425,,,סוכריות אייס פרש 425 ג שקית,גרמים,425.00,100 גרם,false,1,15.90,3.7412,true,1,230922
4014400904307,false,סוכריות קליפורניה 42,,,סוכריות קליפורניה 425 ג שקית,גרמים,425.00,100 גרם,false,1,15.90,3.7412,true,1,229726
4014400904376,false,סוכריות שוקולדן 325,,,סוכריות שוקולדן 325 ג שקית,גרמים,325.00,100 גרם,false,1,15.90,4.8923,true,1,228520
4014400904390,false,סוכריות וולמיש 325 ג,,,סוכריות וולמיש 325 ג שקית,גרמים,325.00,100 גרם,false,1,15.90,4.8923,true,1,228521
4014400907902,false,סוכ.וורטר ללא סוכר 4,,,סוכ.וורטר ללא סוכר 42 גר בקופסא,Unknown,0.00,Unknown,false,1,6.90,0.0000,true,1,238727
4014400909692,false,סוכ.וורטר קפה ללא סו,,,סוכ.וורטר קפה ללא סוכר 42 גר בקופסא,Unknown,0.00,Unknown,false,1,6.90,0.0000,true,1,242174
4014400910063,false,סוכריות וורטר 135 גר,,,סוכריות וורטר 135 גר בשקית,גרמים,135.00,100 גרם,false,1,9.90,7.3333,true,1,238780
4014400913910,false,סוכריות וורטר מילוי,,,סוכריות וורטר מילוי קרמל 125גר שקית,גרמים,125.00,100 גרם,false,1,9.90,7.9200,true,1,251219
4014400914269,false,שוקולד מרסי קרם קפה,שטורק,DE,שוקולד מרסי קרם קפה 100 גרם,גרמים,100.00,100 גרם,false,15,10.90,10.9000,true,1,338219
4014400914276,false,שוקולד מרסי 72% מרי,שטורק,DE,שוקולד מרסי 72% מריר 100 גרם,גרמים,100.00,100 גרם,false,15,10.90,10.9000,true,1,308126
4014400914696,false,סוכריות וורטר ללא סו,,,סוכריות וורטר ללא סוכר 80גר בשקית,גרמים,80.00,100 גרם,false,1,9.90,12.3750,true,1,239449
4014400914924,false,סוכריות וורטר קפה לל,,,סוכריות וורטר קפה ללא סוכר 80גר בשקית,גרמים,80.00,100 גרם,false,1,9.90,12.3750,true,1,239424
4014400920857,false,סוכריות וורטר שוקולד,,,סוכריות וורטר שוקולד ל.סוכר70גר,Unknown,0.00,Unknown,false,1,9.90,0.0000,true,1,255584
4014400923711,false,בונבוניירה טופיפי 12,שטורק,,בונבוניירה טופיפי 125 גרם,גרמים,125.00,100 גרם,false,1,14.00,11.2000,true,1,312822
4014400925319,false,פופקורן וורטר עם קרמ,שטורק,DE,פופקורן וורטר עם קרמל 140 גרם,גרמים,140.00,100 גרם,false,12,15.90,11.3571,true,1,332862
4014400929010,false,וופל מימי קנופרס איש,שטורק,DE,וופל מימי קנופרס אישי 200 גרם 20 יח,גרמים,200.00,100 גרם,false,12,19.90,9.9500,true,1,345088
4014400931327,false,פופקורן וורטר עם קרמ,שטורק,DE,פופקורן וורטר עם קרמל וגרעינים 140 גרם,גרמים,140.00,100 גרם,false,12,15.90,11.3571,true,1,344287
4014522120104,false,סוכריות טעם פירות לל,,,סוכריות טעם פירות ללא סוכר בודטה 100גר,גרמים,100.00,100 גרם,false,18,8.90,8.9000,true,1,329869
4014522120203,false,סוכריות טעם דובדבן ל,,,סוכריות טעם דובדבן ללא סוכר בודטה 100גר,גרמים,100.00,100 גרם,false,18,8.90,8.9000,true,1,329870
4014522120302,false,סוכריות טעם מנטה ללא,,,סוכריות טעם מנטה ללא סוכר בודטה 100גר,גרמים,100.00,100 גרם,false,18,8.90,8.9000,true,1,329871
4014600397381,false,סוכריות וולמינט אבטי,רגולדס ג'י.אמ.בי.איי,DE,סוכריות וולמיט אבטיח ל.ס 20 גר,Unknown,0.00,Unknown,false,1,7.90,0.0000,true,1,319014
4014600397626,false,סוכריות וולמינט לימו,רגולדס ג'י.אמ.בי.איי,DE,סוכריות וולמינט לימון ל.ס 20 גר,Unknown,0.00,Unknown,false,1,7.90,0.0000,true,1,319015
4014600397633,false,סוכריות וולמינט מנטה,רגולדס ג'י.אמ.בי.איי,DE,סוכריות וולמיט מנטה ל.ס 20 גר,Unknown,0.00,Unknown,false,1,7.90,0.0000,true,1,319013
4014600397640,false,סוכריות וולמינט מנטה,רגולדס ג'י.אמ.בי.איי,DE,סוכריות וולמיט מנטה ל.ס 20 גר,Unknown,0.00,Unknown,false,1,7.90,0.0000,true,1,319012
4015000031394,false,ספטיל שפורפרת להסרת,,,ספטיל שפורפרת להסרת כתמים,Unknown,0.00,Unknown,false,1,15.90,0.0000,true,1,228522
4015000280211,false,דאו פה רול און קאריב,שוורצקופף והנקל,DE,פה דאודורנט רולאון קריביאן למון 50 מל לא,מיליליטרים,50.00,"100 מ""ל",false,6,11.90,23.8000,true,1,228523
4015000280372,false,דאו פה רול און ספורט,שוורצקופף והנקל,DE,פה דאודורנט רולאון ספורט 50 מל לגבר,מיליליטרים,50.00,"100 מ""ל",false,6,11.90,23.8000,true,1,228524
4015000519915,false,דאו פה ספריי ספייסי,שוורצקופף והנקל,DE,פה דאודורנט ספריי פינק פשיין 200 מל לאשה,מיליליטרים,200.00,"100 מ""ל",false,12,11.90,5.9500,true,1,233616
4015000537049,false,מרכך גליס אקספרס שיק,הנקל סוד,SI,מרכך גליס אקספרס שיקום עמוק 200 מל,מיליליטרים,200.00,"100 מ""ל",false,6,24.90,12.4500,true,1,236028
4015000615884,false,דאו פה ספריי קריביאן,שוורצקופף והנקל,DE,פה דאודורנט ספריי קריביאן למון 200 מל לא,מיליליטרים,200.00,"100 מ""ל",false,12,11.90,5.9500,true,1,228525
4015000615891,false,דאו פה ספריי כחול 20,שוורצקופף והנקל,DE,פה דאודורנט ספריי אקווה 200 מל לאשה,מיליליטרים,200.00,"100 מ""ל",false,12,11.90,5.9500,true,1,228526
4015000615921,false,דאו פה ספריי שחור לג,שוורצקופף והנקל,DE,פה דאודורנט ספריי ספורט 200 מל לגבר,מיליליטרים,200.00,"100 מ""ל",false,12,11.90,5.9500,true,1,228527
4015000940948,false,מרכך שיער גליס אולטי,,,מרכך שיער גליס אולטימטיבי 400 מל,מיליליטרים,400.00,"100 מ""ל",false,1,16.90,4.2250,true,1,240643
4015000940955,false,שמפו גליס אולטימט רי,שוורצקופף והנקל,DE,גליס שמפו אולטימיט ריפייר 400 מל,מיליליטרים,400.00,"100 מ""ל",false,12,16.90,4.2250,true,1,240642
4015000976268,false,שמפו גליס מליון גלוס,שוורצקופף והנקל,DE,גליס שמפו מיליון גלוס 400 מל,מיליליטרים,400.00,"100 מ""ל",false,12,16.90,4.2250,true,1,304945
4015000976275,false,מרכך גליס מליון גלוס,שוורצקופף והנקל,DE,גליס מרכך מיליון גלוס 400 מל,מיליליטרים,400.00,"100 מ""ל",false,6,16.90,4.2250,true,1,252524
4015000995122,false,דאו פה ספריי לגבר 20,שוורצקופף והנקל,,דאו פה ספריי לגבר 200 מל,מיליליטרים,200.00,"100 מ""ל",false,1,11.90,5.9500,true,1,308146
4015000996204,false,שמפו גליס אולטימט שמ,שוורצקופף והנקל,DE,גליס שמפו שמן אליקסייר 400 מל,מיליליטרים,400.00,"100 מ""ל",false,12,16.90,4.2250,true,1,245962
4015000996273,false,מרכך גליס אולטימט שמ,שוורצקופף והנקל,,מרכך גליס אולטימט שמן אליקסר 400 מל,מיליליטרים,400.00,"100 מ""ל",false,1,16.90,4.2250,true,1,245963
4015000997430,false,דאו פה ספריי ספורט ל,הנקל סוד,DE,דאו פה ספריי ספורט ללא סימן 200 מל,מיליליטרים,200.00,"100 מ""ל",false,12,11.90,5.9500,true,1,245956
4015100011050,false,דאו פה רול און דריי,שוורצקופף והנקל,,דאו פה רול און דריי פרוטקט כותנה 50 מל,מיליליטרים,50.00,"100 מ""ל",false,1,11.90,23.8000,true,1,313278
4015100190762,false,מסכת שיער גליס 300מל,שוורצקופף והנקל,,מסכת שיער גליס 300מל שיקום שמן אלקסיר,מיליליטרים,300.00,"100 מ""ל",false,6,24.90,8.3000,true,1,318386
4015100190786,false,מסכת שיער גליס 300מל,שוורצקופף והנקל,,מסכת שיער גליס 300מל סרום שיקום עמוק,מיליליטרים,300.00,"100 מ""ל",false,6,24.90,8.3000,true,1,318387
4015100190793,false,מסכת שיער גליס 300מל,שוורצקופף והנקל,,מסכת שיער גליס 300מל שיקום אולטימטיבי,מיליליטרים,300.00,"100 מ""ל",false,6,24.90,8.3000,true,1,318385
4015100204087,false,ספריי שיער סאיוס סלו,מריבור,,ספריי שיער סאיוס סלון פלקס 400 מל,מיליליטרים,400.00,"100 מ""ל",false,1,24.90,6.2250,true,1,324138
4015100297928,false,מרכך גליס אקספרס משק,הנקל סוד,,מרכך גליס אקספרס משקם ביוטק 200 מל,מיליליטרים,200.00,"100 מ""ל",false,1,24.90,12.4500,true,1,330608
4015100298000,false,מסכת שיער גליס 300מל,שוורצקופף והנקל,,מסכת שיער גליס 300מל ביוטק,מיליליטרים,300.00,"100 מ""ל",false,1,24.90,8.3000,true,1,330611
4015100438055,false,צבע לשיער פאלטה דה ל,,,צבע לשיער פאלטה דה לוקס קיט בלונד בינוני,יחידה,1.00,יחידה,false,1,29.90,29.9000,true,1,336803
4015100438079,false,צבע לשיער פאלטה דה ל,,,צבע לשיער פאלטה דה לוקס קיט בלונד בהיר,יחידה,1.00,יחידה,false,1,29.90,29.9000,true,1,336805
4015100438192,false,צבע לשיער פאלטה דה ל,,,צבע לשיער פאלטה דה לוקס קיט בלונד זהוב,יחידה,1.00,יחידה,false,1,29.90,29.9000,true,1,336804
4015100438239,false,צבע לשיער פאלטה דה ל,,,צבע לשיער פאלטה דה לוקס קיט קרמל,יחידה,1.00,יחידה,false,1,29.90,29.9000,true,1,336802
4015400269793,false,טמפון טמפקס פרל סופר,פרוקטר אנד גמבל,HU,טמפקס פרל סופר 18 יח,יחידה,20.00,יחידה,false,1,25.90,1.2950,true,1,239818
4015400564034,false,מגן תחתון אולדייז מג,פרוקטר אנד גמבל,,מגן תחתון אולדייז מגה פק לונג פלוס 58 יח,יחידה,58.00,יחידה,false,1,17.90,0.3086,true,1,245508
4015400564454,false,מגן תחתון אולדייז מג,פרוקטר אנד גמבל,,מגן תחתון אולדייז מגה פק לארג 68 יח,יחידה,68.00,יחידה,false,1,17.90,0.2632,true,1,245507
4015400629368,false,תחבושות אולוויז דיסק,,,תחבושות אולוויז דיסקרט סמול פלוס 16יח,יחידה,16.00,יחידה,false,1,19.90,1.2437,true,1,324412
4015400681670,false,תחבושות אולוויז לילה,,,תחבושות אולוויז לילה בטוח 18 יח,יחידה,18.00,יחידה,false,1,17.90,0.9944,true,1,305433
4015400690313,false,טמפון טמפקס פרל רגול,פרוקטר אנד גמבל,HU,טמפון טמפקס פרל רגולר 18 יח,יחידה,18.00,יחידה,false,8,25.90,1.4389,true,1,311630
4015400690405,false,טמפון טמפקס פרל סופר,פרוקטר אנד גמבל,HU,טמפון טמפקס פרל סופר 18 יח,יחידה,18.00,יחידה,false,8,25.90,1.4389,true,1,311631
4015400690498,false,טמפון טמפקס פרל סופר,פרוקטר אנד גמבל,HU,טמפון טמפקס פרל סופר פלוס 18 יח,יחידה,18.00,יחידה,false,8,25.90,1.4389,true,1,311632
4015400731719,false,תחבושות אולוויז לילה,p&G,,תחבושות אולוויז לילה דואו 20 יח,יחידה,20.00,יחידה,false,1,17.90,0.8950,true,1,309916
4015400746812,false,מגן תחתון אולדייז מג,פרוקטר אנד גמבל,,מגן תחתון אולדייז מגה פק נורמל 80 יח,יחידה,80.00,יחידה,false,1,17.90,0.2237,true,1,310533
4015400755241,false,תחבושות אולוויז נורמ,p&G,,תחבושות אולוויז נורמל פלוס דואו 28 יח,יחידה,28.00,יחידה,false,1,17.90,0.6393,true,1,309917
4015400824701,false,טמפקס פלאש רגיולר 30,פרוקטר אנד גמבל,HU,טמפקס רגולר 30 יחידות,יחידה,30.00,יחידה,false,1,34.90,1.1633,true,1,228528
4015400824725,false,טמפקס פלאש סופר 30 י,פרוקטר אנד גמבל,HU,טמפקס סופר 30 יחידות,יחידה,30.00,יחידה,false,1,34.90,1.1633,true,1,228529
4015400824749,false,טמפקס פלאש סופר פלוס,פרוקטר אנד גמבל,HU,טמפקס פלאש סופר פלוס 30יחידות,יחידה,30.00,יחידה,false,1,34.90,1.1633,true,1,228530
4015400871156,false,קפסולות לכביסה אריאל,פרוקטר אנד גמבל,FR,קפסולות לכביסה אריאל 35 יח,יחידה,35.00,יחידה,false,3,44.90,1.2829,true,1,332646
4015600762742,false,שמפו הד אנד שולדרס ק,פרוקטר אנד גמבל,,שמפו הד אנד שולדרס קלאסי 500 מל,מיליליטרים,500.00,"100 מ""ל",false,1,24.90,4.9800,true,1,246976
4015600762780,false,שמפו הד אנד שולדרס 2,פרוקטר אנד גמבל,,שמפו הד אנד שולדרס 2ב1 קלאסי 500 מל,מיליליטרים,500.00,"100 מ""ל",false,1,24.90,4.9800,true,1,246977
4015600762902,false,שמפו הד אנד שולדרס מ,פרוקטר אנד גמבל,,שמפו הד אנד שולדרס מנטול 500מל,מיליליטרים,500.00,"100 מ""ל",false,1,24.90,4.9800,true,1,247625
4015600762940,false,שמפו הד אנד שולדרס ת,,,שמפו הד אנד שולדרס תפוח 500מל,מיליליטרים,500.00,"100 מ""ל",false,1,24.90,4.9800,true,1,247616
4015600763022,false,שמפו הד אנד שולדרס מ,,,שמפו הד אנד שולדרס מגע משי 500מל,מיליליטרים,500.00,"100 מ""ל",false,1,24.90,4.9800,true,1,248867
4015600766900,false,שמפו הד אנד שולדרס 2,,,שמפו הד אנד שולדרס 2ב1 ממנטול 500 מל,מיליליטרים,500.00,"100 מ""ל",false,1,24.90,4.9800,true,1,253739
4015600807436,false,דאודורנט גילט פאוור,פרוקטר אנד גמבל,,דאודורנט גילט פאוור בידס 75מל קול וואייב,Unknown,0.00,Unknown,false,1,27.90,0.0000,true,1,327544
4015600807573,false,דאודורנט גילט פאוור,פרוקטר אנד גמבל,,דאודורנט גילט פאוור בידס 75מל פאור ראש,Unknown,0.00,Unknown,false,1,27.90,0.0000,true,1,327545
4017100110016,false,ביסקויט ליבניז קקאו,,DE,ביסקויט ליבניז קקאו חמאה 200 גרם,גרמים,200.00,100 גרם,false,6,9.90,4.9500,true,1,342618
4017100122910,false,ביסקויט ליבניז חמאה,,DE,ביסקויט ליבניז חמאה מופחת סוכר 150 גרם,גרמים,150.00,100 גרם,false,6,9.90,6.6000,true,1,342619
4017100198151,false,ביסקויט היט סנדוויץ,,,ביסקויט היט סנדוויץ וניל 220 גר,גרמים,220.00,100 גרם,false,1,7.90,3.5909,true,1,255656
4017100219900,false,גלילי וופלטן שוקולד,,,גלילי וופלטן שוקולד חלב 100 גר,גרמים,100.00,100 גרם,false,1,9.90,9.9000,true,1,228535
4017100280207,false,מארז 3 יח בלזן פיק א,,,מארז 3 יח בלזן פיק אפ 84 גרם,Unknown,0.00,Unknown,false,1,6.90,0.0000,true,1,342352
4017100290008,false,ביסקויט בלזן שוקולד,בלזן פולסקה,,ביסקויט ליבניץ שוקולד חלב 125 גר,גרמים,125.00,100 גרם,false,1,9.90,7.9200,true,1,228536
4017100290503,false,ביסקויט בלזן שוקולד,בלזן פולסקה,,ביסקויט בלזן שוקולד חלב תפוז 125 גר,גרמים,125.00,100 גרם,false,1,9.90,7.9200,true,1,344839
4017100291005,false,ביסקויט בלזן שוקולד,בלזן פולסקה,,עוגיות ליבניץ שוקולד מריר 125 גר,גרמים,125.00,100 גרם,false,1,9.90,7.9200,true,1,228537
4017100364112,false,ביסקויט היט סנדוויץ,,,ביסקויט היט סנדוויץ קקאו 220 גר,גרמים,220.00,100 גרם,false,1,7.90,3.5909,true,1,254680
4018093311121,false,מנדולינה מקורית וי3,,,מנדולינה מקורית וי3 ברונר+סכין ציפס לבן,יחידה,1.00,יחידה,false,1,119.90,119.9000,true,1,345852
4018093361126,false,מנדולינה מקורית וי3,,,מנדולינה מקורית וי3 ברונר+סכין ציפס אדום,יחידה,1.00,יחידה,false,1,119.90,119.9000,true,1,345853
4018344564610,false,פילה הרינג לארסן רוט,,LV,פילה הרינג לארסן רוטב עגבניות 200 גרם,גרמים,200.00,100 גרם,false,8,9.90,4.9500,true,1,346283
4018344564627,false,פילה הרינג לארסן רוט,,LV,פילה הרינג לארסן רוטב פלפל 200 גרם,גרמים,200.00,100 גרם,false,8,9.90,4.9500,true,1,346284
4018344564634,false,פילה הרינג לארסן רוט,,LV,פילה הרינג לארסן רוטב מנגו פלפל 200 גרם,גרמים,200.00,100 גרם,false,8,9.90,4.9500,true,1,346285
4018344564641,false,פילה הרינג לארסן רוט,,LV,פילה הרינג לארסן רוטב חרדל שמיר 200 גרם,גרמים,200.00,100 גרם,false,8,9.90,4.9500,true,1,346286
4018344564665,false,פילה הרינג לארסן רוט,,LV,פילה הרינג לארסן רוטב בלקאני 200 גרם,גרמים,200.00,100 גרם,false,8,9.90,4.9500,true,1,346287
4018344564672,false,פילה הרינג לארסן רוט,,LV,פילה הרינג לארסן רוטב מקסיקני 200 גרם,גרמים,200.00,100 גרם,false,8,9.90,4.9500,true,1,346288
4018344564689,false,פילה הרינג לארסן רוט,,LV,פילה הרינג לארסן רוטב איטלקי 200 גרם,גרמים,200.00,100 גרם,false,8,9.90,4.9500,true,1,346289
4018722100133,false,אלב גולד אטריות כוסמ,אלב גולד,DE,אלב גולד אטריות כוסמין וביצים אורגני 250,גרמים,250.00,100 גרם,false,12,15.90,6.3600,true,1,328063
4018722100157,false,אלב גולד פוזילי כוסמ,אלב גולד,DE,אלב גולד פוזילי כוסמין מלא 250 גר,גרמים,250.00,100 גרם,false,12,11.90,4.7600,true,1,328069
4018722102656,false,אלב גולד ספגטי כוסמי,אלב גולד,DE,אלב גולד ספגטי כוסמין אורגני 500 גר,גרמים,500.00,100 גרם,false,10,16.90,3.3800,true,1,328066
4019400444075,false,שוקולד הלורן ממולא ס,HALLOREN,,שוקולד הלורן ממולא סקוטש ויסקי 150 גרם,גרמים,150.00,100 גרם,false,1,11.90,7.9333,true,1,310817
4019400444464,false,בונ. ברנדי+שרי ברנדי,,,שוקולד הלורן ממולא שרי ברנדי 150 גרם,גרמים,150.00,100 גרם,false,1,11.90,7.9333,true,1,329610
4022025000137,false,יין בלו נאן גוורצטרמ,,,יין בלו נאן גוורצטרמינר,מיליליטרים,750.00,"100 מ""ל",false,1,45.00,6.0000,true,1,238921
4022025000236,false,יין בלו נאן אותנטיק,בלו נאן,,יין בלו נאן אותנטיק 1 ליטר,ליטרים,1.00,ליטר,false,1,45.00,45.0000,true,1,306721
4022025262009,false,יין בלו נאן לבן כשר,בלו נאן,,יין בלו נאן לבן כשר 750 מל,מיליליטרים,750.00,"100 מ""ל",false,1,60.00,8.0000,true,1,313045
4022025371039,false,יין בלו נאן בלו לבן,בלו נאן,,יין בלו נאן בלו לבן מבעבע 750 מל,מיליליטרים,750.00,"100 מ""ל",false,1,60.00,8.0000,true,1,306742
4022025372036,false,יין בלו נאן מבעבע יב,,,יין בלו נאן מבעבע יבש 750 מל פקדון,מיליליטרים,750.00,"100 מ""ל",false,1,60.00,8.0000,true,1,234627
4022025379035,false,יין בלו נאן רוזה מבע,בלו נאן,,יין בלו נאן רוזה מבעבע 750 מל,מיליליטרים,750.00,"100 מ""ל",false,1,60.00,8.0000,true,1,334671
4022025390030,false,יין בלו נאן ריזלינג,לנגוט,,יין בלו נאן ריזלינג 750 מל,מיליליטרים,750.00,"100 מ""ל",false,1,45.00,6.0000,true,1,308425
4022025773000,false,יין בלו נאן מוסקטו כ,,,יין בלו נאן מוסקטו כשר 750 מל,מיליליטרים,750.00,"100 מ""ל",false,1,45.00,6.0000,true,1,347379
4022214161137,false,יין ריזלינג דר לוסן,,,יין ריזלינג דר לוסן די אר אל 750 מל,מיליליטרים,750.00,"100 מ""ל",false,12,60.00,8.0000,true,1,336834
4022391198315,false,יין מרקוס מוליטור הא,,,יין מרקוס מוליטור האוס פינו בלאן 750 מל,מיליליטרים,750.00,"100 מ""ל",false,1,80.00,10.6667,true,1,329424
4023800012109,false,מרציפן שלוקוורד מצופ,,DE,מרציפן שלוקוורד מצופה 100 גרם,גרמים,100.00,100 גרם,false,20,7.90,7.9000,true,1,336937
4023800231647,false,בונבוניירה מוצרט קוג,,,בונבוניירה מוצרט קוגל 200 גר,גרמים,200.00,100 גרם,false,1,19.90,9.9500,true,1,328537
4023800531648,false,בונבוניירה מוצרט קוג,,,בונבוניירה מוצרט קוגל קארסטנז 200 גרם,גרמים,200.00,100 גרם,false,1,15.90,7.9500,true,1,346856
4023800592120,false,מרציפן שלוקוורד מצופ,,DE,מרציפן שלוקוורד מצופה עם אננס 125 גרם,גרמים,125.00,100 גרם,false,20,8.90,7.1200,true,1,347201
4023800792124,false,מרציפן שלוקוורד מצופ,,DE,מרציפן שלוקוורד מצופה עם אגוז 125 גרם,גרמים,125.00,100 גרם,false,20,8.90,7.1200,true,1,347202
4025700001962,false,שוקולד מילקה לבן 100,מונדליז,,שוקולד מילקה לבן 100 גרם,גרמים,100.00,100 גרם,false,1,6.90,6.9000,true,1,331776
4028208000284,false,נייר פילטר מס 4 ברגי,Melitta Kaffee GmbH,,נייר פילטר מס 4 ברגיטה 80 יח,יחידה,80.00,יחידה,false,1,14.50,0.1813,true,1,234311
4030300001670,false,סוכריות סאלוס ליקריץ,,,סוכריות סאלוס ליקריץ אספרסו 135 גרם,גרמים,135.00,100 גרם,false,18,9.90,7.3333,true,1,344813
4030300022057,false,סוכריות וויקס עם שמן,,,סוכריות וויקס עם שמן אקליפטוס ללס 72 גר,Unknown,0.00,Unknown,false,20,10.90,0.0000,true,1,343287
4030300022064,false,סוכריות וויקס עם דוב,,,סוכריות וויקס עם דובדבן ללס 72 גר,Unknown,0.00,Unknown,false,20,10.90,0.0000,true,1,343286
4030300022088,false,סוכריות וויקס לימון,,,סוכריות וויקס לימון ומנטה ללס 72 גר,Unknown,0.00,Unknown,false,20,10.90,0.0000,true,1,343288
4030300022811,false,סוכריות סאלוס ליקריץ,,,סוכריות סאלוס ליקריץ דובדבן 135 גרם,גרמים,135.00,100 גרם,false,15,9.90,7.3333,true,1,344814
4037400001036,false,לקריץ קטיאס חתולים 2,,DE,לקריץ קטיאס חתולים 200 גרם,גרמים,200.00,100 גרם,false,12,9.90,4.9500,true,1,347300
4037400002033,false,לקריץ קטיאס כובעים 2,,DE,לקריץ קטיאס כובעים 200 גרם,גרמים,200.00,100 גרם,false,12,9.90,4.9500,true,1,347299
4037400344348,false,לקריץ קטיאס וונדר לנ,,DE,לקריץ קטיאס וונדר לנד פארטי 200 גרם,גרמים,200.00,100 גרם,false,12,9.90,4.9500,true,1,347301
4037400401553,false,לקריץ קטיאס חזירונים,,DE,לקריץ קטיאס חזירונים 200 גרם,גרמים,200.00,100 גרם,false,12,9.90,4.9500,true,1,338264
4037400431512,false,לקריץ קטיאס ארנבונים,,DE,לקריץ קטיאס ארנבונים 200 גרם,גרמים,200.00,100 גרם,false,12,9.90,4.9500,true,1,338263
4037400431703,false,לקריץ קטיאס וונדר לנ,,DE,לקריץ קטיאס וונדר לנד כחול 200 גרם,גרמים,200.00,100 גרם,false,12,9.90,4.9500,true,1,338265
4037400433042,false,לקריץ קטיאס וונדר לנ,,DE,לקריץ קטיאס וונדר לנד ורוד 200 גרם,גרמים,200.00,100 גרם,false,12,9.90,4.9500,true,1,338266
4037719066009,false,סוכריות פירות 966גר,,,סוכריות פירות 966גר בצנצנת,גרמים,966.00,100 גרם,false,1,36.90,3.8199,true,1,239153
4037719066962,false,סוכריות טעם מנגו קיו,,,סוכריות טעם מנגו קיווי בפחית 200 גר,גרמים,200.00,100 גרם,false,1,10.90,5.4500,true,1,333529
4037719066986,false,סוכריות פירות טרופיי,,,סוכריות פירות טרופייםבפחית 200 גר,גרמים,200.00,100 גרם,false,1,10.90,5.4500,true,1,333530
4037719657290,false,סוכריות פירות 300 גר,,,סוכריות פירות 300 גר צנצנת,גרמים,300.00,100 גרם,false,1,19.90,6.6333,true,1,238976
4037719680212,false,סוכריות טעם תות שדה,,,סוכריות טעם תות שדה בפחית 200 גר,גרמים,200.00,100 גרם,false,1,10.90,5.4500,true,1,243295
4044889000054,false,שוקולד ויואני 85% מר,,,שוקולד ויואני 85% מריר אורגני 100 גרם,גרמים,100.00,100 גרם,false,1,16.90,16.9000,true,1,318142
4044889000610,false,שוקולד ויואני 70% אק,,,שוקולד ויואני 70% אקוודור אורגני 100 גרם,גרמים,100.00,100 גרם,false,1,16.90,16.9000,true,1,318140
4044889002119,false,שוקולד ויואני 70% מר,,,שוקולד ויואני 70% מריר אורגני 100 גרם,גרמים,100.00,100 גרם,false,1,16.90,16.9000,true,1,318139
4044889002249,false,שוקולד ויואני 92% מר,,,שוקולד ויואני 92% מריר אורגני 80 גרם,Unknown,0.00,Unknown,false,1,16.90,0.0000,true,1,318143
4044889002904,false,שוקולד ויואני 99% מר,,,שוקולד ויואני 99% מריר אורגני 80 גרם,Unknown,0.00,Unknown,false,1,16.90,0.0000,true,1,318141
4044889003192,false,שוקולד ויואני מריר,,,שוקולד ויואני מריר אגוזים אורגני 100 גר,גרמים,100.00,100 גרם,false,1,16.90,16.9000,true,1,328855
4044889004106,false,שוקולד ויואני 100% מ,,,שוקולד ויואני 100% מריר אורגני 100 גרם,גרמים,80.00,100 גרם,false,1,16.90,21.1250,true,1,332517
4044889004335,false,שוקולד ויואני 62% מר,,,שוקולד ויואני 62% מריר אורגני קרמל 100גר,גרמים,100.00,100 גרם,false,1,16.90,16.9000,true,1,343006
4044889004342,false,שוקולד ויואני 75% מר,,,שוקולד ויואני 75% מריר אורגני מלח 80 גר,גרמים,80.00,100 גרם,false,1,16.90,21.1250,true,1,343008
4045787068436,false,צבע לשיער אינדולה פר,הנקל סוד,DE,צבע לשיער אינדולה פרוטאין קולור נחושת,Unknown,0.00,Unknown,false,60,15.00,0.0000,true,1,254349
4045787068504,false,צבע לשיער אינדולה פר,הנקל סוד,DE,צבע לשיער אינדולה פרוטאין קולור פקאן,Unknown,0.00,Unknown,false,60,15.00,0.0000,true,1,254354
4046719114306,false,דבק רב שימושי בשפופר,3m,,דבק רב שימושי בשפופרת 30 מל,יחידה,1.00,יחידה,false,1,16.90,16.9000,true,1,306558
4046719603237,false,ספוגיות מתכת סקוטש ב,3m,CN,ספוגיות מתכת סקוטש ברייט אל חלד 2יח,יחידה,2.00,יחידה,false,24,8.90,4.4500,true,1,329779
4052197000017,false,בירה בנדיקטינר 500מל,בנדקטינר,,בירה בנדיקטינר 500מל פקדון בקבוק,מיליליטרים,500.00,"100 מ""ל",false,1,12.90,2.5800,true,1,310583
4052197000352,false,בירה בנדיקטינר 330מל,בנדקטינר,,בירה בנדיקטינר 330מל פקדון בקבוק,מיליליטרים,330.00,"100 מ""ל",false,1,8.90,2.6970,true,1,310584
4052197000925,false,בירה בנדקטינר כהה דו,בנדקטינר,,בירה בנדקטינר כהה דונקל 500מל פקדון בקבו,מיליליטרים,500.00,"100 מ""ל",false,1,12.90,2.5800,true,1,310588
4052197001281,false,בירה בנדקטינר 500 מל,בנדקטינר,DE,בירה בנדקטינר 500 מל פקדון פחית,מיליליטרים,500.00,"100 מ""ל",false,24,10.00,2.0000,true,1,310589
4052197002806,false,מארז 4יח בירה בנדקטי,בנדקטינר,,מארז 4יח בירה בנדקטינר 500 מל פקדון פחית,ליטרים,2.00,ליטר,false,1,34.30,17.1500,true,1,313107
4052197004459,false,בירה בנדקטינר דונקל,בנדקטינר,,בירה בנדקטינר דונקל 500 מל פקדון פחית,מיליליטרים,500.00,"100 מ""ל",false,1,10.00,2.0000,true,1,338004
4053700288205,false,ויט קרם הסרת שיער לע,רקיט בנקיזר צרפת,,ויט קרם הסרת שיער לעור עדין,Unknown,0.00,Unknown,false,1,19.90,0.0000,true,1,239093
4053700292455,false,ויט רצועות שעווה תמצ,רקיט בנקיזר צרפת,,ויט רצועות שעווה תמצית צמחים,Unknown,0.00,Unknown,false,1,21.90,0.0000,true,1,236701
4056489379508,false,ביסקויט סנדוויץ קונט,קונטיננטל בייקריז,NL,ביסקויט סנדוויץ קונטיננטל קרם וניל250ג,גרמים,250.00,100 גרם,false,10,5.90,2.3600,true,1,347729
4056489379515,false,ביסקויט סנדוויץ קונט,קונטיננטל בייקריז,NL,ביסקויט סנדוויץ קונטיננטל קרם שוקולד250ג,גרמים,250.00,100 גרם,false,10,5.90,2.3600,true,1,347728
4056489460039,false,ביסקויט סנדוויץ קפטן,קונטיננטל בייקריז,NL,ביסקויט סנדוויץ קפטן רונדו קרם שוקו500גר,גרמים,500.00,100 גרם,false,20,9.90,1.9800,true,1,347731
4061445096689,false,קפה נמס דווידוף 57 א,צ'יבו מנופקצ'ורינג,CO,קפה נמס דווידוף 57 אספרסו 100 ג,גרמים,100.00,100 גרם,false,6,21.90,21.9000,true,1,332431
4061445096702,false,קפה נמס דווידוף ארומ,צ'יבו מנופקצ'ורינג,CO,קפה נמס דווידוף ארומה מעודנת 100 ג,גרמים,100.00,100 גרם,false,6,21.90,21.9000,true,1,332430
4061445096726,false,קפה נמס דווידוף ארומ,צ'יבו מנופקצ'ורינג,CO,קפה נמס דווידוף ארומה עשירה100גר,גרמים,100.00,100 גרם,false,6,21.90,21.9000,true,1,332429
4062400543125,false,טקילה סיירה זהב רפוס,,,טקילה סיירה זהב רפוסדו 700 מל,מיליליטרים,700.00,"100 מ""ל",false,1,99.00,14.1429,true,1,322994
4062432001228,false,מרציפן זנטיס בטעם פו,,DE,מרציפן זנטיס בטעם פונץ 100 גרם,גרמים,100.00,100 גרם,false,36,8.90,8.9000,true,1,342602
4066600601920,false,בירה פאולנר 500מל פח,,,בירה פאולנר 500מל פחית פקדון,מיליליטרים,500.00,"100 מ""ל",false,24,12.90,2.5800,true,1,330562
4066600612049,false,בירה פאולנר אוקטוברפ,,,בירה פאולנר אוקטוברפ 500 מל פקדון זכוכית,מיליליטרים,500.00,"100 מ""ל",false,1,12.90,2.5800,true,1,318302
4066600999614,false,בירה פאולנר 500 מל פ,,,בירה פאולנר 500 מל פקדון זכוכית,מיליליטרים,500.00,"100 מ""ל",false,20,12.90,2.5800,true,1,312892
4067600001123,false,פילה הרינג לארסן מעו,,LV,פילה הרינג לארסן מעושן 200 גרם,גרמים,200.00,100 גרם,false,8,12.90,6.4500,true,1,346282
4067700014849,false,ליקר ייגרמייסטר כשר,ייגרמייסטר,,ליקר ייגרמייסטר כשר 700 מל,מיליליטרים,700.00,"100 מ""ל",false,1,89.90,12.8429,true,1,311133
4069600016954,false,יין קארל רה גוורצטר,reh kendemann,,יין גוורצטרמינר קנדרמנס 750 מל,מיליליטרים,750.00,"100 מ""ל",false,1,45.00,6.0000,true,1,329422
4072700001089,false,בירה ספאטן אוקטוברספ,,,בירה ספאטן אוקטוברספט 500מל פקדון,מיליליטרים,500.00,"100 מ""ל",false,1,12.90,2.5800,true,1,333607
4072700001171,false,בירה ספאטן לאגר גרמנ,,,בירה ספאטן לאגר גרמנית 500מל בק.פקדון,מיליליטרים,500.00,"100 מ""ל",false,1,12.90,2.5800,true,1,238552
4072700001188,false,בירה פרנסיס קנר מעונ,,,בירה פרנסיס קנר מעוננת כהה 500 מל פיקדו,מיליליטרים,500.00,"100 מ""ל",false,1,12.90,2.5800,true,1,236882
4072700001775,false,בירה פרנסיס קאנר בהי,,,בירה פרנסיס קאנר בהיר פח 500 מל פיקדון,מיליליטרים,330.00,"100 מ""ל",false,1,11.90,3.6061,true,1,238935
4072700003649,false,בירה פרנסיס קנר מעונ,,,בירה פרנסיס קנר מעוננת בהיר 500 מל פיקדו,מיליליטרים,500.00,"100 מ""ל",false,1,12.90,2.5800,true,1,236881
4076300015804,false,בירה קלר ביר 500 מל,קלרו,DE,בירה קלר ביר 500 מל פקדון,מיליליטרים,500.00,"100 מ""ל",false,20,12.90,2.5800,true,1,318121
4084500065598,false,קרם לחות פנטן לתלתלי,פרוקטר אנד גמבל,DE,קרם לחות פנטן לתלתלים מושלמים 300 מל,מיליליטרים,300.00,"100 מ""ל",false,1,23.90,7.9667,true,1,304730
4084500088917,false,נוזל כלים פיירי לימו,פרוקטר אנד גמבל,,נוזל כלים פיירי לימון 650 מל,מיליליטרים,650.00,"100 מ""ל",false,1,11.90,1.8308,true,1,255317
4084500471832,false,דאודורונט קליר גל 70,פרוקטר אנד גמבל,,דאודורונט קליר גל 70מל קול וואייב,Unknown,0.00,Unknown,false,6,14.90,0.0000,true,1,337899
4084500853553,false,נוזל כלים פיירי אורג,על בד,,נוזל כלים פיירי אורגינל 650 מל,מיליליטרים,650.00,"100 מ""ל",false,1,11.90,1.8308,true,1,305439
4084500853836,false,נוזל כלים פיירי ורדי,על בד,,נוזל כלים פיירי ורדים משי 515 מל,מיליליטרים,515.00,"100 מ""ל",false,1,11.90,2.3107,true,1,305444
4084500853898,false,נוזל כלים פיירי אלוו,על בד,,נוזל כלים פיירי אלוורה ומלפפונים 515 מל,מיליליטרים,515.00,"100 מ""ל",false,1,11.90,2.3107,true,1,305443
4084500854048,false,נוזל כלים פיירי לימו,על בד,,נוזל כלים פיירי לימון 1.24 ליטר,מיליליטרים,1240.00,"100 מ""ל",false,1,16.90,1.3629,true,1,305441
4084500920880,false,נוזל כלים פיירי אורג,על בד,,נוזל כלים פיירי אורגינל 1.24 ליטר,מיליליטרים,1240.00,"100 מ""ל",false,1,16.90,1.3629,true,1,305442
4100130924002,false,בירה בקס 6יח 275 מל,,DE,בירה בקס 6יח 275 מל ללא אלכוהול בק.פקדון,מיליליטרים,1650.00,"100 מ""ל",false,1,24.90,1.5091,true,1,336578
4100130937163,false,מארז 6 יח בירה בקס,,,מארז 6 יח בירה בקס 275 מל בקבוק פקדון,מיליליטרים,1650.00,"100 מ""ל",false,1,27.90,1.6909,true,1,305144
4100470106700,false,חומץ תפוחים 750מל נט,נטורפוד,DE,חומץ תפוחים 750מל נטורפוד,מיליליטרים,750.00,"100 מ""ל",false,6,19.90,2.6533,true,1,317587
4100770005376,false,בירה קוניג פילזנר 50,קונינג,DE,בירה קוניג פילזנר 500מל פקדון בקבוק,מיליליטרים,500.00,"100 מ""ל",false,24,12.90,2.5800,true,1,310600
4101540731013,false,עוגה אישית רילאקס 5,,DE,עוגה אישית רילאקס 5 יח קרם קרמל160גרם,גרמים,160.00,100 גרם,false,10,10.90,6.8125,true,1,346325
4105120018631,false,מארז בירה ויינשטפן 5,,,מארז בירה ויינשטפן 500 מל שלישייה +כוס,מיליליטרים,500.00,"100 מ""ל",false,6,27.90,5.5800,true,1,345980
4105120623941,false,בירה ויינשטפן 500 מל,קרלסברג יבוא יצוא,,בירה ויינשטפן 500 מל פקדון,מיליליטרים,500.00,"100 מ""ל",false,1,12.90,2.5800,true,1,321924
4105120624412,false,בירה ויינשטפן ויטוס,קרלסברג יבוא יצוא,,בירה ויינשטפן ויטוס 500 מל בק. פקדון,מיליליטרים,500.00,"100 מ""ל",false,1,12.90,2.5800,true,1,327472
4210201176688,false,ראש למב.שינים חשמלית,פרוקטר אנד גמבל,,ראש למב.שינים חשמלית אורל בי סנסטיב 4יח,Unknown,0.00,Unknown,false,1,79.90,0.0000,true,1,344758
4210201181477,false,ראשי מברשת אורל בי,,,ראשי מברשת אורל בי חשמלית פרוזן 4יח,יחידה,4.00,יחידה,false,1,79.90,19.9750,true,1,324121
4210201181538,false,ראשי מברשת אורל בי,,,ראשי מברשת אורל בי חשמלית קראס 4יח,יחידה,4.00,יחידה,false,1,79.90,19.9750,true,1,324122
4210201244486,false,מברשת שיניים חשמלית,,,מברשת שיניים חשמלית אורל בי קארס די100,יחידה,1.00,יחידה,false,1,89.90,89.9000,true,1,331477
4210201245193,false,מברשת שיניים חשמלית,,,מברשת שיניים חשמלית אורל בי פרוזן די100,יחידה,1.00,יחידה,false,1,89.90,89.9000,true,1,331478
4210201262183,false,מברשת שיניים חשמלית,,,מברשת שיניים חשמלית אורל בי די100,יחידה,1.00,יחידה,false,1,89.90,89.9000,true,1,331479
4210201360742,false,ראש למב.שינים חשמלית,פרוקטר אנד גמבל,,ראש למב.שינים חשמלית אורל בי נ.יסודי 4יח,Unknown,0.00,Unknown,false,1,79.90,0.0000,true,1,344757
4250231144431,false,שוקולד הלורן ממולא פ,HALLOREN,,שוקולד הלורן ממולא פרלין איירש 150 גרם,גרמים,150.00,100 גרם,false,1,11.90,7.9333,true,1,344615
4250231144493,false,שוקולד הלורן ממולא ל,HALLOREN,,שוקולד הלורן ממולא ליקר תפוז 150 גרם,גרמים,150.00,100 גרם,false,1,11.90,7.9333,true,1,325429
4250231145056,false,שוקולד הלורן מאדאם פ,HALLOREN,,שוקולד הלורן מאדאם פומפדור תות וודקה150ג,גרמים,150.00,100 גרם,false,1,11.90,7.9333,true,1,328205
4251039439712,false,מצת גז טורבו דגם גרא,,,מצת גז טורבו דגם גראס,יחידה,1.00,יחידה,false,1,18.90,18.9000,true,1,343981
4260134390194,false,בירה קירין איציבן 33,,,בירה קירין איציבן 330 מל בקבוק,מיליליטרים,330.00,"100 מ""ל",false,1,10.00,3.0303,true,1,335222
4260147890513,false,איטריות ביצים דקות א,kawh,,איטריות ביצים דקות ורמיצלי אותנטי 500גר,גרמים,500.00,100 גרם,false,1,9.90,1.9800,true,1,241305
4260147890537,false,איטריות ביצים רצועות,kawh,,איטריות ביצים ברצועות רחבות אותנטי 500גר,גרמים,500.00,100 גרם,false,1,9.90,1.9800,true,1,241304
4260147890551,false,איטריות ביצים רצועות,kawh,,איטריות ביצים רצועות אותנטי 500גר,גרמים,500.00,100 גרם,false,1,9.90,1.9800,true,1,241301
4260147890711,false,איטריות ביצים מגולגל,kawh,,איטריות ביצים מגולגלות אותנטי 500גר,גרמים,500.00,100 גרם,false,1,9.90,1.9800,true,1,241300
4260334140193,false,ממרח אגוזי לוז וקקאו,,,ממרח אגוזי לוז וקקאו אורגני 200 גר,גרמים,200.00,100 גרם,false,1,22.90,11.4500,true,1,326787
4260334140605,false,שוקולד ויגו טבעוני א,ויגו,,שוקולד ויגו טבעוני אגוזים 150גר גנדויה,גרמים,150.00,100 גרם,false,8,18.90,12.6000,true,1,334320
4260423410862,false,בירה הופייגר פילזנר,,DE,בירה הופייגר פילזנר גרמנית 500מל בק.פקדו,מיליליטרים,500.00,"100 מ""ל",false,24,6.90,1.3800,true,1,334961
4260423410886,false,בירה הופייגר חיטה גר,,DE,בירה הופייגר חיטה גרמנית 500מל בק.פקדו,מיליליטרים,500.00,"100 מ""ל",false,24,6.90,1.3800,true,1,334962
4260651480019,false,אטריות אדממה אורגני,,,אטריות אדממה אורגני פטוציני 250גר,גרמים,250.00,100 גרם,false,1,22.90,9.1600,true,1,334327
4260651480033,false,אטריות חומוס אורגני,,,אטריות חומוס אורגני פטוציני 250גר,גרמים,250.00,100 גרם,false,1,22.90,9.1600,true,1,334325
4260651480057,false,אטריות שעועית שחורה,,,אטריות שעועית שחורה אורגני פטוציני 250גר,גרמים,250.00,100 גרם,false,1,22.90,9.1600,true,1,334326
4260651480071,false,אטריות בטטה סגולה או,,,אטריות בטטה סגולה אורגני פטוציני 250גר,גרמים,250.00,100 גרם,false,1,22.90,9.1600,true,1,334328
4260651480095,false,אטריות בטטה אורגנית,,,אטריות בטטה אורגנית 250גר,גרמים,250.00,100 גרם,false,1,22.90,9.1600,true,1,334329
4560198160055,false,טקואן צנון יפני קינג,,,טקואן צנון יפני קינגדאו 500 גר,גרמים,500.00,100 גרם,false,20,25.90,5.1800,true,1,317395
4600659010854,false,וודקה סטוליצניה 40%,אס פי איי SPI (סטולי,,וודקה סטוליצניה 40% 700 מל פקדון,מיליליטרים,700.00,"100 מ""ל",false,1,59.90,8.5571,true,1,228559
4600659011059,false,וודקה סטוליצניה אדום,אס פי איי SPI (סטולי,,וודקה סטוליצניה אדום 1 ליטר פקדון,ליטרים,1.00,ליטר,false,1,89.00,89.0000,true,1,241075
4601798020131,false,לקקן צופה צופס מיני,,ES,לקקן צופה צופס מיני 20יח 120 גרם,גרמים,120.00,100 גרם,false,12,12.90,10.7500,true,1,339353
4602248005081,false,תערובת מרק טורקי עם,לימיטד ליאביליטי קומ,,תערובת מרק טורקי עם בורגול 250 גרם,גרמים,250.00,100 גרם,false,1,12.90,5.1600,true,1,321607
4602486002071,false,וודקה בלנקאיה גולד,,,וודקה בלנקאיה גולד 700 מל,מיליליטרים,700.00,"100 מ""ל",false,6,56.90,8.1286,true,1,329845
4602486002477,false,וודקה בלנקאיה אקסטרה,,IL,וודקה בלנקאיה אקסטרה 700 מל,מיליליטרים,700.00,"100 מ""ל",false,6,65.00,9.2857,true,1,331397
4603400000043,false,וודקה רוסקי סטנדרט,,,וודקה רוסקי סטנדרט 700 מל,מיליליטרים,700.00,"100 מ""ל",false,1,65.00,9.2857,true,1,323889
4603400000203,false,וודקה רוסקי סטנדרט,,,וודקה רוסקי סטנדרט 1 לי,ליטרים,1.00,ליטר,false,1,95.00,95.0000,true,1,322488
4603514009277,false,גין באריסטר יבש 700,,,גין באריסטר יבש 700 מל,מיליליטרים,700.00,"100 מ""ל",false,6,85.00,12.1429,true,1,334573
4603514010334,false,גין באריסטר אורנג מת,,,גון באריסטר אורנג מתובל 700 מל,מיליליטרים,700.00,"100 מ""ל",false,1,89.90,12.8429,true,1,346660
4603928000983,false,וודקה בלוגה 1 ליטר,מרינסקיליקרו וודאצני,,וודקה בלוגה 1 ליטר,ליטרים,1.00,ליטר,false,1,162.00,162.0000,true,1,309761
4607001414445,false,תחתיות טארטלט למילוי,רמנסקי,,תחתיות טארטלט למילוי מתוק 180 גר,גרמים,180.00,100 גרם,false,1,10.90,6.0556,true,1,305317
4607001414452,false,תחתיות טארטלט למילוי,רמנסקי,,תחתיות טארטלט למילוי 180 גר,גרמים,180.00,100 גרם,false,1,10.90,6.0556,true,1,305318
4607002990290,false,מלפפונים מוחמצים 680,,RU,מלפפונים מוחמצים 680 גרם,גרמים,680.00,100 גרם,false,8,11.90,1.7500,true,1,330405
4607002990474,false,עגבניות מוחמצות 680,,RU,עגבניות מוחמצות 680 גרם,גרמים,680.00,100 גרם,false,8,11.90,1.7500,true,1,330406
4607012351005,false,גרעיני חמניה ללא מלח,MARTIN,,גרעיני חמניה ללא מלח מרטין 200גרם,גרמים,200.00,100 גרם,false,1,12.90,6.4500,true,1,310201
4607012351999,false,גרעיני חמניה מלוח מר,MARTIN,,גרעיני חמניה עםמלח מרטין 200 גרם,גרמים,200.00,100 גרם,false,1,12.90,6.4500,true,1,310202
4607012352453,false,גרעיני חמניה מרטין פ,MARTIN,RU,גרעיני חמניה מרטין פסים 150גרם,גרמים,150.00,100 גרם,false,32,10.00,6.6667,true,1,318479
4607065411312,true,שימורי פטריות אופיאט,,CN,שימורי פטריוץ אופיאטה 680 גרם,גרמים,680.00,100 גרם,false,6,15.90,2.3382,true,1,327303
4607065411329,true,שימורי פטריות מסליאט,,CN,שימורי פטריות מסליאטה 680 גרם,גרמים,680.00,100 גרם,false,6,15.90,2.3382,true,1,327305
4607065411343,true,שימורי פטריות אסורטי,,CN,שימורי פטריות אסורטי 680 גרם,גרמים,680.00,100 גרם,false,6,15.90,2.3382,true,1,327306
4607065411398,true,שימורי פטריות שיטאקי,,CN,שימורי פטריות שיטאקי 680 גרם,גרמים,680.00,100 גרם,false,6,15.90,2.3382,true,1,327304
4607109409619,false,טבליות למדיח פיניש ה,RB פולין,,טבליות למדיח פיניש הכל באחד מקס 25יח,יחידה,25.00,יחידה,false,1,24.90,0.9960,true,1,309252
4610028891724,false,ריבת חבושים 440 גרם,,AM,ריבת חבושים 440 גרם,גרמים,440.00,100 גרם,false,6,16.90,3.8409,true,1,337143
4610028891748,false,ריבת תאנים 440 גרם,,AM,ריבת תאנים 440 גרם,גרמים,440.00,100 גרם,false,6,16.90,3.8409,true,1,337141
4610028891762,false,ריבת קיזיל 440 גרם,,AM,ריבת קיזיל 440 גרם,גרמים,440.00,100 גרם,false,6,16.90,3.8409,true,1,337142
4610028891809,false,ריבת דובדנים לבנים 4,,AM,ריבת דובדנים לבנים 440 גרם,גרמים,440.00,100 גרם,false,6,17.90,4.0682,true,1,337144
4610028891823,false,ריבת אגוזי מלך 440 ג,,AM,ריבת אגוזי מלך 440 גרם,גרמים,440.00,100 גרם,false,6,17.90,4.0682,true,1,337145
4630000370108,false,כבד דגים איסלנד 230,,IS,כבד דגים איסלנד 230 גרם,גרמים,230.00,100 גרם,false,24,14.90,6.4783,true,1,335230
4640018993343,false,טבליות פיניש קואנטום,RB פולין,PL,טבליות פיניש קואנטום למדיח 30 טבליות,יחידה,30.00,יחידה,false,7,34.90,1.1633,true,1,331718
4640018993350,false,טבליות פיניש קואנטום,RB פולין,PL,טבליות פיניש קואנטום לימון למדיח 30 יח,יחידה,30.00,יחידה,false,7,34.90,1.1633,true,1,331719
4640018993398,false,טבליות פיניש קואנטום,RB פולין,PL,טבליות פיניש קואנטום לימון למדיח 60 יח,יחידה,60.00,יחידה,false,6,59.90,0.9983,true,1,331721
4710068001692,false,משקה מאסטר לאטה 240,L.S XILAGORA,,משקה מאסטר לאטה 240 מל,מיליליטרים,250.00,"100 מ""ל",false,1,7.60,3.0400,true,1,251083
4710068001715,false,משקה מאסטר טרמיסו 24,L.S XILAGORA,,משקה מאסטר טרמיסו 240 מל פקדון,מיליליטרים,240.00,"100 מ""ל",false,1,7.60,3.1667,true,1,251085
4710068001739,false,משקה מאסטר קולימביאנ,L.S XILAGORA,,משקה מאסטר קולימביאני 240 מל,מיליליטרים,250.00,"100 מ""ל",false,1,7.60,3.0400,true,1,251084
4710068002798,false,משקה מאסטר וניל 240,L.S XILAGORA,,משקה מאסטר וניל 240 מל,מיליליטרים,250.00,"100 מ""ל",false,1,7.60,3.0400,true,1,327765
4710964104916,false,שמן שומשום 370 מל,Flavor full foods in,,שמן שומשום 370 מל,מיליליטרים,370.00,"100 מ""ל",false,1,25.90,7.0000,true,1,251724
4710964170799,false,שומשום שחור קלוי 91,Flavor full foods in,TW,שומשום שחור קלוי 91 גרם,גרמים,90.00,100 גרם,false,24,16.90,18.7778,true,1,239988
4711476002813,false,קפה קר פיפו מוקצינו,,,קפה קר פיפו מוקצינו 240 מל,מיליליטרים,240.00,"100 מ""ל",false,,7.60,3.1667,true,1,333112
4740098079309,false,סיידר פיז אוכמניות 5,"""cesu alus""",LV,סיידר פיז אוכמניות 500 מל,מיליליטרים,500.00,"100 מ""ל",false,24,7.90,1.5800,true,1,304728
4740098079316,false,סיידר פיז תות שדה 50,"""cesu alus""",LV,סיידר פיז תות שדה 500 מל,מיליליטרים,500.00,"100 מ""ל",false,24,7.90,1.5800,true,1,304729
4740098079323,false,סיידר פיז אגס 500 מל,"""cesu alus""",,סיידר פיז אגס 500 מל,מיליליטרים,500.00,"100 מ""ל",false,1,7.90,1.5800,true,1,327849
4740098080589,false,בירה בלונד אמריקאן 5,א. לה קוק,,בירה בלונד אמריקאן 500מל פקדון,מיליליטרים,500.00,"100 מ""ל",false,1,8.90,1.7800,true,1,310569
4740098084440,false,סיידר פיז תפוח עץ 50,"""cesu alus""",,סיידר פיז תפוח עץ 500 מל,מיליליטרים,500.00,"100 מ""ל",false,1,7.90,1.5800,true,1,313291
4740098090137,false,בירה אייל אינדיה איי,א. לה קוק,,בירה אייל אינדיה איי.פי.איי 500מל פח.פקד,מיליליטרים,500.00,"100 מ""ל",false,1,8.90,1.7800,true,1,331563
4740098090601,false,משקה קוקטייל בלו לגו,,,משקה קוקטייל בלו לגון 330 מל פקדון,מיליליטרים,330.00,"100 מ""ל",false,1,10.00,3.0303,true,1,337925
4740098090632,false,משקה קוקטייל מרגריטה,,,משקה קוקטייל מרגריטה 330 מל פקדון,מיליליטרים,330.00,"100 מ""ל",false,1,10.00,3.0303,true,1,327898
4740098098331,false,משקה קוקטייל בלו לגו,,,משקה קוקטייל בלו לגון 330 מל פקדון,מיליליטרים,330.00,"100 מ""ל",false,1,10.00,3.0303,true,1,345943
4740098098355,false,משקה קוקטייל מוחיטו,,,משקה קוקטייל מוחיטו 330 מל פקדון,מיליליטרים,330.00,"100 מ""ל",false,1,10.00,3.0303,true,1,345037
4740098098379,false,משקה קוקטייל מרגריטה,,,משקה קוקטייל מרגריטה 330 מל פקדון,מיליליטרים,330.00,"100 מ""ל",false,1,10.00,3.0303,true,1,345036
4740098098393,false,משקה קוקטייל לה קוק,,,משקה קוקטייל לה קוק ביץ 330 מל פקדון,מיליליטרים,330.00,"100 מ""ל",false,1,10.00,3.0303,true,1,345038
4744131011905,false,שלישיית מסנני מים מג,,,שלישיית מסנני מים מגנזיום קנקן אקוואפור,יחידה,3.00,יחידה,false,1,79.90,26.6333,true,1,324619
4744131013381,false,קנקן קומפקט לסינון מ,,,קנקן קומפקט לסינון מים 2.4ליטר לבן,יחידה,1.00,יחידה,false,1,69.90,69.9000,true,1,334223
4744131014159,false,קנקן גספר לסינון מים,,,קנקן גספר לסינון מים 2.8ליטר,יחידה,1.00,יחידה,false,1,84.90,84.9000,true,1,334221
4750017001847,false,פילה דג סלמון במיץ ט,,,פילה דג סלמון במיץ טבעי 200 גרם,גרמים,200.00,100 גרם,false,1,9.90,4.9500,true,1,322179
4750017001854,false,פילה דג סלמון שמן צמ,,,פילה דג סלמון שמן צמחי 200 גרם,גרמים,200.00,100 גרם,false,1,9.90,4.9500,true,1,322181
4750017001861,false,פילה דג סלמון במיץ ע,,,פילה דג סלמון במיץ עגבניות 200 גרם,גרמים,200.00,100 גרם,false,1,9.90,4.9500,true,1,322180
4750021000799,false,וודקה סטוליצניה עילי,אס פי איי SPI (סטולי,,וודקה סטוליצניה עילית 700 מל פקדון,מיליליטרים,700.00,"100 מ""ל",false,1,159.00,22.7143,true,1,241605
4750021003905,false,וודקה סטוליצניה גולד,אס פי איי SPI (סטולי,,וודקה סטוליצניה גולד 700 מל פקדון,מיליליטרים,700.00,"100 מ""ל",false,1,89.90,12.8429,true,1,319749
4750142000081,false,בירה צסו לא מסוננת 5,"""cesu alus""",LV,בירה צסו לא מסוננת 568 מל 5.4%פחית,מיליליטרים,568.00,"100 מ""ל",false,24,10.00,1.7606,true,1,305140
4750142002078,false,בירה צסו יורמלה 500מ,"""cesu alus""",,בירה צסו יורמלה 500מל פח.פקדון,מיליליטרים,500.00,"100 מ""ל",false,1,7.90,1.5800,true,1,345941
4750142002719,false,בירה צסו יורמלה לא מ,"""cesu alus""",,בירה צסו יורמלה לא מסוננת 500מל פח.פקדון,מיליליטרים,500.00,"100 מ""ל",false,1,7.90,1.5800,true,1,345942
4750142003426,false,בירה פילזנר אקסטרה,"""cesu alus""",,בירה פילזנר אקסטרה 500מל פח. פקדון,מיליליטרים,500.00,"100 מ""ל",false,1,7.90,1.5800,true,1,332381
4750142004980,false,בירה צסו פרמיום 568,"""cesu alus""",,בירה צסו פרמיום 568 מל 5.4%פחית,מיליליטרים,568.00,"100 מ""ל",false,1,10.00,1.7606,true,1,345462
4750142005000,false,בירה צסו כהה בוהמיין,"""cesu alus""",,בירה צסו כהה בוהמיין פרמיום 568 מל פחית,מיליליטרים,568.00,"100 מ""ל",false,1,10.00,1.7606,true,1,345461
4750142005062,false,בירה צסו לא מסוננת 5,"""cesu alus""",,בירה צסו לא מסוננת 568 מל 5.4%פחית,מיליליטרים,568.00,"100 מ""ל",false,1,10.00,1.7606,true,1,345460
4750142016518,false,בירה צסו לא מסוננת 5,"""cesu alus""",LV,בירה צסו לא מסוננת 5.4% 568 מל,מיליליטרים,568.00,"100 מ""ל",false,24,10.00,1.7606,true,1,250820
4750142021505,false,בירה פילזנר 500מל 4.,"""cesu alus""",LV,בירה PILSENER בהירה 4.7% פחית 500 מל,מיליליטרים,500.00,"100 מ""ל",false,24,7.90,1.5800,true,1,248233
4750142040520,false,בירה צסו פרמיום 568,"""cesu alus""",,בירה צסו פרמיום 568 מל 5.4%פחית,מיליליטרים,568.00,"100 מ""ל",false,1,10.00,1.7606,true,1,329497
4750259881245,false,עלי וופל קקאו לעוגה,,LV,בסיס וופל קקאו לעוגה 90 גרם,Unknown,0.00,Unknown,false,16,10.90,0.0000,true,1,329802
4750259881252,false,עלי וופל 3 צבעים לעו,,LV,בסיס וופל לעוגה 3 צבעים 90 גרם,Unknown,0.00,Unknown,false,16,10.90,0.0000,true,1,329801
4750616000258,true,שפרוטים ריגה גדולים,,,שפרוטים ריגה גדולים בשמן190 גרם,גרמים,190.00,100 גרם,false,,10.00,5.2632,true,1,312916
4750616000593,true,שפרוטים ריגה בשמן190,,,שפרוטים ריגה בשמן190 גרם,גרמים,190.00,100 גרם,false,,10.00,5.2632,true,1,312915
4750616001194,true,שפרוטים ריגה בשמן240,,,שפקוטים ריגה בשמן 240 גרם,גרמים,240.00,100 גרם,false,,10.00,4.1667,true,1,312913
4750616001262,true,שפרוטים צארסקיה בשמן,,,שפרוטים צארסקיה בשמן 240 גרם,גרמים,240.00,100 גרם,false,24,13.90,5.7917,true,1,312954
4750616001361,true,סלאקה מעושנת 190 גרם,,,סלאקה מעושנת 190 גרם,גרמים,190.00,100 גרם,false,1,10.00,5.2632,true,1,312917
4750616001651,true,שפרוטים ריגה גדולים,,,שפרוטים גדולים ריגה בשמן 240 גרם,גרמים,240.00,100 גרם,false,,10.00,4.1667,true,1,312914
4750616001989,true,פטה שפרוטים 250 גרם,,,פטה שפרוטים 250 גרם,גרמים,250.00,100 גרם,false,1,6.90,2.7600,true,1,312953
4750616002276,true,קילקה עם צילי במיץ ע,,,קילקה עם צילי במיץ עגבניות 240 גרם,גרמים,240.00,100 גרם,false,1,7.00,2.9167,true,1,330404
4750616002337,true,קילקה במיץ עגבניות 2,,,קילקה במיץ עגבניות 240 גרם,גרמים,240.00,100 גרם,false,1,7.00,2.9167,true,1,312918
4750616002344,true,קילקה עם ירקות במיץ,Briavais Vilns,LV,קילקה עם ירקות במיץ עגבניות 240 גרם,גרמים,240.00,100 גרם,false,24,7.00,2.9167,true,1,330403
4751017941157,false,ממרח עגבניות ובזיליק,,,ממרח עגבניות ובזיליקום 245גר רודולפס,גרמים,245.00,100 גרם,false,6,15.90,6.4898,true,1,331092
4751017941188,false,ממרח אגס ופטל 245גר,,,ממרח אגס ופטל 245גר רודולפס,גרמים,245.00,100 גרם,false,6,15.90,6.4898,true,1,331088
4751017941195,false,ממרח תות ודומדמניות,,,ממרח תות ודומדמניות 245גר רודולפס,גרמים,245.00,100 גרם,false,6,15.90,6.4898,true,1,331087
4751017941751,false,קטשופ אורגני רודולפס,,,קטשופ אורגני רודולפס 530 גר,גרמים,530.00,100 גרם,false,1,18.90,3.5660,true,1,331093
4751017942062,false,רודולפס מעדן פרי תות,,LV,רודולפס מעדן פרי תות עם ציה אורגני 250גר,גרמים,250.00,100 גרם,false,6,19.90,7.9600,true,1,332734
4751017942079,false,רודולפס מעדן פרי פטל,,LV,רודולפס מעדן פרי פטל אורגני 250גר,גרמים,250.00,100 גרם,false,6,19.90,7.9600,true,1,332732
4751017942086,false,רודולפס מעדן פרי אוכ,,LV,רודולפס מעדן פרי אוכמיות אורגני 250גר,גרמים,250.00,100 גרם,false,6,19.90,7.9600,true,1,332731
4751022361797,false,דגני שיפון אורגני שב,,,דגני שיפון אורגני שבולת.ש. קינמון 200 גר,גרמים,200.00,100 גרם,false,1,19.90,9.9500,true,1,333023
4770033223986,false,ברנדי גלורי 5 שנים,stumbras,,ברנדי גלורי 5 שנים 700 מל,מיליליטרים,700.00,"100 מ""ל",false,1,69.90,9.9857,true,1,306925
4770033223993,false,ברנדי גלורי 5 שנים,stumbras,,ברנדי גלורי 5 שנים 500 מל,מיליליטרים,500.00,"100 מ""ל",false,1,59.90,11.9800,true,1,306926
4770033225133,false,ברנדי גלורי טעם שזי,stumbras,,ברנדי גלורי טעם שזיף 500 מל,מיליליטרים,500.00,"100 מ""ל",false,1,54.90,10.9800,true,1,336357
4770033227472,false,ברנדי גלורי אקס או,stumbras,,ברנדי גלורי אקס או 700 מל,מיליליטרים,700.00,"100 מ""ל",false,1,119.90,17.1286,true,1,306927
4770033227861,false,ברנדי גלורי 5 שנים,stumbras,,ברנדי גלורי 5 שנים טעם תפוז שוקולד 500,מיליליטרים,500.00,"100 מ""ל",false,1,54.90,10.9800,true,1,329749
4770179109991,false,בונבוניירה פרגל שוקו,MIESZKO,,בונבוניירה פרגל שוקולד וודקה 190 גר,גרמים,190.00,100 גרם,false,1,18.90,9.9474,true,1,335134
4770179110096,false,בונבוניירה פרגל שוקו,MIESZKO,,בונבוניירה פרגל שוקולד וברנדי 190 גר,גרמים,190.00,100 גרם,false,1,18.90,9.9474,true,1,335133
4770179110126,false,בונבוניירה פרגל שוקו,MIESZKO,,בונבוניירה פרגל שוקולד ליקר שרי 190 גר,גרמים,190.00,100 גרם,false,1,18.90,9.9474,true,1,335132
4770299394680,false,חטיפי גבינה מעושנת,,,חטיפי גבינה מעושנת 75 גר,Unknown,0.00,Unknown,false,1,9.90,0.0000,true,1,336700
4770301230821,false,בירה אינדיה פייל איי,,,בירה אינדיה פייל אייל 568מל וולפאס פח.פק,מיליליטרים,568.00,"100 מ""ל",false,24,10.00,1.7606,true,1,346440
4770301231811,false,בירה קריק דובדבן 568,,,בירה קריק דובדבן 568מל וולפאס פח.פק,מיליליטרים,568.00,"100 מ""ל",false,24,10.00,1.7606,true,1,346443
4770301232023,false,בירה אוסטרליה פייל א,,,בירה אוסטרליה פייל אייל 568מל פח.פקדון,מיליליטרים,568.00,"100 מ""ל",false,24,10.00,1.7606,true,1,346439
4770301234935,false,בירה באלטיק פורטר 56,,,בירה באלטיק פורטר 568מל וולפאס פח.פק,מיליליטרים,568.00,"100 מ""ל",false,24,10.00,1.7606,true,1,346441
4770301234973,false,בירה בלנש חיטה בלגית,,,בירה בלנש חיטה בלגית 568מל וולפאס פח.פק,מיליליטרים,568.00,"100 מ""ל",false,24,10.00,1.7606,true,1,346442
4770301235246,false,בירה מייסטר וולפאס א,"""cesu alus""",,בירה מייסטר וולפאס אנגלמן 500מל פח.פקדון,מיליליטרים,500.00,"100 מ""ל",false,1,7.90,1.5800,true,1,346936
4770301235338,false,בירה ניו אינגלנד 500,,,בירה ניו אינגלנד 500מל וולפאס פח.פקדון,מיליליטרים,500.00,"100 מ""ל",false,24,10.00,2.0000,true,1,346444
4792032060454,false,מי קוקוס אורגני גרין,סילברמיל,,מי קוקוס אורגני גרין קוקו 330מל,ליטרים,330.00,ליטר,false,1,7.90,0.0239,true,1,310672
4792038437113,false,קמח קוקוס אורגני 500,"רנוקה אגרי פודס בע""מ",,קמח קוקוס אורגני 500 גרם תבואות,גרמים,500.00,100 גרם,false,1,18.90,3.7800,true,1,310784
4792055019866,false,תה טרסון ירוק גוגי ב,,LK,תה טרסון ירוק גוגי ברי 2 גר 40 שקיות,יחידה,20.00,יחידה,false,24,11.90,0.5950,true,1,333389
4792055019903,false,תה טרסון שחור עם לימ,,LK,תה טרסון שחור עם לימון תפזורת 75 גרם,Unknown,0.00,Unknown,false,24,18.90,0.0000,true,1,334356
4793000637029,false,אבקת מורינגה אורגנית,נטורפוד,LK,אבקת מורינגה אורגנית 70 גר,Unknown,0.00,Unknown,false,10,14.90,0.0000,true,1,334151
4793000637036,false,מורינגה אורגנית 25 ג,נטורפוד,LK,מורינגה אורגנית 25 גר,Unknown,0.00,Unknown,false,10,14.90,0.0000,true,1,334152
4796011492250,false,חומץ קוקוס אורגני 25,,,חומץ קוקוס אורגני 250מל אמזוניקו,מיליליטרים,250.00,"100 מ""ל",false,1,18.90,7.5600,true,1,346213
4796011492274,false,סירופ קוקוס אורגני 2,,,סירופ קוקוס אורגני 250מל אמזוניקו,מיליליטרים,250.00,"100 מ""ל",false,1,20.90,8.3600,true,1,346214
4796011492298,false,אמינו קוקוס אורגני 2,,,אמינו קוקוס אורגני 250מל אמזוניקו,מיליליטרים,250.00,"100 מ""ל",false,1,18.90,7.5600,true,1,346212
4796019790013,false,שמן קוקוס אורגני גרי,גרין קוקו,,שמן קוקוס אורגני גרין קוקו 300 מל,מיליליטרים,300.00,"100 מ""ל",false,1,19.90,6.6333,true,1,309711
4796019790020,false,שמן קוקוס אורגני גרי,גרין קוקו,LK,שמן קוקוס אוגני גרין קוקו 500 מל,מיליליטרים,500.00,"100 מ""ל",false,12,28.90,5.7800,true,1,309712
4796019790037,false,שמן קוקוס אורגני גרי,גרין קוקו,,שמן קוקוס אורגני גרין קוקו 1 ל,ליטרים,1.00,ליטר,false,1,43.90,43.9000,true,1,309713
4800888150080,false,דאב דאו.רולאון מלפפו,יוניליוור,,דאב דאו.רולאון מלפפונים 50 מל,Unknown,0.00,Unknown,false,1,16.90,0.0000,true,1,245347
4800888209368,false,דאו.סטיק רקסונה אקסט,יוניליוור,,דאו.סטיק רקסונה אקסטרא קול 50 גר,Unknown,0.00,Unknown,false,1,15.90,0.0000,true,1,332659
4800888214904,false,דאודורנט דאב סטיק קק,יוניליוור,,דאודורנט דאב סטיק קקאו והיביסקוס 50גר,Unknown,0.00,Unknown,false,1,16.90,0.0000,true,1,334689
4800888219510,false,דאודורנט דאב סטיק מל,יוניליוור,,דאודורנט דאב סטיק מלפפונים 50גר,Unknown,0.00,Unknown,false,1,16.90,0.0000,true,1,338773
4800888219534,false,דאודורנט דאב סטיק או,יוניליוור,,דאודורנט דאב סטיק אורגינל 50גר,Unknown,0.00,Unknown,false,1,16.90,0.0000,true,1,338771
4801234159863,false,מ.אוויר גלייד מיני ג,SC Jonson,,מ.אוויר גלייד מיני גל בניחוח חבצלות 70 ג,Unknown,0.00,Unknown,false,1,6.90,0.0000,true,1,246223
4809013009019,false,איטריות להקפצה מנילה,קיו פול,,איטריות להקפצה מנילה 227 גר,גרמים,227.00,100 גרם,false,1,10.90,4.8018,true,1,249965
4810285004008,false,משקה מאלט קווס לידסק,,RU,משקה מאלט קווס לידסקי לחם 1.5ליטר,ליטרים,1.50,ליטר,false,6,13.90,9.2667,true,1,336286
4810285006743,false,משקה מאלט קווס לידסק,,RU,משקה מאלט קווס לידסקי כהה 1.5ליטר,ליטרים,1.50,ליטר,false,6,13.90,9.2667,true,1,336287
4820000623247,false,ברנדי צואין אקס או 5,,,ברנדי צואין אקס או 500 מל,מיליליטרים,500.00,"100 מ""ל",false,1,99.00,19.8000,true,1,248430
4820097894025,false,סיידר שיכר תפוחים תו,,IL,סיידר שיכר תפוחים תוסס טבעי 330מל הפס,מיליליטרים,330.00,"100 מ""ל",false,12,8.20,2.4848,true,1,325956
4820097895190,false,סיידר שיכר תפוחים תו,,IL,סיידר שיכר תפוחים תוסס בטעם דובדבן 330מל,מיליליטרים,330.00,"100 מ""ל",false,12,8.20,2.4848,true,1,325955
4820097896166,false,סיידר תפוחים חצי מתו,,IL,סיידר תפוחים חצי מתוק 330מל הפס,מיליליטרים,330.00,"100 מ""ל",false,12,8.20,2.4848,true,1,327474
4820097896265,false,סיידר שיכר תפוחים תו,,IL,סיידר שיכר תפוחים תוסס בטעם אגס330מל הפס,מיליליטרים,330.00,"100 מ""ל",false,12,8.20,2.4848,true,1,325957
4820097898221,false,שייק קוקטייל גין בור,,UA,שייק קוקטייל גין בורה בורה330מל בק.פקדון,מיליליטרים,330.00,"100 מ""ל",false,24,6.90,2.0909,true,1,334958
4820097898238,false,שייק קוקטייל סקס און,,UA,שייק קוקטייל סקס און דה ביץ 330מל בק.פקד,מיליליטרים,330.00,"100 מ""ל",false,24,6.90,2.0909,true,1,334959
4820097899150,false,שייק קוקטייל גין אשכ,,UA,שייק קוקטייל גין אשכוליות 330מל בק.פקדון,מיליליטרים,330.00,"100 מ""ל",false,24,6.90,2.0909,true,1,334957
4820097899181,false,שייק קוקטייל גין טונ,,UA,שייק קוקטייל גין טוניק 330מל בק.פקדון,מיליליטרים,330.00,"100 מ""ל",false,24,6.90,2.0909,true,1,334956
4840008000499,false,כעכים צלנווצקו פרנזל,FRANZELUTA,MD,סושקה צלנוצוק 500 גרם FRANZELUTA,גרמים,500.00,100 גרם,false,10,10.00,2.0000,true,1,252580
4840008000987,false,כעכים וניל פרנזלוטה,FRANZELUTA,MD,סושקה וניל 500 גרם FRANZELUTA,גרמים,500.00,100 גרם,false,10,10.00,2.0000,true,1,252578
4840008001199,false,מיני כעכים וניל פרנז,FRANZELUTA,,מיני כעכים וניל פרנזלוטה 500 גר,גרמים,500.00,100 גרם,false,1,10.00,2.0000,true,1,252575
4840008001205,false,מיני כעכים פרג פרנזל,FRANZELUTA,MD,מיני סושקה עם פרג 500 גרם FRANZELUTA,גרמים,500.00,100 גרם,false,12,10.00,2.0000,true,1,252576
4840008002431,false,דפי ופל מלבן 350 גר,FRANZELUTA,MD,דפי וופל פרנצלוטה מלבן 350 גר,גרמים,350.00,100 גרם,false,9,14.50,4.1429,true,1,255554
4840008008624,false,מיני כעכים לוביטלסקי,FRANZELUTA,MD,מיני סושקה לוביטלסקיה 500 גרם FRANZELUTA,גרמים,500.00,100 גרם,false,12,10.00,2.0000,true,1,252577
4840008017749,true,מיני צנימים טעם וניל,,,צנימים מיני טעם וניל פרזלוטה 200 גרם,גרמים,200.00,100 גרם,false,,7.90,3.9500,true,1,312921
4840008017763,true,מיני צנימים עם צימוק,,,צנימים מיני עם צימוקים פרזלוטה 200 גרם,גרמים,200.00,100 גרם,false,,7.90,3.9500,true,1,312920
4840008018333,false,דובשניות טעם דבש פרנ,FRANZELUTA,,דובשניות טעם דבש פרנזלוטה 400 גר,גרמים,400.00,100 גרם,false,1,9.00,2.2500,true,1,305314
4840008018371,false,דובשניות צפוניות פרנ,FRANZELUTA,MD,דובשניות צפוניות פרנזלוטה 400 גר,גרמים,400.00,100 גרם,false,12,9.00,2.2500,true,1,311584
4840008019521,false,עוגיות אוזניים מבצק,,,עוגיות בצק עלים לבבות דקל 350 גרם,גרמים,350.00,100 גרם,false,1,10.90,3.1143,true,1,328229
4840008019897,false,דפי ופל עגולים 100 ג,FRANZELUTA,MD,דפי וופל פרנצלוטה עגולים 100 גר,גרמים,100.00,100 גרם,false,15,10.00,10.0000,true,1,255553
4840008028028,true,צנימים עם צימוקים פר,,,צנימים עם צימוקים פרזלוטה 200 גרם,גרמים,200.00,100 גרם,false,,7.90,3.9500,true,1,312919
4840008040075,false,עוגיות אוזניים מבצק,,MD,עוגיות אוזניים מבצק עלים 350גר,גרמים,350.00,100 גרם,false,1,10.90,3.1143,true,1,339512
4860019001346,false,מים מינרליים בורגומי,,,מים מינרליים בורגומי 500 מל פקדון,מיליליטרים,500.00,"100 מ""ל",false,1,7.90,1.5800,true,1,322560
4860019001414,false,מים מינרליים בורזומי,בורג'ומי,,מים מינרליים בורזומי 750 מל,מיליליטרים,750.00,"100 מ""ל",false,1,8.90,1.1867,true,1,250102
4860200720018,false,מטקות חוף חלולות,,,מטקות חוף חלולות,יחידה,1.00,יחידה,false,1,59.90,59.9000,true,1,337258
4865602000010,false,מים מינרליים נבגלבי,stumbras,GE,מים מינרליים נבגלבי 500מל זכוכית,מיליליטרים,500.00,"100 מ""ל",false,6,8.90,1.7800,true,1,312615
4865602000027,false,מים מינרליים נבגלבי,stumbras,GE,מים מינרליים נבגלבי מוגז 1 ליטר,ליטרים,1.00,ליטר,false,6,8.90,8.9000,true,1,312613
4891130001199,false,רוטב בטעם צדפות 450,Pun chun sauce & pre,HK,רוטב צדפות 450 גרם - פון צון,מיליליטרים,450.00,"100 מ""ל",false,12,24.90,5.5333,true,1,232178
4891130005111,false,רוטב הוויסן 360 מל פ,Pun chun sauce & pre,,רוטב הוויסן 360 מל פון צון,גרמים,360.00,100 גרם,false,1,19.90,5.5278,true,1,335358
4891228302023,false,ס.גילוח שיק אקסטרים,אדגוול,,ס.גילוח שיק אקסטרים 3 אולטימייט לגבר 4יח,יחידה,4.00,יחידה,false,1,23.00,5.7500,true,1,309111
4891228302924,false,מ.גילוח שיק הידרו 5,Schick,,מ.גילוח שיק הידרו 5 +1 סכין,Unknown,0.00,Unknown,false,1,49.90,0.0000,true,1,308555
4891228304454,false,מכשיר+ס.גילוח שיק הי,אדגוול,CN,מכשיר+ס.גילוח שיק היידרו 5 סנס,Unknown,0.00,Unknown,false,6,29.90,0.0000,true,1,326660
4891228308049,false,מארז סכיני גילוח+מכש,Schick,,מארז סכיני גילוח+מכשיר שיק היידרו גבר,Unknown,0.00,Unknown,false,8,79.90,0.0000,true,1,332254
4891228309268,false,סכיני גילוח שיק טאצ,אדגוול,CN,סכיני גילוח שיק טאצ אפ חד עמי,יחידה,3.00,יחידה,false,12,19.90,6.6333,true,1,343484
4891228430030,false,ס.גילוח שיק 2 אקסטרא,,,ס.גילוח שיק 2 אקסטרא רגיש 5יח,Unknown,0.00,Unknown,false,1,11.90,0.0000,true,1,312620
4891228430047,false,ס.גילוח שיק אקסטרא 2,Schick,,ס.גילוח שיק אקסטרא 2 לגבר רגיש 10 יח,Unknown,0.00,Unknown,false,1,24.90,0.0000,true,1,234246
4891228430054,false,ס.גילוח שיק 2 אקסטרא,,,ס.גילוח שיק 2 אקסטרא לנשים 5 יח,Unknown,0.00,Unknown,false,1,13.90,0.0000,true,1,312621
4891228430085,false,ס.גילוח שיק אקסטרא 3,Schick,,ס.גילוח שיק אקסטרא 3 כחול 4 יח,Unknown,0.00,Unknown,false,1,21.90,0.0000,true,1,232838
4891228430092,false,ס.גילוח שיק אקסטרים,Schick,,ס.גילוח שיק אקסטרים 3 יח לאשה,Unknown,0.00,Unknown,false,1,21.90,0.0000,true,1,234245
4891228460242,false,ס.גילוח שיק קוואטרו,Schick,,ס.גילוח שיק קוואטרו חד פעמי נשים 3 יח,יחידה,3.00,יחידה,false,1,24.90,8.3000,true,1,235239
4891228480134,false,סכיני גילוח שיק קווא,Schick,,סכיני גילוח שיק קוואטרו 4יח רב פעמי,יחידה,4.00,יחידה,false,12,44.90,11.2250,true,1,319161
4895060582292,false,סוכריות גלי פלורידה,קנדי נובלטי,,סוכריות גלי פירות פלורידה משפחתי 136גר,גרמים,136.00,100 גרם,false,1,16.50,12.1324,true,1,243558
4901524021716,false,משקה סאקה קוניש 720,קונישי ברוינג קומפני,,משקה סאקה קוניש 720 מל,מיליליטרים,720.00,"100 מ""ל",false,1,65.00,9.0278,true,1,315806
4901777020320,false,ליקר מידורי 700 מל,אדרינגטון פיקס,,ליקר מידורי 700 מל פקדון,מיליליטרים,700.00,"100 מ""ל",false,1,105.00,15.0000,true,1,240719
4902765102233,false,תערובת תיבול פוריקקה,,JP,תערובת תיבול פוריקקה גומה נורי 40 גרם,Unknown,0.00,Unknown,false,1,21.90,0.0000,true,1,344009
4903001904192,false,רוטב סויה יאמסה 500,,,רוטב סויה יאמסה 500 מל פרימיום,מיליליטרים,500.00,"100 מ""ל",false,1,19.90,3.9800,true,1,239047
4903001904208,false,רוטב סויה יאמסה 1 ל,,,רוטב סויה יאמסה 1 ל סופר פרימיום,ליטרים,1.00,ליטר,false,1,32.90,32.9000,true,1,239046
4903001925784,false,רוטב סויה יאמסה דל מ,,,רוטב סויה יאמסה דל מלח 500 מל,מיליליטרים,500.00,"100 מ""ל",false,1,19.90,3.9800,true,1,251294
4903001930993,false,רוטב טריאקי יאמסה500,,,רוטב טריאקי יאמסה500 מל פרימיום,מיליליטרים,500.00,"100 מ""ל",false,1,19.90,3.9800,true,1,308667
4903001945706,false,רוטב פונזו יאמאסה500,,,רוטב פונזו יאמאסה500 מל,מיליליטרים,500.00,"100 מ""ל",false,1,19.90,3.9800,true,1,345476
4905846117706,false,ליקר צויה אומה אורגנ,צויה,JP,ליקר צויה אומה אורגני 750 מל,מיליליטרים,750.00,"100 מ""ל",false,12,99.90,13.3200,true,1,326565
4934418803099,false,משקה כוהלי קיוצי אומ,קיוצי,JP,משקה כוהלי קיוצי אומשו 500 מל,מיליליטרים,500.00,"100 מ""ל",false,12,79.90,15.9800,true,1,311543
4952078003000,false,מיץ יוזו 300 מל,Chanh Khang Company,,מיץ יוזו 300 מל,מיליליטרים,300.00,"100 מ""ל",false,1,100.00,33.3333,true,1,327098
4960634795696,false,כף מתכת 6 יחידות,,,כף מתכת 6 יחידות,יחידה,6.00,יחידה,false,1,10.90,1.8167,true,1,337393
4960634795702,false,מזלג מתכת 6 יחידות,,,מזלג מתכת 6 יחידות,יחידה,6.00,יחידה,false,1,10.90,1.8167,true,1,337392
4970860880080,false,וויסקי יפני פיור מאל,,,ויסקי יפני פיור צמאלט 700 מל,מיליליטרים,700.00,"100 מ""ל",false,6,220.00,31.4286,true,1,343469
4970916160708,false,משקה סאקה צוינאמה 30,,,משקה סאקה צוינאמה 300 מל,מיליליטרים,300.00,"100 מ""ל",false,20,25.90,8.6333,true,1,346788
4970916260118,false,משקה ניגורי איש השלג,,,משקה ניגורי איש השלג 180 מל,מיליליטרים,180.00,"100 מ""ל",false,20,31.90,17.7222,true,1,346789
4976879106470,false,משקה סאקה הוקאן סן 7,JFC JAPAN INC.,,משקה סאקה הוקאן סן 720 מל,מיליליטרים,720.00,"100 מ""ל",false,1,50.00,6.9444,true,1,311087
4996445000117,false,אטריות סובה 300 גר,Qingdao Sun-growing,,אטריות סובה 300 גר,גרמים,300.00,100 גרם,false,1,12.00,4.0000,true,1,242114
5000054357100,false,מזון חתולים פריסקיז,נסטלה פורינה USA קר,,מזון חתולים פריסקיז מיקס גריל 156 גר,גרמים,156.00,100 גרם,false,24,6.50,4.1667,true,1,346887
5000054359500,false,מזון חתולים פריסקיז,נסטלה פורינה USA קר,,מזון חתולים פריסקיז כבד עוף 156 גר,גרמים,156.00,100 גרם,false,24,6.50,4.1667,true,1,346885
5000111001007,false,רוטב לסטייק ה.פ 255,היינץ,GB,רוטב לסטייק ה.פ 255 מל,גרמים,255.00,100 גרם,false,12,20.00,7.8431,true,1,237864
5000146048671,false,סילבו לניקוי והברקה,RB פורטוגל,,סילבו לניקוי והברקה 75גר,Unknown,0.00,Unknown,false,1,15.90,0.0000,true,1,244848
5000146048688,false,בראסו לניקוי והברקה,RB פורטוגל,,בראסו לניקוי והברקה 75 גר,יחידה,1.00,יחידה,false,1,15.90,15.9000,true,1,231365
5000146057710,false,נוזל לניקוי חלונות ו,RB פולין,,נוזל לניקוי חלונות ווינדולין 750 מל,ליטרים,1.50,ליטר,false,1,8.90,5.9333,true,1,228566
5000146401568,false,ווליט דפים למכונת כב,Montrasio,,ווליט דפים למכונת כביסה,Unknown,0.00,Unknown,false,1,14.90,0.0000,true,1,228568
5000146980322,false,ויט קרם הסרת שיער פר,רקיט בנקיזר צרפת,,ויט קרם הסרת שיער פרחים,Unknown,0.00,Unknown,false,1,19.90,0.0000,true,1,239092
5000157026071,false,שעועית היינץ ברוטב ע,היינץ,GB,שעועית היינץ ברוטב עגבניות 415גרם,גרמים,415.00,100 גרם,false,12,7.90,1.9036,true,1,339068
5000157073020,false,רוטב היינץ ווסטרשייר,היינץ,NL,רוטב היינץ ווסטרשייר לדגים 150 מל,מיליליטרים,150.00,"100 מ""ל",false,12,10.00,6.6667,true,1,346667
5000157074218,false,רוטב היינץ טרטר 230,היינץ פודס,GB,רוטב היינץ טרטר 230 גרם,גרמים,230.00,100 גרם,false,12,17.90,7.7826,true,1,338246
5000157079282,false,רוטב היינץ שום 230 ג,היינץ,GB,רוטב היינץ שום 230 גרם,גרמים,230.00,100 גרם,false,8,17.90,7.7826,true,1,337403
5000157143365,false,היינץ מתבל בטעם מיוק,היינץ,PL,היינץ מתבל בטעם מיושאפ 425 מל,מיליליטרים,425.00,"100 מ""ל",false,10,15.90,3.7412,true,1,331314
5000157144003,false,שעועית היינץ ללא סוכ,היינץ,GB,שעועית היינץ ללא סוכר 415גרם,גרמים,415.00,100 גרם,false,12,12.90,3.1084,true,1,337409
5000157144256,false,היינץ ספריי צילי ולי,היינץ,GB,היינץ ספריי צילי וליים לסלט 200 מל,מיליליטרים,200.00,"100 מ""ל",false,12,25.90,12.9500,true,1,338957
5000157144287,false,היינץ ספריי בלסמי וש,היינץ,GB,היינץ ספריי בלסמי ושום לסלט 200 מל,מיליליטרים,200.00,"100 מ""ל",false,12,25.90,12.9500,true,1,338958
5000157144324,false,מיונז היינץ עם כמהין,יוניליוור,GB,מיונז היינץ עם כמהין 220 גרם,מיליליטרים,220.00,"100 מ""ל",false,12,25.90,11.7727,true,1,344150
5000157144539,false,מיונז היינץ עם בצל מ,יוניליוור,GB,מיונז היינץ עם בצל מקורמל 220 גרם,מיליליטרים,220.00,"100 מ""ל",false,12,25.90,11.7727,true,1,344149
5000157145246,false,מיונז צילי טבעוני 22,,,מיונז צילי 220 מל היינץ,מיליליטרים,220.00,"100 מ""ל",false,1,19.90,9.0455,true,1,342831
5000157145260,false,מיונז איולי לחיץ טבע,,,מיונז איולי לחיץ טבעוני 220 מל היינץ,מיליליטרים,220.00,"100 מ""ל",false,1,19.90,9.0455,true,1,342832
5000157146359,false,רוטב היינץ עגבניות פ,היינץ פודס,GB,רוטב היינץ עגבניות פפריקה מעושנת 250 מל,מיליליטרים,250.00,"100 מ""ל",false,6,14.90,5.9600,true,1,347257
5000157146366,false,רוטב היינץ צילי ומיס,היינץ פודס,GB,רוטב היינץ צילי ומיסו 250 מל,מיליליטרים,250.00,"100 מ""ל",false,6,14.90,5.9600,true,1,347256
5000157146373,false,רוטב היינץ לימון וגז,היינץ פודס,GB,רוטב היינץ לימון וגזר 250 מל,מיליליטרים,250.00,"100 מ""ל",false,6,14.90,5.9600,true,1,347255
5000157146380,false,רוטב היינץ עגבניות ק,היינץ פודס,GB,רוטב היינץ עגבניות קוקוס וצילי 250 מל,מיליליטרים,250.00,"100 מ""ל",false,6,14.90,5.9600,true,1,347258
5000157146397,false,רוטב היינץ בלסמי ורו,היינץ פודס,GB,רוטב היינץ בלסמי ורוזמרין 250 מל,מיליליטרים,250.00,"100 מ""ל",false,6,14.90,5.9600,true,1,347254
5000159020312,false,חטיף מלטיזרס 37 גרם,מרס,,חטיף מלטיזרס 37 גרם,Unknown,0.00,Unknown,false,1,5.00,0.0000,true,1,228806
5000159344074,false,מאגדת שלגון סניקרס 6,,,מאגדת שלגון סניקרס 6יח,יחידה,6.00,יחידה,false,12,32.90,5.4833,true,1,326037
5000159376655,false,סוכריות סקיטלס פירות,,,סוכריות סקיטלס פירות 38 גר,Unknown,0.00,Unknown,false,1,3.00,0.0000,true,1,332932
5000159376792,false,סוכריות סקיטלס פירות,,,סוכריות סקיטלס פירות חמוצים 38 גר,Unknown,0.00,Unknown,false,1,3.00,0.0000,true,1,332933
5000159397292,false,מאגדת גלידה מארס 6יח,,,מאגדת גלידה מארס 6יח,יחידה,6.00,יחידה,false,12,32.90,5.4833,true,1,326034
5000159407236,false,חטיף מרס שוקולד 51 ג,מרס,,חטיף מרס שוקולד 51 גרם,Unknown,0.00,Unknown,false,1,3.90,0.0000,true,1,235757
5000159409179,false,חטיפי מיני סניקרס403,מרס,,חטיפי מיני סניקרס 408 ג בשקית,גרמים,403.00,100 גרם,false,1,19.90,4.9380,true,1,249332
5000159414197,false,סוכריות מאלטיזרס 135,,,סוכריות מאלטיזרס 135 גרם,גרמים,135.00,100 גרם,false,,11.90,8.8148,true,1,345229
5000159422345,false,מאגדת שלגוני סניקרס,,,מאגדת שלגוני סניקרס 18יח,יחידה,18.00,יחידה,false,1,59.90,3.3278,true,1,345492
5000159441155,false,חטיף מארס שמינייה 28,מרס,,חטיף מארס שמינייה 280 גרם,גרמים,280.00,100 גרם,false,18,12.90,4.6071,true,1,322514
5000159442572,false,חטיפי מיני טויקס 403,מרס,,חטיפי מיני טויקס 408 ג בשקית,גרמים,403.00,100 גרם,false,1,19.90,4.9380,true,1,249333
5000159452540,false,מארז 5 יח חטיף סניקר,מארס,NL,מארז 5 יח חטיף סניקרס 50 גרם,גרמים,250.00,100 גרם,false,17,10.90,4.3600,true,1,338215
5000159452663,false,מארז 5 יח חטיף מרס 4,מארס,NL,מארז 5 יח חטיף מרס 45 גגם,גרמים,225.00,100 גרם,false,17,10.90,4.8444,true,1,338218
5000159452977,false,חטיפי מיני מיקס 400,מרס,,חטיפי מיני מיקס 408 ג בשקית,גרמים,400.00,100 גרם,false,1,19.90,4.9750,true,1,249334
5000159459228,false,חטיף טוויקס 50 ג,מרס,,חטיף טוויקס 50 ג,Unknown,0.00,Unknown,false,1,3.90,0.0000,true,1,246185
5000159461122,false,חטיף סניקרס 50 ג,מרס,,חטיף סניקרס 50 ג,Unknown,0.00,Unknown,false,1,3.90,0.0000,true,1,246184
5000159483063,false,מאגדת שלגון באונטי 6,,,מאגדת שלגון באונטי 6יח,יחידה,6.00,יחידה,false,12,32.90,5.4833,true,1,326038
5000159484695,false,מאגדת שלגון טוויקס 6,,,מאגדת שלגון טוויקס 6יח,יחידה,6.00,יחידה,false,12,32.90,5.4833,true,1,326039
5000159485920,false,שוקולד מלטיזרס 100 ג,מרס,GB,שוקולד מלטיזרס 100 גרם,גרמים,100.00,100 גרם,false,23,10.90,10.9000,true,1,346360
5000159500692,false,בונבוניירה סלבריישן,מרס,NL,בונבוניירה סלבריישן בקבוק 312 גרם,גרמים,312.00,100 גרם,false,12,32.90,10.5449,true,1,338999
5000159500845,false,בונבוניירה סלבריישן,מיילי,,בונבוניירה סלבריישן 196 גרם,גרמים,196.00,100 גרם,false,1,20.90,10.6633,true,1,317274
5000159515443,false,מאגדת שלגון סניקרס 4,,FR,מאגדת שלגון סניקרס 4יח,יחידה,4.00,יחידה,false,8,41.90,10.4750,true,1,346445
5000159516235,false,שוקולד אם אנד אמס בו,מרס,IE,שוקולד אם אנד אמס בוטנים 165 גרם,גרמים,165.00,100 גרם,false,16,18.90,11.4545,true,1,330667
5000159516259,false,שוקולד אם אנד אמס 16,מרס,IE,שוקולד אם אנד אמס 165 גרם,גרמים,165.00,100 גרם,false,16,18.90,11.4545,true,1,330668
5000159516273,false,שוקולד אם אנד אמס קר,מרס,IE,שוקולד אם אנד אמס קריספי 165 גרם,גרמים,150.00,100 גרם,false,16,18.90,12.6000,true,1,330669
5000159516297,false,שוקולד אם אנד אמס אג,מרס,IE,שוקולד אם אנד אמס אגוז 165 גרם,גרמים,165.00,100 גרם,false,16,18.90,11.4545,true,1,330670
5000159526081,false,מאגדת גלידה סניקרס ק,,,מאגדת גלידה סניקרס קריספי 6 יח,יחידה,6.00,יחידה,false,1,34.90,5.8167,true,1,342247
5000159530613,false,מאגדת שלגוני מארס 18,,,מאגדת שלגוני מארס 18יח,יחידה,18.00,יחידה,false,1,59.90,3.3278,true,1,345491
5000159536400,false,חטיפי טוויקס סטיקס 1,מרס,,חטיפי טוויקס סטיקס 10 יח 200 גרם,גרמים,200.00,100 גרם,false,1,15.90,7.9500,true,1,337861
5000159538626,false,מארז 5 יח חטיף טוויק,מארס,NL,מארז 5 יח חטיף טוויקס 50 גרם,גרמים,250.00,100 גרם,false,17,10.90,4.3600,true,1,338216
5000159538640,false,מארז 5 יח חטיף באונט,מארס,NL,מארז 5 יח חטיף באונטי 57 גרם,גרמים,285.00,100 גרם,false,17,10.90,3.8246,true,1,338217
5000159541152,false,חטיף טוויקס לבן 46 ג,מרס,,חטיף טוויקס לבן 46 גרם,Unknown,0.00,Unknown,false,1,3.90,0.0000,true,1,344616
5000168199245,false,שוקולד גודאיבה פיור,,,שוקולד גודאיבה פיור חלב קרמל מלוח 90גר,Unknown,0.00,Unknown,false,18,14.90,0.0000,true,1,325674
5000175411118,false,קוביות אוקסו עוף 6 י,,GB,קוביות אוקסו עוף 6 יח 71 גר,Unknown,0.00,Unknown,false,24,25.00,0.0000,true,1,245411
5000175411187,false,קוביות אוקסו בשר 6 י,,GB,קוביות אוקסו בשר 6 יח 71 גרם,Unknown,0.00,Unknown,false,24,19.90,0.0000,true,1,245412
5000184221241,false,תערובת קנור ארומט 90,,,תערובת קנור ארומט 90 גר,Unknown,0.00,Unknown,false,1,16.90,0.0000,true,1,247333
5000204048711,false,קיווי להגנת נעלי ספו,SC Jonson,,קיווי להגנת נעלי ספורט 200מל,מיליליטרים,200.00,"100 מ""ל",false,6,16.90,8.4500,true,1,342433
5000204048742,false,קיווי לבישום נעלי ספ,SC Jonson,,קיווי לבישום נעלי ספורט 100מל,מיליליטרים,100.00,"100 מ""ל",false,6,16.90,16.9000,true,1,342432
5000204048803,false,קיווי לניקוי נעלי ספ,SC Jonson,PL,קיווי לניקוי נעלי ספורט 75מל,מיליליטרים,100.00,"100 מ""ל",false,6,16.90,16.9000,true,1,342434
5000204114867,false,מ.אוויר גלייד ספריי,coster aerosol vail,,מ.אוויר גלייד ספריי 300מל בניחוח וניל,מיליליטרים,300.00,"100 מ""ל",false,1,8.90,2.9667,true,1,329919
5000204114898,false,מ.אוויר גלייד ספריי,coster aerosol vail,,מ.אוויר גלייד ספריי 300מל בניחוח מרכך,מיליליטרים,300.00,"100 מ""ל",false,1,8.90,2.9667,true,1,329921
5000204114928,false,מ.אוויר גלייד ספריי,coster aerosol vail,,מ.אוויר גלייד ספריי 300מל בניחוח דובדבן,מיליליטרים,300.00,"100 מ""ל",false,1,8.90,2.9667,true,1,329918
5000204115048,false,מ.אוויר גלייד ספריי,coster aerosol vail,,מ.אוויר גלייד ספריי 300מל בניחוח לבנדר,מיליליטרים,300.00,"100 מ""ל",false,1,8.90,2.9667,true,1,329920
5000204120776,false,מ. אוויר גלייד מוצק,,,מ. אוויר גלייד מוצק בניחוח מרכך 150 גר,גרמים,150.00,100 גרם,false,1,8.90,5.9333,true,1,329911
5000204133509,false,שקיות איחסון זיפלוק,,US,שקיות איחסון זיפלוק גדולות 19יח,יחידה,19.00,יחידה,false,12,13.90,0.7316,true,1,335527
5000204151022,false,ספריי לניקוי רהיטים,SC Jonson,,ספריי לניקוי רהיטים פלדג לבנדר 250 מל,מיליליטרים,250.00,"100 מ""ל",false,1,15.90,6.3600,true,1,332410
5000204151053,false,ספריי לניקוי רהיטים,SC Jonson,,ספריי לניקוי רהיטים פלדג טבעי 250 מל,מיליליטרים,250.00,"100 מ""ל",false,1,15.90,6.3600,true,1,332409
5000204151084,false,ספריי פלדג לניקוי כל,SC Jonson,,ספריי פלדג לניקוי כללי לימון 250מל,מיליליטרים,250.00,"100 מ""ל",false,1,15.90,6.3600,true,1,332412
5000204153729,false,מילוי מ. אויר גלייד,coster aerosol vail,,מילוי מ. אויר גלייד אוטומטי לבנדר וניל,מיליליטרים,269.00,"100 מ""ל",false,1,15.90,5.9108,true,1,333770
5000204153842,false,מילוי מ. אויר גלייד,coster aerosol vail,,מילוי מ. אויר גלייד אוטומטי וניל 269 מל,מיליליטרים,269.00,"100 מ""ל",false,1,15.90,5.9108,true,1,333772
5000204153903,false,מילוי מ. אויר גלייד,coster aerosol vail,,מילוי מ. אויר גלייד אוטומטי מרכך כביסה,מיליליטרים,269.00,"100 מ""ל",false,1,15.90,5.9108,true,1,333771
5000204155723,false,מ.אויר גלייד אוטומטי,,,מ.אויר גלייד אוטומטי מילוי ריח מרכך כביס,גרמים,400.00,100 גרם,false,1,39.90,9.9750,true,1,333768
5000204156218,false,מ.אויר גלייד אוטומטי,,,מ.אויר גלייד אוטומטי ומילוי לבנדר וניל,גרמים,400.00,100 גרם,false,1,39.90,9.9750,true,1,333767
5000204167610,false,מ.אוויר גלייד ספריי,coster aerosol vail,,מ.אוויר גלייד ספריי 300מל בניחוח קינמון,מיליליטרים,300.00,"100 מ""ל",false,1,8.90,2.9667,true,1,342435
5000204167856,false,מילוי מ. אויר גלייד,coster aerosol vail,,מילוי מ. אויר גלייד אוטומטי 269מל קינמון,מיליליטרים,269.00,"100 מ""ל",false,1,15.90,5.9108,true,1,342439
5000204171884,false,מילוי סבון אסלה דאק,,NL,מילוי סבון אסלה דאק דיסק גל ח.פטל 36מל,Unknown,0.00,Unknown,false,10,13.90,0.0000,true,1,336080
5000204182026,false,מטהר אויר גלייד גל 1,,PL,מטהר אויר גלייד גל 180גר בניחוח אודיסאה,גרמים,180.00,100 גרם,false,8,10.90,6.0556,true,1,338256
5000204182057,false,מטהר אויר גלייד גל 1,,PL,מטהר אויר גלייד גל 180גר בניחוח לבנדר,גרמים,180.00,100 גרם,false,8,10.90,6.0556,true,1,338255
5000204196658,false,מילוי רייד נוזלי לית,,,מילוי רייד נוזלי ליתושים 45 יום,Unknown,0.00,Unknown,false,1,19.90,0.0000,true,1,338261
5000204196689,false,רייד מכשיר חשמלי 90,SC Jonson,,רייד מכשיר חשמלי 90 לילות +זוג נוזל,יחידה,1.00,יחידה,false,1,44.90,44.9000,true,1,338259
5000204196894,false,מילוי רייד נוזלי לית,,,מילוי רייד נוזלי ליתושים 45 יום אקליפטוס,Unknown,0.00,Unknown,false,1,19.90,0.0000,true,1,338254
5000204196924,false,זוג מילוי רייד נוזלי,SC Jonson,,זוג מילוי רייד נוזלי ליתושים 90 לילות,יחידה,45.00,יחידה,false,1,34.90,0.7756,true,1,338260
5000204197051,false,מכשיר רייד +מילוי נו,SC Jonson,,מכשיר רייד +מילוי נוזל 45 לילות,יחידה,1.00,יחידה,false,1,34.90,34.9000,true,1,338262
5000204225655,false,מילוי מ. אויר גלייד,coster aerosol vail,,מילוי מ. אויר גלייד אוטומטי 269מל פטל,מיליליטרים,269.00,"100 מ""ל",false,1,15.90,5.9108,true,1,342440
5000204227192,false,מקלות בישום גלייד בנ,,,מקלות בישום גלייד בניחוח רגע של נחת 80מל,Unknown,0.00,Unknown,false,6,21.90,0.0000,true,1,342431
5000204657883,false,מש.נעליים קיווי חום,SC Jonson,,מש.נעליים קיווי חום 50 מל בקופסא,Unknown,0.00,Unknown,false,1,6.50,0.0000,true,1,244966
5000204657913,false,מש.נעליים קיווי שחור,SC Jonson,,מש.נעליים קיווי שחור 50 מל בקופסא,Unknown,0.00,Unknown,false,1,6.50,0.0000,true,1,244965
5000204658064,false,קיווי אקספרס שחור חד,SC Jonson,,קיווי אקספרס שחור חדש לנעליים,Unknown,0.00,Unknown,false,1,14.90,0.0000,true,1,244959
5000204658125,false,נ.נעליים קיווי קראון,SC Jonson,,נ.נעליים קיווי קראון חום 75 מל חדש,Unknown,0.00,Unknown,false,1,14.90,0.0000,true,1,244962
5000204658187,false,נ.נעליים קיווי קראון,SC Jonson,,נ.נעליים קיווי קראון שחור 75 מל חדש,Unknown,0.00,Unknown,false,1,14.90,0.0000,true,1,244963
5000204660159,false,קיווי אקספרס שקוף חד,SC Jonson,,קיווי אקספרס שקוף חדש לנעליים,Unknown,0.00,Unknown,false,1,14.90,0.0000,true,1,244961
5000204661392,false,מש.נעליים קיווי אקסט,SC Jonson,,מש.נעליים קיווי אקסטרא שחור 100 מל קופסא,מיליליטרים,100.00,"100 מ""ל",false,1,8.90,8.9000,true,1,244964
5000204886566,false,פלדג שמן לרהיטים תפו,SC Jonson,US,פלדג שמן תפוז 473 מל,מיליליטרים,473.00,"100 מ""ל",false,6,28.90,6.1099,true,1,229866
5000209145514,false,מי פה קולגייט פלקס מ,,BR,מי פה קולגייט פלקס מנטה עדין 250 מל,מיליליטרים,250.00,"100 מ""ל",false,12,14.90,5.9600,true,1,325688
5000213014905,false,בירה גינס בפחית 440,קרלסברג ישראל,IE,גינס פחית 440 מל,מיליליטרים,500.00,"100 מ""ל",false,24,14.90,2.9800,true,1,245811
5000267014234,false,ויסקי גוני ווקר אדום,,,ויסקי גוני ווקר אדום 700 מל פקדון קרטון,מיליליטרים,700.00,"100 מ""ל",false,1,74.90,10.7000,true,1,333897
5000267024233,false,וויסקי גוני ווקר שחו,,,וויסקי גוני ווקר שחור 700 מל באריזה,מיליליטרים,700.00,"100 מ""ל",false,1,109.90,15.7000,true,1,237052
5000267117560,false,וויסקי גוני ווקר גול,,,וויסקי גוני ווקר גולד ריזרב 700 מל,מיליליטרים,700.00,"100 מ""ל",false,6,150.00,21.4286,true,1,333907
5000267134710,false,וויסקי גוני ווקר גרי,,,וויסקי גוני ווקר גרין 700 מל,מיליליטרים,700.00,"100 מ""ל",false,6,189.00,27.0000,true,1,333908
5000281040899,false,רום קפטן מורגן לבן 7,,,רום קפטן מורגן לבן 700 מל,מיליליטרים,700.00,"100 מ""ל",false,6,105.00,15.0000,true,1,335343
5000289925440,false,גין גורדון 700 מל,justrini & brooks,,גין גורדון 700 מל,מיליליטרים,700.00,"100 מ""ל",false,6,84.90,12.1286,true,1,333905
5000291020706,false,משקה גין טנקרי 700 מ,charles tanpueray,,משקה גין טנקרי 700 מל פיקדון,מיליליטרים,700.00,"100 מ""ל",false,1,109.00,15.5714,true,1,237025
5000299211243,false,וויסקי רויאל סלוט 21,,,וויסקי רויאל סלוט 21 שנה 700 מל,מיליליטרים,700.00,"100 מ""ל",false,1,449.00,64.1429,true,1,324967
5000299223031,false,רום קפטן מורגן ספייס,captain morgan,,רום קפטן מורגן ספייסד 750 מל,מיליליטרים,75000.00,"100 מ""ל",false,1,109.00,0.1453,true,1,243032
5000299605950,false,גין ביפאיטר פינק 700,,,גין ביפאיטר פינק 700 מל,מיליליטרים,700.00,"100 מ""ל",false,6,106.00,15.1429,true,1,328275
5000299622049,false,וויסקי שיבס אקס וי 1,,,וויסקי שיבס אקס וי 15 שנה 700 מל,מיליליטרים,700.00,"100 מ""ל",false,1,185.00,26.4286,true,1,327848
5000312000700,false,אבקת קקאו קדבורי 250,,,אבקת קקאו קדבורי 250גר,גרמים,250.00,100 גרם,false,12,28.90,11.5600,true,1,330362
5000328181844,false,סלסה דוריטוס דיפ גבי,,,סלסה דוריטוס דיפ גבינה 300 גרם,גרמים,300.00,100 גרם,false,6,16.90,5.6333,true,1,338026
5000328601380,false,סלסה דוריטוס דיפ חרי,,,סלסה דוריטוס דיפ חריפה 300 גרם,גרמים,300.00,100 גרם,false,6,16.90,5.6333,true,1,338024
5000329002193,false,גין ביפאיטר 700 מל,פרנו ריקרד יורו,,גין ביפאיטר 700 מל,מיליליטרים,700.00,"100 מ""ל",false,1,99.00,14.1429,true,1,322699
5000354912672,false,אבקת פודינג קסטרד בי,יוניליוור,GB,אבקת פודינג קסטרד בירד 300 גר,גרמים,300.00,100 גרם,false,12,16.90,5.6333,true,1,343880
5000394019089,false,סוללת דורסל סי פלוס,פרוקטר אנד גמבל,,סוללת דורסל סי פלוס פאוור,יחידה,1.00,יחידה,false,1,24.90,24.9000,true,1,310887
5000394019171,false,סוללת דורסל די פלוס,פרוקטר אנד גמבל,,סוללת דורסל די פלוס פאוור,יחידה,1.00,יחידה,false,1,24.90,24.9000,true,1,310888
5000394137486,false,סוללות דורסל 4יח אופ,פרוקטר אנד גמבל,BE,סוללות דורסל 4יח אופטימום 2021AA,יחידה,4.00,יחידה,false,16,18.90,4.7250,true,1,341949
5000394137516,false,סוללות דורסל 4יח אופ,פרוקטר אנד גמבל,BE,סוללות דורסל 4יח אופטימום 2021AAA,יחידה,4.00,יחידה,false,8,18.90,4.7250,true,1,341950
5000394140851,false,סוללות דורסל 4יח פלו,פרוקטר אנד גמבל,BE,סוללות דורסל 4יח פלוס פאוור AA,יחידה,4.00,יחידה,false,24,9.90,2.4750,true,1,341945
5000394141117,false,סוללות דורסל 4יח פלו,פרוקטר אנד גמבל,BE,סוללות דורסל 4יח פלוס פאוור AAA,יחידה,4.00,יחידה,false,24,9.90,2.4750,true,1,341946
5000396037548,false,ביסקויט מקוויטס מצופ,MACVUTES,GB,ביסקויט מקוויטס מצופה מריר 200 גרם,גרמים,200.00,100 גרם,false,10,11.90,5.9500,true,1,318324
5000409006714,false,מלפפון חמוץ פיקנטי 6,EMPIRE BESPOKE FOODS,GB,MRS ELSWOOD-מלפפונים פיקנטי 670גר,גרמים,670.00,100 גרם,false,6,23.00,3.4328,true,1,251289
5010026515940,false,מוזלי מורנפליק קריספ,מורנינג פוד,GB,מוזלי מורנפליק קריספי פירות 650 גרם,גרמים,650.00,100 גרם,false,1,24.90,3.8308,true,1,344474
5010029000016,false,דגני וויטביקס מקורי,וויטביקס,,דגני וויטביקס מקורי 430גרם,גרמים,430.00,100 גרם,false,1,23.90,5.5581,true,1,321631
5010029000252,false,דגנים וויטביקס מקורי,וויטביקס,,דגנים וויטביקס מקורי 430 גרם,גרמים,430.00,100 גרם,false,14,23.90,5.5581,true,1,318462
5010029201246,false,גרנולה אלפן שקדים וצ,וויטביקס,GB,גרנולה אלפן שקדים וצימוקים ל.ס.560 גרם,גרמים,560.00,100 גרם,false,12,26.90,4.8036,true,1,327820
5010029207286,false,דגני וויטביקס וויטפל,וויטביקס,,דגני וויטביקס וויטפלייקס 375 גרם,גרמים,375.00,100 גרם,false,1,23.90,6.3733,true,1,333343
5010029219241,false,דגני וויטביקס קריספי,וויטביקס,,דגני וויטביקס קריספי שוקו ציפס 450 גרם,גרמים,450.00,100 גרם,false,1,23.90,5.3111,true,1,321633
5010029221084,false,דגני וויטביקס פרוטאי,וויטביקס,,דגני וויטביקס פרוטאין קראנץ 450 גרם,גרמים,450.00,100 גרם,false,1,22.90,5.0889,true,1,321634
5010029221701,false,דגני וויטביקס פרוטאי,וויטביקס,GB,דגני וויטביקס פרוטאין 440 גרם,גרמים,440.00,100 גרם,false,1,22.90,5.2045,true,1,321632
5010029222005,false,דגני וויטביקס פרוטאי,וויטביקס,,דגני וויטביקס פרוטאין 440 גרם,גרמים,440.00,100 גרם,false,1,22.90,5.2045,true,1,340725
5010029223484,false,גרנולה אלפן חמוציות,וויטביקס,GB,גרנולה אלפן חמוציות תות אוכמ ל.ס.560 גרם,גרמים,560.00,100 גרם,false,12,26.90,4.8036,true,1,327827
5010038443088,false,בירה קורס לייט 440מל,,GB,בירה קורס לייט 440מל פח. פקדון,מיליליטרים,440.00,"100 מ""ל",false,24,7.90,1.7955,true,1,332520
5010038454831,false,בירה בלו מון 330 מל,,,בירה בלו מון 330 מל 5.4% פקדון,מיליליטרים,330.00,"100 מ""ל",false,1,11.90,3.6061,true,1,329599
5010067322453,false,טרוביה תחליף אבקת סו,,US,טרוביה תחליף אבקת סוכר 280 גר,גרמים,280.00,100 גרם,false,6,34.90,12.4643,true,1,347737
5010103800259,false,וויסקי גי.אנד.בי 700,justrini & brooks,,וויסקי גי.אנד.בי 700 מל פיקדון,מיליליטרים,70000.00,"100 מ""ל",false,1,89.00,0.1271,true,1,230260
5010103913225,false,יין קולקשן שרדונה סט,,US,יין קולקשן שרדונה סטרלינג וינטנרס 750,מיליליטרים,750.00,"100 מ""ל",false,12,85.00,11.3333,true,1,327339
5010103913249,false,יין קולקשן מרלו סטרל,,US,יין קולקשן מרלו 750 מל,מיליליטרים,750.00,"100 מ""ל",false,6,85.00,11.3333,true,1,327337
5010106110386,false,וויסקי בלנטיינס 21 ש,,,וויסקי בלנטיינס 21 שנה 700מל פקדון,מיליליטרים,700.00,"100 מ""ל",false,1,419.00,59.8571,true,1,247086
5010115900596,false,סירופ גולדן לחיץ 454,,GB,סירופ גולדן לחיץ 454 גר,גרמים,454.00,100 גרם,false,12,20.90,4.6035,true,1,337395
5010115900701,false,סירופ טופינג שוקולד,,GB,סירופ טופינג שוקולד 325 גרם,גרמים,325.00,100 גרם,false,8,18.90,5.8154,true,1,337426
5010134911665,false,יין בנרוק סטיישן קבר,,GB,יין בנרוק סטיישן קברנה סובוניון 750 מל,מיליליטרים,750.00,"100 מ""ל",false,6,40.00,5.3333,true,1,330811
5010134916677,false,יין קומאלה שיראז 750,,,יין קומאלה שיראז 750 מל,מיליליטרים,750.00,"100 מ""ל",false,1,45.00,6.0000,true,1,324915
5010182996799,false,גל אסלה דאק בניחוח פ,DEOFLOR,IT,דאק גל אסלה פרחי בר ורודים - 55 מל,Unknown,0.00,Unknown,false,12,9.90,0.0000,true,1,230411
5010182996805,false,רייד מונע עש בניחוח,ZOBELE,IT,רייד מונע עש שמן עץ הארז,Unknown,0.00,Unknown,false,24,12.90,0.0000,true,1,230175
5010182997253,false,רייד פי 3 קוטל זוחלי,SC Jonson,NL,רייד קוטל גוקים 300 מל,מיליליטרים,300.00,"100 מ""ל",false,12,15.90,5.3000,true,1,228889
5010182997338,false,ט.דאק גל אסלה רענן י,DEOFLOR,IT,דאק גל אסלה רענן ירוק- 55 מל,Unknown,0.00,Unknown,false,12,9.90,0.0000,true,1,228577
5010182997680,false,רייד מקס ארוסול קוטל,SC Jonson,NL,רייד ארוסול -קוטל זוחלים -אדום 300 מל,מיליליטרים,300.00,"100 מ""ל",false,12,15.90,5.3000,true,1,228579
5010182997918,false,טואלט דאק גל אסלה י,DEOFLOR,IT,דאק גל אסלה ים כחול- 55 מל,Unknown,0.00,Unknown,false,12,9.90,0.0000,true,1,228580
5010182998847,false,טוא.דאק נוזל כחול 7,SC Jonson,,טוא.דאק נוזל כחול 750 מל,מיליליטרים,750.00,"100 מ""ל",false,1,10.90,1.4533,true,1,228581
5010182998861,false,טואלט דאק נוזל ירוק,SC Jonson,,טואלט דאק נוזל ירוק 750 מל,מיליליטרים,750.00,"100 מ""ל",false,1,10.90,1.4533,true,1,228582
5010186019326,false,יין בנרוק סטיישן שרד,,GB,יין בנרוק סטיישן שרדונה 750 מל,מיליליטרים,750.00,"100 מ""ל",false,6,40.00,5.3333,true,1,330810
5010265000689,false,פת פריכה שיפון ושומש,דה ג'ורדנס אנד ריווי,,פת פריכה שיפון ושומשום 250 גרם,גרמים,250.00,100 גרם,false,1,10.00,4.0000,true,1,321187
5010265002836,false,פת ריויטה קמח שיפון,דה ג'ורדנס אנד ריווי,GB,פת ריויטה קמח שיפון ושיפון 250 גר,גרמים,250.00,100 גרם,false,12,10.90,4.3600,true,1,311566
5010314101015,false,וויסקי פיימוס גראוס,מתיו גלוג אנד סאן,,וויסקי פיימוס גראוס 1 לי,ליטרים,1.00,ליטר,false,1,120.00,120.0000,true,1,309372
5010327000039,false,וויסקי גרנטס 1 ל,גרנט'ס (William Gran,,וויסקי גרנטס 1 ל פקדון,ליטרים,1.00,ליטר,false,1,109.00,109.0000,true,1,241119
5010327000046,false,וויסקי גרנטס 700 מל,גרנט'ס (William Gran,,וויסקי גרנטס 700 מל פקדון,מיליליטרים,700.00,"100 מ""ל",false,1,74.90,10.7000,true,1,229431
5010327000176,false,וויסקי גלנפידיך מולט,גרנט'ס (William Gran,,וויסקי גלנפידיך מולט 12 שנה 700 מל פיקד,מיליליטרים,750.00,"100 מ""ל",false,1,180.00,24.0000,true,1,235975
5010327105215,false,וויסקי מונקי שולדר ג,גרנט'ס (William Gran,,וויסקי מונקי שולדר גלנפידיך בלויני 700מל,מיליליטרים,700.00,"100 מ""ל",false,1,139.90,19.9857,true,1,247427
5010327305585,false,וויסקי גלנפידיך פייר,גלנפידיך,GB,וויסקי גלנפידיך פייר אנד קאן 700 מל,מיליליטרים,700.00,"100 מ""ל",false,6,189.00,27.0000,true,1,326645
5010327325125,false,וויסקי גלנפידיך 15 ש,גרנט'ס (William Gran,,וויסקי גלנפידיך 15 שנה סולרה רזרב 700מל,מיליליטרים,750.00,"100 מ""ל",false,1,239.00,31.8667,true,1,241116
5010327325323,false,וויסקי גלנפידיך 18 ש,גרנט'ס (William Gran,,וויסקי גלנפידיך 18 שנה אנשנט רזרב 700מל,מיליליטרים,700.00,"100 מ""ל",false,1,349.00,49.8571,true,1,337190
5010327399614,false,וויסקי גלנפידיך אמרי,גרנט'ס (William Gran,,וויסקי גלנפידיך מולט 12 שנה 700 מל,מיליליטרים,750.00,"100 מ""ל",false,1,159.90,21.3200,true,1,346858
5010327405223,false,רום סיילור גרי 700 מ,גרנט'ס (William Gran,,רום סיילור גרי 700 מל,מיליליטרים,700.00,"100 מ""ל",false,1,140.00,20.0000,true,1,251658
5010327505138,false,וויסקי בלויני 12 שנה,גרנט'ס (William Gran,,וויסקי בלויני 12 שנה 700 מל פקדון,מיליליטרים,700.00,"100 מ""ל",false,1,259.00,37.0000,true,1,241112
5010327658544,false,בירה אינס אנד גון או,,,בירה אינס אנד גון אורגינל 330מל פקדון,מיליליטרים,330.00,"100 מ""ל",false,1,12.90,3.9091,true,1,318449
5010327755014,false,גין הנדריקס 700מל,גרנט'ס (William Gran,,גין הנדריקס 700מל פקדון,מיליליטרים,700.00,"100 מ""ל",false,1,150.00,21.4286,true,1,246567
5010346000010,false,חלב מאודה נסטלה קרני,,GB,חלב מאודה נסטלה קרניישן 410גר,מיליליטרים,410.00,"100 מ""ל",false,12,19.90,4.8537,true,1,329039
5010391100703,false,ליקר דרמבוי 750 מל,גרנט'ס (William Gran,,ליקר דרמבוי 750 מל פיקדון,מיליליטרים,750.00,"100 מ""ל",false,1,135.00,18.0000,true,1,255329
5010494560282,false,וויסקי גלנמורנג אורג,,,וויסקי גלנמורנג אורגינל 10 שנים 700 מל,מיליליטרים,700.00,"100 מ""ל",false,1,150.00,21.4286,true,1,254244
5010494917840,false,וויסקי גלנמורנג לסנט,,,וויסקי גלנמורנג לסנטה 12 שנים 700 מל,מיליליטרים,700.00,"100 מ""ל",false,1,260.00,37.1429,true,1,254246
5010496001769,false,וויסקי אוכנטושן 12 ש,אדרינגטון פיקס,,וויסקי אוכנטושן 12 שנה 700 מל פקדון,מיליליטרים,700.00,"100 מ""ל",false,1,235.00,33.5714,true,1,242615
5010496003565,false,וויסקי אוכנטושן אמרי,אדרינגטון פיקס,,וויסקי אוכנטושן אמריקן אור 700 מל,מיליליטרים,700.00,"100 מ""ל",false,1,120.00,17.1429,true,1,314130
5010677180016,false,גין בומביי ספייר איס,גי גי,,גין בומביי ספייר איסט 700 מל,מיליליטרים,700.00,"100 מ""ל",false,1,149.00,21.2857,true,1,254401
5010677551281,false,משקה בקרדי בריזר לימ,,,משקה בקרדי בריזר לימון 275מל פיקדון,מיליליטרים,275.00,"100 מ""ל",false,1,11.90,4.3273,true,1,229135
5010677551397,false,משקה בקרדי בריזר לימ,,,משקה בקרדי בריזר לימון ליים 275מל פיקדון,מיליליטרים,275.00,"100 מ""ל",false,1,11.90,4.3273,true,1,255194
5010677552387,false,משקה בקרדי בריזר אננ,,,משקה בקרדי בריזר אננס 275מל פיקדון,מיליליטרים,275.00,"100 מ""ל",false,1,11.90,4.3273,true,1,229136
5010677554398,false,משקה בקרדי בריזר אבט,,,משקה בקרדי בריזר אבטיח 275מל פיקדון,מיליליטרים,275.00,"100 מ""ל",false,1,11.90,4.3273,true,1,229134
5010677714006,false,משקה גין בומביי ספיי,,,משקה גין בומביי ספייר 700 מל פיקדון,מיליליטרים,700.00,"100 מ""ל",false,4,120.00,17.1429,true,1,321553
5010677850100,false,וודקה גריי גוס 700 מ,בקרדי מרטיני,,וודקה גריי גוס 700 מל,מיליליטרים,700.00,"100 מ""ל",false,6,119.00,17.0000,true,1,326952
5010724526798,false,שמפו בטיסט לשיער יבש,צארץ אנד דיוויט,GB,שמפו בטיסט לשיער יבש בניחוח דובדבן 200מל,מיליליטרים,200.00,"100 מ""ל",false,6,29.90,14.9500,true,1,311165
5010867130128,false,יין ווארז פורט לבן 7,פורטוגל- סימינגטון,,יין ווארז פורט לבן 750 מל פקדון,מיליליטרים,750.00,"100 מ""ל",false,1,75.00,10.0000,true,1,241876
5010867206564,false,יין דאוז פורט נירווא,פורטוגל- סימינגטון,,יין דאוז פורט נירוואנה 750 מל פקדון,מיליליטרים,750.00,"100 מ""ל",false,1,80.00,10.6667,true,1,241877
5010867400054,false,יין פורט גראהם לבן 7,גראהם,,יין פורט גראהם לבן 750 מל,מיליליטרים,750.00,"100 מ""ל",false,1,70.00,9.3333,true,1,307379
5010867600027,false,יין אדום דיוק אוף קל,פורטוגל דה מדיירה וו,,יין אדום דיוק אוף קלארנס ריץ מדיירה 750מ,מיליליטרים,750.00,"100 מ""ל",false,1,100.00,13.3333,true,1,241354
5011007003227,false,וויסקי גיימסון 1 ל פ,,,וויסקי גיימסון 1 ל פיקדון,ליטרים,1.00,ליטר,false,1,129.00,129.0000,true,1,233086
5011013100132,false,ליקר אייריש קרים ביי,r&a baileys,,ליקר אייריש קרים בייליס 750 מל פקדון,מיליליטרים,750.00,"100 מ""ל",false,1,85.00,11.3333,true,1,230417
5011013500680,false,ליקר שרידנס 700 מל,thomas sheridans,,ליקר שרידנס 700 מל,מיליליטרים,70000.00,"100 מ""ל",false,1,89.00,0.1271,true,1,251248
5011013934546,false,ליקר אייריש קרים ביי,r&a baileys,,ליקר אייריש קרים בייליס קרמל מלוח 700מל,מיליליטרים,750.00,"100 מ""ל",false,1,85.00,11.3333,true,1,343452
5011013935178,false,ליקר אייריש קרים ביי,r&a baileys,,ליקר אייריש קרים בייליס פאי תפוחים 700מל,מיליליטרים,750.00,"100 מ""ל",false,1,85.00,11.3333,true,1,343451
5011026108019,false,וויסקי טולמור דיו אי,גרנט'ס (William Gran,,וויסקי טולמור דיו אירי 1 ל פקדון,ליטרים,1.00,ליטר,false,1,159.00,159.0000,true,1,241121
5011026108033,false,וויסקי טולמור דיו אי,גרנט'ס (William Gran,,וויסקי טולמור דיו אירי 700 מל פקדון,מיליליטרים,700.00,"100 מ""ל",false,1,99.90,14.2714,true,1,241120
5011157630281,false,אורז בסמטי טילדה 1 ק,TILDA,GB,אורז בסמטי טילדה 1 קג,קילוגרמים,1.00,"ק""ג",false,8,24.90,24.9000,true,1,230796
5011157671222,false,אורז בסמטי טילדה מלא,TILDA,GB,אורז בסמטי טילדה מלא 1 קג,קילוגרמים,1.00,"ק""ג",false,8,24.90,24.9000,true,1,339006
5011166055358,false,בירה קראביס גינגר 33,,,בירה קראביס גינגר 330 מל פקדון,מיליליטרים,330.00,"100 מ""ל",false,1,12.90,3.9091,true,1,313346
5011308505055,false,רוטב קארי מדרס פאטאק,,GB,רוטב קארי מדרס פאטאק 450 גרם,גרמים,450.00,100 גרם,false,6,19.90,4.4222,true,1,338967
5011348008479,false,בירה קינג גובלין 500,ויצ'וויד,,בירה קינג גובלין 500 מל פקדון,מיליליטרים,500.00,"100 מ""ל",false,8,16.90,3.3800,true,1,247527
5011348010335,false,בירה גינגר בירד 500,ויצ'וויד,GB,בירה גינגר בירד 500 מל פקדון,מיליליטרים,500.00,"100 מ""ל",false,8,16.90,3.3800,true,1,249135
5011348012094,false,בירה פדיגרי 500מל בק,,,בירה פדיגרי 500מל בק. פקדון,מיליליטרים,500.00,"100 מ""ל",false,1,16.90,3.3800,true,1,333842
5011348015194,false,בירה הובגובלין גולד,ויצ'וויד,GB,בירה הובגובלין גולד 500 מל פקדון,מיליליטרים,500.00,"100 מ""ל",false,8,16.90,3.3800,true,1,318117
5011348016238,false,בירה שיפיארד 500מל פ,ויצ'וויד,GB,בירה שיפיארד 500מל פקדון,מיליליטרים,500.00,"100 מ""ל",false,8,16.90,3.3800,true,1,318118
5011348016474,false,בירה פייר קאצר 500מל,ויצ'וויד,,בירה פייר קאצר 500מל פקדון,מיליליטרים,500.00,"100 מ""ל",false,1,16.90,3.3800,true,1,334819
5011348019772,false,בירה הובגובלין אי פי,ויצ'וויד,,בירה הובגובלין אי פי איי 500 מל פקדון,מיליליטרים,500.00,"100 מ""ל",false,1,16.90,3.3800,true,1,331292
5011348023458,false,בירה הובגובלין אי פי,,GB,בירה הובגובלין אי פי איי 500מל פח. פקדון,מיליליטרים,500.00,"100 מ""ל",false,24,14.90,2.9800,true,1,333498
5011348023892,false,בירה דייסמן 500מל בק,,,בירה דייסמן 500מל בק. פקדון,מיליליטרים,500.00,"100 מ""ל",false,1,16.90,3.3800,true,1,333851
5011417554760,false,מ.אוויר אירוויק נטול,RB פולין,,מ.אוויר אירוויק נטול גז ורדים 345 מל,מיליליטרים,345.00,"100 מ""ל",false,1,14.90,4.3188,true,1,240898
5011417563908,false,מ. אויר אירוויק פיור,רקיט בנקיזר,,מ. אויר אירוויק פיור התזה יבשה וניל 250מ,מיליליטרים,250.00,"100 מ""ל",false,1,15.90,6.3600,true,1,309236
5011417565414,false,מ. אויר אירוויק פיור,רקיט בנקיזר,,מ. אויר אירוויק פיור התזה יבשה לבנדר 250,מיליליטרים,250.00,"100 מ""ל",false,1,15.90,6.3600,true,1,309238
5012035950606,false,סוכריות הריבו בקבוקי,,GB,סוכריות הריבו בקבוקי זינג 160 גרם,גרמים,160.00,100 גרם,false,12,8.90,5.5625,true,1,346356
5012035958626,false,סוכריות הריבו ריינבו,,GB,סוכריות הריבו ריינבוא סטריפס 130 גרם,גרמים,130.00,100 גרם,false,12,10.90,8.3846,true,1,338317
5012909010863,false,זוג פטמות אוונט איטי,פיליפס אוונט,GB,זוג פטמות אוונט איטי לבקבוק תינוק,יחידה,1.00,יחידה,false,6,34.90,34.9000,true,1,234853
5013387204737,false,פרואט עוגיות ללא גלו,,,פרואט עוגיות ללא גלוטן קרם טעם פטל 160גר,גרמים,160.00,100 גרם,false,7,18.90,11.8125,true,1,331096
5013387205789,false,פרואט עוגיות ללג ש.ש,,,פרואט עוגיות ללג ש.שועל צימוקים 150גר,גרמים,150.00,100 גרם,false,6,18.90,12.6000,true,1,331097
5013387205826,false,חטיף שוקולד ללא גלוט,,,חטיף שוקולד ללא גלוטן פרואט 100 גר,גרמים,100.00,100 גרם,false,1,14.90,14.9000,true,1,331094
5013387206403,false,פרואט ביסקוויט דיגס,,,פרואט ביסקוויט דיגסטיב ללא גלוטן 160 גר,גרמים,160.00,100 גרם,false,7,18.90,11.8125,true,1,331095
5013414333041,false,בירה תורנברידג 330מל,,GB,בירה תורנברידג 330מל גייפור בק.פקדון,מיליליטרים,330.00,"100 מ""ל",false,12,14.90,4.5152,true,1,328271
5013414333119,false,בירה תורנברידג 330מל,,GB,בירה תורנברידג 330מל איי אם פי אם בק.פקד,מיליליטרים,330.00,"100 מ""ל",false,12,14.90,4.5152,true,1,328272
5013414333232,false,בירה תורנברידג קוקוא,,GB,בירה תורנברידג קוקואה וונדרלנד 330מל בק.,מיליליטרים,330.00,"100 מ""ל",false,12,14.90,4.5152,true,1,336159
5013414333751,false,בירה תורנברידג לורד,,GB,בירה תורנברידג לורד מארפלס 330מל בק.,מיליליטרים,330.00,"100 מ""ל",false,12,14.90,4.5152,true,1,339083
5013635101047,false,סמנה גהי חמאה 500 גר,KTC,GB,סמנה גהי חמאה 500 גרם,גרמים,500.00,100 גרם,false,12,89.90,17.9800,true,1,346201
5013931015741,false,ידית הפלא לשטיפת כלי,,,ידית הפלא לשטיפת כלים ירוק,יחידה,1.00,יחידה,false,1,24.90,24.9000,true,1,332419
5013931015758,false,מארז 3יח ספוגי החלפה,,,מארז 3יח ספוגי החלפה לשטיפת כלים,יחידה,3.00,יחידה,false,1,26.90,8.9667,true,1,332420
5013931015789,false,ידית הפלא לשטיפת כלי,,,ידית הפלא לשטיפת כלים עם כרית מתכת,יחידה,1.00,יחידה,false,1,24.90,24.9000,true,1,332421
5013931015819,false,מארז 2יח כריות מתכת,,,מארז 2יח כריות מתכת החלפה לידית הפלא,יחידה,3.00,יחידה,false,1,26.90,8.9667,true,1,332422
5014201701593,false,משקה סיידר תפוחים או,,,משקה סיידר תפוחים אולד רוזי 7.4% 355מל,מיליליטרים,355.00,"100 מ""ל",false,1,12.90,3.6338,true,1,330468
5014271001234,false,מעדן סנדלפור דובדבן,סאנטדלפור,,מעדן דובדבן סנדלפור 500 גרם,גרמים,500.00,100 גרם,false,1,26.90,5.3800,true,1,312630
5014271002767,false,מעדן סנדלפור מנגו פס,,,מעדן סנדלפור מנגו פסיפלורה 284 ג,גרמים,284.00,100 גרם,false,1,19.90,7.0070,true,1,328206
5014271300429,false,מעדן סנדלפור משמש284,סאנטדלפור,,מעדן משמש 284 ג סנדלפור,גרמים,284.00,100 גרם,false,1,19.90,7.0070,true,1,228585
5014271310428,false,מעדן סנדלפור דובדבן,סאנטדלפור,,מעדן דובדבנים שחורים 284 ג סנדלפור,גרמים,284.00,100 גרם,false,1,19.90,7.0070,true,1,228586
5014271330426,false,מעדן סנדלפור אוכמניו,סאנטדלפור,,מעדן אוכמניות כחולות 284 ג סנדלפור,גרמים,284.00,100 גרם,false,1,19.90,7.0070,true,1,228587
5014271350424,false,מעדן סנדלפור ארבע פי,סאנטדלפור,,מעדן ארבע פירות 284 ג סנדלפור,גרמים,284.00,100 גרם,false,1,19.90,7.0070,true,1,228588
5014271360423,false,מעדן סנדלפור תפוז284,סאנטדלפור,,מעדן תפוז 284 ג סנדלפור,גרמים,284.00,100 גרם,false,1,19.90,7.0070,true,1,228589
5014271370422,false,מעדן סנדלפור אפרסק 2,סאנטדלפור,,מעדן אפרסק 284 ג סנדלפור,גרמים,284.00,100 גרם,false,1,19.90,7.0070,true,1,228590
5014271390420,false,מעדן סנדלפור פטל 284,סאנטדלפור,,מעדן פטל 284 ג סנדלפור,גרמים,284.00,100 גרם,false,1,19.90,7.0070,true,1,228592
5014271400426,false,מעדן סנדלפור תות שדה,סאנטדלפור,,מעדן תות שדה 284 ג סנדלפור,גרמים,284.00,100 גרם,false,1,19.90,7.0070,true,1,228593
5014271560427,false,מעדן סנדלפור תפוז גי,סאנטדלפור,,מעדן תפוז גיינגר 284 ג סנדלפור,גרמים,284.00,100 גרם,false,1,19.90,7.0070,true,1,228594
5014271795980,false,מעדן סנדלפור חמוציות,סאנטדלפור,,מעדן חמוציות ואוכמניות 284 ג סנדלפור,גרמים,284.00,100 גרם,false,1,19.90,7.0070,true,1,231776
5014379009972,false,בירה באדוויזר 500מל,,US,בירה באדוויזר 500מל פחית,מיליליטרים,500.00,"100 מ""ל",false,24,8.90,1.7800,true,1,328910
5015821144029,false,ראגה תערובת שום וכוס,,GB,ראגה תערובת שום וכוסברה 100 גרם שקית,גרמים,100.00,100 גרם,false,1,9.90,9.9000,true,1,343015
5015821144708,false,ראגה תערובת תיבול לכ,,GB,ראגה תערובת תיבול לכל מטרה 100 גרם שקית,גרמים,100.00,100 גרם,false,1,9.90,9.9000,true,1,343004
5015821144968,false,ראגה קארי מדרס חריף,,GB,ראגה קארי מדרס חריף 100 גרם שקית,גרמים,100.00,100 גרם,false,1,9.90,9.9000,true,1,343009
5015821145026,false,ראגה קארי מדרס עדין,,GB,ראגה קארי מדרס עדין 100 גרם שקית,גרמים,100.00,100 גרם,false,1,9.90,9.9000,true,1,343010
5015821145248,false,ראגה תבלין סגנול גרק,,GB,ראגה תבלין סגנול גרק 100 גרם שקית,גרמים,100.00,100 גרם,false,1,11.90,11.9000,true,1,343027
5015821146160,false,ראגה תבלין מרכך בשר,,GB,ראגה תבלין מרכך בשר 100 גרם שקית,גרמים,100.00,100 גרם,false,1,11.90,11.9000,true,1,343018
5015821157821,false,ראגה זרעי כמון שלמים,,GB,ראגה זרעי כמון שלמים 85 גרם שקית,Unknown,0.00,Unknown,false,1,9.90,0.0000,true,1,343005
5015821157838,false,ראגה זרעי שומר שלמים,,GB,ראגה זרעי שומר שלמים 85 גרם שקית,Unknown,0.00,Unknown,false,1,9.90,0.0000,true,1,342999
5016978000725,false,משקה סאקה צויה 720 מ,,,משקה סאקה צויה 720 מל פיקדון,מיליליטרים,720.00,"100 מ""ל",false,1,39.90,5.5417,true,1,232360
5017818800116,false,משקה דר פפר 330 מל פ,International Bevera,,משקה דר פפר 330 מל פחית,מיליליטרים,330.00,"100 מ""ל",false,1,6.50,1.9697,true,1,254220
5018066104018,false,וויסקי גלנפרקלס 10 ש,,,וויסקי גלנפרקלס 10 שנים 700 מל,מיליליטרים,700.00,"100 מ""ל",false,1,225.00,32.1429,true,1,251501
5018357012459,false,תערובת מוזלי פירות מ,דורסט סיריאלס,,תערובת מוזלי פירות מלא 600 גר,גרמים,600.00,100 גרם,false,1,31.90,5.3167,true,1,332415
5020628000126,false,סיידר תאצרס הייז 500,,,סיידר תאצרס הייז 500מל פקדון,מיליליטרים,500.00,"100 מ""ל",false,24,11.90,2.3800,true,1,323783
5020628001178,false,סיידר תאצרס גולד 500,,,סיידר תאצרס גולד 500מל פקדון,מיליליטרים,500.00,"100 מ""ל",false,24,11.90,2.3800,true,1,323784
5020628001260,false,סיידר תאצרס גולד 500,בווריה,,סיידר תאצרס גולד 500מל פח. פקדון,מיליליטרים,500.00,"100 מ""ל",false,24,8.90,1.7800,true,1,332810
5020628001475,false,סיידר תאצרס רוזה 500,בווריה,,סיידר תאצרס רוזה 500מל בק. פקדון,מיליליטרים,500.00,"100 מ""ל",false,24,11.90,2.3800,true,1,332812
5021349702894,false,וויסקי טומינטול סינג,,,וויסקי טומינטול סינגל מאלט טילה 700 מל,מיליליטרים,700.00,"100 מ""ל",false,6,165.00,23.5714,true,1,332572
5021692000241,false,גין היימנס לונדון דר,היימנס ג'ין,,גין היימנס לונדון דריי 700 מל,מיליליטרים,700.00,"100 מ""ל",false,1,90.00,12.8571,true,1,325223
5021692000340,false,גין היימנס אולד טום,היימנס ג'ין,,גין היימנס אולד טום 700 מל,מיליליטרים,700.00,"100 מ""ל",false,1,99.90,14.2714,true,1,325224
5023625004487,false,בירה הובגובלין 500 מ,ויצ'וויד,GB,בירה הובגובלין 500 מל פקדון,מיליליטרים,500.00,"100 מ""ל",false,12,16.90,3.3800,true,1,247528
5024546366609,false,וויסקי לאודרס 700 מל,לאודרס,,וויסקי לאודרס 700 מל,מיליליטרים,700.00,"100 מ""ל",false,1,75.00,10.7143,true,1,313525
5024546366630,false,וויסקי לאודרס 1 לי,לאודרס,,וויסקי לאודרס 1 לי,ליטרים,1.00,ליטר,false,1,99.00,99.0000,true,1,313526
5024720900001,false,וויסקי פינלאגן סינגל,,,וויסקי פינלאגן סינגל מאלט מעושן 700 מל,מיליליטרים,700.00,"100 מ""ל",false,1,159.00,22.7143,true,1,305170
5026489483955,false,חטיף חומוס סיסולט 45,cofresh snack foods,GB,חטיף חומוס סיסולט 45 גרם,Unknown,0.00,Unknown,false,12,8.90,0.0000,true,1,323515
5026489483993,false,חטיף עדשים סיסולט 40,cofresh snack foods,GB,חטיף עדשים סיסולט 40 גרם,Unknown,0.00,Unknown,false,12,8.90,0.0000,true,1,323523
5026489484006,false,חטיף עדשים טומטו 40,cofresh snack foods,GB,חטיף עדשים טומטו 40 גרם,Unknown,0.00,Unknown,false,12,8.90,0.0000,true,1,323522
5026489484785,false,חטיף קינואה שמנת ועי,cofresh snack foods,GB,חטיף קינואה שמנת ועירית 30 גרם,Unknown,0.00,Unknown,false,12,8.90,0.0000,true,1,338325
5026489500447,false,חטיף חומוס שמנת ועיר,cofresh snack foods,GB,חטיף חומוס שמנת ועירית 45 גרם,Unknown,0.00,Unknown,false,12,8.90,0.0000,true,1,338323
5028349003693,false,וויסקי בוני וקלייד 1,,,וויסקי בוני וקלייד 1 ליטר,ליטרים,1.00,ליטר,false,1,79.90,79.9000,true,1,305177
5029053002408,false,נייר טואלט קלינקס לב,חוגלה קימברלי,,נייר טואלט קלינקס לבן 1/9,יחידה,9.00,יחידה,false,1,35.90,3.9889,true,1,228602
5029053002439,false,נייר טואלט קלינקס צה,חוגלה קימברלי,,נייר טואלט קלינקס צהוב 1/9,יחידה,9.00,יחידה,false,1,35.90,3.9889,true,1,228603
5029053032658,false,ממחטות קלינקס אורגינ,KC Italy,IT,ממחטות קלינקס אורגינל 8 יח,יחידה,8.00,יחידה,false,1,9.90,1.2375,true,1,314212
5029053039725,false,ממחטות קלינקס נטורל,KC Italy,,ממחטות קלינקס נטורל פרש 72יח קופסא,יחידה,72.00,יחידה,false,1,11.90,0.1653,true,1,342288
5029053510811,false,תחבושות קוטקס נורמל,KC Turkey,,תחבושות קוטקס נורמל 28 יח,יחידה,28.00,יחידה,false,1,19.90,0.7107,true,1,230601
5029053510828,false,תחבושות קוטקס סופר 2,KC Turkey,,תחבושות קוטקס סופר 24 יח,יחידה,24.00,יחידה,false,1,19.90,0.8292,true,1,230602
5029053523446,false,תחבושות קוטקס לילה 2,KC Turkey,,תחבושות קוטקס לילה 20 יח,יחידה,20.00,יחידה,false,1,19.90,0.9950,true,1,230603
5029053527574,false,חיתולי האגיס דריי ני,KC צ'כיה,CZ,2141081 דרייניטס בנים M,Unknown,0.00,Unknown,false,10,32.90,0.0000,true,1,232674
5029053527581,false,חיתולי האגיס דריי ני,KC צ'כיה,CZ,2142081 דרייניטס בנות M,Unknown,0.00,Unknown,false,10,40.90,0.0000,true,1,232675
5029053527598,false,חיתולי האגיס דריי ני,KC צ'כיה,CZ,2143081 דריינטיס בנים L,Unknown,0.00,Unknown,false,9,40.90,0.0000,true,1,232676
5029053527604,false,חיתולי האגיס דריי ני,KC צ'כיה,,חיתולי האגיס דריי נייטס 15-8 בנות,Unknown,0.00,Unknown,false,1,40.90,0.0000,true,1,232786
5029053531267,false,חיתולי פול אפס בנים,KC צ'כיה,,חיתולי פול אפס בנים יום מידה מדיום,Unknown,0.00,Unknown,false,1,29.90,0.0000,true,1,235449
5029053534589,false,טמפון קוטקס מיני 32,KC Czech,CZ,טמפון קוטקס בלי מ מיני B,יחידה,32.00,יחידה,false,32,29.90,0.9344,true,1,238040
5029053534596,false,טמפון קוטקס נורמל 32,KC Czech,CZ,טמפון קוטקס בלי מ נורמל B,יחידה,32.00,יחידה,false,32,29.90,0.9344,true,1,238041
5029053534602,false,טמפון קוטקס סופר 32,KC Czech,CZ,טמפון קוטקס בלי מ סופרB,יחידה,32.00,יחידה,false,32,29.90,0.9344,true,1,238042
5029053535210,false,טמפון קוטקס מיני+מול,KC Czech,CZ,טמפון מיני +מוליך קוטקס ל,יחידה,16.00,יחידה,false,16,25.90,1.6187,true,1,239865
5029053535227,false,טמפון קוטקס נורמל+מו,KC Czech,CZ,טמפון נורמל+מוליך קוטקס ל,יחידה,16.00,יחידה,false,16,25.90,1.6187,true,1,239866
5029053538426,false,חיתול האגיס ליטל סוו,KC צ'כיה,CZ,ליטל סווימרס 12-18kg L,Unknown,0.00,Unknown,false,11,29.90,0.0000,true,1,250401
5029053574103,false,חיתולי פול אפס בנות,KC צ'כיה,,חיתולי פול אפס בנות יום גיל 2-4 שנים 20י,יחידה,20.00,יחידה,false,1,39.90,1.9950,true,1,337527
5029053574110,false,חיתולי פול אפס בנים,,,חיתולי פול אפס בנים יום גיל 2-4שנים 20יח,יחידה,20.00,יחידה,false,,39.90,1.9950,true,1,337526
5029053574141,false,חיתולי פול אפס בנות,,,חיתולי פול אפס בנות לילה גיל 2-4 שנה 18י,יחידה,18.00,יחידה,false,1,39.90,2.2167,true,1,337529
5029053574158,false,חיתולי פול אפס בנים,KC צ'כיה,,חיתולי פול אפס בנים לילה גיל 2-4שנה 18יח,יחידה,18.00,יחידה,false,1,39.90,2.2167,true,1,337528
5029053575575,false,מגבוני חיטוי לידיים,,IL,מגבוני חיטוי לידיים ולפנים 24יח קלינקס,יחידה,24.00,יחידה,false,20,9.90,0.4125,true,1,336629
5029053575858,false,מגבות ידיים לשימוש ח,,IL,מגבות ידיים לשימוש חד פעמי 96יח קלינקס,יחידה,96.00,יחידה,false,6,19.90,0.2073,true,1,336632
5029053576114,false,גל היגייני לניקוי יד,,IL,גל היגייני לניקוי ידיים 220מל קלינקס,מיליליטרים,220.00,"100 מ""ל",false,12,19.90,9.0455,true,1,336631
5029053578309,false,ממחטות קלינקס אולטרא,KC Italy,,ממחטות קלינקס אולטרא סופט 48יח קוביה,יחידה,48.00,יחידה,false,1,9.90,0.2063,true,1,342289
5029054220085,false,מארז 4יח מגבוני האגי,האגיס,,מארז 4יח מגבוני האגיס רך נולד 56יח,יחידה,224.00,יחידה,false,1,22.90,0.1022,true,1,324318
5029704217175,false,וויסקי סקוטי דינסטון,,,וויסקי סקוטי דינסטון12 שנה 700 מל פיקדון,מיליליטרים,700.00,"100 מ""ל",false,1,240.00,34.2857,true,1,238461
5035766044673,false,משקה סיידר סטרונגבאו,,,משקה סיידר סטרונגבאו תפוחים 330 מל פקדון,מיליליטרים,330.00,"100 מ""ל",false,1,8.90,2.6970,true,1,251313
5035766044772,false,מארז 4יח משקה סיידר,,,מארז 4יח משקה סיידר תפוחים סטרונג 330מל,מיליליטרים,1320.00,"100 מ""ל",false,1,30.00,2.2727,true,1,251312
5038342511385,false,גין קורייר 700 מל,,,גין קורייר 700 מל,מיליליטרים,700.00,"100 מ""ל",false,1,59.90,8.5571,true,1,326417
5050083559761,false,דגני קלוגס קוקו פופס,קלוגס,,דגני קלוגס קוקו פופס שוקוס 500 גר,גרמים,500.00,100 גרם,false,1,17.90,3.5800,true,1,240784
5050974505259,false,פת ריויטה קמח שיפון,דה ג'ורדנס אנד ריווי,,פת ריויטה קמח שיפון דגנים 250 גר,גרמים,250.00,100 גרם,false,1,11.50,4.6000,true,1,334415
5053827110679,false,דגני קלוגס פרוט לופס,קלוגס,DE,דגני דלוגס פרוט לופס 375 גרם,גרמים,375.00,100 גרם,false,6,19.90,5.3067,true,1,336261
5053827191753,false,דגני קלוגס ווריאטי 8,קלוגס,GB,דגני קלוגס ווריאטי 8 סוגים 190 גרם,גרמים,190.00,100 גרם,false,6,18.90,9.9474,true,1,346364
5053827194891,false,דגני קלוגס ספשייל קי,,,דגני קלוגס ספשייל קיי 375 גר,גרמים,375.00,100 גרם,false,1,22.90,6.1067,true,1,325238
5053827213998,false,דגני קלוגס ספשייל קי,,,דגני קלוגס ספשייל קיי 375 גרם,גרמים,375.00,100 גרם,false,1,22.90,6.1067,true,1,347462
5053827215862,false,דגני קלוגס קוקו פופס,קלוגס,,דגני קלוגס קוקו פופס מופחת סוכר510 גר,גרמים,510.00,100 גרם,false,1,17.90,3.5098,true,1,331259
5054267003460,false,משקה אוכמניות שחורות,,GB,משקה אוכמניות שחורות 1.5 ליטר,מיליליטרים,1500.00,"100 מ""ל",false,12,51.90,3.4600,true,1,338852
5055966801005,false,וויסקי אירי בושמילס,,,וויסקי אירי בושמילס אורגינל 700 מל,מיליליטרים,700.00,"100 מ""ל",false,1,89.90,12.8429,true,1,305200
5055966801012,false,וויסקי אירי בושמילס,,,וויסקי אירי בושמילס אורגינל 1 ליטר,ליטרים,1.00,ליטר,false,1,129.00,129.0000,true,1,305201
5055966810014,false,וויסקי אירי בלאקבוש,,,וויסקי אירי בלאקבוש +שי 700מל,מיליליטרים,700.00,"100 מ""ל",false,1,125.00,17.8571,true,1,305202
5055966820037,false,וויסקי סינגל מאלט 10,,,וויסקי סינגל מאלט 10 שנים 1 לי,ליטרים,1.00,ליטר,false,1,159.00,159.0000,true,1,313954
5056025413061,false,בירה ברודוג אלויס גו,ברודוג פי אל סי,DK,בירה ברודוג אלויס גוס 330מל פח.פקדון,מיליליטרים,330.00,"100 מ""ל",false,24,16.90,5.1212,true,1,327585
5056025426108,false,בירה ברודוג לוסט לאג,ברודוג פי אל סי,DK,בירה ברודוג לוסט לאגר 440מל פח.פקדון,מיליליטרים,440.00,"100 מ""ל",false,24,24.90,5.6591,true,1,347400
5056025440494,false,בירה ברודוג פאנק איי,סקוטלנד,,בירה ברודוג פאנק איי פי איי 330מל בק.פקד,מיליליטרים,330.00,"100 מ""ל",false,1,16.90,5.1212,true,1,335634
5056025441163,false,בירה ברודוג קוסמיק ת,,GB,בירה ברודוג קוסמיק תות וניל 330מל בק.פקד,מיליליטרים,330.00,"100 מ""ל",false,1,24.90,7.5455,true,1,337163
5056025453272,false,בירה ברודוג לוסט לאג,ברודוג פי אל סי,DK,בירה ברודוג לוסט לאגר 440מל פח.פקדון,מיליליטרים,440.00,"100 מ""ל",false,24,16.90,3.8409,true,1,347396
5056025456075,false,בירה ברודוג טוניס הו,ברודוג פי אל סי,DK,בירה ברודוג טוניס הופולוני440מל פח.פקדון,מיליליטרים,440.00,"100 מ""ל",false,24,24.90,5.6591,true,1,347401
5056025462410,false,בירה ברודוג לוסט אין,ברודוג פי אל סי,DK,בירה ברודוג לוסט אין ליצי ליים 440מ פחית,מיליליטרים,440.00,"100 מ""ל",false,24,16.90,3.8409,true,1,347398
5056025462434,false,בירה ברודוג לוסט אין,ברודוג פי אל סי,DK,בירה ברודוג לוסט אין גויאבה 440מל פח.פקד,מיליליטרים,440.00,"100 מ""ל",false,24,16.90,3.8409,true,1,347397
5059001003713,false,מקלות אירוויק ריחניי,,,מקלות אירוויק ריחניים תאנה ופירות יער,יחידה,1.00,יחידה,false,1,14.90,14.9000,true,1,347540
5060108450263,false,מי טוניק 500מל פרימי,,GB,מי טוניק 500מל פרימיום בק.פקדון,מיליליטרים,500.00,"100 מ""ל",false,1,18.90,3.7800,true,1,338916
5060123607758,false,תה לונדון תפוח קינמו,טייפו,,תה לונדון תפוח קינמון אורגני 20 יח,יחידה,20.00,יחידה,false,1,15.20,0.7600,true,1,234202
5060123607765,false,תה לונדון לימון ליים,טייפו,,תה לונדון לימון ליים 20 יח אורגני,יחידה,20.00,יחידה,false,1,15.20,0.7600,true,1,234200
5060123607772,false,תה לונדון מנטה אורגנ,טייפו,GB,תה לונדון מנטה,יחידה,20.00,יחידה,false,12,15.20,0.7600,true,1,234933
5060123607802,false,תה לונדון גינגר ולימ,טייפו,GB,תה לונדון לימון זינזר חדש,יחידה,20.00,יחידה,false,12,15.20,0.7600,true,1,234767
5060123607819,false,תה לונדון תפוז 20 יח,טייפו,GB,תה לונדון תפוז חדש,יחידה,20.00,יחידה,false,12,15.20,0.7600,true,1,234203
5060123608014,false,תה לונדון דומדומיות,טייפו,,תה לונדון דומדומיות כחולות אורגני 20 יח,יחידה,20.00,יחידה,false,1,15.20,0.7600,true,1,234201
5060123608113,false,תה לונדון פטל 20 יח,טייפו,,תה לונדון פטל 20 יח,יחידה,20.00,יחידה,false,1,15.20,0.7600,true,1,337753
5060154911794,false,בירה ברודוג דד פוני,סקוטלנד,,בירה ברודוג דד פוני פייל אייל 330מל בק.פ,מיליליטרים,330.00,"100 מ""ל",false,1,16.90,5.1212,true,1,305122
5060154914160,false,בירה ברודוג וגבונד פ,ברודוג פי אל סי,,בירה ברודוג וגבונד פייל אייל 330מל בק.פק,מיליליטרים,330.00,"100 מ""ל",false,1,16.90,5.1212,true,1,305121
5060154918236,false,בירה ברודוג מיסטר פר,,GB,בירה ברודוג מיסטר פרזידנט 330מל בק.פקדון,מיליליטרים,330.00,"100 מ""ל",false,1,19.90,6.0303,true,1,337160
5060169981034,true,קפה נמס ביניס טו גו,ביניס דה פלייוור קו,GB,קפה נמס ביניס טו גו אגוז שובב 16 יח,יחידה,16.00,יחידה,false,12,24.90,1.5562,true,1,335758
5060169981041,true,קפה נמס ביניס טו גו,ביניס דה פלייוור קו,GB,קפה נמס ביניס טו גו קוקוס מענג 16 יח,יחידה,16.00,יחידה,false,12,24.90,1.5562,true,1,335757
5060169981065,true,קפה נמס ביניס טו גו,ביניס דה פלייוור קו,GB,קפה נמס ביניס טו גו דאבל שוקולד 16 יח,יחידה,16.00,יחידה,false,12,24.90,1.5562,true,1,335756
5060169981089,true,קפה נמס ביניס טו גו,ביניס דה פלייוור קו,GB,קפה נמס ביניס טו גו אייריש קרים 16 יח,יחידה,16.00,יחידה,false,12,24.90,1.5562,true,1,335759
5060169982017,true,קפה נמס ביניס וניל 5,ביניס דה פלייוור קו,GB,קפה נמס ביניס וניל 50 גרם,Unknown,0.00,Unknown,false,6,19.90,0.0000,true,1,321055
5060169982024,true,קפה נמס ביניס אגוז ש,ביניס דה פלייוור קו,GB,קפה נמס ביניס אגוז שובב 50 גרם,Unknown,0.00,Unknown,false,6,19.90,0.0000,true,1,321056
5060169982031,true,קפה נמס ביניס דאבל ש,ביניס דה פלייוור קו,GB,קפה נמס ביניס דאבל שוקולד 50 גרם,Unknown,0.00,Unknown,false,6,19.90,0.0000,true,1,321053
5060169982062,true,קפה נמס ביניס קרמל מ,ביניס דה פלייוור קו,GB,קפה נמס ביניס קרמל מקורמל 50 גרם,Unknown,0.00,Unknown,false,6,19.90,0.0000,true,1,321052
5060169982079,true,קפה נמס ביניס עוגיות,ביניס דה פלייוור קו,GB,קפה נמס ביניס עוגיות 50 גרם,Unknown,0.00,Unknown,false,6,19.90,0.0000,true,1,321051
5060169982109,true,קפה נמס ביניס שקד אמ,ביניס דה פלייוור קו,GB,קפה נמס ביניס שקד אמרטו 50 גרם,Unknown,0.00,Unknown,false,6,19.90,0.0000,true,1,321049
5060169982123,true,קפה נמס ביניס איירש,ביניס דה פלייוור קו,GB,קפה נמס ביניס איירש קרם 50 גרם,Unknown,0.00,Unknown,false,6,19.90,0.0000,true,1,321054
5060169982192,true,קפה נמס ביניס קוקוס,ביניס דה פלייוור קו,GB,קפה נמס ביניס קוקוס מענג 50 גרם,Unknown,0.00,Unknown,false,6,19.90,0.0000,true,1,321050
5060169982338,true,קפה נמס ביניס חמאת ב,ביניס דה פלייוור קו,,קפה נמס ביניס חמאת בוטנים 50 גרם,Unknown,0.00,Unknown,false,1,19.90,0.0000,true,1,346908
5060169982413,true,קפה נמס ביניס דונאטס,ביניס דה פלייוור קו,,קפה נמס ביניס דונאטס וריבה 50 גרם,Unknown,0.00,Unknown,false,1,19.90,0.0000,true,1,346909
5060250343741,false,מארז 6 יח חטיף הרשיז,הרשיז,US,מארז 6 יח חטיף הרשיז ראונד קוקיס 96 גר,Unknown,0.00,Unknown,false,12,10.90,0.0000,true,1,344386
5060250343765,false,מארז 6 יח חטיף ריסז,הרשיז,US,מארז 6 יח חטיף ריסז ראונדס בוטנים 96 גר,Unknown,0.00,Unknown,false,12,10.90,0.0000,true,1,344385
5060255492154,false,אברקךין חול תורכיז,,NL,אברקךין תורכיז ללא בושם 6 לי,ליטרים,6.00,ליטר,false,1,59.90,9.9833,true,1,346082
5060255492185,false,אברקלין חול ירוק ני,,NL,חול חתולים אברקלין לוונדר 5קג,קילוגרמים,5.00,"ק""ג",false,1,59.90,11.9800,true,1,318114
5060323903933,false,שעועית צילי 400 גרם,,IT,שעועית צילי 400 גרם הילפילד,גרמים,400.00,100 גרם,false,24,8.90,2.2250,true,1,329015
5060323904060,false,שעועית קנליני 400 גר,,IT,שעועית קנליני 400 גרם הילפילד,גרמים,400.00,100 גרם,false,24,8.90,2.2250,true,1,329014
5060326870812,false,חטיף סויה תפוא מלוח,,GB,חטיף סויה תפוא מלוח גוד אנסט 85גר,Unknown,0.00,Unknown,false,8,10.90,0.0000,true,1,343034
5060326870829,false,חטיף סויה תפוא מתוק,,GB,חטיף סויה תפוא מתוק מלוח גוד אנסט 85גר,Unknown,0.00,Unknown,false,8,10.90,0.0000,true,1,343032
5060326870898,false,חטיף ציפס גוד אנד אנ,,GB,חטיף ציפס גוד אנד אנסט ברביקיו 85 גל,Unknown,0.00,Unknown,false,8,10.90,0.0000,true,1,343030
5060336504509,false,כרוב אדום כבוש הייוו,הייוורדס,GB,כרוב אדום כבוש הייוורדס 400 גרם,גרמים,400.00,100 גרם,false,6,25.90,6.4750,true,1,337339
5060402904738,false,עוגיות שוקוציפס אם א,,GB,עוגיות שוקוציפס אם אנד אמס 180 גרם,גרמים,180.00,100 גרם,false,8,12.90,7.1667,true,1,322690
5060402904752,false,עוגיות שוקוציפס בואנ,,GB,עוגיות שוקוציפס בואנטי 180 גרם,גרמים,180.00,100 גרם,false,8,12.90,7.1667,true,1,322689
5060402906459,false,עוגיות שוקוציפס טווי,בורטונס,,עוגיות שוקוציפס טוויקס 144 גרם,גרמים,180.00,100 גרם,false,1,12.90,7.1667,true,1,335571
5060402908347,false,משקה חלב טוויקס 350מ,,GB,משקה חלב טוויקס 350מל סטארבקס,מיליליטרים,350.00,"100 מ""ל",false,8,12.90,3.6857,true,1,335338
5060465390004,false,בירה סקיני לאגר 330מ,סקיני בראנדס,GB,בירה סקיני לאגר 330מל ל.גלוטן בק.פקדון,מיליליטרים,330.00,"100 מ""ל",false,24,8.90,2.6970,true,1,327128
5060517886486,false,משקה אנרגיה מונסטר,,,משקה אנרגיה מונסטר אנרגי 500מל פח.פקדון,מיליליטרים,500.00,"100 מ""ל",false,1,7.60,1.5200,true,1,330614
5060517886516,false,משקה אנרגיה מונסטר,,,משקה אנרגיה מונסטר זירו 500מל פח.פקדון,מיליליטרים,500.00,"100 מ""ל",false,1,7.60,1.5200,true,1,330615
5060639128051,false,משקה אנרגיה מונסטר א,,,משקה אנרגיה מונסטר אולטרה500מל פח.פקדון,מיליליטרים,500.00,"100 מ""ל",false,1,7.60,1.5200,true,1,333588
5060639129102,false,משקה אנרגיה מונסטר מ,,,משקה אנרגיה מונסטר מנגו 500מל פח.פקדון,מיליליטרים,500.00,"100 מ""ל",false,1,7.60,1.5200,true,1,336306
5060671000063,false,משקה אשכולית ורודה 2,,GB,משקה אשכולית ורודה 200מל בק.פקדון סנטס 3,מיליליטרים,200.00,"100 מ""ל",false,24,8.30,4.1500,true,1,339065
5060671000087,false,משקה טוניק 200מל בק.,,GB,משקה טוניק 200מל בק. פקדון סנטס 3,מיליליטרים,200.00,"100 מ""ל",false,24,8.30,4.1500,true,1,339063
5060671000124,false,משקה למון טוניק 200מ,,GB,משקה למון טוניק 200מל בק.פקדון סנטס 3,מיליליטרים,200.00,"100 מ""ל",false,24,8.30,4.1500,true,1,339066
5060671000148,false,משקה גינגר ביר 200מל,,GB,משקה גינגר ביר 200מל בק. פקדון סנטס 3,מיליליטרים,200.00,"100 מ""ל",false,24,8.30,4.1500,true,1,339064
5060751218173,false,משקה אנרגיה מונסטר פ,,,משקה אנרגיה מונסטר פיפליי 500מל פח.פקדון,מיליליטרים,500.00,"100 מ""ל",false,1,7.60,1.5200,true,1,345172
5060751219033,false,משקה אנרגיה מונסטר א,,,משקה אנרגיה מונסטר אולטרה 500מל פח.פקדון,מיליליטרים,500.00,"100 מ""ל",false,1,7.60,1.5200,true,1,345173
5099873006504,false,וויסקי גק דניאלס פיי,בראון פורמן,,וויסקי גק דניאלס פייר 700 מל פקדון,מיליליטרים,700.00,"100 מ""ל",false,6,110.00,15.7143,true,1,312044
5099873015506,false,ליקר סאוטרן קומפורט,,,ליקר סאוטרן קומפורט 700 מל,מיליליטרים,700.00,"100 מ""ל",false,1,89.00,12.7143,true,1,313896
5099873038758,false,וויסקי גנטלמן גק 700,בראון פורמן,,וויסקי גנטלמן גק 700 מל,מיליליטרים,700.00,"100 מ""ל",false,1,159.00,22.7143,true,1,309716
5200100943749,false,עוגיות ויולנטא שבולת,,GR,עוגיות ויולנטה שבולת שועל חמאת בוטנים180,גרמים,180.00,100 גרם,false,12,11.90,6.6111,true,1,337493
5200100943763,false,עוגיות ויולנטא שבולת,,GR,עוגיות ויולנטא שבולת שועל קרם טחינה180,גרמים,180.00,100 גרם,false,12,11.90,6.6111,true,1,337495
5200100943787,false,עוגיות ויולנטא שבולת,,GR,עוגיות ויולנטה שבולת שועל שוקולד מריר180,גרמים,180.00,100 גרם,false,12,11.90,6.6111,true,1,337494
5200100943824,false,עוגיות ויולנטא סובין,,GR,עוגיות סובין ויולנטה קרם טחינה 170 גר,גרמים,170.00,100 גרם,false,12,11.90,7.0000,true,1,337492
5200101940266,false,יין רצינה קכריבארי ק,,,יין רצינה קכריבארי קכריס 750 מל,מיליליטרים,750.00,"100 מ""ל",false,6,40.00,5.3333,true,1,347327
5200101989029,false,ליקר מסטיקה 700 מל פ,,,ליקר מסטיקה 700 מל פקדון,מיליליטרים,700.00,"100 מ""ל",false,1,120.00,17.1429,true,1,248597
5200116159585,false,יין מנטינה לבן 750 מ,TROUPIS WINERY,,יין מנטינה לבן 750 מל כולל פקדון,מיליליטרים,750.00,"100 מ""ל",false,1,80.00,10.6667,true,1,255860
5200133120476,false,גלילי וופל גולדן ברי,גולדן ברייק,,גלילי וופל קרם אגוזים 400 גר גולדן ברייק,גרמים,400.00,100 גרם,false,1,17.90,4.4750,true,1,322777
5200133120483,false,גלילי וופל גולדן ברי,גולדן ברייק,,גלילי וופל קרם וניל 400 גר גולדן ברייק,גרמים,400.00,100 גרם,false,1,17.90,4.4750,true,1,322776
5200133120735,false,גלילי וופל גולדן ברי,גולדן ברייק,,גלילי וופל גולדן ברייק מריר 400 גרם,גרמים,400.00,100 גרם,false,1,17.90,4.4750,true,1,336694
5200139550048,false,פיתות יווניות זופראק,,GR,פיתות יווניות זופראקיס קפוא10 יח 880 גרם,גרמים,880.00,100 גרם,false,12,14.90,1.6932,true,1,339450
5200303832925,false,גלילוני וופל בולרו ק,,,גלילוני וופל בולרו קרם קפוצינו 400 גר,גרמים,400.00,100 גרם,false,1,16.90,4.2250,true,1,237358
5200303832932,false,גלילוני וופל בולרו ק,,,גלילוני וופל בולרו קרם קינמון 400 גר,גרמים,400.00,100 גרם,false,1,16.90,4.2250,true,1,237359
5200303833328,false,גלילוני וופל בולרו ק,,,גלילוני וופל בולרו קרם תות 400 גר,גרמים,400.00,100 גרם,false,1,16.90,4.2250,true,1,242269
5200303833908,false,חמאת בוטנים עם גרגיר,,,חמאת בוטנים עם גרגירים בולרו 350 גר,גרמים,350.00,100 גרם,false,1,14.90,4.2571,true,1,311252
5200303833991,false,גלילוני וופל בולרו ש,,,גלילוני וופל בולרו שוקו תפוז 400 גר,גרמים,400.00,100 גרם,false,1,16.90,4.2250,true,1,316649
5201003110702,false,משקה אוזו 12 700 מל,קמפרי (יורו),,משקה אוזו 12 750 מל פיקדון,מיליליטרים,700.00,"100 מ""ל",false,1,79.90,11.4143,true,1,228605
5201004020338,false,ופל רולס קפריס קלאסי,קפריס,,ופל רולס קפריס קלאסי 400 גרם,גרמים,400.00,100 גרם,false,1,19.90,4.9750,true,1,327455
5201004021328,false,ופל רולס קפריס קלאסי,קפריס,,גלילי ופל כפריס קרם אגוזים 115 גרם,גרמים,115.00,100 גרם,false,1,8.90,7.7391,true,1,310416
5201008420271,false,וופל סרנטה מיני מצופ,,GR,וופל סרנטה מיני מצופה 450 גר 50 יח,גרמים,450.00,100 גרם,false,1,28.90,6.4222,true,1,344949
5201178026686,false,שמן שיזוף ניוואה סאן,ביירסדורף,DE,שמן שיזוף ניוואה סאן 200מל מסנן קרינה 6,מיליליטרים,200.00,"100 מ""ל",false,12,37.90,18.9500,true,1,327377
5201178801054,false,קרם ניוואה רב שימושי,beiersdorf,,קרם ניוואה רב שימושי 250מל,מיליליטרים,250.00,"100 מ""ל",false,1,19.90,7.9600,true,1,323255
5201299124445,false,יין נמאה רזרב סמלי 7,,,יין נמאה רזרב סמלי 750 מל,מיליליטרים,750.00,"100 מ""ל",false,6,75.00,10.0000,true,1,347326
5201299505411,false,יין אוריינוס הליוס ל,,,יין אוריינוס הליוס לבן סמלי 750 מל,מיליליטרים,750.00,"100 מ""ל",false,6,60.00,8.0000,true,1,347324
5201299606866,false,יין מאנטיניה לבן סמל,,,יין מאנטיניה לבן סמלי 750 מל,מיליליטרים,750.00,"100 מ""ל",false,6,75.00,10.0000,true,1,347325
5201347400545,false,ויט רצועות שעווה לפנ,רקיט בנקיזר צרפת,,ויט רצועות שעווה לפנים,Unknown,0.00,Unknown,false,1,21.90,0.0000,true,1,239870
5201484021009,false,אוזו סאן ריבל 700 מל,lsidoros arvanitis s,,אוזו סאן ריבל 700 מל,מיליליטרים,700.00,"100 מ""ל",false,1,80.00,11.4286,true,1,308285
5201583041595,false,סוכריות טופי שוקולד,PALLAS,GR,סוכריות טופי שוקולד פאלאס 1 קג,קילוגרמים,1.00,"ק""ג",false,12,29.90,29.9000,true,1,241089
5201583042028,false,טופי פירות ללא סוכר,PALLAS,GR,טופי פירות ללא סוכר 175 גר פלאס,גרמים,175.00,100 גרם,false,20,11.90,6.8000,true,1,234446
5201583045098,false,סוכריות טופי קפה פאל,PALLAS,GR,סוכריות טופי קפה פאלאס 1 קג,קילוגרמים,1.00,"ק""ג",false,12,29.90,29.9000,true,1,241088
5201583047092,false,סוכריות טופי פירות פ,PALLAS,GR,סוכריות טופי פירות פאלאס 1 קג,קילוגרמים,1.00,"ק""ג",false,12,29.90,29.9000,true,1,241082
5201583084035,false,סוכ.4 טעמים ללא סוכר,PALLAS,GR,סוכ.4 טעמים ללא סוכר 150 גר פלאס,גרמים,150.00,100 גרם,false,20,11.90,7.9333,true,1,243753
5201583115098,false,סוכריות גלי פירות 1,PALLAS,,סוכריות גלי פירות 1 קג פאלאס,קילוגרמים,1.00,"ק""ג",false,1,29.90,29.9000,true,1,236831
5201583116095,false,סוכריות מיני גלי פיר,PALLAS,GR,סוכריות מיני גלי פירות 1 קג,קילוגרמים,1.00,"ק""ג",false,12,29.90,29.9000,true,1,237874
5201704018024,false,גבינת חלומי 200 גרם,,,גבינת חלומי 200 גרם,גרמים,200.00,100 גרם,false,1,13.90,6.9500,true,1,341649
5201704064038,false,יוגורט יווני קוליאוס,,GR,יוגורט יווני קוליאוס 1 קג 10% שומן,קילוגרמים,1.00,"ק""ג",false,1,29.90,29.9000,true,1,311828
5201704064243,false,יוגורט יווני 500 גרם,,GR,יוגורט יווני 500 גרם קוליאוס 10% שומן,גרמים,500.00,100 גרם,false,1,16.90,3.3800,true,1,313081
5201940010011,false,זית טבעי שחורבפח 454,סיוראס,,זית טבעי שחורבפח 454 גר,גרמים,454.00,100 גרם,false,1,16.90,3.7225,true,1,233589
5201940010110,false,זית קלמטה שחור בפח 4,סיוראס,,זית קלמטה שחור בפח 454 גר,גרמים,454.00,100 גרם,false,1,16.90,3.7225,true,1,233590
5202082002162,false,יוגורט יווני 400גר,,GR,יוגורט יווני 400גר,גרמים,400.00,100 גרם,false,6,12.90,3.2250,true,1,337280
5202302000022,false,ליליה זיתים שחורים ט,,,ליליה זיתים שחורים טבעיים 275 גרם,גרמים,275.00,100 גרם,false,1,14.90,5.4182,true,1,344098
5202386001199,false,מארז 10יח פיתות גירו,,GR,מארז 10יח פיתות גירוס יווניות 75גר,יחידה,10.00,יחידה,false,12,19.90,1.9900,true,1,335383
5202390014222,false,צהובה טבעונית עגבניו,,,צהובה טבעונית עגבניות בזיליקום 200,גרמים,200.00,100 גרם,false,1,19.90,9.9500,true,1,321938
5202390014239,false,צהובה טבעונית עשבי ת,,,צהובה טבעונית עשבי תיבול 200 גרם,גרמים,200.00,100 גרם,false,1,19.90,9.9500,true,1,321940
5202390015618,false,צהובה טבעונית אורגינ,,,צהובה טבעונית אורגינל 200 גרם,גרמים,200.00,100 גרם,false,1,19.90,9.9500,true,1,251184
5202390016141,false,צהובה טבעונית מוצרלה,,,צהובה טבעונית מוצרלה 400 גרם ליב,גרמים,400.00,100 גרם,false,1,24.90,6.2250,true,1,304651
5202390019319,false,בסגנון מוצרלה 200גר,,,בסגנון מוצרלה 200גר טבעונית מגורדת לפיצה,גרמים,200.00,100 גרם,false,1,24.90,12.4500,true,1,322893
5202390020407,false,תחליף בסגנון פטה טבע,ביוט איילנד פודס בעמ,GR,תחליף בסגנון פטה טבעוני 200 גר,גרמים,200.00,100 גרם,false,12,23.90,11.9500,true,1,325803
5202390021121,false,תחליף קרמי אורגינל ט,ביוט איילנד פודס בעמ,GR,תחליף קרמי אורגינל טבעוני 150גר ויולייף,גרמים,150.00,100 גרם,false,9,18.90,12.6000,true,1,325801
5202413007019,false,אוזו פלומארי כשר 700,,GR,אוזו פלומארי כשר 700 מל,מיליליטרים,700.00,"100 מ""ל",false,6,79.90,11.4143,true,1,333121
5202413870095,false,ערק גולנר ירוק כשר ל,,,ערק גולנר ירוק כשר לפסח 700 מל,מיליליטרים,700.00,"100 מ""ל",false,1,65.00,9.2857,true,1,345053
5202795080709,false,אוזו מטקסה 700 מל,רמי קואנטרו,,אוזו מטקסה 700 מל פקדון,מיליליטרים,700.00,"100 מ""ל",false,1,69.90,9.9857,true,1,232982
5202904400305,false,גבינת קפלוטירי יווני,,GR,גבינת קפלוטירי יווני 300 גרם בקר,גרמים,300.00,100 גרם,false,1,24.90,8.3000,true,1,336696
5202904540308,false,גבינת קפלוטירי יווני,,GR,גבינת קפלוטירי יווני 300 גרם צאן,גרמים,300.00,100 גרם,false,1,29.90,9.9667,true,1,336697
5203021110016,false,יין טלאסיסטיס לבן יב,GAIA WINES S.A,,יין טלאסיסטיס לבן יבש מתיישן 750 מל,מיליליטרים,750.00,"100 מ""ל",false,1,120.00,16.0000,true,1,251406
5203021110115,false,יין טלאסיסטיס לבן יב,GAIA WINES S.A,,יין טלאסיסטיס לבן יבש 750 מל,מיליליטרים,750.00,"100 מ""ל",false,1,120.00,16.0000,true,1,251405
5203197122028,false,גבינת מנורי יווני צא,,,גבינת מנורי יווני צאן 200גר,גרמים,200.00,100 גרם,false,1,19.90,9.9500,true,1,345455
5310115000518,false,בסיס לעוגת בית שוקו,,,בסיס לעוגת בית שוקו 400 גר ויציני,גרמים,400.00,100 גרם,false,1,13.90,3.4750,true,1,238306
5310134008151,false,ממתק לוקום דוניא 400,,MK,ממתק לוקום דוניא 400 גרם,גרמים,400.00,100 גרם,false,10,14.90,3.7250,true,1,334753
5310329002261,false,סט דלי חוף ממותג באט,,,סט דלי חוף ממותג באטמן,יחידה,1.00,יחידה,false,1,29.90,29.9000,true,1,338699
5310329002667,false,סט דלי חוף ממותג סקו,,,סט דלי חוף ממותג סקובידו,יחידה,1.00,יחידה,false,1,29.90,29.9000,true,1,338041
5391516875974,false,משקה סיידר שיכר תפוח,,IE,משקה סיידר שיכר תפוחים מאגנרס 330מל,מיליליטרים,330.00,"100 מ""ל",false,1,6.90,2.0909,true,1,343933
5391523057929,false,תחליף חלב סימילאק גו,,,תחליף חלב סימילאק גולד שלב 1 700גר,גרמים,700.00,100 גרם,false,1,69.90,9.9857,true,1,323332
5391523057936,false,תחליף חלב סימילאק גו,,,תחליף חלב סימילאק גולד שלב 2 700גר,גרמים,700.00,100 גרם,false,1,69.90,9.9857,true,1,323333
5391523057943,false,תחליף חלב סימילאק גו,,,תחליף חלב סימילאק גולד שלב 3 700גר,גרמים,700.00,100 גרם,false,1,69.90,9.9857,true,1,323334
5391523058063,false,תחליף חלב סימילאק פל,,,תחליף חלב סימילאק פלוס שלב 1 700גר,גרמים,700.00,100 גרם,false,1,66.90,9.5571,true,1,324131
5391523058070,false,תחליף חלב סימילאק פל,,,תחליף חלב סימילאק פלוס שלב 3 700גר,גרמים,700.00,100 גרם,false,1,66.90,9.5571,true,1,324133
5391533970003,false,וויסקי סינגל מאלט סק,,,וויסקי סינגל מאלט סקסטון 700 מל,מיליליטרים,700.00,"100 מ""ל",false,1,149.00,21.2857,true,1,327492
5400141192322,false,שמן זית יווני בוני 7,,GR,שמן זית יווני בוני 750 מל,מיליליטרים,750.00,"100 מ""ל",false,12,39.90,5.3200,true,1,329633
5400141243635,false,מאפה מבצק עלים בוני,,,מאפה מבצק עלים בוני קרקלין מסוכר 450 גרם,גרמים,450.00,100 גרם,false,1,14.90,3.3111,true,1,329799
5400141260472,false,תה שחור ביו בוני 25,,NL,תה שחור ביו בוני 25 יח 2 גרם,יחידה,25.00,יחידה,false,12,14.90,0.5960,true,1,338841
5400141264739,false,מרק עגבניות ולוטה בו,,BE,מרק עגבניות ולוטה בוני 1 ל,ליטרים,1.00,ליטר,false,8,15.90,15.9000,true,1,335549
5400141267679,false,מיונז בלגי לימון בונ,,BE,מיונז בלגי לימון בוני לחיץ 460 גרם,גרמים,460.00,100 גרם,false,12,15.90,3.4565,true,1,336766
5400141353006,false,צלפים מיניאטורים בחו,,,צלפים מיניאטורים בחומץ בוני 100 גרם,גרמים,100.00,100 גרם,false,1,9.90,9.9000,true,1,335555
5400141353969,false,רוט פסטה מסקרפונה בו,,BE,רוט פסטה מסקרפונה בוני 420 גרם,גרמים,420.00,100 גרם,false,24,19.90,4.7381,true,1,331851
5400141357530,false,רצועות מלפפון בוני ח,,,רצועות מלפפון בוני חמוץ מתוק 510 גר,גרמים,510.00,100 גרם,false,1,19.90,3.9020,true,1,338339
5400141380996,false,רוטב פסטה ארביאטה בו,,BE,רוטב פסטה ארביאטה בוני 420 גרם,גרמים,420.00,100 גרם,false,24,19.90,4.7381,true,1,331852
5400141393033,false,חליטות מנטה בוני 25,,NL,חליטות מנטה בוני 25 יח 1.5 גרם,יחידה,25.00,יחידה,false,12,11.90,0.4760,true,1,338843
5400141393040,false,חליטות קמומיל בוני 2,,NL,חליטות קמומיל בוני 25 יח 1.5 גרם,יחידה,25.00,יחידה,false,12,11.90,0.4760,true,1,338842
5400141427059,false,עוגיות ספיריטס אבריד,,NL,עוגיות ספיריטס אברידאי 400 גרם,גרמים,400.00,100 גרם,false,20,11.90,2.9750,true,1,346678
5400141563771,false,פסטו ורדי בוני איטלק,,BE,פסטו ורדי בוני איטלקי מקורי 190 גרם,גרמים,190.00,100 גרם,false,12,13.90,7.3158,true,1,340038
5400265014845,false,בונבוניירה המלט מסור,HAMLET NV,,בונבוניירה המלט מסורתי 250 גר,גרמים,250.00,100 גרם,false,1,45.90,18.3600,true,1,339100
5400265022796,false,דפדפי שוקולד קריספי,HAMLET NV,,דפדפי שוקולד קריספי 125 גר המלט,גרמים,125.00,100 גרם,false,1,15.00,12.0000,true,1,235066
5400265022802,false,דפדפי שוקולד 57% קקא,HAMLET NV,,דפדפי שוקולד 57% קקאו 125 גר המלט,גרמים,125.00,100 גרם,false,1,15.00,12.0000,true,1,235065
5400265022819,false,דפדפי שוקולד אגוז קר,HAMLET NV,,דפדפי שוקולד אגוז קריספי 125 גר המלט,גרמים,125.00,100 גרם,false,1,15.00,12.0000,true,1,235067
5400265022826,false,דפדפי שוקולד תפוז קר,HAMLET NV,,דפדפי שוקולד תפוז קריספי 125 גר המלט,גרמים,125.00,100 גרם,false,1,15.00,12.0000,true,1,235068
5400265024349,false,מאפה מבצק עלים מסוכר,HAMLET NV,,מאפה מבצק עלים מסוכר 250 ג המלט,גרמים,250.00,100 גרם,false,1,11.90,4.7600,true,1,236741
5400265027265,false,בונבוניירה המלט צסטר,HAMLET NV,BE,בונבוניירה המלט צסטרפילד אדום 125 גר,גרמים,125.00,100 גרם,false,1,22.90,18.3200,true,1,308259
5400265032993,false,עוגיות מרנג המלט לבן,HAMLET NV,,עוגיות מרנג המלט לבן 100 גר,גרמים,100.00,100 גרם,false,1,13.00,13.0000,true,1,254722
5400265033006,false,עוגיות מרנג המלט צבע,HAMLET NV,,עוגיות מרנג המלט צבעוני 100 גר,גרמים,100.00,100 גרם,false,1,13.00,13.0000,true,1,254723
5400265039596,false,בונבוניירה המלט קופי,HAMLET NV,,בונבוניירה המלט קופידו אדום 250 גר,גרמים,250.00,100 גרם,false,1,45.90,18.3600,true,1,339103
5400265039848,false,בונבוניירה המלט טררה,HAMLET NV,,בונבוניירה המלט טררה קוטה 250 גר,גרמים,250.00,100 גרם,false,1,54.90,21.9600,true,1,339104
5400265040745,false,בונבוניירה המלט ליין,HAMLET NV,,בונבוניירה המלט ליין מנוקד 250 גר,גרמים,250.00,100 גרם,false,1,45.90,18.3600,true,1,339102
5410081206201,false,בונ.קוטדור מיניונט ח,מונדליז,BE,בונ.קוטדור מיניונט חלב 240 גרם,גרמים,240.00,100 גרם,false,12,27.90,11.6250,true,1,339355
5410091648176,false,דאו פה רול און פינק,שוורצקופף והנקל,DE,פה דאודורנט רולאון פינק פשיין 50 מל לאשה,מיליליטרים,50.00,"100 מ""ל",false,6,11.90,23.8000,true,1,233614
5410091678005,false,ספריי שיער סאיוס ליצ,מריבור,SI,ספריי שיער סאיוס ליצירת נפח 400 מל,מיליליטרים,400.00,"100 מ""ל",false,6,24.90,6.2250,true,1,321514
5410091678012,false,ספריי שיער סאיוס ברק,מריבור,SI,ספריי שיער סאיוס ברק ועיצוב 400 מל,מיליליטרים,400.00,"100 מ""ל",false,6,24.90,6.2250,true,1,321516
5410091678043,false,מוס סאיוס לשיער מתול,מריבור,SI,מוס סאיוס לשיער מתולתל 250מל,מיליליטרים,250.00,"100 מ""ל",false,6,24.90,9.9600,true,1,321518
5410091708948,false,מוס סאיוס קרטין 250מ,מריבור,SI,מוס סאיוס קרטין 250מל,מיליליטרים,250.00,"100 מ""ל",false,6,24.90,9.9600,true,1,321521
5410091708955,false,ספריי שיער סאיוס קרט,מריבור,SI,ספריי שיער סאיוס קרטין 400 מל,מיליליטרים,400.00,"100 מ""ל",false,6,24.90,6.2250,true,1,321517
5410091733100,false,מוס סאיוס סרמיד לחיז,מריבור,,מוס סאיוס סרמיד לחיזוק 250מל,מיליליטרים,250.00,"100 מ""ל",false,1,24.90,9.9600,true,1,321520
5410103161518,false,קרם לחות לוריאל פעול,,,קרם לחות לוריאל פעולה משולשת רגיל,Unknown,0.00,Unknown,false,1,44.90,0.0000,true,1,343532
5410103161617,false,קרם לחות לוריאל פעול,,,קרם לחות לוריאל פעולה משולשת יבש 50מל,Unknown,0.00,Unknown,false,1,44.90,0.0000,true,1,343791
5410126006339,false,ביסקויט קרמל לוטוס 1,לוטוס ביקרי נ.וי,,ביסקויט קרמל לוטוס 124 גר,גרמים,124.00,100 גרם,false,1,6.50,5.2419,true,1,250915
5410126006360,false,עוגיות לוטוס במילוי,לוטוס ביקרי נ.וי,BE,עוגיות לוטוס במילוי קרם לוטוס 150 גרם,גרמים,150.00,100 גרם,false,8,9.90,6.6000,true,1,339349
5410126006377,false,עוגיות לוטוס במילוי,לוטוס ביקרי נ.וי,BE,עוגיות לוטוס במילוי קרם וניל 150 גרם,גרמים,150.00,100 גרם,false,8,9.90,6.6000,true,1,339348
5410126037005,false,מאגדת שלגון לוטוס על,,FR,מאגדת שלגון לוטוס על מקל 4יח,יחידה,4.00,יחידה,false,8,41.90,10.4750,true,1,326041
5410126067002,false,מאגדת טילון לוטוס,,FR,מאגדת טילון לוטוס,יחידה,4.00,יחידה,false,8,39.90,9.9750,true,1,329491
5410126106022,false,מארז 2יח ביסקויט לוט,לוטוס ביקרי נ.וי,BE,מארז 2יח ביסקויט לוטוס 250 גרם,גרמים,500.00,100 גרם,false,8,16.90,3.3800,true,1,334138
5410126116953,false,ממרח לוטוס קרמל 400,לוטוס ביקרי נ.וי,,ממרח לוטוס קרמל 400 גר,גרמים,400.00,100 גרם,false,1,20.90,5.2250,true,1,244657
5410126126020,false,מארז 2יח ביסקויט לוט,לוטוס ביקרי נ.וי,,מארז 2יח ביסקויט לוטוס 250 גרם,גרמים,500.00,100 גרם,false,1,16.90,3.3800,false,1,331778
5410126137002,false,מאגדת שלגון לוטוס 3י,,,מאגדת שלגון לוטוס 3יח,יחידה,3.00,יחידה,false,1,34.90,11.6333,true,1,337790
5410126297003,false,מאגדת 4 יח שלגון פרר,,FR,מאגדת 4 יח שלגון פררו רושר לבן,יחידה,4.00,יחידה,false,8,41.90,10.4750,true,1,338196
5410126666038,false,ביסקויט קרמל לוטוס 2,לוטוס ביקרי נ.וי,,ביסקויט קרמל לוטוס 279 גרם 18 יח,גרמים,279.00,100 גרם,false,1,13.90,4.9821,true,1,324536
5410126716016,false,ביסקויט לוטוס קרמל 2,לוטוס ביקרי נ.וי,,ביסקויט לוטוס קרמל 250 ג,גרמים,250.00,100 גרם,false,1,11.90,4.7600,true,1,228619
5410126726947,false,ממרח עוגיות לוטוס קר,לוטוס ביקרי נ.וי,,ממרח עוגיות לוטוס קראנץ 380 גר,גרמים,380.00,100 גרם,false,1,20.90,5.5000,true,1,250564
5410173210055,false,קפה פילטר רומבוטס 10,קופי רומבוטס,,קפה פילטר רומבוטס 10 יח 57 גר,יחידה,10.00,יחידה,false,1,19.90,1.9900,true,1,245946
5410228144755,false,מארז 6יח בירה סטלה א,קרלסברג יבוא יצוא,,מארז 6יח בירה סטלה אורטואה בק330מל פקדון,ליטרים,1.98,ליטר,false,1,34.90,17.6263,true,1,228944
5410228217732,false,בירה סטלה ארטואה 440,,,בירה סטלה ארטואה 440מל פח.פקדון,מיליליטרים,440.00,"100 מ""ל",false,1,12.90,2.9318,true,1,337090
5410228267515,false,מארז 6יח בירה באדווי,,US,מארז 6יח בירה באדוויזר 330מל,מיליליטרים,1980.00,"100 מ""ל",false,4,29.90,1.5101,true,1,328908
5410233710129,false,מיץ לימון 100% טבעי,,,מיץ לימון 100% טבעי ריליים 250 מל,מיליליטרים,250.00,"100 מ""ל",false,6,8.90,3.5600,true,1,335590
5410291022011,false,ממרח צוקטה אגוזי לוז,נאטרא,,ממרח צוקטה אגוזי לוז עם קקאו 350 גרם,גרמים,350.00,100 גרם,false,1,11.90,3.4000,true,1,310272
5410291022738,false,ממרח צוקטה שחור לבן,נטרה,BE,ממרח צוקטה שחור לבן 350 גרם,גרמים,350.00,100 גרם,false,12,11.90,3.4000,true,1,325245
5410316983693,false,משקה סמירנוף אייס 27,IBBLS,IT,סמירנוף אייס בודד,מיליליטרים,275.00,"100 מ""ל",false,24,11.90,4.3273,true,1,230987
5410481080012,false,נוגט קרלייר שוקולד 1,,BE,נוגט קרלייר שוקולד 100 גרם,גרמים,100.00,100 גרם,false,24,13.90,13.9000,true,1,339357
5410481080029,false,נוגט קרלייר פיסטוק 1,,BE,נוגט קרלייר פיסטוק 100 גרם,גרמים,100.00,100 גרם,false,24,13.90,13.9000,true,1,339358
5410481080036,false,נוגט קרלייר תות שדה,,BE,נוגט קרלייר תות שדה 100 גרם,גרמים,100.00,100 גרם,false,24,13.90,13.9000,true,1,339359
5410481080050,false,נוגט קרלייר קפה 100,,BE,נוגט קרלייר קפה 100 גרם,גרמים,100.00,100 גרם,false,24,13.90,13.9000,true,1,339361
5410481080128,false,נוגט קרלייר עם פירות,,BE,נוגט קרלייר עם פירות 100 גרם,גרמים,100.00,100 גרם,false,24,13.90,13.9000,true,1,339362
5410769100081,false,בירה לה שוף 330 מל פ,brasserie dachouffe,,בירה לה שוף 330 מל פיקדון,מיליליטרים,330.00,"100 מ""ל",false,1,14.90,4.5152,true,1,237580
5410769100098,false,בירה לה שוף 750 מל פ,brasserie dachouffe,,בירה לה שוף 750 מל פיקדון,מיליליטרים,750.00,"100 מ""ל",false,1,29.90,3.9867,true,1,237582
5410769101095,false,בירה נייס שוף 750 מל,brasserie dachouffe,,בירה נייס שוף 750 מל פיקדון,מיליליטרים,750.00,"100 מ""ל",false,1,29.90,3.9867,true,1,312140
5410769200088,false,בירה מק שוף 330 מל פ,brasserie dachouffe,,בירה מק שוף 330 מל פיקדון,מיליליטרים,330.00,"100 מ""ל",false,1,14.90,4.5152,true,1,237581
5410769200095,false,בירה מק שוף 750 מל פ,brasserie dachouffe,,בירה מק שוף 750 מל פיקדון,מיליליטרים,750.00,"100 מ""ל",false,1,29.90,3.9867,true,1,237583
5410769300085,false,בירה הובלון שוף 330,brasserie dachouffe,,בירה הובלון שוף 330 מל פיקדון,מיליליטרים,330.00,"100 מ""ל",false,1,14.90,4.5152,true,1,312049
5410769800097,false,בירה צרי שוף 8% 3,brasserie dachouffe,,בירה צרי שוף 8% 330 מל פיקדון,מיליליטרים,330.00,"100 מ""ל",false,1,14.90,4.5152,true,1,318178
5410769800554,false,בירה לה שוף צרי 750,brasserie dachouffe,,בירה לה שוף צרי 750 מל פיקדון,מיליליטרים,750.00,"100 מ""ל",false,1,29.90,3.9867,true,1,328096
5410783005379,false,מארז 4יח בירה קורנט,בווריה,,מארז 4יח בירה קורנט 8.5% 330מל בק.פקדון,מיליליטרים,1320.00,"100 מ""ל",false,6,39.90,3.0227,true,1,336064
5410850413304,false,בונבוניירה צדפות בלג,,,בונבוניירה צדפות בלגי ברונייה 250 ג,גרמים,250.00,100 גרם,false,12,19.90,7.9600,true,1,347100
5410908000074,false,בירה שימאיי בלו 750,,,בירה שימאיי בלו 750 מל פקדון,מיליליטרים,750.00,"100 מ""ל",false,1,29.90,3.9867,true,1,235636
5410976040064,false,בונ.גוליאן צדפי שוקו,,BE,בונ.גוליאן צדפי שוקולד בלגי 500 גרם,גרמים,500.00,100 גרם,false,12,79.90,15.9800,true,1,347692
5410976212010,false,בונ.גוליאן צדפות מאר,,BE,בונ.גוליאן צדפות מארז מוזהב 195 גרם,גרמים,195.00,100 גרם,false,6,46.90,24.0513,true,1,347690
5410976620518,false,בונ.גוליאן מבחר פרלי,,BE,בונ.גוליאן מבחר פרלין בלגי 305 גרם,גרמים,305.00,100 גרם,false,12,64.90,21.2787,true,1,347691
5410976826019,false,שוקולד גוליאן 70% מר,,BE,שוקולד גוליאן 70% מריר 100 גרם,גרמים,100.00,100 גרם,false,12,14.90,14.9000,true,1,347686
5410976840022,false,שוקולד גוליאן חלב קר,,BE,שוקולד גוליאן חלב קרמל מלוח 100 גרם,גרמים,100.00,100 גרם,false,12,14.90,14.9000,true,1,347685
5410976853015,false,שוקולד גוליאן חלב שק,,BE,שוקולד גוליאן חלב שקד מקורמל 100 גרם,גרמים,100.00,100 גרם,false,12,14.90,14.9000,true,1,347688
5411081000523,false,בירה קסטיל דונקר 330,מבשלת קסטל ואן הונסב,BE,בירה קסטיל דונקר 330מל פקדון,מיליליטרים,330.00,"100 מ""ל",false,24,12.90,3.9091,true,1,247535
5411081000677,false,בירה קסטיל טריפל 330,מבשלת קסטל ואן הונסב,BE,בירה קסטיל טריפל 330מל פקדון,מיליליטרים,330.00,"100 מ""ל",false,24,12.90,3.9091,true,1,247536
5411081003654,false,בירה קסטיל רוז 330מל,מבשלת קסטל ואן הונסב,,בירה קסטיל רוז 330מל בק. פקדון,מיליליטרים,330.00,"100 מ""ל",false,1,12.90,3.9091,true,1,247534
5411081003661,false,בירה קסטיל רוז 750מל,מבשלת קסטל ואן הונסב,,בירה קסטיל רוז 750מל פקדון,מיליליטרים,750.00,"100 מ""ל",false,1,29.90,3.9867,true,1,247580
5411081004811,false,בירה קסטיל קווה דו ש,מבשלת קסטל ואן הונסב,,בירה קסטיל קווה דו שאטו 330מל פקדון,מיליליטרים,330.00,"100 מ""ל",false,1,12.90,3.9091,true,1,247538
5411081004873,false,מארז 2 יח בירה קסטל,מבשלת קסטל ואן הונסב,,מארז 2 יח בירה קסטל רוז 750מל +כוס,מיליליטרים,1500.00,"100 מ""ל",false,1,69.90,4.6600,true,1,249699
5411081005368,false,בירה קסטיל הופי 330,מבשלת קסטל ואן הונסב,,בירה קסטיל הופי 330 מל,מיליליטרים,330.00,"100 מ""ל",false,1,12.90,3.9091,true,1,249644
5411081005696,false,בירה קסטיל שוקולד בר,מבשלת לפבר,BE,בירה קסטיל שוקולד בריסטה 330מל פקדון,מיליליטרים,330.00,"100 מ""ל",false,24,12.90,3.9091,true,1,318120
5411081008192,false,בירה קסטיל רוז 330מל,מבשלת קסטל ואן הונסב,,בירה קסטיל רוז 330מל פח. פקדון,מיליליטרים,330.00,"100 מ""ל",false,1,12.90,3.9091,true,1,347366
5411081008420,false,בירה שושנע 330מל פח.,,,בירה שושנע 330מל פח.פקדון,מיליליטרים,330.00,"100 מ""ל",false,1,12.90,3.9091,true,1,346003
5411081008567,false,בירה קסטיל נואר נייט,,DE,בירה קסטיל נואר נייטרו 300מל פח. פקדון,מיליליטרים,300.00,"100 מ""ל",false,1,12.90,4.3000,true,1,338478
5411081008628,false,בירה קסטיל רוז נייטר,,DE,בירה קסטיל רוז נייטרו 300מל פח. פקדון,מיליליטרים,300.00,"100 מ""ל",false,1,12.90,4.3000,true,1,338476
5411081008680,false,בירה קסטיל קוואד ניי,,DE,בירה קסטיל קוואד נייטרו 300מל פח. פקדון,מיליליטרים,300.00,"100 מ""ל",false,1,12.90,4.3000,true,1,338479
5411081009007,false,בירה קסטיל אקסטרה 33,מבשלת קסטל ואן הונסב,,בירה קסטיל אקסטרה 330מל פקדון,מיליליטרים,330.00,"100 מ""ל",false,1,12.90,3.9091,true,1,343830
5411188080268,false,משקה סויה אלפרו אורג,ALPRO,,משקה סויה אלפרו אורגני 1 ל,ליטרים,1.00,ליטר,false,1,12.90,12.9000,true,1,249044
5411188081852,false,משקה סויה אלפרו וניל,ALPRO,,משקה סויה אלפרו וניל 1 ל,ליטרים,1.00,ליטר,false,1,12.90,12.9000,true,1,250547
5411188094159,false,מעדן סויה אלפרו שוקו,ALPRO,,מעדן סויה אלפרו שוקולד בלגי4 יח,מיליליטרים,600.00,"100 מ""ל",false,1,17.90,2.9833,true,1,234344
5411188096108,false,שמנת לבישול סויה אלפ,ALPRO,,שמנת לבישול סויה אלפרו 250 מל,מיליליטרים,250.00,"100 מ""ל",false,1,8.90,3.5600,true,1,236866
5411188106159,false,משקה סויה אלפרו טבעי,ALPRO,,משקה סויה אלפרו טבעי לייט 1 ל,ליטרים,1.00,ליטר,false,1,14.00,14.0000,true,1,250545
5411188110835,false,משקה שקדים אלפרו 1 ל,ALPRO,,משקה שקדים אלפרו 1 ל,ליטרים,1.00,ליטר,false,1,12.90,12.9000,true,1,245762
5411188112709,false,משקה שקדים אלפרו ל.ס,ALPRO,,משקה שקדים אלפרו ל.ס. 1 ל,ליטרים,1.00,ליטר,false,1,12.90,12.9000,true,1,253110
5411188115366,false,משקה שבולת שועל אלפר,ALPRO,,משקה שבולת שועל אלפרו 1 ל,ליטרים,1.00,ליטר,false,1,12.90,12.9000,true,1,250541
5411188115434,false,משקה סויה אלפרו בריס,ALPRO,,משקה סויה אלפרו בריסטה 1 ליטר,ליטרים,1.00,ליטר,false,8,12.90,12.9000,true,1,344514
5411188115472,false,משקה סויה אלפרו טבעי,ALPRO,,משקה סויה אלפרו טבעי לייט 1 ל,ליטרים,1.00,ליטר,false,12,12.90,12.9000,true,1,334087
5411188116905,false,משקה סויה אלפרו בטעם,ALPRO,,משקה סויה אלפרו בטעם בננה 1ליטר,ליטרים,1.00,ליטר,false,8,12.90,12.9000,true,1,345143
5411188118732,false,משקה שקדים קוקוס אלפ,ALPRO,,משקה שקדים קוקוס אלפרו 1 ל,ליטרים,1.00,ליטר,false,1,12.90,12.9000,true,1,307083
5411188121923,false,שלישית חלב סויה אלפר,ALPRO,,שלישית חלב סויה אלפרו מועשר בסידן 750,מיליליטרים,750.00,"100 מ""ל",false,8,12.90,1.7200,true,1,321427
5411188121978,false,שלישית משקה סויה שוק,ALPRO,,שלישית משקה סויה שוקו אלפרו 250מל,מיליליטרים,750.00,"100 מ""ל",false,1,12.90,1.7200,true,1,319558
5411188122586,false,משקה אלפרו שקדים 250,ALPRO,,משקה אלפרו שקדים 250 מל,מיליליטרים,250.00,"100 מ""ל",false,1,5.90,2.3600,true,1,313710
5411188124689,false,משקה שבולת שועל ללס,ALPRO,,משקה שבולת שועל ללס אלפרו 1 ל,ליטרים,1.00,ליטר,false,8,14.90,14.9000,true,1,334619
5411188127307,false,משקה סויה אלפרו בריס,ALPRO,,משקה סויה אלפרו בריסטה 1 לי,ליטרים,1.00,ליטר,false,8,12.90,12.9000,true,1,334084
5411188127697,false,משקה סויה אלפרו בריס,ALPRO,,משקה סויה אלפרו בריסטה שבולת שועל 1ליי,ליטרים,1.00,ליטר,false,8,12.90,12.9000,true,1,334085
5411188129899,false,משקה סויה אלפרו בריס,ALPRO,,משקה סויה אלפרו בריסטה שקדים 1ליי,ליטרים,1.00,ליטר,false,8,12.90,12.9000,true,1,334086
5411188130031,false,אלפרו משקה סויה עם ח,ALPRO,,אלפרו משקה סויה עם חלבון 1 לי,מיליליטרים,600.00,"100 מ""ל",false,1,17.90,2.9833,true,1,335990
5411188133476,false,משקה אלפרו סויה שוקו,ALPRO,,משקה אלפרו סויה שוקו עם חלבון 250גר,גרמים,250.00,100 גרם,false,15,6.90,2.7600,true,1,339192
5411188133490,false,משקה אלפרו סויה קפה,ALPRO,,משקה אלפרו סויה קפה קרמל עם חלבון 250גר,גרמים,250.00,100 גרם,false,15,6.90,2.7600,true,1,339193
5411188134985,false,משקה אלפרו שבולת שוע,ALPRO,,משקה אלפרו שבולת שועל 1ליטר נוט 3.5%,ליטרים,1.00,ליטר,false,1,12.90,12.9000,true,1,339191
5411188135005,false,משקה אלפרו שבולת שוע,ALPRO,,משקה אלפרו שבולת שועל 1ליטר נוט 1.8%,ליטרים,1.00,ליטר,false,1,12.90,12.9000,true,1,339190
5411188300328,false,משקה סויה אלפרו שוקו,ALPRO,,משקה סויה אלפרו שוקו 1 ל,ליטרים,1.00,ליטר,false,1,12.90,12.9000,true,1,250546
5411188513483,false,אלפרו סויה לבישול 25,ALPRO,,אלפרו סויה לבישול 250מל 14% שומן,מיליליטרים,250.00,"100 מ""ל",false,1,8.90,3.5600,true,1,344198
5411188543398,false,משקה סויה אלפרו ללא,ALPRO,,משקה סויה אלפרו ללא סוכר 1 ל,ליטרים,1.00,ליטר,false,12,12.90,12.9000,true,1,334088
5411223030081,false,בירה לינדמנס קריק דו,,,בירה לינדמנס קריק דובדובן 250 מל פקדון,מיליליטרים,250.00,"100 מ""ל",false,1,12.90,5.1600,true,1,235641
5411223100579,false,בירה לינדמנס תפוחים,,,בירה לינדמנס תפוחים 250 מל פקדון,מיליליטרים,250.00,"100 מ""ל",false,1,12.90,5.1600,true,1,329494
5411223100838,false,בירה לינדמנס אפרסק,,,בירה לינדמנס אפרסק 250 מל פקדון,מיליליטרים,250.00,"100 מ""ל",false,1,12.90,5.1600,true,1,329493
5411223100920,false,בירה לינדמנס קריק דו,,,בירה לינדמנס קריק דובדובן 750 מל פקדון,מיליליטרים,750.00,"100 מ""ל",false,1,29.90,3.9867,true,1,333780
5411616133245,false,בירה מרטנס ירוק פרימ,מבשלת מרטנס,,בירה מרטנס פחית 500 מל פקדון,מיליליטרים,500.00,"100 מ""ל",false,1,7.90,1.5800,true,1,236580
5411642563023,false,ופל גופרה בלגי אישי,,BE,ופל גופרה בלגי אישי 275 גרם,גרמים,275.00,100 גרם,false,16,12.90,4.6909,true,1,345822
5411663002716,false,בירה גולדן דארק 330,Van steenberg,BE,בירה גולדן דראק בהיר 330 מל,מיליליטרים,330.00,"100 מ""ל",false,24,14.90,4.5152,true,1,255435
5411663002846,false,בירה גולדן דארק קווא,Van steenberg,BE,בירה גולדן דראק בהיר 750 מל,מיליליטרים,330.00,"100 מ""ל",false,6,14.90,4.5152,true,1,255436
5411676100874,false,בירה ברבר בלונד בהיר,מבשלת לפבר,,בירה ברבר בלונד בהיר 330 מל,מיליליטרים,330.00,"100 מ""ל",false,1,14.90,4.5152,true,1,335917
5411676100928,false,בירה ברבר רוז 330 מל,מבשלת לפבר,BE,בירה ברבר רוז 330 מל,מיליליטרים,330.00,"100 מ""ל",false,12,14.90,4.5152,true,1,335919
5411676175131,false,בירה ברבר בלונד 750,,BE,בירה ברבר בלונד 750 מל,מיליליטרים,750.00,"100 מ""ל",false,12,29.90,3.9867,true,1,330727
5411676175148,false,בירה ברבר בוק כהה 75,מבשלת לפבר,,בירה ברבר בוק כהה 750 מל,מיליליטרים,750.00,"100 מ""ל",false,6,29.90,3.9867,true,1,330457
5411676301356,false,בירה ברבר בוק כהה 33,מבשלת לפבר,,בירה ברבר בוק כהה 330 מל,מיליליטרים,330.00,"100 מ""ל",false,1,14.90,4.5152,true,1,335918
5411676800453,false,בירה בלאנש 330מל פקד,מבשלת לפבר,,בירה בלאנש 330מל פקדון,מיליליטרים,330.00,"100 מ""ל",false,1,14.90,4.5152,true,1,331909
5411681014005,false,בירה דובל 330 מל פקד,,,בירה דובל 330 מל פקדון,מיליליטרים,330.00,"100 מ""ל",false,1,14.90,4.5152,true,1,235637
5411681038001,false,בירה מרדסו 330 מל פק,,,בירה מרדסו 330 מל פקדון,מיליליטרים,330.00,"100 מ""ל",false,1,14.90,4.5152,true,1,235644
5411681038056,false,בירה מרדסו טריפל 750,,,בירה מרדסו טריפל 750 מל פיקדון,מיליליטרים,750.00,"100 מ""ל",false,1,29.90,3.9867,true,1,238283
5411681401164,false,בירה דובל טריפ הופ 3,,,בירה דובל טריפ הופ 330 מל פקדון,מיליליטרים,330.00,"100 מ""ל",false,1,14.90,4.5152,true,1,245847
5411681402635,false,בירה דובל 750 מל פקד,,,בירה דובל 750 מל פקדון,מיליליטרים,750.00,"100 מ""ל",false,1,29.90,3.9867,true,1,313507
5411681403502,false,מארז 3יח בירה מרדסו,מבשלת מורטגט,,מארז 3יח בירה מרדסו 330מל + כוס חרס,מיליליטרים,990.00,"100 מ""ל",false,1,39.90,4.0303,true,1,322976
5411681408002,false,בירה דובל 666 330מל,,,בירה דובל 666 330מל בק.פקדון,מיליליטרים,330.00,"100 מ""ל",false,24,14.90,4.5152,true,1,346183
5411686700118,false,בירה ליפמנס פרוטס 25,,,בירה ליפמנס פרוטס 250 מל פקדון,מיליליטרים,250.00,"100 מ""ל",false,1,12.90,5.1600,true,1,240117
5411911000013,false,מארז 4יח בירה סן ברנ,,,מארז 4יח בירה סן ברנדוס 330מל+כוס,מיליליטרים,1320.00,"100 מ""ל",false,1,59.90,4.5379,true,1,313052
5411911000310,false,בירה סן ברנדרס אבט 1,,,בירה סן ברנדרס אבט 12 750 מל פיקדון,מיליליטרים,750.00,"100 מ""ל",false,1,29.90,3.9867,true,1,235645
5412514555559,false,עלי טורטילס 340 גר,אן. וי סנק פוד,BE,עלי טורטייה 340 גר P,גרמים,340.00,100 גרם,false,14,18.50,5.4412,true,1,228951
5412514777746,false,תרמילי טאקו קונכיות,אן. וי סנק פוד,,תרמילי טאקו קונכיות כשר 125 גרם,גרמים,125.00,100 גרם,false,1,20.90,16.7200,true,1,228952
5412514931889,false,עלי קורדיטה 272 גר,אן. וי סנק פוד,BE,עלי קורדיטה 272 גרם,גרמים,272.00,100 גרם,false,10,18.50,6.8015,true,1,243556
5412514999957,false,רוטב סלסה גוואקמולה,אן. וי סנק פוד,,רוטב סלסה גוואקמולה 300 ג,גרמים,300.00,100 גרם,false,1,27.50,9.1667,true,1,232458
5412533001914,false,נוזל לניקוי כללי ומש,,,נוזל לניקוי כללי ומשטחים אקולוגי 1 ליטר,ליטרים,1.00,ליטר,false,1,19.90,19.9000,true,1,247405
5412533002287,false,נוזל ניקוי אסלות אור,,,נוזל ניקוי אסלות אורנים אקולוגי 750מל,מיליליטרים,750.00,"100 מ""ל",false,1,19.90,2.6533,true,1,247407
5412533002652,false,מסיר כתמים מבגדים 20,,,מסיר כתמים מבגדים 200 מל אקולוגי,מיליליטרים,200.00,"100 מ""ל",false,1,26.00,13.0000,true,1,247413
5412533002911,false,מסיר אבנית אקולוגי 5,,,מסיר אבנית אקולוגי 500מל,מיליליטרים,500.00,"100 מ""ל",false,1,22.90,4.5800,true,1,247406
5412533140408,false,מלבין לכביסה ולבית ל,,,מלבין לכביסה ולבית ללא כלור 400גר,גרמים,400.00,100 גרם,false,1,19.00,4.7500,true,1,247412
5412533404883,false,מגבונים מתכלים לניקו,,,מגבונים מתכלים לניקוי הבית ומשטחים 40יח,יחידה,40.00,יחידה,false,1,19.90,0.4975,true,1,326499
5412533416602,false,טבליות למדיח 25יח אק,אקובר,,טבליות למדיח 25יח אקולוגי הכל באחד אקובר,יחידה,25.00,יחידה,false,1,36.90,1.4760,true,1,323380
5412533418231,false,מרכך כביסה לתינוקות,,,מרכך כביסה לתינוקות אקוור זירו 1 ליטר,ליטרים,1.00,ליטר,false,6,25.90,25.9000,true,1,327775
5412533419702,false,מרכך כביסה וניל גרדי,אקובר,BE,מרכך כביסה תפוח שקד אקולוגי 750 מל,מיליליטרים,750.00,"100 מ""ל",false,6,16.90,2.2533,true,1,330743
5412533421118,false,מרכך כביסה אקוור זיר,,,מרכך כביסה אקוור זירו 1 ליטר,ליטרים,1.00,ליטר,false,6,25.90,25.9000,true,1,338006
5412533421514,false,נוזל ניקוי רצפות ומש,,,נוזל ניקוי רצפות ומשטחים למון גראס 1ליטר,ליטרים,1.00,ליטר,false,1,19.90,19.9000,true,1,343828
5412533421828,false,תרסיס לניקוי משטחים,,,תרסיס לניקוי משטחים מולטי אקשן 500מל,מיליליטרים,500.00,"100 מ""ל",false,1,24.90,4.9800,true,1,343534
5412533421958,false,תרסיס לניקוי חלונות,,BE,תרסיס לניקוי חלונות וזכוכית 500מל אקובר,מיליליטרים,500.00,"100 מ""ל",false,6,24.90,4.9800,true,1,343533
5412865023677,false,מקלות חמוצוצים תות ר,,,מקלות חמוצוצים תות רחב 50 גר,Unknown,0.00,Unknown,false,1,4.90,0.0000,true,1,324669
5412865023691,false,מקלות חמוצוצים פטל ר,,,מקלות חמוצוצים פטל רחב 50 גר,Unknown,0.00,Unknown,false,1,4.90,0.0000,true,1,324670
5412865023721,false,מקלות חמצוצים רחב קו,,,מקלות חמצוצים רחב קולה 115 גרם,גרמים,115.00,100 גרם,false,1,8.90,7.7391,true,1,329103
5412956213710,false,שוקולד מריר קאשט קקא,,,שוקולד מריר קאשט קקאו מקורמל 100 גר,גרמים,100.00,100 גרם,false,12,9.90,9.9000,true,1,335258
5412956214519,false,שוקולד מריר קאשט תפו,,,שוקולד מריר קאשט תפוז שקדים 100 גר,גרמים,100.00,100 גרם,false,12,9.90,9.9000,true,1,335255
5412956214526,false,שוקולד מריר קאשט אגס,,,שוקולד מריר קאשט אגס שקדים 100 גר,גרמים,100.00,100 גרם,false,12,9.90,9.9000,true,1,335256
5412956214533,false,שוקולד מריר קאשט לימ,,,שוקולד מריר קאשט לימון פלפל שחור 100 גר,גרמים,100.00,100 גרם,false,12,9.90,9.9000,true,1,335257
5412956214540,false,שוקולד מריר קאשט גינ,,,שוקולד מריר קאשט גינגר אוכמניות 100 גר,גרמים,100.00,100 גרם,false,12,9.90,9.9000,true,1,335254
5412956214649,false,שוקולד 85% מריר קאשט,,,שוקולד 85% מריר קאשט 100 גר,גרמים,100.00,100 גרם,false,12,9.90,9.9000,true,1,335259
5412956214670,false,שוקולד 70% מריר קאשט,,,שוקולד 70% מריר קאשט 100 גר,גרמים,100.00,100 גרם,false,12,9.90,9.9000,true,1,335260
5412956221173,false,שוקולד קאשט באר 70%,,,שוקולד קאשט באר 70% מריר 180 גרם,גרמים,180.00,100 גרם,false,12,11.90,6.6111,true,1,346845
5412956221180,false,שוקולד קאשט באר שברי,,,שוקולד קאשט באר שברי שקדים מלח י 180 גרם,גרמים,180.00,100 גרם,false,12,11.90,6.6111,true,1,346846
5412956221197,false,שוקולד קאשט באר בייג,,,שוקולד קאשט באר בייגלה בראוניז 180 גרם,גרמים,180.00,100 גרם,false,12,11.90,6.6111,true,1,346848
5412956221203,false,שוקולד קאשט באר קרמל,,,שוקולד קאשט באר קרמל מלח ים 180 גרם,גרמים,180.00,100 גרם,false,12,11.90,6.6111,true,1,346847
5413121355075,false,שוקולד בלגיאן מריר ת,BCG,,שוקולד בלגיאן מריר תפוז 100 ג,גרמים,100.00,100 גרם,false,1,11.90,11.9000,true,1,233342
5413121355099,false,שוקולד בלגיאן72%מריר,BCG,,שוקולד בלגיאן72%מריר פולי קפה 100 ג,גרמים,100.00,100 גרם,false,1,11.90,11.9000,true,1,233339
5413121355105,false,שוקולד בלגיאן חלב מש,BCG,,שוקולדבלגיאן חלב משובח 100 ג,גרמים,100.00,100 גרם,false,1,11.90,11.9000,true,1,234441
5413121356737,false,שוקולד בלגי מריר ללא,BCG,,שוקולד בלגי מריר ללא סוכר 100 ג בלגיאן,גרמים,100.00,100 גרם,false,1,14.90,14.9000,true,1,233012
5413121356829,false,שוקולד בלגי חלב ללא,BCG,,שוקולד בלגי חלב ללא סוכר 100 ג בלגיאן,גרמים,100.00,100 גרם,false,1,14.90,14.9000,true,1,233013
5413121359769,false,בונ.צדפי שוקולד בלגי,BCG,BE,בלגיאן- צדפי שוקולד 195 גר 1/12,גרמים,195.00,100 גרם,false,12,12.90,6.6154,true,1,236740
5413121359981,false,שוקולד בלגי חלב אגוז,BCG,,שוקולד בלגי חלב אגוז ללא ס. 100 ג בלגיאן,גרמים,100.00,100 גרם,false,1,14.90,14.9000,true,1,240539
5413121359998,false,שוקולד בלגי מריר שקד,BCG,,שוקולד בלגי מריר שקד ללא ס. 100 ג בלגיאן,גרמים,100.00,100 גרם,false,1,14.90,14.9000,true,1,240538
5413121363513,false,שוקולדבלגיאן מריר דו,BCG,,שוקולדבלגיאן מריר דובדבן 100 גרם,גרמים,100.00,100 גרם,false,1,11.90,11.9000,true,1,322987
5413121364121,false,טרופל בלגיאן קקאו 15,Q Chocolate,,טרופל בלגיאן קקאו 150 גרם כשלפ,גרמים,150.00,100 גרם,false,1,11.90,7.9333,true,1,321445
5413121365616,false,שוקולד בלגיאן90% מרי,BCG,,שוקולד בלגיאן90% מריר 100 ג,גרמים,100.00,100 גרם,false,1,11.90,11.9000,true,1,327761
5413121388905,false,טרופל בלגיאן אגוז150,Q Chocolate,,טרופל בלגיאן אגוז150 גרם כשלפ,גרמים,150.00,100 גרם,false,1,11.90,7.9333,true,1,331048
5413149922907,false,אב.כביסה אריאל קולור,,,אב.כביסה אריאל קולור 5 קג,קילוגרמים,5.00,"ק""ג",false,1,42.90,8.5800,true,1,238143
5413149922938,false,אב.כביסה אריאל שושן,,,אב.כביסה אריאל שושן צחור 5 קג,קילוגרמים,5.00,"ק""ג",false,1,42.90,8.5800,true,1,238142
5413149930025,false,אב.כביסה טייד רגיל 5,,,אב.כביסה טייד רגיל 5 קג,קילוגרמים,5.00,"ק""ג",false,1,44.90,8.9800,true,1,238144
5413216990242,false,בונבוניירה צדפי שוקו,אייבר קקאו,,בונ.צדפי שוקולד קרם אגוזים 250 גרם,גרמים,250.00,100 גרם,false,1,14.90,5.9600,true,1,309802
5413548040479,false,בונבונירה רפאלו 240,פררו,,בונבונירה רפאלו 240 גר,גרמים,240.00,100 גרם,false,1,24.90,10.3750,true,1,237060
5413548280189,false,קינדר שוקו בון 125 ג,פררו,,קינדר שוקו בון 125 גרם,גרמים,125.00,100 גרם,false,1,12.00,9.6000,true,1,228964
5420066330203,false,טרופל ביאנקה זהב קקא,Q Chocolate,,טרופל ביאנקה זהב קקאו 175 גר,גרמים,175.00,100 גרם,false,1,15.00,8.5714,true,1,304984
5420066330210,false,טרופל ביאנקה כסף 175,Q Chocolate,,טרופל ביאנקה כסף 175 גרם,גרמים,175.00,100 גרם,false,1,15.00,8.5714,true,1,308255
5600291427378,false,יין לבן ברנקואה יבש,ריבאפרשיו,,יין לבן ברנקואה 750 מל,מיליליטרים,750.00,"100 מ""ל",false,1,45.00,6.0000,true,1,327274
5600379040048,false,יין לבן ארינטו 750 מ,QUINTA da RAZA lda,,יין לבן ארינטו 750 מל,מיליליטרים,750.00,"100 מ""ל",false,1,60.00,8.0000,true,1,253980
5600379040239,false,יין לבן ארינטו 750 מ,QUINTA da RAZA lda,,יין לבן ארינטו 750 מל,מיליליטרים,750.00,"100 מ""ל",false,1,60.00,8.0000,true,1,310411
5600379040376,false,יין ראזה רוזה 750 מל,QUINTA da RAZA lda,,יין ראזה רוזה 750 מל,מיליליטרים,750.00,"100 מ""ל",false,1,45.00,6.0000,true,1,337315
5600391234210,false,יין הרדאר דה סאו מיג,,,יין הרדאר דה סאו מיגל אדום 750 מל,מיליליטרים,750.00,"100 מ""ל",false,1,60.00,8.0000,true,1,347723
5600995017080,false,סכין ירקות חלק 9סמ ק,,,סכין ירקות חלק 9סמ קורל פורטוגל,יחידה,1.00,יחידה,false,1,15.90,15.9000,true,1,345835
5600995017097,false,סכין ירקות משונן 9סמ,,,סכין ירקות משונן 9סמ קורל פורטוגל,יחידה,1.00,יחידה,false,1,15.90,15.9000,true,1,345834
5600995017103,false,סכין ירקות משוננת 10,,,סכין ירקות משוננת 10סמ קורל פורטוגל,יחידה,1.00,יחידה,false,1,15.90,15.9000,true,1,345836
5601008200444,false,עוגיות גודיס שוקולד,Goodies,,עוגיות גודיס שוקולד חלב 150 גר,גרמים,150.00,100 גרם,false,1,6.90,4.6000,true,1,241371
5601008200451,false,עוגיות גודיס שוקולד,Goodies,,עוגיות גודיס שוקולד מריר 150 גר,גרמים,150.00,100 גרם,false,1,6.90,4.6000,true,1,241372
5601008200468,false,עוגיות גודיס שוקולד,Goodies,,עוגיות גודיס שוקולד לבן 150 גר,גרמים,150.00,100 גרם,false,1,6.90,4.6000,true,1,241373
5601010111035,false,סרדין רמירז בשמן זית,רמירז אנד קה פילהאוס,,סרדין רמירז בשמן זית 125 גרם,גרמים,125.00,100 גרם,false,1,10.90,8.7200,true,1,322477
5601010211070,false,סרדין רמירז במים 125,רמירז אנד קה פילהאוס,PT,סרדין רמירז במים 125 גרם,גרמים,125.00,100 גרם,false,50,10.90,8.7200,true,1,322476
5601010211087,false,פילה סרדין רמירז בשמ,רמירז אנד קה פילהאוס,PT,פילה סרדין רמירז בשמן זית 100 גרם,גרמים,100.00,100 גרם,false,50,13.90,13.9000,true,1,322475
5601012011500,false,יין מתאוס רוזה 750 מ,,,יין מתאוס רוזה 750 מל פקדון,Unknown,0.00,Unknown,false,1,40.00,0.0000,true,1,254521
5601045300022,false,משקה גוארנה אנטרטיקה,"SUMOL+COMPAL MARCAS,",,משקה גוארנה אנטרטיקה 330 מל פקדון,מיליליטרים,356.00,"100 מ""ל",false,1,6.70,1.8820,true,1,235632
5601055005375,false,מארז 3 גלילים עדשי ש,,PT,מארז 3 גלילים עדשי שוקולד פיטרולס 22 גרם,Unknown,0.00,Unknown,false,48,9.90,0.0000,true,1,335610
5601055317225,false,סוכריות עדשים פינטרו,,PT,סוכריות עדשים פינטרולס 200 גרם,גרמים,200.00,100 גרם,false,30,15.90,7.9500,true,1,335433
5601096020498,false,יין פונצי ויניו ורדה,,PT,יין פונצי ויניו ורדה רוזה 750 מל,מיליליטרים,750.00,"100 מ""ל",false,6,45.00,6.0000,true,1,338071
5601096351301,false,יין קסאל גרסיה דוארו,avellada,,יין קסאל גרסיה דוארו 750 מל,מיליליטרים,750.00,"100 מ""ל",false,1,45.00,6.0000,true,1,316731
5601217129420,false,ווליט דפים למניעת הע,Montrasio,,ווליט דפים למניעת העברת צבע 20יח,יחידה,20.00,יחידה,false,1,19.90,0.9950,true,1,318426
5601378223524,false,פולי תורמוס במי מלח,מאסריקו ס.א,PT,בצלצלים מסריקו בחומץ 380 גרם,גרמים,430.00,100 גרם,false,12,9.90,2.3023,true,1,323847
5601378860309,false,פולי תורמוס במי מלח,מאסריקו ס.א,PT,פולי תורמוס במי מלח 870 גר,גרמים,870.00,100 גרם,false,6,17.90,2.0575,true,1,323844
5601766200229,false,יין קווינטה דה אלורנ,,PT,יין קווינטה דה אלורנה אדום 750 מל,מיליליטרים,750.00,"100 מ""ל",false,6,60.00,8.0000,true,1,343889
5601766200298,false,יין רוזה קווינטה דה,,PT,יין רוזה קווינטה דה אלורנה טוריגה 750מל,מיליליטרים,750.00,"100 מ""ל",false,12,60.00,8.0000,true,1,346416
5601996023780,false,יין פורטה רוזה 750 מ,,PT,יין פורטה רוזה 750 מל,מיליליטרים,750.00,"100 מ""ל",false,6,45.00,6.0000,true,1,330800
5601996355485,false,יין פורטה לבן 750 מל,,PT,יין פורטה לבן 750 מל,מיליליטרים,750.00,"100 מ""ל",false,6,45.00,6.0000,true,1,330799
5601996547897,false,יין פורטה אדום 750 מ,,PT,יין פורטה אדום 750 מל,מיליליטרים,750.00,"100 מ""ל",false,6,45.00,6.0000,true,1,330798
5601996589651,false,יין קוראגם אדום 750,,PT,יין קוראגם אדום 750 מל,מיליליטרים,750.00,"100 מ""ל",false,6,70.00,9.3333,true,1,330805
5601996669872,false,יין פורטה וינו ורדה,,PT,יין פורטה וינו ורדה 750 מל,מיליליטרים,750.00,"100 מ""ל",false,6,45.00,6.0000,true,1,343257
5604123002580,false,יין קינטה דו קראשטו,פורטוגל קינטה דו קרא,,יין קינטה דו קראשטו פורט רוב 750מל פקדון,מיליליטרים,750.00,"100 מ""ל",false,1,60.00,8.0000,true,1,246027
5604135000673,false,יין מרקז דה בורבה רז,פורטוגל ז'ואאו רמוס,,יין מרקז דה בורבה רזרבה 750מל פקדון,מיליליטרים,750.00,"100 מ""ל",false,1,230.00,30.6667,true,1,245636
5604242005868,false,יין טרבו 2014 750 מל,,,יין טרבו 2014 750 מל פיקדון,מיליליטרים,750.00,"100 מ""ל",false,1,60.00,8.0000,true,1,255369
5604242008029,false,יין קולייטה 2014 750,,,יין קולייטה 2014 750 מל פיקדון,מיליליטרים,750.00,"100 מ""ל",false,1,85.00,11.3333,true,1,255370
5694230223312,false,כבד דג שיבוט במיץ טב,,IS,כבד דג שיבוץ במיץ טבעי 121 גרם,גרמים,121.00,100 גרם,false,12,10.90,9.0083,true,1,328226
5694230223336,false,כבד דג שיבוט מעושן 1,,IS,כבד דג שיבוט מעושן 121 גרם,גרמים,121.00,100 גרם,false,12,10.90,9.0083,true,1,328227
5694230412518,false,ממרח סלמון אדום איסל,,IS,ממרח סלמון אדום איסלנדי 125 גרם,גרמים,125.00,100 גרם,false,12,8.90,7.1200,true,1,335231
5694230412525,false,ממרח סלמון שחור איסל,,IS,ממרח סלמון שחור איסלנדי 125 גרם,גרמים,125.00,100 גרם,false,12,8.90,7.1200,true,1,335232
5701932026964,false,פופקורן הוטפופ מלוח,,,פופקורן הוטפופ מלוח 600 ג למיקרוגל,גרמים,600.00,100 גרם,false,1,15.00,2.5000,true,1,228627
5701932026971,false,פופקורן הוטפופ חמאה,,,פופקורן הוטפופ חמאה 600 ג למיקרוגל,גרמים,600.00,100 גרם,false,1,15.00,2.5000,true,1,228628
5701932026995,false,פופקורן הוטפופ לייט,,,פופקורן הוטפופ לייט טבעי 510 ג למיקרוגל,גרמים,510.00,100 גרם,false,1,15.00,2.9412,true,1,229727
5704255119061,false,בירה מיקלר איש בין ר,ברודוג פי אל סי,DK,בירה מיקלר איש בין רסברי 330מל פח.פקדון,מיליליטרים,330.00,"100 מ""ל",false,24,16.90,5.1212,true,1,347394
5706516031358,false,פופקורן הוטפופ למיקר,,,פופקורן הוטפופ למיקרו 100 קלוריות 5 יח,גרמים,510.00,100 גרם,false,1,15.00,2.9412,true,1,237870
5711953106583,false,גבינת שמנת טבעי 200ג,ארלה,,גבינת שמנת טבעי 200גרם 24.5% שומן ארלה,גרמים,200.00,100 גרם,false,10,12.90,6.4500,true,1,329176
5711953106590,false,גבינת שמנת שום 200גר,ארלה,,גבינת שמנת שום 200גר 24.5%שומן ארלה,גרמים,200.00,100 גרם,false,10,12.90,6.4500,true,1,329178
5711953106606,false,גבינת שמנת ע. תיבול,ארלה,,גבינת שמנת ע. תיבול 200גר 24.5%שומן ארלה,גרמים,200.00,100 גרם,false,10,12.90,6.4500,true,1,329177
5740017100304,false,בירה מיקלר משחקי הכס,ברודוג פי אל סי,DK,בירה מיקלר משחקי הכס 440מל פח.פקדון,מיליליטרים,440.00,"100 מ""ל",false,24,24.90,5.6591,true,1,347402
5740900403215,false,ממרח חמאת לורפק עם מ,,,ממרח חמאת לורפק עם מלח 250גר,גרמים,250.00,100 גרם,false,12,18.90,7.5600,true,1,324771
5740900403222,false,ממרח מחמאת לורפק עם,,,ממרח מחמאת לורפק עם מלח 250גר מופחת שומן,גרמים,250.00,100 גרם,false,12,18.90,7.5600,true,1,324773
5740900403239,false,ממרח מחמאת לורפק ללא,,,ממרח מחמאת לורפק ללא מלח 250גר,גרמים,250.00,100 גרם,false,12,18.90,7.5600,true,1,324772
5740900403246,false,ממרח מחמאת לורפק ללא,,,ממרח מחמאת לורפק ללא מלח 500גרם,גרמים,500.00,100 גרם,false,12,27.90,5.5800,true,1,324775
5740900403253,false,ממרח מחמאת לורפק עם,,,ממרח מחמאת לורפק עם מלח 500גרם,גרמים,500.00,100 גרם,false,12,27.90,5.5800,true,1,324776
5740900403260,false,ממרח מחמאת לורפק ללא,,,ממרח מחמאת לורפק ללא מלח 250ג מופחת שומן,גרמים,250.00,100 גרם,false,12,18.90,7.5600,true,1,324774
5740900403284,false,חמאה לורפק ללא מלח 2,,,חמאה לורפק ללא מלח 200 גר,גרמים,200.00,100 גרם,false,20,11.90,5.9500,true,1,334096
5740900403864,false,חמאה לורפק עם מלח 20,,,חמאה לורפק עם מלח 200 גר,גרמים,200.00,100 גרם,false,20,11.90,5.9500,true,1,339189
5774540694306,false,אנטון ברג בקבוקוני ש,Anthon Berg,DK,אנטון ברג בקבוקוני שוקולד ליקר 250 גרם,גרמים,250.00,100 גרם,false,28,49.90,19.9600,true,1,342923
5774540820309,false,אנטון ברג בקבוקוני מ,Anthon Berg,DK,אנטון ברג בבקבוקוני מיקס קוקטייל 62 גרם,Unknown,0.00,Unknown,false,28,19.90,0.0000,true,1,342611
5774540870007,false,אנטון ברג בקבוקוני ל,Anthon Berg,DK,אנטון ברג בקבוקוני ליקר 62 גרם,Unknown,0.00,Unknown,false,28,19.90,0.0000,true,1,342613
5774540984056,false,מרציפן אנטון ברג תות,Anthon Berg,,מרציפן אנטון ברג תות שדה ושמפניה220 גר,גרמים,220.00,100 גרם,false,1,32.90,14.9545,true,1,310837
5774540984155,false,מרציפן אנטון ברג שזי,Anthon Berg,,מרציפן אנטון ברג שזיף במדרה220 גר,גרמים,220.00,100 גרם,false,1,32.90,14.9545,true,1,310836
5774540984254,false,מרציפן אנטון ברג משמ,Anthon Berg,,מרציפן אנטון ברג משמש בברנדי220 גר,גרמים,220.00,100 גרם,false,1,32.90,14.9545,true,1,310834
5774540984452,false,מרציפן אנטון ברג דוב,Anthon Berg,,מרציפן אנטון ברג דובדבן ברום220 גר,גרמים,220.00,100 גרם,false,1,32.90,14.9545,true,1,310833
5774540989853,false,מרציפן אנטון ברג פטל,Anthon Berg,,מרציפן אנטון ברג פטל ליקר תפוז220 גר,גרמים,220.00,100 גרם,false,1,32.90,14.9545,true,1,310835
5774540990057,false,מרציפן אנטון ברג אוכ,Anthon Berg,,מרציפן אנטון ברג אוכמניותבוודקה220 גר,גרמים,220.00,100 גרם,false,1,32.90,14.9545,true,1,310838
5900017062419,false,תחליב רחצה ניוואה,beiersdorf,,תחליב רחצה ניוואה 750מל ורדים ושמן שקד,מיליליטרים,750.00,"100 מ""ל",false,1,15.90,2.1200,true,1,337924
5900020012814,false,דגני נסקוויק שוקולד,נסטלה פולין דגני בוק,,דגני בוקר נסקוויק שוקולד 500 גרם,גרמים,500.00,100 גרם,false,1,22.90,4.5800,true,1,237609
5900020015174,false,חטיפי דגנים פיטנס שו,נסטלה פולין ברים,PL,חטיפי דגנים פיטנס שוקולד 6 יח 141 גר,גרמים,141.00,100 גרם,false,8,15.90,11.2766,true,1,239393
5900020018908,false,חטיפי דגנים פיטנס קר,נסטלה פולין ברים,PL,חטיפי דגנים פיטנס קרם עוגיות6 יח 141 גר,גרמים,141.00,100 גרם,false,8,15.90,11.2766,true,1,243791
5900020020710,false,חטיפי דגנים קראנץ בר,נסטלה פולין ברים,PL,חטיפי דגנים קראנץ בר שוקו וניל 6יח 150ג,גרמים,150.00,100 גרם,false,8,15.90,10.6000,true,1,247470
5900020020741,false,חטיפי דגנים נסקוויק,נסטלה פולין ברים,PL,חטיפי דגנים נסקוויק בר שוקו6יח 150ג,גרמים,150.00,100 גרם,false,8,15.90,10.6000,true,1,247471
5900020022325,false,חטיפי דגנים סיני מי,נסטלה פולין דגני בוק,PL,חטיפי דגנים סיני מיניס 6יח 150ג,גרמים,150.00,100 גרם,false,8,15.90,10.6000,true,1,251599
5900020024770,false,חטיפי דגנים פיטנס דל,נסטלה פולין ברים,PL,חטיפי דגנים פיטנס דליס שוקולד אגוז135,גרמים,135.00,100 גרם,false,9,15.90,11.7778,true,1,304593
5900020025647,false,חטיפי דגנים פיטנס דל,נסטלה פולין ברים,PL,חטיפי דגנים פיטנס דליס שוקולד חלב135,גרמים,135.00,100 גרם,false,9,15.90,11.7778,true,1,304592
5900020026552,false,דגני האני נאט צריוס,ג.נרל מילס,,דגני בוקר האני נאט צריוס 625 גר,גרמים,615.00,100 גרם,false,1,22.90,3.7236,true,1,309742
5900020029669,false,חטיפי דגנים פיטנס פי,נסטלה פולין ברים,,חטיפי דגנים פיטנס פירות יער 6 יח 141 גר,גרמים,141.00,100 גרם,false,1,15.90,11.2766,true,1,318292
5900020031877,false,חטיפי דגנים ציריוס 6,נסטלה פולין ברים,,חטיפי דגנים ציריוס 6יח 132ג,גרמים,132.00,100 גרם,false,1,15.90,12.0455,true,1,323186
5900020032454,false,חטיפי דגנים פיטנס עו,נסטלה פולין ברים,,חטיפי דגנים פיטנס עוגיות 6 יח 141 גר,גרמים,141.00,100 גרם,false,1,15.90,11.2766,true,1,337929
5900020033314,false,חטיפי דגנים ליון 6יח,נסטלה פולין ברים,,חטיפי דגנים ליון 6יח 150ג,גרמים,150.00,100 גרם,false,1,15.90,10.6000,true,1,324797
5900020034021,false,חטיפי דגנים פיטנס שו,נסטלה פולין ברים,,חטיפי דגנים פיטנס שוקו בננה 6 יח 141 גר,גרמים,141.00,100 גרם,false,1,15.90,11.2766,true,1,326266
5900020034991,false,דגני קראנץ צדפים טעם,ג.נרל מילס,,דגני נסטלה קראנץ צדפים שוקולד 450 ג,גרמים,450.00,100 גרם,false,1,22.90,5.0889,true,1,330217
5900020036407,false,דגני ליון שוקולד קרמ,ג.נרל מילס,,דגני ליון שוקולד קרמל מופחת סוכר 480 גרם,גרמים,480.00,100 גרם,false,1,22.90,4.7708,true,1,332305
5900020037916,false,דגני בוקר צריוס שיבו,ג.נרל מילס,,דגני בוקר צריוס שיבולת שועל340גר,גרמים,340.00,100 גרם,false,1,16.90,4.9706,true,1,335859
5900020039590,false,חטיפי דגנים פיטנס קל,נסטלה פולין ברים,,חטיפי דגנים פיטנס קלאסי פרווה6 יח 141 גר,גרמים,141.00,100 גרם,false,1,15.90,11.2766,true,1,338547
5900020039620,false,חטיפי דגנים פיטנס שק,נסטלה פולין ברים,,חטיפי דגנים פיטנס שקדים ודבש6 יח 141 גר,גרמים,141.00,100 גרם,false,1,15.90,11.2766,true,1,338548
5900020041371,false,חטיפי דגנים פיטנס שו,נסטלה פולין ברים,,חטיפי דגנים פיטנס שוקולד מריר6 יח 141 גר,גרמים,141.00,100 גרם,false,1,15.90,11.2766,true,1,347018
5900130034157,false,מאגדת שלגון מילקה בט,,,מאגדת שלגון מילקה בטעם תות 4יח,יחידה,4.00,יחידה,false,1,38.90,9.7250,true,1,334861
5900130034171,false,מאגדת שלגון מילקה בט,,,מאגדת שלגון מילקה בטעם תות 4יח,יחידה,4.00,יחידה,false,1,38.90,9.7250,true,1,332436
5900343005296,false,וודקה זוברובקה ביזון,,,וודקה זוברובקה ביזון גראס 700 מל,מיליליטרים,700.00,"100 מ""ל",false,1,79.90,11.4143,true,1,346674
5900343010146,false,וודקה זוברובקה ביאלה,,,וודקה זוברובקה ביאלה 700 מל,מיליליטרים,7000.00,"100 מ""ל",false,1,59.90,0.8557,true,1,346659
5900353612552,false,שוקולד קלנוטי שרי 1,MIESZKO,,שוקולד קלנוטי שרי 1 קג,קילוגרמים,1.00,"ק""ג",false,1,58.90,58.9000,true,1,305791
5900353612965,false,בונבוניירה שרי צריסי,MIESZKO,,בונבוניירה שרי צריסימו 185 גר,גרמים,185.00,100 גרם,false,1,41.90,22.6486,true,1,324935
5900353613870,false,בונבוניירה מייסזקו ק,MIESZKO,,בונבוניירה מייסזקו קוביה שרי 239 גר,גרמים,236.00,100 גרם,false,1,22.90,9.7034,true,1,324937
5900353615683,false,בונ.מייזקו וויסקי בש,,,בונבוניירה ברנדי שוקולד מריר 180 גרם,גרמים,180.00,100 גרם,false,1,16.90,9.3889,true,1,329474
5900353615690,false,בונ.מייזקו ברנדי בשו,,,בונ.מייזקו ברנדי בשוקולד מריר 180 גרם,גרמים,180.00,100 גרם,false,1,16.90,9.3889,true,1,329476
5900353615706,false,בונ.מייזקו וודקה בשו,,,בונ.מייזקו וודקה בשוקולד מריר 180 גרם,גרמים,180.00,100 גרם,false,1,16.90,9.3889,true,1,329475
5900353616321,false,בונבוניירה שוקולדורו,MIESZKO,,בונבוניירה שוקולדורו 203 גר,גרמים,178.00,100 גרם,false,1,29.90,16.7978,true,1,235497
5900353646755,false,ממתק שזיף סלוויקה בש,,PL,ממתק שזיף סלוויקה בשוקולד מריר שקית255ג,גרמים,255.00,100 גרם,false,15,20.90,8.1961,true,1,343919
5900353647219,false,ממתק שזיף סלוויקה בש,,PL,ממתק שזיף סלוויקה בשוקולד מריר קופסא200ג,גרמים,200.00,100 גרם,false,15,18.90,9.4500,true,1,343918
5900353647257,false,ממתק שזיף סלוויקה בש,,PL,ממתק שזיף סלוויקה בשוקולד מריר בפח325ג,גרמים,325.00,100 גרם,false,15,54.90,16.8923,true,1,343920
5900617035882,false,חטיף חלבון שוקולד 33,,,חטיף חלבון שוקולד 33% מעט סוכר,יחידה,1.00,יחידה,false,1,9.90,9.9000,true,1,342481
5900617035905,false,חטיף חלבון קרמל מלוח,,,חטיף חלבון קרמל מלוח 33% מעט סוכר,יחידה,1.00,יחידה,false,1,9.90,9.9000,true,1,342480
5900617035929,false,חטיף חלבון וניל תות,,,חטיף חלבון וניל תות 33% מעט סוכר,יחידה,1.00,יחידה,false,1,9.90,9.9000,true,1,342482
5900627026429,false,גל סיליט באנג לשירות,RB פולין,,גל סיליט באנג לשירותים אקונומיקה 750מל,מיליליטרים,750.00,"100 מ""ל",false,1,9.90,1.3200,true,1,232704
5900627027020,false,קרם הסרת שיער ויט מק,רקיט בנקיזר צרפת,,קרם הסרת שיער ויט מקלחת עור רגיל150מל,מיליליטרים,150.00,"100 מ""ל",false,1,39.90,26.6000,true,1,232963
5900627040104,false,גל אסלות הרפיק בניחו,RB פולין,,גל אסלות הרפיק בניחוח לימוני 750מל,מיליליטרים,750.00,"100 מ""ל",false,1,9.90,1.3200,true,1,247961
5900627063233,false,טבליות למדיח הכל באח,RB פולין,,טבליות למדיח הכל באחד פיניש מקס 50 יח,יחידה,50.00,יחידה,false,1,34.90,0.6980,true,1,309253
5900627066715,false,טבליות למדיח הכל ב 1,RB פולין,,טבליות למדיח הכל ב 1 פיניש 100 יח,יחידה,100.00,יחידה,false,1,59.90,0.5990,true,1,312608
5900627080674,false,סרום לכביסה וולייט,רקיט בנקיזר,PT,סרום לכביסה וולייט 100מל,מיליליטרים,100.00,"100 מ""ל",false,12,11.90,11.9000,true,1,329264
5900649052666,false,קפוצינו להכנה קלאסי,,,קפוצינו להכנה קלאסי 10 יח,Unknown,0.00,Unknown,false,1,9.90,0.0000,true,1,322159
5900649052727,false,קפוצינו להכנה אגוזי,,,קפוצינו להכנה אגוזי לוז 10 יח,Unknown,0.00,Unknown,false,1,9.90,0.0000,true,1,322158
5900649052819,false,קפוצינו להכנה וניל10,,,קפוצינו להכנה וניל10 יח,Unknown,0.00,Unknown,false,1,9.90,0.0000,true,1,322161
5900820014230,false,גבינה נורווסקי סלמון,,RU,גבינה נורווסקי סלמון 150גר,גרמים,150.00,100 גרם,false,1,10.90,7.2667,true,1,336692
5900915027831,false,שוקולד קריסמס עם עדש,,,שוקולד קריסמס עם עדשים 105 גרם,גרמים,105.00,100 גרם,false,1,5.90,5.6190,true,1,342263
5900951283963,false,חטיף סניקרס קרימי 36,מרס,,חטיף סניקרס קרימי 36.5 ג,Unknown,0.00,Unknown,false,1,3.90,0.0000,true,1,339010
5900951291593,false,סוכריות אם אנד אמס ק,מרס,GB,סוכריות אם אנד אמס קרמל מלוח 70 גרם,Unknown,0.00,Unknown,false,16,9.90,0.0000,true,1,346359
5900951293610,false,סוכריות אם אנד אמס ב,מרס,GB,סוכריות אם אנד אמס בראוניז 70 גרם,Unknown,0.00,Unknown,false,16,9.90,0.0000,true,1,346358
5901041003003,false,וודקה בלוודר 700 מל,polmos,,וודקה בלוודר 700 מל פקדון,מיליליטרים,700.00,"100 מ""ל",false,1,109.00,15.5714,true,1,245017
5901126011763,false,גבינה מותכת עם זיתים,,,גבינה מותכת עם זיתים 120גר משולשים,גרמים,140.00,100 גרם,false,24,9.90,7.0714,true,1,337747
5901126012388,false,טוסטי 600 גרם,,,טוסטי 600 גרם,גרמים,600.00,100 גרם,false,,22.90,3.8167,true,1,335421
5901126013309,false,גבינת צדר מותכת 120ג,,,גבינת צדר מותכת 120גר משולשים,גרמים,120.00,100 גרם,false,24,9.90,8.2500,true,1,337743
5901126013316,false,גבינה מותכת קרמי 120,,,גבינה מותכת קרמי 120גר משולשים,גרמים,120.00,100 גרם,false,24,9.90,8.2500,true,1,337744
5901126013576,false,גבינת גאודה מותכת 12,,,גבינת גאודה מותכת 120גר משולשים,גרמים,120.00,100 גרם,false,24,9.90,8.2500,true,1,337742
5901414200411,false,ביסקוויט היט מיני שו,בלזן פולסקה,,ביסקוויט היט מיני שוקו 130 גר,גרמים,130.00,100 גרם,false,1,6.90,5.3077,true,1,234208
5902175840113,false,בונבוניירה משמש מצופ,פ.ו מאט,,בונבוניירה משמש מצופה 200 גרם,גרמים,200.00,100 גרם,false,1,16.90,8.4500,true,1,321622
5902198160403,false,משקה אנרגיה אקס אל ת,,,משקה אנרגיה אקס אל תן 250 מל פקדון,מיליליטרים,250.00,"100 מ""ל",false,1,4.90,1.9600,true,1,313764
5902658111983,false,מתלה גדול כולל דבק ח,3m,,מתלה גדול כולל דבק חלופי מחזיק עד כ2.5קג,יחידה,1.00,יחידה,false,1,16.90,16.9000,true,1,325713
5902658111990,false,זוג מתלים בינוניים כ,3m,,זוג מתלים בינוניים כולל דבק,יחידה,2.00,יחידה,false,1,15.90,7.9500,true,1,324211
5905388098098,false,בונבוניירה מרשמלו שמ,פ.ו מאט,,בונבוניירה מרשמלו שמנת 370 גרם,גרמים,370.00,100 גרם,false,1,16.90,4.5676,true,1,321627
5905388098586,false,בונבוניירה מרשמלו ונ,פ.ו מאט,PL,בונבוניירה מרשמלו וניל 370 גרם,גרמים,370.00,100 גרם,false,12,16.90,4.5676,true,1,321628
5906485301012,false,משקה אנרגיה אקס אל 2,,,משקה אנרגיה אקס אל 250 מל פקדון,מיליליטרים,250.00,"100 מ""ל",false,1,4.90,1.9600,true,1,232762
5941021000639,false,שוקולד היידי חלב אגו,היידי שוקולד בירונטי,,שוקולד היידי חלב אגוז 100 גרם,גרמים,100.00,100 גרם,false,1,9.90,9.9000,true,1,324708
5941021000899,false,שוקולד היידי מריר אג,היידי שוקולד בירונטי,,שוקולד היידי מריר אגוז 100 גרם,גרמים,100.00,100 גרם,false,1,9.90,9.9000,true,1,324709
5941021001247,false,שוקולד היידי קפה 80,היידי שוקולד בירונטי,RO,שוקולד היידי קפה 80 גרם,Unknown,0.00,Unknown,false,12,9.90,0.0000,true,1,322628
5941021001261,false,שוקולד היידי 75% מרי,היידי שוקולד בירונטי,,שוקולד היידי 75% מריר גראנדור 80 גרם,Unknown,0.00,Unknown,false,1,9.90,0.0000,true,1,345741
5941021001674,false,שוקולד היידי 85% מרי,היידי שוקולד בירונטי,,שוקולד היידי 85% מריר גראנדור 80 גרם,Unknown,0.00,Unknown,false,1,9.90,0.0000,true,1,345740
5941021002190,false,שוקולד היידי לבן אגו,היידי שוקולד בירונטי,,שוקולד היידי לבן אגוז 100 גרם,גרמים,100.00,100 גרם,false,1,9.90,9.9000,true,1,324710
5941021004309,false,שוקולד היידי פלורנטי,היידי שוקולד בירונטי,RO,שוקולד היידי פלורנטין 100 גרם,גרמים,100.00,100 גרם,false,12,9.90,9.9000,true,1,322618
5941021005122,false,שוקולד היידי חמוציות,היידי שוקולד בירונטי,RO,שוקולד היידי חמוציות 80 גרם,Unknown,0.00,Unknown,false,12,9.90,0.0000,true,1,322627
5941021007577,false,שוקולד היידי פיסטוק,היידי שוקולד בירונטי,RO,שוקולד היידי פיסטוק 80 גרם,Unknown,0.00,Unknown,false,12,9.90,0.0000,true,1,322625
5941021008208,false,שוקולד היידי מלח שחו,היידי שוקולד בירונטי,RO,שוקולד היידי מלח שחור 80 גרם,Unknown,0.00,Unknown,false,12,9.90,0.0000,true,1,322626
5941021008673,false,שוקולד היידי לבן שקד,היידי שוקולד בירונטי,RO,שוקולד היידי לבן שקד פיסטוק 100 גרם,גרמים,100.00,100 גרם,false,12,9.90,9.9000,true,1,322623
5941021011147,false,שוקולד היידי פלורנטי,היידי שוקולד בירונטי,RO,שוקולד היידי פלורנטין מריר 100 גרם,גרמים,100.00,100 גרם,false,12,9.90,9.9000,true,1,322624
5941021015596,false,שוקולד היידי מריר או,היידי שוקולד בירונטי,,שוקולד היידי מריר אוכמניות 100 גרם,Unknown,0.00,Unknown,false,1,9.90,0.0000,true,1,328645
5941021016401,false,שוקולד היידי מריר שק,היידי שוקולד בירונטי,,שוקולד היידי מריר שקד שלם 100 גרם,גרמים,100.00,100 גרם,false,1,9.90,9.9000,true,1,328644
5941850163017,false,מאפה רול אקסה ממולא,,RO,מאפה רול אקסה ממולא קרם שוקולד 350 גרם,גרמים,350.00,100 גרם,false,8,14.90,4.2571,true,1,344843
5941850163024,false,מאפה רול אקסה ממולא,,RO,מאפה רול אקסה ממולא קרם וניל 350 גרם,גרמים,350.00,100 גרם,false,8,14.90,4.2571,true,1,344841
5941850166575,false,מאפה רול אקסה ממולא,,RO,מאפה רול אקסה ממולא קרם משמש 350 גרם,גרמים,350.00,100 גרם,false,8,14.90,4.2571,true,1,344844
5941850166599,false,מאפה רול אקסה ממולא,,RO,מאפה רול אקסה ממולא קרם תות 350 גרם,גרמים,350.00,100 גרם,false,8,14.90,4.2571,true,1,344845
5941850166612,false,מאפה רול אקסה ממולא,,RO,מאפה רול אקסה ממולא קרמל מלוח 350 גרם,גרמים,350.00,100 גרם,false,8,14.90,4.2571,true,1,344846
5942219000059,false,מים מינרליים בורסאק,,,מים מינרליים בורסאק 1.5 ליטר,ליטרים,1.50,ליטר,false,1,9.20,6.1333,true,1,321428
5948559002753,false,מטליות ניקוי 5יח ספי,3m,IT,מטליות ניקוי 5יח ספיגה אופטימלית,יחידה,5.00,יחידה,false,15,16.90,3.3800,true,1,328031
5949152110821,false,מטהר אוויר אירוויק נ,RB פולין,PL,מטהר אוויר אירוויק נ.גז לילות לבנים 237מ,מיליליטרים,237.00,"100 מ""ל",false,1,14.90,6.2869,true,1,347005
5949152110838,false,מטהר אוויר אירוויק נ,RB פולין,PL,מטהר אוויר אירוויק נ.גז גשם סגול 237מל,מיליליטרים,237.00,"100 מ""ל",false,1,14.90,6.2869,true,1,347006
5997010301027,false,מחית פפריקה חריפה 70,,HU,מחית פפריקה חריפה 70 גרם,Unknown,0.00,Unknown,false,24,11.90,0.0000,true,1,333736
5997010302024,false,מחית גולאש חריפה 70,,HU,מחית גולאש חריפה 70 גרם,Unknown,0.00,Unknown,false,24,11.90,0.0000,true,1,333743
5997321701806,false,מסיר אבנית קלגון 1 ק,RB פולין,,מסיר אבנית קלגון 1 קג באבקה,קילוגרמים,1.00,"ק""ג",false,1,29.90,29.9000,true,1,317211
5997321770307,false,ויט רצועות שעווה לעו,רקיט בנקיזר צרפת,,ויט רצועות שעווה לעור רגיש,Unknown,0.00,Unknown,false,1,21.90,0.0000,true,1,318856
5998623526739,false,יין סי. גראס גוורצטר,,HU,יין סי. גראס גוורצטרמינר כשר 750 מל,מיליליטרים,750.00,"100 מ""ל",false,6,40.00,5.3333,true,1,332873
5998817529508,false,בירה מילר 500מל פחית,,,בירה מילר 500מל פחית פקדון 4.7%,מיליליטרים,500.00,"100 מ""ל",false,1,8.90,1.7800,true,1,339420
5999560660456,false,מסכת שיער ללא מלחים,,,מסכת שיער ללא מלחים לשיער פגום 500מל,מיליליטרים,500.00,"100 מ""ל",false,1,100.00,20.0000,true,1,331689
5999883580158,false,משקה מוגז נסיכות דיס,,,משקה מוגז נסיכות דיסני טעם תפוח 750מל,Unknown,0.00,Unknown,false,6,18.90,0.0000,true,1,345016
5999883580233,false,משקה פרוזן מוגז טעם,,,משקה פרוזן מוגז טעם תפוח 750מל,Unknown,0.00,Unknown,false,1,18.90,0.0000,true,1,345013
5999883580431,false,משקה מכוניות מוגז טע,,,משקה מכוניות מוגז טעם תות שדה תפוח 750מל,Unknown,0.00,Unknown,false,6,18.90,0.0000,true,1,345015
5999883580998,false,משקה מוגז כדורגל טעם,,,משקה מוגז כדורגל טעם תפוח 750מל,Unknown,0.00,Unknown,false,6,18.90,0.0000,true,1,345018
6001067017332,false,מברשת שיניים קולגייט,קולגייט,CN,מברשת שיניים קולגייט אופטיק וייט בודד,יחידה,1.00,יחידה,false,72,19.90,19.9000,true,1,346017
6001067017523,false,מברשת שיניים קולגייט,CP- China-SH,,מברשת שיניים קולגייט ילדים דמויות חדשה,Unknown,0.00,Unknown,false,1,14.90,0.0000,true,1,245712
6001067017530,false,מברשת שיניים קולגייט,CP- China-SH,,מברשת שיניים קולגייט ילדים דמויות חדשה,Unknown,0.00,Unknown,false,1,14.90,0.0000,true,1,245711
6001067027324,false,מברשת שיניים קולגייט,קולגייט,IT,מברשת שיניים קולגייט ילדים חשמלית,יחידה,1.00,יחידה,false,12,54.90,54.9000,true,1,326947
6001068323005,false,משקה ריקופי גרגירים,נסטלה,ZA,משקה ריקופי גרגירים קפה ועולש 250 גרם,גרמים,250.00,100 גרם,false,6,39.90,15.9600,true,1,338853
6001495062577,false,ליקר אמרולה 700 מל,,,משקה אמרולה 700 מל פקדון,מיליליטרים,700.00,"100 מ""ל",false,6,69.00,9.8571,true,1,335307
6001506003407,false,יין אאודה קאפ קלאסיק,"דרא""פ די.ג'י.בי DGB",,יין אאודה קאפ קלאסיק רוד 750 מל פיקדון,מיליליטרים,750.00,"100 מ""ל",false,1,35.00,4.6667,true,1,237098
6001506003902,false,יין אאודה קאפ שנין ב,"דרא""פ די.ג'י.בי DGB",,יין אאודה קאפ שנין בלאן 750 מל פיקדון,מיליליטרים,750.00,"100 מ""ל",false,1,35.00,4.6667,true,1,237099
6001506004343,false,יין לבן אאודה קאפ אל,"דרא""פ די.ג'י.בי DGB",,יין לבן אאודה קאפ אלגנט וויט 750מל פקדון,מיליליטרים,750.00,"100 מ""ל",false,1,35.00,4.6667,true,1,241361
6001506908764,false,יין פינוטאז בלינגהאם,בלינגהאם,,יין פינוטאז בלינגהאם 750 מל,מיליליטרים,750.00,"100 מ""ל",false,1,60.00,8.0000,true,1,321755
6002291000077,false,יין לבן סוביניון בלא,,ZA,יין לבן סוביניון בלאן פייר ויו דארלינג,מיליליטרים,750.00,"100 מ""ל",false,12,60.00,8.0000,true,1,346417
6002390102115,false,יין שיראז מרלו סוורט,,,יין שיראז מרלו סוורטלנד 2010 750מל פקדון,מיליליטרים,750.00,"100 מ""ל",false,1,60.00,8.0000,true,1,247791
6003105003185,false,ציר בקר מרוכז אינה פ,INA PAARMANS,ZA,ציר בקר מרוכז אינה פרמן 200 מל,מיליליטרים,200.00,"100 מ""ל",false,12,29.90,14.9500,true,1,249170
6003105003192,false,ציר דגים מרוכז אינה,INA PAARMANS,ZA,ציר דגים מרוכז אינה פרמן 200 מל,מיליליטרים,200.00,"100 מ""ל",false,12,29.90,14.9500,true,1,304500
6003770000168,false,רוטב ננדוס מדיום 250,NANDOS,,רוטב ננדוס פרי פרי מדיום 250 גר,גרמים,250.00,100 גרם,false,1,25.90,10.3600,true,1,311218
6003770000496,false,רוטב ננדוס פלפל 250,NANDOS,,רוטב פרי פרי פלפל 250 גר,גרמים,250.00,100 גרם,false,1,25.90,10.3600,true,1,253009
6003770000649,false,רוטב ננדוס שום 250 ג,NANDOS,,רוטב פרי פרי שום 250 גר,גרמים,250.00,100 גרם,false,1,25.90,10.3600,true,1,253014
6003770000663,false,רוטב ננדוס חריף 250,NANDOS,,רוטב פרי פרי חריף 250 גר,גרמים,250.00,100 גרם,false,1,25.90,10.3600,true,1,253013
6003770000670,false,רוטב ננדוס אקסטרא חר,NANDOS,,רוטב פרי פרי אקסטרא חריף 250 גר,גרמים,250.00,100 גרם,false,1,25.90,10.3600,true,1,253011
6003770002414,false,רוטב ננדוס לימון עשב,NANDOS,,רוטב פרי פרי לימון עשבי תיבול 250 גר,גרמים,250.00,100 גרם,false,1,25.90,10.3600,true,1,253008
6003770002674,false,רוטב ננדוס אקס אקס ח,NANDOS,,רוטב פרי פרי אקס אקס חריף 250 גר,גרמים,250.00,100 גרם,false,1,25.90,10.3600,true,1,253012
6003770003091,false,רוטב ננדוס פרי פרי מ,NANDOS,,רוטב ננדוס פרי פרי מיילד 250 גר,גרמים,250.00,100 גרם,false,6,25.90,10.3600,true,1,311219
6006507004774,false,פלפל שחור במטחנה כאפ,cape herb and spices,ZA,פלפל שחור במטחנה כאפ הרבס185 גרם,גרמים,185.00,100 גרם,false,1,24.90,13.4595,true,1,334560
6006507004798,false,מלח ים אטלנטי מטחנה,cape herb and spices,ZA,מלח ים אטלנטי מטחנה כאפ הרבס360 גרם,גרמים,360.00,100 גרם,false,1,17.90,4.9722,true,1,334557
6006507004873,false,מלח הימלאיה ורוד מטח,cape herb and spices,ZA,מלח הימלאיה ורוד מטחנה כאפ הרבס110 גרם,גרמים,110.00,100 גרם,false,1,15.90,14.4545,true,1,334553
6006507004897,false,פלפל טרופי במטחנה כא,cape herb and spices,ZA,פלפל טרופי במטחנה כאפ הרבס 45 גרם,Unknown,0.00,Unknown,false,1,21.90,0.0000,true,1,334559
6006507004996,false,תערובת ים תיכוני 100,cape herb and spices,ZA,תערובת ים תיכוני 100 גר,גרמים,100.00,100 גרם,false,6,19.90,19.9000,true,1,315782
6006507005016,false,תערובת טקסס סטייק 10,cape herb and spices,ZA,תערובת טקסס סטייק 100 גר,גרמים,100.00,100 גרם,false,6,19.90,19.9000,true,1,315781
6006507005023,false,תערובת קיגון לואיזיא,cape herb and spices,ZA,תערובת קיגון לואיזיאנה 100 גר,גרמים,100.00,100 גרם,false,6,19.90,19.9000,true,1,315787
6006507005061,false,תערובת תיבול לבריי ו,cape herb and spices,ZA,תערובת תיבול לבריי וגריל 265 גרם,גרמים,265.00,100 גרם,false,6,21.90,8.2642,true,1,346768
6006507005306,false,מלח הימלאיה ורוד מטח,cape herb and spices,ZA,מלח הימלאיה ורוד מטחנה כאפ הרבס390 גרם,גרמים,390.00,100 גרם,false,1,21.90,5.6154,true,1,334554
6006507005757,false,תערובת קריביאן גרק כ,cape herb and spices,ZA,תערובת קריביאן גרק כאפ הרבס 100 גר,גרמים,100.00,100 גרם,false,6,21.90,21.9000,true,1,339383
6006507005764,false,תערובת אסיאתי כאפ הר,cape herb and spices,ZA,תערובת אסיאתי כאפ הרבס100 גרם,גרמים,100.00,100 גרם,false,6,21.90,21.9000,true,1,339382
6006507005771,false,תערובת קארי מדרס כאפ,cape herb and spices,ZA,תערובת קארי מדרס כאפ הרבס 100 גר,גרמים,100.00,100 גרם,false,6,21.90,21.9000,true,1,315778
6006507005788,false,תערובת מסלה כאפ הרבס,cape herb and spices,ZA,תערובת מסלה כאפ הרבס 100 גרם,גרמים,100.00,100 גרם,false,6,21.90,21.9000,true,1,315780
6006507005795,false,תערובת טיקה טנדורי 1,cape herb and spices,ZA,תערובת טיקה טנדורי 100 גר,גרמים,100.00,100 גרם,false,6,21.90,21.9000,true,1,315779
6006507005887,false,מלח מתובל במטחנה כאפ,cape herb and spices,ZA,מלח מתובל במטחנה כאפ הרבס240גרם,גרמים,240.00,100 גרם,false,1,21.90,9.1250,true,1,334558
6006507005894,false,תערובת לימון ופלפל מ,cape herb and spices,ZA,תערובת לימון ופלפל מטחנה כאפ הרבס290 גרם,גרמים,290.00,100 גרם,false,1,21.90,7.5517,true,1,334555
6006507005924,false,מלח ופלפל שחור מטחנה,cape herb and spices,ZA,מלח ופלפל שחור מטחנה כאפ הרבס290 גרם,גרמים,290.00,100 גרם,false,1,21.90,7.5517,true,1,334556
6006507007454,false,תערובת לימון ועשבי ת,cape herb and spices,ZA,תערובת לימון ועשבי תיבול כאפ הרבס100 גרם,גרמים,100.00,100 גרם,false,1,21.90,21.9000,true,1,334551
6006507007805,false,תבלין לברביקון מעושן,cape herb and spices,ZA,תבלין לברביקון מעושן כאפ הרבס100 גרם,גרמים,100.00,100 גרם,false,1,21.90,21.9000,true,1,334552
6006570000079,false,תערובת צילי חריף 75,cape herb and spices,ZA,תערובת צילי חריף 75 גר,יחידה,1.00,יחידה,false,6,19.90,19.9000,true,1,315785
6006570000093,false,תערובת ציפוטלה 80 גר,cape herb and spices,ZA,תערובת ציפוטלה 80 גר,יחידה,1.00,יחידה,false,6,19.90,19.9000,true,1,315786
6006948000359,false,יין שנין בלאן שרדונה,,,יין שנין בלאן שרדונה לאופרדס 2011 750מל,מיליליטרים,750.00,"100 מ""ל",false,1,60.00,8.0000,true,1,247763
6008547000297,false,יין האזנדאל דה האז 7,,,יין האזנדאל דה האז 750מל פקדון,מיליליטרים,750.00,"100 מ""ל",false,1,65.00,8.6667,true,1,247789
6009602781632,false,עוגיות קייפ קוקיס קו,,ZA,עוגיות קייפ קוקיס קוקוס קקאו200 גרם,גרמים,200.00,100 גרם,false,12,12.90,6.4500,true,1,333722
6009602781670,false,עוגיות קייפ קוקיס קק,,ZA,עוגיות קייפ קוקיס קקאו וקוקוס 200 גרם,גרמים,200.00,100 גרם,false,12,12.90,6.4500,true,1,333719
6009645550974,false,פלפל ציפוטלה פיינבוס,,ZA,פלפל ציפוטלה פיינבוס ברוטב אדובד280גרם,מיליליטרים,280.00,"100 מ""ל",false,12,31.90,11.3929,true,1,339393
6009645551407,false,רוטב פיינבוס פלפל צי,,ZA,רוטב פיינבוס פלפל צילי לימון חריף130 גרם,מיליליטרים,130.00,"100 מ""ל",false,12,17.90,13.7692,true,1,339388
6009645552312,false,רוטב פיינבוס פלפל חל,,ZA,רוטב פיינבוס פלפל חלפינו חריף 130 גרם,מיליליטרים,130.00,"100 מ""ל",false,12,17.90,13.7692,true,1,339387
6009813410406,false,רוטב ברביקיו סאפור 5,,ZA,רוטב ברביקיו סאפור 500 מל,גרמים,500.00,100 גרם,false,12,19.90,3.9800,true,1,344065
6009813410413,false,רוטב סטייק סאפור 500,,ZA,רוטב סטייק סאפור 500 מל,גרמים,500.00,100 גרם,false,12,19.90,3.9800,true,1,344064
6097227988604,false,חטיף אצה אורגני טעם,,KR,חטיף אצה אורגני טעם ווסאבי 6 יחידות,יחידה,6.00,יחידה,false,6,18.90,3.1500,true,1,336026
6111094000242,false,קוסקוס דארי דק 500 ג,,,קוסקוס דק דארי מרוקאי 500 גר,גרמים,500.00,100 גרם,false,1,8.90,1.7800,true,1,238204
6111094000259,false,קוסקוס דארי בינוני 5,,,קוסקוס בינוני דארי מרוקאי 500 גר,גרמים,500.00,100 גרם,false,1,8.90,1.7800,true,1,238203
6111094002123,false,אטריות דארי דקות 550,,MA,אטריות דארי דקות 550 גרם,גרמים,550.00,100 גרם,false,12,9.90,1.8000,true,1,347976
6118000061090,false,סרדין מרוקאי טנגיר ש,קונסרבס,,סרדין מרוקאי טנגיר שמן סויה 125 גר,גרמים,125.00,100 גרם,false,1,4.90,3.9200,true,1,248742
6118000240501,false,סרדין מרוקאי טנגיר ש,קונסרבס,,סרדין מרוקאי אגדיר שמן סויה 125 גר,גרמים,125.00,100 גרם,false,1,4.90,3.9200,true,1,248741
6194002301051,false,משקה בוכא גולד 500 מ,,,משקה בוכא גולד 500 מל פיקדון,מיליליטרים,500.00,"100 מ""ל",false,1,82.00,16.4000,true,1,237461
6194029100279,false,פילה טונה אלמנאר בשמ,,TN,פילה טונה אלמנאר בשמן זית 200 גרם צנצנת,גרמים,200.00,100 גרם,false,12,29.90,14.9500,true,1,347199
6194029100323,false,סרדין אלמנאר בשמן זי,,TN,סרדין אלמנאר בשמן זית 125 גרם,גרמים,125.00,100 גרם,false,50,5.90,4.7200,true,1,347200
6194029100415,false,טונה אלמנאר בשמן זית,,TN,טונה אלמנאר בשמן זית 160 גרם,גרמים,160.00,100 גרם,false,12,17.90,11.1875,true,1,347198
6224000485764,false,שיני שום 1קג קפוא,,,שיני שום 1קג קפוא,קילוגרמים,1.00,"ק""ג",false,10,24.90,24.9000,true,1,347011
6253503710059,false,בירה אמסטל פחית 500,ג'נרל אינווסטמנטס,,בירה אמסטל פחית 500 מל פקדון,מיליליטרים,500.00,"100 מ""ל",false,24,8.90,1.7800,true,1,252173
6281001510390,false,מברשת שיניים קולגייט,CP- China-SH,,מברשת שיניים קולגייט תינוקות 0-2,יחידה,1.00,יחידה,false,1,14.90,14.9000,true,1,232520
6281031266380,false,דאו פה ספריי הוואי א,שוורצקופף והנקל,DE,דאו פה ספריי הוואי אהבה 200 מל,מיליליטרים,200.00,"100 מ""ל",false,12,11.90,5.9500,true,1,321500
6430016342872,false,חמאה טאוסנד לייק 200,,,חמאה טאוסנד לייק 200גר,גרמים,200.00,100 גרם,false,1,11.90,5.9500,true,1,336707
6739460003446,false,יין האזנדאל דה האז 7,,,יין האזנדאל דה האז 750מל פקדון,מיליליטרים,750.00,"100 מ""ל",false,1,65.00,8.6667,true,1,247764
6901022100409,false,ממרח גינגר כתוש טרי,,CN,ממרח גינגר כתוש טרי לירון 100 גרם,גרמים,100.00,100 גרם,false,12,6.90,6.9000,true,1,347599
6901022100416,false,ממרח שום כתוש טרי לי,,CN,ממרח שום כתוש טרי לירון 100 גרם,גרמים,100.00,100 גרם,false,12,6.90,6.9000,true,1,347600
6910191800287,false,אצות נורי בלו 10 דפי,Nantong haida aquati,,אצות נורי בלו 10 דפים נגטונג,יחידה,1.00,יחידה,false,1,12.90,12.9000,true,1,245618
6912977000140,false,אטריות שעועית דקות 2,Yantai Yinsida Longk,,אטריות שעועית דקות 250 גר כשלפ,גרמים,200.00,100 גרם,false,1,8.90,4.4500,true,1,249113
6918819160331,false,מלקחיים נירוסטה גריל,,,מלקחיים נירוסטה גריל/סלט 20סמ,יחידה,1.00,יחידה,false,1,5.90,5.9000,true,1,337363
6920036686235,false,אטריות סומן כתום 400,הנגזהו,,אטריות סומן כתום 400 גר,גרמים,400.00,100 גרם,false,1,6.00,1.5000,true,1,247297
6920354822193,false,משחת שיניים קולגייט,קולגייט פלמוליב,BR,משחת שיניים קולגייט נטורל 68מל הדרים אקל,Unknown,0.00,Unknown,false,48,31.90,0.0000,true,1,338461
6920354822223,false,משחת שיניים קולגייט,קולגייט פלמוליב,BR,משחת שיניים קולגייט נטורל 68מל גינגר קוק,Unknown,0.00,Unknown,false,48,31.90,0.0000,true,1,338462
6920354824395,false,משחת שיניים קולגייט,קולגייט פלמוליב,BR,משחת שיניים קולגייט נטורל ת.פחם 71מל,Unknown,0.00,Unknown,false,48,31.90,0.0000,true,1,338463
6920388602594,false,מזרון ים כוסות גילונ,,,מזרון ים כוסות גילונג 70/190,Unknown,0.00,Unknown,false,1,59.90,0.0000,true,1,337273
6920388606134,false,לוויתן רכיבה גילונג,,,לוויתן רכיבה גילונג 80/145סמ,Unknown,0.00,Unknown,false,1,59.90,0.0000,true,1,344986
6920388610742,false,גלגל הליכון מוצל גיל,,,גלגל הליכון מוצל גילונג 66/66סמ,יחידה,1.00,יחידה,false,1,59.90,59.9000,true,1,344980
6920388623971,false,ווסט שחייה מתנפח גיל,,,ווסט שחייה מתנפח גילונג יו 41סמ,יחידה,1.00,יחידה,false,1,39.90,39.9000,true,1,344975
6920388661898,false,מזרון ים קיקבורד גיל,,,מזרון ים קיקבורד גילונג 48/74סמ,יחידה,1.00,יחידה,false,1,19.90,19.9000,true,1,344970
6920388661935,false,גלגל ים מתנפח חיות ג,,,גלגל ים מתנפח חיות גילונג 55סמ,יחידה,1.00,יחידה,false,1,14.90,14.9000,true,1,344976
6920388661997,false,גלגל ים בצורת דונטאס,,,גלגל ים בצורת דונטאס גילונג 115סמ,Unknown,0.00,Unknown,false,1,49.90,0.0000,true,1,344994
6920388666961,false,ספת ים גילונג 106סמ,,,ספת ים גילונג 106סמ,יחידה,1.00,יחידה,false,1,69.90,69.9000,true,1,337278
6920388667432,false,גלגל ים פלמינגו ענק,,,גלגל ים פלמינגו ענק גילונג 106סמ,Unknown,0.00,Unknown,false,1,59.90,0.0000,true,1,344992
6921052701001,false,אצות וואקמה 50 גרם,Qingdao Sun-growing,,אצות וואקמה 50 גרם,גרמים,50.00,100 גרם,false,1,11.90,23.8000,true,1,233264
6922276100083,false,מחית וואסבי חזרת 43,Qingdao Sun-growing,CN,מחית וואסבי -חזרת 43 גרם (דליאן),גרמים,43.00,100 גרם,false,100,9.90,23.0233,true,1,244989
6924299395996,false,סכין רוסטביף 28סמ יד,לי מרקט,,סכין רוסטביף 28סמ ידית נירוסטה לקיטשן,יחידה,1.00,יחידה,false,1,24.90,24.9000,true,1,332527
6926799203085,false,מיטה מתנפחת יחיד כחו,,,מיטה מתנפחת יחיד כחול 191/73/22סמ,Unknown,0.00,Unknown,false,1,99.90,0.0000,true,1,239768
6926799203092,false,מיטה מתנפחת זוגית כח,,,מיטה מתנפחת זוגית כחול 191/137/22סמ,יחידה,1.00,יחידה,false,1,139.00,139.0000,true,1,333220
6933960500089,false,רצועות דלעת כבושות ק,Qingdao Sun-growing,,רצועות דלעת כבושות קנפיו 100 גר,גרמים,100.00,100 גרם,false,1,13.90,13.9000,true,1,242872
6934731200078,false,אטריות נודלס דקות200,קינגדאון פרימה פודס,CN,אטריות נודלס דקות200 גרם,גרמים,180.00,100 גרם,false,1,6.90,3.8333,true,1,327034
6934731210138,false,אטריות נודלס עבות200,קינגדאון פרימה פודס,CN,אטריות נודלס עבות 200 גרם,גרמים,180.00,100 גרם,false,1,6.90,3.8333,true,1,327033
6934930032234,false,מעדן טבעוני פומאז עש,,IL,מעדן טבעוני פומאז עשיר בחלבון לימונצלו,גרמים,110.00,100 גרם,false,8,10.90,9.9091,true,1,337913
6934930083410,false,מעדן טבעוני פומאז עש,,IL,מעדן טבעוני פומאז עשיר בחלבון ריקוטה110ג,גרמים,110.00,100 גרם,false,8,10.90,9.9091,true,1,337912
6934931267246,false,מצית גז להבה ארוך 26,,,מצית גז להבה ארוך 26סמ,יחידה,1.00,יחידה,false,1,7.90,7.9000,true,1,343979
6934931974588,false,מלפפון בייבי קורנישו,,GR,מלפפון בייבי קורנישון קשת670 גרם,גרמים,670.00,100 גרם,false,12,16.90,2.5224,true,1,345732
6934931974656,false,לימונים כבושים במי מ,,ES,לימונים כבושים במי מלח 360 גרם,גרמים,360.00,100 גרם,false,12,11.90,3.3056,true,1,345731
6935673035612,false,זוג כפפות אלוורה חד,G.H.P,CN,זוג כפפות אלוורה חד פעמי מידה סמול,יחידה,2.00,יחידה,false,12,5.90,2.9500,true,1,325219
6935673035629,false,זוג כפפות אלוורה חד,G.H.P,CN,זוג כפפות אלוורה חד פעמי מידה מדיום,יחידה,2.00,יחידה,false,12,5.90,2.9500,true,1,325220
6935673035636,false,זוג כפפות אלוורה חד,G.H.P,CN,זוג כפפות אלוורה חד פעמי מידה לארג,יחידה,2.00,יחידה,false,12,5.90,2.9500,true,1,325221
6936065461286,false,סט דלי ים ממותג,,,סט דלי ים ממותג,יחידה,1.00,יחידה,false,1,29.90,29.9000,true,1,345477
6936745600462,false,מירין יפני דאניינג 5,Qingdao Sun-growing,CN,מירין 500 מל (דאניינג),מיליליטרים,500.00,"100 מ""ל",false,12,21.90,4.3800,true,1,243939
6936745600783,false,חומץ אורז דאניינג 50,Qingdao Sun-growing,CN,חומץ אורז 500 מל (דאניינג),מיליליטרים,500.00,"100 מ""ל",false,12,14.90,2.9800,true,1,243938
6937266700785,false,סכיני גילוח שיק אינט,אדגוול,,סכיני גילוח שיק אינטואישן סנסטיב 3יח,יחידה,3.00,יחידה,false,1,32.90,10.9667,true,1,327506
6937266703366,false,מ. גילוח שיק הידרו 5,Schick,CN,מ. גילוח שיק הידרו 5 פאוור,Unknown,0.00,Unknown,false,60,59.90,0.0000,true,1,248270
6937266703458,false,מכשיר גילוח שיק הייד,אדגוול,CN,מכשיר גילוח שיק היידרו+2סכינים לנשים,יחידה,1.00,יחידה,false,10,29.90,29.9000,true,1,329926
6937266703472,false,סכיני גילוח שיק הייד,אדגוול,CN,סכיני גילוח שיק היידרו סילק 4יח,יחידה,4.00,יחידה,false,6,49.90,12.4750,true,1,329927
6941057402376,false,בריכת אינטקס עגולה 8,,,בריכת אינטקס עגולה 80/25,יחידה,1.00,יחידה,false,1,56.90,56.9000,true,1,338516
6941057402383,false,בריכת אינטקס עגולה 6,,,בריכת אינטקס עגולה 61/22,יחידה,1.00,יחידה,false,1,44.90,44.9000,true,1,338517
6941156100166,false,מחית סויה אדומה אקא,Qingdao Sun-growing,CN,מחית סויה אדומה- אקא מיסו 500 גרם (דליאן,גרמים,500.00,100 גרם,false,10,18.90,3.7800,true,1,244699
6941607306239,false,כדור ים ספיידרמן בסט,,,כדור ים ספיידרמן בסטווי,Unknown,0.00,Unknown,false,1,19.90,0.0000,true,1,345002
6941607306246,false,גלגל ים ספיידרמן בסט,,,גלגל ים ספיידרמן בסטווי,Unknown,0.00,Unknown,false,1,19.90,0.0000,true,1,345003
6942138900026,false,כדור ים בסיסי 51 סמ,,,כדור ים בסיסי 51 סמ,יחידה,1.00,יחידה,false,1,12.90,12.9000,true,1,321981
6942138919493,false,גלגל ים מיקי מאוס בק,,,גלגל ים מיקי מאוס בקופסא,יחידה,1.00,יחידה,false,1,19.90,19.9000,true,1,321994
6942138981407,false,כדור ים נסיכות בסטוו,,,כדור ים נסיכות בסטווי,Unknown,0.00,Unknown,false,1,19.90,0.0000,true,1,345004
6948896600451,false,חליטת תה ירוק תפזורת,,CN,חליטת תה ירוק תפזורת 100 גר,גרמים,100.00,100 גרם,false,12,16.90,16.9000,true,1,343369
6948896601014,false,חליטת תה לבן תפזורת,,CN,חליטת תה לבן תפזורת 100 גר,גרמים,100.00,100 גרם,false,12,25.90,25.9000,true,1,343370
6951097115075,false,סט 6 ספל מאג חישוק,,,סט 6 ספל מאג חישוק 250,יחידה,6.00,יחידה,false,1,19.90,3.3167,true,1,331441
6951800675520,false,פח אשפה מרובע 30ליטר,,,פח אשפה מרובע 30ליטר נירוסטה סטלה אקו,יחידה,1.00,יחידה,false,1,399.00,399.0000,true,1,346590
6951800685123,false,פח אשפה מלבני 45ליטר,,,פח אשפה מלבני 45ליטר אפור מט,יחידה,1.00,יחידה,false,1,399.00,399.0000,true,1,346592
6954346561074,false,שיפודי במבו אקיטורי,Bamboo Forever Co. L,,שיפודי במבו אקיטורי 25 סמ 200 יח,יחידה,200.00,יחידה,false,1,47.00,0.2350,true,1,245401
6954346572124,false,צופסטיקס 5 יח רב פעמ,Bamboo Forever Co. L,CN,צופסטיקס 5 יח רב פעמי במבוק,Unknown,0.00,Unknown,false,200,19.90,0.0000,true,1,335008
6974640730167,false,פטריות שיטאקה 100 ג,ZHEJIANG FOREST FOOD,,פטריות שיטאקה 100 ג,גרמים,100.00,100 גרם,false,1,19.90,19.9000,true,1,345858
7038516825506,false,חוט דנטלי גורדון מתר,JORDAN,MY,גורדן חוט דנטלי מתרחב EXPANDING,מטרים,25.00,מטר,false,10,19.90,0.7960,true,1,254388
7038516830500,false,חוט דנטלי גורדון מחל,JORDAN,MY,גורדן חוט דנטלי מחליק בקלות,מטרים,25.00,מטר,false,10,19.90,0.7960,true,1,254389
7070646288615,false,חטיף חלבון מקס 100 ב,,IL,חטיף חלבון מקס 100 בוטנים כרמל,יחידה,1.00,יחידה,false,24,14.90,14.9000,true,1,339078
7209000683227,false,טחינת אלבאשא 450 גרם,,IL,טחינת אלבאשא 450 גרם,גרמים,450.00,100 גרם,false,24,12.90,2.8667,true,1,346741
7209000683234,false,טחינת אלבאשא 900 גרם,,IL,טחינת אלבאשא 900 גרם,גרמים,900.00,100 גרם,false,24,23.90,2.6556,true,1,346742
7270137700088,false,סט 3 חלקים למנגל ניר,,,סט 3 חלקים למנגל נירוסטה ידית עץ,יחידה,3.00,יחידה,false,1,37.90,12.6333,true,1,337993
7270137700101,false,רשת צליה ניקל 21/34ס,,,רשת צליה ניקל 21/34סמ,יחידה,1.00,יחידה,false,1,22.90,22.9000,true,1,337906
7270137700170,false,מנגל פח עם רשת ניקל,,,מנגל פח עם רשת ניקל 24/39סמ,יחידה,1.00,יחידה,false,1,39.90,39.9000,true,1,343806
7270137700316,false,מברשת ניקוי לרשת מנג,,,מברשת ניקוי לרשת מנגל 3פעולות,יחידה,1.00,יחידה,false,1,9.90,9.9000,true,1,337990
7271730901261,false,תבשיל פסטה וואקי מאק,הנדריקס פודס,US,פסטה גבינה וואקי מאק חדש אדום 156 ג,גרמים,156.00,100 גרם,false,24,11.90,7.6282,true,1,245569
7290000000012,false,עגבניות,,,עגבניות,קילוגרמים,1.00,"ק""ג",true,,7.90,7.9000,true,1,230060
7290000000046,false,גזר בתפזורת,,,גזר בתפזורת,קילוגרמים,1.00,"ק""ג",true,,6.90,6.9000,true,1,232396
7290000000054,false,כרוב סיני,,,כרוב סיני,Unknown,0.00,Unknown,false,1,7.00,0.0000,true,1,230068
7290000000095,false,בצל אדום,,,בצל אדום,קילוגרמים,1.00,"ק""ג",true,,7.90,7.9000,true,1,230074
7290000000141,false,חציל,,,חציל,קילוגרמים,1.00,"ק""ג",true,,7.90,7.9000,true,1,230080
7290000000172,false,שעועית ירוקה רחבה,,,שעועית ירוקה רחבה,קילוגרמים,1.00,"ק""ג",true,,29.90,29.9000,true,1,230178
7290000000279,false,שום יבש יחידה,,,שום יבש יחידה,Unknown,0.00,Unknown,false,1,6.90,0.0000,true,1,229939
7290000000291,false,תפוח אדמה קטן לאפיה,,,תפוא קטן לבן לאפיה,קילוגרמים,1.00,"ק""ג",true,,4.90,4.9000,true,1,230105
7290000000294,false,תפוא לבן בתפזורת,,,תפוא לבן בתפזורת,קילוגרמים,1.00,"ק""ג",true,,7.90,7.9000,true,1,230376
7290000000296,false,תפוא אדום בתפזורת,,,תפוא אדום בתפזורת,קילוגרמים,1.00,"ק""ג",true,,7.90,7.9000,true,1,230377
7290000000340,false,פטרוזיליה,,,פטרוזיליה,Unknown,0.00,Unknown,false,1,4.00,0.0000,true,1,230110
7290000000341,false,שמיר,,,שמיר,Unknown,0.00,Unknown,false,1,4.00,0.0000,true,1,230111
7290000000342,false,נענע,,,נענע,Unknown,0.00,Unknown,false,1,4.00,0.0000,true,1,230112
7290000000343,false,כוסברה,,,כוסברה,Unknown,0.00,Unknown,false,1,4.00,0.0000,true,1,230113
7290000000344,false,שורש פטרוזיליה,,,שורש פטרוזיליה,Unknown,0.00,Unknown,false,1,5.90,0.0000,true,1,230114
7290000000345,false,סלרי ראש,,,סלרי ראש,Unknown,0.00,Unknown,false,1,5.90,0.0000,true,1,230115
7290000000500,false,תפוז,,,תפוז,קילוגרמים,1.00,"ק""ג",true,,7.90,7.9000,true,1,230118
7290000000607,false,אגס תפוח נאשי,,,אגס תפוח נאשי,קילוגרמים,1.00,"ק""ג",true,,15.90,15.9000,true,1,231558
7290000000691,false,תפוח עץ סמיט,,,תפוח עץ סמיט,קילוגרמים,1.00,"ק""ג",true,,11.90,11.9000,true,1,230148
7290000000777,false,תפוח עץ מוזהב,,,תפוח עץ מוזהב,קילוגרמים,1.00,"ק""ג",true,,11.90,11.9000,true,1,230159
7290000000779,false,תפוח עץ חרמון,,,תפוח עץ חרמון,קילוגרמים,1.00,"ק""ג",true,,11.90,11.9000,true,1,230149
7290000000928,false,פקדון 1.20 שח בק חוז,,,פקדון 1.20 שח בק חוזר,Unknown,0.00,Unknown,false,1,1.20,0.0000,true,1,227527
7290000001000,false,דמי פקדון 0.30 שח,,,דמי פקדון 0.30 שח,Unknown,0.00,Unknown,false,1,0.30,0.0000,true,1,226521
7290000001010,false,דמי פקדון 0.60 שח זו,,,דמי פקדון 0.60 שח זוג,Unknown,0.00,Unknown,false,1,0.60,0.0000,true,1,229013
7290000001025,false,דמי פקדון 1.50 שח 5,,,דמי פקדון 1.50 שח 5 בקבוקים,Unknown,0.00,Unknown,false,1,1.50,0.0000,true,1,230214
7290000001030,false,דמי פקדון 1.80 שח שי,,,דמי פקדון 1.80 שח שישיה,Unknown,0.00,Unknown,false,1,1.80,0.0000,true,1,226796
7290000001050,false,דמי פקדון 0.90 שח של,,,דמי פקדון 0.90 שח שלישיה,Unknown,0.00,Unknown,false,1,0.90,0.0000,true,1,233171
7290000001060,false,דמי פקדון 3.60 שח תר,,,דמי פקדון 3.60 שח תריסר,Unknown,0.00,Unknown,false,1,3.60,0.0000,true,1,254170
7290000004068,false,תמרים ממולאים,,,תמרים ממולאים,קילוגרמים,1.00,"ק""ג",true,,90.00,90.0000,true,1,322031
7290000004545,false,שתיה קרה בטעמים 1.5,,,שתיה קרה בטעמים 1.5 ל,ליטרים,1.50,ליטר,false,1,11.00,7.3333,true,1,226972
7290000004949,false,מים מינרלים 1.5 ל קר,,,מים מינרלים 1.5 ל קר,ליטרים,1.50,ליטר,false,1,8.00,5.3333,true,1,227489
7290000005777,false,שקית גופיה ידני 10 א,,,שקית גופיה ידני 10 אג,ליטרים,1.00,ליטר,false,1,0.10,0.1000,false,1,311941
7290000008233,false,בורקס טורקי מים בטעמ,פילסברי,,בורקס טורקי בטעמים,קילוגרמים,1.00,"ק""ג",true,,79.90,79.9000,true,1,313779
7290000008288,false,אוזני פילסברי,פילסברי,,אוזני פילסברי,קילוגרמים,1.00,"ק""ג",true,,45.00,45.0000,true,1,313771
7290000008493,false,זוג כריך רוסטיק לבן,פילסברי,,זוג כריך רוסטיק לבן,Unknown,0.00,Unknown,false,1,10.00,0.0000,true,1,318588
7290000011000,false,שקית בד רב פעמית לוג,,,שקית בד רב פעמית לוגו סטופמרקט,Unknown,0.00,Unknown,false,1,5.00,0.0000,true,1,229184
7290000012000,false,צידנית סטופמרקט,,CN,צידנית סטופמרקט,Unknown,0.00,Unknown,false,1,10.00,0.0000,true,1,311948
7290000023007,false,ברנדי שטוק 84 750 מ,,,ברנדי שטוק 84 750 מל פקדון,מיליליטרים,750.00,"100 מ""ל",false,1,79.00,10.5333,true,1,228111
7290000023083,false,ערק אשקלון 700 מל,,,ערק אשקלון 700 מל,מיליליטרים,700.00,"100 מ""ל",false,1,55.00,7.8571,true,1,250359
7290000023809,false,יין קלאסיק קברנה סוב,,,יין קלאסיק קברנה סובינון 750 מל פקדון,מיליליטרים,750.00,"100 מ""ל",false,1,35.00,4.6667,true,1,228937
7290000023816,false,יין קלאסיק אמרלדו רי,,,יין קלאסיק אמרלדו ריזילג 750 מל פקדון,מיליליטרים,750.00,"100 מ""ל",false,1,35.00,4.6667,true,1,228936
7290000023823,false,יין קלאסיק סובניון ב,,,יין קלאסיק סובניון בלאן 750 מל פקדון,מיליליטרים,750.00,"100 מ""ל",false,1,35.00,4.6667,true,1,229823
7290000023977,false,יין קלאסיק מרלו/פינו,,,יין קלאסיק מרלו/פינוטאז 750מל פקדון ברקן,מיליליטרים,750.00,"100 מ""ל",false,1,35.00,4.6667,true,1,229820
7290000024202,false,יין רזרב קברנה סובינ,,,יין רזרב קברנה סוביניון 750 מל פקדון,מיליליטרים,750.00,"100 מ""ל",false,1,45.00,6.0000,true,1,228935
7290000024523,false,תירוש מיץ ענבים טבעי,,,תירוש מיץ ענבים טבעי אדום 1 ליטר,ליטרים,1.00,ליטר,false,1,14.90,14.9000,true,1,254202
7290000024554,false,יין אסמבלאז ריחן 200,,,יין אסמבלאז ריחן 2008 750 מל פקדון,מיליליטרים,750.00,"100 מ""ל",false,1,65.00,8.6667,true,1,241803
7290000036106,false,פודניג וניל 100 גרם,,,פודניג וניל 100 גרם,גרמים,100.00,100 גרם,false,1,2.90,2.9000,true,1,227003
7290000036113,false,פודינג תות 100 גרם,,,פודינג תות 100 גרם,גרמים,100.00,100 גרם,false,1,2.90,2.9000,true,1,227002
7290000036151,false,קורנפלור 500 גרם,,,קורנפלור 500 גרם,גרמים,500.00,100 גרם,false,1,7.90,1.5800,true,1,226989
7290000040301,false,גב.קולאז קממבר עין ג,,,גב.קולאז קממבר עין גדי 125 גר,גרמים,125.00,100 גרם,false,1,21.90,17.5200,true,1,226934
7290000040318,false,קולאז ברי 125 גרם,,,קולאז ברי 125 גרם,גרמים,125.00,100 גרם,false,1,21.90,17.5200,true,1,226931
7290000040462,false,גבינת טוסטי אדם 200,,,גבינת טוסטי אדם 200 גרם,גרמים,200.00,100 גרם,false,1,20.90,10.4500,true,1,227945
7290000040974,false,חלב טרי דל לקטוז 1לי,,,חלב טרי דל לקטוז 1ליטר 2% שומן,ליטרים,1.00,ליטר,false,1,7.00,7.0000,true,1,239661
7290000041445,false,גבינת קוטג 5% בדץ 25,,,גבינת קוטג 5% בדץ 250 גרם,גרמים,250.00,100 גרם,false,1,5.80,2.3200,true,1,228838
7290000041452,false,גבינת קוטג 9% 250 גר,,,גבינת קוטג 9% 250 גרם בדץ,גרמים,250.00,100 גרם,false,1,5.90,2.3600,true,1,324348
7290000041858,false,שמנת חמוצה 15% מעושר,שטראוס,IL,שמנת חמוצה 15% מעושרת 200 מל,מיליליטרים,201.00,"100 מ""ל",false,1,2.60,1.2935,true,1,226782
7290000042015,false,חלב 3% שקית 1 ליטר מ,,,חלב 3% שקית 1 ליטר מהדרין***,ליטרים,1.00,ליטר,false,1,5.43,5.4300,true,1,228828
7290000042435,false,חלב 1% קרטון 1 ליטר*,,,חלב 1% קרטון 1 ליטר***,ליטרים,1.00,ליטר,false,1,5.86,5.8600,true,1,227862
7290000044880,false,באדי תות500 מל,,,באדי תות500 מל,מיליליטרים,500.00,"100 מ""ל",false,1,9.50,1.9000,true,1,228298
7290000045771,false,יוגורט 3 ליטר 4.5%,,,יוגורט 3 ליטר,ליטרים,3.00,ליטר,false,1,29.90,9.9667,true,1,227712
7290000045917,false,גבינת פרומעז קולאז ע,,,גבינת פרומעז קולאז עזים גליל 200 גר,גרמים,200.00,100 גרם,false,1,26.90,13.4500,true,1,227106
7290000046327,false,גלבוע פרוס 22% 200 ג,,,גלבוע פרוס 200 גרם,גרמים,200.00,100 גרם,false,18,13.90,6.9500,true,1,228194
7290000046563,false,קולאז פרמזן חריץ במש,,,קולאז פרמזן חריץ במשקל,קילוגרמים,1.00,"ק""ג",true,,145.00,145.0000,true,1,226932
7290000047027,false,קולאז קצקבל גלעד במש,,,קולאז קצקבל גלעד במשקל,קילוגרמים,1.00,"ק""ג",true,,145.00,145.0000,true,1,226936
7290000047034,false,קולאז רוקפור גליל במ,,,קולאז רוקפור גליל במשקל,קילוגרמים,1.00,"ק""ג",true,,145.00,145.0000,true,1,226938
7290000047546,false,גבינת כנען 5% 500 גר,,,גבינת כנען 5% 500 גרם,גרמים,500.00,100 גרם,false,1,25.90,5.1800,true,1,227759
7290000048413,false,גב.מלוחה חמד פיראוס,,,גב.מלוחה חמד פיראוס 250 גרם,גרמים,250.00,100 גרם,false,1,18.90,7.5600,true,1,227891
7290000048437,false,צפתית פיראוס 5% 200,,,צפתית פיראוס 5% 200 גרם,גרמים,200.00,100 גרם,false,1,15.90,7.9500,true,1,226908
7290000050300,false,גבינה 5% למריחה 125,,,גבינה 5% 125 גרם***,גרמים,125.00,100 גרם,false,1,2.49,1.9920,true,1,251172
7290000051307,false,מארז הפסקת אוכל חלב+,,,"מארז הפסקת אוכל חלב+דגני עוגי 150 מ""ל",מיליליטרים,150.00,"100 מ""ל",false,1,9.50,6.3333,true,1,237048
7290000053219,false,גבינה טל העמק שמנה ק,,,גבינה טל העמק שמנה קשה במשקל,קילוגרמים,1.00,"ק""ג",true,,69.00,69.0000,true,1,311936
7290000055206,false,גבינה לבנה עם בצל מט,,,גבינה לבנה עם בצל מטוגן 5% 250גר,גרמים,250.00,100 גרם,false,1,6.50,2.6000,true,1,240257
7290000055329,false,משקה יוגורט יופלה תו,,,משקה יוגורט יופלה תות מלון 250 מל,מיליליטרים,250.00,"100 מ""ל",false,1,5.90,2.3600,true,1,240213
7290000055350,false,עמק גבינה חצי שמנה ב,,IL,עמק גבינה חצי שמנה במשקל***,קילוגרמים,1.00,"ק""ג",true,,44.79,44.7900,true,1,245218
7290000055893,false,חמאה רגילה 200 גרם מ,,,חמאה רגילה 200 גרם מהדרין,גרמים,200.00,100 גרם,false,1,8.40,4.2000,true,1,325850
7290000056319,false,גבינה בולגרית 24% במ,,,גבינה בולגרית 24% במשקל,קילוגרמים,1.00,"ק""ג",true,,65.00,65.0000,true,1,321887
7290000056753,false,עמק פרוס בקופסא 200,,,עמק פרוס בקופסא 200 גרם בדץ,גרמים,200.00,100 גרם,false,1,17.50,8.7500,true,1,325886
7290000056784,false,גבינת פטה כבשים במשק,,,גבינת פטה כבשים במשקל 5% שומן,קילוגרמים,1.00,"ק""ג",true,,125.00,125.0000,true,1,241823
7290000056845,false,חלב 3% קרטון 1.5 ליט,,,חלב 3% קרטון 1.5 ליטר***,ליטרים,1.50,ליטר,false,1,9.34,6.2267,true,1,242156
7290000056883,false,מאגדת 8 יופלה פירות,,,מאגדת 8 יופלה פירות 1.2 קג,קילוגרמים,1.20,"ק""ג",false,1,31.90,26.5833,true,1,241213
7290000056890,false,מאגדת דיאט יופלה שמי,,,מאגדת דיאט יופלה 2+6 150 גר,קילוגרמים,1.20,"ק""ג",false,1,31.90,26.5833,true,1,241382
7290000056906,false,מאגדת יופלה לבן 1.5%,,,"מאגדת יופלה לבן 1.5% שמיניה 1.2 ק""ג",קילוגרמים,1.20,"ק""ג",false,1,18.50,15.4167,true,1,241280
7290000057118,false,עמק פרוסות 400 גרם ס,,,עמק פרוסות 400 גרם סמי מעדניה,גרמים,400.00,100 גרם,false,1,23.90,5.9750,true,1,242016
7290000057477,false,חלב 3% קרטון 1.5 ליט,,,חלב 3% קרטון 1.5 ליטר בדץ***,ליטרים,1.50,ליטר,false,1,9.34,6.2267,true,1,304785
7290000060071,false,חטיפי פריכונים טעם ט,פרח תעשיות,,חטיפי פריכונים טעם טבעי 80 ג,גרמים,80.00,100 גרם,false,1,7.90,9.8750,true,1,229186
7290000060088,false,בייגלה מקלות מלוחים,"אסם תעשיות בע""מ",IL,בייגלה מקלות מלוחים 400 גר,גרמים,400.00,100 גרם,false,12,10.90,2.7250,true,1,228063
7290000060156,false,איטריות ביצים דקיקות,"אסם תעשיות בע""מ",,איטריות ביצים דקיקות 200 גרם,גרמים,200.00,100 גרם,false,1,7.90,3.9500,true,1,228235
7290000060163,false,אטריות אסם דקות 400,"אסם תעשיות בע""מ",,אטריות אסם דקות 400 גרם,גרמים,400.00,100 גרם,false,1,7.00,1.7500,true,1,227664
7290000060200,false,פתיתים אפויים אוסם ק,"אסם תעשיות בע""מ",IL,פתיתים אפויים אוסם קוסקוס 500 גרם,גרמים,500.00,100 גרם,false,12,7.50,1.5000,true,1,226872
7290000060217,false,מקרוני אסם 500 גרם,זארה,,פסטה מקרוני אסם 500 גרם,גרמים,500.00,100 גרם,false,1,5.90,1.1800,true,1,227099
7290000060248,false,פסטה אסם תלתלים 500,זארה,IT,פסטה אסם תלתלים 500 גרם,גרמים,500.00,100 גרם,false,12,5.90,1.1800,true,1,226543
7290000060316,false,ספגטי פרפקטו 500 ג,זארה,,ספגטי פרפקטו 500 ג,גרמים,500.00,100 גרם,false,1,7.50,1.5000,true,1,226840
7290000060330,false,פסטה פרפקטו ספירלי 5,זארה,IT,פסטה פרפקטו ספירלי 500 גרם,גרמים,500.00,100 גרם,false,12,7.50,1.5000,true,1,226842
7290000060408,false,פתיתים אפויים אוסם ט,"אסם תעשיות בע""מ",IL,פתיתים אפויים אוסם טבעות 500 גרם,גרמים,500.00,100 גרם,false,12,7.50,1.5000,true,1,226870
7290000060415,false,לזניה פרפקטו 500 גר,פסטה לנסי,,לזניה פרפקטו 500 גר,גרמים,500.00,100 גרם,false,1,14.90,2.9800,true,1,227223
7290000060576,false,פתיתים אפויים אוסם כ,"אסם תעשיות בע""מ",IL,פתיתים אפויים אוסם כוכבים 500 גרם,גרמים,500.00,100 גרם,false,12,7.50,1.5000,true,1,226871
7290000060781,false,פסטה אסם מסולסל 500,זארה,IT,פסטה אסם מסולסל 500 גרם,גרמים,500.00,100 גרם,false,12,5.90,1.1800,true,1,227101
7290000060828,false,פסטה אסם קרניים בנונ,זארה,IT,פסטה אסם קרניים בנוניות 500 גרם,גרמים,500.00,100 גרם,false,12,5.90,1.1800,true,1,227105
7290000060842,false,פסטה אסם צדפים גדולי,זארה,IT,פסטה אסם צדפים גדולים 500 גרם,גרמים,500.00,100 גרם,false,12,5.90,1.1800,true,1,227102
7290000060859,false,פסטה אסם צדפים קטנים,זארה,IT,פסטה אסם צדפים קטנים 500 גרם,גרמים,500.00,100 גרם,false,20,5.90,1.1800,true,1,227103
7290000060880,false,ספגטי אוסם 500 גרם,זארה,,פסטה אסם ספגטי 500 גרם,גרמים,500.00,100 גרם,false,1,5.90,1.1800,true,1,227100
7290000060903,false,פתיתים אפויים אוסם א,"אסם תעשיות בע""מ",IL,פתיתים אפויים אוסם אורז 500 גרם,גרמים,500.00,100 גרם,false,12,7.50,1.5000,true,1,226869
7290000060958,false,אטריות אסם בינוניות,"אסם תעשיות בע""מ",,אטריות אסם בינוניות 400 גרם,גרמים,400.00,100 גרם,false,1,7.00,1.7500,true,1,227663
7290000060965,false,אטריות אסם רחבות 400,"אסם תעשיות בע""מ",,אטריות אסם רחבות 400 גרם,גרמים,400.00,100 גרם,false,1,7.00,1.7500,true,1,227666
7290000061061,false,קרקר בצל 250 גרם,"אסם תעשיות בע""מ",IL,קרקר בצל 250 גרם,גרמים,250.00,100 גרם,false,12,9.90,3.9600,true,1,229352
7290000061085,false,רוטב צילי מתוק 290 מ,"אסם תעשיות בע""מ",IL,רוטב צילי מתוק 290 מל,מיליליטרים,290.00,"100 מ""ל",false,9,10.90,3.7586,true,1,229161
7290000061108,false,רוטב טריאקי 290 מל,"אסם תעשיות בע""מ",,רוטב טריאקי 290 מל,מיליליטרים,290.00,"100 מ""ל",false,1,10.90,3.7586,true,1,229160
7290000061214,false,פתיתים אפויים אוסם ק,"אסם תעשיות בע""מ",,פתיתים אפויים אוסם קוסקוס בצל500ג,גרמים,500.00,100 גרם,false,1,7.90,1.5800,true,1,236640
7290000061245,false,עוגיות שוקוציפס ממול,"אסם תעשיות בע""מ",,עוגיות שוקוציפס ממולאות 220 גרם,גרמים,220.00,100 גרם,false,1,12.00,5.4545,true,1,229937
7290000061283,false,שקדי מרק אוסם 400 גר,"אסם תעשיות בע""מ",,שקדי מרק אוסם 400 גרם+25% חינם,גרמים,500.00,100 גרם,false,1,11.90,2.3800,true,1,251076
7290000061450,false,פתיתים אפויים אוסם,"אסם תעשיות בע""מ",IL,פתיתים אפויים אוסם שלושה צבעים500ג,גרמים,500.00,100 גרם,false,12,7.50,1.5000,true,1,236641
7290000061764,false,נסקפה רד מאג 200 גרם,נסטלה ספרד קפה,,נסקפה רד מאג 200 גרם,גרמים,200.00,100 גרם,false,1,22.90,11.4500,true,1,226732
7290000062952,false,מיני קרוטונים למרק ו,עינת,,מיני קרוטונים למרק וסלט אסם 250 גר,גרמים,250.00,100 גרם,false,1,14.90,5.9600,true,1,235282
7290000063102,false,קמח תופח מאליו אסם 3,"אסם תעשיות בע""מ",IL,קמח תופח מאליו אסם 350 גר,גרמים,350.00,100 גרם,false,20,5.30,1.5143,true,1,226742
7290000063140,false,שקדי מרק אסם 400 גר,"אסם תעשיות בע""מ",,שקדי מרק אסם 400 גר,גרמים,400.00,100 גרם,false,1,11.90,2.9750,true,1,226607
7290000063157,false,קמח תופח אסם 1 קג,"אסם תעשיות בע""מ",,קמח תופח מאליו אסם 1 קג,קילוגרמים,1.00,"ק""ג",false,1,9.90,9.9000,true,1,226741
7290000063300,false,ויטמינציק פטל 2 ליטר,בית השיטה,IL,ויטמינציק פטל 2 ליטר,ליטרים,2.00,ליטר,false,6,39.90,19.9500,true,1,228040
7290000064758,false,קוסקוס אסם אמיתי בש,קוסקוס,,קוסקוס אסם אמיתי בשקית 350 גרם,גרמים,350.00,100 גרם,false,1,7.90,2.2571,true,1,226968
7290000064871,false,מנה חמה אסם פירה בצל,"אסם תעשיות בע""מ",,מנה חמה אסם פירה בצל 56 גרם,גרמים,56.00,100 גרם,false,1,6.90,12.3214,true,1,229596
7290000065335,false,מנה חמה אסם פירה ויר,"אסם תעשיות בע""מ",,מנה חמה אסם פירה וירקות 55 גר,Unknown,0.00,Unknown,false,1,6.90,0.0000,true,1,227579
7290000065540,false,מנה חמה אסם אטריות מ,"אסם תעשיות בע""מ",,מנה חמה אסם אטריות מוקרמת 55 גר,Unknown,0.00,Unknown,false,1,6.90,0.0000,true,1,227573
7290000065557,false,מנה חמה קוסקוס ירקות,"אסם תעשיות בע""מ",,מנה חמה קוסקוס ירקות ר.ט.84גר,Unknown,0.00,Unknown,false,1,6.90,0.0000,true,1,227581
7290000065977,false,חטיפי פריכונים תירס,פרח תעשיות,,חטיפי פריכונים תירס ושומשום 80 ג,גרמים,80.00,100 גרם,false,1,7.90,9.8750,true,1,238309
7290000066134,false,חטיף ביסלי פלאפל 70,"אסם תעשיות בע""מ",,חטיף ביסלי פלאפל 70 גרם,Unknown,0.00,Unknown,false,1,4.50,0.0000,true,1,228073
7290000066141,false,חטיף ביסלי גריל 70 ג,"אסם תעשיות בע""מ",,חטיף ביסלי גריל 70 גרם,Unknown,0.00,Unknown,false,1,4.50,0.0000,true,1,228069
7290000066172,false,חטיף ביסלי פיצה 70 ג,"אסם תעשיות בע""מ",,חטיף ביסלי פיצה 70 גרם,Unknown,0.00,Unknown,false,1,4.50,0.0000,true,1,228071
7290000066196,false,חטיף ביסלי גריל 200,"אסם תעשיות בע""מ",IL,חטיף ביסלי גריל 200 גר,גרמים,200.00,100 גרם,false,24,8.50,4.2500,true,1,228068
7290000066226,false,חטיף ביסלי פיצה 200,"אסם תעשיות בע""מ",IL,חטיף ביסלי פיצה 200 גר,גרמים,200.00,100 גרם,false,24,8.50,4.2500,true,1,228070
7290000066295,false,במבה תות 30 גרם,"אסם תעשיות בע""מ",IL,במבה תות 30 גרם,Unknown,0.00,Unknown,false,40,3.00,0.0000,true,1,228092
7290000066318,false,חטיף במבה 80 גרם,"אסם תעשיות בע""מ",,חטיף במבה 80 גרם,Unknown,0.00,Unknown,false,1,5.00,0.0000,true,1,228088
7290000066332,false,חטיף אפרופו 50 גר,"אסם תעשיות בע""מ",,חטיף תירס אפרופו 50 גר,Unknown,0.00,Unknown,false,1,5.00,0.0000,true,1,228275
7290000066431,false,פופקו חטיף תירס בחמא,"אסם תעשיות בע""מ",,פופקו חטיף תירס בחמאה דבש 80 ג,Unknown,0.00,Unknown,false,1,5.60,0.0000,true,1,227014
7290000067070,false,עוגיות מיני ממולאות,"אסם תעשיות בע""מ",,עוגיות מיני ממולאות שוקולד 300 ג,גרמים,300.00,100 גרם,false,1,11.90,3.9667,true,1,227186
7290000067407,false,פירורית מתובלת 200 ג,עינת,,פירורית מתובלת 200 גרם,גרמים,200.00,100 גרם,false,1,6.50,3.2500,true,1,227053
7290000067537,false,חטיף ביסלי גריל 70 ג,,,חטיף ביסלי גריל 70 גר כשלפ,Unknown,0.00,Unknown,false,1,4.50,0.0000,true,1,236234
7290000067544,false,פירורית זהב 200 גרם,עינת,,פירורית זהב 200 גרם,גרמים,200.00,100 גרם,false,1,6.50,3.2500,true,1,226542
7290000067551,false,חטיף ביסלי בצל 70 גר,"אסם תעשיות בע""מ",,חטיף ביסלי בצל 70 גר כשלפ,Unknown,0.00,Unknown,false,1,4.50,0.0000,true,1,236235
7290000067568,false,חטיף ביסלי ברביקיו 7,"אסם תעשיות בע""מ",,חטיף ביסלי ברביקיו 70 גר כשלפ,Unknown,0.00,Unknown,false,1,4.50,0.0000,true,1,236236
7290000067599,false,מנה חמה אסם ספגטי בו,"אסם תעשיות בע""מ",,מנה חמה אסם ספגטי בולונז 65 גר,גרמים,65.00,100 גרם,false,1,6.90,10.6154,true,1,227577
7290000067735,false,פרפקטו ניוקי בצקיות,איטלניוקי,,פרפקטו ניוקי בצקיות תפוא 500 גרם,גרמים,500.00,100 גרם,false,1,13.90,2.7800,true,1,227450
7290000068138,false,אינסטנט פודינג וניל,"אסם תעשיות בע""מ",IL,אינסטנט פודינג וניל אסם 80 גר,גרמים,80.00,100 גרם,false,12,6.00,7.5000,true,1,228239
7290000068152,false,אבקת רוטב צלי לבשר 2,"אסם תעשיות בע""מ",,אבקת רוטב צלי לבשר 22 גר כשלפ,גרמים,22.00,100 גרם,false,1,4.50,20.4545,true,1,236238
7290000068190,false,גלי אסם תות שדה 85 ג,"אסם תעשיות בע""מ",,גלי אסם תות שדה צבעים טבעיים 85 גר,גרמים,85.00,100 גרם,false,1,6.90,8.1176,true,1,228133
7290000068206,false,גלי אסם משמש 85 גר,"אסם תעשיות בע""מ",,גלי אסם משמש צבעים טבעיים 85 גר בקופסא,גרמים,85.00,100 גרם,false,1,6.90,8.1176,true,1,228131
7290000068237,false,גלי אסם פטל 85 גר,"אסם תעשיות בע""מ",,גלי אסם פטל צבעים טבעיים 85 גר בקופסא,גרמים,85.00,100 גרם,false,1,6.90,8.1176,true,1,228132
7290000068251,false,גלי אסם אננס 85 גר,"אסם תעשיות בע""מ",,גלי אסם אננס צבעים טבעיים 85 גר בקופסא,גרמים,85.00,100 גרם,false,1,6.90,8.1176,true,1,228130
7290000068282,false,מנה חמה פירה תפוא עם,"אסם תעשיות בע""מ",,מנה חמה פירה תפוא עם ירקות כשלפ,גרמים,55.00,100 גרם,false,1,6.90,12.5455,true,1,236240
7290000068299,false,מנה חמה תפוא ופטריות,"אסם תעשיות בע""מ",,מנה חמה תפוא ופטריות 47 גר כשלפ,Unknown,0.00,Unknown,false,1,6.90,0.0000,true,1,236241
7290000068343,false,פריכונים מאורז מלא 1,פרח תעשיות,,פריכונים מאורז מלא 140 גר,גרמים,140.00,100 גרם,false,1,7.90,5.6429,true,1,226544
7290000068701,false,שקדי מרק אסם במיכל,"אסם תעשיות בע""מ",IL,שקדי מרק אסם במיכל 400 גרם,גרמים,400.00,100 גרם,false,10,14.90,3.7250,true,1,226608
7290000068770,false,חטיף במבה יום הולדת,"אסם תעשיות בע""מ",IL,חטיף במבה יום הולדת 80 גרם,גרמים,80.00,100 גרם,false,40,5.00,6.2500,true,1,228091
7290000068787,false,במבה יום הולדת 25 גר,"אסם תעשיות בע""מ",IL,במבה יום הולדת 25 גרם,גרמים,25.00,100 גרם,false,108,2.80,11.2000,true,1,228090
7290000069258,false,פסטה פרפקטו-פנה ריגא,זארה,IT,פסטה פרפקטו-פנה ריגאטה 500 גרם,גרמים,500.00,100 גרם,false,12,7.50,1.5000,true,1,226845
7290000069609,false,חטיפי קרקר בטעם זעתר,"אסם תעשיות בע""מ",IL,חטיפי קרקר בטעם זעתר 300 ג,גרמים,300.00,100 גרם,false,12,10.90,3.6333,true,1,236637
7290000069715,false,חטיפי קרקר מלוח 300,"אסם תעשיות בע""מ",IL,חטיפי קרקר מלוח 300 ג,גרמים,300.00,100 גרם,false,12,10.90,3.6333,true,1,236638
7290000069968,false,קמח עוגה תופח מאליו,"אסם תעשיות בע""מ",IL,קמח עוגה תופח מאליו 200 גר כשלפ,גרמים,200.00,100 גרם,false,20,7.90,3.9500,true,1,228802
7290000070308,false,מרק עוף אמיתי 400 גר,"אסם תעשיות בע""מ",,מרק עוף אמיתי 400 גר,גרמים,400.00,100 גרם,false,1,19.90,4.9750,true,1,228372
7290000070322,false,אבקת מרק פטריות 400,"אסם תעשיות בע""מ",,אבקת מרק פטריות ר. טבעיים 400 גר אסם,גרמים,400.00,100 גרם,false,1,22.90,5.7250,true,1,228374
7290000070353,false,אבקת מרק בצל ר.טבעיי,"אסם תעשיות בע""מ",,אבקת מרק בצל ר.טבעיים 400 גר אסם,גרמים,400.00,100 גרם,false,1,22.90,5.7250,true,1,228369
7290000070919,false,בייגלה רשתות מלוח 40,"אסם תעשיות בע""מ",IL,בייגלה רשתות מלוח 400 גר,גרמים,400.00,100 גרם,false,9,12.90,3.2250,true,1,226641
7290000071008,false,בייגלה שטוחים מלוח 6,"אסם תעשיות בע""מ",IL,בייגלה שטוחים מלוח 60 גר,גרמים,60.00,100 גרם,false,24,3.50,5.8333,true,1,239371
7290000072067,false,חטיף במבה במילוי חלב,"אסם תעשיות בע""מ",IL,חטיף במבה במילוי חלבה 60 גר,גרמים,60.00,100 גרם,false,36,5.00,8.3333,true,1,237639
7290000072227,false,רוטב סויה סגנון סיני,"אסם תעשיות בע""מ",IL,רוטב סויה סגנון סיני 290 מל,מיליליטרים,290.00,"100 מ""ל",false,9,10.90,3.7586,true,1,226635
7290000072241,false,רוטב פיצה 290 מל,"אסם תעשיות בע""מ",IL,רוטב פיצה 290 מל,מיליליטרים,290.00,"100 מ""ל",false,9,10.90,3.7586,true,1,226638
7290000072333,false,לחמניית דגנים,בונז'ור,,לחמניית דגנים,גרמים,100.00,100 גרם,false,1,3.20,3.2000,true,1,236915
7290000072623,false,קטשופ אוסם לחיץ 750,"אסם תעשיות בע""מ",,קטשופ אוסם לחיץ 750 גר,גרמים,750.00,100 גרם,false,1,10.90,1.4533,true,1,226996
7290000072630,false,קטשופ אוסם לחיץ חריף,"אסם תעשיות בע""מ",,קטשופ לחיץ חריף 750 גר,גרמים,750.00,100 גרם,false,1,11.90,1.5867,true,1,226997
7290000072753,false,נסקפה טסטר צויס 200,נסטלה קוריאה - קפה,,נסקפה טסטר צויס 200 גרם,גרמים,200.00,100 גרם,false,1,29.90,14.9500,true,1,227701
7290000072760,false,קפה נמס טסטר צויס 10,נסטלה קוריאה - קפה,KR,קפה נמס טסטר צויס 100 ג,גרמים,100.00,100 גרם,false,12,25.90,25.9000,true,1,227700
7290000072777,false,קפה נמס טסטר צויס נט,נסטלה קוריאה - קפה,KR,קפה נמס טסטר צויס נטול קופאין 200 ג,גרמים,200.00,100 גרם,false,12,44.90,22.4500,true,1,227699
7290000072784,false,קפה נמס טסטר צויס נט,נסטלה קוריאה - קפה,KR,קפה נמס טסטר צויס נטול קפאין 100 גר,גרמים,100.00,100 גרם,false,12,29.90,29.9000,true,1,227698
7290000072968,false,דגני סיני מיניס קינמ,נסטלה פולין דגני בוק,,דגני בוקר סיני מיניס קינמון 500 גרם,גרמים,500.00,100 גרם,false,1,22.90,4.5800,true,1,227327
7290000073125,false,מנה חמה פסטה עם עגבנ,"אסם תעשיות בע""מ",,מנה חמה פסטה עם עגבניות ר.ט.62 גר,Unknown,0.00,Unknown,false,1,6.90,0.0000,true,1,227574
7290000073415,false,מנה חמה אסם פסטה ברו,"אסם תעשיות בע""מ",,מנה חמה אסם פסטה ברוטב פיצב 61 גר,גרמים,61.00,100 גרם,false,1,6.90,11.3115,true,1,227580
7290000073699,false,סלט חומוס צבר150 גרם,צבר,IL,סלט חומוס צבר150 גרם,גרמים,150.00,100 גרם,false,6,5.40,3.6000,true,1,227190
7290000073750,false,מנה חמה נודלס ירקות,טאי רזידנט,,מנה חמה אסם נודלס+ ירקות ט.עוף 70 גר,גרמים,70.00,100 גרם,false,1,6.90,9.8571,true,1,227576
7290000073767,false,מנה חמה נודלס ירקות,טאי רזידנט,,מנה חמה אסם נודלס ירקות ט. בקר 70 גר,גרמים,70.00,100 גרם,false,1,6.90,9.8571,true,1,227578
7290000073774,false,מנה חמה נודלס אטריות,טאי רזידנט,,מנה חמה אסם נודלס אטר.יירק ט.צילי 70 גר,גרמים,70.00,100 גרם,false,1,6.90,9.8571,true,1,227575
7290000074153,false,ביסקויט פתי בר שוקו,"אסם תעשיות בע""מ",,ביסקויט פתי בר שוקו 500 גר,גרמים,500.00,100 גרם,false,1,12.90,2.5800,true,1,226862
7290000074184,false,ביסקויט פתי בר קלאסי,"אסם תעשיות בע""מ",,ביסקויט פתי בר קלאסי 500 גר,גרמים,500.00,100 גרם,false,1,11.90,2.3800,true,1,226859
7290000074245,false,קרם קרקר 250 גרם,"אסם תעשיות בע""מ",IL,קרם קרקר 250 גרם,גרמים,250.00,100 גרם,false,12,9.90,3.9600,true,1,226809
7290000074252,false,קרקר שומשום 250 גרם,"אסם תעשיות בע""מ",IL,קרקר שומשום 250 גרם,גרמים,250.00,100 גרם,false,12,8.90,3.5600,true,1,226821
7290000074276,false,קרקר פיקנטי 250 גרם,"אסם תעשיות בע""מ",,קרקר טבעון פיקנטי 250 גרם,גרמים,250.00,100 גרם,false,1,9.90,3.9600,true,1,227917
7290000074375,false,קרקר זהב 150 גרם,"אסם תעשיות בע""מ",IL,קרקר זהב 150 גרם,גרמים,150.00,100 גרם,false,12,6.90,4.6000,true,1,226819
7290000074481,false,לחמית אגוזים 160 גר,"אסם תעשיות בע""מ",,לחמית אגוזים 160 גר,גרמים,160.00,100 גרם,false,1,10.90,6.8125,true,1,241655
7290000075204,false,לחמית חיטה מלאה 250,"אסם תעשיות בע""מ",,לחמית חיטה מלאה 250 גר,גרמים,250.00,100 גרם,false,1,9.50,3.8000,true,1,227616
7290000075693,false,עוגת הבית שמרים בריו,"אסם תעשיות בע""מ",IL,עוגת הבית שמרים בריוש שוקולד 360 ג,גרמים,360.00,100 גרם,false,8,16.90,4.6944,true,1,237440
7290000076126,false,בייגלה שמניות 80 גר,"אסם תעשיות בע""מ",IL,בייגלה שמניות 80 גר,גרמים,80.00,100 גרם,false,24,3.50,4.3750,true,1,228055
7290000076133,false,בייגלה שמיניות קטנות,"אסם תעשיות בע""מ",IL,בייגלה שמיניות קטנות 400 גר,גרמים,400.00,100 גרם,false,12,10.90,2.7250,true,1,228054
7290000076645,false,טוסטעים פת קלויה ח.מ,ון-דר-מולן,,טוסטעים פת קלויה ח.מלאה 100 גר,גרמים,100.00,100 גרם,false,1,9.90,9.9000,true,1,237976
7290000077017,false,עוגיות קרמוגית במילו,"אסם תעשיות בע""מ",,עוגיות קרמוגית במילוי שוקולד 200 גרם,גרמים,200.00,100 גרם,false,1,12.00,6.0000,true,1,226811
7290000077253,false,לחמית כפרית 190 גר,"אסם תעשיות בע""מ",,לחמית כפרית 190 גר,גרמים,190.00,100 גרם,false,1,10.90,5.7368,true,1,238499
7290000078212,false,קרוטונים מתובלים אסם,עינת,IL,קרוטונים מתובלים אסם 250 גרם,גרמים,250.00,100 גרם,false,12,14.90,5.9600,true,1,226790
7290000078762,false,חטיפי פריכונים מאורז,הרטו בלגיה,,חטיפי פריכונים מאורז מלא דבש 80 ג,גרמים,80.00,100 גרם,false,1,7.90,9.8750,true,1,229187
7290000079233,false,קרם קרקר דל נתרן 250,"אסם תעשיות בע""מ",,קרם קרקר דל נתרן 250 גרם,גרמים,250.00,100 גרם,false,1,10.90,4.3600,true,1,226810
7290000079684,false,קרואסון ביס שקדים,בונז'ור,,קרואסון ביס שקדים,קילוגרמים,1.00,"ק""ג",true,,37.00,37.0000,true,1,253078
7290000080765,false,טוסטעים פת קלויה&שומ,ון-דר-מולן,,טוסטעים פת קלויה&שומשום 100 גרם,גרמים,100.00,100 גרם,false,1,9.90,9.9000,true,1,227948
7290000081663,false,בייגלה טבעות שומשום,"אסם תעשיות בע""מ",IL,בייגלה טבעות שומשום 300 גר,גרמים,300.00,100 גרם,false,12,10.90,3.6333,true,1,228062
7290000085159,false,פירורי פתיבר לאפיה 2,גטניו,IL,פירורי פתיבר לאפיה 250 גר גטניו,גרמים,250.00,100 גרם,false,1,6.90,2.7600,true,1,337936
7290000085180,false,ביסקויט פתי בר וניל,גטניו,IL,ביסקויט פתי בר וניל גטניו 470 גרם,גרמים,470.00,100 גרם,false,12,10.90,2.3191,true,1,325240
7290000100128,false,תות קפוא 300 גרם סנפ,סנפרוסט,,תות קפוא 300 גרם סנפרוסט,גרמים,300.00,100 גרם,false,1,14.90,4.9667,true,1,323491
7290000100135,false,דובדבן קפוא 300 גרם,סנפרוסט,,דובדבן קפוא 300 גרם סנפרוסט,גרמים,300.00,100 גרם,false,1,14.90,4.9667,true,1,323492
7290000100296,false,תערובת שייק תות בננה,סנפרוסט,,תערובת שייק תות בננה סמוטיז 300גר,גרמים,300.00,100 גרם,false,1,14.90,4.9667,true,1,327814
7290000100593,false,פרוסות אנטיפסטי לתנו,סנפרוסט,,פרוסות אנטיפסטי לתנור 600גר,גרמים,600.00,100 גרם,false,1,22.90,3.8167,true,1,331209
7290000100609,false,קוביות אנטיפסטי להקפ,סנפרוסט,,קוביות אנטיפסטי להקפצה 600גר,גרמים,600.00,100 גרם,false,1,22.90,3.8167,true,1,331210
7290000101132,false,לקט לחמין 800 גרם סנ,,,לקט לחמין 800 גרם סנפרוסט,גרמים,800.00,100 גרם,false,1,22.90,2.8625,true,1,310893
7290000101927,false,אוכמניות כחולות קפוא,סנפרוסט,,אוכמניות כחולות קפואות 300 גרם סנפרוסט,גרמים,300.00,100 גרם,false,1,14.90,4.9667,true,1,314239
7290000101934,false,מיקס פירות יער קפוא,סנפרוסט,,מיקס פירות יער קפוא 300 גרם סנפרוסט,גרמים,300.00,100 גרם,false,1,14.90,4.9667,true,1,314227
7290000101941,false,אננס קפוא 300 גרם סנ,סנפרוסט,,אננס קפוא 300 גרם סנפרוסט,גרמים,300.00,100 גרם,false,1,14.90,4.9667,true,1,314229
7290000101958,false,מנגו קפוא 300 גרם סנ,סנפרוסט,,מנגו קפוא 300 גרם סנפרוסט,גרמים,300.00,100 גרם,false,1,14.90,4.9667,true,1,314228
7290000101989,false,דובדבן חמוץ 300 גרם,סנפרוסט,,דובדבן חמוץ 300 גרם סנפרוסט,גרמים,300.00,100 גרם,false,1,14.90,4.9667,true,1,327361
7290000103365,false,מרק ירקות 560 גר סנפ,סנפרוסט,,מרק ירקות 560 גר סנפרוסט,גרמים,560.00,100 גרם,false,1,16.90,3.0179,true,1,243839
7290000103433,false,לקט ירקות לתנור 800,סנפרוסט,,לקט ירקות לתנור 800 גרם סנפרוסט,גרמים,800.00,100 גרם,false,1,22.90,2.8625,true,1,309931
7290000103457,false,מיני כרובית 600 גרם,סנפרוסט,IL,מיני כרובית 600 גרם,גרמים,600.00,100 גרם,false,12,16.90,2.8167,true,1,308730
7290000103471,false,מיני ברוקלי 600 גרם,סנפרוסט,,מיני ברוקלי 600 גרם,גרמים,600.00,100 גרם,false,1,16.90,2.8167,true,1,307153
7290000103488,false,ארטישוק ירושלמי 400,סנפרוסט,,ארטישוק ירושלמי 400 גרם סנפרוסט,גרמים,400.00,100 גרם,false,1,22.90,5.7250,true,1,309933
7290000103730,false,לקט להקפצה עם פסטה פ,סנפרוסט,,לקט להקפצה עם פסטה פוזילי 800 ג,גרמים,800.00,100 גרם,false,1,22.90,2.8625,true,1,237848
7290000103815,false,לקט בסגנון תאילנדי ל,סנפרוסט,,לקט בסגנון תאילנדי להקפצה 800 גר,גרמים,800.00,100 גרם,false,1,22.90,2.8625,true,1,240647
7290000103822,false,לקט לעוף 800 ג,סנפרוסט,,לקט לעוף 800 ג,גרמים,800.00,100 גרם,false,1,22.90,2.8625,true,1,240983
7290000103839,false,מרק כתום 572 גר סנפר,סנפרוסט,,מרק כתום 572 גר סנפרוסט,גרמים,572.00,100 גרם,false,1,16.90,2.9545,true,1,241048
7290000103846,false,מרק אפונה 572 גר סנפ,סנפרוסט,,מרק אפונה 572 גר סנפרוסט,גרמים,572.00,100 גרם,false,1,16.90,2.9545,true,1,241047
7290000103860,false,מרק עדשים 572 גר סנפ,סנפרוסט,,מרק עדשים 572 גר סנפרוסט,גרמים,572.00,100 גרם,false,1,16.90,2.9545,true,1,241046
7290000103877,false,מרק שעועית 644 גר סנ,סנפרוסט,,מרק שעועית 644 גר סנפרוסט,גרמים,644.00,100 גרם,false,1,16.90,2.6242,true,1,241045
7290000104072,false,עדשים ירוקות מבושלות,סנפרוסט,,עדשים ירוקות מבושלות 800 גר,גרמים,800.00,100 גרם,false,1,20.90,2.6125,true,1,239244
7290000104188,false,שעועית אדומה מבושלת,סנפרוסט,,שעועית אדומה מבושלת 800 גרם,גרמים,800.00,100 גרם,false,1,20.00,2.5000,true,1,237850
7290000104201,false,אפונה עדינה 600 גרם,סנפרוסט,,אפונה עדינה 600 גרם,גרמים,600.00,100 גרם,false,1,18.90,3.1500,true,1,230408
7290000104218,false,במיה 600 גרם,סנפרוסט,,במיה 600 גרם,גרמים,600.00,100 גרם,false,1,16.90,2.8167,true,1,230407
7290000104225,false,בצל קצוץ 600 גרם,סנפרוסט,,בצל קצוץ 600 גרם,גרמים,600.00,100 גרם,false,1,16.90,2.8167,true,1,230406
7290000104676,false,אפונה גינה 800 גרם,סנפרוסט,,אפונה גינה 800 גרם,גרמים,800.00,100 גרם,false,1,17.90,2.2375,true,1,228264
7290000104683,false,שעועית שלמה 800 גרם,סנפרוסט,IL,שעועית ירוקה שלמה 16 יח 800 ג,גרמים,800.00,100 גרם,false,16,20.90,2.6125,true,1,226590
7290000104690,false,תירס גרעינים 800 גרם,סנפרוסט,,תירס גרעינים 800 גרם,גרמים,800.00,100 גרם,false,1,18.90,2.3625,true,1,228427
7290000104706,false,גזר גמדי 800 גרם,סנפרוסט,,גזר גמדי 800 גרם,גרמים,800.00,100 גרם,false,1,17.90,2.2375,true,1,228190
7290000104713,false,פול ירוק 800 גרם,סנפרוסט,,פול ירוק 800 גרם,גרמים,800.00,100 גרם,false,1,25.00,3.1250,true,1,227006
7290000104720,false,שעועית ירוקה חתוכה 8,סנפרוסט,,שעועית ירוקה חתוכה 800 גרם,גרמים,800.00,100 גרם,false,1,18.90,2.3625,true,1,226584
7290000104737,false,שעועית צהובה חתוכה 8,סנפרוסט,,שעועית צהובה חתוכה 800 גרם,גרמים,800.00,100 גרם,false,1,18.90,2.3625,true,1,226589
7290000104744,false,כרובית 800 גרם,סנפרוסט,IL,כרובית 12 יח 800 ג,גרמים,800.00,100 גרם,false,12,23.90,2.9875,true,1,227783
7290000104751,false,כרוב ניצנים 800 גרם,סנפרוסט,,כרוב ניצנים 800 גרם,גרמים,800.00,100 גרם,false,1,24.90,3.1125,true,1,227782
7290000104768,false,תרד עלים 800 גרם,סנפרוסט,,תרד עלים 800 גרם,גרמים,800.00,100 גרם,false,1,24.90,3.1125,true,1,226558
7290000104775,false,תרד מדליונים 800 גרם,סנפרוסט,,תרד מדליונים 800 גרם,גרמים,800.00,100 גרם,false,1,24.90,3.1125,true,1,226557
7290000104799,false,שעועית לבנה מבושלת 8,סנפרוסט,,שעועית לבנה מבושלת 800 גרם,גרמים,800.00,100 גרם,false,1,18.90,2.3625,true,1,229569
7290000104805,false,גרגירי חומוס מבושל 8,סנפרוסט,,גרגירי חומוס מבושל 800 גרם,גרמים,800.00,100 גרם,false,1,19.90,2.4875,true,1,229568
7290000104829,false,קלחוני תירס 1 קג,סנפרוסט,,קלחוני תירס 1 קג,גרמים,1000.00,100 גרם,false,1,20.90,2.0900,true,1,230240
7290000104836,false,שעועית עדינה שלמה600,סנפרוסט,,שעועית עדינה שלמה 600 גרם,גרמים,600.00,100 גרם,false,1,22.50,3.7500,true,1,231739
7290000104874,false,לקט לקוסקוס 800 גרם,סנפרוסט,,לקט לקוסקוס 800 גרם,גרמים,800.00,100 גרם,false,1,22.90,2.8625,true,1,229582
7290000104881,false,אפונה וגזר 800 גרם,סנפרוסט,,אפונה וגזר 800 גרם,גרמים,800.00,100 גרם,false,1,17.90,2.2375,true,1,228266
7290000104904,false,לקט ירקות מעורבים 80,סנפרוסט,,לקט ירקות מעורבים 800 גרם,גרמים,800.00,100 גרם,false,1,22.90,2.8625,true,1,227637
7290000104911,false,לקט נורמנדי 800 גרם,סנפרוסט,,לקט נורמנדי 800 גרם,גרמים,800.00,100 גרם,false,1,22.90,2.8625,true,1,227640
7290000106175,false,לקט כפרי 2 קג,סנפרוסט,,לקט כפרי 2 קג,גרמים,2000.00,100 גרם,false,1,31.90,1.5950,true,1,227638
7290000106526,false,לקט חגיגה ירוקה 800ג,סנפרוסט,IL,לקט חגיגה ירוקה 800גר להקפצה סנפרוסט,גרמים,800.00,100 גרם,false,12,22.90,2.8625,true,1,328152
7290000106533,false,לקט קינואה עדשים ויר,סנפרוסט,IL,לקט קינואה עדשים וירקות 800גר סנפרוסט,גרמים,800.00,100 גרם,false,12,22.90,2.8625,true,1,328155
7290000107165,false,חטיף פולי סויה מנצו,סנפרוסט,IL,סויה אדממה 20 יח 400 גרם,גרמים,400.00,100 גרם,false,20,15.90,3.9750,true,1,232546
7290000107189,false,ארטישוק תחתיות 400 ג,סנפרוסט,,ארטישוק תחתיות 400 גרם,גרמים,400.00,100 גרם,false,1,21.90,5.4750,true,1,228292
7290000107295,false,ברוקלי תפרחת 800 גרם,סנפרוסט,,ברוקלי תפרחת 800 גרם,גרמים,800.00,100 גרם,false,1,24.90,3.1125,true,1,228107
7290000107615,false,מנה אסייטית צבעונית,סנפרוסט,IL,מנה אסייטית צבעונית ועשירה 800גר סנפרוסט,גרמים,800.00,100 גרם,false,12,22.90,2.8625,true,1,328153
7290000107622,false,לקט פסטה וירקות א-לה,סנפרוסט,IL,לקט פסטה וירקות א-לה איטליה 800גר סנפרוס,גרמים,800.00,100 גרם,false,12,22.90,2.8625,true,1,328154
7290000107677,false,שעועית עדינה שלמה צה,סנפרוסט,IL,שעועית צהובה עדינה 12 יח 600 גר,גרמים,600.00,100 גרם,false,12,22.50,3.7500,true,1,242924
7290000110851,false,חטיף כיפלי בצל 70 גר,יוניליוור,IL,כיפלי בצל בדצ 70ג*30 BP,Unknown,0.00,Unknown,false,30,6.50,0.0000,true,1,228788
7290000111063,false,ממרח מיונז אמיתי 250,יוניליוור,IL,מיונז תלמה 250גר 12x,גרמים,250.00,100 גרם,false,12,7.50,3.0000,true,1,227486
7290000111117,false,מרכך בדין 4 ליטר לבן,יוניליוור,,מרכך בדין 4 ליטר לבן,ליטרים,4.00,ליטר,false,1,22.90,5.7250,true,1,230399
7290000111186,false,ממרח מיונז אמיתי 500,יוניליוור,IL,מיונז תלמה 500גר 12x,גרמים,500.00,100 גרם,false,12,10.90,2.1800,true,1,227487
7290000111353,false,ממרח מיונז אמיתי 1 ק,יוניליוור,IL,מיונז 1קג 6x,קילוגרמים,1.00,"ק""ג",false,6,19.90,19.9000,true,1,227485
7290000111360,false,חרדל אמיתי 250 גרם,יוניליוור,IL,חרדל תלמה 250גר 12x,גרמים,250.00,100 גרם,false,12,7.90,3.1600,true,1,227908
7290000111384,false,חרדל אמיתי 550 גרם,יוניליוור,IL,חרדל תלמה 550גר 12x,גרמים,550.00,100 גרם,false,12,10.90,1.9818,true,1,226526
7290000112220,false,טחינה בארכה 100%שומש,רושדי תעשיות מזון בע,,טחינה בארכה 100%שומשום 500 ג,גרמים,500.00,100 גרם,false,1,14.90,2.9800,true,1,227693
7290000112497,false,מרק קנור עשיר עוף עם,יוניליוור,IL,מ.עשיר עוף+אטריות 68ג,Unknown,0.00,Unknown,false,60,10.00,0.0000,true,1,228352
7290000112503,false,מרק קנור עשיר ירקות,יוניליוור,IL,עשיר ירקות 61גר,Unknown,0.00,Unknown,false,60,10.00,0.0000,true,1,228351
7290000112619,false,מרק עוף קנור אמיתי 4,יוניליוור,,מרק עוף קנור אמיתי 400 גרם,גרמים,400.00,100 גרם,false,1,17.90,4.4750,true,1,228349
7290000113180,false,כיפלי ציפס 50 גרם בד,יוניליוור,IL,כיפלי ציפס בדצ 50ג*30 BP,Unknown,0.00,Unknown,false,30,5.50,0.0000,true,1,230837
7290000113203,false,כיפלי ציפס קטשופ 50,יוניליוור,IL,כיפלי ציפסים קטשופ 50ג*30,Unknown,0.00,Unknown,false,30,5.50,0.0000,true,1,230806
7290000114187,false,נוזל לניקוי כללי סיף,יוניליוור,,נוזל לניקוי כללי סיף 4 ל אורנים,ליטרים,4.00,ליטר,false,1,19.90,4.9750,true,1,230579
7290000116204,false,מרק דגש קנור 1 קג,יוניליוור,IL,קנור דגש בטעם עוף בדצ 1קגx10,קילוגרמים,1.00,"ק""ג",false,10,16.90,16.9000,true,1,227406
7290000116884,false,רוטב קנור ברביקיו 34,יוניליוור,,רוטב קנור ברביקיו 340 גר,גרמים,340.00,100 גרם,false,1,12.90,3.7941,true,1,230892
7290000116921,false,רוטב קנור צילי מתוק,יוניליוור,,רוטב קנור צילי מתוק 340 מל,מיליליטרים,340.00,"100 מ""ל",false,1,12.90,3.7941,true,1,230891
7290000116945,false,רוטב סויה קנור 300 מ,יוניליוור,,רוטב סויה קנור 300 מל,מיליליטרים,300.00,"100 מ""ל",false,1,12.90,4.3000,true,1,230890
7290000117171,false,מרק טעם עוף דל קל 48,יוניליוור,IL,קנור מ.ט.עוף דל קל בדצ 48ג6X2,גרמים,48.00,100 גרם,false,12,7.60,15.8333,true,1,227407
7290000117720,false,זוג מרק נמס בכוס פטר,יוניליוור,IL,נמס בכוס זוג פטריות 2*21.5ג,Unknown,0.00,Unknown,false,72,6.90,0.0000,true,1,227464
7290000118277,false,תערובת קניידלך 130 ג,יוניליוור,IL,קניידל 65גר 4x6x2x,גרמים,130.00,100 גרם,false,24,12.90,9.9231,true,1,226754
7290000119344,false,דג פלמידה עישון קר פ,,,דג פלמידה עישון קר פרוסה בשמן,קילוגרמים,1.00,"ק""ג",true,,99.00,99.0000,true,1,317875
7290000120836,false,מיונז הלמנס אמיתי 39,יוניליוור,,מיונז הלמנס אמיתי 394 גר,גרמים,394.00,100 גרם,false,1,12.90,3.2741,true,1,228017
7290000120874,false,מיונז הלמנס לייט 424,יוניליוור,,מיונז הלמנס לייט 424 גרם,גרמים,424.00,100 גרם,false,1,12.90,3.0425,true,1,227488
7290000121017,false,גבינת שומרון 120 גרם,ש.האופים,IL,גבינת שומרון 120 גרם,גרמים,120.00,100 גרם,false,12,10.00,8.3333,true,1,228175
7290000121031,false,גבינת חתול 120 גרם,ש.האופים,IL,גבינת חתול 120 גרם,גרמים,120.00,100 גרם,false,12,10.00,8.3333,true,1,228166
7290000121079,false,גבינה מון בלאן שמיר,ש.האופים,IL,גבינה מון בלאן שמיר 120 גרם,גרמים,120.00,100 גרם,false,12,10.00,8.3333,true,1,228160
7290000121093,false,גבינה מון בלאן שוויצ,ש.האופים,IL,גבינה מון בלאן שוויצרית 120 גרם,גרמים,120.00,100 גרם,false,12,10.00,8.3333,true,1,228159
7290000121109,false,גבינה מון בלאן זיתים,ש.האופים,IL,גבינה מון בלאן זיתים 120 גרם,גרמים,120.00,100 גרם,false,12,10.00,8.3333,true,1,228158
7290000121147,false,מון בלאן פיקנטי 120,ש.האופים,IL,מון בלאן פיקנטי 120 גרם,גרמים,120.00,100 גרם,false,12,10.00,8.3333,true,1,227667
7290000121154,false,גבינת מון בלאן סלומו,ש.האופים,IL,גבינת מון בלאן סלומון 120 גרם,גרמים,120.00,100 גרם,false,12,10.00,8.3333,true,1,228167
7290000121239,false,ממרח מיוקל 5% שומן 5,יוניליוור,IL,מיוקל 5% שומן ללא כולסטרול 500,גרמים,500.00,100 גרם,false,12,12.90,2.5800,true,1,231608
7290000122830,false,רוטב קנור סצואן 370,יוניליוור,,רוטב קנור סצואן 370 גר,גרמים,370.00,100 גרם,false,1,12.90,3.4865,true,1,231842
7290000124841,false,שלישיית שוקולד חלב10,יוניליוור,,שלישיית שוקולד חלב100גר ורד הגליל,גרמים,300.00,100 גרם,false,1,14.90,4.9667,true,1,231426
7290000125251,false,נוזל לכביסה עדינה 2,יוניליוור,IL,שמפו לכביסה עדינה 2ל,ליטרים,2.00,ליטר,false,6,26.90,13.4500,true,1,231893
7290000129457,false,אבקת רוטב פטריות 28,יוניליוור,IL,קנור אבקת רוטב פטריות 28גר בדצ,Unknown,0.00,Unknown,false,144,4.90,0.0000,true,1,232467
7290000129785,false,מרכך בדין 4 ליטר ירו,יוניליוור,,מרכך בדין 4 ליטר ירוק,ליטרים,4.00,ליטר,false,1,22.90,5.7250,true,1,230174
7290000130255,false,קמח מצה 500 ג שקית א,,,קמח מצה 500 ג שקית אביב,גרמים,500.00,100 גרם,false,1,6.50,1.3000,true,1,231969
7290000130545,false,מצות אביב 2.5 קג,,,מצות אביב 2.5 קג,גרמים,2500.00,100 גרם,false,1,25.00,1.0000,true,1,231964
7290000134338,false,אבקת שום 90 ג מיכל ג,,,אבקת שום 90 ג מיכל גדול,Unknown,0.00,Unknown,false,1,9.90,0.0000,true,1,228377
7290000134550,false,עלי דפנה 20 גר שקית,,,עלי דפנה 20 גר שקית,גרמים,20.00,100 גרם,false,1,6.50,32.5000,true,1,226598
7290000134666,false,רוזמרין 15 גר מיכל ק,,,רוזמרין 15 גר מיכל קטן,Unknown,0.00,Unknown,false,1,6.90,0.0000,true,1,233787
7290000134994,false,טימין 20 גר מיכל קטן,,,טימין 20 גר מיכל קטן,Unknown,0.00,Unknown,false,1,6.90,0.0000,true,1,233786
7290000135045,false,משקה אנרגיה אקס אל,,IL,משקה אנרגיה אקס אל תן תפוח 250מל פקדון,מיליליטרים,250.00,"100 מ""ל",false,24,4.90,1.9600,true,1,327263
7290000135052,false,משקה אנרגיה אקס אל,,IL,משקה אנרגיה אקס אל תן מנגו 250מל פקדון,מיליליטרים,250.00,"100 מ""ל",false,24,4.90,1.9600,true,1,327264
7290000135113,false,משקה אנרגיה אקס אל,,,משקה אנרגיה אקס אל טן 250מל פקדון,מיליליטרים,250.00,"100 מ""ל",false,1,4.90,1.9600,true,1,330548
7290000135151,false,סודה נגיעות לימון לי,,IL,סודה נגיעות לימון ליים 275מל בק.פקדון,מיליליטרים,275.00,"100 מ""ל",false,24,5.00,1.8182,true,1,332171
7290000135168,false,מארז שישיית פפסי מקס,,,מארז שישיית פפסי מקס ליים 330מל פח.פקדון,מיליליטרים,1980.00,"100 מ""ל",false,4,18.90,0.9545,true,1,334315
7290000135311,false,משקה פפסי מקס ליים 1,,,משקה פפסי מקס ליים 1.5 ליטר בק.פקדון,ליטרים,1.50,ליטר,false,1,8.50,5.6667,true,1,332576
7290000135465,false,מי סודה טמפו 12יחידו,,IL,מי סודה טמפו 12יחידות 500 מל בק. פקדון,מיליליטרים,6000.00,"100 מ""ל",false,4,28.90,0.4817,true,1,337792
7290000135595,false,משקה פפסי מקס דובדבן,,,משקה פפסי מקס דובדבן 1.5ליטר בק.פקדון,ליטרים,1.50,ליטר,false,1,8.50,5.6667,true,1,337616
7290000135663,false,מארז שישיית פפסי מקס,,IL,מארז שישיית פפסי מקס דובדבן330מל פ.פקדון,מיליליטרים,1980.00,"100 מ""ל",false,1,18.90,0.9545,true,1,346531
7290000135717,false,פפסי מקס דובדבן 6יח,,IL,פפסי מקס דובדבן 6יח 500מל בק. פקדון,מיליליטרים,3000.00,"100 מ""ל",false,4,23.90,0.7967,true,1,337796
7290000136288,false,סיידר סירופ תפוח 330,,,סיידר סירופ תפוח 330מל גוסר,מיליליטרים,330.00,"100 מ""ל",false,1,15.90,4.8182,true,1,345918
7290000136295,false,סיידר סירופ פטל 330מ,,,סיידר סירופ פטל 330מל גוסר,מיליליטרים,330.00,"100 מ""ל",false,1,15.90,4.8182,true,1,345919
7290000136301,false,סיידר סירופ ענבים 33,,,סיידר סירופ ענבים 330מל גוסר,מיליליטרים,330.00,"100 מ""ל",false,1,15.90,4.8182,true,1,345920
7290000136431,false,משקה גאמפ 1.5ליטר אפ,,,משקה גאמפ 1.5ליטר אפרסק צלול בק.פקדון,ליטרים,1.50,ליטר,false,1,7.90,5.2667,true,1,343167
7290000136516,false,משקה גאמפ 1.5ליטר מנ,,,משקה גאמפ 1.5ליטר מנגו פסיפלורה בק.פקדון,ליטרים,1.50,ליטר,false,1,7.90,5.2667,true,1,343161
7290000136523,false,משקה גאמפ 1.5ליטר ענ,,,משקה גאמפ 1.5ליטר ענבים בק.פקדון,ליטרים,1.50,ליטר,false,1,7.90,5.2667,true,1,343163
7290000136561,false,משקה גאמפ 1.5ליטר תו,,,משקה גאמפ 1.5ליטר תות בננה בק.פקדון,ליטרים,1.50,ליטר,false,1,7.90,5.2667,true,1,343164
7290000136585,false,משקה גאמפ 1.5ליטר תפ,,,משקה גאמפ 1.5ליטר תפוזים בק.פקדון,ליטרים,1.50,ליטר,false,1,7.90,5.2667,true,1,343157
7290000136608,false,משקה גאמפ 1.5ליטר תפ,,,משקה גאמפ 1.5ליטר תפוח צלול בק.פקדון,ליטרים,1.50,ליטר,false,1,7.90,5.2667,true,1,343166
7290000136646,false,בירה נשר מאלט 1.5ליט,,,בירה נשר מאלט 1.5ליטר בק. פקדון,ליטרים,1.50,ליטר,false,1,9.20,6.1333,true,1,343192
7290000136653,false,בירה דיאט נשר מאלט 1,,,בירה דיאט נשר מאלט 1.5ליטר בק. פקדון,ליטרים,1.50,ליטר,false,1,9.20,6.1333,true,1,343193
7290000136660,false,סודה 1.5ליטר ב.פקדון,,,סודה 1.5ליטר ב.פקדון טמפו,ליטרים,1.50,ליטר,false,1,3.80,2.5333,true,1,343676
7290000136677,false,משקה פפסי קולה 1.5לי,,,משקה פפסי קולה 1.5ליטר בק.פקדון,ליטרים,1.50,ליטר,false,6,8.90,5.9333,true,1,343872
7290000136684,false,משקה פפסי מקס 1.5 לי,,,משקה פפסי מקס 1.5 ליטר בק.פקדון,ליטרים,1.50,ליטר,false,1,8.50,5.6667,true,1,343680
7290000136691,false,מארז 6יח סבן אפ 1.5ל,,,מארז 6יח סבן אפ 1.5ליטר בק. פקדון,ליטרים,9.00,ליטר,false,1,39.90,4.4333,true,1,343175
7290000136707,false,משקה מירינדה 1.5ליטר,,,משקה מירינדה 1.5ליטר בק.פקדון,ליטרים,1.50,ליטר,false,6,8.90,5.9333,true,1,344519
7290000136752,false,מארז 6יח דיאט סבן אפ,,,מארז 6יח דיאט סבן אפ 1.5ליטר בק.פקדון,ליטרים,9.00,ליטר,false,1,37.90,4.2111,true,1,343176
7290000136769,false,מארז 6יח פפסי קולה 1,,,מארז 6יח פפסי קולה 1.5ליטר בק.פקדון,ליטרים,9.00,ליטר,false,1,39.90,4.4333,true,1,343173
7290000136776,false,מארז 6יח פפסי מקס 1.,,,מארז 6יח פפסי מקס 1.5ליטר בק.פקדון,ליטרים,9.00,ליטר,false,1,41.90,4.6556,true,1,343177
7290000136783,false,מארז 6יח מירינדה 1.5,,,מארז 6יח מירינדה 1.5ליטר בק. פקדון,ליטרים,9.00,ליטר,false,1,39.90,4.4333,true,1,343174
7290000136790,false,מארז 6יח סודה 1.5ליט,,,מארז 6יח סודה 1.5ליטר בק.פקדון טמפו,ליטרים,9.00,ליטר,false,1,17.70,1.9667,true,1,343184
7290000136806,false,מארז 4יח סודה למון ל,,IL,מארז 4יח סודה למון ליים 1.5ליטר בק.פקדון,ליטרים,6.00,ליטר,false,1,11.90,1.9833,true,1,343181
7290000136813,false,מארז 4יח סודה אננס 1,,IL,מארז 4יח סודה אננס 1.5ליטר בק.פקדון,ליטרים,6.00,ליטר,false,1,11.90,1.9833,true,1,343182
7290000136820,false,מארז 4יח סודה פירות,,IL,מארז 4יח סודה פירות יער 1.5ליטר בק.פקדון,ליטרים,6.00,ליטר,false,1,11.90,1.9833,true,1,343183
7290000136837,false,מארז 4יח סודה אפרסק,,IL,מארז 4יח סודה אפרסק 1.5ליטר בק.פקדון,ליטרים,6.00,ליטר,false,1,11.90,1.9833,true,1,343180
7290000136844,false,מארז 6 יח מים אקווה,,,מארז 6 יח מים אקווה נובה 2ליטר בק.פקדון,ליטרים,12.00,ליטר,false,1,13.90,1.1583,true,1,343195
7290000136851,false,משקה סבן אפ 1.5ליטר,,,משקה סבן אפ 1.5ליטר בק.פקדון,ליטרים,1.50,ליטר,false,6,8.90,5.9333,true,1,343799
7290000136868,false,מארז 6יח מים סאן בנד,,,מארז 6יח מים סאן בנדטו 1.5ליטר בק.פקדון,ליטרים,9.00,ליטר,false,1,17.90,1.9889,true,1,343178
7290000136875,false,מארז 6יח מים סאן בנד,,,מארז 6יח מים סאן בנדטו מוגז1.5ל בק.פקדון,ליטרים,9.00,ליטר,false,1,18.90,2.1000,true,1,343179
7290000136936,false,משקה דיאט סבן אפ 1.5,,,משקה דיאט סבן אפ 1.5 ליטר בק.פקדון,ליטרים,1.50,ליטר,false,1,8.50,5.6667,true,1,343612
7290000137513,false,גלידונית שוקו וניל מ,"גלידת שטראוס בע""מ",,גלידונית שוקו וניל מצופה 60 יח,גרמים,700.00,100 גרם,false,1,44.90,6.4143,true,1,228197
7290000137643,false,מאגדת טעמקור 8 יח,"גלידת שטראוס בע""מ",,מאגדת טעמקור 8 יח,גרמים,400.00,100 גרם,false,1,34.90,8.7250,true,1,227708
7290000139104,false,חטיף שלווה חיטה תפוח,,,חטיף שלווה חיטה תפוחה 230 גר,גרמים,230.00,100 גרם,false,1,8.90,3.8696,true,1,341594
7290000139180,false,חטיף שלווה חיטה תפוח,אשבל מזון פונקציונלי,IL,חטיף שלווה חיטה תפוחה 140 גר,גרמים,140.00,100 גרם,false,24,8.90,6.3571,true,1,252961
7290000139227,false,חטיף תירס תפוח ממותק,אשבל מזון פונקציונלי,IL,חטיף תירס תפוח ממותק 150 ג,גרמים,150.00,100 גרם,false,24,8.90,5.9333,true,1,341596
7290000143187,false,שמפו הוואי לגבר 700,טרופיקל דגיל,,שמפו הוואי לגבר 700 מל,מיליליטרים,700.00,"100 מ""ל",false,1,8.90,1.2714,true,1,229571
7290000143194,false,שמפו ומרכך הוואי 2 ב,טרופיקל דגיל,,שמפו ומרכך הוואי 2 ב 1 700 מל,מיליליטרים,700.00,"100 מ""ל",false,1,8.90,1.2714,true,1,229573
7290000143200,false,מרכך הוואי לשיער יבש,טרופיקל דגיל,,מרכך הוואי לשיער יבש 700 מל,מיליליטרים,700.00,"100 מ""ל",false,1,8.90,1.2714,true,1,229572
7290000143217,false,שמפו הוואי לשיער יבש,טרופיקל דגיל,,שמפו הוואי לשיער יבש 700 מל,מיליליטרים,700.00,"100 מ""ל",false,1,8.90,1.2714,true,1,229570
7290000143255,false,שמפו הוואי לשיער רגי,טרופיקל דגיל,,שמפו הוואי לשיער רגיל 700 מל,מיליליטרים,700.00,"100 מ""ל",false,1,8.90,1.2714,true,1,230383
7290000143262,false,שמפו הוואי ילדים 700,טרופיקל דגיל,,שמפו הוואי ילדים 700 מל,מיליליטרים,700.00,"100 מ""ל",false,1,8.90,1.2714,true,1,230387
7290000143279,false,שמפו הוואי נגד קשקשי,טרופיקל דגיל,,שמפו הוואי נגד קשקשים 700 מל,מיליליטרים,700.00,"100 מ""ל",false,1,8.90,1.2714,true,1,230384
7290000143286,false,מרכך הוואי לשיער רגי,טרופיקל דגיל,,מרכך הוואי לשיער רגיל 700 מל,מיליליטרים,700.00,"100 מ""ל",false,1,8.90,1.2714,true,1,230386
7290000143293,false,הוואי 700 מל מרכך יל,טרופיקל דגיל,,הוואי 700 מל מרכך ילדים,מיליליטרים,700.00,"100 מ""ל",false,1,8.90,1.2714,true,1,230385
7290000144160,false,שמן זית מודגש עץ הזי,שמן תעשיות,,שמן זית מודגש עץ הזית750מל,מיליליטרים,750.00,"100 מ""ל",false,1,33.90,4.5200,true,1,321410
7290000144467,false,שמן חמניות בריאות עץ,שמן תעשיות,,שמן חמניות בריאות עץ הזית 1 ליטר,ליטרים,1.00,ליטר,false,1,15.90,15.9000,true,1,226725
7290000144474,false,שמן קנולה בריאות עץ,שמן תעשיות,,שמן קנולה בריאות עץ הזית 1 לי,ליטרים,1.00,ליטר,false,1,15.90,15.9000,true,1,226777
7290000146645,false,סבון הוואי מוצק רביע,טרופיקל דגיל,,סבון הוואי מוצק רביעיה שחור,גרמים,400.00,100 גרם,false,1,11.90,2.9750,true,1,231378
7290000146652,false,סבון ההואי מוצק רביע,טרופיקל דגיל,,סבון ההואי מוצק רביעיה ורוד,גרמים,400.00,100 גרם,false,1,11.90,2.9750,true,1,231376
7290000146669,false,סבון ההואי מוצק רביע,טרופיקל דגיל,,סבון ההואי מוצק רביעיה כחול,גרמים,400.00,100 גרם,false,1,11.90,2.9750,true,1,231377
7290000146676,false,סבון ההואי מוצק רביע,טרופיקל דגיל,,סבון ההואי מוצק רביעיה גבר,גרמים,400.00,100 גרם,false,1,11.90,2.9750,true,1,231456
7290000146683,false,סבון ההואי מוצק רביע,טרופיקל דגיל,,סבון ההואי מוצק רביעיה דאודורנט,Unknown,0.00,Unknown,false,1,11.90,0.0000,true,1,231379
7290000146928,false,משחת שינים ענבים 60,טרופיקל דגיל,IL,טום&גרי משחת שיניים ענבים 60 מל,גרמים,60.00,100 גרם,false,24,7.90,13.1667,true,1,232094
7290000146997,false,משחת שינים מסטיק 60,טרופיקל דגיל,IL,טום&גרי משחת שיניים מסטיק 60 מל,גרמים,60.00,100 גרם,false,24,7.90,13.1667,true,1,230916
7290000149615,false,מארז 4 יח סבון נקה 7,,,מארז 4 יח סבון נקה 7 מוצק לתינוק,גרמים,400.00,100 גרם,false,1,11.90,2.9750,true,1,234528
7290000149851,false,סינטבון חתול כפול,,,סינטבון חתול כפול,יחידה,2.00,יחידה,false,1,11.90,5.9500,true,1,231713
7290000149905,false,טקסטיל שמפו 1 ליטר,,,טקסטיל שמפו 1 ליטר,ליטרים,1.00,ליטר,false,1,16.90,16.9000,true,1,227710
7290000150277,false,חזה הודו צלוי ברביקי,עוף טוב,,חזה הודו צלוי ברביקיו במשקל,קילוגרמים,1.00,"ק""ג",true,,69.00,69.0000,true,1,227847
7290000150352,false,פסטרמה איטלקית במשקל,עוף טוב,,פסטרמה איטלקית במשקל,קילוגרמים,1.00,"ק""ג",true,,69.00,69.0000,true,1,229188
7290000150369,false,פסטרמה מקסיקנית במשק,עוף טוב,,פסטרמה מקסיקנית במשקל,קילוגרמים,1.00,"ק""ג",true,,69.00,69.0000,true,1,231990
7290000150451,false,נקניק סלמי איטלקי במ,עוף טוב,,נקניק סלמי איטלקי במשקל,קילוגרמים,1.00,"ק""ג",true,,59.00,59.0000,true,1,227356
7290000150468,false,פסטרמה רומנית במשקל,עוף טוב,,פסטרמה רומנית במשקל,קילוגרמים,1.00,"ק""ג",true,,69.00,69.0000,true,1,227081
7290000150642,false,כתף בקר מעושן במשקל,עוף טוב,,כתף בקר מעושן במשקל,קילוגרמים,1.00,"ק""ג",true,,79.00,79.0000,true,1,227088
7290000150956,false,מקלוני קבנוס עוף טוב,עוף טוב,IL,מקלוני קבנוס עוף טוב 160 גרם,גרמים,160.00,100 גרם,false,12,10.90,6.8125,true,1,239535
7290000150963,false,פסטרמה גמבו מעושן במ,עוף טוב,,פסטרמה גמבו מעושן במשקל,קילוגרמים,1.00,"ק""ג",true,,69.00,69.0000,true,1,227086
7290000151052,false,חזה הודו בדבש במשקל,עוף טוב,,חזה הודו בדבש במשקל,קילוגרמים,1.00,"ק""ג",true,,69.00,69.0000,true,1,227844
7290000151106,false,פסטרמה אמריקאית במשק,עוף טוב,,פסטרמה אמריקאית במשקל,קילוגרמים,1.00,"ק""ג",true,,69.00,69.0000,true,1,227080
7290000151281,false,פסטרמה ברביקיו דל שו,עוף טוב,IL,פסטרמה ברביקיו דל שומן ע.טוב 300 גר,גרמים,300.00,100 גרם,false,8,19.90,6.6333,true,1,241970
7290000151601,false,פסטרמה בדבש עוף טוב,עוף טוב,IL,פסטרמה בדבש עוף טוב 300 ג,גרמים,300.00,100 גרם,false,8,19.90,6.6333,true,1,241969
7290000152288,false,נקניקיות עוף עוף טוב,עוף טוב,,נקניקיות עוף עוף טוב 400 גר,גרמים,400.00,100 גרם,false,1,10.90,2.7250,true,1,227249
7290000152608,false,נקניק סלמי תה ענק במ,עוף טוב,,נקניק סלמי תה ענק במשקל,קילוגרמים,1.00,"ק""ג",true,,49.00,49.0000,true,1,227479
7290000152943,false,מארז פסטרמה+סלמי 700,עוף טוב,,מארז פסטרמה+סלמי 700 גר,גרמים,700.00,100 גרם,false,1,25.90,3.7000,true,1,240698
7290000153445,false,קציצות בקר מתובלות ע,עוף טוב,IL,קציצות בקר מתובלות עוף טוב 500 גר,גרמים,500.00,100 גרם,false,14,31.90,6.3800,true,1,241526
7290000153469,false,קציצות עוף קלאסיות ע,עוף טוב,IL,קציצות עוף קלאסיות עוף טוב 600 גר,גרמים,600.00,100 גרם,false,14,31.90,5.3167,true,1,241528
7290000153698,false,כתף בקר מפולפל במשקל,עוף טוב,,כתף בקר מפולפל במשקל,קילוגרמים,1.00,"ק""ג",true,,79.00,79.0000,true,1,227089
7290000155524,false,פסטרמה פולנית במשקל,עוף טוב,,פסטרמה פולנית במשקל,קילוגרמים,1.00,"ק""ג",true,,69.00,69.0000,true,1,232936
7290000158105,false,שניצל עוף מיני דינוז,עוף טוב,,שניצל עוף מיני דינוזאור ר.ט 700 ג,גרמים,700.00,100 גרם,false,1,28.90,4.1286,true,1,243245
7290000161358,false,ממרח מיונז אמיתי משמ,יוניליוור,IL,מיונז אמיתי משמן קנולה תלמה,גרמים,500.00,100 גרם,false,12,15.90,3.1800,true,1,232848
7290000166605,false,נוזל לניקוי כללי סיף,יוניליוור,,נוזל לניקוי כללי סיף 4 ל יסמין,ליטרים,4.00,ליטר,false,1,19.90,4.9750,true,1,243782
7290000168173,false,דגני ברנפלקס קרנצים,יוניליוור,,דגני ברנפלקס קרנצים 375 גר,גרמים,375.00,100 גרם,false,1,22.90,6.1067,true,1,245387
7290000169538,false,זוג מרק נמס בכוס עגב,יוניליוור,IL,נמס בכוס עגבניות בדצ 72*62,Unknown,0.00,Unknown,false,72,6.90,0.0000,true,1,247761
7290000169798,false,ד.בוקר עוגי מופחת סו,יוניליוור,,ד.בוקר עוגי מופחת סוכר 500 גר,גרמים,500.00,100 גרם,false,1,19.90,3.9800,true,1,248188
7290000170053,false,שוקולד פרה חלב 100 ג,,IL,שוקולד פרה חלב 100 גר,גרמים,100.00,100 גרם,false,1,5.90,5.9000,true,1,226686
7290000170077,false,שוקולד פרה מריר 100,,IL,שוקולד פרה מריר 100 גר,גרמים,100.00,100 גרם,false,1,5.90,5.9000,true,1,226690
7290000170275,false,שוקולד פרה במילוי נו,,IL,שוקולד פרה במילוי נוגט 100 גר,גרמים,100.00,100 גרם,false,1,5.90,5.9000,true,1,226703
7290000176062,false,קפה טורקי 100 גרם,,,קפה טורקי 100 גרם,גרמים,100.00,100 גרם,false,1,8.90,8.9000,true,1,227206
7290000176413,false,קפה נמס אבקתי 50 גרם,,,קפה נמס אבקתי 50 גרם,גרמים,50.00,100 גרם,false,1,8.90,17.8000,true,1,226769
7290000176420,false,קפה נמס אבקתי 200 גר,,,קפה נמס אבקתי 200 גרם,גרמים,200.00,100 גרם,false,1,22.00,11.0000,true,1,226768
7290000178707,false,חטיף תפוציפס 50 גרם,STRAUSS-ISRAEL,,חטיף תפוציפס 50 גרם,Unknown,0.00,Unknown,false,1,4.00,0.0000,true,1,228459
7290000178721,false,חטיף תפוציפס טבעי 20,STRAUSS-ISRAEL,,חטיף תפוציפס טבעי 200 גר,גרמים,200.00,100 גרם,false,1,11.00,5.5000,true,1,228460
7290000180212,false,שוקולד פרה מריר אגוז,,IL,שוקולד פרה מריר אגוזים 100 גר,גרמים,100.00,100 גרם,false,1,5.90,5.9000,true,1,226692
7290000181103,false,ביסקויט עד חצות שוקו,,,ביסקויט חצות בשוקולד חלב 200 גרם,גרמים,200.00,100 גרם,false,1,13.50,6.7500,true,1,227180
7290000185224,false,סילאן לחיץ 650 גר חצ,,,סילאן לחיץ 650 גר חצר כנרת,גרמים,650.00,100 גרם,false,1,15.90,2.4462,true,1,237360
7290000185293,false,סילאן טבעי 350 גרם ח,,,סילאן טבעי חצר כנרת 350 גרם צנצנת,גרמים,350.00,100 גרם,false,1,15.90,4.5429,true,1,234394
7290000185460,false,חרוסת חצר כנרת 250 ג,,,חרוסת חצר כנרת 250 גרם,גרמים,250.00,100 גרם,false,1,13.90,5.5600,true,1,230784
7290000185590,false,סילאן טבעי לחיץ 635,,,סילאן טבעי לחיץ 650 גר חצר כנרת,גרמים,635.00,100 גרם,false,1,19.90,3.1339,true,1,339036
7290000185620,false,ממרח תמרים טבעי חצר,,,ממרח תמרים טבעי חצר כנרת 250 גרם,גרמים,250.00,100 גרם,false,1,10.90,4.3600,true,1,337504
7290000186030,false,מארז 4יח מגבוני האגי,האגיס,,מארז 4יח מגבוני האגיס עם תחליב,יחידה,288.00,יחידה,false,1,22.90,0.0795,true,1,307943
7290000186207,false,מגבוני שקמה למבוגרים,ווטנאפס,,מגבוני שקמה למבוגרים 50יחידות,יחידה,50.00,יחידה,false,1,19.90,0.3980,true,1,248870
7290000186535,false,נייר טואלט לילי טריו,חוגלה קימברלי,,נייר טואלט לילי טריו לבן 32 יח,יחידה,32.00,יחידה,false,1,45.90,1.4344,true,1,252755
7290000186931,false,כרית קרצוף ניקול חתו,UFO,US,ניקול - סקוטש חתוך 12 יח,יחידה,12.00,יחידה,false,1,12.90,1.0750,true,1,244616
7290000187860,false,מגבון נייר טואלט לח,עלבד,IL,מגבון נייר טואלט לח לילי פיור 56 יח,יחידה,56.00,יחידה,false,18,8.90,0.1589,true,1,229738
7290000187921,false,נייר טואלט לילי לבן,חוגלה קימברלי,,נייר טואלט לילי לבן קלאסיק 32 יח,יחידה,32.00,יחידה,false,1,43.90,1.3719,true,1,235581
7290000187938,false,נייר טואלט לילי פסטל,חוגלה קימברלי,IL,נייר טואלט לילי פסטל 32 ג,יחידה,32.00,יחידה,false,32,43.90,1.3719,true,1,235583
7290000187952,false,נייר טואלט לילי טריו,חוגלה קימברלי,,נייר טואלט לילי טריו ורוד 32 יח,יחידה,32.00,יחידה,false,1,45.90,1.4344,true,1,235584
7290000188270,false,זוג מגבוני קלינקס או,PAPALINAS,,זוג מגבוני קלינקס אולטרא סופט 80 יח,יחידה,80.00,יחידה,false,1,15.90,0.1988,true,1,228215
7290000188355,false,מגבת מטבח ניקול לבנה,חוגלה קימברלי,,מגבת מטבח ניקול לבנה 6 יח,יחידה,6.00,יחידה,false,1,12.90,2.1500,true,1,235512
7290000188553,false,מגן תחתון קוטקס סילק,KC China,,מגן תחתון קוטקס סילק נורמל 60 יח,יחידה,60.00,יחידה,false,1,21.90,0.3650,true,1,239433
7290000188560,false,מגן תחתון קוטקס סילק,KC China,,מגן תחתון קוטקס סילק לארג 52 יח,יחידה,52.00,יחידה,false,1,21.90,0.4212,true,1,239434
7290000188591,false,מגן תחתון קוטקס סילק,KC China,,מגן תחתון קוטקס סילק יאנג 60 יח,יחידה,60.00,יחידה,false,1,21.90,0.3650,true,1,239436
7290000189192,false,מטלית ניקול סופר חזק,KC Colombia,CO,סופר מטלית (מטלית נייר),Unknown,0.00,Unknown,false,1,15.90,0.0000,true,1,232692
7290000189215,false,מטלית הקסם ניקול לרצ,UFO,CN,ניקול מטלית מיקרופייבר לר,Unknown,0.00,Unknown,false,1,14.90,0.0000,true,1,232484
7290000189482,false,תבנית אפיה ניקול מקר,דוקארט,IL,תבנית אפייה מקרטון מרובעת,Unknown,0.00,Unknown,false,4,13.90,0.0000,true,1,237914
7290000189499,false,תבנית אפיה ניקול מקר,דוקארט,IL,תבנית אפייה מקרטון- עגולה,Unknown,0.00,Unknown,false,3,13.90,0.0000,true,1,237915
7290000189505,false,תבנית אפיה ניקול מקר,דוקארט,IL,תבנית אפייה מקרטון אינגלי,Unknown,0.00,Unknown,false,5,13.90,0.0000,true,1,237916
7290000189536,false,שקיות אשפה 65/52 ניק,אשפלסט,,שקיות אשפה 65/52 ניקול 40 יח,יחידה,40.00,יחידה,false,1,17.90,0.4475,true,1,233033
7290000189550,false,זוג אשפתון ענק ניקול,אשפלסט,,זוג שקיות אשפה ניקול גדול מתכלות,יחידה,20.00,יחידה,false,1,20.90,1.0450,true,1,232390
7290000189598,false,מטליות לחות חד פעמי,,,מטליות לחות חד פעמי ניקול 50יח,יחידה,50.00,יחידה,false,1,13.90,0.2780,true,1,236274
7290000189659,false,מטליות לחות ניקול לר,,,מטליות לחות ניקול לרצפה,יחידה,10.00,יחידה,false,1,13.90,1.3900,true,1,237499
7290000189680,false,מארז 2 יח מטליות לחו,עלבד,,מארז 2 יח מטליות לחות לניקוי רצפות ניקול,יחידה,20.00,יחידה,false,1,21.90,1.0950,true,1,249518
7290000189734,false,מטליות לחות ניקול לפ,עלבד,,מטליות לחות ניקול לפרקט,יחידה,10.00,יחידה,false,1,13.90,1.3900,true,1,239869
7290000190068,false,מפיות ניקול 100 יח,חוגלה קימברלי,IL,מפיות ניקול 100,יחידה,100.00,יחידה,false,1,8.90,0.0890,true,1,230908
7290000190198,false,מטליות לחות לניקוי ש,עלבד,,מטליות לחות לניקוי שירותים ואמבט 50יח,יחידה,50.00,יחידה,false,1,13.90,0.2780,true,1,248797
7290000190853,false,נייר טואלט לילי לבן,חוגלה קימברלי,,נייר טואלט לילי לבן 30 גלילים,יחידה,30.00,יחידה,false,1,37.90,1.2633,true,1,332833
7290000191171,false,זוג מגבוני אף קלינקס,,,זוג מגבוני אף קלינקס קולקשן בניילון,יחידה,6.00,יחידה,false,1,10.90,1.8167,true,1,309721
7290000191225,false,חיתולי האגיס ניו בור,,,חיתולי האגיס ניו בורן שלב 2 44יח,יחידה,44.00,יחידה,false,1,29.90,0.6795,true,1,305051
7290000191450,false,חלה רגילה ברמן 500 ג,מאפית י.את א. ברמן ב,,חלה רגילה ברמן 500 גרם***,גרמים,500.00,100 גרם,false,1,6.26,1.2520,true,1,226525
7290000191539,false,מגבוני אף לילי צבעונ,חוגלה קימברלי,,מגבוני אף לילי צבעוני 5 יח בניילון,גרמים,5.00,100 גרם,false,1,16.90,338.0000,true,1,230401
7290000191546,false,מגבוני לילי צבעוני ש,חוגלה קימברלי,,מגבוני לילי צבעוני שלישיה 90 יח בשקית,יחידה,270.00,יחידה,false,1,13.90,0.0515,true,1,227651
7290000191652,false,מארז 3 מגבוני אף קלי,חוגלה קימברלי,,מארז 3 מגבוני אף קלינקס קלאסיק 270 יח,יחידה,270.00,יחידה,false,1,15.90,0.0589,true,1,234685
7290000191966,false,מגבון נייר טואלט לח,עלבד,IL,מגבון נייר טואלט לח נטורל קר 48 יח,יחידה,48.00,יחידה,false,18,8.90,0.1854,true,1,240782
7290000192581,false,מארז 6יח מגבות נייר,חוגלה קימברלי,,מארז 6יח מגבות נייר כפול למטבח ניקול,יחידה,6.00,יחידה,false,1,20.90,3.4833,true,1,314213
7290000193014,false,מגן תחתון אינטרלוד 5,Ontex,CZ,מגן תחתון אינטרלוד 50 יח,יחידה,50.00,יחידה,false,50,11.50,0.2300,true,1,227248
7290000193076,false,מארז 3 יח מטליות לרצ,עופרטקס,IL,3 מטליות רצפה ניקול,יחידה,3.00,יחידה,false,1,12.90,4.3000,true,1,252379
7290000193083,false,תחבושות נובה לי בודד,Ontex,CZ,נובה לי 28,Unknown,0.00,Unknown,false,28,11.50,0.0000,true,1,234686
7290000193205,false,תחבושות לילי נטורל א,Ontex,,תחבושות לילי נטורל אולטרה לילה 24 יח,יחידה,24.00,יחידה,false,1,13.90,0.5792,true,1,228995
7290000193472,false,מגן תחתון לילי נטורל,Ontex,,מגן תחתון לילי נטורל נורמל 60 יח,יחידה,60.00,יחידה,false,1,13.90,0.2317,true,1,226541
7290000193540,false,מגן תחתון לילי אינטי,Ontex,,מגן תחתון לילי אינטימייט לונג,Unknown,0.00,Unknown,false,1,13.90,0.0000,true,1,227627
7290000193618,false,מגן תחתון לילי נטורל,Ontex,,מגן תחתון לילי נטורל לייט 62 יח,יחידה,62.00,יחידה,false,1,13.90,0.2242,true,1,227628
7290000193649,false,תחבושות לילי נטורל א,Ontex,,תחבושות לילי נטורל אולטרה סופר 24 יח,יחידה,24.00,יחידה,false,1,13.90,0.5792,true,1,228415
7290000193656,false,תחבושות לילי נטורל א,Ontex,,תחבושות לילי נטורל אולטרה סופר+ 24 יח,יחידה,24.00,יחידה,false,1,13.90,0.5792,true,1,227626
7290000193793,false,תחבושות לילי נטורל א,Ontex,,תחבושות לילי נטורל אולטרה נורמל 24 יח,יחידה,24.00,יחידה,false,1,13.90,0.5792,true,1,228238
7290000194141,false,מכנס גזרתי סופר נייט,,,מכנס גזרתי סופר נייט אקסטרה לארג 15יח,יחידה,15.00,יחידה,false,1,71.90,4.7933,true,1,314018
7290000194288,false,משטח החתלה האגיס לתי,Ontex,BE,האגיס משטחי החתלה,יחידה,1.00,יחידה,false,10,24.90,24.9000,true,1,227696
7290000194837,false,שקיות מזון גדולות עם,קילת,,שקיות מזון גדולות עם ידית קשירה 200יח,יחידה,200.00,יחידה,false,1,12.90,0.0645,true,1,251241
7290000194905,false,מכנס גזרתי סופר נייט,,,מכנס גזרתי סופר נייט מדיום 15יח,יחידה,15.00,יחידה,false,1,71.90,4.7933,true,1,314016
7290000195032,false,מכנס גזרתי סופר נייט,,,מכנס גזרתי סופר נייט לארג 15יח,יחידה,15.00,יחידה,false,1,71.90,4.7933,true,1,314017
7290000195216,false,נייר אפיה נשלף 50יח,אופל,,נייר אפיה נשלף 50יח ניקול,יחידה,50.00,יחידה,false,1,11.90,0.2380,true,1,332642
7290000195537,false,מגבוני האגיס לא מבוש,ווטנאפס,,מגבוני האגיס לא מבושם 64יח מארז רביעייה,יחידה,256.00,יחידה,false,1,22.90,0.0895,true,1,230989
7290000195773,false,מגבוני האגיס נטורל מ,עלבד,,מגבוני האגיס נטורל מילוי רביעיה,יחידה,4.00,יחידה,false,1,22.90,5.7250,true,1,231853
7290000196039,false,זוג מפות ניקול 2 יח,דיספובד,IL,מפות שולחן ניקול NW *2,Unknown,0.00,Unknown,false,1,13.90,0.0000,true,1,227601
7290000196343,false,מפת ניקול מהודרת לשו,דיספובד,IL,ניקול מפת שולחן מהודרת,Unknown,0.00,Unknown,false,1,15.90,0.0000,true,1,229156
7290000196763,false,שקיות אשפה ניקול חזק,אשפלסט,,שקיות אשפה ניקול חזקות 40 יח,יחידה,40.00,יחידה,false,1,17.90,0.4475,true,1,240470
7290000197012,false,שקיות ניקול ריץ רץ 1,קילת,IL,שקית אחסון עם רוכסן,Unknown,0.00,Unknown,false,15,16.90,0.0000,true,1,227272
7290000197029,false,שקיות ניקול ריץ רץ 2,קילת,IL,שקית ענק עם רוכסן,Unknown,0.00,Unknown,false,12,16.90,0.0000,true,1,227273
7290000197081,false,ניילון נצמד 150 מטר,אופל,,ניילון נצמד 150 מטר חסכוני ניקול,מטרים,150.00,מטר,false,1,27.90,0.1860,true,1,231517
7290000197326,false,זוג רדיד אלומיניום ק,אופל,,זוג רדיד אלומיניום קצר 30/7.5 ניקול,מטרים,15.00,מטר,false,1,13.90,0.9267,true,1,226834
7290000197340,false,זוג רדיד אלומיניום א,אופל,IL,רדיד אלומיניום 7.5*45 זוג,מטרים,15.00,מטר,false,2,19.90,1.3267,true,1,228200
7290000197425,false,חיתולי האגיס פרידום,,,חיתולי האגיס פרידום דריי שלב 3 52יח,יחידה,52.00,יחידה,false,1,42.90,0.8250,true,1,304516
7290000197432,false,זוג שקיות אוכל סנדבי,אשפלסט,IL,ניקול סנדויצון זוגות מתכ,יחידה,300.00,יחידה,false,150,16.90,0.0563,true,1,227388
7290000197456,false,חיתולי האגיס פרידום,,IL,חיתולי האגיס פרידום דריי שלב 4 44יח,יחידה,44.00,יחידה,false,1,42.90,0.9750,true,1,266510
7290000197463,false,חיתולי האגיס פרידום,,IL,חיתולי האגיס פרידום דריי שלב 4+ 42יח,יחידה,42.00,יחידה,false,1,42.90,1.0214,true,1,304517
7290000197470,false,"זוג שקיות רב""ש + 50",אשפלסט,IL,ניקול שקיות רבש מתכלות,Unknown,0.00,Unknown,false,83,16.90,0.0000,true,1,227365
7290000197548,false,חיתולי האגיס פרידום,,IL,חיתולי האגיס פרידום דריי שלב 5 38יח,יחידה,38.00,יחידה,false,1,42.90,1.1289,true,1,304518
7290000197654,false,שקיות אשפה ניקול ענק,אשפלסט,,שקיות אשפה ענקיות ניקול 45יח 78/90,יחידה,45.00,יחידה,false,16,20.90,0.4644,true,1,229737
7290000197678,false,חיתולי האגיס פרידום,,IL,חיתולי האגיס פרידום דריי שלב 6 34יח,יחידה,34.00,יחידה,false,1,42.90,1.2618,true,1,304519
7290000197753,false,ניילון נצמד אנטיבקטר,GTC,CN,ניילון נצמד זוג PE,Unknown,0.00,Unknown,false,1,13.90,0.0000,true,1,229698
7290000197876,false,מגשית אלומיניום 26 כ,פאלאס,IL,מגשית 26 אר חיסכון,יחידה,4.00,יחידה,false,1,10.90,2.7250,true,1,230764
7290000197883,false,מגשית אלומיניום 100,פאלאס,IL,מגשית 100 אר חסכון,יחידה,4.00,יחידה,false,4,10.90,2.7250,true,1,230765
7290000197951,false,מגשית אלומיניום 200,פאלאס,IL,מגשית 200 אר חסכון,יחידה,2.00,יחידה,false,2,10.90,5.4500,true,1,230763
7290000197982,false,זוג רדיד אלומיניום ע,אופל,IL,רדיד אלומ.עבה 7.5*45 זוג,מטרים,15.00,מטר,false,2,24.90,1.6600,true,1,229696
7290000197999,false,זוג רדיד אלומיניום 7,אופל,,זוג רדיד אלומיניום 7.5*30 ניקול,מטרים,15.00,מטר,false,1,16.90,1.1267,true,1,229697
7290000199313,false,תחבושות קוטקס יאנג 2,KC Turkey,,תחבושות קוטקס יאנג 28 יח,יחידה,28.00,יחידה,false,1,19.90,0.7107,true,1,234367
7290000201818,false,טיטולים פרימיום שלב,חוגלה קימברלי,,טיטולים פרימיום שלב 2 64 יח,יחידה,64.00,יחידה,false,1,29.90,0.4672,true,1,254808
7290000201832,false,טיטולים פרימיום שלב,חוגלה קימברלי,,טיטולים פרימיום שלב 3 50 יח,יחידה,50.00,יחידה,false,1,29.90,0.5980,true,1,254809
7290000201849,false,טיטולים פרימיום שלב,חוגלה קימברלי,,טיטולים פרימיום שלב 4 42 יח,יחידה,42.00,יחידה,false,1,29.90,0.7119,true,1,254810
7290000201863,false,טיטולים פרימיום שלב,חוגלה קימברלי,,טיטולים פרימיום שלב 5 34 יח,יחידה,34.00,יחידה,false,1,29.90,0.8794,true,1,254812
7290000201870,false,טיטולים פרימיום שלב,חוגלה קימברלי,,טיטולים פרימיום שלב 6 34 יח,יחידה,34.00,יחידה,false,1,29.90,0.8794,true,1,254813
7290000201979,false,מארז 4יח מגבוני האגי,,,מארז 4יח מגבוני האגיס דיסני לא מבושם,יחידה,224.00,יחידה,false,1,22.90,0.1022,true,1,305344
7290000204086,false,סקוטש לכלים ארוך 2+1,UFO,US,סקוטש 2+1 רגיל,יחידה,3.00,יחידה,false,3,13.90,4.6333,true,1,227150
7290000204147,false,כרית יפנית 2ב1 רביעי,פלסטו פוליש,IL,כרית יפנית *4,יחידה,4.00,יחידה,false,2,13.90,3.4750,true,1,233158
7290000204215,false,שישיית כריות יפנית נ,פלסטו פוליש,IL,כריות יפניות 6 במארז,יחידה,6.00,יחידה,false,6,13.90,2.3167,true,1,227787
7290000204239,false,מטליות רצפה ניקול רב,עופרטקס,IL,4 מטליות רצפה ניקול,Unknown,0.00,Unknown,false,4,13.90,0.0000,true,1,227773
7290000204253,false,מטלית רב שימושית ניק,נ.אורים,IL,מטלית רבש ניקול * 9,יחידה,9.00,יחידה,false,9,13.90,1.5444,true,1,227771
7290000204307,false,מטלית רב שימושית ניק,נ.אורים,IL,מטלית רבש בגליל 40 יח,יחידה,40.00,יחידה,false,1,14.90,0.3725,true,1,232096
7290000204512,false,מטליות לחות ניקול לר,,,מטליות לחות ניקול לרצפה לימון,יחידה,10.00,יחידה,false,1,13.90,1.3900,true,1,312776
7290000204611,false,ספוגית הקסם 6 יח ניק,UFO,US,ניקול ספוגית הקסם *6,יחידה,6.00,יחידה,false,16,13.90,2.3167,true,1,230762
7290000205762,false,חיתולי האגיס אקסטרה,חוגלה קימברלי,,חיתולי האגיס אקסטרה קייר מידה 3 48יח,יחידה,48.00,יחידה,false,1,49.90,1.0396,true,1,306852
7290000205915,false,חיתולי האגיס אקסטרה,חוגלה קימברלי,IL,חיתולי האגיס אקסטרה קייר מידה 4 40יח,יחידה,40.00,יחידה,false,3,49.90,1.2475,true,1,306853
7290000207063,false,רסק עגבניות 28% פריכ,זנלכל,,רסק עגבניות 28% פריכוז 260 גר,גרמים,240.00,100 גרם,false,1,4.90,2.0417,true,1,235201
7290000207162,false,רוטב עגבניות 22% יכי,זנלכל,,רוטב עגבניות 22% יכין 100 ג,גרמים,100.00,100 גרם,false,1,2.50,2.5000,true,1,232432
7290000207438,false,עגבניות קוביות במיץ,זנלכל,IL,עגבניות קוביות במיץ 800 גר יכין,גרמים,800.00,100 גרם,false,12,9.90,1.2375,true,1,234895
7290000208008,false,רסק פלפל חריסה א/2 י,זנלכל,,רסק פלפל חריסה א/2 יכין,גרמים,550.00,100 גרם,false,1,9.90,1.8000,true,1,227915
7290000208022,false,עגבניות מרוסקות 800,זנלכל,,עגבניות מרוסקות 800 ג יכין,גרמים,800.00,100 גרם,false,1,9.90,1.2375,true,1,227178
7290000208077,false,אפונה יכין 550 גרם,זנלכל,,אפונה יכין 550 גרם,גרמים,550.00,100 גרם,false,1,8.50,1.5455,true,1,228265
7290000208091,false,אפונה עדינה א/2 יכין,זנלכל,,אפונה עדינה א/2 יכין,גרמים,560.00,100 גרם,false,1,9.90,1.7679,true,1,228268
7290000208114,false,אפונה וגזר א/2 יכין,זנלכל,,אפונה וגזר א/2 יכין,גרמים,550.00,100 גרם,false,1,8.50,1.5455,true,1,228267
7290000208138,false,סירופ דיאט ענבים יכי,זנלכל,IL,סירופ דיאט ענבים יכין 1 לי,ליטרים,1.00,ליטר,false,12,16.90,16.9000,true,1,233374
7290000208145,false,תירס גרעינים לייט יכ,זנלכל,,תירס גרעינים לייט יכין 550 גרם,גרמים,550.00,100 גרם,false,1,9.90,1.8000,true,1,228435
7290000208176,false,תפוח אדמה יכין 550 ג,זנלכל,,תפוח אדמה יכין 550 גר,גרמים,550.00,100 גרם,false,1,9.90,1.8000,true,1,229152
7290000208213,false,שעועית אפויה ברוטב א,זנלכל,IL,שעועית אפויה ברוטב א/2 יכין,גרמים,550.00,100 גרם,false,12,8.90,1.6182,true,1,226579
7290000208220,false,שעועית אפויה ברוטב צ,זנלכל,IL,שעועית אפויה ברוטב צילי א/2 יכין,גרמים,550.00,100 גרם,false,12,9.90,1.8000,true,1,226874
7290000208244,false,רוטב שקשוקה יכין 570,זנלכל,,ברוטב שקשוקה יכין 570 גרם,גרמים,570.00,100 גרם,false,1,9.90,1.7368,true,1,228097
7290000208251,false,שעועית ירוקה א/2 יכי,זנלכל,IL,שעועית ירוקה א/2 יכין,גרמים,550.00,100 גרם,false,12,9.90,1.8000,true,1,226583
7290000208268,false,שעועית צהובה א/2 יכי,זנלכל,IL,שעועית צהובה א/2 יכין,גרמים,550.00,100 גרם,false,12,9.90,1.8000,true,1,226588
7290000208312,false,תירס גרעינים ואקום 4,זנלכל,,תירס גרעינים ואקום 340 גר יכין,גרמים,400.00,100 גרם,false,1,6.90,1.7250,true,1,228428
7290000208329,false,תירס גרעינים מתוק יכ,זנלכל,,תירס גרעינים מתוק יכין 550 גרם,גרמים,550.00,100 גרם,false,1,8.90,1.6182,true,1,228426
7290000208336,false,רוטב עגבניות 22% יכי,זנלכל,,רוטב עגבניות 22% יכין 260 גרם,גרמים,240.00,100 גרם,false,1,3.90,1.6250,true,1,232512
7290000208343,false,עגבניות מרוסקות שום,זנלכל,,עגבניות מרוסקות שום 800 ג יכין,גרמים,800.00,100 גרם,false,1,9.90,1.2375,true,1,238435
7290000208350,false,עגבניות מרוסקות בצל,זנלכל,,עגבניות מרוסקות בצל 800 ג יכין,גרמים,800.00,100 גרם,false,1,9.90,1.2375,true,1,253097
7290000208367,false,עגבניות מרוסקות בזיל,זנלכל,,עגבניות מרוסקות בזיליקום 800 ג יכין,גרמים,800.00,100 גרם,false,1,9.90,1.2375,true,1,233373
7290000208404,false,פול מצרי א/2 יכין,זנלכל,IL,פול מצרי א/2 יכין,גרמים,550.00,100 גרם,false,12,8.90,1.6182,true,1,227005
7290000208428,false,חומוס גרעינים א/2 יכ,זנלכל,IL,חומוס גרעינים א/2 יכין,גרמים,550.00,100 גרם,false,12,8.90,1.6182,true,1,227833
7290000208459,false,לקט ירקות יכין 550 ג,זנלכל,,לקט ירקות יכין 550 גרם,גרמים,550.00,100 גרם,false,1,9.90,1.8000,true,1,250374
7290000208800,false,תירס ואקום קיד400 ג,זנלכל,,תירס ואקום קיד 340 גר יכין,גרמים,400.00,100 גרם,false,1,6.90,1.7250,true,1,238437
7290000208855,false,רוטב פסטה יכין 240 ג,זנלכל,,רוטב פסטה יכין 260 גר,גרמים,240.00,100 גרם,false,1,5.50,2.2917,true,1,238444
7290000208893,false,תירס גרעינים ואקום ל,זנלכל,,תירס גרעינים ואקום לייט 340 גר יכין,גרמים,400.00,100 גרם,false,1,6.90,1.7250,true,1,238438
7290000208930,false,עגבניות מרוסקות עם ש,זנלכל,,עגבניות מרוסקות עם שום 260 גר,גרמים,240.00,100 גרם,false,1,4.90,2.0417,true,1,238441
7290000208947,false,עגבניות מרוסקות יכין,זנלכל,,עגבניות מרוסקות 260 גר,גרמים,240.00,100 גרם,false,1,4.90,2.0417,true,1,238439
7290000209012,false,חומץ 5% יכין 1 ליטר,זנלכל,,חומץ 5% יכין 1 ליטר,ליטרים,1.00,ליטר,false,1,6.90,6.9000,true,1,227839
7290000209043,false,רוטב לימון יכין 1 לי,זנלכל,,רוטב לימון יכין 1 ליטר,ליטרים,1.00,ליטר,false,1,6.90,6.9000,true,1,227629
7290000209173,false,חומץ אצטית 5% יכין 1,זנלכל,,חומץ אצטית 5% יכין 1 ליטר,ליטרים,1.00,ליטר,false,1,4.90,4.9000,true,1,227841
7290000209371,false,תירס גרעינים שלישייה,קסקמט,,תירס גרעינים שלישייה 165 גרם,גרמים,495.00,100 גרם,false,1,14.90,3.0101,true,1,254462
7290000209388,false,תירס גרעינים לייט של,קסקמט,,תירס גרעינים לייט שלישייה 165 גרם,גרמים,495.00,100 גרם,false,1,14.90,3.0101,true,1,254463
7290000209517,false,סירופ דיאט לימון יכי,זנלכל,IL,סירופ דיאט לימון יכין 1 לי,ליטרים,1.00,ליטר,false,12,16.90,16.9000,true,1,227330
7290000209524,false,סירופ דיאט פטל יכין,זנלכל,IL,סירופ דיאט פטל יכין 1 לי,ליטרים,1.00,ליטר,false,12,16.90,16.9000,true,1,227332
7290000209531,false,סירופ דיאט אשכליות י,זנלכל,IL,סירופ דיאט אשכליות יכין 1 לי,ליטרים,1.00,ליטר,false,12,16.90,16.9000,true,1,227329
7290000209555,false,סירופ דיאט תפוחי עץ,זנלכל,IL,סירופ דיאט תפוחי עץ יכין 1 לי,ליטרים,1.00,ליטר,false,12,16.90,16.9000,true,1,227334
7290000209579,false,סירופ דיאט אננס יכין,זנלכל,IL,סירופ דיאט אננס יכין 1 לי,ליטרים,1.00,ליטר,false,12,16.90,16.9000,true,1,227328
7290000209708,false,עגבניות מרוסקות עם ב,זנלכל,,עגבניות מרוסקות עם בזיליקום 260 גר,גרמים,240.00,100 גרם,false,1,4.90,2.0417,true,1,238442
7290000209715,false,רסק עגבניות 22% יכין,זנלכל,IL,רסק עגבניות 22% יכין א/2,גרמים,570.00,100 גרם,false,12,6.50,1.1404,true,1,238434
7290000209722,false,פריכוז 28%/30% יכין,זנלכל,,פריכוז 28%/30% יכין 580 גרם,גרמים,580.00,100 גרם,false,1,10.90,1.8793,true,1,226656
7290000209906,false,עגבניות מרוסקות עם ב,זנלכל,,עגבניות מרוסקות עם בצל 260 גר,גרמים,240.00,100 גרם,false,1,4.90,2.0417,true,1,238443
7290000209913,false,עגבניות קוביות יכין,זנלכל,,עגבניות קוביות יכין 260 גר,גרמים,240.00,100 גרם,false,1,4.90,2.0417,true,1,238440
7290000209944,false,בסיס לשקשוקה יכין240,זנלכל,,בסיס לשקשוקה יכין 260 גר,גרמים,240.00,100 גרם,false,1,4.90,2.0417,true,1,238445
7290000209951,false,רוטב לפיצה יכין 240,זנלכל,,רוטב לפיצה כין 260 גר,גרמים,240.00,100 גרם,false,1,4.90,2.0417,true,1,238447
7290000209968,false,רוטב ללזניה כין 240,זנלכל,,רוטב ללזניה כין 260 גר,גרמים,240.00,100 גרם,false,1,4.90,2.0417,true,1,238446
7290000210469,false,עגבניות מקולפות שלמו,זנלכל,IL,עגבניות מקולפות שלמות 800 ג יכין,גרמים,800.00,100 גרם,false,12,9.90,1.2375,true,1,238436
7290000210896,false,רוטב פסטה בולונז יכי,זנלכל,,רוטב פסטה בולונז יכין 260 גר,גרמים,240.00,100 גרם,false,1,4.90,2.0417,true,1,238541
7290000211169,false,אורז תאילנדי סוגת 1,סוגת תעשיות בעמ,IL,אורז תאילנדי 1 קג,קילוגרמים,1.00,"ק""ג",false,12,6.90,6.9000,true,1,229786
7290000211312,false,אורז מלא ארוך 1 קג ס,סוגת תעשיות בעמ,,אורז מלא ארוך 1 קג סוגת,קילוגרמים,1.00,"ק""ג",false,1,10.90,10.9000,true,1,228222
7290000211374,false,קמח מלא 1 קג סוגת,טחנת קמח דגן-שטיבל,,קמח מלא 1 קג סוגת,קילוגרמים,1.00,"ק""ג",false,1,6.90,6.9000,true,1,226739
7290000211381,false,סוכר חום בקרטון 1 קג,"טונגט היולט שוגר בע""",ZA,סוכר חום 1 קג בקרטון,קילוגרמים,1.00,"ק""ג",false,12,14.90,14.9000,true,1,227285
7290000211442,false,אורז פרסי סוגת 1 קג,סוגת תעשיות בעמ,,אורז אחד אחד פרסי 1 קג,קילוגרמים,1.00,"ק""ג",false,1,10.90,10.9000,true,1,228219
7290000211503,false,סוכר 1 קג סוגת,סוגת תעשיות בעמ,IL,סוכר לבן 1 קג (10 יח),קילוגרמים,1.00,"ק""ג",false,10,4.90,4.9000,true,1,227281
7290000211626,false,אורז חיש סוגת 1 קג,סוגת תעשיות בעמ,IL,אורז חיש 1 קג,קילוגרמים,1.00,"ק""ג",false,12,12.90,12.9000,true,1,229785
7290000211985,false,אורז עגול 1 קג סוגת,סוגת תעשיות בעמ,,אורז ריזוטו עגול 1 קג סוגת,קילוגרמים,1.00,"ק""ג",false,1,10.90,10.9000,true,1,228223
7290000218502,false,שעועית לחמין א/2 פרי,,,שעועית לחמין א/2 פרי גליל,גרמים,668.00,100 גרם,false,1,8.90,1.3323,true,1,314333
7290000238029,false,בצק עלים מרודד 1 קג,,,בצק עלים מרודד 1 קג,גרמים,1000.00,100 גרם,false,1,15.90,1.5900,true,1,228100
7290000238036,false,מלווח עגול 700 גרם,,,מלווח עגול 700 גרם,גרמים,700.00,100 גרם,false,1,17.00,2.4286,true,1,227534
7290000238173,false,בורקס גבינה 800 גרם,,,בורקס גבינה 800 גרם,גרמים,800.00,100 גרם,false,1,22.90,2.8625,true,1,228326
7290000238180,false,בורקס תפוח אדמה 800,,,בורקס תפוח אדמה 800 גרם,גרמים,800.00,100 גרם,false,1,22.90,2.8625,true,1,228334
7290000244051,false,סבון נוזלי הוואי שלי,הנקל סוד,IL,סבון נוזלי הוואי שלישיה אדום,ליטרים,1.50,ליטר,false,6,15.90,10.6000,true,1,231882
7290000244082,false,סבון נוזלי הוואי שלי,הנקל סוד,IL,סבון נוזלי הוואי שלישיה סגול,ליטרים,1.50,ליטר,false,6,15.90,10.6000,true,1,231881
7290000244143,false,קרם לאחר גילוח הווא,טרופיקל דגיל,IL,הוואי קרם לאחר גילוח 120 מל,מיליליטרים,120.00,"100 מ""ל",false,12,15.90,13.2500,true,1,229771
7290000244280,false,משחת גילוח 80 ג מקצי,טרופיקל דגיל,IL,משחת גילוח 80 ג מקציפה,Unknown,0.00,Unknown,false,25,9.90,0.0000,true,1,315819
7290000244631,false,קרם ענוגה גליצרין 80,טרופיקל דגיל,IL,קרם ענוגה גליצרין 80 ג,גרמים,80.00,100 גרם,false,24,7.90,9.8750,true,1,315820
7290000245072,false,מרכך כביסה סוד סופט,,,מרכך כביסה סוד סופט 4 ל בייבי,ליטרים,4.00,ליטר,false,1,18.90,4.7250,true,1,230711
7290000245089,false,מרכך כביסה סוד סופט,,,מרכך כביסה סוד סופט 4 ל לבן,ליטרים,4.00,ליטר,false,1,18.90,4.7250,true,1,227299
7290000245157,false,מרכך כביסה סוד סופט,,,מרכך כביסה סוד סופט 4 ל סנסיישין,ליטרים,4.00,ליטר,false,1,18.90,4.7250,true,1,230931
7290000245270,false,פרסיל סופרה ירוק 1.2,,,פרסיל סופרה ירוק 1.25 קג,קילוגרמים,1.25,"ק""ג",false,1,15.90,12.7200,true,1,230325
7290000245287,false,א.כביסה פרסיל קולור,,,א.כביסה פרסיל קולור 1.25 קג בשקית,קילוגרמים,1.25,"ק""ג",false,1,15.90,12.7200,true,1,230326
7290000245294,false,א.כביסה פרסיל סופרא,,,א.כביסה פרסיל סופרא 2.5 קג שקית,קילוגרמים,2.50,"ק""ג",false,1,19.90,7.9600,true,1,233450
7290000245782,false,מרכך כביסה סוד סופט,,,מרכך כביסה סוד סופט 4 ל ורוד,ליטרים,4.00,ליטר,false,1,18.90,4.7250,true,1,227296
7290000245799,false,מרכך כביסה סוד סופט,,,מרכך כביסה סוד סופט 4 ל תכלת,ליטרים,4.00,ליטר,false,1,18.90,4.7250,true,1,227298
7290000253220,false,שוקולד ציפס לאפיה 26,,IL,שוקולד ציפס לאפיה 260 גר אופנהיימר,גרמים,260.00,100 גרם,false,1,12.90,4.9615,true,1,226702
7290000253251,false,שוקולד ציפס לבן לאפי,,IL,שוקולד ציפס לבן לאפיה 250 גר אופנהיימר,גרמים,250.00,100 גרם,false,1,12.90,5.1600,true,1,230297
7290000253374,false,שוקולד ציפס לאפיה66%,,IL,שוקולד ציפס לאפיה66%מוצקי קקאו 250 גרם,גרמים,250.00,100 גרם,false,20,14.90,5.9600,true,1,338100
7290000253411,false,סוכריות לקישוט צבעונ,,IL,סוכריות לקישות צבעוני 80 גרם,Unknown,0.00,Unknown,false,12,4.90,0.0000,true,1,328695
7290000253459,false,נטיפי ציפס טעם קרמל,,IL,נטיפי ציפס טעם קרמל אופנהיימר 250 גרם,גרמים,300.00,100 גרם,false,1,12.90,4.3000,true,1,333822
7290000253572,false,סוכריות לקישות חום 8,,IL,סוכריות לקישות חום 80 גרם,Unknown,0.00,Unknown,false,12,4.90,0.0000,true,1,328694
7290000253800,false,סוכריות לקישות צבעים,,IL,סוכריות לקישות צבעים טבעיים 90 גרם,Unknown,0.00,Unknown,false,12,8.50,0.0000,true,1,328696
7290000260853,false,משקה קל ספרינג מנגו,יפאורה,IL,משקה קל ספרינג מנגו 1.5 ל,ליטרים,1.50,ליטר,false,12,8.60,5.7333,true,1,229831
7290000260860,false,משקה קל ספרינג אפרסק,יפאורה,IL,משקה קל ספרינג אפרסק 1.5 ל,ליטרים,1.50,ליטר,false,12,8.60,5.7333,true,1,229833
7290000260969,false,משקה קל ספרינג דיאט,יפאורה,,משקה קל ספרינג דיאט אשכליות 1.5 ל,ליטרים,1.50,ליטר,false,1,8.20,5.4667,true,1,229834
7290000262031,false,נייר טואלט מולט לב א,חוגלה קימברלי,,נייר טואלט מולט לב אדום 32 יח,יחידה,32.00,יחידה,false,1,26.90,0.8406,true,1,331795
7290000262161,false,נייר טואלט מולט לב א,חוגלה קימברלי,,נייר טואלט מולט לב אדום 40 יח חורף,יחידה,40.00,יחידה,false,1,37.90,0.9475,true,1,252408
7290000262239,false,נייר טואלט מולט לב א,חוגלה קימברלי,,נייר טואלט מולט לב אדום 48 יח,יחידה,48.00,יחידה,false,1,42.90,0.8937,true,1,232405
7290000263359,false,חיתולי האגיס ליטל בי,KC טורקיה,,חיתולי האגיס ליטל בייביס מידה 1 עד 6קג,יחידה,40.00,יחידה,false,1,29.90,0.7475,true,1,238657
7290000267012,false,שקד מולבן שלם 100 גר,"דין שיווק וקלייה בע""",,שקד מולבן שלם 100 גרם,גרמים,100.00,100 גרם,false,1,11.90,11.9000,true,1,226604
7290000267029,false,שקד מולבן חצוי 100 ג,"דין שיווק וקלייה בע""",,שקד מולבן חצוי 100 גרם,גרמים,100.00,100 גרם,false,1,11.90,11.9000,true,1,226601
7290000267036,false,שקד מולבן משובב 100,"דין שיווק וקלייה בע""",,שקד מולבן משובב 100 גרם,גרמים,100.00,100 גרם,false,1,11.90,11.9000,true,1,226602
7290000267043,false,שקד מולבן פרוס 100 ג,"דין שיווק וקלייה בע""",,שקד מולבן פרוס 100 גרם,גרמים,100.00,100 גרם,false,1,11.90,11.9000,true,1,226603
7290000267050,false,שקד טבעי טחון 100 גר,"דין שיווק וקלייה בע""",,שקד טבעי טחון 100 גרם,גרמים,100.00,100 גרם,false,1,11.90,11.9000,true,1,226599
7290000267500,false,בונבוניירה קליפות הד,"דין שיווק וקלייה בע""",IL,קליפות הדר מצופות בשוקולד 200 .ש.,גרמים,200.00,100 גרם,false,24,11.50,5.7500,true,1,234971
7290000267555,false,בוטן גרוס טבעי 100 ג,"דין שיווק וקלייה בע""",,בוטן טחון 100 גר,גרמים,100.00,100 גרם,false,1,5.30,5.3000,true,1,234363
7290000267586,false,גרעיני חמניה מקולפים,"דין שיווק וקלייה בע""",US,חמניות קלופות 150 גרם,גרמים,150.00,100 גרם,false,12,5.90,3.9333,true,1,234365
7290000267678,false,גרעיני דלעת מקולפים,"דין שיווק וקלייה בע""",US,דלעת מקולפת 150 גרם,גרמים,150.00,100 גרם,false,12,8.90,5.9333,true,1,234364
7290000272443,false,סירופ דיאט תפוז 1 ל,בית השיטה,,סירופ דיאט תפוז 1 ל צבעים טבעיים,ליטרים,1.00,ליטר,false,1,17.90,17.9000,true,1,227348
7290000272467,false,סירופ דיאט פטל 1 ל,בית השיטה,IL,סירופ דיאט פטל 1 ל צבעים טבעיים,ליטרים,1.00,ליטר,false,12,17.90,17.9000,true,1,227346
7290000272696,false,עסיס מיץ לימון משומר,בית השיטה,IL,עסיס מיץ לימון משומר 1 ליטר,ליטרים,1.00,ליטר,false,12,10.90,10.9000,true,1,227237
7290000272726,false,חומץ טבעי 5% עסיס 1,בית השיטה,,חומץ טבעי 5% עסיס 1 לי,ליטרים,1.00,ליטר,false,1,6.90,6.9000,true,1,227236
7290000274058,false,מקלות חמאה,,,מקלות חמאה,קילוגרמים,1.00,"ק""ג",true,,36.90,36.9000,true,1,322706
7290000286297,false,מסיר אבן מקומקום סנו,,,מסיר אבן מקומקום סנו אנטיקאלק 700 מל,מיליליטרים,700.00,"100 מ""ל",false,1,9.90,1.4143,true,1,227402
7290000286877,false,סנו רב מתכת,,,סנו רב מתכת,מיליליטרים,370.00,"100 מ""ל",false,1,25.90,7.0000,true,1,227118
7290000286921,false,סנוקל רסס כבס 750 מל,סנו,,סנוקל רסס כבס 750 מל,מיליליטרים,750.00,"100 מ""ל",false,1,14.90,1.9867,true,1,229533
7290000286945,false,סנו רהיט נוזל+אקדח,,,סנו רהיט נוזל+אקדח,מיליליטרים,500.00,"100 מ""ל",false,1,26.90,5.3800,true,1,227119
7290000287102,false,שמפו לניקוי שטיחים ס,,,שמפו לניקוי שטיחים סנו 540 מל,מיליליטרים,540.00,"100 מ""ל",false,1,21.90,4.0556,true,1,227121
7290000287195,false,ספריי לניקוי רהיטים,,,ספריי לניקוי רהיטים סנו רהיט 230 גר,מיליליטרים,230.00,"100 מ""ל",false,1,14.90,6.4783,true,1,227120
7290000287409,false,סבון אסלה סנובון שלי,,,סבון אסלה סנובון שלישיה תות,יחידה,3.00,יחידה,false,1,11.90,3.9667,true,1,227125
7290000287430,false,סבון אסלה סנובון שלי,,,סבון אסלה סנובון שלישיה לימון,יחידה,3.00,יחידה,false,1,11.90,3.9667,true,1,232122
7290000287621,false,נוזל אסלה סנו אנטי,,,נוזל אסלה סנו אנטי קאלק 750 מל,מיליליטרים,750.00,"100 מ""ל",false,1,10.90,1.4533,true,1,230001
7290000288000,false,סנו ארון פרש קלאסיק,,,סנו ארון פרש קלאסיק,Unknown,0.00,Unknown,false,1,22.90,0.0000,true,1,228289
7290000288024,false,נוזל סנו זאול לימון,,,נוזל סנו זאול לימון 4 ליטר,ליטרים,4.00,ליטר,false,1,16.90,4.2250,true,1,226511
7290000288048,false,סנו זאול מרסס מונבלא,,,סנו זאול מרסס מונבלאן 1 ליטר,ליטרים,1.00,ליטר,false,1,18.90,18.9000,true,1,227395
7290000288079,false,סנו זאוול לימון 2 לי,,,סנו זאוול לימון 2 ליטר,ליטרים,2.00,ליטר,false,1,9.90,4.9500,true,1,228051
7290000288086,false,אבקת ניקוי סנו זאוול,,,אבקת ניקוי סנו זאוול מילוי,גרמים,600.00,100 גרם,false,1,11.90,1.9833,true,1,229532
7290000288659,false,דוחה יתושים סנו די,,,דוחה יתושים סנו די גונגל 50מל,מיליליטרים,50.00,"100 מ""ל",false,1,17.90,35.8000,true,1,322997
7290000288727,false,אב.כביסה מקסימה מאסק,,,אב.כביסה מקסימה מאסק 1.25 קג,קילוגרמים,1.25,"ק""ג",false,1,13.90,11.1200,true,1,226614
7290000289069,false,סנו זאוול מרסס לימון,,,סנו זאוול מרסס לימון 1 ליטר,ליטרים,1.00,ליטר,false,1,18.90,18.9000,true,1,227394
7290000289236,false,סנו קיי 3 נמלים,סנו,IL,סנו קיי 3 נמלים,יחידה,1.00,יחידה,false,6,54.90,54.9000,true,1,332162
7290000289472,false,סנו סושי שקיות 90*76,,,סנו סושי שקיות 90*76 מרשרש 50 יח,יחידה,50.00,יחידה,false,1,22.90,0.4580,true,1,226826
7290000289496,false,סנו זאוול גל קרם לימ,,,סנו זאוול גל קרם לימון 750 מל,מיליליטרים,750.00,"100 מ""ל",false,1,12.90,1.7200,true,1,230008
7290000289595,false,מש.שיניים אורביטול י,,,מש.שיניים אורביטול ילדים תות,גרמים,145.00,100 גרם,false,1,8.90,6.1379,true,1,230052
7290000289601,false,סנו זאוול לבנדר 2 לי,,,סנו זאוול לבנדר 2 ליטר,ליטרים,2.00,ליטר,false,1,9.90,4.9500,true,1,227392
7290000291932,false,סנובון נוזלי בניחוח,,,סנובון נוזלי בניחוח לבנדר 750 מל,מיליליטרים,750.00,"100 מ""ל",false,1,10.90,1.4533,true,1,227123
7290000291956,false,סנו זאוול לבנדר 1 לי,,,סנו זאוול לבנדר 1 ליטר,ליטרים,1.00,ליטר,false,1,8.90,8.9000,true,1,227391
7290000292007,false,סנו קיי 3 פיתיון גל,סנו,IL,סנו קיי 3 פיתיון גל במזרק קוטל תיקנים,Unknown,0.00,Unknown,false,12,54.90,0.0000,true,1,326180
7290000292502,false,קוטל נמלים קיי 800 ב,,,קוטל נמלים קיי 800 בניחוח לבנדר 300מל,מיליליטרים,300.00,"100 מ""ל",false,12,19.90,6.6333,true,1,323503
7290000292557,false,סנומט נוזל מילוי 45,,,סנומט נוזל מילוי 45 לילות,יחידה,45.00,יחידה,false,1,18.90,0.4200,true,1,227130
7290000292564,false,קיי 2000 מיקרו קפסול,,,קיי 2000 מיקרו קפסולרי,מיליליטרים,750.00,"100 מ""ל",false,1,29.90,3.9867,true,1,228346
7290000292687,false,סבון אסלה סנובון כחו,,,סבון אסלה סנובון כחול שלישיה,יחידה,3.00,יחידה,false,1,14.90,4.9667,true,1,227122
7290000293820,false,גל רחצה קרמה אקטיב ב,,,גל רחצה קרמה אקטיב בלוק 700 מל,מיליליטרים,700.00,"100 מ""ל",false,1,16.90,2.4143,true,1,324784
7290000295367,false,אב.כביסה מקסימה אפקט,סנו,IL,אב.כביסה מקסימה אפקט זאוול 2.5 קג,קילוגרמים,2.50,"ק""ג",false,1,26.90,10.7600,true,1,307678
7290000295404,false,שקית אשפה 60 יח סנו,,,שקית אשפה 60 יח סנו סושי 50/70,יחידה,60.00,יחידה,false,1,21.90,0.3650,true,1,229985
7290000295558,false,זוג רדיד אלומיניום ק,סנו,IL,זוג רדיד אלומיניום קצר 30*7.5 סנו סושי,יחידה,2.00,יחידה,false,1,12.90,6.4500,true,1,230043
7290000300900,false,שניצל תירס טבעול 750,טבעול ישראל,,שניצל תירס טבעול 750 גר,גרמים,750.00,100 גרם,false,1,29.90,3.9867,true,1,226575
7290000301778,false,חטיפי כרובית בציפוי,טבעול ישראל,IL,חטיפי כרובית בציפוי פריך טבעול 500 גר,גרמים,500.00,100 גרם,false,6,29.90,5.9800,true,1,227784
7290000303598,false,שעועית לבנה אפויה במ,,,שעועית לבנה אפויה במיץ עגב א/2 פרי גליל,גרמים,550.00,100 גרם,false,1,6.90,1.2545,true,1,226580
7290000303604,false,חומוס גרגירים שלם א/,,,חומוס גרגירים שלם א/32 פרי גליל,גרמים,640.00,100 גרם,false,1,6.90,1.0781,true,1,227832
7290000307015,false,אפונה גינת בינונית א,,,אפונה גינת בינונית א/2 פרי גליל,גרמים,640.00,100 גרם,false,1,6.90,1.0781,true,1,228270
7290000307237,false,תירס גרעינים מתוק א/,,,תירס גרעינים מתוק א/2 פרי גליל,גרמים,580.00,100 גרם,false,1,7.90,1.3621,true,1,227957
7290000307343,false,שעועית ירוקה חתוכה א,,,שעועית ירוקה חתוכה א/2 פרי גליל,גרמים,680.00,100 גרם,false,1,7.50,1.1029,true,1,226582
7290000311128,false,עוגיות מן טעם חמאה 3,רוקחמן,,עוגיות מן טעם חמאה 300 גר,גרמים,300.00,100 גרם,false,1,7.90,2.6333,true,1,247447
7290000311203,false,וופל שוקו מן 200 גר,רוקחמן,IL,וופל שוקו 200גרם מן,גרמים,200.00,100 גרם,false,12,5.50,2.7500,true,1,233350
7290000311210,false,וופל לימון מן 200 גר,רוקחמן,IL,וופל לימון 200גרם מן,גרמים,200.00,100 גרם,false,12,5.50,2.7500,true,1,253490
7290000311227,false,וופל קפה מן 200 גר,רוקחמן,IL,וופל בטעם קפה 200גרם מן,גרמים,200.00,100 גרם,false,12,5.50,2.7500,true,1,253488
7290000311708,false,עוגיות מן חיטה מלאה,רוקחמן,IL,עוגיות חיטה מלאה 300גרם מן,גרמים,300.00,100 גרם,false,12,7.90,2.6333,true,1,233352
7290000311715,false,עוגיות מן טעם שוקו 3,רוקחמן,IL,עוגיות בטעם שוקו 300גרם מן,גרמים,300.00,100 גרם,false,12,7.90,2.6333,true,1,233353
7290000311722,false,עוגיות מן כוכבים 300,רוקחמן,IL,עוגיות כוכבים 300גרם מן,גרמים,300.00,100 גרם,false,12,7.90,2.6333,true,1,247449
7290000311869,false,וופל מן שוקולד ללא ס,,,וופל מן שוקולד ללא סוכר 180 גרם,גרמים,180.00,100 גרם,false,1,8.90,4.9444,true,1,311706
7290000311876,false,וופל מן וניל ללא סוכ,,,וופל מן וניל ללא סוכר 180 גרם,גרמים,180.00,100 גרם,false,1,8.90,4.9444,true,1,311707
7290000311890,false,וופל מן לימון ללא סו,,,וופל מן לימון ללא סוכר 180 גרם,גרמים,180.00,100 גרם,false,1,8.90,4.9444,true,1,347178
7290000313160,false,עוגיות זהבה ושלושת ה,"אסם תעשיות בע""מ",,עוגיות זהבה ושלושת הדובים שוקולד 250 ג,גרמים,250.00,100 גרם,false,1,8.60,3.4400,true,1,228959
7290000313290,false,אטריות נודלס מסולסלו,טאי רזידנט,,נודלס אסם אטריות מסולסלות 200 ג,גרמים,200.00,100 גרם,false,1,10.90,5.4500,true,1,228796
7290000315126,false,ציר עוף קנור 300 גרם,יוניליוור,,ציר עוף קנור 300 גרם,גרמים,300.00,100 גרם,false,1,25.90,8.6333,true,1,232930
7290000315133,false,ציר בקר קנור 300 גרם,יוניליוור,,ציר בקר קנור 300 גרם,גרמים,300.00,100 גרם,false,1,25.90,8.6333,true,1,232931
7290000318004,false,פסטרמה מעושנת בציפוי,,,פסטרמה מעושנת בציפוי שומן אווז במשקל,קילוגרמים,1.00,"ק""ג",true,,121.00,121.0000,true,1,231064
7290000318011,false,נקניקיות ענקיות 1 קג,,,נקניקיות ענקיות 1 קג,קילוגרמים,1.00,"ק""ג",false,,29.90,29.9000,true,1,318123
7290000318103,false,פסטרמה ברביקיו במשקל,,,פסטרמה ברביקיו במשקל,קילוגרמים,1.00,"ק""ג",true,,69.00,69.0000,true,1,231047
7290000318127,false,נקניקיות ביס 380 גרם,,,נקניקיות ביס 380 גרם,גרמים,380.00,100 גרם,false,1,11.90,3.1316,true,1,231107
7290000318165,false,פסטרמה צלויה על גחלי,,,פסטרמה צלויה על גחלים במשקל,קילוגרמים,1.00,"ק""ג",true,,69.00,69.0000,true,1,231056
7290000318288,false,פסטרמה חזה הודו בדבש,,,פסטרמה חזה הודו בדבש במשקל,קילוגרמים,1.00,"ק""ג",true,,69.00,69.0000,true,1,232374
7290000318349,false,פסטרמה בסגנון איטלקי,מעדני יחיעם,,פסטרמה בסגנון איטלקי במשקל,קילוגרמים,1.00,"ק""ג",true,,69.00,69.0000,true,1,310568
7290000318363,false,פסטרמה ברביקיו לבגט,מעדני יחיעם,IL,פסטרמה ברביקיו לבגט במשקל,קילוגרמים,1.00,"ק""ג",true,,69.00,69.0000,true,1,314136
7290000318387,false,פסטרמה חזה הודו על ה,,,פסטרמה חזה הודו על האש במשקל,קילוגרמים,1.00,"ק""ג",true,,69.00,69.0000,true,1,234056
7290000318493,false,כתף בקר מפולפל במשקל,,,כתף בקר מפולפל במשקל,קילוגרמים,1.00,"ק""ג",true,,119.00,119.0000,true,1,234312
7290000318530,false,רוסטביף צלי בקר במשק,,,רוסטביף צלי בקר במשקל,קילוגרמים,1.00,"ק""ג",true,,119.00,119.0000,true,1,231073
7290000318707,false,נקניק סלמי מעושן יח,,,נקניק סלמי מעושן יח,גרמים,500.00,100 גרם,false,1,29.90,5.9800,true,1,231088
7290000318806,false,סלמי סרוולט במשקל,,,סלמי סרוולט במשקל,קילוגרמים,1.00,"ק""ג",true,,169.00,169.0000,true,1,231079
7290000318837,false,קורנדביף בקר במשקל,,,קורנדביף בקר במשקל,קילוגרמים,1.00,"ק""ג",true,,119.00,119.0000,true,1,231072
7290000318851,false,סלמי קוניאק במשקל,,,סלמי קוניאק במשקל,קילוגרמים,1.00,"ק""ג",true,,89.00,89.0000,true,1,231074
7290000318868,false,סלמי פפרוני במשקל,,,סלמי פפרוני במשקל,קילוגרמים,1.00,"ק""ג",true,,79.00,79.0000,true,1,231075
7290000318882,false,סלמי מעושן איטלקי במ,,,סלמי מעושן איטלקי במשקל,קילוגרמים,1.00,"ק""ג",true,,69.00,69.0000,true,1,231078
7290000318899,false,סלמי פיין במשקל,,,סלמי פיין במשקל,קילוגרמים,1.00,"ק""ג",true,,45.00,45.0000,true,1,231076
7290000318929,false,סלמי צרפתי במשקל,,,סלמי צרפתי במשקל,קילוגרמים,1.00,"ק""ג",true,,169.00,169.0000,true,1,231080
7290000319049,false,פסטרמה מעודנת בפפריק,,,פסטרמה מעודנת בפפריקה במשקל,קילוגרמים,1.00,"ק""ג",true,,49.00,49.0000,true,1,236053
7290000319063,false,כתף בקר מעושן בציפוי,מעדני יחיעם,IL,כתף בקר מעושן בציפוי פלפל 150 גרם,גרמים,150.00,100 גרם,false,1,25.90,17.2667,true,1,322037
7290000319131,false,נקניקיות עוף 400 גרם,,,נקניקיות עוף 400 גרם יחיעם,גרמים,400.00,100 גרם,false,1,11.90,2.9750,true,1,231110
7290000319339,false,סלמי פרח במשקל,,,סלמי פרח במשקל,קילוגרמים,1.00,"ק""ג",true,,89.00,89.0000,true,1,244785
7290000319704,false,כתף בקר מעושן במשקל,,,כתף בקר מעושן במשקל,קילוגרמים,1.00,"ק""ג",true,,109.00,109.0000,true,1,231071
7290000319728,false,סלמי איטלקי מפולפל ב,,,סלמי איטלקי מפולפל במשקל,קילוגרמים,1.00,"ק""ג",true,,86.00,86.0000,true,1,231077
7290000319759,false,נקניק סלמי תה מעדניי,,,נקניק סלמי תה מעדנייה במשקל,קילוגרמים,1.00,"ק""ג",true,,45.00,45.0000,true,1,251682
7290000319841,false,פסטרמה מהמעשנה במשקל,,,פסטרמה מהמעשנה במשקל,קילוגרמים,1.00,"ק""ג",true,,69.00,69.0000,true,1,346135
7290000319971,false,פסטרמה צלעות בקר על,,,צלעות בקר על האש במשקל,קילוגרמים,1.00,"ק""ג",true,,129.00,129.0000,true,1,246022
7290000327037,false,מארז שישיית מירנדה פ,,,מארז שישיית מירנדה פחיות 330מל פקדון,מיליליטרים,1980.00,"100 מ""ל",false,4,18.90,0.9545,true,1,344492
7290000334684,false,טבעות בצל תפוגן 700,תפוגן,,טבעות בצל תפוגן 700 גר,גרמים,700.00,100 גרם,false,1,17.90,2.5571,true,1,227918
7290000334745,false,תפוגן אמריקן ציפס 1.,תפוגן,,תפוגן אמריקן ציפס 1.5 קג,קילוגרמים,1.50,"ק""ג",false,1,24.90,16.6000,true,1,228249
7290000336053,false,תרכיז תפוחים סיידר ט,,,סיידר 330 מל תרכיז תפוחים טבעי בק,מיליליטרים,330.00,"100 מ""ל",false,1,15.90,4.8182,true,1,226559
7290000339191,false,רן הלבנה 350 גרם,זוהר דליה,IL,רן הלבנה 0.35קג,גרמים,350.00,100 גרם,false,12,21.90,6.2571,true,1,226653
7290000339566,false,מרכך בדין 4 ליטר ורו,יוניליוור,,מרכך בדין 4 ליטר ורוד,ליטרים,4.00,ליטר,false,1,22.90,5.7250,true,1,227375
7290000339849,false,משחת כלים סיף סמדר 3,יוניליוור,IL,משחה סמדר 3.5קג זוהר,קילוגרמים,3.50,"ק""ג",false,1,33.90,9.6857,true,1,231487
7290000339887,false,משחת כלים סיף לימון,יוניליוור,IL,משחה לימון 3.5קג זוהר,קילוגרמים,3.50,"ק""ג",false,1,33.90,9.6857,true,1,231488
7290000341071,false,מרכך בייבי בדין 2 לי,יוניליוור,,מרכך בייבי בדין 2 ליטר,ליטרים,2.00,ליטר,false,1,19.90,9.9500,true,1,227378
7290000342832,false,מרכך בדין 4 ליטר צהו,יוניליוור,,מרכך בדין 4 ליטר צהוב,ליטרים,4.00,ליטר,false,1,22.90,5.7250,true,1,227377
7290000342856,false,מרכך בדין 4 ליטר כחו,יוניליוור,,מרכך בדין 4 ליטר כחול,ליטרים,4.00,ליטר,false,1,22.90,5.7250,true,1,227376
7290000345048,false,תה 74 - 125 גרם,תה ויסוצקי,IL,תה 74,גרמים,125.00,100 גרם,false,12,13.50,10.8000,true,1,226628
7290000345055,false,תה ארל גריי 100 גרם,תה ויסוצקי,IL,ארל גריי,גרמים,100.00,100 גרם,false,12,14.90,14.9000,true,1,228408
7290000345116,false,תה ירוק 125 גרם,תה ויסוצקי,IL,תה ירוק,גרמים,125.00,100 גרם,false,12,14.90,11.9200,true,1,228409
7290000345147,false,תה ארל גריי קופ. פח,תה ויסוצקי,IL,ארל גריי בקופסאת פח,גרמים,200.00,100 גרם,false,12,32.90,16.4500,true,1,228407
7290000345208,false,תה קלאסיק 25/1,תה ויסוצקי,IL,תה ויסוצקי קלאסי 25/1,יחידה,25.00,יחידה,false,12,6.90,0.2760,true,1,228362
7290000345260,false,תה קלאסיק 25/1.5,תה ויסוצקי,IL,תה ויסוצקי קלאסי 25/1.5,יחידה,25.00,יחידה,false,12,7.30,0.2920,true,1,228332
7290000345284,false,תה קלאסיק 1.5גר 100,תה ויסוצקי,IL,תה ויסוצקי קלאסי 100/1.5,יחידה,100.00,יחידה,false,15,19.90,0.1990,true,1,228404
7290000345291,false,בלק לייבל תה ארל גרי,תה ויסוצקי,,בלק לייבל תה ארל גריי 25 שק 1 ג,יחידה,25.00,יחידה,false,1,16.50,0.6600,true,1,228333
7290000345307,false,בלק לייבל תה ארל גרי,תה ויסוצקי,,תה ארל גריי 50 שק 1.5 גרם,יחידה,50.00,יחידה,false,1,25.90,0.5180,true,1,228361
7290000345536,false,תה פירות נענע 1.5 ג,תה ויסוצקי,IL,תה נענע,יחידה,25.00,יחידה,false,12,17.90,0.7160,true,1,228395
7290000346021,false,תה גן הקסום קמומיל,תה ויסוצקי,IL,חליטת קמומיל 50,גרמים,75.00,100 גרם,false,12,32.90,43.8667,true,1,226736
7290000346120,false,תה גן הקסום קסם הקינ,תה ויסוצקי,,תה גן הקסום קסם הקינמון1.5ג 25שק,יחידה,25.00,יחידה,false,1,18.90,0.7560,true,1,228403
7290000346137,false,תה גן הקסום הילולי פ,תה ויסוצקי,,תה גן הקסום הילולי פירות 2 ג 25ש,יחידה,25.00,יחידה,false,1,18.90,0.7560,true,1,228397
7290000346144,false,תה גן הקסום עינוגי ה,תה ויסוצקי,,תה גן הקסום עינוגי התפוח 2ג 25שק,יחידה,25.00,יחידה,false,1,18.90,0.7560,true,1,228400
7290000346199,false,תה גן הקסום פירות יע,תה ויסוצקי,,תה גן הקסום פירות יער 2ג 25שק,יחידה,25.00,יחידה,false,1,18.90,0.7560,true,1,228401
7290000346205,false,תה גן הקסום קמומיל 1,תה ויסוצקי,,תה גן הקסום קמומיל 1 גר 25 שקיקים,יחידה,25.00,יחידה,false,1,18.90,0.7560,true,1,228402
7290000346212,false,תה גן הקסום מנטה 2 ג,תה ויסוצקי,,תה גן הקסום מנטה 2 ג 25 שק,יחידה,25.00,יחידה,false,1,18.90,0.7560,true,1,228399
7290000346236,false,תה גן הקסום לואיזה 2,תה ויסוצקי,,תה גן הקסום לואיזה 2 ג 25 שק,יחידה,25.00,יחידה,false,12,18.90,0.7560,true,1,228953
7290000346960,false,תה פירות נענע 1.5 ג,תה ויסוצקי,IL,תה נענע,גרמים,75.00,100 גרם,false,12,29.90,39.8667,true,1,228394
7290000347738,false,תה ירוק נענע 1.5 ג 2,תה ויסוצקי,,תה ירוק נענע 1.5 ג 25 שק,יחידה,25.00,יחידה,false,1,24.90,0.9960,true,1,228390
7290000347752,false,תה ירוק לימונית לואי,תה ויסוצקי,,תה ירוק לימונית לואיזה 1.5 ג 25 שק,יחידה,25.00,יחידה,false,1,24.90,0.9960,true,1,228389
7290000357751,false,לשון כבושה קפואה במש,טיבון ויל,,לשון כבושה קפואה במשקל,קילוגרמים,1.00,"ק""ג",true,,39.90,39.9000,true,1,230271
7290000363189,false,נקניק סלמי סרוולד במ,,,נקניק סלמי סרוולד במשקל,קילוגרמים,1.00,"ק""ג",true,,170.00,170.0000,true,1,233200
7290000363363,false,קבנוס מיוחד 160 ג טי,,,קבנוס מיוחד 160 ג טירת צבי,גרמים,160.00,100 גרם,false,1,13.90,8.6875,true,1,231220
7290000363462,false,נקניק סלמי איטלקי מע,,,נקניק סלמי איטלקי מעושן במשקל,קילוגרמים,1.00,"ק""ג",true,,75.00,75.0000,true,1,231442
7290000363486,false,נקניק סלמי תה במשקל,,,נקניק סלמי תה במשקל,קילוגרמים,1.00,"ק""ג",true,,52.00,52.0000,true,1,231438
7290000363899,false,נקניקיות פיקנטיות 40,,,נקניקיות פיקנטיות 400 ג,גרמים,400.00,100 גרם,false,1,11.90,2.9750,true,1,231228
7290000364100,false,נקניק סלמי פריזר במש,,,נקניק סלמי פריזר במשקל,קילוגרמים,1.00,"ק""ג",true,,52.00,52.0000,true,1,244958
7290000364261,false,סלסולי כתף בקר 120 ג,,,סלסולי כתף בקר 120 גר,גרמים,120.00,100 גרם,false,1,15.90,13.2500,true,1,238513
7290000364278,false,סלסולי סלמי איטלקי מ,,,סלסולי סלמי איטלקי משובח 120 גר,גרמים,120.00,100 גרם,false,1,15.90,13.2500,true,1,238514
7290000364285,false,סלסולי פסטרמה הודו 1,,,סלסולי פסטרמה הודו 120 גר,גרמים,120.00,100 גרם,false,1,15.90,13.2500,true,1,238515
7290000364292,false,סלסולי פסטרמה גחלים,,,סלסולי פסטרמה גחלים 120 גר,גרמים,120.00,100 גרם,false,1,15.90,13.2500,true,1,239085
7290000364544,false,פסטרמה עוף בגריל במש,,,פסטרמה עוף בגריל במשקל,קילוגרמים,1.00,"ק""ג",true,,75.00,75.0000,true,1,233302
7290000364759,false,נקניקיות קרנצ וינר 5,,,נקניקיות קרנץ וינר 500 ג,גרמים,500.00,100 גרם,false,1,18.90,3.7800,true,1,231224
7290000364803,false,נקניקיות קרנץ אמריקא,,,נקניקיות קרנץ אמריקאיות 500 ג,גרמים,500.00,100 גרם,false,1,29.90,5.9800,true,1,231225
7290000364810,false,נקניקיות קרנץ אמריקא,,,נקניקיות קרנץ עגל 500 ג,גרמים,500.00,100 גרם,false,1,29.90,5.9800,true,1,231226
7290000364858,false,נקניקיות עוף 1 קג,,,נקניקיות עוף 1 קג,גרמים,1000.00,100 גרם,false,1,28.90,2.8900,true,1,231349
7290000364872,false,נקניקיות עוף 400 גרם,,,נקניקיות עוף 400 גרם,גרמים,400.00,100 גרם,false,1,11.90,2.9750,true,1,231223
7290000365046,false,כתף בקר מעושן במשקל,,,כתף בקר מעושן במשקל,קילוגרמים,1.00,"ק""ג",true,,115.00,115.0000,true,1,232667
7290000365077,false,חזה אווז במשקל,,,חזה אווז במשקל,קילוגרמים,1.00,"ק""ג",true,,185.00,185.0000,true,1,241721
7290000365107,false,כתף בקר מפולפל במשקל,,,כתף בקר מפולפל במשקל,קילוגרמים,1.00,"ק""ג",true,,119.00,119.0000,true,1,236091
7290000365398,false,פסטרמה חזה הודו בדבש,,,פסטרמה חזה הודו בדבש במשקל,קילוגרמים,1.00,"ק""ג",true,,75.00,75.0000,true,1,231436
7290000365909,false,פסטרמה הודו מעושנת,,,פסטרמה הודו מעושנת במשקל,קילוגרמים,1.00,"ק""ג",true,,75.00,75.0000,true,1,231440
7290000365954,false,פסטרמה גחלים במשקל,,,פסטרמה גחלים במשקל,קילוגרמים,1.00,"ק""ג",true,,75.00,75.0000,true,1,231441
7290000367590,false,מארז צמד נקניק כפרי,,,מארז צמד נקניק כפרי 800 ג,גרמים,800.00,100 גרם,false,1,29.90,3.7375,true,1,231219
7290000369037,false,גבינה בולגרית קוביה,גבינות אמיר ניצן בעמ,IL,גבינה בולגרית קוביה 175 גרם,גרמים,175.00,100 גרם,false,1,14.90,8.5143,true,1,309408
7290000369341,false,לבנה אבו גוש במשקל,גבינות אמיר ניצן בעמ,IL,לאבנה אבו גוש קג,קילוגרמים,1.00,"ק""ג",true,1,50.00,50.0000,true,1,235051
7290000369365,false,גב.בולגרית למריחה עם,גבינות אמיר ניצן בעמ,IL,מעדן גבינה וחציל,גרמים,200.00,100 גרם,false,1,12.90,6.4500,true,1,229716
7290000369617,false,כדורי לבנה רחוב 150,גבינות אמיר ניצן בעמ,IL,כדורי רחוב,גרמים,150.00,100 גרם,false,1,16.90,11.2667,true,1,234667
7290000369709,false,חמאה בטעמים 100 גרם,גבינות אמיר ניצן בעמ,IL,מעדן חמאות מתובלות,גרמים,100.00,100 גרם,false,1,12.90,12.9000,true,1,229449
7290000408354,false,יוגורט דנונה בר פיצפ,,,יוגורט דנונה בר פיצפוצים קראנצ 173 גרם,גרמים,173.00,100 גרם,false,1,4.70,2.7168,true,1,228104
7290000416021,false,ממרח שוקולד השחר 500,,,ממרח שוקולד השחר 500 גר,גרמים,500.00,100 גרם,false,1,13.90,2.7800,true,1,227555
7290000416045,false,ממרח השחר 1 קג,,,ממרח השחר 1 קג,קילוגרמים,1.00,"ק""ג",false,1,24.90,24.9000,true,1,229180
7290000416618,false,ממרח השחר פרווה 400,,,ממרח השחר פרווה 400 גרם,גרמים,400.00,100 גרם,false,1,12.90,3.2250,true,1,229141
7290000416854,false,קקאו השחר 150 גר בשק,,,קקאו השחר 150 גר בשקית,גרמים,150.00,100 גרם,false,1,12.60,8.4000,true,1,234099
7290000419107,false,קפה טורקי מקורי טחון,קפה לנדוור,,קפה טורקי מקורי טחון כחול 100 גר לנדור,גרמים,100.00,100 גרם,false,1,6.90,6.9000,true,1,226767
7290000419220,false,מארז 3יח קפה לנדוור,קפה לנדוור,,מארז 3יח קפה לנדוור כחול 100 ג,גרמים,300.00,100 גרם,false,1,19.90,6.6333,true,1,233148
7290000419374,false,מארז 3 יח קפה לנדוור,קפה לנדוור,,מארז 3 יח קפה לנדוור לבוקר 100 גר,גרמים,300.00,100 גרם,false,1,19.90,6.6333,true,1,242212
7290000419893,false,קפה טורקי טחון לבוקר,קפה לנדוור,,קפה טורקי טחון לבוקר 100 גר לנדוור,גרמים,100.00,100 גרם,false,1,6.90,6.9000,true,1,235578
7290000419909,false,קפה טורקי טחון אספרס,קפה לנדוור,,קפה טורקי טחון אספרסו 100 גר לנדוור,גרמים,100.00,100 גרם,false,1,6.90,6.9000,true,1,235579
7290000420325,false,פופקורן פופסטאר טבעי,,,פופקורן פופסטאר טבעי 500 גרם,גרמים,500.00,100 גרם,false,1,14.90,2.9800,true,1,227016
7290000420332,false,פופקורן פופסטאר חמאה,,,פופקורן פופסטאר חמאה 500 גר,גרמים,500.00,100 גרם,false,1,14.90,2.9800,true,1,227015
7290000420417,false,שקיות אשפה 60 יח גלי,,,שקיות אשפה 60 יח גלילונית 50*70,יחידה,60.00,יחידה,false,1,17.90,0.2983,true,1,228811
7290000432113,false,נרות שבת 4יח 140 גרם,פאלאס תעשיות נטו (20,,נרות שבת 4יח 140 גרם,גרמים,140.00,100 גרם,false,1,4.90,3.5000,true,1,306311
7290000432120,false,נרות חנוכה 44 יחידות,hebei,CN,נרות חנוכה 44 יחידות,יחידה,44.00,יחידה,false,1,3.90,0.0886,true,1,311132
7290000432182,false,נר נשמה 24 שעות,פאלאס תעשיות נטו (20,,נר נשמה 24 שעות,יחידה,1.00,יחידה,false,1,3.90,3.9000,true,1,306320
7290000432205,false,נר תמיד 48 שעות,פאלאס תעשיות נטו (20,IL,נר תמיד 48 שעות,יחידה,1.00,יחידה,false,24,6.50,6.5000,true,1,306312
7290000432359,false,נר נשמה כוס שבועי,,,נר נשמה כוס שבועי,Unknown,0.00,Unknown,false,1,11.90,0.0000,true,1,254814
7290000432489,false,נרות חנוכה מיוחד 45,hebei,CN,נרות חנוכה מיוחד 45 יח,יחידה,45.00,יחידה,false,1,6.90,0.1533,true,1,311130
7290000442013,false,שטיפה אינטימית פמינה,,,שטיפה אינטימית פמינה לנערות 220 מל,מיליליטרים,220.00,"100 מ""ל",false,1,23.90,10.8636,true,1,239112
7290000442044,false,שטיפה אינטימית פמינה,,,שטיפה אינטימית פמינה חמוציות 220 מל,מיליליטרים,220.00,"100 מ""ל",false,1,26.90,12.2273,true,1,240742
7290000442310,false,משחה בייבי סקין 100,,,משחה בייבי סקין 100 מל כצט,יחידה,1.00,יחידה,false,1,11.90,11.9000,true,1,243976
7290000446547,false,חמאת בוטנים טבעית 35,,IL,חמאת בוטנים טבעית 350גר בטר אנד דיפרנט,גרמים,350.00,100 גרם,false,12,14.90,4.2571,true,1,334953
7290000446554,false,חמאת בוטנים טבעית 1ק,,IL,חמאת בוטנים טבעית 1קג בטר אנד דיפרנט,קילוגרמים,1.00,"ק""ג",false,12,29.90,29.9000,true,1,334954
7290000449128,false,נוזל לניקוי כללי סיף,יוניליוור,,נוזל לניקוי כללי סיף 4 ל לימון,ליטרים,4.00,ליטר,false,1,19.90,4.9750,true,1,227077
7290000450209,false,טונה פוסידון בשמן 10,פוסידון,IL,טונה פוסידון בשמן 108 גרם,גרמים,108.00,100 גרם,false,100,5.90,5.4630,true,1,227944
7290000450308,false,טונה פוסידון במים 10,פוסידון,IL,טונה פוסידון במים 108 גרם,גרמים,108.00,100 גרם,false,100,5.90,5.4630,true,1,227943
7290000453019,false,שימרית 50 גר,,,שימרית 50 גר,גרמים,50.00,100 גרם,false,1,5.40,10.8000,true,1,226563
7290000453125,false,שמרית+משפר אפיה 50 ג,,,שמרית+משפר אפיה 50 גרם,Unknown,0.00,Unknown,false,1,8.60,0.0000,true,1,226564
7290000453200,false,בלילה להכנת פנקייק,שטראוס,IL,בלילה להכנת פנקייק 750גר שמרית,גרמים,750.00,100 גרם,false,8,22.90,3.0533,true,1,339174
7290000453217,false,בלילה להכנת וופל בלג,שטראוס,IL,בלילה להכנת וופל בלגי 750גר שמרית,גרמים,750.00,100 גרם,false,8,22.90,3.0533,true,1,339175
7290000453309,false,בצק פיצה תמי ללא גלו,,,בצק פיצה תמי ללא גלוטן 230גר,גרמים,230.00,100 גרם,false,8,19.90,8.6522,true,1,339471
7290000453316,false,בצק עלים תמי ללא גלו,,,בצק עלים תמי ללא גלוטן 280גר,גרמים,280.00,100 גרם,false,8,19.90,7.1071,true,1,339470
7290000453323,false,קמח תמי עמילן חיטה ל,,IL,קמח תמי עמילן חיטה ללא גלוטן 500 גר,גרמים,300.00,100 גרם,false,12,18.90,6.3000,true,1,344961
7290000453330,false,תערובת לעוגה וניל לל,,IL,תערובת לעוגה וניל ללג 500 גר תמי,גרמים,300.00,100 גרם,false,12,18.90,6.3000,true,1,345502
7290000453408,false,בצק פיצה דק שמרית מ,,IL,בצק פיצה דק שמרית מצונן מוכן לאפייה415ג,גרמים,415.00,100 גרם,false,8,15.90,3.8313,true,1,329240
7290000453415,false,בצק עלים שמרית מצונן,,IL,בצק עלים שמרית מצונן ומוכן לאפייה 300גר,גרמים,300.00,100 גרם,false,8,15.90,5.3000,true,1,329237
7290000453422,false,בצק פילו שמרית מצונן,,IL,בצק פילו שמרית מצונן ומוכן לאפייה 300גר,גרמים,300.00,100 גרם,false,8,15.90,5.3000,true,1,329238
7290000453439,false,בצק פריך מתוק שמרית,,IL,בצק פריך מתוק שמרית מצונן מוכןלאפייה280ג,גרמים,280.00,100 גרם,false,8,15.90,5.6786,true,1,329239
7290000453446,false,פיצה קראסט 500גר שמר,,IL,פיצה קראסט 500גר שמרית,גרמים,500.00,100 גרם,false,8,19.90,3.9800,true,1,343927
7290000453781,false,שמרים יבשים שימרית ב,,,שמרים יבשים שימרית בואקום 125 גר,גרמים,125.00,100 גרם,false,1,6.90,5.5200,true,1,324736
7290000453798,false,שמרים יבשים אקטיביים,,,שמרים יבשים אקטיביים שימרית 500 גר,גרמים,500.00,100 גרם,false,1,14.90,2.9800,true,1,308857
7290000453866,false,תחליף מרגרינה נטורינ,פאקא,,תחליף מרגרינה נטורינה קוקוס 200 גר שמרית,גרמים,200.00,100 גרם,false,1,7.90,3.9500,true,1,320983
7290000461625,false,בייגלה שמיניות 400 ג,יוניליוור,IL,שמונה שמונה 400גר 12x,גרמים,400.00,100 גרם,false,12,10.90,2.7250,true,1,228061
7290000461656,false,בייגלה אחד אחד 400 ג,יוניליוור,IL,אחד אחד 400גר 12x,גרמים,400.00,100 גרם,false,12,10.90,2.7250,true,1,228057
7290000461700,false,בייגלה גדול גדול 400,יוניליוור,IL,גדול גדול 400גר 12x,גרמים,400.00,100 גרם,false,12,14.90,3.7250,true,1,228059
7290000461724,false,בייגלה גדול שומשום 4,יוניליוור,,בייגלה גדול שומשום 400 גרם,גרמים,400.00,100 גרם,false,1,16.90,4.2250,true,1,228060
7290000462981,false,זחוק חריף אש 150גרם,שטראוס,,זחוק חריף אש 150גרם זהבי,גרמים,150.00,100 גרם,false,1,9.90,6.6000,true,1,332736
7290000467153,false,סלט חומוס סמיר הגדול,צבר,,סלט חומוס סמיר הגדול צבר 400 גר,גרמים,400.00,100 גרם,false,1,14.90,3.7250,true,1,227547
7290000467320,false,סלט חומוס אבו מרוואן,צבר,,סלט חומוס אבו מרוואן צבר 400 גר,גרמים,400.00,100 גרם,false,1,14.90,3.7250,true,1,249749
7290000469638,false,ספריי גיהוץ מריטו ענ,BOLTON GROUP - MER,IT,ספריי גיהוץ מריטו ענק 500 מל,מיליליטרים,500.00,"100 מ""ל",false,12,20.90,4.1800,true,1,227372
7290000474090,false,חלב 1% קרטון 1 ליטר*,טרה,,חלב 1% בקרטון 1 ליטר***,ליטרים,1.00,ליטר,false,1,5.86,5.8600,true,1,231189
7290000474373,false,שמנת חמוצה 15% 200 מ,טרה,IL,שמנת חמוצה - 200 מל,מיליליטרים,200.00,"100 מ""ל",false,1,2.40,1.2000,true,1,231192
7290000474502,false,גבינה לבנה 5% 250 גר,טרה,IL,גבינה לבנה 250 גרם 5% מהדרין נועם,גרמים,250.00,100 גרם,false,1,4.98,1.9920,true,1,232876
7290000474540,false,גבינה טוב טעם 3% 250,טרה,IL,טוב טעם 3% -250גרם מהדרין,גרמים,250.00,100 גרם,false,1,10.90,4.3600,true,1,231200
7290000480107,false,קוואקר שיבולת שועל 5,FRITO-LAY TRADING CO,,קוואקר שיבולת שועל 500 ג פחית,גרמים,500.00,100 גרם,false,1,13.90,2.7800,true,1,226922
7290000480305,false,הרמזית 400 טבליות,,,הרמזית 400 טבליות,יחידה,400.00,יחידה,false,1,20.00,0.0500,true,1,228022
7290000480343,false,הרמזית טבליות 1400 י,,,הרמזית טבליות 1400 יח,יחידה,1.40,יחידה,false,1,44.00,31.4286,true,1,228024
7290000480442,false,קואקר שבולת שועל 500,FRITO-LAY TRADING CO,,קואקר שבולת שועל 500 ג שקית,גרמים,500.00,100 גרם,false,1,13.50,2.7000,true,1,226923
7290000482019,false,שקיות צליה קוקי רגיל,קיטים,,שקיות צליה קוקי רגיל 10 יח,יחידה,10.00,יחידה,false,1,11.90,1.1900,true,1,226982
7290000482033,false,שקיות צליה קוקי ענק,קיטים,,שקיות צליה קוקי ענק 5 יח,יחידה,0.05,יחידה,false,1,11.90,238.0000,true,1,226984
7290000483139,false,מרציפן המרשלג גולמי,המרשלג,IL,מרציפן המרשלג גולמי 100 ג,גרמים,100.00,100 גרם,false,1,9.90,9.9000,true,1,227386
7290000483412,false,טיפטופים המרשלג 60 ג,המרשלג,IL,טיפטופים המרשלג 60 ג,גרמים,60.00,100 גרם,false,1,14.90,24.8333,true,1,227709
7290000483641,false,מרציפן המרשלג חלה 75,המרשלג,,מרציפן המרשלג חלה 75 ג,גרמים,75.00,100 גרם,false,1,8.50,11.3333,true,1,227387
7290000484549,false,כהל 95% נקי 750 מל פ,,IL,כהל 95% נקי 750 מל פיקדון,מיליליטרים,750.00,"100 מ""ל",false,1,139.00,18.5333,true,1,249902
7290000484747,false,ערק עלית 40% 700 מל,ישראל,,ערק עלית 40% 700 מל,מיליליטרים,700.00,"100 מ""ל",false,1,65.00,9.2857,true,1,311937
7290000490601,false,מאגדת שלגון גלידל ונ,פלקו בעמ,,מאגדת שלגון גלידל וניל 8 יח פלדמן,יחידה,8.00,יחידה,false,1,29.90,3.7375,true,1,232104
7290000490625,false,מאגדת 8יח שלגון שוקו,פלקו בעמ,,מאגדת 8יח שלגון שוקו בציפוי שוקולד,יחידה,8.00,יחידה,false,1,26.90,3.3625,true,1,308983
7290000490717,false,מאגדת שלגון גלית 8 י,פלקו בעמ,IL,שמיניה גלית 8,יחידה,8.00,יחידה,false,8,21.90,2.7375,true,1,249929
7290000490762,false,מאגדת שלגון גלידל שו,פלקו בעמ,,מאגדת שלגון גלידל שוקו 8 יח פלדמן,יחידה,8.00,יחידה,false,1,29.90,3.7375,true,1,232105
7290000493176,false,אבקת רוטב צלי לבשר 2,"אסם תעשיות בע""מ",IL,אבקת רוטב צלי לבשר 22 גר,גרמים,22.00,100 גרם,false,36,4.50,20.4545,true,1,228798
7290000493183,false,אבקת רוטב פטריות 30,"אסם תעשיות בע""מ",IL,אבקת רוטב פטריות 30 גר,גרמים,30.00,100 גרם,false,36,4.50,15.0000,true,1,228799
7290000497044,false,לחם אקטיב ברמן 750גר,מאפית י.את א. ברמן ב,,לחם אקטיב ברמן 750גרם,גרמים,750.00,100 גרם,false,1,15.90,2.1200,true,1,250786
7290000497112,false,לחם אחיד פרוס 750 גר,מאפית י.את א. ברמן ב,,לחם אחיד פרוס 750 גר***,גרמים,750.00,100 גרם,false,1,7.91,1.0547,true,1,234654
7290000497198,false,פיתות אסליות 10 יח,מאפית י.את א. ברמן ב,,פיתות אסליות 10 יח ברמן,יחידה,10.00,יחידה,false,1,14.90,1.4900,true,1,255182
7290000497273,false,מארז 6יח לחמניות אקט,מאפית י.את א. ברמן ב,,מארז 6יח לחמניות אקטיב 450 גרם,גרמים,450.00,100 גרם,false,1,12.90,2.8667,true,1,310177
7290000497303,false,מארז 6 לחמניות מקמח,מאפית י.את א. ברמן ב,,מארז 6 לחמניות מקמח מלא,גרמים,450.00,100 גרם,false,1,11.90,2.6444,true,1,233969
7290000497426,false,לחם ברמן לענין פלוס,מאפית י.את א. ברמן ב,,לחם ברמן לענין פלוס 500גר,גרמים,500.00,100 גרם,false,1,15.90,3.1800,true,1,233430
7290000497488,false,חלה פלוס ברמן 500 גר,מאפית י.את א. ברמן ב,,חלה פלוס ברמן 500 גרם,גרמים,500.00,100 גרם,false,1,15.90,3.1800,true,1,233101
7290000497532,false,לחם ברמן לעניין 750,מאפית י.את א. ברמן ב,,לחם ברמן לעניין 750 גרם,גרמים,750.00,100 גרם,false,1,13.90,1.8533,true,1,232926
7290000497570,false,לחם דגנים פלוס ברמן,מאפית י.את א. ברמן ב,,לחם דגנים פלוס ברמן 500 גרם,גרמים,500.00,100 גרם,false,1,14.90,2.9800,true,1,233100
7290000498003,false,לחם אי פריי קמח מלא,מאפית י.את א. ברמן ב,,לחם אי פריי קמח מלא 750 גרם ברמן,גרמים,750.00,100 גרם,false,1,15.90,2.1200,true,1,322669
7290000498010,false,לחם אי פרי קמח שיפון,מאפית י.את א. ברמן ב,,לחם אי פרי קמח שיפון מלא 750 גרם ברמן,גרמים,750.00,100 גרם,false,1,15.90,2.1200,true,1,322670
7290000498034,false,לחם אי פרי קמח כוסמי,מאפית י.את א. ברמן ב,,לחם אי פרי קמח כוסמין מלא 750 גרם ברמן,גרמים,750.00,100 גרם,false,1,15.90,2.1200,true,1,329167
7290000498041,false,לחם אקטיב כוסמין 750,מאפית י.את א. ברמן ב,IL,לחם אקטיב כוסמין 750גר ברמן,גרמים,750.00,100 גרם,false,1,15.90,2.1200,true,1,343779
7290000498058,false,חלה חלומית כוסמין,מאפית י.את א. ברמן ב,,חלה חלומית כוסמין 500גר ברמן,גרמים,500.00,100 גרם,false,1,15.90,3.1800,true,1,345253
7290000498256,false,מארז 10 לחמניות 750ג,מאפית י.את א. ברמן ב,IL,מארז 10 לחמניות 750גר בשקית ברמן,גרמים,750.00,100 גרם,false,1,15.90,2.1200,true,1,323651
7290000504261,false,סוכרזית קלאסי כפית ל,,,סוכרזית קלאסי כפית לכפית 100גר,גרמים,100.00,100 גרם,false,1,25.90,25.9000,true,1,227755
7290000518121,false,מתוק וקל 50 שקיות,מתוק וקל,IL,מתוק וקל 50 שקיות,יחידה,50.00,יחידה,false,12,5.90,0.1180,true,1,227442
7290000518152,false,מתוק וקל זהב 25 שקיו,מתוק וקל,IL,מתוק וקל זהב 50 שקיות קטן,יחידה,25.00,יחידה,false,12,6.90,0.2760,true,1,227440
7290000518176,false,מתוק וקל ענק 250 שקי,מתוק וקל,IL,מתוק וקל ענק 250 שקיות,יחידה,250.00,יחידה,false,12,21.90,0.0876,true,1,227441
7290000518220,false,סוכרה דיאט מתוק וקל,מתוק וקל,,סוכרה דיאט מתוק וקל 100 יח,יחידה,100.00,יחידה,false,1,25.00,0.2500,true,1,313949
7290000518251,false,מתוק וקל זהב 100 שקי,מתוק וקל,IL,מתוק וקל ענק זהב 100 שקיות,יחידה,100.00,יחידה,false,12,13.90,0.1390,true,1,227439
7290000518336,false,צמר גפן מתוק מווש מת,מתוק וקל,IL,צמר גפן מתוק מווש מתוק וקל 10 גרם,Unknown,0.00,Unknown,false,1,4.90,0.0000,true,1,339414
7290000518398,false,סוכרה דיאט טיפות מתו,מתוק וקל,,סוכרה דיאט טיפות מתוק וקל,מיליליטרים,150.00,"100 מ""ל",false,1,25.00,16.6667,true,1,313952
7290000518879,false,סוכרה דיאט 250 יח,מתוק וקל,,סוכרה דיאט 250 יח,יחידה,250.00,יחידה,false,1,55.00,0.2200,true,1,250872
7290000521008,false,יין סגל אדום 750 מל,,,יין סגל אדום 750 מל פקדון,מיליליטרים,750.00,"100 מ""ל",false,1,25.00,3.3333,true,1,229811
7290000521015,false,יין סגל לבן 750 מל פ,,,יין סגל לבן 750 מל פקדון,מיליליטרים,750.00,"100 מ""ל",false,1,25.00,3.3333,true,1,229825
7290000521022,false,יין סגל לבן חצי יבש,,,יין סגל לבן חצי יבש 750 מל פקדון,מיליליטרים,750.00,"100 מ""ל",false,1,25.00,3.3333,true,1,229826
7290000521251,false,יין ק.סוביניון לא מס,,,יין ק.סוביניון לא מסונן 2001 750 מל פקדו,מיליליטרים,750.00,"100 מ""ל",false,1,190.00,25.3333,true,1,233183
7290000522142,false,חלב הרים טהור 3% 1 ל,"מחלבות רמה""ג",,חלב הרים טהור 3% 1 ליטר,ליטרים,1.00,ליטר,false,1,9.90,9.9000,true,1,245320
7290000522159,false,חלב הרים טהור 1% 1 ל,"מחלבות רמה""ג",,חלב הרים טהור 1% 1 ליטר,ליטרים,1.00,ליטר,false,1,11.00,11.0000,true,1,245321
7290000522166,false,חלב הרים טהור נטול ל,"מחלבות רמה""ג",,חלב הרים טהור נטול לקטוז 3% 1 ליטר,ליטרים,1.00,ליטר,false,1,10.90,10.9000,true,1,245322
7290000522272,false,שמנת לקפה 10% שומן 5,"מחלבות רמה""ג",,שמנת לקפה 10% שומן 500 מל עמידה,מיליליטרים,500.00,"100 מ""ל",false,1,10.50,2.1000,true,1,253636
7290000523125,false,מלח ים יבש הארץ 250,"מלח הארץ אילת בע""מ",,מלח ים יבש הארץ 250 גר במיכל,גרמים,250.00,100 גרם,false,1,5.90,2.3600,true,1,227536
7290000523224,false,מלח ים יבש הארץ 500,"מלח הארץ אילת בע""מ",,מלח ים יבש הארץ 500 גרם במיכל,גרמים,500.00,100 גרם,false,1,8.90,1.7800,true,1,227537
7290000523514,false,מלח ים הארץ דל נתרן,"מלח הארץ אילת בע""מ",,מלח ים הארץ דל נתרן 250 גרם,גרמים,250.00,100 גרם,false,1,11.50,4.6000,true,1,227538
7290000523521,false,מלח ים הארץ מועשר בי,"מלח הארץ אילת בע""מ",,מלח ים הארץ מועשר ביוד 250 גר,גרמים,250.00,100 גרם,false,1,6.90,2.7600,true,1,231182
7290000523804,false,מלח עדין הארץ 1 קג צ,"מלח הארץ אילת בע""מ",,מלח עדין הארץ 1 קג צנצנת,קילוגרמים,1.00,"ק""ג",false,1,8.00,8.0000,true,1,235809
7290000523811,false,מלח גס הארץ 1 קג צנצ,"מלח הארץ אילת בע""מ",,מלח גס הארץ 1 קג צנצנת,קילוגרמים,1.00,"ק""ג",false,1,8.00,8.0000,true,1,235810
7290000529271,false,חליטת חרוב ופריחת פס,,,חליטת חרוב ופריחת פסי אורגני 20 שק,יחידה,20.00,יחידה,false,8,15.90,0.7950,true,1,318899
7290000530024,false,נקניק תה מעושן רחב ב,,IL,נקניק תה מעושן רחב במשקל,קילוגרמים,1.00,"ק""ג",true,,42.00,42.0000,true,1,345568
7290000530031,false,נקניק פיין סלמי צר ב,,IL,נקניק פיין סלמי צר במשקל,קילוגרמים,1.00,"ק""ג",true,,42.00,42.0000,true,1,345572
7290000530048,false,נקניק סלמי פפרוני במ,,IL,נקניק סלמי פפרוני במשקל,קילוגרמים,1.00,"ק""ג",true,,42.00,42.0000,true,1,345571
7290000530086,false,נקניק סלמי מעושן 700,,IL,נקניק סלמי מעושן 7000,גרמים,600.00,100 גרם,false,1,32.90,5.4833,true,1,347569
7290000530109,false,מארז זוג קבנוס בואקו,,IL,מארז זוג קבנוס בואקום במבצע,יחידה,1.00,יחידה,false,1,26.90,26.9000,true,1,347570
7290000530192,false,נקניק סלמי סרוולד במ,,IL,נקניק סלמי סרוולד במשקל,קילוגרמים,1.00,"ק""ג",true,,120.00,120.0000,true,1,345599
7290000530260,false,נקניק מורטודלה רחב ב,,IL,נקניק מורטודלה רחב במשקל,קילוגרמים,1.00,"ק""ג",true,,39.00,39.0000,true,1,346177
7290000530369,false,חזה הודו מעושן גולן,,IL,חזה הודו מעושן גולן עם עור במשקל,קילוגרמים,1.00,"ק""ג",true,,69.00,69.0000,true,1,345573
7290000530444,false,כתף בקר מעושן במשקל,,IL,כתף בקר מעושן במשקל,קילוגרמים,1.00,"ק""ג",true,,109.00,109.0000,true,1,345604
7290000530598,false,נקניקיות וינר 500 גר,,IL,נקניקיות וינר 500 גרם,גרמים,500.00,100 גרם,false,1,10.90,2.1800,true,1,345999
7290000530604,false,נקניקיות חריפות גולי,,IL,נקניקיות חריפות גוליבר 400 גרם,גרמים,400.00,100 גרם,false,6,10.90,2.7250,true,1,345598
7290000530871,false,פסטרממיה חזה עוף מעו,,IL,פסטרממיה חזה עוף מעושן במשקל,קילוגרמים,1.00,"ק""ג",true,,69.00,69.0000,true,1,345600
7290000531069,false,נקניקיות 200 גרם,,IL,נקניקיות 200 גרם,גרמים,200.00,100 גרם,false,1,6.90,3.4500,true,1,346582
7290000531410,false,פסטרממיה בדבש טהור ב,,IL,פסטרממיה בדבש טהור במשקל,קילוגרמים,1.00,"ק""ג",true,,69.00,69.0000,true,1,345576
7290000532400,false,חזה הודו צלוי ברביקי,,IL,חזה הודו צלוי ברביקיו במשקל,קילוגרמים,1.00,"ק""ג",true,,69.00,69.0000,true,1,345575
7290000532585,false,נקניק רוסטביף חצוי ב,,IL,נקניק רוסטביף חצוי במשקל,קילוגרמים,1.00,"ק""ג",true,,109.00,109.0000,true,1,345601
7290000532721,false,כתף בקר טורו מצופה פ,,IL,כתף בקר טורו מצופה פלפל במשקל,קילוגרמים,1.00,"ק""ג",true,,109.00,109.0000,true,1,345605
7290000533636,false,פסטרממיה צלויה על לב,,IL,פסטרממיה צלויה על לבנים,קילוגרמים,1.00,"ק""ג",true,,69.00,69.0000,true,1,345577
7290000533681,false,פסטרממיה מעושנת הבית,,IL,פסטרממיה מעושנת הבית במשקל,קילוגרמים,1.00,"ק""ג",true,,69.00,69.0000,true,1,345578
7290000534718,false,חזה הודו מעושן תבור,,IL,חזה הודו מעושן תבור בלי עור במשקל,קילוגרמים,1.00,"ק""ג",true,,69.00,69.0000,true,1,345574
7290000534800,false,פסטרמה רומנית במשקל,,IL,פסטרמה רומנית במשקל,קילוגרמים,1.00,"ק""ג",true,,69.00,69.0000,true,1,345602
7290000535791,false,חזה בקר מעושן ניו יו,,IL,חזה בקר מעושן ניו יורק במשקל,קילוגרמים,1.00,"ק""ג",true,,109.00,109.0000,true,1,345603
7290000536057,false,מורטודלה עם זיתים במ,,IL,מורטודלה עם זיתים במשקל,קילוגרמים,1.00,"ק""ג",true,,39.00,39.0000,true,1,346178
7290000536743,false,קריספי סטיקס תירס 50,,IL,קריספי סטיקס תירס 500גר,גרמים,500.00,100 גרם,false,12,15.90,3.1800,true,1,345639
7290000537566,false,נקניקיות עוף טרי 400,,IL,נקניקיות עוף טרי 400 גרם,גרמים,400.00,100 גרם,false,12,10.90,2.7250,true,1,345597
7290000537610,false,נקניק סלמי עממי במשק,,IL,נקניק סלמי עממי במשקל,קילוגרמים,1.00,"ק""ג",true,,42.00,42.0000,true,1,345569
7290000538099,false,פסטרממיה כפרית במשקל,,IL,פסטרממיה כפרית במשקל,קילוגרמים,1.00,"ק""ג",true,,69.00,69.0000,true,1,345579
7290000538372,false,נקניק קוניאק אקסטרה,,IL,נקניק קוניאק אקסטרה פיין במשקל,קילוגרמים,1.00,"ק""ג",true,,42.00,42.0000,true,1,345570
7290000551067,false,בשר בקר מוכשר מס 5 ק,פניסקור,,בשר בקר מוכשר מס 5 קפוא,קילוגרמים,1.00,"ק""ג",true,,74.00,74.0000,true,1,233949
7290000551074,false,בשר בקר מוכשר מס 6קפ,פניסקור,,בשר בקר מוכשר מס 6קפוא,קילוגרמים,1.00,"ק""ג",true,,42.90,42.9000,true,1,233948
7290000551098,false,בשר בקר מס 8 מוכשר ק,פניסקור,PY,בשר בקר מס 8 מוכשר קפוא במשקל,קילוגרמים,1.00,"ק""ג",true,1,32.90,32.9000,true,1,233943
7290000551159,false,בשר ראש קפוא מוכשר,פניסקור,,בשר ראש קפוא מוכשר,קילוגרמים,1.00,"ק""ג",true,,77.00,77.0000,true,1,232380
7290000551173,false,מוח בקר קפוא לא מוכש,פניסקור,PY,מוח בקר קפוא לא מוכשר,קילוגרמים,1.00,"ק""ג",true,1,94.90,94.9000,true,1,232348
7290000551197,false,לשון בקר נקי מוכשר א,פניסקור,,לשון בקר נקי מוכשר אורגוואי במשקל,קילוגרמים,1.00,"ק""ג",true,,39.90,39.9000,true,1,232352
7290000552118,false,נקניקיות מרגז 400 גר,טיבון ויל,IL,נקניקיות מרגז 400 גרם,גרמים,400.00,100 גרם,false,12,17.90,4.4750,true,1,227368
7290000552194,false,קישקע 500 גרם,טיבון ויל,IL,קישקע 500 גרם,גרמים,500.00,100 גרם,false,12,12.90,2.5800,true,1,226730
7290000552569,false,סטיק בורגר בקר 400 ג,טיבון ויל,IL,סטיק בורגר בקר 400 גרם,גרמים,400.00,100 גרם,false,12,15.90,3.9750,true,1,227318
7290000552927,false,טחון עוף 500 גרם,טיבון ויל,,טחון עוף 500 גרם,גרמים,500.00,100 גרם,false,1,10.90,2.1800,true,1,228792
7290000552934,false,טחון הודו 500 גרם,טיבון ויל,IL,טחון הודו 500 גרם,גרמים,500.00,100 גרם,false,12,10.90,2.1800,true,1,227979
7290000552989,false,בשר טחון מובחר 500 ג,טיבון ויל,IL,בשר טחון מובחר 500 גר,גרמים,500.00,100 גרם,false,12,21.90,4.3800,true,1,228114
7290000554006,false,גבינת קשקבל קשה במשק,,,גבינת קשקבל קשה במשקל משולש,קילוגרמים,1.00,"ק""ג",true,,150.00,150.0000,true,1,226915
7290000554402,false,מלבי&קוקוס ובוטנים 5,מחלבות גד,IL,מלבי 5%,גרמים,160.00,100 גרם,false,12,5.90,3.6875,true,1,227531
7290000554457,false,גבינה צפתית מיני 5%,מחלבות גד,IL,צפתית מיני 5%,גרמים,350.00,100 גרם,false,12,21.90,6.2571,true,1,226907
7290000554471,false,גליל מוצרלה 22% 180,מחלבות גד,,גליל מוצרלה 22% 180 גרם,גרמים,180.00,100 גרם,false,1,20.50,11.3889,true,1,228198
7290000554532,false,גב.צפתית מעודנת 5% מ,מחלבות גד,,גב.צפתית מעודנת 5% מלח ים טבעי200 גר,גרמים,200.00,100 גרם,false,1,15.90,7.9500,true,1,236376
7290000554600,false,מוצרלה מגורדת 22% 3,מחלבות גד,,מוצרלה מגורדת 22% 300 גרם,גרמים,300.00,100 גרם,false,1,26.90,8.9667,true,1,227674
7290000554624,false,ירח מתוק חלב&אורז 3%,מחלבות גד,IL,ירח מתוק 3%,גרמים,150.00,100 גרם,false,16,5.90,3.9333,true,1,227734
7290000554655,false,גבינת מוצרלה מעושנת,,,גבינת מוצרלה מעושנת במשקל,קילוגרמים,1.00,"ק""ג",true,,95.00,95.0000,true,1,227675
7290000554686,false,לבנה עם שמן זית וזעת,מחלבות גד,IL,לאבנה בשמן זית וזעתר 5%,גרמים,250.00,100 גרם,false,12,15.90,6.3600,true,1,227798
7290000554754,false,מוצרלה גד קטן במים ב,,,מוצרלה גד קטן במים במשקל,קילוגרמים,1.00,"ק""ג",true,,109.00,109.0000,true,1,229379
7290000554792,false,גבינה בולגרית 5% במש,,,גבינה בולגרית 5% במשקל,קילוגרמים,1.00,"ק""ג",true,,62.00,62.0000,true,1,227019
7290000554815,false,גליל מוצרלה טבעי במש,,,גליל מוצרלה טבעי במשקל,קילוגרמים,1.00,"ק""ג",true,,89.00,89.0000,true,1,228199
7290000554822,false,ריקוטה ג.איטלקית רכה,מחלבות גד,,ריקוטה ג.איטלקית רכה 5% 250 גר,גרמים,250.00,100 גרם,false,1,14.90,5.9600,true,1,226652
7290000554839,false,גבינת מסקרפונה 40% 2,מחלבות גד,,גבינת מסקרפונה 40% 250 גרם,גרמים,250.00,100 גרם,false,1,22.90,9.1600,true,1,227593
7290000554891,false,ג.בולגרית 16% גד במש,,,ג.בולגרית 16% גד במשקל,קילוגרמים,1.00,"ק""ג",true,,62.00,62.0000,true,1,228146
7290000554914,false,גבינה צפתית 5% רכה ב,,,גבינה צפתית 5% רכה במשקל,קילוגרמים,1.00,"ק""ג",true,,70.00,70.0000,true,1,226910
7290000554921,false,גבינת ריקוטה איטלקית,,,גבינת ריקוטה איטלקית רכה במשקל,קילוגרמים,1.00,"ק""ג",true,,62.00,62.0000,true,1,226550
7290000554952,false,גבינה צפתית קשה במשק,,,גבינה צפתית קשה במשקל,קילוגרמים,1.00,"ק""ג",true,,90.00,90.0000,true,1,228162
7290000560533,false,גל גילוח אדג לעור רג,,,גל גילוח אדג לעור רגיל ירוק 210 גר,גרמים,210.00,100 גרם,false,1,17.90,8.5238,true,1,228210
7290000560540,false,גל גילוח אדג לעור רג,,,גל גילוח אדג לעור רגיש כתום 210 גר,גרמים,210.00,100 גרם,false,1,17.90,8.5238,true,1,228211
7290000560557,false,גל גילוח אדג לריכוך,,,גל גילוח אדג לריכוך העור סגול 210 גר,גרמים,210.00,100 גרם,false,1,17.90,8.5238,true,1,228208
7290000571119,false,גאודה חריץ בית יצחק,,,גאודה חריץ בית יצחק במשקל,קילוגרמים,1.00,"ק""ג",true,,115.00,115.0000,true,1,228138
7290000571126,false,גאודה כמון חריץ בית,,,גאודה כמון חריץ בית יצחק במשקל,קילוגרמים,1.00,"ק""ג",true,,115.00,115.0000,true,1,228139
7290000571188,false,גבינת גאודה תום עיזי,,,גבינת גאודה תום עיזים במשקל בית יצחק,קילוגרמים,1.00,"ק""ג",true,,159.00,159.0000,true,1,228140
7290000571232,false,גבינת גאודה פרוס 150,,,גבינת גאודה פרוס 150 גרם,גרמים,150.00,100 גרם,false,1,22.90,15.2667,true,1,228141
7290000571294,false,גבינת גאודה מעושנת ב,,,גבינת גאודה מעושנת במשקל המחלבה,קילוגרמים,1.00,"ק""ג",true,,115.00,115.0000,true,1,242310
7290000571300,false,גבינת גאודה מעושנת פ,,,גבינת גאודה מעושנת פרוסה 150 גר,גרמים,150.00,100 גרם,false,1,22.90,15.2667,true,1,242311
7290000571386,false,יוגורמה 850 גרם,,,יוגורמה 850 גרם,גרמים,850.00,100 גרם,false,1,24.90,2.9294,true,1,229709
7290000571393,false,יוגורמה 140 גרם,,,יוגורמה 140 גרם,גרמים,140.00,100 גרם,false,1,5.90,4.2143,true,1,230489
7290000571478,false,גבינת טום עיזים פרוס,,,גבינת טום עיזים פרוסה 150 גר בית יצחק,גרמים,150.00,100 גרם,false,1,34.90,23.2667,true,1,237924
7290000571485,false,משקה יוגורט עיזים 1,,,משקה יוגורט עיזים 1 קג,קילוגרמים,1.00,"ק""ג",false,1,22.90,22.9000,true,1,240261
7290000571584,false,גבינת גאודה כבשים במ,,,גבינת גאודה כבשים במשקל,קילוגרמים,1.00,"ק""ג",true,,115.00,115.0000,true,1,240267
7290000571812,false,גבינת פרמזן מגורדת 2,,,גבינת פרמזן מגורדת 200 גר,גרמים,200.00,100 גרם,false,1,22.90,11.4500,true,1,250062
7290000571843,false,יוגורט עיזים יוגורמה,,,יוגורט עיזים יוגורמה 140 גרם,גרמים,140.00,100 גרם,false,1,5.90,4.2143,true,1,255771
7290000571881,false,משקה יוגורט עיזים 50,בית יצחק,IL,משקה יוגורט עיזים 500מל בקבוק בית יצחק,מיליליטרים,500.00,"100 מ""ל",false,1,11.90,2.3800,true,1,338803
7290000571898,false,גבינת חלומי 200 גרם,,,גבינת חלומי 200 גרם פרוס 22% שומן,גרמים,200.00,100 גרם,false,1,19.90,9.9500,true,1,327719
7290000571928,false,יוגורמה כבשים אגוזים,בית יצחק,IL,יוגורמה כבשים אגוזים זרעים חמוציות 142גר,גרמים,142.00,100 גרם,false,12,5.90,4.1549,true,1,333705
7290000571935,false,יוגורמה כבשים וגרנול,בית יצחק,IL,יוגורמה כבשים וגרנולה מתוקה 142גר,גרמים,142.00,100 גרם,false,12,5.90,4.1549,true,1,333704
7290000572222,false,חלבה אחוה קסטה 500 ג,,,חלבה אחוה קסטה 500 גרם,גרמים,500.00,100 גרם,false,1,11.90,2.3800,true,1,232475
7290000572543,false,חלבה אחווה שוקו וניל,,,חלבה שוקו וניל 400 גרם,גרמים,400.00,100 גרם,false,1,12.90,3.2250,true,1,230369
7290000572628,false,חטיף חלבה אחווה לייט,,,חטיף חלבה אחווה לייט ללא סוכר 10 יח,Unknown,0.00,Unknown,false,1,14.90,0.0000,true,1,230371
7290000572673,false,חטיף חלבה אחווה אישי,,,חטיף חלבה אחווה אישי 10 יח,Unknown,0.00,Unknown,false,1,14.90,0.0000,true,1,230372
7290000599571,false,צמר פלדה 200 גרם,,IL,צמר פלדה 200 גרם,ליטרים,200.00,ליטר,false,20,5.90,0.0295,true,1,330847
7290000599847,false,סופר מגבת,ח.פ,IL,סופר מגבת,Unknown,0.00,Unknown,false,20,8.90,0.0000,true,1,325207
7290000599946,false,ספוג הפלא 6יח שיין,,IL,ספוג הפלא 6יח שיין,יחידה,6.00,יחידה,false,24,4.90,0.8167,true,1,330850
7290000603049,false,ביצי אומגה 3 12יחידו,,,ביצי אומגה 3 12יחידות לארג גדול,יחידה,9.00,יחידה,false,1,18.90,2.1000,true,1,343567
7290000604022,false,ביצה גדול 12 יח לארג,,,ביצה גדול 12 יח לארג ***,יחידה,12.00,יחידה,false,1,12.05,1.0042,true,1,343564
7290000611136,false,כבד עוף קפוא,,,כבד עוף קפוא,קילוגרמים,1.00,"ק""ג",true,,19.90,19.9000,true,1,227243
7290000611303,false,עוף קפוא ארוז מס 2,,,עוף קפוא ארוז מס 2,קילוגרמים,1.00,"ק""ג",true,,19.90,19.9000,true,1,229193
7290000611785,false,שוקיים עוף קפוא,,,שוקיים עוף קפוא,קילוגרמים,1.00,"ק""ג",true,,29.90,29.9000,true,1,229196
7290000679440,false,משחה לתינוק קמיל בלו,פישר תעשיות,,משחה לתינוק קמיל בלו 100 גר,גרמים,100.00,100 גרם,false,1,14.90,14.9000,true,1,234594
7290000679563,false,דאודורנט פדיסול לרגל,,,דאודורנט פדיסול לרגליים 200 גר בוטן,גרמים,200.00,100 גרם,false,12,29.90,14.9500,true,1,328307
7290000679587,false,קרם פדיסול לרגליים 1,פישר תעשיות,IL,קרם פדיסול לרגליים 100 גר,גרמים,100.00,100 גרם,false,15,19.90,19.9000,true,1,320049
7290000684345,false,שלישיית פילטר בריטה,בריטה,,שלישיית פילטר בריטה,Unknown,0.00,Unknown,false,1,129.00,0.0000,true,1,226716
7290000688084,false,מים מינרלים מי עדן ס,,,מים מינרלים מי עדן ספורט 500 מל פיקדון,מיליליטרים,500.00,"100 מ""ל",false,1,6.00,1.2000,true,1,229750
7290000688374,false,מארז 6יח מים מינרלים,,,מארז 6יח מים מינרלים מי עדן בייבי 330מל,מיליליטרים,1980.00,"100 מ""ל",false,1,13.90,0.7020,true,1,228930
7290000688381,false,שישיית מים מינרלים מ,,,שישיית מים מינרלים מי עדן 500 מל פיק,ליטרים,3.00,ליטר,false,1,14.90,4.9667,true,1,229749
7290000692203,false,נוזל לניקוי כללי אגק,Colgate - Greece,,נוזל לניקוי כללי אגקס לימון 2 ל,ליטרים,2.00,ליטר,false,1,23.90,11.9500,true,1,228385
7290000692210,false,נוזל לניקוי כללי אגק,Colgate - Greece,,נוזל לניקוי כללי אגקס לבנדר 2 ל,ליטרים,2.00,ליטר,false,1,23.90,11.9500,true,1,228384
7290000692227,false,נוזל כלים פלמוליב צי,Colgate - Greece,GR,נוזל כלים פלמוליב צילנדר 1 ל קלאסי,ליטרים,1.00,ליטר,false,15,13.50,13.5000,true,1,227062
7290000692456,false,זוג נוזל לניקוי חלונ,קיטים,GR,זוג נוזל לניקוי חלונות אגקס כחול,ליטרים,1.50,ליטר,false,6,25.90,17.2667,true,1,228380
7290000692937,false,זוג מ.שיניים קולגייט,קיטים,,זוג מ.שיניים קולגייט אדומה משפחתית 100 מ,מיליליטרים,200.00,"100 מ""ל",false,1,19.90,9.9500,true,1,226945
7290000694108,false,חטיף פיקנטי דבאייל ח,יעקובי,IL,דבאייל 230 גרם,גרמים,230.00,100 גרם,false,24,14.00,6.0870,true,1,253509
7290000803067,false,מש.שיניים אלמקס ילדי,CP-Poland swidnica,,מש.שיניים אלמקס ילדים 75 מל,מיליליטרים,75.00,"100 מ""ל",false,1,17.90,23.8667,true,1,228243
7290000803180,false,מי פה לשטיפה מרידול,GABA THERW SWIZ,,"מי פה לשטיפה מרידול 400 מ""ל",מיליליטרים,400.00,"100 מ""ל",false,1,32.90,8.2250,true,1,227483
7290000804484,false,מי פה לשטיפה אלמקס 4,GABA THERW SWIZ,,מי פה לשטיפה אלמקס 400 מל,מיליליטרים,400.00,"100 מ""ל",false,1,25.90,6.4750,true,1,226515
7290000805368,false,מזון כלבים בונזו גור,,,מזון כלבים בונזו גורים 3 קג,קילוגרמים,3.00,"ק""ג",false,1,59.90,19.9667,true,1,228322
7290000805597,false,מזון כלבים בונזו סני,,,מזון כלבים בונזו סניור 3קג,קילוגרמים,3.00,"ק""ג",false,1,45.00,15.0000,true,1,228311
7290000805924,false,לה קט דגים 2.85 קג,,,לה קט דגים 2.85 קג,קילוגרמים,2.85,"ק""ג",false,1,59.90,21.0175,true,1,227801
7290000900117,false,דג סלמון טרי שלם גדו,,,דג סלמון טרי שלם גדול,קילוגרמים,1.00,"ק""ג",true,,89.90,89.9000,true,1,314151
7290000901398,false,קרפיון טחון טרי,,,קרפיון טחון טרי,קילוגרמים,1.00,"ק""ג",true,,35.00,35.0000,true,1,229887
7290000901503,false,אוסובוקו עגל טרי עם,,,אוסובוקו עגל טרי עם עצם,קילוגרמים,1.00,"ק""ג",true,,60.00,60.0000,true,1,229499
7290000901558,false,סינטה עגל טרי,,,סינטה עגל טרי,קילוגרמים,1.00,"ק""ג",true,,110.00,110.0000,true,1,229506
7290000901589,false,פילה עגל טרי,,,פילה עגל טרי,קילוגרמים,1.00,"ק""ג",true,,245.00,245.0000,true,1,229505
7290000901596,false,שפיץ צך עגל טרי,,,שפיץ צך עגל טרי,קילוגרמים,1.00,"ק""ג",true,,110.00,110.0000,true,1,229507
7290000902395,false,קופון מי עדן שישייה,,,קופון מי עדן שישייה 1.5ליטר ב9.90שח,Unknown,0.00,Unknown,false,1,0.01,0.0000,true,1,229517
7290000903545,false,גבינה צהובה 28% נעם,,,גבינה צהובה 28% נעם במשקל***,קילוגרמים,1.00,"ק""ג",true,,44.79,44.7900,true,1,229836
7290000910277,false,חזה הודו טרי,,,חזה הודו טרי,קילוגרמים,1.00,"ק""ג",true,,34.90,34.9000,true,1,230473
7290000910321,false,שוקיים הודו טרי,,,שוקיים הודו טרי,קילוגרמים,1.00,"ק""ג",true,,29.90,29.9000,true,1,230475
7290000910338,false,שוק הודו מפורק טרי,,,שוק הודו מפורק טרי,קילוגרמים,1.00,"ק""ג",true,,54.90,54.9000,true,1,230476
7290000910369,false,כנפיים הודו טרי,,,כנפיים הודו טרי,קילוגרמים,1.00,"ק""ג",true,,12.90,12.9000,true,1,230479
7290000910390,false,גרון הודו טרי,,,גרון הודו טרי,קילוגרמים,1.00,"ק""ג",true,,29.90,29.9000,true,1,230481
7290000911823,false,כתף עגל טרי,,,כתף עגל טרי,קילוגרמים,1.00,"ק""ג",true,,79.90,79.9000,true,1,231428
7290000911830,false,בקר טרי טחון,,,בקר טרי טחון,קילוגרמים,1.00,"ק""ג",true,,39.90,39.9000,true,1,343709
7290000950242,false,נתח קצבים,,,נתח קצבים,קילוגרמים,1.00,"ק""ג",true,,140.00,140.0000,true,1,323074
7290000960425,false,גבינה צהובה נעם 9% ב,,,גבינה צהובה נעם 9% במשקל,קילוגרמים,1.00,"ק""ג",true,,79.00,79.0000,true,1,231477
7290000976846,false,תפוח עץ טבעות,,,תפוח עץ טבעות,קילוגרמים,1.00,"ק""ג",true,,55.00,55.0000,true,1,231127
7290000990095,false,סטייק סלמון טרי,,,סטייק סלמון טרי,קילוגרמים,1.00,"ק""ג",true,,99.90,99.9000,true,1,250730
7290001009123,false,לחם כוסמין 100% 650,,,לחם כוסמין 100% 450 גרם,גרמים,450.00,100 גרם,false,1,15.90,3.5333,true,1,317877
7290001009178,false,לחם 100% שיפון 900 ג,,,לחם 100% שיפון 900 גר,גרמים,900.00,100 גרם,false,1,16.90,1.8778,true,1,237621
7290001032138,false,סנט אגור במשקל,בונגראן,FR,סנט אגור במשקל,קילוגרמים,1.00,"ק""ג",true,1,199.00,199.0000,true,1,229705
7290001045237,false,משקה לימונענע סחוט ט,,,משקה לימונענע סחוט טרי 2 ל,ליטרים,2.00,ליטר,false,1,24.20,12.1000,true,1,227433
7290001121023,false,פסטרמה של פעם במשקל,,,פסטרמה של פעם במשקל,קילוגרמים,1.00,"ק""ג",true,,69.00,69.0000,true,1,231055
7290001121092,false,פסטרמה עוף בגריל במש,,,פסטרמה עוף בגריל במשקל,קילוגרמים,1.00,"ק""ג",true,,69.00,69.0000,true,1,231069
7290001121146,false,פסטרמה טבעית חזה הוד,,,פסטרמה טבעית חזה הודו מעושן במשקל,קילוגרמים,1.00,"ק""ג",true,,69.00,69.0000,true,1,231048
7290001121672,false,פסטרמה מעודנת בפפריק,,,פסטרמה מעודנת בפפריקה 300 גר,גרמים,300.00,100 גרם,false,1,21.90,7.3000,true,1,242947
7290001123775,false,שווארמה פרגיות 500 ג,טיבון ויל,IL,שווארמה פרגיות 500 גרם,גרמים,500.00,100 גרם,false,12,24.90,4.9800,true,1,226670
7290001123782,false,שווארמה הודו 500 גרם,טיבון ויל,IL,שווארמה הודו 500 גרם,גרמים,500.00,100 גרם,false,12,24.90,4.9800,true,1,226669
7290001124536,false,מגיק בכוס תירס 70 גר,מג'יק,SG,מגיק בכוס תירס 70 גרם,גרמים,70.00,100 גרם,false,24,4.90,7.0000,true,1,227653
7290001124611,false,שומן כבש 200 גרם,טיבון ויל,IL,שומן כבש 200 גרם,גרמים,200.00,100 גרם,false,15,22.90,11.4500,true,1,226674
7290001124680,false,לשון בקר נקי מוכשר ק,,,לשון בקר נקי מוכשר קפוא,קילוגרמים,1.00,"ק""ג",true,,39.90,39.9000,true,1,231489
7290001125816,false,דג פורל טרי,,,דג פורל טרי,קילוגרמים,1.00,"ק""ג",true,,65.00,65.0000,true,1,234128
7290001127018,false,דג דניס טרי מדיום,,,דג דניס טרי מדיום,קילוגרמים,1.00,"ק""ג",true,,65.00,65.0000,true,1,234133
7290001127193,false,דג בורי טרי,,,דג בורי טרי גדול,קילוגרמים,1.00,"ק""ג",true,,45.00,45.0000,true,1,234135
7290001127759,false,דג אדמונית טרי,,,דג אדמונית טרי גדול,קילוגרמים,1.00,"ק""ג",true,,35.00,35.0000,true,1,234131
7290001129524,false,דג לברק טרי בינוני,,,דג לברק טרי בנוני,קילוגרמים,1.00,"ק""ג",true,,70.00,70.0000,true,1,234134
7290001129616,false,דג אמנון טרי גמבו,,,אמנון טרי גמבו,קילוגרמים,1.00,"ק""ג",true,,45.00,45.0000,true,1,254873
7290001129715,false,דג דניס טרי אקס לארג,,,דג דניס טרי אקס לארג,קילוגרמים,1.00,"ק""ג",true,,85.00,85.0000,true,1,231552
7290001129784,false,דג בס טרי,,,דג בס טרי,קילוגרמים,1.00,"ק""ג",true,,55.00,55.0000,true,1,234127
7290001136287,false,נקה 7 שמפו 750 מל רג,,,נקה 7 שמפו 750 מל רגיל,מיליליטרים,750.00,"100 מ""ל",false,1,12.90,1.7200,true,1,230206
7290001136294,false,נקה 7 שמפו 750 מל יב,,,נקה 7 שמפו 750 מל יבש,מיליליטרים,750.00,"100 מ""ל",false,1,12.90,1.7200,true,1,230205
7290001136362,false,אלסבון נקה 7 ארומה 1,,,אלסבון נקה 7 ארומה 1 ל ירוק,ליטרים,1.00,ליטר,false,1,12.90,12.9000,true,1,227474
7290001136683,false,נקה 7 מרכך 750 מל רג,,,נקה 7 מרכך 750 מל רגיל,מיליליטרים,750.00,"100 מ""ל",false,1,12.90,1.7200,true,1,230209
7290001136799,false,אלסבון נקה 7 ארומה 1,,,אלסבון נקה 7 ארומה 1 ליטר ורוד,ליטרים,1.00,ליטר,false,1,12.90,12.9000,true,1,227261
7290001136973,false,אלסבון נקה 7 ארומה 1,,,אלסבון נקה 7 ארומה 1 ל לבן,ליטרים,1.00,ליטר,false,1,12.90,12.9000,true,1,230673
7290001177570,false,תבניות מזון מחולקת+מ,,,תבניות מזון מחולקת+מכסה 3יח,יחידה,3.00,יחידה,false,1,8.90,2.9667,true,1,337997
7290001179239,false,מלקחיים לגריל נירוסט,,,מלקחיים לגריל נירוסטה 40סמ,יחידה,1.00,יחידה,false,1,12.90,12.9000,true,1,337360
7290001216040,false,טחינה אלארז 500 גר,,IL,טחינה אלארז 500 גר,גרמים,500.00,100 גרם,false,24,15.90,3.1800,true,1,236607
7290001216057,false,טחינה אלארז 1 קג,,IL,טחינה אלארז 1 קג,קילוגרמים,1.00,"ק""ג",false,12,31.90,31.9000,true,1,230753
7290001216101,false,טחינה אל ארז שומשום,,IL,הפשטידה של עידית,קילוגרמים,1.00,"ק""ג",false,12,33.90,33.9000,true,1,335219
7290001216231,false,טחינה אלארז משומשום,,IL,טחינה אלארז משומשום מלא 500 גר,גרמים,500.00,100 גרם,false,24,16.90,3.3800,true,1,236608
7290001216248,false,חלבה פיסטוק אלארז,,,חלבה וניל אלארז 1 קג,קילוגרמים,1.00,"ק""ג",true,,75.00,75.0000,true,1,343079
7290001247051,false,משקה קריסטל למון ליי,יפאורה,,משקה קריסטל למון ליים 2 ליטר,ליטרים,2.00,ליטר,false,1,4.50,2.2500,true,1,307558
7290001247068,false,נקטר ספרינג תות בננה,יפאורה,IL,נקטר ספרינג תות בננה 1 ל בקרטון,ליטרים,1.00,ליטר,false,15,7.50,7.5000,true,1,306632
7290001247082,false,נקטר ספרינג עגבניות,יפאורה,IL,נקטר ספרינג עגבניות 1 ל בקרטון,ליטרים,1.00,ליטר,false,15,7.50,7.5000,true,1,306631
7290001247099,false,נקטר ספרינג מנגו 1 ל,יפאורה,IL,נקטר ספרינג מנגו 1 ל בקרטון,ליטרים,1.00,ליטר,false,15,7.50,7.5000,true,1,306630
7290001247105,false,נקטר ספרינג אפרסק 1,יפאורה,IL,נקטר ספרינג אפרסק 1 ל בקרטון,ליטרים,1.00,ליטר,false,12,7.50,7.5000,true,1,306628
7290001247112,false,נקטר ספרינג לימונענע,יפאורה,IL,נקטר ספרינג לימונענע 1 ל בקרטון,ליטרים,1.00,ליטר,false,15,7.50,7.5000,true,1,306629
7290001247129,false,נקטר ספרינג תפוזים 1,יפאורה,IL,נקטר ספרינג תפוזים 1 ל בקרטון,ליטרים,1.00,ליטר,false,15,7.50,7.5000,true,1,306633
7290001247143,false,נקטר ספרינג תפוחים 1,יפאורה,IL,נקטר ספרינג תפוחים 1 ל בקרטון,ליטרים,1.00,ליטר,false,15,7.50,7.5000,true,1,306634
7290001247952,false,משקה קל תפוזינה ענבי,יפאורה,IL,משקה קל תפוזינה ענבים 1.5 ל,ליטרים,1.50,ליטר,false,12,8.60,5.7333,true,1,227234
7290001258088,false,גבינת קצוטה במשקל,,,גבינת קצוטה במשקל,קילוגרמים,1.00,"ק""ג",true,,139.00,139.0000,true,1,226772
7290001258101,false,גבינת גאודה טבעית במ,,IL,גבינת גאודה טבעית במשקל,קילוגרמים,1.00,"ק""ג",true,,89.00,89.0000,true,1,228137
7290001258118,false,גבינת קממברט טבעי במ,,,גבינת קממברט טבעי במשקל,קילוגרמים,1.00,"ק""ג",true,,99.00,99.0000,true,1,226751
7290001258170,false,גבינת רוקפור במשקל,,,גבינת רוקפור במשקל,קילוגרמים,1.00,"ק""ג",true,,139.00,139.0000,true,1,226646
7290001258217,false,לבנה עיזים במשקל,,,לבנה עיזים במשקל,קילוגרמים,1.00,"ק""ג",true,,60.00,60.0000,true,1,227799
7290001258262,false,גבינת גאודה תיבול במ,,,יוגורט עיזים אוכמניות 500 מל,קילוגרמים,1.00,"ק""ג",true,,89.00,89.0000,true,1,227193
7290001258323,false,גבינת גאודה כמון קימ,,,גבינת גאודה כמון קימל במשקל,קילוגרמים,1.00,"ק""ג",true,,89.00,89.0000,true,1,330790
7290001258385,false,גבינת מוצרלה כדורים,,,גבינת מוצרלה כדורים במשקל,קילוגרמים,1.00,"ק""ג",true,,75.00,75.0000,true,1,320820
7290001258446,false,יוגורט כבשים 850 מל,,,יוגורט כבשים 850 מל,מיליליטרים,850.00,"100 מ""ל",false,1,18.90,2.2235,true,1,229540
7290001258453,false,גבינת קממברט אגוזים,,,גבינת קממברט אגוזים במשקל,קילוגרמים,1.00,"ק""ג",true,,115.00,115.0000,true,1,230867
7290001258552,false,לאבנה בקר 250 גרם יע,משק יעקבס,,לאבנה בקר 250 גרם יעקובס,גרמים,250.00,100 גרם,false,1,8.90,3.5600,true,1,251224
7290001258576,false,גבינת גאודה בואקום 1,,,גבינת גאודה בואקום 180 גר,גרמים,180.00,100 גרם,false,1,23.90,13.2778,true,1,236225
7290001258620,false,גבינת מנצגו בואקום 1,,,גבינת מנצגו בואקום 180 גר,גרמים,180.00,100 גרם,false,1,24.90,13.8333,true,1,236226
7290001258668,false,גבינה עז מה 250 גרם,,,גבינה עז מה 250 גרם 5% שומן,גרמים,250.00,100 גרם,false,1,16.90,6.7600,true,1,237135
7290001258682,false,יוגורט עיזים 500 מל,,,יוגורט עיזים 500 מל,מיליליטרים,500.00,"100 מ""ל",false,1,14.90,2.9800,true,1,236192
7290001258705,false,גבינת גאודה מתובלת ב,,IL,גבינת גאודה מתובלת במשקל,קילוגרמים,1.00,"ק""ג",true,,89.00,89.0000,true,1,327431
7290001258729,false,לאבנה עיזים 250 גר,,,לאבנה עיזים 250 גר,גרמים,250.00,100 גרם,false,1,18.50,7.4000,true,1,237134
7290001258736,false,גבינת קשקבל במשקל,,,יוגורט עזים סילאן 500 מל,קילוגרמים,1.00,"ק""ג",true,,129.00,129.0000,true,1,330794
7290001258774,false,גבינת מוצרלה בייבי,משק יעקבס,,גבינת מוצרלה בייבי 150 גרם יעקובס,גרמים,150.00,100 גרם,false,1,12.90,8.6000,true,1,242397
7290001258811,false,גבינת מוצרלה בייבי ב,,,גבינת מוצרלה בייבי במשקל,קילוגרמים,1.00,"ק""ג",true,,79.00,79.0000,true,1,320833
7290001258903,false,גבינת גאודה כמון קימ,,IL,גבינת גאודה כמון קימל במשקל,קילוגרמים,1.00,"ק""ג",true,,89.00,89.0000,true,1,327434
7290001258910,false,גבינת גאודה חרדל במש,,IL,גבינת גאודה חרדל במשקל,קילוגרמים,1.00,"ק""ג",true,,89.00,89.0000,true,1,327433
7290001258958,false,גבינת מוצרלה מגורדת,,,גבינת מוצרלה מגורדת 200גר,גרמים,200.00,100 גרם,false,1,23.90,11.9500,true,1,249199
7290001258972,false,גבינת חלומי בואקום 2,,,גבינת חלומי בואקום 200גר,גרמים,200.00,100 גרם,false,1,15.90,7.9500,true,1,249198
7290001265642,false,מארז 3 מעדני לה קט פ,,,מארז 3 מעדני לה קט פטה 400 גרם,קילוגרמים,1.20,"ק""ג",false,1,19.90,16.5833,true,1,230436
7290001274576,false,גלידה גלידל וניל תות,פלקו בעמ,,גלידה גלידל וניל תות דיאט 900מל פלדמן,מיליליטרים,900.00,"100 מ""ל",false,1,22.00,2.4444,true,1,232101
7290001274583,false,גלידה גלידל שוקו פקא,פלקו בעמ,,גלידה גלידל שוקו פקאן דיאט 900מל פלדמן,מיליליטרים,900.00,"100 מ""ל",false,1,22.00,2.4444,true,1,232102
7290001274934,false,מאגדת גלידל פרי לימו,פלקו בעמ,,מאגדת גלידל פרי לימון 8 יח פלדמן,יחידה,8.00,יחידה,false,1,21.90,2.7375,true,1,232108
7290001274941,false,מאגדת גלידל פרי פטל,פלקו בעמ,,מאגדת גלידל פרי פטל תות 8 יח פלדמן,יחידה,8.00,יחידה,false,1,21.90,2.7375,true,1,232109
7290001305058,false,פלמוליב סבון נוזלי,CP - Turkey+60,TR,פלמוליב סבון נוזלי חלב ודבש 500 מל,מיליליטרים,500.00,"100 מ""ל",false,12,16.90,3.3800,true,1,227055
7290001305188,false,נוזל כלים פלמוליב לי,Colgate - Greece,GR,נוזל כלים פלמוליב לימון 750 מל שקוף,מיליליטרים,750.00,"100 מ""ל",false,10,11.90,1.5867,true,1,227065
7290001327180,false,גל.קרמיסימו וניל 1.3,"גלידת שטראוס בע""מ",,גל.קרמיסימו וניל 1.33 ל,ליטרים,1.33,ליטר,false,1,22.90,17.2180,true,1,226812
7290001327791,false,גל.קרמיסימו עם עוגיו,"גלידת שטראוס בע""מ",,גל.קרמיסימו עם עוגיות 1.33 ל,ליטרים,1.33,ליטר,false,1,22.90,17.2180,true,1,226814
7290001338407,false,קרם הגנה סקין גארד ג,,,קרם הגנה סקין גארד גל אלוורה להרגעה,מיליליטרים,200.00,"100 מ""ל",false,1,19.90,9.9500,true,1,227164
7290001343845,false,גרנולה פירות 1 קג שק,"דין שיווק וקלייה בע""",,גרנולה פירות 1 קג שקדיה,קילוגרמים,1.00,"ק""ג",false,1,19.90,19.9000,true,1,231179
7290001356241,false,מקרל מעושן חם במשקל,,IL,מקרל מעושן חם במשקל,קילוגרמים,1.00,"ק""ג",true,,99.00,99.0000,true,1,344328
7290001356418,false,פילה הרינג בשמן במשק,,IL,פילה הרינג בשמן במשקל,קילוגרמים,1.00,"ק""ג",true,,49.00,49.0000,true,1,344333
7290001356425,false,פילה הרינג בסגנון מט,,,פילה הרינג בסגנון מטיאס במשקל,קילוגרמים,1.00,"ק""ג",true,,49.00,49.0000,true,1,344331
7290001356432,false,פרוונסל במשקל,,IL,פרוונסל במשקל,קילוגרמים,1.00,"ק""ג",true,,49.00,49.0000,true,1,344335
7290001356470,false,מקרל פרוס בשמן במשקל,,IL,מקרל פרוס בשמן במשקל,קילוגרמים,1.00,"ק""ג",true,,109.00,109.0000,true,1,344344
7290001356630,false,פילה הרינג כבוש במשק,,IL,פילה הרינג כבוש במשקל,קילוגרמים,1.00,"ק""ג",true,,49.00,49.0000,true,1,344336
7290001356975,false,דג גרבושה בליק סלמון,,IL,דג גרבושה בליק סלמון אלתית עישון קר משקל,קילוגרמים,1.00,"ק""ג",true,,109.00,109.0000,true,1,344359
7290001359129,false,פחם ארוז 1.7קג פחמי,,IL,פחם ארוז 1.7קג פחמי הגליל,גרמים,1700.00,100 גרם,false,1,14.90,0.8765,true,1,345976
7290001407127,false,פרוסות חלבה קלאסית ו,רושדי תעשיות מזון בע,,פרוסות חלבה קלאסית וניל400גר ברכה,גרמים,400.00,100 גרם,false,1,15.00,3.7500,true,1,244929
7290001407134,false,פרוסות חלבה קלאסית ו,רושדי תעשיות מזון בע,,פרוסות חלבה קלאסית וניל פולי קקאו400ג,גרמים,400.00,100 גרם,false,1,15.00,3.7500,true,1,244930
7290001407509,false,טחינה בארכה שוויה שו,רושדי תעשיות מזון בע,,טחינה בארכה שוויה שוויה 500 גר,גרמים,500.00,100 גרם,false,1,15.90,3.1800,true,1,232141
7290001407547,false,טחינה בארכה פי 6 סיד,רושדי תעשיות מזון בע,,טחינה בארכה פי 6 סידן 500ג,גרמים,500.00,100 גרם,false,1,15.90,3.1800,true,1,254300
7290001407752,false,טחינה בראכה עם פטרזי,רושדי תעשיות מזון בע,,טחינה בראכה עם פטרזיליה 500 ג,גרמים,500.00,100 גרם,false,1,15.90,3.1800,true,1,233552
7290001407769,false,טחינה בארכה שומשום מ,רושדי תעשיות מזון בע,,טחינה בארכה שומשום מלא 500 ג,גרמים,500.00,100 גרם,false,1,15.90,3.1800,true,1,233553
7290001407813,false,חלבה שאמית פיסטוק 35,רושדי תעשיות מזון בע,,חלבה שאמית פיסטוק 350 ג בארכה,גרמים,350.00,100 גרם,false,1,15.90,4.5429,true,1,233556
7290001407820,false,חלבה שאמית קלאסית 35,רושדי תעשיות מזון בע,,חלבה שאמית קלאסית 350 ג בארכה,גרמים,350.00,100 גרם,false,1,15.90,4.5429,true,1,233555
7290001407837,false,חלבה שאמית קקאו 350,רושדי תעשיות מזון בע,,חלבה שאמית קקאו 350 ג בארכה,גרמים,350.00,100 גרם,false,1,15.90,4.5429,true,1,233557
7290001407844,false,חלבה קלאסית וניל 350,רושדי תעשיות מזון בע,,חלבה קלאסית וניל 350 ג בארכה,גרמים,350.00,100 גרם,false,1,15.00,4.2857,true,1,233554
7290001407936,false,טחינה בארכה מעודנת 3,רושדי תעשיות מזון בע,,טחינה בארכה מעודנת 310 גרם,גרמים,310.00,100 גרם,false,1,12.90,4.1613,true,1,309487
7290001415214,false,עוגת סבתא שוקולד,פילסברי,,עוגת סבתא שוקולד,Unknown,0.00,Unknown,false,1,28.00,0.0000,true,1,311788
7290001415863,false,חלת כדורים מתוקה,פילסברי,,חלה פרח,Unknown,0.00,Unknown,false,1,10.00,0.0000,true,1,314242
7290001419779,false,וופל עלמה קלאסי שוקו,גילרו,,וופל קלאסי שוקו גילרו 200 גר,גרמים,200.00,100 גרם,false,1,3.90,1.9500,true,1,240793
7290001419793,false,גביעי גלידה מגולגלים,גילרו,,גביעי גלידה מגולגלים עלמה 12 יח,יחידה,1.00,יחידה,false,1,11.90,11.9000,true,1,245654
7290001419892,false,וופל עלמה קלאסי לימו,גילרו,,וופל קלאסי לימון גילרו 200 גר,גרמים,200.00,100 גרם,false,1,3.90,1.9500,true,1,240792
7290001426135,false,מאגדת גלילידה שוקולד,,,מאגדת גלילידה שוקולד 5יח,יחידה,5.00,יחידה,false,1,24.90,4.9800,true,1,342020
7290001426142,false,מאגדת גלילידה וניל 5,,,מאגדת גלילידה וניל 5יח,יחידה,5.00,יחידה,false,1,24.90,4.9800,true,1,342095
7290001426159,false,מאגדת שלגון פריטיקל,,,מאגדת שלגון פריטיקל פ.יער 8יח ללא סוכר,יחידה,8.00,יחידה,false,1,34.90,4.3625,true,1,337625
7290001426265,false,גלידה מתוקונים 30יח,,,גלידה מתוקונים 30יח טעם חמאה,יחידה,30.00,יחידה,false,1,44.90,1.4967,true,1,337627
7290001426296,false,גלידה מתוקונים 30יח,,,גלידה מתוקונים 30יח טעם קינמון,יחידה,30.00,יחידה,false,1,44.90,1.4967,true,1,337886
7290001426357,false,גלידה מתוקונים 30יח,,,גלידה מתוקונים 30יח טעם קרמל,יחידה,30.00,יחידה,false,1,44.90,1.4967,true,1,337628
7290001426364,false,גלידה מתוקונים 30יח,,,גלידה מתוקונים 30יח טעם עוגיות,יחידה,30.00,יחידה,false,1,44.90,1.4967,true,1,337629
7290001426371,false,מאגדת שלגון פריטיקל,,,מאגדת שלגון פריטיקל קוקוס 8יח ללא סוכר,יחידה,8.00,יחידה,false,1,34.90,4.3625,true,1,337624
7290001426395,false,מאגדת שלגון פריטיקל,,,מאגדת שלגון פריטיקל לימונענע,יחידה,8.00,יחידה,false,1,34.90,4.3625,true,1,344305
7290001426401,false,מאגדת שלגון פריטיקל,,,מאגדת שלגון פריטיקל פירות כתום,יחידה,8.00,יחידה,false,1,34.90,4.3625,true,1,344306
7290001426418,false,מאגדת שלגון פריטיקל,,,מאגדת שלגון פריטיקל פירות סגול,יחידה,8.00,יחידה,false,1,34.90,4.3625,true,1,344307
7290001426432,false,גלידה מתוקונים 30יח,,,גלידה מתוקונים 30יח טעם קינמון,יחידה,30.00,יחידה,false,1,44.90,1.4967,true,1,345292
7290001427033,false,מיץ תפוח סחוט טבעי,,IL,מיץ תפוח סחוט טבעי 1 ליטר בק.פ קשת,ליטרים,1.00,ליטר,false,9,16.90,16.9000,true,1,238974
7290001427064,false,מיץ פסיפלורה תפוח סח,,IL,מיץ פסיפלורה תפוח סחוט 500מל ב.ז קשת,מיליליטרים,500.00,"100 מ""ל",false,12,17.90,3.5800,true,1,304554
7290001427071,false,מיץ סלק תפוח סחוט טב,,IL,מיץ סלק תפוח סחוט טבעי 1ליטר ב.ז קשת,ליטרים,1.00,ליטר,false,9,23.90,23.9000,true,1,234945
7290001427132,false,מיץ רימונים סחוט טבע,,IL,מיץ רימונים סחוט טבעי 500מל ב.ז קשת,מיליליטרים,500.00,"100 מ""ל",false,12,23.90,4.7800,true,1,234946
7290001427255,false,מיץ תפוח סחוט טבעי,,IL,מיץ תפוח סחוט טבעי 1 ליטר בק.פ קשת,ליטרים,1.00,ליטר,false,9,18.90,18.9000,true,1,244386
7290001427347,false,מיץ תפוחים סמיט 1ליט,,IL,מיץ תפוחים סמיט 1ליטר בק.פקדון,ליטרים,1.00,ליטר,false,16,19.90,19.9000,true,1,342564
7290001427453,false,מיץ תפוחים פינק לייד,,IL,מיץ תפוחים פינק ליידי 1 ליטר בק. פקדון,ליטרים,1.00,ליטר,false,16,21.90,21.9000,true,1,336082
7290001439432,false,ספוג רחצה משולב מוסק,חוואנטן,CN,ספוג רחצה משולב מוסקו,יחידה,1.00,יחידה,false,1,10.00,10.0000,true,1,306956
7290001439449,false,ספוג גיישנית,חוואנטן,CN,ספוג גיישנית,יחידה,1.00,יחידה,false,1,10.00,10.0000,true,1,307517
7290001461105,false,לחם מחמצת לבן,פילסברי,,לחם רוסטיק לבן,Unknown,0.00,Unknown,false,1,17.90,0.0000,true,1,311463
7290001461112,false,לחם מחמצת דגנים וגרע,פילסברי,,לחם רוסטיק דגנים וגרעינים,Unknown,0.00,Unknown,false,1,17.90,0.0000,true,1,311464
7290001461365,false,כריך רוסטיק לבן,פילסברי,,כריך רוסטיק לבן,Unknown,0.00,Unknown,false,1,5.00,0.0000,true,1,311461
7290001461457,false,בגט רוסטיק קמח מלא ו,פילסברי,,בגט רוסטיק קמח מלא וזרעי פשתן,Unknown,0.00,Unknown,false,1,9.90,0.0000,true,1,311459
7290001461532,false,כריך רוסטיק קמח מלא,פילסברי,,כריך רוסטיק קמח מלא ודגנים,Unknown,0.00,Unknown,false,1,5.50,0.0000,true,1,311462
7290001476208,false,גבינת ברי פקאן במשקל,,,גבינת ברי פקאן במשקל משולש,קילוגרמים,1.00,"ק""ג",true,,139.00,139.0000,true,1,231962
7290001482186,false,לפתן אננס חתוך 567 ג,טקרנג,,לפתן אננס חתוך 567 גר,גרמים,567.00,100 גרם,false,1,6.90,1.2169,true,1,314640
7290001485019,false,גבינת שמנת 5% טבעי 2,טרה,,גבינת שמנת 5% טבעי 200 ג,גרמים,200.00,100 גרם,false,1,10.90,5.4500,true,1,232879
7290001485026,false,גבינת שמנת 5% זיתים,טרה,,גבינת שמנת 5% זיתים 200 ג,גרמים,200.00,100 גרם,false,1,10.90,5.4500,true,1,231199
7290001491010,false,תה ירוק יסמין 1.5 ג,תה ויסוצקי,,תה ירוק יסמין 1.5 ג 25 שק,יחידה,25.00,יחידה,false,1,24.90,0.9960,true,1,228388
7290001491096,false,תה ירוק לימונית/לואי,תה ויסוצקי,IL,תה ירוק לימונית ולואיזה,יחידה,50.00,יחידה,false,12,44.90,0.8980,true,1,228386
7290001507070,false,פתי בר חרובים מקמח מ,,,פתי בר חרובים מקמח מלא אורגני 200 גר,גרמים,200.00,100 גרם,false,1,7.90,3.9500,true,1,318644
7290001507179,false,אובלטים קימל אורגניי,,,אובלטים קימל אורגניים 200 גר,גרמים,200.00,100 גרם,false,1,8.90,4.4500,true,1,235525
7290001507360,false,אובלטים כוסמין אורגנ,,,אובלטים כוסמין אורגני 150 גר,גרמים,100.00,100 גרם,false,1,10.90,10.9000,true,1,318648
7290001515310,false,כרית קרצוף יפני 6יח,3m,,כרית קרצוף יפני 6יח סקוטש ברייט,יחידה,6.00,יחידה,false,1,12.90,2.1500,true,1,306530
7290001515631,false,ספוג קרצוף ארוך 3יח,,,ספוג קרצוף ארוך 3יח קשיח לבןסקוטש ברייט,Unknown,0.00,Unknown,false,1,9.90,0.0000,true,1,319097
7290001567142,false,נקניק סלמי תה מפולפל,,,נקניק סלמי תה מפולפל במשקל,קילוגרמים,1.00,"ק""ג",true,,45.00,45.0000,true,1,304885
7290001567555,false,פסטרמה מעודנת בדבש 3,,,פסטרמה מעודנת בדבש 300 גר,גרמים,300.00,100 גרם,false,1,21.90,7.3000,true,1,312419
7290001567708,false,נקניקיות וינר 400 גר,מעדני יחיעם,IL,נקניקיות וינר 400 גרם ללא חומרים משמרים,גרמים,400.00,100 גרם,false,1,11.90,2.9750,true,1,308941
7290001567760,false,פסטרמה של פעם 300ג ל,מעדני יחיעם,IL,פסטרמה של פעם 300ג ללא חומר משמר,גרמים,300.00,100 גרם,false,1,25.90,8.6333,true,1,309606
7290001567791,false,פסטרמה רומנית 250גר,מעדני יחיעם,IL,פסטרמה רומנית 250גר ללא חומר משמר,גרמים,250.00,100 גרם,false,1,25.90,10.3600,true,1,309607
7290001567807,false,כתף בקר מעושן 250גר,מעדני יחיעם,IL,כתף בקר מעושן 250גר ללא חומר משמר,גרמים,250.00,100 גרם,false,1,25.90,10.3600,true,1,309608
7290001567814,false,נק.סלמי מעושן איטלקי,מעדני יחיעם,IL,נק.סלמי מעושן איטלקי 300ג ללא חומר משמר,גרמים,300.00,100 גרם,false,1,21.90,7.3000,true,1,309602
7290001591673,false,קניידלך מקמח תפוא500,,,קניידלך מקמח תפוא500גר שלושת האופים קפוא,גרמים,500.00,100 גרם,false,1,19.90,3.9800,true,1,343977
7290001591680,false,קניידלך מקמח מצה 500,,,קניידלך מקמח מצה 500גר שלושת האופים קפוא,גרמים,500.00,100 גרם,false,1,19.90,3.9800,true,1,343976
7290001591703,false,קבב אנגוס עגול 500גר,טיבון ויל,IL,קבב אנגוס עגול 500גר טיבון ויל,גרמים,500.00,100 גרם,false,8,24.90,4.9800,true,1,343458
7290001591710,false,המבורגר אנגוס 600 גר,טיבון ויל,IL,המבורגר אנגוס 600 גרם טיבון ויל,גרמים,600.00,100 גרם,false,12,24.90,4.1500,true,1,343461
7290001591727,false,קבב על מקל 500 גרם ט,טיבון ויל,IL,קבב על מקל 500 גרם טיבון ויל,גרמים,500.00,100 גרם,false,12,24.90,4.9800,true,1,343459
7290001591734,false,נקניקיות מרגז בסגנון,טיבון ויל,IL,נקניקיות מרגז בסגנון מרוקאי 500גר טיבון,גרמים,500.00,100 גרם,false,12,24.90,4.9800,true,1,343462
7290001591741,false,קבבוני טלה 500 גרם ט,טיבון ויל,IL,קבבוני טלה 500 גרם טיבון ויל,גרמים,500.00,100 גרם,false,12,24.90,4.9800,true,1,343460
7290001591758,false,קבב מזרחי בסגנון בית,טיבון ויל,IL,קבב מזרחי בסגנון ביתי אנגוס 600גר טיבון,גרמים,600.00,100 גרם,false,12,24.90,4.1500,true,1,344750
7290001591949,false,שיפודי פרגיות 500גר,טיבון ויל,IL,שיפודי פרגיות 500גר 100% טיבונוויל,גרמים,500.00,100 גרם,false,12,47.90,9.5800,true,1,344751
7290001594155,false,קוקה קולה 500 מל פקד,קוקה קולה,,קוקה קולה 500 מל פקדון,מיליליטרים,500.00,"100 מ""ל",false,1,7.90,1.5800,true,1,226975
7290001594179,false,פאנטה אורנג 500 מל פ,קוקה קולה,IL,פנט אורנג 500 מל,מיליליטרים,500.00,"100 מ""ל",false,24,7.90,1.5800,true,1,227245
7290001594230,false,קינלי סודה 250 פקדון,קוקה קולה,IL,קינלי סודה 250,מיליליטרים,250.00,"100 מ""ל",false,24,5.50,2.2000,true,1,229002
7290001594377,false,מיץ פריגת תפוזים 500,פריגת,,מיץ פריגת תפוזים 500 מל פקדון,מיליליטרים,500.00,"100 מ""ל",false,1,6.90,1.3800,true,1,227112
7290001594384,false,פריגת אשכוליות 500 מ,פריגת,,פריגת אשכוליות 500 מל פקדון,מיליליטרים,500.00,"100 מ""ל",false,1,6.90,1.3800,true,1,227110
7290001594391,false,פריגת ענבים 500 מל פ,פריגת,,פריגת ענבים 500 מל פקדון,מיליליטרים,500.00,"100 מ""ל",false,1,6.90,1.3800,true,1,227111
7290001594568,false,בירה קרלסברג פח 500,קרלסברג ישראל,IL,קרלסברג פח 500 מל פקדון,מיליליטרים,500.00,"100 מ""ל",false,24,8.90,1.7800,true,1,226797
7290001594575,false,בירה טובורג פח 500 פ,קרלסברג ישראל,IL,טובורג פח 500 מל פקדון,מיליליטרים,500.00,"100 מ""ל",false,24,8.90,1.7800,true,1,227931
7290001594803,false,מארז 6 בירה טובורג ג,קרלסברג ישראל,,מארז 6 בירה טובורג גרין בק 330מל פקדון,ליטרים,1.98,ליטר,false,1,34.90,17.6263,true,1,227927
7290001594858,false,מארז 6 בירה טובורג ר,קרלסברג ישראל,,מארז 6 בירה טובורג רד בק 330 פקדון,ליטרים,1.98,ליטר,false,1,34.90,17.6263,true,1,227925
7290001594865,false,מארז 6 בירה קרלסברג,קרלסברג ישראל,,מארז 6 בירה קרלסברג בק 330 פקדון,ליטרים,1.98,ליטר,false,1,34.90,17.6263,true,1,226795
7290001641125,false,פילה דג פורל ים עם ע,,,פילה דג פורל ים עם עור קפוא,קילוגרמים,1.00,"ק""ג",true,,69.90,69.9000,true,1,338468
7290001641132,false,פילה פורל במשקל,,,פילה פורל במשקל,קילוגרמים,1.00,"ק""ג",true,,69.90,69.9000,true,1,338469
7290001641736,false,פילה דג אמנון 5-7 לל,דלידג,,פילה דג אמנון 5-7 ללא עור קפוא,קילוגרמים,1.00,"ק""ג",true,,37.90,37.9000,true,1,336184
7290001670064,false,סכינים לבן 100 יח חד,,,סכינים לבן 100 יח חדפ,Unknown,0.00,Unknown,false,1,15.90,0.0000,true,1,228958
7290001670255,false,כוסות קרטון חד פעמי,,,כוסות קרטון חד פעמי 8בי 50יח,יחידה,50.00,יחידה,false,1,8.90,0.1780,true,1,320641
7290001670873,false,צלחות גדולות 1קג לבן,,,צלחות גדולות 1קג לבן,קילוגרמים,1.00,"ק""ג",false,1,42.90,42.9000,true,1,229263
7290001690017,false,טונה בשמן קנולה 1 קג,פוסידון,,טונה בשמן קנולה 1 קג בשקית,קילוגרמים,1.00,"ק""ג",false,1,40.00,40.0000,true,1,343973
7290001690208,false,גבינת גאודה פרה 200ג,,NL,גבינת גאודה פרה 200גר גק ציס,גרמים,200.00,100 גרם,false,1,19.90,9.9500,true,1,343221
7290001690215,false,גבינת גאודה עיזים 20,,NL,גבינת גאודה עיזים 200גר גק ציס,גרמים,200.00,100 גרם,false,1,24.90,12.4500,true,1,343222
7290001690376,false,דג אמנון שלם ארוז בו,דלידג,,דג אמנון שלם ארוז בוואקום במשקל,קילוגרמים,1.00,"ק""ג",true,,19.90,19.9000,true,1,343716
7290001690512,false,תות שדה קפוא 250גרם,,,תות שדה קפוא 250גרם שף שגב,גרמים,250.00,100 גרם,false,12,10.90,4.3600,true,1,345564
7290001690529,false,מיקס פירות טרופי קפו,,,מיקס פירות טרופי קפואות 250גר שף שגב,גרמים,250.00,100 גרם,false,12,10.90,4.3600,true,1,345563
7290001690536,false,מיקס פירות יער קפואו,,,מיקס פירות יער קפואות 250גר שף שגב,גרמים,250.00,100 גרם,false,12,10.90,4.3600,true,1,345562
7290001690543,false,חתיכות אננס קפוא 250,,,חתיכות אננס קפוא 250גרם שף שגב,גרמים,250.00,100 גרם,false,12,10.90,4.3600,true,1,345565
7290001690550,false,מיקס תות בננה קפוא 2,,,מיקס תות בננה קפוא 250גרם שף שגב,גרמים,250.00,100 גרם,false,12,10.90,4.3600,true,1,345567
7290001690567,false,נתחי מנגו קפוא 250גר,,,נתחי מנגו קפוא 250גרם שף שגב,גרמים,250.00,100 גרם,false,12,10.90,4.3600,true,1,345566
7290001690574,false,אוכמניות קפואות 250ג,,,אוכמניות קפואות 250גר שף שגב,גרמים,250.00,100 גרם,false,12,10.90,4.3600,true,1,345561
7290001690956,false,גבינת מאסדם 200 גרם,,NL,גבינת מאסדם 200 גרם הולנדית גוש,גרמים,200.00,100 גרם,false,1,19.90,9.9500,true,1,347097
7290001690987,false,דג פילה הייק במשקל,דלידג,,דג פילה הייק במשקל,קילוגרמים,1.00,"ק""ג",true,,57.90,57.9000,true,1,343212
7290001709290,false,מטבל מנגו פלפל צילי,,IN,מטבל מנגו פלפל צילי ולימון כבוש 500 גרם,גרמים,500.00,100 גרם,false,36,17.90,3.5800,true,1,345730
7290001709467,false,חטיף הודי מטבעות פאנ,,IN,חטיף הודי מטבעות פאני פורי 200 גרם,גרמים,200.00,100 גרם,false,40,19.90,9.9500,true,1,345727
7290001713150,false,קצף ניקוי אקונומיקה,,IL,מסיר אבנית 750מל סנט מוריץ,ליטרים,1.00,ליטר,false,15,9.90,9.9000,true,1,328904
7290001713167,false,קצף ניקוי כללי 1 ליט,,IL,קצף ניקוי כללי 1 ליטר סנט מוריץ,ליטרים,1.00,ליטר,false,12,10.90,10.9000,true,1,330757
7290001713211,false,נוזל רצפות סופר מבוש,,TR,נוזל רצפות סופר מבושם 2.5ליטר מאסק,מיליליטרים,2500.00,"100 מ""ל",false,8,12.90,0.5160,true,1,336479
7290001713228,false,נוזל רצפות סופר מבוש,,TR,נוזל רצפות סופר מבושם 2.5ליטר כחול,מיליליטרים,2500.00,"100 מ""ל",false,8,12.90,0.5160,true,1,336477
7290001713235,false,נוזל רצפות סופר מבוש,,TR,נוזל רצפות סופר מבושם 2.5ליטר סגול,מיליליטרים,2500.00,"100 מ""ל",false,8,12.90,0.5160,true,1,336478
7290001713372,false,תרסיס לניקוי מ. עור,,IL,תרסיס לניקוי מ. עור 400מל סנט מוריץ,מיליליטרים,400.00,"100 מ""ל",false,12,14.90,3.7250,true,1,330125
7290001713488,false,נוזל חלונות 5 ליטר,,IL,נוזל חלונות 5 ליטר סנט מוריץ לרכב ולבית,ליטרים,1.00,ליטר,false,5,11.90,11.9000,true,1,329804
7290001713648,false,מרכך כביסה פיור בייב,,TR,מרכך כביסה פיור בייבי ורוד 1ליטר,ליטרים,1.00,ליטר,false,12,10.90,10.9000,true,1,345908
7290001713716,false,מרכך כביסה פיור 1.5ל,,TR,מרכך כביסה פיור 1.5ליטר כחול,מיליליטרים,1500.00,"100 מ""ל",false,9,10.90,0.7267,true,1,336469
7290001713785,false,מרכך כביסה פיור בייב,,TR,מרכך כביסה פיור בייבי כחול 1ליטר,ליטרים,1.00,ליטר,false,12,10.90,10.9000,true,1,345907
7290001713815,false,מרכך כביסה 1 ליטר בנ,,TR,מרכך כביסה 1 ליטר בניחוח מלון מפנק,ליטרים,1.00,ליטר,false,12,10.90,10.9000,true,1,342420
7290001713884,false,מטליות רצפה מיקרופיי,,IL,מטליות רצפה מיקרופייבר 3יח סנט מוריץ,יחידה,3.00,יחידה,false,24,13.90,4.6333,true,1,330128
7290001713891,false,מטליות מיקרופייבר לש,,IL,מטליות מיקרופייבר לשיש 5יח סנט מוריץ,יחידה,5.00,יחידה,false,24,6.90,1.3800,true,1,330124
7290001713907,false,אקונומיקה סמיכה 4ליט,,IL,אקונומיקה סמיכה 4ליטר בלנקו גל,ליטרים,4.00,ליטר,false,4,11.90,2.9750,true,1,333208
7290001713921,false,אקונומיקה מבושמת 4 ל,,IL,אקונומיקה מבושמת 4 ליטר מלבינה,ליטרים,4.00,ליטר,false,4,9.90,2.4750,true,1,336480
7290001726006,false,בורקס פטריות,בונז'ור,,בורקס פטריות,קילוגרמים,1.00,"ק""ג",true,,35.00,35.0000,true,1,305769
7290001726037,false,קרואסון ביס טעם נוגט,בונז'ור,,קרואסון ביס טעם נוגט,קילוגרמים,1.00,"ק""ג",true,,37.00,37.0000,true,1,308366
7290001726044,false,קרואסון ביס חלבה,בונז'ור,,קרואסון ביס חלבה,קילוגרמים,1.00,"ק""ג",true,,37.00,37.0000,true,1,308365
7290001780428,false,מאגדת שלגון דיאט שוק,גלידות נסטלה,,מאגדת שלגון דיאט שוקולד 6 יח,גרמים,312.00,100 גרם,false,1,29.90,9.5833,true,1,231385
7290001791349,false,אקונומיקה פסגה ריחני,,,אקונומיקה פסגה ריחנית 4 ל,ליטרים,4.00,ליטר,false,1,10.90,2.7250,true,1,232748
7290001791776,false,סנו די דוחה יתושים א,,,סנו די דוחה יתושים אלוורה,מיליליטרים,50.00,"100 מ""ל",false,1,17.90,35.8000,true,1,232854
7290001813881,false,ביסקויט פתיבר קלאסי,,,ביסקויט פתי בר קלאסי 500 גרם,גרמים,500.00,100 גרם,false,1,9.90,1.9800,true,1,226860
7290001817377,false,חטיף ציטוס איקס עיגו,STRAUSS-ISRAEL,IL,ציטוס איקס עיגול 60,Unknown,0.00,Unknown,false,40,3.60,0.0000,true,1,226873
7290001817728,false,חטיף ציטוס כאפה 55 ג,STRAUSS-ISRAEL,IL,ציטוס כאפה 55 גר תפזורת,Unknown,0.00,Unknown,false,40,3.60,0.0000,true,1,229281
7290001835364,false,פרמיו חטיפי ברווז 10,,CN,פרמיו חטיפי ברווז 100 גר,גרמים,100.00,100 גרם,false,10,14.90,14.9000,true,1,346070
7290001865439,false,פמילי אל סבון לבן 1,אינטרקוסמא,,פמילי אל סבון לבן 1 ל משאבה,ליטרים,1.00,ליטר,false,1,10.90,10.9000,true,1,231345
7290001865453,false,פמילי אל סבון לבנדר,אינטרקוסמא,,פמילי אל סבון לבנדר 1 ל משאבה,ליטרים,1.00,ליטר,false,1,10.90,10.9000,true,1,231346
7290001865460,false,פמילי אל סבון קוקוס,אינטרקוסמא,,פמילי אל סבון קוקוס 1 ל משאבה,ליטרים,1.00,ליטר,false,1,10.90,10.9000,true,1,231347
7290001873441,false,המבורגר בלאק אנגוס 3,טיבון ויל,IL,המבורגר בלאק אנגוס 320גר,גרמים,320.00,100 גרם,false,6,27.90,8.7187,true,1,331114
7290001873458,false,סטייק בורגר בלאק אנג,טיבון ויל,IL,סטייק בורגר בלאק אנגוס 320גר,גרמים,320.00,100 גרם,false,6,27.90,8.7187,true,1,331115
7290001873472,false,קבב בלאק אנגוס 320גר,טיבון ויל,IL,קבב בלאק אנגוס 320גר,גרמים,320.00,100 גרם,false,6,27.90,8.7187,true,1,331116
7290001873489,false,קרפצו בלאק אנגוס 120,טיבון ויל,IL,קרפצו בלאק אנגוס 120גר,גרמים,120.00,100 גרם,false,15,21.90,18.2500,true,1,331117
7290001881040,false,מלפפון בייבי כבוש במ,מאמא מרי,IL,מלפפון ביבי במלח,גרמים,600.00,100 גרם,false,1,28.90,4.8167,true,1,250264
7290001881095,false,עגבניות שרי כבושות 5,מאמא מרי,IL,עגבניות שרי,גרמים,500.00,100 גרם,false,1,28.90,5.7800,true,1,250265
7290001881224,false,אננס 300 גרם,מאמא מרי,,אננס 300 גרם,גרמים,300.00,100 גרם,false,1,15.90,5.3000,true,1,318037
7290001881231,false,מנגו 300 גרם,מאמא מרי,,מנגו 300 גרם,גרמים,300.00,100 גרם,false,1,17.90,5.9667,true,1,319586
7290001881293,false,תות שדה קפוא 300גר,מאמא מרי,,תות שדה קפוא 300גר,גרמים,300.00,100 גרם,false,1,11.90,3.9667,true,1,324109
7290001881552,false,עגבניות שרי במשקל,מאמא מרי,,עגבניות שרי במשקל,קילוגרמים,1.00,"ק""ג",true,,39.00,39.0000,true,1,246943
7290001881569,false,סלט פטריות אופתה במש,מאמא מרי,IL,פטריות אופתה,קילוגרמים,1.00,"ק""ג",true,1,75.00,75.0000,true,1,246957
7290001881736,false,סלט פטריות מסליאטה ב,מאמא מרי,,סלט פטריות מסליאטה במשקל,קילוגרמים,1.00,"ק""ג",true,,75.00,75.0000,true,1,246955
7290001881873,false,כרוב עם חמוציות כבוש,מאמא מרי,,כרוב עם חמוציות כבוש 750 גרם,גרמים,750.00,100 גרם,false,1,19.90,2.6533,true,1,250269
7290001881972,false,קיווי קפוא 300גר,מאמא מרי,,קיווי קפוא 300גר,גרמים,300.00,100 גרם,false,1,15.90,5.3000,true,1,324111
7290001881989,false,פסיפלורה קפוא 300גר,מאמא מרי,,פסיפלורה קפוא 300גר,גרמים,300.00,100 גרם,false,1,15.90,5.3000,true,1,324110
7290001929858,false,מנגו מיובש 200 גרם ב,"דין שיווק וקלייה בע""",,מנגו מיובש 200 גרם,גרמים,200.00,100 גרם,false,1,12.90,6.4500,true,1,229553
7290001973233,false,מגבוני קמיל בלו סנסט,פישר תעשיות,,מגבוני קמיל בלו סנסטייב 120 יח בקופסא,יחידה,120.00,יחידה,false,1,10.90,0.0908,true,1,234617
7290001973332,false,מגבונים לפנים קמיל ב,פישר תעשיות,IL,ק.ב.ס מגבונים לפנים 60 פלסטיק ליד,יחידה,60.00,יחידה,false,12,7.90,0.1317,true,1,234614
7290001989364,false,מקרל פרוס בשמן במשקל,,,מקרל פרוס בשמן במשקל,קילוגרמים,1.00,"ק""ג",true,,119.00,119.0000,true,1,317334
7290001990094,false,סוכר חום צנצנת 1 קג,סוגת תעשיות בעמ,IL,סוכר חום קלאסי בצנצנת,קילוגרמים,1.00,"ק""ג",false,8,14.90,14.9000,true,1,226900
7290001990117,false,שומשום סוגת 100 גרם,סוגת תעשיות בעמ,,שומשום סוגת 100 גרם,גרמים,100.00,100 גרם,false,1,4.50,4.5000,true,1,229035
7290001990148,false,סוכר גולדן קלאסי צנצ,סוגת תעשיות בעמ,,סוכר גולדן קלאסי צנצנת 1 קג סוגת,קילוגרמים,1.00,"ק""ג",false,1,12.90,12.9000,true,1,233759
7290001990261,false,חומוס סוגת 1 קג,סוגת תעשיות בעמ,IL,חומוס 1 קג,קילוגרמים,1.00,"ק""ג",false,12,15.90,15.9000,true,1,234014
7290001990278,false,שעועית לבנה סוגת 1 ק,סוגת תעשיות בעמ,,שעועית לבנה סוגת 1 קג,קילוגרמים,1.00,"ק""ג",false,1,18.90,18.9000,true,1,234046
7290001990377,false,שעועית בובס סוגת 500,סוגת תעשיות בעמ,IL,שעועית בובס 500 גר,גרמים,500.00,100 גרם,false,12,12.90,2.5800,true,1,230439
7290001990391,false,אפונה סוגת 1 קג,סוגת תעשיות בעמ,,אפונה סוגת 1 קג,קילוגרמים,1.00,"ק""ג",false,1,12.90,12.9000,true,1,233983
7290001990407,false,עדשים ירוקים סוגת 1,סוגת תעשיות בעמ,,עדשים ירוקים סוגת 1 קג,קילוגרמים,1.00,"ק""ג",false,1,15.90,15.9000,true,1,234037
7290001990414,false,עדשים אדומים סוגת 1,סוגת תעשיות בעמ,,עדשים אדומים סוגת 1 קג,קילוגרמים,1.00,"ק""ג",false,1,15.90,15.9000,true,1,233984
7290001990421,false,פופקורן סוגת 1 קג,סוגת תעשיות בעמ,,פופקורן סוגת 1 קג,קילוגרמים,1.00,"ק""ג",false,1,10.90,10.9000,true,1,234186
7290002000136,false,שעוות דבש למיקרוגל מ,,,שעוות דבש למיקרוגל מגע המשי 500 ג,גרמים,500.00,100 גרם,false,1,21.90,4.3800,true,1,229269
7290002000266,false,שעוות התפוח למיקרוגל,,,שעוות התפוח למיקרוגל מגע המשי 500 ג,גרמים,500.00,100 גרם,false,1,21.90,4.3800,true,1,229270
7290002000921,false,רשת צליה 19/21סמ צול,,,רשת צליה 19/21סמ צולה כבד משובץ,יחידה,1.00,יחידה,false,1,19.90,19.9000,true,1,337206
7290002002857,false,נייר להסרת שיער מגע,,,נייר להסרת שיער מגע המשי 50 יח,יחידה,50.00,יחידה,false,1,21.90,0.4380,true,1,229275
7290002007029,false,קוקוס 100 גרם,,,קוקוס 100 גרם,גרמים,100.00,100 גרם,false,1,4.50,4.5000,true,1,226977
7290002007234,false,אבקת סוכר 100 גרם,,,אבקת סוכר 100 גרם,גרמים,100.00,100 גרם,false,1,2.00,2.0000,true,1,228375
7290002007241,false,סודה לשתיה הנמל 50 ג,,,סודה לשתיה הנמל 50 גרם,Unknown,0.00,Unknown,false,1,2.00,0.0000,true,1,227276
7290002007302,false,מזרה צנצנת 100 גרם,,,מזרה צנצנת 100 גרם,גרמים,100.00,100 גרם,false,1,5.90,5.9000,true,1,227681
7290002007371,false,פירורי לחם הנמל 500,,,פירורי לחם 500 גר,גרמים,500.00,100 גרם,false,1,7.50,1.5000,true,1,227051
7290002007395,false,דובדבנים 100 גרם,,,דובדבנים 100 גרם,גרמים,100.00,100 גרם,false,1,7.50,7.5000,true,1,227986
7290002007401,false,קליפות הדרים מסוכרים,,,קליפות הדרים מסוכרים 100 גרם,גרמים,100.00,100 גרם,false,1,6.50,6.5000,true,1,226735
7290002007623,false,כוסות ליין 50 יח,,,כוסות ליין 50 יח,יחידה,50.00,יחידה,false,54,5.90,0.1180,true,1,227744
7290002007746,false,צבע מאכל כחול 55 מל,,,צבע מאכל כחול 55 מל,מיליליטרים,55.00,"100 מ""ל",false,1,3.50,6.3636,true,1,226880
7290002007852,false,תמצית אפיה וניל 55 מ,,,"תמצית אפיה וניל 55 מ""ל",מיליליטרים,55.00,"100 מ""ל",false,1,3.50,6.3636,true,1,228436
7290002008057,false,"תמצית אפיה רום 55 מ""",,,"תמצית אפיה רום 55 מ""ל",מיליליטרים,55.00,"100 מ""ל",false,1,3.50,6.3636,true,1,228437
7290002008224,false,מזרה עגול צנצנת 100,,,מזרה עגול צנצנת 100 גרם,גרמים,60.00,100 גרם,false,1,5.90,9.8333,true,1,227680
7290002008651,false,קמח תפוח אדמה 500 גר,,,קמח תפוח אדמה 500 גרם,גרמים,500.00,100 גרם,false,1,5.90,1.1800,true,1,226745
7290002008743,false,סוכר וניל 10 יח,,,סוכר וניל 10 יח,גרמים,100.00,100 גרם,false,1,3.00,3.0000,true,1,227283
7290002008750,false,אבקת אפיה 10 יח,,,אבקת אפיה 10 יח,גרמים,100.00,100 גרם,false,1,3.00,3.0000,true,1,228367
7290002008774,false,שומשום הנמל 200 גר,,,שומשום הנמל 200 גר,גרמים,200.00,100 גרם,false,1,6.90,3.4500,true,1,226675
7290002013006,false,פסטרממיה מקסיקנית במ,,IL,פסטרממיה מקסיקנית במשקל,קילוגרמים,1.00,"ק""ג",true,,69.00,69.0000,true,1,345582
7290002013037,false,פסטרמה פרגיות על לבנ,,IL,פסטרמה פרגיות על לבנים במשקל,קילוגרמים,1.00,"ק""ג",true,,69.00,69.0000,true,1,345583
7290002013174,false,פסטרמה של פעם במשקל,,IL,פסטרמה של פעם במשקל,קילוגרמים,1.00,"ק""ג",true,,69.00,69.0000,true,1,345584
7290002013747,false,נקניק סלמי מפולפל במ,,IL,נקניק סלמי מפולפל במשקל,קילוגרמים,1.00,"ק""ג",true,,42.00,42.0000,true,1,345595
7290002019787,false,רוטב עגבניות 260 ג פ,פריניר,,רוטב עגבניות 260 ג פלסטי פריניר,גרמים,260.00,100 גרם,false,1,3.80,1.4615,true,1,226655
7290002019794,false,רוטב עגבניות 100 ג פ,פריניר,,רוטב עגבניות 100 ג פלסטיק פריניר,גרמים,100.00,100 גרם,false,1,1.90,1.9000,true,1,226654
7290002022923,false,לקקן כרמית תות 50 יח,שוגבי,,לקקן כרמית תות 50 יח שקית,יחידה,50.00,יחידה,false,1,16.90,0.3380,true,1,231801
7290002024606,false,חזרת במשקל,,,חזרת במשקל,גרמים,1000.00,100 גרם,false,1,35.00,3.5000,true,1,227849
7290002026341,false,ציפס בטטה 500 גרם,,,ציפס בטטה 500 גרם אריסטו קראנץ,גרמים,500.00,100 גרם,false,1,16.90,3.3800,true,1,254309
7290002026358,false,ציפס בטטה זיגזג 500,,,ציפס בטטה זיגזג 500 גרם אריסטו קראנץ,גרמים,500.00,100 גרם,false,1,16.90,3.3800,true,1,254308
7290002026365,false,טבעות בצל 500 גרם,,,טבעות בצל 500 גרם אריסטו קראנץ,גרמים,500.00,100 גרם,false,1,12.90,2.5800,true,1,254307
7290002026402,false,בלינצס גבינה בראנץ א,מוצרי איכות אמריקאיי,IL,בלינצס גבינה,גרמים,350.00,100 גרם,false,8,15.50,4.4286,true,1,245983
7290002026433,false,וופל בלגי בראנץ אנד,מוצרי איכות אמריקאיי,,וופל בלגי בראנץ אנד קראנץ קפוא 4יח,גרמים,220.00,100 גרם,false,1,15.50,7.0455,true,1,245516
7290002026440,false,בייגלה פרצלס בראנץ א,מוצרי איכות אמריקאיי,IL,פרצלס,גרמים,280.00,100 גרם,false,8,15.50,5.5357,true,1,245518
7290002026587,false,וופל בלגי בראנץ אנד,מוצרי איכות אמריקאיי,,וופל בלגי בראנץ אנד קראנץ קפוא 8יח,גרמים,280.00,100 גרם,false,10,15.50,5.5357,true,1,330887
7290002026983,false,גל.וניל בן אנד גריס,מוצרי איכות אמריקאיי,,גל.וניל בן אנד גריס שוקולד בצק עוגיות500,מיליליטרים,500.00,"100 מ""ל",false,1,19.90,3.9800,true,1,327242
7290002037040,false,חלה פלוס ודש 500 גרם,מאפית י.את א. ברמן ב,,חלה פלוס ודש 500 גרם,גרמים,500.00,100 גרם,false,1,15.90,3.1800,true,1,227887
7290002037057,false,לחם לבן פרוס 500 גרם,מאפית י.את א. ברמן ב,,לחם לבן פרוס 500 גרם***,גרמים,500.00,100 גרם,false,1,6.10,1.2200,true,1,227819
7290002037125,false,חלה פרוסה 500 גרם,מאפית י.את א. ברמן ב,,חלה פרוסה 500 גרם,גרמים,500.00,100 גרם,false,1,9.90,1.9800,true,1,227886
7290002037309,false,מארז 2+6 לחמניה המבו,מאפית י.את א. ברמן ב,,מארז 2+6 לחמניה המבורגר 50 גרם,גרמים,400.00,100 גרם,false,1,13.90,3.4750,true,1,227623
7290002037637,false,מארז 4 חליה מתוקה 90,מאפית י.את א. ברמן ב,,מארז 4 חליה מתוקה 90 גרם,גרמים,350.00,100 גרם,false,1,13.90,3.9714,true,1,228341
7290002040019,false,קוסקוס רגיל 350 גרם,,,קוסקוס רגיל 350 גרם,גרמים,350.00,100 גרם,false,1,5.90,1.6857,true,1,226971
7290002040064,false,קוסקוס דק 350 גרם,,,קוסקוס דק 350 גרם,גרמים,350.00,100 גרם,false,1,5.90,1.6857,true,1,226969
7290002040071,false,קוסקוס עבה 350 גרם,,,קוסקוס עבה 350 גרם,גרמים,350.00,100 גרם,false,1,5.90,1.6857,true,1,226970
7290002040088,false,קוסקוס מלא 350 ג,,,קוסקוס מלא 350 ג,גרמים,350.00,100 גרם,false,1,6.90,1.9714,true,1,232393
7290002043188,false,ציפס אורז חום צילי ח,,BG,ציפס אורז חום צילי חריף 60 גרם,Unknown,0.00,Unknown,false,24,6.90,0.0000,true,1,335945
7290002043218,false,ציפס אורז חום מלא מל,,BG,ציפס אורז חום מלא מלוח 60 גרם,Unknown,0.00,Unknown,false,24,6.90,0.0000,true,1,335944
7290002043225,false,ציפס אורז חום פפריקה,,BG,ציפס אורז חום פפריקה 60 גרם,Unknown,0.00,Unknown,false,24,6.90,0.0000,true,1,335946
7290002043232,false,ציפס אורז חום טקסס ב,,BG,ציפס אורז חום טקסס ברביקיו 120 גרם,גרמים,120.00,100 גרם,false,12,11.90,9.9167,true,1,335951
7290002043317,false,ציפס אורז חום צילי ח,,BG,ציפס אורז חום צילי חריף 24 גרם,Unknown,0.00,Unknown,false,16,3.90,0.0000,true,1,335941
7290002043331,false,ציפס אורז חום כוסמת,,BG,ציפס אורז חום כוסמת 60 גרם,Unknown,0.00,Unknown,false,24,7.90,0.0000,true,1,335947
7290002043348,false,ציפס אורז חום ציה וק,,BG,ציפס אורז חום ציה וקינואה 60 גרם,Unknown,0.00,Unknown,false,24,7.90,0.0000,true,1,335948
7290002043355,false,ציפס אורז חום זרעי ח,,BG,ציפס אורז חום זרעי חמניות 60 גרם,Unknown,0.00,Unknown,false,24,7.90,0.0000,true,1,335949
7290002043362,false,ציפס אורז חום עדשים,,BG,אושפלוב,Unknown,0.00,Unknown,false,24,7.90,0.0000,true,1,335934
7290002043379,false,ציפס אורז חום עדשים,,BG,אורז מקסיקני,Unknown,0.00,Unknown,false,24,7.90,0.0000,true,1,335933
7290002043782,false,ציפס אורז חום טקסס ב,,BG,ציפס אורז חום טקסס ברביקיו 60 גרם,Unknown,0.00,Unknown,false,24,6.90,0.0000,true,1,335943
7290002053088,false,אטריות ביצים מס 8 או,,,אטריות ביצים מס 8 אורינט 200 גר,גרמים,200.00,100 גרם,false,1,7.90,3.9500,true,1,238775
7290002053101,false,אטריות ביצים מס 12 א,,,אטריות ביצים מס 12 אוריינט 200 גר,גרמים,200.00,100 גרם,false,1,7.90,3.9500,true,1,228230
7290002053118,false,אטריות ביצים מס 14 א,,,אטריות ביצים מס 14 אורינט 200 גר,גרמים,200.00,100 גרם,false,1,7.90,3.9500,true,1,228231
7290002053354,false,אטריות נודלס סיני 30,,,אטריות נודלס סיני 300 גר אוריינט,גרמים,300.00,100 גרם,false,1,12.90,4.3000,true,1,229279
7290002053538,false,איטריות נודלס תאילנד,,,איטריות נודלס תאילנדי100+400 גר אוריינט,גרמים,500.00,100 גרם,false,1,13.90,2.7800,true,1,316018
7290002057123,false,זית חרוזית ירוק יבנה,,,זית חרוזית ירוק יבנה א/2,גרמים,540.00,100 גרם,false,1,9.90,1.8333,true,1,231822
7290002057437,false,שיפקונת 560 גרם קבוצ,,IL,שיפקונת 560 גרם קבוצת יבנה,גרמים,560.00,100 גרם,false,12,9.90,1.7679,true,1,334378
7290002057604,false,פלפל שיפקה כבוש א/2,,,פלפל שיפקה כבוש א/2 יבנה,גרמים,540.00,100 גרם,false,1,6.90,1.2778,true,1,232022
7290002057871,false,זית חרוזית ירוק 540,,,זית ירוק חרוזית צנצנת 580 גר,גרמים,540.00,100 גרם,false,1,9.90,1.8333,true,1,232292
7290002061229,false,קרם להסרת שיער אורנה,אלפא קוסמטיקה,IL,קרם להסרת שיער אורנה 19 קו ביקיני 80גר,Unknown,0.00,Unknown,false,6,15.90,0.0000,true,1,323274
7290002061885,false,קרם להסרת שיער אורנה,אלפא קוסמטיקה,IL,קרם להסרת שיער אורנה 19 נערות 80גר,Unknown,0.00,Unknown,false,6,15.90,0.0000,true,1,323272
7290002075035,false,אובלטים עם קימל 500,,,אובליט עם קימל 500 גרם,גרמים,500.00,100 גרם,false,1,17.00,3.4000,true,1,230225
7290002075219,false,בונבוניירה אייסקונפק,,,בונבוניירה אייסקונפקט 500 גר,גרמים,500.00,100 גרם,false,1,35.00,7.0000,true,1,235756
7290002075233,false,בונבוניירה אייסקונפק,,,בונבוניירה אייסקונפקט 250 גר,גרמים,250.00,100 גרם,false,1,16.90,6.7600,true,1,235755
7290002077268,false,מיני קציצות דג לבישו,דלידג,IL,מיני קציצות דג לבישול 500 גר,גרמים,500.00,100 גרם,false,8,22.90,4.5800,true,1,241626
7290002079033,false,לחם דגנים לייט פרוס,דוידוביץ,IL,לחם דגנים לייט פרוס 500גרם,גרמים,500.00,100 גרם,false,1,13.90,2.7800,true,1,233343
7290002079316,false,חלה פרוסה רגילה 500,דוידוביץ,IL,חלה פרוסה רגילה 500גרם,גרמים,500.00,100 גרם,false,1,9.10,1.8200,true,1,237838
7290002079347,false,חלה קלה פרוסה 500 גר,דוידוביץ,IL,חלה קלה פרוסה 500גרם,גרמים,500.00,100 גרם,false,1,9.10,1.8200,true,1,237844
7290002079361,false,מארז 2+6 לחמניית המב,דוידוביץ,IL,המבורגר חתוך 60גרם 6+2 *,גרמים,480.00,100 גרם,false,8,13.90,2.8958,true,1,233344
7290002079477,false,****לחם שחור פרוס 75,דוידוביץ,,****לחם שחור פרוס 750 גר דוידוביץ,גרמים,750.00,100 גרם,false,1,7.91,1.0547,true,1,233345
7290002079552,false,****לחם אחיד 750 גר,דוידוביץ,,****לחם אחיד 750 גר דוידוביץ,גרמים,750.00,100 גרם,false,1,6.96,0.9280,true,1,233480
7290002079590,false,חלה רגילה דוידוביץ,דוידוביץ,,חלה רגילה דוידוביץ 500 גר****,גרמים,400.00,100 גרם,false,1,6.26,1.5650,true,1,233481
7290002079927,false,לחם דגנים מלא 750 גר,דוידוביץ,IL,לחם דגנים קמח מלא 750גרם,גרמים,750.00,100 גרם,false,1,13.90,1.8533,true,1,238595
7290002079996,false,לחם אחיד קל פרוס 750,דוידוביץ,IL,לחם אחיד קל פרוס 750גרם,גרמים,750.00,100 גרם,false,1,13.90,1.8533,true,1,233346
7290002096498,false,עוגיות דובשנית חפץ 6,,,עוגיות דובשנית חפץ 600 גר,גרמים,600.00,100 גרם,false,1,12.90,2.1500,true,1,243855
7290002107071,false,גבינה בולגרית עיזים,מחלבת משק צוריאל,IL,גבינה בולגרית עיזים מעודנת 16% 200ג צורי,גרמים,200.00,100 גרם,false,12,23.90,11.9500,true,1,232208
7290002107385,false,גבינת עיזים קשה מהעז,מחלבת משק צוריאל,,גבינת עיזים קשה מהעז 180 גר,גרמים,180.00,100 גרם,false,1,22.90,12.7222,true,1,233965
7290002107491,false,גבינה עיזים 5% למריח,מחלבת משק צוריאל,,גבינה עיזים 5% למריחה בטעמים 250 ג,גרמים,250.00,100 גרם,false,1,11.90,4.7600,true,1,228161
7290002107743,false,גבינה צפתית מעודנת 5,מחלבת משק צוריאל,,גבינה צפתית מעודנת 5% במשקל צוריאל,קילוגרמים,1.00,"ק""ג",true,,55.00,55.0000,true,1,231577
7290002107798,false,גבינה בולגרית בקר 5%,מחלבת משק צוריאל,,גבינה בולגרית בקר 5% 250 ג בגביע,גרמים,250.00,100 גרם,false,1,19.90,7.9600,true,1,228308
7290002107965,false,גבינת טבורוג 5% כפר,מחלבת משק צוריאל,,גבינת טבורוג 5% כפרי 500 גרם,גרמים,500.00,100 גרם,false,1,23.90,4.7800,true,1,228983
7290002109372,false,בורקס פילו אצבעות בו,שלושת האופים שגמור,IL,בורקס פילו אצבעות בולגרית 700 גר,גרמים,700.00,100 גרם,false,12,20.90,2.9857,true,1,243017
7290002109488,false,קבב אמיתי 100% טיבונ,טיבון ויל,IL,קבב אמיתי 100% טיבונוויל 440 גרם,גרמים,440.00,100 גרם,false,12,15.90,3.6136,true,1,242377
7290002128083,false,נרות חנוכה 44 יח רגי,,,נרות חנוכה 44 יח רגיל מנורה,יחידה,44.00,יחידה,false,50,3.90,0.0886,true,1,227253
7290002128205,false,נרות חנוכה מיוחדים 4,,,נרות חנוכה מיוחדים 44יח מנורה,יחידה,44.00,יחידה,false,1,6.90,0.1568,true,1,229377
7290002128403,false,נרות שבת מס 4,,,נרות שבת מס 4,יחידה,4.00,יחידה,false,1,3.90,0.9750,true,1,347036
7290002128434,false,נרות שבת מס 10,,,נרות שבת מס 10,יחידה,10.00,יחידה,false,50,3.90,0.3900,true,1,347035
7290002129370,false,פילה דג אמנון 5-7 לל,דלידג,,דג פילה אמנון 5-7 ללא עור קפוא,קילוגרמים,1.00,"ק""ג",true,,37.90,37.9000,true,1,321378
7290002129455,false,פיצה איטלקית אקס אל,,IT,פיצה איטלקית אקס אל 450 גרם שלושת האופים,גרמים,450.00,100 גרם,false,8,20.90,4.6444,true,1,318634
7290002129462,false,זוג פיצה איטלקית דקה,,,זוג פיצה איטלקית דקה 640 גר שלושת האופים,גרמים,640.00,100 גרם,false,8,21.90,3.4219,true,1,313290
7290002129479,false,פיצה איטלקית דקה 320,,,פיצה איטלקית דקה 320גרם שלושת האופים,גרמים,320.00,100 גרם,false,14,15.90,4.9688,true,1,313289
7290002129486,false,פיצה זיתים דקה איטלק,,,פיצה זיתים דקה איטלקית 340גר שלושת האופי,גרמים,340.00,100 גרם,false,1,16.90,4.9706,true,1,317233
7290002129769,false,סטייק אנטריקוט טרי י,,,סטייק עין טרי יבוא צרפת,קילוגרמים,1.00,"ק""ג",true,,149.90,149.9000,true,1,319536
7290002129790,false,כתף בקר טרי יבוא,,,כתף בקר טרי יבוא צרפת,קילוגרמים,1.00,"ק""ג",true,,79.90,79.9000,true,1,319539
7290002129806,false,צלי כתף טרי יבוא,,,צלי כתף טרי יבוא צרפת,קילוגרמים,1.00,"ק""ג",true,,84.90,84.9000,true,1,319540
7290002129813,false,פילה מדומה טרי יבוא,,,פילה מדומה טרי יבוא צרפת,קילוגרמים,1.00,"ק""ג",true,,79.90,79.9000,true,1,319542
7290002129851,false,צואר בקר טרי יבוא,,,צואר בקר טרי יבוא צרפת,קילוגרמים,1.00,"ק""ג",true,,69.90,69.9000,true,1,319544
7290002130567,false,דבש טהור יד מרדכי 35,,,דבש טהור יד מרדכי 350 ג צנצנת,גרמים,350.00,100 גרם,false,1,20.90,5.9714,true,1,227980
7290002132011,false,עוגיות עבאדי מזרחיות,עבאדי,,עוגיות עבאדי מזרחיות 400 ג,גרמים,400.00,100 גרם,false,1,18.90,4.7250,true,1,227177
7290002133032,false,פתיתי גבינת קשקבל 30,,,פתיתי גבינת קשקבל 300 גר,גרמים,300.00,100 גרם,false,1,27.90,9.3000,true,1,238396
7290002133070,false,גבינת קשקבל טורקי במ,,,גבינת קשקבל טורקי במשקל,קילוגרמים,1.00,"ק""ג",true,,120.00,120.0000,true,1,238395
7290002133087,false,גבינה בולגרית צאן סו,,,גבינה בולגרית צאן סופיה במשקל,קילוגרמים,1.00,"ק""ג",true,,80.00,80.0000,true,1,238394
7290002133094,false,גבינת ברינזה צאן במש,,,גבינת ברינזה צאן במשקל,קילוגרמים,1.00,"ק""ג",true,,65.00,65.0000,true,1,229455
7290002133117,false,גבינה בולגרית מעודנת,,,גבינה בולגרית מעודנת 5% במשקל שומרון,קילוגרמים,1.00,"ק""ג",true,,45.00,45.0000,true,1,245647
7290002133131,false,גבינת ריקוטה 5% 250,,,גבינת ריקוטה 5% 250 גר,גרמים,250.00,100 גרם,false,1,14.90,5.9600,true,1,229482
7290002133148,false,צפתית רכה שומרון במש,,,צפתית רכה שומרון במשקל,קילוגרמים,1.00,"ק""ג",true,,45.00,45.0000,true,1,229481
7290002133193,false,בולגרית קלאסית 5% שו,,,בולגרית קלאסית 5% שומרון במשקל,קילוגרמים,1.00,"ק""ג",true,,55.00,55.0000,true,1,229479
7290002133247,false,לבנה שמן וזעתר 250 ג,,,לבנה שמן וזעתר 250 גרם,גרמים,250.00,100 גרם,false,1,11.90,4.7600,true,1,229486
7290002133506,false,יוגורט 4% חלב עיזים,,,יוגורט 4% חלב עיזים 400 גר,גרמים,400.00,100 גרם,false,1,13.90,3.4750,true,1,237504
7290002133520,false,יוגורט 3% של פעם 400,,,יוגורט 3% של פעם 400 גר,גרמים,400.00,100 גרם,false,1,10.90,2.7250,true,1,229489
7290002133537,false,יוגורט 4% מחלב עיזים,,,יוגורט 4% מחלב עיזים 180 גר,גרמים,180.00,100 גרם,false,1,6.50,3.6111,true,1,237507
7290002133551,false,לבנה 5% עם שמן זית,,,לבנה 5% עם שמן זית וזעתר 500 גרם,גרמים,500.00,100 גרם,false,1,19.90,3.9800,true,1,318150
7290002133889,false,גבינה בולגרית 5% מעו,,,גבינה בולגרית 5% מעודנת 250 גר,גרמים,250.00,100 גרם,false,1,19.90,7.9600,true,1,237577
7290002157830,false,קוביות גולש 100% עגל,טיבון ויל,,קוביות גולש עגל 800 גרם,גרמים,800.00,100 גרם,false,1,44.90,5.6125,true,1,307216
7290002157953,false,מארז 4 טונה בשמן קנו,ויליגר,,מארז 4 טונה בשמן קנולה ויליגר 140 ג,גרמים,560.00,100 גרם,false,1,19.90,3.5536,true,1,308133
7290002157960,false,מארז 4 טונה במים ויל,ויליגר,,מארז 4 טונה במים ויליגר 140 ג,גרמים,560.00,100 גרם,false,1,19.90,3.5536,true,1,308134
7290002190141,false,ריבת חלב קומידה 450,,,ריבת חלב קומידה 450 גרם צנצנת,גרמים,450.00,100 גרם,false,1,13.90,3.0889,true,1,313293
7290002190516,false,ריבת חלב גלעם 500,,,ריבת חלב גלעם 500 גרם,גרמים,500.00,100 גרם,false,1,13.90,2.7800,true,1,227567
7290002196075,false,דבש טהור 350 גר משק,,,דבש טהור 350 גר משק לין,גרמים,350.00,100 גרם,false,1,20.90,5.9714,true,1,324312
7290002196105,false,דבש טהור 500 גר משק,,,דבש טהור 500 גר משק לין,גרמים,500.00,100 גרם,false,1,25.90,5.1800,true,1,324313
7290002196129,false,דבש טהור 1 קג משק לי,,,דבש טהור 1 קג משק לין,קילוגרמים,1.00,"ק""ג",false,1,44.90,44.9000,true,1,324311
7290002196341,false,רוטב סילאן מוקפץ משק,משק דבורים לין,,רוטב סילאן מוקפץ 320 גר,גרמים,320.00,100 גרם,false,1,23.90,7.4687,true,1,242696
7290002196358,false,רוטב סילאן על האש 32,משק דבורים לין,,רוטב סילאן על האש 320 גר,גרמים,320.00,100 גרם,false,1,23.90,7.4687,true,1,242697
7290002196372,false,רוטב סילאן גריל משק,משק דבורים לין,,רוטב סילאן גריל 320 גר,גרמים,320.00,100 גרם,false,1,23.90,7.4687,true,1,227732
7290002196495,false,רוטב דבש גינגר וצילי,משק דבורים לין,,רוטב דבש גינגר וצילי 320 גר,גרמים,320.00,100 גרם,false,1,23.90,7.4687,true,1,233045
7290002196617,false,רוטב חרדל ודבש משק ל,משק דבורים לין,,רוטב חרדל ודבש 320 גר,גרמים,320.00,100 גרם,false,1,23.90,7.4687,true,1,236003
7290002196822,false,רוטב דבש שום לימון ש,משק דבורים לין,,רוטב דבש שום לימון ושמן זית 320 גר,גרמים,320.00,100 גרם,false,1,23.90,7.4687,true,1,233044
7290002196884,false,רוטב דבש ח.בוטנים קא,משק דבורים לין,,רוטב דבש חמאת בוטנים וקארי 320 גר,גרמים,320.00,100 גרם,false,1,23.90,7.4687,true,1,233046
7290002198031,false,פסטרמה פרגיות במשקל,,IL,פסטרמה פרגיות במשקל ללחמניה,קילוגרמים,1.00,"ק""ג",true,,69.00,69.0000,true,1,345615
7290002198048,false,פסטרמה תיבול שווארמה,,IL,פסטרמה תיבול שווארמה הודו במשקל,קילוגרמים,1.00,"ק""ג",true,,69.00,69.0000,true,1,345616
7290002198055,false,נקניק סרוולד בנוסח א,,IL,נקניק סרוולד בנוסח איטלקי פרימיום במשקל,קילוגרמים,1.00,"ק""ג",true,,140.00,140.0000,true,1,345620
7290002198062,false,פסטרמה מעושנת אקסטרה,,IL,פסטרמה מעושנת אקסטרה הודו במשקל,קילוגרמים,1.00,"ק""ג",true,,69.00,69.0000,true,1,345617
7290002198079,false,נקניק סלמי כמהין פרח,,IL,נקניק סלמי כמהין פרח במשקל,קילוגרמים,1.00,"ק""ג",true,,120.00,120.0000,true,1,345683
7290002198109,false,נקניק צלעות אסאדו מע,,IL,נקניק צלעות אסאדו מעושנת במשקל,קילוגרמים,1.00,"ק""ג",true,,120.00,120.0000,true,1,345619
7290002198116,false,פסטרמה ברזילאית במשק,,IL,פסטרמה ברזילאית במשקל,קילוגרמים,1.00,"ק""ג",true,,109.00,109.0000,true,1,345684
7290002204213,false,דובדבן אדום בראשית ק,,,דובדבן אדום קופסא גדולה יח,Unknown,0.00,Unknown,false,1,16.90,0.0000,true,1,268192
7290002208471,false,גבינת פיקורינו כבשים,משק דותן,IL,גבינת פיקורינו כבשים מיושן 200 גרם דותן,גרמים,200.00,100 גרם,false,12,32.90,16.4500,true,1,253465
7290002208495,false,גבינת תום כבשים מיוש,משק דותן,IL,גבינת תום כבשים מיושן 200 גרם דותן,גרמים,200.00,100 גרם,false,12,32.90,16.4500,true,1,253464
7290002208525,false,גבינה צפתית כבשים קש,משק דותן,IL,גבינה צפתית כבשים קשה 200 גרם דותן,גרמים,200.00,100 גרם,false,12,25.00,12.5000,true,1,253466
7290002232964,false,פירורים לציפוי פז לל,"תירפז בע""מ",,פירורים לציפוי פז ללא גלוטן 600 גר,גרמים,500.00,100 גרם,false,1,27.90,5.5800,true,1,238715
7290002253006,false,שום כתוש טרי דורות 2,דורות,IL,שום כתוש טרי דורות 200 גר,גרמים,200.00,100 גרם,false,24,17.90,8.9500,true,1,226673
7290002253013,false,ראש שום 400גר דורות,דורות,IL,ראש שום 400גר דורות,גרמים,400.00,100 גרם,false,1,24.90,6.2250,true,1,329545
7290002253105,false,קוביות שום טרי דורות,דורות,,קוביות שום טרי דורות 80 גר,גרמים,80.00,100 גרם,false,1,12.90,16.1250,true,1,226925
7290002253150,false,בזיליקום טרי קצוץ דו,דורות,,בזיליקום טרי קצוץ דורות 70 גר,גרמים,70.00,100 גרם,false,1,11.90,17.0000,true,1,228337
7290002253167,false,פטרוזיליה קצוצה דורו,דורות,IL,פטרוזיליה קצוצה דורות 70 גר,גרמים,70.00,100 גרם,false,32,11.90,17.0000,true,1,227027
7290002253174,false,שמיר טרי קצוץ דורות,דורות,IL,שמיר טרי קצוץ דורות 70 גר,גרמים,70.00,100 גרם,false,32,11.90,17.0000,true,1,226719
7290002253181,false,כוסברה קצוצה דורות 7,דורות,IL,כוסברה קצוצה דורות 70 גר,גרמים,70.00,100 גרם,false,32,11.90,17.0000,true,1,230405
7290002253198,false,גינגר טרי כתוש 90 גר,דורות,,גינגר טרי כתוש 90 גר דורות,גרמים,90.00,100 גרם,false,1,10.90,12.1111,true,1,231729
7290002253235,false,רוטב פסטו דורות 160,דורות,IL,רוטב פסטו דורות 160 מל,מיליליטרים,160.00,"100 מ""ל",false,16,12.90,8.0625,true,1,255411
7290002253259,false,רוטב עגבניות בזיליקו,דורות,IL,רוטב עגבניות בזיליקום דורות 160 מל,מיליליטרים,160.00,"100 מ""ל",false,16,12.90,8.0625,true,1,255410
7290002253310,false,קוביות שום צילי חריף,דורות,IL,קוביות שום צילי חריף 80גרם,גרמים,80.00,100 גרם,false,32,12.90,16.1250,true,1,325501
7290002253495,false,תבלין לטחינה ביתית ד,דורות,IL,תבלין לטחינה ביתית דורות 70גר,גרמים,70.00,100 גרם,false,32,11.90,17.0000,true,1,325502
7290002259572,false,כפפות ספונטקס רוזה ז,,,כפפות ספונטקס רוזה זוג מס 6,Unknown,0.00,Unknown,false,1,8.50,0.0000,true,1,227764
7290002259640,false,דיאמונד אלומיניום 84,,,דיאמונד אלומיניום 84 0.3*7.5,Unknown,0.00,Unknown,false,1,12.90,0.0000,true,1,227994
7290002259657,false,דיאמונד אלומיניום 85,,,דיאמונד אלומיניום 85 0.3*22.5,Unknown,0.00,Unknown,false,1,27.90,0.0000,true,1,229110
7290002277248,false,גבינה מון בלאן זעתר,ש.האופים,IL,גבינה מון בלאן זעתר 120 גרם,גרמים,120.00,100 גרם,false,1,10.00,8.3333,true,1,309308
7290002277422,false,ריבועי בצק עלים 700,שלושת האופים,IL,ריבועי בצק עלים 700 גרם שלושת האופים,גרמים,700.00,100 גרם,false,14,20.90,2.9857,true,1,309143
7290002277842,false,טונה בניטו דל נורטה,ויזקיה,,טונה בניטו דל נוטרה 220 גרם,גרמים,220.00,100 גרם,false,1,19.90,9.0455,true,1,321711
7290002277941,false,מקלוני אורז עבים ויל,ליאנג טונגרייס,,מקלוני אורז עבים ויליגר 300 גרם,גרמים,300.00,100 גרם,false,1,5.90,1.9667,true,1,311187
7290002281351,false,אטריות ביצים חיטה מל,ויליגר,,אטריות ביצים חיטה מלאה 250 ג ויליגר,גרמים,250.00,100 גרם,false,1,4.90,1.9600,true,1,334500
7290002281382,false,נתחי פילה סלמון קפוא,דלידג,,נתחי פילה סלמון קפוא,קילוגרמים,1.00,"ק""ג",true,,89.00,89.0000,true,1,325319
7290002281405,false,מארז 2 יח סלט סלמון,ויליגר,IL,מארז 2 יח סלט סלמון מעושן ויליגר 160 גרם,גרמים,320.00,100 גרם,false,18,9.90,3.0938,true,1,326119
7290002281429,false,סטייק דג טונה קפוא ל,דלידג,,סטייק דג טונה קפוא ללא עור,קילוגרמים,1.00,"ק""ג",true,,64.90,64.9000,true,1,325773
7290002281436,false,סטייק דג טונה בהירה,דלידג,,סטייק דג טונה בהירה קפוא ללא עור,קילוגרמים,1.00,"ק""ג",true,,55.00,55.0000,true,1,326580
7290002281443,false,סטייק דג טונה קפוא ל,דלידג,,סטייק דג טונה קפוא ללא עור,קילוגרמים,1.00,"ק""ג",true,,59.00,59.0000,true,1,326103
7290002281498,false,צהובה מגורדת ריץ 500,ריץ',,צהובה מגורדת ריץ 500גר על בסיס חלב,גרמים,500.00,100 גרם,false,1,22.90,4.5800,true,1,326260
7290002281825,false,בשר בקר מוכשר מס 5 ק,פניסקור,,בשר בקר מוכשר מס 5 קפוא,קילוגרמים,1.00,"ק""ג",true,,74.00,74.0000,true,1,334479
7290002281832,false,בשר בקר מוכשר מס 6קפ,פניסקור,,בשר בקר מוכשר מס 6קפוא,קילוגרמים,1.00,"ק""ג",true,,42.90,42.9000,true,1,335285
7290002281856,false,בשר בקר מס 8 מוכשר ק,פניסקור,,בשר בקר מס 8 מוכשר קפוא במשקל,קילוגרמים,1.00,"ק""ג",true,,32.90,32.9000,true,1,343363
7290002304203,false,קונפיטורה לייט תות ש,,,קונפיטורה לייט תות שדה 600 גר ענבי ציון,גרמים,600.00,100 גרם,false,1,24.90,4.1500,true,1,234164
7290002304210,false,קונפיטורה לייט משמש,,,קונפיטורה לייט משמש 600 גר ענבי ציון,גרמים,600.00,100 גרם,false,1,24.90,4.1500,true,1,236023
7290002304609,false,קונפיטורה תות שדה 60,,,קונפיטורה תות שדה 600 גר ענבי ציון,גרמים,600.00,100 גרם,false,1,20.00,3.3333,true,1,234159
7290002304623,false,קונפיטורה פירות יער,,,קונפיטורה פירות יער 600 גר ענבי ציון,גרמים,600.00,100 גרם,false,1,20.00,3.3333,true,1,234158
7290002304654,false,קונפיטורה שזיף 600 ג,,,קונפיטורה שזיף 600 גר ענבי ציון,גרמים,600.00,100 גרם,false,1,20.00,3.3333,true,1,234162
7290002304661,false,קונפיטורה אוכמניות 6,,,קונפיטורה אוכמניות 600 גר ענבי ציון,גרמים,600.00,100 גרם,false,1,20.00,3.3333,true,1,238233
7290002320463,false,מעדן תות שדה ללא סוכ,בית יצחק,,מעדן תות שדה ללא סוכר284 ג בית יצחק,גרמים,284.00,100 גרם,false,1,15.90,5.5986,true,1,227599
7290002323198,false,משקה קל ספרינג תפוחי,יפאורה,IL,משקה קל ספרינג תפוחים 1.5 ל,ליטרים,1.50,ליטר,false,12,8.60,5.7333,true,1,229830
7290002323839,false,משקה קריסטל ענבים 2,יפאורה,,משקה קריסטל ענבים 2 ליטר,ליטרים,2.00,ליטר,false,1,4.50,2.2500,true,1,307562
7290002327028,false,גחנון 650 גר שלושת ה,אופרה,IL,גחנון 650 גר שלושת האופים,גרמים,650.00,100 גרם,false,12,16.90,2.6000,true,1,228122
7290002327042,false,בורקס תפוא 800 גרם,אופרה,IL,בורקס תפוא 800 גרם,גרמים,800.00,100 גרם,false,12,20.90,2.6125,true,1,228328
7290002327059,false,"בצק עלים 1 ק""ג",אופרה,IL,בצק עלים 1 קג,קילוגרמים,1.00,"ק""ג",false,12,20.90,20.9000,true,1,228099
7290002327066,false,קונכיות בצק 625 גר ש,אופרה,IL,קונכיות בצק 625 גר שלושת האופים,גרמים,625.00,100 גרם,false,12,23.90,3.8240,true,1,226953
7290002327073,false,בורקס גבינה 800 גרם,אופרה,IL,בורקס גבינה 800 גרם,גרמים,800.00,100 גרם,false,12,20.90,2.6125,true,1,228325
7290002327103,false,גחנון 900 גר שלושת ה,אופרה,IL,גחנון 900 גר שלושת האופים,גרמים,900.00,100 גרם,false,12,20.90,2.3222,true,1,228121
7290002327912,false,מיני בורקס גבינה 800,אופרה,IL,מיני בורקס גבינה 800 גרם,גרמים,800.00,100 גרם,false,12,20.90,2.6125,true,1,229132
7290002327929,false,מיני בורקס תפוא 800,אופרה,IL,מיני בורקס תפוא 800 גרם,גרמים,800.00,100 גרם,false,12,18.90,2.3625,true,1,229133
7290002331025,false,מים מינרלים נביעות ט,נביעות,IL,נביעות 500 TO GO פקדון,מיליליטרים,500.00,"100 מ""ל",false,24,6.00,1.2000,true,1,227445
7290002331124,false,מים מינרלים נביעות ת,נביעות,IL,נביעות שיווק2,מיליליטרים,500.00,"100 מ""ל",false,1,8.00,1.6000,true,1,233025
7290002331148,false,מים מינרלים נביעות ת,נביעות,IL,נביעות שיווק4,ליטרים,1.50,ליטר,false,1,9.20,6.1333,true,1,233998
7290002331155,false,מים מינרלים נביעות א,נביעות,IL,נביעות + בטעם אפרסק 0.5 מבוטל,מיליליטרים,500.00,"100 מ""ל",false,24,8.00,1.6000,true,1,233026
7290002331162,false,נביעות 1.5 ליטר לא ק,נביעות,IL,נביעות 1.5 ליטר,ליטרים,1.50,ליטר,false,1,3.90,2.6000,true,1,229522
7290002331360,false,מים מינרלים נביעות ט,נביעות,IL,נביעות TO GO 500 שישייה,ליטרים,3.00,ליטר,false,1,14.90,4.9667,true,1,227446
7290002331421,false,מים מינרלים נביעות ט,נביעות,IL,נביעות 6 755 מל,ליטרים,4.53,ליטר,false,1,18.90,4.1722,true,1,230229
7290002331483,false,מים מינרלים נביעות ב,נביעות,IL,נביעות בייבי 320 מל שישייה,מיליליטרים,1920.00,"100 מ""ל",false,1,15.90,0.8281,true,1,248204
7290002331490,false,מים מינרלים נביעות 1,נביעות,,מים מינרלים נביעות 1ליטר מל פקדון,ליטרים,1.00,ליטר,false,16,3.90,3.9000,true,1,249370
7290002331650,false,מים מינרלים נביעות 7,נביעות,IL,מים מינרלים נביעות 750מל ב.זכוכית פקדון,מיליליטרים,750.00,"100 מ""ל",false,12,6.90,0.9200,true,1,305943
7290002331711,false,מים מינרלים נביעות ע,נביעות,IL,נביעות+ ענבים חצי ליטר,מיליליטרים,500.00,"100 מ""ל",false,24,8.00,1.6000,true,1,235129
7290002333098,false,חומוס אורגני 500 גרם,,,חומוס אורגני 500 גר הרדוף,גרמים,500.00,100 גרם,false,1,10.90,2.1800,true,1,253440
7290002333104,false,בורגול אורגני 500 גר,,,בורגול אורגני 500 גר הרדוף,גרמים,500.00,100 גרם,false,1,8.90,1.7800,true,1,253444
7290002333128,false,"קמח מלא אורגני 1 ק""ג",,,"קמח מלא אורגני 1 ק""ג הרדוף",קילוגרמים,1.00,"ק""ג",false,12,14.90,14.9000,true,1,318733
7290002333319,false,קמח שיפון מלא אורגנ,,,קמח שיפון מלא אורגני 1 קג,קילוגרמים,1.00,"ק""ג",false,12,14.90,14.9000,true,1,318745
7290002333456,false,גריסי פנינה אורגני 5,,,גריסי פנינה אורגני 500 ג הרדוף,גרמים,500.00,100 גרם,false,1,10.00,2.0000,true,1,253442
7290002333463,false,שעועית מש אורגני 500,,,שעועית מש אורגני 500 גר,גרמים,500.00,100 גרם,false,1,14.90,2.9800,true,1,253455
7290002333494,false,שעועית אזוקי אורגני,,,שעועית אזוקי אורגני 500 גר,גרמים,500.00,100 גרם,false,1,14.90,2.9800,true,1,253454
7290002333500,false,עדשים אדומים אורגני,,,עדשים אדומים אורגני 500 ג הרדוף,גרמים,500.00,100 גרם,false,1,11.90,2.3800,true,1,253435
7290002333678,false,שומשום מלא אורגני 30,,,שומשום מלא אורגני 300 ג הרדוף,גרמים,300.00,100 גרם,false,1,12.90,4.3000,true,1,253433
7290002333692,false,דוחן אורגני 500 ג הר,,,דוחן אורגני 500 ג הרדוף,גרמים,500.00,100 גרם,false,1,10.90,2.1800,true,1,253441
7290002333838,false,כוסמת אורגני 500 ג ה,,,כוסמת אורגני 500 ג הרדוף,גרמים,500.00,100 גרם,false,1,10.90,2.1800,true,1,253438
7290002333951,false,עדשים ירוקים אורגני5,,,עדשים ירוקים אורגני500 גר הרדוף,גרמים,500.00,100 גרם,false,1,13.90,2.7800,true,1,253436
7290002333968,false,עדשים צהובים אורגני,,,עדשים צהובים אורגני 500 גר הרדוף,גרמים,500.00,100 גרם,false,1,12.90,2.5800,true,1,318695
7290002333982,false,שעועית אורגנית לבנה,,,שעועית אורגנית לבנה 500 גר הרדוף,גרמים,500.00,100 גרם,false,1,14.90,2.9800,true,1,253432
7290002333999,false,גרעיני חמניות קלופים,,,גרעיני חמניות קלופים אורגני 300 ג הרדוף,גרמים,300.00,100 גרם,false,1,12.90,4.3000,true,1,253448
7290002345015,false,פרוסות סטייק סינטה ד,טיבון ויל,IL,פרוסות סטייק סינטה דק דק 250 גר אל גאוצו,גרמים,250.00,100 גרם,false,10,18.90,7.5600,true,1,319837
7290002345022,false,פרוסות סטייק אנטריקו,טיבון ויל,,פרוסות סטייק אנטריקוט דק 250 גר אל גאוצו,גרמים,250.00,100 גרם,false,1,18.90,7.5600,true,1,319838
7290002345060,false,גבינת מאסדם הולנדי ב,ונדסטאר,,גבינת מאסדם הולנדי במשקל אמיתי חצי גלגל,קילוגרמים,1.00,"ק""ג",true,,85.00,85.0000,true,1,322252
7290002345077,false,שניצל בקר דק דק 250,טיבון ויל,,שניצל בקר דק דק 250 גר אל גאוצו,גרמים,250.00,100 גרם,false,1,16.90,6.7600,true,1,322796
7290002345121,false,פרוסות אסאדו דק דק 2,טיבון ויל,,פרוסות אסאדו דק דק 250 גר אל גאוצו,גרמים,250.00,100 גרם,false,1,18.90,7.5600,true,1,336420
7290002345282,false,נתחי פילה סלמון קפוא,דלידג,,נתחי פילה סלמון קפוא,קילוגרמים,1.00,"ק""ג",true,,89.00,89.0000,true,1,321181
7290002345435,false,פילה מרלוזה ארגנטינא,דלידג,AR,פילה מרלוזה ארגנטינאית קפוא במשקל,קילוגרמים,1.00,"ק""ג",true,,33.00,33.0000,true,1,322975
7290002345565,false,המבורגר ריב מסעדות 5,טיבון ויל,IL,המבורגר ריב מסעדות 560 גר טיבונוויל,גרמים,560.00,100 גרם,false,6,28.90,5.1607,true,1,321954
7290002348054,false,פטריות שלם ויליגר 40,פרנסשמפניון,FR,פטריות שלם ויליגר 400 גרם,גרמים,400.00,100 גרם,false,24,7.90,1.9750,true,1,254872
7290002348061,false,פטריות חתוך ויליגר 4,פרנסשמפניון,FR,פטריות חתוך ויליגר 400 גרם,גרמים,400.00,100 גרם,false,24,5.00,1.2500,true,1,227029
7290002348139,false,תחתיות ארטישוק ויליג,קונסריוסאלגוזס,,תחתיות ארטישוק ויליגר 390 גרם,גרמים,390.00,100 גרם,false,1,8.90,2.2821,true,1,228291
7290002348160,false,תירס גמדי שלם צעיר 4,גוהנדוג,CN,תירס גמדי שלם צעיר 400 גר,גרמים,400.00,100 גרם,false,24,6.90,1.7250,true,1,228931
7290002348238,false,לפתן אננס חתוך ויליג,טיפקו,,לפתן אננס חתוך ויליגר 850 גרם,גרמים,850.00,100 גרם,false,1,9.90,1.1647,true,1,228255
7290002348245,false,לבבות דקל שלמים 400,אלומנדוס,,לבבות דקל שלמים 400 ג,גרמים,400.00,100 גרם,false,1,11.90,2.9750,true,1,227792
7290002348306,false,לפתן קוקטייל פירות ט,,,לפתן קוקטייל פירות טרופי 850 גר ויליגר,גרמים,850.00,100 גרם,false,1,9.90,1.1647,true,1,226978
7290002348573,false,אטריות אורז ויליגר 3,ליאנג טונגרייס,,מקלוני אורז ויליגר 300 גרם,גרמים,300.00,100 גרם,false,1,8.90,2.9667,true,1,229019
7290002349013,false,גל פיתיון להדברת נמל,,IL,גל פיתיון להדברת נמלים,Unknown,0.00,Unknown,false,12,39.90,0.0000,true,1,328027
7290002353225,false,חרדל מאילי דיזון עם,מיילי,,חרדל מאילי דיזון עם דבש 210 גרם,גרמים,210.00,100 גרם,false,1,14.90,7.0952,true,1,309382
7290002353249,false,דיגונז מאילי 335 גר,מיילי,,דיגונז מאילי 335 גר צנצנת,גרמים,335.00,100 גרם,false,1,23.90,7.1343,true,1,314144
7290002353836,false,סרדין רוברט בשמן זית,קונסוורס,,סרדין רוברט בשמן זית 115 גר,גרמים,115.00,100 גרם,false,1,8.90,7.7391,true,1,227171
7290002360124,false,תה פומפדור ורד הבר 2,TEEKANNE- POMPADOU,,תה פומפדור ורד הבר 20 יח,יחידה,20.00,יחידה,false,1,14.90,0.7450,true,1,230392
7290002360155,false,תה פומפדור שומר 20 י,TEEKANNE- POMPADOU,,תה פומפדור שומר 20 יח,יחידה,20.00,יחידה,false,1,14.90,0.7450,true,1,229585
7290002360216,false,חרדל בורנייר דיזון ח,BORNIER -MUSTARD,,חרדל בורנייר דיזון חלק 370 גרם,גרמים,370.00,100 גרם,false,1,11.90,3.2162,true,1,227909
7290002360230,false,חרדל בורנייר דיזון ג,BORNIER -MUSTARD,,חרדל בורנייר דיזון גרגירים 210 גרם,גרמים,210.00,100 גרם,false,1,10.90,5.1905,true,1,227910
7290002360278,false,תה פומפדור מנטה 20 י,TEEKANNE- POMPADOU,,תה פומפדור מנטה 20 יח,יחידה,20.00,יחידה,false,1,14.90,0.7450,true,1,229586
7290002360285,false,תה פומפדור קמומיל 20,TEEKANNE- POMPADOU,,תה פומפדור קמומיל 20 יח,יחידה,20.00,יחידה,false,1,14.90,0.7450,true,1,229587
7290002371526,false,סלסולי פסטרמה שום וצ,,,סלסולי פסטרמה שום וצילי 120 גר,גרמים,120.00,100 גרם,false,1,15.90,13.2500,true,1,248292
7290002371533,false,סלסולי פסטרמה דבש 12,,,סלסולי פסטרמה דבש 120גר,גרמים,120.00,100 גרם,false,1,15.90,13.2500,true,1,248294
7290002371540,false,נקניק קורנדביף 120גר,,,נקניק קורנדביף 120גר,גרמים,120.00,100 גרם,false,1,15.90,13.2500,true,1,248293
7290002371571,false,פסטרמה פרגיות לבגט ב,,,פסטרמה פרגיות לבגט במשקל,קילוגרמים,1.00,"ק""ג",true,,75.00,75.0000,true,1,237410
7290002371854,false,נקניקיות חריפות 1 קג,,,נקניקיות חריפות 1 קג,גרמים,1000.00,100 גרם,false,1,28.90,2.8900,true,1,235256
7290002371939,false,נקניק סלמי סרוולד צר,,,נקניק סלמי סרוולד צרפתי 120גר,גרמים,120.00,100 גרם,false,1,23.90,19.9167,true,1,235689
7290002374640,false,שמן קנולה פלוס אומגה,שמן תעשיות,,שמן קנולה פלוס אומגה3עץ הזית 1ל,ליטרים,1.00,ליטר,false,1,16.90,16.9000,true,1,253508
7290002385196,false,גבינת רוקפור גליל במ,,,גבינת רוקפור גליל במשקל,קילוגרמים,1.00,"ק""ג",true,,129.00,129.0000,true,1,324294
7290002385400,false,גבינת ריקוטה פרסקה ב,,,גבינת ריקוטה פרסקה במשקל,קילוגרמים,1.00,"ק""ג",true,,66.00,66.0000,true,1,238289
7290002385431,false,גבינה בולגרית 16% במ,,,גבינה בולגרית 16% במשקל,קילוגרמים,1.00,"ק""ג",true,,62.00,62.0000,true,1,239422
7290002385455,false,גבינה בולגרית 24% במ,,,גבינה בולגרית 24% במשקל,קילוגרמים,1.00,"ק""ג",true,,66.00,66.0000,true,1,323978
7290002385639,false,גבינת מנצגו במשקל גל,,,גבינת מנצגו במשקל גלגל,קילוגרמים,1.00,"ק""ג",true,,144.00,144.0000,true,1,241569
7290002385738,false,גבינת מנצגו משולשים,,,גבינת מנצגו משולשים במשקל,קילוגרמים,1.00,"ק""ג",true,,159.00,159.0000,true,1,242095
7290002385745,false,גבינת פקורינו משולשי,,,גבינת פקורינו משולשים במשקל,קילוגרמים,1.00,"ק""ג",true,,159.00,159.0000,true,1,242096
7290002408376,false,גבינת פטה צאן יווני,,GR,גבינת פטה צאן יווני 200גר,גרמים,200.00,100 גרם,false,1,16.90,8.4500,true,1,336691
7290002408918,false,גבינת גרוייר ריזרב ב,,,גבינת גרוייר ריזרב במשקל,קילוגרמים,1.00,"ק""ג",true,,199.00,199.0000,true,1,337563
7290002408925,false,גבינת פטה צאן במשקל,,GR,גבינת פטה צאן במשקל יוונית,קילוגרמים,1.00,"ק""ג",true,,89.00,89.0000,true,1,337565
7290002408932,false,גבינת רקלט דור במשקל,,CH,גבינת רקלט דור במשקל שוויצרית,קילוגרמים,1.00,"ק""ג",true,,199.00,199.0000,true,1,337564
7290002408956,false,חמאת כמהין 150 גר,,,חמאת כמהין 150 גר,גרמים,150.00,100 גרם,false,1,24.90,16.6000,true,1,345453
7290002410072,false,בצק עלים 1 קג חמסי,מעדני הטלה,IL,בצק עלים 1 קג חמסי מעדני הטלה,גרמים,1000.00,100 גרם,false,12,15.90,1.5900,true,1,326639
7290002410829,false,קבב מרוקאי 800גר מעד,מעדני הטלה,IL,קבב מרוקאי 800גר מעדני הטלה,גרמים,800.00,100 גרם,false,9,45.90,5.7375,true,1,326629
7290002421115,false,כדורי לאבנה 200 גרם,,,כדורי לאבנה 200 גרם חלב בקר 18% גב.הגולן,גרמים,200.00,100 גרם,false,1,29.90,14.9500,true,1,240974
7290002421122,false,כדורי לאבנה 200 גרם,,,כדורי לאבנה 200 גרם חלב עז 10% גב.הגולן,גרמים,200.00,100 גרם,false,1,34.90,17.4500,true,1,240970
7290002421160,false,גבינת פטה עיזים 160,,,גבינת פטה עיזים 160 גרם 19%שומן גב.הגולן,גרמים,160.00,100 גרם,false,1,20.90,13.0625,true,1,244815
7290002421399,false,גבינת גאודה צילי 200,,,גבינת גאודה צילי 200גרם חלב בקר גב.הגולן,גרמים,200.00,100 גרם,false,1,22.90,11.4500,true,1,240979
7290002421443,false,גבינת צדר 180 גרם חל,,,גבינת צדר 180 גרם חלב בקר גב.הגולן,גרמים,180.00,100 גרם,false,1,22.90,12.7222,true,1,240981
7290002421542,false,גבינת קשקבל 240 גרם,,,גבינת קשקבל 240 גרם חלב בקר גב.הגולן,גרמים,240.00,100 גרם,false,1,29.90,12.4583,true,1,240982
7290002421559,false,גבינת רוקפור 180 גרם,,,גבינת רוקפור 180 גרם חלב בקר גב. הגולן,גרמים,180.00,100 גרם,false,1,29.90,16.6111,true,1,240977
7290002421603,false,גבינת מוצרלה 240 גרם,,,גבינת מוצרלה 240 גרם חלב בקר גב. הגולן,גרמים,240.00,100 גרם,false,1,27.90,11.6250,true,1,244821
7290002421610,false,גבינת פרמזן 200 גרם,,,גבינת פרמזן 200 גרם חלב בקר גב. הגולן,גרמים,200.00,100 גרם,false,1,27.90,13.9500,true,1,244820
7290002421658,false,גבינת צדר עיזים 180,,,גבינת צדר עיזים 180 גרם גב. הגולן,גרמים,180.00,100 גרם,false,1,24.90,13.8333,true,1,244817
7290002439196,false,עוגת גבינה פירורים,ריץ',IL,עוגת גבינה פירורים ריץ פס 450 גרם,גרמים,450.00,100 גרם,false,5,32.90,7.3111,true,1,254708
7290002439219,false,עוגת קצפת פירות יער,ריץ',IL,עוגת קצפת פירות יער 500 גרם ריץ,גרמים,500.00,100 גרם,false,5,32.90,6.5800,true,1,254710
7290002439226,false,עוגת רולדת ריבת חלב,ריץ',IL,עוגת רולדת ריבת חלב ריץ 450 גרם,גרמים,450.00,100 גרם,false,5,32.90,7.3111,true,1,254711
7290002439233,false,עוגת רולדת שוקולד,ריץ',IL,עוגת רולדת שוקולד ריץ 450 גרם,גרמים,450.00,100 גרם,false,5,32.90,7.3111,true,1,254712
7290002439240,false,עוגת גבינה אפויה ריץ,ריץ',,עוגת גבינה אפויה ריץ 500 גרם פס,גרמים,500.00,100 גרם,false,1,32.90,6.5800,true,1,254713
7290002439271,false,דג פורל נחלים נקי,,,דג פורל נחלים נקי 650 גרם דלידג,גרמים,650.00,100 גרם,false,1,45.00,6.9231,true,1,305383
7290002439578,false,צלעות אונטריפ חלק טר,,,צלעות אונטריפ חלק ארגנטיני טרי יבוא,קילוגרמים,1.00,"ק""ג",true,,85.00,85.0000,true,1,332566
7290002439592,false,פילה בקר טרי ארגנטינ,,,פילה בקר טרי יבוא ארגנטיני,קילוגרמים,1.00,"ק""ג",true,,245.00,245.0000,true,1,333226
7290002439721,false,צלי כתף טרי אנגוס,,,צלי כתף טרי יבוא,קילוגרמים,1.00,"ק""ג",true,,84.90,84.9000,true,1,305071
7290002439820,false,צלעות בקר טרי יבוא,,,צלעות בקר טרי יבוא פולין,קילוגרמים,1.00,"ק""ג",true,,79.90,79.9000,true,1,306757
7290002439981,false,קבב בקר אל גאוצו 400,טיבון ויל,,קבב בקר אל גאוצו 400 גרם קלאסיקו,גרמים,400.00,100 גרם,false,1,22.90,5.7250,true,1,304894
7290002439998,false,קבב בקר וכבש אל גאוצ,טיבון ויל,,קבב בקר וכבש אל גאוצו 400 גרם קלאסיקו,גרמים,400.00,100 גרם,false,1,22.90,5.7250,true,1,304893
7290002448716,false,חטיף סושי רך לכלב 10,,,חטיף סושי רך לכלב 100 גר,גרמים,100.00,100 גרם,false,1,25.20,25.2000,true,1,241467
7290002448723,false,חטיף עוף רך לכלב 100,,,חטיף עוף רך לכלב 100 גר,גרמים,100.00,100 גרם,false,1,25.20,25.2000,true,1,241468
7290002448730,false,חטיף ברווז רך לכלב 1,,,חטיף ברווז רך לכלב 100 גר,גרמים,100.00,100 גרם,false,1,25.20,25.2000,true,1,241466
7290002448747,false,חטיף עוף רך לכלבים ק,,,חטיף עוף רך לכלבים קטנים 100 גר,גרמים,100.00,100 גרם,false,1,25.20,25.2000,true,1,241469
7290002448839,false,פרמיו סלמון ופורל לח,,,פרמיו סלמון ופורל לחתול 400 גר,Unknown,0.00,Unknown,false,1,5.90,0.0000,true,1,346057
7290002461562,false,נקניקיות מיני מרגז,מעדני הטלה,IL,נקניקיות מיני מרגז 500גר מעדני הטלה,גרמים,500.00,100 גרם,false,12,24.90,4.9800,true,1,326632
7290002475101,false,גפילטע פיש ל.ס.מיטל,דג טעים,,גפילטע פיש ל.ס.מיטל 470 גרם,גרמים,470.00,100 גרם,false,1,20.90,4.4468,true,1,307942
7290002475125,false,גפילטע פיש מיטל 8 יח,,,גפילטע פיש מיטל 8 יח 670 גרם,גרמים,670.00,100 גרם,false,1,22.90,3.4179,true,1,324058
7290002475170,false,גפילטע פיש מיטל 6 יח,,,מיטל גפילטע פיש 6 בצנצנת,גרמים,670.00,100 גרם,false,1,22.90,3.4179,true,1,324048
7290002478157,false,רבעי פרגיות מתוק ממ,מעדני הטלה,IL,רבעי פרגיות מתוק ממולא מעדני הטלה,קילוגרמים,1.00,"ק""ג",true,,49.00,49.0000,true,1,327041
7290002478256,false,חזה אווז קפוא,,,חזה אווז קפוא,קילוגרמים,1.00,"ק""ג",true,,230.00,230.0000,true,1,249239
7290002478263,false,שוק אווז קפוא,,,שוק אווז קפוא,קילוגרמים,1.00,"ק""ג",true,,110.00,110.0000,true,1,246747
7290002478416,false,קבב כבש תורכי 800גר,מעדני הטלה,IL,קבב כבש תורכי 800גר מעדני הטלה,גרמים,800.00,100 גרם,false,9,45.90,5.7375,true,1,326628
7290002485025,false,סלט חומוס מסעדות בית,,,סלט חומוס מסעדות ביתי 500 ג שמיר,גרמים,500.00,100 גרם,false,1,14.90,2.9800,true,1,233586
7290002485049,false,סלט חומוס מסבחה ביתי,,,סלט חומוס מסבחה ביתי 500 ג שמיר,גרמים,500.00,100 גרם,false,1,14.90,2.9800,true,1,233587
7290002485063,false,סלט חומוס אבו גוש בי,,,סלט חומוס אבו גוש ביתי 500 ג שמיר,גרמים,500.00,100 גרם,false,1,14.90,2.9800,true,1,233588
7290002487364,false,בורקס פילו גבינה זית,שלושת האופים שגמור,IL,בורקס פילו גבינה זיתים 700 גר,גרמים,700.00,100 גרם,false,12,20.90,2.9857,true,1,240857
7290002487920,false,ברבוניה טרי הולנדית,,,דג ברבוניה טרי,קילוגרמים,1.00,"ק""ג",true,,140.00,140.0000,true,1,319696
7290002502012,false,לחמנית קלועה חיטה מל,בונז'ור,,לחמנית קלועה חיטה מלאה 100 גרם,גרמים,100.00,100 גרם,false,1,2.90,2.9000,true,1,229054
7290002502036,false,לחמניה קשר,בונז'ור,,לחמניה קשר,גרמים,100.00,100 גרם,false,1,2.90,2.9000,true,1,229055
7290002502043,false,לחמניה כריך לבן,בונז'ור,,לחמניה כריך לבן,גרמים,120.00,100 גרם,false,1,2.90,2.4167,true,1,229057
7290002502067,false,חלה קלועה 500 ג,בונז'ור,,חלה קלועה 500 ג,גרמים,500.00,100 גרם,false,1,11.90,2.3800,true,1,231706
7290002502081,false,בייגל ירושלמי,בונז'ור,,בייגל ירושלמי,גרמים,150.00,100 גרם,false,1,4.50,3.0000,true,1,229059
7290002502098,false,פרצל רגיל,בונז'ור,,פרצל רגיל,גרמים,150.00,100 גרם,false,1,4.50,3.0000,true,1,229060
7290002502166,false,חצי בגט,בונז'ור,,חצי בגט,גרמים,190.00,100 גרם,false,1,3.20,1.6842,true,1,231418
7290002502173,false,שליש בגט,בונז'ור,,שליש בגט,גרמים,110.00,100 גרם,false,1,2.30,2.0909,true,1,229049
7290002502203,false,בורקס גבינה,בונז'ור,,בורקס גבינה,קילוגרמים,1.00,"ק""ג",true,,36.00,36.0000,true,1,228908
7290002502296,false,לחמניה קלועה,בונז'ור,,לחמניה קלועה,גרמים,100.00,100 גרם,false,1,2.90,2.9000,true,1,229056
7290002502630,false,סופגניה גדולה,בונז'ור,,סופגניה גדולה,Unknown,0.00,Unknown,false,1,4.50,0.0000,true,1,231705
7290002502647,false,סופגניה גדולה מצופה,,,סופגניה גדולה מצופה,גרמים,50.00,100 גרם,false,1,6.00,12.0000,true,1,232507
7290002507024,false,אסאדו אי 9שורט ריבס,,,אסאדו שורט ריבס טרי ארצב,קילוגרמים,1.00,"ק""ג",true,,69.90,69.9000,true,1,319525
7290002507048,false,אסאדו בי 9 נברסקה,,,קשתית בקר טרי יבוא ארהב,קילוגרמים,1.00,"ק""ג",true,,99.90,99.9000,true,1,311608
7290002507093,false,כתף בקר טרי נברסקה,,,כתף בקר טרי יבוא ארהב,קילוגרמים,1.00,"ק""ג",true,,89.90,89.9000,true,1,319522
7290002507123,false,שריר בקר טרי נברסקה,,,שריר בקר טרי יבוא ארהב,קילוגרמים,1.00,"ק""ג",true,,85.00,85.0000,true,1,312885
7290002507277,false,קציצות דג 700 גרם דל,דלידג,,קציצות דג 700 גרם דלידג,גרמים,700.00,100 גרם,false,1,22.90,3.2714,true,1,318335
7290002507284,false,שניצל דג מצופה 700 ג,דלידג,,שניצל דג מצופה 700 גרם,גרמים,700.00,100 גרם,false,1,26.90,3.8429,true,1,319056
7290002507383,false,גבינה בולגרית 5% במש,גבינות בכר,,גבינה בולגרית 5% במשקל בכר,קילוגרמים,1.00,"ק""ג",true,,69.00,69.0000,true,1,313129
7290002507451,false,קציצות דג סלמון לביש,דלידג,,קציצות דג סלמון לבישול 750 גר,גרמים,75000.00,100 גרם,false,1,29.90,0.0399,true,1,317226
7290002507475,false,אוסובוקו טרי עם עצם,,,שריר הזרוע אוסובוקו טרי מוכשר צרפת,קילוגרמים,1.00,"ק""ג",true,,69.90,69.9000,true,1,325719
7290002507482,false,אסאדו טרי עם עצם יבו,,,אסאדו טרי עם עצם יבוא צרפתי,קילוגרמים,1.00,"ק""ג",true,,69.90,69.9000,true,1,325721
7290002507604,false,פיצה משפחתית השף שגב,שלושת האופים פיצה,,פיצה משפחתית השף שגב 320 גרם,גרמים,320.00,100 גרם,false,1,13.90,4.3438,true,1,315321
7290002512257,false,מלאווח צנעני מופחת ש,,IL,מלאווח צנעני מופחת שומן רווי 700גר,גרמים,700.00,100 גרם,false,1,16.90,2.4143,true,1,336034
7290002512264,false,גחנון צנעני מופחת שו,,IL,גחנון צנעני מופחת שומן רווי 700גר,גרמים,700.00,100 גרם,false,1,16.90,2.4143,true,1,336035
7290002515333,false,אלסבון קמיל בלו סנסט,פישר תעשיות,,אלסבון קמיל בלו סנסטיב ורוד 500 מל משאבה,מיליליטרים,500.00,"100 מ""ל",false,1,18.90,3.7800,true,1,234597
7290002515364,false,אלסבון קמיל בלו קלאס,פישר תעשיות,IL,ק.ב קלאסיק -500משאבה,מיליליטרים,500.00,"100 מ""ל",false,12,16.90,3.3800,true,1,234593
7290002517108,false,אורגנו 10 גר מיכל קט,,,אורגנו 10 גר מיכל קטן,Unknown,0.00,Unknown,false,1,6.90,0.0000,true,1,233792
7290002517276,false,פלפל אנגלי שלם 25 גר,,,פלפל אנגלי שלם 25 גר מיכל קטן,Unknown,0.00,Unknown,false,1,6.90,0.0000,true,1,233789
7290002517337,false,אורגנו עלים 20 גר שק,,,אורגנו עלים 20 גר שקית,Unknown,0.00,Unknown,false,1,6.50,0.0000,true,1,227176
7290002517375,false,בזיליקום עלים 30 גר,,,בזיליקום עלים 30 גר שקית,Unknown,0.00,Unknown,false,1,6.50,0.0000,true,1,233810
7290002517566,false,תערובת תיבול לדג 80,,,תערובת תיבול לדג 80 גר,Unknown,0.00,Unknown,false,1,9.90,0.0000,true,1,233444
7290002517573,false,תערובת תיבול לבשר 80,,,תערובת תיבול לבשר 80 גר,Unknown,0.00,Unknown,false,1,9.90,0.0000,true,1,233443
7290002517580,false,תערובת תיבול לעוף 80,,,תערובת תיבול לעוף 80 גר,Unknown,0.00,Unknown,false,1,9.90,0.0000,true,1,233445
7290002517634,false,כוזברה 30 גר מיכל קט,,,כוזברה 30 גר מיכל קטן,Unknown,0.00,Unknown,false,1,6.90,0.0000,true,1,233770
7290002517849,false,שום גבישי 50 גר מיכל,,,שום גבישי 50 גר מיכל קטן,Unknown,0.00,Unknown,false,1,9.90,0.0000,true,1,233796
7290002517863,false,ציפורן טחון 40 גר מי,,,ציפורן טחון 40 גר מיכל קטן,Unknown,0.00,Unknown,false,1,9.90,0.0000,true,1,233798
7290002542780,false,מארז 6יח בירה סטלה א,,,מארז 6יח בירה סטלה ארטואה 330מל בק.פקדון,מיליליטרים,1980.00,"100 מ""ל",false,1,34.90,1.7626,true,1,337091
7290002542834,false,בירה לף בראון 750מל,,,בירה לף בראון 750מל,מיליליטרים,750.00,"100 מ""ל",false,1,22.90,3.0533,true,1,346181
7290002542841,false,מארז 6יח בירה לף בלו,,,מארז 6יח בירה לף בלונד 330מל בק.פקדון,מיליליטרים,1980.00,"100 מ""ל",false,1,47.90,2.4192,true,1,337095
7290002542865,false,מארז 6יח בירה הוגרדן,,,מארז 6יח בירה הוגרדן 330מל בק.פקדון,מיליליטרים,1980.00,"100 מ""ל",false,1,47.90,2.4192,true,1,337097
7290002543046,false,דגני קלוגס פרוסטיס 7,,,דגני קלוגס פרוסטיס 750 גרם,גרמים,750.00,100 גרם,false,1,21.90,2.9200,true,1,228929
7290002543237,false,קורנפלקס קלוגס 750 ג,,,קורנפלקס קלוגס 750 גרם,גרמים,750.00,100 גרם,false,1,15.90,2.1200,true,1,226992
7290002577492,false,פילה דג הרינג מלוח ב,דלידג,,פילה דג הרינג מלוח בשמן 240גרם,גרמים,240.00,100 גרם,false,1,25.90,10.7917,true,1,311939
7290002577508,false,פילה דג הרינג מלוח ב,דלידג,,פילה דג הרינג מלוח בשמן ובצל 240גרם,גרמים,240.00,100 גרם,false,1,25.90,10.7917,true,1,311938
7290002603016,false,מארז 4 טונה במים ויל,ויליגר,,מארז 4 טונה במים ויליגר 140 ג,גרמים,560.00,100 גרם,false,1,19.90,3.5536,true,1,318602
7290002603030,false,סטייק עם עצם טרי נבר,,,סטייק אמריקאי טרי עם עצם,קילוגרמים,1.00,"ק""ג",true,,165.00,165.0000,true,1,317880
7290002603351,false,מארז 4 טונה בשמן צמח,ויליגר,,מארז 4 טונה בשמן צמחי ויליגר 140 ג בדצ,גרמים,560.00,100 גרם,false,1,19.90,3.5536,true,1,321937
7290002603474,false,פיצת השף שגב רוטב פט,,,פיצת השף שגב רוטב פטריות כמהין 200גר,גרמים,200.00,100 גרם,false,12,16.90,8.4500,true,1,320637
7290002603481,false,פיצת השף שגב פסטו וע,,,פיצת השף שגב פסטו ועגבניות 200גר,גרמים,200.00,100 גרם,false,12,16.90,8.4500,true,1,320639
7290002603498,false,פיצת השף שגב אנטיפסט,,,פיצת השף שגב אנטיפסטי 200גר,גרמים,200.00,100 גרם,false,12,16.90,8.4500,true,1,320638
7290002603689,false,בורקס מקלות פילו תפו,שלושת האופים שגמור,,בורקס מקלות פילו תפוא אקס אל 450גר-שגב,גרמים,450.00,100 גרם,false,10,16.90,3.7556,true,1,321133
7290002603696,false,בורקס מקלות פילו גבי,שלושת האופים שגמור,,בורקס מקלות פילו גבינה אקס אל 450גר-שגב,גרמים,450.00,100 גרם,false,1,16.90,3.7556,true,1,321134
7290002608363,false,לחמניית המבורגר פרימ,פילסברי,,לחמניית המבורגר פרימיום א.ק,Unknown,0.00,Unknown,false,36,5.00,0.0000,true,1,329134
7290002608509,false,לחם מחמצת זית קלמטה,,,לחם מחמצת זית קלמטה,Unknown,0.00,Unknown,false,1,17.90,0.0000,true,1,322447
7290002608516,false,לחם מחמצת מקמח מלא,,,לחם מחמצת מקמח מלא,Unknown,0.00,Unknown,false,1,17.90,0.0000,true,1,321391
7290002608547,false,לחם מחמצת שיפון חמוצ,,,לחם מחמצת שיפון חמוציות,Unknown,0.00,Unknown,false,1,17.90,0.0000,true,1,321205
7290002608561,false,כריך פרנה,פילסברי,,כריך פרנה,Unknown,0.00,Unknown,false,1,5.50,0.0000,true,1,327632
7290002608769,false,לחם מחמצת טוסקני דגנ,פילסברי,,לחם מחמצת טוסקני דגנים,Unknown,0.00,Unknown,false,1,16.90,0.0000,true,1,321206
7290002608899,false,עוגיות מנגלך טעם שוק,פילסברי,IL,עוגיות מנגלך טעם שוקולד 400 גרם,גרמים,400.00,100 גרם,false,20,22.90,5.7250,true,1,344200
7290002610830,false,שיפודי פרגית קפוא במ,טיבון ויל,IL,שיפודי פרגית קפוא במשקל,קילוגרמים,1.00,"ק""ג",true,,69.90,69.9000,true,1,344400
7290002612087,false,סטייק אנטריקוט טרי א,,,סטייק עין אנגוס טרי ארגנטיני,קילוגרמים,1.00,"ק""ג",true,,179.90,179.9000,true,1,326753
7290002622024,false,דבש פרחי הדרים 500 ג,קיבוץ ארז,IL,דבש פרחי הדרים קיבוץ ארז 500 גרם,גרמים,500.00,100 גרם,false,15,27.90,5.5800,true,1,333827
7290002622314,false,דבש פרחי אבוקדו 1 קג,קיבוץ ארז,IL,דבש פרחי אבוקדו קיבוץ ארז 1 קג,קילוגרמים,1.00,"ק""ג",false,15,49.90,49.9000,true,1,333829
7290002622321,false,דבש פרחי אבוקדו 500,קיבוץ ארז,IL,דבש פרחי אבוקדו קיבוץ ארז 500 גרם,גרמים,500.00,100 גרם,false,15,27.90,5.5800,true,1,333828
7290002627098,false,פיצה ביס 350גר שלושת,,IL,פיצה ביס 350גר שלושת האופים,גרמים,350.00,100 גרם,false,12,16.90,4.8286,true,1,339531
7290002627210,false,גפילטע פיש דלידג 7 ק,דלידג,,גפילטע פיש דלידג 7 קציצות 560 גרם,גרמים,560.00,100 גרם,false,1,12.90,2.3036,true,1,328877
7290002627616,false,פילה דג אמנון 7-9 ק,דלידג,,פילה דג אמנון 7-9 קפוא,קילוגרמים,1.00,"ק""ג",true,,28.00,28.0000,true,1,334498
7290002627623,false,פילה דג אמנון 9-11 ק,דלידג,,פילה דג אמנון 9-11 קפוא,קילוגרמים,1.00,"ק""ג",true,,28.00,28.0000,true,1,335018
7290002627678,false,דג פילה בינתן מנוקד,דלידג,,דג פילה בינתן מנוקד 400 גר מעובד,גרמים,400.00,100 גרם,false,,24.90,6.2250,true,1,331796
7290002649144,false,זוג עופיונים גלילי ט,,,זוג עופיונים גלילי טרי במגש,קילוגרמים,1.00,"ק""ג",true,,52.90,52.9000,true,1,343682
7290002651260,false,קוסקוס חמסי 800 גרם,,IL,קוסקוס חמסי 800 גרם,גרמים,800.00,100 גרם,false,14,15.90,1.9875,true,1,326641
7290002657408,false,טונה פוסידון פירורים,פוסידון,,טונה פוסידון פירורים בשמן 960 גרם,גרמים,960.00,100 גרם,false,1,29.90,3.1146,true,1,235605
7290002657866,false,פילה דג אמנון 7-9 קפ,דלידג,,פילה דג אמנון 7-9 קפוא בדץ,קילוגרמים,1.00,"ק""ג",true,,28.00,28.0000,true,1,239127
7290002661153,false,לחם דני קל 1 קג,מאפית י.את א. ברמן ב,,לחם דני קל 1 קג,קילוגרמים,1.00,"ק""ג",false,1,16.90,16.9000,true,1,237503
7290002661214,false,לחם גלילי קל 750גר ב,מאפית י.את א. ברמן ב,,לחם גלילי קל 750גר ברמן,גרמים,750.00,100 גרם,false,1,14.90,1.9867,true,1,248453
7290002661245,false,לחם קסטן אנגלי 1 קג,מאפית י.את א. ברמן ב,IL,לחם קסטן אנגלי 1 קג ברמן,קילוגרמים,1.00,"ק""ג",false,1,16.90,16.9000,true,1,331641
7290002661900,false,מארז 6יח לחמניות שומ,מאפית י.את א. ברמן ב,IL,מארז 6יח לחמניות שומשום ארוך/שמיניה 720ג,גרמים,720.00,100 גרם,false,1,12.90,1.7917,true,1,336015
7290002661917,false,מארז 8יח בייגלה שומש,מאפית י.את א. ברמן ב,IL,מארז 8יח בייגלה שומשום/לחמניות קשר600גר,גרמים,600.00,100 גרם,false,1,12.90,2.1500,true,1,336011
7290002661924,false,מארז 6יח לחמניות מזו,מאפית י.את א. ברמן ב,IL,מארז 6יח לחמניות מזונות 540גרם ברמן,גרמים,720.00,100 גרם,false,1,12.90,1.7917,true,1,336016
7290002663522,false,משקה קל תפוזינה תפוז,יפאורה,IL,משקה קל תפוזינה תפוזים 1.5 ל,ליטרים,1.50,ליטר,false,12,8.60,5.7333,true,1,228456
7290002663805,false,משקה שוופס מי טוניק,יפאורה,IL,משקה שוופס מי טוניק 1.5 ליטר,ליטרים,1.50,ליטר,false,12,12.60,8.4000,true,1,227480
7290002663829,false,משקה שוופס ביטר למון,יפאורה,IL,משקה שוופס ביטר למון 1.5 ליטר,ליטרים,1.50,ליטר,false,12,12.60,8.4000,true,1,228338
7290002674221,false,מש.שיניים אקווה פרש,,,מש.שיניים אקווה פרש מנטה משאבה100מל,מיליליטרים,100.00,"100 מ""ל",false,1,15.00,15.0000,true,1,229109
7290002692393,false,שמן קנולה מועשר בויט,שמן תעשיות,,שמן קנולה מועשר בויטמין עץהזית 1 לי,ליטרים,1.00,ליטר,false,1,15.90,15.9000,true,1,232764
7290002692478,false,שמן זית מעודן עץ הזי,שמן תעשיות,,שמן זית מעודן עץ הזית 750 מל,מיליליטרים,750.00,"100 מ""ל",false,1,33.90,4.5200,true,1,321408
7290002692768,false,תרסיס שמן קנולה 200,שמן תעשיות,,תרסיס שמן קנולה 200 מל עץ הזית,מיליליטרים,200.00,"100 מ""ל",false,1,15.90,7.9500,true,1,236176
7290002692775,false,תרסיס שמן חמאה 200 מ,,,תרסיס שמן טעם חמאה200 מל מופחת קלוריות,מיליליטרים,200.00,"100 מ""ל",false,1,15.90,7.9500,true,1,315698
7290002692782,false,תרסיס שמן זית 150 מל,שמן תעשיות,,תרסיס שמן זית 200 מל עץ הזית,מיליליטרים,150.00,"100 מ""ל",false,1,15.90,10.6000,true,1,236178
7290002706731,false,רצועות פילה נסיכת הנ,דלידג,KE,רצועות פילה נסיכת הנילוס קפוא,קילוגרמים,1.00,"ק""ג",true,1,75.00,75.0000,true,1,247293
7290002706922,false,פילה נסיכת הנילוס קפ,דלידג,,פילה נסיכת הנילוס קפוא,קילוגרמים,1.00,"ק""ג",true,,75.00,75.0000,true,1,247294
7290002715375,false,קבב יווני 400 גרם,טיבון ויל,IL,קבב יווני 400 גרם,גרמים,400.00,100 גרם,false,12,15.90,3.9750,true,1,226916
7290002715504,false,מגיק בכוס מרק עוף 70,מג'יק,SG,מגיק בכוס מרק עוף 70 גרם,גרמים,70.00,100 גרם,false,24,4.90,7.0000,true,1,228284
7290002715511,false,מגיק בכוס בשר 70 גרם,מג'יק,SG,מגיק בכוס בשר 70 גרם,גרמים,70.00,100 גרם,false,24,4.90,7.0000,true,1,228285
7290002715528,false,מגיק בכוס ירקות 70 ג,מג'יק,SG,מגיק בכוס ירקות 70 גרם,גרמים,70.00,100 גרם,false,24,4.90,7.0000,true,1,228286
7290002715580,false,מגיק בכוס סיני 70 גר,מג'יק,SG,מגיק בכוס סיני 70 גרם,גרמים,70.00,100 גרם,false,24,4.90,7.0000,true,1,227326
7290002730262,false,נוזל כלים פלמוליב קל,Colgate - Greece,,נוזל כלים פלמוליב קלאסי 750 מל שקוף,מיליליטרים,750.00,"100 מ""ל",false,1,11.90,1.5867,true,1,227060
7290002730521,false,בלונס צימרונים 200 י,SEPTONA,GR,בלונס צימרונים 200 יח,יחידה,200.00,יחידה,false,72,6.90,0.0345,true,1,228083
7290002730538,false,פדים להסרת איפור 80,SEPTONA,GR,פדים להסרת איפור 80 יח,יחידה,80.00,יחידה,false,48,10.90,0.1363,true,1,228081
7290002730675,false,מש.שיניים קולגייט אד,CP-Poland swidnica,,מש.שיניים קולגייט אדומה 100 מל משפחתית,מיליליטרים,100.00,"100 מ""ל",false,1,11.90,11.9000,true,1,226947
7290002730811,false,מש.שיניים קולגייט גל,CP-Poland swidnica,,מש.שיניים קולגייט גל משפחתי 100 מל,מיליליטרים,100.00,"100 מ""ל",false,1,12.90,12.9000,true,1,226939
7290002730903,false,מארז 4 סבון מוצק פ,CP - Turkey+60,,מארז 4 סבון מוצק פלמוליב ורדים,גרמים,400.00,100 גרם,false,1,16.90,4.2250,true,1,227262
7290002730958,false,מארז 4 סבון מוצק פל,CP - Turkey+60,,מארז 4 סבון מוצק פלמוליב ירוק,גרמים,400.00,100 גרם,false,1,16.90,4.2250,true,1,227265
7290002750338,false,לחם רוסטיק עגבניות מ,פילסברי,,לחם רוסטיק עגבניות מיובשות,Unknown,0.00,Unknown,false,1,17.90,0.0000,true,1,311465
7290002750383,false,לחם טוסקני כפרי עגול,פילסברי,,לחם טוסקני כפרי עגול,Unknown,0.00,Unknown,false,1,17.90,0.0000,true,1,311469
7290002750406,false,סופגניה גדולה עם ריב,,,סופגניה גדולה עם ריבה,Unknown,0.00,Unknown,false,1,4.50,0.0000,true,1,311735
7290002750444,false,סופגניה גדולה,,,סופגניה גדולה,Unknown,0.00,Unknown,false,1,4.50,0.0000,true,1,311734
7290002750451,false,לחם מחמצת טוסקני לבן,פילסברי,,לחם מחמצת טוסקני לבן,Unknown,0.00,Unknown,false,1,17.90,0.0000,true,1,311468
7290002750710,false,סופגניה מיני,,,סופגניה מיני עם ריבה,Unknown,0.00,Unknown,false,1,3.00,0.0000,true,1,311737
7290002750963,false,בגט רוסטיק,פילסברי,,בגט רוסטיק,Unknown,0.00,Unknown,false,1,9.90,0.0000,true,1,311458
7290002752493,false,סוכריות טיק טק מנטה,פררו,,סוכריות טיק טק מנטה רביעיה,Unknown,0.00,Unknown,false,1,10.00,0.0000,true,1,227703
7290002753223,false,סוכריות טיק טק תפוז,פררו,,סוכריות טיק טק תפוז רביעיה,Unknown,0.00,Unknown,false,1,10.00,0.0000,true,1,227704
7290002753995,false,קישוטי עוגה שוקולד 1,,,קישוטי עוגה שוקולד 150 גר,גרמים,150.00,100 גרם,false,1,18.20,12.1333,true,1,226729
7290002757115,false,טומהוק קפוא במשקל מו,,,טומהוק קפוא במשקל מוכשר,קילוגרמים,1.00,"ק""ג",true,,160.00,160.0000,true,1,346838
7290002757139,false,מלוואח שלושת האופים,אופרה,IL,מלוואח שלושת האופים 700 גר,גרמים,700.00,100 גרם,false,12,16.90,2.4143,true,1,237435
7290002757511,false,קציצות דג לבישול 750,דלידג,IL,קציצות דג לבישול 750 גר,גרמים,750.00,100 גרם,false,8,31.90,4.2533,true,1,236897
7290002757535,false,בורקס פילו אצבעות גב,שלושת האופים שגמור,IL,בורקס פילו אצבעות גבינה 500 גר,גרמים,500.00,100 גרם,false,12,20.90,4.1800,true,1,236898
7290002757542,false,איטריות קדאיף 400 גר,שלושת האופים שגמור,IL,איטריות קדאיף 400 גר,גרמים,400.00,100 גרם,false,12,20.90,5.2250,true,1,249592
7290002757665,false,קבב מזרחי 400 גר,טיבון ויל,IL,קבב מזרחי 400 גר,גרמים,400.00,100 גרם,false,12,11.90,2.9750,true,1,237029
7290002757672,false,המבורגר 400 גר,טיבון ויל,IL,המבורגר 400 גר,גרמים,400.00,100 גרם,false,12,11.90,2.9750,true,1,237030
7290002768036,false,מי פה תיאדנט מי ענק,,,מי פה תיאדנט מי ענק 150 מל רגיל,מיליליטרים,150.00,"100 מ""ל",false,1,18.90,12.6000,true,1,228420
7290002768043,false,מי פה תיאדנט פלואורי,,,מי פה תיאדנט פלואוריד ענק 150 מל ירוק,מיליליטרים,150.00,"100 מ""ל",false,1,18.90,12.6000,true,1,228421
7290002768074,false,סבון נוזלי דרמפון 1,,,סבון נוזלי דרמפון 1 ל,ליטרים,1.00,ליטר,false,1,17.90,17.9000,true,1,226522
7290002768159,false,סבון נוזלי לאמבט בת,,,סבון נוזלי לאמבט בת אורן 500 מל,מיליליטרים,500.00,"100 מ""ל",false,1,17.90,3.5800,true,1,228115
7290002771104,false,קפה נחלה עם הל 500 ג,,,קפה נחלה עם הל 500 גר,גרמים,500.00,100 גרם,false,1,31.90,6.3800,true,1,226761
7290002771111,false,קפה נחלה עם הל 250 ג,,,קפה נחלה עם הל 250 גרם,גרמים,250.00,100 גרם,false,1,16.90,6.7600,true,1,226763
7290002771128,false,קפה נחלה 250 גרם,,,קפה נחלה 250 גרם,גרמים,250.00,100 גרם,false,1,16.90,6.7600,true,1,226549
7290002771326,false,קפסולות קפה נחלה עם,,,קפסולות קפה עם הל 10 יח,יחידה,10.00,יחידה,false,1,18.90,1.8900,true,1,325677
7290002771333,false,קפסולות קפה נחלה 10,,,קפסולות קפה בלי הל 10 יח,יחידה,10.00,יחידה,false,1,18.90,1.8900,true,1,325678
7290002775010,false,בורקס מיני פילו גבינ,שלושת האופים שגמור,IL,בורקס מיני פילו גבינה 650 גר,גרמים,650.00,100 גרם,false,12,20.90,3.2154,true,1,237693
7290002775317,false,פילה זהובון קפוא 1 ק,דלידג,CN,פילה זהובון קפוא 1 קג,קילוגרמים,1.00,"ק""ג",false,1,26.90,26.9000,true,1,249998
7290002775768,false,עוג.טורט ריץ קצפת שו,ריץ',IL,עוג.טורט ריץ קצפת שוקולד 1 קג,קילוגרמים,1.00,"ק""ג",false,2,59.90,59.9000,true,1,237651
7290002775775,false,עוג.טורט ריץ ריבת חל,ריץ',,עוג.טורט ריץ ריבת חלב וקוקוס 1 קג,קילוגרמים,1.00,"ק""ג",false,1,59.90,59.9000,true,1,237652
7290002775782,false,עוג.טורט ריץ מצופה ש,ריץ',IL,עוג.טורט ריץ מצופה שוקולד 1 קג,קילוגרמים,1.00,"ק""ג",false,2,59.90,59.9000,true,1,237653
7290002775898,false,עוג.מוס בלגי ריץ 85,ריץ',IL,עוג.מוס בלגי ריץ 850 גר,גרמים,850.00,100 גרם,false,4,59.90,7.0471,true,1,237656
7290002787075,false,פילה נילוס טרי,,,פילה נילוס טרי,קילוגרמים,1.00,"ק""ג",true,,79.90,79.9000,true,1,252482
7290002787495,false,פילה סלמון וי קפוא,דלידג,,פילה סלמון וי קפוא,קילוגרמים,1.00,"ק""ג",true,,79.00,79.0000,true,1,333562
7290002787501,false,פילה סלמון נורבגי במ,דלידג,,פילה סלמון נורבגי במשקל,קילוגרמים,1.00,"ק""ג",true,,79.00,79.0000,true,1,322019
7290002787884,false,מקלות בורקס פילו תפו,,,מקלות בורקס פילו תפוא 600 גרם,גרמים,600.00,100 גרם,false,1,20.90,3.4833,true,1,304527
7290002787891,false,מקלות בורקס פילו תרד,,,מקלות בורקס פילו תרד 600 גרם,גרמים,600.00,100 גרם,false,1,20.90,3.4833,true,1,304528
7290002793311,false,שרות החלפה גז 60 מיל,,,שרות החלפה גז 60 מילוי סודה סטרים,Unknown,0.00,Unknown,false,1,62.90,0.0000,true,1,250838
7290002800675,false,כבד אווז קפוא,,,כבד אווז קפוא במגש,קילוגרמים,1.00,"ק""ג",true,,549.00,549.0000,true,1,321411
7290002805151,false,נוזל ריצפה סיף סחלב,יוניליוור,,נוזל ריצפה סיף סחלבים 4 ל,ליטרים,4.00,ליטר,false,1,19.90,4.9750,true,1,226555
7290002808398,false,חומץ תפוחים 473 מל,אולד דאץ,US,חומץ תפוחים 473 מל מ.ע,מיליליטרים,473.00,"100 מ""ל",false,24,10.90,2.3044,true,1,229458
7290002808527,false,חומץ תפוחים 946 מל,אולד דאץ,US,חומץ תפוחים 946 מל,מיליליטרים,946.00,"100 מ""ל",false,12,15.90,1.6808,true,1,231747
7290002814016,false,מסיר שומנים קר סנט,,IL,מסיר שומנים קר סנט מוריץ מתז 750מל,מיליליטרים,750.00,"100 מ""ל",false,15,13.90,1.8533,true,1,227592
7290002814054,false,מרסס לניקוי אסלות,,IL,מרסס לניקוי אסלות אנטרטיק סנט מוריץ 1ל,ליטרים,1.00,ליטר,false,15,9.90,9.9000,true,1,328900
7290002814153,false,מארז שלישיית סבון אס,,TR,מארז שלישיית סבון אסלה לימון,יחידה,1.00,יחידה,false,24,10.90,10.9000,true,1,345906
7290002814221,false,מארז שלישיית סבון אס,,TR,מארז שלישיית סבון אסלה לבנדר,יחידה,1.00,יחידה,false,24,10.90,10.9000,true,1,345905
7290002814245,false,מגבוני אקונומיקה 400,,IL,מגבוני אקונומיקה 400יח בדלי סנט מוריץ,יחידה,400.00,יחידה,false,6,26.90,0.0672,true,1,330761
7290002814283,false,מילוי מכשיר מטהר אוי,,,מילוי מכשיר מטהר אויר אימגיין פאשיין250מ,מיליליטרים,250.00,"100 מ""ל",false,12,11.90,4.7600,true,1,346233
7290002814290,false,קצף משמיד חיידקים מר,,IL,קצף משמיד חיידקים מרוכז 1ל ניחוח לימון,ליטרים,1.00,ליטר,false,1,10.90,10.9000,true,1,336481
7290002814412,false,נוזל כלים סנט מוריץ,,IL,נוזל כלים סנט מוריץ 1.6ל לימון ליים 18%,מיליליטרים,1600.00,"100 מ""ל",false,15,9.90,0.6188,true,1,330231
7290002814436,false,נוזל כלים סנט מוריץ,,IL,נוזל כלים סנט מוריץ 1.6ל לימון 18%,מיליליטרים,1600.00,"100 מ""ל",false,15,9.90,0.6188,true,1,330232
7290002814481,false,מארז 3יח שקיות מזון,,,מארז 3יח שקיות מזון עלמה 150יח,יחידה,450.00,יחידה,false,12,11.90,0.0264,true,1,345913
7290002814498,false,מתז חומץ 750מל סנט מ,,TR,מתז חומץ 750מל סנט מוריץ,מיליליטרים,750.00,"100 מ""ל",false,12,8.90,1.1867,true,1,334603
7290002814528,false,נוזל לניקוי אסלות וא,,IL,נוזל לניקוי אסלות ואמבטיות 1ל סנט מוריץ,ליטרים,1.00,ליטר,false,15,5.90,5.9000,true,1,229614
7290002814580,false,פותח סתימות טורנדו,,IL,פותח סתימות טורנדו גרגרים 200גר,גרמים,200.00,100 גרם,false,20,11.90,5.9500,true,1,328901
7290002814597,false,נוזל לפתיחת סתימות,,IL,נוזל לפתיחת סתימות טורנדו 1 ליטר,ליטרים,1.00,ליטר,false,15,15.90,15.9000,true,1,328902
7290002814603,false,מסיר שומנים קר מבושם,,IL,מסיר שומנים קר מבושם סנט מוריץ750מ לימון,מיליליטרים,750.00,"100 מ""ל",false,15,11.90,1.5867,true,1,328898
7290002814665,false,מסיר עובש 1 ליטר סנט,,IL,מסיר עובש 1 ליטר סנט מוריץ,ליטרים,1.00,ליטר,false,12,9.90,9.9000,true,1,337519
7290002814689,false,מארז 3 יח נוזל כלים,,,מארז 3 יח נוזל כלים 750מל סנט מוריץ,מיליליטרים,2250.00,"100 מ""ל",false,1,18.90,0.8400,true,1,345876
7290002814719,false,נוזל לשטיפת רצפות 4ל,,IL,נוזל לשטיפת רצפות 4ל ניחוח מאסק,ליטרים,4.00,ליטר,false,5,12.90,3.2250,true,1,336465
7290002814726,false,מסיר אבנית 1 ליטר סנ,,IL,מסיר אבנית 1 ליטר סנט מוריץ,ליטרים,1.00,ליטר,false,15,7.90,7.9000,true,1,342416
7290002814825,false,סבון אסלה כדוריות של,,TR,סבון אסלה כדוריות שלישייה אוקיינוס כחול,יחידה,1.00,יחידה,false,24,10.90,10.9000,true,1,336474
7290002814832,false,סבון אסלה כדוריות של,,TR,סבון אסלה כדוריות שלישייה לוונדר,יחידה,1.00,יחידה,false,24,10.90,10.9000,true,1,336475
7290002814849,false,מארז שלישיית סבון אס,,TR,מארז שלישיית סבון אסלה,יחידה,1.00,יחידה,false,24,10.90,10.9000,true,1,342415
7290002814870,false,מסיר שומנים קר מבושם,,IL,מסיר שומנים קר מבושם סנט מוריץ750מ לבנדר,מיליליטרים,750.00,"100 מ""ל",false,15,11.90,1.5867,true,1,328899
7290002814894,false,קצף ניקוי אקונומיקה,,IL,קצף ניקוי אקונומיקה לבנדר 1ליט סנט מוריץ,ליטרים,1.00,ליטר,false,15,9.90,9.9000,true,1,329319
7290002814931,false,נוזל לשטיפת רצפות 4ל,,IL,נוזל לשטיפת רצפות 4ל ניחוח פרחים/אוקינוס,ליטרים,4.00,ליטר,false,5,12.90,3.2250,true,1,233348
7290002814962,false,מגבונים לניקוי כללי,,IL,מגבונים לניקוי כללי 500יח דלי,יחידה,500.00,יחידה,false,1,22.90,0.0458,true,1,337760
7290002824183,false,גבינת סקי 5% למריחה,,,גבינת סקי 5% למריחה 500 גר***,גרמים,500.00,100 גרם,false,1,9.96,1.9920,true,1,228172
7290002830054,false,דג בר ים טרי,,,דג בר ים טרי,קילוגרמים,1.00,"ק""ג",true,,124.00,124.0000,true,1,312717
7290002830184,false,פילה דג לברק יפני,דלידג,CN,פילה דג לברק יפני,קילוגרמים,1.00,"ק""ג",true,1,51.90,51.9000,true,1,242300
7290002830245,false,פילה דג לברק יפני,דלידג,,פילה דג לברק יפני,קילוגרמים,1.00,"ק""ג",true,,51.90,51.9000,true,1,314158
7290002830269,false,דג לוקוס טרי,,,דג לוקוס טרי,קילוגרמים,1.00,"ק""ג",true,,139.90,139.9000,true,1,238410
7290002830290,false,דג ברבוניה טרי,,,דג ברבוניה טרי סנגל,קילוגרמים,1.00,"ק""ג",true,,100.00,100.0000,true,1,238411
7290002830306,false,דג פרידה טרי,,,דג פרידה טרי,קילוגרמים,1.00,"ק""ג",true,,125.00,125.0000,true,1,238412
7290002830948,false,גבינת מון בלאן עיזים,ש.האופים,IL,גבינת מון בלאן עיזים 120 גר,גרמים,120.00,100 גרם,false,12,10.00,8.3333,true,1,238793
7290002842002,false,קוואקר מורנפלייק אנג,מורנינג פוד,GB,קוואקר מורנפלייק אנגלי 500 גרם,גרמים,500.00,100 גרם,false,1,10.90,2.1800,true,1,229523
7290002842163,false,טונה לבנה יולה 185 ג,יו.אס.איי וליו קו,TH,טונה יולה לבנה 185 גר,גרמים,185.00,100 גרם,false,48,12.90,6.9730,true,1,228864
7290002842415,false,פילה אנשובי אמיתי יו,יו.אס.איי וליו קו,,פילה אנשובי אמיתי יוליה 50 גר,גרמים,50.00,100 גרם,false,1,6.90,13.8000,true,1,231896
7290002854401,false,מעדן זיתיםיבש שחור 1,,,מעדן זיתיםיבש שחור 1 קג,קילוגרמים,1.00,"ק""ג",false,1,22.00,22.0000,true,1,314036
7290002861423,false,עוגיות בטעמים בראשית,,,עוגיות בטעמים בראשית 300 גר,גרמים,300.00,100 גרם,false,1,17.90,5.9667,true,1,235748
7290002866497,false,דג לברק טרי אקס אקס,,,דג לברק טרי אקס אקס אל,קילוגרמים,1.00,"ק""ג",true,,100.00,100.0000,true,1,319151
7290002866503,false,דג לברק טרי אקס אקס,,,דג לברק טרי אקס אקס אקס אל,קילוגרמים,1.00,"ק""ג",true,,110.00,110.0000,true,1,255636
7290002868996,false,גבינת קוטג 5% מועשר,טרה,IL,קוטג 5% 250 גרם- נעמ,גרמים,250.00,100 גרם,false,1,5.80,2.3200,true,1,232618
7290002871446,false,פריגת 1.5 ליטר ענבים,פריגת,,פריגת 1.5 ליטר ענבים,ליטרים,1.50,ליטר,false,1,9.60,6.4000,true,1,227232
7290002871460,false,משקה קל תפוזים פריגת,פריגת,,משקה קל תפוזים פריגת 1.5 ליטר,ליטרים,1.50,ליטר,false,1,9.60,6.4000,true,1,228455
7290002871477,false,פריגת 1.5 ליטר אשכול,פריגת,,פריגת 1.5 ליטר אשכוליות,ליטרים,1.50,ליטר,false,1,9.60,6.4000,true,1,228294
7290002871491,false,פריגת 1.5 ליטר ד.אשכ,פריגת,,פריגת 1.5 ליטר ד.אשכוליות,ליטרים,1.50,ליטר,false,1,8.90,5.9333,true,1,227963
7290002879145,false,פלפל חלפיניו פרוס480,,,פלפל חלפיניו פרוס480 מל צנצנת,גרמים,480.00,100 גרם,false,12,16.90,3.5208,true,1,336715
7290002879206,false,ממרח פלפל חלפינו חרי,,TR,ממרח פלפל חלפינו חריף פלרמו 500 גרם לחי,גרמים,500.00,100 גרם,false,8,16.90,3.3800,true,1,338878
7290002879299,false,מלפפונים גרין ואלי צ,פרנצוסקה,PL,מלפפונים גרין ואלי צהוב 860 גר,גרמים,860.00,100 גרם,false,12,19.90,2.3140,true,1,230968
7290002879305,false,מלפפונים גרין ואלי כ,פרנצוסקה,PL,מלפפונים קטנים גרין ואלי כחול 860 גר,גרמים,860.00,100 גרם,false,12,21.90,2.5465,true,1,230969
7290002879411,false,מלפפונים פרוסים גריי,פרנצוסקה,PL,מלפפונים פרוסים עיגולים גריין ואלי 680,גרמים,680.00,100 גרם,false,12,14.50,2.1324,true,1,242032
7290002879435,false,כרוב כבוש גרין ואלי,פרנצוסקה,PL,כרוב כבוש גרין ואלי 900ג,גרמים,900.00,100 גרם,false,12,17.90,1.9889,true,1,228869
7290002879541,false,חומץ בן יין אדום 500,אקטיפיקו,IT,חומץ בן יין אדום חצי ליטר P,מיליליטרים,500.00,"100 מ""ל",false,12,16.50,3.3000,true,1,231049
7290002879633,false,וופל בלגי 550 גרם 10,,BE,וופל בלגי 550 גרם 10 יח אישי,גרמים,550.00,100 גרם,false,8,21.90,3.9818,true,1,338329
7290002881209,false,רסק תפוחי עץ רגיל 72,,,רסק תפוחי עץ רגיל 720 ג תומר,גרמים,720.00,100 גרם,false,1,10.90,1.5139,true,1,234112
7290002881216,false,רסק תפוחי עץ דיאט 72,,,רסק תפוחי עץ דיאט 720 ג תומר,גרמים,720.00,100 גרם,false,1,10.90,1.5139,true,1,234111
7290002881230,false,לפתן אננס חתוך תומר,,,לפתן אננס חתוך תומר 820 גר,גרמים,820.00,100 גרם,false,1,10.90,1.3293,true,1,234697
7290002881247,false,לפתן אננס שלם תומר 8,,,לפתן אננס שלם תומר 850 גר,גרמים,850.00,100 גרם,false,1,10.90,1.2824,true,1,234698
7290002881254,false,לפתן קוקטיל פירות טר,,,לפתן קוקטיל פירות טרופי תומר 850 גר,גרמים,850.00,100 גרם,false,1,10.90,1.2824,true,1,245032
7290002881261,false,לפתן ליצי שלם תומר 4,,,לפתן ליצי שלם תומר 400 גר,גרמים,400.00,100 גרם,false,1,10.90,2.7250,true,1,234352
7290002881278,false,לפתן אפרסק חצאים תומ,,,לפתן אפרסק חצאים תומר 850 ג,גרמים,850.00,100 גרם,false,1,10.90,1.2824,true,1,235128
7290002881513,false,חמאת בוטנים עם שברי,,,חמאת בוטנים עם שברי בוטנים 500 גר תומר,גרמים,500.00,100 גרם,false,1,10.90,2.1800,true,1,234224
7290002881612,false,לפתן דובדבן חמוצים 6,,,לפתן דובדבן חמוצים 680 גר,גרמים,680.00,100 גרם,false,1,10.90,1.6029,true,1,234547
7290002881735,false,לבבות דקל שלמים 410,אינקופלמיטו אס.אי,EC,לבבות דקל שלמים 410 ג תומר,גרמים,410.00,100 גרם,false,1,11.90,2.9024,true,1,233707
7290002881742,false,לבבות דקל פרוס 8 אונ,,,לבבות דקל פרוס 8 אונס,גרמים,400.00,100 גרם,false,1,8.90,2.2250,true,1,233748
7290002881803,false,שמן קנולה תומר 1 ליט,,DE,שמן קנולה תומר 1 ליטר,ליטרים,1.00,ליטר,false,1,10.90,10.9000,true,1,346849
7290002881964,false,סרדין מרוקאי ברוטב ע,,,סרדין מרוקאי ברוטב עגבניות 125 גר,גרמים,125.00,100 גרם,false,1,5.90,4.7200,true,1,233547
7290002900313,false,פסטרמה ספרדית במשקל,,,פסטרמה ספרדית במשקל,קילוגרמים,1.00,"ק""ג",true,,75.00,75.0000,true,1,232670
7290002900436,false,פסטרמה איטלקית מילנו,,,פסטרמה איטלקית מילנו במשקל,קילוגרמים,1.00,"ק""ג",true,,75.00,75.0000,true,1,232669
7290002900566,false,פסטרמה ברביקיו דלת ש,,,פסטרמה ברביקיו דלת שומן 360 ג,גרמים,360.00,100 גרם,false,1,27.90,7.7500,true,1,232840
7290002904694,false,דאו.ספריי טיטניום 18,,,דאו.ספריי טיטניום 180 מל,מיליליטרים,180.00,"100 מ""ל",false,1,17.90,9.9444,true,1,227697
7290002920311,false,גבינת קממבר צאן במשק,,,גבינת קממבר צאן במשקל גד משולשים,קילוגרמים,1.00,"ק""ג",true,,129.00,129.0000,true,1,229381
7290002921165,false,ספריי הזלין לניקוי ר,פרייק,,ספריי הזלין לניקוי רהיטים,Unknown,0.00,Unknown,false,1,35.90,0.0000,true,1,228932
7290002921226,false,נוזל הזלין קרם לניקו,פריקה,CH,הזלין-קרם /בקבוק,Unknown,0.00,Unknown,false,12,29.90,0.0000,true,1,229080
7290002921233,false,קרבונה ספריי לכתמים,מרקה,ES,קרבונה-ספריי,Unknown,0.00,Unknown,false,12,26.90,0.0000,true,1,226789
7290002921240,false,שמפוזר קרבונה אדום,קרבונה,US,שמפוזר קרבונה,Unknown,0.00,Unknown,false,12,29.90,0.0000,true,1,226551
7290002921332,false,אסטוניש להסרת כתמים,אסטוניש,,אסטוניש להסרת כתמים 100 ג,גרמים,100.00,100 גרם,false,1,13.90,13.9000,true,1,228981
7290002921349,false,סופר גלו 3 דבק מהיר,הנקל,TR,סופר גלו זוגי,Unknown,0.00,Unknown,false,48,16.90,0.0000,true,1,228891
7290002921516,false,טורבול סופג לחות,טורבול,,טורבול סופג לחות,Unknown,0.00,Unknown,false,1,49.90,0.0000,true,1,229736
7290002922117,false,עוגיות אקלר בטעמים ש,,,עוגיות אקלר בטעמים שונים 200-250 ג,גרמים,200.00,100 גרם,false,1,22.90,11.4500,true,1,229674
7290002923466,false,בשר בקר טחון 1 קג טי,טיבון ויל,IL,בשר בקר טחון 1 קג טיבונוויל,קילוגרמים,1.00,"ק""ג",false,6,32.90,32.9000,true,1,233700
7290002925729,false,מי פה גל גם וגם כחול,,,מי פה גל גם וגם כחול לשיניים 120 מל,מיליליטרים,120.00,"100 מ""ל",false,1,15.90,13.2500,true,1,231340
7290002925798,false,מי פה גל גם וגם ירוק,,,מי פה גל גם וגם ירוק לשיניים 120 מל,מיליליטרים,120.00,"100 מ""ל",false,1,15.90,13.2500,true,1,231341
7290002929130,false,גבינת דנאבלו במשקל,מאמן,DK,גבינת דנאבלו במשקל,קילוגרמים,1.00,"ק""ג",true,1,89.00,89.0000,true,1,248871
7290002929512,false,כדורי פלאפל 500 גרם,שלושת האופים,IL,כדורי פלאפל 500 גרם שלושת האופים,גרמים,500.00,100 גרם,false,1,12.90,2.5800,true,1,307980
7290002929536,false,קובה למרק 600גרם שלו,שלושת האופים,IL,קובה למרק 600גרם שלושת האופים,גרמים,600.00,100 גרם,false,1,12.90,2.1500,true,1,307978
7290002929635,false,טונה בשמן צמחי ויליג,ויליגר,IL,טונה בשמן צמחי ויליגר 140 גר,גרמים,140.00,100 גרם,false,48,5.70,4.0714,true,1,251602
7290002929642,false,מארז 4 טונה בשמן צמח,ויליגר,,מארז 4 טונה בשמן צמחי ויליגר 140 ג,גרמים,560.00,100 גרם,false,1,19.90,3.5536,true,1,251020
7290002929802,false,דג סלמון בייבי טרי,,,דג סלמון בייבי טרי 3-4,קילוגרמים,1.00,"ק""ג",true,,89.90,89.9000,true,1,305896
7290002929949,false,רצועות פילה קוד טרי,,,רצועות פילה קוד טרי,קילוגרמים,1.00,"ק""ג",true,,199.00,199.0000,true,1,343968
7290002946700,false,מדליק פחם נוזלי 200,ויקליין,,מדליק פחם נוזלי 200 מל,מיליליטרים,200.00,"100 מ""ל",false,1,10.90,5.4500,true,1,308570
7290002954026,false,שמן תירס שוקחה 3 לי,גרמיז אס איי,AR,שמן תירס 3ליטר,ליטרים,3.00,ליטר,false,6,46.90,15.6333,true,1,229624
7290002954187,false,אורז יסמין שוקחה מדל,בני ג'ורג' שוקחה חיפ,TH,אורז יסמין 5קג מדליה,קילוגרמים,5.00,"ק""ג",false,5,47.90,9.5800,true,1,233863
7290002954200,false,אורז יסמין שוקחה 1 ק,בני ג'ורג' שוקחה חיפ,,אורז יסמין שוקחה 1 קג,קילוגרמים,1.00,"ק""ג",false,1,11.90,11.9000,true,1,233301
7290002954460,false,אורז אוסטרלי 1 קג,בני ג'ורג' שוקחה חיפ,AU,אורז אוסטרלי עגול 1קג,קילוגרמים,1.00,"ק""ג",false,15,11.90,11.9000,true,1,228950
7290002954477,false,אורז אוסטרלי 5 קג,בני ג'ורג' שוקחה חיפ,AU,אורז אוסטרלי עגול 5קג,קילוגרמים,5.00,"ק""ג",false,6,52.90,10.5800,true,1,233862
7290002971009,false,קמח שטיבל רגיל 1 קג,"שטיבל בע""מ",IL,קמח שטיבל רגיל 1 קג,קילוגרמים,1.00,"ק""ג",false,10,4.50,4.5000,true,1,310749
7290002971016,false,סולת שטיבל 1 קג,"שטיבל בע""מ",IL,סולת שטיבל 1 קג,Unknown,0.00,Unknown,false,10,4.50,0.0000,true,1,310898
7290002971139,false,קמח שטיבל תופח 1 קג,,,קמח שטיבל תופח מאליו 1 קג,קילוגרמים,1.00,"ק""ג",false,1,8.90,8.9000,true,1,333693
7290002971146,false,קמח שטיבל פיצה ופוקצ,,,קמח שטיבל מס15פיצה ופוקצה1 קג,קילוגרמים,1.00,"ק""ג",false,1,8.90,8.9000,true,1,333729
7290002971207,false,קמח שטיבל רב תכליתי,,,קמח שטיבל מס 1 רב תכליתי 1 קג,קילוגרמים,1.00,"ק""ג",false,1,8.90,8.9000,true,1,333688
7290002971214,false,קמח שטיבל מועשר 1 קג,,,קמח שטיבל מס 2 ללחם 1 קג,קילוגרמים,1.00,"ק""ג",false,1,8.90,8.9000,true,1,333687
7290002971955,false,קמח שטיבל לבן לא ניפ,"שטיבל בע""מ",,קמח שטיבל 650 ללא ניפוי 1 קג,קילוגרמים,1.00,"ק""ג",false,1,8.90,8.9000,true,1,311001
7290002971962,false,קמח שטיבל חיטה מלאה,"שטיבל בע""מ",,קמח שטיבל חיטה מלאה ללא ניפוי 1 קג,קילוגרמים,1.00,"ק""ג",false,1,9.90,9.9000,true,1,311305
7290002972006,false,קמח שטיבל בהיר ללא נ,"שטיבל בע""מ",,קמח שטיבל 405 ללא ניפוי 1 קג,קילוגרמים,1.00,"ק""ג",false,1,8.90,8.9000,true,1,311003
7290002972426,false,קמח שטיבל 80% חיטה ל,"שטיבל בע""מ",,קמח שטיבל 80% חיטה ללא ניפוי 1 קג,קילוגרמים,1.00,"ק""ג",false,1,9.90,9.9000,true,1,311004
7290002973669,false,קמח שטיבל 2ללחם ללא,"שטיבל בע""מ",,קמח שטיבל 2ללחם ללא ניפוי 1 קג,קילוגרמים,1.00,"ק""ג",false,1,9.90,9.9000,true,1,333782
7290002973676,false,קמח שטיבל 18לחלה ללא,"שטיבל בע""מ",,קמח שטיבל 18לחלה ללא ניפוי 1 קג,קילוגרמים,1.00,"ק""ג",false,1,9.90,9.9000,true,1,333783
7290002974116,false,קמח שטיבל 3כפרי ללא,"שטיבל בע""מ",,קמח שטיבל 3כפרי ללא ניפוי 1 קג,קילוגרמים,1.00,"ק""ג",false,1,9.90,9.9000,true,1,333785
7290002974222,false,קמח שטיבל 4לעוגיות ל,"שטיבל בע""מ",,קמח שטיבל 4לעוגיות ללא ניפוי 1 קג,קילוגרמים,1.00,"ק""ג",false,1,9.90,9.9000,true,1,333784
7290002986652,false,ביסקויט פתי בר שוקו,גטניו,IL,ביסקויט פתי בר שוקו גטניו 470 גרם,גרמים,470.00,100 גרם,false,12,10.90,2.3191,true,1,325241
7290002987963,false,סלט חומוס אחלה 1 קג,שטראוס,IL,סלט חומוס אחלה 1 קג,קילוגרמים,1.00,"ק""ג",false,6,13.90,13.9000,true,1,324015
7290002996484,false,בשר ראש מוכשר קפוא,פניסקור,,בשר ראש מוכשר קפוא,קילוגרמים,1.00,"ק""ג",true,,77.00,77.0000,true,1,250014
7290003006021,false,סלט מעדן גבינת פטה ב,גבינות אמיר ניצן בעמ,,סלט מעדן גבינת פטה בטעמים במשקל,קילוגרמים,1.00,"ק""ג",true,,80.00,80.0000,true,1,235052
7290003006120,false,פלפל/דלעת ממולא טאפס,גבינות אמיר ניצן בעמ,IL,טאפס שכונתי קג,קילוגרמים,1.00,"ק""ג",true,1,150.00,150.0000,true,1,240437
7290003009183,false,סירופ דיאט פריגת תפו,סירופ - גבעת חיים,IL,סירופ דיאט תפוחים 750,מיליליטרים,750.00,"100 מ""ל",false,6,25.90,3.4533,true,1,227309
7290003009572,false,סירופ פריגת תפוזים 1,סירופ - גבעת חיים,,סירופ פריגת תפוזים 1.5 ל בקבקוק,ליטרים,1.50,ליטר,false,1,35.90,23.9333,true,1,232612
7290003009596,false,סירופ דיאט פריגת אשכ,סירופ - גבעת חיים,IL,סירופ דיאט אשכולית 750,מיליליטרים,750.00,"100 מ""ל",false,6,25.90,3.4533,true,1,232611
7290003009633,false,סירופ פריגת לימונים,סירופ - גבעת חיים,IL,סירופ לימונים 1.5,ליטרים,1.50,ליטר,false,6,35.90,23.9333,true,1,227311
7290003009640,false,מיץ תפוז סחוט טרי 1,פריגת מצוננים,IL,סחוט תפוז1 ליטר,ליטרים,1.00,ליטר,false,12,13.90,13.9000,true,1,227520
7290003011087,false,אורז בסמטי 1 קג הגמל,,IN,אורז בסמטי אלפנט 1 קג,קילוגרמים,1.00,"ק""ג",false,24,10.90,10.9000,true,1,250748
7290003015627,false,נוזל רצפה ריצפז פרש,,,נוזל רצפה ריצפז פרש אפרסק 2 לי,ליטרים,2.00,ליטר,false,1,16.90,8.4500,true,1,233060
7290003015634,false,נוזל רצפה ריצפז פרש,,,נוזל רצפה ריצפז פרש פסיפלורה 2 לי,ליטרים,2.00,ליטר,false,1,16.90,8.4500,true,1,233061
7290003015641,false,נוזל רצפה ריצפז פרש,,,נוזל רצפה ריצפז פרש 2 ל יסמין,ליטרים,2.00,ליטר,false,1,16.90,8.4500,true,1,233062
7290003015917,false,סנו די דוחה יתושים ר,,,סנו די דוחה יתושים רולאון,Unknown,0.00,Unknown,false,1,17.90,0.0000,true,1,232855
7290003024148,false,משקה שיכר דובדבנים 2,,IL,משקה שיכר דובדבנים 2008 750 מל פיקדון,מיליליטרים,750.00,"100 מ""ל",false,1,85.00,11.3333,true,1,332450
7290003026029,false,שמפו קמיל בלו סנסטיי,פישר תעשיות,IL,ק.ב סנסטיב אל דמע 500 גרם משאבה - אצבעות,מיליליטרים,500.00,"100 מ""ל",false,12,18.90,3.7800,true,1,233300
7290003026036,false,אלסבון קמיל בלו סנסט,פישר תעשיות,,אלסבון קמיל בלו סנסטיב 1 ל ורוד,ליטרים,1.00,ליטר,false,1,24.90,24.9000,true,1,226746
7290003026197,false,שמן לתינוק טיפולי קמ,פישר תעשיות,IL,ק.ב סנסטיב שמן טיפולי 500 מל - אצבעות ח,מיליליטרים,520.00,"100 מ""ל",false,12,19.90,3.8269,true,1,232310
7290003026227,false,שמפו קמיל בלו סנסטיב,פישר תעשיות,,שמפו קמיל בלו סנסטיב אל דמע 1 ל,ליטרים,1.00,ליטר,false,1,24.90,24.9000,true,1,226748
7290003026234,false,תחליב לתינוק קמיל בל,פישר תעשיות,IL,תחליב לתינוק קמיל בלו 500 מל,מיליליטרים,500.00,"100 מ""ל",false,12,19.90,3.9800,true,1,226750
7290003026319,false,משחה לתינוק קמיל בלו,פישר תעשיות,,משחה לתינוק קמיל בלו סנסטיב 120 גר,גרמים,120.00,100 גרם,false,1,15.90,13.2500,true,1,232309
7290003029181,false,שוקו יטבתה בקבוק 1 ל,,,שוקו יטבתה בקבוק 1 ליטר,ליטרים,1.00,ליטר,false,1,12.10,12.1000,true,1,226679
7290003029372,false,משקה חלב בננה 1 ליטר,,,משקה חלב בננה 1 ליטר,ליטרים,1.00,ליטר,false,1,12.10,12.1000,true,1,229143
7290003029532,false,מוקה קפה בק 1 ליטר,,,מוקה קפה בק 1 ליטר,ליטרים,1.00,ליטר,false,1,12.10,12.1000,true,1,229949
7290003029907,false,משקה חלב קפה 1 ל יוט,,,משקה חלב קפה 1 ל יוטבתה,ליטרים,1.00,ליטר,false,1,12.10,12.1000,true,1,233018
7290003047642,false,תה ליפטון ילו לייבל,יוניליוור,,תה ליפטון ילו לייבל 100 יח,יחידה,1.00,יחידה,false,1,12.90,12.9000,true,1,228393
7290003054206,false,לחם שיפון עם זרעי חמ,,,לחם שיפון עם זרעי חמניות 500 גרם,גרמים,500.00,100 גרם,false,1,13.90,2.7800,true,1,227614
7290003054220,false,לחם שיפון פומפרניקל,,,לחם שיפון פומפרניקל 500 גרם,גרמים,500.00,100 גרם,false,1,13.90,2.7800,true,1,227612
7290003054657,false,חרדל ריין דיזון אקסט,,,חרדל דיזון אקסטרא פורטה 370 גרם,גרמים,370.00,100 גרם,false,1,11.90,3.2162,true,1,227912
7290003067305,false,חזרת ביתית 200 גר סל,,,חזרת ביתית 200 גר סלטי שמיר,גרמים,200.00,100 גרם,false,1,11.90,5.9500,true,1,228844
7290003069156,false,פילה סלמון וי קפוא,דלידג,,פילה סלמון וי קפוא,קילוגרמים,1.00,"ק""ג",true,,79.00,79.0000,true,1,323967
7290003069583,false,סטייק סלומון קפוא,דלידג,,סטייק סלומון נורווגי במשקל,קילוגרמים,1.00,"ק""ג",true,,79.00,79.0000,true,1,239531
7290003069590,false,פילה סול ארוז קפוא 1,דלידג,,פילה סול ארוז קפוא 1 קג,קילוגרמים,1.00,"ק""ג",false,1,39.00,39.0000,true,1,239882
7290003069682,false,בצק פילאס 500 גר,שלושת האופים שגמור,IL,בצק פילאס 500 גר,גרמים,500.00,100 גרם,false,12,20.90,4.1800,true,1,240012
7290003072743,false,פסטרמה מפולפלת במשקל,,,פסטרמה מפולפלת במשקל,קילוגרמים,1.00,"ק""ג",true,,75.00,75.0000,true,1,327145
7290003072804,false,פסטרמה של פעם 200גר,טירת צבי,IL,פסטרמה של פעם 200גר טירת צבי,גרמים,200.00,100 גרם,false,30,23.90,11.9500,true,1,329044
7290003072835,false,נקניקיות קנאקוורסט,טירת צבי,IL,נקניקיות קנאקוורסט 320גר טירת צבי,גרמים,320.00,100 גרם,false,1,23.90,7.4687,true,1,328984
7290003072842,false,חזה אווז 100גר טירת,,,חזה אווז 100גר טירת צבי,גרמים,100.00,100 גרם,false,1,23.90,23.9000,true,1,330585
7290003072859,false,נקניק רוסטביף 120גר,,,נקניק רוסטביף 120גר,גרמים,120.00,100 גרם,false,1,23.90,19.9167,true,1,331214
7290003072866,false,נקניקיות פרנקפורטר ח,טירת צבי,IL,נקניקיות פרנקפורטר חריפות 320גר טירת צבי,גרמים,320.00,100 גרם,false,1,22.90,7.1562,true,1,333727
7290003072965,false,קבנוס חריף מעושן 120,,,קבנוס חריף מעושן 120גר טירת צבי,גרמים,120.00,100 גרם,false,1,10.90,9.0833,true,1,335926
7290003072972,false,קבנוס בתיבול שום 120,,,קבנוס בתיבול שום 120גר טירת צבי,גרמים,120.00,100 גרם,false,1,10.90,9.0833,true,1,335927
7290003075102,false,לאבנה 1קג בגביע טמרה,,,לאבנה 1קג בגביע טמרה,קילוגרמים,1.00,"ק""ג",false,1,35.90,35.9000,true,1,250942
7290003075409,false,כדורי לאבנה 360גר,,,כדורי לאבנה 360גר,גרמים,360.00,100 גרם,false,1,24.90,6.9167,true,1,237432
7290003075553,false,לאבנה 500 גר,,,לאבנה 500 גר,גרמים,500.00,100 גרם,false,1,18.90,3.7800,true,1,237427
7290003075652,false,גבינת לאבנה 250 גר,,,גבינת לאבנה 250 גר,גרמים,250.00,100 גרם,false,1,11.90,4.7600,true,1,237429
7290003075805,false,גבינת ברינזה 400 גר,,,גבינת ברינזה 400 גר,גרמים,400.00,100 גרם,false,1,25.90,6.4750,true,1,237431
7290003075850,false,לבנה עם זעתר 250 גר,,,לבנה עם זעתר 250 גר,גרמים,250.00,100 גרם,false,1,12.90,5.1600,true,1,237428
7290003102136,false,צמר גפן 100 גרם כותו,S.T.O CO.LTD,CN,צמר גפן 100 גרם כותון סופט,גרמים,100.00,100 גרם,false,24,4.90,4.9000,true,1,313861
7290003102419,false,כפפות ניילון 100 יח,,CN,כפפות ניילון יח קופסא,יחידה,100.00,יחידה,false,1,6.90,0.0690,true,1,317985
7290003102891,false,שקיות צליה הוסטס 10,הוסטס,TR,שקיות צליה הוסטס 10 יח,יחידה,10.00,יחידה,false,48,5.90,0.5900,true,1,313808
7290003102976,false,צימרוני אוזניים 200י,S.T.O CO.LTD,CN,צימרוני אוזניים 200יח בכוס,יחידה,200.00,יחידה,false,6,4.50,0.0225,true,1,313862
7290003109265,false,עוגיות מרוקאיות 400,,,עוגיות מרוקאיות 400 גרם,גרמים,500.00,100 גרם,false,1,18.00,3.6000,true,1,230187
7290003121083,false,מגיק טעם בשר שקית 85,מג'יק,,מגיק טעם בשר שקית 85 גר,גרמים,85.00,100 גרם,false,1,2.90,3.4118,true,1,227447
7290003121090,false,מגיק טעם ירקות שקית,מג'יק,,מגיק טעם ירקות שקית 85 גר,גרמים,85.00,100 גרם,false,1,2.90,3.4118,true,1,227408
7290003121106,false,מגיק טעם עוף שקית 85,מג'יק,,מגיק טעם עוף שקית 85 גר,גרמים,85.00,100 גרם,false,1,2.90,3.4118,true,1,227412
7290003126712,false,יוגורט עיזים 3% ביו,מחלבת משק צוריאל,,יוגורט עיזים 3% ביו 150 גר,גרמים,150.00,100 גרם,false,1,5.90,3.9333,true,1,227597
7290003126958,false,גבינת טופו טבעי בואק,מחלבת משק צוריאל,,גבינת טופו טבעי בואקום 300 גר,גרמים,300.00,100 גרם,false,1,10.90,3.6333,true,1,227976
7290003133123,false,לחם אוקראיני זהב עגו,דוידוביץ,IL,לחם זהב עגול אוקראיני 750גרם,גרמים,750.00,100 גרם,false,1,13.90,1.8533,true,1,233354
7290003133505,false,לחם שיפונטו 500 גר ד,דוידוביץ,,לחם שיפונטו 500 גר דוידוביץ,גרמים,500.00,100 גרם,false,1,12.90,2.5800,true,1,233355
7290003141159,false,מרשמלו יוגטה 180 גר,סאדאט,,מרשמלו יוגטה 180 גר,גרמים,180.00,100 גרם,false,1,5.90,3.2778,true,1,244500
7290003143146,false,ממרח תמרים קליית גת,טעמי הגליל,IL,ממרח תמרים קליית גת 450 גרם,גרמים,350.00,100 גרם,false,12,5.50,1.5714,true,1,344286
7290003143276,false,מרשמלו רול יוגטה 180,תות ממתקי איכות,,מרשמלו רול יוגטה 180 גר,גרמים,180.00,100 גרם,false,1,5.90,3.2778,true,1,248162
7290003143337,false,סילאן טבעי לחיץ קליי,,IL,סילאן טבעי לחיץ קליית גת 350 גרם,גרמים,350.00,100 גרם,false,1,14.90,4.2571,true,1,344127
7290003144174,false,סט מטקות הוט פופ,אוך אייק גואן פוד אי,,סט מטקות הוט פופ,Unknown,0.00,Unknown,false,1,20.00,0.0000,true,1,338708
7290003144419,false,סילאן טבעי קליית 710,,IL,סילאן טבעי קליית 710 גרם צנצנת,גרמים,710.00,100 גרם,false,1,19.90,2.8028,true,1,344284
7290003153831,false,חטיף בוטנים שוש 80גר,STRAUSS-ISRAEL,IL,שוש 80 גר,Unknown,0.00,Unknown,false,40,3.70,0.0000,true,1,226706
7290003163939,false,נקניקיות גריל 1.5קג,מעדני הטלה,IL,נקניקיות גריל 1.5קג נעדני הטלה,גרמים,1500.00,100 גרם,false,6,24.90,1.6600,true,1,326635
7290003185719,false,קבב רומני 500 גרם,טיבון ויל,IL,קבב רומני 500 גרם,גרמים,500.00,100 גרם,false,12,15.90,3.1800,true,1,226919
7290003185726,false,קבב מזרחי 500 גרם,טיבון ויל,,קבב מזרחי 500 גרם,גרמים,500.00,100 גרם,false,1,15.90,3.1800,true,1,226918
7290003187843,false,בשר עגל טחון 500 גר,טיבון ויל,IL,בשר עגל טחון 500 גר,גרמים,500.00,100 גרם,false,12,21.90,4.3800,true,1,228980
7290003189045,false,צהובה טובה הולנדית ב,,,צהובה טובה הולנדית במשקל כפיר,קילוגרמים,1.00,"ק""ג",true,,30.00,30.0000,true,1,233356
7290003189076,false,צהובה הטובה פיצרלה,,,צהובה הטובה פיצרלה מגורדת 500 גרם,גרמים,500.00,100 גרם,false,1,22.00,4.4000,true,1,232775
7290003189199,false,צהובה טובה חריפה במש,,,צהובה טובה חריפה במשקל כפיר,קילוגרמים,1.00,"ק""ג",true,,30.00,30.0000,true,1,233357
7290003189205,false,צהובה טובה לייט קלאס,,,צהובה טובה לייט קלאסית 200 גרם,גרמים,200.00,100 גרם,false,1,11.90,5.9500,true,1,232778
7290003189267,false,צהובה טובה קלאסית 5%,,,צהובה טובה קלאסית 5% 200 גרם,גרמים,200.00,100 גרם,false,1,11.90,5.9500,true,1,232903
7290003189274,false,צהובה טובה מעושנת במ,,,צהובה טובה מעושנת במשקל כפיר,קילוגרמים,1.00,"ק""ג",true,,30.00,30.0000,true,1,234562
7290003189380,false,צהובה טובה שום שמיר,,,צהובה טובה שום שמיר במשקל כפיר,קילוגרמים,1.00,"ק""ג",true,,30.00,30.0000,true,1,233358
7290003189557,false,צהובה טובה מעושנת 5%,,,צהובה טובה מעושנת 5% 200 גרם,גרמים,200.00,100 גרם,false,1,11.90,5.9500,true,1,233277
7290003208197,false,שמפניה חצי יבש לורן,,,שמפניה חצי יבש לורן פרייה 750מל,מיליליטרים,750.00,"100 מ""ל",false,1,229.00,30.5333,true,1,247717
7290003208586,false,יין וורמוט מרטיני בי,,,יין וורמוט מרטיני ביאנקו 750 מל פיקדון,מיליליטרים,750.00,"100 מ""ל",false,1,60.00,8.0000,true,1,238561
7290003208609,false,יין וורמוט מרטיני רו,,,יין וורמוט מרטיני רוסו 750 מל פיקדון,מיליליטרים,750.00,"100 מ""ל",false,1,60.00,8.0000,true,1,238562
7290003208647,false,יין מרטיני ברוט 750,,,יין מרטיני ברוט 750 מל פקדון,מיליליטרים,750.00,"100 מ""ל",false,1,70.00,9.3333,true,1,240153
7290003208692,false,ליקר בנדיקטין 750 מל,,,ליקר בנדיקטין 750 מל פיקדון,מיליליטרים,750.00,"100 מ""ל",false,1,149.00,19.8667,true,1,240148
7290003208715,false,יין וורמוט מרטיני רו,,,יין וורמוט מרטיני רוסטו 750 מל פיקדון,מיליליטרים,750.00,"100 מ""ל",false,1,60.00,8.0000,true,1,240147
7290003208777,false,יין לבן ברון דארנייק,,,יין לבן ברון דארנייק 750 מל פקדון,מיליליטרים,750.00,"100 מ""ל",false,1,40.00,5.3333,true,1,240490
7290003212033,false,עוגת קראנץ בטעמים 50,,,עוגת קראנץ בטעמים 500 ג אנטיקוביץ,גרמים,600.00,100 גרם,false,1,16.90,2.8167,true,1,345335
7290003212828,false,עוגה ללא סוכר אנטיקו,,,עוגה ללא סוכר אנטיקוביץ בטעמים 350 גר,גרמים,350.00,100 גרם,false,1,19.90,5.6857,true,1,238005
7290003215751,false,ביצים אורגניות 12יח,,,ביצים אורגניות 12יח לארג גדול,יחידה,12.00,יחידה,false,1,22.90,1.9083,true,1,343833
7290003215768,false,ביצי חופש 12יח לארג,,,ביצי חופש 12יח לארג גדול,יחידה,12.00,יחידה,false,1,19.90,1.6583,true,1,343834
7290003219766,false,טורבול מילוי שלישיה,טורבול,,טורבול מילוי שלישיה,Unknown,0.00,Unknown,false,1,39.90,0.0000,true,1,229743
7290003220465,false,ביסקויט פתי שוקו בר,,IL,ביסקויט פתי שוקו בר מעדני המך 500 גרם,גרמים,500.00,100 גרם,false,12,8.90,1.7800,true,1,342456
7290003220588,false,רוטב צילי מתוק וואק,KRS,,רוטב צילי מתוק וואק ללא סוכר 700 מל,מיליליטרים,700.00,"100 מ""ל",false,1,14.90,2.1286,true,1,252241
7290003220595,false,אורז לסושי ווק 1 קג,,,אורז לסושי ווק 1 קג,קילוגרמים,1.00,"ק""ג",false,12,11.90,11.9000,true,1,321033
7290003220649,false,שמן שומשום 100% ווק,,SG,שמן שומשום 100% ווק 150 מל,מיליליטרים,150.00,"100 מ""ל",false,12,13.90,9.2667,true,1,339332
7290003220717,false,אצות נורי ווק 10 יח,,,אצות נורי ווק 10 יח,יחידה,10.00,יחידה,false,1,9.90,0.9900,true,1,253047
7290003220779,false,מקלוני אורז 3 ממ ווק,ASIAN,,מקלוני אורז 3 ממ ווק 400 גר,גרמים,400.00,100 גרם,false,1,9.90,2.4750,true,1,253045
7290003220786,false,מקלוני אורז 5 ממ ווק,ASIAN,,מקלוני אורז 5 ממ ווק 400 גר,גרמים,400.00,100 גרם,false,1,9.90,2.4750,true,1,253046
7290003220939,false,מקלוני אורז ווק דקיפ,ASIAN,,מקלוני אורז ווק דקים 400 גר,גרמים,400.00,100 גרם,false,1,9.90,2.4750,true,1,253043
7290003220946,false,דפי אורז ווק עגול400,ASIAN,,דפי אורז ווק 300 גר,גרמים,400.00,100 גרם,false,1,12.50,3.1250,true,1,253039
7290003220977,false,ביסקויט חצי ירח מצופ,,IL,ביסקויט חצי ירח מצופה מעדני המלך 175 ג,גרמים,175.00,100 גרם,false,16,6.90,3.9429,true,1,337695
7290003224012,false,שושברק בשר בקר 400גר,מאמא מרי,,שושברק בשר בקר 400גר מאמא מרי,גרמים,400.00,100 גרם,false,1,24.90,6.2250,true,1,305634
7290003224036,false,אוכמניות כחולות 300,מאמא מרי,IL,אוכמניות כחולות גולוביקה,גרמים,300.00,100 גרם,false,20,19.90,6.6333,true,1,237272
7290003224128,false,כיסונים תפוחי אדמה 8,מאמא מרי,,כיסונים תפוחי אדמה 800 ג מאמא מרי,גרמים,800.00,100 גרם,false,1,19.90,2.4875,true,1,233368
7290003224135,false,כיסוני בשר 800גר,מאמא מרי,,כיסוני בשר 800גר,גרמים,800.00,100 גרם,false,1,21.90,2.7375,true,1,330427
7290003224142,false,בלינצס תפוא ופטריות,מאמא מרי,IL,בלינציס תפוא 7 יח,גרמים,420.00,100 גרם,false,20,19.90,4.7381,true,1,233917
7290003224159,false,בלינצס בשר 7 יח מאמא,מאמא מרי,IL,בלינציס בשר 7 יח,Unknown,0.00,Unknown,false,20,21.90,0.0000,true,1,233915
7290003224258,false,קרפלך כיסוני בשר בקר,מאמא מרי,IL,קרפלך כיסוני בשר בקר 1.5קג,גרמים,1500.00,100 גרם,false,1,49.90,3.3267,true,1,335016
7290003224265,false,קרפלך כיסוני בשר בקר,מאמא מרי,IL,קרפלך כיסוני בשר בקר 800גר,גרמים,800.00,100 גרם,false,1,28.90,3.6125,true,1,335015
7290003224272,false,כיסוני בשר מוסקובסקי,מאמא מרי,,כיסוני בשר מוסקובסקי 1 קג מאמא מרי,קילוגרמים,1.00,"ק""ג",false,1,31.90,31.9000,true,1,233369
7290003224340,false,חמוציות רוסי 300 גרם,מאמא מרי,IL,קלוקווא רוסי,גרמים,300.00,100 גרם,false,20,21.90,7.3000,true,1,250790
7290003224388,false,חמוציות 300 ג קפוא,מאמא מרי,IL,חמוציות קלוקבה,גרמים,300.00,100 גרם,false,20,13.90,4.6333,true,1,237271
7290003224456,false,כיסוני בשר סיבירסקי,מאמא מרי,,כיסוני בשר סיבירסקי 1 קג,קילוגרמים,1.00,"ק""ג",false,1,27.90,27.9000,true,1,330428
7290003224463,false,כיסוני בשר אוקראינסק,מאמא מרי,,כיסוני בשר אוקראינסקי 1 קג,קילוגרמים,1.00,"ק""ג",false,1,27.90,27.9000,true,1,330429
7290003224487,false,כיסונים בשר 1 קג מאמ,מאמא מרי,,כיסונים בשר 1 קג מאמא מרי,קילוגרמים,1.00,"ק""ג",false,1,27.90,27.9000,true,1,233370
7290003224500,false,אוכמניות שחורות 300,מאמא מרי,,אוכמניות שחורות 300 גר קפוא,גרמים,300.00,100 גרם,false,1,21.90,7.3000,true,1,235331
7290003224555,false,פטל אדום 300 גר,מאמא מרי,IL,פטל אדום,גרמים,300.00,100 גרם,false,20,24.90,8.3000,true,1,234866
7290003224654,false,מיקס פירות יער 300 ג,מאמא מרי,,מיקס פירות יער 300 ג קפוא,גרמים,300.00,100 גרם,false,1,14.90,4.9667,true,1,233227
7290003224753,false,דומדמניות אדומות 300,מאמא מרי,,דומדמניות אדומות 300 ג קפוא,גרמים,300.00,100 גרם,false,1,13.90,4.6333,true,1,233231
7290003224807,false,אוכמניות אדומות 300,מאמא מרי,IL,אוכמניות אדומות ברוסניקה,גרמים,300.00,100 גרם,false,20,19.90,6.6333,true,1,233230
7290003224944,false,אוכמניות צהובות 300,מאמא מרי,IL,אוכמניות צהובות,גרמים,300.00,100 גרם,false,20,19.90,6.6333,true,1,254689
7290003229109,false,פסטרמה בפפריקה 400 ג,,,פסטרמה בפפריקה 400 ג,גרמים,400.00,100 גרם,false,1,27.90,6.9750,true,1,231210
7290003229116,false,פסטרמה בדבש 400 ג,,,פסטרמה בדבש 400 ג,גרמים,400.00,100 גרם,false,1,27.90,6.9750,true,1,231211
7290003229123,false,פסטרמה על גחלים 400,,,פסטרמה על גחלים 400 ג,גרמים,400.00,100 גרם,false,1,27.90,6.9750,true,1,231212
7290003229147,false,נקניק סלמי איטלקי 30,,,נקניק סלמי איטלקי 300 ג,גרמים,300.00,100 גרם,false,1,27.90,9.3000,true,1,231215
7290003229154,false,נקניק סלמי קוניאק מו,,,נקניק סלמי קוניאק מובחר 300 ג,גרמים,300.00,100 גרם,false,1,27.90,9.3000,true,1,231214
7290003229192,false,כתף בקר מעושן 400 ג,,,כתף בקר מעושן 400 ג,גרמים,400.00,100 גרם,false,1,27.90,6.9750,true,1,231213
7290003229208,false,פסטרמה ספרדית 360 ג,,,פסטרמה ספרדית 360 ג,גרמים,360.00,100 גרם,false,1,27.90,7.7500,true,1,232842
7290003229215,false,פסטרמה איטלקית 360 ג,,,פסטרמה איטלקית 360 ג,גרמים,360.00,100 גרם,false,1,27.90,7.7500,true,1,232841
7290003229222,false,נקניק סלמי תה משובח,,,נקניק סלמי תה משובח 300 גר,גרמים,300.00,100 גרם,false,1,22.90,7.6333,true,1,238945
7290003321155,false,יוגורט דנונה בר פקאן,,,יוגורט דנונה בר פקאן קראנצ 183 גרם,גרמים,183.00,100 גרם,false,1,4.70,2.5683,true,1,228103
7290003364107,false,סט כלים,,,סט כלים,Unknown,0.00,Unknown,false,1,39.90,0.0000,true,1,226545
7290003364794,false,בובות פרווה,,,בובות פרווה,Unknown,0.00,Unknown,false,1,29.90,0.0000,true,1,228306
7290003385881,false,במיה ברוטב עגביות א/,,,במיה ברוטב עגביות א/2 פרי גליל,גרמים,650.00,100 גרם,false,1,11.50,1.7692,true,1,228093
7290003387205,false,דאו.ספיד סטיק רגיל ב,Colgate - USA,US,דאו.ספיד סטיק רגיל בסיסי ירוק,Unknown,0.00,Unknown,false,12,18.90,0.0000,true,1,227586
7290003387373,false,דאו.ספיד סטיק רגיל ב,Colgate - USA,US,דאו.ספיד סטיק רגיל בסיסי קלאסיק,Unknown,0.00,Unknown,false,12,18.90,0.0000,true,1,227138
7290003400500,false,חטיף קרמל ובוטנים מצ,,,חטיף קרמל ובוטנים מצופה47גר הרשי,Unknown,0.00,Unknown,false,1,4.90,0.0000,true,1,248361
7290003401369,false,קרם לחות קלאסי חוחוב,,,קרם לחות קלאסי חוחובה סגול400מל,מיליליטרים,400.00,"100 מ""ל",false,1,19.90,4.9750,true,1,226805
7290003401376,false,קרם לחות קלאסי אלוור,,,קרם לחות קלאסי אלוורה ירוק 400 מל,מיליליטרים,400.00,"100 מ""ל",false,1,19.90,4.9750,true,1,226804
7290003401420,false,קרם לחות קלאסי סיליק,,,קרם לחות קלאסי סיליקון כתום400 מל.,מיליליטרים,400.00,"100 מ""ל",false,1,19.90,4.9750,true,1,226803
7290003402809,false,חטיף שוקולד הרשי ריס,,,חטיף שוקולד הרשי ריסז לבן42גר,Unknown,0.00,Unknown,false,1,4.00,0.0000,true,1,326847
7290003411276,false,עמבה פרי הודית 500 ג,,,עמבה פרי הודית 500 גר,גרמים,500.00,100 גרם,false,1,10.90,2.1800,true,1,227211
7290003414406,false,נטיפי ריזס הרשי לאפי,,,נטיפי ריזס הרשי לאפיה 283 גר,גרמים,283.00,100 גרם,false,1,15.00,5.3004,true,1,255579
7290003423909,false,חטיף שוקולד לבן עם ע,,,חטיף שוקולד לבן עם עוגיות43גר הרשי,Unknown,0.00,Unknown,false,1,5.00,0.0000,true,1,236695
7290003427154,false,שמן זית זיתא כתית מע,זיתא - י.ט.ב תעשיות,,שמן זית זיתא כתית מעולה 750 מל,מיליליטרים,750.00,"100 מ""ל",false,1,29.90,3.9867,true,1,226722
7290003427208,false,שמן זית זיתא כנען750,,,שמן זית כנען כתית מעולה 750 מל זיתא,מיליליטרים,750.00,"100 מ""ל",false,1,37.90,5.0533,true,1,232850
7290003432004,false,חטיף שוקולד אלמונד ג,הרשיז,US,חטיף שוקולד אלמונד גוי 45 גרם הרשי,Unknown,0.00,Unknown,false,36,5.00,0.0000,true,1,341942
7290003438006,false,ממרח פסטו איטלקי 180,,,ממרח פסטו איטלקי 180 ג אוליביה,גרמים,180.00,100 גרם,false,1,13.90,7.7222,true,1,227565
7290003438013,false,ממרח זיתים ירוקים 19,,,ממרח זיתים ירוקים 190 גר אוליביה,גרמים,190.00,100 גרם,false,1,13.90,7.3158,true,1,227556
7290003438020,false,ממרח עגבניות עם אגוז,,,ממרח עגבניות עם אגוזים 190 ג אוליביה,גרמים,190.00,100 גרם,false,1,13.90,7.3158,true,1,227562
7290003438075,false,חרוסת מצונן 210גרם א,אוליביה,,חרוסת 210גרם אוליביה,גרמים,210.00,100 גרם,false,1,10.90,5.1905,true,1,308248
7290003438082,false,חזרת 180גר אוליביה,אוליביה,,חזרת 180גר אוליביה,גרמים,180.00,100 גרם,false,1,12.90,7.1667,true,1,248774
7290003438709,false,ממרח זיתים שחורים 19,,,ממרח זיתים שחורים 190 ג אוליביה,גרמים,190.00,100 גרם,false,1,13.90,7.3158,true,1,227557
7290003438853,false,ממרח אריסה אוליביה 1,,,ממרח אריסה אוליביה 180 גר,גרמים,180.00,100 גרם,false,1,13.90,7.7222,true,1,255556
7290003438884,false,חזרת אדומה אוליביה 1,,,חזרת אדומה אוליביה 190 גר,גרמים,190.00,100 גרם,false,1,12.90,6.7895,true,1,244842
7290003438990,false,עיטורי עגבניות אוליב,,,עיטורי עגבניות אוליביה 220 ג,גרמים,220.00,100 גרם,false,1,17.90,8.1364,true,1,227199
7290003444009,false,חטיף שוקולד הרשי ריס,,,חטיף שוקולד הרשי ריסז רגיל42גר,Unknown,0.00,Unknown,false,1,4.00,0.0000,true,1,248357
7290003450602,false,חרדל היינץ לחיץ 255,,,חרדל היינץ לחיץ 255 גרם,גרמים,255.00,100 גרם,false,1,11.00,4.3137,true,1,227911
7290003457991,false,מאגדת קורנטו קלאסיק,"גלידת שטראוס בע""מ",IL,קורנטו קלאס 1/6,גרמים,360.00,100 גרם,false,6,34.90,9.6944,true,1,226987
7290003461110,false,שום כתוש מסעדות במשק,,,שום כתוש מסעדות במשקל,גרמים,1000.00,100 גרם,false,1,40.00,4.0000,true,1,226672
7290003514007,false,שקדי מרק רגיל 400 גר,Mana,IL,שקדי מרק רגיל 400 גר מנה,גרמים,400.00,100 גרם,false,12,9.90,2.4750,true,1,237242
7290003520572,false,מארז 6 יח מטריות חרו,,,מארז 6 יח מטריות חרוב 45 גר,Unknown,0.00,Unknown,false,1,16.90,0.0000,true,1,312590
7290003521074,false,מרכך סרקל 1 ל,פישר תעשיות,,מרכך סרקל 1 ל,ליטרים,1.00,ליטר,false,1,28.90,28.9000,true,1,232308
7290003521081,false,שמפו סרקל 1 ל,פישר תעשיות,,שמפו סרקל 1 ל,ליטרים,1.00,ליטר,false,1,28.90,28.9000,true,1,227174
7290003521166,false,קרם רוזמרין סרקל 325,פישר תעשיות,,קרם רוזמרין סרקל 325 מל,מיליליטרים,325.00,"100 מ""ל",false,1,27.90,8.5846,true,1,232355
7290003521197,false,מתיר קשרים סרקל 340,פישר תעשיות,,מתיר קשרים סרקל 340 מל,מיליליטרים,340.00,"100 מ""ל",false,1,27.90,8.2059,true,1,232409
7290003521760,false,גל אלוורה אפטרסול,פישר תעשיות,,גל אלוורה אפטרסול 200 מל שפופרת,מיליליטרים,200.00,"100 מ""ל",false,1,22.90,11.4500,true,1,235176
7290003524297,false,אספרגוס לבן שלם 330,ויליגר,,אספרגוס לבן שלם 370 גרם,גרמים,330.00,100 גרם,false,1,11.90,3.6061,true,1,228262
7290003525461,false,סלט טונה פיקנטי וילי,ויליגר,,סלט טונה פיקנטי ויליגר 160 גר,גרמים,160.00,100 גרם,false,1,5.50,3.4375,true,1,229204
7290003525898,false,מארז 3 יח סלט טונה ו,ויליגר,,מארז 3 יח סלט טונה ויליגר 160 גר,גרמים,480.00,100 גרם,false,1,15.90,3.3125,true,1,234426
7290003525904,false,מארז 3 יח סלט טונה פ,ויליגר,,מארז 3 יח סלט טונה פיקנטי ויליגר 160 גר,גרמים,480.00,100 גרם,false,1,15.90,3.3125,true,1,234427
7290003526444,false,לפתן אננס חתוך ויליג,,,לפתן אננס חתוך ויליגר 565 גרם,גרמים,565.00,100 גרם,false,24,6.50,1.1504,true,1,314372
7290003526864,false,פטריות חתוך ויליגר 2,פרנסשמפניון,,פטריות חתוך 290 גרם,גרמים,290.00,100 גרם,false,1,4.50,1.5517,true,1,229154
7290003526871,false,מארז 3 יח פטריות חתו,פרנסשמפניון,,מארז 3 יח פטריות חתוך 290 גר,גרמים,870.00,100 גרם,false,1,11.90,1.3678,true,1,237059
7290003527380,false,לפתן דובדבן ללא חרצן,גולדסטארקפט,,לפתן דובדבן ללא חרצן 680 גר ויליגר,גרמים,680.00,100 גרם,false,1,9.90,1.4559,true,1,232886
7290003550753,false,מארז 4 יח טונה בשמן,פוסידון,IL,מארז 4 יח טונה בשמן פוסידון 108 גר,גרמים,432.00,100 גרם,false,64,19.90,4.6065,true,1,246767
7290003550937,false,רגל פרוסה קפואה במגש,טיבון ויל,,רגל פרוסה קפואה במגש,קילוגרמים,1.00,"ק""ג",true,,34.00,34.0000,true,1,233314
7290003561032,false,בייגל רול דגנים,בונז'ור,,בייגל רול דגנים,גרמים,130.00,100 גרם,false,1,4.50,3.4615,true,1,232509
7290003561766,false,בורקס פילס תפוא ובצל,בונז'ור,,בורקס פילס תפוא ובצל מטוגן במשקל,קילוגרמים,1.00,"ק""ג",true,,40.00,40.0000,true,1,232585
7290003578061,false,לבבות דקל שלמים 400,פרוסקונסה,,לבבות דקל שלמים 400 גרם,גרמים,400.00,100 גרם,false,1,11.90,2.9750,true,1,227791
7290003578108,false,לפתן אננס חתוך ויליפ,טקרנג,,לפתן אננס חתוך ויליפוד 850 גרם,גרמים,850.00,100 גרם,false,1,9.90,1.1647,true,1,228254
7290003578177,false,תירס גמדי 410 גרם,מגסטיק פוד,TH,תירס גמדי 410גרם,גרמים,410.00,100 גרם,false,24,6.90,1.6829,true,1,228424
7290003578313,false,לפתן דובדבן ללא חרצן,יורוביקה,,לפתן דובדבן ללא חרצן 680 גר,גרמים,680.00,100 גרם,false,1,10.90,1.6029,true,1,227987
7290003578672,false,שמן חמניות 1 ליטר וי,גידה,,שמן חמניות 1 ליטר ויליפוד,ליטרים,1.00,ליטר,false,1,11.90,11.9000,true,1,226723
7290003578931,false,גבינה חצי רכה 20% רא,מוראטביי,TR,גבינת רסטה 20%שומן 4קג EESE,קילוגרמים,1.00,"ק""ג",true,1,99.00,99.0000,true,1,253333
7290003608089,false,משקה קל ספרינג תות ב,יפאורה,IL,משקה קל ספרינג תות בננה 1.5 ל,ליטרים,1.50,ליטר,false,12,8.60,5.7333,true,1,229832
7290003608546,false,משקה קל תפוזינה תות,יפאורה,IL,משקה קל תפוזינה תות בננה 1.5 ל,ליטרים,1.50,ליטר,false,12,8.60,5.7333,true,1,228414
7290003643004,false,אורז בסמטי קלאסי 1 ק,סוגת תעשיות בעמ,,אורז הודי בסמטי 1 קג סוגת,קילוגרמים,1.00,"ק""ג",false,1,13.90,13.9000,true,1,228220
7290003643127,false,אבקת אפיה 10 יח סוגת,"י. כהן בע""מ",IL,אבקת אפיה 10+10 גרם,גרמים,100.00,100 גרם,false,50,2.50,2.5000,true,1,233762
7290003643134,false,סוכר וניל 10 יח סוגת,"י. כהן בע""מ",IL,סוכר וניל 10+10 גרם,גרמים,100.00,100 גרם,false,50,2.50,2.5000,true,1,233761
7290003643158,false,קורנפלור 200 גר סוגת,"י. כהן בע""מ",,קורנפלור 200 גר סוגת,גרמים,200.00,100 גרם,false,1,3.00,1.5000,true,1,233764
7290003643165,false,קורנפלור 500 גר סוגת,"י. כהן בע""מ",,קורנפלור 500 גר סוגת,גרמים,500.00,100 גרם,false,1,5.90,1.1800,true,1,233765
7290003643172,false,אבקת סוכר 100 גר סוג,"י. כהן בע""מ",,אבקת סוכר 100 גר סוגת,גרמים,100.00,100 גרם,false,1,2.50,2.5000,true,1,233763
7290003643325,false,קוסקוס בינוני 350 גר,"אסיף תעשיות מזון בע""",,קוסקוס בינוני 350 גר סוגת,גרמים,350.00,100 גרם,false,1,5.50,1.5714,true,1,232673
7290003643387,false,סוכר לבן 1 קג צנצנת,סוגת תעשיות בעמ,IL,סוכר לבן בצנצנת 1 קג,קילוגרמים,1.00,"ק""ג",false,8,8.90,8.9000,true,1,227280
7290003643646,false,סוכר חום דמררה צנצנת,סוגת תעשיות בעמ,,סוכר חום דמררה צנצנת 1 קג סוגת,קילוגרמים,1.00,"ק""ג",false,1,12.90,12.9000,true,1,227282
7290003643684,false,אפונה סוגת 500 גרם,סוגת תעשיות בעמ,IL,אפונה 500 גר,גרמים,500.00,100 גרם,false,12,7.00,1.4000,true,1,229031
7290003643707,false,גריסים סוגת 500 גרם,סוגת תעשיות בעמ,IL,גריסים 500 גר,גרמים,500.00,100 גרם,false,12,6.00,1.2000,true,1,229032
7290003643714,false,חומוס סוגת 500 גרם,סוגת תעשיות בעמ,IL,חומוס 500 גר,גרמים,500.00,100 גרם,false,12,8.90,1.7800,true,1,229026
7290003643738,false,חיטה סוגת 500 גרם,סוגת תעשיות בעמ,IL,חיטה 500 גר,גרמים,500.00,100 גרם,false,12,6.00,1.2000,true,1,229033
7290003643745,false,כוסמת סוגת 500 גרם,סוגת תעשיות בעמ,IL,כוסמת 500 גר,גרמים,500.00,100 גרם,false,12,8.90,1.7800,true,1,229034
7290003643752,false,עדשים ירוקים סוגת 50,סוגת תעשיות בעמ,IL,עדשים ירוקות 500 גר,גרמים,500.00,100 גרם,false,12,7.90,1.5800,true,1,229030
7290003643769,false,עדשים אדומים סוגת 50,סוגת תעשיות בעמ,IL,עדשים אדומות 500 גר,גרמים,500.00,100 גרם,false,12,7.90,1.5800,true,1,229588
7290003643776,false,פופקורן סוגת 500 גרם,סוגת תעשיות בעמ,IL,פופקורן 500 גר,גרמים,500.00,100 גרם,false,12,7.00,1.4000,true,1,229027
7290003643783,false,קוקוס סוגת 100 גרם,סוגת תעשיות בעמ,,קוקוס סוגת 100 גרם,גרמים,100.00,100 גרם,false,1,4.50,4.5000,true,1,229036
7290003643806,false,שעועית לבנה סוגת 500,סוגת תעשיות בעמ,IL,שעועית לבנה 500 גר,גרמים,500.00,100 גרם,false,12,11.90,2.3800,true,1,229029
7290003643813,false,שעועית אדומה 500 ג ס,סוגת תעשיות בעמ,,שעועית אדומה 500 ג סוגת,גרמים,500.00,100 גרם,false,1,12.90,2.5800,true,1,229028
7290003643820,false,חומוס ענק 500 ג סוגת,סוגת תעשיות בעמ,IL,חומוס ענק 500 גרם,גרמים,500.00,100 גרם,false,12,11.90,2.3800,true,1,231181
7290003648009,false,דג מקרלית בואקום במש,,,דג מקרלית בואקום במשקל,קילוגרמים,1.00,"ק""ג",true,,135.00,135.0000,true,1,336146
7290003648016,false,דג מקרל מעושן בואקום,,,דג מקרל מעושן בואקום במשקל,קילוגרמים,1.00,"ק""ג",true,,89.90,89.9000,true,1,336145
7290003648344,false,דג מטיאס הולנדי בשמן,סלטי שמיר,,דג מטיאס הולנדי בשמן 550גר,גרמים,550.00,100 גרם,false,1,34.90,6.3455,true,1,244725
7290003648856,false,מעדן מטיאס הולנדי 55,סלטי שמיר,,מעדן מטיאס הולנדי 550גר,גרמים,550.00,100 גרם,false,1,34.90,6.3455,true,1,244970
7290003667369,false,פריגת 1.5 ליטר תות ב,פריגת,,פריגת 1.5 ליטר תות בננה,ליטרים,1.50,ליטר,false,1,9.60,6.4000,true,1,228411
7290003703166,false,לחמניה גבטה,בונז'ור,,לחמניה גבטה 300 ג,Unknown,0.00,Unknown,false,1,7.00,0.0000,true,1,233382
7290003703227,false,חצי בגט עם סובין,בונז'ור,,חצי בגט עם סובין,Unknown,0.00,Unknown,false,1,3.30,0.0000,true,1,233663
7290003703418,false,גביניות,בונז'ור,,גביניות ללא צימוקים,קילוגרמים,1.00,"ק""ג",true,,40.00,40.0000,true,1,234880
7290003706044,false,קוסברה ארוז,,,כוסברה,Unknown,0.00,Unknown,false,1,4.00,0.0000,true,1,232753
7290003706051,false,נענע ארוז,,,נענע ארוז,Unknown,0.00,Unknown,false,1,4.00,0.0000,true,1,232754
7290003706068,false,פטרוזיליה ארוז,,,פטרוזיליה ארוז,Unknown,0.00,Unknown,false,1,4.00,0.0000,true,1,232755
7290003706181,false,דלעת חתוכה ארוזה,,,דלעת חתוכה,קילוגרמים,1.00,"ק""ג",true,,11.90,11.9000,true,1,246770
7290003713295,false,טורטיה קפוא מתירס 12,"דוידוב סלמון בע""מ",IL,טורטיה קפוא מתירס 12סמ15יח300גר,גרמים,300.00,100 גרם,false,1,28.90,9.6333,true,1,325129
7290003713936,false,סלסה חלפניו ליים 275,"דוידוב סלמון בע""מ",IL,סלסה חלפניו ליים 275 מל,מיליליטרים,275.00,"100 מ""ל",false,24,34.90,12.6909,true,1,325079
7290003713943,false,מחית ציפוטלה 200 גרם,"דוידוב סלמון בע""מ",IL,מחית ציפוטלה 200 גרם,גרמים,200.00,100 גרם,false,24,19.90,9.9500,true,1,325075
7290003713950,false,סלסה מקסיקנית 200 גר,"דוידוב סלמון בע""מ",IL,סלסה מקסיקנית 200 גרם,גרמים,200.00,100 גרם,false,24,16.90,8.4500,true,1,325083
7290003719259,false,לחם אקסלוסיבי 1 קג ל,מאפית י.את א. ברמן ב,,לחם אקסלוסיבי 1 קג ליבו,גרמים,1000.00,100 גרם,false,1,13.90,1.3900,true,1,234990
7290003726141,false,טופו משק גאיה 300 גר,מחלבות גד,,טופו משק גאיה 300 גרם,גרמים,300.00,100 גרם,false,1,13.90,4.6333,true,1,230446
7290003726592,false,טופו ויילר בטעם פסטו,,IL,טופו ויילר בטעם פסטו 300גר,גרמים,300.00,100 גרם,false,5,13.90,4.6333,true,1,327778
7290003726615,false,טופו ויילר במרקם קשה,,IL,טופו ויילר במרקם קשה 300גר,גרמים,300.00,100 גרם,false,10,13.90,4.6333,true,1,327777
7290003726684,false,טופו חומוס בטעם טבעי,,IL,טופו חומוס בטעם טבעי 300גר משק ויילר,גרמים,300.00,100 גרם,false,5,12.90,4.3000,true,1,331307
7290003726691,false,טופו חומוס בטעם מעוש,,IL,טופו חומוס בטעם מעושן 300גר משק ויילר,גרמים,300.00,100 גרם,false,5,12.90,4.3000,true,1,331308
7290003726752,false,קציצות טופו ברוקולי,,IL,קציצות טופו ברוקולי קישוא אפונה 400גר,גרמים,400.00,100 גרם,false,1,25.90,6.4750,true,1,347128
7290003726769,false,קציצות טופו בטטה גזר,,IL,קציצות טופו בטטה גזר 400גר ויילר,גרמים,400.00,100 גרם,false,1,25.90,6.4750,true,1,347127
7290003726776,false,שניצל טופו בטעם עוף,,IL,שניצל טופו בטעם עוף 420גר משק ויילר,גרמים,420.00,100 גרם,false,1,27.90,6.6429,true,1,347130
7290003726806,false,שניצל טופו וברוקולי,,IL,שניצל טופו וברוקולי 420גר משק ויילר,גרמים,420.00,100 גרם,false,1,27.90,6.6429,true,1,347132
7290003726868,false,טופו חומוס עם עגבניו,,IL,טופו חומוס עם עגבניות מיובשות300גר ויילר,גרמים,300.00,100 גרם,false,5,14.90,4.9667,true,1,343945
7290003726875,false,טופו חומוס עם פסטו 3,,IL,טופו חומוס עם פסטו 300גר משק ויילר,גרמים,300.00,100 גרם,false,5,14.90,4.9667,true,1,343946
7290003744831,false,אובלטים בצל 300 גר,,,אובלטים בצל 300 גר,גרמים,300.00,100 גרם,false,1,10.90,3.6333,true,1,235751
7290003781652,false,צלפים במלח 350 גרם,טינטאש,,צלפים במלח 350 גרם,גרמים,350.00,100 גרם,false,1,9.90,2.8286,true,1,326508
7290003804252,false,תיבולית נוסח הודי 80,יוניליוור,IL,תיבולית הודי בדצ 12x12x72 גרם קנור,Unknown,0.00,Unknown,false,144,10.90,0.0000,true,1,228355
7290003804320,false,תיבולית שום פטרוזיל,יוניליוור,IL,תיבולית שום פטרוזליה בדצ72X12ג,Unknown,0.00,Unknown,false,144,10.90,0.0000,true,1,228358
7290003804368,false,תיבולית בזילקום 72 ג,יוניליוור,,תיבולית בזילקום 72 גרם,Unknown,0.00,Unknown,false,1,10.90,0.0000,true,1,226512
7290003804382,false,תיבולית פטריות 72 גר,יוניליוור,,תיבולית פטריות 72 גרם,Unknown,0.00,Unknown,false,1,10.90,0.0000,true,1,228357
7290003805129,false,תערובת פירה בטעם בית,,,תערובת פירה בטעם ביתי 260 גרם,גרמים,260.00,100 גרם,false,1,14.90,5.7308,true,1,227049
7290003805501,false,פתית שבדי חסכוני 300,יוניליוור,,פתית שבדי חסכוני 300 גרם,גרמים,300.00,100 גרם,false,1,16.90,5.6333,true,1,226865
7290003805587,false,פתית חיטה מלאה 250 ג,יוניליוור,,פתית חיטה מלאה 250 גר שפע בדץ,גרמים,250.00,100 גרם,false,1,16.90,6.7600,true,1,226863
7290003806591,false,דאו. דאב ספריי מלפפו,יוניליוור,,דאו. דאב ספריי מלפפונים 90 גרם,Unknown,0.00,Unknown,false,1,16.90,0.0000,true,1,306959
7290003807178,false,רוטב קנור סויה סגנון,יוניליוור,,רוטב קנור סויה סגנון סיני 300 מל,מיליליטרים,300.00,"100 מ""ל",false,1,12.90,4.3000,true,1,234283
7290003807482,false,רוטב קנור טריאקי 300,יוניליוור,,רוטב קנור טריאקי 300 מל,מיליליטרים,300.00,"100 מ""ל",false,1,12.90,4.3000,true,1,234284
7290003808649,false,מארז 2 שוקולד מריר 6,יוניליוור,,מארז 2 שוקולד מריר 60% ורד הגליל 100 ג,גרמים,200.00,100 גרם,false,1,13.90,6.9500,true,1,234272
7290003821754,false,סלמון מעושן קפוא 100,דלידג,IL,סלמון מעושן קפוא 100 גרם,גרמים,100.00,100 גרם,false,50,17.90,17.9000,true,1,227354
7290003864478,false,סרדין בשמן צמחי 110,גולדן פריז,,סרדין בשמן צמחי 110 גרם,גרמים,110.00,100 גרם,false,1,5.50,5.0000,true,1,227170
7290003864485,false,סרדין ברוטב עגבניות,גולדן פריז,,סרדין ברוטב עגבניות 110 גרם,גרמים,110.00,100 גרם,false,1,5.50,5.0000,true,1,227169
7290003864492,false,סרדין בשמן צמחי חריף,גולדן פריז,,סרדין בשמן צמחי חריף 110 גרם,גרמים,110.00,100 גרם,false,1,5.50,5.0000,true,1,227172
7290003882014,false,פלפלים כבושים 1.7 קג,יונקה גידה,,פלפלים כבושים 1.7 קג,קילוגרמים,1.70,"ק""ג",false,1,18.90,11.1176,true,1,227070
7290003882502,false,שמן תירס 1 לי וילי פ,יונקה גידה,TR,שמן תירס 1ל (12),ליטרים,1.00,ליטר,false,12,12.90,12.9000,true,1,226780
7290003989539,false,פסטה רביולי גבינה 40,שטראוס,,פסטה רביולי גבינה 400 גרם,גרמים,400.00,100 גרם,false,1,19.90,4.9750,true,1,226827
7290003989553,false,פסטה טורטלוני פטריות,שטראוס,,פסטה טורטלוני פטריות וגבינה 400 גרם,גרמים,400.00,100 גרם,false,1,19.90,4.9750,true,1,227978
7290004011260,false,שמנת לקפה ריץ 427 מל,ריץ',US,שמנת לקפה ריץ 427 מל,מיליליטרים,427.00,"100 מ""ל",false,6,7.90,1.8501,true,1,237660
7290004011277,false,שמנת לבישול והקרמה ר,ריץ',US,שמנת לבישול והקרמה ריץ 220 מל,מיליליטרים,220.00,"100 מ""ל",false,6,8.90,4.0455,true,1,237661
7290004011284,false,שמנת להקצפה ריץ 212,ריץ',US,שמנת להקצפה ריץ 212 מל,מיליליטרים,212.00,"100 מ""ל",false,24,7.90,3.7264,true,1,237658
7290004011291,false,קצפת להקצפה ריץ 425,ריץ',US,קצפת להקצפה ריץ 425 מל,מיליליטרים,425.00,"100 מ""ל",false,12,10.90,2.5647,true,1,237659
7290004011338,false,קצפת מוכנה ריץ 250גר,ריץ',,קצפת מוכנה ריץ 250גר,גרמים,250.00,100 גרם,false,1,11.90,4.7600,true,1,237662
7290004011345,false,קצפת מוכנה ריץ פרווה,ריץ',,קצפת מוכנה ריץ פרווה במיכל 250גר,גרמים,250.00,100 גרם,false,1,11.90,4.7600,true,1,241278
7290004011352,false,מארז 3 יח קצפת להכנה,ריץ',,מארז 3 יח קצפת להכנה 212 מל,מיליליטרים,636.00,"100 מ""ל",false,1,19.90,3.1289,true,1,239874
7290004011796,false,קבבונים אל גאוצו 400,טיבון ויל,,קבבונים אל גאוצו 400 גר,גרמים,400.00,100 גרם,false,1,22.90,5.7250,true,1,238654
7290004011802,false,נקניקיות צוריסוס אל,טיבון ויל,,נקניקיות צוריסוס אל גאוצו 400 גר,גרמים,400.00,100 גרם,false,1,22.90,5.7250,true,1,238655
7290004011819,false,המבורגר ריב אנטריקוט,טיבון ויל,,המבורגר ריב אנטריקוט 360 גר,גרמים,360.00,100 גרם,false,1,22.90,6.3611,true,1,242143
7290004011826,false,מיני המבורגר ריב אנט,טיבון ויל,,מיני המבורגר ריב אנטריקוט 320 גר,גרמים,320.00,100 גרם,false,1,22.90,7.1562,true,1,242144
7290004014407,false,סוכריות אם אנד אמס ח,,,שוקולד חמאת בוטנים אם אנד אם 46 גר,Unknown,0.00,Unknown,false,,5.00,0.0000,true,1,332943
7290004026035,false,סוכריות גומי פרוט בי,,,סוכריות גומי פרוט בי דה פוט 5 יח 105 גרם,גרמים,105.00,100 גרם,false,12,10.90,10.3810,true,1,344480
7290004026776,false,לחם מחמצת אגוזים וצי,פילסברי,,לחם רוסטיק אגוזים וצימוקים,Unknown,0.00,Unknown,false,1,17.90,0.0000,true,1,312220
7290004030018,false,מיץ לימון סחוט לסלטי,פרי ניב,IL,מיץ לימון סחוט לסלטים 500מל,מיליליטרים,500.00,"100 מ""ל",false,1,9.90,1.9800,true,1,323573
7290004030025,false,מיץ תפוז שמוטי 2ליטר,פרי ניב,IL,מיץ תפוז שמוטי 2ליטר פרי ניב,ליטרים,2.00,ליטר,false,1,19.90,9.9500,true,1,323604
7290004030100,false,מיץ תפוזים ולנסיה 1ל,פרי ניב,IL,מיץ תפוזים ולנסיה 1ליטר פרי ניב,ליטרים,1.00,ליטר,false,1,15.50,15.5000,true,1,331559
7290004030216,false,מיץ חמוציות 1 ליטר פ,פרי ניב,IL,מיץ חמוציות 1 ליטר פרי ניב,ליטרים,1.00,ליטר,false,1,15.50,15.5000,true,1,323584
7290004030223,false,מיץ תפוח סחוט 100% 1,פרי ניב,IL,מיץ תפוח סחוט 100% 1ליטר פרי ניב,ליטרים,1.00,ליטר,false,1,16.90,16.9000,true,1,323586
7290004030445,false,מיץ תפוזים 1 ליטר פר,פרי ניב,IL,מיץ תפוזים 1 ליטר פרי ניב,ליטרים,1.00,ליטר,false,1,14.90,14.9000,true,1,323582
7290004030544,false,מיץ לימונענע 1 ליטר,פרי ניב,IL,מיץ לימונענע 1 ליטר פרי ניב,ליטרים,1.00,ליטר,false,1,14.90,14.9000,true,1,333911
7290004030612,false,מיץ קיווי אגס תפוח ל,פרי ניב,IL,מיץ קיווי אגס תפוח ללא סוכר 1ל פרי ניב,ליטרים,1.00,ליטר,false,1,15.90,15.9000,true,1,323587
7290004030834,false,מיץ רימון סחוט 1ליטר,פרי ניב,IL,מיץ רימון סחוט 1ליטר פרי ניב,ליטרים,1.00,ליטר,false,1,21.90,21.9000,true,1,323585
7290004033705,false,לחמניות המבורגר ביג,מאפית י.את א. ברמן ב,IL,לחמניות המבורגר ביג לוקס 6יח בשקית ברמן,יחידה,6.00,יחידה,false,1,13.90,2.3167,true,1,338439
7290004033712,false,לחם עננים קמח מלא 75,מאפית י.את א. ברמן ב,IL,לחם עננים קמח מלא 750גר ברמן,גרמים,750.00,100 גרם,false,1,15.90,2.1200,true,1,338437
7290004033729,false,לחם עננים קמח כוסמין,מאפית י.את א. ברמן ב,IL,לחם עננים קמח כוסמין 600גר ברמן,גרמים,600.00,100 גרם,false,1,15.90,2.6500,true,1,338438
7290004033736,false,לחם עננים בסגנון ברי,מאפית י.את א. ברמן ב,IL,לחם עננים בסגנון בריוש 500גר ברמן,גרמים,500.00,100 גרם,false,1,15.90,3.1800,true,1,343967
7290004033750,false,מארז לחמניות עננים ב,מאפית י.את א. ברמן ב,,מארז לחמניות עננים בסגנון בריוש 360גר,גרמים,360.00,100 גרם,false,1,13.90,3.8611,true,1,347562
7290004048525,false,פילה דג אמנון 5-7 קפ,דלידג,,פילה דג אמנון 5-7 קפוא,קילוגרמים,1.00,"ק""ג",true,,28.00,28.0000,true,1,234738
7290004063016,false,"מלח שולחן מעולה 1 ק""",,,מלח שולחן מעולה 1 קג***,קילוגרמים,1.00,"ק""ג",false,1,2.07,2.0700,true,1,227541
7290004063092,false,מלח הארץ למדיח 2 קג,"מלח הארץ אילת בע""מ",,מלח הארץ למדיח 2 קג,קילוגרמים,2.00,"ק""ג",false,1,11.90,5.9500,true,1,241850
7290004063115,false,"מלח בישול 1 ק""ג***",,,"מלח בישול 1 ק""ג***",קילוגרמים,1.00,"ק""ג",false,1,2.07,2.0700,true,1,227540
7290004064082,false,מלח ים טבעי במטחנה 2,"מלח הארץ אילת בע""מ",,מלח ים טבעי במטחנה 250 גרם,גרמים,250.00,100 גרם,false,1,14.90,5.9600,true,1,310061
7290004064099,false,מטחנת מלח הימלאי 250,"מלח הארץ אילת בע""מ",,מטחנת מלח הימלאי 250 גרם,גרמים,250.00,100 גרם,false,1,15.90,6.3600,true,1,309791
7290004064105,false,מטחנת מלח ים עשבי תי,"מלח הארץ אילת בע""מ",,מטחנת מלח ים עשבי תיבול250 גרם,גרמים,250.00,100 גרם,false,1,15.90,6.3600,true,1,309792
7290004064174,false,מלח הימלאיה דק 1 קג,"מלח הארץ אילת בע""מ",,מלח הימלאיה דק 1 קג מלח הארץ,קילוגרמים,1.00,"ק""ג",false,1,18.90,18.9000,true,1,318284
7290004064181,false,מלח הימלאיה גס 1 קג,"מלח הארץ אילת בע""מ",,מלח הימלאיה גס 1 קג מלח הארץ,קילוגרמים,1.00,"ק""ג",false,1,18.90,18.9000,true,1,318283
7290004064198,false,מטחנת מלח ספייסי מלח,"מלח הארץ אילת בע""מ",IL,מטחת מלח ספייסי מלח הארץ 115 גר,גרמים,115.00,100 גרם,false,6,15.90,13.8261,true,1,324511
7290004064228,false,מטחנת מלח שום ופלפל,"מלח הארץ אילת בע""מ",IL,מטחת מלח שום ופלפל מלח הארץ 125 גר,גרמים,125.00,100 גרם,false,6,15.90,12.7200,true,1,324512
7290004064280,false,מלח הארץ מופחת נתרן,"מלח הארץ אילת בע""מ",,מלח הארץ מופחת נתרן 600 גרם,גרמים,600.00,100 גרם,false,1,16.90,2.8167,true,1,328161
7290004064297,false,מלח ים הארץ מועשר בי,"מלח הארץ אילת בע""מ",,מלח ים הארץ מועשר ביוד 1 קג,קילוגרמים,1.00,"ק""ג",false,1,9.90,9.9000,true,1,328160
7290004064303,false,מלח הארץ אטלנטי 800,"מלח הארץ אילת בע""מ",,מלח הארץ אטלנטי 800 גרם צנצנת,גרמים,800.00,100 גרם,false,1,16.90,2.1125,true,1,328204
7290004064358,false,מלח ים דק 1 קג בקרט,"מלח הארץ אילת בע""מ",,מלח ים דק 1 קג בקרטון,קילוגרמים,1.00,"ק""ג",false,1,5.00,5.0000,true,1,330400
7290004064365,false,מלח ים דק מועשר ביוד,"מלח הארץ אילת בע""מ",,מלח דק מועשר ביוד 1 קג בקרטון,קילוגרמים,1.00,"ק""ג",false,1,5.90,5.9000,true,1,330399
7290004064372,false,מטחנת מלח אקסטרא תבל,"מלח הארץ אילת בע""מ",,מטחנת מלח אקסטרא תבלינים איטלקי 105 גרם,גרמים,250.00,100 גרם,false,1,15.90,6.3600,true,1,332460
7290004064389,false,מלח הימליה דק מלחייה,"מלח הארץ אילת בע""מ",,מלח הימליה דק מלחייה 250 גרם,גרמים,250.00,100 גרם,false,1,10.90,4.3600,true,1,337317
7290004067441,false,מעדן תפוז ללא סוכר 2,בית יצחק,,מעדן תפוז ללא סוכר 284 ג בית יצחק,גרמים,284.00,100 גרם,false,1,15.90,5.5986,true,1,233294
7290004067519,false,מעדן דובדבן ללא סוכר,בית יצחק,,מעדן דובדבן ללא סוכר 289 ג בית יצחק,גרמים,284.00,100 גרם,false,1,15.90,5.5986,true,1,234959
7290004068011,false,יוגורט כבשים 5% 600,,,יוגורט כבשים 5% 600 גר,גרמים,600.00,100 גרם,false,1,17.90,2.9833,true,1,244024
7290004068035,false,יוגורט איירן 3% 500,,,יוגורט איירן 3% 500 מל גד,מיליליטרים,500.00,"100 מ""ל",false,1,8.90,1.7800,true,1,245234
7290004068172,false,יוגורט עיזים 5% בדלי,,,יוגורט עיזים 5% בדלי 600 גר,גרמים,600.00,100 גרם,false,1,17.90,2.9833,true,1,245512
7290004068332,false,גבינת קממבר בקר במשק,,,גבינת קממבר בקר במשקל גד משולשים,קילוגרמים,1.00,"ק""ג",true,,139.00,139.0000,true,1,345469
7290004068585,false,גבינת גאודה עיזים במ,מחלבות גד,,גבינת גאודה עיזים במשקל גלגל,קילוגרמים,1.00,"ק""ג",true,,129.00,129.0000,true,1,307066
7290004078270,false,נוזל כלים פלמוליב צי,Colgate - Greece,GR,נוזל כלים פלמוליב צילנדר 1 ל לימון,ליטרים,1.00,ליטר,false,15,13.50,13.5000,true,1,227063
7290004078690,false,נוזל לשרותים אגקס רע,Colgate - Belgium,,נוזל לשרותים אגקס רענן 750 מל,מיליליטרים,750.00,"100 מ""ל",false,1,14.90,1.9867,true,1,228379
7290004078942,false,ליידי ספיד סטיק גל מ,Colgate - USA,,ליידי ספיד סטיק גל מרענן,Unknown,0.00,Unknown,false,1,18.90,0.0000,true,1,227625
7290004091248,false,קרם ווזלין טהור פטרו,יוניליוור,IL,וזלין פטרוליום גל 106 גר,גרמים,106.00,100 גרם,false,24,17.90,16.8868,true,1,228025
7290004119133,false,יוגורט 6.5% 1.5 ליטר,,,יוגורט 6.5% 1.5 ליטר,ליטרים,1.50,ליטר,false,1,18.90,12.6000,true,1,228835
7290004120108,false,יוגורט יופלה דיאט דו,,,יוגורט יופלה דיאט דובדבן 150 גר,גרמים,150.00,100 גרם,false,1,5.50,3.6667,true,1,227934
7290004120269,false,שוק מאגדת 6 שקיות שו,,,שוק מאגדת 6 שקיות שוקו 225 מל,ליטרים,1.35,ליטר,false,1,17.50,12.9630,true,1,226684
7290004120566,false,גבינה בולגרית פיראוס,,,גבינה בולגרית פיראוס 24% 250 גרם,גרמים,250.00,100 גרם,false,1,23.90,9.5600,true,1,228148
7290004120573,false,גבינה בולגרית פיראוס,,,גבינה בולגרית פיראוס 16% 250 גרם,גרמים,250.00,100 גרם,false,1,23.90,9.5600,true,1,228147
7290004120634,false,גבינה בולגרית פיראוס,,,גבינה בולגרית פיראוס 5% 250 גרם,גרמים,250.00,100 גרם,false,1,23.90,9.5600,true,1,228149
7290004120832,false,חלב 3% כד 2 ליטר מהד,,,חלב 3% כד 2 ליטר מהדרין***,ליטרים,2.00,ליטר,false,1,12.46,6.2300,true,1,229278
7290004121525,false,מאגדת 8 יופלה 3% אפר,,,מאגדת 8 יופלה 3% אפרסק ותות 1.2קג,קילוגרמים,1.20,"ק""ג",false,1,31.90,26.5833,true,1,232597
7290004121853,false,פיראוס קוביות בולגרי,,,פיראוס קוביות בולגרית 5%,גרמים,200.00,100 גרם,false,1,21.90,10.9500,true,1,229976
7290004122607,false,גבינה עמק לייט 9% במ,,,גבינה עמק לייט 9% במשקל,קילוגרמים,1.00,"ק""ג",true,,82.00,82.0000,true,1,227228
7290004122683,false,אצבעות גבינת עמק 172,,,אצבעות גבינת עמק 172גר,גרמים,172.00,100 גרם,false,1,17.50,10.1744,true,1,234405
7290004124205,false,מעדן יופלה דיאט תות,,,מעדן יופלה דיאט תות 150 גר,גרמים,150.00,100 גרם,false,1,5.50,3.6667,true,1,227936
7290004125509,false,שמנת אוריגינל 15% שו,,,שמנת אוריגינל 15% שומן 100מל,מיליליטרים,100.00,"100 מ""ל",false,1,2.00,2.0000,true,1,226781
7290004125578,false,משקה סויה 1 ליטר מוע,,,משקה סויה 1 ליטר מועשר,ליטרים,1.00,ליטר,false,1,12.50,12.5000,true,1,230282
7290004125585,false,משקה סויה 1 ליטר על,,,משקה סויה 1 ליטר על הבוקר,ליטרים,1.00,ליטר,false,1,12.50,12.5000,true,1,230283
7290004125738,false,שמנת להקצפה 32% 250,,,שמנת להקצפה 32% 250 מל,מיליליטרים,250.00,"100 מ""ל",false,1,7.90,3.1600,true,1,226785
7290004127916,false,גבינה לבנה 1/2% למרי,,,גבינה לבנה 1/2% למריחה 500 גרם,גרמים,500.00,100 גרם,false,1,10.90,2.1800,true,1,228177
7290004129101,false,גב.שמנת נפוליאון טבע,,,גב.שמנת נפוליאון טבעי 225 גרם,גרמים,225.00,100 גרם,false,1,14.50,6.4444,true,1,227470
7290004129118,false,גב.שמנת נפוליאון זית,,,גב.שמנת נפוליאון זיתים 225 גרם,גרמים,225.00,100 גרם,false,1,14.50,6.4444,true,1,227469
7290004129156,false,גב.שמנת נפוליאון שום,,,גב.שמנת נפוליאון שום שמיר 225 גרם,גרמים,225.00,100 גרם,false,1,14.50,6.4444,true,1,227471
7290004129767,false,מאגדת יופלה לבן 3% ש,,,"מאגדת יופלה לבן 3% שמינייה 1.2 ק""ג",קילוגרמים,1.20,"ק""ג",false,1,18.50,15.4167,true,1,231696
7290004130794,false,משקה סויה 1 ליטר מוע,,,משקה סויה 1 ליטר מועשר מופחת,ליטרים,1.00,ליטר,false,1,12.50,12.5000,true,1,230815
7290004131074,false,חלב 3% קרטון 1 ליטר*,,,חלב 3% קרטון 1 ליטר***,ליטרים,1.00,ליטר,false,1,6.23,6.2300,true,1,227864
7290004131814,false,גבינת פיראוס צפתית מ,,,גבינת פיראוס צפתית מעודנת 5% 200 ג,גרמים,200.00,100 גרם,false,1,15.90,7.9500,true,1,232045
7290004132552,false,משקה דיאט סויה טבעי,,,משקה דיאט סויה טבעי 1 ל,ליטרים,1.00,ליטר,false,1,12.50,12.5000,true,1,232229
7290004132712,false,אצבעות גבינה מוצרלה,,,אצבעות גבינה מוצרלה 172 גרם,גרמים,172.00,100 גרם,false,1,17.90,10.4070,true,1,231942
7290004133511,false,מאגדת יופלה לבן 1.5%,,,מאגדת יופלה לבן 1.5% מעודן שמיניה 1.2 קג,גרמים,1.00,100 גרם,false,1,20.90,2090.0000,true,1,232019
7290004133917,false,מאגדת 3 קצפת צמחית 2,,,מאגדת 3 קצפת צמחית 250 מל השף הלבן,מיליליטרים,750.00,"100 מ""ל",false,1,19.90,2.6533,true,1,233147
7290004134198,false,משקה חלב בטעם בננה 2,,,משקה חלב בטעם בננה 250מל,מיליליטרים,250.00,"100 מ""ל",false,1,6.50,2.6000,true,1,232839
7290004135058,false,מאגדת קרלו מיני 8 יח,,,מאגדת קרלו מיני 8 יח שוקולד 100 גר,גרמים,800.00,100 גרם,false,1,14.90,1.8625,true,1,234813
7290004135324,false,גב.בולגרית פיראוס מע,,,גב.בולגרית פיראוס מעודנת 5% במשקל,קילוגרמים,1.00,"ק""ג",true,,65.00,65.0000,true,1,233415
7290004135614,false,גב.בולגרית מעודנת 5%,,,גב.בולגרית מעודנת 5% פיראוס 250 גר,גרמים,250.00,100 גרם,false,1,24.90,9.9600,true,1,234851
7290004136598,false,מארז הפסקת אוכל חלב+,,,"מארז הפסקת אוכל חלב+קורנפלקס 150 מ""ל",מיליליטרים,150.00,"100 מ""ל",false,1,9.50,6.3333,true,1,234535
7290004137809,false,לאבנה 5% 250 גרם,,,לאבנה 5% 250 גרם,גרמים,250.00,100 גרם,false,1,13.90,5.5600,true,1,235227
7290004146986,false,נקה 7 שמפו 750 מל צב,,,נקה 7 שמפו 750 מל צבוע,מיליליטרים,750.00,"100 מ""ל",false,1,12.90,1.7200,true,1,230207
7290004146993,false,נקה 7 מרכך 750 מל צב,,,נקה 7 מרכך 750 מל צבוע,מיליליטרים,750.00,"100 מ""ל",false,1,12.90,1.7200,true,1,230210
7290004150112,false,חומוס מזרחי פיקנטי 3,סלטי שמיר,IL,חומוס מזרחי פיקנטי 300גר פרימיום,גרמים,300.00,100 גרם,false,16,14.90,4.9667,true,1,346707
7290004150129,false,טחינה 300 גרם פיקנטי,סלטי שמיר,IL,טחינה 300 גרם פיקנטי פרימיום,גרמים,300.00,100 גרם,false,16,14.90,4.9667,true,1,346718
7290004150136,false,סלט חציל על האש 300ג,סלטי שמיר,IL,סלט חציל על האש 300גרם פיקנטי פרימיום,גרמים,300.00,100 גרם,false,16,14.90,4.9667,true,1,346719
7290004150143,false,סלט חציל במיונז 300ג,סלטי שמיר,IL,סלט חציל במיונז 300גרם פיקנטי פרימיום,גרמים,300.00,100 גרם,false,16,14.90,4.9667,true,1,346720
7290004150150,false,סלט חציל בטחינה 300ג,סלטי שמיר,IL,סלט חציל בטחינה 300גרם פיקנטי פרימיום,גרמים,300.00,100 גרם,false,16,14.90,4.9667,true,1,346721
7290004150167,false,סלט תפוא במיונז 300ג,סלטי שמיר,IL,סלט תפוא במיונז 300גרם פיקנטי פרימיום,גרמים,300.00,100 גרם,false,16,14.90,4.9667,true,1,346722
7290004150174,false,סלט קולסלאו 300 גרם,סלטי שמיר,IL,סלט קולסלאו 300 גרם פיקנטי פרימיום,גרמים,300.00,100 גרם,false,16,14.90,4.9667,true,1,346723
7290004150181,false,חמוצים סיני 300 גרם,סלטי שמיר,IL,חמוצים סיני 300 גרם פיקנטי פרימיום,גרמים,300.00,100 גרם,false,16,14.90,4.9667,true,1,346724
7290004150198,false,סלט סלק מגורד 300גרם,סלטי שמיר,IL,סלט סלק מגורד 300גרם פיקנטי פרימיום,גרמים,300.00,100 גרם,false,16,14.90,4.9667,true,1,346725
7290004150204,false,סלט מטבוחה 300 גרם פ,סלטי שמיר,IL,סלט מטבוחה 300 גרם פיקנטי פרימיום,גרמים,300.00,100 גרם,false,16,14.90,4.9667,true,1,346726
7290004150211,false,סלט תורכי איסטנבול 3,סלטי שמיר,IL,סלט תורכי איסטנבול 300גרם פיקנטי פרימיום,גרמים,300.00,100 גרם,false,16,14.90,4.9667,true,1,346727
7290004150228,false,סלט כרוב אדום 300גרם,סלטי שמיר,IL,סלט כרוב אדום 300גרם פיקנטי פרימיום,גרמים,300.00,100 גרם,false,16,14.90,4.9667,true,1,346728
7290004150235,false,חומוס עם חריף 300גרם,סלטי שמיר,IL,חומוס עם חריף 300גרם פיקנטי פרימיום,גרמים,300.00,100 גרם,false,16,14.90,4.9667,true,1,346729
7290004150266,false,סלט קטניות צבעוני 30,סלטי שמיר,IL,סלט קטניות צבעוני 300גר פיקנטי פרימיום,גרמים,300.00,100 גרם,false,16,14.90,4.9667,true,1,346708
7290004150273,false,חומוס גזר פיקנטי 300,סלטי שמיר,IL,חומוס גזר פיקנטי 300גר פרימיום,גרמים,300.00,100 גרם,false,16,14.90,4.9667,true,1,346714
7290004150280,false,חומוס עם לימון כבוש,סלטי שמיר,IL,חומוס עם לימון כבוש 300גר פיקנטי פרימיום,גרמים,300.00,100 גרם,false,16,14.90,4.9667,true,1,346731
7290004150365,false,חומוס בטטה פיקנטי 30,סלטי שמיר,IL,חומוס בטטה פיקנטי 300גר פרימיום,גרמים,300.00,100 גרם,false,16,14.90,4.9667,true,1,346716
7290004150372,false,חומוס וואסבי פיקנטי,סלטי שמיר,IL,חומוס וואסבי פיקנטי 300גר פרימיום,גרמים,300.00,100 גרם,false,16,14.90,4.9667,true,1,346717
7290004165000,false,רסק תפוחי עץ רגיל 56,זנלכל,,רסק תפוחי עץ רגיל 560 גר א/2 יכין,גרמים,560.00,100 גרם,false,1,8.90,1.5893,true,1,226659
7290004165017,false,רסק תפוח ללא סוכר 56,זנלכל,IL,רסק תפוח ללא סוכר 560 גר א/2 יכין,גרמים,560.00,100 גרם,false,12,8.90,1.5893,true,1,226658
7290004193010,false,רבע טלה טרי קורדו,סניידרס,,רבע טלה טרי קורדו,קילוגרמים,1.00,"ק""ג",true,,120.00,120.0000,true,1,307592
7290004199074,false,אגד מדבק 50יח סאני פ,,,אגד מדבק 50יח סאני פלסטר,יחידה,50.00,יחידה,false,36,6.50,0.1300,true,1,325101
7290004199180,false,כפפות לאטקס איזי טאצ,G.G.CO.LTD,,כפפות לאטקס איזי טאצ אקסטרה לארג 100יח,יחידה,100.00,יחידה,false,1,24.90,0.2490,true,1,313796
7290004199579,false,אגד מדבק מעורב 100יח,,,אגד מדבק מעורב 100יח סאני פלסטר,יחידה,100.00,יחידה,false,36,10.90,0.1090,true,1,325103
7290004199777,false,צימרוני אוזניים כוס/,,,צימרוני אוזניים כוס/קופסא 300 יח,Unknown,0.00,Unknown,false,1,7.90,0.0000,true,1,317992
7290004199784,false,כפפות לאטקס 100יח אי,,TH,כפפות לאטקס 100יח איזי טאצ מידה סמול,יחידה,100.00,יחידה,false,10,17.90,0.1790,true,1,332370
7290004199791,false,כפפות לאטקס 100יח אי,,TH,כפפות לאטקס 100יח איזי טאצ מידה מדיום,יחידה,100.00,יחידה,false,10,17.90,0.1790,true,1,332369
7290004199807,false,כפפות לאטקס 100יח אי,,TH,כפפות לאטקס 100יח איזי טאצ מידה לארג,יחידה,100.00,יחידה,false,10,17.90,0.1790,true,1,332368
7290004199821,false,אטבי כביסה סופר 24 י,,CN,אטבי כביסה סופר 24 יח,יחידה,24.00,יחידה,false,24,7.90,0.3292,true,1,317978
7290004200077,false,שקית פרסים רמה 2,,,שקית פרסים רמה 2,Unknown,0.00,Unknown,false,1,7.50,0.0000,true,1,226618
7290004200930,false,זיקוק עבה 2 בשקית,,,זיקוק עבה 2 בשקית,Unknown,0.00,Unknown,false,1,8.90,0.0000,true,1,227822
7290004219277,false,אנשובי ארוך בצנצנת 6,קונסרבאס פרדו,,אנשובי ארוך בצנצנת 60 ג,גרמים,60.00,100 גרם,false,1,10.90,18.1667,true,1,305603
7290004219284,false,אנשובי עגול בצנצנת 8,קונסרבאס פרדו,,אנשובי עגול בצנצנת 80 גרם,Unknown,0.00,Unknown,false,1,10.90,0.0000,true,1,228259
7290004219819,false,מלבין קפה קומפלטה הו,פריסלנד,NL,מלבין קפה הולנדי 200גרם,גרמים,200.00,100 גרם,false,1,11.50,5.7500,true,1,226532
7290004219826,false,מלבין קפה קומפלטה הו,פריסלנד,NL,מלבין קפה הולנדי 400גרם,גרמים,400.00,100 גרם,false,12,19.90,4.9750,true,1,227532
7290004221409,false,רוטב חזרת בק לחיץ 45,ווברס,,רוטב חזרת בק לחיץ 453 מל,גרמים,453.00,100 גרם,false,1,24.50,5.4084,true,1,228984
7290004225025,false,בסגנון פטה במשקל,מאמן,,בסגנון פטה במשקל,קילוגרמים,1.00,"ק""ג",true,,35.00,35.0000,true,1,243018
7290004225100,false,דג ברמונדי גמבו טרי,,,דג ברמונדי גמבו טרי,קילוגרמים,1.00,"ק""ג",true,,55.00,55.0000,true,1,308500
7290004225285,false,סגנון דנאבלו 100 גרם,מאמן,,סגנון דנאבלו 100 גרם,גרמים,100.00,100 גרם,false,1,10.00,10.0000,true,1,244227
7290004225872,false,קרם קוקוס 21% ויליגר,קונקוט,,קרם קוקוס 21% ויליגר 400 מל,מיליליטרים,400.00,"100 מ""ל",false,1,7.50,1.8750,true,1,246526
7290004225940,false,פילה סלמון וי קפוא,דלידג,,פילה סלמון וי קפוא,קילוגרמים,1.00,"ק""ג",true,,79.00,79.0000,true,1,330604
7290004227982,false,שוק/כתף טלה טרי גספר,סניידרס,,כתף טלה טרי גספר,קילוגרמים,1.00,"ק""ג",true,,120.00,120.0000,true,1,321329
7290004228415,false,פיצה סיציליאנית עבה,סואליה,IT,פיצה סיציליאנית עבה 425גר שף שגב,גרמים,425.00,100 גרם,false,13,19.90,4.6824,true,1,327890
7290004228682,false,פילה אמנון בציפוי צי,,,פילה אמנון בציפוי ציפס 350גר שף שגב,גרמים,350.00,100 גרם,false,10,24.90,7.1143,true,1,332761
7290004228767,false,נתחי פילה אמנון בציפ,,,נתחי פילה אמנון בציפוי ציפס 350גר שף שגב,גרמים,350.00,100 גרם,false,10,24.90,7.1143,true,1,332762
7290004228804,false,עלי בצק למילוי סיגרי,אופרה,,עלי בצק למילוי סיגרים 450 גרם,גרמים,450.00,100 גרם,false,1,12.90,2.8667,true,1,330766
7290004229528,false,פילה דג לשנון הליבוט,דלידג,,פילה דג לשנון הליבוט במשקל,קילוגרמים,1.00,"ק""ג",true,,59.00,59.0000,true,1,334104
7290004229740,false,בסגנון פטה במשקל,מאמן,,בסגנון פטה במשקל,קילוגרמים,1.00,"ק""ג",true,,35.00,35.0000,true,1,324770
7290004229870,false,בורקס פטריות 800 גרם,אופרה,,בורקס פטריות 800 גרם אופרה,גרמים,600.00,100 גרם,false,1,18.90,3.1500,true,1,324801
7290004229931,false,אורז בסמטי מובחר הימ,ניו בהארט רייס,,אורז בסמטי מובחר הימליאה 1 קג,קילוגרמים,1.00,"ק""ג",false,1,10.90,10.9000,true,1,326231
7290004230074,false,קציצות דג ברוטב עגבנ,דלידג,IL,קציצות דג ברוטב עגבניות שגב 800 גר,גרמים,800.00,100 גרם,false,8,24.90,3.1125,true,1,244762
7290004230081,false,קציצות עוף ברוטב עגב,טיבון ויל,IL,קציצות עוף ברוטב עגבניות שגב 800 גר,גרמים,800.00,100 גרם,false,8,24.90,3.1125,true,1,244758
7290004230104,false,קציצות בקר שגב ברוטב,טיבון ויל,IL,קציצות בקר שגב ברוטב עגבניות 800 גרם,גרמים,800.00,100 גרם,false,8,24.90,3.1125,true,1,254555
7290004230272,false,שווארמה שגב בתיבול,טיבון ויל,IL,שווארמה שגב בתיבול עדין 500 גרם,גרמים,500.00,100 גרם,false,14,32.90,6.5800,true,1,254554
7290004230326,false,בורקס מקלות פילו תפו,שלושת האופים שגמור,IL,בורקס מקלות פילו תפוח עץ וקינמ 600גר שגב,גרמים,600.00,100 גרם,false,10,16.90,2.8167,true,1,251570
7290004230333,false,בורקס מקלות פילו תפו,שלושת האופים שגמור,IL,בורקס מקלות פילו תפוא 600גר שגב,גרמים,600.00,100 גרם,false,10,16.90,2.8167,true,1,245524
7290004230340,false,בורקס מקלות פילו תרד,שלושת האופים שגמור,IL,בורקס מקלות פילו תרד ובצל 600גר שגב,גרמים,600.00,100 גרם,false,10,16.90,2.8167,true,1,245525
7290004230357,false,בורקס מקלות פילו גבי,שלושת האופים שגמור,IL,בורקס מקלות פילו גבינה ובטטה 600גר שגב,גרמים,600.00,100 גרם,false,10,16.90,2.8167,true,1,245523
7290004230364,false,בורקס מקלות פילו גבי,שלושת האופים שגמור,IL,בורקס מקלות פילו גבינה צרפתי 600גר שגב,גרמים,600.00,100 גרם,false,10,16.90,2.8167,true,1,245526
7290004230371,false,מקלות בורקס פילו פיצ,שלושת האופים שגמור,IL,מקלות בורקס פילו פיצה 600 גר,גרמים,600.00,100 גרם,false,10,16.90,2.8167,true,1,246528
7290004230388,false,גבינת קפלוטרי במשקל,,,גבינת קפלוטרי במשקל,קילוגרמים,1.00,"ק""ג",true,,159.00,159.0000,true,1,252362
7290004230944,false,מקלות בורקס פילו גבי,שלושת האופים שגמור,IL,מקלות בורקס פילו גבינה 600 גר,גרמים,600.00,100 גרם,false,10,20.90,3.4833,true,1,246217
7290004232825,false,שיפודי פרגית קפוא במ,טיבון ויל,IL,שיפודי פרגית קפוא במשקל,קילוגרמים,1.00,"ק""ג",true,,69.90,69.9000,true,1,345287
7290004255428,false,נר נשמה 24שעות מנורה,,,נר נשמה 24שעות מנורה,יחידה,1.00,יחידה,false,48,2.20,2.2000,true,1,347039
7290004256364,false,עצמות בקר פרוס קפוא,טיבון ויל,IL,עצמות בקר פרוס קפוא במשקל,קילוגרמים,1.00,"ק""ג",true,,22.00,22.0000,true,1,325728
7290004256371,false,צהובה פרוסה ריץ 400ג,,,צהובה פרוסה ריץ 400גר על בסיס חלב,גרמים,400.00,100 גרם,false,1,17.90,4.4750,true,1,328735
7290004256579,false,דג אנטיאס אמאצי טרי,,,דג אנטיאס נקי טרי,קילוגרמים,1.00,"ק""ג",true,,150.00,150.0000,true,1,326594
7290004321000,false,עצמות עגל תפזורת מוכ,,,עצמות עגל תפזורת מוכשר,קילוגרמים,1.00,"ק""ג",true,,30.00,30.0000,true,1,227238
7290004323882,false,בשר הודו אדום טחון 5,טיבון ויל,IL,בשר הודו אדום טחון 500 גר טיוונויל,גרמים,500.00,100 גרם,false,12,12.90,2.5800,true,1,235443
7290004323967,false,שניצל אמריקאי 700 ג,טיבון ויל,,שניצל אמריקאי 700 ג,גרמים,700.00,100 גרם,false,1,14.90,2.1286,true,1,226568
7290004323974,false,טבעות עוף 700 גרם,טיבון ויל,IL,טבעות עוף 700 גרם,גרמים,700.00,100 גרם,false,12,17.90,2.5571,true,1,227921
7290004324605,false,גבינה מון בלאן רוקפו,שלושת האופים,IL,גבינה מון בלאן רוקפור 120 גרם,גרמים,120.00,100 גרם,false,12,10.00,8.3333,true,1,233282
7290004324858,false,קבב כבש 500 גרם,טיבון ויל,IL,קבב כבש 500 גרם,גרמים,500.00,100 גרם,false,12,15.90,3.1800,true,1,226917
7290004339173,false,המבורגר קינואה 400 ג,,,המבורגר קינואה 400 גר טבע דלי,גרמים,400.00,100 גרם,false,6,25.90,6.4750,true,1,235488
7290004339401,false,המבורגר אורז עדשים 4,,,המבורגר אורז עדשים 400 גר טבע דלי,גרמים,400.00,100 גרם,false,6,25.90,6.4750,true,1,235487
7290004339425,false,סייטן שוארמה 350 גר,,,סייטן שוארמה 350 גר טבע דלי,גרמים,350.00,100 גרם,false,1,25.90,7.4000,true,1,235490
7290004339432,false,סייטן קפוא טבעי 500,,,סייטן קפוא טבעי 500 גר טבע דלי,גרמים,500.00,100 גרם,false,1,17.90,3.5800,true,1,242093
7290004339777,false,סייטן טחון בולונז 35,,,סייטן טחון בולונז 350 גר טבע דלי,גרמים,350.00,100 גרם,false,1,25.90,7.4000,true,1,248726
7290004339784,false,המבורגר מיני על הגרי,,,המבורגר מיני על הגריל 400 גרם ליב,גרמים,400.00,100 גרם,false,6,25.90,6.4750,true,1,304649
7290004339944,false,סיגרים במילוי סייטן,,,סיגרים במילוי סייטן אמרנט 400גר טבע דלי,גרמים,400.00,100 גרם,false,1,28.90,7.2250,true,1,324307
7290004367220,false,עוגת פס בטעמים,,,עוגת פס בטעמים,Unknown,0.00,Unknown,false,1,46.90,0.0000,true,1,308180
7290004367275,false,עוגת גבינה אפויה,,,עוגת גבינה 500 גר,גרמים,50000.00,100 גרם,false,1,42.90,0.0858,true,1,250223
7290004423353,false,משקה פריגת תפוחים 1.,פריגת,,משקה פריגת תפוחים 1.5 ל,ליטרים,1.50,ליטר,false,1,9.60,6.4000,true,1,228457
7290004480301,false,גבינת שמנת כמהין במש,,,גבינת שמנת כמהין במשקל 30% שומן,קילוגרמים,1.00,"ק""ג",true,,65.00,65.0000,true,1,345402
7290004480349,false,גבינת גאודה עיזים במ,מחלבות גד,,גבינת גאודה עיזים במשקל משולשים,קילוגרמים,1.00,"ק""ג",true,,129.00,129.0000,true,1,345468
7290004480356,false,גבינת ברי פקאן במשקל,,,גבינת ברי פקאן במשקל גלגל,קילוגרמים,1.00,"ק""ג",true,,139.00,139.0000,true,1,344580
7290004480363,false,גבינת קשקבל קשה במשק,מחלבות גד,IL,גבינת קשקבל קשה במשקל גלגל,קילוגרמים,1.00,"ק""ג",true,,145.00,145.0000,true,1,344579
7290004485191,false,עוף טבעי שלם טרי במג,,,עוף טבעי שלם טרי במגש,קילוגרמים,1.00,"ק""ג",true,,25.00,25.0000,true,1,245782
7290004485207,false,חזה עוף טבעי טרי במג,,,חזה עוף טבעי טרי במגש,קילוגרמים,1.00,"ק""ג",true,,38.90,38.9000,true,1,245783
7290004485214,false,פילה עוף טבעי טרי במ,,,פילה עוף טבעי טרי במגש,קילוגרמים,1.00,"ק""ג",true,,39.90,39.9000,true,1,245784
7290004485221,false,שניצל עוף טבעי טרי ב,,,שניצל עוף טבעי טרי במגש,קילוגרמים,1.00,"ק""ג",true,,39.90,39.9000,true,1,245785
7290004485238,false,סטייק פרגית עוף טבעי,,,סטייק פרגית עוף טבעי טרי במגש,קילוגרמים,1.00,"ק""ג",true,,69.90,69.9000,true,1,245786
7290004485245,false,כרעיים עוף טבעי טרי,,,כרעיים עוף טבעי טרי במגש,קילוגרמים,1.00,"ק""ג",true,,34.90,34.9000,true,1,245787
7290004485252,false,שוקיים עוף טבעי טרי,,,שוקיים עוף טבעי טרי במגש,קילוגרמים,1.00,"ק""ג",true,,40.00,40.0000,true,1,245859
7290004485269,false,ירכיים עוף טבעי טרי,,,ירכיים עוף טבעי טרי במגש,קילוגרמים,1.00,"ק""ג",true,,36.90,36.9000,true,1,308757
7290004485276,false,כנפיים עוף טבעי טרי,,,כנפיים עוף טבעי טרי במגש,קילוגרמים,1.00,"ק""ג",true,,15.00,15.0000,true,1,245860
7290004485283,false,לבבות עוף טבעי טרי ב,,,לבבות עוף טבעי טרי במגש,קילוגרמים,1.00,"ק""ג",true,,34.90,34.9000,true,1,246614
7290004485290,false,כבד עוף טבעי טרי במג,,,כבד עוף טבעי טרי במגש,קילוגרמים,1.00,"ק""ג",true,,34.90,34.9000,true,1,245788
7290004485344,false,פרגית עוף טרי משק אר,,,זוג פרגיות עוף טרי,קילוגרמים,1.00,"ק""ג",true,,71.90,71.9000,true,1,325715
7290004492274,false,בייגל גלגל 400 גרם,יוניליוור,IL,גל-גל 400גר 12x,גרמים,400.00,100 גרם,false,12,10.90,2.7250,true,1,228340
7290004492762,false,נשנושים תירס 325 גרם,יוניליוור,IL,נשנושים תירס 325גר 12x,גרמים,325.00,100 גרם,false,12,12.90,3.9692,true,1,227258
7290004494315,false,יין כנען מוסקטו דלת,"יקב דלתון בע""מ",,יין כנען מוסקטו דלתון 2015 750 מל פקדון,מיליליטרים,750.00,"100 מ""ל",false,1,35.00,4.6667,true,1,232983
7290004494599,false,יין דלתון עלמה אדום,"יקב דלתון בע""מ",,יין דלתון עלמה קרימזון 750מל פקדון,מיליליטרים,750.00,"100 מ""ל",false,1,80.00,10.6667,true,1,234668
7290004494919,false,יין כנען ק. שיראז דל,"יקב דלתון בע""מ",,יין כנען ק. שיראז דלתון 2015 750 מל,מיליליטרים,750.00,"100 מ""ל",false,1,45.00,6.0000,true,1,246519
7290004502690,false,וודקה פינלנדיה 1 ליט,,,וודקה פינלנדיה 1 ליטר פקדון,ליטרים,1.00,ליטר,false,1,99.00,99.0000,true,1,230507
7290004528362,false,יין קברנה ס. אדיר כר,,,יין קברנה ס. אדיר כרם 750 מל,מיליליטרים,750.00,"100 מ""ל",false,1,85.00,11.3333,true,1,321878
7290004528560,false,יין אדיר כרם בן זמרה,,,יין אדיר כרם בן זמרה סובניון בלאן,מיליליטרים,750.00,"100 מ""ל",false,1,85.00,11.3333,true,1,322995
7290004528805,false,יין אדיר ווין מייקר,,,יין אדיר קברנה סוביניון 2011 750מל פקדון,מיליליטרים,750.00,"100 מ""ל",false,1,109.00,14.5333,true,1,248545
7290004528867,false,יין שיראז/ק. סוביניו,,,יין שיראז/ק. סוביניון/ק. פרנק 2011 750 מ,מיליליטרים,750.00,"100 מ""ל",false,1,130.00,17.3333,true,1,250935
7290004536022,false,כפפות ספונטקס רוזה ז,,,כפפות ספונטקס רוזה זוג מס 7,Unknown,0.00,Unknown,false,1,8.50,0.0000,true,1,230782
7290004536039,false,כפפות ספונטקס רוזה ז,,,כפפות ספונטקס רוזה זוג מס 8,Unknown,0.00,Unknown,false,1,8.50,0.0000,true,1,230783
7290004536046,false,כפפות ספונטקס רוזה ז,,,כפפות ספונטקס רוזה זוג מס 9,Unknown,0.00,Unknown,false,1,8.50,0.0000,true,1,227995
7290004536060,false,כפפות דלפין 2 צבעים,,,כפפות דלפין 2 צבעים מס 8,Unknown,0.00,Unknown,false,1,11.90,0.0000,true,1,231413
7290004536336,false,ספירה רפיל 45 לילות,,,ספירה רפיל 45 לילות,יחידה,45.00,יחידה,false,1,12.90,0.2867,true,1,322254
7290004549350,false,גרעין שחור ענק 400 ג,"דין שיווק וקלייה בע""",,גרעין שחור 400 ג,גרמים,400.00,100 גרם,false,1,10.00,2.5000,true,1,231265
7290004554354,false,גלידה פנטסיה שוקו ונ,"גלידת שטראוס בע""מ",,גלידה פנטסיה שוקו וניל 900 מל,גרמים,900.00,100 גרם,false,1,19.90,2.2111,true,1,227079
7290004554903,false,גלידה פנטסיה שוקו ונ,"גלידת שטראוס בע""מ",,גלידה פנטסיה שוקו וניל 900 מל,גרמים,900.00,100 גרם,false,1,19.90,2.2111,true,1,227078
7290004603175,false,מלח הים האדום גס 500,"מלח הארץ אילת בע""מ",,מלח הים האדום גס 500 גר במיכל,גרמים,500.00,100 גרם,false,1,8.90,1.7800,true,1,249177
7290004652043,false,גבינת גאודה עלמה 400,עלמה,,גבינת גאודה עלמה 400 גרם,גרמים,400.00,100 גרם,false,,13.20,3.3000,true,1,336762
7290004652067,false,גבינת מוצרלה עלמה חצ,עלמה,,גבינת מוצרלה עלמה חצי קשה במשקל נטו,קילוגרמים,1.00,"ק""ג",true,,28.00,28.0000,true,1,338934
7290004652166,false,גבינת גאודה עלמה במש,עלמה,,גבינת גאודה עלמה במשקל***,קילוגרמים,1.00,"ק""ג",true,,28.00,28.0000,true,1,339067
7290004652173,false,חמאה 200 גרם עלמה,מלקפול,,חמאה 200 גרם עלמה,גרמים,200.00,100 גרם,false,1,10.90,5.4500,true,1,338592
7290004652388,false,גבינת גורמעז טבעי 18,,,גבינת גורמעז טבעי 180גר עלמה,גרמים,180.00,100 גרם,false,14,17.90,9.9444,true,1,339528
7290004652395,false,גבינת גורמעז זיתים,,,גבינת גורמעז זיתים 180גר עלמה,גרמים,180.00,100 גרם,false,14,17.90,9.9444,true,1,338896
7290004652401,false,גחנון ללא מרגרינה 65,,IL,גחנון ללא מרגרינה 650גר שגב,גרמים,650.00,100 גרם,false,12,19.90,3.0615,true,1,339529
7290004652418,false,מיני גחנון ללא מרגרי,,IL,מיני גחנון ללא מרגרינה 650גר שגב,גרמים,650.00,100 גרם,false,12,19.90,3.0615,true,1,339530
7290004652494,false,פילדה דג פורל נורווג,,NO,פילדה דג פורל נורווגי במשקל,קילוגרמים,1.00,"ק""ג",true,,69.90,69.9000,true,1,338862
7290004658847,false,מיץ ענבים תירוש אדום,,,יין תירוש אדום 187 מל,מיליליטרים,187.00,"100 מ""ל",false,1,6.90,3.6898,true,1,326346
7290004658953,false,יין סובניון בלאן פי.,כרמל מזרחי,,""" יין סובניון בלאן פי.סי 750 מל",מיליליטרים,750.00,"100 מ""ל",false,1,45.00,6.0000,true,1,227270
7290004658960,false,יין אמרלד ריזלינג פי,כרמל מזרחי,,""" יין אמרלד ריזלינג פי סי 750 מל",מיליליטרים,750.00,"100 מ""ל",false,1,45.00,6.0000,true,1,228250
7290004685010,false,לחם הארץ שיפון פלוס,מאפית י.את א. ברמן ב,,לחם הארץ שיפון פלוס 100% 750 גרם,גרמים,750.00,100 גרם,false,1,15.90,2.1200,true,1,243145
7290004685027,false,לחם הארץ חיטה מלאה פ,מאפית י.את א. ברמן ב,,לחם הארץ חיטה מלאה פלוס 750 גרם,גרמים,750.00,100 גרם,false,1,15.90,2.1200,true,1,243144
7290004685089,false,לחם הארץ חמניות 750,מאפית י.את א. ברמן ב,,לחם הארץ חמניות 750 גרם,גרמים,750.00,100 גרם,false,1,15.90,2.1200,true,1,243143
7290004685126,false,לחם הארץ 5 דגנים 750,מאפית י.את א. ברמן ב,,לחם הארץ 5 דגנים 750 גרם,גרמים,750.00,100 גרם,false,1,15.90,2.1200,true,1,227810
7290004685157,false,לחם הארץ 100% שיפון,מאפית י.את א. ברמן ב,,לחם הארץ 100% שיפון 750 גרם,גרמים,750.00,100 גרם,false,1,15.90,2.1200,true,1,227812
7290004685195,false,לחם הארץ 10 דגנים 75,מאפית י.את א. ברמן ב,,לחם הארץ 10 דגנים 750 גרם,גרמים,750.00,100 גרם,false,1,15.90,2.1200,true,1,230856
7290004685201,false,לחם הארץ שיפון אגוזי,מאפית י.את א. ברמן ב,,לחם הארץ שיפון אגוזים 500 גרם,גרמים,500.00,100 גרם,false,1,15.90,3.1800,true,1,227811
7290004685225,false,לחם הארץ פומפרניקל 7,מאפית י.את א. ברמן ב,,לחם הארץ פומפרניקל 750 גרם,גרמים,750.00,100 גרם,false,1,15.90,2.1200,true,1,233133
7290004685430,false,לחם הארץ כוסמין 100%,מאפית י.את א. ברמן ב,,לחם הארץ כוסמין 100% 500 גרם,גרמים,500.00,100 גרם,false,1,15.90,3.1800,true,1,313229
7290004685447,false,מארז לחמניות כוסמין,מאפית י.את א. ברמן ב,IL,מארז לחמניות כוסמין 6יח 450 גר,גרמים,450.00,100 גרם,false,1,15.90,3.5333,true,1,329166
7290004685454,false,לחם שיבולת שועל 500ג,מאפית י.את א. ברמן ב,IL,לחם שיבולת שועל 500גר ברמן,גרמים,500.00,100 גרם,false,1,15.90,3.1800,true,1,331642
7290004685478,false,מארז פיתות כוסמין 10,,IL,מארז פיתות כוסמין 10יחידות ברמן,יחידה,10.00,יחידה,false,1,15.90,1.5900,true,1,344744
7290004725600,false,גבינה סקנדינבית במשק,תנובה חלב,IL,גבינה סקנדינבית במשקל,קילוגרמים,1.00,"ק""ג",true,,82.00,82.0000,true,1,311374
7290004731472,false,מארז 3יח אלסבון כיף,,,מארז 3יח אלסבון כיף צבעוני 500מל,ליטרים,1.50,ליטר,false,1,19.90,13.2667,true,1,232129
7290004731519,false,סנו מקסימה למייבש 75,,,סנו מקסימה למייבש 750 מל סנסטיב,מיליליטרים,750.00,"100 מ""ל",false,1,18.90,2.5200,true,1,232120
7290004731557,false,סנו מקסימה למייבש 75,,,סנו מקסימה למייבש 750 מל בלאק,מיליליטרים,750.00,"100 מ""ל",false,1,18.90,2.5200,true,1,232121
7290004737719,false,אספרגוס שלם מקולף 33,heze sanqing food,,אספרגוס שלם מקולף 330 גרם צנצנת,גרמים,330.00,100 גרם,false,1,10.90,3.3030,true,1,228263
7290004737900,false,חלב מרוכז ממותק 397,מריג'מפולס,,חלב מרוכז ממותק 397 גרם,גרמים,397.00,100 גרם,false,1,7.90,1.9899,true,1,227869
7290004859824,false,כבד עוף קפוא,,,כבד עוף קפוא,קילוגרמים,1.00,"ק""ג",true,,19.90,19.9000,true,1,230441
7290004905004,false,משקה קוקה קולה בטעם,,US,משקה קוקה קולה בטעם דובדבן שרי 355מל,מיליליטרים,355.00,"100 מ""ל",false,24,6.50,1.8310,true,1,323559
7290004936509,false,משקה קוקה קולה בטעם,קוקה קולה,US,משקה קוקה קולה בטעם וניל 330מל,מיליליטרים,355.00,"100 מ""ל",false,1,6.50,1.8310,true,1,323560
7290004943035,false,ציפס משפחתי קפוא 800,,,ציפס משפחתי קפוא 800 ג,גרמים,800.00,100 גרם,false,1,10.90,1.3625,true,1,232584
7290004943301,false,ברוקולי קפוא 800 גרם,מילוטל,IL,ברוקולי קפוא 800 גרם קפוא זן,גרמים,800.00,100 גרם,false,1,12.90,1.6125,true,1,229169
7290004943677,false,ציפס משפחתי 1.5קג,,,ציפס משפחתי 1.5קג,גרמים,1500.00,100 גרם,false,1,17.90,1.1933,true,1,343268
7290004943806,false,כרובית קפואה 800 גרם,מילוטל,IL,כרובית קפואה 800 גרם קפוא זן,גרמים,800.00,100 גרם,false,1,12.90,1.6125,true,1,347237
7290004944032,false,חומוס אסלי 400 גרם,סלטי שמיר,,חומוס אסלי 400 גרם,גרמים,400.00,100 גרם,false,1,9.90,2.4750,true,1,309631
7290004944049,false,טחינה אסלי 400 גרם,סלטי שמיר,,טחינה אסלי 400 גרם,גרמים,400.00,100 גרם,false,1,9.90,2.4750,true,1,309777
7290004944056,false,חציל במיונז אסלי 400,סלטי שמיר,,חציל במיונז אסלי 400 גרם,גרמים,400.00,100 גרם,false,1,9.90,2.4750,true,1,309632
7290004944063,false,סלט תורכי אסלי 400 ג,סלטי שמיר,,סלט תורכי אסלי 400 גרם,גרמים,400.00,100 גרם,false,1,10.90,2.7250,true,1,309635
7290004944070,false,כרוב אדום במיונז אסל,סלטי שמיר,,כרוב אדום במיונז אסלי 400 גרם,גרמים,400.00,100 גרם,false,1,9.90,2.4750,true,1,309633
7290004952112,false,סוכר קנים אורגני 1,,,סוכר קנים אורגני 1 קג הרדןף,קילוגרמים,1.00,"ק""ג",false,1,11.50,11.5000,true,1,318704
7290004952136,false,קמח כוסמין מלא אורגנ,,,קמח כוסמין מלא אורגני 1 קג הרדוף,קילוגרמים,1.00,"ק""ג",false,12,19.90,19.9000,true,1,318734
7290004952778,false,טופו אורגני 300 ג הר,,,טופו אורגני 300 ג הרדוף,גרמים,300.00,100 גרם,false,1,14.90,4.9667,true,1,231780
7290004982355,false,גבינת צדר טריפל במשק,שבינגטון,,גבינת צדר טריפל במשקל,קילוגרמים,1.00,"ק""ג",true,,135.00,135.0000,true,1,308418
7290004982379,false,גבינת פול אפי במשקל,בונגראן,,גבינת פול אפי במשקל,קילוגרמים,1.00,"ק""ג",true,,189.00,189.0000,true,1,227004
7290004982393,false,גבינת ברס בלו במשקל,בונגראן,,גבינת ברס בלו במשקל,קילוגרמים,1.00,"ק""ג",true,,149.00,149.0000,true,1,228113
7290004982409,false,גבינת סנט אלברה במשק,בונגראן,,גבינת סנט אלברה במשקל,קילוגרמים,1.00,"ק""ג",true,,179.00,179.0000,true,1,227135
7290005008184,false,פלמוליב סבון נוזלי,CP - Turkey+60,TR,פלמוליב סבון נוזלי חלב שקדים 500 מל,מיליליטרים,500.00,"100 מ""ל",false,12,16.90,3.3800,true,1,227064
7290005008191,false,פלמוליב סבון נוזלי,CP - Turkey+60,TR,פלמוליב סבון נוזלי ארומה 500 מל,מיליליטרים,500.00,"100 מ""ל",false,12,16.90,3.3800,true,1,227260
7290005008481,false,דאו.ספיד סטיק גל לגב,Colgate - USA,,דאו.ספיד סטיק גל לגבר ספורט 24/7,Unknown,0.00,Unknown,false,1,18.90,0.0000,true,1,227139
7290005020162,false,וויסקי בלנטיין 700 מ,,,וויסקי בלנטיין 700 מל פקדון,מיליליטרים,700.00,"100 מ""ל",false,1,89.00,12.7143,true,1,233848
7290005020223,false,וויסקי גלן גוין סינג,,,וויסקי גלן גוין סינגל מאלט 10 שנים 700 מ,מיליליטרים,700.00,"100 מ""ל",false,1,220.00,31.4286,true,1,235088
7290005020346,false,משקה בקרדי לבן 750 מ,,,משקה בקרדי לבן 750 מל פקדון,מיליליטרים,700.00,"100 מ""ל",false,1,115.00,16.4286,true,1,231461
7290005020360,false,משקה בקרדי כהה 750,,,משקה בקרדי כהה 750 מל פקדון,מיליליטרים,750.00,"100 מ""ל",false,1,135.00,18.0000,true,1,231462
7290005020490,false,וויסקי דיוארס וייט ל,,,וויסקי דיוארס וייט לייבל 700 מל פקדון,מיליליטרים,700.00,"100 מ""ל",false,1,79.90,11.4143,true,1,233849
7290005020803,false,יין גי פי רוזה סינסו,קב דה לנדירס,FR,יין גי פי רוזה סינסו גראנש 750 מל,מיליליטרים,750.00,"100 מ""ל",false,1,45.00,6.0000,true,1,235090
7290005040993,false,ערמונים קלויים קלופי,,,ערמונים קלויים קלופים 100 גרם,גרמים,100.00,100 גרם,false,1,5.90,5.9000,true,1,307069
7290005041402,false,שיפודי שווארמה פרגיו,מעדני הטלה,IL,שיפודי שווארמה פרגיות 600גרם מעדני הטלה,גרמים,600.00,100 גרם,false,12,54.90,9.1500,true,1,327368
7290005068492,false,לקט ירקות מעורבים קפ,פרי גליל,IL,לקט ירקות מעורבים קפוא 800 גר פרי גליל,גרמים,800.00,100 גרם,false,1,12.90,1.6125,true,1,309055
7290005079238,false,גבינת בולגרית עיזים,מחלבת משק צוריאל,,גבינת בולגרית עיזים מעודנת 16% במשקל,קילוגרמים,1.00,"ק""ג",true,,100.00,100.0000,true,1,249212
7290005079344,false,גבינת מוצרלה נעם במש,מחלבת משק צוריאל,,גבינת מוצרלה נעם במשקל,קילוגרמים,1.00,"ק""ג",true,,75.00,75.0000,true,1,331396
7290005079634,false,גבינת קשקבל נעם במשק,,,גבינת קשקבל נעם במשקל,קילוגרמים,1.00,"ק""ג",true,,99.00,99.0000,true,1,345958
7290005084355,false,מש.שיניים סנסודיין ד,,,מש.שיניים סנסודיין דואל קר 75 ג,גרמים,75.00,100 גרם,false,1,21.90,29.2000,true,1,232311
7290005095948,false,חנוכיה קלאסית,,,חנוכיה קלאסית,יחידה,1.00,יחידה,false,1,17.90,17.9000,true,1,335310
7290005113956,false,מלפפון במלח תיבול בי,,IL,מלפפון במלח תיבול ביתי פיקנטי 1.7 קג,גרמים,1700.00,100 גרם,false,6,21.90,1.2882,true,1,345408
7290005158407,false,עוגיות טחינה אגוזים,,,עוגיות טחינה אגוזים כוסמין 300גר ל.סוכר,גרמים,300.00,100 גרם,false,1,27.90,9.3000,true,1,338495
7290005174513,false,סלט חציל במיונז 500ג,,,סלט חציל במיונז 500גר,גרמים,500.00,100 גרם,false,6,16.90,3.3800,true,1,336866
7290005175428,false,קמח תירס אינסטנט 500,ריבארה,,קמח תירס אינסטנט 500 גרם,גרמים,500.00,100 גרם,false,1,6.20,1.2400,true,1,226744
7290005200786,false,תפוציפס שמנת ובצל 50,STRAUSS-ISRAEL,,תפוציפס שמנת ובצל 50 גר,Unknown,0.00,Unknown,false,1,4.00,0.0000,true,1,226556
7290005201455,false,קפה נמס ארומה 200 ג,,,קפה נמס ארומה 200 ג,גרמים,200.00,100 גרם,false,1,23.90,11.9500,true,1,228287
7290005201882,false,קפה טורקי 200 ג עלית,,,קפה טורקי 200 ג עלית,גרמים,200.00,100 גרם,false,1,15.90,7.9500,true,1,227207
7290005230035,false,צלחות גדולות חד פעמי,פאלאס,IL,"צלחות גדולות חד פעמי 50 יח """,יחידה,50.00,יחידה,false,48,18.90,0.3780,true,1,306096
7290005230042,false,צלחות קטנות חד פעמי,פאלאס תעשיות נטו,IL,צלחת קטנה 50 יח חד פעמי פולידור,יחידה,50.00,יחידה,false,56,10.90,0.2180,true,1,306084
7290005230059,false,צלחות מרק חד פעמי 25,פאלאס תעשיות נטו,IL,צלחות מרק חד פעמי 25 יח,יחידה,25.00,יחידה,false,48,9.90,0.3960,true,1,306086
7290005230769,false,צלחות חד פעמי בינוני,פאלאס,IL,צלחות חד פעמי בינונית 50 יח,יחידה,50.00,יחידה,false,56,15.90,0.3180,true,1,306097
7290005230806,false,כוס שתיה קרה 100 יח,,IL,כוס שתיה קרה 100 יח פאלאס,יחידה,100.00,יחידה,false,1,8.90,0.0890,true,1,305763
7290005271410,false,ביצה גדול 12יח לארג*,גליקסמן,,ביצה גדול 12יח לארג***,יחידה,12.00,יחידה,false,1,12.05,1.0042,true,1,312522
7290005271427,false,ביצה בינוני 12יח מדי,גליקסמן,,ביצה בינוני 12יח מדיום***,יחידה,12.00,יחידה,false,1,11.15,0.9292,true,1,312523
7290005271458,false,ביצים אורגניות לארג,גליקסמן,,ביצים אורגניות לארג 12יח,יחידה,12.00,יחידה,false,1,22.90,1.9083,true,1,312534
7290005271465,false,ביצים אורגניות מדיום,גליקסמן,,ביצים אורגניות מדיום 12יח,יחידה,12.00,יחידה,false,1,21.90,1.8250,true,1,312535
7290005271656,false,ביצים אומגה 3 אקס אל,גליקסמן,,ביצים אומגה 3 אקס אל 20יח,יחידה,20.00,יחידה,false,1,34.90,1.7450,true,1,312529
7290005271687,false,ביצים אומגה 3 לארג 1,גליקסמן,,ביצים אומגה 3 לארג 12יח,יחידה,12.00,יחידה,false,1,20.90,1.7417,true,1,312531
7290005271755,false,ביצי חופש לארג 12 יח,גליקסמן,,ביצי חופש לארג 12 יח,יחידה,12.00,יחידה,false,1,19.90,1.6583,true,1,312536
7290005271762,false,ביצי חופש מדיום 12 י,גליקסמן,,ביצי חופש מדיום 12 יח,יחידה,12.00,יחידה,false,1,18.90,1.5750,true,1,312537
7290005287206,false,מארז4 טונה סטארקיסט,,,רביעיית טונה סטארקיסט שמן160גר,גרמים,640.00,100 גרם,false,1,24.90,3.8906,true,1,229024
7290005287251,false,מארז4 טונה סטארקיסט,,,רבייעת טונה סטארקיסט במים 160 גרם,גרמים,640.00,100 גרם,false,1,24.90,3.8906,true,1,231937
7290005287534,false,טונה סטארקיסט בשמן ע,,,טונה סטארקיסט בשמן עישון 160 גר פ.ק,גרמים,160.00,100 גרם,false,1,7.90,4.9375,true,1,234843
7290005296246,false,פותח סתימות צנרת יעק,סאמיט,US,פותח סתימות Drain Out,Unknown,0.00,Unknown,false,12,29.90,0.0000,true,1,227017
7290005296260,false,אסטוניש רסס נגב 750,אסטוניש,GB,אסטוניש רסס נגב ירוק,מיליליטרים,750.00,"100 מ""ל",false,12,13.90,1.8533,true,1,228260
7290005296857,false,ספריי לרהיטים מבריקי,פוליבוי,,ספריי לרהיטים מבריקים הפי,מיליליטרים,300.00,"100 מ""ל",false,1,16.90,5.6333,true,1,231585
7290005296871,false,נוזל פוליבוי לניקוי,פוליבוי,,נוזל פוליבוי לניקוי רהיטי עץ,Unknown,0.00,Unknown,false,1,15.90,0.0000,true,1,231586
7290005296895,false,נוזל פוליבוי לניקוי,פוליבוי,DE,הפי קצף-כסף/פוליבוי קרם,Unknown,0.00,Unknown,false,12,25.90,0.0000,true,1,227008
7290005326387,false,עגבניות מיובשות בשמן,,,עגבניות מיובשות בשמן זית 270 ג אוליביה,גרמים,270.00,100 גרם,false,1,17.90,6.6296,true,1,227179
7290005326523,false,ממרח פסטו פטרוזיליה,,,ממרח פסטו פטרוזיליה נענע 180 גר,גרמים,180.00,100 גרם,false,1,13.90,7.7222,true,1,255576
7290005326585,false,פסטו בזיליקום 180גרם,תנובה ב.ע.ד,IL,פסטו בזיליקום 180גרם אוליביה,גרמים,180.00,100 גרם,false,6,12.90,7.1667,true,1,323501
7290005358234,false,בשר ראש קפוא מוכשר ב,,,בשר ראש קפוא מוכשר בראזילאי,קילוגרמים,1.00,"ק""ג",true,,75.00,75.0000,true,1,308497
7290005358371,false,בשר בקר מס 8 מוכשר ק,פניסקור,,בשר בקר מס 8 מוכשר קפוא,קילוגרמים,1.00,"ק""ג",true,,32.90,32.9000,true,1,250574
7290005358739,false,בשר ראש קפוא חלק במש,,,בשר ראש קפוא חלק במשקל,קילוגרמים,1.00,"ק""ג",true,,79.90,79.9000,true,1,328907
7290005358753,false,לשון חלק קפוא,,,לשון חלק קפוא,קילוגרמים,1.00,"ק""ג",true,,39.90,39.9000,true,1,331162
7290005384837,false,מיץ לימון 500 מל,דריבדוס סיטרוס,,מיץ לימון 500 מל,מיליליטרים,500.00,"100 מ""ל",false,1,7.90,1.5800,true,1,227517
7290005384851,false,מיץ לימון 200 מל ויל,,,מיץ לימון משומר 200 מל ויליפוד,מיליליטרים,200.00,"100 מ""ל",false,1,4.50,2.2500,true,1,227518
7290005384899,false,פטינה ים תיכונית בסג,ארלה,,פטינה ים תיכונית בסגנון פטה במשקל,קילוגרמים,1.00,"ק""ג",true,,25.00,25.0000,true,1,227021
7290005400155,false,פתיתים אפויים קמח כו,שיבולים בני דרום,IL,פתיתים אפויים קמח כוסמין 500 גרם,גרמים,400.00,100 גרם,false,1,13.90,3.4750,true,1,322442
7290005416033,false,יוגורט עיזים טבעי 50,,,יוגורט עיזים טבעי 500 גר,מיליליטרים,500.00,"100 מ""ל",false,1,14.90,2.9800,true,1,326111
7290005416095,false,גבינת עיזים 5% 200 ג,,,גבינת עיזים 5% 200 גר,גרמים,200.00,100 גרם,false,1,14.90,7.4500,true,1,326062
7290005416262,false,יוגורט עיזים תות 500,,,יוגורט עיזים תות 500 מל,מיליליטרים,500.00,"100 מ""ל",false,1,14.90,2.9800,true,1,326113
7290005416279,false,יוגורט עיזים פירות י,,IL,יוגורט עיזים פירות יער 500 מל,מיליליטרים,500.00,"100 מ""ל",false,1,14.90,2.9800,true,1,326112
7290005416286,false,יוגורט עיזים אננס 50,,,יוגורט עיזים אננס 500 מל,מיליליטרים,500.00,"100 מ""ל",false,1,14.90,2.9800,true,1,326114
7290005416293,false,יוגורט עיזים משמש 50,,,יוגורט עיזים משמש 500 מל,מיליליטרים,500.00,"100 מ""ל",false,1,14.90,2.9800,true,1,326115
7290005416415,false,יוגורט עיזים טבעי 3%,,,יוגורט עיזים טבעי 3% בגביע 200 גר,גרמים,200.00,100 גרם,false,1,6.90,3.4500,true,1,326065
7290005418891,false,גל אקסטרים לעיצוב רט,,,גל אקסטרים לעיצוב רטוב 500 מל,מיליליטרים,500.00,"100 מ""ל",false,1,19.90,3.9800,true,1,228127
7290005423055,false,סנו פורטה פלוס 1ליטר,סנו,IL,סנו פורטה פלוס 1ליטר בניחוח לימון,ליטרים,1.00,ליטר,false,12,18.90,18.9000,true,1,326674
7290005423086,false,מטהר אוויר סנומוד פר,סנו,IL,מטהר אוויר סנומוד פרדייז,מיליליטרים,150.00,"100 מ""ל",false,12,12.90,8.6000,true,1,321106
7290005423253,false,סנו מקסימה למייבש 75,,,סנו מקסימה למייבש 750 מל אולטרא פרש,מיליליטרים,750.00,"100 מ""ל",false,1,18.90,2.5200,true,1,227363
7290005423383,false,מטהר אוויר סנומוד גל,סנו,IL,מטהר אוויר סנומוד גלמור,מיליליטרים,150.00,"100 מ""ל",false,12,12.90,8.6000,true,1,321107
7290005423482,false,קרם כירים קרמיים 300,סנו,IL,קרם לניקוי כיריים 300 מל,מיליליטרים,300.00,"100 מ""ל",false,12,17.90,5.9667,true,1,226802
7290005423635,false,נוזל ריצפז דוחה חרקי,,,נוזל ריצפז דוחה חרקים 2 ליטר,ליטרים,2.00,ליטר,false,1,19.90,9.9500,true,1,226650
7290005423833,false,נוזל רצפה פוליויקס פ,,,נוזל רצפה פוליויקס פרקט 2 ליטר,ליטרים,2.00,ליטר,false,1,19.90,9.9500,true,1,227009
7290005423871,false,מש.שיניים אורביטול ש,,,מש.שיניים אורביטול שלישיה מנטול,גרמים,435.00,100 גרם,false,1,18.90,4.3448,true,1,333604
7290005424021,false,מנטרל ריחות רעים סנו,,,מנטרל ריחות רעים סנו ריפרש 350מל,מיליליטרים,350.00,"100 מ""ל",false,1,16.90,4.8286,true,1,346230
7290005424700,false,סנו פורטה פלוס להסרת,סנו,IL,סנו פורטה פלוס להסרת לכלוך ושומן שרוף 1ל,ליטרים,1.00,ליטר,false,12,18.90,18.9000,true,1,323832
7290005424755,false,מטליות לחות דוחה תיק,,,מטליות לחות דוחה תיקנים ריצפז פלוס 10יח,יחידה,10.00,יחידה,false,12,15.90,1.5900,true,1,323759
7290005425110,false,מרסס לחיטוי משטחים ס,סנו,IL,מרסס לחיטוי משטחים סדרת 99% 750מל,מיליליטרים,750.00,"100 מ""ל",false,12,11.90,1.5867,true,1,326924
7290005425127,false,מרסס לחיטוי וניקוי י,סנו,IL,מרסס לחיטוי וניקוי יסודי סדרת 99% 750מל,מיליליטרים,750.00,"100 מ""ל",false,12,11.90,1.5867,true,1,326925
7290005425196,false,אב.כביסה מקסימה סנסט,סנו,,אב.כביסה מקסימה סנסטיב 2.5 קג,קילוגרמים,2.50,"ק""ג",false,1,26.90,10.7600,true,1,307679
7290005425202,false,אב.כביסה מקסימה ביו,סנו,IL,אב.כביסה מקסימה ביו 2.5 קג,קילוגרמים,2.50,"ק""ג",false,1,26.90,10.7600,true,1,307680
7290005425585,false,סנו רהיט מטליות,,,סנו רהיט מטליות,יחידה,20.00,יחידה,false,1,14.90,0.7450,true,1,230012
7290005425646,false,סנוקליר אקדח 1 ליטר,,,סנוקליר אקדח 1 ליטר,ליטרים,1.00,ליטר,false,1,11.90,11.9000,true,1,230412
7290005425714,false,סנו שמפו שטיחים פלוס,,,סנו שמפו שטיחים פלוס,מיליליטרים,600.00,"100 מ""ל",false,1,25.90,4.3167,true,1,230013
7290005426735,false,אב.כביסה מקסימה 1.25,,,אב.כביסה מקסימה 1.25 קג שחור,קילוגרמים,1.25,"ק""ג",false,1,13.90,11.1200,true,1,230978
7290005426964,false,סבון אסלה סנובון כחו,,,סבון אסלה סנובון כחול שלישיה אפרסק,יחידה,3.00,יחידה,false,1,14.90,4.9667,true,1,230744
7290005426971,false,סבון אסלה סנובון כחו,,,סבון אסלה סנובון כחול שלישיה תפוח,יחידה,3.00,יחידה,false,1,14.90,4.9667,true,1,230745
7290005427107,false,מגבות נייר למטבח סנו,,,מגבות נייר למטבח סנו סושי פלא 6 יח,Unknown,0.00,Unknown,false,1,12.90,0.0000,true,1,231033
7290005430480,false,מטלית הפלא סנו סושי,,,מטלית הפלא סנו סושי מיקרופייבר לשיש,יחידה,1.00,יחידה,false,1,7.90,7.9000,true,1,230044
7290005431159,false,קינוח תותים בקצפת לי,,,קינוח תותים בקצפת לייט 80גר עדן קינוחים,Unknown,0.00,Unknown,false,12,6.90,0.0000,true,1,236922
7290005431883,false,מלבי עדן קינוחים 165,תנובה חלב,IL,מלבי עדן קינוחים 165גר חלבי,גרמים,165.00,100 גרם,false,12,6.90,4.1818,true,1,330373
7290005431890,false,בוואריה עדן קינוחים,תנובה חלב,IL,בוואריה עדן קינוחים 95גר חלבי,גרמים,95.00,100 גרם,false,12,6.90,7.2632,true,1,330371
7290005431906,false,קדאיף עדן קינוחים 82,תנובה חלב,IL,קדאיף עדן קינוחים 82גר חלבי,גרמים,82.00,100 גרם,false,12,6.90,8.4146,true,1,330376
7290005431913,false,עוגת גבינה פירורים,תנובה חלב,IL,עוגת גבינה פירורים 92גרם עדן קינוחי,גרמים,92.00,100 גרם,false,12,6.90,7.5000,true,1,330375
7290005431920,false,עוגת גבינה פירורים ל,תנובה חלב,IL,עוגת גבינה פירורים לייט 78גרם עדן קינוחי,גרמים,78.00,100 גרם,false,12,6.90,8.8462,true,1,330374
7290005431937,false,טירמיסו עדן קינוחים,תנובה חלב,IL,טירמיסו עדן קינוחים 82גר חלבי,גרמים,82.00,100 גרם,false,12,6.90,8.4146,true,1,330372
7290005431951,false,מוס שוקולד עדן קינוח,תנובה חלב,IL,מוס שוקולד עדן קינוחים 75גר,גרמים,75.00,100 גרם,false,12,6.90,9.2000,true,1,330379
7290005431968,false,מלבי שמנת עדן קינוחי,תנובה חלב,IL,מלבי שמנת עדן קינוחים 150גר חלבי,גרמים,150.00,100 גרם,false,12,7.90,5.2667,true,1,332701
7290005431999,false,קינוח מלבי חלבי לייט,,,קינוח מלבי חלבי לייט 150גר עדן קינוחים,גרמים,150.00,100 גרם,false,12,6.90,4.6000,true,1,342001
7290005477669,false,סבון נוזלי דרמפון מו,,,סבון נוזלי דרמפון מועשר בלחות 1 ל,ליטרים,1.00,ליטר,false,1,17.90,17.9000,true,1,228004
7290005491252,false,ריבת תות שרדונה 220,,,ריבת תות שרדונה 220 גר,גרמים,220.00,100 גרם,false,1,19.90,9.0455,true,1,345435
7290005491290,false,ריבת דובדבן שיראז 22,,,ריבת דובדבן שיראז 240 גר,גרמים,220.00,100 גרם,false,1,19.90,9.0455,true,1,345431
7290005509445,false,עוג.מיני קוקיס בטעם,כרמית,,עוג.מיני קוקיס בטעם חמאה600 גר,גרמים,600.00,100 גרם,false,1,15.90,2.6500,true,1,227513
7290005559907,false,פיצה משפחתית גבינה 5,,,פיצה משפחתית גבינה 500 גר,גרמים,500.00,100 גרם,false,1,15.90,3.1800,true,1,228883
7290005559914,false,פיצה משפחתית עם זיתי,,,פיצה משפחתית עם זיתים 550 גר,גרמים,550.00,100 גרם,false,1,15.90,2.8909,true,1,228884
7290005559990,false,בצק פילאס טורקי 600,,,בצק פילאס טורקי 600 גרם,גרמים,600.00,100 גרם,false,1,15.90,2.6500,true,1,229042
7290005589492,false,חטיף חיטה תפוחה ודבש,מפעלי דגן,IL,דגן חיטה מלאה תפוחה בציפוי דבש 200 ג,גרמים,200.00,100 גרם,false,12,7.00,3.5000,true,1,304941
7290005591761,false,דבש טהור לחיץ 400 גר,,,דבש טהור לחיץ 400 גר יד מרדכי,גרמים,400.00,100 גרם,false,1,22.90,5.7250,true,1,227984
7290005604133,false,פריגת 1.5 ליטר מנגו,פריגת,,פריגת 1.5 ליטר מנגו,ליטרים,1.50,ליטר,false,1,9.60,6.4000,true,1,227572
7290005604652,false,פאנטה ענבים 1.5 ליטר,,,פאנטה ענבים 1.5 ליטר,ליטרים,1.50,ליטר,false,1,9.30,6.2000,true,1,323916
7290005605901,false,פאנטה אקזוטיק 1.5 לי,קוקה קולה,IL,פאנטה אקזוטיק 1.5 ליטר,ליטרים,1.50,ליטר,false,12,9.30,6.2000,true,1,228973
7290005651069,false,לה קט מיקס 2.85 קג,,,לה קט מיקס 2.85 קג,קילוגרמים,2.85,"ק""ג",false,1,59.90,21.0175,true,1,227806
7290005651427,false,מארז 3 מעדן בונזו לח,,,מארז 3 מעדן בונזו לח 400 גרם,קילוגרמים,1.20,"ק""ג",false,1,18.20,15.1667,true,1,226715
7290005680052,false,טמפון אובה קלאסי סופ,Johnson Toilet-IT,,טמפון אובה קלאסי סופר פלוס 32 יח,יחידה,32.00,יחידה,false,1,29.90,0.9344,true,1,228360
7290005686405,false,בננה ציפס 200 ג,"דין שיווק וקלייה בע""",IL,בננה צ`יפס 200,גרמים,200.00,100 גרם,false,25,6.90,3.4500,true,1,232648
7290005686436,false,תפוח עץ 200 גרם בקופ,,,תפוח עץ 200 גרם,גרמים,200.00,100 גרם,false,1,12.90,6.4500,true,1,229552
7290005697333,false,גבינת קממבר עיזים במ,,,גבינת קממבר עיזים במשקל,קילוגרמים,1.00,"ק""ג",true,,179.90,179.9000,true,1,247670
7290005697357,false,גבינת ולנסי עיזים פי,,,גבינת ולנסי עיזים פירמידה שקיל,קילוגרמים,1.00,"ק""ג",true,,199.90,199.9000,true,1,247672
7290005697388,false,גבינת קממבר גלילי במ,,,גבינת קממבר גלילי במשקל מדף,קילוגרמים,1.00,"ק""ג",true,,149.00,149.0000,true,1,254427
7290005697517,false,יוגורט עיזים טבעי בי,,IL,יוגורט עיזים טבעי ביו 500 מל,מיליליטרים,500.00,"100 מ""ל",false,1,15.90,3.1800,true,1,305419
7290005697524,false,יוגורט עיזים תמרים ב,,IL,יוגורט עיזים תמרים ביו 500 מל,מיליליטרים,500.00,"100 מ""ל",false,1,15.90,3.1800,true,1,305420
7290005697531,false,יוגורט עיזים תות ביו,,IL,יוגורט עיזים תות ביו 500 מל,מיליליטרים,500.00,"100 מ""ל",false,1,15.90,3.1800,true,1,305421
7290005697548,false,יוגורט עיזים פירות י,,IL,יוגורט עיזים פירות יער ביו 500 מל,מיליליטרים,500.00,"100 מ""ל",false,1,15.90,3.1800,true,1,305422
7290005697555,false,יוגורט עיזים ביו טבע,חוות רום,IL,יוגורט עיזים ביו טבעי 1 ליטר,ליטרים,1.00,ליטר,false,1,19.90,19.9000,true,1,313360
7290005697562,false,יוגורט עיזים אפרסק ב,,IL,יוגורט עיזים אפרסק ביו 500 מל,מיליליטרים,500.00,"100 מ""ל",false,1,15.90,3.1800,true,1,305423
7290005697579,false,יוגורט עיזים דובדבני,,,יוגורט עיזים דובדבנים ביו 500 מל,מיליליטרים,500.00,"100 מ""ל",false,1,15.90,3.1800,true,1,339410
7290005697630,false,יוגורט עיזים תאנים ב,בי או די רגבים,IL,יוגורט עיזים תאנים ביו 500 מל,מיליליטרים,500.00,"100 מ""ל",false,1,15.90,3.1800,true,1,310641
7290005697647,false,יוגורט עיזים 750 מל,,IL,יוגורט עיזים 750 מל בדלי,מיליליטרים,750.00,"100 מ""ל",false,1,19.90,2.6533,true,1,343598
7290005697661,false,יוגורט צאן 750מל בדל,,IL,יוגורט צאן 750מל בדלי,מיליליטרים,750.00,"100 מ""ל",false,1,19.90,2.6533,true,1,343599
7290005697814,false,יוגורט אורגני טבעי 1,חוות רום,,יוגורט אורגני טבעי 1ליטר 3.6% שומן,ליטרים,1.00,ליטר,false,1,24.90,24.9000,true,1,347374
7290005719189,false,לחם מחמצת שיפון אגוז,,,לחם מחמצת שיפון אגוזים,Unknown,0.00,Unknown,false,1,17.90,0.0000,true,1,327634
7290005719318,false,מארז 4 לחמניות המבור,פילסברי,,מארז 4 לחמניות המבורגר פרימיום א.ק,Unknown,0.00,Unknown,false,1,14.90,0.0000,true,1,331471
7290005719462,false,עוגיות מנגלך טעם קינ,פילסברי,IL,עוגיות מנגלך טעם קינמון 400 גרם,גרמים,400.00,100 גרם,false,20,22.90,5.7250,true,1,344201
7290005733116,false,צעצועי דורון קבוצה 5,,,צעצועי דורון קבוצה 5,Unknown,0.00,Unknown,false,1,12.90,0.0000,true,1,231827
7290005733703,false,הרכבה,,,הרכבה,Unknown,0.00,Unknown,false,1,19.90,0.0000,true,1,228021
7290005733994,false,סט כלים,,,סט כלים,Unknown,0.00,Unknown,false,1,29.90,0.0000,true,1,227314
7290005734014,false,בובה,,,בובה,Unknown,0.00,Unknown,false,1,29.90,0.0000,true,1,228303
7290005734267,false,כלי רכב גדולים,,,כלי רכב גדולים,Unknown,0.00,Unknown,false,1,39.90,0.0000,true,1,227752
7290005734274,false,כלי תחבורה,,,כלי תחבורה,Unknown,0.00,Unknown,false,1,29.90,0.0000,true,1,227751
7290005734632,false,משחקי התאמה,,,משחקי התאמה,Unknown,0.00,Unknown,false,1,19.90,0.0000,true,1,227422
7290005734663,false,סט דלי לחוף/כלים,,,סט דלי לחוף/כלים,Unknown,0.00,Unknown,false,1,19.90,0.0000,true,1,227754
7290005735523,false,כלי רכב י,,,כלי רכב י,Unknown,0.00,Unknown,false,1,19.90,0.0000,true,1,227750
7290005735974,false,משחק - הרכבה,,,משחק - הרכבה,Unknown,0.00,Unknown,false,1,29.90,0.0000,true,1,227421
7290005736544,false,תותח מים גדול,,,תותח מים גדול,Unknown,0.00,Unknown,false,1,29.90,0.0000,true,1,249780
7290005737220,false,סביבון פומפה,,CN,סביבון פומפה,יחידה,1.00,יחידה,false,1,12.90,12.9000,true,1,342234
7290005740183,false,חיות פרווה קטנות,,,חיות פרווה קטנות,Unknown,0.00,Unknown,false,1,19.90,0.0000,true,1,227856
7290005741067,false,קולפן ירקות מקורי,,,קולפן ירקות מקורי עם סכין נירוסטה,יחידה,1.00,יחידה,false,1,9.90,9.9000,true,1,337391
7290005741531,false,פינגאן נירוסטה מהודר,,,פינגאן נירוסטה מהודר מס 8,יחידה,1.00,יחידה,false,1,31.90,31.9000,true,1,338000
7290005789380,false,מגבונים להסרת איפור,ווטנאפס,,מגבונים להסרת איפור פרשיס קוסמטיקס54יח,יחידה,54.00,יחידה,false,1,9.90,0.1833,true,1,315798
7290005811128,false,בייגלה מקמח כוסמין ע,,,בייגלה מקמח כוסמין עם שומשום 300גר,גרמים,300.00,100 גרם,false,1,14.90,4.9667,true,1,328488
7290005826016,false,גבינת גאודה עיזים מי,jacks cheese,NL,גבינת גאודה עיזים מיילד במשקל,קילוגרמים,1.00,"ק""ג",true,,119.00,119.0000,true,1,325996
7290005826023,false,גבינת גאודה עיזים בל,jacks cheese,NL,גבינת גאודה עיזים בלייכן במשקל,קילוגרמים,1.00,"ק""ג",true,,159.00,159.0000,true,1,325997
7290005826030,false,גבינת גאודה עיזים מי,jacks cheese,NL,גבינת גאודה עיזים מיושנת אקס או במשקל,קילוגרמים,1.00,"ק""ג",true,,179.00,179.0000,true,1,325998
7290005826054,false,גבינת גאודה כבשים מו,jacks cheese,NL,גבינת גאודה כבשים מוטון במשקל,קילוגרמים,1.00,"ק""ג",true,,179.00,179.0000,true,1,326000
7290005826061,false,גבינת גואדה בלק לייב,jacks cheese,NL,גבינת גואדה בלק לייבל 24חודש במשקל,קילוגרמים,1.00,"ק""ג",true,,129.00,129.0000,true,1,326001
7290005826078,false,גבינת גואדה בלו לייב,jacks cheese,NL,גבינת גואדה בלו לייבל 12חודש במשקל,קילוגרמים,1.00,"ק""ג",true,,119.00,119.0000,true,1,326002
7290005826092,false,גבינת גאודה כמהין במ,jacks cheese,NL,גבינת גאודה כמהין במשקל,קילוגרמים,1.00,"ק""ג",true,,199.00,199.0000,true,1,326004
7290005826108,false,גבינת פסטו ירוק במשק,jacks cheese,NL,גבינת פסטו ירוק במשקל,קילוגרמים,1.00,"ק""ג",true,,125.00,125.0000,true,1,326005
7290005826146,false,גבינת אולד אמסטרדם ב,jacks cheese,NL,גבית אולד אמסטרדם במשקל חצי,קילוגרמים,1.00,"ק""ג",true,,119.00,119.0000,true,1,326008
7290005826153,false,גבינת מסדאם במשקל,jacks cheese,NL,גבינת מסדאם במשקל חצי גלגל,קילוגרמים,1.00,"ק""ג",true,,69.00,69.0000,true,1,326009
7290005826177,false,גבינת גאודה מיושנת ב,jacks cheese,NL,גבינת גאודה מיושנת במשקל רפינייר,קילוגרמים,1.00,"ק""ג",true,,149.00,149.0000,true,1,326011
7290005826245,false,גבינת גאודה עיזים כמ,jacks cheese,NL,גבינת גאודה עיזים כמהין במשקל,קילוגרמים,1.00,"ק""ג",true,,199.00,199.0000,true,1,328018
7290005826382,false,גבינת פטיט עיזים במש,,,גבינת פטיט עיזים במשקל,קילוגרמים,1.00,"ק""ג",true,,159.00,159.0000,true,1,331038
7290005826399,false,גבינת גאודה פסטו אדו,jacks cheese,NL,גבינת גאודה פסטו אדום במשקל,קילוגרמים,1.00,"ק""ג",true,,125.00,125.0000,true,1,331037
7290005826450,false,גבינת ברי פריזדנט במ,,FR,גבינת ברי פריזדנט במשקל צרפת,קילוגרמים,1.00,"ק""ג",true,,129.00,129.0000,true,1,333499
7290005826467,false,גבינת אמנטל פריזדנט,,FR,גבינת אמנטל פריזדנט במשקל צרפת,קילוגרמים,1.00,"ק""ג",true,,89.00,89.0000,true,1,333500
7290005826498,false,גבינת גאודה בקר במשק,jacks cheese,NL,גבינת גאודה בקר במשקל,קילוגרמים,1.00,"ק""ג",true,,69.00,69.0000,true,1,331610
7290005826504,false,גבינת בושה עיזים במש,jacks cheese,NL,גבינת בושה עיזים במשקל,קילוגרמים,1.00,"ק""ג",true,,139.00,139.0000,true,1,331065
7290005826528,false,גבינת מנצגו במשקל מי,,ES,גבינת מנצגו במשקל מיושן,קילוגרמים,1.00,"ק""ג",true,,139.00,139.0000,true,1,336366
7290005826535,false,גבינת צדר אנגלי מיוש,jacks cheese,NL,גבינת צדר אנגלי מיושן כתום ויק פארם משקל,קילוגרמים,1.00,"ק""ג",true,,89.00,89.0000,true,1,334986
7290005826542,false,גבינת צדר לבן אנגלי,,GB,גבינת צדר לבן אנגלי במשקל,קילוגרמים,1.00,"ק""ג",true,,89.00,89.0000,true,1,334452
7290005826559,false,גבינת צדר וינטאג ויי,jacks cheese,NL,גבינת צדר וינטאג וייק פארם במשקל,קילוגרמים,1.00,"ק""ג",true,,119.00,119.0000,true,1,334987
7290005826566,false,גבינת צדר כתום אנגלי,,GB,גבינת צדר כתום אנגלי במשקל,קילוגרמים,1.00,"ק""ג",true,,89.00,89.0000,true,1,334451
7290005826603,false,גבינת מנצגו כמהין במ,,ES,גבינת מנצגו כמהין במשקל,קילוגרמים,1.00,"ק""ג",true,,189.00,189.0000,true,1,336367
7290005826610,false,גבינת מנצגו צעיר במש,,ES,גבינת מנצגו צעיר במשקל,קילוגרמים,1.00,"ק""ג",true,,119.00,119.0000,true,1,336365
7290005826689,false,גבינת גאודה זעתר במש,,NL,גבינת גאודה זעתר במשקל,קילוגרמים,1.00,"ק""ג",true,,99.00,99.0000,true,1,343877
7290005826733,false,גבינת טריקולור במשקל,jacks cheese,NL,גבינת טריקולור במשקל,קילוגרמים,1.00,"ק""ג",true,,199.00,199.0000,true,1,343323
7290005826818,false,גבינת פסטו ירוק במשק,jacks cheese,NL,גבינת פסטו ירוק במשקל,קילוגרמים,1.00,"ק""ג",true,,125.00,125.0000,true,1,343327
7290005826825,false,גבינת בלו סטילטון במ,,,גבינת בלו סטילטון במשקל,קילוגרמים,1.00,"ק""ג",true,,135.00,135.0000,true,1,338078
7290005826900,false,גבינת שמנת רונדולה ש,,FR,גבינת שמנת רונדולה שום עשבי תיבול 125גר,גרמים,125.00,100 גרם,false,1,14.90,11.9200,true,1,338402
7290005826917,false,גבינת גאודה עם טבסקו,,,גבינת גאודה עם טבסקו במשקל,קילוגרמים,1.00,"ק""ג",true,,109.00,109.0000,true,1,338076
7290005826924,false,גבינת גאודה שום שחור,,,גבינת גאודה שום שחור במשקל,קילוגרמים,1.00,"ק""ג",true,,129.00,129.0000,true,1,338077
7290005826948,false,גבינת גאודה עיזים עו,jacks cheese,NL,גבינת גאודה עיזים עובש כחול במשקל,קילוגרמים,1.00,"ק""ג",true,,159.00,159.0000,true,1,343328
7290005826955,false,גבינת מונטנה במשקל,jacks cheese,NL,גבינת מונטנה במשקל,קילוגרמים,1.00,"ק""ג",true,,119.00,119.0000,true,1,339403
7290005826962,false,גבינת גאודה כמהין במ,jacks cheese,NL,גבינת גאודה כמהין במשקל,קילוגרמים,1.00,"ק""ג",true,,199.00,199.0000,true,1,343324
7290005826979,false,גבינת גאודה צילי במש,jacks cheese,NL,גבינת גאודה צילי במשקל,קילוגרמים,1.00,"ק""ג",true,,99.00,99.0000,true,1,343325
7290005826986,false,גבית גאודה קימל במשק,jacks cheese,NL,גבית גאודה קימל במשקל,קילוגרמים,1.00,"ק""ג",true,,99.00,99.0000,true,1,343322
7290005826993,false,גבינת גאודה פסטו אדו,jacks cheese,NL,גבינת גאודה פסטו אדום במשקל,קילוגרמים,1.00,"ק""ג",true,,125.00,125.0000,true,1,343326
7290005838613,false,גבינת סקי וניל 125 ג,שטראוס,IL,גבינת סקי וניל 125 גרם,גרמים,125.00,100 גרם,false,24,4.10,3.2800,true,1,227153
7290005838972,false,גבינת סקי יום יום 5%,שטראוס,,גבינת סקי יום יום 5% 125 גרם,גרמים,125.00,100 גרם,false,1,3.20,2.5600,true,1,227152
7290005839108,false,גבינת סימפוניה זיתים,שטראוס,,גבינת סימפוניה זיתים 200 גרם 5%,גרמים,200.00,100 גרם,false,1,11.90,5.9500,true,1,227322
7290005839313,false,מילקי טופ מגולגל 130,,,מילקי טופ מגולגל 130 גרם,גרמים,130.00,100 גרם,false,1,4.90,3.7692,true,1,227505
7290005877230,false,עופיון קפוא ארוז,,,עופיון קפוא ארוז,קילוגרמים,1.00,"ק""ג",true,,60.00,60.0000,true,1,343399
7290005896620,false,סן בנדטו מוגז 1.5 לי,,,סן בנדטו מוגז 1.5 ליטר,ליטרים,1.50,ליטר,false,1,4.20,2.8000,true,1,227509
7290005896972,false,שישיית משקה פפסי מקס,,,שישיית משקה פפסי מקס 1.5 ל,ליטרים,9.00,ליטר,false,1,40.10,4.4556,true,1,230785
7290005938238,false,ממרח צימיצורי 220 ג,פרסקו חצבה,IL,ממרח צימיצורי 220 ג פרסקו,גרמים,220.00,100 גרם,false,12,18.90,8.5909,true,1,231948
7290005938245,false,ממרח פסטו קלאסי 220,פרסקו חצבה,IL,ממרח פסטו קלאסי 220 ג פרסקו,גרמים,220.00,100 גרם,false,12,18.90,8.5909,true,1,231947
7290005938603,false,טפנד זיתים שחורים 22,פרסקו חצבה,IL,טפנד זיתים שחורים 220 גר פרסקו,גרמים,220.00,100 גרם,false,12,16.90,7.6818,true,1,237602
7290005938610,false,טפנד זיתים ירוקים 22,פרסקו חצבה,IL,טפנד זיתים ירוקים 220 גר פרסקו,גרמים,220.00,100 גרם,false,12,18.90,8.5909,true,1,237603
7290005938627,false,ממרח עגבניות שרי מיו,פרסקו חצבה,IL,ממרח עגבניות שרי מיובשות 220 ג פרסקו,גרמים,220.00,100 גרם,false,12,18.90,8.5909,true,1,237078
7290005966033,false,יין ירדן הר חרמון לב,יקבי רמת הגולן,,יין ירדן הר חרמון לבן 750 מל פקדון,מיליליטרים,750.00,"100 מ""ל",false,1,40.00,5.3333,true,1,228822
7290005966088,false,יין ירדן הר חרמון אד,יקבי רמת הגולן,,יין ירדן הר חרמון אדום 750 מל פקדון,מיליליטרים,750.00,"100 מ""ל",false,1,40.00,5.3333,true,1,227733
7290005966347,false,יין גמלא סובניון בלא,יקבי רמת הגולן,IL,יין גמלא סובניון בלאן 750 מל פקדון,מיליליטרים,750.00,"100 מ""ל",false,6,60.00,8.0000,true,1,229717
7290005966354,false,יין ירדן סוביניון בל,יקבי רמת הגולן,,יין ירדן סוביניון בלנק 750 מל פקדון,מיליליטרים,750.00,"100 מ""ל",false,1,65.00,8.6667,true,1,230346
7290005966361,false,יין גמלא שרדונה 750,יקבי רמת הגולן,,יין גמלא שרדונה 750 מל פקדון,מיליליטרים,750.00,"100 מ""ל",false,1,60.00,8.0000,true,1,230520
7290005966422,false,יין ירדן שרדונה 750,יקבי רמת הגולן,,יין ירדן שרדונה 2002 750 מל פקדון,מיליליטרים,750.00,"100 מ""ל",false,1,65.00,8.6667,true,1,229675
7290005981821,false,זוג גלילי קרח לבקבוק,,,זוג גלילי קרח לבקבוק,Unknown,0.00,Unknown,false,1,22.90,0.0000,true,1,235371
7290005992018,false,יוגורט עיזים 3% בק.,מחלבות גד,,יוגורט עיזים 3% בק. 500 מל,מיליליטרים,500.00,"100 מ""ל",false,1,12.90,2.5800,true,1,227716
7290005992247,false,גבינת חלומי במשקל,,,גבינת חלומי במשקל,קילוגרמים,1.00,"ק""ג",true,,115.00,115.0000,true,1,243803
7290005992575,false,בולגרית למריחה 250 ג,מחלבות גד,,בולגרית למריחה 250 גרם,גרמים,250.00,100 גרם,false,1,16.90,6.7600,true,1,228309
7290005992667,false,גבינה בולגרית 5% במש,,,גבינה בולגרית 5% במשקל,קילוגרמים,1.00,"ק""ג",true,,62.00,62.0000,true,1,228810
7290005992735,false,לבנה טבעית גד 5% 25,מחלבות גד,IL,לאבנה טבעי 5%,גרמים,250.00,100 גרם,false,12,12.90,5.1600,true,1,229148
7290005992858,false,גבינת פטה עיזים במשק,,,גבינת פטה עיזים במשקל,קילוגרמים,1.00,"ק""ג",true,,135.00,135.0000,true,1,229808
7290005992872,false,גבינה צפתית 5% במים,,,גבינה צפתית 5% במים במשקל,קילוגרמים,1.00,"ק""ג",true,,70.00,70.0000,true,1,229880
7290005996054,false,סלמי סרוולט הונגרי ב,,,סלמי סרוולט הונגרי במשקל,קילוגרמים,1.00,"ק""ג",true,,169.00,169.0000,true,1,331577
7290005996078,false,נקניק סלמי הונגרי 12,,,נקניק סלמי הונגרי 125גר,גרמים,125.00,100 גרם,false,1,25.90,20.7200,true,1,331579
7290005996153,false,נקניקיות צרפתיות 280,מעדני יחיעם,IL,נקניקיות צרפתיות 280גר יחיעם,גרמים,280.00,100 גרם,false,1,22.90,8.1786,true,1,330222
7290005996160,false,נקניקיות צוריסו 280ג,מעדני יחיעם,IL,נקניקיות צוריסו 280גר יחיעם,גרמים,280.00,100 גרם,false,1,22.90,8.1786,true,1,330221
7290005996221,false,פסטרמה של פעם דק דק,,IL,פסטרמה של פעם דק דק 120 גר,גרמים,120.00,100 גרם,false,1,10.90,9.0833,true,1,332458
7290005996238,false,פסטרמה בדבש דק דק,,IL,פסטרמה בדבש דק דק 120 גר,גרמים,120.00,100 גרם,false,1,10.90,9.0833,true,1,332457
7290005996276,false,פסטרמה ברביקיו דק דק,,IL,פסטרמה ברביקיו דק דק 120 גר,גרמים,120.00,100 גרם,false,1,10.90,9.0833,true,1,332459
7290005996740,false,נקניק סלמי פפרוני 30,,,נקניק סלמי פפרוני 300 גרם,גרמים,300.00,100 גרם,false,1,22.90,7.6333,true,1,337904
7290005996825,false,נקניקיות בקר בסגנון,מעדני יחיעם,IL,נקניקיות בקר בסגנון אמריקאי 280גר יחיעם,גרמים,280.00,100 גרם,false,1,22.90,8.1786,true,1,337905
7290005996979,false,נקניק סלמי פרח 200גר,,,נקניק סלמי פרח 200גר,גרמים,200.00,100 גרם,false,1,25.90,12.9500,true,1,344283
7290006199027,false,מאגדת גלידל וניל פטל,פלקו בעמ,,מאגדת גלידל וניל פטל 8 יח פלדמן,גרמים,600.00,100 גרם,false,1,29.90,4.9833,true,1,232107
7290006199218,false,מאגדת שלגון גלידל קפ,פלקו בעמ,,מאגדת שלגון גלידל קפוצינו 8 יח פלדמן,יחידה,8.00,יחידה,false,1,29.90,3.7375,true,1,232106
7290006199942,false,מאגדת גלידל פרי 8יח,פלקו בעמ,,מאגדת גלידל פרי 8יח פרווה פלדמן,יחידה,8.00,יחידה,false,1,21.90,2.7375,true,1,235912
7290006210166,false,אצבעות וניל במשקל,בונז'ור,,אצבעות וניל במשקל,קילוגרמים,1.00,"ק""ג",true,,36.00,36.0000,true,1,233953
7290006210197,false,רוגלאך,בונז'ור,,רוגלאך,קילוגרמים,1.00,"ק""ג",true,,35.00,35.0000,true,1,228907
7290006210203,false,בורקס תפוא,בונז'ור,,בורקס תפוא,קילוגרמים,1.00,"ק""ג",true,,36.00,36.0000,true,1,228909
7290006210210,false,בורקיטס גבינה,בונז'ור,,בורקיטס גבינה,קילוגרמים,1.00,"ק""ג",true,,36.00,36.0000,true,1,228898
7290006210227,false,מאפה וניל במשקל,בונז'ור,,מאפה וניל במשקל,קילוגרמים,1.00,"ק""ג",true,,36.00,36.0000,true,1,229063
7290006210258,false,תפוחיות שמרים במשקל,בונז'ור,,תפוחיות שמרים במשקל,קילוגרמים,1.00,"ק""ג",true,,36.00,36.0000,true,1,228911
7290006210265,false,ריבועי פרג במשקל,בונז'ור,,ריבועי פרג במשקל,קילוגרמים,1.00,"ק""ג",true,,36.00,36.0000,true,1,228912
7290006210272,false,ריבועי שוקולד במשקל,בונז'ור,,ריבועי שוקולד במשקל,קילוגרמים,1.00,"ק""ג",true,,36.00,36.0000,true,1,229064
7290006210289,false,שנק קינמון במשקל,בונז'ור,,שנק קינמון במשקל,קילוגרמים,1.00,"ק""ג",true,,36.00,36.0000,true,1,228913
7290006210319,false,קרואסון ביס חמאה,בונז'ור,,קרואסון ביס חמאה,קילוגרמים,1.00,"ק""ג",true,,40.00,40.0000,true,1,228915
7290006210340,false,עוגיות ביס שוקולד,בונז'ור,,עוגיות ביס שוקולד,קילוגרמים,1.00,"ק""ג",true,,36.00,36.0000,true,1,228916
7290006210357,false,שנק פיצה,בונז'ור,,שנק פיצה,קילוגרמים,1.00,"ק""ג",true,,40.00,40.0000,true,1,228917
7290006210425,false,בורקס פילס תפוא במשק,בונז'ור,,בורקס פילס תפוא במשקל,קילוגרמים,1.00,"ק""ג",true,,40.00,40.0000,true,1,228919
7290006210449,false,בורקס פילס קשקבל במש,בונז'ור,,בורקס פילס קשקבל במשקל,קילוגרמים,1.00,"ק""ג",true,,40.00,40.0000,true,1,229067
7290006210456,false,בורקס פילס פטריות במ,בונז'ור,,בורקס פילס פטריות במשקל,קילוגרמים,1.00,"ק""ג",true,,40.00,40.0000,true,1,228920
7290006210654,false,עוגיות תפוחי עץ,בונז'ור,,עוגיות תפוחי עץ,קילוגרמים,1.00,"ק""ג",true,,36.00,36.0000,true,1,228914
7290006210661,false,בגט רגיל,בונז'ור,,בגט רגיל,גרמים,330.00,100 גרם,false,1,4.50,1.3636,true,1,228899
7290006210685,false,לחמניה פטיט פאן לבן,בונז'ור,,לחמניה פטיט פאן לבן,Unknown,0.00,Unknown,false,1,1.50,0.0000,true,1,231410
7290006210692,false,לחמניה פטיט פאן כפרי,בונז'ור,,לחמניה פטיט פאן כפרי,Unknown,0.00,Unknown,false,1,1.50,0.0000,true,1,231411
7290006210708,false,בגט כפרי,בונז'ור,,בגט כפרי,גרמים,330.00,100 גרם,false,1,6.50,1.9697,true,1,231415
7290006210876,false,לחמניה אצבע,בונז'ור,,לחמניה אצבע,Unknown,0.00,Unknown,false,1,1.90,0.0000,true,1,231409
7290006210913,false,לחם איטלקי,בונז'ור,,לחם איטלקי,גרמים,340.00,100 גרם,false,1,7.00,2.0588,true,1,228903
7290006235220,false,מגבוני קידס היגניים,פישר תעשיות,IL,קידס מגבונים הגייניים 30 יח TO-GO,יחידה,30.00,יחידה,false,24,6.90,0.2300,true,1,234615
7290006235244,false,משחה לתינוק קמיל בלו,פישר תעשיות,,משחה לתינוק קמיל בלו צמחי מרפא פסטה100ג,גרמים,100.00,100 גרם,false,1,21.90,21.9000,true,1,234596
7290006241504,false,תרכיז קפוא גת פרייז,פריגת מצוננים,IL,תפוזים 340,גרמים,340.00,100 גרם,false,1,13.90,4.0882,true,1,229963
7290006241535,false,תרכיז קפוא גת פרייז,פריגת מצוננים,IL,מנגו 340- ישן,גרמים,340.00,100 גרם,false,1,13.90,4.0882,true,1,229965
7290006241689,false,תרכיז קפוא גת פרייז,פריגת מצוננים,IL,לימון 340,גרמים,340.00,100 גרם,false,1,13.90,4.0882,true,1,230513
7290006251107,false,תה צאי מסאלה 2 גר 25,תה ויסוצקי,,תה צאי מסאלה 2 גר 25 שקיקים,יחידה,25.00,יחידה,false,1,17.90,0.7160,true,1,229362
7290006251268,false,תה ירוק תפוח וקינמון,תה ויסוצקי,,תה ירוק תפוח וקינמון 1.5 ג 25 שק,יחידה,25.00,יחידה,false,1,24.90,0.9960,true,1,229742
7290006251275,false,תה ירוק סיני 1.5 ג 2,תה ויסוצקי,,תה ירוק סיני 1.5 ג 25 שק,יחידה,25.00,יחידה,false,1,24.90,0.9960,true,1,229741
7290006251282,false,תה גן הקסום חמוציות,תה ויסוצקי,,תה גן הקסום חמוציות קרנברי 2ג 25 שק,יחידה,25.00,יחידה,false,1,18.90,0.7560,true,1,229740
7290006251343,false,תה גן הקסום פסיפלורה,תה ויסוצקי,,תה גן הקסום פסיפלורה מנגו 2ג 25 ש,יחידה,25.00,יחידה,false,1,18.90,0.7560,true,1,230277
7290006251374,false,תה ירוק לימונית גינג,תה ויסוצקי,,תה ירוק לימונית גינגר 1.5 ג 25 שק,יחידה,25.00,יחידה,false,1,24.90,0.9960,true,1,230813
7290006251589,false,תה ירוק נענע 1.5 ג 5,תה ויסוצקי,IL,תה ירוק נענע,יחידה,50.00,יחידה,false,12,44.90,0.8980,true,1,229966
7290006256089,false,יין גאטו נגרו קבר.סו,,,יין גאטו נגרו קבר.סוביניון 750 מל פקדון,מיליליטרים,750.00,"100 מ""ל",false,1,40.00,5.3333,true,1,333929
7290006256102,false,יין גאטו נגרו מרלו כ,,,יין גאטו נגרו מרלו 750 מל פקדון,מיליליטרים,750.00,"100 מ""ל",false,1,40.00,5.3333,true,1,333928
7290006256140,false,יין פרודוטורי דל ברב,,,יין פרודוטורי דל ברברסקו לנגה נביולו 750,מיליליטרים,750.00,"100 מ""ל",false,1,129.00,17.2000,true,1,229796
7290006256164,false,יין קוסומאנו בנוארה,,,יין קוסומאנו בנוארה 750 מל פקדון,מיליליטרים,750.00,"100 מ""ל",false,1,95.00,12.6667,true,1,231105
7290006256584,false,יין וודברידג מרלו 75,,,יין וודברידג מרלו 750 מל פיקדון,מיליליטרים,750.00,"100 מ""ל",false,1,45.00,6.0000,true,1,245638
7290006256607,false,יין וודברידג שרדונה,,,יין וודברידג שרדונה 750 מל פקדון,מיליליטרים,750.00,"100 מ""ל",false,1,45.00,6.0000,true,1,245639
7290006256621,false,יין וודברידג רוזה 75,,,יין וודברידג רוזה 750 מל פקדון,מיליליטרים,750.00,"100 מ""ל",false,1,45.00,6.0000,true,1,245641
7290006271174,false,גחנון בצק 700 גרם,,,גחנון בצק 700 גרם,גרמים,700.00,100 גרם,false,1,19.90,2.8429,true,1,230171
7290006271181,false,גחנון אפוי 750 גרם,,,גחנון אפוי 750 גרם,גרמים,750.00,100 גרם,false,1,25.00,3.3333,true,1,230172
7290006271648,false,מיני בורקס תפוחי אדמ,,,מיני בורקס תפוחי אדמה 800 ג מוזל,גרמים,800.00,100 גרם,false,1,23.90,2.9875,true,1,232113
7290006271655,false,מיני בורקס גבינה 800,,,מיני בורקס גבינה 800 ג מוזל,גרמים,800.00,100 גרם,false,1,26.50,3.3125,true,1,232098
7290006271761,false,מיני גחנון אפוי 600,,,מיני גחנון אפוי 600 ג,גרמים,600.00,100 גרם,false,1,24.00,4.0000,true,1,232657
7290006272072,false,חטיפי פיצה גבינה 650,,,חטיפי פיצה גבינה 650 גר מוזל,גרמים,650.00,100 גרם,false,1,29.90,4.6000,true,1,235091
7290006272430,false,בצק עלים חמאה 600 גר,,,בצק עלים חמאה 600 גר,גרמים,600.00,100 גרם,false,1,15.90,2.6500,true,1,235677
7290006306159,false,לזניה 4 גבינות 500 ג,,,לזניה 4 גבינות 500 גר פסטנונה,גרמים,500.00,100 גרם,false,1,29.90,5.9800,true,1,229454
7290006306296,false,פסטה רביולי גבינה לי,,,פסטה רביולי גבינה לילדים 400 ג,גרמים,400.00,100 גרם,false,1,22.90,5.7250,true,1,239927
7290006306302,false,פסטה רביולי גבינה ופ,,,פסטה רביולי גבינה ופרמזן 400 ג,גרמים,400.00,100 גרם,false,1,22.90,5.7250,true,1,232638
7290006306319,false,פסטה רביולי בטטה 400,,,פסטה רביולי בטטה 400 ג,גרמים,400.00,100 גרם,false,1,22.90,5.7250,true,1,232639
7290006306326,false,פסטה רביולי פטריות 4,,,פסטה רביולי פטריות 400 ג,גרמים,400.00,100 גרם,false,1,22.90,5.7250,true,1,232640
7290006306333,false,פסטה רביולי תרד 400,,,פסטה רביולי תרד 400 ג,גרמים,400.00,100 גרם,false,1,22.90,5.7250,true,1,232642
7290006306340,false,פסטה ניוקי תפוחי אדמ,,,פסטה ניוקי תפוחי אדמה 400 ג,גרמים,400.00,100 גרם,false,1,19.90,4.9750,true,1,232643
7290006306357,false,פסטה רביולי גבינת עי,,,פסטה רביולי גבינת עיזים 400 ג,גרמים,400.00,100 גרם,false,1,22.90,5.7250,true,1,232641
7290006322104,false,לחם ריחיים קל פרוס 5,דוידוביץ,,לחם ריחיים קל פרוס 500 גר דוידוביץ,גרמים,500.00,100 גרם,false,1,11.90,2.3800,true,1,233360
7290006322111,false,מארז 6 לחמניות קלות,דוידוביץ,IL,לחמניות ריחיים קלות 75גרם 6 *,גרמים,450.00,100 גרם,false,6,10.90,2.4222,true,1,233361
7290006322838,false,לחם קמח מלא 100% 750,דוידוביץ,IL,לחם %100קמח מלא 750גרם,גרמים,750.00,100 גרם,false,1,12.90,1.7200,true,1,244242
7290006322968,false,לחם זיץ ברויט 1.200,דוידוביץ,IL,לחם זיץ ברויט 1.2קג,גרמים,1200.00,100 גרם,false,1,14.10,1.1750,true,1,251495
7290006342072,false,גרעין לבן ששון הקולה,"דין שיווק וקלייה בע""",,גרעין לבן 200 ג,גרמים,200.00,100 גרם,false,1,7.90,3.9500,true,1,231267
7290006342089,false,גרעין שחור 200 ג,"דין שיווק וקלייה בע""",IL,גרעין שחור 200,גרמים,200.00,100 גרם,false,25,4.90,2.4500,true,1,231266
7290006342447,false,גרעיני אבטיח 200 ג,"דין שיווק וקלייה בע""",IL,גרעין אבטיח 200,גרמים,200.00,100 גרם,false,25,16.00,8.0000,true,1,231269
7290006342515,false,תערובת מנצס ששון הקו,"דין שיווק וקלייה בע""",,תערובת מנצס 200 ג,גרמים,200.00,100 גרם,false,1,6.90,3.4500,true,1,231278
7290006357571,false,גבינת סמוקרלה מעושן,,,גבינת סמוקרלה מעושן במשקל פריסלנד,קילוגרמים,1.00,"ק""ג",true,,55.00,55.0000,true,1,345452
7290006362209,false,יין דרך ארץ ק.סוביני,,,יין דרך ארץ ק.סוביניון 750 מל פיקדון,מיליליטרים,750.00,"100 מ""ל",false,1,35.00,4.6667,true,1,230361
7290006374738,false,קונפיטורה תות שדה 34,,,קונפיטורה תות שדה 340 גר יד מרדכי,גרמים,340.00,100 גרם,false,1,13.90,4.0882,true,1,230950
7290006401373,false,אלסבון לגינייה שטיפה,,,אלסבון לגינייה שטיפה אינטימית אקטיב פרש,מיליליטרים,250.00,"100 מ""ל",false,1,34.90,13.9600,true,1,233988
7290006439031,false,שמן קנולה שוקחה 1 לי,,BE,שמן קנולה שוקחה 1 ליטר,ליטרים,1.00,ליטר,false,15,10.90,10.9000,true,1,333346
7290006439444,false,אורז בסמטי גולד 1 קג,צימאן לאל סאטיה-דלהי,IN,אורז בסמטי גולד 1 קג,קילוגרמים,1.00,"ק""ג",false,20,11.90,11.9000,true,1,315568
7290006439468,false,עדשים אדומות שוקחה 1,סוגת תעשיות בעמ,,עדשים אדומות שוקחה 1 קג,קילוגרמים,1.00,"ק""ג",false,1,13.90,13.9000,true,1,325691
7290006439475,false,עדשים ירוקת שוקחה 1,סוגת תעשיות בעמ,,עדשים ירוקת שוקחה 1 קג,קילוגרמים,1.00,"ק""ג",false,1,13.90,13.9000,true,1,325690
7290006439482,false,שעועית לבנה שוקחה 1,סוגת תעשיות בעמ,,שעועית לבנה שוקחה 1 קג,קילוגרמים,1.00,"ק""ג",false,1,13.90,13.9000,true,1,325689
7290006439598,false,פריקה שוקחה 800 גרם,בני ג'ורג' שוקחה חיפ,IL,פריקה שוקחה 800 גרם,גרמים,800.00,100 גרם,false,12,13.90,1.7375,true,1,307064
7290006439703,false,אפונה ירוקה חצאים שו,סוגת תעשיות בעמ,,אפונה ירוקה חצאים אדומות שוקחה 1 קג,קילוגרמים,1.00,"ק""ג",false,1,9.90,9.9000,true,1,325692
7290006439710,false,שעועית אדומה שוקחה 1,סוגת תעשיות בעמ,,שעועית אדומה שוקחה 1 קג,קילוגרמים,1.00,"ק""ג",false,1,13.90,13.9000,true,1,325771
7290006492432,false,מוצרלה בייבי 18% 15,מחלבות גד,IL,בייבי מוצרלה 18%,גרמים,150.00,100 גרם,false,12,15.90,10.6000,true,1,230448
7290006492616,false,גב.בולגרית 5% פרוסות,מחלבות גד,IL,בולגרית 5% פרוסות,גרמים,250.00,100 גרם,false,6,27.90,11.1600,true,1,232135
7290006492630,false,גבינת גליל עיזים 180,מחלבות גד,,גבינת גליל עיזים 180 גרם,גרמים,180.00,100 גרם,false,1,23.90,13.2778,true,1,232287
7290006492647,false,גבינת עיזים מטבעות,מחלבות גד,,גבינת עיזים מטבעות 22% 150 ג,גרמים,150.00,100 גרם,false,1,22.90,15.2667,true,1,232288
7290006492685,false,לבנה 5% עיזים 250 גר,מחלבות גד,,לבנה 5% עיזים 250 גר,גרמים,250.00,100 גרם,false,1,17.90,7.1600,true,1,232658
7290006492852,false,גבינת עיזים 5% לבנה,מחלבות גד,,גבינת עיזים 5% לבנה 250 גר,גרמים,250.00,100 גרם,false,1,17.90,7.1600,true,1,233099
7290006492913,false,לבנה ציזקי למריחה 5%,מחלבות גד,,לבנה ציזקי למריחה 5% 250 גר,גרמים,250.00,100 גרם,false,1,13.90,5.5600,true,1,233098
7290006494917,false,ופל שוקולד טוסו ללא,,,ופל שוקולד טוסו ללא סוכר 200 גר,גרמים,200.00,100 גרם,false,1,9.90,4.9500,true,1,230690
7290006494924,false,וופל לימון ללא סוכר,,,וופל לימון ללא סוכר מרמולייט 180 גר,גרמים,180.00,100 גרם,false,1,9.90,5.5000,true,1,230691
7290006511683,false,פולי סויה קפוא 454 ג,קו.אל.טי.די.קיאוניונ,,פולי סויה קפוא 454 גר,גרמים,454.00,100 גרם,false,1,10.00,2.2026,true,1,231646
7290006511904,false,גבינת אדם כדור במשקל,,AT,גבינת אדם כדור במשקל,קילוגרמים,1.00,"ק""ג",true,,69.00,69.0000,true,1,331044
7290006546425,false,תירס קלחונים קפוא 1,פרי גליל,,תירס קלחונים קפוא 1 קג פרי גליל,קילוגרמים,1.00,"ק""ג",false,1,14.90,14.9000,true,1,309065
7290006554017,false,עוגיות מרוקאית 500 ג,,,עוגיות מרוקאית 500 ג ארקד,גרמים,500.00,100 גרם,false,1,18.90,3.7800,true,1,232137
7290006554024,false,עוגיות תמרים 400 ג א,,,עוגיות תמרים 400 ג ארקד,גרמים,400.00,100 גרם,false,1,18.90,4.7250,true,1,232138
7290006554031,false,עוגיות אגוזים 400 ג,,,עוגיות אגוזים 400 ג ארקד,גרמים,400.00,100 גרם,false,1,18.90,4.7250,true,1,232139
7290006554055,false,עוגיות חלבה ביתיות 3,,,עוגיות חלבה ביתיות 300 ג,גרמים,300.00,100 גרם,false,1,18.90,6.3000,true,1,232596
7290006554062,false,עוגיות גרנולה 250 ג,,,עוגיות גרנולה 250 ג ארקד,גרמים,250.00,100 גרם,false,1,18.90,7.5600,true,1,240853
7290006554079,false,עוגיות גרנולה ללא סו,,,עוגיות גרנולה ללא סוכר 250 גר,גרמים,250.00,100 גרם,false,1,18.90,7.5600,true,1,242828
7290006554093,false,עוגיות סהרונים ביתיו,,,עוגיות סהרונים ביתיות 300 ג,גרמים,300.00,100 גרם,false,1,18.90,6.3000,true,1,232911
7290006554109,false,עוגיות רייף 300 גר א,,,עוגיות רייף 300 גר ארקד,גרמים,300.00,100 גרם,false,1,18.90,6.3000,true,1,242827
7290006554123,false,עוגיות שקדים 250 ג א,,,עוגיות שקדים 250 ג ארקד,גרמים,250.00,100 גרם,false,1,18.90,7.5600,true,1,240855
7290006554161,false,עוגיות משקפיים קינמו,,,עוגיות משקפיים 250 ג ארקד,גרמים,250.00,100 גרם,false,1,18.90,7.5600,true,1,250238
7290006554246,false,עוגיות משקפיים 250 ג,,,עוגיות משקפיים 250 ג ארקד,גרמים,250.00,100 גרם,false,1,18.90,7.5600,true,1,253601
7290006554260,false,עוגיות שושונים 250 ג,,,עוגיות שושונים 250 ג ארקד,גרמים,250.00,100 גרם,false,1,18.90,7.5600,true,1,253600
7290006554710,false,עוגיות מקלות מלוח 40,,,עוגיות מקלות מלוח 400 גר,גרמים,400.00,100 גרם,false,1,16.90,4.2250,true,1,240895
7290006562012,false,כפפות הנדי דה לוקס ב,,,כפפות הנדי דה לוקס בינוני,Unknown,0.00,Unknown,false,1,13.50,0.0000,true,1,230354
7290006562906,false,סטיק הודו וכבש פרמיו,,,סטיק הודו וכבש פרמיו 15 גר,יחידה,1.00,יחידה,false,35,6.90,6.9000,true,1,346800
7290006567048,false,פתיתי אסם קוסקוס ישר,קוסקוס,IL,פתיתי אסם קוסקוס ישראלי 350 ג בדץ,גרמים,350.00,100 גרם,false,12,7.90,2.2571,true,1,231621
7290006578006,false,גבינת גורגונזולה פיק,,IT,גבינת גורגונזולה פיקנטה במשקל נטו,קילוגרמים,1.00,"ק""ג",true,,129.00,129.0000,true,1,331681
7290006578068,false,גבינת פיור פרפקשן הנ,,NL,גבינת פיור פרפקשן הנרי וויליך במשקל,קילוגרמים,1.00,"ק""ג",true,,179.00,179.0000,true,1,336787
7290006578266,false,גבינת פיור גולד הנרי,,NL,גבינת פיור גולד הנרי וויליך במשקל,קילוגרמים,1.00,"ק""ג",true,,179.00,179.0000,true,1,336788
7290006578464,false,גבינת רוקפור פאפיון,,FR,גבינת רוקפור פאפיון במשקל,קילוגרמים,1.00,"ק""ג",true,,249.00,249.0000,true,1,337222
7290006578648,false,גבינת בושה מפוחם במש,איסיני סנט מור,FR,גבינת בושה מפוחם במשקל,קילוגרמים,1.00,"ק""ג",true,,179.00,179.0000,true,1,331683
7290006578655,false,גבינת גלוריוס עיזים,,NL,גבינת גלוריוס עיזים הנרי וויליך במשקל,קילוגרמים,1.00,"ק""ג",true,,189.00,189.0000,true,1,336785
7290006578662,false,גבינת פלורט במשקל,,FR,גבינת פלורט במשקל,קילוגרמים,1.00,"ק""ג",true,,199.00,199.0000,true,1,344969
7290006578853,false,גבינת טרמנדס כמהין ה,,NL,גבינת טרמנדס כמהין הנרי וויליך במשקל,קילוגרמים,1.00,"ק""ג",true,,189.00,189.0000,true,1,336786
7290006582355,false,סילאן שקדיה 900 גר,טעמי הגליל,,סילאן 900 גר,גרמים,900.00,100 גרם,false,1,11.90,1.3222,true,1,238374
7290006582799,false,גינגר מיובש 200 ג בק,"דין שיווק וקלייה בע""",,גינגר מיובש 200 ג,גרמים,200.00,100 גרם,false,1,12.90,6.4500,true,1,232649
7290006618078,false,אסטוניש מרסס לניקוי,אסטוניש,GB,אסטוניש מרסס צהוב למטבח,Unknown,0.00,Unknown,false,12,13.90,0.0000,true,1,231592
7290006618085,false,אסטוניש מרסס לניקוי,אסטוניש,GB,אסטוניש מרסס כחול לאמבט,מיליליטרים,750.00,"100 מ""ל",false,12,13.90,1.8533,true,1,231591
7290006618146,false,הפי נוזל מדליק פחמים,Dutch Flame,,הפי נוזל מדליק פחמים 500 מל,מיליליטרים,500.00,"100 מ""ל",false,1,15.90,3.1800,true,1,231584
7290006618610,false,ספוגיות כלים הפי 6 י,פלספק,,ספוגיות כלים הפי 6 יח בשרי/חלבי,Unknown,0.00,Unknown,false,1,10.90,0.0000,true,1,233211
7290006618665,false,מטלית גילדה לרכב הפי,סיפי קנג,TW,הפי מטלית גילדה לרכב,יחידה,1.00,יחידה,false,25,24.90,24.9000,true,1,250191
7290006636638,false,יין אמפורה ריטון 75,,,יין אמפורה 2006/5 רוזה אורג 750 מל פקדון,Unknown,0.00,Unknown,false,6,110.00,0.0000,true,1,345233
7290006636775,false,יין מד רד אמפורה 750,,,יין מד רד אמפורה 750 מל,מיליליטרים,750.00,"100 מ""ל",false,1,85.00,11.3333,true,1,345236
7290006644480,false,משקה תפוזינה תפוזים,יפאורה,IL,משקה תפוזינה תפוזים 500 מל פקדון,מיליליטרים,500.00,"100 מ""ל",false,24,7.90,1.5800,true,1,306682
7290006644510,false,משקה תפוזינה ענבים 5,יפאורה,IL,משקה תפוזינה ענבים 500 מל פקדון,מיליליטרים,500.00,"100 מ""ל",false,24,7.90,1.5800,true,1,306684
7290006644527,false,משקה תפוזינה תות בננ,יפאורה,IL,משקה תפוזינה תות בננה 500 מל פקדון,מיליליטרים,500.00,"100 מ""ל",false,24,7.90,1.5800,true,1,306686
7290006644626,false,משקה קל ספרינג פירות,יפאורה,IL,משקה קל ספרינג פירות טרופיים 1.5 ל,ליטרים,1.50,ליטר,false,12,8.60,5.7333,true,1,230841
7290006651570,false,אלסבון/שמפו קמיל בלו,פישר תעשיות,,אלסבון/שמפו קמיל בלו צמחא מרפא 750 מל,מיליליטרים,750.00,"100 מ""ל",false,1,18.90,2.5200,true,1,234595
7290006653765,false,פסטה פרפקטו פטוציני,זארה,IT,פסטה פרפקטו פטוציני 500 ג,גרמים,500.00,100 גרם,false,15,7.50,1.5000,true,1,232539
7290006653819,false,קוסקוס אסם אמיתי דק,קוסקוס,IL,קוסקוס אסם אמיתי דק בשקית 350 גרם,גרמים,350.00,100 גרם,false,12,7.90,2.2571,true,1,231401
7290006653857,false,חטיף תפוא ארנבונים 4,"אסם תעשיות בע""מ",,חטיף תפוא ארנבונים 40 ג,גרמים,40.00,100 גרם,false,1,4.90,12.2500,true,1,231622
7290006660022,false,נוזל ניקוי רב תכליתי,,,נוזל ניקוי רב תכליתי אקולוגי 1ל,ליטרים,1.00,ליטר,false,1,14.90,14.9000,true,1,236876
7290006660053,false,מסיר אבנית לקומקום,,,מסיר אבנית לקומקום אקולוגי 1ל,ליטרים,1.00,ליטר,false,1,13.90,13.9000,true,1,237318
7290006660107,false,אבקת הלבנה אקולוגי 5,,,אבקת הלבנה אקולוגי 500 גר,גרמים,500.00,100 גרם,false,1,17.90,3.5800,true,1,238147
7290006660145,false,מרכך כביסה מרוכז אקו,,,מרכך כביסה מרוכז אקופרנד אביבי,ליטרים,1.00,ליטר,false,1,19.90,19.9000,true,1,250684
7290006660220,false,מנקה רב תכליתי אקופר,אקופרנד,,מנקה רב תכליתי אקופרנד 750מל,מיליליטרים,750.00,"100 מ""ל",false,1,16.90,2.2533,true,1,317597
7290006660268,false,מרכך כביסה מרוכז אקו,,,מרכך כביסה מרוכז אקופרנד מאסק 1ליטר,ליטרים,1.00,ליטר,false,1,19.90,19.9000,true,1,325488
7290006660381,false,מנקה פירות וירקות 75,,,מנקה פירות וירקות 750 מ ל אקופרנד,מיליליטרים,750.00,"100 מ""ל",false,1,19.90,2.6533,true,1,239234
7290006660596,false,קמח עדשים אדומות דגש,דגש,IL,קמח עדשים אדומות דגש 500 גר,גרמים,500.00,100 גרם,false,15,17.90,3.5800,true,1,325650
7290006660602,false,מי קוקוס אורני גרין,גרין,VN,מי קוקוס אורני גרין קוקו 1 לי,ליטרים,1.00,ליטר,false,12,19.90,19.9000,true,1,325648
7290006660640,false,קמח טף דגש 500 גר,דגש,IL,קמח טף דגש 500 גר,גרמים,500.00,100 גרם,false,15,19.90,3.9800,true,1,325651
7290006664532,false,דנונה פרי 3% תות 150,,,דנונה פרי 3% תות 150 גר,גרמים,150.00,100 גרם,false,1,3.70,2.4667,true,1,230864
7290006664693,false,דנונה פרי 3% אפרסק 1,,,דנונה פרי 3% אפרסק 150 גר,גרמים,150.00,100 גרם,false,1,3.70,2.4667,true,1,230961
7290006664990,false,מארז 8 דנונה ביו פרו,,,מארז 8 דנונה ביו פרויובוטי 1.7%,גרמים,1.00,100 גרם,false,1,18.20,1820.0000,true,1,231844
7290006666307,false,סלט חומוס 300 ג משני,,,סלט חומוס 300 ג משני,גרמים,300.00,100 גרם,false,1,14.10,4.7000,true,1,232061
7290006666314,false,סלט טחינה 300 ג משני,,,סלט טחינה 300 ג משני,גרמים,300.00,100 גרם,false,1,14.10,4.7000,true,1,232062
7290006666338,false,סלט טחינה ירוקה 300,,,סלט טחינה ירוקה 300 ג משני,גרמים,300.00,100 גרם,false,1,15.20,5.0667,true,1,232064
7290006666345,false,סלט חציל במיונז 300,,,סלט חציל במיונז 300 ג משני,גרמים,300.00,100 גרם,false,1,21.20,7.0667,true,1,232065
7290006666352,false,סלט חציל בטחינה 300,,,סלט חציל בטחינה 300 ג משני,גרמים,300.00,100 גרם,false,1,21.20,7.0667,true,1,232066
7290006666406,false,סלט חציל טבעי 300 ג,,,סלט חציל טבעי 300 ג משני,גרמים,300.00,100 גרם,false,1,23.20,7.7333,true,1,232069
7290006666413,false,סלט כרוב שוודי 300 ג,,,סלט כרוב שוודי 300 ג משני,גרמים,300.00,100 גרם,false,1,17.10,5.7000,true,1,232070
7290006666420,false,סלט כרוב קולסלו אמרי,,,סלט כרוב קולסלו אמריקאי 300 ג משני,גרמים,300.00,100 גרם,false,1,17.10,5.7000,true,1,232071
7290006666437,false,סלט טורקי 300 ג משני,,,סלט טורקי 300 ג משני,גרמים,300.00,100 גרם,false,1,17.10,5.7000,true,1,232072
7290006666444,false,סלט מטבוחה 300 ג משנ,,,סלט מטבוחה 300 ג משני,גרמים,300.00,100 גרם,false,1,21.50,7.1667,true,1,232073
7290006666451,false,סלט סלסה פלפל 300 ג,,,סלט סלסה פלפל 300 ג משני,גרמים,300.00,100 גרם,false,1,19.90,6.6333,true,1,232074
7290006666468,false,סלט גזר בלימון 300 ג,,,סלט גזר בלימון 300 ג משני,גרמים,300.00,100 גרם,false,1,21.20,7.0667,true,1,232075
7290006666475,false,סלט תפוח אדמה רוסי 3,,,סלט תפוח אדמה רוסי 300 ג משני,גרמים,300.00,100 גרם,false,1,17.10,5.7000,true,1,232076
7290006666529,false,סלט פלפל מרוקאי 300,,,סלט פלפל מרוקאי 300 גר,גרמים,300.00,100 גרם,false,1,20.90,6.9667,true,1,234815
7290006681003,false,גל.קרמיסימו תות לימו,"גלידת שטראוס בע""מ",,גל.קרמיסימו תות לימון 1.33 ל,ליטרים,1.33,ליטר,false,1,22.90,17.2180,true,1,230698
7290006681089,false,מאגדת שטראוס לייט מי,"גלידת שטראוס בע""מ",,מאגדת שטראוס לייט מיני סנדוויץ 10 יח,גרמים,250.00,100 גרם,false,1,28.90,11.5600,true,1,230865
7290006681553,false,קרמבו וניל 8 יח שטרא,"גלידת שטראוס בע""מ",IL,קרמבו 1/8 וניל יצוא,Unknown,0.00,Unknown,false,16,15.90,0.0000,true,1,231450
7290006681560,false,קרמבו מוקה 8 יח שטרא,"גלידת שטראוס בע""מ",,קרמבו מוקה 8 יח שטראוס,Unknown,0.00,Unknown,false,1,15.90,0.0000,true,1,231451
7290006681577,false,מאגדת אסקימו 10יחידו,"גלידת שטראוס בע""מ",,מאגדת אסקימו 10יחידות,יחידה,10.00,יחידה,false,1,14.90,1.4900,true,1,230930
7290006681980,false,גל.קרמיסימו פסיפלורה,"גלידת שטראוס בע""מ",,גל.קרמיסימו פסיפלורה ופרי יער 1.33ליטר,ליטרים,1.33,ליטר,false,1,22.90,17.2180,true,1,232191
7290006712684,false,דאו.ספיד סטיק כחול 2,,,דאו.ספיד סטיק כחול 24/7,Unknown,0.00,Unknown,false,1,18.90,0.0000,true,1,324407
7290006712981,false,משחת שיניים קולגייט,CP-Poland swidnica,PL,משחת שיניים קולגייט ילדים 100 גרם,גרמים,100.00,100 גרם,false,12,12.90,12.9000,true,1,230185
7290006721839,false,דג הרינג מלוח בואקום,,IL,דג הרינג מלוח בואקום,קילוגרמים,1.00,"ק""ג",true,,32.00,32.0000,true,1,342405
7290006724182,false,ביצי שליו טריות 20יח,,IL,ביצי שליו טריות 20יחידות ליב,יחידה,18.00,יחידה,false,12,22.90,1.2722,true,1,333850
7290006724472,false,טחינה אורגנית 500 גר,,,טחינה אורגנית 500 גר ליב,גרמים,500.00,100 גרם,false,1,17.90,3.5800,true,1,235463
7290006730947,false,צמר גפן מתוק בדלי 80,,IL,צמר גפן מתוק בדלי 80 גר,Unknown,0.00,Unknown,false,12,11.90,0.0000,true,1,347618
7290006739247,false,פסטרמה איטלקית במשקל,,IL,פסטרמה איטלקית במשקל,קילוגרמים,1.00,"ק""ג",true,,69.00,69.0000,true,1,345581
7290006739346,false,נקניקיות פרגיות 400,,IL,נקניקיות פרגיות 400 גר וואקום,גרמים,400.00,100 גרם,false,8,10.90,2.7250,true,1,345606
7290006739407,false,שניצל טבע תירס לייט,,IL,שניצל טבע תירס לייט 630 גר,גרמים,630.00,100 גרם,false,1,24.90,3.9524,true,1,345607
7290006739445,false,שניצל טבע תירס קלאסי,,IL,שניצל טבע תירס קלאסי 750 גרם,גרמים,750.00,100 גרם,false,12,24.90,3.3200,true,1,345608
7290006744418,false,יין שיראז רזרב 2009,,,יין שיראז רזרב 2009 מוני 750 מל פיקדון,מיליליטרים,750.00,"100 מ""ל",false,1,80.00,10.6667,true,1,241897
7290006744425,false,יין קברנה סוביניון ס,,,יין קברנה סוביניון סדרת אם 750מל פקדון,מיליליטרים,750.00,"100 מ""ל",false,1,40.00,5.3333,true,1,243559
7290006744456,false,יין מרלו סדרת אם 750,,,יין מרלו סדרת אם 750מל פקדון מוני,מיליליטרים,750.00,"100 מ""ל",false,1,40.00,5.3333,true,1,243560
7290006744487,false,יין מוני שמשון 750 מ,,,יין מוני שמשון 750 מל פקדון,מיליליטרים,750.00,"100 מ""ל",false,1,135.00,18.0000,true,1,243950
7290006744593,false,יין מוני גוורצטרמינר,,,יין מוני גוורצטרמינר 750מל פיקדון,מיליליטרים,750.00,"100 מ""ל",false,1,60.00,8.0000,true,1,239837
7290006744678,false,יין קלאסיק ריזלינג י,,,יין קלאסיק ריזלינג יבש 750 מל פקדון,מיליליטרים,750.00,"100 מ""ל",false,1,35.00,4.6667,true,1,238579
7290006744760,false,יין מוני נחל קלרט 75,,,יין מוני נחל קלרט 750מל פיקדון,מיליליטרים,750.00,"100 מ""ל",false,1,60.00,8.0000,true,1,254250
7290006744814,false,יין קברנה רזרב 2009,,,יין קברנה רזרב 2009 מוני 750 מל פיקדון,מיליליטרים,750.00,"100 מ""ל",false,1,80.00,10.6667,true,1,241899
7290006744838,false,יין מוני דלילה 750 מ,,,יין מוני דלילה 750 מל פקדון,מיליליטרים,750.00,"100 מ""ל",false,1,135.00,18.0000,true,1,243951
7290006744869,false,יין מוני נחל סירה 75,יקב מוני,,יין מוני נחל סירה 750 מל,מיליליטרים,750.00,"100 מ""ל",false,1,60.00,8.0000,true,1,308348
7290006744913,false,יין מוני נחל קאלדוק,,,יין מוני נחל קאלדוק רוזה 750 מל,מיליליטרים,750.00,"100 מ""ל",false,1,60.00,8.0000,true,1,345801
7290006744920,false,יין שרדונה רזרב 2010,,,יין שרדונה רזרב 2010 מוני 750 מל פיקדון,מיליליטרים,750.00,"100 מ""ל",false,1,80.00,10.6667,true,1,241900
7290006744937,false,יין פטיט סירה רזרב מ,,,יין פטיט סירה רזרב מוני 750 מל,מיליליטרים,750.00,"100 מ""ל",false,6,80.00,10.6667,true,1,339453
7290006744968,false,יין ריזלינג מוני חצ,,,יין ריזלינג מוני חצי יבש 750מל פקדון,מיליליטרים,750.00,"100 מ""ל",false,1,35.00,4.6667,true,1,242538
7290006745019,false,יין מוסקט אדום סדרת,,,יין מוסקט אדום סדרת אם 750מל פקדון,מיליליטרים,750.00,"100 מ""ל",false,1,40.00,5.3333,true,1,244611
7290006745026,false,יין מוסקט לבן סדרת א,,,יין מוסקט לבן סדרת אם 750מל פקדון,מיליליטרים,750.00,"100 מ""ל",false,1,40.00,5.3333,true,1,244612
7290006745033,false,יין סמיון שרדונה סדר,,,יין סמיון שרדונה סדרת אם 750מל פקדון,מיליליטרים,750.00,"100 מ""ל",false,1,40.00,5.3333,true,1,244613
7290006745040,false,יין קולומבארד סדרת א,,,יין קולומבארד סדרת אם 750מל פקדון,מיליליטרים,750.00,"100 מ""ל",false,1,40.00,5.3333,true,1,244614
7290006764270,false,מארז 4יח סודה אשכולי,,IL,מארז 4יח סודה אשכולית אדומה1.5ל בק.פקדון,ליטרים,6.00,ליטר,false,1,11.90,1.9833,true,1,346198
7290006765000,false,טורטיה טורטילס קמח מ,מוטלוקל,TR,טורטיה טורטילס קמח מלא 8 יח 360 גר,גרמים,540.00,100 גרם,false,1,10.90,2.0185,true,1,238259
7290006766014,false,קוקוס מיובש 160 גרם,,,קוקוס רצועות מיובש 160 גרם בקופסא,גרמים,160.00,100 גרם,false,1,16.90,10.5625,true,1,232650
7290006784018,false,מילוי מכשיר מטהר אוי,,,מילוי מכשיר מטהר אויר אימגיין בלה 250מ,מיליליטרים,250.00,"100 מ""ל",false,12,11.90,4.7600,true,1,346234
7290006784186,false,כפפות עלמה ניטרל שחו,,,כפפות עלמה ניטרל שחור ל.אבקה לארג 100יח,יחידה,100.00,יחידה,false,10,21.90,0.2190,true,1,345915
7290006784193,false,כפפות עלמה ניטרל שחו,,,כפפות עלמה ניטרל שחור ל.אבקה מדיום 100יח,יחידה,100.00,יחידה,false,10,21.90,0.2190,true,1,345916
7290006784230,false,כפפות עלמה ניטרל שחו,,,כפפות עלמה ניטרל שחור ל.אבקה סמול 100יח,יחידה,100.00,יחידה,false,10,21.90,0.2190,true,1,345917
7290006784308,false,מבשם אוויר 400מל ניח,,TR,מבשם אוויר 400מל ניחוח חופשה בפרובנס,מיליליטרים,400.00,"100 מ""ל",false,12,9.90,2.4750,true,1,342422
7290006784339,false,תרסיס לניקוי רהיטים,,IL,תרסיס לניקוי רהיטים 300מל סנט מוריץ,מיליליטרים,300.00,"100 מ""ל",false,12,9.90,3.3000,true,1,330126
7290006784346,false,קצף לניקוי שטיחים,,IL,קצף לניקוי שטיחים 630 מל סנט מוריץ,מיליליטרים,630.00,"100 מ""ל",false,12,14.90,2.3651,true,1,330127
7290006784360,false,נוזל חלונות סנט מורי,,IL,נוזל חלונות סנט מוריץ 1 ליטר,ליטרים,1.00,ליטר,false,15,5.90,5.9000,true,1,328897
7290006784414,false,מבשם כביסה 500מל בני,,TR,מבשם כביסה 500מל בניחוח מלון ספא,מיליליטרים,500.00,"100 מ""ל",false,12,12.90,2.5800,true,1,342417
7290006784421,false,כפפות עלמה ניטרל שחו,,,כפפות עלמה ניטרל שחור ללא אבקה 100יח,יחידה,100.00,יחידה,false,10,21.90,0.2190,true,1,345914
7290006784438,false,מרכך כביסה פיור לאב,,TR,מרכך כביסה פיור לאב לבן 1ליטר,ליטרים,1.00,ליטר,false,12,10.90,10.9000,true,1,345911
7290006784452,false,מבשם כביסה 500מל בני,,TR,מבשם כביסה 500מל בניחוח מלון רויאל,מיליליטרים,500.00,"100 מ""ל",false,12,12.90,2.5800,true,1,342419
7290006784469,false,מבשם אוויר 400מל ניח,,TR,מבשם אוויר 400מל ניחוח חופשה במיקונוס,מיליליטרים,400.00,"100 מ""ל",false,12,9.90,2.4750,true,1,342424
7290006784483,false,מבשם אוויר 400מל ניח,,TR,מבשם אוויר 400מל ניחוח חופשה סנט מוריץ,מיליליטרים,400.00,"100 מ""ל",false,12,9.90,2.4750,true,1,342423
7290006784551,false,קוטל מעופפים 365סמק,,IL,קוטל מעופפים 365סמק סנט מוריץ,מיליליטרים,365.00,"100 מ""ל",false,12,15.90,4.3562,true,1,330763
7290006784575,false,מילוי מכשיר מטהר אוי,,,מילוי מכשיר מטהר אויר פאשיין לואי 250מל,מיליליטרים,250.00,"100 מ""ל",false,12,11.90,4.7600,true,1,346239
7290006784599,false,מילוי מכשיר מטהר אוי,,,מילוי מכשיר מטהר אויר פאשיין יו יו 250מל,מיליליטרים,250.00,"100 מ""ל",false,12,11.90,4.7600,true,1,346236
7290006784643,false,מילוי מכשיר מטהר אוי,,,מילוי מכשיר מטהר אויר פאשיין רוז 250מל,מיליליטרים,250.00,"100 מ""ל",false,12,11.90,4.7600,true,1,346235
7290006784865,false,מתז לניקוי מטבחים 1,,IL,מתז לניקוי מטבחים 1 ליטר מרוכז סנט מוריץ,ליטרים,1.00,ליטר,false,15,10.90,10.9000,true,1,330756
7290006788030,false,שמפו קרליין שליטה על,,,שמפו קרליין שליטה על תלתלים 700 מל,מיליליטרים,700.00,"100 מ""ל",false,1,12.90,1.8429,true,1,230199
7290006788061,false,מרכך קרליין לשיער רג,,,מרכך קרליין לשיער רגיל 700 מל,מיליליטרים,700.00,"100 מ""ל",false,1,12.90,1.8429,true,1,230201
7290006788078,false,10מרכך 700 מל יבש,,,מרכך קרליין לשיער יבש 700 מל,מיליליטרים,700.00,"100 מ""ל",false,1,12.90,1.8429,true,1,230202
7290006788405,false,קרליין דאו רול און י,,,קרליין דאו רול און ירוק 75 מל,מיליליטרים,75.00,"100 מ""ל",false,1,12.90,17.2000,true,1,230633
7290006788429,false,קרליין דאו רול און כ,,,קרליין דאו רול און כתום 75 מל,מיליליטרים,75.00,"100 מ""ל",false,1,12.90,17.2000,true,1,230635
7290006788436,false,קרליין דאו רול און ו,,,קרליין דאו רול און ורוד 75 מל,מיליליטרים,75.00,"100 מ""ל",false,1,12.90,17.2000,true,1,230636
7290006788443,false,קרליין דאו רול און ס,,,קרליין דאו רול און סגול 75 מל,מיליליטרים,75.00,"100 מ""ל",false,1,12.90,17.2000,true,1,230637
7290006788450,false,דאו קרליין ספאיי נוש,,,דאו קרליין ספאיי נושם טורקיז 200 מל,מיליליטרים,200.00,"100 מ""ל",false,1,12.90,6.4500,true,1,230624
7290006788467,false,דאו קרליין ספריי נוש,,,דאו קרליין ספריי נושם ירוק 200 מל,מיליליטרים,200.00,"100 מ""ל",false,1,12.90,6.4500,true,1,230625
7290006788481,false,דאו קרליין ספריי נוש,,,דאו קרליין ספריי נושם כתום 200 מל,מיליליטרים,200.00,"100 מ""ל",false,1,12.90,6.4500,true,1,230627
7290006788498,false,דאו.קרליין ספריי נוש,,,דאו.קרליין ספריי נושם ורוד 200 מל,מיליליטרים,200.00,"100 מ""ל",false,1,12.90,6.4500,true,1,230628
7290006788504,false,דאו קרליין ספריי נוש,,,דאו קרליין ספריי נושם סגול 200 מל,מיליליטרים,200.00,"100 מ""ל",false,1,12.90,6.4500,true,1,230629
7290006788559,false,דאודורנט טיטניום בלו,סנו,,דאודורנט טיטניום בלו ספריי 180 מל,מיליליטרים,180.00,"100 מ""ל",false,1,17.90,9.9444,true,1,310630
7290006789617,false,קרם לחות 10 לשיער מת,,,קרם לחות 10 לשיער מתולתל 400 מל,מיליליטרים,400.00,"100 מ""ל",false,1,17.90,4.4750,true,1,231246
7290006789624,false,קרם לחות 10 לשיער צב,,,קרם לחות 10 לשיער צבוע 400 מל,מיליליטרים,400.00,"100 מ""ל",false,1,17.90,4.4750,true,1,231245
7290006789631,false,קרם לחות 10 לשיער רג,,,קרם לחות 10 לשיער רגיל 400 מל,מיליליטרים,400.00,"100 מ""ל",false,1,17.90,4.4750,true,1,231244
7290006789648,false,קרם לחות 10 לשיער יב,,,קרם לחות 10 לשיער יבש 400 מל,מיליליטרים,400.00,"100 מ""ל",false,1,17.90,4.4750,true,1,231242
7290006789655,false,קרם לחות 10 לשיער חל,,,קרם לחות 10 לשיער חלק/גלי 400 מל,מיליליטרים,400.00,"100 מ""ל",false,1,17.90,4.4750,true,1,231243
7290006791870,false,גל אקסטרים לעיצוב חז,,,גל אקסטרים לעיצוב חזק 500 מל,גרמים,500.00,100 גרם,false,1,19.90,3.9800,true,1,234556
7290006804570,false,לחמניה פרנה מרוקאית,פילסברי,,לחמניה פרנה מרוקאית אפוי קפוא,Unknown,0.00,Unknown,false,1,5.90,0.0000,true,1,314705
7290006805355,false,תערובת לכדורי שוקולד,,,תערובת לכדורי שוקולד 517 גרם,גרמים,517.00,100 גרם,false,1,18.90,3.6557,true,1,231519
7290006805379,false,שליש בגט רגיל,פילסברי,,שליש בגט רגיל,Unknown,0.00,Unknown,false,1,2.50,0.0000,true,1,311404
7290006805386,false,שליש בגט כפרי,פילסברי,,שליש בגט כפרי,Unknown,0.00,Unknown,false,1,2.50,0.0000,true,1,311405
7290006805850,false,תערובת לפנקיק 400 ג,,,תערובת לפנקיק 400 ג פילסברי,גרמים,400.00,100 גרם,false,1,18.90,4.7250,true,1,232090
7290006822192,false,משקה חמוציות דיאט או,פריגת,IL,פריגת דיאטאושןספריחמוציות,ליטרים,1.00,ליטר,false,12,11.90,11.9000,true,1,230828
7290006822857,false,בירה דיאט מאלטי בק 1,קרלסברג ישראל,IL,דיאט מאלטי 1.5,ליטרים,1.50,ליטר,false,12,8.60,5.7333,true,1,232133
7290006836335,false,גבינת ברי כמהין במשק,,IL,גבינת ברי כמהין במשקל משק שוורץ,קילוגרמים,1.00,"ק""ג",true,,199.00,199.0000,true,1,333459
7290006836441,false,גבינת ברי פחם תאנים,,IL,גבינת ברי פחם תאנים במשקל משק שוורץ,קילוגרמים,1.00,"ק""ג",true,,199.00,199.0000,true,1,333461
7290006836465,false,גבינת ברי כתום במשקל,,IL,גבינת ברי כתום במשקל משק שוורץ,קילוגרמים,1.00,"ק""ג",true,,199.00,199.0000,true,1,333462
7290006855183,false,חטיף ברבריא תמר אגוז,טבעית מוצרים מן הטבע,,חטיף ברבריא תמר אגוז 4 יח 120 גר,גרמים,120.00,100 גרם,false,1,16.90,14.0833,true,1,252745
7290006855190,false,חטיף ברבריא תמר ובננ,טבעית מוצרים מן הטבע,,חטיף ברבריא תמר ובננה 4 יח 120 גר,גרמים,120.00,100 גרם,false,1,16.90,14.0833,true,1,332549
7290006855206,false,חטיף ברבריא שזיף קוק,טבעית מוצרים מן הטבע,,חטיף ברבריא שזיף קוקוס 4 יח 120 גר,גרמים,120.00,100 גרם,false,1,16.90,14.0833,true,1,252744
7290006855244,false,חטיף ברבריא אגוז וצי,טבעית מוצרים מן הטבע,,חטיף ברבריא אגוז וצימוק 4 יח 108 גר,גרמים,108.00,100 גרם,false,1,16.90,15.6481,true,1,252742
7290006855251,false,חטיף ברבריא קשיו חמו,טבעית מוצרים מן הטבע,,חטיף ברבריא קשיו חמוציות 4 יח 108 גר,גרמים,108.00,100 גרם,false,1,16.90,15.6481,true,1,252743
7290006855404,false,חטיף ברבריא בייטס תמ,טבעית מוצרים מן הטבע,IL,חטיף ברבריא בייטס תמר שקד פיסטוק 55 גר,Unknown,0.00,Unknown,false,12,6.90,0.0000,true,1,342074
7290006855428,false,חטיף ברבריא בייטס תמ,טבעית מוצרים מן הטבע,IL,חטיף ברבריא בייטס תמר לוז קשיו 55 גר,Unknown,0.00,Unknown,false,12,6.90,0.0000,true,1,342075
7290006855435,false,חטיף ברבריא בייטס תמ,טבעית מוצרים מן הטבע,IL,חטיף ברבריא בייטס תמר שקד קוקוס 55 גר,Unknown,0.00,Unknown,false,12,6.90,0.0000,true,1,342076
7290006899088,false,תה סרמוני ירוק נענע,תה סרמוני בעמ,,תה סרמוני ירוק נענע 20 יח,יחידה,20.00,יחידה,false,1,16.90,0.8450,true,1,307080
7290006899187,false,תה סרמוני לימונית לו,תה סרמוני בעמ,,תה סרמוני לימונית לואיזה 20יח,יחידה,20.00,יחידה,false,1,16.90,0.8450,true,1,307081
7290006899217,false,תה סרמוני אינגלש ברק,תה סרמוני בעמ,IL,תה סרמוני אינגלש ברקפסט 20 יח,יחידה,20.00,יחידה,false,6,16.90,0.8450,true,1,307071
7290006899224,false,תה סרמוני ירוק יסמין,תה סרמוני בעמ,IL,תה סרמוני ירוק יסמין 20 יח,יחידה,20.00,יחידה,false,6,16.90,0.8450,true,1,342669
7290006899255,false,תה סרמוני ארל גריי 2,תה סרמוני בעמ,,תה סרמוני ארל גריי 20 יח,יחידה,20.00,יחידה,false,1,16.90,0.8450,true,1,307072
7290006899262,false,תה סרמוני גינגר אפרס,תה סרמוני בעמ,IL,תה סרמוני גינגר אפרסק 20 יח,יחידה,20.00,יחידה,false,6,16.90,0.8450,true,1,327646
7290006899293,false,תה סרמוני צאי הודי 2,תה סרמוני בעמ,IL,תה סרמוני צאי הודי 20 יח,יחידה,20.00,יחידה,false,6,16.90,0.8450,true,1,307073
7290006899316,false,תה סרמוני ירוק סנצה,תה סרמוני בעמ,IL,תה סרמוני ירוק סנצה 20 יח,יחידה,20.00,יחידה,false,6,16.90,0.8450,true,1,307076
7290006899354,false,תה סרמוני פרחי קמומי,תה סרמוני בעמ,IL,תה סרמוני פרחי קמומיל 20 יח,יחידה,20.00,יחידה,false,6,16.90,0.8450,true,1,307074
7290006920355,false,גבינת מוצרלה במשקל כ,,IL,גבינת מוצרלה במשקל כפיר,קילוגרמים,1.00,"ק""ג",true,,39.00,39.0000,true,1,334653
7290006920836,false,צהובה טובה מעושנת 35,,IL,צהובה טובה מעושנת 350 גרם פרוס,גרמים,350.00,100 גרם,false,1,11.90,3.4000,true,1,322235
7290006920843,false,צהובה טובה מוצרלה 35,,IL,צהובה טובה מוצרלה 350 גרם פרוס,גרמים,350.00,100 גרם,false,1,11.90,3.4000,true,1,322236
7290006942166,false,רפידת לטקס גל,,,רפידת לטקס גל,Unknown,0.00,Unknown,false,1,75.00,0.0000,true,1,309715
7290006942210,false,גרבי במבוק אנטיבקטרי,,,גרבי במבוק אנטיבקטריאלי 2 זוגות,Unknown,0.00,Unknown,false,1,64.90,0.0000,true,1,339285
7290006960016,false,סלט מיקס פטריות במשק,מאמא מרי,,סלט מיקס פטריות במשקל,קילוגרמים,1.00,"ק""ג",true,,75.00,75.0000,true,1,312247
7290006960023,false,כרוב כבוש 750 גרם,מאמא מרי,,כרוב כבוש 750 גרם,גרמים,750.00,100 גרם,false,1,19.90,2.6533,true,1,250267
7290006960085,false,עגבניות ירוקות במשקל,מאמא מרי,,עגבניות ירוקות במשקל,קילוגרמים,1.00,"ק""ג",true,,29.00,29.0000,true,1,246941
7290006960405,false,סלט פטריות שיטאקי במ,מאמא מרי,IL,פטריות שיטאקי,קילוגרמים,1.00,"ק""ג",true,1,75.00,75.0000,true,1,246956
7290006960412,false,סלט פטריות גרוזדי במ,מאמא מרי,,סלט פטריות גרוזדי במשקל,קילוגרמים,1.00,"ק""ג",true,,75.00,75.0000,true,1,246958
7290006960429,false,כרוב בולגרי כבוש 750,מאמא מרי,,כרוב בולגרי כבוש 750 גרם,גרמים,750.00,100 גרם,false,1,19.90,2.6533,true,1,250268
7290006960450,false,סלט פטריות לבנות במש,מאמא מרי,,סלט פטריות לבנות במשקל,קילוגרמים,1.00,"ק""ג",true,,75.00,75.0000,true,1,307430
7290006960474,false,סלט פטריות במלח במשק,מאמא מרי,,סלט פטריות במלח במשקל,קילוגרמים,1.00,"ק""ג",true,,75.00,75.0000,true,1,246954
7290006963086,false,פרליני סוריני בכדור,MIESZKO,,פרליני סוריני בכדור קישוט לעץ 100 גרם,גרמים,100.00,100 גרם,false,1,15.90,15.9000,true,1,335097
7290006963093,false,פרילי סוריני בכוכב פ,MIESZKO,,prhkhbho xurhbh fufc ehauy npj 60 dro,Unknown,0.00,Unknown,false,1,12.90,0.0000,true,1,335096
7290006963710,false,מארז שי ממתקים קרימו,סלום,,מארז שי פסח מס 2 -2014,Unknown,0.00,Unknown,false,1,130.00,0.0000,true,1,336999
7290006963734,false,מארז שי ממתקים רומא,סלום,,מארז שי ממתקים רומא,Unknown,0.00,Unknown,false,1,240.00,0.0000,true,1,337002
7290006983152,false,קרוטונים מתובלים אסם,עינת,IL,קרוטונים מתובלים אסם 400 גר,גרמים,400.00,100 גרם,false,12,16.90,4.2250,true,1,231784
7290006983176,false,לחמית שיפון 230 גרם,"אסם תעשיות בע""מ",,לחמית שיפון 230 גרם,גרמים,230.00,100 גרם,false,1,9.50,4.1304,true,1,230893
7290006983206,false,פלאפל בקלי קלות 180,"אסם תעשיות בע""מ",IL,פלאפל בקלי קלות 180 ג,גרמים,180.00,100 גרם,false,8,10.90,6.0556,true,1,231208
7290006983527,false,עוגת הבית תפוחים פיר,"אסם תעשיות בע""מ",,עוגת הבית תפוחים פירורים 400 גר,גרמים,400.00,100 גרם,false,1,16.90,4.2250,true,1,230623
7290006983770,false,עוגת הבית שיש 400 גר,"אסם תעשיות בע""מ",IL,עוגת הבית שיש 400 גר,גרמים,400.00,100 גרם,false,8,12.90,3.2250,true,1,230882
7290006983787,false,עוגת הבית שוקוציפס 4,"אסם תעשיות בע""מ",,עוגת הבית שוקוציפס 400 גר,גרמים,400.00,100 גרם,false,1,12.90,3.2250,true,1,230831
7290006983794,false,עוגת הבית תפוז 400 ג,"אסם תעשיות בע""מ",IL,עוגת הבית תפוז 400 גר,גרמים,400.00,100 גרם,false,8,12.90,3.2250,true,1,230832
7290006992161,false,דייסת מטרנה קורנפלור,מטרנה,,דייסת מטרנה קורנפלור 200 גר,גרמים,200.00,100 גרם,false,1,14.90,7.4500,true,1,230749
7290006992185,false,דייסת מטרנה אורז 200,מטרנה,,דייסת מטרנה אורז 200 גר,גרמים,200.00,100 גרם,false,1,15.50,7.7500,true,1,230750
7290006992192,false,דייסת מטרנה סולת 200,מטרנה,,דייסת מטרנה סולת 200 גר,גרמים,200.00,100 גרם,false,1,15.50,7.7500,true,1,230751
7290006992208,false,דייסת מטרנה דגנים 20,מטרנה,,דייסת מטרנה דגנים 200 גר,גרמים,200.00,100 גרם,false,1,15.50,7.7500,true,1,230748
7290006992390,false,דייסת מטרנה וניל 200,מטרנה,,דייסת מטרנה וניל 200 גר,גרמים,200.00,100 גרם,false,1,15.50,7.7500,true,1,232235
7290006992864,false,לה קט חתלתולים 2.85,,,לה קט חתלתולים 2.85 קג,קילוגרמים,2.85,"ק""ג",false,1,59.90,21.0175,true,1,235492
7290007813207,false,משקה גינגר אייל קרנב,,FR,משקה גינגר אייל קרנברי קנדה 355מל פק.,מיליליטרים,355.00,"100 מ""ל",false,24,8.90,2.5070,true,1,328996
7290008000239,false,שטיפה אינטימית פמינה,,,שטיפה אינטימית פמינה עם לחות 220 מל,מיליליטרים,220.00,"100 מ""ל",false,1,26.90,12.2273,true,1,238299
7290008000246,false,שטיפה אינטימית פמינה,,,שטיפה אינטימית פמינה עם אלוורה 220 מל,מיליליטרים,220.00,"100 מ""ל",false,1,26.90,12.2273,true,1,238298
7290008000796,false,משחת שיניים סופרמן י,,,משחת שיניים סופרמן ילדים 70 מל,Unknown,0.00,Unknown,false,1,12.90,0.0000,true,1,246148
7290008000826,false,מש.שיניים ברבי לילדי,,,מש.שיניים ברבי לילדים,Unknown,0.00,Unknown,false,1,12.90,0.0000,true,1,232312
7290008001502,false,מי פה אלמקס לשיניים,CP-Poland swidnica,,מי פה אלמקס לשיניים רגישות 400 מל,מיליליטרים,400.00,"100 מ""ל",false,1,34.90,8.7250,true,1,235725
7290008023542,false,נוזל רצפה סיף יסמין,יוניליוור,,נוזל רצפה סיף יסמין 4 ל,ליטרים,4.00,ליטר,false,1,19.90,4.9750,true,1,229561
7290008101356,false,פירורי לחם קריספ פנק,,,פירורי לחם קריספ פנקו 300 גרם,גרמים,300.00,100 גרם,false,20,9.90,3.3000,true,1,345967
7290008104050,false,שטיפה אינטימית פמינה,,,שטיפה אינטימית פמינה 220 מל,מיליליטרים,220.00,"100 מ""ל",false,1,23.90,10.8636,true,1,238297
7290008116541,false,נוזל שטיפת פה ליסטרי,,IT,נוזל שטיפת פה ליסטרין מנטה כחול 500מרענן,מיליליטרים,500.00,"100 מ""ל",false,1,19.90,3.9800,true,1,325687
7290008116565,false,נוזל שטיפת פה ליסטרי,,IT,נוזל שטיפת פה ליסטרין פרש ירוק 500מרענן,מיליליטרים,500.00,"100 מ""ל",false,1,19.90,3.9800,true,1,325686
7290008116862,false,שמן תינוק בלנאום 500,,,שמן תינוק בלנאום 500 מל,מיליליטרים,500.00,"100 מ""ל",false,1,69.90,13.9800,true,1,322319
7290008154222,false,שניצלונים עוף טוב 70,עוף טוב,,שניצלונים עוף טוב 700 גר,גרמים,700.00,100 גרם,false,1,21.90,3.1286,true,1,231826
7290008175173,false,חמאה ללא מלח 200גרם,,FI,חמאה ללא מלח 200גרם פינלנד,גרמים,200.00,100 גרם,false,20,11.90,5.9500,true,1,230380
7290008175210,false,גבינת פרמזן מגורדת 9,זנטי,,גבינת פרמזן מגורדת 90 גרם,Unknown,0.00,Unknown,false,1,16.90,0.0000,true,1,230834
7290008190909,false,עוג.מיני קוקיס שוקול,כרמית,,עוג.מיני קוקיס שוקולד ציפס 600 גר,גרמים,600.00,100 גרם,false,1,15.90,2.6500,true,1,231799
7290008190985,false,לקקן כרמית גלידה 50,שוגבי,,לקקן כרמית גלידה 50 יח שקית,Unknown,0.00,Unknown,false,1,16.90,0.0000,true,1,231800
7290008233026,false,משחה להברקת כל סוגי,,NL,משחה להברקת כל סוגי המתכות פיק 100גר,גרמים,100.00,100 גרם,false,1,29.90,29.9000,true,1,334731
7290008263214,false,ממרח חרובים אורגני 3,,,ממרח חרובים אורגני 350 ג הרדוף,גרמים,350.00,100 גרם,false,1,19.90,5.6857,true,1,253452
7290008263481,false,פסטה פנה קמח לבן,,,פסטה פנה קמח לבן,גרמים,500.00,100 גרם,false,1,10.90,2.1800,true,1,318701
7290008263498,false,פתיתים פוזילי אורגני,,,פתיתים פוזילי אורגני 500 גר הרדוף,גרמים,500.00,100 גרם,false,1,10.90,2.1800,true,1,318700
7290008263528,false,ממרח שוקולד אגוז אור,,,ממרח שוקולד אגוז אורגני 350 ג הרדוף,גרמים,350.00,100 גרם,false,1,19.90,5.6857,true,1,253451
7290008263535,false,ממרח שוקולד אורגני 3,,,ממרח שוקולד אורגני 350 ג הרדוף,גרמים,350.00,100 גרם,false,1,19.90,5.6857,true,1,318706
7290008263597,false,קוואקר אורגני 500 גר,,,קוואקר אורגני 500 גר הרדוף,גרמים,500.00,100 גרם,false,1,10.90,2.1800,true,1,318699
7290008263610,false,קורנפלקס אורגני 375,,,קורנפלקס אורגני 375 ג,גרמים,375.00,100 גרם,false,1,18.90,5.0400,true,1,318742
7290008263634,false,ברנפלקס אורגני 375 ג,,,ברנפלקס אורגני 375 ג,גרמים,375.00,100 גרם,false,1,18.90,5.0400,true,1,318743
7290008263641,false,קוואקר עדין אורגני 5,,,קוואקר עדין אורגני 500 גר הרדוף,גרמים,500.00,100 גרם,false,1,10.90,2.1800,true,1,318705
7290008263658,false,חלב סויה אורגני ללא,,,חלב סויה אורגני ללא סוכר 1 ל הרדוף,ליטרים,1.00,ליטר,false,1,11.90,11.9000,true,1,318744
7290008263719,false,טחינה אורגנית 400 גר,,,טחינה אורגנית 400 גר הרדוף,גרמים,400.00,100 גרם,false,1,17.90,4.4750,true,1,253446
7290008263726,false,טחינה משומשום מלא או,,,טחינה משומשום מלא אורגנית 400גר,גרמים,400.00,100 גרם,false,1,17.90,4.4750,true,1,253447
7290008263764,false,פסטה פוסילי טריקולו,,,פסטה פוסילי טריקולו 500 ג,גרמים,500.00,100 גרם,false,1,13.90,2.7800,true,1,318703
7290008268011,false,דובדבן לבן בראשית בק,,,דובדבן לבן בראשית בקופסא,Unknown,0.00,Unknown,false,1,16.90,0.0000,true,1,309353
7290008310000,false,אמפנדס עוף 12יחידות,מאפה של חייקה,IL,אמפנדס עוף 12יחידות 700גר,גרמים,700.00,100 גרם,false,1,46.90,6.7000,true,1,343820
7290008310017,false,אמפנדס בשר 12יחידות,מאפה של חייקה,IL,אמפנדס בשר 12יחידות 700גר,גרמים,700.00,100 גרם,false,1,46.90,6.7000,true,1,230248
7290008310086,false,בצק לאמפנדס 700 גרם,מאפה של חייקה,IL,בצק לאמפנדס 700 גרם,גרמים,700.00,100 גרם,false,15,34.90,4.9857,true,1,230738
7290008310246,false,עוגיות אלפחורס מיני,מאפה של חייקה,,עוגיות אלפחורס מיני 450 גרם,גרמים,450.00,100 גרם,false,1,36.90,8.2000,true,1,321935
7290008310406,false,אמפנדס פטריות 12יחיד,מאפה של חייקה,IL,אמפנדס פטריות 12יחידות 700גר,גרמים,700.00,100 גרם,false,1,46.90,6.7000,true,1,343819
7290008310604,false,אמפנדס תירס 12יחידות,מאפה של חייקה,IL,אמפנדס תירס 12יחידות 700גר,גרמים,700.00,100 גרם,false,1,46.90,6.7000,true,1,343822
7290008330107,false,מרכך בדין 4 ליטר סגו,יוניליוור,,מרכך בדין 4 ליטר סגול,ליטרים,4.00,ליטר,false,1,22.90,5.7250,true,1,228301
7290008333115,false,אבקת גלטין טהור מדגי,ויינברג,,אבקת גלטין טהור 28 ג,גרמים,28.00,100 גרם,false,1,10.90,38.9286,true,1,228971
7290008335515,false,אגרול סיני 600 גרם ש,שלושת האופים,IL,אגרול סיני 600 גרם שלושת האופים,גרמים,600.00,100 גרם,false,1,12.90,2.1500,true,1,307973
7290008335539,false,פלמיני כיסוני בשר 60,שלושת האופים,,פלמיני כיסוני בשר 600 גרם שלושת האופים,גרמים,600.00,100 גרם,false,1,12.90,2.1500,true,1,307975
7290008335546,false,ורניקי כיסוני תפוא 6,שלושת האופים,,ורניקי כיסוני תפוא 600 גרם שלושת האופים,גרמים,600.00,100 גרם,false,1,12.90,2.1500,true,1,307976
7290008335553,false,קובה בשר 600 גרם שלו,שלושת האופים,IL,קובה בשר 600 גרם שלושת האופים,גרמים,600.00,100 גרם,false,1,12.90,2.1500,true,1,307974
7290008335560,false,סיגרים בשר 600 גרם ש,שלושת האופים,IL,סיגרים בשר 600 גרם שלושת האופים,גרמים,600.00,100 גרם,false,1,12.90,2.1500,true,1,307972
7290008335577,false,פסטלים תפוא 600 גרם,שלושת האופים,IL,פסטלים תפוא 600 גרם שלושת האופים,גרמים,600.00,100 גרם,false,1,12.90,2.1500,true,1,307970
7290008335584,false,סיגרים תפוא 600 גרם,שלושת האופים,IL,סיגרים תפוא 600 גרם שלושת האופים,גרמים,600.00,100 גרם,false,1,12.90,2.1500,true,1,307971
7290008336796,false,בשר ראש חלק קפוא,טיבון ויל,,בשר ראש חלק קפוא,קילוגרמים,1.00,"ק""ג",true,,79.90,79.9000,true,1,231493
7290008336925,false,פחם 2 קג טיבון ויל,טיבון ויל,,פחם 2 קג טיבון ויל,Unknown,0.00,Unknown,false,1,17.90,0.0000,true,1,254157
7290008340618,false,סלמון מעושן 100 גרם,דלידג,IL,סלמון מעושן 100 גרם,גרמים,100.00,100 גרם,false,10,19.90,19.9000,true,1,230839
7290008343466,false,בצק פילו 500 גרם,שלושת האופים שגמור,IL,בצק פילו 500 גרם,גרמים,500.00,100 גרם,false,12,20.90,4.1800,true,1,231904
7290008343503,false,גחנון אפוי 650 גרם,אופרה,,גחנון אפוי 650 גרם,גרמים,650.00,100 גרם,false,1,20.90,3.2154,true,1,231021
7290008343510,false,מיני גחנון אפוי 650,שלושת האופים ירכא,IL,מיני גחנון אפוי 650 גר שלושת האופים,גרמים,650.00,100 גרם,false,12,20.90,3.2154,true,1,231022
7290008344258,false,המבורגר מזרחי 400 גר,טיבון ויל,IL,המבורגר מזרחי 400 גרם,גרמים,400.00,100 גרם,false,12,15.90,3.9750,true,1,229970
7290008344272,false,המבורגר אמיתי 400 גר,טיבון ויל,IL,המבורגר אמיתי 400 גרם,גרמים,400.00,100 גרם,false,12,15.90,3.9750,true,1,230219
7290008344869,false,כתף בקר קרווינג מוכש,,,כתף בקר קרווינג מוכשר,קילוגרמים,1.00,"ק""ג",true,,65.00,65.0000,true,1,329609
7290008345118,false,מקרל בשמן 240 גרם,דלידג,,מקרל בשמן 240 גרם,גרמים,240.00,100 גרם,false,1,26.90,11.2083,true,1,230264
7290008345132,false,פילה הרינג כבוש 240,דלידג,,פילה הרינג כבוש 240 גרם,גרמים,240.00,100 גרם,false,1,25.90,10.7917,true,1,230262
7290008345156,false,פילה מקרוסקה מעושנת,דלידג,,פילה מקרוסקה מעושנת בואקום במשקל,קילוגרמים,1.00,"ק""ג",true,,129.00,129.0000,true,1,230268
7290008345163,false,מקרל שלם במשקל,דלידג,IL,מקרל שלם במשקל,קילוגרמים,1.00,"ק""ג",true,1,109.00,109.0000,true,1,230267
7290008345170,false,מקרל חצאים במשקל,דלידג,,מקרל חצאים במשקל,קילוגרמים,1.00,"ק""ג",true,,109.00,109.0000,true,1,230266
7290008345514,false,איקרה לבנה במשקל,,,איקרה לבנה במשקל,קילוגרמים,1.00,"ק""ג",true,,65.00,65.0000,true,1,312783
7290008345576,false,איקרה ביתית לבנה 300,דלידג,,איקרה ביתית לבנה 300 גרם,גרמים,300.00,100 גרם,false,1,21.90,7.3000,true,1,230880
7290008345583,false,איקרה ביתית ורודה 30,דלידג,,איקרה ביתית ורודה 300 גרם,גרמים,300.00,100 גרם,false,1,21.90,7.3000,true,1,230881
7290008346191,false,איקרה ורודה במשקל,,,איקרה ורודה במשקל,קילוגרמים,1.00,"ק""ג",true,,65.00,65.0000,true,1,336074
7290008347211,false,אצבעות דג 700 ג,דלידג,IL,אצבעות דג 700 ג,גרמים,700.00,100 גרם,false,10,24.90,3.5571,true,1,231781
7290008347730,false,סלמון מעושן הילטון ב,דלידג,,סלמון מעושן הילטון במשקל,קילוגרמים,1.00,"ק""ג",true,,219.00,219.0000,true,1,234894
7290008348508,false,נקניקיות צוריסוס במש,טיבון ויל,IL,נקניקיות צוריסוס במשקל 60 גר,קילוגרמים,1.00,"ק""ג",true,1,40.00,40.0000,true,1,246591
7290008350150,false,בצק פילו 350גר מצונן,,,בצק פילו 350גר מצונן מרודד שף שגב,גרמים,350.00,100 גרם,false,12,15.90,4.5429,true,1,347028
7290008379335,false,גיבן בואקום 500 גר,,,גיבן בואקום 500 גר,גרמים,500.00,100 גרם,false,,34.90,6.9800,true,1,240386
7290008379373,false,גבינת אורגו טבעי 300,,,גבינת אורגו טבעי 300 גר,גרמים,300.00,100 גרם,false,1,27.90,9.3000,true,1,240379
7290008379380,false,גבינת סולוגוני 300 ג,,,גבינת סולוגוני 300 גר,גרמים,300.00,100 גרם,false,1,27.90,9.3000,true,1,240381
7290008379557,false,כדורי בייבי מוצרלה 1,,,כדורי בייבי מוצרלה 150 גר,גרמים,150.00,100 גרם,false,1,13.90,9.2667,true,1,326023
7290008403078,false,גבינת טום שובייה עיז,זולנפוב,,גבינת טום שובייה עיזים/בקר במשקל,קילוגרמים,1.00,"ק""ג",true,,199.00,199.0000,true,1,252364
7290008403085,false,גבינת טום מוניטיין ע,זולנפוב,,גבינת טום מוניטיין עיזים במשרל,קילוגרמים,1.00,"ק""ג",true,,199.00,199.0000,true,1,252363
7290008403153,false,גבינת דליס דה בורגון,לנסט,,גבינת דליס דה בורגון במשקל,קילוגרמים,1.00,"ק""ג",true,,189.00,189.0000,true,1,254171
7290008403191,false,גבינת קשקבל בשלה במש,,,גבינת קשקבל בשלה במשקל,קילוגרמים,1.00,"ק""ג",true,,109.00,109.0000,true,1,253518
7290008403238,false,גבינת ברי איסיני במש,איסיני סנט מור,,גבינת ברי איסיני במשקל,קילוגרמים,1.00,"ק""ג",true,,129.00,129.0000,true,1,306626
7290008403443,false,גבינת קברה במשקל,סאן ויסנצה,,גבינת קברה במשקל,קילוגרמים,1.00,"ק""ג",true,,189.00,189.0000,true,1,310881
7290008403450,false,גבינת מנצגו במשקל,סאן ויסנצה,,גבינת מנצגו במשקל,קילוגרמים,1.00,"ק""ג",true,,189.00,189.0000,true,1,310880
7290008403535,false,גבינת פרימדונה במשקל,,,גבינת פרימדונה במשקל חצי גלגל,קילוגרמים,1.00,"ק""ג",true,,189.00,189.0000,true,1,322208
7290008403627,false,גבינת בימסטר אידג במ,בימסטר,NL,גבינת בימסטר אידג במשקל,קילוגרמים,1.00,"ק""ג",true,,169.00,169.0000,true,1,332136
7290008403641,false,גבינת בימסטר רויאל ב,בימסטר,NL,גבינת בימסטר רויאל במשקל,קילוגרמים,1.00,"ק""ג",true,,189.00,189.0000,true,1,332137
7290008403771,false,גבינת פלור דה אלפס ב,מלוסין,CH,גבינת פלור דה אלפס במשקל שוויץ,קילוגרמים,1.00,"ק""ג",true,,219.00,219.0000,true,1,327618
7290008403788,false,גבינת פורמזה דה פינו,,CH,גבינת פורמזה דה פינואה במשקל,קילוגרמים,1.00,"ק""ג",true,,149.00,149.0000,true,1,327620
7290008403832,false,גבינת אולד רוטרדם בק,הנרי בליך,NL,גבינת אולד רוטרדם בקר במשקל חצי גלגל הול,קילוגרמים,1.00,"ק""ג",true,,145.00,145.0000,true,1,327623
7290008403849,false,גבינת אולד רוטרדם עז,הנרי בליך,NL,גבינת אולד רוטרדם עזים במשקל חצי גלגל,קילוגרמים,1.00,"ק""ג",true,,179.00,179.0000,true,1,327624
7290008408073,false,מים מזוקקים 4 ליטר,י.שיאון,IL,מים מזוקקים 4 ליטר,ליטרים,4.00,ליטר,false,4,14.90,3.7250,true,1,306490
7290008409049,false,שניצלונים מיני מיני,תנובה גליל,,שניצלונים מיני מיני בציפוי שומשום 500גר,גרמים,500.00,100 גרם,false,1,29.90,5.9800,true,1,244025
7290008409100,false,אצבעות שניצל בציפוי,תנובה גליל,,אצבעות שניצל בציפוי שומשום 700 ג,גרמים,700.00,100 גרם,false,1,36.90,5.2714,true,1,232222
7290008409124,false,שניצל עוף גונגל 700,תנובה גליל,,שניצל עוף גונגל 700 ג,גרמים,700.00,100 גרם,false,1,36.90,5.2714,true,1,232278
7290008409216,false,שניצל דק דק פריך 700,תנובה גליל,,שניצל דק דק פריך 700 גר,גרמים,700.00,100 גרם,false,1,32.90,4.7000,true,1,236588
7290008409223,false,שניצל דק דק מתובל 70,תנובה גליל,,שניצל דק דק מתובל 700 גר,גרמים,700.00,100 גרם,false,1,32.90,4.7000,true,1,237080
7290008409315,false,שניצלונים מיני מיני,תנובה גליל,,שניצלונים מיני מיני בציפוי פריך 500ג,גרמים,500.00,100 גרם,false,1,29.90,5.9800,true,1,230833
7290008409407,false,שניצל דק בציפוי ציפס,תנובה גליל,,שניצל דק בציפוי ציפס 700 גר,קילוגרמים,700.00,"ק""ג",false,1,32.90,0.0470,true,1,230241
7290008409476,false,מאמא עוף קציצות עוף,תנובה גליל,IL,קציצות עוף טרי 480 גרם-מאמא עוף,גרמים,480.00,100 גרם,false,4,27.50,5.7292,true,1,229017
7290008409544,false,שניצל עוף אמיתי פריך,תנובה גליל,,שניצל עוף אמיתי פריך 700 גרם,גרמים,700.00,100 גרם,false,1,44.00,6.2857,true,1,229576
7290008409551,false,שניצל עוף אמיתי מעוד,תנובה גליל,,שניצל עוף אמיתי מעודן 700 גרם,גרמים,700.00,100 גרם,false,1,44.00,6.2857,true,1,229577
7290008409568,false,שניצל עוף אמיתי שבבי,תנובה גליל,,שניצל עוף אמיתי שבבי ציפס 700 גרם,גרמים,700.00,100 גרם,false,1,44.00,6.2857,true,1,229579
7290008409582,false,שניצל עוף אמיתי ביתי,תנובה גליל,,שניצל עוף אמיתי ביתי 700 גרם,גרמים,700.00,100 גרם,false,1,44.00,6.2857,true,1,229578
7290008409605,false,כוכבי עוף מעודן 700,תנובה גליל,,כוכבי עוף מעודן 700 גרם,גרמים,700.00,100 גרם,false,1,36.90,5.2714,true,1,229581
7290008409773,false,קציצות עוף אמיתיות 7,תנובה גליל,,קציצות עוף אמיתיות 700 גרם,גרמים,700.00,100 גרם,false,1,34.00,4.8571,true,1,229944
7290008415071,false,סלט חומוס עם טחינה צ,צבר,IL,סלט חומוס עם טחינה צבר 150 גר,גרמים,150.00,100 גרם,false,12,5.40,3.6000,true,1,229695
7290008415514,false,סלט חומוס עם חריף צב,צבר,IL,סלט חומוס עם חריף צבר 150 גר,גרמים,150.00,100 גרם,false,12,5.40,3.6000,true,1,229971
7290008425032,false,גבינת ערבה פטה אורגנ,,IL,גבינת ערבה פטה אורגנית 200גר נאות סמדר,גרמים,200.00,100 גרם,false,6,34.90,17.4500,true,1,345875
7290008425094,false,יוגורט ביו טבעי אורג,,IL,יוגורט ביו טבעי אורגני 1ליטר נאות סמדר,ליטרים,1.00,ליטר,false,6,29.90,29.9000,true,1,345893
7290008442466,false,גבינת ברי צאן במשקל,,IL,גבינת ברי צאן במשקל משק שוורץ,קילוגרמים,1.00,"ק""ג",true,,199.00,199.0000,true,1,333464
7290008442527,false,גבינת ברי פחם צאן במ,,IL,גבינת ברי פחם צאן במשקל משק שוורץ,קילוגרמים,1.00,"ק""ג",true,,199.00,199.0000,true,1,333467
7290008442657,false,גבינת ברי אגוזים צאן,,IL,גבינת ברי אגוזים צאן במשקל משק שוורץ,קילוגרמים,1.00,"ק""ג",true,,199.00,199.0000,true,1,333468
7290008443616,false,נקה 7 מרכך 750 מל יב,,,נקה 7 מרכך 750 מל יבש,מיליליטרים,750.00,"100 מ""ל",false,1,12.90,1.7200,true,1,230668
7290008443630,false,נקה 7 שמפו 750 מל מת,,,נקה 7 שמפו 750 מל מתולתל,מיליליטרים,750.00,"100 מ""ל",false,1,12.90,1.7200,true,1,230666
7290008443647,false,נקה 7 מרכך 750 מל מת,,,נקה 7 מרכך 750 מל מתולתל,מיליליטרים,750.00,"100 מ""ל",false,1,12.90,1.7200,true,1,230669
7290008461047,false,גבינת ברי לה רוסטיק,בונגראן,,גבינת ברי לה רוסטיק במשקל,קילוגרמים,1.00,"ק""ג",true,,149.00,149.0000,true,1,226518
7290008461177,false,גבינת חלומי צאן 200ג,פאוויוס,,גבינת חלומי צאן 200גר קפריסין,גרמים,200.00,100 גרם,false,1,17.90,8.9500,true,1,229091
7290008461221,false,סרדין רוברט בשמן חמנ,קונסוורס,,סרדין רוברט בשמן חמניות 115 גר,גרמים,115.00,100 גרם,false,1,7.50,6.5217,true,1,229537
7290008461238,false,סרדין רוברט בשמן חמנ,קונסוורס,,סרדין רוברט בשמן חמניות חריף 115 גר,גרמים,115.00,100 גרם,false,1,7.50,6.5217,true,1,229706
7290008461283,false,גבינת טריפל צדר 200,שבינגטון,,גבינת טריפל צדר 200 גר,גרמים,200.00,100 גרם,false,1,19.90,9.9500,true,1,313144
7290008462198,false,חרדל מאילי דיזון חרי,מיילי,,חרדל מאילי דיזון חריף 210 גרם,גרמים,210.00,100 גרם,false,1,16.90,8.0476,true,1,230396
7290008462204,false,חרדל מאילי דיזון מקו,מיילי,,חרדל מאילי דיזון מקורי 380 גר,גרמים,380.00,100 גרם,false,1,12.90,3.3947,true,1,230426
7290008462259,false,חרדל מאילי דיזון גרג,מיילי,,חרדל מאילי דיזון גרגירים 380 גר,גרמים,380.00,100 גרם,false,1,14.90,3.9211,true,1,230427
7290008462310,false,גבינת סנט מור עיזים,אוריאל,,גבינת סנט מור עיזים טבעית במשקל,קילוגרמים,1.00,"ק""ג",true,,149.00,149.0000,true,1,232111
7290008464017,false,שישיית משקה דיאט סבן,,,שישיית משקה דיאט סבן אפ 1.5 ל,ליטרים,9.00,ליטר,false,1,38.10,4.2333,true,1,230788
7290008464024,false,בירה גולדסטאר לא מסו,,,בירה גולדסטאר לא מסונן פח 500 מל פיקדון,מיליליטרים,500.00,"100 מ""ל",false,1,10.00,2.0000,true,1,249190
7290008464130,false,מארז 6יח גולדסטאר לא,,,מארז 6יח גולדסטאר לא מסונןבק330מל פיקדון,ליטרים,1.98,ליטר,false,1,34.90,17.6263,true,1,245500
7290008464345,false,בירה גולדסטאר בק 330,,,בירה גולדסטאר בק 330 מל פיקדון,מיליליטרים,330.00,"100 מ""ל",false,1,8.90,2.6970,true,1,228184
7290008464468,false,בירה גולדסטאר פחית 5,,,בירה גולדסטאר פחית 500מל פיקדון,מיליליטרים,500.00,"100 מ""ל",false,1,10.00,2.0000,true,1,228186
7290008464604,false,בירה היינקן פחית 500,,,בירה היינקן פחית 500 מל פיקדון,מיליליטרים,500.00,"100 מ""ל",false,1,11.90,2.3800,true,1,228013
7290008464611,false,מי סודה טמפו 275 מל,,,מי סודה טמפו 275 מל פקדון,מיליליטרים,275.00,"100 מ""ל",false,24,5.00,1.8182,true,1,323848
7290008464628,false,ביטר למון 275 מל פקד,,,ביטר למון 275 מל פקדון,מיליליטרים,275.00,"100 מ""ל",false,1,5.30,1.9273,true,1,323849
7290008464635,false,מי טוניק 275 מל פקדו,,IL,מי טוניק 275 מל פקדון טמפו,מיליליטרים,275.00,"100 מ""ל",false,24,5.30,1.9273,true,1,323838
7290008464642,false,גינגר אייל 275 מל פק,,IL,גינגר אייל 275 מל פקדון,מיליליטרים,275.00,"100 מ""ל",false,24,4.50,1.6364,true,1,323845
7290008464673,false,בירה גולדסטאר סלו בר,,,בירה גולדסטאר סלו ברו 500מל פח 10% אלכוה,מיליליטרים,500.00,"100 מ""ל",false,1,10.00,2.0000,true,1,325826
7290008464697,false,מארז 6יח בירה מכבי 7,,,מארז 6יח בירה מכבי 7.9% בק 330 מל פיקדון,ליטרים,1.98,ליטר,false,1,34.90,17.6263,true,1,252640
7290008464703,false,מארז 6יח בירה מכבי ב,,,מארז 6יח בירה מכבי בק 330 מל פיקדון,ליטרים,1.98,ליטר,false,1,34.90,17.6263,true,1,227529
7290008464734,false,מארז 6יח גולדסטאר סל,,,מארז 6יח גולדסטאר סלוו בירבק330מל פיקדון,ליטרים,1.98,ליטר,false,1,36.90,18.6364,true,1,311677
7290008464741,false,מארז 6יח בירה גולדסט,,,מארז 6יח בירה גולדסטאר בק330 מל פיקדון,ליטרים,1.98,ליטר,false,1,34.90,17.6263,true,1,228183
7290008464796,false,מארז 6יח בירה היינקן,,,מארז 6יח בירה היינקן בק330מל פיקדון,ליטרים,1.98,ליטר,false,1,32.90,16.6162,true,1,228012
7290008464857,false,מארז 4 יח סודה אננס,,IL,מארז 4 יח סודה אננס 1.5ליטר טמפו,ליטרים,6.00,ליטר,false,1,9.90,1.6500,true,1,326109
7290008464864,false,מארז 4 יח סודה פירות,,IL,מארז 4 יח סודה פירות יער 1.5ליטר טמפו,ליטרים,6.00,ליטר,false,1,9.90,1.6500,true,1,326108
7290008493413,false,פרורי גריסיני 200 גר,,,פרורי גריסיני 200 גרם,גרמים,200.00,100 גרם,false,1,6.50,3.2500,true,1,234183
7290008493710,false,פרורי גריסיני זהב 20,,,פרורי גריסיני זהב 200 גר,גרמים,200.00,100 גרם,false,1,6.50,3.2500,true,1,253619
7290008498203,false,גבינת מונטשגו 12 חוד,,,גבינת מונטשגו 12 חודשים ספרד שקיל,קילוגרמים,1.00,"ק""ג",true,,180.00,180.0000,true,1,333176
7290008498210,false,גבינת כבשים פטריות כ,,,גבינת כבשים פטריות כמהין במשקל,קילוגרמים,1.00,"ק""ג",true,,250.00,250.0000,true,1,333140
7290008498227,false,גבינת ברה מונדייט במ,,,גבינת ברה מונדייט במשקל 19%שומן ספרד,קילוגרמים,1.00,"ק""ג",true,,129.00,129.0000,true,1,333157
7290008498234,false,גבינת עיזים ביין במש,,,גבינת עיזים ביין במשקל ספרד,קילוגרמים,1.00,"ק""ג",true,,169.00,169.0000,true,1,333179
7290008498432,false,גבינת קומטה במשקל צר,,FR,גבינת קומטה במשקל צרפת,קילוגרמים,1.00,"ק""ג",true,,199.00,199.0000,true,1,333152
7290008498463,false,גבינת פרובלונה גדול,,,גבינת פרובלונה גדול במשקל איטליה,קילוגרמים,1.00,"ק""ג",true,,149.00,149.0000,true,1,333143
7290008498531,false,גבינת גאודה עיזים כמ,,NL,גבינת גאודה עיזים כמהין במשקל הולנד אוספ,קילוגרמים,1.00,"ק""ג",true,,249.00,249.0000,true,1,333145
7290008498548,false,גבינת מוצרלה בואפלו,,IT,גבינת מוצרלה בואפלו במשקל איטליה,קילוגרמים,1.00,"ק""ג",true,,129.00,129.0000,true,1,333150
7290008498555,false,גבינת מורבייה במשקל,,,גבינת מורבייה במשקל צרפת,קילוגרמים,1.00,"ק""ג",true,,199.00,199.0000,true,1,333144
7290008498562,false,גבינת גרוגונזולה פיק,,,גבינת גרוגונזולה פיקנטי במשקל,קילוגרמים,1.00,"ק""ג",true,,189.00,189.0000,true,1,333178
7290008498647,false,גבינת אפנזלר במשקל ש,,CH,גבינת אפנזלר במשקל שוויץ זהב,קילוגרמים,1.00,"ק""ג",true,,219.00,219.0000,true,1,333149
7290008498678,false,גבינת אפנזלר סופיריי,,CH,גבינת אפנזלר סופירייר סגול במשקל שוויץ,קילוגרמים,1.00,"ק""ג",true,,279.00,279.0000,true,1,333151
7290008498685,false,גבינת גרוייר שוויצרי,,CH,גבינת גרוייר שוויצרית 1655 במשקל שוויץ,קילוגרמים,1.00,"ק""ג",true,,249.00,249.0000,true,1,333148
7290008498708,false,גבינת גרוייר במשקל,,CH,גבינת גרוייר במשקל שוויצרית,קילוגרמים,1.00,"ק""ג",true,,199.00,199.0000,true,1,333163
7290008498739,false,גבינת דליס דה בורגון,,,גבינת דליס דה בורגון צרפת במשקל,קילוגרמים,1.00,"ק""ג",true,,169.00,169.0000,true,1,333169
7290008498746,false,גבינת ברי צרפת במשקל,,,גבינת ברי צרפת במשקל,קילוגרמים,1.00,"ק""ג",true,,129.00,129.0000,true,1,333156
7290008498753,false,גבינת בושה במשקל,,,גבינת בושה במשקל,קילוגרמים,1.00,"ק""ג",true,,139.00,139.0000,true,1,333161
7290008498784,false,גבינת בלו כבשים במשק,,,גבינת בלו כבשים במשקל,קילוגרמים,1.00,"ק""ג",true,,159.00,159.0000,true,1,333170
7290008498845,false,גבינת גאודה עיזים במ,,,גבינת גאודה עיזים במשקל 16% הולנד,קילוגרמים,1.00,"ק""ג",true,,169.00,169.0000,true,1,333177
7290008498852,false,גבינת מאסדאם במשקל,,NL,גבינת מאסדאם במשקל הולנד אוספיר,קילוגרמים,1.00,"ק""ג",true,,69.00,69.0000,true,1,333160
7290008498883,false,גבינת גאודה עם צילי,,,גבינת גאודה עם צילי במשקל,קילוגרמים,1.00,"ק""ג",true,,119.00,119.0000,true,1,333167
7290008498913,false,גבינת לנדנה רוסו עיז,,,גבינת לנדנה רוסו עיזים ביין לבן במשקל,קילוגרמים,1.00,"ק""ג",true,,189.00,189.0000,true,1,333168
7290008498920,false,גבינת לנדנה במשקל,,NL,גבינת לנדנה במשקל 500 הולנד אוספיר,קילוגרמים,1.00,"ק""ג",true,,199.00,199.0000,true,1,333173
7290008498937,false,גבינת לנדנה במשקל,,NL,גבינת לנדנה במשקל 1000 הולנד אוספיר,קילוגרמים,1.00,"ק""ג",true,,209.00,209.0000,true,1,333184
7290008498944,false,גבינת גאודה קרמלה במ,,NL,גבינת גאודה קרמלה במשקל הולנד אוספיר,קילוגרמים,1.00,"ק""ג",true,,169.00,169.0000,true,1,333154
7290008498951,false,גבינת גאודה מייפל וו,,NL,גבינת גאודה מייפל וויסקי במשקל הולנד,קילוגרמים,1.00,"ק""ג",true,,169.00,169.0000,true,1,333153
7290008500128,false,עוגת שמרים שוקולד,פילסברי,,עוגת שמרים שוקולד,Unknown,0.00,Unknown,false,1,25.90,0.0000,true,1,337036
7290008500135,false,עוגת שמרים קינמון,פילסברי,,עוגת שמרים קינמון,Unknown,0.00,Unknown,false,1,25.90,0.0000,true,1,337037
7290008500142,false,עוגת שמרים תפוחים,פילסברי,,עוגת שמרים תפוחים,Unknown,0.00,Unknown,false,1,25.90,0.0000,true,1,337038
7290008500159,false,עוגת שמרים גבינה,פילסברי,,עוגת שמרים גבינה,Unknown,0.00,Unknown,false,1,25.90,0.0000,true,1,337039
7290008500166,false,עוגת שמרים פרג,פילסברי,,עוגת שמרים פרג,Unknown,0.00,Unknown,false,1,25.90,0.0000,true,1,337040
7290008500531,false,ערכת יום הולדת פילסב,ג'נרל מילס,DE,ערכת יום הולדת פילסברי 525 גרם,גרמים,525.00,100 גרם,false,12,19.90,3.7905,true,1,343909
7290008590129,false,שעועית ירוקה שלמה 80,,IL,שעועית ירוקה שלמה 800גר שף הטבע,גרמים,800.00,100 גרם,false,12,9.90,1.2375,true,1,347238
7290008590150,false,אפונת גינה קטנה 800ג,,IL,אפונת גינה קטנה 800גר שף הטבע,גרמים,800.00,100 גרם,false,12,9.90,1.2375,true,1,347241
7290008590167,false,אפונה וגזר 800גר שף,,IL,אפונה וגזר 800גר שף הטבע,גרמים,800.00,100 גרם,false,12,9.90,1.2375,true,1,347242
7290008606028,false,גבינת גאודה הולנדי ב,,NL,גבינת גאודה הולנדי בקר במשקל וואן,קילוגרמים,1.00,"ק""ג",true,,69.00,69.0000,true,1,335406
7290008606035,false,גבינת גאודה עיזים הו,,NL,גבינת גאודה עיזים הולנדי במשקל,קילוגרמים,1.00,"ק""ג",true,,119.00,119.0000,true,1,335407
7290008606059,false,גבינת גאודה מתובלת ב,,NL,גבינת גאודה מתובלת במשקל הולנד,קילוגרמים,1.00,"ק""ג",true,,109.00,109.0000,true,1,335409
7290008606066,false,גבינת גאודה בלאק למו,,NL,גבינת גאודה בלאק למון במשקל,קילוגרמים,1.00,"ק""ג",true,,169.00,169.0000,true,1,335410
7290008606073,false,גבינת גאודה עיזים במ,,NL,גבינת גאודה עיזים במשקל,קילוגרמים,1.00,"ק""ג",true,,139.00,139.0000,true,1,335411
7290008606097,false,גבינת גאודה פסטו ירו,,NL,גבינת גאודה פסטו ירוק במשקל,קילוגרמים,1.00,"ק""ג",true,,129.00,129.0000,true,1,335413
7290008606103,false,גבינת גאודה כמהין בק,,NL,גבינת גאודה כמהין בקר במשקל,קילוגרמים,1.00,"ק""ג",true,,159.00,159.0000,true,1,335414
7290008606134,false,גבינת פיקורינו רומנו,,,גבינת פיקורינו רומנו במשקל,קילוגרמים,1.00,"ק""ג",true,,139.00,139.0000,true,1,335417
7290008606165,false,גבינת בקר ספרדית רסנ,,ES,גבינת בקר ספרדית רסננטה במשקל,קילוגרמים,1.00,"ק""ג",true,,99.00,99.0000,true,1,335420
7290008606189,false,גבינת עיזים ספרדית ב,,,גבינת עיזים ספרדית ביין רסננטה במשקל,קילוגרמים,1.00,"ק""ג",true,,99.00,99.0000,true,1,335424
7290008606196,false,גבינה ביין ספרדית רס,,,גבינה ביין ספרדית רסיננטה במשקל,קילוגרמים,1.00,"ק""ג",true,,139.00,139.0000,true,1,335425
7290008606219,false,גבינת כמהין ספרדית ר,,,גבינת כמהין ספרדית רסיננטה במשקל,קילוגרמים,1.00,"ק""ג",true,,189.00,189.0000,true,1,335427
7290008606226,false,גבינת צדר אנגלי מעוש,,GR,גבינת צדר אנגלי מעושן במשקל וויק פארם,קילוגרמים,1.00,"ק""ג",true,,139.00,139.0000,true,1,335393
7290008606233,false,גבינת צדר אנגלי צילי,,GR,גבינת צדר אנגלי צילי במשקל וויק פארם,קילוגרמים,1.00,"ק""ג",true,,139.00,139.0000,true,1,335394
7290008606240,false,גבינת צדר אנגלי בצל,,GR,גבינת צדר אנגלי בצל במשקל וויק פארם,קילוגרמים,1.00,"ק""ג",true,,139.00,139.0000,true,1,335395
7290008606257,false,גבינת צדר אנגלי כתום,,GR,גבינת צדר אנגלי כתום במשקל וויק פארם,קילוגרמים,1.00,"ק""ג",true,,89.00,89.0000,true,1,335397
7290008606271,false,גבינת צדר אנגלי במשק,,,גבינת צדר אנגלי במשקל 5 צבעים וויק פארם,קילוגרמים,1.00,"ק""ג",true,,139.00,139.0000,true,1,335405
7290008606523,false,גבינת גאודה טריקולור,,,גבינת גאודה טריקולור במשקל,קילוגרמים,1.00,"ק""ג",true,,159.00,159.0000,true,1,337737
7290008606530,false,גבינת גאודה צילי במש,,,גבינת גאודה צילי במשקל,קילוגרמים,1.00,"ק""ג",true,,109.00,109.0000,true,1,337738
7290008606547,false,גבינת גאודה עגבניות,,,גבינת גאודה עגבניות זיתים במשקל,קילוגרמים,1.00,"ק""ג",true,,109.00,109.0000,true,1,337739
7290008606554,false,גבינת גאודה עם עובש,,,גבינת גאודה עם עובש במשקל,קילוגרמים,1.00,"ק""ג",true,,149.00,149.0000,true,1,337740
7290008606592,false,גבינת גאודה מעושנת ב,,,גבינת גאודה מעושנת במשקל,קילוגרמים,1.00,"ק""ג",true,,89.00,89.0000,true,1,337741
7290008606677,false,גבינת ברי צרפתי במשק,,FR,גבינת ברי צרפתי במשקל,קילוגרמים,1.00,"ק""ג",true,,99.00,99.0000,true,1,341651
7290008634045,false,אגד מדבק שקוף/צבעוני,,,אגד מדבק שקוף/צבעוני 30יח סאני פלסטר,יחידה,30.00,יחידה,false,36,5.90,0.1967,true,1,325102
7290008634243,false,ממרקות ברזל יוניסאן,יוניסן,CN,ממרקות ברזל יוניסאן 2יח,יחידה,2.00,יחידה,false,24,3.90,1.9500,true,1,320527
7290008634267,false,זוג ספוג מתכת בבליסט,יוניסן,CN,זוג ספוג מתכת בבליסטר כסף וזהב,יחידה,2.00,יחידה,false,24,5.90,2.9500,true,1,320531
7290008634533,false,סקוטש עם ספוג 10יח י,יוניסן,BG,סקוטש עם ספוג 10יח יוניסאן,יחידה,10.00,יחידה,false,24,7.90,0.7900,true,1,320535
7290008634700,false,כפפות לאטקס 100יח אי,,TH,כפפות לאטקס 100יח איזי טאצ מידה אקס אל,יחידה,100.00,יחידה,false,10,17.90,0.1790,true,1,332371
7290008644235,false,אחלה מבחר עלי בייבי,,,אחלה מבחר עלי בייבי 120 ג,גרמים,120.00,100 גרם,false,1,10.00,8.3333,true,1,230495
7290008644945,false,סלט המושבה 450 גרם,,,סלט המושבה 450 גרם,גרמים,450.00,100 גרם,false,1,12.00,2.6667,true,1,230536
7290008670005,false,יין רקאנטי שרדונה גל,,,יין רקאנטי שרדונה 750 מל פקדון,מיליליטרים,750.00,"100 מ""ל",false,1,60.00,8.0000,true,1,226665
7290008670135,false,יין רקנאטי סוביניון,,,יין רקנאטי סוביניון בלנק 750 פקדון,מיליליטרים,750.00,"100 מ""ל",false,1,60.00,8.0000,true,1,230921
7290008670142,false,יין רקאנטי יסמין אדו,,,יין רקאנטי יסמין אדום 750 מל פקדון,מיליליטרים,750.00,"100 מ""ל",false,1,45.00,6.0000,true,1,230778
7290008670159,false,יין רקאנטי יסמין לבן,,,יין רקאנטי יסמין לבן 750 מל פקדון,מיליליטרים,750.00,"100 מ""ל",false,1,45.00,6.0000,true,1,230779
7290008670197,false,יין רקנאטי שרדונה 75,,,יין רקנאטי שרדונה 750 מל,מיליליטרים,750.00,"100 מ""ל",false,1,85.00,11.3333,true,1,252694
7290008670302,false,יין רקאנטי ק.ס.רזרב,רקנאטי,,יין רקנאטי ק.ס.רזרב 2010 750 פקדון,מיליליטרים,750.00,"100 מ""ל",false,1,85.00,11.3333,true,1,233722
7290008670388,false,יין רקנאטי 2007 רוזה,,,יין רקנאטי 2007 רוזה 750 פקדון,מיליליטרים,750.00,"100 מ""ל",false,1,70.00,9.3333,true,1,233724
7290008670579,false,יין רקאנטי רזרב קרינ,,,יין רקאנטי רזרב קריניאן פרא 2010 750מל פ,מיליליטרים,750.00,"100 מ""ל",false,1,145.00,19.3333,true,1,242111
7290008670623,false,יין רקנאטי רזרב פטיט,,IL,יין רקנאטי רזרב פטיט סירה 2010 750מל פקד,מיליליטרים,750.00,"100 מ""ל",false,6,110.00,14.6667,true,1,242112
7290008670647,false,יין רקאנטי ספשייל רז,,,יין רקאנטי ספשייל רזרב לבן 2010 750 מל פ,מיליליטרים,750.00,"100 מ""ל",false,1,145.00,19.3333,true,1,242386
7290008670678,false,יין רקנאטי רזרב מרלו,רקנאטי,,יין רקנאטי רזרב מרלו 2010 750 מל פקדון,מיליליטרים,750.00,"100 מ""ל",false,1,85.00,11.3333,true,1,244775
7290008670739,false,יין רקנאטי גרי דה מר,,,יין רקנאטי גרי דה מרסלאן 2014 אריזת שי,מיליליטרים,750.00,"100 מ""ל",false,1,100.00,13.3333,true,1,254288
7290008670821,false,יין רקנאטי מראווי 20,,IL,יין רקנאטי מראווי 2018 750 מל,מיליליטרים,750.00,"100 מ""ל",false,6,100.00,13.3333,true,1,339475
7290008670852,false,יין רקנאטי יונתן אדו,רקנאטי,,יין רקנאטי יונתן אדום 2016 750 מל,מיליליטרים,750.00,"100 מ""ל",false,1,45.00,6.0000,true,1,313017
7290008670869,false,יין רקנאטי יונתן לבן,רקנאטי,,יין רקנאטי יונתן לבן 2016 750 מל,מיליליטרים,750.00,"100 מ""ל",false,1,45.00,6.0000,true,1,313013
7290008670876,false,יין רקנאטי פרנץ בלנד,רקנאטי,IL,יין רקנאטי פרנץ בלנד 750 מל,מיליליטרים,750.00,"100 מ""ל",false,1,75.00,10.0000,true,1,328915
7290008670906,false,יין רקנאטי ביתוני 20,,IL,יין רקנאטי ביתוני 2019 750 מל,מיליליטרים,750.00,"100 מ""ל",false,6,100.00,13.3333,true,1,339476
7290008670913,false,יין רקאנטי קברנה סוב,רקנאטי,IL,יין רקאנטי קברנה סוביניון 2017 750 מל,מיליליטרים,750.00,"100 מ""ל",false,1,60.00,8.0000,true,1,320636
7290008670920,false,יין רקאנטי מרלו 2017,,,יין רקאנטי מרלו 2017 750 מל פקדון,מיליליטרים,750.00,"100 מ""ל",false,1,60.00,8.0000,true,1,321560
7290008670937,false,יין רקנאטי שיראז 750,,,יין רקנאטי שיראז 750 מל 2017,מיליליטרים,750.00,"100 מ""ל",false,1,60.00,8.0000,true,1,321965
7290008679411,false,כפפות הנדי לבית-קטן,,,כפפות הנדי לבית-קטן,Unknown,0.00,Unknown,false,1,6.90,0.0000,true,1,229370
7290008679428,false,כפפות הנדי לבית בינו,,,כפפות הנדי לבית בינוני,Unknown,0.00,Unknown,false,1,6.90,0.0000,true,1,229371
7290008679435,false,כפפות הנדי לבית גדול,,,כפפות הנדי לבית גדול,Unknown,0.00,Unknown,false,1,6.90,0.0000,true,1,229372
7290008679442,false,כפפות הנדי רגישות במ,,,כפפות הנדי רגישות במיוחד קטן,Unknown,0.00,Unknown,false,1,8.50,0.0000,true,1,229367
7290008679459,false,כפפות הנדי רגישות במ,,,כפפות הנדי רגישות במיוחד בינוני,Unknown,0.00,Unknown,false,1,8.50,0.0000,true,1,229368
7290008679466,false,כפפות הנדי רגישות במ,,,כפפות הנדי רגישות במיוחד גדול,Unknown,0.00,Unknown,false,1,8.50,0.0000,true,1,229369
7290008690713,false,משקה חמוציות אושן ספ,פריגת,IL,פריגתאושןספרי חמוציות1ליטר,ליטרים,1.00,ליטר,false,12,12.70,12.7000,true,1,230231
7290008739610,false,עציץ אביב/צילי כפרי,מיישן,,עציץ אביב/צילי כפרי,יחידה,1.00,יחידה,false,1,25.00,25.0000,true,1,254089
7290008739955,false,נרות שולחן/חמסה ריחנ,,,נרות שולחן/חמסה ריחנית לרכב,יחידה,1.00,יחידה,false,1,12.00,12.0000,true,1,232501
7290008745239,false,תפוציפס טבעי 50 גרם,STRAUSS-ISRAEL,,תפוציפס טבעי 50 גרם,Unknown,0.00,Unknown,false,1,4.00,0.0000,true,1,228976
7290008747547,false,חטיף תפוציפס אקסטרא,STRAUSS-ISRAEL,,חטיף תפוציפס אקסטרא טבעי 200 גרם,גרמים,200.00,100 גרם,false,1,11.00,5.5000,true,1,228978
7290008752244,false,תפוציפס אקסטרא גריל,STRAUSS-ISRAEL,,תפוציפס אקסטרא גריל 50 גרם,Unknown,0.00,Unknown,false,1,4.00,0.0000,true,1,230288
7290008753111,false,תפוציפס מקסיקני 50 ג,STRAUSS-ISRAEL,,תפוציפס מקסיקני 50 גרם,גרמים,50.00,100 גרם,false,1,4.00,8.0000,true,1,230546
7290008754682,false,עוגת רולדה קוקוס מצו,,,עוגת רולדה קוקוס מצופה 350 גרם,גרמים,350.00,100 גרם,false,1,14.90,4.2571,true,1,230826
7290008757034,false,שוופס סודה 250 מל פי,יפאורה,IL,שוופס סודה 250 מל פיקדון,מיליליטרים,250.00,"100 מ""ל",false,24,3.90,1.5600,true,1,231791
7290008757980,false,נקטר ספרינג רימונים,יפאורה,IL,נקטר ספרינג רימונים 1 ל בקרטון,ליטרים,1.00,ליטר,false,15,7.50,7.5000,true,1,306637
7290008775816,false,ערגליות שוקו 300 גרם,"אסם תעשיות בע""מ",,ערגליות שוקו 300 גרם,גרמים,300.00,100 גרם,false,1,10.90,3.6333,true,1,229021
7290008775823,false,ערגליות תות 300 גרם,"אסם תעשיות בע""מ",,ערגליות תות 300 גרם,גרמים,300.00,100 גרם,false,1,10.90,3.6333,true,1,229022
7290008801089,false,יין קברנה סוביניון P,,,יין קברנה סוביניון P.C 375 מל פקדון,מיליליטרים,375.00,"100 מ""ל",false,1,25.00,6.6667,true,1,326347
7290008801119,false,יין סלקטד סובניון בל,כרמל מזרחי,,""" יין סלקטד סובניון בלאן 750 מל",מיליליטרים,750.00,"100 מ""ל",false,1,35.00,4.6667,true,1,227271
7290008801157,false,יין סלקטד מרלו 750 מ,כרמל מזרחי,,""" יין סלקטד מרלו 750 מל",מיליליטרים,750.00,"100 מ""ל",false,1,35.00,4.6667,true,1,227383
7290008801430,false,מיץ ענבים תירוש אדום,כרמל מזרחי,,יין ענבים תירוש אדום 750 מל פיקדון,מיליליטרים,750.00,"100 מ""ל",false,1,15.90,2.1200,true,1,227729
7290008801461,false,יין הנצחון 750 מל פק,כרמל מזרחי,,יין הנצחון 750 מל פקדון,מיליליטרים,750.00,"100 מ""ל",false,1,25.00,3.3333,true,1,227725
7290008801478,false,יין טופז זהב 750 מל,כרמל מזרחי,,יין טופז זהב 750 מל פקדון,מיליליטרים,750.00,"100 מ""ל",false,1,25.00,3.3333,true,1,227726
7290008801522,false,יין קונקורד קינג דוי,כרמל מזרחי,,יין קונקורד קינג דויד 750 מל,מיליליטרים,750.00,"100 מ""ל",false,1,25.00,3.3333,true,1,226965
7290008801539,false,יין כרמל קינג דיויד,,,יין כרמל קינג דיויד 750 מל,מיליליטרים,750.00,"100 מ""ל",false,1,25.00,3.3333,true,1,227788
7290008801546,false,יין מוסקט מתוק ק.דיו,,,""" יין מוסקט מתוק ק.דיויד 750 מל",מיליליטרים,750.00,"100 מ""ל",false,1,25.00,3.3333,true,1,227671
7290008801843,false,יין סלקטד קברנה סובנ,כרמל מזרחי,,""" יין סלקטד קברנה סובניון 750 מל",מיליליטרים,750.00,"100 מ""ל",false,1,35.00,4.6667,true,1,228787
7290008801850,false,יין סלקטד אמרלד ריזל,כרמל מזרחי,,""" יין סלקטד אמרלד ריזלינג 750 מל",מיליליטרים,750.00,"100 מ""ל",false,1,35.00,4.6667,true,1,228251
7290008802291,false,יין מרלו פי.סי 750 מ,כרמל מזרחי,,""" יין מרלו פי.סי 750 מל פקדון",מיליליטרים,750.00,"100 מ""ל",false,1,45.00,6.0000,true,1,228791
7290008802512,false,יין וינו אדום יבש 75,כרמל מזרחי,IL,""" יין וינו אדום יבש 750 מל",מיליליטרים,750.00,"100 מ""ל",false,12,25.00,3.3333,true,1,305705
7290008802529,false,יין וינו לבן יבש 750,,,יין וינו לבן יבש 750 מל פקדון,מיליליטרים,750.00,"100 מ""ל",false,1,25.00,3.3333,true,1,308966
7290008802895,false,יין קברנה סובניון פי,כרמל מזרחי,,""" יין קברנה סובניון פי.סי 750 מל",מיליליטרים,750.00,"100 מ""ל",false,1,45.00,6.0000,true,1,228857
7290008803021,false,יין כרמל אדום עתיק 7,,,יין כרמל אדום עתיק 750 מל פקדון,מיליליטרים,750.00,"100 מ""ל",false,1,25.00,3.3333,true,1,322190
7290008803090,false,יין מרלו גליל עליון,כרמל מזרחי,,""" יין מרלו גליל עליון 750 מל",מיליליטרים,750.00,"100 מ""ל",false,1,60.00,8.0000,true,1,228989
7290008804134,false,ליקר סברה קפה 30% 75,,,ליקר סברה קפה 30% 750 מל פקדון,מיליליטרים,750.00,"100 מ""ל",false,1,105.00,14.0000,true,1,232487
7290008804189,false,יין ק.סוביניון גליל,כרמל מזרחי,IL,""" יין ק.סוביניון גליל עליון 750מל",מיליליטרים,750.00,"100 מ""ל",false,12,60.00,8.0000,true,1,232285
7290008804332,false,יין שיראז פי.סי 750,כרמל מזרחי,,""" יין שיראז פי.סי 750 מל פקדון",מיליליטרים,750.00,"100 מ""ל",false,1,45.00,6.0000,true,1,233167
7290008804462,false,יין מוסקט קינוח פי.ס,כרמל מזרחי,,""" יין מוסקט קינוח פי.סי. 500 מל",מיליליטרים,500.00,"100 מ""ל",false,1,45.00,9.0000,true,1,234171
7290008804745,false,יין גוורצטרמינר ס.אז,,,יין גוורצטרמינר ס.אזורית 750מל פקדון,מיליליטרים,750.00,"100 מ""ל",false,1,60.00,8.0000,true,1,235109
7290008805049,false,יין סלקטד רוזה 750 מ,,,יין סלקטד זינפנדל 750 מל פקדון,מיליליטרים,750.00,"100 מ""ל",false,1,35.00,4.6667,true,1,230541
7290008805384,false,יין מוסקטו סלקטד 750,כרמל מזרחי,,""" יין מוסקטו סלקטד 750 מל",מיליליטרים,750.00,"100 מ""ל",false,1,35.00,4.6667,true,1,231607
7290008805520,false,יין סלקטד קברנה/מרלו,כרמל מזרחי,,""" יין סלקטד קברנה/מרלו 750 מל",מיליליטרים,750.00,"100 מ""ל",false,1,35.00,4.6667,true,1,232706
7290008806961,false,גל.קרמיסימו שוקולד פ,"גלידת שטראוס בע""מ",,גל.קרמיסימו שוקולד פרה 1.33 ל,ליטרים,1.33,ליטר,false,1,22.90,17.2180,true,1,230697
7290008806985,false,גלידונית וניל מצופה,"גלידת שטראוס בע""מ",,גלידונית וניל מצופה 60 יח,גרמים,630.00,100 גרם,false,1,44.90,7.1270,true,1,230699
7290008830096,false,מיקס פירות 800 גרם,"דין שיווק וקלייה בע""",,מיקס פירות 800 גרם,גרמים,80000.00,100 גרם,false,1,45.00,0.0563,true,1,229556
7290008833790,false,יין בדגרס קריק שיראז,יקבי בורניה,,יין בדגרס קריק שיראז.ק. 750 מל,מיליליטרים,750.00,"100 מ""ל",false,1,45.00,6.0000,true,1,312034
7290008846219,false,שמן זית חלוצה כתית מ,חלוצה,,שמן זית חלוצה כתית מעולה 750 מל,מיליליטרים,750.00,"100 מ""ל",false,1,39.90,5.3200,true,1,229078
7290008846332,false,שמן זית חלוצה 3 ל,חלוצה,IL,שמן זית חלוצה 3 ל,ליטרים,3.00,ליטר,false,4,145.00,48.3333,true,1,245071
7290008849470,false,ממרח פלפל צומה 185 ג,,,ממרח פלפל צומה 185 ג אוליביה,גרמים,185.00,100 גרם,false,1,13.90,7.5135,true,1,230216
7290008849586,false,רוטב ריבת בצל אוליבי,,,רוטב אוליביה עוף בצל 310 גר,גרמים,310.00,100 גרם,false,1,12.90,4.1613,true,1,229859
7290008849661,false,ממרח עגבניות מיובשות,תנובה ב.ע.ד,IL,ממרח עגבניות מיובשות פיקנטי 180ג אוליביה,גרמים,180.00,100 גרם,false,6,12.90,7.1667,true,1,323499
7290008849739,false,רוטב סויה קלאסית 290,,,רוטב סויה קלאסית 290 מל אוליביה,מיליליטרים,290.00,"100 מ""ל",false,1,12.90,4.4483,true,1,230413
7290008849753,false,רוטב אוליביה טריאקי,,,רוטב אוליביה טריאקי עשיר 290 מל,מיליליטרים,290.00,"100 מ""ל",false,1,12.90,4.4483,true,1,230414
7290008849777,false,רוטב אוליביה צילי מת,,,רוטב אוליביה צילי מתוק 290 מל,מיליליטרים,290.00,"100 מ""ל",false,1,12.90,4.4483,true,1,230416
7290008849838,false,טפנד זיתים 180גרם או,תנובה ב.ע.ד,IL,טפנד זיתים 180גרם אוליביה,גרמים,180.00,100 גרם,false,6,12.90,7.1667,true,1,323498
7290008849845,false,אריסה פיקנטית 180גרם,תנובה ב.ע.ד,IL,אריסה פיקנטית 180גרם אוליביה,גרמים,180.00,100 גרם,false,6,12.90,7.1667,true,1,323500
7290008863001,false,עוגת גינגי עם ציפוי,קונדיטוריה וולפסון,IL,עוגת גינגי עם ציפוי פירורים 450גר,גרמים,450.00,100 גרם,false,1,34.90,7.7556,true,1,240633
7290008863049,false,עוגת אריסטוקרט 800גר,קונדיטוריה וולפסון,IL,עוגת אריסטוקרט 800גרם,גרמים,800.00,100 גרם,false,1,69.90,8.7375,true,1,240636
7290008863063,false,עוגיות ריבת חלב 600ג,קונדיטוריה וולפסון,IL,עוגיות ריבת חלב 600גרם,גרמים,600.00,100 גרם,false,1,44.90,7.4833,true,1,240638
7290008863070,false,אקלר ממולא קרם חמאה,קונדיטוריה וולפסון,,אקלר ממולא קרם חמאה 350 גר,גרמים,350.00,100 גרם,false,1,24.90,7.1143,true,1,240640
7290008863087,false,עוגיות נשיקות 130 גר,קונדיטוריה וולפסון,,עוגיות נשיקות 130 גר,גרמים,130.00,100 גרם,false,1,19.90,15.3077,true,1,240639
7290008863100,false,עוגת פראג 600 גרם,קונדיטוריה וולפסון,,עוגת פראג 600 גרם,גרמים,600.00,100 גרם,false,1,45.00,7.5000,true,1,240634
7290008863117,false,עוגת אריסטוקרט 380גר,קונדיטוריה וולפסון,IL,עוגת אריסטוקרט 380גרם,גרמים,380.00,100 גרם,false,1,34.90,9.1842,true,1,240637
7290008863179,false,עוגת אריסטוקרט 600גר,קונדיטוריה וולפסון,IL,עוגת אריסטוקרט 600גרם,גרמים,600.00,100 גרם,false,1,59.90,9.9833,true,1,240635
7290008866040,false,גבינת ברי עיזים במשק,,,גבינת ברי עיזים במשקל,קילוגרמים,1.00,"ק""ג",true,,119.00,119.0000,true,1,342457
7290008866163,false,גבינת פטה עיזים במשק,משק יעקבס,IL,גבינת פטה עיזים במשקל יעקובס,קילוגרמים,1.00,"ק""ג",true,,99.00,99.0000,true,1,344528
7290008879163,false,יין דר לוסן ריזלינג,,,יין דר לוסן ריזלינג 750 מל פקדון,מיליליטרים,750.00,"100 מ""ל",false,1,60.00,8.0000,true,1,230686
7290008909440,false,משקה פאנטה אורנג מנג,קוקה קולה,IL,פאנטה אורנג מנגו 1.5 ליטר,ליטרים,1.50,ליטר,false,12,9.30,6.2000,true,1,233997
7290008909723,false,מארז 6יח בירה טובורג,,,מארז 6יח בירה טובורג 330מל פקדון מבצע,ליטרים,1.98,ליטר,false,1,34.90,17.6263,true,1,234360
7290008909761,false,בירה קרלסברג 330מל ב,קרלסברג ישראל,,בירה קרלסברג 330מל בק. פקדון,מיליליטרים,330.00,"100 מ""ל",false,1,8.90,2.6970,true,1,336652
7290008909853,false,משקה קוקה קולה זירו,קוקה קולה,,משקה קוקה קולה זירו 500 מל פקדון,מיליליטרים,500.00,"100 מ""ל",false,1,7.50,1.5000,true,1,235002
7290008909877,false,מארז 6 יח קוקה קולה,קוקה קולה,IL,קולה ZERO שישיות 1.5 ליטר,ליטרים,9.00,ליטר,false,1,46.10,5.1222,true,1,235000
7290008921015,false,יין תשבי קברנה סירה,,,יין תשבי קברנה סירה 750 מל פקדון,מיליליטרים,750.00,"100 מ""ל",false,1,40.00,5.3333,true,1,229868
7290008921053,false,יין אדום סגול 750 מל,,,יין אדום סגול 750 מל,מיליליטרים,750.00,"100 מ""ל",false,1,40.00,5.3333,true,1,321817
7290008921077,false,יין תשבי מלבק 750 מל,יקב התשבי,IL,יין תשבי מלבק 750 מל,מיליליטרים,750.00,"100 מ""ל",false,12,45.00,6.0000,true,1,330292
7290008921121,false,יין תשבי סוביניון בל,,,יין תשבי סוביניון בלאן 750 מל,מיליליטרים,750.00,"100 מ""ל",false,1,45.00,6.0000,true,1,325740
7290008921152,false,יין רובי קברנה 2012,,,יין רובי קברנה 2012 750 מל,Unknown,0.00,Unknown,false,1,100.00,0.0000,true,1,305002
7290008921169,false,יין תשבי קברנה סובינ,,,יין תשבי קברנה סוביניון 750מל פקד,מיליליטרים,750.00,"100 מ""ל",false,1,45.00,6.0000,true,1,229575
7290008921176,false,יין תשבי מרלו 750 מל,,,יין תשבי מרלו 750 מל פקדון,מיליליטרים,750.00,"100 מ""ל",false,1,45.00,6.0000,true,1,229375
7290008921213,false,יין ויוניה לבן 2015,,,יין ויוניה לבן 2015 תשבי 750מל פקדון,מיליליטרים,750.00,"100 מ""ל",false,1,60.00,8.0000,true,1,234370
7290008921268,false,יין תישבי קברנה פרנק,,,יין תישבי קברנה פרנק 2012 750 מל,מיליליטרים,750.00,"100 מ""ל",false,1,100.00,13.3333,true,1,305009
7290008921299,false,יין פטיט ורדו תשבי 7,,,יין פטיט ורדו תשבי 750 מל,מיליליטרים,750.00,"100 מ""ל",false,1,45.00,6.0000,true,1,305283
7290008921312,false,יין תשבי ק.סוביניון,,,יין תשבי ק.סוביניון 2011 750 מל פקדון,מיליליטרים,750.00,"100 מ""ל",false,1,80.00,10.6667,true,1,230915
7290008921329,false,יין תשבי מרלו 2010 7,,,יין תשבי מרלו 2010 750 מל פקדון,מיליליטרים,750.00,"100 מ""ל",false,1,80.00,10.6667,true,1,230364
7290008921442,false,יין מלבק 2011 אדום י,,,יין מלבק 2011 אדום יבש 750 מל,מיליליטרים,750.00,"100 מ""ל",false,1,100.00,13.3333,true,1,243221
7290008921459,false,יין תשבי שיראז 2013,,,יין תשבי שיראז 2013 750מל פקדון,מיליליטרים,750.00,"100 מ""ל",false,1,80.00,10.6667,true,1,234439
7290008921480,false,יין אדום גבעת ישעיהו,,,יין אדום גבעת ישעיהו 750 מל,מיליליטרים,750.00,"100 מ""ל",false,1,100.00,13.3333,true,1,321040
7290008921527,false,יין תשבי ברוט מבעבע,,,יין תשבי ברוט מבעבע 750מל פיקדון,מיליליטרים,750.00,"100 מ""ל",false,1,80.00,10.6667,true,1,237212
7290008921541,false,יין קברנה מרלו תשבי,,,יין קברנה מרלו תשבי 750 מל,מיליליטרים,750.00,"100 מ""ל",false,1,80.00,10.6667,true,1,305011
7290008921558,false,יין תשבי מלבק אסטייט,,,יין תשבי שרדונה 2016 750 מל פקדון,מיליליטרים,750.00,"100 מ""ל",false,1,80.00,10.6667,true,1,314079
7290008921572,false,יין ויוניה גוורצטרמי,,,יין ויוניה גוורצטרמינר תשבי 750 מל,מיליליטרים,750.00,"100 מ""ל",false,1,45.00,6.0000,true,1,321001
7290008921619,false,יין תשבי פינו נואר 2,,,יין תשבי פינו נואר 2013 750 מל פקדון,מיליליטרים,750.00,"100 מ""ל",false,1,70.00,9.3333,true,1,231644
7290008921657,false,יין ספישל רזרב 2016,יקב התשבי,IL,יין ספישל רזרב 2016 750 מל,מיליליטרים,750.00,"100 מ""ל",false,6,199.00,26.5333,true,1,326592
7290008921688,false,יין תישבי פטיט סירה,,,יין תישבי פטיט סירה סינגל 750 מל,מיליליטרים,750.00,"100 מ""ל",false,1,100.00,13.3333,true,1,325154
7290008921718,false,יין תשבי 2010 גוורצט,,,יין תשבי 2010 גוורצטרמינר 750 מל פיקדון,מיליליטרים,750.00,"100 מ""ל",false,1,60.00,8.0000,true,1,239540
7290008921732,false,יין תשבי אסטייט רוזה,,,יין תשבי אסטייט רוזה 750 מל,מיליליטרים,750.00,"100 מ""ל",false,1,60.00,8.0000,true,1,345827
7290008940078,false,גבינת ברי צרפתי במשק,,FR,גבינת ברי צרפתי במשקל,קילוגרמים,1.00,"ק""ג",true,,89.00,89.0000,true,1,343585
7290008940085,false,גבינת בוראטה 110גר,,IT,גבינת בוראטה 110גר,גרמים,110.00,100 גרם,false,1,19.90,18.0909,true,1,343579
7290008940139,false,גבינת אולד אמסטרדם צ,,NL,גבינת אולד אמסטרדם צעיר במשקל,קילוגרמים,1.00,"ק""ג",true,,99.00,99.0000,true,1,343875
7290008940146,false,גבינת אולד אמסטרדם ר,,NL,גבינת אולד אמסטרדם רזרב במשקל,קילוגרמים,1.00,"ק""ג",true,,139.00,139.0000,true,1,343876
7290008940160,false,גבינת גאודה כמון במש,jacks cheese,NL,גבינת גאודה כמון במשקל,קילוגרמים,1.00,"ק""ג",true,,99.00,99.0000,true,1,344540
7290008940214,false,גבינת צדר כתום אנגלי,,,גבינת צדר כתום אנגלי 200 גר,גרמים,200.00,100 גרם,false,1,17.90,8.9500,true,1,345444
7290008940221,false,גבינת צדר לבן אנגלי,,,גבינת צדר לבן אנגלי 200 גר,גרמים,200.00,100 גרם,false,1,17.90,8.9500,true,1,345445
7290008940368,false,גבינת טקסס ברביקיו ב,,,גבינת טקסס ברביקיו במשקל,קילוגרמים,1.00,"ק""ג",true,,149.00,149.0000,true,1,345861
7290008940443,false,גבינת גאודה פלפל שחו,jacks cheese,NL,גבינת גאודה פלפל שחור במשקל,קילוגרמים,1.00,"ק""ג",true,,99.00,99.0000,true,1,347098
7290008940528,false,גבינת גאודה זיתים עג,jacks cheese,NL,גבינת גאודה זיתים עגבניות במשקל,קילוגרמים,1.00,"ק""ג",true,,99.00,99.0000,true,1,347125
7290008940535,false,גבינת גאודה פלפלים מ,jacks cheese,NL,גבינת גאודה פלפלים מתוקים במשקל,קילוגרמים,1.00,"ק""ג",true,,99.00,99.0000,true,1,347126
7290008945202,false,שקיות אשפה 50 יח גלי,,,שקיות אשפה 50 יח גלילונית למשרד 75/90,יחידה,50.00,יחידה,false,1,15.90,0.3180,true,1,229120
7290008961110,false,שימורי בשר בקר טבעי,,,שימורי בשר בקר טבעי 400 גרם,גרמים,400.00,100 גרם,false,1,22.90,5.7250,true,1,314271
7290008961127,false,שימורי בשר טושונקה ר,,,שימורי בשר טושונקה רוסי 400 גר,גרמים,400.00,100 גרם,false,1,22.90,5.7250,true,1,314272
7290008975780,false,מזון כלבים בונזו גזע,,,מזון כלבים בונזו גזע קטן 3 קג,קילוגרמים,3.00,"ק""ג",false,1,45.00,15.0000,true,1,230756
7290009106909,false,פילה טונה אדומה טרי,,,פילה טונה אדומה טרי,קילוגרמים,1.00,"ק""ג",true,,250.00,250.0000,true,1,234136
7290009106947,false,דג פלמידה לבנה טריה,,,דג פלמידה לבנה טריה,קילוגרמים,1.00,"ק""ג",true,,100.00,100.0000,true,1,251016
7290010002009,false,תערובת תיבול למאפה מ,,,תערובת תיבול למאפה מלוח 130 גרם,גרמים,130.00,100 גרם,false,1,10.90,8.3846,true,1,339293
7290010002016,false,תבלין כוסברה טחונה מ,א.ל ייצור ושיווק תבל,,תבלין כוסברה טחונה מיכל 100 גר,גרמים,100.00,100 גרם,false,1,9.50,9.5000,true,1,236793
7290010002023,false,כורכום טחון מיכל 100,א.ל ייצור ושיווק תבל,,כורכום טחון מיכל 100 גר,גרמים,100.00,100 גרם,false,1,11.90,11.9000,true,1,236794
7290010002030,false,כמון טחון מיכל 100 ג,א.ל ייצור ושיווק תבל,,כמון טחון מיכל 100 גר,גרמים,100.00,100 גרם,false,1,11.90,11.9000,true,1,236779
7290010002047,false,מלח לימון מיכל 200 ג,א.ל ייצור ושיווק תבל,,מלח לימון מיכל 200 גר,גרמים,200.00,100 גרם,false,1,11.90,5.9500,true,1,236795
7290010002061,false,פלפל לבן טחון מיכל 1,א.ל ייצור ושיווק תבל,IL,פלפל לבן טחון 100 גרם,גרמים,100.00,100 גרם,false,6,17.90,17.9000,true,1,236799
7290010002078,false,פלפל שחור טחו ן מיכל,א.ל ייצור ושיווק תבל,IL,פלפל שחור טחון 100 גרם,גרמים,100.00,100 גרם,false,6,14.50,14.5000,true,1,236780
7290010002092,false,פלפל שחור גרוס דק מי,א.ל ייצור ושיווק תבל,IL,פלפל שחור גרוס דק 90 גרם,Unknown,0.00,Unknown,false,6,14.50,0.0000,true,1,236782
7290010002108,false,פלפל שחור גרוס גס מי,א.ל ייצור ושיווק תבל,IL,פלפל שחור גרוס גס 90 גרם,Unknown,0.00,Unknown,false,6,14.50,0.0000,true,1,236783
7290010002122,false,פפריקה הונגרית מתוקה,א.ל ייצור ושיווק תבל,,פפריקה הונגרית מתוקה מיכל 100 גר,גרמים,100.00,100 גרם,false,1,11.90,11.9000,true,1,236785
7290010002139,false,פפריקה הונגרית חריפה,א.ל ייצור ושיווק תבל,,פפריקה הונגרית חריפה מיכל 100 גר,גרמים,100.00,100 גרם,false,1,11.90,11.9000,true,1,236786
7290010002146,false,פפריקה מרוקאית מתוקה,א.ל ייצור ושיווק תבל,,פפריקה מרוקאית מתוקה מיכל 100 גר,גרמים,100.00,100 גרם,false,1,11.90,11.9000,true,1,236787
7290010002153,false,פפריקה מרוקאית חריפה,א.ל ייצור ושיווק תבל,,פפריקה מרוקאית חריפה מיכל100 גר,גרמים,100.00,100 גרם,false,1,11.90,11.9000,true,1,236788
7290010002191,false,מקלות קינמון מיכל 7,א.ל ייצור ושיווק תבל,,מקלות קינמון מיכל 70 גר,Unknown,0.00,Unknown,false,1,11.90,0.0000,true,1,236797
7290010002207,false,תבלין קינמון טחו ן מ,א.ל ייצור ושיווק תבל,,תבלין קינמון טחו ן מיכל 100 גר,גרמים,100.00,100 גרם,false,1,9.50,9.5000,true,1,236798
7290010002214,false,תבלין צילי מקסיקני ג,א.ל ייצור ושיווק תבל,,תבלין צילי מקסיקני גרוס מיכל 80 גר,Unknown,0.00,Unknown,false,1,11.90,0.0000,true,1,236789
7290010002283,false,תיבול על האש מיכל 1,א.ל ייצור ושיווק תבל,,תיבול על האש מיכל 100 גר,גרמים,100.00,100 גרם,false,1,11.90,11.9000,true,1,236808
7290010002290,false,תערובת לשווארמה מיכל,א.ל ייצור ושיווק תבל,,תערובת לשווארמה מיכל 100 גר,גרמים,100.00,100 גרם,false,1,11.90,11.9000,true,1,236809
7290010002306,false,תערובת לקציצות מיכל,א.ל ייצור ושיווק תבל,,תערובת לקציצות מיכל 100 גר,גרמים,100.00,100 גרם,false,1,11.90,11.9000,true,1,236790
7290010002313,false,תבלין ראס אל חנות מי,א.ל ייצור ושיווק תבל,,תבלין ראס אל חנות מיכל 100 גר,גרמים,100.00,100 גרם,false,1,11.90,11.9000,true,1,236791
7290010002320,false,תיבול גריל עוף מיכל,א.ל ייצור ושיווק תבל,,תיבול גריל עוף מיכל 100 גר,גרמים,100.00,100 גרם,false,1,11.90,11.9000,true,1,236810
7290010002337,false,תיבול לסטייק מיכל 10,א.ל ייצור ושיווק תבל,,תיבול לסטייק מיכל 100 גר,גרמים,100.00,100 גרם,false,1,11.90,11.9000,true,1,236811
7290010002344,false,תיבול לדג מיכל 110 ג,א.ל ייצור ושיווק תבל,,תיבול לדג מיכל 110 גר,גרמים,100.00,100 גרם,false,1,11.90,11.9000,true,1,236812
7290010002351,false,זעתר ושומשום מיכל 10,א.ל ייצור ושיווק תבל,,זעתר ושומשום מיכל 100 גר,גרמים,100.00,100 גרם,false,1,11.90,11.9000,true,1,236813
7290010002368,false,תיבול חוואיג למרק מי,א.ל ייצור ושיווק תבל,,תיבול חוואיג למרק מיכל 100 גר,גרמים,100.00,100 גרם,false,1,11.90,11.9000,true,1,236814
7290010002375,false,קארי מדרבס מיכל 100,א.ל ייצור ושיווק תבל,,קארי מדרס מיכל 100 גר,גרמים,100.00,100 גרם,false,1,11.90,11.9000,true,1,236792
7290010002382,false,תבלין אורגנו מיכל 40,א.ל ייצור ושיווק תבל,,תבלין אורגנו מיכל 40 גר,Unknown,0.00,Unknown,false,1,9.50,0.0000,true,1,236801
7290010002399,false,תבלין בזיליקום ריחן,א.ל ייצור ושיווק תבל,,תבלין בזיליקום ריחן מיכל 50 גר,Unknown,0.00,Unknown,false,1,9.50,0.0000,true,1,236802
7290010002405,false,תבלין טימין הררי מיכ,א.ל ייצור ושיווק תבל,,תבלין טימין הררי מיכל 50 גר,Unknown,0.00,Unknown,false,1,9.50,0.0000,true,1,236803
7290010002429,false,תבלין עלי דפנה מיכל,א.ל ייצור ושיווק תבל,,תבלין עלי דפנה מיכל 20 גר,Unknown,0.00,Unknown,false,1,9.50,0.0000,true,1,236804
7290010002436,false,תבלין פטרוזיליה מיכל,א.ל ייצור ושיווק תבל,,תבלין פטרוזיליה מיכל 25 גר,Unknown,0.00,Unknown,false,1,9.50,0.0000,true,1,236805
7290010002443,false,תבלין רוזמרין מיכל,א.ל ייצור ושיווק תבל,,תבלין רוזמרין מיכל 50 גר,Unknown,0.00,Unknown,false,1,9.50,0.0000,true,1,236806
7290010002450,false,תבלין שמיר מיכל 30,א.ל ייצור ושיווק תבל,IL,שמיר 25 גרם,Unknown,0.00,Unknown,false,6,9.50,0.0000,true,1,236807
7290010002481,false,שום טחון צנצנת 100 ג,א.ל ייצור ושיווק תבל,,תבלין שום טחון מיכל 100 גר,גרמים,100.00,100 גרם,false,1,14.50,14.5000,true,1,236815
7290010002498,false,שום גבישי צנצנת 120,א.ל ייצור ושיווק תבל,,תבלין שום גבישי מיכל 120 גר,גרמים,120.00,100 גרם,false,1,14.50,12.0833,true,1,236816
7290010002597,false,תבלין כוסברה ירוקה,א.ל ייצור ושיווק תבל,,תבלין כוסברה ירוקה מיכל 20 גר,Unknown,0.00,Unknown,false,1,9.50,0.0000,true,1,236818
7290010002658,false,פלפל שטה יבש מתוק שק,א.ל ייצור ושיווק תבל,,תבלין פלפל יבש מתוק שקית 150 גר,גרמים,150.00,100 גרם,false,1,15.90,10.6000,true,1,236820
7290010002696,false,ציפס אורז חום שמנת ו,,,ציפס אורז חום שמנת ובצל 60 גרם,Unknown,0.00,Unknown,false,24,6.90,0.0000,true,1,345963
7290010002726,false,תיבול לפרגיות מיכל 1,א.ל ייצור ושיווק תבל,,תיבול לפרגיות מיכל 100 גר,גרמים,100.00,100 גרם,false,1,11.90,11.9000,true,1,236819
7290010003051,false,פפריקה הונגרית מתוקה,א.ל ייצור ושיווק תבל,,פפריקה הונגרית מתוקה400 גר שקית,גרמים,400.00,100 גרם,false,1,24.90,6.2250,true,1,248455
7290010003075,false,פפריקה מרוקאית מתוקה,א.ל ייצור ושיווק תבל,,פפריקה מרוקאית מתוקה400 גר שקית,גרמים,400.00,100 גרם,false,1,24.90,6.2250,true,1,248456
7290010003686,false,עלי דפנה שקית 20 גרם,א.ל ייצור ושיווק תבל,,עלי דפנה שקית 20 גרם,Unknown,0.00,Unknown,false,1,5.90,0.0000,true,1,248126
7290010003693,false,פפריקה מתוקה שקית 80,א.ל ייצור ושיווק תבל,IL,פריקה מתוקה שקית 80 גרם - חדש,Unknown,0.00,Unknown,false,60,5.90,0.0000,true,1,248127
7290010003709,false,פלפל שחור טחון שקית,א.ל ייצור ושיווק תבל,IL,פלפל שחור טחון שקית 50 גרם - חדש,Unknown,0.00,Unknown,false,60,7.90,0.0000,true,1,248144
7290010003754,false,כמון טחון שקית 50 גר,א.ל ייצור ושיווק תבל,IL,כמון טחון שקית 50 גרם - חדש,Unknown,0.00,Unknown,false,60,5.90,0.0000,true,1,248129
7290010003761,false,כרכום טחון שקית 80 ג,א.ל ייצור ושיווק תבל,IL,כורכום טחון שקית 80 גרם - חדש,Unknown,0.00,Unknown,false,60,5.90,0.0000,true,1,248131
7290010003778,false,תיבול לגריל עוף שקית,א.ל ייצור ושיווק תבל,IL,תיבול לגריל עוף שקית 80 גרם - חדש,Unknown,0.00,Unknown,false,60,5.90,0.0000,true,1,248133
7290010003792,false,מלח לימון שקית 100 ג,א.ל ייצור ושיווק תבל,IL,מלח לימון שקית 100 גרם - חדש,גרמים,100.00,100 גרם,false,60,5.90,5.9000,true,1,248135
7290010003808,false,זעתר ושומשום שקית 80,א.ל ייצור ושיווק תבל,IL,זעתר ושומשום שקית 80גרם - חדש,Unknown,0.00,Unknown,false,60,5.90,0.0000,true,1,248136
7290010003815,false,פלפל שטה יבש שקית150,א.ל ייצור ושיווק תבל,,פלפל שטה יבש שקית 150 גר,גרמים,150.00,100 גרם,false,1,15.90,10.6000,true,1,238054
7290010003822,false,פפריקה חריפה שקית 80,א.ל ייצור ושיווק תבל,IL,פפריקה חריפה שקית 80 גרם - חדש,Unknown,0.00,Unknown,false,60,5.90,0.0000,true,1,248137
7290010003839,false,קינמון טחון שקית 80,א.ל ייצור ושיווק תבל,IL,קינמון טחון שקית 80 גרם - חדש,Unknown,0.00,Unknown,false,60,5.90,0.0000,true,1,248138
7290010003846,false,אורגנו שקית 20 גרם,א.ל ייצור ושיווק תבל,,אורגנו שקית 20 גרם,Unknown,0.00,Unknown,false,1,5.90,0.0000,true,1,248140
7290010003990,false,פטרוזיליה שקית 20 גר,א.ל ייצור ושיווק תבל,,פטרוזיליה שקית 20 גרם,Unknown,0.00,Unknown,false,1,5.90,0.0000,true,1,248142
7290010023141,false,תה גן הקסום לימונענע,תה ויסוצקי,,תה גן הקסום לימונענע 2ג 25 שק,יחידה,25.00,יחידה,false,1,18.90,0.7560,true,1,230879
7290010023943,false,רוייבוש תה קינמון ונ,תה ויסוצקי,IL,רויבוש קינמון וניל,יחידה,25.00,יחידה,false,6,25.90,1.0360,true,1,232552
7290010036363,false,יין בזלת הגולן ק.סוב,,IL,יין בזלת הגולן ק.סוביניון ברונזה 750 מל,מיליליטרים,750.00,"100 מ""ל",false,6,110.00,14.6667,true,1,329053
7290010036844,false,יין בזלת הגולן שרדונ,,IL,יין בזלת הגולן שרדונה רזרב 2017 750 מל,מיליליטרים,750.00,"100 מ""ל",false,6,110.00,14.6667,true,1,327989
7290010042067,false,אפונה קפואה 2.5קג פס,,,אפונה קפואה 2.5קג פסקוביץ,גרמים,2500.00,100 גרם,false,1,29.90,1.1960,true,1,333995
7290010042081,false,פולי סויה אדממה 1 קג,,,פולי סויה אדממה 1 קג קפוא פסקוביץ,קילוגרמים,1.00,"ק""ג",false,1,13.90,13.9000,true,1,333972
7290010042227,false,גרעיני תירס 2.5 קג פ,,,גרעיני תירס 2.5 קג פסקוביץ,גרמים,2500.00,100 גרם,false,1,29.90,1.1960,true,1,334000
7290010042241,false,שעועית ירוקה חתוכה 2,,,שעועית ירוקה חתוכה 2.5קג פסקוביץ,גרמים,2500.00,100 גרם,false,1,27.90,1.1160,true,1,333997
7290010042258,false,אפונה וגזר 2.5 קג פס,,,אפונה וגזר 2.5 קג פסקוביץ,גרמים,2500.00,100 גרם,false,1,29.90,1.1960,true,1,333998
7290010042296,false,שעועית ירוקה שלמה עד,,,שעועית ירוקה שלמה עדינה 2.5קג פסקוביץ,גרמים,2500.00,100 גרם,false,1,32.90,1.3160,true,1,333996
7290010042357,false,פטל שחור 300גר קפוא,,,פטל שחור 300גר קפוא פסקוביץ,גרמים,300.00,100 גרם,false,1,11.90,3.9667,true,1,333977
7290010042371,false,דובדבנים 300גר קפוא,,,דובדבנים 300גר קפוא פסקוביץ,גרמים,300.00,100 גרם,false,1,11.90,3.9667,true,1,333978
7290010042463,false,סטייק ציפס 2.5 קג קפ,,,סטייק ציפס 2.5 קג קפוא פסקוביץ,גרמים,2500.00,100 גרם,false,1,36.90,1.4760,true,1,333987
7290010042524,false,ציפס קלאסי 2.5 קג קפ,,,ציפס קלאסי 2.5 קג קפוא פסקוביץ,גרמים,2500.00,100 גרם,false,1,36.90,1.4760,true,1,333985
7290010042586,false,גזר גמדי 2.5 קג פסקו,,,גזר גמדי 2.5 קג פסקוביץ,גרמים,2500.00,100 גרם,false,1,26.90,1.0760,true,1,333999
7290010042609,false,ציפס אמריקאי 2.5 קג,,,ציפס אמריקאי 2.5 קג קפוא פסקוביץ,גרמים,2500.00,100 גרם,false,1,36.90,1.4760,true,1,333992
7290010042777,false,ציפס פלחים מתובל 2.5,,,ציפס פלחים מתובל 2.5קג קפוא פסקוביץ,גרמים,2500.00,100 גרם,false,1,36.90,1.4760,true,1,333990
7290010042869,false,דומדניות אדומות 300ג,,,דומדניות אדומות 300גרם קפוא פסקוביץ,גרמים,300.00,100 גרם,false,1,11.90,3.9667,true,1,333982
7290010042876,false,חמוציות 300גרם קפוא,,,חמוציות 300גרם קפוא פסקוביץ,גרמים,300.00,100 גרם,false,1,11.90,3.9667,true,1,333984
7290010051144,false,תרד עלים יח,,,תרד עלים 180 גר יח,Unknown,0.00,Unknown,false,1,8.90,0.0000,true,1,238801
7290010051168,false,כוסברה,,,כוסברה,Unknown,0.00,Unknown,false,1,4.00,0.0000,true,1,233716
7290010051205,false,סלרי עלים,,,סלרי עלים,Unknown,0.00,Unknown,false,1,5.90,0.0000,true,1,232142
7290010051212,false,סלרי ראש,,,סלרי ראש,Unknown,0.00,Unknown,false,1,5.90,0.0000,true,1,232143
7290010051243,false,תרד ניוזילנדי,,,תרד ניוזילנדי,Unknown,0.00,Unknown,false,1,11.90,0.0000,true,1,345813
7290010051281,false,עלי רוקולה,,,עלי רוקולה,Unknown,0.00,Unknown,false,1,7.90,0.0000,true,1,254743
7290010051311,false,סלרי עלים,,,סלרי עלים,Unknown,0.00,Unknown,false,1,5.90,0.0000,true,1,312243
7290010051373,false,לבבות חסה שקית,,,לבבות חסה שקית,Unknown,0.00,Unknown,false,1,9.90,0.0000,true,1,321860
7290010063468,false,יין לאטור לבן נטופה,יקב נטופה,,יין לאטור לבן נטופה 750מל פקדון,מיליליטרים,750.00,"100 מ""ל",false,1,85.00,11.3333,true,1,249096
7290010063673,false,יין תל קאסר אדום 750,,,יין תל קאסר אדום 750 מל,מיליליטרים,750.00,"100 מ""ל",false,1,125.00,16.6667,true,1,318053
7290010063680,false,יין תל קאסר לבן 750,,,יין תל קאסר לבן 750 מל,מיליליטרים,750.00,"100 מ""ל",false,1,125.00,16.6667,true,1,318052
7290010065127,false,ליקוקים שימורי חתולי,,,ליקוקים שימורי חתולים 415 ג עוף,גרמים,415.00,100 גרם,false,1,5.90,1.4217,true,1,231629
7290010065318,false,מחית פרינוק גוניור,,CZ,מחית פרינוק גוניור תפוחי עץ 190 ג שלב 3,גרמים,190.00,100 גרם,false,1,5.90,3.1053,true,1,232001
7290010065332,false,מחית פרינוק גוניור,,,מחית פרינוק גוניור תפוח+בננה190ג שלב 3,גרמים,190.00,100 גרם,false,1,5.90,3.1053,true,1,232003
7290010065349,false,מחית פרינוק גוניור,,,מחית פרינוק גוניור סלט פירות190ג שלב 3,גרמים,190.00,100 גרם,false,1,5.90,3.1053,true,1,232004
7290010065745,false,מחית פרינוק גוניור,,,מחית פרינוק גוניור לפתן פירות190ג,גרמים,190.00,100 גרם,false,1,5.90,3.1053,true,1,250788
7290010115938,false,ביסקויט פתיבר שוקו 5,,,ביסקויט פתי בר שוקו 500 גרם,גרמים,500.00,100 גרם,false,1,9.90,1.9800,true,1,230904
7290010116348,false,חטיף מיני מיקס מעורב,,,חטיף מיני מיקס מעורב מגדים 390 ג משפחתי,גרמים,390.00,100 גרם,false,1,24.90,6.3846,true,1,338863
7290010116386,false,חטיף מיני מקופלת 400,,,חטיף מיני מקופלת 400 ג מגדים,גרמים,400.00,100 גרם,false,1,24.90,6.2250,true,1,312103
7290010117864,false,חטיף דוריטוס בטעם חר,STRAUSS-ISRAEL,IL,דוריטוס חריף אש 70 גרם,Unknown,0.00,Unknown,false,48,3.70,0.0000,true,1,233376
7290010118328,false,מארז6יח תפוציפס טבעי,STRAUSS-ISRAEL,,מארז6יח תפוציפס טבעי 40גר,גרמים,240.00,100 גרם,false,12,13.00,5.4167,true,1,233910
7290010154005,false,סחוג תימני 250 גרם,תבליני יוחאי ביטון,IL,סחוג תימני 250 גרם,גרמים,250.00,100 גרם,false,12,15.50,6.2000,true,1,230621
7290010154012,false,לימון כבוש 250 גרם,תבליני יוחאי ביטון,IL,לימון כבוש 250 גרם,גרמים,250.00,100 גרם,false,12,15.50,6.2000,true,1,230622
7290010154029,false,אריסה מתוקה 250 גרם,תבליני יוחאי ביטון,IL,אריסה מתוקה 250 גרם,גרמים,250.00,100 גרם,false,12,15.50,6.2000,true,1,230862
7290010154036,false,עמבה 250 גרם,תבליני יוחאי ביטון,IL,עמבה 250 גרם,גרמים,250.00,100 גרם,false,12,15.50,6.2000,true,1,230863
7290010154050,false,ממרח שיפקה כבוש 250ג,תבליני יוחאי ביטון,,ממרח שיפקה כבוש 250גר ביטון,גרמים,250.00,100 גרם,false,1,15.50,6.2000,true,1,344308
7290010154241,false,סלט חזרת ביתית 250 ג,תבליני יוחאי ביטון,,סלט חזרת ביתית 250 גרם,גרמים,250.00,100 גרם,false,1,15.50,6.2000,true,1,231006
7290010154265,false,פלפל צומה 250 ג ביטו,תבליני יוחאי ביטון,IL,פלפל צומה 250 ג ביטון,גרמים,250.00,100 גרם,false,12,15.50,6.2000,true,1,233124
7290010154418,false,סחוג אדום 130 ג ביטו,תבליני יוחאי ביטון,IL,סחוג אדום 130 ג ביטון,גרמים,130.00,100 גרם,false,12,9.90,7.6154,true,1,243639
7290010154425,false,סחוג ירוק 130 ג ביטו,תבליני יוחאי ביטון,IL,סחוג ירוק 130 ג ביטון,גרמים,130.00,100 גרם,false,12,9.90,7.6154,true,1,243640
7290010154548,false,ממרח שום טבעי 235 גר,תבליני יוחאי ביטון,IL,ממרח שום טבעי 235 גרם,גרמים,235.00,100 גרם,false,12,12.90,5.4894,true,1,309968
7290010154555,false,ממרח לימון כבוש 235,תבליני יוחאי ביטון,IL,ממרח לימון כבוש 235 גרם,גרמים,235.00,100 גרם,false,12,12.90,5.4894,true,1,309970
7290010154678,false,אריסה מרוקאית 250 גר,תבליני יוחאי ביטון,,אריסה מרוקאית 250 גרם,גרמים,250.00,100 גרם,false,1,14.90,5.9600,true,1,322502
7290010154685,false,סלט שום כתוש 250 גרם,תבליני יוחאי ביטון,,סלט שום כתוש 250 גרם,גרמים,250.00,100 גרם,false,1,14.90,5.9600,true,1,322503
7290010154692,false,סחוג אדום 250 גרם בי,תבליני יוחאי ביטון,,סחוג אדום 250 גרם ביטון,גרמים,250.00,100 גרם,false,1,15.50,6.2000,true,1,336897
7290010173020,false,יין גליל סוביניון בל,יקבי רמת הגולן,,יין גליל סוביניון בלאן 750 מל פקדון,מיליליטרים,750.00,"100 מ""ל",false,1,60.00,8.0000,true,1,234174
7290010173037,false,יין בר הרי גליל רוזה,יקבי רמת הגולן,,יין גליל רוזה 2016 750 מל פקדון,מיליליטרים,750.00,"100 מ""ל",false,1,40.00,5.3333,true,1,232794
7290010173044,false,יין בר הרי גליל מרלו,יקבי רמת הגולן,,יין גליל מרלו 2016 750 מל פקדון,מיליליטרים,750.00,"100 מ""ל",false,1,40.00,5.3333,true,1,230993
7290010173068,false,יין בר הרי גליל ק.סו,יקבי רמת הגולן,,יין גליל ק.סוביניון 2016 750 מל,מיליליטרים,750.00,"100 מ""ל",false,1,40.00,5.3333,true,1,230994
7290010173174,false,יין גליל אלון 2014 7,יקבי רמת הגולן,,יין גליל אלון 2014 750 מל פקדון,מיליליטרים,750.00,"100 מ""ל",false,1,60.00,8.0000,true,1,242177
7290010173181,false,יין גליל אלה 2014 75,יקבי רמת הגולן,,יין גליל אלה 2014 750 מל,מיליליטרים,750.00,"100 מ""ל",false,1,60.00,8.0000,true,1,243323
7290010173334,false,יין בר הרי גליל סירה,יקבי רמת הגולן,,יין הרי גליל סירה 2016 750 מל פקדון,מיליליטרים,750.00,"100 מ""ל",false,1,40.00,5.3333,true,1,234580
7290010192120,false,צנונית ארוזה,,,צנונית ארוזה,Unknown,0.00,Unknown,false,1,5.00,0.0000,true,1,247295
7290010199891,false,אלסבון ארומטי תה אדו,,,"אלסבון ארומטי תה אדום משאה 500 מ""ל",מיליליטרים,500.00,"100 מ""ל",false,1,8.90,1.7800,true,1,235125
7290010199907,false,אלסבון ארומטי תה ירו,,,"אלסבון ארומטי תה ירוק משאבה 500 מ""ל",מיליליטרים,500.00,"100 מ""ל",false,1,8.90,1.7800,true,1,234568
7290010228201,false,עוגיות נשיקות מרנג 1,,,עוגיות נשיקות מרנג 100 גר,גרמים,100.00,100 גרם,false,1,19.90,19.9000,true,1,234574
7290010237531,false,משקה פפסי קולה קוול,,,משקה פפסי קולה קוול 500 מל בק פקדון,מיליליטרים,500.00,"100 מ""ל",false,1,5.90,1.1800,true,1,233835
7290010237562,false,משקה פפסי מרינדה קוו,,,משקה פפסי מרינדה קוול 500 מל בק פקדון,מיליליטרים,500.00,"100 מ""ל",false,1,5.90,1.1800,true,1,240173
7290010237579,false,משקה סבן אפ קוול 500,,,משקה סבן אפ קוול 500 מל בק פקדון,מיליליטרים,500.00,"100 מ""ל",false,1,5.90,1.1800,true,1,233837
7290010237685,false,בירה היינקן בק330מל,,,בירה היינקן בק330מל בק. פיקדון,מיליליטרים,330.00,"100 מ""ל",false,1,8.90,2.6970,true,1,336653
7290010259977,false,שמן קנולה 1 ליטר ויל,ברקולמן,DE,שמן קנולה מזוכך 1ליטר (15),ליטרים,1.00,ליטר,false,15,10.90,10.9000,true,1,232451
7290010259991,false,צנימים קלאסיק 250 גר,דן קייק,,צנימים 250 גר רגילים,גרמים,250.00,100 גרם,false,1,7.90,3.1600,true,1,237610
7290010287215,false,יין אסטייט שקמה רוזה,,IL,יין אסטייט שקמה רוזה מרלו סירה 750 מל,מיליליטרים,750.00,"100 מ""ל",false,12,60.00,8.0000,true,1,342205
7290010287314,false,יין שור אסטייט שקמה,,IL,יין שור אסטייט שקמה מרסאן 750 מל,מיליליטרים,750.00,"100 מ""ל",false,12,60.00,8.0000,true,1,342212
7290010287468,false,יין שור אסטייט שקמה,,IL,יין שור אסטייט שקמה מוסקט 750 מל,מיליליטרים,750.00,"100 מ""ל",false,12,60.00,8.0000,true,1,342211
7290010287482,false,יין שור אסטייט שקמה,,IL,יין שור אסטייט שקמה שני בלנד 750 מל,מיליליטרים,750.00,"100 מ""ל",false,12,60.00,8.0000,true,1,342210
7290010298273,false,יין דרך ארץ שרדונה 7,,IL,יין דרך ארץ שרדונה 750 מל פיקדון,מיליליטרים,750.00,"100 מ""ל",false,1,35.00,4.6667,true,1,317843
7290010298846,false,יין טומאסי אמרונה 75,,,יין טומאסי אמרונה 750 מל פקדון,מיליליטרים,750.00,"100 מ""ל",false,1,240.00,32.0000,true,1,231057
7290010298938,false,יין טומאסי פינו גריג,,,יין טומאסי פינו גריגיו 750 מל פקדון,מיליליטרים,750.00,"100 מ""ל",false,1,65.00,8.6667,true,1,231059
7290010298945,false,יין טומאסי ריפאסו וו,,,יין טומאסי ריפאסו וולפוליצלה 750 מל פקדו,מיליליטרים,750.00,"100 מ""ל",false,1,100.00,13.3333,true,1,231062
7290010298983,false,יין טומאסי וולפוליצל,טומאסי,IT,יין טומאסי וולפוליצלה 750 מל פקדון,מיליליטרים,750.00,"100 מ""ל",false,1,70.00,9.3333,true,1,328928
7290010298990,false,יין טומאסי רפאל וולפ,,,יין טומאסי רפאל וולפוליצלה 750מל פקדון,מיליליטרים,750.00,"100 מ""ל",false,1,80.00,10.6667,true,1,231068
7290010328093,false,ממרח חלבה אחווה 400,,,ממרח חלבה אחווה 400 גרם,גרמים,400.00,100 גרם,false,1,11.90,2.9750,true,1,233991
7290010328178,false,חלבה מסולסלת אחווה 2,,,חלבה מסולסלת אחווה 250 גר,גרמים,250.00,100 גרם,false,1,10.90,4.3600,true,1,329556
7290010328468,false,חטיפי חלבה אחווה טעמ,,,חטיפי חלבה אחווה טעמים 18 גר,Unknown,0.00,Unknown,false,1,10.90,0.0000,true,1,325418
7290010328505,false,חטיפי חלבה אחווה ללא,,,חטיפי חלבה אחווה ללא סוכר 15 יח,Unknown,0.00,Unknown,false,1,10.90,0.0000,true,1,325419
7290010328727,false,ממרח טחינה עם שוקולד,,,ממרח טחינה עם שוקולד אחווה 400 גרם,גרמים,400.00,100 גרם,false,1,11.90,2.9750,true,1,310812
7290010328734,false,ממרח טחינה עם סילאן,,,ממרח טחינה עם סילאן אחווה 400 גרם,גרמים,400.00,100 גרם,false,1,11.90,2.9750,true,1,310813
7290010328819,false,ממרח טחינה עם שוקולד,,,ממרח טחינה עם שוקולד ל.ס.400 גרם,גרמים,400.00,100 גרם,false,1,11.90,2.9750,true,1,329557
7290010329854,false,עוג.מיני קוקיס בטעם,כרמית,,עוג.מיני קוקיס בטעם חמאה ל.ס600גר,גרמים,600.00,100 גרם,false,1,19.90,3.3167,true,1,235225
7290010373055,false,ערק זחלאווי אליאלי מ,אלנמרוד,,ערק זחלאווי אליאלי מקורי 500 מל פיקדון,מיליליטרים,500.00,"100 מ""ל",false,1,65.00,13.0000,true,1,236171
7290010417162,false,יין גמלא ריזלינג עבר,יקבי רמת הגולן,,יין גמלא ריזלינג 750 מל פקדון רמת הגולן,מיליליטרים,750.00,"100 מ""ל",false,1,60.00,8.0000,true,1,232398
7290010429684,false,זוג דבש יד מרדכי 350,,,זוג דבש יד מרדכי 350 ג צנצנת,גרמים,700.00,100 גרם,false,1,34.90,4.9857,true,1,232818
7290010471669,false,יוגורט דנונה בר קראנ,,,יוגורט דנונה בר קראנצ תות קורנפלקס 175גר,גרמים,175.00,100 גרם,false,1,4.70,2.6857,true,1,231892
7290010513703,false,צופסטיקס יפני 20 יח,Guilin fengzhu tradi,,צופסטיקס יפני 20 יח,Unknown,0.00,Unknown,false,1,6.90,0.0000,true,1,233281
7290010513727,false,פירורי לחם פנקו 200,Qingdao Sun-growing,CN,פנקו פרורי לחם 200 גרם (קינגדאו),גרמים,200.00,100 גרם,false,20,8.90,4.4500,true,1,245760
7290010517367,false,יין פלם 2015 קלאסיקו,,,יין פלם 2015 קלאסיקו 750 מל,מיליליטרים,750.00,"100 מ""ל",false,1,110.00,14.6667,true,1,312180
7290010546053,false,גרנולה מנדל ללא סוכר,מנדל,,גרנולה מנדל ללא סוכר 400 גר צנצנת,גרמים,400.00,100 גרם,false,1,19.90,4.9750,true,1,246179
7290010546152,false,גרנולה מנדל תמרים 40,מנדל,,גרנולה מנדל תמרים 400 גר צנצנת,גרמים,400.00,100 גרם,false,1,19.90,4.9750,true,1,246177
7290010546169,false,גרנולה מנדל שקד צימו,מנדל,,גרנולה מנדל שקד צימוק 400 גר צנצנת,גרמים,400.00,100 גרם,false,1,19.90,4.9750,true,1,246176
7290010546336,false,גרנולה מנדל בסילאן ל,מנדל,,גרנולה מנדל בסילאן ל.סוכר 400 גרם,גרמים,400.00,100 גרם,false,1,19.90,4.9750,true,1,308916
7290010546343,false,תערובת חביתה טבעונית,,,תערובת חביתה טבעונית 100 גרם ליב,גרמים,100.00,100 גרם,false,1,12.90,12.9000,true,1,304642
7290010546558,false,גרנולה מנדל חלבה תמר,מנדל,,גרנולה מנדל חלבה תמרים 400 גרם,גרמים,400.00,100 גרם,false,1,19.90,4.9750,true,1,319845
7290010546565,false,גרנולה מנדל שוקולד 4,מנדל,,גרנולה מנדל שוקולד 400 גרם,גרמים,400.00,100 גרם,false,1,19.90,4.9750,true,1,319846
7290010546633,false,גרנולה מנדל חמאת בוט,מנדל,,גרנולה מנדל חמאת בוטנים 350 גר צנצנת,גרמים,350.00,100 גרם,false,1,19.90,5.6857,true,1,335366
7290010548514,false,עשבי תיבול לבישול אי,דורות,IL,עשבי תיבול לבישול איטלקי דורות 70 גר,גרמים,70.00,100 גרם,false,32,11.90,17.0000,true,1,234168
7290010549108,false,רכז רימונים 350 גרם,,UZ,רכז רימונים 350 גרם 100% טבעי גרנטה,גרמים,350.00,100 גרם,false,6,31.90,9.1143,true,1,337756
7290010561117,false,ברילי כמו גבינה לבנה,,,ברילי כמו גבינה לבנה 5% 220גר טבעוני,גרמים,220.00,100 גרם,false,1,18.90,8.5909,true,1,233398
7290010561124,false,ברילי כמו גבינת שמנת,,,ברילי כמו גבינת שמנת זיתים 20% 220גר,גרמים,220.00,100 גרם,false,1,18.90,8.5909,true,1,320084
7290010561131,false,ברילי כמו גבינת שמנת,,,ברילי כמו גבינת שמנת 20% 220גר טבעונ,גרמים,220.00,100 גרם,false,1,18.90,8.5909,true,1,320085
7290010561179,false,ברילי כמו לאבנה 220ג,,,ברילי כמו לאבנה 220גר 5% טבעוני,גרמים,220.00,100 גרם,false,1,18.90,8.5909,true,1,343921
7290010561360,false,באגט קמח טף 360גר בר,,,באגט קמח טף 360גר ברילי אקסטרא,גרמים,360.00,100 גרם,false,1,18.90,5.2500,true,1,336419
7290010561421,false,לחם כפרי קמח טף 500ג,,,לחם כפרי קמח טף 500גר ברילי אקסטרא,גרמים,500.00,100 גרם,false,1,21.90,4.3800,true,1,320286
7290010561582,false,עוגת בראוניז קיטו בר,אשבל,IL,עוגת בראוניז קיטו ברילי 50גר,Unknown,0.00,Unknown,false,18,12.90,0.0000,true,1,346435
7290010561599,false,מאפינס מייפל קיטו בר,אשבל,IL,מאפינס מייפל קיטו ברילי 50גר,Unknown,0.00,Unknown,false,18,12.90,0.0000,true,1,346436
7290010561612,false,מאפינס וניל קיטו ברי,אשבל,IL,מאפינס וניל קיטו ברילי 50גר,Unknown,0.00,Unknown,false,18,12.90,0.0000,true,1,346430
7290010561650,false,ברילי פתיתים אפויים,,,ברילי פתיתים אפויים ללג 250 גר,גרמים,250.00,100 גרם,false,18,16.90,6.7600,true,1,337619
7290010561667,false,ברילי פתיתים אפויים,,,ברילי פתיתים אפויים ללג קוסקוס 250 גר,גרמים,250.00,100 גרם,false,18,16.90,6.7600,true,1,337620
7290010582686,true,ליצי ארוז,,,ליצי ארוז,Unknown,0.00,Unknown,false,,14.90,0.0000,true,1,346271
7290010587100,false,יין פורט טוליפ 750מל,יקב טוליפ,,יין פורט טוליפ 750מל פקדון,מיליליטרים,750.00,"100 מ""ל",false,1,100.00,13.3333,true,1,234244
7290010587438,false,יין בלאק טוליפ 2015,יקב טוליפ,,יין בלאק טוליפ 2015 750 מל פקדון,מיליליטרים,750.00,"100 מ""ל",false,1,199.00,26.5333,true,1,319697
7290010587445,false,יין טוליפ וויט פרנק,יקב טוליפ,,יין טוליפ וויט פרנק 2017 750 מל פקדון,מיליליטרים,750.00,"100 מ""ל",false,1,65.00,8.6667,true,1,321224
7290010587452,false,יין טוליפ וויט 2017,יקב טוליפ,,יין טוליפ וויט 2017 750 מל פיקדון,מיליליטרים,750.00,"100 מ""ל",false,1,65.00,8.6667,true,1,321821
7290010587469,false,יין ק. סוביניון טולי,יקב טוליפ,,יין ק. סוביניון טוליפ 2017 750 מל פק,מיליליטרים,750.00,"100 מ""ל",false,1,65.00,8.6667,true,1,321815
7290010587476,false,יין מרלו טוליפ 2017,יקב טוליפ,,יין מרלו טוליפ 2017 750מל פקדון,מיליליטרים,750.00,"100 מ""ל",false,1,65.00,8.6667,true,1,321816
7290010587490,false,יין אספרסו וויט טולי,יקב טוליפ,,יין אספרסו וויט טוליפ 2017 750 מל,מיליליטרים,750.00,"100 מ""ל",false,1,85.00,11.3333,true,1,321820
7290010587629,false,יין מארה מיה רוזה750,MAIA WINERY,,יין מארה מיה רוזה750 מל פקדון,מיליליטרים,750.00,"100 מ""ל",false,1,75.00,10.0000,true,1,251079
7290010587728,false,יין רותם קריניאן 20,יקב טוליפ,,יין רותם קריניאן 2013 750 מל,מיליליטרים,750.00,"100 מ""ל",false,1,70.00,9.3333,true,1,304622
7290010587735,false,יין איתן שירז 2013 7,יקב טוליפ,,יין איתן שירז 2013 750 מל,מיליליטרים,750.00,"100 מ""ל",false,1,80.00,10.6667,true,1,304623
7290010587759,false,יין פרימוורה ארומטיק,יקב טוליפ,,יין פרימוורה ארומטיקו 750 מל,מיליליטרים,750.00,"100 מ""ל",false,1,65.00,8.6667,true,1,309475
7290010587902,false,יין טוליפ פרנק מרו,יקב טוליפ,,יין טוליפ פרנק מרו רזרב 2016 750 מל,מיליליטרים,750.00,"100 מ""ל",false,1,110.00,14.6667,true,1,322991
7290010589012,false,עוגת וופל במילוי קרם,,IL,עוגת וופל במילוי קרם חלב 315גר וישאם,גרמים,315.00,100 גרם,false,1,29.90,9.4921,true,1,238251
7290010589036,false,עוגת וופלבמילוי ריבת,,IL,עוגת וופלבמילוי ריבת חלב 270גר,גרמים,270.00,100 גרם,false,1,33.90,12.5556,true,1,238252
7290010589043,false,עוגת וופל במילוי ריב,,IL,עוגת וופל במילוי ריבת חלב 315גר וישאם,גרמים,315.00,100 גרם,false,1,29.90,9.4921,true,1,238250
7290010589203,false,כדורי שוקולד קרם חלב,,IL,כדורי שוקולד קרם חלב 300גר וישאם,גרמים,300.00,100 גרם,false,1,29.90,9.9667,true,1,334981
7290010589227,false,כדורי שוקולד טעם שוק,,IL,כדורי שוקולד טעם שוקולד 300גר וישאם,גרמים,300.00,100 גרם,false,1,29.90,9.9667,true,1,334983
7290010589302,false,עוגת וופל במילוי קרם,,IL,עוגת וופל במילוי קרם קפה 270גרם,גרמים,270.00,100 גרם,false,1,33.90,12.5556,true,1,343023
7290010589333,false,עוגת וופל במילוי קרם,,IL,עוגת וופל במילוי קרם חמאת בוטנים 270גרם,גרמים,270.00,100 גרם,false,1,33.90,12.5556,true,1,343025
7290010632787,false,צימרוני אוזניים 300,S.T.O CO.LTD,,צימרוני אוזניים 300 יח מעץ,יחידה,300.00,יחידה,false,1,4.90,0.0163,true,1,313864
7290010632824,false,ספוג מתכת+ידית 6יח י,יוניסן,CN,ספוג מתכת+ידית 6יח יוניסאן,יחידה,6.00,יחידה,false,12,10.90,1.8167,true,1,320530
7290010650019,false,אנדיב תקוע ארוז,,,אנדיב ארוז,Unknown,0.00,Unknown,false,1,15.00,0.0000,true,1,237204
7290010650033,false,בצלצלי שאלוט תקוע אר,,,בצלצלי שאלוט ארוז במגש,Unknown,0.00,Unknown,false,1,10.90,0.0000,true,1,237205
7290010650040,false,פטריות שיטאקי תקוע א,,,פטריות שיטאקי ארוז,Unknown,0.00,Unknown,false,1,13.00,0.0000,true,1,237197
7290010650286,false,ברוקולי מיני תקוע,,,ברוקולי מיני תקוע,Unknown,0.00,Unknown,false,1,18.90,0.0000,true,1,307925
7290010650415,false,עגבניות לחות תקוע 20,,,עגבניות לחות 200 גר יח,גרמים,100.00,100 גרם,false,1,11.90,11.9000,true,1,238942
7290010650767,false,אנדיב אדום תקוע,,,אנדיב אדום ארוז,Unknown,0.00,Unknown,false,1,20.00,0.0000,true,1,304864
7290010650798,false,לקט פטריות ובורגול,,,לקט פטריות ובורגול 310 גר,Unknown,0.00,Unknown,false,1,15.00,0.0000,true,1,325067
7290010650804,false,לקט פטריות ופתיתים ת,,,לקט פטריות ופתיתים 235 גר,Unknown,0.00,Unknown,false,1,15.00,0.0000,true,1,325066
7290010650828,false,פטריות שימגי לבן תקו,,,פטריות שימגי לבן תקוע,Unknown,0.00,Unknown,false,1,13.00,0.0000,true,1,324687
7290010650996,false,פטריות שימגי חום תקו,,,פטריות שימגי חום תקוע,Unknown,0.00,Unknown,false,1,13.00,0.0000,true,1,338237
7290010657254,false,סרדין קזבלנקה בשמן ס,יוניון דה פחריס,,סרדין קזבלנקה בשמן סויה 125 גר,גרמים,125.00,100 גרם,false,1,5.90,4.7200,true,1,240041
7290010657490,false,סרדין קזבלנקה בשמן ח,יוניון דה פחריס,,סרדין קזבלנקה בשמן חריף 125 גר,גרמים,125.00,100 גרם,false,1,5.90,4.7200,true,1,240038
7290010657506,false,סרדין קזבלנקה בשמן ז,יוניון דה פחריס,,סרדין קזבלנקה בשמן זית 125 גר,גרמים,125.00,100 גרם,false,1,6.90,5.5200,true,1,240037
7290010657551,false,סרדין קזבלנקה ברוטב,יוניון דה פחריס,,סרדין קזבלנקה ברוטב עגבניות 125 גר,גרמים,125.00,100 גרם,false,1,5.90,4.7200,true,1,240039
7290010657568,false,סרדין קזבלנקה לימון,יוניון דה פחריס,,סרדין קזבלנקה לימון 125 גר,גרמים,125.00,100 גרם,false,1,5.90,4.7200,true,1,240040
7290010657681,false,פילה מקרל בשמן צמחי,יוניון דה פחריס,,פילה מקרל בשמן צמחי ללא עור ועצמו 125 גר,גרמים,125.00,100 גרם,false,1,10.00,8.0000,true,1,240035
7290010657698,false,פילה מקרל פלפל חריף,יוניון דה פחריס,,פילה מקרל פלפל חריף 125 גר,גרמים,125.00,100 גרם,false,1,10.00,8.0000,true,1,240034
7290010657834,false,מי ורדים 500 מל סי.א,אלימאד פוד,BE,מי ורדים 500 מל בקבוק זכוכית S.F,מיליליטרים,500.00,"100 מ""ל",false,12,16.90,3.3800,true,1,235684
7290010657902,false,בצלצלי פנינה 400 גר,לוקסאפרס,ES,בצלצלי פנינה 400 ג S.F,גרמים,400.00,100 גרם,false,12,11.90,2.9750,true,1,238135
7290010690138,false,ברוקולי ארוז במגשית,,,ברוקולי ארוז במגשית,Unknown,0.00,Unknown,false,1,9.90,0.0000,true,1,243051
7290010690473,false,חסה עגולה ארוזה במגש,,,חסה עגולה ארוזה במגשית,Unknown,0.00,Unknown,false,1,6.90,0.0000,true,1,243750
7290010711024,false,מגב חלון איטלקי 25סמ,,IT,מגב חלון איטלקי 25סמ,יחידה,1.00,יחידה,false,12,8.90,8.9000,true,1,330918
7290010711123,false,כריות מתכת 4יח שיין,,CN,כריות מתכת 4יח שיין,יחידה,4.00,יחידה,false,24,5.90,1.4750,true,1,330846
7290010711413,false,מקל מתכת 1.5מטר לבן,,IT,מקל מתכת 1.5מטר לבן,יחידה,1.00,יחידה,false,24,8.90,8.9000,true,1,330915
7290010711543,false,כף אשפה עם גומי,,IT,כף אשפה עם גומי,יחידה,1.00,יחידה,false,24,6.90,6.9000,true,1,330890
7290010711550,false,דלי שטיפה עם פיה 12,,IL,דלי שטיפה עם פיה 12 ליטר,יחידה,1.00,יחידה,false,12,16.90,16.9000,true,1,330889
7290010711864,false,מטאטא משובח,,TR,מטאטא משובח,יחידה,1.00,יחידה,false,12,22.90,22.9000,true,1,330912
7290010711871,false,מטאטא שיער סוסו שיינ,,DE,מטאטא שיער סוסו שייני,יחידה,1.00,יחידה,false,12,29.90,29.9000,true,1,330914
7290010711901,false,מטליות מיקרו רצפה 3,GUANGDONG,CN,מטליות מיקרו רצפה 3 יח,יחידה,3.00,יחידה,false,36,14.90,4.9667,true,1,324002
7290010711918,false,מארז 5יח מטליות מיקר,נועם אורים,IL,מארז 5יח מטליות מיקרו לניקוי כללי שיין,יחידה,5.00,יחידה,false,1,7.90,1.5800,true,1,334169
7290010711932,false,מטליות רב שימושיות פ,נועם אורים,IL,מטליות רב שימושיות פרימיום 9 יח,יחידה,9.00,יחידה,false,24,7.90,0.8778,true,1,324001
7290010715220,false,כוסות קרטון חד פעמי,,,כוסות קרטון חד פעמי 8אונז 50יח פאלאס,יחידה,50.00,יחידה,false,1,12.90,0.2580,true,1,254974
7290010715336,false,להבונים בשקית 50 יח,,,להבונים בשקית 50 יח,יחידה,50.00,יחידה,false,1,13.90,0.2780,true,1,254818
7290010748518,false,שמפו סרקל פורטה 750,פישר תעשיות,,שמפו סרקל פורטה 750 מל,מיליליטרים,750.00,"100 מ""ל",false,1,24.90,3.3200,true,1,232370
7290010748525,false,מרכך סרקל פורטה 750,פישר תעשיות,,מרכך סרקל פורטה 750 מל,מיליליטרים,750.00,"100 מ""ל",false,1,25.20,3.3600,true,1,232371
7290010748853,false,קרם ידיים אפקטיב קר,פישר תעשיות,,קרם ידיים אפקטיב קר לעור רגיש ועדין 150מ,מיליליטרים,150.00,"100 מ""ל",false,1,11.90,7.9333,true,1,234625
7290010748860,false,קרם ידיים אפקטיב קר,פישר תעשיות,,קרם ידיים אפקטיב קר לעור יבש 150מ,מיליליטרים,150.00,"100 מ""ל",false,1,11.90,7.9333,true,1,234626
7290010748877,false,קרם גוף אפקטיב לעור,פישר תעשיות,,קרם גוף אפקטיב לעור רגיש עדין 700 מל,מיליליטרים,700.00,"100 מ""ל",false,1,34.90,4.9857,true,1,234622
7290010748891,false,קרם גוף אפקטיב לעור,פישר תעשיות,,קרם גוף אפקטיב לעור רגיל יבש 700 מל,מיליליטרים,700.00,"100 מ""ל",false,1,34.90,4.9857,true,1,234624
7290010760909,false,בורקס גבינה 600 גרם,מאפית אריאל בעמ,IL,בורקס גבינה 600 גרם כשלפ,גרמים,600.00,100 גרם,false,12,20.90,3.4833,true,1,308658
7290010760947,false,עוגיות שקד בטעמים600,,,עוגיות שקד בטעמים600 גרם,גרמים,600.00,100 גרם,false,1,15.90,2.6500,true,1,312129
7290010766949,false,ממרח תחתיות ארטישוק,,,ממרח תחתיות ארטישוק 180גר אוליביה,גרמים,180.00,100 גרם,false,1,13.90,7.7222,true,1,239113
7290010766956,false,ממרח פלפלים קלויים 1,,,ממרח פלפלים קלויים 180 גר אוליביה,גרמים,180.00,100 גרם,false,1,13.90,7.7222,true,1,239114
7290010777006,false,לחמניות כוסמין מלא 6,,,עוגיות אקלר קוקוס/בוטנים 400 גר,גרמים,360.00,100 גרם,false,1,14.90,4.1389,true,1,315525
7290010777051,false,מארז לחמניות המבורגר,שי שאשא,IL,מארז לחמניות המבורגר 5 יח,יחידה,5.00,יחידה,false,1,14.90,2.9800,true,1,307068
7290010777099,false,פיתות עבודת יד 8 יחי,,,פיתות עבודת יד 8 יחידות,יחידה,8.00,יחידה,false,1,12.90,1.6125,true,1,319198
7290010777150,false,פיתה בריבוע חיטה מלא,,,פיתה בריבוע חיטה מלאה 100% 8 יח,יחידה,8.00,יחידה,false,1,14.90,1.8625,true,1,305080
7290010777228,false,פיתה ביס חיטה מלאה 1,,,פיתה ביס חיטה מלאה 100% 12 יחידות,יחידה,12.00,יחידה,false,1,13.90,1.1583,true,1,305081
7290010777297,false,פיתות ביס עגול/ריבוע,,,פיתות ביס עגול/ריבוע/עבודת יד 10 יחידות,יחידה,10.00,יחידה,false,1,14.90,1.4900,true,1,305078
7290010777327,false,פיתה קלה 79 קלוריות,,,פיתה קלה 79 קלוריות 10יחידות,יחידה,10.00,יחידה,false,1,14.90,1.4900,true,1,305083
7290010777358,false,פיתה כוסמין 8 יחידות,שי שאשא,,פיתה כוסמין 8 יחידות,יחידה,10.00,יחידה,false,1,17.90,1.7900,true,1,308145
7290010777525,false,מארז 6יח פיתה כוסמין,,IL,מארז 6יח פיתה כוסמין דק,יחידה,6.00,יחידה,false,1,17.90,2.9833,true,1,345285
7290010814244,false,מארז 3 יח שוקולד אגו,כרמית,IL,מארז 3 יח שוקולד אגו 44% מריר 85גר,גרמים,255.00,100 גרם,false,1,12.90,5.0588,true,1,234912
7290010814251,false,מארז 3 יח שוקולד אגו,כרמית,,מארז 3 יח שוקולד אגו חלב 85 גר,גרמים,255.00,100 גרם,false,1,12.90,5.0588,true,1,234913
7290010814268,false,מארז 3 יח שוקולד אגו,כרמית,,מארז 3 יח שוקולד אגו לבן 85 גר,גרמים,255.00,100 גרם,false,1,12.90,5.0588,true,1,234914
7290010814695,false,שוקולד מריר ללא סוכר,כרמית,,שוקולד מריר ללא סוכר 85 ג כרמית,Unknown,0.00,Unknown,false,1,5.90,0.0000,true,1,233516
7290010814701,false,שוקולד חלב ללא סוכר,כרמית,,שוקולד חלב ללא סוכר 85 ג כרמית,Unknown,0.00,Unknown,false,1,5.90,0.0000,true,1,233515
7290010822096,false,סיידר תפוח מוגז 275מ,,IL,סיידר תפוח מוגז 275מל פקדון,מיליליטרים,275.00,"100 מ""ל",false,24,6.90,2.5091,true,1,326110
7290010838219,false,ממתיק סטיביה מרמוליי,קיפל,,ממתיק סטיביה מרמולייט 100 שקיות,יחידה,100.00,יחידה,false,1,26.90,0.2690,true,1,243258
7290010838424,false,זוג נוזל אסלה טואלט,SC Jonson,,זוג נוזל אסלה טואלט דאק 750 מל ירוק,ליטרים,1.50,ליטר,false,1,19.90,13.2667,true,1,232555
7290010839865,false,רוטב רימונים 320 גר,גרין ביס דיס,TR,רוטב רימונים 320גרם,גרמים,320.00,100 גרם,false,24,10.90,3.4063,true,1,234485
7290010849734,false,יין קאווה ריאל אימפר,ספרד קובידס (קסניוס,,יין קאווה ריאל אימפריאל סמי 750מל פקדון,מיליליטרים,750.00,"100 מ""ל",false,1,40.00,5.3333,true,1,242374
7290010849888,false,יין שאטו קאפ דה פוגר,צרפת בורדו,,יין שאטו קאפ דה פוגר 2009 750מל פקדון,מיליליטרים,750.00,"100 מ""ל",false,1,130.00,17.3333,true,1,248520
7290010880003,false,ליקר שוקולד מריר 500,,,ליקר שוקולד מריר 500 מל יקב לביא כולל פק,מיליליטרים,500.00,"100 מ""ל",false,1,69.00,13.8000,true,1,240650
7290010880010,false,ליקר קפה ושמנת 500 מ,,,ליקר קפה ושמנת 500 מל יקב לביא כולל,מיליליטרים,500.00,"100 מ""ל",false,1,69.00,13.8000,true,1,240653
7290010880065,false,ליקר אוכמניות 500 מל,,,ליקר אוכמניות 500 מל יקב לביא כולל,מיליליטרים,500.00,"100 מ""ל",false,1,69.00,13.8000,true,1,240655
7290010880201,false,ליקר שוקולד מנטה 500,,,ליקר שוקולד מנטה 500 מל יקב לביא כולל,מיליליטרים,500.00,"100 מ""ל",false,1,69.00,13.8000,true,1,243665
7290010883042,false,סנובון נוזלי בניחוח,,,סנובון נוזלי בניחוח רענן 750 מל,מיליליטרים,750.00,"100 מ""ל",false,1,10.90,1.4533,true,1,233479
7290010888207,false,יין נווה מדבר אדום 7,,,יין מדבר אדום 750 מל פקדון,מיליליטרים,750.00,"100 מ""ל",false,1,100.00,13.3333,true,1,252806
7290010888214,false,יין פטיט ורדו 2012 ר,,,יין פטיט ורדו 2012 רמון 750 מל פקדון,מיליליטרים,750.00,"100 מ""ל",false,1,120.00,16.0000,true,1,250956
7290010945146,false,גבינת קוטג 3% מועשר,טרה,IL,קוטג 3% 250 גרם- נעמ,גרמים,250.00,100 גרם,false,1,5.80,2.3200,true,1,232617
7290010945306,false,חלב 3% קרטון 2 ל***,טרה,,חלב 3% בקרטון 2 ל***,ליטרים,2.00,ליטר,false,1,12.46,6.2300,true,1,232887
7290010945450,false,גבינה לבנה 3% 250 ג,טרה,IL,גבינה לבנה 250 גרם 3% מהדרין נועם,גרמים,250.00,100 גרם,false,1,4.90,1.9600,true,1,232875
7290010945481,false,גבינה לבנה 5% 500 גר,טרה,IL,גבינה לבנה 500 גרם 5%,גרמים,500.00,100 גרם,false,1,9.96,1.9920,true,1,232877
7290010955602,false,יין רימון RICHL Y ס,יקב רימון,,יין רימון RICHL Y סוויט 750 מל,מיליליטרים,750.00,"100 מ""ל",false,1,60.00,8.0000,true,1,322489
7290010955619,false,יין רימון גטלי דיסיר,יקב רימון,,יין רימון GHTLY דיסירט 750 מל,מיליליטרים,750.00,"100 מ""ל",false,1,60.00,8.0000,true,1,322490
7290010955817,false,יין רימון איזי פורט,יקב רימון,,יין רימון איזי פורט 750 מל,מיליליטרים,750.00,"100 מ""ל",false,1,85.00,11.3333,true,1,322487
7290010955824,false,יין רימון רוזה חצי מ,יקב רימון,,יין רימון רוזה חצי מתוק 750 מל,מיליליטרים,750.00,"100 מ""ל",false,1,70.00,9.3333,true,1,322485
7290010955961,false,יין רימון יבש חדש 75,יקב רימון,,יין רימון יבש חדש 750 מל,מיליליטרים,750.00,"100 מ""ל",false,1,85.00,11.3333,true,1,322491
7290011015862,false,סירופ דיאט פריגת לימ,סירופ - גבעת חיים,IL,סירופ ד.לנענע 750,מיליליטרים,750.00,"100 מ""ל",false,12,25.90,3.4533,true,1,237590
7290011015985,false,סירופ דיאט פריגת אננ,סירופ - גבעת חיים,,סירופ דיאט פריגת אננס 750 מל בקבוק,מיליליטרים,750.00,"100 מ""ל",false,1,25.90,3.4533,true,1,243495
7290011018184,false,משקה פיוז תה אפרסק 5,FUZE TEA,IL,FUZE tea אפרסק 0.5 ליטר,מיליליטרים,500.00,"100 מ""ל",false,24,7.90,1.5800,true,1,243455
7290011018214,false,משקה פיוז תה מנגו אנ,FUZE TEA,IL,FUZE tea מנגו אננס 0.5 ליטר,מיליליטרים,500.00,"100 מ""ל",false,24,7.90,1.5800,true,1,243458
7290011018252,false,משקה פיוז תה מנגו אנ,FUZE TEA,,משקה פיוז תה מנגו אננס 1.5ל,ליטרים,1.50,ליטר,false,1,9.60,6.4000,true,1,243460
7290011018368,false,מארז 6יח בירה ויינשט,קרלסברג ישראל,,מארז 6יח בירה ויינשטפן 330מל פקדון,מיליליטרים,1980.00,"100 מ""ל",false,1,69.90,3.5303,true,1,244849
7290011018443,false,משקה פאנטה אורנג פחי,קוקה קולה,IL,סליק פאנטה אורנג 330 מל,מיליליטרים,330.00,"100 מ""ל",false,24,5.90,1.7879,true,1,246238
7290011018580,false,משקה פיוז תה ענבים 1,FUZE TEA,,משקה פיוז תה ענבים 1.5ל,ליטרים,1.50,ליטר,false,1,9.60,6.4000,true,1,245456
7290011018832,false,מארז 6 פחיות קוקה קו,קוקה קולה,,מארז 6 פחיות קוקה קולה 330 מל פקדון,ליטרים,1.98,ליטר,false,1,23.90,12.0707,true,1,245971
7290011018917,false,מארז 6 פחיות קוקה קו,קוקה קולה,,מארז 6 פחיות קוקה קולה זירו 330 מל פקדון,ליטרים,1.98,ליטר,false,1,23.90,12.0707,true,1,245972
7290011018924,false,מארז 6 פחיות דיאט קו,קוקה קולה,,מארז 6 פחיות דיאט קוקה קולה 330 מל פקדון,ליטרים,1.98,ליטר,false,1,23.90,12.0707,true,1,245973
7290011026066,false,שמפו+מרכך סרקל 1 ל,פישר תעשיות,,שמפו+מרכך סרקל 1 ל,ליטרים,1.00,ליטר,false,1,28.90,28.9000,true,1,233601
7290011026301,false,שמפו לשיער כסוף 400מ,פישר תעשיות,,שמפו לשיער כסוף 400מל דר פישר,מיליליטרים,400.00,"100 מ""ל",false,10,22.90,5.7250,true,1,318822
7290011026523,false,שמפו סנסטיב לפני שינ,פישר תעשיות,IL,ק.ב סנסטיב לפני השינה אל דמע לבנדר קמומי,מיליליטרים,500.00,"100 מ""ל",false,12,22.90,4.5800,true,1,234598
7290011026530,false,אלסבון סנסטיב לפני ש,פישר תעשיות,IL,ק.ב סנסטיב אל סבון לבנדר קמומיל לפני השי,מיליליטרים,500.00,"100 מ""ל",false,12,22.90,4.5800,true,1,234599
7290011051358,false,שוופס סודה לימון 250,יפאורה,IL,שוופס סודה לימון 250 מל פיקדון,מיליליטרים,250.00,"100 מ""ל",false,24,3.90,1.5600,true,1,233697
7290011051372,false,משקה שוופס מוגז עדין,יפאורה,IL,משקה שוופס מוגז עדין תפוח ליים 1.5 ליטר,ליטרים,1.50,ליטר,false,12,8.60,5.7333,true,1,306658
7290011051396,false,משקה שוופס מוגז עדין,יפאורה,IL,משקה שוופס מוגז עדין אפרסק 1.5 ל,ליטרים,1.50,ליטר,false,12,8.60,5.7333,true,1,306659
7290011051655,false,משקה שוופס מוגז עדין,יפאורה,IL,משקה שוופס מוגז עדין ריזלינג 1.5 ל,ליטרים,1.50,ליטר,false,12,8.60,5.7333,true,1,234998
7290011064020,false,גבינה בולגרית בעיר 2,גבינות אמיר ניצן בעמ,IL,גבינה בולגרית בעיר 200 גרם,גרמים,200.00,100 גרם,false,1,12.90,6.4500,true,1,309409
7290011064075,false,לאבנה אבו גוש פלוס 2,גבינות אמיר ניצן בעמ,IL,לאבנה אבו גוש פלוס 200 גר,גרמים,200.00,100 גרם,false,1,12.90,6.4500,true,1,235603
7290011064099,false,פלפלים ממולאים טאפס,גבינות אמיר ניצן בעמ,IL,טאפס שכונתי,גרמים,125.00,100 גרם,false,1,19.90,15.9200,true,1,240438
7290011064327,false,פתיתי בולגרית ופסטו,גבינות אמיר ניצן בעמ,IL,פתיתי בולגרית ופסטו 200גר,גרמים,200.00,100 גרם,false,1,15.90,7.9500,true,1,321976
7290011065423,false,מלח ים במטחנהה 130 ג,א.ל ייצור ושיווק תבל,,מלח ים במטחנהה 130 גר,Unknown,0.00,Unknown,false,1,17.90,0.0000,true,1,317355
7290011065430,false,פלפל צילי מטחנה 50 ג,א.ל ייצור ושיווק תבל,,פלפל צילי מטחנה 50 גר,Unknown,0.00,Unknown,false,1,17.90,0.0000,true,1,317349
7290011065447,false,תבלין לפיצה מטחנה 50,א.ל ייצור ושיווק תבל,,תבלין לפיצה מטחנה 50 גר,Unknown,0.00,Unknown,false,1,17.90,0.0000,true,1,317350
7290011081492,false,גל.קרמיסימו שרבט 3 ש,"גלידת שטראוס בע""מ",,גל.קרמיסימו שרבט 3 שוקולדים 1.33 ל,ליטרים,1.33,ליטר,false,1,22.90,17.2180,true,1,234114
7290011081690,false,גל.קרמיסימו שוקו/וני,"גלידת שטראוס בע""מ",,גל.קרמיסימו שוקו/וניל ציפס פרווה1.33 ל,ליטרים,1.33,ליטר,false,1,22.90,17.2180,true,1,234899
7290011082864,false,גבינת ברי 200גרם משק,,IL,גבינת ברי 200גרם משק שוורץ,גרמים,200.00,100 גרם,false,,41.90,20.9500,true,1,333481
7290011082871,false,גבינת ברי אגוזים 200,,IL,גבינת ברי אגוזים 200גרם משק שוורץ,גרמים,200.00,100 גרם,false,,41.90,20.9500,true,1,333482
7290011082888,false,גבינת ברי פחם 200גרם,,IL,גבינת ברי פחם 200גרם משק שוורץ,גרמים,200.00,100 גרם,false,,41.90,20.9500,true,1,333483
7290011082895,false,גבינת סנט מור 200גרם,,IL,גבינת סנט מור 200גרם משק שוורץ,גרמים,200.00,100 גרם,false,,41.90,20.9500,true,1,333484
7290011082901,false,גבינת סנט מור פחם 20,,IL,גבינת סנט מור פחם 200גרם משק שוורץ,גרמים,200.00,100 גרם,false,,41.90,20.9500,true,1,333485
7290011110000,false,חסה רומית יח,,,חסה רומית יח,Unknown,0.00,Unknown,false,1,9.90,0.0000,true,1,234108
7290011110024,false,חסה סלנובה יח,,,חסה סלנובה יח,Unknown,0.00,Unknown,false,1,11.90,0.0000,true,1,318522
7290011110512,false,חסה מסולסלת יח,,,חסה מסולסלת יח,Unknown,0.00,Unknown,false,1,11.90,0.0000,true,1,339280
7290011115159,false,מארז 4 יח סבון נקה 7,,,מארז 4 יח סבון נקה 7 מוצק קופליה מועשר,גרמים,400.00,100 גרם,false,1,11.90,2.9750,true,1,234523
7290011115166,false,אלסבון נקה 7 ארומה 1,,,אלסבון נקה 7 ארומה 1 ל לבנדר,ליטרים,1.00,ליטר,false,1,12.90,12.9000,true,1,233472
7290011115173,false,אלסבון נקה 7 ארומה 1,,,אלסבון נקה 7 ארומה 1 ל וניל,ליטרים,1.00,ליטר,false,1,12.90,12.9000,true,1,233428
7290011115203,false,מארז 4 יח סבון נקה 7,,,מארז 4 יח סבון נקה 7 מוצק ורוד,גרמים,400.00,100 גרם,false,1,11.90,2.9750,true,1,234526
7290011115241,false,מארז 4 יח סבון נקה 7,,,מארז 4 יח סבון נקה 7 מוצק כחול,גרמים,400.00,100 גרם,false,1,11.90,2.9750,true,1,234521
7290011115258,false,מארז 4 יח סבון נקה 7,,,מארז 4 יח סבון נקה 7 מוצק ירוק,גרמים,400.00,100 גרם,false,1,11.90,2.9750,true,1,234522
7290011115265,false,מארז 4 יח סבון נקה 7,,,מארז 4 יח סבון נקה 7 מוצק לגבר מועשר,גרמים,400.00,100 גרם,false,1,11.90,2.9750,true,1,234524
7290011115272,false,מארז 4 יח סבון נקה 7,,,מארז 4 יח סבון נקה 7 מוצק ירוק מועשר,גרמים,400.00,100 גרם,false,1,11.90,2.9750,true,1,234525
7290011115289,false,מארז 4 יח סבון נקה 7,,,מארז 4 יח סבון נקה 7 מוצק לילך,גרמים,400.00,100 גרם,false,1,11.90,2.9750,true,1,234520
7290011115296,false,מארז 4 יח סבון נקה 7,,,מארז 4 יח סבון נקה 7 מוצק שחור מועשר,גרמים,400.00,100 גרם,false,1,11.90,2.9750,true,1,234527
7290011115401,false,מארז 4 יח סבון נקה 7,,,מארז 4 יח סבון נקה 7 מוצק לבן,Unknown,0.00,Unknown,false,1,11.90,0.0000,true,1,236006
7290011126209,false,תה גן הקסום תפוח קינ,תה ויסוצקי,,תה גן הקסום תפוח קינמון 2.4ג 25ש,יחידה,25.00,יחידה,false,1,18.90,0.7560,true,1,233463
7290011126216,false,רוייבש תה קלאסי 2,תה ויסוצקי,IL,רויבוש קלאסי,יחידה,25.00,יחידה,false,6,25.90,1.0360,true,1,233273
7290011126452,false,תה גן הקסום קמומיל נ,תה ויסוצקי,,תה גן הקסום קמומיל נענע 1.5ג25שק,יחידה,25.00,יחידה,false,1,18.90,0.7560,true,1,234658
7290011126469,false,תה גן הקסום קמומיל ד,תה ויסוצקי,,תה גן הקסום קמומיל דבש 1.5ג25שק,יחידה,25.00,יחידה,false,1,18.90,0.7560,true,1,234659
7290011126957,false,תה ירוק ארל גריי 1.5,תה ויסוצקי,,תה ירוק ארל גריי 1.5 ג 25 שק,יחידה,25.00,יחידה,false,1,24.90,0.9960,true,1,236001
7290011131050,false,תערובת גרנולה אגוז פ,וויטליה,,תערובת גרנולה אגוז פקאן 1 קג ספץ,קילוגרמים,1.00,"ק""ג",false,1,25.90,25.9000,true,1,245745
7290011131371,false,תערובת מיזלי קרנצי ש,וויטליה,,תערובת מיזלי גרין שקדים 1 קג,קילוגרמים,1.00,"ק""ג",false,1,25.90,25.9000,true,1,234965
7290011131388,false,תערובת מיזלי גרין קר,וויטליה,,תערובת מיזלי גרין קראנץ תפוח קינמון 1קג,קילוגרמים,1.00,"ק""ג",false,1,25.90,25.9000,true,1,234964
7290011131395,false,תערובת מיזלי גרין קר,וויטליה,,תערובת מיזלי גרין קראנץ 1 קג,קילוגרמים,1.00,"ק""ג",false,1,25.90,25.9000,true,1,234963
7290011131616,false,תערובת מיזלי גרין שק,וויטליה,,תערובת מיזלי גרין שקדים 1מ.שומן קג,קילוגרמים,1.00,"ק""ג",false,1,25.90,25.9000,true,1,253503
7290011131654,false,תערובת מיזלי גרין בי,וויטליה,,תערובת מיזלי גרין ביג מיקס1 קג,קילוגרמים,1.00,"ק""ג",false,1,25.90,25.9000,true,1,253502
7290011131968,false,תערובת גרנולה אגוזים,וויטליה,,תערובת גרנולה אגוזים 1 קג ספץ,קילוגרמים,1.00,"ק""ג",false,1,25.90,25.9000,true,1,238180
7290011131975,false,תערובת גרנולה פירות,וויטליה,,תערובת גרנולה פירות 1 קג ספץ,קילוגרמים,1.00,"ק""ג",false,1,25.90,25.9000,true,1,238179
7290011132309,false,מארז 6יח בירה גולדסט,,,מארז 6יח בירה גולדסטאר בלאק רוסט 330מל,ליטרים,1.98,ליטר,false,1,34.90,17.6263,true,1,345788
7290011132552,false,מארז 4יח בירה פאולנר,,,מארז 4יח בירה פאולנר 330 מל פיקדון,מיליליטרים,1320.00,"100 מ""ל",false,1,36.90,2.7955,true,1,234579
7290011132583,false,משקה פפסי מקס 6יחידו,,IL,משקה פפסי מקס 6יחידות 500מל בק. פקדון,מיליליטרים,3000.00,"100 מ""ל",false,4,23.90,0.7967,true,1,337791
7290011132620,false,מארז 6 יח בירה שנדי,,,מארז 6 יח בירה שנדי אבטיח בק 330מל פיקד,מיליליטרים,1980.00,"100 מ""ל",false,1,29.90,1.5101,true,1,304578
7290011133634,false,מארז שישיית פפסי מקס,,,מארז שישיית פפסי מקס פחיות 330מל פקדון,מיליליטרים,1980.00,"100 מ""ל",false,4,18.90,0.9545,true,1,328661
7290011154035,false,תרכיז תפוח טבעי סחוט,טעמי הגליל,IL,תרכיז תפוח טבעי סחוט טעמי הגליל 500 מל,מיליליטרים,500.00,"100 מ""ל",false,1,22.90,4.5800,true,1,332087
7290011154080,false,תרכיז תפוח טבעי צלול,טעמי הגליל,IL,תרכיז תפוח צלול טעמי הגליל 500 מל,מיליליטרים,500.00,"100 מ""ל",false,1,22.90,4.5800,true,1,332086
7290011154721,false,שיכר רימונים בסגנון,,,שיכר רימונים בסגנון פורט 750 מל פיקדון,מיליליטרים,750.00,"100 מ""ל",false,1,89.90,11.9867,true,1,239353
7290011154738,false,שיכר רימונים קינוח 5,,,שיכר רימונים קינוח 500 מל פיקדון,מיליליטרים,500.00,"100 מ""ל",false,1,60.00,12.0000,true,1,239354
7290011154745,false,שיכר רימונים יבש 750,,,שיכר רימונים יבש 750 מל פיקדון,מיליליטרים,750.00,"100 מ""ל",false,1,70.00,9.3333,true,1,240815
7290011154882,false,תרכיז תפוזים טבעי טע,טעמי הגליל,IL,תרכיז תפוזים טבעי טעמי הגליל 500 מל,מיליליטרים,500.00,"100 מ""ל",false,1,23.90,4.7800,true,1,344468
7290011154899,false,תרכיז תפוחים ענבים ט,טעמי הגליל,IL,תרכיז תפוחים ענבים טבעי טעמי הגליל500 מל,מיליליטרים,500.00,"100 מ""ל",false,1,23.90,4.7800,true,1,344469
7290011174866,false,ציפס בטטה 700 גר,פרי גליל,IL,ציפס בטטה 700 גר,גרמים,700.00,100 גרם,false,16,14.90,2.1286,true,1,321371
7290011194215,false,מעדן דניאלה בננה 10,,,מעדן דניאלה בננה 100 גרם,גרמים,100.00,100 גרם,false,1,4.50,4.5000,true,1,232684
7290011215934,false,תערובת לעוגת שוקולד,,,תערובת לעוגת שוקולד 500 גר כשלפ,גרמים,500.00,100 גרם,false,1,15.90,3.1800,true,1,237890
7290011223045,false,בישקוטים בונמי 200 ג,Bonomi,,בישקוטים בונמי ויצנצי 200 גרם,גרמים,200.00,100 גרם,false,1,7.00,3.5000,true,1,238782
7290011223229,false,ט.דאק גל אסלה טיפות,DEOFLOR,,ט.דאק גל אסלה טיפות טל רעננות 55 מל,Unknown,0.00,Unknown,false,1,9.90,0.0000,true,1,233068
7290011223243,false,טואלט דאק גל אסלה ני,DEOFLOR,IT,דאק גל אסלה ניחוח לבנדר- 55 מל,Unknown,0.00,Unknown,false,12,9.90,0.0000,true,1,233067
7290011223472,false,מארז 3 חב מגבוני פרש,על בד,IL,פרש וואנס מגבוני רענון שלשייה,יחידה,3.00,יחידה,false,8,10.90,3.6333,true,1,234265
7290011236649,false,שוקולד ציפס בלגי 54%,בייסיק,IL,נטיפי שוקולד ציפס אמיתי 300 גר 54% מוצקי,גרמים,300.00,100 גרם,false,20,11.90,3.9667,true,1,251438
7290011240004,false,יין מלבק דור 5 750 מ,יקב 1848,,יין מלבק דור 5 750 מל,מיליליטרים,750.00,"100 מ""ל",false,1,70.00,9.3333,true,1,343499
7290011240332,false,מיץ ענבים תירוש אדום,יקבי ציון,,מיץ ענבים תירוש אדום 1 ליטר,ליטרים,1.00,ליטר,false,1,15.00,15.0000,true,1,248935
7290011240516,false,יין ק. סוביניון דור,יקב 1848,,יין ק. סוביניון דור 2 750 מל פקדון,מיליליטרים,750.00,"100 מ""ל",false,1,60.00,8.0000,true,1,248923
7290011240523,false,יין בלנד דור 2 750 מ,יקב 1848,,יין בלנד דור 2 750 מל פקדון,מיליליטרים,750.00,"100 מ""ל",false,1,60.00,8.0000,true,1,248924
7290011240530,false,יין מרלו דור 2 750 מ,יקב 1848,,יין מרלו דור 2 750 מל פקדון,מיליליטרים,750.00,"100 מ""ל",false,1,60.00,8.0000,true,1,248925
7290011240547,false,יין רוזה דור 2 750 מ,יקב 1848,,יין רוזה דור 2 750 מל פקדון,מיליליטרים,750.00,"100 מ""ל",false,1,60.00,8.0000,true,1,248926
7290011240554,false,יין ק. פרנק דור 5 75,יקב 1848,,יין ק. פרנק דור 5 750מל פקדון,מיליליטרים,750.00,"100 מ""ל",false,1,70.00,9.3333,true,1,248927
7290011240585,false,יין ק. סוביניון דור,יקב 1848,,יין ק. סוביניון דור 7 750 מל פקדון,מיליליטרים,750.00,"100 מ""ל",false,1,110.00,14.6667,true,1,248931
7290011240820,false,יין מרלו אדום יבש דו,יקב 1848,,יין מרלו אדום יבש דור 4 750 מל,מיליליטרים,750.00,"100 מ""ל",false,1,120.00,16.0000,true,1,253959
7290011240868,false,יין מוסקטו מבעבע 750,יקבי ציון,,יין מוסקטו מבעבע 750מל פקדון,מיליליטרים,750.00,"100 מ""ל",false,1,35.00,4.6667,true,1,248950
7290011240943,false,יין קברנה רזרב 750מל,יקבי ציון,,יין קברנה רזרב 750מל פקדון,מיליליטרים,750.00,"100 מ""ל",false,1,150.00,20.0000,true,1,248933
7290011240950,false,יין קברנה ספיישל רזר,יקב 1848,,יין קברנה ספיישל רזרב 750מל פקדון,מיליליטרים,750.00,"100 מ""ל",false,1,220.00,29.3333,true,1,248934
7290011249212,false,וופל עלמה לימון 200,גילרו,,וופל עלמה לימון גילרו 200 גר,גרמים,200.00,100 גרם,false,1,3.90,1.9500,true,1,240863
7290011249748,false,גלילי וופל רול גילרו,גילרו,IL,רולים שוקו 100גרם,גרמים,100.00,100 גרם,false,24,4.00,4.0000,true,1,252237
7290011249755,false,גלילי וופל רול גילרו,גילרו,IL,רולים אגוז 100גרם,גרמים,100.00,100 גרם,false,24,4.00,4.0000,true,1,252238
7290011303570,false,מעדן רימון דודה ברטה,,IL,מעדן רימון דודה ברטה 284 גרם,גרמים,284.00,100 גרם,false,6,15.90,5.5986,true,1,345664
7290011303587,false,מעדן תפוח קינמון דוד,,IL,מעדן תפוח קינמון דודה ברטה 284 גרם,גרמים,284.00,100 גרם,false,6,15.90,5.5986,true,1,345665
7290011343064,false,שמן זית סורי 750 מל,,,שמן זית סורי 750 מל ארץ גשור,מיליליטרים,750.00,"100 מ""ל",false,1,49.90,6.6533,true,1,241911
7290011343194,false,שמן זית ארבקינה 750,,,שמן זית ארבקינה 750 מל ארץ גשור,מיליליטרים,750.00,"100 מ""ל",false,1,49.90,6.6533,true,1,240884
7290011378028,false,חלבה ללא סוכר שומשום,רושדי תעשיות מזון בע,,חלבה ללא סוכר שומשום מלא 350 ג בארכה,גרמים,350.00,100 גרם,false,1,15.90,4.5429,true,1,234718
7290011378233,false,מארז7יח חטיף חלבה ונ,רושדי תעשיות מזון בע,,מארז7יח חטיף חלבה וניל ל.ס.18 גר,גרמים,126.00,100 גרם,false,1,11.90,9.4444,true,1,246649
7290011378257,false,מארז7יח חטיף חלבה פק,רושדי תעשיות מזון בע,,מארז7יח חטיף חלבה פקאן ל.ס18גר,גרמים,126.00,100 גרם,false,1,11.90,9.4444,true,1,246773
7290011378769,false,מארז7יח חטיף חלבה ונ,רושדי תעשיות מזון בע,,מארז7יח חטיף חלבה וניל 18 גר,גרמים,126.00,100 גרם,false,1,11.90,9.4444,true,1,243799
7290011378776,false,מארז7יח חטיף חלבה פי,רושדי תעשיות מזון בע,,מארז7יח חטיף חלבה פיסטוק18גר,גרמים,126.00,100 גרם,false,1,11.90,9.4444,true,1,243801
7290011402020,false,ציפס משפחתי 2קג,,,ציפס משפחתי 2קג,גרמים,2000.00,100 גרם,false,1,22.90,1.1450,true,1,233255
7290011402129,false,ציפס פלחים 1 קג,,,ציפס פלחים 1 קג,קילוגרמים,1.00,"ק""ג",false,1,11.90,11.9000,true,1,242939
7290011402228,false,ציפס קוביות 1 קג,,,ציפס קוביות 1 קג,קילוגרמים,1.00,"ק""ג",false,1,13.90,13.9000,true,1,243335
7290011402266,false,ציפס זיג זג 1.5 קג,מילוטל,IL,ציפס זיג זג 1.5 קג,גרמים,1500.00,100 גרם,false,1,17.90,1.1933,true,1,337297
7290011435226,false,דבש לחיץ פרחי בר 650,,,דבש לחיץ פרחי בר 650 גר יד מרדכי,גרמים,650.00,100 גרם,false,1,34.90,5.3692,true,1,237047
7290011438142,false,משקה חלב טעם קפה יוט,,,משקה חלב טעם קפה יוטבתה בקבוק 350 מל,מיליליטרים,350.00,"100 מ""ל",false,1,6.60,1.8857,true,1,233990
7290011447014,false,דייסת מטרנה סלט פירו,מטרנה,,דייסת מטרנה סלט פירות 200 גר,גרמים,200.00,100 גרם,false,1,15.50,7.7500,true,1,233454
7290011447267,false,מטרנה פרימיום שלב 1,מטרנה,IL,מטרנה פרימיום שלב 1 700 גר,גרמים,700.00,100 גרם,false,12,59.90,8.5571,true,1,234980
7290011447281,false,מטרנה פרימיום שלב 2,מטרנה,IL,מטרנה פרימיום שלב 2 700 גר,גרמים,700.00,100 גרם,false,12,60.00,8.5714,true,1,234981
7290011447304,false,מטרנה פרימיום שלב 3,מטרנה,IL,מטרנה פרימיום שלב 3 700 גרם,גרמים,700.00,100 גרם,false,12,60.00,8.5714,true,1,234982
7290011447908,false,סופר קט עוף וכבד 3 ק,סופר קט,,סופר קט עוף וכבד 3 קג,קילוגרמים,3.00,"ק""ג",false,1,47.50,15.8333,true,1,234576
7290011473006,false,קינואה אורגנית 500 ג,,,קינואה אורגנית 500 גר תבואות,גרמים,500.00,100 גרם,false,1,15.90,3.1800,true,1,237732
7290011473051,false,קוואקר עבה אורגני 50,,,קוואקר עבה אורגני 500 גר תבואות,גרמים,500.00,100 גרם,false,1,10.90,2.1800,true,1,237733
7290011473068,false,אורז מעורב אורגני 50,,,אורז מעורב אורגני 500 גר תבואות,גרמים,500.00,100 גרם,false,1,18.90,3.7800,true,1,237734
7290011473082,false,אורז בסמטי אורגני 50,,,אורז בסמטי אורגני 500 גר תבואות,גרמים,500.00,100 גרם,false,1,13.90,2.7800,true,1,237735
7290011473099,false,אורז עגול אורגני 500,,,אורז עגול אורגני 500 גר תבואות,גרמים,500.00,100 גרם,false,1,10.50,2.1000,true,1,237736
7290011473112,false,אורז אדום אורגני 500,,,אורז אדום אורגני 500 גר תבואות,גרמים,500.00,100 גרם,false,1,17.00,3.4000,true,1,237737
7290011473129,false,גרעיני חמניות מקולף,,,גרעיני חמניות מקולף אורגני 300 גר תבואות,גרמים,300.00,100 גרם,false,1,10.90,3.6333,true,1,237738
7290011473136,false,גרעיני דלעת מקולף או,,,גרעיני דלעת מקולף אורגני 300 גר תבואות,גרמים,300.00,100 גרם,false,1,16.90,5.6333,true,1,237739
7290011473143,false,קוסקוס אורגני 500 גר,,,קוסקוס אורגני 500 גר תבואות,גרמים,500.00,100 גרם,false,1,12.90,2.5800,true,1,237740
7290011473150,false,שומשום מלא אורגני 40,,,שומשום מלא אורגני 400 גר תבואות,גרמים,400.00,100 גרם,false,1,13.60,3.4000,true,1,237741
7290011473181,false,עדשים שחורים אורגני,,,עדשים שחורים אורגני 500 גר תבואות,גרמים,500.00,100 גרם,false,1,15.90,3.1800,true,1,237743
7290011473198,false,עדשים חומים אורגני 5,,,עדשים חומים אורגני 500 גר תבואות,גרמים,500.00,100 גרם,false,1,12.90,2.5800,true,1,237744
7290011473204,false,עדשים ירוקים אורגני,,,עדשים ירוקים אורגני 500 גר תבואות,גרמים,500.00,100 גרם,false,1,13.90,2.7800,true,1,237745
7290011473211,false,עדשים אדומים אורגני,,,עדשים אדומים אורגני 500 גר תבואות,גרמים,500.00,100 גרם,false,1,12.90,2.5800,true,1,237746
7290011473228,false,אפונה ירוקה אורגנית,,,אפונה ירוקה אורגנית 500 גר תבואות,גרמים,500.00,100 גרם,false,1,10.20,2.0400,true,1,237747
7290011473259,false,פשתן טחון אורגני 350,,,פשתן טחון אורגני 350 גר תבואות,גרמים,350.00,100 גרם,false,1,11.90,3.4000,true,1,237750
7290011473266,false,אמרנט אורגני 500 גר,,,אמרנט אורגני 500 גר תבואות,גרמים,500.00,100 גרם,false,1,15.90,3.1800,true,1,237751
7290011473273,false,בורגול אורגני 500 גר,,,בורגול אורגני 500 גר תבואות,גרמים,500.00,100 גרם,false,1,10.50,2.1000,true,1,237752
7290011473280,false,חומוס אורגני 500 גר,,,חומוס אורגני 500 גר תבואות,גרמים,500.00,100 גרם,false,1,10.90,2.1800,true,1,237753
7290011473310,false,פולי אזוקי אורגני 50,,,פולי אזוקי אורגני 500 גר תבואות,גרמים,500.00,100 גרם,false,1,13.10,2.6200,true,1,237756
7290011473327,false,מש אורגני 500 גר תבו,,,מש אורגני 500 גר תבואות,גרמים,500.00,100 גרם,false,1,15.50,3.1000,true,1,237757
7290011473334,false,שעועית לבנה אורגנית,,,שעועית לבנה אורגנית 500 גר תבואות,גרמים,500.00,100 גרם,false,1,11.90,2.3800,true,1,237758
7290011473341,false,שעועית אדומה אורגנית,,,שעועית אדומה אורגנית 500 גר תבואות,גרמים,500.00,100 גרם,false,1,13.50,2.7000,true,1,237774
7290011473358,false,שעועית שחורה אורגנית,,,שעועית שחורה אורגנית 500 גר תבואות,גרמים,500.00,100 גרם,false,1,10.90,2.1800,true,1,237759
7290011473365,false,דוחן אורגני 500 גר ת,,,דוחן אורגני 500 גר תבואות,גרמים,500.00,100 גרם,false,1,10.90,2.1800,true,1,237775
7290011473372,false,אבקת חרובים אורגנית,,,אבקת חרובים אורגנית 400 גר תבואות,גרמים,400.00,100 גרם,false,1,13.90,3.4750,true,1,237794
7290011473389,false,קמח כוסמין לבן אורגנ,,,קמח כוסמין לבן אורגני 500 גר תבואות,גרמים,500.00,100 גרם,false,1,12.90,2.5800,true,1,237795
7290011473433,false,כוסמת אורגנית 500 גר,,,כוסמת אורגנית 500 גר תבואות,גרמים,500.00,100 גרם,false,1,11.90,2.3800,true,1,237762
7290011473440,false,שיבולת שועל אורגני 5,,,שיבולת שועל אורגני 500 גר תבואות,גרמים,500.00,100 גרם,false,1,12.20,2.4400,true,1,237763
7290011473464,false,סובין שיבולת שועל או,,,סובין שיבולת שועל אורגני 400גר תבואות,גרמים,400.00,100 גרם,false,1,11.90,2.9750,true,1,237764
7290011473471,false,אורז בסמטי לבן אורגנ,,,אורז בסמטי לבן אורגני 500 גר תבואות,גרמים,500.00,100 גרם,false,1,13.90,2.7800,true,1,237766
7290011473495,false,פתיתי שמרי בירה טבעי,,,פתיתי שמרי בירה טבעי 200 גר תבואות,גרמים,200.00,100 גרם,false,1,24.50,12.2500,true,1,237800
7290011473525,false,אורז בר טבעי 400 גר,,,אורז בר טבעי 400 גר תבואות,גרמים,400.00,100 גרם,false,1,27.90,6.9750,true,1,237801
7290011473532,false,סוכר ענבים טבעי 500,,,סוכר ענבים טבעי 500 גר תבואות,גרמים,500.00,100 גרם,false,1,11.00,2.2000,true,1,237802
7290011473549,false,קמח קינואה אורגני500,,,קמח קינואה אורגני500גר תבואות,גרמים,500.00,100 גרם,false,1,18.90,3.7800,true,1,310765
7290011473556,false,סוכר פירות טבעי 500,,,סוכר פירות טבעי 500 גר תבואות,גרמים,500.00,100 גרם,false,1,14.90,2.9800,true,1,237803
7290011473570,false,קמח חומוס טבעי 500 ג,,,קמח חומוס טבעי 500 גר תבואות,גרמים,500.00,100 גרם,false,1,12.50,2.5000,true,1,237804
7290011473587,false,נבט חיטה טבעי 250 גר,,,נבט חיטה טבעי 250 גר תבואות,גרמים,250.00,100 גרם,false,1,8.20,3.2800,true,1,237805
7290011473594,false,טחינה אורגנית 1 קג ת,,,טחינה אורגנית 1 קג תבואות,קילוגרמים,1.00,"ק""ג",false,1,28.90,28.9000,true,1,318034
7290011473600,false,מלח הימליה דק 500 גר,,,מלח הימליה דק 500 גר תבואות,גרמים,500.00,100 גרם,false,1,12.90,2.5800,true,1,248199
7290011473624,false,טחינה מלאה אורגנית 1,,,טחינה מלאה אורגנית 1 קג תבואות,קילוגרמים,1.00,"ק""ג",false,1,28.90,28.9000,true,1,318006
7290011473655,false,סוכר קנים אורגני 1 ק,,,סוכר קנים אורגני 1 קג תבואות,קילוגרמים,1.00,"ק""ג",false,1,10.90,10.9000,true,1,237768
7290011473709,false,קינואה אורגנית 1 קג,,,קינואה אורגנית 1 קג תבואות,קילוגרמים,1.00,"ק""ג",false,1,29.90,29.9000,true,1,237771
7290011473723,false,מלח הימליה דק 1 קג ת,,,מלח הימליה דק 1 קג תבואות,קילוגרמים,1.00,"ק""ג",false,1,12.90,12.9000,true,1,308783
7290011473860,false,אבקת שימרי בירה טבעי,,,אבקת שימרי בירה טבעי 250 גר תבואות,גרמים,250.00,100 גרם,false,1,24.50,9.8000,true,1,237808
7290011473877,false,קינואה אדומה אורגנית,,,קינואה אדומה אורגנית 500 גר תבואות,גרמים,500.00,100 גרם,false,1,19.90,3.9800,true,1,237779
7290011473884,false,קינואה שחורה אורגנית,,,קינואה שחורה אורגנית 500 גר תבואות,גרמים,500.00,100 גרם,false,1,19.90,3.9800,true,1,237780
7290011473891,false,עדשים צהובים אורגנים,,,עדשים צהובים אורגנים 500 גר תבואות,גרמים,500.00,100 גרם,false,1,12.90,2.5800,true,1,237781
7290011473921,false,סובין שיבולת שועל טב,,,סובין שיבולת שועל טבעי 500 גר תבואות,גרמים,500.00,100 גרם,false,1,14.50,2.9000,true,1,237810
7290011473952,false,קוואקר מהיר הכנה טבע,,,קוואקר מהיר הכנה טבעי 400 גר תבואות,גרמים,400.00,100 גרם,false,1,6.50,1.6250,true,1,237812
7290011473969,false,קינואה טריו אורגנית,,,קינואה טריו אורגנית 500 גר תבואות,גרמים,500.00,100 גרם,false,1,21.90,4.3800,true,1,237731
7290011473983,false,תערובת קטניות לקדרה,,,תערובת קטניות לקדרה אורגנית500 גר תבואות,גרמים,500.00,100 גרם,false,1,15.90,3.1800,true,1,237782
7290011474003,false,שמן קוקוס כתית אורגנ,אדמג'י לוקומנג'י,,שמן קוקוס כתית אורגני 300 מל תבואות,מיליליטרים,300.00,"100 מ""ל",false,1,15.90,5.3000,true,1,307714
7290011474102,false,תערובת קטניות למרק א,,,תערובת קטניות למרק אורגנית 500 גר תבואות,גרמים,500.00,100 גרם,false,1,16.90,3.3800,true,1,237786
7290011474133,false,תערובת למגדרה אורגני,,,תערובת למגדרה אורגנית 500 גר תבואות,גרמים,500.00,100 גרם,false,1,15.90,3.1800,true,1,237787
7290011474140,false,קמח אפונה ירוקה טבעי,,,קמח אפונה ירוקה טבעי500גר תבואות,גרמים,500.00,100 גרם,false,1,11.90,2.3800,true,1,310785
7290011474232,false,מלח הימליה קריסטל 50,,,מלח הימליה קריסטל 500 גר תבואות,גרמים,500.00,100 גרם,false,1,12.90,2.5800,true,1,248200
7290011474256,false,מלח הימליה גס לבישול,,,מלח הימליה גס לבישול 1 קג תבואות,קילוגרמים,1.00,"ק""ג",false,1,12.90,12.9000,true,1,312637
7290011474362,false,קמח עדשים אורגני 500,,,קמח עדשים אורגני 500 גר תבואות,גרמים,500.00,100 גרם,false,1,12.90,2.5800,true,1,250882
7290011474386,false,קוואקר דק אורגני 500,,,קוואקר דק אורגני 500 גר תבואות,גרמים,500.00,100 גרם,false,1,10.90,2.1800,true,1,237789
7290011474447,false,קוואקר עבה טבעי 400,,,קוואקר עבה טבעי 400 גר תבואות,גרמים,400.00,100 גרם,false,1,6.50,1.6250,true,1,237815
7290011474454,false,שעועית מיקס אורגנית,,,שעועית מיקס אורגנית 500 גר תבואות,גרמים,500.00,100 גרם,false,1,13.90,2.7800,true,1,238055
7290011474676,false,קדרה אפריקאית 500 גר,,,קדרה אפריקאית 500 גר אורגנית תבואות,גרמים,500.00,100 גרם,false,1,14.90,2.9800,true,1,242039
7290011474683,false,מגדרה קינואה אורגנית,,,מגדרה קינואה אורגנית 500 גר תבואות,גרמים,500.00,100 גרם,false,1,19.90,3.9800,true,1,241975
7290011474706,false,פתיתי שפע טבעי 200 ג,,,פתיתי שפע טבעי 200 גר תבואות,גרמים,200.00,100 גרם,false,1,8.20,4.1000,true,1,242891
7290011474843,false,גוגי ברי 200 גר,,CN,גוגי ברי 200 גר,גרמים,200.00,100 גרם,false,12,18.90,9.4500,true,1,322294
7290011474898,false,סוכר קוקוס אורגני תב,,,סוכר קוקוס אורגני תבואות 300 גר,גרמים,300.00,100 גרם,false,1,15.90,5.3000,true,1,252857
7290011498122,false,מארז חטיפי מרציפן בט,שקד תבור,IL,חטיפי מרציפן בטעמים 200 גרם,גרמים,200.00,100 גרם,false,12,19.90,9.9500,true,1,247707
7290011498146,false,מארז חטיפי מרציפן בט,שקד תבור,IL,חטיפי מרציפן בטעמים ל.ס. 200 גרם,גרמים,200.00,100 גרם,false,12,19.90,9.9500,true,1,235792
7290011498160,false,שמן קוקוס אורגני שקד,שקד תבור,,שמן קוקוס אורגני 1 ל,ליטרים,1.00,ליטר,false,1,49.90,49.9000,true,1,311954
7290011498177,false,ממרח שקד לבן 700 גרם,שקד תבור,IL,כדורי מרציפן באבקת קינמון 120 גר,גרמים,700.00,100 גרם,false,12,64.90,9.2714,true,1,329202
7290011498191,false,מארז חטיפי מרציפן מצ,שקד תבור,IL,חטיפי מרציפן מצופים שוקולד 180 גם,גרמים,180.00,100 גרם,false,12,19.90,11.0556,true,1,327821
7290011498214,false,סילאן טבעי 350 גרם,,,סילאן טבעי 350 גרם,גרמים,350.00,100 גרם,false,1,13.90,3.9714,true,1,304397
7290011498221,false,סילאן טבעי שקד תבור,,,סילאן טבעי שקד תבור 900 גרם,גרמים,900.00,100 גרם,false,1,19.90,2.2111,true,1,306362
7290011498283,false,חמאת בוטנים שקד תבור,שקד תבור,,חמאת בוטנים שקד תבור 700 גרם,גרמים,700.00,100 גרם,false,1,25.90,3.7000,true,1,307966
7290011498368,false,ממרח פיסטוק אלת הבטנ,שקד תבור,,ממרח 100% פיסטוק 200 גר,גרמים,200.00,100 גרם,false,1,41.90,20.9500,true,1,255619
7290011498375,false,ממרח חמאת קוקוס 300,שקד תבור,,ממרח חמאת קוקוס 300 גרם,גרמים,300.00,100 גרם,false,1,19.90,6.6333,true,1,307963
7290011498405,false,שמן קוקוס אורגני 350,שקד תבור,,שמן קוקוס אורגני 350 מל,מיליליטרים,350.00,"100 מ""ל",false,1,22.90,6.5429,true,1,287074
7290011498412,false,חמאת קקאו אורגני 200,שקד תבור,,חמאת קקאו אורגני 200 גרם,Unknown,0.00,Unknown,false,1,22.90,0.0000,true,1,255449
7290011498436,false,פולי קקאו גרוסים אור,שקד תבור,,פולי קקאו גרוסים אורגני 250 גר,מיליליטרים,250.00,"100 מ""ל",false,1,26.90,10.7600,true,1,255461
7290011498443,false,עיסת קקאו אורגני 250,שקד תבור,,עיסת קקאו אורגני 250 גר,מיליליטרים,250.00,"100 מ""ל",false,8,21.90,8.7600,true,1,255469
7290011498498,false,סירופ אגבה לחיץ שקד,"אלמונדס בע""מ",IL,סירופ אגבה לחיץ שקד תבור 500 גרם,גרמים,500.00,100 גרם,false,12,22.90,4.5800,true,1,317117
7290011498504,false,ממרח חלבה עשירה 350,שקד תבור,,ממרח חלבה עשירה 350 גרם,גרמים,350.00,100 גרם,false,1,13.90,3.9714,true,1,317116
7290011498511,false,ממרח חלבה מלאה 350 ג,שקד תבור,,ממרח חלבה מלאה 350 גרם,גרמים,350.00,100 גרם,false,1,13.90,3.9714,true,1,317127
7290011498528,false,שמן פשתן 100% טבעי 2,שקד תבור,,שמן פשתן 100% טבעי 250 מל,מיליליטרים,250.00,"100 מ""ל",false,1,24.00,9.6000,true,1,307967
7290011498542,false,ערכת שוקולדביתית 250,שקד תבור,,ערכת שוקולדביתית 250 גר,גרמים,250.00,100 גרם,false,1,25.00,10.0000,true,1,255477
7290011498634,false,חמאת גרעיני דלעת 300,שקד תבור,,חמאת גרעיני דלעת 300 גרם,גרמים,300.00,100 גרם,false,6,27.90,9.3000,true,1,311963
7290011498658,false,שמן אבוקדו כבישה קרה,שקד תבור,,שמן אבוקדו כבישה קרה 250 מל,מיליליטרים,250.00,"100 מ""ל",false,6,32.90,13.1600,true,1,317128
7290011498726,false,שמן שקדים 100% 250 מ,שקד תבור,,שמן שקדים 100% 250 מל,מיליליטרים,250.00,"100 מ""ל",false,1,32.90,13.1600,true,1,240163
7290011498733,false,שמן קצח 100% 250 מל,שקד תבור,,שמן קצח 100% 250 מל,גרמים,380.00,100 גרם,false,1,49.90,13.1316,true,1,247710
7290011498740,false,ממרח שקד מלא כבישה ק,שקד תבור,,ממרח שקד מלא כבישה קרה 310 גר,גרמים,310.00,100 גרם,false,6,32.90,10.6129,true,1,240162
7290011498795,false,אבקת מאקה שקד תבור 2,שקד תבור,,אבקת מאקה שקד תבור 250 גרם,גרמים,250.00,100 גרם,false,1,29.90,11.9600,true,1,332435
7290011498801,false,מרציפן פרימיום 65% ל,"אלמונדס בע""מ",,מרציפן פרימיום 65% לאפיה 200 גר,גרמים,200.00,100 גרם,false,1,24.00,12.0000,true,1,308908
7290011498870,false,חטיפי תמר מילוי חמאת,שקד תבור,IL,חטיפי תמר מילוי חמאת שקדים 150 גרם,גרמים,150.00,100 גרם,false,12,18.90,12.6000,true,1,327843
7290011498887,false,חטיפי תמר מילוי חמאת,שקד תבור,IL,חטיפי תמר מילוי חמאת קוקוס 150 גרם,גרמים,150.00,100 גרם,false,12,18.90,12.6000,true,1,327844
7290011498894,false,חטיפי תמר מילוי חמאת,שקד תבור,IL,חטיפי תמר מילוי חמאת בוטנים 150 גרם,גרמים,150.00,100 גרם,false,12,18.90,12.6000,true,1,327845
7290011498900,false,חטיפי תמר חמאת שקדים,שקד תבור,IL,חטיפי תמר חמאת שקדים מצופה 150 גרם,גרמים,150.00,100 גרם,false,12,18.90,12.6000,true,1,327846
7290011498917,false,חטיפי תמר חמאת קוקוס,שקד תבור,IL,חטיפי תמר חמאת קוקוס מצופה 150 גרם,גרמים,150.00,100 גרם,false,12,18.90,12.6000,true,1,327822
7290011498948,false,חטיפי תמר מצופה שוקל,שקד תבור,IL,חטיפי תמר מצופים שוקלד 100% קקו 150 גרם,גרמים,150.00,100 גרם,false,12,18.90,12.6000,true,1,241738
7290011498955,false,חמאת בוטנים שקד תבור,שקד תבור,,חמאת בוטנים שקד תבור 300 גרם,גרמים,300.00,100 גרם,false,1,12.90,4.3000,true,1,255457
7290011498962,false,ממרח שקד לבן כבישה ק,שקד תבור,,ממרח שקד לבן כבישה קרה 300 גר,גרמים,300.00,100 גרם,false,1,32.90,10.9667,true,1,247519
7290011498979,false,ממרח שקד לבן מועשר 3,שקד תבור,,ממרח שקד לבן מועשר 300 גר,גרמים,300.00,100 גרם,false,6,32.90,10.9667,true,1,247709
7290011498986,false,חטיפי תמר חמאת קשיו,שקד תבור,,ממרח שקד לבן עם קשיו 300 גר,גרמים,300.00,100 גרם,false,1,18.90,6.3000,true,1,255454
7290011498993,false,ממרח קשיו לבן 300 גר,שקד תבור,,ממרח קשיו לבן 300 גר,גרמים,300.00,100 גרם,false,1,27.90,9.3000,true,1,255456
7290011499051,false,גבינה פטה כבשים 250,,,גבינה פטה כבשים 250 ג,גרמים,250.00,100 גרם,false,1,25.90,10.3600,true,1,233504
7290011499303,false,גבינה בולגרית עיזים,,,גבינה בולגרית עיזים 5% מעודנת 250 גר,גרמים,250.00,100 גרם,false,1,30.90,12.3600,true,1,235271
7290011499327,false,גבינה בולגרית חלב בק,,,גבינה בולגרית חלב בקר מעודנת 250 גר,גרמים,250.00,100 גרם,false,1,23.90,9.5600,true,1,235273
7290011499341,false,גבינת קאשקבלו 26% שו,,,גבינת קאשקבלו 26% שומן 200גר,גרמים,200.00,100 גרם,false,1,25.90,12.9500,true,1,235587
7290011499358,false,גבינת פטה עיזים 200ג,,,גבינת פטה עיזים 200גרם,גרמים,200.00,100 גרם,false,1,27.90,13.9500,true,1,235588
7290011499365,false,גבינת חלומי 24% 200,,,גבינת חלומי 24% 200 גר,גרמים,200.00,100 גרם,false,1,21.90,10.9500,true,1,235589
7290011499419,false,גבינת במרקם שמנת 5%,,,גבינת במרקם שמנת 5% טבעית 200 גר,גרמים,200.00,100 גרם,false,1,12.90,6.4500,true,1,236534
7290011499624,false,גבינת שמנת 30% טבעית,,,גבינת שמנת 30% טבעית 200 גר,גרמים,200.00,100 גרם,false,1,13.50,6.7500,true,1,238285
7290011499853,false,גבינת שמנת 30% זיתים,,,גבינת שמנת 30% זיתים 200 גר,גרמים,200.00,100 גרם,false,1,13.50,6.7500,true,1,240013
7290011501556,false,קיווי מיובש 150 גר ב,"דין שיווק וקלייה בע""",,קיווי מיובש 150 גר,גרמים,160.00,100 גרם,false,1,12.90,8.0625,true,1,239295
7290011501617,false,חמוציות ברכז תפוח ל.,"דין שיווק וקלייה בע""",US,חמוציות ברכז תפוחים ללא תוספר סוכר לבן 2,גרמים,250.00,100 גרם,false,24,14.90,5.9600,true,1,249406
7290011505806,false,קיסמי שיניים דנטליים,,,קיסמי שיניים דנטליים פלסטיק 200 יח חבית,Unknown,0.00,Unknown,false,1,9.90,0.0000,true,1,317993
7290011515683,false,מאגדת שלגון אקסטרים,גלידות נסטלה,,מאגדת שלגון אקסטרים וניל 6 יח,יחידה,6.00,יחידה,false,1,35.90,5.9833,true,1,233959
7290011515911,false,מאגדת שלגון לייט ריב,גלידות נסטלה,,מאגדת שלגון לייט ריבת חלב 6יח 312 גר,יחידה,6.00,יחידה,false,1,29.90,4.9833,true,1,236121
7290011524555,false,שעועית לבנה קפואה פר,פרי גליל,IL,שעועית לבנה קפואה פרי גליל 800 גרם,גרמים,800.00,100 גרם,false,1,12.90,1.6125,true,1,309069
7290011525316,false,תחליב סנסטיב לתינוק,פישר תעשיות,IL,ק.ב סנסטיב תחליב לתינוק שיבולת שועל,מיליליטרים,500.00,"100 מ""ל",false,12,28.90,5.7800,true,1,234604
7290011525712,false,אלסבון סנסטיב לפני ש,פישר תעשיות,,אלסבון סנסטיב לפני שינה 1 ל קמיל בלו,ליטרים,1.00,ליטר,false,1,24.90,24.9000,true,1,234600
7290011525729,false,שמפו סנסטיב לפני שינ,פישר תעשיות,,שמפו סנסטיב לפני שינה 1 ל קמיל בלו,ליטרים,1.00,ליטר,false,1,24.90,24.9000,true,1,234601
7290011570088,false,ריבת חלב ללא סוכר 40,,,ריבת חלב ללא סוכר 400 גר גלעם,גרמים,400.00,100 גרם,false,1,18.90,4.7250,true,1,236654
7290011570132,false,קמח ללא גלוטן 1 קג ג,"גלעם אריזות בע""מ",,קמח ללא גלוטן 1 קג גלעם,קילוגרמים,1.00,"ק""ג",false,1,16.90,16.9000,true,1,235437
7290011570507,false,קמח רב תכליתי 450 גר,אשבל,,קמח רב תכליתי 450 גר ללא גלוטן,גרמים,450.00,100 גרם,false,1,16.90,3.7556,true,1,252257
7290011570644,false,קמח כרגיל ללחם 500 ג,,,קמח כרגיל ללחם 500 גר ללא גלוטן,גרמים,500.00,100 גרם,false,1,16.90,3.3800,true,1,322011
7290011570781,false,קמח לעוגת וניל 450 ג,אשבל,,קמח לעוגת וניל 450 גר ללא גלוטן,גרמים,450.00,100 גרם,false,1,16.90,3.7556,true,1,310756
7290011570934,false,תערובת לפנקייק ל.גלו,אשבל,,תערובת לפנקייק ל.גלוטן 400 גרם גלעם,גרמים,450.00,100 גרם,false,1,19.90,4.4222,true,1,323164
7290011575007,false,מרסס הפי לאמבט ומקלח,ויטול,DE,הפי למקלחון - מסיר אבנית-לבן,מיליליטרים,750.00,"100 מ""ל",false,12,19.90,2.6533,true,1,233669
7290011575014,false,מטליות לכל הפי 9 יח,פלספק,TR,הפי מטליות תשיעיה,יחידה,9.00,יחידה,false,24,13.90,1.5444,true,1,233503
7290011575205,false,מרסס הפי מגן טקסטיל,מיפא,,מרסס הפי מגן טקסטיל 335 גר,גרמים,335.00,100 גרם,false,1,39.90,11.9104,true,1,234774
7290011575250,false,מבריק נעליים הפי,מרקה,,מבריק נעליים הפי,Unknown,0.00,Unknown,false,1,10.90,0.0000,true,1,235556
7290011575526,false,מטלית מיקרופייבר הפי,סיפי קנג,,מטלית מיקרופייבר הפי,Unknown,0.00,Unknown,false,1,12.90,0.0000,true,1,235555
7290011575755,false,דבק סופר גלו גל,הנקל,DE,דבק סופר גלו גל,Unknown,0.00,Unknown,false,1,15.90,0.0000,true,1,317777
7290011575809,false,ספריי נוצץ הגרטי הפי,פוליבוי,,ספריי נוצץ הגרטי הפי 200 מל,מיליליטרים,200.00,"100 מ""ל",false,1,30.90,15.4500,true,1,236250
7290011587444,false,תערובת מוזלי קראנצי,ויטליה,MK,תערובת מוזלי קראנצי פירות 600 גר,גרמים,600.00,100 גרם,false,10,13.90,2.3167,true,1,324678
7290011587468,false,תערובת מוזלי קראנצי,ויטליה,MK,תערובת מוזלי קראנצי אגוזים 600 גר,גרמים,600.00,100 גרם,false,10,13.90,2.3167,true,1,324677
7290011587598,false,אנשובי בשמן צמחי 45,,,אנשובי בפח 45 גר,Unknown,0.00,Unknown,false,1,4.90,0.0000,true,1,235671
7290011587611,false,מקרל מרוקאי בשמן רגי,,,מקרל מרוקאי בשמן רגיל 125 גר,גרמים,125.00,100 גרם,false,1,5.90,4.7200,true,1,235668
7290011587635,false,מקרל מרוקאי ברוטב עג,,,מקרל מרוקאי ברוטב עגבניות 125 גר,גרמים,125.00,100 גרם,false,1,5.90,4.7200,true,1,235667
7290011587642,false,מקרל מרוקאי בשמן חרי,,,מקרל מרוקאי בשמן חריף 125 גר,גרמים,125.00,100 גרם,false,1,5.90,4.7200,true,1,235666
7290011587758,false,אטריות נודלס דק 200,,,אטריות נודלס דק 200 גר,גרמים,200.00,100 גרם,false,1,4.90,2.4500,true,1,236628
7290011587765,false,אטריות נודלס עבה 200,,,אטריות נודלס עבה 200 גר,גרמים,200.00,100 גרם,false,1,4.90,2.4500,true,1,236627
7290011587857,false,עגבניות מיובשות מתוב,,TR,עגבניות מיובשות מתובלות 250 גר,גרמים,250.00,100 גרם,false,12,9.90,3.9600,true,1,245274
7290011587956,false,רוטב צילי מתוק 700 מ,,,רוטב צילי מתוק 700 מל תומר,מיליליטרים,700.00,"100 מ""ל",false,1,10.00,1.4286,true,1,243281
7290011587963,false,רוטב צילי חריף 700 מ,,,רוטב צילי חריף 700 מל תומר,מיליליטרים,700.00,"100 מ""ל",false,1,10.00,1.4286,true,1,243282
7290011598211,false,סנו אנטי קאלק רב שימ,,,סנו אנטי קאלק רב שימושי 700 מל,מיליליטרים,750.00,"100 מ""ל",false,1,19.90,2.6533,true,1,234395
7290011598365,false,מטלית מיקרופייבר סנו,סנו,IL,מטלית מיקרופייבר סנו סושי 4 יח,יחידה,4.00,יחידה,false,1,17.90,4.4750,true,1,310399
7290011607180,false,אב.כביסה קולון 101 כ,זוהר דליה,,אב.כביסה קולון 101 כתמים 1.25 קג,קילוגרמים,1.25,"ק""ג",false,1,12.90,10.3200,true,1,233660
7290011607197,false,אב.כביסה קולון 101 כ,זוהר דליה,,אב.כביסה קולון 101 כתמים 5 קג מיוחד,קילוגרמים,5.00,"ק""ג",false,1,29.90,5.9800,true,1,233637
7290011615260,false,טורטיה קמח לבן לאפיה,מוטלוקאל גידה סאן טי,,עלי טורטיה לאפיה 540 גרם,גרמים,540.00,100 גרם,false,1,9.90,1.8333,true,1,234778
7290011618025,false,נגיסי אורז בייבי ביס,גואנז'ו יונג וואנט פ,,נגיסי אורז בייבי ביס טעם טבעי 50 גר,גרמים,50.00,100 גרם,false,1,13.90,27.8000,true,1,240377
7290011618124,false,נגיסי אורז בייבי ביס,גואנז'ו יונג וואנט פ,,נגיסי אורז בייבי ביס טעם ירקות 50 גר,גרמים,50.00,100 גרם,false,1,13.90,27.8000,true,1,234358
7290011622428,false,חטיף בוטנים כתמטמיני,,,חטיף בוטנים כתמטמינים 45 גר,Unknown,0.00,Unknown,false,1,6.50,0.0000,true,1,249316
7290011622442,false,חטיף טבעות דגנים מלא,,,חטיף טבעות דגנים מלאים 45 גר,Unknown,0.00,Unknown,false,1,6.50,0.0000,true,1,249317
7290011622701,false,חטיף טבעוני גזר וסלק,,,חטיף טבעוני גזר וסלק 45 גר,Unknown,0.00,Unknown,false,1,6.50,0.0000,true,1,327493
7290011622763,false,ביסקוויטמינים פלוס ו,,,ביסקוויטמינים פלוס וניל 150גר גולדן הארט,גרמים,150.00,100 גרם,false,12,16.90,11.2667,true,1,331645
7290011622770,false,אצבעות ביסקוויטים פל,,,אצבעות ביסקוויטים פלוס 130 גר,גרמים,130.00,100 גרם,false,12,18.90,14.5385,true,1,334112
7290011659066,false,קוביות בזיליקום 70גר,ירוק מהגליל,IL,קוביות בזיליקום 70גרם קפוא,Unknown,0.00,Unknown,false,20,8.50,0.0000,true,1,321543
7290011688813,false,קוביות אננס קפוא 500,,IL,קוביות אננס קפוא 500גר פסקוביץ,גרמים,500.00,100 גרם,false,1,19.90,3.9800,true,1,335661
7290011688943,false,פרחי כרובית מצופים 5,,,פרחי כרובית מצופים 500גר פסקוביץ,גרמים,500.00,100 גרם,false,1,29.90,5.9800,true,1,333993
7290011688967,false,לקט ירקות מעורבים 2.,,,לקט ירקות מעורבים 2.5קג פסקוביץ,גרמים,2500.00,100 גרם,false,1,42.90,1.7160,true,1,334004
7290011688974,false,במיה קפואה 1 קג פסקו,,,במיה קפואה 1 קג פסקוביץ גודל 1,קילוגרמים,1.00,"ק""ג",false,1,12.90,12.9000,true,1,338407
7290011723200,false,טחינה הר ברכה 500 גר,טחינה הר ברכה בעמ,,טחינה הר ברכה 500 גרם,גרמים,500.00,100 גרם,false,1,19.90,3.9800,true,1,307077
7290011728007,false,חטיף נאצוס תירס טבעי,,,חטיף נאצוס תירס טבעי טרז פזוס 180 גרם,גרמים,180.00,100 גרם,false,6,19.90,11.0556,true,1,334515
7290011728052,false,ריבת בצל טרז פסוס 27,"דוידוב סלמון בע""מ",IL,ריבת בצל טרז פסוס 270 גרם,Unknown,0.00,Unknown,false,6,24.90,0.0000,true,1,345657
7290011728274,false,סלסה מנגו לבישול 300,"דוידוב סלמון בע""מ",IL,סלסה מנגו לבישול 300 גרם,גרמים,330.00,100 גרם,false,24,27.90,8.4545,true,1,326216
7290011728298,false,פלפל חלפיניו ירוק כב,"דוידוב סלמון בע""מ",IL,פלפל חלפיניו ירוק כבוש 195 גר,גרמים,195.00,100 גרם,false,24,22.90,11.7436,true,1,326671
7290011728335,false,סלסה פלפל אדום וציפו,,,סלסה פלפל אדום וציפוטלה 330 גרם,גרמים,330.00,100 גרם,false,1,25.90,7.8485,true,1,325081
7290011728632,false,עלי טורטיה קפוא 20 ס,"דוידוב סלמון בע""מ",IL,עלי טורטיה קפוא 20 סמ 6 יח 325 גרם,גרמים,325.00,100 גרם,false,28,16.90,5.2000,true,1,325073
7290011728649,false,עלי טורטיה קפוא קמח,"דוידוב סלמון בע""מ",IL,עלי טורטיה קפוא קמח מלא20סמ6יח325גר,גרמים,325.00,100 גרם,false,28,16.90,5.2000,true,1,325074
7290011728731,false,טורטיה קפואה מכוסמין,"דוידוב סלמון בע""מ",IL,טורטיה קפואה מכוסמין 20סמ 6יח325גר,גרמים,325.00,100 גרם,false,1,16.90,5.2000,true,1,326672
7290011728915,false,קמח תירס מינסה ל.גלו,,,קמח תירס מינסה ל.גלוטן וסכר 400 גרם,גרמים,400.00,100 גרם,false,6,18.90,4.7250,true,1,334516
7290011743833,false,מש.שיניים סנסודיין פ,,,מש.שיניים סנסודיין פרומל 75 מל ירוק,מיליליטרים,75.00,"100 מ""ל",false,1,21.90,29.2000,true,1,234794
7290011744885,false,מש.שיניים אקווה פרש,,,מש.שיניים אקווה פרש שני חלב 2עד6 50מל,Unknown,0.00,Unknown,false,1,9.90,0.0000,true,1,237132
7290011765095,false,גל גילוח קרמה לעור ע,,,גל גילוח קרמה לעור עדין 200 מל,מיליליטרים,200.00,"100 מ""ל",false,1,11.90,5.9500,true,1,333605
7290011765200,false,גל סנו מדיק לניקוי י,סנו,,גל סנו מדיק לניקוי ידיים ללא מים300אלוור,מיליליטרים,300.00,"100 מ""ל",false,12,19.90,6.6333,true,1,328965
7290011765217,false,גל סנו מדיק לניקוי י,,,גל סנו מדיק לניקוי ידיים 100מל אלוורה,מיליליטרים,100.00,"100 מ""ל",false,12,9.90,9.9000,true,1,328963
7290011765613,false,מסיר עובש 1ליטר מרסס,,,מסיר עובש 1ליטר מרסס בניחוח לימון,ליטרים,1.00,ליטר,false,12,18.90,18.9000,true,1,326675
7290011765620,false,נוזל כלים אקולוגי 70,סנו,IL,נוזל כלים אקולוגי 700מל גרין פאוור,מיליליטרים,700.00,"100 מ""ל",false,1,10.90,1.5571,true,1,332541
7290011772000,false,גל אלכוהול אסותא 110,,IL,גל אלכוהול אסותא 110מל,מיליליטרים,110.00,"100 מ""ל",false,24,9.90,9.0000,true,1,333261
7290011772468,false,אקונומיקה אמה 4 ליטר,טרופיקל דגיל,IL,אקונומיקה אמה 4 ליטר,ליטרים,4.00,ליטר,false,1,9.90,2.4750,true,1,328453
7290011800642,false,סלט מטבוחה צבר רפי 4,צבר,,סלט מטבוחה צבר רפי 400 גר,גרמים,400.00,100 גרם,false,1,16.90,4.2250,true,1,236918
7290011800840,false,סלט טחינה לבנה רפי צ,צבר,,סלט טחינה לבנה רפי צבר 400 גר,גרמים,400.00,100 גרם,false,1,16.90,4.2250,true,1,236919
7290011830236,false,בייגלה כוסמין אורגני,,,בייגלה כוסמין אורגני 200 גר,גרמים,200.00,100 גרם,false,1,15.90,7.9500,true,1,318665
7290011830243,false,אטריות אורגני ללא גל,,,אטריות אורגני ללא גלוטן אורז תאילנד250ג,גרמים,250.00,100 גרם,false,1,15.90,6.3600,true,1,318670
7290011830250,false,אטריות אורגני ללא גל,,,אטריות אורגני ללא גלוטן מכוסמת 250ג,גרמים,250.00,100 גרם,false,1,16.90,6.7600,true,1,318671
7290011830267,false,אטריות אורגני ללא גל,,,אטריות אורגני ללא גלוטן אורז מלא250ג,גרמים,250.00,100 גרם,false,1,15.90,6.3600,true,1,318669
7290011830274,false,אטריות אורגני ללא גל,,,אטריות אורגני ללא גלוטן אורז שחור250ג,גרמים,250.00,100 גרם,false,1,16.90,6.7600,true,1,318668
7290011830328,false,מחית סקוויז תפוח עץ,,,מחית סקוויז תפוח עץ אורגני 100 גר,גרמים,100.00,100 גרם,false,1,5.90,5.9000,true,1,331892
7290011830335,false,מחית סקוויז תפוח עץ,,,מחית סקוויז תפוח עץ ובננה אורגני 100 גר,גרמים,100.00,100 גרם,false,1,5.90,5.9000,true,1,331893
7290011830366,false,פסטה חמישה צבעים טל,,IT,פסטה חמישה צבעים טליאטלה אורגני 500ג,גרמים,500.00,100 גרם,false,6,27.90,5.5800,true,1,330749
7290011830373,false,פסטה חמישה צבעים פפ,,IT,פסטה חמישה צבעים פפרדלה אורגני 500ג,גרמים,500.00,100 גרם,false,6,27.90,5.5800,true,1,330748
7290011830380,false,פסטה חמישה צבעים מק,,IT,פסטה חמישה צבעים אורגנית 500 גר,גרמים,500.00,100 גרם,false,8,24.90,4.9800,true,1,330746
7290011830564,false,פתי בר כוסמין אורגני,,,פתי בר כוסמין אורגני 180 גר,גרמים,180.00,100 גרם,false,1,12.90,7.1667,true,1,318674
7290011830991,false,חטיף בוטנים ציקי מאנ,,,חטיף בוטנים ציקי מאנקי 60 גר אורגני,Unknown,0.00,Unknown,false,1,6.90,0.0000,true,1,318675
7290011860271,false,ביסבול טבעי תפוגן 70,תפוגן,IL,ביסבול טבעי תפוגן 700 גר,גרמים,700.00,100 גרם,false,9,12.90,1.8429,true,1,235191
7290011860301,false,ביס בול תירס תפוגן 7,תפוגן,IL,ביס בול תירס תפוגן 700 גר,גרמים,700.00,100 גרם,false,9,12.90,1.8429,true,1,235192
7290011876388,false,קציצות עוף ובקר אמית,תנובה גליל,,קציצות עוף ובקר אמיתיות 600 גרם,גרמים,600.00,100 גרם,false,1,34.00,5.6667,true,1,243833
7290011876494,false,שניצל עוף וי תירס 75,תנובה גליל,,שניצל עוף וי תירס 750 גרם,גרמים,750.00,100 גרם,false,1,36.90,4.9200,true,1,234188
7290011877095,false,זוג רדיד אלומיניום ס,,,זוג רדיד אלומיניום סנו סושי 45/7.5,יחידה,2.00,יחידה,false,1,24.90,12.4500,true,1,234714
7290011878597,false,גבינת שיטה בולגרית א,,IL,גבינת שיטה בולגרית אורגנית 200גר נאות סמ,גרמים,200.00,100 גרם,false,6,36.90,18.4500,true,1,345896
7290011912642,false,נוזל שטיפת פה ליסטרי,,IT,נוזל שטיפת פה ליסטרין תאגד 500מל,מיליליטרים,500.00,"100 מ""ל",false,1,19.90,3.9800,true,1,325705
7290011923013,false,דובדבן חמוץ אורגני ל,,RS,דובדבן חמוץ אורגני ללא גלעינים 300גר ליב,גרמים,300.00,100 גרם,false,6,18.90,6.3000,true,1,346046
7290011923020,false,אוכמניות אורגניות 30,,RS,אוכמניות אורגניות 300 גרם ליב,גרמים,300.00,100 גרם,false,6,18.90,6.3000,true,1,346043
7290011923068,false,בסגנון צהובה פרוסות,,GR,בסגנון צהובה פרוסות 200גר טבעוני,גרמים,200.00,100 גרם,false,12,18.90,9.4500,true,1,342492
7290011923112,false,בסגנון פטה יוונית גו,,GR,בסגנון פטה יוונית גוש 200גר טבעוני,גרמים,200.00,100 גרם,false,12,18.90,9.4500,true,1,342491
7290011923273,false,טופו אורגני 300 גר ל,,,טופו אורגני 300 גר ליב,גרמים,300.00,100 גרם,false,10,13.90,4.6333,true,1,242092
7290011923303,false,טופו טבעי 300 גרם לי,,,טופו טבעי 300 גרם ליב,גרמים,300.00,100 גרם,false,1,12.90,4.3000,true,1,252317
7290011931162,false,ממתיק סוכרלייט נוזלי,,,ממתיק סוכרלייט נוזלי 220 מל,מיליליטרים,220.00,"100 מ""ל",false,1,28.90,13.1364,true,1,234908
7290011941260,false,קערת סלט חד פעמי שקו,ningbo,CN,8 קערה שקופה לסלט,יחידה,1.00,יחידה,false,50,6.50,6.5000,true,1,306085
7290011947309,false,זית זיתא סורי מבוקע,זיתא - י.ט.ב תעשיות,,זית סורי מבוקע עם לימון 220 גרם,גרמים,230.00,100 גרם,false,1,14.90,6.4783,true,1,247926
7290011947316,false,זית זיתא קלמנטה 215,זיתא - י.ט.ב תעשיות,,זית קלמנטה 215 גרם זיתא,גרמים,215.00,100 גרם,false,1,14.90,6.9302,true,1,253572
7290011947521,false,שמן זית זיתא מודגש כ,זיתא - י.ט.ב תעשיות,,שמן זית זיתא מודגש כתית מעולה 750 מל,מיליליטרים,750.00,"100 מ""ל",false,1,29.90,3.9867,true,1,312828
7290011947743,false,מיקס זית זיתא ירוק ו,זיתא - י.ט.ב תעשיות,IL,מיקס זית זיתא ירוק וקלמטה 215 גר,גרמים,215.00,100 גרם,false,8,14.90,6.9302,true,1,330139
7290011947767,false,שמן זית זיתא קורניאק,,,שמן זית זיתא קורניאקי 750 מל,מיליליטרים,750.00,"100 מ""ל",false,1,37.90,5.0533,true,1,330623
7290011947781,false,זית זיתא מיקס מגולען,זיתא - י.ט.ב תעשיות,,זית זיתא מיקס מגולען בשמן זית 215 גרם,גרמים,190.00,100 גרם,false,1,14.90,7.8421,true,1,335773
7290011947798,false,זית זיתא קלמטה מגולע,זיתא - י.ט.ב תעשיות,,זית זיתא קלמטה מגולען בשמן זית 215 גרם,גרמים,190.00,100 גרם,false,1,14.90,7.8421,true,1,335772
7290011947842,false,שמן זית זיתא מיצוי ב,זיתא,IL,שמן זית זיתא מיצוי בזיליקוום ושום240 מל,מיליליטרים,250.00,"100 מ""ל",false,6,22.90,9.1600,true,1,337505
7290011947866,false,מיקס זיתים זיתא 440,זיתא - י.ט.ב תעשיות,,מיקס זיתים זיתא 440 גרם בפח,גרמים,440.00,100 גרם,false,1,15.90,3.6136,true,1,338306
7290011947873,false,זית קלמטה זיתא 440 ג,זיתא - י.ט.ב תעשיות,,זית קלמטה זיתא 440 גרם בפח,גרמים,440.00,100 גרם,false,1,15.90,3.6136,true,1,338307
7290011947903,false,זית זיתא מיקס יווני,זיתא - י.ט.ב תעשיות,,זית זיתא מיקס יווני 215 גרם,גרמים,215.00,100 גרם,false,1,14.90,6.9302,true,1,337462
7290011947965,false,זית זיתא מיקס מגולען,זיתא - י.ט.ב תעשיות,,זית זיתא מיקס מגולען עם שמיר 190 גרם,גרמים,190.00,100 גרם,false,1,14.90,7.8421,true,1,343578
7290011947972,false,זית זיתא ירוק מגולען,זיתא - י.ט.ב תעשיות,,זית זיתא ירוק מגולען תימין ורוזמר190 גרם,גרמים,190.00,100 גרם,false,1,14.90,7.8421,true,1,343577
7290011947989,false,זית זיתא ירוק מגולען,זיתא - י.ט.ב תעשיות,,זית זיתא ירוק מגולען טעם שום 190 גרם,גרמים,190.00,100 גרם,false,1,14.90,7.8421,true,1,343576
7290011964344,false,שום גבישי 120 ג מיכל,,,שום גבישי 120 ג מיכל גדול,גרמים,120.00,100 גרם,false,1,9.90,8.2500,true,1,234975
7290011964566,false,גריל עוף 400 גר בצנצ,,,גריל עוף 400 גר בקופסא,גרמים,400.00,100 גרם,false,1,22.90,5.7250,true,1,248806
7290011964573,false,פלפל שחור טחון דק400,,,פלפל שחור טחון דק400 גרם,גרמים,400.00,100 גרם,false,1,29.90,7.4750,true,1,333344
7290011964597,false,כמון טחון 400 גרם בצ,,,כמון טחון 400 גרם,גרמים,400.00,100 גרם,false,1,22.90,5.7250,true,1,248808
7290011964689,false,תיבול על האש מיכל גד,,,תיבול על האש מיכל גדול 100 גר,גרמים,100.00,100 גרם,false,1,9.90,9.9000,true,1,238771
7290011964702,false,תיבול שווארמה מיכל ג,,,תיבול שווארמה מיכל גדול100 גר,גרמים,100.00,100 גרם,false,1,9.90,9.9000,true,1,238773
7290011969158,false,מארז חמישייה מגבון ט,,,מארז חמישייה מגבון טואלט טייגר בייבי,יחידה,5.00,יחידה,false,1,16.90,3.3800,true,1,255713
7290011971694,false,ספגטי טריקולור מסמול,,,ספגטי טריקולור מסמולינת אורגני 500 גר,גרמים,500.00,100 גרם,false,1,13.90,2.7800,true,1,318709
7290011996567,false,רוטב סאטה אסיה 240 ג,,,רוטב סאטה אסיה 240 גרם,גרמים,250.00,100 גרם,false,1,14.90,5.9600,true,1,323653
7290011996642,false,שומשום שחור קלוי טעמ,,CN,שומשום שחור קלוי טעמי אסיה 100 גרם,גרמים,100.00,100 גרם,false,12,15.90,15.9000,true,1,344324
7290012001994,false,חרדל ריין דה דיזון ג,ריין דיגון,,חרדל ריין דה דיזון גרעינים 350 ג,גרמים,350.00,100 גרם,false,1,12.90,3.6857,true,1,238362
7290012019036,false,שיני שום כבושים 330,,,שיני שום כבושים 330 גר תומר,גרמים,330.00,100 גרם,false,1,9.90,3.0000,true,1,322267
7290012019043,false,שום צעיר כבוש בחומץ,,,שום צעיר כבוש בחומץ 330 גר תומר,גרמים,330.00,100 גרם,false,1,9.90,3.0000,true,1,322265
7290012019050,false,שום צעיר ובוגר וציפו,,,שום צעיר ובוגר וציפורן בחומץ 330 גר תומר,גרמים,330.00,100 גרם,false,1,9.90,3.0000,true,1,322266
7290012019258,false,רסק תפוח עץ רגיל 4 י,,,רסק תפוח עץ רגיל 4 יח 113 גר,גרמים,452.00,100 גרם,false,1,10.90,2.4115,true,1,314218
7290012019265,false,רסק תפוח עץ דיאט 4 י,,,רסק תפוח עץ דיאט 4 יח 113 גר,גרמים,452.00,100 גרם,false,1,10.90,2.4115,true,1,314216
7290012019272,false,רסק תפוח עץ וקינמון,,,רסק תפוח עץ וקינמון 4 יח 113 גר,גרמים,452.00,100 גרם,false,1,10.90,2.4115,true,1,314217
7290012019647,false,פטיסון כבוש 860 גרם,POLAN POLSKO FRANCUS,PL,פטיסון כבוש 860 גרם,גרמים,860.00,100 גרם,false,12,14.50,1.6860,true,1,310904
7290012022272,false,קליליות קידס טעם טבע,,,קליליות קידס טעם טבעי30גר קריספיות,Unknown,0.00,Unknown,false,1,10.90,0.0000,true,1,304681
7290012025822,false,סלט סלק אסלי 400 גרם,סלטי שמיר,,סלט סלק אסלי 400 גרם,גרמים,400.00,100 גרם,false,1,9.90,2.4750,true,1,309637
7290012025839,false,סלט מטבוחה אסלי 400,סלטי שמיר,,סלט מטבוחה אסלי 400 גרם,גרמים,400.00,100 גרם,false,1,9.90,2.4750,true,1,309636
7290012046179,false,אל סבון אינגוי 1ליטר,,IL,אל סבון אינגוי 1ליטר,ליטרים,1.00,ליטר,false,12,9.90,9.9000,true,1,346447
7290012046193,false,ספוגי קרצוף קשיחים י,3m,ES,ספוגי קרצוף קשיחים ירוקים קצרים 9יחסקוטש,יחידה,9.00,יחידה,false,20,17.90,1.9889,true,1,344613
7290012052163,false,גרנולה רפאל אגוזים ו,רפאלס,,גרנולה רפאל אגוזים ופירות 350 גר,גרמים,350.00,100 גרם,false,1,16.90,4.8286,true,1,245430
7290012052170,false,גרנולה רפאל ללא סוכר,רפאלס,,גרנולה רפאל ללא סוכר אגוז ופרי 350 גר,גרמים,350.00,100 גרם,false,1,16.90,4.8286,true,1,245433
7290012052187,false,גרנולה רפאל חלבה תמר,רפאלס,,גרנולה רפאל חלבה תמרים ושקדים 350 גר,גרמים,350.00,100 גרם,false,1,16.90,4.8286,true,1,245431
7290012052194,false,גרנולה רפאל פירות יע,רפאלס,,גרנולה רפאל פירות יער וקשיו 350 גר,גרמים,350.00,100 גרם,false,1,16.90,4.8286,true,1,245432
7290012052200,false,גרנולה רפאל אגוזים ז,רפאלס,,גרנולה רפאל אגוזים זרעי פירות800גר,גרמים,800.00,100 גרם,false,1,31.90,3.9875,true,1,245873
7290012052217,false,גרנולה רפאל ללא סוכר,רפאלס,,גרנולה רפאל ללא סוכר אגוז ופרי800גר,גרמים,800.00,100 גרם,false,1,31.90,3.9875,true,1,245842
7290012052224,false,גרנולה רפאל חלבה תמר,רפאלס,,גרנולה רפאל חלבה תמר ושקד800גר,גרמים,800.00,100 גרם,false,1,31.90,3.9875,true,1,245874
7290012052231,false,גרנולה רפאל פירות יע,רפאלס,,גרנולה רפאל פירות יער וקשיו800גר,גרמים,800.00,100 גרם,false,1,31.90,3.9875,true,1,245875
7290012052354,false,גרנולה רפאל שוקולד א,רפאלס,,גרנולה רפאל שוקולד אגוזי לוז 350 גר,גרמים,350.00,100 גרם,false,1,16.90,4.8286,true,1,245434
7290012052361,false,גרנולה רפאל תערובת מ,רפאלס,,גרנולה רפאל תערובת מוזלי 350 גר,גרמים,350.00,100 גרם,false,1,16.90,4.8286,true,1,245435
7290012052385,false,גרנולה רפאל מוזלי 80,רפאלס,,גרנולה רפאל מוזלי 800 גר,גרמים,800.00,100 גרם,false,1,31.90,3.9875,true,1,245877
7290012052460,false,מיקס פינוק לסלט זרעי,רפאלס,,מיקס פינוק לסלט זרעים ואגוזים קלו 250 גר,גרמים,250.00,100 גרם,false,1,18.90,7.5600,true,1,245436
7290012052477,false,מיקס פינוק לסלט עשבי,רפאלס,IL,מיקס פינוק לסלט עשבי תיבול זרעים 250 גר,גרמים,250.00,100 גרם,false,1,18.90,7.5600,true,1,245437
7290012086113,true,עגבניות שרי אשכולות,,,עגבניות שרי אשכול יח,Unknown,0.00,Unknown,false,1,9.90,0.0000,true,1,307432
7290012116193,false,סבון אסלה סנובון סגו,,,סבון אסלה סנובון סגול לבנדר שלישיה,יחידה,3.00,יחידה,false,1,14.90,4.9667,true,1,235719
7290012116261,false,גל סנו מדיק 500 מל ב,,,גל סנו מדיק 500 מל בתוספת אלוורה,מיליליטרים,500.00,"100 מ""ל",false,12,32.90,6.5800,true,1,331447
7290012116360,false,נוזל רצפה פוליויקס ג,,,נוזל רצפה פוליויקס גרניט פורצלן 2 ליטר,ליטרים,2.00,ליטר,false,1,19.90,9.9500,true,1,235678
7290012116537,false,אב.כביסה מקסימה מאסק,סנו,IL,אב.כביסה מקסימה מאסק 2.5 קג,קילוגרמים,2.50,"ק""ג",false,1,26.90,10.7600,true,1,307681
7290012116551,false,נוזל אנטי קלאק 4ב1 ר,,,נוזל אנטי קלאק 4ב1 רב שימושי 2 ל,ליטרים,2.00,ליטר,false,1,19.90,9.9500,true,1,236174
7290012116735,false,נ.טואלט סופט קומפקט,,,נ.טואלט סופט קומפקט 24 גל 900 מטר,יחידה,24.00,יחידה,false,1,44.90,1.8708,true,1,236067
7290012117350,false,נוזל רצפה ריצפז פרש,,,נוזל רצפה ריצפז פרש לילך 2 לי,ליטרים,2.00,ליטר,false,1,16.90,8.4500,true,1,236406
7290012117428,false,גל ושמפו רחצה קרמה מ,,,גל ושמפו רחצה קרמה מנטה 700 מל,מיליליטרים,700.00,"100 מ""ל",false,1,16.90,2.4143,true,1,236871
7290012117541,false,מרכך כביסה מקסימה מר,,,מרכך כביסה מקסימה מרוכז זאן 1 ל,ליטרים,1.00,ליטר,false,1,16.90,16.9000,true,1,237598
7290012117558,false,מרכך כביסה מקסימה מר,,,מרכך כביסה מקסימה מרוכז מאסק 1 ל,ליטרים,1.00,ליטר,false,1,16.90,16.9000,true,1,237599
7290012117732,false,מרכך כביסה סנומקסימה,,,מרכך כביסה סנומקסימה קוול 4 ל,ליטרים,4.00,ליטר,false,1,22.90,5.7250,true,1,333823
7290012139482,false,בונזו עצם לחוצה מעוש,בונזו,,בונזו עצם לחוצה מעושנת בציפוי,Unknown,0.00,Unknown,false,1,23.20,0.0000,true,1,238946
7290012139499,false,בונזו גוי עצם לחוצה,בונזו,,בונזו גוי עצם לחוצה מעושנת בציפוי,Unknown,0.00,Unknown,false,1,23.20,0.0000,true,1,238947
7290012139567,false,בונזו גוי ביסקוויט ע,בונזו,,בונזו גוי ביסקוויט עוף 90 גר,Unknown,0.00,Unknown,false,1,18.90,0.0000,true,1,249898
7290012193125,false,סוכרלוז טבליות מרמול,קיפל,IL,מרמולייט סוכרלוז טבליות 150 יחידות,יחידה,150.00,יחידה,false,10,25.90,0.1727,true,1,235726
7290012193163,false,פמילי אל סבון פרחי,,,פמילי אל סבון פרחי בר1 ל משאבה,ליטרים,1.00,ליטר,false,1,10.90,10.9000,true,1,242133
7290012226014,false,נקניקיות וינר 800 גר,,IL,נקניקיות וינר 800 גר,גרמים,800.00,100 גרם,false,1,21.90,2.7375,true,1,345609
7290012226120,false,נקניק קבנוס 135 גר,,IL,נקניק קבנוס 135 גר,גרמים,135.00,100 גרם,false,12,10.90,8.0741,true,1,345610
7290012226342,false,נקניקיה טבעונית 460ג,,IL,נקניקיה טבעונית 460גר,גרמים,460.00,100 גרם,false,10,27.90,6.0652,true,1,345641
7290012226816,false,שניצל זוגלובק דק 540,,IL,שניצל זוגלובק דק 540גר,גרמים,540.00,100 גרם,false,10,27.90,5.1667,true,1,345644
7290012226922,false,נקניק קבנוס בטעם שום,,IL,נקניק קבנוס בטעם שום 135 גר,גרמים,135.00,100 גרם,false,12,10.90,8.0741,true,1,345612
7290012226939,false,נקניק קבנוס בטעם ציל,,IL,נקניק קבנוס בטעם צילי 135 גר,גרמים,135.00,100 גרם,false,12,10.90,8.0741,true,1,345613
7290012226991,false,נקניקיות גמבו 1.5 קג,,IL,נקניקיות גמבו 1.5 קג,קילוגרמים,1.50,"ק""ג",false,5,27.90,18.6000,true,1,345614
7290012227400,false,נקניקיות עוף 800 גרם,,IL,נקניקיות עוף 800 גרם,גרמים,800.00,100 גרם,false,1,21.90,2.7375,true,1,345631
7290012227912,false,נקניק קבנוס מעודן 13,,IL,נקניק קבנוס מעודן 135גר,גרמים,135.00,100 גרם,false,12,10.90,8.0741,true,1,345636
7290012228124,false,קבנוס סטיקס 50גר,,IL,קבנוס סטיקס 50גר,Unknown,0.00,Unknown,false,15,10.90,0.0000,true,1,345632
7290012228261,false,נקניקיות קנקרס הודו,,IL,נקניקיות קנקרס הודו 300גר ריינהולדס,גרמים,300.00,100 גרם,false,6,21.90,7.3000,true,1,345628
7290012228278,false,נקניקיות בוקוורסט הו,,IL,נקניקיות בוקוורסט הודו בקר 300גר ריינהול,גרמים,300.00,100 גרם,false,6,21.90,7.3000,true,1,345627
7290012228704,false,נקניקיות הספרדייה חר,,IL,נקניקיות הספרדייה חריפה 300גר ריינהול,גרמים,300.00,100 גרם,false,6,21.90,7.3000,true,1,345785
7290012228728,false,קבנוס סטיקס טעם מקסי,,IL,קבנוס סטיקס טעם מקסיקני 50גר,Unknown,0.00,Unknown,false,15,10.90,0.0000,true,1,345634
7290012245176,false,וופל ציפס קריספי קפו,,,וופל ציפס קריספי קפוא 700גר קפוא זן,גרמים,700.00,100 גרם,false,14,13.90,1.9857,true,1,347610
7290012245183,false,ציפס קריספי קלאסי קפ,,,ציפס קריספי קלאסי קפוא 700גר קפוא זן,גרמים,700.00,100 גרם,false,14,11.90,1.7000,true,1,347611
7290012245329,false,ציפס קלאסי קפוא 1.5ק,,,ציפס קלאסי קפוא 1.5קג גולד קפוא זן,גרמים,1500.00,100 גרם,false,8,19.90,1.3267,true,1,347606
7290012245336,false,סטייק ציפס 1.5 קג ג,,,סטייק ציפס 1.5 קג גולד קפוא זן,גרמים,1500.00,100 גרם,false,8,19.90,1.3267,true,1,347609
7290012247729,false,כנפיים עוף קפוא,,,כנפיים עוף קפוא,קילוגרמים,1.00,"ק""ג",true,,10.00,10.0000,true,1,337539
7290012247736,false,שוקיים עוף קפוא ארוז,,,שוקיים עוף קפוא ארוז,קילוגרמים,1.00,"ק""ג",true,,27.90,27.9000,true,1,337986
7290012247774,false,לבבות עוף קפוא,,,לבבות עוף קפוא,קילוגרמים,1.00,"ק""ג",true,,29.90,29.9000,true,1,344726
7290012247859,false,כבד עוף קפוא,,,כבד עוף קפוא,קילוגרמים,1.00,"ק""ג",true,,19.90,19.9000,true,1,342032
7290012263729,false,פלסטרים 25יח פארמה מ,,IL,פלסטרים 25יח פארמה מדיק,יחידה,25.00,יחידה,false,1,4.90,0.1960,true,1,334172
7290012309311,false,ערמונים מוכנים שקדיה,,CN,ערמונים קלופים מוכנים 100 גר בשקית,גרמים,100.00,100 גרם,false,50,5.90,5.9000,true,1,235882
7290012309878,false,חלבה עם פיסטוקים 500,ח. עקר,IL,חלבה עם פיסטוק 500 גרם,גרמים,500.00,100 גרם,false,12,12.90,2.5800,true,1,236074
7290012309885,false,חלבה שוקו וניל 500 ג,ח. עקר,,חלבה שוקו וניל 500 גר,גרמים,500.00,100 גרם,false,1,12.90,2.5800,true,1,236075
7290012309939,false,חלבה מסולסלת 500 גר,ח. עקר,IL,חלבה מסולסלת 500 גרם,גרמים,500.00,100 גרם,false,12,16.00,3.2000,true,1,236077
7290012313073,false,מיקס זיתים ללא גלעין,,,מיקס זיתים ללא גלעין יבנה 560 גרם,גרמים,560.00,100 גרם,false,12,11.90,2.1250,true,1,343996
7290012313141,false,פרוסות מלפפון במלח 5,,,פרוסות מלפפון במלח 540 גר,גרמים,540.00,100 גרם,false,1,6.50,1.2037,true,1,242082
7290012313165,false,שמן זית כתית מעולה י,,,שמן זית כתית מעולה יבנה 750 מל,מיליליטרים,750.00,"100 מ""ל",false,1,37.90,5.0533,true,1,250224
7290012313240,false,מיקס זית ירוק וקלמטה,,,מיקס זית ירוק וקלמטה יבנה 560 גרם,גרמים,560.00,100 גרם,false,12,11.90,2.1250,true,1,334132
7290012313394,false,מלפפון קוביות במלח י,,,מלפפון קוביות במלח יבנה 560 גרם,גרמים,560.00,100 גרם,false,1,5.90,1.0536,true,1,344182
7290012313400,false,זית סורי מבוקע המסיק,,IL,זית סורי מבוקע המסיק 215 גרם בגביע,גרמים,215.00,100 גרם,false,12,12.90,6.0000,true,1,345358
7290012313417,false,מיקס זיתים המסיק 215,,IL,מיקס זיתים המסיק 215 גרם בגביע,גרמים,215.00,100 גרם,false,12,12.90,6.0000,true,1,345360
7290012313424,false,זית קלמטה שלם המסיק,,IL,זית קלמטה שלם המסיק 215 גרם בגביע,גרמים,215.00,100 גרם,false,12,12.90,6.0000,true,1,345356
7290012313431,false,זית מרוקאי יבש המסיק,,IL,זית מרוקאי יבש המסיק 215 גרם בגביע,גרמים,215.00,100 גרם,false,12,12.90,6.0000,true,1,345357
7290012313448,false,זית מעדניה מתובל המס,,IL,זית מעדניה מתובל המסיק 215 גרם בגביע,גרמים,215.00,100 גרם,false,12,12.90,6.0000,true,1,345359
7290012313547,false,זית קלמטה חומץ יין י,,,זית קלמטה ביין 560גר א/2 יבנה,גרמים,560.00,100 גרם,false,1,10.90,1.9464,true,1,305732
7290012313554,false,עלי גפן ממולאים באור,,TR,עלי גפן ממולאים באורז 400 גרם,גרמים,400.00,100 גרם,false,24,8.90,2.2250,true,1,346876
7290012322501,false,שלישיית מגבוני אוונט,פיליפס אוונט,,שלישיית מגבוני אוונט מילוי 72 יח,יחידה,1.00,יחידה,false,1,21.90,21.9000,true,1,239276
7290012367700,false,קרם גוף שיבולת שועל,פישר תעשיות,,קרם גוף שיבולת שועל אפקטיב קר 700 מל,מיליליטרים,750.00,"100 מ""ל",false,1,34.90,4.6533,true,1,239076
7290012367717,false,קרם ידיים אפקטיב קר,פישר תעשיות,,קרם ידיים אפקטיב קר 150 מל שיבולת שועל,מיליליטרים,150.00,"100 מ""ל",false,1,11.90,7.9333,true,1,236962
7290012404146,false,משקה שוופס מוגז תפוח,יפאורה,IL,משקה שוופס מוגז תפוחים 1.5ליטר,ליטרים,1.50,ליטר,false,12,9.60,6.4000,true,1,237470
7290012404177,false,משקה שוופס מוגז תפוח,יפאורה,,משקה שוופס מוגז תפוחים 330 מל,מיליליטרים,330.00,"100 מ""ל",false,1,6.90,2.0909,true,1,312068
7290012404955,false,משקה ספרינג קולקטשיי,יפאורה,IL,משקה ספרינג קולקטשיין נקטר חמוציות 1.25ל,ליטרים,1.25,ליטר,false,12,11.90,9.5200,true,1,306642
7290012404993,false,משקה ספרינג קולקטשיי,יפאורה,,משקה ספרינג קולקטשיין דיאט חמוציות 1.25ל,ליטרים,1.25,ליטר,false,1,11.50,9.2000,true,1,306644
7290012413636,false,תה ירוק צאי מסאלה 2,תה ויסוצקי,,תה ירוק צאי מסאלה 25 שק,יחידה,25.00,יחידה,false,1,24.90,0.9960,true,1,240906
7290012413643,false,תה ירוק קמוקיל 1.5 ג,תה ויסוצקי,,תה ירוק קמוקיל 1.5 ג 25 שק,יחידה,25.00,יחידה,false,1,24.90,0.9960,true,1,243757
7290012475108,false,משקה שעורה נמס אורגנ,,,משקה שעורה נמס אורגני 75 גר גרינפלד,Unknown,0.00,Unknown,false,1,15.90,0.0000,true,1,333110
7290012475238,false,לחם שלושת הדגנים גרי,דלבה בייקר,,לחם שלושת הדגנים גרין פילד אורגני 500 גר,גרמים,500.00,100 גרם,false,1,14.90,2.9800,true,1,307267
7290012475245,false,לחם פומפרניקל גרין פ,דלבה בייקר,,לחם פומפרניקל גרין פילד אורגני500ג,גרמים,500.00,100 גרם,false,1,14.90,2.9800,true,1,307270
7290012475252,false,לחם שיפון מלא ופשתן,דלבה בייקר,,לחם שיפון מלא ופשתן גרין פילד אורגני500ג,גרמים,500.00,100 גרם,false,1,14.90,2.9800,true,1,307269
7290012483011,false,פולי סויה קפוא 1 קג,זאיזאנג,CN,פולי סויה קפוא 1 קג,קילוגרמים,1.00,"ק""ג",false,10,18.20,18.2000,true,1,236066
7290012483608,false,אורז בסמטי מובחר 5 ק,lt foods,IN,אורז בסמטי מובחר 5קג DAAWAT,קילוגרמים,5.00,"ק""ג",false,4,54.90,10.9800,true,1,248355
7290012522581,false,שניצל תירס ללא גלוטן,טבעול ישראל,IL,שניצל תירס ללא גלוטן 664 גר,גרמים,664.00,100 גרם,false,6,32.90,4.9548,true,1,241675
7290012561313,false,בצל מטוגן 400גר דורו,דורות,IL,בצל מטוגן 400גר דורות,גרמים,400.00,100 גרם,false,1,19.90,4.9750,true,1,329544
7290012561337,false,כורכום טרי כתוש 70גר,דורות,,כורכום טרי כתוש 70גר דורות,גרמים,70.00,100 גרם,false,32,10.90,15.5714,true,1,327547
7290012561405,false,בצל חצי מטוגן דורות,דורות,,בצל חצי מטוגן דורות 180 גר,גרמים,180.00,100 גרם,false,1,10.90,6.0556,true,1,236974
7290012576355,false,יין ספיישל רזרב פטי,,,יין ספיישל רזרב פטי ורדו 750מל פקדון,מיליליטרים,750.00,"100 מ""ל",false,1,70.00,9.3333,true,1,246488
7290012576379,false,יין ספיישל רזרב מרלו,,,יין ספיישל רזרב מרלו 750מל פקדון,מיליליטרים,750.00,"100 מ""ל",false,1,70.00,9.3333,true,1,246487
7290012576386,false,יין ספיישל רזרב פינו,,,יין ספיישל רזרב פינוטאז 750מל פקדון,מיליליטרים,750.00,"100 מ""ל",false,1,70.00,9.3333,true,1,246486
7290012588242,false,מארז 6יח מים מינרלים,,,מארז 6יח מים מינרלים 500מל כדורגל,מיליליטרים,1800.00,"100 מ""ל",false,4,11.90,0.6611,true,1,328304
7290012588303,false,מארז 6יח מים מינרלים,,,מארז 6יח מים מינרלים 300מל מפרץ הרפתקאות,מיליליטרים,1800.00,"100 מ""ל",false,4,11.90,0.6611,true,1,328303
7290012637032,false,זעתר האזוב המקראי 10,,,זעתר האזוב המקראי 100 גר,גרמים,100.00,100 גרם,false,1,15.90,15.9000,true,1,238235
7290012637124,false,חליטת תה ירוק 20 שקי,,,חליטת תה ירוק 20 שקיקים 1.5 גר,Unknown,0.00,Unknown,false,1,25.00,0.0000,true,1,250556
7290012637377,false,חליטת תה גינגר לימון,,,חליטת תה גינגר לימון 20 שקיקים 1.5 גר,Unknown,0.00,Unknown,false,1,25.00,0.0000,true,1,325047
7290012642678,false,מארז 4 יח לפתן אננס,,,מארז 4 יח לפתן אננס בכוס פלסטי 113 גר,גרמים,452.00,100 גרם,false,1,11.90,2.6327,true,1,238208
7290012642685,false,מארז 4 יח לפתן אפרסק,,,מארז 4 יח לפתן אפרסק בכוס פלסטי 113 גר,גרמים,452.00,100 גרם,false,1,11.90,2.6327,true,1,238210
7290012642692,false,מארז 4 יח לפתן פירות,,,מארז 4 יח לפתן פירות בכוס פלסטי 113 גר,גרמים,452.00,100 גרם,false,1,11.90,2.6327,true,1,238209
7290012642807,false,פלפלים ירוק בחומץ ב,,,פלפלים ירוק בחומץ בצנצנת 520 גר,גרמים,520.00,100 גרם,false,1,10.90,2.0962,true,1,239017
7290012642814,false,פלפל מעורב בחומץ חרי,,,פלפל מעורב בחומץ חריף 520 גר בצנצנת,גרמים,520.00,100 גרם,false,1,10.90,2.0962,true,1,239018
7290012642838,false,פלפל רצועות אדום בחו,,,פלפל רצועות אדום בחומץ 520 גר בצנצנת,גרמים,520.00,100 גרם,false,1,10.90,2.0962,true,1,239020
7290012642845,false,פלפל אדום בחומץ 520,,,פלפל אדום בחומץ 520 גר בצנצנת,גרמים,520.00,100 גרם,false,1,10.90,2.0962,true,1,239021
7290012642852,false,פלפל אדום על האש 520,,,פלפל אדום על האש 520 גרבצנצנת,גרמים,520.00,100 גרם,false,1,10.90,2.0962,true,1,239022
7290012642869,false,פלפל אדום בחומץ חריף,,,פלפל אדום בחומץ חריף 520 גר צנצנת,גרמים,520.00,100 גרם,false,1,10.90,2.0962,true,1,239023
7290012642876,false,פלפלונים מעורב בחומץ,,,פלפלונים מעורב בחומץ חריף 520 גר צנצנת,גרמים,520.00,100 גרם,false,1,10.90,2.0962,true,1,239024
7290012642906,false,פלפלונים ירוק בחומץ,,,פלפלונים ירוק בחומץ 520 גר בצנצנת,גרמים,520.00,100 גרם,false,1,10.90,2.0962,true,1,239026
7290012645051,false,יוגורט עיזים 350גרם,שטראוס,IL,יוגורט עיזים 350גרם גביע,גרמים,350.00,100 גרם,false,8,11.90,3.4000,true,1,331832
7290012645075,false,יוגורט כבשים יווני 3,שטראוס,IL,יוגורט כבשים יווני 350גרם גביע,גרמים,350.00,100 גרם,false,8,11.90,3.4000,true,1,337761
7290012645082,false,יוגורט חצי חצי 350גר,שטראוס,IL,יוגורט חצי חצי 350גר גביע,גרמים,350.00,100 גרם,false,8,11.90,3.4000,true,1,331833
7290012645112,false,יוגורט עיזים 750 גרם,שטראוס,,יוגורט עיזים 750 גרם דלי,מיליליטרים,750.00,"100 מ""ל",false,1,19.90,2.6533,true,1,311260
7290012645181,false,לאבנה עיזים 200גר 5%,שטראוס,IL,לאבנה עיזים 200גר 5% שומן חלב הארץ,גרמים,200.00,100 גרם,false,6,11.90,5.9500,true,1,345554
7290012645297,false,יוגורט עיזים טבעי,שטראוס,IL,יוגורט עיזים טבעי 150מל חלב הארץ,מיליליטרים,150.00,"100 מ""ל",false,8,5.80,3.8667,true,1,255753
7290012653834,false,וודקה מנהטן אספרסו 7,,,וודקה מנהטן אספרסו 700מל פקדון,מיליליטרים,700.00,"100 מ""ל",false,1,75.00,10.7143,true,1,248592
7290012668296,false,מעדן תות שדה דודה בר,,IL,מעדן תות שדה דודה ברטה 284 גרם,גרמים,284.00,100 גרם,false,6,15.90,5.5986,true,1,345658
7290012668302,false,מעדן מנדרינה תפוז דו,,IL,מעדן מנדרינה תפוז דודה ברטה 284 גרם,גרמים,284.00,100 גרם,false,6,15.90,5.5986,true,1,345662
7290012668319,false,מעדן דומדומניות שחור,,IL,מעדן דומדומניות שחורות דודה ברטה 284 גרם,גרמים,284.00,100 גרם,false,6,15.90,5.5986,true,1,345661
7290012668456,false,מעדן דובדבן דודה ברט,,IL,מעדן דובדבן דודה ברטה 284 גרם,גרמים,284.00,100 גרם,false,6,15.90,5.5986,true,1,345660
7290012668616,false,מעדן פירות יער דודה,,IL,מעדן פירות יער דודה ברטה 284 גרם,גרמים,284.00,100 גרם,false,6,15.90,5.5986,true,1,345659
7290012668746,false,רוטב צילי שום דודה ב,,IL,רוטב צילי שום דודה ברטה 350 גר,גרמים,350.00,100 גרם,false,9,16.90,4.8286,true,1,345668
7290012668784,false,רוטב דבש ושום דודה ב,,IL,רוטב דבש ושום דודה ברטה 320 גרם,גרמים,320.00,100 גרם,false,9,16.90,5.2812,true,1,345669
7290012668791,false,רוטב בצל יין אדום וס,,IL,רוטב בצל יין אדום וסויה דודה ברטה 350 גר,גרמים,350.00,100 גרם,false,9,16.90,4.8286,true,1,345666
7290012668968,false,רוטב טריאקי רימון דו,,IL,רוטב טריאקי רימון דודה ברטה 350 גר,גרמים,350.00,100 גרם,false,9,16.90,4.8286,true,1,345667
7290012692000,false,גל אלכוגל לידיים 500,פישר תעשיות,IL,גל אלכוגל לידיים 500 מל אפרסק,מיליליטרים,500.00,"100 מ""ל",false,1,19.90,3.9800,true,1,306433
7290012697081,false,סוכרזית מהטבע סטיווי,,,סוכרזית מהטבע סטיוויה100שקיות 100ג,גרמים,100.00,100 גרם,false,1,30.00,30.0000,true,1,241717
7290012697234,false,סוכרזית מהטבע סטיווי,,,סוכרזית מהטבע סטיוויה 75 טבליות 450ג,גרמים,450.00,100 גרם,false,1,16.10,3.5778,true,1,241716
7290012697241,false,סוכרזית מהטבע סטיווי,,,סוכרזית מהטבע סטיוויה נוזל 220 מל,מיליליטרים,220.00,"100 מ""ל",false,1,29.90,13.5909,true,1,241719
7290012697388,false,סוכרזית מהטבע סטיווי,,,סוכרזית מהטבע סטיוויה כפית 100גר,גרמים,100.00,100 גרם,false,1,34.90,34.9000,true,1,241718
7290012726071,false,ממרח פליאו פלפלים הב,,IL,ממרח פליאו פלפלים הבאר 150 גרם,גרמים,150.00,100 גרם,false,15,23.90,15.9333,true,1,328359
7290012726293,false,ממרח פליאו לימון כבו,,IL,ממרח פליאו לימון כבוש הבאר 150 גרם,גרמים,150.00,100 גרם,false,15,23.90,15.9333,true,1,328727
7290012726330,false,ממרח פליאו ארטישוק ה,,IL,ממרח פליאו ארטישוק הבאר 150 גרם,גרמים,150.00,100 גרם,false,15,23.90,15.9333,true,1,328725
7290012726972,false,ממרח פליאו חרדל קשיו,,IL,ממרח פליאו חרדל קשיו 150 גרם,גרמים,150.00,100 גרם,false,15,23.90,15.9333,true,1,331169
7290012759659,false,חטיפי בראוניז תמר קו,ממה חטיפי אנרגיה,IL,חטיפי בראוניז תמר קוקוס אגוזי מלך240גר,גרמים,240.00,100 גרם,false,6,26.90,11.2083,true,1,331172
7290012759666,false,חטיפי בראוניז תמר פק,ממה חטיפי אנרגיה,IL,חטיפי בראוניז תמר פקאן ופולי קקאו240גר,גרמים,240.00,100 גרם,false,6,26.90,11.2083,true,1,331171
7290012759673,false,חטיפי בראוניז חמאת ב,ממה חטיפי אנרגיה,IL,חטיפי בראוניז חמאת בוטנים קשיו גוגי ברי,גרמים,240.00,100 גרם,false,6,26.90,11.2083,true,1,331170
7290012795183,false,קרקר אורז 140 גר לב,,,קרקר אורז 140 גר לב הטבע,גרמים,140.00,100 גרם,false,1,16.90,12.0714,true,1,312826
7290012798214,false,יין רוסו אדום יבש 75,,,יין רוסו אדום יבש 750מל,מיליליטרים,750.00,"100 מ""ל",false,1,110.00,14.6667,true,1,325584
7290012798283,false,יין רוזה יבש 2014 75,,,יין רוזה יבש 2014 750מל פקדון,מיליליטרים,750.00,"100 מ""ל",false,1,100.00,13.3333,true,1,248409
7290012798467,false,יין גוורצטרמינר לבן,,,יין גוורצטרמינר לבן חצי יבש 750מל,מיליליטרים,750.00,"100 מ""ל",false,1,85.00,11.3333,true,1,324046
7290012798542,false,יין קברנה סוביניון 2,,,יין קברנה סוביניון 2016 750מל פקדון,מיליליטרים,750.00,"100 מ""ל",false,1,120.00,16.0000,true,1,326631
7290012798566,false,יין אדום שיראז יבש 7,,,יין tsuo שיראז יבש 750מל,מיליליטרים,750.00,"100 מ""ל",false,1,110.00,14.6667,true,1,325373
7290012798573,false,יין טרסה אדום יבש 20,,,יין טרסה אדום יבש 2014 750מל פקדון,מיליליטרים,750.00,"100 מ""ל",false,1,85.00,11.3333,true,1,324632
7290012798580,false,יין שרדונה 2017 לורי,,,יין שרדונה 2017 לוריא 750 מל,מיליליטרים,750.00,"100 מ""ל",false,1,120.00,16.0000,true,1,326950
7290012798689,false,יין פינו גריגיו לבן,יקב לוריא,,יין פינו גריגיו לבן יבש 2015 750 מל,מיליליטרים,750.00,"100 מ""ל",false,1,100.00,13.3333,true,1,324631
7290012798788,false,יין שרדונה ללא עץ 75,יקב לוריא,,יין שרדונה ללא עץ 750 מל,מיליליטרים,750.00,"100 מ""ל",false,1,100.00,13.3333,true,1,312782
7290012803055,false,סוכרלוז מרמולייט בשק,קיפל,,סוכרלוז שקיות מרמולייט 100 יח,יחידה,100.00,יחידה,false,1,25.90,0.2590,true,1,236454
7290012803215,false,וופל שוקולד ללא סוכר,גילרו,IL,טוסו וופל בלגי בטעם שוקולד 200 גרם,גרמים,200.00,100 גרם,false,12,9.90,4.9500,true,1,242206
7290012803222,false,וופל לימון ללא סוכר,גילרו,IL,טוסו וופל בלגי בטעם לימון 200 גרם,גרמים,200.00,100 גרם,false,12,9.90,4.9500,true,1,242207
7290012803314,false,סוכרלוז מרמולייט טבל,קיפל,,סוכרלוז טבליות מרמולייט 300 יח,יחידה,300.00,יחידה,false,1,37.90,0.1263,true,1,237487
7290012803321,false,סוכרלוז מרמולייט שקי,קיפל,,סוכרלוז שקית אישית מרמולייט 200 יח,יחידה,200.00,יחידה,false,1,37.90,0.1895,true,1,237486
7290012803352,false,רייד ארוסול קוטל מעו,SC Jonson,NL,רייד אקסטרא קוטל מעופפים - 8 שעות 300 מל,מיליליטרים,300.00,"100 מ""ל",false,12,15.90,5.3000,true,1,239779
7290012803451,false,שוקולד מריר 60% טוסו,ALTINMARKA,,שוקולד מריר 60% טוסו 100 גר,גרמים,100.00,100 גרם,false,1,10.90,10.9000,true,1,248912
7290012803765,false,שוקולד מריר טוסו ללא,ALTINMARKA,TR,טוסו מר שוקולד מריר 100 גר,גרמים,100.00,100 גרם,false,15,10.90,10.9000,true,1,242203
7290012803772,false,שוקולד חלב טוסו ללא,ALTINMARKA,TR,טוסו מר שוקולד חלב 100 גר,גרמים,100.00,100 גרם,false,15,10.90,10.9000,true,1,242202
7290012803789,false,שוקולד מריר אגוז טוס,ALTINMARKA,TR,טוסו מר שוקולד מריר עם אגוזים 100 ג,גרמים,100.00,100 גרם,false,15,10.90,10.9000,true,1,242205
7290012823237,false,תחליב רחצה קרמה מועש,סנו,IL,תחליב רחצה קרמה מועשר 700מל בריזת ים,מיליליטרים,700.00,"100 מ""ל",false,12,18.90,2.7000,true,1,333620
7290012823374,false,מטליות סושי אנטי קלא,,,מטליות סושי אנטי קלאק לחות 4ב1,Unknown,0.00,Unknown,false,1,12.90,0.0000,true,1,238967
7290012823381,false,מרכך כביסה מקסימה מר,,,מרכך כביסה מקסימה מרוכז סנסטיב 1 ל,ליטרים,1.00,ליטר,false,1,16.90,16.9000,true,1,238184
7290012823398,false,מטלית ריצפז פרש בניח,,,מטלית ריצפז פרש בניחוח מרכך 10יח 40*70סמ,יחידה,10.00,יחידה,false,1,14.90,1.4900,true,1,318956
7290012823541,false,מטליות סנו ריצפז פרש,,,מטליות סנו ריצפז פרש ענק לרצפה 40*70 סמ,יחידה,10.00,יחידה,false,1,14.90,1.4900,true,1,239038
7290012823558,false,מטליות לחות לרצפה סנ,,,מטליות לחות לרצפה סנו סושי10 יח 40/70,יחידה,10.00,יחידה,false,1,12.90,1.2900,true,1,238185
7290012823565,false,מטליות לחות לרצפה פו,,,מטליות לחות לרצפה פוליווקס פרקט 70/40,יחידה,10.00,יחידה,false,1,14.90,1.4900,true,1,238965
7290012823589,false,נוזל רצפה ריצפז פרש,,,נוזל רצפה ריצפז פרש לימון 2 לי,ליטרים,2.00,ליטר,false,1,16.90,8.4500,true,1,239454
7290012823602,false,נ.טואלט סופט סילק לב,,,נ.טואלט סופט סילק לבן 32 יח,יחידה,32.00,יחידה,false,1,34.90,1.0906,true,1,239430
7290012823923,false,מרכך כביסה מקסימה פר,,,מרכך כביסה מקסימה פרפיום גולדן סנרייז750,מיליליטרים,750.00,"100 מ""ל",false,1,16.90,2.2533,true,1,239209
7290012823947,false,מרכך כביסה מקסימה פר,,,מרכך כביסה מקסימה פרפיום קריסטל נואר750,מיליליטרים,750.00,"100 מ""ל",false,1,16.90,2.2533,true,1,239211
7290012871061,false,חטיף תירס פופ מתוק ד,מפעלי דגן,IL,חטיף תירס פופ מתוק דגן 150 גר,גרמים,150.00,100 גרם,false,12,7.00,4.6667,true,1,307883
7290012871382,false,חיטה מלאה תפוחה ל.סו,מפעלי דגן,,חיטה מלאה תפוחה ל.סוכר 150 גרם,גרמים,150.00,100 גרם,false,1,7.50,5.0000,true,1,327931
7290012871412,false,חיטה תפוחה בציפוי קק,מפעלי דגן,,חיטה תפוחה בציפוי קקאו 200 גרם,גרמים,150.00,100 גרם,false,1,7.50,5.0000,true,1,342485
7290012871429,false,חטיף דגן פצפוצי כוסמ,מפעלי דגן,,חטיף דגן פצפוצי כוסמת סילאן וקינמוןן 200,גרמים,200.00,100 גרם,false,1,10.90,5.4500,true,1,325010
7290012884986,false,ציפס לתנור עד 4% שומ,תפוגן,,ציפס לתנור עד 4% שומן תפוגן 1.5 קג,גרמים,1500.00,100 גרם,false,1,24.90,1.6600,true,1,246982
7290012894169,false,דורות בייקאיט ט.וניל,דורות,,דורות בייקאיט ט.וניל 260גר,גרמים,280.00,100 גרם,false,12,29.90,10.6786,true,1,341928
7290012901355,false,פסטה גבינה לבן דודלס,הנדריקס פודס,US,פסטה גבינה לבן 206 ג DOODLES,גרמים,206.00,100 גרם,false,24,11.90,5.7767,true,1,253886
7290012911170,false,מחית מיסו כהה 500 גר,דליאן מטסוי,,מחית מיסו כהה 500 גרם אסיה,גרמים,500.00,100 גרם,false,1,13.90,2.7800,true,1,308276
7290012911729,false,גינגר כבוש אסיה 250,לאיוו מאנהינג,CN,זינזר כבוש 250 ג צנצנת אסיה,גרמים,250.00,100 גרם,false,24,8.50,3.4000,true,1,250143
7290012911941,false,רוטב צילי דיאט ללא ס,קיי.אר.אס,,רוטב צילי דיאט ללא סוכר 700מל אסיה,מיליליטרים,700.00,"100 מ""ל",false,1,18.90,2.7000,true,1,244073
7290012921032,false,בירה מלכה אדמונית אנ,"בירה מלכה בע""מ",IL,בירה מלכה אדמונית,מיליליטרים,330.00,"100 מ""ל",false,24,14.90,4.5152,true,1,241637
7290012921049,false,בירה מלכה כהה בסגנון,"בירה מלכה בע""מ",IL,בירה מלכה כהה בסגנון אירי 330מל פקדון,מיליליטרים,330.00,"100 מ""ל",false,24,14.90,4.5152,true,1,250309
7290012921056,false,בירה מלכה חיטה 330מל,"בירה מלכה בע""מ",,בירה מלכה חיטה 330מל פקדון,מיליליטרים,330.00,"100 מ""ל",false,1,14.90,4.5152,true,1,241638
7290012921063,false,בירה מלכה הינדי 330,"בירה מלכה בע""מ",IL,בירה מלכה הינדי (IPA),מיליליטרים,330.00,"100 מ""ל",false,24,14.90,4.5152,true,1,245802
7290012921070,false,בירה מלכה אדמונית 75,"בירה מלכה בע""מ",,בירה מלכה אדמונית 750 מל פקדון ס.חוזרת,מיליליטרים,750.00,"100 מ""ל",false,1,29.90,3.9867,true,1,334351
7290012921087,false,בירה מלכה כהה 750 מל,"בירה מלכה בע""מ",,בירה מלכה כהה 750 מל פקדון ס.חוזרת,מיליליטרים,750.00,"100 מ""ל",false,1,29.90,3.9867,true,1,334352
7290012931086,false,מטאטא מליציה,,IT,מטאטא מליציה,יחידה,1.00,יחידה,false,12,13.90,13.9000,true,1,330911
7290012931611,false,כריות ברזל לקרצוף חז,,CN,כריות ברזל לקרצוף חזק 3 יח שיין,יחידה,3.00,יחידה,false,24,6.90,2.3000,true,1,330844
7290012931673,false,מבשם למתקן מיקס וניל,OZTURK,TR,מבשם למתקן מיקס ונילה,יחידה,1.00,יחידה,false,12,9.90,9.9000,true,1,324007
7290012931697,false,כפפות לטקס מידה סמול,,,כפפות לטקס מידה סמול,יחידה,100.00,יחידה,false,1,21.90,0.2190,true,1,331548
7290012931703,false,כפפות לטקס מידה מדיו,,,כפפות לטקס מידה מדיום,יחידה,100.00,יחידה,false,1,21.90,0.2190,true,1,331549
7290012936838,false,תבלין הל טחון 35 גר,א.ל ייצור ושיווק תבל,IL,הל טחון35 גרם,Unknown,0.00,Unknown,false,6,17.90,0.0000,true,1,238959
7290012936845,false,תבלין לקוסקוס מיכל ק,א.ל ייצור ושיווק תבל,,תבלין לקוסקוס מיכל 50 גר,Unknown,0.00,Unknown,false,1,11.90,0.0000,true,1,238958
7290012936852,false,קימל טחון מיכל קטן 4,א.ל ייצור ושיווק תבל,,תבלין קימל טחון מיכל 40 גר,Unknown,0.00,Unknown,false,1,8.90,0.0000,true,1,238957
7290012936890,false,תבלין קצח מיכל 50 ג,א.ל ייצור ושיווק תבל,,תבלין קצח מיכל 50 גר,Unknown,0.00,Unknown,false,1,11.90,0.0000,true,1,238949
7290012936906,false,תבלין ציפורן שלם מיכ,א.ל ייצור ושיווק תבל,,תבלין ציפורן שלם מיכל 25 גר,Unknown,0.00,Unknown,false,1,14.50,0.0000,true,1,238955
7290012936913,false,תבלין סומק מיכל 40,א.ל ייצור ושיווק תבל,,תבלין סומק מיכל 40 גר,Unknown,0.00,Unknown,false,1,11.90,0.0000,true,1,238953
7290012936937,false,תבלין בהרט מיכל 40 ג,א.ל ייצור ושיווק תבל,,תבלין בהרט מיכל 40 גר,Unknown,0.00,Unknown,false,1,11.90,0.0000,true,1,238950
7290012936944,false,תבלין אגוז מוסקט טחו,א.ל ייצור ושיווק תבל,,תבלין אגוז מוסקט טחון 40 גר,Unknown,0.00,Unknown,false,1,14.50,0.0000,true,1,238948
7290012938405,false,דיאמונד אלומיניום 87,,,דיאמונד אלומיניום 87 0.3*7.5,Unknown,0.00,Unknown,false,1,21.90,0.0000,true,1,240239
7290012938580,false,משחת שיניים סנסודיין,,,משחת שיניים סנסודיין הלבנה עדינה 75 מל,מיליליטרים,75.00,"100 מ""ל",false,1,21.90,29.2000,true,1,240247
7290012938597,false,מש.שיניים סנסודיין ר,,,מש.שיניים סנסודיין רפיד רליף 75 ג,גרמים,75.00,100 גרם,false,1,21.90,29.2000,true,1,242950
7290012938740,false,מש.שיניים סנסודיין מ,,,מש.שיניים סנסודיין מנטה 75 מל ירוק,גרמים,75.00,100 גרם,false,1,21.90,29.2000,true,1,243213
7290012958014,false,דגי אלתית בצנצנת 113,,,דגי אלתית בצנצנת 113 גרם,גרמים,113.00,100 גרם,false,1,59.00,52.2124,true,1,334297
7290012958045,false,דגי אלתית בפח 200 גר,,,דגי אלתית בפח 200 גרם,גרמים,200.00,100 גרם,false,1,99.00,49.5000,true,1,334298
7290012958052,false,דגי אלתית בצנצנת 250,,,דגי אלתית בצנצנת 250 גרם,גרמים,250.00,100 גרם,false,1,129.00,51.6000,true,1,334299
7290012962165,false,כפפות משק בית איזי ט,,CN,כפפות משק בית איזי טאץ לארג,Unknown,0.00,Unknown,false,12,3.90,0.0000,true,1,317984
7290012962448,false,מדליק פחם נוזלי 250,S.C.B.V,NL,מדליק פחם נוזלי 250 מל איזי לייט,מיליליטרים,250.00,"100 מ""ל",false,24,11.90,4.7600,true,1,313858
7290012962592,false,מדליק פחם מוצק אקולו,BX.P,DE,מדליק פחם מוצק אקולוגי 32 יח איזי לייט,יחידה,32.00,יחידה,false,24,6.90,0.2156,true,1,313856
7290012962684,false,שקיות צליה גמבו הוסט,הוסטס,TR,שקיות צליה גמבו הוסטס 50/35 סמ 5 יח,יחידה,5.00,יחידה,false,48,5.90,1.1800,true,1,313807
7290012983153,false,סילאן טבעי לחיץ 400,,,סילאן טבעי לחיץ 400 גר חצר כנרת,גרמים,400.00,100 גרם,false,1,15.90,3.9750,true,1,247932
7290012983160,false,סילאן לחיץ 400 גר חצ,,,סילאן לחיץ 400 גר חצר כנרת,גרמים,400.00,100 גרם,false,1,12.90,3.2250,true,1,247931
7290012983320,false,ממרח תמרים 450 גרם ח,,,ממרח תמרים 450 גרם חצר כנרת,גרמים,450.00,100 גרם,false,1,5.90,1.3111,true,1,305792
7290012983610,false,תמרים כבושים ללא חרצ,,,תמרים כבושים ללא חרצנים 500 גרם,גרמים,500.00,100 גרם,false,1,13.90,2.7800,true,1,321161
7290012983696,false,רוטב סילאן לגריל לחי,חצר כנרת,,רוטב סילאן לגריל לחיץ 350 מל,מיליליטרים,350.00,"100 מ""ל",false,1,13.90,3.9714,true,1,308753
7290012996450,false,מרכך כביסה הפי מרוכז,וונדפוט,,מרכך כביסה הפי מרוכז 1 ליטר פרחי אביב,ליטרים,1.00,ליטר,false,1,9.90,9.9000,true,1,238547
7290012996610,false,הפי טבלית הפלא לניקו,בודיך,,הפי טבלית הפלא לניקוי אסלה 400 גר,גרמים,400.00,100 גרם,false,1,14.90,3.7250,true,1,239507
7290012996672,false,זוג סבון אסלה הפי מב,רלווי,IT,סבון אסלה פלחי לימון - זוג,יחידה,2.00,יחידה,false,10,9.90,4.9500,true,1,240665
7290012996702,false,מגן עש לבגדים הפי,רלווי,IT,מגן עש לבגדים הפי,יחידה,2.00,יחידה,false,12,11.90,5.9500,true,1,320766
7290013083661,false,מטרנה אקסטרא קר שלב,מטרנה,IL,מטרנה אקסטרא קר שלב 1 700 גר,גרמים,700.00,100 גרם,false,12,69.90,9.9857,true,1,238617
7290013083678,false,מטרנה אקסטרא קר שלב,מטרנה,IL,מטרנה אקסטרא קר שלב 2 700 גר,גרמים,700.00,100 גרם,false,12,69.90,9.9857,true,1,238618
7290013083685,false,מטרנה אקסטרא קר שלב,מטרנה,IL,מטרנה אקסטרא קר שלב 3 700 גר,גרמים,700.00,100 גרם,false,12,69.90,9.9857,true,1,238619
7290013117212,false,בורקס פילו מילוי גבי,,,בורקס פילו מילוי גבינה 600 גר,גרמים,600.00,100 גרם,false,1,19.90,3.3167,true,1,238318
7290013117229,false,בורקס פילו מילוי תפו,,,בורקס פילו מילוי תפוא 600 גר,גרמים,600.00,100 גרם,false,1,21.00,3.5000,true,1,238319
7290013117236,false,בורקס פילו פיצה 600,,,בורקס פילו פיצה 600 גר,גרמים,600.00,100 גרם,false,1,21.00,3.5000,true,1,238320
7290013117243,false,בורקס פילו מילוי גב.,,,בורקס פילו מילוי גב.בולגרית 600 גר,גרמים,600.00,100 גרם,false,1,21.00,3.5000,true,1,238321
7290013117410,false,בצק פריך מתוק 900 גר,,,בצק פריך מתוק 900 גר,גרמים,900.00,100 גרם,false,1,15.90,1.7667,true,1,239569
7290013117427,false,בצק פריך מלוח 900 גר,,,בצק פריך מלוח 900 גר,גרמים,900.00,100 גרם,false,1,15.90,1.7667,true,1,239568
7290013117526,false,בצק שמרים למאפים מתו,,,בצק שמרים למאפים מתוקים 900 גר,גרמים,900.00,100 גרם,false,1,15.90,1.7667,true,1,239965
7290013121011,false,חלת שבת 500 גר ללא ג,אביב קונדיטוריה מעול,,חלת שבת 500 גר ללא גלוטן,גרמים,500.00,100 גרם,false,1,23.90,4.7800,true,1,237632
7290013121028,false,לחם לבן 500 גר ללא ג,אביב קונדיטוריה מעול,,לחם לבן 500 גר ללא גלוטן,גרמים,500.00,100 גרם,false,1,17.90,3.5800,true,1,237622
7290013121035,false,לחם פשתן 500 גר ללא,אביב קונדיטוריה מעול,,לחם פשתן 500 גר ללא גלוטן,גרמים,500.00,100 גרם,false,1,20.90,4.1800,true,1,237623
7290013121073,false,פיצה מרגריטה גרין לי,אביב קונדיטוריה מעול,,פיצה מרגריטה גרין לייט ללא גלוטן 400גר,גרמים,400.00,100 גרם,false,1,29.90,7.4750,true,1,304928
7290013121103,false,מארז 4 יח שליש בגט 4,אביב קונדיטוריה מעול,,מארז 4 יח שליש בגט 400 גר ללא גלוטן,גרמים,400.00,100 גרם,false,1,19.90,4.9750,true,1,237626
7290013121110,false,מארז 4 יח לחמניות בו,אביב קונדיטוריה מעול,,מארז 4 יח לחמניות בורגר 350 גר ללא גלוטן,גרמים,350.00,100 גרם,false,1,19.90,5.6857,true,1,237627
7290013121127,false,לחמניות מיני420 גר ל,אביב קונדיטוריה מעול,,לחמניות מיני420 גר ללא גלוטן,גרמים,420.00,100 גרם,false,1,19.90,4.7381,true,1,238465
7290013121134,false,בייגל אמריקאי ללא גל,אביב קונדיטוריה מעול,,בייגל אמריקאי ללא גלוטן 430 גר,גרמים,430.00,100 גרם,false,1,20.90,4.8605,true,1,241635
7290013121158,false,רביעיית לחמניות סנדב,אביב קונדיטוריה מעול,,רביעיית לחמניות סנדביץ 460 גר,גרמים,460.00,100 גרם,false,1,19.90,4.3261,true,1,244141
7290013121165,false,שישיית לחמניות נקניק,אביב קונדיטוריה מעול,,שישיית לחמניות נקניקיה 460גר,גרמים,460.00,100 גרם,false,1,19.90,4.3261,true,1,244143
7290013121189,false,מארז 4יח לחמניה כפרי,,,מארז 4יח לחמניה כפרית 400 גר ללא גלוטן,גרמים,400.00,100 גרם,false,1,21.90,5.4750,true,1,345790
7290013121226,false,בסיס לפיצה ללא גלוטן,אביב קונדיטוריה מעול,,בסיס לפיצה ללא גלוטן 450גר גרין לייט,גרמים,450.00,100 גרם,false,1,17.90,3.9778,true,1,238466
7290013121394,false,לחם צרפתי גרעיני סופ,,IL,לחם צרפתי גרעיני סופר פוד ללג 500 גר,גרמים,500.00,100 גרם,false,12,21.90,4.3800,true,1,334241
7290013121554,false,עוגת שוקוציפס בחושה,אביב קונדיטוריה מעול,,עוגת שוקוציפס בחושה 350 גר ללא גלוטן,גרמים,350.00,100 גרם,false,1,20.90,5.9714,true,1,244157
7290013121684,false,כדורי שוקולד ללא גלו,אביב קונדיטוריה מעול,,כדורי שוקולד ללא גלוטן 400 גר קפואה,גרמים,400.00,100 גרם,false,1,25.90,6.4750,true,1,238712
7290013121691,false,מארז 3יח לאפות ללא ג,,IL,מארז 3יח לאפות ללא גלוטן 240גר גרין לייט,גרמים,240.00,100 גרם,false,12,17.90,7.4583,true,1,320396
7290013121752,false,לחם לבן ביתי ללא גלו,אביב קונדיטוריה מעול,,לחם לבן ביתי ללא גלוטן 700 גר גרין לייט,גרמים,700.00,100 גרם,false,1,23.90,3.4143,true,1,242628
7290013121769,false,שליש באגט ללא סוכר 4,אביב קונדיטוריה מעול,,שליש באגט ללא סוכר 400 גר גרין לייט,גרמים,400.00,100 גרם,false,1,19.90,4.9750,true,1,242623
7290013121776,false,לחם כפרי ללא סוכר 70,אביב קונדיטוריה מעול,,לחם כפרי ללא סוכר 700 גר גרין לייט,גרמים,700.00,100 גרם,false,1,23.90,3.4143,true,1,242622
7290013121868,false,זוג בגט רוסטיק גרעינ,,IL,זוג בגט רוסטיק גרעינים ללג 480גר,גרמים,480.00,100 גרם,false,8,21.90,4.5625,true,1,334243
7290013144157,false,סחלב מימונס אינסטנט,,,תערובת להכנת סופגניות 600 גר,גרמים,130.00,100 גרם,false,1,10.90,8.3846,true,1,325361
7290013144171,false,תערובת עוגת שוקולד 5,,,תערובת עוגת שוקולד 560 גר,גרמים,560.00,100 גרם,false,1,13.90,2.4821,true,1,238866
7290013144188,false,תערובת בראוניס 600 ג,,,תערובת בראוניס 600 גר,גרמים,600.00,100 גרם,false,1,13.90,2.3167,true,1,238867
7290013144195,false,תערובת כדורי שוקולד,,,תערובת כדורי שוקולד 500 גר,גרמים,500.00,100 גרם,false,1,13.90,2.7800,true,1,238868
7290013144201,false,תערובת פנקייק 400 גר,,,תערובת פנקייק 400 גר,גרמים,400.00,100 גרם,false,1,13.90,3.4750,true,1,238871
7290013144218,false,תערובת עוגת וניל 560,,,תערובת עוגת וניל 560 גר,גרמים,560.00,100 גרם,false,1,13.90,2.4821,true,1,238869
7290013144225,false,תערובת עוגת שיש 560,,,תערובת עוגת שיש 560 גר,גרמים,560.00,100 גרם,false,1,13.90,2.4821,true,1,238870
7290013144232,false,פודינג וניל צרפתי 85,,,פודינג וניל צרפתי 85 גר,Unknown,0.00,Unknown,false,1,5.90,0.0000,true,1,240845
7290013144249,false,פודינג שוקולד 95 גר,,,פודינג שוקולד 95 גר,Unknown,0.00,Unknown,false,1,5.90,0.0000,true,1,240846
7290013144263,false,תערובת להכנת מלבי 11,,,תערובת להכנת מלבי 112 גר מימונס,גרמים,112.00,100 גרם,false,1,10.90,9.7321,true,1,238873
7290013144270,false,אבקת קרם פטיסייר 100,,,אבקה להכנת קרם פטיסרי 100 גר מימונס,גרמים,100.00,100 גרם,false,1,10.90,10.9000,true,1,239223
7290013144317,false,גליל וופל למילוי גונ,,,150 גלילית וופל למילוי גוני 18 יח,גרמים,150.00,100 גרם,false,1,21.90,14.6000,true,1,238874
7290013144393,false,תמצית בטעם וניל 50,,,תמצית בטעם וניל 50 גר,Unknown,0.00,Unknown,false,1,4.90,0.0000,true,1,238875
7290013144409,false,תמצית בטעם רום 50 גר,,,תמצית בטעם רום 50 גר,Unknown,0.00,Unknown,false,1,4.90,0.0000,true,1,238876
7290013144416,false,תמצית בטעם שקדים 50,,,תמצית בטעם שקדים 50 גר,Unknown,0.00,Unknown,false,1,4.90,0.0000,true,1,238877
7290013144447,false,תמצית טעם תפוז 50 גר,,,תמצית טעם תפוז 50 גר,Unknown,0.00,Unknown,false,1,9.90,0.0000,true,1,238880
7290013144508,false,תמצית בטעם ורדים 50,,,תמצית בטעם ורדים 50 גר,Unknown,0.00,Unknown,false,1,9.90,0.0000,true,1,238887
7290013144515,false,צבע מאכל צהוב 50 גר,,,צבע מאכל צהוב 50 גר,Unknown,0.00,Unknown,false,1,4.50,0.0000,true,1,239224
7290013144522,false,צבע מאכל ירוק 50 גר,,,צבע מאכל ירוק 50 גר מימונס,Unknown,0.00,Unknown,false,1,4.50,0.0000,true,1,239225
7290013144539,false,צבע מאכל אדום 50 גר,,,צבע מאכל אדום 50 גר מימונס,Unknown,0.00,Unknown,false,1,4.50,0.0000,true,1,239226
7290013144560,false,צבע מאכל כחול 50 גר,,,צבע מאכל כחול 50 גר מימונס,Unknown,0.00,Unknown,false,1,4.50,0.0000,true,1,239227
7290013144614,false,סירופ מייפל אמיתי 10,,,סירופ מייפל אמיתי 100% קנדה 236מל,מיליליטרים,23600.00,"100 מ""ל",false,1,29.90,0.1267,true,1,250641
7290013144805,false,תערובת אייס קפה דיאט,,IL,תערובת אייס קפה דיאט 245 גרם מימונס,גרמים,245.00,100 גרם,false,12,18.90,7.7143,true,1,346793
7290013144812,false,תערובת אייס וניל 320,,IL,תערובת אייס וניל 320 גרם מימונס,גרמים,350.00,100 גרם,false,12,15.90,4.5429,true,1,346792
7290013144911,false,מיקס שוקולד ציפס חלב,,,מיקס שוקולד ציפס חלב מריר 250 גרם,גרמים,250.00,100 גרם,false,1,12.90,5.1600,true,1,346790
7290013145031,false,בראס אגוז לוז מסוכר,,,בראס אגוז לוז מסוכר 100 גר,גרמים,100.00,100 גרם,false,1,13.90,13.9000,true,1,247462
7290013145055,false,פרג שלם מימונס 100 ג,,,פרג שלם מימונס 100 גר,גרמים,100.00,100 גרם,false,1,6.90,6.9000,true,1,238888
7290013145192,false,שומשום 100 גר,,,שומשום 100 גר,גרמים,100.00,100 גרם,false,1,4.90,4.9000,true,1,238891
7290013145277,false,עלים לקרמשניט מימונס,Maristella SRL,,עלים לקרמשניט מימונס 300 גרם,גרמים,300.00,100 גרם,false,1,16.90,5.6333,true,1,322565
7290013145390,false,שוקולד ציפס רגיל 250,,,שוקולד ציפס רגיל 250 גר,גרמים,250.00,100 גרם,false,1,9.90,3.9600,true,1,238851
7290013145406,false,שוקולד ציפס לבן 250,,,שוקולד ציפס לבן 250 גר,גרמים,250.00,100 גרם,false,1,9.90,3.9600,true,1,238852
7290013145437,false,שוקולד ציפס 48% בלגי,,,שוקולד ציפס 48% בלגי 250 גר,גרמים,250.00,100 גרם,false,1,13.90,5.5600,true,1,239891
7290013145444,false,שוקולד ציפס 66% מריר,,,שוקולד ציפס 66% מריר 250 גר,גרמים,250.00,100 גרם,false,1,16.90,6.7600,true,1,250649
7290013145451,false,קקאו מימונס10%-12% ב,,,קקאו מימונס10%-12% בשקית 150 גר,גרמים,150.00,100 גרם,false,16,8.90,5.9333,true,1,306739
7290013145529,false,סוכריות צבעוניות לקי,,,סוכריות צבעוניות לקישוט 90 גר,Unknown,0.00,Unknown,false,1,5.90,0.0000,true,1,239217
7290013145536,false,סוכריות טעם שוקולד ל,,,סוכריות טעם שוקולד לקישוט 85 גר,Unknown,0.00,Unknown,false,1,5.90,0.0000,true,1,239218
7290013145567,false,סוכריות מיני עדשים ל,,,סוכריות מיני עדשים לקישוט 90 גר,Unknown,0.00,Unknown,false,1,10.90,0.0000,true,1,239220
7290013145574,false,ערכה לקישוט 100 גר,,,ערכה לקישוט 100 גר,גרמים,100.00,100 גרם,false,1,12.90,12.9000,true,1,238859
7290013145628,false,סוכריות צבעוניות לקי,,,סוכריות צבעוניות לקישוט 200גר,גרמים,200.00,100 גרם,false,12,8.90,4.4500,true,1,250756
7290013145710,false,דובדובנים מסוכרים 10,,,דובדובנים מסוכרים 100 גר,גרמים,100.00,100 גרם,false,1,9.90,9.9000,true,1,239221
7290013145796,false,מארז 4 יח גל צבעי מא,,,"מארז 4 יח גל צבעי מאכל 25 מ""ל",מיליליטרים,100.00,"100 מ""ל",false,1,49.90,49.9000,true,1,346791
7290013145826,false,פודינג טעם וניל לבן,,,פודינג טעם וניל לבן 80 גר,Unknown,0.00,Unknown,false,1,5.90,0.0000,true,1,254585
7290013145833,false,פודינג שוקולד בלגי 8,,,פודינג שוקולד בלגי 80 גר,Unknown,0.00,Unknown,false,1,5.90,0.0000,true,1,254586
7290013145840,false,סוכר וניל 10 יח בצלו,,,סוכר וניל 10 יח בצלופן 100 גר,גרמים,100.00,100 גרם,false,1,2.90,2.9000,true,1,326150
7290013145857,false,אבקת אפיה 10 יח בצלו,,,אבקת אפיה 10 יח בצלופן 100 גר,גרמים,100.00,100 גרם,false,1,2.90,2.9000,true,1,326151
7290013145864,false,גלטין טהור מימונס אב,,,גלטין טהור מימונס אבקה 28 גר,גרמים,28.00,100 גרם,false,1,11.90,42.5000,true,1,309979
7290013145871,false,שמרים יבשים 5 יח 11,,,שמרים יבשים 5 יח 11 גר,Unknown,0.00,Unknown,false,1,10.90,0.0000,true,1,250747
7290013145901,false,סודה לשתיה מימונס 10,,,סודה לשתיה מימונס 100 גר,גרמים,100.00,100 גרם,false,1,2.00,2.0000,true,1,240850
7290013145918,false,אבקת סוכר מימונס 100,,,אבקת סוכר 100 גר,גרמים,100.00,100 גרם,false,24,2.00,2.0000,true,1,240851
7290013145949,false,אבקת סוכר אריזת פטנט,,,אבקת סוכר אריזת פטנט 250 גר,גרמים,250.00,100 גרם,false,1,12.90,5.1600,true,1,238905
7290013145956,false,שמרים יבשים בואקום 5,,,שמרים יבשים בואקום 500 גר,גרמים,500.00,100 גרם,false,1,13.90,2.7800,true,1,246323
7290013145963,false,שמרים יבשים בואקום 1,,,שמרים יבשים בואקום 125 גר,גרמים,125.00,100 גרם,false,1,5.90,4.7200,true,1,246324
7290013146007,false,מלית פרג למילוי 400,,IL,מלית פרג למילוי 400 גר,גרמים,400.00,100 גרם,false,1,13.90,3.4750,true,1,238895
7290013146014,false,מלית אוכמניות 45% פ,,IL,מלית אוכמניות 45% פרי 400 גר,גרמים,400.00,100 גרם,false,1,13.90,3.4750,true,1,238899
7290013146038,false,מלית דובדבנים 45 פרי,,IL,מלית דובדבנים 45% פרי 400 גר,גרמים,400.00,100 גרם,false,1,13.90,3.4750,true,1,238900
7290013146083,false,מלית חלבה למילוי 400,,IL,מלית חלבה 400 גר,גרמים,400.00,100 גרם,false,1,13.90,3.4750,true,1,238897
7290013146199,false,קרם נוגט למילוי 350,,IL,קרם נוגט למילוי 350 גר,גרמים,350.00,100 גרם,false,1,13.90,3.9714,true,1,250758
7290013146274,false,מארז 8יח תחתיות מרנג,,,מארז 8יח תחתיות מרנג 100 גרם,גרמים,100.00,100 גרם,false,1,19.90,19.9000,true,1,329468
7290013146304,false,קורנפלור מימונס 500,,,קורנפלור מימונס 500 גרם,גרמים,500.00,100 גרם,false,1,6.90,1.3800,true,1,318279
7290013146403,false,סירופ בטעם קרמל מלוח,,,סירופ בטעם קרמל מלוח מימונס 500 גרם,גרמים,500.00,100 גרם,false,1,16.90,3.3800,true,1,329467
7290013146410,false,נשיקות מימונס לקיישו,רות פטיפורים,IL,נשיקות מימונס לקיישוט כחול 60 גרם,Unknown,0.00,Unknown,false,1,12.90,0.0000,true,1,333959
7290013146441,false,נשיקות מימונס לקיישו,רות פטיפורים,IL,נשיקות מימונס לקיישוט ורוד 60 גרם,Unknown,0.00,Unknown,false,1,12.90,0.0000,true,1,333962
7290013146489,false,קונוסים מבצק עלים למ,Maristella SRL,IT,קונוסים מבצק עלים למילוי 120 גרם,גרמים,120.00,100 גרם,false,18,15.90,13.2500,true,1,338017
7290013146656,false,סוכריות כוכבים לקישו,,,סוכריות כוכבים לקישוט 55 גרם,Unknown,0.00,Unknown,false,1,11.90,0.0000,true,1,333969
7290013146663,false,סוכריות אטריות לקישו,,,סוכריות אטריות לקישוט 55 גרם,Unknown,0.00,Unknown,false,1,11.90,0.0000,true,1,333966
7290013146670,false,סוכריות לבבות לקישוט,,,סוכריות לבבות לקישוט 55 גרם,Unknown,0.00,Unknown,false,1,11.90,0.0000,true,1,333967
7290013146724,false,תערובת אייס קפה 350,,IL,תערובת אייס קפה 350 גרם מימונס,גרמים,350.00,100 גרם,false,12,15.90,4.5429,true,1,340722
7290013151285,false,נוזל אגוזי קוקוס 400,סי אנד אי,,נוזל אגוזי קוקוס 400 מל,מיליליטרים,400.00,"100 מ""ל",false,1,8.00,2.0000,true,1,244038
7290013151322,false,סרדין קזבלנקה במי מ,יוניון דה פחריס,,סרדין קזבלנקה במי מלח 125 גר,גרמים,125.00,100 גרם,false,1,5.90,4.7200,true,1,250713
7290013151360,false,מי זהר פריחת הדרים 5,אלימאד פוד,,מי זהר פריחת הדרים 500 מל,מיליליטרים,500.00,"100 מ""ל",false,12,16.90,3.3800,true,1,310439
7290013151636,false,פילה סרדין בשמן זית,יוניון דה פחריס,,פילה סרדין בשמן זית ללא עור ועצבמות125 ג,גרמים,125.00,100 גרם,false,1,11.00,8.8000,true,1,308911
7290013153395,false,מיץ רימונים סחוט טרי,,,מיץ רימונים סחוט טרי 1ליטר פקדון פריגת,ליטרים,1.00,ליטר,false,1,25.50,25.5000,true,1,305308
7290013153418,false,פריגת לימונענע 1 ל פ,פריגת מצוננים,,פריגת לימונענע 1 ל פקדון מקורר,ליטרים,1.00,ליטר,false,1,13.90,13.9000,true,1,306027
7290013153425,false,מיץ לימונענע סחוטרי,פריגת מצוננים,,מיץ לימונענע סחוטרי 2 ל פריגת,ליטרים,2.00,ליטר,false,1,27.60,13.8000,true,1,306028
7290013153579,false,תרכיז קפוא גת פרייז,פריגת מצוננים,,תרכיז קפוא גת פרייז אפרסק 340 גרם,גרמים,340.00,100 גרם,false,1,13.90,4.0882,true,1,315310
7290013153586,false,תרכיז קפוא גת פרייז,פריגת מצוננים,,תרכיז קפוא גת פרייז פירות יער 340 גרם,גרמים,340.00,100 גרם,false,1,13.90,4.0882,true,1,315311
7290013153692,false,מיץ גזר גינגר סחוט ר,פריגת מצוננים,IL,מיץ גזר גינגר סחוט רילקס 1ליטר פריגת,ליטרים,1.00,ליטר,false,8,21.90,21.9000,true,1,333731
7290013153708,false,מיץ רימון סלק סחוט א,פריגת מצוננים,IL,מיץ רימון סלק סחוט אנרגיזר 1ליטר פריגת,ליטרים,1.00,ליטר,false,8,21.90,21.9000,true,1,333593
7290013170583,false,פירורית שקית 350 גר,"אסם תעשיות בע""מ",IL,פירורית שקית 350 גר כשלפ,גרמים,350.00,100 גרם,false,12,10.00,2.8571,true,1,239532
7290013176004,false,יוגורט עיזים טבעי,,IL,יוגורט עיזים טבעי 500 גרם ארבלה,גרמים,500.00,100 גרם,false,1,17.90,3.5800,true,1,321765
7290013176011,false,יוגורט עיזים אפרסק,,IL,יוגורט עיזים אפרסק 500 גרם ארבלה,גרמים,500.00,100 גרם,false,1,17.90,3.5800,true,1,321766
7290013176028,false,יוגורט עיזים תות 500,,IL,יוגורט עיזים תות 500 גרם ארבלה,גרמים,500.00,100 גרם,false,1,17.90,3.5800,true,1,321767
7290013176035,false,יוגורט עיזים תמר בננ,,IL,יוגורט עיזים תמר בננה 500 גרם ארבלה,גרמים,500.00,100 גרם,false,1,17.90,3.5800,true,1,321769
7290013176042,false,יוגורט עיזים פירות י,,IL,יוגורט עיזים פירות יער 500 גרם ארבלה,גרמים,500.00,100 גרם,false,1,17.90,3.5800,true,1,321770
7290013176059,false,גבינת עיזים טבעי 200,ארבלה,IL,גבינת עיזים טבעי 200גר ארבלה,גרמים,200.00,100 גרם,false,1,16.90,8.4500,true,1,321808
7290013176066,false,גבינת עיזים בזיליקום,ארבלה,IL,גבינת עיזים בזיליקום 200גר ארבלה אנאבל,גרמים,200.00,100 גרם,false,1,16.90,8.4500,true,1,321809
7290013176073,false,גבינת עיזים שום שמיר,ארבלה,IL,גבינת עיזים שום שמיר 200גר ארבלה אנאבל,גרמים,200.00,100 גרם,false,1,16.90,8.4500,true,1,321810
7290013176080,false,גבינת עיזים זיתים 20,ארבלה,IL,גבינת עיזים זיתים 200גר ארבלה אנאבל,גרמים,200.00,100 גרם,false,1,16.90,8.4500,true,1,321811
7290013176097,false,לאבנה עיזים 200גר אר,ארבלה,IL,לאבנה עיזים 200גר ארבלה,גרמים,200.00,100 גרם,false,1,16.90,8.4500,true,1,321812
7290013176257,false,יוגורט עיזים פרוביוט,,IL,יוגורט עיזים פרוביוטי 3% 150גר,גרמים,150.00,100 גרם,false,1,6.50,4.3333,true,1,321790
7290013176264,false,יוגורט עיזים 3% בטעם,,IL,יוגורט עיזים 3% בטעם תות שדה 150גר,גרמים,150.00,100 גרם,false,1,6.50,4.3333,true,1,321788
7290013176271,false,יוגורט עיזים 3% בטעם,,IL,יוגורט עיזים 3% בטעם אפרסק 150גר,גרמים,150.00,100 גרם,false,1,6.50,4.3333,true,1,321787
7290013176288,false,יוגורט עיזים 3% בטעם,,IL,יוגורט עיזים 3% בטעם תמר בננה 150גר,גרמים,150.00,100 גרם,false,1,6.50,4.3333,true,1,321789
7290013176295,false,יוגורט קפיר עיזים 50,ארבלה,IL,יוגורט קפיר עיזים 500גר ארבלה,גרמים,500.00,100 גרם,false,1,16.90,3.3800,true,1,321802
7290013215017,false,זוג פטריות שמפניון א,,,זוג פטריות שמפניון ארוז,Unknown,0.00,Unknown,false,1,17.90,0.0000,true,1,251576
7290013215123,false,פטריות השף שמפיניון,,,פטריות השף שמפיניון יח,Unknown,0.00,Unknown,false,1,21.90,0.0000,true,1,340723
7290013267665,false,מאגדת סולרו פירות טר,"גלידת שטראוס בע""מ",,מאגדת סולרו פירות טרופיים 5 יח,יחידה,5.00,יחידה,false,1,22.90,4.5800,true,1,241875
7290013268020,false,מרכך כביסה מקסימה מר,,,מרכך כביסה מקסימה מרוכז אולטרא פרש1 ל,ליטרים,1.00,ליטר,false,1,16.90,16.9000,true,1,238182
7290013268037,false,מרכך כביסה מקסימה מר,,,מרכך כביסה מקסימה מרוכז פצולי לבנדר 1 ל,ליטרים,1.00,ליטר,false,1,16.90,16.9000,true,1,238183
7290013268204,false,מגבוני סנובון לחיטוי,,,מגבוני סנובון לחיטוי מושב האסלה 20יח,יחידה,20.00,יחידה,false,12,10.90,0.5450,true,1,323760
7290013268242,false,נוזל ריצפז פרש הום 2,סנו,,נוזל ריצפז פרש הום 2 ליטר מלון מפנק,ליטרים,2.00,ליטר,false,1,21.90,10.9500,true,1,330197
7290013268372,false,נוזל רצפה פוליויקס פ,,,נוזל רצפה פוליויקס פרקט שמן ארגן 2ליטר,ליטרים,2.00,ליטר,false,1,19.90,9.9500,true,1,332161
7290013268839,false,נוזל רצפה פוליויקס פ,,,נוזל רצפה פוליויקס פרקט מלון חלומ 2 ליטר,ליטרים,2.00,ליטר,false,1,19.90,9.9500,true,1,323758
7290013268884,false,נוזל רצפה ריצפז פרש,,,נוזל רצפה ריצפז פרש מאסק 2 לי,ליטרים,2.00,ליטר,false,1,16.90,8.4500,true,1,239770
7290013268891,false,גל מסיר כתמים סנו או,,,גל מסיר כתמים סנו אוקסיגן 3 ל,ליטרים,3.00,ליטר,false,1,30.90,10.3000,true,1,239649
7290013268907,false,גל כביסה מקסימה ביו,,,גל כביסה מקסימה ביו 3 ל,ליטרים,3.00,ליטר,false,1,29.90,9.9667,true,1,239650
7290013268914,false,גל כביסה מקסימה סמאר,,,גל כביסה מקסימה סמארט 3 ליטר,ליטרים,3.00,ליטר,false,1,31.90,10.6333,true,1,318402
7290013268983,false,מרכך כביסה מקסימה מר,,,מרכך כביסה מקסימה מרוכז גוי 1 ליטר,ליטרים,1.00,ליטר,false,1,16.90,16.9000,true,1,338945
7290013268990,false,מרכך כביסה מקסימה מר,,,מרכך כביסה מקסימה מרוכז ביו תינוקות1ל,ליטרים,1.00,ליטר,false,1,16.90,16.9000,true,1,243287
7290013269003,false,מרכך כביסה מקסימה מר,,,מרכך כביסה מקסימה מרוכז תינוקות1ל,ליטרים,1.00,ליטר,false,1,16.90,16.9000,true,1,243288
7290013269096,false,..מטליות לחות לניקוי,,,מטליות לחות לניקוי עור 20יח,יחידה,20.00,יחידה,false,1,11.90,0.5950,true,1,247602
7290013269263,false,גל כביסה מקסימה קריס,,,גל כביסה מקסימה קריסטל נואר 3 ל,ליטרים,3.00,ליטר,false,1,29.90,9.9667,true,1,242068
7290013269287,false,גל כביסה מקסימה מאסק,,,גל כביסה מקסימה מאסק 3 ל,ליטרים,3.00,ליטר,false,1,29.90,9.9667,true,1,242067
7290013269348,false,סנו קיי 3 תחנת פיתיו,סנו,IL,סנו קיי 3 תחנת פיתיון קוטל תיקנים 4יח,יחידה,4.00,יחידה,false,6,54.90,13.7250,true,1,328442
7290013269621,false,נוזל ריצפז פרש הום 2,סנו,,נוזל ריצפז פרש הום 2 ליטר מלון בוטיק,ליטרים,2.00,ליטר,false,1,21.90,10.9500,true,1,325365
7290013269645,false,מטלית ריצפז פרש בניח,,,מטלית ריצפז פרש בניחוח מאסק 10יח 40*70סמ,יחידה,10.00,יחידה,false,1,14.90,1.4900,true,1,246380
7290013269652,false,נוזל רצפה פוליויקס מ,,,נוזל רצפה פוליויקס מאסק גרניט פורצלן 2 ל,ליטרים,2.00,ליטר,false,1,19.90,9.9500,true,1,249587
7290013269669,false,נוזל רצפה ריצפז פנטז,,,נוזל רצפה ריצפז פנטזיה 3 ל,ליטרים,3.00,ליטר,false,1,12.90,4.3000,true,1,242463
7290013269751,false,מטליות סנו ריצפז פרש,,,מטליות סנו ריצפז פרש מלון בוטיק 40*70 סמ,יחידה,10.00,יחידה,false,1,14.90,1.4900,true,1,326078
7290013269867,false,מפות שולחן זוג סנו ס,,,מפות שולחן זוג סנו סושי מבד,יחידה,2.00,יחידה,false,1,11.90,5.9500,true,1,244980
7290013269911,false,קיי 333 קוטל חרקים 7,,,קיי 333 קוטל חרקים 750 מל,מיליליטרים,750.00,"100 מ""ל",false,1,29.90,3.9867,true,1,240537
7290013276117,false,בירה נגב אואזיס 330,,,בירה נגב אואזיס 330 מל פקדון,מיליליטרים,330.00,"100 מ""ל",false,1,14.90,4.5152,true,1,305958
7290013276124,false,בירה נגב אמבר אייל 3,,,בירה נגב אמבר אייל 330 מל פקדון,מיליליטרים,330.00,"100 מ""ל",false,1,14.90,4.5152,true,1,305957
7290013276131,false,בירה נגב פורטר אלון,,,בירה נגב פורטר אלון 330 מל פקדון,מיליליטרים,330.00,"100 מ""ל",false,1,14.90,4.5152,true,1,305959
7290013284310,false,רוטב פסטה 240 גר פרי,פריניר,,רוטב פסטה 240 גר פרי ניר,גרמים,240.00,100 גרם,false,1,5.50,2.2917,true,1,244463
7290013284662,false,רוטב פיצה פיתה 260 ג,פריניר,,רוטב פיצה פיתה 260 גר פרי ניר,גרמים,260.00,100 גרם,false,1,5.50,2.1154,true,1,253167
7290013310101,false,שיפודי במבוק גמבו 50,,CN,שיפודי במבוק גמבו 50 יח,Unknown,0.00,Unknown,false,50,5.90,0.0000,true,1,317997
7290013310163,false,מדליק פחם מוצק 40 יח,BX.P,DE,מדליק פחם מוצק 40 יח איזי לייט,יחידה,40.00,יחידה,false,24,6.90,0.1725,true,1,313857
7290013310477,false,שיפודי במבוק גמבו שט,,CN,שיפודי במבוק גמבו שטוחים 25 יח,Unknown,0.00,Unknown,false,50,8.90,0.0000,true,1,317998
7290013329004,false,סילאן טבעי כרם 900 ג,תמר העמקים,,סילאן טבעי כרם 900 גר,גרמים,900.00,100 גרם,false,1,21.90,2.4333,true,1,239130
7290013329028,false,ממתיק טבעי סטיביה 50,א.מ.ב,IL,סטיביה 50 מל-כרם,Unknown,0.00,Unknown,false,100,27.50,0.0000,true,1,241320
7290013329141,false,שמן קוקוס כרם אורגני,נייצ'ורוס,,שמן קוקוס 500 מל,מיליליטרים,500.00,"100 מ""ל",false,1,25.90,5.1800,true,1,243575
7290013329240,false,שמן קוקוס כרם אורגני,בי . גי. פרוט,,שמן קוקוס כרם 1ל,ליטרים,1.00,ליטר,false,1,39.90,39.9000,true,1,310092
7290013329288,false,סוכרלייף לאפייה 400,"י. כהן בע""מ",,סוכרלייף לאפייה 400 גרם,גרמים,400.00,100 גרם,false,1,19.90,4.9750,true,1,311986
7290013329301,false,פריכיות 100% כוסמת ע,ZBG,,פריכיות 100% כוסמת עם מלח 160 גר,גרמים,160.00,100 גרם,false,1,10.90,6.8125,true,1,247693
7290013329318,false,פריכיות 100% כוסמת ט,ZBG,,פריכיות 100% כוסמת טבעי 160 גר,גרמים,160.00,100 גרם,false,1,10.90,6.8125,true,1,247694
7290013329417,false,סוכר דמררה כרם 1 קג,ה.ס. יבוא ויצור,,סוכר דמררה כרם 1 קג,קילוגרמים,1.00,"ק""ג",false,1,10.90,10.9000,true,1,254117
7290013329431,false,חמאת שקדים כרם 300 ג,J&G קיסריה,,חמאת שקדים כרם 300 גר צנצנת,גרמים,300.00,100 גרם,false,1,24.90,8.3000,true,1,305975
7290013329455,false,גרעיני דלעת מקולפים,כרם תעשיות,CN,גרעיני דלעת מקולפים כרם 250 גרם,גרמים,250.00,100 גרם,false,18,15.00,6.0000,true,1,311995
7290013329615,false,צימוק חום כרם 330 גר,כרם תעשיות,IL,צימוק חום כרם 330 גרם בקופסה,גרמים,330.00,100 גרם,false,18,13.90,4.2121,true,1,327462
7290013329646,false,שמן קוקוס כרם אורגני,נייצ'ורוס,,שמן קוקוס כרם אורגני 350 מל,מיליליטרים,350.00,"100 מ""ל",false,1,19.90,5.6857,true,1,333210
7290013329738,false,תמר מגהול כרם 1 קג,כרם תעשיות,IL,תמר מגהול כרם 1 קג,קילוגרמים,1.00,"ק""ג",false,1,19.90,19.9000,true,1,304783
7290013329790,false,קוקוס רצועות כרם 200,כרם תעשיות,,קוקוס רצועות כרם 200 גרם,גרמים,200.00,100 גרם,false,1,13.90,6.9500,true,1,311990
7290013329806,false,אננס מיובש טבעי ללא,כרם תעשיות,,אננס מיובש טבעי ללא סוכר כרם 200 ג,גרמים,200.00,100 גרם,false,1,19.90,9.9500,true,1,311989
7290013329868,false,חמאת גרעיני דלעת טבע,"טבע מהדרין י.א.בע""מ",,חמאת גרעיני דלעת טבעי כרם 300 גרם,גרמים,300.00,100 גרם,false,1,26.90,8.9667,true,1,307850
7290013329875,false,פריכיות אורז כרם עם,זן בר,IL,פריכיות אורז כרם עם מלח 160 גרם,גרמים,160.00,100 גרם,false,25,8.00,5.0000,true,1,308613
7290013329882,false,פריכיות אורז כרם עם,זן בר,IL,פריכיות אורז כרם עם מלח 160 גרם,גרמים,160.00,100 גרם,false,25,8.00,5.0000,true,1,308612
7290013329912,false,חמאת אגוזי קשיו טבעי,"טבע מהדרין י.א.בע""מ",,חמאת אגוזי קשיו טבעי כרם 300 גרם,גרמים,300.00,100 גרם,false,1,26.90,8.9667,true,1,307848
7290013329929,false,חמאת אגוזי לוז טבעי,"טבע מהדרין י.א.בע""מ",,חמאת אגוזי לוז טבעי כרם 300 גרם,גרמים,300.00,100 גרם,false,1,24.90,8.3000,true,1,307849
7290013358356,false,פירורי לחם מוזהבים 3,EinatFood,,פירורי לחם מוזהבים 350 גר מנה,גרמים,320.00,100 גרם,false,1,7.90,2.4688,true,1,242711
7290013358363,false,פירורי פנקו מוזהב300,Mana,,פירורי פנקו מוזהב300 גר מאסטר שף,גרמים,300.00,100 גרם,false,1,9.90,3.3000,true,1,241795
7290013358370,false,פירורי פנקו מוזהב טע,Mana,,פירורי פנקו מוזהב טעם שום300גר מאסטר שף,גרמים,300.00,100 גרם,false,1,9.90,3.3000,true,1,241794
7290013358417,false,רוטב טריאקי מנה אסיי,Asian Delights,,רוטב טריאקי מנה אסייאתי 300 מל,מיליליטרים,300.00,"100 מ""ל",false,1,11.90,3.9667,true,1,255909
7290013358431,false,קרוטונים מנה לסלט200,EinatFood,IL,קרוטונים מנה לסלט200ג עגבניות בזיליקום,גרמים,200.00,100 גרם,false,12,11.90,5.9500,true,1,247138
7290013358462,false,קרוטונים מנה למרק350,EinatFood,,קרוטונים מנה למרק350גר שום בצל פטרוזיליה,גרמים,350.00,100 גרם,false,1,19.90,5.6857,true,1,247140
7290013358486,false,פירורי לחם מנה ללא ב,Mana,,פירורי לחם מנה ללא בביצה300גר,גרמים,350.00,100 גרם,false,1,7.90,2.2571,true,1,250777
7290013358493,false,קרם קוקוס מאסטר שף 4,THAI COCONUT CO,,קרם קוקוס מאסטר שף 400 מל,מיליליטרים,400.00,"100 מ""ל",false,1,8.90,2.2250,true,1,255915
7290013358509,false,מיקסלט מסטר שף 200 ג,Effectiveat,,מיקסלט מסטר שף 200 גר,גרמים,200.00,100 גרם,false,1,15.90,7.9500,true,1,250778
7290013358516,false,מיקסלט חמוציות מסטר,Effectiveat,,מיקסלט חמוציות מסטר שף 200 גר,גרמים,200.00,100 גרם,false,1,15.90,7.9500,true,1,250779
7290013358523,false,בצל מטוגן מאסטר שף 1,Mana,,בצל מטוגן מאסטר שף 150 גר צנצנת,גרמים,150.00,100 גרם,false,1,11.90,7.9333,true,1,250780
7290013358530,false,רוטב צילי מתוק מאסטר,Roberto,,רוטב צילי מתוק מאסטר שף 700מל,מיליליטרים,700.00,"100 מ""ל",false,1,13.90,1.9857,true,1,255911
7290013358547,false,רוטב צילי חריף מאסטר,Roberto,,רוטב צילי חריף מאסטר שף 700מל,מיליליטרים,700.00,"100 מ""ל",false,1,13.90,1.9857,true,1,255912
7290013358578,false,אטריות אורז רחבות מא,,,אטריות אורז רחבות מאסטר שף 400ג,גרמים,400.00,100 גרם,false,30,8.90,2.2250,true,1,255913
7290013358585,false,אטריות נודלס להקפצה,LINGHANG INDUSTRIA,,אטריות נודלס להקפצה מנה אסייתי400ג,גרמים,400.00,100 גרם,false,1,8.90,2.2250,true,1,255914
7290013358806,false,מאגדת 4פרכיות מנה 26,Mana,,מאגדת 4פרכיות מנה 264 גר,גרמים,264.00,100 גרם,false,1,12.00,4.5455,true,1,247701
7290013358837,false,מאגדת 4פרכיות ללא מל,Mana,,מאגדת 4פרכיות ללא מלח מנה 264 גר,גרמים,264.00,100 גרם,false,1,12.00,4.5455,true,1,310230
7290013366085,false,תירס מתוק במיוחד,,,תירס מתוק במיוחד,Unknown,0.00,Unknown,false,1,21.90,0.0000,true,1,308173
7290013366108,false,אספרגוס בשקית יחידה,,,אספרגוס יחידה,Unknown,0.00,Unknown,false,1,31.90,0.0000,true,1,315851
7290013366634,false,חסה סלנובה ראשים,,,חסה סלנובה ראשים,Unknown,0.00,Unknown,false,1,13.90,0.0000,true,1,244591
7290013366641,false,עלי רוקולה,,,עלי רוקולה,Unknown,0.00,Unknown,false,1,13.90,0.0000,true,1,244592
7290013366665,false,חסה גמביט,,,חסה גמביט,Unknown,0.00,Unknown,false,1,13.90,0.0000,true,1,347453
7290013366719,false,פאקצוי,,,פאקצוי,Unknown,0.00,Unknown,false,1,15.50,0.0000,true,1,307855
7290013389077,false,עלי טורטיה מחיטה 20,,,עלי טורטיה מחיטה 20 יח 320 גר,גרמים,320.00,100 גרם,false,1,11.90,3.7188,true,1,241759
7290013389084,false,עלי טורטיה קמח תירס,,,עלי טורטיה קמח תירס 16 יח 325 גר,גרמים,325.00,100 גרם,false,1,11.90,3.6615,true,1,241762
7290013412003,false,מגבונים להסרת לק איי,,,מגבונים להסרת לק איי פרש 10 יחידות,יחידה,10.00,יחידה,false,1,10.00,1.0000,true,1,253310
7290013430083,false,בירה אלכסנדר בלונד 5,"אביר הבר בע""מ",,בירה אלכסנדר בלונד 5.3% 330מל פקדון,מיליליטרים,330.00,"100 מ""ל",false,1,14.90,4.5152,true,1,248551
7290013430090,false,בירה אלכסנדר אמבר 5.,"אביר הבר בע""מ",,בירה אלכסנדר אמבר 5.7% 330מל פקדון,מיליליטרים,330.00,"100 מ""ל",false,1,14.90,4.5152,true,1,248552
7290013430205,false,בירה אלכסנדר בלאק 7%,"אביר הבר בע""מ",,בירה אלכסנדר בלאק 7% 330מל פקדון,מיליליטרים,330.00,"100 מ""ל",false,1,14.90,4.5152,true,1,248560
7290013430250,false,בירה אלכסנדר חיטה יש,,,בירה אלכסנדר חיטה ישראלית 330מל פקדון,מיליליטרים,330.00,"100 מ""ל",false,1,14.90,4.5152,true,1,317765
7290013430304,false,בירה אלכסנדר גרין 6%,"אביר הבר בע""מ",,בירה אלכסנדר גרין 6% 330מל פקדון,מיליליטרים,330.00,"100 מ""ל",false,1,14.90,4.5152,true,1,248553
7290013430403,false,בירה אלכסנדר בלייזר,"אביר הבר בע""מ",,בירה אלכסנדר בלייזר 8% 330מל פקדון,מיליליטרים,330.00,"100 מ""ל",false,1,14.90,4.5152,true,1,248554
7290013440648,false,מאגדת 5 יח קרחוני שר,גלידות נסטלה,,מאגדת 5 יח קרחוני שרבט אבטיח 540 גר,יחידה,5.00,יחידה,false,8,26.90,5.3800,true,1,241816
7290013442017,false,לאבנה כבשים 250גר,,,לאבנה כבשים 250גר,גרמים,250.00,100 גרם,false,1,14.90,5.9600,true,1,245577
7290013442130,false,גבינת גאודה כבשה צהו,,,גבינת גאודה כבשה צהובה 150גר,גרמים,150.00,100 גרם,false,1,26.90,17.9333,true,1,245576
7290013451927,false,פריכיות כוסמת זן בר,זן בר,,פריכיות כוסמת זן בר ללא מלח 160 גר,גרמים,160.00,100 גרם,false,1,11.00,6.8750,true,1,246056
7290013472908,false,גבינה בולגרית בקוביו,קוליוס,GR,הבולגריה בקוביות 400גרם (חלב,גרמים,400.00,100 גרם,false,6,19.90,4.9750,true,1,245778
7290013493019,false,בירה בזלת פילזנר 330,,,בירה בזלת פילזנר 330 מל,מיליליטרים,330.00,"100 מ""ל",false,1,14.90,4.5152,true,1,240703
7290013493026,false,בירה בזלת חיטה 750 מ,,,בירה בזלת חיטה 750 מל,מיליליטרים,750.00,"100 מ""ל",false,1,29.90,3.9867,true,1,240704
7290013516459,false,כדורים צמחיים 400גר,אופא מזון בריאות שפע,IL,כדורים צמחיים 400גר שפעמן,גרמים,400.00,100 גרם,false,1,24.90,6.2250,true,1,323432
7290013516510,false,נתח צמחי תיבול מקסיק,אופא מזון בריאות שפע,IL,נתח צמחי תיבול מקסיקני 450 גר שפעמן,גרמים,450.00,100 גרם,false,1,24.90,5.5333,true,1,323434
7290013516534,false,נתח צמחי תיבול סצואן,אופא מזון בריאות שפע,IL,נתח צמחי תיבול סצואן 450 גר שפעמן,גרמים,450.00,100 גרם,false,1,24.90,5.5333,true,1,323435
7290013520067,false,מארז לחמניות 10 יחיד,מאפיית אגמי,,מארז לחמניות 10 יחידות,יחידה,10.00,יחידה,false,1,14.90,1.4900,true,1,311877
7290013520111,false,מארז לחמניות המבורגר,מאפיית אגמי,IL,מארז לחמניות המבורגר אמריקאי 6יח,יחידה,6.00,יחידה,false,8,14.90,2.4833,true,1,332475
7290013520142,false,לחמניה קלה ביס 8יח 4,,,לחמניה קלה ביס 8יח 400 גרם,יחידה,8.00,יחידה,false,1,13.90,1.7375,true,1,252616
7290013520463,false,לחם בריאות ושובע כוס,,,לחם בריאות ושובע כוסמין 600 גרם,גרמים,600.00,100 גרם,false,1,16.90,2.8167,true,1,309352
7290013520500,false,מארז לחמניות כוסמין,,,מארז לחמניות כוסמין 8יח 95 קלוריות,גרמים,400.00,100 גרם,false,1,16.90,4.2250,true,1,317403
7290013521101,false,פסטה כוסמין אורגנית,,,פסטה כוסמין אורגנית תרד 500 גר,גרמים,350.00,100 גרם,false,1,19.90,5.6857,true,1,318685
7290013521132,false,אטריות אורגני ל.גלוט,,,אטריות אורגני ל.גלוטן אורז אצות וואק250ג,גרמים,250.00,100 גרם,false,1,16.90,6.7600,true,1,318678
7290013521187,false,ספגטי עדשים אדומות א,,,ספגטי עדשים אדומות אורגני 250 גר ללג,גרמים,250.00,100 גרם,false,18,10.90,4.3600,true,1,343641
7290013521194,false,טורטיליוני כוסמת אור,,,טורטיליוני כוסמת אורגני 250גר ללג,גרמים,250.00,100 גרם,false,8,10.90,4.3600,true,1,343643
7290013521224,false,ספגטי כוסמת אורגני 2,,,ספגטי כוסמת אורגני 250 גר ללג,גרמים,250.00,100 גרם,false,18,10.90,4.3600,true,1,343642
7290013521231,false,פסטה כוסמין אורגנית,,,פסטה כוסמין אורגנית טריקולור 500 גר,גרמים,400.00,100 גרם,false,1,19.90,4.9750,true,1,318686
7290013521309,false,מיונז אורגני השדה 33,,,מיונז אורגני השדה 230 גר,גרמים,330.00,100 גרם,false,1,22.90,6.9394,true,1,318751
7290013521316,false,ממרח מיונז אורגני לל,,,ממרח מיונז אורגני ללא ביצים השדה230גר,גרמים,230.00,100 גרם,false,1,16.90,7.3478,true,1,318752
7290013521347,false,חרדל דיזון אורגני 20,,,חרדל דיזון אורגני 200 גר,גרמים,200.00,100 גרם,false,1,14.90,7.4500,true,1,318764
7290013521385,false,רסק תפוחים אורגני 70,,,רסק תפוחים אורגני 700 גר,גרמים,700.00,100 גרם,false,1,17.90,2.5571,true,1,318689
7290013521392,false,רסק תפוחים אורגני 36,,,רסק תפוחים אורגני 360 גר,גרמים,360.00,100 גרם,false,1,13.90,3.8611,true,1,318690
7290013521408,false,מרק ירקות אורגנית 20,,,מרק ירקות אורגנית 200 גר,גרמים,200.00,100 גרם,false,1,23.90,11.9500,true,1,318763
7290013521415,false,מרק טעם עוף אורגני 2,,,מרק עוף אורגנית טעם עוף 200 גר,גרמים,200.00,100 גרם,false,1,24.90,12.4500,true,1,318762
7290013521491,false,קטשופ אורגני 567 גרם,,,קטשופ אורגני 567 גרם ללא גלוטן השדה,גרמים,567.00,100 גרם,false,1,18.90,3.3333,true,1,329433
7290013521545,false,עוגיות חצי מצופות חר,,,עוגיות חצי מצופות חרובים 180 גר,גרמים,180.00,100 גרם,false,1,13.90,7.7222,true,1,318754
7290013521569,false,רסק תפוח בננה אורגני,,,רסק תפוח בננה אורגני 360 גר,גרמים,360.00,100 גרם,false,1,13.90,3.8611,true,1,318761
7290013521613,false,שעועית לבנה אורגנית,,,שעועית לבנה אורגנית ברוטב עגבניות 350 גר,גרמים,350.00,100 גרם,false,1,16.90,4.8286,true,1,318771
7290013521743,false,שקדי מרק מקמח כוסמין,,,שקדי מרק מקמח כוסמין 400 גר,גרמים,400.00,100 גרם,false,1,16.90,4.2250,true,1,318684
7290013521750,false,מיץ תפוזים אורגני 1,,,מיץ תפוזים אורגני 1 לי,גרמים,1.00,100 גרם,false,1,19.90,1990.0000,true,1,318691
7290013521828,false,פסטה כוסמין אורגנית,,,פסטה כוסמין אורגנית ספירולינה 500 גר,גרמים,300.00,100 גרם,false,1,19.90,6.6333,true,1,318687
7290013521835,false,פסטה כוסמין אורגנית,,,פסטה כוסמין אורגנית ספירולינה פוזילי 500,גרמים,500.00,100 גרם,false,1,19.90,3.9800,true,1,318688
7290013521873,false,סוכר קוקוס אורגני מפ,,,סוכר קוקוס אורגני מפרח הקוקוס 300 גר,גרמים,300.00,100 גרם,false,1,15.90,5.3000,true,1,322837
7290013521897,false,גליליות אורגניות מקמ,,,גליליות אורגניות מקמח כוסמין 100 גר,גרמים,100.00,100 גרם,false,1,14.90,14.9000,true,1,324664
7290013521965,false,עוגיות חצי ירח מקח כ,,,עוגיות חצי ירח מקח כוסמין אורגני 180 גר,גרמים,180.00,100 גרם,false,1,15.90,8.8333,true,1,326784
7290013525253,false,סלט טחינה מיוחדת 160,,,סלט טחינה מיוחדת 160 גר המנה שלי,גרמים,160.00,100 גרם,false,1,5.90,3.6875,true,1,241979
7290013525260,false,סלט חציל במיונז 160,,,סלט חציל במיונז 160 גר המנה שלי,גרמים,160.00,100 גרם,false,1,5.90,3.6875,true,1,241980
7290013525710,false,סלט חומוס עם טחינה 1,,,סלט חומוס עם טחינה 160 גר המנה שלי,גרמים,160.00,100 גרם,false,1,5.90,3.6875,true,1,242478
7290013525727,false,סלט חומוס אבו גוש 16,,,סלט חומוס אבו גוש 160 גר המנה שלי,גרמים,160.00,100 גרם,false,1,5.90,3.6875,true,1,242477
7290013525741,false,סלט חומוס מסבחה 160,,,סלט חומוס מסבחה 160 גר המנה שלי,גרמים,160.00,100 גרם,false,1,5.90,3.6875,true,1,242479
7290013525819,false,סלט שום כתוש 150גר ש,,,סחוג ירוק 150גר שמיר,גרמים,150.00,100 גרם,false,1,9.90,6.6000,true,1,244984
7290013531117,false,רוטב פסטה לילדים יכי,זנלכל,,רוטב פסטה לילדים יכין 260 גר,גרמים,240.00,100 גרם,false,1,4.90,2.0417,true,1,241024
7290013531346,false,סירופ יכין דיאט לימו,זנלכל,IL,סירופ יכין דיאט לימונענע 1 ל,ליטרים,1.00,ליטר,false,12,16.90,16.9000,true,1,243095
7290013531377,false,תורמוס יכין 550 גרם,זנלכל,,תורמוס יכין 550 גרם,גרמים,550.00,100 גרם,false,1,9.90,1.8000,true,1,247174
7290013531490,false,פול מתובל יכין 550 ג,זנלכל,IL,פול מתובל יכין 550 גר א/2,גרמים,550.00,100 גרם,false,12,9.90,1.8000,true,1,247175
7290013531612,false,רוטב נפוליטנה יכין 2,,,רוטב נפוליטנה יכין 260 גר,גרמים,240.00,100 גרם,false,1,4.90,2.0417,true,1,255118
7290013531629,false,רוטב פומודורו יכין 2,,,רוטב פומודורו יכין 260 גר,גרמים,240.00,100 גרם,false,1,4.90,2.0417,true,1,255119
7290013531759,false,שעועית אפויה במים א/,זנלכל,IL,שעועית אפויה במים א/2 יכין,גרמים,550.00,100 גרם,false,12,9.90,1.8000,true,1,254454
7290013584816,false,משקה קל לימונענע 1.5,פריגת,,משקה קל לימונענע 1.5 ליטר פריגת,ליטרים,1.50,ליטר,false,1,9.60,6.4000,true,1,253233
7290013585233,false,משקה ספרייט זירו פחי,,,משקה ספרייט זירו פחית 330 פקדון,מיליליטרים,330.00,"100 מ""ל",false,1,5.90,1.7879,true,1,255519
7290013585257,false,ספרייט זירו 500 מל פ,,,ספרייט זירו 500 מל פקדון,מיליליטרים,500.00,"100 מ""ל",false,1,7.50,1.5000,true,1,255517
7290013585271,false,מארז שישיית ספרייט ז,,,מארז שישיית ספרייט זירו 1.5ליטר,ליטרים,10.50,ליטר,false,1,46.10,4.3905,true,1,255516
7290013585349,false,מארז 6יח בירה קרלסבר,קרלסברג ישראל,,מארז 6יח בירה קרלסברג 330מל פקדון מבצע,ליטרים,1.98,ליטר,false,1,34.90,17.6263,true,1,254098
7290013585967,false,מארז 6 פחיות ספרייט,קוקה קולה,,מארז 6 פחיות ספרייט זירו 330 מל פקדון,ליטרים,1.98,ליטר,false,1,23.90,12.0707,true,1,308750
7290013608864,false,משקה פירות הדר בתוספ,,,משקה פירות הדר בתוספת ויטמין סי 1 ליטר,ליטרים,1.00,ליטר,false,1,15.90,15.9000,true,1,334128
7290013645272,false,נשיקות שרלה ללא גלוט,,,נשיקות שרלה 100 גר,גרמים,100.00,100 גרם,false,1,19.90,19.9000,true,1,321796
7290013645500,false,מקלות מלוחים ללא גלו,,,מקלות מלוחים ללא גלוטן230גר שרלה,גרמים,230.00,100 גרם,false,1,22.90,9.9565,true,1,247703
7290013645531,false,עוגיות מזרחיות ללא ג,,,עוגיות מזרחיות ללא גלוטן200גר שרלה,גרמים,200.00,100 גרם,false,1,22.90,11.4500,true,1,321763
7290013652027,false,קרם גוף לעור רגיל נט,פישר תעשיות,,קרם גוף לעור רגיל נטורל קר סחלב450מל,מיליליטרים,450.00,"100 מ""ל",false,1,16.90,3.7556,true,1,241863
7290013652096,false,תחליב רחצה לפנים נטו,פישר תעשיות,,תחליב רחצה לפנים נטורל קר עור שמן200מ,מיליליטרים,200.00,"100 מ""ל",false,1,24.90,12.4500,true,1,241845
7290013652119,false,תחליב רחצה לפנים נטו,פישר תעשיות,,תחליב רחצה לפנים נטורל קר עור רגיש200מ,מיליליטרים,200.00,"100 מ""ל",false,1,24.90,12.4500,true,1,241847
7290013652157,false,שלישיית מגבונים ל.אי,פישר תעשיות,,שלישיית מגבונים ל.איפור עור רגיל30יח,יחידה,90.00,יחידה,false,1,27.90,0.3100,true,1,243163
7290013652164,false,שלישיית מגבונים ל.אי,פישר תעשיות,,שלישיית מגבונים ל.איפור חמאת שיא 30יח,יחידה,90.00,יחידה,false,1,27.90,0.3100,true,1,243164
7290013652171,false,שלישיית מגבונים ל.אי,פישר תעשיות,,שלישיית מגבונים ל.איפור עור שמן 30יח,יחידה,90.00,יחידה,false,1,27.90,0.3100,true,1,243165
7290013652799,false,קרם לחות לשיער רגיל,פישר תעשיות,,קרם לחות לשיער רגיל יבש נטורל קר400 מל,מיליליטרים,400.00,"100 מ""ל",false,1,19.90,4.9750,true,1,241854
7290013652805,false,קרם לחות לשיער צבוע,פישר תעשיות,,קרם לחות לשיער צבוע פגום נטורל קר400 מל,מיליליטרים,400.00,"100 מ""ל",false,1,19.90,4.9750,true,1,241855
7290013652843,false,שמפו לשיער רגיל נטור,פישר תעשיות,,שמפו לשיער רגיל נטורל קר ורדים 700מל,מיליליטרים,700.00,"100 מ""ל",false,1,15.90,2.2714,true,1,241824
7290013652850,false,שמפו לשיער יבש פגום,פישר תעשיות,,שמפו לשיער יבש פגום נטורל קר חינה 700מל,מיליליטרים,700.00,"100 מ""ל",false,1,15.90,2.2714,true,1,241825
7290013652874,false,מרכך לשיער רגיל נטור,פישר תעשיות,,מרכך לשיער רגיל נטורל קר ורדים 700מל,מיליליטרים,700.00,"100 מ""ל",false,1,15.90,2.2714,true,1,241833
7290013652881,false,מרכך לשיער יבש פגום,פישר תעשיות,,מרכך לשיער יבש פגום נטורל קר חינה700מל,מיליליטרים,700.00,"100 מ""ל",false,1,15.90,2.2714,true,1,241834
7290013652904,false,שמפו ומרכך לשיער רגי,פישר תעשיות,,שמפו ומרכך לשיער רגיל נטורל קר ורדי700מל,מיליליטרים,700.00,"100 מ""ל",false,1,15.90,2.2714,true,1,241831
7290013652935,false,שמפו לשיער רגיל נטור,פישר תעשיות,,שמפו לשיער רגיל נטורל קר יסמין 700מל,מיליליטרים,700.00,"100 מ""ל",false,1,15.90,2.2714,true,1,241826
7290013652942,false,מרכך לשיער רגיל נטור,פישר תעשיות,,מרכך לשיער רגיל נטורל קר יסמין 700מל,מיליליטרים,700.00,"100 מ""ל",false,1,15.90,2.2714,true,1,241835
7290013652997,false,קרם גוף לעור מיבש במ,פישר תעשיות,,קרם גוף לעור מיבש במיוחד נטורל קר 450 מל,מיליליטרים,450.00,"100 מ""ל",false,1,16.90,3.7556,true,1,241860
7290013659392,false,עציץ סידור שושנים,מיישן,,עציץ סידור שושנים,יחידה,1.00,יחידה,false,1,34.90,34.9000,true,1,307530
7290013659408,false,עציץ טוליפ,מיישן,,עציץ טוליפ,יחידה,1.00,יחידה,false,1,34.90,34.9000,true,1,307533
7290013659439,false,עציץ בונסאי גדול,,,עציץ בונסאי גדול,יחידה,1.00,יחידה,false,1,50.00,50.0000,true,1,254087
7290013675194,false,שניצל עוף אמיתי ביתי,תנובה גליל,IL,שניצל עוף אמיתי ביתי ללא גלוטן 700גר מאמ,גרמים,700.00,100 גרם,false,10,45.00,6.4286,true,1,306021
7290013675545,false,שניצל עוף כלי תחבורה,תנובה גליל,,שניצל עוף כלי תחבורה 700גר מאמא עוף,גרמים,700.00,100 גרם,false,1,36.90,5.2714,true,1,321948
7290013675811,false,לקט להקפצה פסטה א-לה,סנפרוסט,,לקט להקפצה פסטה א-לה רומא חזה עוף 450גר,גרמים,450.00,100 גרם,false,1,22.90,5.0889,true,1,331211
7290013675835,false,לקט ירוק גלילי להקפצ,סנפרוסט,,לקט ירוק גלילי להקפצה עם חזה עוף 450גר,גרמים,450.00,100 גרם,false,1,22.90,5.0889,true,1,331213
7290013675958,false,רצועוף שומשום 500 גר,תנובה גליל,,רצועוף שומשום 500 גר מאמא עוף,גרמים,500.00,100 גרם,false,1,29.90,5.9800,true,1,335920
7290013675965,false,רצועוף טעם טבעות בצל,תנובה גליל,,רצועוף טעם טבעות בצל 500 גר מאמא עוף,גרמים,500.00,100 גרם,false,1,29.90,5.9800,true,1,335921
7290013702005,false,מים שוופס פירות יער,יפאורה,IL,מים שוופס פירות יער 1.5 ליטר,ליטרים,1.50,ליטר,false,12,7.60,5.0667,true,1,306649
7290013702029,false,מים שוופס אפרסק 1.5,יפאורה,IL,מים שוופס אפרסק 1.5 ליטר,ליטרים,1.50,ליטר,false,12,7.60,5.0667,true,1,306647
7290013702036,false,מים שוופס אפרסק 500מ,יפאורה,IL,מים שוופס אפרסק 500מל פקדון,מיליליטרים,500.00,"100 מ""ל",false,24,7.90,1.5800,true,1,306674
7290013702050,false,מים שוופס ענבים 500מ,יפאורה,IL,מים שוופס ענבים 500מל פקדון,מיליליטרים,500.00,"100 מ""ל",false,24,7.90,1.5800,true,1,306675
7290013702388,false,מים שוופס תפוח 500מל,יפאורה,IL,מים שוופס תפוח 500מל פקדון,מיליליטרים,500.00,"100 מ""ל",false,24,7.90,1.5800,true,1,306677
7290013702418,false,משקה שוופס מוגז עדין,יפאורה,,משקה שוופס מוגז עדין אפרסק 330 מל,מיליליטרים,330.00,"100 מ""ל",false,1,6.90,2.0909,true,1,312064
7290013702425,false,משקה שוופס מוגז עדין,יפאורה,,משקה שוופס מוגז עדין פירות יער 330 מל,מיליליטרים,330.00,"100 מ""ל",false,1,6.90,2.0909,true,1,312065
7290013702463,false,משקה שוופס מוגז למונ,יפאורה,IL,משקה שוופס מוגז למונייד 1.5ליטר,ליטרים,1.50,ליטר,false,12,9.60,6.4000,true,1,306669
7290013702708,false,משקה שוופס מוגז עדין,יפאורה,,משקה שוופס מוגז עדין אננס 330 מל,מיליליטרים,330.00,"100 מ""ל",false,1,6.90,2.0909,true,1,312066
7290013713001,false,בירה גמס אמבר אייל,,IL,בירה גמס אמבר אייל 330מל בקבוק,מיליליטרים,330.00,"100 מ""ל",false,24,14.90,4.5152,true,1,326801
7290013713025,false,בירה גמס פילס 330מל,,IL,בירה גמס פילס 330מל בקבוק,מיליליטרים,330.00,"100 מ""ל",false,24,14.90,4.5152,true,1,326802
7290013713124,false,בירה גמס קראפט אייל,,IL,בירה גמס קראפט אייל בהיר 330מל בק.פקדון,מיליליטרים,330.00,"100 מ""ל",false,24,14.90,4.5152,true,1,347670
7290013724939,false,חמוציות בציפוי שוקול,"דין שיווק וקלייה בע""",IL,משוקלדים חמוציות מריר 160 גר קופסא,גרמים,160.00,100 גרם,false,20,10.90,6.8125,true,1,241308
7290013724946,false,שקדים בציפוי שוקולד,"דין שיווק וקלייה בע""",IL,משוקלדים שקד מריר 160 גר קופסא,גרמים,160.00,100 גרם,false,20,10.90,6.8125,true,1,241291
7290013724953,false,חמוציות בציפוי שוקול,"דין שיווק וקלייה בע""",IL,משוקלדים חמוציות חלב 160 גר,גרמים,160.00,100 גרם,false,20,10.90,6.8125,true,1,241292
7290013724960,false,שקדים בציפוי שוקולד,"דין שיווק וקלייה בע""",IL,משוקלדים שקד חלב 160 גר קופסא,גרמים,160.00,100 גרם,false,20,10.90,6.8125,true,1,241297
7290013724977,false,צימוקים בציפוי שוקול,"דין שיווק וקלייה בע""",IL,משוקלדים צימוק מריר 160 גר קופסא,גרמים,160.00,100 גרם,false,20,10.90,6.8125,true,1,241287
7290013724991,false,אגוזי לוז בציפוי שוק,"דין שיווק וקלייה בע""",IL,משוקלדים לוז חלב 160 גר קופסא,גרמים,160.00,100 גרם,false,20,10.90,6.8125,true,1,241294
7290013725820,false,אגוזי לוז בציפוי שוק,"דין שיווק וקלייה בע""",IL,משוקלדים לוז מריר 160 גר קופסא,גרמים,160.00,100 גרם,false,20,10.90,6.8125,true,1,241288
7290013725837,false,שומשום בציפוי שוקולד,"דין שיווק וקלייה בע""",,שומשום בציפוי שוקולד חלב קופסא 160גר,גרמים,160.00,100 גרם,false,1,10.90,6.8125,true,1,241295
7290013725844,false,שומשום בציפוי שוקולד,"דין שיווק וקלייה בע""",IL,משוקלדים שומשום מריר 160 גר קופסא,גרמים,160.00,100 גרם,false,20,10.90,6.8125,true,1,241289
7290013746238,false,עוגיות דגן שוקו ציפס,,,עוגיות דגן שוקו ציפס קוקיס ל.ס 300 גר,גרמים,250.00,100 גרם,false,1,27.90,11.1600,true,1,321922
7290013746368,false,עוגיות דגן שקדים ל.ס,,,עוגיות דגן שקדים ל.ס 300 גר,גרמים,300.00,100 גרם,false,1,27.90,9.3000,true,1,321923
7290013746504,false,עוגיות דגן מקלוני עש,,,עוגיות דגן מקלוני עשבי תיבול ל.ס 200 גר,גרמים,200.00,100 גרם,false,1,21.90,10.9500,true,1,321915
7290013746672,false,עוגיות דגן אגוזים ל.,,,עוגיות דגן אגוזים ל.ס 300 גר,גרמים,250.00,100 גרם,false,1,27.90,11.1600,true,1,321921
7290013746689,false,עוגיות דגן שבולת שוע,,,עוגיות דגן שבולת שועל אוכמניו ל.ס 300 גר,גרמים,250.00,100 גרם,false,1,27.90,11.1600,true,1,321920
7290013746740,false,עוגיות דגן קראנץ אגו,,,עוגיות דגן קראנץ אגוזים ל.ס 200 גר,גרמים,200.00,100 גרם,false,1,27.90,13.9500,true,1,321918
7290013746788,false,עוגיות דגן עגבניה וא,,,עוגיות דגן עגבניה ואורגנו ל.ס 200 גר,גרמים,200.00,100 גרם,false,1,21.90,10.9500,true,1,321916
7290013755179,false,יין בן דוד מרלו ק.סו,,,יין בן דוד מרלו ק.סוביניון 750 מל,מיליליטרים,750.00,"100 מ""ל",false,6,40.00,5.3333,true,1,345073
7290013755308,false,יין אסטייט שקמה רוזה,,IL,יין אסטייט שקמה רוזה דולמן 750 מל,מיליליטרים,750.00,"100 מ""ל",false,12,65.00,8.6667,true,1,342206
7290013755346,false,יין אדר סוביניון בלא,,IL,יין אדר סוביניון בלאן 750 מל,מיליליטרים,750.00,"100 מ""ל",false,12,60.00,8.0000,true,1,336454
7290013755377,false,יין דליה קברנה פטיט,,IL,יין דליה קברנה פטיט מרלו 750 מל,מיליליטרים,750.00,"100 מ""ל",false,12,60.00,8.0000,true,1,336453
7290013755391,false,יין רומי קברנה פטיט,,IL,יין רומי קברנה פטיט מרלו 750 מל,מיליליטרים,750.00,"100 מ""ל",false,12,60.00,8.0000,true,1,336455
7290013764003,false,שיכר לימונדה קלאסי א,,BE,שיכר לימונדה קלאסי אוק אנד אש330מל פקדון,מיליליטרים,330.00,"100 מ""ל",false,24,14.90,4.5152,true,1,345869
7290013764140,false,שיכר לימונדה חמוציות,,BE,שיכר לימונדה חמוציות אוק אנד אש330מל פקד,מיליליטרים,330.00,"100 מ""ל",false,24,14.90,4.5152,true,1,345868
7290013771131,false,לאבנה עיזים 5% 250 ג,,,לאבנה עיזים 5% 250 גר,גרמים,250.00,100 גרם,false,1,18.90,7.5600,true,1,241579
7290013771216,false,גבינת פאטקי 16% שומן,,,גבינת פאטקי 16% שומן 250 גרם,גרמים,250.00,100 גרם,false,1,14.90,5.9600,true,1,313274
7290013771384,false,יוגורט יווני 8% 400,,,יוגורט יווני 8% 400 גרם,גרמים,400.00,100 גרם,false,1,10.90,2.7250,true,1,311871
7290013771391,false,גבינה צפתית מעודנת 5,מחלבת שומרון,,גבינה צפתית מעודנת 5% 200 גרם,גרמים,200.00,100 גרם,false,1,14.90,7.4500,true,1,317283
7290013771575,false,יוגורט יווני 1.3ליטר,מחלבת שומרון,IL,יוגורט יווני 1.3ליטר 7% שומן,מיליליטרים,1300.00,"100 מ""ל",false,1,18.90,1.4538,true,1,328670
7290013787156,false,רוטב שמנת גראנה פדאנ,,IL,רוטב שמנת גראנה פדאנו 200גר פסטה ריקו,גרמים,200.00,100 גרם,false,6,13.90,6.9500,true,1,333244
7290013787163,false,רוטב שמנת רוזה 200גר,,IL,רוטב שמנת רוזה 200גר פסטה ריקו,גרמים,200.00,100 גרם,false,6,13.90,6.9500,true,1,333245
7290013787170,false,רוטב שמנת פטריות 200,,IL,רוטב שמנת פטריות 200גר פסטה ריקו,גרמים,200.00,100 גרם,false,6,13.90,6.9500,true,1,333246
7290013787194,false,רוטב שמנת בטטה 200גר,,IL,רוטב שמנת בטטה 200גר פסטה ריקו,גרמים,200.00,100 גרם,false,6,13.90,6.9500,true,1,333247
7290013787354,false,פסטה פוזילי 500 גרם,,IL,פסטה פוזילי 500 גרם פסטה ריקו,גרמים,500.00,100 גרם,false,6,9.90,1.9800,true,1,333237
7290013787392,false,רביולי גבינות קלאסי,,IL,רביולי גבינות קלאסי 330גר פסטה ריקו,גרמים,330.00,100 גרם,false,6,25.90,7.8485,true,1,333240
7290013787408,false,רביולי בטטה 330 גרם,,IL,רביולי בטטה 330 גרם פסטה ריקו,גרמים,330.00,100 גרם,false,6,25.90,7.8485,true,1,333241
7290013787415,false,רביולי ריקוטה תרד 33,,IL,רביולי ריקוטה תרד 330 גרם פסטה ריקו,גרמים,330.00,100 גרם,false,6,25.90,7.8485,true,1,333242
7290013787422,false,פלין פטריות בטעם כמה,,IL,פלין פטריות בטעם כמהין 330גרם פסטה ריקו,גרמים,330.00,100 גרם,false,6,25.90,7.8485,true,1,333243
7290013816009,false,שוקולד הולי קקאו 90%,הולי קקאו,IL,שוקולד הולי קקאו 90% מריר אורגני 100 ג,גרמים,100.00,100 גרם,false,15,17.90,17.9000,true,1,311977
7290013816221,false,שוקולד ציפס 50% מריר,הולי קקאו,IL,שוקולד ציפס 50% מריר הולי קקאו 250 גרם,גרמים,250.00,100 גרם,false,12,19.90,7.9600,true,1,331164
7290013816238,false,טיפות שוקולד 70% מרי,הולי קקאו,IL,טיפות שוקולד 70% מריר הולי קקאו 250 גרם,גרמים,250.00,100 גרם,false,12,19.90,7.9600,true,1,331163
7290013816245,false,שוקולד הולי קקאו 60%,הולי קקאו,IL,שוקולד הולי קקאו 60% מריר אורגני 100 ג,גרמים,100.00,100 גרם,false,15,17.90,17.9000,true,1,345671
7290013816443,false,שוקולד הולי קקאו 80%,הולי קקאו,IL,שוקולד הולי קקאו 80% מריר אורגני 100 ג,גרמים,100.00,100 גרם,false,15,17.90,17.9000,true,1,311976
7290013816894,false,שוקולד הולי קקאו 70%,הולי קקאו,IL,שוקולד הולי קקאו 70% מריר אורגני 100 ג,גרמים,100.00,100 גרם,false,15,17.90,17.9000,true,1,345672
7290013816917,false,שוקולד הולי קקאו 100,הולי קקאו,IL,שוקולד הולי קקאו 100% מריר אורגני 100 ג,גרמים,100.00,100 גרם,false,15,17.90,17.9000,true,1,345673
7290013847386,false,טונה סטארקיסט 4% בש,,,טונה סטארקיסט 4% בשמן צמחי 140 גר,גרמים,160.00,100 גרם,false,1,7.90,4.9375,true,1,325830
7290013847393,false,טונה סטארקיסט 4% עש,,,טונה סטארקיסט 4% עשבי תיבול 140 גר,גרמים,160.00,100 גרם,false,1,7.90,4.9375,true,1,325831
7290013847409,false,טונה סטארקיסט 4% פל,,,טונה סטארקיסט 4% פלפל לימון 140 גר,גרמים,160.00,100 גרם,false,1,7.90,4.9375,true,1,325832
7290013847454,false,מארז4 טונה סטארקיסט,,,רביעיית טונה סטארקיסט שמן קנולה160גר,גרמים,640.00,100 גרם,false,1,25.90,4.0469,true,1,317845
7290013847553,false,מארז4 טונה סטארקיסט,סטארקיסט,,רביעיית טונה סטארקיסט דלת נתרן מים 160 ג,גרמים,640.00,100 גרם,false,1,25.90,4.0469,true,1,308383
7290013847645,false,טונה סטארקיסט שמן זי,סטארקיסט,,טונה סטארקיסט שמן זית 3 יח 80 גרם,גרמים,240.00,100 גרם,false,1,19.90,8.2917,true,1,323749
7290013847812,false,טונה ילופין סטארקיסט,,,טונה ילופין סטארקיסט שמן זית 140 גרם,גרמים,140.00,100 גרם,false,1,9.90,7.0714,true,1,321028
7290013848017,false,מרסס לניקוי נירוסטה,,IL,מרסס לניקוי נירוסטה 500מל,מיליליטרים,500.00,"100 מ""ל",false,12,19.90,3.9800,true,1,324191
7290013848345,false,מארז 3יח מטליות לחות,סנו,IL,מארז 3יח מטליות לחות לחיטוי 99% 50יח,יחידה,150.00,יחידה,false,8,24.90,0.1660,true,1,326926
7290013848383,false,גל רחצה אלוורה קרמה,,,גל רחצה אלוורה קרמה אקטיב בלוק 700 מל,מיליליטרים,700.00,"100 מ""ל",false,1,16.90,2.4143,true,1,245710
7290013848727,false,מטהר אויר סנו פרש או,,,מטהר אויר סנו פרש אוטומטי+מילוי הרמוניה,יחידה,1.00,יחידה,false,6,39.90,39.9000,true,1,318954
7290013848758,false,גל כביסה מקסימה בייב,,,גל כביסה מקסימה בייבי סנסטיב 3 ל,ליטרים,3.00,ליטר,false,1,29.90,9.9667,true,1,248008
7290013861054,false,צימוקים בציפוי שוקול,"דין שיווק וקלייה בע""",IL,משוקלדים צימוק חלב 160 גר קופסא,גרמים,160.00,100 גרם,false,20,10.90,6.8125,true,1,241293
7290013861061,false,בוטנים בציפוי שוקולד,"דין שיווק וקלייה בע""",,בוטנים בציפוי שוקולד חלב קופסא 160גר,גרמים,160.00,100 גרם,false,1,10.90,6.8125,true,1,241296
7290013861412,false,חטיף קוקוס 250 גר,גודיס,,חטיף קוקוס 250 גר,גרמים,250.00,100 גרם,false,1,10.00,4.0000,true,1,253298
7290013861429,false,חטיפי שומשום מסוכר 2,גודיס,,שומשום מסוכר 250 גר,גרמים,250.00,100 גרם,false,1,11.00,4.4000,true,1,253294
7290013883148,false,סופג ריחות למקרר הפי,רלווי,IT,הפי סופג ריחות במקרר,Unknown,0.00,Unknown,false,14,13.90,0.0000,true,1,246421
7290013883407,false,מרסס דזיטול נגד חייד,מרקה,,מרסס דזיטול נגד חיידקים 500 מל,מיליליטרים,500.00,"100 מ""ל",false,1,12.90,2.5800,true,1,242448
7290013883414,false,מסיר חלודה הפי 470 מ,סאמיט,US,מרסס מסיר כתמי חלודה IRON OUT,מיליליטרים,470.00,"100 מ""ל",false,6,29.90,6.3617,true,1,251090
7290013883490,false,מדליק פחם מוצק הפי,דה טורן,,מדליק פחם מוצק הפי 250גר,גרמים,250.00,100 גרם,false,1,9.90,3.9600,true,1,244195
7290013903082,false,תחליף צפתית טבעוני 2,ביוט איילנד פודס בעמ,,תחליף צפתית טבעוני 200 גרם ליב,גרמים,200.00,100 גרם,false,1,22.90,11.4500,true,1,310550
7290013903099,false,תחליף רוקפור טבעוני,ביוט איילנד פודס בעמ,,תחליף רוקפור טבעוני 200 גרם ליב,גרמים,200.00,100 גרם,false,1,22.90,11.4500,true,1,310547
7290013903235,false,פטל שחור אורגני 300,,RS,פטל שחור אורגני 300 גרם ליב,גרמים,300.00,100 גרם,false,6,18.90,6.3000,true,1,346044
7290013903259,false,תות שדה אורגני 300 ג,,RS,תות שדה אורגני 300 גרם ליב,גרמים,300.00,100 גרם,false,6,18.90,6.3000,true,1,346045
7290013903266,false,מיקס פירות יער אורגנ,,RS,מיקס פירות יער אורגני 300 גרם ליב,גרמים,300.00,100 גרם,false,6,18.90,6.3000,true,1,346042
7290013903273,false,פולי סויה אדממה אורג,,CN,פולי סויה אדממה אורגני 400גר,גרמים,400.00,100 גרם,false,12,10.90,2.7250,true,1,327716
7290013903310,false,טופו אורגני 500 גרם,,IL,טופו אורגני 500 גרם 2יח נפרדות,גרמים,500.00,100 גרם,false,9,18.90,3.7800,true,1,327099
7290013903327,false,טופו טבעי 500 גרם,,IL,טופו טבעי 500 גרם 2 יח נפרדות,גרמים,500.00,100 גרם,false,9,16.90,3.3800,true,1,327100
7290013903389,false,שעועית ירוקה אורגנית,,CN,שעועית ירוקה אורגנית קלופה 500גר קפוא,גרמים,500.00,100 גרם,false,12,10.00,2.0000,true,1,336422
7290013903402,false,תחליף קממבר טבעוני 2,ביוט איילנד פודס בעמ,,תחליף קממבר טבעוני 200 גרם ליב,גרמים,200.00,100 גרם,false,1,22.90,11.4500,true,1,310549
7290013903464,false,פולי סויה אורגנים קל,,CN,פולי סויה אורגנים קלופים 500גר קפוא,גרמים,500.00,100 גרם,false,12,11.90,2.3800,true,1,336421
7290013903594,false,רסק תפוחים 670 גר טע,,,רסק תפוחים 670 גר טעמי הגליל ליב,גרמים,670.00,100 גרם,false,1,10.00,1.4925,true,1,331908
7290013903624,false,מגורדת בסגנון מוצרלה,,GB,מגורדת בסגנון מוצרלה 200גר,גרמים,200.00,100 גרם,false,6,22.90,11.4500,true,1,335657
7290013903846,false,קציצות סלק 400 גרם ל,,,קציצות סלק 400 גרם ליב,גרמים,400.00,100 גרם,false,1,24.90,6.2250,true,1,347581
7290013903976,false,דומדמניות אדומות אור,,RS,דומדמניות אדומות אורגני 300גר,גרמים,300.00,100 גרם,false,6,18.90,6.3000,true,1,345655
7290013903983,false,דומדמניות שחורות אור,,RS,דומדמניות שחורות אורגני 300גר,גרמים,300.00,100 גרם,false,6,18.90,6.3000,true,1,345654
7290013903990,false,פרוסות בננה ותות שדה,,RS,פרוסות בננה ותות שדה אורגני 300גר,גרמים,300.00,100 גרם,false,6,18.90,6.3000,true,1,345653
7290013906052,false,נקניקיות פרגיות 300,,,נקניקיות פרגיות 300 גר,גרמים,300.00,100 גרם,false,1,11.90,3.9667,true,1,242312
7290013906205,false,פסטרמה שום וצילי 400,,,פסטרמה שום וצילי 400 ג,גרמים,400.00,100 גרם,false,1,27.90,6.9750,true,1,245311
7290013906212,false,נקניקיות וינר 1 קג,,,נקניקיות וינר 1 קג,גרמים,1000.00,100 גרם,false,1,28.90,2.8900,true,1,245828
7290013906441,false,קבנוס 120 גר,,,קבנוס 120 גר,גרמים,120.00,100 גרם,false,1,10.90,9.0833,true,1,247053
7290013906458,false,קבנוס פיקנטי 120 גר,,,קבנוס פיקנטי 120 גר,גרמים,120.00,100 גרם,false,1,10.90,9.0833,true,1,247054
7290013906489,false,חטיפי קבנוס 120 גר,,,חטיפי קבנוס 120 גר,גרמים,120.00,100 גרם,false,1,10.90,9.0833,true,1,247057
7290013906496,false,סלסולי פסטרמה עגל רו,,,סלסולי פסטרמה עגל רומנית 120 גר,גרמים,120.00,100 גרם,false,1,15.90,13.2500,true,1,252344
7290013923028,false,יין סוסון שנין בלאן,,,יין סוסון שנין בלאן גימס 750 מל פיקדון,מיליליטרים,750.00,"100 מ""ל",false,1,110.00,14.6667,true,1,239831
7290013927637,false,חלבה אחווה ל.ס 400 ג,,,חלבה אחווה לייט 400 גר,גרמים,400.00,100 גרם,false,1,13.90,3.4750,true,1,326574
7290013937049,false,מאגדת שישיית ארטיקים,,,מאגדת שישיית ארטיקים טבעיים מעורב,יחידה,6.00,יחידה,false,1,25.90,4.3167,true,1,255683
7290013937056,false,מאגדת שישיית ארטיקים,,,מאגדת שישיית ארטיקים טבעיים מעורב,יחידה,6.00,יחידה,false,1,25.90,4.3167,true,1,255684
7290013937070,false,מאגדת שישיית ארטיקים,,,מאגדת שישיית ארטיקים טבעיים מעורב,יחידה,6.00,יחידה,false,1,25.90,4.3167,true,1,255685
7290013937971,false,מאגדת שישיית ארטיקים,,,מאגדת שישיית ארטיקים טבעיים מיני מובחרים,יחידה,6.00,יחידה,false,1,25.90,4.3167,true,1,321375
7290013994004,false,אורז ארוך לבן אורגני,,,אורז ארוך לבן אורגני 500 גר הרדוף,גרמים,500.00,100 גרם,false,1,10.90,2.1800,true,1,318719
7290013994288,false,קינואה רויאל אורגני,,,קינואה רויאל אורגני 1 קג הרדוף,קילוגרמים,1.00,"ק""ג",false,1,29.90,29.9000,true,1,318780
7290013994295,false,קינואה אדומה אורגנית,,,קינואה אדומה אורגנית 500 גר הרדוף,גרמים,500.00,100 גרם,false,1,20.90,4.1800,true,1,318728
7290013994301,false,קינואה שחורה אורגנית,,,קינואה שחורה אורגנית 500 גר הרדוף,גרמים,500.00,100 גרם,false,1,20.90,4.1800,true,1,318729
7290013994318,false,קינואה מעורבת אורגני,,,קינואה מעורבת אורגנית 500 גר הרדוף,גרמים,500.00,100 גרם,false,1,19.90,3.9800,true,1,318730
7290013994417,false,גרעיני שבולת שועל או,,,גרעיני שבולת שועל אורגני 500 גר הרדוף,גרמים,500.00,100 גרם,false,1,9.90,1.9800,true,1,318784
7290013994547,false,אורז בסמטי מלא אורגנ,,,אורז בסמטי מלא אורגני 500גר הרדוף,גרמים,500.00,100 גרם,false,1,12.90,2.5800,true,1,318714
7290013994554,false,אורז בסמטי לבן אורגנ,,,אורז בסמטי לבן אורגני 500גר הרדוף,גרמים,500.00,100 גרם,false,1,12.90,2.5800,true,1,318713
7290013994578,false,סובין שבולת שועל אור,,,סובין שבולת שועל אורגני 300 גר הרדוף,גרמים,300.00,100 גרם,false,1,9.90,3.3000,true,1,318722
7290013994585,false,גרעיני דלעת קלופים א,,,גרעיני דלעת קלופים אורגני 300 גר הרדוף,גרמים,300.00,100 גרם,false,1,18.90,6.3000,true,1,318723
7290013994653,false,קינואה רויאל אורגנית,,,קינואה רויאל אורגנית 500 גר הרדוף,גרמים,500.00,100 גרם,false,1,17.90,3.5800,true,1,318727
7290013994677,false,עדשים שחורות אורגניו,,,עדשים שחורות אורגניות 500 גר הרדוף,גרמים,500.00,100 גרם,false,1,15.90,3.1800,true,1,318724
7290013994684,false,אפונה ירוקה אורגני 5,,,אפונה ירוקה אורגני 500 גר הרדוף,גרמים,500.00,100 גרם,false,1,13.90,2.7800,true,1,318725
7290013994714,false,ממרח חרוב סויה אורג,,,ממרח חרוב סויה אורגני 350 ג הרדוף,גרמים,350.00,100 גרם,false,1,19.90,5.6857,true,1,318712
7290013994783,false,שעועית ירוקה קפואה א,,,שעועית ירוקה קפואה אורגנית 800 גר,גרמים,800.00,100 גרם,false,1,23.90,2.9875,true,1,318732
7290013994790,false,לקט ירקות קפוא אורגנ,,,לקט ירקות קפוא אורגני 800 גר הרדוף,גרמים,800.00,100 גרם,false,1,23.90,2.9875,true,1,318813
7290013994806,false,אפונה עדינה קפואה או,,,אפונה עדינה קפואה אורגנית 600 גר,גרמים,600.00,100 גרם,false,1,23.90,3.9833,true,1,318731
7290013994813,false,שעועית שחורה אורגני,,,שעועית שחורה אורגני 500 גר הרדוף,גרמים,500.00,100 גרם,false,1,11.90,2.3800,true,1,318782
7290013994820,false,שומשום שחור אורגני 3,,,שומשום שחור אורגני 300 גר הרדוף,גרמים,300.00,100 גרם,false,1,15.90,5.3000,true,1,318783
7290013994905,false,קמח חיטה 70% אורגני,,,קמח חיטה 70% אורגני 1 קג הרדוף,קילוגרמים,1.00,"ק""ג",false,12,14.90,14.9000,true,1,330754
7290013994912,false,קמח כוסמין 70% אורגנ,,,קמח כוסמין 70% אורגני 1 קג הרדוף,קילוגרמים,1.00,"ק""ג",false,12,19.90,19.9000,true,1,330753
7290013994929,false,קוסקוס מלא אורגני 35,,,קוסקוס מלא אורגני 350 גר הרדוף,גרמים,350.00,100 גרם,false,1,9.90,2.8286,true,1,322834
7290013994936,false,קוסקוס חצי מלא אורג,,,קוסקוס חצי מלא אורגני 350 גר הרדוף,גרמים,350.00,100 גרם,false,1,9.90,2.8286,true,1,322835
7290013994943,false,קוסקוס אורגני 350 גר,,,קוסקוס אורגני 350 גר הרדוף,גרמים,350.00,100 גרם,false,1,9.90,2.8286,true,1,322836
7290014001084,false,רוטב סילאן תפוז משק,משק דבורים לין,,רוטב סילאן תפוז משק לין 320 גר,גרמים,320.00,100 גרם,false,1,23.90,7.4687,true,1,321602
7290014001275,false,רוטב סילאן ברביקיו ח,משק דבורים לין,,רוטב סילאן ברביקיו חריף אש300 גר,גרמים,300.00,100 גרם,false,1,23.90,7.9667,true,1,252225
7290014001602,false,רוטב וינגרט רימונים,משק דבורים לין,,רוטב וינגרט רימונים דבש וגינגר 320 גר,גרמים,320.00,100 גרם,false,1,25.90,8.0937,true,1,311234
7290014002128,false,תה ירוק לימונית מנטה,תה ויסוצקי,,תה ירוק לימונית מנטה 1.5 ג 25 שק,יחידה,25.00,יחידה,false,1,24.90,0.9960,true,1,243820
7290014002135,false,תה ירוק מיקס 5טעמים,תה ויסוצקי,,תה ירוק מיקס 5טעמים 1.5 ג 25 שק,יחידה,25.00,יחידה,false,1,24.90,0.9960,true,1,243475
7290014002173,false,תה ירוק תפוז מנדרין,תה ויסוצקי,,תה ירוק תפוז מנדרין 1.5 ג 25 שק,יחידה,253.00,יחידה,false,1,24.90,0.0984,true,1,243759
7290014002197,false,תה גן הקסום קמומיל ו,תה ויסוצקי,,תה גן הקסום קמומיל ולימונית1.5ג25ש,יחידה,25.00,יחידה,false,1,18.90,0.7560,true,1,243772
7290014002203,false,תה גן הקסום לימונית,תה ויסוצקי,,תה גן הקסום לימונית לואיזה 1.5ג25שק,יחידה,25.00,יחידה,false,1,18.90,0.7560,true,1,243771
7290014002579,false,תה ירוק וניל 1.5 ג 2,תה ויסוצקי,,תה ירוק וניל 1.5 ג 25 שק,גרמים,38.00,100 גרם,false,1,24.90,65.5263,true,1,246502
7290014002944,false,תה גן קסום פירות חמד,תה ויסוצקי,,תה גן קסום פירות חמדת השקד2.3ג 25ש,יחידה,25.00,יחידה,false,12,18.90,0.7560,true,1,252260
7290014002982,false,תה ירוק לימונית לואי,תה ויסוצקי,,תה ירוק לימונית לואיזה סטיביה1.5 ג 25 שק,יחידה,25.00,יחידה,false,1,24.90,0.9960,true,1,249176
7290014016071,false,שישיית לחמניות ללא ג,נטורל קייקס,,שישיית לחמניות ללא גלוטן ארוכות 420גר,גרמים,420.00,100 גרם,false,1,15.90,3.7857,true,1,311145
7290014021167,false,חליטת פניני יסמין מי,,CN,חליטת פניני יסמין מיובשים 50 גר,Unknown,0.00,Unknown,false,12,25.90,0.0000,true,1,343368
7290014021433,false,חליטת ורדים מיובשים,,CN,חליטת ורדים מיובשים 15 גר,Unknown,0.00,Unknown,false,12,9.90,0.0000,true,1,343367
7290014046047,false,מארז צמד פסטרמה פפרי,,,מארז צמד פסטרמה פפריקה/ברביקיו 600 גרם,גרמים,600.00,100 גרם,false,1,25.90,4.3167,true,1,250639
7290014046474,false,נקניקיות עוף 1.5 קג,מעדני יחיעם,IL,נקניקיות עוף 1.5 קג,קילוגרמים,1.50,"ק""ג",false,1,27.90,18.6000,true,1,254557
7290014059085,false,מש.שיניים סנסודיין ש,סנסודיין,,מש.שיניים סנסודיין שיקום והגנה 75 מל,מיליליטרים,75.00,"100 מ""ל",false,1,21.90,29.2000,true,1,242742
7290014059436,false,משחת שיניים סנסודיין,סנסודיין,,משחת שיניים סנסודיין לשיקום והגנה מלבינה,מיליליטרים,75.00,"100 מ""ל",false,1,21.90,29.2000,true,1,247916
7290014059795,false,ספירה מכשיר עם 60 טב,,,ספירה מכשיר עם 60 טבליות,יחידה,60.00,יחידה,false,1,27.90,0.4650,true,1,245535
7290014066243,false,מארז 3 קפסולות לנדוו,קפה לנדוור,IL,מארז 3 קפסולות לנדוור+2כוסות קפה,יחידה,30.00,יחידה,false,10,44.90,1.4967,true,1,339004
7290014066359,false,קפסולות אספרסו לנדוו,קפה לנדוור,IL,קפסולות אספרסו לנדוור 06בלנסד 10 יח,יחידה,10.00,יחידה,false,12,15.90,1.5900,true,1,332061
7290014066366,false,קפסולות אספרסו לנדוו,קפה לנדוור,IL,קפסולות אספרסו לנדוור08ריסטרטו 10 יח,יחידה,10.00,יחידה,false,12,15.90,1.5900,true,1,332065
7290014066380,false,קפסולות אספרסו לנדוו,קפה לנדוור,IL,קפסולות אספרסו לנדוור10סופרימו 10 יח,יחידה,10.00,יחידה,false,12,15.90,1.5900,true,1,332062
7290014066441,false,קפסולות אספרסו לנדוו,קפה לנדוור,IL,קפסולות אספרסו לנדוור נטול קפאין 10 יח,יחידה,10.00,יחידה,false,12,15.90,1.5900,true,1,332060
7290014066526,false,קפסולות אספרסו לנדוו,קפה לנדוור,IL,קפסולות אספרסו לנדוור11הבית 10 יח,יחידה,10.00,יחידה,false,12,15.90,1.5900,true,1,332066
7290014066533,false,קפסולות אספרסו לנדוו,קפה לנדוור,IL,קפסולות אספרסו לנדוור12קליה כפולה 10 יח,יחידה,10.00,יחידה,false,12,15.90,1.5900,true,1,332064
7290014083806,false,עוגיות בטעם חמאה 350,דן קייק,,עוגיות בטעם חמאה 350 ג בקופסא,גרמים,350.00,100 גרם,false,1,13.90,3.9714,true,1,246896
7290014083813,false,שפרוטים מעושנים בשמן,Briavais Vilns,,שפרוטים מעושנים בשמן ריגה 190 גר,גרמים,190.00,100 גרם,false,1,7.90,4.1579,true,1,244934
7290014094338,false,גרעיני דלעת מקולפות,"דין שיווק וקלייה בע""",,גרעיני דלעת מקולפות250גר בקופסא,גרמים,250.00,100 גרם,false,1,14.90,5.9600,true,1,251334
7290014094345,false,גרעיני חמניה קלופים,"דין שיווק וקלייה בע""",US,חמניות קלופות 300 קופסא,גרמים,300.00,100 גרם,false,12,10.90,3.6333,true,1,251348
7290014094352,false,אגוזים קלופים 200 גר,"שקדיה גבע תעשיות בע""",,אגוזי מלך 200 גר בקופסא,גרמים,200.00,100 גרם,false,1,15.90,7.9500,true,1,251343
7290014094369,false,שקד טבעי 200 גר בקופ,"דין שיווק וקלייה בע""",IL,שקד טבעי 200 גר קופסא,גרמים,200.00,100 גרם,false,12,20.00,10.0000,true,1,251344
7290014094376,false,שזיף מגולען 250 גרם,"דין שיווק וקלייה בע""",,שזיף מגולען 250 גרם בקופסא,גרמים,250.00,100 גרם,false,1,19.90,7.9600,true,1,251338
7290014094383,false,משמש מיובש 250 גרם ב,"דין שיווק וקלייה בע""",,משמש מיובש 250 גרם בקופסא,גרמים,250.00,100 גרם,false,1,19.90,7.9600,true,1,251339
7290014094390,false,חמוציות 250 גרם בקופ,"דין שיווק וקלייה בע""",,חמוציות 250 גרם בקופסא,גרמים,250.00,100 גרם,false,1,15.90,6.3600,true,1,251333
7290014094406,false,צימוק לבן 330 גר בקו,"דין שיווק וקלייה בע""",US,צימוק לבן 330 גר - קופסא,גרמים,330.00,100 גרם,false,12,15.90,4.8182,true,1,251335
7290014094482,false,רוטב צילי חריף אהרונ,,TH,רוטב צילי חריף אהרוני 700 מל,מיליליטרים,700.00,"100 מ""ל",false,1,10.90,1.5571,true,1,251351
7290014094512,false,רוטב טריאקי אהרוני 3,ליאן יו,,רוטב טריאקי אהרוני 300 מל,מיליליטרים,300.00,"100 מ""ל",false,1,11.90,3.9667,true,1,245892
7290014094529,false,רוטב סויה אהרוני 300,,TH,רוטב סויה אהרוני 300 מל,מיליליטרים,300.00,"100 מ""ל",false,1,11.90,3.9667,true,1,245891
7290014094543,false,תרסיס שמן קנולה שקדי,גאטה,,תרסיס שמן קנולה שקדיה 170 מל,מיליליטרים,170.00,"100 מ""ל",false,12,13.90,8.1765,true,1,250856
7290014094567,false,שמן זית אהרוני/שקדיה,"דין שיווק וקלייה בע""",,שמן זית אהרוני כתית מעולה 750 מל,מיליליטרים,750.00,"100 מ""ל",false,1,29.90,3.9867,true,1,251350
7290014094628,false,אגוז פקאן טבעי 200 ג,"דין שיווק וקלייה בע""",IL,פקאן טבעי 200 קופסא,גרמים,200.00,100 גרם,false,12,25.90,12.9500,true,1,251342
7290014094635,false,אגוז ברזיל 250 גר בק,"דין שיווק וקלייה בע""",,אגוז ברזיל 250 גר בקופסא,גרמים,250.00,100 גרם,false,1,26.90,10.7600,true,1,251345
7290014094642,false,אגוז קשיו טבעי 250 ג,"דין שיווק וקלייה בע""",IL,קשיו טבעי 250 בקופסא,גרמים,250.00,100 גרם,false,12,26.90,10.7600,true,1,251346
7290014094659,false,בונדוק טבעי 250 גר ב,"ליגו, ואני",GE,בונדוק טבעי 250 קופסא(חסר),גרמים,250.00,100 גרם,false,12,26.00,10.4000,true,1,251347
7290014094796,false,משמש מיובש שקית 300,"דין שיווק וקלייה בע""",,משמש מיובש 300 גר,גרמים,300.00,100 גרם,false,1,15.90,5.3000,true,1,244682
7290014094826,false,שזיף מיובש מגולען שק,"דין שיווק וקלייה בע""",,שזיפים מיובשים ללא גלעין 300 גר,גרמים,300.00,100 גרם,false,1,15.90,5.3000,true,1,244910
7290014094833,false,צימוק בהיר 300 גר,"דין שיווק וקלייה בע""",US,צימוק לבן 300 גרם,גרמים,300.00,100 גרם,false,25,12.90,4.3000,true,1,244909
7290014094857,false,פקאן סיני מסוכר 150,"דין שיווק וקלייה בע""",IL,פקאן סיני מסוכר 150 גר,גרמים,150.00,100 גרם,false,25,21.90,14.6000,true,1,244679
7290014094864,false,פיסטוק קלוי 170 ג,"דין שיווק וקלייה בע""",IL,פיסטוק קלוי 170 גר,גרמים,170.00,100 גרם,false,25,16.90,9.9412,true,1,244678
7290014094895,false,אגוזים קלופים ששון ה,"שקדיה גבע תעשיות בע""",IL,אגוזים קלופים ששון הקולה 150 ג,גרמים,150.00,100 גרם,false,1,10.90,7.2667,true,1,244684
7290014094901,false,אגוז פקאן טבעי 150 ג,"דין שיווק וקלייה בע""",IL,פקאן טבעי 150 גר,גרמים,150.00,100 גרם,false,25,20.00,13.3333,true,1,244685
7290014095861,false,שיבולת שועל דקה שקדי,"דין שיווק וקלייה בע""",,קווקר שיבול שועל דקה 500 גר,גרמים,500.00,100 גרם,false,1,5.90,1.1800,true,1,245881
7290014095946,false,פקאן מצופה שוקולד מר,"דין שיווק וקלייה בע""",,פקאן מצופה שוקולד מריר 160 גר קופסא,גרמים,160.00,100 גרם,false,1,11.90,7.4375,true,1,255594
7290014095953,false,פקאן מצופה שוקולד חל,"דין שיווק וקלייה בע""",,פקאן מצופה שוקולד חלב160 גר קופסא,גרמים,160.00,100 גרם,false,1,11.90,7.4375,true,1,255595
7290014095960,false,שיבולת שועל עבה שקדי,"דין שיווק וקלייה בע""",,קווקר שיבול שועל עבה 500 גר,גרמים,500.00,100 גרם,false,1,5.90,1.1800,true,1,245882
7290014126343,false,בישקוטים בונמי וניל,Bonomi,IT,בישקוטים בונמי בטעם וניל - קקאו 200גרם,גרמים,200.00,100 גרם,false,15,7.00,3.5000,true,1,249266
7290014126428,false,ממתיק סוכרלוז סטיביה,Surel,,ממתיק סוכרלוז סטיביה 150 טבליות,יחידה,150.00,יחידה,false,1,22.90,0.1527,true,1,253258
7290014138971,false,לפידונים עם שמן מוצק,,,לפידונים עם שמן מוצק 44יח,יחידה,44.00,יחידה,false,12,59.90,1.3614,true,1,342443
7290014138988,false,לפידוני שמן זית נוזל,,,לפידוני שמן זית נוזלי 44יח,יחידה,44.00,יחידה,false,10,59.90,1.3614,true,1,342444
7290014151093,false,יין מריוס 2016 750מל,,,יין מריוס 2016 750מל תיתורה פקדון,מיליליטרים,750.00,"100 מ""ל",false,1,65.00,8.6667,true,1,346452
7290014151222,false,יין גטרו 2016 750מל,,,יין גטרו 2016 750מל תיתורה פקדון,מיליליטרים,750.00,"100 מ""ל",false,1,65.00,8.6667,true,1,346453
7290014151680,false,יין רוזה מדמוזל 2021,,,יין רוזה מדמוזל 2021 תיתורה 750מל,מיליליטרים,750.00,"100 מ""ל",false,1,80.00,10.6667,true,1,346448
7290014151697,false,יין לבן מדמוזל 2021,,,יין לבן מדמוזל 2021 תיתורה 750מל,מיליליטרים,750.00,"100 מ""ל",false,1,80.00,10.6667,true,1,346449
7290014151796,false,יין קברנה סוביניון 7,,,יין קברנה סוביניון 750מל תיתורה 2019 פקד,מיליליטרים,750.00,"100 מ""ל",false,1,110.00,14.6667,true,1,346450
7290014151802,false,יין מרלו 750מל גבעת,,,יין מרלו 750מל גבעת תיתורה 2019 פקדון,מיליליטרים,750.00,"100 מ""ל",false,1,110.00,14.6667,true,1,346451
7290014217010,false,תיבול לדגים במיכל 90,,,תיבול לדגים במיכל 90 גר,Unknown,0.00,Unknown,false,1,11.90,0.0000,true,1,243737
7290014217027,false,תיבול לעוף במיכל 120,,,תיבול לעוף במיכל 120 גר,גרמים,120.00,100 גרם,false,1,11.90,9.9167,true,1,243736
7290014217065,false,אורגנו עלים 30 ג מיכ,,,אורגנו עלים 30 ג מיכל גדול,Unknown,0.00,Unknown,false,1,9.90,0.0000,true,1,242887
7290014217119,false,תיבול לציפס מיכל גדו,,,תיבול לציפס מיכל גדול 100 גר,גרמים,100.00,100 גרם,false,1,9.90,9.9000,true,1,253021
7290014217157,false,תיבול טוסקנה מיכל גד,,,תיבול טוסקנה מיכל גדול 100 גר,גרמים,100.00,100 גרם,false,1,9.90,9.9000,true,1,253019
7290014217164,false,פטרוזיליה במיכל 20 ג,,,פטרוזיליה במיכל 20 גר,Unknown,0.00,Unknown,false,1,9.90,0.0000,true,1,253024
7290014217171,false,תיבול לגריל דג מיכל,,,תיבול לגריל דג מיכל גדול 100 גר,גרמים,100.00,100 גרם,false,1,9.90,9.9000,true,1,253020
7290014217201,false,תערובת תיבול סומק 40,,IL,תערובת תיבול סומק 40 גר מיכל קטן,Unknown,0.00,Unknown,false,6,6.90,0.0000,true,1,306908
7290014217263,false,תיבול לפרגיות מיכל 1,,,תיבול לפרגיות מיכל 100 גרם,גרמים,100.00,100 גרם,false,1,9.90,9.9000,true,1,308859
7290014217348,false,צילי כתוש 70 גר מיכל,,,צילי כתוש 70 גר מיכל גדול,גרמים,150.00,100 גרם,false,1,9.90,6.6000,true,1,249613
7290014217355,false,אבקת קרי 100גר מיכל,,,אבקת קרי 100גר מיכל גדול,גרמים,150.00,100 גרם,false,1,9.90,6.6000,true,1,249614
7290014217362,false,תיבול לקציצות 100 ג,,,תיבול לקציצות 100 ג מיכל גדול,גרמים,100.00,100 גרם,false,1,9.90,9.9000,true,1,249615
7290014217379,false,זוג מרינדה קלאסית לע,,,זוג מרינדה קלאסית לעוף 80 גרם,Unknown,0.00,Unknown,false,1,10.00,0.0000,true,1,336642
7290014217386,false,זוג מרינדה צילי חריף,,,זוג מרינדה צילי חריף לעוף 80 גרם,Unknown,0.00,Unknown,false,1,10.00,0.0000,true,1,336643
7290014217393,false,צילי טחון חריף 30 גר,,,צילי טחון חריף 30 גר מיכל קטן,Unknown,0.00,Unknown,false,1,6.90,0.0000,true,1,339059
7290014217409,false,עשבי תיבול הרבס דה פ,,,עשבי תיבול הרבס דה פרובנס,Unknown,0.00,Unknown,false,1,9.90,0.0000,true,1,339439
7290014217478,false,עשבי תיבול איטלקי30ג,,,עשבי תיבול איטלקי30ג מיכל גדול,Unknown,0.00,Unknown,false,1,9.90,0.0000,true,1,309317
7290014217492,false,תיבול פילדלפיה 100 ג,,,תיבול פילדלפיה 100 ג מיכל גדול,גרמים,100.00,100 גרם,false,1,9.90,9.9000,true,1,310794
7290014217515,false,תערובת ציפוי מאפה מל,,,תערובת ציפוי מאפה מלוח מיכל 90 גרם,Unknown,0.00,Unknown,false,1,9.90,0.0000,true,1,323676
7290014217522,false,תערובת לחם שום מיכל,,,תערובת לחם שום מיכל 100 גרם,גרמים,100.00,100 גרם,false,1,9.90,9.9000,true,1,323674
7290014217539,false,תערובת סוכר וקינמון,,,תערובת סוכר וקינמון ווניל מיכל 150 גרם,גרמים,150.00,100 גרם,false,1,9.90,6.6000,true,1,323675
7290014217911,false,פלפל אדום מתוק שלם 1,שטראוס,,פלפל אדום מתוק שלם 150 גרם,גרמים,150.00,100 גרם,false,1,13.90,9.2667,true,1,326503
7290014217973,false,פלפל צילי חריף 150 ג,שטראוס,,פלפל צילי חריף 150 גרם,גרמים,150.00,100 גרם,false,1,13.90,9.2667,true,1,326502
7290014218321,false,בורקס יפו מעדנות גבי,תנובה מעדנות,,בורקס גבינה אישי 4יח 150 גרם,גרמים,600.00,100 גרם,false,1,18.90,3.1500,true,1,307159
7290014218338,false,בורקס יפו מעדנות תפו,תנובה מעדנות,,בורקס תפוא אישי 4יח 150 גרם,גרמים,600.00,100 גרם,false,1,17.90,2.9833,true,1,307156
7290014218932,false,חטיפי פיצה גבינה זית,תנובה מעדנות,IL,חטיפי פיצה גבינה זיתים 710 גר,גרמים,710.00,100 גרם,false,8,31.90,4.4930,true,1,327362
7290014256231,false,יין 4 חביות אדום יבש,,,יין 4 חביות אדום יבש 2014 750 מל,מיליליטרים,750.00,"100 מ""ל",false,1,60.00,8.0000,true,1,305731
7290014256477,false,יין שרדונה לבן יבש,כרמל מזרחי,,יין שרדונה לבן יבש ויניארדס 750 מל,גרמים,750.00,100 גרם,false,1,60.00,8.0000,true,1,250489
7290014256491,false,יין גוורצטרמינר ויני,כרמל מזרחי,,יין גוורצטרמינר ויניארדס 750 מל פקדון,מיליליטרים,750.00,"100 מ""ל",false,1,60.00,8.0000,true,1,248911
7290014256620,false,יין קריניאן באז אדום,כרמל מזרחי,,""" יין קריניאן באז אדום 750 מל",מיליליטרים,750.00,"100 מ""ל",false,1,35.00,4.6667,true,1,253680
7290014265066,false,יין הר עמשא לבן 2020,,,יין הר עמשא לבן 2020 750 מל,מיליליטרים,750.00,"100 מ""ל",false,1,100.00,13.3333,true,1,342381
7290014265714,false,יין יער יתיר 750 מל,,,יין יער יתיר 750 מל,מיליליטרים,750.00,"100 מ""ל",false,1,250.00,33.3333,true,1,336031
7290014265806,false,יין נחל יתיר אדום 2,כרמל מזרחי,IL,יין נחל יתיר אדום 2018 750 מל,מיליליטרים,750.00,"100 מ""ל",false,6,150.00,20.0000,true,1,340724
7290014265813,false,יין יער יתיר 2018 75,,,יין יער יתיר 2018 750 מל,מיליליטרים,750.00,"100 מ""ל",false,1,250.00,33.3333,true,1,339256
7290014265837,false,יין נחל יתיר אדום 7,כרמל מזרחי,IL,יין נחל יתיר אדום 750 מל,מיליליטרים,750.00,"100 מ""ל",false,6,150.00,20.0000,true,1,334432
7290014266032,false,בירה עמק האלה בלונד,,IL,בירה עמק האלה בלונד אנגלית 330מל בק.פקד,מיליליטרים,330.00,"100 מ""ל",false,24,14.90,4.5152,true,1,338607
7290014266063,false,בירה עמק האלה טריפל,,IL,בירה עמק האלה טריפל בלגית 330מל בק.פקד,מיליליטרים,330.00,"100 מ""ל",false,24,14.90,4.5152,true,1,338609
7290014298491,false,אריזת מתנה שבבי סבון,מוסקו,IL,אריזת מתנה שבבי סבון ריחניים,יחידה,1.00,יחידה,false,1,25.00,25.0000,true,1,307548
7290014298705,false,כוס במבוק אביב/נוריו,,,כוס במבוק אביב/נוריות,יחידה,1.00,יחידה,false,1,12.00,12.0000,true,1,252819
7290014298996,false,בקבוק שתיה טרמי,,,בקבוק שתיה טרמי,יחידה,1.00,יחידה,false,1,49.90,49.9000,true,1,255717
7290014305236,false,בירה הדובים טייפון 3,,,בירה הדובים טייפון 330 מל פקדון,מיליליטרים,330.00,"100 מ""ל",false,1,14.90,4.5152,true,1,323003
7290014305571,false,בירה הדובים עשן לבן,,,בירה הדובים עשן לבן 330 מל פקדון,מיליליטרים,330.00,"100 מ""ל",false,1,14.90,4.5152,true,1,339330
7290014318090,false,ניוקי מיני ללא גלוטן,,,ניוקי מיני ללא גלוטן וינצי 500 גר,גרמים,500.00,100 גרם,false,1,15.90,3.1800,true,1,253840
7290014318113,false,ניוקי תפא ללא גלוטן,,,ניוקי תפא ללא גלוטן וינצי 500 גר,גרמים,500.00,100 גרם,false,1,15.90,3.1800,true,1,253839
7290014318243,false,קמח פולנטה איטלקי עד,,,קמח פולנטה איטלקי עדין 1 קג,קילוגרמים,1.00,"ק""ג",false,1,12.90,12.9000,true,1,316643
7290014318281,false,ממרח פטריות כמהין 5%,טרטופי,IT,ממרח פטריות כמהין 5% 90 גר,Unknown,0.00,Unknown,false,1,46.90,0.0000,true,1,308971
7290014318854,false,דפי אורז מלא 250גר,,VN,דפי אורז מלא 250גר,גרמים,250.00,100 גרם,false,24,10.90,4.3600,true,1,331006
7290014318861,false,קרם קוקוס אורגני 18%,,LK,קרם קוקוס אורגני 18% שומן 250מל,גרמים,250.00,100 גרם,false,12,10.90,4.3600,true,1,331007
7290014318939,false,רוטב וינגרט קובינור,קובינור,,רוטב וינגרט קובינור עם חרדל 500 מל,מיליליטרים,500.00,"100 מ""ל",false,1,11.90,2.3800,true,1,331871
7290014338951,false,מארז וופל בלגי 10יח,,,מארז וופל בלגי 10יח 55 גרם,יחידה,10.00,יחידה,false,8,31.90,3.1900,true,1,341127
7290014338968,false,מיני פנקייק הולנדי ט,טימפוד,,מיני פנקייק הולנדי טימפוד 500 גרם,גרמים,500.00,100 גרם,false,1,34.90,6.9800,true,1,338105
7290014338975,false,קרפ הולנדי 600 גרם,טימפוד,,קרפ הולנדי 600 גרם 10יח,גרמים,600.00,100 גרם,false,1,26.90,4.4833,true,1,338104
7290014397163,false,מ.אויר סנו פרש מילוי,,,מ.אויר סנו פרש מילוי הרמוניה פרחונית 250,מיליליטרים,250.00,"100 מ""ל",false,1,14.90,5.9600,true,1,319685
7290014397170,false,מ.אויר סנו פרש מילוי,,,מ.אויר סנו פרש מילוי סופט בלאנק 250מל,מיליליטרים,250.00,"100 מ""ל",false,1,14.90,5.9600,true,1,319684
7290014397279,false,שקיות מזון סנו סושי,,,שקיות מזון סנו סושי 300 יח 27/21סמ,יחידה,300.00,יחידה,false,1,12.90,0.0430,true,1,244643
7290014397286,false,מרכך כביסה מקסימה קא,,,מרכך כביסה מקסימה קאר חלב ודבש 1ליטר,ליטרים,1.00,ליטר,false,1,16.90,16.9000,true,1,245705
7290014397453,false,גל מסיר כתמים סנו או,,,גל מסיר כתמים סנו אוקסיגן כביסה לבנה 3ל,ליטרים,3.00,ליטר,false,1,30.90,10.3000,true,1,245719
7290014397507,false,מ. אויר סנופרש הום ב,,,מ. אויר סנופרש הום בריח היסמין 350מל,מיליליטרים,350.00,"100 מ""ל",false,1,13.90,3.9714,true,1,244638
7290014397675,false,מרכך כביסה סנומקסימה,,,מרכך כביסה סנומקסימה 4 ל חלב ודבש,ליטרים,4.00,ליטר,false,1,22.90,5.7250,true,1,313088
7290014397705,false,נוזל רצפה פוליויקס פ,,,נוזל רצפה פוליויקס פרקט רענן 2 ליטר,ליטרים,2.00,ליטר,false,1,19.90,9.9500,true,1,246556
7290014397774,false,נוזל ריצפז פרש הום 2,,,נוזל ריצפז פרש הום 2 ליטר טבע רענן סנו,ליטרים,2.00,ליטר,false,1,21.90,10.9500,true,1,247037
7290014397781,false,נוזל ריצפז פרש הום ס,,,נוזל ריצפז פרש הום סבון מפנק סנו 2 לי,ליטרים,2.00,ליטר,false,1,21.90,10.9500,true,1,247038
7290014397835,false,סנומט דוחה יתושים מכ,,,סנומט דוחה יתושים מכשיר+נוזל 45לילות,Unknown,0.00,Unknown,false,1,44.90,0.0000,true,1,249470
7290014397873,false,מרכך כביסה סנומקסימה,,,מרכך כביסה סנומקסימה 4 ל בריזה,ליטרים,4.00,ליטר,false,1,22.90,5.7250,true,1,329798
7290014397897,false,מבשם בגדים ואריגים כ,,,מבשם בגדים ואריגים כותנה 350מל סנו מקסימ,מיליליטרים,350.00,"100 מ""ל",false,1,14.90,4.2571,true,1,247600
7290014397903,false,מבשם בגדים ואריגים ס,,,מבשם בגדים ואריגים סופט 350מל סנו מקסימ,מיליליטרים,350.00,"100 מ""ל",false,1,14.90,4.2571,true,1,247601
7290014426061,false,מש.שיניים הלו קיטי ל,,,מש.שיניים הלו קיטי לילדים,Unknown,0.00,Unknown,false,1,12.90,0.0000,true,1,246149
7290014435360,false,חומוס עם רוטב חריף,,,חומוס עם רוטב חריף 400גר,גרמים,400.00,100 גרם,false,1,11.90,2.9750,true,1,248236
7290014435377,false,חומוס עם רוטב מסבחה,,,חומוס עם רוטב מסבחה 400גר,גרמים,400.00,100 גרם,false,1,11.90,2.9750,true,1,248237
7290014435384,false,חומוס עם טחינה מיוחד,,,חומוס עם טחינה מיוחדת 400גר,גרמים,400.00,100 גרם,false,1,11.90,2.9750,true,1,248238
7290014435391,false,חומוס עם גרגרים 400ג,,,חומוס עם גרגרים 400גר,גרמים,400.00,100 גרם,false,1,11.90,2.9750,true,1,248239
7290014435803,false,דג מטיאס הולנדי פרוב,,,דג מטיאס הולנדי פרובנציאל עם בצל 180גרם,גרמים,180.00,100 גרם,false,1,17.90,9.9444,true,1,252179
7290014435810,false,דג הרינג כבוש עם בצל,,,דג הרינג כבוש עם בצל חמוץ מתוק 180גרם,גרמים,180.00,100 גרם,false,1,17.90,9.9444,true,1,252181
7290014435827,false,דג פילה מקרל מעושן ב,,,דג פילה מקרל מעושן בשמן ויטהול 180גרם,גרמים,180.00,100 גרם,false,1,24.90,13.8333,true,1,252177
7290014435834,false,דג מקרל מעושן פרוס ב,,,דג מקרל מעושן פרוס בשמן 180 גרם,גרמים,180.00,100 גרם,false,1,24.90,13.8333,true,1,252178
7290014435841,false,דג פילה מטיאס הולנדי,,,דג פילה מטיאס הולנדי בשמן 180 גרם,גרמים,180.00,100 גרם,false,1,17.90,9.9444,true,1,252180
7290014435872,false,סלט הרינג עם מיונז 1,,,סלט הרינג עם מיונז 180 גרם,גרמים,180.00,100 גרם,false,1,17.90,9.9444,true,1,252185
7290014435889,false,סלט מטיאס עם מיונז 1,,,סלט מטיאס עם מיונז 180 גרם,גרמים,180.00,100 גרם,false,1,17.90,9.9444,true,1,252186
7290014435896,false,סלט סלמון עם מיונז 1,,,סלט סלמון עם מיונז 180 גרם,גרמים,180.00,100 גרם,false,1,21.90,12.1667,true,1,252184
7290014451018,false,ספוג לשטיפת כלים ממו,,,ספוג לשטיפת כלים ממוחזר 4 יח,יחידה,4.00,יחידה,false,1,13.90,3.4750,true,1,248862
7290014455245,false,גבינה גרנה פדנו משול,מחלבות גד,,גבינה גרנה פדנו משולש 200 גרם,גרמים,20000.00,100 גרם,false,13,25.90,0.1295,true,1,306786
7290014455252,false,גבינה גרנה פדנו מגור,מחלבות גד,,גבינה גרנה פדנו מגורד 100 גרם,גרמים,10000.00,100 גרם,false,1,12.50,0.1250,true,1,306787
7290014455320,false,גבינת מוצרלה פרסקה,מחלבות גד,,גבינת מוצרלה פרסקה 100 גר כדור,גרמים,100.00,100 גרם,false,1,10.00,10.0000,true,1,254746
7290014455467,false,מעדן שיבולת שועל וחל,מחלבות גד,,מעדן שיבולת שועל וחלב 2% שומן 150 גרם,גרמים,150.00,100 גרם,false,1,5.90,3.9333,true,1,307067
7290014455610,false,יוגורט עיזים תות 125,מחלבות גד,IL,יוגורט עיזים תות 125 גרם 2.8% שומן,גרמים,125.00,100 גרם,false,20,6.00,4.8000,true,1,310505
7290014455627,false,יוגורט עיזים דובדבן,מחלבות גד,IL,יוגורט עיזים דובדבן 125 גרם 2.8% שומן,גרמים,125.00,100 גרם,false,20,6.00,4.8000,true,1,310507
7290014459137,false,סטייק ציפס תפוגן 1.,תפוגן,,סטייק ציפס תפוגן 1.5 קג,גרמים,1500.00,100 גרם,false,1,24.90,1.6600,true,1,248274
7290014459267,false,ציפס פרוסות תפוגן1.5,תפוגן,IL,ציפס פרוסות תפוגן1.5 קג,גרמים,1500.00,100 גרם,false,8,24.90,1.6600,true,1,255227
7290014459373,false,תפוגן ציפס קראנצי לת,תפוגן,,תפוגן ציפס קראנצי לתנור 1.5קג,קילוגרמים,1.50,"ק""ג",false,1,24.90,16.6000,true,1,307521
7290014459472,false,ציפס קלאסי תפוגן 2קג,תפוגן,,ציפס קלאסי תפוגן 2קג,קילוגרמים,2.00,"ק""ג",false,1,26.90,13.4500,true,1,313465
7290014459953,false,ציפס זיג זג 1.7 קג,תפוגן,IL,ציפס זיג זג 1.7 קג תפוגן,גרמים,1700.00,100 גרם,false,6,18.90,1.1118,true,1,332892
7290014466128,false,יין ירדן הר חרמון אי,יקבי רמת הגולן,,יין ירדן הר חרמון אינדיגו 750 מל פקדון,מיליליטרים,750.00,"100 מ""ל",false,1,40.00,5.3333,true,1,244180
7290014466463,false,יין הר חרמון מוסקטו,יקבי רמת הגולן,,יין הר חרמון מוסקטו 2013 750מל פקדון,מיליליטרים,750.00,"100 מ""ל",false,1,40.00,5.3333,true,1,247434
7290014466609,false,יין גמלא מרלו 2012,יקבי רמת הגולן,,יין גמלא מרלו 2012 750 מל פיקדון,מיליליטרים,750.00,"100 מ""ל",false,1,60.00,8.0000,true,1,307318
7290014466807,false,יין ירדן 2 טי מתוק,יקבי רמת הגולן,,יין ירדן 2 טי מתוק עברית 2014 500 מל,מיליליטרים,500.00,"100 מ""ל",false,6,100.00,20.0000,true,1,332753
7290014466890,false,יין גמלא קברנה מרלו,יקבי רמת הגולן,,יין גמלא קברנה מרלו השמורה 750מל 2013,מיליליטרים,750.00,"100 מ""ל",false,1,60.00,8.0000,true,1,310564
7290014471412,false,מוזלי בוטנים אגוזים,"דין שיווק וקלייה בע""",,מוזלי בוטנים אגוזים ושקדים 1 קג שקדיה,קילוגרמים,1.00,"ק""ג",false,1,19.90,19.9000,true,1,247884
7290014471436,false,מוזלי צימוק תפוח עץ,"דין שיווק וקלייה בע""",,מוזלי צימוק תפוח עץ קינמון 1 קג שקדיה,קילוגרמים,1.00,"ק""ג",false,1,19.90,19.9000,true,1,247878
7290014471443,false,גרנולה אגוזים 1 קג ש,"דין שיווק וקלייה בע""",,גרנולה אגוזים 1 קג שקדיה,קילוגרמים,1.00,"ק""ג",false,1,19.90,19.9000,true,1,247877
7290014471696,false,תירס מתובל 220 גר,"מנצ'יס בע""מ",,תירס מתובל 220 גר,גרמים,220.00,100 גרם,false,1,14.90,6.7727,true,1,327722
7290014471702,false,חטיף אורז טעם צילי 1,"דין שיווק וקלייה בע""",,חטיף אורז טעם צילי 150 גר,גרמים,150.00,100 גרם,false,1,14.90,9.9333,true,1,247889
7290014472136,false,גרעין שחור קלוי ששון,"דין שיווק וקלייה בע""",IL,גרעין שחור קלוי 150 גר ששון הקולה,גרמים,150.00,100 גרם,false,25,4.50,3.0000,true,1,251358
7290014472228,false,תאנים מיובשות 330 גר,"דין שיווק וקלייה בע""",TR,תאנים 330 בקופסא,גרמים,330.00,100 גרם,false,12,22.00,6.6667,true,1,251340
7290014472235,false,אגוז פקאן מסוכר 200,"דין שיווק וקלייה בע""",IL,פקאן סיני 200 - קופסא,גרמים,200.00,100 גרם,false,12,27.90,13.9500,true,1,251349
7290014472471,false,גרעין שחור ענק פרימי,"דין שיווק וקלייה בע""",IL,גרעין שחור 200 פרימיום,גרמים,200.00,100 גרם,false,25,6.90,3.4500,true,1,248842
7290014472488,false,שקד קלוי ענק פרימיום,"שקדיה גבע תעשיות בע""",,שקד קלוי ענק פרימיום 250 ג,גרמים,250.00,100 גרם,false,1,26.90,10.7600,true,1,248731
7290014472495,false,קשיו קלוי ענק פרימיו,"דין שיווק וקלייה בע""",,קשיו קלוי ענק פרימיום 250 ג,גרמים,250.00,100 גרם,false,1,24.90,9.9600,true,1,248734
7290014472501,false,פיסטוק קלוי ענק פרימ,"דין שיווק וקלייה בע""",,פיסטוק קלוי ענק פרימיום 250 ג,גרמים,250.00,100 גרם,false,1,26.90,10.7600,true,1,248732
7290014472518,false,בוטן קלוי ענק פרימיו,"דין שיווק וקלייה בע""",CN,בוטנים קלויים 250 פרימיום,גרמים,250.00,100 גרם,false,25,10.90,4.3600,true,1,248735
7290014472525,false,תערובת פיצוחים פרימי,"דין שיווק וקלייה בע""",IL,תערובת פיצוחים 250 פרימיום,גרמים,250.00,100 גרם,false,25,23.90,9.5600,true,1,248733
7290014472990,false,ממרח 100% שקדים300 ג,שקרצי,,ממרח 100% שקדים300 גר,גרמים,300.00,100 גרם,false,1,34.90,11.6333,true,1,250753
7290014490093,false,יין שמבור 2011 750מל,יקב וורטמן,,יין שמבור 2011 750מל פקדון,מיליליטרים,750.00,"100 מ""ל",false,1,80.00,10.6667,true,1,245175
7290014501133,false,יין הרי גליל אביבים,יקבי רמת הגולן,,יין הרי גליל אביבים 2011 750 מל,מיליליטרים,750.00,"100 מ""ל",false,1,80.00,10.6667,true,1,305636
7290014501164,false,יין גליל בלאן דה נוא,יקבי רמת הגולן,,יין גליל בלאן דה נואר 2016 750 מל,מיליליטרים,750.00,"100 מ""ל",false,1,60.00,8.0000,true,1,323056
7290014501218,false,יין חברים 750 מל,יקבי רמת הגולן,,יין חברים 2015 750 מל,מיליליטרים,750.00,"100 מ""ל",false,1,65.00,8.6667,true,1,323057
7290014501232,false,יין בר הרי גליל לבן,יקבי רמת הגולן,,יין הרי גליל לבן 2015 750 מל פקדון,מיליליטרים,750.00,"100 מ""ל",false,1,40.00,5.3333,true,1,310071
7290014501409,false,יין כרם המעיין עברית,רמת הגולן,IL,יין כרם המעיין עברית 750 מל,מיליליטרים,750.00,"100 מ""ל",false,1,169.00,22.5333,true,1,326480
7290014501522,false,יין מירון הרי גליל 2,יקבי רמת הגולן,,יין מירון הרי גליל 2017 750מל,מיליליטרים,750.00,"100 מ""ל",false,1,100.00,13.3333,true,1,332777
7290014501843,false,יין מירון הרי גליל 7,יקבי רמת הגולן,,יין מירון הרי גליל 2018 750מל,מיליליטרים,750.00,"100 מ""ל",false,1,100.00,13.3333,true,1,343971
7290014503137,false,יין כנען אדום דלתון,"יקב דלתון בע""מ",,יין כנען אדום דלתון 2015 750מל פקדון,מיליליטרים,750.00,"100 מ""ל",false,1,45.00,6.0000,true,1,310102
7290014503144,false,יין כנען לבן דלתון,"יקב דלתון בע""מ",,יין כנען לבן דלתון 2015 750מל פקדון,מיליליטרים,750.00,"100 מ""ל",false,1,45.00,6.0000,true,1,310101
7290014503151,false,יין אסטייט פינו גרי,"יקב דלתון בע""מ",,יין פינו גרי דלתון 750 מל,מיליליטרים,750.00,"100 מ""ל",false,1,60.00,8.0000,true,1,250178
7290014503328,false,יין עלמה סקארלט דלתו,"יקב דלתון בע""מ",,יין עלמה סקארלט דלתון 750 מל,מיליליטרים,75000.00,"100 מ""ל",false,1,80.00,0.1067,true,1,251273
7290014503625,false,יין אסטייט קברנה סוב,"יקב דלתון בע""מ",,יין קברנה סובניון 750 מל,מיליליטרים,750.00,"100 מ""ל",false,1,60.00,8.0000,true,1,312832
7290014503632,false,יין אסטייט מרלו דלתו,"יקב דלתון בע""מ",,יין מרלו 750 מל,מיליליטרים,750.00,"100 מ""ל",false,1,60.00,8.0000,true,1,312833
7290014503649,false,יין אסטייט שיראז דלת,"יקב דלתון בע""מ",,יין שיראז 750 מל,מיליליטרים,750.00,"100 מ""ל",false,1,60.00,8.0000,true,1,312834
7290014503656,false,יין אסטייט פטיט סירה,"יקב דלתון בע""מ",,יין פטיט סירה 750 מל פקדון,מיליליטרים,750.00,"100 מ""ל",false,1,60.00,8.0000,true,1,312836
7290014503830,false,יין אסטייט שרדונה דל,"יקב דלתון בע""מ",,יין שרדונה 750 מל,מיליליטרים,750.00,"100 מ""ל",false,1,60.00,8.0000,true,1,312829
7290014511002,false,בייגל אמריקאי 4 יחיד,,,בייגל אמריקאי 4 יחידות חיטה מלאה כ300גר,יחידה,4.00,יחידה,false,1,15.90,3.9750,true,1,334301
7290014511019,false,בייגל אמריקאי קל 4יח,,,בייגל אמריקאי קל 4יחידות כ300גר,יחידה,4.00,יחידה,false,1,15.90,3.9750,true,1,334302
7290014511026,false,בייגל אמריקאי 4 יחיד,,,בייגל אמריקאי 4 יחידות כ300גר,יחידה,4.00,יחידה,false,1,15.90,3.9750,true,1,334300
7290014525023,false,ח.דגנים סלימדליס יוג,Vndmer,ES,ח.דגנים סלימדליס יוגורט פירות יער6יח,גרמים,182.00,100 גרם,false,16,11.90,6.5385,true,1,243519
7290014525177,false,ח.דגנים סלימדליס יוג,Vndmer,ES,ח.דגנים סלימדליס יוגורט פירות יער6יח,גרמים,182.00,100 גרם,false,16,11.90,6.5385,true,1,248114
7290014525290,false,ח.דגנים סלימדליס קרי,Biocentury,,ח.דגנים סלימדליס קריספי תות 6יח,גרמים,125.00,100 גרם,false,20,11.90,9.5200,true,1,308585
7290014525306,false,ח.דגנים סלימדליס קרי,Biocentury,,ח.דגנים סלימדליס קריספי אוכמניות 6יח,גרמים,125.00,100 גרם,false,20,11.90,9.5200,true,1,308586
7290014525313,false,ח.דגנים סלימדליס קרי,Biocentury,,ח.דגנים סלימדליס קריספי שוקולד 6יח,גרמים,125.00,100 גרם,false,20,11.90,9.5200,true,1,308587
7290014525573,false,ביסקויט שוקודליס מצו,הלמה הלום בי.וי,NL,ביסקויט שוקודליס מצופה חלב 145 גר,גרמים,145.00,100 גרם,false,13,10.90,7.5172,true,1,324582
7290014525665,false,עוגיות מרבה על חלל ק,Merba BV,NL,עוגיות מרבה על חלל קקאו שוקולד חלב140 גר,גרמים,140.00,100 גרם,false,16,10.90,7.7857,true,1,337853
7290014525672,false,עוגיות מרבה על חלל ס,Merba BV,NL,עוגיות מרבה על חלל סוכריות ש.חלב140 גר,גרמים,140.00,100 גרם,false,16,10.90,7.7857,true,1,337854
7290014547322,false,מארז 2יח מברשת שינים,,GB,מארז 2יח מברשת שינים סנסודיין שיקום הגנה,יחידה,2.00,יחידה,false,12,32.90,16.4500,true,1,325104
7290014548459,false,גבינה צפתית 5% 200 ג,חוות רום,IL,גבינה צפתית 5% 200 גרם עיזים,גרמים,200.00,100 גרם,false,1,24.90,12.4500,true,1,313353
7290014548565,false,גבינת צרקסית 12% 200,חוות רום,IL,גבינת צרקסית 12% 200 גרם,גרמים,200.00,100 גרם,false,1,24.90,12.4500,true,1,313356
7290014548572,false,גבינת צרקסית עשבי תי,חוות רום,IL,גבינת צרקסית עשבי תיבול 12% 200 גרם,גרמים,200.00,100 גרם,false,1,24.90,12.4500,true,1,313357
7290014673007,false,תערובת עשבי תיבול ים,א.ל ייצור ושיווק תבל,,תערובת עשבי תיבול ים תיכוני 40 גרם,Unknown,0.00,Unknown,false,1,10.90,0.0000,true,1,339301
7290014673014,false,פלפל אנגלי שלם מיכל,א.ל ייצור ושיווק תבל,IL,פלפל אנגלי שלם 90 גרם,Unknown,0.00,Unknown,false,6,14.50,0.0000,true,1,254305
7290014673021,false,פלפל שחור שלם מיכל 1,א.ל ייצור ושיווק תבל,IL,פלפל שחור שלם 100 גרם,גרמים,10000.00,100 גרם,false,6,14.50,0.1450,true,1,254304
7290014673038,false,תערובת תיבול טוסקנה,א.ל ייצור ושיווק תבל,,תערובת תיבול טוסקנה 120 גרם,גרמים,120.00,100 גרם,false,1,10.90,9.0833,true,1,339302
7290014673045,false,תערובת תיבול לציפס 1,א.ל ייצור ושיווק תבל,,תערובת תיבול לציפס 100 גרם,גרמים,100.00,100 גרם,false,1,10.90,10.9000,true,1,339304
7290014673052,false,תערובת תיבול לתפוח א,א.ל ייצור ושיווק תבל,,תערובת תיבול לתפוח אדמה120 גרם,גרמים,100.00,100 גרם,false,1,10.90,10.9000,true,1,339305
7290014673106,false,פפריקה אדומה גרוסה ב,א.ל ייצור ושיווק תבל,,פפריקה אדומה גרוסה בשמן400 גר צנצנת,גרמים,400.00,100 גרם,false,1,24.90,6.2250,true,1,339306
7290014673137,false,תערובת תיבול לפיצה 1,א.ל ייצור ושיווק תבל,,תערובת תיבול לפיצה 100 גרם,גרמים,100.00,100 גרם,false,1,10.90,10.9000,true,1,339303
7290014673359,false,מלח לימון 400 גר בשק,א.ל ייצור ושיווק תבל,,מלח לימון 400 גר בשקית,גרמים,400.00,100 גרם,false,1,22.90,5.7250,true,1,248457
7290014673366,false,כורכום טחון 250 גר ש,א.ל ייצור ושיווק תבל,IL,כורכום טחון 250 גרם,גרמים,250.00,100 גרם,false,6,22.90,9.1600,true,1,248460
7290014673373,false,פפריקה הונגרית חריפה,א.ל ייצור ושיווק תבל,IL,פפריקה הונגרית חריפה 250 גרם,גרמים,250.00,100 גרם,false,6,22.90,9.1600,true,1,248458
7290014673380,false,כמון טחון 250 גר שקי,א.ל ייצור ושיווק תבל,IL,כמון טחון 250 גרם,גרמים,250.00,100 גרם,false,6,22.90,9.1600,true,1,248461
7290014673397,false,תיבול לגריל עוף 250ג,א.ל ייצור ושיווק תבל,IL,תיבול לגריל עוף 250 גרם,גרמים,250.00,100 גרם,false,6,22.90,9.1600,true,1,248459
7290014673403,false,פלפל שחור טחון 250 ג,א.ל ייצור ושיווק תבל,IL,פלפל שחור טחון 250 גרם,גרמים,250.00,100 גרם,false,6,29.90,11.9600,true,1,248462
7290014673410,false,פלפל שחור גרוס דק 25,א.ל ייצור ושיווק תבל,IL,פלפל שחור גרוס דק 250 גרם,גרמים,250.00,100 גרם,false,6,29.90,11.9600,true,1,248463
7290014673434,false,פלפל שחור גרוס שקית,א.ל ייצור ושיווק תבל,,פלפל שחור גרוס שקית 80 גר,Unknown,0.00,Unknown,false,1,9.90,0.0000,true,1,322716
7290014673557,false,זעפרן אמיתי 0.5 גרם,א.ל ייצור ושיווק תבל,,זעפרן אמיתי 5 גר יחידה,Unknown,0.00,Unknown,false,1,21.90,0.0000,true,1,245313
7290014673618,false,תבלין זנגביל מיכל 30,א.ל ייצור ושיווק תבל,,תבלין זנגביל מיכל 30 גר,Unknown,0.00,Unknown,false,1,11.90,0.0000,true,1,249966
7290014674004,false,פירורי לחם קריספ שומ,,,פירורי לחם קריספ שומשום מלח ים 300 גרם,גרמים,300.00,100 גרם,false,20,7.90,2.6333,true,1,345968
7290014692565,false,תירס גרעינים מתוק לל,מגסטיק פוד,TH,גרעיני תירס מתוק 320/285גרם,גרמים,320.00,100 גרם,false,24,5.90,1.8438,true,1,246115
7290014692817,false,גבינת מוצרלה מגורדת,איי בי,LT,גבינת מוצרלה מגורדת 200גרם E,גרמים,200.00,100 גרם,false,1,17.90,8.9500,true,1,248255
7290014712409,false,לאבנה כדורים 320 גרם,,,לאבנה כדורים 320 גרם כפיר,גרמים,320.00,100 גרם,false,1,29.90,9.3437,true,1,334820
7290014712539,false,יוגורט תות שדה 500מל,,IL,יוגורט תות שדה 500מל,מיליליטרים,500.00,"100 מ""ל",false,1,15.90,3.1800,true,1,335110
7290014712546,false,יוגורט פירות יער 500,,IL,יוגורט פירות יער 500מל,מיליליטרים,500.00,"100 מ""ל",false,1,15.90,3.1800,true,1,335111
7290014712577,false,פתיתי גבינה בסגנון מ,,IL,פתיתי גבינה בסגנון מוצרלה 300 גר,גרמים,300.00,100 גרם,false,1,12.90,4.3000,true,1,334652
7290014717770,false,יין קברנה סוביניון 2,יקב פלטר,,יין קברנה סוביניון 2014 750 מל,מיליליטרים,750.00,"100 מ""ל",false,1,150.00,20.0000,true,1,315809
7290014717886,false,יין קברנה פרנק 2014,יקב פלטר,,יין קברנה פרנק 2014 750 מל,מיליליטרים,750.00,"100 מ""ל",false,1,170.00,22.6667,true,1,312248
7290014747333,false,שניצל עוף דק ענק כשל,עוף טוב,,שניצל עוף דק ענק כשלפ 650גר עוף טוב,גרמים,650.00,100 גרם,false,1,39.90,6.1385,true,1,321400
7290014747753,false,פסטרמה כמו ברומניה ע,עוף טוב,,פסטרמה כמו ברומניה עוף טוב דלי 240גר,גרמים,240.00,100 גרם,false,1,19.90,8.2917,true,1,309508
7290014747791,false,פסטרמה אמריקה סטייל,עוף טוב,IL,פסטרמה אמריקה סטייל עוף טוב דלי 240גר,גרמים,240.00,100 גרם,false,1,19.90,8.2917,true,1,309509
7290014747814,false,נקניק סלמי פפרוני טו,עוף טוב,IL,נקניק סלמי פפרוני טוב דלי 240 גרם,גרמים,240.00,100 גרם,false,1,19.90,8.2917,true,1,309507
7290014748330,false,כתף בקר פרוסות דקות,עוף טוב,IL,כתף בקר פרוסות דקות עוף טוב 120 גר,גרמים,120.00,100 גרם,false,8,11.90,9.9167,true,1,322424
7290014748613,false,מקלוני דג בציפוי ציפ,,IL,מקלוני דג בציפוי ציפס 600גר דג טוב,גרמים,600.00,100 גרם,false,12,26.90,4.4833,true,1,328867
7290014748651,false,פילה אמנון מצופה 360,,IL,פילה אמנון מצופה 360גר דג טוב,גרמים,360.00,100 גרם,false,8,32.90,9.1389,true,1,328863
7290014748743,false,נקניקיות בראטוורסט,עוף טוב,IL,נקניקיות בראטוורסט עוף טוב 340 גר,גרמים,340.00,100 גרם,false,1,16.90,4.9706,true,1,324839
7290014748767,false,נקניקיות פרנקפורטר צ,עוף טוב,IL,נקניקיות פרנקפורטר צילי 320גר עוף טוב,גרמים,320.00,100 גרם,false,1,16.90,5.2812,true,1,324840
7290014749078,false,מקלוני קבנוס עוף טוב,עוף טוב,,מקלוני קבנוס עוף טוב 200 גרם,גרמים,200.00,100 גרם,false,1,14.90,7.4500,true,1,328880
7290014749245,false,רצועות שניצל שומשום,עוף טוב,IL,רצועות שניצל שומשום צונגו 600גר עוף טוב,גרמים,600.00,100 גרם,false,12,39.90,6.6500,true,1,330233
7290014749702,false,שניצל עוף ביתי שומשו,עוף טוב,,שניצל עוף ביתי שומשום 700גר עוף טוב,גרמים,700.00,100 גרם,false,1,46.90,6.7000,true,1,332582
7290014749764,false,שניצל עוף ביתי עדין,עוף טוב,,שניצל עוף ביתי עדין 700גר עוף טוב,גרמים,700.00,100 גרם,false,1,46.90,6.7000,true,1,332580
7290014749849,false,שניצל דק עק קריספי ש,עוף טוב,,שניצל דק עק קריספי שומשום 720גר עוף טוב,גרמים,720.00,100 גרם,false,1,33.90,4.7083,true,1,338103
7290014749863,false,שניצל דק עק קריספי צ,עוף טוב,,שניצל דק עק קריספי ציפס 720גר עוף טוב,גרמים,720.00,100 גרם,false,1,33.90,4.7083,true,1,338140
7290014749887,false,שניצל דק עק קריספי ק,עוף טוב,,שניצל דק עק קריספי קלאסי 720גר עוף טוב,גרמים,720.00,100 גרם,false,1,33.90,4.7083,true,1,338102
7290014758100,false,מאגדת יוגורט ביו 3%,,,מאגדת יוגורט ביו 3% 8יח 150גר,גרמים,1200.00,100 גרם,false,1,16.30,1.3583,true,1,245031
7290014758117,false,מאגדת יוגורט ביו 1.5,,,מאגדת יוגורט ביו 1.5% 8יח 150גר,גרמים,1200.00,100 גרם,false,1,16.30,1.3583,true,1,245030
7290014758544,false,חמאה רגילה 200 גרם,,,חמאה רגילה 200 גרם,גרמים,200.00,100 גרם,false,1,8.40,4.2000,true,1,325813
7290014759084,false,גב.שמנת נפוליאון סקי,,,גב.שמנת נפוליאון סקיני 225 גרם,גרמים,225.00,100 גרם,false,1,14.50,6.4444,true,1,248040
7290014759534,false,גבינה בולגרית למריחה,,,גבינה בולגרית למריחה טבעית 200גר,גרמים,200.00,100 גרם,false,1,15.50,7.7500,true,1,248288
7290014759978,false,גבינת קצקבל 200 גר פ,,,גבינת קצקבל 200 גר פלחים,גרמים,200.00,100 גרם,false,1,28.90,14.4500,true,1,248894
7290014759985,false,גבינת פרמזן 200 גר פ,,,גבינת פרמזן 200 גר פלחים,גרמים,200.00,100 גרם,false,1,26.90,13.4500,true,1,248893
7290014759992,false,גבינת רוקפור 140גר פ,,,גבינת רוקפור 140גר פלחים,גרמים,140.00,100 גרם,false,1,21.90,15.6429,true,1,248895
7290014760134,false,מעדן סויה בטעם וניל,,,מעדן סויה בטעם וניל 125 גרם,מיליליטרים,125.00,"100 מ""ל",false,1,4.90,3.9200,true,1,320949
7290014760141,false,משקה שקדים טרי 1ליטר,,,משקה שקדים טרי 1ליטר אלטרנטיב,ליטרים,1.00,ליטר,false,1,14.50,14.5000,true,1,255770
7290014760912,false,גוש חלב פרוס 400 גרם,,,גוש חלב פרוס 400 גרם,גרמים,400.00,100 גרם,false,1,26.90,6.7250,true,1,308825
7290014762756,false,גב.שמנת נפוליאון בצל,תנובה חלב,,גב.שמנת נפוליאון בצל 225 גרם,גרמים,225.00,100 גרם,false,1,14.50,6.4444,true,1,307155
7290014762770,false,מעדן סויה בטעם אפרסק,תנובה חלב,IL,מעדן סויה בטעם אפרסק 125גר,גרמים,125.00,100 גרם,false,16,4.90,3.9200,true,1,317575
7290014762787,false,מעדן סויה בטעם תות 1,תנובה חלב,IL,מעדן סויה בטעם תות 125גר,גרמים,125.00,100 גרם,false,16,4.90,3.9200,true,1,317574
7290014762800,false,מעדן סויה בטעם שוקול,תנובה חלב,IL,מעדן סויה בטעם שוקולד 125גר,גרמים,125.00,100 גרם,false,16,4.90,3.9200,true,1,317576
7290014762831,false,גבינת שמנת נפוליאון,תנובה חלב,IL,גבינת שמנת נפוליאון חלפינו 225 גרם,גרמים,225.00,100 גרם,false,24,14.50,6.4444,true,1,309146
7290014762909,false,פתיתי גבינת מוצרלה 2,תנובה חלב,IL,פתיתי גבינת מוצרלה 200 גרם,גרמים,200.00,100 גרם,false,20,17.90,8.9500,true,1,308731
7290014763098,false,גבינת שמנת 5% טוסקנה,,,גבינת שמנת 5% טוסקנה 200 גרם,גרמים,200.00,100 גרם,false,1,12.50,6.2500,true,1,308733
7290014763272,false,משקה סויה ביו תות בנ,תנובה חלב,,משקה סויה ביו תות בננה 250מל,מיליליטרים,250.00,"100 מ""ל",false,1,6.50,2.6000,true,1,309544
7290014791572,false,משקה שוופס מוגז ענבי,יפאורה,,משקה שוופס מוגז ענבים 330 מל,מיליליטרים,330.00,"100 מ""ל",false,1,6.90,2.0909,true,1,312071
7290014791626,false,שוופס סודה נענע ליים,יפאורה,IL,שוופס סודה נענע ליים 250 מל פיקדון,מיליליטרים,250.00,"100 מ""ל",false,24,3.90,1.5600,true,1,306695
7290014791770,false,מים פרוט וואטר ענבים,יפאורה,,מים פרוט וואטר ענבים 1.5 ליטר,ליטרים,1.50,ליטר,false,1,8.60,5.7333,true,1,304501
7290014791800,false,מים פרוט וואטר אפרסק,יפאורה,IL,מים פרוט וואטר אפרסק 1.5 ליטר,ליטרים,1.50,ליטר,false,1,8.60,5.7333,true,1,304504
7290014791831,false,מים פרוט ענבים 500 מ,יפאורה,IL,מים פרוט ענבים 500 מל פקדון,מיליליטרים,500.00,"100 מ""ל",false,24,7.90,1.5800,true,1,306690
7290014791848,false,מים פרוט אננס 500 מל,יפאורה,IL,מים פרוט אננס 500 מל פקדון,מיליליטרים,500.00,"100 מ""ל",false,24,7.90,1.5800,true,1,306691
7290014791862,false,מים פרוט אפרסק 500 מ,יפאורה,IL,מים פרוט אפרסק 500 מל פקדון,מיליליטרים,500.00,"100 מ""ל",false,24,7.90,1.5800,true,1,306693
7290014855434,false,רביעיית מגבוני בייבי,,,רביעיית מגבוני בייביסיטר פרפורמנס 72 מבו,יחידה,288.00,יחידה,false,1,19.90,0.0691,true,1,304507
7290014855458,false,רביעיית מגבוני בייבי,,,רביעיית מגבוני בייביסיטר פרפורמנס 72 ללא,יחידה,288.00,יחידה,false,1,19.90,0.0691,true,1,304506
7290014860063,false,מקלוני אורז 10ממ ללא,Oriental food co. lt,,מקלוני אורז 10ממ ללא גלוטן 454גר,גרמים,454.00,100 גרם,false,1,10.90,2.4009,true,1,248857
7290014860070,false,מקלוני אורז 5ממ ללא,Oriental food co. lt,TH,מקלוני אורז ללא גלוטן 5 ממ 454גר (אור),גרמים,454.00,100 גרם,false,30,10.90,2.4009,true,1,246632
7290014860087,false,מקלוני אורז 5ממ ללא,Oriental food co. lt,TH,מקלוני אורז ללא גלוטן 5ממ 250גר (אור),גרמים,250.00,100 גרם,false,25,7.90,3.1600,true,1,246629
7290014860094,false,מקלוני אורז 3ממ ללא,Oriental food co. lt,TH,מקלוני אורז ללא גלוטן 3ממ 454גר (אור),גרמים,454.00,100 גרם,false,15,10.90,2.4009,true,1,246631
7290014860155,false,מחצלת במבו שטוחה לסו,Guilin fengzhu tradi,,מחצלת במבו שטוחה לסושי 24/24 סמ,Unknown,0.00,Unknown,false,1,8.90,0.0000,true,1,246070
7290014860247,false,שבבי אורז עבים ללא ג,Oriental food co. lt,,שבבי אורז עבים ללא גלוטן 227 ג,גרמים,227.00,100 גרם,false,1,9.90,4.3612,true,1,248330
7290014860988,false,קרם קוקוס17% טי סי ס,Theppadungporn cocon,,קרם קוקוס17% טי סי סי 400 מל,מיליליטרים,400.00,"100 מ""ל",false,1,9.90,2.4750,true,1,249114
7290014890145,false,גבינת שמנת טבעית 225,משק יעקבס,,גבינת שמנת טבעית 225 גרם יעקובס,גרמים,225.00,100 גרם,false,1,10.90,4.8444,true,1,313350
7290014890152,false,גבינת שמנת זיתים 225,משק יעקבס,,גבינת שמנת זיתים 225 גרם יעקובס,גרמים,225.00,100 גרם,false,1,10.90,4.8444,true,1,313351
7290014890169,false,גבינת שמנת שום שמיר,משק יעקבס,,גבינת שמנת שום שמיר 225 גרם יעקובס,גרמים,225.00,100 גרם,false,1,10.90,4.8444,true,1,313352
7290014890176,false,גבינת ריקוטה 250גרם,,IL,גבינת ריקוטה 250גרם יעקובס,גרמים,250.00,100 גרם,false,1,10.90,4.3600,true,1,327428
7290014890190,false,גבינת מוצרלה כדור,,IL,גבינת מוצרלה כדור 100גרם יעקובס,גרמים,100.00,100 גרם,false,1,10.00,10.0000,true,1,327427
7290014890206,false,קרם פרש 250גרם יעקוב,,IL,קרם פרש 250גרם יעקובס,גרמים,250.00,100 גרם,false,1,13.90,5.5600,true,1,327430
7290014890237,false,גבינת קממבר אגוזים ב,משק יעקבס,IL,גבינת קממבר אגוזים בייבי 125גרם,גרמים,125.00,100 גרם,false,1,14.90,11.9200,true,1,312714
7290014890572,false,יוגורט עיזים 850מל,משק יעקבס,IL,יוגורט עיזים 850מל,מיליליטרים,850.00,"100 מ""ל",false,1,16.90,1.9882,true,1,344525
7290014890589,false,יוגורט יווני 850 מל,משק יעקבס,IL,יוגורט יווני 850 מל יעקובס,מיליליטרים,850.00,"100 מ""ל",false,1,18.90,2.2235,true,1,344526
7290014890602,false,גבינת קממבר בקר אגוז,משק יעקבס,IL,גבינת קממבר בקר אגוזים בייבי 125גר יעקוב,גרמים,125.00,100 גרם,false,1,16.90,13.5200,true,1,344531
7290014901247,false,שמפו סטייל קרטין לאח,א.ל. ארמן,,שמפו סטייל קרטין לאחר החלקה 750מל,מיליליטרים,750.00,"100 מ""ל",false,1,26.90,3.5867,true,1,341667
7290014901254,false,מרכך סטייל קרטין לאח,א.ל. ארמן,,מרכך סטייל קרטין לאחר החלקה 750מל,מיליליטרים,750.00,"100 מ""ל",false,1,26.90,3.5867,true,1,341668
7290014901308,false,מש.שיניים סנסודיין ה,,,מש.שיניים סנסודיין הגנה מלאה 75מל ירוק,גרמים,75.00,100 גרם,false,1,21.90,29.2000,true,1,249638
7290014901315,false,מש.שיניים סנסודיין ה,,,מש.שיניים סנסודיין הגנה מלאה 75מל כחול,גרמים,75.00,100 גרם,false,1,21.90,29.2000,true,1,249639
7290014901896,false,מי פה סנסודיין 500 מ,,,מי פה סנסודיין 500 מל,מיליליטרים,500.00,"100 מ""ל",false,1,28.90,5.7800,true,1,305362
7290014905160,false,פניני ריח אקס אל יעק,רלווי,,פניני ריח אקס אל יעקובי,Unknown,0.00,Unknown,false,1,14.90,0.0000,true,1,247975
7290014905207,false,הפי גל לאסלות 750מל,איי פי אס,,הפי גל לאסלות 750מל,מיליליטרים,750.00,"100 מ""ל",false,1,10.00,1.3333,true,1,247229
7290014905313,false,דזיטול רצפות מחטא ומ,מרקה,,דזיטול רצפות מחטא ומנקה 1 ליטר,ליטרים,1.00,ליטר,false,1,18.90,18.9000,true,1,248785
7290014905344,false,הפי קצף לניקוי לשטיח,שרווי וויליאמס,,הפי קצף לניקוי לשטיחים 750 מל,מיליליטרים,750.00,"100 מ""ל",false,1,24.90,3.3200,true,1,247972
7290014905368,false,מטלית דמוי בד הפי עו,פלספק,TR,הפי עוד ועוד מטלית דמוית בד לבן פרחוני,יחידה,50.00,יחידה,false,12,9.90,0.1980,true,1,251088
7290014905498,false,מטלית דו צדדית גם וג,פלספק,,מטלית דו צדדית גם וגם 20 יח,יחידה,20.00,יחידה,false,1,12.90,0.6450,true,1,251089
7290014905689,false,נוזל כלים הפי ירוק 7,מיפא,CH,הפי כלים ירוק תפוח 24%,מיליליטרים,750.00,"100 מ""ל",false,16,7.90,1.0533,true,1,252672
7290014905696,false,נוזל כלים הפי צהוב 7,מיפא,,נוזל כלים הפי צהוב 750 מל 24% חומר פעיל,מיליליטרים,750.00,"100 מ""ל",false,1,7.90,1.0533,true,1,252673
7290014905719,false,הפי לימונית למדיח,רלווי,IT,הפי לימונית גדולה למדיח 12 בקרטון,Unknown,0.00,Unknown,false,12,10.90,0.0000,true,1,253100
7290014905962,false,סבון אסלה הפי מקסי ע,רלווי,,סבון אסלה הפי מקסי עד 350 שטיפות 43גרם,Unknown,0.00,Unknown,false,1,8.90,0.0000,true,1,253759
7290014910461,false,ערק יודה 700 מל,ישראל,IL,ערק יודה 700 מל,מיליליטרים,700.00,"100 מ""ל",false,12,59.90,8.5571,true,1,326772
7290014945005,false,מפת אלבד חד פעמי צבע,,IL,מפת אלבד חד פעמי צבעוני 180/120סמ,Unknown,0.00,Unknown,false,1,4.20,0.0000,true,1,334838
7290014945128,false,כפפות חד פעמי כחולות,T.P Tailand,TH,כפפות חד פעמי כחולות ניטרל 100יח סמול,יחידה,100.00,יחידה,false,10,19.90,0.1990,true,1,325212
7290014945135,false,כפפות חד פעמי כחולות,T.P Tailand,TH,כפפות חד פעמי כחולות ניטרל 100יח מדיום,יחידה,100.00,יחידה,false,10,19.90,0.1990,true,1,325213
7290014945142,false,כפפות חד פעמי כחולות,T.P Tailand,TH,כפפות חד פעמי כחולות ניטרל 100יח לארג,יחידה,100.00,יחידה,false,10,19.90,0.1990,true,1,325214
7290014945159,false,כפפות חד פעמי כחולות,T.P Tailand,TH,כפפות חד פעמי כחולות ניטרל 100יח אקס אל,יחידה,100.00,יחידה,false,10,19.90,0.1990,true,1,325215
7290014945197,false,שטיחון מיקרופייבר מפ,GUANGDONG,CN,שטיחון מיקרופייבר מפנק 40/60,יחידה,1.00,יחידה,false,24,24.90,24.9000,true,1,324012
7290014945203,false,שטיחון מיקרופייבר מפ,GUANGDONG,CN,שטיחון מיקרופייבר מפנק 50/80,יחידה,1.00,יחידה,false,24,34.90,34.9000,true,1,324013
7290014945548,false,מפת אלבד חד פעמי גדו,,IL,מפת אלבד חד פעמי גדולה צבעוני 270/120סמ,Unknown,0.00,Unknown,false,1,5.90,0.0000,true,1,334839
7290014945739,false,ניילון נצמד 150מטר ש,,IL,ניילון נצמד 150מטר שיין,מטרים,150.00,מטר,false,12,17.90,0.1193,true,1,330841
7290014945906,false,מטליות לחות לניקוי כ,,IL,מטליות לחות לניקוי כללי 50 יח לימון,יחידה,50.00,יחידה,false,12,5.90,0.1180,true,1,330849
7290014947047,false,פריכיות כוסמת זן בר,זן בר,,פריכיות כוסמת זן בר מלוח 160 גר,גרמים,160.00,100 גרם,false,1,11.00,6.8750,true,1,255827
7290014947207,false,פריכיות כוסמין דקות,זן בר,IL,פריכיות כוסמין דקות ללא מלח זן בר120 גרם,גרמים,160.00,100 גרם,false,1,11.90,7.4375,true,1,347620
7290014947214,false,פריכיות כוסמת דקות ע,זן בר,IL,פריכיות כוסמת דקות עם מלח זן בר 120 גרם,גרמים,160.00,100 גרם,false,1,11.90,7.4375,true,1,347619
7290014949744,false,אוטן אקטיב תרסיס ללא,SC Jonson,,אוטן אקטיב תרסיס ללא גז נגד יתושים 100 מ,מיליליטרים,10000.00,"100 מ""ל",false,1,19.90,0.1990,true,1,249541
7290014949751,false,אוטן אקטיב תרסיס ללא,SC Jonson,,אוטן אקטיב תרסיס ללא גז נגד יתושים 100 מ,מיליליטרים,100.00,"100 מ""ל",false,1,19.90,19.9000,true,1,249540
7290014974593,false,גביעי גלידה ללא גלוט,כרמית תעשיות ממתקים,IL,גביעי גלידה ללא גלוטן 12 יח,יחידה,12.00,יחידה,false,1,15.90,1.3250,true,1,319205
7290014974876,false,רולים אגוז ללא גלוטן,כרמית תעשיות ממתקים,,רולים אגוז ללא גלוטן 100 גרם,גרמים,100.00,100 גרם,false,1,7.90,7.9000,true,1,319208
7290015009119,false,עלי טורטיה סאבוריטו,,TR,עלי טורטיה סאבוריטו 420 גר,גרמים,420.00,100 גרם,false,16,12.90,3.0714,true,1,322005
7290015009171,false,ניוקי תפוח אדמה דניא,סיאמה אלימנטארי סרל,,ניוקי תפוח אדמה דניאל 300 גרם,גרמים,300.00,100 גרם,false,1,8.90,2.9667,true,1,322470
7290015009188,false,ניוקי תפוא ודלעת דני,סיאמה אלימנטארי סרל,,ניוקי תפוא ודלעת דניאל 300 גרם,גרמים,300.00,100 גרם,false,1,8.90,2.9667,true,1,322471
7290015009195,false,ניוקי תפוא ועגבניות,סיאמה אלימנטארי סרל,,ניוקי תפוא ועגבניות דניאל 300 גרם,גרמים,300.00,100 גרם,false,1,8.90,2.9667,true,1,322472
7290015009201,false,ניוקי תפוא וכמהין דנ,סיאמה אלימנטארי סרל,,ניוקי תפוא וכמהין דניאל 300 גרם,גרמים,300.00,100 גרם,false,1,8.90,2.9667,true,1,322473
7290015009218,false,ניוקי תפוא וערמונים,סיאמה אלימנטארי סרל,,ניוקי תפוא וערמונים דניאל 300 גרם,גרמים,300.00,100 גרם,false,1,8.90,2.9667,true,1,322474
7290015009232,false,רוטב סלסה סאבוריטו צ,,CR,רוטב סלסה סאבוריטו צהוב 454 גר,גרמים,454.00,100 גרם,false,12,19.90,4.3833,true,1,323054
7290015009249,false,רוטב סלסה סאבוריטו א,,CR,רוטב סלסה סאבוריטו אדום 454 גר,גרמים,454.00,100 גרם,false,12,19.90,4.3833,true,1,323053
7290015009256,false,רוטב סלסה סאבוריטו י,,CR,רוטב סלסה סאבוריטו ירוק 454 גר,גרמים,454.00,100 גרם,false,12,19.90,4.3833,true,1,323052
7290015009355,false,רוטב בלסמי מצומצם דנ,,ES,רוטב בלסמי מצומצם דניאל 250 מל,גרמים,250.00,100 גרם,false,12,19.90,7.9600,true,1,338811
7290015009362,false,רוטב בלסמי לבן מצומצ,,ES,רוטב בלסמי לבן מצומצם דניאל 250 מל,גרמים,250.00,100 גרם,false,12,19.90,7.9600,true,1,338812
7290015009379,false,מיץ לימון משומר דניא,,ES,מיץ לימון משומר דניאל 946 מל,מיליליטרים,946.00,"100 מ""ל",false,12,17.90,1.8922,true,1,338791
7290015009386,false,מיץ ליים משומר דניאל,,ES,מיץ ליים משומר דניאל 946 מל,מיליליטרים,946.00,"100 מ""ל",false,12,17.90,1.8922,true,1,338792
7290015009393,false,זית קלמטה מגולען במי,,ES,זית קלמטה מגולען במי מלח דניאל 440 גרם,מיליליטרים,440.00,"100 מ""ל",false,24,18.90,4.2955,true,1,338795
7290015009409,false,זית שחור טאסוס במי,,ES,זית שחור טאסוס במי מלח דניאל 440 גרם,מיליליטרים,440.00,"100 מ""ל",false,24,18.90,4.2955,true,1,338794
7290015009447,false,זית מזן קלמטה שלם במ,,ES,זית שחור קלמטה במי מלח דניאל 440 גרם,מיליליטרים,440.00,"100 מ""ל",false,24,18.90,4.2955,true,1,338793
7290015009454,false,שעועית לבנה בסט קונס,,IT,שעועית לבנה בסט קונסרבד 400 גרם,גרמים,400.00,100 גרם,false,12,10.90,2.7250,true,1,346312
7290015009461,false,שעועית שחורה בסט קונ,,IT,שעועית שחורה בסט קונסרבד 400 גרם,גרמים,400.00,100 גרם,false,12,10.90,2.7250,true,1,346313
7290015009478,false,שעועית אדומה בסט קונ,,IT,שעועית אדומה בסט קונסרבד 400 גרם,גרמים,400.00,100 גרם,false,12,10.90,2.7250,true,1,346314
7290015009485,false,שעועית אפויה רוטב עג,,IT,שעועית אפויה רוטב עגביות 400 גרם,גרמים,400.00,100 גרם,false,12,10.90,2.7250,true,1,346315
7290015009560,false,רוטב סאבוריטו חריף פ,,CR,רוטב סאבוריטו חריף פלפל קאיין 148 מל,מיליליטרים,148.00,"100 מ""ל",false,12,19.90,13.4459,true,1,346303
7290015009577,false,רוטב סאבוריטו חריף פ,,CR,רוטב סאבוריטו חריף פלפל הבנרו 148 מל,מיליליטרים,148.00,"100 מ""ל",false,12,19.90,13.4459,true,1,346304
7290015009584,false,רוטב סאבוריטו חריף פ,,CR,רוטב סאבוריטו חריף פלפל חלפיניו 148 מל,מיליליטרים,148.00,"100 מ""ל",false,12,19.90,13.4459,true,1,346305
7290015009591,false,רוטב סאבוריטו חריף פ,,CR,רוטב סאבוריטו חריף פלפל סקורפיון 148 מל,מיליליטרים,148.00,"100 מ""ל",false,12,19.90,13.4459,true,1,346306
7290015009607,false,רוטב סאבוריטו חריף פ,,CR,רוטב סאבוריטו חריף פלפל נגה גולוקיה148מל,מיליליטרים,148.00,"100 מ""ל",false,12,19.90,13.4459,true,1,346307
7290015009614,false,רוטב סאבוריטו חריף פ,,CR,רוטב סאבוריטו חריף פלפל סקוטש בונט148מל,מיליליטרים,148.00,"100 מ""ל",false,12,19.90,13.4459,true,1,346308
7290015009621,false,רוטב סויה דניאל עם ש,,CR,רוטב סויה דניאל עם שומשום ודבש 355 מל,מיליליטרים,355.00,"100 מ""ל",false,12,26.90,7.5775,true,1,346309
7290015009638,false,רוטב צילי דניאל עם פ,,CR,רוטב צילי דניאל עם פסיפלורה 355 מל,מיליליטרים,355.00,"100 מ""ל",false,12,26.90,7.5775,true,1,346310
7290015009645,false,רוטב פלפל הבנרו דניא,,CR,רוטב פלפל הבנרו דניאל דבש וחרדל 355 מל,מיליליטרים,355.00,"100 מ""ל",false,12,26.90,7.5775,true,1,346311
7290015014267,true,פסיפלורה ארוז במגש י,,,פסיפלורה ארוז במגש יח,Unknown,0.00,Unknown,false,1,17.90,0.0000,true,1,309934
7290015025959,false,מארז 4יח מגבוני פרש,,,מארז 4יח מגבוני פרש וואנס קשמיר קר 64יח,יחידה,64.00,יחידה,false,1,15.90,0.2484,true,1,327896
7290015039055,false,רוטב צילי חריף 700 מ,פאן אינטר,TH,רוטב צילי חריף 700מל,מיליליטרים,700.00,"100 מ""ל",false,1,9.90,1.4143,true,1,249223
7290015039253,false,עלי גפן במי מלח 620,קורהאן,,עלי גפן במי מלח 620 גרם,גרמים,620.00,100 גרם,false,1,9.90,1.5968,true,1,250569
7290015041041,false,טוש מסיר כתמים,,,טוש מסיר כתמים,יחידה,1.00,יחידה,false,12,11.90,11.9000,true,1,325108
7290015054041,false,אבקת חלבון פאוורטק,,IL,אבקת חלבון פאוורטק 700גר עוגיות,גרמים,700.00,100 גרם,false,12,129.00,18.4286,true,1,331453
7290015054065,false,אבקת חלבון פאוורטק,,IL,אבקת חלבון פאוורטק 700גר תות בננה,גרמים,700.00,100 גרם,false,12,129.00,18.4286,true,1,331451
7290015054874,false,אבקת חלבון פאוארטק,,IL,אבקת חלבון פאוארטק שוקו 2.27 קג,גרמים,2270.00,100 גרם,false,6,269.00,11.8502,true,1,330326
7290015060509,false,מיץ רימונים טבעי 330,,IL,מיץ רימונים טבעי 330מל,מיליליטרים,330.00,"100 מ""ל",false,1,13.90,4.2121,true,1,329146
7290015081948,false,גל הגנה אולטרסול ספו,פישר תעשיות,,גל הגנה אולטרסול ספורט מקס לפנים 50 75מל,מיליליטרים,75.00,"100 מ""ל",false,1,54.90,73.2000,true,1,308803
7290015129121,false,פסטה סקיני נודלס 270,,IL,פסטה סקיני נודלס 270 גר ללא גלוטן,גרמים,270.00,100 גרם,false,30,11.90,4.4074,true,1,251013
7290015129145,false,פסטה סקיני ספגטי 270,,IL,פסטה סקיני ספגטי 270 גר ללא גלוטן,גרמים,270.00,100 גרם,false,30,11.90,4.4074,true,1,251015
7290015129220,false,פסטה סקיני קוסקוס 27,,CN,פסטה סקיני קוסקוס 270 גר ללא גלוטן,גרמים,270.00,100 גרם,false,30,11.90,4.4074,true,1,254784
7290015129251,false,פסטה סקיני פטוציני 2,,CN,פסטה סקיני פטוציני 270 גר ללא גלוטן,גרמים,270.00,100 גרם,false,1,11.90,4.4074,true,1,254786
7290015129312,false,תבשיל מרק טעם עוף 23,סקיני פסטה,CN,תבשיל מרק טעם עוף 234 גר סקיני סופ,גרמים,234.00,100 גרם,false,6,19.90,8.5043,true,1,335730
7290015129749,false,סקיני פסטה שבולת שוע,סקיני פסטה,CN,סקיני פסטה שבולת נודלס 270 גר,גרמים,270.00,100 גרם,false,30,11.90,4.4074,true,1,325658
7290015129756,false,סקיני פסטה שבולת שוע,סקיני פסטה,CN,סקיני פסטה שבולת שועל פטוציני 270 גר,גרמים,270.00,100 גרם,false,30,11.90,4.4074,true,1,325657
7290015139229,false,מטבעות שוקולד חלב זה,כרמית,,מטבעות שוקולד חלב זהב סגול 42 ג ברשת,Unknown,0.00,Unknown,false,1,5.00,0.0000,true,1,307051
7290015139250,false,שוקולד מריר פיצפוצי,כרמית,,שוקולד מריר פיצפוצי ללא סוכר 85 ג כרמית,Unknown,0.00,Unknown,false,1,5.90,0.0000,true,1,307049
7290015139267,false,שוקולד מריר שקדים לל,כרמית,,שוקולד מריר שקדים ללא סוכר 85 ג כרמית,Unknown,0.00,Unknown,false,1,5.90,0.0000,true,1,307050
7290015139465,false,אגו מיקס בייגלה מצופ,Carmit,,אגו מיקס בייגלה מצופה 55 גר,Unknown,0.00,Unknown,false,1,4.50,0.0000,true,1,324610
7290015139533,false,ופל חופשי לימון ללא,כרמית תעשיות ממתקים,,ופל חופשי לימון ללא גלוטן 200 גר,גרמים,200.00,100 גרם,false,1,11.50,5.7500,true,1,307302
7290015139557,false,ופל חופשי שוקולד ללא,כרמית תעשיות ממתקים,,ופל חופשי שוקולד ללא גלוטן 200 גר,גרמים,200.00,100 גרם,false,1,11.50,5.7500,true,1,307303
7290015139571,false,מאגדת 5 ופל חופשי חל,כרמית תעשיות ממתקים,,מאגדת 5 ופל חופשי חלב ל.ג 25 גר,גרמים,125.00,100 גרם,false,1,12.00,9.6000,true,1,307306
7290015150033,false,תה ירוק ספייסי נענע,תה ויסוצקי,,תה ירוק ספייסי נענע 1.5 ג 25 שק,יחידה,25.00,יחידה,false,1,24.90,0.9960,true,1,252259
7290015150088,false,מחית עגבניות בללה אי,אמיליאנה קונסרב ס.פ.,,מחית עגבניות בלה איטליה 700 גר,גרמים,700.00,100 גרם,false,1,11.90,1.7000,true,1,255344
7290015150118,false,מארז 3 יח עגבניות חת,אמיליאנה קונסרב ס.פ.,,מארז 3 יח עגבניות חתוכות בלה איטליה400גר,גרמים,1200.00,100 גרם,false,1,15.90,1.3250,true,1,255343
7290015150361,false,תה ירוק נענע סטיביה,תה ויסוצקי,,תה ירוק נענע סטיביה 1.5 ג 25 שק,יחידה,25.00,יחידה,false,1,24.90,0.9960,true,1,253885
7290015150583,false,תה ירוק לימון ודבש 1,תה ויסוצקי,,תה ירוק לימון ודבש 1.5 ג 25 שק,יחידה,25.00,יחידה,false,1,24.90,0.9960,true,1,304937
7290015150590,false,תה ירוק גינגר חריף 1,תה ויסוצקי,,תה ירוק גינגר חריף 1.5 ג 25 שק,יחידה,25.00,יחידה,false,1,24.90,0.9960,true,1,304938
7290015150729,false,תה ירוק סקיני גריני,תה ויסוצקי,,תה ירוק סקיני גריני 1.5 ג 25 שק,יחידה,25.00,יחידה,false,1,24.90,0.9960,true,1,308695
7290015150903,false,תה ירוק קינמון ודבש,תה ויסוצקי,,תה ירוק קינמון ודבש 1.5 ג 25 שק,יחידה,25.00,יחידה,false,1,24.90,0.9960,true,1,309955
7290015155021,false,פרמיו דנטל מיני 110,,DE,פרמיו דנטל מיני 110 גר,גרמים,110.00,100 גרם,false,10,9.90,9.0000,true,1,346074
7290015155083,false,חול חתולים חיתולי נט,,ES,חול חתולים חיתולי נטורל 10 קג,קילוגרמים,10.00,"ק""ג",false,3,32.90,3.2900,true,1,305416
7290015155243,false,פרמיו חטיף כריות לחת,,AT,פרמיו חטיף כריות לחתול 60 גר,גרמים,60.00,100 גרם,false,7,9.90,16.5000,true,1,323909
7290015155250,false,פרמיו חטיף כריות סלמ,,AT,פרמיו חטיף כריות סלמון לחתול 60גר,גרמים,60.00,100 גרם,false,7,9.90,16.5000,true,1,323911
7290015155274,false,פרמיו חטיף כריות לחת,,AT,פרמיו חטיף כריות לחתול אנטי היירבול 60ג,גרמים,60.00,100 גרם,false,7,9.90,16.5000,true,1,346802
7290015155410,false,פרמיו חטיף כריות דנט,,AT,פרמיו חטיף כריות דנטל עוף לחתול 60גר,גרמים,60.00,100 גרם,false,7,9.90,16.5000,true,1,323910
7290015155427,false,פרמיו לחתול עוף וכב,,AU,פרמיו עוף וכבד 15 גר,יחידה,1.00,יחידה,false,35,6.90,6.9000,true,1,323908
7290015155434,false,פרמיו לחתול סלמון ו,,AU,פרמיו סלמון ופורל 15 גר,יחידה,1.00,יחידה,false,35,6.90,6.9000,true,1,323907
7290015155823,false,פאוץ פרינוק תפוח עץ,,,פאוץ פרינוק תפוח עץ 120 גרם,גרמים,120.00,100 גרם,false,24,5.90,4.9167,true,1,317492
7290015155830,false,פאוץ פרינוק תפוח בננ,,CZ,פאוץ פרינוק תפוח בננה 120 גרם,גרמים,120.00,100 גרם,false,24,5.90,4.9167,true,1,317493
7290015155847,false,פאוץ פרינוק סלט פירו,,,פאוץ פרינוק סלט פירות 120 גרם,גרמים,120.00,100 גרם,false,24,5.90,4.9167,true,1,317494
7290015155878,false,חטיפטף בטעם טבעי 28,,TH,חטיפטף בטעם טבעי 28 גר,Unknown,0.00,Unknown,false,24,7.90,0.0000,true,1,318345
7290015155892,false,חטיפטף בטעם בננה 31,,TH,חטיפטף בטעם בננה 31 גר,Unknown,0.00,Unknown,false,24,7.90,0.0000,true,1,318351
7290015156653,false,פרמיו חטיף לבבות ברו,,CN,פרמיו חטיף לבבות ברווז 100 גר,גרמים,100.00,100 גרם,false,10,14.90,14.9000,true,1,346072
7290015156769,false,פאוץ פרינוק תפוח ואו,,,פאוץ פרינוק תפוח ואוכמניות 120 גרם,גרמים,120.00,100 גרם,false,1,5.90,4.9167,true,1,324332
7290015156776,false,פאוץ פרינוק פירות טר,,,פאוץ פרינוק פירות טרופיים 120 גרם,גרמים,120.00,100 גרם,false,24,5.90,4.9167,true,1,322798
7290015156790,false,פאוץ פרינוק לפתן פיר,,,פאוץ פרינוק לפתן פירות 120 גרם,גרמים,120.00,100 גרם,false,24,5.90,4.9167,true,1,322799
7290015156813,false,פאוץ פרינוק פירות מע,,,פאוץ פרינוק פירות מעורבים 120 גרם,גרמים,120.00,100 גרם,false,24,5.90,4.9167,true,1,322800
7290015158176,false,יין ויוניה 750 מל,יקב אורטל,IL,יין ויוניה 750 מל,מיליליטרים,750.00,"100 מ""ל",false,1,60.00,8.0000,true,1,325417
7290015161091,false,פרו פסטה פוזילי ואור,,,פרו פסטה פוזילי ואורז אורגני 250 גר,גרמים,250.00,100 גרם,false,12,16.90,6.7600,true,1,335712
7290015161107,false,פרו פנה ערמונים מלא,,,פרו פנה ערמונים מלא ללג 250 גר,גרמים,250.00,100 גרם,false,12,16.90,6.7600,true,1,335713
7290015161145,false,קוואקר קוואקר כוסמין,,,קוואקר קוואקר כוסמין מלא עבה 400 גר,גרמים,400.00,100 גרם,false,1,19.90,4.9750,true,1,337518
7290015161169,false,גרנולה כוסמין קלאסית,,,גרנולה כוסמין קלאסית 300 גר,גרמים,300.00,100 גרם,false,1,27.90,9.3000,true,1,334214
7290015161534,false,קוואקר עבה ללא גלוטן,,,קוואקר עבה ללא גלוטן 400 גר,גרמים,400.00,100 גרם,false,1,19.90,4.9750,true,1,333010
7290015161541,false,קוואקר דק ללא גלוטן,,,קוואקר דק ללא גלוטן 400 גר,גרמים,400.00,100 גרם,false,1,19.90,4.9750,true,1,333008
7290015161558,false,קמח ש. שועל מלא ללג,,,קמח ש. שועל מלא ללג 500 גר,גרמים,500.00,100 גרם,false,1,24.90,4.9800,true,1,333012
7290015161565,false,גרנולה פירות 28% לל,,,גרנולה פירות ללג נוטרה זן 300 גר,גרמים,300.00,100 גרם,false,1,22.90,7.6333,true,1,333013
7290015161572,false,גרנולה אגוז 28% ללג,,,גרנולה אגוז 28% ללג נוטרה זן 300 גר,גרמים,300.00,100 גרם,false,1,22.90,7.6333,true,1,333014
7290015161886,false,פת פריכה אורגנית ללג,,,פת פריכה אורגנית ללג חומוס ואפונה 100גר,גרמים,100.00,100 גרם,false,1,16.90,16.9000,true,1,333006
7290015164818,false,מחית קארי צהובה 400,Theppadungporn cocon,,מחית קארי צהובה 400 גר טי סי סי,גרמים,400.00,100 גרם,false,1,19.90,4.9750,true,1,316611
7290015164832,false,מחית קארי ירוקה 400,Theppadungporn cocon,,מחית קארי ירוקה 400 גר טי סי סי,גרמים,400.00,100 גרם,false,1,19.90,4.9750,true,1,249391
7290015164856,false,מחית קארי אדומה 400,Theppadungporn cocon,,מחית קארי אדומה 400 גר טי סי סי,גרמים,400.00,100 גרם,false,1,19.90,4.9750,true,1,249390
7290015178174,false,פסטו בטעם פרמזן 180ג,תנובה ב.ע.ד,IL,פסטו בטעם פרמזן 180גר אוליביה,גרמים,180.00,100 גרם,false,6,12.90,7.1667,true,1,335600
7290015178181,false,ארטישוק ברוזמרין 180,תנובה ב.ע.ד,IL,ארטישוק ברוזמרין 180גרם אוליביה,גרמים,180.00,100 גרם,false,6,12.90,7.1667,true,1,335597
7290015178198,false,ממרח חצילים שרופים 1,תנובה ב.ע.ד,IL,ממרח חצילים שרופים 180גרם אוליביה,גרמים,180.00,100 גרם,false,6,12.90,7.1667,true,1,335598
7290015178204,false,עגבניות מיובשות בשמש,תנובה ב.ע.ד,IL,עגבניות מיובשות בשמש עם לימון 180גר אולי,גרמים,180.00,100 גרם,false,6,12.90,7.1667,true,1,335599
7290015178235,false,זיתים מושחרים בסלסת,תנובה ב.ע.ד,IL,זיתים מושחרים בסלסת עגבניות מיובשות 180ג,גרמים,180.00,100 גרם,false,6,12.90,7.1667,true,1,338497
7290015178266,false,רוטב פלפלת שחורה אול,,,רוטב פלפלת שחורה אוליביה 480 גר,גרמים,480.00,100 גרם,false,1,12.90,2.6875,true,1,346681
7290015178273,false,מרינדה לעוף בגריל או,,,מרינדה לעוף בגריל אוליביה 530 גר,גרמים,530.00,100 גרם,false,1,12.90,2.4340,true,1,346682
7290015193139,false,רוטב צילי מתוק וואק,KRS,TH,ווק צילי מתוק ללא סוכר 300מל,מיליליטרים,300.00,"100 מ""ל",false,12,8.90,2.9667,true,1,252242
7290015193269,false,שמן שומשום שחור 100%,,SG,שמן שומשום שחור 100% ווק 150 מל,מיליליטרים,150.00,"100 מ""ל",false,12,13.90,9.2667,true,1,339333
7290015193573,false,מקלוני אורז 2 ממ ווק,ASIAN,,מקלוני אורז 2 ממ ווק 400 גר,גרמים,400.00,100 גרם,false,1,9.90,2.4750,true,1,314717
7290015223874,false,גל אלוורה 100מל,טרופיקל דגיל,,גל אלוורה 100מל,מיליליטרים,100.00,"100 מ""ל",false,1,9.90,9.9000,true,1,321953
7290015282000,false,סלט איקרא אדומה 200,,,סלט איקרא אדומה 200 גר,גרמים,200.00,100 גרם,false,1,12.90,6.4500,true,1,318861
7290015282017,false,דג טונה מעושנת פרוס,,,דג טונה מעושנת פרוס 100 גרם,גרמים,100.00,100 גרם,false,1,23.90,23.9000,true,1,252202
7290015282024,false,סלט איקרא לבנה 200 ג,,,סלט איקרא לבנה 200 גר,גרמים,200.00,100 גרם,false,1,12.90,6.4500,true,1,318862
7290015282048,false,סלט חומוס מזרחי 300,,,סלט חומוס מזרחי 300 גר שמיר,גרמים,300.00,100 גרם,false,1,10.90,3.6333,true,1,254061
7290015282284,false,סלט כרוב אדום 300 גר,,,סלט כרוב אדום 300 גר שמיר,גרמים,300.00,100 גרם,false,1,11.90,3.9667,true,1,254062
7290015282291,false,סלט טחינה ביתית 300,,,סלט טחינה ביתית 300 גר שמיר,גרמים,300.00,100 גרם,false,1,10.90,3.6333,true,1,254063
7290015282307,false,סלט חציל במיונז 300,,,סלט חציל במיונז 300 גר שמיר,גרמים,300.00,100 גרם,false,1,10.90,3.6333,true,1,254064
7290015282314,false,סלט קולסלאו אמריקאי,,,סלט קולסלאו אמריקאי 300 גר שמיר,גרמים,300.00,100 גרם,false,1,11.90,3.9667,true,1,254065
7290015282321,false,סלט סלק 300 גר שמיר,,,סלט סלק 300 גר שמיר,גרמים,300.00,100 גרם,false,1,11.90,3.9667,true,1,254066
7290015282338,false,סלט מטבוחה 300 גר שמ,,,סלט מטבוחה 300 גר שמיר,גרמים,300.00,100 גרם,false,1,11.90,3.9667,true,1,254067
7290015282345,false,סלט תורכי איסטנבול 3,,,סלט תורכי איסטנבול 300 גר שמיר,גרמים,300.00,100 גרם,false,1,11.90,3.9667,true,1,254068
7290015282352,false,סלט תפוחי אדמה 300 ג,,,סלט תפוחי אדמה 300 גר שמיר,גרמים,300.00,100 גרם,false,1,11.90,3.9667,true,1,254069
7290015282390,false,סלט תורכי 200גרם גור,סלטי שמיר,,סלט תורכי 200גרם גורמה,גרמים,200.00,100 גרם,false,1,10.90,5.4500,true,1,317296
7290015282420,false,סלט חציל על האש 300,,,סלט חציל על האש 300 גרם שמיר,גרמים,300.00,100 גרם,false,1,11.90,3.9667,true,1,254074
7290015282581,false,חומוס אבו גוש עם חרי,סלטי שמיר,,חומוס אבו גוש עם חריף 200 גרם גורמה,גרמים,200.00,100 גרם,false,1,10.90,5.4500,true,1,317286
7290015282598,false,חומוס מסעדות 200 גרם,סלטי שמיר,,חומוס מסעדות 200 גרם גורמה,גרמים,200.00,100 גרם,false,1,10.90,5.4500,true,1,317287
7290015282604,false,טחינה מיוחדת 200 גרם,סלטי שמיר,,טחינה מיוחדת 200 גרם גורמה,גרמים,200.00,100 גרם,false,1,10.90,5.4500,true,1,317288
7290015282611,false,סלט ביצים 200 גרם גו,סלטי שמיר,,סלט ביצים 200 גרם גורמה,גרמים,200.00,100 גרם,false,1,17.90,8.9500,true,1,317308
7290015282628,false,סלט חציל בטעם כבד 20,סלטי שמיר,,סלט חציל בטעם כבד 200גרם גורמה,גרמים,200.00,100 גרם,false,1,10.90,5.4500,true,1,317297
7290015282635,false,חומוס מסבחה 200 גרם,סלטי שמיר,,חומוס מסבחה 200 גרם גורמה,גרמים,200.00,100 גרם,false,1,10.90,5.4500,true,1,317289
7290015282642,false,חומוס אבו גוש 200 גר,סלטי שמיר,,חומוס אבו גוש 200 גרם גורמה,גרמים,200.00,100 גרם,false,1,10.90,5.4500,true,1,317290
7290015282666,false,סלט טונה בריאות 200ג,סלטי שמיר,,סלט טונה בריאות 200גרם גורמה,גרמים,200.00,100 גרם,false,1,17.90,8.9500,true,1,317309
7290015282673,false,סלט חציל במיונז ביתי,סלטי שמיר,,סלט חציל במיונז ביתי 200גרם גורמה,גרמים,200.00,100 גרם,false,1,10.90,5.4500,true,1,317298
7290015282680,false,סלט קישוא בטעם כבד 2,סלטי שמיר,,סלט קישוא בטעם כבד 200 גרם גורמה,גרמים,200.00,100 גרם,false,1,10.90,5.4500,true,1,317299
7290015282697,false,כרוב אדום 200 גרם גו,סלטי שמיר,,כרוב אדום 200 גרם גורמה,גרמים,200.00,100 גרם,false,1,10.90,5.4500,true,1,317291
7290015282710,false,קוביות סלק 200גרם גו,סלטי שמיר,,קוביות סלק 200גרם גורמה,גרמים,200.00,100 גרם,false,1,10.90,5.4500,true,1,317292
7290015282727,false,סלט גזר מרוקאי פיקנט,סלטי שמיר,,סלט גזר מרוקאי פיקנטי 200גר גורמה,גרמים,200.00,100 גרם,false,1,10.90,5.4500,true,1,317293
7290015282734,false,מטבוחה ביתית 200 גרם,סלטי שמיר,,מטבוחה ביתית 200 גרם גורמה,גרמים,200.00,100 גרם,false,1,10.90,5.4500,true,1,317294
7290015282741,false,סלט חציל תאילנדי 200,סלטי שמיר,,סלט חציל תאילנדי 200גר גורמה,גרמים,200.00,100 גרם,false,1,10.90,5.4500,true,1,317301
7290015282758,false,סלט תירס מקסיקני 200,סלטי שמיר,,סלט תירס מקסיקני 200גר גורמה,גרמים,200.00,100 גרם,false,1,10.90,5.4500,true,1,317302
7290015282772,false,סלט פלפל רצועות קלוי,סלטי שמיר,,סלט פלפל רצועות קלוי/מטוגן 200גרם גורמה,גרמים,200.00,100 גרם,false,1,10.90,5.4500,true,1,317304
7290015282796,false,סלט תפוחי אדמה 200גר,סלטי שמיר,,סלט תפוחי אדמה 200גר גורמה,גרמים,200.00,100 גרם,false,1,10.90,5.4500,true,1,317295
7290015282956,false,סלט חציל בטחינה 300,,,סלט חציל בטחינה 300 גרם שמיר,גרמים,300.00,100 גרם,false,1,10.90,3.6333,true,1,254071
7290015282994,false,סלט חמוצים סיני 300,,,סלט חמוצים סיני 300 גר שמיר,גרמים,300.00,100 גרם,false,1,14.90,4.9667,true,1,254070
7290015284004,false,שמפו אקולאב 500מל ס.,א.ל. ארמן,,שמפו אקולאב 500מל ס. ירוקה אורגניקזון,מיליליטרים,500.00,"100 מ""ל",false,1,31.90,6.3800,true,1,248879
7290015284011,false,מרכך אקולאב 500מל ס.,א.ל. ארמן,,מרכך אקולאב 500מל ס. ירוקה אורגניקזון,מיליליטרים,500.00,"100 מ""ל",false,1,31.90,6.3800,true,1,248880
7290015284028,false,ס.גוף אקולאב 500מל ס,א.ל. ארמן,,ס.גוף אקולאב 500מל ס. ירוקה אורגניקזון,מיליליטרים,500.00,"100 מ""ל",false,1,31.90,6.3800,true,1,248881
7290015284035,false,סבון ידיים אקולאב 50,א.ל. ארמן,,סבון ידיים אקולאב 500 מל אקולוגי ירוק,מיליליטרים,500.00,"100 מ""ל",false,1,24.90,4.9800,true,1,249798
7290015284042,false,שמפו אקולאב 500מל ס.,א.ל. ארמן,,שמפו אקולאב 500מל ס. אדומה אורגניקזון,מיליליטרים,500.00,"100 מ""ל",false,1,31.90,6.3800,true,1,248882
7290015284059,false,מרכך אקולאב 500מל ס.,א.ל. ארמן,,מרכך אקולאב 500מל ס. אדומה אורגניקזון,מיליליטרים,500.00,"100 מ""ל",false,1,31.90,6.3800,true,1,248883
7290015284073,false,סבון ידיים אקולאב 50,א.ל. ארמן,,סבון ידיים אקולאב 500 מל אקולוגי אדום,מיליליטרים,500.00,"100 מ""ל",false,1,24.90,4.9800,true,1,249799
7290015284080,false,שמפו אקולאב 500מל ס.,א.ל. ארמן,,שמפו אקולאב 500מל ס. כתומה אורגניקזון,מיליליטרים,500.00,"100 מ""ל",false,1,31.90,6.3800,true,1,248885
7290015284097,false,מרכך אקולאב 500מל ס.,א.ל. ארמן,,מרכך אקולאב 500מל ס. כתומה אורגניקזון,מיליליטרים,500.00,"100 מ""ל",false,1,31.90,6.3800,true,1,248886
7290015284103,false,ס.גוף אקולאב 500מל ס,א.ל. ארמן,,ס.גוף אקולאב 500מל ס. כתומה אורגניקזון,מיליליטרים,500.00,"100 מ""ל",false,1,31.90,6.3800,true,1,248887
7290015284110,false,סבון ידיים אקולאב 50,א.ל. ארמן,,סבון ידיים אקולאב 500 מל אקולוגי כתום,מיליליטרים,500.00,"100 מ""ל",false,1,24.90,4.9800,true,1,249800
7290015284134,false,מסכה לשיער אקולאב,א.ל. ארמן,,מסכה לשיער אקולאב 350 מל,מיליליטרים,350.00,"100 מ""ל",false,1,41.90,11.9714,true,1,254729
7290015284202,false,שמפו אקולאב 500מל ס.,א.ל. ארמן,,שמפו אקולאב 500מל ס. סגולה אורגניקזון,מיליליטרים,500.00,"100 מ""ל",false,1,31.90,6.3800,true,1,307824
7290015284219,false,מרכך אקולאב 500מל ס.,א.ל. ארמן,,מרכך אקולאב 500מל ס. סגולה אורגניקזון,מיליליטרים,500.00,"100 מ""ל",false,1,31.90,6.3800,true,1,307825
7290015284226,false,ס.גוף אקולאב 500מל ס,א.ל. ארמן,,ס.גוף אקולאב 500מל ס. סגולה אורגניקזון,מיליליטרים,500.00,"100 מ""ל",false,1,31.90,6.3800,true,1,307826
7290015284233,false,סבון ידיים אקולאב 50,א.ל. ארמן,,סבון ידיים אקולאב 500 מל אקולוגי סגול,מיליליטרים,500.00,"100 מ""ל",false,1,24.90,4.9800,true,1,307860
7290015284240,false,מסכה לשיער אקולאב,א.ל. ארמן,,מסכה לשיער אקולאב סגול 350 מל,מיליליטרים,350.00,"100 מ""ל",false,1,41.90,11.9714,true,1,309096
7290015284646,false,ס.גוף אקולאב 500מל ס,א.ל. ארמן,,ס.גוף אקולאב 500מל ס. אגוזים אורגניקזון,מיליליטרים,500.00,"100 מ""ל",false,1,31.90,6.3800,true,1,346349
7290015284653,false,סבון ידיים אקולאב 50,א.ל. ארמן,,סבון ידיים אקולאב 500 מל אקולוגי אגוזים,מיליליטרים,500.00,"100 מ""ל",false,1,24.90,4.9800,true,1,346350
7290015284660,false,שמפו אקולאב לשיער לא,א.ל. ארמן,,שמפו אקולאב לשיער לאחר החלקה 500מל,מיליליטרים,500.00,"100 מ""ל",false,1,34.90,6.9800,true,1,313500
7290015284677,false,מרכך אקולאב לשיער לא,א.ל. ארמן,,מרכך אקולאב לשיער לאחר החלקה 500מל,מיליליטרים,500.00,"100 מ""ל",false,1,34.90,6.9800,true,1,313501
7290015284684,false,מסכה אקולאב לשיער לא,א.ל. ארמן,,מסכה אקולאב לשיער לאחר החלקה 350מל,מיליליטרים,350.00,"100 מ""ל",false,1,44.90,12.8286,true,1,313502
7290015284769,false,גל ניקוי פנים אקולאב,,,גל ניקוי פנים אקולאב לכל סוגי העור 150מל,מיליליטרים,150.00,"100 מ""ל",false,4,49.90,33.2667,true,1,332329
7290015284783,false,מי ניקוי והסרת איפור,,,מי ניקוי והסרת איפור אקולאב מיסלר 200מל,מיליליטרים,200.00,"100 מ""ל",false,4,59.90,29.9500,true,1,332330
7290015284790,false,מסכת בוץ מינרלי לעור,,,מסכת בוץ מינרלי לעור הפנים אקולאב 100מל,מיליליטרים,100.00,"100 מ""ל",false,4,59.90,59.9000,true,1,332331
7290015289009,false,בירה הרצל כפרה שש אח,,IL,בירה הרצל כפרה שש אחוז 330מל בק.פקדון,מיליליטרים,330.00,"100 מ""ל",false,1,14.90,4.5152,true,1,331591
7290015289016,false,בירה הרצל דולצה דה ע,,IL,בירה הרצל דולצה דה עסל 330מל בק.פקדון,מיליליטרים,330.00,"100 מ""ל",false,1,14.90,4.5152,true,1,331593
7290015289023,false,בירה הרצל וזה איי.פי,,IL,בירה הרצל וזה איי.פי היי 330מל בק.פקדון,מיליליטרים,330.00,"100 מ""ל",false,1,14.90,4.5152,true,1,331592
7290015289054,false,בירה הרצל לבנה 4.9%,,IL,בירה הרצל לבנה 4.9% 330מל בק.פקדון,מיליליטרים,330.00,"100 מ""ל",false,1,14.90,4.5152,true,1,331594
7290015293631,false,מסכה לשיער מתולתל נט,פישר תעשיות,,מסכה לשיער מתולתל נטורל קר ורדים450מל,מיליליטרים,450.00,"100 מ""ל",false,1,24.90,5.5333,true,1,308498
7290015324076,false,זעתר 80גר שקית,,,זעתר 80גר שקית,Unknown,0.00,Unknown,false,1,6.50,0.0000,true,1,249622
7290015324120,false,שום גבישי 80 גר שקית,,,שום גבישי 80 גר שקית,Unknown,0.00,Unknown,false,1,6.50,0.0000,true,1,249627
7290015324281,false,שבבי בצל מטוגן 200 ג,שנידרס,,שבבי בצל מטוגן 200 גר,גרמים,200.00,100 גרם,false,1,9.90,4.9500,true,1,312639
7290015324519,false,תערובת לפיצה שקית 80,,,תערובת לפיצה שקית 80 גרם,Unknown,0.00,Unknown,false,1,6.50,0.0000,true,1,328766
7290015324526,false,תערובת לפרגיות שקית,,,תערובת לפרגיות שקית 80 גרם,Unknown,0.00,Unknown,false,1,6.50,0.0000,true,1,328767
7290015324533,false,רוזמרין במיכל גדול 5,,,רוזמרין במיכל גדול 55 גר,Unknown,0.00,Unknown,false,1,9.90,0.0000,true,1,328768
7290015324540,false,טימין מיכל גדול 30 ג,,,טימין מיכל גדול 30 גר,Unknown,0.00,Unknown,false,1,9.90,0.0000,true,1,328770
7290015324557,false,בהרט לבישול מיכל גדו,,,בהרט לבישול מיכל גדול 80 גרם,Unknown,0.00,Unknown,false,1,9.90,0.0000,true,1,328771
7290015324564,false,כוסברה טחונה במיכל ג,,,כוסברה טחונה במיכל גדול 70 גר,Unknown,0.00,Unknown,false,1,9.90,0.0000,true,1,328769
7290015324571,false,פפריקה מתוקה בשמן מר,,,פפריקה מתוקה בשמן מרוקאי 400 גר בקופסא,גרמים,400.00,100 גרם,false,1,15.90,3.9750,true,1,330693
7290015324588,false,פלפל לבן טחון 100 ג,,,פלפל לבן טחון 100 ג מיכל גדול,גרמים,100.00,100 גרם,false,1,13.90,13.9000,true,1,332169
7290015324595,false,פלפל שחור טחון גס400,,,פלפל שחור טחון גס400 גרם,גרמים,400.00,100 גרם,false,1,29.90,7.4750,true,1,333345
7290015324601,false,פפריקה חריפה בשמן מר,,,פפריקה חריפה בשמן מרוקאי 400 גר בקופסא,גרמים,400.00,100 גרם,false,1,15.90,3.9750,true,1,334158
7290015324656,false,זעפרן ספרדי יחידה0.5,,,זעפרן ספרדי יחידה0.5 גר,Unknown,0.00,Unknown,false,1,19.90,0.0000,true,1,336483
7290015324663,false,צילי גרוס חריף 70 גר,,,צילי גרוס חריף 70 גר מיכל גדול,גרמים,150.00,100 גרם,false,1,9.90,6.6000,true,1,335080
7290015324670,false,מטחנת פלפל שחור שלם,,ZA,מטחנת פלפל שחור שלם 50 גרם,Unknown,0.00,Unknown,false,6,14.90,0.0000,true,1,345796
7290015324687,false,מטחנת לקט פלפלים 50,,ZA,מטחנת לקט פלפלים 50 גרם,Unknown,0.00,Unknown,false,6,14.90,0.0000,true,1,345797
7290015324694,false,מטחנת מלח ים 100 גרם,,ZA,מטחנת מלח ים 100 גרם,גרמים,100.00,100 גרם,false,6,14.90,14.9000,true,1,345798
7290015324700,false,מטחנת מלח הימלאיה 10,,ZA,מטחנת מלח הימלאיה 100 גרם,גרמים,100.00,100 גרם,false,6,14.90,14.9000,true,1,345799
7290015324717,false,מחית שום טעם וריח 21,,CN,מחית שום טעם וריח 210 גרם צנצנת,גרמים,210.00,100 גרם,false,6,12.90,6.1429,true,1,345344
7290015324724,false,מחית צילי חריף טעם ו,,CN,מחית צילי חריף טעם וריח 230 גרם צנצנת,גרמים,230.00,100 גרם,false,6,12.90,5.6087,true,1,345345
7290015324731,false,מחית גינגר טעם וריח,,CN,מחית גינגר טעם וריח 210 גרם צנצנת,גרמים,210.00,100 גרם,false,6,12.90,6.1429,true,1,345347
7290015324748,false,מחית שום וגינגר טעם,,CN,מחית שום וגינגר טעם וריח 210 גרם צנצנת,גרמים,210.00,100 גרם,false,6,12.90,6.1429,true,1,345348
7290015325752,false,מארז 4יח מגבוני בד ל,טרופיקל דגיל,IL,מארז 4יח מגבוני בד לחים אסותא 72יח,יחידה,288.00,יחידה,false,6,16.90,0.0587,true,1,315833
7290015335607,false,מעדן ביו טבעי 150גר,,IL,מעדן ביו טבעי 150גר ללא סויה/חלב,גרמים,150.00,100 גרם,false,6,6.90,4.6000,true,1,336308
7290015335614,false,מעדן ביו תות 150גרם,,IL,מעדן ביו תות 150גרם ללא סויה/חלב,גרמים,150.00,100 גרם,false,6,6.90,4.6000,true,1,336309
7290015335621,false,מעדן ביו פירות יער,,IL,מעדן ביו פירות יער 150גרם ללא סויה/חלב,גרמים,150.00,100 גרם,false,6,6.90,4.6000,true,1,336311
7290015335638,false,מעדן ביו דובדבן 150ג,,IL,מעדן ביו דובדבן 150גרם ללא סויה/חלב,גרמים,150.00,100 גרם,false,6,6.90,4.6000,true,1,336310
7290015335706,false,מעדן ביו שוקולד 150ג,,IL,מעדן ביו שוקולד 150גר ללא סויה/חלב,גרמים,150.00,100 גרם,false,6,6.90,4.6000,true,1,338466
7290015335720,false,מעדן ביו בטעם אננס 1,,IL,מעדן ביו בטעם אננס 150גר ללא סויה/חלב,גרמים,150.00,100 גרם,false,6,6.90,4.6000,true,1,342490
7290015341516,false,עוגת קראנץ בטעמים 60,,,עוגת קראנץ בטעמים 600 ג אנטיקוביץ,גרמים,600.00,100 גרם,false,1,16.90,2.8167,true,1,325187
7290015341554,false,עוגת מאפינס בטעם שוק,,,עוגת מאפינס בטעם שוקולד אנטיקביץ 450 גרם,גרמים,450.00,100 גרם,false,1,16.90,3.7556,true,1,332611
7290015348409,false,יין אלטיטיוד סובניון,,,יין אלטיטיוד סובניון בלאן 2015 750 מל,מיליליטרים,750.00,"100 מ""ל",false,1,110.00,14.6667,true,1,310398
7290015349864,false,מארז יין ק.סוביניון,,,מארז יין ק.סוביניון לא מסונן 2001 750,מיליליטרים,750.00,"100 מ""ל",false,1,190.00,25.3333,true,1,318531
7290015350143,false,יין מרלו פרי סגל 750,,,יין מרלו פרי סגל 750 מל,מיליליטרים,750.00,"100 מ""ל",false,1,60.00,8.0000,true,1,323454
7290015350150,false,יין סגל אדום 750 מל,,,יין סגל אדום 750 מל,מיליליטרים,750.00,"100 מ""ל",false,1,25.00,3.3333,true,1,332356
7290015350273,false,יין שרדונה פרי סגל 7,,,יין שרדונה פרי סגל 750 מל,מיליליטרים,750.00,"100 מ""ל",false,1,60.00,8.0000,true,1,326922
7290015354899,false,חרדל ריין דה דיזון מ,ריין דיגון,,חרדל ריין דה דיזון מעודן350 ג,גרמים,350.00,100 גרם,false,1,12.90,3.6857,true,1,323761
7290015355834,false,מתבל עגבניות חריף הי,,,מתבל עגבניות חריף היינץ 855 גר,גרמים,855.00,100 גרם,false,1,18.90,2.2105,true,1,305216
7290015360043,false,יין קוטו דו ליון רוש,צרפת שאטו פייר ביז,,יין קוטו דו ליון רושפור פייר ביז 750מל פ,מיליליטרים,750.00,"100 מ""ל",false,1,95.00,12.6667,true,1,248818
7290015366250,false,ספריי קרטין לשמירה ע,א.ל. ארמן,,ספריי קרטין לשמירה על השיער 120מל,מיליליטרים,120.00,"100 מ""ל",false,1,44.90,37.4167,true,1,341670
7290015366335,false,זוג טבליות דוחה יתוש,,,זוג טבליות דוחה יתושים ספירה 60 לילות,Unknown,0.00,Unknown,false,1,16.90,0.0000,true,1,254686
7290015366342,false,זוג נוזל דוחה יתושים,,,זוג נוזל דוחה יתושים ספירה 90 לילות,Unknown,0.00,Unknown,false,1,19.90,0.0000,true,1,254687
7290015366373,false,דוחה יתושים ספירה אנ,זובלה,IT,דוחה יתושים ספירה אנתוש ילדים 50מל,Unknown,0.00,Unknown,false,1,12.90,0.0000,true,1,322260
7290015366380,false,דוחה יתושים ספירה אנ,זובלה,IT,דוחה יתושים ספירה אנתוש ספריי 70מל,Unknown,0.00,Unknown,false,1,12.90,0.0000,true,1,322258
7290015366663,false,מש.שיניים אקוה פרש ע,,,מש.שיניים אקוה פרש עדין 100 מל,מיליליטרים,100.00,"100 מ""ל",false,1,7.90,7.9000,true,1,307882
7290015366670,false,מש.שיניים אקוה פרש מ,,,מש.שיניים אקוה פרש מנטה 100 מל,מיליליטרים,100.00,"100 מ""ל",false,1,7.90,7.9000,true,1,307881
7290015395021,false,גוגי ברי 180 גר בקופ,"דין שיווק וקלייה בע""",,גרגירי גוגי ברי 180 גר בקופסא,גרמים,180.00,100 גרם,false,1,19.90,11.0556,true,1,252350
7290015395045,false,קינואה שקדיה 400 גר,"שקדיה גבע תעשיות בע""",IL,קינואה 400,גרמים,400.00,100 גרם,false,25,10.90,2.7250,true,1,253964
7290015395892,false,ממרח פפריקה שקדיה 71,,VN,ממרח פפריקה שקדיה 710 גרם,גרמים,400.00,100 גרם,false,12,18.90,4.7250,true,1,336970
7290015424882,false,מגבונים אינטימיים פמ,,IL,מגבונים אינטימיים פמינה טוגו חמוציות 20י,יחידה,20.00,יחידה,false,24,14.90,0.7450,true,1,322257
7290015437431,false,רכז רימונים 100% טבע,AROMA PRODUCT ITD,GE,רכז רימונים 100% טבעי 420גרם,גרמים,420.00,100 גרם,false,20,20.00,4.7619,true,1,310758
7290015437585,false,תערובת מוזלי קראנצי,ויטליה,MK,תערובת מוזלי קראנצי שוקולד בננה 600 גר,גרמים,600.00,100 גרם,false,10,13.90,2.3167,true,1,324680
7290015470094,false,שוקולד מריר תפוז טוס,ALTINMARKA,TR,שוקולד מריר תפוז טוסו ללא סוכר 100 גר,גרמים,100.00,100 גרם,false,15,10.90,10.9000,true,1,310176
7290015474290,false,מגרדת 4 דפנות קיטשיי,,,מגרדת 4 דפנות קיטשיינוואר פוד אפל,יחידה,1.00,יחידה,false,1,39.90,39.9000,true,1,342716
7290015596817,false,קרם גוף אפקטיב קר מו,פישר תעשיות,IL,קרם גוף אפקטיב קר מועשר בשמן קוקוס 450מל,מיליליטרים,450.00,"100 מ""ל",false,1,21.90,4.8667,true,1,332837
7290015597210,false,מאגדת טילון קורנטו ט,"גלידת שטראוס בע""מ",,מאגדת טילון קורנטו טבעוני 6יח,יחידה,6.00,יחידה,false,1,34.90,5.8167,true,1,321839
7290015597326,false,מאגדת לייט קרחונים 1,יוניליוור,,מאגדת לייט קרחונים 10 יח,יחידה,10.00,יחידה,false,1,25.90,2.5900,true,1,306893
7290015599023,false,צהובה טבעונית קלאסית,,,צהובה טבעונית קלאסית 200 גרם,גרמים,200.00,100 גרם,false,1,24.90,12.4500,true,1,304626
7290015599030,false,צהובה טבעונית פיצה פ,,,צהובה טבעונית פיצה פפרוני 200 גרם,גרמים,200.00,100 גרם,false,1,24.90,12.4500,true,1,304627
7290015599047,false,צהובה טבעונית 200 גר,,,צהובה טבעונית 200 גרם בלוק,גרמים,200.00,100 גרם,false,1,17.90,8.9500,true,1,304638
7290015599054,false,צהובה טבעונית בטעם צ,,,צהובה טבעונית בטעם צדר 200 גרם,גרמים,200.00,100 גרם,false,1,24.90,12.4500,true,1,304628
7290015599061,false,צהובה טבעונית בטעם מ,,,צהובה טבעונית בטעם מוצרלה 200 גרם,גרמים,200.00,100 גרם,false,1,24.90,12.4500,true,1,304973
7290015599078,false,צהובה טבעונית עשבי ת,,,צהובה טבעונית עשבי תיבול 200 גרם,גרמים,200.00,100 גרם,false,1,24.90,12.4500,true,1,304629
7290015599191,false,ממרח טבעוני שמנת בטע,ביוטי איילנד פודס בע,,ממרח טבעוני שמנת בטעם קלאסי 170 גר,גרמים,170.00,100 גרם,false,1,18.90,11.1176,true,1,312238
7290015599207,false,ממרח טבעוני שמנת בטע,ביוטי איילנד פודס בע,,ממרח טבעוני שמנת בטעם צדר 170גר,גרמים,170.00,100 גרם,false,1,18.90,11.1176,true,1,312240
7290015599214,false,שמרים יבשים בתוספת ו,רד סטאר וסט קומפני,,שמרים יבשים בתוספת ויטמינים 110 גרם,גרמים,110.00,100 גרם,false,1,19.90,18.0909,true,1,306741
7290015599276,false,מלח הודי שחור 200 גר,,,מלח הודי שחור 200 גרם,גרמים,200.00,100 גרם,false,1,23.90,11.9500,true,1,304633
7290015599306,false,ממרח טבעוני שמנת עם,ביוטי איילנד פודס בע,,ממרח טבעוני שמנת עם עירית 170גר,גרמים,170.00,100 גרם,false,1,18.90,11.1176,true,1,312241
7290015599313,false,ממרח טבעוני שמנת עם,ביוטי איילנד פודס בע,,ממרח טבעוני שמנת עם בצל ירוק ופלפל 170גר,גרמים,170.00,100 גרם,false,1,18.90,11.1176,true,1,312239
7290015599504,false,ממרח בטעם חמאה אורגנ,,,ממרח בטעם חמאה אורגני 225 גרם,גרמים,225.00,100 גרם,false,24,17.90,7.9556,true,1,324112
7290015599696,false,ממרח טבעוני שמנת שום,ביוטי איילנד פודס בע,,ממרח טבעוני שמנת שום שמיר 170גר ל.גלוטן,גרמים,170.00,100 גרם,false,1,18.90,11.1176,true,1,332091
7290015599702,false,ממרח טבעוני שמנת ללא,ביוטי איילנד פודס בע,,ממרח טבעוני שמנת ללא גלוטן 170גר,גרמים,170.00,100 גרם,false,1,18.90,11.1176,true,1,332092
7290015599719,false,תחליף פרמזן טבעוני 1,אריוויה,,תחליף פרמזן טבעוני 150 גרם,גרמים,150.00,100 גרם,false,11,24.90,16.6000,true,1,331649
7290015603188,false,אטריות ביצים 454 גר,Xiamen zhongshi impo,,אטריות ביצים 454 גר,גרמים,454.00,100 גרם,false,1,10.90,2.4009,true,1,306102
7290015603195,false,אטריות תרד 454 ג,FUJIAN LONGHAI ANLID,,אטריות תרד 454 ג,גרמים,454.00,100 גרם,false,1,10.90,2.4009,true,1,255632
7290015603201,false,אטריות מחיטה מלאה 45,Xiamen zhongshi impo,,אטריות מחיטה מלאה 454 גר,גרמים,454.00,100 גרם,false,1,10.90,2.4009,true,1,304788
7290015603218,false,אטריות עם עגבניה 454,Xiamen xing ng foods,,אטריות עם גבינה 454 ג,גרמים,454.00,100 גרם,false,1,10.90,2.4009,true,1,310671
7290015603225,false,אטריות עם גזר 454 ג,Xiamen xing ng foods,,אטריות עם גזר 454 ג,גרמים,454.00,100 גרם,false,1,10.90,2.4009,true,1,310669
7290015603232,false,אטריות עם דלעת 454 ג,Xiamen xing ng foods,,אטריות עם דלעת 454 ג,גרמים,454.00,100 גרם,false,1,10.90,2.4009,true,1,310670
7290015603522,false,נוזל אגוזי קוקוס5-7%,ASIATIC AGRO INDUSTR,,נוזל אגוזי קוקוס5-7%אסיאטיק400מל,מיליליטרים,400.00,"100 מ""ל",false,1,6.90,1.7250,true,1,306092
7290015603546,false,קרם קוקוס 17-19% 400,ASIATIC AGRO INDUSTR,,קרם קוקוס 17-19% 400 מל אסיאטיק,מיליליטרים,400.00,"100 מ""ל",false,1,8.90,2.2250,true,1,323045
7290015603560,false,שימורי קרם קוקוס20-2,ASIATIC AGRO INDUSTR,,שימורי קרם קוקוס20-22%אסיאטיק400מל,גרמים,400.00,100 גרם,false,1,9.90,2.4750,true,1,306093
7290015603584,false,גינגר לבן כבוש 160 ג,Shandong Xinjinjiang,,גינגר לבן כבוש 160 גר ללא מונוסדיום,גרמים,160.00,100 גרם,false,1,7.90,4.9375,true,1,307747
7290015603591,false,גינגר ורוד כבוש 160,Shandong Xinjinjiang,,גינגר ורוד כבוש 160 גר ללא מונוסדיום,גרמים,160.00,100 גרם,false,1,7.90,4.9375,true,1,318167
7290015603898,false,חטיף אפונה וואסבי 10,סוזו יואי פודס,CN,חטיף אפונה וואסבי 100 גרם,גרמים,100.00,100 גרם,false,1,9.90,9.9000,true,1,309657
7290015634120,false,יין אוורד לבן עמק הא,,IL,יין אוורד בלנדד עמק האלה 750 מל,מיליליטרים,750.00,"100 מ""ל",false,12,45.00,6.0000,true,1,322458
7290015634175,false,יין אוורד קברנה סובי,,IL,יין אוורד קברנה סוביניון עמק האלה 750 מל,מיליליטרים,750.00,"100 מ""ל",false,12,45.00,6.0000,true,1,322457
7290015634182,false,יין אוורד בלנד עמק ה,,IL,יין אוורד קברנה מרלו עמק האלה 750 מל,מיליליטרים,750.00,"100 מ""ל",false,12,45.00,6.0000,true,1,322459
7290015634588,false,יין עמק האלה אדום 75,,IL,יין עמק האלה אדום 750 מל,מיליליטרים,750.00,"100 מ""ל",false,12,60.00,8.0000,true,1,333118
7290015634595,false,יין עמק האלה לבן 750,,IL,יין עמק האלה לבן 750 מל,מיליליטרים,750.00,"100 מ""ל",false,12,60.00,8.0000,true,1,333119
7290015652070,false,קשיו קלוי 150 גר,"דין שיווק וקלייה בע""",,קשיו קלוי 150 גר,גרמים,150.00,100 גרם,false,1,12.90,8.6000,true,1,308668
7290015652087,false,תערובת פיצוחים קלויי,,,תערובת פיצוחים קלויים 150 גר,גרמים,150.00,100 גרם,false,1,12.90,8.6000,true,1,308669
7290015652148,false,רוטב פסטה אהרוני עם,פרייבט לייבל פודס,US,רוטב פסטה אהרוני עם שום 680 גרם,גרמים,680.00,100 גרם,false,1,10.90,1.6029,true,1,327740
7290015652254,false,גרעיני חמניה קלויים,"דין שיווק וקלייה בע""",,גרעיני חמניה קלויים 400 גר מחיר מוטבע,גרמים,400.00,100 גרם,false,1,10.00,2.5000,true,1,255737
7290015652261,false,בוטנים קלויים 300 גר,"דין שיווק וקלייה בע""",,בוטנים קלויים 300 גרם מחיר מוטבע,גרמים,300.00,100 גרם,false,1,10.00,3.3333,true,1,255736
7290015652278,false,תערובת פיצוחים 250 ג,"דין שיווק וקלייה בע""",,תערובת פיצוחים 250 ג מחיר מוטבע,גרמים,250.00,100 גרם,false,1,20.00,8.0000,true,1,255741
7290015652285,false,אגוזים קלופים 250 גר,"שקדיה גבע תעשיות בע""",US,אגוזים קלופים 250 גרם 20 שח גורי,גרמים,250.00,100 גרם,false,25,20.00,8.0000,true,1,255742
7290015652292,false,קבוקים עם שומשום 400,"דין שיווק וקלייה בע""",,קבוקים עם שומשום 500גר מחיר מוטבע,גרמים,400.00,100 גרם,false,1,10.00,2.5000,true,1,255735
7290015652308,false,תערובת מנצס 300 גרם,"דין שיווק וקלייה בע""",,תערובת מנצס 300 גרם מחיר מוטבע,גרמים,300.00,100 גרם,false,1,10.00,3.3333,true,1,255738
7290015652322,false,בוטנים אמריקאים 400,"דין שיווק וקלייה בע""",,בוטנים אמריקאים 500 גר מחיר מוטבע,גרמים,400.00,100 גרם,false,1,10.00,2.5000,true,1,255734
7290015652407,false,פיסטוק קלוי 250 גרם,"דין שיווק וקלייה בע""",IL,פיסטוק קלוי 250 גרם מחיר מוטבע,גרמים,250.00,100 גרם,false,25,20.00,8.0000,true,1,307608
7290015652513,false,תערובת לסטייק אהרוני,נווה התבלין,IL,תערובת לסטייק אהרוני 150ג,גרמים,150.00,100 גרם,false,1,10.90,7.2667,true,1,327750
7290015652520,false,תערובת השף אהרוני 70,נווה התבלין,IL,תערובת השף אהרוני 70 ג,Unknown,0.00,Unknown,false,1,10.90,0.0000,true,1,327749
7290015652537,false,תערובת פלפל לימון פר,נווה התבלין,IL,תערובת פלפל לימון פרסי ושום אהרוני 130 ג,גרמים,130.00,100 גרם,false,1,10.90,8.3846,true,1,327746
7290015652568,false,תערובת עשבי תיבול לד,נווה התבלין,IL,תערובת עשבי תיבול לדג אהרוני 150 גרם,Unknown,0.00,Unknown,false,1,10.90,0.0000,true,1,327745
7290015652575,false,תערובת ראס אל חנות א,נווה התבלין,IL,תערובת ראס אל חנות אהרוני 150 ג,גרמים,150.00,100 גרם,false,1,10.90,7.2667,true,1,327748
7290015652582,false,תערובת חריימה לדג אה,נווה התבלין,IL,תערובת חריימה לדג אהרוני 150 גרם,גרמים,150.00,100 גרם,false,1,10.90,7.2667,true,1,327744
7290015652599,false,תערובת צלי בקר אהרונ,נווה התבלין,IL,תערובת צלי בקר אהרוני 120 ג,גרמים,120.00,100 גרם,false,1,10.90,9.0833,true,1,327747
7290015652605,false,פיסטוק קלוף טבעי השף,"דין שיווק וקלייה בע""",IL,פיסטוק קלוף טבעי השף 100 גרם,גרמים,100.00,100 גרם,false,12,20.00,20.0000,true,1,306874
7290015663052,false,תערובת מרק בריאות400,נווה התבלין,IL,מרק בריאות ביתי 400גרם,גרמים,400.00,100 גרם,false,6,23.50,5.8750,true,1,253303
7290015670012,false,עוגיות מרסי מטבעות ש,,IL,עוגיות מרסי מטבעות שומשום וטחינה 230 גרם,גרמים,230.00,100 גרם,false,1,33.90,14.7391,true,1,338375
7290015670029,false,מיקס מרסי שקד חמוציו,,IL,מיקס מרסי שקד חמוציות פפאיה וגרעינים225,גרמים,225.00,100 גרם,false,1,33.90,15.0667,true,1,332002
7290015670036,false,עוגיות מרסי קראנץ225,,IL,תערובת מרסי שומשום פשתן וסילאן 225 גרם,גרמים,225.00,100 גרם,false,1,33.90,15.0667,true,1,332000
7290015670043,false,מטבעות מרסי תמר ופיצ,,IL,מטבעות מרסי תמר ופיצוחים 225 גרם,גרמים,225.00,100 גרם,false,1,33.90,15.0667,true,1,331999
7290015670050,false,מיקס מרסי שקד גרעין,,IL,מיקס מרסי שקד גרעין גינגר ושוקולד מריר,גרמים,225.00,100 גרם,false,1,33.90,15.0667,true,1,332001
7290015670067,false,עוגיות מרסי אגוזי לו,,IL,עוגיות מרסי אגוזי לוז קשיו קוקוס 210 גרם,גרמים,210.00,100 גרם,false,1,33.90,16.1429,false,1,334605
7290015670074,false,עוגיות מרסי מטבעות ש,,IL,עוגיות מרסי מטבעות שבולת שועל קשיו230גרם,גרמים,230.00,100 גרם,false,1,33.90,14.7391,true,1,338453
7290015670081,false,אוזני המן מרסי בטעמי,,IL,אוזני המן מרסי בטעמים 250 גרם,Unknown,0.00,Unknown,false,1,33.90,0.0000,true,1,336647
7290015670104,false,מיקס מרסי שומשום דלע,,IL,מיקס מרסי שומשום דלעת חמניה225 גרם,גרמים,225.00,100 גרם,false,1,33.90,15.0667,true,1,331987
7290015670111,false,מטבעות מרסי שקדים וא,,IL,מטבעות מרסי שקדים ואגוזים 210 גרם,גרמים,210.00,100 גרם,false,1,33.90,16.1429,true,1,331986
7290015670128,false,מיקס מרסי שומשום קשי,,IL,מיקס מרסי שומשום קשיו 225 גרם,גרמים,225.00,100 גרם,false,1,33.90,15.0667,true,1,331988
7290015670135,false,עוגיות מרסי מטבעות פ,,IL,עוגיות מרסי מטבעות פירות יער 230 גרם,גרמים,230.00,100 גרם,false,1,33.90,14.7391,true,1,337098
7290015670142,false,עוגת מרסי בחושה כשלפ,,IL,עוגת מרסי בחושה כשלפ בטעמים 600 גרם,גרמים,600.00,100 גרם,false,1,34.90,5.8167,true,1,337100
7290015670203,false,מטבעות מרסי מיקס גרע,,IL,מטבעות מרסי מיקס גרעינים ובוטנים225 גרם,גרמים,225.00,100 גרם,false,1,33.90,15.0667,true,1,331990
7290015670210,false,מיקס מרסי גרעיני חמנ,,IL,מיקס מרסי גרעיני חמניה ושקדים225 גרם,גרמים,225.00,100 גרם,false,1,33.90,15.0667,true,1,331989
7290015670227,false,מטבעות מרסי מקלות שק,,IL,עוגיות מרסי מטבעות שקד חמוציות 210 גרם,גרמים,210.00,100 גרם,false,1,33.90,16.1429,true,1,331984
7290015670234,false,מטבעות מרסי שומשום ו,,IL,מטבעות מרסי שומשום וגרעינים225 גרם,גרמים,225.00,100 גרם,false,1,33.90,15.0667,true,1,331991
7290015670258,false,מטבעות מרסי שקד פרוס,,IL,מטבעות מרסי שקד פרוס תפוז מסוכר 210 גרם,גרמים,210.00,100 גרם,false,1,33.90,16.1429,true,1,331985
7290015670418,false,עוגיות מרסי חמאה ורי,,IL,עוגיות מרסי חמאה וריבת חלב קוקוס 240 ג,גרמים,240.00,100 גרם,false,1,33.90,14.1250,true,1,332010
7290015670425,false,עוגיות מרסי חמאה במי,,IL,עוגיות מרסי חמאה במילוי תות 240 ג,גרמים,240.00,100 גרם,false,1,33.90,14.1250,true,1,332008
7290015670432,false,עוגיות מרסי שבולת שו,,IL,עוגיות מרסי שבולת שועל אגוזי לוז 240גר,גרמים,240.00,100 גרם,false,1,33.90,14.1250,true,1,331997
7290015670449,false,עוגיות מרסי שבולת שו,,IL,עוגיות מרסי שבולת שועל וחמוציות 240גר,גרמים,240.00,100 גרם,false,1,33.90,14.1250,true,1,331996
7290015670456,false,עוגיות מרסי בצק פריך,,IL,עוגיות מרסי בצק פריך ממולא תמר אגוז240 ג,גרמים,240.00,100 גרם,false,1,33.90,14.1250,true,1,332006
7290015670463,false,עוגיות מרסי חמאה שוק,,IL,עוגיות מרסי חמאה תוספת שוקולד 250 ג,גרמים,250.00,100 גרם,false,1,33.90,13.5600,true,1,332017
7290015670531,false,רולדת ריבה ואגוזים מ,,IL,רולדת ריבה ואגוזים מרסי 250 גרם,גרמים,250.00,100 גרם,false,1,33.90,13.5600,true,1,336237
7290015670548,false,רולדת פרג מרסי 250 ג,,IL,רולדת פרג מרסי 250 גרם,גרמים,250.00,100 גרם,false,1,33.90,13.5600,true,1,336236
7290015670562,false,עוגיות מרסי טחינה וח,,IL,עוגיות מרסי טחינה וחמאה 240 ג,גרמים,240.00,100 גרם,false,1,33.90,14.1250,true,1,332011
7290015670623,false,עוגיות מרסי איטלקיות,,IL,עוגיות מרסי איטלקיות קמח מלא 240גר,גרמים,240.00,100 גרם,false,1,33.90,14.1250,true,1,331995
7290015670708,false,עוגיות מרסי בצק פריך,,IL,עוגיות מרסי בצק פריך מלוח שומשום 300גר,גרמים,300.00,100 גרם,false,1,33.90,11.3000,true,1,332039
7290015670753,false,עוגיות מרסי חמאה וגב,,IL,עוגיות מרסי חמאה וגבינת פרמזאן 250 ג,גרמים,250.00,100 גרם,false,1,33.90,13.5600,true,1,332034
7290015670807,false,עוגת מרסי שוקולד מרי,,IL,עוגת מרסי שוקולד מריר איכותי,Unknown,0.00,Unknown,false,1,33.90,0.0000,true,1,331979
7290015670814,false,עוגת מרסי שוקולד ומי,,IL,עוגת מרסי שוקולד ומיץ תפוז,Unknown,0.00,Unknown,false,1,33.90,0.0000,true,1,331980
7290015670838,false,עוגת מרסי גרדת לימון,,IL,עוגת מרסי גרדת לימון ומיץ תפוז,Unknown,0.00,Unknown,false,1,33.90,0.0000,true,1,331982
7290015670845,false,עוגת מרסי סולת קוקוס,,IL,עוגת מרסי סולת קוקוס קישוט קוקוס,Unknown,0.00,Unknown,false,1,33.90,0.0000,true,1,331978
7290015670852,false,עוגת מרסי בחושה תפוז,,IL,עוגת מרסי בחושה תפוז וקינמון,Unknown,0.00,Unknown,false,1,33.90,0.0000,true,1,331983
7290015670869,false,עוגת מרסי וניל אגוזי,,IL,עוגת מרסי וניל אגוזים וסירופ מייפל,Unknown,0.00,Unknown,false,1,33.90,0.0000,true,1,331977
7290015670876,false,עוגת מרסי בחושה בננו,,IL,עוגת מרסי בננות טריות ואגוזים זיגוג סוכר,Unknown,0.00,Unknown,false,1,33.90,0.0000,true,1,331973
7290015670883,false,עוגת מרסי בחושה גזר,,IL,עוגת מרסי גזר טרי נגיעות קינמון ואגוזים,Unknown,0.00,Unknown,false,1,33.90,0.0000,true,1,331974
7290015670890,false,עוגת מרסי וניל גרדת,,IL,עוגת מרסי וניל גרדת ומיץ לימון שקד פרוס,Unknown,0.00,Unknown,false,1,33.90,0.0000,true,1,331976
7290015670906,false,עוגת מרסי וניל סירופ,,IL,עוגת מרסי וניל סיקופ פירות יער קישוט ות,Unknown,0.00,Unknown,false,1,33.90,0.0000,true,1,331975
7290015670951,false,עוגת דבש גינגר ואגוז,,IL,עוגת דבש גינגר ואגוזים,Unknown,0.00,Unknown,false,1,33.90,0.0000,false,1,334433
7290015670975,false,עוגת דבש טבעי בחושה,,IL,עוגת דבש טבעי בחושה,Unknown,0.00,Unknown,false,1,33.90,0.0000,false,1,334435
7290015670982,false,עוגת דבש תפוח בחושה,,IL,עוגת דבש תפוח בחושה,Unknown,0.00,Unknown,false,1,33.90,0.0000,false,1,334436
7290015673013,false,טחון לצלייה על הגריל,,,טחון לצלייה על הגריל 500 גרם ליב,גרמים,500.00,100 גרם,false,6,25.90,5.1800,true,1,304655
7290015673150,false,אוקרה קציצות ברוקולי,ליב,,אוקרה קציצות ברוקולי 400 גרם,גרמים,400.00,100 גרם,false,6,25.90,6.4750,true,1,308563
7290015673167,false,אוקרה קציצות פטריות,ליב,,אוקרה קציצות פטריות וציה 400 גרם,גרמים,400.00,100 גרם,false,6,25.90,6.4750,true,1,308565
7290015673181,false,בורגר קליפורניה על ה,ליב,,בורגר קליפורניה על האש עם ברוקולי 400גרם,גרמים,400.00,100 גרם,false,6,25.90,6.4750,true,1,308560
7290015673198,false,בורגר טקסס על האש עם,ליב,,בורגר טקסס על האש עם פטריות 400גרם,גרמים,400.00,100 גרם,false,6,25.90,6.4750,true,1,308561
7290015673204,false,קבב בולגרי טבעוני עם,ליב,,קבב בולגרי טבעוני עם פטרוזיליה 400גר,גרמים,400.00,100 גרם,false,6,25.90,6.4750,true,1,308562
7290015673211,false,טחון מהצומח לבולונז,טבע דלי,,טחון מהצומח לבולונז 500 גר ליב,גרמים,500.00,100 גרם,false,6,25.90,5.1800,true,1,319655
7290015673280,false,סייטן עדשים וקינואה,טבע דלי,IL,סייטן עדשים וקינואה קפוא 500 גרם טבע דלי,גרמים,500.00,100 גרם,false,1,17.90,3.5800,true,1,311879
7290015673464,false,שווארמה מן הצומח 400,טבע דלי,IL,שווארמה מן הצומח 400גר קפוא ליב,גרמים,400.00,100 גרם,false,6,25.90,6.4750,true,1,322974
7290015673570,false,נגיסי טופו מוכנים 35,,IL,נגיסי טופו מוכנים 350גר קריספי טופו,גרמים,350.00,100 גרם,false,6,26.90,7.6857,true,1,325858
7290015673587,false,נגיסי טופו ברוטב אסי,,IL,נגיסי טופו ברוטב אסיאתי350גר קריספי טופו,גרמים,350.00,100 גרם,false,6,26.90,7.6857,true,1,325859
7290015673594,false,נגיסי טופו ברוטב בוט,,IL,נגיסי טופו ברוטב בוטנים350גר קריספי טופו,גרמים,350.00,100 גרם,false,6,26.90,7.6857,true,1,325860
7290015673617,false,כדורי בשר ללא בשר 40,ליב,,כדורי בשר ללא בשר 400גר טבע דלי,גרמים,400.00,100 גרם,false,6,25.90,6.4750,true,1,333834
7290015673662,false,שניצלוני טופו 400גר,,IL,שניצלוני טופו 400גר ליב,גרמים,400.00,100 גרם,false,10,29.90,7.4750,true,1,328689
7290015699730,false,סבון דה מרסיי לרצפות,מיפא,,נוזל לשטיפת רצפות הפי 1.5 ליטר,ליטרים,1.50,ליטר,false,1,14.90,9.9333,true,1,308193
7290015733120,false,מטרנה גולד שלב 1 70,מטרנה,,מטרנה גולד שלב 1 700 גר,גרמים,700.00,100 גרם,false,1,79.90,11.4143,true,1,322802
7290015733144,false,מטרנה גולד שלב 2 70,מטרנה,,מטרנה גולד שלב 2 700 גר,גרמים,700.00,100 גרם,false,1,79.90,11.4143,true,1,322803
7290015733168,false,מטרנה גולד שלב 3 70,מטרנה,,מטרנה גולד שלב 3 700 גר,גרמים,700.00,100 גרם,false,1,79.90,11.4143,true,1,322804
7290015733427,false,דייסת מטרנה גם וגם ו,מטרנה,,דייסת מטרנה גם וגם וניל פרו 300 גר,גרמים,300.00,100 גרם,false,1,21.90,7.3000,true,1,330225
7290015733441,false,דייסת מטרנה גם וגם ד,מטרנה,,דייסת מטרנה גם וגם דגנים פרו 300 גר,גרמים,300.00,100 גרם,false,1,21.90,7.3000,true,1,330226
7290015733465,false,דייסת מטרנה גם וגם ק,מטרנה,,דייסת מטרנה גם וגם קרנפ פרו 300 גר,גרמים,300.00,100 גרם,false,1,21.90,7.3000,true,1,330227
7290015733977,false,מטרנה קומפורט 700 גר,מטרנה,,מטרנה קומפורט 700 גר,גרמים,700.00,100 גרם,false,1,76.90,10.9857,true,1,336615
7290015762380,false,מחבת פנקייק 7 שקעים,,,מחבת פנקייק 7 שקעים 25סמ בלאק מארבל פוד,יחידה,1.00,יחידה,false,1,129.00,129.0000,true,1,343483
7290015781015,false,יין מלבק ויזן 750 מל,יקב טפרברג 1870,,יין מלבק ויזן 750 מל פקדון,מיליליטרים,750.00,"100 מ""ל",false,1,40.00,5.3333,true,1,304427
7290015781046,false,יין לבן חצי יבש 750,יקב טפרברג 1870,,יין לבן חצי יבש 750 מל פקדון,מיליליטרים,750.00,"100 מ""ל",false,1,40.00,5.3333,true,1,304432
7290015781053,false,יין לבן יבש 750 מל פ,יקב טפרברג 1870,,יין לבן יבש 750 מל פקדון,מיליליטרים,750.00,"100 מ""ל",false,1,40.00,5.3333,true,1,304433
7290015781091,false,יין קברנה סובניון ו,יקב טפרברג 1870,,יין קברנה סובניון ויזן 750 מל פקדון,מיליליטרים,750.00,"100 מ""ל",false,1,40.00,5.3333,true,1,304430
7290015781107,false,יין סנגובזה אימפרשיי,יקב טפרברג 1870,,יין סנגובזה אימפרשיין 750 מל,מיליליטרים,750.00,"100 מ""ל",false,1,45.00,6.0000,true,1,304439
7290015781114,false,יין מרלו אימפרשיין 7,יקב טפרברג 1870,,יין מרלו אימפרשיין 750 מל,מיליליטרים,750.00,"100 מ""ל",false,1,45.00,6.0000,true,1,304437
7290015781121,false,יין קברנה סובניון א,יקב טפרברג 1870,,יין קברנה סובניון אימפרשיין 750 מל,מיליליטרים,750.00,"100 מ""ל",false,1,45.00,6.0000,true,1,304440
7290015781138,false,יין שרדונה אימפרשיין,יקב טפרברג 1870,,יין שרדונה אימפרשיין 750,מיליליטרים,750.00,"100 מ""ל",false,1,45.00,6.0000,true,1,304443
7290015781152,false,יין רוזה אימפרשיין 7,יקב טפרברג 1870,,יין רוזה אימפרשיין 750 מל,מיליליטרים,750.00,"100 מ""ל",false,1,45.00,6.0000,true,1,304436
7290015781169,false,יין קברנה סובניון חצ,יקב טפרברג 1870,,יין קברנה סובניון חצי יבש אימפרשיין 750,מיליליטרים,750.00,"100 מ""ל",false,1,45.00,6.0000,true,1,304441
7290015781220,false,יין בלנד לבן חדש אינ,יקב טפרברג 1870,,יין בלנד לבן חדש אינספייר 750 מל,מיליליטרים,750.00,"100 מ""ל",false,1,60.00,8.0000,true,1,304448
7290015781237,false,יין בלנד לבן אינספי,יקב טפרברג 1870,,יין בלנד לבן אינספייר 750 מל,מיליליטרים,750.00,"100 מ""ל",false,1,60.00,8.0000,true,1,304449
7290015781268,false,יין מבעבע מוסקטו אדו,יקב טפרברג 1870,,יין מוסקטו אדום 750 מל פקדון,מיליליטרים,750.00,"100 מ""ל",false,1,40.00,5.3333,true,1,304435
7290015781275,false,יין מבעבע מוסקטו לבן,יקב טפרברג 1870,,יין לבן מוסקטו 750 מל פקדון,מיליליטרים,750.00,"100 מ""ל",false,1,40.00,5.3333,true,1,304434
7290015781282,false,יין גוורצטרמינר אימפ,יקב טפרברג 1870,IL,יין גוורצטרמינר אימפרשיין 750,מיליליטרים,750.00,"100 מ""ל",false,1,45.00,6.0000,true,1,304444
7290015781299,false,יין שיראז ויזן 750 מ,יקב טפרברג 1870,,יין שיראז ויזן 750 מל פקדון,מיליליטרים,750.00,"100 מ""ל",false,1,40.00,5.3333,true,1,304431
7290015781305,false,יין סירה אימפרשיין 7,יקב טפרברג 1870,,יין סירה אימפרשיין 750 מל,מיליליטרים,750.00,"100 מ""ל",false,1,45.00,6.0000,true,1,304438
7290015781862,false,יין רוזה אסנס 2017 7,יקב טפרברג 1870,,יין רוזה אסנס 2017 750 מל,מיליליטרים,750.00,"100 מ""ל",false,1,75.00,10.0000,true,1,323119
7290015790000,false,גרגירי רימונים בקופס,,,גרגירי רימונים,Unknown,0.00,Unknown,false,1,15.90,0.0000,true,1,305156
7290015790017,false,פומלה מקולפת 250 גרם,,,פומלה מקולפת 250 גרם,Unknown,0.00,Unknown,false,1,16.90,0.0000,true,1,325763
7290015839006,false,שטרודל תפוח עץ קפוא,,,שטרודל תפוח עץ קפוא,גרמים,500.00,100 גרם,false,1,26.90,5.3800,true,1,253717
7290015839013,false,שטרודל גבינה קפוא500,,,שטרודל גבינה קפוא,גרמים,500.00,100 גרם,false,1,26.90,5.3800,true,1,253718
7290015839020,false,שטרודל פרג קפוא,,,שטרודל פרג קפוא,גרמים,500.00,100 גרם,false,1,26.90,5.3800,true,1,253719
7290015839068,false,שטרודל פרג קפוא ללא,,IL,שטרודל פרג קפוא ללא סוכר 500גר,גרמים,500.00,100 גרם,false,1,26.90,5.3800,true,1,334678
7290015839082,false,שטרודל גבינה אוכמניו,,IL,שטרודל גבינה אוכמניות קפוא 500גר,גרמים,500.00,100 גרם,false,1,26.90,5.3800,true,1,334679
7290015839099,false,שטרודל גבינה שוקו קפ,,IL,שטרודל גבינה שוקו קפוא 500גר,גרמים,500.00,100 גרם,false,1,26.90,5.3800,true,1,334680
7290015839105,false,שטרודל בטטה ותפוח אד,,IL,שטרודל בטטה ותפוח אדמה קפוא 500גר,גרמים,500.00,100 גרם,false,1,26.90,5.3800,true,1,334681
7290015839136,false,שטרודל בטטה ותפוח אד,,IL,שטרודל בטטה ותפוח אדמה,Unknown,0.00,Unknown,false,1,38.00,0.0000,true,1,335242
7290015848862,false,תחליב הגנה אולטרסול,פישר תעשיות,,תחליב הגנה אולטרסול 50 250מל,מיליליטרים,250.00,"100 מ""ל",false,1,64.90,25.9600,true,1,308823
7290015848886,false,תחליב הגנה אולטרסול,פישר תעשיות,,תחליב הגנה אולטרסול קידס 50 250מל,מיליליטרים,250.00,"100 מ""ל",false,1,64.90,25.9600,true,1,308824
7290015848909,false,תחליב הגנה אולטרסול,פישר תעשיות,,תחליב הגנה אולטרסול קידס 30 250מל,מיליליטרים,250.00,"100 מ""ל",false,1,54.90,21.9600,true,1,308813
7290015848923,false,תחליב הגנה אולטרסול,פישר תעשיות,,תחליב הגנה אולטרסול מבוגרים 30 250 מל,מיליליטרים,250.00,"100 מ""ל",false,1,54.90,21.9600,true,1,308812
7290015848947,false,תחליב הגנה אולטרסול,פישר תעשיות,,תחליב הגנה אולטרסול קידס 50+ 250מל,מיליליטרים,250.00,"100 מ""ל",false,1,64.90,25.9600,true,1,313186
7290015848961,false,קרם הגנה אולטרסול לפ,פישר תעשיות,,קרם הגנה אולטרסול לפנים 50 75 מל,מיליליטרים,75.00,"100 מ""ל",false,1,54.90,73.2000,true,1,321456
7290015848978,false,קרם הגנה אולטרסול לפ,פישר תעשיות,,קרם הגנה אולטרסול לפנים 30 75 מל,מיליליטרים,75.00,"100 מ""ל",false,12,31.90,42.5333,true,1,308804
7290015848985,false,קרם הגנה אולטרסול קי,פישר תעשיות,,קרם הגנה אולטרסול קידס לפנים 50 75 מל,מיליליטרים,75.00,"100 מ""ל",false,1,54.90,73.2000,true,1,321457
7290015848992,false,קרם הגנה אולטרסול קי,פישר תעשיות,,קרם הגנה אולטרסול קידס לפנים 50 75 מל,מיליליטרים,75.00,"100 מ""ל",false,1,54.90,73.2000,true,1,308806
7290015855013,false,פלפל טינקרבל יח,,,פלפל טינקרבל יח,Unknown,0.00,Unknown,false,1,10.00,0.0000,true,1,306702
7290015855037,false,פלפל צילי חריף,,,פלפל צילי חריף,Unknown,0.00,Unknown,false,1,8.00,0.0000,true,1,308638
7290015855051,false,מלפפון טעם של פעם יח,,,מלפפון טעם של פעם יח,Unknown,0.00,Unknown,false,1,10.00,0.0000,true,1,311370
7290015855129,false,כרוב קייל,,,כרוב קייל,Unknown,0.00,Unknown,false,1,12.00,0.0000,true,1,306095
7290015855143,false,שיני שום קלופות בנספ,,,שיני שום קלופות בנספק,Unknown,0.00,Unknown,false,1,12.00,0.0000,true,1,305153
7290015855181,false,גינגר,,,גינגר,Unknown,0.00,Unknown,false,1,10.00,0.0000,true,1,312144
7290015855228,false,אספרגוס יחידה,,,אספרגוס יחידה,Unknown,0.00,Unknown,false,1,25.00,0.0000,true,1,306792
7290015855273,false,בזיליקום מארז גדול,,,בזיליקום מארז גדול,Unknown,0.00,Unknown,false,1,9.90,0.0000,true,1,345814
7290015858106,false,ממרח פסטו ביתי 180גר,,IL,ממרח פסטו ביתי 180גרם על לחם,גרמים,180.00,100 גרם,false,12,16.90,9.3889,true,1,327593
7290015858113,false,ממרח עגבניות מיובשות,,IL,ממרח עגבניות מיובשות 180גרם על לחם,גרמים,180.00,100 גרם,false,12,16.90,9.3889,true,1,327598
7290015858144,false,ממרח ארטישוק 180גרם,,IL,ממרח ארטישוק 180גרם על לחם,גרמים,180.00,100 גרם,false,12,16.90,9.3889,true,1,327592
7290015858151,false,ממרח שום 180גרם על ל,,IL,ממרח שום 180גרם על לחם,גרמים,180.00,100 גרם,false,12,16.90,9.3889,true,1,336880
7290015858175,false,ממרח פלפלים קלויים,,IL,ממרח פלפלים קלויים 180גרם על לחם,גרמים,180.00,100 גרם,false,12,16.90,9.3889,true,1,327597
7290015858229,false,ממרח טפנד זיתי קלמנט,,IL,ממרח טפנד זיתי קלמנטה 180גרם על לחם,גרמים,180.00,100 גרם,false,12,16.90,9.3889,true,1,327594
7290015858243,false,ממרח צימצורי 180גרם,,IL,ממרח צימצורי 180גרם על לחם,גרמים,180.00,100 גרם,false,12,16.90,9.3889,true,1,327595
7290015858328,false,ממרח פסטו עללחם 295,,IL,ממרח פסטו עללחם 295 גרם,גרמים,295.00,100 גרם,false,6,16.90,5.7288,true,1,347763
7290015858427,false,מארז 3יח ממרחי על הל,,IL,מארז 3יח ממרחי על הלחם 80גר,גרמים,240.00,100 גרם,false,1,21.90,9.1250,true,1,346516
7290015858434,false,שום כתוש 250 גרם על,,IL,שום כתוש 250 גרם על לחם,גרמים,250.00,100 גרם,false,12,13.90,5.5600,true,1,328690
7290015858441,false,ממרח עללחם אולי פלפל,,IL,ממרח עללחם אולי פלפלים 295 גרם,גרמים,295.00,100 גרם,false,6,16.90,5.7288,true,1,347764
7290015858687,false,ממרח עללחם אולי שום,,IL,ממרח עללחם אולי שום 295 גרם,גרמים,295.00,100 גרם,false,6,16.90,5.7288,true,1,347765
7290015858694,false,ממרח עללחם אולי שום,,IL,ממרח עללחם אולי שום לימון 295 גרם,גרמים,295.00,100 גרם,false,6,16.90,5.7288,true,1,347761
7290015865708,false,קונפיטורה אוכמניות ע,ענבי ציון,IL,קונפיטורה אוכמניות ענבי ציון 400 גרם,גרמים,400.00,100 גרם,false,6,17.90,4.4750,true,1,343252
7290015865715,false,קונפיטורה פירות יער,ענבי ציון,IL,קונפיטורה פירות יער ענבי ציון 400 גרם,גרמים,400.00,100 גרם,false,6,17.90,4.4750,true,1,343253
7290015865722,false,קונפיטורה תות שדה לי,ענבי ציון,IL,קונפיטורה תות שדה לייט ענבי ציון 400 גרם,גרמים,400.00,100 גרם,false,6,19.90,4.9750,true,1,343312
7290015865739,false,קונפיטורה אוכמניות ל,ענבי ציון,IL,קונפיטורה אוכמניות לייט ענבי ציון 400 גר,גרמים,400.00,100 גרם,false,6,19.90,4.9750,true,1,343313
7290015865746,false,קונפיטורה פירות יער,ענבי ציון,IL,קונפיטורה פירות יער לייט ענבי ציון400גרם,גרמים,400.00,100 גרם,false,6,19.90,4.9750,true,1,343314
7290015872553,false,חומוס מסעדות 700 גרם,סלטי שמיר,,חומוס מסעדות 700 גרם שמיר,גרמים,700.00,100 גרם,false,1,12.90,1.8429,true,1,308165
7290015888028,false,אורז בסמטי מיתאס 1 ק,ציימן לאל סטיה,,אורז בסמטי מיתאס 1 קג,קילוגרמים,1.00,"ק""ג",false,1,10.90,10.9000,true,1,313106
7290015888196,false,שמן חמניות שוקחה 1 ל,,,שמן חמניות 1 ל,ליטרים,1.00,ליטר,false,1,12.90,12.9000,true,1,318277
7290015888219,false,שמן חמניות שוקחה 5 ל,,,שמן חמניות שוקחה 5 ל,ליטרים,5.00,ליטר,false,1,59.90,11.9800,true,1,336238
7290015951159,false,יין ירדן פינו גרי 20,יקבי רמת הגולן,,יין ירדן פינו גרי 2016 750 מל,מיליליטרים,750.00,"100 מ""ל",false,1,75.00,10.0000,true,1,316698
7290015951227,false,יין גמלא סירה עברית,יקבי רמת הגולן,,יין גמלא השמורה סירה 2014 750 מל,מיליליטרים,750.00,"100 מ""ל",false,1,60.00,8.0000,true,1,322280
7290015951456,false,יין ירדן פטיט ורדו 2,,,יין ירדן פטיט ורדו 2015 עברית 750 מל,מיליליטרים,750.00,"100 מ""ל",false,1,129.00,17.2000,true,1,327257
7290015951463,false,יין ירדן 2 טי יבש עב,יקבי רמת הגולן,,יין ירדן 2 טי 750מל 2014 פקדון,מיליליטרים,750.00,"100 מ""ל",false,1,100.00,13.3333,true,1,313831
7290015951616,false,יין גמלא סנגובזה 750,יקבי רמת הגולן,,יין גמלא סנגובזה 2015 750 מל פקדון,מיליליטרים,750.00,"100 מ""ל",false,1,60.00,8.0000,true,1,318186
7290015968034,false,סבון אסלה כחול שלישי,הוסטס,CN,סבון אסלה כחול שלישייה הוסטס,יחידה,3.00,יחידה,false,12,10.90,3.6333,true,1,320518
7290015968102,false,קיסמי שיניים רפואי ע,,CN,קיסמי שיניים רפואי עם חוט דנטלי 100 יח,Unknown,0.00,Unknown,false,12,10.90,0.0000,true,1,317994
7290015968119,false,משטח מיקרופייבר דו צ,יוניסן,,משטח מיקרופייבר דו צדדי לייבוש כלים,יחידה,1.00,יחידה,false,1,11.90,11.9000,true,1,320529
7290015968133,false,אטב פרימיום כחול/לבן,,CN,אטב פרימיום כחול/לבן 48 יח,יחידה,48.00,יחידה,false,24,10.90,0.2271,true,1,317977
7290015968140,false,אטב בעיצוב איטלקי 36,,CN,אטב בעיצוב איטלקי 36 יח,יחידה,36.00,יחידה,false,24,10.90,0.3028,true,1,317976
7290015968324,false,נורת לד 12 ווט הברגה,,,נורת לד 12 ווט הברגה אור לבן אינטרסן,Unknown,0.00,Unknown,false,1,9.90,0.0000,true,1,317986
7290015968331,false,נורת לד 6 ווט הברגה,,,נורת לד 6 ווט הברגה אור לבן אינטרסן,Unknown,0.00,Unknown,false,1,7.90,0.0000,true,1,317987
7290015968348,false,נורת לד 9 ווט הברגה,,,נורת לד 9 ווט הברגה אור לבן אינטרסן,Unknown,0.00,Unknown,false,1,7.90,0.0000,true,1,317988
7290015968355,false,נורת לד כדור חלבי 5.,,,נורת לד כדור חלבי 5.5 ווט הברגה אינטרסן,Unknown,0.00,Unknown,false,1,7.90,0.0000,true,1,317991
7290015968362,false,נורת לד כדור חלבי 5.,,,נורת לד כדור חלבי 5.5 ווט הברגה אינטרסן,Unknown,0.00,Unknown,false,1,7.90,0.0000,true,1,317989
7290015968379,false,נורת לד כדור חלבי 5.,,,נורת לד כדור חלבי 5.5 ווט הברגה אינטרסן,Unknown,0.00,Unknown,false,1,7.90,0.0000,true,1,317990
7290015968782,false,מארז 3יח פדים להסרת,F.H.P CO.LT,,מארז 3יח פדים להסרת איפור 80יח,יחידה,240.00,יחידה,false,1,13.90,0.0579,true,1,319089
7290015983006,false,שדות בר חסה רומית,,,שדות בר חסה רומית,קילוגרמים,1.00,"ק""ג",true,,30.00,30.0000,true,1,255159
7290015983075,false,שדות בר בצל ירוק,,,שדות בר בצל ירוק,קילוגרמים,1.00,"ק""ג",true,,30.00,30.0000,true,1,304823
7290015983082,false,שדות בר ירק,,,שדות בר ירק,קילוגרמים,1.00,"ק""ג",true,,30.00,30.0000,true,1,304825
7290015983129,false,שדות בר פלפלונים,,,שדות בר פלפלונים,קילוגרמים,1.00,"ק""ג",true,,30.00,30.0000,true,1,312254
7290015983136,false,שרי בלינדה,,,שרי בלינדה,קילוגרמים,1.00,"ק""ג",true,,30.00,30.0000,true,1,320667
7290015983143,true,מלפפון בייבי שדות בר,,,מלפפון בייבי שדות בר,קילוגרמים,1.00,"ק""ג",true,,30.00,30.0000,true,1,323129
7290015996754,false,סוכרזית סטיוויה 300,,,סוכרזית סטיוויה 300 טבליות 71 גר,Unknown,0.00,Unknown,false,1,36.90,0.0000,true,1,314260
7290015996983,false,ממתיק סוכרלוז 100 שק,,,ממתיק סוכרלוז 100 שקיקים 100 גרם,מיליליטרים,100.00,"100 מ""ל",false,1,27.90,27.9000,true,1,323039
7290016006292,false,נקטר ספרינג מנגו בננ,יפאורה,IL,נקטר ספרינג מנגו בננה מלול 1 ל בקרטון,ליטרים,1.00,ליטר,false,12,7.50,7.5000,true,1,308735
7290016006339,false,מארז רביעיית מי עדן,יפאורה,IL,מארז רביעיית מי עדן 1 ליטר,ליטרים,4.00,ליטר,false,1,11.90,2.9750,true,1,309085
7290016006346,false,מארז שישיית סודה שוו,יפאורה,IL,מארז שישיית סודה שוופס 500 מל,ליטרים,3.00,ליטר,false,1,15.90,5.3000,true,1,308347
7290016006377,false,משקה שוופס מוגז תות,יפאורה,,משקה שוופס מוגז תות ליים 330 מל,מיליליטרים,330.00,"100 מ""ל",false,1,6.90,2.0909,true,1,312072
7290016035025,false,לחם פשתן פרוס 450 גר,,IL,לחם פשתן פרוס 450 גר,גרמים,450.00,100 גרם,false,12,24.90,5.5333,true,1,328224
7290016082234,false,בירה הגיבור סאוט אקס,,,בירה הגיבור סאוט אקסטרה 330מל בק. פקדון,מיליליטרים,330.00,"100 מ""ל",false,24,12.90,3.9091,true,1,334011
7290016083323,false,עוגיות מעמול תמרים ש,,,עוגיות מעמול תמרים שקד 500 גרם,גרמים,500.00,100 גרם,false,1,15.90,3.1800,true,1,333881
7290016083347,false,עוגיות רולדה תמר שקד,,,עוגיות רולדה תמר שקד 500 גרם,גרמים,500.00,100 גרם,false,1,15.90,3.1800,true,1,333882
7290016083378,false,עוגיות חיתוכיות שוקו,,,עוגיות חיתוכיות שוקולד שקד 500 גרם,גרמים,500.00,100 גרם,false,1,15.90,3.1800,true,1,333958
7290016083583,false,עוגיות שקד כעכים מרו,,,עוגיות שקד כעכים מרוקאיות 600 גרם,גרמים,600.00,100 גרם,false,1,15.90,2.6500,true,1,337508
7290016083644,false,עוגיות שקד קוקוס פרי,,,עוגיות שקד קוקוס פריכות600 גרם,גרמים,600.00,100 גרם,false,1,15.90,2.6500,true,1,337868
7290016083651,false,עוגיות שקד טעם חמאה,,,עוגיות שקד טעם חמאה 600 גרם,גרמים,600.00,100 גרם,false,1,15.90,2.6500,true,1,337825
7290016087192,false,עגבניות מרוסקות 230ג,פריניר,,עגבניות מרוסקות 230ג פרי ניר,גרמים,230.00,100 גרם,false,1,4.90,2.1304,true,1,318488
7290016087215,false,עגבניות מרוסקות עם ש,פריניר,,עגבניות מרוסקות עם שום 230גר פרי ניר,גרמים,230.00,100 גרם,false,1,4.90,2.1304,true,1,318489
7290016087222,false,רוטב שקשוקה מרוכז 23,פריניר,,רוטב שקשוקה מרוכז 230 גר פרי ניר,גרמים,230.00,100 גרם,false,1,5.50,2.3913,true,1,318493
7290016092059,false,נוזל לניקוי פירות וי,,,נוזל לניקוי פירות וירקות אלסיום 400מל,מיליליטרים,400.00,"100 מ""ל",false,6,24.90,6.2250,true,1,332262
7290016092110,false,משחת החתלה אלסיום,,,משחת החתלה אלסיום 120מל,מיליליטרים,120.00,"100 מ""ל",false,6,24.90,20.7500,true,1,332263
7290016092974,false,אלכוגל אלסיום לניקוי,,,אלכוגל אלסיום לניקוי וחיטוי 100מל,מיליליטרים,100.00,"100 מ""ל",false,12,12.90,12.9000,true,1,332259
7290016094008,false,קרם הגנה אולטרסול לפ,פישר תעשיות,,קרם הגנה אולטרסול לפנים 50 75 מל,מיליליטרים,75.00,"100 מ""ל",false,1,49.90,66.5333,true,1,308807
7290016094015,false,קרם הגנה אולטרסול קי,פישר תעשיות,,קרם הגנה אולטרסול קידס לפנים 30 75 מל,מיליליטרים,75.00,"100 מ""ל",false,12,31.90,42.5333,true,1,308805
7290016094022,false,תחליב הגנה אולטרסול,פישר תעשיות,,תחליב הגנה אולטרסול ספריי שקוף 50 200מל,מיליליטרים,250.00,"100 מ""ל",false,1,64.90,25.9600,true,1,313184
7290016094039,false,תחליב הגנה אולטרסול,פישר תעשיות,,תחליב הגנה אולטרסול קידס ספריי שקוף 50,מיליליטרים,250.00,"100 מ""ל",false,1,64.90,25.9600,true,1,313185
7290016094824,false,אולטרסול שמן אגוזים,פישר תעשיות,,אולטרסול שמן אגוזים ספרי לשיזוף 20 200מל,מיליליטרים,200.00,"100 מ""ל",false,1,54.90,27.4500,true,1,313187
7290016094961,false,קרם פנים אולטרסול בי,פישר תעשיות,,קרם פנים אולטרסול בייבינטורל 50פלוס 50מל,מיליליטרים,50.00,"100 מ""ל",false,1,64.90,129.8000,true,1,308814
7290016114300,false,נייר טואלט לילי לבן,חוגלה קימברלי,,נייר טואלט לילי לבן דאבל 16 גלילים,יחידה,16.00,יחידה,false,1,37.90,2.3687,true,1,310609
7290016135541,false,אטריות ביצים אוריינט,פ.פ.ה טאביט,,פסטה ביצים אוריינט פוזילי 3צבעים400 גר,גרמים,400.00,100 גרם,false,1,12.90,3.2250,true,1,310665
7290016135558,false,אטריות ביצים אוריינט,פ.פ.ה טאביט,,פסטה ביצים אוריינט חונקי 3צבעים400 גר,גרמים,400.00,100 גרם,false,1,12.90,3.2250,true,1,310666
7290016136890,false,מטהר אויר ספירה פרש,רנקסן סונגר סאן ביי,TR,מטהר אויר ספירה פרש פרחים 300מל ספריי,מיליליטרים,300.00,"100 מ""ל",false,24,4.90,1.6333,true,1,316780
7290016146004,false,קמח שקד מולבן 300 גר,שקד תבור,,קמח שקד מולבן 400 גרם,גרמים,300.00,100 גרם,false,1,27.90,9.3000,true,1,311968
7290016146028,false,סוכר קוקוס אורגני350,שקד תבור,,סוכר קוקוס אורגני350 גרם שקד,גרמים,300.00,100 גרם,false,1,15.00,5.0000,true,1,317130
7290016146066,false,מחית 100% תמרים 500,שקד תבור,IL,מחית 100% תמרים 500 גרם,גרמים,500.00,100 גרם,false,,14.90,2.9800,true,1,327847
7290016146073,false,קמח בוטנים 350 גרם,שקד תבור,,קמח בוטנים 350 גרם,גרמים,350.00,100 גרם,false,1,24.90,7.1143,true,1,326276
7290016146103,false,סילאן טבעי לחיץ שקד,"אלמונדס בע""מ",IL,סילאן טבעי לחיץ שקד תבור 500 גרם,גרמים,500.00,100 גרם,false,12,15.00,3.0000,true,1,311965
7290016146110,false,סירופ חרובים לחיץ שק,"אלמונדס בע""מ",IL,סירופ חרובים לחיץ שקד תבור 500 גרם,גרמים,500.00,100 גרם,false,12,22.90,4.5800,true,1,311964
7290016146141,false,סירופ מייפל 100% אמי,ג'קו,,סירופ מייפל 100% אמיתי אורגני 330מל,מיליליטרים,250.00,"100 מ""ל",false,1,28.90,11.5600,true,1,311966
7290016146165,false,סירופ מייפל אמיתי שק,ג'קו,,סירופ מייפל אמיתי שקד תבור 1 ל,ליטרים,1.00,ליטר,false,1,74.90,74.9000,true,1,334807
7290016146189,false,ממרח אגוזי מקדמיה200,שקד תבור,,ממרח אגוזי מקדמיה 195 גרם,גרמים,200.00,100 גרם,false,1,42.90,21.4500,true,1,325253
7290016146301,false,שמן בוטנים שקד תבור,שקד תבור,,שמן בוטנים 100% 250 מל,מיליליטרים,250.00,"100 מ""ל",false,1,14.90,5.9600,true,1,311970
7290016146400,false,שוקולד תבור 60% קקאו,לובקה,,שוקולד תבור 60% מריר 100 גרם,גרמים,100.00,100 גרם,false,1,15.90,15.9000,true,1,325279
7290016146424,false,שוקולד תבור 70% קקאו,לובקה,,שוקולד תבור 70% מריר 100 גרם,גרמים,100.00,100 גרם,false,1,15.90,15.9000,true,1,325280
7290016146431,false,שוקולד תבור 72% קקאו,לובקה,,שוקולד תבור 72% מריר 100 גרם,גרמים,100.00,100 גרם,false,1,15.90,15.9000,true,1,325281
7290016146448,false,שוקולד תבור 85% קקאו,לובקה,,שוקולד תבור 85% מריר 100 גרם,גרמים,100.00,100 גרם,false,1,15.90,15.9000,true,1,325282
7290016146455,false,שוקולד תבור 100% קקא,לובקה,,שוקולד תבור 100% מריר 100 גרם,גרמים,100.00,100 גרם,false,1,15.90,15.9000,true,1,325283
7290016146462,false,שוקולד תבור 88% קקאו,לובקה,,שוקולד תבור 88% קקאו אורגני 100 גרם,גרמים,100.00,100 גרם,false,1,15.90,15.9000,true,1,332432
7290016146523,false,גרנולה הבית שקד תבור,שקד תבור,,גרנולה הבית שקד תבור 500 גרם,גרמים,500.00,100 גרם,false,1,21.90,4.3800,true,1,332433
7290016146929,false,געלה ביתית בצנצנת 50,שקד תבור,IL,געלה ביתית בצנצנת 500 גרם,גרמים,500.00,100 גרם,false,12,24.90,4.9800,true,1,327819
7290016150865,false,תערובת מיזלי גרין בנ,וויטליה,MK,תערובת מיזלי גרין בננה תמר 1 קג,קילוגרמים,1.00,"ק""ג",false,10,25.90,25.9000,true,1,343765
7290016188585,false,יין למברוסקו רוזה 75,כרמל מזרחי,IL,יין למברוסקו רוזה 750 מל,מיליליטרים,750.00,"100 מ""ל",false,1,25.00,3.3333,true,1,328860
7290016188592,false,יין למברוסקו אדום 75,כרמל מזרחי,IL,יין למברוסקו אדום 750 מל,מיליליטרים,750.00,"100 מ""ל",false,1,25.00,3.3333,true,1,328861
7290016188608,false,יין למברוסקו לבן 750,כרמל מזרחי,IL,יין למברוסקו לבן 750 מל,מיליליטרים,750.00,"100 מ""ל",false,1,25.00,3.3333,true,1,328859
7290016197235,false,מעמד לעוגה חד פעמי מ,בראבו כלים חד פעמיים,,מעמד לעוגה חד פעמי מקרטון קומה אחת,יחידה,1.00,יחידה,false,1,21.90,21.9000,true,1,309184
7290016197488,false,מארז שלשיית מטליות ה,UFO,,מארז שלשיית מטליות הקסם ניקול לשיש,יחידה,3.00,יחידה,false,1,12.90,4.3000,true,1,307696
7290016197495,false,מארז זוג מטליות הקסם,UFO,,מארז זוג מטליות הקסם ניקול לרצפה,יחידה,2.00,יחידה,false,1,19.90,9.9500,true,1,307697
7290016197600,false,תחבושות דיפנד נורמל,חוגלה קימברלי,,תחבושות דיפנד נורמל 12 יחידות,יחידה,14.00,יחידה,false,1,19.90,1.4214,true,1,310051
7290016197617,false,תחבושות דיפנד אקסטרא,חוגלה קימברלי,,תחבושות דיפנד אקסטרא 10 יחידות,יחידה,10.00,יחידה,false,1,19.90,1.9900,true,1,310052
7290016197624,false,תחבושות דיפנד סופר 8,חוגלה קימברלי,,תחבושות דיפנד סופר 8 יחידות,יחידה,8.00,יחידה,false,1,19.90,2.4875,true,1,310053
7290016197839,false,שקיות אשפה חזקות אקס,UFO,,שקיות אשפה חזקות אקס אל 20 יח ניקול,יחידה,20.00,יחידה,false,1,24.90,1.2450,true,1,307699
7290016197853,false,שקיות אשפה פחים קטני,UFO,,שקיות אשפה פחים קטנים 25/42 50יח ניקול,יחידה,50.00,יחידה,false,1,16.90,0.3380,true,1,312778
7290016197877,false,שקיות אשפה פחי מטבח,UFO,,שקיות אשפה פחי מטבח קטנים 50 יח ניקול,יחידה,50.00,יחידה,false,12,21.90,0.4380,true,1,307700
7290016217643,false,סלט חמוצים סיני אסלי,סלטי שמיר,,סלט חמוצים סיני אסלי 400 גרם,גרמים,400.00,100 גרם,false,1,10.90,2.7250,true,1,309638
7290016217742,false,סלט חציל בטחינה 200,סלטי שמיר,,סלט חציל בטחינה 200 גרם גורמה,גרמים,200.00,100 גרם,false,1,10.90,5.4500,true,1,317306
7290016217759,false,סלט חציל מרוקאי 200ג,סלטי שמיר,,סלט חציל מרוקאי 200גר גורמה,גרמים,200.00,100 גרם,false,1,10.90,5.4500,true,1,317307
7290016217957,false,מקרל מעושן פרוס 100ג,,,מקרל מעושן פרוס 100גר שבעת הימים,גרמים,100.00,100 גרם,false,1,15.90,15.9000,true,1,314071
7290016217971,false,נסיכת הנילוס מעושנת,,,נסיכת הנילוס מעושנת 100 גר שבעת הימים,גרמים,100.00,100 גרם,false,1,23.90,23.9000,true,1,314072
7290016217988,false,דג גרבדלקס 100 גר שב,,,דג גרבדלקס 100 גר שבעת הימים,גרמים,100.00,100 גרם,false,1,23.90,23.9000,true,1,314070
7290016217995,false,סלט ביצים עם אבוקדו,סלטי שמיר,,סלט ביצים עם אבוקדו 200גרם גורמה,גרמים,200.00,100 גרם,false,1,17.90,8.9500,true,1,317310
7290016233247,false,עגבניות מיובשות עם ז,,TR,עגבניות מיובשות עם זיתים 250 גר,גרמים,250.00,100 גרם,false,12,9.90,3.9600,true,1,346831
7290016233254,false,עגבניות מיובשות קצוצ,,TR,עגבניות מיובשות קצוצות 250 גר,גרמים,250.00,100 גרם,false,12,9.90,3.9600,true,1,346830
7290016233261,false,עגבניות מיובשות רצוע,,TR,עגבניות מיובשות רצועות 250 גר,גרמים,250.00,100 גרם,false,12,9.90,3.9600,true,1,346832
7290016233995,false,אנשובי בשמן זית 45 ג,,,אנשובי בשמן זית 45 גר בפח,Unknown,0.00,Unknown,false,1,4.90,0.0000,true,1,331208
7290016245929,false,לחם טחינה 450 גרם מא,,IL,לחם טחינה 450 גרם מאפיית ביכורים,גרמים,450.00,100 גרם,false,12,25.90,5.7556,true,1,342097
7290016246018,false,מארז 10 יח חלבה פינו,רושדי תעשיות מזון בע,,מארז 10 יח חלבה פינוקיםת 20 גר,גרמים,200.00,100 גרם,false,1,12.90,6.4500,true,1,307259
7290016246025,false,מארז 10 יח חלבה ללא,רושדי תעשיות מזון בע,,מארז 10 יח חלבה ללא סוכר 20 גר,גרמים,200.00,100 גרם,false,1,12.90,6.4500,true,1,307258
7290016246292,false,מארז7יח חטיף חלבה ונ,רושדי תעשיות מזון בע,,מארז7יח חטיף חלבה וניל לוז 18 גר,גרמים,126.00,100 גרם,false,1,11.90,9.4444,true,1,319036
7290016246308,false,מארז7יח חטיף חלבה ונ,רושדי תעשיות מזון בע,,מארז7יח חטיף חלבה וניל קוקוס 18 גר,גרמים,126.00,100 גרם,false,1,11.90,9.4444,true,1,319035
7290016246445,false,טחינה בארכה מעודנת ש,רושדי תעשיות מזון בע,,טחינה בארכה שומשום מלא 310 גרם,גרמים,310.00,100 גרם,false,1,12.90,4.1613,true,1,325174
7290016246452,false,טחינה בארכה מעודנת ל,רושדי תעשיות מזון בע,,טחינה בארכה לימון ושום 310 גרם,גרמים,310.00,100 גרם,false,1,12.90,4.1613,true,1,325173
7290016248173,false,יין לבן מסע ישראלי ו,"ישראל-יקב ויתקין בע""",,יין לבן מסע ישראלי ויתקין 750 מל פקדון,מיליליטרים,750.00,"100 מ""ל",false,1,60.00,8.0000,true,1,313285
7290016248296,false,יין עמק חפר סובניון,"ישראל-יקב ויתקין בע""",IL,יין עמק חפר סובניון בלאן 750 מל,מיליליטרים,750.00,"100 מ""ל",false,1,60.00,8.0000,true,1,324141
7290016248432,false,יין קרינאן גפנים בוג,צרפת דומיין ברוסה,,יין קרינאן גפנים בוגרות ויתקין 750מל פקד,מיליליטרים,750.00,"100 מ""ל",false,1,115.00,15.3333,true,1,332814
7290016270709,false,עגבניות שרי אשכולות,,,עגבניות שרי אשכולות יח,Unknown,0.00,Unknown,false,1,9.90,0.0000,true,1,311869
7290016277630,false,צנובר 150 ג בקופסא ש,"דין שיווק וקלייה בע""",,צנובר 150 ג בקופסא ששון,גרמים,150.00,100 גרם,false,1,29.90,19.9333,true,1,311647
7290016277654,false,פיסטוק טבעי קלוף 150,"דין שיווק וקלייה בע""",IL,פיסטוק טבעי קלוף 150 ג בקופסא ששון,גרמים,150.00,100 גרם,false,1,30.00,20.0000,true,1,311649
7290016286014,false,זוג כוסות דאבל 250מל,,,זוג כוסות דאבל 250מל פוד אפיל,יחידה,2.00,יחידה,false,1,39.90,19.9500,true,1,347915
7290016286052,false,סט 2 כוסות דאבל עם צ,,,סט 2 כוסות דאבל עם צלוחית 250מל אינדיאה,יחידה,2.00,יחידה,false,1,52.90,26.4500,true,1,342773
7290016286069,false,סט 2 כוסות דאבל עם צ,,,סט 2 כוסות דאבל עם צלוחית 80מל אספרסו קו,יחידה,2.00,יחידה,false,1,45.90,22.9500,true,1,342746
7290016286083,false,סט 2 כוסות דאבל 300מ,,,סט 2 כוסות דאבל 300מל פוד אפל,יחידה,1.00,יחידה,false,1,39.90,39.9000,true,1,342721
7290016286090,false,סט 2 כוסות דאבל 350מ,,,סט 2 כוסות דאבל 350מל לאטה גמייקה פודאפל,יחידה,2.00,יחידה,false,1,46.90,23.4500,true,1,342748
7290016286250,false,תבנית קפיצית 24סמ דו,,,תבנית קפיצית 24סמ דולצה איטליאנו פוד אפל,יחידה,1.00,יחידה,false,1,44.90,44.9000,true,1,342738
7290016286267,false,תבנית אפיה קפיצית 26,,,תבנית אפיה קפיצית 26סמ בסיס חלק דולצה,יחידה,1.00,יחידה,false,1,54.90,54.9000,true,1,342781
7290016286274,false,תבנית אפיה קפיצית 28,,,תבנית אפיה קפיצית 28סמ דולצה איטליאנו,יחידה,1.00,יחידה,false,1,56.90,56.9000,true,1,342785
7290016286304,false,תבנית פאי 28סמ בסיס,,,תבנית פאי 28סמ בסיס נשלף דולצה איטליאנו,יחידה,1.00,יחידה,false,1,57.90,57.9000,true,1,342792
7290016287783,false,סט סכום יוקרתי 24חלק,,,סט סכום יוקרתי 24חלקים פוד אפל גלארי,יחידה,24.00,יחידה,false,1,119.00,4.9583,true,1,342851
7290016287851,false,כוס תרמית נירוסטה 40,,,כוס תרמית נירוסטה 400מל טו גו פוד אפיל,יחידה,1.00,יחידה,false,1,46.90,46.9000,true,1,343447
7290016287875,false,תרמוס נירוסטה 750מל,,,תרמוס נירוסטה 750מל עם נרתיק נשיאה טו גו,יחידה,1.00,יחידה,false,1,54.90,54.9000,true,1,342778
7290016287899,false,משטח חיתוך קלין אל פ,,,משטח חיתוך קלין אל פוד אפל,יחידה,1.00,יחידה,false,1,62.90,62.9000,true,1,342798
7290016287905,false,משטח חיתוך קלין אם פ,,,משטח חיתוך קלין אם פוד אפל,יחידה,1.00,יחידה,false,1,39.90,39.9000,true,1,342719
7290016287912,false,משטח חיתוך קלין אס פ,,,משטח חיתוך קלין אס פוד אפל,יחידה,1.00,יחידה,false,1,27.90,27.9000,true,1,342685
7290016287929,false,משטח חיתוך קלין פוד,,,משטח חיתוך קלין פוד אפל,יחידה,1.00,יחידה,false,1,39.90,39.9000,true,1,342717
7290016287936,false,משטח חיתוך קלין פוד,,,משטח חיתוך קלין פוד אפל,יחידה,1.00,יחידה,false,1,31.90,31.9000,true,1,342698
7290016299625,false,מסכת שיער ללא שטיפה,,,מסכת שיער ללא שטיפה קיק 250מל,מיליליטרים,250.00,"100 מ""ל",false,1,37.90,15.1600,true,1,337525
7290016299670,false,שמן קיק טהור ארגניה,,,שמן קיק טהור ארגניה 250מל,מיליליטרים,250.00,"100 מ""ל",false,1,29.90,11.9600,true,1,337520
7290016304022,false,מארז 10 לחמניות שומש,דוידוביץ,IL,מארז 10 לחמניות שומשום 75 גרם דוידוביץ,יחידה,10.00,יחידה,false,1,13.90,1.3900,true,1,333548
7290016304596,false,מארז 10 לחמניות 75גר,דוידוביץ,IL,מארז 10 לחמניות 75גרם דוידוביץ,יחידה,10.00,יחידה,false,1,13.90,1.3900,true,1,333547
7290016306026,false,גלידה שוקולד עם פצפו,גלידת אילו,IL,גלידה שוקולד עם פצפוצים טבעונית 473מל,מיליליטרים,473.00,"100 מ""ל",false,1,34.90,7.3784,true,1,314225
7290016306040,false,גלידה קרמל עם פקאן ק,גלידת אילו,IL,גלידה קרמל עם פקאן קלוי טבעונית 473מל,מיליליטרים,473.00,"100 מ""ל",false,1,34.90,7.3784,true,1,314224
7290016306064,false,גלידה פאי לימון טבעו,גלידת אילו,IL,גלידה פאי לימון טבעונית 473 מל,מיליליטרים,473.00,"100 מ""ל",false,1,34.90,7.3784,true,1,314222
7290016306101,false,גלידה קפוצינו עם שבר,גלידת אילו,IL,גלידה קפוצינו עם שברי שוקולד טבעונית 473,מיליליטרים,473.00,"100 מ""ל",false,1,34.90,7.3784,true,1,314223
7290016306132,false,גלידה פיסטוק טבעונית,גלידת אילו,IL,גלידה פיסטוק טבעונית 473מל,מיליליטרים,473.00,"100 מ""ל",false,1,34.90,7.3784,true,1,314226
7290016306149,false,גלידה טבעונית תותים,גלידת אילו,IL,גלידה טבעונית תותים בשמנת 473 מל,מיליליטרים,473.00,"100 מ""ל",false,1,34.90,7.3784,true,1,316769
7290016306187,false,גלידה קרם קוקוס פירו,גלידת אילו,,גלידה קרם קוקוס פירות יער טבעונית 473מל,מיליליטרים,473.00,"100 מ""ל",false,1,34.90,7.3784,true,1,321300
7290016306217,false,גלידה בראוני שוקולד,גלידת אילו,,גלידה בראוני שוקולד ואגוז טבעונית 473 מל,מיליליטרים,473.00,"100 מ""ל",false,1,34.90,7.3784,true,1,332951
7290016306224,false,גלידה קוקו וניל פצפו,גלידת אילו,,גלידה קוקו וניל פצפוצים טבעונית 473 מל,מיליליטרים,473.00,"100 מ""ל",false,1,34.90,7.3784,true,1,339130
7290016306323,false,גלידה שוקו בננה טבעו,גלידת אילו,,גלידה שוקו בננה טבעונית 473 מל,מיליליטרים,473.00,"100 מ""ל",false,1,34.90,7.3784,true,1,339131
7290016319187,false,עוג.סנדוויץ טוסו זו,אפיפית,,עוג.סנדוויץ טוסו זוג שוקו 300 גר,גרמים,300.00,100 גרם,false,6,17.90,5.9667,true,1,332497
7290016319194,false,עוג.סנדוויץ טוסו זו,אפיפית,,עוג.סנדוויץ טוסו זוג שוקו וניל 300 גר,גרמים,300.00,100 גרם,false,6,17.90,5.9667,true,1,332495
7290016319200,false,עוג.סנדוויץ טוסו זו,אפיפית,,עוג.סנדוויץ טוסו זוג אוראו 300 גר,גרמים,300.00,100 גרם,false,6,17.90,5.9667,true,1,332498
7290016319309,false,אל סבון פמילי 1ליטר,אינטרקוסמא,,אל סבון פמילי 1ליטר מאסק משאבה,ליטרים,1.00,ליטר,false,1,10.90,10.9000,true,1,310205
7290016320343,false,זוג נוזל אסלה טואלט,SC Jonson,,זוג נוזל אסלה טואלט דאק 750 מל לבנדר,ליטרים,1.50,ליטר,false,1,19.90,13.2667,true,1,318913
7290016321319,false,אל סבון פמילי 1 ליטר,אינטרקוסמא,TR,אל סבון פמילי 1 ליטר אשכולית אדומה,ליטרים,1.00,ליטר,false,12,10.90,10.9000,true,1,343245
7290016321326,false,אל סבון פמילי 1 ליטר,אינטרקוסמא,TR,אל סבון פמילי 1 ליטר מנדרינה לואיזה,ליטרים,1.00,ליטר,false,12,10.90,10.9000,true,1,343246
7290016321661,false,מארז 4יח מגבוני פרש,,,מארז 4יח מגבוני פרש וואנס סנסטיב קר 64יח,יחידה,64.00,יחידה,false,1,15.90,0.2484,true,1,327895
7290016321678,false,מארז 4יח מגבוני פרש,,,מארז 4יח מגבוני פרש וואנס נטורל קר 64יח,יחידה,64.00,יחידה,false,1,15.90,0.2484,true,1,327894
7290016321883,false,מארז 3יח מגבוני פרשו,על בד,,מארז 3יח מגבוני פרשוואנס נייר טואלט 40יח,יחידה,120.00,יחידה,false,1,12.90,0.1075,true,1,328874
7290016321890,false,מארז 3יח מגבוני פרשו,על בד,,מארז 3יח מגבוני פרשוואנס נייר טואלט 40יח,יחידה,120.00,יחידה,false,1,12.90,0.1075,true,1,328873
7290016329261,false,מתיר קשרים סרקל ספרי,פישר תעשיות,,מתיר קשרים סרקל ספריי 300מל,מיליליטרים,300.00,"100 מ""ל",false,1,32.90,10.9667,true,1,310033
7290016329278,false,מארז 4 יח מגבוני קמי,פישר תעשיות,,מארז 4 יח מגבוני קמיל בלו 64 יחידות,יחידה,256.00,יחידה,false,1,16.90,0.0660,true,1,318821
7290016329308,false,קרם רוזמרין סרקל לשי,פישר תעשיות,,קרם רוזמרין סרקל לשיער מתותל 340מל,מיליליטרים,340.00,"100 מ""ל",false,1,27.90,8.2059,true,1,317856
7290016329315,false,מתיר קשרים סרקל ספרי,פישר תעשיות,,מתיר קשרים סרקל ספריי לשיער מתולתל 300מל,מיליליטרים,300.00,"100 מ""ל",false,1,32.90,10.9667,true,1,313232
7290016329674,false,קרם פנים לתינוק קמיל,פישר תעשיות,IL,קרם פנים לתינוק קמיל בלו סנסטיב 75מל,מיליליטרים,75.00,"100 מ""ל",false,12,19.90,26.5333,true,1,317756
7290016370089,false,מלפפון 13-17 פיקנטי,,,מלפפון 13-17 פיקנטי יבנה 560 גרם,גרמים,560.00,100 גרם,false,1,10.90,1.9464,true,1,343457
7290016370096,false,זית מרוקאי מיובש גדו,,,זית מרוקאי מיובש גדול 340 גרם,גרמים,340.00,100 גרם,false,1,12.90,3.7941,true,1,343301
7290016370119,false,מלפפון במלח בינוני ט,,,מלפפון במלח בינוני טעם ביתי 540 גרם צנצנ,גרמים,540.00,100 גרם,false,1,9.90,1.8333,true,1,339049
7290016370225,false,תחתיות ארטישוק יבנה,קונסריוסאלגוזס,,תחתיות ארטישוק יבנה 440 גרם,גרמים,400.00,100 גרם,false,1,8.90,2.2250,true,1,339050
7290016370256,false,מארז 3 יח זית טבעות,,,מארז 3 יח זית טבעות ירוק200 גרם,גרמים,600.00,100 גרם,false,1,12.90,2.1500,true,1,337359
7290016370263,false,מארז 3 יח זית חרוזית,,,מארז 3 יח זית חרוזית 200 גרם,גרמים,600.00,100 גרם,false,1,12.90,2.1500,true,1,337146
7290016370270,false,זית קלמטה יווני מגול,,,זית קלמטה יווני מגולען 560 גרם,גרמים,560.00,100 גרם,false,12,11.90,2.1250,true,1,335329
7290016370300,false,זית קלמטה יווני שלם,,GR,זית קלמטה יווני שלם 560 גרם,גרמים,560.00,100 גרם,false,12,14.90,2.6607,true,1,336018
7290016370317,false,זית קלמטה יווני מגול,,GR,זית קלמטה יווני מגולען 560 גרם,גרמים,560.00,100 גרם,false,12,14.90,2.6607,true,1,336017
7290016370324,false,מיקס זית קלמטה יווני,,GR,מיקס זית קלמטה יווני מגולען 560 גרם,גרמים,560.00,100 גרם,false,12,14.90,2.6607,true,1,336019
7290016370911,false,זית ירוק טבעות יבנה,,,זית ירוק טבעות יבנה 400 גרם,גרמים,400.00,100 גרם,false,1,6.90,1.7250,true,1,323795
7290016370942,false,ירקות כבושים יבנה560,קוזט אס.איי.פיין פוד,,ירקות כבושים יבנה560 גר,גרמים,560.00,100 גרם,false,1,10.90,1.9464,true,1,311215
7290016370959,false,חציל קלוי על האש יבנ,קוזט אס.איי.פיין פוד,,חציל קלוי על האש יבנה 530 גר,גרמים,530.00,100 גרם,false,1,10.90,2.0566,true,1,311212
7290016372397,false,תה ירוק תפוז כורכום,תה ויסוצקי,,תה ירוק תפוז כורכום גינגר 1.5 ג 25 שק,יחידה,25.00,יחידה,false,1,24.90,0.9960,true,1,318237
7290016372434,false,תה ירוק מאצה יפנית 1,תה ויסוצקי,,תה ירוק מאצה יפנית 1.5 ג 25 שק,יחידה,25.00,יחידה,false,1,24.90,0.9960,true,1,318238
7290016372458,false,תה גן הקסום לימונית,תה ויסוצקי,,תה גן הקסום לימונית לואיזה 50 שק,גרמים,75.00,100 גרם,false,1,32.90,43.8667,true,1,318239
7290016372489,false,חליטת גינגר ולימון 2,תה ויסוצקי,,חליטת גינגר ולימון 20 שקיקים,יחידה,25.00,יחידה,false,1,18.90,0.7560,true,1,318234
7290016372496,false,תה גן קסום גינגר דבש,תה ויסוצקי,,חליטת גינגר דבש 20 שקיקים,יחידה,25.00,יחידה,false,1,18.90,0.7560,true,1,318231
7290016372915,false,תה ירוק דובדבן ומאצה,תה ויסוצקי,,תה ירוק דובדבן ומאצה יפני 1.5 ג 25 שק,יחידה,25.00,יחידה,false,1,24.90,0.9960,true,1,324479
7290016372922,false,תה ירוק קינמון גינגר,תה ויסוצקי,,תה ירוק קינמון גינגר וכורכום 1.5 ג 25 שק,יחידה,25.00,יחידה,false,1,24.90,0.9960,true,1,324478
7290016381443,false,סילאן טבעי כרם לחיץ,משק צור עין יהב,,סילאן טבעי כרם לחיץ 350 גרם,גרמים,350.00,100 גרם,false,1,13.90,3.9714,true,1,312893
7290016381474,false,סילאן אורגני כרם לחי,משק צור עין יהב,,סילאן אורגני כרם לחיץ 350 גרם,גרמים,350.00,100 גרם,false,1,18.90,5.4000,true,1,312894
7290016381481,false,מיץ רימונים 1 ליטר 1,,,מיץ רימונים 1 ליטר 100% טבעי,ליטרים,1.00,ליטר,false,1,18.90,18.9000,true,1,322223
7290016381825,false,משמש מיובש כרם 330 ג,אוסטה פוד,,משמש מיובש כרם 330 גרם קופסא,גרמים,330.00,100 גרם,false,1,19.90,6.0303,true,1,317975
7290016381962,false,משקה כרם אורז שקדים,,,משקה כרם אורז שקדים אורגני 1 ליטר,ליטרים,1.00,ליטר,false,10,10.00,10.0000,true,1,325317
7290016381986,false,ערמונים אורגנים כרם,טאנגש'אן סיטי מייקדו,CN,ערמונים אורגנים כרם 100 גרם,גרמים,100.00,100 גרם,false,50,5.90,5.9000,true,1,324690
7290016387254,false,משטח לייבוש כלים דו,,CN,משטח לייבוש כלים דו צדדי שיין,יחידה,1.00,יחידה,false,24,6.90,6.9000,true,1,330840
7290016387339,false,מטליות מיקרופייבר גמ,,CN,מטליות מיקרופייבר גמבו לרצפה 60/90סמ 2יח,יחידה,2.00,יחידה,false,24,14.90,7.4500,true,1,330838
7290016387483,false,כריות יפניות דו צדדי,,IL,כריות יפניות דו צדדיות 3 יח,יחידה,3.00,יחידה,false,36,5.90,1.9667,true,1,330843
7290016387698,false,כריות יפניות עדינות,,CN,כריות יפניות עדינות 3יח פנינה,יחידה,3.00,יחידה,false,36,6.90,2.3000,true,1,330842
7290016387742,false,מארז 2יח מטליות מיקר,,CN,מארז 2יח מטליות מיקרופייבר הברקה יבשה,יחידה,2.00,יחידה,false,36,11.90,5.9500,true,1,342498
7290016387841,false,אטבי כביסה צבעונים,GUANGDONG,CN,אטבי כביסה צבעונים 50יח גוי,יחידה,50.00,יחידה,false,24,9.90,0.1980,true,1,324006
7290016387926,false,מפת שולחן נצמדת עם,GUANGDONG,CN,מפת שולחן נצמדת עם גומי היקפי 180/75,יחידה,1.00,יחידה,false,24,14.90,14.9000,true,1,325209
7290016408119,false,כעכים מלוחים טרליני,אפוליה פוד,,כעכים מלוחים טרליני קלאסי 225 גרם,גרמים,225.00,100 גרם,false,1,7.50,3.3333,true,1,309947
7290016408133,false,כעכים מלוחים טרליני,אפוליה פוד,,כעכים מלוחים טרליני בצל זיתים225 גרם,גרמים,225.00,100 גרם,false,1,7.50,3.3333,true,1,309951
7290016408157,false,כעכים מלוחים טרליני,אפוליה פוד,,כעכים מלוחים טרליני קמח מלא 225 גרם,גרמים,225.00,100 גרם,false,1,7.50,3.3333,true,1,309952
7290016408164,false,כעכים מלוחים טרליני,אפוליה פוד,,כעכים מלוחים טרליני שום צילי 225 גרם,גרמים,225.00,100 גרם,false,1,7.50,3.3333,true,1,309949
7290016408294,false,מרשמלו לבן ורוד כרמי,כרמית,,מרשמלו לבן ורוד כרמית 150 ג,גרמים,150.00,100 גרם,false,1,6.00,4.0000,true,1,313931
7290016408393,false,קרקר פניני דגנים עם,דוויטה ג'יי.אס.סי,,קרקר דגנים עם שומשום 130 גרם,גרמים,130.00,100 גרם,false,1,7.50,5.7692,true,1,311109
7290016408416,false,קרקר פניני דגנים עם,דוויטה ג'יי.אס.סי,,קרקר דגנים עם צילי 130 גרם,גרמים,130.00,100 גרם,false,1,7.50,5.7692,true,1,311105
7290016408423,false,קרקר פניני דגנים עם,דוויטה ג'יי.אס.סי,,קרקר דגנים עם זית שחור 130 גרם,גרמים,130.00,100 גרם,false,1,7.50,5.7692,true,1,311106
7290016408430,false,קרקר פניני דגנים עם,דוויטה ג'יי.אס.סי,,קרקר דגנים עם תבלינים 130 גרם,גרמים,130.00,100 גרם,false,1,7.50,5.7692,true,1,311107
7290016408447,false,קרקר פניני דגנים עם,דוויטה ג'יי.אס.סי,,קרקר דגנים עם עגבניות 130 גרם,גרמים,130.00,100 גרם,false,1,7.50,5.7692,true,1,311108
7290016408836,false,זוג שוקולד חלב כרמית,כרמית,,זוג שוקולד חלב כרמית ל.ס 170 גר,גרמים,170.00,100 גרם,false,1,10.90,6.4118,true,1,324603
7290016408980,false,מטבעות שוקולד חלב בר,כרמית,IL,מטבעות שוקולד חלב ברשת 36 גרם,Unknown,0.00,Unknown,false,35,3.90,0.0000,true,1,347408
7290016429992,false,אלכוגל מארז סיליקון,פישר תעשיות,,אלכוגל מארז סיליקון עם דמות 30מל,Unknown,0.00,Unknown,false,15,13.90,0.0000,true,1,317760
7290016437416,false,תחתון דיפנד לייקרה ס,KC Vietnam,,תחתון דיפנד לייקרה סופג נשים מדיום 18יח,יחידה,18.00,יחידה,false,4,74.90,4.1611,true,1,332958
7290016437423,false,תחתון דיפנד לייקרה ס,KC Vietnam,,תחתון דיפנד לייקרה סופג נשים לארג 16יח,יחידה,16.00,יחידה,false,4,74.90,4.6813,true,1,332959
7290016437430,false,תחתון דיפנד לייקרה ס,KC Vietnam,,תחתון דיפנד לייקרה סופג נשים אקס אל 14יח,יחידה,14.00,יחידה,false,4,74.90,5.3500,true,1,332960
7290016437461,false,תחתון דיפנד לייקרה ס,KC USA,,תחתון דיפנד לייקרה סופג גברים לארג 16יח,יחידה,16.00,יחידה,false,1,74.90,4.6813,true,1,332962
7290016437591,false,תחתוני קוטקס סופגים,KC Turkey,,תחתוני קוטקס סופגים לאחר לידה מדיום 8יח,יחידה,8.00,יחידה,false,1,36.90,4.6125,true,1,324793
7290016437607,false,תחתוני קוטקס סופגים,KC Turkey,,תחתוני קוטקס סופגים לאחר לידה לארג 8יח,יחידה,8.00,יחידה,false,1,36.90,4.6125,true,1,324794
7290016437614,false,חיתולי האגיס פרידום,,,חיתולי האגיס פרידום דריי פאנטס שלב3 44יח,יחידה,44.00,יחידה,false,1,49.90,1.1341,true,1,313205
7290016437621,false,חיתולי האגיס פרידום,,,חיתולי האגיס פרידום דריי פאנטס שלב4 36יח,יחידה,36.00,יחידה,false,1,49.90,1.3861,true,1,313206
7290016437645,false,חיתולי האגיס פרידום,,,חיתולי האגיס פרידום דריי פאנטס שלב5 34יח,יחידה,34.00,יחידה,false,1,49.90,1.4676,true,1,313207
7290016437652,false,חיתולי האגיס פרידום,,,חיתולי האגיס פרידום דריי פאנטס שלב6 30יח,יחידה,30.00,יחידה,false,1,49.90,1.6633,true,1,313208
7290016437690,false,זוג תחבושות קוטקס יא,KC Turkey,,זוג תחבושות קוטקס יאנג 56 יחידות,יחידה,56.00,יחידה,false,1,37.90,0.6768,true,1,312257
7290016440218,false,עמבה פרי מעדני עופר,,,עמבה פרי מעדני עופר 500 גר,גרמים,500.00,100 גרם,false,1,13.90,2.7800,true,1,317830
7290016448771,false,משקה ציה בטעם אפרסק,,,משקה ציה בטעם אפרסק 290מל פקדון,מיליליטרים,290.00,"100 מ""ל",false,24,6.90,2.3793,true,1,332274
7290016448788,false,משקה ציה בטעם אננס,,,משקה ציה בטעם אננס 290מל פקדון,מיליליטרים,290.00,"100 מ""ל",false,24,6.90,2.3793,true,1,332273
7290016448795,false,משקה ציה בטעם קוקטיי,,,משקה ציה בטעם קוקטייל פירות 290מל פקדון,מיליליטרים,290.00,"100 מ""ל",false,24,6.90,2.3793,true,1,332275
7290016448801,false,משקה ציה בטעם קיווי,,,משקה ציה בטעם קיווי 290מל פקדון,מיליליטרים,290.00,"100 מ""ל",false,24,6.90,2.3793,true,1,332277
7290016448818,false,קפה קר טעם קפוצינו,,,קפה קר טעם קפוצינו 250מל נאמבר 1,מיליליטרים,250.00,"100 מ""ל",false,24,6.60,2.6400,true,1,332284
7290016448832,false,קפה קר טעם אספרסו 25,,,קפה קר טעם אספרסו 250מל נאמבר 1,מיליליטרים,250.00,"100 מ""ל",false,24,6.60,2.6400,true,1,332286
7290016448856,false,קפה קר טעם טירמיסו 2,,,קפה קר טעם טירמיסו 250מל נאמבר 1,מיליליטרים,250.00,"100 מ""ל",false,24,6.60,2.6400,true,1,332288
7290016448863,false,ממרח שפרוטים מעושנים,,UA,ממרח שפרוטים מעושנים 160 גרפ,גרמים,160.00,100 גרם,false,36,4.90,3.0625,true,1,332059
7290016448870,false,שפרוטים בשמן צמחי150,,UA,שפרוטים בשמן צמחי 150 גרם,גרמים,150.00,100 גרם,false,36,5.90,3.9333,true,1,335227
7290016448887,false,שפרוטים בשמן צמחי240,,UA,שפרוטים בשמן צמחי240 גרם,גרמים,240.00,100 גרם,false,24,8.90,3.7083,true,1,335228
7290016448900,false,סרדינים בשמן חמניות,,UA,סרדינים בשמן חמניות 240 גרם,גרמים,240.00,100 גרם,false,24,8.90,3.7083,true,1,335229
7290016448924,false,מקרל ריגה ברוטב עגבנ,,LV,מקרל ריגה ברוטב עגבניות 200 גרם,גרמים,200.00,100 גרם,false,24,7.90,3.9500,true,1,335236
7290016448948,false,פילה סלמון ריגה סטאר,,LV,פילה סלמון ריגה סטאר בשמן 200 גרם,גרמים,200.00,100 גרם,false,24,9.90,4.9500,true,1,335233
7290016452129,false,פטל אדום בקופסא,,,פטל אדום בקופסא,Unknown,0.00,Unknown,false,1,29.90,0.0000,true,1,333253
7290016452235,false,דומדומניות יבוא 125,,,דומדומניות יבוא 125 גרם רוח שתות,Unknown,0.00,Unknown,false,1,29.90,0.0000,true,1,346899
7290016476606,false,יין פרובנס רוזה מאלי,דומיין קארטרון,,יין רוזה מאליז 750 מל,מיליליטרים,750.00,"100 מ""ל",false,1,80.00,10.6667,true,1,310115
7290016505009,false,שוקולד קרם בוטנים פנ,,,שוקולד קרם בוטנים פנדה 100 גר,גרמים,100.00,100 גרם,false,1,17.90,17.9000,true,1,328146
7290016505016,false,שוקולד קלאסי פנדה 10,,,שוקולד קלאסי פנדה 100 גר,גרמים,100.00,100 גרם,false,1,17.90,17.9000,true,1,328145
7290016505023,false,שוקולד קרם נוגט פנדה,,,שוקולד קרם נוגט פנדה 100 גר,גרמים,100.00,100 גרם,false,1,17.90,17.9000,true,1,328147
7290016505030,false,שוקולד אגוזי לוז פנד,,,שוקולד אגוזי לוז פנדה 100 גר,גרמים,100.00,100 גרם,false,1,17.90,17.9000,true,1,328142
7290016505047,false,שוקולד קרמל ומלח גס,,,שוקולד קרמל ומלח גס פנדה 100 גר,גרמים,100.00,100 גרם,false,1,17.90,17.9000,true,1,328148
7290016505108,false,שוקולד מריר קוקוס פנ,,,שוקולד מריר קוקוס פנדה 100 גר,גרמים,100.00,100 גרם,false,1,17.90,17.9000,true,1,328143
7290016505115,false,שוקולד מריר קפה פנדה,,,שוקולד מריר קפה פנדה 100 גר,גרמים,100.00,100 גרם,false,1,17.90,17.9000,true,1,328144
7290016509304,false,סבון אסלה כדוריות סו,,,סבון אסלה כדוריות סוד לבנדר,Unknown,0.00,Unknown,false,1,9.90,0.0000,true,1,315319
7290016509342,false,מארז שלישיית סבון אס,,,מארז שלישיית סבון אסלה כדוריות סוד כחול,יחידה,3.00,יחידה,false,1,14.90,4.9667,true,1,316773
7290016509786,false,נוזל כביסה גל פרסיל,הנקל,,נוזל כביסה גל פרסיל 2.5 ליטר ירוק,ליטרים,2.50,ליטר,false,1,29.90,11.9600,true,1,323216
7290016509816,false,נוזל כביסה גל פרסיל,הנקל,IL,נוזל כביסה גל פרסיל 4 ליטר קולור,ליטרים,4.00,ליטר,false,4,42.90,10.7250,true,1,323215
7290016509823,false,נוזל כביסה גל פרסיל,הנקל,,נוזל כביסה גל פרסיל 2.5 ליטר בלו,ליטרים,2.50,ליטר,false,1,29.90,11.9600,true,1,323218
7290016509830,false,נוזל כביסה גל פרסיל,הנקל,,נוזל כביסה גל פרסיל 2.5 ליטר בייבי,ליטרים,2.50,ליטר,false,1,29.90,11.9600,true,1,323219
7290016509847,false,נוזל כביסה גל פרסיל,הנקל,,נוזל כביסה גל פרסיל 2.5 ליטר בלאק,ליטרים,2.50,ליטר,false,1,29.90,11.9600,true,1,325031
7290016510096,false,שמפו הוואי קוקוס 700,טרופיקל דגיל,,שמפו הוואי קוקוס 700מל,מיליליטרים,700.00,"100 מ""ל",false,1,8.90,1.2714,true,1,321060
7290016510102,false,מרכך הוואי קוקוס 700,טרופיקל דגיל,,מרכך הוואי קוקוס 700מל,מיליליטרים,700.00,"100 מ""ל",false,1,8.90,1.2714,true,1,321061
7290016510225,false,תחליב רחצה הוואי וני,טרופיקל דגיל,IL,תחליב רחצה הוואי וניל דבש 700מל,מיליליטרים,700.00,"100 מ""ל",false,1,8.90,1.2714,true,1,323470
7290016510232,false,תחליב רחצה הוואי יוג,טרופיקל דגיל,IL,תחליב רחצה הוואי יוגורט קוקוס 700מל,מיליליטרים,700.00,"100 מ""ל",false,1,8.90,1.2714,true,1,323471
7290016510249,false,תחליב רחצה הוואי יוג,טרופיקל דגיל,IL,תחליב רחצה הוואי יוגורט שקדים 700מל,מיליליטרים,700.00,"100 מ""ל",false,1,8.90,1.2714,true,1,323475
7290016510263,false,תחליב רחצה הוואי ויו,טרופיקל דגיל,IL,תחליב רחצה הוואי ויולה ורודה 700מל,מיליליטרים,700.00,"100 מ""ל",false,1,8.90,1.2714,true,1,323473
7290016510317,false,תחליב רחצה הוואי לגב,טרופיקל דגיל,IL,תחליב רחצה הוואי לגבר פול פורס 700מל,מיליליטרים,700.00,"100 מ""ל",false,1,8.90,1.2714,true,1,323468
7290016510324,false,תחליב רחצה הוואי לגב,טרופיקל דגיל,IL,תחליב רחצה הוואי לגבר איריססטבל 700מל,מיליליטרים,700.00,"100 מ""ל",false,1,8.90,1.2714,true,1,323469
7290016510331,false,אל סבון הוואי ילדים,טרופיקל דגיל,,אל סבון הוואי ילדים 700 מל,מיליליטרים,700.00,"100 מ""ל",false,1,8.90,1.2714,true,1,332821
7290016510348,false,אל סבון הוואי ילדים,טרופיקל דגיל,,אל סבון הוואי ילדים בנים 700 מל,מיליליטרים,700.00,"100 מ""ל",false,1,8.90,1.2714,true,1,332822
7290016510683,false,סבון ידיים נוזלי הוו,הנקל סוד,,סבון ידיים נוזלי הוואי בלו סקיי 1 ליטר,ליטרים,1.00,ליטר,false,12,10.90,10.9000,true,1,324778
7290016510768,false,תחליב רחצה הוואי יוג,טרופיקל דגיל,IL,תחליב רחצה הוואי יוגורט אוכמניות 700מל,מיליליטרים,700.00,"100 מ""ל",false,1,8.90,1.2714,true,1,326333
7290016510874,false,שמפו הוואי ברבי ילדי,טרופיקל דגיל,,שמפו הוואי ברבי ילדים אמא ובת 700מל,מיליליטרים,700.00,"100 מ""ל",false,12,13.90,1.9857,true,1,330613
7290016510898,false,שמפו הוואי פריחת הדו,טרופיקל דגיל,,שמפו הוואי פריחת הדובדבן 700 מל,מיליליטרים,700.00,"100 מ""ל",false,1,8.90,1.2714,true,1,327166
7290016510904,false,מרכך הוואי פריחת הדו,טרופיקל דגיל,,מרכך הוואי פריחת הדובדבן 700 מל,מיליליטרים,700.00,"100 מ""ל",false,1,8.90,1.2714,true,1,327167
7290016513684,false,כיסונים כפרי במילוי,,IL,כיסונים כפרי במילוי בשר והודו 750גר,גרמים,750.00,100 גרם,false,10,25.90,3.4533,true,1,345535
7290016513974,false,קרפלך במילוי פיטריות,,IL,קרפלך במילוי פיטריות 600גר,גרמים,600.00,100 גרם,false,12,12.90,2.1500,true,1,345538
7290016513981,false,קרפלך תפוא 600גר,,IL,קרפלך תפוא 600גר,גרמים,600.00,100 גרם,false,12,12.90,2.1500,true,1,345537
7290016523171,false,סטימר עץ 12,Fujian fuzhou tian s,,סטימר עץ 12,Unknown,0.00,Unknown,false,1,75.00,0.0000,true,1,311929
7290016523188,false,סטימר עץ 10,Fujian fuzhou tian s,,סטימר עץ 10,Unknown,0.00,Unknown,false,1,60.00,0.0000,true,1,311930
7290016523195,false,סטימר עץ 8,Fujian fuzhou tian s,,סטימר עץ 8,Unknown,0.00,Unknown,false,1,45.00,0.0000,true,1,311931
7290016545005,false,בירה דודהשך קראפט אמ,,BE,בירה דודהשך קראפט אמבר אייל 330מל בק.פקד,מיליליטרים,330.00,"100 מ""ל",false,24,14.90,4.5152,true,1,345886
7290016545012,false,בירה חתול שמן קראפט,,BE,בירה חתול שמן קראפט פייל אייל330מל בק.פק,מיליליטרים,330.00,"100 מ""ל",false,24,14.90,4.5152,true,1,345888
7290016545036,false,בירה בלאק גק קראפט ס,,BE,בירה בלאק גק קראפט סטאוט 330מל בק.פקדון,מיליליטרים,330.00,"100 מ""ל",false,24,14.90,4.5152,true,1,345884
7290016545050,false,בירה עשר קראפט טריפל,,BE,בירה עשר קראפט טריפל בלגי 330מל בק.פקדון,מיליליטרים,330.00,"100 מ""ל",false,24,14.90,4.5152,true,1,345889
7290016545067,false,בירה וויטני קראפט חי,,BE,בירה וויטני קראפט חיטה 330מל בק.פקדון,מיליליטרים,330.00,"100 מ""ל",false,24,14.90,4.5152,true,1,345887
7290016545074,false,בירה גאלאגר קראפט פי,,BE,בירה גאלאגר קראפט פילס 330מל בק.פקדון,מיליליטרים,330.00,"100 מ""ל",false,24,14.90,4.5152,true,1,345885
7290016564006,false,ספוגית מבריקל הפלא,,,ספוגית מבריקל הפלא 3 יח,יחידה,3.00,יחידה,false,1,10.90,3.6333,true,1,324398
7290016564099,false,מבריקל רדיד אלומיניו,,IL,מבריקל רדיד אלומיניום זוג,יחידה,2.00,יחידה,false,1,11.90,5.9500,true,1,338821
7290016564150,false,מטליות לחות מבריקל 1,,,מטליות לחות מבריקל 10יח,יחידה,10.00,יחידה,false,1,11.90,1.1900,true,1,324400
7290016564310,false,מבריקל ניילון נצמד,,IL,מבריקל ניילון נצמד זוג,יחידה,2.00,יחידה,false,1,11.90,5.9500,true,1,338822
7290016607345,false,יין רזרב שיראז דלתון,"יקב דלתון בע""מ",,יין רזרב שיראז דלתון 750 מל,מיליליטרים,750.00,"100 מ""ל",false,1,100.00,13.3333,true,1,329061
7290016607390,false,יין מרלו רזרב דלתון,"יקב דלתון בע""מ",IL,יין מרלו רזרב דלתון 750 מל,מיליליטרים,750.00,"100 מ""ל",false,1,100.00,13.3333,true,1,334908
7290016607406,false,יין קברנה סוביניון ר,"יקב דלתון בע""מ",,יין קברנה סוביניון רזרב 2016 750 מל,מיליליטרים,750.00,"100 מ""ל",false,1,100.00,13.3333,true,1,329964
7290016607529,false,יין דלתון קוסט טו קו,"יקב דלתון בע""מ",IL,יין דלתון קוסט טו קוסט אסופה 750 מל,מיליליטרים,750.00,"100 מ""ל",false,6,100.00,13.3333,true,1,332336
7290016607536,false,יין דלתון קרינין מאג,"יקב דלתון בע""מ",IL,יין דלתון קרינין מאגסטיק אסופה 750 מל,מיליליטרים,750.00,"100 מ""ל",false,6,100.00,13.3333,true,1,332335
7290016607543,false,יין דלתון לבנטינה אס,"יקב דלתון בע""מ",IL,יין דלתון לבנטינה אסופה 750 מל,מיליליטרים,750.00,"100 מ""ל",false,6,100.00,13.3333,true,1,332339
7290016621013,false,קרם גוף קמיל בלו,פישר תעשיות,,קרם גוף קמיל בלו,מיליליטרים,500.00,"100 מ""ל",false,1,29.90,5.9800,true,1,311927
7290016621341,false,אל סבון קמיל לידיים,פישר תעשיות,,אל סבון קמיל לידיים ניקיון ולחות 1 ליטר,ליטרים,1.00,ליטר,false,1,13.90,13.9000,true,1,315815
7290016621358,false,אל סבון קמיל לידיים,פישר תעשיות,,אל סבון קמיל לידיים ניקיון והזנה 1ליטר,ליטרים,1.00,ליטר,false,1,13.90,13.9000,true,1,315817
7290016621495,false,תחליב הגנה אולטרסול,פישר תעשיות,,תחליב הגנה אולטרסול קידס קוליפה 50+ 250מ,מיליליטרים,250.00,"100 מ""ל",false,1,64.90,25.9600,true,1,313188
7290016621556,false,קרם הגנה אולטרסול מן,פישר תעשיות,,קרם הגנה אולטרסול מן גל לפנים 50 75 מל,מיליליטרים,75.00,"100 מ""ל",false,1,54.90,73.2000,true,1,321458
7290016621952,false,קרם פנים לתינוק קמיל,פישר תעשיות,IL,קרם פנים לתינוק קמיל בלו סנסטיב 30 75מל,Unknown,0.00,Unknown,false,12,19.90,0.0000,true,1,317757
7290016621990,false,מסכה לשיער נטורל קר,פישר תעשיות,,מסכה לשיער נטורל קר 200מל שיער יבש צבוע,מיליליטרים,200.00,"100 מ""ל",false,1,19.90,9.9500,true,1,318300
7290016663297,false,עוגיות דר מורינגה גר,,IL,עוגיות דר מורינגה גרעינים חמוציות שוקולד,גרמים,200.00,100 גרם,false,12,21.90,10.9500,true,1,344823
7290016663419,false,עוגיות דר מורינגה שו,,IL,עוגיות דר מורינגה שומשום קשיו 200 גרם,גרמים,200.00,100 גרם,false,12,21.90,10.9500,true,1,344825
7290016663426,false,עוגיות דר מורינגה שו,,IL,עוגיות דר מורינגה שומשום שוקולד 200 גרם,גרמים,200.00,100 גרם,false,12,21.90,10.9500,true,1,344824
7290016682182,false,משקה שייק תמר בננה מ,פרי ניב,IL,משקה שייק תמר בננה מופחת סוכר 1ל פרי ניב,ליטרים,1.00,ליטר,false,1,15.90,15.9000,true,1,323598
7290016682199,false,משקה שייק תות בננה מ,פרי ניב,IL,משקה שייק תות בננה מופחת סוכר 1ל פרי ניב,ליטרים,1.00,ליטר,false,1,15.90,15.9000,true,1,323600
7290016682250,false,מיץ תפוגזר 1ליטר פרי,פרי ניב,IL,מיץ תפוגזר 1ליטר פרי ניב,ליטרים,1.00,ליטר,false,1,16.90,16.9000,true,1,347236
7290016682335,false,מיץ תפוזים 2ליטר פרי,פרי ניב,IL,מיץ תפוזים 2ליטר פרי ניב בק. פקדון,ליטרים,2.00,ליטר,false,1,22.90,11.4500,true,1,342899
7290016682342,false,מיץ תפוז וולנסיה 2לי,פרי ניב,IL,מיץ תפוז וולנסיה 2ליטר פרי ניב בק. פקדון,ליטרים,2.00,ליטר,false,1,22.90,11.4500,true,1,342900
7290016682359,false,מיץ תפוז שמוטי 2ליטר,פרי ניב,IL,מיץ תפוז שמוטי 2ליטר פרי ניב בק.פקדון,ליטרים,2.00,ליטר,false,1,22.90,11.4500,true,1,342901
7290016682380,false,מיץ לימונדה לואיזה 2,פרי ניב,IL,מיץ לימונדה לואיזה 2 ליטר פרי ניב בק.פקד,ליטרים,2.00,ליטר,false,1,20.90,10.4500,true,1,342902
7290016682397,false,מיץ חמוציות 2ליטר פר,פרי ניב,IL,מיץ חמוציות 2ליטר פרי ניב בק.פקדון,ליטרים,2.00,ליטר,false,1,20.90,10.4500,true,1,342903
7290016689792,false,מארז 4יח בירה מלכה,"בירה מלכה בע""מ",,מארז 4יח בירה מלכה 330מל+כוס,מיליליטרים,1320.00,"100 מ""ל",false,1,49.90,3.7803,true,1,324816
7290016717044,false,יין באזז מנגו 750 מל,כרמל מזרחי,IL,יין באזז מנו 750 מל,מיליליטרים,750.00,"100 מ""ל",false,1,35.00,4.6667,true,1,326317
7290016717099,false,יין אדום חצי יבש 750,,,יין אדום חצי יבש 750 מל פקדון,מיליליטרים,750.00,"100 מ""ל",false,1,35.00,4.6667,true,1,312017
7290016717167,false,יין לבן חצי יבש 201,,,יין לבן חצי יבש 2015 שמיטה 750 מל,מיליליטרים,750.00,"100 מ""ל",false,1,60.00,8.0000,true,1,312326
7290016717242,false,וודקה טיטוס 1 ליטר,פיפת גנריישן אוסטין,,וודקה טיטוס 1 ליטר,ליטרים,1.00,ליטר,false,1,119.00,119.0000,true,1,318894
7290016717631,false,יין מוסקטו פי סי לבן,כרמל מזרחי,,יין מוסקטו פי סי לבן 750 מל,מיליליטרים,750.00,"100 מ""ל",false,1,45.00,6.0000,true,1,320955
7290016717754,false,יין ישן נושן 750 מל,כרמל מזרחי,IL,יין ישן נושן 750 מל פקדון,מיליליטרים,750.00,"100 מ""ל",false,12,25.00,3.3333,true,1,322455
7290016717976,false,יין באז אפרסק 750 מל,כרמל מזרחי,,יין באז אפרסק 750 מל,מיליליטרים,750.00,"100 מ""ל",false,1,35.00,4.6667,true,1,332098
7290016732672,false,מברשת שיניים סנסודיי,גלקסוס סמית קליין,,מברשת שיניים סנסודיין הגנה מלאה,Unknown,0.00,Unknown,false,1,19.90,0.0000,true,1,318637
7290016751239,false,בשר בקר מס 8 מוכשר ק,פניסקור,,בשר בקר מס 8 מוכשר קפוא במשקל,קילוגרמים,1.00,"ק""ג",true,,32.90,32.9000,true,1,336186
7290016818352,false,טורטליני ארבע גבינות,,,טורטליני ארבע גבינות 400גר,גרמים,400.00,100 גרם,false,1,22.90,5.7250,true,1,345404
7290016865943,false,אטריות ביצים אוריינט,פ.פ.ה טאביט,,אטריות ביצים אוריינט פטוציני 400 גרם,גרמים,400.00,100 גרם,false,1,12.90,3.2250,true,1,322451
7290016866186,false,מבשם לרכב ספירה פרש,,,מבשם לרכב ספירה פרש בניחוח וניל,יחידה,1.00,יחידה,false,1,9.90,9.9000,true,1,322255
7290016866643,false,מש.שיניים פרודונטקס,סמיתקליין ביצם,,מש.שיניים פרודונטקס פרש 75מל,Unknown,0.00,Unknown,false,1,29.90,0.0000,true,1,323212
7290016866650,false,מש.שיניים פרודונטקס,סמיתקליין ביצם,,מש.שיניים פרודונטקס אורגינל 75מל,Unknown,0.00,Unknown,false,1,29.90,0.0000,true,1,323211
7290016866667,false,מש.שיניים פרודונטקס,סמיתקליין ביצם,,מש.שיניים פרודונטקס פלאוריד 75מל,Unknown,0.00,Unknown,false,1,29.90,0.0000,true,1,323213
7290016866674,false,מש.שיניים פרודונטקס,סמיתקליין ביצם,,מש.שיניים פרודונטקס מלבינה 75מל,Unknown,0.00,Unknown,false,1,29.90,0.0000,true,1,323210
7290016866681,false,מברשת שינים פרדונטקס,גלקסוס סמית קליין,,מברשת שינים פרדונטקס סופט,Unknown,0.00,Unknown,false,1,19.90,0.0000,true,1,320951
7290016866704,false,שמפו סטייל קרטין 750,א.ל. ארמן,,שמפו סטייל קרטין 750 מל,מיליליטרים,750.00,"100 מ""ל",false,1,26.90,3.5867,true,1,319113
7290016866711,false,מרכך סטייל קרטין 750,א.ל. ארמן,,מרכך סטייל קרטין 750 מל,מיליליטרים,750.00,"100 מ""ל",false,1,26.90,3.5867,true,1,319114
7290016866728,false,מסכת שיער קרטין סטיי,א.ל. ארמן,,מסכת שיער קרטין סטייל 500 מל,מיליליטרים,500.00,"100 מ""ל",false,1,44.90,8.9800,true,1,319115
7290016866735,false,קרם לחות לשיער קרטין,א.ל. ארמן,,קרם לחות לשיער קרטין סטייל 500 מל,מיליליטרים,400.00,"100 מ""ל",false,1,44.90,11.2250,true,1,319116
7290016867114,false,לחם קל כוסמין 500 גר,,IL,לחם קל כוסמין 500 גר דר מרק,גרמים,500.00,100 גרם,false,1,18.90,3.7800,true,1,334421
7290016882407,false,חצילים קלויים גורמט,,TR,חצילים קלויים גורמט 550 גרם,גרמים,550.00,100 גרם,false,12,11.90,2.1636,true,1,336102
7290016912449,false,מסכה לשיער נטורל קר,פישר תעשיות,,מסכה לשיער נטורל קר 200מל שיער רגיל יבש,מיליליטרים,200.00,"100 מ""ל",false,1,19.90,9.9500,true,1,318301
7290016912463,false,משחת החתלה קמיל בלו,פישר תעשיות,,משחת החתלה קמיל בלו נטורל 100גר,גרמים,100.00,100 גרם,false,12,29.90,29.9000,true,1,327705
7290016912494,false,תרחיץ פנים אפקטיב קר,פישר תעשיות,,תרחיץ פנים אפקטיב קר 180מל לכל סוגי העור,מיליליטרים,180.00,"100 מ""ל",false,1,17.90,9.9444,true,1,318306
7290016912500,false,תרחיץ פנים אפקטיב קר,פישר תעשיות,,תרחיץ פנים אפקטיב קר 180מל לעור רגיל,מיליליטרים,180.00,"100 מ""ל",false,1,17.90,9.9444,true,1,318307
7290016912609,false,מסכת שיער סרקל 200מל,פישר תעשיות,,מסכת שיער סרקל 200מל לילדים,מיליליטרים,200.00,"100 מ""ל",false,1,24.90,12.4500,true,1,318308
7290016912616,false,שמפו בלונד סרקל 1 לי,פישר תעשיות,,שמפו בלונד סרקל 1 ליטר,ליטרים,1.00,ליטר,false,1,28.90,28.9000,true,1,317758
7290016912623,false,מרכך בלונד סרקל 1 לי,פישר תעשיות,,מרכך בלונד סרקל 1 ליטר,ליטרים,1.00,ליטר,false,1,28.90,28.9000,true,1,317759
7290016995046,false,קמח טף טבעי 1 קג,,,קמח טף טבעי 1 קג,קילוגרמים,1.00,"ק""ג",false,1,21.90,21.9000,true,1,315561
7290016995053,false,קמח טפיוקה 500 גרם,,,קוביות זינגוויל אורגני 150 גר,גרמים,500.00,100 גרם,false,1,10.00,2.0000,true,1,324633
7290016995077,false,קוסקוס כוסמין אורגני,,,קוסקוס כוסמין אורגני 400 גר,גרמים,400.00,100 גרם,false,1,17.90,4.4750,true,1,315553
7290016995466,false,סירופ אגבה כחולה אור,שקד תבור,,סירופ אגבה כחולה אורגני 330 גר,גרמים,330.00,100 גרם,false,1,16.90,5.1212,true,1,324635
7290016995473,false,סירופ אגבה כחולה אור,שקד תבור,,סירופ אגבה כחולה אורגני 660 גר,גרמים,660.00,100 גרם,false,1,24.90,3.7727,true,1,324634
7290016995497,false,פסטה פטוציני כוסמין,,,פסטה פטוציני כוסמין מלא 250 גר,גרמים,250.00,100 גרם,false,1,15.90,6.3600,true,1,343292
7290016995701,false,מחית בננה תפוח אורגנ,,,מחית בננה תפוח אורגני 100 גר,גרמים,100.00,100 גרם,false,18,4.90,4.9000,true,1,330733
7290016995718,false,מחית אגס ותפוח אורגנ,,,מחית אגס ותפוח אורגני 100 גר,גרמים,100.00,100 גרם,false,18,4.90,4.9000,true,1,330734
7290016995725,false,מחית מנגו תפוח אפרסק,,,מחית מנגו תפוח אפרסק אורגני 100 גר,גרמים,100.00,100 גרם,false,18,4.90,4.9000,true,1,330735
7290016995848,false,שום כתוש אורגני 185ג,,IL,שום כתוש אורגני 185גר תבואות,גרמים,185.00,100 גרם,false,12,14.90,8.0541,true,1,331321
7290016995855,false,גינגר כתוש אורגני 18,,IL,גינגר כתוש אורגני 185גר תבואות,גרמים,185.00,100 גרם,false,12,14.90,8.0541,true,1,331322
7290016995886,false,פלפל צילי כתוש אורגנ,,IL,פלפל צילי כתוש אורגני 185גר תבואות,גרמים,185.00,100 גרם,false,12,14.90,8.0541,true,1,331323
7290016995985,false,אבקת פסיליום אורגני,,,אבקת פסיליום אורגני 300 גר,גרמים,300.00,100 גרם,false,12,33.90,11.3000,true,1,336218
7290017000183,false,יין שרדונה קסטל 2017,יקב קסטל,,יין ס.בלאן קסטל 2017 לבן 750 מל,גרמים,750.00,100 גרם,false,1,145.00,19.3333,true,1,323527
7290017000244,false,יין מוסקטו קסטל 375,,,יין מוסקטו קסטל 375 מל,מיליליטרים,375.00,"100 מ""ל",false,1,119.00,31.7333,true,1,333749
7290017020259,false,אבקת חלבון גיינר רבו,,IL,אבקת חלבון גיינר רבולושיין בננה 1.3 קג,גרמים,1300.00,100 גרם,false,12,119.00,9.1538,true,1,330337
7290017020280,false,אבקת חלבון גיינר רבו,,IL,אבקת חלבון גיינר רבולושיין תות בננה1.3קג,גרמים,1300.00,100 גרם,false,12,119.00,9.1538,true,1,330338
7290017023212,false,מארז 4יח שוופס פחית,,,מארז 4יח שוופס פחית מוגז פירות תפוח 330מ,מיליליטרים,1320.00,"100 מ""ל",false,1,12.90,0.9773,true,1,321504
7290017023229,false,מארז 4יח שוופס פחית,,,מארז 4יח שוופס פחית מוגז פירות תות 330מ,מיליליטרים,1320.00,"100 מ""ל",false,1,12.90,0.9773,true,1,321505
7290017023236,false,מארז 4יח שוופס פחית,,,מארז 4יח שוופס פחית מוגז ענבים 330מל,מיליליטרים,1320.00,"100 מ""ל",false,1,12.90,0.9773,true,1,321506
7290017023298,false,מארז 4יח פרוט וואטר,יפאורה,,מארז 4יח פרוט וואטר 500מל אננס בק.,מיליליטרים,2000.00,"100 מ""ל",false,1,13.90,0.6950,true,1,322904
7290017023304,false,מארז 4יח שוופס פרוט,יפאורה,,מארז 4יח שוופס פרוט וואטר אבטיח 500מל בק,מיליליטרים,2000.00,"100 מ""ל",false,1,13.90,0.6950,true,1,322905
7290017023311,false,מארז 4יח שוופס פרוט,יפאורה,,מארז 4יח שוופס פרוט וואטר אפרסק 500מל בק,מיליליטרים,2000.00,"100 מ""ל",false,1,13.90,0.6950,true,1,322906
7290017023663,false,מארז 4יח שוופס מוגז,,,מארז 4יח שוופס מוגז פירות למונייד פח330מ,מיליליטרים,1320.00,"100 מ""ל",false,1,12.90,0.9773,true,1,323934
7290017023687,false,משקה שוופס מוגז אננס,יפאורה,,משקה שוופס מוגז אננס 1.5ליטר,ליטרים,1.50,ליטר,false,1,8.60,5.7333,true,1,323932
7290017023809,false,מארז 4יח ספרינג 250מ,,,מארז 4יח ספרינג 250מל אגס סברס תפוח,מיליליטרים,1000.00,"100 מ""ל",false,1,12.90,1.2900,true,1,327272
7290017023816,false,מארז 4יח ספרינג 250מ,,,מארז 4יח ספרינג 250מל פירות טרופיים,מיליליטרים,1000.00,"100 מ""ל",false,1,12.90,1.2900,true,1,327271
7290017023823,false,מארז 4יח ספרינג 250מ,,,מארז 4יח ספרינג 250מל תות בננה,מיליליטרים,1000.00,"100 מ""ל",false,1,12.90,1.2900,true,1,327270
7290017023854,false,מארז 4יח סודה שוופס,יפאורה,,מארז 4יח סודה שוופס 250מל,מיליליטרים,1000.00,"100 מ""ל",false,1,10.90,1.0900,true,1,325963
7290017023861,false,מארז 4יח סודה לימון,יפאורה,,מארז 4יח סודה לימון שוופס 250מל,מיליליטרים,1000.00,"100 מ""ל",false,1,10.90,1.0900,true,1,325964
7290017023878,false,מארז 4יח סודה נענע ל,יפאורה,,מארז 4יח סודה נענע ליים שוופס 250מל,מיליליטרים,1000.00,"100 מ""ל",false,1,10.90,1.0900,true,1,325965
7290017031156,false,דפי לזניה ללא גלוטן,,IT,דפי לזניה ללא גלוטן 250גר,גרמים,250.00,100 גרם,false,12,11.90,4.7600,true,1,327913
7290017031170,false,פתיתים על בסיס קמח ע,,IT,פתיתים על בסיס קמח עדשים ללא גלוטן 250,גרמים,250.00,100 גרם,false,12,11.90,4.7600,true,1,329116
7290017031194,false,פתיתים על בסיס קמח א,,,פתיתים על בסיס קמח אפונה ללא גלוטן 250,גרמים,250.00,100 גרם,false,1,11.90,4.7600,true,1,326434
7290017031323,false,אטריות ביצים אוריינט,פ.פ.ה טאביט,,אטריות ביצים אוריינט פרפדלה 400 גרם,גרמים,400.00,100 גרם,false,1,12.90,3.2250,true,1,322452
7290017031477,false,מש.שיניים סנסודיין ר,,,מש.שיניים סנסודיין רפיד רליף הלבנה 75מל,גרמים,75.00,100 גרם,false,1,21.90,29.2000,true,1,327243
7290017031705,false,משחת שיניים סנסודיין,גלקסוס סמית קליין,SK,משחת שיניים סנסודיין קלין אנד פרש 75מל,גרמים,75.00,100 גרם,false,12,21.90,29.2000,true,1,325166
7290017031859,false,מש.שיניים פרודונטקס,סמיתקליין ביצם,,מש.שיניים פרודונטקס אולטרא קלין 75 מל,Unknown,0.00,Unknown,false,1,29.90,0.0000,true,1,325165
7290017031958,false,גל רחצה סטייל שמן המ,א.ל. ארמן,IL,גל רחצה סטייל שמן המפ ארגן 750מל,מיליליטרים,750.00,"100 מ""ל",false,12,14.90,1.9867,true,1,325460
7290017040028,false,דונאטס טריו מידי 9יח,,DE,דונאטס טריו מידי 9יחידות 276גר,גרמים,276.00,100 גרם,false,9,19.90,7.2101,true,1,342395
7290017040035,false,דונאטס מיני במילוי 8,,DE,מארז 8יח מיני דונאטס במילוי,גרמים,184.00,100 גרם,false,10,19.90,10.8152,true,1,342394
7290017040271,false,בראוניז שוקולד בלגי,,,בראוניז שוקולד בלגי 8יחידות 240גר,גרמים,240.00,100 גרם,false,10,19.90,8.2917,true,1,347144
7290017040363,false,דונאטס אוראו 4יחידות,,,דונאטס אוראו 4יחידות 292 גרם,גרמים,292.00,100 גרם,false,13,29.90,10.2397,true,1,347142
7290017040370,false,דונאטס מילקה 4יחידות,,,דונאטס מילקה 4יחידות 260 גרם,גרמים,260.00,100 גרם,false,13,29.90,11.5000,true,1,347143
7290017044019,false,מטליות לחות לניקוי כ,טרופיקל דגיל,,מטליות לחות לניקוי כללי אסותא 400יח,יחידה,400.00,יחידה,false,1,18.90,0.0472,true,1,315832
7290017044071,false,מטליות לחות אסותא מב,טרופיקל דגיל,,מטליות לחות אסותא מבושם ניקוי כללי 400יח,יחידה,400.00,יחידה,false,1,18.90,0.0472,true,1,321638
7290017044293,false,מטליות לחות לרצפות,טרופיקל דגיל,,מטליות לחות לרצפות אסותא 50יח בדלי,יחידה,50.00,יחידה,false,1,29.90,0.5980,true,1,326223
7290017058009,false,אנשובי בשמן צמחי עם,,,אנשובי בשמן צמחי עם צלפים 45 גר בפח,Unknown,0.00,Unknown,false,1,4.90,0.0000,true,1,331207
7290017058092,false,שבולת שועל עבה 600 ג,,LT,שבולת שועל עבה 600 גרם,גרמים,600.00,100 גרם,false,20,6.90,1.1500,true,1,346295
7290017058115,false,מלפפון קורנישון סגנו,,IN,מלפפון קורנישון סגנון צרפתי תומר 720 גרם,גרמים,670.00,100 גרם,false,12,9.90,1.4776,true,1,346835
7290017058139,false,רסק תפוח עץ ותות שדה,,,רסק תפוח עץ ותות שדה 4 יח 113 גר,גרמים,452.00,100 גרם,false,1,10.90,2.4115,true,1,347331
7290017058146,false,רסק תפוח עץ ואפרסק 4,,,רסק תפוח עץ ואפרסק 4 יח 113 גר,גרמים,452.00,100 גרם,false,1,10.90,2.4115,true,1,347332
7290017058160,false,אנשובי בשמן צמחי עם,,,אנשובי בשמן צמחי עם צילי 45 גר בפח,Unknown,0.00,Unknown,false,1,4.90,0.0000,true,1,331206
7290017058573,false,פרוסות פלפל חלפינו ב,אינדיה אגרו אקספורט,IN,פרוסות פלפל חלפינו בחומץ 340 גרם,גרמים,340.00,100 גרם,false,12,7.50,2.2059,true,1,327311
7290017058689,false,זית שחור טבעי 400 גר,,TR,זית שחור טבעי 400 גרם,גרמים,400.00,100 גרם,false,9,11.90,2.9750,true,1,328760
7290017058719,false,תירס גמדי בחומץ 340,אינדיה אגרו אקספורט,IN,תירס גמדי בחומץ 340 גרם,גרמים,340.00,100 גרם,false,12,7.50,2.2059,true,1,327310
7290017058795,false,תירס גמדי שלם במי מל,אינדיה אגרו אקספורט,IN,תירס גמדי שלם במי מלח 340 גרם,גרמים,340.00,100 גרם,false,12,7.50,2.2059,true,1,338074
7290017058801,false,תירס גמדי בדבש וחומץ,אינדיה אגרו אקספורט,IN,תירס גמדי בדבש וחומץ 340 גרם,גרמים,340.00,100 גרם,false,12,7.50,2.2059,true,1,327309
7290017059044,false,מעדן פרוביוטי 125גר,,IL,מעדן פרוביוטי 125גר ללא חלב תפוח חמוציות,גרמים,125.00,100 גרם,false,6,6.90,5.5200,true,1,339137
7290017059051,false,מעדן פרוביוטי 125גר,,IL,מעדן פרוביוטי 125גר ללא חלב פירות יער,גרמים,125.00,100 גרם,false,6,6.90,5.5200,true,1,339139
7290017065007,false,גבינת מוצרלה 200 גרם,מחלבות גד,,גבינת מוצרלה 200 גרם פרוסה,גרמים,200.00,100 גרם,false,1,18.50,9.2500,true,1,313386
7290017065137,false,גבינת ריקוטה למריחה,מחלבות גד,,גבינת ריקוטה למריחה 5% טבעית 200 גרם,גרמים,200.00,100 גרם,false,1,10.20,5.1000,true,1,319648
7290017065144,false,גבינת ריקוטה למריחה,מחלבות גד,,גבינת ריקוטה למריחה 5% בזיליקום 200 גרם,גרמים,200.00,100 גרם,false,1,10.20,5.1000,true,1,319650
7290017065168,false,גבינה כחולה 100 גרם,,,גבינה כחולה 100 גרם מחלבות גד,גרמים,100.00,100 גרם,false,1,17.50,17.5000,true,1,322321
7290017065175,false,גבינת מנצגו 150גר פר,,,גבינת מנצגו 150גר פרוס מחלבות גד,גרמים,150.00,100 גרם,false,1,21.50,14.3333,true,1,322322
7290017065212,false,קרם מסקרפונה 250גרם,,,קרם מסקרפונה 250גרם מחלבות גד,גרמים,250.00,100 גרם,false,1,20.50,8.2000,true,1,322327
7290017065236,false,גבינה בולגרית מעודנת,,,גבינה בולגרית מעודנת 24% 250גר גד,גרמים,250.00,100 גרם,false,1,23.90,9.5600,true,1,322325
7290017065311,false,גבינת מוצרלה מעושנת,מחלבות גד,IL,גבינת מוצרלה מעושנת 200גר מחלבות גד,גרמים,200.00,100 גרם,false,1,18.90,9.4500,true,1,322324
7290017065380,false,גבינת גרנה פדנו 100ג,מחלבות גד,IL,גבינת גרנה פדנו 100גר שבבים,גרמים,100.00,100 גרם,false,1,14.90,14.9000,true,1,326927
7290017065434,false,גבינת גאודה הולנדית,,NL,גבינת גאודה הולנדית 200גר מחלבות גד,גרמים,200.00,100 גרם,false,1,22.90,11.4500,true,1,329541
7290017065441,false,גבינת גאודה עיזים,,NL,גבינת גאודה עיזים 200גר מחלבות גד,גרמים,200.00,100 גרם,false,1,32.90,16.4500,true,1,329542
7290017065526,false,גבינת קוואטרו פורמאג,מחלבות גד,IL,גבינת קוואטרו פורמאגי 300גרם,גרמים,300.00,100 גרם,false,1,29.90,9.9667,true,1,327712
7290017065588,false,יוגורט יווני 600גר,מחלבות גד,IL,יוגורט יווני 600גר,גרמים,600.00,100 גרם,false,1,16.90,2.8167,true,1,331666
7290017065618,false,גבינת פקורינו 150גר,מחלבות גד,ES,גבינת פקורינו 150גר פרוס,גרמים,150.00,100 גרם,false,1,24.90,16.6000,true,1,331665
7290017065649,false,קרם פטיסייר 250גר,מחלבות גד,IL,קרם פטיסייר 250גר,גרמים,250.00,100 גרם,false,1,19.90,7.9600,true,1,331663
7290017065663,false,גבינה פטה עיזים 16%,,,גבינה פטה עיזים 16% מעודנת 250 גר,גרמים,250.00,100 גרם,false,6,30.90,12.3600,true,1,334220
7290017065670,false,גבינה במרקם שמנת 5%,,,גבינה במרקם שמנת 5% עירית 200 גר,גרמים,200.00,100 גרם,false,1,12.90,6.4500,true,1,334184
7290017065694,false,סחלב 155גרם מחלבת גד,מחלבות גד,IL,סחלב 155גרם מחלבת גד,גרמים,155.00,100 גרם,false,12,5.90,3.8065,true,1,334723
7290017065724,false,רוטב בשמל 250גר,מחלבות גד,IL,רוטב בשמל 250גר,גרמים,250.00,100 גרם,false,1,19.90,7.9600,true,1,337472
7290017065731,false,גבינת שמנת כמהין 200,,,גבינת שמנת כמהין 200גר 30%,גרמים,200.00,100 גרם,false,1,13.50,6.7500,true,1,337473
7290017065762,false,גבינת מאנורי 100גרם,,GR,גבינת מאנורי 100גרם בסגנון יווני לצליה,גרמים,100.00,100 גרם,false,10,11.90,11.9000,true,1,344376
7290017065786,false,גבינת צדר אנגלית 210,מחלבות גד,,גבינת צדר אנגלית 210גרם מחלבות גד,גרמים,210.00,100 גרם,false,1,21.90,10.4286,true,1,343273
7290017065847,false,מוס מסקרפונה שוקולד,מחלבות גד,IL,מוס מסקרפונה שוקולד 250גר גד,גרמים,250.00,100 גרם,false,1,20.50,8.2000,true,1,345396
7290017065861,false,רוטב קאציו אה פפה פי,מחלבות גד,IL,רוטב קאציו אה פפה פיקורינו עם פלפל 200גר,גרמים,200.00,100 גרם,false,1,15.90,7.9500,true,1,345398
7290017086057,false,כדורי פלאפל 400 גרם,,IL,כדורי פלאפל 400 גרם פיס אוף בין,גרמים,400.00,100 גרם,false,1,22.90,5.7250,true,1,328740
7290017086071,false,כדורי תירס 400 גרם,,IL,כדורי תירס 400 גרם פיס אוף בין,גרמים,400.00,100 גרם,false,1,22.90,5.7250,true,1,328739
7290017088051,false,חיתולי בייביסיטר סטנ,,,חיתולי בייביסיטר סטנדרט מידה 3 52יח,יחידה,1.00,יחידה,false,1,35.90,35.9000,true,1,321959
7290017088075,false,חיתולי בייביסיטר סטנ,,,חיתולי בייביסיטר סטנדרט מידה 4+ 40יח,יחידה,40.00,יחידה,false,4,35.90,0.8975,true,1,321961
7290017088082,false,חיתולי בייביסיטר סטנ,,,חיתולי בייביסיטר סטנדרט מידה 5 36יח,יחידה,36.00,יחידה,false,4,35.90,0.9972,true,1,321962
7290017088327,false,רביעיית מגבוני בייבי,,,רביעיית מגבוני בייביסיטר אקסטרא סופט 64י,יחידה,256.00,יחידה,false,1,19.90,0.0777,true,1,333334
7290017088341,false,מגבונים דוחה יתושים,,,מגבונים דוחה יתושים איי קר 20יח,יחידה,20.00,יחידה,false,1,12.90,0.6450,true,1,333338
7290017088396,false,מגבונים מסירי כתמים,,,מגבונים מסירי כתמים קוויק 20יח,יחידה,20.00,יחידה,false,12,12.90,0.6450,true,1,333339
7290017088495,false,תחבושות טופ פד 20יח,,,תחבושות טופ פד 20יח אקסטרה,מיליליטרים,20.00,"100 מ""ל",false,12,9.90,49.5000,true,1,334996
7290017088778,false,גל אלכו קר לניקוי יד,,,גל אלכו קר לניקוי ידיים 100מל שפופרת,מיליליטרים,100.00,"100 מ""ל",false,24,9.90,9.9000,true,1,331747
7290017088815,false,תחבושות בריז נורמל,,,תחבושות בריז נורמל 12יח,יחידה,12.00,יחידה,false,12,18.90,1.5750,true,1,338106
7290017088846,false,תחבושות בריז מקסי 8י,,,תחבושות בריז מקסי 8יח,יחידה,8.00,יחידה,false,8,18.90,2.3625,true,1,338109
7290017094199,false,מעדן חצילים 200 גרם,סלטי שמיר,,מעדן חצילים 200 גרם גורמה,גרמים,200.00,100 גרם,false,1,10.90,5.4500,true,1,337323
7290017100395,false,כפפות חד פעמי לאטקס,,,כפפות חד פעמי לאטקס פרפקט 100יח סמול,יחידה,100.00,יחידה,false,10,16.90,0.1690,true,1,347054
7290017100401,false,כפפות חד פעמי לאטקס,,,כפפות חד פעמי לאטקס פרפקט 100יח מדיום,יחידה,100.00,יחידה,false,1,16.90,0.1690,true,1,344940
7290017100418,false,כפפות חד פעמי לאטקס,,,כפפות חד פעמי לאטקס פרפקט 100יח לארג,יחידה,100.00,יחידה,false,10,16.90,0.1690,true,1,347055
7290017100425,false,כפפות חד פעמי לאטקס,,,כפפות חד פעמי לאטקס פרפקט 100יח אקס אל,יחידה,100.00,יחידה,false,1,16.90,0.1690,true,1,342005
7290017104027,false,בורגר פיטריות 300גר,,IL,בורגר פיטריות 300גר אותנטבעי,גרמים,300.00,100 גרם,false,1,29.90,9.9667,true,1,342473
7290017104034,false,לזניה טבעונית 300גר,,IL,לזניה טבעונית 300גר אותנטבעי,גרמים,300.00,100 גרם,false,1,24.90,8.3000,true,1,326072
7290017104072,false,עוגה בנוסח גבינה 300,,IL,עוגה בנוסח גבינה 300גר אותנטבעי,גרמים,300.00,100 גרם,false,1,24.90,8.3000,true,1,326075
7290017104102,false,סייטן בנוסח שווארמה,,IL,סייטן בנוסח שווארמה 350גר אותנטבעי,גרמים,350.00,100 גרם,false,1,29.90,8.5429,true,1,342471
7290017104119,false,סייטן בנוסח שניצלים,,IL,סייטן בנוסח שניצלים 350גר אותנטבעי,גרמים,350.00,100 גרם,false,1,29.90,8.5429,true,1,326070
7290017104126,false,סייטן בנוסח שניצלוני,,IL,סייטן בנוסח שניצלונים 350גר אותנטבעי,גרמים,350.00,100 גרם,false,1,29.90,8.5429,true,1,326071
7290017105062,false,חומוס שלם הקטניה הטו,זנלכל,IL,חומוס שלם הקטניה הטובה 200 גר 6 אונס,גרמים,200.00,100 גרם,false,18,4.50,2.2500,true,1,318998
7290017105079,false,שעועית אפויה הקטניה,זנלכל,IL,שעועית אפויה הקטניה הטובה 200 גר 6 אונס,גרמים,200.00,100 גרם,false,18,4.50,2.2500,true,1,318999
7290017105086,false,שעועית צילי הקטניה ה,זנלכל,IL,שעועית צילי הקטניה הטובה 200 גר 6 אונס,גרמים,200.00,100 גרם,false,18,4.50,2.2500,true,1,319001
7290017105116,false,תורמוס הקטניה הטובה,זנלכל,IL,תורמוס הקטניה הטובה 200 גר 6 אונס,גרמים,200.00,100 גרם,false,18,4.50,2.2500,true,1,319003
7290017105123,false,פול מצרי הקטניה הטוב,זנלכל,IL,פול מצרי הקטניה הטובה 200 גר 6 אונס,גרמים,200.00,100 גרם,false,18,4.50,2.2500,true,1,319004
7290017105369,false,סירופ דיאט תה אפרסק,זנלכל,,סירופ דיאט תה אפרסק יכין 1 לי,ליטרים,1.00,ליטר,false,1,16.90,16.9000,true,1,327915
7290017105468,false,אפונה שלישייה 200 גר,קסקמט,,אפונה שלישייה 200 גרם,גרמים,200.00,100 גרם,false,1,14.90,7.4500,true,1,330285
7290017105697,false,מיץ לימון 100% טבעי,,IT,מיץ לימון 100% טבעי 250 מל,גרמים,250.00,100 גרם,false,6,6.90,2.7600,true,1,331791
7290017105895,false,גרגירי חומוס מסעדות,זנלכל,,גרגירי חומוס מסעדות 550 גרם,גרמים,550.00,100 גרם,false,1,9.90,1.8000,true,1,334346
7290017106069,false,קוביות סלק יכין 550,זנלכל,IL,קוביות סלק יכין 550 גרם,גרמים,550.00,100 גרם,false,12,9.90,1.8000,true,1,331790
7290017106151,false,יין קברנה פרנק הר או,,IL,יין קברנה פרנק הר אודם 750 מל 2016,מיליליטרים,750.00,"100 מ""ל",false,6,159.00,21.2000,true,1,332454
7290017106175,false,יין יער אודם לבן2018,,IL,יין יער אודם לבן 2018 750 nk,מיליליטרים,750.00,"100 מ""ל",false,1,70.00,9.3333,true,1,329195
7290017106182,false,יין קברנה סוביניון ו,,IL,יין קברנה סוביניון וולקני 2017 750 מל,מיליליטרים,750.00,"100 מ""ל",false,1,85.00,11.3333,true,1,326573
7290017106243,false,יין סירה הר אודם 750,,IL,יין סירה הר אודם 750 מל 2016,מיליליטרים,750.00,"100 מ""ל",false,6,135.00,18.0000,true,1,332453
7290017106304,false,יין קברנה סוביניון ה,,IL,יין קברנה סוביניון הר אודם 750 מל 2017,מיליליטרים,750.00,"100 מ""ל",false,6,115.00,15.3333,true,1,332451
7290017106465,false,יין ריזלינג וולקני 2,,IL,יין ריזלינג וולקני 2019 750 מל,מיליליטרים,750.00,"100 מ""ל",false,1,85.00,11.3333,true,1,332567
7290017106496,false,יין אלפסי הר אודם 75,,IL,יין אלפסי הר אודם 750 מל 2016,מיליליטרים,750.00,"100 מ""ל",false,6,249.00,33.2000,true,1,336176
7290017106519,false,יין מרלו הר אודם 750,,IL,יין מרלו הר אודם 750 מל 2018,מיליליטרים,750.00,"100 מ""ל",false,6,119.00,15.8667,true,1,337513
7290017106533,false,יין מרלו וולקני 2019,,IL,יין מרלו וולקני 2019 750 מל,מיליליטרים,750.00,"100 מ""ל",false,1,85.00,11.3333,true,1,336174
7290017106618,false,יין שרדונה וולקני 20,,IL,יין שרדונה וולקני 2020 750 מל,מיליליטרים,750.00,"100 מ""ל",false,1,85.00,11.3333,true,1,337456
7290017121048,false,פלפל צומה 250 גרם,,IL,פלפל צומה 250 גרם בפיתה,גרמים,250.00,100 גרם,false,12,13.90,5.5600,true,1,327599
7290017121093,false,אריסה חריפה 250 גרם,,IL,אריסה חריפה 250 גרם בפיתה,גרמים,250.00,100 גרם,false,12,13.90,5.5600,true,1,327601
7290017121390,false,לימון בלאדי 250 גרם,,IL,לימון בלאדי 250 גרם בפיתה,גרמים,250.00,100 גרם,false,12,13.90,5.5600,true,1,327600
7290017129310,false,טוסט פאניני קמח מלא,ניולט פוד,IT,טוסט פאניני קמח מלא 100 גרם,גרמים,100.00,100 גרם,false,1,6.90,6.9000,true,1,319703
7290017129334,false,טוסט פאניני טבעי 100,ניולט פוד,IT,טוסט פאניני טבעי 100 גרם,גרמים,100.00,100 גרם,false,1,6.90,6.9000,true,1,319701
7290017129532,false,לקקן כרמית תות 90 גר,שוגבי,,לקקן כרמית תות 90 גרם,Unknown,0.00,Unknown,false,1,5.90,0.0000,true,1,324370
7290017129549,false,לקקן כרמית גלידה 90,,,לקקן כרמית גלידה 90 גרם,Unknown,0.00,Unknown,false,1,5.90,0.0000,true,1,324369
7290017129617,false,לקקן כרמית לימונדה 5,שוגבי,,לקקן כרמית לימונדה 50 יח שקית,Unknown,0.00,Unknown,false,1,16.90,0.0000,true,1,324366
7290017129624,false,לקקן כרמית ענבים תפו,שוגבי,,לקקן כרמית ענבים תפוח 50 יח שקית,Unknown,0.00,Unknown,false,1,16.90,0.0000,true,1,324367
7290017129754,false,שוקולד אגו 70% מריר,כרמית תעשיות ממתקים,IL,שוקולד אגו 70% מריר 100 גרם,גרמים,100.00,100 גרם,false,24,8.90,8.9000,true,1,331076
7290017129761,false,שוקולד אגו 70% מריר,כרמית תעשיות ממתקים,IL,שוקולד אגו 70% מריר עם תפוז 100 גרם,גרמים,100.00,100 גרם,false,24,8.90,8.9000,true,1,345972
7290017129778,false,שוקולד אגו 70% מריר,כרמית תעשיות ממתקים,IL,שוקולד אגו 70% מריר פולי קפה 100 גרם,גרמים,100.00,100 גרם,false,24,8.90,8.9000,true,1,345970
7290017129822,false,מטבעות שוקולד מריר ב,כרמית,IL,מטבעות שוקולד מריר ברשת 36 גרם,Unknown,0.00,Unknown,false,35,3.90,0.0000,true,1,347409
7290017129839,false,שוקולד אגו 70% מריר,כרמית תעשיות ממתקים,IL,שוקולד אגו 70% מריר עם פטל 100 גרם,גרמים,100.00,100 גרם,false,24,8.90,8.9000,true,1,345971
7290017129877,false,מיקס לקקנים שטוח 40,שוגבי,,לקקן כרמית ענבים תפוח 50 יח שקית,יחידה,40.00,יחידה,false,1,12.90,0.3225,true,1,324368
7290017129983,false,שוקולד ציפס לבן 250ג,כרמית,,שוקולד ציפס לבן 250גר כרמית,גרמים,250.00,100 גרם,false,1,11.90,4.7600,true,1,325632
7290017139272,false,שטיפה אינטימית פמינה,,,שטיפה אינטימית פמינה שמן המפ 220 מל,מיליליטרים,220.00,"100 מ""ל",false,1,23.90,10.8636,true,1,324671
7290017140049,false,קמח סורגום שי של הטב,אופק מן הטבע,,קמח סורגום 500 גר,גרמים,500.00,100 גרם,false,1,14.90,2.9800,true,1,321779
7290017140063,false,קמח עדשים אדומות שי,אופק מן הטבע,,קמח עדשים אדומות 500 גר,גרמים,500.00,100 גרם,false,1,15.90,3.1800,true,1,321780
7290017140070,false,קמח אפונה צהובה שי ש,אופק מן הטבע,,קמח אפונה צהובה 500 גר,גרמים,500.00,100 גרם,false,1,12.90,2.5800,true,1,321776
7290017141008,false,בירה אוק אנד אש אמבר,,BE,בירה אוק אנד אש אמבר 330מל בק.פקדון,מיליליטרים,330.00,"100 מ""ל",false,24,14.90,4.5152,true,1,345863
7290017141022,false,בירה אוק אנד אש בלגי,,BE,בירה אוק אנד אש בלגית 9.5% 330מל בק.פקדו,מיליליטרים,330.00,"100 מ""ל",false,24,14.90,4.5152,true,1,345862
7290017141053,false,בירה אוק אנד אש ניפה,,BE,בירה אוק אנד אש ניפה 330מל בק.פקדון,מיליליטרים,330.00,"100 מ""ל",false,24,14.90,4.5152,true,1,345864
7290017141114,false,בירה אוק אנד אש בלונ,,BE,בירה אוק אנד אש בלונדינית 330מל בק.פקדון,מיליליטרים,330.00,"100 מ""ל",false,24,14.90,4.5152,true,1,347017
7290017141152,false,גין ליים מלפפון מוגז,,,גין ליים מלפפון מוגז 330מל בק.פקדון,מיליליטרים,330.00,"100 מ""ל",false,24,16.90,5.1212,true,1,347022
7290017141176,false,וודקה עם חמוציות אוק,,,וודקה עם חמוציות אוק אנד אש 330מל,מיליליטרים,330.00,"100 מ""ל",false,24,16.90,5.1212,true,1,347021
7290017142111,false,פתיתי טונה טו גו בשמ,"יוניקורד ח.צ בע""מ",TH,פתיתי טונה טו גו בשמן זית 85 גר,Unknown,0.00,Unknown,false,12,9.90,0.0000,true,1,323542
7290017142128,false,שמן זית קלאסי עץ הזי,שמן תעשיות,,שמן זית קלאסי עץ הזית 750 מל,מיליליטרים,750.00,"100 מ""ל",false,1,33.90,4.5200,true,1,321420
7290017142166,false,פילה טונה בשמן זית ע,"יוניקורד ח.צ בע""מ",TH,פילה טונה פרוס בשמן זית עץ הזית 120 גרם,גרמים,120.00,100 גרם,false,12,14.90,12.4167,true,1,327458
7290017142180,false,פילה טונה בשמן זית ל,"יוניקורד ח.צ בע""מ",TH,פילה טונה בשמן זית לימון פלפל שחו120 גרם,גרמים,120.00,100 גרם,false,12,14.90,12.4167,true,1,327460
7290017142203,false,פילה טונה מעושן בשמן,"יוניקורד ח.צ בע""מ",TH,פילה טונה מעושן בשמן זית120 גרם,גרמים,120.00,100 גרם,false,12,14.90,12.4167,true,1,327459
7290017142234,false,פתיתי טונה טו גו בשמ,"יוניקורד ח.צ בע""מ",TH,פתיתי טונה טו גו בשמן זית מעושן 85 גר,Unknown,0.00,Unknown,false,12,9.90,0.0000,true,1,328208
7290017142289,false,תרסיס שמן חמניות 200,שמן תעשיות,,תרסיס שמן חמניות. 200 מל עץ הזית,מיליליטרים,200.00,"100 מ""ל",false,1,15.90,7.9500,true,1,326418
7290017142388,false,שמן חמניות פלוס אומג,שמן תעשיות,,שמן חמניות פלוס אומגה 3עץ הזית 1ל,ליטרים,1.00,ליטר,false,1,16.90,16.9000,true,1,328210
7290017170404,false,סבון שמן זית לימון ט,,IL,סבון שמן זית לימון טרי 100 גרם,גרמים,100.00,100 גרם,false,12,12.90,12.9000,true,1,327737
7290017180144,false,רוטב שום וסילאן דודה,,IL,רוטב שום וסילאן דודה ברטה 350 גר,גרמים,340.00,100 גרם,false,9,16.90,4.9706,true,1,345695
7290017180304,false,רוטב אלף האיים דודה,,IL,רוטב אלף האיים דודה ברטה 275 גרם,גרמים,275.00,100 גרם,false,9,14.90,5.4182,true,1,345697
7290017180311,false,רוטב חרדל סילאן דודה,,IL,רוטב חרדל סילאן דודה ברטה 275 גרם,גרמים,275.00,100 גרם,false,9,14.90,5.4182,true,1,345699
7290017180328,false,רוטב שום שמיר דודה ב,,IL,רוטב שום שמיר דודה ברטה 275 גרם,גרמים,275.00,100 גרם,false,9,14.90,5.4182,true,1,345698
7290017180588,false,ריבת בצל יין אדום וס,,IL,ריבת בצל יין אדום וסויה דודה ברטה 250 גר,גרמים,250.00,100 גרם,false,9,18.90,7.5600,true,1,345700
7290017181363,false,רוטב לשקשוקה דודה בר,,IL,רוטב לשקשוקה דודה ברטה 700 גרם,גרמים,700.00,100 גרם,false,9,22.90,3.2714,true,1,345701
7290017197456,false,מארז 3יח מגבוני נייר,טרופיקל דגיל,IL,מארז 3יח מגבוני נייר טואלט אסותא,יחידה,3.00,יחידה,false,8,11.90,3.9667,true,1,333322
7290017197562,false,מטליות לחות לניקוי ר,טרופיקל דגיל,IL,מטליות לחות לניקוי רצפות אמה 10יח,יחידה,10.00,יחידה,false,1,8.90,0.8900,true,1,320633
7290017197579,false,מגבונים לניקוי כללי,טרופיקל דגיל,IL,מגבונים לניקוי כללי אמה 50יח,יחידה,50.00,יחידה,false,1,7.90,0.1580,true,1,320634
7290017197913,false,מגבוני בד לחים אסותא,טרופיקל דגיל,IL,מגבוני בד לחים אסותא מילוי 72יח דיספנסר,יחידה,72.00,יחידה,false,1,5.90,0.0819,true,1,328456
7290017201009,false,שקיות אשפה 25 יחידות,פרסט פלסט,TR,שקיות אשפה 25 יחידות 75/90 600 גרם,יחידה,25.00,יחידה,false,1,9.90,0.3960,true,1,317243
7290017201016,false,שקיות אשפה 25 יח עבו,פרסט פלסט,TR,שקיות אשפה 25 יח עבות וחזקות 75/90 900גר,יחידה,25.00,יחידה,false,1,12.90,0.5160,true,1,317244
7290017201191,false,מגשי אירוח חד פעמי מ,,IN,מגשי אירוח חד פעמי מלבני 10יח עלי דקל,יחידה,10.00,יחידה,false,24,9.90,0.9900,true,1,345056
7290017201405,false,סכיני עץ חד פעמי מתכ,,IN,סכיני עץ חד פעמי מתכלה 50יח,יחידה,50.00,יחידה,false,50,8.90,0.1780,true,1,336602
7290017201412,false,מזלגות עץ חד פעמי מת,,IN,מזלגות עץ חד פעמי מתכלה 50יח,יחידה,50.00,יחידה,false,50,8.90,0.1780,true,1,336601
7290017201436,false,קעריות חד פעמי אובלי,,IN,קעריות חד פעמי אובליות מתכלה10יח עלי דקל,יחידה,10.00,יחידה,false,24,11.90,1.1900,true,1,336599
7290017201443,false,צלחות בצורת לב חד פע,,IN,צלחות בצורת לב חד פעמי מתכלה 16סמ,יחידה,10.00,יחידה,false,24,10.90,1.0900,true,1,336604
7290017201450,false,מגש אירוח מלבני חד פ,,IN,מגש אירוח מלבני חד פעמי מתכלה 25/17,יחידה,10.00,יחידה,false,24,12.90,1.2900,true,1,336603
7290017201467,false,קערה חד פעמי מרובעת,,IN,קערה חד פעמי מרובעת 6אינץ 20יח עלי דקל,יחידה,20.00,יחידה,false,24,10.90,0.5450,true,1,338426
7290017201603,false,צלחות עלי דקל חד פעמ,,IN,צלחות עלי דקל חד פעמי מרובע 10אינץ 10יח,יחידה,10.00,יחידה,false,24,16.90,1.6900,true,1,333938
7290017201610,false,צלחות עלי דקל חד פעמ,,IN,צלחות עלי דקל חד פעמי מרובעת 9אינץ 10יח,יחידה,10.00,יחידה,false,24,15.90,1.5900,true,1,333937
7290017201627,false,צלחות עלי דקל חד פעמ,,IN,צלחות עלי דקל חד פעמי מרובעת 8אינץ 10יח,יחידה,10.00,יחידה,false,24,13.90,1.3900,true,1,333936
7290017201641,false,צלחות עלי דקל חד פעמ,,IN,צלחות עלי דקל חד פעמי מרובעת 6אינץ 10יח,יחידה,10.00,יחידה,false,24,12.90,1.2900,true,1,333934
7290017201658,false,קעריות חד פעמי עגולה,,IN,קעריות חד פעמי עגולה 10יח 6אינץ עלי דקל,יחידה,10.00,יחידה,false,24,12.90,1.2900,true,1,333946
7290017201672,false,מגשי אירוח חד פעמי מ,,IN,מגשי אירוח חד פעמי מתכלה 10יח עלי דקל,יחידה,10.00,יחידה,false,24,17.90,1.7900,true,1,333948
7290017201689,false,צלחות קנה סוכר חד פע,,IN,צלחות קנה סוכר חד פעמי מרובעת 8אינץ20יח,יחידה,20.00,יחידה,false,24,10.90,0.5450,true,1,341658
7290017201702,false,צלחות קנה סוכר חד פע,,IN,צלחות קנה סוכר חד פעמי עגול 12אינץ 20יח,יחידה,20.00,יחידה,false,24,18.90,0.9450,true,1,341659
7290017201719,false,קעריות מקנה סוכר 6 א,,,קעריות מקנה סוכר 6 אינץ 20יח,יחידה,20.00,יחידה,false,30,6.90,0.3450,true,1,336717
7290017201801,false,צלחות קנה סוכר חד פע,,IN,צלחות קנה סוכר חד פעמי עגולה 20יח 6אינץ,יחידה,20.00,יחידה,false,50,4.90,0.2450,true,1,333949
7290017201818,false,מסכת פנים קיי אן עם,,CN,מסכת פנים קיי אן עם פילטר יחידה,יחידה,1.00,יחידה,false,1,9.90,9.9000,true,1,332829
7290017201849,false,צלחת חד פעמי מחולקת,,IN,צלחת חד פעמי מחולקת ל3 9אינץ קנה סוכר,יחידה,20.00,יחידה,false,25,9.90,0.4950,true,1,333953
7290017201856,false,צלחות קנה סוכר חד פע,,IN,צלחות קנה סוכר חד פעמי עגולה 20יח 10אינץ,יחידה,20.00,יחידה,false,25,12.90,0.6450,true,1,333952
7290017201863,false,צלחות עלי דקל חד פעמ,,IN,צלחות עלי דקל חד פעמי מרובעת 4אינץ 10יח,יחידה,10.00,יחידה,false,24,7.90,0.7900,true,1,333933
7290017201870,false,צלחת חד פעמי מחולקת,,IN,צלחת חד פעמי מחולקת ל3 20אינץ קנה סוכר,יחידה,20.00,יחידה,false,25,12.90,0.6450,true,1,333954
7290017201917,false,מגש אירוח אובלי חד פ,,IN,מגש אירוח אובלי חד פעמי 12אינץ קנה סוכר,יחידה,20.00,יחידה,false,25,18.90,0.9450,true,1,333956
7290017201931,false,צלחת חד פעמי מחולקת,,IN,צלחת חד פעמי מחולקת ל4 12אינץ עלי דקל,יחידה,10.00,יחידה,false,24,17.90,1.7900,true,1,333945
7290017201948,false,צלחות עלי דקל חד פעמ,,IN,צלחות עלי דקל חד פעמי עגול 12אינץ 10יח,יחידה,10.00,יחידה,false,24,17.90,1.7900,true,1,333944
7290017201955,false,צלחות עלי דקל חד פעמ,,IN,צלחות עלי דקל חד פעמי עגול 10אינץ 10יח,יחידה,10.00,יחידה,false,24,15.90,1.5900,true,1,333943
7290017201962,false,צלחות עלי דקל חד פעמ,,IN,צלחות עלי דקל חד פעמי עגולות 9אינץ 10יח,יחידה,10.00,יחידה,false,24,14.90,1.4900,true,1,333942
7290017201979,false,צלחות עלי דקל חד פעמ,,IN,צלחות עלי דקל חד פעמי עגולות 8אינץ 10יח,יחידה,10.00,יחידה,false,24,13.90,1.3900,true,1,333941
7290017201986,false,צלחות עלי דקל חד פעמ,,IN,צלחות עלי דקל חד פעמי עגולות 7אינץ 10יח,יחידה,10.00,יחידה,false,24,12.90,1.2900,true,1,333940
7290017201993,false,צלחות עלי דקל חד פעמ,,IN,צלחות עלי דקל חד פעמי עגולות 6אינץ 10יח,יחידה,10.00,יחידה,false,24,10.90,1.0900,true,1,333939
7290017217239,false,קליפס לסגירת שקיות,הוסטס,CN,קליפס לסגירת שקיות 20יח,יחידה,20.00,יחידה,false,12,10.90,0.5450,true,1,325197
7290017217307,false,נרות ריחניים 50 יח,הוסטס,CN,נרות ריחניים 50 יח בריח ורדים,יחידה,50.00,יחידה,false,20,11.90,0.2380,true,1,325811
7290017217321,false,נרות ריחניים 50 יח,הוסטס,CN,נרות ריחניים 50 יח בריח לוונדר,יחידה,50.00,יחידה,false,20,11.90,0.2380,true,1,325812
7290017217338,false,נרות ריחניים 50 יח,הוסטס,CN,נרות ריחניים 50 יח בריח וניל,יחידה,50.00,יחידה,false,20,11.90,0.2380,true,1,325810
7290017217420,false,מארז 3 יח סבון אסלה,הוסטס,CN,מארז 3 יח סבון אסלה מבושם בניחוח לימון,יחידה,3.00,יחידה,false,1,10.90,3.6333,true,1,324638
7290017217437,false,מארז 3 יח סבון אסלה,הוסטס,CN,מארז 3 יח סבון אסלה מבושם בניחוח פרחים,יחידה,3.00,יחידה,false,1,10.90,3.6333,true,1,324639
7290017217444,false,מארז 3 יח סבון אסלה,הוסטס,CN,מארז 3 יח סבון אסלה מבושם בניחוח לבנדר,יחידה,3.00,יחידה,false,1,10.90,3.6333,true,1,324640
7290017217468,false,שקיות אוכל מנייר 50,,PL,שקיות אוכל מנייר 50 יחידות,יחידה,50.00,יחידה,false,12,6.90,0.1380,true,1,327080
7290017217598,false,גלילי עץ להדלקת פחם,הוסטס,DE,גלילי עץ להדלקת פחם 300גר איזיטאצ אקולוג,גרמים,300.00,100 גרם,false,1,15.90,5.3000,true,1,329111
7290017217611,false,נייר אפיה נשלף 50 יח,הוסטס,IL,נייר אפיה נשלף 50 יח בקופסא הוסטס,יחידה,50.00,יחידה,false,12,10.90,0.2180,true,1,329596
7290017217727,false,שיפודי במבוק 100 יח,,,שיפודי במבוק 100 יח 18סמ יקיטורי,יחידה,100.00,יחידה,false,1,11.90,0.1190,true,1,329598
7290017217796,false,אטבי כביסה מקושטים,הוסטס,CN,אטבי כביסה מקושטים 24 יח הוסטס,יחידה,24.00,יחידה,false,1,13.90,0.5792,true,1,329113
7290017232225,false,לחם איטסיין גלילי 45,,,לחם איטסיין גלילי 450גר,גרמים,450.00,100 גרם,false,9,22.90,5.0889,true,1,345880
7290017266053,false,וופל עלמה קראנץ לימו,גילרו,,וופל עלמה קראנץ לימון ל.ס. 175 גרם,גרמים,175.00,100 גרם,false,1,7.90,4.5143,true,1,321342
7290017266060,false,וופל עלמה קראנץ שוקו,גילרו,,וופל עלמה קראנץ שוקולד ל.ס. 175 גרם,גרמים,175.00,100 גרם,false,1,7.90,4.5143,true,1,321341
7290017266312,false,וופל עלמה אוורירי קר,גילרו,,וופל עלמה אוורירי קרם שוקולד 150 גרם,גרמים,150.00,100 גרם,false,1,3.50,2.3333,true,1,326129
7290017266343,false,וופל עלמה קראנץ קרם,גילרו,,וופל עלמה קרם שוקולד 150 גרם,גרמים,150.00,100 גרם,false,1,3.50,2.3333,true,1,328460
7290017266398,false,גלילי ופל עלמה למילו,גילרו,,גלילי ופל עלמה למילוי 150 גרם,גרמים,150.00,100 גרם,false,1,19.90,13.2667,true,1,329607
7290017266503,false,גלילי וופל רול עלמה,גילרו,,גלילי וופל רול עלמה ל.ס 100 גר,גרמים,100.00,100 גרם,false,1,7.90,7.9000,true,1,329606
7290017266527,false,וופל עלמה קראנץ קרם,גילרו,,וופל עלמה קראנץ קרם אגוז 150 גרם,גרמים,150.00,100 גרם,false,1,3.50,2.3333,true,1,329789
7290017266909,false,וופל סאן קרם שוקולד,גילרו,IL,וופל סאן קרם שוקולד 200 גרם,גרמים,200.00,100 גרם,false,1,4.90,2.4500,true,1,346569
7290017266916,false,וופל סאן קרם לימון 2,גילרו,IL,וופל סאן קרם לימון 200 גרם,גרמים,200.00,100 גרם,false,1,4.90,2.4500,true,1,346570
7290017285894,false,קרם הגנה אולטרסול קי,פישר תעשיות,,קרם הגנה אולטרסול קידס לפנים 30מל,Unknown,0.00,Unknown,false,1,31.90,0.0000,true,1,326561
7290017289083,false,יין אדום מחוזק אסנס,יקב טפרברג 1870,,יין אדום מחוזק אסנס 2017 750 מל,מיליליטרים,750.00,"100 מ""ל",false,1,115.00,15.3333,true,1,326910
7290017289403,false,יין אסנס מלבק 2017 7,טפרברג,,יין מלבק סנס 750 מל,מיליליטרים,750.00,"100 מ""ל",false,1,115.00,15.3333,true,1,335826
7290017289410,false,יין מרלו אסנס 2017 7,יקב טפרברג 1870,,יין מרלו אסנס 2017 750 מל,מיליליטרים,750.00,"100 מ""ל",false,1,115.00,15.3333,true,1,338085
7290017289427,false,יין קברנה סובניון אס,יקב טפרברג 1870,,יין קברנה סובניון אסנס 2017 750 מל,מיליליטרים,750.00,"100 מ""ל",false,1,115.00,15.3333,true,1,342452
7290017289601,false,יין בלנד לבן 150 שנה,יקב טפרברג 1870,IL,יין בלנד לבן 150 שנה אימפרשיין 750 מל,מיליליטרים,750.00,"100 מ""ל",false,6,45.00,6.0000,true,1,332467
7290017289618,false,יין פטיט סירה 150 שנ,יקב טפרברג 1870,IL,יין פטיט סירה 150 שנה אימפרשיין 750 מל,מיליליטרים,750.00,"100 מ""ל",false,6,45.00,6.0000,true,1,332466
7290017289779,false,יין מלבק מרסלן 2019,יקב טפרברג 1870,,יין מלבק מרסלון 2019 750 מל,מיליליטרים,750.00,"100 מ""ל",false,1,60.00,8.0000,true,1,337455
7290017289786,false,יין מריטאז אינספייר,יקב טפרברג 1870,,יין מריטאז אינספייר 750 מל,מיליליטרים,750.00,"100 מ""ל",false,1,60.00,8.0000,true,1,336808
7290017297149,false,גרגירי חומוס ביתי פר,פרי גליל,IL,גרגירי חומוס ביתי פרי גלילי 560 גרם,גרמים,550.00,100 גרם,false,24,6.90,1.2545,true,1,335330
7290017297217,false,עדשים ירוקות מושרות,פרי גליל,,עדשים ירוקות מושרות מבושלות קפואות 800גר,גרמים,800.00,100 גרם,false,1,14.90,1.8625,true,1,336216
7290017325316,false,מיקס אפונה עדשים אור,,IL,מיקס אפונה עדשים אורז מלא אורגני 250גר,גרמים,250.00,100 גרם,false,8,13.90,5.5600,true,1,332097
7290017325323,false,מיקס כוסמת אורז מלא,,IL,מיקס כוסמת אורז מלא אדום אורגני 250גר הר,גרמים,250.00,100 גרם,false,8,13.90,5.5600,true,1,332096
7290017325330,false,מיקס דגנים ועדשים או,,IL,מיקס דגנים ועדשים אורגני 250גר הרדוף,גרמים,250.00,100 גרם,false,8,13.90,5.5600,true,1,332095
7290017325347,false,מקלות בייגלה מקמח כו,הקדוף,IL,מקלות בייגלה מקמח כוסמין אורגני 200 גר,גרמים,200.00,100 גרם,false,12,15.90,7.9500,true,1,325068
7290017325361,false,מיקס בורגול קינואה,,IL,מיקס בורגול קינואה אורגני 250גר הרדוף,גרמים,250.00,100 גרם,false,8,13.90,5.5600,true,1,332093
7290017325378,false,מיקס בורגול דוחן אור,,IL,מיקס בורגול דוחן אורז אדום 250גר הרדוף,גרמים,250.00,100 גרם,false,8,13.90,5.5600,true,1,332094
7290017325385,false,חמאה אורגנית 200 גרם,,,חמאה אורגנית 200 גרם אדמה,גרמים,200.00,100 גרם,false,24,15.90,7.9500,true,1,337110
7290017325477,false,רסק עגבניות אורגני 1,,,רסק עגבניות אורגני 100 גר הרדוף,גרמים,100.00,100 גרם,false,90,3.90,3.9000,true,1,335683
7290017325538,false,תערובת פירות מנגו תפ,,IL,תערובת פירות מנגו תפוח בננה אורגני 250ג,גרמים,250.00,100 גרם,false,14,20.90,8.3600,true,1,336416
7290017325569,false,פטל שחור אורגני קפוא,,IL,פטל שחור אורגני קפוא 300גר הרדוף,גרמים,300.00,100 גרם,false,14,20.90,6.9667,true,1,336415
7290017325576,false,תערובת פירות יער אור,,IL,תערובת פירות יער אורגני קפוא 300גר הרדוף,גרמים,300.00,100 גרם,false,14,20.90,6.9667,true,1,336414
7290017325606,false,משקה אורז אורגני 1 ל,,,משקה אורז אורגני 1 לי הרדוף,ליטרים,1.00,ליטר,false,1,12.90,12.9000,true,1,332752
7290017325613,false,משקה שבולת שועל אורג,,,משקה שבולת שועל אורגני 1 לי הרדוף,ליטרים,1.00,ליטר,false,1,12.90,12.9000,true,1,332751
7290017325620,false,משקה אורז שקד אורגני,,,משקה אורז שקד אורגני ללס/גלוטן לי הרדוף,ליטרים,1.00,ליטר,false,1,12.90,12.9000,true,1,332750
7290017325644,false,אורז שחור אורגני 500,,,אורז שחור אורגני 500 גר הרדוף,גרמים,500.00,100 גרם,false,12,24.90,4.9800,true,1,334218
7290017325651,false,אורז מעורב אורגני 50,,,אורז מעורב אורגני 500 גר,גרמים,500.00,100 גרם,false,12,21.90,4.3800,true,1,334217
7290017325668,false,עדשים מנומרות צרפתיו,,IL,עדשים מנומרות צרפתיות אורגני הרדוף 500גר,גרמים,500.00,100 גרם,false,6,14.90,2.9800,true,1,334575
7290017325811,false,שעועית בובס אורגני ה,,,שעועית בובס אורגני הרדוף 400 גר,גרמים,400.00,100 גרם,false,12,10.90,2.7250,true,1,341117
7290017325910,false,קורנפלקס אורגני 375ג,,,קורנפלקס אורגני 375גרם ל.תוספת סוכר הרדו,גרמים,375.00,100 גרם,false,1,18.90,5.0400,true,1,346500
7290017325941,false,טחינה אורגנית 450 גר,,,טחינה אורגנית 450 גר הרדוף,גרמים,450.00,100 גרם,false,1,17.90,3.9778,true,1,347458
7290017325958,false,קמח שלושה דגנים מלא,,,קמח שלושה דגנים מלא אורגני 1 קג הרדוף,קילוגרמים,1.00,"ק""ג",false,12,19.90,19.9000,true,1,345503
7290017374390,false,סט שירותים טורינו,,IT,סט שירותים טורינו,יחידה,1.00,יחידה,false,12,19.90,19.9000,true,1,330919
7290017374727,false,מברשת אבק מיקרופייבר,,CN,מברשת אבק מיקרופייבר מהודרת,יחידה,1.00,יחידה,false,48,9.90,9.9000,true,1,330894
7290017374956,false,מבשם למתקן מיקס בתי,OZTURK,TR,מבשם למתקן מיקס בתי מלון,יחידה,1.00,יחידה,false,12,9.90,9.9000,true,1,325210
7290017374963,false,מבשם אויר למתקן מיקס,OZTURK,TR,מבשם אויר למתקן מיקס סקסי,יחידה,1.00,יחידה,false,12,9.90,9.9000,true,1,325265
7290017374970,false,מבשם למתקן מיקס אברק,OZTURK,TR,מבשם למתקן מיקס אברקומבי,יחידה,1.00,יחידה,false,12,9.90,9.9000,true,1,325211
7290017386027,false,חמאת בוטנים כרם קראנ,,IN,חמאת בוטנים כרם קראנצי 510 גרם,גרמים,510.00,100 גרם,false,12,12.90,2.5294,true,1,333663
7290017386041,false,חמאת בוטנים כרם קלאס,,IN,חמאת בוטנים כרם קלאסית 510 גרם,גרמים,510.00,100 גרם,false,12,12.90,2.5294,true,1,333662
7290017386058,false,עגבניות אורגניות מרו,terre di sangiorgio,IT,עגבניות אורגניות מרוסקות כרם 700 גרם,גרמים,700.00,100 גרם,false,12,10.00,1.4286,true,1,324694
7290017386072,false,רוטב פסטה אורגני כרם,terre di sangiorgio,IT,רוטב פסטה אורגני כרם בזיליקום300גר,גרמים,300.00,100 גרם,false,12,12.90,4.3000,true,1,324696
7290017386119,false,קמח כוסמין 100%מלא כ,עץ השדה,,"קמח כוסמין 100%מלא כרם 1 ק""ג",קילוגרמים,1.00,"ק""ג",false,1,11.90,11.9000,true,1,324027
7290017386126,false,קמח כוסמין70%מלא כרם,עץ השדה,,"קמח כוסמין70%מלא כרם 1 ק""ג",קילוגרמים,1.00,"ק""ג",false,1,11.90,11.9000,true,1,324028
7290017386133,false,קמח חיטה 100% מלא כר,עץ השדה,,קמח חיטה 100% מלא כרם 1 קג,קילוגרמים,1.00,"ק""ג",false,1,10.90,10.9000,true,1,324030
7290017386140,false,קמח חיטה 70% מלא כרם,עץ השדה,,קמח חיטה 70% מלא כרם 1 קג,קילוגרמים,1.00,"ק""ג",false,1,10.90,10.9000,true,1,324031
7290017386157,false,קמח כוסמין לבן כרם 1,עץ השדה,,"קמח כוסמין לבן כרם 1 ק""ג",קילוגרמים,1.00,"ק""ג",false,1,11.90,11.9000,true,1,324029
7290017386263,false,סירופ מייפל 100% טהו,,DK,סירופ מייפל 100% טהור כרם 250 מל,מיליליטרים,250.00,"100 מ""ל",false,12,26.90,10.7600,true,1,333661
7290017386270,false,אבקת קקאו אורגני 200,,,אבקת קקאו אורגני 200 גר,גרמים,200.00,100 גרם,false,1,19.90,9.9500,true,1,325935
7290017386287,false,פולי קקאו נא שלמים א,,,פולי קקאו נא שלמים אורגנים כרם 200 גרם,גרמים,200.00,100 גרם,false,1,19.90,9.9500,true,1,325936
7290017386294,false,פולי קקאו נא ניבס או,,,פולי קקאו נא ניבס אורגנים כרם 200 גרם,גרמים,200.00,100 גרם,false,1,19.90,9.9500,true,1,325937
7290017386348,false,שקד מולבן טחון כרם 2,,,שקד מולבן טחון כרם 250 גרם,גרמים,250.00,100 גרם,false,1,16.90,6.7600,true,1,325940
7290017386386,false,חומץ תפוחים 5% אורגנ,ACETIFICIO ANBREA,IT,חומץ תפוחים 5% אורגני כרם 1 ל,ליטרים,1.00,ליטר,false,12,21.90,21.9000,true,1,326694
7290017386423,false,תרסיס שמן פשתן טהור,,IT,תרסיס שמן פשתן טהור כרם 200 מל,מיליליטרים,200.00,"100 מ""ל",false,6,19.90,9.9500,true,1,327865
7290017386430,false,תרסיס שמן אגוזי קוקו,,IT,תרסיס שמן אגוזי קוקוס טהור כרם 200 מל,מיליליטרים,200.00,"100 מ""ל",false,6,19.90,9.9500,true,1,327866
7290017386447,false,תרסיס שמן אבוקדו טה,,IT,תרסיס שמן אבוקדו טהור כרם 200 מל,מיליליטרים,147.00,"100 מ""ל",false,6,19.90,13.5374,true,1,327867
7290017386454,false,תרסיס שמן זרעי ענבים,,IT,תרסיס שמן זרעי ענבים טהור כרם 200 מל,מיליליטרים,147.00,"100 מ""ל",false,6,19.90,13.5374,true,1,327868
7290017386461,false,תרסיס שמן זית טהור כ,,IT,תרסיס שמן זית טהור כרם 200 מל,מיליליטרים,200.00,"100 מ""ל",false,6,19.90,9.9500,true,1,327869
7290017386478,false,שמן זרעי ענבים מזוכך,,IT,שמן זרעי ענבים מזוכך כרם 1 ל,ליטרים,1.00,ליטר,false,12,34.90,34.9000,true,1,338127
7290017386690,false,משקה שעורה נמס כרם 1,אמ.סי.ב-אי.אר.אי,EG,משקה שעורה נמס כרם 100 גרם,גרמים,100.00,100 גרם,false,12,13.90,13.9000,true,1,324689
7290017386959,false,נוזל חלב קוקוס אורגנ,,,נוזל חלב קוקוס אורגני 17-19% 400 מל,מיליליטרים,400.00,"100 מ""ל",false,12,10.00,2.5000,true,1,331071
7290017386997,false,מי קוקוס אורגניים 1,,,מי קוקוס אורגניים 1 לי,ליטרים,1.00,ליטר,false,12,14.90,14.9000,true,1,331072
7290017389011,false,מנגו מיובש ללא סוכר,"דין שיווק וקלייה בע""",,מנגו מיובש ללא סוכר 160 גרם קופסא,גרמים,160.00,100 גרם,false,1,16.90,10.5625,true,1,319851
7290017389028,false,אננס מיובש ללא סוכר1,"דין שיווק וקלייה בע""",,אננס מיובש ללא סוכר160 גרם בקופסא,גרמים,160.00,100 גרם,false,1,16.90,10.5625,true,1,319859
7290017389073,false,תות שדה מיובש 160 גר,"דין שיווק וקלייה בע""",,תות שדה מיובש 160 גרם בקופסא,גרמים,160.00,100 גרם,false,1,14.90,9.3125,true,1,319855
7290017440231,false,שמפו סרקל מתולתל 1 ל,פישר תעשיות,,שמפו סרקל מתולתל 1 ליטר,ליטרים,1.00,ליטר,false,1,28.90,28.9000,true,1,324780
7290017440248,false,מרכך סרקל מתולתל 1 ל,פישר תעשיות,,מרכך סרקל מתולתל 1 ליטר,ליטרים,1.00,ליטר,false,1,28.90,28.9000,true,1,324779
7290017440279,false,אל סבון קידס קמיל בל,פישר תעשיות,IL,אל סבון קידס קמיל בלו 750מל,מיליליטרים,750.00,"100 מ""ל",false,12,16.90,2.2533,true,1,328316
7290017440286,false,מרכך קידס קמיל בלו,פישר תעשיות,IL,מרכך קידס קמיל בלו 750מל,מיליליטרים,750.00,"100 מ""ל",false,12,16.90,2.2533,true,1,328314
7290017440323,false,שמפו+מרכך קידס קמיל,פישר תעשיות,IL,שמפו+מרכך קידס קמיל בלו 750מל,מיליליטרים,750.00,"100 מ""ל",false,12,16.90,2.2533,true,1,328315
7290017440682,false,שמפו בלונד400מל קמיל,,,שמפו בלונד400מל קמיל בלו,מיליליטרים,400.00,"100 מ""ל",false,10,29.90,7.4750,true,1,330512
7290017440699,false,מרכך בלונד 400מל קמי,,,מרכך בלונד 400מל קמיל בלו,מיליליטרים,400.00,"100 מ""ל",false,10,29.90,7.4750,true,1,330513
7290017440729,false,שמן שיזוף אולטרסול ק,פישר תעשיות,,שמן שיזוף אולטרסול קוקוס 200מל,מיליליטרים,200.00,"100 מ""ל",false,1,54.90,27.4500,true,1,326698
7290017440965,false,אל סבון קמיל לידיים,פישר תעשיות,,אל סבון קמיל לידיים ניקיות רעננות 1ל לבן,ליטרים,1.00,ליטר,false,1,13.90,13.9000,true,1,327702
7290017457574,false,מארז 3יח סבון אסלה,,,מארז 3יח סבון אסלה כדוריות סוד פרחים,יחידה,3.00,יחידה,false,1,14.90,4.9667,true,1,327244
7290017457581,false,מרכך כביסה סוד מרוכז,הנקל,IL,מרכך כביסה סוד מרוכז קוקוס 900מל פורמולה,מיליליטרים,900.00,"100 מ""ל",false,12,11.90,1.3222,true,1,329099
7290017457598,false,מרכך כביסה סוד מרוכז,הנקל,IL,מרכך כביסה סוד מרוכז קיץ 900מל פורמולה,מיליליטרים,900.00,"100 מ""ל",false,12,11.90,1.3222,true,1,329100
7290017457604,false,אבקת כביסה פרסיל 3קג,הנקל,IL,אבקת כביסה פרסיל 3קג פרימיום יוניברסל,קילוגרמים,3.00,"ק""ג",false,6,32.90,10.9667,true,1,328546
7290017457611,false,גל כביסה סוד 2.5ליטר,הנקל,IL,גל כביסה סוד 2.5ליטר ורוד,ליטרים,2.50,ליטר,false,6,19.90,7.9600,true,1,332252
7290017457628,false,גל כביסה סוד 2.5ליטר,הנקל,IL,גל כביסה סוד 2.5ליטר כחול,ליטרים,2.50,ליטר,false,6,19.90,7.9600,true,1,332251
7290017457727,false,מרכך כביסה סוד מרוכז,הנקל,IL,מרכך כביסה סוד מרוכז כחול 900מל פורמולה,מיליליטרים,900.00,"100 מ""ל",false,12,11.90,1.3222,true,1,327495
7290017457734,false,מרכך כביסה סוד מרוכז,הנקל,IL,מרכך כביסה סוד מרוכז ורוד 900מל פורמולה,מיליליטרים,900.00,"100 מ""ל",false,12,11.90,1.3222,true,1,327496
7290017457741,false,מרכך כביסה סוד מרוכז,הנקל,IL,מרכך כביסה סוד מרוכז סגול 900מל פורמולה,מיליליטרים,900.00,"100 מ""ל",false,12,11.90,1.3222,true,1,327497
7290017457925,false,מרכך כביסה סוד מרוכז,הנקל,IL,מרכך כביסה סוד מרוכז 900מל פרחוני פרש,מיליליטרים,900.00,"100 מ""ל",false,12,11.90,1.3222,true,1,335337
7290017457932,false,מרכך כביסה סוד מרוכז,הנקל,IL,מרכך כביסה סוד מרוכז 900מל פרש קונטרול,מיליליטרים,900.00,"100 מ""ל",false,12,11.90,1.3222,true,1,335336
7290017457949,false,א.כביסה פרסיל 2.5 קג,,,א.כביסה פרסיל 2.5 קג תינוקות ועור רגיש,קילוגרמים,2.50,"ק""ג",false,1,19.90,7.9600,true,1,334118
7290017460017,false,פירורי לחם תיבול גרי,נווה התבלין,IL,פירורי לחם תיבול גריל 400 גרם,גרמים,400.00,100 גרם,false,24,11.90,2.9750,true,1,324530
7290017460031,false,פירורי לחם שום ועשבי,נווה התבלין,IL,פירורי לחם שום ועשבי תיבול 400 גרם,גרמים,400.00,100 גרם,false,24,11.90,2.9750,true,1,324525
7290017460079,false,פירורי לחם ים תיכוני,נווה התבלין,IL,פירורי לחם ים תיכוני 400 גרם,גרמים,400.00,100 גרם,false,24,11.90,2.9750,true,1,324526
7290017460086,false,פירורי לחם זהב 400 ג,נווה התבלין,IL,פירורי לחם זהב 400 גרם,גרמים,400.00,100 גרם,false,24,10.00,2.5000,true,1,324523
7290017460093,false,פירורי לחם שומשום וק,נווה התבלין,IL,פירורי לחם שומשום וקצח 400 גרם,גרמים,400.00,100 גרם,false,24,11.90,2.9750,true,1,324528
7290017477169,false,אגוז קשיו קלוי 250 ג,"דין שיווק וקלייה בע""",,אגוז קשיו קלוי 250 ג מחיר מוטבע,גרמים,250.00,100 גרם,false,1,20.00,8.0000,true,1,322755
7290017477244,false,שקד טחון שקדיה 180 ג,,,שקד טחון שקדיה 180 גרם בקופסא,גרמים,180.00,100 גרם,false,1,19.90,11.0556,true,1,323605
7290017477251,false,שקד פרוס שקדיה 180 ג,,,שקד פרוס שקדיה 180 גרם בקופסא,גרמים,180.00,100 גרם,false,1,19.90,11.0556,true,1,323607
7290017477275,false,גרעיני חמניה קלופים,,,גרעיני חמניה קלופים קלויים שקדיה 200 גרם,גרמים,200.00,100 גרם,false,1,9.90,4.9500,true,1,323611
7290017477299,false,תערובת געלה שקדיה 20,,,תערובת געלה שקדיה 200 גרם,גרמים,200.00,100 גרם,false,1,9.90,4.9500,true,1,323613
7290017504001,false,פטריות שמפניון 250 ג,,,פטריות שמפניון 250 ג,Unknown,0.00,Unknown,false,1,9.90,0.0000,true,1,321184
7290017504018,false,זוג פטריות שמפניון א,,,זוג פטריות שמפניון ארוז,Unknown,0.00,Unknown,false,1,16.90,0.0000,true,1,321204
7290017504025,false,פטריות פורטובלה יח,,,פטריות פורטובלה יח,Unknown,0.00,Unknown,false,1,11.90,0.0000,true,1,322496
7290017506104,false,שוקולד אגוזי לוז 67%,,,שוקולד אגוזי לוז 67% 60 גר RAW,יחידה,1.00,יחידה,false,10,20.90,20.9000,true,1,334775
7290017510521,false,נוזל כלים אסותא 1.33,טרופיקל דגיל,IL,נוזל כלים אסותא 1.33 ליטר לימון,מיליליטרים,1330.00,"100 מ""ל",false,12,12.90,0.9699,true,1,327655
7290017510545,false,נוזל כלים אסותא 1.33,טרופיקל דגיל,IL,נוזל כלים אסותא 1.33 ליטר רימונים,מיליליטרים,1330.00,"100 מ""ל",false,12,12.90,0.9699,true,1,327656
7290017510576,false,נוזל כלים אסותא 750מ,טרופיקל דגיל,IL,נוזל כלים אסותא 750מל רימונים,מיליליטרים,750.00,"100 מ""ל",false,1,7.90,1.0533,true,1,327654
7290017513393,false,תה ירוק ספירולינה 1,תה ויסוצקי,,תה ירוק ספירולינה 1.5 ג 25 שק,יחידה,25.00,יחידה,false,1,24.90,0.9960,true,1,329306
7290017513751,false,חטיפי שוקולד גודאיבה,,TR,חטיפי שוקולד גודאיבה חלב,Unknown,0.00,Unknown,false,10,11.90,0.0000,true,1,331669
7290017513775,false,בייגלה פליפז שוקולד,,,בייגלה פליפז שוקולד חלב 140 גרם,גרמים,140.00,100 גרם,false,1,8.90,6.3571,true,1,334512
7290017513782,false,בייגלה פליפז שוקולד,,,בייגלה פליפז שוקולד מריר 140 גרם,גרמים,140.00,100 גרם,false,1,8.90,6.3571,true,1,334511
7290017513829,false,תה ירוק לחמונית גינג,תה ויסוצקי,,תה ירוק לחמונית גינגר עם ויטמין 25 שקיק,יחידה,25.00,יחידה,false,1,24.90,0.9960,true,1,334462
7290017513850,false,תה ירוק נענע עם ויטמ,תה ויסוצקי,,תה ירוק נענע עם ויטמין 25 שקיק,יחידה,25.00,יחידה,false,1,24.90,0.9960,true,1,334461
7290017513867,false,תה ירוק לימונית לואי,תה ויסוצקי,,תה ירוק לימונית לואיזה עם ויטמין 25 שקיק,יחידה,25.00,יחידה,false,1,24.90,0.9960,true,1,334460
7290017516295,false,חטיפי בריאות פרוטאין,,,חטיפי פרוטאין אגוז שוקולד 50 גר,Unknown,0.00,Unknown,false,1,10.90,0.0000,true,1,333032
7290017516318,false,חטיפי בריאות פרוטאין,,,חטיפי בריאות פרוטאין שוקולד 50 גר,Unknown,0.00,Unknown,false,1,10.90,0.0000,true,1,333033
7290017516332,false,חטיפי בריאות פרוטאין,,,חטיפי בריאות פרוטאין חמאת בוטנים 50 גר,Unknown,0.00,Unknown,false,1,10.90,0.0000,true,1,333034
7290017516479,false,חטיפי בריאות פנגיאה,,,חטיפי בריאות פנגיאה וניל פרוטאין 50 גר,Unknown,0.00,Unknown,false,1,10.90,0.0000,true,1,333748
7290017516486,false,חטיפי בריאות פנגיאה,,,חטיפי בריאות פנגיאה פרוטאין 50 גר,Unknown,0.00,Unknown,false,1,10.90,0.0000,true,1,333747
7290017516509,false,חטיפי בריאות פרוטאין,,,חטיפי בריאות פרוטאין קרמל מלוח 50 גר,Unknown,0.00,Unknown,false,1,10.90,0.0000,true,1,335711
7290017516615,false,חטיף ספירולינה פנגיא,,,חטיף ספירולינה פנגיאה 40 גר,Unknown,0.00,Unknown,false,30,10.90,0.0000,true,1,343554
7290017540696,false,דפי סויה צבעוני 8 יח,מינג לין פוד לטד,TW,דפי סויה צבעוני 8 יח 17 גרם,Unknown,0.00,Unknown,false,1,18.90,0.0000,true,1,326225
7290017589077,false,יין קברנה סובניון פט,,,יין קברנה סוסניון פטיט 750 מל,מיליליטרים,750.00,"100 מ""ל",false,1,100.00,13.3333,true,1,325011
7290017589633,false,יין רזרב קברנה גולד,,,יין רזרב קברנה גולד 750 מל,מיליליטרים,750.00,"100 מ""ל",false,1,45.00,6.0000,true,1,326312
7290017599250,false,סוכרזית קלאסי 120 שק,ביסקול בעמ,IL,סוכרזית קלאסי 120 שקיות,גרמים,120.00,100 גרם,false,12,16.90,14.0833,true,1,346133
7290017599267,false,סוכרזית סוכרלוז 120ש,ביסקול בעמ,IL,סוכרזית סוכרלוז 120שקיות,גרמים,120.00,100 גרם,false,12,24.90,20.7500,true,1,346134
7290017617046,false,מארז4יח טונה סטארקיס,סטארקיסט,,מארז4יח טונה סטארקיסט בשמן זית140גר,גרמים,560.00,100 גרם,false,1,28.90,5.1607,true,1,330445
7290017617060,false,טונה סטארקיסט טו גו,סטארקיסט,,טונה סטארקיסט טו גו לימון וטימין 80 גרם,Unknown,0.00,Unknown,false,24,9.90,0.0000,true,1,333494
7290017617077,false,טונה סטארקיסט טו גו,סטארקיסט,,טונה סטארקיסט טו גו פלפל וצילי 80 גרם,Unknown,0.00,Unknown,false,24,9.90,0.0000,true,1,333496
7290017617084,false,מיקס טונה טו גו עם ש,סטארקיסט,,מיקס טונה טו גו עם שעועית 185 גרם,גרמים,185.00,100 גרם,false,24,12.90,6.9730,true,1,336858
7290017617091,false,מיקס טונה טו גו עם פ,סטארקיסט,,מיקס טונה טו גו עם פתיתים 185 גרם,גרמים,185.00,100 גרם,false,24,12.90,6.9730,true,1,336859
7290017617107,false,מיקס טונה טו גו עם 4,סטארקיסט,,מיקס טונה טו גו עם 4דגנים 185 גרם,גרמים,185.00,100 גרם,false,24,12.90,6.9730,true,1,336860
7290017617275,false,מארז 3יח ממרח טונה ס,,,מארז 3יח ממרח טונה סטארקיסט 160 גרם,גרמים,540.00,100 גרם,false,1,22.90,4.2407,true,1,342338
7290017617411,false,מיקס נתחי סלמון אורז,,PL,מיקס נתחי סלמון אורז ירקות 160 גרם,גרמים,160.00,100 גרם,false,8,14.90,9.3125,true,1,346020
7290017617428,false,מיקס נתחי סלמון פסטה,,PL,מיקס נתחי סלמון פסטה עגבניות 160 גרם,גרמים,160.00,100 גרם,false,8,14.90,9.3125,true,1,346021
7290017617435,false,מיקס נתחי סלמון עדשי,,PL,מיקס נתחי סלמון עדשים וקינואה 160 גרם,גרמים,160.00,100 גרם,false,8,14.90,9.3125,true,1,346019
7290017619019,false,עציץ נוי 80,מיישן,,עציץ נוי 80,יחידה,1.00,יחידה,false,1,79.90,79.9000,true,1,331357
7290017619149,false,בקבוק שתיה זכוכית וס,,,בקבוק שתיה זכוכית וסיליקון רחב,יחידה,1.00,יחידה,false,1,39.90,39.9000,true,1,331349
7290017619286,false,מילוי למטהר אויר חשמ,,,מילוי למטהר אויר חשמלי מוסקו,יחידה,1.00,יחידה,false,1,19.90,19.9000,true,1,331455
7290017628011,false,משטח תצוגה,גליקסמן,,משטח תצוגה,יחידה,1.00,יחידה,false,1,60.00,60.0000,true,1,323502
7290017641119,false,שוקולד אגו 85% מריר,כרמית תעשיות ממתקים,IL,שוקולד אגו 85% מריר 100 גרם,גרמים,100.00,100 גרם,false,24,8.90,8.9000,true,1,331077
7290017641188,false,קרקר פניני שיפון מלא,דוויטה ג'יי.אס.סי,,קרקר פניני שיפון מלא וסלק 130 גרם,גרמים,130.00,100 גרם,false,1,7.50,5.7692,true,1,327756
7290017641195,false,קרקר פניני שיפון מלא,דוויטה ג'יי.אס.סי,,קרקר פניני שיפון מלא וגזר 130 גרם,גרמים,130.00,100 גרם,false,1,7.50,5.7692,true,1,327755
7290017641287,false,סוכריות פרוטיז פירות,,TR,סוכריות פרוטיז פירות 150 גרם,גרמים,150.00,100 גרם,false,24,6.90,4.6000,true,1,328486
7290017641737,false,שוקולד אגו 70%מריר ש,כרמית תעשיות ממתקים,IL,שוקולד אגו 70%מריר שברי אגוזי לוז 100 גר,גרמים,100.00,100 גרם,false,24,8.90,8.9000,true,1,331075
7290017641744,false,חטיפי קרח איגלו סטיק,כרמית,,חטיפי קרח איגלו סטיקס 8 יח 100 מל,מיליליטרים,800.00,"100 מ""ל",false,1,6.90,0.8625,true,1,330426
7290017647265,false,יין ירדן קברנה ס. בר,ירדן,,יין ירדן קברנה ס. בראון 2017 750 מל,מיליליטרים,750.00,"100 מ""ל",false,1,239.00,31.8667,true,1,337631
7290017647340,false,יין ירדן מרלו כרם אל,ירדן,IL,יין ירדן מרלו כרם אלוני הבשן באריזה 750,מיליליטרים,750.00,"100 מ""ל",false,6,180.00,24.0000,true,1,341640
7290017647418,false,יין ירדן רוזה 2019 7,יקבי רמת הגולן,IL,יין ירדן רוזה 750 מל,מיליליטרים,750.00,"100 מ""ל",false,12,100.00,13.3333,true,1,332355
7290017647425,false,יין גמלא ק.סוביניון,יקבי רמת הגולן,,יין גמלא ק.סוביניון 2018 750 מל,מיליליטרים,750.00,"100 מ""ל",false,1,70.00,9.3333,true,1,333751
7290017647678,false,יין ירדן סירה בראון,יקבי רמת הגולן,IL,יין ירדן סירה בראון עברית 750 מל,מיליליטרים,750.00,"100 מ""ל",false,1,189.00,25.2000,true,1,341641
7290017647708,false,יין גמלא גוורצטרמינר,יקבי רמת הגולן,,יין גמלא גוורצטרמינר 750 מל עברית,מיליליטרים,750.00,"100 מ""ל",false,1,60.00,8.0000,true,1,345119
7290017647715,false,יין גולן קברנה סובינ,יקבי רמת הגולן,,יין גולן קברנה סוביניון 750 מל,מיליליטרים,750.00,"100 מ""ל",false,1,45.00,6.0000,true,1,338049
7290017647722,false,יין גמלא בלאנקו 750,יקבי רמת הגולן,,יין גמלא בלאנקו 750 מל עברית,מיליליטרים,750.00,"100 מ""ל",false,1,60.00,8.0000,true,1,345120
7290017647760,false,יין ירדן סירה 750 מל,יקבי רמת הגולן,,יין ירדן סירה 750 מל,מיליליטרים,750.00,"100 מ""ל",false,1,100.00,13.3333,true,1,346529
7290017647791,false,יין ירדן קברנה סובני,יקבי רמת הגולן,,יין ירדן קברנה סובניון 2019 750 מל,מיליליטרים,750.00,"100 מ""ל",false,1,120.00,16.0000,true,1,346429
7290017647852,false,יין מרלו ירדן 750 מל,יקבי רמת הגולן,,יין מרלו ירדן 750 מל,מיליליטרים,750.00,"100 מ""ל",false,1,100.00,13.3333,true,1,347310
7290017675015,false,טחינה היונה 450 גרם,,,טחינה היונה 450 גרם,גרמים,450.00,100 גרם,false,1,12.90,2.8667,true,1,333319
7290017677804,false,רוטב סויה קיקומן 444,,,רוטב סויה קיקומן 444 מל,מיליליטרים,444.00,"100 מ""ל",false,1,19.90,4.4820,true,1,327946
7290017682181,false,כפפות חד פעמי ויטריל,,,כפפות חד פעמי ויטריל שחורות מדיום 100יח,יחידה,100.00,יחידה,false,10,29.90,0.2990,true,1,339170
7290017682198,false,כפפות חד פעמי ויטריל,,,כפפות חד פעמי ויטריל שחורות לארג 100יח,יחידה,100.00,יחידה,false,10,29.90,0.2990,true,1,339171
7290017682204,false,כפפות חד פעמי ויטריל,,,כפפות חד פעמי ויטריל שחורות אקס אל 100יח,יחידה,100.00,יחידה,false,10,29.90,0.2990,true,1,339172
7290017682334,false,מטאטא ריץ,,TR,מטאטא ריץ,יחידה,1.00,יחידה,false,12,12.90,12.9000,true,1,330913
7290017682525,false,מארז 3יח כריות קרצוף,,IL,מארז 3יח כריות קרצוף והברקת נירוסטה,יחידה,3.00,יחידה,false,1,9.90,3.3000,true,1,334170
7290017682563,false,שיפודים חד פעמי עובי,,CN,שיפודים חד פעמי עובי 5 אורך 30סמ 50יח,יחידה,50.00,יחידה,false,100,3.50,0.0700,true,1,342506
7290017682617,false,מגב קלינג עם תופסן 4,,CN,מגב קלינג עם תופסן 40סמ,יחידה,1.00,יחידה,false,24,14.90,14.9000,true,1,330902
7290017682945,false,מגב סיליקון חד להב,,,מגב סיליקון חד להב 43סמ,יחידה,1.00,יחידה,false,1,32.90,32.9000,true,1,332423
7290017712130,false,פרמיו פאוץ סלמון קיט,,FR,פרמיו פאוץ סלמון קיטן 85 גר,גרמים,85.00,100 גרם,false,24,3.90,4.5882,true,1,346061
7290017712147,false,פרמיו פאוץ עוף לחתלת,,FR,פרמיו פאוץ עוף לחתלתול 85 גר,גרמים,85.00,100 גרם,false,24,3.90,4.5882,true,1,346060
7290017712161,false,פרמיו פאוץ סלמון בגל,,FR,פרמיו פאוץ סלמון בגלי 85 גר,גרמים,85.00,100 גרם,false,24,3.90,4.5882,true,1,346059
7290017712192,false,פרמיו נתחי פילה עוף,,FR,פרמיו נתחי פילה עוף ועשבי תחבול 100 גר,גרמים,100.00,100 גרם,false,32,3.90,3.9000,true,1,346809
7290017712239,false,פרמיו פטה עוף לכלב 1,,FR,פרמיו פטה עוף לכלב 150 גר,גרמים,150.00,100 גרם,false,22,3.90,2.6000,true,1,346076
7290017712277,false,פרמיו פטה כבש לכלב 1,,FR,פרמיו פטה כבש לכלב 150 גר,גרמים,150.00,100 גרם,false,22,3.90,2.6000,true,1,346075
7290017712543,false,מרק גוסטו ירקות 300,קונסורזיו קאסאלאסקו,IT,מרק גוסטו ירקות 300 מל,מיליליטרים,300.00,"100 מ""ל",false,12,7.90,2.6333,true,1,335584
7290017712567,false,מרק גוסטו אפונה 300,קונסורזיו קאסאלאסקו,IT,מרק גוסטו אפונה 300 מל,מיליליטרים,300.00,"100 מ""ל",false,12,7.90,2.6333,true,1,335582
7290017712611,false,הורייזן עוף לחתול פא,,,הורייזן עוף לחתול פאוץ 85 גר,גרמים,1.00,100 גרם,false,24,4.90,490.0000,true,1,346804
7290017712628,false,הורייזן סלמון לחתול,,,הורייזן סלמון לחתול פאוץ 85 גר,גרמים,1.00,100 גרם,false,24,4.90,490.0000,true,1,346805
7290017712635,false,הורייזן בקר ברוטב לח,,,הורייזן בקר ברוטב לחתול פאוץ 85 גר,גרמים,1.00,100 גרם,false,24,4.90,490.0000,true,1,346806
7290017712727,false,פרמיו גור בקר וכבד 1,,FR,פרמיו גור בקר וכבד 100 גר,גרמים,100.00,100 גרם,false,32,3.90,3.9000,true,1,346064
7290017712758,false,פרמיו סלמון 100 גר,,FR,פרמיו סלמון 100 גר,גרמים,100.00,100 גרם,false,32,3.90,3.9000,true,1,346063
7290017712765,false,פרמיו סלמון ופורל ל,,FR,פרמיו סלמון ופורל לחתול 100 גר,גרמים,100.00,100 גרם,false,32,3.90,3.9000,true,1,346808
7290017712772,false,פרמיו בקר וכבד 100 ג,,FR,פרמיו בקר וכבד 100 גר,גרמים,100.00,100 גרם,false,32,3.90,3.9000,true,1,346065
7290017712789,false,פרמיו סטירליז עוף 10,,FR,פרמיו סטירליז עוף 100 גר,גרמים,100.00,100 גרם,false,32,3.90,3.9000,true,1,346066
7290017712864,false,פרמיו מקלות סלמון 10,,CN,פרמיו מקלות סלמון 100 גר,גרמים,100.00,100 גרם,false,16,14.90,14.9000,true,1,346073
7290017712949,false,פרמיו חטיף כריות לחת,,AT,פרמיו חטיף כריות לחתול סטריליז 60ג,גרמים,60.00,100 גרם,false,7,9.90,16.5000,true,1,346803
7290017715315,false,זית ירוק צלוי על הגר,,TR,זית ירוק צלוי על הגריל 740 גרם,גרמים,740.00,100 גרם,false,9,18.90,2.5541,true,1,328762
7290017715346,false,זית שחור טאסוס 400 ג,,TR,זית שחור טאסוס 400 גרם,גרמים,400.00,100 גרם,false,9,11.90,2.9750,true,1,328758
7290017715377,false,זית ירוק ממולא תפוז,,TR,זית ירוק ממולא תפוז 740 גרם,גרמים,740.00,100 גרם,false,9,18.90,2.5541,true,1,330028
7290017715384,false,זית ירוק ממולא פלפל,,TR,זית ירוק ממולא פלפל 740 גרם,גרמים,740.00,100 גרם,false,9,18.90,2.5541,true,1,330029
7290017715407,false,זית שחור עם פלפל חרי,,TR,זית שחור עם פלפל חריף 400 גרם,גרמים,400.00,100 גרם,false,9,11.90,2.9750,true,1,328759
7290017715650,false,זית ירוק ממולא שום,,TR,זית ירוק ממולא שום 740 גרם,גרמים,740.00,100 גרם,false,9,18.90,2.5541,true,1,330031
7290017715889,false,תערובת גרנולה אגוזים,ויטליה,MK,תערובת גרנולה אגוזים 600 גר,גרמים,600.00,100 גרם,false,10,13.90,2.3167,true,1,333504
7290017724058,false,עוגיות אקלר מעדן תמר,,,עוגיות אקלר מעדן תמר אגוז 250 גר,גרמים,250.00,100 גרם,false,1,22.90,9.1600,true,1,342130
7290017724089,false,עוגיות אקלר ואן גוך,,,עוגיות אקלר ואן גוך 200 גר,גרמים,200.00,100 גרם,false,1,22.90,11.4500,true,1,342131
7290017724096,false,עוגיות אקלר רולדה לו,,,עוגיות אקלר רולדה לוקום 200 גר,גרמים,200.00,100 גרם,false,1,22.90,11.4500,true,1,342137
7290017724102,false,עוגיות אקלר סיגרים ת,,,עוגיות אקלר סיגרים תמרים 200 גר,גרמים,200.00,100 גרם,false,1,22.90,11.4500,true,1,342133
7290017724232,false,עוגיות אקלר שומשומיו,,,עוגיות אקלר שומשומיות 200 גר,גרמים,200.00,100 גרם,false,1,22.90,11.4500,true,1,342138
7290017724270,false,עוגיות אקלר אשכול בר,,,עוגיות אקלר אשכול בריאות ל.ס 200 גרם,גרמים,200.00,100 גרם,false,1,22.90,11.4500,true,1,342161
7290017724546,false,עוגיות מרנג בטעם וני,,,עוגיות מרנג בטעם וניל 100 גר,גרמים,100.00,100 גרם,false,1,19.90,19.9000,true,1,345513
7290017724683,false,עוגיות אקלר חאת שקדי,,,עוגיות אקלר חאת שקדים 200 גר,גרמים,200.00,100 גרם,false,1,22.90,11.4500,true,1,342150
7290017736006,false,מגבת הפלא לניקוי כלל,,,מגבת הפלא לניקוי כללי 800גר אסותא,גרמים,800.00,100 גרם,false,1,15.90,1.9875,true,1,324401
7290017746128,false,מארז פיתות ביס 10 יח,דוידוביץ,IL,מארז פיתות ביס 10 יחידות לבנות,יחידה,10.00,יחידה,false,1,8.90,0.8900,true,1,334463
7290017746135,false,מארז פיתות כוסמין 10,דוידוביץ,IL,מארז פיתות כוסמין 10 יחידות,יחידה,10.00,יחידה,false,1,12.90,1.2900,true,1,334464
7290017746241,false,לחם ניו יורק 500גרם,דוידוביץ,,לחם ניו יורק 500גרם דוידוביץ,גרמים,500.00,100 גרם,false,1,14.90,2.9800,true,1,336934
7290017746258,false,מארז 4יח לחמניות פרנ,דוידוביץ,IL,מארז 4יח לחמניות פרנה 400גר דוידוביץ,גרמים,400.00,100 גרם,false,1,12.90,3.2250,true,1,336048
7290017791203,false,קרקר סלק כוסמין מלא,,IL,קרקר סלק כוסמין מלא 225 גרם,גרמים,225.00,100 גרם,false,10,22.90,10.1778,true,1,330710
7290017812342,false,יין ספארקלינג מוגו א,כרמל מזרחי,IL,יין ספארקלינג מוגו אדום 750 מל,מיליליטרים,750.00,"100 מ""ל",false,12,35.00,4.6667,true,1,331068
7290017812373,false,יין שרדונה P.C 375 מ,,,יין שרדונה P.C 375 מל,מיליליטרים,375.00,"100 מ""ל",false,1,25.00,6.6667,true,1,330832
7290017812588,false,יין תירוש לבן 1 ליטר,,,יין תירוש לבן 1 ליטר פקדון,ליטרים,1.00,ליטר,false,1,25.00,25.0000,true,1,331647
7290017812663,false,מיץ ענבים מבעבע לבן,כרמל מזרחי,IL,מיץ ענבים מבעבע לבן 750 מל,מיליליטרים,750.00,"100 מ""ל",false,12,25.00,3.3333,true,1,336909
7290017812670,false,יין יתיר דרום אדום 7,כרמל מזרחי,IL,יין יתיר דרום אדום 750 מל,מיליליטרים,750.00,"100 מ""ל",false,6,75.00,10.0000,true,1,335302
7290017812687,false,יין יתיר דרום לבן 75,כרמל מזרחי,IL,יין יתיר דרום לבן 750 מל,מיליליטרים,750.00,"100 מ""ל",false,6,75.00,10.0000,true,1,335303
7290017812830,false,יין רוזה פי.סי 500 מ,כרמל מזרחי,IL,יין רוזה פי.סי 750 מל,מיליליטרים,800.00,"100 מ""ל",false,1,45.00,5.6250,true,1,335883
7290017812847,false,יין סלקטד פרנץ גוורצ,כרמל מזרחי,,יין סלקטד פרנץ גוורצטרמינר 750 מל,מיליליטרים,750.00,"100 מ""ל",false,1,35.00,4.6667,true,1,335884
7290017812861,false,יין וינו לבן יבש 750,כרמל מזרחי,IL,יין וינו לבן יבש 750 מל,מיליליטרים,750.00,"100 מ""ל",false,12,25.00,3.3333,true,1,335308
7290017812885,false,יין סובניון בלאן גוו,כרמל מזרחי,,יין סובניון בלאן גוורצטרמינרפי.סי 750 מל,מיליליטרים,750.00,"100 מ""ל",false,1,45.00,6.0000,true,1,337509
7290017812939,false,יין יתיר דרום רוזה 7,כרמל מזרחי,IL,יין יתיר דרום רוזה 750 מל,מיליליטרים,750.00,"100 מ""ל",false,6,75.00,10.0000,true,1,337014
7290017812977,false,יין באז לבן מתוק אננ,כרמל מזרחי,,יין באז לבן מתוק אננס מוגז 750 מל,מיליליטרים,750.00,"100 מ""ל",false,1,35.00,4.6667,true,1,337515
7290017871363,false,סבון ידיים פמלי יהלו,,,סבון ידיים פמלי יהלום 500מל שמן מקדמיה,מיליליטרים,500.00,"100 מ""ל",false,12,10.90,2.1800,true,1,331146
7290017871370,false,סבון ידיים פמלי יהלו,,,סבון ידיים פמלי יהלום 500מל שמן אבוקדו,מיליליטרים,500.00,"100 מ""ל",false,12,10.90,2.1800,true,1,331147
7290017871424,false,חטיף טוסו תמרים בוטנ,תות ממתקי איכות,IL,חטיף טוסו תמרים בוטנים ל.ס. ל.גלוטן 5יח,גרמים,140.00,100 גרם,false,1,16.90,12.0714,true,1,329213
7290017871431,false,חטיף טוסו תמרים א.לו,תות ממתקי איכות,IL,חטיף טוסו תמרים א.לוז חמוציות ל.ס ל.ג 5י,גרמים,140.00,100 גרם,false,1,16.90,12.0714,true,1,329215
7290017871554,false,חטיף טוסו תמרים שברי,תות ממתקי איכות,IL,חטיף טוסו תמרים שבריקקאו ל.ס. ל.גלוטן 5י,גרמים,140.00,100 גרם,false,1,16.90,12.0714,true,1,329219
7290017871950,false,מארז 3יח מגבוני נייר,על בד,,מארז 3יח מגבוני נייר טואלט לח לבנדר 40יח,יחידה,120.00,יחידה,false,1,12.90,0.1075,true,1,336084
7290017871974,false,גלי מרמולייט תות שדה,אשבל מזון פונקציונאל,IL,גלי מרמולייט תות שדה 25גר,Unknown,0.00,Unknown,false,1,10.00,0.0000,true,1,333846
7290017871981,false,גלי מרמולייט משמש 25,אשבל מזון פונקציונאל,IL,גלי מרמולייט משמש 25גר,Unknown,0.00,Unknown,false,1,10.00,0.0000,true,1,333848
7290017871998,false,פודינג מרמולייט אינס,אשבל מזון פונקציונאל,IL,פודינג מרמולייט אינסטנט בטעם וניל 30גר,Unknown,0.00,Unknown,false,1,10.00,0.0000,true,1,333849
7290017872001,false,קרם החתלה פרש וואנס,,,קרם החתלה פרש וואנס 100סמק שמן זית,גרמים,100.00,100 גרם,false,1,12.90,12.9000,true,1,332406
7290017872018,false,קרם החתלה פרש וואנס,,,קרם החתלה פרש וואנס 100סמק קמומיל,גרמים,100.00,100 גרם,false,1,12.90,12.9000,true,1,332407
7290017872056,false,אל סבון פמילי שלישיי,אברנסל קוסמטיקס,,אל סבון פמילי שלישייה מעורב פרלי 500 מל,ליטרים,1.50,ליטר,false,1,15.90,10.6000,true,1,332597
7290017872063,false,מארז 3יח אל סבון פמי,אברנסל קוסמטיקס,,מארז 3יח אל סבון פמילי ארומתרפי 500מל,ליטרים,1.50,ליטר,false,1,15.90,10.6000,true,1,332598
7290017872162,false,עוגיות טוסו אגוזי לו,רוקחמן,,עוגיות טוסו אגוזי לוז ל.סוכר 200 גר,גרמים,200.00,100 גרם,false,1,14.90,7.4500,true,1,332513
7290017872179,false,עוגיות טוסו טחינה ל.,רוקחמן,,עוגיות טוסו טחינה ל.סוכר 200 גר,גרמים,200.00,100 גרם,false,1,14.90,7.4500,true,1,332512
7290017872186,false,עוגיות פקאן טוסו ללא,,,עוגיות פקאן טוסו ללא .סוכר200גר,גרמים,200.00,100 גרם,false,1,14.90,7.4500,true,1,332511
7290017872193,false,עוגיות טוסו שקד וקינ,רוקחמן,,עוגיות טוסו שקד וקינמון ללס 200 גר,גרמים,200.00,100 גרם,false,1,14.90,7.4500,true,1,332514
7290017872209,false,שעווה מועשרת למיקרוג,,,שעווה מועשרת למיקרוגל 500גר שמן קוקוס,גרמים,500.00,100 גרם,false,1,21.90,4.3800,true,1,332854
7290017872216,false,שעווה מועשרת למיקרוג,,,שעווה מועשרת למיקרוגל 500גר שמן ארגן,גרמים,500.00,100 גרם,false,1,21.90,4.3800,true,1,332853
7290017872278,false,חטיף טוסו קראנצי בטע,תות ממתקי איכות,IL,חטיף טוסו קראנצי בטעם בוטנים חלווה ללס,גרמים,140.00,100 גרם,false,1,16.90,12.0714,true,1,332487
7290017872285,false,חטיף טוסו קראנצי בטע,תות ממתקי איכות,IL,חטיף טוסו קראנצי בטעם פירות יבשים ללס,גרמים,140.00,100 גרם,false,1,16.90,12.0714,true,1,332488
7290017872391,false,זוג עוגיות טוסו אגוז,רוקחמן,,זוג עוגיות טוסו אגוזי לוז ללס 150 גר,גרמים,150.00,100 גרם,false,1,14.90,9.9333,true,1,334488
7290017872407,false,זוג עוגיות טוסו טחינ,רוקחמן,,זוג עוגיות טוסו טחינה ללס 150 גר,גרמים,150.00,100 גרם,false,1,14.90,9.9333,true,1,334489
7290017872650,false,סבון ידיים פמלי יהלו,,,סבון ידיים פמלי יהלום 500מל שמן לבנדר,מיליליטרים,500.00,"100 מ""ל",false,12,10.90,2.1800,true,1,333673
7290017872667,false,סבון ידיים פמלי יהלו,,,סבון ידיים פמלי יהלום 500מל שמן קמומיל,מיליליטרים,500.00,"100 מ""ל",false,12,10.90,2.1800,true,1,333674
7290017872865,false,בייבי ביס חטיפי דגני,טאטא גלובל בוורג'ס,,בייבי ביס חטיפי דגנים אפוי ט.גזר עגבניה,Unknown,0.00,Unknown,false,1,13.90,0.0000,true,1,343244
7290017872872,false,בייבי ביס חטיפי דגני,טאטא גלובל בוורג'ס,,בייבי ביס חטיפי דגנים אפוי ט.גזר וסלק40ג,Unknown,0.00,Unknown,false,1,13.90,0.0000,true,1,343243
7290017872896,false,שקיות אשפה לארג גליל,,,שקיות אשפה לארג גלילונית חזקה 44יח,יחידה,44.00,יחידה,false,20,22.90,0.5205,true,1,342470
7290017872933,false,רצועות שעווה ביו מגע,ש.שוורץ,,רצועות שעווה ביו מגע הדבש 12יח+3מג.שמן,יחידה,12.00,יחידה,false,1,29.90,2.4917,true,1,338257
7290017872940,false,רצועות שעווה ביו לפנ,ש.שוורץ,,רצועות שעווה ביו לפנים מגע 20יח+5מג.שמן,יחידה,20.00,יחידה,false,1,29.90,1.4950,true,1,338258
7290017873008,false,שקיות גלילונית להקפא,,,שקיות גלילונית להקפאה 275 יח,יחידה,275.00,יחידה,false,15,11.90,0.0433,true,1,342467
7290017873039,false,מארז 2יח שקיות אוכל,,,מארז 2יח שקיות אוכל גלילונית 160יח,יחידה,320.00,יחידה,false,15,13.50,0.0422,true,1,342468
7290017888019,false,משקה תפוח רימון סלק,יפאורה,IL,משקה תפוח רימון סלק 350מל,מיליליטרים,350.00,"100 מ""ל",false,1,7.90,2.2571,true,1,327042
7290017888026,false,משקה אננס תפוח גזר,יפאורה,IL,משקה אננס תפוח גזר 350מל,מיליליטרים,350.00,"100 מ""ל",false,1,7.90,2.2571,true,1,327043
7290017888033,false,משקה בננה מלון נענע,יפאורה,IL,משקה בננה מלון נענע 350מל,מיליליטרים,350.00,"100 מ""ל",false,1,7.90,2.2571,true,1,327044
7290017888095,false,מארז 4יח שוופס מוגז,,,מארז 4יח שוופס מוגז עדין פ.יער 330מל פח,מיליליטרים,1320.00,"100 מ""ל",false,1,12.90,0.9773,true,1,327483
7290017888101,false,מארז 4יח שוופס מוגז,,,מארז 4יח שוופס מוגז עדין אפרסק 330מל פח,מיליליטרים,1320.00,"100 מ""ל",false,1,12.90,0.9773,true,1,327482
7290017888644,false,משקה אננס בננה כורכו,יפאורה,IL,משקה אננס בננה כורכום 350מל,מיליליטרים,350.00,"100 מ""ל",false,1,7.90,2.2571,true,1,331712
7290017888668,false,מארז 4יח שוופס מוגז,יפאורה,IL,מארז 4יח שוופס מוגז פירות למונייד 1.5ליט,ליטרים,6.00,ליטר,false,1,20.90,3.4833,true,1,339117
7290017888682,false,מארז 4יח שוופס מוגז,יפאורה,IL,מארז 4יח שוופס מוגז פירות ענבים 1.5ליטר,ליטרים,6.00,ליטר,false,1,20.90,3.4833,true,1,339118
7290017888729,false,שוופס סודה 1 ליטר,יפאורה,IL,שוופס סודה 1 ליטר,ליטרים,1.00,ליטר,false,15,3.90,3.9000,true,1,332200
7290017888873,false,משקה שוופס מיקס פירו,יפאורה,IL,משקה שוופס מיקס פירות אבטיח ליים 330מל,מיליליטרים,330.00,"100 מ""ל",false,24,3.90,1.1818,true,1,332615
7290017888972,false,מי עדן 1 ליטר פקק ספ,יפאורה,IL,מי עדן 1 ליטר פקק ספורט,ליטרים,1.00,ליטר,false,16,4.90,4.9000,true,1,332617
7290017894010,false,מי קוקוס אורני גרין,גרין,VN,מי קוקוס אורני גרין קוקו עם אננס 1 לי,ליטרים,1.00,ליטר,false,12,19.90,19.9000,true,1,335725
7290017894034,false,פתיתי שבולת שועל ללא,דגש,IL,פתיתי שבולת שועל ללא.ג עבה דגש 400 גר,גרמים,400.00,100 גרם,false,12,18.90,4.7250,true,1,329080
7290017894041,false,פתיתי שבולת שועל ללא,דגש,IL,פתיתי שבולת שועל ללא.ג דק דגש 400 גר,גרמים,400.00,100 גרם,false,12,18.90,4.7250,true,1,329081
7290017894058,false,תערובת להכנת לחם 500,דגש,IL,תערובת להכנת לחם 500 גר,גרמים,500.00,100 גרם,false,12,14.90,2.9800,true,1,330147
7290017894065,false,תערובת רב תכליתית 50,דגש,IL,תערובת רב תכליתית 500 גר,גרמים,500.00,100 גרם,false,12,14.90,2.9800,true,1,330146
7290017907062,false,תמי כמו קוסקוס ללא ג,,,תמי כמו קוסקוס 350 גר,גרמים,350.00,100 גרם,false,1,19.90,5.6857,true,1,332996
7290017907079,false,תמי פנינים ללא גלוטן,,,תמי פנינים 350 גר,גרמים,350.00,100 גרם,false,1,19.90,5.6857,true,1,332997
7290017907208,false,תמי קמח תופח ללא גלו,,IL,תמי קמח תופח ללא גלוטן 500 גר,גרמים,300.00,100 גרם,false,12,18.90,6.3000,true,1,336444
7290017907222,false,תמי קמח תופח ללא גלו,,IL,תמי קמח תופח ללא גלוטן 500 גר שקית,גרמים,300.00,100 גרם,false,12,18.90,6.3000,true,1,336449
7290017907239,false,תמי תערובת לעוגת שוק,,IL,תמי תערובת לעוגת שוקולד ללג 450 גר,גרמים,450.00,100 גרם,false,12,18.90,4.2000,true,1,336446
7290017907253,false,תמי פתיתים ללא גלוטן,,IL,תמי פתיתים ללא גלוטן 300 גר,גרמים,300.00,100 גרם,false,10,15.90,5.3000,true,1,336447
7290017907260,false,תמי פלאפל ללא גלוטן,,IL,תמי פלאפל ללא גלוטן 300 גר,גרמים,300.00,100 גרם,false,10,15.90,5.3000,true,1,336448
7290017913148,false,מרכך כביסה אסותא 4 ל,טרופיקל דגיל,IL,מרכך כביסה אסותא 4 ליטר סגול,ליטרים,4.00,ליטר,false,1,13.90,3.4750,true,1,328448
7290017913179,false,מרכך כביסה אסותא 4 ל,טרופיקל דגיל,IL,מרכך כביסה אסותא 4 ליטר ורוד,ליטרים,4.00,ליטר,false,1,13.90,3.4750,true,1,328451
7290017913230,false,גל כביסה אסותא 3 ליט,טרופיקל דגיל,IL,גל כביסה אסותא 3 ליטר כחול,ליטרים,3.00,ליטר,false,1,19.90,6.6333,true,1,328452
7290017913513,false,מארז 4יח סבון מוצק א,,,מארז 4יח סבון מוצק אסותא שחור 100גר,גרמים,400.00,100 גרם,false,12,9.90,2.4750,true,1,335738
7290017917184,false,גל אלוורה אולטרסול פ,פישר תעשיות,,גל אלוורה אולטרסול פורטה 200 מל,מיליליטרים,200.00,"100 מ""ל",false,12,42.90,21.4500,true,1,330997
7290017917283,false,מארז 4יח מגבוני קמיל,פישר תעשיות,,מארז 4יח מגבוני קמיל בלו ללא בישום 64יח,יחידה,256.00,יחידה,false,1,16.90,0.0660,true,1,330510
7290017917399,false,מגבונים קמיל בלו סנס,פישר תעשיות,,מגבונים קמיל בלו סנסטיב 100יח,יחידה,100.00,יחידה,false,12,15.90,0.1590,true,1,330931
7290017917450,false,אל סבון ושמפו צמחי,פישר תעשיות,IL,אל סבון ושמפו צמחי מרפא קמיל סנסטיב 1ל,ליטרים,1.00,ליטר,false,16,24.90,24.9000,true,1,328309
7290017917467,false,אל סבון שיבולת שועל,פישר תעשיות,IL,אל סבון שיבולת שועל קמיל בלו 1ליטר,ליטרים,1.00,ליטר,false,16,24.90,24.9000,true,1,328310
7290017917542,false,שמפו בלונד ללא מלחים,,,שמפו בלונד ללא מלחים 400מל קמיל בלו,מיליליטרים,400.00,"100 מ""ל",false,10,39.90,9.9750,true,1,330552
7290017917559,false,מסכת שיער בלונד 300מ,,,מסכת שיער בלונד 300מל קמיל בלו,מיליליטרים,300.00,"100 מ""ל",false,12,39.90,13.3000,true,1,330553
7290017917566,false,סילבר לשיער ללא מלחי,,,סילבר לשיער ללא מלחים 400מל קמיל בלו,מיליליטרים,400.00,"100 מ""ל",false,10,39.90,9.9750,true,1,330554
7290017917580,false,קרם פנים אולטרסול ספ,פישר תעשיות,,קרם פנים אולטרסול ספקטרום 50מל,Unknown,0.00,Unknown,false,12,64.90,0.0000,true,1,330994
7290017917597,false,תחליב הגנה אולטרסול,פישר תעשיות,,תחליב הגנה אולטרסול ספקטרום 200מל,מיליליטרים,200.00,"100 מ""ל",false,12,64.90,32.4500,true,1,330991
7290017917627,false,מסרק צפוף שיניים סרק,פישר תעשיות,IL,מסרק צפוף שיניים סרקל כינים,Unknown,0.00,Unknown,false,12,39.90,0.0000,true,1,334157
7290017917634,false,מארז זוג סבון אל דמע,פישר תעשיות,IL,מארז זוג סבון אל דמע סנסטיב 750מל,מיליליטרים,1500.00,"100 מ""ל",false,1,29.90,1.9933,true,1,329337
7290017917764,false,קרם גוף אפקטיב קר מו,פישר תעשיות,IL,קרם גוף אפקטיב קר מועשר בשמן ארגן 450מל,מיליליטרים,450.00,"100 מ""ל",false,1,21.90,4.8667,true,1,332840
7290017918150,false,תפוח אדמה למיקרו חבי,,,תפוח אדמה למיקרו חבילה,Unknown,0.00,Unknown,false,1,5.90,0.0000,true,1,334935
7290017918563,false,ערמונים קלויים קלופי,,,ערמונים קלויים קלופים 100 גרם,גרמים,100.00,100 גרם,false,1,5.90,5.9000,true,1,334585
7290017918723,false,מעדן סלק 500 גרם,,,מעדן סלק 500 גרם,Unknown,0.00,Unknown,false,1,5.90,0.0000,true,1,335221
7290017918808,false,דלעת חתוכה ארוזה,,,דלעת חתוכה ארוזה,קילוגרמים,1.00,"ק""ג",true,,11.90,11.9000,true,1,336654
7290017924182,false,תרסיס שמן אורז טהור,,IT,תרסיס שמן אורז טהור כרם 200 מל,מיליליטרים,200.00,"100 מ""ל",false,6,19.90,9.9500,true,1,336452
7290017924403,false,מי קוקוס אורגני עם ק,,,מי קוקוס אורגני עם קפה 330 מל קרט,מיליליטרים,330.00,"100 מ""ל",false,1,6.90,2.0909,true,1,333213
7290017924458,false,אטריות אורז ורמצילי,,VN,אטריות אורז ורמצילי דקות כורכום300גר,גרמים,300.00,100 גרם,false,24,12.90,4.3000,true,1,334446
7290017924465,false,אטריות אורז חום ורמצ,,VN,אטריות אורז חום ורמצילי דקות כרם300גרם,גרמים,300.00,100 גרם,false,24,12.90,4.3000,true,1,334447
7290017924489,false,מלח הימאליה בינוני כ,,PK,מלח הימאליה בינוני כרם 1 קג,קילוגרמים,1.00,"ק""ג",false,1,13.90,13.9000,true,1,339060
7290017924502,false,חמאת פיסטוק כרם 200,יעקוב יוסף,,חמאת פיסטוק כרם 200 גרם,גרמים,200.00,100 גרם,false,1,37.90,18.9500,true,1,337669
7290017924540,true,אבקת אפיה כרם ללא אל,אשבל מזון פונקציונאל,IL,אבקת אפיה כרם ללא אלומניום 400 גרם,גרמים,400.00,100 גרם,false,12,21.90,5.4750,true,1,334453
7290017924571,false,רצועות קוקוס טבעי עם,,,רצועות קוקוס טבעי עם קליפה 150 גר,גרמים,150.00,100 גרם,false,12,19.90,13.2667,true,1,334609
7290017924656,false,ממרח תמר כרם 100% טב,משק צוריאל,IL,ממרח תמר כרם 100% טבעי 300 גרם,גרמים,300.00,100 גרם,false,12,13.90,4.6333,true,1,336333
7290017924687,false,עדשים צהובות אורגניו,כרם תעשיות,IL,עדשים צהובות אורגניות כרם 500 גרם,גרמים,500.00,100 גרם,false,1,11.50,2.3000,true,1,337698
7290017924694,false,עדשים אדומות אורגניו,כרם תעשיות,IL,עדשים אדומות אורגניות כרם 500 גרם,גרמים,500.00,100 גרם,false,1,11.50,2.3000,true,1,337699
7290017924700,false,שעועית לבנה אורגנית,כרם תעשיות,IL,שעועית לבנה אורגנית כרם 500 גרם,גרמים,500.00,100 גרם,false,1,10.90,2.1800,true,1,337724
7290017924748,false,צימוק אורגני פליים כ,,US,צימוק אורגני פליים כרם 250 גרם,גרמים,250.00,100 גרם,false,12,22.90,9.1600,true,1,336330
7290017924755,false,מיץ שזיפים טבעי כרם,היל ויו,US,מיץ שזיפים טבעי כרם 946 מל,מיליליטרים,946.00,"100 מ""ל",false,12,20.00,2.1142,true,1,338126
7290017924779,false,זרעי דוחן אורגני כרם,כרם תעשיות,IL,זרעי דוחן אורגני כרם 500 גרם,גרמים,500.00,100 גרם,false,1,9.90,1.9800,true,1,337703
7290017924786,false,שומשום מלא אורגני כר,כרם תעשיות,IL,שומשום מלא אורגני כרם 500 גרם,גרמים,500.00,100 גרם,false,1,12.90,2.5800,true,1,337704
7290017924793,false,זרעי פשתן חומים אורג,כרם תעשיות,IL,זרעי פשתן חומים אורגני כרם 500 גרם,גרמים,500.00,100 גרם,false,1,10.90,2.1800,true,1,337705
7290017924809,false,גרעיני חמניה קלופים,כרם תעשיות,IL,גרעיני חמניה קלופים אורגני כרם 500 גרם,גרמים,500.00,100 גרם,false,1,14.90,2.9800,true,1,337706
7290017924816,false,קינואה לבנה מלאה אור,כרם תעשיות,IL,קינואה לבנה מלאה אורגנית כרם 500 גרם,גרמים,500.00,100 גרם,false,1,11.90,2.3800,true,1,337707
7290017924861,false,שמן זית אורגני כרם 7,,,שמן זית אורגני כרם 750 מל,מיליליטרים,750.00,"100 מ""ל",false,12,34.90,4.6533,true,1,337670
7290017924885,false,שבולת שועל דקה אורגנ,כרם תעשיות,IL,שבולת שועל דקה אורגנית כרם 400 גרם,גרמים,400.00,100 גרם,false,1,8.90,2.2250,true,1,337711
7290017924908,false,טחינה כרם אוגנית 450,הנסיך,IL,טחינה כרם אוגנית 450 גרם,גרמים,450.00,100 גרם,false,12,13.90,3.0889,true,1,339151
7290017924915,false,טחינה מלאה כרם אוגני,הנסיך,IL,טחינה מלאה כרם אוגנית 450 גרם,גרמים,450.00,100 גרם,false,12,13.90,3.0889,true,1,339152
7290017924922,false,טחינה כרם בקבוק לחיץ,הנסיך,IL,טחינה כרם בקבוק לחיץ 300 גרם,גרמים,300.00,100 גרם,false,24,10.90,3.6333,true,1,342551
7290017924946,false,טחינה כרם עם חריף בק,הנסיך,IL,טחינה כרם עם חריף בקבוק לחיץ 300 גרם,גרמים,300.00,100 גרם,false,24,10.90,3.6333,true,1,342552
7290017925318,false,מארז 4יח בירה בלו מו,,,מארז 4יח בירה בלו מון 330 מל בק. פקדון,מיליליטרים,1320.00,"100 מ""ל",false,1,39.90,3.0227,true,1,331648
7290017925554,false,מארז בירה באדוויזר 5,,US,מארז בירה באדוויזר 5יח 330מל עם כוס,מיליליטרים,1650.00,"100 מ""ל",false,4,29.60,1.7939,true,1,338058
7290017925967,false,מארז 4יח בירה מלכה,"בירה מלכה בע""מ",IL,מארז 4יח בירה מלכה 330מל בק.פקדון,מיליליטרים,1320.00,"100 מ""ל",false,4,42.30,3.2045,true,1,346951
7290017928036,false,מקלות גריסיני שומשום,,IL,מקלות גריסיני שומשום175 גרם מאיר בייגל,גרמים,175.00,100 גרם,false,15,11.90,6.8000,true,1,330049
7290017928043,false,מקלות גריסיני קרנץ מ,,IL,מקלות גריסיני קרנץ מלח175 גר מאיר בייגל,גרמים,175.00,100 גרם,false,15,11.90,6.8000,true,1,330050
7290017928098,false,בייגלה שטוחלה מלוח 3,,IL,בייגלה שטוחלה מלוח 330 ג מאיר בייגל,גרמים,330.00,100 גרם,false,15,11.90,3.6061,true,1,340685
7290017928227,false,בייגלה שטוחלה פינוקי,,IL,בייגלה שטוחלה פינוקים 300 ג מאיר בייגל,גרמים,300.00,100 גרם,false,15,11.90,3.9667,true,1,330044
7290017928432,false,מקלות גריסיני קרנץ פ,,IL,מקלות גריסיני קרנץ פרג175 גר מאיר בייגל,גרמים,175.00,100 גרם,false,15,11.90,6.8000,true,1,330051
7290017928463,false,סמאש שיברי בייגלה דב,,BG,סמאש שיברי בייגלה דבש חרדל בצל300גר,גרמים,300.00,100 גרם,false,12,13.90,4.6333,true,1,336410
7290017928524,false,בייגלה שטוח ניגובים,,IL,בייגלה שטוח ניגובים מלוח 330 גרם,גרמים,330.00,100 גרם,false,15,11.90,3.6061,true,1,340682
7290017928609,false,בייגלה טבעות שומשום,,IL,בייגלה טבעות שומשום 330 ג מאיר בייגל,גרמים,300.00,100 גרם,false,15,11.90,3.9667,true,1,330038
7290017928616,false,בייגלה שטוחלה שומשום,,IL,בייגלה שטוחלה שומשום 300 ג מאיר בייגל,גרמים,300.00,100 גרם,false,15,11.90,3.9667,true,1,330042
7290017928661,false,סמאש שיברי בייגלה טע,,BG,סמאש שיברי בייגלה טעם צדר 300 גר,גרמים,300.00,100 גרם,false,12,13.90,4.6333,true,1,336411
7290017928685,false,בייגלה שמיניות מלח 4,,IL,בייגלה שמיניות מלח 400 ג מאיר בייגל,גרמים,400.00,100 גרם,false,15,11.90,2.9750,true,1,340684
7290017928746,false,פרורי בייגלה 200 גר,,,פרורי בייגלה 200 גר מאיר בייגל,גרמים,200.00,100 גרם,false,1,6.90,3.4500,true,1,344006
7290017928807,false,בייגלה אצבעות שומשום,,IL,בייגלה אצבעות שומשום 300 ג מאיר בייגל,גרמים,300.00,100 גרם,false,15,11.90,3.9667,true,1,330039
7290017928821,false,מקלות גריסיני קלאסי,,IL,מקלות גריסיני קלאסי 200 גרם מאיר בייגל,גרמים,200.00,100 גרם,false,15,11.90,5.9500,true,1,330048
7290017932088,false,תחתית אפויה לפאי גאל,גילסטר מרי לי,,תחתית אפויה לפאי גאלה 170 גרם,גרמים,170.00,100 גרם,false,1,14.90,8.7647,true,1,332360
7290017932316,false,רוטב פסטה דיניקולה ע,ג'יאובני פוד,US,רוטב פסטה דיניקולה עם שמן זית 680 ג,גרמים,680.00,100 גרם,false,12,16.90,2.4853,true,1,344541
7290017946184,false,קפסולות גל כביסה סוד,הנקל,RS,קפסולות גל כביסה סוד 40יח,יחידה,40.00,יחידה,false,6,36.90,0.9225,true,1,343613
7290017946399,false,מרכך כביסה סוד מרוכז,הנקל,IL,מרכך כביסה סוד מרוכז 900מל אדום,מיליליטרים,900.00,"100 מ""ל",false,12,11.90,1.3222,true,1,343249
7290017946474,false,תחליב רחצה הוואי סוד,טרופיקל דגיל,IL,תחליב רחצה הוואי סודות פולינזיה 700מל,מיליליטרים,700.00,"100 מ""ל",false,1,8.90,1.2714,true,1,330184
7290017946542,false,מרכך כביסה סוד מרוכז,,,מרכך כביסה סוד מרוכז 1.8 ליטר שושן פראי,מיליליטרים,1800.00,"100 מ""ל",false,1,21.90,1.2167,true,1,334115
7290017946597,false,מרכך כביסה סוד מרוכז,,,מרכך כביסה סוד מרוכז 1.8 ליטר זהב,מיליליטרים,1800.00,"100 מ""ל",false,1,21.90,1.2167,true,1,343247
7290017946764,false,מנקה מכונת כביסה 150,הנקל,DE,מנקה מכונת כביסה 150גר,גרמים,150.00,100 גרם,false,6,15.90,10.6000,true,1,335341
7290017946993,false,סבון אסלה כדוריות בר,,,סבון אסלה כדוריות ברף ביי קווין 50גר,Unknown,0.00,Unknown,false,1,9.90,0.0000,true,1,338251
7290017973210,false,משקה ציה בטעם מנגו ל,,,משקה ציה בטעם מנגו ללא סוכר 290מל פקדון,מיליליטרים,290.00,"100 מ""ל",false,24,6.90,2.3793,true,1,345953
7290017973227,false,משקה ציה בטעם אננס ל,,,משקה ציה בטעם אננס ללא סוכר 290מל פקדון,מיליליטרים,290.00,"100 מ""ל",false,24,6.90,2.3793,true,1,345956
7290017973234,false,משקה ציה טעם קוקטייל,,,משקה ציה טעם קוקטייל פרי ל.סוכר290מל פקד,מיליליטרים,290.00,"100 מ""ל",false,24,6.90,2.3793,true,1,345957
7290017973241,false,משקה ציה בטעם אפרסק,,,משקה ציה בטעם אפרסק ללא סוכר 290מל פקדון,מיליליטרים,290.00,"100 מ""ל",false,24,6.90,2.3793,true,1,345954
7290017973258,false,משקה ציה בטעם קיווי,,,משקה ציה בטעם קיווי ללא סוכר 290מל פקדון,מיליליטרים,290.00,"100 מ""ל",false,24,6.90,2.3793,true,1,345955
7290017973302,false,משקה ציה טעם קוקטייל,,IL,משקה ציה טעם קוקטייל 1 ליטר בק. פקדון,ליטרים,1.00,ליטר,false,12,13.90,13.9000,true,1,336884
7290017973319,false,משקה ציה טעם אפרסק 1,,IL,משקה ציה טעם אפרסק 1 ליטר בק. פקדון,ליטרים,1.00,ליטר,false,12,13.90,13.9000,true,1,336883
7290017973333,false,משקה ציה טעם קיווי 1,,IL,משקה ציה טעם קיווי 1 ליטר בק. פקדון,ליטרים,1.00,ליטר,false,12,13.90,13.9000,true,1,336885
7290017973401,false,מקרל ריגה בשמן צמחי,,LV,מקרל ריגה בשמן צמחי 200 גרם,גרמים,200.00,100 גרם,false,24,7.90,3.9500,true,1,335237
7290017973418,false,פילה הרינג ריגה רוטב,,LV,פילה הרינג ריגה רוטב עגבניות 200 גרם,גרמים,200.00,100 גרם,false,24,6.90,3.4500,true,1,335238
7290017973425,false,פילה הרינג ריגה שמן,,LV,פילה הרינג ריגה שמן צמחי 200 גרם,גרמים,200.00,100 גרם,false,24,6.90,3.4500,true,1,335239
7290017973807,false,משקה איזוטוני 710 מל,,,משקה איזוטוני 710 מל טעם דובדבן,מיליליטרים,710.00,"100 מ""ל",false,1,9.90,1.3944,true,1,338826
7290017973814,false,משקה איזוטוני 710 מל,,,משקה איזוטוני 710 מל טעם פירות יער,מיליליטרים,710.00,"100 מ""ל",false,1,9.90,1.3944,true,1,338827
7290017973821,false,משקה איזוטוני 710 מל,,,משקה איזוטוני 710 מל טעם לימון,מיליליטרים,710.00,"100 מ""ל",false,1,9.90,1.3944,true,1,338828
7290017973838,false,מים עם חומצות אמינו,,,מים עם חומצות אמינו 710מל טעם אשכולית,מיליליטרים,710.00,"100 מ""ל",false,1,9.90,1.3944,true,1,338829
7290017973845,false,מים מועשרים בויטמיני,,,מים מועשרים בויטמינים טעם נענע 710מל,מיליליטרים,710.00,"100 מ""ל",false,1,9.90,1.3944,true,1,338830
7290017974002,false,רביולי 4 גבינות 450ג,,IL,רביולי 4 גבינות 450גרם,גרמים,450.00,100 גרם,false,12,15.90,3.5333,true,1,345542
7290017974057,false,בלינצס תפוא מצופה 45,,IL,בלינצס תפוא מצופה 450 גרם,גרמים,400.00,100 גרם,false,16,15.90,3.9750,true,1,345534
7290017974132,false,בלינצס תפוחי עץ 400ג,,IL,בלינצס תפוחי עץ 400גר,גרמים,400.00,100 גרם,false,16,15.90,3.9750,true,1,345531
7290017974255,false,קרפלך גבינה מתוקה 60,,IL,קרפלך גבינה מתוקה 600 גרם,גרמים,600.00,100 גרם,false,12,22.90,3.8167,true,1,345539
7290017974583,false,רביולי בטטה 450 גרם,,IL,רביולי בטטה 450 גרם,גרמים,450.00,100 גרם,false,12,15.90,3.5333,true,1,345540
7290017974873,false,כיסונים למרק במילוי,,IL,כיסונים למרק במילוי בשר והודו 750גר,גרמים,750.00,100 גרם,false,10,25.90,3.4533,true,1,345536
7290017974927,false,בלינצס תפוא פטריות 4,,IL,בלינצס תפוא פטריות 400גר,גרמים,400.00,100 גרם,false,16,15.90,3.9750,true,1,345530
7290017983134,false,יין אדיר כרם בן זמרה,,,יין אדיר כרם בן זמרה מרסלן רוזה,מיליליטרים,750.00,"100 מ""ל",false,1,85.00,11.3333,true,1,337016
7290017983165,false,יין אדיר כרם בן זמרה,,,יין אדיר כרם בן זמרה 750 מל,מיליליטרים,750.00,"100 מ""ל",false,6,85.00,11.3333,true,1,339454
7290017983172,false,יין אדיר כרם בן גרנא,,,יין אדיר כרם בן גרנאש לבן 750 מל,מיליליטרים,750.00,"100 מ""ל",false,6,85.00,11.3333,true,1,339456
7290017983295,false,יין אדיר ווין מייקר,,,יין אדיר ווין מייקר מלבק 750 מל,מיליליטרים,750.00,"100 מ""ל",false,1,109.00,14.5333,true,1,345803
7290017983318,false,יין אדיר ווין מייקר,,,יין אדיר ווין מייקר מרסלן 750 מל,מיליליטרים,750.00,"100 מ""ל",false,1,109.00,14.5333,true,1,345804
7290018011096,false,מאגדת 4יח ארטיק תמרה,,IL,מאגדת 4יח ארטיק תמרה יוגורט תות מקופלת,יחידה,4.00,יחידה,false,1,34.90,8.7250,true,1,343760
7290018011126,false,מאגדת 5יח ארטיק תמרה,,IL,מאגדת 5יח ארטיק תמרה סורבה אננס מנגו פסי,יחידה,5.00,יחידה,false,1,39.90,7.9800,true,1,346162
7290018011294,false,מאגדת 4יח ארטיק תמרה,,IL,מאגדת 4יח ארטיק תמרה סורבה קוקוס,יחידה,4.00,יחידה,false,1,34.90,8.7250,true,1,343761
7290018011324,false,מאגדת 5יח ארטיק תמרה,,IL,מאגדת 5יח ארטיק תמרה סורבה קוקוס,יחידה,5.00,יחידה,false,1,39.90,7.9800,true,1,346161
7290018011492,false,מאגדת 4יח ארטיק תמרה,,IL,מאגדת 4יח ארטיק תמרה אננס פסיפלורה מנגו,יחידה,4.00,יחידה,false,1,34.90,8.7250,true,1,343758
7290018011522,false,מאגדת 5יח ארטיק תמרה,,IL,מאגדת 5יח ארטיק תמרה שוקולד ובננה,יחידה,5.00,יחידה,false,1,39.90,7.9800,true,1,346160
7290018011690,false,מאגדת 4יח ארטיק תמרה,,IL,מאגדת 4יח ארטיק תמרה בננה שוקולד,יחידה,4.00,יחידה,false,1,34.90,8.7250,true,1,343759
7290018011713,false,מאגדת 5יח ארטיק תמרה,,IL,מאגדת 5יח ארטיק תמרה יוגורט תות מקופלת,יחידה,5.00,יחידה,false,1,39.90,7.9800,true,1,346159
7290018045084,false,דגני כריות בון בון ב,,DE,דגני כריות בון בון במילוי בראוניז480 גרם,גרמים,480.00,100 גרם,false,14,16.90,3.5208,true,1,343954
7290018045497,false,דגני כריות בון בון ב,,DE,דגני כריות בון בון במילוי שוקולד 80 גרם,גרמים,480.00,100 גרם,false,14,16.90,3.5208,true,1,343952
7290018045695,false,דגני כריות בון בון ב,,DE,דגני כריות בון בון במילוי קרמל מלוח480גר,גרמים,480.00,100 גרם,false,14,16.90,3.5208,true,1,343953
7290018045893,false,דגני כריות בון בון ב,,DE,דגני כריות בון בון במילוי נוגט 480 גרם,גרמים,480.00,100 גרם,false,14,16.90,3.5208,true,1,343951
7290018071182,false,שקיות להקפאה ריץ רץ,הוסטס,IL,שקיות להקפאה ריץ רץ 18/19סמ 15יח,יחידה,15.00,יחידה,false,24,10.90,0.7267,true,1,337295
7290018071199,false,שקיות ענקיות להקפאה,הוסטס,IL,שקיות ענקיות להקפאה ריץרץ 26/28סמ 15יח,יחידה,15.00,יחידה,false,24,14.90,0.9933,true,1,337294
7290018071205,false,כפפות ניטרו וי כחולו,,TH,כפפות ניטרו וי כחולות סמול 100יח ל.אבקה,יחידה,100.00,יחידה,false,10,14.90,0.1490,true,1,337881
7290018071212,false,כפפות ניטרו וי כחולו,,TH,כפפות ניטרו וי כחולות מדיום 100יח ל.אבקה,יחידה,100.00,יחידה,false,10,14.90,0.1490,true,1,337882
7290018071229,false,כפפות ניטרו וי כחולו,,TH,כפפות ניטרו וי כחולות לארג 100יח ל.אבקה,יחידה,100.00,יחידה,false,10,14.90,0.1490,true,1,337883
7290018071236,false,כפפות ניטרו וי כחולו,,TH,כפפות ניטרו וי כחולות אקס אל100יח ל.אבקה,יחידה,100.00,יחידה,false,10,14.90,0.1490,true,1,337884
7290018071267,false,כפפות פלסטיק שחור אל,איזי טאצ,CN,כפפות פלסטיק שחור אלסטי לארג ל.אבקה100יח,יחידה,100.00,יחידה,false,20,9.90,0.0990,true,1,336665
7290018071274,false,כפפות פלסטיק שחור אל,איזי טאצ,CN,כפפות פלסטיק שחור אלסטי אקסטרה ל.אבקה100,יחידה,100.00,יחידה,false,20,9.90,0.0990,true,1,336666
7290018071281,false,נייר אפיה בגליל 25מט,,,נייר אפיה בגליל 25מטר 37סמ עם סכין חיתוך,מטרים,25.00,מטר,false,1,15.90,0.6360,true,1,337880
7290018071519,false,פלסטר גל 5 יחידות למ,,CN,פלסטר גל 5 יחידות למניעת שלפוחיות,יחידה,5.00,יחידה,false,24,24.90,4.9800,true,1,346843
7290018071526,false,פלסטר נייר בגליל 9.1,,CN,פלסטר נייר בגליל 9.1מטר,מטרים,9.10,מטר,false,24,10.90,1.1978,true,1,346844
7290018071571,false,פדים אובלים 40יחידות,,TR,פדים אובלים 40יחידות להסרת איפור,יחידה,40.00,יחידה,false,20,6.90,0.1725,true,1,346842
7290018091029,false,מקלות פילו תפוחי אדמ,תנובה מעדנות,IL,מקלות פילו תפוחי אדמה 450גר מעדנות,גרמים,450.00,100 גרם,false,10,19.90,4.4222,true,1,332793
7290018091036,false,פיצה אנטיפסטי 200גר,תנובה מעדנות,IL,פיצה אנטיפסטי 200גר מעדנות,גרמים,200.00,100 גרם,false,12,16.90,8.4500,true,1,334675
7290018091074,false,בצק עוגיות שוקולד צי,תנובה מעדנות,IL,בצק עוגיות שוקולד ציפס 300גר מעדנות,גרמים,300.00,100 גרם,false,24,15.90,5.3000,true,1,346555
7290018091081,false,מאפה פילו תרד וגבינו,,,מאפה פילו תרד וגבינות 320גר מעדנות,גרמים,320.00,100 גרם,false,12,21.90,6.8437,true,1,345266
7290018091258,false,חטיפי פיצה גבינה עם,תנובה מעדנות,IL,חטיפי פיצה גבינה עם גרעיני תירס 740גר,גרמים,740.00,100 גרם,false,8,31.90,4.3108,true,1,338496
7290018091265,false,פיצה נפוליטנה 330גר,,,פיצה נפוליטנה 330גר מעדנות,גרמים,330.00,100 גרם,false,10,21.90,6.6364,true,1,342493
7290018091272,false,בצק עוגיות קקאו טריפ,תנובה מעדנות,IL,בצק עוגיות קקאו טריפל שוקולד ציפס 300גר,גרמים,300.00,100 גרם,false,24,15.90,5.3000,true,1,346556
7290018091616,false,מקלות פילו גבינה 450,תנובה מעדנות,IL,מקלות פילו גבינה 450גר מעדנות,גרמים,450.00,100 גרם,false,10,19.90,4.4222,true,1,332792
7290018091647,false,בצק פריך עם שקדים 50,,,בצק פריך עם שקדים 500 גרם מעדנות,גרמים,500.00,100 גרם,false,1,22.90,4.5800,true,1,337788
7290018091661,false,פיצה ירקות שוק 380גר,,,פיצה ירקות שוק 380גר מעדנות,גרמים,380.00,100 גרם,false,9,21.90,5.7632,true,1,342494
7290018091814,false,מקלות פילו חציל קלוי,תנובה מעדנות,IL,מקלות פילו חציל קלוי וגבינה 450גר מעדנות,גרמים,450.00,100 גרם,false,10,19.90,4.4222,true,1,332795
7290018091821,false,פיצה נפוליטנה 200גר,תנובה מעדנות,IL,פיצה נפוליטנה 200גר מעדנות,גרמים,200.00,100 גרם,false,12,16.90,8.4500,true,1,334673
7290018091876,false,מאפה פילו גבינה 320ג,,,מאפה פילו גבינה 320גר מעדנות,גרמים,320.00,100 גרם,false,12,21.90,6.8437,true,1,345265
7290018098486,false,פיצה מרגריטה 350גרם,,IL,פיצה מרגריטה 350גרם מילק פריי,גרמים,350.00,100 גרם,false,10,21.90,6.2571,true,1,345406
7290018098578,false,המבורגר טבעוני ביף פ,,,המבורגר טבעוני ביף פריי 230 גר,גרמים,230.00,100 גרם,false,8,21.90,9.5217,true,1,345793
7290018098585,false,קציצות טבעוניות ביף,,,קציצות טבעוניות ביף פריי 230 גר,גרמים,230.00,100 גרם,false,8,21.90,9.5217,true,1,345794
7290018098592,false,שווארמה טבעוניות ביף,,,שווארמה טבעוניות ביף פריי 230 גר,גרמים,230.00,100 גרם,false,8,21.90,9.5217,true,1,345795
7290018127001,false,חטיפי שוקולד פצפוצים,,,חטיפי שוקולד פצפוצים חלווה פולי קפה 230ג,גרמים,230.00,100 גרם,false,1,29.90,13.0000,true,1,328494
7290018127032,false,חטיף DATE טבעות תמר,רום גת,IL,חטיף DATE טבעות תמר ואגוז טבעוני 220 גר,גרמים,220.00,100 גרם,false,12,29.90,13.5909,true,1,328605
7290018127049,false,חטיף DATE תמר קקאו,רום גת,IL,חטיף DATE תמר קקאו טבעוני 200 DRO,גרמים,280.00,100 גרם,false,12,29.90,10.6786,true,1,328603
7290018127056,false,חטיף DATE תמר חמאת ב,רום גת,IL,חטיף DATE תמר חמאת בוטנים טבעוני 280 גר,גרמים,280.00,100 גרם,false,12,29.90,10.6786,true,1,328604
7290018127155,false,חטיף תמר פיסטוק קשיו,רום גת,IL,חטיף תמר פיסטוק קשיו 250 גרם,גרמים,250.00,100 גרם,false,12,29.90,11.9600,true,1,334206
7290018127278,false,גרנולה קראנץ תמר תפו,,,גרנולה קראנץ תמר תפוח ללא גלוטן 250 גר,גרמים,250.00,100 גרם,false,1,22.90,9.1600,true,1,343925
7290018127285,false,גרנולה קראנץ קינמון,,,גרנולה קראנץ קינמון ללא גלוטן 250 גר,גרמים,250.00,100 גרם,false,1,22.90,9.1600,true,1,343924
7290018127292,false,גרנולה קראנץ קלאסית,,,גרנולה קראנץ קלאסית 250 גר,גרמים,250.00,100 גרם,false,1,22.90,9.1600,true,1,343923
7290018127452,false,ביסקוויט פתיבר 200 ג,רום גת,IL,ביסקוויט פתיבר 200 גר גלוטרי,גרמים,200.00,100 גרם,false,12,12.90,6.4500,true,1,331408
7290018127469,false,ביסקוויט פתיבר שוקול,רום גת,IL,ביסקוויט פתיבר שוקולד 200 גר גלוטרי,גרמים,200.00,100 גרם,false,12,12.90,6.4500,true,1,331409
7290018127490,false,קראנצונים ריבועים פר,,IL,קראנצונים ריבועים פריכים למרק וסלט 200גר,גרמים,200.00,100 גרם,false,1,12.90,6.4500,true,1,337013
7290018131039,false,מאגדת שוקו וניל עוגי,גלידות נסטלה,,מאגדת שוקו וניל עוגיות וולנס 6יח,יחידה,6.00,יחידה,false,1,29.90,4.9833,true,1,330411
7290018131053,false,מאגדת קרחוני לימון א,גלידות נסטלה,,מאגדת קרחוני לימון אננס וולנס 7יח,יחידה,7.00,יחידה,false,1,26.90,3.8429,true,1,330413
7290018131138,false,גל. לה קרמריה שוקולד,גלידות נסטלה,,גל. לה קרמריה שוקולד וניל וולנס 1.4ליטר,מיליליטרים,1400.00,"100 מ""ל",false,1,18.90,1.3500,true,1,330414
7290018131312,false,גל. לה קרמריה שוקו ו,גלידות נסטלה,,גל. לה קרמריה שוקו וניל 1.4 ליטר כשלפ,מיליליטרים,1400.00,"100 מ""ל",false,1,18.90,1.3500,true,1,330885
7290018131466,false,מאגדת שלגון מילקה 4י,גלידות נסטלה,ES,מאגדת שלגון מילקה 4יח,יחידה,4.00,יחידה,false,8,25.90,6.4750,true,1,331761
7290018131534,false,מאגדת מילקה מיני ביי,גלידות נסטלה,ES,מאגדת מילקה מיני בייטס 3יח,יחידה,3.00,יחידה,false,8,16.90,5.6333,true,1,333455
7290018131558,false,מאגדת אוראו מיני ביי,גלידות נסטלה,PL,מאגדת אוראו מיני בייטס 3יח,יחידה,3.00,יחידה,false,8,16.90,5.6333,true,1,333456
7290018131756,false,מאגדת שלגוני וניל,גלידות נסטלה,,מאגדת שלגוני וניל מצופה תות 8יח 55גר,יחידה,8.00,יחידה,false,1,29.90,3.7375,true,1,336195
7290018131831,false,מאגדת שלגון מילקה קר,גלידות נסטלה,ES,מאגדת שלגון מילקה קראנצי 4יח,יחידה,4.00,יחידה,false,8,36.90,9.2250,true,1,346629
7290018131855,false,מאגדת טילון בראוניז,גלידות נסטלה,,מאגדת טילון בראוניז אקסטרים 6 יחידות,יחידה,6.00,יחידה,false,1,35.90,5.9833,true,1,337537
7290018131879,false,מאגדת טילון ריבת חלב,גלידות נסטלה,,מאגדת טילון ריבת חלב אקסטרים 6 יחידות,יחידה,6.00,יחידה,false,1,35.90,5.9833,true,1,337536
7290018131893,false,מאגדת טילון פקאן אקס,גלידות נסטלה,,מאגדת טילון פקאן אקסטרים 6 יחידות,יחידה,6.00,יחידה,false,1,35.90,5.9833,true,1,337535
7290018131954,false,מאגדת לה פרוטה שוקול,גלידות נסטלה,,מאגדת לה פרוטה שוקולד תות 5יח 70גר,יחידה,5.00,יחידה,false,1,29.90,5.9800,true,1,336193
7290018140055,false,בורגר פטריות טבעוני,,,בורגר פטריות טבעוני 2יח 250גר ריינבו,גרמים,250.00,100 גרם,false,1,24.90,9.9600,true,1,334916
7290018140062,false,בורגר ברביקיו גריל,,,בורגר ברביקיו גריל טבעוני 2יח 250גר,גרמים,250.00,100 גרם,false,1,24.90,9.9600,true,1,334915
7290018140086,false,בורגר ספרדי טבעוני 2,,,בורגר ספרדי טבעוני 2יח 250גר,גרמים,250.00,100 גרם,false,1,24.90,9.9600,true,1,342450
7290018140345,false,נתחי סויה צורת כנפיי,,,נתחי סויה צורת כנפיים יובה 300גר ריינבו,גרמים,300.00,100 גרם,false,1,14.90,4.9667,true,1,338411
7290018140390,false,שווארמה טבעונית להכנ,,,שווארמה טבעונית להכנה מהירה 350גר ריינבו,גרמים,350.00,100 גרם,false,1,29.90,8.5429,true,1,342030
7290018140499,false,שניצל מן הצומח 200גר,,IL,שניצל מן הצומח 200גר הקצב הכחול,גרמים,200.00,100 גרם,false,1,25.90,12.9500,true,1,347154
7290018140543,false,כמו בשר טחון 300גרם,,,כמו בשר טחון 300גרם ריינבו,גרמים,300.00,100 גרם,false,1,29.90,9.9667,true,1,342027
7290018140611,false,נקניקיות צוריסוס טבע,,,נקניקיות צוריסוס טבעוניות 3יח 300גר,גרמים,300.00,100 גרם,false,1,39.90,13.3000,true,1,342022
7290018140697,false,שניצלונים מן הצומח 2,,IL,שניצלונים מן הצומח 200גר הקצב הכחול,גרמים,200.00,100 גרם,false,1,25.90,12.9500,true,1,347155
7290018140741,false,רצועות סויה בסגנון ב,,,רצועות סויה בסגנון בקר 300גרם ריינבו,גרמים,300.00,100 גרם,false,1,29.90,9.9667,true,1,342028
7290018140819,false,נקניקיות מרגז טבעוני,,,נקניקיות מרגז טבעוניות 3יח 300גר ריינבו,גרמים,300.00,100 גרם,false,1,39.90,13.3000,true,1,342021
7290018140833,false,עראייס טבעוני 300גר,,,עראייס טבעוני 300גר מחנה יהודה 4יח,גרמים,300.00,100 גרם,false,1,29.90,9.9667,true,1,346215
7290018140949,false,רצועות סויה בסגנון ש,,,רצועות סויה בסגנון שווארמה 300גרם ריינבו,גרמים,300.00,100 גרם,false,1,29.90,9.9667,true,1,342029
7290018156087,false,שמפו סרקל אקטיב 450,פישר תעשיות,IL,שמפו סרקל אקטיב 450 מל,מיליליטרים,450.00,"100 מ""ל",false,12,24.90,5.5333,true,1,334156
7290018156094,false,מרכך סרקל אקטיב 450,פישר תעשיות,IL,מרכך סרקל אקטיב 450 מל,מיליליטרים,450.00,"100 מ""ל",false,12,24.90,5.5333,true,1,334155
7290018156124,false,מארז 3יח אלסבון קמיל,פישר תעשיות,,מארז 3יח אלסבון קמיל צבעוני 500מל,מיליליטרים,1500.00,"100 מ""ל",false,6,19.90,1.3267,true,1,330511
7290018156483,false,שמפו סרקל קיץ 750מל,פישר תעשיות,IL,שמפו סרקל קיץ 750מל,מיליליטרים,750.00,"100 מ""ל",false,1,24.90,3.3200,true,1,332835
7290018156490,false,מרכך סרקל קיץ 750מל,פישר תעשיות,IL,מרכך סרקל קיץ 750מל,מיליליטרים,750.00,"100 מ""ל",false,1,24.90,3.3200,true,1,332836
7290018156803,false,מגבוני אלכוגל וויפס,,,מגבוני אלכוגל וויפס טו גו 10יח,יחידה,10.00,יחידה,false,24,7.90,0.7900,true,1,331616
7290018165027,false,יין רזרב רוזה גולד 7,,,יין רזרב רוזה גולד 750 מל,מיליליטרים,750.00,"100 מ""ל",false,1,45.00,6.0000,true,1,330568
7290018165447,false,יין רזרב גולד מרלו 7,,,יין רזרב גולד מרלו 750 מל,מיליליטרים,750.00,"100 מ""ל",false,1,45.00,6.0000,true,1,336649
7290018175002,false,מארז 3יח פיתה מתנפחת,,IL,מארז 3יח פיתה מתנפחת ללא גלוטן 330גר,גרמים,330.00,100 גרם,false,6,19.90,6.0303,true,1,335791
7290018175019,false,סמבוסק גבינה ללא גלו,,IL,סמבוסק גבינה ללא גלוטן 250גר,גרמים,250.00,100 גרם,false,6,34.90,13.9600,true,1,335797
7290018175026,false,עוגיות אלפחורס ללא ג,,IL,עוגיות אלפחורס ללא גלוטן 250גר,גרמים,250.00,100 גרם,false,6,34.90,13.9600,true,1,335800
7290018175224,false,אצבעות בייגלה ירושלמ,,IL,אצבעות בייגלה ירושלמי 220גר,גרמים,220.00,100 גרם,false,12,14.90,6.7727,true,1,344578
7290018175415,false,כדורי גבינה ללא גלוט,,IL,כדורי גבינה ללא גלוטן 250גר,גרמים,250.00,100 גרם,false,6,34.90,13.9600,true,1,335794
7290018175613,false,עוגיות ריבה ללא גלוט,,IL,עוגיות ריבה ללא גלוטן 250גר,גרמים,250.00,100 גרם,false,6,34.90,13.9600,true,1,335798
7290018175811,false,עוגיות תמרים ללא גלו,,IL,עוגיות תמרים ללא גלוטן 250גר,גרמים,250.00,100 גרם,false,6,34.90,13.9600,true,1,335799
7290018198056,false,ציפס קוביות תפוגן,תפוגן,,ציפס קוביות תפוגן 1.5קג,קילוגרמים,1.50,"ק""ג",false,1,24.90,16.6000,true,1,333665
7290018198148,false,ציפס קריספי קלאסי תפ,תפוגן,IL,ציפס קריספי קלאסי תפוגן 1.25קג,גרמים,1250.00,100 גרם,false,9,24.90,1.9920,true,1,342122
7290018198209,false,ציפס בטטה קראנצי 500,תפוגן,IL,ציפס בטטה קראנצי 500גר תפוגן,גרמים,500.00,100 גרם,false,18,19.90,3.9800,true,1,335916
7290018198384,false,ציפס קריספי פרוסות ת,תפוגן,IL,ציפס קריספי פרוסות תפוגן 1.25קג,גרמים,1250.00,100 גרם,false,9,24.90,1.9920,true,1,343377
7290018208052,false,תמר לח חיאני 500 גרם,,,תמר לח חיאני 500 גרם,גרמים,500.00,100 גרם,false,1,9.90,1.9800,true,1,331490
7290018213094,false,מטאטא לילי,,,מטאטא לילי,יחידה,1.00,יחידה,false,1,17.90,17.9000,true,1,332424
7290018213100,false,מגבונים לניקוי וחיטו,,IL,מגבונים לניקוי וחיטוי משטחים 400יח בדלי,יחידה,400.00,יחידה,false,6,18.90,0.0472,true,1,342495
7290018213216,false,סט שירותים אורבן שחו,,,סט שירותים אורבן שחור,יחידה,1.00,יחידה,false,1,10.90,10.9000,true,1,332425
7290018213247,false,מטליות לחות לרצפות 1,,IL,מטליות לחות לרצפות 10יח 99%משמיד חיידקים,יחידה,10.00,יחידה,false,12,8.90,0.8900,true,1,332564
7290018213254,false,מארז 3יח מגבות מטבח,,IL,מארז 3יח מגבות מטבח עבות,יחידה,3.00,יחידה,false,1,11.90,3.9667,true,1,334853
7290018213261,false,מארז 3יח מטליות מיקר,,CN,מארז 3יח מטליות מיקרופייבר למשטחים,יחידה,3.00,יחידה,false,36,10.90,3.6333,true,1,342496
7290018213339,false,מארז 4יח כריות יפניו,,CN,מארז 4יח כריות יפניות עם וו תליה הוק,יחידה,4.00,יחידה,false,36,11.90,2.9750,true,1,342500
7290018213476,false,כף אשפה נאון,,IT,כף אשפה נאון,יחידה,1.00,יחידה,false,12,16.90,16.9000,true,1,345297
7290018213605,false,מארז 2יח מטליות מיקר,,CN,מארז 2יח מטליות מיקרו אנטיבקטריאלי רצפות,יחידה,2.00,יחידה,false,24,11.90,5.9500,true,1,342497
7290018213896,false,כפפות חד פעמי ויניל,,,כפפות חד פעמי ויניל סמול ללא אבקה 100יח,יחידה,100.00,יחידה,false,10,29.90,0.2990,true,1,339165
7290018213902,false,כפפות חד פעמי ויניל,,,כפפות חד פעמי ויניל מדיום ללא אבקה 100יח,יחידה,100.00,יחידה,false,10,29.90,0.2990,true,1,339166
7290018213919,false,כפפות חד פעמי ויניל,,,כפפות חד פעמי ויניל לארג ללא אבקה 100יח,יחידה,100.00,יחידה,false,10,29.90,0.2990,true,1,339167
7290018213964,false,סט קופסאות אחסון 3יח,,IL,סט קופסאות אחסון 3יח 800מל,יחידה,3.00,יחידה,false,63,7.90,2.6333,true,1,342508
7290018213971,false,סט קופסאות אחסון 3יח,,IL,סט קופסאות אחסון 3יח 1000מל,יחידה,3.00,יחידה,false,63,7.90,2.6333,true,1,342509
7290018213988,false,סט קופסאות אחסון 3יח,,IL,סט קופסאות אחסון 3יח 1200מל,יחידה,3.00,יחידה,false,54,7.90,2.6333,true,1,342510
7290018228586,false,מפיץ ריח מיוחד,,,מפיץ ריח מיוחד,יחידה,1.00,יחידה,false,1,29.90,29.9000,true,1,344559
7290018236314,false,מקלוני קבנוס צילי עו,עוף טוב,,מקלוני קבנוס צילי עוף טוב 100 גרם,גרמים,100.00,100 גרם,false,12,10.90,10.9000,true,1,334937
7290018236635,false,שניצל צונגו פופקורן,עוף טוב,IL,שניצל צונגו פופקורן מצופה 600 גר עוף טוב,גרמים,600.00,100 גרם,false,12,39.90,6.6500,true,1,335914
7290018236659,false,שניצל צונגו פופקורן,עוף טוב,IL,שניצל צונגו פופקורן ציפוי מתובל 600גר עט,גרמים,600.00,100 גרם,false,12,39.90,6.6500,true,1,335915
7290018237281,false,נקניק סלמי ירדן 550ג,עוף טוב,,נקניק סלמי ירדן 550גר עוף טוב,גרמים,550.00,100 גרם,false,1,25.90,4.7091,true,1,337879
7290018237328,false,פסטרמה במעשנה 200גר,עוף טוב,IL,פסטרמה במעשנה 200גר נתח שלם ע.טוב,גרמים,200.00,100 גרם,false,8,15.90,7.9500,true,1,339277
7290018237335,false,פסטרמה מהגריל 200גר,עוף טוב,IL,פסטרמה מהגריל 200גר נתח שלם ע.טוב,גרמים,200.00,100 גרם,false,8,15.90,7.9500,true,1,339278
7290018237373,false,פסטרמה צרובה על הגרי,עוף טוב,IL,פסטרמה צרובה על הגריל300גר נתח שלם ע.טוב,גרמים,300.00,100 גרם,false,8,26.90,8.9667,true,1,339275
7290018237397,false,פסטרמה מקורמלת 300גר,עוף טוב,IL,פסטרמה מקורמלת 300גר נתח שלם עוף טוב,גרמים,300.00,100 גרם,false,8,26.90,8.9667,true,1,339274
7290018237410,false,פסטרמה במעשנה 300גר,עוף טוב,IL,פסטרמה במעשנה 300גר עוף טוב,גרמים,300.00,100 גרם,false,8,26.90,8.9667,true,1,339273
7290018237434,false,רצועות שניצל צונגו ב,עוף טוב,IL,רצועות שניצל צונגו ביסלי גריל600גר ע.טוב,גרמים,600.00,100 גרם,false,12,39.90,6.6500,true,1,338919
7290018237489,false,פסטרמה ברביקיו דק דק,עוף טוב,IL,פסטרמה ברביקיו דק דק 220גר עוף טוב,גרמים,220.00,100 גרם,false,8,19.90,9.0455,true,1,342402
7290018237496,false,פסטרמה דבש דק דק 220,עוף טוב,IL,פסטרמה דבש דק דק 220גר עוף טוב,גרמים,220.00,100 גרם,false,8,19.90,9.0455,true,1,342401
7290018237502,false,כתף בקר דק דק 200גר,עוף טוב,IL,כתף בקר דק דק 200גר עוף טוב,גרמים,200.00,100 גרם,false,8,19.90,9.9500,true,1,342400
7290018237908,false,נקניקיות עסיסיות למנ,עוף טוב,,נקניקיות עסיסיות למנגל 400גר עוף טוב,גרמים,400.00,100 גרם,false,1,10.90,2.7250,true,1,345342
7290018237922,false,שניצלונים עוף טוב בצ,עוף טוב,IL,שניצלונים עוף טוב בציפוי ציפס 700גר,גרמים,700.00,100 גרם,false,12,21.90,3.1286,true,1,345055
7290018237939,false,שניצלונים עוף טוב בצ,עוף טוב,IL,שניצלונים עוף טוב בציפוי שומשום 700גר,גרמים,700.00,100 גרם,false,12,21.90,3.1286,true,1,345054
7290018237960,false,נקניק כתף בקר 265גר,עוף טוב,IL,נקניק כתף בקר 265גר עוף טוב,גרמים,265.00,100 גרם,false,8,24.90,9.3962,true,1,346112
7290018237984,false,נקניק סלמי פפרוני פי,עוף טוב,IL,נקניק סלמי פפרוני פיקנטי מפולפל320גר ע.ט,גרמים,320.00,100 גרם,false,8,24.90,7.7812,true,1,346111
7290018249055,false,מארז ממתיק סוויטנגו,,,מארז ממתיק סוויטנגו 100 שקיות,יחידה,100.00,יחידה,false,1,32.90,0.3290,true,1,334762
7290018249123,false,אינסטנט פודינג וניל,,,אינסטנט פודינג וניל ללס 50 גר,גרמים,50.00,100 גרם,false,12,11.90,23.8000,true,1,334764
7290018249222,false,ממתיק סוויטנגו אבקה,,,ממתיק סוויטנגו אבקה 100 גר,גרמים,100.00,100 גרם,false,12,14.90,14.9000,true,1,334760
7290018249291,false,סוכר וניל סוויטאנגו,,,סוכר וניל סוויטאנגו 100 גר,גרמים,100.00,100 גרם,false,12,14.90,14.9000,true,1,341637
7290018249550,false,אינסטנט פודינג שוקול,,,אינסטנט פודינג שוקולד ללס 55 גר,גרמים,55.00,100 גרם,false,12,11.90,21.6364,true,1,336887
7290018249802,false,ממתיק סוויטאנגו 280,,,ממתיק סוויטאנגו 280 גר,גרמים,280.00,100 גרם,false,12,26.90,9.6071,true,1,334763
7290018249994,false,ממתיק סוויטינגו 700,,,ממתיק סוויטינגו 700 גרם,גרמים,700.00,100 גרם,false,6,56.90,8.1286,true,1,334761
7290018254103,false,לקט לקוסקוס 2.5קג פס,,,לקט לקוסקוס 2.5קג פסקוביץ,גרמים,2500.00,100 גרם,false,1,42.90,1.7160,true,1,334005
7290018254134,false,לקט שורשים 700 גרם פ,,IL,לקט שורשים 700 גרם פסקוביץ,גרמים,700.00,100 גרם,false,1,14.90,2.1286,true,1,335664
7290018254172,false,לולאות צורוס 500גרם,,,לולאות צורוס 500גרם קפוא,גרמים,500.00,100 גרם,false,7,14.90,2.9800,true,1,337933
7290018254257,false,גרגרי חומוס קפוא 1קג,,,גרגרי חומוס קפוא 1קג פסקוביץ,קילוגרמים,1.00,"ק""ג",false,1,14.90,14.9000,true,1,334282
7290018254660,false,פרחי ברוקולי מצופים,,,פרחי ברוקולי מצופים 500גר פסקוביץ,גרמים,500.00,100 גרם,false,1,29.90,5.9800,true,1,337931
7290018254707,false,שעועית ירוקה שלמה 1ק,,,שעועית ירוקה שלמה 1קג פסקוביץ,קילוגרמים,1.00,"ק""ג",false,1,11.90,11.9000,true,1,338465
7290018255537,false,שעועית ירוקה חתוכה 1,,,שעועית ירוקה חתוכה 1קג פסקוביץ,קילוגרמים,1.00,"ק""ג",false,1,10.90,10.9000,true,1,338464
7290018276297,false,קריאטין פאוארטק 300ג,,IL,קריאטין פאוארטק 300גר ללא טעם,גרמים,300.00,100 גרם,false,1,69.00,23.0000,true,1,336820
7290018282748,false,מארז 3יח סבון נוזלי,,IL,מארז 3יח סבון נוזלי אסותא מעורב 500מל,מיליליטרים,1500.00,"100 מ""ל",false,8,10.90,0.7267,true,1,339494
7290018293027,false,מקל וניל בורבון מדאג,לורן אויילס,US,מקל וניל בורבון מדאגסקר 3 גרם,Unknown,0.00,Unknown,false,36,21.90,0.0000,true,1,346200
7290018294000,false,יין רוזה קינג דויד 7,כרמל מזרחי,,יין רוזה קינג דויד 750 מל,מיליליטרים,750.00,"100 מ""ל",false,1,25.00,3.3333,true,1,337514
7290018294192,false,יין אדום יבש פי.סי 7,כרמל מזרחי,,יין אדום יבש פי.סי 750 מל,מיליליטרים,750.00,"100 מ""ל",false,1,45.00,6.0000,true,1,343254
7290018294208,false,יין סלקטד אדום יבש 7,כרמל מזרחי,,יין סלקטד אדום יבש 750 מל,מיליליטרים,750.00,"100 מ""ל",false,1,35.00,4.6667,true,1,338817
7290018294352,false,ערק כרמל 700מל 37.5%,כרמל מזרחי,IL,ערק כרמל 700מל 37.5%אלכוהול בק.פקדון,מיליליטרים,700.00,"100 מ""ל",false,12,59.90,8.5571,true,1,343450
7290018294369,false,מיץ ענבים תירוש אדום,כרמל מזרחי,,מיץ ענבים תירוש אדום 750 מל,מיליליטרים,700.00,"100 מ""ל",false,1,15.90,2.2714,true,1,347042
7290018294383,false,יין פינו גריגו לבן ס,כרמל מזרחי,IL,יין פינו גריגו לבן ס.אזורית 750 מל,מיליליטרים,750.00,"100 מ""ל",false,12,60.00,8.0000,true,1,344073
7290018294390,false,מארז 4יח בירה אלכסנד,,,מארז 4יח בירה אלכסנדר 330מל+כוס פקדון,מיליליטרים,1320.00,"100 מ""ל",false,1,49.90,3.7803,true,1,343454
7290018294901,false,יין מונלייט אדום יבש,כרמל מזרחי,IL,יין מונלייט אדום יבש 750 מל,מיליליטרים,750.00,"100 מ""ל",false,12,40.00,5.3333,true,1,346558
7290018294918,false,יין מונלייט מוסקטו ו,כרמל מזרחי,IL,יין מונלייט מוסקטו ורוד מבעבע 750 מל,מיליליטרים,750.00,"100 מ""ל",false,12,40.00,5.3333,true,1,346560
7290018296004,false,לחם מלא מלא דגנים קל,מאפיית אגמי,IL,לחם מלא מלא דגנים קל 750גר,גרמים,750.00,100 גרם,false,1,15.90,2.1200,true,1,330487
7290018296042,false,לחם טוסט אמריקה 500ג,מאפיית אגמי,IL,לחם טוסט אמריקה 500גר,גרמים,500.00,100 גרם,false,1,14.90,2.9800,true,1,341544
7290018296257,false,לחם בריאות ושובע שבו,,,לחם בריאות ושובע שבולת שועל מלא 550 גרם,גרמים,550.00,100 גרם,false,1,16.90,3.0727,true,1,340741
7290018296400,false,לחם בריאות ושובע 600,מאפיית אגמי,IL,לחם בריאות ושובע 600גר,גרמים,600.00,100 גרם,false,1,14.90,2.4833,true,1,330486
7290018296455,false,לחם דגנים קל מרובע 7,מאפיית אגמי,IL,לחם דגנים קל מרובע 750גר חלי ממן,גרמים,750.00,100 גרם,false,1,18.50,2.4667,true,1,341546
7290018296608,false,לחם בריאות ושובע קל,מאפיית אגמי,IL,לחם בריאות ושובע קל 9 דגנים 600גר,גרמים,600.00,100 גרם,false,1,14.90,2.4833,true,1,330485
7290018296615,false,מארז 10 יח פיתה ביס,מאפיית אגמי,IL,מארז 10 יח פיתה ביס כוסמין מלא,יחידה,10.00,יחידה,false,1,16.90,1.6900,true,1,330489
7290018296646,false,חלת כוסמין 400 גרם א,מאפיית אגמי,,חלת כוסמין 400 גרם אגמי,גרמים,400.00,100 גרם,false,1,19.90,4.9750,true,1,335734
7290018296653,false,לחם אחיד פלוס כוסמין,מאפיית אגמי,IL,לחם אחיד פלוס כוסמין מרובע 700גר חלי ממן,גרמים,700.00,100 גרם,false,1,18.50,2.6429,true,1,341545
7290018296806,false,לחם בריאות ושובע מוע,מאפיית אגמי,IL,לחם בריאות ושובע מועשר בסיבים 600גר,גרמים,600.00,100 גרם,false,1,14.90,2.4833,true,1,330484
7290018296813,false,פיתה קלה ביס 10יח,,,פיתה קלה ביס 10יח,יחידה,10.00,יחידה,false,1,14.90,1.4900,true,1,330488
7290018333044,false,שלוקים משקה קל בטעם,כרמית,IL,שלוקים משקה קל בטעם ענבים קש 200מל 18יח,יחידה,18.00,יחידה,false,1,19.90,1.1056,true,1,342016
7290018333051,false,שלוקים משקה קל בטעם,כרמית,IL,שלוקים משקה קל בטעם ענבים פקק 200מל 18יח,יחידה,18.00,יחידה,false,1,25.90,1.4389,true,1,342018
7290018333686,false,גרנולה רפאלס פרו פקא,רפאלס,IL,גרנולה רפאלס פרו פקאן חמוציות250 גרם,גרמים,250.00,100 גרם,false,10,17.90,7.1600,true,1,345973
7290018333945,false,חטיפי רפאלס אגוז שקד,כרמית תעשיות ממתקים,IL,חטיפי רפאלס אגוז שקד וניל 5 יח 150 גרם,גרמים,150.00,100 גרם,false,12,15.90,10.6000,true,1,338907
7290018333952,false,חטיפי רפאלס אגוז וחמ,כרמית תעשיות ממתקים,IL,חטיפי רפאלס אגוז וחמוציות 5 יח 150 גרם,גרמים,150.00,100 גרם,false,12,15.90,10.6000,true,1,338908
7290018333969,false,חטיפי רפאלס שקד וטחי,כרמית תעשיות ממתקים,IL,חטיפי רפאלס שקד וטחינה 5 יח 150 גר,גרמים,150.00,100 גרם,false,12,15.90,10.6000,true,1,338909
7290018333976,false,חטיפי רפאלס קשיו וקו,כרמית תעשיות ממתקים,IL,חטיפי רפאלס קשיו וקוקוס 5 יח 150 גר,גרמים,150.00,100 גרם,false,12,15.90,10.6000,true,1,338910
7290018338032,false,שמן זית אורגני 750 מ,,,שמן זית אורגני 750 מל,מיליליטרים,750.00,"100 מ""ל",false,12,36.90,4.9200,true,1,336227
7290018338148,false,טחינה אורגנית לחיץ 3,,,טחינה אורגנית לחיץ 300 גר,גרמים,300.00,100 גרם,false,24,12.90,4.3000,true,1,336231
7290018338254,false,אבקת גינגר אורגני 75,,,אבקת גינגר אורגני 75 גר,Unknown,0.00,Unknown,false,12,12.90,0.0000,true,1,336395
7290018338261,false,אבקת כוסבקה אורגני 9,,,אבקת כוסבקה אורגני 90 גר,Unknown,0.00,Unknown,false,12,12.90,0.0000,true,1,336396
7290018338278,false,אבקת קארי אורגנית 90,,,אבקת קארי אורגנית 90 גר,Unknown,0.00,Unknown,false,12,12.90,0.0000,true,1,336397
7290018338285,false,גאראם מסאלה אורגני 9,,,גאראם מסאלה אורגני 90 גר,Unknown,0.00,Unknown,false,12,12.90,0.0000,true,1,336398
7290018338292,false,מולסה אורגנית נטול ג,,CZ,מולסה אורגנית נטול גופרית 500גר תבואות,מיליליטרים,500.00,"100 מ""ל",false,12,26.90,5.3800,true,1,336833
7290018338353,false,שמן פשתן אורגני כביש,,,שמן פשתן אורגני כבישה קרה 250 מל,מיליליטרים,250.00,"100 מ""ל",false,6,18.90,7.5600,true,1,336230
7290018338360,false,רסק עגבניות אורגני 2,,IT,רסק עגבניות אורגני 22% 70 גרם,יחידה,1.00,יחידה,false,50,2.90,2.9000,true,1,336872
7290018338605,false,אטריות עדשים אורגני,,,אטריות עדשים ע2כתומות אורגני ללג 250גר,גרמים,250.00,100 גרם,false,6,14.90,5.9600,true,1,341955
7290018338629,false,פנה חומוס וכרכום אור,,,פנה חומוס וכרכום אורגני 250 גר,גרמים,250.00,100 גרם,false,6,14.90,5.9600,true,1,341956
7290018338636,false,פסטה פוסילי כוסמת או,,,פסטה פוסילי כוסמת אורגני ללג 250 גר,גרמים,250.00,100 גרם,false,6,14.90,5.9600,true,1,341953
7290018338728,false,ציפורן טחון אורגני 4,,,ציפורן טחון אורגני 40 גר,Unknown,0.00,Unknown,false,12,12.90,0.0000,true,1,344444
7290018338735,false,אגוז מוסקט טחון אורג,,,אגוז מוסקט טחון אורגני 40 גר,Unknown,0.00,Unknown,false,12,12.90,0.0000,true,1,344443
7290018338742,false,אבקת בצל אורגנית 80,,,אבקת בצל אורגנית 80 גר,Unknown,0.00,Unknown,false,12,12.90,0.0000,true,1,347361
7290018338780,false,פוניו אורגני ללא גלו,,,פוניו אורגני ללא גלוטן 500 גר,גרמים,500.00,100 גרם,false,12,18.90,3.7800,true,1,344057
7290018338919,false,תה צאי מסלה אורגני 2,,LK,תה צאי מסלה אורגני 25 שקיקים,יחידה,25.00,יחידה,false,12,12.90,0.5160,true,1,345193
7290018338957,false,מחית תפוח אוכמניות ר,,,מחית תפוח אוכמניות רימון אורגני 100 גר,גרמים,100.00,100 גרם,false,18,4.90,4.9000,true,1,344448
7290018338964,false,מחית תפוח אורגני 100,,,מחית תפוח אורגני 100 גר,גרמים,100.00,100 גרם,false,18,4.90,4.9000,true,1,344449
7290018338971,false,מחית שזיף אורגני 100,,,מחית שזיף אורגני 100 גר,גרמים,100.00,100 גרם,false,18,4.90,4.9000,true,1,347122
7290018339077,false,טורטליני עוף 300גרם,,IL,טורטליני עוף 300גרם פסטה ריקו,גרמים,300.00,100 גרם,false,8,29.90,9.9667,true,1,344194
7290018339084,false,טורטליני ראגו אנטריק,,IL,טורטליני ראגו אנטריקוט 300גרם פסטה ריקו,גרמים,300.00,100 גרם,false,8,29.90,9.9667,true,1,344195
7290018339091,false,פסטה אניולוטי ראגו א,,IL,פסטה אניולוטי ראגו אנטריקוט 300גר ריקו,גרמים,300.00,100 גרם,false,8,29.90,9.9667,true,1,344193
7290018343296,false,אלכוגל 70% אלכוהול 1,,,אלכוגל 70% אלכוהול 100 מל,מיליליטרים,100.00,"100 מ""ל",false,15,14.90,14.9000,true,1,332246
7290018343319,false,שמפו פרפקט לשיער מתו,,,שמפו פרפקט לשיער מתולתל 400מל,מיליליטרים,400.00,"100 מ""ל",false,10,29.90,7.4750,true,1,334697
7290018343326,false,מרכך פרפקט לשיער מתו,,,מרכך פרפקט לשיער מתולתל 400מל,מיליליטרים,400.00,"100 מ""ל",false,10,29.90,7.4750,true,1,334698
7290018343333,false,מסכת הזנה פרפקט לשיע,,,מסכת הזנה פרפקט לשיער מתולתל 300מל,מיליליטרים,300.00,"100 מ""ל",false,10,39.90,13.3000,true,1,334696
7290018343357,false,מרכך משקם לאחר החלקה,,,מרכך משקם לאחר החלקה או עיצוב בחום 400מל,מיליליטרים,400.00,"100 מ""ל",false,10,39.90,9.9750,true,1,334694
7290018343364,false,מסכת הזנה משקם לאחר,,,מסכת הזנה משקם לאחר החלקה 300מל,מיליליטרים,300.00,"100 מ""ל",false,10,39.90,13.3000,true,1,334695
7290018343715,false,מגבונים לניקוי משטחי,פישר תעשיות,IL,מגבונים לניקוי משטחים אלכוגל 20יח פרמה,יחידה,20.00,יחידה,false,24,19.90,0.9950,true,1,333610
7290018344095,false,חטיף פרוטאין טבעוני,,,חטיף פרוטאין טבעוני בוטנים 50גר,יחידה,1.00,יחידה,false,1,11.90,11.9000,true,1,337572
7290018344118,false,חטיף פרוטאין טבעוני,,,חטיף פרוטאין טבעוני סלק 50גר,יחידה,1.00,יחידה,false,1,11.90,11.9000,true,1,337574
7290018345030,false,בורגר מן הצומח 320 ג,,TR,בורגר מן הצומח 320 גר ויגנס צויס,גרמים,320.00,100 גרם,false,12,24.90,7.7812,true,1,332192
7290018345184,false,תערובת חביתה מן הצומ,,,תערובת חביתה מן הצומח 75 גר,גרמים,75.00,100 גרם,false,1,22.90,30.5333,true,1,335485
7290018359051,false,סירופ יכין קידס טעם,זנלכל,IL,סירופ יכין קידס טעם אננס 1 ל,ליטרים,1.00,ליטר,false,12,24.90,24.9000,true,1,331788
7290018359082,false,מחית תפוח עץ לאפיה י,זנלכל,IL,מחית תפוח עץ לאפיה יכין 550 גרם,גרמים,550.00,100 גרם,false,12,7.90,1.4364,true,1,331789
7290018359358,false,מארז 3 יח פריכוז יכי,זנלכל,IL,מארז 3 יח פריכוז יכין 200 גרם,גרמים,600.00,100 גרם,false,8,12.90,2.1500,true,1,337461
7290018359495,false,תירס יכין מהשדה ללא,זנלכל,,תירס יכין מהשדה ללא תוספת סוכר 550 גרם,גרמים,550.00,100 גרם,false,1,9.90,1.8000,true,1,336605
7290018359518,false,מארז 3 יח תירס יכין,זנלכל,,מארז 3 יח תירס יכין מהשדה ללא תוספת סוכר,גרמים,600.00,100 גרם,false,1,14.90,2.4833,true,1,336606
7290018359556,false,תירס יכין מהשדה ללא,זנלכל,,תירס יכין מהשדה ללא תוספת סוכר 400 גרם,גרמים,400.00,100 גרם,false,1,6.90,1.7250,true,1,346861
7290018359570,false,מארז 3 יח שעועית ציל,זנלכל,,מארז 3 יח שעועית צילי קטניה טובה200 גר,גרמים,600.00,100 גרם,false,1,11.90,1.9833,true,1,337460
7290018359587,false,מארז 3 יח חומוס מבוש,זנלכל,,מארז 3 יח חומוס מבושל קטניה טובה200 גר,גרמים,600.00,100 גרם,false,1,11.90,1.9833,true,1,337459
7290018359662,false,מארז 3 יח קוביות סלק,זנלכל,IL,מארז 3 יח קוביות סלק יכין 200 גרם,גרמים,600.00,100 גרם,false,12,14.90,2.4833,true,1,337458
7290018359679,false,שעוית לימה הקיסרית י,זנלכל,,שעוית לימה הקיסרית יכין 550 גרם,גרמים,550.00,100 גרם,false,1,9.90,1.8000,true,1,347457
7290018359686,false,גרגירי חומוס הקיסריה,זנלכל,,גרגירי חומוס הקיסריה ענק יכין 550 גרם,גרמים,550.00,100 גרם,false,1,9.90,1.8000,true,1,347456
7290018359716,false,רוטב פיצה טוסקנה יכי,זנלכל,,רוטב פיצה טוסקנה יכין 240 גר,גרמים,240.00,100 גרם,false,1,4.90,2.0417,true,1,337025
7290018359853,false,עדשים שחורות יכין מב,זנלכל,IL,עדשים שחורות יכין מבושלות 400 גרם,גרמים,400.00,100 גרם,false,12,6.90,1.7250,true,1,347519
7290018359860,false,זוג רסק עגבניות ליקו,זנלכל,IL,זוג רסק עגבניות ליקופין יכין 200 גרם,גרמים,400.00,100 גרם,false,6,14.90,3.7250,true,1,347524
7290018359884,false,זוג עגבניות פולפה לי,זנלכל,IL,זוג עגבניות פולפה ליקופין יכין 400 ג,גרמים,800.00,100 גרם,false,6,14.90,1.8625,true,1,347518
7290018359938,false,רוטב לשקשוקה יכין 40,זנלכל,IL,רוטב לשקשוקה יכין 400 גרם,גרמים,400.00,100 גרם,false,12,11.90,2.9750,true,1,347520
7290018359952,false,רוטב לפסטה יכין 400,זנלכל,IL,רוטב לפסטה יכין 400 גרם,גרמים,400.00,100 גרם,false,12,11.90,2.9750,true,1,347522
7290018359969,false,רוטב לפיצה יכין 400,זנלכל,IL,רוטב לפיצה יכין 400 גרם,גרמים,400.00,100 גרם,false,12,11.90,2.9750,true,1,347521
7290018367346,false,שומשום בטעם וואסבי 1,,TW,שומשום בטעם וואסבי 100 גרם,גרמים,100.00,100 גרם,false,24,18.90,18.9000,true,1,337106
7290018371022,false,עגבניות שלמות מקולפו,,IT,עגבניות שלמות מקולפות אורני 550 גר,גרמים,350.00,100 גרם,false,1,28.90,8.2571,true,1,332789
7290018371039,false,מחית עגבניות אורגני,,IT,מחית עגבניות אורגני 520 גר,גרמים,520.00,100 גרם,false,6,28.90,5.5577,true,1,332791
7290018371046,false,עגבניות שרי תמר אורג,,IT,עגבניות שרי תמר אורגני 550 גר,גרמים,315.00,100 גרם,false,6,28.90,9.1746,true,1,332790
7290018371091,false,בייגלה כוסמין ללא מל,,,בייגלה כוסמין ללא מלח אורגני 200 גר,גרמים,200.00,100 גרם,false,1,15.90,7.9500,true,1,336182
7290018371107,false,ניוקי אורגני עם קמח,,IT,ניוקי אורגני עם קמח כוסמין 400 גר,גרמים,400.00,100 גרם,false,11,18.90,4.7250,true,1,336244
7290018371114,false,ניוקי אורגני עם קמח,,IT,ניוקי אורגני עם קמח כוסמין מלא 400 גר,גרמים,400.00,100 גרם,false,11,18.90,4.7250,true,1,336245
7290018371121,false,ניוקי אורגני עם קמח,,IT,ניוקי אורגני עם קמח כוסמין ותרד 400 גר,גרמים,400.00,100 גרם,false,11,18.90,4.7250,true,1,336246
7290018371206,false,מחית סקוויז תפוח עץ,,,מחית סקוויז תפוח עץ שזיף אורגני 100 גר,גרמים,100.00,100 גרם,false,1,5.90,5.9000,true,1,335446
7290018371213,false,מחית סקוויז תפוח עץ,,,מחית סקוויז תפוח עץ אפרסק אורגני 100 גר,גרמים,100.00,100 גרם,false,1,5.90,5.9000,true,1,335447
7290018371220,false,חמאת בוטנים אורגנית,,IL,חמאת בוטנים אורגנית ללא סוכר/מלח 400גר,גרמים,400.00,100 גרם,false,12,22.90,5.7250,true,1,334481
7290018371237,false,חמאת בוטנים אורגנית,,IL,חמאת בוטנים אורגנית שבבי בוטנים ללאמלח,גרמים,400.00,100 גרם,false,12,22.90,5.7250,true,1,334482
7290018371251,false,בוטן קךוף וקלוי אורג,,IL,בוטן קךוף וקלוי אורגני ללא מלח 180גר,גרמים,180.00,100 גרם,false,18,12.90,7.1667,true,1,334483
7290018371299,false,אובלטים מקמח חומוס א,אם החיטה,IL,אובלטים מקמח חומוס אורגני 100 גר,גרמים,100.00,100 גרם,false,15,12.90,12.9000,true,1,337727
7290018371312,false,אובלטים מקמח כוסמת א,אם החיטה,IL,אובלטים מקמח כוסמת אורגני 100 גר,גרמים,100.00,100 גרם,false,15,12.90,12.9000,true,1,337728
7290018371398,false,חמאת בוטנים אורגנית,,IL,חמאת בוטנים אורגנית במליחות עדינה 400גר,גרמים,400.00,100 גרם,false,12,22.90,5.7250,true,1,336993
7290018371459,false,פסטה מקמח דורום 5 צב,,,פסטה מקמח דורום 5 צבעים אורגני 450 גר,גרמים,450.00,100 גרם,false,6,49.90,11.0889,true,1,343640
7290018371466,false,וופל מקמח מלא חרובים,רוקחמן,IL,וופל מקמח מלא חרובים 200 גר,גרמים,200.00,100 גרם,false,12,10.90,5.4500,true,1,342008
7290018371480,false,וופל מקמח כוסמין חרו,רוקחמן,IL,וופל מקמח כוסמין חרובים 200 גר,גרמים,200.00,100 גרם,false,12,14.90,7.4500,true,1,342009
7290018371497,false,וופל מקמח כוסמין שוק,רוקחמן,IL,וופל מקמח כוסמין שוקולד 200 גר,גרמים,200.00,100 גרם,false,12,14.90,7.4500,true,1,342010
7290018371503,false,וופל מקמח כוסמין אגו,רוקחמן,IL,וופל מקמח כוסמין אגוזים 200 גר,גרמים,200.00,100 גרם,false,12,14.90,7.4500,true,1,342011
7290018371510,false,וופל מקמח כוסמין לימ,רוקחמן,IL,וופל מקמח כוסמין לימון 200 גר,גרמים,200.00,100 גרם,false,12,14.90,7.4500,true,1,342012
7290018371541,false,מאגדת חטיף וופל 7 יח,רוקחמן,IL,מאגדת חטיף וופל 7 יח אורגני,יחידה,1.00,יחידה,false,12,14.90,14.9000,true,1,342014
7290018371602,false,וופל קוביות קמח כוסמ,רוקחמן,IL,וופל קוביות קמח כוסמין קרם קקאו 200 גר,גרמים,200.00,100 גרם,false,12,15.90,7.9500,true,1,347441
7290018380215,false,מלפפון קורנישון מיני,,IN,מלפפון קורנישון מיני פיקנטי 670 ג תומר,גרמים,670.00,100 גרם,false,12,9.90,1.4776,true,1,346834
7290018380222,false,מלפפון קורנישון פיקנ,,IN,מלפפון קורנישון פיקנטי670 ג תומר,גרמים,670.00,100 גרם,false,12,9.90,1.4776,true,1,346833
7290018380246,false,מזון לכלב עם בקר 415,,HU,מזון לכלב עם בקר 415גר,גרמים,415.00,100 גרם,false,24,4.50,1.0843,true,1,345128
7290018380253,false,מזון לכלב עם עוף 415,,HU,מזון לכלב עם עוף 415גר,גרמים,415.00,100 גרם,false,24,4.50,1.0843,true,1,345127
7290018380260,false,מזון לכלב עם כבד 415,,HU,מזון לכלב עם כבד 415גר,גרמים,415.00,100 גרם,false,24,4.50,1.0843,true,1,345125
7290018380277,false,מזון לכלב עם בשר ציד,,HU,מזון לכלב עם בשר ציד 415גר,גרמים,415.00,100 גרם,false,24,4.50,1.0843,true,1,345124
7290018380284,false,מזון לחתול עם בקר 41,,HU,מזון לחתול עם בקר 415גר,גרמים,415.00,100 גרם,false,24,4.50,1.0843,true,1,345129
7290018380291,false,מזון לחתול עם בשר עו,,HU,מזון לחתול עם בשר עוף 415גר,גרמים,415.00,100 גרם,false,24,4.50,1.0843,true,1,345130
7290018380307,false,מזון לחתול עם בשר כב,,HU,מזון לחתול עם בשר כבד 415גר,גרמים,415.00,100 גרם,false,24,4.50,1.0843,true,1,345131
7290018380314,false,מזון לחתול עם דגים 4,,HU,מזון לחתול עם דגים 415גר,גרמים,415.00,100 גרם,false,24,4.50,1.0843,true,1,345132
7290018380321,false,מזון לחתול עם בשר צי,,HU,מזון לחתול עם בשר ציד 415גר,גרמים,415.00,100 גרם,false,24,4.50,1.0843,true,1,345133
7290018380383,false,שבולת שועל להכנה מהי,,US,שבולת שועל להכנה מהירה תומר 510 גרם,גרמים,510.00,100 גרם,false,12,9.90,1.9412,true,1,346822
7290018380529,false,לבבות דקל חתוכים תומ,אינקופלמיטו אס.אי,EC,לבבות דקל חתוכים תומר 400 גרם,גרמים,400.00,100 גרם,false,12,7.90,1.9750,true,1,347549
7290018394021,false,פטריות מלך היער תקוע,,,פטריות מלך היער תקוע,Unknown,0.00,Unknown,false,1,13.90,0.0000,true,1,338087
7290018394038,false,פטריות שיטאקה מיובשו,,,פטריות שיטאקה מיובשות עשירות ויטמין תקוע,Unknown,0.00,Unknown,false,1,9.90,0.0000,true,1,335452
7290018400005,false,בורגרים מן הצומח 227,תנובה גליל,IL,בורגרים מן הצומח 227גר מיטלס,גרמים,227.00,100 גרם,false,1,25.90,11.4097,true,1,337927
7290018400036,false,לקט חגיגת כתומים 800,סנפרוסט,,לקט חגיגת כתומים 800גר סנפרוסט,גרמים,800.00,100 גרם,false,12,22.90,2.8625,true,1,338146
7290018400456,false,סמוטיז פיטאיה 300 גר,סנפרוסט,,סמוטיז פיטאיה 300 גרם קפוא סנפרוסט,גרמים,300.00,100 גרם,false,1,15.90,5.3000,true,1,344450
7290018400609,false,לקט פיאסטה מקסיקנית,סנפרוסט,,לקט פיאסטה מקסיקנית 800גר סנפרוסט,גרמים,800.00,100 גרם,false,1,22.90,2.8625,true,1,334951
7290018400661,false,לקט פאייה בסגנון ספר,סנפרוסט,,לקט פאייה בסגנון ספרדי 800גר סנפרוסט,גרמים,800.00,100 גרם,false,1,22.90,2.8625,true,1,339198
7290018400807,false,לקט טברנה יוונית 800,סנפרוסט,,לקט טברנה יוונית 800גר סנפרוסט,גרמים,800.00,100 גרם,false,1,22.90,2.8625,true,1,334952
7290018400821,false,טחון מן הצומח 400גר,תנובה גליל,IL,טחון מן הצומח 400גר מיטלס,גרמים,400.00,100 גרם,false,1,34.90,8.7250,true,1,337928
7290018402740,false,רביולי פיטריות 450גר,,IL,רביולי פיטריות 450גרם,גרמים,450.00,100 גרם,false,12,15.90,3.5333,true,1,345541
7290018440193,false,בייגלה פליפז חמאת בו,,,בייגלה פליפז חמאת בוטנים 140 גרם,גרמים,140.00,100 גרם,false,1,8.90,6.3571,true,1,335830
7290018440209,false,בייגלה פליפז פאדג לב,,,בייגלה פליפז פאדג לבן 140 גרם,גרמים,140.00,100 גרם,false,1,8.90,6.3571,true,1,335831
7290018440223,false,תה צאי מסאלה 25 שקיק,תה ויסוצקי,IL,תה צאי מסאלה 25 שקיקים 2 גרם,יחידה,25.00,יחידה,false,8,17.90,0.7160,true,1,342230
7290018440230,false,תה צאי ורדים 25 שקיק,תה ויסוצקי,IL,תה צאי ורדים 25 שקיקים 2 גרם,יחידה,25.00,יחידה,false,8,17.90,0.7160,true,1,342232
7290018440247,false,תה צאי שקדים 25 שקיק,תה ויסוצקי,IL,תה צאי שקדים 25 שקיקים 2 גרם,יחידה,25.00,יחידה,false,8,17.90,0.7160,true,1,342231
7290018440254,false,תה צאי וקרמל מלוח 25,תה ויסוצקי,IL,תה צאי וקרמל מלוח 25 שקיקים 2 גרם,יחידה,25.00,יחידה,false,8,17.90,0.7160,true,1,342233
7290018440384,false,תה ירוק מאטה לימון נ,תה ויסוצקי,,תה ירוק מאטה לימון נענע 25 שק,יחידה,25.00,יחידה,false,1,24.90,0.9960,true,1,340675
7290018440391,false,תה ירוק מאטה נענע גו,תה ויסוצקי,,תה ירוק מאטה נענע גוארנה 25 שק,יחידה,25.00,יחידה,false,1,24.90,0.9960,true,1,340676
7290018440407,false,תה ירוק מאטה קקאו לו,תה ויסוצקי,,תה ירוק מאטה קקאו לוז 25 שק,יחידה,25.00,יחידה,false,1,24.90,0.9960,true,1,340674
7290018440438,false,מארז 3 יח טונה קאלוו,,ES,מארז 3 יח טונה קאלוו בשמן זית 65 גרם,גרמים,195.00,100 גרם,false,20,23.90,12.2564,true,1,345298
7290018440445,false,טונה קאלוו בשמן זית,,ES,טונה קאלוו בשמן זית 160 גרם,גרמים,160.00,100 גרם,false,25,16.90,10.5625,true,1,345300
7290018440476,false,בייגלה פליפז קרם עוג,,,בייגלה פליפז קרם עוגיות ותותים 140 גרם,גרמים,140.00,100 גרם,false,1,8.90,6.3571,true,1,338545
7290018440483,false,בייגלה פליפז קרמל מל,,,בייגלה פליפז קרמל מלוח 140 גרם,גרמים,140.00,100 גרם,false,1,8.90,6.3571,true,1,338544
7290018440490,false,סלט טונה קאלוו קוסקו,,ES,סלט טונה קאלוו קוסקוס 150 גרם,גרמים,150.00,100 גרם,false,24,14.90,9.9333,true,1,345304
7290018440513,false,סלט טונה קאלוו קליפו,,ES,סלט טונה קאלוו קליפורניה 150 גרם,גרמים,150.00,100 גרם,false,24,14.90,9.9333,true,1,345302
7290018440520,false,סלט טונה קאלוו מקסיק,,ES,סלט טונה קאלוו מקסיקני 150 גרם,גרמים,150.00,100 גרם,false,24,14.90,9.9333,true,1,345303
7290018440612,false,תה גן הקסום קמומיל ו,תה ויסוצקי,,תה גן הקסום קמומיל ודבש5+25 יח,יחידה,30.00,יחידה,false,1,18.90,0.6300,true,1,339023
7290018440896,false,תה גן הקסום גינגר וכ,תה ויסוצקי,,תה גן הקסום גינגר וכורכום 25 שקיקים,יחידה,25.00,יחידה,false,1,18.90,0.7560,true,1,343580
7290018468302,false,נקניקיה צמחית בסגנון,טירת צבי,IL,נקניקיה צמחית בסגנון מרגז 400גר,גרמים,400.00,100 גרם,false,10,36.90,9.2250,true,1,345586
7290018468319,false,נקניקיה צמחית בסגנון,טירת צבי,IL,נקניקיה צמחית בסגנון צוריסוס 400גר,גרמים,400.00,100 גרם,false,10,36.90,9.2250,true,1,345585
7290018468326,false,נקניקיה צמחית בסגנון,טירת צבי,IL,נקניקיה צמחית בסגנון אמריקאי 400גר,גרמים,400.00,100 גרם,false,10,36.90,9.2250,true,1,345587
7290018468401,false,פסטרמה צמחונית 120גר,,IL,פסטרמה צמחונית 120גרם בטעם גריל טירת צבי,גרמים,120.00,100 גרם,false,36,15.90,13.2500,true,1,346866
7290018468418,false,פסטרמה צמחונית 120גר,,IL,פסטרמה צמחונית 120גר טעם מפולפל טירת צבי,גרמים,120.00,100 גרם,false,36,15.90,13.2500,true,1,346867
7290018468425,false,נקניק טבעוני 100גרם,,IL,נקניק טבעוני 100גרם בטעם פיקנטי טירת צבי,גרמים,100.00,100 גרם,false,36,15.90,15.9000,true,1,346865
7290018468432,false,נקניק טבעוני 100גרם,,IL,נקניק טבעוני 100גרם בטעם מעושן טירת צבי,גרמים,100.00,100 גרם,false,36,15.90,15.9000,true,1,346864
7290018471029,false,מארז שישיית סודה שוו,יפאורה,,מארז שישיית סודה שוופס לימון 500 מל,ליטרים,3.00,ליטר,false,1,15.90,5.3000,true,1,335194
7290018471111,false,משקה שוופס מוגז עדין,יפאורה,,משקה שוופס מוגז עדין ליים מוחיטו 330 מל,מיליליטרים,330.00,"100 מ""ל",false,1,6.90,2.0909,true,1,336847
7290018471128,false,שייק פירות ספרינג 33,יפאורה,,שייק פירות ספרינג 330מל אננס מנגו בק.פקד,מיליליטרים,330.00,"100 מ""ל",false,1,6.90,2.0909,true,1,338837
7290018471135,false,שייק פירות ספרינג 33,יפאורה,,שייק פירות ספרינג 330מל בננה תמר בק.פקד,מיליליטרים,330.00,"100 מ""ל",false,1,6.90,2.0909,true,1,338838
7290018471142,false,שייק פירות ספרינג 33,יפאורה,,שייק פירות ספרינג 330מל בננה אננס בק.פקד,מיליליטרים,330.00,"100 מ""ל",false,1,6.90,2.0909,true,1,338839
7290018471180,false,משקה פרוט אנד ווג 1ל,יפאורה,IL,משקה פרוט אנד ווג 1ליטר אננס תפוח גזר,ליטרים,1.00,ליטר,false,1,13.90,13.9000,true,1,337185
7290018471197,false,משקה פרוט אנד ווג 1ל,יפאורה,IL,משקה פרוט אנד ווג 1ליטר תפוח בננה מלון,ליטרים,1.00,ליטר,false,1,13.90,13.9000,true,1,337186
7290018471210,false,נקטר ספרינג אגס סברס,יפאורה,,נקטר ספרינג אגס סברס תפוח 1 ל בקרטון,ליטרים,1.00,ליטר,false,1,7.50,7.5000,true,1,337184
7290018471302,false,מארז 4יח שוופס טוניק,,IL,מארז 4יח שוופס טוניק 250מל בק. פקדו,מיליליטרים,1000.00,"100 מ""ל",false,1,21.90,2.1900,true,1,336457
7290018471326,false,מארז 4יח שוופס ראשן,,IL,מארז 4יח שוופס ראשן 250מל בק. פקדו,מיליליטרים,1000.00,"100 מ""ל",false,1,21.90,2.1900,true,1,336458
7290018471395,false,משקה פרוט אנד ווג 1ל,יפאורה,IL,משקה פרוט אנד ווג 1ליטר רימון סלק גינגר,ליטרים,1.00,ליטר,false,1,13.90,13.9000,true,1,337188
7290018471401,false,משקה פרוט אנד ווג 1ל,יפאורה,IL,משקה פרוט אנד ווג 1ליטר אננס בננה כורכום,ליטרים,1.00,ליטר,false,1,13.90,13.9000,true,1,337187
7290018471449,false,שייק פירות ספרינג 1ל,יפאורה,,שייק פירות ספרינג 1ליטר בננה תמר תפוז,ליטרים,1.00,ליטר,false,1,12.90,12.9000,true,1,338835
7290018471456,false,שייק פירות ספרינג 1ל,יפאורה,,שייק פירות ספרינג 1ליטר אננס מנגו פסיפלו,ליטרים,1.00,ליטר,false,1,12.90,12.9000,true,1,338836
7290018471463,false,נקטר תפוזינה תפוז מנ,יפאורה,,נקטר תפוזינה תפוז מנגו 1ליטר קרטונית,ליטרים,1.00,ליטר,false,1,7.50,7.5000,true,1,337841
7290018471470,false,נקטר תפוזינה תפוז פס,יפאורה,,נקטר תפוזינה תפוז פסיפלורה 1ליטר קרטונית,ליטרים,1.00,ליטר,false,1,7.50,7.5000,true,1,337842
7290018471487,false,נקטר תפוזינה תפוז אנ,יפאורה,,נקטר תפוזינה תפוז אננס 1ליטר קרטונית,ליטרים,1.00,ליטר,false,1,7.50,7.5000,true,1,337838
7290018471494,false,משקה תפוזינה תפוז גז,יפאורה,,משקה תפוזינה תפוז גזר 1ליטר קרטונית,ליטרים,1.00,ליטר,false,1,7.50,7.5000,true,1,337843
7290018471548,false,מארז 4יח ספרינג 250מ,,,מארז 4יח ספרינג 250מל ענבים,מיליליטרים,1000.00,"100 מ""ל",false,1,12.90,1.2900,true,1,337181
7290018471616,false,משקה שוופס אינדיאן ט,יפאורה,IL,משקה שוופס אינדיאן טוניק 1ליטר,ליטרים,1.00,ליטר,false,1,9.90,9.9000,true,1,338150
7290018471623,false,משקה שוופס טוניק אשכ,יפאורה,IL,משקה שוופס טוניק אשכוליות ליצי 1ליטר,ליטרים,1.00,ליטר,false,1,9.90,9.9000,true,1,338152
7290018471630,false,משקה שוופס טוניק מלפ,יפאורה,IL,משקה שוופס טוניק מלפפון ליים 1ליטר,ליטרים,1.00,ליטר,false,1,9.90,9.9000,true,1,338151
7290018471647,false,מארז 4יח שוופס וואטר,יפאורה,,מארז 4יח שוופס וואטר אפרסק 500מל בק.פקדו,מיליליטרים,2000.00,"100 מ""ל",false,1,13.90,0.6950,true,1,338833
7290018471654,false,מארז 4יח שוופס וואטר,יפאורה,,מארז 4יח שוופס וואטר ענבים 500מל בק.פקדו,מיליליטרים,2000.00,"100 מ""ל",false,1,13.90,0.6950,true,1,338832
7290018471661,false,מארז 4יח תפוזינה ענב,יפאורה,,מארז 4יח תפוזינה ענבים 500מל בק. פקדון,מיליליטרים,2000.00,"100 מ""ל",false,1,14.90,0.7450,true,1,337835
7290018471678,false,מארז 4יח תפוזינה תפו,יפאורה,,מארז 4יח תפוזינה תפוזים 500מל בק. פקדון,מיליליטרים,2000.00,"100 מ""ל",false,1,14.90,0.7450,true,1,337834
7290018471685,false,מארז 4יח תפוזינה לימ,יפאורה,,מארז 4יח תפוזינה לימונענע500מל בק. פקדון,מיליליטרים,2000.00,"100 מ""ל",false,1,14.90,0.7450,true,1,337836
7290018471692,false,שייק פירות ספרינג 1ל,יפאורה,,שייק פירות ספרינג 1ליטר בננה אננס קוקוס,ליטרים,1.00,ליטר,false,1,12.90,12.9000,true,1,338834
7290018471715,false,משקה אלוורה קינג אננ,יפאורה,IL,משקה אלוורה קינג אננס 1ליטר בק.פקדון,ליטרים,1.00,ליטר,false,1,10.90,10.9000,true,1,339119
7290018471722,false,משקה אלוורה קינג ליצ,יפאורה,IL,משקה אלוורה קינג ליצי 1ליטר בק.פקדון,ליטרים,1.00,ליטר,false,1,10.90,10.9000,true,1,339120
7290018471906,false,שוופס מוגז פירות לימ,יפאורה,,שוופס מוגז פירות לימונדה ורודה1.5ל פקדון,ליטרים,1.50,ליטר,false,1,9.90,6.6000,true,1,343114
7290018471913,false,שוופס מוגז פירות תפו,יפאורה,,שוופס מוגז פירות תפוחים 1.5ליטר ב. פקדון,ליטרים,1.50,ליטר,false,1,9.90,6.6000,true,1,343115
7290018471920,false,שוופס מוגז פירות ענב,יפאורה,,שוופס מוגז פירות ענבים 1.5ליטר ב. פקדון,ליטרים,1.50,ליטר,false,1,9.90,6.6000,true,1,343116
7290018471937,false,שוופס מוגז פירות תות,יפאורה,,שוופס מוגז פירות תות ליים 1.5ליטר פקדון,ליטרים,1.50,ליטר,false,1,9.90,6.6000,true,1,343117
7290018471944,false,שוופס מוגז פירות לימ,יפאורה,,שוופס מוגז פירות לימונייד 1.5ליטר פקדון,ליטרים,1.50,ליטר,false,1,9.90,6.6000,true,1,343118
7290018471951,false,שוופס מוגז פירות אשכ,יפאורה,,שוופס מוגז פירות אשכולית אדומה1.5ל פקדון,ליטרים,1.50,ליטר,false,1,9.90,6.6000,true,1,343119
7290018476819,false,יין בזלת הגולן מאגמה,,IL,יין בזלת הגולן מאגמה 2018 750 מל,מיליליטרים,750.00,"100 מ""ל",false,6,110.00,14.6667,true,1,338427
7290018493045,false,קרם ידיים אפקטיב קר,,,קרם ידיים אפקטיב קר מועשר 100מל קוקוס,מיליליטרים,100.00,"100 מ""ל",false,12,15.90,15.9000,true,1,336567
7290018493052,false,קרם ידיים אפקטיב קר,,,קרם ידיים אפקטיב קר מועשר 100מל אבוקדו,מיליליטרים,100.00,"100 מ""ל",false,12,15.90,15.9000,true,1,336568
7290018493069,false,קרם ידיים אפקטיב קר,,,קרם ידיים אפקטיב קר מועשר 100מל כותנה,מיליליטרים,100.00,"100 מ""ל",false,12,15.90,15.9000,true,1,336569
7290018493076,false,קרם ידיים אפקטיב קר,,,קרם ידיים אפקטיב קר מועשר 100מל ארגן,מיליליטרים,100.00,"100 מ""ל",false,12,15.90,15.9000,true,1,336570
7290018493144,false,אל סבון היגיני קלין,פישר תעשיות,IL,אל סבון היגיני קלין אנד נוריש 1 ליטר,ליטרים,1.00,ליטר,false,8,13.90,13.9000,true,1,335292
7290018493359,false,קרם גוף אפקטיב קר מו,פישר תעשיות,IL,קרם גוף אפקטיב קר מועשר בשמן המפ 450מל,מיליליטרים,450.00,"100 מ""ל",false,1,21.90,4.8667,true,1,335961
7290018493748,false,מארז 3יח מגבוני אפקט,פישר תעשיות,,מארז 3יח מגבוני אפקטיב קר להסרת איפור 30,יחידה,90.00,יחידה,false,12,29.90,0.3322,true,1,341590
7290018493908,false,אל דמע קמיל בלו סנסט,פישר תעשיות,IL,אל דמע קמיל בלו סנסטיב 750מל משאבה,מיליליטרים,750.00,"100 מ""ל",false,12,19.90,2.6533,true,1,338984
7290018497012,false,צמח מאנקי מוקפא 320,,,צמח מאנקי מוקפא 320 גרם,גרמים,320.00,100 גרם,false,1,75.00,23.4375,true,1,335313
7290018507445,false,רצועות חזה עוף ציפוי,מאמא עוף,,רצועות חזה עוף ציפוי פריך 600גר מאמא עוף,גרמים,600.00,100 גרם,false,10,47.90,7.9833,true,1,344180
7290018516041,false,פרמיו דליקט עוף 56 ג,,CN,פרמיו דליקט עוף 56 גר,גרמים,56.00,100 גרם,false,12,9.90,17.6786,true,1,346067
7290018516065,false,פרמיו דליקט טונה וסל,,CN,פרמיו דליקט טונה וסלמון 56 גר,גרמים,56.00,100 גרם,false,12,9.90,17.6786,true,1,346068
7290018516270,false,פרמיו בוגר עוף לחתול,,FR,פרמיו בוגר עוף 100 גר,גרמים,100.00,100 גרם,false,32,3.90,3.9000,true,1,346807
7290018516324,false,פאוץ פרינוק תפוח שבו,,,פאוץ פרינוק תפוח שבולת שועל 120 גרם,גרמים,120.00,100 גרם,false,1,5.90,4.9167,true,1,338272
7290018516331,false,פאוץ פרינוק תפוח בנ,,,פאוץ פרינוק תפוח בננה.ש.שועל 120 גרם,גרמים,120.00,100 גרם,false,1,5.90,4.9167,true,1,338273
7290018516348,false,פאוץ פרינוק סלט פירו,,,פאוץ פרינוק סלט פירות.ש.שועל 120 גרם,גרמים,120.00,100 גרם,false,1,5.90,4.9167,true,1,338274
7290018516362,false,מחית פרינוק גוניור,,CZ,מחית פרינוק גוניור תפוע בננ ש.שו190 ג 3,גרמים,190.00,100 גרם,false,24,5.90,3.1053,true,1,343592
7290018516379,false,מחית פרינוק סלט פיר,,CZ,מחית פרינוק סלט פירות ש.שועל 190גר,גרמים,190.00,100 גרם,false,24,5.90,3.1053,true,1,343593
7290018516393,false,פרמיו סופרים מיקס 3,,DE,פרמיו סופרים מיקס 3 קג,קילוגרמים,3.00,"ק""ג",false,3,59.90,19.9667,true,1,346058
7290018516546,false,דליקט טונה פרמיו 56,,DE,דליקט טונה פרמיו 56 גר,גרמים,110.00,100 גרם,false,12,9.90,9.0000,true,1,346811
7290018516560,false,דליקט עוף וסרטנים פר,,DE,דליקט עוף וסרטנים פרמיו 56 גר,גרמים,110.00,100 גרם,false,12,9.90,9.0000,true,1,346812
7290018516577,false,דליקט עוף לחתלתול פר,,DE,דליקט עוף לחתלתול פרמיו 56 גר,גרמים,110.00,100 גרם,false,12,9.90,9.0000,true,1,346813
7290018516584,false,דליקט טונה לחתלתול פ,,DE,דליקט טונה לחתלתול פרמיו 56 גר,גרמים,110.00,100 גרם,false,12,9.90,9.0000,true,1,346814
7290018516591,false,מחית בשר עוף הורייזן,,DE,מחית בשר עוף הורייזן 90 גר,גרמים,110.00,100 גרם,false,10,9.90,9.0000,true,1,346815
7290018516607,false,מחית בשר טונה הורייז,,DE,מחית בשר טונה הורייזן 90 גר,גרמים,110.00,100 גרם,false,10,9.90,9.0000,true,1,346816
7290018516614,false,מחית בשר סלמון הוריי,,DE,מחית בשר סלמון הורייזן 90 גר,גרמים,110.00,100 גרם,false,10,9.90,9.0000,true,1,346817
7290018516621,false,מחית בשר דג זהבון הו,,DE,מחית בשר דג זהבון הורייזן 90 גר,גרמים,110.00,100 גרם,false,10,9.90,9.0000,true,1,346818
7290018516799,false,פרמיו פטה עוף וכבד ל,,,פרמיו פטה עוף וכבד לחתול בוגר 400גר,גרמים,400.00,100 גרם,false,12,5.90,1.4750,true,1,346827
7290018516836,false,סטרילייז סלמון לחתול,,,סטרילייז סלמון לחתול הוגר פרמיו 400גר,גרמים,400.00,100 גרם,false,12,5.90,1.4750,true,1,346829
7290018516874,false,פרמיו בקר ואורז פטה,,IT,פרמיו בקר ואורז פטה לכלב בוגר 400 גר,גרמים,400.00,100 גרם,false,12,5.90,1.4750,true,1,346821
7290018516942,false,פרמיו סופרים עופות ל,,,פרמיו סופרים עופות לכלב בוגר 3 קג,קילוגרמים,3.00,"ק""ג",false,3,49.90,16.6333,true,1,346798
7290018516966,false,פרמיו סופרים בקר לכל,,,פרמיו סופרים בקר לכלב בוגר 3 קג,קילוגרמים,3.00,"ק""ג",false,3,49.90,16.6333,true,1,346799
7290018556290,false,ערק אננס דודו 750 מל,,IL,ערק אננס דודו 750 מל,מיליליטרים,750.00,"100 מ""ל",false,12,65.00,8.6667,true,1,345061
7290018556818,false,ערק ענבים דודו 750,,IL,ערק ענבים דודו 750 מל,מיליליטרים,750.00,"100 מ""ל",false,12,65.00,8.6667,true,1,345059
7290018556832,false,ערק אשכוליות דודו 7,,IL,ערק אשכוליות דודו 750 מל,מיליליטרים,750.00,"100 מ""ל",false,12,65.00,8.6667,true,1,345057
7290018593011,false,בסגנון פטה שקדים עשב,,,בסגנון פטה שקדים עשבי תיבול 200גר פלנטי,גרמים,200.00,100 גרם,false,1,32.90,16.4500,true,1,335984
7290018593035,false,כמוצרלה קשיו 200 גרם,,,כמוצרלה קשיו 200 גרם פלנטי,גרמים,200.00,100 גרם,false,1,24.90,12.4500,true,1,336907
7290018593059,false,בסגנון פרמזן אגוזנו,,,בסגנון פרמזן אגוזנו 115גרם פלנטי,גרמים,115.00,100 גרם,false,1,23.90,20.7826,true,1,336905
7290018593066,false,אגוזנו עשבי תיבול 11,,,אגוזנו עשבי תיבול 115גרם פלנטי,גרמים,115.00,100 גרם,false,1,23.90,20.7826,true,1,336906
7290018593080,false,קשיו צדר 200גר פלנטי,,,קשיו צדר 200גר פלנטי,גרמים,200.00,100 גרם,false,1,25.90,12.9500,true,1,338797
7290018593097,false,גבנצ קשיו 200גר פלנט,,,גבנצ קשיו 200גר פלנטי,גרמים,200.00,100 גרם,false,1,23.90,11.9500,true,1,338796
7290018593110,false,רביולי גבינות גב.שקד,,,רביולי גבינות גב.שקדים וקשיו 400גר פלנט,גרמים,400.00,100 גרם,false,1,34.90,8.7250,true,1,338409
7290018593127,false,רביולי תרד גב. שקדים,,,רביולי תרד גב. שקדים וקשיו 400גר פלנט,גרמים,400.00,100 גרם,false,1,34.90,8.7250,true,1,338410
7290018593134,false,רביולי בטטה גב.שקדים,,,רביולי בטטה גב.שקדים וקשיו 400גר פלנט,גרמים,400.00,100 גרם,false,1,34.90,8.7250,true,1,338408
7290018593202,false,שיוגורט מעדן שקדים 1,,IL,שיוגורט מעדן שקדים 160גר פלנטי,גרמים,160.00,100 גרם,false,1,10.00,6.2500,true,1,346099
7290018593233,false,גבינאטס טבעי ממרח שק,,,גבינאטס טבעי ממרח שקדים בסגנון גב.לבנה,גרמים,240.00,100 גרם,false,1,18.90,7.8750,true,1,346097
7290018593240,false,גבינאטס זיתים ממרח ש,,,גבינאטס זיתים ממרח שקדים בסגנון גב.לבנה,גרמים,240.00,100 גרם,false,1,18.90,7.8750,true,1,346087
7290018593257,false,גבינאטס שום שמירממרח,,IL,גבינאטס שום שמירממרח שקדים סגנון גב.לבנה,גרמים,240.00,100 גרם,false,1,18.90,7.8750,true,1,346098
7290018593295,false,קשיו פסטו חצי קשה 20,,IL,קשיו פסטו חצי קשה 200גר פלנטי,גרמים,200.00,100 גרם,false,1,28.90,14.4500,true,1,347136
7290018593301,false,קשיו כמהין חצי קשה 2,,IL,קשיו כמהין חצי קשה 200גר פלנטי,גרמים,200.00,100 גרם,false,1,28.90,14.4500,true,1,347137
7290018593325,false,לאבנה שקדים 220 גרם,,IL,לאבנה שקדים 220 גרם פלנטי,גרמים,220.00,100 גרם,false,1,18.90,8.5909,true,1,347138
7290018641439,false,ערק אוק אנד אש אשכול,,,ערק אוק אנד אש אשכולית אדומה מוגז 330מל,מיליליטרים,330.00,"100 מ""ל",false,24,16.90,5.1212,true,1,345870
7290018641446,false,ערק אוק אנד אש לימונ,,,ערק אוק אנד אש לימונדה מוגז 330מל בק.פקד,מיליליטרים,330.00,"100 מ""ל",false,24,16.90,5.1212,true,1,345871
7290018652039,false,גלידה לה קרמריה קרמל,גלידות נסטלה,,גלידה לה קרמריה קרמל מלוח נוגט 1.4 ליטר,מיליליטרים,1400.00,"100 מ""ל",false,1,18.90,1.3500,true,1,337538
7290018652213,false,מאגדת קראנץ בר 6יח,גלידות נסטלה,,מאגדת קראנץ בר 6יח,יחידה,6.00,יחידה,false,1,19.90,3.3167,true,1,344168
7290018652657,false,מאגדת שלגון דיאט מנג,גלידות נסטלה,,מאגדת שלגון דיאט מנגו 6 יח,גרמים,312.00,100 גרם,false,1,29.90,9.5833,true,1,344167
7290018652671,false,גל. לה קרמריה שוקו ו,גלידות נסטלה,,גל. לה קרמריה שוקו וניל תו איל 1.4ליטר,מיליליטרים,1400.00,"100 מ""ל",false,1,18.90,1.3500,true,1,344162
7290018652688,false,גל. לה קרמריה טרופי,גלידות נסטלה,,גל. לה קרמריה טרופי ופירות אדומים 1.4ליט,מיליליטרים,1400.00,"100 מ""ל",false,1,18.90,1.3500,true,1,344163
7290018652886,false,מאגדת 8יח שוקו בננה,גלידות נסטלה,,מאגדת 8יח שוקו בננה שלגונים נסטלה,יחידה,8.00,יחידה,false,1,29.90,3.7375,true,1,346608
7290018652909,false,מאגדת פרוייקט סער אס,גלידות נסטלה,,מאגדת פרוייקט סער אספרסו שוקולד 5יח,יחידה,5.00,יחידה,false,1,32.90,6.5800,true,1,344169
7290018652923,false,מאגדת פרוייקט סער תו,גלידות נסטלה,,מאגדת פרוייקט סער תות עוגת גבינה 5יח,יחידה,5.00,יחידה,false,1,32.90,6.5800,true,1,344170
7290018654262,false,גלידת שוקולד בלגי 75,,,גלידת שוקולד בלגי 750מל חלבי רפאלו,גרמים,750.00,100 גרם,false,1,24.90,3.3200,true,1,336190
7290018654279,false,גלידת קפוצינו 750מל,,,גלידת קפוצינו 750מל חלבי רפאלו,גרמים,750.00,100 גרם,false,1,24.90,3.3200,true,1,336191
7290018654385,false,מארז וופל בלגי 10יח,,,מארז וופל בלגי 10יח 55 גרם,יחידה,10.00,יחידה,false,8,31.90,3.1900,true,1,336613
7290018654422,false,מיני צורוס 300גר,,,מיני צורוס 300גר,גרמים,300.00,100 גרם,false,13,19.90,6.6333,true,1,337219
7290018654477,false,מקלות צורוס אורגינל,,,מקלות צורוס אורגינל 300גר,גרמים,300.00,100 גרם,false,13,19.90,6.6333,true,1,337220
7290018677001,false,לחפ טואז עם חמניות ל,,,לחפ טואז עם חמניות ללא גלוטן 375 גר,גרמים,375.00,100 גרם,false,16,16.90,4.5067,true,1,343550
7290018677018,false,לחם מחמצת אורגני כוס,,,לחפ מחמצת אורגני כוסמין מלא נוטרה זן 375,גרמים,375.00,100 גרם,false,16,16.90,4.5067,true,1,343549
7290018677070,false,קרם קוקוס אורגני 330,,,קרם קוקוס אורגני 330מל טטרה פק 18%שומן,גרמים,330.00,100 גרם,false,1,10.90,3.3030,true,1,338504
7290018677131,false,גרנולה קראנצי אגוז ש,,,גרנולה קראנצי אגוז שקד ל.גלוטן סוכר300ג,גרמים,300.00,100 גרם,false,12,22.90,7.6333,true,1,339462
7290018677155,false,תערובת קמחים רב תכלי,,,תערובת קמחים רב תכליתי ל.ג 500גר פאניריה,גרמים,500.00,100 גרם,false,1,19.90,3.9800,true,1,338499
7290018677162,false,תערובת רב תכליתית ל.,,,תערובת רב תכליתית ל.ג. בסיס עמילן 500גר,גרמים,500.00,100 גרם,false,1,19.90,3.9800,true,1,338500
7290018681565,false,שעועית שחורה אורגנית,כרם תעשיות,IL,שעועית שחורה אורגנית כרם 500 גרם,גרמים,500.00,100 גרם,false,1,10.90,2.1800,true,1,337725
7290018681572,false,שעועית אדומה אורגנית,כרם תעשיות,IL,שעועית אדומה אורגנית כרם 500 גרם,גרמים,500.00,100 גרם,false,1,12.90,2.5800,true,1,337713
7290018681596,false,משקה כרם שבולת שועל,,IT,משקה כרם שבולת שועל אורגני 1 ליטר,ליטרים,1.00,ליטר,false,12,12.90,12.9000,true,1,348025
7290018681602,false,זרעי ציה אורגני כרם,,PE,זרעי ציה אורגני כרם 650 גרם,גרמים,650.00,100 גרם,false,6,29.90,4.6000,true,1,342546
7290018681619,false,זרעי ציה אורגני כרם,,PE,זרעי ציה אורגני כרם 300 גרם,גרמים,300.00,100 גרם,false,12,19.90,6.6333,true,1,342547
7290018681626,false,זרעי ציה לבנה כרם 30,,PE,זרעי ציה לבנה כרם 300 גרם,גרמים,300.00,100 גרם,false,12,19.90,6.6333,true,1,342548
7290018681640,false,אורז בסמטי כרם אורגנ,,IN,אורז בסמטי כרם אורגני 1 קג,קילוגרמים,1.00,"ק""ג",false,10,19.90,19.9000,true,1,345471
7290018681701,false,סירופ מייפל 100% טהו,,CA,סירופ מייפל 100% טהור כרם 1 ל,גרמים,1.00,100 גרם,false,12,79.90,7990.0000,true,1,342553
7290018681756,false,קמח 4 דגנים כרם 1 קג,עץ השדה,,קמח 4 דגנים כרם 1 קג,קילוגרמים,1.00,"ק""ג",false,1,13.90,13.9000,true,1,343338
7290018681763,false,גרנולה כרם שוקולד444,,IL,גרנולה כרם שוקולד444 גרם צנצנת,גרמים,444.00,100 גרם,false,12,19.90,4.4820,true,1,342556
7290018681770,false,גרנולה כרם שקדים 444,,IL,גרנולה כרם שקדים 444 גרם צנצנת,גרמים,444.00,100 גרם,false,12,19.90,4.4820,true,1,342557
7290018681787,false,גרנולה כרם עשירה 444,,IL,גרנולה כרם עשירה 444 גרם צנצנת,גרמים,444.00,100 גרם,false,12,19.90,4.4820,true,1,342558
7290018681930,false,פריכיות שבולת שועל ד,זן בר,IL,פריכיות שבולת שועל דקות כרם 100 גרם,גרמים,100.00,100 גרם,false,50,6.90,6.9000,true,1,346567
7290018681992,false,אגוזי מלך קליפורניה,כרם תעשיות,IL,אגוזי מלך קליפורניה כרם 450 גרפ שקית,גרמים,450.00,100 גרם,false,12,21.90,4.8667,true,1,344618
7290018720011,false,ביסקויט קרנבל חיות מ,,IL,ביסקויט קרנבל חיות מעדני המלך 250 ג,גרמים,250.00,100 גרם,false,12,6.90,2.7600,true,1,338403
7290018720028,false,ביסקויט קרנבל אותיות,,IL,ביסקויט קרנבל אותיות מעדני המלך 250 ג,גרמים,250.00,100 גרם,false,12,6.90,2.7600,true,1,338404
7290018720059,false,פירורי לחם פנקו מוזה,מאפית י.את א. ברמן ב,IL,פירורי לחם פנקו מוזהב 250 גרם,גרמים,250.00,100 גרם,false,12,7.90,3.1600,true,1,339048
7290018720103,false,ופל אפיפית ללא סוכר,גילרו,IL,ופל אפיפית ללא סוכר טעם שוקו 250 גרם,גרמים,250.00,100 גרם,false,1,8.90,3.5600,true,1,342337
7290018720110,false,עוגיות יאמי מילוי קר,,IL,עוגיות יאמי מילוי קרם אגוזים 150 גרם,גרמים,150.00,100 גרם,false,1,6.90,4.6000,true,1,342369
7290018720127,false,עוגיות יאמי מילוי קר,,IL,עוגיות יאמי מילוי קרם שמנת 150 גרם,גרמים,150.00,100 גרם,false,1,6.90,4.6000,true,1,342370
7290018720158,false,ערק אשכוליות 750 מל,,,ערק אשכוליות 750 מל,מיליליטרים,750.00,"100 מ""ל",false,12,75.00,10.0000,true,1,342004
7290018720189,false,ביסקויט קסטה מעדני ה,,IL,ביסקויט קסטה מעדני המלך 200 גרם,גרמים,200.00,100 גרם,false,12,5.50,2.7500,true,1,347181
7290018720219,false,פיצפוצי אורז ל.ס מעד,אשבל מזון פונקציונלי,IL,פיצפוצי אורז ל.ס מעדני המלך 250 גרם,גרמים,250.00,100 גרם,false,12,10.90,4.3600,true,1,347180
7290018720226,false,פיצפוצי אורז מעדני ה,אשבל מזון פונקציונלי,IL,פיצפוצי אורז מעדני המלך 250 גרם,גרמים,250.00,100 גרם,false,12,10.90,4.3600,true,1,347179
7290018724002,false,זרעי פשתן טחון נטורל,,,זרעי פשתן טחון נטורלה 300 גר,גרמים,300.00,100 גרם,false,16,12.90,4.3000,true,1,337605
7290018724538,false,פריכיות כוסמת עם ש.ש,,,פריכיות כוסמת עם שיבולת שועל145גר נטורלה,גרמים,145.00,100 גרם,false,12,10.90,7.5172,true,1,344746
7290018724606,false,סודה לשתיה ללא אלומי,,,סודה לשתיה ללא אלומיניום 350 גר,גרמים,350.00,100 גרם,false,24,14.90,4.2571,true,1,337601
7290018724620,false,זוג מאפי פאי סויה טב,,,זוג מאפי פאי סויה טבעוני נטורלה 460גר,גרמים,460.00,100 גרם,false,1,38.90,8.4565,true,1,345927
7290018724637,false,זוג מאפי פאי שווארמה,,,זוג מאפי פאי שווארמה טבעוני נטורלה 460גר,גרמים,460.00,100 גרם,false,1,38.90,8.4565,true,1,345928
7290018724644,false,מאפה בורקיטס פילו תח,,,מאפה בורקיטס פילו תחליף גב. טבעוני 400גר,גרמים,400.00,100 גרם,false,1,28.90,7.2250,true,1,345929
7290018724651,false,מאפה בורקיטס פילו ת.,,,מאפה בורקיטס פילו ת. גב זית טבעוני 400גר,גרמים,400.00,100 גרם,false,1,28.90,7.2250,true,1,345930
7290018724668,false,שווארמה סויה טבעונית,,,שווארמה סויה טבעונית 400גר,גרמים,400.00,100 גרם,false,1,19.90,4.9750,true,1,345931
7290018724873,false,סובין חיטה נטורלה 15,,,סובין חיטה נטורלה 150 גר,גרמים,150.00,100 גרם,false,16,7.90,5.2667,true,1,337604
7290018724880,false,סובין שיבולת שועל נט,,,סובין שיבולת שועל נטורלה 300 גר,גרמים,300.00,100 גרם,false,16,18.90,6.3000,true,1,337603
7290018724897,false,פירורי לחם נטורלה לל,,,פירורי לחם נטורלה ללא גלוטן 300 גר,גרמים,300.00,100 גרם,false,12,14.90,4.9667,true,1,337602
7290018752364,false,שיבולת משפחה 1 קג לל,מנדל,,שיבולת משפחה 1 קג ללא סוכר השקד,קילוגרמים,1.00,"ק""ג",false,12,26.90,26.9000,true,1,343556
7290018752708,false,מארז שוקולתמר במילוי,,,מארז שוקולתמר במילוי חמאת שקדים 120ג,גרמים,120.00,100 גרם,false,12,14.90,12.4167,true,1,343557
7290018752715,false,מארז שוקולתמר במילוי,,,מארז שוקולתמר במילוי חמאת אגוזים 120ג,גרמים,120.00,100 גרם,false,12,14.90,12.4167,true,1,343558
7290018752722,false,מארז שוקולתמר במילוי,,,מארז שוקולתמר במילוי חמאת בוטנים 120ג,גרמים,120.00,100 גרם,false,12,14.90,12.4167,true,1,343559
7290018752739,false,מארז שוקולתמר במילוי,,,מארז שוקולתמר במילוי חמאת קוקוס 120ג,גרמים,120.00,100 גרם,false,12,14.90,12.4167,true,1,343560
7290018752746,false,מארז שוקולתמר במילוי,,,מארז שוקולתמר במילוי חמאת שומשום 120ג,גרמים,120.00,100 גרם,false,12,14.90,12.4167,true,1,343561
7290018752753,false,מארז שוקולתמר נטו 12,,,מארז שוקולתמר נטו 120 גר,גרמים,120.00,100 גרם,false,12,14.90,12.4167,true,1,343562
7290018777268,false,חטיף חלבון טבעוני בנ,,,חטיף חלבון טבעוני בננה קקאו 50גר,Unknown,0.00,Unknown,false,1,11.90,0.0000,true,1,347355
7290018792841,false,קקאו גאנה 100% טבעי,,GH,קקאו גאנה 100% טבעי דל שומן 150 גרם,גרמים,150.00,100 גרם,false,18,10.00,6.6667,true,1,345413
7290018792858,false,קקאו גאנה 100% טבעי,,GH,קקאו גאנה 100% טבעי דל שומן 500 גרם,גרמים,500.00,100 גרם,false,12,27.90,5.5800,true,1,345414
7290018835005,false,ציפס אורז חום מלח פל,,BG,ציפס אורז חום מלח פלפל שמן זית 60 גרם,Unknown,0.00,Unknown,false,24,6.90,0.0000,true,1,345965
7290018860984,false,אטריות נודלס דקות 40,Xiamen zhongshi impo,CN,אטריות נודלס דקות 400 גרם,גרמים,400.00,100 גרם,false,30,9.90,2.4750,true,1,346785
7290018860991,false,אטריות נודלס רחבות 4,Xiamen zhongshi impo,CN,אטריות נודלס רחבות 400 גרם,גרמים,400.00,100 גרם,false,30,9.90,2.4750,true,1,346786
7290018867099,false,יין אפוד הילה אדום 7,,,יין אפוד הילה אדום 750 מל,מיליליטרים,750.00,"100 מ""ל",false,6,60.00,8.0000,true,1,345075
7290018867112,false,יין אפוד הילה לסן 75,,,יין אפוד הילה לסן 750 מל,מיליליטרים,750.00,"100 מ""ל",false,6,65.00,8.6667,true,1,345076
7290018867242,false,יין אפוד הילה אדום ק,,,יין אפוד הילה אדום קברנה מרלו 750 מלמל,מיליליטרים,750.00,"100 מ""ל",false,6,60.00,8.0000,true,1,346915
7290018874004,false,יין הרי גליל יראון א,יקבי רמת הגולן,,יין הרי גליל יראון אדום 750 מל,מיליליטרים,750.00,"100 מ""ל",false,1,120.00,16.0000,true,1,345816
7290018878170,false,זוג שוקולד אגו 60% מ,כרמית תעשיות ממתקים,IL,זוג שוקולד אגו 60% מריר 100 גם,גרמים,200.00,100 גרם,false,24,10.90,5.4500,true,1,345974
7290018878798,false,מטבעות שוקולד צבעוני,כרמית,IL,מטבעות שוקולד צבעוני ברשת 36 גרם,Unknown,0.00,Unknown,false,35,3.90,0.0000,true,1,347407
7290018879658,false,שוקולד ציפס 45% קקאו,כרמית,,שוקולד ציפס 45% קקאו 250גר כרמית,גרמים,250.00,100 גרם,false,1,11.90,4.7600,true,1,344007
7290018879825,false,מטבעות שוקולד לבן בר,כרמית,IL,מטבעות שוקולד לבן ברשת 36 גרם,Unknown,0.00,Unknown,false,35,3.90,0.0000,true,1,347406
7290018879979,false,מרשמלו לבן טעם וניל,כרמית,,מרשמלו לבן טעם וניל כרמית 150 ג,גרמים,150.00,100 גרם,false,1,6.00,4.0000,true,1,345025
7290018893005,true,בייגלה צוקטה שטוח חר,,RO,בייגלה צוקטה שטוח חרדל ודבש 160 גרם,גרמים,160.00,100 גרם,false,12,6.90,4.3125,true,1,342203
7290018893098,false,ביסקויט צוקטה חצי מצ,,BE,ביסקויט צוקטה חצי מצופה שוקולד חלב 100 ג,גרמים,100.00,100 גרם,false,12,10.90,10.9000,true,1,344289
7290018893104,false,ביסקויט צוקטה חצי מצ,,BE,ביסקויט צוקטה חצי מצופה שוקולד מריר100 ג,גרמים,100.00,100 גרם,false,12,10.90,10.9000,true,1,344290
7290018893111,false,שוקולד צוקטה בלגי 70,נטרה,BE,שוקולד צוקטה בלגי 70% מריר 100 גרם,גרמים,100.00,100 גרם,false,28,8.90,8.9000,true,1,344292
7290018893128,false,שוקולד צוקטה בלגי 34,נטרה,BE,שוקולד צוקטה בלגי 34% חלב 100 גרם,גרמים,100.00,100 גרם,false,28,8.90,8.9000,true,1,344293
7290018893258,false,עוגה אישית צוקטה קרמ,פרדי קונדיטוריה אס.פ,IT,עוגה אישית צוקטה קרמל 10 יח 300 גר,גרמים,300.00,100 גרם,false,12,12.90,4.3000,true,1,339380
7290018893296,false,עוגיות צוקטה מיני מצ,,BE,עוגיות צוקטה מיני מצופות 100 גרם,גרמים,100.00,100 גרם,false,12,9.90,9.9000,true,1,344288
7290018893319,false,שוקולד צוקטה בלגי 85,נטרה,BE,שוקולד צוקטה בלגי 85% מריר 100 גרם,גרמים,100.00,100 גרם,false,28,8.90,8.9000,true,1,344291
7290018893456,false,עוגה אישית צוקטה חלב,פרדי קונדיטוריה אס.פ,IT,עוגה אישית צוקטה חלב 10 יח 300 גר,גרמים,300.00,100 גרם,false,12,12.90,4.3000,true,1,339379
7290018893487,false,עוגה אישית קוקוס צוק,אס.פי.אס,,עוגה אישית קוקוס צוקטה 10 יח 300 גר,גרמים,300.00,100 גרם,false,1,12.90,4.3000,true,1,342049
7290018893494,false,עלי וופל דקים צוקטה,,BE,עלי וופל דקים צוקטה טעם חמאה 100 גרם,גרמים,100.00,100 גרם,false,12,9.90,9.9000,true,1,342050
7290018893517,true,בייגלה צוקטה שטוח מצ,,RO,בייגלה צוקטה שטוח מצופה שוקולד מריר80גר,Unknown,0.00,Unknown,false,16,6.90,0.0000,true,1,344004
7290018893654,true,בייגלה צוקטה שטוח עם,,RO,בייגלה צוקטה שטוח עם מלח 200 גרם,גרמים,200.00,100 גרם,false,12,6.90,3.4500,true,1,342047
7290018893715,true,בייגלה צוקטה שטוח מצ,,RO,בייגלה צוקטה שטוח מצופה שוקולד חלב80גר,Unknown,0.00,Unknown,false,16,6.90,0.0000,true,1,344003
7290018893807,false,מארז3יח שוקולד צוקטה,אייבר קקאו,,מארז3יח שוקולד צוקטה 60% מריר 100 גרם,גרמים,300.00,100 גרם,false,1,11.90,3.9667,true,1,342045
7290018893852,true,בייגלה צוקטה שטוח עם,,RO,בייגלה צוקטה שטוח עם שומשום 200 גרם,גרמים,200.00,100 גרם,false,12,6.90,3.4500,true,1,342046
7290018893876,false,עוגה אישית צוקטה וני,פרדי קונדיטוריה אס.פ,IT,עוגה אישית צוקטה וניל 10 יח 200 גר,גרמים,200.00,100 גרם,false,16,12.90,6.4500,true,1,339381
7290018894002,false,ופל בלקוני קוביות קר,בלקוני,IT,ופל בלקוני קוביות קרם קקאו 250 גרם,גרמים,250.00,100 גרם,false,12,11.90,4.7600,true,1,344301
7290018894408,false,ופל בלקוני קוביות קר,בלקוני,IT,ופל בלקוני קוביות קרם אגוזי לוז 250 גרם,גרמים,250.00,100 גרם,false,12,11.90,4.7600,true,1,344299
7290018894606,false,ופל בלקוני קרם קקאו,בלקוני,IT,ופל בלקוני קרם קקאו 175 גרם,גרמים,175.00,100 גרם,false,12,7.90,4.5143,true,1,344297
7290018894804,false,ופל בלקוני קרם אגוזי,בלקוני,IT,ופל בלקוני קרם אגוזי לוז 175 גרם,גרמים,175.00,100 גרם,false,12,7.90,4.5143,true,1,344298
7290018921029,false,מארז 4יח מגבוני קמיל,פישר תעשיות,,מארז 4יח מגבוני קמיל בלו סנסטיב 64יח,יחידה,256.00,יחידה,false,1,21.90,0.0855,true,1,341585
7290018921067,false,תחליב רחצה אפקטיב קר,פישר תעשיות,IL,תחליב רחצה אפקטיב קר מועשר ש.שקד 700מל,מיליליטרים,700.00,"100 מ""ל",false,12,12.90,1.8429,true,1,343518
7290018921166,false,אל סבון היגיני קלין,פישר תעשיות,IL,אל סבון היגיני קלין אנד נוריש אצות ים 1ל,ליטרים,1.00,ליטר,false,8,13.90,13.9000,true,1,341588
7290018921203,false,משחת החתלה קמיל בלו,פישר תעשיות,,משחת החתלה קמיל בלו קמומיל 120גר,גרמים,120.00,100 גרם,false,12,15.90,13.2500,true,1,346646
7290018921265,false,תחליב רחצה אפקטיב קר,פישר תעשיות,IL,תחליב רחצה אפקטיב קר מועשר אלוורה 700מל,מיליליטרים,700.00,"100 מ""ל",false,12,12.90,1.8429,true,1,343519
7290018921449,false,מארז 4יח מגבוני קמיל,פישר תעשיות,,מארז 4יח מגבוני קמיל בלו תפרחת 56יח,יחידה,224.00,יחידה,false,1,24.90,0.1112,true,1,341587
7290018921456,false,תחליב רחצה אפקטיב קר,פישר תעשיות,IL,תחליב רחצה אפקטיב קר מועשר בשמן כותנה700,מיליליטרים,700.00,"100 מ""ל",false,12,12.90,1.8429,true,1,343515
7290018921609,false,משחת החתלה קמיל בלו,פישר תעשיות,,משחת החתלה קמיל בלו קלנודולה 120גר,גרמים,120.00,100 גרם,false,12,15.90,13.2500,true,1,346648
7290018921616,false,מארז 4יח מגבוני שיבו,פישר תעשיות,,מארז 4יח מגבוני שיבולת שועל 64יח,יחידה,256.00,יחידה,false,1,22.90,0.0895,true,1,341586
7290018921807,false,משחת החתלה קמיל בלו,פישר תעשיות,,משחת החתלה קמיל בלו צמחי מרפא 120גר,גרמים,120.00,100 גרם,false,12,15.90,13.2500,true,1,346647
7290018921852,false,תחליב רחצה אפקטיב קר,פישר תעשיות,IL,תחליב רחצה אפקטיב קר מועשר ש.ארגן 700מל,מיליליטרים,700.00,"100 מ""ל",false,12,12.90,1.8429,true,1,343517
7290018925003,false,מיץ תפוח דובדבן 750מ,פרימור,IL,מיץ תפוח דובדבן 750מל פרימור,מיליליטרים,750.00,"100 מ""ל",false,6,12.90,1.7200,true,1,345152
7290018925041,false,מיץ תפוח רימון סלק 7,פרימור,IL,מיץ תפוח רימון סלק 750מל פרימור,מיליליטרים,750.00,"100 מ""ל",false,6,12.90,1.7200,true,1,345154
7290018925058,false,מיץ תפוח חמוציות 750,פרימור,IL,מיץ תפוח חמוציות 750מל פרימור,מיליליטרים,750.00,"100 מ""ל",false,6,12.90,1.7200,true,1,345153
7290018925065,false,משקה פרימור תפוזים ס,פרימור,IL,משקה פרימור תפוזים סחוט 2ליטר פקדון,ליטרים,2.00,ליטר,false,4,26.90,13.4500,true,1,343237
7290018925072,false,משקה פרימור לימונים,פרימור,IL,משקה פרימור לימונים ונענע 2ליטר פקדון,ליטרים,2.00,ליטר,false,4,26.90,13.4500,true,1,343236
7290018925089,false,משקה פרימור תפוחים צ,פרימור,IL,משקה פרימור תפוחים צלול 2ליטר פקדון,ליטרים,2.00,ליטר,false,4,26.90,13.4500,true,1,343238
7290018949009,false,משקה קל גרופר תפוזזה,,,משקה קל גרופר תפוזזה אורגני 330מל,מיליליטרים,330.00,"100 מ""ל",false,12,8.90,2.6970,true,1,345891
7290018949016,false,משקה קל גרופר תפוחחה,,,משקה קל גרופר תפוחחה אורגני 330מל,מיליליטרים,330.00,"100 מ""ל",false,12,8.90,2.6970,true,1,345892
7290018949023,false,משקה קל גרופר לימונד,,,משקה קל גרופר לימונדה אורגני 330מל,מיליליטרים,330.00,"100 מ""ל",false,12,8.90,2.6970,true,1,345890
7290018972106,false,כרובית קפואה מצופה 5,,,כרובית קפואה מצופה 500 גר,גרמים,500.00,100 גרם,false,12,29.90,5.9800,true,1,346272
7290018972113,false,ברוקולי קפוא מצופה 5,,,ברוקולי קפוא מצופה 500 גר,גרמים,500.00,100 גרם,false,12,29.90,5.9800,true,1,346273
7290018972120,false,נאגטס ברוקולי קפוא מ,,,נאגטס ברוקולי קפוא מצופה 500 גר,גרמים,500.00,100 גרם,false,12,29.90,5.9800,true,1,346274
7290018972168,false,נאגטס כרובית קפואה מ,,,נאגטס כרובית קפואה מצופה 500 גר,גרמים,500.00,100 גרם,false,12,29.90,5.9800,true,1,346275
7290018989081,false,חומוס יכין להכנת חומ,זנלכל,IL,חומוס יכין להכנת חומוס ביתי טרי 410 גרם,גרמים,410.00,100 גרם,false,12,7.90,1.9268,true,1,347517
7290018989128,false,סירופ יכין בטעם ענבי,זנלכל,IL,סירופ יכין בטעם ענבים 1 ליטר,ליטרים,1.00,ליטר,false,12,19.90,19.9000,true,1,347516
7290018989135,false,סירופ יכין בטעם פטל,זנלכל,IL,סירופ יכין בטעם פטל 1 ליטר,ליטרים,1.00,ליטר,false,12,19.90,19.9000,true,1,347515
7290019015017,false,נר ריחני מראה,,,נר ריחני מראה,יחידה,1.00,יחידה,false,1,34.90,34.9000,true,1,344562
7290019015154,false,מבשם אווירה בוהו פרח,,,מבשם אווירה בוהו פרחים לבנים,יחידה,1.00,יחידה,false,1,29.90,29.9000,true,1,344560
7290019015185,false,מטהר דפיוזר בוהו,,,מטהר דפיוזר בוהו,יחידה,1.00,יחידה,false,1,49.90,49.9000,true,1,344561
7290019015215,false,דפיוזר ווד מוד 50מל,,,דפיוזר ווד מוד 50מל,יחידה,1.00,יחידה,false,1,39.90,39.9000,true,1,344553
7290019015697,false,רצועת רחצה מסיבים מס,,,רצועת רחצה מסיבים מסולסלים,יחידה,1.00,יחידה,false,1,14.90,14.9000,true,1,346959
7290019015703,false,כפפת רחצה הידרופילית,,,כפפת רחצה הידרופילית 17/11/1.6סמ,יחידה,1.00,יחידה,false,1,19.90,19.9000,true,1,346962
7290019015710,false,מטלית רחצה מסיבים מס,,,מטלית רחצה מסיבים מסולסלים/הידרופילית,יחידה,1.00,יחידה,false,1,19.90,19.9000,true,1,346960
7290019015741,false,מברשת רחצה דו צדדית,,,מברשת רחצה דו צדדית 38/10/10סמ,יחידה,1.00,יחידה,false,1,29.90,29.9000,true,1,346961
7290019056027,false,שוופס מוגז פירות תפו,יפאורה,,שוופס מוגז פירות תפוחים ל.סוכר1.5ל פקדון,ליטרים,1.50,ליטר,false,1,8.90,5.9333,true,1,343120
7290019056034,false,שוופס מוגז פירות אננ,יפאורה,,שוופס מוגז פירות אננס ל.סוכר 1.5ל פקדון,ליטרים,1.50,ליטר,false,1,8.90,5.9333,true,1,343121
7290019056041,false,שוופס מוגז פירות לימ,יפאורה,,שוופס מוגז פירות לימוני ל.סוכר1.5ל פקדון,ליטרים,1.50,ליטר,false,1,8.90,5.9333,true,1,343122
7290019056058,false,משקה שוופס מוגז עדין,יפאורה,,משקה שוופס מוגז עדין תפוח ליים1.5ל פקדון,ליטרים,1.50,ליטר,false,1,8.90,5.9333,true,1,343102
7290019056065,false,משקה שוופס מוגז עדין,יפאורה,,משקה שוופס מוגז עדין פ. יער 1.5ל פקדון,ליטרים,1.50,ליטר,false,1,8.90,5.9333,true,1,343103
7290019056072,false,משקה שוופס מוגז עדין,יפאורה,,משקה שוופס מוגז עדין אננס 1.5ל פקדון,ליטרים,1.50,ליטר,false,1,8.90,5.9333,true,1,343104
7290019056089,false,משקה שוופס מוגז עדין,יפאורה,,משקה שוופס מוגז עדין ע.ריזלינג1.5ל פקדון,ליטרים,1.50,ליטר,false,1,8.90,5.9333,true,1,343105
7290019056096,false,משקה שוופס מוגז עדין,יפאורה,,משקה שוופס מוגז עדין אפרסק 1.5ל פקדון,ליטרים,1.50,ליטר,false,1,8.90,5.9333,true,1,343106
7290019056164,false,מארז 4יח סודה שוופס,,,מארז 4יח סודה שוופס 1.5ליטר בק.פקדון,ליטרים,6.00,ליטר,false,1,12.20,2.0333,true,1,343108
7290019056171,false,מארז 4יח סודה לימון,,,מארז 4יח סודה לימון שוופס 1.5ל בק.פקדון,ליטרים,6.00,ליטר,false,1,12.20,2.0333,true,1,343109
7290019056188,false,מארז 4יח סודה נענע ל,,,מארז 4יח סודה נענע ליים 1.5ל בק.פקדון,ליטרים,6.00,ליטר,false,1,12.20,2.0333,true,1,343110
7290019056195,false,מארז 4יח סודה למון ג,,,מארז 4יח סודה למון גראס גינגר 1.5ל פקדון,ליטרים,6.00,ליטר,false,1,12.20,2.0333,true,1,343111
7290019056201,false,מארז 4יח סודה פירות,,,מארז 4יח סודה פירות יער שוופס 1.5ל פקדון,ליטרים,6.00,ליטר,false,1,12.20,2.0333,true,1,343112
7290019056232,false,משקה שוופס מוגז עדין,יפאורה,,משקה שוופס מוגז עדין מוחיטו 1.5ל פקדון,ליטרים,1.50,ליטר,false,1,9.90,6.6000,true,1,343107
7290019056249,false,שוופס מים בטעם ענבים,יפאורה,,שוופס מים בטעם ענבים 1.5ליטר בק.פקדון,ליטרים,1.50,ליטר,false,1,7.90,5.2667,true,1,343084
7290019056256,false,שוופס מים בטעם תפוחי,יפאורה,,שוופס מים בטעם תפוחים 1.5ליטר בק.פקדון,ליטרים,1.50,ליטר,false,1,7.90,5.2667,true,1,343085
7290019056263,false,שוופס מים בטעם אפרסק,יפאורה,,שוופס מים בטעם אפרסק 1.5ליטר בק.פקדון,ליטרים,1.50,ליטר,false,1,7.90,5.2667,true,1,343086
7290019056270,false,שוופס מים בטעם פ.יער,יפאורה,,שוופס מים בטעם פ.יער 1.5ליטר בק.פקדון,ליטרים,1.50,ליטר,false,1,7.90,5.2667,true,1,343087
7290019056287,false,שוופס מים בטעם אפרסק,יפאורה,,שוופס מים בטעם אפרסק ללא סוכר 1.5ל פקדון,ליטרים,1.50,ליטר,false,1,7.90,5.2667,true,1,343088
7290019056294,false,משקה שוופס גינגר איל,יפאורה,,משקה שוופס גינגר איל 1.5 ליטר בק.פקדון,ליטרים,1.50,ליטר,false,1,12.90,8.6000,true,1,343094
7290019056300,false,משקה שוופס ביטר למון,יפאורה,,משקה שוופס ביטר למון 1.5ליטר בק.פקדון,ליטרים,1.50,ליטר,false,1,12.90,8.6000,true,1,343095
7290019056317,false,משקה שוופס ראשן 1.5,יפאורה,,משקה שוופס ראשן 1.5 ליטר בק.פקדון,ליטרים,1.50,ליטר,false,1,12.90,8.6000,true,1,343096
7290019056324,false,משקה שוופס טוניק 1.5,יפאורה,,משקה שוופס טוניק 1.5 ליטר בק.פקדון,ליטרים,1.50,ליטר,false,1,12.90,8.6000,true,1,343097
7290019056331,false,משקה שוופס טוניק ללא,יפאורה,,משקה שוופס טוניק ללא סוכר 1.5ל בק.פקדון,ליטרים,1.50,ליטר,false,1,11.90,7.9333,true,1,343098
7290019056355,false,משקה קל תפוזינה לימו,יפאורה,IL,משקה קל תפוזינה לימונענע 1.5ל בק.פקדון,ליטרים,1.50,ליטר,false,1,8.90,5.9333,true,1,343067
7290019056362,false,משקה קל תפוזינה ענבי,יפאורה,IL,משקה קל תפוזינה ענבים 1.5ליטר בק.פקדון,ליטרים,1.50,ליטר,false,1,8.90,5.9333,true,1,343069
7290019056379,false,משקה קל תפוזינה תפוז,יפאורה,IL,משקה קל תפוזינה תפוזים 1.5ליטר בק.פקדון,ליטרים,1.50,ליטר,false,1,8.90,5.9333,true,1,343070
7290019056386,false,משקה קל תפוזינה אשכו,יפאורה,IL,משקה קל תפוזינה אשכוליות1.5ליטר בק.פקדון,ליטרים,1.50,ליטר,false,1,8.90,5.9333,true,1,343071
7290019056393,false,משקה קל תפוזינה תות,יפאורה,IL,משקה קל תפוזינה תות בננה1.5ליטר בק.פקדון,ליטרים,1.50,ליטר,false,1,8.90,5.9333,true,1,343072
7290019056409,false,משקה קל תפוזינה מנגו,יפאורה,IL,משקה קל תפוזינה מנגו 1.5ליטר בק.פקדון,ליטרים,1.50,ליטר,false,1,8.90,5.9333,true,1,343073
7290019056416,false,משקה קל תפוזינה לימו,יפאורה,IL,משקה קל תפוזינה לימונדה ורודה 1.5ל פקדון,ליטרים,1.50,ליטר,false,1,8.90,5.9333,true,1,343074
7290019056423,false,משקה קל תפוזינה תפוח,יפאורה,IL,משקה קל תפוזינה תפוחים 1.5ליטר בק. פקדון,ליטרים,1.50,ליטר,false,1,8.90,5.9333,true,1,343075
7290019056430,false,משקה קל תפוזינה תפוז,יפאורה,IL,משקה קל תפוזינה תפוזים דיאט 1.5ל פקדון,ליטרים,1.50,ליטר,false,1,8.50,5.6667,true,1,343076
7290019056447,false,משקה תפוזינה אשכולית,יפאורה,IL,משקה תפוזינה אשכולית דיאט 1.5ל פקדון,ליטרים,1.50,ליטר,false,1,8.50,5.6667,true,1,343077
7290019056478,false,משקה ספרינג תה אפרסק,יפאורה,,משקה ספרינג תה אפרסק 1.5ליטר בק.פקדון,ליטרים,1.50,ליטר,false,1,7.90,5.2667,true,1,343080
7290019056485,false,משקה ספרינג תה ירוק,יפאורה,,משקה ספרינג תה ירוק 1.5ליטר בק.פקדון,ליטרים,1.50,ליטר,false,1,7.90,5.2667,true,1,343081
7290019056492,false,משקה ספרינג תה מנגו,יפאורה,,משקה ספרינג תה מנגו אפרסק 1.5ל בק.פקדון,ליטרים,1.50,ליטר,false,1,7.90,5.2667,true,1,343082
7290019056508,false,פרוט וואטר טעם ענבים,יפאורה,,פרוט וואטר טעם ענבים 1.5ליטר בק.פקדון,ליטרים,1.50,ליטר,false,1,8.90,5.9333,true,1,343089
7290019056515,false,פרוט וואטר טעם אננס,יפאורה,,פרוט וואטר טעם אננס 1.5ליטר בק.פקדון,ליטרים,1.50,ליטר,false,1,8.90,5.9333,true,1,343090
7290019056522,false,פרוט וואטר טעם תות 1,יפאורה,,פרוט וואטר טעם תות 1.5ליטר בק.פקדון,ליטרים,1.50,ליטר,false,1,8.90,5.9333,true,1,343091
7290019056539,false,פרוט וואטר טעם אפרסק,יפאורה,,פרוט וואטר טעם אפרסק 1.5ליטר בק.פקדון,ליטרים,1.50,ליטר,false,1,8.90,5.9333,true,1,343092
7290019056546,false,פרוט וואטר טעם אבטיח,יפאורה,,פרוט וואטר טעם אבטיח 1.5ליטר בק.פקדון,ליטרים,1.50,ליטר,false,1,8.90,5.9333,true,1,343093
7290019056553,false,שישיית מים עין גדי 2,,,שישיית מים עין גדי 2 ליטר בק.פקדון,ליטרים,12.00,ליטר,false,1,13.80,1.1500,true,1,342907
7290019056577,false,משקה קל ספרינג מנגו,יפאורה,IL,משקה קל ספרינג מנגו 1.5 ליטר בק.פקדון,ליטרים,1.50,ליטר,false,1,8.90,5.9333,true,1,343056
7290019056584,false,משקה קל ספרינג תפוזי,יפאורה,IL,משקה קל ספרינג תפוזים 1.5 ליטר בק.פקדון,ליטרים,1.50,ליטר,false,1,8.90,5.9333,true,1,343057
7290019056591,false,משקה קל ספרינג ענבים,יפאורה,IL,משקה קל ספרינג ענבים 1.5 ליטר בק.פקדון,ליטרים,1.50,ליטר,false,1,8.90,5.9333,true,1,343058
7290019056607,false,משקה קל ספרינג תפוחי,יפאורה,IL,משקה קל ספרינג תפוחים 1.5 ליטר בק.פקדון,ליטרים,1.50,ליטר,false,1,8.90,5.9333,true,1,343059
7290019056614,false,משקה קל ספרינג אפרסק,יפאורה,IL,משקה קל ספרינג אפרסק 1.5 ליטר בק.פקדון,ליטרים,1.50,ליטר,false,1,8.90,5.9333,true,1,343060
7290019056621,false,משקה קל ספרינג פירות,יפאורה,IL,משקה קל ספרינג פירות טרופי 1.5ל בק.פקדון,ליטרים,1.50,ליטר,false,1,8.90,5.9333,true,1,343061
7290019056638,false,משקה קל ספרינג תות ב,יפאורה,IL,משקה קל ספרינג תות בננה 1.5ליטר בק.פקדון,ליטרים,1.50,ליטר,false,1,8.90,5.9333,true,1,343062
7290019056645,false,משקה קל ספרינג אגס ת,יפאורה,IL,משקה קל ספרינג אגס תפוח סברס 1.5ל פקדון,ליטרים,1.50,ליטר,false,1,8.90,5.9333,true,1,343063
7290019056652,false,משקה קל ספרינג אננס,יפאורה,IL,משקה קל ספרינג אננס בננה 1.5ליטר פקדון,ליטרים,1.50,ליטר,false,1,8.90,5.9333,true,1,343064
7290019056669,false,משקה קל ספרינג תפוחי,יפאורה,IL,משקה קל ספרינג תפוחים דיאט 1.5ליטר פקדון,ליטרים,1.50,ליטר,false,1,8.50,5.6667,true,1,343065
7290019056676,false,משקה קל ספרינג ד.אשכ,יפאורה,IL,משקה קל ספרינג ד.אשכולית אננס 1.5ל פקדון,ליטרים,1.50,ליטר,false,1,8.50,5.6667,true,1,343066
7290019056850,false,משקה ספרינג תה אפרסק,יפאורה,,משקה ספרינג תה אפרסק דיאט 1.5ל בק.פקדון,ליטרים,1.50,ליטר,false,1,7.90,5.2667,true,1,343083
7290019056942,false,מים עין גדי 2 ליטר ב,יפאורה,,מים עין גדי 2 ליטר בודד בק.פקדון,ליטרים,2.00,ליטר,false,1,4.80,2.4000,true,1,343788
7290019056966,false,מי עדן 1.5 ליטר בודד,,,מי עדן 1.5 ליטר בודד לא קר בק.פקדון,ליטרים,1.50,ליטר,false,1,4.20,2.8000,true,1,343814
7290019056973,false,מארז 6יח מי עדן 1.5ל,,,מארז 6יח מי עדן 1.5ליטר בק. פקדון,ליטרים,9.00,ליטר,false,1,14.70,1.6333,true,1,343123
7290019070214,false,רוטב צאטני תמר הינדי,,IN,רוטב צאטני תמר הינדי 450 גרם,גרמים,450.00,100 גרם,false,10,16.90,3.7556,true,1,345733
7290019074090,false,אל סבון קמיל בלו אקס,פישר תעשיות,IL,אל סבון קמיל בלו אקסטרה סופט 500מל,מיליליטרים,500.00,"100 מ""ל",false,12,22.90,4.5800,true,1,346991
7290019074885,false,קרם גוף קמיל בלו אקס,פישר תעשיות,IL,קרם גוף קמיל בלו אקסטרה סופט 500מל,מיליליטרים,500.00,"100 מ""ל",false,12,24.90,4.9800,true,1,346990
7290019075103,false,שמפו קמיל בלו אקסטרה,פישר תעשיות,IL,שמפו קמיל בלו אקסטרה סופט 1 ליטר,ליטרים,1.00,ליטר,false,16,32.90,32.9000,true,1,346993
7290019075899,false,אל סבון קמיל בלו אקס,פישר תעשיות,IL,אל סבון קמיל בלו אקסטרה סופט 1 ליטר,ליטרים,1.00,ליטר,false,16,32.90,32.9000,true,1,346994
7290019078791,false,דובדבני אמרנה אלמנדו,"אלמונדס בע""מ",IL,דובדבני אמרנה אלמנדוס 425 גרם,גרמים,425.00,100 גרם,false,12,39.90,9.3882,true,1,346347
7290019108009,false,מעדן טבעוני פומאז שק,,IL,מעדן טבעוני פומאז שקד שוקולד 120גר,גרמים,120.00,100 גרם,false,8,10.90,9.0833,true,1,344234
7290019108023,false,מעדן טבעוני פו מוס 1,,IL,מעדן טבעוני פו מוס 120 גרם,גרמים,120.00,100 גרם,false,8,10.90,9.0833,true,1,343258
7290019108207,false,מעדן טבעוני פומאז שו,,IL,מעדן טבעוני פומאז שוקולד לבן ושקדים 120ג,גרמים,120.00,100 גרם,false,8,10.90,9.0833,true,1,347582
7290019108429,false,מעדן טבעוני פומאז יו,,IL,מעדן טבעוני פומאז יוגורט שקדים 120גר,גרמים,120.00,100 גרם,false,8,10.90,9.0833,true,1,344232
7290019108610,false,מעדן טבעוני פומאז שו,,IL,מעדן טבעוני פומאז שוקולד דובדני אמרנה120,גרמים,120.00,100 גרם,false,8,10.90,9.0833,true,1,344233
7290019108801,false,מעדן טבעוני פומאז מע,,IL,מעדן טבעוני פומאז מעדן תות 120גר,גרמים,120.00,100 גרם,false,8,10.90,9.0833,true,1,343975
7290019137030,false,חליטת למון גראס אורג,,LK,חליטת למון גראס אורגנית 25 שקיקים25 שק,יחידה,25.00,יחידה,false,12,12.90,0.5160,true,1,345195
7290019137177,false,ניוקי תפוא אורגני ל,,,ניוקי תפוא אורגני ללא גלוטן 350 גר,גרמים,350.00,100 גרם,false,14,10.90,3.1143,true,1,347119
7290019137184,false,ניוקי תפוחי אדמה אור,,,ניוקי תפוחי אדמה אורגני 350 גר,גרמים,350.00,100 גרם,false,14,10.90,3.1143,true,1,347115
7290019137191,false,ניוקי תפוא אורגני עם,,,ניוקי תפוא אורגני עם קמח כוסמין ותרד 350,גרמים,350.00,100 גרם,false,14,10.90,3.1143,true,1,347117
7290019137207,false,ניוקי תפוא אורגני ע,,,ניוקי תפוא אורגני עם ותרד 350,גרמים,350.00,100 גרם,false,14,10.90,3.1143,true,1,347118
7290019153078,false,משקה שוופס ביטר למון,יפאורה,,משקה שוופס ביטר למון לייט 1.5ל בק.פקדון,ליטרים,1.50,ליטר,false,1,11.90,7.9333,true,1,343694
7290019153085,false,משקה שוופס מוחיטו לל,יפאורה,,משקה שוופס מוחיטו ללא סוכר 1.5ליטר,ליטרים,1.50,ליטר,false,1,8.90,5.9333,true,1,343978
7290019153221,false,סודה שוופס 500מל טעם,יפאורה,,סודה שוופס 500מל טעם אננס,מיליליטרים,500.00,"100 מ""ל",false,1,4.90,0.9800,true,1,345209
7290019153238,false,סודה שוופס 500מל טעם,יפאורה,,סודה שוופס 500מל טעם תפוח,מיליליטרים,500.00,"100 מ""ל",false,1,4.90,0.9800,true,1,345210
7290019153245,false,סודה שוופס 500מל טעם,יפאורה,,סודה שוופס 500מל טעם לימון,מיליליטרים,500.00,"100 מ""ל",false,1,4.90,0.9800,true,1,345211
7290019153252,false,מארז 4יח סודה שוופס,,,מארז 4יח סודה שוופס תפוח 1.5ל בק.פקדון,ליטרים,6.00,ליטר,false,1,12.20,2.0333,true,1,345205
7290019153269,false,מארז 4יח סודה שוופס,,,מארז 4יח סודה שוופס אננס 1.5ל בק.פקדון,ליטרים,6.00,ליטר,false,1,12.20,2.0333,true,1,345204
7290019153313,false,משקה תפוח חמוציות או,יפאורה,IL,משקה תפוח חמוציות אוכמניות 350מל,מיליליטרים,350.00,"100 מ""ל",false,1,7.90,2.2571,true,1,345448
7290019153344,false,משקה קל תפוזינה סנגר,יפאורה,IL,משקה קל תפוזינה סנגרייה 1.5ליטר בק.פקדון,ליטרים,1.50,ליטר,false,1,8.90,5.9333,true,1,345449
7290019153351,false,משקה קל תפוזינה פינק,יפאורה,IL,משקה קל תפוזינה פינק אוזו 1.5ל בק.פקדון,ליטרים,1.50,ליטר,false,1,8.90,5.9333,true,1,345450
7290019153375,false,משקה קל תפוזינה מוחי,יפאורה,IL,משקה קל תפוזינה מוחיטו 1.5ל בק.פקדון,ליטרים,1.50,ליטר,false,1,8.90,5.9333,true,1,345451
7290019153535,false,מארז 4יח שוופס מוגז,,,מארז 4יח שוופס מוגז פירות למונייד ל.סוכר,מיליליטרים,1320.00,"100 מ""ל",false,1,12.90,0.9773,true,1,346344
7290019153566,false,משקה קל ספרינג רימון,יפאורה,IL,משקה קל ספרינג רימון אוכמניות 1.5ל פקדון,ליטרים,1.50,ליטר,false,1,8.90,5.9333,true,1,346697
7290019167020,false,קינוח עוגת גבינה עם,,,קינוח עוגת גבינה עם פירות יער לייט 82גר,Unknown,0.00,Unknown,false,12,6.90,0.0000,true,1,347412
7290019167037,false,קינוח תותים בקצפת 82,,,קינוח תותים בקצפת 82גר עדן קינוחים,Unknown,0.00,Unknown,false,12,6.90,0.0000,true,1,347410
7290019167044,false,קינוח קצפת קרם בייגל,,,קינוח קצפת קרם בייגלה מתוק מלוח 82גר,Unknown,0.00,Unknown,false,12,6.90,0.0000,true,1,347411
7290019204008,false,פסטרמה ארבעה פלפלים,עוף טוב,IL,פסטרמה ארבעה פלפלים 350גר עוף טוב,גרמים,350.00,100 גרם,false,8,24.90,7.1143,true,1,346108
7290019204107,false,פסטרמה בטעם אווז 320,עוף טוב,IL,פסטרמה בטעם אווז 320גר עוף טוב,גרמים,320.00,100 גרם,false,8,24.90,7.7812,true,1,346109
7290019204206,false,פסטרמה בסגנון רומני,עוף טוב,IL,פסטרמה בסגנון רומני 320גר עוף טוב,גרמים,320.00,100 גרם,false,8,24.90,7.7812,true,1,346110
7290019204305,false,פסטרמה ברביקיו 350גר,עוף טוב,IL,פסטרמה ברביקיו 350גר עוף טוב,גרמים,350.00,100 גרם,false,8,24.90,7.1143,true,1,346107
7290019204404,false,נקניק קורנביף 220גר,עוף טוב,IL,נקניק קורנביף 220גר עוף טוב נתח שלם,גרמים,220.00,100 גרם,false,8,24.90,11.3182,true,1,346113
7290019232094,false,תה גן הקסום אפרסק 2.,תה ויסוצקי,,תה גן הקסום אפרסק 2.5 גר 25 שקיקים,יחידה,25.00,יחידה,false,1,18.90,0.7560,true,1,344935
7290019232353,false,תה ירוק סיני 1.5 ג 5,תה ויסוצקי,,תה ירוק סיני 1.5 ג 50 שקיקים,יחידה,50.00,יחידה,false,1,44.90,0.8980,true,1,346680
7290019232834,false,בייגלה פליפז קרם עוג,,,בייגלה פליפז קרם עוגיות 140 גרם,גרמים,140.00,100 גרם,false,1,8.90,6.3571,true,1,344936
7290019233008,false,רוטב זיתא לשקשוקה קו,,IT,רוטב זיתא לשקשוקה קוביות ארטישוק 420 גרם,גרמים,420.00,100 גרם,false,6,13.90,3.3095,true,1,345307
7290019233015,false,רוטב זיתא לשקשוקה יר,,IT,רוטב זיתא לשקשוקה ירוקה 420 גרם,גרמים,420.00,100 גרם,false,6,13.90,3.3095,true,1,345305
7290019233022,false,רוטב זיתא לשקשוקה קו,,IT,רוטב זיתא לשקשוקה קוביות חצילים 420 גרם,גרמים,420.00,100 גרם,false,6,13.90,3.3095,true,1,345306
7290019233039,false,רוטב זיתא לשקשוקה קו,,IT,רוטב זיתא לשקשוקה קוביות פלפל 420 גרם,גרמים,420.00,100 גרם,false,6,13.90,3.3095,true,1,345308
7290019233046,false,זית זיתא קלמטה בלונד,זיתא - י.ט.ב תעשיות,,זית זיתא קלמטה בלונד 215 גרם בגביע,גרמים,215.00,100 גרם,false,1,14.90,6.9302,true,1,343574
7290019297161,false,טורטיה טורטילס קמח ת,מוטלוקל,,טורטיה טורטילס קמח תירס 12 יח 450 גר,גרמים,450.00,100 גרם,false,1,10.90,2.4222,true,1,327981
7290019297239,false,צימוק חום 330 גר בקו,"דין שיווק וקלייה בע""",,צימוק חום 330 גר בקופסא,גרמים,330.00,100 גרם,false,1,13.90,4.2121,true,1,251336
7290019297246,false,שזיף מיובש 330 גר בק,"דין שיווק וקלייה בע""",US,שזיפים 330 גר בקופסא,גרמים,330.00,100 גרם,false,12,18.90,5.7273,true,1,251337
7290019297451,false,מי ורדים 500 מל,אלימד פוד,BE,מי ורדים 500 מל,מיליליטרים,500.00,"100 מ""ל",false,12,16.00,3.2000,true,1,253001
7290019297505,false,רוטב רימונים שקדיה 7,,TR,רוטב רימונים שקדיה 1 ל,מיליליטרים,700.00,"100 מ""ל",false,1,19.90,2.8429,true,1,251434
7290019297512,false,רוטב רימונים שקדיה 3,סיטוגלוגידה,,רוטב רימונים שקדיה 350 מל,גרמים,340.00,100 גרם,false,1,10.90,3.2059,true,1,251433
7290019297536,false,חמאת בוטנים שברי בוט,שנדונג,,חמאת בוטנים שברי בוטנים 510 גר,גרמים,510.00,100 גרם,false,1,10.90,2.1373,true,1,252717
7290019297543,false,חמאת בוטנים חלקה 510,שנדונג,,חמאת בוטנים חלקה 510 גר,גרמים,510.00,100 גרם,false,1,10.90,2.1373,true,1,252718
7290019297550,false,בוטנים מטוגנים שקדיה,רד איגל,,בוטנים מטוגנים 185 גר בקופסא,גרמים,185.00,100 גרם,false,1,10.00,5.4054,true,1,252719
7290019297628,false,שקד טבעי 150 גר ששון,"דין שיווק וקלייה בע""",,שקד טבעי ששון הקולה 150 גר,גרמים,150.00,100 גרם,false,1,13.90,9.2667,true,1,251356
7290019297635,false,שקד קלוי ששון הקולה,"דין שיווק וקלייה בע""",IL,שקד קלוי ששון הקולה 150 גר,גרמים,150.00,100 גרם,false,25,14.90,9.9333,true,1,251355
7290019297642,false,גרעין שחור קלוי ללא,"דין שיווק וקלייה בע""",IL,גרעין שחור קלוי ללא מלח 150 גר ששון הקול,גרמים,150.00,100 גרם,false,25,4.50,3.0000,true,1,251357
7290019297802,false,מיקס לילד 200 גר,"דין שיווק וקלייה בע""",,מיקס לילד 200 גר,גרמים,200.00,100 גרם,false,1,10.90,5.4500,true,1,247895
7290019302315,false,יין באז אבטיח מלון 7,,,יין באז אבטיח מלון 750 מל,מיליליטרים,750.00,"100 מ""ל",false,1,35.00,4.6667,true,1,345496
7290019304104,false,יין שאושינג 640 מל ס,Qingdao Sun-growing,CN,יין שאושינג 640 מל סאן,מיליליטרים,640.00,"100 מ""ל",false,12,34.90,5.4531,true,1,347116
7290019376002,false,רוטב שום לימון קפוא,,,רוטב שום לימון קפוא 500גר ארז,גרמים,500.00,100 גרם,false,1,18.90,3.7800,true,1,347235
7290022005555,false,תערובת פילדלפיה מיכל,א.ל ייצור ושיווק תבל,,תערובת פילדלפיה מיכל 120 גר,גרמים,120.00,100 גרם,false,1,11.90,9.9167,true,1,329077
7290022005562,false,פירורי לחם קריספ עם,,,פירורי לחם קריספ עם שום 300 גרם,גרמים,300.00,100 גרם,false,20,7.90,2.6333,true,1,345969
7290026220176,false,דבש פרחי השדה 1 קג ק,קיבוץ ארז,,דבש פרחי השדה 1 קג קיבוץ ארז,קילוגרמים,1.00,"ק""ג",false,1,49.90,49.9000,true,1,245872
7290026220206,false,דבש פרחי הדרים 1 קג,קיבוץ ארז,IL,דבש פרחי הדרים 1 קג קיבוץ ארז,קילוגרמים,1.00,"ק""ג",false,15,49.90,49.9000,true,1,333830
7290026220251,false,דבש פרחי השדה 500 גר,קיבוץ ארז,,דבש פרחי השדה 500 גר קיבוץ ארז,גרמים,500.00,100 גרם,false,1,27.90,5.5800,true,1,245871
7290046499842,false,עופיון קפוא ארוז עוף,,,עופיון קפוא ארוז עוף גלילי,קילוגרמים,1.00,"ק""ג",true,,60.00,60.0000,true,1,340981
7290055090702,false,חטיפי קרח איגלו שלוק,כרמית,,חטיפי קרח איגלו שלוקים 70 יח כרמית,יחידה,60.00,יחידה,false,1,14.90,0.2483,true,1,244811
7290055090801,false,שוקולד לבן ללא סוכר,כרמית,,שוקולד לבן ללא סוכר כרמית 85 גר,גרמים,40000.00,100 גרם,false,1,5.90,0.0148,true,1,253992
7290100184141,false,מצופי ידיים ממותג מע,,,מצופי ידיים ממותג מעורב,Unknown,0.00,Unknown,false,1,19.90,0.0000,true,1,345008
7290100235324,false,עוגת בריוש גבינה 550,בונז'ור,,עוגת בריוש גבינה 550 גר,גרמים,550.00,100 גרם,false,1,30.00,5.4545,true,1,236419
7290100235492,false,לחם שיפון רוסי בונזו,בונז'ור,,לחם שיפון רוסי בונזור אפוי חלקית,גרמים,560.00,100 גרם,false,1,13.90,2.4821,true,1,238469
7290100235553,false,עוגת בריוש תפוחים וא,בונז'ור,,עוגת בריוש תפוחים ואגוזים 550 גר,גרמים,550.00,100 גרם,false,1,30.00,5.4545,true,1,237033
7290100240137,false,תרסיס למייבש בדין כח,זוהר דליה,,תרסיס למייבש בדין כחול 500 מל,מיליליטרים,500.00,"100 מ""ל",false,1,16.90,3.3800,true,1,234663
7290100240144,false,תרסיס למייבש בדין ור,זוהר דליה,,תרסיס למייבש בדין ורוד 500 מל,מיליליטרים,500.00,"100 מ""ל",false,1,16.90,3.3800,true,1,234662
7290100240632,false,פתית 6 דגנים 250 גר,יוניליוור,,פתית 6 דגנים 250 גר,גרמים,250.00,100 גרם,false,1,16.90,6.7600,true,1,234704
7290100240656,false,פתית שיפון 300 גר,יוניליוור,,פתית שיפון 300 גר,גרמים,300.00,100 גרם,false,1,16.90,5.6333,true,1,234705
7290100243084,false,מיונז הלמנס אמיתי 78,יוניליוור,IL,הלמנס מיונז אמיתי 789 גר,גרמים,789.00,100 גרם,false,10,21.90,2.7757,true,1,235823
7290100243671,false,מרכך כביסה בדין אקסט,יוניליוור,IL,בדין אקסטרא כחול MC,מיליליטרים,960.00,"100 מ""ל",false,16,16.90,1.7604,true,1,236081
7290100245231,false,זוג מרק נמס בכוס ט.ע,יוניליוור,IL,נמס בכוס ועוד ט.עוף שקדי מרק,Unknown,0.00,Unknown,false,72,6.90,0.0000,true,1,237327
7290100247808,false,מרק נמס בכוס אקסטרא,יוניליוור,,מרק נמס בכוס אקסטרא טעם עוף,Unknown,0.00,Unknown,false,1,4.60,0.0000,true,1,239151
7290100249598,false,רוטב קנור שום ודבש 3,יוניליוור,,רוטב קנור לבישול שום ודבש 320 גר בדץ,גרמים,320.00,100 גרם,false,1,12.90,4.0313,true,1,239292
7290100249659,false,רוטב קנור צילי יין ל,,,רוטב קנור לבישול עוף צילי יין 310מל בדץ,מיליליטרים,310.00,"100 מ""ל",false,1,12.90,4.1613,true,1,239290
7290100412343,false,מגבונים לניקוי כללי,די.פי.אל,IL,מגבונים לניקוי כללי קוויק לימון 50יח,יחידה,50.00,יחידה,false,18,8.90,0.1780,true,1,310323
7290100412435,false,מגבונים לניקוי כללי,די.פי.אל,IL,מגבונים לניקוי כללי קוויק פרחי בר 50יח,יחידה,50.00,יחידה,false,18,8.90,0.1780,true,1,310324
7290100412442,false,מגבונים לניקוי שירות,די.פי.אל,IL,מגבונים לניקוי שירותים/אמבטיה קוויק 50יח,יחידה,50.00,יחידה,false,18,8.90,0.1780,true,1,310325
7290100412459,false,מגבונים לניקוי שירות,די.פי.אל,IL,מגבונים לניקוי שירותים/אמבטיה קוויק 50יח,יחידה,50.00,יחידה,false,18,8.90,0.1780,true,1,310326
7290100412466,false,מגבוני קוויק לניקוי,די.פי.אל,,מגבוני קוויק לניקוי רצפות ניחוח לימון 10,יחידה,10.00,יחידה,false,12,9.90,0.9900,true,1,334318
7290100412701,false,קרם גוף דוקטור עור מ,"אמיליה קוסמטיקס בע""מ",,קרם גוף דוקטור עור מאסק 400מל,מיליליטרים,400.00,"100 מ""ל",false,1,17.90,4.4750,true,1,322311
7290100412732,false,קרם גוף דוקטור עור פ,"אמיליה קוסמטיקס בע""מ",,קרם גוף דוקטור עור פרחי אביב 400מל,מיליליטרים,400.00,"100 מ""ל",false,1,17.90,4.4750,true,1,322313
7290100412756,false,קרם ידיים דוקטור עור,"אמיליה קוסמטיקס בע""מ",,קרם ידיים דוקטור עור פרחי אביב 100מל,מיליליטרים,100.00,"100 מ""ל",false,1,11.90,11.9000,true,1,322316
7290100412787,false,תחליב רחצה פרחי כותנ,"אמיליה קוסמטיקס בע""מ",,תחליב רחצה פרחי כותנה דוקטור עור 700 מל,מיליליטרים,700.00,"100 מ""ל",false,1,19.90,2.8429,true,1,322308
7290100412800,false,תחליב רחצה פרחי אביב,"אמיליה קוסמטיקס בע""מ",,תחליב רחצה פרחי אביב דוקטור עור 700 מל,מיליליטרים,700.00,"100 מ""ל",false,1,19.90,2.8429,true,1,322309
7290100412817,false,קרם רגליים דוקטור עו,"אמיליה קוסמטיקס בע""מ",,קרם רגליים דוקטור עור פרחי אביב 100 מל,מיליליטרים,100.00,"100 מ""ל",false,1,11.90,11.9000,true,1,322318
7290100412848,false,קרם גוף דוקטור עור ט,"אמיליה קוסמטיקס בע""מ",,קרם גוף דוקטור עור טרופיקל וניל 400מל,מיליליטרים,400.00,"100 מ""ל",false,1,17.90,4.4750,true,1,322312
7290100413593,false,מגבונים קוויק לניקוי,די.פי.אל,,מגבונים קוויק לניקוי כללי אקס אל 40יח,יחידה,40.00,יחידה,false,1,8.90,0.2225,true,1,313062
7290100653463,false,פלמוליב סבון נוזלי ס,CP - Turkey+60,TR,פלמוליב סבון נוזלי ספא מסאג 500 מל,מיליליטרים,500.00,"100 מ""ל",false,12,16.90,3.3800,true,1,232295
7290100653586,false,דאו.לסס ספיד סטיק גל,Colgate - USA,,דאו.לסס ספיד סטיק גל 24/7 ורוד,Unknown,0.00,Unknown,false,1,18.90,0.0000,true,1,232884
7290100658338,false,נוזל כלים פלמוליב או,Colgate - Greece,GR,נוזל כלים פלמוליב אוקסי כחול 750 מל,מיליליטרים,750.00,"100 מ""ל",false,10,11.90,1.5867,true,1,232437
7290100659090,false,מארז חטיף פריי תמר ק,FREE,,מארז חטיף פריי תמר קינמון ללא סוכר 5 יח,גרמים,90.00,100 גרם,false,1,16.90,18.7778,true,1,232631
7290100680650,false,מנה חמה נודלס ירקות,טאי רזידנט,,מנה חמה אסם נודלס ירקות תאילנדי 76 גר,גרמים,76.00,100 גרם,false,1,6.90,9.0789,true,1,232146
7290100680667,false,מנה חמה נודלס ירקות,טאי רזידנט,,מנה חמה אסם נודלס ירק.ט.סצואן 76 גר,גרמים,76.00,100 גרם,false,1,6.90,9.0789,true,1,232147
7290100680711,false,פירורית זהב בשקית 35,עינת,,פירורית זהב בשקית 350 ג,גרמים,350.00,100 גרם,false,1,7.90,2.2571,true,1,232401
7290100680728,false,פירורית בשקית 350 ג,"אסם תעשיות בע""מ",IL,פירורית בשקית 350 ג,גרמים,350.00,100 גרם,false,20,7.90,2.2571,true,1,232400
7290100681015,false,אינסטנט פודינג ריבת,"אסם תעשיות בע""מ",IL,אינסטנט פודינג ריבת חלב84 גר,גרמים,84.00,100 גרם,false,12,6.00,7.1429,true,1,232307
7290100681114,false,רוטב סויה בסגנון סינ,"אסם תעשיות בע""מ",IL,רוטב סויה בסגנון סיני 600 מל,מיליליטרים,600.00,"100 מ""ל",false,6,17.90,2.9833,true,1,231924
7290100681138,false,מארז אפרופו מיוחד 3,"אסם תעשיות בע""מ",IL,מארז אפרופו מיוחד 3 יח,גרמים,150.00,100 גרם,false,6,12.90,8.6000,true,1,231925
7290100681503,false,סירופ דיאט לימונענע,בית השיטה,IL,סירופ דיאט לימונענע 1 ל,ליטרים,1.00,ליטר,false,12,17.90,17.9000,true,1,232145
7290100681510,false,סירופ דיאט אשכולית א,בית השיטה,IL,סירופ דיאט אשכולית אדומה 1 ל,ליטרים,1.00,ליטר,false,12,17.90,17.9000,true,1,232144
7290100684139,false,פסטה אסם מיני מקרוני,זארה,IT,פסטה אסם מיני מקרוני 500 גרם,גרמים,500.00,100 גרם,false,12,5.90,1.1800,true,1,232624
7290100684306,false,רוטב צילי מתוק 600 מ,"אסם תעשיות בע""מ",IL,רוטב צילי מתוק 600 מל,מיליליטרים,600.00,"100 מ""ל",false,6,17.90,2.9833,true,1,233507
7290100685068,false,אינסטנט פודינג וניל+,"אסם תעשיות בע""מ",,אינסטנט פודינג וניל+פיצפוצי שוקולד 110 ג,גרמים,110.00,100 גרם,false,1,6.90,6.2727,true,1,232934
7290100685136,false,מרק עדיף טעם עוף 1 ק,"אסם תעשיות בע""מ",IL,מרק עדיף טעם עוף 1 קג,קילוגרמים,1.00,"ק""ג",false,5,15.90,15.9000,true,1,232933
7290100685334,false,מרק עוף אמיתי רכיב ט,"אסם תעשיות בע""מ",,מרק עוף אמיתי רכיב טבעי 400 גר אסם,גרמים,400.00,100 גרם,false,1,22.90,5.7250,true,1,234076
7290100685341,false,מרק זך טעם עוף זך רכ,"אסם תעשיות בע""מ",,מרק זך טעם עוף זך רכיבים טבעיים 400ג,גרמים,400.00,100 גרם,false,1,17.90,4.4750,true,1,233083
7290100685563,false,מארז 2 יח פירורית זה,,,מארז 2 יח פירורית זהב 200 גר,גרמים,400.00,100 גרם,false,1,9.90,2.4750,true,1,328707
7290100685600,false,פירורית חיטה מלאה 20,עינת,IL,פירורית חיטה מלאה 200 גרם,גרמים,200.00,100 גרם,false,12,7.50,3.7500,true,1,233132
7290100686164,false,מארז 6 יח ביסלי ברבי,"אסם תעשיות בע""מ",IL,מארז 6 יח ביסלי ברביקיו 35 ג,גרמים,210.00,100 גרם,false,8,15.00,7.1429,true,1,233232
7290100686171,false,מארז 6 יח ביסלי גריל,"אסם תעשיות בע""מ",IL,מארז 6 יח ביסלי גריל 35 ג,גרמים,210.00,100 גרם,false,8,15.00,7.1429,true,1,233082
7290100687109,false,חטיף במבה במילוי נוג,"אסם תעשיות בע""מ",IL,חטיף במבה במילוי נוגט 60 גר,גרמים,60.00,100 גרם,false,36,5.00,8.3333,true,1,235190
7290100688618,false,גביעי גלידה ממותקים,גילרו,,גביעי גלידה ממותקים ט. שוקו 10 יח 85 גר,גרמים,85.00,100 גרם,false,1,14.90,17.5294,true,1,234217
7290100700006,false,חיטה סוגת 1 קג,סוגת תעשיות בעמ,,חיטה סוגת 1 קג,קילוגרמים,1.00,"ק""ג",false,1,9.90,9.9000,true,1,234038
7290100700020,false,גריסי פנינה סוגת 500,סוגת תעשיות בעמ,IL,גריסי פנינה 500 גר,גרמים,500.00,100 גרם,false,12,6.00,1.2000,true,1,231550
7290100700068,false,שעועית צבעונית 500 ג,סוגת תעשיות בעמ,IL,שעועית צבעונית 500 גר,גרמים,500.00,100 גרם,false,12,8.90,1.7800,true,1,252407
7290100700075,false,פירורי לחם מוזהב 200,סוגת תעשיות בעמ,,פירורי לחם מוזהב 200 ג סוגת,גרמים,200.00,100 גרם,false,1,4.00,2.0000,true,1,231880
7290100700242,false,אורז עגול מלא 1 קג ס,סוגת תעשיות בעמ,,אורז עגול מלא 1 קג סוגת,קילוגרמים,1.00,"ק""ג",false,1,10.90,10.9000,true,1,233051
7290100700266,false,פירורי לחם לבנים 200,סוגת תעשיות בעמ,,פירורי לחם לבנים 200 גר,גרמים,200.00,100 גרם,false,1,4.00,2.0000,true,1,241693
7290100700273,false,קינואה לבנה 500 ג סו,סוגת תעשיות בעמ,,קינואה לבנה 500 ג סוגת,גרמים,500.00,100 גרם,false,1,13.90,2.7800,true,1,232955
7290100700297,false,עדשים מנומרות סוגת 5,סוגת תעשיות בעמ,,עדשים שחורים סוגת 500 גרם,גרמים,500.00,100 גרם,false,1,7.90,1.5800,true,1,233929
7290100700310,false,כוסמת סוגת 1 קג,סוגת תעשיות בעמ,,כוסמת סוגת 1 קג,קילוגרמים,1.00,"ק""ג",false,1,15.90,15.9000,true,1,234420
7290100700327,false,גריסי פנינה סוגת 1 ק,סוגת תעשיות בעמ,,גריסי פנינה סוגת 1 קג,קילוגרמים,1.00,"ק""ג",false,1,8.90,8.9000,true,1,234421
7290100700334,false,קינואה 1 קג סוגת,,,קינואה 1 קג סוגת,קילוגרמים,1.00,"ק""ג",false,1,19.90,19.9000,true,1,309465
7290100700365,false,שעועית אדומה 1 קג,סוגת תעשיות בעמ,,שעועית אדומה 1 קג,קילוגרמים,1.00,"ק""ג",false,1,18.90,18.9000,true,1,234422
7290100700372,false,אורז בסמטי מלא 1 קג,סוגת תעשיות בעמ,IL,אורז בסמטי מלא 1 קג,קילוגרמים,1.00,"ק""ג",false,12,13.90,13.9000,true,1,238706
7290100700389,false,אורז אדום סוגת 1 קג,סוגת תעשיות בעמ,IL,אורז אדום 1 קג,קילוגרמים,1.00,"ק""ג",false,12,13.90,13.9000,true,1,234039
7290100700396,false,אורז יסמין קלאסי 1 ק,סוגת תעשיות בעמ,IL,אורז יסמין קלאסי,קילוגרמים,1.00,"ק""ג",false,12,11.90,11.9000,true,1,234424
7290100700402,false,חומוס ענק 1 קג,סוגת תעשיות בעמ,IL,חומוס ענק 1 קג,קילוגרמים,1.00,"ק""ג",false,12,18.90,18.9000,true,1,234423
7290100700419,false,בורגול סוגת 1 קג,סוגת תעשיות בעמ,,בורגול סוגת 1 קג,קילוגרמים,1.00,"ק""ג",false,1,8.90,8.9000,true,1,236342
7290100700563,false,אורז מיקס קלאסי 1 קג,סוגת תעשיות בעמ,IL,אורז מיקס קלאסי,קילוגרמים,1.00,"ק""ג",false,12,13.90,13.9000,true,1,234762
7290100700587,false,בורגול סוגת 500 גר,סוגת תעשיות בעמ,IL,בורגול 500 גרם,גרמים,500.00,100 גרם,false,12,6.00,1.2000,true,1,238249
7290100701126,false,שעועית מש סוגת 500 ג,סוגת תעשיות בעמ,IL,שעועית מש 500 גר,גרמים,500.00,100 גרם,false,12,12.90,2.5800,true,1,238916
7290100701140,false,אורז ריזוטו אורבוריו,סוגת תעשיות בעמ,IL,אורז ריזוטו ארבוריו 1 קג,קילוגרמים,1.00,"ק""ג",false,12,13.90,13.9000,true,1,238472
7290100701157,false,אורז סושי 1 קג סוגת,סוגת תעשיות בעמ,IL,אורז להכנת סושי,קילוגרמים,1.00,"ק""ג",false,12,13.90,13.9000,true,1,238613
7290100701300,false,קינואה אדומה 500 גר,,,קינואה אדומה 500 גר סוגת,גרמים,500.00,100 גרם,false,1,13.90,2.7800,true,1,310302
7290100701331,false,קמח רב תכליתי 1 קג ס,"שטיבל בע""מ",IL,קמח רב תכליתי +1,קילוגרמים,1.00,"ק""ג",false,10,6.90,6.9000,true,1,241231
7290100701348,false,קמח שיפון מלא 1 קג ס,"שטיבל בע""מ",,קמח שיפון מלא 1 קג סוגת,קילוגרמים,1.00,"ק""ג",false,1,6.90,6.9000,true,1,241226
7290100701379,false,סולת 1 קג סוגת,"שטיבל בע""מ",IL,סולת 1 קג סוגת,קילוגרמים,1.00,"ק""ג",false,10,4.90,4.9000,true,1,304357
7290100701386,false,קמח לחלה 1 קג סוגת,"שטיבל בע""מ",IL,קמח לחלה + 18,קילוגרמים,1.00,"ק""ג",false,10,6.90,6.9000,true,1,241229
7290100701393,false,קמח חיטה לבן 1 קג סו,"שטיבל בע""מ",IL,קמח חיטה לבן 1 קג סוגת,קילוגרמים,1.00,"ק""ג",false,10,4.50,4.5000,true,1,304356
7290100701409,false,קמח תירס סוגת 500 גר,מולינו פילה ספא,,קמח תירס סוגת 500 גר,גרמים,500.00,100 גרם,false,1,6.90,1.3800,true,1,249632
7290100701454,false,גרישה סוגת 500 גר,סוגת תעשיות בעמ,IL,גרישה 500 גרם,גרמים,500.00,100 גרם,false,12,6.00,1.2000,true,1,238707
7290100701577,false,קמח ללחם 1 קג סוגת,"שטיבל בע""מ",IL,קמח לחם + 2,קילוגרמים,1.00,"ק""ג",false,10,6.90,6.9000,true,1,241228
7290100701874,false,קמח כוסמין 1 קג סוגת,"שטיבל בע""מ",,קמח כוסמין 1 קג סוגת,קילוגרמים,1.00,"ק""ג",false,1,13.90,13.9000,true,1,246462
7290100701881,false,קמח לפיצה 1 קג סוגת,"שטיבל בע""מ",,קמח לפיצה 1 קג סוגת,קילוגרמים,1.00,"ק""ג",false,1,6.90,6.9000,true,1,241227
7290100701898,false,קמח פסטה 1 קג סוגת,"שטיבל בע""מ",,קמח פסטה 1 קג סוגת,קילוגרמים,1.00,"ק""ג",false,1,13.90,13.9000,true,1,246460
7290100701966,false,אפונה צהובה סוגת 500,סוגת תעשיות בעמ,,אפונה צהובה סוגת 500 גרם,גרמים,500.00,100 גרם,false,1,7.00,1.4000,true,1,312585
7290100702277,false,קוסקוס עבה 350 גר סו,"אסיף תעשיות מזון בע""",,קוסקוס עבה 350 גר סוגת,גרמים,350.00,100 גרם,false,1,5.50,1.5714,true,1,243948
7290100702284,false,קוסקוס מלא 350 גר סו,"אסיף תעשיות מזון בע""",,קוסקוס מלא 350 גר סוגת,גרמים,350.00,100 גרם,false,1,5.90,1.6857,true,1,305224
7290100702314,false,שעועית שחורה 500 גר,סוגת תעשיות בעמ,IL,שעועית שחורה 500 גר,גרמים,500.00,100 גרם,false,12,8.90,1.7800,true,1,244813
7290100702383,false,קמח תופח 1 קג סוגת,"שטיבל בע""מ",,קמח תופח 1 קג סוגת,קילוגרמים,1.00,"ק""ג",false,1,6.90,6.9000,true,1,244194
7290100702611,false,פתיתים אפויים אורז ס,"אסיף תעשיות מזון בע""",IL,פתיתים אפויים אורז 500 גר,גרמים,500.00,100 גרם,false,15,5.90,1.1800,true,1,246398
7290100702628,false,פתיתים אפויים קוסקוס,"אסיף תעשיות מזון בע""",,פתיתים אפויים קוסקוס סוגת 500 גר,גרמים,500.00,100 גרם,false,1,5.90,1.1800,true,1,246399
7290100702635,false,פתיתים אפויים כוכבים,"אסיף תעשיות מזון בע""",IL,פתיתים אפויים כוכבים 500,גרמים,500.00,100 גרם,false,15,5.90,1.1800,true,1,246400
7290100702642,false,פתיתים אפויים טבעות,"אסיף תעשיות מזון בע""",IL,פתיתים אפויים טבעת 500 גר,גרמים,500.00,100 גרם,false,15,5.90,1.1800,true,1,246401
7290100702659,false,פתיתים אפויים מקמח מ,"אסיף תעשיות מזון בע""",IL,פתיתים קוסקוס קמח מלא 400,גרמים,400.00,100 גרם,false,15,5.90,1.4750,true,1,255305
7290100702666,false,פתיתים אפויים עם בצל,"אסיף תעשיות מזון בע""",IL,פתיתים עם בצל 400 גרם,גרמים,400.00,100 גרם,false,15,5.90,1.4750,true,1,255306
7290100702673,false,פתיתים אפויים 3 צבעי,"אסיף תעשיות מזון בע""",IL,פתיתים 3 צבעים 400 גר,גרמים,400.00,100 גרם,false,15,5.90,1.4750,true,1,255307
7290100702741,false,סוכר חום בהיר צנצנת,סוגת תעשיות בעמ,,סוכר חום בהיר צנצנת 1 קג סוגת,קילוגרמים,1.00,"ק""ג",false,1,12.90,12.9000,true,1,249928
7290100702994,false,סוכר חום דמררה שקית,"גילרו בע""מ",IL,סוכר חום גדמררה שקית 500 גרם,גרמים,50000.00,100 גרם,false,10,5.50,0.0110,true,1,304419
7290100703007,false,עדשים שחורות בלוגה 5,"גילרו בע""מ",IL,עדשים שחורות בלוגה 500 גר,גרמים,50000.00,100 גרם,false,10,7.90,0.0158,true,1,304420
7290100703182,false,תבשיל נודלס אישי טעם,,LT,תבשיל נודלס אישי טעם ירקות 65 גרם סוגת,Unknown,0.00,Unknown,false,12,4.90,0.0000,true,1,330420
7290100703199,false,תבשיל נודלס אישי טעם,,LT,תבשיל נודלס אישי טעם פיקנטי 65 גרם סוגת,Unknown,0.00,Unknown,false,12,4.90,0.0000,true,1,330421
7290100703434,false,בורגול חום סוגת 500,סוגת תעשיות בעמ,,בורגול חום סוגת 500 גר,גרמים,500.00,100 גרם,false,1,6.00,1.2000,true,1,309909
7290100703458,false,כוסמת לא קלויה 500 ג,סוגת תעשיות בעמ,,כוסמת לא קלויה 500 גר סוגת,גרמים,500.00,100 גרם,false,1,8.90,1.7800,true,1,311161
7290100703533,false,קמח קסם שמרים 1 קג ס,"שטיבל בע""מ",,קמח קסם שמרים 1 קג סוגת,קילוגרמים,1.00,"ק""ג",false,1,9.90,9.9000,true,1,312584
7290100703557,false,קמח לפוקצה 1 קג סוגת,"שטיבל בע""מ",,קמח לפוקצה 1 קג סוגת,קילוגרמים,1.00,"ק""ג",false,1,6.90,6.9000,true,1,311712
7290100703625,false,קמח לבן מנופה סוגת 1,"שטיבל בע""מ",IL,קמח לבן מנופה סוגת 1 קג,קילוגרמים,1.00,"ק""ג",false,12,9.90,9.9000,true,1,313725
7290100703632,false,קמח מלא מנופה סוגת 1,"שטיבל בע""מ",IL,קמח מלא מנופה סוגת 1 קג,קילוגרמים,1.00,"ק""ג",false,12,9.90,9.9000,true,1,313721
7290100703649,false,קמח 80% חיטה מלאה מנ,"שטיבל בע""מ",IL,קמח 80% חיטה מלאה מנופה סוגת 1 קג,קילוגרמים,1.00,"ק""ג",false,12,9.90,9.9000,true,1,313724
7290100703663,false,קמח תופח מנופה סוגת,"שטיבל בע""מ",IL,קמח תופח מנופה סוגת 1 קג,קילוגרמים,1.00,"ק""ג",false,12,9.90,9.9000,true,1,313723
7290100703670,false,קמח כוסמין מלא מנופה,"שטיבל בע""מ",IL,קמח כוסמין מנופה סוגת 1 קג,קילוגרמים,1.00,"ק""ג",false,1,15.90,15.9000,true,1,318454
7290100703687,false,קמח חלה מנופה סוגת 1,"שטיבל בע""מ",IL,קמח חלה מנופה סוגת 1 קג,קילוגרמים,1.00,"ק""ג",false,12,9.90,9.9000,true,1,313722
7290100703847,false,סוכר קוביות לבן 500,,,סוכר קוביות לבן 500 גרם,גרמים,500.00,100 גרם,false,1,10.00,2.0000,true,1,319698
7290100703854,false,סוכר קוביות דמררה500,,,סוכר קוביות דמררה500 גרם,גרמים,500.00,100 גרם,false,1,10.00,2.0000,true,1,319699
7290100703861,false,קמח קסם שמרים לחלה 1,"שטיבל בע""מ",,קמח קסם שמרים לחלה 1 קג,קילוגרמים,1.00,"ק""ג",false,1,9.90,9.9000,true,1,318455
7290100703908,false,סוכר דמררה 1 קג שקית,סוגת תעשיות בעמ,,סוכר דמררה 1 קג שקית סוגת,קילוגרמים,1.00,"ק""ג",false,1,8.90,8.9000,true,1,318457
7290100703915,false,פופקורן למיקרו חמאה,,,פופקורן למיקרו חמאה 1+5 חינם 100 גרם,גרמים,600.00,100 גרם,false,1,10.90,1.8167,true,1,322110
7290100703922,false,פופקורן למיקרו טבעי,,,פופקורן למיקרו טבעי 1+5 חינם 100 גרם,גרמים,600.00,100 גרם,false,1,10.90,1.8167,true,1,322111
7290100703953,false,קוקוס לבן סוגת 500 ג,סוגת תעשיות בעמ,,קוקוס לבן סוגת 500 גרם,גרמים,500.00,100 גרם,false,1,10.90,2.1800,true,1,321098
7290100703960,false,שומשום סוגת 500 גרם,סוגת תעשיות בעמ,,שומשום סוגת 500 גרם,גרמים,500.00,100 גרם,false,1,10.90,2.1800,true,1,321099
7290100704066,false,עדשים צהובות סוגת500,סוגת תעשיות בעמ,,עדשים צהובות סוגת500 גרם,גרמים,500.00,100 גרם,false,1,8.90,1.7800,true,1,323226
7290100704141,false,סודה לשתיה סוגת 100,"י. כהן בע""מ",,סודה לשתיה סוגת 100 גרם,גרמים,100.00,100 גרם,false,1,2.50,2.5000,true,1,327678
7290100704264,false,עדשים שחורות בלוגה 1,סוגת תעשיות בעמ,,עדשים שחורות בלוגה 1 קג סוגת,קילוגרמים,1.00,"ק""ג",false,1,15.90,15.9000,true,1,327984
7290100704462,false,סוכר חום סוגת לאפיה,סוגת תעשיות בעמ,,סוכר חום סוגת לאפיה 1 קג צנצנת,קילוגרמים,1.00,"ק""ג",false,1,15.90,15.9000,true,1,332359
7290100704493,false,קמח שמרים פיצה סוגת,"שטיבל בע""מ",IL,קמח שמרים פיצה סוגת ללא ניפוי 1 קג,קילוגרמים,1.00,"ק""ג",false,1,9.90,9.9000,true,1,337122
7290100704516,false,חומוס מיני סוגת 500,"שטיבל בע""מ",IL,חומוס מיני סוגת 500 גרם,גרמים,500.00,100 גרם,false,1,7.90,1.5800,true,1,337127
7290100704530,false,קמח כוסמין לבן סוגת,"שטיבל בע""מ",IL,קמח כוסמין לבן סוגת ללא ניפוי 1 קג,קילוגרמים,1.00,"ק""ג",false,1,17.90,17.9000,true,1,337123
7290100704578,false,קמח כוסמין לבן סוגת,"שטיבל בע""מ",IL,קמח כוסמין לבן סוגת 1 קג,קילוגרמים,1.00,"ק""ג",false,1,13.90,13.9000,true,1,337126
7290100704615,false,סוכר לבן דק דק 500 ג,סוגת תעשיות בעמ,,סוכר לבן דק דק 500 גרם צנצנת,גרמים,500.00,100 גרם,false,1,7.90,1.5800,true,1,346196
7290100704639,false,קמח שמרים פיתה סוגת,"שטיבל בע""מ",IL,קמח שמרים פיתה סוגת 1 קג,קילוגרמים,1.00,"ק""ג",false,1,9.90,9.9000,true,1,337121
7290100704646,false,קמח כוסמין לבן תופח,"שטיבל בע""מ",IL,קמח כוסמין לבן תופח סוגת 1 קג,קילוגרמים,1.00,"ק""ג",false,1,13.90,13.9000,true,1,337125
7290100704660,false,קינואה מיקס 500 ג סו,סוגת תעשיות בעמ,,קינואה מיקס 500 ג סוגת,גרמים,500.00,100 גרם,false,1,13.90,2.7800,true,1,339511
7290100850909,false,חטיף דוריטוס נאצו מק,STRAUSS-ISRAEL,,חטיף דוריטוס נאצו מקסיקני 70 ג,גרמים,70.00,100 גרם,false,1,3.70,5.2857,true,1,231913
7290100850916,false,חטיף דוריטוס חמוץ חר,STRAUSS-ISRAEL,IL,דו.חמוץ חריף 70ג/1שק/70גר,גרמים,70.00,100 גרם,false,48,3.70,5.2857,true,1,231914
7290100850923,false,חטיף דוריטוס גריל 70,STRAUSS-ISRAEL,IL,דוריטוס גריל 70גר/1שק/70גר,גרמים,70.00,100 גרם,false,48,3.70,5.2857,true,1,231916
7290100850930,false,חטיף דוריטוס טבעי 70,STRAUSS-ISRAEL,IL,דוריטוס דיפ טבעי 70 גר,גרמים,70.00,100 גרם,false,48,3.70,5.2857,true,1,231915
7290100859162,false,זוג שוקולד פרה 60% מ,,,זוג שוקולד פרה 60% מריר 100 גר,גרמים,200.00,100 גרם,false,1,14.90,7.4500,true,1,233549
7290100921401,false,שמפו הוואי קרטין מחז,טרופיקל דגיל,,שמפו הוואי קרטין מחזק 700 מל,מיליליטרים,700.00,"100 מ""ל",false,1,8.90,1.2714,true,1,249462
7290100921418,false,מרכך הוואי קרטין מחז,טרופיקל דגיל,,מרכך הוואי קרטין מחזק 700 מל,מיליליטרים,700.00,"100 מ""ל",false,1,8.90,1.2714,true,1,249463
7290100921593,false,כדוריות נתלה ריח לי,,,כדוריות נתלה ריח לימון לניקוי אסלה סוד,Unknown,0.00,Unknown,false,1,9.90,0.0000,true,1,248829
7290100921616,false,כדוריות נתלה ריח או,,,כדוריות נתלה ריח אורנים ניקוי אסלה סוד,Unknown,0.00,Unknown,false,1,9.90,0.0000,true,1,248831
7290100921623,false,כדוריות נתלה ריח אק,,,כדוריות נתלה ריח אקונומיקניקוי אסלה סוד,Unknown,0.00,Unknown,false,1,9.90,0.0000,true,1,248832
7290100921760,false,שמפו הוואי ספורט לשי,טרופיקל דגיל,,שמפו הוואי ספורט לשיער ולגוף 700 מל,מיליליטרים,700.00,"100 מ""ל",false,1,8.90,1.2714,true,1,249464
7290100922569,false,מארז 3יח קרם ידיים ו,טרופיקל דגיל,,מארז 3יח קרם ידיים ולוטה גדול 80 ג,גרמים,240.00,100 גרם,false,1,17.90,7.4583,true,1,311601
7290100922651,false,מארז 4 יח סבון הוואי,טרופיקל דגיל,,מארז 4 יח סבון הוואי יוגורט 33% מי קוקוס,גרמים,400.00,100 גרם,false,1,11.90,2.9750,true,1,310824
7290100924457,false,מארז שלישיית סבון אס,,,מארז שלישיית סבון אסלה כדוריות סוד לימון,יחידה,3.00,יחידה,false,1,14.90,4.9667,true,1,254684
7290100924464,false,מארז שלישיית סבון אס,,,מארז שלישיית סבון אסלה כדוריות סוד אקונו,יחידה,3.00,יחידה,false,1,14.90,4.9667,true,1,254685
7290100924549,false,נוזל רצפות סוד מבריק,,,נוזל רצפות סוד מבריק ורוד 1.25ליטר,מיליליטרים,1250.00,"100 מ""ל",false,1,18.90,1.5120,true,1,255541
7290100924631,false,מרכך כביסה סוד מרוכז,הנקל,,מרכך כביסה סוד מרוכז בייבי 900מל,מיליליטרים,900.00,"100 מ""ל",false,1,11.90,1.3222,true,1,306113
7290100925669,false,דפים למכונת כביסה למ,הנקל,IE,דפים למכונת כביסה למניעת מעבר צבעים 10דף,יחידה,10.00,יחידה,false,12,10.90,1.0900,true,1,309941
7290100925676,false,דפים למכונת כביסה למ,הנקל,,דפים למכונת כביסה למניעת מעבר צבעים 20דף,יחידה,20.00,יחידה,false,1,15.90,0.7950,true,1,309942
7290100926109,false,מרכך כביסה סוד סופט,,,מרכך כביסה סוד סופט האהבה 4 ל לבן,ליטרים,4.00,ליטר,false,1,18.90,4.7250,true,1,235832
7290100926147,false,א.כביסה פרסיל קולור,,,א.כביסה פרסיל קולור 2.5 קג בשקית,קילוגרמים,2.50,"ק""ג",false,1,19.90,7.9600,true,1,234924
7290100926598,false,א.כביסה פרסיל 5 קג ב,,,א.כביסה פרסיל 5 קג בשקית,קילוגרמים,5.00,"ק""ג",false,1,46.90,9.3800,true,1,238529
7290100928639,false,נוזל רצפות סוד מרכך,,,נוזל רצפות סוד מרכך כחול 2 ל.,ליטרים,2.00,ליטר,false,1,18.90,9.4500,true,1,242453
7290100928646,false,נוזל רצפות סוד מרכך,,,נוזל רצפות סוד מרכך ורוד 2 ל.,ליטרים,2.00,ליטר,false,1,18.90,9.4500,true,1,242452
7290100940488,false,יין קוסמנו אינזוליה,,,יין קוסמנו אינזוליה לבן יבש 750 מל פקדון,מיליליטרים,750.00,"100 מ""ל",false,1,70.00,9.3333,true,1,233925
7290100942000,false,יין מרקז דה ריסקאל ר,,ES,יין מרקז דה ריסקל ריוחה רזרבה 750 מל פקד,מיליליטרים,750.00,"100 מ""ל",false,1,120.00,16.0000,true,1,232844
7290100942024,false,יין מרקז דה ריסקל רו,,,יין מרקז דה ריסקל רואדה לבן י 750 מל פקד,מיליליטרים,750.00,"100 מ""ל",false,1,60.00,8.0000,true,1,232845
7290100945049,false,יין וודברידג זינפנדל,,,יין וודברידג זינפנדל אדום 750 מל פקדון,מיליליטרים,750.00,"100 מ""ל",false,1,45.00,6.0000,true,1,232179
7290100947265,false,יין גיגל קונדריו 750,,,יין גיגל קונדריו 750 מל,מיליליטרים,75000.00,"100 מ""ל",false,1,255.00,0.3400,true,1,250082
7290100947302,false,יין גיגל סנט גוזף אד,,,יין גיגל סנט גוזף אדום 750 מל פקדון,מיליליטרים,750.00,"100 מ""ל",false,1,150.00,20.0000,true,1,232843
7290100947883,false,יין דרך ארץ גוורצורמ,,IL,יין דרך ארץ גוורצורמינר 750 מל,מיליליטרים,750.00,"100 מ""ל",false,12,35.00,4.6667,true,1,331331
7290100949023,false,יין זאן לואי שאב קוט,,FR,יין שאב קוט דו רון מון קור 750מל פקדון,מיליליטרים,750.00,"100 מ""ל",false,1,80.00,10.6667,true,1,246465
7290101110811,false,מאגדת גלידל פסיפלורה,פלקו בעמ,,מאגדת גלידל פסיפלורה 8 יח פלדמן,יחידה,8.00,יחידה,false,1,29.90,3.7375,true,1,235911
7290101112228,false,מאגדת גלידל פרי אננס,פלקו בעמ,,מאגדת גלידל פרי אננס 8 יח פלדמן,יחידה,8.00,יחידה,false,1,21.90,2.7375,true,1,255459
7290101112921,false,מאגדת גלידל פרי פירו,פלקו בעמ,,מאגדת גלידל פרי פירות טרופיים 8יח,יחידה,8.00,יחידה,false,1,21.90,2.7375,true,1,322238
7290101112990,false,מאגדת גרניטה קוקוס 6,פלקו בעמ,,מאגדת גרניטה קוקוס 6 יח,יחידה,6.00,יחידה,false,1,14.90,2.4833,true,1,322239
7290101113157,false,מאגדת גלידל וניל עוג,פלקו בעמ,,מאגדת גלידל וניל עוגיות חלבי 6 יחידות,יחידה,6.00,יחידה,false,1,26.90,4.4833,true,1,328118
7290101113362,false,מאגדת שלגון יוגורט י,פלקו בעמ,IL,מאגדת שלגון יוגורט יופלה סורבה אננס 5יח,יחידה,5.00,יחידה,false,1,24.90,4.9800,true,1,332337
7290101113379,false,מאגדת שלגון יוגורט י,פלקו בעמ,IL,מאגדת שלגון יוגורט יופלה סורבה תות 5יח,יחידה,5.00,יחידה,false,1,24.90,4.9800,true,1,332338
7290101113393,false,מאגדת שלגון יופלה יו,פלקו בעמ,IL,מאגדת שלגון יופלה יוגורט פירות יער 5יח,יחידה,5.00,יחידה,false,1,24.90,4.9800,true,1,332342
7290101113409,false,מאגדת שלגון יופלה יו,פלקו בעמ,IL,מאגדת שלגון יופלה יוגורט תות 5יח,יחידה,5.00,יחידה,false,1,24.90,4.9800,true,1,332343
7290101113416,false,מאגדת שלגון יופלה יו,פלקו בעמ,IL,מאגדת שלגון יופלה יוגורט אפרסק 5יח,יחידה,5.00,יחידה,false,1,24.90,4.9800,true,1,332344
7290101113430,false,מאגדת גלידל סירופ שו,פלקו בעמ,,מאגדת גלידל סירופ שוקולד חלבי 6 יחידות,יחידה,6.00,יחידה,false,1,26.90,4.4833,true,1,331822
7290101113447,false,מאגדת גלידל מיני קסט,פלקו בעמ,,מאגדת גלידל מיני קסטה 10יח שוקו וניל,יחידה,10.00,יחידה,false,9,29.90,2.9900,true,1,331818
7290101113454,false,מאגדת שלגון גלידל יו,פלקו בעמ,,מאגדת שלגון גלידל יוגורט אפרסק 8יח,יחידה,8.00,יחידה,false,1,29.90,3.7375,true,1,331821
7290101113584,false,מאגדת טילון שוקולד ל,פלקו בעמ,IL,מאגדת טילון שוקולד לבן ליבת שוק יולו 5יח,יחידה,5.00,יחידה,false,1,21.90,4.3800,true,1,338805
7290101113591,false,מאגדת טילון שוקולד ל,פלקו בעמ,IL,מאגדת טילון שוקולד לבן עוגיות יולו 5יח,יחידה,5.00,יחידה,false,1,21.90,4.3800,true,1,338806
7290101113638,false,מאגדת סנקור 8יח פלדמ,פלקו בעמ,IL,מאגדת סנקור 8יח פלדמן,יחידה,8.00,יחידה,false,1,32.90,4.1125,true,1,338804
7290101113751,false,מאגדת שלגון יולו 4יח,פלקו בעמ,IL,מאגדת שלגון יולו 4יח קרמל ש.בלונדי,יחידה,4.00,יחידה,false,1,21.90,5.4750,true,1,346103
7290101113768,false,מאגדת שלגון יולו 4יח,פלקו בעמ,IL,מאגדת שלגון יולו 4יח עוגיות שוקולד חלב,יחידה,4.00,יחידה,false,1,21.90,5.4750,true,1,346104
7290101113805,false,מאגדת שלגון יוגורט י,פלקו בעמ,IL,מאגדת שלגון יוגורט יופלה שייק תות 5יח,יחידה,5.00,יחידה,false,1,24.90,4.9800,true,1,346102
7290101113812,false,מאגדת 5יח שלגון יוג.,פלקו בעמ,IL,מאגדת 5יח שלגון יוג.יופלה שייק פרי אננס,יחידה,5.00,יחידה,false,1,24.90,4.9800,true,1,346100
7290101113904,false,קרמבו מנבו וניל 12יח,פלקו בעמ,IL,קרמבו מנבו וניל 12יח פלדמן,יחידה,12.00,יחידה,false,1,22.90,1.9083,true,1,347056
7290101412946,false,מנגל נירוסטה כפול על,,,מנגל נירוסטה כפול על רגל 30/79,יחידה,1.00,יחידה,false,1,149.90,149.9000,true,1,254637
7290101413806,false,מסחטת הדרים שולחנית,,,מסחטת הדרים שולחנית ידנית כרום,יחידה,1.00,יחידה,false,1,119.00,119.0000,true,1,334878
7290101418801,false,מארז 5 קופסאות מרובע,,,מארז 5 קופסאות מרובע 950מל פרשבוקס סגול,יחידה,5.00,יחידה,false,1,16.90,3.3800,true,1,331410
7290101453871,false,נר מספר,,,נר מספר,יחידה,1.00,יחידה,false,1,4.90,4.9000,true,1,317936
7290101455936,false,בקבוק נירוסטה מעוצב,,,בקבוק נירוסטה מעוצב מותגים 500 מל,Unknown,0.00,Unknown,false,1,32.90,0.0000,true,1,317972
7290101486688,false,מארז חטיף פריי מצופה,FREE,,מארז חטיף פריי מצופה שוקולד 5 יח,גרמים,100.00,100 גרם,false,1,16.90,16.9000,true,1,234474
7290101488286,false,דאו.ליידי ספיד 24/7,Colgate - Mexico,,דאו.ליידי ספיד 24/7 ספריי 150 מל ורוד,מיליליטרים,150.00,"100 מ""ל",false,1,19.90,13.2667,true,1,236649
7290101488316,false,דאו.ליידי ספיד סטיק,Colgate - USA,,דאו.ליידי ספיד סטיק ללא סימון ורוד 60 גר,גרמים,60.00,100 גרם,false,1,18.90,31.5000,true,1,235235
7290101488323,false,דאו.ליידי ספיד סטיק,Colgate - USA,,דאו.ליידי ספיד סטיק ללא סימון ירוק60 גר,גרמים,60.00,100 גרם,false,1,18.90,31.5000,true,1,235236
7290101551027,false,קפסולות אספרסו 14 חז,,,קפסולות אספרסו 14 חזקות 10 יח,יחידה,10.00,יחידה,false,1,17.00,1.7000,true,1,325933
7290101551263,false,סילאן טבעי יד מרדכי,,,סילאן טבעי יד מרדכי 700 גרם,גרמים,700.00,100 גרם,false,1,22.90,3.2714,true,1,324685
7290101551300,false,סילאן טבעי לחיץ יד מ,,,סילאן טבעי לחיץ יד מרדכי 380 גרם,גרמים,380.00,100 גרם,false,1,15.90,4.1842,true,1,324686
7290101551362,false,סלט פלפלים קלויים חר,,,סלט פלפלים קלויים חריפים 350גר אחלה,גרמים,350.00,100 גרם,false,1,16.90,4.8286,true,1,324754
7290101551539,false,דנונה פרו אפרסק עשיר,שטראוס,,דנונה פרו אפרסק עשיר בחלבון 20גר 200 גר,גרמים,200.00,100 גרם,false,1,6.10,3.0500,true,1,324748
7290101551577,false,זוג קוואקר שיבולת שו,,GB,זוג קוואקר שיבולת שועל 500 ג פחית,גרמים,1000.00,100 גרם,false,12,21.90,2.1900,true,1,324705
7290101551584,false,מארז10יח תפוציפס קיד,STRAUSS-ISRAEL,,מארז10יח תפוציפס קידס 20 גר,גרמים,200.00,100 גרם,false,1,13.90,6.9500,true,1,324702
7290101551614,false,מארז 8 יח חטיף ציטוס,STRAUSS-ISRAEL,,מארז 8 יח חטיף ציטוס גבינה 30 גר,גרמים,240.00,100 גרם,false,1,13.90,5.7917,true,1,324704
7290101551638,false,מארז 10 יח ציטוס כאפ,STRAUSS-ISRAEL,,מארז 10 יח ציטוס כאפה 200 גר,גרמים,200.00,100 גרם,false,9,12.90,6.4500,true,1,324700
7290101551645,false,מארז 10 יח ציטוס איק,STRAUSS-ISRAEL,,מארז 10 יח ציטוס איקס עיגול 200 גר,גרמים,200.00,100 גרם,false,9,12.90,6.4500,true,1,324701
7290101581970,false,ליקר סברה קפה 750 מל,,IL,ליקר סברה קפה 750 מל,מיליליטרים,750.00,"100 מ""ל",false,12,99.00,13.2000,true,1,330033
7290101820888,false,מארז 50יח מסכות פנים,,,מארז 50יח מסכות פנים כירוגיות שחורות,יחידה,50.00,יחידה,false,1,10.90,0.2180,true,1,341125
7290101824800,false,כפפות ויטריל מידה סמ,,,כפפות ויטריל מידה סמול 100יח ללא אבקה,יחידה,100.00,יחידה,false,10,39.90,0.3990,true,1,338131
7290101824831,false,כפפות ויטריל מידה אק,,,כפפות ויטריל מידה אקס אל 100יח ללא אבקה,יחידה,100.00,יחידה,false,10,39.90,0.3990,true,1,338134
7290101824855,false,כפפות ויטריל מידה מד,,,כפפות ויטריל מידה מדיום 100יח ללא אבקה,יחידה,100.00,יחידה,false,10,39.90,0.3990,true,1,338752
7290101824862,false,כפפות ויטריל מידה לא,,,כפפות ויטריל מידה לארג 100יח ללא אבקה,יחידה,100.00,יחידה,false,10,39.90,0.3990,true,1,338753
7290101824879,false,כפפות ויטריל מידה אק,,,כפפות ויטריל מידה אקס אל 100יח ללא אבקה,יחידה,100.00,יחידה,false,10,39.90,0.3990,true,1,338754
7290101825210,false,כפפות לטקס סמול 100,,,כפפות לטקס סמול 100 יח הרקולס,יחידה,100.00,יחידה,false,1,19.90,0.1990,true,1,334355
7290101825227,false,כפפות לטקס מדיום 100,,,כפפות לטקס מדיום 100 יח הרקולס,יחידה,100.00,יחידה,false,1,19.90,0.1990,true,1,334354
7290101825241,false,כפפות לטקס אקסטרה לא,,,כפפות לטקס אקסטרה לארג 100 יח הרקולס,יחידה,100.00,יחידה,false,1,19.90,0.1990,true,1,334858
7290101863410,false,ספריי אקונימקה סיליט,RB פולין,,ספריי אקונימקה סיליט באנג 750 מל,מיליליטרים,750.00,"100 מ""ל",false,1,13.90,1.8533,true,1,236163
7290101864127,false,ספריי קליה אוקסי אקש,RB פולין,,ספריי קליה אוקסי אקשן 750 מל,מיליליטרים,750.00,"100 מ""ל",false,1,16.90,2.2533,true,1,236956
7290101865261,false,נוזל פיניש הברקה 800,RB פולין,,נוזל פיניש הברקה 800 מל,מיליליטרים,800.00,"100 מ""ל",false,1,19.90,2.4875,true,1,238835
7290101866633,false,גל וניש קליה להסרת כ,סאסאטק,,גל וניש קליה להסרת כתמים 3 ל,ליטרים,3.00,ליטר,false,1,29.90,9.9667,true,1,240444
7290101866787,false,נוזל להסרת כתמים קלי,סאסאטק,,נוזל להסרת כתמים קליה וייט 3 ל,ליטרים,3.00,ליטר,false,1,29.90,9.9667,true,1,241450
7290101868958,false,נוזל פיניש הברקה לימ,RB פולין,,נוזל פיניש הברקה לימון 800 מל,מיליליטרים,800.00,"100 מ""ל",false,1,19.90,2.4875,true,1,252534
7290101869702,false,גל למדיח פיניש הכל ב,RB פולין,,גל למדיח פיניש הכל באחד 600 מל,מיליליטרים,600.00,"100 מ""ל",false,1,35.90,5.9833,true,1,255402
7290101869719,false,גל למדיח פיניש לימון,RB פולין,,גל למדיח פיניש לימון הכל באחד 600 מל,מיליליטרים,600.00,"100 מ""ל",false,1,35.90,5.9833,true,1,255403
7290101869726,false,גל למדיח פיניש הכל,RB פולין,,גל למדיח פיניש הכל באחד 1 ליטר,ליטרים,1.00,ליטר,false,1,44.90,44.9000,true,1,255404
7290101869733,false,גל למדיח פיניש לימון,RB פולין,,גל למדיח פיניש לימון הכל באחד 1 ליטר,ליטרים,1.00,ליטר,false,1,44.90,44.9000,true,1,255405
7290101869757,false,מבשם אויר מכשיר אוטו,RB הונגריה,,מבשם אויר מכשיר אוטומטי אירוויק אואזיס,יחידה,1.00,יחידה,false,1,44.90,44.9000,true,1,255429
7290101869764,false,מבשם אויר מכשיר אוטו,RB הונגריה,,מבשם אויר מכשיר אוטומטי אירוויק חלום ליל,יחידה,1.00,יחידה,false,1,44.90,44.9000,true,1,255428
7290101869788,false,מילוי מבשם אויר אוטו,RB בריטניה,,מילוי מבשם אויר אוטומטי אואזיס אירוויק,יחידה,1.00,יחידה,false,1,15.90,15.9000,true,1,255440
7290101869795,false,מילוי מבשם אויר אוטו,RB בריטניה,,מילוי מבשם אויר אוטומטי חלום קיץ אירוויק,יחידה,1.00,יחידה,false,1,15.90,15.9000,true,1,255441
7290101869801,false,מבשם אויר חשמלי מכשי,RB הונגריה,,מבשם אויר חשמלי מכשיר אואזיס סנס,יחידה,1.00,יחידה,false,1,24.90,24.9000,true,1,255421
7290101869818,false,מבשם אויר חשמלי מכשי,RB הונגריה,,מבשם אויר חשמלי מכשיר חלום ליל קיץ סנס,יחידה,1.00,יחידה,false,1,24.90,24.9000,true,1,255420
7290101869825,false,מילוי מבשם אויר חשמל,RB הונגריה,,מילוי מבשם אויר חשמלי אואזיס בודד,יחידה,1.00,יחידה,false,1,19.90,19.9000,true,1,255426
7290101869832,false,מילוי מבשם אויר חשמל,RB הונגריה,,מילוי מבשם אויר חשמלי חלום ליל קיץ בודד,יחידה,1.00,יחידה,false,1,19.90,19.9000,true,1,255425
7290101869917,false,מילוי מבשם אויר אוטו,RB בריטניה,,מילוי מבשם אויר אוטומטי היער הקסום אירוו,יחידה,1.00,יחידה,false,1,15.90,15.9000,true,1,255443
7290101869962,false,מקלות ריחניים אירווי,RB הונגריה,,מקלות ריחניים אירוויק חלום ליל קיץ,Unknown,0.00,Unknown,false,1,14.90,0.0000,true,1,255444
7290101999560,false,נרות גמבו כוכבים ממו,,,נרות גמבו כוכבים ממותג,Unknown,0.00,Unknown,false,1,6.90,0.0000,true,1,317939
7290102002221,false,הפתעות ממותגים לילדי,,,הפתעות ממותגים לילדים,Unknown,0.00,Unknown,false,1,7.90,0.0000,true,1,317941
7290102002917,false,סט משאבה עם בלונים מ,,,סט משאבה עם בלונים מותגים,Unknown,0.00,Unknown,false,1,16.90,0.0000,true,1,317960
7290102006434,false,זר יום הולדת לראש עם,,,זר יום הולדת לראש עם פרחים,Unknown,0.00,Unknown,false,1,13.90,0.0000,true,1,317955
7290102030330,false,חטיף תפוציפס אקסטרא,STRAUSS-ISRAEL,,חטיף תפוציפס אקסטרא מקסיקני 200 גר,גרמים,200.00,100 גרם,false,1,11.00,5.5000,true,1,234096
7290102035007,false,מסטיק בזוקה ללא סוכר,,,מסטיק בזוקה ללא סוכר קלאסי 28 גר,Unknown,0.00,Unknown,false,1,5.00,0.0000,true,1,235325
7290102060764,false,זוג מב.שיניים מרידול,GABA TRISA SWIZ,,זוג מב.שיניים מרידול,Unknown,0.00,Unknown,false,1,33.90,0.0000,true,1,236271
7290102060979,false,מש.שיניים אלמקס משפח,CP-Poland swidnica,PL,מש.שיניים אלמקס משפחתית 100 מל,מיליליטרים,100.00,"100 מ""ל",false,48,14.90,14.9000,true,1,235705
7290102062195,false,מש.שיניים אלמקס גוני,CP-Poland swidnica,,מש.שיניים אלמקס גוניור 75 מל,מיליליטרים,75.00,"100 מ""ל",false,1,17.90,23.8667,true,1,249164
7290102300815,false,גבינת צדר כתומה פרוס,וואקפום,,גבינת צדר כתומה פרוסה 200גר,גרמים,200.00,100 גרם,false,1,27.90,13.9500,true,1,245687
7290102300822,false,גבינת צדר אנגלית כתו,וואקפום,,גבינת צדר אנגלית כתומה 200 גר,גרמים,200.00,100 גרם,false,1,19.90,9.9500,true,1,241641
7290102300853,false,גבינת צדר לבנה פרוסה,וואקפום,,גבינת צדר לבנה פרוסה 200גר,גרמים,200.00,100 גרם,false,1,27.90,13.9500,true,1,322217
7290102300860,false,גבינת צדר אנגלית 200,וואקפום,,גבינת צדר אנגלית 200 גר,גרמים,200.00,100 גרם,false,1,19.90,9.9500,true,1,241642
7290102300877,false,גבינת צדר אנגלית במש,וואקפום,,גבינת צדר אנגלית במשקל,קילוגרמים,1.00,"ק""ג",true,,135.00,135.0000,true,1,241644
7290102300884,false,גבינת צדר אנגלית כת,וואקפום,,גבינת צדר אנגלית כתומה במשקל,קילוגרמים,1.00,"ק""ג",true,,135.00,135.0000,true,1,241643
7290102301423,false,גבינת גאודה בקר במשק,הנרי בליך,,גבינת גאודה בקר במשקל סיימן,קילוגרמים,1.00,"ק""ג",true,,79.00,79.0000,true,1,245392
7290102301430,false,גבינת מלוסין עיזים ב,מלוסין,,גבינת מלוסין עיזים במשקל,קילוגרמים,1.00,"ק""ג",true,,145.00,145.0000,true,1,245635
7290102301485,false,גבינת סטילטון במשקל,וואקפום,,גבינת סטילטון במשקל,קילוגרמים,1.00,"ק""ג",true,,189.00,189.0000,true,1,244534
7290102301539,false,גבינת גאודה עיזים במ,הנרי בליך,,גבינת גאודה עיזים במשקל סיימן ל.כ,קילוגרמים,1.00,"ק""ג",true,,169.00,169.0000,true,1,249680
7290102301881,false,גבינת טרטר עשבי תיבו,בונגראן,,גבינת טרטר עשבי תיבול 150גר,גרמים,150.00,100 גרם,false,1,19.90,13.2667,true,1,245880
7290102301911,false,גבינת שומס במשקל,בונגראן,,גבינת שומס במשקל,קילוגרמים,1.00,"ק""ג",true,,209.00,209.0000,true,1,245683
7290102302246,false,גבינת גאודה 200 גרם,הנרי בליך,,גבינת גאודה 200 גרם,גרמים,200.00,100 גרם,false,1,19.90,9.9500,true,1,313145
7290102302253,false,גבינת גאודה עיזים,,,גבינת גאודה עיזים 200 גרם,גרמים,200.00,100 גרם,false,1,24.90,12.4500,true,1,320563
7290102302260,false,גבינת גרנה פדנה 200,אמברוסי,,גבינת גרנה פדנה 200 גרם אמברוסי,גרמים,200.00,100 גרם,false,1,31.90,15.9500,true,1,313139
7290102302673,false,גבינת טברנה זיתים וע,נורדקס,DK,גבינת טברנה זיתים וע.תיבול 100גר,גרמים,100.00,100 גרם,false,,12.90,12.9000,true,1,324850
7290102302819,false,פילה טונה בהירה רובר,רמירז אנד קה פילהאוס,PT,פילה טונה בהירה רוברט בשמן זית 120 גרם,גרמים,120.00,100 גרם,false,1,15.90,13.2500,true,1,332639
7290102302826,false,פילה סרדין רוברט בשמ,רמירז אנד קה פילהאוס,PT,פילה סרדין רוברט בשמן זית 120 גרם,גרמים,120.00,100 גרם,false,1,13.90,11.5833,true,1,332640
7290102302833,false,גבינת גאודה 150 גרם,,NL,גבינת גאודה 150 גרם פרוס,גרמים,150.00,100 גרם,false,14,19.90,13.2667,true,1,331488
7290102302840,false,גבינת גאודה עיזים 15,,NL,גבינת גאודה עיזים 150 גרם פרוס,גרמים,150.00,100 גרם,false,14,29.90,19.9333,true,1,331489
7290102302864,false,גבינת גאודה פסטו ירו,,NL,גבינת גאודה פסטו ירוק 200 גר,גרמים,200.00,100 גרם,false,,29.90,14.9500,true,1,330720
7290102302871,false,גבינת גאודה פסטו אדו,,NL,גבינת גאודה פסטו אדום 200 גר,גרמים,200.00,100 גרם,false,,29.90,14.9500,true,1,330719
7290102302888,false,גבינת גאודה כמון 200,,NL,גבינת גאודה כמון 200 גר,גרמים,200.00,100 גרם,false,,28.90,14.4500,true,1,330722
7290102302932,false,גאיה קלאסית 150 גרם,,DE,גאיה קלאסית 150 גרם פרוסות,גרמים,150.00,100 גרם,false,1,21.90,14.6000,true,1,334786
7290102302949,false,גאיה בסגנון עיזים 15,,DE,גאיה בסגנון עיזים 150 גרם פרוסות,גרמים,150.00,100 גרם,false,1,21.90,14.6000,true,1,334787
7290102302963,false,גאיה עשבי תיבול 150,,DE,גאיה עשבי תיבול 150 גרם פרוסות,גרמים,150.00,100 גרם,false,1,21.90,14.6000,true,1,334788
7290102302987,false,גאיה בסגנון צדר 150,,DE,גאיה בסגנון צדר 150 גרם פרוסות,גרמים,150.00,100 גרם,false,1,21.90,14.6000,true,1,334789
7290102303687,false,גבינה בולגרית 250גר,,BG,גבינה בולגרית 250גר חלב פרה גבינות נני,גרמים,250.00,100 גרם,false,9,19.90,7.9600,true,1,334799
7290102303694,false,גבינה בולגרית עיזים,,BG,גבינה בולגרית עיזים 250גר גבינות של נני,גרמים,250.00,100 גרם,false,9,24.90,9.9600,true,1,334800
7290102303854,false,גאיה בסגנון מוצרלה 1,,DE,גאיה בסגנון מוצרלה 150 גרם פרוסות,גרמים,150.00,100 גרם,false,1,21.90,14.6000,true,1,345374
7290102303861,false,גאיה בסגנון מעושן 15,,DE,גאיה בסגנון מעושן 150 גרם פרוסות,גרמים,150.00,100 גרם,false,1,21.90,14.6000,true,1,345375
7290102303878,false,חמאת נורמנדי 200 גרם,אלוויר,,חמאת נורמנדי 200 גרם,גרמים,200.00,100 גרם,false,1,17.90,8.9500,true,1,338989
7290102303977,false,טונה רובטר בשמן זית,רמירז אנד קה פילהאוס,PT,טונה רובטר בשמן זית 140 גרם,גרמים,140.00,100 גרם,false,24,11.90,8.5000,true,1,347666
7290102303984,false,טונה רוברט במים 140,רמירז אנד קה פילהאוס,PT,טונה רוברט במים 140 גרם,גרמים,140.00,100 גרם,false,24,10.90,7.7857,true,1,347667
7290102304714,false,גבינת גלוריוס עיזים,,NL,גבינת גלוריוס עיזים 180 גר,גרמים,180.00,100 גרם,false,12,44.90,24.9444,true,1,344850
7290102304721,false,גבינת טרמנדס כמהין 1,,NL,גבינת טרמנדס כמהין 180גר,גרמים,180.00,100 גרם,false,12,38.90,21.6111,true,1,344853
7290102304738,false,גבינת פיור פרפקשיין,,NL,גבינת פיור פרפקשיין 180גר,גרמים,180.00,100 גרם,false,12,38.90,21.6111,true,1,344851
7290102304745,false,גבינת פיור גולד 180ג,,NL,גבינת פיור גולד 180גרם,גרמים,180.00,100 גרם,false,12,38.90,21.6111,true,1,344852
7290102390427,false,מעדן מולר פרוופ תות,טרה,IL,Muller Froop תות 150 מל 3%,מיליליטרים,150.00,"100 מ""ל",false,1,4.90,3.2667,true,1,234926
7290102390465,false,מעדן מולר פרוופ אפרס,טרה,IL,Muller Froop אפרסק פסיפלורה 150 3%,מיליליטרים,150.00,"100 מ""ל",false,1,4.90,3.2667,true,1,234927
7290102390489,false,מעדן מולר פרוופ לימו,טרה,IL,Muller Froop לימון 150 מל 3%,מיליליטרים,150.00,"100 מ""ל",false,1,4.90,3.2667,true,1,234928
7290102391844,false,יוגורט מולר פרופ דיא,טרה,IL,Muller Froop פירות יער 150 מל 3%,מיליליטרים,150.00,"100 מ""ל",false,1,4.90,3.2667,true,1,235812
7290102392049,false,גבינת תבור 5% לאפייה,מחלבת משק צוריאל,,גבינת תבור 5% לאפייה 500 גר,גרמים,500.00,100 גרם,false,1,23.90,4.7800,true,1,236260
7290102392094,false,חלב עיזים 1 ל בקרטון,מחלבת משק צוריאל,IL,חלב עיזים בקרטון 1 ליטר,ליטרים,1.00,ליטר,false,1,14.90,14.9000,true,1,236258
7290102392254,false,חלב 1% בקרטון 2 ל***,טרה,,חלב 1% בקרטון 2 ל***,ליטרים,2.00,ליטר,false,1,11.72,5.8600,true,1,236261
7290102392728,false,יוגורט טבעי 2.8% מול,טרה,IL,מולר ביאנקו נטורל 2.8% 200 ג,גרמים,200.00,100 גרם,false,1,3.90,1.9500,true,1,237484
7290102393039,false,יוגורט מולר מיקס טופ,טרה,IL,Muller mix פצפוצי שוקולד- חדש,גרמים,170.00,100 גרם,false,1,5.90,3.4706,true,1,238015
7290102393060,false,יוגורט מולר מיקס קרמ,טרה,IL,Muller mix גליליות קרם אגוזים - חדש,גרמים,170.00,100 גרם,false,1,5.90,3.4706,true,1,238012
7290102393169,false,מעדן מולר סימפלי פרו,טרה,IL,תות שדה Muller Simply fruit,גרמים,150.00,100 גרם,false,1,5.50,3.6667,true,1,239164
7290102393176,false,מעדן מולר סימפלי פרו,טרה,IL,אפרסק Muller Simply fruit,גרמים,150.00,100 גרם,false,1,5.50,3.6667,true,1,239165
7290102393190,false,מעדן מולר סימפלי פרו,טרה,IL,פירות יער Muller Simply fruit,גרמים,150.00,100 גרם,false,1,5.50,3.6667,true,1,239166
7290102393268,false,גבינה לבנה 5% למריחה,טרה,,גבינה לבנה 5% למריחה 750 ***,גרמים,750.00,100 גרם,false,1,14.94,1.9920,true,1,238236
7290102393299,false,יוגורט עיזים לשתיה,מחלבת משק צוריאל,,יוגורט עיזים לשתיה 3% 500 גרם,גרמים,500.00,100 גרם,false,1,12.90,2.5800,true,1,238662
7290102393718,false,גבינת חלומי בקר 200,מחלבת משק צוריאל,,גבינת חלומי בקר 200 גר,גרמים,200.00,100 גרם,false,1,19.90,9.9500,true,1,238999
7290102393848,false,יוגורט עיזים תות 150,מחלבת משק צוריאל,IL,יוגורט עיזים עם תות 150 גרם,גרמים,150.00,100 גרם,false,1,6.50,4.3333,true,1,239556
7290102393855,false,יוגורט עיזים אפרסק 1,מחלבת משק צוריאל,,יוגורט עיזים אפרסק 150 גר,גרמים,150.00,100 גרם,false,1,6.50,4.3333,true,1,239557
7290102393947,false,מעדן מולר סימפלי פרו,טרה,IL,קיווי Muller Simply fruit,גרמים,150.00,100 גרם,false,1,5.50,3.6667,true,1,240047
7290102394081,false,יוגורט מולר מיקס קרמ,טרה,IL,Muller mix קורנפלקס מצופה - חדש,גרמים,170.00,100 גרם,false,1,5.90,3.4706,true,1,240051
7290102394258,false,גבינת עיזים קשה מהעז,מחלבת משק צוריאל,,גבינת עיזים קשה מהעז 9% 180 גר,גרמים,180.00,100 גרם,false,1,22.90,12.7222,true,1,240681
7290102394463,false,גבינה צהובה פרוסה 50,טרה,IL,וואקום 28% שומן 500 גרם,גרמים,500.00,100 גרם,false,1,26.90,5.3800,true,1,244487
7290102394814,false,חמאה רגילה 200 גרם,,,חמאה רגילה 200 גרם,גרמים,200.00,100 גרם,false,1,7.90,3.9500,true,1,241869
7290102394821,false,גבינה צהובה דק דק פ.,טרה,,גבינה צהובה דק דק פ. חוזרת28% 200גר נועם,גרמים,200.00,100 גרם,false,1,15.90,7.9500,true,1,242120
7290102394845,false,גבינה צהובה דק דק פ.,טרה,IL,דק דק פח 9% 200 גרם,גרמים,200.00,100 גרם,false,1,16.90,8.4500,true,1,242121
7290102395101,false,ממרח גבינה ושוקולד ש,טרה,,ממרח גבינה ושוקולד שוקי 200 גר,גרמים,200.00,100 גרם,false,1,10.90,5.4500,true,1,248890
7290102395217,false,מאגדת 8יח יוגורט ביו,טרה,,מאגדת 8יח יוגורט ביו במתיקות 2% 150מל,מיליליטרים,1200.00,"100 מ""ל",false,1,19.90,1.6583,true,1,244240
7290102395224,false,מארז 8יח יוגורט מולר,טרה,,מארז 8יח יוגורט מולר ביאנקו 1.7% 150 מל,מיליליטרים,1200.00,"100 מ""ל",false,1,17.90,1.4917,true,1,244188
7290102395231,false,מארז 8יח יוגורט מולר,טרה,IL,מאגדת שמינייה 2.8% מולר נטורל,מיליליטרים,1200.00,"100 מ""ל",false,1,17.90,1.4917,true,1,244189
7290102395262,false,מאגדת מולר סימפלי פר,טרה,IL,מאגדת שמינייה סימפלי 3% תות ואפרסק,קילוגרמים,1.20,"ק""ג",false,1,29.90,24.9167,true,1,244860
7290102395378,false,גבינה צהובה 28% בואק,טרה,IL,גבינה צהובה נעם 28% ואקום 360 גרם פרוס,גרמים,360.00,100 גרם,false,1,19.90,5.5278,true,1,244486
7290102395408,false,גבינה צהובה נעם 28%,טרה,IL,חריץ גבינה צהובה נעם 28% בקג מהדרין,קילוגרמים,1.00,"ק""ג",true,1,44.79,44.7900,true,1,245315
7290102395415,false,גבינה צהובה 9% נעם ב,טרה,IL,חריץ גבינה צהובה נעם 9% בקג מהדרין,קילוגרמים,1.00,"ק""ג",true,1,79.00,79.0000,true,1,246232
7290102395422,false,גבינה צהובה נעם 22%,טרה,IL,חריץ גבינה צהובה נעם 22% בקג מהדרין,קילוגרמים,1.00,"ק""ג",true,1,42.58,42.5800,true,1,250066
7290102395439,false,מאגדת מולר סימפלי פר,טרה,IL,מאגדת שמינייה סימפלי פירות יער וקיווי,קילוגרמים,1.20,"ק""ג",false,1,29.90,24.9167,true,1,244859
7290102395446,false,מעדן מוו וניל וקצפת,טרה,IL,מוו וניל קצפת,גרמים,123.00,100 גרם,false,1,2.90,2.3577,true,1,244238
7290102395477,false,מעדן מוו שוקולד עם ק,טרה,IL,מוו שוקולד קצפת,גרמים,123.00,100 גרם,false,1,2.90,2.3577,true,1,244235
7290102395521,false,שמנת לבישול 15% 500מ,טרה,,שמנת לבישול 15% 500מל,מיליליטרים,500.00,"100 מ""ל",false,1,15.90,3.1800,true,1,249912
7290102396399,false,מאגדת 8 יח מעדן שוקו,טרה,,מאגדת 8 יח מעדן שוקולד מו 100 גרם,גרמים,800.00,100 גרם,false,1,12.90,1.6125,true,1,251297
7290102396405,false,מאגדת 8 יח מעדן וניל,טרה,,מאגדת 8 יח מעדן וניל מו 100 גרם,גרמים,800.00,100 גרם,false,1,12.90,1.6125,true,1,251298
7290102396436,false,מעדן מוו שוקולד 1.5%,טרה,IL,מוו מעדן שוקולד 1.5% 125 גרם,גרמים,125.00,100 גרם,false,1,2.90,2.3200,true,1,250934
7290102396443,false,מעדן מוו וניל 1.5% 1,טרה,IL,מוו מעדן וניל 1.5% 125 גרם,גרמים,125.00,100 גרם,false,1,2.90,2.3200,true,1,250936
7290102396580,false,מעדן מוו שוקולד ומוס,טרה,IL,מעדן מוו שוקולד ומוס שוקולד 118 גרם,גרמים,118.00,100 גרם,false,1,2.90,2.4576,true,1,251299
7290102396597,false,מעדן מוו וניל ומוס ש,טרה,IL,מעדן מוו וניל ומוס שוקולד 118 גרם,גרמים,118.00,100 גרם,false,1,2.90,2.4576,true,1,251300
7290102396665,false,גבינה צהובה נועם דק,,,גבינה צהובה נועם דק דק 15% פתח סגור 200ג,גרמים,200.00,100 גרם,false,1,16.50,8.2500,true,1,305063
7290102396672,false,גבינה צהובה נועם דק,,,גבינה צהובה נועם דק דק 9% פתח סגור 360ג,גרמים,360.00,100 גרם,false,1,27.90,7.7500,true,1,305064
7290102396719,false,מעדן מולר תות 0% סימ,טרה,IL,תות 0% Muller Simply fruit,גרמים,150.00,100 גרם,false,1,5.50,3.6667,true,1,253469
7290102396726,false,מעדן מולר אפרסק 0% ס,טרה,IL,אפרסק 0% Muller Simply fruit,גרמים,150.00,100 גרם,false,1,5.50,3.6667,true,1,253468
7290102396733,false,מעדן מולר פירות יער,טרה,,מעדן מולר פירות יער 0% סימפלי פרויט 150ג,גרמים,150.00,100 גרם,false,1,5.50,3.6667,true,1,253467
7290102396740,false,מאגדת מולר סימפלי פר,טרה,IL,מאגדת שמינייה סימפלי 0% תות ואפרסק,קילוגרמים,1.20,"ק""ג",false,1,29.90,24.9167,true,1,253470
7290102396948,false,חלב 3% קרטון 1 ליטר*,,,חלב 3% בקרטון 1 ליטר***,ליטרים,1.00,ליטר,false,1,6.23,6.2300,true,1,254635
7290102396979,false,מעדן מולר אננס 0% סי,טרה,IL,מעדן מולר אננס 0% סימפלי פרויט 150ג,גרמים,150.00,100 גרם,false,1,5.50,3.6667,true,1,307079
7290102397204,false,גבינה צהובה נועם דק,,,גבינה צהובה נועם דק דק 22% פתח סגור 200ג,גרמים,200.00,100 גרם,false,1,16.50,8.2500,true,1,305062
7290102397310,false,מאגדת 8 יח מיני מוו,טרה,,מאגדת 8 יח מיני מוו שוקולד קצפת 100גר,גרמים,800.00,100 גרם,false,1,13.50,1.6875,true,1,308351
7290102397334,false,גבינה בולגרית 5% 250,מחלבת משק צוריאל,,גבינה בולגרית 5% 250גרם בגביע צוריאל,גרמים,250.00,100 גרם,false,1,19.90,7.9600,true,1,307994
7290102397341,false,גבינה בולגרית 24%,מחלבת משק צוריאל,,גבינה בולגרית 24% 250גרם בגביע צוריאל,גרמים,250.00,100 גרם,false,1,19.90,7.9600,true,1,307995
7290102397464,false,יוגורט מולר מיקס טופ,טרה,,יוגורט מולר מיקס טופ פקאן גרעינים חמוציו,גרמים,170.00,100 גרם,false,1,5.90,3.4706,true,1,313347
7290102397600,false,יוגורט מולר מיקס טופ,טרה,,יוגורט מולר מיקס טופ שקדים ובוטנים 170גר,גרמים,170.00,100 גרם,false,1,5.90,3.4706,true,1,309989
7290102397617,false,יוגורט מולר מיקס טופ,טרה,,יוגורט מולר מיקס טופ קליק 170גר,גרמים,170.00,100 גרם,false,1,5.90,3.4706,true,1,309990
7290102397679,false,גבינת קוטג 5% מועשר,טרה,IL,גבינת קוטג 5% מועשר 375 גרם,גרמים,375.00,100 גרם,false,1,8.70,2.3200,true,1,315814
7290102397730,false,גבינת אמנטל נעם 28%,טרה,,גבינת אמנטל נעם 28% 200גר פתיחה חוזרת,גרמים,200.00,100 גרם,false,1,16.90,8.4500,true,1,317682
7290102397747,false,גבינת מוצרלה 200גר ר,טרה,,גבינת מוצרלה 200גר רכיבים טבעיים נועם,גרמים,200.00,100 גרם,false,1,19.60,9.8000,true,1,321130
7290102397891,false,גבינה מותכת משק צורי,משק צוריאל,,גבינה מותכת משק צוריאל 100 גרם,גרמים,100.00,100 גרם,false,1,6.90,6.9000,true,1,313383
7290102398058,false,חלב 3% שקית 1 ליטר מ,טרה,,חלב 3% שקית 1 ליטר מהדרין***וסטהיים,ליטרים,1.00,ליטר,false,1,5.43,5.4300,true,1,318563
7290102398065,false,חלב 3% בקרטון 2 ליטר,טרה,,חלב 3% בקרטון 2 ל*** מהדרין וסט,ליטרים,2.00,ליטר,false,1,12.46,6.2300,true,1,317357
7290102398072,false,חלב 3% בקרטון 1 ליטר,טרה,,חלב 3% בקרטון 1 ליטר מהדרין***מהדרין וסט,ליטרים,1.00,ליטר,false,1,6.23,6.2300,true,1,317358
7290102398140,false,מעדן מולר רייס במתיק,טרה,IL,מעדן מולר רייס במתיקות עדינה 176גר,גרמים,176.00,100 גרם,false,1,5.10,2.8977,true,1,322978
7290102398188,false,מעדן מולר רייס בטעם,טרה,IL,מעדן מולר רייס בטעם תות 176גר,גרמים,176.00,100 גרם,false,1,5.10,2.8977,true,1,322981
7290102398287,false,מעדן מולר פרוופ תות,טרה,,מעדן מולר פרוופ תות 150 מל,מיליליטרים,150.00,"100 מ""ל",false,1,4.90,3.2667,true,1,320941
7290102398294,false,מעדן מולר פרוופ מנגו,טרה,,מעדן מולר פרוופ מנגו 150 גר,מיליליטרים,150.00,"100 מ""ל",false,12,4.90,3.2667,true,1,320940
7290102398331,false,חלב מעושר דל לקטוז 1,טרה,,חלב מעושר דל לקטוז 1 ליטר,ליטרים,1.00,ליטר,false,1,8.10,8.1000,true,1,320944
7290102398478,false,לאבנה 500 גר 9% שומן,טרה,IL,לאבנה 500 גר 9% שומן נעם,גרמים,500.00,100 גרם,false,,15.90,3.1800,true,1,333739
7290102398553,false,שוקו טרה 1.5ליטר בקב,טרה,IL,שוקו טרה 1.5ליטר בקבוק,ליטרים,1.50,ליטר,false,6,16.90,11.2667,true,1,330936
7290102398560,false,שוקו טרה 1ליטר בקבוק,טרה,,שוקו טרה 1ליטר בקבוק,ליטרים,1.00,ליטר,false,1,11.90,11.9000,true,1,323979
7290102398577,false,שוקו מועשר 250מל טרה,טרה,,שוקו מועשר 250מל טרה בקבוק,מיליליטרים,250.00,"100 מ""ל",false,1,5.80,2.3200,true,1,323982
7290102398614,false,משקה חלב בטעם בננה,טרה,,משקה חלב בטעם בננה 1 ליטר בקבוק,ליטרים,1.00,ליטר,false,1,11.90,11.9000,true,1,323980
7290102398638,false,משקה חלב בטעם מוקה,טרה,,משקה חלב בטעם מוקה 1 ליטר בקבוק,ליטרים,1.00,ליטר,false,1,11.90,11.9000,true,1,323981
7290102398652,false,משקה שוקולד אגוזים,טרה,,משקה שוקולד אגוזים 1 ליטר,ליטרים,1.00,ליטר,false,1,11.90,11.9000,true,1,327872
7290102398669,false,אייס קפוצינו 1 ליטר,טרה,,אייס קפוצינו 1 ליטר,ליטרים,1.00,ליטר,false,1,11.90,11.9000,true,1,332133
7290102398782,false,משקה סויה קלאסי 1ליט,מחלבת משק צוריאל,IL,משקה סויה קלאסי 1ליטר צוריאל,ליטרים,1.00,ליטר,false,1,10.90,10.9000,true,1,329968
7290102398799,false,משקה סויה במתיקות מו,מחלבת משק צוריאל,IL,משקה סויה במתיקות מופחתת 1ליטר צוריאל,ליטרים,1.00,ליטר,false,1,10.90,10.9000,true,1,329966
7290102398805,false,משקה סויה בטעם וניל,מחלבת משק צוריאל,IL,משקה סויה בטעם וניל 1 ליטר צוריאל,ליטרים,1.00,ליטר,false,1,10.90,10.9000,true,1,329965
7290102398836,false,משקה שקדים קלאסי 1לי,מחלבת משק צוריאל,IL,משקה שקדים קלאסי 1ליטר צוריאל,ליטרים,1.00,ליטר,false,1,10.90,10.9000,true,1,329969
7290102399048,false,גבינת קשקבל 200 גרם,טרה,,גבינת קשקבל 200 גרם נעם פתיחה חוזרת,גרמים,200.00,100 גרם,false,1,22.90,11.4500,true,1,327923
7290102399703,false,מאגדת מולר סימפלי פר,טרה,,מאגדת מולר סימפלי פרוט מנגו אננס 8יח 150,קילוגרמים,1.20,"ק""ג",false,1,29.90,24.9167,true,1,329153
7290102399772,false,ממרח חמאה מולר ספרדב,טרה,,ממרח חמאה מולר ספרדבל במליחות 250גר,גרמים,250.00,100 גרם,false,1,16.90,6.7600,true,1,333188
7290102399789,false,ממרח חמאה מולר ספרדב,טרה,,ממרח חמאה מולר ספרדבל ללא מלח 250גר,גרמים,250.00,100 גרם,false,1,16.90,6.7600,true,1,333189
7290102399796,false,מעדן מולר אקטיב 25גר,טרה,IL,מעדן מולר אקטיב 25גר חלבון 200גר,גרמים,200.00,100 גרם,false,24,5.50,2.7500,true,1,330935
7290102399802,false,מעדן מולר אקטיב 20גר,טרה,IL,מעדן מולר אקטיב 20גר חלבון תות 200גר,גרמים,200.00,100 גרם,false,24,5.90,2.9500,true,1,330934
7290102399819,false,מעדן מולר אקטיב 20גר,טרה,IL,מעדן מולר אקטיב 20גר חלבון פ.יער 200גר,גרמים,200.00,100 גרם,false,24,5.90,2.9500,true,1,330933
7290102399857,false,מעדן מולר אקטיב 20גר,טרה,IL,מעדן מולר אקטיב 20גר חלבון תות 0% 200גר,גרמים,200.00,100 גרם,false,24,5.90,2.9500,true,1,333191
7290102399864,false,מעדן מולר אקטיב 20גר,טרה,IL,מעדן מולר אקטיב 20גר חלבון אפרסק0% 200גר,גרמים,200.00,100 גרם,false,24,5.90,2.9500,true,1,333192
7290102444922,false,רשת צליה עמוק רשת,,,רשת צליה עמוק רשת 25/33/5סמ,יחידה,1.00,יחידה,false,1,44.90,44.9000,true,1,337205
7290102448838,false,סט 3 צנצנות 0.75ליטר,,,סט 3 צנצנות 0.75ליטר לקיטשן,יחידה,1.00,יחידה,false,1,44.90,44.9000,true,1,337210
7290102454358,false,סט 6 צנצנות תבלינים,,,סט 6 צנצנות תבלינים זכוכית מכסה צבעוני,יחידה,6.00,יחידה,false,1,18.90,3.1500,true,1,334875
7290102455454,false,סט 6 קולבים פלסטיק ל,מגי,,סט 6 קולבים פלסטיק לבן שחור אפור,יחידה,6.00,יחידה,false,1,18.90,3.1500,true,1,329825
7290102457038,false,מחדד גזר פסטל לקיטשן,,,מחדד גזר פסטל לקיטשן,יחידה,1.00,יחידה,false,1,11.90,11.9000,true,1,331422
7290102808588,false,בקבוק ספורט פלסטיק פ,,,בקבוק ספורט פלסטיק פולו 0.8ל כולל שייקר,יחידה,1.00,יחידה,false,1,19.90,19.9000,true,1,339001
7290102809219,false,בקבוק נירוסטה 750מל,,,בקבוק נירוסטה 750מל פולו כחול,יחידה,1.00,יחידה,false,1,24.90,24.9000,true,1,339002
7290103120658,false,דאו.ספיד סטיק גל לגב,Colgate - USA,,דאו.ספיד סטיק גל לגבר שחור 24/7,Unknown,0.00,Unknown,false,1,18.90,0.0000,true,1,235948
7290103121600,false,דאו.ספיד סטיק ספריי,Colgate - Mexico,,דאו.ספיד סטיק ספריי 24/7 כתום 165 מל,מיליליטרים,165.00,"100 מ""ל",false,1,19.90,12.0606,true,1,236852
7290103124588,false,אלסבון פלמוליב משאבה,CP - Turkey+60,,אלסבון פלמוליב משאבה סגול 750 מל,מיליליטרים,750.00,"100 מ""ל",false,1,17.90,2.3867,true,1,240442
7290103124601,false,אלסבון פלמוליב משאבה,CP - Turkey+60,,אלסבון פלמוליב משאבה חלב ודבש 750 מל,מיליליטרים,750.00,"100 מ""ל",false,1,17.90,2.3867,true,1,240441
7290103126797,false,מש.שיניים קולגייט סנ,Colgate - Brazil,,מש.שיניים קולגייט סנסיטיב פרו ריליף75מל,מיליליטרים,75.00,"100 מ""ל",false,1,22.90,30.5333,true,1,239415
7290103128739,false,מקלות אוזניים בלונס,SEPTONA,GR,מקלות אוזניים בלונס לתינוק 50 יח,יחידה,50.00,יחידה,false,72,6.90,0.1380,true,1,242244
7290103129378,false,דאו.ספיד סטיק גל אקט,Colgate - USA,,דאו.ספיד סטיק גל אקטיב אקס 5,גרמים,51.00,100 גרם,false,1,18.90,37.0588,true,1,243905
7290103129408,false,דאו.ליידי ספיד סטיק,Colgate - USA,,דאו.ליידי ספיד סטיק אינפיוזן אורכד65 ג,גרמים,65.00,100 גרם,false,1,18.90,29.0769,true,1,244508
7290103129637,false,פדים אובלים להסרת אי,SEPTONA,GR,פדים אובלים להסרת איפור בלונס40יח,יחידה,40.00,יחידה,false,24,9.50,0.2375,true,1,243901
7290103151508,false,מיכלי אחסון 1 ליטר 5,סנטר פלסט,IL,מיכלי אחסון 1 ליטר 5 יח,יחידה,5.00,יחידה,false,24,11.90,2.3800,true,1,306217
7290103153465,false,קערה בינונית מרובעת,אוריפלסט,IL,קערה בינונית מרובעת חד פעמי,יחידה,1.00,יחידה,false,50,11.90,11.9000,true,1,306114
7290103156312,false,כפות חד פעמי צבעוני,MAZLUM,,כפות חד פעמי צבעוני 100 יח,יחידה,100.00,יחידה,false,1,21.90,0.2190,true,1,306249
7290103156329,false,כפית חד פעמי צבעוני,MAZLUM,,כפית חד פעמי צבעוני 100 יח,יחידה,100.00,יחידה,false,1,21.90,0.2190,true,1,306250
7290103156336,false,מזלגות חד פעמי צבעונ,MAZLUM,,מזלגות חד פעמי צבעוני 100 יח,יחידה,100.00,יחידה,false,1,21.90,0.2190,true,1,306251
7290103156343,false,סכינים חד פעמי צבעונ,MAZLUM,,סכינים חד פעמי צבעוני 100 יח,יחידה,100.00,יחידה,false,1,21.90,0.2190,true,1,306252
7290103156473,false,כפית חד פעמי 100 יח,mazlum,TR,כפית חד פעמי 100 יח לפיד,יחידה,100.00,יחידה,false,40,9.90,0.0990,true,1,306117
7290103156480,false,מזלג חד פעמי 100 יח,mazlum,,מזלג חד פעמי 100 יח לפיד,יחידה,100.00,יחידה,false,1,11.90,0.1190,true,1,306118
7290103156497,false,סכין חד פעמי 100 יח,mazlum,,סכין חד פעמי 100 יח לפיד,יחידה,100.00,יחידה,false,1,11.90,0.1190,true,1,306119
7290103156718,false,כוס שתיה חמה+מכסה טו,WSI INTERNATIONAL LT,CN,כוס שתיה חמה+מכסה טו גו 14 יח,יחידה,14.00,יחידה,false,20,10.90,0.7786,true,1,306127
7290103156930,false,כוסות יהלום חד פעמי,ningbo,CN,כוסות יהלום חד פעמי 40יח,יחידה,40.00,יחידה,false,25,16.90,0.4225,true,1,306245
7290103157159,false,צלחות מרק חד פעמי מי,ningbo,CN,צלחות מרק חד פעמי מילאנו 10יח לבן כסף,יחידה,10.00,יחידה,false,12,25.90,2.5900,true,1,306290
7290103157166,false,צלחת ליפתניה חד פעמי,ningbo,CN,צלחת ליפתניה חד פעמי מילאנו 10יח כסף,יחידה,10.00,יחידה,false,12,14.90,1.4900,true,1,306188
7290103157203,false,צלחות מרק חד פעמי מי,ningbo,CN,צלחות מרק חד פעמי מילאנו 10יח קרם זהב,יחידה,10.00,יחידה,false,12,25.90,2.5900,true,1,306291
7290103157678,false,צלחות גדולות חד פעמי,פאלאס תעשיות נטו (20,,צלחות גדולות חד פעמי 1 קילו לפיד,קילוגרמים,1.00,"ק""ג",false,1,39.90,39.9000,true,1,306276
7290103367992,false,אגרת ברכה ילדים בסיכ,,,אגרת ברכה ילדים בסיכוי,Unknown,0.00,Unknown,false,1,10.00,0.0000,true,1,321600
7290103400194,false,כרוב לבן חתוך 400 גר,,,כרוב לבן חתוך 400 גר בדץ אחלה,גרמים,400.00,100 גרם,false,1,9.00,2.2500,true,1,238482
7290103400231,false,גזר חתוך 400 גר בדץ,,,גזר חתוך 400 גר בדץ אחלה,גרמים,400.00,100 גרם,false,1,9.00,2.2500,true,1,238481
7290103400255,false,סלט קולאסלאו 400 גר,,,סלט קולאסלאו 400 גר בדץ אחלה,גרמים,400.00,100 גרם,false,1,9.00,2.2500,true,1,238509
7290103400378,false,עוגת בראוניס שוקולד,,,עוגת בראוניס עשירה שוקולד380ג כשלפ,גרמים,380.00,100 גרם,false,1,15.90,4.1842,true,1,315533
7290103401429,false,קפה נמס פלטינום ברזי,,,קפה נמס עלית קצב ברזילאי 200 גרם,גרמים,200.00,100 גרם,false,1,25.90,12.9500,true,1,236857
7290103408206,false,עלי חסה ערבית שטופים,,,עלי חסה ערבית שטופים 250 גר קופסא,גרמים,250.00,100 גרם,false,1,10.00,4.0000,true,1,237043
7290103681050,false,יין כרם יחיד ויונייה,,IL,יין כרם יחיד ויונייה 750 מל,מיליליטרים,750.00,"100 מ""ל",false,6,100.00,13.3333,true,1,334382
7290103681173,false,יין תבור הר קברנה סו,תבור,IL,יין תבור הר קברנה סוביניו 750 מל פקדון,מיליליטרים,750.00,"100 מ""ל",false,6,45.00,6.0000,true,1,326686
7290103681180,false,יין תבור הר מרלו 750,תבור,IL,יין תבור הר מרלו 750 מל פיקדון,מיליליטרים,750.00,"100 מ""ל",false,6,45.00,6.0000,true,1,326684
7290103681197,false,יין תבור הר שיראז 75,תבור,IL,יין תבור הר שיראז 750 מל פיקדון,מיליליטרים,750.00,"100 מ""ל",false,6,45.00,6.0000,true,1,326685
7290103681227,false,יין גוורצטרמיננר 750,תבור,IL,יין גוורצטרמיננר 750 מל,מיליליטרים,750.00,"100 מ""ל",false,6,45.00,6.0000,true,1,326688
7290103681241,false,יין תבור מוסקטו 750,תבור,IL,יין תבור מוסקטו 750 מל,מיליליטרים,750.00,"100 מ""ל",false,6,45.00,6.0000,true,1,326690
7290103681289,false,יין אדמה קברנה סובינ,יקב תבור,IL,יין אדמה קברנה סוביניון 750 מל,מיליליטרים,750.00,"100 מ""ל",false,6,60.00,8.0000,true,1,334383
7290103681296,false,יין אדמה מרלו 750 מל,יקב תבור,IL,יין תבור מרלו 750 מל פיקדון,מיליליטרים,750.00,"100 מ""ל",false,6,60.00,8.0000,true,1,331646
7290103681319,false,יין אדמה שרדונה 750,יקב תבור,IL,יין אדמה שרדונה 750 מל,מיליליטרים,750.00,"100 מ""ל",false,6,60.00,8.0000,true,1,334380
7290103681326,false,יין אדמה גוורצטרמינר,יקב תבור,IL,יין אדמה גוורצטרמינר 750 מל,מיליליטרים,750.00,"100 מ""ל",false,6,60.00,8.0000,true,1,334379
7290103681340,false,יין אדמה סוביניון בל,יקב תבור,IL,יין אדמה סוביניון בלאן 750 מל,מיליליטרים,750.00,"100 מ""ל",false,6,60.00,8.0000,true,1,334381
7290103681357,false,יין אדמה רוזה 750 מל,יקב תבור,IL,יין אדמה רוזה 750 מל,מיליליטרים,750.00,"100 מ""ל",false,6,60.00,8.0000,true,1,334384
7290103681371,false,יין תבור מרלו 750 מל,יקב תבור,IL,יין תבור מרלו 750 מל פיקדון,מיליליטרים,750.00,"100 מ""ל",false,6,60.00,8.0000,true,1,326691
7290103681579,false,יין כרם יחיד מרסלאן,יקב תבור,IL,יין כרם יחיד מרסלאן 750 מל,מיליליטרים,750.00,"100 מ""ל",false,1,100.00,13.3333,true,1,334387
7290103681623,false,יין הר מוסקטו רוזה 7,תבור,IL,יין הר מוסקטו רוזה 750 מל,מיליליטרים,750.00,"100 מ""ל",false,6,45.00,6.0000,true,1,329834
7290103681647,false,יין אקו אדום 750 מל,יקב תבור,IL,יין אקו אדום 750 מל,מיליליטרים,750.00,"100 מ""ל",false,6,75.00,10.0000,true,1,334389
7290103681722,false,יין קברנה סוביניון ס,יקב תבור,IL,יין יין קברנה סוביניון סינגל וינאר750 מ,מיליליטרים,750.00,"100 מ""ל",false,1,100.00,13.3333,true,1,347044
7290104059896,false,יין מרלו קרינאן 2012,,,יין מרלו קרינאן 2012 שפיה 750 מל פקדון,מיליליטרים,750.00,"100 מ""ל",false,1,60.00,8.0000,true,1,249667
7290104061417,false,סלט חומוס עם רוטב שו,,,סלט חומוס עם טחינה 400 גר אחלה,גרמים,400.00,100 גרם,false,,10.90,2.7250,true,1,237383
7290104062599,false,מארז 8 גמדים תות בננ,,,מארז 8 גמדים תות בננה מחיר מיוחד 800 גר,גרמים,800.00,100 גרם,false,1,19.90,2.4875,true,1,237465
7290104064012,false,חטיף פסק זמן טו גוד,,,חטיף פסק זמן טו גוד לבן 36 גר,גרמים,36.00,100 גרם,false,1,6.00,16.6667,true,1,323353
7290104065934,false,עלי רוקט שטראוס 150,,,עלי רוקט שטראוס 150 גר,גרמים,150.00,100 גרם,false,1,10.00,6.6667,true,1,238088
7290104067198,false,שוקולד ספלנדיד מריר,,,שוקולד ספלנדיד מריר תפוז 100 גרם,גרמים,100.00,100 גרם,false,1,10.90,10.9000,true,1,238627
7290104067518,false,חטיף כיף כף לבן מגדי,,,חטיף כיף כף לבן מגדים 40 גרם,Unknown,0.00,Unknown,false,1,5.00,0.0000,true,1,338550
7290104068539,false,מסטיק מאסט מלון אבטי,,,מסטיק מאסט מלון אבטיח 28 גר פליפטופ,גרמים,28.00,100 גרם,false,1,5.00,17.8571,true,1,238532
7290104500572,false,חטיף אפרופו איטליאנו,"אסם תעשיות בע""מ",,חטיף תירס אפרופו איטליאנו 50 גרם,גרמים,50.00,100 גרם,false,1,5.00,10.0000,true,1,239820
7290104501661,false,אינסטנט פודינג וניל,"אסם תעשיות בע""מ",,אינסטנט פודינג וניל צרפתי אסם 80 גר,גרמים,80.00,100 גרם,false,1,6.00,7.5000,true,1,239101
7290104501784,false,עוגיות מיני מאפינס ש,בונז'ור,,עוגיות מיני מאפינס שוקוציפס 5 יח 200 גר,גרמים,200.00,100 גרם,false,1,9.90,4.9500,true,1,238714
7290104501807,false,עוגיות מיני מאפינס ש,בונז'ור- תבואות בר,,עוגיות מיני מאפינס שוקולד 5 יח 200 גר,גרמים,200.00,100 גרם,false,1,9.90,4.9500,true,1,238713
7290104504228,false,מארז 5 יח חטיף דובונ,"אסם תעשיות בע""מ",IL,מארז 5 יח חטיף דובונים 20 גר,גרמים,100.00,100 גרם,false,8,13.90,13.9000,true,1,240414
7290104508189,false,גביעי גלידה ממותקים,גילרו,IL,גביעי גלידה ממותקים 24 יח 95 גר,גרמים,95.00,100 גרם,false,12,12.90,13.5789,true,1,239957
7290104508202,false,גביעי גלידה אמריקאים,גילרו,IL,גביעי גלידה אמריקאים 24 יח120 גר,גרמים,120.00,100 גרם,false,12,12.90,10.7500,true,1,239958
7290104508943,false,חטיף במבה קלאסי 200,"אסם תעשיות בע""מ",IL,חטיף במבה קלאסי 200 גר,גרמים,200.00,100 גרם,false,18,11.10,5.5500,true,1,241126
7290104509247,false,עוגת קראנץ טעם שוקול,בונז'ור,,עוגת קראנץ טעם שוקולד 650 גר,גרמים,650.00,100 גרם,false,1,25.90,3.9846,true,1,240397
7290104509353,false,עוגת בריוש פרג 550 ג,בונז'ור,,עוגת בריוש פרג 550 גר,גרמים,550.00,100 גרם,false,1,30.00,5.4545,true,1,240240
7290104570162,false,תמרים כבושים בית שאן,"תמר העמקים בע""מ",,תמרים כבושים 500 גר,גרמים,500.00,100 גרם,false,1,13.90,2.7800,true,1,245843
7290104570629,false,ממרח תמרים צמח 450 ג,"תמר העמקים בע""מ",,ממרח תמרים צמח 450 גרם,גרמים,450.00,100 גרם,false,1,5.90,1.3111,true,1,310743
7290104615221,false,צמחים,,,צמחים,Unknown,0.00,Unknown,false,1,26.00,0.0000,true,1,246735
7290104615252,false,זרים אחידים,,,זרים אחידים,Unknown,0.00,Unknown,false,1,40.00,0.0000,true,1,246738
7290104615283,false,צמחים,,,צמחים,Unknown,0.00,Unknown,false,1,60.00,0.0000,true,1,317919
7290104615337,false,זרים אחידים,,,זרים אחידים,Unknown,0.00,Unknown,false,1,45.00,0.0000,true,1,246669
7290104615429,false,צמחים,,,צמחים,Unknown,0.00,Unknown,false,1,14.00,0.0000,true,1,246678
7290104615979,false,צמחים,,,צמחים,Unknown,0.00,Unknown,false,1,65.00,0.0000,true,1,317885
7290104618369,false,צמחים,,,צמחים,Unknown,0.00,Unknown,false,1,90.00,0.0000,true,1,317890
7290104721533,false,סלט רצועות פלפלים קל,,,סלט רצועות פלפלים קלויים 400 גר אחלה,גרמים,400.00,100 גרם,false,1,16.90,4.2250,true,1,239301
7290104721953,false,לקט ירקות מסולסלים 3,,,לקט ירקות מסולסלים 350 גר,גרמים,350.00,100 גרם,false,1,13.00,3.7143,true,1,238767
7290104722530,false,חטיף תפוציפס שמנת בצ,STRAUSS-ISRAEL,,חטיף תפוציפס שמנת בצל 200 גרם,גרמים,200.00,100 גרם,false,1,11.00,5.5000,true,1,238820
7290104724718,false,שוקולד פרה במילוי נו,,IL,שוקולד פרה במילוי נוגט 100 ג מגדים,גרמים,100.00,100 גרם,false,1,5.90,5.9000,true,1,307409
7290104725326,false,גבינת קוטג 5% 400 גר,,,גבינת קוטג 5% 400 גר שטראוס,גרמים,400.00,100 גרם,false,1,9.40,2.3500,true,1,314274
7290104726262,false,מארז 4 יח דני לשתיה,,,מארז 4 יח דני לשתיה 500גר,גרמים,500.00,100 גרם,false,1,11.90,2.3800,true,1,239525
7290104729003,false,שמן זית כתית מעולה 7,,,שמן זית כתית מעולה 750 מל יד מרדכי,מיליליטרים,750.00,"100 מ""ל",false,1,32.90,4.3867,true,1,239729
7290104850660,false,מגש אובלי חד פעמי אל,,,מגש אובלי חד פעמי אלגנט קרם 25 יח,יחידה,25.00,יחידה,false,1,34.90,1.3960,true,1,254924
7290104850868,false,צלחות חד פעמי אלגנט,,,צלחות חד פעמי אלגנט 10 קרם 25 יח,יחידה,25.00,יחידה,false,1,29.90,1.1960,true,1,254970
7290104850981,false,צלחות אלגנט חד פעמי,,,צלחות אלגנט חד פעמי גדולות קרם 25 יח,יחידה,25.00,יחידה,false,1,18.90,0.7560,true,1,254893
7290104851339,false,צלחות אלגנט חד פעמי,,,צלחות אלגנט חד פעמי קטנות קרם 25 יח,יחידה,25.00,יחידה,false,1,11.90,0.4760,true,1,254902
7290104851674,false,קערית אובלית חד פעמי,,,קערית אובלית חד פעמי אלגנט קרם25 יח,יחידה,25.00,יחידה,false,1,9.90,0.3960,true,1,254931
7290104852152,false,נריות בקופסא 6 שעות,פאלאס תעשיות נטו (20,IL,נריות בקופסא 6 שעות 72 יח פאלאס,יחידה,72.00,יחידה,false,12,29.90,0.4153,true,1,313242
7290104852428,false,נרות שבת 6יח 140 גרם,פאלאס תעשיות נטו (20,IL,נרות שבת 6יח 140 גרם,גרמים,140.00,100 גרם,false,36,4.90,3.5000,true,1,306323
7290104852435,false,נרות שבת 8יח 140 גרם,פאלאס תעשיות נטו (20,IL,נרות שבת 8יח 140 גרם,גרמים,140.00,100 גרם,false,36,4.90,3.5000,true,1,306324
7290104852459,false,נרות שבת 12יח 140 גר,פאלאס תעשיות נטו (20,IL,נרות שבת 12יח 140 גרם,גרמים,140.00,100 גרם,false,36,4.90,3.5000,true,1,306326
7290104852473,false,נרות שבת 20יח 140 גר,פאלאס תעשיות נטו (20,IL,נרות שבת 20יח 140 גרם,גרמים,140.00,100 גרם,false,36,4.90,3.5000,true,1,306328
7290104852756,false,כוס שתיה קרה 100 יח,,,כוס שתיה קרה 100 יח שקוף 180 מל,יחידה,100.00,יחידה,false,1,5.50,0.0550,true,1,254820
7290104852794,false,תבנית אלומיניום לאוב,פאלאס,IL,תבנית אלומיניום לאובן 13יח פאלאס,יחידה,13.00,יחידה,false,1,12.90,0.9923,true,1,309227
7290104852800,false,תבנית אלומיניום מלבן,פאלאס,IL,תבנית אלומיניום מלבן לתנור+מכסה 10יח פאל,יחידה,10.00,יחידה,false,1,12.90,1.2900,true,1,309228
7290104855184,false,קעריות אובלי חד פעמי,ningbo,CN,קעריות אובלי חד פעמי 10יח לבן זהב מילאנו,יחידה,10.00,יחידה,false,12,17.90,1.7900,true,1,308467
7290104856914,false,מפות שולחן אל בד 2יח,ningbo,CN,מפות שולחן אל בד 2יח 2.7/1.2סמ לפיד,יחידה,2.00,יחידה,false,12,12.90,6.4500,true,1,309225
7290104857119,false,צלחות גדולות חד פעמי,פאלאס,,צלחות גדולות חד פעמי 100 יח לפיד,יחידה,100.00,יחידה,false,1,39.90,0.3990,true,1,332266
7290104857416,false,כוסות קרטון חד פעמי,,,כוסות קרטון חד פעמי 8אונז 50יח פאלאס,יחידה,50.00,יחידה,false,1,9.90,0.1980,true,1,324980
7290104858161,false,כוסות שתייה חמה חד פ,WSI INTERNATIONAL LT,,כוסות שתייה חמה חד פעמי 4 אונז 50 יח,יחידה,50.00,יחידה,false,1,7.90,0.1580,true,1,312156
7290104858178,false,כוסות קרטון חד פעמי,WSI INTERNATIONAL LT,,כוסות קרטון חד פעמי 10אונז 50יח פאלאס,יחידה,50.00,יחידה,false,1,14.90,0.2980,true,1,312157
7290104859410,false,צלחות גדולות חד פעמי,פאלאס תעשיות נטו (20,,צלחות גדולות חד פעמי 1 קילו לפיד,קילוגרמים,1.00,"ק""ג",false,1,44.90,44.9000,true,1,347025
7290104859564,false,מפיות מודפסות 20 יח,IHR,,מפיות מודפסות 20 יח 3 שכבות,יחידה,20.00,יחידה,false,1,8.00,0.4000,true,1,324051
7290104859786,false,תבנית אלומיניום בינו,,,תבנית אלומיניום בינונית 7יח אר31 פאלאס,יחידה,7.00,יחידה,false,1,8.90,1.2714,true,1,323775
7290104859793,false,תבנית אלומיניום ענקי,,,תבנית אלומיניום ענקיות 4יח אר99 פאלאס,יחידה,4.00,יחידה,false,1,8.90,2.2250,true,1,323777
7290104859809,false,תבנית אלומיניום אינג,,,תבנית אלומיניום אינגליש קייק14יח אר88פאל,יחידה,14.00,יחידה,false,1,8.90,0.6357,true,1,323776
7290104859816,false,תבנית אלומיניום מלבן,,,תבנית אלומיניום מלבן בינוני 7יח אר2 פאלא,יחידה,7.00,יחידה,false,1,8.90,1.2714,true,1,323773
7290104859823,false,תבנית אלומיניום מלבן,,,תבנית אלומיניום מלבן עמוק 8יח אר64פאלאס,יחידה,8.00,יחידה,false,1,9.90,1.2375,true,1,323135
7290104859830,false,תבנית אלומיניום עגול,,,תבנית אלומיניום עגול גדול 8 יח פאלאס,יחידה,8.00,יחידה,false,8,10.90,1.3625,true,1,324254
7290104960239,false,אלסבון נקה 7 ארומה ל,,,אלסבון נקה 7 ארומה לבן 750 מל,מיליליטרים,750.00,"100 מ""ל",false,1,12.90,1.7200,true,1,239639
7290104960246,false,אלסבון נקה 7 ארומה ו,,,אלסבון נקה 7 ארומה ורוד 750 מל,מיליליטרים,750.00,"100 מ""ל",false,1,12.90,1.7200,true,1,239640
7290104960253,false,אלסבון נקה 7 ארומה ל,,,אלסבון נקה 7 ארומה לבנדר 750 מל,מיליליטרים,750.00,"100 מ""ל",false,1,12.90,1.7200,true,1,239641
7290104960352,false,אלסבון נקה שקד וניל,,,אלסבון נקה שקד וניל ארומה 750 מל,מיליליטרים,750.00,"100 מ""ל",false,1,12.90,1.7200,true,1,323158
7290104960970,false,דאו.ספריי טיטניום מט,,,דאו.ספריי טיטניום מטאל 180 מל,מיליליטרים,180.00,"100 מ""ל",false,1,17.90,9.9444,true,1,240794
7290104961205,false,ת.רחצה נקה מגע קטיפה,,,ת.רחצה נקה מגע קטיפה מלפפון750מל,מיליליטרים,750.00,"100 מ""ל",false,1,12.90,1.7200,true,1,242060
7290104961243,false,ת.רחצה נקה מגע קטיפה,,,ת.רחצה נקה מגע קטיפה קוקוס ליים750מל,מיליליטרים,750.00,"100 מ""ל",false,1,12.90,1.7200,true,1,242062
7290104961250,false,ת.רחצה נקה מגע קטיפה,,,ת.רחצה נקה מגע קטיפה וניל מאסק750מל,מיליליטרים,750.00,"100 מ""ל",false,1,12.90,1.7200,true,1,242063
7290104961878,false,שמפו קרטין אינטנס נט,,,שמפו קרטין אינטנס נטורל פורמולה 400מל,מיליליטרים,400.00,"100 מ""ל",false,1,27.90,6.9750,true,1,244666
7290104961885,false,מרכך קרטין אינטנס נט,,,מרכך קרטין אינטנס נטורל פורמולה 400מל,מיליליטרים,400.00,"100 מ""ל",false,1,27.90,6.9750,true,1,244667
7290104961892,false,מסכת שיער קרטין אינט,,,מסכת שיער קרטין אינטנס 350 מל,מיליליטרים,350.00,"100 מ""ל",false,1,34.90,9.9714,true,1,255570
7290104962073,false,דאו.ספריי טיטניום גו,,,דאו.ספריי טיטניום גולד 180 מל,מיליליטרים,180.00,"100 מ""ל",false,1,17.90,9.9444,true,1,247596
7290104962134,false,דאו קרליין רול און נ,,,דאו קרליין רול און נושם נערות 75 מל,מיליליטרים,75.00,"100 מ""ל",false,1,12.90,17.2000,true,1,248875
7290104962684,false,קרליין דאו רול און נ,,,קרליין דאו רול און נושם ללא אלומיניום 75,מיליליטרים,75.00,"100 מ""ל",false,1,12.90,17.2000,true,1,253513
7290104962844,false,שמפו אמפולה אינטנס נ,,,שמפו אמפולה אינטנס נטורל פורמולה 400 מל,מיליליטרים,400.00,"100 מ""ל",false,1,27.90,6.9750,true,1,255723
7290104962851,false,מרכך אמפולה אינטנס נ,,,מרכך אמפולה אינטנס נטורל פורמולה 400 מל,מיליליטרים,400.00,"100 מ""ל",false,1,27.90,6.9750,true,1,255724
7290104962868,false,מסכת שיער אמפולה אינ,,,מסכת שיער אמפולה אינטנס נטורל פורמולה350,מיליליטרים,350.00,"100 מ""ל",false,1,34.90,9.9714,true,1,255725
7290104963001,false,מארז 4יח מגבוני סופט,סנו,IL,מארז 4יח מגבוני סופטקר בניחוח עדין,יחידה,4.00,יחידה,false,6,18.90,4.7250,true,1,309138
7290104963018,false,מארז 4יח מגבוני סופט,סנו,IL,מארז 4יח מגבוני סופטקר ללא בישום,יחידה,4.00,יחידה,false,6,19.90,4.9750,true,1,309139
7290104963216,false,אל סבון סופטקר עדין,סנו,,אל סבון סופטקר עדין 1 ליטר,ליטרים,1.00,ליטר,false,1,16.90,16.9000,true,1,309812
7290104963650,false,שמפו סופטקר אל דמע 1,סנו,,שמפו סופטקר אל דמע 1 ליטר,ליטרים,1.00,ליטר,false,1,16.90,16.9000,true,1,309811
7290104963988,false,קרם הגנה סקין גארדרו,,,קרם הגנה סקין גארדרול און לילדים מס 50,Unknown,0.00,Unknown,false,6,26.90,0.0000,true,1,321461
7290104964008,false,תחליב הגנה סקין גארד,,,תחליב הגנה סקין גארד ילדים מס30 300מל,מיליליטרים,300.00,"100 מ""ל",false,1,44.90,14.9667,true,1,308748
7290104964701,false,קרם הגנה לפנים סקינג,,,קרם הגנה לפנים סקינגארד לגולשים 50,Unknown,0.00,Unknown,false,1,44.90,0.0000,true,1,326780
7290104964718,false,תחליב הגנה סקינגארד,,,תחליב הגנה סקינגארד ווט סקין 50 300מל,מיליליטרים,300.00,"100 מ""ל",false,1,46.90,15.6333,true,1,326779
7290104965647,false,דאודורנט קרליין רול,,,דאודורנט קרליין רול און נושם סוויט קיס75,מיליליטרים,75.00,"100 מ""ל",false,1,12.90,17.2000,true,1,337557
7290104965661,false,דאו קרליין ספריי נוש,,,דאו קרליין ספריי נושם בנות סוויט קיס 200,מיליליטרים,200.00,"100 מ""ל",false,1,12.90,6.4500,true,1,337556
7290105360250,false,קפסולות אספרסו 9 מקי,,,קפסולות אספרסו מקיאטו 10 יח,יחידה,10.00,יחידה,false,1,17.00,1.7000,true,1,244299
7290105360328,false,קפסולות אספרסו 10 חז,,,קפסולות אספרסו חזק 10 יח,יחידה,10.00,יחידה,false,1,17.00,1.7000,true,1,244301
7290105360335,false,קפסולות אספרסו 7 מעו,,,קפסולות אספרסו מעודן 10 יח,יחידה,10.00,יחידה,false,1,17.00,1.7000,true,1,244300
7290105360878,false,מארז 4יח תפוציפס 50ג,STRAUSS-ISRAEL,,מארז 4יח תפוציפס 50גר,גרמים,200.00,100 גרם,false,8,10.90,5.4500,true,1,326156
7290105363602,false,חטיף כיף כף מקלות שו,,,חטיף כיף כף מקלות שוקולד אגוזים42גר,Unknown,0.00,Unknown,false,1,5.50,0.0000,true,1,244012
7290105364289,false,חטיף כיף כף מקלות שו,,,חטיף כיף כף מקלות שוקולד פצפוצים42גר,Unknown,0.00,Unknown,false,1,5.50,0.0000,true,1,244013
7290105364302,false,חטיף כיף כף מקלות שו,,,חטיף כיף כף מקלות שוקולד אגוז 42גר,Unknown,0.00,Unknown,false,1,5.50,0.0000,true,1,244011
7290105364784,false,שוק.פרה קראנץ לבן בי,,,שוק.פרה לבן קראנץ ביסקוויט 100 גר,גרמים,100.00,100 גרם,false,1,6.50,6.5000,true,1,243881
7290105364883,false,ביסקויט עד חצות שוקו,,,ביסקויט חצות שוקולד לבן 200 גר,גרמים,200.00,100 גרם,false,1,13.50,6.7500,true,1,242403
7290105366023,false,סלט חציל בטעם כבד 40,,,סלט חציל בטעם כבד 400 גר אחלה,גרמים,400.00,100 גרם,false,1,16.90,4.2250,true,1,240676
7290105368294,false,שום ישראלי קלוף 120,,,שום ישראלי קלוף 120 גרם אחלה,גרמים,120.00,100 גרם,false,1,10.90,9.0833,true,1,323650
7290105368331,false,מעדן מילקי תות 133 ג,,,מעדן מילקי תות 133 גרם,גרמים,133.00,100 גרם,false,1,2.90,2.1805,true,1,242754
7290105368904,false,שמנת מתוקה 32% 241 מ,,,שמנת מתוקה 32% 241 מל,מיליליטרים,241.00,"100 מ""ל",false,24,7.90,3.2780,true,1,243603
7290105369147,false,שוקולד ספלנדיד פירות,,,שוקולד ספלנדיד פירות יער 100 גר,גרמים,100.00,100 גרם,false,1,10.90,10.9000,true,1,242040
7290105369451,false,חטיף ציטוס דולפינים,STRAUSS-ISRAEL,,חטיף ציטוס דולפינים 55 גר,Unknown,0.00,Unknown,false,1,3.60,0.0000,true,1,241274
7290105430458,false,אלסבון פלמוליב משאבה,CP - Turkey+60,,אלסבון פלמוליב משאבה שקדים 750 מל,מיליליטרים,750.00,"100 מ""ל",false,1,17.90,2.3867,true,1,246069
7290105430496,false,דאו. ליידי ספיד סטיק,Colgate - Mexico,,דאו. ליידי ספיד סטיק ספריי סטיינג 100 ג,מיליליטרים,100.00,"100 מ""ל",false,1,19.90,19.9000,true,1,245720
7290105431516,false,חטיף פרי תמרים בוטני,FREE,,חטיף פרי תמרים בוטנים 5 יח 125 גר,גרמים,125.00,100 גרם,false,1,16.90,13.5200,true,1,245110
7290105431868,false,אלסבון פלמוליב ספא ק,CP - Turkey+60,TR,אלסבון פלמוליב ספא קוקוס גרגרים 500 מל,מיליליטרים,500.00,"100 מ""ל",false,12,16.90,3.3800,true,1,248266
7290105431950,false,דאו.ליידי ספיד לסט פ,Colgate - Belgium,,דאו.ליידי ספיד לסט פרש אסנס ספריי אבטיח,מיליליטרים,150.00,"100 מ""ל",false,1,19.90,13.2667,true,1,250302
7290105433961,false,דאו.ליידי ספיד לסט פ,Colgate - Belgium,,דאו.ליידי ספיד לסט פרש אסנס ספריי דובדבן,מיליליטרים,150.00,"100 מ""ל",false,1,19.90,13.2667,true,1,250303
7290105433985,false,דאו.ליידי ספיד סטיק,Colgate - USA,,דאו.ליידי ספיד סטיק לסט פרש דובדבן 65גר,גרמים,60.00,100 גרם,false,1,18.90,31.5000,true,1,250305
7290105434029,false,דאו.ספיד סטיק ספריי,Colgate - Mexico,,דאו.ספיד סטיק ספריי נוטרו 165 מל,מיליליטרים,165.00,"100 מ""ל",false,1,19.90,12.0606,true,1,253511
7290105434050,false,דאו.ספיד סטיק ירוק ר,,,דאו.ספיד סטיק ירוק רגולר לגבר 85 גרם,גרמים,85.00,100 גרם,false,1,18.90,22.2353,true,1,305352
7290105436382,false,מארז חטיף פריי תמר ק,FREE,,מארז חטיף פריי תמר קשיו 125יח,גרמים,125.00,100 גרם,false,1,16.90,13.5200,true,1,251074
7290105438539,false,נייר אפיה קוקי 40 יח,OPAL,,נייר אפיה קוקי 40 יח,יחידה,40.00,יחידה,false,1,9.90,0.2475,true,1,253540
7290105438546,false,נייר אפיה קוקי אקולו,OPAL,,נייר אפיה קוקי אקולוגי 40 יח,יחידה,40.00,יחידה,false,1,10.90,0.2725,true,1,253541
7290105439499,false,מיונז הולנדי מאסטר ש,רמייה,NL,מיונז הולנדי מאסטר שף 481 גרם,גרמים,481.00,100 גרם,false,12,11.90,2.4740,true,1,308387
7290105439505,false,מיונז הולנדי לייט מא,רמייה,,מיונז הולנדי לייט מאסטר שף 497 גרם,גרמים,497.00,100 גרם,false,12,11.90,2.3944,true,1,311695
7290105439581,false,חרדל דיזון צרפתי מאס,COVINOR,,חרדל דיזון צרפתי מאסטר 370 גרם,Unknown,0.00,Unknown,false,1,11.90,0.0000,true,1,308388
7290105439598,false,חרדל דיזון צרפתי גרג,COVINOR,,חרדל דיזון צרפתי גרגירים מאסטר 370 גרם,Unknown,0.00,Unknown,false,1,11.90,0.0000,true,1,308389
7290105473950,false,חול חתולים מתגבש יור,יורוקיטי,,חול חתולים מתגבש יורוקיטי 5 קג,קילוגרמים,5.00,"ק""ג",false,1,42.90,8.5800,true,1,249407
7290105474124,false,מזון כלבים בונזו בשר,בונזו,,מזון כלבים בונזו בשר 12 קג מחולק,קילוגרמים,12.00,"ק""ג",false,1,115.00,9.5833,true,1,248230
7290105478320,false,מארז 4מעדן לה קט סלמ,לה קט,FR,מארז 4מעדן לה קט סלמון ועוף 100 גר,גרמים,400.00,100 גרם,false,8,15.00,3.7500,true,1,323642
7290105500151,false,וודקה פינלנדיה 700 מ,בראון פורמן,FI,וודקה פינלנדיה 700 מל פקדון,מיליליטרים,700.00,"100 מ""ל",false,6,65.00,9.2857,true,1,243173
7290105500236,false,וויסקי גק דניאלס 700,בראון פורמן,US,וויסקי גק דניאלס 700 מל פקדון,מיליליטרים,700.00,"100 מ""ל",false,6,110.00,15.7143,true,1,244571
7290105500557,false,קוניאק דופוי וי אס 7,,,קוניאק דופוי וי אס 750 מל פקדון,מיליליטרים,750.00,"100 מ""ל",false,1,175.00,23.3333,true,1,248385
7290105500564,false,קוניאק דופוי וי אס,,,קוניאק דופוי וי אס או פי 750מל פקדון,מיליליטרים,750.00,"100 מ""ל",false,1,285.00,38.0000,true,1,248386
7290105500939,false,יין סנסר לה שאטו 75,lacheteau,,יין לה שאטו סנסר 750 מל פקדון,מיליליטרים,750.00,"100 מ""ל",false,1,100.00,13.3333,true,1,248382
7290105500953,false,וויסקי גק דניאלס דבש,,,וויסקי גק דניאלס דבש 700 מל פקדון,מיליליטרים,70000.00,"100 מ""ל",false,1,110.00,0.1571,true,1,249236
7290105500984,false,בוכא בוקובזה כשר 700,,,בוכא בוקובזה כשר 700 מל,מיליליטרים,70000.00,"100 מ""ל",false,1,139.00,0.1986,true,1,249705
7290105501387,false,מארז וודקה פינלנדיה+,בראון פורמן,FI,וודקה פינלנדיה פלוס כוס 700 מל,מיליליטרים,700.00,"100 מ""ל",false,6,65.00,9.2857,true,1,329584
7290105501448,false,מארז ליקר אמארו מונט,,,מארז ליקר אמארו מונטנגרו 700מל+טוניק 200,מיליליטרים,700.00,"100 מ""ל",false,6,110.00,15.7143,true,1,334967
7290105501547,false,ומארז ודקה גריי גוס,בקרדי מרטיני,,ומארז ודקה גריי גוס + כוס מתכת 700 מל,מיליליטרים,700.00,"100 מ""ל",false,6,119.00,17.0000,true,1,343475
7290105691224,false,חטיפי פריכונים טורטי,פרח תעשיות,IL,חטיפי פריכונים טורטיה שום ובצל 60 גר,גרמים,60.00,100 גרם,false,12,7.90,13.1667,true,1,241128
7290105691248,false,חטיפי פריכונים טורטי,פרח תעשיות,,חטיפי פריכונים טורטיה תירס 60 גר,גרמים,60.00,100 גרם,false,1,7.90,13.1667,true,1,241127
7290105691712,false,עוגיות חיטה מלאה הפס,"אסם תעשיות בע""מ",IL,עוגיות חיטה מלאה הפסקת קפה 230 גר,גרמים,230.00,100 גרם,false,12,11.50,5.0000,true,1,242503
7290105691897,false,קוסקוס אסם חיטה מלאה,קוסקוס,,קוסקוס אסם עם חיטה מלאה 350 גר,גרמים,350.00,100 גרם,false,1,7.90,2.2571,true,1,242193
7290105691934,false,קמח שמרים אסם 1 קג,תחנת קמח המפרץ,,קמח שמרים אסם 1 קג,קילוגרמים,1.00,"ק""ג",false,1,9.90,9.9000,true,1,243528
7290105692474,false,עוגת בראוניס קוקוס כ,"אסם תעשיות בע""מ",,עוגת בראוניס קוקוס כשלפ 430 ג,גרמים,430.00,100 גרם,false,1,12.90,3.0000,true,1,241926
7290105692498,false,עוגת בראוניס כשלפ 43,"אסם תעשיות בע""מ",,עוגת בראוניס כשלפ 430 ג,גרמים,430.00,100 גרם,false,1,12.90,3.0000,true,1,241925
7290105692511,false,עוגת שיש כשלפ 350 ג,"אסם תעשיות בע""מ",,עוגת שיש כשלפ 350 ג,גרמים,350.00,100 גרם,false,1,11.90,3.4000,true,1,241928
7290105692535,false,עוגת שוקולד ציפס כשל,"אסם תעשיות בע""מ",,עוגת שוקולד ציפס כשלפ 350 ג,גרמים,350.00,100 גרם,false,1,11.90,3.4000,true,1,241927
7290105692771,false,תערובת להכנת לחמניות,"אסם תעשיות בע""מ",,תערובת להכנת לחמניות לפסח 200 גר,גרמים,200.00,100 גרם,false,1,9.90,4.9500,true,1,241954
7290105693341,false,מארז 10 יח חטיף במבה,"אסם תעשיות בע""מ",IL,מארז 10 יח חטיף במבה 25 גר,גרמים,250.00,100 גרם,false,15,15.90,6.3600,true,1,248444
7290105693457,false,עוגת הבית דמקה שוקו,"אסם תעשיות בע""מ",IL,עוגת הבית דמקה שוקו וניל 320 גר,גרמים,320.00,100 גרם,false,8,12.90,4.0313,true,1,242501
7290105693952,false,פירורית זהב שומשום 2,עינת,,פירורית זהב שומשום 200 גרם,גרמים,200.00,100 גרם,false,1,6.50,3.2500,true,1,242701
7290105694614,false,פסטה אסם ספגטי מהיר,זארה,IT,ספגטי אוסם מהיר הכנה 500 גר,גרמים,500.00,100 גרם,false,18,6.90,1.3800,true,1,243135
7290105694904,false,אבקת מרק פטריות ר.טב,"אסם תעשיות בע""מ",IL,אבקת מרק פטריות ר.טבעיים 220 גר,גרמים,220.00,100 גרם,false,6,14.90,6.7727,true,1,243685
7290105694928,false,אבקת מרק בצל ר.טבעיי,"אסם תעשיות בע""מ",IL,אבקת מרק בצל ר.טבעיים 220 גר,גרמים,220.00,100 גרם,false,6,14.90,6.7727,true,1,243686
7290105695024,false,פתיתים אפויים אוסם א,"אסם תעשיות בע""מ",,פתיתים אפויים אוסם אורז איטריות 500 גר,גרמים,500.00,100 גרם,false,1,7.90,1.5800,true,1,244170
7290105695321,false,עוגת בראוניס פאדג 38,"אסם תעשיות בע""מ",,עוגת בראוניס פאדג 380 גר שמו,גרמים,380.00,100 גרם,false,1,16.90,4.4474,true,1,242913
7290105695895,false,עוגת דמקה דבש בחושה,"אסם תעשיות בע""מ",,עוגת דמקה דבש בחושה 320 ג,גרמים,320.00,100 גרם,false,1,10.90,3.4063,true,1,243133
7290105961181,false,פונץ בננה יטבתה בקבו,,,פונץ בננה יטבתה בקבוק 1 ליטר,ליטרים,1.00,ליטר,false,1,12.10,12.1000,true,1,242259
7290105963864,false,חזרת אחלה 220 גרם,,,חזרת אחלה 220 גרם,גרמים,220.00,100 גרם,false,1,12.90,5.8636,true,1,243533
7290105964564,false,סלט חומוס אחלה 400ג,שטראוס,IL,סלט חומוס אחלה 400ג ותוספת 100ג,גרמים,400.00,100 גרם,false,6,8.90,2.2250,true,1,242758
7290105965509,false,שוקולד ספלנדיד מוס ג,,,שוקולד ספלנדיד מוס גאנדויה100 גר,גרמים,100.00,100 גרם,false,1,10.90,10.9000,true,1,305234
7290105965516,false,שוקולד ספלנדיד מוס א,,,שוקולד ספלנדיד מוס אספרסו 100 גר,גרמים,100.00,100 גרם,false,1,10.90,10.9000,true,1,305233
7290105968098,false,סלט קולסלאו 500 גר,שטראוס,,סלט קולסלאו 500 גר,גרמים,500.00,100 גרם,false,1,16.50,3.3000,true,1,243845
7290105968654,false,רביולי בטטה 400 גר,שטראוס,,רביולי בטטה 400 גר,גרמים,400.00,100 גרם,false,1,19.90,4.9750,true,1,243844
7290105968777,false,פרכיות אנרגי שוקולד,,,פרכיות אנרגי שוקולד מריר70 גר,גרמים,70.00,100 גרם,false,1,7.90,11.2857,true,1,245851
7290106399679,false,מספריים לילדים פיקס,,,מספריים לילדים פיקס 5.5,Unknown,0.00,Unknown,false,1,9.90,0.0000,true,1,326769
7290106506961,false,תחבושות אולוויז רדיא,פרוקטר אנד גמבל,HU,תחבושות אולוויז רדיאנט לונג פלוס 20יח,יחידה,20.00,יחידה,false,8,32.90,1.6450,true,1,317624
7290106520066,false,גלילי ופל רבע לשבע 1,,,גלילי ופל רבע לשבע 160 גר,גרמים,160.00,100 גרם,false,1,11.90,7.4375,true,1,244016
7290106520288,false,דנונה וואו תות 150גר,שטראוס,,דנונה וואו תות 150גרם 2.4% שומן,גרמים,150.00,100 גרם,false,1,4.90,3.2667,true,1,307863
7290106520905,false,סלט טורקי 400 גר,,,סלט טורקי 400 גר,גרמים,400.00,100 גרם,false,1,16.90,4.2250,true,1,244864
7290106520912,false,שמנת לבישול מפוסטרת,,,שמנת לבישול מפוסטרת 9% 250מל יטבתה,גרמים,250.00,100 גרם,false,1,8.90,3.5600,true,1,246016
7290106521049,false,סלט קוביות סלק 400גר,,,סלט קוביות סלק 400גר אחלה ט.השוק,גרמים,400.00,100 גרם,false,1,16.90,4.2250,true,1,247595
7290106521612,false,מארז 4יח וופל טורטית,,,מאגדת 4יח וופל טורטית160 גר,גרמים,160.00,100 גרם,false,1,12.90,8.0625,true,1,245562
7290106521629,false,מארז 4 יח וופל טוויס,,,מאגדת 4 יח וופל טוויסט 112 גר,גרמים,112.00,100 גרם,false,1,12.90,11.5179,true,1,245560
7290106521650,false,מארז 4 יח וופל טעמי,,,מאגדת 4 יח וופל טעמי 160 גר,גרמים,160.00,100 גרם,false,1,12.90,8.0625,true,1,245563
7290106521926,false,קפה טורקי 150 ג עלית,,,קפה טורקי 150 ג עלית,גרמים,150.00,100 גרם,false,1,10.90,7.2667,true,1,332842
7290106524439,false,חטיף תפוציפס פופס 60,STRAUSS-ISRAEL,,חטיף תפוציפס פופס 60 גר,Unknown,0.00,Unknown,false,1,4.00,0.0000,true,1,320570
7290106525320,false,שוקולית לאפיה 500 גר,,,שוקולית לאפיה 500 גר,גרמים,500.00,100 גרם,false,1,15.90,3.1800,true,1,250285
7290106525368,false,גלילי וופל רבע לשבע,,,גלילי וופל רבע לשבע אין סייד אוט 125 גר,גרמים,125.00,100 גרם,false,1,11.90,9.5200,true,1,318484
7290106525399,false,קפסולות אספרסו 6 ברז,,,קפסולות אספרסו ברזיל 10 יח,יחידה,10.00,יחידה,false,1,17.00,1.7000,true,1,309473
7290106525405,false,קפסולות אספרסו נטול,,,קפסולות נטול קפאין 10 יח 50 גר,יחידה,10.00,יחידה,false,1,17.00,1.7000,true,1,251142
7290106526822,false,פרכיות אנרגי שוקולד,,,פרכיות אנרגי שוקולד חלב80 גר,Unknown,0.00,Unknown,false,1,7.90,0.0000,true,1,249115
7290106528567,false,חטיף דוריטוס גריל 18,STRAUSS-ISRAEL,,חטיף דוריטוס גריל 185 גר,גרמים,185.00,100 גרם,false,12,8.00,4.3243,true,1,308594
7290106528628,false,חטיף דוריטוס דיפאס,STRAUSS-ISRAEL,,חטיף דוריטוס טבעי 185 גר,גרמים,185.00,100 גרם,false,1,8.00,4.3243,true,1,308595
7290106528949,false,לקט לסלט ערוגות 450,,,לקט לסלט ערוגות 450 גרם,גרמים,450.00,100 גרם,false,1,13.00,2.8889,true,1,250619
7290106570023,false,בייגלה שטוחים שומשום,"אסם תעשיות בע""מ",IL,בייגלה שטוחים שומשום כשלפ 250 גר,גרמים,250.00,100 גרם,false,12,11.00,4.4000,true,1,244645
7290106570177,false,בייגלה שטוחים מלוח כ,"אסם תעשיות בע""מ",IL,בייגלה שטוחים מלוח כשלפ 250 גר,גרמים,250.00,100 גרם,false,12,11.00,4.4000,true,1,244644
7290106571037,false,מאגדת שלגון גומי גם,גלידות נסטלה,,מאגדת שלגון גומי גם 5יח,יחידה,5.00,יחידה,false,1,29.90,5.9800,true,1,244662
7290106571921,false,עוגיות פיטנס חמוציות,"אסם תעשיות בע""מ",,עוגיות פיטנס חמוציות 180 גר,גרמים,180.00,100 גרם,false,1,11.90,6.6111,true,1,250450
7290106571945,false,עוגיות פיטנס שוקולד,"אסם תעשיות בע""מ",,עוגיות פיטנס שוקולד מריר 180 גר,גרמים,180.00,100 גרם,false,1,11.90,6.6111,true,1,255122
7290106572027,false,לחמית חמישה דגנים 19,"אסם תעשיות בע""מ",,לחמית חמישה דגנים 190 גר,גרמים,190.00,100 גרם,false,1,9.50,5.0000,true,1,244169
7290106572065,false,חטיפי פריכונים טורטי,פרח תעשיות,IL,חטיפי פריכונים טורטיה חמוץ מתוק 60 גר,גרמים,60.00,100 גרם,false,12,7.90,13.1667,true,1,244168
7290106572614,false,חטיף תפוא דובונים פ,"אסם תעשיות בע""מ",,חטיף תפוא דובונים פיצה 40 גר,Unknown,0.00,Unknown,false,1,4.90,0.0000,true,1,245995
7290106572959,false,מארז חטיף אפרופו קלא,"אסם תעשיות בע""מ",IL,מארז חטיף אפרופו קלאסי 25 גר 5 יח,גרמים,125.00,100 גרם,false,8,12.90,10.3200,true,1,245360
7290106573024,false,סירופ דיאט אננס 1 ל,בית השיטה,IL,סירופ דיאט אננס 1 ל צבעים טבעיים,ליטרים,1.00,ליטר,false,12,17.90,17.9000,true,1,245807
7290106573086,false,זוג קוסקוס אמיתי בשק,קוסקוס,IL,זוג קוסקוס אמיתי בשקית 350 גרם,גרמים,700.00,100 גרם,false,12,10.90,1.5571,true,1,246930
7290106573277,false,חטיפי קרקר טאפאס זית,"אסם תעשיות בע""מ",,חטיפי קרקר קריספי טאפאס זיתים150גר,גרמים,150.00,100 גרם,false,1,11.90,7.9333,true,1,247825
7290106573314,false,חטיפי קרקר טאפאס כפר,"אסם תעשיות בע""מ",,חטיפי קרקר קריספי טאפאס פיזורים150גר,גרמים,150.00,100 גרם,false,1,11.90,7.9333,true,1,247827
7290106573574,false,סלט חומוס ירושלמי צב,צבר,IL,סלט חומוס ירושלמי צבר 400 גר,גרמים,400.00,100 גרם,false,12,12.90,3.2250,true,1,246121
7290106573598,false,סלט חומוס לבנוני צבר,צבר,IL,סלט חומוס לבנוני צבר 400 גר,גרמים,400.00,100 גרם,false,12,12.90,3.2250,true,1,246122
7290106573628,false,סלט חומוס עם טחינה צ,צבר,IL,סלט חומוס עם טחינה צבר 400 גר,גרמים,400.00,100 גרם,false,12,12.90,3.2250,true,1,246120
7290106573642,false,סלט חומוס עם צנובר צ,צבר,IL,סלט חומוס עם צנובר צבר 400 גר,גרמים,400.00,100 גרם,false,12,12.90,3.2250,true,1,246119
7290106574953,false,בייגלה שטוחים שומשום,"אסם תעשיות בע""מ",IL,בייגלה שטוחים שומשום 300 גר,גרמים,300.00,100 גרם,false,9,11.50,3.8333,true,1,246607
7290106574977,false,בייגלה שטוחים מלח 30,"אסם תעשיות בע""מ",IL,בייגלה שטוחים מלח 300 גר,גרמים,300.00,100 גרם,false,9,11.50,3.8333,true,1,246606
7290106575011,false,פתיתים אפויים אוסם ח,"אסם תעשיות בע""מ",IL,פתיתים אפויים אוסם חיטה מלאה 400 גר,גרמים,400.00,100 גרם,false,12,7.50,1.8750,true,1,247120
7290106575257,false,עוגת הבית סופלה שוקו,"אסם תעשיות בע""מ",IL,עוגת הבית סופלה שוקולד 340 גר,גרמים,340.00,100 גרם,false,8,14.00,4.1176,true,1,247823
7290106575332,false,פתיתים אסם אפויים פל,קוסקוס,,פתיתים אפויים אוסם פלוס בורגול 400 גר,גרמים,400.00,100 גרם,false,1,7.90,1.9750,true,1,247119
7290106575431,false,עוגת הבית סופלה שוקו,"אסם תעשיות בע""מ",IL,עוגת הבית סופלה שוקו וניל 340 גר,גרמים,340.00,100 גרם,false,8,14.00,4.1176,true,1,247824
7290106575943,false,אבקה להכנת כופתאות ק,"אסם תעשיות בע""מ",IL,אבקה להכנת כופתאות קניידלך 140 גר,גרמים,140.00,100 גרם,false,8,9.90,7.0714,true,1,248697
7290106576223,false,חטיף אפרופו שוקולד40,כרמית,,חטיף תירס אפרופו שוקולד 40 גר,Unknown,0.00,Unknown,false,1,5.00,0.0000,true,1,311093
7290106576513,false,סלט חומוס עגול צבר,צבר,IL,סלט חומוס עגול צבר 400 גר,גרמים,400.00,100 גרם,false,12,10.90,2.7250,true,1,249182
7290106576537,false,סלט חומוס מסעדות צבר,צבר,,סלט חומוס מסעדות צבר 700גר,גרמים,700.00,100 גרם,false,1,12.90,1.8429,true,1,247577
7290106576797,false,גל. לה קרמריה וניל א,גלידות נסטלה,,גל. לה קרמריה וניל איטלקי 1.4 ליטר,מיליליטרים,1400.00,"100 מ""ל",false,1,18.90,1.3500,true,1,249099
7290106576810,false,גל. לה קרמריה ריבת ח,גלידות נסטלה,,גל. לה קרמריה ריבת חלב 1.4 ליטר,מיליליטרים,1400.00,"100 מ""ל",false,1,18.90,1.3500,true,1,249098
7290106576834,false,גל. לה קרמריה פונטש,גלידות נסטלה,,גל. לה קרמריה פונטש בננה 1.4 ליטר,מיליליטרים,1400.00,"100 מ""ל",false,1,18.90,1.3500,true,1,249103
7290106576858,false,גל. לה קרמריה תותים,גלידות נסטלה,,גל. לה קרמריה תותים שמנת 1.4 ליטר,מיליליטרים,1400.00,"100 מ""ל",false,1,18.90,1.3500,true,1,249102
7290106576919,false,גל. לה קרמריה סורבה,גלידות נסטלה,,גל. לה קרמריה סורבה תות לימון 1.4 ליטר,מיליליטרים,1400.00,"100 מ""ל",false,1,18.90,1.3500,true,1,249101
7290106576957,false,גל. לה קרמריה שוקו ו,גלידות נסטלה,,גל. לה קרמריה שוקו וניל פליק פרווה 1.4ל,מיליליטרים,1400.00,"100 מ""ל",false,1,18.90,1.3500,true,1,249104
7290106576971,false,גל. לה קרמריה שוקולד,גלידות נסטלה,,גל. לה קרמריה שוקולד בלגי 1.4 ליטר,מיליליטרים,1400.00,"100 מ""ל",false,1,18.90,1.3500,true,1,249097
7290106576995,false,גל. לה קרמריה סורבה,גלידות נסטלה,,גל. לה קרמריה סורבה תות מנגו 1.4 ליטר,מיליליטרים,1400.00,"100 מ""ל",false,1,18.90,1.3500,true,1,249439
7290106577039,false,גל. לה קרמריה וניל ש,גלידות נסטלה,,גל. לה קרמריה וניל שוקו פליק 1.4 ליטר,מיליליטרים,1400.00,"100 מ""ל",false,1,18.90,1.3500,true,1,249100
7290106577282,false,סלט טחינה מרובע צבר,צבר,IL,סלט טחינה מרובע צבר 400 גר,גרמים,400.00,100 גרם,false,6,12.90,3.2250,true,1,247860
7290106577480,false,סלט חציל על האש בטחי,צבר,,סלט חציל על האש בטחינה צבר מרובע 400גר,גרמים,400.00,100 גרם,false,1,12.90,3.2250,true,1,247862
7290106577503,false,סלט חציל במיונז צבר,צבר,IL,סלט חציל במיונז צבר מרובע 400 גר,גרמים,400.00,100 גרם,false,6,12.90,3.2250,true,1,247863
7290106577527,false,סלט קולסלו צבר מרוב,צבר,IL,סלט קולסלו צבר מרובע 400גר,גרמים,400.00,100 גרם,false,6,12.90,3.2250,true,1,247867
7290106577541,false,סלט כרוב אדום צבר מ,צבר,IL,סלט כרוב אדום צבר מרובע 400גר,גרמים,400.00,100 גרם,false,6,12.90,3.2250,true,1,247866
7290106577572,false,סלט מטבוחה צבר מרובע,צבר,IL,סלט מטבוחה צבר מרובע 400גר,גרמים,400.00,100 גרם,false,6,12.90,3.2250,true,1,247859
7290106577848,false,מארז שישייה נסטי 1.5,סן-פלגרינו,,מארז שישייה נסטי 1.5 לי אפרסק כשלפ,ליטרים,1.50,ליטר,false,1,29.90,19.9333,true,1,248762
7290106578241,false,חטיף תפוא דובונים 10,"אסם תעשיות בע""מ",,חטיף תפוא דובונים 100 גר,גרמים,100.00,100 גרם,false,1,10.00,10.0000,true,1,248694
7290106578333,false,סלט חציל על האש צבר,צבר,IL,סלט חציל על האש צבר מרובע 400גר,גרמים,400.00,100 גרם,false,6,12.90,3.2250,true,1,247864
7290106578692,false,חטיף מיקס במבה וביסל,"אסם תעשיות בע""מ",,חטיף מיקס במבה/ביסלי 80 גר,גרמים,80.00,100 גרם,false,1,5.00,6.2500,true,1,250215
7290106578821,false,עוגת שמרים שוקולד קל,"אסם תעשיות בע""מ",IL,עוגת שמרים שוקולד קלאסית350גר,גרמים,350.00,100 גרם,false,8,16.90,4.8286,true,1,248960
7290106651265,false,מארז 3 יח פסק זמן קל,,,מאגדת 3 יח וופל פסק זמן קלאסי135גר,גרמים,135.00,100 גרם,false,1,12.90,9.5556,true,1,331933
7290106653689,false,לקט לסלט אסייתי 350,שטראוס,,לקט לסלט אסייתי 350 גרם,גרמים,350.00,100 גרם,false,1,10.90,3.1143,true,1,313211
7290106654099,false,מארז עוגות מילקי שמי,שטראוס,IL,מארז עוגות מילקי שמינייה אישית 34 גרם,גרמים,272.00,100 גרם,false,8,19.90,7.3162,true,1,307862
7290106656512,false,ופלות טורטית 360 גר,,,בפלות טורטית 360 גר,גרמים,360.00,100 גרם,false,1,15.90,4.4167,true,1,252863
7290106660649,false,חטיף ציטוס קראנץ בוט,STRAUSS-ISRAEL,,חטיף ציטוס בוטנים 80 גר,Unknown,0.00,Unknown,false,1,4.50,0.0000,true,1,313878
7290106662025,false,חטיף תפוציפס מלח פלפ,STRAUSS-ISRAEL,,חטיף תפוציפס מלח פלפל 50 גרם,Unknown,0.00,Unknown,false,1,4.00,0.0000,true,1,310133
7290106663091,false,לאבנה 9% 500 גרם,שטראוס,IL,לאבנה 9% 500 גרם,גרמים,50000.00,100 גרם,false,12,18.90,0.0378,true,1,306820
7290106663503,false,קונפיטורה לייט תות י,,,קונפיטורה לייט תות יד מרדכי 230 גר,גרמים,230.00,100 גרם,false,1,12.90,5.6087,true,1,253205
7290106663558,false,רוטב טריאקי יד מרדכי,,,רוטב טריאקי רימון יד מרדכי 280 מל,גרמים,320.00,100 גרם,false,1,13.90,4.3438,true,1,304669
7290106663565,false,מלבין קפה חלבית 300,,,מלבין קפה חלבית 300 ג,גרמים,300.00,100 גרם,false,1,18.90,6.3000,true,1,254603
7290106664067,false,לאבנה שמן זית וזעתר,שטראוס,IL,לאבנה שמן זית וזעתר 10% 400 גרם,גרמים,40000.00,100 גרם,false,12,14.90,0.0373,true,1,306819
7290106664555,false,רוטב שמנת עם עגבניות,,,רוטב שמנת עם עגבניות 9% יטבתה 250 מל,מיליליטרים,250.00,"100 מ""ל",false,1,11.90,4.7600,true,1,306185
7290106664562,false,רוטב שמנת פטריות 9%,,,רוטב שמנת פטריות 9% יטבתה 250 מל,מיליליטרים,250.00,"100 מ""ל",false,1,11.90,4.7600,true,1,254802
7290106665491,false,חטיף פסק זמן קלאסי 4,,,חטיף פסק זמן קלאסי 43גר,Unknown,0.00,Unknown,false,1,6.00,0.0000,true,1,254011
7290106666788,false,סוכריות ממולאות טעם,,,סוכריות ממולאות טעם דבש 80 גר,Unknown,0.00,Unknown,false,1,5.90,0.0000,true,1,255922
7290106667266,false,חטיף דוריטוס חמוץ חר,STRAUSS-ISRAEL,,חטיף דוריטוס חמוץ חריף 185 גר,גרמים,185.00,100 גרם,false,12,8.00,4.3243,true,1,308592
7290106668133,false,אבקת שוקולית 400 גר,,,אבקת שוקולית 400 גר שקית,גרמים,400.00,100 גרם,false,1,12.90,3.2250,true,1,310035
7290106668577,false,מיץ לימון טבעי יד מר,,,מיץ לימון טבעי יד מרדכי 250 מל,מיליליטרים,250.00,"100 מ""ל",false,1,7.90,3.1600,true,1,304666
7290106668713,false,דנונה פרי 3% פירות י,יוניליוור,,דנונה פרי 3% פירות יער 150 גר,גרמים,150.00,100 גרם,false,1,3.70,2.4667,true,1,304541
7290106669406,false,מוס רבע לשבע אגוזים,,,מוס רבע לשבע אגוזים 100 גרם,גרמים,100.00,100 גרם,false,1,14.90,14.9000,true,1,335297
7290106669857,false,קפסולות אספרסו וניל,,,קפסולות אספרסו וניל 10 יח,יחידה,10.00,יחידה,false,1,17.00,1.7000,true,1,313411
7290106720626,false,חטיף ציטוס קראנץ גבי,STRAUSS-ISRAEL,,חטיף ציטוס גבינה 80 גר,Unknown,0.00,Unknown,false,1,4.50,0.0000,true,1,313877
7290106721807,false,סלט חציל פיקנטי 400,,,סלט חציל פיקנטי 400 גרם,גרמים,400.00,100 גרם,false,1,10.90,2.7250,true,1,323399
7290106722415,false,שוקולד פרה לבן ממולא,,IL,שוקולד פרה לבן ממולא תות 100 גר מגדים,גרמים,100.00,100 גרם,false,1,5.90,5.9000,true,1,342094
7290106723689,false,עלי תרד בייבי 200 גר,,,עלי תרד בייבי 200 גרם,גרמים,200.00,100 גרם,false,1,10.00,5.0000,true,1,253249
7290106725966,false,מטבעות שוקולדחלב ברש,,,מטבעות שוקולדחלב ברשת 42 גר,גרמים,60.00,100 גרם,false,1,5.00,8.3333,true,1,306435
7290106726178,false,דנונה וואו פירות יער,שטראוס,,דנונה וואו פירות יער 150 גרם 2.4% שומן,גרמים,150.00,100 גרם,false,1,4.90,3.2667,true,1,306839
7290106727984,false,חטיף כיף כף פצפצים13,,,חטיף כיף כף פצפצים135 גרם,גרמים,135.00,100 גרם,false,1,10.90,8.0741,true,1,310704
7290106728127,false,חלב טבעי 1 ליטר 3.6%,שטראוס,IL,חלב טבעי 1 ליטר 3.6% בקבוק,ליטרים,1.00,ליטר,false,12,7.90,7.9000,true,1,306848
7290106729650,false,מארז 8יח דנונה תות 3,שטראוס,,מארז 8יח דנונה תות 3% 150 גרם,גרמים,1200.00,100 גרם,false,1,23.90,1.9917,true,1,308994
7290106770577,false,ממרח חלבה בלגה 350 ג,"אלמונדס בע""מ",IL,ממרח חלבה בלגה 350 גרם,גרמים,300.00,100 גרם,false,12,13.90,4.6333,true,1,327853
7290106772472,false,ממרח קקאו אגוזי לוז,"אלמונדס בע""מ",IL,ממרח קקאו אגוזי לוז בלגה 350 גרם,גרמים,300.00,100 גרם,false,12,13.90,4.6333,true,1,327854
7290106774049,false,חמאת קקאו אלמנדוס 30,"אלמונדס בע""מ",IL,חמאת קקאו אלמנדוס 300 גרם,גרמים,300.00,100 גרם,false,1,34.90,11.6333,true,1,333284
7290106774056,false,כמו סוכר אלמנדוס 500,"אלמונדס בע""מ",IL,כמו סוכר אלמנדוס 500 גרם,גרמים,500.00,100 גרם,false,1,24.90,4.9800,true,1,333285
7290106774070,false,קרוקונט לוז אלמנדוס,"אלמונדס בע""מ",IL,קרוקונט לוז אלמנדוס 175 גרם,גרמים,175.00,100 גרם,false,1,22.90,13.0857,true,1,333287
7290106774087,false,דובדבנה אמרנה אלמנדו,"אלמונדס בע""מ",IL,דובדבנה אמרנה אלמנדוס 350 גרם,גרמים,350.00,100 גרם,false,1,39.90,11.4000,true,1,333288
7290106774094,false,פייטה שבבי ופל מקורמ,"אלמונדס בע""מ",IL,פייטה שבבי ופל מקורמל אלמנדוס 90 גרם,Unknown,0.00,Unknown,false,1,19.90,0.0000,true,1,333289
7290106774117,false,קוקוס קלוי אלמנדוס 1,"אלמונדס בע""מ",IL,קוקוס קלוי אלמנדוס 100 גרם,גרמים,100.00,100 גרם,false,1,13.90,13.9000,true,1,333290
7290106774124,false,שבבי שוקולד מריר אלמ,"אלמונדס בע""מ",IL,שבבי שוקולד מריר אלמנדוס 110 גרם,גרמים,110.00,100 גרם,false,1,19.90,18.0909,true,1,333291
7290106774148,false,שבבי שוקולד לבן אלמנ,"אלמונדס בע""מ",IL,שבבי שוקולד לבן אלמנדוס 110 גרם,גרמים,110.00,100 גרם,false,1,19.90,18.0909,true,1,333293
7290106774162,false,שוקולד זברה אלמנדוס,"אלמונדס בע""מ",IL,שוקולד זברה אלמנדוס 90גרם,Unknown,0.00,Unknown,false,1,22.90,0.0000,true,1,333294
7290106774209,false,פניני קראנץ מריר אלמ,"אלמונדס בע""מ",IL,פניני קראנץ מריר אלמנדוס 140 גרם,גרמים,140.00,100 גרם,false,1,24.90,17.7857,true,1,333298
7290106774216,false,מיקס פניני שוקולד אל,"אלמונדס בע""מ",IL,מיקס פניני שוקולד אלמנדוס 140 גרם,גרמים,140.00,100 גרם,false,1,24.90,17.7857,true,1,333299
7290106774223,false,סוכריות מזרה שוקולד,"אלמונדס בע""מ",IL,סוכריות מזרה שוקולד אלמנדוס 230 גרם,גרמים,230.00,100 גרם,false,1,13.90,6.0435,true,1,333305
7290106774247,false,סוכר גבישי אלמנדוס 2,"אלמונדס בע""מ",IL,סוכר גבישי אלמנדוס 230 גרם,גרמים,230.00,100 גרם,false,1,19.90,8.6522,true,1,333307
7290106774254,false,סוכריות עדשים צבעוני,"אלמונדס בע""מ",IL,סוכריות עדשים צבעוני אלמנדוס 230 גרם,גרמים,230.00,100 גרם,false,1,18.90,8.2174,true,1,333308
7290106774278,false,שוקולד מריר 55% אלמנ,"אלמונדס בע""מ",IL,שוקולד מריר 55% אלמנדוס 500 גרם,גרמים,500.00,100 גרם,false,1,29.90,5.9800,true,1,333310
7290106774292,false,שוקולד מריר 70% אלמנ,"אלמונדס בע""מ",IL,שוקולד מריר 70% אלמנדוס 500 גרם,גרמים,500.00,100 גרם,false,1,44.90,8.9800,true,1,333313
7290106774308,false,שוקולד חלב לאפיה אל,"אלמונדס בע""מ",IL,שוקולד חלב לאפיה אלמנדוס 500 גרם,גרמים,500.00,100 גרם,false,1,42.90,8.5800,true,1,333312
7290106774315,false,שוקולד לבן לאפיה אלמ,"אלמונדס בע""מ",IL,שוקולד לבן לאפיה אלמנדוס 500 גרם,גרמים,500.00,100 גרם,false,1,42.90,8.5800,true,1,333314
7290106774322,false,שוקולד מריר לאפיה ל.,"אלמונדס בע""מ",IL,שוקולד מריר לאפיה ל.ס. אלמנדוס 500 גרם,גרמים,400.00,100 גרם,false,1,44.90,11.2250,true,1,333315
7290106775053,false,מחית נוגט אלמנדוס400,שקד תבור,,מחית נוגט אלמנדוס400 גרם,גרמים,400.00,100 גרם,false,1,24.90,6.2250,true,1,332434
7290106775091,false,מחית פיסטוק אלמנדוס,שקד תבור,,מחית פיסטוק אלמנדוס 200 גרם,גרמים,200.00,100 גרם,false,1,39.90,19.9500,true,1,333317
7290107020336,false,יין ליזה שרדונה 2018,,,יין ליזה שרדונה 2018 750 מל,מיליליטרים,750.00,"100 מ""ל",false,1,119.00,15.8667,true,1,329853
7290107280020,false,מארז 3 יח מטליות לחו,,,מארז 3 יח מטליות לחות לניקוי סושי 150יח,יחידה,150.00,יחידה,false,1,22.90,0.1527,true,1,247220
7290107280037,false,מטליות לחות לניקוי כ,,,מטליות לחות לניקוי כללי סנו סושי 50יח,יחידה,50.00,יחידה,false,1,11.90,0.2380,true,1,247219
7290107280341,false,מטליות סנו ריצפז פרש,,,מטליות סנו ריצפז פרש מלון מפנק 40*70 סמ,יחידה,10.00,יחידה,false,1,14.90,1.4900,true,1,330196
7290107280389,false,סנו גט לאמבט ה 750,,,סנו גט לאמבט ה 750 מל,מיליליטרים,750.00,"100 מ""ל",false,1,11.90,1.5867,true,1,248555
7290107280396,false,"סנו גט למטבח 750 מ""ל",,,"סנו גט למטבח 750 מ""ל",מיליליטרים,750.00,"100 מ""ל",false,1,12.90,1.7200,true,1,248078
7290107280563,false,גל מסיר כתמים אוקסיג,,,גל מסיר כתמים אוקסיגן בייבי 3 ליטר,ליטרים,3.00,ליטר,false,1,30.90,10.3000,true,1,252808
7290107280570,false,גל כביסה מקסימה לכבס,,,גל כביסה מקסימה לכבס בלי להפריד 3 ליטר,ליטרים,3.00,ליטר,false,1,29.90,9.9667,true,1,252807
7290107280587,false,סבון אסלה סנובון דאב,סנו,,סבון אסלה סנובון דאבל אקשן פרחים שלישייה,יחידה,3.00,יחידה,false,1,11.90,3.9667,true,1,306043
7290107280600,false,טבליות למדיח ספארק 1,סנו,,טבליות למדיח ספארק 100 טבליות,יחידה,100.00,יחידה,false,1,49.90,0.4990,true,1,321108
7290107280822,false,נוזל ריצפז פרש הום,,,נוזל ריצפז פרש הום 2 ליטר ספא מרגיע סנו,ליטרים,2.00,ליטר,false,1,21.90,10.9500,true,1,254693
7290107463072,false,משקל מטבח דיגיטלי זכ,,,משקל מטבח דיגיטלי זכוכית שחור,יחידה,1.00,יחידה,false,1,59.90,59.9000,true,1,334898
7290107466707,false,אוהל איגלו ל 4 אנשים,,,אוהל איגלו ל 4 אנשים 3 חלונות,Unknown,0.00,Unknown,false,1,179.00,0.0000,true,1,312556
7290107468831,false,חותכני נירוסטה קוקינ,mingao industrial,,חותכני נירוסטה קוקינג,יחידה,1.00,יחידה,false,1,19.90,19.9000,true,1,307031
7290107468909,false,קוקינג חותכנים מפלסט,mingao industrial,CN,קוקינג חותכנים מפלסטיק,יחידה,1.00,יחידה,false,12,17.90,17.9000,true,1,307025
7290107544481,false,קרם להסרת שיער אורנה,אלפא קוסמטיקה,,קרם להסרת שיער אורנה 19 80גר,Unknown,0.00,Unknown,false,1,15.90,0.0000,true,1,343817
7290107544498,false,קרם להסרת שיער אורנה,אלפא קוסמטיקה,,קרם להסרת שיער אורנה 19 קו ביקיני,Unknown,0.00,Unknown,false,1,15.90,0.0000,true,1,343818
7290107544504,false,קרם להסרת שיער אורנה,אלפא קוסמטיקה,,קרם להסרת שיער אורנה 19 לעור רגיש 80גר,Unknown,0.00,Unknown,false,1,15.90,0.0000,true,1,343816
7290107544511,false,קרם להסרת שיער אורנה,אלפא קוסמטיקה,,קרם להסרת שיער אורנה 19 נערות 80גר,Unknown,0.00,Unknown,false,1,15.90,0.0000,true,1,343815
7290107644488,false,בייגלה שמיניות 225 ג,יוניליוור,,בייגלה שמיניות 225 גרם בדצ,גרמים,225.00,100 גרם,false,1,6.90,3.0667,true,1,319752
7290107645584,false,מרק עוף קנור רכבים ט,יוניליוור,,מרק עוף קנור רכבים טבעיים 400 גר,גרמים,400.00,100 גרם,false,1,21.90,5.4750,true,1,322028
7290107645591,false,מרק טעם עוף קנור רכי,יוניליוור,,מרק טעם עוף קנור רכיבים טבעיים 400 ג,גרמים,400.00,100 גרם,false,1,16.90,4.2250,true,1,322029
7290107646062,false,מרק בצל קנור רכיבים,יוניליוור,,מרק בצל קנור רכיבים טבעיים 400 גר,גרמים,400.00,100 גרם,false,1,21.90,5.4750,true,1,322027
7290107646147,false,חטיף דגנים שוגי 6 יח,יוניליוור,,חטיף דגנים שוגי 6 יח 156 גרם,גרמים,156.00,100 גרם,false,1,12.90,8.2692,true,1,322020
7290107646154,false,חטיף דגנים קוקומן שו,יוניליוור,,חטיף דגנים קוקומן שוקו 6 יח 126 גרם,גרמים,126.00,100 גרם,false,1,12.90,10.2381,true,1,322021
7290107646376,false,מטליות לחות לניקוי כ,יוניליוור,,מטליות לחות לניקוי כללי 50יח,יחידה,50.00,יחידה,false,1,9.90,0.1980,true,1,316708
7290107646383,false,מטליות לחות לניקוי ר,יוניליוור,,מטליות לחות לניקוי רצפות 10יח,יחידה,10.00,יחידה,false,1,12.90,1.2900,true,1,316709
7290107646826,false,חטיף דגנים שוגי שוקו,יוניליוור,,חטיף דגנים שוגי שוקו 6 יח 156 גרם,גרמים,156.00,100 גרם,false,1,12.90,8.2692,true,1,322022
7290107646833,false,חטיף דגנים שוגי שוקו,יוניליוור,,חטיף דגנים שוגי שוקולד חלב 6 יח 138 גרם,גרמים,138.00,100 גרם,false,1,12.90,9.3478,true,1,322023
7290107646895,false,רוטב פסטה קנור נפולי,,,רוטב פסטה קנור נפוליטנה 415 גר,גרמים,415.00,100 גרם,false,1,12.90,3.1084,true,1,319584
7290107646918,false,רוטב קנור לשקשוקה415,,,רוטב שקשוקה קנור 415 גר,גרמים,415.00,100 גרם,false,1,12.90,3.1084,true,1,319585
7290107647359,false,סבון אסלה דומסטוס בנ,,,סבון אסלה דומסטוס בניחוח אוקינוס שלישייה,יחידה,3.00,יחידה,false,1,17.90,5.9667,true,1,321498
7290107647366,false,סבון אסלה דומסטוס בנ,,,סבון אסלה דומסטוס בניחוח ליים שלישייה,יחידה,3.00,יחידה,false,1,17.90,5.9667,true,1,321497
7290107647656,false,מאגדת מיני סולרו קוק,"גלידת שטראוס בע""מ",,מאגדת מיני סולרו קוקוס אננס 5 יח,יחידה,5.00,יחידה,false,1,22.90,4.5800,true,1,325883
7290107647816,false,דגני ברנפלקס ללא סוכ,יוניליוור,,דגני ברנפלקס ללא סוכר 500 ג בד,גרמים,500.00,100 גרם,false,1,22.90,4.5800,true,1,319072
7290107647823,false,דגני ברנפלקס 500 גרם,יוניליוור,,דגני ברנפלקס 500 גרם בדצ,גרמים,500.00,100 גרם,false,1,22.90,4.5800,true,1,319071
7290107648943,false,דגני ברנפלקס קרנצים,יוניליוור,,דגני ברנפלקס קרנצים מייפל 375 גר,גרמים,375.00,100 גרם,false,1,22.90,6.1067,true,1,322903
7290107648974,false,רוטב פסטה קנור בזילי,,,רוטב פסטה פומודורו קנור 415 גר,גרמים,415.00,100 גרם,false,1,12.90,3.1084,true,1,325295
7290107648981,false,רוטב פסטה קנור פומוד,,,רוטב פומודורו קנור 415 גר,גרמים,415.00,100 גרם,false,1,12.90,3.1084,true,1,322025
7290107649100,false,בייגלה טבעות שומשום,יוניליוור,,בייגלה טבעות שומשום 300 גר,גרמים,300.00,100 גרם,false,1,10.90,3.6333,true,1,325615
7290107649605,false,שוקולד קליק קורנפלקס,יוניליוור,,שוקולד קליק קורנפלקס 85 ג,Unknown,0.00,Unknown,false,1,5.90,0.0000,true,1,322917
7290107871297,false,חטיפי מיני פריכונים,פרח תעשיות,IL,חטיפי מיני פריכונים עשבי תיבול 25 גר,Unknown,0.00,Unknown,false,16,4.30,0.0000,true,1,254617
7290107871532,false,מאגדת שלגון מלון דוב,גלידות נסטלה,,מאגדת שלגון מלון דובדבן 10 יח,יחידה,10.00,יחידה,false,1,14.90,1.4900,true,1,254181
7290107871723,false,פריכיות פיטנס שוקולד,נסטלה,,פריכיות פיטנס שוקולד חלב כשלפ 100 גר,גרמים,100.00,100 גרם,false,1,8.90,8.9000,true,1,320782
7290107871990,false,פסטה צינורות אסם 500,זארה,IT,פסטה צינורות אסם 500 גרם,גרמים,500.00,100 גרם,false,12,5.90,1.1800,true,1,251598
7290107874427,false,חטיפי מיני פריכונים,פרח תעשיות,IL,חטיפי מיני פריכונים זעתר 25 גר,Unknown,0.00,Unknown,false,16,4.30,0.0000,true,1,254619
7290107874441,false,חטיפי מיני פריכונים,פרח תעשיות,,חטיפי מיני פריכונים בצל מקורמל 25 גר,Unknown,0.00,Unknown,false,1,4.30,0.0000,true,1,254618
7290107874502,false,מארז 4 יח ביסלי גריל,"אסם תעשיות בע""מ",,מארז 4 יח ביסלי גריל 55 ג,גרמים,220.00,100 גרם,false,10,12.50,5.6818,true,1,309484
7290107874526,false,חטיף במבה בומבה 60 ג,"אסם תעשיות בע""מ",,חטיף במבה בומבה 60 גר,Unknown,0.00,Unknown,false,1,4.30,0.0000,true,1,253121
7290107875271,false,מארז 4 יח ביסלי ברבי,"אסם תעשיות בע""מ",,מארז 4 יח ביסלי ברביקיו 55 ג,גרמים,220.00,100 גרם,false,10,12.50,5.6818,true,1,309485
7290107875400,false,גל. לה קרמריה פיסטוק,גלידות נסטלה,,גל. לה קרמריה פיסטוק מוקה 1.4 ליטר,מיליליטרים,1400.00,"100 מ""ל",false,1,18.90,1.3500,true,1,254286
7290107875820,false,קרוטונים אפויים תיבו,עינת,IL,קרוטונים אפויים תיבול ביתי180גר,גרמים,180.00,100 גרם,false,12,11.90,6.6111,true,1,254115
7290107877619,false,מארז 5 יח חטיף במבה,"אסם תעשיות בע""מ",,מארז 5 יח חטיף במבה במילוי נוגט 30גר,גרמים,150.00,100 גרם,false,1,13.90,9.2667,true,1,321024
7290107879132,false,פריכיות מיני פיטנס ש,כרמית,IL,פריכיות מיני פיטנס שוקולד חלב 22 גר,Unknown,0.00,Unknown,false,18,5.50,0.0000,true,1,316766
7290107879521,false,מאגדת לה פרוטה תות 5,גלידות נסטלה,,מאגדת לה פרוטה תות 5יח,יחידה,5.00,יחידה,false,1,25.90,5.1800,true,1,308602
7290107879569,false,מאגדת לה פרוטה מנגו,גלידות נסטלה,,מאגדת לה פרוטה מנגו 5יח,יחידה,5.00,יחידה,false,1,25.90,5.1800,true,1,308603
7290107930321,false,קונפיטורה דובדבן 340,,,קונפיטורה דובדבן 340 גר יד מרדכי,גרמים,340.00,100 גרם,false,1,13.90,4.0882,true,1,305645
7290107931397,false,חטיף כיף כף פצפצים 4,,,חטיף כיף כף פצפצים 40 גר,Unknown,0.00,Unknown,false,1,5.50,0.0000,true,1,309257
7290107932080,false,חלב מועשר 1 ליטר 3%,שטראוס,IL,חלב מועשר 1 ליטר 3% בקבוק,ליטרים,1.00,ליטר,false,12,7.90,7.9000,true,1,306844
7290107932134,false,חלב מועשר 1 ליטר 1%,שטראוס,,חלב מועשר 1 ליטר 1% בקבוק,ליטרים,1.00,ליטר,false,1,7.90,7.9000,true,1,306845
7290107932271,false,שוקולד פרה אקסטרא יו,,,שוקולד פרה אקסטרא יוגורט תות100 גר,גרמים,100.00,100 גרם,false,1,6.90,6.9000,true,1,310700
7290107933193,false,סלק מבושל 500 גרם אח,שטראוס,,סלק מבושל 500 גרם אחלה,גרמים,500.00,100 גרם,false,1,8.90,1.7800,true,1,307160
7290107933315,false,חלב דל לקטוז 1 ליטר,שטראוס,IL,חלב דל לקטוז 1 ליטר 2% בקבוק,ליטרים,1.00,ליטר,false,12,7.90,7.9000,true,1,306847
7290107933643,false,ארוחה קטנה בבקבוק בנ,שטראוס,,משקה חלב דגנים ותות 250 גרם יטבתה,גרמים,250.00,100 גרם,false,9,4.50,1.8000,true,1,308990
7290107933650,false,ארוחה קטנה בקבוק תות,שטראוס,,משקה חלב דגנים ובננה 250 גרם יטבתה,גרמים,250.00,100 גרם,false,9,4.50,1.8000,true,1,308989
7290107936309,false,יוגורט דנונה יווני ל,שטראוס,IL,יוגורט דנונה יווני לבן 120 גר,גרמים,120.00,100 גרם,false,24,3.50,2.9167,true,1,311901
7290107936958,false,ביסקויט עד חצות אצבע,,,ביסקויט עד חצות אצבעות 125 גר,גרמים,125.00,100 גרם,false,1,11.50,9.2000,true,1,319096
7290107936965,false,ביסקויט עד חצות עיגו,,,ביסקויט עד חצות עיגולים 225 גר,גרמים,225.00,100 גרם,false,1,13.50,6.0000,true,1,319095
7290107937498,false,חרדל דיזון עם גרגיר,COVINOR,,חרדל דיזון עם גרגירים יד מרדכי 370 גרם,גרמים,370.00,100 גרם,false,1,10.90,2.9459,true,1,310021
7290107937542,false,משקה דנונה אקטיביה ת,שטראוס,IL,משקה דנונה אקטיביה תות 250 מל,מיליליטרים,250.00,"100 מ""ל",false,12,5.40,2.1600,true,1,309531
7290107937627,false,מסטיק מאסט קוביות ספ,,,מסטיק מאסט קוביות ספירמנט 58 גר,Unknown,0.00,Unknown,false,1,10.00,0.0000,true,1,311858
7290107937634,false,מסטיק מאסט קוביות פפ,,,מסטיק מאסט קוביות פפירמנט 58 גר,Unknown,0.00,Unknown,false,1,10.00,0.0000,true,1,311859
7290107937641,false,מסטיק בזוקה קוביות ק,,,מסטיק בזוקה קוביות קלאסי 58 גר,Unknown,0.00,Unknown,false,1,10.00,0.0000,true,1,311857
7290107937856,false,קפסולות אספרסו 11 חז,,,קפסולות אספרסו חזק במיוחד 10 יח,יחידה,10.00,יחידה,false,1,17.00,1.7000,true,1,311200
7290107938396,false,משקה אקטימל תות 8יח,שטראוס,,משקה אקטימל תות 8יח 108גר,גרמים,864.00,100 גרם,false,6,22.40,2.5926,true,1,310341
7290107939003,false,ביסקויט עד חצות לבן,,,ביסקויט עד חצות לבן אגוז 190 גר,גרמים,180.00,100 גרם,false,1,13.90,7.7222,true,1,312756
7290107939027,false,גזר חתוך דק דק 250 ג,שטראוס,,גזר חתוך דק דק 250 גרם שטראוס אחלה,גרמים,250.00,100 גרם,false,1,5.90,2.3600,true,1,311890
7290107940030,false,חומוס 650 גר אחלה,שטראוס,IL,חומוס 650 גר אחלה,גרמים,650.00,100 גרם,false,6,8.90,1.3692,true,1,320984
7290107940467,false,יוגורט דנונה אקטיביה,שטראוס,IL,יוגורט דנונה אקטיביה קרמי 1.5% 200גר,גרמים,200.00,100 גרם,false,24,3.90,1.9500,true,1,310328
7290107941259,false,עדשים ירוקות מבושלות,שטראוס,,עדשים ירוקות מבושלות 475 גרם אחלה,גרמים,475.00,100 גרם,false,1,9.90,2.0842,true,1,312363
7290107941266,false,שעועית אדומה מבושלת,שטראוס,,שעועית אדומה מבושלת 475 גרם אחלה,גרמים,475.00,100 גרם,false,1,9.90,2.0842,true,1,312364
7290107941273,false,חומוס מבושל 475 גרם,שטראוס,,חומוס מבושל 475 גרם אחלה,גרמים,475.00,100 גרם,false,1,9.90,2.0842,true,1,312362
7290107942232,false,מעדן ספלנדיד שוקולד,שטראוס,,מעדן ספלנדיד שוקולד חלב 130 גרם,גרמים,130.00,100 גרם,false,1,3.40,2.6154,true,1,311910
7290107942355,false,תפוציפס מקלות טבעי 6,STRAUSS-ISRAEL,,תפוציפס מקלות טבעי 60 גרם,Unknown,0.00,Unknown,false,1,4.00,0.0000,true,1,312028
7290107943192,false,שמנת חמוצה מהערבה 27,יטבתה,IL,שמנת חמוצה מהערבה 27% 200 גר יטבתה,גרמים,200.00,100 גרם,false,15,4.50,2.2500,true,1,319107
7290107943369,false,שבולת שועל להכנה מהי,,,שבולת שועל להכנה מהירה ללא גלוטן 511 גר,גרמים,511.00,100 גרם,false,1,18.90,3.6986,true,1,318062
7290107944243,false,אפיפיות בטעם שוקולד,,,אפיפיות בטעם שוקולד 200 גר,גרמים,200.00,100 גרם,false,1,7.90,3.9500,true,1,318502
7290107944366,false,גלילי וופל רבע לשבע,,,גלילי וופל רבע לשבע לבן 120 גר,גרמים,120.00,100 גרם,false,1,11.90,9.9167,true,1,313408
7290107944380,false,חטיף אגוזי כשלפ 45 ג,,,חטיף אגוזי כשלפ 45 גר,Unknown,0.00,Unknown,false,1,5.00,0.0000,true,1,312752
7290107944472,false,גב.סימפוניה שום שמיר,שטראוס,,גב.סימפוניה שום שמיר 5% 200 גרם,גרמים,200.00,100 גרם,false,1,11.90,5.9500,true,1,312356
7290107944717,false,חטיף מיני טורטית 391,,,חטיף מיני טורטית 391 ג משפחתי,גרמים,391.00,100 גרם,false,1,24.90,6.3683,true,1,317089
7290107945165,false,קונפיטורה משמש יד מר,,,קונפיטורה משמש יד מרדכי 340 גר,גרמים,340.00,100 גרם,false,6,13.90,4.0882,true,1,313475
7290107947763,false,סוכ. עדשים מיני לאפי,,,סוכ. עדשים מיני לאפיה וקישוט 130 גרם,גרמים,130.00,100 גרם,false,1,10.00,7.6923,true,1,322355
7290107947992,false,שוקולד פרה אקסטרא חל,,,שוקולד פרה אקסטרא חלב 100 גר,גרמים,100.00,100 גרם,false,1,6.90,6.9000,true,1,323867
7290107950183,false,מעדן דיאט וניל 130גר,שטראוס,IL,מעדן דיאט וניל 130גרם 0% שומן שטראוס,גרמים,130.00,100 גרם,false,24,3.40,2.6154,true,1,311904
7290107950190,false,מעדן דיאט שוקולד מרי,שטראוס,IL,מעדן דיאט שוקולד מריר 130גר 0.5% שומן,גרמים,130.00,100 גרם,false,24,3.40,2.6154,true,1,311906
7290107950206,false,מעדן דיאט שוקולד 130,שטראוס,IL,מעדן דיאט שוקולד 130גרם 0% שומן שטראוס,גרמים,130.00,100 גרם,false,24,3.40,2.6154,true,1,311905
7290107951104,false,בפלות שוקולד עלית200,,,בפלות שוקולד עלית200 גרם,גרמים,200.00,100 גרם,false,1,4.70,2.3500,true,1,312298
7290107951111,false,בפלות לימון עלית 200,,,בפלות לימון עלית 200 גרם,גרמים,200.00,100 גרם,false,1,4.70,2.3500,true,1,312297
7290107951586,false,חטיף מיני מיקס מעורב,,,חטיף מיני מיקס מעורב ירוק 390 ג משפחתי,גרמים,390.00,100 גרם,false,1,24.90,6.3846,true,1,312744
7290107951630,false,שוקולד פרה בלונד קוק,,,שוקולד פרה בלונד קוקוס קלוי 100 גרם,גרמים,100.00,100 גרם,false,1,7.90,7.9000,true,1,318515
7290107951715,false,מסטיק מאסט קוביות ענ,,,מסטיק מאסט קוביות ענבים 58 גר,Unknown,0.00,Unknown,false,1,10.00,0.0000,true,1,313474
7290107953559,false,קפה טורקי לדרך 24 יח,,,קפה טורקי לדרך 24 יח 168 גרם,יחידה,24.00,יחידה,false,8,20.00,0.8333,true,1,312837
7290107954457,false,עוגת בראוניס פסק זמן,,,עוגת בראוניס פסק זמן 380 ג,גרמים,380.00,100 גרם,false,1,15.90,4.1842,true,1,317473
7290107954709,false,קונפיטורה פירות יער,,,קונפיטורה פירות יער יד מרדכי 340 גר,גרמים,340.00,100 גרם,false,1,13.90,4.0882,true,1,317097
7290107954976,false,משקה פרו קפה 350 מל,שטראוס,,משקה פרו קפה 350 מל 25גר חלבון יטבתה,מיליליטרים,350.00,"100 מ""ל",false,12,6.50,1.8571,true,1,317501
7290107955768,false,שוקולד פרה חלב ל.ס.,,,שוקולד פרה חלב ל.ס. 100 גרם,גרמים,100.00,100 גרם,false,1,8.50,8.5000,true,1,322345
7290107955782,false,שוקולד פרה מריר ל.ס,,,שוקולד פרה מריר ל.ס 100 גרם,גרמים,100.00,100 גרם,false,1,8.50,8.5000,true,1,322344
7290107956543,false,דבש טהור יד מרדכי900,,,דבש טהור 900 גר יד מרדכי,גרמים,900.00,100 גרם,false,1,39.90,4.4333,true,1,321419
7290107956642,false,תרסיס שמן זית יד מרד,,,תרסיס שמן זית יד מרדכי 150 גרם,גרמים,150.00,100 גרם,false,1,16.90,11.2667,true,1,322554
7290107956833,false,עוגיות שוקו ציפס שוק,,,עוגיות שוקו ציפס שוקולד חלב 180גר,גרמים,180.00,100 גרם,false,1,8.90,4.9444,true,1,318505
7290107956895,false,קפסולות אספרסו קרמל,,,קפסולות אספרסו קרמל 10 יח,יחידה,10.00,יחידה,false,1,17.00,1.7000,true,1,322359
7290107956901,false,קפסולות אספרסו טעם א,,,קפסולות אספרסו טעם אגוזים 10 יח,יחידה,10.00,יחידה,false,1,17.00,1.7000,true,1,319814
7290107956925,false,קפסולות אספרסו 13 או,,,קפסולות אספרסו 13 אוגנדה 10 יח,יחידה,10.00,יחידה,false,1,17.00,1.7000,true,1,324735
7290107956932,false,קפסולות אספרסו 12 אנ,,,קפסולות אספרסו 12 אנדוניזיה 10 יח,יחידה,10.00,יחידה,false,1,17.00,1.7000,true,1,319085
7290107957069,false,מסטיק עלמה קוביות או,,,מסטיק עלמה קוביות אוכמניות 66 גרם,Unknown,0.00,Unknown,false,1,10.00,0.0000,true,1,319127
7290107957076,false,מסטיק עלמה קוביות ספ,,,מסטיק עלמה קוביות ספירמנט 66 גרם,Unknown,0.00,Unknown,false,1,10.00,0.0000,true,1,319128
7290107957137,false,גבינת סימפוניה עשבי,,,גבינת סימפוניה עשבי תיבול 5% 200גר,גרמים,200.00,100 גרם,false,1,11.90,5.9500,true,1,324739
7290107957229,false,נטיפי פרה שוקולד ציפ,,,נטיפי פרה שוקולד ציפס 50% מריר 250 גרם,גרמים,250.00,100 גרם,false,1,11.90,4.7600,true,1,322353
7290107957991,false,מארז עוגת מילקי מיני,שטראוס,IL,מארז עוגת מילקי מיני 9יח 16גר,גרמים,144.00,100 גרם,false,6,14.90,10.3472,true,1,324203
7290107958035,false,מארז 8 יח דנונה מתיק,שטראוס,,מארז 8 יח דנונה מתיקות מעודן ללא סוכר120,גרמים,960.00,100 גרם,false,1,19.20,2.0000,true,1,319892
7290107958448,false,עוגת בראוניס שוקולד,,,עוגת שוקולד לבן 380 ג,גרמים,380.00,100 גרם,false,1,15.90,4.1842,true,1,322352
7290107958523,false,מוס רבע לשבע חלבה100,,,מוס רבע לשבע חלבה100 גרם,גרמים,100.00,100 גרם,false,1,14.90,14.9000,true,1,335298
7290107958653,false,סלט חומוס 9% 400גרם,שטראוס,,סלט חומוס 9% 400גרם אחלה,גרמים,400.00,100 גרם,false,1,8.90,2.2250,true,1,320993
7290107959032,false,מעדן סום טחינה נוגט,שטראוס,IL,מעדן סום טחינה נוגט 125גר,גרמים,125.00,100 גרם,false,24,4.30,3.4400,true,1,325573
7290107959049,false,מעדן סום טחינה וניל,שטראוס,IL,מעדן סום טחינה וניל 125גר,גרמים,125.00,100 גרם,false,24,4.30,3.4400,true,1,325574
7290107970129,false,דאו.רול און ל.ספיד ס,Colgate - Mexico,,דאו.רול און ל.ספיד סטיק לסס פרש 50מ,Unknown,0.00,Unknown,false,1,14.90,0.0000,true,1,306346
7290107971522,false,חטיף פרי ללא גלוטן ב,אמקו סאם מילס ספול.,,חטיף פרי ללא גלוטן בוטנים שקד5 יח140 גר,גרמים,140.00,100 גרם,false,1,16.90,12.0714,true,1,309455
7290107971539,false,חטיף פרי ללא גלוטן ב,אמקו סאם מילס ספול.,,חטיף פרי ללא גלוטן בוטנים קשיו5 יח140 גר,גרמים,140.00,100 גרם,false,1,16.90,12.0714,true,1,309454
7290107971744,false,מי פה קולגייט טוטל י,קולגייט פלמוליב,PL,מי פה קולגייט טוטל ירוק 500 מל,מיליליטרים,500.00,"100 מ""ל",false,6,25.90,5.1800,true,1,309109
7290107973014,false,סבון ידיים פלמוליב ח,CP - Turkey+60,,סבון ידיים פלמוליב חלב ודבש 300 מל,מיליליטרים,300.00,"100 מ""ל",false,1,11.90,3.9667,true,1,310359
7290107973038,false,סבון ידיים פלמוליב א,CP - Turkey+60,,סבון ידיים פלמוליב אקווריום 300 מל,מיליליטרים,300.00,"100 מ""ל",false,1,11.90,3.9667,true,1,310358
7290107973311,false,זוג מב.שינים קולגייט,קולגייט פלמוליב,,זוג מב.שינים קולגייט 360 יום פחם זהב,Unknown,0.00,Unknown,false,1,25.90,0.0000,true,1,309108
7290107973861,false,מארז 3 יח עגבניות חת,קונסורזיו קאסאלאסקו,IT,מארז 3 יח עגבניות חתוכות מאסטר שף 400 גר,גרמים,1200.00,100 גרם,false,1,16.90,1.4083,true,1,311239
7290107974066,false,עלי טורטיה 5 דגנים 8,אלקאטי קורביישיסי גי,,עלי טורטיה 5 דגנים 8 יח 320 גר,גרמים,320.00,100 גרם,false,1,10.90,3.4063,true,1,310228
7290107974073,false,עלי טורטיה קמח לבן 8,אלקאטי קורביישיסי גי,,עלי טורטיה קמח לבן 20 יח 320 גר,גרמים,320.00,100 גרם,false,1,10.90,3.4063,true,1,310227
7290107974080,false,עלי טורטיה קמח מלא 2,אלקאטי קורביישיסי גי,,עלי טורטיה קמח מלא 25 יח 756 גר,גרמים,756.00,100 גרם,false,1,18.00,2.3810,true,1,310229
7290107974301,false,ליידי ספיד סטיק גל א,Colgate - USA,,ליידי ספיד סטיק גל אלוורה 65 גרם,Unknown,0.00,Unknown,false,1,18.90,0.0000,true,1,314120
7290107974646,false,מי פה מרידול נשימה ר,GABA THERW SWIZ,,מי פה מרידול נשימה רעננה 400 מל,מיליליטרים,400.00,"100 מ""ל",false,1,34.90,8.7250,true,1,311247
7290107974806,false,אורז במסטי מאסטר שף,דווה סינג שיהם סינג,IN,אורז במסטי מאסטר שף 1 קג,קילוגרמים,1.00,"ק""ג",false,20,11.90,11.9000,true,1,313584
7290107974837,false,ממרח מיונז שום מאסטר,רמייה,,ממרח מיונז שום מאסטר שף 253 גרם הולנדי,גרמים,253.00,100 גרם,false,1,8.50,3.3597,true,1,311696
7290107975278,false,דאו.ליידי ספיד סטיק,Colgate - USA,,דאו.ליידי ספיד סטיק אלוורה 45 גרם,יחידה,1.00,יחידה,false,1,18.90,18.9000,true,1,314121
7290107975292,false,דאו.ליידי ספיד סטיק,Colgate - USA,,דאו.ליידי ספיד סטיק נערות ורוד 65גר,Unknown,0.00,Unknown,false,12,18.90,0.0000,true,1,324424
7290107975346,false,דאו.ספיד סטיק גל לגב,Colgate - USA,,דאו.ספיד סטיק גל לגבר כח הטבע 24/7,Unknown,0.00,Unknown,false,1,18.90,0.0000,true,1,317206
7290107975360,false,ליידי ספיד סטיק גל פ,Colgate - USA,,ליידי ספיד סטיק גל פיור פרשנס 65 גרם,Unknown,0.00,Unknown,false,1,18.90,0.0000,true,1,317161
7290107975544,false,משחת שיניים קולגייט,CP-Poland swidnica,,משחת שיניים קולגייט סמיילס ברבי ילדים 50,Unknown,0.00,Unknown,false,1,12.90,0.0000,true,1,313904
7290107976848,false,מארז 4יח פלמוליב סבו,CP - Turkey+60,,מארז 4יח פלמוליב סבון מוצק 90 גרם,גרמים,360.00,100 גרם,false,1,16.90,4.6944,true,1,318846
7290107977456,false,אלסבון פלמוליב משאבה,CP - Turkey+60,,אלסבון פלמוליב משאבה ספורט לגבר 750מל,מיליליטרים,750.00,"100 מ""ל",false,1,17.90,2.3867,true,1,329159
7290107977753,false,משחת שיניים מרידול פ,קולגייט,,משחת שיניים מרידול פרודונט אקספרס 75מל,מיליליטרים,75.00,"100 מ""ל",false,1,25.90,34.5333,true,1,318847
7290107978101,false,משחת שיניים קולגייט,CP-Poland swidnica,,משחת שיניים קולגייט אופטיק וויט פאור75מל,Unknown,0.00,Unknown,false,1,27.90,0.0000,true,1,318848
7290107978323,false,אטריות מאסטר שף דקיק,פי.פי.איג' ארטקלס ג',PL,אטריות מאסטר שף דקיקיות 400 גרם,גרמים,400.00,100 גרם,false,18,5.90,1.4750,true,1,316671
7290107978330,false,אטריות מאסטר שף דקות,פי.פי.איג' ארטקלס ג',PL,אטריות מאסטר שף דקות 400 גרם,גרמים,400.00,100 גרם,false,18,5.90,1.4750,true,1,316672
7290107978347,false,אטריות מאסטר שף בנונ,פי.פי.איג' ארטקלס ג',PL,אטריות מאסטר שף בנוניות 400 גרם,גרמים,400.00,100 גרם,false,18,5.90,1.4750,true,1,316673
7290107978453,false,חטיף קראנצוס גריל 55,Mana,,חטיף קראנצוס גריל 70 גר,Unknown,0.00,Unknown,false,1,3.90,0.0000,true,1,318155
7290107978460,false,חטיף קראנצוס פלאפל55,Mana,,חטיף קראנצוס פלאפל 70 גר,Unknown,0.00,Unknown,false,1,3.90,0.0000,true,1,318156
7290107978637,false,משחת שיניים מרידול מ,CP-Poland swidnica,,משחת שיניים מרידול משפחתי 75 מל,מיליליטרים,75.00,"100 מ""ל",false,48,19.90,26.5333,true,1,323789
7290107979184,false,תבנית אלומיניום עם נ,,,תבנית אלומיניום עם נייר אפיה קוקי מס 3,יחידה,1.00,יחידה,false,1,10.90,10.9000,true,1,317925
7290107979191,false,תבנית אלומיניום עם נ,,,תבנית אלומיניום עם נייר אפיה קוקי מס 2,יחידה,1.00,יחידה,false,1,10.90,10.9000,true,1,317926
7290107979573,false,ניילון נצמד קוקי זוג,אופל,,ניילון נצמד קוקי זוג 30 מטר,יחידה,1.00,יחידה,false,1,10.90,10.9000,true,1,317932
7290108070224,false,שקיות מודפסות מותגים,,,שקיות מודפסות מותגים 15 יח,Unknown,0.00,Unknown,false,1,13.90,0.0000,true,1,317956
7290108070316,false,שקיות מודפסות מותגים,,,שקיות מודפסות מותגים 15 יח,Unknown,0.00,Unknown,false,1,13.90,0.0000,true,1,317957
7290108074468,false,בקבוק לנוער מותגים 7,,,בקבוק לנוער מותגים 700 מל,Unknown,0.00,Unknown,false,1,27.90,0.0000,true,1,317967
7290108201284,false,מקלות ריחניים אירווי,RB הונגריה,,מקלות ריחניים אירוויק לבנדר 30מל,Unknown,0.00,Unknown,false,1,14.90,0.0000,true,1,312611
7290108201437,false,אבקת כביסה קולון 101,רקיט בנקיזר,,אבקת כביסה קולון 101 2.5קג,קילוגרמים,2.50,"ק""ג",false,1,19.90,7.9600,true,1,313281
7290108201802,false,ספריי חיטוי דטול 400,רקיט בנקיזר,US,ספריי חיטוי דטול 400מל בניחוח אביב,מיליליטרים,400.00,"100 מ""ל",false,12,19.90,4.9750,true,1,324501
7290108201864,false,טבליות גל כביסה קולו,רקיט בנקיזר,,טבליות גל כביסה קולון 28 יח,יחידה,28.00,יחידה,false,1,32.90,1.1750,true,1,322846
7290108350142,false,שקיות רב שימושיות גד,סנו,IL,שקיות רב שימושיות גדולות 25/35סמ,יחידה,270.00,יחידה,false,24,13.90,0.0515,true,1,307987
7290108350203,false,כריות קרצוף ספוג מקצ,סנו,IL,כריות קרצוף ספוג מקציף 6יח סנו סושי,יחידה,6.00,יחידה,false,12,12.90,2.1500,true,1,310397
7290108350210,false,שקיות אשפה 30יח חזקו,סנו,IL,שקיות אשפה 30יח חזקות 75/65 סנו סושי,יחידה,30.00,יחידה,false,1,24.90,0.8300,true,1,306788
7290108350500,false,סבון אסלה סנובון דאב,סנו,,סבון אסלה סנובון דאבל אקשן תפוז שלישייה,יחידה,3.00,יחידה,false,1,11.90,3.9667,true,1,306044
7290108350524,false,סנו ארון פרש לבנדר,סנו,IL,סנו ארון פרש לבנדר,Unknown,0.00,Unknown,false,24,22.90,0.0000,true,1,311368
7290108350531,false,נוזל כלים סנו ספארק,,,נוזל כלים סנו ספארק קלאסי משאבה 1 ליטר,ליטרים,1.00,ליטר,false,1,11.90,11.9000,true,1,304580
7290108350548,false,נוזל כלים סנו ספארק,,,נוזל כלים סנו ספארק לבנדר משאבה 1 ליטר,ליטרים,1.00,ליטר,false,1,11.90,11.9000,true,1,304581
7290108350555,false,נוזל כלים סנו ספארק,,,נוזל כלים סנו ספארק היפואלרגי משאבה 1ל,ליטרים,1.00,ליטר,false,1,11.90,11.9000,true,1,304582
7290108350586,false,נוזל כלים סנו ספארק,סנו,IL,נוזל כלים סנו ספארק קלאסי 1.5 ליטר,ליטרים,1.50,ליטר,false,12,14.90,9.9333,true,1,312489
7290108350616,false,מרכך כביסה מקסימה מר,סנו,,מרכך כביסה מקסימה מרוכז בלו בלוסום 1ליטר,ליטרים,1.00,ליטר,false,1,16.90,16.9000,true,1,309922
7290108350623,false,מרכך כביסה מקסימה מר,סנו,,מרכך כביסה מקסימה מרוכז סופט סילק 1ליטר,ליטרים,1.00,ליטר,false,1,16.90,16.9000,true,1,309921
7290108350647,false,קרם להתרת קשרים כיף,סנו,IL,קרם להתרת קשרים כיף פיות 350 מל,מיליליטרים,350.00,"100 מ""ל",false,1,21.90,6.2571,true,1,308618
7290108350685,false,מנקה למדיח כלים ספאר,סנו,IL,מנקה למדיח כלים ספארק 250מל,מיליליטרים,250.00,"100 מ""ל",false,6,13.90,5.5600,true,1,321828
7290108350722,false,מש. שיניים אורביטול,,,מש. שיניים אורביטול בוב ספוג 70גר,גרמים,70.00,100 גרם,false,1,9.90,14.1429,true,1,336778
7290108351149,false,גט גל לניקוי כללי ור,סנו,,גט גל לניקוי כללי ורצפות סודה 1.5ליטר,ליטרים,1.50,ליטר,false,1,12.90,8.6000,true,1,312492
7290108351156,false,גט גל לניקוי כללי ור,סנו,,גט גל לניקוי כללי ורצפות חומץ 1.5ליטר,ליטרים,1.50,ליטר,false,1,12.90,8.6000,true,1,312491
7290108351507,false,מרכך כביסה סנומקסימה,,,מרכך כביסה סנומקסימה 4 ל סופט סילק,ליטרים,4.00,ליטר,false,1,22.90,5.7250,true,1,312494
7290108351514,false,מרכך כביסה סנומקסימה,,,מרכך כביסה סנומקסימה 4 ל בלו,ליטרים,4.00,ליטר,false,1,22.90,5.7250,true,1,312493
7290108351545,false,מטהר אויר יבש פרש הו,,,מטהר אויר יבש פרש הום 200מל בניחוח מרכך,מיליליטרים,200.00,"100 מ""ל",false,12,12.90,6.4500,true,1,323506
7290108351552,false,מרסס סנו גט לניקוי כ,סנו,,מרסס סנו גט לניקוי כללי+חומץ 750מל,מיליליטרים,750.00,"100 מ""ל",false,1,12.90,1.7200,true,1,319677
7290108351569,false,סנו מקסימה בייבי למי,,,סנו מקסימה בייבי למייבש 750 מל,מיליליטרים,750.00,"100 מ""ל",false,1,18.90,2.5200,true,1,317554
7290108351583,false,סנו גט לניקוי אסלות,,,סנו גט לניקוי אסלות 750מל חומץ ומלח לימו,מיליליטרים,750.00,"100 מ""ל",false,12,10.90,1.4533,true,1,323505
7290108351590,false,מ. אויר סנופרש הום ב,,,מ. אויר סנופרש הום בריח בלו בלוסום 350מל,מיליליטרים,350.00,"100 מ""ל",false,1,13.90,3.9714,true,1,317552
7290108351606,false,מ. אויר סנופרש הום ב,,,מ. אויר סנופרש הום בריח סופט סילק 350מל,מיליליטרים,350.00,"100 מ""ל",false,1,13.90,3.9714,true,1,317551
7290108351613,false,נוזל ריצפז פרש הום 2,סנו,IL,נוזל ריצפז פרש הום 2 ליטר מלון חלומי סנו,ליטרים,2.00,ליטר,false,8,21.90,10.9500,true,1,316747
7290108351620,false,לוכד ריחות רעים סנו,,,לוכד ריחות רעים סנו פרש,Unknown,0.00,Unknown,false,12,13.90,0.0000,true,1,318403
7290108351699,false,מארז 3יח מגבוני גט+ח,,,מארז 3יח מגבוני גט+חומץ לניקוי כללי 50יח,יחידה,150.00,יחידה,false,8,21.90,0.1460,true,1,324171
7290108351705,false,פניני בישום מקסימה פ,סנו,IL,פניני בישום מקסימה פרש 275גר,גרמים,275.00,100 גרם,false,6,31.90,11.6000,true,1,329777
7290108351712,false,פניני בישום מקסימה ל,סנו,IL,פניני בישום מקסימה לאבלי 275גר,גרמים,275.00,100 גרם,false,6,31.90,11.6000,true,1,329778
7290108351729,false,נוזל ניקוי אסלות אקו,סנו,IL,נוזל ניקוי אסלות אקולוגי 750מל גרין פאור,מיליליטרים,750.00,"100 מ""ל",false,1,11.90,1.5867,true,1,332542
7290108351743,false,נוזל ניקוי כללי אקול,סנו,IL,נוזל ניקוי כללי אקולוגי 750מל גרין פאור,מיליליטרים,750.00,"100 מ""ל",false,1,11.90,1.5867,true,1,332546
7290108351750,false,נוזל שטיפת רצפות אקו,סנו,IL,נוזל שטיפת רצפות אקולוגי 2ליטר גרין פאור,ליטרים,2.00,ליטר,false,1,18.90,9.4500,true,1,332547
7290108351774,false,מרסס ניקוי מוצרי עור,,,מרסס ניקוי מוצרי עור 500מל,מיליליטרים,500.00,"100 מ""ל",false,1,29.90,5.9800,true,1,325782
7290108351781,false,סנו גט לניקוי אסלות,,,סנו גט לניקוי אסלות 750מל בניחוח הדרים,מיליליטרים,750.00,"100 מ""ל",false,12,10.90,1.4533,true,1,325519
7290108351804,false,מרכך כביסה מקסימה מר,,,מרכך כביסה מקסימה מרוכז בריזה עדינה 1לי,ליטרים,1.00,ליטר,false,1,16.90,16.9000,true,1,328446
7290108351811,false,מרכך כביסה מקסימה מר,,,מרכך כביסה מקסימה מרוכז נגיעות פרחים 1לי,ליטרים,1.00,ליטר,false,1,16.90,16.9000,true,1,328445
7290108351835,false,מרכך כביסה סנומקסימה,,,מרכך כביסה סנומקסימה 4 ל פריחה,ליטרים,4.00,ליטר,false,1,22.90,5.7250,true,1,329797
7290108351842,false,מבשם כביסה מרוכז מקס,,IL,מבשם כביסה מרוכז מקסימה 600מל כחול,מיליליטרים,600.00,"100 מ""ל",false,12,22.90,3.8167,true,1,325918
7290108351859,false,מבשם כביסה מרוכז מקס,,IL,מבשם כביסה מרוכז מקסימה 600מל ורוד,מיליליטרים,600.00,"100 מ""ל",false,12,22.90,3.8167,true,1,325919
7290108351866,false,מבשם כביסה מרוכז מקס,,IL,מבשם כביסה מרוכז מקסימה 600מל בורדו,מיליליטרים,600.00,"100 מ""ל",false,12,22.90,3.8167,true,1,325920
7290108351910,false,טבליות למדיח ספארק 3,,,טבליות למדיח ספארק 30 יח,יחידה,30.00,יחידה,false,1,22.90,0.7633,true,1,325928
7290108351927,false,טבליות למדיח ספארק 7,,,טבליות למדיח ספארק 70 יח,יחידה,70.00,יחידה,false,1,44.90,0.6414,true,1,325927
7290108351934,false,סבון אסלה מוצק רינגס,,IL,סבון אסלה מוצק רינגס לימון שלישייה,יחידה,3.00,יחידה,false,12,15.90,5.3000,true,1,328426
7290108351958,false,סבון אסלה מוצק רינגס,,IL,סבון אסלה מוצק רינגס אוקיינוס שלישייה,יחידה,3.00,יחידה,false,12,15.90,5.3000,true,1,328428
7290108352092,false,משחת שיניים אורביטול,סנו,IL,משחת שיניים אורביטול בתוספת מלח 145גר,גרמים,145.00,100 גרם,false,24,18.90,13.0345,true,1,333614
7290108352146,false,סבון אסלות סנובון מג,,,סבון אסלות סנובון מגנוליה ונרולי 750מל,מיליליטרים,750.00,"100 מ""ל",false,1,11.90,1.5867,true,1,332648
7290108352153,false,סבון אסלות סנובון לו,,,סבון אסלות סנובון לוטוס סחלב 750מל,מיליליטרים,750.00,"100 מ""ל",false,1,11.90,1.5867,true,1,332649
7290108352207,false,קפסולות כביסה מקסימה,,IL,קפסולות כביסה מקסימה 40יח בריזה,יחידה,40.00,יחידה,false,12,34.90,0.8725,true,1,332158
7290108352214,false,קפסולות כביסה מקסימה,,IL,קפסולות כביסה מקסימה 40יח פרחוני,יחידה,40.00,יחידה,false,12,34.90,0.8725,true,1,332157
7290108352221,false,מ. אויר סנופרש מלון,,,מ. אויר סנופרש מלון מפנק 350מל,מיליליטרים,350.00,"100 מ""ל",false,1,13.90,3.9714,true,1,332650
7290108352252,false,נוזל כלים סנו ספארק,,,נוזל כלים סנו ספארק קלאסי משאבה 1 ליטר,ליטרים,1.00,ליטר,false,1,11.90,11.9000,true,1,333648
7290108352269,false,מטליות לחות לניקוי ו,,IL,מטליות לחות לניקוי וחיטוי 99% 400יח בדלי,יחידה,400.00,יחידה,false,6,32.90,0.0822,true,1,332159
7290108352276,false,מטליות לחות לחיטוי ו,סנו,IL,מטליות לחות לחיטוי וניקוי רצפות 99% 10יח,יחידה,10.00,יחידה,false,12,17.90,1.7900,true,1,331661
7290108352320,false,מ. אויר סנופרש מלון,,,מ. אויר סנופרש מלון בוטיק 350מל,מיליליטרים,350.00,"100 מ""ל",false,1,13.90,3.9714,true,1,332651
7290108352337,false,מ.אויר סנו פרש מילוי,,,מ.אויר סנו פרש מילוי מלון מפנק 250מל,מיליליטרים,250.00,"100 מ""ל",false,1,14.90,5.9600,true,1,332653
7290108352344,false,מ.אויר סנו פרש מילוי,,,מ.אויר סנו פרש מילוי מלון בוטיק 250מל,מיליליטרים,250.00,"100 מ""ל",false,1,14.90,5.9600,true,1,332652
7290108352351,false,תרסיס לחיטוי משטחים,סנו,IL,תרסיס לחיטוי משטחים 99% 400מל,מיליליטרים,400.00,"100 מ""ל",false,12,22.90,5.7250,true,1,332163
7290108352399,false,נוזל ריצפז פרש הום 2,סנו,,נוזל ריצפז פרש הום 2ל בניחוח מרכך כביסה,ליטרים,2.00,ליטר,false,1,21.90,10.9500,true,1,344033
7290108352443,false,סבון אסלה סנובון שלי,,,סבון אסלה סנובון שלישייה לוטוס וסחלב,יחידה,3.00,יחידה,false,1,14.90,4.9667,true,1,336775
7290108352450,false,נוזל ריצפז פרש הום 2,סנו,,נוזל ריצפז פרש הום 2ליטר ניחוח מרכך כביס,ליטרים,2.00,ליטר,false,1,21.90,10.9500,true,1,335697
7290108352481,false,מטהר אוויר סנומוד נר,,,מטהר אוויר סנומוד נרסיסו,מיליליטרים,150.00,"100 מ""ל",false,1,12.90,8.6000,true,1,336772
7290108352498,false,מטהר אויר סנו פרש או,,,מטהר אויר סנו פרש אוטומטי+מילוי מ.בוטיק,יחידה,1.00,יחידה,false,1,39.90,39.9000,true,1,337555
7290108352511,false,נוזל מקסימה לניקוי ו,,,נוזל מקסימה לניקוי וחיטוי מכונת כביסה500,מיליליטרים,500.00,"100 מ""ל",false,12,15.90,3.1800,true,1,337559
7290108352535,false,דפי בישום לחים מקסימ,סנו,IL,דפי בישום לחים מקסימה למייבש כביסה 20יח,יחידה,20.00,יחידה,false,12,13.90,0.6950,true,1,342894
7290108352566,false,מרכך כביסה סנומקסימה,,,מרכך כביסה סנומקסימה 4 ליטר גוי,ליטרים,4.00,ליטר,false,1,22.90,5.7250,true,1,344654
7290108352573,false,מרכך כביסה סנומקסימה,,,מרכך כביסה סנומקסימה 4 ליטר קאלם,ליטרים,4.00,ליטר,false,1,22.90,5.7250,true,1,346216
7290108352597,false,מגבונים לניקוי כללי,סנו,IL,מגבונים לניקוי כללי 400יח בדלי,יחידה,400.00,יחידה,false,6,27.90,0.0697,true,1,311179
7290108352641,false,מטליות מיקרופייבר לנ,סנו,,מטליות מיקרופייבר לניקוי כללי 3יח,יחידה,3.00,יחידה,false,1,16.90,5.6333,true,1,317548
7290108352672,false,מארז 2יח מטליות מיקר,סנו,IL,מארז 2יח מטליות מיקרופייבר לרצפות,יחידה,2.00,יחידה,false,12,22.90,11.4500,true,1,317549
7290108352689,false,כריות קרצוף 9יח ללכל,סנו,IL,כריות קרצוף 9יח ללכלוך קשה סנו סושי,יחידה,9.00,יחידה,false,1,12.90,1.4333,true,1,310396
7290108352801,false,שקיות אשפה לפחים קטנ,,IL,שקיות אשפה לפחים קטנים 100יח סנו סושי,יחידה,100.00,יחידה,false,12,19.90,0.1990,true,1,323000
7290108352818,false,מטלית במבוק לניקוי,סנו,,מטלית במבוק לניקוי 25/25סמ סנו סושי,יחידה,1.00,יחידה,false,12,8.90,8.9000,true,1,325372
7290108352825,false,ספוג הפלא נירוסטה סנ,סנו,IL,ספוג הפלא נירוסטה סנו סושי 3יח,יחידה,3.00,יחידה,false,12,10.90,3.6333,true,1,323833
7290108352863,false,שקיות צליה 20יח סנו,,,שקיות צליה 20יח סנו סושי 38/25סמ לארג,יחידה,20.00,יחידה,false,12,8.90,0.4450,true,1,324790
7290108352870,false,שקיות צליה 10יח סנו,,,שקיות צליה 10יח סנו סושי 38/25סמ אקס אל,יחידה,10.00,יחידה,false,12,8.90,0.8900,true,1,324791
7290108352887,false,זוג מפות שולחן לבנות,,,זוג מפות שולחן לבנות סנו סושי,יחידה,2.00,יחידה,false,1,11.90,5.9500,true,1,325364
7290108352894,false,מפת שולחן חגיגית חד,סנו,IL,מפת שולחן חגיגית חד פעמי 270/120סמ,יחידה,1.00,יחידה,false,24,8.90,8.9000,true,1,326184
7290108352900,false,מגבות נייר סנו סושי,,IL,מגבות נייר סנו סושי 6 גלילים כפול,יחידה,6.00,יחידה,false,1,24.90,4.1500,true,1,328441
7290108353006,false,שקיות אוכל נקשרות,,,שקיות אוכל נקשרות 250יח אקס אל,יחידה,250.00,יחידה,false,1,12.90,0.0516,true,1,327543
7290108353068,false,כרית קרצוף עם סיבי,סנו,IL,כרית קרצוף עם סיבי נירוסטה 2יח סנו סושי,יחידה,2.00,יחידה,false,12,10.90,5.4500,true,1,328962
7290108353082,false,ממחטות אף סופט בקופס,,,ממחטות אף סופט בקופסה 120 יח,יחידה,120.00,יחידה,false,1,10.90,0.0908,true,1,328972
7290108353501,false,שקיות אשפה גדולות במ,,IL,שקיות אשפה גדולות במיוחד 25יח 90/75סמ,יחידה,25.00,יחידה,false,12,21.90,0.8760,true,1,330384
7290108353549,false,נייר אפיה 100יחידות,,IL,נייר אפיה 100יחידות 38/42סמ סנו סושי,יחידה,100.00,יחידה,false,24,22.90,0.2290,true,1,330386
7290108353662,false,מפת שולחן חד פעמי מו,סנו,IL,מפת שולחן חד פעמי מוטבעת 270/120סמ,יחידה,1.00,יחידה,false,24,8.90,8.9000,true,1,344653
7290108353686,false,מטלית מיקרופייבר חלו,,,מטלית מיקרופייבר חלומית לרצפות סנו סושי,יחידה,1.00,יחידה,false,1,12.90,12.9000,true,1,335696
7290108353778,false,תחליב רחצה נקה 750מל,,,תחליב רחצה נקה 750מל שוודיה,מיליליטרים,750.00,"100 מ""ל",false,1,12.90,1.7200,true,1,335708
7290108353785,false,תחליב רחצה נקה 750מל,,,תחליב רחצה נקה 750מל מרוקו,מיליליטרים,750.00,"100 מ""ל",false,1,12.90,1.7200,true,1,335710
7290108353792,false,תחליב רחצה נקה 750מל,,,תחליב רחצה נקה 750מל יפן,מיליליטרים,750.00,"100 מ""ל",false,1,12.90,1.7200,true,1,335707
7290108353808,false,תחליב רחצה נקה 750מל,,,תחליב רחצה נקה 750מל מדגסקר,מיליליטרים,750.00,"100 מ""ל",false,1,12.90,1.7200,true,1,335709
7290108353952,false,דאודורנט קרמה ספריי,סנו,,דאודורנט קרמה ספריי קלאסי 150 מל,מיליליטרים,150.00,"100 מ""ל",false,1,12.90,8.6000,true,1,342246
7290108353990,false,קרם גוף קרמה מאסק 50,,,קרם גוף קרמה מאסק 500 מל,מיליליטרים,500.00,"100 מ""ל",false,1,27.90,5.5800,true,1,336783
7290108354003,false,תחליב רחצה קרמה מועש,סנו,IL,תחליב רחצה קרמה מועשר 700מל גינגר,מיליליטרים,700.00,"100 מ""ל",false,12,18.90,2.7000,true,1,333628
7290108354034,false,סבון ידיים קרמה 300מ,סנו,IL,סבון ידיים קרמה 300מל חמאת שיאה וקוקוי,מיליליטרים,300.00,"100 מ""ל",false,12,12.90,4.3000,true,1,333125
7290108354065,false,גל רחצה קרמה מן פילי,,,גל רחצה קרמה מן פילינג 700מל,מיליליטרים,700.00,"100 מ""ל",false,1,16.90,2.4143,true,1,344036
7290108354263,false,מש. שיניים אורביטול,,,מש. שיניים אורביטול חד קרן 70גר,גרמים,70.00,100 גרם,false,1,9.90,14.1429,true,1,336777
7290108354270,false,מרכך כביסה מקסימה מר,,,מרכך כביסה מקסימה מרוכז 1ליטר גוי,ליטרים,1.00,ליטר,false,1,16.90,16.9000,true,1,344655
7290108354362,false,אל סבון היגייני לידי,סנו,,אל סבון היגייני לידיים 500מל,מיליליטרים,500.00,"100 מ""ל",false,12,12.90,2.5800,true,1,335819
7290108354430,false,שמפו כיף 700מל לשיקו,,IL,שמפו כיף 700מל לשיקום שמן קוקוס וקרטין,מיליליטרים,700.00,"100 מ""ל",false,12,12.90,1.8429,true,1,336781
7290108354447,false,מרכך כיף 700מל לשיקו,,IL,מרכך כיף 700מל לשיקום שמן קוקוס וקרטין,מיליליטרים,700.00,"100 מ""ל",false,12,12.90,1.8429,true,1,336782
7290108354485,false,מרכך קרליין לשיער אר,,,מרכך קרליין לשיער ארגן 700 מל חדש,מיליליטרים,700.00,"100 מ""ל",false,1,12.90,1.8429,true,1,344641
7290108354492,false,שמפו קרליין לשיער אר,,,שמפו קרליין לשיער ארגן 700 מל חדש,מיליליטרים,700.00,"100 מ""ל",false,1,12.90,1.8429,true,1,344640
7290108354591,false,תחליב רחצה נקה ביו 7,,,תחליב רחצה נקה ביו 750מל,מיליליטרים,750.00,"100 מ""ל",false,1,12.90,1.7200,true,1,346223
7290108354751,false,מרסס סנו גט לניקוי כ,סנו,,מרסס סנו גט לניקוי כללי+סודה 750מל,מיליליטרים,750.00,"100 מ""ל",false,1,12.90,1.7200,true,1,325781
7290108354799,false,שמן גוף קרמה 150 מל,סנו,IL,שמן גוף קרמה 150 מל ורד וניל,מיליליטרים,150.00,"100 מ""ל",false,6,24.90,16.6000,true,1,335718
7290108354805,false,שמן גוף קרמה 150 מל,סנו,IL,שמן גוף קרמה 150 מל נרולי ומגנוליה,מיליליטרים,150.00,"100 מ""ל",false,6,24.90,16.6000,true,1,335717
7290108354911,false,שמפו גל רחצה וגילוח,,,שמפו גל רחצה וגילוח קרמה מן 3ב1 700מל,מיליליטרים,700.00,"100 מ""ל",false,1,19.90,2.8429,true,1,331905
7290108354973,false,סבון ידיים קרמה 300מ,סנו,IL,סבון ידיים קרמה 300מל ורד וניל,מיליליטרים,300.00,"100 מ""ל",false,12,12.90,4.3000,true,1,333124
7290108354980,false,קרם ידיים קרמה מרוכז,סנו,IL,קרם ידיים קרמה מרוכז ללא בישום 50מל,Unknown,0.00,Unknown,false,12,16.90,0.0000,true,1,335698
7290108355000,false,שמפו נקה 7 קידס מיני,סנו,IL,שמפו נקה 7 קידס מיניונים 750 מל,מיליליטרים,750.00,"100 מ""ל",false,12,11.90,1.5867,true,1,308626
7290108355017,false,מרכך נקה 7 קידס מיני,סנו,IL,מרכך נקה 7 קידס מיניונים 750 מל,מיליליטרים,750.00,"100 מ""ל",false,12,11.90,1.5867,true,1,308627
7290108355031,false,אל סבון נקה 7 קידס מ,סנו,,אל סבון נקה 7 קידס מיניונים 750 מל,מיליליטרים,750.00,"100 מ""ל",false,1,11.90,1.5867,true,1,308625
7290108355055,false,קרם לחות לשיער עם גל,קוסמופארם,IL,קרם לחות לשיער עם גלייז 400מל נטורל פורמ,מיליליטרים,400.00,"100 מ""ל",false,1,29.90,7.4750,true,1,316750
7290108355062,false,קרם לחות לשיער עם קר,קוסמופארם,IL,קרם לחות לשיער עם קרטין 400מל נטורל פורמ,מיליליטרים,400.00,"100 מ""ל",false,1,29.90,7.4750,true,1,316748
7290108355086,false,גלייז לשיער נטורל פו,קוסמופארם,IL,גלייז לשיער נטורל פורמולה 350 מל,מיליליטרים,350.00,"100 מ""ל",false,1,39.90,11.4000,true,1,316751
7290108355147,false,אלסבון נקה 7 שמני הז,,,אלסבון נקה 7 שמני הזנה 750 מל,מיליליטרים,750.00,"100 מ""ל",false,1,12.90,1.7200,true,1,323563
7290108355154,false,שמפו נקה 7 שמני הזנה,,,שמפו נקה 7 שמני הזנה 750מל,מיליליטרים,750.00,"100 מ""ל",false,1,12.90,1.7200,true,1,323561
7290108355161,false,מרכך נקה 7 שמני הזנה,,,מרכך נקה 7 שמני הזנה 750מל,מיליליטרים,750.00,"100 מ""ל",false,1,12.90,1.7200,true,1,323562
7290108355185,false,מסכת שיער קרטין אינט,,,מסכת שיער קרטין אינטנס מונע קשקשים 350מל,מיליליטרים,350.00,"100 מ""ל",false,1,34.90,9.9714,true,1,321111
7290108355192,false,מרכך קרטין אינטנס מו,,,מרכך קרטין אינטנס מונע קשקשים 400מל,מיליליטרים,400.00,"100 מ""ל",false,1,27.90,6.9750,true,1,321113
7290108355208,false,שמפו קרטין אינטנס מו,,,שמפו קרטין אינטנס מונע קשקשים 400מל,מיליליטרים,400.00,"100 מ""ל",false,1,27.90,6.9750,true,1,321112
7290108355291,false,קרם סירוק קל מתיר קש,,IL,קרם סירוק קל מתיר קשרים נקה 7 350מל,מיליליטרים,350.00,"100 מ""ל",false,12,18.90,5.4000,true,1,328424
7290108355697,false,תרסיס קרליין בישום,סנו,IL,תרסיס קרליין בישום לגוף 250מל אהבה,מיליליטרים,250.00,"100 מ""ל",false,6,39.90,15.9600,true,1,333621
7290108355703,false,תרסיס קרליין בישום,סנו,IL,תרסיס קרליין בישום לגוף 250מל נשיקות,מיליליטרים,250.00,"100 מ""ל",false,6,39.90,15.9600,true,1,333622
7290108355710,false,תרסיס קרליין בישום,סנו,IL,תרסיס קרליין בישום לגוף 250מל גן עדן,מיליליטרים,250.00,"100 מ""ל",false,6,39.90,15.9600,true,1,333623
7290108355727,false,קרם גוף קרליין מבושם,סנו,IL,קרם גוף קרליין מבושם 250מל שפופרת אהבה,מיליליטרים,250.00,"100 מ""ל",false,6,26.90,10.7600,true,1,333624
7290108355734,false,קרם גוף קרליין מבושם,סנו,IL,קרם גוף קרליין מבושם 250מל שפופרת נשיקות,מיליליטרים,250.00,"100 מ""ל",false,6,26.90,10.7600,true,1,333625
7290108355741,false,קרם גוף קרליין מבושם,סנו,IL,קרם גוף קרליין מבושם 250מל שפופרת גן עדן,מיליליטרים,250.00,"100 מ""ל",false,6,26.90,10.7600,true,1,333626
7290108355802,false,תחליב רחצה קרמה מועש,סנו,IL,תחליב רחצה קרמה מועשר 700מל ורד וניל,מיליליטרים,700.00,"100 מ""ל",false,12,18.90,2.7000,true,1,333631
7290108355949,false,תחליב רחצה קרמה מועש,סנו,IL,תחליב רחצה קרמה מועשר 700מל מגנוליה,מיליליטרים,700.00,"100 מ""ל",false,12,18.90,2.7000,true,1,333629
7290108355963,false,תרסיס קרמה בישום גוף,סנו,IL,תרסיס קרמה בישום גוף 260מל ורד וניל,מיליליטרים,260.00,"100 מ""ל",false,6,39.90,15.3462,true,1,335691
7290108355970,false,תרסיס קרמה בישום גוף,סנו,IL,תרסיס קרמה בישום גוף 260מל נרולי מגנוליה,מיליליטרים,260.00,"100 מ""ל",false,6,39.90,15.3462,true,1,335692
7290108356007,false,תחליב רחצה כיף גלידת,סנו,IL,תחליב רחצה כיף גלידת מרשמלו 700מל,מיליליטרים,700.00,"100 מ""ל",false,12,13.90,1.9857,true,1,325601
7290108356014,false,תחליב רחצה כיף מסקרפ,סנו,IL,תחליב רחצה כיף מסקרפונה ופירות 700מל,מיליליטרים,700.00,"100 מ""ל",false,12,13.90,1.9857,true,1,328443
7290108356021,false,תחליב רחצה כיף קרם ע,סנו,IL,תחליב רחצה כיף קרם עוגיות 700מל,מיליליטרים,700.00,"100 מ""ל",false,12,13.90,1.9857,true,1,325597
7290108356045,false,תחליב רחצה כיף גלידת,סנו,IL,תחליב רחצה כיף גלידת סוכריות גלי 700מל,מיליליטרים,700.00,"100 מ""ל",false,12,13.90,1.9857,true,1,325596
7290108356052,false,תחליב רחצה כיף גלידת,סנו,IL,תחליב רחצה כיף גלידת מנטה קפואה 700מל,מיליליטרים,700.00,"100 מ""ל",false,12,13.90,1.9857,true,1,327542
7290108356083,false,תחליב רחצה כיף גלידת,סנו,IL,תחליב רחצה כיף גלידת סורבה מנגו 700מל,מיליליטרים,700.00,"100 מ""ל",false,12,13.90,1.9857,true,1,327541
7290108356090,false,שטיפה אינטימית קרמה,,,שטיפה אינטימית קרמה תרחיץ גל 220מל,מיליליטרים,220.00,"100 מ""ל",false,12,21.90,9.9545,true,1,337558
7290108356106,false,תחליב רחצה כיף מילק,סנו,IL,תחליב רחצה כיף מילק שקד 700 מל,מיליליטרים,700.00,"100 מ""ל",false,12,12.90,1.8429,true,1,325437
7290108356113,false,תחליב רחצה כיף מילק,סנו,IL,תחליב רחצה כיף מילק דבש 700 מל,מיליליטרים,700.00,"100 מ""ל",false,12,12.90,1.8429,true,1,325436
7290108356120,false,תחליב רחצה כיף מילק,סנו,IL,תחליב רחצה כיף מילק קוקוס וניל 700 מל,מיליליטרים,700.00,"100 מ""ל",false,12,12.90,1.8429,true,1,325439
7290108356137,false,תחליב רחצה כיף מילק,סנו,IL,תחליב רחצה כיף מילק לבנדר 700 מל,מיליליטרים,700.00,"100 מ""ל",false,12,12.90,1.8429,true,1,325438
7290108356151,false,תחליב רחצה כיף מילק,סנו,IL,תחליב רחצה כיף מילק מאסק יסמין 700 מל,מיליליטרים,700.00,"100 מ""ל",false,12,12.90,1.8429,true,1,325441
7290108356168,false,תחליב רחצה כיף מילק,סנו,IL,תחליב רחצה כיף מילק אוקיינוס 700 מל,מיליליטרים,700.00,"100 מ""ל",false,12,12.90,1.8429,true,1,325440
7290108356182,false,אלסבון כיף 1 ליטר תא,סנו,IL,אלסבון כיף 1 ליטר תאנה ותה ירוק,ליטרים,1.00,ליטר,false,8,12.90,12.9000,true,1,333646
7290108356199,false,אלסבון כיף 1 ליטר אפ,סנו,IL,אלסבון כיף 1 ליטר אפרסק ופלפל שחור,ליטרים,1.00,ליטר,false,8,12.90,12.9000,true,1,333647
7290108356229,false,גל גילוח קרמה קרבון,,,גל גילוח קרמה קרבון פאוור 200 מל,מיליליטרים,200.00,"100 מ""ל",false,1,11.90,5.9500,true,1,333268
7290108356359,false,קרם לחות קרמה מן 400,,,קרם לחות קרמה מן 400מל לאחר גילוח,מיליליטרים,400.00,"100 מ""ל",false,1,27.90,6.9750,true,1,331906
7290108356397,false,תחליב רחצה כיף בניחו,סנו,IL,תחליב רחצה כיף בניחוח מלבי מפנק 700מל,מיליליטרים,700.00,"100 מ""ל",false,12,13.90,1.9857,true,1,338099
7290108356403,false,תחליב רחצה כיף בניחו,סנו,IL,תחליב רחצה כיף בניחוח עוגת קרן 700מל,מיליליטרים,700.00,"100 מ""ל",false,12,13.90,1.9857,true,1,338097
7290108356489,false,תחליב רחצה כיף אפרסק,סנו,IL,תחליב רחצה כיף אפרסק וחמאת מורומורו 700מ,מיליליטרים,700.00,"100 מ""ל",false,12,12.90,1.8429,true,1,344650
7290108356519,false,שמפו קרליין לשיער רג,,,שמפו קרליין לשיער רגיל 700 מל חדש,מיליליטרים,700.00,"100 מ""ל",false,1,12.90,1.8429,true,1,344038
7290108356526,false,שמפו קרליין לשיער יב,,,שמפו קרליין לשיער יבש 700 מל חדש,מיליליטרים,700.00,"100 מ""ל",false,1,12.90,1.8429,true,1,344039
7290108356533,false,שמפו קרליין לשיער מת,,,שמפו קרליין לשיער מתולתל 700 מל חדש,מיליליטרים,700.00,"100 מ""ל",false,1,12.90,1.8429,true,1,344040
7290108356540,false,שמפו קרליין לשיער צב,,,שמפו קרליין לשיער צבוע 700 מל חדש,מיליליטרים,700.00,"100 מ""ל",false,1,12.90,1.8429,true,1,344041
7290108356557,false,שמפו קרליין למניעת ק,,,שמפו קרליין למניעת קשקשים 700 מל חדש,מיליליטרים,700.00,"100 מ""ל",false,1,12.90,1.8429,true,1,344042
7290108356564,false,מרכך קרליין שיער רגי,,,מרכך קרליין שיער רגיל 700 מל חדש,מיליליטרים,700.00,"100 מ""ל",false,1,12.90,1.8429,true,1,344043
7290108356571,false,מרכך קרליין שיער יבש,,,מרכך קרליין שיער יבש 700 מל חדש,מיליליטרים,700.00,"100 מ""ל",false,1,12.90,1.8429,true,1,344044
7290108356588,false,מרכך קרליין שיער מתו,,,מרכך קרליין שיער מתולתל 700 מל חדש,מיליליטרים,700.00,"100 מ""ל",false,1,12.90,1.8429,true,1,344045
7290108356595,false,מרכך קרליין שיער צבו,,,מרכך קרליין שיער צבוע 700 מל חדש,מיליליטרים,700.00,"100 מ""ל",false,1,12.90,1.8429,true,1,344046
7290108356809,false,סבון ידיים כיף בוטני,סנו,IL,סבון ידיים כיף בוטני 500מל ורד מרווה,מיליליטרים,500.00,"100 מ""ל",false,12,15.90,3.1800,true,1,344651
7290108356816,false,סבון ידיים כיף בוטני,סנו,IL,סבון ידיים כיף בוטני 500מל גרניום פטוצול,מיליליטרים,500.00,"100 מ""ל",false,12,15.90,3.1800,true,1,344652
7290108356854,false,מארז 5יח מגבוני בייב,סנו,,מארז 5יח מגבוני בייבי כיף בניחוח עדין,יחידה,5.00,יחידה,false,1,17.90,3.5800,true,1,336770
7290108356861,false,מארז 5יח מגבוני בייב,סנו,,מארז 5יח מגבוני בייבי כיף ללא בישום,יחידה,5.00,יחידה,false,1,17.90,3.5800,true,1,336771
7290108357004,false,שמפו כיף 700מל בניחו,,IL,שמפו כיף 700מל בניחוח ורד ושמן קוקוי,מיליליטרים,700.00,"100 מ""ל",false,12,12.90,1.8429,true,1,330392
7290108357011,false,מרכך כיף 700מל בניחו,,IL,מרכך כיף 700מל בניחוח ורד ושמן קוקוי,מיליליטרים,700.00,"100 מ""ל",false,12,12.90,1.8429,true,1,330393
7290108357028,false,תחליב רחצה כיף 700מל,,IL,תחליב רחצה כיף 700מל ורד ושמן קוקוי,מיליליטרים,700.00,"100 מ""ל",false,12,12.90,1.8429,true,1,330394
7290108357042,false,דאודורנט קרליין רול,,,דאודורנט קרליין רול און נושם ביו בלונס,מיליליטרים,75.00,"100 מ""ל",false,1,12.90,17.2000,true,1,344642
7290108357059,false,דאודורנט קרליין רול,,,דאודורנט קרליין רול און נושם ביו גארדן,מיליליטרים,75.00,"100 מ""ל",false,1,12.90,17.2000,true,1,344643
7290108357073,false,דאודורנט קרליין ספרי,,,דאודורנט קרליין ספריי נושם ביו בלוסום,מיליליטרים,200.00,"100 מ""ל",false,1,12.90,6.4500,true,1,344645
7290108357097,false,דאודורנט קרליין ספרי,,,דאודורנט קרליין ספריי נושם ביו רוז,מיליליטרים,200.00,"100 מ""ל",false,1,12.90,6.4500,true,1,344647
7290108357110,false,דאודורנט קרליין רול,,,דאודורנט קרליין רול און נושם ביו רוז,מיליליטרים,75.00,"100 מ""ל",false,1,12.90,17.2000,true,1,344644
7290108357189,false,סנו מקסימה למייבש 75,,,סנו מקסימה למייבש 750 מל פלורל טאצ,מיליליטרים,750.00,"100 מ""ל",false,1,18.90,2.5200,true,1,330388
7290108357196,false,מרסס סנו גט לניקוי כ,סנו,,מרסס סנו גט לניקוי כללי 750מל תמצית תה,מיליליטרים,750.00,"100 מ""ל",false,1,12.90,1.7200,true,1,338948
7290108357202,false,סנוקליר בלו בלוסום א,,,סנוקליר בלו בלוסום אקדח 1 ליטר,ליטרים,1.00,ליטר,false,1,11.90,11.9000,true,1,336774
7290108357226,false,אבקת סנו אוקסיגן 1.4,,,אבקת סנו אוקסיגן 1.4קג לבן בקופסא,גרמים,1400.00,100 גרם,false,12,31.90,2.2786,true,1,344049
7290108357233,false,מטליות לחות לניקוי ו,,,מטליות לחות לניקוי והברקה 50יח,יחידה,50.00,יחידה,false,24,12.90,0.2580,true,1,344053
7290108357240,false,אבקת סנו אוקסיגן 1.4,,,אבקת סנו אוקסיגן 1.4קג ירוק בקופסא,גרמים,1400.00,100 גרם,false,12,31.90,2.2786,true,1,344050
7290108357264,false,מ.אויר סנו פרש מילוי,,,מ.אויר סנו פרש מילוי אולטרה פרש 250מל,מיליליטרים,250.00,"100 מ""ל",false,1,14.90,5.9600,true,1,346228
7290108357288,false,נוזל סנו זאול פריחה,,,נוזל סנו זאול פריחה לבנה 4 ליטר,ליטרים,4.00,ליטר,false,1,16.90,4.2250,true,1,344051
7290108357295,false,מסיר כתמים סנו אוקסי,,,מסיר כתמים סנו אוקסיגן לכביסה לבנה750 מל,מיליליטרים,750.00,"100 מ""ל",false,1,17.90,2.3867,true,1,346229
7290108357394,false,תחליב רחצה קרמה מועש,סנו,IL,תחליב רחצה קרמה מועשר 700מל חלב ודבש,מיליליטרים,700.00,"100 מ""ל",false,12,18.90,2.7000,true,1,337554
7290108357400,false,תחליב רחצה קרמה מועש,סנו,IL,תחליב רחצה קרמה מועשר 700מל לבנדר,מיליליטרים,700.00,"100 מ""ל",false,12,18.90,2.7000,true,1,333630
7290108357448,false,קרם גוף קרמה 500 מל,,,קרם גוף קרמה 500 מל לבנדר אקליפטוס,מיליליטרים,500.00,"100 מ""ל",false,1,27.90,5.5800,true,1,335705
7290108357493,false,תחליב רחצה קרמה מועש,סנו,IL,תחליב רחצה קרמה מועשר 700מל וניל ופלפל,מיליליטרים,700.00,"100 מ""ל",false,12,18.90,2.7000,true,1,337553
7290108357516,false,סבון ידיים קרמה 500מ,סנו,IL,סבון ידיים קרמה 500מל וניל ופלפל אדום,מיליליטרים,500.00,"100 מ""ל",false,12,15.90,3.1800,true,1,339039
7290108357653,false,סבון אסלה סנובון באב,,IL,סבון אסלה סנובון באבלס שלישייה אוקיינוס,יחידה,1.00,יחידה,false,12,15.90,15.9000,true,1,347990
7290108357660,false,סבון אסלה סנובון באב,,IL,סבון אסלה סנובון באבלס שלישייה לבנדר,יחידה,1.00,יחידה,false,12,15.90,15.9000,true,1,347991
7290108357707,false,שמפו כיף לשיער רגיל,,IL,שמפו כיף לשיער רגיל תפוח זרעי ציה 700מל,מיליליטרים,700.00,"100 מ""ל",false,12,12.90,1.8429,true,1,326185
7290108357714,false,שמפו כיף לשיער יבש ר,,IL,שמפו כיף לשיער יבש רימונים ושמן ארגן 700,מיליליטרים,700.00,"100 מ""ל",false,12,12.90,1.8429,true,1,326187
7290108357769,false,מרכך כיף לשיער רגיל,,IL,מרכך כיף לשיער רגיל תפוח זרעי ציה 700מל,מיליליטרים,700.00,"100 מ""ל",false,12,12.90,1.8429,true,1,326186
7290108357776,false,מרכך כיף לשיער יבש ר,,IL,מרכך כיף לשיער יבש רימונים ושמן ארגן 700,מיליליטרים,700.00,"100 מ""ל",false,12,12.90,1.8429,true,1,326188
7290108357851,false,תחליב רחצה כיף מילק,סנו,IL,תחליב רחצה כיף מילק שמן קוקוס 700 מל,מיליליטרים,700.00,"100 מ""ל",false,12,12.90,1.8429,true,1,344035
7290108357875,false,שמפו כיף לחות מוגברת,,IL,שמפו כיף לחות מוגברת אפרסק 700מל,מיליליטרים,700.00,"100 מ""ל",false,12,12.90,1.8429,true,1,344648
7290108357882,false,מרכך כיף לחות מוגברת,,IL,מרכך כיף לחות מוגברת אפרסק 700מל,מיליליטרים,700.00,"100 מ""ל",false,12,12.90,1.8429,true,1,344649
7290108358070,false,תחליב רחצה קרמה מועש,סנו,IL,תחליב רחצה קרמה מועשר 700מל קלאסי,מיליליטרים,700.00,"100 מ""ל",false,12,18.90,2.7000,true,1,334631
7290108358087,false,תחליב רחצה קרמה מועש,סנו,IL,תחליב רחצה קרמה מועשר 700מל ורד וניל,מיליליטרים,700.00,"100 מ""ל",false,12,18.90,2.7000,true,1,334632
7290108358100,false,מקלות מטהרי אויר פרש,,,מקלות מטהרי אויר פרש הום בייבי פאודר,Unknown,0.00,Unknown,false,12,21.90,0.0000,true,1,344056
7290108358117,false,מקלות מטהרי אויר פרש,,,מקלות מטהרי אויר פרש הום פרש לאוונדרי,Unknown,0.00,Unknown,false,12,21.90,0.0000,true,1,344055
7290108358124,false,דפי בישום מקסימה פרש,סנו,IL,דפי בישום מקסימה פרש למייבש כביסה 20יח,יחידה,20.00,יחידה,false,12,13.90,0.6950,true,1,347992
7290108359008,false,שקיות זיפר+סליידר 15,,,שקיות זיפר+סליידר 15יח גודל לארג,יחידה,15.00,יחידה,false,12,14.90,0.9933,true,1,344032
7290108359039,false,שקיות אשפה פחים גדול,,,שקיות אשפה פחים גדולים 30יח 60/90סמ,יחידה,30.00,יחידה,false,12,21.90,0.7300,true,1,337560
7290108359060,false,כריות ניקוי לשבת 4יח,סנו,IL,כריות ניקוי לשבת 4יח סנו סושי,יחידה,4.00,יחידה,false,12,12.90,3.2250,true,1,342897
7290108359084,false,כיסוי ניילון עם גומי,סנו,IL,כיסוי ניילון עם גומי 30יח מדיום סנו סושי,יחידה,30.00,יחידה,false,24,9.90,0.3300,true,1,347994
7290108359091,false,כיסוי ניילון עם גומי,סנו,IL,כיסוי ניילון עם גומי 30יח לארג סנו סושי,יחידה,30.00,יחידה,false,24,9.90,0.3300,true,1,347995
7290108359145,false,דפי ספוג הפלא 12יחיד,,,דפי ספוג הפלא 12יחידות סנו סושי,יחידה,12.00,יחידה,false,1,12.90,1.0750,true,1,347988
7290108359152,false,תבניות חד פעמי עגולו,סנו,IL,תבניות חד פעמי עגולות קוטר 25סמ 6יח סושי,יחידה,6.00,יחידה,false,24,12.90,2.1500,true,1,347996
7290108359169,false,תבניות חד פעמי עגולו,סנו,IL,תבניות חד פעמי עגולות קוטר 28סמ 6יח סושי,יחידה,6.00,יחידה,false,24,12.90,2.1500,true,1,347997
7290108359176,false,ממחטות אף סופט לושן,סנו,IL,ממחטות אף סופט לושן מארז 2יח 100יח,יחידה,200.00,יחידה,false,48,13.90,0.0695,true,1,347993
7290108359183,false,שקיות אשפה 60יחידות,,,שקיות אשפה 60יחידות 52/71סמ ידיות אחיזה,יחידה,60.00,יחידה,false,12,21.90,0.3650,true,1,347989
7290108359824,false,קרם גוף בייבי כיף 50,,IL,קרם גוף בייבי כיף 500 מל הידרומיסט 24,מיליליטרים,500.00,"100 מ""ל",false,12,24.90,4.9800,true,1,325787
7290108359831,false,שמן גוף בייבי כיף 50,,IL,שמן גוף בייבי כיף 500 מל הידרומיסט 24,מיליליטרים,500.00,"100 מ""ל",false,12,24.90,4.9800,true,1,325786
7290108359985,false,סנו זאוול מרסס 1ליטר,,,סנו זאוול מרסס 1ליטר פריחה לבנה,ליטרים,1.00,ליטר,false,1,18.90,18.9000,true,1,344052
7290108501353,false,פילה אנשובי ארוך אמי,קונסרבאס פרדו,,פילה אנשובי ארוך אמיתי 45 ג,Unknown,0.00,Unknown,false,1,5.90,0.0000,true,1,321692
7290108501377,false,שפרוטים מריגה מעושני,Briavais Vilns,,שפרוטים מריגה מעושנים בשמן 160 גר,גרמים,160.00,100 גרם,false,1,9.90,6.1875,true,1,320796
7290108501407,false,גבינת צדר מיושנת 200,,GB,גבינת צדר מיושנת 200גרם וינטאג,גרמים,200.00,100 גרם,false,1,19.90,9.9500,true,1,327883
7290108501827,false,שערות קדאיף בצק 450ג,קאנקי,GR,שערות קדאיף בצק 450גר,גרמים,450.00,100 גרם,false,1,21.90,4.8667,true,1,322838
7290108501964,false,חטיף שקדים וצימוקים,ואמראליס,,חטיף שקדים וצימוקים האפי נאטס 35גר 140גר,גרמים,140.00,100 גרם,false,1,10.90,7.7857,true,1,322950
7290108501971,false,חטיף שקדים ומשמש האפ,ואמראליס,,חטיף שקדים ומשמש האפי נאטס 35גר 140גר,גרמים,140.00,100 גרם,false,1,10.90,7.7857,true,1,322951
7290108501988,false,חטיף שקדים וחמוציות,ואמראליס,,חטיף שקדים וחמוציות האפי נאטס 35גר 140גר,גרמים,140.00,100 גרם,false,1,10.90,7.7857,true,1,322949
7290108502251,false,קרקר איטלקי מליחות מ,,IT,קרקר איטלקי מליחות מעודנת 250 גרם,גרמים,250.00,100 גרם,false,20,6.90,2.7600,true,1,346327
7290108502268,false,קרקר איטלקי טעם טבעי,,IT,קרקר איטלקי טעם טבעי 250 גרם,גרמים,250.00,100 גרם,false,20,6.90,2.7600,true,1,346326
7290108502381,false,תחתיות לפיצה מנת השף,מוטלוקל,,תחתית לפיצה מנת השף 26 סמ,גרמים,480.00,100 גרם,false,1,11.90,2.4792,true,1,325639
7290108502541,false,גבינת שמנת יורו ציז,אטלסר אנד אלפרי,DE,גבינת שמנת יורו ציז טבעי 200 גרם,גרמים,200.00,100 גרם,false,12,10.90,5.4500,true,1,325489
7290108502589,false,גבינת שמנת יורו ציז,אטלסר אנד אלפרי,DE,גבינת שמנת יורו ציז שום 200 גרם,גרמים,200.00,100 גרם,false,12,10.90,5.4500,true,1,325491
7290108502862,false,מלפפונים כבושים במלח,זיתור סאן גירה סני ו,TR,מלפפונים כבושים במלח 18-25 600 גר,גרמים,600.00,100 גרם,false,12,10.90,1.8167,true,1,325138
7290108503043,false,מארז 4יח חטיף תפוחונ,דונגפנג פוד קו,,מארז 4יח חטיף תפוחונים מיובשים 22 גרם,Unknown,0.00,Unknown,false,144,14.90,0.0000,true,1,325141
7290108503333,false,יוגורט יווני 150גר 1,,GR,יוגורט יווני 150גר 10%שומן,גרמים,150.00,100 גרם,false,6,5.80,3.8667,true,1,329618
7290108503364,false,יוגורט יווני עם לימו,,GR,יוגורט יווני עם לימון 150גר 0.9%שומן,גרמים,150.00,100 גרם,false,6,5.80,3.8667,true,1,329614
7290108503371,false,יוגורט יווני עם אפרס,,GR,יוגורט יווני עם אפרסק 150גר 0.9%שומן,גרמים,150.00,100 גרם,false,6,5.80,3.8667,true,1,329617
7290108503531,false,גבינת מסקרפונה 250גר,,IT,גבינת מסקרפונה 250גר 41%שומן יורו ציז,גרמים,250.00,100 גרם,false,6,14.90,5.9600,true,1,336896
7290108503722,false,חמאה אורגנית ביו ללא,,,חמאה אורגנית ביו ללא תוספת מלח 200גר,גרמים,200.00,100 גרם,false,1,14.90,7.4500,true,1,328200
7290108504378,false,גבינת שמנת זיתים יור,,IL,גבינת שמנת זיתים יורו ציז 200גרם,גרמים,200.00,100 גרם,false,12,10.90,5.4500,true,1,331039
7290108504538,false,מוסקה צמחונית 400גר,פליריה,GR,מוסקה צמחונית 400גר אולימפיה,גרמים,400.00,100 גרם,false,6,12.90,3.2250,true,1,331143
7290108505092,false,יוגורט יווני טבעי 1ק,,GR,יוגורט יווני טבעי 1קג 10% שומן,קילוגרמים,1.00,"ק""ג",false,6,24.90,24.9000,true,1,332730
7290108505146,false,יוגורט יווני 150גרם,,GR,יוגורט יווני 150גרם טבעי 2%שומן,גרמים,150.00,100 גרם,false,12,5.90,3.9333,true,1,332715
7290108505153,false,יוגורט יווני 150גרם,,GR,יוגורט יווני 150גרם טבעי 10%שומן,גרמים,150.00,100 גרם,false,12,5.90,3.9333,true,1,332714
7290108505160,false,יוגורט יווני אגסים 1,,GR,יוגורט יווני אגסים 150גרם 4% שומן,גרמים,150.00,100 גרם,false,6,5.90,3.9333,true,1,332721
7290108505177,false,יוגורט יווני אננס 15,,GR,יוגורט יווני אננס 150גרם 0%שומן,גרמים,150.00,100 גרם,false,6,5.90,3.9333,true,1,332720
7290108505184,false,יוגורט יווני קוקוס 1,,GR,יוגורט יווני קוקוס 150גר 5% שומן,גרמים,150.00,100 גרם,false,6,5.90,3.9333,true,1,332723
7290108505191,false,יוגורט יווני פצפוצי,,GR,יוגורט יווני פצפוצי שוקולד 150גר 5% שומן,גרמים,150.00,100 גרם,false,6,5.90,3.9333,true,1,332722
7290108505207,false,יוגורט יווני אוכמניו,,GR,יוגורט יווני אוכמניות 150גרם 0%שומן,גרמים,150.00,100 גרם,false,6,5.90,3.9333,true,1,332717
7290108505214,false,יוגורט יווני אפרסק 1,,GR,יוגורט יווני אפרסק 150גרם 0%שומן,גרמים,150.00,100 גרם,false,6,5.90,3.9333,true,1,332719
7290108505733,false,צמות גבינה 200 גרם,,TR,צמות גבינה 200 גרם 25% שומן חצי קשה,גרמים,200.00,100 גרם,false,12,12.90,6.4500,true,1,332621
7290108506037,false,יוגורט יווני טבעי 15,,GR,יוגורט יווני טבעי 150גרם 5%שומן,גרמים,150.00,100 גרם,false,6,5.90,3.9333,true,1,338351
7290108506396,false,מארז מיני דונאטס 9יח,,PL,מארז מיני דונאטס 9יח 261גר,גרמים,261.00,100 גרם,false,6,19.90,7.6245,true,1,332333
7290108506495,false,כנאפה קפוא 192.5גר,,TR,כנאפה קפוא 192.5גר,גרמים,193.00,100 גרם,false,42,13.90,7.2021,true,1,331917
7290108506969,false,בורקס מים טורקי גבינ,גידה,TR,בורקס מים טורקי גבינה 300גר,גרמים,300.00,100 גרם,false,1,14.90,4.9667,true,1,334094
7290108507010,false,בורקס מים טורקי תרד,גידה,TR,בורקס מים טורקי תרד גבינה 300גר,גרמים,300.00,100 גרם,false,1,14.90,4.9667,true,1,334095
7290108507065,false,גבינת פרמגאנו ריגאנו,,IT,גבינת פרמגאנו ריגאנו מגורדת 100גר יורו,גרמים,100.00,100 גרם,false,20,12.90,12.9000,true,1,336894
7290108507188,false,כנאפה משפחתי קפוא 65,,TR,כנאפה משפחתי קפוא 657.5גר,גרמים,658.00,100 גרם,false,10,29.90,4.5441,true,1,334545
7290108507621,false,בקלאווה עם פיסטוק 25,גידה,TR,בקלאווה עם פיסטוק 250 גר קפואה,גרמים,250.00,100 גרם,false,20,14.90,5.9600,true,1,334628
7290108507966,false,פיתה ציפס אפוי טבעי,,TR,פיתה ציפס אפוי טבעי 85 גרם,Unknown,0.00,Unknown,false,14,5.90,0.0000,true,1,337135
7290108508031,false,לפתן אננס שלם ויליפו,טקרנג,,לפתן אננס שלם ויליפוד 830 גרם,גרמים,830.00,100 גרם,false,1,10.90,1.3133,true,1,347259
7290108508369,false,גבינת ציז לונג 200גר,מוטיבי גידה דיירי אי,TR,גבינת ציז לונג 200גר,גרמים,200.00,100 גרם,false,12,19.90,9.9500,true,1,336598
7290108508444,false,גבינת טולום חצי קשה,,TR,גבינת טולום חצי קשה 200גר 26%שומן יורו,גרמים,200.00,100 גרם,false,10,14.90,7.4500,true,1,336933
7290108508536,false,גרגירי חומוס מבושלים,,TR,גרגירי חומוס מבושלים 700 גרם,גרמים,700.00,100 גרם,false,1,9.90,1.4143,true,1,342387
7290108508543,false,אפונה מבושלת במי מלח,,TR,אפונה מבושלת במי מלח 700 גרם,גרמים,700.00,100 גרם,false,1,9.90,1.4143,true,1,342388
7290108508567,false,שעועית אדומה מבושלת,,TR,שעועית אדומה מבושלת 700 גרם,גרמים,700.00,100 גרם,false,1,9.90,1.4143,true,1,342386
7290108508703,false,טורטיה ללא גלוטן 270,,TR,טורטיה ללא גלוטן 270 גרם,גרמים,270.00,100 גרם,false,20,10.00,3.7037,true,1,336932
7290108508765,false,קונכיות פתיתים 400 ג,,TR,קונכיות פתיתים 400 גרם צ,גרמים,400.00,100 גרם,false,1,7.90,1.9750,true,1,342389
7290108508772,false,קונכיות פתיתים עם תר,,TR,קונכיות פתיתים עם תרד 400 גרם,גרמים,400.00,100 גרם,false,1,7.90,1.9750,true,1,342390
7290108508901,false,יוגורט יווני דובדבן,,GR,יוגורט יווני דובדבן שקד 150גרם 0%שומן,גרמים,150.00,100 גרם,false,6,5.90,3.9333,true,1,338349
7290108508918,false,יוגורט יווני לימון מ,,GR,יוגורט יווני לימון מרנג 150גרם 0%שומן,גרמים,150.00,100 גרם,false,6,5.90,3.9333,true,1,338348
7290108508970,false,תה גרבה מטה 500 ג,אוסוואלדי קרוז בואנס,,תה גרבה מטה 500 ג,גרמים,500.00,100 גרם,false,1,16.90,3.3800,true,1,337305
7290108509052,false,מאפה פילו במילוי גבי,,GR,מאפה פילו במילוי גבינת פטה 400גר,גרמים,400.00,100 גרם,false,12,19.90,4.9750,true,1,337987
7290108509069,false,מאפה פילו במילוי ירק,,GR,מאפה פילו במילוי ירקות ירוקים 400גר,גרמים,400.00,100 גרם,false,12,19.90,4.9750,true,1,337988
7290108509397,false,עלי בצק פילו 360גרם,,GR,עלי בצק פילו 360גרם משולשים,גרמים,360.00,100 גרם,false,16,9.90,2.7500,true,1,346875
7290108509403,false,חלבה טורקית קלאסית 3,,TR,חלבה טורקית קלאסית 350 גרם,גרמים,350.00,100 גרם,false,12,9.90,2.8286,true,1,338449
7290108509410,false,חלבה טורקית עם קקאו,,TR,חלבה טורקית עם קקאו 350 גרם,גרמים,350.00,100 גרם,false,12,9.90,2.8286,true,1,338451
7290108509427,false,חלבה טורקית עם פיסטו,,TR,חלבה טורקית עם פיסטוק 350 גרם,גרמים,350.00,100 גרם,false,12,9.90,2.8286,true,1,338450
7290108509618,false,זית ירוק על הגריל מג,,TR,זית ירוק על הגריל מגולען 730 גרם,גרמים,730.00,100 גרם,false,12,24.90,3.4110,true,1,339141
7290108509625,false,זית ירוק עם פלפל על,,TR,זית ירוק עם פלפל על הגריל מגולען 730 גרם,גרמים,730.00,100 גרם,false,12,24.90,3.4110,true,1,339142
7290108509649,false,זית קלמטה מגולען 780,,TR,זית קלמטה מגולען 780 גרם,גרמים,780.00,100 גרם,false,12,17.90,2.2949,true,1,339143
7290108509700,false,אורז פרסי דאוואט 1 ק,אל.טי.פודס לימיטד,IN,אורז פרסי דאוואט 1 קג,קילוגרמים,1.00,"ק""ג",false,20,9.90,9.9000,true,1,343205
7290108620023,false,יין קפיטל קברנה סובנ,,,יין קפיטל קברנה סובניון 750 מל,מיליליטרים,750.00,"100 מ""ל",false,12,60.00,8.0000,true,1,344086
7290108620030,false,יין קפיטל מרלו 750 מ,,,יין קפיטל מרלו 750 מל,מיליליטרים,750.00,"100 מ""ל",false,12,60.00,8.0000,true,1,344087
7290108620054,false,יין אסטייט קברנה סוב,,,יין אסטייט קברנה סוביניון 750 מל,מיליליטרים,750.00,"100 מ""ל",false,12,40.00,5.3333,true,1,344080
7290108620061,false,יין אסטייט שיראז 750,,,יין אסטייט שיראז 750 מל,מיליליטרים,750.00,"100 מ""ל",false,12,40.00,5.3333,true,1,344081
7290108620078,false,יין אסטייט מרלו 750,,,יין אסטייט מרלו 750 מל,מיליליטרים,750.00,"100 מ""ל",false,12,40.00,5.3333,true,1,344082
7290108620085,false,יין אסטייט שרדונה 75,,,יין אסטייט שרדונה 750 מל,מיליליטרים,750.00,"100 מ""ל",false,12,40.00,5.3333,true,1,344083
7290108620108,false,יין אימפריאל קברנה ס,,IL,יין אימפריאל קברנה סוביניון 750 מל,מיליליטרים,750.00,"100 מ""ל",false,12,35.00,4.6667,true,1,346084
7290108620115,false,יין אימפריאל מרלו 75,,IL,יין אימפריאל מרלו 750 מל,מיליליטרים,750.00,"100 מ""ל",false,12,35.00,4.6667,true,1,346085
7290108620153,false,יין אסטייט קברנה חצי,,,יין אסטייט קברנה חצי מתוק 750 מל,מיליליטרים,750.00,"100 מ""ל",false,12,40.00,5.3333,true,1,344084
7290108620160,false,יין אימפריאל סוביניו,,IL,יין אימפריאל סוביניון בלאן 750 מל,מיליליטרים,750.00,"100 מ""ל",false,12,35.00,4.6667,true,1,346086
7290108620191,false,יין אסטייט מוסקטו 75,,,יין אסטייט מוסקטו 750 מל,מיליליטרים,750.00,"100 מ""ל",false,12,40.00,5.3333,true,1,344085
7290108620306,false,יין אימפריאל קברנה ס,,IL,יין אימפריאל קברנה סוביניון 375 מל,מיליליטרים,375.00,"100 מ""ל",false,12,25.00,6.6667,true,1,343588
7290108620313,false,יין אימפריאל רוזה 37,,IL,יין אימפריאל רוזה 375 מל,מיליליטרים,375.00,"100 מ""ל",false,12,25.00,6.6667,true,1,343589
7290108620320,false,יין אימפריאל סובניון,,IL,יין אימפריאל סובניון בלאן 375 מל,מיליליטרים,375.00,"100 מ""ל",false,12,25.00,6.6667,true,1,343590
7290108621013,false,יין רזרב מרלו 750 מל,יקבי ציון,,יין רזרב מרלו 750 מל פקדון,מיליליטרים,750.00,"100 מ""ל",false,1,150.00,20.0000,true,1,313613
7290108621082,false,יין גוורצטרמינר לבן,יקב 1848,,יין גוורצטרמינר לבן דור 2 750 מל,מיליליטרים,750.00,"100 מ""ל",false,1,60.00,8.0000,true,1,327579
7290108801705,false,תמר לח חיאני 500 גר,,,תמר לח חיאני 500 גר,גרמים,500.00,100 גרם,false,1,9.90,1.9800,true,1,321823
7290109230566,false,וויסקי מילק אנד האני,,,וויסקי מילק אנד האני סינגל 700 מל,מיליליטרים,700.00,"100 מ""ל",false,6,199.00,28.4286,true,1,336575
7290109350110,false,לחם מחמצת אגוזים,בונז'ור,,לחם מחמצת אגוזים,Unknown,0.00,Unknown,false,1,17.90,0.0000,true,1,311729
7290109350783,false,בגט גבטה,בונז'ור,,בגט גבטה,Unknown,0.00,Unknown,false,1,6.90,0.0000,true,1,307093
7290109351025,false,מלך החומוס חומוסטחינ,צבר,,מלך החומוס חומוסטחינה 400 גרם צבר,גרמים,400.00,100 גרם,false,1,14.90,3.7250,true,1,307090
7290109351957,false,פריכיות פיטנס שוקולד,הרטו בלגיה,,פריכיות פיטנס שוקולד חלב 100 גר,גרמים,100.00,100 גרם,false,1,8.90,8.9000,true,1,311723
7290109351971,false,פריכיות פיטנס בר שוק,פרח תעשיות,,פריכיות פיטנס מצופות שוקולד חלב84 גר,Unknown,0.00,Unknown,false,1,12.90,0.0000,true,1,311306
7290109352916,false,פריכיות פיטנס בר שוק,פרח תעשיות,,פריכיות פיטנס מצופות שוקולד לבן84 גר,Unknown,0.00,Unknown,false,1,12.90,0.0000,true,1,311307
7290109353272,false,ספגטי פרפקטו עתיר סי,זארה,IT,ספגטי פרפקטו עתיר סיבים500 ג,גרמים,500.00,100 גרם,false,20,7.50,1.5000,true,1,310720
7290109353494,false,פסטה פרפקטו פראפלה 5,זארה,IT,פסטה פרפקטו פראפלה 500 ג,גרמים,500.00,100 גרם,false,20,7.50,1.5000,true,1,310721
7290109353753,false,פסטה פרפקטו ספירלי ט,זארה,IT,פסטה פרפקטו ספירלי טריו 500 ג,גרמים,500.00,100 גרם,false,20,7.50,1.5000,true,1,310722
7290109354057,false,מאגדת לה פרוטה מיקס,גלידות נסטלה,,מאגדת לה פרוטה מיקס תפוז אננס 350גר,יחידה,5.00,יחידה,false,1,25.90,5.1800,true,1,309772
7290109354972,false,ביסקויט פתיבר קלאסי,"אסם תעשיות בע""מ",IL,ביסקויט פתיבר קלאסי ללא גלוטן 200 גרם,גרמים,200.00,100 גרם,false,12,8.90,4.4500,true,1,310248
7290109354996,false,ביסקויט פתיבר שוקו ל,"אסם תעשיות בע""מ",IL,ביסקויט פתיבר שוקו ללא גלוטן 200 גרם,גרמים,200.00,100 גרם,false,12,8.90,4.4500,true,1,310249
7290109358130,false,מאגדת לה פרוטה יוגור,גלידות נסטלה,,מאגדת לה פרוטה יוגורט אננס פסיפלורה 5יח,יחידה,5.00,יחידה,false,1,25.90,5.1800,true,1,321357
7290109358260,false,נקניקיות טבעול עם חל,טבעול ישראל,,נקניקיות טבעול עם חלבון 600 גרם,גרמים,600.00,100 גרם,false,6,32.90,5.4833,true,1,316694
7290109358284,false,שניצל תירס עם חלבון,טבעול ישראל,,שניצל תירס עם חלבון טבעול 664 גר,גרמים,664.00,100 גרם,false,6,32.90,4.9548,true,1,316693
7290109358765,false,דגני קראנץ רולס 450,"אסם תעשיות בע""מ",,דגני בוקר קראנץ רולס 450 גר,גרמים,450.00,100 גרם,false,1,22.90,5.0889,true,1,317141
7290109580043,false,שניצל טבע תירס קלאסי,,IL,שניצל טבע תירס קלאסי 1.75קג,גרמים,1750.00,100 גרם,false,6,51.90,2.9657,true,1,345638
7290109580050,false,נקניקיות צוריסוס וונ,,IL,נקניקיות צוריסוס וונדרס 226גר,גרמים,226.00,100 גרם,false,6,29.90,13.2301,true,1,345645
7290109580067,false,טחון וונדרס 340גר,,IL,טחון וונדרס 340גר,גרמים,340.00,100 גרם,false,6,29.90,8.7941,true,1,345646
7290109580098,false,נקניק קבנוס סרירצה 1,,IL,נקניק קבנוס סרירצה 135גר,גרמים,135.00,100 גרם,false,12,10.90,8.0741,true,1,345637
7290109580104,false,נקניק רוסביף 150 גרם,,IL,נקניק רוסביף 150 גרם פרימיום,גרמים,150.00,100 גרם,false,8,24.90,16.6000,true,1,345621
7290109580111,false,נקניק צלעות אסאדו מע,,IL,נקניק צלעות אסאדו מעושנות 120גר פרימיום,גרמים,120.00,100 גרם,false,8,24.90,20.7500,true,1,345626
7290109580135,false,נקניק קורנדביף 180גר,,IL,נקניק קורנדביף 180גרם פרימיום,גרמים,180.00,100 גרם,false,8,24.90,13.8333,true,1,345623
7290109580159,false,פסטרמה בנוסח טוסקנה,,IL,פסטרמה בנוסח טוסקנה 180גר פרימיום,גרמים,180.00,100 גרם,false,8,24.90,13.8333,true,1,345624
7290109580166,false,נקניק סרוולד קלאסי 1,,IL,נקניק סרוולד קלאסי 150גר פרימיום,גרמים,150.00,100 גרם,false,8,24.90,16.6000,true,1,345625
7290109580210,false,נקניקיות ריינהולדס ה,,IL,נקניקיות ריינהולדס הצרפתיה 300גר,גרמים,300.00,100 גרם,false,6,21.90,7.3000,true,1,345629
7290109580227,false,נקניקיות קאריוורסט ר,,IL,נקניקיות קאריוורסט ריינהולדס 300גר,גרמים,300.00,100 גרם,false,6,21.90,7.3000,true,1,345630
7290109580234,false,נקניקיות מרגז וונדרס,,IL,נקניקיות מרגז וונדרס 226גר,גרמים,226.00,100 גרם,false,6,29.90,13.2301,true,1,345648
7290109580241,false,נאגטס מן הצומח 500גר,,IL,נאגטס מן הצומח 500גר,גרמים,500.00,100 גרם,false,12,22.90,4.5800,true,1,345686
7290109580319,false,בורגר וונדרס 280גר,,IL,בורגר וונדרס 280גר,גרמים,280.00,100 גרם,false,6,29.90,10.6786,true,1,345649
7290109580449,false,נקניק סלמי בטעם כמהי,,IL,נקניק סלמי בטעם כמהין 180גר פרימיום,גרמים,180.00,100 גרם,false,8,24.90,13.8333,true,1,345685
7290109640020,false,תחליף בסגנון מוצרלה,וי גרדן,,תחליף בסגנון מוצרלה 300 גרם משומשו,גרמים,300.00,100 גרם,false,1,21.90,7.3000,true,1,314057
7290109640198,false,תחליף גבינה לפיצה וא,וי גרדן,,תחליף גבינה לפיצה ואפיה 200גר משומשו,גרמים,200.00,100 גרם,false,1,21.90,10.9500,true,1,314067
7290109640204,false,גוש בסגנון חלומי 250,,IL,גוש בסגנון חלומי 250גר 18%שומן משומשו,גרמים,250.00,100 גרם,false,1,20.90,8.3600,true,1,314068
7290109640372,false,ממרח זיתים 200גר 9%,,IL,ממרח זיתים 200גר 9% על בסיס קוקוס משומשו,גרמים,200.00,100 גרם,false,1,15.90,7.9500,true,1,325741
7290109640389,false,ממרח קלאסי 200גר 25%,,IL,ממרח קלאסי 200גר 25%על בסיס קוקוס משומשו,גרמים,200.00,100 גרם,false,1,15.90,7.9500,true,1,325743
7290109640396,false,ממרח שום שמיר 200גר,,IL,ממרח שום שמיר 200גר 9% בסיס קוקוס משומשו,גרמים,200.00,100 גרם,false,1,15.90,7.9500,true,1,325744
7290109640402,false,ממרח טבעי 200גר 9%,,IL,ממרח טבעי 200גר 9% על בסיס קוקוס משומשו,גרמים,200.00,100 גרם,false,1,15.90,7.9500,true,1,325742
7290109640631,false,בסגנון לאבנה 200גרם,,IL,בסגנון לאבנה 200גרם על בסיס קוקוס,גרמים,200.00,100 גרם,false,1,15.90,7.9500,true,1,334919
7290109640648,false,ממרח בטעם חמאה 150גר,,,ממרח בטעם חמאה 150גר משומשו,גרמים,150.00,100 גרם,false,1,12.90,8.6000,true,1,336904
7290109920061,false,ספריי מסיר חומרים נד,ריינבו,CN,ספריי מסיר חומרים נדבקים 450מל,מיליליטרים,450.00,"100 מ""ל",false,12,29.90,6.6444,true,1,343391
7290109920146,false,מסיר אבן דורגול קומק,דורינג,,מסיר אבן דורגול קומקום 750מל,מיליליטרים,750.00,"100 מ""ל",false,1,21.90,2.9200,true,1,310651
7290109920153,false,אבקה להלבנת כביסה לב,סאמיט,,אבקה להלבנת כביסה לבנה 790 גר וויט בריט,גרמים,790.00,100 גרם,false,1,34.90,4.4177,true,1,312155
7290109920313,false,מרסס אסטוניש מבריק ש,אסטוניש,GB,מרסס אסטוניש מבריק שמשות 750 מל,מיליליטרים,750.00,"100 מ""ל",false,12,13.90,1.8533,true,1,319690
7290109920597,false,מרסס אסטוניש למקלחון,אסטוניש,GB,מרסס אסטוניש למקלחון 750 מל,מיליליטרים,750.00,"100 מ""ל",false,12,13.90,1.8533,true,1,319692
7290109920627,false,קרם ניקוי אסטוניש אק,,,קרם ניקוי אסטוניש אקונומיקה 500 מל,מיליליטרים,500.00,"100 מ""ל",false,1,14.90,2.9800,true,1,321562
7290109920665,false,מרסס אסטוניש מסיר או,אסטוניש,GB,מרסס אסטוניש מסיר אוכל שרוף 750 מל,מיליליטרים,750.00,"100 מ""ל",false,12,13.90,1.8533,true,1,319694
7290109920672,false,אבקה למדיח הפי 1.4קג,קלרו,AT,אבקה למדיח הפי 1.4קג,קילוגרמים,1.40,"ק""ג",false,4,27.90,19.9286,true,1,319706
7290109920740,false,מרכך כביסה הפי מרוכז,וונדפוט,,מרכך כביסה הפי מרוכז 1 ליטר לבנדר,ליטרים,1.00,ליטר,false,1,9.90,9.9000,true,1,319705
7290109920757,false,מרכך כביסה הפי מרוכז,וונדפוט,,מרכך כביסה הפי מרוכז 1 ליטר ורדים,ליטרים,1.00,ליטר,false,1,9.90,9.9000,true,1,319704
7290109920795,false,נוזל ניקוי רב תכליתי,אסטוניש,,נוזל ניקוי רב תכליתי אסטוניש לבנדר 1ליטר,ליטרים,1.00,ליטר,false,1,9.90,9.9000,true,1,321563
7290109920818,false,נוזל ניקוי רב תכליתי,אסטוניש,,נוזל ניקוי רב תכליתי אסטוניש לימון 1ליטר,ליטרים,1.00,ליטר,false,1,9.90,9.9000,true,1,321564
7290109920825,false,מסיר אבן מכונת קפה ד,,,מסיר אבן מכונת קפה דורגול אספרסו 500מל,מיליליטרים,500.00,"100 מ""ל",false,1,31.90,6.3800,true,1,325503
7290109920832,false,דורגול ניקוי וחיטוי,,,דורגול ניקוי וחיטוי למתקן החלב 500מל,מיליליטרים,500.00,"100 מ""ל",false,1,31.90,6.3800,true,1,325504
7290109920849,false,מרסס אסטוניש לניקוי,אסטוניש,GB,מרסס אסטוניש לניקוי רב תכליתי 750 מל,מיליליטרים,750.00,"100 מ""ל",false,12,13.90,1.8533,true,1,319695
7290109920863,false,נוזל לכביסת בגדי ספו,וונדפוט,BE,נוזל לכביסת בגדי ספורט הפי 1 ליטר,ליטרים,1.00,ליטר,false,12,15.90,15.9000,true,1,323943
7290109920870,false,נוזל לכביסה שחורה וכ,וונדפוט,BE,נוזל לכביסה שחורה וכהה הפי 1 ליטר,ליטרים,1.00,ליטר,false,12,15.90,15.9000,true,1,323942
7290109920887,false,נוזל לכביסת צמר ומשי,וונדפוט,BE,נוזל לכביסת צמר ומשי הפי 1 ליטר,ליטרים,1.00,ליטר,false,12,15.90,15.9000,true,1,323944
7290109920894,false,גל לשטיפת רצפות הפי,וונדפוט,BE,גל לשטיפת רצפות הפי 1 ליטר גל דה ליין,ליטרים,1.00,ליטר,false,12,12.90,12.9000,true,1,323946
7290109920917,false,גל לניקוי אסלות עם כ,וונדפוט,,גל לניקוי אסלות עם כלור הפי 750מל,מיליליטרים,750.00,"100 מ""ל",false,1,9.90,1.3200,true,1,324396
7290109921075,false,מחטא בגדים דזיטול 50,,,מחטא בגדים דזיטול 500מל,מיליליטרים,500.00,"100 מ""ל",false,1,15.90,3.1800,true,1,347754
7290109921129,false,מרכך כביסה הפי מרוכז,וונדפוט,,מרכך כביסה הפי מרוכז 1 ליטר סיגליות,ליטרים,1.00,ליטר,false,1,9.90,9.9000,true,1,324395
7290109921280,false,נוזל לניקוי רצפות 3ל,,BE,נוזל לניקוי רצפות 3ליטר הפי גל דה ליין,ליטרים,3.00,ליטר,false,4,26.90,8.9667,true,1,327198
7290109921303,false,סופג לחות טורבולן 2י,,,סופג לחות טורבולן 2יח,יחידה,2.00,יחידה,false,1,31.90,15.9500,true,1,325512
7290109921334,false,דפי בד לכביסה פרוטקט,מרקה,,דפי בד לכביסה פרוטקט קולור 15 דף,יחידה,15.00,יחידה,false,1,16.90,1.1267,true,1,326419
7290109921372,false,משחה לתנורים אסטוניש,אסטוניש,GB,משחה לתנורים אסטוניש+ספוג,גרמים,500.00,100 גרם,false,1,19.90,3.9800,true,1,327199
7290109921389,false,נוזל השיפוצניק לניקו,,TR,נוזל השיפוצניק לניקוי רצפות 900מל,מיליליטרים,900.00,"100 מ""ל",false,12,19.90,2.2111,true,1,327201
7290109921488,false,דורגול למכונת כביסה,דורינג,CH,דורגול למכונת כביסה ניקוי וחיטוי 500מל,מיליליטרים,500.00,"100 מ""ל",false,10,29.90,5.9800,true,1,329523
7290109921563,false,נוזל לשטיפת רצפות,וונדפוט,BE,נוזל לשטיפת רצפות שיש 1.25ליטר,מיליליטרים,1250.00,"100 מ""ל",false,9,14.90,1.1920,true,1,329524
7290109921570,false,נוזל לשטיפת רצפות,וונדפוט,BE,נוזל לשטיפת רצפות פרקט 1.25ליטר,מיליליטרים,1250.00,"100 מ""ל",false,9,14.90,1.1920,true,1,329526
7290109921587,false,נוזל לשטיפת רצפות ג,וונדפוט,BE,נוזל לשטיפת רצפות גרניט פורצלן 1.25ליטר,מיליליטרים,1250.00,"100 מ""ל",false,9,14.90,1.1920,true,1,329525
7290109921686,false,מטליות לחות לניקוי ר,,DE,מטליות לחות לניקוי רהיטים פוליבוי 24יח,יחידה,24.00,יחידה,false,10,11.90,0.4958,true,1,330773
7290109921723,false,גל לניקוי אסלות דורג,וונדפוט,,גל לניקוי אסלות דורגול 750מל,מיליליטרים,750.00,"100 מ""ל",false,1,19.90,2.6533,true,1,335887
7290109921815,false,אמבט הברקה לסכום כסף,,NL,אמבט הברקה לסכום כסף 580מל,גרמים,580.00,100 גרם,false,1,49.90,8.6034,true,1,334732
7290109921853,false,משחת אסטוניש לניקוי,אסטוניש,,משחת אסטוניש לניקוי עם עוצמה 150גר,גרמים,150.00,100 גרם,false,1,18.90,12.6000,true,1,335886
7290109921952,false,גל כביסה הפי 2.5ליטר,וונדפוט,,גל כביסה הפי 2.5ליטר סופר אקטיב ירוק,ליטרים,2.50,ליטר,false,1,24.90,9.9600,true,1,337353
7290109921969,false,גל כביסה הפי 2.5ליטר,וונדפוט,,גל כביסה הפי 2.5ליטר סופר קולור כחול,ליטרים,2.50,ליטר,false,1,24.90,9.9600,true,1,337354
7290109921976,false,גל כביסה הפי 2.5ליטר,וונדפוט,,גל כביסה הפי 2.5ליטר סופר בייבי לבן,ליטרים,2.50,ליטר,false,1,24.90,9.9600,true,1,337355
7290109922010,false,מחטא אויר ומשמיד חיי,אטקה,TR,מחטא אויר ומשמיד חיידקים 75% 500מל,מיליליטרים,500.00,"100 מ""ל",false,12,19.90,3.9800,true,1,337385
7290109922065,false,רסס נגב הפי אנטיבקטר,,TR,רסס נגב הפי אנטיבקטריאלי 750מל,מיליליטרים,750.00,"100 מ""ל",false,12,11.90,1.5867,true,1,343385
7290109922843,false,האקונומיקה המובילה ב,,BE,האקונומיקה המובילה באירופה 2ליטר,ליטרים,2.00,ליטר,false,6,11.90,5.9500,true,1,343389
7290109922867,false,גל כביסה+מרכך סופרו,וונדפוט,BE,גל כביסה+מרכך סופרו 2.5ליטר,ליטרים,2.50,ליטר,false,5,24.90,9.9600,true,1,343388
7290109922881,false,מרסס דורגול למטבח 60,דורינג,DE,מרסס דורגול למטבח 600מל,מיליליטרים,600.00,"100 מ""ל",false,12,24.90,4.1500,true,1,346023
7290109922898,false,ספריי דזיטול לחיטוי,מרקה,ES,ספריי דזיטול לחיטוי משטחים 400מל,מיליליטרים,400.00,"100 מ""ל",false,12,19.90,4.9750,true,1,343387
7290109922911,false,דזיטול חיטוי נעליים,מרקה,ES,דזיטול חיטוי נעליים מפטריות חיידקים וריח,מיליליטרים,150.00,"100 מ""ל",false,12,19.90,13.2667,true,1,346026
7290109923024,false,מרסס אסטוניש פרימיום,אסטוניש,GB,מרסס אסטוניש פרימיום למטבח 750מל,מיליליטרים,750.00,"100 מ""ל",false,12,13.90,1.8533,true,1,344636
7290109923031,false,מרסס אסטוניש פרימיום,אסטוניש,GB,מרסס אסטוניש פרימיום למקלחון 750מל,מיליליטרים,750.00,"100 מ""ל",false,12,13.90,1.8533,true,1,344637
7290109923048,false,מרסס אסטוניש פרימיום,אסטוניש,GB,מרסס אסטוניש פרימיום לכל הבית 750מל,מיליליטרים,750.00,"100 מ""ל",false,12,13.90,1.8533,true,1,344638
7290109923079,false,נוזל דזיטול מרוכז לח,מרקה,ES,נוזל דזיטול מרוכז לחיטוי כללי ולרצפות 2ל,ליטרים,2.00,ליטר,false,6,19.90,9.9500,true,1,346025
7290109923093,false,קרם אסטוניש כיריים ה,אסטוניש,GB,קרם אסטוניש כיריים הלוגן ומיקרו 500מל,מיליליטרים,500.00,"100 מ""ל",false,6,15.90,3.1800,true,1,343397
7290109923109,false,סבון אסלה 5צדפות+אקו,רלווי,IT,סבון אסלה 5צדפות+אקונומיקה 2יח,יחידה,2.00,יחידה,false,9,11.90,5.9500,true,1,346024
7290109923130,false,מדליק פחם מוצק הפי,דה טורן,,מדליק פחם מוצק הפי 250גר,גרמים,250.00,100 גרם,false,1,9.90,3.9600,true,1,346010
7290109923147,false,אסטוניש פלא של אקונו,אסטוניש,GB,אסטוניש פלא של אקונומיקה פרימיום 750מל,מיליליטרים,750.00,"100 מ""ל",false,12,13.90,1.8533,true,1,346022
7290110057701,false,קופסת אוכל תלת מימד,,,קופסת אוכל תלת מימד מותגים,Unknown,0.00,Unknown,false,1,19.90,0.0000,true,1,317965
7290110059040,false,בקבוק טריטן מותגים 3,,,בקבוק טריטן מותגים 360 מל,Unknown,0.00,Unknown,false,1,27.90,0.0000,true,1,317966
7290110110017,false,משקה פאנטה תות 1.5 ל,קוקה קולה,,משקה פאנטה תות 1.5 ל,ליטרים,1.50,ליטר,false,1,9.30,6.2000,true,1,315312
7290110110277,false,מארז 4יח סיידר תפוחי,,,מארז 4יח סיידר תפוחים סומרסבי 330מל בק,מיליליטרים,1320.00,"100 מ""ל",false,6,29.90,2.2652,true,1,322342
7290110110369,false,מארז 6 יח בירה לומה,,,מארז 6 יח בירה לומה 330מל בק. פקדון,ליטרים,1.98,ליטר,false,1,36.90,18.6364,true,1,332710
7290110110451,false,פריגת ענבים צלול 500,פריגת,,פריגת ענבים צלול 500 מל פקדון,מיליליטרים,500.00,"100 מ""ל",false,1,7.00,1.4000,true,1,330926
7290110110635,false,ספרייט בקבוק 500 מל,,,ספרייט בקבוק 500 מל פקדון,מיליליטרים,500.00,"100 מ""ל",false,1,7.90,1.5800,true,1,322333
7290110110703,false,מארז 6 פחיות ספרייט,קוקה קולה,,מארז 6 פחיות ספרייט 330 מל פקדון,ליטרים,1.98,ליטר,false,1,23.90,12.0707,true,1,322331
7290110110758,false,משקה פיוז תה לימון נ,FUZE TEA,,משקה פיוז תה לימון נענע 1.5ליטר,ליטרים,1.50,ליטר,false,12,9.20,6.1333,true,1,323358
7290110111557,false,משקה ספורט פאוורייד,קוקה קולה,IT,משקה ספורט פאוורייד מאונטיין 500מל פירות,מיליליטרים,500.00,"100 מ""ל",false,12,10.90,2.1800,true,1,337366
7290110111564,false,משקה ספורט פאוורייד,קוקה קולה,IT,משקה ספורט פאוורייד מאונטיין 500מל הדרים,מיליליטרים,500.00,"100 מ""ל",false,12,10.90,2.1800,true,1,337367
7290110111809,false,מארז 6 פחיות פאנטה,קוקה קולה,,מארז 6 פחיות פאנטה 330 מל פקדון,ליטרים,1.98,ליטר,false,1,23.90,12.0707,true,1,327324
7290110113261,false,משקה חמוציות אושן ספ,פריגת,,משקה חמוציות אושן ספריי 19קלוריות 1ליטר,ליטרים,1.00,ליטר,false,1,11.90,11.9000,true,1,342382
7290110113377,false,מארז 4יח קוקה קולה 1,,,מארז 4יח קוקה קולה 1 ליטר,ליטרים,4.00,ליטר,false,1,24.90,6.2250,true,1,336349
7290110113384,false,מארז 4יח קוקה קולה ז,,,מארז 4יח קוקה קולה זירו 1 ליטר,ליטרים,4.00,ליטר,false,1,24.90,6.2250,true,1,336865
7290110113421,false,בירה מעוננת קרלסברג,קרלסברג ישראל,,בירה מעוננת קרלסברג 330מל בק. פקדון,מיליליטרים,330.00,"100 מ""ל",false,1,8.90,2.6970,true,1,336651
7290110113476,false,מארז 6 בירה קרלסברג,קרלסברג ישראל,,מארז 6 בירה קרלסברג ללא אלכוהול330מל,ליטרים,1.98,ליטר,false,1,28.90,14.5960,true,1,331325
7290110113490,false,משקה פיוז תה אפרסק,FUZE TEA,,משקה פיוז תה אפרסק 19קלוריות 500 מל,מיליליטרים,500.00,"100 מ""ל",false,1,7.50,1.5000,true,1,332373
7290110113605,false,בירה שקמה אי פי איי,,,בירה שקמה אי פי איי 330מל בק.פקדון,מיליליטרים,330.00,"100 מ""ל",false,24,12.90,3.9091,true,1,345179
7290110113629,false,בירה שקמה אייל ענברי,,,בירה שקמה אייל ענברי 330מל בק.פקדון,מיליליטרים,330.00,"100 מ""ל",false,24,12.90,3.9091,true,1,345180
7290110113636,false,בירה שקמה מרצן לאגר,,,בירה שקמה מרצן לאגר 330מל בק.פקדון,מיליליטרים,330.00,"100 מ""ל",false,24,12.90,3.9091,true,1,345181
7290110113681,false,משקה קל פריגת דובדבן,פריגת,,משקה קל פריגת דובדבן 1.5ליטר,ליטרים,1.50,ליטר,false,1,9.60,6.4000,true,1,339126
7290110114503,false,סירופ פריגת להכנת שי,סירופ - גבעת חיים,IL,סירופ פריגת להכנת שיייק טעם תות 750מל,מיליליטרים,750.00,"100 מ""ל",false,6,24.90,3.3200,true,1,338514
7290110114572,false,מים מינרלים נביעות פ,נביעות,,מים מינרלים נביעות פלוס פרי פ.יער1.5ליט,ליטרים,1.50,ליטר,false,1,7.50,5.0000,true,1,337777
7290110114787,false,מים נביעות פלוס תפוח,נביעות,,מים נביעות פלוס תפוח 1.5ל בק.פקדון,ליטרים,1.50,ליטר,false,1,9.50,6.3333,true,1,342908
7290110114794,false,מים נביעות פלוס אפרס,נביעות,,מים נביעות פלוס אפרסק 1.5ל בק.פקדון,ליטרים,1.50,ליטר,false,1,9.50,6.3333,true,1,342909
7290110114800,false,מים נביעות פלוס ענבי,נביעות,,מים נביעות פלוס ענבים 1.5ל בק.פקדון,ליטרים,1.50,ליטר,false,1,9.50,6.3333,true,1,342910
7290110114824,false,מים נביעות פלוס פרי,נביעות,,מים נביעות פלוס פרי אבטיח 1.5ל בק.פקדון,ליטרים,1.50,ליטר,false,1,9.50,6.3333,true,1,342912
7290110114831,false,מים נביעות פלוס פרי,נביעות,,מים נביעות פלוס פרי אננס 1.5ל בק.פקדון,ליטרים,1.50,ליטר,false,1,9.50,6.3333,true,1,342913
7290110114848,false,מים נביעות פלוס פרי,נביעות,,מים נביעות פלוס פרי ליצי 1.5ל בק.פקדון,ליטרים,1.50,ליטר,false,1,9.50,6.3333,true,1,342914
7290110114855,false,מארז 6יח מים נביעות,נביעות,,מארז 6יח מים נביעות 1.5ליטר בק. פקדון,ליטרים,9.00,ליטר,false,1,14.70,1.6333,true,1,342915
7290110114886,false,מיץ קלמנטינות סחוט 2,פריגת מצוננים,,מיץ קלמנטינות סחוט 2ליטר פריגת פקדון,ליטרים,2.00,ליטר,false,1,24.90,12.4500,true,1,343378
7290110114893,false,מיץ תפוזים סחוט 2ליט,פריגת מצוננים,,מיץ תפוזים סחוט 2ליטר פריגת פקדון,ליטרים,2.00,ליטר,false,1,24.90,12.4500,true,1,343379
7290110114909,false,מיץ תפוח צלול סחוט 2,פריגת מצוננים,,מיץ תפוח צלול סחוט 2ליטר פריגת פקדון,ליטרים,2.00,ליטר,false,1,24.90,12.4500,true,1,343380
7290110114916,false,מיץ לימונענע סחוט 2ל,פריגת מצוננים,,מיץ לימונענע סחוט 2ליטר פריגת פקדון,ליטרים,2.00,ליטר,false,1,25.90,12.9500,true,1,343381
7290110114954,false,מיץ תפוז מתקתק סחוט,פריגת מצוננים,,מיץ תפוז מתקתק סחוט טרי 2 ל פריגת פקדון,ליטרים,2.00,ליטר,false,1,22.90,11.4500,true,1,343383
7290110114961,false,משקה קל פריגת תפוזים,פריגת,,משקה קל פריגת תפוזים 1.5ליטר בק.פקדון,ליטרים,1.50,ליטר,false,1,9.90,6.6000,true,1,342917
7290110114985,false,משקה קל פריגת אשכולי,פריגת,,משקה קל פריגת אשכולית 1.5ליטר בק.פקדון,ליטרים,1.50,ליטר,false,1,9.90,6.6000,true,1,342919
7290110114992,false,משקה קל פריגת אשכולי,פריגת,,משקה קל פריגת אשכולית לייט 1.5ל בק.פקדון,ליטרים,1.50,ליטר,false,1,9.20,6.1333,true,1,342920
7290110115005,false,משקה קל פריגת ענבים,פריגת,,משקה קל פריגת ענבים 1.5ליטר בק.פקדון,ליטרים,1.50,ליטר,false,1,9.90,6.6000,true,1,342921
7290110115012,false,משקה קל פריגת ענבים,פריגת,,משקה קל פריגת ענבים מרלו 1.5ל בק.פקדון,ליטרים,1.50,ליטר,false,1,9.90,6.6000,true,1,342922
7290110115029,false,משקה קל פריגת תפוחים,פריגת,,משקה קל פריגת תפוחים 1.5ל בק.פקדון,ליטרים,1.50,ליטר,false,1,9.90,6.6000,true,1,342924
7290110115036,false,משקה קל פריגת מנגו 1,פריגת,,משקה קל פריגת מנגו 1.5ל בק.פקדון,ליטרים,1.50,ליטר,false,1,9.90,6.6000,true,1,342927
7290110115043,false,משקה קל פריגת לימונע,פריגת,,משקה קל פריגת לימונענע 1.5ל בק.פקדון,ליטרים,1.50,ליטר,false,1,9.90,6.6000,true,1,342928
7290110115050,false,משקה קל פריגת תות בנ,פריגת,,משקה קל פריגת תות בננה 1.5ל בק.פקדון,ליטרים,1.50,ליטר,false,1,9.90,6.6000,true,1,342933
7290110115074,false,משקה קל פריגת תפוח ד,פריגת,,משקה קל פריגת תפוח דובדבן 1.5ל בק.פקדון,ליטרים,1.50,ליטר,false,1,9.90,6.6000,true,1,342935
7290110115081,false,משקה פריגת צלול ענבי,פריגת,,משקה פריגת צלול ענבים 1.5ליטר בק.פקדון,ליטרים,1.50,ליטר,false,1,9.20,6.1333,true,1,342939
7290110115098,false,משקה פריגת צלול תפוח,פריגת,,משקה פריגת צלול תפוחים 1.5ליטר בק.פקדון,ליטרים,1.50,ליטר,false,1,9.20,6.1333,true,1,342940
7290110115104,false,משקה פריגת צלול אפרס,פריגת,,משקה פריגת צלול אפרסק 1.5ליטר בק.פקדון,ליטרים,1.50,ליטר,false,1,9.20,6.1333,true,1,342941
7290110115111,false,משקה פריגת צלול אננס,פריגת,,משקה פריגת צלול אננס 1.5ליטר בק.פקדון,ליטרים,1.50,ליטר,false,1,9.20,6.1333,true,1,342942
7290110115142,false,משקה ויסוצקי אייס נע,,,משקה ויסוצקי אייס נענע 1.5ליטר בק. פקדון,ליטרים,1.50,ליטר,false,1,9.90,6.6000,true,1,342945
7290110115203,false,משקה קוקה קולה 1.5לי,קוקה קולה,,משקה קוקה קולה 1.5ליטר בק.פקדון,ליטרים,1.50,ליטר,false,1,9.60,6.4000,true,1,342951
7290110115210,false,משקה קוקה קולה דיאט,קוקה קולה,,משקה קוקה קולה דיאט 1.5ליטר בק.פקדון,ליטרים,1.50,ליטר,false,1,8.90,5.9333,true,1,342952
7290110115227,false,משקה קוקה קולה זירו,קוקה קולה,,משקה קוקה קולה זירו 1.5ליטר בק.פקדון,ליטרים,1.50,ליטר,false,1,8.90,5.9333,true,1,342953
7290110115234,false,משקה קוקה קולה זירו,קוקה קולה,,משקה קוקה קולה זירו נ.קפאין 1.5לפקדון,ליטרים,1.50,ליטר,false,1,8.90,5.9333,true,1,342955
7290110115241,false,משקה קוקה קולה זירו,קוקה קולה,,משקה קוקה קולה זירו לימון 1.5ל בק. פקדון,ליטרים,1.50,ליטר,false,1,8.90,5.9333,true,1,342957
7290110115258,false,משקה קוקה קולה זירו,קוקה קולה,,משקה קוקה קולה זירו מנגו 1.5ל בק. פקדון,ליטרים,1.50,ליטר,false,1,8.90,5.9333,true,1,342959
7290110115265,false,משקה ספרייט ליים 1.5,קוקה קולה,,משקה ספרייט ליים 1.5ליטר בק.פקדון,ליטרים,1.50,ליטר,false,1,9.60,6.4000,true,1,342982
7290110115272,false,משקה ספרייט זירו 1.5,קוקה קולה,,משקה ספרייט זירו 1.5ליטר בק.פקדון,ליטרים,1.50,ליטר,false,1,8.90,5.9333,true,1,342983
7290110115289,false,משקה ספרייט לימון נע,קוקה קולה,,משקה ספרייט לימון נענע 19קלוריו 1.5פקדון,ליטרים,1.50,ליטר,false,1,8.90,5.9333,true,1,342985
7290110115296,false,משקה פאנטה אורנג 1.5,קוקה קולה,,משקה פאנטה אורנג 1.5ליטר בק.פקדון,ליטרים,1.50,ליטר,false,1,9.60,6.4000,true,1,342988
7290110115302,false,משקה פאנטה אורנג זיר,קוקה קולה,,משקה פאנטה אורנג זירו 1.5ליטר בק.פקדון,ליטרים,1.50,ליטר,false,1,9.00,6.0000,true,1,342989
7290110115319,false,משקה פאנטה אקזוטיק 1,קוקה קולה,,משקה פאנטה אקזוטיק 1.5ליטר בק.פקדון,ליטרים,1.50,ליטר,false,1,9.60,6.4000,true,1,342991
7290110115333,false,משקה פאנטה תות 1.5לי,קוקה קולה,,משקה פאנטה תות 1.5ליטר בק.פקדון,ליטרים,1.50,ליטר,false,1,9.60,6.4000,true,1,342993
7290110115340,false,משקה פאנטה ענבים 1.5,קוקה קולה,,משקה פאנטה ענבים 1.5ליטר בק.פקדון,ליטרים,1.50,ליטר,false,1,9.60,6.4000,true,1,342994
7290110115364,false,מארז 6 יח קוקה קולה,קוקה קולה,,מארז 6 יח קוקה קולה 1.5 ליטר בק.פקדון,ליטרים,9.00,ליטר,false,1,49.90,5.5444,true,1,342968
7290110115371,false,מארז 6 יח קוקה קולה,קוקה קולה,,מארז 6 יח קוקה קולה דיאט 1.5ל בק.פקדון,ליטרים,9.00,ליטר,false,1,48.90,5.4333,true,1,342969
7290110115388,false,מארז 6 יח ספרייט ליי,קוקה קולה,,מארז 6 יח ספרייט ליים 1.5 ליטר בק.פקדון,ליטרים,9.00,ליטר,false,1,49.90,5.5444,true,1,342976
7290110115395,false,מארז 6 יח ספרייט זיר,קוקה קולה,,מארז 6 יח ספרייט זירו 1.5 ליטר בק.פקדון,ליטרים,9.00,ליטר,false,1,48.90,5.4333,true,1,342977
7290110115401,false,מארז 6יח קינלי סודה,קוקה קולה,,מארז 6יח קינלי סודה 1.5ליטר בק.פקדון,ליטרים,9.00,ליטר,false,1,17.70,1.9667,true,1,342997
7290110115418,false,מארז 6 יח קוקה קולה,קוקה קולה,,מארז 6 יח קוקה קולה זירו 1.5ל בק.פקדון,ליטרים,9.00,ליטר,false,1,48.90,5.4333,true,1,342972
7290110115425,false,משקה פיוז תה גרין לי,FUZE TEA,,משקה פיוז תה גרין לימון נענע 1.5ל פקדון,ליטרים,1.50,ליטר,false,1,9.50,6.3333,true,1,342960
7290110115449,false,משקה פיוז תה 1.5ליטר,FUZE TEA,,משקה פיוז תה 1.5ליטר מנגו אננס בק. פקדון,ליטרים,1.50,ליטר,false,1,9.90,6.6000,true,1,342962
7290110115456,false,משקה פיוז תה 1.5ליטר,FUZE TEA,,משקה פיוז תה 1.5ליטר אפרסק 19קלורי פקדון,ליטרים,1.50,ליטר,false,1,9.50,6.3333,true,1,342963
7290110115463,false,משקה פיוז תה 1.5ליטר,FUZE TEA,,משקה פיוז תה 1.5ליטר אפרסק פקדון,ליטרים,1.50,ליטר,false,1,9.90,6.6000,true,1,342964
7290110115494,false,משקה פיוז תה 1.5ליטר,FUZE TEA,,משקה פיוז תה 1.5ליטר ענבים בק. פקדון,ליטרים,1.50,ליטר,false,1,9.90,6.6000,true,1,342966
7290110115531,false,משקה פאנטה תפוח זירו,קוקה קולה,,משקה פאנטה תפוח זירו 1.5ליטר בק.פקדון,ליטרים,1.50,ליטר,false,1,9.00,6.0000,true,1,342990
7290110115579,false,מארז 4 יח משקה פאנטה,קוקה קולה,,מארז 4 יח משקה פאנטה אורנג 1.5ליטר פקדון,ליטרים,6.00,ליטר,false,1,37.20,6.2000,true,1,342995
7290110115586,false,משקה קל פריגת תפוזים,פריגת,,משקה קל פריגת תפוזים 19קלוריות 1.5ל פקדו,ליטרים,1.50,ליטר,false,1,9.20,6.1333,true,1,342936
7290110115593,false,משקה קל פריגת אשכולי,פריגת,,משקה קל פריגת אשכולית 19קלוריות1.5ל פקדו,ליטרים,1.50,ליטר,false,1,9.20,6.1333,true,1,342937
7290110115609,false,משקה קל פריגת ענבים,פריגת,,משקה קל פריגת ענבים 19קלוריות 1.5ל פקדון,ליטרים,1.50,ליטר,false,1,9.20,6.1333,true,1,342938
7290110115616,false,משקה פיוז תה 1.5ליטר,FUZE TEA,,משקה פיוז תה 1.5ליטר גרין אננס פקדון,ליטרים,1.50,ליטר,false,1,9.50,6.3333,true,1,343278
7290110115623,false,משקה פיוז תה 1.5ליטר,FUZE TEA,,משקה פיוז תה 1.5ליטר אפרסק זירו פקדון,ליטרים,1.50,ליטר,false,1,9.50,6.3333,true,1,343277
7290110115661,false,משקה פיוז תה אפרסק ז,FUZE TEA,,משקה פיוז תה אפרסק זירו 500 מל,מיליליטרים,500.00,"100 מ""ל",false,1,7.50,1.5000,true,1,343275
7290110115777,false,נביעות 1.5 ליטר לא ק,נביעות,,נביעות 1.5 ליטר לא קר בק.פקדון,ליטרים,1.50,ליטר,false,1,4.20,2.8000,true,1,343596
7290110115821,false,משקה ספרייט ליים 1.5,קוקה קולה,,משקה ספרייט ליים 1.5ליטר בק.פקדון,ליטרים,1.50,ליטר,false,1,9.60,6.4000,true,1,345878
7290110115838,false,משקה ספרייט זירו 1.5,קוקה קולה,,משקה ספרייט זירו 1.5ליטר בק.פקדון,ליטרים,1.50,ליטר,false,1,8.90,5.9333,true,1,343813
7290110115845,false,משקה קוקה קולה 1.5לי,קוקה קולה,,משקה קוקה קולה 1.5ליטר בק.פקדון,ליטרים,1.50,ליטר,false,1,9.60,6.4000,true,1,343594
7290110115869,false,משקה קוקה קולה זירו,קוקה קולה,,משקה קוקה קולה זירו 1.5ליטר בק.פקדון,ליטרים,1.50,ליטר,false,1,8.90,5.9333,true,1,343595
7290110115876,false,קינלי סודה 1.5 ליטר,קוקה קולה,,קינלי סודה 1.5 ליטר בק.פקדון,ליטרים,1.50,ליטר,false,1,5.00,3.3333,true,1,344575
7290110115913,false,משקה ספורט פאוורייד,קוקה קולה,IT,משקה ספורט פאוורייד זירו טעם אננס 500מל,מיליליטרים,500.00,"100 מ""ל",false,12,10.90,2.1800,true,1,345171
7290110115920,false,מארז 6 יח קוקה קולה,קוקה קולה,,מארז 6 יח קוקה קולה 1 ליטר בק.פקדון,ליטרים,6.00,ליטר,false,1,41.90,6.9833,true,1,343983
7290110115937,false,מארז 6 יח קוקה קולה,קוקה קולה,,מארז 6 יח קוקה קולה זירו 1 ליטר בק.פקדון,ליטרים,6.00,ליטר,false,1,39.90,6.6500,true,1,343984
7290110115968,false,משקה קוקה קולה 1 ליט,,,משקה קוקה קולה 1 ליטר,ליטרים,1.00,ליטר,false,1,7.80,7.8000,true,1,344059
7290110115975,false,משקה קוקה קולה זירו,,,משקה קוקה קולה זירו 1 ליטר,ליטרים,1.00,ליטר,false,1,7.50,7.5000,true,1,344060
7290110116040,false,משקה פאנטה זירו פירו,קוקה קולה,,משקה פאנטה זירו פירות כחול 1.5ל בק.פקדון,ליטרים,1.50,ליטר,false,1,9.00,6.0000,true,1,345592
7290110116064,false,משקה פאנטה זירו פירו,קוקה קולה,,משקה פאנטה זירו פירות ירוק 1.5ל בק.פקדון,ליטרים,1.50,ליטר,false,1,9.00,6.0000,true,1,345591
7290110116125,false,סירופ פריגת פטל 750,סירופ - גבעת חיים,,סירופ פריגת פטל 750 מל בקבוק,מיליליטרים,750.00,"100 מ""ל",false,1,25.90,3.4533,true,1,346464
7290110116132,false,סירופ פריגת לימון 75,סירופ - גבעת חיים,,סירופ פריגת לימון 750 מל בקבוק,מיליליטרים,750.00,"100 מ""ל",false,1,25.90,3.4533,true,1,346463
7290110116149,false,סירופ פריגת ענבים 75,סירופ - גבעת חיים,,סירופ פריגת ענבים 750 מל בקבוק,מיליליטרים,750.00,"100 מ""ל",false,1,25.90,3.4533,true,1,346462
7290110116194,false,מים נביעות 0קלוריות,נביעות,,מים נביעות 0קלוריות 1.5ל לימון ליים פקדו,ליטרים,1.50,ליטר,false,1,9.50,6.3333,true,1,346455
7290110116200,false,מים נביעות פלוס לימו,נביעות,,מים נביעות פלוס לימון ליים0קלוריות 500מל,מיליליטרים,500.00,"100 מ""ל",false,1,8.00,1.6000,true,1,346459
7290110116217,false,מים נביעות 0קלוריות,נביעות,,מים נביעות 0קלוריות 1.5ליטר אשכולית פקדו,ליטרים,1.50,ליטר,false,1,9.50,6.3333,true,1,346454
7290110116316,false,מארז 6 יח קוקה קולה,קוקה קולה,,מארז 6 יח קוקה קולה 1.5ל חג שמח פקדון,ליטרים,9.00,ליטר,false,1,47.90,5.3222,true,1,344715
7290110116323,false,מארז 6 יח קוקה קולה,קוקה קולה,,מארז 6 יח קוקה קולה זירו1.5ל חג שמח פקדו,ליטרים,9.00,ליטר,false,1,44.90,4.9889,true,1,344714
7290110116392,false,סירופ פריגת תפוזים 7,סירופ - גבעת חיים,,סירופ פריגת תפוזים 750 מל בקבוק,מיליליטרים,750.00,"100 מ""ל",false,1,25.90,3.4533,true,1,346465
7290110116477,false,מארז 5 יח בירה 1664,,,מארז 5 יח בירה 1664 330מל+כוס פקדון,מיליליטרים,1650.00,"100 מ""ל",false,1,32.90,1.9939,true,1,346124
7290110116545,false,מארז יין אקו אדום 75,יקב תבור,IL,מארז יין אקו אדום 750 מל+פותחן,מיליליטרים,750.00,"100 מ""ל",false,6,75.00,10.0000,true,1,347047
7290110116552,false,משקה ספרייט למון היט,קוקה קולה,,משקה ספרייט למון היט 1.5ליטר בק.פקדון,ליטרים,1.50,ליטר,false,1,9.60,6.4000,true,1,347461
7290110116569,false,משקה ספרייט זירו למו,קוקה קולה,,משקה ספרייט זירו למון היט 1.5ל בק.פקדון,ליטרים,1.50,ליטר,false,1,8.90,5.9333,true,1,347460
7290110116576,false,ספרייט זירו למון היט,,,ספרייט זירו למון היט 500 מל פקדון,מיליליטרים,500.00,"100 מ""ל",false,1,7.50,1.5000,true,1,347459
7290110116637,false,בירה שקמה 330מל חיטה,,,בירה שקמה 330מל חיטה מרה בק.פקדון,מיליליטרים,330.00,"100 מ""ל",false,24,12.90,3.9091,true,1,347124
7290110116644,false,מארז בירה שקמה מיקס,,,מארז בירה שקמה מיקס 5יח 330מל +מתנה,מיליליטרים,1650.00,"100 מ""ל",false,24,49.90,3.0242,true,1,347587
7290110320010,false,מעדן סויה ביו ללא סו,,,מעדן סויה ביו ללא סוכר 125גר,מיליליטרים,125.00,"100 מ""ל",false,1,4.90,3.9200,true,1,322220
7290110320591,false,גבינה בולגרית 16% מע,תנובה חלב,,גבינה בולגרית 16% מעודנת 250גר פיראוס,גרמים,250.00,100 גרם,false,1,24.90,9.9600,true,1,314042
7290110320683,false,מארז 8 יח משקה יופלה,,,מארז 8 יח משקה יופלה תות 360 107 מל,מיליליטרים,856.00,"100 מ""ל",false,1,17.10,1.9977,true,1,318612
7290110320744,false,גבינת גרנה פדנו 150ג,תנובה חלב,IL,גבינת גרנה פדנו 150גר,גרמים,150.00,100 גרם,false,30,22.90,15.2667,true,1,326931
7290110320775,false,מארז 8 יח משקה יופלה,,,מארז 8 יח משקה יופלה קלאסי 856 מל,מיליליטרים,856.00,"100 מ""ל",false,1,17.10,1.9977,true,1,318552
7290110320850,false,פתיתי עמק 200 גרם,תנובה חלב,IL,פתיתי עמק 200 גרם,גרמים,200.00,100 גרם,false,20,15.90,7.9500,true,1,319140
7290110320867,false,פתיתי עמק 28% למאפים,,,פתיתי עמק 28% למאפים 500 גרם,גרמים,500.00,100 גרם,false,1,36.90,7.3800,true,1,322121
7290110320935,false,גבינת מוצרלה פרוסות,תנובה חלב,,גבינת מוצרלה פרוסות 150גרם,גרמים,150.00,100 גרם,false,1,17.90,11.9333,true,1,318554
7290110321031,false,מעדן יופלה גו 200מל,תנובה חלב,IL,מעדן יופלה גו 200מל,מיליליטרים,200.00,"100 מ""ל",false,48,5.50,2.7500,true,1,318550
7290110321277,false,קוטג 5% בקטנה 100גר,תנובה חלב,,קוטג 5% בקטנה 100גר,גרמים,100.00,100 גרם,false,1,2.90,2.9000,true,1,321016
7290110321284,false,קוטג 9% בקטנה 100גר,תנובה חלב,,קוטג 9% בקטנה 100גר,גרמים,100.00,100 גרם,false,1,2.90,2.9000,true,1,321017
7290110321604,false,גבינה בולגרית מעודנת,תנובה חלב,IL,גבינה בולגרית מעודנת קוביות 5%+ג.לסלט,גרמים,200.00,100 גרם,false,6,20.90,10.4500,true,1,323496
7290110321680,false,מעדן יופלה גו תות 20,תנובה חלב,,מעדן יופלה גו תות 200גר,מיליליטרים,200.00,"100 מ""ל",false,1,5.90,2.9500,true,1,321042
7290110321697,false,מעדן יופלה גו אפרסק,תנובה חלב,,מעדן יופלה גו אפרסק 200גר,מיליליטרים,200.00,"100 מ""ל",false,1,5.90,2.9500,true,1,321043
7290110321703,false,מעדן יופלה גו פירות,תנובה חלב,,מעדן יופלה גו פירות יער 200גר,מיליליטרים,200.00,"100 מ""ל",false,1,5.90,2.9500,true,1,323107
7290110322014,false,טופו טבעי 300 גרם,תנובה חלב,,טופו טבעי 300 גרם,גרמים,300.00,100 גרם,false,1,12.90,4.3000,true,1,323115
7290110322021,false,טופו בזיליקום 300 גר,תנובה חלב,,טופו בזיליקום 300 גרם,גרמים,300.00,100 גרם,false,1,12.90,4.3000,true,1,323116
7290110322038,false,טופו פיקנטי 300 גרם,תנובה חלב,,טופו פיקנטי 300 גרם,גרמים,300.00,100 גרם,false,1,12.90,4.3000,true,1,323117
7290110322946,false,יוגורט יופלה טיוב בט,תנובה חלב,IL,יוגורט יופלה טיוב בטעם תות בננה 348גר,גרמים,348.00,100 גרם,false,16,12.90,3.7069,true,1,325268
7290110323066,false,משקה יופלה מעושר בחל,תנובה חלב,,משקה יופלה מעושר בחלבון בננה אפרסק 250מל,מיליליטרים,250.00,"100 מ""ל",false,1,6.50,2.6000,true,1,324341
7290110323073,false,משקה יופלה מעושר בחל,תנובה חלב,,משקה יופלה מעושר בחלבון תות פטל 250מל,מיליליטרים,250.00,"100 מ""ל",false,1,6.50,2.6000,true,1,324342
7290110323301,false,גבינת טל העמק 200גר,,,גבינת טל העמק 200גר 32% שומן,גרמים,200.00,100 גרם,false,1,18.90,9.4500,true,1,325825
7290110323585,false,מעדן יופלה גו דובדבן,תנובה חלב,,מעדן יופלה גו דובדבן מופחת קלוריות 200גר,מיליליטרים,200.00,"100 מ""ל",false,24,5.90,2.9500,true,1,325350
7290110323592,false,מעדן יופלה גו אפרסק,תנובה חלב,,מעדן יופלה גו אפרסק מופחת קלוריות 200גר,מיליליטרים,200.00,"100 מ""ל",false,24,5.90,2.9500,true,1,325351
7290110323714,false,משקה קוקוס שקדים 1לי,,,משקה קוקוס שקדים 1ליטר טרי,ליטרים,1.00,ליטר,false,1,14.50,14.5000,true,1,325824
7290110324025,false,פתיתי גבינת מוצרלה,תנובה חלב,,פתיתי גבינת מוצרלה 500 גרם,גרמים,500.00,100 גרם,false,1,34.90,6.9800,true,1,327354
7290110324070,false,גבינת חלומי 200 גרם,תנובה חלב,IL,גבינת חלומי 200 גרם 22% שומן חלב בקר,גרמים,200.00,100 גרם,false,42,19.90,9.9500,true,1,326595
7290110324353,false,מעדן יופלה גו אננס ל,תנובה חלב,,מעדן יופלה גו אננס לייט 200גר,מיליליטרים,200.00,"100 מ""ל",false,1,5.90,2.9500,true,1,327815
7290110324551,false,יוגורט יופלה טיוב בט,תנובה חלב,IL,יוגורט יופלה טיוב בטעם תות 348גר,גרמים,348.00,100 גרם,false,16,12.90,3.7069,true,1,327355
7290110324704,false,טופו מתובל 300 גרם,תנובה חלב,,טופו מתובל 300 גרם בסגנון פרובנס,גרמים,300.00,100 גרם,false,1,12.90,4.3000,true,1,328087
7290110324711,false,ממרח סויה טבעי 250 ג,תנובה חלב,,ממרח סויה טבעי 250 גר 9% שומן,גרמים,250.00,100 גרם,false,1,8.90,3.5600,true,1,328068
7290110324728,false,ממרח סויה שום שמיר,תנובה חלב,,ממרח סויה שום שמיר 250 גר 9% שומן,גרמים,250.00,100 גרם,false,1,8.90,3.5600,true,1,328070
7290110324841,false,מעדן שקדים עם שוקולד,תנובה חלב,IL,מעדן שקדים עם שוקולד מריר 125גר,גרמים,125.00,100 גרם,false,36,4.20,3.3600,true,1,330366
7290110324858,false,מעדן שקדים בטעם אגוז,תנובה חלב,IL,מעדן שקדים בטעם אגוזי לוז 125גר,גרמים,125.00,100 גרם,false,36,4.20,3.3600,true,1,330367
7290110324872,false,גבינת גלבוע 5% 200גר,תנובה חלב,IL,גבינת גלבוע 5% 200גרם פרוס,גרמים,200.00,100 גרם,false,18,17.90,8.9500,true,1,330296
7290110324926,false,משקה סויה 1 ליטר ללא,,,משקה סויה 1 ליטר ללא תוספת סוכר,ליטרים,1.00,ליטר,false,1,12.50,12.5000,true,1,329320
7290110325114,false,משקה יופלה גו לייט,תנובה חלב,,משקה יופלה גו לייט תות בננה 250מל,מיליליטרים,250.00,"100 מ""ל",false,1,6.50,2.6000,true,1,328753
7290110325121,false,משקה יופלה גו לייט,תנובה חלב,,משקה יופלה גו לייט מנגו אננס 250מל,מיליליטרים,250.00,"100 מ""ל",false,1,6.50,2.6000,true,1,328752
7290110325169,false,גבינת גאודה 170 גרם,תנובה חלב,IL,גבינת גאודה 170 גרם פרוסה,גרמים,170.00,100 גרם,false,24,19.90,11.7059,true,1,332147
7290110325305,false,מעדן סויה גו במתיקות,תנובה חלב,,מעדן סויה גו במתיקות 20גר חלבון 200גר,מיליליטרים,200.00,"100 מ""ל",false,1,5.90,2.9500,true,1,329944
7290110325312,false,מעדן סויה גו טעם תות,תנובה חלב,,מעדן סויה גו טעם תות 20גר חלבון 200גר,מיליליטרים,200.00,"100 מ""ל",false,1,5.90,2.9500,true,1,329943
7290110325428,false,גבינה לבנה 145גר עם,תנובה חלב,IL,גבינה לבנה 145גר עם קרקרים,גרמים,145.00,100 גרם,false,12,5.20,3.5862,true,1,335455
7290110325510,false,יוגורט יופלה טיוב בט,תנובה חלב,IL,יוגורט יופלה טיוב בטעם וניל יוניקור348גר,גרמים,348.00,100 גרם,false,16,12.90,3.7069,true,1,330368
7290110325619,false,משקה שבולת שועל 1 לי,,,משקה שבולת שועל 1 ליטר,ליטרים,1.00,ליטר,false,1,14.50,14.5000,true,1,330518
7290110325626,false,משקה שקדים ללא סוכר,,,משקה שקדים ללא סוכר 1 ליטר טרי,ליטרים,1.00,ליטר,false,1,14.50,14.5000,true,1,332694
7290110325701,false,גבינת צזיקי פיראוס9%,,,פיראוס גבינת צזיקי יווני 9% 250 גר,גרמים,250.00,100 גרם,false,1,12.90,5.1600,true,1,331102
7290110325893,false,משקה חלב גו אייס קפה,תנובה חלב,IL,משקה חלב גו אייס קפה 340מל 27 גר חלבון,מיליליטרים,340.00,"100 מ""ל",false,20,7.90,2.3235,true,1,330515
7290110326210,false,יופלה און טופ פצפוצי,תנובה חלב,IL,יופלה און טופ פצפוצים 157גר,גרמים,157.00,100 גרם,false,12,5.60,3.5669,true,1,331880
7290110326227,false,יופלה און טופ קורנפל,תנובה חלב,IL,יופלה און טופ קורנפלקס 157גר,גרמים,157.00,100 גרם,false,12,5.60,3.5669,true,1,331882
7290110326234,false,יופלה און טופ כוכבים,תנובה חלב,IL,יופלה און טופ כוכבים 157גר,גרמים,157.00,100 גרם,false,12,5.60,3.5669,true,1,331881
7290110326241,false,יופלה און טופ גרנולה,תנובה חלב,IL,יופלה און טופ גרנולה 157גר,גרמים,157.00,100 גרם,false,12,5.60,3.5669,true,1,331883
7290110326333,false,גבינה סקנדינבית 170ג,,,גבינה סקנדינבית 170גר פרוס,גרמים,170.00,100 גרם,false,30,13.90,8.1765,true,1,334617
7290110326456,false,יוגורט יופלה דיאט בנ,,,יוגורט יופלה דיאט בננה וקרמל 150גר,גרמים,150.00,100 גרם,false,1,5.50,3.6667,true,1,332469
7290110326548,false,גבינת קוטג מועשר בסי,,,גבינת קוטג מועשר בסידן עם זעתר ומיורן250,גרמים,250.00,100 גרם,false,1,5.90,2.3600,true,1,335995
7290110326906,false,חלב נטול לקטוז 1ליטר,,,חלב נטול לקטוז 1ליטר 3%שומן,ליטרים,1.00,ליטר,false,16,7.90,7.9000,true,1,333711
7290110326982,false,משקה חלב יולו שוקולד,,,משקה חלב יולו שוקולד קלאסי 1ליטר,ליטרים,1.00,ליטר,false,1,13.50,13.5000,true,1,333709
7290110327033,false,משקה סויה גו במתיקות,,,משקה סויה גו במתיקות מופחתת 1 ליטר,ליטרים,1.00,ליטר,false,16,14.50,14.5000,true,1,334272
7290110327064,false,משקה קפה שבולת שועל,,,משקה קפה שבולת שועל בטעם קרמל 1 ליטר,ליטרים,1.00,ליטר,false,1,14.50,14.5000,true,1,333706
7290110327125,false,גבינת פטה צאן 200גר,תנובה חלב,IL,גבינת פטה צאן 200גר 21% שומן,גרמים,200.00,100 גרם,false,8,22.90,11.4500,true,1,335458
7290110327262,false,מאגדת 3יח יופלה און,תנובה חלב,IL,מאגדת 3יח יופלה און טופ פצפוצים 471גר,גרמים,471.00,100 גרם,false,4,12.90,2.7389,true,1,338890
7290110327279,false,גבינת שמנת נפוליאון,,,גבינת שמנת נפוליאון טוסקנה 225 גרם,גרמים,225.00,100 גרם,false,1,14.50,6.4444,true,1,334273
7290110327316,false,גבינה לבנה עם פריכיו,תנובה חלב,IL,גבינה לבנה עם פריכיות 139גרם,גרמים,139.00,100 גרם,false,12,5.20,3.7410,true,1,338362
7290110327514,false,משקה שבולת שועל בטעם,,,משקה שבולת שועל בטעם אגוזי לוז 1 ליטר,ליטרים,1.00,ליטר,false,1,14.50,14.5000,true,1,339201
7290110327545,false,יופלה און טופ תות עם,תנובה חלב,IL,יופלה און טופ תות עם פצפוצי שוקולד 157גר,גרמים,157.00,100 גרם,false,12,5.60,3.5669,true,1,335462
7290110328016,false,משקה סויה מועשר בחלב,תנובה חלב,,משקה סויה מועשר בחלבון ב.אגוזי לוז250גר,מיליליטרים,250.00,"100 מ""ל",false,1,6.50,2.6000,true,1,336258
7290110328023,false,משקה סויה מועשר בחלב,תנובה חלב,,משקה סויה מועשר בחלבון בטעם קפה 250גר,מיליליטרים,250.00,"100 מ""ל",false,1,6.50,2.6000,true,1,336257
7290110328061,false,מעדן סויה גו מועשר ב,תנובה חלב,IL,מעדן סויה גו מועשר בחלבון אפרסק ש.שועל,גרמים,200.00,100 גרם,false,36,6.50,3.2500,true,1,337245
7290110328092,false,גבינת פטה יוונית קוב,תנובה חלב,IL,גבינת פטה יוונית קוביות 150גר פיראוס21%ש,גרמים,150.00,100 גרם,false,6,18.90,12.6000,true,1,338394
7290110328139,false,פלח גב. בסגנון גאודה,תנובה חלב,IL,פלח גב. בסגנון גאודה 200גר אלטרנטיב,גרמים,180.00,100 גרם,false,10,22.90,12.7222,true,1,337237
7290110328146,false,פתיתי גבינה בסגנון ג,תנובה חלב,IL,פתיתי גבינה בסגנון גאודה 200גר,גרמים,200.00,100 גרם,false,6,22.90,11.4500,true,1,337238
7290110328276,false,גבינת עמק ציפוי שום,תנובה חלב,IL,גבינת עמק ציפוי שום 200גר 28%שומן,גרמים,200.00,100 גרם,false,24,18.90,9.4500,true,1,338887
7290110328337,false,אייס קפה ש.שועל קרמל,תנובה חלב,IL,אייס קפה ש.שועל קרמל 250מל אלטרנטיב,מיליליטרים,250.00,"100 מ""ל",false,25,5.90,2.3600,true,1,338396
7290110328436,false,גבינת גאודה עיזים בט,תנובה חלב,IL,גבינת גאודה עיזים בטעם מעודן 150גר,גרמים,150.00,100 גרם,false,24,22.90,15.2667,true,1,337247
7290110328474,false,גבינת פרמגאנו ריגיאנ,תנובה חלב,IL,גבינת פרמגאנו ריגיאנו פלח 150גר,גרמים,150.00,100 גרם,false,80,25.90,17.2667,true,1,338084
7290110328504,false,מיקס גבינות 300גר מו,תנובה חלב,IL,מיקס גבינות 300גר מוצרלה סקנדינבית גאודה,גרמים,300.00,100 גרם,false,20,24.90,8.3000,true,1,337234
7290110328580,false,יוגורט תנובה 5% 200,,,יוגורט תנובה 5% 200 גרם,גרמים,200.00,100 גרם,false,1,3.10,1.5500,true,1,343226
7290110328610,false,משקה אורז ושקדים ברי,,,משקה אורז ושקדים בריסטה 1ליטר אלטרנטיב,ליטרים,1.00,ליטר,false,1,14.50,14.5000,true,1,346036
7290110328627,false,מעדן יופלה גו בננה ק,תנובה חלב,,מעדן יופלה גו בננה קרמל במרקם סמיך 200גר,מיליליטרים,200.00,"100 מ""ל",false,1,5.90,2.9500,true,1,338278
7290110328641,false,מארז 2 יח טופו טבעי,תנובה חלב,,מארז 2 יח טופו טבעי 500גר אלטרנטיב,גרמים,500.00,100 גרם,false,1,18.90,3.7800,true,1,338889
7290110328764,false,מעדן יופלה גו תות במ,תנובה חלב,,מעדן יופלה גו תות במרקם סמיך 200גר,מיליליטרים,200.00,"100 מ""ל",false,1,5.90,2.9500,true,1,338275
7290110328771,false,מעדן יופלה גו פירות,תנובה חלב,,מעדן יופלה גו פירות יער במרקם סמיך 200גר,מיליליטרים,200.00,"100 מ""ל",false,1,5.90,2.9500,true,1,338276
7290110328788,false,מעדן יופלה גו אפרסק,תנובה חלב,,מעדן יופלה גו אפרסק במרקם סמיך 200גר,מיליליטרים,200.00,"100 מ""ל",false,1,5.90,2.9500,true,1,338277
7290110328955,false,קוביות גבינת עיזים ב,תנובה חלב,IL,קוביות גבינת עיזים בשמן מתובל 350גר,גרמים,350.00,100 גרם,false,,24.90,7.1143,true,1,345144
7290110329136,false,מעדן יופלה גו טעם שו,תנובה חלב,IL,מעדן יופלה גו טעם שוקולד12גר חלבון 120גר,גרמים,120.00,100 גרם,false,20,4.90,4.0833,true,1,342319
7290110329143,false,מעדן יופלה גו טעם ונ,תנובה חלב,IL,מעדן יופלה גו טעם וניל 12גר חלבון 120גר,גרמים,120.00,100 גרם,false,20,4.90,4.0833,true,1,342317
7290110329150,false,מעדן יופלה גו טעם קפ,תנובה חלב,IL,מעדן יופלה גו טעם קפה 12גר חלבון 120גר,גרמים,120.00,100 גרם,false,20,4.90,4.0833,true,1,342318
7290110329167,false,טופו בטעם שווארמה 30,תנובה חלב,IL,טופו בטעם שווארמה 300גר אלטרנטיב,גרמים,300.00,100 גרם,false,32,12.90,4.3000,true,1,338891
7290110329181,false,מעדן יולו שוקולד חלב,,,מעדן יולו שוקולד חלב תוספת גלילי וופל120,גרמים,120.00,100 גרם,false,1,4.80,4.0000,true,1,338364
7290110329266,false,יוגורט תנובה חלב עיז,,IL,יוגורט תנובה חלב עיזים מלא 140גר,גרמים,140.00,100 גרם,false,36,5.90,4.2143,true,1,339199
7290110329273,false,יוגורט תנובה חלב עיז,,IL,יוגורט תנובה חלב עיזים מלא 750גר,גרמים,750.00,100 גרם,false,6,19.90,2.6533,true,1,339200
7290110329303,false,פרוסות בטעם צהובה קל,,,פרוסות בטעם צהובה קלאסית 200גר אלטרנטיב,גרמים,200.00,100 גרם,false,20,21.90,10.9500,true,1,339204
7290110329334,false,מאגדת 6יח יוגורט תנו,תנובה חלב,IL,מאגדת 6יח יוגורט תנובה נטול לקטוז 200גר,גרמים,1200.00,100 גרם,false,8,19.90,1.6583,true,1,338888
7290110329426,false,טופו טבעי 250גר עם ר,תנובה חלב,IL,טופו טבעי 250גר עם רוטב קרם קוקוס קארי,גרמים,310.00,100 גרם,false,27,13.90,4.4839,true,1,346252
7290110329433,false,טופו טבעי 250גר עם ר,תנובה חלב,IL,טופו טבעי 250גר עם רוטב סצואן 60מל,גרמים,310.00,100 גרם,false,27,13.90,4.4839,true,1,346253
7290110329600,false,מארז 3יח שמנת לבישול,,,מארז 3יח שמנת לבישול 15% 250גר,מיליליטרים,750.00,"100 מ""ל",false,8,21.90,2.9200,true,1,339203
7290110329624,false,יוגורט יופלה אוללה ט,,,יוגורט יופלה אוללה טארט טאטן בתחתית150גר,גרמים,150.00,100 גרם,false,1,5.10,3.4000,true,1,343805
7290110329631,false,יוגורט יופלה אוללה ת,,,יוגורט יופלה אוללה תות בתחתית 150גר,גרמים,150.00,100 גרם,false,1,5.10,3.4000,true,1,343804
7290110329648,false,יוגורט יופלה אוללה ק,,,יוגורט יופלה אוללה קרמל מלוח 150גר,גרמים,150.00,100 גרם,false,1,5.10,3.4000,true,1,343803
7290110329655,false,יוגורט יופלה אוללה מ,,,יוגורט יופלה אוללה מרנג לימון 150גר,גרמים,150.00,100 גרם,false,1,5.10,3.4000,true,1,343802
7290110329662,false,יוגורט יופלה אוללה ק,,,יוגורט יופלה אוללה קרם ברולה 150גר,גרמים,150.00,100 גרם,false,1,5.10,3.4000,true,1,343801
7290110329686,false,משקה חלב גו ט.עוגיות,תנובה חלב,IL,משקה חלב גו ט.עוגיות 340מל 27 גר חלבון,מיליליטרים,340.00,"100 מ""ל",false,20,7.90,2.3235,true,1,342315
7290110329693,false,מעדן יופלה גו מלבי ב,תנובה חלב,,מעדן יופלה גו מלבי במרקם סמיך 200גר,מיליליטרים,200.00,"100 מ""ל",false,1,5.90,2.9500,true,1,342316
7290110329709,false,יוגורט תנובה 0% 200,,,יוגורט תנובה 0% 200 גרם,גרמים,200.00,100 גרם,false,1,3.10,1.5500,true,1,343227
7290110329716,false,משקה קפה קר קפוצינו,תנובה חלב,IL,משקה קפה קר קפוצינו 230גר,גרמים,230.00,100 גרם,false,8,6.90,3.0000,true,1,345147
7290110329723,false,משקה קפה קר טעם לאטה,תנובה חלב,IL,משקה קפה קר טעם לאטה 230גר,גרמים,230.00,100 גרם,false,8,6.90,3.0000,true,1,345148
7290110329730,false,משקה חלב שוקולד וקפה,תנובה חלב,IL,משקה חלב שוקולד וקפה בסגנון לאטה 230גר,גרמים,230.00,100 גרם,false,8,6.90,3.0000,true,1,345149
7290110329792,false,מעדן סויה ביו אפרסק,תנובה חלב,IL,מעדן סויה ביו אפרסק אלטרנטיב 150גר,גרמים,150.00,100 גרם,false,48,4.50,3.0000,true,1,343702
7290110329808,false,מעדן סויה ביו תות אל,תנובה חלב,IL,מעדן סויה ביו תות אלטרנטיב 150גר,גרמים,150.00,100 גרם,false,48,4.50,3.0000,true,1,343701
7290110329815,false,מעדן סויה ביו מתיקות,תנובה חלב,IL,מעדן סויה ביו מתיקות מעודן אלטרנטיב 150ג,גרמים,150.00,100 גרם,false,48,4.50,3.0000,true,1,343700
7290110329822,false,מעדן סויה ביו פירות,תנובה חלב,IL,מעדן סויה ביו פירות יער אלטרנטיב 150גר,גרמים,150.00,100 גרם,false,48,4.50,3.0000,true,1,343699
7290110329839,false,פרוסות בטעם צהובה זי,,,פרוסות בטעם צהובה זיתים 200גר אלטרנטיב,גרמים,200.00,100 גרם,false,20,21.90,10.9500,true,1,342320
7290110329846,false,מעדן סויה ביו טבעי א,תנובה חלב,IL,מעדן סויה ביו טבעי אלטרנטיב 150גר,גרמים,150.00,100 גרם,false,48,4.50,3.0000,true,1,343703
7290110329891,false,גבינה ספרדית בסגנון,תנובה חלב,IL,גבינה ספרדית בסגנון מנצגו 150גר,גרמים,150.00,100 גרם,false,24,21.90,14.6000,true,1,343228
7290110329952,false,יוגורט יופלה גו קוקו,תנובה חלב,,יוגורט יופלה גו קוקוס במרקם סמיך 200גר,מיליליטרים,200.00,"100 מ""ל",false,1,5.90,2.9500,true,1,343956
7290110460006,false,תבנית אפיה קפיצית קו,,,תבנית אפיה קפיצית קוגלהוף 2בסיסים דולצה,יחידה,1.00,יחידה,false,1,64.90,64.9000,true,1,342805
7290110460051,false,מעמד כלים נירוסטה עג,,,מעמד כלים נירוסטה עגול פוד אפל קיטשנוואר,יחידה,1.00,יחידה,false,1,64.90,64.9000,true,1,342804
7290110460068,false,מעמד כלים נירוסטה או,,,מעמד כלים נירוסטה אובלי פודאפל קיטשנוואר,יחידה,1.00,יחידה,false,1,64.90,64.9000,true,1,342803
7290110460372,false,משחיז סכינים שחור יד,,,משחיז סכינים שחור ידית רכה פוד אפל,יחידה,1.00,יחידה,false,1,39.90,39.9000,true,1,342720
7290110460648,false,סכין קילוף וחיתוך קל,,,סכין קילוף וחיתוך קלאסיק פוד אפיל,יחידה,1.00,יחידה,false,1,6.50,6.5000,true,1,346466
7290110460686,false,מגרדת נון סטיק 4 דפנ,,,מגרדת נון סטיק 4 דפנות 20סמ קיטשנוואר,יחידה,1.00,יחידה,false,1,31.90,31.9000,true,1,342695
7290110460693,false,מגרדת נון סטיק 4 דפנ,,,מגרדת נון סטיק 4 דפנות 12סמ פוד אפיל,יחידה,1.00,יחידה,false,1,11.90,11.9000,true,1,347834
7290110460747,false,מעמד תבלינים מסתובב,,,מעמד תבלינים מסתובב 12צנצנות 100מל,יחידה,12.00,יחידה,false,1,119.00,9.9167,true,1,342850
7290110460778,false,מעמד תבלינים מסתובב,,,מעמד תבלינים מסתובב 8צנצנות 100מל פודאפי,יחידה,1.00,יחידה,false,1,109.00,109.0000,true,1,344269
7290110460785,false,מעמד תבלינים 12צנצנו,,,מעמד תבלינים 12צנצנות 100מל פודאפיל,יחידה,1.00,יחידה,false,1,129.00,129.0000,true,1,344270
7290110461317,false,שישיית כלי ששת במבוק,,,שישיית כלי ששת במבוק איכותי מינרל פודאפ,יחידה,6.00,יחידה,false,1,27.90,4.6500,true,1,342688
7290110461935,false,סט שמן/חומץ זכוכית 2,,,סט שמן/חומץ זכוכית 280/480מל פוד אפיל,יחידה,2.00,יחידה,false,1,64.90,32.4500,true,1,343435
7290110462109,false,מחבת גריל כפולה מתפר,,,מחבת גריל כפולה מתפרקת מרובע פוד אפיל,יחידה,1.00,יחידה,false,1,239.00,239.0000,true,1,344282
7290110462192,false,דיספנסר שמן/חומץ לחל,,,דיספנסר שמן/חומץ לחליטת תבלינים 550מל,יחידה,1.00,יחידה,false,1,31.90,31.9000,true,1,342693
7290110462482,false,מגרדת פוד אפיל קוואר,,,מגרדת פוד אפיל קווארס אולטרה,יחידה,1.00,יחידה,false,1,41.90,41.9000,true,1,345760
7290110462499,false,מגרדת פוד אפיל קוואר,,,מגרדת פוד אפיל קווארס,יחידה,1.00,יחידה,false,1,41.90,41.9000,true,1,345759
7290110462505,false,מגרדת פוד אפיל פיין,,,מגרדת פוד אפיל פיין,יחידה,1.00,יחידה,false,1,41.90,41.9000,true,1,345762
7290110462512,false,מגרדת פוד אפיל לארג,,,מגרדת פוד אפיל לארג שייבר,יחידה,1.00,יחידה,false,1,41.90,41.9000,true,1,345761
7290110462604,false,משטח חיתוך מדיום גרי,,,משטח חיתוך מדיום גריפ ירוק 31/24סמ פוד,יחידה,1.00,יחידה,false,1,23.90,23.9000,true,1,342615
7290110462611,false,משטח חיתוך מדיום גרי,,,משטח חיתוך מדיום גריפ כחול 31/24סמ פוד,יחידה,1.00,יחידה,false,1,23.90,23.9000,true,1,342616
7290110462628,false,משטח חיתוך לארג גריפ,,,משטח חיתוך לארג גריפ אדום 38/29סמ פוד,יחידה,1.00,יחידה,false,1,31.90,31.9000,true,1,342699
7290110462635,false,משטח חיתוך לארג גריפ,,,משטח חיתוך לארג גריפ כתום 38/29סמ פוד,יחידה,1.00,יחידה,false,1,31.90,31.9000,true,1,342700
7290110462758,false,מסחטת לימון ירוקה פו,,,מסחטת לימון ירוקה פוד אפל 10.5/12.3/13.4,יחידה,1.00,יחידה,false,1,19.90,19.9000,true,1,342582
7290110462833,false,סט שמן/חומץ זכוכית 1,,,סט שמן/חומץ זכוכית 150מל פוד אפיל,יחידה,2.00,יחידה,false,1,39.90,19.9500,true,1,343439
7290110462840,false,סט שמן/חומץ/תבלינים,,,סט שמן/חומץ/תבלינים פוד אפיל,יחידה,1.00,יחידה,false,1,69.90,69.9000,true,1,344271
7290110463052,false,סט 6 סכינים פוד אפיל,,,סט 6 סכינים פוד אפיל,יחידה,6.00,יחידה,false,1,115.00,19.1667,true,1,346492
7290110463748,false,קופסאת אחסון מרובעת,,,קופסאת אחסון מרובעת 0.6ליטר טוויסט איט,יחידה,1.00,יחידה,false,1,26.90,26.9000,true,1,342683
7290110463755,false,קופסת איחסון מרובעת,,,קופסת איחסון מרובעת 1.4ליטר טוויסט איט,יחידה,1.00,יחידה,false,1,32.90,32.9000,true,1,342702
7290110463762,false,קופסאת איחסון מרובעת,,,קופסאת איחסון מרובעת 2.1ליטר טוויסט איט,יחידה,1.00,יחידה,false,1,36.90,36.9000,true,1,342713
7290110463779,false,קופסאת אחסון מלבנית,,,קופסאת אחסון מלבנית 0.84ליטר טוויסט איט,יחידה,1.00,יחידה,false,1,28.90,28.9000,true,1,342689
7290110463793,false,קופסאת איחסון מלבנית,,,קופסאת איחסון מלבנית 2.8ליטר טוויסט איט,יחידה,1.00,יחידה,false,1,38.90,38.9000,true,1,342715
7290110463809,false,קופסת איחסון מלבנית,,,קופסת איחסון מלבנית 3.6ליטר טוויסט איט,יחידה,1.00,יחידה,false,1,49.90,49.9000,true,1,342763
7290110463908,false,סט 2 כוסות דאבל 90מל,,,סט 2 כוסות דאבל 90מל קוסטה פוד אפל,יחידה,2.00,יחידה,false,1,34.90,17.4500,true,1,342708
7290110463915,false,סט 2 כוסות דאבל 240מ,,,סט 2 כוסות דאבל 240מל קוסטה פודאפל,יחידה,2.00,יחידה,false,1,46.90,23.4500,true,1,342755
7290110463922,false,סט 2 כוסות דאבל 300מ,,,סט 2 כוסות דאבל 300מל קוסטה פוד אפל,יחידה,2.00,יחידה,false,1,54.90,27.4500,true,1,342777
7290110464202,false,רוסטר עם מכסה ארומטי,,,רוסטר עם מכסה ארומטי 39/26סמ 7.8ליטר,יחידה,1.00,יחידה,false,1,189.00,189.0000,true,1,342868
7290110464325,false,מכתש ועלי פוד אפל,,,מכתש ועלי פוד אפל,יחידה,1.00,יחידה,false,1,71.90,71.9000,true,1,342812
7290110464431,false,קרש חיתוך במבוק 36/2,,,קרש חיתוך במבוק 36/25.5סמ פודאפל אנד גרי,יחידה,1.00,יחידה,false,1,71.90,71.9000,true,1,342811
7290110464554,false,פינגאן אינדוקציה 0.5,,,פינגאן אינדוקציה 0.5ליטר קפה קולקטשיין,יחידה,1.00,יחידה,false,1,45.90,45.9000,true,1,342742
7290110464561,false,פינגאן אינדוקציה 0.8,,,פינגאן אינדוקציה 0.8ליטר קופי קולקטשיין,יחידה,1.00,יחידה,false,1,54.90,54.9000,true,1,342783
7290110464578,false,פינגאן אינדוקציה 1ל,,,פינגאן אינדוקציה 1ל פוד אפל קופי קולקטשי,יחידה,1.00,יחידה,false,1,59.90,59.9000,true,1,342796
7290110464677,false,סט 3 סירי זכוכית 1/1,,,סט 3 סירי זכוכית 1/1.4/2 ליטר,יחידה,3.00,יחידה,false,1,124.90,41.6333,true,1,345855
7290110464684,false,כפפה להגנה מפני חיתו,,,כפפה להגנה מפני חיתוך מבית פוד אפל,יחידה,1.00,יחידה,false,1,23.90,23.9000,true,1,342617
7290110464851,false,פותחן יין כנפיים מקצ,,,פותחן יין כנפיים מקצועי פוד אפיל,יחידה,1.00,יחידה,false,1,29.90,29.9000,true,1,343441
7290110465025,false,סכין סנטוקו 13סמ פיו,,,סכין סנטוקו 13סמ פיוזן פוד אפל,יחידה,1.00,יחידה,false,1,39.90,39.9000,true,1,342722
7290110465063,false,כף עם קצה מסיליקון ל,,,כף עם קצה מסיליקון למניעת שריטות פוד אפל,יחידה,1.00,יחידה,false,1,23.90,23.9000,true,1,342675
7290110465070,false,כף מחורצת עם קצה מסי,,,כף מחורצת עם קצה מסיליקון למניעת שריטות,יחידה,1.00,יחידה,false,1,23.90,23.9000,true,1,342674
7290110465223,false,סיר לחץ בטיחותי 10לי,,,סיר לחץ בטיחותי 10ליטר 27סמ פוד אפל,יחידה,1.00,יחידה,false,1,499.00,499.0000,true,1,342879
7290110465568,false,קוצץ ירקות ידני איכו,,,קוצץ ירקות ידני איכותי פוד אפל,יחידה,1.00,יחידה,false,1,54.90,54.9000,true,1,342780
7290110465605,false,משחיז סכינים שולחני,,,משחיז סכינים שולחני תלת שלבי פוד אפל,יחידה,1.00,יחידה,false,1,48.90,48.9000,true,1,342761
7290110465612,false,מסננת נירוסטה צפיפות,,,מסננת נירוסטה צפיפות גבוהה דרין לכיור,יחידה,1.00,יחידה,false,1,82.90,82.9000,true,1,345774
7290110465629,false,מסננת נירוסטה 24סמ 2,,,מסננת נירוסטה 24סמ 2 ידיות פוד אפיל,יחידה,1.00,יחידה,false,1,44.90,44.9000,true,1,344272
7290110465636,false,מסננת נירוסטה 26סמ 2,,,מסננת נירוסטה 26סמ 2 ידיות פוד אפיל,יחידה,1.00,יחידה,false,1,49.90,49.9000,true,1,344273
7290110465643,false,מסננת נירוסטה 28סמ 2,,,מסננת נירוסטה 28סמ 2 ידיות פוד אפיל,יחידה,1.00,יחידה,false,1,64.90,64.9000,true,1,344274
7290110465650,false,מסננת נירוסטה צפיפות,,,מסננת נירוסטה צפיפות גבוהה 16סמ+ידית,יחידה,1.00,יחידה,false,1,34.90,34.9000,true,1,343432
7290110465667,false,מסננת נירוסטה צפיפות,,,מסננת נירוסטה צפיפות גבוהה 20סמ+ידית,יחידה,1.00,יחידה,false,1,39.90,39.9000,true,1,343437
7290110465759,false,תבנית אפיה למאפינס 6,,,תבנית אפיה למאפינס 6יח דולצה איטליאנו,יחידה,1.00,יחידה,false,1,34.90,34.9000,true,1,342706
7290110465766,false,תבנית אפיה ל12 מאפינ,,,תבנית אפיה ל12 מאפינס דולצה איטלאנו פוד,יחידה,1.00,יחידה,false,1,42.90,42.9000,true,1,342734
7290110465834,false,פותחן יין מקצועי פוד,,,פותחן יין מקצועי פוד אפיל מלצרים,יחידה,1.00,יחידה,false,1,15.90,15.9000,true,1,343436
7290110465858,false,פורס ביצים פוד אפל ס,,,פורס ביצים פוד אפל סיגנאטור,יחידה,1.00,יחידה,false,1,54.90,54.9000,true,1,342779
7290110465926,false,כף עץ מחורצת בוטניק,,,כף עץ מחורצת בוטניק פוד אפל,יחידה,1.00,יחידה,false,1,15.90,15.9000,true,1,342577
7290110465940,false,תרבד עץ בוטניק פוד א,,,תרבד עץ בוטניק פוד אפל,יחידה,1.00,יחידה,false,1,15.90,15.9000,true,1,342580
7290110465957,false,כף עץ בוטניק פוד אפל,,,כף עץ בוטניק פוד אפל,יחידה,1.00,יחידה,false,1,15.90,15.9000,true,1,342578
7290110465964,false,פטיש בשר דו צדדי מעץ,,,פטיש בשר דו צדדי מעץ בוטניק פוד אפיל,יחידה,1.00,יחידה,false,1,36.90,36.9000,true,1,345753
7290110465971,false,מלקחיים מעץ בוטניק פ,,,מלקחיים מעץ בוטניק פוד אפל,יחידה,1.00,יחידה,false,1,19.90,19.9000,true,1,342581
7290110465995,false,מערוך מעץ בונאטיק פו,,,מערוך מעץ בונאטיק פוד אפל,יחידה,1.00,יחידה,false,1,39.90,39.9000,true,1,342723
7290110466039,false,מטרפה מסיליקון שחור,,,מטרפה מסיליקון שחור פוד אפל אלאמנטל,יחידה,1.00,יחידה,false,1,21.90,21.9000,true,1,342598
7290110466053,false,תרבד מסיליקון שחור פ,,,תרבד מסיליקון שחור פוד אפל אלאמנטל,יחידה,1.00,יחידה,false,1,21.90,21.9000,true,1,342600
7290110466060,false,כף הגשה מסיליקון שחו,,,כף הגשה מסיליקון שחור פוד אפל אלאמנטל,יחידה,1.00,יחידה,false,1,21.90,21.9000,true,1,342594
7290110466077,false,לקקן מסיליקון שחור פ,,,לקקן מסיליקון שחור פוד אפל אלאמנטל,יחידה,1.00,יחידה,false,1,21.90,21.9000,true,1,342595
7290110466084,false,לקקן מקומר מסיליקון,,,לקקן מקומר מסיליקון שחור פוד אפל אלאמנטל,יחידה,1.00,יחידה,false,1,21.90,21.9000,true,1,342596
7290110466091,false,מברשת מסיליקון שחור,,,מברשת מסיליקון שחור פוד אפל אלאמנטל,יחידה,1.00,יחידה,false,1,21.90,21.9000,true,1,342597
7290110466107,false,מלקחיים מסיליקון שחו,,,מלקחיים מסיליקון שחור פוד אפל אלאמנטל,יחידה,1.00,יחידה,false,1,21.90,21.9000,true,1,342599
7290110466213,false,כוס קפה 340מל תחתית,,,כוס קפה 340מל תחתית ואקום ורוד פוד אפיל,יחידה,1.00,יחידה,false,1,39.90,39.9000,true,1,345756
7290110466220,false,כוס קפה 340מל תחתית,,,כוס קפה 340מל תחתית ואקום פוד אפיל,יחידה,1.00,יחידה,false,1,39.90,39.9000,true,1,345755
7290110466237,false,כוס קפה 340מל תחתית,,,כוס קפה 340מל תחתית ואקום טורקיז פודאפיל,יחידה,1.00,יחידה,false,1,39.90,39.9000,true,1,345757
7290110466589,false,משחיז סכינים דו שלבי,,,משחיז סכינים דו שלבי פוד אפל,יחידה,1.00,יחידה,false,1,46.90,46.9000,true,1,342756
7290110467265,false,קופסאת אחסון מרובעת,,,קופסאת אחסון מרובעת 2.8ליטר טוויסט איט,יחידה,1.00,יחידה,false,1,45.90,45.9000,true,1,342747
7290110467272,false,קופסאת אחסון עגולה 0,,,קופסאת אחסון עגולה 0.4ליטר טוויסט איט,יחידה,1.00,יחידה,false,1,26.90,26.9000,true,1,342684
7290110467289,false,קופסאת אחסון עגולה 1,,,קופסאת אחסון עגולה 1.2ליטר טוויסט איט,יחידה,1.00,יחידה,false,1,29.90,29.9000,true,1,342690
7290110467296,false,קופסת איחסון עגולה 1,,,קופסת איחסון עגולה 1.6ליטר טוויסט איט,יחידה,1.00,יחידה,false,1,36.90,36.9000,true,1,342703
7290110467302,false,קלחת 16סמ 1.4ליטר פו,,,קלחת 16סמ 1.4ליטר פוד אפל אוורי דאיי פלו,יחידה,1.00,יחידה,false,1,92.90,92.9000,true,1,342835
7290110467319,false,סיר 18סמ 1.8ליטר פוד,,,סיר 18סמ 1.8ליטר פוד אפל אוורי דיי פלוס,יחידה,1.00,יחידה,false,1,97.90,97.9000,true,1,342842
7290110467333,false,סוחט לימון ידני פוד,,,סוחט לימון ידני פוד אפל,יחידה,1.00,יחידה,false,1,23.90,23.9000,true,1,342614
7290110467340,false,סוחט פרי הדר ידני פו,,,סוחט פרי הדר ידני פוד אפל,יחידה,1.00,יחידה,false,1,31.90,31.9000,true,1,342697
7290110467401,false,מספריים רב תכליתי למ,,,מספריים רב תכליתי למטבח פוד אפיל,יחידה,1.00,יחידה,false,48,22.90,22.9000,true,1,345163
7290110467418,false,מספריים לחיתוך ופירו,,,מספריים לחיתוך ופירוק עוף פוד אפיל,יחידה,1.00,יחידה,false,48,31.90,31.9000,true,1,345166
7290110467517,false,קולפן נירוסטה איכותי,,,קולפן נירוסטה איכותי חלק פוד אפל,יחידה,1.00,יחידה,false,1,24.90,24.9000,true,1,342679
7290110467555,false,קרש חיתוך במבוק 45/3,,,קרש חיתוך במבוק 45/30סמ פוד אפל אנד גרין,יחידה,1.00,יחידה,false,1,129.00,129.0000,true,1,342857
7290110467593,false,סיר 20סמ 2.6ליטר פוד,,,סיר 20סמ 2.6ליטר פוד אפל בלאקברי,יחידה,1.00,יחידה,false,1,139.00,139.0000,true,1,342859
7290110467609,false,סיר 24 סמ 4.6 ליטר פ,,,סיר 24 סמ 4.6 ליטר פוד אפל בלאקברי,יחידה,1.00,יחידה,false,1,179.00,179.0000,true,1,342867
7290110467616,false,סיר 28סמ 6.8ליטר פוד,,,סיר 28סמ 6.8ליטר פוד אפל בלאקברי,יחידה,1.00,יחידה,false,1,219.00,219.0000,true,1,342876
7290110467630,false,סוטאז 32סמ 8.2ליטר פ,,,סוטאז 32סמ 8.2ליטר פוד אפל בלאק ברי,יחידה,1.00,יחידה,false,1,239.00,239.0000,true,1,342875
7290110467647,false,קלחת עם מכסה 16סמ 1.,,,קלחת עם מכסה 16סמ 1.4ליטר פוד אפל בלאקבר,יחידה,1.00,יחידה,false,1,119.00,119.0000,true,1,342855
7290110467685,false,מחבת 24סמ פוד אפל בל,,,מחבת 24סמ פוד אפל בלאק ברי,יחידה,1.00,יחידה,false,1,109.00,109.0000,true,1,342846
7290110467692,false,מחבת 26סמ פוד אפל בל,,,מחבת 26סמ פוד אפל בלאק ברי,יחידה,1.00,יחידה,false,1,119.00,119.0000,true,1,342849
7290110467715,false,מחבת 30סמ פוד אפל בל,,,מחבת 30סמ פוד אפל בלאקברי,יחידה,1.00,יחידה,false,1,149.00,149.0000,true,1,342861
7290110468026,false,מחבת 18סמ פוד אפל או,,,מחבת 18סמ פוד אפל אוורי דיי,יחידה,1.00,יחידה,false,1,51.90,51.9000,true,1,342768
7290110468033,false,מחבת 20סמ פוד אפל או,,,מחבת 20סמ פוד אפל אווירי דאי פלוס פודאפל,יחידה,1.00,יחידה,false,1,57.90,57.9000,true,1,342793
7290110468057,false,מחבת 24סמ פוד אפל או,,,מחבת 24סמ פוד אפל אוורי דאיי פלוס,יחידה,1.00,יחידה,false,1,74.90,74.9000,true,1,342817
7290110468064,false,מחבת 26סמ פוד אפל או,,,מחבת 26סמ פוד אפל אוורי דאיי פלוס,יחידה,1.00,יחידה,false,1,79.90,79.9000,true,1,342824
7290110468071,false,מחבת 28סמ פוד אפל או,,,מחבת 28סמ פוד אפל אוורי דאיי פלוס,יחידה,1.00,יחידה,false,1,85.90,85.9000,true,1,342833
7290110468088,false,מחבת 32סמ פוד אפל או,,,מחבת 32סמ פוד אפל אוורי דיי,יחידה,1.00,יחידה,false,1,115.00,115.0000,true,1,342848
7290110468095,false,סיר 20סמ 2.8ליטר פוד,,,סיר 20סמ 2.8ליטר פוד אפל אוורי דיי פלוס,יחידה,1.00,יחידה,false,1,99.90,99.9000,true,1,342844
7290110468101,false,סיר 24סמ 5ליטר פוד א,,,סיר 24סמ 5ליטר פוד אפל אוורי דאיי,יחידה,1.00,יחידה,false,1,139.00,139.0000,true,1,342858
7290110468118,false,סיר 28סמ 7.4ליטר פוד,,,סיר 28סמ 7.4ליטר פוד אפל אוורי דאיי פלוס,יחידה,1.00,יחידה,false,1,169.00,169.0000,true,1,342865
7290110468149,false,סוטאז 32סמ 6ליטר פוד,,,סוטאז 32סמ 6ליטר פוד אפל אוורי דאיי,יחידה,1.00,יחידה,false,1,169.00,169.0000,true,1,342864
7290110468583,false,סוטאז 36סמ 8.2ליטר פ,,,סוטאז 36סמ 8.2ליטר פודאפל אוורידאיי פלוס,יחידה,1.00,יחידה,false,1,219.00,219.0000,true,1,342874
7290110468927,false,מלחיה/פלפליה פוד אפי,,,מלחיה/פלפליה פוד אפיל,יחידה,1.00,יחידה,false,1,10.90,10.9000,true,1,343442
7290110469481,false,מארז סירים 5חלקים פו,,,מארז סירים 5חלקים פוד אפל קרם,יחידה,5.00,יחידה,false,1,109.00,21.8000,true,1,342882
7290110469535,false,קוצץ רב תכליתי פוד א,,,קוצץ רב תכליתי פוד אפיל,יחידה,1.00,יחידה,false,1,64.90,64.9000,true,1,345764
7290110469542,false,קוצץ ירקות ופירות לק,,,קוצץ ירקות ופירות לקוביות פוד אפל,יחידה,1.00,יחידה,false,1,109.00,109.0000,true,1,342847
7290110469856,false,פותחן יין שחור פוד א,,,פותחן יין שחור פוד אפיל סיגנאטור,יחידה,1.00,יחידה,false,1,18.90,18.9000,true,1,347159
7290110469986,false,סט 3 סירי זכוכית מרו,,,סט 3 סירי זכוכית מרובע 1/1.5/2.5ליטר,יחידה,3.00,יחידה,false,1,124.90,41.6333,true,1,345856
7290110550219,false,מטבעות שוקולד לבן לא,"פוליבה בע""ם",IL,מטבעות שוקולד לבן לאפיה עלית 400 גרם,גרמים,400.00,100 גרם,false,9,31.90,7.9750,true,1,346946
7290110550226,false,מטבעות שוקולד מריר ל,"פוליבה בע""ם",IL,מטבעות שוקולד מריר לאפיה עלית 400 גרם,גרמים,400.00,100 גרם,false,9,31.90,7.9750,true,1,346945
7290110550349,false,חטיף דוריטוס ספייסי,STRAUSS-ISRAEL,,חטיף דוריטוס ספייסי נאצוס 70 ג,גרמים,70.00,100 גרם,false,1,3.70,5.2857,true,1,339455
7290110550363,false,פריכיות אנרגי משולשו,פרח תעשיות,,פריכיות אנרגי משולשות קינואה מלח ים60גר,Unknown,0.00,Unknown,false,1,10.90,0.0000,true,1,344436
7290110550370,false,פריכיות אנרגי חלבון,פרח תעשיות,,פריכיות אנרגי חלבון קינואה פלפל שחור60,Unknown,0.00,Unknown,false,1,10.90,0.0000,true,1,346942
7290110550400,false,שוקולד פרה בלונדבוטנ,,,שוקולד פרה בלונדבוטנים מלוחים 100גרם,גרמים,100.00,100 גרם,false,1,7.90,7.9000,true,1,343648
7290110550417,false,שוקולד פרה בלונד שומ,,,שוקולד פרה בלונד שומשום קרמל 100גרם,גרמים,100.00,100 גרם,false,1,7.90,7.9000,true,1,343647
7290110550691,false,חטיף פרה ממולדה פטל,,,חטיף פרה ממולדה פטל 50 גר,Unknown,0.00,Unknown,false,1,5.00,0.0000,true,1,343282
7290110550707,false,חטיף פרה ממולדה אננס,,,חטיף פרה ממולדה אננס 50 גר,Unknown,0.00,Unknown,false,1,5.00,0.0000,true,1,343283
7290110551100,false,שוקולד פרה לבן עם עד,,IL,שוקולד פרה לבן עם עדשים 100 גרם,גרמים,100.00,100 גרם,false,1,5.90,5.9000,true,1,343989
7290110551193,false,בפלות אחת אחת קרם קו,,,בפלות אחת אחת קרם קוקוס 240 גרם,גרמים,240.00,100 גרם,false,1,13.90,5.7917,true,1,343656
7290110551209,false,בפלות אחת אחת תות ונ,,,בפלות אחת אחת תות וניל 240 גרם,גרמים,240.00,100 גרם,false,1,13.90,5.7917,true,1,343655
7290110551254,false,נשנושי תירס מוכן לאכ,שטראוס,,נשנושי תירס מוכן לאכילה 600 גרם טעם הטבע,גרמים,600.00,100 גרם,false,1,12.90,2.1500,true,1,347113
7290110552121,false,יוגורוט דנונה הראשון,שטראוס,IL,יוגורוט דנונה הראשון שלי 100גר,גרמים,100.00,100 גרם,false,24,2.30,2.3000,true,1,345551
7290110552220,false,דנונה פרו תות 200גר,שטראוס,,דנונה פרו תות 200גר ללא סוכר 20גר חלבון,גרמים,200.00,100 גרם,false,1,6.10,3.0500,true,1,343632
7290110552237,false,דנונה פרו אפרסק מנגו,שטראוס,,דנונה פרו אפרסק מנגו 200גר ל.סוכר 20גר,גרמים,200.00,100 גרם,false,1,6.10,3.0500,true,1,343633
7290110552251,false,דנונה אקטיביה ציה או,שטראוס,IL,דנונה אקטיביה ציה אוכמניות 150גר 3%שומן,גרמים,150.00,100 גרם,false,24,4.70,3.1333,true,1,343634
7290110552411,false,משקה קפה קר טעם קרמל,שטראוס,IL,משקה קפה קר טעם קרמל 230 מל יטבטה,מיליליטרים,230.00,"100 מ""ל",false,10,7.90,3.4348,true,1,345369
7290110552817,false,מסטיק מאסט גלידה לימ,,,מסטיק מאסט גלידה לימון 58 גר,Unknown,0.00,Unknown,false,1,10.00,0.0000,true,1,346188
7290110553012,false,מארז קפה נמס פלטינום,,,מארז קפה נמס פלטינום +ריפיל250גר,גרמים,250.00,100 גרם,false,1,25.90,10.3600,true,1,344486
7290110553029,false,פריכיות אנרגי חלבון,פרח תעשיות,,פריכיות אנרגי חלבון קייל חומוס מלח 60 גר,Unknown,0.00,Unknown,false,1,10.90,0.0000,true,1,344434
7290110553036,false,פריכיות אנרגי חלבון,פרח תעשיות,,פריכיות אנרגי חלבון בטטה סכ גולה אפונה60,Unknown,0.00,Unknown,false,1,10.90,0.0000,true,1,344435
7290110553050,false,מארז קפה נמס פלטינום,,,מארז קפה נמס פלטינום קלאסי+רבע לשב,גרמים,200.00,100 גרם,false,1,25.90,12.9500,true,1,343645
7290110553098,false,מארז 4יח אנרגי מיקס,,IT,מארז 4יח אנרגי מיקס צימוק אגוז ושוקקולד,גרמים,100.00,100 גרם,false,16,15.90,15.9000,true,1,346524
7290110553333,false,פרכיות אנרגי שבבי קו,,,פרכיות אנרגי שבבי קוקוס 70 גר,גרמים,70.00,100 גרם,false,1,7.90,11.2857,true,1,344483
7290110553340,false,קפה נמס מילקשייק איי,,,קפה נמס מילקשייק אייס מלבי 200 גרם,גרמים,200.00,100 גרם,false,1,14.90,7.4500,true,1,345543
7290110553449,false,מארז עוגת מילקי סנאק,שטראוס,IL,מארז עוגת מילקי סנאק 6יח 123גר,גרמים,123.00,100 גרם,false,6,14.90,12.1138,true,1,343942
7290110553494,false,חטיף דוריטוס דיפאס ת,STRAUSS-ISRAEL,,חטיף דוריטוס דיפאס תירס כחול 185 גרם,גרמים,185.00,100 גרם,false,12,8.00,4.3243,true,1,344022
7290110553623,false,חטיף ציטוס קראנץ צדר,STRAUSS-ISRAEL,,חטיף ציטוס קראנץ צדר חלפיניו 80 גר,Unknown,0.00,Unknown,false,1,4.50,0.0000,true,1,345458
7290110553890,false,פרכיות אנרגי שוקולד,,,פרכיות אנרגי שוקולד בלונדי70 גר,גרמים,70.00,100 גרם,false,1,7.90,11.2857,true,1,343284
7290110554118,false,ארוחת נודלס מלזי חרי,,IL,ארוחת נודלס מלזי חריף דלישס 350גר,גרמים,350.00,100 גרם,false,10,26.90,7.6857,true,1,342299
7290110554125,false,ארוחת נודלס סצואן חר,,IL,ארוחת נודלס סצואן חריף דלישס 350גר,גרמים,350.00,100 גרם,false,10,26.90,7.6857,true,1,342298
7290110554422,false,רוטב לשקשוקה עגבניות,אמיליאנה קונסרב ס.פ.,IT,רוטב לשקשוקה עגבניות ופלפל יד מרדכי 350,גרמים,350.00,100 גרם,false,12,11.90,3.4000,true,1,343994
7290110554477,false,קפסולות אספרסו אפוגט,,,קפסולות אספרסו אפוגטו מייפל פקאן 10 יח,יחידה,10.00,יחידה,false,1,17.00,1.7000,true,1,345547
7290110554507,false,קפה טורקי תימני 100,,,קפה טורקי תימני 100 גרם,גרמים,100.00,100 גרם,false,1,8.90,8.9000,true,1,345544
7290110554545,false,קפסולות אספרסו אפוגט,,,קפסולות אספרסו אפוגטו קוקוס 10 יח,יחידה,10.00,יחידה,false,1,17.00,1.7000,true,1,345546
7290110554583,false,מארז 10 יח ציטוס פאפ,STRAUSS-ISRAEL,,מארז 10 יח ציטוס פאפאס גבינה 200 גר,גרמים,200.00,100 גרם,false,9,12.90,6.4500,true,1,343508
7290110554699,false,קפסולות קפה בתי קליה,,,קפסולות קפה בתי קליה עולה 10 יח,יחידה,10.00,יחידה,false,1,18.90,1.8900,true,1,347169
7290110554705,false,קפסולות קפה בתי קליה,,,קפסולות קפה בתי קליה יוניקו 10 יח,יחידה,10.00,יחידה,false,1,18.90,1.8900,true,1,347167
7290110554712,false,קפסולות קפה בתי קליה,,,קפסולות קפה בתי קליה נחת10 יח,יחידה,10.00,יחידה,false,1,18.90,1.8900,true,1,347168
7290110554828,false,מארז 3 יח פסק זמן קל,,,מארז 3 יח פסק זמן קלאסי135גר כשלפ,גרמים,135.00,100 גרם,false,1,12.90,9.5556,true,1,344485
7290110555009,false,זוג פסאטה עגבניות יד,אמיליאנה קונסרב ס.פ.,IT,זוג פסאטה עגבניות יד מרדכי 350 גרם,גרמים,700.00,100 גרם,false,6,11.90,1.7000,true,1,346933
7290110555078,false,לאבנה שמן זית ועשבי,שטראוס,IL,לאבנה שמן זית ועשבי תיבול 250גר,גרמים,250.00,100 גרם,false,12,10.00,4.0000,true,1,345549
7290110555306,false,גלילי ופל רבע לשבע ס,,,גלילי ופל רבע לשבע סינמון באן 125 גרם,גרמים,125.00,100 גרם,false,1,11.90,9.5200,true,1,346185
7290110555603,false,שוקולטה ספלנדיד 360,,,שוקולטה ספלנדיד 360 גרם,גרמים,360.00,100 גרם,false,1,22.90,6.3611,true,1,347760
7290110555665,false,קקאו עלית דל שומן קו,,,קקאו עלית דל שומן קופסא 220 גרם,גרמים,220.00,100 גרם,false,1,19.90,9.0455,true,1,347759
7290110556242,false,שוקולד פרה מריר 100,,FR,שוקולד פרה מריר 100 גר,גרמים,100.00,100 גרם,false,1,5.90,5.9000,true,1,346950
7290110557003,false,חומוס פלפל חריף אחלה,שטראוס,IL,חומוס פלפל חריף אחלה נשנוש קרקרים 120גר,גרמים,120.00,100 גרם,false,6,10.90,9.0833,true,1,343614
7290110557010,false,ממרח שומשום 225גר,,IL,ממרח שומשום 225גר,גרמים,225.00,100 גרם,false,12,15.90,7.0667,true,1,344199
7290110557027,false,חומוס עשיר בטחינה 50,שטראוס,,חומוס עשיר בטחינה 50% 400גרם,גרמים,400.00,100 גרם,false,1,13.90,3.4750,true,1,343235
7290110557102,false,דנונה פרו 11גר חלבון,שטראוס,IL,דנונה פרו 11גר חלבון עם שוקולד 150גר,גרמים,150.00,100 גרם,false,12,5.50,3.6667,true,1,339515
7290110557119,false,מעדן גמדים סקוויז,שטראוס,IL,מעדן גמדים סקוויז פירות יער 100גר בודד,גרמים,100.00,100 גרם,false,7,5.90,5.9000,true,1,343610
7290110557126,false,משקה יוגורט דנונה רי,שטראוס,,משקה יוגורט דנונה ריפרש בננה תמר 250מל,מיליליטרים,250.00,"100 מ""ל",false,12,5.90,2.3600,true,1,342307
7290110557133,false,מעדן הגולן וניל 125ג,שטראוס,IL,מעדן הגולן וניל 125גר,גרמים,125.00,100 גרם,false,24,2.90,2.3200,true,1,342309
7290110557164,false,חטיף טעמי בלונדי שקד,,,חטיף טעמי בלונדי שקדים 42 גר,Unknown,0.00,Unknown,false,1,5.00,0.0000,true,1,343771
7290110557171,false,חטיף טעמי בלונדי ביי,,,חטיף טעמי בלונדי בייגלה 42 גר,Unknown,0.00,Unknown,false,1,5.00,0.0000,true,1,343770
7290110557317,false,יוגורוט דנונה הראשון,שטראוס,IL,יוגורוט דנונה הראשון שלי שבולת שועל100גר,גרמים,100.00,100 גרם,false,24,2.30,2.3000,true,1,345552
7290110557393,false,מארז 2יח מילקי שלוק,שטראוס,IL,מארז 2יח מילקי שלוק בטעם אייס קפה 276גר,גרמים,276.00,100 גרם,false,10,8.90,3.2246,true,1,346507
7290110557478,false,חומוס גלילי 600 גרם,שטראוס,,חומוס גלילי 600 גרם אחלה,גרמים,600.00,100 גרם,false,1,13.90,2.3167,true,1,344370
7290110557539,false,מילקי מוס תותים בשמנ,שטראוס,,מילקי מוס תותים בשמנת 81גר,גרמים,81.00,100 גרם,false,1,3.50,4.3210,true,1,343944
7290110557560,false,עוגת בראוניס עם קרמב,,,עוגת בראוניס עם קרמבול כשלפ 380 גרם,גרמים,380.00,100 גרם,false,1,15.90,4.1842,true,1,344491
7290110557645,false,מארז 4יח אנרגי מיקס,,IT,מארז 4יח אנרגי מיקס צימוק חמוציות,גרמים,100.00,100 גרם,false,16,15.90,15.9000,true,1,346525
7290110557669,false,רביולי פיטריות 400 ג,שטראוס,,רביולי פיטריות 400 גרם,גרמים,400.00,100 גרם,false,1,19.90,4.9750,true,1,345373
7290110558130,false,דנונה אקטיביה שיבולת,שטראוס,IL,דנונה אקטיביה שיבולת שועל ודבש 150 גר,גרמים,150.00,100 גרם,false,24,4.70,3.1333,true,1,345555
7290110558154,false,יוגורט דנונה לייט אנ,שטראוס,IL,יוגורט דנונה לייט אנד פריי ע.תפוחים 150ג,גרמים,150.00,100 גרם,false,24,4.90,3.2667,true,1,346600
7290110558161,false,יוגורט דנונה לייט אנ,שטראוס,IL,יוגורט דנונה לייט אנד פריי פאי לימון 150,גרמים,150.00,100 גרם,false,24,4.90,3.2667,true,1,345363
7290110558222,false,יוגורט דנונה וואו בנ,שטראוס,,יוגורט דנונה וואו בנופי 150גרם 4% שומן,גרמים,150.00,100 גרם,false,1,4.90,3.2667,true,1,346596
7290110558239,false,יוגורט דנונה וואו קר,שטראוס,,יוגורט דנונה וואו קראק פאי150גרם 4% שומן,גרמים,150.00,100 גרם,false,1,4.90,3.2667,true,1,346597
7290110558253,false,משקה יוגורט דנונה רי,שטראוס,,משקה יוגורט דנונה ריפרש בננה אננס 250מל,מיליליטרים,250.00,"100 מ""ל",false,12,5.90,2.3600,true,1,345556
7290110558284,false,יוגורט דנונה ביו מול,שטראוס,IL,יוגורט דנונה ביו מולטי 200גר,גרמים,200.00,100 גרם,false,24,4.20,2.1000,true,1,346506
7290110558307,false,דנונה פרו 20גר חלבון,שטראוס,IL,דנונה פרו 20גר חלבון עם שבולת שועל 200ג,גרמים,200.00,100 גרם,false,12,6.50,3.2500,true,1,345364
7290110558314,false,יוגורט דנונה פרו פיס,שטראוס,,יוגורט דנונה פרו פיסטוק 20גר חלבון 200גר,גרמים,200.00,100 גרם,false,1,6.10,3.0500,true,1,346599
7290110558666,false,דניאלה בטעם תפוח 100,,,דניאלה בטעם תפוח 100 גרם,גרמים,100.00,100 גרם,false,1,4.50,4.5000,true,1,347535
7290110558710,false,מעדן דני שכבות שוקול,,,מעדן דני שכבות שוקולד וניל 125גר,גרמים,125.00,100 גרם,false,1,2.70,2.1600,true,1,346131
7290110558918,false,עלי חסה קראנץ שטופים,,,עלי חסה קראנץ שטופים 150 גרם בקופסא,גרמים,150.00,100 גרם,false,1,10.00,6.6667,true,1,346606
7290110559007,false,שעועית חומה טעם הטבע,,IT,שעועית חומה טעם הטבע 380 גרם,גרמים,380.00,100 גרם,false,16,6.90,1.8158,true,1,346519
7290110559014,false,שעועית שחורה טעם הטב,,IT,שעועית שחורה טעם הטבע 380 גרם,גרמים,380.00,100 גרם,false,16,6.90,1.8158,true,1,346518
7290110559038,false,מילקשייק שוקו 300מל,שטראוס,IL,מילקשייק שוקו 300מל עם סירופ יטבתה,מיליליטרים,300.00,"100 מ""ל",false,6,6.90,2.3000,true,1,346511
7290110559045,false,מילקשייק וניל 300מל,שטראוס,IL,מילקשייק וניל 300מל עם סירופ יטבתה,מיליליטרים,300.00,"100 מ""ל",false,6,6.90,2.3000,true,1,346510
7290110559748,false,מארז 3 יח חטיף אנרגי,,IT,מארז 3 יח חטיף אנרגי ריל שקד קוקוס שוקול,גרמים,105.00,100 גרם,false,16,15.90,15.1429,true,1,346523
7290110559755,false,מארז 3 יח חטיף אנרגי,,IT,מארז 3 יח חטיף אנרגי ריל בוטן פיסטוק חמו,גרמים,105.00,100 גרם,false,16,15.90,15.1429,true,1,346522
7290110559762,false,מארז 3 יח חטיף אנרגי,,IT,מארז 3 יח חטיף אנרגי ריל תמר אגוז קוקוס,גרמים,105.00,100 גרם,false,16,15.90,15.1429,true,1,346521
7290110559939,false,נתחי סויה בסגנון שוו,,IL,נתחי סויה בסגנון שווארמה ומגדרה 350גר,גרמים,350.00,100 גרם,false,10,26.90,7.6857,true,1,345341
7290110560300,false,פריכיות אנרגי משולש,פרח תעשיות,,פריכיות אנרגי משולש פלפל שחור 30 גר,Unknown,0.00,Unknown,false,1,5.50,0.0000,true,1,325549
7290110560317,false,פריכיות אנרגי משולש,פרח תעשיות,,פריכיות אנרגי משולש מלח ים 30 גר,Unknown,0.00,Unknown,false,1,5.50,0.0000,true,1,325550
7290110560324,false,פריכיות אנרגי משולש,פרח תעשיות,,פריכיות אנרגי משולש אפונה ירוקה 30 גר,Unknown,0.00,Unknown,false,1,5.50,0.0000,true,1,325551
7290110560836,false,מעדן מילקי פסק זמן 1,,,מעדן מילקי פסק זמן 133 גר,גרמים,133.00,100 גרם,false,24,2.90,2.1805,true,1,322420
7290110561352,false,יוגורט דנונה ביו דל,,,יוגורט דנונה ביו דל לקטוז 3% 200גר,גרמים,200.00,100 גרם,false,1,3.80,1.9000,true,1,322818
7290110561604,false,מארז 8יח גמדים תות ב,,IL,מארז 8יח גמדים תות בננה 800 גר,גרמים,800.00,100 גרם,false,6,19.90,2.4875,true,1,321511
7290110563431,false,משקה קפה קר 230מל,שטראוס,IL,משקה קפה קר 230מל 1.6% סגנון קלאסי יטב,מיליליטרים,230.00,"100 מ""ל",false,10,7.90,3.4348,true,1,326345
7290110563448,false,משקה קפה קר מעודן יט,שטראוס,IL,משקה קפה קר מעודן יטבתה 230מל,מיליליטרים,230.00,"100 מ""ל",false,10,7.90,3.4348,true,1,326344
7290110563462,false,חלב נטול לקטוז 1ליטר,שטראוס,,חלב נטול לקטוז 1ליטר 2% שומן יטבתה,ליטרים,1.00,ליטר,false,12,8.50,8.5000,true,1,326938
7290110563912,false,חטיפי אנרגי שיברי אג,,,חטיפי אנרגי שיברי אגוזים 10 יח 144 גר,יחידה,6.00,יחידה,false,1,13.90,2.3167,true,1,323382
7290110564339,false,חומוס עשיר בטחינה30%,שטראוס,,חומוס עשיר בטחינה30% 400גרם,גרמים,400.00,100 גרם,false,1,13.90,3.4750,true,1,321526
7290110564360,false,חומוס עשיר בטחינה40%,שטראוס,,חומוס עשיר בטחינה40% 400גרם,גרמים,400.00,100 גרם,false,1,13.90,3.4750,true,1,321527
7290110564414,false,חומוס עשיר בטחינה30%,שטראוס,IL,חומוס עשיר בטחינה30% 600גרם אחלה,גרמים,600.00,100 גרם,false,6,14.90,2.4833,true,1,321528
7290110564742,false,משקה קפה קר 230מל,שטראוס,IL,משקה קפה קר 230מל 1.2% סגנון חזק יטבתה,מיליליטרים,230.00,"100 מ""ל",false,10,7.90,3.4348,true,1,326343
7290110565435,false,לימבו גלי בטעם פטל 1,,,לימבו גלי בטעם פטל 125 גרם חלבי,גרמים,125.00,100 גרם,false,24,2.50,2.0000,true,1,320989
7290110565527,false,דנונה פרו עשיר בחלבו,שטראוס,,דנונה פרו עשיר בחלבון 20גרם 200 גרם,גרמים,200.00,100 גרם,false,12,6.10,3.0500,true,1,319889
7290110565572,false,קפה טורקי עם הל לדרך,,,קפה טורקי עם הל לדרך 14 יח 168 גרם,יחידה,24.00,יחידה,false,1,20.00,0.8333,true,1,328382
7290110565664,false,עוגת בראוניס שוקולד,,,עוגת בראוניס שוקולד מריר 380 ג,גרמים,380.00,100 גרם,false,1,15.90,4.1842,true,1,324729
7290110565879,false,חטיפי אנרגי חמוציות,,,חטיפי אנרגי חמוציות שוקולד מריר10יח144גר,יחידה,6.00,יחידה,false,1,13.90,2.3167,true,1,323386
7290110565893,false,חטיפי אנרגי מצופה שו,,,חטיפי אנרגי מצופה מריר10 יח 156 גר,יחידה,6.00,יחידה,false,1,13.90,2.3167,true,1,323875
7290110566579,false,דבש פרחי בר לחיץ 200,,,דבש פרחי בר לחיץ 200 גרם,גרמים,200.00,100 גרם,false,1,12.50,6.2500,true,1,322360
7290110566623,false,קפסולות אספרסו 8 קול,,,קפסולות אספרסו 8 קולומביה 10 יח,יחידה,10.00,יחידה,false,1,17.00,1.7000,true,1,323876
7290110566975,false,דנונה פרו תות עשיר ב,שטראוס,,דנונה פרו תות עשיר בחלבון 20גרם 200 גרם,גרמים,200.00,100 גרם,false,12,6.10,3.0500,true,1,322415
7290110568238,false,קצפת צמחית 250גר יטב,שטראוס,IL,קצפת צמחית 250גר יטבתה 21% שומן,מיליליטרים,250.00,"100 מ""ל",false,18,8.50,3.4000,true,1,324274
7290110568276,false,משקה פרו וניל 350מל,שטראוס,,משקה פרו וניל 350מל 25גר חלבון יטבתה,מיליליטרים,350.00,"100 מ""ל",false,12,6.50,1.8571,true,1,323376
7290110568559,false,מארז 10יח דוריטוס חמ,STRAUSS-ISRAEL,,מארז 10יח דוריטוס חמוץ חריף 25 גרם,גרמים,250.00,100 גרם,false,1,14.90,5.9600,true,1,323654
7290110568566,false,מארז 10יח דוריטוס גר,STRAUSS-ISRAEL,,מארז 10יח דוריטוס גריל 25 גרם,גרמים,250.00,100 גרם,false,1,14.90,5.9600,true,1,323655
7290110570224,false,משקה קפה קר 230 מל ב,שטראוס,IL,משקה קפה קר 230 מל בטעם עוגיות יטבתה,מיליליטרים,230.00,"100 מ""ל",false,10,7.90,3.4348,true,1,346604
7290110571054,false,חציל במיונז 650 גרם,שטראוס,,חציל במיונז 650 גרם אחלה,גרמים,600.00,100 גרם,false,1,17.90,2.9833,true,1,344372
7290110571184,false,עדשים חומות טעם הטבע,,IT,עדשים חומות טעם הטבע 380 גרם,גרמים,380.00,100 גרם,false,16,6.90,1.8158,true,1,346520
7290110571375,false,מארז 4יח אנרגי מיקס,,IT,מארז 4יח אנרגי מיקס שקד קוקס שוקולד,גרמים,100.00,100 גרם,false,16,15.90,15.9000,true,1,346526
7290110571382,false,דנונה פרו 11גר חלבון,שטראוס,IL,דנונה פרו 11גר חלבון טעם וניל 150גר,גרמים,150.00,100 גרם,false,12,5.50,3.6667,true,1,344368
7290110571405,false,עוגיות מיני פינוקיות,,,עוגיות מיני פינוקיות פסק זמן 180 ג,גרמים,180.00,100 גרם,false,1,10.90,6.0556,true,1,347475
7290110571412,false,עוגיות מיני פינוקיות,,,עוגיות מיני פינוקיות פאדג 180 ג,גרמים,180.00,100 גרם,false,1,10.90,6.0556,true,1,347476
7290110571474,false,גלילי ופל רבע לשבע פ,,,גלילי ופל רבע לשבע פופקורן 125 גרם,גרמים,125.00,100 גרם,false,1,11.90,9.5200,true,1,346187
7290110571481,false,קפה נמס אבקתי משפטים,,,קפה נמס אבקתי משפטים 200 גרם,גרמים,200.00,100 גרם,false,1,22.00,11.0000,true,1,346530
7290110572129,false,חטיף כיף כף מקלות שו,,,חטיף כיף כף מקלות שוקולד לבן 40גר,Unknown,0.00,Unknown,false,1,5.50,0.0000,true,1,347474
7290110572884,false,קפסולות אספרסו 20 חז,,,קפסולות אספרסו 20 חזק 10 יח,יחידה,10.00,יחידה,false,1,17.00,1.7000,true,1,347477
7290110572969,false,חטיף כיף כף פצפצים ל,,,חטיף כיף כף פצפצים לבן 40 גר,Unknown,0.00,Unknown,false,1,5.50,0.0000,true,1,346601
7290110576318,false,מארז 3יח שוקולד פרה,,FR,מארז 3יח שוקולד פרה לבן אגוזים100 גרם,גרמים,300.00,100 גרם,false,8,25.90,8.6333,true,1,346949
7290110576370,false,מארז 3יח שוקולד פרה,,FR,מארז 3יח שוקולד פרה מריר אגוזים100 גרם,גרמים,300.00,100 גרם,false,8,25.90,8.6333,true,1,346948
7290110576387,false,מארז 3יח שוקולד פרה,,FR,מארז 3יח שוקולד פרה חלב אגוזים100 גרם,גרמים,300.00,100 גרם,false,8,25.90,8.6333,true,1,346947
7290110576752,false,שוקולד ספלנדיד 70% מ,,,שוקולד ספלנדיד 70% מריר 100 גר,גרמים,100.00,100 גרם,false,1,10.90,10.9000,true,1,347451
7290110576776,false,שוקולד ספלנדיד 85% מ,,,שוקולד ספלנדיד 85% מריר 100 גר,גרמים,100.00,100 גרם,false,1,10.90,10.9000,true,1,347452
7290110576868,false,מארז 4 יח סופר גמדים,,,מארז 4 יח סופר גמדים סלט פירות 400 גרם,גרמים,400.00,100 גרם,false,1,11.90,2.9750,true,1,347538
7290110577230,false,משקה חלב בטעם פיסטוק,,,משקה חלב בטעם פיסטוק 1 ליטר יטבתה,ליטרים,1.00,ליטר,false,1,12.10,12.1000,true,1,347531
7290111090134,false,מארז שלישיית מגבוני,די.פי.אל,IL,מארז שלישיית מגבוני איי קר לרענון 36יח,יחידה,36.00,יחידה,false,24,7.90,0.2194,true,1,325526
7290111090424,false,מגבונים להסרת לק איי,די.פי.אל,IL,מגבונים להסרת לק איי קר 10יח,יחידה,10.00,יחידה,false,24,7.90,0.7900,true,1,325523
7290111093005,false,מגבונים להסרת איפור,די.פי.אל,IL,מגבונים להסרת איפור איי קר 25יח,יחידה,25.00,יחידה,false,24,7.90,0.3160,true,1,325525
7290111093760,false,מגבוני קוויק ניקוי ר,די.פי.אל,,מגבוני קוויק ניקוי רצפות נ.מרכך כביסה10י,יחידה,10.00,יחידה,false,12,9.90,0.9900,true,1,344610
7290111094613,false,מגבונים לניקוי משקפי,די.פי.אל,IL,מגבונים לניקוי משקפיים איי קר 24יח,יחידה,24.00,יחידה,false,24,7.90,0.3292,true,1,325524
7290111094651,false,שקיות אשפה קוויק 40י,,,שקיות אשפה קוויק 40יח לארג 50/70עם ידית,יחידה,40.00,יחידה,false,18,12.90,0.3225,true,1,343233
7290111097546,false,מגבונים קוויק לניקוי,די.פי.אל,,מגבונים קוויק לניקוי משטחים 50יח נ.מרכך,יחידה,50.00,יחידה,false,1,8.90,0.1780,true,1,344611
7290111097836,false,מגבוני קוויק דוחה אב,די.פי.אל,,מגבוני קוויק דוחה אבק למשטחים 50יח,יחידה,50.00,יחידה,false,1,8.90,0.1780,true,1,344612
7290111285325,false,צלחת במבוק ממותגת 9,,,צלחת במבוק ממותגת 9 אינץ,יחידה,1.00,יחידה,false,1,13.90,13.9000,true,1,320579
7290111285417,false,קערת במבוק ממותגת,,,קערת במבוק ממותגת,יחידה,1.00,יחידה,false,1,12.90,12.9000,true,1,320578
7290111285523,false,כוס במבוק ממותגת,,,כוס במבוק ממותגת,יחידה,1.00,יחידה,false,1,12.90,12.9000,true,1,320577
7290111340109,false,מגן תחתון דיפנד אקטי,חוגלה קימברלי,,מגן תחתון דיפנד אקטיב נשים 22 יח,יחידה,22.00,יחידה,false,1,18.90,0.8591,true,1,326198
7290111340178,false,מטליות לחות לניקוי כ,,,מטליות לחות לניקוי כללי דוחה אבק 50יח,יחידה,50.00,יחידה,false,1,16.90,0.3380,true,1,317276
7290111340185,false,מטליות לחות לרצפה ני,,,מטליות לחות לרצפה ניקול בניחוח מרכך 10יח,יחידה,10.00,יחידה,false,1,13.90,1.3900,true,1,317275
7290111340925,false,מטליות לחות ניקול לנ,,,מטליות לחות ניקול לניקוי כללי אקס אל40יח,יחידה,40.00,יחידה,false,1,13.90,0.3475,true,1,321363
7290111340956,false,מטליות לחות לניקוי ר,,,מטליות לחות לניקוי רצפות 10יח מהדורת ספא,יחידה,10.00,יחידה,false,1,12.90,1.2900,true,1,321364
7290111341359,false,רדיד אלומיניום 60מטר,,,רדיד אלומיניום 60מטר+סכין חיתוך ניקול,מטרים,60.00,מטר,false,1,42.90,0.7150,true,1,324257
7290111341366,false,מפיות אירוח חד שכבתי,חוגלה קימברלי,,מפיות אירוח חד שכבתי 30/30 150יח,יחידה,150.00,יחידה,false,1,9.90,0.0660,true,1,324258
7290111341434,false,תחבושות מיני דיפנד א,חוגלה קימברלי,,תחבושות מיני דיפנד אקטיב נשים 12 יח,יחידה,12.00,יחידה,false,1,19.90,1.6583,true,1,326200
7290111341496,false,תחבושות מיני דיפנד א,חוגלה קימברלי,,תחבושות מיני דיפנד אקטיב נשים 14 יח,יחידה,14.00,יחידה,false,1,19.90,1.4214,true,1,326199
7290111341557,false,טמפונים קוטקס אקטיב,KC Turkey,,טמפונים קוטקס אקטיב סופר 32 יח,יחידה,32.00,יחידה,false,12,26.90,0.8406,true,1,328135
7290111341816,false,נייר אפיה ניקול 25מט,אופל,IL,נייר אפיה ניקול 25מטר עם סליידר,מטרים,25.00,מטר,false,15,22.90,0.9160,true,1,326196
7290111341984,false,מארז 4יח נייר טואלט,עלבד,IL,מארז 4יח נייר טואלט לח לילי 40יח,יחידה,160.00,יחידה,false,8,19.90,0.1244,true,1,329350
7290111341991,false,מגבון נייר טואלט לח,עלבד,IL,מגבון נייר טואלט לח סופרים 48 יח,יחידה,48.00,יחידה,false,18,8.90,0.1854,true,1,328129
7290111342004,false,מגבון נייר טואלט לח,עלבד,IL,מגבון נייר טואלט לח לילי קידס 56 יח,יחידה,56.00,יחידה,false,18,8.90,0.1589,true,1,328128
7290111342042,false,כריות יפניות אנטיבקט,,,כריות יפניות אנטיבקטריאליות 4 יח ניקול,יחידה,4.00,יחידה,false,1,16.90,4.2250,true,1,330776
7290111342059,false,מטליות לחות אנטיבקטר,,,מטליות לחות אנטיבקטריאלי מפחית ריחות 50י,יחידה,50.00,יחידה,false,1,16.90,0.3380,true,1,330775
7290111342523,false,מפיות אירוח ניקול חד,חוגלה קימברלי,,מפיות אירוח ניקול חד שכבתי100יח 33/33סמ,יחידה,100.00,יחידה,false,1,8.90,0.0890,true,1,329897
7290111342684,false,מפיות מודפסות חד שכב,חוגלה קימברלי,,מפיות מודפסות חד שכבתי 100יח ניקול,יחידה,100.00,יחידה,false,14,7.90,0.0790,true,1,334124
7290111342738,false,מארז 4יח נייר טואלט,עלבד,IL,מארז 4יח נייר טואלט לח לילי קידס 40יח,יחידה,160.00,יחידה,false,8,19.90,0.1244,true,1,330310
7290111343117,false,ממחטות אף קלינקס לוש,PAPALINAS,,ממחטות אף קלינקס לושן סופט זוג 140יח,יחידה,140.00,יחידה,false,30,14.90,0.1064,true,1,335288
7290111343124,false,נייר טואלט לילי כפול,חוגלה קימברלי,IL,נייר טואלט לילי כפול 24גלילים=48,יחידה,24.00,יחידה,false,1,54.90,2.2875,true,1,332633
7290111343452,false,מטליות לחות לניקוי ב,חוגלה קימברלי,IL,מטליות לחות לניקוי בתוספת חומץ 50יח ניקו,יחידה,50.00,יחידה,false,24,12.90,0.2580,true,1,334198
7290111343797,false,מטליות לחות לניקוי ח,חוגלה קימברלי,IL,מטליות לחות לניקוי חלונות 48יח ניקול,יחידה,48.00,יחידה,false,24,12.90,0.2688,true,1,334197
7290111343827,false,מטליות רב שימושיות ל,,,מטליות רב שימושיות לניקוי וקרצוף 6יח ניק,יחידה,6.00,יחידה,false,36,12.90,2.1500,true,1,334200
7290111343841,false,ספוגית הקסם לנירוסטה,,,ספוגית הקסם לנירוסטה 3יח ניקול,יחידה,3.00,יחידה,false,24,12.90,4.3000,true,1,334199
7290111343858,false,מטליות לחות לרצפות א,,,מטליות לחות לרצפות אנטיבקטריאלי 10יח ניק,יחידה,10.00,יחידה,false,1,13.90,1.3900,true,1,332638
7290111344145,false,מטליות מיקרופייבר לר,UFO,,מטליות מיקרופייבר לרצפות אנטיבקטראילי 2י,יחידה,2.00,יחידה,false,12,26.90,13.4500,true,1,334201
7290111344206,false,מארז 4יח מגבוני האגי,ווטנאפס,,מארז 4יח מגבוני האגיס נטורל קר 64יח,יחידה,256.00,יחידה,false,1,22.90,0.0895,true,1,342397
7290111344459,false,תחבושות קוטקס לילה א,KC Turkey,,תחבושות קוטקס לילה אקסטרה לונג 18יח,יחידה,18.00,יחידה,false,1,19.90,1.1056,true,1,337543
7290111344503,false,חיתולי האגיס אקסטרה,חוגלה קימברלי,,חיתולי האגיס אקסטרה קייר מידה 4+ 36יח,יחידה,36.00,יחידה,false,1,49.90,1.3861,true,1,337903
7290111344527,false,שקיות אשפה שחורות לפ,אשפלסט,IL,שקיות אשפה שחורות לפחים ענקיים 20יח,יחידה,20.00,יחידה,false,12,27.90,1.3950,true,1,336625
7290111344565,false,שקיות דאבל זיפר 25יח,,,שקיות דאבל זיפר 25יח ניקול,מטרים,25.00,מטר,false,24,14.90,0.5960,true,1,346105
7290111344572,false,שקיות אשפה ניקול עם,,,שקיות אשפה ניקול עם ידיות 25יח,יחידה,25.00,יחידה,false,8,24.90,0.9960,true,1,342294
7290111344619,false,מטליות לחות ניקול לנ,חוגלה קימברלי,IL,מטליות לחות ניקול לניקוי סביבת התינוק 50,יחידה,50.00,יחידה,false,12,13.90,0.2780,true,1,337546
7290111344626,false,מארז 2יח מגבות מטבח,,IL,מארז 2יח מגבות מטבח אנטיבקטריאלי ניקול,יחידה,2.00,יחידה,false,24,22.90,11.4500,true,1,336628
7290111344633,false,משטח לייבוש כלים אנט,,IL,משטח לייבוש כלים אנטיבקטריאלי ניקול,יחידה,1.00,יחידה,false,12,22.90,22.9000,true,1,336627
7290111344701,false,שקיות סנדויצון ניקול,חוגלה קימברלי,IL,שקיות סנדויצון ניקול 250יח מיניונים,יחידה,250.00,יחידה,false,20,14.90,0.0596,true,1,346930
7290111344732,false,ממחטות אף קלינקס אלר,חוגלה קימברלי,IL,ממחטות אף קלינקס אלרגי קומפורט 140דף,יחידה,140.00,יחידה,false,30,14.90,0.1064,true,1,337547
7290111344824,false,מגן תחתון קוטקס אנטי,KC China,,מגן תחתון קוטקס אנטיבקטראלי לארג 52יח,יחידה,52.00,יחידה,false,1,21.90,0.4212,true,1,343627
7290111344831,false,מגן תחתון קוטקס אקסט,KC China,,מגן תחתון קוטקס אקסטרא פרוטקט נורמל 60יח,יחידה,60.00,יחידה,false,1,21.90,0.3650,true,1,343619
7290111344855,false,מגן תחתון קוטקס אקסט,KC China,,מגן תחתון קוטקס אקסטרא פרוטקט לארג 52יח,יחידה,52.00,יחידה,false,1,21.90,0.4212,true,1,343620
7290111344879,false,מגן תחתון קוטקס 2 ב1,KC China,,מגן תחתון קוטקס 2 ב1 לארג 44 יחידות,יחידה,44.00,יחידה,false,1,21.90,0.4977,true,1,343626
7290111344916,false,מארז 6יח כרית יפנית,חוגלה קימברלי,IL,מארז 6יח כרית יפנית אנטיבקטריאלי ניקול,יחידה,6.00,יחידה,false,24,16.90,2.8167,true,1,337544
7290111344930,false,מטליות לחות לניקוי ר,,,מטליות לחות לניקוי רצפות 10יח ניחוח מרכך,יחידה,10.00,יחידה,false,1,12.90,1.2900,true,1,342290
7290111344978,false,רדיד אלומיניום 60מטר,,,רדיד אלומיניום 60מטר עבה,מטרים,60.00,מטר,false,1,41.90,0.6983,true,1,337542
7290111345043,false,מטליות מיקרופייבר למ,,,מטליות מיקרופייבר למשטחים 2יח דו צדדי ני,יחידה,2.00,יחידה,false,24,17.90,8.9500,true,1,342292
7290111345050,false,כריות ניקוי מיקרופיי,,,כריות ניקוי מיקרופייבר דו צדדי 2יח ניקול,יחידה,2.00,יחידה,false,20,14.90,7.4500,true,1,342293
7290111345722,false,שקיות לשמירת הטריות,,,שקיות לשמירת הטריות 5יח ניקול,יחידה,5.00,יחידה,false,24,16.90,3.3800,true,1,346106
7290111345753,false,תחבושות קוטקס נטורל,KC Turkey,,תחבושות קוטקס נטורל נורמל דואו 24יח,יחידה,24.00,יחידה,false,16,19.90,0.8292,true,1,344921
7290111345760,false,תחבושות קוטקס נטורל,KC Turkey,,תחבושות קוטקס נטורל סופר דואו 18יח,יחידה,18.00,יחידה,false,16,19.90,1.1056,true,1,344922
7290111345777,false,תחבושות קוטקס נטורל,KC Turkey,,תחבושות קוטקס נטורל אוברנייט דואו 16יח,יחידה,16.00,יחידה,false,16,19.90,1.2437,true,1,344923
7290111345821,false,נייר טואלט לילי 16גל,חוגלה קימברלי,IL,נייר טואלט לילי 16גלילים נטורל קר גמבו,יחידה,16.00,יחידה,false,1,37.90,2.3687,true,1,344062
7290111345982,false,דפי ספוגית הקסם 10יח,UFO,,דפי ספוגית הקסם 10יח ניקול,יחידה,10.00,יחידה,false,24,10.90,1.0900,true,1,344509
7290111345999,false,מארז מטליות לחות לני,עלבד,,מארז מטליות לחות לניקוי רצפות ניחוח מרכך,יחידה,20.00,יחידה,false,1,21.90,1.0950,true,1,344510
7290111346088,false,נייר טואלט מולט אקסט,חוגלה קימברלי,IL,נייר טואלט מולט אקסטרא לאב 30גלילים,יחידה,30.00,יחידה,false,1,27.90,0.9300,true,1,345519
7290111346118,false,מארז 4יח מגבוני האגי,,,מארז 4יח מגבוני האגיס דיסני מבושם,יחידה,224.00,יחידה,false,1,22.90,0.1022,true,1,346576
7290111346293,false,מארז 6יח מגבות נייר,חוגלה קימברלי,,מארז 6יח מגבות נייר למטבח ניקול,יחידה,6.00,יחידה,false,1,12.90,2.1500,true,1,345518
7290111346347,false,מארז 5 יח מגבוני אף,חוגלה קימברלי,,מארז 5 יח מגבוני אף קלינקס בניילון,יחידה,5.00,יחידה,false,18,15.90,3.1800,true,1,346577
7290111350030,false,רסק תפוח עץ טבעי קלי,,IL,רסק תפוח עץ טבעי קליית גת 670 גרם,גרמים,670.00,100 גרם,false,1,11.90,1.7761,true,1,344126
7290111350047,false,תמרים מגהול ללא חרצנ,טעמי הגליל,IL,תמרים מגהול ללא חרצנים קליית גת 500 גרם,גרמים,500.00,100 גרם,false,12,12.90,2.5800,true,1,344128
7290111350092,false,מארז המיטב של לואקר,,,מארז המיטב של לואקר 200 גרם,גרמים,200.00,100 גרם,false,1,20.90,10.4500,true,1,317603
7290111350665,false,דבש לחיץ קליית גת 35,,IL,דבש לחיץ קליית גת 350 גרם,גרמים,350.00,100 גרם,false,12,19.90,5.6857,true,1,344129
7290111350672,false,דבש טהור קליית גת 70,,IL,דבש טהור קליית גת 700 גרם,גרמים,700.00,100 גרם,false,12,29.90,4.2714,true,1,344130
7290111350726,false,חטיף נאצוס סגנון מקס,,,חטיף נאצוס סגנון מקסיקני 322 גרם,גרמים,322.00,100 גרם,false,1,17.90,5.5590,true,1,327081
7290111350740,false,פופקורן הוטפופ קידס5,,,פופקורן הוטפופ קידס500 ג למיקרוגל,גרמים,500.00,100 גרם,false,1,15.00,3.0000,true,1,325228
7290111352249,false,מאג טרמי לואקר מעוצב,,,מאג טרמי לואקר מעוצב,Unknown,0.00,Unknown,false,1,9.90,0.0000,true,1,343644
7290111352430,false,ממרח תמרים טבעי קליי,טעמי הגליל,IL,ממרח תמרים טבעי קליית גת 440 גרם,גרמים,440.00,100 גרם,false,12,12.90,2.9318,true,1,331078
7290111352508,false,סילאן טבעי לחיץ קליי,,IL,סילאן טבעי לחיץ קליית 840 גרם צנצנת,גרמים,840.00,100 גרם,false,1,19.90,2.3690,true,1,344285
7290111352935,false,סוכריות טופי יוגטה מ,,,סוכריות טופי יוגטה ממולאות 600 גרם,גרמים,600.00,100 גרם,false,1,10.90,1.8167,true,1,333281
7290111352959,false,גומי שטיח יוגטה ממול,,,גומי שטיח יוגטה ממולא פירות 80 גר,Unknown,0.00,Unknown,false,1,4.90,0.0000,true,1,333356
7290111352966,false,גומי יוגטה מקלות ממו,סאדאט,,גומי יוגטה מקלות ממולאות 250 גרם,גרמים,250.00,100 גרם,false,1,6.90,2.7600,true,1,333354
7290111352973,false,גומי יוגטה קוביות חמ,סאדאט,,גומי יוגטה קוביות חמוצות 220גרם,גרמים,220.00,100 גרם,false,1,6.90,3.1364,true,1,333355
7290111353055,false,סוכריות גומי יוגטה ד,אפגאם תעשיות ממתקים,IL,סוכריות גומי יוגטה דובונים 200 גרם,גרמים,200.00,100 גרם,false,18,9.90,4.9500,true,1,335848
7290111353109,false,סוכריות גומי יוגטה נ,אפגאם תעשיות ממתקים,IL,סוכריות גומי יוגטה נחשים מבריק 200 גרם,גרמים,200.00,100 גרם,false,18,9.90,4.9500,true,1,335849
7290111353123,false,סוכריות גומי יוגטה נ,אפגאם תעשיות ממתקים,IL,סוכריות גומי יוגטה נחשים חמוצות 200 גרם,גרמים,200.00,100 גרם,false,18,9.90,4.9500,true,1,335850
7290111353239,false,סוכריות גומי יין יוג,אפגאם תעשיות ממתקים,IL,סוכריות גומי יין יוגטה 200 גרם,גרמים,200.00,100 גרם,false,18,9.90,4.9500,true,1,335851
7290111353437,false,חטיף ציפס בטטה ומלח,,,חטיף ציפס בטטה ומלח ים טבעוני 120 גרם,גרמים,120.00,100 גרם,false,12,13.90,11.5833,true,1,344477
7290111353444,false,חטיף ציפס בטטות ומלח,,,חטיף ציפס בטטות ומלח ים טבעוני 120 גרם,גרמים,120.00,100 גרם,false,12,13.90,11.5833,true,1,344478
7290111353451,false,חטיף ציפס ירקות שורש,,,חטיף ציפס ירקות שורש ומלח ים טבעוני120גר,גרמים,120.00,100 גרם,false,12,13.90,11.5833,true,1,344479
7290111353550,false,חמאת בוטנים טבעית קל,J&G קיסריה,IL,חמאת בוטנים טבעית קליית גת 300 גרם,גרמים,350.00,100 גרם,false,12,14.90,4.2571,true,1,344131
7290111353567,false,ממרח שקדים קליית גת,J&G קיסריה,IL,ממרח שקדים קליית גת 300 גרם,גרמים,300.00,100 גרם,false,12,32.90,10.9667,true,1,344132
7290111354328,false,מרשמלו יוגטה 350 גר,סאדאט,,מרשמלו יוגטה 350 גר,גרמים,350.00,100 גרם,false,1,11.90,3.4000,true,1,345084
7290111354519,false,רמקול לואקר נייד,,,רמקול לואקר נייד,Unknown,0.00,Unknown,false,1,15.00,0.0000,true,1,346090
7290111354571,false,מארז צידנית לואקר עג,,,מארז צידנית לואקר עגולה,גרמים,700.00,100 גרם,false,1,41.90,5.9857,true,1,346089
7290111354595,false,מארז קוספת אוכל וופל,שטורק,DE,מארז קוספת אוכל וופל קנופרס 125 גרם,גרמים,125.00,100 גרם,false,1,12.90,10.3200,true,1,346400
7290111354694,false,רייסז הובר בול,,,רייסז הובר בול,Unknown,0.00,Unknown,false,1,10.00,0.0000,true,1,347502
7290111563355,false,סלט טורקי צבר מרובע,צבר,,סלט טורקי צבר מרובע 400גר,גרמים,400.00,100 גרם,false,1,12.90,3.2250,true,1,322430
7290111563492,false,סלט מטבוחה חריפה צבר,צבר,,סלט מטבוחה חריפה צבר מרובע 400גר,גרמים,400.00,100 גרם,false,1,12.90,3.2250,true,1,322429
7290111564239,false,מאגדת שלגון מיני קרא,גלידות נסטלה,,מאגדת שלגון מיני קראנץ וניל 5 יח,יחידה,5.00,יחידה,false,5,30.90,6.1800,true,1,321353
7290111564277,false,פריכיות פיטנס דקות ד,פרח תעשיות,IL,פריכיות פיטנס דקות דגנים 120 גרם,גרמים,120.00,100 גרם,false,12,10.90,9.0833,true,1,317435
7290111564291,false,פריכיות פיטנס דקות ק,פרח תעשיות,IL,פריכיות פיטנס דקות קינואה 120 גרם,גרמים,120.00,100 גרם,false,12,10.90,9.0833,true,1,317436
7290111564956,false,חטיף מיקס במבה ביסלי,"אסם תעשיות בע""מ",,חטיף מיקס במבה ביסלי 200גר,גרמים,200.00,100 גרם,false,1,10.90,5.4500,true,1,322368
7290111565038,false,גל. לה קרמריה וניל ק,גלידות נסטלה,,גל. לה קרמריה וניל קוקילידה 1.4 ליטר,מיליליטרים,1400.00,"100 מ""ל",false,1,18.90,1.3500,true,1,322674
7290111566103,false,פלאפל רכיבים ביתיים,טבעול ישראל,,פלאפל רכיבים ביתיים 500גר טבעול,גרמים,500.00,100 גרם,false,1,32.90,6.5800,true,1,321071
7290111566127,false,מאגדת סנדביץ אוראו 6,גלידות נסטלה,IT,מאגדת סנדביץ אוראו 6יח,יחידה,6.00,יחידה,false,8,17.90,2.9833,true,1,321349
7290111566226,false,שניצל ברוקולי טבעול,טבעול ישראל,,שניצל ברוקולי טבעול 667גר,גרמים,667.00,100 גרם,false,1,32.90,4.9325,true,1,321068
7290111566240,false,שניצל דק מן הצומח טע,טבעול ישראל,IL,שניצל דק מן הצומח טעם צילי 564גר טבעול,גרמים,564.00,100 גרם,false,1,32.90,5.8333,true,1,321064
7290111566271,false,חטיפי תירס טבעול 600,טבעול ישראל,IL,חטיפי תירס טבעול 600 גר,גרמים,600.00,100 גרם,false,1,33.90,5.6500,true,1,321062
7290111566318,false,שניצל דק מן הצומח טע,טבעול ישראל,IL,שניצל דק מן הצומח טעם ביתי 564גר טבעול,גרמים,564.00,100 גרם,false,1,32.90,5.8333,true,1,321063
7290111566332,false,נקניקיות וינר מן הצו,טבעול ישראל,,נקניקיות וינר מן הצומח טבעול 680 גר,גרמים,680.00,100 גרם,false,1,32.90,4.8382,true,1,321065
7290111566417,false,טחון מן הצומח 500 גר,טבעול ישראל,,טחון מן הצומח 500 גר טבעול,גרמים,500.00,100 גרם,false,1,32.90,6.5800,true,1,321079
7290111566547,false,חזה בגריל מן הצומח 5,טבעול ישראל,,חזה בגריל מן הצומח 560גר טבעול,גרמים,560.00,100 גרם,false,1,32.90,5.8750,true,1,321077
7290111566561,false,שניצל ברוקולי מופחת,טבעול ישראל,,שניצל ברוקולי מופחת שומן טבעול 560 גר,גרמים,560.00,100 גרם,false,1,32.90,5.8750,true,1,321073
7290111566585,false,שניצל מן הצומח מופחת,טבעול ישראל,,שניצל מן הצומח מופחת שומן 650 גר טבעול,גרמים,650.00,100 גרם,false,1,32.90,5.0615,true,1,321076
7290111566660,false,קציצות עדשים כתומות,טבעול ישראל,,קציצות עדשים כתומות טבעול 530 גר,גרמים,530.00,100 גרם,false,1,32.90,6.2075,true,1,321069
7290111566691,false,שניצל תרד טבעול לייט,טבעול ישראל,,שניצל תרד טבעול לייט 99קלוריות 560 גר,גרמים,560.00,100 גרם,false,1,32.90,5.8750,true,1,321074
7290111566714,false,המבורגר מן הצומח 600,טבעול ישראל,,המבורגר מן הצומח 600גר 99קלוריות טבעול,גרמים,600.00,100 גרם,false,1,32.90,5.4833,true,1,321075
7290111566738,false,מיני המבורגר פטריות,טבעול ישראל,,מיני המבורגר פטריות טבעול 585 גר,גרמים,585.00,100 גרם,false,1,32.90,5.6239,true,1,321070
7290111566752,false,שניצל תירס לייט 693,טבעול ישראל,,שניצל תירס לייט 693 גר טבעול,גרמים,693.00,100 גרם,false,1,32.90,4.7475,true,1,321072
7290111566776,false,נקניקיות קוקטייל מן,טבעול ישראל,,נקניקיות קוקטייל מן הצומח טבעול 680 גר,גרמים,680.00,100 גרם,false,1,32.90,4.8382,true,1,321066
7290111567018,false,פירורית כוסמין זהב 2,עינת,,פירורית כוסמין זהב 200 גרם,גרמים,200.00,100 גרם,false,1,7.50,3.7500,true,1,320772
7290111568107,false,פסטה אסם פלוס מסולסל,זארה,,פסטה אסם פלוס מסולסל 400 גרם,גרמים,500.00,100 גרם,false,1,5.90,1.1800,true,1,324371
7290111568206,false,חטיף ביסלי מיקס פארט,"אסם תעשיות בע""מ",,מיקס ביסלי פארטי 150 גרם,גרמים,150.00,100 גרם,false,1,8.50,5.6667,true,1,322367
7290111568251,false,אטריות נודלס להקפצה,זארה,,אטריות נודלס להקפצה אוסם 350 גרם,גרמים,300.00,100 גרם,false,1,10.90,3.6333,true,1,323706
7290111568275,false,אטריות אורז רחבות או,זארה,,אטריות אורז רחבות אוסם 350 גרם,גרמים,300.00,100 גרם,false,1,10.90,3.6333,true,1,323707
7290111568299,false,אטריות נודלס עם תרד,זארה,,אטריות נודלס עם תרד אוסם 300 גרם,גרמים,300.00,100 גרם,false,1,10.90,3.6333,true,1,323704
7290111568466,false,רוטב אסייתי למוקפץ א,"אסם תעשיות בע""מ",,רוטב אסייתי למוקפץ אוסם 290 מל,מיליליטרים,290.00,"100 מ""ל",false,1,13.90,4.7931,true,1,323711
7290111930799,false,חטיף קראנצוס בצל 55,Mana,,חטיף קראנצוס בצל 70 גר,Unknown,0.00,Unknown,false,1,3.90,0.0000,true,1,318157
7290111930805,false,חטיף קראנצוס ברביקיו,Mana,,חטיף קראנצוס ברביקיו 70 גר,Unknown,0.00,Unknown,false,1,3.90,0.0000,true,1,318158
7290111930850,false,חטיף קראנצוס פיצה 55,Mana,,חטיף קראנצוס פיצה 70 גר,Unknown,0.00,Unknown,false,1,3.90,0.0000,true,1,318159
7290111930898,false,חטיף מנה פוף כוכבים,Mana,,חטיף מנה ציפס כוכבים גריל 40 גר,Unknown,0.00,Unknown,false,1,3.90,0.0000,true,1,319863
7290111930904,false,חטיף מנה פוף כוכבים,Mana,,חטיף מנה ציפס כוכבים בצל 40 גר,Unknown,0.00,Unknown,false,1,3.90,0.0000,true,1,319864
7290111930911,false,חטיף מנה פוף לבבות ק,Mana,,חטיף מנה ציפס קלאסי 40 גר,Unknown,0.00,Unknown,false,1,3.90,0.0000,true,1,319860
7290111930928,false,חטיף מנה פוף לבבות ג,Mana,,חטיף מנה ציפס גריל 40 גר,Unknown,0.00,Unknown,false,1,3.90,0.0000,true,1,319861
7290111930935,false,חטיף מנה פוף טבעות ק,Mana,,חטיף מנה ציפס טבעות קלאסי 40 גר,Unknown,0.00,Unknown,false,1,3.90,0.0000,true,1,319862
7290111930973,false,ממרח פסטו אדום מאסטר,סימנס אלמנטרי ס.ו.ל,IT,ממרח פסטו אדום מאסטר שף 190 גרם,גרמים,190.00,100 גרם,false,12,13.90,7.3158,true,1,323439
7290111931338,false,סבון נוזלי פלמוליב ל,CP - Turkey+60,TR,סבון נוזלי פלמוליב לומינוס תאנה 500 מל,מיליליטרים,500.00,"100 מ""ל",false,12,16.90,3.3800,true,1,322850
7290111932502,false,משחת שיניים קולגייט,CP-Poland swidnica,,משחת שיניים קולגייט אופטיק וויט אקס 75מל,Unknown,0.00,Unknown,false,1,27.90,0.0000,true,1,324422
7290111932601,false,מי פה פלקס אדום קלאס,Colgate - Brazil,,מי פה פלקס אדום קלאסי 500מל,מיליליטרים,500.00,"100 מ""ל",false,12,25.90,5.1800,true,1,324423
7290111933530,false,מיץ לימון 100% טבעי,ליאוטי ס.פ.א,IT,מיץ לימון 100% טבעי מאסטר שף 250 מל,מיליליטרים,250.00,"100 מ""ל",false,12,7.90,3.1600,true,1,325666
7290111933554,false,מארז 3 יח עגבניות קו,קונסורזיו קאסאלאסקו,IT,מארז 3 יח עגבניות קוביות מאסטר שף 400 גר,גרמים,1200.00,100 גרם,false,1,16.90,1.4083,true,1,344238
7290111933561,false,תערובת ציפוי לנאגטס,Mana,,תערובת ציפוי לנאגטס 200גרם,גרמים,200.00,100 גרם,false,1,8.90,4.4500,true,1,328405
7290111933998,false,תבנית אינגליש עם ניי,,,תבנית אינגליש עם נייר אפיה קוקי 4יח,יחידה,4.00,יחידה,false,1,10.90,2.7250,true,1,327050
7290111934032,false,רדיד אלומיניום קוקי,,CN,רדיד אלומיניום קוקי כוכבים עם סכין 60מטר,מטרים,60.00,מטר,false,12,29.90,0.4983,true,1,330555
7290111934827,false,סבון ידיים פלמוליב,CP - Turkey+60,,סבון ידיים פלמוליב אלוורה דבש 300 מל,מיליליטרים,300.00,"100 מ""ל",false,1,11.90,3.9667,true,1,327049
7290111935527,false,זוג מש.שינים קולגייט,קיטים,PL,זוג מש.שינים קולגייט טוטל קלין מינט 100מ,מיליליטרים,200.00,"100 מ""ל",false,24,29.90,14.9500,true,1,326661
7290111935961,false,מחית עגבניות מאסטר ש,פראנו אנריקו ופיגלי,IT,מחית עגבניות מאסטר שף 690 גרם,גרמים,690.00,100 גרם,false,12,10.90,1.5797,true,1,344296
7290111936203,false,דאו. ליידי ספיד סטיק,Colgate - Mexico,,דאו. ליידי ספיד סטיק ספריי דרמה ויטמין,מיליליטרים,150.00,"100 מ""ל",false,1,19.90,13.2667,true,1,327839
7290111936296,false,אלסבון פלמוליב משאבה,CP - Turkey+60,,אלסבון פלמוליב משאבה סנסיישן מסאז 750מל,מיליליטרים,750.00,"100 מ""ל",false,1,17.90,2.3867,true,1,327512
7290111936487,false,זוג מש.שינים קולגייט,קיטים,PL,זוג מש.שינים קולגייט טוטל הלבנה 100מל,מיליליטרים,200.00,"100 מ""ל",false,24,29.90,14.9500,true,1,326663
7290111936784,false,חטיף פרי תמרים אגוזי,FREE,,חטיף פרי תמרים אגוזי לוז כשלפ,גרמים,125.00,100 גרם,false,1,16.90,13.5200,true,1,326759
7290111937088,false,דאוד.ליידי ספיד סטיק,Colgate - Mexico,,דאוד.ליידי ספיד סטיק דרמה רול און אומגה,Unknown,0.00,Unknown,false,1,14.90,0.0000,true,1,335320
7290111937095,false,דאוד.ליידי ספיד סטיק,Colgate - Mexico,,דאוד.ליידי ספיד סטיק דרמה רול און אלוור,Unknown,0.00,Unknown,false,1,14.90,0.0000,true,1,335319
7290111937231,false,חטיף פרי תמרים וקוקו,FREE,,חטיף פרי תמרים וקוקוס כשלפ,גרמים,125.00,100 גרם,false,1,16.90,13.5200,true,1,326755
7290111937248,false,חטיף פרי תמרים קשיו,FREE,,חטיף פרי תמרים קשיו ונגיעות לוז כשלפ,גרמים,125.00,100 גרם,false,1,16.90,13.5200,true,1,326756
7290111937255,false,חטיף פרי תמרים בוטני,FREE,,חטיף פרי תמרים בוטנים ואגוזי לוז כשלפ,גרמים,125.00,100 גרם,false,1,16.90,13.5200,true,1,326757
7290111937262,false,חטיף פרי תמרים אגוזי,FREE,,חטיף פרי תמרים אגוזים ושברי קקאו כשלפ,גרמים,125.00,100 גרם,false,1,16.90,13.5200,true,1,326758
7290111937712,false,רדיד אלומינים עם ניי,,CN,רדיד אלומינים עם נייר אפיה קוקי 7.5מטר,מטרים,7.50,מטר,false,20,12.90,1.7200,true,1,330557
7290111939136,false,נייר אפיה קוקי עגול,,CN,נייר אפיה קוקי עגול קוטר 26יח 20יח,יחידה,20.00,יחידה,false,18,8.90,0.4450,true,1,330558
7290111939143,false,נייר אפיה קוקי עגול,,CN,נייר אפיה קוקי עגול קוטר 28יח 20יח,יחידה,20.00,יחידה,false,18,8.90,0.4450,true,1,330559
7290111939174,false,ניילון נצמד עם גומי,,CN,ניילון נצמד עם גומי מידה לארג 18יח,יחידה,18.00,יחידה,false,15,9.90,0.5500,true,1,330560
7290111939181,false,ניילון נצמד עם גומי,,CN,ניילון נצמד עם גומי מיקס 20יח קוקי,יחידה,20.00,יחידה,false,15,9.90,0.4950,true,1,330561
7290112000132,false,מפזר אדים אירוויק או,RB הונגריה,,מפזר אדים אירוויק אוטומטי לבנדר שקדים,יחידה,1.00,יחידה,false,1,39.90,39.9000,true,1,323194
7290112000149,false,מפזר אדים אירוויק או,RB הונגריה,,מפזר אדים אירוויק אוטומטי יסמין ופרחים,יחידה,1.00,יחידה,false,1,39.90,39.9000,true,1,323195
7290112000156,false,מילוי מפזר אדים אירו,RB הונגריה,,מילוי מפזר אדים אירוויק אוטומטי יסמין,יחידה,1.00,יחידה,false,1,24.90,24.9000,true,1,323196
7290112000163,false,מילוי מפזר אדים אירו,RB הונגריה,,מילוי מפזר אדים אירוויק אוטומטי לבנדר,יחידה,1.00,יחידה,false,1,24.90,24.9000,true,1,323197
7290112000170,false,מילוי מפזר אדים אירו,RB הונגריה,,מילוי מפזר אדים אירוויק אוטומטי פרש,יחידה,1.00,יחידה,false,1,24.90,24.9000,true,1,323198
7290112000286,false,גל לניקוי אסלות סילי,,,גל לניקוי אסלות סיליט באנג 750מל ציטרוס,מיליליטרים,750.00,"100 מ""ל",false,1,9.90,1.3200,true,1,321093
7290112000293,false,גל לניקוי אסלות סילי,,,גל לניקוי אסלות סיליט באנג 750מל מרענן,מיליליטרים,750.00,"100 מ""ל",false,1,9.90,1.3200,true,1,321094
7290112000385,false,דטול מנקה ומחטא מטבח,רקיט בנקיזר,PL,דטול מנקה ומחטא מטבח 750 מל,מיליליטרים,750.00,"100 מ""ל",false,12,14.90,1.9867,true,1,324495
7290112000392,false,דטול מנקה ומחטא אמבט,רקיט בנקיזר,PL,דטול מנקה ומחטא אמבטיה 750 מל,מיליליטרים,750.00,"100 מ""ל",false,12,14.90,1.9867,true,1,324496
7290112000408,false,דטול מנקה ומחטא לניק,רקיט בנקיזר,PL,דטול מנקה ומחטא לניקוי כללי 750 מל,מיליליטרים,750.00,"100 מ""ל",false,12,14.90,1.9867,true,1,324493
7290112000712,false,קרם להסרת שיער ויט ל,רקיט בנקיזר צרפת,FR,קרם להסרת שיער ויט לגבר 150מל,מיליליטרים,150.00,"100 מ""ל",false,5,34.90,23.2667,true,1,323991
7290112000729,false,קרם להסרת שיער ויט ל,רקיט בנקיזר צרפת,FR,קרם להסרת שיער ויט לגבר 200מל,מיליליטרים,200.00,"100 מ""ל",false,6,49.90,24.9500,true,1,323992
7290112000736,false,טבליות למדיח הכל ב 1,RB פולין,,טבליות למדיח הכל ב 1 פיניש 80 יח,יחידה,80.00,יחידה,false,1,59.90,0.7487,true,1,323200
7290112000798,false,דטול מנקה ומחטא משטח,רקיט בנקיזר,PL,דטול מנקה ומחטא משטחים 750 מל,מיליליטרים,750.00,"100 מ""ל",false,12,14.90,1.9867,true,1,324497
7290112000828,false,דטול מטליות לחות מנק,רקיט בנקיזר,PL,דטול מטליות לחות מנקה ומחטא משטחים 60יח,יחידה,60.00,יחידה,false,12,10.90,0.1817,true,1,324499
7290112000842,false,דטול מטליות לחות לני,רקיט בנקיזר,PL,דטול מטליות לחות לניקוי כללי 60 יח,יחידה,60.00,יחידה,false,12,10.90,0.1817,true,1,324494
7290112000873,false,דטול מטליות לחות מנק,רקיט בנקיזר,PL,דטול מטליות לחות מנקה ומחטא אמבטיה 60יח,יחידה,60.00,יחידה,false,12,10.90,0.1817,true,1,324621
7290112000880,false,דטול מטליות לחות מנק,רקיט בנקיזר,PL,דטול מטליות לחות מנקה ומחטא למטבח 60 יח,יחידה,60.00,יחידה,false,12,10.90,0.1817,true,1,324498
7290112001030,false,מילוי מבשם אויר אוטו,RB בריטניה,,מילוי מבשם אויר אוטומטי אירוויק פ.דובדבן,יחידה,1.00,יחידה,false,1,15.90,15.9000,true,1,324487
7290112001221,false,נוזל קולון ניקוי מכו,רקיט בנקיזר,ES,נוזל קולון ניקוי מכונת כביסה 250מל,מיליליטרים,250.00,"100 מ""ל",false,12,14.90,5.9600,true,1,324756
7290112001238,false,נוזל קולון ניקוי מכו,רקיט בנקיזר,ES,נוזל קולון ניקוי מכונת כביסה 250מל לימון,מיליליטרים,250.00,"100 מ""ל",false,12,14.90,5.9600,true,1,324755
7290112001436,false,נוזל מנקה ומחדש פיני,RB פולין,,נוזל מנקה ומחדש פיניש לימון 250 מל,מיליליטרים,250.00,"100 מ""ל",false,1,14.90,5.9600,true,1,329835
7290112001870,false,ספריי סיליט באנג לני,RB פולין,,ספריי סיליט באנג לניקוי אמבטיות 750מל,מיליליטרים,750.00,"100 מ""ל",false,1,13.90,1.8533,true,1,328543
7290112001900,false,גל למדיח פיניש הכל,RB פולין,,גל למדיח פיניש הכל באחד 1 ליטר אקולוגי,ליטרים,1.00,ליטר,false,1,44.90,44.9000,true,1,328542
7290112001917,false,גל למדיח פיניש הכל,RB פולין,,גל למדיח פיניש הכל באחד 1 ליטר תפוז,ליטרים,1.00,ליטר,false,1,44.90,44.9000,true,1,328541
7290112002044,false,טבליות פיניש מנקה מד,רקיט בנקיזר,PL,טבליות פיניש מנקה מדיח כלים 4יח,יחידה,4.00,יחידה,false,12,15.90,3.9750,true,1,329288
7290112002099,false,גל כביסה קולון 2.5לי,רקיט בנקיזר,IL,גל כביסה קולון 2.5ליטר רגיל,מיליליטרים,2500.00,"100 מ""ל",false,6,26.90,1.0760,true,1,329291
7290112002105,false,גל כביסה קולון 2.5לי,רקיט בנקיזר,IL,גל כביסה קולון 2.5ליטר ניחוח לילך,מיליליטרים,2500.00,"100 מ""ל",false,6,26.90,1.0760,true,1,329294
7290112002112,false,גל כביסה קולון 2.5לי,רקיט בנקיזר,IL,גל כביסה קולון 2.5ליטר ניחוח ורדים,מיליליטרים,2500.00,"100 מ""ל",false,6,26.90,1.0760,true,1,329293
7290112002129,false,גל כביסה קולון 2.5לי,רקיט בנקיזר,IL,גל כביסה קולון 2.5ליטר ניחוח פריחה,מיליליטרים,2500.00,"100 מ""ל",false,6,26.90,1.0760,true,1,329292
7290112002136,false,גל כביסה קולון 4ליטר,רקיט בנקיזר,IL,גל כביסה קולון 4ליטר מרוכז רגיל,ליטרים,4.00,ליטר,false,4,34.90,8.7250,true,1,329295
7290112002143,false,גל כביסה קולון 4ליטר,רקיט בנקיזר,IL,גל כביסה קולון 4ליטר מרוכז נ.לילך,ליטרים,4.00,ליטר,false,4,34.90,8.7250,true,1,329297
7290112002150,false,גל כביסה קולון 4ליטר,רקיט בנקיזר,IL,גל כביסה קולון 4ליטר מרוכז נ.ורדים,ליטרים,4.00,ליטר,false,4,34.90,8.7250,true,1,329298
7290112002167,false,גל כביסה קולון 4ליטר,רקיט בנקיזר,IL,גל כביסה קולון 4ליטר מרוכז נ.פריחה,ליטרים,4.00,ליטר,false,4,34.90,8.7250,true,1,329296
7290112002174,false,מטהר אויר אירוויק גל,רקיט בנקיזר,CN,מטהר אויר אירוויק גל מוצק לבנדר 180גר,גרמים,180.00,100 גרם,false,12,10.90,6.0556,true,1,329267
7290112002235,false,מטהר אויר אירוויק גל,רקיט בנקיזר,CN,מטהר אויר אירוויק גל פחית ורדים 70גר,יחידה,70.00,יחידה,false,24,9.90,0.1414,true,1,329274
7290112002457,false,מארז 3יח מגבוני דטול,רקיט בנקיזר,PL,מארז 3יח מגבוני דטול 60יח,יחידה,180.00,יחידה,false,12,24.90,0.1383,true,1,329300
7290112002983,false,סיליט באנג ניקוי כלל,רקיט בנקיזר,PL,סיליט באנג ניקוי כללי 750מל ר.טבעיים,מיליליטרים,750.00,"100 מ""ל",false,12,16.90,2.2533,true,1,332693
7290112002990,false,מסיר שומנים סיליט בא,רקיט בנקיזר,PL,מסיר שומנים סיליט באנג 750מל ר.טבעיים,מיליליטרים,750.00,"100 מ""ל",false,12,16.90,2.2533,true,1,332692
7290112003096,false,מבשם בדים קולון 300מ,רקיט בנקיזר,ES,מבשם בדים קולון 300מל טבעי רענן ירוק,מיליליטרים,300.00,"100 מ""ל",false,12,21.90,7.3000,true,1,335646
7290112003188,false,טבליות גל כביסה קולו,רקיט בנקיזר,,טבליות גל כביסה קולון 60 יח,יחידה,60.00,יחידה,false,6,54.90,0.9150,true,1,334595
7290112003232,false,אב.כביסה קולון 5 קג,זוהר דליה,,אב.כביסה קולון 5 קג בריח לבנדר,קילוגרמים,5.00,"ק""ג",false,1,29.90,5.9800,true,1,333567
7290112003249,false,אב.כביסה קולון 5 קג,זוהר דליה,,אב.כביסה קולון 5 קג בריח מאסק,קילוגרמים,5.00,"ק""ג",false,1,29.90,5.9800,true,1,333568
7290112003256,false,אב.כביסה קולון 1.25ק,זוהר דליה,,אב.כביסה קולון 1.25קג בריח לבנדר,קילוגרמים,1.25,"ק""ג",false,1,12.90,10.3200,true,1,333566
7290112003263,false,אב.כביסה קולון 1.25ק,זוהר דליה,,אב.כביסה קולון 1.25קג בריח מאסק,קילוגרמים,1.25,"ק""ג",false,1,12.90,10.3200,true,1,333565
7290112003423,false,מקלות ריחניים איירוו,,,מקלות ריחניים איירוויק אננס ורוזמרין80מל,Unknown,0.00,Unknown,false,1,29.90,0.0000,true,1,335783
7290112003454,false,מקלות ריחניים איירוו,,,מקלות ריחניים איירוויק יער ועשבי בר 80מל,Unknown,0.00,Unknown,false,1,29.90,0.0000,true,1,335782
7290112003461,false,מקלות ריחניים איירוו,,,מקלות ריחניים איירוויק ורדים גרניום 80מל,Unknown,0.00,Unknown,false,1,29.90,0.0000,true,1,335784
7290112003478,false,מ.אוויר אירוויק ספרי,RB בריטניה,,מ.אוויר אירוויק ספריי אננס ורוזמרי236 מל,מיליליטרים,236.00,"100 מ""ל",false,1,21.90,9.2797,true,1,335786
7290112003508,false,מ.אוויר אירוויק ספרי,RB בריטניה,,מ.אוויר אירוויק ספריי יער ועשבי בר236 מל,מיליליטרים,236.00,"100 מ""ל",false,1,21.90,9.2797,true,1,335785
7290112003515,false,מ.אוויר אירוויק ספרי,RB בריטניה,,מ.אוויר אירוויק ספריי ורדים גרניום 236מל,מיליליטרים,236.00,"100 מ""ל",false,1,21.90,9.2797,true,1,335787
7290112003522,false,נר ריחני איירוויק אנ,,,נר ריחני איירוויק אננס ורוזמרין 205גר,גרמים,205.00,100 גרם,false,1,29.90,14.5854,true,1,335780
7290112003553,false,נר ריחני איירוויק יע,,,נר ריחני איירוויק יער ועשבי בר 205גר,גרמים,205.00,100 גרם,false,1,29.90,14.5854,true,1,335779
7290112003560,false,נר ריחני איירוויק ור,,,נר ריחני איירוויק ורדים וגרניום 205גר,גרמים,205.00,100 גרם,false,1,29.90,14.5854,true,1,335781
7290112003843,false,גל קלגון אנטי בקטריא,RB איטליה,,גל קלגון אנטי בקטריאלי 750מל,מיליליטרים,750.00,"100 מ""ל",false,1,29.90,3.9867,true,1,337516
7290112003959,false,אבקת וניש מסיר כתמים,RB איטליה,IT,אבקת וניש מסיר כתמים 470גר כביסה צבעונית,גרמים,470.00,100 גרם,false,12,17.90,3.8085,true,1,338936
7290112003997,false,אבקת וניש להסרת כתמי,RB איטליה,IT,אבקת וניש להסרת כתמים 1.62גר ורוד,גרמים,1620.00,100 גרם,false,6,34.90,2.1543,true,1,344236
7290112004000,false,אבקת וניש להסרת כתמי,RB איטליה,IT,אבקת וניש להסרת כתמים 1.62גר לבן,גרמים,1620.00,100 גרם,false,6,34.90,2.1543,true,1,344237
7290112004031,false,גל כביסה וניש גולד ל,RB איטליה,,גל כביסה וניש גולד להסרת כתמים ורוד940מל,מיליליטרים,940.00,"100 מ""ל",false,1,21.90,2.3298,true,1,342243
7290112004109,false,מארז 3יח מגבוני דטול,רקיט בנקיזר,PL,מארז 3יח מגבוני דטול לניקוי כללי 60יח,יחידה,180.00,יחידה,false,12,24.90,0.1383,true,1,335778
7290112004161,false,מילוי מבשם אויר אירו,RB בריטניה,,מילוי מבשם אויר אירוויק פרשמטיק פיור עשב,יחידה,1.00,יחידה,false,1,15.90,15.9000,true,1,335776
7290112004185,false,נוזל הברקה פיניש למד,RB פולין,PL,נוזל הברקה פיניש למדיח 400מל אקולוגי,מיליליטרים,400.00,"100 מ""ל",false,12,14.90,3.7250,true,1,338940
7290112004208,false,טבליות פיניש למדיח ה,RB פולין,,טבליות פיניש למדיח הכל באחד 50יח לימון,יחידה,50.00,יחידה,false,1,34.90,0.6980,true,1,338939
7290112004314,false,דטול מנקה ומחטא מטבח,רקיט בנקיזר,PL,דטול מנקה ומחטא מטבח 750מל רימונים,מיליליטרים,750.00,"100 מ""ל",false,12,14.90,1.9867,true,1,338942
7290112004321,false,מטליות לחות דטול לני,רקיט בנקיזר,PL,מטליות לחות דטול לניקוי כללי 60יח,יחידה,60.00,יחידה,false,12,10.90,0.1817,true,1,338943
7290112004413,false,ספריי וניש אוקסי אקש,RB פולין,,ספריי וניש אוקסי אקשן 750מל לבגדים לבנים,מיליליטרים,750.00,"100 מ""ל",false,1,16.90,2.2533,true,1,344756
7290112004451,false,נוזל מחטא כביסה דטול,RB איטליה,IT,נוזל מחטא כביסה דטול 1.5ליטר ספורט,מיליליטרים,1500.00,"100 מ""ל",false,8,24.90,1.6600,true,1,342248
7290112004468,false,נוזל מחטא כביסה דטול,RB איטליה,IT,נוזל מחטא כביסה דטול 1.5ליטר כותנה,מיליליטרים,1500.00,"100 מ""ל",false,8,24.90,1.6600,true,1,342249
7290112004604,false,מארז 3יח מגבוני דטול,רקיט בנקיזר,PL,מארז 3יח מגבוני דטול לניקוי כללי 60יח,יחידה,180.00,יחידה,false,12,24.90,0.1383,true,1,338944
7290112004611,false,גל וניש קליה פאואר 2,רקיט בנקיזר,IT,גל וניש קליה פאואר 200מל,מיליליטרים,200.00,"100 מ""ל",false,8,16.90,8.4500,true,1,344173
7290112004772,false,מילוי מבשם אויר חשמל,RB הונגריה,,מילוי מבשם אויר חשמלי כביסה באויר בודד,יחידה,1.00,יחידה,false,1,19.90,19.9000,true,1,346018
7290112004963,false,טבליות פיניש אולטימי,RB פולין,PL,טבליות פיניש אולטימייט למדיח 25 טבליות,יחידה,25.00,יחידה,false,1,34.90,1.3960,true,1,347001
7290112004970,false,טבליות פיניש למדיח א,RB פולין,,טבליות פיניש למדיח אולטימייט 50יח,יחידה,50.00,יחידה,false,1,59.90,1.1980,true,1,347003
7290112004987,false,מילוי מבשם אויר אירו,RB בריטניה,,מילוי מבשם אויר אירוויק פרשמטיק פצולי,יחידה,1.00,יחידה,false,1,15.90,15.9000,true,1,345924
7290112004994,false,מילוי מבשם אויר אירו,RB בריטניה,,מילוי מבשם אויר אירוויק פרשמטיק יסמין,יחידה,1.00,יחידה,false,1,15.90,15.9000,true,1,345923
7290112005045,false,אבקה להסרת כתמים וני,RB איטליה,IT,אבקה להסרת כתמים וניש כביסה לבנה 480גר,גרמים,480.00,100 גרם,false,12,14.90,3.1042,true,1,346029
7290112005052,false,אבקה להסרת כתמים וני,RB איטליה,IT,אבקה להסרת כתמים וניש כביסה לבנה 1.5קג,גרמים,1500.00,100 גרם,false,6,39.90,2.6600,true,1,346027
7290112005083,false,אבקה להסרת כתמים וני,RB איטליה,IT,אבקה להסרת כתמים וניש כביסה צבעוני 1.5קג,גרמים,1500.00,100 גרם,false,6,39.90,2.6600,true,1,346028
7290112005144,false,מבשם אויר מכשיר אוטו,RB הונגריה,,מבשם אויר מכשיר אוטומטי אירוויק יסמין,יחידה,1.00,יחידה,false,1,44.90,44.9000,true,1,345925
7290112005168,false,טבליות פיניש קואנטום,RB פולין,PL,טבליות פיניש קואנטום לימון למדיח 60 יח,יחידה,60.00,יחידה,false,6,59.90,0.9983,true,1,347002
7290112191120,false,פסטהביצים אוריינט צו,פ.פ.ה טאביט,,פסטהביצים אוריינט צורות 400 גרם,גרמים,400.00,100 גרם,false,1,12.90,3.2250,true,1,324666
7290112191403,false,אטריות ביצים אוריינט,פ.פ.ה טאביט,,אטריות ביצים אוריינט דק 400 גר,גרמים,400.00,100 גרם,false,1,12.90,3.2250,true,1,326121
7290112192158,false,ניוקי תפוא ללא גלוטן,,,ניוקי תפוא ללא גלוטן 500 גר GFREE,גרמים,500.00,100 גרם,false,1,10.90,2.1800,true,1,327576
7290112192165,false,ניוקי תרד ללא גלוטן,,,ניוקי תרד ללא גלוטן 500 גר GFREE,גרמים,500.00,100 גרם,false,1,10.90,2.1800,true,1,327577
7290112192332,false,ספירה דוחה יתושים טב,,,ספירה דוחה יתושים טבעי מילוי 45לילות,יחידה,1.00,יחידה,false,1,14.90,14.9000,true,1,326172
7290112192509,false,פירורי לחם GFREE לל,אשבל מזון פונקציונלי,,פירורי לחם GFREE ללא גלוטן 250 גר,גרמים,250.00,100 גרם,false,1,15.90,6.3600,true,1,326427
7290112192561,false,מש.שיניים פרודונטקס,,IE,מש.שיניים פרודונטקס מרעננת הלבנה 75מל,Unknown,0.00,Unknown,false,12,31.90,0.0000,true,1,329091
7290112192578,false,מש.שיניים פרודונטקס,,IE,מש.שיניים פרודונטקס הגנה מלאה 75מל,Unknown,0.00,Unknown,false,12,31.90,0.0000,true,1,329090
7290112192585,false,מברשת שינים פרדונטקס,גלקסוס סמית קליין,,מברשת שינים פרדונטקס הגנה מלאה,Unknown,0.00,Unknown,false,1,28.90,0.0000,true,1,329092
7290112192653,false,קוביות סויה 170גרם,,CZ,קוביות סויה 170גרם,גרמים,170.00,100 גרם,false,12,14.90,8.7647,true,1,327912
7290112192806,false,מש.שיניים פרודונטקס,סמיתקליין ביצם,SK,מש.שיניים פרודונטקס אולטרא קלין 75מל זוג,מיליליטרים,150.00,"100 מ""ל",false,1,42.90,28.6000,true,1,326210
7290112192875,false,משחת שיניים סנסודיין,,GB,משחת שיניים סנסודיין רגישות וחניכיים 75מ,מיליליטרים,75.00,"100 מ""ל",false,12,31.90,42.5333,true,1,329509
7290112192882,false,משחת שיניים סנסודיין,,GB,משחת שיניים סנסודיין רגישות מלבינה 75מל,מיליליטרים,75.00,"100 מ""ל",false,12,31.90,42.5333,true,1,329510
7290112192905,false,מברשת שיניים סנסודיי,,DE,מברשת שיניים סנסודיין רגישות סופט,יחידה,1.00,יחידה,false,12,31.90,31.9000,true,1,329522
7290112192943,false,דוחה יתושים אנתוש אל,זובלה,IL,דוחה יתושים אנתוש אלוורה ספירה 50 מל,Unknown,0.00,Unknown,false,24,12.90,0.0000,true,1,331598
7290112193261,false,שמן לשיער המפ 100מל,א.ל. ארמן,,שמן לשיער המפ 100מל,מיליליטרים,100.00,"100 מ""ל",false,1,42.90,42.9000,true,1,329102
7290112193278,false,שמפו סטייל מתולתלות,א.ל. ארמן,IL,שמפו סטייל מתולתלות 600מל,מיליליטרים,600.00,"100 מ""ל",false,12,24.90,4.1500,true,1,332628
7290112193285,false,מרכך סטייל מתולתלות,א.ל. ארמן,IL,מרכך סטייל מתולתלות 600מל,מיליליטרים,600.00,"100 מ""ל",false,12,24.90,4.1500,true,1,332627
7290112193292,false,מסיכה לשיער מתולתלות,א.ל. ארמן,IL,מסיכה לשיער מתולתלות 500מל,מיליליטרים,500.00,"100 מ""ל",false,12,34.90,6.9800,true,1,332630
7290112193308,false,גלייז לשיער מתולתלות,א.ל. ארמן,IL,גלייז לשיער מתולתלות 400מל,מיליליטרים,400.00,"100 מ""ל",false,12,34.90,8.7250,true,1,332629
7290112193667,false,קמח כוסמת ללא גלוטן,,RS,קמח כוסמת ללא גלוטן 500 גר,גרמים,500.00,100 גרם,false,12,10.90,2.1800,true,1,336091
7290112193896,false,אל סבון סטייל תה צהו,,,אל סבון סטייל תה צהוב 500מל,מיליליטרים,500.00,"100 מ""ל",false,1,8.90,1.7800,true,1,336921
7290112194251,false,אטריות ביצים קונכיות,פ.פ.ה טאביט,PL,אטריות ביצים קונכיות אוריינט 400 גר,גרמים,400.00,100 גרם,false,14,12.90,3.2250,true,1,330519
7290112197085,false,אל סבון סטייל מעוצב,רנקסאן פלסטיק יאנגר,TR,אל סבון סטייל מעוצב פריז 500מל,מיליליטרים,500.00,"100 מ""ל",false,18,10.90,2.1800,true,1,347550
7290112197092,false,אל סבון סטייל מעוצב,רנקסאן פלסטיק יאנגר,TR,אל סבון סטייל מעוצב ניו יורק 500מל,מיליליטרים,500.00,"100 מ""ל",false,18,10.90,2.1800,true,1,347551
7290112197122,false,סבון ידיים סטייל אדו,רנקסאן פלסטיק יאנגר,TR,סבון ידיים סטייל אדום 500מל,מיליליטרים,500.00,"100 מ""ל",false,1,7.90,1.5800,true,1,344171
7290112197139,false,סבון ידיים סטייל ירו,רנקסאן פלסטיק יאנגר,TR,סבון ידיים סטייל ירוק 500מל,מיליליטרים,500.00,"100 מ""ל",false,1,7.90,1.5800,true,1,344172
7290112197177,false,דגני בוקר במילוי קרם,נטורל קייקס,IL,דגני בוקר במילוי קרם נוגט גפרי ללג 375גר,גרמים,375.00,100 גרם,false,10,16.90,4.5067,true,1,345336
7290112197184,false,דגני בוקר במילוי קרם,נטורל קייקס,IL,דגני בוקר במילוי קרם קרמל גפרי ללג 375גר,גרמים,375.00,100 גרם,false,10,16.90,4.5067,true,1,345337
7290112197191,false,דגני בוקר כהים קרם ו,נטורל קייקס,IL,דגני בוקר כהים קרם וניל גפרי ללג 375גר,גרמים,375.00,100 גרם,false,10,16.90,4.5067,true,1,345338
7290112330352,false,דנונה פרו וניל עשיר,שטראוס,,דנונה פרו וניל עשיר בחלבון 20גרם 200 גרם,גרמים,200.00,100 גרם,false,1,6.10,3.0500,true,1,327696
7290112330390,false,דנונה פרו פירות יער,שטראוס,,דנונה פרו פירות יער עשיר בחלבון20גר 200ג,גרמים,200.00,100 גרם,false,1,6.10,3.0500,true,1,327697
7290112330420,false,דנונה פרו טבעי 150גר,שטראוס,IL,דנונה פרו טבעי 150גר 2.9%שומן 12גר חלבון,גרמים,150.00,100 גרם,false,24,4.90,3.2667,true,1,326355
7290112330970,false,שייק חלבון מי גבינה,שטראוס,IL,שייק חלבון מי גבינה 350מל פירות יער,מיליליטרים,350.00,"100 מ""ל",false,6,7.50,2.1429,true,1,326341
7290112330987,false,שייק חלבון מי גבינה,שטראוס,IL,שייק חלבון מי גבינה 350מל אפרסק מנגו,מיליליטרים,350.00,"100 מ""ל",false,6,7.50,2.1429,true,1,326340
7290112330994,false,שייק חלבון מי גבינה,שטראוס,IL,שייק חלבון מי גבינה 350מל אפרסק,מיליליטרים,350.00,"100 מ""ל",false,6,7.50,2.1429,true,1,332759
7290112331519,false,חטיף פיתה קראנץ זעתר,STRAUSS-ISRAEL,,חטיף פיתה קראנץ זעתר 60 גרם,Unknown,0.00,Unknown,false,1,4.50,0.0000,true,1,325948
7290112331946,false,גלילי וופל רבע לשבע,,,גלילי וופל רבע לשבע טורטית 120 גר,גרמים,120.00,100 גרם,false,1,11.90,9.9167,true,1,325544
7290112332585,false,פריכיות אנרגי משולש,פרח תעשיות,,פריכיות אנרגי משולש סלק ומלח ים 30 גר,Unknown,0.00,Unknown,false,1,5.50,0.0000,true,1,327786
7290112332691,false,עוגיות קרם פסק זמן 2,,,עוגיות קרם פסק זמן 200 גרם,גרמים,200.00,100 גרם,false,1,10.90,5.4500,true,1,328431
7290112332875,false,מסטיק מאסט קוביות מנ,,,מסטיק מאסט קוביות מנטה עדינה 86 גרם,Unknown,0.00,Unknown,false,1,14.90,0.0000,true,1,327684
7290112332899,false,מסטיק בזוקה פופיס קל,,,מסטיק בזוקה פופיס קלאסי 58 גרם,Unknown,0.00,Unknown,false,1,10.00,0.0000,true,1,327788
7290112334305,false,סלט כרובית בטחינה 33,שטראוס,IL,סלט כרובית בטחינה 330גר אחלה,גרמים,350.00,100 גרם,false,6,16.90,4.8286,true,1,325979
7290112334749,false,קפה טורקי עלית200+10,,,קפה טורקי עלית200+10%גרם,גרמים,200.00,100 גרם,false,1,15.90,7.9500,true,1,328681
7290112335043,false,מרשמלו בזוקה 150 גר,,,מרשמלו בזוקה 150 גר,גרמים,150.00,100 גרם,false,1,6.90,4.6000,true,1,327159
7290112335050,false,מרשמלו וניל 150 גרם,,,מרשמלו וניל 150 גרם,גרמים,150.00,100 גרם,false,1,6.90,4.6000,true,1,327160
7290112335111,false,מסטיק מאסט קוביות בז,,,מסטיק מאסט קוביות בזוקה 86 גרם,Unknown,0.00,Unknown,false,1,14.90,0.0000,true,1,327683
7290112335487,false,פריכיות אנרגי קצח וד,פרח תעשיות,,פריכיות אנרגי קצח ודגנים 135 גר,גרמים,135.00,100 גרם,false,1,11.90,8.8148,true,1,327682
7290112335494,false,פריכיות אנרגי פוטטוס,פרח תעשיות,,פריכיות אנרגי פוטטוס 135 גר,גרמים,135.00,100 גרם,false,1,11.90,8.8148,true,1,327681
7290112335500,false,פריכיות אנרגי מועשר,פרח תעשיות,,פריכיות אנרגי מועשר בחלבון 135 גר,גרמים,135.00,100 גרם,false,1,11.90,8.8148,true,1,327680
7290112336637,false,סוכ.מאסט יוגרט תות א,,,סוכ.מאסט יוגרט תות אוכ ללס 80 גר,גרמים,80.00,100 גרם,false,1,8.90,11.1250,true,1,329283
7290112336644,false,סוכ.מאסט לימון ללס80,,,סוכ.מאסט לימון ללס80 גר,Unknown,0.00,Unknown,false,1,8.90,0.0000,true,1,329284
7290112336651,false,סוכ.מאסט ריבת חלב לל,,,סוכ.מאסט ריבת חלב ללס80 גר,Unknown,0.00,Unknown,false,1,8.90,0.0000,true,1,329287
7290112336712,false,דנונה פרו 21גר חלבון,שטראוס,,דנונה פרו 21גר חלבון 0%שומן 200גר,גרמים,200.00,100 גרם,false,1,6.10,3.0500,true,1,326937
7290112337474,false,סוכ.מאסט פטל לימון ל,,,סוכ.מאסט פטל לימון ללס80 גר,Unknown,0.00,Unknown,false,1,8.90,0.0000,true,1,329285
7290112337481,false,סוכ.מאסט קפוצינו ללס,,,סוכ.מאסט קפוצינו ללס80 גר,Unknown,0.00,Unknown,false,1,8.90,0.0000,true,1,329286
7290112338877,false,גבינת סקי תות 125גרם,שטראוס,,גבינת סקי תות 125גרם,גרמים,125.00,100 גרם,false,1,4.10,3.2800,true,1,325977
7290112339171,false,מילקי מוס שוקולד וקצ,שטראוס,,מילקי מוס שוקולד וקצפת 81גרם,גרמים,81.00,100 גרם,false,1,3.50,4.3210,true,1,325982
7290112339294,false,דנונה אקטיביה ציה אפ,שטראוס,IL,דנונה אקטיביה ציה אפרסק 3% 150 גר,גרמים,150.00,100 גרם,false,24,4.70,3.1333,true,1,329189
7290112339362,false,יוגורט דנונה לייט אנ,שטראוס,IL,יוגורט דנונה לייט אנד פריי קפוצינו 150גר,גרמים,150.00,100 גרם,false,24,4.90,3.2667,true,1,329817
7290112339867,false,מעדן גמדים סקוויז,שטראוס,IL,מעדן גמדים סקוויז תות 100גר בודד,גרמים,100.00,100 גרם,false,7,5.90,5.9000,true,1,326352
7290112339874,false,מעדן גמדים סקוויז,שטראוס,IL,מעדן גמדים סקוויז תות בננה 100גר בודד,גרמים,100.00,100 גרם,false,7,5.90,5.9000,true,1,326353
7290112340122,false,פריכיות אנרגי 3 דגני,פרח תעשיות,,פריכיות אנרגי 3 דגנים 135 גר,גרמים,135.00,100 גרם,false,1,11.90,8.8148,true,1,327679
7290112340221,false,תירס גרעינים טעם הטב,,IT,תירס גרעינים טעם הטבע 340 גרם,גרמים,340.00,100 גרם,false,24,5.90,1.7353,true,1,332847
7290112340245,false,מסטיק מאסט דובדבן 66,,,מסטיק מאסט דובדבן 66 גר,Unknown,0.00,Unknown,false,1,10.00,0.0000,true,1,327119
7290112340252,false,מסטיק מאסט אבטיח מלו,,,מסטיק מאסט אבטיח מלון 66 גר,Unknown,0.00,Unknown,false,1,10.00,0.0000,true,1,327118
7290112340276,false,עוגיות קרם קפה נמס 2,,,עוגיות קרם קפה נמס 200 גרם,גרמים,200.00,100 גרם,false,1,10.90,5.4500,true,1,328432
7290112340900,false,קפה האג טורקי ואקום,,,קפה האג טורקי ואקום 200 גרם,גרמים,200.00,100 גרם,false,1,25.90,12.9500,true,1,335142
7290112341006,false,מארז מילקי קצפת עם 2,,,מארז מילקי קצפת עם 2 כפיות שוקולד 172 גר,גרמים,172.00,100 גרם,false,1,8.90,5.1744,true,1,327469
7290112341556,false,דנונה אקטיביה ציה תו,שטראוס,IL,דנונה אקטיביה ציה תות 3% 150 גר,גרמים,150.00,100 גרם,false,24,4.70,3.1333,true,1,329188
7290112341679,false,יוגורט דנונה אקטיביה,שטראוס,IL,יוגורט דנונה אקטיביה 3% 200גר,גרמים,200.00,100 גרם,false,24,3.90,1.9500,true,1,329187
7290112341686,false,מארז יוגורט אקטיביה,,,מארז יוגורט אקטיביה 3% 8יח 150גרם,גרמים,1200.00,100 גרם,false,1,19.90,1.6583,true,1,329190
7290112341723,false,משקה אונלי תות בננה,שטראוס,IL,משקה אונלי תות בננה 210 גר ללא חלב,גרמים,210.00,100 גרם,false,12,6.90,3.2857,true,1,328419
7290112342102,false,גב.סימפוניה בצל מקור,שטראוס,,גב.סימפוניה בצל מקורמל 200 גרם,גרמים,160.00,100 גרם,false,1,11.90,7.4375,true,1,331110
7290112342270,false,קפה נמס פלטיניום אינ,שטראוס,,קפה נמס פלטיניום אינטנס 10% אספרסו125גר,גרמים,125.00,100 גרם,false,1,19.90,15.9200,true,1,328720
7290112342393,false,מאסטיק מאסט מון תפוח,,,מאסטיק מאסט מון תפוח 60 גרם,Unknown,0.00,Unknown,false,1,10.00,0.0000,true,1,330116
7290112342508,false,חטיף דוריטוס קול ראנ,STRAUSS-ISRAEL,,חטיף דוריטוס ציז סוויט 70 ג,גרמים,70.00,100 גרם,false,1,3.70,5.2857,true,1,330075
7290112342553,false,משקה חלב בלונדי 350מ,,,משקה חלב בלונדי 350מל בק יטבתה,מיליליטרים,350.00,"100 מ""ל",false,1,6.60,1.8857,true,1,328596
7290112342621,false,משקה חלב שוקו יוטבתה,יטבתה,IL,משקה חלב שוקו יוטבתה בקבוק 350 מל,מיליליטרים,350.00,"100 מ""ל",false,6,6.60,1.8857,true,1,329179
7290112343260,false,רוטב שמנת קלאסי יטבת,,,רוטב שמנת קלאסי יטבתה 9% 260גר,גרמים,260.00,100 גרם,false,1,11.90,4.5769,true,1,330067
7290112343420,false,משקה פרו ארוחת בוקר,שטראוס,IL,משקה פרו ארוחת בוקר 350מל,מיליליטרים,350.00,"100 מ""ל",false,6,7.50,2.1429,true,1,330064
7290112343499,false,חטיף ציטוס פופס גבינ,STRAUSS-ISRAEL,,חטיף ציטוס פופס גבינה 55 גרם,Unknown,0.00,Unknown,false,1,3.60,0.0000,true,1,339457
7290112343512,false,חטיף ציטוס פופס גבינ,STRAUSS-ISRAEL,,חטיף ציטוס פופס גבינה 160 גרם,גרמים,160.00,100 גרם,false,9,8.90,5.5625,true,1,339459
7290112344007,false,ספלנדיד אשכלות אגוזי,,,ספלנדיד אשכלות אגוזי לוז קוקוס105גר,גרמים,105.00,100 גרם,false,1,12.90,12.2857,true,1,330108
7290112344564,false,פסטה רביולי גבינה,שטראוס,,פסטה רביולי גבינה 400 גרם קידס,גרמים,400.00,100 גרם,false,1,19.90,4.9750,true,1,329182
7290112344724,false,מילקי בטעם ש. בלונדי,שטראוס,IL,מילקי בטעם ש. בלונדי 170 גרם,גרמים,170.00,100 גרם,false,24,3.50,2.0588,true,1,330054
7290112344731,false,מילקי אקסטרא שוקולד,שטראוס,IL,מילקי אקסטרא שוקולד עם קצפת 133גרם,גרמים,133.00,100 גרם,false,24,4.00,3.0075,true,1,343225
7290112344748,false,מילקי אקסטרא שוקולד,שטראוס,IL,מילקי אקסטרא שוקולד עם קצפת קפוצינו 133ג,גרמים,133.00,100 גרם,false,24,4.00,3.0075,true,1,343224
7290112344755,false,מעדן מילקי מופחת סוכ,,,מעדן מילקי מופחת סוכר 135גר,גרמים,135.00,100 גרם,false,1,2.90,2.1481,true,1,335907
7290112344786,false,קפה נמס פלטינום קלאס,,,קפה נמס פלטינום קלאסי 200 גרם,גרמים,200.00,100 גרם,false,1,25.90,12.9500,true,1,331026
7290112344793,false,ספלנדיד אשכלות לוז ו,,,ספלנדיד אשכלות לוז וחמוציות105גר,גרמים,105.00,100 גרם,false,1,12.90,12.2857,true,1,330110
7290112344946,false,גב.סימפוניה זעתר שמן,שטראוס,IL,גב.סימפוניה זעתר שמן זית 5% 200 גרם,גרמים,200.00,100 גרם,false,12,11.90,5.9500,true,1,331824
7290112344953,false,גבינת סימפוניה חציל,שטראוס,,גבינת סימפוניה חציל קלוי 200גר,גרמים,200.00,100 גרם,false,1,11.90,5.9500,true,1,336869
7290112344991,false,יוגורט דנונה לייט אנ,שטראוס,IL,יוגורט דנונה לייט אנד פריי תות 150גר,גרמים,150.00,100 גרם,false,24,4.90,3.2667,true,1,329816
7290112345219,false,קפה נמס פלטינום טו ג,,,קפה נמס פלטינום טו גו 25 סטיקים 50 גר,Unknown,0.00,Unknown,false,1,10.90,0.0000,true,1,330117
7290112345356,false,מסטיק לימון נוסטלגי,,,מסטיק לימון נוסטלגי ל.ס. 31 גרם,Unknown,0.00,Unknown,false,1,5.90,0.0000,true,1,334854
7290112345615,false,ח.אנרגי ללס קוקוס שו,,,ח.אנרגי ללס קוקוס שוקולד 6 יח 144 גר,גרמים,144.00,100 גרם,false,1,13.90,9.6528,true,1,329282
7290112345622,false,ח.אנרגי ללס אגוזים ש,,,ח.אנרגי ללס אגוזים שוקולד 6 יח 144 גר,גרמים,144.00,100 גרם,false,1,13.90,9.6528,true,1,329281
7290112346360,false,בפלות אחת אחת מצופות,,,בפלות אחת אחת מצופות 240 גרם,גרמים,240.00,100 גרם,false,1,13.90,5.7917,true,1,343241
7290112346537,false,עוגיות קרם טורטית 20,,,עוגיות קרם טורטית 200 גרם,גרמים,200.00,100 גרם,false,1,10.90,5.4500,true,1,330113
7290112346773,false,יוגורט דנונה לייט אנ,שטראוס,IL,יוגורט דנונה לייט אנד פריי וניל וחלבון,גרמים,150.00,100 גרם,false,24,4.90,3.2667,true,1,336425
7290112346797,false,דנונה אקטיביה שבולת,שטראוס,IL,דנונה אקטיביה שבולת שועל ושזיף 3% 150 גר,גרמים,150.00,100 גרם,false,24,4.70,3.1333,true,1,331827
7290112347008,false,מעדן גמדים סקוויז,שטראוס,IL,מעדן גמדים סקוויז ארוחת בוקר תות 100ג,גרמים,100.00,100 גרם,false,7,5.90,5.9000,true,1,330060
7290112347237,false,גבינת סקי טעם לימון,שטראוס,,גבינת סקי טעם לימון 125 גרם,גרמים,125.00,100 גרם,false,1,4.10,3.2800,true,1,346132
7290112347275,false,מארז קפה נמס200 גרם+,,,מארז קפה נמס200 גרם+ספל מתנה,גרמים,200.00,100 גרם,false,1,22.00,11.0000,true,1,333696
7290112347442,false,מעדן אונלי מן הצומח,שטראוס,IL,מעדן אונלי מן הצומח אפרסק 125 גרם,גרמים,125.00,100 גרם,false,12,5.90,4.7200,true,1,330062
7290112347473,false,מארז 8יח דנונה לייט,,,מארז 8יח דנונה לייט אנד פריי תות אפרסק,גרמים,1200.00,100 גרם,false,1,28.90,2.4083,true,1,329818
7290112347602,false,נשנושי חטיף טורטית 1,,,נשנושי חטיף טורטית 130 גרם,גרמים,130.00,100 גרם,false,1,11.90,9.1538,true,1,332075
7290112347800,false,מארז קפה נמס פלטינום,,,מארז קפה נמס פלטינום ברזילאי+ריפיל250גר,גרמים,250.00,100 גרם,false,1,25.90,10.3600,true,1,331473
7290112347961,false,חומוס עם רוטב שום לי,,,חומוס עם רוטב שום לימון 400 גר אחלה,גרמים,400.00,100 גרם,false,1,10.90,2.7250,true,1,331004
7290112348142,false,שעועית לבנה טעם הטבע,,IT,שעית לבנה עטעם הטבע 380 גרם,גרמים,380.00,100 גרם,false,16,6.90,1.8158,true,1,332849
7290112348234,false,חטיף פסק פטיסרי קרם,,,חטיף פסק פטיסרי קרם פטל 35 גר,Unknown,0.00,Unknown,false,1,6.10,0.0000,true,1,334845
7290112348241,false,חטיף פסק פטיסרי קרם,,,חטיף פסק פטיסרי קרם קפה לטה 35 גר,Unknown,0.00,Unknown,false,1,6.10,0.0000,true,1,334844
7290112348609,false,קפה נמס מאפה קימון 1,,,קפה נמס מאפה קימון 100 גרם,גרמים,100.00,100 גרם,false,1,14.90,14.9000,true,1,335278
7290112348616,false,קפה נמס אגוזי לוז 10,,,קפה נמס אגוזי לוז 100 גרם,גרמים,100.00,100 גרם,false,1,14.90,14.9000,true,1,335279
7290112348999,false,פריכיות אנרגי תירס ד,פרח תעשיות,,פריכיות אנרגי תירס דקות 135 גר,גרמים,135.00,100 גרם,false,1,11.90,8.8148,true,1,336038
7290112349279,false,נשנושי חטיף פסק זמן,,,נשנושי חטיף פסק זמן 130 גרם,גרמים,130.00,100 גרם,false,1,11.90,9.1538,true,1,332077
7290112349316,false,מסטיק בזוקה ביג פופי,,,מסטיק בזוקה ביג פופים טעם תות 86 גרם,Unknown,0.00,Unknown,false,1,14.90,0.0000,true,1,331811
7290112349590,false,דניאלה אננס 88 גרם,שטראוס,IL,דניאלה אננס 88 גרם,Unknown,0.00,Unknown,false,24,4.50,0.0000,true,1,341999
7290112349606,false,דניאלה תות בננה 88גר,,,דניאלה תות בננה 88גרם,Unknown,0.00,Unknown,false,1,4.50,0.0000,true,1,343628
7290112349644,false,מעדן דניאלה פירות יע,,,מעדן דניאלה פירות יער 88 גרם,Unknown,0.00,Unknown,false,1,4.50,0.0000,true,1,345366
7290112349668,false,שוקולד ספלנדיד 90% מ,,,שוקולד ספלנדיד 90% מריר 100 גר,גרמים,100.00,100 גרם,false,1,10.90,10.9000,true,1,331808
7290112349675,false,מעדן גמדים סקוויז,שטראוס,IL,מעדן גמדים סקוויז ארוחת בוקר וניל 100ג,גרמים,100.00,100 גרם,false,7,5.90,5.9000,true,1,330059
7290112349705,false,רוטב פסטה פומודורו י,אמיליאנה קונסרב ס.פ.,IT,רוטב פסטה פומודורו יד מרדכי 350 גרם,גרמים,350.00,100 גרם,false,12,11.90,3.4000,true,1,331276
7290112349736,false,רוטב פסטה בזיליקום י,אמיליאנה קונסרב ס.פ.,IT,רוטב פסטה בזיליקום יד מרדכי 350 גרם,גרמים,350.00,100 גרם,false,12,11.90,3.4000,true,1,331275
7290112349743,false,רוטב פסטה ארביאטה יד,אמיליאנה קונסרב ס.פ.,IT,רוטב פסטה ארביאטה יד מרדכי 350 גרם,גרמים,350.00,100 גרם,false,12,11.90,3.4000,true,1,331274
7290112349750,false,רוטב פיצה יד מרדכי 3,אמיליאנה קונסרב ס.פ.,IT,רוטב פיצה יד מרדכי 350 גרם,גרמים,350.00,100 גרם,false,12,11.90,3.4000,true,1,331277
7290112349897,false,מסטיק מאסט קוביות מנ,,,מסטיק מאסט קוביות מנטה 86 גרם,Unknown,0.00,Unknown,false,1,14.90,0.0000,true,1,331812
7290112349903,false,רוטב שמנת גרגרי וניל,,,רוטב שמנת גרגרי וניל יטבתה 250 מל,מיליליטרים,250.00,"100 מ""ל",false,1,11.90,4.7600,true,1,345371
7290112350015,false,משקה חלבון מי גבינה,שטראוס,IL,משקה חלבון מי גבינה ט.לימונדה 350מל,מיליליטרים,350.00,"100 מ""ל",false,6,7.50,2.1429,true,1,342312
7290112350275,false,קפסולות אספרסו לונגו,,,קפסולות אספרסו לונגו בווסט12 יח,יחידה,12.00,יחידה,false,1,17.00,1.4167,true,1,331179
7290112350312,false,קפסולות אספרסו 15 עו,,,קפסולות אספרסו 15 עוצמתי ביותר 10 יח,יחידה,10.00,יחידה,false,1,17.00,1.7000,true,1,334163
7290112350589,false,קפה ציקו אבקה 65 גר,,,קפה ציקו אבקה 65 גר,Unknown,0.00,Unknown,false,1,12.90,0.0000,true,1,333695
7290112351128,false,שוקולד פרה סוכריו קו,,IL,שוקולד פרה סוכריו קופצות 100 גר,גרמים,100.00,100 גרם,false,1,5.90,5.9000,true,1,333675
7290112351258,false,עוגיות פינוקיות שחור,,,עוגיות פינוקיות שחור לבן 200 גרם,גרמים,200.00,100 גרם,false,1,10.90,5.4500,true,1,334160
7290112351463,false,מארז 3 יח סוכ.מאסט פ,,,מארז 3 יח סוכ.מאסט פרש פטל לימון 45 גר,גרמים,135.00,100 גרם,false,1,8.90,6.5926,true,1,333336
7290112351470,false,מארז 3 יח סוכ.מאסט פ,,,מארז 3 יח סוכ.מאסט פרש רימון תות 45 גר,גרמים,135.00,100 גרם,false,1,8.90,6.5926,true,1,333337
7290112351623,false,שוק.פרה קראנץ בלונד,,,שוק.פרה קראנץ בלונד ביסקוויט 100 גר,גרמים,100.00,100 גרם,false,1,6.50,6.5000,true,1,333677
7290112351753,false,מארז 3 יח פסק זמן ק,,,מארז 3 יח פסק זמן קראנץ 96 גר,Unknown,0.00,Unknown,false,8,12.90,0.0000,true,1,336372
7290112352569,false,משקה חלבון מי גבינה,שטראוס,IL,משקה חלבון מי גבינה ט.אפרסק 350מל,מיליליטרים,350.00,"100 מ""ל",false,6,7.50,2.1429,true,1,342313
7290112352699,false,מארז פורים חיות מחופ,,,מארז פורים חיות מחופשות 117 גרם,גרמים,117.00,100 גרם,false,1,10.00,8.5470,true,1,336375
7290112353214,false,מארז 3 יח פסק זמן גל,,,מאגדת 3 יח פסק זמן גליליות 120 גר,גרמים,120.00,100 גרם,false,1,12.90,10.7500,true,1,334848
7290112353238,false,מארז 3 יח פסק זמן 4,,,מאגדת 3 יח פסק זמן 4 פלי 120 גר,גרמים,120.00,100 גרם,false,1,12.90,10.7500,true,1,334847
7290112353399,false,חטיף פרה נוגט 45 גרם,,,חטיף פרה נוגט 45 גרם,Unknown,0.00,Unknown,false,1,5.00,0.0000,true,1,336950
7290112353597,false,פולי אספרסו עלית 250,,,פולי אספרסו עלית 250 גרם,גרמים,240.00,100 גרם,false,1,23.90,9.9583,true,1,343242
7290112353887,false,משקה קפה קר טעם אגוז,שטראוס,IL,משקה קפה קר טעם אגוזים יטבתה 230מל,מיליליטרים,230.00,"100 מ""ל",false,10,7.90,3.4348,true,1,333493
7290112353894,false,משקה קפה קר בטעם שוק,שטראוס,IL,משקה קפה קר בטעם שוקולד יטבתה 230מל,מיליליטרים,230.00,"100 מ""ל",false,10,7.90,3.4348,true,1,335911
7290112354174,false,ארוחת פסטה רוזה דליש,,IL,ארוחת פסטה רוזה דלישס 280גר,גרמים,280.00,100 גרם,false,1,21.90,7.8214,true,1,342295
7290112354198,false,ארוחת ספגטי עגבניות,,IL,ארוחת ספגטי עגבניות דלישס 600גר,גרמים,600.00,100 גרם,false,6,39.90,6.6500,true,1,342302
7290112354204,false,ארוחת ספגטי עגבניות,,IL,ארוחת ספגטי עגבניות דלישס 280גר,גרמים,280.00,100 גרם,false,1,21.90,7.8214,true,1,342296
7290112354235,false,ברקטה פיצה 300גר דלי,,IL,ברקטה פיצה 300גר דלישס,גרמים,300.00,100 גרם,false,10,25.90,8.6333,true,1,342304
7290112354242,false,קונוס פיצה 280גר דלי,,IL,קונוס פיצה 280גר דלישס,גרמים,280.00,100 גרם,false,6,25.90,9.2500,true,1,342351
7290112354747,false,דנונה בר בננה עם קור,שטראוס,IL,דנונה בר בננה עם קורנפלקס 172 גר,גרמים,150.00,100 גרם,false,12,4.70,3.1333,true,1,334620
7290112354945,false,חטיף תפוציפס וואוי ט,STRAUSS-ISRAEL,,חטיף תפוציפס וואוי טבעי 50 גרם,Unknown,0.00,Unknown,false,1,4.00,0.0000,true,1,347306
7290112354952,false,חטיף תפוציפס וואוי פ,STRAUSS-ISRAEL,,חטיף תפוציפס וואוי פפריקה 50 גרם,Unknown,0.00,Unknown,false,1,4.00,0.0000,true,1,347307
7290112354969,false,חטיף תפוציפס וואוי ט,STRAUSS-ISRAEL,,חטיף תפוציפס וואוי טבעי 200 גר,גרמים,200.00,100 גרם,false,1,11.00,5.5000,true,1,347308
7290112355027,false,דנונה פרו קרמל מלוח,שטראוס,,דנונה פרו קרמל מלוח בחלבון 20גרם 200 גרם,גרמים,200.00,100 גרם,false,1,6.10,3.0500,true,1,335905
7290112355102,false,מעדן גמדים סקוויז,שטראוס,IL,מעדן גמדים סקוויז סלט פירות 100גר בודד,גרמים,100.00,100 גרם,false,7,5.90,5.9000,true,1,336430
7290112355195,false,דנונה וואו בננה תמר,שטראוס,,דנונה וואו בננה תמר 150גר,גרמים,150.00,100 גרם,false,1,4.90,3.2667,true,1,336427
7290112355256,false,רוטב שמנת 4 גבינות י,,,רוטב שמנת 4 גבינות יטבתה 9% 260גר,גרמים,260.00,100 גרם,false,1,11.90,4.5769,true,1,342311
7290112355263,false,רוטב שמנת עם שוקולד,,,רוטב שמנת עם שוקולד יטבתה 250 מל,מיליליטרים,250.00,"100 מ""ל",false,1,11.90,4.7600,true,1,345372
7290112355317,false,רביולי רוטב פיצה 400,שטראוס,,רביולי רוטב פיצה 400 גרם,גרמים,400.00,100 גרם,false,1,19.90,4.9750,true,1,338355
7290112355386,false,רוטב שמנת קרמל מלוח,,,רוטב שמנת קרמל מלוח יטבתה 250 מל,מיליליטרים,250.00,"100 מ""ל",false,1,11.90,4.7600,true,1,345370
7290112355461,false,סלט חומוס ירושלמי 40,,,סלט חומוס ירושלמי 400 גר אחלה,גרמים,400.00,100 גרם,false,1,10.90,2.7250,true,1,337748
7290112355720,false,דנונה קרמל מלוח וואו,שטראוס,,דנונה קרמל מלוח וואו 150גר,גרמים,150.00,100 גרם,false,1,4.90,3.2667,true,1,336428
7290112355744,false,גבינת סקי טעם קוקוס,שטראוס,,גבינת סקי טעם קוקוס 125גרם,גרמים,125.00,100 גרם,false,1,4.10,3.2800,true,1,343223
7290112355775,false,גבינת סימפוניה עירית,,,גבינת סימפוניה עירית 200גר,גרמים,200.00,100 גרם,false,1,11.90,5.9500,true,1,346605
7290112355812,false,מילקי טופ קורנפלקס 1,,,מילקי טופ קורנפלקס 141 גרם,גרמים,141.00,100 גרם,false,1,4.90,3.4752,true,1,345557
7290112355829,false,מילקי טופ קרם וניל ע,שטראוס,IL,מילקי טופ קרם וניל עוגיות 157גר,גרמים,157.00,100 גרם,false,20,4.90,3.1210,true,1,343635
7290112355836,false,מילקי טופ קרם טופי ק,שטראוס,IL,מילקי טופ קרם טופי קרמל 157גר,גרמים,157.00,100 גרם,false,20,4.90,3.1210,true,1,343636
7290112355843,false,מילקי טופ בלונדי 143,שטראוס,IL,מילקי טופ בלונדי 143גר,גרמים,143.00,100 גרם,false,20,4.90,3.4266,true,1,341998
7290112355850,false,מילקי טופ מקופלת 143,שטראוס,IL,מילקי טופ מקופלת 143גר,גרמים,143.00,100 גרם,false,20,4.90,3.4266,true,1,341997
7290112355867,false,מילקי קצפת טופ פיצפו,שטראוס,IL,מילקי קצפת טופ פיצפוץ 86גר,Unknown,0.00,Unknown,false,20,4.00,0.0000,true,1,342310
7290112356123,false,מארז 3 יח סוכ.מאסט פ,,,מארז 3 יח סוכ.מאסט פרש מנדרינה אבט 45 גר,גרמים,135.00,100 גרם,false,1,8.90,6.5926,true,1,336040
7290112356536,false,אבקת קקאו 150 גר+10%,,,אבקת קקאו 150 גר+10% תוספת,גרמים,165.00,100 גרם,false,1,10.90,6.6061,true,1,333686
7290112357045,false,עגבניות איטלקיות מרו,,IT,עגבניות איטלקיות מרוסקות טעם הטבע 390 גר,גרמים,390.00,100 גרם,false,24,6.90,1.7692,true,1,333182
7290112357069,false,מחית עגבניות טעם הטב,,IT,מחית עגבניות טעם הטבע 500 גר,גרמים,390.00,100 גרם,false,24,7.50,1.9231,true,1,333183
7290112357083,false,אפונה גינה טעם הטבע,,IT,אפונה גינה עטעם הטבע 380 גרם,גרמים,380.00,100 גרם,false,16,6.90,1.8158,true,1,332851
7290112357106,false,שעועית אדומה טעם הטב,,IT,שעית אדומה עטעם הטבע 380 גרם,גרמים,380.00,100 גרם,false,16,6.90,1.8158,true,1,332850
7290112357113,false,גרגירי חומוס טעם הטב,,IT,גרגירי חומוס טעם הטבע 380 גרם,גרמים,380.00,100 גרם,false,16,6.90,1.8158,true,1,332848
7290112357175,false,קפסולות אספרסו בווסט,,,קפסולות אספרסו בווסט12 יח,יחידה,12.00,יחידה,false,1,17.00,1.4167,true,1,331178
7290112357618,false,מסטיק מאסט קוביות פי,,,מסטיק מאסט קוביות פירות טרופי 58 גר,Unknown,0.00,Unknown,false,1,10.00,0.0000,true,1,331177
7290112357892,false,מארז 3 יח סוכ.מאסט פ,,,מארז 3 יח ססוכ.מאסט פרש מנטה 45 גר,גרמים,135.00,100 גרם,false,1,8.90,6.5926,true,1,333335
7290112358004,false,חטיף פסק זמן קראנץ 3,,,חטיף פסק זמן חלב 45 גר,Unknown,0.00,Unknown,false,1,6.00,0.0000,true,1,335498
7290112358028,false,חטיף מיני נשיקולדה ק,,,חטיף מיני נשיקולדה קרם נוגט 220 גר,גרמים,220.00,100 גרם,false,1,19.90,9.0455,true,1,333333
7290112358127,false,דנונה פרו עם מגנזיום,שטראוס,IL,דנונה פרו עם מגנזיום 20גר חלבון 200גר,גרמים,200.00,100 גרם,false,12,6.50,3.2500,true,1,335468
7290112358219,false,רוטב צילי מתוק יד מר,,,רוטב צילי מתוק יד מרדכי 300 גרם,גרמים,310.00,100 גרם,false,1,13.90,4.4839,true,1,333684
7290112358233,false,רוטב צילי חריף יד מר,,,רוטב צילי חריף יד מרדכי 320 גרם,גרמים,320.00,100 גרם,false,1,13.90,4.3438,true,1,334162
7290112358240,false,רוטב גריל יד מרדכי 3,,,רוטב גריל יד מרדכי 300 גרם,גרמים,300.00,100 גרם,false,1,13.90,4.6333,true,1,332846
7290112358257,false,רוטב לעוף עם שזיפים,,,רוטב לעוף עם שזיפים יד מרדכי 300 גרם,גרמים,300.00,100 גרם,false,1,13.90,4.6333,true,1,332845
7290112358431,false,ביסקויט עד חצות דאבל,,,ביסקויט עד חצות דאבל 200 גרם,גרמים,200.00,100 גרם,false,1,13.50,6.7500,true,1,337662
7290112358523,false,סלט חומוס סלק 235גר,שטראוס,IL,סלט חומוס סלק 235גר אחלה,גרמים,235.00,100 גרם,false,6,10.90,4.6383,true,1,337749
7290112358554,false,מארז 28 יח קפה נמס ל,,,מארז 28 יח קפה נמס לדרך 50 גרם,Unknown,0.00,Unknown,false,1,11.90,0.0000,true,1,334164
7290112358981,false,חטיף שומשום קרמל מלו,,,חטיף שומשום קרמל מלוח 8 יח 100 גרם,יחידה,8.00,יחידה,false,1,13.90,1.7375,true,1,341932
7290112358998,false,חטיף שומשום שחור לבן,,,חטיף שומשום שחור לבן וקצח 8 יח 100 גרם,יחידה,8.00,יחידה,false,1,13.90,1.7375,true,1,341930
7290112359001,false,חטיף שומשום עם קקאו,,,חטיף שומשום עם קקאו וקינמון 8 יח 100 גרם,יחידה,8.00,יחידה,false,1,13.90,1.7375,true,1,341931
7290112359384,false,קפה נמס אלפחורס ריבת,,,קפה נמס אלפחורס ריבת חלב 100 גרם,גרמים,100.00,100 גרם,false,1,14.90,14.9000,true,1,335280
7290112480309,false,צלחות חד פעמי גדולות,פאלאס טי אר,TR,צלחות חד פעמי גדולות 100יח קרם,יחידה,100.00,יחידה,false,12,39.90,0.3990,true,1,326367
7290112480552,false,צלחות חד פעמי קטנות,פאלאס,CN,צלחות חד פעמי קטנות רנסנס 10יח ורוד,יחידה,10.00,יחידה,false,12,16.90,1.6900,true,1,326399
7290112480699,false,צלחות חד פעמי קטנות,פאלאס,CN,צלחות חד פעמי קטנות רנסנס 10יח קרם,יחידה,10.00,יחידה,false,12,16.90,1.6900,true,1,326400
7290112482440,false,צלחות חד פעמי קטנות,,,צלחות חד פעמי קטנות 10יח לוקה לבן כסף,יחידה,10.00,יחידה,false,12,18.90,1.8900,true,1,344784
7290112482471,false,צלחות מרק חד פעמי 10,,,צלחות מרק חד פעמי 10יח לוקה לבן כסף,יחידה,10.00,יחידה,false,12,21.90,2.1900,true,1,344790
7290112482488,false,צלחות ליפתן חד פעמי,,,צלחות ליפתן חד פעמי 10יח לוקה לבן כסף,יחידה,10.00,יחידה,false,12,15.90,1.5900,true,1,344792
7290112482495,false,קעריות אובליות חד פע,,,קעריות אובליות חד פעמי 10יח לוקה לבן כסף,יחידה,10.00,יחידה,false,12,17.90,1.7900,true,1,344794
7290112482518,false,צלחות חד פעמי גדולות,,,צלחות חד פעמי גדולות 10יח לוקה לבן זהב,יחידה,10.00,יחידה,false,12,22.90,2.2900,true,1,344787
7290112482525,false,צלחות חד פעמי ענקיות,,,צלחות חד פעמי ענקיות 10יח לוקה לבן זהב,יחידה,10.00,יחידה,false,12,28.90,2.8900,true,1,344789
7290112482556,false,קעריות אובליות חד פע,,,קעריות אובליות חד פעמי 10יח לוקה לבן זהב,יחידה,10.00,יחידה,false,12,17.90,1.7900,true,1,344795
7290112483430,false,כפות חד פעמי 50יחידו,,,כפות חד פעמי 50יחידות צבעוני לפיד,יחידה,50.00,יחידה,false,1,9.90,0.1980,true,1,346049
7290112483447,false,כפיות חד פעמי 50יחיד,,,כפיות חד פעמי 50יחידות צבעוני לפיד,יחידה,50.00,יחידה,false,1,9.90,0.1980,true,1,346048
7290112483454,false,מזלגות חד פעמי 50יחי,,,מזלגות חד פעמי 50יחידות צבעוני לפיד,יחידה,50.00,יחידה,false,1,9.90,0.1980,true,1,346047
7290112485014,false,צלחות חד פעמי קטנות,,,צלחות חד פעמי קטנות 10יח סטפס לבן,יחידה,10.00,יחידה,false,12,12.90,1.2900,true,1,344775
7290112485021,false,צלחות חד פעמי גדולות,,,צלחות חד פעמי גדולות 10יח סטפס לבן,יחידה,10.00,יחידה,false,12,17.90,1.7900,true,1,344776
7290112485038,false,צלחות חד פעמי ענקיות,,,צלחות חד פעמי ענקיות 10יח סטפס לבן,יחידה,10.00,יחידה,false,12,21.90,2.1900,true,1,344777
7290112485045,false,צלחות מרק חד פעמי 10,,,צלחות מרק חד פעמי 10יח סטפס לבן,יחידה,10.00,יחידה,false,12,21.90,2.1900,true,1,344778
7290112485069,false,צלחות חד פעמי גדולות,,,צלחות חד פעמי גדולות 10יח סטפס שחור,יחידה,10.00,יחידה,false,12,17.90,1.7900,true,1,344780
7290112485717,false,צלחות חד פעמי קטנות,,,צלחות חד פעמי קטנות דקל 10יח קוטר 7,יחידה,10.00,יחידה,false,20,12.90,1.2900,true,1,344767
7290112485786,false,צלחות חד פעמי ענק עג,,,צלחות חד פעמי ענק עגולה מקאו 10יח קוטר11,יחידה,10.00,יחידה,false,10,22.90,2.2900,true,1,344762
7290112486455,false,צלחות חד פעמי אלגנט,,,צלחות חד פעמי אלגנט קטן 20יח,יחידה,20.00,יחידה,false,1,9.90,0.4950,true,1,346937
7290112486462,false,צלחות חד פעמי אלגנט,,,צלחות חד פעמי אלגנט גדול 20יח,יחידה,20.00,יחידה,false,1,15.90,0.7950,true,1,346932
7290112486479,false,צלחות חד פעמי אלגנט,,,צלחות חד פעמי אלגנט ענק 20 יח,יחידה,20.00,יחידה,false,1,24.90,1.2450,true,1,346931
7290112486509,false,קעריות חד פעמי אובלי,,,קעריות חד פעמי אובליות אלגנט 20יח,יחידה,20.00,יחידה,false,1,6.90,0.3450,true,1,346940
7290112490032,false,זוג מרק נמס בכוס תיר,יוניליוור,,זוג מרק נמס בכוס תירס,Unknown,0.00,Unknown,false,1,6.90,0.0000,true,1,324588
7290112490117,false,שוקולד קליק וופל ואג,יוניליוור,,שוקולד קליק וופל ואגוזים 85 ג,Unknown,0.00,Unknown,false,1,5.90,0.0000,true,1,328377
7290112490209,false,זוג מרק נמס עגבניות,יוניליוור,,זוג מרק נמס עגבניות ר.טבעי 43 גרם,Unknown,0.00,Unknown,false,1,6.90,0.0000,true,1,324090
7290112490216,false,זוג מרק נמס עוף קרוט,יוניליוור,,זוג מרק נמס עוף קרוטונים ר.טבעי 43 גרם,Unknown,0.00,Unknown,false,1,6.90,0.0000,true,1,324091
7290112490230,false,זוג מרק נמס אפונה ר.,יוניליוור,,זוג מרק נמס אפונה ר.טבעי 43 גרם,Unknown,0.00,Unknown,false,1,6.90,0.0000,true,1,324092
7290112490582,false,חרדל הלמנס דיזון חלק,,,חרדל הלמנס דיזון חלק צרפתי 350 גרם,גרמים,350.00,100 גרם,false,1,12.90,3.6857,true,1,324509
7290112490650,false,קונפיטורה 778 תות שד,יוניליוור,,קונפיטורה 778 תות שדה 340 גרם,גרמים,340.00,100 גרם,false,1,13.90,4.0882,true,1,324094
7290112490667,false,קונפיטורה 778 משמש 3,יוניליוור,,קונפיטורה 778 משמש 340 גרם,גרמים,340.00,100 גרם,false,1,13.90,4.0882,true,1,324096
7290112490674,false,קונפיטורה 778 דובדבן,יוניליוור,,קונפיטורה 778 דובדבן 340 גרם,גרמים,340.00,100 גרם,false,1,13.90,4.0882,true,1,324097
7290112490698,false,קונפיטורה 778 תות לי,יוניליוור,,קונפיטורה 778 תות לייט 260 גר,גרמים,260.00,100 גרם,false,1,13.90,5.3462,true,1,324093
7290112490728,false,מרק קנור עשיר ירקות,יוניליוור,,מרק קנור עשיר ירקות בורגול 95 גר,Unknown,0.00,Unknown,false,,11.90,0.0000,true,1,325402
7290112490735,false,מרק קנור עשיר עגבניו,יוניליוור,,מרק קנור עשיר עגבניות פסטה 105 גר,גרמים,105.00,100 גרם,false,1,11.90,11.3333,true,1,325403
7290112490742,false,מרק קנור עשיר פטריות,יוניליוור,,מרק קנור עשיר פטריות גריסים 104 גר,גרמים,104.00,100 גרם,false,1,11.90,11.4423,true,1,325404
7290112490759,false,מרק קנור עשיר עוף עם,יוניליוור,,מרק קנור עשיר עוף עם אטריות 74 גר,Unknown,0.00,Unknown,false,1,11.90,0.0000,true,1,325401
7290112490827,false,תרסיס למייבש בדין בי,זוהר דליה,,תרסיס למייבש בדין בייבי 500 מל,מיליליטרים,500.00,"100 מ""ל",false,1,16.90,3.3800,true,1,324829
7290112490896,false,רוטב קנור צילי חריף,יוניליוור,,רוטב קנור צילי חריף 340 מל,מיליליטרים,340.00,"100 מ""ל",false,1,12.90,3.7941,true,1,325589
7290112491527,false,רוטב קנור טריאקי שומ,יוניליוור,,רוטב קנור טריאקי שומשום 310 גר בדץ,גרמים,310.00,100 גרם,false,1,12.90,4.1613,true,1,328172
7290112491558,false,מארז 6 יח שוקולד מרי,יוניליוור,,מארז 6 יח שוקולד מריר ורד הגליל 100 גרם,גרמים,600.00,100 גרם,false,1,21.90,3.6500,true,1,326437
7290112491701,false,דגני ברנפלקס אקסטרא,יוניליוור,,דגני ברנפלקס אקסטרא חלבון 375 גרם,גרמים,375.00,100 גרם,false,1,21.90,5.8400,true,1,326916
7290112491770,false,בייגלה דקים מלח 300,יוניליוור,,בייגלה דקים מלח 300 גר,גרמים,300.00,100 גרם,false,1,10.90,3.6333,true,1,325613
7290112491787,false,בייגלה דקים שומשום 3,יוניליוור,,בייגלה דקים שומשום 300 גר,גרמים,300.00,100 גרם,false,1,10.90,3.6333,true,1,325612
7290112491794,false,בייגלה דקים שמנת בצל,יוניליוור,,בייגלה דקים שמנת בצל 300 גר,גרמים,300.00,100 גרם,false,1,10.90,3.6333,true,1,325966
7290112492234,false,מאגדת 4 יח פריכיות פ,"גוד פוד בע""מ",PL,מאגדת 4 יחח פריכיות פתית תירס 25 גר,גרמים,100.00,100 גרם,false,8,10.90,10.9000,true,1,327607
7290112492449,false,שמפו פינוק לשיער רגי,יוניליוור,,שמפו פינוק לשיער רגיל 700 מל,מיליליטרים,700.00,"100 מ""ל",false,1,11.90,1.7000,true,1,331624
7290112492456,false,שמפו פינוק לשיער יבש,יוניליוור,,שמפו פינוק לשיער יבש 700 מל,מיליליטרים,700.00,"100 מ""ל",false,1,11.90,1.7000,true,1,331625
7290112492463,false,שמפו פינוק 2 ב 1 לשי,יוניליוור,,שמפו פינוק 2 ב 1 לשיער רגיל 700 מל,מיליליטרים,700.00,"100 מ""ל",false,1,11.90,1.7000,true,1,331626
7290112492470,false,שמפו ומרכך פינוק 2ב1,יוניליוור,,שמפו ומרכך פינוק 2ב1 שיער יבש 700 מל,מיליליטרים,700.00,"100 מ""ל",false,1,11.90,1.7000,true,1,336214
7290112492487,false,שמפו פינוק שמן מרוקא,יוניליוור,,שמפו פינוק שמן מרוקאי 700 מל,מיליליטרים,700.00,"100 מ""ל",false,1,11.90,1.7000,true,1,331627
7290112492500,false,שמפו פינוק שמן קוקוס,יוניליוור,,שמפו פינוק שמן קוקוס 700 מל,מיליליטרים,700.00,"100 מ""ל",false,1,11.90,1.7000,true,1,331628
7290112492531,false,מרכך פינוק לשיער רגי,יוניליוור,,מרכך פינוק לשיער רגיל 700 מל,מיליליטרים,700.00,"100 מ""ל",false,1,11.90,1.7000,true,1,332177
7290112492548,false,מרכך פינוק לשיער יבש,יוניליוור,,מרכך פינוק לשיער יבש 700 מל,מיליליטרים,700.00,"100 מ""ל",false,1,11.90,1.7000,true,1,332689
7290112492593,false,תחליב רחצה פינוק ניח,יוניליוור,,תחליב רחצה פינוק ניחוח קלאסי 700 מל,מיליליטרים,700.00,"100 מ""ל",false,1,11.90,1.7000,true,1,332500
7290112492609,false,תחליב רחצה פינוק לבנ,יוניליוור,,תחליב רחצה פינוק לבנדר ווניל 700 מל,מיליליטרים,700.00,"100 מ""ל",false,1,11.90,1.7000,true,1,331611
7290112492630,false,שמפו פינוק לגבר 3 ב1,יוניליוור,,שמפו פינוק לגבר 3 ב1 700 מל,מיליליטרים,700.00,"100 מ""ל",false,1,11.90,1.7000,true,1,331797
7290112492647,false,תחליב רחצה פינוק 2 ב,יוניליוור,,תחליב רחצה פינוק 2 ב1 לגבר 700 מל,מיליליטרים,700.00,"100 מ""ל",false,1,11.90,1.7000,true,1,336588
7290112492692,false,תחליב רחצה פינוק טו,יוניליוור,,תחליב רחצה פינוק טו גו 100מל נסיעות,מיליליטרים,100.00,"100 מ""ל",false,1,4.90,4.9000,true,1,332668
7290112492715,false,שמפו פינוק סירוק קל,יוניליוור,,שמפו פינוק סירוק קל ללא דמעות 700מל,מיליליטרים,700.00,"100 מ""ל",false,1,14.90,2.1286,true,1,332675
7290112492722,false,שמפו ומרכך פינוק סיר,יוניליוור,,שמפו ומרכך פינוק סירוק קל 700מל,מיליליטרים,700.00,"100 מ""ל",false,1,14.90,2.1286,true,1,332678
7290112492746,false,מרכך פינוק סירוק קל,יוניליוור,,מרכך פינוק סירוק קל ללא דמעות 700מל,מיליליטרים,700.00,"100 מ""ל",false,1,14.90,2.1286,true,1,332676
7290112492753,false,אל סבון פינוק לילדים,יוניליוור,,אל סבון פינוק לילדים 700מל,מיליליטרים,700.00,"100 מ""ל",false,1,14.90,2.1286,true,1,332677
7290112492944,false,מרק קנור עוף אמיתי כ,יוניליוור,,מרק קנור עוף אמיתי כשלפ 400 גרם,גרמים,400.00,100 גרם,false,1,24.90,6.2250,true,1,331268
7290112492975,false,מרק קנור טעם עוף כשל,יוניליוור,,מרק קנור טעם עוף כשלפ 400 גר בדץ,גרמים,400.00,100 גרם,false,1,14.90,3.7250,true,1,331269
7290112492982,false,מרק פטריות קנור רכבי,יוניליוור,,מרק פטריות קנור רכבים טבעיים 400 גר,גרמים,400.00,100 גרם,false,1,21.90,5.4750,true,1,330100
7290112492999,false,מרק קנור טעם עוף 400,יוניליוור,,מרק קנור טעם עוף 400 גר בדץ,גרמים,400.00,100 גרם,false,1,14.90,3.7250,true,1,330101
7290112493064,false,רוטב קנור שזיפים לעו,יוניליוור,,רוטב קנור שזיפים לעוף 320 גר בדץ,גרמים,320.00,100 גרם,false,1,12.90,4.0313,true,1,330099
7290112493071,false,מרק קנור עשיר עדשים,יוניליוור,,מרק קנור עשיר עדשים כתומות 104 גר,Unknown,0.00,Unknown,false,1,11.90,0.0000,true,1,328702
7290112493088,false,זוג מרק נמס בכוס עדש,יוניליוור,,זוג מרק נמס בכוס עדשים,Unknown,0.00,Unknown,false,1,6.90,0.0000,true,1,328704
7290112493095,false,זוג מרק נמס בכוס עגב,יוניליוור,,זוג מרק נמס בכוס עגבניות חריף,Unknown,0.00,Unknown,false,1,6.90,0.0000,true,1,328705
7290112493132,false,מאגדת 4 יח פריכיות פ,"גוד פוד בע""מ",PL,מאגדת 4 יחח פריכיות פתית קינואה 25 גר,גרמים,100.00,100 גרם,false,8,10.90,10.9000,true,1,327608
7290112493293,false,זוג מרק נמס בכוס קנו,יוניליוור,,זוג מרק נמס בכוס קנור ירקות,Unknown,0.00,Unknown,false,1,6.90,0.0000,true,1,328706
7290112493316,false,מרק קנור היום אפונה,יוניליוור,,מרק קנור היום אפונה 117 גר,גרמים,117.00,100 גרם,false,1,11.90,10.1709,true,1,328703
7290112493910,false,מאגדת מיני קרחון ננס,"גלידת שטראוס בע""מ",,מאגדת מיני קרחון ננסים 180גר,גרמים,180.00,100 גרם,false,1,27.90,15.5000,true,1,328406
7290112493927,false,גלידת קרמיסימו ריבת,"גלידת שטראוס בע""מ",,גלידת קרמיסימו ריבת חלב 1.33 ליטר,ליטרים,1.33,ליטר,false,1,22.90,17.2180,true,1,330470
7290112493934,false,גלידת קרמיסימו וניל,"גלידת שטראוס בע""מ",,גלידת קרמיסימו וניל צרפתי 1.33 ליטר,ליטרים,1.33,ליטר,false,1,22.90,17.2180,true,1,330469
7290112493965,false,גלידת קרמיסימו מסטיג,"גלידת שטראוס בע""מ",,גלידת קרמיסימו מסטיגם 1.33 ליטר,ליטרים,1.33,ליטר,false,1,22.90,17.2180,true,1,330471
7290112494016,false,מיונז תלמה מופחת שומ,יוניליוור,,מיונז תלמה מופחת שומן 500 גרם,גרמים,500.00,100 גרם,false,1,10.90,2.1800,true,1,327876
7290112494153,false,תיבולית ניחוח צלי 72,יוניליוור,,תיבולית ניחוח צלי 72 גרם,Unknown,0.00,Unknown,false,1,10.90,0.0000,true,1,330089
7290112494221,false,חטיף קליק ביסקויט 65,יוניליוור,,חטיף קליק ביסקויט 65 גר,Unknown,0.00,Unknown,false,1,6.50,0.0000,true,1,329739
7290112494238,false,חטיף קליק כדורים לבן,יוניליוור,,חטיף קליק כדורים לבן 65 גר,Unknown,0.00,Unknown,false,1,6.50,0.0000,true,1,329735
7290112494276,false,חטיף קליק כריות 65 ג,יוניליוור,,חטיף קליק כריות 65 גר,Unknown,0.00,Unknown,false,1,6.50,0.0000,true,1,329737
7290112494283,false,חטיף קליק חום לבן 65,יוניליוור,,חטיף קליק חום לבן 65 גר,Unknown,0.00,Unknown,false,1,6.50,0.0000,true,1,329736
7290112494313,false,חטיף קליק קורנפלקס65,יוניליוור,,חטיף קליק קורנפלקס65 גר,Unknown,0.00,Unknown,false,1,6.50,0.0000,true,1,329738
7290112494344,false,קורנפלקס אלופים 850,יוניליוור,IL,קורנפלקס אלופים 850 גרם כספי,גרמים,850.00,100 גרם,false,8,19.90,2.3412,true,1,331554
7290112494351,false,קורנפלקס אלופים 850,יוניליוור,IL,קורנפלקס אלופים 850 גרם בדץ,גרמים,850.00,100 גרם,false,8,19.90,2.3412,true,1,331553
7290112494382,false,תערובת פירה קנור בית,יוניליוור,,תערובת פירה קנור ביתי 260 ג,גרמים,260.00,100 גרם,false,1,14.90,5.7308,true,1,330084
7290112494610,false,רוטב קנור עגבניות לד,,,רוטב קנור עגבניות לדג 415 גר,גרמים,415.00,100 גרם,false,1,12.90,3.1084,true,1,330079
7290112494795,false,גל כביסה בדין 2.5ליט,יוניליוור,IL,גל כביסה בדין 2.5ליטר כחול,מיליליטרים,2500.00,"100 מ""ל",false,6,26.90,1.0760,true,1,329653
7290112494801,false,גל כביסה בדין 2.5ליט,יוניליוור,IL,גל כביסה בדין 2.5ליטר וורוד,מיליליטרים,2500.00,"100 מ""ל",false,6,26.90,1.0760,true,1,329654
7290112494825,false,תרחיץ דאב פנים לעור,יוניליוור,,תרחיץ דאב פנים לעור רגיש 180 מל,מיליליטרים,180.00,"100 מ""ל",false,1,14.90,8.2778,true,1,334682
7290112494832,false,תרחיץ דאב פנים לעור,יוניליוור,,תרחיץ דאב פנים לעור רגיל 180 מל,מיליליטרים,180.00,"100 מ""ל",false,1,14.90,8.2778,true,1,334683
7290112495006,false,דגני תלמה כריות נוגט,יוניליוור,,דגני תלמה כריות נוגט686 גרם,גרמים,686.00,100 גרם,false,1,25.90,3.7755,true,1,329721
7290112495020,false,דגני כריות ציקולדה 6,יוניליוור,,דגני כריות ציקולדה 686 גר,גרמים,686.00,100 גרם,false,1,22.90,3.3382,true,1,329723
7290112495037,false,דגני קוקומן כדורים 3,יוניליוור,,דגני קוקומן כדורים 375 גר בדץ,גרמים,375.00,100 גרם,false,1,19.90,5.3067,true,1,329725
7290112495044,false,דגני קוקמן פיצפוצים,יוניליוור,,דגני קוקמן פיצפוצים 375 גר בדץ,גרמים,375.00,100 גרם,false,1,19.90,5.3067,true,1,329726
7290112495105,false,נשנושים שמנת ובצל260,יוניליוור,,נשנושים שמנת ובצל260 גרם,גרמים,260.00,100 גרם,false,1,12.90,4.9615,true,1,329733
7290112495112,false,נשנושים זעתר 260 גרם,יוניליוור,,נשנושים זעתר 260 גרם,גרמים,260.00,100 גרם,false,1,12.90,4.9615,true,1,329734
7290112495143,false,נשנושי קרקר קוקטייל,יוניליוור,,נשנושים קוקטייל מלוח 300 גרם,גרמים,300.00,100 גרם,false,1,12.90,4.3000,true,1,329730
7290112495150,false,נשנושי קרקר עגול מלו,יוניליוור,,נשנושים עגול מלח 300 גרם,גרמים,300.00,100 גרם,false,1,12.90,4.3000,true,1,329729
7290112495167,false,נשנושי קרקר משולש שו,יוניליוור,,נשנושי קרקר משולש שומשום 300 גרם,גרמים,300.00,100 גרם,false,1,12.90,4.3000,true,1,329731
7290112495174,false,נשנושי קרקר קוקטייל,יוניליוור,,נשנושי קרקר קוקטייל שומשום 300 גרם,גרמים,300.00,100 גרם,false,1,12.90,4.3000,true,1,329746
7290112495228,false,קורנפלקס דבש 448 גר,יוניליוור,,קורנפלקס דבש 448 גר בדץ,גרמים,448.00,100 גרם,false,1,17.90,3.9955,true,1,329727
7290112495235,false,קורנפלקס וניל 448 גר,יוניליוור,,קורנפלקס וניל 448 גר בדץ,גרמים,448.00,100 גרם,false,1,17.90,3.9955,true,1,329728
7290112495242,false,קורנפלקס מייפל 448 ג,יוניליוור,,קורנפלקס מייפל 448 גר בדץ,גרמים,448.00,100 גרם,false,1,17.90,3.9955,true,1,330102
7290112495280,false,ריבועי ברנפלקס קינמו,יוניליוור,,ריבועי ברנפלקס קינמון 400 גרם בדצ,גרמים,400.00,100 גרם,false,1,22.90,5.7250,true,1,330702
7290112495433,false,דגני דליפקאן תלמה 40,יוניליוור,,דגני דליפקאן תלמה 400 גר בדץ,גרמים,400.00,100 גרם,false,1,21.90,5.4750,true,1,328872
7290112495488,false,קורנפלקס ללא גלוטן 5,יוניליוור,,קורנפלקס ללא גלוטן 500 גר,גרמים,500.00,100 גרם,false,1,19.90,3.9800,true,1,330701
7290112495556,false,מאגדת חטיף קליק נוגט,יוניליוור,IL,מאגדת חטיף קליק נוגט 3 יח 105 גרם,גרמים,105.00,100 גרם,false,8,11.90,11.3333,true,1,332138
7290112495594,false,בייגלה גדול ללא מלח,יוניליוור,,בייגלה גדול ללא מלח 400 גרם,גרמים,400.00,100 גרם,false,1,14.90,3.7250,true,1,330098
7290112495662,false,קרקר חיטה מלאה עם פש,אפיפית,,קרקר חיטה מלאה עם פשתן 300 ג,גרמים,300.00,100 גרם,false,1,10.90,3.6333,true,1,330700
7290112495686,false,קרם שומשום 220 גרם,אפיפית,,קרם שומשום 220 גרם,גרמים,220.00,100 גרם,false,1,10.90,4.9545,true,1,330699
7290112495747,false,קנור רוטב צילי מתוק,יוניליוור,,קנור רוטב צילי מתוק פחות סוכר 300 מל,מיליליטרים,300.00,"100 מ""ל",false,1,12.90,4.3000,true,1,330695
7290112495754,false,הלמנס רוטב אלף האיים,יוניליוור,,הלמנס רוטב אלף האיים לסלט 305 גרם,גרמים,305.00,100 גרם,false,1,12.90,4.2295,true,1,330706
7290112495761,false,הלמנס רוטב אלף האיים,יוניליוור,,הלמנס רוטבאלף האיים לסלט 305 גרם,גרמים,305.00,100 גרם,false,1,12.90,4.2295,true,1,330705
7290112495785,false,הלמנס רוטב שום לסלט,יוניליוור,,רוטב הלמנס לסלט שום 300 גר,גרמים,300.00,100 גרם,false,1,12.90,4.3000,true,1,330692
7290112495792,false,הלמנס רוטב שום לייט,יוניליוור,,רוטב לסלט הלמנס שום לייט 300 מל,גרמים,300.00,100 גרם,false,1,12.90,4.3000,true,1,330691
7290112495808,false,הלמנס רוטב חרדל ודבש,יוניליוור,,הלמנס רוטב חרדל ודבש לסלט 300 גרם,גרמים,305.00,100 גרם,false,1,12.90,4.2295,true,1,330704
7290112495815,false,הלמנס רוטב חרדל ודבש,יוניליוור,,הלמנס רוטב חרדל ודבש לייט לסלט 305 גרם,גרמים,305.00,100 גרם,false,1,12.90,4.2295,true,1,330707
7290112495822,false,דגני כריות בלאק קרם,יוניליוור,,דגני כריות בלאק קרם וניל 686 גרם,גרמים,686.00,100 גרם,false,1,22.90,3.3382,true,1,330103
7290112495938,false,קרקר 6 דגנים 250 גרם,אפיפית,,קרקר 6 דגנים 250 גרם,גרמים,250.00,100 גרם,false,1,10.90,4.3600,true,1,330697
7290112495976,false,פריכיות פתית תירס שו,"גוד פוד בע""מ",PL,פריכיות פתית תירס שוקולד חלב 35 גר,Unknown,0.00,Unknown,false,30,4.90,0.0000,true,1,332314
7290112495983,false,פריכיות פתית תירס שו,"גוד פוד בע""מ",PL,פריכיות פתית תירס שוקולד קרמל 39 גר,Unknown,0.00,Unknown,false,30,4.90,0.0000,true,1,332313
7290112496027,false,סירופ אפיכל שוקולד,יוניליוור,,סירופ אפיכל שוקולד 580 גרם,גרמים,580.00,100 גרם,false,1,14.90,2.5690,true,1,330709
7290112496034,false,סירופ אפיכל מייפל580,יוניליוור,,סירופ אפיכל מייפל580 גרם,גרמים,580.00,100 גרם,false,1,14.90,2.5690,true,1,330708
7290112496218,false,רוטב קנור טריאקי מופ,יוניליוור,,רוטב קנור טריאקי מופחת סוכר ונתרן340 גר,גרמים,340.00,100 גרם,false,1,12.90,3.7941,true,1,331613
7290112496270,false,פתית ציפס תפוא ועגבנ,"גוד פוד בע""מ",PL,פתית ציפס תפוא ועגבניות 22 גרם,Unknown,0.00,Unknown,false,30,4.90,0.0000,true,1,333410
7290112496287,false,פתית ציפס בטטה טבעי,"גוד פוד בע""מ",PL,פתית ציפס בטטה טבעי 22 גרם,Unknown,0.00,Unknown,false,30,4.90,0.0000,true,1,333411
7290112496294,false,פתית ציפס אפונה ירוק,"גוד פוד בע""מ",PL,פתית ציפס אפונה ירוקה וצהובה 22 גרם,Unknown,0.00,Unknown,false,30,4.90,0.0000,true,1,333412
7290112496331,false,קורנפלקס בננה 448 גר,יוניליוור,,קורנפלקס בננה 448 גר בדץ,גרמים,448.00,100 גרם,false,1,17.90,3.9955,true,1,338008
7290112496430,false,מרק נמס בכוס אקסטרא,יוניליוור,,מרק נמס בכוס אקסטרא עגבניות,Unknown,0.00,Unknown,false,1,4.60,0.0000,true,1,343677
7290112496447,false,מרק נמס בכוס אקסטרא,יוניליוור,,מרק נמס בכוס אקסטרא טעם עוף,Unknown,0.00,Unknown,false,1,4.60,0.0000,true,1,343679
7290112496461,false,מרק נמס בכוס אקסטרא,יוניליוור,,מרק נמס בכוס אקסטרא ירקות,Unknown,0.00,Unknown,false,1,4.60,0.0000,true,1,343678
7290112496584,false,חטיף קליק כריות בלאק,יוניליוור,,חטיף קליק כריות 65 גר,Unknown,0.00,Unknown,false,1,6.50,0.0000,true,1,333186
7290112496591,false,חטיף קליק כריות בלאק,יוניליוור,,חטיף קליק כריות בלאק חלב 65 גר,Unknown,0.00,Unknown,false,1,6.50,0.0000,true,1,333187
7290112497031,false,רוטב קנור עגבניות לק,,,רוטב קנור עגבניות לקציצות 415 גר,גרמים,415.00,100 גרם,false,1,12.90,3.1084,true,1,338009
7290112497123,false,סחלב אינסטנט קנור 2,יוניליוור,,סחלב אינסטנט קנור 2 יח 112 גרם,גרמים,112.00,100 גרם,false,1,12.90,11.5179,true,1,335828
7290112497710,false,שמפו אל דמע פינוק לת,יוניליוור,IL,שמפו אל דמע פינוק לתינוק 700מל,מיליליטרים,700.00,"100 מ""ל",false,12,16.90,2.4143,true,1,346698
7290112497826,false,דגני תלמה שוגי 850 ג,יוניליוור,,דגני תלמה שוגי 850 גרם,גרמים,750.00,100 גרם,false,1,25.90,3.4533,true,1,334822
7290112497864,false,מרק עוף קנור ר.ט. מו,יוניליוור,,מרק עוף קנור ר.ט. מופחת נתרן 400 גר,גרמים,400.00,100 גרם,false,1,21.90,5.4750,true,1,336546
7290112497994,false,גרנולה תלמה פרוטאין,חטיפי העמק,,גרנולה תלמה פרוטאין אגוזים300 גר,גרמים,300.00,100 גרם,false,1,15.90,5.3000,true,1,337785
7290112498007,false,גרנולה תלמה פרוטאין,חטיפי העמק,,גרנולה תלמה פרוטאין חמוציות שקד300 גר,גרמים,300.00,100 גרם,false,1,15.90,5.3000,true,1,337786
7290112498090,false,מרכך פינוק שמן חוחוב,יוניליוור,,מרכך פינוק שמן חוחובה 700מל,מיליליטרים,700.00,"100 מ""ל",false,1,11.90,1.7000,true,1,334525
7290112498106,false,תחליב רחצה פינוק שמן,יוניליוור,,תחליב רחצה פינוק שמן חוחובה 700 מל,מיליליטרים,700.00,"100 מ""ל",false,1,11.90,1.7000,true,1,334526
7290112498267,false,סבון ידיים פינוק נוז,יוניליוור,IL,סבון ידיים פינוק נוזלי קלאסי 950מל,מיליליטרים,950.00,"100 מ""ל",false,8,12.90,1.3579,true,1,338775
7290112498274,false,סבון ידיים פינוק נוז,יוניליוור,IL,סבון ידיים פינוק נוזלי לבנדר 950מל,מיליליטרים,950.00,"100 מ""ל",false,8,12.90,1.3579,true,1,338776
7290112498281,false,סבון ידיים פינוק נוז,יוניליוור,IL,סבון ידיים פינוק נוזלי קוקוס 950מל,מיליליטרים,950.00,"100 מ""ל",false,8,12.90,1.3579,true,1,338777
7290112498298,false,סבון ידיים פינוק נוז,יוניליוור,IL,סבון ידיים פינוק נוזלי מרוקאי 950מל,מיליליטרים,950.00,"100 מ""ל",false,8,12.90,1.3579,true,1,338778
7290112498434,false,רוטב קנור גריל אסיית,יוניליוור,,רוטב קנור גריל אסייתי 370 גרם,מיליליטרים,300.00,"100 מ""ל",false,1,12.90,4.3000,true,1,337644
7290112498441,false,רוטב קנור אסייתי למו,יוניליוור,,רוטב קנור אסייתי למוקפץ 370 גרם,מיליליטרים,300.00,"100 מ""ל",false,1,12.90,4.3000,true,1,337643
7290112498526,false,פתית ציפס בטטה סגולה,"גוד פוד בע""מ",PL,פתית ציפס בטטה סגולה שמנת בצל 22 גרם,Unknown,0.00,Unknown,false,30,4.90,0.0000,true,1,338573
7290112498540,false,דאודורנט רקסונה ספרי,יוניליוור,GB,דאודורנט רקסונה ספריי מן דיפנס 150מל,מיליליטרים,150.00,"100 מ""ל",false,6,19.90,13.2667,true,1,338298
7290112498632,false,מאגדת שלגון קרצופים,יוניליוור,,מאגדת שלגון קרצופים 10יח,יחידה,10.00,יחידה,false,1,34.90,3.4900,true,1,331155
7290112498748,false,מאגדת מיני סולרו תות,"גלידת שטראוס בע""מ",,מאגדת מיני סולרו תות 5 יח,יחידה,5.00,יחידה,false,1,22.90,4.5800,true,1,336210
7290112498885,false,מאגדת שלגון גודיס תו,יוניליוור,,מאגדת שלגון גודיס תותים ושוקולד לבן 5יח,יחידה,5.00,יחידה,false,1,24.90,4.9800,true,1,337027
7290112498915,false,מאגדת מיני מגנום שקד,"גלידת שטראוס בע""מ",IL,מאגדת מיני מגנום שקדים מובחרים 250גר,גרמים,250.00,100 גרם,false,8,29.90,11.9600,true,1,338366
7290112498922,false,מאגדת מיני מגנום שוק,"גלידת שטראוס בע""מ",IL,מאגדת מיני מגנום שוקולד לבן 250גר,גרמים,250.00,100 גרם,false,8,29.90,11.9600,true,1,338367
7290112499066,false,גל. קרמיסימו שוקולד,"גלידת שטראוס בע""מ",,גל. קרמיסימו שוקולד לבן פיסטוק 1.33ליטר,ליטרים,1.33,ליטר,false,1,22.90,17.2180,true,1,343570
7290112499097,false,מאגדת מיני מגנום מרי,"גלידת שטראוס בע""מ",IL,מאגדת מיני מגנום מריר 240גר,גרמים,240.00,100 גרם,false,8,29.90,12.4583,true,1,343985
7290112499189,false,גלידת קרמיסימו חד קר,"גלידת שטראוס בע""מ",,גלידת קרמיסימו חד קרן 1.33 ליטר,ליטרים,1.33,ליטר,false,1,22.90,17.2180,true,1,346011
7290112499196,false,גלידת קרמיסימו קורנפ,"גלידת שטראוס בע""מ",,גלידת קרמיסימו קורנפלקס 1.33 ליטר,ליטרים,1.33,ליטר,false,1,22.90,17.2180,true,1,346012
7290112499219,false,מאגדת שלגון גודיס פי,יוניליוור,,מאגדת שלגון גודיס פיסטוק ושוקולד 235גר,יחידה,5.00,יחידה,false,1,24.90,4.9800,true,1,345033
7290112499349,false,דגני כריות דאבל שוקו,יוניליוור,,דגני כריות דאבל שוקו 686 גר,גרמים,686.00,100 גרם,false,1,22.90,3.3382,true,1,337642
7290112499462,false,תחליב רחצה פינוק שמן,יוניליוור,,תחליב רחצה פינוק שמן קוקוס 700 מל,מיליליטרים,700.00,"100 מ""ל",false,1,11.90,1.7000,true,1,338289
7290112499493,false,דאודורנט רקסונה ספרי,יוניליוור,GB,דאודורנט רקסונה ספריי במבוק אלוורה 150מל,מיליליטרים,150.00,"100 מ""ל",false,6,19.90,13.2667,true,1,344394
7290112499509,false,דאודורנט רקסונה ספרי,יוניליוור,,דאודורנט רקסונה ספריי אפרסק 150מל,מיליליטרים,150.00,"100 מ""ל",false,1,19.90,13.2667,true,1,347263
7290112499523,false,דאודורנט רקסונה ספרי,יוניליוור,GB,דאודורנט רקסונה ספריי אקטיב דריי 150מל,מיליליטרים,150.00,"100 מ""ל",false,6,19.90,13.2667,true,1,344393
7290112499776,false,מאגדת שלגון גודיס 5י,יוניליוור,,מאגדת שלגון גודיס 5יח,יחידה,5.00,יחידה,false,1,24.90,4.9800,true,1,331154
7290112499844,false,מאגדת מיני מגנום דוא,"גלידת שטראוס בע""מ",IL,מאגדת מיני מגנום דואט שוקולד נוגט 310גר,גרמים,310.00,100 גרם,false,8,28.90,9.3226,true,1,330475
7290112499943,false,מאגדת מיני מגנום קלא,"גלידת שטראוס בע""מ",IL,מאגדת מיני מגנום קלאסיק שוקולד 250גר,גרמים,250.00,100 גרם,false,8,28.90,11.5600,true,1,330474
7290112960115,false,שקדי מרק 30% חיטה מל,,,שקדי מרק 30% חיטה מלאה 350 גרם,גרמים,400.00,100 גרם,false,1,11.90,2.9750,true,1,324372
7290112960542,false,לחם מחמצת זתי קלמטה,בונז'ור,,לחם מחמצת זתי קלמטה,Unknown,0.00,Unknown,false,1,17.90,0.0000,true,1,324593
7290112960566,false,לחם מחמצת שאור,בונז'ור,,לחם מחמצת שאור,Unknown,0.00,Unknown,false,1,17.90,0.0000,true,1,324594
7290112960580,false,לחם מחמצת כוסמין,בונז'ור,,לחם מחמצת כוסמין,Unknown,0.00,Unknown,false,1,17.90,0.0000,true,1,324596
7290112960603,false,לחם מחמצת אגוזים וצי,בונז'ור,,לחם מחמצת אגוזים וצימוקים,Unknown,0.00,Unknown,false,1,17.90,0.0000,true,1,324595
7290112960719,false,בגט רוסטיק מחמצת,בונז'ור,,בגט רוסטיק מחמצת,Unknown,0.00,Unknown,false,1,9.90,0.0000,true,1,324597
7290112960986,false,מאגדת קרחון דובדבן,גלידות נסטלה,,מאגדת קרחון דובדבן אננס 10 יח,יחידה,10.00,יחידה,false,1,14.90,1.4900,true,1,325874
7290112961143,false,נתחי תבשיל כפרי טבעו,טבעול ישראל,,נתחי תבשיל כפרי טבעול 470 גרם,גרמים,470.00,100 גרם,false,6,32.90,7.0000,true,1,325497
7290112961266,false,בייגלה כפיות פיזור א,"אסם תעשיות בע""מ",,בייגלה כפיות פיזור איטלקי 300 גר,גרמים,300.00,100 גרם,false,1,11.50,3.8333,true,1,327185
7290112961327,false,בייגלה כפיות פיזור כ,"אסם תעשיות בע""מ",,בייגלה כפיות פיזור כפרי 300 גר,גרמים,300.00,100 גרם,false,1,11.50,3.8333,true,1,327186
7290112961372,false,חטיפי פריכיות פיטנס,פרח תעשיות,,חטיפי פריכיות פיטנס דקות קינמון 60 גרם,Unknown,0.00,Unknown,false,1,8.90,0.0000,true,1,326268
7290112961440,false,פריכיות פיטנס בר שוק,פרח תעשיות,,פריכיות פיטנס בר שוקולד מריר84 גר,Unknown,0.00,Unknown,false,1,12.90,0.0000,true,1,331843
7290112961464,false,חטיפי פריכיות פיטנס,פרח תעשיות,,חטיפי פריכיות פיטנס דקות מתובלות 60 גרם,Unknown,0.00,Unknown,false,1,8.90,0.0000,true,1,326267
7290112962096,false,פתיתים אפויים אוסם ל,"אסם תעשיות בע""מ",,פתיתים אפויים אוסם לבבות400 גרם,גרמים,400.00,100 גרם,false,1,7.50,1.8750,true,1,325469
7290112962287,false,שווארמה טבעול טבעוני,טבעול ישראל,,שווארמה טבעול טבעונית 450גר,גרמים,450.00,100 גרם,false,1,32.90,7.3111,true,1,330875
7290112962522,false,חטיף ביסלי שום ובצל,"אסם תעשיות בע""מ",,חטיף ביסלי שום ובצל 60 גרם,Unknown,0.00,Unknown,false,1,4.30,0.0000,true,1,335518
7290112962584,false,חטיף ביסלי שוארמה 60,"אסם תעשיות בע""מ",,חטיף ביסלי שוארמה 60 גרם,Unknown,0.00,Unknown,false,1,4.30,0.0000,true,1,332188
7290112962737,false,שניצל טבעול מן הצומח,טבעול ישראל,,שניצל טבעול מן הצומח עם חלבון 664 גרם,גרמים,664.00,100 גרם,false,1,32.90,4.9548,true,1,325498
7290112962775,false,מאגדת שלגון אוראו 4י,גלידות נסטלה,ES,מאגדת שלגון אוראו 4יח,יחידה,4.00,יחידה,false,8,25.90,6.4750,true,1,330416
7290112962904,false,שקדי מרק כשלפ 150 גר,"אסם תעשיות בע""מ",,שקדי מרק כשלפ 150 גר,גרמים,150.00,100 גרם,false,1,8.50,5.6667,true,1,326379
7290112962980,false,רוטב סויה סיני מופחת,"אסם תעשיות בע""מ",,רוטב סויה סיני מופחת נתרן וסוכר 290 מל,מיליליטרים,290.00,"100 מ""ל",false,1,11.90,4.1034,true,1,332304
7290112963000,false,רוטב צילי מתוק מופחת,"אסם תעשיות בע""מ",,רוטב צילי מתוק מופחת נתרן וסוכר 290 מל,מיליליטרים,290.00,"100 מ""ל",false,1,11.90,4.1034,true,1,332303
7290112963697,false,עוגיות שוקוציפס שוקו,בונז'ור,,עוגיות שוקוציפס שוקו שוקולד,קילוגרמים,1.00,"ק""ג",true,,55.00,55.0000,true,1,327299
7290112963727,false,עוגת קראנץ קינמון 65,בונז'ור,,עוגת קראנץ קינמון 650 גר,גרמים,650.00,100 גרם,false,1,25.90,3.9846,true,1,326263
7290112963895,false,קרקר פיטנס דק כפרי 1,,,חטיפי קרקר פיטנס כפרי 150 גרם,גרמים,140.00,100 גרם,false,1,11.90,8.5000,true,1,327965
7290112963918,false,קרקר פיטנס דק רוזמרי,,,חטיפי קרקר פיטנס רוזמרין 140 גרם,גרמים,140.00,100 גרם,false,1,11.90,8.5000,true,1,327964
7290112964410,false,רוטב אלף האיים לסלט,"אסם תעשיות בע""מ",,רוטב אלף האיים לסלט 290 גרם,גרמים,290.00,100 גרם,false,1,10.90,3.7586,true,1,327953
7290112964434,false,רוטב קיסר לסלט 290 ג,"אסם תעשיות בע""מ",,רוטב קיסר לסלט 290 גרם,גרמים,295.00,100 גרם,false,1,10.90,3.6949,true,1,327954
7290112964472,false,רוטב שום לסלט 290 גר,"אסם תעשיות בע""מ",,רוטב שום לסלט 290 מל,גרמים,290.00,100 גרם,false,1,10.90,3.7586,true,1,327952
7290112964502,false,רוטב אלף האיים לסלט,"אסם תעשיות בע""מ",,רוטב אלף האיים לסלט 600 גרם,גרמים,600.00,100 גרם,false,1,18.90,3.1500,true,1,327955
7290112964564,false,רוטב אלף האיים לייט,"אסם תעשיות בע""מ",,רוטב אלף האיים לייט לסלט 295 גרם,גרמים,295.00,100 גרם,false,1,10.90,3.6949,true,1,328000
7290112964588,false,רוטב אסייתי לפאד תאי,"אסם תעשיות בע""מ",,רוטב אסייתי לפאד תאי אוסם 290 מל,מיליליטרים,290.00,"100 מ""ל",false,1,13.90,4.7931,true,1,327529
7290112964601,false,רוטב אסייתי נוסח סצו,"אסם תעשיות בע""מ",,רוטב אסייתי נוסח סצואן אוסם 290 מל,מיליליטרים,290.00,"100 מ""ל",false,1,13.90,4.7931,true,1,327530
7290112964625,false,רוטב שום לייט לסלט 2,"אסם תעשיות בע""מ",,רוטב שום לייט לסלט 295 גרם,גרמים,310.00,100 גרם,false,1,10.90,3.5161,true,1,328001
7290112964687,false,לחם מחמצת דגנים,בונז'ור,,לחם מחמצת דגנים,Unknown,0.00,Unknown,false,1,17.90,0.0000,true,1,327906
7290112964724,false,המבורגר טבעול טבעוני,טבעול ישראל,,המבורגר טבעול טבעוני 580 גר,גרמים,580.00,100 גרם,false,1,32.90,5.6724,true,1,328218
7290112965141,false,תבשיל אסם פתיתים ויר,"אסם תעשיות בע""מ",,תבשיל אסם פתיתים וירקות 140 ג,גרמים,130.00,100 גרם,false,1,10.90,8.3846,true,1,330204
7290112965226,false,תבשיל אסם אורז סיני,"אסם תעשיות בע""מ",,תבשיל אסם אורז סיני עם נודלס 130 ג,גרמים,130.00,100 גרם,false,1,10.90,8.3846,true,1,330202
7290112965240,false,זוג מרק נמס אוסם עגב,"אסם תעשיות בע""מ",,זוג מרק נמס אוסם עגבניות 44 גר,Unknown,0.00,Unknown,false,1,6.00,0.0000,true,1,328635
7290112965264,false,זוג מרק נמס אוסם אפו,"אסם תעשיות בע""מ",,זוג מרק נמס אוסם אפונה 30 גר,Unknown,0.00,Unknown,false,1,6.00,0.0000,true,1,328632
7290112965288,false,זוג מרק נמס אוסם ירק,"אסם תעשיות בע""מ",,זוג מרק נמס אוסם ירקות 30 גר,Unknown,0.00,Unknown,false,1,6.00,0.0000,true,1,328634
7290112965325,false,תבשיל אסם אורז ספרדי,"אסם תעשיות בע""מ",,תבשיל אסם אורז ספרדי 140 ג,גרמים,140.00,100 גרם,false,1,10.90,7.7857,true,1,330203
7290112965363,false,קציצות קינואה וברוקו,טבעול ישראל,,קציצות קינואה וברוקולי 525 גר טבעול,גרמים,525.00,100 גרם,false,1,32.90,6.2667,true,1,330874
7290112965745,false,חטיף ביסלי בצל מעושן,"אסם תעשיות בע""מ",,חטיף ביסלי בצל מעושן פריסטייל 60 גרם,Unknown,0.00,Unknown,false,1,4.30,0.0000,true,1,338169
7290112965783,false,חטיף ביסלי על האש פר,"אסם תעשיות בע""מ",,חטיף ביסלי על האש פריסטייל 60 גרם,Unknown,0.00,Unknown,false,1,4.30,0.0000,true,1,338170
7290112965806,false,חטיף ביסלי חמוץ חריף,"אסם תעשיות בע""מ",,חטיף ביסלי חמוץ חריף פריסטייל 60 גרם,Unknown,0.00,Unknown,false,1,4.30,0.0000,true,1,338168
7290112965868,false,קרם קרקר מליחות מעוד,"אסם תעשיות בע""מ",,קרם קרקר מליחות מעודנת 250 גרם,גרמים,250.00,100 גרם,false,1,9.90,3.9600,true,1,330228
7290112965905,false,בייגלה שמיניות מליחו,"אסם תעשיות בע""מ",,בייגלה שמיניות מליחות מעודנת 400 גר,גרמים,400.00,100 גרם,false,1,10.90,2.7250,true,1,330212
7290112965943,false,נאגטס ירקות ירוקים ט,טבעול ישראל,IL,נאגטס ירקות ירוקים טבעול 500גר,גרמים,500.00,100 גרם,false,6,32.90,6.5800,true,1,332589
7290112965967,false,נאגטס ירקות כתומים ט,טבעול ישראל,IL,נאגטס ירקות כתומים טבעול 500גר,גרמים,500.00,100 גרם,false,6,32.90,6.5800,true,1,332587
7290112965981,false,ארוחת דגנים טבעול גו,טבעול ישראל,IL,ארוחת דגנים טבעול גורמה 450גר,גרמים,450.00,100 גרם,false,8,32.90,7.3111,true,1,344461
7290112966001,false,ארוחת ירוקים טבעול ג,טבעול ישראל,IL,ארוחת ירוקים טבעול גורמה 450גר,גרמים,450.00,100 גרם,false,8,32.90,7.3111,true,1,344462
7290112966025,false,בייגלה כפיות כפרי טו,"אסם תעשיות בע""מ",,בייגלה כפיות כפרי טו גו 60 גר,גרמים,60.00,100 גרם,false,1,3.50,5.8333,true,1,330211
7290112966186,false,חטיף אפרופו שוקולד מ,כרמית,,חטיף תירס אפרופו שוקולד מריר 40 גר,Unknown,0.00,Unknown,false,1,5.00,0.0000,true,1,329332
7290112966209,false,חטיף אפרופו שוקולד ל,כרמית,,חטיף תירס אפרופו שוקולד לבן40 גר,Unknown,0.00,Unknown,false,1,5.00,0.0000,true,1,329333
7290112966247,false,לחמית כוסמין 200 גרם,"אסם תעשיות בע""מ",,לחמית כוסמין 200 גרם,גרמים,200.00,100 גרם,false,1,10.90,5.4500,true,1,331845
7290112966728,false,סלט טחינה בלאדי פלפל,צבר,IL,סלט טחינה בלאדי פלפל חריף 350גר צבר,גרמים,350.00,100 גרם,false,6,15.90,4.5429,true,1,329325
7290112966766,false,סלט טחינה בלאדי חציל,צבר,IL,סלט טחינה בלאדי חציל ועגבניות 350גר צבר,גרמים,350.00,100 גרם,false,6,15.90,4.5429,true,1,329323
7290112966780,false,סלט טחינה בלאדי חציל,צבר,IL,סלט טחינה בלאדי חציל קלוי 350גר צבר,גרמים,350.00,100 גרם,false,6,15.90,4.5429,true,1,329321
7290112966803,false,אינסטנט פודינג שוקול,"אסם תעשיות בע""מ",,אינסטנט פודינג שוקולד אסם 88 גר,Unknown,0.00,Unknown,false,1,6.00,0.0000,true,1,330206
7290112966827,false,אינסטנט פודינג שוקול,"אסם תעשיות בע""מ",,אינסטנט פודינג שוקולד 80 גר כשלפ,גרמים,80.00,100 גרם,false,1,6.00,7.5000,true,1,331047
7290112966841,false,אינסטנט פודינג שוקול,"אסם תעשיות בע""מ",,אינסטנט פודינג שוקולד מריר90 גר,Unknown,0.00,Unknown,false,1,6.00,0.0000,true,1,330207
7290112967114,false,חטיפי פריכיות פיטנס,פרח תעשיות,,חטיפי פריכיות פיטנס קטניות ופלפל 60 גרם,Unknown,0.00,Unknown,false,1,8.90,0.0000,true,1,331842
7290112967138,false,בייגלה שמיניות ללא ג,"אסם תעשיות בע""מ",,בייגלה שמיניות ללא גלוטן 250 גר,גרמים,250.00,100 גרם,false,1,10.00,4.0000,true,1,330821
7290112967381,false,חטיפי פריכיות פיטנס,פרח תעשיות,,חטיפי פריכיות פיטנס דקות קטניות 60 גרם,Unknown,0.00,Unknown,false,1,8.90,0.0000,true,1,331841
7290112967404,false,רוטב אלף האיים כשלפ,"אסם תעשיות בע""מ",,רוטב אלף האיים לסלט כשלפ 290 גרם,גרמים,290.00,100 גרם,false,1,10.90,3.7586,true,1,331060
7290112967596,false,רוטב טריאקי כשלפ 290,"אסם תעשיות בע""מ",,רוטב טריאקי כשלפ 290 מל,מיליליטרים,290.00,"100 מ""ל",false,1,10.90,3.7586,true,1,336381
7290112967619,false,רוטב סויה קלאסי אוסם,"אסם תעשיות בע""מ",,רוטב סויה קלאסי מופחת נתרן 290 מל,מיליליטרים,290.00,"100 מ""ל",false,1,13.90,4.7931,true,1,331200
7290112967800,false,אוסם בישולים מיקס בצ,"אסם תעשיות בע""מ",,אוסם בישולים מיקס בצלים 200 גרם,גרמים,200.00,100 גרם,false,1,19.90,9.9500,true,1,335847
7290112967824,false,אוסם בישולים מיקס קל,"אסם תעשיות בע""מ",,אוסם בישולים מיקס קלאסי 200 גרם,גרמים,200.00,100 גרם,false,1,19.90,9.9500,true,1,335845
7290112967848,false,גלי אסם תות שדה מופח,"אסם תעשיות בע""מ",,גלי אסם תות שדה מופחת סוכר 90 גר,Unknown,0.00,Unknown,false,1,6.90,0.0000,true,1,330208
7290112968203,false,סלט טחינה בלאדי 250ג,צבר,IL,סלט טחינה בלאדי 250גר צבר,גרמים,250.00,100 גרם,false,6,11.90,4.7600,true,1,330865
7290112968340,false,חומוס גרוס גס גס צבר,צבר,,חומוס גרוס גס גס צבר 400 גר,גרמים,600.00,100 גרם,false,1,14.90,2.4833,true,1,330678
7290112968449,false,סלט כרוב אדום 250גר,צבר,IL,סלט כרוב אדום 250גר צבר,גרמים,250.00,100 גרם,false,6,11.90,4.7600,true,1,330866
7290112968524,false,סלט חומוס סמיר 250גר,צבר,IL,סלט חומוס סמיר 250גר צבר,גרמים,250.00,100 גרם,false,6,11.90,4.7600,true,1,330867
7290112968685,false,חומוס גרגרים בתטבילה,צבר,,חומוס גרגרים בתטבילה צבר 400 גר,גרמים,600.00,100 גרם,false,1,14.90,2.4833,true,1,330681
7290112968807,false,קרקר פיטנס דק סלק140,,,קרקר פיטנס דק סלק140 גרם,גרמים,140.00,100 גרם,false,1,11.90,8.5000,true,1,335510
7290112968821,false,קרקר פיטנס דק בטטה 1,,,קרקר פיטנס דק בטטה 140 גרם,גרמים,140.00,100 גרם,false,1,11.90,8.5000,true,1,335511
7290112969071,false,פסטה פרפקטו רדיאטורי,זארה,,פסטה פרפקטו רדיאטורי 500 גרם,גרמים,500.00,100 גרם,false,1,10.90,2.1800,true,1,331839
7290112969248,false,רוטב אוסם לבישול סיל,"אסם תעשיות בע""מ",,רוטב אוסם לבישול סילאן ובצל 335 גרם,גרמים,335.00,100 גרם,false,1,16.90,5.0448,true,1,335858
7290112969323,false,רוטב אוסם לבישול דג,"אסם תעשיות בע""מ",,רוטב אוסם לבישול דג 320 גרם,גרמים,320.00,100 גרם,false,1,16.90,5.2812,true,1,335857
7290112969538,false,מנה חמה נודלס ויאטנמ,"אסם תעשיות בע""מ",,מנה חמה נודלס ויאטנמי 75 גרם,Unknown,0.00,Unknown,false,1,6.90,0.0000,true,1,335514
7290112969903,false,נאגטס ירקות לבנים טב,טבעול ישראל,IL,נאגטס ירקות לבנים טבעול 500גר,גרמים,500.00,100 גרם,false,6,32.90,6.5800,true,1,332588
7290112969965,false,מנה חמה נודלס תאילנד,"אסם תעשיות בע""מ",,מנה חמה נודלס תאילנדי 75 גרם,Unknown,0.00,Unknown,false,1,6.90,0.0000,true,1,335513
7290112969989,false,מנה חמה נודלס קוריאנ,"אסם תעשיות בע""מ",,מנה חמה נודלס קוריאני חריף 75גר,Unknown,0.00,Unknown,false,1,6.90,0.0000,true,1,335512
7290113190375,false,סילאן טבעי שקדיה 900,,IL,סילאן טבעי שקדיה 900 גרם,גרמים,900.00,100 גרם,false,12,19.90,2.2111,true,1,331807
7290113190443,false,חרוסת שקדיה 250 גרם,,,חרוסת שקדיה 250 גרם,גרמים,250.00,100 גרם,false,1,10.00,4.0000,true,1,327048
7290113190450,false,ממרח תמרים שקדיה 450,"תמר העמקים בע""מ",,ממרח תמרים שקדיה 450 גרם,גרמים,450.00,100 גרם,false,1,5.90,1.3111,true,1,326906
7290113191921,false,סירופ מלבי 750 מל,"פוליבה בע""ם",IL,סירופ מלבי 750 מל,מיליליטרים,750.00,"100 מ""ל",false,12,16.90,2.2533,true,1,329227
7290113191938,false,סירופ רוזטה 750 מל,"פוליבה בע""ם",IL,סירופ רוזטה 750 מל,מיליליטרים,750.00,"100 מ""ל",false,12,16.90,2.2533,true,1,329226
7290113192072,false,בוטן שקדיה מצופה ציל,,CN,בוטן שקדיה מצופה צילי 100 גרם,גרמים,100.00,100 גרם,false,24,10.00,10.0000,true,1,336968
7290113192096,false,בוטן שקדיה מצופה ווא,,CN,בוטן שקדיה מצופה וואסבי 100 גרם,גרמים,100.00,100 גרם,false,24,10.00,10.0000,true,1,336967
7290113192201,false,תערובת להכנת סחלב שק,"י. כהן בע""מ",IL,תערובת להכנת סחלב שקדיה 500גרם,גרמים,500.00,100 גרם,false,12,14.90,2.9800,true,1,335213
7290113192218,false,תערובת להכנת מלבי שק,"שקדיה גבע תעשיות בע""",IL,תערובת להכנת מלבי שקדיה 500גרם,גרמים,500.00,100 גרם,false,12,14.90,2.9800,true,1,335212
7290113192225,false,תערובת לסופלה שוקולד,"י. כהן בע""מ",IL,תערובת סופלה שוקולד שקדיה 200 גרם,גרמים,200.00,100 גרם,false,12,14.90,7.4500,true,1,335203
7290113192232,false,תערובת לפנקיק שקדיה,"י. כהן בע""מ",IL,תערובת לפנקיק שקדיה 400 גרם,גרמים,400.00,100 גרם,false,12,14.90,3.7250,true,1,335204
7290113192300,false,זית חרוזית מושחר 275,בית השיטה,,זית חרוזית מושחר 275 גר בית השיטה,גרמים,275.00,100 גרם,false,1,10.90,3.9636,true,1,332315
7290113192317,false,טבעות זית מושחר 280,בית השיטה,,טבעות זית מושחר 280 גר בית השיטה,גרמים,280.00,100 גרם,false,1,10.90,3.8929,true,1,332316
7290113192324,false,זית ירוק מנזולינו בי,בית השיטה,,זית ירוק מנזולינו בינוני 340 גרבית השיטה,גרמים,340.00,100 גרם,false,1,8.90,2.6176,true,1,332463
7290113192331,false,זית ירוק מנזולינו גד,בית השיטה,,זית ירוק מנזולינו גדול 340 בית השיטה,גרמים,340.00,100 גרם,false,1,10.90,3.2059,true,1,332462
7290113192348,false,זית ירוק מנזולינו ג.,בית השיטה,,זית ירוק מנזולינו ג.מ.טעם שום340ב.השיט,גרמים,340.00,100 גרם,false,,10.90,3.2059,true,1,332461
7290113192355,false,זית חרוזית ירוק 275,בית השיטה,,זית חרוזית ירוק 275 גר בית השיטה,גרמים,275.00,100 גרם,false,1,9.90,3.6000,true,1,332317
7290113192362,false,טבעות זית ירוק 280 ג,בית השיטה,,טבעות זית ירוק 280 גר בית השיטה,גרמים,280.00,100 גרם,false,1,10.90,3.8929,true,1,332318
7290113192379,false,זית ירוק מבוקע 340 ג,בית השיטה,,זית ירוק מבוקע 340 גר בית השיטה,גרמים,340.00,100 גרם,false,1,10.90,3.2059,true,1,332464
7290113192386,false,זית ירוק סורי מבוקע,בית השיטה,,זית ירוק סורי מבוקע 340 גר בית השיטה,גרמים,340.00,100 גרם,false,1,11.90,3.5000,true,1,332320
7290113192393,false,קוקטייל זיתים 336 גר,בית השיטה,,זית ירוק סורי מבוקע א/2 בית השיטה,גרמים,3.00,100 גרם,false,1,11.90,396.6667,true,1,332319
7290113192478,false,מלפפון 10-12 במלח 32,בית השיטה,,מלפפון 10-12 במלח 320 גר בית השיטה,גרמים,320.00,100 גרם,false,1,7.90,2.4688,true,1,332377
7290113192485,false,מלפפון 10-12 בחומץ 3,בית השיטה,,מלפפון 10-12 בחומץ 320 גר בית השיטה,גרמים,320.00,100 גרם,false,1,7.90,2.4688,true,1,332378
7290113192492,false,מלפפון 13-17 בחומץ 3,בית השיטה,,מלפפון 13-17 בחומץ 320 גר בית השיטה,גרמים,320.00,100 גרם,false,1,10.90,3.4063,true,1,332324
7290113192508,false,מלפפון 13-17 במלח320,בית השיטה,,מלפפון 13-17 במלח320 גר בית השיטה,גרמים,320.00,100 גרם,false,1,10.90,3.4063,true,1,332323
7290113192515,false,מלפפון 18-25 במלח320,בית השיטה,,מלפפון 18-25 במלח320 גר בית השיטה,גרמים,320.00,100 גרם,false,1,12.90,4.0313,true,1,332325
7290113192522,false,מלפפון 18-25 חומץ320,בית השיטה,,מלפפון 18-25 חומץ320 גר בית השיטה,גרמים,320.00,100 גרם,false,1,12.90,4.0313,true,1,332379
7290113192539,false,מלפפון 7-9 במלח 320,בית השיטה,,מלפפון 7-9 במלח 320 גר בית השיטה,גרמים,320.00,100 גרם,false,1,6.90,2.1563,true,1,332326
7290113192546,false,מלפפון 7-9 בחומץ 320,בית השיטה,,מלפפון 7-9 בחומץ 320 גר בית השיטה,גרמים,320.00,100 גרם,false,1,6.90,2.1563,true,1,332380
7290113192553,false,מלפפון במלח בלדי 13-,בית השיטה,,מלפפון במלח בלדי 13-17 בית השיטה 320 גרם,גרמים,320.00,100 גרם,false,1,10.90,3.4063,true,1,332402
7290113192560,false,פלפל שיפקה בית השיטה,בית השיטה,,פלפל שיפקה בית השיטה 230 גר,גרמים,230.00,100 גרם,false,1,6.90,3.0000,true,1,332400
7290113192577,false,כרוב כבוש בית השיטה,בית השיטה,,כרוב כבוש בית השיטה 430 גר,גרמים,430.00,100 גרם,false,1,7.90,1.8372,true,1,332401
7290113192997,false,זית מרוקאי בית השיטה,בית השיטה,,זית מרוקאי בית השיטה 340 גרם,גרמים,340.00,100 גרם,false,1,13.90,4.0882,true,1,335521
7290113193017,false,קוקטייל זיתים חרוזית,"אסם תעשיות בע""מ",,לחמית כוסמין 200 גרם,גרמים,275.00,100 גרם,false,1,13.90,5.0545,true,1,331846
7290113193031,false,זית חרוזית קלמטה 275,"אסם תעשיות בע""מ",,זית חרוזית קלמטה 275 גרם בית השיטה,גרמים,275.00,100 גרם,false,1,13.90,5.0545,true,1,334210
7290113193321,false,שמן זית בית השיטה750,בית השיטה,,שמן זית בית השיטה750 מל,מיליליטרים,750.00,"100 מ""ל",false,1,29.90,3.9867,true,1,335832
7290113193406,false,טבעות זית קוקטייל280,בית השיטה,,טבעות זית קוקטייל280 גר בית השיטה,גרמים,280.00,100 גרם,false,1,12.90,4.6071,true,1,331859
7290113194090,false,זית טבעות קלמטה ב.הש,בית השיטה,,זית טבעות קלמטה ב.השיטה 410 גרם,גרמים,410.00,100 גרם,false,1,12.90,3.1463,true,1,335841
7290113194861,false,אגוז פקאן מסוכר ציפו,"דין שיווק וקלייה בע""",IL,אגוז פקאן מסוכר ציפוי חלבה שקדיה100 ג,גרמים,100.00,100 גרם,false,12,14.90,14.9000,true,1,336338
7290113194977,false,שבולת שועל שקדיה זרע,"שקדיה גבע תעשיות בע""",IL,שבולת שועל שקדיה זרעי ציה בננה500 גר,גרמים,500.00,100 גרם,false,12,14.90,2.9800,true,1,335211
7290113195042,false,מלפפון כבישה ביתית ב,בית השיטה,,מלפפון כבישה ביתית בית השיטה 750 גרם,גרמים,750.00,100 גרם,false,1,26.90,3.5867,true,1,338536
7290113195066,false,חלבה טורקית וניל 400,,TR,חלבה טורקית וניל 400 גרם,גרמים,400.00,100 גרם,false,10,12.90,3.2250,true,1,335978
7290113195073,false,חלבה טורקית וניל עם,,TR,חלבה טורקית וניל עם פיסטוק 400 גרם,גרמים,400.00,100 גרם,false,10,14.90,3.7250,true,1,335976
7290113195080,false,חלבה טורקית וניל שוק,,TR,חלבה טורקית וניל שוקו 400 גרם,גרמים,400.00,100 גרם,false,10,12.90,3.2250,true,1,335977
7290113195264,false,ממרח פלפלים קלויים ג,,MK,ממרח פלפלים קלויים גורמט 360 גרם,גרמים,300.00,100 גרם,false,12,11.90,3.9667,true,1,335975
7290113195271,false,ממרח פלפלים פיקנטי ג,,MK,ממרח פלפלים פיקנטי גורמט 360 גרם,גרמים,300.00,100 גרם,false,12,11.90,3.9667,true,1,335974
7290113195479,false,קמח שקדים שקדיה 200,"שקדיה גבע תעשיות בע""",IL,קמח שקדים שקדיה 200 גרם,גרמים,200.00,100 גרם,false,20,15.90,7.9500,true,1,335968
7290113195486,false,קינואה אדומה שקדיה 3,"שקדיה גבע תעשיות בע""",IL,קינואה אדומה שקדיה 300 גרם,גרמים,300.00,100 גרם,false,20,9.90,3.3000,true,1,335969
7290113195493,false,זרעי ציה שקדיה 300 ג,"שקדיה גבע תעשיות בע""",IL,זרעי ציה שקדיה 300 גרם,גרמים,300.00,100 גרם,false,20,9.90,3.3000,true,1,335970
7290113195516,false,מיקס פרו חלבון שקדיה,"שקדיה גבע תעשיות בע""",IL,מיקס פרו חלבון שקדיה 200 גרם,גרמים,200.00,100 גרם,false,15,15.90,7.9500,true,1,335972
7290113196414,false,אורז בסמטי שקדיה 1 ק,,,"אורז בסמטי שקדיה 1 ק""ג",קילוגרמים,1.00,"ק""ג",false,1,10.90,10.9000,true,1,342377
7290113196896,false,תרסיס שמן זית שקדיה,גאטה,,תרסיס שמן זית שקדיה 170 מל,מיליליטרים,170.00,"100 מ""ל",false,12,13.90,8.1765,true,1,341965
7290113196902,false,מנה חמה סו שף אטריות,טיאן האנג פוד ג'וינט,VN,מנה חמה סו שף אטריות אורז בקר 60 גרם,Unknown,0.00,Unknown,false,12,7.90,0.0000,true,1,347183
7290113196919,false,מנה חמה סו שף אטריות,טיאן האנג פוד ג'וינט,VN,מנה חמה סו שף אטריות אורז ועוף 60 גרם,Unknown,0.00,Unknown,false,12,7.90,0.0000,true,1,347185
7290113196926,false,מנה חמה סו שף אטריות,טיאן האנג פוד ג'וינט,VN,מנה חמה סו שף אטריות אורז ירקות 60 גרם,Unknown,0.00,Unknown,false,12,7.90,0.0000,true,1,347182
7290113196933,false,מנה חמה סו שף אטריות,טיאן האנג פוד ג'וינט,VN,מנה חמה סו שף אטריות אורז טום יאם 60 גרם,Unknown,0.00,Unknown,false,12,7.90,0.0000,true,1,347184
7290113197169,false,חמאת בוטנים טבעית שק,,TR,חמאת בוטנים טבעית שקדיה 510 גרם,גרמים,510.00,100 גרם,false,12,15.90,3.1176,true,1,347559
7290113197176,false,חמאת בוטנים טבעית קר,,TR,חמאת בוטנים טבעית קראנצי שקדיה 510 גרם,גרמים,510.00,100 גרם,false,12,15.90,3.1176,true,1,347560
7290113198029,false,אגוז פקאן שקדיה מצופ,"דין שיווק וקלייה בע""",IL,אגוז פקאן שקדיה מצופה חלבה 150 גרם,גרמים,150.00,100 גרם,false,12,14.90,9.9333,true,1,342067
7290113198043,false,אגוז פקאן שקדיה מצופ,"דין שיווק וקלייה בע""",IL,אגוז פקאן שקדיה מצופה שוקולד עוגי150 גרם,גרמים,150.00,100 גרם,false,12,14.90,9.9333,true,1,342070
7290113198067,false,אגוז פקאן שקדיה מצופ,"דין שיווק וקלייה בע""",IL,אגוז פקאן שקדיה מצופה שוקולד לבן 150 גרם,גרמים,150.00,100 גרם,false,12,14.90,9.9333,true,1,342068
7290113198074,false,אגוז פקאן שקדיה מצופ,"דין שיווק וקלייה בע""",IL,אגוז פקאן שקדיה מצופה שוקולד שיש150 גרם,גרמים,150.00,100 גרם,false,12,14.90,9.9333,true,1,342071
7290113198562,false,סוכריות גומי שקדיה ת,טופגאם תעשיות ממתקים,IL,סוכריות גומי שקדיה תות שדה 200 ג קופסא,גרמים,200.00,100 גרם,false,12,9.90,4.9500,true,1,344214
7290113198579,false,סוכריות גומי שקדיה ד,טופגאם תעשיות ממתקים,IL,סוכריות גומי שקדיה דובונים 200 ג קופסא,גרמים,200.00,100 גרם,false,12,9.90,4.9500,true,1,344213
7290113198586,false,סוכריות גומי שקדיה א,טופגאם תעשיות ממתקים,IL,סוכריות גומי שקדיה אפרסק 200 ג קופסא,גרמים,200.00,100 גרם,false,12,9.90,4.9500,true,1,344212
7290113198593,false,סוכריות גומי שקדיה ב,טופגאם תעשיות ממתקים,IL,סוכריות גומי שקדיה בננה 200 ג קופסא,גרמים,200.00,100 גרם,false,12,9.90,4.9500,true,1,344211
7290113198609,false,סוכריות גומי שקדיה נ,טופגאם תעשיות ממתקים,IL,סוכריות גומי שקדיה נחש פירות200 ג קופסא,גרמים,200.00,100 גרם,false,12,9.90,4.9500,true,1,344210
7290113199323,false,טורטיה טורטילס מיני,מוטלוקל,TR,טורטיה טורטילס מיני 150 גרם,גרמים,150.00,100 גרם,false,1,4.90,3.2667,true,1,346247
7290113199378,false,פריכיות כוסמת דקות ש,זן בר,IL,פריכיות כוסמת דקות שקדיה ש.ש 95 גרם,Unknown,0.00,Unknown,false,12,9.90,0.0000,true,1,344984
7290113199385,false,פריכיות כוסמת דקות ש,זן בר,IL,פריכיות כוסמת דקות שקדיה מלוח 100 גרם,Unknown,0.00,Unknown,false,12,9.90,0.0000,true,1,344982
7290113199392,false,פריכיות כוסמת דקות ש,זן בר,IL,פריכיות כוסמת דקות שקדיה שקדים 90 גרם,Unknown,0.00,Unknown,false,12,9.90,0.0000,true,1,344983
7290113199408,false,פריכיות כוסמין דקות,זן בר,IL,פריכיות כוסמין דקות שקדיה מלוח 95 גרם,Unknown,0.00,Unknown,false,12,9.90,0.0000,true,1,344985
7290113199606,false,חטיפי שקדיה אנרגי מי,"שקדיה גבע תעשיות בע""",IL,חטיפי שקדיה אנרגי מיקס בוטן חמוציו 220 ג,גרמים,220.00,100 גרם,false,12,14.90,6.7727,true,1,344224
7290113199613,false,חטיפי שקדיה אנרגי מי,"שקדיה גבע תעשיות בע""",IL,חטיפי שקדיה אנרגי מיקס שקד חמוציות220 ג,גרמים,220.00,100 גרם,false,12,14.90,6.7727,true,1,344225
7290113199620,false,חטיפי שקדיה אנרגי מי,"שקדיה גבע תעשיות בע""",IL,חטיפי שקדיה אנרגי מיקס דלעת קשיו 220 ג,גרמים,220.00,100 גרם,false,12,14.90,6.7727,true,1,344223
7290113199637,false,חטיפי שקדיה אנרגי מי,"שקדיה גבע תעשיות בע""",IL,חטיפי שקדיה אנרגי מיקס שומשום פשתן 220 ג,גרמים,220.00,100 גרם,false,12,14.90,6.7727,true,1,344222
7290113199880,false,טורטיה טורטילס קמח כ,,TR,טורטיה טורטילס קמח כוסמין שבולת שועל 360,גרמים,360.00,100 גרם,false,1,10.90,3.0278,true,1,347422
7290113199897,false,סוכריות גומי שקדיה ח,טופגאם תעשיות ממתקים,IL,סוכריות גומי שקדיה חמצוצים תות 180ג קופס,גרמים,180.00,100 גרם,false,12,9.90,5.5000,true,1,344217
7290113199903,false,סוכריות גומי שקדיה ח,טופגאם תעשיות ממתקים,IL,סוכריות גומי שקדיה חמצוצים ת.ב180ג קופס,גרמים,180.00,100 גרם,false,12,9.90,5.5000,true,1,344216
7290113199910,false,סוכריות גומי שקדיה ח,טופגאם תעשיות ממתקים,IL,סוכריות גומי שקדיה חמצוצים קולה180ג קופס,גרמים,180.00,100 גרם,false,12,9.90,5.5000,true,1,344215
7290113199927,false,סוכריות גומי שקדיה ח,טופגאם תעשיות ממתקים,IL,סוכריות גומי שקדיה חמצוצים פירות 180גר,גרמים,180.00,100 גרם,false,12,9.90,5.5000,true,1,344219
7290113199934,false,סוכריות גומי שקדיה ח,טופגאם תעשיות ממתקים,IL,סוכריות גומי שקדיה חמצוצים אוכ 180ג קופס,גרמים,180.00,100 גרם,false,12,9.90,5.5000,true,1,344218
7290113242173,false,אלכוגל 4 ליטר,,IL,אלכוגל 4 ליטר,ליטרים,4.00,ליטר,false,4,69.90,17.4750,true,1,335328
7290113284784,false,כפפות חד פעמי ויניל,,,כפפות חד פעמי ויניל 100יח מידה אקס אל,יחידה,100.00,יחידה,false,1,39.90,0.3990,true,1,332709
7290113285095,false,כפפות חד פעמי לטקס פ,,,כפפות חד פעמי לטקס פרפקט ללא אבקה סמול,יחידה,100.00,יחידה,false,10,24.90,0.2490,true,1,344937
7290113285101,false,כפפות חד פעמי לטקס פ,,,כפפות חד פעמי לטקס פרפקט ללא אבקה מדיום,יחידה,100.00,יחידה,false,10,24.90,0.2490,true,1,344939
7290113285118,false,כפפות חד פעמי לטקס ל,,,כפפות חד פעמי לטקס ללא אבקה פרפקט לארג,יחידה,100.00,יחידה,false,10,24.90,0.2490,true,1,344941
7290113285125,false,כפפות חד פעמי לטקס ל,,,כפפות חד פעמי לטקס ללא אבקה פרפקט אקס אל,יחידה,100.00,יחידה,false,10,24.90,0.2490,true,1,344942
7290113286559,false,כפפות ניטרל שחורות 1,,,כפפות ניטרל שחורות 100יח ל.אבקה סמול,יחידה,100.00,יחידה,false,10,19.90,0.1990,true,1,347050
7290113286566,false,כפפות ניטרל שחורות 1,,,כפפות ניטרל שחורות 100יח ל.אבקה מדיום,יחידה,100.00,יחידה,false,10,19.90,0.1990,true,1,347051
7290113286573,false,כפפות ניטרל שחורות 1,,,כפפות ניטרל שחורות 100יח ל.אבקה לארג,יחידה,100.00,יחידה,false,10,19.90,0.1990,true,1,347052
7290113288836,false,כפפות חד פעמי 100יח,,CN,כפפות חד פעמי 100יח ניטריטקס סמול שחור,יחידה,100.00,יחידה,false,10,21.90,0.2190,true,1,343329
7290113288843,false,כפפות חד פעמי 100יח,,CN,כפפות חד פעמי 100יח ניטריטקס מדיום שחור,יחידה,100.00,יחידה,false,10,21.90,0.2190,true,1,343330
7290113288850,false,כפפות חד פעמי 100יח,,CN,כפפות חד פעמי 100יח ניטריטקס לארג שחור,יחידה,100.00,יחידה,false,10,21.90,0.2190,true,1,343331
7290113288867,false,כפפות חד פעמי 100יח,,CN,כפפות חד פעמי 100יח ניטריטקס אקס אל שחור,יחידה,100.00,יחידה,false,10,21.90,0.2190,true,1,343332
7290113289611,false,כפפות חד פעמי 100יח,,CN,כפפות חד פעמי 100יח ניטריטקס לארג כחול,יחידה,100.00,יחידה,false,10,21.90,0.2190,true,1,346784
7290113300149,false,בונזו מקלות כבש 50 ג,,CN,בונזו מקלות כבש 50 גר,יחידה,1.00,יחידה,false,24,8.90,8.9000,true,1,334109
7290113300194,false,פאוץ נתחוני לה קט עם,,CZ,פאוץ נתחוני לה קט עם רוטב 85 גר,Unknown,0.00,Unknown,false,28,4.50,0.0000,true,1,334105
7290113300262,false,פאוץ נתחוני לה קט עם,,CZ,פאוץ נתחוני לה קט עם טונה וגלי 85 גר,Unknown,0.00,Unknown,false,28,4.50,0.0000,true,1,334108
7290113453074,false,סוכריות גומי שקדיה ד,טופגאם תעשיות ממתקים,IL,סוכריות גומי שקדיה דובי מוברק 400 גרם,גרמים,400.00,100 גרם,false,12,10.90,2.7250,true,1,342063
7290113453111,false,סוכריות גומי שקדיה ד,טופגאם תעשיות ממתקים,IL,סוכריות גומי שקדיה דובדבן מוברק400גרם,גרמים,400.00,100 גרם,false,12,10.90,2.7250,true,1,344026
7290113453135,false,סוכריות גומי שקדיה ע,טופגאם תעשיות ממתקים,IL,סוכריות גומי שקדיה עצם מוברק400גרם,גרמים,400.00,100 גרם,false,12,10.90,2.7250,true,1,344027
7290113453166,false,סוכריות גומי שקדיה ב,טופגאם תעשיות ממתקים,IL,סוכריות גומי שקדיה בקבוק קולה 400 גרם,גרמים,400.00,100 גרם,false,12,10.90,2.7250,true,1,342064
7290113453180,false,סוכריות גומי שקדיה פ,טופגאם תעשיות ממתקים,IL,סוכריות גומי שקדיה פירות יער מוברק400גרם,גרמים,400.00,100 גרם,false,12,10.90,2.7250,true,1,344029
7290113453197,false,סוכריות גומי שקדיה ב,טופגאם תעשיות ממתקים,IL,סוכריות גומי שקדיה בננה מסוגרת 400 גרם,גרמים,400.00,100 גרם,false,12,10.90,2.7250,true,1,342059
7290113453241,false,סוכריות גומי שקדיה א,טופגאם תעשיות ממתקים,IL,סוכריות גומי שקדיה אבטיח מסוכר 400 גרם,גרמים,400.00,100 גרם,false,12,10.90,2.7250,true,1,342061
7290113560055,false,מי פה פרודונטקס 500מ,,GB,מי פה פרודונטקס 500מל,מיליליטרים,500.00,"100 מ""ל",false,1,29.90,5.9800,true,1,334123
7290113560062,false,מש. שיניים סנסודיין,,GB,מש. שיניים סנסודיין משאבה 100 מל,מיליליטרים,100.00,"100 מ""ל",false,1,27.90,27.9000,true,1,334122
7290113560109,false,מש.שיניים פרודונטקס,סמיתקליין ביצם,,מש.שיניים פרודונטקס הרבל 75מל,Unknown,0.00,Unknown,false,1,29.90,0.0000,true,1,335882
7290113560277,false,מארז 2יח מברשת שינים,גלקסוס סמית קליין,CN,מארז 2יח מברשת שינים סנסודיין רפיד רליף,יחידה,2.00,יחידה,false,1,32.90,16.4500,true,1,346857
7290113620766,false,חמאת בוטנים מלאה או,,,חמאת בוטנים מלאה אורגנית 300 גר,גרמים,300.00,100 גרם,false,12,17.90,5.9667,true,1,336749
7290113620773,false,חמאת שקדים מלאה אורג,,,חמאת שקדים מלאה אורגנית 300 גר,גרמים,300.00,100 גרם,false,12,39.90,13.3000,true,1,336750
7290113620780,false,חמאת קשיו מלאה אורגנ,,,חמאת קשיו מלאה אורגנית 300 גר,גרמים,300.00,100 גרם,false,12,39.90,13.3000,true,1,336751
7290113620803,false,חמאת קוקוס אורגנית 3,,,חמאת קוקוס אורגנית 300 גר,גרמים,300.00,100 גרם,false,12,26.90,8.9667,true,1,336752
7290113620810,false,חמאת שומשום שחור אור,,,חמאת שומשום שחור אורגנית 300 גר,גרמים,300.00,100 גרם,false,12,26.90,8.9667,true,1,336753
7290113620834,false,חמאת בוטנים אורגנית,,,חמאת בוטנים אורגנית 300 גר,גרמים,300.00,100 גרם,false,12,17.90,5.9667,true,1,336748
7290113622500,false,פסטה ללא גלוטן תירס,,,פסטה ללג תירס ואורז 250 גר,גרמים,250.00,100 גרם,false,10,12.90,5.1600,true,1,336754
7290113622524,false,פסטה ללא גלוטן כוסמת,,,פסטה ללא גלוטן כוסמת 250 גר,גרמים,250.00,100 גרם,false,10,12.90,5.1600,true,1,336756
7290113660182,false,נפנף למנגל,,,נפנף למנגל,יחידה,1.00,יחידה,false,1,3.90,3.9000,true,1,337373
7290113660311,false,פחם דרום אמריקאי 2קג,,,פחם דרום אמריקאי 2קג גריל גריל,קילוגרמים,2.00,"ק""ג",false,1,24.90,12.4500,true,1,344753
7290113661653,false,מנגל פח עם רשת ניקל,,,מנגל פח עם רשת ניקל 24/39סמ,יחידה,1.00,יחידה,false,1,39.90,39.9000,true,1,337361
7290113661660,false,מנגל נירוסטה ענק עם,,,מנגל נירוסטה ענק עם רגליים 30/70סמ,יחידה,1.00,יחידה,false,1,89.90,89.9000,true,1,337362
7290113662575,false,מארז 5יח ממחטות טישו,,,מארז 5יח ממחטות טישו רכות 100יח,יחידה,100.00,יחידה,false,1,10.90,0.1090,true,1,344367
7290113662605,false,תבניות מאפינס אלומינ,,,תבניות מאפינס אלומיניום 50יח חד פעמי,יחידה,50.00,יחידה,false,40,12.90,0.2580,true,1,347694
7290113662759,false,תבניות אלומיניום מרו,,IL,תבניות אלומיניום מרובע שחור זהב+מכסה 10י,יחידה,10.00,יחידה,false,1,13.90,1.3900,true,1,342114
7290113662803,false,תבניות אלומיניום פאי,,IL,תבניות אלומיניום פאי שחור זהב+מכסה 6יח,יחידה,6.00,יחידה,false,1,13.90,2.3167,true,1,342119
7290113662810,false,תבניות אלומיניום אוב,,IL,תבניות אלומיניום אובלי שחור זהב+מכסה 3יח,יחידה,3.00,יחידה,false,1,14.90,4.9667,true,1,342120
7290113662858,false,מנגל פח שחור רגליים,,,מנגל פח שחור רגליים מתקפלות 40/65סמ,יחידה,1.00,יחידה,false,1,89.90,89.9000,true,1,339595
7290113663060,false,מנגל פח מגולוון רגלי,,,מנגל פח מגולוון רגליים מתקפלות 80/30סמ,יחידה,1.00,יחידה,false,1,129.00,129.0000,true,1,344747
7290113795945,false,מבער גז ביאנקו,,,מבער גז ביאנקו,יחידה,1.00,יחידה,false,1,89.90,89.9000,true,1,343982
7290114310215,false,שמנת מתוקה 38% עמידה,טרה,,שמנת מתוקה 38% עמידה 250 מל***בקבוק,מיליליטרים,250.00,"100 מ""ל",false,1,6.47,2.5880,true,1,332206
7290114310222,false,חלב מועשר בסידן וויט,טרה,IL,חלב מועשר בסידן וויטמין די 1.5ליטר,מיליליטרים,1500.00,"100 מ""ל",false,6,11.90,0.7933,true,1,332787
7290114310239,false,חלב נטול לקטוז מועשר,טרה,IL,חלב נטול לקטוז מועשר וויטמין די 1.5ליטר,מיליליטרים,1500.00,"100 מ""ל",false,6,11.90,0.7933,true,1,332788
7290114310246,false,גבינת גרנה פדנו צאנק,,IT,גבינת גרנה פדנו צאנק 125גר צוריאל,גרמים,125.00,100 גרם,false,20,17.90,14.3200,true,1,336633
7290114310253,false,גבינת גרנה פדנו מגור,,IT,גבינת גרנה פדנו מגורדת 100גר צוריאל,גרמים,100.00,100 גרם,false,15,11.90,11.9000,true,1,336634
7290114310338,false,גבינה צפתית מעודנת 5,מחלבת משק צוריאל,IL,גבינה צפתית מעודנת 5% 225גר צוריאל,גרמים,225.00,100 גרם,false,1,17.90,7.9556,true,1,336881
7290114310345,false,מעדן מוו יוגורט בטעם,טרה,,מעדן מוו יוגורט בטעם תות 1.5% 125 גרם,גרמים,125.00,100 גרם,false,1,2.90,2.3200,true,1,334586
7290114310369,false,יוגורט מולר הוואן תו,טרה,,יוגורט מולר הוואן תות אננס 120גר,מיליליטרים,120.00,"100 מ""ל",false,1,5.50,4.5833,true,1,338824
7290114310376,false,יוגורט מולר הוואן מנ,טרה,,יוגורט מולר הוואן מנגו פסיפלורה 120גר,מיליליטרים,120.00,"100 מ""ל",false,1,5.50,4.5833,true,1,338825
7290114310475,false,גבינת נעם פיקנטית 20,טרה,,גבינת נעם פיקנטית 200 גרם,גרמים,200.00,100 גרם,false,1,19.90,9.9500,true,1,337830
7290114310482,false,גבינת נעם מעושנת 200,טרה,,גבינת נעם מעושנת 200 גרם,גרמים,200.00,100 גרם,false,1,19.90,9.9500,true,1,337831
7290114310499,false,יוגורט מולר מיקס פקא,טרה,,יוגורט מולר מיקס פקאן סיני מצופה 170גר,גרמים,170.00,100 גרם,false,1,5.90,3.4706,true,1,335981
7290114310536,false,יוגורט מולר אקטיב מע,טרה,IL,יוגורט מולר אקטיב מעושר חלבון 25גר וניל,גרמים,200.00,100 גרם,false,24,5.90,2.9500,true,1,336561
7290114310550,false,גבינת פטה עיזים מעוד,מחלבת משק צוריאל,,גבינת פטה עיזים מעודנת 5% 200 גרם צוריאל,גרמים,200.00,100 גרם,false,1,24.90,12.4500,true,1,337826
7290114310567,false,לאבנה עיזים 200 גרם,מחלבת משק צוריאל,,לאבנה עיזים 200 גרם 5% צוריאל,גרמים,200.00,100 גרם,false,1,11.90,5.9500,true,1,337828
7290114310574,false,גבינת קרם שמנת עיזים,מחלבת משק צוריאל,,גבינת קרם שמנת עיזים 5% 200גר צוריאל,גרמים,200.00,100 גרם,false,1,11.90,5.9500,true,1,337827
7290114310611,false,משקה חלב בננה 250מל,טרה,,משקה חלב בננה 250מל טרה בקבוק,מיליליטרים,250.00,"100 מ""ל",false,1,5.80,2.3200,true,1,337829
7290114310628,false,משקה חלב וניל עוגיות,טרה,,משקה חלב וניל עוגיות 1 ליטר,ליטרים,1.00,ליטר,false,1,11.90,11.9000,true,1,337533
7290114310673,false,לאבנה 250 גר 9% שומן,טרה,IL,לאבנה 250 גר 9% שומן נעם,גרמים,250.00,100 גרם,false,,12.90,5.1600,true,1,337221
7290114310895,false,מאגדת מולר סימפלי פר,טרה,,מאגדת מולר סימפלי פרוט מנגו תות 8יח,קילוגרמים,1.20,"ק""ג",false,1,29.90,24.9167,true,1,341990
7290114310901,false,גבינה לבנה 5% 250 גר,טרה,,גבינה לבנה 5% 250 גרם***ווסטהיים,גרמים,250.00,100 גרם,false,1,4.98,1.9920,true,1,339254
7290114310918,false,גבינת קוטג 5% מועשר,טרה,,גבינת קוטג 5% מועשר 250 גרם ווסטהיים,גרמים,250.00,100 גרם,false,1,5.80,2.3200,true,1,339253
7290114310932,false,מעדן מולר פרופ תפוז,טרה,,מעדן מולר פרופ תפוז רימון 150גר,מיליליטרים,150.00,"100 מ""ל",false,1,4.90,3.2667,true,1,341988
7290114310949,false,מעדן מולר פרופ תפוח,טרה,,מעדן מולר פרופ תפוח קינמון 150גר,מיליליטרים,150.00,"100 מ""ל",false,1,4.90,3.2667,true,1,341989
7290114310963,false,יוגורט עיזים 500 גרם,מחלבת משק צוריאל,IL,יוגורט עיזים 500 גרם בדלי 3.7%שומן,גרמים,500.00,100 גרם,false,1,14.90,2.9800,true,1,345252
7290114311007,false,יוגורט מולר מיקס טופ,טרה,,יוגורט מולר מיקס טופ דגנים וכריות נוגט,גרמים,170.00,100 גרם,false,1,5.90,3.4706,true,1,342031
7290114311014,false,משקה חלב אייס קפוצינ,טרה,,משקה חלב אייס קפוצינו 250מל טרה בקבוק,מיליליטרים,250.00,"100 מ""ל",false,1,5.80,2.3200,true,1,345136
7290114311021,false,משקה חלב וניל עוגיות,טרה,,משקה חלב וניל עוגיות 250מל טרה בקבוק,מיליליטרים,250.00,"100 מ""ל",false,1,5.80,2.3200,true,1,345137
7290114311045,false,מעדן מולר תות בננה ס,טרה,,מעדן מולר תות בננה סימפלי פרויט 150ג,גרמים,150.00,100 גרם,false,1,5.50,3.6667,true,1,344382
7290114311069,false,מעדן מולר אקטיב 25גר,טרה,IL,מעדן מולר אקטיב 25גר חלבון 0% שומן200גר,גרמים,200.00,100 גרם,false,24,5.50,2.7500,true,1,344442
7290114311076,false,חמאה מולר עם שום 200,טרה,,חמאה מולר עם שום 200גר,גרמים,200.00,100 גרם,false,1,11.90,5.9500,true,1,345515
7290114311083,false,חמאה מולר עם מלח 200,טרה,,חמאה מולר עם מלח 200גר,גרמים,200.00,100 גרם,false,1,11.90,5.9500,true,1,345514
7290114311090,false,יוגורט מולר נטורל עם,טרה,IL,יוגורט מולר נטורל עם גרנולה ודבש 177גר,גרמים,177.00,100 גרם,false,12,6.90,3.8983,true,1,343697
7290114311106,false,יוגורט מולר נטורל עם,טרה,IL,יוגורט מולר נטורל עם גרנולה וסילאן 177גר,גרמים,177.00,100 גרם,false,12,6.90,3.8983,true,1,343698
7290114311151,false,גבינת עיזים מה עז כמ,מחלבת משק צוריאל,,גבינת עיזים מה עז כמהין 150גר 9%שומן,גרמים,150.00,100 גרם,false,1,22.90,15.2667,true,1,345140
7290114311175,false,גבינת נעם טעם זיתים,טרה,,גבינת נעם טעם זיתים 200 גרם,גרמים,200.00,100 גרם,false,1,19.90,9.9500,true,1,345139
7290114311182,false,גבינת תום עיזים 150ג,מחלבת משק צוריאל,,גבינת תום עיזים 150גר צוריאל,גרמים,150.00,100 גרם,false,1,24.90,16.6000,true,1,345506
7290114311199,false,גבינת גאודה עיזים 16,מחלבת משק צוריאל,,גבינת גאודה עיזים 160גר צוריאל,גרמים,160.00,100 גרם,false,1,22.90,14.3125,true,1,345508
7290114311298,false,יוגורט מולר פרופ תות,טרה,IL,יוגורט מולר פרופ תות בננה מלון 150גר,גרמים,150.00,100 גרם,false,1,4.90,3.2667,true,1,346550
7290114311304,false,יוגורט מולר פרופ מנג,טרה,IL,יוגורט מולר פרופ מנגו פסיפלורה בננה 150ג,גרמים,150.00,100 גרם,false,1,4.90,3.2667,true,1,346549
7290114311328,false,חלב דל לקטוז מועשר ב,טרה,,חלב דל לקטוז מועשר בויטמין די 1 ליטר,ליטרים,1.00,ליטר,false,1,8.10,8.1000,true,1,346622
7290114311441,false,יוגורט מולר אקטיב 20,טרה,IL,יוגורט מולר אקטיב 20גר חלבון עוגיות חמאה,גרמים,200.00,100 גרם,false,24,5.90,2.9500,true,1,347565
7290114311458,false,חלב מועשר וויטמין די,טרה,,חלב מועשר וויטמין די 1ליטר קרטון 3%שומן,ליטרים,1.00,ליטר,false,1,8.10,8.1000,true,1,347008
7290114311496,false,חלב מועשר 1ליטר קרטו,טרה,,חלב מועשר 1ליטר קרטון 1%שומן,ליטרים,1.00,ליטר,false,1,8.10,8.1000,true,1,347007
7290114600750,false,חטיף פריי קו קווים פ,,IT,חטיף פריי רור ווים עם פיקורינו 150 גרם,גרמים,150.00,100 גרם,false,12,11.90,7.9333,true,1,333273
7290114600767,false,חטיף פריי קו קווים ע,,IT,חטיף פריי קו קווים עגבניות זיתים 150 גרם,גרמים,150.00,100 גרם,false,12,11.90,7.9333,true,1,333274
7290114600774,false,חטיף פריי קו קווים ר,,IT,חטיף פריי קו קווים רוזמרין 150 גרם,גרמים,150.00,100 גרם,false,12,11.90,7.9333,true,1,333275
7290114600927,false,עלי טורטיה חיטה מלאה,אלקאטי קורביישיסי גי,,עלי טורטיה חיטה מלאה 8 יח 320 גר,גרמים,320.00,100 גרם,false,1,10.90,3.4063,true,1,334597
7290114600941,false,מיונז לחיץ מאסטר שף,רמייה,,מיונז לחיץ מאסטר שף הולנדי 435 גרם,גרמים,435.00,100 גרם,false,1,12.90,2.9655,true,1,334418
7290114600989,false,רוטב אלף האיים מאסטר,רמייה,NL,רוטב אלף האיים מאסטר שף 257 גרם,גרמים,257.00,100 גרם,false,6,9.90,3.8521,true,1,335005
7290114600996,false,רוטב שום מאסטר שף 25,רמייה,NL,רוטב שום מאסטר שף 256 גרם,גרמים,256.00,100 גרם,false,6,9.90,3.8672,true,1,335004
7290114602631,false,חטיף פרי תפוח עץ קרא,,PL,חטיף פרי תפוח עץ קראנצ 22 גר,יחידה,1.00,יחידה,false,1,5.90,5.9000,true,1,336069
7290114602778,false,חטיף פרי סליסים ציפס,,ES,חטיף פרי סליסים ציפס ירקות שורש 90 גרם,Unknown,0.00,Unknown,false,10,12.90,0.0000,true,1,339292
7290114602785,false,חטיף פרי סליסים ציפס,,ES,חטיף פרי סליסים ציפס בננה מלוח 90 גרם,Unknown,0.00,Unknown,false,14,12.90,0.0000,true,1,339291
7290114602822,false,מארז חטיף פריי תמרים,FREE,IL,מארז חטיף פריי תמרים בטעם מלבי 125גר,גרמים,125.00,100 גרם,false,12,16.90,13.5200,true,1,332591
7290114602952,false,קרקר מיניס פריי פריך,אפיפית,IL,קרקר מיניס פריי פריך מאפונה 120 גרם,גרמים,120.00,100 גרם,false,12,11.90,9.9167,true,1,336005
7290114602976,false,קרקר מיניס פריי פריך,אפיפית,IL,קרקר מיניס פריי פריך מחומוס 120 גרם,גרמים,120.00,100 גרם,false,12,11.90,9.9167,true,1,336006
7290114603034,false,גרנולה פריי אגוז צימ,"אפקטבעי בע""מ",IL,גרנולה פרי אגוז צימוק וחמוציות 300 גרם,גרמים,300.00,100 גרם,false,15,14.90,4.9667,true,1,336004
7290114603041,false,גרנולה פריי בוטן אגו,"אפקטבעי בע""מ",IL,רוטב קארי ירוק מאסטר שף 340 גרם,גרמים,300.00,100 גרם,false,15,14.90,4.9667,true,1,336003
7290114603492,false,רוטב סויה מאסטר שף 1,,TH,רוטב סויה מאסטר שף 100 מל,מיליליטרים,100.00,"100 מ""ל",false,50,4.90,4.9000,true,1,338073
7290114603508,false,רוטב להקפצה מאסטר שף,,,רוטב להקפצה מאסטר שף 300 מל,מיליליטרים,300.00,"100 מ""ל",false,12,9.90,3.3000,true,1,334598
7290114603515,false,רוטב קארי אדום מאסטר,,TH,רוטב קארי אדום מאסטר שף 340 גרם,גרמים,340.00,100 גרם,false,12,14.90,4.3824,true,1,336001
7290114603522,false,רוטב קארי ירוק מאסטר,,TH,רוטב קארי ירוק מאסטר שף 340 גרם,גרמים,340.00,100 גרם,false,12,14.90,4.3824,true,1,336002
7290114603539,false,קרוטונים למרק מאסטר,EinatFood,IL,קרוטונים למרק מאסטר שף שום בצל 350 גרם,גרמים,350.00,100 גרם,false,12,19.90,5.6857,true,1,334590
7290114603584,false,חטיף מנה פוף טעם גרי,Mana,,חטיף מנה פוף טעם גריל 40 גר,Unknown,0.00,Unknown,false,1,3.90,0.0000,true,1,333278
7290114603591,false,חטיף מנה פוף טעם קטש,Mana,,חטיף מנה פוף טעם קטשופ 40 גר,Unknown,0.00,Unknown,false,1,3.90,0.0000,true,1,333279
7290114603607,false,חטיף מנה פוף טעם חמו,Mana,,חטיף מנה פוף טעם חמוץ חריף 40 גר,Unknown,0.00,Unknown,false,1,3.90,0.0000,true,1,333280
7290114603768,false,מארז 2יח אגקס שירותי,,,מארז 2יח אגקס שירותים 750מל,מיליליטרים,500.00,"100 מ""ל",false,6,24.90,4.9800,true,1,333263
7290114604857,false,דפי אורז עגול מאסטר,,VN,דפי אורז עגול מאסטר שף 22 סמ 400 גרם,גרמים,400.00,100 גרם,false,24,13.90,3.4750,true,1,336645
7290114604864,false,קוסקוס סולת דק מאסטר,דוידוביץ,IL,קוסקוס סולת דק מאסטר שף 340 גר,גרמים,340.00,100 גרם,false,24,5.90,1.7353,true,1,336659
7290114604871,false,קוסקוס סולת בינוני מ,דוידוביץ,IL,קוסקוס סולת בינוני מאסטר שף 340 גר,גרמים,340.00,100 גרם,false,24,5.90,1.7353,true,1,336660
7290114604901,false,ממרח מיונז שום לחיץ,רמייה,NL,ממרח מיונז שום לחיץ מאסטר שף 446 גרם,גרמים,444.00,100 גרם,false,6,12.90,2.9054,true,1,338201
7290114604925,false,קרם קוקוס לייט מאסטר,THAI COCONUT CO,TH,קרם קוקוס לייט מאסטר שף 400 מל,מיליליטרים,400.00,"100 מ""ל",false,24,8.90,2.2250,true,1,341679
7290114604932,false,רוטב ברביקיו דבש מאס,רמייה,,רוטב ברביקיו דבש מאסטר שף 520 גרם,גרמים,520.00,100 גרם,false,1,12.90,2.4808,true,1,338206
7290114604949,false,רוטב ברביקיו מאסטר ש,רמייה,,רוטב ברביקיו מאסטר שף 524 גרם,גרמים,524.00,100 גרם,false,1,12.90,2.4618,true,1,338205
7290114604963,false,פירורי לחם מתובלים מ,EinatFood,,פירורי לחם מתובלים מאסטר שף 230 גרם,גרמים,230.00,100 גרם,false,1,7.90,3.4348,true,1,336644
7290114605359,false,רפידות הנקה פירסט סמ,,CN,רפידות הנקה פירסט סמייל גודל לארג 50יח,יחידה,50.00,יחידה,false,24,27.90,0.5580,true,1,338456
7290114605533,false,משטח חיתוך חד פעמי ק,,CN,משטח חיתוך חד פעמי קוקי,יחידה,1.00,יחידה,false,16,19.90,19.9000,true,1,344627
7290114605557,false,נייר עטיפה לסנדוויץ,,IL,נייר עטיפה לסנדוויץ קוקי 80יח 30/40סמ,יחידה,80.00,יחידה,false,15,12.90,0.1613,true,1,337284
7290114605571,false,תבניות אפיה מתקפלות,,IL,תבניות אפיה מתקפלות קוקי 5יח 9/31סמ,יחידה,5.00,יחידה,false,28,10.90,2.1800,true,1,337283
7290114606387,false,מארז 2יח מש. שיניים,קולגייט פלמוליב,PL,מארז 2יח מש. שיניים אופטיק וויט פחם 75מל,מיליליטרים,150.00,"100 מ""ל",false,24,44.90,29.9333,true,1,337285
7290114606530,false,ממרח מיו קטש לחיץ מא,רמייה,NL,ממרח מיו קטש לחיץ מאסטר שף 515 גרם,גרמים,515.00,100 גרם,false,6,12.90,2.5049,true,1,338203
7290114606547,false,ממרח מיונז כמהין לחי,רמייה,NL,ממרח מיונז כמהין לחיץ מאסטר שף 242 גרם,גרמים,242.00,100 גרם,false,6,12.90,5.3306,true,1,338202
7290114606578,false,שקדי מרק מאסטר שף 40,Mana,IL,שקדי מרק מאסטר שף 400 גר,גרמים,400.00,100 גרם,false,12,10.90,2.7250,true,1,339289
7290114607391,false,משחת שיניים קולגייט,קולגייט פלמוליב,MX,משחת שיניים קולגייט ילדים ברבי 75מל,Unknown,0.00,Unknown,false,12,15.90,0.0000,true,1,339046
7290114608046,false,מארז 2יח דאוד. ספיד,,US,מארז 2יח דאוד. ספיד סטיק גל פיור פרש 65ג,גרמים,130.00,100 גרם,false,6,29.90,23.0000,true,1,337292
7290114608640,false,קרוטונים לסלט מאסטר,EinatFood,IL,קרוטונים לסלט מאסטר שף כוסמין 260 גרם,גרמים,260.00,100 גרם,false,12,19.90,7.6538,true,1,339286
7290114608657,false,סילאן טבעי מאסטר שף,,AE,סילאן טבעי מאסטר שף 700 גרם צנצנת,גרמים,700.00,100 גרם,false,12,19.90,2.8429,true,1,343194
7290114608671,false,סילאן טבעי מאסטר שף,,AE,סילאן טבעי מאסטר שף לחיץ 470 גרם,גרמים,470.00,100 גרם,false,12,15.90,3.3830,true,1,342511
7290114608688,false,פירורי לחם מתובלים מ,EinatFood,,פירורי לחם מתובלים מאסטר שף 480 גרם,גרמים,480.00,100 גרם,false,1,10.90,2.2708,true,1,344001
7290114608695,false,מיונז לחיץ מאסטר שף,רמייה,NL,מיונז לחיץ מאסטר שף עם וואסבי 241 גרם,גרמים,241.00,100 גרם,false,6,12.90,5.3527,true,1,341673
7290114608701,false,מארז 8 יח חטיף מנה פ,Mana,,מארז 8 יח חטיף מנה פוף לבבות גריל 15 גרם,גרמים,120.00,100 גרם,false,1,10.90,9.0833,true,1,344005
7290114659949,false,מארז 50יח מסכות פנים,,,מארז 50יח מסכות פנים כירוגיות 3 שכבות,יחידה,50.00,יחידה,false,1,9.90,0.1980,true,1,342024
7290115073676,false,מארז 50יח מסכות פנים,,,מארז 50יח מסכות פנים צבעוניות שחורות,יחידה,50.00,יחידה,false,1,10.90,0.2180,true,1,335001
7290115200003,false,פתי בר פינוקי וניל 2,דיקסר,,פתי בר פינוקי וניל 220 גרם,גרמים,220.00,100 גרם,false,1,10.90,4.9545,true,1,334809
7290115200027,false,פתי בר פינוקי שוקו 2,דיקסר,,פתי בר פינוקי שוקו 220 גרם,גרמים,220.00,100 גרם,false,1,10.90,4.9545,true,1,334810
7290115200782,false,מארז 5 פיתות בונזור,,,מארז 5 פיתות בונזור,Unknown,0.00,Unknown,false,1,8.90,0.0000,true,1,333197
7290115200829,false,חטיף ביסלי מיקס בלאג,"אסם תעשיות בע""מ",,חטיף ביסלי מיקס בלאגן 150 גר,גרמים,150.00,100 גרם,false,1,8.50,5.6667,true,1,343604
7290115200843,false,חטיף אפרופו לחם שום,"אסם תעשיות בע""מ",,חטיף אפרופו לחם שום 50 גרם,גרמים,50.00,100 גרם,false,1,5.00,10.0000,true,1,343605
7290115200928,false,חטיף ביסלי מיקס קראנ,"אסם תעשיות בע""מ",,חטיף ביסלי מיקס קראנץ 150 גר,גרמים,150.00,100 גרם,false,1,8.50,5.6667,true,1,343603
7290115201031,false,פתי בר דובי שוקולד 1,דיקסר,,פתי בר דובי שוקולד 175 גרם,גרמים,175.00,100 גרם,false,1,10.90,6.2286,true,1,337653
7290115201239,false,בגט רוסטיק דגנים,בונז'ור,,בגט רוסטיק דגנים,Unknown,0.00,Unknown,false,1,9.90,0.0000,true,1,333922
7290115201253,false,לחם מחמצת קמח מלא וס,בונז'ור,,לחם מחמצת קמח מלא וסובין,Unknown,0.00,Unknown,false,1,17.90,0.0000,true,1,333923
7290115201277,false,לחם מחמצת עם בצלים,בונז'ור,,לחם מחמצת עם בצלים,Unknown,0.00,Unknown,false,1,17.90,0.0000,true,1,333926
7290115201291,false,לחם מחמצת כפרי שיפון,בונז'ור,,לחם מחמצת כפרי שיפון,Unknown,0.00,Unknown,false,1,17.90,0.0000,true,1,333925
7290115201338,false,לחם מחמצת כפרי חמוצי,בונז'ור,,לחם מחמצת כפרי חמוציות,Unknown,0.00,Unknown,false,1,17.90,0.0000,true,1,333924
7290115201451,false,ארוחת לביבות בטטה קא,טבעול ישראל,IL,ארוחת לביבות בטטה קארי טבעול גורמה 455גר,גרמים,455.00,100 גרם,false,6,32.90,7.2308,true,1,344464
7290115201475,false,ארוחת לביבות כרישה ט,טבעול ישראל,IL,ארוחת לביבות כרישה טבעול גורמה 434גר,גרמים,434.00,100 גרם,false,6,32.90,7.5806,true,1,344465
7290115201536,false,ארוחת לביבות כרובית,טבעול ישראל,IL,ארוחת לביבות כרובית תפוא טבעול גורמה442ג,גרמים,442.00,100 גרם,false,6,32.90,7.4434,true,1,344466
7290115201550,false,חטיף ביסלי קרנבל מיק,"אסם תעשיות בע""מ",,חטיף ביסלי קרנבל מיקס 200 גר,גרמים,150.00,100 גרם,false,1,8.50,5.6667,true,1,335504
7290115201680,false,חטיף ביסלי ברביקיו70,"אסם תעשיות בע""מ",,חטיף ביסלי ברביקיו70גרם,Unknown,0.00,Unknown,false,1,4.50,0.0000,true,1,335509
7290115201703,false,חטיף ביסלי ברביקיו 2,"אסם תעשיות בע""מ",,חטיף ביסלי ברביקיו 200 גרם,גרמים,200.00,100 גרם,false,1,8.50,4.2500,true,1,335507
7290115201727,false,חטיף ביסלי בצל 200 ג,"אסם תעשיות בע""מ",,חטיף ביסלי בצל 200 גרם,גרמים,200.00,100 גרם,false,1,8.50,4.2500,true,1,335506
7290115201741,false,חטיף ביסלי בצל 70גרם,"אסם תעשיות בע""מ",,חטיף ביסלי בצל 70גרם,Unknown,0.00,Unknown,false,1,4.50,0.0000,true,1,335508
7290115201864,false,חטיף במבה נוגט אינסי,"אסם תעשיות בע""מ",,חטיף במבה נוגט אינסייד אאוט 60 גרם,גרמים,60.00,100 גרם,false,1,5.00,8.3333,true,1,343601
7290115201925,false,חטיף במבה כוכבים 80,"אסם תעשיות בע""מ",,חטיף במבה כוכבים 80 גרם,Unknown,0.00,Unknown,false,1,5.00,0.0000,true,1,341981
7290115202212,false,ארוחת לביבות סלק טבע,טבעול ישראל,IL,ארוחת לביבות סלק טבעול גורמה 434גר,גרמים,434.00,100 גרם,false,6,32.90,7.5806,true,1,344467
7290115202236,false,טבעול טופו קראנצים 4,טבעול ישראל,,טבעול טופו קראנצים 470גר,גרמים,470.00,100 גרם,false,6,32.90,7.0000,true,1,338927
7290115202250,false,טבעול טופו קראנצים צ,טבעול ישראל,,טבעול טופו קראנצים צילי פיקנטי 470גר,גרמים,470.00,100 גרם,false,6,32.90,7.0000,true,1,338929
7290115202304,false,אטריות נודלס אורז מר,זארה,,אטריות נודלס אורז מרובעות כלפ 230 גרם,גרמים,230.00,100 גרם,false,1,10.90,4.7391,true,1,336886
7290115202434,false,סלט חומוס עם זעתר 37,צבר,,סלט חומוס עם זעתר 375גר צבר,גרמים,375.00,100 גרם,false,1,12.90,3.4400,true,1,337152
7290115202687,false,סלט חומוס עם חריף 37,צבר,,סלט חומוס עם חריף 375גר צבר,גרמים,375.00,100 גרם,false,1,12.90,3.4400,true,1,337153
7290115202762,false,פרפקטו ניוקי טריקולו,איטלניוקי,,פרפקטו ניוקי טריקולור 500 גרם,גרמים,500.00,100 גרם,false,1,13.90,2.7800,true,1,345208
7290115202939,false,מנה חמה רייס נודלס ע,"אסם תעשיות בע""מ",TH,מנה חמה רייס נודלס עוף פטריות 50 גר,Unknown,0.00,Unknown,false,12,8.50,0.0000,true,1,343289
7290115202953,false,מנה חמה רייס נודלס ק,"אסם תעשיות בע""מ",TH,מנה חמה רייס נודלס קארי צהוב 55 גר,Unknown,0.00,Unknown,false,12,8.50,0.0000,true,1,343291
7290115202977,false,מנה חמה רייס נודלס ס,"אסם תעשיות בע""מ",TH,מנה חמה רייס נודלס סויה סיני 55 גר,Unknown,0.00,Unknown,false,12,8.50,0.0000,true,1,343290
7290115203134,false,פופקו פופקורן במבה80,"אסם תעשיות בע""מ",,פופקו פופקורן במבה80 ג,Unknown,0.00,Unknown,false,1,5.60,0.0000,true,1,338171
7290115203172,false,חטיף במבה פרו 80 גרם,"אסם תעשיות בע""מ",,חטיף במבה פרו 80 גרם,Unknown,0.00,Unknown,false,1,5.00,0.0000,true,1,346544
7290115203295,false,פסטה פרפקט ריציאולי,זארה,,פסטה פרפקט ריציאולי 500 גרם,גרמים,500.00,100 גרם,false,1,10.90,2.1800,true,1,337646
7290115203387,false,פתיתים בסגנון אסיאתי,"אסם תעשיות בע""מ",,פתיתים בסגנון אסיאתי 400 גרם,גרמים,400.00,100 גרם,false,1,7.90,1.9750,true,1,338178
7290115203486,false,פירורית טעם ביסלי גר,עינת,,פירורית טעם ביסלי גריל 200 גרם,גרמים,200.00,100 גרם,false,1,6.50,3.2500,true,1,338537
7290115203608,false,אינסטנט פודינג שוקול,"אסם תעשיות בע""מ",,אינסטנט פודינג שוקולד לבן אסם 80 גר,גרמים,80.00,100 גרם,false,1,6.00,7.5000,true,1,337647
7290115203806,false,רוטב בסיס אוסם 290 מ,"אסם תעשיות בע""מ",,רוטב בסיס אוסם 290 מל,מיליליטרים,290.00,"100 מ""ל",false,1,13.90,4.7931,true,1,341978
7290115203905,false,מארז 10 יח פיתה כוסמ,בונז'ור,,מארז 10 יח פיתה כוסמין מיני,יחידה,10.00,יחידה,false,1,16.90,1.6900,true,1,342898
7290115203936,false,קטשופ אוסם מופחת סוכ,"אסם תעשיות בע""מ",,קטשופ אוסם מופחת סוכר כשלפ 690 גר,גרמים,690.00,100 גרם,false,1,10.90,1.5797,true,1,336910
7290115204056,false,קטשופ אוסם 56%פחות ס,"אסם תעשיות בע""מ",,קטשופ אוסם 56%פחות סוכר 690 גר,גרמים,690.00,100 גרם,false,1,10.90,1.5797,true,1,337926
7290115204131,false,סחוג ירוק 190גר צבר,צבר,IL,סחוג ירוק 190גר צבר,גרמים,190.00,100 גרם,false,6,11.90,6.2632,true,1,343914
7290115204155,false,סחוג אדום 190גר צבר,צבר,IL,סחוג אדום 190גר צבר,גרמים,190.00,100 גרם,false,6,11.90,6.2632,true,1,343912
7290115204186,false,ממרח פסטו 190גר צבר,צבר,IL,ממרח פסטו 190גר צבר,גרמים,190.00,100 גרם,false,6,15.90,8.3684,true,1,343910
7290115204247,false,ממרח עגבניות מיובשות,צבר,IL,ממרח עגבניות מיובשות 190גר צבר,גרמים,190.00,100 גרם,false,6,15.90,8.3684,true,1,343911
7290115204261,false,אריסה 190גר צבר,צבר,IL,אריסה 190גר צבר,גרמים,190.00,100 גרם,false,6,11.90,6.2632,true,1,343913
7290115204490,false,רוטב ויניגרט אייתי ל,"אסם תעשיות בע""מ",,רוטב ויניגרט אייתי לסלט 330 גרם,גרמים,330.00,100 גרם,false,1,11.90,3.6061,true,1,338175
7290115204612,false,ערגליות מיקס שוקו תו,"אסם תעשיות בע""מ",,ערגליות מיקס שוקו תות 300 גרם,גרמים,300.00,100 גרם,false,1,10.90,3.6333,true,1,338176
7290115204636,false,קטשופ אוסם לפיצה 690,"אסם תעשיות בע""מ",,קטשופ אוסם לפיצה 690 גרם,גרמים,690.00,100 גרם,false,1,11.90,1.7246,true,1,341979
7290115204698,false,בייגלה שטוחים ביסלי,"אסם תעשיות בע""מ",,בייגלה שטוחים ביסלי גריל 300 גר,גרמים,300.00,100 גרם,false,1,11.50,3.8333,true,1,339216
7290115204957,false,לחמית איטלקית 160 גר,"אסם תעשיות בע""מ",,לחמית איטלקית 160 גרם,גרמים,160.00,100 גרם,false,1,10.90,6.8125,true,1,345091
7290115205176,false,קרקר פיטנס דק כפרי 1,,,קרקר פיטנס דק כפרי 140 גרם,גרמים,140.00,100 גרם,false,1,11.90,8.5000,true,1,342358
7290115205251,false,פריכיות פיטנס בר קרמ,פרח תעשיות,,פריכיות פיטנס בר קרמל מלוח 84 גר,Unknown,0.00,Unknown,false,1,12.90,0.0000,true,1,347019
7290115205312,false,קרקר פיטנס דק זיתים,,,קרקר פיטנס דק זיתים 140 גרם,גרמים,140.00,100 גרם,false,1,11.90,8.5000,true,1,345093
7290115205480,false,לאבנה עם פלפל חריף ו,צבר,IL,לאבנה עם פלפל חריף וגרגרי חומוס220גר צבר,גרמים,220.00,100 גרם,false,6,15.90,7.2273,true,1,343935
7290115205503,false,לאבנה עם קרם פלפלים,צבר,IL,לאבנה עם קרם פלפלים 220גר צבר,גרמים,220.00,100 גרם,false,6,15.90,7.2273,true,1,343936
7290115205695,false,בצק מצונן לפיצה 460ג,בונז'ור,IL,בצק מצונן לפיצה 460גר בונזור,גרמים,460.00,100 גרם,false,10,18.90,4.1087,true,1,344075
7290115205718,false,בצק עלים מצונן 230גר,בונז'ור,IL,בצק עלים מצונן 230גר בונזור,גרמים,230.00,100 גרם,false,10,14.90,6.4783,true,1,344076
7290115205930,false,חטיף במבה פופקו מיקס,"אסם תעשיות בע""מ",,חטיף במבה פופקו מיקס 100 גרם,גרמים,150.00,100 גרם,false,1,10.90,7.2667,true,1,341983
7290115205978,false,פתי בר אצבעות שוקולד,דיקסר,,פתי בר אצבעות שוקולד 180 גרם,גרמים,180.00,100 גרם,false,1,10.90,6.0556,true,1,344208
7290115206081,false,בייגלה כפיות צילי פי,"אסם תעשיות בע""מ",,בייגלה כפיות צילי פיקנטי 300 גרם,גרמים,300.00,100 גרם,false,1,12.00,4.0000,true,1,343606
7290115206135,false,ארוחת קינואה טבעול ג,טבעול ישראל,IL,ארוחת קינואה טבעול גורמה 450גר,גרמים,450.00,100 גרם,false,8,32.90,7.3111,true,1,344463
7290115206173,false,ביסקויט פתי בר קרמל,"אסם תעשיות בע""מ",,ביסקויט פתי בר קרמל 500 גר,גרמים,500.00,100 גרם,false,1,12.90,2.5800,true,1,339213
7290115206210,false,חטיף במבה במילוי קרמ,"אסם תעשיות בע""מ",,חטיף במבה במילוי קרמל מלוח 150 גר,גרמים,150.00,100 גרם,false,1,10.90,7.2667,true,1,341982
7290115206333,false,עוגיות מיני שוקוציפס,כרמית,,עוגיות מיני שוקוציפס 225 ג,גרמים,225.00,100 גרם,false,1,11.00,4.8889,true,1,344207
7290115206401,false,רוטב סויה סגנון סיני,"אסם תעשיות בע""מ",,רוטב סויה סגנון סיני כשלפ 330 גרם,גרמים,330.00,100 גרם,false,1,10.90,3.3030,true,1,344538
7290115206852,false,חטיף ביסלי ציז סטיקס,"אסם תעשיות בע""מ",,חטיף ביסלי ציז סטיקס 70 גרם,Unknown,0.00,Unknown,false,1,4.50,0.0000,true,1,346543
7290115206890,false,חטיף ביסלי המבורגר 7,"אסם תעשיות בע""מ",,חטיף ביסלי המבורגר 70 גרם,Unknown,0.00,Unknown,false,1,4.50,0.0000,true,1,346542
7290115207149,false,חטיף במבה אפרופו מיק,"אסם תעשיות בע""מ",,חטיף במבה אפרופו מיקס 100 גרם,גרמים,100.00,100 גרם,false,1,9.00,9.0000,true,1,342360
7290115207309,false,אינסטנט פודינג טירמי,"אסם תעשיות בע""מ",,אינסטנט פודינג טירמיסו אוסם 70 גר,Unknown,0.00,Unknown,false,1,6.00,0.0000,true,1,345090
7290115207347,false,אינסטנט פודינג פירות,"אסם תעשיות בע""מ",,אינסטנט פודינג פירות יער אוסם 80 גר,Unknown,0.00,Unknown,false,1,6.00,0.0000,true,1,345089
7290115207361,false,ביסקויט פתי בר פיסטו,"אסם תעשיות בע""מ",,ביסקויט פתי בר פיסטוק 500 גרם,גרמים,500.00,100 גרם,false,1,12.90,2.5800,true,1,345109
7290115207460,false,סלט חציל פיקנטי 360ג,צבר,,סלט חציל פיקנטי 360גר היתר מכירה צבר,גרמים,360.00,100 גרם,false,1,16.90,4.6944,true,1,343916
7290115207484,false,סלט חציל על האש 400ג,צבר,,סלט חציל על האש 400גר היתר מכירה צבר,גרמים,400.00,100 גרם,false,1,16.90,4.2250,true,1,343917
7290115207507,false,סלט טורקי 360גר צבר,צבר,,סלט טורקי 360גר צבר,גרמים,360.00,100 גרם,false,1,16.90,4.6944,true,1,343915
7290115207545,false,עוגיות קרמוגית מילוי,"אסם תעשיות בע""מ",,עוגיות קרמוגית מילוי קרם במבה אדומה200גר,גרמים,200.00,100 גרם,false,1,12.00,6.0000,true,1,344061
7290115207620,false,רוטב סויה קלאסי אוסם,"אסם תעשיות בע""מ",,רוטב סויה קלאסי אוסם 290 מל,מיליליטרים,290.00,"100 מ""ל",false,1,13.90,4.7931,true,1,345099
7290115207682,false,רוטב סויה סגנון סיני,"אסם תעשיות בע""מ",,רוטב סויה סגנון סיני 290 מל,מיליליטרים,290.00,"100 מ""ל",false,1,10.90,3.7586,true,1,345097
7290115207774,false,המבורגר פטריות טבעול,טבעול ישראל,IL,המבורגר פטריות טבעול 480גר,גרמים,480.00,100 גרם,false,6,32.90,6.8542,true,1,344760
7290115207798,false,בורגר חריף טבעול טבע,טבעול ישראל,IL,בורגר חריף טבעול טבעוני 420גר,גרמים,420.00,100 גרם,false,6,32.90,7.8333,true,1,344761
7290115207811,false,נקניקיות טבעול טבעונ,טבעול ישראל,,נקניקיות טבעול טבעוניות 418גר,גרמים,680.00,100 גרם,false,1,32.90,4.8382,true,1,345176
7290115207941,false,סירופ ויטמינציק אננס,בית השיטה,IL,סירופ ויטמינציק אננס 1 ל,ליטרים,1.00,ליטר,false,12,21.90,21.9000,true,1,343847
7290115207965,false,סירופ ויטמינציק מנגו,בית השיטה,IL,סירופ ויטמינציק מנגו אפרסק 1 ל,ליטרים,1.00,ליטר,false,12,21.90,21.9000,true,1,343850
7290115207989,false,סירופ ויטמינציק לימו,בית השיטה,IL,סירופ ויטמינציק לימון 1 ל,ליטרים,1.00,ליטר,false,12,21.90,21.9000,true,1,343848
7290115208009,false,סירופ ויטמינציק ענבי,בית השיטה,IL,סירופ ויטמינציק ענבים 1 ל,ליטרים,1.00,ליטר,false,12,21.90,21.9000,true,1,343851
7290115208047,false,סירופ ויטמינציק פטל,בית השיטה,IL,סירופ ויטמינציק פטל 1 ל,ליטרים,1.00,ליטר,false,12,21.90,21.9000,true,1,343846
7290115208061,false,סירופ ויטמינציק תפוח,בית השיטה,IL,סירופ ויטמינציק תפוח 1 ל,ליטרים,1.00,ליטר,false,12,21.90,21.9000,true,1,343849
7290115209198,false,חטיף במבה אורירית 80,"אסם תעשיות בע""מ",,חטיף במבה אורירית 80 גרם,Unknown,0.00,Unknown,false,1,5.00,0.0000,true,1,345712
7290115209235,false,ביסקויט פתי בר קפה 5,"אסם תעשיות בע""מ",,ביסקויט פתי בר קפה 500 גרם,גרמים,500.00,100 גרם,false,1,12.90,2.5800,true,1,347020
7290115209273,false,חטיף במבה במילוי איי,"אסם תעשיות בע""מ",,חטיף במבה במילוי אייס קפה 60 גר,גרמים,60.00,100 גרם,false,1,5.00,8.3333,true,1,346547
7290115209297,false,חטיף במבה במילוי איי,"אסם תעשיות בע""מ",,חטיף במבה במילוי אייקפה 150 גר,גרמים,150.00,100 גרם,false,1,10.90,7.2667,true,1,346548
7290115209358,false,חטיף במבה במילוי ברא,"אסם תעשיות בע""מ",,חטיף במבה במילוי בראוניז 60 גר,גרמים,60.00,100 גרם,false,1,5.00,8.3333,true,1,347428
7290115209372,false,חטיף במבה במילוי ברא,"אסם תעשיות בע""מ",,חטיף במבה במילוי בראוניז 150 גר,גרמים,150.00,100 גרם,false,1,10.90,7.2667,true,1,347429
7290115250503,false,קרקר כוסמין שום עשבי,,IL,קרקר כוסמין שום עשבי תיבול 225 גרם,גרמים,225.00,100 גרם,false,10,22.90,10.1778,true,1,332491
7290115250527,false,קרקר חומוס פתפותים 2,,IL,קרקר חומוס פתפותים 225 גרם,גרמים,225.00,100 גרם,false,10,22.90,10.1778,true,1,345717
7290115251227,false,קרקר חומוס מתובל פתפ,,IL,קרקר חומוס מתובל פתפותים 225 גרם,גרמים,225.00,100 גרם,false,10,22.90,10.1778,true,1,345716
7290115252330,false,קינואה וירו עם ירקות,,PE,קינואה וירו עם ירקות קלויים 470 גרם,גרמים,470.00,100 גרם,false,12,13.90,2.9574,true,1,342852
7290115252354,false,קינואה וירו עם זוקינ,,PE,קינואה וירו עם זוקיני ובצל 470 גרם,גרמים,470.00,100 גרם,false,12,13.90,2.9574,true,1,342853
7290115252378,false,קינואה וירו מנגו לבב,,PE,קינואה וירו מנגו לבבות דקל 470 גרם,גרמים,470.00,100 גרם,false,12,13.90,2.9574,true,1,342854
7290115252460,false,מקלות כוסמין פתפותים,,IL,מקלות כוסמין פתפותים 200 גרם,גרמים,200.00,100 גרם,false,15,19.90,9.9500,true,1,345718
7290115252477,false,מקלות כוסמין וזיתים,,IL,מקלות כוסמין וזיתים פתפותים200 גרם,גרמים,200.00,100 גרם,false,15,19.90,9.9500,true,1,345719
7290115252514,false,עוגת פאי פקאן פתפותי,,IL,עוגת פאי פקאן פתפותים 400 גרם,גרמים,400.00,100 גרם,false,15,44.90,11.2250,true,1,345722
7290115252750,false,מקלות כוסמין פתפותים,,IL,מקלות כוסמין פתפותים תרד ובצל 200 גרם,גרמים,200.00,100 גרם,false,15,19.90,9.9500,true,1,346532
7290115252774,false,כדורי ממה תמר ממולא,ממה חטיפי אנרגיה,IL,כדורי ממה תמר ממולא קקאו ח.בוטני 220 גרם,גרמים,220.00,100 גרם,false,6,25.90,11.7727,true,1,346535
7290115252781,false,כדורי ממה שקדים ממול,ממה חטיפי אנרגיה,IL,כדורי ממה שקדים ממולא תות לימון 220 גרם,גרמים,220.00,100 גרם,false,6,25.90,11.7727,true,1,346534
7290115252866,false,מקלות כוסמין פתפותים,,IL,מקלות כוסמין פתפותים שום שחור 200 גרם,גרמים,200.00,100 גרם,false,15,19.90,9.9500,true,1,346533
7290115254693,false,מאגדת סוכריות גוי לק,,CN,מאגדת סוכריות גוי לקישוט מסיבה160 גרם,גרמים,160.00,100 גרם,false,12,19.90,12.4375,true,1,345704
7290115254709,false,מאגדת סוכריות גוי לק,,CN,מאגדת סוכריות גוי לקישוט קלאסי 160 גרם,גרמים,165.00,100 גרם,false,12,19.90,12.0606,true,1,345705
7290115254723,false,מאגדת סוכריות גוי לק,,CN,מאגדת סוכריות גוי לקישוט ורוד 160 גרם,גרמים,160.00,100 גרם,false,12,19.90,12.4375,true,1,345703
7290115254822,false,סוכריות גוי לקישוט צ,,CN,סוכריות גוי לקישוט צבעוני 100 גרם,גרמים,100.00,100 גרם,false,12,12.90,12.9000,true,1,345707
7290115254839,false,סוכריות גוי לקישוט ב,,CN,סוכריות גוי לקישוט בת הים 100 גרם,גרמים,100.00,100 גרם,false,12,12.90,12.9000,true,1,345709
7290115254846,false,סוכריות גוי לקישוט ל,,CN,סוכריות גוי לקישוט לבבות מיני 120 גרם,גרמים,120.00,100 גרם,false,12,12.90,10.7500,true,1,345706
7290115254860,false,סוכריות גוי לקישוט כ,,CN,סוכריות גוי לקישוט כוכבים מיני 90 גרם,Unknown,0.00,Unknown,false,12,12.90,0.0000,true,1,345708
7290115259179,false,טופי פנסטרס מלוח 100,,IL,טופי פנסטרס מלוח 100 גרם עבודת יד,גרמים,100.00,100 גרם,false,5,19.90,19.9000,true,1,342670
7290115259186,false,טופי פנסטרס אספרסו 1,,IL,טופי פנסטרס אספרסו 100 גרם עבודת יד,גרמים,100.00,100 גרם,false,5,19.90,19.9000,true,1,342673
7290115259193,false,טופי פנסטרס פירות יע,,IL,טופי פנסטרס פירות יער 100 גרם עבודת יד,גרמים,100.00,100 גרם,false,5,19.90,19.9000,true,1,342672
7290115259209,false,טופי פנסטרס לבנד 100,,IL,טופי פנסטרס לבנד 100 גרם עבודת יד,גרמים,100.00,100 גרם,false,5,19.90,19.9000,true,1,342671
7290115480009,false,מרכך כביסה סוד מרוכז,הנקל,IL,מרכך כביסה סוד מרוכז 900מל פרש ירוק,מיליליטרים,900.00,"100 מ""ל",false,12,11.90,1.3222,true,1,343248
7290115480023,false,קפסולות גל כביסה סוד,הנקל,RS,קפסולות גל כביסה סוד 45יח,יחידה,45.00,יחידה,false,6,32.90,0.7311,true,1,346129
7290115620023,false,זוג מחבתות אישיות 16,,,זוג מחבתות אישיות 16סמ אוורי דאיי מיני,יחידה,2.00,יחידה,false,1,76.90,38.4500,true,1,343428
7290115620085,false,תבנית טורט אנגל נשלפ,,,תבנית טורט אנגל נשלפת 24סמ פוד אפל,יחידה,1.00,יחידה,false,1,94.90,94.9000,true,1,342837
7290115620238,false,מטרפה מנירוסטה 23סמ,,,מטרפה מנירוסטה 23סמ פוד אפיל,יחידה,1.00,יחידה,false,1,24.90,24.9000,true,1,345748
7290115620252,false,תבנית קפיצית עם בסיס,,,תבנית קפיצית עם בסיס כפול 12סמ דולצה איט,יחידה,1.00,יחידה,false,1,44.90,44.9000,true,1,342739
7290115620269,false,תבנית קפיצית 16סמ עם,,,תבנית קפיצית 16סמ עם בסיס כפול דולצה,יחידה,1.00,יחידה,false,1,51.90,51.9000,true,1,342767
7290115620290,false,תבנית קפיצית 16סמ דו,,,תבנית קפיצית 16סמ דולצה איטליאנו,יחידה,1.00,יחידה,false,1,38.90,38.9000,true,1,342712
7290115620337,false,תבנית קפיצית 26סמ דו,,,תבנית קפיצית 26סמ דולצה איטליאנו פוד אפל,יחידה,1.00,יחידה,false,1,51.90,51.9000,true,1,342771
7290115620375,false,תבנית קוגלהוף 23סמ ד,,,תבנית קוגלהוף 23סמ דולצה איטליאנו פוד אפ,יחידה,1.00,יחידה,false,1,51.90,51.9000,true,1,342770
7290115620382,false,תבנית אינגליש קייק 2,,,תבנית אינגליש קייק 25סמ דולצה איטליאנו,יחידה,1.00,יחידה,false,1,32.90,32.9000,true,1,342704
7290115620429,false,תבנית צליה ואפיה 24/,,,תבנית צליה ואפיה 24/32סמ דולצה איטליאנו,יחידה,1.00,יחידה,false,1,42.90,42.9000,true,1,342735
7290115620436,false,תבנית פיצה מחוררה 32,,,תבנית פיצה מחוררה 32סמ דולצה איטליאנו,יחידה,1.00,יחידה,false,1,39.90,39.9000,true,1,342724
7290115620689,false,צנצנת לתבלינים 100מל,,,צנצנת לתבלינים 100מל סאגה פוד אפל,יחידה,1.00,יחידה,false,1,7.50,7.5000,true,1,342565
7290115620719,false,סכין חיתוך משוננת 14,,,סכין חיתוך משוננת 14סמ פוד אפל,יחידה,1.00,יחידה,false,1,11.90,11.9000,true,1,342566
7290115620818,false,מטחנת מלח/פלפל אלקטר,,,מטחנת מלח/פלפל אלקטרונית עם מנגנון גריסה,יחידה,1.00,יחידה,false,1,52.90,52.9000,true,1,342775
7290115620832,false,מטחנת מלח/פלפל אלקטר,,,מטחנת מלח/פלפל אלקטרונית עם מנגנון גריסה,יחידה,1.00,יחידה,false,1,52.90,52.9000,true,1,342774
7290115620863,false,זוג מטחנות מלח/פלפל,,,זוג מטחנות מלח/פלפל עץ אלון טבעי פוד אפל,יחידה,2.00,יחידה,false,1,82.90,41.4500,true,1,342825
7290115620870,false,זוג מטחנות מלח/פלפל,,,זוג מטחנות מלח/פלפל עץ אלון שחור פוד אפל,יחידה,2.00,יחידה,false,1,99.90,49.9500,true,1,342843
7290115620979,false,סיר גבוה 24סמ 6.15לי,,,סיר גבוה 24סמ 6.15ליטר בלאקברי פוד אפל,יחידה,1.00,יחידה,false,1,199.00,199.0000,true,1,342871
7290115621020,false,משקל מטבח דיגיטלי 5ק,,,משקל מטבח דיגיטלי 5קג קרם וינטג,יחידה,1.00,יחידה,false,1,64.90,64.9000,true,1,342801
7290115621167,false,רוסטר רוז גולד עם מכ,,,רוסטר רוז גולד עם מכסה 7.8 ליטר פוד אפיל,יחידה,1.00,יחידה,false,1,239.00,239.0000,true,1,344280
7290115621174,false,סיר קוסקוס ואידוי 24,,,סיר קוסקוס ואידוי 24סמ 9ליטר פוד אפל,יחידה,1.00,יחידה,false,1,249.00,249.0000,true,1,342877
7290115621181,false,פלטת גריל 34/34סמ עם,,,פלטת גריל 34/34סמ עם מכסה זכוכית,יחידה,1.00,יחידה,false,1,209.00,209.0000,true,1,342873
7290115621198,false,מארז 6 סכיני ירקות ש,,,מארז 6 סכיני ירקות שחור/כחול קלאסיק פוד,יחידה,6.00,יחידה,false,1,41.90,6.9833,true,1,342727
7290115621204,false,מארז 6 סכיני ירקות ש,,,מארז 6 סכיני ירקות שחור/ירוק קלאסיק פוד,יחידה,6.00,יחידה,false,1,41.90,6.9833,true,1,342726
7290115621211,false,מארז 6 סכיני ירקות ש,,,מארז 6 סכיני ירקות שחור/כתום קלאסיק פוד,יחידה,6.00,יחידה,false,1,41.90,6.9833,true,1,342728
7290115621228,false,מארז 6 סכיני ירקות ש,,,מארז 6 סכיני ירקות שחור/סגול קלאסיק פוד,יחידה,6.00,יחידה,false,1,41.90,6.9833,true,1,342729
7290115621235,false,מארז 6 סכיני ירקות ש,,,מארז 6 סכיני ירקות שחור/אדום קלאסיק פוד,יחידה,6.00,יחידה,false,1,41.90,6.9833,true,1,342725
7290115621570,false,כף הגשה לעוגה מיני מ,,,כף הגשה לעוגה מיני מנירוסטה פוד אפל,יחידה,1.00,יחידה,false,1,23.90,23.9000,true,1,342606
7290115621587,false,מצקת מיני מנירוסטה א,,,מצקת מיני מנירוסטה איכותית פוד אפל,יחידה,1.00,יחידה,false,1,23.90,23.9000,true,1,342609
7290115622072,false,כף פסטה עם קצה מסילי,,,כף פסטה עם קצה מסיליקון למניעת שריטות,יחידה,1.00,יחידה,false,1,23.90,23.9000,true,1,342607
7290115622089,false,מטרפה עם קצה מסיליקו,,,מטרפה עם קצה מסיליקון למניעת שריטות,יחידה,1.00,יחידה,false,1,23.90,23.9000,true,1,342676
7290115622133,false,סט אוכל לבן מזכוכית,,,סט אוכל לבן מזכוכית 18 חלקים,יחידה,18.00,יחידה,false,1,115.00,6.3889,true,1,343356
7290115622225,false,לוחץ בשר מקצועי להכנ,,,לוחץ בשר מקצועי להכנת המבורגר פוד אפל,יחידה,1.00,יחידה,false,1,41.90,41.9000,true,1,342732
7290115622805,false,מוט השחזה מקצועי יהל,,,מוט השחזה מקצועי יהלום 30סמ שטוח פוד אפי,יחידה,1.00,יחידה,false,1,87.90,87.9000,true,1,346494
7290115622942,false,קופסת אחסון שקופה 14,,,קופסת אחסון שקופה 1400סמק קליר אנד פרש,יחידה,1.00,יחידה,false,1,52.90,52.9000,true,1,345845
7290115623116,false,מברשת סיליקון אלמנטל,,,מברשת סיליקון אלמנטל שיש לבן פוד אפיל,יחידה,1.00,יחידה,false,1,11.90,11.9000,true,1,343446
7290115623130,false,תרבד מחורץ סיליקון א,,,תרבד מחורץ סיליקון אלמנטל שיש לבן פוד אפ,יחידה,1.00,יחידה,false,1,11.90,11.9000,true,1,343443
7290115623147,false,לקקן סיליקון מקומר א,,,לקקן סיליקון מקומר אלמנטל שיש לבן פוד אפ,יחידה,1.00,יחידה,false,1,11.90,11.9000,true,1,343445
7290115623192,false,סט 9 כלי אחסון זכוכי,,,סט 9 כלי אחסון זכוכית פוד אפל גלאס קלוק,יחידה,9.00,יחידה,false,1,139.00,15.4444,true,1,342890
7290115623222,false,מחבת קרפ 22סמ+אביזרי,,,מחבת קרפ 22סמ+אביזרים פוד אפיל ירוק,יחידה,1.00,יחידה,false,1,89.90,89.9000,true,1,345777
7290115623246,false,מחבת קרפ 22סמ+אביזרי,,,מחבת קרפ 22סמ+אביזרים פוד אפיל ורוד,יחידה,1.00,יחידה,false,1,89.90,89.9000,true,1,345778
7290115623253,false,מחבת קרפ 22סמ+אביזרי,,,מחבת קרפ 22סמ+אביזרים פוד אפיל סגול,יחידה,1.00,יחידה,false,1,89.90,89.9000,true,1,345779
7290115623307,false,סיר 5 ליטר פוד אפיל,,,סיר 5 ליטר פוד אפיל ביוקוק 24סמ,יחידה,1.00,יחידה,false,1,159.00,159.0000,true,1,347157
7290115623338,false,סיר סוטאז 28סמ ביוקו,,,סיר סוטאז 28סמ ביוקוק 4.7ליטר פוד אפיל,יחידה,1.00,יחידה,false,1,199.00,199.0000,true,1,346584
7290115623345,false,סיר סוטאז 32סמ ביוקו,,,סיר סוטאז 32סמ ביוקוק 6ליטר פוד אפיל,יחידה,1.00,יחידה,false,1,209.00,209.0000,true,1,346585
7290115623352,false,מחבת 18סמ פוד אפיל ב,,,מחבת 18סמ פוד אפיל ביוקוק,יחידה,1.00,יחידה,false,1,69.90,69.9000,true,1,345767
7290115623369,false,מחבת 20סמ פוד אפיל ב,,,מחבת 20סמ פוד אפיל ביוקוק,יחידה,1.00,יחידה,false,1,76.90,76.9000,true,1,345770
7290115623376,false,מחבת 24סמ פוד אפיל ב,,,מחבת 24סמ פוד אפיל ביוקוק,יחידה,1.00,יחידה,false,1,99.90,99.9000,true,1,345780
7290115623383,false,מחבת 28סמ פוד אפיל ב,,,מחבת 28סמ פוד אפיל ביוקוק,יחידה,1.00,יחידה,false,1,119.90,119.9000,true,1,345781
7290115623390,false,מחבת 32סמ פוד אפיל ב,,,מחבת 32סמ פוד אפיל ביוקוק,יחידה,1.00,יחידה,false,1,159.00,159.0000,true,1,345783
7290115623406,false,תבנית אפיה קפיצית 28,,,תבנית אפיה קפיצית 28סמ דולצה איטליאנו,יחידה,1.00,יחידה,false,1,54.90,54.9000,true,1,342782
7290115623413,false,משקל מטבח דיגיטלי 5ק,,,משקל מטבח דיגיטלי 5קג ירוק וינטג,יחידה,1.00,יחידה,false,1,64.90,64.9000,true,1,342800
7290115623451,false,רוסטר זהב עם מכסה7.8,,,רוסטר זהב עם מכסה7.8 ליטר פוד אפיל,יחידה,1.00,יחידה,false,1,239.00,239.0000,true,1,344281
7290115623505,false,סיר 16סמ פוד אפל אוו,,,סיר 16סמ פוד אפל אווירי דאי פלוס מיני,יחידה,1.00,יחידה,false,1,56.90,56.9000,true,1,342787
7290115623550,false,מארז סירים 5חלקים פו,,,מארז סירים 5חלקים פוד אפל ורוד,יחידה,5.00,יחידה,false,1,109.00,21.8000,true,1,342883
7290115623567,false,מארז סירים 5חלקים פו,,,מארז סירים 5חלקים פוד אפל טורקיז,יחידה,5.00,יחידה,false,1,109.00,21.8000,true,1,342884
7290115623642,false,סיר 24 סמ מינרל וינט,,,סיר 24 סמ מינרל וינטג סגול פוד אפל,יחידה,1.00,יחידה,false,1,119.00,119.0000,true,1,343713
7290115623666,false,סוטאז 28 סמ פוד אפל,,,סוטאז 28 סמ פוד אפל מינרל קרם,יחידה,1.00,יחידה,false,1,129.00,129.0000,true,1,342886
7290115623918,false,תבנית אינגליש קייק 2,,,תבנית אינגליש קייק 25/10/8סמ פוד אפל סופ,יחידה,1.00,יחידה,false,1,53.90,53.9000,true,1,342772
7290115624946,false,מארז 6יח סכיני סטייק,,,מארז 6יח סכיני סטייק 11סמ קלאסיק פוד אפל,יחידה,6.00,יחידה,false,1,59.90,9.9833,true,1,342795
7290115624991,false,מארז 2יח סכינים פוד,,,מארז 2יח סכינים פוד אפל פריז,יחידה,2.00,יחידה,false,1,13.90,6.9500,true,1,342568
7290115625004,false,מזלגות 6יח פוד אפל פ,,,מזלגות 6יח פוד אפל פריז,יחידה,6.00,יחידה,false,1,21.90,3.6500,true,1,342593
7290115625011,false,כפות 6יח פוד אפל פרי,,,כפות 6יח פוד אפל פריז,יחידה,6.00,יחידה,false,1,21.90,3.6500,true,1,342592
7290115625028,false,כפיות 6יח פוד אפל פר,,,כפיות 6יח פוד אפל פריז,יחידה,6.00,יחידה,false,1,13.90,2.3167,true,1,342575
7290115625035,false,מזלגות עוגה 6יח פוד,,,מזלגות עוגה 6יח פוד אפל פריז,יחידה,6.00,יחידה,false,1,13.90,2.3167,true,1,342576
7290115625059,false,כפיות אספרסו 6יח פוד,,,כפיות אספרסו 6יח פוד אפל פריז,יחידה,6.00,יחידה,false,1,11.90,1.9833,true,1,342567
7290115625073,false,סכין שף 18סמ פוד אפל,,,סכין שף 18סמ פוד אפל אונו,יחידה,1.00,יחידה,false,1,75.90,75.9000,true,1,342814
7290115625080,false,סכין שף 15סמ פוד אפל,,,סכין שף 15סמ פוד אפל אונו,יחידה,1.00,יחידה,false,1,72.90,72.9000,true,1,342813
7290115625097,false,סכין סנטוקו 18סמ פוד,,,סכין סנטוקו 18סמ פוד אפל אונו,יחידה,1.00,יחידה,false,1,76.90,76.9000,true,1,342820
7290115625103,false,סכין פריסה 20סמ פוד,,,סכין פריסה 20סמ פוד אפל אונו,יחידה,1.00,יחידה,false,1,69.90,69.9000,true,1,342807
7290115625110,false,סכין לחם 20סמ פוד אפ,,,סכין לחם 20סמ פוד אפל אונו,יחידה,1.00,יחידה,false,1,69.90,69.9000,true,1,342806
7290115625127,false,סכין רב תכליתית 13סמ,,,סכין רב תכליתית 13סמ אונו פוד אפל,יחידה,1.00,יחידה,false,1,51.90,51.9000,true,1,342769
7290115625134,false,סכין חיתוך 9סמ אונו,,,סכין חיתוך 9סמ אונו פוד אפל,יחידה,1.00,יחידה,false,1,49.90,49.9000,true,1,342764
7290115625158,false,פלטה ישרה למריחה 20ס,,,פלטה ישרה למריחה 20סמ דולצה איטליאנו פוד,יחידה,1.00,יחידה,false,1,21.90,21.9000,true,1,342601
7290115625189,false,פלטה מדורגת למריחה 2,,,פלטה מדורגת למריחה 20סמ דולצה איטליאנו,יחידה,1.00,יחידה,false,1,21.90,21.9000,true,1,342603
7290115625264,false,קערת עירבול עם תחתית,,,קערת עירבול עם תחתית סיליקון 24סמ דולצה,יחידה,1.00,יחידה,false,1,49.90,49.9000,true,1,342765
7290115625271,false,סט 4 כפיות מדידה ניר,,,סט 4 כפיות מדידה נירוסטה דולצה איטליאנו,יחידה,4.00,יחידה,false,1,29.90,7.4750,true,1,342692
7290115625318,false,נפה לקמח עם רשת כפול,,,נפה לקמח עם רשת כפולה נירוסטה 16/10/13סמ,יחידה,1.00,יחידה,false,1,36.90,36.9000,true,1,342709
7290115625363,false,מגרדת נירוסטה בצקניו,,,מגרדת נירוסטה בצקניות/שפצל דולצה איטליאנ,יחידה,1.00,יחידה,false,1,45.90,45.9000,true,1,342743
7290115625370,false,גלגלת נירוסטה לפיצה,,,גלגלת נירוסטה לפיצה 10סמ דולצה איטליאנו,יחידה,1.00,יחידה,false,1,27.90,27.9000,true,1,342686
7290115625417,false,סט 4 כוסות מדידה ניר,,,סט 4 כוסות מדידה נירוסטה דולצה איטליאנו,יחידה,4.00,יחידה,false,1,29.90,7.4750,true,1,342691
7290115625592,false,סט אוכל מעוטר 18חלקי,,,סט אוכל מעוטר 18חלקים אנטי ציפ,יחידה,18.00,יחידה,false,1,179.90,9.9944,true,1,347161
7290115625752,false,סט אוכל 18חלקים שחור,,,סט אוכל 18חלקים שחור מקרמיקה,יחידה,18.00,יחידה,false,1,199.00,11.0556,true,1,346583
7290115625769,false,סט אוכל מעוטר 18חלקי,,,סט אוכל מעוטר 18חלקים מזכוכית ורוד,יחידה,18.00,יחידה,false,1,99.00,5.5000,true,1,343449
7290115625806,false,תבנית מחוררת ללחם 25,,,תבנית מחוררת ללחם 25/11סמ דולצה איטלאנו,יחידה,1.00,יחידה,false,1,56.90,56.9000,true,1,342786
7290115625905,false,סיר מולטיקוקר 3ב1 בי,,,סיר מולטיקוקר 3ב1 בישול/טיגון/אידוי פוד,יחידה,1.00,יחידה,false,6,199.00,199.0000,true,1,345170
7290115625998,false,תרמוס 1ליטר עם כוסות,,,תרמוס 1ליטר עם כוסות טו גו שחור פוד אפיל,יחידה,1.00,יחידה,false,1,96.90,96.9000,true,1,345850
7290115626216,false,סיר קדירה 24סמ 4.5לי,,,סיר קדירה 24סמ 4.5ליטר אוריינט פוד אפיל,יחידה,1.00,יחידה,false,1,189.90,189.9000,true,1,346586
7290115626421,false,זוג מחבתות אישיות 16,,,זוג מחבתות אישיות 16סמ אוורי דאיי מיני,יחידה,2.00,יחידה,false,1,76.90,38.4500,true,1,342819
7290115626735,false,סיר 16סמ פוד אפל אוו,,,סיר 16סמ פוד אפל אווירי דאי פלוס וינטאג,יחידה,1.00,יחידה,false,1,56.90,56.9000,true,1,342791
7290115626742,false,סיר 16סמ פוד אפל אוו,,,סיר 16סמ פוד אפל אווירי דאי פלוס וינטאג,יחידה,1.00,יחידה,false,1,56.90,56.9000,true,1,342789
7290115626810,false,קופסת אחסון שקופה 20,,,קופסת אחסון שקופה 200סמק קליר אנד פרש,יחידה,1.00,יחידה,false,1,23.90,23.9000,true,1,345837
7290115627091,false,מגש קריספר עגול 30סמ,,,מגש קריספר עגול 30סמ לטיגון ללא שמן פוד,יחידה,1.00,יחידה,false,1,94.90,94.9000,true,1,342881
7290115627114,false,משטח להפשרת מזון קפו,,,משטח להפשרת מזון קפוא 35/20סמ פוד אפיל,יחידה,1.00,יחידה,false,1,89.90,89.9000,true,1,345775
7290115627213,false,מסננת אידוי סיליקון,,,מסננת אידוי סיליקון מתקפלת פוד אפיל,יחידה,1.00,יחידה,false,1,74.90,74.9000,true,1,345768
7290115627220,false,תרבד מלקחיים נירוסטה,,,תרבד מלקחיים נירוסטה סיגנאטור פוד אפיל,יחידה,1.00,יחידה,false,48,16.90,16.9000,true,1,345157
7290115627237,false,מלקחיים 27סמ נירוסטה,,,מלקחיים 27סמ נירוסטה סיגנאטור פוד אפיל,יחידה,1.00,יחידה,false,48,17.90,17.9000,true,1,345158
7290115627244,false,מלקחיים נירוסטה 30.5,,,מלקחיים נירוסטה 30.5סמ סיגנאטור פוד אפיל,יחידה,1.00,יחידה,false,48,22.90,22.9000,true,1,345162
7290115627251,false,תרבד חורץ נירוסטה וק,,,תרבד חורץ נירוסטה וקצה סיליקון פוד אפיל,יחידה,1.00,יחידה,false,1,34.90,34.9000,true,1,345752
7290115627275,false,תרבד חורץ נירוסטה וק,,,תרבד חורץ נירוסטה וקצה סיליקון פוד אפיל,יחידה,1.00,יחידה,false,1,34.90,34.9000,true,1,345751
7290115627350,false,מטרפה סיליקון 30 סמ,,,מטרפה סיליקון 30 סמ אלמנטל פוד אפיל,יחידה,1.00,יחידה,false,48,12.90,12.9000,true,1,345156
7290115627367,false,מלקחיים נירוסטה סילי,,,מלקחיים נירוסטה סיליקון 27סמ אלמנטל פוד,יחידה,1.00,יחידה,false,48,22.90,22.9000,true,1,345161
7290115627374,false,מלקחיים נירוסטה וסיל,,,מלקחיים נירוסטה וסיליקון 34.5סמ אלמנטל,יחידה,1.00,יחידה,false,48,26.90,26.9000,true,1,345164
7290115627381,false,סט 4 כוסות מדידה מסי,,,סט 4 כוסות מדידה מסיליקון אלמנטל פוד אפל,יחידה,4.00,יחידה,false,48,34.90,8.7250,true,1,345167
7290115627398,false,כפפות סיליקון 19סמ א,,,כפפות סיליקון 19סמ אלמנטל פוד אפיל,יחידה,1.00,יחידה,false,48,44.90,44.9000,true,1,345168
7290115627404,false,משטח סיליקון מרובע 1,,,משטח סיליקון מרובע 17.5סמ פוד אפיל,יחידה,1.00,יחידה,false,1,15.90,15.9000,true,1,345745
7290115627411,false,משטח סיליקון עגול 17,,,משטח סיליקון עגול 17.5סמ פוד אפיל,יחידה,1.00,יחידה,false,1,15.90,15.9000,true,1,345744
7290115627428,false,סט סיליקון תבנית+לקק,,,סט סיליקון תבנית+לקקן+מברשת פוד אפיל,יחידה,1.00,יחידה,false,1,76.90,76.9000,true,1,345769
7290115627442,false,סט סיליקון תבנית מאפ,,,סט סיליקון תבנית מאפינס+לקקן+מברשת,יחידה,3.00,יחידה,false,1,82.90,27.6333,true,1,345773
7290115627480,false,סט תה קפה סוכר קליר,,,סט תה קפה סוכר קליר פרש פוד אפיל,יחידה,3.00,יחידה,false,1,129.00,43.0000,true,1,344275
7290115627701,false,קנקן תה 1.3ליטר עם מ,,,קנקן תה 1.3ליטר עם מסננת זכוכית פוד אפיל,יחידה,1.00,יחידה,false,1,149.00,149.0000,true,1,344279
7290115627848,false,מספריים רב תכליתי לע,,,מספריים רב תכליתי לעשבי תיבול פוד אפיל,יחידה,1.00,יחידה,false,48,29.90,29.9000,true,1,345165
7290115627862,false,תבנית פאי 10סמ פוד א,,,תבנית פאי 10סמ פוד אפיל,יחידה,1.00,יחידה,false,1,9.90,9.9000,true,1,345743
7290115627916,false,תבנית פאי 25סמ פוד א,,,תבנית פאי 25סמ פוד אפיל,יחידה,1.00,יחידה,false,1,34.90,34.9000,true,1,345750
7290115627923,false,תבנית פאי 28סמ פוד א,,,תבנית פאי 28סמ פוד אפיל,יחידה,1.00,יחידה,false,1,39.90,39.9000,true,1,345754
7290115628012,false,קרש חיתוך עץ שיטה 30,,,קרש חיתוך עץ שיטה 30.5/23/1.5סמ אקאיה,יחידה,1.00,יחידה,false,1,47.90,47.9000,true,1,342758
7290115628029,false,קרש חיתוך עץ שיטה 38,,,קרש חיתוך עץ שיטה 38/29/1.5סמ אקיאיה,יחידה,1.00,יחידה,false,1,69.90,69.9000,true,1,342809
7290115628036,false,קרש חיתוך עץ שיטה 38,,,קרש חיתוך עץ שיטה 38/20/1.5סמ אקאיה פוד,יחידה,1.00,יחידה,false,1,47.90,47.9000,true,1,342757
7290115628067,false,קרש חיתוך עץ שיטה 41,,,קרש חיתוך עץ שיטה 41/15.5/1.5סמ פוד אפל,יחידה,1.00,יחידה,false,1,45.90,45.9000,true,1,342744
7290115628098,false,קרש פיצה מעץ שיטה 30,,,קרש פיצה מעץ שיטה 30/30/1סמ אקאיה פוד,יחידה,1.00,יחידה,false,1,54.90,54.9000,true,1,342784
7290115628104,false,קרש פיצה עץ שיטה 25/,,,קרש פיצה עץ שיטה 25/25/1סמ אקאיה פוד אפל,יחידה,1.00,יחידה,false,1,47.90,47.9000,true,1,342759
7290115628241,false,תבנית אפיה קפיצית 30,,,תבנית אפיה קפיצית 30סמ דולצה איטליאנו,יחידה,1.00,יחידה,false,1,57.90,57.9000,true,1,342794
7290115628258,false,סט אוכל מעוטר 18חלקי,,,סט אוכל מעוטר 18חלקים אנטי ציפ בלו גארדי,יחידה,18.00,יחידה,false,1,179.90,9.9944,true,1,347162
7290115628272,false,סט אוכל מעוטר מזכוכי,,,סט אוכל מעוטר מזכוכית 18 חלקים,יחידה,18.00,יחידה,false,1,139.00,7.7222,true,1,343357
7290115628333,false,לקקן סיליקון צבעוני,,,לקקן סיליקון צבעוני 32סמ דולצה איטליאנו,יחידה,1.00,יחידה,false,1,25.90,25.9000,true,1,342680
7290115628371,false,מחבת 24סמ פוד אפיל ק,,,מחבת 24סמ פוד אפיל קאזואל פלוס ידית ירוק,יחידה,1.00,יחידה,false,1,79.90,79.9000,true,1,344242
7290115628388,false,מחבת 26סמ פוד אפיל ק,,,מחבת 26סמ פוד אפיל קאזואל פלוס ידית קרם,יחידה,1.00,יחידה,false,1,89.90,89.9000,true,1,344243
7290115628395,false,מחבת 28סמ פוד אפיל ק,,,מחבת 28סמ פוד אפיל קאזואל פלוס ידית ורוד,יחידה,1.00,יחידה,false,1,99.00,99.0000,true,1,344244
7290115628418,false,מחבת 32סמ פוד אפיל ק,,,מחבת 32סמ פוד אפיל קאזואל פלוס ידית ורוד,יחידה,1.00,יחידה,false,1,119.00,119.0000,true,1,344246
7290115628425,false,מחבת ווק 28סמ פוד אפ,,,מחבת ווק 28סמ פוד אפיל ידית חרדל קאזואל,יחידה,1.00,יחידה,false,1,109.00,109.0000,true,1,344247
7290115628432,false,מחבת גריל 28סמ פוד א,,,מחבת גריל 28סמ פוד אפיל ידית בורדו,יחידה,1.00,יחידה,false,1,119.00,119.0000,true,1,344248
7290115628449,false,קלחת 16סמ פוד אפיל י,,,קלחת 16סמ פוד אפיל ידית תכלת קאזואל,יחידה,1.00,יחידה,false,1,69.90,69.9000,true,1,344249
7290115628463,false,מיכל אחסון לתבלינים,,,מיכל אחסון לתבלינים 90מל פוד אפיל,יחידה,1.00,יחידה,false,1,9.90,9.9000,true,1,345833
7290115628470,false,סט שמן/חומץ 320מל מז,,,סט שמן/חומץ 320מל מזכוכית פוד אפיל,יחידה,2.00,יחידה,false,1,69.90,34.9500,true,1,344264
7290115628487,false,סוטאז 28סמ רויאל גול,,,סוטאז 28סמ רויאל גולד פוד אפיל,יחידה,1.00,יחידה,false,1,139.00,139.0000,true,1,343482
7290115628500,false,מגרדת 4 דפנות ומיכל,,,מגרדת 4 דפנות ומיכל אחסון פוד אפיל,יחידה,1.00,יחידה,false,1,52.90,52.9000,true,1,345763
7290115628517,false,קולפן נירוסטה איכותי,,,קולפן נירוסטה איכותי ירוק פוד אפל,יחידה,1.00,יחידה,false,1,25.90,25.9000,true,1,342682
7290115628647,false,סט 4 כוסות דופן אחת,,,סט 4 כוסות דופן אחת 400מל תאילנד פודאפיל,יחידה,4.00,יחידה,false,1,44.90,11.2250,true,1,346477
7290115628654,false,סט 4 כוסות דופן אחת,,,סט 4 כוסות דופן אחת 400מל מלזיה פוד אפיל,יחידה,4.00,יחידה,false,1,59.90,14.9750,true,1,347160
7290115628777,false,מטחנת מלח/פלפל אקריל,,,מטחנת מלח/פלפל אקרילית פוד אפיל,יחידה,1.00,יחידה,false,1,39.90,39.9000,true,1,344265
7290115628784,false,מטחנת מלח/פלפל אקריל,,,מטחנת מלח/פלפל אקרילית ראש רוז פוד אפיל,יחידה,1.00,יחידה,false,1,49.90,49.9000,true,1,344266
7290115628852,false,פלטת גריל עגולה 34סמ,,,פלטת גריל עגולה 34סמ עם מכסה זכוכית,יחידה,1.00,יחידה,false,1,209.00,209.0000,true,1,342872
7290115628906,false,סט 3 כלי אחסון כתום,,,סט 3 כלי אחסון כתום גלאס קלוק פוד אפיל,יחידה,3.00,יחידה,false,1,66.90,22.3000,true,1,345766
7290115628913,false,סט 3 כלי אחסון קוראל,,,סט 3 כלי אחסון קוראל גלאס קלוק פוד אפיל,יחידה,3.00,יחידה,false,1,66.90,22.3000,true,1,345765
7290115628937,false,פינגאן 0.5 ליטר פוד,,,פינגאן 0.5 ליטר פוד אפיל ציפוי שיש,יחידה,1.00,יחידה,false,1,34.90,34.9000,true,1,344276
7290115628944,false,פינגאן 0.9 ליטר פוד,,,פינגאן 0.9 ליטר פוד אפיל ציפוי שיש,יחידה,1.00,יחידה,false,1,46.90,46.9000,true,1,344277
7290115628951,false,פינגאן 1.3 ליטר פוד,,,פינגאן 1.3 ליטר פוד אפיל ציפוי שיש,יחידה,1.00,יחידה,false,1,54.90,54.9000,true,1,344278
7290115628975,false,מועך תפוא מתקפל פוד,,,מועך תפוא מתקפל פוד אפיל,יחידה,1.00,יחידה,false,1,27.90,27.9000,true,1,343444
7290115628999,false,תבנית אפיה קפיצית גב,,,תבנית אפיה קפיצית גבוהה 20/8.5סמ דולצה,יחידה,1.00,יחידה,false,1,47.90,47.9000,true,1,342760
7290115629064,false,חולץ פקקי שעם כנפיים,,,חולץ פקקי שעם כנפיים סיגנאטור פוד אפיל,יחידה,1.00,יחידה,false,72,22.90,22.9000,true,1,345160
7290115629088,false,מלקחיים נירוסטה לקרח,,,מלקחיים נירוסטה לקרח סיגנאטור פוד אפיל,יחידה,1.00,יחידה,false,72,10.90,10.9000,true,1,345155
7290115629095,false,כותש שום פוד אפיל סי,,,כותש שום פוד אפיל סיגנאטור,יחידה,1.00,יחידה,false,24,44.90,44.9000,true,1,345169
7290115629132,false,כף גלידה נירוסטה סיג,,,כף גלידה נירוסטה סיגנאטור פוד אפיל,יחידה,1.00,יחידה,false,72,21.90,21.9000,true,1,345159
7290115629194,false,קופסת אחסון שקופה 1.,,,קופסת אחסון שקופה 1.9ליטר קליר אנד פרש,יחידה,1.00,יחידה,false,1,56.90,56.9000,true,1,345846
7290115629675,false,תחתית סיר/כלי חם עגו,,,תחתית סיר/כלי חם עגולה במבוק 15/1.2סמ,יחידה,1.00,יחידה,false,1,15.90,15.9000,true,1,344267
7290115629682,false,תחתית סיר/כלי חם מרו,,,תחתית סיר/כלי חם מרובע במבוק 15/1.2סמ,יחידה,1.00,יחידה,false,1,15.90,15.9000,true,1,344268
7290115629750,false,תרווד גמיש סגול פוד,,,תרווד גמיש סגול פוד אפיל,יחידה,1.00,יחידה,false,1,15.90,15.9000,true,1,343433
7290115629774,false,בלוק סכינים 7 חלקים,,,בלוק סכינים 7 חלקים 6 סכינים במעמד עץ,יחידה,7.00,יחידה,false,1,62.90,8.9857,true,1,346491
7290115670240,false,פריכיות אנרגי אורז מ,פרח תעשיות,,פריכיות אנרגי אורז מלא דקות 135 גר,גרמים,135.00,100 גרם,false,1,11.90,8.8148,true,1,336951
7290115670264,false,בונבוניירה בוטיק מבח,,,בונבוניירה בוטיק מבחר פרלינים 100 גרם,גרמים,100.00,100 גרם,false,1,29.90,29.9000,true,1,336943
7290115670561,false,ממרחית חלב 500 גרם,,,ממרחית חלב 500 גרם,גרמים,500.00,100 גרם,false,1,10.90,2.1800,true,1,335503
7290115670585,false,חטיף מקופלת לבנה 25,,,חטיף מקופלת לבנה 25 גר מגדים,Unknown,0.00,Unknown,false,1,5.00,0.0000,true,1,336371
7290115670608,false,מארז נר חנוכה 98 גרם,,,מארז נר חנוכה 98 גרם,Unknown,0.00,Unknown,false,1,9.90,0.0000,true,1,342367
7290115670615,false,מארז סביביון חנוכה 1,,,מארז סביביון חנוכה 118 גרם,גרמים,118.00,100 גרם,false,1,12.90,10.9322,true,1,342366
7290115670684,false,גרנולה אנרגי אגוזים,,,גרנולה אנרגי אגוזים 400 גר,גרמים,400.00,100 גרם,false,1,13.90,3.4750,true,1,337889
7290115670691,false,גרנולה אנרגי פירות י,,,גרנולה אנרגי פירות יער 400 גר,גרמים,400.00,100 גרם,false,1,13.90,3.4750,true,1,337892
7290115670707,false,גרנולה אנרגי שוקולד,,,גרנולה אנרגי שוקולד אגוזים 400 גר,גרמים,400.00,100 גרם,false,1,13.90,3.4750,true,1,337890
7290115670752,false,מארז קפה נמס אבקתי+כ,,,מארז קפה נמס אבקתי+כוס טו גו 200 גרם,גרמים,200.00,100 גרם,false,1,22.00,11.0000,true,1,336947
7290115670820,false,חטיף כיף כף חצי חצי,,,חטיף כיף כף חצי חצי שוקו וניל 45 גרם,Unknown,0.00,Unknown,false,1,5.00,0.0000,true,1,339229
7290115670844,false,חטיף מיני פרה ללס 20,,,חטיף מיני פרה ללא סוכר שקית,גרמים,208.00,100 גרם,false,1,19.90,9.5673,true,1,343214
7290115671025,false,מוס רבע לשבע קרמל מל,,,מוס רבע לשבע קרמל מלוח 100 גרם,גרמים,100.00,100 גרם,false,1,14.90,14.9000,true,1,342363
7290115671155,false,מארז 3 יח סוכ.בזוקה,,,מארז 3 יח סוכ.בזוקה בטעם ענבים 45 גר,גרמים,135.00,100 גרם,false,1,8.90,6.5926,true,1,343652
7290115671223,false,מסטיק מאסט פאן אבטיח,,,מסטיק מאסט פאן אבטיח מנגו 58 גר,Unknown,0.00,Unknown,false,1,10.00,0.0000,true,1,343650
7290115671308,false,מסטיק מאסט פאן תות ד,,,מסטיק מאסט פאן תות דובדבן 58 גר,Unknown,0.00,Unknown,false,1,10.00,0.0000,true,1,343651
7290115671339,false,עוגיות מיני פינוקיות,,,עוגיות מיני פינוקיות בראוניז בייגל 180 ג,גרמים,180.00,100 גרם,false,1,10.90,6.0556,true,1,339233
7290115671346,false,עוגיות מיני פינוקיות,,,עוגיות מיני פינוקיות קרמל מלוח 180 ג,גרמים,180.00,100 גרם,false,1,10.90,6.0556,true,1,339234
7290115671353,false,עוגיות מיני פינוקיות,,,עוגיות מיני פינוקיות שחור לבן 180 ג,גרמים,180.00,100 גרם,false,1,10.90,6.0556,true,1,343657
7290115671469,false,כוס חבק קפה טורקי על,פרח תעשיות,,כוס חבק קפה טורקי עלית,Unknown,0.00,Unknown,false,1,10.00,0.0000,true,1,346943
7290115672930,false,מארז פורים מסכה 147,,,מארז פורים מסכה 147 גרם,גרמים,147.00,100 גרם,false,1,12.90,8.7755,true,1,343993
7290115673135,false,שוקולד פרה חלב עדשים,,IL,שוקולד פרה חלב עדשים 100 גר,גרמים,100.00,100 גרם,false,1,5.90,5.9000,true,1,337191
7290115673555,false,בפלות אחת אחת אגוזים,,,בפלות אחת אחת אגוזים 240 גרם,גרמים,240.00,100 גרם,false,1,13.90,5.7917,true,1,343239
7290115673562,false,בפלות אחת אחת קפה נמ,,,בפלות אחת אחת קפה נמס 240 גרם,גרמים,240.00,100 גרם,false,1,13.90,5.7917,true,1,343240
7290115673777,false,חטיף פסק זמן פטיסרי,,,חטיף פסק זמן פטיסרי קרמל מלוח 35 גרם,Unknown,0.00,Unknown,false,1,6.00,0.0000,true,1,338551
7290115673869,false,מארז גרנולה אנרגי פי,,,מארז גרנולה אנרגי פירות400גר+צנצנת,גרמים,400.00,100 גרם,false,1,13.90,3.4750,true,1,339244
7290115673876,false,מארז גרנולה אנרגי שו,,,מארז גרנולה אנרגי שוקולד400גר+צנצנת,גרמים,400.00,100 גרם,false,1,13.90,3.4750,true,1,339243
7290115673951,false,מארז פסק זמן פטיסרי,,,מארז פסק זמן פטיסרי 1+3חינם 180 גרם,גרמים,180.00,100 גרם,false,1,12.90,7.1667,true,1,338555
7290115674187,false,מוס רבע לשבע פטל מצו,,,מוס רבע לשבע פטל מצופה 100 גרם,גרמים,100.00,100 גרם,false,1,14.90,14.9000,true,1,342364
7290115674699,false,חטיף תפוציפס פופבלס,STRAUSS-ISRAEL,,חטיף תפוציפס פופבלס 45 גרם,Unknown,0.00,Unknown,false,1,4.00,0.0000,true,1,338019
7290115674712,false,קרקר ברדס סריראצה 17,,US,קרקר ברדס סריראצה 170 גרם,גרמים,170.00,100 גרם,false,12,13.90,8.1765,true,1,343343
7290115674729,false,גריסיני ברדס מלפפון,,US,גריסיני ברדס מלפפון חמוץ 170 גרם,גרמים,170.00,100 גרם,false,12,13.90,8.1765,true,1,343344
7290115674736,false,גריסיני ברדס חרדל דב,,US,גריסיני ברדס חרדל דבש 170 גרם,גרמים,170.00,100 גרם,false,12,13.90,8.1765,true,1,343345
7290115674743,false,חטיף ברדס פיתה מלח י,,US,חטיף ברדס פיתה מלח ים 170 גרם,גרמים,170.00,100 גרם,false,12,13.90,8.1765,true,1,343340
7290115674774,false,קרקר ברדס קינואה ציה,,US,קרקר ברדס קינואה ציה 170 גרם,גרמים,170.00,100 גרם,false,12,13.90,8.1765,true,1,343342
7290115675580,false,חטיף קוואקר ובוטנים,STRAUSS-ISRAEL,,חטיף קוואקר ובוטנים 50 גרם,Unknown,0.00,Unknown,false,1,3.90,0.0000,true,1,342328
7290115675696,false,דגני כרוזלי קראנצים,,PL,דגני כרוזלי קראנצים אגוזים375 גרם,גרמים,375.00,100 גרם,false,6,19.90,5.3067,true,1,338993
7290115675702,false,דגני כרוזלי קראנצים,,PL,דגני כרוזלי קראנצים פירות 375 גרם,גרמים,375.00,100 גרם,false,6,19.90,5.3067,true,1,338994
7290115675719,false,דגני כרוזלי קראנצים,,PL,דגני כרוזלי קראנצים שוקולד375 גרם,גרמים,375.00,100 גרם,false,6,19.90,5.3067,true,1,338995
7290115675788,false,קפה טורקי תבלינים גל,,,קפה טורקי תבלינים גלילי 100 גרם,גרמים,100.00,100 גרם,false,1,9.90,9.9000,true,1,338562
7290115675795,false,קפה טורקי תבלינים יר,,,קפה טורקי תבלינים ירושלמי 100 גרם,גרמים,100.00,100 גרם,false,1,9.90,9.9000,true,1,338563
7290115675993,false,דנונה בר ענבים עם טב,,,דנונה בר ענבים עם טבעות 171גר,גרמים,171.00,100 גרם,false,1,4.70,2.7485,true,1,337763
7290115676013,false,מארז קפה נמס+חיוכים,,,מארז קפה נמס+חיוכים 200 גרם,גרמים,200.00,100 גרם,false,1,22.00,11.0000,true,1,342365
7290115676020,false,דנונה בר בזוקה 173גר,,,דנונה בר בזוקה 173גר,גרמים,173.00,100 גרם,false,1,4.70,2.7168,true,1,343629
7290115676037,false,משקה יוגורט דנונה רי,שטראוס,,משקה יוגורט דנונה ריפרש תות דומדמיות 250,מיליליטרים,250.00,"100 מ""ל",false,12,5.90,2.3600,true,1,338388
7290115676044,false,משקה יוגורט דנונה רי,שטראוס,,משקה יוגורט דנונה ריפרש אפרסק מנגו 250מל,מיליליטרים,250.00,"100 מ""ל",false,12,5.90,2.3600,true,1,338387
7290115676051,false,משקה אקטיביה 250 מל,שטראוס,,משקה אקטיביה 250 מל שבולת שועל במתיקות,מיליליטרים,250.00,"100 מ""ל",false,1,5.40,2.1600,true,1,342308
7290115676082,false,משקה דנונה פרו תות 2,שטראוס,IL,משקה דנונה פרו תות 20גר חלבון 250מל,מיליליטרים,250.00,"100 מ""ל",false,12,7.10,2.8400,true,1,338354
7290115676099,false,משקה דנונה פרו וניל,שטראוס,IL,משקה דנונה פרו וניל 20גר חלבון 250מל,מיליליטרים,250.00,"100 מ""ל",false,12,7.10,2.8400,true,1,338353
7290115676273,false,קקאו עילת 500גר+10%ח,,,קקאו עילת 500גר+10%חינם,גרמים,550.00,100 גרם,false,1,25.90,4.7091,true,1,337663
7290115676693,false,חטיף תפוציפס מלח חומ,STRAUSS-ISRAEL,,חטיף תפוציפס מלח חומץ 50 גרם,Unknown,0.00,Unknown,false,1,4.00,0.0000,true,1,345872
7290115676990,false,חטיף תפוציפס מלח חומ,STRAUSS-ISRAEL,,חטיף תפוציפס מלח חומץ 50 גרם,Unknown,0.00,Unknown,false,1,4.00,0.0000,true,1,337306
7290115677089,false,קונפיטורה תפוח קינמו,,,קונפיטורה תפוח קינמון יד מרדכי 340 גר,גרמים,340.00,100 גרם,false,1,13.90,4.0882,true,1,339236
7290115677140,false,חטיף תפוציפס וואוי פ,STRAUSS-ISRAEL,,חטיף תפוציפס וואוי פפריקה 200 גר,גרמים,200.00,100 גרם,false,1,11.00,5.5000,true,1,347309
7290115677362,false,ארוחת נודלס טריאקי ד,,IL,ארוחת נודלס טריאקי דלישס 350גר,גרמים,350.00,100 גרם,false,10,26.90,7.6857,true,1,342297
7290115677423,false,ארוחת אורז קארי ירוק,,IL,ארוחת אורז קארי ירוק חריף דלישס 350גר,גרמים,350.00,100 גרם,false,10,26.90,7.6857,true,1,342300
7290115677485,false,חטיף ציטוס קראנץ פלמ,STRAUSS-ISRAEL,,חטיף ציטוס קראנץ פלמין הוט גבינה 80 גר,Unknown,0.00,Unknown,false,1,4.50,0.0000,true,1,338508
7290115677669,false,כרוב אדום 650 גרם אח,שטראוס,,כרוב אדום 650 גרם אחלה,גרמים,600.00,100 גרם,false,1,15.90,2.6500,true,1,344371
7290115677676,false,חומוס עשיר בטחינה עם,שטראוס,,חומוס עשיר בטחינה עם חריף 40% 400גרם,גרמים,400.00,100 גרם,false,1,13.90,3.4750,true,1,336412
7290115677720,false,סלט כרוב לבן ותירס ב,,,סלט כרוב לבן ותירס במיונז 500גר,גרמים,500.00,100 גרם,false,6,16.90,3.3800,true,1,336879
7290115677805,false,מארז עוגת מילקי קייק,שטראוס,IL,מארז עוגת מילקי קייק קוקי 4 יח 136גר,גרמים,136.00,100 גרם,false,7,12.90,9.4853,true,1,337769
7290115677843,false,דנונה וואו מלבי 150,שטראוס,,דנונה וואו מלבי 150 גרם 2.4% שומן,גרמים,150.00,100 גרם,false,1,4.90,3.2667,true,1,337233
7290115677874,false,יוגורט דנונה לייט אנ,שטראוס,IL,יוגורט דנונה לייט אנד פריי אלפחורס 150גר,גרמים,150.00,100 גרם,false,24,4.90,3.2667,true,1,339185
7290115677911,false,סלט תחליף ביצים טבעו,,,סלט תחליף ביצים טבעוני 235גר,גרמים,235.00,100 גרם,false,6,16.90,7.1915,true,1,342347
7290115677959,false,ממרח גוואקמולי 220גר,,,ממרח גוואקמולי 220גר,גרמים,220.00,100 גרם,false,1,17.90,8.1364,true,1,342346
7290115677966,false,ממרח אבוקדו טעם הטבע,שטראוס,,ממרח אבוקדו טעם הטבע 200 גרם,גרמים,200.00,100 גרם,false,1,14.90,7.4500,true,1,342202
7290115677997,false,חומוס עשיר בטחינה שו,שטראוס,,חומוס עשיר בטחינה שום לימון 40% 400גרם,גרמים,400.00,100 גרם,false,1,13.90,3.4750,true,1,339173
7290115678215,false,דנונה פרו 20גר חלבון,שטראוס,IL,דנונה פרו 20גר חלבון עם סידן ויטמין 200ג,גרמים,200.00,100 גרם,false,12,6.50,3.2500,true,1,337764
7290115678222,false,מארז 8יח דנונה יווני,שטראוס,IL,מארז 8יח דנונה יווני 125גרם,גרמים,1000.00,100 גרם,false,3,23.90,2.3900,true,1,338391
7290115678291,false,מארז 4יח משקה אקטימל,שטראוס,IL,מארז 4יח משקה אקטימל ויטמין סי ודי 432גר,גרמים,432.00,100 גרם,false,12,11.90,2.7546,true,1,338392
7290115678314,false,מארז 6יח משקה בלונדי,יטבתה,IL,מארז 6יח משקה בלונדי 225מל יטבתה,ליטרים,1.35,ליטר,false,10,17.90,13.2593,true,1,341995
7290115678376,false,מעדן הגולן שוקולד 12,שטראוס,IL,מעדן הגולן שוקולד 125גר,גרמים,125.00,100 גרם,false,24,2.90,2.3200,true,1,339183
7290115678529,false,פסטה רביולי מילוי גב,שטראוס,IL,פסטה רביולי מילוי גבינות פרו 320גר,גרמים,320.00,100 גרם,false,6,20.90,6.5312,true,1,342314
7290115678536,false,דנונה וואו טעם שטרוד,שטראוס,,דנונה וואו טעם שטרודל תפוחים 150גר,גרמים,150.00,100 גרם,false,1,4.90,3.2667,true,1,339187
7290115678543,false,דנונה וואו פאי לימון,שטראוס,IL,דנונה וואו פאי לימון 150גרם 3.5% שומן,גרמים,150.00,100 גרם,false,12,4.90,3.2667,true,1,342000
7290115678550,false,דנונה פרו ט. פיסטוק,שטראוס,,דנונה פרו ט. פיסטוק 20גר חלבון 200 גרם,גרמים,200.00,100 גרם,false,1,6.10,3.0500,true,1,342306
7290115678598,false,חסה אייסברג חיתוך גס,,,חסה אייסברג חיתוך גס 300 גרם,גרמים,300.00,100 גרם,false,1,10.90,3.6333,true,1,342368
7290115678635,false,נשנושי גבינה עם כעכי,שטראוס,,נשנושי גבינה עם כעכים שטוחים 67גר,Unknown,0.00,Unknown,false,10,9.90,0.0000,true,1,346509
7290115678642,false,נשנושי גבינה עם חטיף,שטראוס,,נשנושי גבינה עם חטיף אפוי זיתים 67גר,Unknown,0.00,Unknown,false,10,9.90,0.0000,true,1,346508
7290115678789,false,כרוב סגול קצוץ 400 ג,,,כרוב סגול קצוץ 400 גר אחלה,גרמים,400.00,100 גרם,false,1,10.90,2.7250,true,1,339287
7290115678970,false,מארז 3 יח סוכ.פרש בז,,,מארז 3 יח סוכ.פרש בזוקה 45 גר,גרמים,135.00,100 גרם,false,1,8.90,6.5926,true,1,339235
7290115678987,false,ממרח רבע לשבע 350 גר,פררו,,ממרח רבע לשבע 350 גרם,גרמים,350.00,100 גרם,false,1,12.90,3.6857,true,1,342339
7290115679526,false,חבילת שי קופסת ממתקי,,,חבילת שי קופסת ממתקים גדולה כשלפ1144גרם,גרמים,1144.00,100 גרם,false,1,109.90,9.6066,true,1,344489
7290115679533,false,חבילת שי מגש טרפז כש,,,חבילת שי מגש טרפז כשלפ 845 גרם,גרמים,845.00,100 גרם,false,1,89.90,10.6391,true,1,344487
7290115679618,false,מארז סירופ מייפל טהו,,,מארז סירופ מייפל טהור+קוואקר פחית 500 גר,Unknown,0.00,Unknown,false,1,24.90,0.0000,true,1,343999
7290115679847,false,חטיף דוריטוס פלמין ה,STRAUSS-ISRAEL,,חטיף דוריטוס פלמין הוט 185 גרם,גרמים,180.00,100 גרם,false,1,8.00,4.4444,true,1,338507
7290115679878,false,פיצה מבצק עם סלק 320,,IL,פיצה מבצק עם סלק 320גר דלישס,גרמים,320.00,100 גרם,false,10,27.90,8.7187,true,1,343930
7290115679885,false,פיצה מבצק עם כרובית,,IL,פיצה מבצק עם כרובית 320גר דלישס,גרמים,320.00,100 גרם,false,10,27.90,8.7187,true,1,342305
7290115679915,false,פיצה מבצק עם דלעת 32,,IL,פיצה מבצק עם דלעת 320גר דלישס,גרמים,320.00,100 גרם,false,10,27.90,8.7187,true,1,343931
7290115679960,false,חטיף ציטוס פופקורן ט,STRAUSS-ISRAEL,,חטיף ציטוס פופקורן טבעי 60 גרם,Unknown,0.00,Unknown,false,1,4.00,0.0000,true,1,339460
7290115679977,false,חטיף ציטוס קראנץ פלמ,STRAUSS-ISRAEL,,חטיף ציטוס קראנץ פלמין הוט גבינה 180 גרם,גרמים,185.00,100 גרם,false,9,8.90,4.8108,true,1,339378
7290116530000,false,תרחיץ פנים דאב 180מל,יוניליוור,,תרחיץ פנים דאב 180מל מלפפון,מיליליטרים,180.00,"100 מ""ל",false,1,14.90,8.2778,true,1,346151
7290116530062,false,הלמנס רוטב ויניגרט ל,יוניליוור,,הלמנס רוטב ויניגרט לסלט 295 גרם,גרמים,295.00,100 גרם,false,1,12.90,4.3729,true,1,338572
7290116530109,false,חטיף קליק מלוי נוגט,יוניליוור,,חטיף קליק מלוי נוגט לבן 35 גרם,Unknown,0.00,Unknown,false,1,5.00,0.0000,true,1,338569
7290116530147,false,תחליב רחצה פינוק פיר,יוניליוור,,תחליב רחצה פינוק פירות יער 700 מל,מיליליטרים,700.00,"100 מ""ל",false,1,11.90,1.7000,true,1,338290
7290116530154,false,תחליב רחצה פינוק מנג,יוניליוור,,תחליב רחצה פינוק מנגו 700 מל,מיליליטרים,700.00,"100 מ""ל",false,1,11.90,1.7000,true,1,338291
7290116530161,false,תחליב רחצה פינוק אננ,יוניליוור,,תחליב רחצה פינוק אננס 700 מל,מיליליטרים,700.00,"100 מ""ל",false,1,11.90,1.7000,true,1,338292
7290116530215,false,דאו אקס סטיק שוקולד,יוניליוור,,דאו אקס סטיק שוקולד 77 גרם,Unknown,0.00,Unknown,false,1,16.90,0.0000,true,1,338284
7290116530239,false,דאו אקס סטיק בלאק 77,יוניליוור,,דאו אקס סטיק בלאק 77 גרם,Unknown,0.00,Unknown,false,1,16.90,0.0000,true,1,338286
7290116530260,false,דגני שוגי קקאו 400 ג,יוניליוור,,דגני שוגי קקאו 400 גרם,גרמים,375.00,100 גרם,false,1,19.90,5.3067,true,1,338575
7290116530314,false,חטיף קליק דאבל בלאק,יוניליוור,,חטיף קליק דאבל בלאק חלב 65 גר,Unknown,0.00,Unknown,false,1,6.50,0.0000,true,1,338570
7290116530482,false,מארז 5 יח קורנפלקס א,יוניליוור,IL,מארז 5 יח קורנפקס אלופים 30 גרם,גרמים,150.00,100 גרם,false,8,12.90,8.6000,true,1,342408
7290116530871,false,נשנושים מיקס 240 גרם,יוניליוור,,נשנושים מיקס 240 גרם,גרמים,260.00,100 גרם,false,1,12.90,4.9615,true,1,338010
7290116530888,false,גל כביסה בדין 2.5ליט,יוניליוור,IL,גל כביסה בדין 2.5ליטר פינוק קלאסי,מיליליטרים,2500.00,"100 מ""ל",false,6,26.90,1.0760,true,1,338784
7290116530895,false,תרסיס בדין למייבש כב,זוהר דליה,,תרסיס בדין למייבש כביסה 500מל פינוק קלאס,מיליליטרים,500.00,"100 מ""ל",false,1,16.90,3.3800,true,1,338788
7290116530901,false,מרכך כביסה בדין 4 לי,יוניליוור,,מרכך כביסה בדין 4 ליטר פינוק קלאסי,ליטרים,4.00,ליטר,false,1,22.90,5.7250,true,1,338787
7290116531021,false,שוקולד ורד הגליל חלב,,TR,שוקולד ורד הגליל חלב 100 גרם,גרמים,100.00,100 גרם,false,12,5.90,5.9000,true,1,342373
7290116531083,false,דגני ברנפלקס שקדים ו,יוניליוור,,דגני ברנפלקס שקדים ודבש 400 גרם,גרמים,400.00,100 גרם,false,1,22.90,5.7250,true,1,342954
7290116531090,false,חטיפי דג דג מליחות מ,יוניליוור,IL,חטיפי דג דג מליחות מעודנת 250 גרם,גרמים,250.00,100 גרם,false,12,10.90,4.3600,true,1,343766
7290116531120,false,זוג מרק קנור נמס בכו,יוניליוור,,זוג מרק קנור נמס בכוס ויאטנמי 40 גרם,Unknown,0.00,Unknown,false,1,6.90,0.0000,true,1,342041
7290116531496,false,דגני קוקמן קינמונים,יוניליוור,,דגני קוקמן קינמונים 375 גר בדץ,גרמים,375.00,100 גרם,false,1,19.90,5.3067,true,1,344404
7290116531557,false,פריכיות פתית דקות תי,"גוד פוד בע""מ",PL,פריכיות פתית דקות תירס מלא 150 גרם,גרמים,150.00,100 גרם,false,12,12.90,8.6000,true,1,344534
7290116531564,false,פריכיות פתית דקות קי,"גוד פוד בע""מ",PL,פריכיות פתית דקות קינואה 150 גרם,גרמים,150.00,100 גרם,false,12,12.90,8.6000,true,1,344533
7290116531571,false,מטליות לחות לניקוי כ,יוניליוור,,מטליות לחות לניקוי כללי 50יח,יחידה,50.00,יחידה,false,1,9.90,0.1980,true,1,343311
7290116531588,false,מגבונים לניקוי כללי,יוניליוור,,מגבונים לניקוי כללי סיף 50יח בניחוח מרכך,יחידה,50.00,יחידה,false,1,9.90,0.1980,true,1,343310
7290116531595,false,מגבונים לניקוי כללי,יוניליוור,,מגבונים לניקוי כללי סיף 50יח בניחוח מאסק,יחידה,50.00,יחידה,false,1,9.90,0.1980,true,1,343309
7290116531656,false,מרכך פינוק 700 מל ני,יוניליוור,,מרכך פינוק 700 מל ניחוח תפוח,מיליליטרים,700.00,"100 מ""ל",false,1,11.90,1.7000,true,1,346155
7290116531663,false,תחליב רחצה פינוק ניח,יוניליוור,,תחליב רחצה פינוק ניחוח תפוח 700 מל,מיליליטרים,700.00,"100 מ""ל",false,1,11.90,1.7000,true,1,346152
7290116531748,false,חטיף קליק קוקומן חום,יוניליוור,,חטיף קליק קוקומן חום לבן 65 גר,Unknown,0.00,Unknown,false,1,6.50,0.0000,true,1,344498
7290116531762,false,בדין דפי מרכך ורוד ל,יוניליוור,,בדין דפי מרכך ורוד למייבש 40 יח,יחידה,40.00,יחידה,false,1,16.90,0.4225,true,1,344516
7290116531779,false,בדין דפי מרכך כחול ל,יוניליוור,,בדין דפי מרכך כחול למייבש 40 יח,יחידה,40.00,יחידה,false,1,16.90,0.4225,true,1,344515
7290116531793,false,הלמנס רוטב קיסר לסלט,יוניליוור,,הלמנס רוטב קיסר לסלט 295 גרם,גרמים,295.00,100 גרם,false,1,12.90,4.3729,true,1,342949
7290116531809,false,תחליב רחצה פינוק 700,יוניליוור,,תחליב רחצה פינוק 700מל ניחוח עוגיות,מיליליטרים,700.00,"100 מ""ל",false,1,11.90,1.7000,true,1,343200
7290116531816,false,תחליב רחצה פינוק 700,יוניליוור,,תחליב רחצה פינוק 700מל ניחוח מייפל,מיליליטרים,700.00,"100 מ""ל",false,1,11.90,1.7000,true,1,343201
7290116531823,false,תחליב רחצה פינוק 700,יוניליוור,,תחליב רחצה פינוק 700מל ניחוח אגוזים,מיליליטרים,700.00,"100 מ""ל",false,1,11.90,1.7000,true,1,343202
7290116531830,false,דגני כריות קינמון 68,יוניליוור,,דגני כריות קינמון 686 גרם,גרמים,686.00,100 גרם,false,1,22.90,3.3382,true,1,343572
7290116531854,false,תחליב רחצה פינוק 700,יוניליוור,,תחליב רחצה פינוק 700מל שייק קיווי,מיליליטרים,700.00,"100 מ""ל",false,1,11.90,1.7000,true,1,344521
7290116531892,false,רוטב קנור ברביקיו מע,יוניליוור,,רוטב קנור ברביקיו מעושן 350 מל,מיליליטרים,350.00,"100 מ""ל",false,1,12.90,3.6857,true,1,344459
7290116531908,false,רוטב קנור מרינדה על,יוניליוור,,רוטב קנור מרינדה על האש 340 מל,מיליליטרים,340.00,"100 מ""ל",false,1,12.90,3.7941,true,1,344458
7290116531939,false,גלידונית תות מצופה 6,"גלידת שטראוס בע""מ",,גלידונית תות מצופה 60 יח,גרמים,700.00,100 גרם,false,1,44.90,6.4143,true,1,344312
7290116532028,false,חטיף קליק מלוי נוגט,יוניליוור,,חטיף קליק מלוי נוגט כשלפ 35 גרם,Unknown,0.00,Unknown,false,1,5.00,0.0000,true,1,344502
7290116532042,false,חטיף קליק כריות נוגט,יוניליוור,,חטיף קליק כריות נוגט כשלפ 65 גר,Unknown,0.00,Unknown,false,1,6.50,0.0000,true,1,344503
7290116532219,false,קורנפלקס תלמה תות448,יוניליוור,,קורנפלקס תלמה תות448 גר בדץ,גרמים,448.00,100 גרם,false,1,17.90,3.9955,true,1,345135
7290116532240,false,שוקולד קליק פיצפוצי,יוניליוור,,שוקולד קליק פיצפוצי דגנים 85 ג,Unknown,0.00,Unknown,false,1,5.90,0.0000,true,1,345134
7290116532264,false,מאגדת שלגון גודיס אפ,יוניליוור,,מאגדת שלגון גודיס אפרסק 5יח,יחידה,5.00,יחידה,false,1,24.90,4.9800,true,1,345035
7290116532271,false,מאגדת גודיז סנדוויץ,"גלידת שטראוס בע""מ",,מאגדת גודיז סנדוויץ וניל 270גר,גרמים,270.00,100 גרם,false,1,28.90,10.7037,true,1,345034
7290116532462,false,גלידה פיינט קליק שוק,"גלידת שטראוס בע""מ",IL,גלידה פיינט קליק שוקולד בננה 520מל,מיליליטרים,520.00,"100 מ""ל",false,6,22.90,4.4038,true,1,345263
7290116532479,false,גלידה פיינט קליק שוק,"גלידת שטראוס בע""מ",IL,גלידה פיינט קליק שוק.לבן קרם עוגיות520מל,מיליליטרים,520.00,"100 מ""ל",false,6,22.90,4.4038,true,1,345262
7290116532486,false,גלידה פיינט קליק וני,"גלידת שטראוס בע""מ",IL,גלידה פיינט קליק וניל קרמל מלוח 520מל,מיליליטרים,520.00,"100 מ""ל",false,6,22.90,4.4038,true,1,345264
7290116532615,false,שמפו פינוק 700 מל גו,יוניליוור,,שמפו פינוק 700 מל גוגי ברי,מיליליטרים,700.00,"100 מ""ל",false,1,11.90,1.7000,true,1,346154
7290116532622,false,מרכך פינוק 700 מל גו,יוניליוור,,מרכך פינוק 700 מל גוגי ברי,מיליליטרים,700.00,"100 מ""ל",false,1,11.90,1.7000,true,1,346156
7290116532721,false,הלמנס רוטב ישראלי לס,יוניליוור,,הלמנס רוטב ישראלי לסלט 295 גרם,גרמים,295.00,100 גרם,false,1,12.90,4.3729,true,1,347016
7290116532738,false,הלמנס רוטב איטלקי לס,יוניליוור,,הלמנס רוטב איטלקי לסלט 295 גרם,גרמים,295.00,100 גרם,false,1,12.90,4.3729,true,1,347015
7290116532769,false,גרנולה תלמה פרוטאין,חטיפי העמק,,גרנולה תלמה פרוטאין תפוח קינמון300 גר,גרמים,300.00,100 גרם,false,1,15.90,5.3000,true,1,346031
7290116532875,false,סבון נוזלי פינוק ביי,יוניליוור,IL,סבון נוזלי פינוק בייבי 900 מל,מיליליטרים,900.00,"100 מ""ל",false,12,21.90,2.4333,true,1,346700
7290116533063,false,דגני שוגי קרטיב ענבי,יוניליוור,,דגני שוגי קרטיב ענבים 400 גרם,גרמים,375.00,100 גרם,false,1,19.90,5.3067,true,1,346194
7290116533094,false,שמפו פינוק 700 מל בנ,יוניליוור,,שמפו פינוק 700 מל בניחוח ורדים לבנים,מיליליטרים,700.00,"100 מ""ל",false,1,11.90,1.7000,true,1,347266
7290116533100,false,מרכך פינוק 700 מל בנ,יוניליוור,,מרכך פינוק 700 מל בניחוח ורדים לבנים,מיליליטרים,700.00,"100 מ""ל",false,1,11.90,1.7000,true,1,347267
7290116533117,false,תחליב רחצה פינוק ניח,יוניליוור,,תחליב רחצה פינוק ניחוח ורדים לבנים 700מל,מיליליטרים,700.00,"100 מ""ל",false,1,11.90,1.7000,true,1,347265
7290116930282,false,ארוחה בקטנה לאבנה עם,תנובה חלב,IL,ארוחה בקטנה לאבנה עם קרקרים 150גר,גרמים,150.00,100 גרם,false,24,8.50,5.6667,true,1,346552
7290116930329,false,יוגורט יופלה אוללה פ,,,יוגורט יופלה אוללה פירות יער בתחתית150גר,גרמים,150.00,100 גרם,false,1,5.10,3.4000,true,1,344019
7290116930435,false,מעדן יופלה גו דובדבן,תנובה חלב,,מעדן יופלה גו דובדבן במרקם סמיך 200גר,מיליליטרים,200.00,"100 מ""ל",false,1,5.90,2.9500,true,1,345150
7290116930442,false,יופלה שייק 230מל בננ,תנובה חלב,IL,יופלה שייק 230מל בננה מנגו תפוז גזר וציה,מיליליטרים,230.00,"100 מ""ל",false,12,7.90,3.4348,true,1,346248
7290116930459,false,יופלה שייק 230מל אננ,תנובה חלב,IL,יופלה שייק 230מל אננס וקוקוס,מיליליטרים,230.00,"100 מ""ל",false,12,7.90,3.4348,true,1,346251
7290116930466,false,יופלה שייק 230מל מנג,תנובה חלב,IL,יופלה שייק 230מל מנגו בננה פסיפלורה והל,מיליליטרים,230.00,"100 מ""ל",false,12,7.90,3.4348,true,1,346250
7290116930480,false,יופלה שייק 230מל בננ,תנובה חלב,IL,יופלה שייק 230מל בננה קיווי תפוח,מיליליטרים,230.00,"100 מ""ל",false,12,7.90,3.4348,true,1,346249
7290116930497,false,גבינה כחולה 100 גרם,תנובה חלב,IL,גבינה כחולה 100 גרם,גרמים,100.00,100 גרם,false,8,14.90,14.9000,true,1,345145
7290116930558,false,משקה תה קר עם חלב טע,תנובה חלב,IL,משקה תה קר עם חלב טעם צאי קרמל 230מל,גרמים,230.00,100 גרם,false,8,6.90,3.0000,true,1,346040
7290116930565,false,משקה תה קר עם חלב טע,תנובה חלב,IL,משקה תה קר עם חלב טעם צאי מסאלה 230מל,גרמים,230.00,100 גרם,false,8,6.90,3.0000,true,1,346041
7290116930572,false,משקה תה קר עם חלב טע,תנובה חלב,IL,משקה תה קר עם חלב טעם צאי ורדים 230מל,גרמים,230.00,100 גרם,false,8,6.90,3.0000,true,1,346276
7290116930626,false,ארוחה בקטנה ציזיקי ע,תנובה חלב,IL,ארוחה בקטנה ציזיקי עם קרקרים 150גר,גרמים,150.00,100 גרם,false,24,8.50,5.6667,true,1,346553
7290116930633,false,מעדן יולו שוק. בלונד,,,מעדן יולו שוק. בלונד תוספת שברי בייגל120,גרמים,120.00,100 גרם,false,1,4.80,4.0000,true,1,346039
7290116930640,false,מעדן יולו שוק. חלב ב,,,מעדן יולו שוק. חלב בתוספת שברי בייגלה120,גרמים,120.00,100 גרם,false,1,4.80,4.0000,true,1,346038
7290116930701,false,מעדן יופלה גו ט.קרמל,תנובה חלב,IL,מעדן יופלה גו ט.קרמל מלוח12גר חלבון 120ג,גרמים,120.00,100 גרם,false,20,4.90,4.0833,true,1,346035
7290116930718,false,מעדן תנובה דיאט שוקו,,,מעדן תנובה דיאט שוקולד קרמל מלוח 150 גר,גרמים,150.00,100 גרם,false,1,4.20,2.8000,true,1,346355
7290116930725,false,מעדן סויה ביו קוקוס,תנובה חלב,IL,מעדן סויה ביו קוקוס אלטרנטיב 150גר,גרמים,150.00,100 גרם,false,48,4.50,3.0000,true,1,346513
7290116930954,false,יוגורט יופלה טעם פאי,,,יוגורט יופלה טעם פאי תפוחים 150גר,גרמים,150.00,100 גרם,false,1,5.50,3.6667,true,1,348082
7290116931081,false,מעדן סויה בטעם טופי,,,מעדן סויה בטעם טופי קרמל 125 גרם,מיליליטרים,125.00,"100 מ""ל",false,1,4.90,3.9200,true,1,346554
7290116931104,false,יוגורט יופלה גו אננס,תנובה חלב,,יוגורט יופלה גו אננס במרקם סמיך 200גר,מיליליטרים,200.00,"100 מ""ל",false,1,5.90,2.9500,true,1,346512
7290117050026,false,סכין טורנה 6סמ קלאסי,,,סכין טורנה 6סמ קלאסיק פוד אפיל,יחידה,1.00,יחידה,false,1,7.90,7.9000,true,1,346467
7290117050156,false,תרמוס כד מהודר 1ליטר,,,תרמוס כד מהודר 1ליטר טו גו שחור פוד אפיל,יחידה,1.00,יחידה,false,1,64.90,64.9000,true,1,345848
7290117050248,false,כדור מסננת לתה בתפזו,,,כדור מסננת לתה בתפזורת עם שרשרת,יחידה,1.00,יחידה,false,1,6.90,6.9000,true,1,347830
7290117050347,false,קומקום נירוסטה שורק,,,קומקום נירוסטה שורק 2.9ליטר פוד אפיל,יחידה,1.00,יחידה,false,1,82.90,82.9000,true,1,345772
7290117050392,false,בקבוק נירוסטה שומר ח,,,בקבוק נירוסטה שומר חום 500מל שחור מטלי,יחידה,1.00,יחידה,false,1,54.90,54.9000,true,1,346485
7290117050408,false,בקבוק נירוסטה שומר ח,,,בקבוק נירוסטה שומר חום 500מל חום רוז גול,יחידה,1.00,יחידה,false,1,54.90,54.9000,true,1,346487
7290117050415,false,בקבוק נירוסטה שומר ח,,,בקבוק נירוסטה שומר חום 500מל נחושת מטלי,יחידה,1.00,יחידה,false,1,54.90,54.9000,true,1,346488
7290117050637,false,מארז 6 סכיני סטייק מ,,,מארז 6 סכיני סטייק מיט לאבר פוד אפיל,יחידה,6.00,יחידה,false,1,59.90,9.9833,true,1,346489
7290117050644,false,מארז 6 מזלגות סטייק,,,מארז 6 מזלגות סטייק מיט לאבר פוד אפיל,יחידה,6.00,יחידה,false,1,59.90,9.9833,true,1,346490
7290117051030,false,כף סינון וטיגון נירו,,,כף סינון וטיגון נירוסטה 14סמ עכביש פוד,יחידה,1.00,יחידה,false,1,17.90,17.9000,true,1,347843
7290117051207,false,מוט השחזה מקצועי יהל,,,מוט השחזה מקצועי יהלום 30סמ עגול פוד אפי,יחידה,1.00,יחידה,false,1,87.90,87.9000,true,1,346493
7290117051214,false,מטרפה סיליקון 28סמ פ,,,מטרפה סיליקון 28סמ פוד אפיל,יחידה,1.00,יחידה,false,1,24.90,24.9000,true,1,345747
7290117051252,false,קריספר פוד אפיל להכנ,,,קריספר פוד אפיל להכנת טוגנים ללא שמן,יחידה,1.00,יחידה,false,1,154.90,154.9000,true,1,346587
7290117051344,false,תבנית אפיה קוגלהוף 2,,,תבנית אפיה קוגלהוף 23סמ פוד אפיל,יחידה,1.00,יחידה,false,1,47.90,47.9000,true,1,346483
7290117051351,false,תבנית אפיה 24/24סמ ד,,,תבנית אפיה 24/24סמ דולצה איטליאנו פוד,יחידה,1.00,יחידה,false,1,39.90,39.9000,true,1,346480
7290117051375,false,תבנית אפיה קפיצית 26,,,תבנית אפיה קפיצית 26סמ דולצה איטליאנו,יחידה,1.00,יחידה,false,1,36.90,36.9000,true,1,346479
7290117051382,false,תבנית אפיה קפיצית 28,,,תבנית אפיה קפיצית 28סמ דולצה איטליאנו,יחידה,1.00,יחידה,false,1,39.90,39.9000,true,1,346481
7290117051399,false,תבנית אפיה קפיצית 30,,,תבנית אפיה קפיצית 30סמ דולצה איטליאנו,יחידה,1.00,יחידה,false,1,39.90,39.9000,true,1,346482
7290117051405,false,תבנית אינגליש קייק 2,,,תבנית אינגליש קייק 25סמ דולצה איטליאנו,יחידה,1.00,יחידה,false,1,19.90,19.9000,true,1,346470
7290117051412,false,תבנית אינגליש קייק 3,,,תבנית אינגליש קייק 30סמ דולצה איטליאנו,יחידה,1.00,יחידה,false,1,24.90,24.9000,true,1,346474
7290117051436,false,סט תבנית פיצה+פורס פ,,,סט תבנית פיצה+פורס פיצה פוד אפיל,יחידה,1.00,יחידה,false,1,82.90,82.9000,true,1,345771
7290117051559,false,משטח לייבוש כלים אבן,,,משטח לייבוש כלים אבן 40/47סמ פוד אפיל,יחידה,1.00,יחידה,false,1,21.90,21.9000,true,1,346471
7290117051566,false,משטח לייבוש כלים שחו,,,משטח לייבוש כלים שחור 40/47סמ פוד אפיל,יחידה,1.00,יחידה,false,1,21.90,21.9000,true,1,346472
7290117051573,false,משטח לייבוש כלים אפו,,,משטח לייבוש כלים אפור 40/47סמ פוד אפיל,יחידה,1.00,יחידה,false,1,21.90,21.9000,true,1,346473
7290117051795,false,מצקת מיני מנירוסטה ב,,,מצקת מיני מנירוסטה בגימור זהב פוד אפיל,יחידה,1.00,יחידה,false,1,26.90,26.9000,true,1,347875
7290117051917,false,מארז 3יח מחבתות פוד,,,מארז 3יח מחבתות פוד אפיל 20+22+24סמ,יחידה,3.00,יחידה,false,1,209.00,69.6667,true,1,347156
7290117051924,false,מד חום אנלוגי לאפיה,,,מד חום אנלוגי לאפיה עד 300מעלות פוד אפיל,יחידה,1.00,יחידה,false,1,36.90,36.9000,true,1,346594
7290117051955,false,מד חום דיגיטלי דקר ע,,,מד חום דיגיטלי דקר עד 250מעלות פוד אפיל,יחידה,1.00,יחידה,false,1,79.90,79.9000,true,1,346595
7290117051979,false,שלישיית תבניות אמייל,,,שלישיית תבניות אמייל פוד אפיל שחור,יחידה,3.00,יחידה,false,1,134.90,44.9667,true,1,345782
7290117051986,false,סט 4 כוסות דופן כפול,,,סט 4 כוסות דופן כפולה 250מל ונצואלה,יחידה,4.00,יחידה,false,1,87.90,21.9750,true,1,346486
7290117052013,false,סט 3 סירי זכוכית אוב,,,סט 3 סירי זכוכית אובלי 0.7/1.5/2.5ליטר,יחידה,3.00,יחידה,false,1,124.90,41.6333,true,1,345857
7290117052020,false,תבנית זכוכית מלבנית,,,תבנית זכוכית מלבנית 2ליטר פוד אפיל,יחידה,1.00,יחידה,false,1,34.90,34.9000,true,1,345842
7290117052044,false,סט 2 תבניות זכוכית 2,,,סט 2 תבניות זכוכית 2/2.9ליטר פוד אפיל,יחידה,1.00,יחידה,false,1,74.90,74.9000,true,1,345849
7290117052334,false,סט 2 כוסות דאבל 250מ,,,סט 2 כוסות דאבל 250מל פיליפיניס פוד אפיל,יחידה,2.00,יחידה,false,1,36.90,18.4500,true,1,346476
7290117052341,false,סט 2 כוסות 250מל טנז,,,סט 2 כוסות 250מל טנזיה פודאפיל,יחידה,2.00,יחידה,false,1,42.90,21.4500,true,1,346484
7290117052365,false,סט 2 כוסות דאבל 80מל,,,סט 2 כוסות דאבל 80מל מדגסקר פוד אפיל,יחידה,2.00,יחידה,false,1,29.90,14.9500,true,1,346475
7290117052976,false,בוזק נירוסטה לתבליני,,,בוזק נירוסטה לתבלינים פוד אפיל,יחידה,1.00,יחידה,false,1,12.90,12.9000,true,1,347837
7290117053799,false,פלנצה מלבנית 27/33סמ,,,פלנצה מלבנית 27/33סמ +מלקחיים פוד אפיל,יחידה,1.00,יחידה,false,1,189.00,189.0000,true,1,347158
7290117260043,false,ריבת עלי ורדים 380 ג,,TR,ריבת עלי ורדים 380 גרם,גרמים,380.00,100 גרם,false,12,10.90,2.8684,true,1,342524
7290117260050,false,קונפיטורה חבושים 380,,TR,קונפיטורה חבושים 380 גרם,גרמים,380.00,100 גרם,false,12,10.90,2.8684,true,1,342525
7290117260265,false,מארז מיני דונאטס 6יח,,PL,מארז מיני דונאטס 6יח 330גר,גרמים,330.00,100 גרם,false,8,19.90,6.0303,true,1,342124
7290117260661,false,תן בו ציפוי ט.שוקולד,,,תן בו ציפוי ט.שוקולד מריר 100גר,גרמים,100.00,100 גרם,false,24,9.90,9.9000,true,1,343666
7290117260685,false,תן בו מיקס בציפויים,,,תן בו מיקס בציפויים שונים 230גר,גרמים,230.00,100 גרם,false,16,19.90,8.6522,true,1,343665
7290117260920,false,קרקרים ללא גלוטן 125,,IT,קרקרים ללא גלוטן 125 גר כשלפ,גרמים,125.00,100 גרם,false,6,9.90,7.9200,true,1,345225
7290117260937,false,קרקרים ללא גלוטן עם,,IT,קרקרים ללא גלוטן עם עגבניות אורגני 125ג,גרמים,125.00,100 גרם,false,6,9.90,7.9200,true,1,345226
7290117260951,false,ביסקוויט ללא גלוטן פ,,IT,ביסקוויט ללא גלוטן פירות הדר 125גר כשלפ,גרמים,125.00,100 גרם,false,6,9.90,7.9200,true,1,345228
7290117260968,false,ביסקוויט ללא גלוטן 1,,IT,ביסקוויט ללא גלוטן 125 גר כשלפ,גרמים,125.00,100 גרם,false,6,9.90,7.9200,true,1,345227
7290117261521,false,סלמון אטלנטי בשמן קנ,,LV,סלמון אטלנטי בשמן קנולה 120 גרם,גרמים,120.00,100 גרם,false,11,10.90,9.0833,true,1,347282
7290117261538,false,סלמון אטלנטי בשמן קנ,,LV,סלמון אטלנטי בשמן קנולה וצילי 120 גרם,גרמים,120.00,100 גרם,false,11,10.90,9.0833,true,1,347285
7290117261545,false,סלמון אטלנטי ברוטב ט,,LV,סלמון אטלנטי ברוטב טריאקי 120 גרם,גרמים,120.00,100 גרם,false,11,10.90,9.0833,true,1,347287
7290117261552,false,סלמון אטלנטי ברוטב ע,,LV,סלמון אטלנטי ברוטב עגבניות 120 גרם,גרמים,120.00,100 גרם,false,11,10.90,9.0833,true,1,347286
7290117261569,false,סלמון אטלנטי מעושן ב,,LV,סלמון אטלנטי מעושן בשמן קנולה 120 גרם,גרמים,120.00,100 גרם,false,11,10.90,9.0833,true,1,347283
7290117261576,false,סרדין בריסלינג מעושן,,LT,סרדין בריסלינג מעושן ברוטב עגבנ 185 גרם,גרמים,185.00,100 גרם,false,28,13.90,7.5135,true,1,347293
7290117261583,false,סרדין בריסלינג מעושן,,LT,סרדין בריסלינג מעושן בשמן קנולה 185 גרם,גרמים,185.00,100 גרם,false,28,13.90,7.5135,true,1,347291
7290117261590,false,סרדין בריסלינג מעושן,,LT,סרדין בריסלינג מעושן בשמן זית 185 גרם,גרמים,185.00,100 גרם,false,28,13.90,7.5135,true,1,347292
7290117262023,false,ארטישוק אלה רומנו בש,,IT,ארטישוק אלה רומנו בשמן זית ותבלינים510גר,גרמים,510.00,100 גרם,false,12,31.90,6.2549,true,1,347281
7290117380147,false,רוטב חרדל ודבש מאסטר,רמייה,NL,רוטב חרדל ודבש מאסטר שף 260 גרם,מיליליטרים,260.00,"100 מ""ל",false,6,9.90,3.8077,true,1,344967
7290117380154,false,רוטב אסיאתי לסלט מאס,רמייה,NL,רוטב אסיאתי לסלט מאסטר שף 264 מל,גרמים,264.00,100 גרם,false,6,9.90,3.7500,true,1,344968
7290117380192,false,חטיף מנה פוף קראנץ ג,Mana,,חטיף מנה פוף קראנץ גריל 60 גר,Unknown,0.00,Unknown,false,1,3.90,0.0000,true,1,343043
7290117380208,false,חטיף מנה פוף קראנץ ח,Mana,,חטיף מנה פוף קראנץ חמוץ חריף 60 גר,Unknown,0.00,Unknown,false,1,3.90,0.0000,true,1,343044
7290117380215,false,חטיף מנה פוף קראנץ ט,Mana,,חטיף מנה פוף קראנץ טאקו 60 גר,Unknown,0.00,Unknown,false,1,3.90,0.0000,true,1,343045
7290117380857,false,חטיף פייבר סלים דליס,,NL,חטיף פייבר סלים דליס לימון 5 יח 120 ג,גרמים,120.00,100 גרם,false,12,11.90,9.9167,true,1,345464
7290117380864,false,חטיף פייבר סלים דליס,,NL,חטיף פייבר סלים דליס בראוניז 5 יח 120 ג,גרמים,120.00,100 גרם,false,12,11.90,9.9167,true,1,345465
7290117380871,false,חטיף פייבר סלים דליס,,NL,חטיף פייבר סלים דליס אוכמניות 5 יח 120 ג,גרמים,120.00,100 גרם,false,12,11.90,9.9167,true,1,345463
7290117383728,false,זוג אל סבון פלמוליב,CP - Turkey+60,TR,זוג אל סבון פלמוליב 750מל לומינוס אבוקדו,מיליליטרים,1500.00,"100 מ""ל",false,12,30.00,2.0000,true,1,347526
7290117383735,false,זוג אל סבון פלמוליב,CP - Turkey+60,TR,זוג אל סבון פלמוליב 750מל חימר ורדים,מיליליטרים,1500.00,"100 מ""ל",false,12,30.00,2.0000,true,1,347527
7290117767696,false,כפפות לטקס חד פעמי מ,,,כפפות לטקס חד פעמי מדיום 100 יח עם אבקה,יחידה,100.00,יחידה,false,1,19.90,0.1990,true,1,345960
7290117900932,false,גרעיני אבטיח קלויים,"שקדיה גבע תעשיות בע""",IL,גרעיני אבטיח קלויים שקדיה 130 גרם בגביע,גרמים,130.00,100 גרם,false,1,10.00,7.6923,true,1,346255
7290117900949,false,בוטנים אמריקאים שקדי,"שקדיה גבע תעשיות בע""",IL,בוטנים אמריקאים שקדיה 250 גרם בגביע,גרמים,250.00,100 גרם,false,1,10.00,4.0000,true,1,346254
7290117900956,false,תערובת פיצוחים קלויי,"שקדיה גבע תעשיות בע""",IL,תערובת פיצוחים קלויים שקדיה180 גרם בגביע,גרמים,180.00,100 גרם,false,1,15.90,8.8333,true,1,346265
7290117900963,false,בוטנים קלויים שקדיה,"שקדיה גבע תעשיות בע""",IL,בוטנים קלויים שקדיה 270 גרם בגביע,גרמים,270.00,100 גרם,false,1,10.00,3.7037,true,1,346257
7290117900970,false,שקדים קלויים שקדיה 1,"שקדיה גבע תעשיות בע""",IL,שקדים קלויים שקדיה 180 גרם בגביע,גרמים,180.00,100 גרם,false,1,15.90,8.8333,true,1,346258
7290117900987,false,אגוז פקאן קלוף שקדיה,"שקדיה גבע תעשיות בע""",IL,אגוז פקאן קלוף שקדיה 140 גרם בגביע,גרמים,180.00,100 גרם,false,1,15.90,8.8333,true,1,346259
7290117900994,false,פקאן סיני מסוכר שקדי,"שקדיה גבע תעשיות בע""",IL,פקאן סיני מסוכר שקדיה 140 גרם בגביע,גרמים,140.00,100 גרם,false,1,15.90,11.3571,true,1,346260
7290117901007,false,פיסטוק קלוי שקדיה 13,"שקדיה גבע תעשיות בע""",IL,פיסטוק קלוי שקדיה 130 גרם בגביע,גרמים,130.00,100 גרם,false,1,15.90,12.2308,true,1,346261
7290117901014,false,קשיו קלוי שקדיה 160,"שקדיה גבע תעשיות בע""",IL,קשיו קלוי שקדיה 160 גרם בגביע,גרמים,160.00,100 גרם,false,1,15.90,9.9375,true,1,346262
7290117901021,false,קבוקים עם שומשום שקד,"שקדיה גבע תעשיות בע""",IL,קבוקים עם שומשום שקדיה 220 גרם בגביע,גרמים,220.00,100 גרם,false,1,10.00,4.5455,true,1,346256
7290117901038,false,אגוזי מלך קלופים שקד,"שקדיה גבע תעשיות בע""",IL,אגוזי מלך קלופים שקדיה190 גרם בגביע,גרמים,190.00,100 גרם,false,1,15.90,8.3684,true,1,346266
7290117901045,false,בוטן רביולי שקדיה 20,"שקדיה גבע תעשיות בע""",IL,בוטן רביולי שקדיה 200 גרם בגביע,גרמים,200.00,100 גרם,false,1,15.90,7.9500,true,1,346263
7290117901052,false,שקד טבעי קלוף שקדיה,"שקדיה גבע תעשיות בע""",IL,שקד טבעי קלוף שקדיה 180 גרם בגביע,גרמים,180.00,100 גרם,false,1,15.90,8.8333,true,1,346264
7290117901199,false,טורטיה טורטילס שומשו,,TR,טורטיה טורטילס על גחלים 520 גרם,גרמים,520.00,100 גרם,false,1,10.90,2.0962,true,1,347424
7290117901205,false,טורטיה טורטילס שומשו,,TR,טורטיה טורטילס שומשום ופשתן 450 גרם,גרמים,450.00,100 גרם,false,1,10.90,2.4222,true,1,347423
7290118420477,false,בייגלה שטוחים טעם בי,"אסם תעשיות בע""מ",,בייגלה שטוחים טעם ביסלי בצל 300 גר,גרמים,300.00,100 גרם,false,1,11.50,3.8333,true,1,347432
7290118420514,false,אינסטנט פודינג נוגט,"אסם תעשיות בע""מ",,אינסטנט פודינג נוגט אוסם 75 גר,Unknown,0.00,Unknown,false,1,6.00,0.0000,true,1,347427
7291044045550,false,מייבש שיער יונדאי 21,,IL,מייבש שיער יונדאי 2100וואט,יחידה,1.00,יחידה,false,1,130.00,130.0000,true,1,331236
7291044045819,false,פלטת שבת 4 סירים 400,,,פלטת שבת 4 סירים 400וואט 54/42סמ,יחידה,1.00,יחידה,false,1,159.00,159.0000,true,1,334261
7291044047219,false,קוצץ ירקות יונדאי 40,,,קוצץ ירקות יונדאי 400וואט,יחידה,1.00,יחידה,false,1,150.00,150.0000,true,1,334264
7291044048834,false,כבל מאריך 2,,IL,כבל מאריך 2,יחידה,1.00,יחידה,false,1,18.90,18.9000,true,1,330959
7291044048889,false,כבל מאריך 3,,IL,כבל מאריך 3,יחידה,1.00,יחידה,false,1,24.90,24.9000,true,1,330960
7291044052817,false,פנס קיר לדים לונדון,,,פנס קיר לדים לונדון 120 איי סי 12וואט,יחידה,1.00,יחידה,false,1,119.90,119.9000,true,1,334640
7291044052923,false,מכונת תספורת טיטניום,,,מכונת תספורת טיטניום מקצועית,יחידה,1.00,יחידה,false,1,149.00,149.0000,true,1,334260
7291044053159,false,קומקום חשמלי 2 ליטר,,IL,קומקום חשמלי 2 ליטר יונדאי פנינה,יחידה,1.00,יחידה,false,1,75.00,75.0000,true,1,330964
7291044053906,false,מחבט קטלן יתושים אקו,,,מחבט קטלן יתושים אקו יורו,יחידה,1.00,יחידה,false,1,21.90,21.9000,true,1,332426
7291044056013,false,מפזר חום שוכב/עומד י,,,מפזר חום שוכב/עומד יונדאי 2000 וואט,יחידה,1.00,יחידה,false,1,69.90,69.9000,true,1,334637
7291044057201,false,נורה אקו 26וואט חצי,,IL,נורה אקו 26וואט חצי ספירל דאבל יו,יחידה,1.00,יחידה,false,1,27.90,27.9000,true,1,330953
7291044059472,false,מטחנת קפה 120וואט יו,,,מטחנת קפה 120וואט יונדאי,יחידה,1.00,יחידה,false,1,99.90,99.9000,true,1,334252
7291044061505,false,קומקום חשמלי 2 ליטר,,IL,קומקום חשמלי 2 ליטר יונדאי שחור,יחידה,1.00,יחידה,false,1,75.00,75.0000,true,1,330965
7291044064025,false,מגהץ אדים 2200וואט ק,,IL,מגהץ אדים 2200וואט קרמי יונדאי,יחידה,1.00,יחידה,false,1,69.00,69.0000,true,1,331240
7291044066180,false,מאוורר משולב תעשייתי,,,מאוורר משולב תעשייתי 18אינץ,יחידה,1.00,יחידה,false,1,189.00,189.0000,true,1,331459
7291044066289,false,טוסטר לחייצה 4 פרוסו,,IL,טוסטר לחייצה 4 פרוסות יונדאי,יחידה,1.00,יחידה,false,1,145.00,145.0000,true,1,331235
7291044066364,false,רב שקע 4 עד 1מטר,,IL,רב שקע 4 עד 1מטר,יחידה,1.00,יחידה,false,1,17.90,17.9000,true,1,330957
7291044066371,false,רב שקע 5 עד 1מטר,,IL,רב שקע 5 עד 1מטר,יחידה,1.00,יחידה,false,1,18.90,18.9000,true,1,330958
7291044068672,false,כירה חשמלית כפולה לב,,IL,כירה חשמלית כפולה לבן 2500 וואט,יחידה,1.00,יחידה,false,1,170.00,170.0000,true,1,331238
7291044068689,false,כירה חשמלית בודדת לב,,IL,כירה חשמלית בודדת לבן 1500 וואט,יחידה,1.00,יחידה,false,1,89.00,89.0000,true,1,331237
7291044075847,false,פנס נישא תל אביב 25ס,,,פנס נישא תל אביב 25סמ 12וואט,יחידה,1.00,יחידה,false,1,59.90,59.9000,true,1,347552
7291044079135,false,מגן ברקים תקע שקע,,IL,מגן ברקים תקע שקע,יחידה,1.00,יחידה,false,1,24.90,24.9000,true,1,330956
7291044079852,false,קטלן חרקים מוסקיטר,,,קטלן חרקים מוסקיטר 2/6וואט UV,יחידה,1.00,יחידה,false,1,125.00,125.0000,true,1,331462
7291044084498,false,מקרן חום 4 גופים 240,,,מקרן חום 4 גופים 2400וואט,יחידה,1.00,יחידה,false,1,249.00,249.0000,true,1,334643
7291044086263,false,מעבד מזון יונדאי 2.4,,,מעבד מזון יונדאי 2.4 ליטר 800וואט,יחידה,1.00,יחידה,false,1,379.00,379.0000,true,1,332100
7291044091304,false,מיקסר יד חשמלי 250וו,,IL,מיקסר יד חשמלי 250וואט יונדאי,יחידה,1.00,יחידה,false,1,85.00,85.0000,true,1,330980
7291044091311,false,קוצץ ירקות 200וואט י,,IL,קוצץ ירקות 200וואט יונדאי,יחידה,1.00,יחידה,false,1,112.00,112.0000,true,1,330977
7291044097542,false,בלנדר חשמלי 450וואט,,IL,בלנדר חשמלי 450וואט יונדאי,יחידה,1.00,יחידה,false,1,139.00,139.0000,true,1,330978
7291044099515,false,מאוורר עמוד לבן טיימ,,,מאוורר עמוד לבן טיימר 58וואט 16אינץ,יחידה,1.00,יחידה,false,1,145.00,145.0000,true,1,331457
7291044101676,false,פנס נישא 6גי 3.6וואט,,,פנס נישא 6גי 3.6וואט,יחידה,1.00,יחידה,false,1,59.90,59.9000,true,1,334635
7291044103571,false,מפצל חשמל 1 ל2 סמיקו,,IL,מפצל חשמל 1 ל2 סמיקום בליסטר,יחידה,1.00,יחידה,false,1,8.90,8.9000,true,1,330961
7291044103588,false,מפצל חשמל 1 ל3 סמיקו,,IL,מפצל חשמל 1 ל3 סמיקום בליסטר,יחידה,1.00,יחידה,false,1,9.90,9.9000,true,1,330962
7291044108002,false,קומקום חשמלי זכוכית,,,קומקום חשמלי זכוכית שחור 2ליטר יונדאי,יחידה,1.00,יחידה,false,1,89.00,89.0000,true,1,334254
7291044108026,false,קומקום חשמלי זכוכית,,,קומקום חשמלי זכוכית אדום 2ליטר יונדאי,יחידה,1.00,יחידה,false,1,89.00,89.0000,true,1,334255
7291044110203,false,קטלן חרקים סטופר לד,,,קטלן חרקים סטופר לד 13וואט,יחידה,1.00,יחידה,false,1,125.00,125.0000,true,1,345049
7291047015130,false,תחתית סיר מסיליקון 1,,,תחתית סיר מסיליקון 18 סמ,יחידה,1.00,יחידה,false,1,21.90,21.9000,true,1,304616
7291047032762,false,צלחת אוריינטל 23סמ,,,צלחת אוריינטל 23סמ,יחידה,1.00,יחידה,false,1,7.50,7.5000,true,1,337079
7291062010554,false,צלחת אוריינטל 25סמ,,,צלחת אוריינטל 25סמ,יחידה,1.00,יחידה,false,1,9.90,9.9000,true,1,337080
7296049017328,false,מפת שולחן כסף/שחור 2,,,מפת שולחן כסף/שחור 240/140 ראנר 33/100סמ,יחידה,1.00,יחידה,false,1,64.90,64.9000,true,1,347076
7296049017342,false,מפת שולחן לבן/בז 240,,,מפת שולחן לבן/בז 240/140 ראנר כסף 33/100,יחידה,1.00,יחידה,false,1,64.90,64.9000,true,1,347077
7296049017366,false,מפת שולחן כסף/שחור 3,,,מפת שולחן כסף/שחור 300/140ראנר 33/120כסף,יחידה,1.00,יחידה,false,1,64.90,64.9000,true,1,347079
7296049017557,false,מפת שולחן לבן/בז 240,,,מפת שולחן לבן/בז 240/140 ראנר זהב 33/100,יחידה,1.00,יחידה,false,1,64.90,64.9000,true,1,347078
7296049123050,false,מחצלת 3*3מטר,,,מחצלת 3*3מטר,Unknown,0.00,Unknown,false,1,125.00,0.0000,true,1,304810
7296049145052,false,סל פיקניק ידיות אלומ,,,סל פיקניק ידיות אלומיניום,יחידה,1.00,יחידה,false,1,62.90,62.9000,true,1,312559
7296049145601,false,מבער גז רב תכליתי,,,מבער גז רב תכליתי,יחידה,1.00,יחידה,false,1,69.90,69.9000,true,1,334895
7296049222074,false,סט תה/קפה/סוכר עגול,,CN,סט תה/קפה/סוכר עגול שחור לקיטשן 11/15,יחידה,3.00,יחידה,false,1,69.90,23.3000,true,1,339543
7296049222937,false,קנקן תה זכוכית 1.5לי,,,קנקן תה זכוכית 1.5ליטר שחור/לבן,יחידה,1.00,יחידה,false,1,36.90,36.9000,true,1,334887
7296049222944,false,קנקן תה זכוכית 2ליטר,,,קנקן תה זכוכית 2ליטר שחור/לבן,יחידה,1.00,יחידה,false,1,39.90,39.9000,true,1,334886
7296049223750,false,קרחום 200 מל צבעוני,,,קרחום 200 מל צבעוני קמפטאון,יחידה,1.00,יחידה,false,1,11.90,11.9000,true,1,334884
7296049223767,false,קרחום 400 מל צבעוני,,,קרחום 400 מל צבעוני קמפטאון,יחידה,1.00,יחידה,false,1,10.90,10.9000,true,1,334885
7296049223781,false,קרחום 600 מל צבעוני,,,קרחום 600 מל צבעוני קמפטאון,יחידה,1.00,יחידה,false,1,15.90,15.9000,true,1,334883
7296049223798,false,קרחום 1000מל צבעוני,,,קרחום 1000מל צבעוני קמפטאון,יחידה,1.00,יחידה,false,1,15.90,15.9000,true,1,334881
7296049225884,false,סט 6 כוסות צבעוניות,,,סט 6 כוסות צבעוניות 425מל לוריין,יחידה,6.00,יחידה,false,1,59.90,9.9833,true,1,344682
7296049226904,false,ספל מאג זכוכית מרסיי,,CN,ספל מאג זכוכית מרסיי,יחידה,1.00,יחידה,false,1,5.90,5.9000,true,1,336973
7296049226980,false,ספל מאג זכוכית פרובא,,CN,ספל מאג זכוכית פרובאנס,יחידה,1.00,יחידה,false,1,7.90,7.9000,true,1,336981
7296049242683,false,סט מצעים זוגי גרסי ק,מגי,,סט מצעים זוגי גרסי קול איט פלאן,Unknown,0.00,Unknown,false,1,69.90,0.0000,true,1,324078
7296049259742,false,קופסא לאחסון גבינה ד,,,קופסא לאחסון גבינה דן,יחידה,1.00,יחידה,false,1,13.90,13.9000,true,1,344675
7296049259759,false,קופסא לאחסון נקניק ד,,,קופסא לאחסון נקניק דן,יחידה,1.00,יחידה,false,1,13.90,13.9000,true,1,344674
7296049259766,false,סיר מיקרוגל שף 3.2לי,,,סיר מיקרוגל שף 3.2ליטר דן,יחידה,1.00,יחידה,false,1,19.90,19.9000,true,1,344678
7296049271928,false,כסא במאים עם ידיות,,,כסא במאים עם ידיות,יחידה,1.00,יחידה,false,1,66.90,66.9000,true,1,245773
7296155012347,false,קרש חיתוך למטבח סטנד,,,מגש חיתוך סטנדרטי,יחידה,1.00,יחידה,false,1,16.90,16.9000,true,1,337368
7296155023459,false,קרש חיתוך גדול למטבח,,,קרש חיתוך גדול למטבח 25/41סמ,יחידה,1.00,יחידה,false,1,22.90,22.9000,true,1,338248
7296168009631,false,מוצץ גומי פיטמה אורת,רפיני,CN,מוצץ גומי פיטמה אורתודנטית סוויט סמול,Unknown,0.00,Unknown,false,12,22.90,0.0000,true,1,318099
7296168009655,false,מוצץ גומי פיטמה אורת,רפיני,CN,מוצץ גומי פיטמה אורתודנטית סוויט לארג,Unknown,0.00,Unknown,false,12,22.90,0.0000,true,1,318101
7296168017308,false,פלסטר שקוף מעורב 30,צאנל מייד,CN,פלסטר שקוף מעורב 30 יח,יחידה,30.00,יחידה,false,12,7.90,0.2633,true,1,318063
7296168705113,false,קיסמי שיניים,ארוינג טישו,CA,קיסמי שיניים,יחידה,100.00,יחידה,false,12,16.90,0.1690,true,1,306489
7297488097995,false,גרנולה דבש ללא גלוטן,נטורפוד,,גרנולה דבש ללא גלוטן 250 גר,גרמים,250.00,100 גרם,false,1,14.90,5.9600,true,1,241912
7297488098152,false,קמח חומוס דגש 500 גר,נטורפוד,IL,קמח חומוס דגש 500 גר ללא גלוטן,גרמים,500.00,100 גרם,false,15,16.90,3.3800,true,1,240903
7297488098169,false,קמח תירס דגש 500 גר,דגש,IL,קמח תירס דגש 500 גר ללא גלוטן,גרמים,500.00,100 גרם,false,15,8.90,1.7800,true,1,239718
7297488098176,false,קמח סויה דגש 500 גר,דגש,IL,קמח סויה דגש 500 גר ללא גלוטן,גרמים,500.00,100 גרם,false,15,8.90,1.7800,true,1,241557
7297488098183,false,קמח אורז דגש 500 גר,נטורפוד,IL,קמח אורז דגש 500 גר ללא גלוטן,גרמים,500.00,100 גרם,false,15,10.50,2.1000,true,1,241558
7297488098220,false,קמח ת.אדמה דגש 500 ג,דגש,IL,קמח ת.אדמה דגש 500 גר ללא גלוטן,גרמים,500.00,100 גרם,false,15,11.90,2.3800,true,1,241562
7297488098282,false,מרק עוף ללא גלוטן 50,"תבליני העליון בע""מ",,מרק עוף ללא גלוטן 500 גר דגש,גרמים,500.00,100 גרם,false,1,19.90,3.9800,true,1,241556
7297488098299,false,קמח טפיוקה דגש 500,נטורפוד,IL,קמח טפיוקה דגש 500 גר ללא גלוטן,גרמים,500.00,100 גרם,false,15,9.90,1.9800,true,1,241559
7297488098305,false,קמח שקדים דגש 250 גר,נטורפוד,IL,קמח שקדים דגש 250 גר ללא גלוטן,גרמים,250.00,100 גרם,false,15,25.90,10.3600,true,1,243084
7297488098688,false,פיצפוצי אורז מלא ללא,"תירפז בע""מ",,פיצפוצי אורז מלא ללא סוכר ומלח 450גר,גרמים,450.00,100 גרם,false,1,19.90,4.4222,true,1,314064
7297488099821,false,גרנולה ללא תוספת סוכ,דגש,IL,גרנולה ללא תוספת סוכר 250 גרם דגש,גרמים,250.00,100 גרם,false,20,14.90,5.9600,true,1,314065
7297488099890,false,פרוסות בסגנון קלאסי,וי גרדן,,פרוסות בסגנון קלאסי 9% 200 גר משומשו,גרמים,200.00,100 גרם,false,1,21.90,10.9500,true,1,306465
7297488099906,false,פרוסות בסגנון קלאסי,וי גרדן,,פרוסות בסגנון קלאסי 18% 200 גר משומשו,גרמים,200.00,100 גרם,false,1,21.90,10.9500,true,1,306466
7297488099951,false,תחליף מלוחה 5% 250גר,וי גרדן,,תחליף מלוחה 5% 250גר משומשו,גרמים,250.00,100 גרם,false,1,21.90,8.7600,true,1,306468
7297488099968,false,תחליף מלוחה 16% 250ג,וי גרדן,,תחליף מלוחה 16% 250גר משומשו,גרמים,250.00,100 גרם,false,1,21.90,8.7600,true,1,306469
7297488199606,false,פיצפוצי אורז קל 450,נטורפוד,IL,פיצפוצי אורז קל 450 גר דגש,גרמים,450.00,100 גרם,false,10,19.90,4.4222,true,1,246289
7297488199620,false,פיצפוצי אורז מלא 450,נטורפוד,IL,פיצפוצי אורז מלא 450 גר דגש,גרמים,450.00,100 גרם,false,10,19.90,4.4222,true,1,246290
7297488199682,false,קמח כוסמת ללא גלוטן,דגש,IL,קמח כוסמת ללא גלוטן 500 גר דגש,גרמים,500.00,100 גרם,false,15,14.90,2.9800,true,1,246291
7297488199781,false,קניידלך דגש ללא גלוט,נטורפוד,IL,קניידלך דגש ללא גלוטן 130 גר,גרמים,140.00,100 גרם,false,12,18.90,13.5000,true,1,249032
7297488199859,false,מצות דגש ללא גלוטן 3,"פסח בא בע""מ",,מצות דגש ללא גלוטן 300 גר,גרמים,300.00,100 גרם,false,1,23.90,7.9667,true,1,249037
7298572002635,false,משאבה ליין נירוסטה +,,,משאבה ליין נירוסטה + 2 פקקים,Unknown,0.00,Unknown,false,1,49.90,0.0000,true,1,318603
7310511802301,false,שוקולד דיים מיני 200,מונדליז,CH,שוקולד דיים מיני 200 גרם,גרמים,200.00,100 גרם,false,15,18.90,9.4500,true,1,340739
7312040017034,false,וודקה אבסולוט 1 ל,פרנו ריקרד ($),,וודקה אבסולוט 1 ל פקדון,ליטרים,1.00,ליטר,false,1,99.00,99.0000,true,1,306159
7312040017683,false,וודקה אבסלוט 700 מל,,,וודקה אבסלוט 700 מל פקדון,מיליליטרים,700.00,"100 מ""ל",false,1,66.90,9.5571,true,1,246494
7314710783003,false,עוגיות גינגר וקינמון,,,עוגיות גינגר וקינמון צורת לב אורגני 300,גרמים,300.00,100 גרם,false,1,22.90,7.6333,true,1,327568
7321011040308,false,מפיות דוני 3 שכבות,דוני,SE,מפיות דוני 3 שכבות 20יח צבע לבן,יחידה,20.00,יחידה,false,12,7.50,0.3750,true,1,306491
7321011040629,false,מפיות דוני 3 שכבות,דוני,SE,מפיות דוני 3 שכבות 20יח צבעוני,יחידה,20.00,יחידה,false,12,7.50,0.3750,true,1,306492
7321011404070,false,מפיות דוני 3 שכבות,דוני,SE,מפיות דוני 3 שכבות 20יח מעוטרות,יחידה,20.00,יחידה,false,20,10.90,0.5450,true,1,306493
7321011550067,false,מפיות דוני אלגנט 10י,דוני,SE,מפיות דוני אלגנט 10יח 40/40 צבעוני,יחידה,10.00,יחידה,false,10,21.90,2.1900,true,1,306495
7321031857054,false,מפות שולחן דוני דמוי,דוני,,מפות שולחן דוני דמוי בד 180/118 צבעוני,יחידה,1.00,יחידה,false,1,17.90,17.9000,true,1,327146
7332531063135,false,ספריי שיער סאיוס סרמ,מריבור,SI,ספריי שיער סאיוס סרמיד לחיזוק 400 מל,מיליליטרים,400.00,"100 מ""ל",false,6,24.90,6.2250,true,1,321515
7350022390386,false,קקאו הולנדי וואן האו,Van houten,,קקאו הולנדי וואן האוטן 125 גר,גרמים,125.00,100 גרם,false,1,12.90,10.3200,true,1,238113
7350075690228,false,מב. שיניים המבל אקול,,,מב. שיניים המבל אקולוגי ילדים סופט כחול,יחידה,1.00,יחידה,false,20,19.90,19.9000,true,1,332770
7350075690235,false,מב. שיניים המבל אקול,,,מב. שיניים המבל אקולוגי ילדים סופט צהוב,יחידה,1.00,יחידה,false,20,19.90,19.9000,true,1,332771
7350075691492,false,משחת שיניים טבעית המ,,,משחת שיניים טבעית המבל מנטה 75מל,מיליליטרים,75.00,"100 מ""ל",false,14,24.90,33.2000,true,1,332763
7350075691515,false,משחת שיניים טבעית המ,,,משחת שיניים טבעית המבל פחם 75מל,מיליליטרים,75.00,"100 מ""ל",false,14,24.90,33.2000,true,1,332766
7350075691577,false,משחת שיניים טבעית המ,,,משחת שיניים טבעית המבל קוקוס מלח 75מל,מיליליטרים,75.00,"100 מ""ל",false,14,24.90,33.2000,true,1,332764
7350075693564,false,מברשת שיניים המבל אק,,,מברשת שיניים המבל אקולוגי צבעי הקשת,יחידה,1.00,יחידה,false,20,19.90,19.9000,true,1,334211
7393714008503,false,קוקטייל גין תות ליים,,,קוקטייל גין תות ליים 250מל קופרברג פח.פק,מיליליטרים,250.00,"100 מ""ל",false,24,11.90,4.7600,true,1,347403
7393714369000,false,סיידר קופרברג אגסים,,,סיידר קופרברג אגסים 330מל 4.5%פחית,מיליליטרים,330.00,"100 מ""ל",false,1,10.00,3.0303,true,1,326654
7393714507020,false,סיידר קופרברג תות לי,,,סיידר קופרברג תות ליים 330מל 4.5%בקבוק,מיליליטרים,330.00,"100 מ""ל",false,1,10.00,3.0303,true,1,326652
7393714508102,false,סיידר קופרברג אגסים,,,סיידר קופרברג אגסים 330מל 4.5%בקבוק,מיליליטרים,330.00,"100 מ""ל",false,1,10.00,3.0303,true,1,326651
7393714509604,false,סיידר קופרברג תפוח,,,סיידר קופרברג תפוח 330מל 4.5%בקבוק,מיליליטרים,330.00,"100 מ""ל",false,1,10.00,3.0303,true,1,326653
7393714645401,false,קוקטייל גין פסיפלורה,,,קוקטייל גין פסיפלורה 250מל קופרברג פח.פק,מיליליטרים,250.00,"100 מ""ל",false,24,11.90,4.7600,true,1,347405
7393714645500,false,קוקטייל גין מיקס פרי,,,קוקטייל גין מיקס פרי 250מל קופרברג פח.פק,מיליליטרים,250.00,"100 מ""ל",false,24,11.90,4.7600,true,1,347404
7394376123337,false,משקה שיבולת שועל אור,,SE,משקה שיבולת שועל אורגני 1 ליטר אוטלי,ליטרים,1.00,ליטר,false,6,14.90,14.9000,true,1,333349
7394376615825,false,משקה שיבולת שועל מוע,,SE,משקה שיבולת שועל מועשר 1 ליטר אוטלי,ליטרים,1.00,ליטר,false,6,14.90,14.9000,true,1,333348
7394376615832,false,משקה שיבולת שועל בטע,,SE,משקה שיבולת שועל בטעם שוקולד 1 ליטר,ליטרים,1.00,ליטר,false,6,14.90,14.9000,true,1,333350
7394376616778,false,משקה שיבולת שועל ברי,,SE,משקה שיבולת שועל בריסטה להקצפה 1 ליטר,ליטרים,1.00,ליטר,false,6,14.90,14.9000,true,1,333347
7441000720599,false,לבבות דקל שלם 400 גר,,CR,לבבות דקל שלם 400 גרם לה צימה,גרמים,400.00,100 גרם,false,24,11.90,2.9750,true,1,322183
7441000720605,false,לבבות דקל צנצנת 410,,CR,לבבות דקל צנצנת 410 גרם לה צימה,גרמים,410.00,100 גרם,false,12,15.90,3.8780,true,1,322182
7501013101355,false,נקטר גומקס אפרסק 473,,IL,נקטר גומקס אפרסק 473מל פקדון,מיליליטרים,473.00,"100 מ""ל",false,1,9.90,2.0930,true,1,329245
7501013101393,false,משקה גומקס אננס 473,,IL,משקה גומקס אננס 473 מל פקדון,מיליליטרים,473.00,"100 מ""ל",false,1,9.90,2.0930,true,1,329246
7501013122039,false,נקטר מנגו גומקס 1ליט,COMERCIALIZADORA ELO,IL,נקטר מנגו גומקס 1ליטר קרטונית,ליטרים,1.00,ליטר,false,1,9.90,9.9000,true,1,329254
7501013122053,false,נקטר אפרסק גומקס 1לי,COMERCIALIZADORA ELO,IL,נקטר אפרסק גומקס 1ליטר קרטונית,ליטרים,1.00,ליטר,false,1,9.90,9.9000,true,1,329252
7501013122114,false,משקה אננס גומקס 1ליט,COMERCIALIZADORA ELO,IL,משקה אננס גומקס 1ליטר קרטונית,ליטרים,1.00,ליטר,false,1,9.90,9.9000,true,1,329253
7501013122190,false,משקה תפוחים גומקס 1ל,COMERCIALIZADORA ELO,IL,משקה תפוחים גומקס 1ליטר קרטונית,ליטרים,1.00,ליטר,false,1,9.90,9.9000,true,1,329256
7501013122992,false,משקה קוקוס אננס גומק,COMERCIALIZADORA ELO,IL,משקה קוקוס אננס גומקס 1ליטר קרטונית,ליטרים,1.00,ליטר,false,1,9.90,9.9000,true,1,329255
7501013138047,false,משקה רימונים יוניקו,COMERCIALIZADORA ELO,,משקה רימונים יוניקו פרסקו 1ליטר קרטונית,ליטרים,1.00,ליטר,false,1,11.90,11.9000,true,1,250393
7501013138184,false,משקה חמוציות יוניקו,COMERCIALIZADORA ELO,,משקה חמוציות יוניקו פרסקו 1ליטר קרטונית,ליטרים,1.00,ליטר,false,1,11.90,11.9000,true,1,250392
7501035012219,false,טקילה קוארבו טורדישי,חוזה פאז לובטו,,טקילה קוארבו טורדישינל 700 מל,מיליליטרים,700.00,"100 מ""ל",false,1,120.00,17.1429,true,1,322082
7501035013230,false,טקילה רזרבה 1800 סיל,,,טקילה רזרבה 1800 סילבר 750מל פקדון,מיליליטרים,750.00,"100 מ""ל",false,1,185.00,24.6667,true,1,247723
7501049936945,false,מארז שישיית בירה סול,,IL,מארז שישיית בירה סול 330מל בק.פקדון,ליטרים,1.98,ליטר,false,4,29.90,15.1010,true,1,331894
7501064191398,false,מארז 6יח בירה קורונה,,,מארז 6יח בירה קורונה בק 355 מל,מיליליטרים,2130.00,"100 מ""ל",false,1,34.90,1.6385,true,1,327694
7503012779405,false,סירופ אגווה כחול אור,נוטריאגבס,,סירופ אגבה כחול אורגני 600 מל,מיליליטרים,600.00,"100 מ""ל",false,1,29.90,4.9833,true,1,305729
7509546663265,false,משחת שיניים קולגייט,CP-Poland swidnica,MX,משחת שיניים קולגייט זירו נענע 98מל,Unknown,0.00,Unknown,false,24,17.90,0.0000,true,1,335765
7509546666846,false,משחת שיניים קולגייט,קולגייט,MX,משחת שיניים קולגייט טוטל פחם 75מל,מיליליטרים,75.00,"100 מ""ל",false,48,19.90,26.5333,true,1,338045
7509546678702,false,משחת שיניים קולגייט,CP-Poland swidnica,PL,משחת שיניים קולגייט טוטל אנטי טרטר 100מל,מיליליטרים,100.00,"100 מ""ל",false,48,16.90,16.9000,true,1,346537
7610008005384,false,שוקולד רגוזה לבן טרו,RAGUSA,,שוקולד רגוזה לבן טרופל מקורמלת 400 גר,גרמים,400.00,100 גרם,false,1,44.90,11.2250,true,1,317338
7610008059073,false,שוקולד רגוזה פרלין א,RAGUSA,,שוקולד רגוזה פרלין אגוזי לוז100 גר,גרמים,100.00,100 גרם,false,1,16.90,16.9000,true,1,336359
7610008059080,false,שוקולד רגוזה מריר טר,RAGUSA,,שוקולד רגוזה מריר טרופל אגוזי לוז100 גר,גרמים,100.00,100 גרם,false,1,16.90,16.9000,true,1,336360
7610008059097,false,שוקולד רגוזה לבן טרו,RAGUSA,,שוקולד רגוזה לבן טרופל מקורמלת 100 גר,גרמים,100.00,100 גרם,false,1,16.90,16.9000,true,1,336358
7610008059110,false,שוקולד טורינו מריר 1,קמיל בלוך,,שוקולד טורינו מריר 100 גרם,גרמים,100.00,100 גרם,false,1,15.90,15.9000,true,1,342322
7610008641001,false,שוקולד טורינו חלב100,קמיל בלוך,CH,שוקולד טורינו חלב 100 גרם,גרמים,100.00,100 גרם,false,18,15.90,15.9000,true,1,322683
7610008708506,false,שוקולד רגוזה מריר טר,RAGUSA,,שוקולד רגוזה מריר טרופל אגוזי לוז400 גר,גרמים,400.00,100 גרם,false,1,44.90,11.2250,true,1,317339
7610008709008,false,שוקולד רגוזה פרלין א,RAGUSA,,שוקולד רגוזה פרלין אגוזי לוז400 גר,גרמים,400.00,100 גרם,false,1,44.90,11.2250,true,1,317340
7610008713500,false,בונבוניירה טורינו300,RAGUSA,,בונבוניירה טורינו300 גרם,גרמים,400.00,100 גרם,false,1,44.90,11.2250,true,1,328646
7610023050215,false,תערובת מיזלי קרנץ אי,BIO FAMILIA,CH,מיזלי קראנצ איקס 500 גרם בשקית,גרמים,500.00,100 גרם,false,12,24.50,4.9000,true,1,229623
7610023051212,false,תערובת מוזלי שוקו אי,BIO FAMILIA,CH,מיזלי שוקו איקס 500 גרם בשקית,גרמים,500.00,100 גרם,false,12,24.50,4.9000,true,1,229621
7610100034084,false,מיונז טומי שפופרת265,נסטלה,,מיונז טומי שפופרת265 גרם,גרמים,265.00,100 גרם,false,1,11.90,4.4906,true,1,322896
7610113000175,false,רום בקרדי מוחיטו 700,בקרדי מרטיני,DE,רום בקרדי מוחיטו 700 מל,מיליליטרים,700.00,"100 מ""ל",false,1,70.00,10.0000,true,1,323247
7610113011652,false,משקה בקרדי בריזר תפו,,,משקה בקרדי בריזר תפוח 275מל פיקדון,מיליליטרים,275.00,"100 מ""ל",false,1,11.90,4.3273,true,1,332820
7610113013250,false,משקה בקרדי מוחיטו 25,בקרדי מרטיני,,משקה בקרדי מוחיטו 250מל פח.פקדון,מיליליטרים,250.00,"100 מ""ל",false,1,14.90,5.9600,true,1,345416
7610243004463,false,מסיר אבן דורגול מרסס,דורינג,,מסיר אבן דורגול מרסס 500 מל,מיליליטרים,500.00,"100 מ""ל",false,1,19.90,3.9800,true,1,235234
7610400010481,false,שוקולד לינדט אקסלנס,לינדט,,שוקולד לינדט אקסלנס מילק 100 גרם,גרמים,100.00,100 גרם,false,1,16.00,16.0000,true,1,228842
7610400013857,false,שוקולד לינדט גולד מי,לינדט,FR,שוקולד לינדט גולד מילק 300 גרם,גרמים,300.00,100 גרם,false,11,34.90,11.6333,true,1,318330
7610400013864,false,שוקולד לינדט גולד אג,לינדט,FR,שוקולד לינדט גולד אגוזי לוז 300 גרם,גרמים,300.00,100 גרם,false,10,34.90,11.6333,true,1,346379
7610400014632,false,שוקולד לינדור לבן 10,לינדט,CH,לינדור בודד וואיט 100 גרם,גרמים,100.00,100 גרם,false,12,16.00,16.0000,true,1,228671
7610400014649,false,שוקולד לינדור מילוי,לינדט,CH,לינדור בודד מילק 100גרם,גרמים,100.00,100 גרם,false,12,16.00,16.0000,true,1,228672
7610400068369,false,שוקולד לינדור אגוזים,לינדט,CH,לינדור בודד הזלנט 100 גרם,גרמים,100.00,100 גרם,false,12,16.00,16.0000,true,1,236879
7610400068499,false,שוקולד לינדט גולד שק,לינדט,FR,שוקולד לינדט גולד שקד שלם 300 גרם,גרמים,300.00,100 גרם,false,10,34.90,11.6333,true,1,346566
7610400068505,false,בונבוניירה לינדור מי,לינדט,,בונבוניירה לינדור מילק 200 ג,גרמים,200.00,100 גרם,false,1,29.90,14.9500,true,1,236159
7610400068529,false,בונבוניירה לינדור אס,לינדט,,בונבוניירה לינדור אסורטד 200 ג,גרמים,200.00,100 גרם,false,1,29.90,14.9500,true,1,233107
7610400070577,false,שוקולד לינדט אקסלנס,לינדט,CH,לינדט אקסלנס צילי 100 גרם,גרמים,100.00,100 גרם,false,20,16.00,16.0000,true,1,253595
7610400074155,false,שוקולד לינדור 60% מר,לינדט,CH,לינדור בודד 60% 100 גרם,גרמים,100.00,100 גרם,false,12,16.00,16.0000,true,1,236878
7610400075770,false,שוקולד לינדט לגרנד מ,לינדט,,שוקולד לינדט לגרנד מריר אגוזים 150 גר,גרמים,150.00,100 גרם,false,1,24.90,16.6000,true,1,238769
7610400075787,false,שוקולד לינדט לגרנד ח,לינדט,,שוקולד לינדט לגרנד חלב אגוזים 150 גר,גרמים,150.00,100 גרם,false,1,24.90,16.6000,true,1,238768
7610400075794,false,שוקולד לינדט לגרנד ל,לינדט,,שוקולד לינדט לגרנד לבן שקדים 150 גר,גרמים,150.00,100 גרם,false,1,24.90,16.6000,true,1,238770
7610400085946,false,שוקולד לינדט לגרנד מ,לינדט,,שוקולד לינדט לגרנד מריר שקד מלוח 150 גר,גרמים,150.00,100 גרם,false,1,24.90,16.6000,true,1,329305
7610400086202,false,שוקולד לינדט לגרנד ב,לינדט,,שוקולד לינדט לגרנד בלוברי 150 גר,גרמים,150.00,100 גרם,false,1,24.90,16.6000,true,1,318976
7610400091060,false,שוקולד לינדט אקסלנס,לינדט,,שוקולד לינדט אקסלנס תפוז 100 גרם,גרמים,100.00,100 גרם,false,1,16.00,16.0000,true,1,332552
7610594454399,false,ליקר קלואה 700 מל פי,,,ליקר קלואה 700 מל פיקדון,מיליליטרים,700.00,"100 מ""ל",false,1,82.00,11.7143,true,1,236449
7610700002681,false,סוכ.ריקולה צמחים ללא,,,סוכ.ריקולה צמחים ללא סוכר 50 גר,Unknown,0.00,Unknown,false,1,13.90,0.0000,true,1,332501
7610700009956,false,סוכ.ריקולה סמבוקוס ל,,,סוכ.ריקולה סמבוקס ללא סוכר 50 גר,Unknown,0.00,Unknown,false,1,13.90,0.0000,true,1,334316
7610700012642,false,סוכ.ריקולה צמחים לימ,,,סוכ.ריקולה צמחים לימון 70 גר בשקית,Unknown,0.00,Unknown,false,1,10.90,0.0000,true,1,335839
7610700013083,false,סוכ.ריקולה מנטה ללא,,,סוכ.ריקולה מנטה ללא סוכר 50 גר,Unknown,0.00,Unknown,false,1,13.90,0.0000,true,1,340680
7610700607046,false,סוכ.ריקולה מנטה לימו,,,סוכ.ריקולה מנטה לימון ללא סוכר 50 גר,Unknown,0.00,Unknown,false,1,13.90,0.0000,true,1,236217
7610928010048,false,נוזל הגרטי לניקוי כל,הגרטי,CH,הגרטי קרם-לכלי כסף,מיליליטרים,100.00,"100 מ""ל",false,12,33.90,33.9000,true,1,232813
7610928091184,false,משחה לניקוי כלי כסף,הגרטי,NL,משחה לניקוי כלי כסף ולהברקה 185גר הגרטי,גרמים,185.00,100 גרם,false,12,39.90,21.5676,true,1,329859
7610928263000,false,אמבט להברקת תכשיטי ז,,,אמבט להברקת תכשיטי זהב ויהלומים הגרטי,Unknown,0.00,Unknown,false,1,39.90,0.0000,true,1,329507
7610928263017,false,אמבט להברקת תכשיטי כ,,,אמבט להברקת תכשיטי כסף הגרטי,Unknown,0.00,Unknown,false,1,39.90,0.0000,true,1,329508
7612100061558,false,אבקה אובלטין להכנת מ,יוניליוור,GB,אבקה אובלטין להכנת משקה 300 גר,גרמים,300.00,100 גרם,false,6,25.90,8.6333,true,1,337379
7613030979647,false,דגני טריקס טעם פירות,ג.נרל מילס,,דגני בוקר טריקס טעם פירות 480 ג,גרמים,480.00,100 גרם,false,1,22.90,4.7708,true,1,322371
7613031513062,false,אבקת נסקוויק שוקו300,נסטלה,IE,אבקת נסקוויק שוקו300 גרם,גרמים,300.00,100 גרם,false,10,14.90,4.9667,true,1,342586
7613031513093,false,אבקת נסקוויק בננה300,נסטלה,IE,אבקת נסקוויק בננה300 גרם,גרמים,300.00,100 גרם,false,10,14.90,4.9667,true,1,342587
7613032045753,false,דגני פיטנס עם שוקולד,נסטלה צרפת איטנקורט,,דגני בוקר פיטנס עם שוקולד 375 ג,גרמים,375.00,100 גרם,false,1,19.90,5.3067,true,1,235438
7613032596668,false,שוקולד אפטר אייט מנט,נסטלה,PL,שוקולד אפטר אייט מנטה 200 גרם,גרמים,200.00,100 גרם,false,12,14.90,7.4500,true,1,344389
7613033174728,false,קפסולות אספרסו דולצה,נסטלה ספרד קפה,,קפסולות אספרסו דולצה גוסטו אולאיט16יח,יחידה,16.00,יחידה,false,1,28.90,1.8062,true,1,306737
7613033548192,false,דגני פיטנס שוקולד מר,נסטלה צרפת איטנקורט,,דגני בוקר פיטנס שוקולד מריר 375 ג,גרמים,375.00,100 גרם,false,1,19.90,5.3067,true,1,240910
7613034146502,false,מזון לכלב מיני אקטיב,,IT,מזון לכלב מיני אקטיב עוף פורינה 1.5 קג,קילוגרמים,1.50,"ק""ג",false,1,49.90,33.2667,true,1,329571
7613035378643,false,דנטלייף גזע גדול 4,,,דנטלייף גזע גדול 4 115 גר,גרמים,142.00,100 גרם,false,6,15.90,11.1972,true,1,341962
7613035379794,false,דנטלייף גזע בינוני 5,,,דנטלייף גזע בינוני 5 115 גר,גרמים,115.00,100 גרם,false,6,15.90,13.8261,true,1,341961
7613035379817,false,דנטלייף גזע קטן 7 11,,,דנטלייף גזע קטן 7 115 גר,גרמים,115.00,100 גרם,false,6,15.90,13.8261,true,1,341960
7613035500877,false,סוכריות סמרטיס מיני,נסטלה,,סוכריות סמרטיס מיני 187 גר,גרמים,187.00,100 גרם,false,1,12.90,6.8984,true,1,319111
7613035514430,false,מזון חתול בוגר סלמון,,IT,מזון חתול בוגר סלמון פורינה 3 קג,קילוגרמים,3.00,"ק""ג",false,1,99.00,33.0000,true,1,329569
7613035548374,false,דגני גולדן מיניס 570,נסטלה פולין דגני בוק,,דגני בוקר גולדן מיניס 570 גרם,גרמים,570.00,100 גרם,false,1,22.90,4.0175,true,1,307095
7613035618794,false,מזון חתול בוגר עוף פ,,IT,מזון חתול בוגר עוף פורינה 3 קג,קילוגרמים,3.00,"ק""ג",false,1,99.00,33.0000,true,1,329568
7613035622623,false,גרנולה פיטנס שקדים ו,,,גרנולה פיטנס שקדים ודבש 300 ג,גרמים,300.00,100 גרם,false,1,14.90,4.9667,true,1,308576
7613035635845,false,גרנולה פיטנס שוקולד,,,גרנולה פיטנס שוקולד 300 ג,גרמים,300.00,100 גרם,false,1,14.90,4.9667,true,1,308577
7613035758834,false,גרנולה פיטנס חמוציות,נסטלה,,גרנולה פיטנס חמוציות 300 ג,גרמים,300.00,100 גרם,false,1,14.90,4.9667,true,1,311088
7613035807778,false,רוטב עגבניות פרפקטו,נסטלה,ES,רוטב עגבניות לבולונז פרפקטו 400 גר,גרמים,400.00,100 גרם,false,6,10.00,2.5000,true,1,310726
7613035809109,false,רוטב עגבניות פרפקטו,נסטלה,ES,רוטב עגבניות פרפקטו בזיליקום400 גר,גרמים,400.00,100 גרם,false,6,10.00,2.5000,true,1,310729
7613035809123,false,רוטב עגבניות פרפקטו,נסטלה,ES,רוטב עגבניות פרפקטו פלפלים400 גר,גרמים,400.00,100 גרם,false,6,10.00,2.5000,true,1,310728
7613035809857,false,רוטב עגבניות פרפקטו,נסטלה,ES,רוטב עגבניות פרפקטו לפסטה 400 גר,גרמים,400.00,100 גרם,false,6,10.00,2.5000,true,1,310727
7613036099387,false,מארז 9 יח חטיף קיטקט,נסטלה,GB,מארז 9 יח חטיף קיטקט מריר 186.30 גרם,גרמים,186.00,100 גרם,false,25,14.90,8.0108,true,1,347210
7613036099400,false,מארז 9 יח חטיף קיטקט,נסטלה,GB,מארז 9 יח חטיף קיטקט חלב 186.30 גרם,גרמים,186.00,100 גרם,false,25,14.90,8.0108,true,1,347209
7613036105545,false,מזון כלבים דוגלי יבש,נסטלה פורינה באק הונ,,מזון כלבים דוגלי יבש גזע קטן 3 קג,קילוגרמים,3.00,"ק""ג",false,1,49.90,16.6333,true,1,317568
7613036105637,false,מזון כלבים דוגלי יבש,נסטלה פורינה באק הונ,,מזון כלבים דוגלי יבש בשר ועוף 12 קג,קילוגרמים,12.00,"ק""ג",false,1,120.00,10.0000,true,1,317571
7613036105651,false,מזון כלבים דוגלי יבש,נסטלה פורינה באק הונ,,מזון כלבים דוגלי יבש בשר וכבד 12 קג,קילוגרמים,12.00,"ק""ג",false,1,120.00,10.0000,true,1,317572
7613036120395,false,מזון לכלב מידמקסי בק,,IT,מזון לכלב מידמקסי בקר פורינה 2.5 קג,קילוגרמים,2.50,"ק""ג",false,1,69.90,27.9600,true,1,329572
7613036251389,false,מזון כלבים דוגלי אקט,נסטלה פורינה באק הונ,,מזון כלבים דוגלי אקטיב 12 קג,קילוגרמים,12.00,"ק""ג",false,1,129.00,10.7500,true,1,321402
7613036280334,false,מארז 4יח מיץ פריה אפ,,IL,מארז 4יח מיץ פריה אפרסק דובדבן 250מל פח.,מיליליטרים,1000.00,"100 מ""ל",false,6,25.90,2.5900,true,1,335640
7613036286015,false,מארז 4יח מיץ פריה מנ,,IL,מארז 4יח מיץ פריה מנגו אננס 250מל פח.פקד,מיליליטרים,1000.00,"100 מ""ל",false,6,25.90,2.5900,true,1,335641
7613036288026,false,מזון כלבים דוגלי גור,נסטלה פורינה באק הונ,,מזון כלבים דוגלי גורים 3 קג,קילוגרמים,3.00,"ק""ג",false,1,56.90,18.9667,true,1,321404
7613036288958,false,מזון כלבים דוגלי אקט,נסטלה פורינה באק הונ,,מזון כלבים דוגלי אקטיב 3 קג,קילוגרמים,3.00,"ק""ג",false,1,56.90,18.9667,true,1,321403
7613036387798,false,דגני פיטנס עם יוגורט,נסטלה צרפת איטנקורט,,דגני בוקר פיטנס עם יוגורט 350 גרם,גרמים,350.00,100 גרם,false,1,19.90,5.6857,true,1,319668
7613036520492,false,רוטב עגבניות פרפקטו,נסטלה,,רוטב עגבניות פרפקטו לפיצה400 גר,גרמים,400.00,100 גרם,false,1,10.00,2.5000,true,1,322380
7613036710879,false,חטיף מיני קיט קאט צא,,,חטיף מיני קיט קאט צאנקי 200 גר בשקית,גרמים,194.00,100 גרם,false,1,12.90,6.6495,true,1,324892
7613036725286,false,דנטלייף לחתוך סלמון,,,דנטלייף לחתוך סלמון 40 גר,גרמים,40.00,100 גרם,false,8,10.90,27.2500,true,1,341964
7613036725309,false,דנטלייף לחתוך עוף 40,,,דנטלייף לחתוך עוף 40 גר,גרמים,40.00,100 גרם,false,8,10.90,27.2500,true,1,341963
7613036737623,false,דגני קראנץ מיקס 410,"אסם תעשיות בע""מ",,דגני בוקר קראנץ מיקס 410 גר,גרמים,410.00,100 גרם,false,1,22.90,5.5854,true,1,324375
7613036760195,false,קפסולות אספרסו דולצה,נסטלה אנגליה,,קפסולות אספרסו דולצה גוסטו אינטנסו16יח,יחידה,16.00,יחידה,false,1,28.90,1.8062,true,1,326264
7613036867870,false,קפסולות אספרסו דולצה,נסטלה אנגליה,,קפסולות אספרסו דולצה גוסטו בריסטה16יח,יחידה,16.00,יחידה,false,1,28.90,1.8062,true,1,326265
7613036880534,false,מחית גרבר שלב3 מרק ע,נסטלה פולסקה אס.איי,,מחית גרבר שלב3 מרק עגבניות 190 גרם,גרמים,190.00,100 גרם,false,1,6.90,3.6316,true,1,329343
7613036880855,false,מחית גרבר שלב 3 תפוח,נסטלה פולסקה אס.איי,,מחית גרבר שלב 3 תפוח עץ ובננה 190 גר,גרמים,190.00,100 גרם,false,1,6.90,3.6316,true,1,329342
7613036932943,false,מארז 5 יח חטיף נסקוו,נסטלה,PL,מארז 5 יח חטיף נסקוויק 95 גר,Unknown,0.00,Unknown,false,20,11.00,0.0000,true,1,344390
7613036976671,false,פריסקיז פאוצ עוף 85,נסטלה פורינה USA מק,,פריסקיז פאוצ עוף 85 גר,Unknown,0.00,Unknown,false,26,4.50,0.0000,true,1,333417
7613036976695,false,פריסקיז פאוצ בקר 85,נסטלה פורינה USA מק,,פריסקיז פאוצ בקר 85 גר,Unknown,0.00,Unknown,false,26,4.50,0.0000,true,1,333416
7613036976718,false,פריסקיז פאוצ ברווז 8,נסטלה פורינה USA מק,,פריסקיז פאוצ ברווז 85 גר,Unknown,0.00,Unknown,false,26,4.50,0.0000,true,1,333418
7613037012200,false,מחית גרבר תפוח מנגו,נסטלה פולסקה אס.איי,IL,מחית תפוח מנגו גזר פאצ 90גר,Unknown,0.00,Unknown,false,16,6.90,0.0000,true,1,330872
7613037686906,false,דגני פיטנס שקדים ודב,נסטלה צרפת איטנקורט,,דגני בוקר פיטנס עם שקדים ודבש 355 ג,גרמים,355.00,100 גרם,false,1,19.90,5.6056,true,1,329536
7613038268262,false,דגני האני נאט ציריוס,נסטלה צרפת איטנקורט,,דגני האני נאט ציריוס מופחת סוכר410 גרם,גרמים,410.00,100 גרם,false,1,22.90,5.5854,true,1,330592
7613038451954,false,דגני קראנץ שוקולד מו,נסטלה צרפת איטנקורט,,קראנץ שוקולד מופחת סוכר 410 גרם,גרמים,410.00,100 גרם,false,1,22.90,5.5854,true,1,330591
7613039547632,false,מחית גרבר תפוח בננה,מטרנה,ES,מחית גרבר תפוח בננה תות פאוץ 90גר,יחידה,1.00,יחידה,false,16,6.90,6.9000,true,1,333900
7613039547731,false,מחית גרבר תפוח משמש,מטרנה,ES,מחית גרבר תפוח משמש פאוץ 90גר,יחידה,1.00,יחידה,false,16,6.90,6.9000,true,1,333902
7613039547922,false,מחית גרבר תפוח בננה,מטרנה,ES,מחית גרבר תפוח בננה אגס פאוץ 90גר,יחידה,1.00,יחידה,false,16,6.90,6.9000,true,1,333901
7613039770450,false,בורגר טבעול סנסשיונל,טבעול ישראל,IL,בורגר טבעול סנסשיונל 226גר,גרמים,226.00,100 גרם,false,10,34.90,15.4425,true,1,334546
7613039771174,false,טחון מן הצומח טבעול,טבעול ישראל,IL,טחון מן הצומח טבעול מינס סנסשיונל 226גר,גרמים,226.00,100 גרם,false,6,34.90,15.4425,true,1,334547
7613039879382,false,מחית גרבר שלב 3 תפוח,נסטלה פולסקה אס.איי,,מחית גרבר שלב 3 תפוחי עץ 190 גר,גרמים,190.00,100 גרם,false,1,6.90,3.6316,true,1,336619
7613039880807,false,מחית גרבר שלב 3 תפוח,נסטלה פולסקה אס.איי,,מחית גרבר שלב 3 תפוח גזר 190 גר,גרמים,190.00,100 גרם,false,1,6.90,3.6316,true,1,336617
7613039881965,false,מחית גרבר שלב 3 תפוח,נסטלה פולסקה אס.איי,,מחית גרבר שלב 3 תפוח גזר מנגו 190 גר,גרמים,190.00,100 גרם,false,1,6.90,3.6316,true,1,336618
7613287104083,false,שוקולד סמארטיז חלב ט,נסטלה אנגליה,GB,שוקולד סמארטיז חלב טעם תפוז 90 גרם,Unknown,0.00,Unknown,false,18,9.90,0.0000,true,1,346399
7613287155832,false,מחית גרבר תפוח עץ פא,נסטלה פולסקה אס.איי,IL,מחית תפוח עץ פאצ 90גר,Unknown,0.00,Unknown,false,16,6.90,0.0000,true,1,338268
7613287155863,false,מחית גרבר אגס פאצ 90,נסטלה פולסקה אס.איי,IL,מחית אגס פאצ 90גר,Unknown,0.00,Unknown,false,16,6.90,0.0000,true,1,338269
7613287155894,false,מחית גרבר אפרסק פאצ,נסטלה פולסקה אס.איי,IL,מחית אפרסק פאצ 90גר,Unknown,0.00,Unknown,false,16,6.90,0.0000,true,1,338271
7613287155924,false,מחית גרבר תפוח גזר פ,נסטלה פולסקה אס.איי,IL,מחית תפוח גזר פאצ 90גר,Unknown,0.00,Unknown,false,16,6.90,0.0000,true,1,338270
7613287162281,false,קפסולות אספרסו דולצה,נסטלה אנגליה,,קפסולות אספרסו דולצה גוסטו גרנדה16יח,יחידה,16.00,יחידה,false,1,28.90,1.8062,true,1,338174
7613287181411,false,מחית ויטמנציק סלט פי,נסטלה,ES,מחית ויטמנציק סלט פירות 110 גרם,גרמים,110.00,100 גרם,false,8,5.90,5.3636,true,1,339505
7613287182326,false,מחית ויטמנציק תפוח ב,נסטלה,ES,מחית ויטמנציק תפוח בננה 110 גרם,גרמים,110.00,100 גרם,false,8,5.90,5.3636,true,1,339502
7613287182357,false,מחית ויטמנציק אגס תפ,נסטלה,ES,מחית ויטמנציק אגס תפוח ופירות יער110 גרם,גרמים,110.00,100 גרם,false,8,5.90,5.3636,true,1,339506
7613287182425,false,מחית ויטמנציק תפוח ב,נסטלה,ES,מחית ויטמנציק תפוח בננה תות 110 גרם,גרמים,110.00,100 גרם,false,8,5.90,5.3636,true,1,339503
7613287182456,false,מחית ויטמנציק אגס תפ,נסטלה,ES,מחית ויטמנציק אגס תפוח בננה 110 גרם,גרמים,110.00,100 גרם,false,8,5.90,5.3636,true,1,339504
7613287182487,false,מחית ויטמנציק תפוח ב,נסטלה,ES,מחית ויטמנציק תפוח בננה פירות יער110 גרם,גרמים,110.00,100 גרם,false,8,5.90,5.3636,true,1,339507
7613287325808,false,רוטב אוסם אולי שום ל,נסטלה,PL,רוטב אוסם אולי שום לחיץ 295 גרם,גרמים,295.00,100 גרם,false,8,14.90,5.0508,true,1,342517
7613287325822,false,רוטב אוסם מיקס לחיץ,נסטלה,PL,רוטב אוסם מיקס לחיץ 295 גרם,גרמים,295.00,100 גרם,false,8,14.90,5.0508,true,1,342519
7613287325853,false,רוטב אוסם ספייסי אוי,נסטלה,PL,רוטב אוסם ספייסי אוילי לחיץ 295 גרם,גרמים,295.00,100 גרם,false,8,14.90,5.0508,true,1,342518
7613287325952,false,רוטב אוסם ברביקיו לח,נסטלה,PL,רוטב אוסם ברביקיו לחיץ 335 גרם,גרמים,335.00,100 גרם,false,8,14.90,4.4478,true,1,342522
7613287325983,false,רוטב אוסם סלסה לחיץ,נסטלה,PL,רוטב אוסם סלסה לחיץ 335 גרם,גרמים,335.00,100 גרם,false,8,14.90,4.4478,true,1,342521
7613287394323,false,דגני מולטי ציריוס 60,נסטלה פולין דגני בוק,,דגני מולטי ציריוס 600 גרם,גרמים,600.00,100 גרם,false,1,22.90,3.8167,true,1,338903
7613287476494,false,מיונז אוסם לחיץ 280,נסטלה,PL,מיונז אוסם לחיץ 280 גרם,גרמים,280.00,100 גרם,false,8,14.90,5.3214,true,1,342520
7613287476678,false,דגני סינימיניס צורוס,ג.נרל מילס,,דגני סינימיניס צורוס 360 גרם,גרמים,360.00,100 גרם,false,1,22.90,6.3611,true,1,339214
7613287525789,false,מארז 6יח מים פרייה 5,סן-פלגרינו,,מארז 6יח מים פרייה 500 מל פקדון,ליטרים,3.00,ליטר,false,1,32.90,10.9667,true,1,340452
7613287821348,false,נתחוני עוף טבעוני,טבעול ישראל,,נתחוני עוף טבעוני 350גר טבעול,גרמים,350.00,100 גרם,false,6,32.90,9.4000,true,1,339177
7622010001858,false,עוגיות אוראו קרם וני,,,עוגיות אוראו קרם וניל 176 גרם,גרמים,176.00,100 גרם,false,1,8.90,5.0568,true,1,308242
7622200002290,false,בונ.קוטדור מיניונט מ,מונדליז,BE,בונ.קוטדור מיניונט מריר 240 גרם,גרמים,240.00,100 גרם,false,12,27.90,11.6250,true,1,339354
7622200009084,false,שוקולד מילקה ביסקויט,מונדליז,AT,שוקולד מילקה ביסקויט שוקו 300 גרם,גרמים,300.00,100 גרם,false,12,14.90,4.9667,true,1,335371
7622201050757,false,שוקולד מילקה חלב עם,מונדליז,,שוקולד מילקה חלב עם קרמל 100 גר,גרמים,100.00,100 גרם,false,1,6.90,6.9000,true,1,235509
7622201120931,false,שוקולד מילקה אוראו ל,מונדליז,HU,שוקולד מילקה אוראו לבן 100 גרם,גרמים,100.00,100 גרם,false,16,6.90,6.9000,true,1,345459
7622201124809,false,שוקולד קוטדור לבן מי,מונדליז,BE,שוקולד קוטדור לבן מילוי פרלין 200 גרם,גרמים,200.00,100 גרם,false,12,22.90,11.4500,true,1,343688
7622201127206,false,ממרח מילקה אגוזים350,מונדליז,AT,ממרח מילקה אגוזים350 גרם,גרמים,350.00,100 גרם,false,6,12.90,3.6857,true,1,342409
7622201127367,false,חטיפי מילקה אוראו מי,מונדליז,UA,חטיפי מילקה אוראו מיניס לבן 153 גרם,גרמים,153.00,100 גרם,false,10,15.90,10.3922,true,1,336234
7622201127398,false,חטיפי מילקה אוראו מי,מונדליז,UA,חטיפי מיני אוראו חלב 153 גרם,גרמים,153.00,100 גרם,false,10,15.90,10.3922,true,1,332866
7622201401900,false,עוגיות מילקה סנסיישן,מונדליז,PL,עוגיות מילקה סנסיישן אוראו 156 גרם,גרמים,156.00,100 גרם,false,12,12.90,8.2692,true,1,335367
7622201502515,false,עוגיות מילקה קוקי לו,מונדליז,,עוגיות מילקה קוקי לופ 132 גרם,גרמים,150.00,100 גרם,false,1,12.90,8.6000,true,1,341973
7622201775346,false,מבחר מותגי מונדליז מ,מונדליז,DE,מבחר מותגי מונדליז מיני שוקולד 159 גרם,גרמים,159.00,100 גרם,false,8,22.90,14.4025,true,1,342931
7622201783297,false,שוקולד קדבורי חלב צי,מונדליז,GB,שוקולד קדבורי חלב צימוק ושקד 180 גרם,גרמים,180.00,100 גרם,false,14,19.90,11.0556,true,1,346390
7622201783365,false,שוקולד קדבורי חלב 18,מונדליז,GB,שוקולד קדבורי חלב 180 גרם,גרמים,180.00,100 גרם,false,16,19.90,11.0556,true,1,346388
7622201783396,false,שוקולד קדבורי חלב אג,מונדליז,GB,שוקולד קדבורי חלב אגוזי לוז 180 גרם,גרמים,180.00,100 גרם,false,14,19.90,11.0556,true,1,346389
7622201801809,false,שוקולד מילקה חלב אגו,מונדליז,,שוקולד מילקה חלב אגוז 100 ג,גרמים,100.00,100 גרם,false,1,6.90,6.9000,true,1,338981
7622201802363,false,שוקולד מילקה חלב צימ,מונדליז,,שוקולד מילקה חלב צימוק אגוז 100 ג,גרמים,100.00,100 גרם,false,1,6.90,6.9000,true,1,338980
7622201802394,false,שוקולד מילקה מיסרוני,מונדליז,DE,שוקולד מילקה מיסרונים 100 ג,גרמים,100.00,100 גרם,false,1,6.90,6.9000,true,1,338979
7622201809188,false,ביסקויט מילקה חצי מצ,מונדליז,,ביסקויט מילקה חצי מצופה 150 גרם,גרמים,168.00,100 גרם,false,1,12.90,7.6786,true,1,336959
7622201813390,false,וופל מילקה במילוי קר,מונדליז,,וופל מילקה במילוי קרם קקאו 150 ג,גרמים,150.00,100 גרם,false,1,12.90,8.6000,true,1,336958
7622201819170,false,שוקולד מילקה דארק שק,מונדליז,DE,שוקולד מילקה דארק שקדים 85 גר,Unknown,0.00,Unknown,false,25,7.90,0.0000,true,1,341974
7622201819408,false,שוקולד מילקה דארק קר,מונדליז,DE,שוקולד מילקה דארק קרמל 85 גר,Unknown,0.00,Unknown,false,25,7.90,0.0000,true,1,341975
7622201819552,false,שוקולד מילקה דארק 85,מונדליז,DE,שוקולד מילקה דארק 85 גר,Unknown,0.00,Unknown,false,25,7.90,0.0000,true,1,341976
7622210009388,false,תערובת עוגת מוס מילק,מונדליז,ES,תערובת עוגת שוקולד מילקה 350 גרם,גרמים,350.00,100 גרם,false,6,24.90,7.1143,true,1,343413
7622210077691,false,שוקולד קדבורי חלב או,מונדליז,DE,שוקולד קדבורי חלב אוורירי 87 גרם,Unknown,0.00,Unknown,false,12,9.90,0.0000,true,1,347166
7622210078131,false,שוקולד מילקה שבבי קר,מונדליז,,שוקולד מילקה שבבי קרמל 100 גרם,גרמים,100.00,100 גרם,false,1,6.90,6.9000,true,1,314248
7622210117762,false,בונבוניירה בושה קודט,מונדליז,SK,בונ.קוטדור בושה 200 גר,גרמים,200.00,100 גרם,false,12,14.90,7.4500,true,1,249304
7622210137234,false,עוגיות אוראו דאבל קר,,,עוגיות אוראו דאבל קרם וניל 170 גרם,גרמים,170.00,100 גרם,false,1,8.90,5.2353,true,1,310267
7622210163899,false,שוקולד מילקה עם עדשי,מונדליז,,שוקולד מילקה עם עדשים 100 גר,גרמים,100.00,100 גרם,false,1,6.90,6.9000,true,1,323747
7622210240200,false,שוקולד מילקה אוראו 3,מונדליז,,שוקולד מילקה אוראו 300 גר,גרמים,300.00,100 גרם,false,1,14.90,4.9667,true,1,331847
7622210335630,false,שוקולד קדבורי חלב אג,מונדליז,DE,שוקולד קדבורי חלב אגוזי לוז90 גרם,Unknown,0.00,Unknown,false,12,9.90,0.0000,true,1,347165
7622210335647,false,שוקולד קדבורי חלב 90,מונדליז,DE,שוקולד קדבורי חלב 90 גרם,Unknown,0.00,Unknown,false,12,9.90,0.0000,true,1,347164
7622210453327,false,עוגיות מילקה סנסיישן,מונדליז,,עוגיות מילקה סנסיישן 156גר,גרמים,156.00,100 גרם,false,1,12.90,8.2692,true,1,319049
7622210462534,false,עוג.מיני אוראו קרם ת,,,עוג.מיני אוראו קרם תות כוס 67 גרם,Unknown,0.00,Unknown,false,1,7.90,0.0000,true,1,309650
7622210464729,false,עוגיות אוראו גולדן ק,מונדליז,UA,עוגיות אוראו גולדן קרם וניל 154 גרם,גרמים,154.00,100 גרם,false,16,7.90,5.1299,true,1,329680
7622210521811,false,שוקולד קדבורי חלב 11,מונדליז,GB,שוקולד קדבורי חלב 110 גרם,גרמים,110.00,100 גרם,false,18,9.90,9.0000,true,1,346381
7622210597915,false,לבבות מילקה פרלינים,מונדליז,BO,לבבות מילקה פרלינים 110 גרם,גרמים,110.00,100 גרם,false,10,10.90,9.9091,true,1,334146
7622210635105,false,עוגיות אוראו קרם תות,מונדליז,ES,עוגיות אוראו קרם תות 154 גרם,גרמים,154.00,100 גרם,false,16,7.90,5.1299,true,1,329678
7622210637994,false,אוראו ביס קראנצי קרם,מונדליז,ES,אוראו ביס קראנצי קרם וניל 110 גרם,גרמים,110.00,100 גרם,false,8,8.90,8.0909,true,1,335368
7622210638021,false,אוראו ביס קראנצי קרם,מונדליז,ES,אוראו ביס קראנצי קרם שוקו 110 גרם,גרמים,110.00,100 גרם,false,8,8.90,8.0909,true,1,335369
7622210640062,false,גב. פילדלפיה עם פלפל,מונדליז,,גב. פילדלפיה עם פלפל חלפינו 175גר,גרמים,175.00,100 גרם,false,1,14.90,8.5143,true,1,336249
7622210653307,false,תערובת עוגת אוראו 21,מונדליז,ES,תערובת עוגת אוראו 215 גרם,גרמים,350.00,100 גרם,false,6,24.90,7.1143,true,1,343414
7622210653635,false,מילקה מומנט מיקס מינ,מונדליז,DE,מילקה מומנט מיקס מיני שוקולד 169גר,גרמים,169.00,100 גרם,false,8,21.90,12.9586,true,1,342930
7622210653642,false,מילקה מומנט שוקולד מ,מונדליז,DE,מילקה מומנט שוקולד מיני אגוזים 169גר,גרמים,169.00,100 גרם,false,8,21.90,12.9586,true,1,342929
7622210656087,false,חטיפי מילקה מומנטס ט,מונדליז,PL,חטיפי מילקה מומנטס טופי 97 גרם,Unknown,0.00,Unknown,false,16,14.90,0.0000,true,1,342332
7622210665850,false,ביסקויט אוראו קרם ונ,מונדליז,RO,ביסקויט אוראו קרם וניל 264 גרם,גרמים,264.00,100 גרם,false,6,10.00,3.7879,true,1,335676
7622210691750,false,תערובת עוגת מוס מילק,מונדליז,ES,תערובת עוגת מוס מילקה 215 גרם,גרמים,350.00,100 גרם,false,6,24.90,7.1143,true,1,343415
7622210724557,false,שוקולד קוטדור ביו 90,מונדליז,DE,שוקולד קוטדור ביו 90% מריר 90 גרם,Unknown,0.00,Unknown,false,18,15.90,0.0000,true,1,336857
7622210797032,false,מארז 4 יח קדבורי פיק,מונדליז,GB,מארז 4 יח קדבורי פיקניק 32 גרם,גרמים,128.00,100 גרם,false,20,9.90,7.7344,true,1,347273
7622210826053,false,שוקולד מילקה אוראו ס,מונדליז,HU,שוקולד מילקה אוראו סנדוויץ 92 גר,Unknown,0.00,Unknown,false,16,6.90,0.0000,true,1,335370
7622210829085,false,עוגיות אוראו דקים קר,מונדליז,,עוגיות אוראו דקים קרם וניל 96 גרם,Unknown,0.00,Unknown,false,1,7.90,0.0000,true,1,332242
7622210829108,false,עוגיות אוראו דקים קר,מונדליז,,עוגיות אוראו דקים קרם וניל 96 גרם,Unknown,0.00,Unknown,false,1,7.90,0.0000,true,1,332241
7622210835338,false,עוגיות אוראו בראוניז,,,עוגיות אוראו בראוניז 176 גרם,גרמים,176.00,100 גרם,false,1,8.90,5.0568,true,1,323754
7622210869616,false,שוקולד קוטדור ביו 85,מונדליז,DE,שוקולד קוטדור ביו 85% מריר 90 גרם,Unknown,0.00,Unknown,false,18,15.90,0.0000,true,1,336094
7622210989246,false,מארז 5 יח קדבורי טוו,מונדליז,GB,מארז 5 יח קדבורי טווירל 21.5 גרם,גרמים,108.00,100 גרם,false,20,9.90,9.1667,true,1,347271
7622210996299,false,שוקולד קוטדור מריר א,מונדליז,BE,שוקולד קוטדור מריר אגוז שלם 180 גרם,גרמים,180.00,100 גרם,false,12,22.90,12.7222,true,1,343686
7622300134532,false,שוקולד מילקה טופי אג,מונדליז,AT,שוקולד מילקה טופי אגוזי לוז 300 גרם,גרמים,300.00,100 גרם,false,12,14.90,4.9667,true,1,335372
7622300200237,false,שוקולד מילקה חלב 250,מונדליז,,שוקולד מילקה חלב 250 גר,גרמים,250.00,100 גרם,false,1,12.90,5.1600,true,1,237397
7622300270506,false,עוגיות מילקה גריינס,מונדליז,,עוגיות מילקה גריינס מצופה168גר,גרמים,168.00,100 גרם,false,1,12.90,7.6786,true,1,240446
7622300315283,false,עוגיות אוראו קרם וני,מונדליז,UA,עוגיות אוראו קרם וניל 154 גרם,גרמים,154.00,100 גרם,false,16,7.90,5.1299,true,1,338538
7622300340285,false,גבינת פילדלפיה 175 ג,מונדליז,DE,גבינת פילדלפיה 175 גרם 22% שומן,גרמים,175.00,100 גרם,false,10,14.90,8.5143,true,1,322853
7622300340292,false,גבינת פילדלפיה 175 ג,מונדליז,DE,גבינת פילדלפיה 175 גרם 11% שומן,גרמים,175.00,100 גרם,false,10,14.90,8.5143,true,1,322854
7622300356767,false,עוגיות מילקה שוקוציפ,מונדליז,,עוגיות מילקה שוקוציפס168גר,גרמים,168.00,100 גרם,false,1,12.90,7.6786,true,1,238760
7622300434328,false,עוגיות מילקה גאפה גל,מונדליז,DE,עוגיות מילקה גאפה גלי תפוז 147 גרם,גרמים,147.00,100 גרם,false,24,7.90,5.3741,true,1,336329
7622300434373,false,עוגיות מילקה גאפה גל,מונדליז,DE,עוגיות מילקה גאפה גלי פטל 147 גרם,גרמים,147.00,100 גרם,false,24,7.90,5.3741,true,1,336328
7622300434472,false,עוגיות מילקה גאפה שו,מונדליז,DE,עוג.מילקה גאפה מוס שוקולד מתופה128גר,גרמים,128.00,100 גרם,false,24,7.90,6.1719,true,1,336313
7622300476236,false,מארז 3 יח חטיף שוקול,מונדליז,SE,מארז 3 יח חטיף שוקולד דיים 84 גרם,Unknown,0.00,Unknown,false,24,10.90,0.0000,true,1,346353
7622300495046,false,שוקולד מילקה מריר אק,מונדליז,,שוקולד מילקה מריר אקסטרא קקאו 100 ג,גרמים,100.00,100 גרם,false,1,6.90,6.9000,true,1,244221
7622300498429,false,שוקולד מילקה קרם תות,מונדליז,,שוקולד מילקה קרם תות 100 גר,גרמים,100.00,100 גרם,false,1,6.90,6.9000,true,1,239656
7622300503079,false,עוגיות מילקה מוו מצו,מונדליז,,עוגיות מילקה מוו מצופות 200גר,גרמים,200.00,100 גרם,false,1,12.90,6.4500,true,1,240447
7622300511814,false,עוגת ברני ספוג קרם ח,מונדליז,PL,עוגת ברני ספוג קרם חלב 150 גרם,גרמים,150.00,100 גרם,false,24,10.90,7.2667,true,1,336269
7622300617820,false,שוקולד מילקה אוראו 1,מונדליז,,שוקולד מילקה אוראו 100 ג,גרמים,100.00,100 גרם,false,1,6.90,6.9000,true,1,244220
7622300735951,false,שוקולד קדבורי חלב מו,מונדליז,GB,שוקולד קדבורי חלב מופחת סוכר 85 גרם,Unknown,0.00,Unknown,false,18,9.90,0.0000,true,1,346370
7622300756383,false,גב. פילדלפיה שוקולד,מונדליז,,גב. פילדלפיה שוקולד מילקה 175גר,גרמים,175.00,100 גרם,false,1,14.90,8.5143,true,1,336248
7622300756413,false,גבינת פילדלפיה מתובל,מונדליז,DE,גבינת פילדלפיה מתובלת 175גר 20% שומן,גרמים,175.00,100 גרם,false,10,14.90,8.5143,true,1,322855
7622300761363,false,עוג.מיני אוראו קרם ש,,,עוג.מיני אוראו קרם שוקולד כוס 67 גרם,Unknown,0.00,Unknown,false,1,7.90,0.0000,true,1,309652
7622400005190,false,שוקולד מילקה כאו 100,מילקה,,שוקולד מילקה כאו 100 ג,גרמים,100.00,100 גרם,false,1,6.90,6.9000,true,1,253620
7622400010446,false,שוקולד קוטדור דאבל ק,מונדליז,BE,שוקולד קוטדור דאבל קרם אגוזים 200 גרם,גרמים,200.00,100 גרם,false,12,22.90,11.4500,true,1,339340
7622400014628,false,ממרח קוטדור שוקולד ח,מונדליז,BE,ממרח קוטדור שוקולד חלב 300 גרם,גרמים,300.00,100 גרם,false,12,14.90,4.9667,true,1,336283
7638900083071,false,זוג סוללות אנרגייזר,אנרג'ייזר,,זוג סוללות אנרגייזר 1.5וואט משחקי מחשב,יחידה,2.00,יחידה,false,1,14.90,7.4500,true,1,324805
7638900248333,false,זוג סוללת אנרגייזר ל,,,זוג סוללת אנרגייזר ליטיום כפתור,יחידה,2.00,יחידה,false,1,19.90,9.9500,true,1,324806
7638900248357,false,זוג סוללת ליטיום כפת,,,זוג סוללת ליטיום כפתור ליומנים 3 וולט,יחידה,2.00,יחידה,false,1,19.90,9.9500,true,1,324804
7638900295641,false,זוג סוללות שלט לרכב,אנרג'ייזר,,זוג סוללות שלט לרכב 12 וולט אנרגאיזר,Unknown,0.00,Unknown,false,1,19.90,0.0000,true,1,324845
7638900426663,false,סוללת אנרגייזר 9 וול,אנרג'ייזר,,סוללת אנרגייזר 9 וולט,יחידה,1.00,יחידה,false,1,27.90,27.9000,true,1,330129
7638900426809,false,זוג סוללות אנרגייזר,אנרג'ייזר,,זוג סוללות אנרגייזר סי,יחידה,2.00,יחידה,false,1,25.90,12.9500,true,1,330765
7638900426823,false,זוג סוללת אנרגייזר מ,אנרג'ייזר,,זוג סוללת אנרגייזר מקס די,יחידה,2.00,יחידה,false,1,29.90,14.9500,true,1,330764
7640156920529,false,גבינת גרוייר מילר 15,,,גבינת גרוייר מילר 150גר,גרמים,150.00,100 גרם,false,1,24.90,16.6000,true,1,336709
7640156920536,false,גבינת גרוייר ריזרב 1,,,גבינת גרוייר ריזרב 150גר,גרמים,150.00,100 גרם,false,1,29.90,19.9333,true,1,336710
7640166793991,false,גבינת מוצרלה כדור 12,צוגר,,גבינת מוצרלה כדור 125גר,גרמים,125.00,100 גרם,false,1,10.90,8.7200,true,1,332101
7640166794431,false,גבינת מוצרלה פנינים,זוקר,CH,גבינת מוצרלה פנינים 150גר,גרמים,150.00,100 גרם,false,,14.90,9.9333,true,1,324847
7640166794455,false,גבינת מוצרלה מגורדת,זוקר,CH,גבינת מוצרלה מגורדת 200 גרם,גרמים,200.00,100 גרם,false,,18.90,9.4500,true,1,324848
7640166796329,false,גבינת מוצרלה 300 גרם,צוגר,,גבינת מוצרלה 300 גרם נקניק,גרמים,300.00,100 גרם,false,1,24.90,8.3000,true,1,332102
7640175743451,false,משקה גין בומביי ספיי,בקרדי מרטיני,,משקה גין בומביי ספייר וטוניק 250מל פח.פק,מיליליטרים,250.00,"100 מ""ל",false,1,14.90,5.9600,true,1,345415
7702018069316,false,סכיני גילוח וונוס חד,פרוקטר אנד גמבל,PL,ונוס 2 חד פעמי 4+2 סכינים,יחידה,6.00,יחידה,false,1,15.90,2.6500,true,1,255224
7702018263783,false,מארז 8יח סכיני גילוח,פרוקטר אנד גמבל,,מארז 8יח סכיני גילוח גילט מאך 3,יחידה,8.00,יחידה,false,1,79.90,9.9875,true,1,324419
7702018264230,false,מארז 4יח סכיני גילוח,פרוקטר אנד גמבל,,מארז 4יח סכיני גילוח גילט מאך 3,יחידה,4.00,יחידה,false,1,44.90,11.2250,true,1,324418
7702018321520,false,דאו.סטיק גילייט מתקד,פרוקטר אנד גמבל,,דאו.סטיק גילייט מתקדם איי אי 45 מל,Unknown,0.00,Unknown,false,1,21.90,0.0000,true,1,255255
7702018321582,false,דאו.סטיק גילייט מתקד,פרוקטר אנד גמבל,US,דאו סטיק מתקדם 45 מל CW,Unknown,0.00,Unknown,false,1,21.90,0.0000,true,1,255254
7702018357871,false,גל גילוח גילט פרוגלי,פרוקטר אנד גמבל,,גל גילוח גילט פרוגלייד עור רגיש 200 מל,מיליליטרים,200.00,"100 מ""ל",false,1,22.90,11.4500,true,1,310543
7702018389285,false,מכשיר גילוח פיוזן פר,פרוקטר אנד גמבל,US,מכשיר גילוח פיוזן פרושילד,יחידה,1.00,יחידה,false,6,65.00,65.0000,true,1,306861
7702018401147,false,סכיני גילוח ונוס 4יח,פרוקטר אנד גמבל,,סכיני גילוח ונוס 4יח סווירל פלקסיבול,יחידה,4.00,יחידה,false,1,69.90,17.4750,true,1,308833
7702018413539,false,מארז 6יח סכיני גילוח,פרוקטר אנד גמבל,,מארז 6יח סכיני גילוח גילט פרושילד,יחידה,6.00,יחידה,false,1,129.90,21.6500,true,1,331922
7702018469802,false,מכשיר+סכיני גילוח ונ,פרוקטר אנד גמבל,,מכשיר+סכיני גילוח ונוס סווירל ידית+3סכינ,Unknown,0.00,Unknown,false,1,49.90,0.0000,true,1,346120
7702018495818,false,מארז 8יח סכיני גילוח,פרוקטר אנד גמבל,,מארז 8יח סכיני גילוח גילט סקינגארד ידני,יחידה,8.00,יחידה,false,1,115.00,14.3750,true,1,327933
7702018866984,false,סכיני גילוח גילט פיו,פרוקטר אנד גמבל,PL,4 סכיני גילוח פיוזן ידני,יחידה,4.00,יחידה,false,1,69.90,17.4750,true,1,255225
7702018980833,false,גל גילוח סירייס מועש,פרוקטר אנד גמבל,,גל גילוח סירייס מועשר בלחות 200 מל,מיליליטרים,200.00,"100 מ""ל",false,1,19.90,9.9500,true,1,310891
7702024074625,false,חטיפי קרקר פיטנס חיט,,,קרקר פיטנס חיטה מלאה 234 גרם,גרמים,234.00,100 גרם,false,1,11.90,5.0855,true,1,325171
7702024258322,false,חטיפי קרקר פיטנס ציה,,,חטיפי קרקר פיטנס ציה וזרעי פשתן 234 גרם,גרמים,234.00,100 גרם,false,1,11.90,5.0855,true,1,334209
7702174066631,false,לקקן יוגטה פין פופ פ,אלדור,,לקקן יוגטה פין פופ פירות 10 יח 180 גר,גרמים,170.00,100 גרם,false,1,8.90,5.2353,true,1,237249
7702174068826,false,לקקן יוגטה טעם פירות,אלדור,EC,לקקן יוגטה 216 גרם בטעם פירות,גרמים,216.00,100 גרם,false,16,8.90,4.1204,true,1,243742
7702174068833,false,לקקן יוגוטה טעם גליד,אלדור,EC,לקקן יוגטה בשקית 210 גרם בטעם גלידה,גרמים,216.00,100 גרם,false,16,8.90,4.1204,true,1,243330
7702174070201,false,לקקן יוגטה מגיק 12,אלדור,EC,לקקן יוגטה 216 גרם בטעם מגיק,גרמים,216.00,100 גרם,false,16,8.90,4.1204,true,1,244492
7702174073783,false,לקקן יוגטה פין פופ ק,אלדור,,לקקן יוגטה פין פופ קולה 10 יח 180 גר,גרמים,180.00,100 גרם,false,1,8.90,4.9444,true,1,305409
7707284029002,false,רום דיקטדור 12 שנה י,,CO,רום דיקטדור 12 שנה יישון 700 מל,מיליליטרים,700.00,"100 מ""ל",false,6,229.00,32.7143,true,1,333766
7790070508614,false,תה גרבה טראגוי 500 ג,,AR,תה גרבה טראגוי 500 גרם,גרמים,500.00,100 גרם,false,10,19.90,3.9800,true,1,345318
7790703165207,false,יין ניו אייג לבן 750,BIANCHI,,יין ניו אייג לבן 750 מל פיקדון,מיליליטרים,750.00,"100 מ""ל",false,1,45.00,6.0000,true,1,236744
7790703165276,false,יין שרדונה אלזה 750,BIANCHI,,יין שרדונה אלזה 750 מל פקדון,מיליליטרים,750.00,"100 מ""ל",false,1,45.00,6.0000,true,1,235741
7790703165443,false,יין מלבק אלזה 750 מל,BIANCHI,,יין מלבק אלזה 750 מל פקדון,מיליליטרים,750.00,"100 מ""ל",false,1,45.00,6.0000,true,1,235739
7790703165450,false,יין ק. סוביניון אלזה,BIANCHI,,יין ק. סוביניון אלזה 750 מל פקדון,מיליליטרים,750.00,"100 מ""ל",false,1,45.00,6.0000,true,1,235740
7790703168307,false,יין טורונטס אלזה 750,BIANCHI,,יין טורונטס אלזה 750 מל פקדון,מיליליטרים,750.00,"100 מ""ל",false,1,45.00,6.0000,true,1,240491
7790703200786,false,יין מלבק אלזה 1 לי,BIANCHI,,יין מלבק אלזה 1 לי,ליטרים,1.00,ליטר,false,1,45.00,45.0000,true,1,337314
7790762050537,false,יין רינקון דל סול שי,,,יין רינקון דל סול שירז מלבק 750 מל פקדון,מיליליטרים,750.00,"100 מ""ל",false,1,45.00,6.0000,true,1,239805
7791540044793,false,יין מאריאן מלבק פינק,ארגנטינה - פינקה לאס,,יין מאריאן מלבק פינקה לאס מוראס 750 מל,מיליליטרים,75000.00,"100 מ""ל",false,1,60.00,0.0800,true,1,249578
7791540090578,false,יין רוזה סירה פינקה,ארגנטינה - פינקה לאס,,יין רוזה סירה פינקה לאס מוראס 750 מל,מיליליטרים,750.00,"100 מ""ל",false,1,40.00,5.3333,true,1,249583
7791540127090,false,יין שרדונה פינקה לאס,ארגנטינה - פינקה לאס,,יין שרדונה פינקה לאס מוראס 750 מל,מיליליטרים,750.00,"100 מ""ל",false,1,40.00,5.3333,true,1,249582
7791728000160,false,יין סנטה גוליה מלבק,,,יין סנטה גוליה מלבק 750מל פקדון,מיליליטרים,750.00,"100 מ""ל",false,1,45.00,6.0000,true,1,248652
7791728010275,false,יין סנטה גוליה מלבק,זוקארדי,AR,יין סנטה גוליה מלבק דה מרקדו 750 מל,מיליליטרים,750.00,"100 מ""ל",false,6,60.00,8.0000,true,1,326968
7791875005353,false,ריבת חלב האוונה 450,פרימיום,ES,ריבת חלב האוונה 450 גרם,גרמים,450.00,100 גרם,false,12,19.90,4.4222,true,1,254465
7792860006218,false,לקקן בייבי דול 24 ג,לרטייר,,לקקן בייבי דול 24 גרם,Unknown,0.00,Unknown,false,1,2.50,0.0000,true,1,231020
7794450002570,false,יין קאטנה קברנה סובי,ארגנטינה בודגה קטנה,,יין קאטנה קברנה סוביניון 750 מל פקדון,מיליליטרים,750.00,"100 מ""ל",false,1,65.00,8.6667,true,1,241192
7794450008053,false,יין קאטנה מלבק 750 מ,ארגנטינה בודגה קטנה,,יין קאטנה מלבק 750 מל פקדון,מיליליטרים,750.00,"100 מ""ל",false,1,65.00,8.6667,true,1,241191
7794450008060,false,יין אלאמוס קברנה 750,ארגנטינה בודגה קטנה,,יין אלאמוס קברנה 750 מל פיקדון,מיליליטרים,750.00,"100 מ""ל",false,1,45.00,6.0000,true,1,235981
7794450008084,false,יין אלאמוס מלבק 750,ארגנטינה בודגה קטנה,,יין אלאמוס מלבק 750 מל פיקדון,מיליליטרים,750.00,"100 מ""ל",false,1,45.00,6.0000,true,1,235982
7794450008886,false,יין אלאמוס מרלו 750,ארגנטינה בודגה קטנה,,יין אלאמוס מרלו 750 מל פיקדון,מיליליטרים,750.00,"100 מ""ל",false,1,45.00,6.0000,true,1,235984
7794450088383,false,יין אלאמוס סוביניון,ארגנטינה בודגה קטנה,,יין אלאמוס סוביניון בלאן 750 מל פיקדון,מיליליטרים,750.00,"100 מ""ל",false,1,45.00,6.0000,true,1,235983
7794450088703,false,יין אלאמוס סירה 750,ארגנטינה בודגה קטנה,,יין אלאמוס סירה 750 מל פיקדון,מיליליטרים,750.00,"100 מ""ל",false,1,45.00,6.0000,true,1,235985
7794450090829,false,יין מלבק אלאמוס 375,,,יין מלבק אלאמוס 375 מל,מיליליטרים,375.00,"100 מ""ל",false,12,30.00,8.0000,true,1,328896
7794450091338,false,יין אלאמוס מלבק סלקס,ארגנטינה בודגה קטנה,,יין אלאמוס מלבק סלקסיון 750 מל פקדו,מיליליטרים,750.00,"100 מ""ל",false,1,60.00,8.0000,true,1,241195
7798068480027,false,יין דוניניו2007 מלבק,,,יין דוניניו2007 מלבק 750 מל פיקדון,מיליליטרים,750.00,"100 מ""ל",false,1,60.00,8.0000,true,1,347697
7798074860233,false,יין פורטילו קברנה סו,,,יין פורטילו קברנה סוביניון 750 מל,מיליליטרים,750.00,"100 מ""ל",false,6,45.00,6.0000,true,1,345441
7798074860257,false,יין פורטילו מרלו 750,,,יין פורטילו מרלו 750 מל,מיליליטרים,750.00,"100 מ""ל",false,6,45.00,6.0000,true,1,345442
7798074863708,false,יין פורטילו דולציה ל,,,יין פורטילו דולציה לבן מתוק 750 מל,מיליליטרים,750.00,"100 מ""ל",false,6,45.00,6.0000,true,1,345439
7798091111035,false,יין קאיימרה אשאוואל,אס פי איי SPI (סטולי,,יין קאיימרה אשאוואל פרר 750מל פקדון,מיליליטרים,750.00,"100 מ""ל",false,1,220.00,29.3333,true,1,245195
7798121460843,false,יין בודאגס קארו קארו,,,יין בודאגס קארו קארו 750 מל,מיליליטרים,75000.00,"100 מ""ל",false,1,250.00,0.3333,true,1,250086
7798130463187,false,יין ארגנטו קלאסיק רו,,,יין ארגנטו קלאסיק רוזה יבש 750 מל,מיליליטרים,750.00,"100 מ""ל",false,6,45.00,6.0000,true,1,332110
7798130463507,false,יין אדום קברנה פרנק,,AR,יין אדום קברנה פרנק ארגנטו אגרילו 750מל,מיליליטרים,750.00,"100 מ""ל",false,12,85.00,11.3333,true,1,346422
7798130463514,false,יין אדום מלבק ארגנטו,,AR,יין אדום מלבק ארגנטו אלטמירה 750מל פקדון,מיליליטרים,750.00,"100 מ""ל",false,12,85.00,11.3333,true,1,346421
7798159560102,false,יין ארגנטו קלאסיק שר,,,יין ארגנטו קלאסיק שרדונה ס. לבן 750 מל,מיליליטרים,750.00,"100 מ""ל",false,6,45.00,6.0000,true,1,334294
7798159560126,false,יין ארגנטו קלאסיק מל,,,יין ארגנטו מלבק אדום יבש 750 מל,מיליליטרים,750.00,"100 מ""ל",false,6,45.00,6.0000,true,1,332108
7798159560157,false,יין ארגנטו קלאסיק פי,,,יין ארגנטו קלאסיק פינו גריגיו לבן 750 מל,מיליליטרים,750.00,"100 מ""ל",false,6,45.00,6.0000,true,1,332109
7798159560270,false,יין ראגנטו סלקסיון מ,,,יין ראגנטו סלקסיון מלבק 750 מל,מיליליטרים,750.00,"100 מ""ל",false,6,45.00,6.0000,true,1,337511
7798164800019,false,אוכמניות ברי בקופסא,,,אוכמניות ברי בקופסא 125 גרם,גרמים,125.00,100 גרם,false,1,14.90,11.9200,true,1,306698
7802110001143,false,יין פיסקו סאוור קאפל,פיסקו קאפל,,יין פיסקו סאוור קאפל 750 מל,מיליליטרים,750.00,"100 מ""ל",false,1,60.00,8.0000,true,1,254293
7804315000235,false,יין מבעבע דמי סק אונ,UNDURRAGA,,יין מבעבע דמי סק אונדורגה 750 מל פיקדון,מיליליטרים,750.00,"100 מ""ל",false,1,45.00,6.0000,true,1,236020
7804315000594,false,יין ק. סוביניון קרמנ,UNDURRAGA,,יין ק. סוביניון קרמנר אליווין 750מל פקדו,מיליליטרים,750.00,"100 מ""ל",false,1,60.00,8.0000,true,1,235745
7804315002024,false,יין פינו נואר סיבריס,UNDURRAGA,,יין פינו נואר סיבריס 750מל פקדון,מיליליטרים,750.00,"100 מ""ל",false,1,65.00,8.6667,true,1,245064
7804315002185,false,יין סוביניון בלאן לי,UNDURRAGA,,יין סוביניון בלאן לידה 750 מל פיקדון,מיליליטרים,750.00,"100 מ""ל",false,1,100.00,13.3333,true,1,238424
7804315002864,false,יין פינו נואר לידה 7,UNDURRAGA,,יין פינו נואר לידה 750 מל פיקדון,מיליליטרים,750.00,"100 מ""ל",false,1,129.00,17.2000,true,1,238425
7804315003342,false,יין קרינאן טי אייץ 7,UNDURRAGA,,יין קרינאן טי אייץ 750 מל פקדון,מיליליטרים,750.00,"100 מ""ל",false,1,129.00,17.2000,true,1,243292
7804315004578,false,יין ריזלינג טי אייץ,UNDURRAGA,,יין ריזלינג טי אייץ 750מל פקדון,מיליליטרים,750.00,"100 מ""ל",false,1,110.00,14.6667,true,1,245062
7804315010005,false,יין ק. סוביניון וריא,UNDURRAGA,,יין ק. סוביניון וריאטל 750מל פקדון,מיליליטרים,750.00,"100 מ""ל",false,1,45.00,6.0000,true,1,230056
7804315030027,false,יין מרלו וריאטל 750,UNDURRAGA,,יין מרלו וריאטל 750 מל פקדון,מיליליטרים,750.00,"100 מ""ל",false,1,45.00,6.0000,true,1,230309
7804315304647,false,יין גוורצטרמינר וריא,UNDURRAGA,,יין גוורצטרמינר וריאטל 750מל פקדון,מיליליטרים,750.00,"100 מ""ל",false,1,45.00,6.0000,true,1,230057
7804315304807,false,יין קרמנר וריאטל 750,UNDURRAGA,,יין קרמנר וריאטל 750מל פקדון,מיליליטרים,750.00,"100 מ""ל",false,1,45.00,6.0000,true,1,236019
7804320135854,false,יין טורו פרונטרה קרמ,קונצה אי טורו,,יין טורו פרונטרה קרמנרה 750 מל,מיליליטרים,750.00,"100 מ""ל",false,1,45.00,6.0000,true,1,307453
7804320301174,false,יין ה קאסילרו סובניו,קונצה אי טורו,,יין ה קאסילרו סובניוןבלאן 750 מל פיקדון,מיליליטרים,750.00,"100 מ""ל",false,1,60.00,8.0000,true,1,307455
7804320556000,false,יין פרונטרה סוביניון,קונצה אי טורו,,יין פרונטרה סוביניון בלאן 750מל פקדון,Unknown,0.00,Unknown,false,1,45.00,0.0000,true,1,307448
7804320559001,false,יין פרונטרה קברנה 75,קונצה אי טורו,,יין פרונטרה קברנה 750 מל פיקדון,מיליליטרים,750.00,"100 מ""ל",false,1,45.00,6.0000,true,1,307447
7804320642277,false,יין פרונטרה שרדונה 7,קונצה אי טורו,,יין פרונטרה שרדונה 750מל פקדון,מיליליטרים,750.00,"100 מ""ל",false,1,45.00,6.0000,true,1,307449
7804320746104,false,יין קונצה אי טורו די,קונצה אי טורו,CL,יין קונצה אי טורו דיאבלו 666 750 מל,מיליליטרים,750.00,"100 מ""ל",false,6,75.00,10.0000,true,1,326459
7804320750552,false,יין קונצה אי טורו די,קונצה אי טורו,CL,יין קונצה אי טורו דיאבלו ק.ס 750 מל,מיליליטרים,750.00,"100 מ""ל",false,6,75.00,10.0000,true,1,331887
7804338000014,false,יין לוס בולדוס טרידי,,ZA,יין לוס בולדוס טרידיסיון רזרב שרדונה 750,מיליליטרים,750.00,"100 מ""ל",false,6,45.00,6.0000,true,1,345063
7804338000021,false,יין לוס בולדוס טרידי,,ZA,יין לוס בולדוס טרידיסיון רזרב ק.סוביניון,מיליליטרים,750.00,"100 מ""ל",false,6,45.00,6.0000,true,1,345064
7804338000465,false,יין קברנה ס. רזרב גר,,,יין קברנה ס. רזרב גראנד לוס בולדוס 750 מ,מיליליטרים,750.00,"100 מ""ל",false,6,60.00,8.0000,true,1,345066
7804338000625,false,יין לוס בולדוס טרידי,,ZA,יין לוס בולדוס טרידיסיון רזרב קרמאנר 750,מיליליטרים,750.00,"100 מ""ל",false,6,45.00,6.0000,true,1,345065
7804338000649,false,יין גראנד רזרב קרמאנ,,,יין גראנד רזרב קרמאנר לוס בולדוס 750 מ,מיליליטרים,750.00,"100 מ""ל",false,6,60.00,8.0000,true,1,345067
7804414000648,false,יין מרלו פופייה ל פ,צ'ילה לואיס פיליפה א,,יין מרלו פופייה ל פ אדוארדס 750מל פקדון,מיליליטרים,750.00,"100 מ""ל",false,1,35.00,4.6667,true,1,230521
7804414000655,false,יין שרדונה פופייה ל,צ'ילה לואיס פיליפה א,,יין שרדונה פופייה ל פ אדוארדס 750מל פקדו,מיליליטרים,750.00,"100 מ""ל",false,1,35.00,4.6667,true,1,230522
7804414000860,false,יין דון חוליו קברנה,צ'ילה לואיס פיליפה א,,יין קברנה דון חוליו אדוארדו 750 מל פקדון,מיליליטרים,750.00,"100 מ""ל",false,1,35.00,4.6667,true,1,233608
7804414000877,false,יין דון חוליו מרלו 7,צ'ילה לואיס פיליפה א,,יין מרלו דון חוליו אדוארדו 750 מל פקדון,מיליליטרים,750.00,"100 מ""ל",false,1,35.00,4.6667,true,1,233609
7804414000884,false,יין דון חוליו שרדונה,צ'ילה לואיס פיליפה א,,יין שרדונה דון חוליו אדוארדו750 מל פקדון,מיליליטרים,750.00,"100 מ""ל",false,1,35.00,4.6667,true,1,235987
7804414001614,false,יין דון חוליו שיראז,צ'ילה לואיס פיליפה א,,יין שיראז דון חוליו אדוארדו750מל פקדון,מיליליטרים,750.00,"100 מ""ל",false,1,35.00,4.6667,true,1,235988
7804414002154,false,יין דון חוליו קברנה,,,"יין דון חוליו קברנה סוביניון 375 מ""ל",מיליליטרים,375.00,"100 מ""ל",false,12,25.00,6.6667,true,1,328895
7804414003373,false,יין מריאה דה ליידה ס,צ'ילה לואיס פיליפה א,,יין מריאה דה ליידה סוב. בלאן 750מל פקדון,מיליליטרים,750.00,"100 מ""ל",false,1,95.00,12.6667,true,1,248512
7804414012344,false,יין דון חוליו סוביני,צ'ילה לואיס פיליפה א,,יין דון חוליו סוביניון בלאן 750 מל,מיליליטרים,750.00,"100 מ""ל",false,1,35.00,4.6667,true,1,313522
7804414012351,false,יין דון חוליו מלבק 7,צ'ילה לואיס פיליפה א,,יין דון חוליו מלבק 750 מל,מיליליטרים,750.00,"100 מ""ל",false,1,35.00,4.6667,true,1,313523
7804414012368,false,יין דון חוליו רוזה 7,צ'ילה לואיס פיליפה א,,יין דון חוליו רוזה 750 מל,מיליליטרים,750.00,"100 מ""ל",false,1,35.00,4.6667,true,1,314269
7804414017110,false,יין דון חוליו פינו נ,צ'ילה לואיס פיליפה א,,יין דון חוליו פינו נואר כשר 750 מל,מיליליטרים,750.00,"100 מ""ל",false,1,35.00,4.6667,true,1,330878
7804414381464,false,יין קברנה רזרבה ל פ,צ'ילה לואיס פיליפה א,,יין קברנה רזרבה ל פ אדוארדס 750מל פקדון,מיליליטרים,750.00,"100 מ""ל",false,1,45.00,6.0000,true,1,245198
7804414381471,false,יין קברנה פופייה ל פ,צ'ילה לואיס פיליפה א,,יין קברנה פופייה ל פ אדוארדס 750מל פקדון,מיליליטרים,750.00,"100 מ""ל",false,1,35.00,4.6667,true,1,229978
7861500002818,false,מארז 6יח בירה לף ברא,,,מארז 6יח בירה לף בראון 330מל בק.פקדון,מיליליטרים,1980.00,"100 מ""ל",false,1,47.90,2.4192,true,1,337096
7891024179482,false,מי פה קולגייט אופטיק,Colgate - Brazil,BR,מי פה קולגייט אופטיק וויט 500 מל,מיליליטרים,500.00,"100 מ""ל",false,12,25.90,5.1800,true,1,244503
7896259411956,false,סוכריות פאדג אמבר קר,,BR,סוכריות פאדג אמבר קרמל שוקו 150 גרם,גרמים,150.00,100 גרם,false,24,6.90,4.6000,true,1,345320
7896259411987,false,סוכריות פאדג אמברה ש,,BR,סוכריות פאדג אמברה שוקולד 150 גרם,גרמים,150.00,100 גרם,false,24,6.90,4.6000,true,1,345311
7896547500034,false,משקה קאשה 61 1 ל,קשאסה מיסייאטו,,משקה קאשה 61 1 ל פיקדון,ליטרים,1.00,ליטר,false,1,110.00,110.0000,true,1,244488
8000015002374,false,עוגיות דיליו איטלקי,,,עוגיות דיליו איטלקי גיריני 800 גר,גרמים,800.00,100 גרם,false,1,16.90,2.1125,true,1,240231
8000015002510,false,עוגיות דיליו אוסוויג,,,עוגיות דיליו אוסוויגו איטלקי 800 גר,גרמים,800.00,100 גרם,false,1,16.90,2.1125,true,1,235260
8000015002855,false,עוגיות דיליו כוציולי,,,עוגיות דיליו כוציולי איטלקי 700 גר,גרמים,700.00,100 גרם,false,1,16.90,2.4143,true,1,241393
8000015002893,false,עוגיות דיליו כוצינה,,,עוגיות דיליו כוצינה איטלקי 700 גר,גרמים,700.00,100 גרם,false,1,16.90,2.4143,true,1,241396
8000040000802,false,משקה קמפרי 1000 מל פ,קמפרי (יורו),,משקה קמפרי 1000 מל פקדון,ליטרים,1.00,ליטר,false,1,105.00,105.0000,true,1,234386
8000040001106,false,משקה קמפרי 700 מל,justrini & brooks,,משקה קמפרי 700 מל,מיליליטרים,700.00,"100 מ""ל",false,6,89.90,12.8429,true,1,333906
8000040500012,false,וויסקי ווליד טרקי 81,austln nickois,,וויסקי ווליד טרקי 81 700 מל,מיליליטרים,700.00,"100 מ""ל",false,1,89.00,12.7143,true,1,253320
8000040630269,false,וויסקי סקוטי גלן גרא,,,וויסקי סקוטי גלן גראנט 12שנים 700 מל,מיליליטרים,700.00,"100 מ""ל",false,1,149.90,21.4143,true,1,319873
8000070003774,false,קפסולות לוואצה אמודו,לווצה טורינו,IT,קפסולות לוואצה אמודו מיו 13 אינטנסו 16 י,יחידה,16.00,יחידה,false,1,29.90,1.8687,true,1,347493
8000070003798,false,קפסולות לוואצה אמודו,לווצה טורינו,IT,קפסולות לוואצה אמודו מיו8דליסיוזו16יח,יחידה,16.00,יחידה,false,1,29.90,1.8687,true,1,347489
8000070003811,false,קפסולות לוואצה אמודו,לווצה טורינו,IT,קפסולות לוואצה אמודו מיו 11פסיונלה 16 יח,יחידה,16.00,יחידה,false,1,29.90,1.8687,true,1,347491
8000070011878,false,קפה לוואצה דק נטול ק,לווצה טורינו,,קפה לוואצה דק נטול קופאין 250 ג,גרמים,250.00,100 גרם,false,1,43.90,17.5600,true,1,230899
8000070012219,false,פולי לווצה אורו 250,,IT,פולי לווצה אורו 250 גרם,גרמים,250.00,100 גרם,false,1,39.90,15.9600,true,1,339051
8000070027398,false,פולי לווצה קרמה קלסי,,IT,פולי לווצה קרמה קלסיקו 500 גרם,גרמים,500.00,100 גרם,false,1,69.90,13.9800,true,1,339052
8000070031043,false,פולי קפה אדום 1 קג ר,לווצה טורינו,IT,פולי קפה אדום 1קג רסוטציון לווצה,קילוגרמים,1.00,"ק""ג",false,6,99.90,99.9000,true,1,243548
8000070032835,false,קפה לוואצה מאטינו 25,לווצה טורינו,,קפה לוואצה מאטינו 250 ג,גרמים,250.00,100 גרם,false,1,29.90,11.9600,true,1,233291
8000070035980,false,קפה לוואצה רוסו אדום,לווצה טורינו,,קפה לוואצה רוסו אדום 250 ג,גרמים,250.00,100 גרם,false,1,29.90,11.9600,true,1,240237
8000070036321,false,פולי לוואצה קואליטה,,IT,פולי לוואצה קואליטה רוסה 500 גרם,גרמים,500.00,100 גרם,false,1,69.90,13.9800,true,1,345079
8000070038868,false,קפה לוואצה קרמה גוסט,לווצה טורינו,,קפה לוואצה קרמה גוסטו 250 ג,גרמים,250.00,100 גרם,false,1,29.90,11.9600,true,1,240864
8000070038974,false,פולי לווצה קרמה גוסט,,IT,פולי לווצה קרמה גוסטו 1 קג,קילוגרמים,1.00,"ק""ג",false,1,109.90,109.9000,true,1,339053
8000070053465,false,קפסולות לוואצה 8 אור,לווצה טורינו,IT,קפסולות לוואצה 8 אורו 10 יח,יחידה,10.00,יחידה,false,1,19.90,1.9900,true,1,347498
8000070053472,false,קפסולות לוואצה 12 קר,לווצה טורינו,IT,קפסולות לוואצה 12 קרמה גוסטו קלאסיקו10יח,יחידה,10.00,יחידה,false,1,19.90,1.9900,true,1,347495
8000070053526,false,קפסולות לוואצה 10 רו,לווצה טורינו,IT,קפסולות לוואצה 10 רוסו 10 יח,יחידה,10.00,יחידה,false,1,19.90,1.9900,true,1,347497
8000070055254,false,קפסולות לוואצה 13 קר,לווצה טורינו,IT,קפסולות לוואצה 13 קרמה גוסטו פורטה 10 יח,יחידה,10.00,יחידה,false,1,19.90,1.9900,true,1,347494
8000070059832,false,קפסולות לוואצה 11 קר,לווצה טורינו,IT,קפסולות לוואצה 11 קרמה גוסטו ריקו 10יח,יחידה,10.00,יחידה,false,1,19.90,1.9900,true,1,347496
8000070064553,false,קפסולות לוואצה אמודו,לווצה טורינו,IT,קפסולות לוואצה אמודו מיו 10 רוסה 16 יח,יחידה,16.00,יחידה,false,1,29.90,1.8687,true,1,347492
8000070081000,false,קפסולות לוואצה הרמונ,לווצה טורינו,IT,קפסולות לוואצה הרמוניקה 8 10 יח,יחידה,10.00,יחידה,false,10,16.90,1.6900,true,1,339334
8000070081017,false,קפסולות לוואצה דיצו,לווצה טורינו,IT,קפסולות לוואצה דיצו 10 10 יח,יחידה,10.00,יחידה,false,10,16.90,1.6900,true,1,339335
8000070081154,false,קפסולות לוואצה לגרו,לווצה טורינו,IT,קפסולות לוואצה לגרו 4 10 יח,יחידה,10.00,יחידה,false,10,16.90,1.6900,true,1,339336
8000070081161,false,קפסולות לוואצה אבולג,לווצה טורינו,IT,קפסולות לוואצה אבולגנטה 5 10 יח,יחידה,10.00,יחידה,false,10,16.90,1.6900,true,1,339337
8000146500039,false,שמן זית כמהין אורבני,,,שמן זית כמהין אורבני 55 מל,Unknown,0.00,Unknown,false,1,29.90,0.0000,true,1,249895
8000150655206,false,יין לבן פרסקאטי סופר,איטליה גרופו איטליאנ,,יין לבן פרסקאטי סופריורה 750 מל פקדון,מיליליטרים,750.00,"100 מ""ל",false,1,45.00,6.0000,true,1,241332
8000160623271,false,יין מליני סן לורנצו,מליני,,יין מליני סן לורנצו קיאנטי 750 מל,מיליליטרים,750.00,"100 מ""ל",false,1,45.00,6.0000,true,1,329840
8000160631955,false,יין ריפסו ואלפוליצלה,,IT,יין ריפסו ואלפוליצלה 750 מל,מיליליטרים,750.00,"100 מ""ל",false,12,70.00,9.3333,true,1,342229
8000160661211,false,יין ספורסאט נינו נגר,איטליה גרופו איטליאנ,,יין ספורסאט נינו נגרי 750 מל פקדון,מיליליטרים,750.00,"100 מ""ל",false,1,155.00,20.6667,true,1,243532
8000160661273,false,יין צינקווה סטלה ספו,איטליה גרופו איטליאנ,,יין צינקווה סטלה ספורסאט נינו נגרי 750מל,מיליליטרים,750.00,"100 מ""ל",false,1,285.00,38.0000,true,1,243484
8000160661853,false,יין וינייטו פראציה נ,איטליה גרופו איטליאנ,,יין וינייטו פראציה נינו נגרי 750 מל פקדו,מיליליטרים,750.00,"100 מ""ל",false,1,130.00,17.3333,true,1,243483
8000160661921,false,יין מאזר נינו נגרי 7,איטליה גרופו איטליאנ,,יין מאזר נינו נגרי 750מל פקדון,מיליליטרים,750.00,"100 מ""ל",false,1,110.00,14.6667,true,1,244094
8000160672590,false,יין רה מאנפרדי אליאנ,,,יין רה מאנפרדי אליאניקו דל וולטורה 750מל,מיליליטרים,750.00,"100 מ""ל",false,1,110.00,14.6667,true,1,247812
8000170661423,false,יין אינפרנו נינו נגר,איטליה גרופו איטליאנ,,יין אינפרנו נינו נגרי 750מל פקדון,מיליליטרים,750.00,"100 מ""ל",false,1,85.00,11.3333,true,1,243482
8000215202406,false,מעדן אורז אורגני שוק,ויטריז,IT,מעדן אורז אורגני שוקו 400 גר,גרמים,400.00,100 גרם,false,6,14.90,3.7250,true,1,324235
8000215202413,false,מעדן אורז אורגני וני,ויטריז,IT,מעדן אורז אורגני וניל 400 גר,גרמים,400.00,100 גרם,false,6,14.90,3.7250,true,1,324234
8000215204219,false,משקה אורז אורגני 1 ל,אלינור,,משקה אורז אורגני 1 ל ויטאריס,ליטרים,1.00,ליטר,false,1,13.90,13.9000,true,1,246118
8000215204240,false,משקה אורז שקדים אורג,אלינור,,משקה אורז שקדים אורגני 1 ל ויטאריס,ליטרים,1.00,ליטר,false,1,13.90,13.9000,true,1,244695
8000215204264,false,משקה אורז 200 מל ויט,אלינור,,משקה אורז 200 מל ויטאריס,מיליליטרים,200.00,"100 מ""ל",false,1,4.00,2.0000,true,1,309733
8000215204271,false,משקה אורז שקדים 200מ,אלינור,,משקה אורז שקדים 200מל ויטאריס,מיליליטרים,200.00,"100 מ""ל",false,1,4.00,2.0000,true,1,304583
8000215204370,false,שמנת לבישול בסיס אור,אלינור,,שמנת לבישול בסיס אורז 200 מל ויטאריס,מיליליטרים,20000.00,"100 מ""ל",false,1,6.00,0.0300,true,1,304584
8000215204387,false,ויטריז לבישול רוטב ב,,,ויטריז לבישול רוטב בשמל צמחי אורגני 500מ,מיליליטרים,500.00,"100 מ""ל",false,1,12.90,2.5800,true,1,319836
8000215204394,false,משקה אורז ואגוזי לוז,אלינור,,משקה אורז ואגוזי לוז אורגני ויטאריס 1 לי,ליטרים,1.00,ליטר,false,1,16.90,16.9000,true,1,247341
8000215204554,false,משקה אורז קוקוס אורג,אלינור,,משקה אורז קוקוס אורגני 1 ל ויטאריס,ליטרים,1.00,ליטר,false,1,13.90,13.9000,true,1,310673
8000215204561,false,משקה שקדים אורגני 1,ויטהסי,IT,משקה שקדים אורגני 1 לי,ליטרים,1.00,ליטר,false,10,14.90,14.9000,true,1,325656
8000215204653,false,משה סויה ויטראריס 1,ויטהסי,IT,משה סויה ויטראריס 1 לי,ליטרים,1.00,ליטר,false,10,10.00,10.0000,true,1,330148
8000215204677,false,משקה שיבולת בריסטה א,אלינור,,משקה שיבולת בריסטה אורגני 1 ל ויטאריס,ליטרים,1.00,ליטר,false,1,13.90,13.9000,true,1,343895
8000215204714,false,משקה שבולת שועל אורג,אלינור,,משקה שבולת שועל אורגני ויטאריס 1 לי,ליטרים,1.00,ליטר,false,1,13.90,13.9000,true,1,246117
8000353000360,false,משקה סמבוקה שחורה פס,,,משקה סמבוקה שחורה פסיונה נרה700מל פיקדון,מיליליטרים,700.00,"100 מ""ל",false,1,129.00,18.4286,true,1,238075
8000353003149,false,ליקר אמרטו ססקירה לו,,,ליקר אמרטו ססקירה לוקסרדו 700 מל,מיליליטרים,700.00,"100 מ""ל",false,1,99.90,14.2714,true,1,347171
8000353004184,false,ליקר אגוזי לוז אנגיו,,,ליקר אגוזי לוז אנגיוליטו לוקסרדו 700 מל,מיליליטרים,700.00,"100 מ""ל",false,1,89.00,12.7143,true,1,254759
8000353006157,false,ליקר לוקסרדו מרסקינו,,,ליקר לוקסרדו מרסקינו 700 מל,מיליליטרים,700.00,"100 מ""ל",false,1,159.00,22.7143,true,1,254754
8000353006225,false,ליקר אמרטו ססקירה לו,,,ליקר אמרטו ססקירה לוקסרדו 700 מל,מיליליטרים,700.00,"100 מ""ל",false,1,99.90,14.2714,true,1,254755
8000353006386,false,ליקר לימוצלו לוקסרדו,,,ליקר לימוצלו לוקסרדו גקופסא 700 מל,מיליליטרים,700.00,"100 מ""ל",false,1,99.90,14.2714,true,1,254756
8000353006942,false,משקה סמבוקה תפוח ירו,,,משקה סמבוקה תפוח ירוק 700 מל פיקדון,מיליליטרים,700.00,"100 מ""ל",false,1,89.00,12.7143,true,1,238925
8000380001446,false,ופל לואקר לואקיני חל,לואקר,,ופל לואקר לואקיני חלב 100 גרם,גרמים,100.00,100 גרם,false,1,15.90,15.9000,true,1,322872
8000380003723,false,ופל פטיסרי אגוז 100,,,ופל פטיסרי אגוז 100 ג,גרמים,100.00,100 גרם,false,1,12.90,12.9000,true,1,229615
8000380003754,false,ופל לואקר פטיסרי קפו,,,ופל לואקר פטיסרי קפוצינו 100 גרם,גרמים,100.00,100 גרם,false,1,12.90,12.9000,true,1,314231
8000380003761,false,ופל פטיסרי קוקוס 100,,,ופל פטיסרי קוקוס 100 ג,גרמים,100.00,100 גרם,false,1,12.90,12.9000,true,1,229616
8000380004669,false,וופל לואקר סנדוויץ ק,,,וופל לואקר סנדוויץ קקאו 200 ג,גרמים,200.00,100 גרם,false,1,13.90,6.9500,true,1,228678
8000380004676,false,ופל לואקר סנדוויץ ונ,,,ופל לואקר סנדוויץ וניל 200 ג,גרמים,200.00,100 גרם,false,1,13.90,6.9500,true,1,228679
8000380004881,false,ופל קואדרטיני טרמיסו,,,ופל קואדרטיני טרמיסו 220 ג,גרמים,220.00,100 גרם,false,1,14.90,6.7727,true,1,231624
8000380004911,false,ופל קואדרטיני אגוז,,,ופל קואדרטיני אגוז 250 ג,גרמים,250.00,100 גרם,false,1,14.90,5.9600,true,1,228680
8000380004942,false,ופל קואדרטיני וניל 2,,,ופל קואדרטיני וניל 250 ג,גרמים,250.00,100 גרם,false,1,14.90,5.9600,true,1,240439
8000380004966,false,ופל קואדרטיני שוקולד,,,ופל קואדרטיני שוקולד 250 ג,גרמים,250.00,100 גרם,false,1,14.90,5.9600,true,1,228681
8000380005598,false,חטיף טורטינה מריר 12,,,חטיף טורטינה מריר 125 גר 6 יח,גרמים,125.00,100 גרם,false,1,17.90,14.3200,true,1,238151
8000380007219,false,ופל לואקר אגוז 175 ג,,,ופל לואקר אגוז 175 גר,גרמים,175.00,100 גרם,false,1,11.90,6.8000,true,1,228684
8000380007257,false,ופל גרדנה מצופה קרם,,,ופל גרדנה מצופה קרם אגוז200 גרם,גרמים,200.00,100 גרם,false,1,14.90,7.4500,true,1,228685
8000380007264,false,ופל לואקר קקאו 175 ג,,,ופל לואקר קקאו 175 גר,גרמים,175.00,100 גרם,false,1,11.90,6.8000,true,1,228686
8000380007271,false,ופל לואקר חלב 175 גר,,,ופל לואקר חלב 175 גר,גרמים,175.00,100 גרם,false,1,11.90,6.8000,true,1,228687
8000380106028,false,חטיף טורטינה חלב 125,,,חטיף טורטינה 125 גר 6 יח,גרמים,125.00,100 גרם,false,1,17.90,14.3200,true,1,236057
8000380144044,false,ופל גרדנה מצופה קרם,,,ופל גרדנה מצופה קרם שוקולד 200 גרם,גרמים,200.00,100 גרם,false,1,14.90,7.4500,true,1,234763
8000380148035,false,ופל פטיסרי מריר אגו,,,ופל פטיסרי מריר אגוזים 100 ג,גרמים,100.00,100 גרם,false,1,12.90,12.9000,true,1,238152
8000380152704,false,חטיף ופל גרדנה אצבעו,,,חטיף ופל גרדנה אצבעות אגוזים 125 גר,גרמים,125.00,100 גרם,false,1,15.90,12.7200,true,1,243170
8000380152728,false,ופל גרדנה אצבעות שוק,,,חטיף ופל גרדנה אצבעות שוקולד 125 גר,גרמים,125.00,100 גרם,false,1,15.90,12.7200,true,1,243171
8000380153534,false,חטיף טורטינה לבן 125,,,חטיף טורטינה לבן 125 גר 6 יח,גרמים,125.00,100 גרם,false,1,17.90,14.3200,true,1,246542
8000380156009,false,בונבוניירה דולומיטים,,,בונבוניירה ורד הדולומיטים חלב 150 גר,גרמים,150.00,100 גרם,false,1,21.90,14.6000,true,1,317608
8000380156573,false,בונבוניירה דולומיטים,,,בונבוניירה ורד הדולומיטים 150 גר,גרמים,150.00,100 גרם,false,1,21.90,14.6000,true,1,251214
8000380156849,false,שוקולד לואקר מריר קר,,,שוקולד לואקר מריר קרם קקאו 87 גר,Unknown,0.00,Unknown,false,1,7.90,0.0000,true,1,252233
8000380157440,false,שוקולד לואקר ממולא א,,,שוקולד לואקר ממולא אגוזי לוז 85 גר,Unknown,0.00,Unknown,false,1,7.90,0.0000,true,1,310802
8000380157570,false,ופל לואקר אגוז 262.5,,,ופל לואקר אגוז 262.5 גר,גרמים,263.00,100 גרם,false,1,11.90,4.5247,true,1,317601
8000380157587,false,ופל לואקר קרם קקאו 2,,,ופל לואקר קרם קקאו 262.5 גר,גרמים,263.00,100 גרם,false,1,11.90,4.5247,true,1,317602
8000380158546,false,ופל לואקר לואקיני מר,לואקר,,ופל לואקר לואקיני מריר 100 גרם,גרמים,100.00,100 גרם,false,1,15.90,15.9000,true,1,322897
8000380180721,false,ופל לואקר שוקו חלב 1,,,ופל לואקר שוקו חלב 175 גר,גרמים,175.00,100 גרם,false,1,11.90,6.8000,true,1,308674
8000380180745,false,ופל קואדרטיני שוקו ח,,,ופל קואדרטיני שוקו חלב 250 ג,גרמים,250.00,100 גרם,false,1,15.50,6.2000,true,1,308673
8000380180837,false,ופל פטיסרי קרם קוקוס,,,ופל פטיסרי קרם קוקוס לבן 100 ג,גרמים,100.00,100 גרם,false,1,12.90,12.9000,true,1,310805
8000380181032,false,חטיף ופל גרדנה אצבעו,לואקר,,חטיף ופל גרדנה אצבעות לבן 125 גר,גרמים,125.00,100 גרם,false,1,15.90,12.7200,true,1,310804
8000380184316,false,שוקולד לואקר חלב 80,,,שוקולד לואקר חלב 80 גר,Unknown,0.00,Unknown,false,1,7.90,0.0000,true,1,319789
8000380184330,false,שוקולד לואקר לבן 80,,,שוקולד לואקר לבן 80 גר,Unknown,0.00,Unknown,false,1,7.90,0.0000,true,1,319791
8000380187119,false,עוגיות לואקר קרם אגו,לואקר,IT,עוגיות לואקר אגוזי לוז 100 גרם,גרמים,100.00,100 גרם,false,12,14.90,14.9000,true,1,334868
8000380187249,false,עוגיות לואקר קרם שקד,לואקר,IT,עוגיות לואקר קרם שקדים 100 גרם,גרמים,100.00,100 גרם,false,12,14.90,14.9000,true,1,334869
8000380187775,false,ופל גרדנה מצופה קרם,,,ופל גרדנה מצופה קרם אגוז136 גרם,גרמים,136.00,100 גרם,false,1,10.00,7.3529,true,1,346900
8000380189281,false,מארז מיני מיקס לואקר,לואקר,,מארז מיני מיקס לואקר 210 גרם,גרמים,210.00,100 גרם,false,1,19.90,9.4762,true,1,322898
8000380192151,false,חטיף טורטינה טריפל ש,,,חטיף טורטינה טריפל שוקולד מריר125גר6יח,גרמים,125.00,100 גרם,false,1,17.90,14.3200,true,1,329800
8000380192199,false,ופל לואקר דאבל שוקול,,,ופל לואקר דאבל שוקולד 175 גר,גרמים,175.00,100 גרם,false,1,11.90,6.8000,true,1,326761
8000380192588,false,ופל קואדרטיני דאבל ש,,,ופל קואדרטיני דאבל שוקולד 250 ג,גרמים,250.00,100 גרם,false,1,14.90,5.9600,true,1,327402
8000380201396,false,חטיף טורטינה קרמל 12,,,חטיף טורטינה קרמל 125 גר 6 יח,גרמים,125.00,100 גרם,false,1,17.90,14.3200,true,1,339228
8000380205400,false,ופל קואדרטיני חמאת ב,,,ופל קואדרטיני חמאת בוטנים 250 גר,גרמים,250.00,100 גרם,false,1,14.90,5.9600,true,1,345074
8000380206896,false,ופל גרדנה מצופה חמאת,,,ופל גרדנה מצופה חמאת בוטנים 200 גרם,גרמים,200.00,100 גרם,false,1,14.90,7.4500,true,1,345077
8000380207183,false,חטיף טורטינה חמאת בו,,,חטיף טורטינה חמאת בוטנים 125 גר 6 יח,גרמים,125.00,100 גרם,false,1,17.90,14.3200,true,1,345078
8000392503136,false,פומפה,,CN,פומפה,יחידה,1.00,יחידה,false,12,9.90,9.9000,true,1,330920
8000392900010,false,מגב סיליקון אייפל עם,,IL,מגב סיליקון אייפל עם מקל פרימיום,יחידה,1.00,יחידה,false,12,59.90,59.9000,true,1,330897
8000409354157,false,מקינטה מוקה לוואצה ל,,,מקינטה מוקה לוואצה לאספרסו,Unknown,0.00,Unknown,false,1,79.90,0.0000,true,1,345895
8000420000491,false,יין מבעבע גנציה אסטי,,,יין מבעבע גנציה אסטי 750 מל,מיליליטרים,750.00,"100 מ""ל",false,1,45.00,6.0000,true,1,322492
8000500009673,false,בונבוניירה פררו רושר,פררו,,בונבוניירה פררו רושר 300 ג,גרמים,300.00,100 גרם,false,1,45.90,15.3000,true,1,232279
8000500018828,false,שוקולד קינדר חצי מטר,פררו,,שוקולד קינדר חצי מטר 300 גרם,גרמים,300.00,100 גרם,false,1,21.90,7.3000,true,1,318638
8000500023624,false,חטיף הפי היפו קרם שו,פררו,,חטיף הפי היפו 5 יח,גרמים,104.00,100 גרם,false,1,12.90,12.4038,true,1,234931
8000500023976,false,בונבוניירה רפאלו 150,פררו,,בונבוניירה רפאלו 150 גרם,גרמים,150.00,100 גרם,false,1,16.90,11.2667,true,1,228688
8000500026731,false,ביצי הפתעה קינדר שלי,,,ביצי הפתעה קינדר שלישיה,Unknown,0.00,Unknown,false,1,15.90,0.0000,true,1,277388
8000500028124,false,מארז 3 ביצי קינדר גו,פררו,IT,מארז 3 ביצי קינדר גוי פאנקו,Unknown,0.00,Unknown,false,32,15.90,0.0000,true,1,234672
8000500029350,false,חטיף קינדר בואנו שלי,פררו,,חטיף קינדר בואנו שלישיה,גרמים,129.00,100 גרם,false,1,11.90,9.2248,true,1,228689
8000500032237,false,בונבוניירה פררו רושר,פררו,,בונבוניירה פררו רושר 375 ג,גרמים,375.00,100 גרם,false,1,44.90,11.9733,true,1,229177
8000500032732,false,עוגת קינדר דליס קוקו,פררו,IT,עוגת קינדר דליס קוקוס 10 יח 390 גרם,גרמים,390.00,100 גרם,false,14,19.90,5.1026,true,1,337545
8000500037874,false,בונבוניירה פררו רושר,פררו,,בונבוניירה פררו רושר 200 גרם,גרמים,200.00,100 גרם,false,1,25.90,12.9500,true,1,228691
8000500071083,false,שוקולד קינדר אצבעות,פררו,,שוקולד קינדר אצבעות 200 ג,גרמים,200.00,100 גרם,false,1,12.90,6.4500,true,1,228692
8000500075708,false,מארז 3 ביצי קינדר גו,פררו,,מארז 3 ביצי קינדר גוי כחול,Unknown,0.00,Unknown,false,1,15.90,0.0000,true,1,250801
8000500094976,false,בונבוניירה פררו רושר,פררו,,בונבוניירה פררו רושר קונוס 212 ג,גרמים,212.00,100 גרם,false,1,39.90,18.8208,true,1,239099
8000500121436,false,חטיף קינדר בואנו לבן,פררו,,חטיף קינדר בואנו לבן שלישיה,גרמים,105.00,100 גרם,false,1,11.90,11.3333,true,1,239788
8000500126325,false,מארז 3 ביצי קינדר גו,פררו,,מארז 3 ביצי קינדר גוי ורוד,Unknown,0.00,Unknown,false,1,15.90,0.0000,true,1,250802
8000500127728,false,מארז 4יח עוגת מילק ס,,,מארז 4יח עוגת מילק סלי קינדר פינגווי30גר,גרמים,112.00,100 גרם,false,1,12.90,11.5179,true,1,338044
8000500167656,false,מארז 4יח חטיף קינדר,,,מארז 4יח חטיף קינדר קאנטרי 141 גר,Unknown,0.00,Unknown,false,1,8.50,0.0000,true,1,329057
8000500172810,false,סוכריות טיק טק תות ש,אלדור,,סוכריות טיק טק תות שדה רביעיה,Unknown,0.00,Unknown,false,1,10.00,0.0000,true,1,248959
8000500214114,false,חטיף קינדר בואנו מרי,פררו,,חטיף קינדר בואנו מריר יחידה,Unknown,0.00,Unknown,false,1,4.00,0.0000,true,1,306528
8000500227848,false,חטיף נוטלה בי רדי 6,פררו,,חטיף נוטלה בי רדי 6 יח 132 גר,גרמים,132.00,100 גרם,false,1,11.90,9.0152,true,1,317400
8000500247167,false,בונבוניירה פררו רושר,פררו,,בונבוניירה פררו רושר קולקשיין 269 גר,גרמים,269.00,100 גרם,false,1,45.90,17.0632,true,1,317265
8000500249352,false,חטיף קינדר בואנו מינ,פררו,,חטיף קינדר בואנו מיני מיקס 205 גרם,גרמים,205.00,100 גרם,false,1,18.90,9.2195,true,1,318175
8000500256213,false,שוקולד קינדר מיני 12,פררו,IT,שוקולד קינדר מיני 120 גרם,גרמים,120.00,100 גרם,false,16,10.00,8.3333,true,1,325816
8000500267103,false,עוגת קינדר דליס 10 י,,,עוגת קינדר דליס 10 יח 420 גרם,גרמים,380.00,100 גרם,false,1,19.90,5.2368,true,1,324249
8000500268568,false,חטיף קינדר בואנו קוק,פררו,,חטיף קינדר בואנו קוקוס שלישיה,גרמים,105.00,100 גרם,false,1,11.90,11.3333,true,1,331638
8000500269169,false,חטיף קינדר קארדס חמי,פררו,IT,חטיף קינדר קארדס חמישיה 128 גרם,גרמים,128.00,100 גרם,false,20,13.90,10.8594,true,1,334582
8000500294345,false,איש שלג פררו 90 גרם,פררו,PL,איש שלג פררו 90 גרם,Unknown,0.00,Unknown,false,12,14.90,0.0000,true,1,335636
8000500328750,false,בונבוניירה פררו רושר,פררו,,בונבוניירה פררו רושר רונדנואר 141גרם,גרמים,138.00,100 גרם,false,1,27.90,20.2174,true,1,337337
8000500331798,false,מארז 5 יח חטיף חנוטה,פררו,DE,מארז 5 יח חטיף חנוטה 172.5 גרם,גרמים,173.00,100 גרם,false,18,16.90,9.7688,true,1,338333
8000500353738,false,סוכריות טיק טק מנטה,פררו,,סוכריות טיק טק מנטה חזקה רביעיה,Unknown,0.00,Unknown,false,1,10.00,0.0000,true,1,335437
8000500359815,false,שוקולד פררו מריר קרם,,,שוקולד פררו מריר קרם אגוזי לוז 90 גרם,Unknown,0.00,Unknown,false,1,14.90,0.0000,true,1,344828
8000500359884,false,שוקולד פררו לבן קרם,,,שוקולד פררו לבן קרם אגוזי לוז 90 גרם,Unknown,0.00,Unknown,false,1,14.90,0.0000,true,1,344827
8000500363492,false,מאגת 4יח גלידה רפאלו,,US,מאגת 4יח גלידה רפאלו,יחידה,4.00,יחידה,false,12,41.90,10.4750,true,1,338893
8000500363515,false,מאגדת 4 יח שלגון פרר,,FR,מאגדת 4 יח שלגון פררו רושר מריר,יחידה,4.00,יחידה,false,8,41.90,10.4750,true,1,338195
8000500363539,false,מאגדת 4 יח שלגון פרר,,FR,מאגדת 4 יח שלגון פררו רושר,יחידה,4.00,יחידה,false,8,41.90,10.4750,true,1,338194
8000500374429,false,גרנד פררו רושר 125 ג,,,גרנד פררו רושר 125 גרם,גרמים,125.00,100 גרם,false,1,15.90,12.7200,true,1,339405
8000500384664,false,מאגדת טילון קינדר 4י,,FR,מאגדת טילון קינדר 4יח,יחידה,4.00,יחידה,false,8,41.90,10.4750,true,1,346935
8000500386941,false,ממרח נוטלה 900 גרם,פררו,IT,ממרח נוטלה 900 גרם,גרמים,900.00,100 גרם,false,1,30.90,3.4333,true,1,344911
8000570283607,false,יין מרטיני אסטי מבע,,,יין מרטיני אסטי מבעבע כשר 750 מל,מיליליטרים,750.00,"100 מ""ל",false,1,70.00,9.3333,true,1,325471
8000570812708,false,יין מרטיני רוזה 750,,,יין מרטיני רוזה 750 מל פקדון,מיליליטרים,750.00,"100 מ""ל",false,1,70.00,9.3333,true,1,320755
8000698036642,false,בונבוניירה אלינור פי,SORINI,IT,בונבוניירה אלינור פילטי 450 גר,גרמים,450.00,100 גרם,false,6,68.90,15.3111,true,1,246080
8000798038034,false,כף אשפה מתקפל,,IT,כף אשפה מתקפל,יחידה,1.00,יחידה,false,24,14.90,14.9000,true,1,330891
8000798397704,false,כף אשפה נאון,,IT,כף אשפה נאון,יחידה,1.00,יחידה,false,12,16.90,16.9000,true,1,330892
8001003100164,false,סוכריות גלי פירות יו,סרז'טו,IT,סוכריות גלי פירות יוגטה 450 גרם,גרמים,450.00,100 גרם,false,20,10.90,2.4222,true,1,323811
8001003202028,false,סוכריות גלי מנטה יוג,,IT,סוכריות גלי מנטה יוגטה 80 גרם,Unknown,0.00,Unknown,false,12,4.90,0.0000,true,1,345945
8001003202035,false,סוכריות גלי פירות יו,,IT,סוכריות גלי פירות יוגטה 80 גרם,Unknown,0.00,Unknown,false,12,4.90,0.0000,true,1,345944
8001010033721,false,רוטב פסטו פונטי 135,,,רוטב פסטו פונטי 135 גר,גרמים,135.00,100 גרם,false,1,12.90,9.5556,true,1,308157
8001010039303,false,עגבניות מיובשות במים,,,עגבניות מיובשות במים פונטי 160 גר,גרמים,160.00,100 גרם,false,1,19.90,12.4375,true,1,243525
8001010039501,false,ארטישוק מתובל פלפל ו,,,ארטישוק מתובל פלפל ולימון פונטי 160 גר,גרמים,300.00,100 גרם,false,1,17.90,5.9667,true,1,243526
8001010062844,false,חומץ בלסמי פומטי 500,,,חומץ בלסמי פונטי 500 מל,מיליליטרים,500.00,"100 מ""ל",false,1,17.90,3.5800,true,1,330674
8001010071334,false,חומץ בן יין לבן פונט,,,חומץ בן יין לבן פונטי 500 מל,מיליליטרים,500.00,"100 מ""ל",false,1,10.00,2.0000,true,1,322362
8001010071358,false,חומץ בן יין אדום פונ,,,חומץ בן יין אדום פונטי 500 מל,מיליליטרים,500.00,"100 מ""ל",false,1,10.00,2.0000,true,1,322218
8001010085454,false,עגבניות מיובשות שמן,,,עגבניות מיובשות שמן חמניות 280 גר פונטי,גרמים,280.00,100 גרם,false,1,26.90,9.6071,true,1,304875
8001090016003,false,פיירי טבליות למדיח 8,,,פיירי טבליות למדיח 84 יחידות,יחידה,84.00,יחידה,false,1,59.90,0.7131,true,1,311873
8001090066008,false,תחבושות אולוויז דיסק,,,תחבושות אולוויז דיסקרט לונג פלוס 8יח,יחידה,8.00,יחידה,false,1,19.90,2.4875,true,1,324411
8001090184375,false,נוזל כלים פיירי אורג,,GB,נוזל כלים פיירי אורגינל 900מל,מיליליטרים,900.00,"100 מ""ל",false,8,12.90,1.4333,true,1,345200
8001090184412,false,נוזל כלים פיירי לימו,,GB,נוזל כלים פיירי לימון 900מל,מיליליטרים,900.00,"100 מ""ל",false,8,12.90,1.4333,true,1,345201
8001090222428,false,שמפו הרבל אסנסס חלב,,,שמפו הרבל אסנסס חלב קוקוס 400מל,מיליליטרים,400.00,"100 מ""ל",false,6,17.90,4.4750,true,1,334313
8001090222541,false,שמפו הרבל אסנסס תות,,,שמפו הרבל אסנסס תות שדה מנטה 400מל,מיליליטרים,400.00,"100 מ""ל",false,6,17.90,4.4750,true,1,334311
8001090222572,false,מרכך הרבל אסנסס תות,,,מרכך הרבל אסנסס תות שדה מנטה 400מל,מיליליטרים,400.00,"100 מ""ל",false,6,17.90,4.4750,true,1,334312
8001090222725,false,שמפו הרבל אסנסס שמן,,,שמפו הרבל אסנסס שמן מורינגה 400מל,מיליליטרים,400.00,"100 מ""ל",false,6,17.90,4.4750,true,1,328600
8001090222756,false,מרכך הרבל אסנסס שמן,,,מרכך הרבל אסנסס שמן מורינגה 400מל,מיליליטרים,400.00,"100 מ""ל",false,6,17.90,4.4750,true,1,328602
8001090222848,false,שמפו הרבל אסנסס שמן,,,שמפו הרבל אסנסס שמן ארגן 400מל,מיליליטרים,400.00,"100 מ""ל",false,6,17.90,4.4750,true,1,328599
8001090222879,false,מרכך הרבל אסנסס שמן,,,מרכך הרבל אסנסס שמן ארגן 400מל,מיליליטרים,400.00,"100 מ""ל",false,6,17.90,4.4750,true,1,328601
8001090336408,false,חיתולי פמפרס מידה 3,פרוקטר אנד גמבל,,חיתולי פמפרס מידה 3 בייבי דריי 38יחידות,יחידה,38.00,יחידה,false,4,34.90,0.9184,true,1,329661
8001090336491,false,חיתולי פמפרס מידה 4+,פרוקטר אנד גמבל,,חיתולי פמפרס מידה 4+ בייבי דריי 31יחידות,יחידה,31.00,יחידה,false,4,34.90,1.1258,true,1,329663
8001090336521,false,חיתולי פמפרס מידה 5,פרוקטר אנד גמבל,,חיתולי פמפרס מידה 5 בייבי דריי 30יחידות,יחידה,30.00,יחידה,false,4,34.90,1.1633,true,1,329664
8001090336606,false,חיתולי פמפרס מידה 6,פרוקטר אנד גמבל,,חיתולי פמפרס מידה 6 בייבי דריי 26יחידות,יחידה,26.00,יחידה,false,4,34.90,1.3423,true,1,329665
8001090379337,false,חיתולי פמפרס פרימיום,פרוקטר אנד גמבל,TR,חיתולי פמפרס פרימיום וי פי מידה 3 40יח,יחידה,40.00,יחידה,false,4,31.90,0.7975,true,1,319060
8001090379368,false,חיתולי פמפרס פרימיום,פרוקטר אנד גמבל,TR,חיתולי פמפרס פרימיום וי פי מידה 4 34יח,יחידה,34.00,יחידה,false,4,31.90,0.9382,true,1,319061
8001090379399,false,חיתולי פמפרס פרימיום,פרוקטר אנד גמבל,PL,חיתולי פמפרס פרימיום וי פי מידה 5 30יח,יחידה,30.00,יחידה,false,4,31.90,1.0633,true,1,319057
8001090458322,false,נוזל כלים פיירי ורדי,p&G,GB,נוזל כלים פיירי ורדים ומשי 1.015 מל,מיליליטרים,1015.00,"100 מ""ל",false,16,16.90,1.6650,true,1,316738
8001090458353,false,נוזל כלים פיירי אנטי,פרוקטר אנד גמבל,,נוזל כלים פיירי אנטי בקטריאלי 515 מל,מיליליטרים,515.00,"100 מ""ל",false,1,11.90,2.3107,true,1,316739
8001090493637,false,שמפו הד אנד שולדרס א,פרוקטר אנד גמבל,,שמפו הד אנד שולדרס אולטרא טוטל קר 450מל,מיליליטרים,450.00,"100 מ""ל",false,1,24.90,5.5333,true,1,318262
8001090645487,false,שמפו הרבל אסנסס 400מ,,FR,שמפו הרבל אסנסס 400מל גינגר,מיליליטרים,400.00,"100 מ""ל",false,6,17.90,4.4750,true,1,336720
8001090645517,false,מרכך הרבל אסנסס 400מ,,FR,מרכך הרבל אסנסס 400מל גינגר,מיליליטרים,400.00,"100 מ""ל",false,6,17.90,4.4750,true,1,336719
8001090678195,false,מרכך הד אנד שולדרס ס,פרוקטר אנד גמבל,,מרכך הד אנד שולדרס סופרים לחות 275מל,מיליליטרים,275.00,"100 מ""ל",false,6,14.90,5.4182,true,1,326221
8001090678225,false,מרכך הד אנד שולדרס ס,פרוקטר אנד גמבל,,מרכך הד אנד שולדרס סופרים משקם 275מל,מיליליטרים,275.00,"100 מ""ל",false,6,14.90,5.4182,true,1,326220
8001090678614,false,שמפו הד אנד שולדרס ס,פרוקטר אנד גמבל,,שמפו הד אנד שולדרס סופרים לחות 400מל,מיליליטרים,400.00,"100 מ""ל",false,1,24.90,6.2250,true,1,326218
8001090721099,false,קפסולות לכביסה אריאל,פרוקטר אנד גמבל,FR,קפסולות לכביסה אריאל 27 יח,יחידה,27.00,יחידה,false,3,39.90,1.4778,true,1,323940
8001090721129,false,קפסולות לכביסה אריאל,פרוקטר אנד גמבל,FR,קפסולות לכביסה אריאל קולור 27 יח,יחידה,27.00,יחידה,false,3,39.90,1.4778,true,1,323941
8001090737809,false,מגן תחתון אולוויז טנ,,,מגן תחתון אולוויז טנגה 36יח סינגל,יחידה,36.00,יחידה,false,1,16.90,0.4694,true,1,325292
8001090832450,false,שמפו לשיער פנטן 660מ,פרוקטר אנד גמבל,RO,שמפו לשיער פנטן 660מל נוסחה קלאסית,מיליליטרים,660.00,"100 מ""ל",false,6,18.90,2.8636,true,1,335471
8001090832535,false,שמפו לשיער פנטן 660מ,פרוקטר אנד גמבל,RO,שמפו לשיער פנטן 660מל שמן מרוקאי משקם,מיליליטרים,660.00,"100 מ""ל",false,6,18.90,2.8636,true,1,335472
8001090832573,false,שמפו פנטן 660מל לחות,פרוקטר אנד גמבל,RO,שמפו פנטן 660מל לחות מוגברת,מיליליטרים,660.00,"100 מ""ל",false,6,18.90,2.8636,true,1,335473
8001090832610,false,שמפו פנטן 660מל למגע,פרוקטר אנד גמבל,RO,שמפו פנטן 660מל למגע רך כמשי,מיליליטרים,660.00,"100 מ""ל",false,6,18.90,2.8636,true,1,335474
8001090832696,false,שמפו פנטן 660מל לתלת,פרוקטר אנד גמבל,RO,שמפו פנטן 660מל לתלתלים מושלמים,מיליליטרים,660.00,"100 מ""ל",false,6,18.90,2.8636,true,1,335475
8001090832771,false,שמפו פנטן 660מל קרטי,פרוקטר אנד גמבל,RO,שמפו פנטן 660מל קרטין,מיליליטרים,660.00,"100 מ""ל",false,6,18.90,2.8636,true,1,335476
8001090832818,false,מרכך פנטן 660מל נוסח,פרוקטר אנד גמבל,RO,מרכך פנטן 660מל נוסחה קלאסית,מיליליטרים,660.00,"100 מ""ל",false,6,18.90,2.8636,true,1,335478
8001090832856,false,מרכך פנטן 660מל מרוק,פרוקטר אנד גמבל,RO,מרכך פנטן 660מל מרוקאי משקם,מיליליטרים,660.00,"100 מ""ל",false,6,18.90,2.8636,true,1,335479
8001090832894,false,מרכך פנטן 660מל לחות,פרוקטר אנד גמבל,RO,מרכך פנטן 660מל לחות מוגברת,מיליליטרים,660.00,"100 מ""ל",false,6,18.90,2.8636,true,1,335480
8001090832931,false,מרכך פנטן 660מל מגע,פרוקטר אנד גמבל,RO,מרכך פנטן 660מל מגע רך כמשי,מיליליטרים,660.00,"100 מ""ל",false,6,18.90,2.8636,true,1,335481
8001090832979,false,מרכך פנטן 660מל תלתל,פרוקטר אנד גמבל,RO,מרכך פנטן 660מל תלתלים מושלמים,מיליליטרים,660.00,"100 מ""ל",false,6,18.90,2.8636,true,1,335482
8001090833051,false,מרכך פנטן 660מל קרטי,פרוקטר אנד גמבל,RO,מרכך פנטן 660מל קרטין,מיליליטרים,660.00,"100 מ""ל",false,6,18.90,2.8636,true,1,335483
8001090833136,false,גל כביסה אריאל בייבי,פרוקטר אנד גמבל,FR,גל כביסה אריאל בייבי 2.255ליטר,מיליליטרים,2255.00,"100 מ""ל",false,4,34.90,1.5477,true,1,325533
8001090833167,false,גל כביסה אריאל 2.365,פרוקטר אנד גמבל,FR,גל כביסה אריאל 2.365ליטר ניחוח הדרים,מיליליטרים,2365.00,"100 מ""ל",false,4,34.90,1.4757,true,1,325530
8001090833198,false,גל כביסה אריאל 2.365,פרוקטר אנד גמבל,FR,גל כביסה אריאל 2.365ליטר ניחוח מרענן,מיליליטרים,2365.00,"100 מ""ל",false,4,34.90,1.4757,true,1,325531
8001090833228,false,גל כביסה אריאל קולור,פרוקטר אנד גמבל,FR,גל כביסה אריאל קולור 2.365ליטר,מיליליטרים,2365.00,"100 מ""ל",false,4,34.90,1.4757,true,1,325532
8001090833259,false,גל כביסה אריאל מרוכז,פרוקטר אנד גמבל,,גל כביסה אריאל מרוכז 3.740 ליטר,מיליליטרים,3740.00,"100 מ""ל",false,1,49.90,1.3342,true,1,325534
8001090886385,false,מבשם כביסה לנור כדור,פרוקטר אנד גמבל,,מבשם כביסה לנור כדוריות רענן 140גר,גרמים,140.00,100 גרם,false,1,19.90,14.2143,true,1,334472
8001090886460,false,מבשם כביסה לנור כדור,פרוקטר אנד גמבל,,מבשם כביסה לנור כדוריות אביבי 140גר,גרמים,140.00,100 גרם,false,1,19.90,14.2143,true,1,327935
8001090891273,false,מבשם כביסה לנור כדור,פרוקטר אנד גמבל,,מבשם כביסה לנור כדוריות סחלב 210גר,גרמים,210.00,100 גרם,false,1,27.90,13.2857,true,1,334467
8001090899194,false,תחבושות אולוויז נורמ,p&G,,תחבושות אולוויז נורמל פלטינום 24יח,יחידה,24.00,יחידה,false,8,17.90,0.7458,true,1,329625
8001090899224,false,תחבושות אולוויז לונג,p&G,,תחבושות אולוויז לונג פלטינום 20יח,יחידה,20.00,יחידה,false,8,17.90,0.8950,true,1,329626
8001090899255,false,תחבושות אולוויז לילה,p&G,,תחבושות אולוויז לילה פלטינום 16יח,יחידה,16.00,יחידה,false,8,17.90,1.1187,true,1,329627
8001090899286,false,תחבושות אולוויז לילה,p&G,,תחבושות אולוויז לילה בטוח פלטינום 14יח,יחידה,14.00,יחידה,false,8,17.90,1.2786,true,1,329628
8001110016303,false,ליקר דיסארונו אמרטו,אילווה סרונו,,ליקר דיסארונו אמרטו 700 מל פקדון,מיליליטרים,700.00,"100 מ""ל",false,1,90.00,12.8571,true,1,241073
8001160000888,false,משקה גטורייד ספורט ת,ALOE VERA HEAVEN SRL,,משקה גטורייד ספורט תפוז 500 מל פיקדון,מיליליטרים,500.00,"100 מ""ל",false,1,10.00,2.0000,true,1,244184
8001160001892,false,משקה גטורייד ספורט ת,ALOE VERA HEAVEN SRL,,משקה גטורייד ספורט תפוז אדום 500מל פקדון,מיליליטרים,500.00,"100 מ""ל",false,1,10.00,2.0000,true,1,244185
8001250121264,false,פסטה קנציליוני מס 12,,,פסטה קנציליוני מס 126 דה צקו 500 גר,גרמים,500.00,100 גרם,false,1,16.90,3.3800,true,1,236191
8001250152015,false,פסטה פפרדלה דה צקו ק,,,פסטה פפרדלה קופסא דה צקו 500 ג,גרמים,500.00,100 גרם,false,1,14.90,2.9800,true,1,232735
8001250152091,false,פסטה קפלי דאנגלו דה,,,פסטה קפלי דאנגלו מס 209 דה צקו 500 ג,גרמים,500.00,100 גרם,false,1,14.90,2.9800,true,1,232734
8001250152114,false,פסטה טריפוליני דה צק,,,פסטה טריפוליני מס 211 דה צקו 500 ג,גרמים,500.00,100 גרם,false,1,14.90,2.9800,true,1,232739
8001250152336,false,פסטה פיטוציני דה צקו,,,פסטה פיטוציני מס 233 דה צקו 500 ג,גרמים,500.00,100 גרם,false,1,14.90,2.9800,true,1,232737
8001250201003,false,קנלוני דה צקו 250 ג,,,פסטה קנלוני מס 100 דה צקו 250 ג,גרמים,250.00,100 גרם,false,1,14.90,5.9600,true,1,232733
8001250219138,false,רוטב פסטה סיציליאנה,,,רוטב פסטה סיציליאנה דה צקו 400 גר,גרמים,400.00,100 גרם,false,1,10.90,2.7250,true,1,245147
8001250219145,false,רוטב פסטה ארביאטה דה,,,רוטב פסטה ארביאטה דה צקו 400 גר,גרמים,400.00,100 גרם,false,1,10.90,2.7250,true,1,236194
8001250219169,false,רוטב פסטה נפוליטנה ד,,,רוטב פסטה נפוליטנה דה צקו 400 גר,גרמים,400.00,100 גרם,false,1,10.90,2.7250,true,1,236195
8001250310125,false,ספגטי חיטה מלאה 12 ד,,,ספגטי חיטה מלאה 12 דה צקו 500 גר,גרמים,500.00,100 גרם,false,1,11.90,2.3800,true,1,236200
8001250310415,false,פסטה פנה חיטה מלאה 4,,,פסטה פנה חיטה מלאה 41 דה צקו 500 גר,גרמים,500.00,100 גרם,false,1,11.90,2.3800,true,1,236201
8001420001327,false,אורז ריזוטו ארבוריו,ריזו גאלו,IT,אורז ריזוטו גאלו ארבוריו בוואקום 500 ג ג,גרמים,500.00,100 גרם,false,12,13.90,2.7800,true,1,304948
8001420005608,false,אורז ריזוטו שלושה דג,ריזו גאלו,IT,אורז ריזוטו שלשה דגנים 400 ג GALLO,גרמים,400.00,100 גרם,false,12,16.00,4.0000,true,1,304952
8001420006360,false,ריזוטו להכנה מהירה פ,ריזו גאלו,IT,ריזוטו להכנה מהירה פטריות כמהין 175 גרם,גרמים,175.00,100 גרם,false,6,16.90,9.6571,true,1,337171
8001420006780,false,ריזוטו להכנה מהירה ע,ריזו גאלו,IT,ריזוטו להכנה מהירה עם זעפרן 175 גרם,גרמים,175.00,100 גרם,false,6,16.90,9.6571,true,1,337169
8001435310018,false,בירה מורטי 330מל בקב,,,בירה מורטי 330מל בקבוק פקדון,מיליליטרים,330.00,"100 מ""ל",false,1,8.90,2.6970,true,1,329720
8001505000160,false,מעדן דובדבן אורגני 2,פיור די פרוטה,IT,מעדן דובדבן אורגני 250 גר,גרמים,250.00,100 גרם,false,6,18.90,7.5600,true,1,311241
8001505000177,false,מעדן משמש אורגני 250,פיור די פרוטה,IT,מעדן משמש אורגני 250 גר,גרמים,250.00,100 גרם,false,6,18.90,7.5600,true,1,311242
8001505000184,false,מעדן אוכמניות אורגני,פיור די פרוטה,IT,מעדן אוכמניות אורגני 250 גר,גרמים,250.00,100 גרם,false,6,18.90,7.5600,true,1,311243
8001505000283,false,מעדן פטל אורגני 250,פיור די פרוטה,IT,מעדן פטל אורגני 250 גר,גרמים,250.00,100 גרם,false,6,18.90,7.5600,true,1,311244
8001505000306,false,מעדן פירות יער אורגנ,פיור די פרוטה,IT,מעדן פירות יער אורגני 250 גר,גרמים,250.00,100 גרם,false,6,18.90,7.5600,true,1,311245
8001505000313,false,ממרח אגוזי לוז אורגנ,פיור די פרוטה,IT,ממרח אגוזי לוז אורגני 270 גר,גרמים,270.00,100 גרם,false,6,19.90,7.3704,true,1,311251
8001505000320,false,מעדן תותי בר אורגני,פיור די פרוטה,IT,מעדן תותי בר אורגני 250 גר,גרמים,250.00,100 גרם,false,6,18.90,7.5600,true,1,311246
8001505000498,false,מעדן לימונים אורגני,פיור די פרוטה,IT,מעדן לימונים אורגני 250 גר,גרמים,250.00,100 גרם,false,6,18.90,7.5600,true,1,311249
8001505000573,false,מעדן דומדומניות שחור,פיור די פרוטה,IT,מעדן דומדומניות שחורות אורגני 250 גר,גרמים,250.00,100 גרם,false,6,18.90,7.5600,true,1,311248
8001505001105,false,ממרח אגוזי לוז לא חל,פיור די פרוטה,,ממרח אגוזי לוז לא חלבי אורגני 270 גר,גרמים,270.00,100 גרם,false,1,19.90,7.3704,true,1,314039
8001505001785,false,ממרח אגוזי לוז לבן א,,IL,ממרח אגוזי לוז לבן אורגני 270 גר,גרמים,270.00,100 גרם,false,6,19.90,7.3704,true,1,328052
8001561015580,false,ריבת בצל אדום איטלקי,,,ריבת בצל אדום איטלקית 300 גרם,גרמים,300.00,100 גרם,false,1,25.90,8.6333,true,1,335852
8001561024131,false,מארז 3 יח טונה קליפו,גיאצינטו קליפו,IT,מארז 3 יח טונה קליפו בשמן זית חאיף 80 גר,גרמים,240.00,100 גרם,false,32,24.90,10.3750,true,1,338932
8001561101252,false,פילה טינה וונטרסקה ב,גיאצינטו קליפו,IT,פילה טינה וונטרסקה בשמן זית 125 גרם,גרמים,125.00,100 גרם,false,24,41.90,33.5200,true,1,338918
8001561301706,false,טונה קליפו במן זית פ,,,טונה קליפו במן זית פח 160 גרם,גרמים,160.00,100 גרם,false,1,16.90,10.5625,true,1,322479
8001561521708,false,זוג טונה קליפו במים,גיאצינטו קליפו,,זוג טונה קליפו במים 160 גרם,גרמים,320.00,100 גרם,false,24,29.90,9.3437,true,1,338914
8001569048269,false,מחבת טפלון קטנה גודל,,,מחבת טפלון קטנה גודל 18,יחידה,1.00,יחידה,false,1,29.90,29.9000,true,1,337998
8001585001071,false,עוגה אישית 10יח מיקס,BALCONI,,עוגה אישית 10יח מיקס בלקוני חלב,גרמים,350.00,100 גרם,false,1,13.90,3.9714,true,1,234390
8001585001354,false,עוגה אישית10יח מיקס,BALCONI,,עוגה אישית10יח מיקס בלקוני קוקוס,גרמים,350.00,100 גרם,false,1,13.90,3.9714,true,1,234391
8001585004164,false,עוגת טירמיסו בלקוני,BALCONI,,עוגת טירמיסו בלקוני 400 גר,גרמים,400.00,100 גרם,false,1,14.90,3.7250,true,1,249824
8001585004171,false,עוגת שוקו דיזרט בלקו,BALCONI,,עוגת שוקו דיזרט בלקוני 400 גר,גרמים,400.00,100 גרם,false,1,14.90,3.7250,true,1,249825
8001585008391,false,עוגת תות וקרם חלב בל,BALCONI,,עוגת תות וקרם חלב בלקוני 400 גר,גרמים,400.00,100 גרם,false,1,14.90,3.7250,true,1,311574
8001620015612,false,משקה סן בנדטו תפוז ל,,,משקה סן בנדטו תפוז לימון 400מל,מיליליטרים,400.00,"100 מ""ל",false,12,7.90,1.9750,true,1,337614
8001620015629,false,משקה סן בנדטו תפוז א,,,משקה סן בנדטו תפוז אדום תפוז 400מל,מיליליטרים,400.00,"100 מ""ל",false,12,7.90,1.9750,true,1,343230
8001620015636,false,משקה סן בנדטו מיקס פ,,,משקה סן בנדטו מיקס פירות 400מל,מיליליטרים,400.00,"100 מ""ל",false,12,7.90,1.9750,true,1,337615
8001620018248,false,מים סן בנדטו 750 מל,,,מים סן בנדטו 750 מל פקק ספורט,מיליליטרים,750.00,"100 מ""ל",false,1,5.00,0.6667,true,1,327763
8001620018408,false,משקה סן בנדטו מנגו ת,,,משקה סן בנדטו מנגו תפוח 400מל,מיליליטרים,400.00,"100 מ""ל",false,12,7.90,1.9750,true,1,343231
8001660101757,false,יין רופינו קיאנטי 75,,,יין רופינו קיאנטי 750 מל פקדון,מיליליטרים,750.00,"100 מ""ל",false,1,45.00,6.0000,true,1,229903
8001660109753,false,יין רופינו קיאנטי קל,רופינו,IT,יין רופינו קיאנטי קלסיקו דוקלה750מל פקדו,מיליליטרים,750.00,"100 מ""ל",false,1,110.00,14.6667,true,1,231497
8001660126750,false,יין רופינו אורבייטו,,,יין רופינו אורבייטו קלסיקו 750 מל פקדון,מיליליטרים,750.00,"100 מ""ל",false,1,45.00,6.0000,true,1,231498
8001660137053,false,יין רופינו גראפונה מ,,,יין רופינו גראפונה מאזי ברונלו 750מל פיק,מיליליטרים,750.00,"100 מ""ל",false,1,285.00,38.0000,true,1,231504
8001660197156,false,יין רופינו פינו גריג,,,יין רופינו פינו גריגיו 750 מל,מיליליטרים,750.00,"100 מ""ל",false,1,60.00,8.0000,true,1,321905
8001660251131,false,יין רופינו קיאנטי רז,,,יין רופינו קיאנטי רזרבה 750 מל,מיליליטרים,750.00,"100 מ""ל",false,1,75.00,10.0000,true,1,321906
8001720415848,false,עוגת פנדורו באולי קל,BAULI,IT,עוגת פנדורו באולי קלאסית 700 גרם,גרמים,700.00,100 גרם,false,12,54.90,7.8429,true,1,347752
8001720425847,false,עוגת פנתוני באולי קל,BAULI,IT,עוגת פנתוני באולי קלאסית 700 גרם,גרמים,700.00,100 גרם,false,12,54.90,7.8429,true,1,347753
8001780499307,false,דובדבני אמרנה 230 גר,,,דובדבני אמרנה 230 גר פאברי,גרמים,230.00,100 גרם,false,1,29.90,13.0000,true,1,329492
8001841006710,false,מבשם כביסה לנור כדור,פרוקטר אנד גמבל,,מבשם כביסה לנור כדוריות רענן 210גר,גרמים,210.00,100 גרם,false,1,27.90,13.2857,true,1,334468
8001841006833,false,מבשם כביסה לנור כדור,פרוקטר אנד גמבל,,מבשם כביסה לנור כדוריות אביבי 210גר,גרמים,275.00,100 גרם,false,1,27.90,10.1455,true,1,334469
8001841019291,false,קפסולות לכביסה אריאל,פרוקטר אנד גמבל,FR,קפסולות לכביסה אריאל 16יח בניחוח לנור,יחידה,16.00,יחידה,false,6,19.90,1.2437,true,1,341952
8001841062624,false,מארז מגבוני פמפרס 4י,פרוקטר אנד גמבל,,מארז מגבוני פמפרס 4יח ללא בישום 52יח,יחידה,204.00,יחידה,false,3,16.90,0.0828,true,1,336812
8001841104751,false,חיתולי פמפרס פרימיום,פרוקטר אנד גמבל,,חיתולי פמפרס פרימיום וי פי מידה 1 52יח,יחידה,52.00,יחידה,false,1,31.90,0.6135,true,1,327538
8001841104799,false,חיתולי פמפרס פרימיום,פרוקטר אנד גמבל,,חיתולי פמפרס פרימיום וי פי מידה 2 46יח,יחידה,46.00,יחידה,false,1,31.90,0.6935,true,1,327536
8001841105093,false,חיתולי פמפרס פרימיום,פרוקטר אנד גמבל,,חיתולי פמפרס פרימיום וי פי מידה 6 26יח,יחידה,26.00,יחידה,false,1,31.90,1.2269,true,1,327537
8001841137179,false,מרכך הד אנד שולדרס ק,פרוקטר אנד גמבל,,מרכך הד אנד שולדרס קלאסי 275מל,מיליליטרים,275.00,"100 מ""ל",false,6,14.90,5.4182,true,1,329671
8001841137216,false,מרכך הד אנד שולדרס מ,פרוקטר אנד גמבל,RO,מרכך הד אנד שולדרס מגע רך 275מל,מיליליטרים,275.00,"100 מ""ל",false,6,14.90,5.4182,true,1,329672
8001841566771,false,מבשם כביסה לנור כדור,פרוקטר אנד גמבל,,מבשם כביסה לנור כדוריות יסמין 210גר,גרמים,210.00,100 גרם,false,1,27.90,13.2857,true,1,334471
8001841625188,false,נוזל כלים פיירי פלטי,,,נוזל כלים פיירי פלטינום לימון 515מל,מיליליטרים,515.00,"100 מ""ל",false,16,11.90,2.3107,true,1,331729
8001841625362,false,נוזל כלים פיירי פלטי,,GB,נוזל כלים פיירי פלטינום לימון 780מל,מיליליטרים,900.00,"100 מ""ל",false,8,12.90,1.4333,true,1,345202
8001841625461,false,נוזל כלים פיירי פלטי,,,נוזל כלים פיירי פלטינום אורגינל 515מל,מיליליטרים,515.00,"100 מ""ל",false,16,11.90,2.3107,true,1,331730
8001841660530,false,קרם לחות לשיער פנטן,,FR,קרם לחות לשיער פנטן מיראקלס במבוק 270מל,מיליליטרים,270.00,"100 מ""ל",false,6,18.90,7.0000,true,1,338158
8001841669465,false,קפסולות לכביסה אריאל,פרוקטר אנד גמבל,FR,קפסולות לכביסה אריאל קולור 24 יח,יחידה,27.00,יחידה,false,3,39.90,1.4778,true,1,336275
8001841669519,false,קפסולות לכביסה אריאל,פרוקטר אנד גמבל,FR,קפסולות לכביסה אריאל 55 יח,יחידה,55.00,יחידה,false,2,67.90,1.2345,true,1,333575
8001841680989,false,מגן תחתון אולדייז מג,פרוקטר אנד גמבל,,מגן תחתון אולדייז מגה פק פרו פרש לארג 60,יחידה,60.00,יחידה,false,4,17.90,0.2983,true,1,332644
8001841716435,false,גל רחצה ושמפו שולדרס,,FR,גל רחצה ושמפו שולדרס לעור רגיש 360מל,מיליליטרים,360.00,"100 מ""ל",false,6,19.90,5.5278,true,1,338595
8001841941929,false,תחבושות אולוויז לילה,p&G,,תחבושות אולוויז לילה בטוח אקסטרא 16יח,יחידה,16.00,יחידה,false,1,17.90,1.1187,true,1,338597
8001841943961,false,מבשם כביסה לנור כדור,פרוקטר אנד גמבל,,מבשם כביסה לנור כדוריות אוקיינוס 210גר,גרמים,210.00,100 גרם,false,1,27.90,13.2857,true,1,334470
8001876012588,false,שמן זית כתית מעולה י,COLAVITA SpA,,שמן זית כתית מעולה ים תיכוני 750 מל,מיליליטרים,750.00,"100 מ""ל",false,1,45.00,6.0000,true,1,241595
8001876012595,false,שמן זית קולאויטה כתי,COLAVITA SpA,,שמן זית קולאויטה כתית מעולה יווני 750 מל,מיליליטרים,750.00,"100 מ""ל",false,1,45.00,6.0000,true,1,241593
8001876550042,false,חומץ יין אדום 500 מל,COLAVITA SpA,IT,COLAVITA חומץ יין אדום 500 מל,מיליליטרים,500.00,"100 מ""ל",false,12,22.50,4.5000,true,1,236761
8001876550561,false,חומץ בלסמי ממודנה 50,COLAVITA SpA,IT,COLAVITA חומץ בלסמי מדנהTIMLESS 500ml,מיליליטרים,500.00,"100 מ""ל",false,12,27.50,5.5000,true,1,236759
8001876550646,false,חומץ פטל 500 מל קולא,COLAVITA SpA,IT,COLAVITA חומץ פטל 500 מל,מיליליטרים,500.00,"100 מ""ל",false,12,24.50,4.9000,true,1,236763
8001876552459,false,חומץ בלסמי מיושן ממו,DE NIGRIS,,חומץ בלסמי מיושן ממודנה 250 מל,מיליליטרים,250.00,"100 מ""ל",false,1,41.00,16.4000,true,1,241596
8001900234054,false,יין למברוסקו פריזנטה,איטליה גרופו איטליאנ,,יין רוזה למברוסקו מבעבע 750 מל פקדון,מיליליטרים,750.00,"100 מ""ל",false,1,35.00,4.6667,true,1,234067
8001900527057,false,יין למברוסקו פריזנטה,איטליה גרופו איטליאנ,,יין אדום למברוסקו מבעבע 750 מל פקדון,מיליליטרים,750.00,"100 מ""ל",false,1,35.00,4.6667,true,1,234065
8001900628051,false,יין למברוסקו פריזנטה,איטליה גרופו איטליאנ,,יין לבן למברוסקו מבעבע 750 מל פקדון,מיליליטרים,750.00,"100 מ""ל",false,1,35.00,4.6667,true,1,234066
8001900662901,false,יין רוזה דל כריסטו ק,איטליה גרופו איטליאנ,,יין רוזה דל כריסטו קאוויקיולי 750 מל,מיליליטרים,75000.00,"100 מ""ל",false,1,115.00,0.1533,true,1,249576
8001900677059,false,יין מלווזיה אמבילה ח,איטליה גרופו איטליאנ,,יין מלווזיה אמבילה חצי מתוק 750 מל פקדון,מיליליטרים,750.00,"100 מ""ל",false,1,45.00,6.0000,true,1,241185
8001906998561,false,יין פרימו וי פרוסקו,,,יין פרוסקו פרימוב לבן מבעבע 750 מל פיקדו,מיליליטרים,750.00,"100 מ""ל",false,1,60.00,8.0000,true,1,343270
8001935002055,false,יין דונטו דלי אנטינו,איטליה אנטינורי,,יין דונטו דלי אנטינורי 750 מל פקדון,מיליליטרים,750.00,"100 מ""ל",false,1,70.00,9.3333,true,1,242410
8001935002932,false,יין מצו בראצו ריזלינ,איטליה אנטינורי,,יין מצו בראצו ריזלינג אנטינורי 750מל פקד,מיליליטרים,750.00,"100 מ""ל",false,1,90.00,12.0000,true,1,245733
8001935005209,false,יין וינסנטו דלה ואלד,איטליה אנטינורי,,יין וינסנטו דלה ואלדיקאנה אנטינורי 750מל,מיליליטרים,750.00,"100 מ""ל",false,1,95.00,12.6667,true,1,245735
8001935005407,false,יין קיאנטי קלאסיקו ר,איטליה אנטינורי,,יין קיאנטי קלאסיקו ריזרבה וילה 750 מל,מיליליטרים,750.00,"100 מ""ל",false,1,100.00,13.3333,true,1,254111
8001935221401,false,יין אדום וילה אנטינו,איטליה אנטינורי,,יין אדום וילה אנטינורי 750 מל פקדון,מיליליטרים,750.00,"100 מ""ל",false,1,80.00,10.6667,true,1,229441
8001935353201,false,יין לבן וילה אנטינור,איטליה אנטינורי,,יין לבן וילה אנטינורי 750 מל פיקדן,מיליליטרים,750.00,"100 מ""ל",false,1,60.00,8.0000,true,1,235978
8001943549122,true,מטבעות שוקולד צוקטה,,IT,מטבעות שוקולד צוקטה 40 גרם,Unknown,0.00,Unknown,false,50,4.90,0.0000,true,1,342253
8002010688423,false,יין גרילו רפיטאלה לב,איטליה גרופו איטליאנ,,יין גרילו רפיטאלה לבן 750מל פקדון,מיליליטרים,750.00,"100 מ""ל",false,1,60.00,8.0000,true,1,247348
8002010689727,false,יין קמפו ריאלה נרו ד,איטליה גרופו איטליאנ,,יין קמפו ריאלה נרו דאבולה רפיטאלה 750מל,מיליליטרים,750.00,"100 מ""ל",false,1,60.00,8.0000,true,1,247347
8002062000068,false,יין קמפיורין מאסי 75,מאסי,,יין קמפיורין מאסי 750 מל פיקדון,מיליליטרים,750.00,"100 מ""ל",false,1,100.00,13.3333,true,1,312839
8002062000105,false,יין סרגו אליגרי ביאנ,מאסי,,יין סרגו אליגרי ביאנקו 750 מל פיקדון,מיליליטרים,750.00,"100 מ""ל",false,1,80.00,10.6667,true,1,312851
8002062001652,false,יין מאסיאניקו פינו ג,מאסי,,יין מאסיאניקו פינו גריגיו 750 מל פיקדון,מיליליטרים,750.00,"100 מ""ל",false,1,70.00,9.3333,true,1,312838
8002062006510,false,יין רוזה די מאסי 750,מאסי,,יין רוזה די מאסי 750 מל פיקדון,מיליליטרים,750.00,"100 מ""ל",false,1,100.00,13.3333,true,1,312849
8002110383709,false,קרם ידיים ניוטרוגינה,,,קרם ידיים ניוטרוגינה לא מבושם 50 מל,Unknown,0.00,Unknown,false,1,25.90,0.0000,true,1,319045
8002130202431,false,אורז אסור-ונורה וינו,ריזריה ויניולה ג'יוב,IT,אורז אסור-ונורה וינולה 500 גרם,גרמים,500.00,100 גרם,false,8,35.00,7.0000,true,1,311983
8002153007006,false,יין קיאנטי קסטלני 75,,,יין קיאנטי קסטלני 750 מל פיקדון,מיליליטרים,750.00,"100 מ""ל",false,1,45.00,6.0000,true,1,306913
8002153007853,false,יין טומאילו אורביטו,,,יין טומאילו אורביטו קלאסיקו 750מל פיקדון,מיליליטרים,750.00,"100 מ""ל",false,1,45.00,6.0000,true,1,238215
8002153208526,false,יין קמפו די מרצו פרי,,,יין קמפו די מרצו פרימיטיבו 750 מל,מיליליטרים,750.00,"100 מ""ל",false,1,45.00,6.0000,true,1,309644
8002153208540,false,יין קמפו די מרצו נגר,,,יין קמפו די מרצו נגרו אמרו 750 מל,מיליליטרים,750.00,"100 מ""ל",false,1,45.00,6.0000,true,1,309645
8002153209066,false,יין פרימיטיבו גריפונ,,,יין פרימיטיבו גריפונה 750 מל,מיליליטרים,75000.00,"100 מ""ל",false,1,60.00,0.0800,true,1,250368
8002153216002,false,יין קמפו די מרצו סנג,,,יין קמפו די מרצו סנגובזה 750 מל,מיליליטרים,750.00,"100 מ""ל",false,1,45.00,6.0000,true,1,309313
8002153220016,false,יין קורבלי קסטלני רו,,,יין קורבלי קסטלני רוזה 750 מל,מיליליטרים,750.00,"100 מ""ל",false,1,45.00,6.0000,true,1,328265
8002153230510,false,יין קורבלי סליצה סלנ,,,יין קורבלי סליצה סלנטינו 750 מל,מיליליטרים,750.00,"100 מ""ל",false,1,45.00,6.0000,true,1,333531
8002205319835,false,מזון חתול בוגר סלמון,,IT,מזול חתול בוגר סלמון פורינה 800גר,גרמים,800.00,100 גרם,false,1,29.90,3.7375,true,1,329567
8002205319903,false,מזון חתול בוגר עוף פ,,IT,מזול חתול בוגר עוף פורינה 800גר,גרמים,800.00,100 גרם,false,1,29.90,3.7375,true,1,329566
8002213004068,false,קמח לפיצה ורוד 1 קג,,,קמח לפיצה ורוד 1 קג,קילוגרמים,1.00,"ק""ג",false,1,11.90,11.9000,true,1,255980
8002213008257,false,תערובת להכנת מאפינס,,IT,תערובת להכנת מאפינס ספאדוני 400 גרם,גרמים,400.00,100 גרם,false,6,17.90,4.4750,true,1,338380
8002213008295,false,תערובת להכנת ביסקויט,,IT,תערובת להכנת ביסקויט ספאדוני 400 גרם,גרמים,400.00,100 גרם,false,6,17.90,4.4750,true,1,338381
8002213008332,false,תערובת להכנת פוקצה ס,,IT,תערובת להכנת פוקצה ספאדוני 500 גרם,גרמים,500.00,100 גרם,false,6,17.90,3.5800,true,1,338384
8002213008349,false,תערובת להכנת לחם שיפ,,IT,תערובת להכנת לחם מלא ספאדוני 400 גרם,גרמים,400.00,100 גרם,false,6,17.90,4.4750,true,1,338383
8002213008394,false,תערובת להכנת בסיס פי,,IT,תערובת להכנת בסיס פיתה ספאדוני 500 גרם,גרמים,500.00,100 גרם,false,6,17.90,3.5800,true,1,338385
8002230000012,false,ליקר אפרול 1 ליטר פי,davide campari,,ליקר אפרול 1 ליטר פיקדון,ליטרים,1.00,ליטר,false,1,89.00,89.0000,true,1,243141
8002235367554,false,יין קסטלו דל פוגיו ד,,IT,יין קסטלו דל פוגיו די או סי גי 750 מל,מיליליטרים,750.00,"100 מ""ל",false,6,60.00,8.0000,true,1,342221
8002235676359,false,יין סוביניון בלאן קה,,,יין סוביניון בלאן קה ווסקובו 750 מל פקדו,מיליליטרים,750.00,"100 מ""ל",false,1,65.00,8.6667,true,1,242620
8002267002270,false,חטיפי קרח פולרטי פיר,,,חטיפי קרח פולרטי פירות 18 יח,יחידה,18.00,יחידה,false,1,9.90,0.5500,true,1,254532
8002267014662,false,ביצי הפתעה ברבי שלשו,דולפין,IT,ביצי הפתעה ברבי שלשות 60 גרם,Unknown,0.00,Unknown,false,16,11.90,0.0000,true,1,325243
8002267014945,false,ביצי הפתעה הוט ווילס,דולפין,IT,ביצי הפתעה הוט ווילס שלשות 60 גרם,Unknown,0.00,Unknown,false,16,11.90,0.0000,true,1,325244
8002267016475,false,ביצי הפתעה בוב הבנאי,דולפין,IT,ביצי הפתעה בוב הבנאי שלשות 60 גרם,Unknown,0.00,Unknown,false,16,11.90,0.0000,true,1,344235
8002267016673,false,ביצת הפתעה צוקטה ברב,דולפין,IT,ביצת הפתעה צוקטה ברבי 110 גרם,גרמים,110.00,100 גרם,false,36,15.90,14.4545,true,1,344295
8002267016994,false,ביצת הפתעה צוקטה הוט,דולפין,IT,ביצת הפתעה צוקטה הוט ווילס 110 גרם,גרמים,110.00,100 גרם,false,36,15.90,14.4545,true,1,344294
8002270015656,false,מים סן פלגרינו 750 מ,,,מים סן פלגרינו 750 מל פקדון,מיליליטרים,750.00,"100 מ""ל",false,1,10.90,1.4533,true,1,230276
8002270256790,false,מארז 6יח מים סן פלגר,סן-פלגרינו,,מארז 6יח מים סן פלגרינו תפוז 500מל פקדון,ליטרים,3.00,ליטר,false,1,32.90,10.9667,true,1,344497
8002270436581,false,מארז 6יח מים סן פלגר,סן-פלגרינו,,מארז 6יח מים סן פלגרינו 500 מל פקדון,ליטרים,3.00,ליטר,false,1,32.90,10.9667,true,1,311831
8002270866524,false,מים סן פלגרינו 1ל פס,,,מים סן פלגרינו 1ל פסטיק פקדון,ליטרים,1.00,ליטר,false,1,10.90,10.9000,true,1,244855
8002312972008,false,יין פוליזיאנו וינו נ,,,יין פוליזיאנו וינו נובילה די מונטפולציאנ,מיליליטרים,750.00,"100 מ""ל",false,1,245.00,32.6667,true,1,246137
8002365053600,false,יין מוסקטו דאסטי פאל,מיקלה קיארלו,,יין מוסקטו דאסטי פאלאס 2016 750 מל,מיליליטרים,750.00,"100 מ""ל",false,1,75.00,10.0000,true,1,313025
8002365054508,false,יין גאבי פאלאס 2015,,,יין גאבי פאלאס 2015 750 מל,מיליליטרים,750.00,"100 מ""ל",false,1,80.00,10.6667,true,1,313027
8002371001503,false,קרואסון שוקולד אנטונ,,IT,קרואסון שוקולד אנטונלי 300 גרם,גרמים,300.00,100 גרם,false,8,10.90,3.6333,true,1,336323
8002450201008,false,יין ורדי רפסברי ספרק,איטליה בוסקה,,יין ורדי רפסברי ספרקלטיני 750 מל פיקדון,מיליליטרים,750.00,"100 מ""ל",false,1,25.00,3.3333,true,1,236747
8002450202005,false,ורדי אסאי ספרקלטיני,איטליה בוסקה,,יין ורדי אסאי ספרקלטיני 750 מל פיקדון,מיליליטרים,750.00,"100 מ""ל",false,1,25.00,3.3333,true,1,246205
8002450203002,false,יין ורדי טעם אבטיח 7,איטליה בוסקה,,יין וורדי טעם אבטיח 750 מל,מיליליטרים,750.00,"100 מ""ל",false,1,25.00,3.3333,true,1,326908
8002450204009,false,יין ורדי אפרסק 750 מ,איטליה בוסקה,,יין נתזים ורדי אפרסק 750 מל פיקדון,מיליליטרים,750.00,"100 מ""ל",false,1,25.00,3.3333,true,1,237113
8002450205006,false,יין ורדי תות 750 מל,איטליה בוסקה,,שיכר ורדי תות 750 מל פיקדון,מיליליטרים,750.00,"100 מ""ל",false,1,25.00,3.3333,true,1,312870
8002450206003,false,יין ורדי רימונים 750,איטליה בוסקה,,שיכר ורדי רימונים 750 מל פיקדון,מיליליטרים,750.00,"100 מ""ל",false,1,25.00,3.3333,true,1,236749
8002450208007,false,יין ורדי גרין אפל 75,איטליה בוסקה,,יין ורדי גרין אפל 750 מל פיקדון,מיליליטרים,750.00,"100 מ""ל",false,1,25.00,3.3333,true,1,236748
8002450208304,false,יין ורדי גוורצטראמינ,איטליה בוסקה,,יין ורדי גוורצטראמינר 750 מל,מיליליטרים,750.00,"100 מ""ל",false,1,25.00,3.3333,true,1,328497
8002450209004,false,יין ורדי רוזה 750 מ,איטליה בוסקה,,יין ורדי רוזה 750 מל פיקדון,מיליליטרים,750.00,"100 מ""ל",false,1,25.00,3.3333,true,1,306081
8002450409206,false,יין ורדי אפרסק כשלפ,איטליה בוסקה,,ורדי אפרסק כשלפ 750 מל,מיליליטרים,750.00,"100 מ""ל",false,1,25.00,3.3333,true,1,331333
8002503213682,false,חטיפי גבינת גרנה פדנ,אמברוסי,IT,חטיפי גבינת גרנה פדנו 80גר אמברוסי,Unknown,0.00,Unknown,false,12,21.90,0.0000,true,1,344842
8002530121028,false,קפסולות מאורו לאספרס,,IT,קפסולות מאורו לאספרסו צנטופרצנטו10 יח,יחידה,10.00,יחידה,false,12,16.90,1.6900,true,1,335289
8002530151124,false,פולי קפה מאורו דה לו,,IT,פולי קפה מאורו דה לוקס 1 קג,קילוגרמים,1.00,"ק""ג",false,6,140.00,140.0000,true,1,335287
8002530155122,false,קפסולות מאורו פרימיו,,IT,קפסולות מאורו פרימיום לאספרסו 10 יח,יחידה,10.00,יחידה,false,12,16.90,1.6900,true,1,335291
8002530155221,false,קפסולות מאורו דלוקס,,IT,קפסולות מאורו דלוקס לאספרסו 10 יח,יחידה,10.00,יחידה,false,12,16.90,1.6900,true,1,335290
8002550502333,false,יין פרוסקו אקסטרא דר,איטליה קאנטין רגי,,יין פרוסקו אקסטרא דריי 750 מל,מיליליטרים,750.00,"100 מ""ל",false,1,45.00,6.0000,true,1,317369
8002550503637,false,יין מאסקיו רוזה מבעב,מאסקיו,IT,יין מאסקיו רוזה מבעבע 750 מל,מיליליטרים,750.00,"100 מ""ל",false,12,45.00,6.0000,true,1,326567
8002550505457,false,יין פרוסקו אקסטרא דר,איטליה קאנטין רגי,,יין פרוסקו אקסטרא דריי 20 מל,יחידה,1.00,יחידה,false,1,25.00,25.0000,true,1,317370
8002793005370,false,יין פיציני ממורו רוס,,,יין פיציני ממורו רוסו 750 מל,מיליליטרים,750.00,"100 מ""ל",false,6,45.00,6.0000,true,1,345523
8002793006797,false,יין פיציני ממורו ביא,,,יין פיציני ממורו ביאנקו 750 מל,מיליליטרים,750.00,"100 מ""ל",false,6,45.00,6.0000,true,1,345524
8002793018776,false,יין פראפאסו פרימיטיב,,,יין פראפאסו פרימיטיבו די מאנדוריה 750 מל,מיליליטרים,750.00,"100 מ""ל",false,6,60.00,8.0000,true,1,343464
8002793021196,false,יין פיציני פינוקיו ר,,,יין פיציני פינוקיו רוסו דה איטליה 750 מל,מיליליטרים,750.00,"100 מ""ל",false,6,45.00,6.0000,true,1,346989
8002793959789,false,יין לבן פיצינו פינו,,IT,יין לבן פיצינו פינו גריגיו דה לה וונציה,מיליליטרים,750.00,"100 מ""ל",false,12,45.00,6.0000,true,1,346424
8002795000274,false,רוטב בשמל 200מל,,IT,רוטב בשמל 200מל,מיליליטרים,200.00,"100 מ""ל",false,1,6.90,3.4500,true,1,339527
8002795001868,false,מארז 3יח משקה שוקו א,,IT,מארז 3יח משקה שוקו איטלקי 200מל,מיליליטרים,600.00,"100 מ""ל",false,1,11.90,1.9833,true,1,343541
8002795002445,false,מארז 2יח קרם ונילה א,,IT,מארז 2יח קרם ונילה איטלקי 100גר,גרמים,200.00,100 גרם,false,1,6.90,3.4500,true,1,339524
8002795002469,false,גבינת מסקרפונה איטלק,,IT,גבינת מסקרפונה איטלקי 200 גר,גרמים,200.00,100 גרם,false,1,16.90,8.4500,true,1,336698
8002795002742,false,גבינת ריקוטה איטלקית,,IT,גבינת ריקוטה איטלקית 500גר,גרמים,500.00,100 גרם,false,1,24.90,4.9800,true,1,336699
8002910043476,false,ויט רצועות שעווה ביק,רקיט בנקיזר צרפת,,ויט רצועות שעווה ביקיני מוכנות לשימוש,Unknown,0.00,Unknown,false,1,21.90,0.0000,true,1,318855
8002960103199,false,רוטב פסטה מנו פומודו,,IT,רוטב פסטה מנו פומודורינה 370 גרם,גרמים,370.00,100 גרם,false,6,13.90,3.7568,true,1,344857
8002960103205,false,רוטב פסטה מנו ארביאט,,IT,רוטב פסטה מנו ארביאטה 370 גרם,גרמים,370.00,100 גרם,false,6,13.90,3.7568,true,1,344856
8002960103212,false,רוטב מנו לשקשוקה 370,,IT,רוטב מנו לשקשוקה 370 גרם,גרמים,370.00,100 גרם,false,6,13.90,3.7568,true,1,344858
8003007800484,false,פסטה טראלורו צוקה 50,,,פסטה טראלורו צוקה 500 גר,גרמים,500.00,100 גרם,false,1,14.90,2.9800,true,1,235020
8003007800712,false,פסטה טראלורו פרחים4ט,,,פסטה טראלורו פרחים4טעמים 500 גר,גרמים,500.00,100 גרם,false,1,14.90,2.9800,true,1,235009
8003007800842,false,פסטה טראלורו קונקילי,,,פסטה טראלורו קונקיליוני 500 גר,גרמים,500.00,100 גרם,false,1,14.90,2.9800,true,1,235013
8003007810001,false,פסטה טראלורו פנטה4טע,,,פסטה טראלורו פנטה4טעמים 500 גר,גרמים,500.00,100 גרם,false,1,14.90,2.9800,true,1,235005
8003007811473,false,פסטה טראלורו פנוני ר,,,פסטה טראלורו פנוני ריגטה 500 גר,גרמים,500.00,100 גרם,false,1,14.90,2.9800,true,1,254217
8003007817918,false,פסטה טראלורו לומקוני,,,פסטה טראלורו לומקוני4טעמים 500 גר,גרמים,500.00,100 גרם,false,1,14.90,2.9800,true,1,253858
8003007821144,false,פסטה טראלורו גירלה4ט,,,פסטה טראלורו גירלה4טעמים 500 גר,גרמים,500.00,100 גרם,false,1,14.90,2.9800,true,1,254793
8003015703753,false,יין דוגיולו ביאנקו 7,,,יין דוגיולו ביאנקו 750 מל פקדון,מיליליטרים,750.00,"100 מ""ל",false,1,65.00,8.6667,true,1,328799
8003015703913,false,יין קברנה סוביניון פ,,,יין קברנה סוביניון פרניטו 750 מל פקדון,מיליליטרים,750.00,"100 מ""ל",false,1,165.00,22.0000,true,1,242564
8003015703968,false,יין דוגיולו סופר טוס,,,יין דוגיולו סופר טוסקן 750 מל פקדון,מיליליטרים,750.00,"100 מ""ל",false,1,65.00,8.6667,true,1,240045
8003015706716,false,יין דוגיולו רוזה 75,,,יין דוגיולו רוזה 750 מל פקדון,מיליליטרים,750.00,"100 מ""ל",false,1,65.00,8.6667,true,1,251464
8003015709656,false,יין אוריגנלה אדום 75,קרפינטו,IT,יין אוריגנלה אדום 750 מל,מיליליטרים,750.00,"100 מ""ל",false,12,60.00,8.0000,true,1,338062
8003115851705,false,עוגת פינטא פנתוני קל,BAULI,,עוגת פינטא פנתוני קלאסי 500 גרם,גרמים,500.00,100 גרם,false,1,39.90,7.9800,false,1,335095
8003115852047,false,עוגת פינטא פנטוני קל,BAULI,,עוגת פינטא פנטוני קלאסי 908 גרם,גרמים,908.00,100 גרם,false,1,54.90,6.0463,false,1,335094
8003115852603,false,עוגת פינטא פנדורו קל,BAULI,,עוגת פינטא פנדורו קלאסי 750 גרם,גרמים,750.00,100 גרם,false,1,54.90,7.3200,true,1,335093
8003294529228,false,פילה טונה בהירה במים,,IT,פילה טונה בהירה במים 190 גרם,גרמים,190.00,100 גרם,false,12,31.90,16.7895,true,1,329431
8003340091280,false,בונבוניירה לינדור 60,לינדט,,בונבוניירה לינדור 60% מריר 200 ג,גרמים,200.00,100 גרם,false,1,29.90,14.9500,true,1,236880
8003407150578,false,חומץ בלסמי לבן 500 מ,אקטיפיקו,IT,חומץ בלסמי לבן 500 מל ח P,מיליליטרים,500.00,"100 מ""ל",false,12,22.50,4.5000,true,1,235507
8003440997833,false,מסטיק מנטוס פיור פרש,פרפטי ואן מלה,,מסטיק מנטוס פיור פרש פירות מנטה100יח,יחידה,100.00,יחידה,false,1,19.90,0.1990,true,1,344472
8003440997857,false,מסטיק מנטוס פיור פרש,פרפטי ואן מלה,,מסטיק מנטוס פיור פרש מנטה100יח שקית200גר,יחידה,100.00,יחידה,false,1,19.90,0.1990,true,1,344473
8003440997871,false,מסטיק מנטוס פיור פרש,פרפטי ואן מלה,,מסטיק מנטוס פיור פרש תות100יח בשקית200ג,יחידה,100.00,יחידה,false,1,19.90,0.1990,true,1,344471
8003508011921,false,ממרח זיתים ופלפל חרי,מאדאמה אוליבה,IT,ממרח זיתים ופלפל חריף 190 גרם,גרמים,190.00,100 גרם,false,11,17.90,9.4211,true,1,324515
8003508011938,false,ממרח זיתים וארטישוק,מאדאמה אוליבה,IT,ממרח זיתים וארטישוק 190 גרם,גרמים,190.00,100 גרם,false,11,17.90,9.4211,true,1,324514
8003653000061,false,מקל מטאטא/מגב 130 סמ,טונקיטה,,מקל מטאטא/מגב 130 סמ,יחידה,1.00,יחידה,false,1,8.90,8.9000,true,1,308852
8003653001907,false,מגב ניקוי עם ספוג לה,טונקיטה,,מגב ניקוי עם ספוג להסרת מים,יחידה,1.00,יחידה,false,1,9.90,9.9000,true,1,306517
8003653002409,false,סט לניקוי אסלות מעוצ,טונקיטה,IT,סט לניקוי אסלות מעוצב,יחידה,1.00,יחידה,false,12,19.90,19.9000,true,1,306520
8003653003000,false,מברשת לניקוי כלים,טונקיטה,IT,מברשת לניקוי כלים,יחידה,1.00,יחידה,false,24,9.90,9.9000,true,1,306536
8003653005301,false,מברשת עם ידית אחיזה,טונקיטה,IT,מברשת עם ידית אחיזה,יחידה,1.00,יחידה,false,12,12.90,12.9000,true,1,306521
8003653005400,false,יעה נצמד,טונקיטה,IT,יעה נצמד,יחידה,1.00,יחידה,false,12,8.90,8.9000,true,1,306534
8003653006407,false,מברשת לניקוי בקבוקים,טונקיטה,IT,מברשת לניקוי בקבוקים,יחידה,1.00,יחידה,false,12,9.90,9.9000,true,1,306535
8003653008258,false,מגב ריצפה 44 סמ,טונקיטה,IT,מגב ריצפה עם מקל 44 סמ,יחידה,1.00,יחידה,false,24,19.90,19.9000,true,1,306516
8003653008708,false,מגב ריצפה 55 סמ,טונקיטה,IT,מגב ריצפה 55 סמ,יחידה,1.00,יחידה,false,12,29.90,29.9000,true,1,306532
8003653010305,false,מטאטא סאפזיו,טונקיטה,IT,מטאטא סאפזיו,יחידה,1.00,יחידה,false,10,22.90,22.9000,true,1,306507
8003653013306,false,מקל מתכוונן למטאטא/מ,טונקיטה,,מקל מתכוונן למטאטא/מקל 150 סמ,יחידה,1.00,יחידה,false,1,16.90,16.9000,true,1,306515
8003653028706,false,כף אשפה עם מקל מתקפל,טונקיטה,,כף אשפה עם מקל מתקפל,יחידה,1.00,יחידה,false,1,16.90,16.9000,true,1,310258
8003653033588,false,מטאטא אוניברסל,טונקיטה,IT,מטאטא אוניברסל,יחידה,1.00,יחידה,false,6,27.90,27.9000,true,1,306509
8003653033601,false,מטאטא פעולה כפולה לש,טונקיטה,IT,מטאטא פעולה כפולה לשיער/אבק דואל,יחידה,1.00,יחידה,false,10,24.90,24.9000,true,1,306540
8003653033687,false,מטאטא קשה לקרצוף מגנ,טונקיטה,IT,מטאטא קשה לקרצוף מגנום,יחידה,1.00,יחידה,false,6,29.90,29.9000,true,1,306511
8003653033755,false,אטבי עץ 12 יחידות,טונקיטה,IT,אטבי עץ 12 יחידות,יחידה,12.00,יחידה,false,40,9.90,0.8250,true,1,306518
8003653033960,false,מטאטא טונקיטה פנימי,אריקס,IT,מטאטא טונקיטה פנימי אקולוגי+מקל,יחידה,1.00,יחידה,false,10,29.90,29.9000,true,1,315793
8003750001725,false,ליקר ביצרין שוקולד ג,,IT,ליקר ביצרין שוקולד גנדויה 700 מל,מיליליטרים,750.00,"100 מ""ל",false,6,85.00,11.3333,true,1,338726
8003750001763,false,ליקר ביצרין תות 750,,IT,ליקר ביצרין תות 700 מל,מיליליטרים,750.00,"100 מ""ל",false,6,85.00,11.3333,true,1,338728
8003750126046,false,ליקר ביצרין שוקולד ל,,IT,ליקר ביצרין שוקולד לבן 750 מל,מיליליטרים,750.00,"100 מ""ל",false,6,85.00,11.3333,true,1,338840
8003753900438,false,קפה אספרסו אילי 250,קפה לנדוור,,קפה אספרסו אילי 250 גרם,גרמים,250.00,100 גרם,false,1,42.90,17.1600,true,1,231641
8003753900469,false,קפה אספרסו אילי טחון,קפה לנדוור,,קפה אספרסו אילי טחון כהה 250 גר פחית,גרמים,250.00,100 גרם,false,1,42.90,17.1600,true,1,235281
8003866004214,false,קפסולות קפה אדום 10,,IT,קפסולות קפה אדום 10 יח דיים קורפו,יחידה,10.00,יחידה,false,1,18.90,1.8900,true,1,255293
8003866012011,false,קפה זהב טחון 100% אר,,IT,קפה זהב טחון 100% ארביקה 250 גר דיים,גרמים,250.00,100 גרם,false,1,30.00,12.0000,true,1,241481
8003866016538,false,קפסולות קפה כתום 10,,IT,קפסולות קפה כתום 10 יח דיים טנזניה,יחידה,10.00,יחידה,false,1,18.90,1.8900,true,1,255295
8003866107038,false,פולי קפה דיים אדום 5,,IT,פולי קפה דיים אדום 500 גר,גרמים,500.00,100 גרם,false,1,50.00,10.0000,true,1,333916
8003866116023,false,קפה זהב 100% ארביקה1,,IT,קפה זהב 100% ארביקה1קג,קילוגרמים,1.00,"ק""ג",false,1,110.00,110.0000,true,1,325535
8004030022010,false,ריו מרה אינסלטיסימי,BOLTON GROUP- RIO,,ריו מרה אינסלטיסימי ירקות גינה160גר,גרמים,160.00,100 גרם,false,1,16.90,10.5625,true,1,254445
8004030026018,false,ריו מרה אינסלטיסימי,BOLTON GROUP- RIO,,ריו מרה אינסלטיסימי מקסיקני 160גרם,גרמים,160.00,100 גרם,false,1,16.90,10.5625,true,1,254444
8004030044005,false,טונה ריו מרה בשמן זי,BOLTON GROUP- RIO,,טונה ריו מרה בשמן זית 160 גרם,גרמים,160.00,100 גרם,false,1,18.90,11.8125,true,1,228694
8004030081024,false,טונה ריו מרה בשמן זי,BOLTON GROUP- RIO,,טונה ריו מרה בשמן זית שום ופלפל 160 גרם,גרמים,160.00,100 גרם,false,1,18.90,11.8125,true,1,228695
8004030102033,false,שלישיית טונה ריו מרה,BOLTON GROUP- RIO,,שלישיית טונה ריו מרה שמן זית 80 גר,גרמים,240.00,100 גרם,false,1,27.90,11.6250,true,1,325410
8004030103399,false,מארז4יח טונה ריו מרה,BOLTON GROUP- RIO,IT,מארז4יח טונה ריו מרה בשמן זית 80 גרם,גרמים,320.00,100 גרם,false,24,32.90,10.2812,true,1,334596
8004030177000,false,שלישיית טונה ריו מרה,BOLTON GROUP- RIO,,מארז3יח טונה ריו מרה צילי 80 גר,גרמים,240.00,100 גרם,false,1,27.90,11.6250,true,1,323398
8004030344938,false,שלישיית טונה ריו מרה,BOLTON GROUP- RIO,,מארז3יח טונה ריו מרה שמן זית 80 גר,גרמים,240.00,100 גרם,false,1,27.90,11.6250,true,1,252679
8004030381681,false,זוג טונה ריו מרה בשמ,BOLTON GROUP- RIO,,זוג טונה ריו מרה בשמן זית 160 גרם,גרמים,320.00,100 גרם,false,1,32.90,10.2812,true,1,327779
8004030845046,false,ריו מרה אינסלטיסימי,BOLTON GROUP- RIO,,ריו מרה אינסלטיסימי אורז 160גרם,גרמים,160.00,100 גרם,false,1,16.90,10.5625,true,1,327016
8004030860001,false,ריו מרה אינסלטיסימי,BOLTON GROUP- RIO,,ריו מרה אינסלטיסימי קוסקוס 160גרם,גרמים,160.00,100 גרם,false,1,16.90,10.5625,true,1,311694
8004091037978,false,תה תפזורת ירוק 50גר,LA VIA DEL TE,IT,תה תפזורת ירוק 50גר לה וי דל טי,Unknown,0.00,Unknown,false,1,16.90,0.0000,true,1,329829
8004091037985,false,תה תפזורת אינגלש ברק,LA VIA DEL TE,IT,תה תפזורת אינגלש ברקפסט 50גר לה וי דל טי,Unknown,0.00,Unknown,false,1,16.90,0.0000,true,1,329828
8004091038029,false,תה תפזורת פירות יער,LA VIA DEL TE,IT,תה תפזורת פירות יער 50גר לה וי דל טי,Unknown,0.00,Unknown,false,1,18.90,0.0000,true,1,329830
8004091038050,false,תה תפזורת גינגר לימו,LA VIA DEL TE,IT,תה תפזורת גינגר לימון 40גר לה וי דל טי,Unknown,0.00,Unknown,false,1,18.90,0.0000,true,1,329832
8004091038067,false,תה תפזורת קמומיל 25,LA VIA DEL TE,IT,תה תפזורת קמומיל 25 גר לה וי דל טי,Unknown,0.00,Unknown,false,1,18.90,0.0000,true,1,329827
8004091038104,false,תה תפזורת פירות קינמ,LA VIA DEL TE,IT,תה תפזורת פירות קינמון 50גר לה וי דל טי,Unknown,0.00,Unknown,false,1,18.90,0.0000,true,1,329831
8004123002509,false,שמן זרעי ענבים מזוכך,,IT,שמן זרעי ענבים מזוכך באסו אד 1 ליטר,ליטרים,1.00,ליטר,false,12,34.90,34.9000,true,1,338801
8004123004893,false,שמן זית בטעם פטריות,,IT,שמן זית בטעם פטריות כמהין באסו אד 250 מל,גרמים,250.00,100 גרם,false,12,29.90,11.9600,true,1,338925
8004123010726,false,שמן זית כתית מעולה ב,,IT,שמן זית כתית מעולה באסו אד 750 מל איטלקי,מיליליטרים,750.00,"100 מ""ל",false,12,42.90,5.7200,true,1,346316
8004160205208,false,וורמוט ברברו לבן 1 ל,,,וורמוט ברברו לבן 1 ל פקדון,ליטרים,1.00,ליטר,false,1,35.00,35.0000,true,1,233821
8004160208100,false,וורמוט ברברו יבש 1 ל,,,וורמוט ברברו יבש 1 ל פקדון,ליטרים,1.00,ליטר,false,1,35.00,35.0000,true,1,233823
8004160215207,false,וורמוט ברברו אדום 1,,,וורמוט ברברו אדום 1 ל פקדון,ליטרים,1.00,ליטר,false,1,35.00,35.0000,true,1,233822
8004160622500,false,גרפה לה ביאנקה ברברו,dcm,,גרפה לה ביאנקה ברברו 700 מל פקדון,מיליליטרים,700.00,"100 מ""ל",false,1,115.00,16.4286,true,1,245025
8004160660304,false,ליקר פרנגליקו 700 מל,davide campari,,ליקר פרנגליקו 700 מל,מיליליטרים,70000.00,"100 מ""ל",false,1,89.00,0.1271,true,1,333898
8004309007298,false,גבינת מוצרלה בופאלו,,,גבינת מוצרלה בופאלו איטלקי 125גר,גרמים,125.00,100 גרם,false,1,22.90,18.3200,true,1,340211
8004309009018,false,גבינת בוקנציני בואפל,,,גבינת בוקנציני בואפלו איטלקי 220גר,גרמים,220.00,100 גרם,false,1,29.90,13.5909,true,1,338430
8004309013305,false,גבינת בוקנציני בואפל,,IT,גבינת בוקנציני בואפלו איטלקי 220גר,גרמים,220.00,100 גרם,false,1,29.90,13.5909,true,1,339522
8004309015217,false,גבינת בורטה איטלקית,,,גבינת בורטה איטלקית 125גר,גרמים,125.00,100 גרם,false,1,22.90,18.3200,true,1,338428
8004312577009,false,יין סן מישל אפן ביאנ,,,יין סן מישל אפן ביאנקו 750מל פקדון,מיליליטרים,750.00,"100 מ""ל",false,1,85.00,11.3333,true,1,248621
8004323212654,false,פסטה קפליני 265 קולא,INDULCO,IT,COLAVITA קפליני מס 265 - 500 גר,גרמים,500.00,100 גרם,false,10,12.50,2.5000,true,1,237446
8004323212678,false,פסטה טליאטלה 267 קול,INDULCO,IT,COLAVITA טליאטלה מס 267 - 500 גר,גרמים,500.00,100 גרם,false,10,12.50,2.5000,true,1,237444
8004323212685,false,פסטה פטוציני 268 קול,INDULCO,,פסטה פטוציני 268 קולאויטא 500 גר,גרמים,500.00,100 גרם,false,1,12.50,2.5000,true,1,237510
8004323413402,false,פסטה טריקולור תרד וע,INDULCO,,פסטה טריקולור תרד ועגבניות קולויטה 500גר,גרמים,500.00,100 גרם,false,1,12.50,2.5000,true,1,240509
8004323933696,false,פסטה רדיאטורי ב3 צבע,INDULCO,,פסטה רדיאטורי ב3 צבעים קולויטה 500גר,גרמים,500.00,100 גרם,false,1,12.50,2.5000,true,1,240510
8004618001604,false,פסטה לינגוואני טרופל,,IT,פסטה לינגוואני טרופל 300גרם,גרמים,300.00,100 גרם,false,8,19.90,6.6333,true,1,337228
8004618001673,false,רביולי פיטריות פרטצי,,IT,רביולי פיטריות פרטציני 300גר,גרמים,300.00,100 גרם,false,8,22.90,7.6333,true,1,337226
8004618001680,false,רביולי בורטה עגבניות,,IT,רביולי בורטה עגבניות ובזיליקום 300גר,גרמים,300.00,100 גרם,false,8,22.90,7.6333,true,1,337225
8004618001789,false,רביולי ריקוטה ותרד 3,,IT,רביולי ריקוטה ותרד 300גר,גרמים,300.00,100 גרם,false,8,22.90,7.6333,true,1,337223
8004645230114,false,יין טומאסי פרוסקו טנ,,,יין טומאסי פרוסקו טנוטה פילודורה 750מל פ,מיליליטרים,750.00,"100 מ""ל",false,1,60.00,8.0000,true,1,245048
8004645404102,false,יין טומאסי אפסמיינטו,,,יין טומאסי אפסמיינטו אדום יבש 750מל פקדו,מיליליטרים,750.00,"100 מ""ל",false,1,60.00,8.0000,true,1,243606
8004645406106,false,יין טומאסי אפסמיינטו,,,יין טומאסי אפסמיינטו רוזה 750 מל,מיליליטרים,750.00,"100 מ""ל",false,1,60.00,8.0000,true,1,338477
8004690050620,false,פסטה לינגוויני מוליס,,,פסטה לינגוויני איטלקית 500 גרם אל אם,גרמים,500.00,100 גרם,false,1,7.90,1.5800,true,1,337583
8004690051573,false,ספגטי מוליסאנא 500 ג,,,ספגטי איטלקי 500 גרם אל אם,גרמים,500.00,100 גרם,false,1,7.90,1.5800,true,1,337580
8004690052044,false,פסטה פנה זיטי ריגטה,,,פסטה פנה זיטי ריגטה איטלקית500 גרם אל אם,גרמים,500.00,100 גרם,false,1,7.90,1.5800,true,1,337589
8004690052815,false,פסטה קסיריס מוליסאנא,,,פסטה קסיריס מוליסאנא 500 גרם,גרמים,500.00,100 גרם,false,1,7.90,1.5800,true,1,338021
8004690052846,false,פסטה פוזילי מוליסאנא,,,פסטה פוזילי איטלקית 500 גרם אל אם,גרמים,500.00,100 גרם,false,1,7.90,1.5800,true,1,337577
8004690053195,false,פסטה ריגטוני מוליסאנ,,,פסטה ריגטוני איטלקית 500 גרם אל אם,גרמים,500.00,100 גרם,false,1,7.90,1.5800,true,1,337579
8004690053225,false,פסטה מזי ריגטוני מול,,,פסטה מזי ריגטוני איטלקית 500 גרם אל אם,גרמים,500.00,100 גרם,false,1,7.90,1.5800,true,1,337582
8004690055601,false,פסטה צינסי מוליסאנא,,,פסטה צינסי איטלקית 500 גרם אל אם,גרמים,500.00,100 גרם,false,1,7.90,1.5800,true,1,337588
8004690057308,false,פסטה רדיאטורי מוליסא,,,פסטה רדיאטורי איטלקית 500 גרם אל אם,גרמים,500.00,100 גרם,false,1,7.90,1.5800,true,1,337586
8004690058008,false,פסטה גמלי מוליסאנא 5,,,פסטה גמלי איטלרית 500 גרם אל אם,גרמים,500.00,100 גרם,false,1,7.90,1.5800,true,1,337575
8004690106600,false,פסטה פראפלה מוליסאנא,,,פסטה פראפלה איטלקית 500 גרם אל אם,גרמים,500.00,100 גרם,false,1,7.90,1.5800,true,1,337576
8004690107508,false,פסטה פנטצה מוליסאנא,,,פסטה פנטצה מוליסאנא 500 גרם,גרמים,500.00,100 גרם,false,1,7.90,1.5800,true,1,338028
8004690203002,false,ניוקי איטלקי מוליסאנ,,,ניוקי איטלקי אל אם 500 גרם,גרמים,500.00,100 גרם,false,1,7.90,1.5800,true,1,337593
8004690278246,false,קמח דורום איטלקי לפי,,,קמח דורום איטלקי לפסטה 1 קג לה מוליסנה,קילוגרמים,1.00,"ק""ג",false,1,14.90,14.9000,true,1,323048
8004690278253,false,קמח דורום איטלקי לפס,,,קמח דורום איטלקי לפסטה 1 קג לה מוליסנה,קילוגרמים,1.00,"ק""ג",false,1,14.90,14.9000,true,1,323049
8004690278277,false,קמח דורום איטלקי מל,,,קמח דורום איטלקי מלא 1 קג לה מוליסנה,קילוגרמים,1.00,"ק""ג",false,1,14.90,14.9000,true,1,323051
8004690611500,false,ספגטי מוליסאנא חיטה,,,ספגטי חיטה מלאה איטלקי 500 גרם אל אם,גרמים,500.00,100 גרם,false,1,9.90,1.9800,true,1,337590
8004690612002,false,פסטה מוליסאנא פנה חי,,,פסטה פנה חיטה מלאה איטלקי500גר,גרמים,500.00,100 גרם,false,1,9.90,1.9800,true,1,337592
8004708018963,false,מלח אפור אטלנטי טוסק,דרגוריה אלמנטריה,,מלח אפור אטלנטי בטחנה טוסקנה,Unknown,0.00,Unknown,false,1,13.90,0.0000,true,1,247357
8004708018987,false,מלח ורוד הימלאיה טוס,דרגוריה אלמנטריה,,מלח ורוד הימלאיה בטחנה טוסקנה,Unknown,0.00,Unknown,false,1,13.90,0.0000,true,1,247358
8004708036516,false,אורגנו טוסקנה מטחנה,דרגוריה אלמנטריה,,תבלין אורגנו מטחנה 12 גר טוסקנה,Unknown,0.00,Unknown,false,1,13.90,0.0000,true,1,243767
8004708046386,false,כורכום טוסקנה בטחנה,דרגוריה אלמנטריה,,כורכום במטחנה ארומה טוסקנה 52 גרם,Unknown,0.00,Unknown,false,1,13.90,0.0000,true,1,329794
8004730000028,false,יין אדום מרסלה וקיו,איטליה דוקה די סלפרו,,יין אדום מרסלה וקיו פלוריו סופריורה 750מ,מיליליטרים,750.00,"100 מ""ל",false,1,45.00,6.0000,true,1,241335
8004730000141,false,יין פלוריובו מרסלה 7,איטליה דוקה די סלפרו,,יין פלוריובו מרסלה 750 מל פקדון,מיליליטרים,750.00,"100 מ""ל",false,1,40.00,5.3333,true,1,243599
8004800000064,false,ופל לאגו פלאסיר קרם,,IT,ופל לאגו פלאסיר קרם קקאו מצופה 100גרם,גרמים,100.00,100 גרם,false,12,12.90,12.9000,true,1,347352
8004800000071,false,ופל לאגו פלאסיר קרם,,IT,ופל לאגו פלאסיר קרם אגוזי לוז מצופ100גרם,גרמים,100.00,100 גרם,false,12,12.90,12.9000,true,1,347351
8004800002006,false,וופל קוביות פארטי קק,אלדי,,וופל קוביות אלדי קקאו חלב 220 גר,גרמים,220.00,100 גרם,false,1,10.90,4.9545,true,1,334601
8004800002013,false,וופל קוביות פארטי תו,אלדי,,וופל קוביות אלדי תות וניל 220 גר,גרמים,220.00,100 גרם,false,1,10.90,4.9545,true,1,334602
8004800002372,false,וופל קוביות פארטי קק,אלדי,,וופל קוביות אלדי קקאו 250 גר,גרמים,250.00,100 גרם,false,1,10.90,4.3600,true,1,250577
8004800004802,false,ופל לאגו פלאסיר דומד,,IT,ופל לאגו פלאסיר דומדומניות שחורות100גרם,גרמים,100.00,100 גרם,false,12,12.90,12.9000,true,1,347350
8004800004819,false,ופל לאגו פלאסיר קרם,,IT,ופל לאגו פלאסיר קרם פסיפלורה מצופה100גרם,גרמים,100.00,100 גרם,false,12,12.90,12.9000,true,1,347353
8004800004826,false,ופל לאגו פלאסיר קרם,,IT,ופל לאגו פלאסיר קרם קוקוס מצופה 98 גרם,Unknown,0.00,Unknown,false,12,12.90,0.0000,true,1,347354
8004800005502,false,ופל לאגו מיני רול קר,,IT,ופל לאגו מיני רול קרם קקאו 125 גרם,גרמים,125.00,100 גרם,false,12,11.90,9.5200,true,1,347349
8004800005519,false,ופל לאגו מיני רול קר,,IT,ופל לאגו מיני רול קרם אגוזי לוז 125 גרם,גרמים,125.00,100 גרם,false,12,11.90,9.5200,true,1,347345
8004800005526,false,ופל לאגו מיני רול קר,,IT,ופל לאגו מיני רול קרם קוקוס 125 גרם,גרמים,125.00,100 גרם,false,12,11.90,9.5200,true,1,347347
8004955000155,false,עוגיות אמארתיני שקדי,ASOLO DOLCE,IT,עוגיות בטעם שקדים 250 גר אמארתיני,גרמים,200.00,100 גרם,false,8,12.90,6.4500,true,1,252511
8004955060203,false,עוגיות עם שקדים 250,ASOLO DOLCE,IT,עוגיות עם שקדים 250 גר אסולו דולצה,גרמים,200.00,100 גרם,false,1,12.90,6.4500,true,1,238158
8005110000416,false,זוג עגבניות מוטטי דט,,,זוג עגבניות מוטטי דטריני 300 גרם,גרמים,600.00,100 גרם,false,1,14.90,2.4833,true,1,346517
8005110001413,false,זוג רסק עגבניות 140,,,זוג רסק עגבניות 140 גר מוטטי,גרמים,140.00,100 גרם,false,6,10.90,7.7857,true,1,328888
8005110002243,false,רכז עגבניות מוטטי185,,,רכז עגבניות מוטטי185 גר שפופרת,גרמים,185.00,100 גרם,false,1,8.50,4.5946,true,1,334459
8005110060106,false,זוג עגבניות מוטטי תמ,,,זוג עגבניות מוטטי תמר מקולפות 400 גרם,גרמים,800.00,100 גרם,false,1,15.90,1.9875,true,1,309844
8005110170300,false,מארז 3 יח עגבניות מו,,,מארז 3 יח עגבניות חתוכות 400 גר,קילוגרמים,1.20,"ק""ג",false,1,17.90,14.9167,true,1,236203
8005110171215,false,עגבניות חתוכות 690 ג,,,עגבניות חתוכות 690 גר מוטטי,גרמים,690.00,100 גרם,false,1,15.90,2.3043,true,1,233056
8005110180002,false,קטשופ עגבניות מוטטי,,,קטשופ עגבניות מוטטי 340 גרם,גרמים,340.00,100 גרם,false,1,12.90,3.7941,true,1,233053
8005110191015,false,מחית עגבניות עם בזיל,,,רסק עגבניות עם בזיליקום 700 גר מוטטי,גרמים,700.00,100 גרם,false,1,14.90,2.1286,true,1,319215
8005110516009,false,רוטב עגבניות וזיתים,,,רוטב עגבניות וזיתים 400 גר מוטטי,גרמים,400.00,100 גרם,false,1,14.90,3.7250,true,1,327996
8005110517006,false,רוטב פסטה עגבניות בז,,,רוטב פסטה עגבניות בזיליקום 400 גר מוטטי,גרמים,400.00,100 גרם,false,1,14.90,3.7250,true,1,327998
8005110518003,false,רוטב פסטה עגבניות חר,,,רוטב פסטה עגבניות חריף 400 גר מוטטי,גרמים,400.00,100 גרם,false,1,14.90,3.7250,true,1,327997
8005110551253,false,רוטב לפיצה מוטטי 400,,,רוטב לפיצה מוטטי 400 גר,גרמים,400.00,100 גרם,false,1,8.90,2.2250,true,1,331937
8005200256587,false,משקה נסטי אפרסק 1.5ל,,,משקה נסטי אפרסק 1.5ליטר בק.פקדון,ליטרים,1.50,ליטר,false,1,8.90,5.9333,true,1,343158
8005200286584,false,משקה נסטי מנגו אננס,,,משקה נסטי מנגו אננס 1.5ליטר בק.פקדון,ליטרים,1.50,ליטר,false,1,8.90,5.9333,true,1,343159
8005200316588,false,משקה נסטי דיאט אפרסק,,,משקה נסטי דיאט אפרסק 1.5ליטר בק.פקדון,ליטרים,1.50,ליטר,false,1,8.30,5.5333,true,1,343160
8005200516520,false,משקה נסטי בטעם דיאט,סן-פלגרינו,,משקה נסטי בטעם דיאט אפרסק 1.5ליטר,ליטרים,1.50,ליטר,false,1,8.00,5.3333,true,1,245505
8005369001103,false,יין סואבה 750 מל,ZENI,IT,יין סואבה 750 מל,מיליליטרים,750.00,"100 מ""ל",false,6,60.00,8.0000,true,1,326789
8005369001141,false,יין ברדולינו 750 מל,ZENI,IT,יין ברדולינו 750 מל,מיליליטרים,750.00,"100 מ""ל",false,6,60.00,8.0000,true,1,326788
8005369001165,false,יין ולפוליצלה די או,ZENI,IT,יין ולפוליצלה די או סי 750 מל,מיליליטרים,750.00,"100 מ""ל",false,6,60.00,8.0000,true,1,326790
8005415049585,false,יין קברנה סוביניון 7,,,יין קברנה סוביניון 750 מל,מיליליטרים,750.00,"100 מ""ל",false,1,35.00,4.6667,true,1,324905
8005415049646,false,יין קנטי שרדונה 750,,,יין קנטי שרדונה 750 מל,מיליליטרים,750.00,"100 מ""ל",false,1,35.00,4.6667,true,1,324903
8005415049820,false,יין קנטי מרלו 750 מ,,,יין קנטי מרלו 750 מל,מיליליטרים,750.00,"100 מ""ל",false,1,35.00,4.6667,true,1,324904
8005469951452,false,ממרח אנשובי איטלקי 6,בנדטו סקילה,,ממרח אנשובי איטלקי 60 גר שפופרת,Unknown,0.00,Unknown,false,1,11.90,0.0000,true,1,308912
8005469981602,false,פילה אנשובי סקאלה שמ,בנדטו סקילה,,פילה אנשובי סקאלה שמן צמחי 75 גרם,Unknown,0.00,Unknown,false,1,13.90,0.0000,true,1,322478
8005709207059,false,ספגטו כוסמין גרנו אר,GRANA ARMANDO,IT,ספגטו כוסמין גרנו ארמנדו 500 גר,גרמים,500.00,100 גרם,false,12,13.90,2.7800,true,1,314309
8005709207400,false,פסטה חונקי כמרים קמח,GRANA ARMANDO,IT,פסטה חונקי כמרים כוסמין גרנו ארמנ 500 גר,גרמים,500.00,100 גרם,false,12,13.90,2.7800,true,1,314307
8005709207738,false,פסטה פנה כוסמין גרנו,GRANA ARMANDO,IT,פסטה פנה כוסמין גרנו ארמנדו 500גר,גרמים,500.00,100 גרם,false,12,13.90,2.7800,true,1,314308
8005709280267,false,פתיתי אורז גרנו ארמנ,GRANA ARMANDO,IT,פתיתי אורז גרנו ארמנדו 400 גרם,גרמים,400.00,100 גרם,false,2000,10.00,2.5000,true,1,346205
8005709280274,false,פסטה כוכבים גרנו ארמ,GRANA ARMANDO,IT,פסטה כוכבים גרנו ארמנדו 400 גרם,גרמים,400.00,100 גרם,false,2000,10.00,2.5000,true,1,346203
8005709280380,false,פסטה אותיות גרנו ארמ,GRANA ARMANDO,IT,פסטה אותיות גרנו ארמנדו 400 גרם,גרמים,400.00,100 גרם,false,2000,10.00,2.5000,true,1,346204
8005803010357,false,מקלות גריסיני קלאסי,,,מקלות גריסיני קלאסי אמור 125 גרם,גרמים,125.00,100 גרם,false,1,6.90,5.5200,true,1,312955
8005803010371,false,מקלות גריסיני רוזמרי,,,מקלות גריסיני רוזמרין אמור 125 גרם,גרמים,125.00,100 גרם,false,1,6.90,5.5200,true,1,312958
8005803010586,false,מקלות גריסיני פיצה א,,,מקלות גריסיני פיצה אמור 125 גרם,גרמים,125.00,100 גרם,false,1,6.90,5.5200,true,1,312956
8005803010661,false,מקלות גריסיני שומשום,,,מקלות גריסיני שומשום אמור 125 גרם,גרמים,125.00,100 גרם,false,1,6.90,5.5200,true,1,312957
8005840020272,false,מאגדת לואקר קסטה לבן,,,מאגדת לואקר קסטה לבן 4 יח,יחידה,4.00,יחידה,false,1,49.90,12.4750,true,1,347574
8006227000405,false,לחם סמנצאטו חיטה מלא,,IT,לחם סמנצאטו חיטה מלאה 400גר פרוס,גרמים,400.00,100 גרם,false,8,16.90,4.2250,true,1,337469
8006227000412,false,לחם סמנצאטו חיטת דור,,IT,לחם סמנצאטו חיטת דורום 400גר פרוס,גרמים,400.00,100 גרם,false,8,16.90,4.2250,true,1,337470
8006227000429,false,לחם סמנצאטו פרוס מחמ,,IT,לחם סמנצאטו פרוס מחמצת 8 דגנים 400גר,גרמים,400.00,100 גרם,false,8,16.90,4.2250,true,1,341116
8006227000733,false,לחם סמנצאטו טראמציני,,IT,לחם סמנצאטו טראמציני חיטה מלאה 250גר,גרמים,250.00,100 גרם,false,1,14.90,5.9600,true,1,337464
8006227000870,false,לחם סמנצאטו חיטת דור,,IT,לחם סמנצאטו חיטת דורום 350גר,גרמים,350.00,100 גרם,false,6,17.90,5.1143,true,1,337468
8006227001372,false,לחם סמנצאטו 400גר לב,,IT,לחם סמנצאטו 400גר לבן עם שמן זית ללא קשה,גרמים,400.00,100 גרם,false,8,18.90,4.7250,true,1,338743
8006227270945,false,לחם סמנצאטו טראמציני,,IT,לחם סמנצאטו טראמציני לבן 250גר ללא קשה,גרמים,250.00,100 גרם,false,1,14.90,5.9600,true,1,337465
8006423460263,false,בונבוניירה אלידה סור,SORINI,IT,בונבוניירה אלידה סוריני 325 ג,גרמים,325.00,100 גרם,false,7,48.90,15.0462,true,1,232524
8006423461055,false,בונבוניירה סורינטה 2,SORINI,,בונבוניירה פוגו 280 גר סוריני,גרמים,280.00,100 גרם,false,1,44.90,16.0357,true,1,235676
8006423462397,false,בונבוניירה לב מיוחד,SORINI,IT,בונבוניירה לב מיוחד 475 גר סוריני,גרמים,475.00,100 גרם,false,6,69.90,14.7158,true,1,235674
8006423462502,false,בונבוניירה קלאסיק סו,SORINI,IT,בונ קלאסיק סוריני 265ג SORINI,גרמים,265.00,100 גרם,false,7,48.90,18.4528,true,1,232523
8006423468276,false,בונבוניירה סופיה 270,SORINI,IT,בונבוניירה סופיה 270 גר סוריני,גרמים,270.00,100 גרם,false,8,52.90,19.5926,true,1,235707
8006423468382,false,בונבוניירה סנטה עם פ,SWEETITALY,,בונבוניירה סנטה עם פפיון 300 גרם סוריני,גרמים,300.00,100 גרם,false,1,52.90,17.6333,true,1,347644
8006423468801,false,בונבוניירה כדור טיפי,SORINI,IT,בונבוניירה כדור טיפי 320 ג,גרמים,340.00,100 גרם,false,9,34.90,10.2647,true,1,232521
8006423469617,false,בוננבוניירה ונציה 20,SORINI,IT,בוננבוניירה ונציה 200 ג סוריני,גרמים,200.00,100 גרם,false,8,34.90,17.4500,true,1,230793
8006423469624,false,בונ.ונציה סוריני 290,SORINI,,בונ.ונציה סוריני 290 גרם,גרמים,290.00,100 גרם,false,1,59.90,20.6552,true,1,229803
8006540009512,false,מרכך כביסה לנור מרוכ,פרוקטר אנד גמבל,,מרכך כביסה לנור מרוכז בייבי 897מל,מיליליטרים,897.00,"100 מ""ל",false,12,16.90,1.8841,true,1,337720
8006540091906,false,מבשם כביסה לנור ריח,פרוקטר אנד גמבל,,מבשם כביסה לנור ריח אריאל 140גר,גרמים,140.00,100 גרם,false,1,19.90,14.2143,true,1,341937
8006540091937,false,מבשם כביסה לנור כדור,פרוקטר אנד גמבל,,מבשם כביסה לנור כדוריות אריאל 210גר,גרמים,275.00,100 גרם,false,1,27.90,10.1455,true,1,341938
8006540112793,false,מרכך כביסה לנור מרוכ,פרוקטר אנד גמבל,,מרכך כביסה לנור מרוכז בניחוח יסמין 900,מיליליטרים,900.00,"100 מ""ל",false,12,16.90,1.8778,true,1,337717
8006540112823,false,מרכך כביסה לנור מרוכ,פרוקטר אנד גמבל,,מרכך כביסה לנור מרוכז בניחוח אוקיינוס900,מיליליטרים,900.00,"100 מ""ל",false,12,16.90,1.8778,true,1,337718
8006540112854,false,מרכך כביסה לנור מרוכ,פרוקטר אנד גמבל,,מרכך כביסה לנור מרוכז בניחוח סחלב 900,מיליליטרים,900.00,"100 מ""ל",false,12,16.90,1.8778,true,1,337719
8006540163986,false,קפסולות לכביסה אריאל,פרוקטר אנד גמבל,FR,קפסולות לכביסה אריאל 35 יח,יחידה,35.00,יחידה,false,3,44.90,1.2829,true,1,337715
8006540352960,false,טמפון טמפקס פרל רגול,פרוקטר אנד גמבל,,טמפון טמפקס פרל רגולר 20יח,יחידה,20.00,יחידה,false,1,25.90,1.2950,true,1,341935
8006540353004,false,טמפון טמפקס פרל סופר,פרוקטר אנד גמבל,,טמפון טמפקס פרל סופר 18יח,יחידה,18.00,יחידה,false,1,25.90,1.4389,true,1,341936
8006540425930,false,קפסולות לכביסה אריאל,פרוקטר אנד גמבל,FR,קפסולות לכביסה אריאל 24יח לכתמים קשים,יחידה,27.00,יחידה,false,3,39.90,1.4778,true,1,343208
8006540463550,false,פיירי טבליות למדיח פ,,BE,פיירי טבליות למדיח פלטינום 63 יחידות,יחידה,63.00,יחידה,false,4,59.90,0.9508,true,1,346117
8006540491539,false,נוזל כלים פיירי פלטי,,GB,נוזל כלים פיירי פלטינום אורגינל 780מל,מיליליטרים,900.00,"100 מ""ל",false,8,12.90,1.4333,true,1,345203
8006540495186,false,מרכך כביסה לנור מרוכ,פרוקטר אנד גמבל,,מרכך כביסה לנור מרוכז בייבי 897מל,מיליליטרים,897.00,"100 מ""ל",false,12,16.90,1.8841,true,1,345485
8006540495216,false,מרכך כביסה לנור מרוכ,פרוקטר אנד גמבל,,מרכך כביסה לנור מרוכז אמאטיסט 897 מל,מיליליטרים,897.00,"100 מ""ל",false,12,16.90,1.8841,true,1,345486
8006540495247,false,מרכך כביסה לנור מרוכ,פרוקטר אנד גמבל,,מרכך כביסה לנור מרוכז פרחי בר 897 מל,מיליליטרים,897.00,"100 מ""ל",false,12,16.90,1.8841,true,1,345487
8006540566701,false,גל כביסה אריאל כתמים,פרוקטר אנד גמבל,FR,גל כביסה אריאל כתמים קשים 1.925ליטר,מיליליטרים,1925.00,"100 מ""ל",false,4,34.90,1.8130,true,1,346496
8006837000918,false,לחם בריוש לבן 550 גר,,IT,לחם בריוש לבן 550 גרם מורטו,גרמים,550.00,100 גרם,false,9,18.90,3.4364,true,1,336899
8006837002738,false,לחמניות ארוכות 250גר,,IT,לחמניות ארוכות 250גרם מורטו,גרמים,250.00,100 גרם,false,10,16.90,6.7600,true,1,336903
8006837003353,false,לחם מורטו עדשים אדומ,,IT,לחם מורטו עדשים אדומות ושעועית שחור380גר,גרמים,380.00,100 גרם,false,10,17.90,4.7105,true,1,343902
8007063121019,false,יין לבן קורבו 750 מל,איטליה דוקה די סלפרו,,יין לבן קורבו 750 מל פקדון,מיליליטרים,750.00,"100 מ""ל",false,1,60.00,8.0000,true,1,241259
8007116011106,false,יין לאונרדו קיאנטי 7,איטליה לאונרדו דה וי,,יין לאונרדו דה וינצי קיאנטי 750 מל פקדון,מיליליטרים,750.00,"100 מ""ל",false,1,45.00,6.0000,true,1,229438
8007116021105,false,יין אדום קיאנטי לאונ,איטליה לאונרדו דה וי,,יין אדום קיאנטי לאונרדו ריזרב 750מל פקדו,מיליליטרים,750.00,"100 מ""ל",false,1,70.00,9.3333,true,1,241254
8007150901623,false,מארז שמן זרעי ענבים,,,מארז שמן זרעי ענבים 1 ל+500 מל,מיליליטרים,1500.00,"100 מ""ל",false,1,54.90,3.6600,true,1,318193
8007150907175,false,שמן אורז אולאיטליה 1,אולאיטליה,IT,שמן אורז אולאיטליה 1 לי,ליטרים,1.00,ליטר,false,9,36.90,36.9000,true,1,240763
8007270999012,false,שמן זרעי ענבים דורו,,,שמן זרעי ענבים דורו 1 ל נטורפוד,ליטרים,1.00,ליטר,false,1,29.90,29.9000,true,1,309611
8007880123302,false,יין פינו גריגיו פסקו,,,יין פינו גריגיו פסקווא 750 מל פקדון,מיליליטרים,750.00,"100 מ""ל",false,1,60.00,8.0000,true,1,319669
8007880123500,false,יין רוזה 11 מינוט פס,,,יין רוזה 11 מינוט פסקווא 750 מל,מיליליטרים,750.00,"100 מ""ל",false,,100.00,13.3333,true,1,333758
8007880123708,false,יין ספומנטה פסקווא ר,,,יין ספומנטה פסקווא רוזה 750 מל,מיליליטרים,750.00,"100 מ""ל",false,1,65.00,8.6667,true,1,328267
8007880139006,false,יין פרימיטיבו די פול,,IT,יין פרימיטיבו די פוליה 750 מל,מיליליטרים,750.00,"100 מ""ל",false,12,60.00,8.0000,true,1,323842
8007880140101,false,יין פסימנטו לבן 750,פסקווא,,יין פסימנטו לבן 750 מל,מיליליטרים,750.00,"100 מ""ל",false,1,80.00,10.6667,true,1,312198
8007880140705,false,יין פאסימנטו רומאו ו,,,יין פאסימנטו רומאו וגולייט 750מל פקדון,מיליליטרים,75000.00,"100 מ""ל",false,1,80.00,0.1067,true,1,324402
8007880211009,false,יין מונטפולציאנו דיא,,,יין מונטפולציאנו דיאברוצו 750 מל,מיליליטרים,750.00,"100 מ""ל",false,1,60.00,8.0000,true,1,250358
8007880211405,false,יין סואבה פסקוואה 75,,,יין סואבה פסקוואה 750 מל פקדון,מיליליטרים,750.00,"100 מ""ל",false,1,60.00,8.0000,true,1,308391
8007880727807,false,יין ריפאסו ציצלה ברט,,,יין ריפאסו ציצלה ברטה 750 מל פיקדון,מיליליטרים,750.00,"100 מ""ל",false,1,110.00,14.6667,true,1,238232
8008090044012,false,ספירה 30 טבליות בקופ,,,ספירה 30 טבליות בקופסא,יחידה,30.00,יחידה,false,1,9.90,0.3300,true,1,322253
8008090604223,false,דוחה יתושים ספירה גר,זובלה,IT,דוחה יתושים ספירה גרין טבליות 30יח,יחידה,30.00,יחידה,false,24,12.90,0.4300,true,1,336923
8008245004847,false,ממרח מובנפיק אגוזי ל,,IT,ממרח מובנפיק אגוזי לוז וקקאו 300 גרם,גרמים,300.00,100 גרם,false,6,12.90,4.3000,true,1,335877
8008245004861,false,ממרח מובנפיק אגוזי ל,,IT,ממרח מובנפיק אגוזי לוז וחלב 300 גרם,גרמים,300.00,100 גרם,false,6,12.90,4.3000,true,1,335878
8008440222008,false,בירה פרוני נאסטרו אז,,,בירה פרוני נאסטרו אזורו 5.1% 330מל פקדון,מיליליטרים,330.00,"100 מ""ל",false,1,10.00,3.0303,true,1,235618
8008440249425,false,בירה אסהי 330מל בקבו,,,בירה אסהי 330מל בקבוק פקדון,מיליליטרים,330.00,"100 מ""ל",false,1,10.00,3.0303,true,1,328459
8008620009313,false,קרקר קריץ מלוח 250 ג,,IT,קרקר קריץ מלוח 250 גרם,גרמים,250.00,100 גרם,false,12,8.90,3.5600,true,1,336314
8008620009337,false,קרקר קריץ חיטה מלאה,,IT,קרקר אורגני חיטה מלאה 254 גר,גרמים,250.00,100 גרם,false,12,8.90,3.5600,true,1,320253
8008620063032,false,קרקר קריץ שמן זית רו,,IT,קרקר קריץ שמן זית רוזמרין 250 גרם,גרמים,250.00,100 גרם,false,12,9.90,3.9600,true,1,336315
8008620063049,false,קרקר קריץ דגנים ושומ,,IT,קרקר קריץ דגנים ושומשום 250 גרם,גרמים,250.00,100 גרם,false,12,9.90,3.9600,true,1,336316
8008660210014,false,מעדן פרי משמש 300 גר,MENZ & GASSER,,מעדן משמש ריבה 300 גרם,גרמים,300.00,100 גרם,false,1,16.90,5.6333,true,1,310436
8008660210021,false,מעדן פרי דובדבן 300,MENZ & GASSER,,מעדן דובדבן ריבה 300 גרם,גרמים,300.00,100 גרם,false,1,16.90,5.6333,true,1,310435
8008660210038,false,מעדן פרי תות שדה 300,MENZ & GASSER,,מעדן תות שדה ריבה 300 גרם,גרמים,300.00,100 גרם,false,1,16.90,5.6333,true,1,310438
8008660210045,false,מעדן פרי פירות יער 3,MENZ & GASSER,,מעדן פירות יער ריבה 300 גרם,גרמים,300.00,100 גרם,false,1,16.90,5.6333,true,1,310437
8008660210052,false,מעדן פרי תפוז 300 גר,MENZ & GASSER,,מעדן פרי תפוז 300 גרם,גרמים,300.00,100 גרם,false,1,16.90,5.6333,true,1,325248
8008660210069,false,מעדן פרי אפרסק פסיפל,MENZ & GASSER,,מעדן פרי אפרסק פסיפלורה 300 גרם,גרמים,300.00,100 גרם,false,1,16.90,5.6333,true,1,325249
8008698002025,false,בסיס לפיצה ללא גלוטן,"ד""ר שר ס.ר.ל",IT,בסיס לפיצה ללא גלוטן 300 גרם,גרמים,300.00,100 גרם,false,8,34.90,11.6333,true,1,320160
8008698002049,false,קרקרים עגולים 175 גר,"ד""ר שר ס.ר.ל",,קרקרים עגולים 175 גר ללא גלוטן,גרמים,175.00,100 גרם,false,1,22.90,13.0857,true,1,244151
8008698002100,false,גריסיני מקלות אפויים,"ד""ר שר ס.ר.ל",IT,גריסיני 150גר ללא גלוטן,גרמים,150.00,100 גרם,false,10,19.90,13.2667,true,1,234412
8008698002599,false,לחם הבית ללא גלוטן 2,,IT,לחם הבית ללא גלוטן 240 גר,גרמים,240.00,100 גרם,false,5,19.90,8.2917,true,1,343829
8008698002810,false,עוגה אישית ללא גלוטן,,,עוגה אישית ללא גלוטן 10יח 350גר שר,גרמים,350.00,100 גרם,false,1,28.90,8.2571,true,1,347584
8008698003152,false,לחמניות גבטה כפרית ל,,DE,לחמניות גבטה כפרית ללג 4 יח שר 250 גר,גרמים,250.00,100 גרם,false,6,22.90,9.1600,true,1,344184
8008698003503,false,קרקרים מלבניים 210גר,"ד""ר שר ס.ר.ל",,קרקרים מלבניים 210גר ללא גלוטן,גרמים,210.00,100 גרם,false,1,24.90,11.8571,true,1,244154
8008698003961,false,מקלות בציפוי שוקולד,,,מקלות בציפוי שוקולד 150גר ללא גלוטן שר,גרמים,150.00,100 גרם,false,1,18.90,12.6000,true,1,347583
8008698004548,false,ביסקויט מצופה שוקולד,"ד""ר שר ס.ר.ל",,ביסקויט מצופה שוקולד ל.ג.ם דר שר 150 גר,גרמים,150.00,100 גרם,false,1,20.00,13.3333,true,1,311237
8008698004630,false,עוגיות סנדוויץ במילו,"ד""ר שר ס.ר.ל",,עוגיות דבל שוקולד 250גר ללא גלוטן,גרמים,250.00,100 גרם,false,1,24.90,9.9600,true,1,244155
8008698004807,false,קמח לאפיה ללא גלוטן,"ד""ר שר ס.ר.ל",,קמח לאפיה ללא גלוטן דר שר 1 קג,קילוגרמים,1.00,"ק""ג",false,1,30.00,30.0000,true,1,234416
8008698004852,false,קמח מיקס למאפים דר ש,"ד""ר שר ס.ר.ל",,קמח מיקס למאפים דר שר 1 קג,קילוגרמים,1.00,"ק""ג",false,1,30.00,30.0000,true,1,254001
8008698005231,false,עוגיות שוקולד דר שר,,DE,עוגיות שוקולד דר שר 165 גר,גרמים,165.00,100 גרם,false,6,19.90,12.0606,true,1,332465
8008698005347,false,עוגיות מצופות שוקולד,,DE,עוגיות מצופות שוקולד ללא גלוטן,גרמים,150.00,100 גרם,false,6,15.90,10.6000,true,1,320172
8008698008157,false,עוגיות בטעם שוקולד ו,"ד""ר שר ס.ר.ל",,עוגיות דבל וניל 100 גר ללא גלוטן,גרמים,100.00,100 גרם,false,1,12.90,12.9000,true,1,244156
8008698010259,false,לחמניות גבטה ללא גךל,,DE,לחמניות גבטה ללא גךלוטן 4 יח שר 200 גר,גרמים,200.00,100 גרם,false,6,22.90,11.4500,true,1,344183
8008698010358,false,קמח מיקס לאפיה דר שר,"ד""ר שר ס.ר.ל",,קמח מיקס לאפיה דר שר 500 גרם,גרמים,500.00,100 גרם,false,1,16.90,3.3800,true,1,311235
8008698013021,false,עוגיות שוקוציפס פריכ,"ד""ר שר ס.ר.ל",,עוגיות שוקוציפס פריכות ל.ג. דר שר 100גר,גרמים,100.00,100 גרם,false,1,13.50,13.5000,true,1,311238
8008698024140,false,לחם ללא גלוטן 250 גר,,DE,לחם ללא גלוטן 250 גר פאן מולטי גראנו,גרמים,250.00,100 גרם,false,8,16.90,6.7600,true,1,325836
8008698024188,false,לחם ללא גלוטן 250 גר,,DE,לחם ללא גלוטן 250 גר פאן רוסטיקו,גרמים,250.00,100 גרם,false,8,16.90,6.7600,true,1,325834
8008698032084,false,עוגיות מיני חברים ל,,DE,עוגיות מיני ללא גלוטן 125 גר,מיליליטרים,125.00,"100 מ""ל",false,6,12.90,10.3200,true,1,343882
8008698054109,false,מילי גריס ממרח אגוזי,"ד""ר שר ס.ר.ל",IT,מילי גריס ממרח אגוזי לוז+מקלות ללג 52גר,Unknown,0.00,Unknown,false,12,11.90,0.0000,true,1,330650
8008743002536,false,מטבעות שוקולד ברשת 5,,,מטבעות שוקולד ברשת 50 גרם,Unknown,0.00,Unknown,false,1,4.90,0.0000,true,1,305657
8008743015611,false,שוקולד פרצופים ברשת,,,שוקולד פרצופים ברשת 100 גרם,גרמים,100.00,100 גרם,false,1,7.90,7.9000,true,1,347121
8008743015741,false,שוקולד זיטונים ברשת,,,שוקולד זיטונים ברשת 100 גרם,גרמים,100.00,100 גרם,false,1,7.90,7.9000,true,1,347120
8008743021155,false,בונבוניירה פרלין סוו,,,בונבוניירה פרלין סוויט מומנטס 500 גרם,גרמים,500.00,100 גרם,false,1,54.90,10.9800,true,1,243307
8008743023142,false,בונ.פרלין כחול כסף 3,,,בונ.פרלין כחול כסף 355 גר,גרמים,355.00,100 גרם,false,1,46.90,13.2113,true,1,328536
8008743030713,false,שוקולד כדורגל שוקו ב,,,שוקולד כדורגל שוקו ברשת 100 גרם,גרמים,100.00,100 גרם,false,1,7.90,7.9000,true,1,339468
8008743035633,false,שוקולד חיפושית ברשת,,,שוקולד חיפושית ברשת 100 גרם,גרמים,100.00,100 גרם,false,1,7.90,7.9000,true,1,305656
8008743036609,false,שוקולד מכוניות ברשת,GUNZ WARENHANDELS,,שוקולד מכוניות ברשת 100 גר,גרמים,100.00,100 גרם,false,1,7.90,7.9000,true,1,317155
8008743037897,false,שוקולד לבבות ממולא ב,GUNZ WARENHANDELS,,שוקולד לבבות ממולא ברשת 100 גר,גרמים,100.00,100 גרם,false,1,7.90,7.9000,true,1,339415
8008743037903,false,שוקולד שחקני כדורגל,,,שוקולד שחקני כדורגל ברשת 100 גרם,גרמים,100.00,100 גרם,false,1,7.90,7.9000,true,1,317157
8008743048695,false,שוקולד דובים ברשת 90,GUNZ WARENHANDELS,,שוקולד דובים ברשת 90 גר,Unknown,0.00,Unknown,false,1,7.90,0.0000,true,1,339416
8008743048824,false,פרלינים לייקה דובדבן,,IT,פרלינים לייקה דובדבן בליקר 90 גרם,Unknown,0.00,Unknown,false,14,7.90,0.0000,true,1,347251
8008857200194,false,ספגטי רגייה 500 גר,,IT,ספגטי רגייה 500 גר,גרמים,500.00,100 גרם,false,1,5.90,1.1800,true,1,249272
8008857200200,false,ספגטי רגייה דק 500 ג,,IT,ספגטי רגייה דק 500 גר,גרמים,500.00,100 גרם,false,1,5.90,1.1800,true,1,249273
8008857300238,false,פסטה רגייה גליל 500,,IT,פסטה רגייה גליל 500 גר,גרמים,500.00,100 גרם,false,1,5.90,1.1800,true,1,249278
8008857300344,false,פסטה רגייה צינור 500,,IT,פסטה רגייה צינור 500 גר,גרמים,500.00,100 גרם,false,1,5.90,1.1800,true,1,249274
8008857300481,false,פסטה רגייה בורג 500,,IT,פסטה בורג רגייה 500 גר,גרמים,500.00,100 גרם,false,1,5.90,1.1800,true,1,249276
8008857300580,false,פסטה רגייה סהרון 500,,IT,פסטה רגייה סהרון 500 גר,גרמים,500.00,100 גרם,false,1,5.90,1.1800,true,1,249280
8008857300603,false,פסטה רגייה קונכיות 5,,IT,פסטה רגייה קונכיות 500 גר,גרמים,500.00,100 גרם,false,1,5.90,1.1800,true,1,249281
8008857300634,false,פסטה רגייה תלתל 500,,IT,פסטה רגייה תלתל 500 גר,גרמים,500.00,100 גרם,false,1,5.90,1.1800,true,1,249283
8008857300641,false,פסטה רגייה כובע 500,,,פסטה צדף רגייה 500 גר,גרמים,500.00,100 גרם,false,1,5.90,1.1800,true,1,327873
8008857300771,false,אטריות למרק רגייה 50,,,אטריות למרק רגייה 500 גר,גרמים,500.00,100 גרם,false,1,5.90,1.1800,true,1,249275
8008857704487,false,פסטה רגייה פוזילי חי,,IT,פסטה רגייה פוזילי חיטה מלאה 500 גרם,גרמים,500.00,100 גרם,false,20,6.90,1.3800,true,1,346299
8008900001075,false,יין לבן שרדונה צלו,,,צילו שרדונה 750 מל פקדון,מיליליטרים,750.00,"100 מ""ל",false,1,35.00,4.6667,true,1,323483
8008900001280,false,יין ביו ביו שרדונה 7,אי טרה אס פי,IT,יין ביו ביו שרדונה 750 מל,מיליליטרים,750.00,"100 מ""ל",false,6,45.00,6.0000,true,1,326896
8008900001297,false,יין ביו ביו מרלו 750,אי טרה אס פי,IT,יין ביו ביו מרלו 750 מל,מיליליטרים,750.00,"100 מ""ל",false,6,45.00,6.0000,true,1,326895
8008900002188,false,יין צילו פינו גריגיו,סיאלו אי טרה,,יין צילו פינו גריגיו 750 מל פקדון,מיליליטרים,750.00,"100 מ""ל",false,1,35.00,4.6667,true,1,322984
8008900006186,false,יין צילו פינו נואר 7,סיאלו אי טרה,,יין צילו אדום יבש פינו נואר 750 מל,מיליליטרים,750.00,"100 מ""ל",false,1,35.00,4.6667,true,1,317692
8008900006797,false,יין צלו מאסטרו פרימי,,,יין צלו מאסטרו פרימיטיבו פוליה 750 מל,מיליליטרים,750.00,"100 מ""ל",false,6,45.00,6.0000,true,1,337334
8008900007763,false,יין צלו אפסיונמנטה ו,,IT,יין צךו אפסיונמנטה ונטו 750 מל,מיליליטרים,750.00,"100 מ""ל",false,6,65.00,8.6667,true,1,337332
8008900009613,false,יין פאסיה טוסקנה רוס,,,יין פאסיה טוסקנה רוסו 750 מל,מיליליטרים,750.00,"100 מ""ל",false,12,60.00,8.0000,true,1,337333
8008900009811,false,יין צלו אפסיונמנטה ו,,IT,יין צלו אפסיונמנטה ונטו מארז 6 יח 750 מ,מיליליטרים,750.00,"100 מ""ל",false,6,350.00,46.6667,true,1,337477
8008912010270,false,פסטה ליגורי קסרצה500,פסטיפיציו,IT,פסטה ליגורי קסרצה 500 גרם,גרמים,500.00,100 גרם,false,1,8.90,1.7800,true,1,344070
8008912010300,false,פסטה ליגורי פרפלה 50,,,פסטה ליגורי פרפלה 500 גרם,גרמים,500.00,100 גרם,false,1,8.90,1.7800,true,1,338302
8008912010317,false,פסטה ליגורי פוזילי 5,פסטיפיציו,IT,פסטה ליגורי פוזילי 500 גרם,גרמים,500.00,100 גרם,false,1,8.90,1.7800,true,1,338303
8008912010331,false,פסטה ליגורי ניוקטי ס,פסטיפיציו,IT,פסטה ליגורי ניוקטי סרי קונכיות 500 גרם,גרמים,500.00,100 גרם,false,1,8.90,1.7800,true,1,344069
8008912010423,false,פסטה ליגורי פנה ריגט,פסטיפיציו,IT,פסטה ליגורי פנה ריגטה 500 גרם,גרמים,500.00,100 גרם,false,1,8.90,1.7800,true,1,338304
8008920114069,false,יין וילה גובאני מוסק,,,יין וילה גובאני מוסקטו מבעבע 750 מל פקדו,מיליליטרים,750.00,"100 מ""ל",false,1,45.00,6.0000,true,1,240413
8008920150104,false,יין למברוסקו אדום אמ,,,יין למברוסקו אדום אמראדורי 750 מל פיקדון,מיליליטרים,750.00,"100 מ""ל",false,1,25.00,3.3333,true,1,238032
8008920150128,false,יין למברוסקו לבן אמר,,,יין למברוסקו לבן אמראדורי 750 מל פיקדון,מיליליטרים,750.00,"100 מ""ל",false,1,25.00,3.3333,true,1,238033
8008990000040,false,מטאטא פרקטיקה,טונקיטה,,מטאטא פרקטיקה,יחידה,1.00,יחידה,false,1,22.90,22.9000,true,1,306782
8008990000101,false,מטאטא אראה,טונקיטה,IT,מטאטא אראה,יחידה,1.00,יחידה,false,6,27.90,27.9000,true,1,306510
8008990000262,false,ערכה ללכידת אבק עם,אריקס,IT,ערכה ללכידת אבק עם 10 מטליות למילוי,Unknown,0.00,Unknown,false,6,59.90,0.0000,true,1,338054
8008990000293,false,מטליות ללכידת אבק 20,אריקס,IT,מטליות ללכידת אבק 20יח טונקיטה,יחידה,20.00,יחידה,false,12,24.90,1.2450,true,1,338055
8008990000514,false,כף אשפה + מברשת,טונקיטה,,כף אשפה + מברשת,יחידה,1.00,יחידה,false,1,14.90,14.9000,true,1,306513
8008990000750,false,מברשת לניקוי אסלות,טונקיטה,IT,מברשת לניקוי אסלות,יחידה,1.00,יחידה,false,12,10.00,10.0000,true,1,306533
8008990002167,false,יעם עם מקל מתכת ארוך,טונקיטה,IT,יעם עם מקל מתכת ארוך טי איי 216 טונקיטה,יחידה,1.00,יחידה,false,12,19.90,19.9000,true,1,306543
8008990005809,false,מגב ניקוי להסרת מים,אריקס,IT,מגב ניקוי להסרת מים מזכוכית/אריחים 26סמ,יחידה,1.00,יחידה,false,12,15.90,15.9000,true,1,329783
8008990006714,false,מטאטא טונקיטה קשה אק,אריקס,IT,מטאטא טונקיטה קשה אקולוגי+מקל,יחידה,1.00,יחידה,false,6,29.90,29.9000,true,1,315794
8008990006721,false,מטאטא טונקיטה חיצוני,אריקס,IT,מטאטא טונקיטה חיצוני אקולוגי+מקל,יחידה,1.00,יחידה,false,6,34.90,34.9000,true,1,315795
8008990008923,false,דלי אובלי 13 ליטר,טונקיטה,IT,דלי אובלי 13 ליטר,יחידה,1.00,יחידה,false,12,19.90,19.9000,true,1,306542
8008990009234,false,ספוג מופ טי קיי 923,טונקיטה,IT,ספוג מופ טי קיי 923 טונקיטה,יחידה,1.00,יחידה,false,6,29.90,29.9000,true,1,306541
8008990065100,false,מטאטא קשה לקרצוף פרק,טונקיטה,IT,מטאטא קשה לקרצוף פרקטיקו,יחידה,1.00,יחידה,false,6,24.90,24.9000,true,1,306512
8009621006073,false,ניוקי תפוא וינצי 500,,,ניוקי תפוא וינצי 500 גר,גרמים,500.00,100 גרם,false,1,10.90,2.1800,true,1,235762
8009621006172,false,ניוקי תפוא מיני וינצ,,,ניוקי תפוא מיני וינצי 500 גר,גרמים,500.00,100 גרם,false,1,10.90,2.1800,true,1,253837
8009720636553,false,יין ביאנקו בורגו לבן,B.C.A 1875 BAGLIO CU,,יין ביאנקו בורגו לבן 750 מל,מיליליטרים,750.00,"100 מ""ל",false,1,45.00,6.0000,true,1,253971
8009915000039,false,פסטה קפליני מקמח תיר,,,פסטה קפליני מקמח תירס ל.ג.250גר,גרמים,250.00,100 גרם,false,1,12.90,5.1600,true,1,239332
8009915000282,false,פסטה פטוציני מקמח תי,,,פסטה פטוציני מקמח תירס ל.ג250גר,גרמים,250.00,100 גרם,false,1,12.90,5.1600,true,1,239333
8009915000367,false,פסטה אנלוני ללא גלוט,,,פסטה אנלוני ללא גלוטן 250 גר,גרמים,250.00,100 גרם,false,1,12.90,5.1600,true,1,253989
8009915000374,false,פסטה דיטאליני ללא גל,,,פסטה דיטאליני ללא גלוטן 250 גר,גרמים,250.00,100 גרם,false,1,12.90,5.1600,true,1,253988
8009915001340,false,פסטה אליקה מקמח תירס,,,פסטה אליקה מקמח תירס ל.ג.250גר,גרמים,250.00,100 גרם,false,1,12.90,5.1600,true,1,239336
8010721999929,false,גבינה קשה פקורינו רו,,,גבינה קשה פקורינו רומאנו 200 גר,גרמים,200.00,100 גרם,false,10,37.90,18.9500,true,1,330744
8011033011279,false,קוסקוס אמיתי 1 קג מר,אמירה,,קוסקוס אמיתי 1 קג מרקש,קילוגרמים,1.00,"ק""ג",false,1,15.90,15.9000,true,1,244675
8012169001011,false,אטריות טאגליאריני בי,,IT,אטריות טאגליאריני ביצים 500גרם,גרמים,500.00,100 גרם,false,12,14.90,2.9800,true,1,337677
8012169001042,false,אטריות פטוציני ביצים,,IT,אטריות פטוציני ביצים 500גרם,גרמים,500.00,100 גרם,false,12,14.90,2.9800,true,1,337676
8012824000991,false,מתקן לייבוש כביסה פל,,,מתקן לייבוש כביסה פלסטיק,Unknown,0.00,Unknown,false,1,139.00,0.0000,true,1,252793
8012901009367,false,קינוח טראפלס 100גר ס,סולו,IT,קינוח טראפלס 100גר סולו איטליה,גרמים,100.00,100 גרם,false,8,6.90,6.9000,true,1,324276
8012901009374,false,קינוח לימונצלו 90 גר,סולו,IT,קינוח לימונצלו 90 גר סולו איטליה,Unknown,0.00,Unknown,false,8,6.90,0.0000,true,1,324277
8012901012800,false,קינוח טירמיסו 90גרם,סולו,IT,קינוח טירמיסו 90גרם סולו איטליה,Unknown,0.00,Unknown,false,8,6.90,0.0000,true,1,337613
8013108003509,false,בונבוניירה קורנט מיק,,,בונבוניירה קורנט מיקס שוקולד 165 גרם,גרמים,165.00,100 גרם,false,1,29.90,18.1212,true,1,335265
8013108003523,false,בונבוניירה קורנט אגו,,,בונבוניירה קורנט אגוזי פיימונטה 165 גרם,גרמים,165.00,100 גרם,false,1,29.90,18.1212,true,1,335264
8013108003530,false,בונבוניירה קורנט קרמ,,,בונבוניירה קורנט קרמיני 165 גרם קפרל,גרמים,165.00,100 גרם,false,1,29.90,18.1212,true,1,335262
8013108003547,false,בונבוניירה קורנט נוצ,,,בונבוניירה קורנט נוציולאטו 165 גרם קפרל,גרמים,165.00,100 גרם,false,1,29.90,18.1212,true,1,335263
8013399145315,false,סוכ.דיטורל תות רך 70,,,סוכ.דיטורל תות רך 70 גר סטיביה,Unknown,0.00,Unknown,false,1,8.90,0.0000,true,1,248764
8013399145360,false,סוכ.דיטורל תות יער ר,,,סוכ.דיטורל תות יעררך 70 גר סטיביה,Unknown,0.00,Unknown,false,1,8.90,0.0000,true,1,248767
8014207001106,false,אטריות מוסקוני טליאט,,IT,אטריות מוסקוני טליאטלה 250 גרם עבודת יד,גרמים,250.00,100 גרם,false,12,14.90,5.9600,true,1,347215
8014207001205,false,אטריות מוסקוני פטוצי,,IT,אטריות מוסקוני פטוציני 250 גרם עבודת יד,גרמים,250.00,100 גרם,false,12,14.90,5.9600,true,1,347212
8014207001304,false,אטריות מוסקוני פפרדל,,IT,אטריות מוסקוני פפרדלה 250 גרם עבודת יד,גרמים,250.00,100 גרם,false,12,14.90,5.9600,true,1,347214
8014207001502,false,אטריות מוסקוני טליול,,IT,אטריות מוסקוני טליוליני 250 גרם עבודת יד,גרמים,250.00,100 גרם,false,12,14.90,5.9600,true,1,347216
8014207001601,false,פסטה מוסקוני תרד 250,,IT,פסטה מוסקוני תרד 250 גרם עבודת יד,גרמים,250.00,100 גרם,false,12,14.90,5.9600,true,1,347213
8014601011565,false,קמח קונדיטוריה קאפוט,קאפוטו,IT,קמח קונדיטוריה קאפוטו 1 קג,קילוגרמים,1.00,"ק""ג",false,10,12.90,12.9000,true,1,336435
8014601026354,false,קמח פיצה שף קאפוטו א,קאפוטו,IT,קמח פיצה שף קאפוטו אדום 1 קג,קילוגרמים,1.00,"ק""ג",false,10,13.90,13.9000,true,1,336433
8014601028747,false,קמח אקסטרא קאפוטו לכ,קאפוטו,IT,קמח אקסטרא קאפוטו לכל מטרה כחול 1 קג,קילוגרמים,1.00,"ק""ג",false,10,11.90,11.9000,true,1,336434
8014601999870,false,סמולינה קאפוטו בטחינ,קאפוטו,IT,סמולינה קאפוטו טחינה כפולה צהוב 1 קג,קילוגרמים,1.00,"ק""ג",false,10,13.90,13.9000,true,1,336418
8015565030241,false,קרקר לאוריירי טעם מל,,IT,קרקר לאוריירי טעם מלוח 175גרם,גרמים,175.00,100 גרם,false,15,10.90,6.2286,true,1,347781
8015565030258,false,קרקר לאוריירי טעם פי,,IT,קרקר לאוריירי טעם פיצה 175גרם,גרמים,175.00,100 גרם,false,15,10.90,6.2286,true,1,347779
8015565030654,false,קרקר לאוריירי טעם פט,,IT,קרקר לאוריירי טעם פטריו כמהין175גרם,גרמים,175.00,100 גרם,false,15,10.90,6.2286,true,1,347778
8015565030906,false,צנימים לאוריירי טעם,,IT,צנימים לאוריירי טעם פסטו 150גרם,גרמים,150.00,100 גרם,false,15,10.90,7.2667,true,1,347782
8015822000178,false,יין אדום פלצו דלה טו,איטליה אלגריני (Cort,,יין אדום פלצו דלה טורה 750מל פקדון,מיליליטרים,750.00,"100 מ""ל",false,1,110.00,14.6667,true,1,241516
8015822010115,false,יין אדום ריפאסו קורט,איטליה אלגריני (Cort,,יין אדום ריפאסו קורטגיארה 750מל פקדון,מיליליטרים,750.00,"100 מ""ל",false,1,70.00,9.3333,true,1,241257
8015822010184,false,יין לבן סואבה אלגרינ,איטליה אלגריני (Cort,,יין אדום סואבה אלגריני 750 מל פקדון,מיליליטרים,750.00,"100 מ""ל",false,1,65.00,8.6667,true,1,241452
8015822010474,false,יין אדום ולפוליצלה ס,איטליה אלגריני (Cort,,יין אדום ולפוליצלה סופריורה 750מל פקדון,מיליליטרים,750.00,"100 מ""ל",false,1,70.00,9.3333,true,1,241256
8015997000607,false,בישקוטים פריכים מארי,biscanova SRL,,בישקוטים פריכים מאריני 200 גר,גרמים,200.00,100 גרם,false,1,6.90,3.4500,true,1,327762
8015997000911,false,בישקוטים פריכים מארי,biscanova SRL,,בישקוטים פריכים מאריני 200 גר,גרמים,200.00,100 גרם,false,1,6.90,3.4500,true,1,318957
8016001000019,false,יין אדום ברולו פרונו,איטליה אנטינורי,,יין אדום ברולו פרונוטו 750מל פקדון,מיליליטרים,750.00,"100 מ""ל",false,1,190.00,25.3333,true,1,241248
8016001000040,false,יין אדום ברברה דאסטי,איטליה אנטינורי,,יין אדום ברברה דאסטי פיולוט 750מל פקדון,מיליליטרים,750.00,"100 מ""ל",false,1,60.00,8.0000,true,1,241250
8016001000101,false,יין מוסקטו דאסטי פרו,איטליה אנטינורי,,יין מוסקטו דאסטי 750 מל פיקדון,מיליליטרים,750.00,"100 מ""ל",false,1,65.00,8.6667,true,1,236295
8016001000187,false,יין אדום נביולו אוקט,איטליה אנטינורי,,יין אדום נביולו אוקטי פרונוטו 750 מל פקד,מיליליטרים,750.00,"100 מ""ל",false,1,100.00,13.3333,true,1,241247
8016608003437,false,יין קיאנטי לוגיה דל,איטליה לה קיאנטי ג'י,,יין קיאנטי לוגיה דל סול 750מל פקדון,מיליליטרים,750.00,"100 מ""ל",false,1,40.00,5.3333,true,1,242411
8016867002646,false,מגן תחתון ארוך 24יח,CORMAN,,מגן תחתון ארוך 24יח באריזה כותנה אורגנית,יחידה,24.00,יחידה,false,1,22.90,0.9542,true,1,252512
8016867007030,false,פדיות קוסמטיות 70יח,,,פדיות קוסמטיות 70יח לאיפור אורגניקזון,יחידה,70.00,יחידה,false,1,14.90,0.2129,true,1,245915
8016867008945,false,מגן תחתון 24יח באריז,CORMAN,,מגן תחתון 24יח באריזה כותנה אורגנית,יחידה,24.00,יחידה,false,1,22.90,0.9542,true,1,245907
8016867008969,false,טמפונים עם מוליך סופ,COTTON HITEC,,טמפונים עם מוליך סופר 14יח אורגניק זון,יחידה,14.00,יחידה,false,1,32.90,2.3500,true,1,245911
8016867008976,false,טמפונים עם מוליך רגו,COTTON HITEC,,טמפונים עם מוליך רגולר 16יח אורגניק זון,יחידה,16.00,יחידה,false,1,32.90,2.0562,true,1,245910
8016867009904,false,טמפונים ללא מוליך סו,ONTEX,,טמפונים ללא מוליך סופר+ 16יח אורגניק זון,יחידה,16.00,יחידה,false,1,31.90,1.9937,true,1,327432
8016867009911,false,טמפונים ללא מוליך סו,ONTEX,,טמפונים ללא מוליך סופר 16יח אורגניק זון,יחידה,16.00,יחידה,false,1,31.90,1.9937,true,1,245909
8016867009928,false,טמפונים ללא מוליך רג,ONTEX,,טמפונים ללא מוליך רגולר 16יח אורגניק זון,יחידה,16.00,יחידה,false,1,31.90,1.9937,true,1,245908
8016867009935,false,תחבושות דקות לזרימה,CORMAN,,תחבושות דקות לזרימה מוגברת10יח אורגניקזו,יחידה,10.00,יחידה,false,1,31.90,3.1900,true,1,245913
8016867009942,false,תחבושות דקות לזרימה,CORMAN,,תחבושות דקות לזרימה רגילה 10יח אורגניקזו,יחידה,10.00,יחידה,false,1,31.90,3.1900,true,1,245912
8016867009959,false,מגן תחתון 24יח אריזה,CORMAN,,מגן תחתון 24יח אריזה אישית כותנה אורגנית,יחידה,24.00,יחידה,false,1,20.00,0.8333,true,1,333352
8016867012584,false,תחבושת עבה עם כנפיים,CORMAN,,תחבושת עבה עם כנפיים לספיגה מוגברת 10יח,יחידה,10.00,יחידה,false,12,34.90,3.4900,true,1,337917
8017070766530,false,קרקר דק קאזה מילו רו,,IT,קרקר דק קאזה מילו רוזמרין 150 גרם,גרמים,150.00,100 גרם,false,12,10.90,7.2667,true,1,346292
8017070766554,false,קרקר דק קאזה מילו קל,,IT,קרקר דק קאזה מילו קלאסי 150 גרם,גרמים,150.00,100 גרם,false,12,10.90,7.2667,true,1,346290
8017070766578,false,קרקר דק קאזה מילו עג,,IT,קרקר דק קאזה מילו עגבניות אורגנו 150 גרם,גרמים,150.00,100 גרם,false,12,10.90,7.2667,true,1,346291
8017070766615,false,קרקר דק קאזה מילו זר,,IT,קרקר דק קאזה מילו זרעי ציה 150 גרם,גרמים,150.00,100 גרם,false,12,10.90,7.2667,true,1,346293
8017365004699,false,סט 4יח מהדקי מפה ניר,לי מרקט,,סט 4יח מהדקי מפה נירוסטה.,יחידה,4.00,יחידה,false,1,9.90,2.4750,true,1,332536
8017494062034,false,יין וילה סנדי פרוסקו,וילה סנדי,IT,יין וילה סנדי פרוסקו 750 מל פקדון,מיליליטרים,750.00,"100 מ""ל",false,6,60.00,8.0000,true,1,326960
8017494077038,false,יין וילה סנדי מוסקטו,,,יין וילה סנדי מוסקטו דולצה 750 מל פיקדון,מיליליטרים,750.00,"100 מ""ל",false,1,45.00,6.0000,true,1,237019
8017494738014,false,יין וילה סאנדי פרוסק,,,יין וילה סאנדי פרוסקו רוזה ברוט 750 מל,מיליליטרים,750.00,"100 מ""ל",false,1,60.00,8.0000,true,1,343261
8017704000924,false,יין ברולו אנריקו קור,איטליה קורדרו די מונ,,יין ברולו אנריקו קורדרו די מונטזמולו 750,מיליליטרים,750.00,"100 מ""ל",false,1,355.00,47.3333,true,1,245183
8017704000986,false,יין ברברה פונטאני קו,איטליה קורדרו די מונ,,יין ברברה פונטאני קורדו די מונטזמולו 750,מיליליטרים,750.00,"100 מ""ל",false,1,170.00,22.6667,true,1,245181
8017746286539,false,יין קיאנטי פוגיו סו,פוגיו אל טאזורו,,יין קיאנטי פוגיו סו וינצי 750 מל,מיליליטרים,750.00,"100 מ""ל",false,1,60.00,8.0000,true,1,319876
8017938005122,false,חומץ תפוחים אורגני ב,ביוטרנטינו,IT,חומץ תפוחים אורגני ביוטרנטינו 750מל,מיליליטרים,750.00,"100 מ""ל",false,12,20.00,2.6667,true,1,309696
8019428000013,false,משקה אורז אורגני 1 ל,,,משקה אורז אורגני 1 ל,ליטרים,1.00,ליטר,false,1,12.90,12.9000,true,1,255974
8019428000099,false,משקה אורז שקדים אורג,,,משקה אורז שקדים אורגני 1 ל,ליטרים,1.00,ליטר,false,1,12.90,12.9000,true,1,255975
8019428000105,false,משקה שיבולת שועל 1לי,,,משקה שיבולת שועל 1ליטר,ליטרים,1.00,ליטר,false,1,12.90,12.9000,true,1,321338
8019428007005,false,משקה סויה אורגני 1 ל,,,משקה סויה אורגני 1 ל,ליטרים,1.00,ליטר,false,1,12.90,12.9000,true,1,255976
8019428007111,false,משקה שקדים אמנדה אור,THE BRIDGE,,משקה שקדים אמנדה אורגני 1 ל,ליטרים,1.00,ליטר,false,1,19.90,19.9000,true,1,305917
8019428007357,false,משקה אגוז ברזיל 1 לי,דה ברידג,,משקה אגוז ברזיל 1 ליטר קרטון,ליטרים,1.00,ליטר,false,1,15.90,15.9000,true,1,323412
8019428007364,false,משקה קוקוס 1ליטר קרט,דה ברידג,,משקה קוקוס 1ליטר קרטון,ליטרים,1.00,ליטר,false,1,14.90,14.9000,true,1,323446
8019428009078,false,מעדן אורז אורגני וני,,,מעדן אורז אורגני וניל 130 גר זוג,יחידה,130.00,יחידה,false,6,10.90,0.0838,true,1,344871
8019428009085,false,מעדן אורז אורגני שוק,,,מעדן אורז אורגני שוקולד 130 גר זוג,יחידה,130.00,יחידה,false,6,10.90,0.0838,true,1,344870
8019428009108,false,מעדן שיבולת שועל וני,,,מעדן שיבולת שועל וניל אורגני 130גר זוג,יחידה,130.00,יחידה,false,6,10.90,0.0838,true,1,344873
8019428009122,false,מעדן שיבולת שועל שוק,,,מעדן שיבולת שועל אורגני 130 גר זוג,יחידה,130.00,יחידה,false,6,10.90,0.0838,true,1,344872
8019787003311,false,יין סגרנטינו 25 שנה,איטליה ארנלדו קאפראי,,יין סגרנטינו 25 שנה ארנלדו קאפראי 750מל,מיליליטרים,750.00,"100 מ""ל",false,1,395.00,52.6667,true,1,243852
8021423011499,false,רבעי ארטישוק על הגרי,,,רבעי ארטישוק על הגריל 510 גר,גרמים,510.00,100 גרם,false,1,30.00,5.8824,true,1,253831
8021904003111,false,יין גראן אפאסי אפסיט,,,יין גראן אפאסי אפסיטה 750 מל,מיליליטרים,750.00,"100 מ""ל",false,1,60.00,8.0000,true,1,343265
8021904060114,false,יין גראן אפאסי פרימי,,,יין גראן אפאסי פרימיטיבו 750 מל,מיליליטרים,750.00,"100 מ""ל",false,1,110.00,14.6667,true,1,343267
8022470213386,false,דרגה פריסקו שקד חלב,,IT,סוכ.דרגה שקד חלב 500 גר מקס,גרמים,500.00,100 גרם,false,12,35.90,7.1800,true,1,335270
8022470213393,false,דרגה פריסקו שקד מריר,,IT,סוכ.דרגה שקד מריר 500 גר מקס,גרמים,500.00,100 גרם,false,12,35.90,7.1800,true,1,335271
8022470213478,false,דרגה פריסקו דובדבן ח,,IT,סוכ.דרגה דובדבן חלב 500גר מקס,גרמים,500.00,100 גרם,false,10,35.90,7.1800,true,1,335274
8022470226362,false,דרגה פריסקו קשיו שוק,,IT,דרגה פריסקו קשיו שוקולד חלב 500 גרם,גרמים,500.00,100 גרם,false,12,35.90,7.1800,true,1,335276
8022470253580,false,סוכריות פארטי אנד גו,,IT,סוכריות פארטי אנד גו עדשים דגים 250 גרם,גרמים,250.00,100 גרם,false,10,14.90,5.9600,true,1,336916
8022691000048,false,יין איקארדי קורטזה פ,,,יין איקארדי קורטזה פיאמונטה 750 מל,מיליליטרים,750.00,"100 מ""ל",false,1,65.00,8.6667,true,1,323093
8023114311512,false,יין ווראזנו רוסו טוס,,FR,יין ווראזנו רוסו טוסקנה 750 מל,מיליליטרים,750.00,"100 מ""ל",false,6,60.00,8.0000,true,1,323822
8023114311710,false,יין ווראזנו רוסו טוס,,FR,יין ווראזנו רוסו טוסקנה 750 מל,מיליליטרים,750.00,"100 מ""ל",false,6,60.00,8.0000,true,1,331552
8023354024418,false,יין טראמארי רוזה 750,סאן מרזאנו,IT,יין טראמארי רוזה 750 מל,מיליליטרים,750.00,"100 מ""ל",false,6,60.00,8.0000,true,1,329705
8023354040111,false,יין נגרואמארו איל פו,,,יין נגרואמארו איל פומו 750 מל,מיליליטרים,750.00,"100 מ""ל",false,1,45.00,6.0000,true,1,321756
8023354060911,false,יין פרימיטיבו איל פו,,,יין פרימיטיבו איל פומו 750 מל,מיליליטרים,750.00,"100 מ""ל",false,1,45.00,6.0000,true,1,343707
8023354131918,false,יין פרימיטיבו די מנד,סאן מרזאנו,IT,יין פרימיטיבו די מנדוריה טאלו 750 מל,מיליליטרים,750.00,"100 מ""ל",false,6,65.00,8.6667,true,1,329708
8023492000091,false,שוקולד גיאנדויה חלב,די.גי 3 דולצאריה ס.ר,IT,שוקולד גיאנדויה חלב אגוז 150 גרם,גרמים,150.00,100 גרם,false,24,15.90,10.6000,true,1,311363
8023492000237,false,טורונה גיאנדויה שקד,די.גי 3 דולצאריה ס.ר,IT,טורונה גיאנדויה שקד ופיסטוק 150 גרם,גרמים,150.00,100 גרם,false,24,15.90,10.6000,true,1,336913
8023492000336,false,שוקולד גיאנדויה מריר,די.גי 3 דולצאריה ס.ר,IT,שוקולד גיאנדויה מריר אגוז 150 גרם,גרמים,150.00,100 גרם,false,24,15.90,10.6000,true,1,311364
8023492004334,false,טורונה גיאנדויה שקדי,די.גי 3 דולצאריה ס.ר,IT,טורונה גיאנדויה שקדים 150 גרם,גרמים,150.00,100 גרם,false,24,15.90,10.6000,true,1,338971
8023492004341,false,שוקולד גיאנדויה פיסט,די.גי 3 דולצאריה ס.ר,IT,שוקולד גיאנדויה פיסטוק ושקדים 150 גרם,גרמים,150.00,100 גרם,false,24,15.90,10.6000,true,1,338540
8023678161363,false,משקה שיבולת שועל אור,,,משקה שיבולת שועל אורגני 1 ליטר איזולה לי,ליטרים,1.00,ליטר,false,1,12.90,12.9000,true,1,318130
8023678161387,false,משקה סויה אורגני 1 ל,,,משקה סויה אורגני 1 ליטר איזולה ליב,ליטרים,1.00,ליטר,false,1,11.90,11.9000,true,1,242087
8023678162360,false,משקה שקדים טבעי אורג,,,משקה שקדים טבעי אורגני איזולה 1 ל,ליטרים,1.00,ליטר,false,1,14.90,14.9000,true,1,318131
8023678162575,false,משקה אורז מלא אורגני,,,משקה אורז מלא אורגני איזולה 1 ליטר,ליטרים,1.00,ליטר,false,1,12.90,12.9000,true,1,318133
8023678164517,false,משקה שקדים ללס אורגנ,,IT,משקה שקדים ללס אורגני איזולה 1 לי,ליטרים,1.00,ליטר,false,1,14.90,14.9000,true,1,335966
8023678728290,false,משקה סויה בריסטה אור,,IT,משקה סויה בריסטה אורגני איזולה 1 לי,ליטרים,1.00,ליטר,false,1,12.90,12.9000,true,1,335965
8023678728832,false,משקה שבולת שועל בריס,,,משקה שבולת שועל בריסטה אורגני איזולה,ליטרים,1.00,ליטר,false,1,12.90,12.9000,true,1,335964
8023678729013,false,משקה אורז ללא סוכר 1,,,משקה אורז ללא סוכר 1ליטר איזולה,ליטרים,1.00,ליטר,false,1,12.90,12.9000,true,1,337773
8023678729112,false,משקה שיבולת שועל ללא,,,משקה שיבולת שועל ללא סוכר 1ליטר איזולה,ליטרים,1.00,ליטר,false,1,12.90,12.9000,true,1,337772
8024985000062,false,זוג מחית תפוח אורגני,נטורה נובה,,זוג מחית תפוח אורגנית 100% פרי 200 גרם,גרמים,200.00,100 גרם,false,1,9.90,4.9500,true,1,310193
8024985000079,false,זוג מחית משמש תפוח א,נטורה נובה,,זוג מחית משמש תפוח אורגנית100%פרי200 גרם,גרמים,200.00,100 גרם,false,1,9.90,4.9500,true,1,310194
8024985000086,false,זוג מחית בננה תפוח א,נטורה נובה,,זוג מחית בננה תפוח אורגנית100%פרי200 גרם,גרמים,200.00,100 גרם,false,1,9.90,4.9500,true,1,310195
8024985000093,false,זוג מחית שזיף תפוח א,נטורה נובה,,זוג מחית שזיף תפוח אורגנית100%פרי200 גרם,גרמים,200.00,100 גרם,false,1,9.90,4.9500,true,1,310198
8024985000109,false,זוג מחית אגס אורגנית,נטורה נובה,,זוג מחית אגס אורגנית100%פרי200 גרם,גרמים,200.00,100 גרם,false,1,9.90,4.9500,true,1,310196
8024985002783,false,מחית סמוזי פירות גזר,נטורה נובה,,מחית סמוזי פירות גזר דלעת 100 גר נובה,גרמים,100.00,100 גרם,false,1,5.90,5.9000,true,1,324236
8024985002912,false,מחית סמוזי תפוח אגס,נטורה נובה,IT,מחית סמוזי תפוח אגס בטטה 100 גר נובה,גרמים,100.00,100 גרם,false,18,5.90,5.9000,true,1,328051
8024985002943,false,מחית סמוזי תפוח אננס,נטורה נובה,IT,מחית סמוזי תפוח אננס קוקוס 100 גר,גרמים,100.00,100 גרם,false,18,5.90,5.9000,true,1,334149
8024985002950,false,מחית סמוזי שזיף אורג,נטורה נובה,IT,מחית סמוזי שזיף אורגני 100 גר,גרמים,100.00,100 גרם,false,18,5.90,5.9000,true,1,334148
8024985002967,false,מחית סמוזי בננה תרד1,נטורה נובה,IT,מחית סמוזי בננה תרד100 גר,גרמים,100.00,100 גרם,false,18,5.90,5.9000,true,1,334150
8024985003988,false,מחית סמוזי תפוח בננה,נטורה נובה,IT,מחית סמוזי תפוח בננה 100גר נטורה,גרמים,100.00,100 גרם,false,18,5.90,5.9000,true,1,317580
8024985004282,false,מחית סמוזי מיקס פירו,נטורה נובה,,מחית סמוזי מיקס פירות ל.ס 4 יח 100 גר,גרמים,400.00,100 גרם,false,1,19.90,4.9750,true,1,308919
8024985004299,false,מחית סמוזי אגס אורגנ,נטורה נובה,,מחית סמוזי אגס אורגני ל.ס.4יח100גר,גרמים,400.00,100 גרם,false,1,19.90,4.9750,true,1,308921
8024985004305,false,מחית סמוזי תפוח אורג,נטורה נובה,,מחית סמוזי תפוח אורגני ל.ס.4יח100גר,גרמים,400.00,100 גרם,false,1,19.90,4.9750,true,1,309732
8024985004695,false,מחית סמוזי בננה אורג,נטורה נובה,,מחית סמוזי בננה אורגני ל.ס.4יח100גר,גרמים,400.00,100 גרם,false,1,19.90,4.9750,true,1,308920
8024985005234,false,מחית סמוזי תפוח אפרס,נטורה נובה,IT,מחית סמוזי תפוח אפרסק מנגו 100גר נטורה,גרמים,100.00,100 גרם,false,18,5.90,5.9000,true,1,317579
8024985005296,false,מחית סמוזי נטורה נוב,נטורה נובה,IT,מחית סמוזי נטורה נובה קינואה120גר אורגני,גרמים,120.00,100 גרם,false,8,6.90,5.7500,true,1,317578
8024985006309,false,מחית סמוזי מנגו ל.ס,נטורה נובה,IT,מחית סמוזי מנגו ל.ס 4 יח 100 גר,גרמים,400.00,100 גרם,false,14,19.90,4.9750,true,1,328074
8024985006408,false,מחית סמוזי מנגו 90 ג,נטורה נובה,,מחית סמוזי מנגו 100 גר נובה,גרמים,90.00,100 גרם,false,1,5.90,6.5556,true,1,335722
8024985006415,false,מחית סמוזי בננה 90 ג,נטורה נובה,,מחית סמוזי בננה 90 גר נובה,גרמים,90.00,100 גרם,false,1,5.90,6.5556,true,1,335723
8024985008037,false,מחית סמוזי תפוח 100ג,נטורה נובה,IT,מחית סמוזי תפוח 100גר נטורה נובה,גרמים,100.00,100 גרם,false,18,5.90,5.9000,true,1,317582
8024985008044,false,מחית סמוזי אגס 100גר,נטורה נובה,IT,מחית סמוזי אגס 100גר נטורה נובה,גרמים,100.00,100 גרם,false,18,5.90,5.9000,true,1,317581
8024985008051,false,מחית סמוזי פירות אדו,נטורה נובה,IT,מחית סמוזי פירות אדומים 100גר נטורה נובה,גרמים,100.00,100 גרם,false,18,5.90,5.9000,true,1,317583
8026530000077,false,יין שרדונה פייטראביא,איטליה אנטינורי,,יין שרדונה פייטראביאנקה אנטינורי 750מל פ,מיליליטרים,750.00,"100 מ""ל",false,1,100.00,13.3333,true,1,242321
8026705101103,false,יין אמאנו אדום 750 מ,amano,,יין אמאנו אדום 750 מל,מיליליטרים,750.00,"100 מ""ל",false,1,60.00,8.0000,true,1,316724
8026705971119,false,יין א מאנו רוזה 750,א-מאנו,IT,יין א מאנו רוזה 750 מל,מיליליטרים,750.00,"100 מ""ל",false,6,60.00,8.0000,true,1,326460
8027264000029,false,יין לוגאנה לה קרטה א,איטליה אותלה,,יין לוגאנה לה קרטה אותלה 750מל פקדון,מיליליטרים,750.00,"100 מ""ל",false,1,90.00,12.0000,true,1,247344
8027264000043,false,יין גמיי אותלה 750מל,איטליה אותלה,,יין גמיי אותלה 750מל פקדון,מיליליטרים,750.00,"100 מ""ל",false,1,70.00,9.3333,true,1,247342
8028695004013,false,ארטישוק אלה רומנה בש,ITALCARCIOFI,,ארטישוק אלה רומנה בשמן 510 גרם,גרמים,510.00,100 גרם,false,1,34.90,6.8431,true,1,309258
8028695041919,false,זיתים ירוקים שלמים כ,ITALCARCIOFI,,זיתים ירוקים שלמים כבושים 530 גרם,גרמים,530.00,100 גרם,false,1,19.90,3.7547,true,1,309262
8028695057385,false,צלפים שלמים בחומץ 66,ITALCARCIOFI,,צלפים שלמים בחומץ 660 גרם,גרמים,660.00,100 גרם,false,1,31.90,4.8333,true,1,328334
8028695200231,false,ארטישוק רבעים בשמן ח,ITALCARCIOFI,,ארטישוק רבעים בשמן חמניות 510 גרם,גרמים,510.00,100 גרם,false,1,24.90,4.8824,true,1,309260
8030198002984,false,יין וייטי רוארו ארנא,,,יין וייטי רוארו ארנאיס 750מל פקדון,מיליליטרים,750.00,"100 מ""ל",false,1,130.00,17.3333,true,1,246206
8032523530452,false,ממרח פיסטוק פיסטי אי,פיסטי,IT,ממרח פיסטוק פיסטי איטלקי 200 גרם,גרמים,200.00,100 גרם,false,10,35.90,17.9500,true,1,346202
8032685196787,false,עגבניות חתוכות אורגנ,סולניה,IT,עגבניות חתוכות אורגניות 400 גר,גרמים,400.00,100 גרם,false,24,6.90,1.7250,true,1,317585
8032685196800,false,עגבניות מרוסקות אורג,סולניה,IT,עגבניות מרוסקות אורגניות 700גר,גרמים,700.00,100 גרם,false,12,10.00,1.4286,true,1,317586
8032738680171,false,יין ויואלדי וולפופול,,,יין ויואלדי וולפופוליצלה 750 מל,מיליליטרים,750.00,"100 מ""ל",false,12,60.00,8.0000,true,1,336840
8032793151425,false,יין טלאמונטי טרבי טר,,,יין טלאמונטי טרבי טראביאנו 750 מל,מיליליטרים,750.00,"100 מ""ל",false,1,45.00,6.0000,true,1,323089
8032793152422,false,יין טלאמונטי אטרנום,טלאמונטי,IT,יין טלאמונטי אטרנום 750 מל,מיליליטרים,750.00,"100 מ""ל",false,6,65.00,8.6667,true,1,326462
8032793153320,false,יין טלאמונטי מודה מו,,,יין טלאמונטי מודה מונפולציטנו 750 מל,מיליליטרים,750.00,"100 מ""ל",false,1,45.00,6.0000,true,1,323090
8032793154327,false,יין טלאמונטי דה סאגי,,,יין טלאמונטי דה סאגי מונטפולציאנו 750 מל,מיליליטרים,750.00,"100 מ""ל",false,1,65.00,8.6667,true,1,324902
8032804430440,false,פליסיה ספגטי כוסמת א,,IT,פליסיה ספגטי כוסמת אורגני קופסא 400 גר,גרמים,400.00,100 גרם,false,12,17.90,4.4750,true,1,328059
8032804430471,false,פליסיה מוזלי חומוס א,מולינו אנדריאני,,פסטה100%עדשים אדומות אורגנית250גרם,גרמים,250.00,100 גרם,false,1,14.90,5.9600,true,1,309999
8032804430501,false,פסטה100% אפונה ירוקה,מולינו אנדריאני,IT,פסטה100%קמח אפונה ירוקה אורגנית250גרם,גרמים,250.00,100 גרם,false,12,14.90,5.9600,true,1,309998
8032804430761,false,פליסיה לזניה עדשים צ,,IT,פליסיה לזניה עדשים צהובות אורגני 250 גר,גרמים,250.00,100 גרם,false,12,19.90,7.9600,true,1,328061
8032804430815,false,פליסיה פוזילי שעועית,,IT,פליסיה מוזלי שעועית מש אורגני 250 גר,גרמים,250.00,100 גרם,false,12,14.90,5.9600,true,1,328056
8032804430846,false,פליסיה פוזילי חומוס,,IT,פליסיה פוזילי חומוס אורגני 250 גר,גרמים,250.00,100 גרם,false,12,14.90,5.9600,true,1,328062
8032804431287,false,ספגטי אורז מלא פליסי,פליסיה,IT,ספגטי אורז מלא פליסיה אורגני 500 גרם,גרמים,500.00,100 גרם,false,12,14.90,2.9800,true,1,309707
8032804432000,false,פסטה פנה כוסמת פליסי,פליסיה,IT,פסטה פנה כוסמת פליסיה 340 גרם,גרמים,340.00,100 גרם,false,12,15.90,4.6765,true,1,313701
8032804432017,false,פסטה פוזילי כוסמת פל,פליסיה,IT,פסטה פוזילי כוסמת פליסיה 340 גרם,גרמים,340.00,100 גרם,false,12,15.90,4.6765,true,1,313700
8032804435636,false,פסטה פוזילי 4דגנים פ,פליסיה,IT,פסטה פוזילי 4דגנים פליסיה אורגני340ג,גרמים,340.00,100 גרם,false,12,12.90,3.7941,true,1,309710
8032817240319,false,רוטב עגבניות שרי 330,,,רוטב עגבניות שרי 330 גר אגרומונטה,גרמים,330.00,100 גרם,false,1,13.90,4.2121,true,1,240660
8032817246045,false,רוטב עגבניות שרי בזי,AGROMONTE,,רוטב עגבניות שרי בזיליקום330 אגרומונטה,גרמים,330.00,100 גרם,false,1,13.90,4.2121,true,1,310401
8032825760403,false,יין ברדולינו מונטה ז,מונטה זובו,,יין ברדולינו מונטה זובו 750 מל,מיליליטרים,750.00,"100 מ""ל",false,1,60.00,8.0000,true,1,318872
8032825760809,false,יין פינו קרוצוונטו מ,,,יין פינו קרוצוונטו מונטה זובו 750 מל,מיליליטרים,750.00,"100 מ""ל",false,6,110.00,14.6667,true,1,347320
8032825760823,false,יין רוסו ורונזה קאלי,,,יין רוסו ורונזה קאלינורנו מונטה זובו 75,מיליליטרים,750.00,"100 מ""ל",false,6,110.00,14.6667,true,1,347319
8032853729519,false,יין אדום מונטפולציאנ,איטליה אומני רונקי,,יין אדום מונטפולציאנו דאברוצו 750מל פקדו,מיליליטרים,750.00,"100 מ""ל",false,1,45.00,6.0000,true,1,241261
8032880800243,false,פיקניק הפתעה 50 גר,,,פיקניק הפתעה 50 גר,Unknown,0.00,Unknown,false,1,6.90,0.0000,true,1,234758
8032880801516,false,פיקניק דואליטו הפתעה,,,פיקניק דואליטו הפתעה 50 גר,Unknown,0.00,Unknown,false,1,6.90,0.0000,true,1,335570
8032937583105,false,יין אנגנטיירה פוגיו,ארגנטיירה,IT,יין אנגנטיירה פוגיו אי גינפרי 750 מל,מיליליטרים,750.00,"100 מ""ל",false,6,100.00,13.3333,true,1,326463
8032942611657,false,קוסקוס תרד אורגני מר,סיפה אינטרנשיונל אס,IT,קוסקוס תרד אורגני מרטינו 400גר,גרמים,400.00,100 גרם,false,12,13.90,3.4750,true,1,338750
8032993003395,false,פסטה לינגוויני ביצים,,,פסטה לינגוויני ביצים 250 גר פילוטה,גרמים,250.00,100 גרם,false,1,20.90,8.3600,true,1,331901
8032993003401,false,פסטה ביצים פפרדלה 25,,,פסטה ביצים פפרדלה 250 גר פילוטה,גרמים,250.00,100 גרם,false,1,20.90,8.3600,true,1,331227
8033020445973,false,קמח פיווטי רב תכליתי,,,קמח איטלקי 00 רב תכליתי 1 קג פיווטי,קילוגרמים,1.00,"ק""ג",false,1,8.90,8.9000,true,1,327258
8033020445980,false,קמח לפסטה טריה איטלק,,,קמח לפסטה טריה איטלקי 1 קג פיווטי,קילוגרמים,1.00,"ק""ג",false,1,14.90,14.9000,true,1,327995
8033020445997,false,קמח פיווטי ללחם איטל,,,קמח פיווטי ללחם איטלקי 1 קג,קילוגרמים,1.00,"ק""ג",false,1,12.90,12.9000,true,1,327259
8033020446000,false,קמח פיווטי לפיצה ופו,,,קמח פיווטי לפיצה ופוקצה איטלקי 1 קג,קילוגרמים,1.00,"ק""ג",false,1,10.90,10.9000,true,1,327359
8033028700227,false,גראפה ברטה מונפרה בר,,,גראפה ברטה מונפרה ברברה נביולו 750 מל,מיליליטרים,750.00,"100 מ""ל",false,1,205.00,27.3333,true,1,254529
8033049450125,false,יין סולוסולה ורמנטינ,איטליה אלגריני (Cort,,יין סולוסולה ורמנטינו 750 מל פקדון,מיליליטרים,750.00,"100 מ""ל",false,1,85.00,11.3333,true,1,243031
8033229720024,false,יין וילה מדורו מונטפ,,,יין וילה מדורו מונטפלצאנו דאברוזו 750מל,מיליליטרים,750.00,"100 מ""ל",false,1,65.00,8.6667,true,1,245040
8033413430067,false,ליקר וילה מאסה מנדרי,וילה מסה,,ליקר וילה מאסה מנדרין 700 מל פיקדון,מיליליטרים,750.00,"100 מ""ל",false,1,95.00,12.6667,true,1,251439
8033413430708,false,ליקר לימונצלו וילה מ,וילה מסה,,ליקר לימונצלו וילה מסה כשר 700 מל,מיליליטרים,700.00,"100 מ""ל",false,1,120.00,17.1429,true,1,251440
8033971031010,false,יין ביבי גראץ קסאמנט,,,יין ביבי גראץ קסאמנטה אדום 750 מל,מיליליטרים,750.00,"100 מ""ל",false,1,60.00,8.0000,true,1,323092
8033971032017,false,יין ביבי גראץ קסאמנט,,,יין ביבי גראץ קסאמנטה לבן 750 מל,מיליליטרים,750.00,"100 מ""ל",false,1,60.00,8.0000,true,1,323091
8034097876325,false,עוגת פנדורו קלאסית 7,,,עוגת פנדורו קלאסית 700 גרם מוטה,גרמים,700.00,100 גרם,false,1,54.90,7.8429,true,1,347646
8034141060212,false,ליקר אבסנט קסנטה 700,,,ליקר אבסנט קסנטה 700 מל,מיליליטרים,700.00,"100 מ""ל",false,6,169.00,24.1429,true,1,334572
8051369000172,false,מאגדת אוראו בציפוי ש,,,מאגדת אוראו בציפוי שוקולד מילקה 4יח,יחידה,4.00,יחידה,false,1,39.90,9.9750,true,1,332438
8051369000196,false,מאגדת אוראו בציפוי ש,,,מאגדת אוראו בציפוי שוקולד קדבורי 4יח,יחידה,4.00,יחידה,false,1,39.90,9.9750,true,1,337812
8052080430286,false,כדור גבינת בורטה איט,,IT,כדור גבינת בורטה איטלקי 125גר,גרמים,125.00,100 גרם,false,1,16.90,13.5200,true,1,332383
8052204220021,false,ייין סוטמה ריבטי ורא,VINIBIO A.C.A,,ייין סוטמה ריבטי וראולו 750 מל,מיליליטרים,750.00,"100 מ""ל",false,1,110.00,14.6667,true,1,311266
8052204220045,false,ייין קורמלו ריבטי ור,VINIBIO A.C.A,,ייין קורמלו ריבטי וראולו 750 מל,מיליליטרים,750.00,"100 מ""ל",false,1,110.00,14.6667,true,1,311267
8052204220120,false,ייין ספורצטו ריבטי ו,VINIBIO A.C.A,,ייין ספורצטו ריבטי וראולו 750 מל,מיליליטרים,750.00,"100 מ""ל",false,1,220.00,29.3333,true,1,311268
8052432831563,false,יין לוקאלה אפסימנטו,,,יין לוקאלה אפסימנטו 750 מל,מיליליטרים,750.00,"100 מ""ל",false,1,60.00,8.0000,true,1,347706
8052432831945,false,יין פרימיטיבו רוזאטו,,,יין פרימיטיבו רוזאטו 750 מל,מיליליטרים,750.00,"100 מ""ל",false,1,60.00,8.0000,true,1,347703
8053259247261,false,חומץ בלסמי עם תות מצ,i Solai,IT,חומץ בלסמי עם תות מצומצם 180 מל אי סולאי,מיליליטרים,180.00,"100 מ""ל",false,6,11.90,6.6111,true,1,306452
8053259247278,false,חומץ בלסמי קלאסי 180,i Solai,IT,חומץ בלסמי קלאסי 180 מל אי סולאי,מיליליטרים,180.00,"100 מ""ל",false,6,11.90,6.6111,true,1,306456
8053259247285,false,חומץ בלסמי עם מנגו 1,i Solai,IT,חומץ בלסמי עם מנגו 180 מל אי סולאי,מיליליטרים,180.00,"100 מ""ל",false,6,11.90,6.6111,true,1,306454
8053259247292,false,חומץ בלסמי עם תות מצ,i Solai,IT,חומץ בלסמי עם תות מצומצם 180 מל אי סולאי,מיליליטרים,180.00,"100 מ""ל",false,6,11.90,6.6111,true,1,306453
8053259247308,false,חומץ בלסמי למברוסקו,i Solai,IT,חומץ בלסמי עם למברוסקו 180 מל אי סולאי,מיליליטרים,180.00,"100 מ""ל",false,6,13.90,7.7222,true,1,306455
8055002120159,false,מחית קפריאני פטריות,,IT,מחית קפריאני פטריות כמהין לבנה 80 גרם,Unknown,0.00,Unknown,false,12,32.90,0.0000,true,1,347297
8055517373484,false,צידנית קשיחה 30 ליטר,,,צידנית קשיחה 30 ליטר,יחידה,1.00,יחידה,false,1,129.90,129.9000,true,1,333259
8076800195019,false,ספגטי ברילה מס 1 קפל,BARILLA,IT,פסטה ברילה ספגטי מס 1 קפליניי 500 גרם,גרמים,500.00,100 גרם,false,1,7.90,1.5800,true,1,231859
8076800195033,false,ספגטיני ברילה מס 3,BARILLA,IT,פסטה ברילה 3 ספגטיני 500 גרם,גרמים,500.00,100 גרם,false,1,7.90,1.5800,true,1,228732
8076800195057,false,ספגטי ברילה מס 5,BARILLA,IT,פסטה ברילה 5 ספגטיני 500 גרם,גרמים,500.00,100 גרם,false,1,7.90,1.5800,true,1,228733
8076800195132,false,פסטה ברילה 13 בבטה 5,BARILLA,IT,פסטה ברילה 13 בבטה 500 גרם,גרמים,500.00,100 גרם,false,1,7.90,1.5800,true,1,228734
8076800315097,false,פסטה ברילה 9 בוקטיני,BARILLA,IT,פסטה ברילה 9 בוקטיני 500 גרם,גרמים,500.00,100 גרם,false,1,7.90,1.5800,true,1,228735
8076802085738,false,פסטה ברילה פנה רגטה,BARILLA,IT,פסטה ברילה 73 פנה רגטה 500 גרם,גרמים,500.00,100 גרם,false,1,7.90,1.5800,true,1,228736
8076802085837,false,פסטה ברילה טורטליוני,BARILLA,IT,פסטה ברילה 83 טורטליני 500 גרם,גרמים,500.00,100 גרם,false,1,7.90,1.5800,true,1,228737
8076802085936,false,פסטה ברילה קנצילה רי,BARILLA,IT,פסטה ברילה 93 קונצילה ריגטי 500 גרם,גרמים,500.00,100 גרם,false,1,7.90,1.5800,true,1,228738
8076802085981,false,פסטה ברילה פוזילי500,BARILLA,IT,פסטה ברילה 98 פוזילי 500 גרם,גרמים,500.00,100 גרם,false,1,7.90,1.5800,true,1,228739
8076808050440,false,פסטה ברילה מקרוני500,BARILLA,IT,פסטה ברילה 44 מקרוני 500 גרם,גרמים,500.00,100 גרם,false,1,7.90,1.5800,true,1,228740
8076808060654,false,פסטה ברילה פרפלה 500,BARILLA,IT,פסטה ברילה 65 פרפלה 500 גרם,גרמים,500.00,100 גרם,false,1,7.90,1.5800,true,1,228741
8076808070882,false,ברילה 88 קנלוני 250,BARILLA,,ברילה 88 קנלוני 250 גרם,גרמים,250.00,100 גרם,false,1,14.90,5.9600,true,1,229047
8076808150072,false,ספגטי ברילה מס 7,BARILLA,IT,פסטה ברילה 7 ספגטי 500 גר,גרמים,500.00,100 גרם,false,1,7.90,1.5800,true,1,228742
8076809501415,false,ברילה 78 פנה טריקולו,BARILLA,,ברילה 78 פנה טריקולור 500 גרם,גרמים,500.00,100 גרם,false,1,14.90,2.9800,true,1,230506
8076809512268,false,פסטה ברילה גירנדולה,BARILLA,IT,פסטה ברילה 34 גירנדולה 500 גרם,גרמים,500.00,100 גרם,false,1,7.90,1.5800,true,1,229700
8076809513340,false,ממרח פסטו ברילה שום,פסטו קונסרב,,ממרח פסטו ברילה שום 190 גרם,גרמים,190.00,100 גרם,false,1,16.90,8.8947,true,1,243402
8076809513388,false,רוטב ברילה ארביאטה 4,BARILLA,IT,רוטב ברילה ארביאטה 400 גרם,גרמים,400.00,100 גרם,false,1,14.90,3.7250,true,1,228743
8076809513395,false,רוטב ברילה פומודורו,BARILLA,IT,רוטב ברילה פומודורו 400 גרם,גרמים,400.00,100 גרם,false,1,14.90,3.7250,true,1,228744
8076809513654,false,רוטב ברילה בולונז400,BARILLA,IT,רוטב ברילה עגבניות לבולונז 400 גרם,גרמים,400.00,100 גרם,false,1,14.90,3.7250,true,1,231858
8076809513692,false,רוטב ברילה נפוליטנה,BARILLA,IT,רוטב ברילה נפוליטנה 400 גרם,גרמים,400.00,100 גרם,false,1,14.90,3.7250,true,1,228745
8076809513715,false,רוטב ברילה עם זיתים,BARILLA,IT,רוטב ברילה עם זיתים 400 גרם,גרמים,400.00,100 גרם,false,1,14.90,3.7250,true,1,327550
8076809513739,false,רוטב ברילה בזיליקום,BARILLA,IT,רוטב ברילה בזיליקום 400 גרם,גרמים,400.00,100 גרם,false,1,14.90,3.7250,true,1,233149
8076809513753,false,ממרח פסטו ברילה בזיל,פסטו קונסרב,,ממרח פסטו ברילה בזיליקום 190 גרם,גרמים,190.00,100 גרם,false,1,16.90,8.8947,true,1,347204
8076809514774,false,ברילה פפרדלה 250 גרם,BARILLA,,ברילה פפרדלה 250 גרם,גרמים,250.00,100 גרם,false,1,18.90,7.5600,true,1,229048
8076809515115,true,טורטליני ברילה ריקוט,,IT,טורטליני ברילה ריקוטה ותרד 250 גרם,גרמים,250.00,100 גרם,false,12,22.90,9.1600,true,1,344309
8076809519977,false,פסטה ברילה אורקייטה,BARILLA,IT,פסטה ברילה אורקייטה 500 ג,גרמים,500.00,100 גרם,false,12,13.90,2.7800,true,1,344966
8076809523561,false,רוטב ברילה לפיצה 400,BARILLA,IT,רוטב ברילה לפיצה 400 גרם,גרמים,400.00,100 גרם,false,1,14.90,3.7250,true,1,236393
8076809523714,false,פסטה ברילה טליאטלה 5,BARILLA,,פסטה ברילה טליאטלה 500 גרם,גרמים,500.00,100 גרם,false,1,25.90,5.1800,true,1,232015
8076809523738,false,לזניה ברילה 500 גר,BARILLA,,לזניה ברילה 500 גר,גרמים,500.00,100 גרם,false,1,24.90,4.9800,true,1,231024
8076809528320,false,לחם לטוסט מולינו ביא,,,לחם לטוסט מולינו ביאנקו 285גר,גרמים,285.00,100 גרם,false,1,7.90,2.7719,true,1,343905
8076809529419,false,ספגטי ברילה מחיטה מל,BARILLA,,ספגטי ברילה מחיטה מלאה 500 ג,גרמים,500.00,100 גרם,false,1,14.90,2.9800,true,1,233270
8076809529433,false,פסטה ברילה פנה רגטה,BARILLA,,פסטה ברילה פנה רגטה חיטה מלאה 500 ג,גרמים,500.00,100 גרם,false,1,14.90,2.9800,true,1,233271
8076809530002,false,עוגיות מולינו ביאנקו,BARILLA,IT,עוגיות מולינו ביאנקו חמאה וניל 200 גרם,גרמים,200.00,100 גרם,false,12,17.90,8.9500,true,1,338279
8076809530842,false,לחם לטוסט מולינו ביא,,,לחם לטוסט מולינו ביאנקו 430גר 24יח,גרמים,430.00,100 גרם,false,1,14.90,3.4651,true,1,343906
8076809545396,false,ממרח פסטו ברילה עלי,פסטו קונסרב,,ממרח פסטו ברילה עלי רוקט 190 גרם,גרמים,190.00,100 גרם,false,12,16.90,8.8947,true,1,324153
8076809545440,false,ספגטי ברילה ללא גלוט,BARILLA,,ספגטי ברילה ללא גלוטן 400 גרם,גרמים,400.00,100 גרם,false,1,15.90,3.9750,true,1,305944
8076809545457,false,פסטה ברילה פנה ל.גלו,BARILLA,,פסטה ברילה פנה ל.גלוטן 400 גרם,גרמים,400.00,100 גרם,false,1,15.90,3.9750,true,1,305945
8076809545464,false,פסטה ברילה פוזילי לל,BARILLA,,פסטה ברילה פוזילי ללא גלוטן 400 גרם,גרמים,400.00,100 גרם,false,1,15.90,3.9750,true,1,305946
8076809545549,false,עוגיות מולינו ביאנקו,BARILLA,IT,עוגיות מולינו ביאנקו קרם קקאו 200 גרם,גרמים,200.00,100 גרם,false,10,17.90,8.9500,true,1,338280
8076809546478,false,פוקאצה עם שמן זית 19,,,פוקאצה עם שמן זית 198גר מולינו ביאנקו,גרמים,198.00,100 גרם,false,1,17.90,9.0404,true,1,343907
8076809547956,false,פסטה ברילה קיפרי 500,,IT,פסטה ברילה קיפרי 500 גרם,גרמים,500.00,100 גרם,false,1,7.90,1.5800,true,1,331695
8076809570282,false,פוקאצה עם רוזמרין 19,,,פוקאצה עם רוזמרין 198גר מולינו ביאנקו,גרמים,198.00,100 גרם,false,1,17.90,9.0404,true,1,343908
8076809571319,false,פסטה ברילה פנה 1 קג,BARILLA,IT,פסטה ברילה פנה 1 קג,קילוגרמים,1.00,"ק""ג",false,1,12.90,12.9000,true,1,313414
8076809571333,false,ספגטי ברילה 1 קג,BARILLA,IT,ספגטי ברילה 1 קג,קילוגרמים,1.00,"ק""ג",false,1,12.90,12.9000,true,1,313415
8076809572828,false,עוגיות מולינו ביאנקו,BARILLA,IT,עוגיות מולינו ביאנקו טרלוצי 350 גר,גרמים,350.00,100 גרם,false,12,17.90,5.1143,true,1,337682
8076809573252,false,עוגיות מולינו ביאנקו,BARILLA,IT,עוגיות מולינו ביאנקו קרם אגוזים 260 גרם,גרמים,260.00,100 גרם,false,12,17.90,6.8846,true,1,337865
8076809576352,false,לזניה ברילה ללא גלוט,,IT,לזניה ברילה ללא גלוטן 250 גר,גרמים,250.00,100 גרם,false,10,19.90,7.9600,true,1,338486
8076809578998,false,פסטה ברילה סטלינה500,,IT,פסטה ברילה סטלינה500 גרם,גרמים,500.00,100 גרם,false,1,7.90,1.5800,true,1,338060
8076809580496,false,פסטה ברילה פפירי 450,BARILLA,,פסטה ברילה פפירי 450 גרם,גרמים,450.00,100 גרם,false,1,15.90,3.5333,true,1,342073
8076809580687,false,ממרח פסטו ברילה ריקו,,IT,ממרח פסטו ברילה ריקוטה אגוזי מלך 190 גרם,גרמים,190.00,100 גרם,false,12,16.90,8.8947,true,1,345424
8076809580724,false,ממרח פסטו ברילה ללא,פסטו קונסרב,,ממרח פסטו ברילה ללא שום190 גרם,גרמים,190.00,100 גרם,false,1,16.90,8.8947,true,1,347208
8109790012568,true,אבקת משקה לימונים טר,,US,אבקת משקה לימונים טרו טו גו 32יח,יחידה,32.00,יחידה,false,1,24.90,0.7781,true,1,335650
8109790016146,true,אבקת משקה אשכוליות ט,,US,אבקת משקה אשכוליות טרו טו גו 32יח,יחידה,32.00,יחידה,false,1,24.90,0.7781,true,1,335649
8109790032504,true,אבקת משקה ליים טרו ט,,US,אבקת משקה ליים טרו טו גו 32יח,יחידה,32.00,יחידה,false,1,24.90,0.7781,true,1,335652
8109790052540,true,אבקת משקה תפוזים טרו,,US,אבקת משקה תפוזים טרו טו גו 32יח,יחידה,32.00,יחידה,false,1,24.90,0.7781,true,1,335651
8119620112382,false,מעדן שזיפים דודה ברט,,IL,מעדן שזיפים דודה ברטה 284 גרם,גרמים,284.00,100 גרם,false,6,15.90,5.5986,true,1,345694
8121300206946,false,טרוביה סטיביה ממתיק,,US,טרוביה סטיביה ממתיק 80 שקיקים,יחידה,80.00,יחידה,false,12,14.90,0.1863,true,1,330287
8121300207004,false,טרוביה סטיביה ממתיק,,US,טרוביה סטיביה צצץיק בצנצנת 270 גרם,יחידה,270.00,יחידה,false,12,24.90,0.0922,true,1,330288
8121300207172,false,טרוביה סטיביה תערובת,,US,טרוביה סטיביה תערובת סוכר קנים 500 גר,יחידה,500.00,יחידה,false,12,24.90,0.0498,true,1,330289
8121300208780,false,טרוביה תחליף סוכר 36,,US,טרוביה תחליף סוכר 360 גר,גרמים,360.00,100 גרם,false,6,34.90,9.6944,true,1,347735
8121300209466,false,טרוביה תחליף סוכר חו,,US,טרוביה תחליף סוכר חום 320 גר,גרמים,320.00,100 גרם,false,6,34.90,10.9062,true,1,347736
8410001109978,false,זוג ספוגי קרצוף ללכל,3m,TR,זוג ספוגי קרצוף ללכלוך קשה,יחידה,2.00,יחידה,false,24,11.90,5.9500,true,1,335388
8410001134833,false,זוג ספוגי ניקוי ללא,3m,US,זוג ספוגי ניקוי ללא שריטות שמזון אינו נל,יחידה,2.00,יחידה,false,14,14.90,7.4500,true,1,339109
8410001134864,false,זוג ספוגי ניקוי קשה,3m,US,זוג ספוגי ניקוי קשה שמזון אינו נלכד בתוכ,יחידה,2.00,יחידה,false,14,14.90,7.4500,true,1,339108
8410001134888,false,זוג ספוגים עם ידית א,3m,US,זוג ספוגים עם ידית אחיזה לניקוי קשה,יחידה,2.00,יחידה,false,14,14.90,7.4500,true,1,339111
8410001134918,false,זוג ספוגים עם ידית א,3m,US,זוג ספוגים עם ידית אחיזה ללא שריטות,יחידה,2.00,יחידה,false,14,14.90,7.4500,true,1,339110
8410001135304,false,כרית ניקוי לכיריים,3m,US,כרית ניקוי לכיריים מזכוכית סקוטש ברייט,יחידה,1.00,יחידה,false,12,18.90,18.9000,true,1,339107
8410023000031,false,יין טיו פפה 750מלפקד,גונזאלס,,יין טיו פפה 750מלפקדון,מיליליטרים,750.00,"100 מ""ל",false,1,100.00,13.3333,true,1,312841
8410024700015,false,ליקר מאליבו 700 מל פ,,,ליקר מאליבו 700 מל פיקדון,מיליליטרים,700.00,"100 מ""ל",false,1,79.00,11.2857,true,1,323659
8410031934892,false,מארז 4 יח לקקן צופה,פרפטי ואן מלה,CN,מארז 4 יח לקקן צופה צופה מלודי,יחידה,4.00,יחידה,false,12,10.90,2.7250,true,1,338267
8410031966275,false,סוכריות צופה צופס חמ,,,סוכריות צופה צופס חמוץ מאוד 95 גרם,Unknown,0.00,Unknown,false,12,9.90,0.0000,true,1,344816
8410076600622,false,ח.דגנים נטשר ואלי קר,,,ח.דגנים נטשר ואלי קראנצי שוקולד6יח210גר,גרמים,210.00,100 גרם,false,1,17.90,8.5238,true,1,246544
8410076601261,false,חטיפי דגנים נייטשר ח,ג'נרל מילס,ES,חטיפי דגנים נייטשר חמאת בוטנים5י 210 גרם,גרמים,210.00,100 גרם,false,5,13.90,6.6190,true,1,334579
8410076610379,false,חטיף פרוטאין נייטשר,,,חטיף פרוטאין נייטשר ואלי בוטן שוקולד4 יח,גרמים,160.00,100 גרם,false,1,22.90,14.3125,true,1,309551
8410076610386,false,חטיף פרוטאין נייטשר,,,חטיף פרוטאין נייטשר ואלי בוטן קרמל4 יח,גרמים,160.00,100 גרם,false,1,22.90,14.3125,true,1,309552
8410076610492,false,חטיף דגנים צואי5יח ס,,,חטיף דגנים צואי5יח סוויט בוטן מצופה150גר,גרמים,150.00,100 גרם,false,1,17.90,11.9333,true,1,311675
8410076610508,false,חטיף דגנים צואי5יח ס,,,חטיף דגנים צואי5יח סוויט שוק.מריר150גר,גרמים,150.00,100 גרם,false,1,17.90,11.9333,true,1,311674
8410076620354,false,חטיף נייטשר ואלי ממו,ג'נראל מילס,,חטיף נייטשר ואלי ממולא קרם בוטנים 4 יח,גרמים,152.00,100 גרם,false,1,17.90,11.7763,true,1,318966
8410076620538,false,חטיף דגנים פייבר 1 ק,,,חטיף דגנים פייבר 1 קייק שוקולד5 יח,יחידה,5.00,יחידה,false,1,15.90,3.1800,true,1,325752
8410076621009,false,חטיף דגנים פייבר 1 ק,,,חטיף דגנים פייבר 1 קרמל מלוח 5 יח,יחידה,5.00,יחידה,false,1,15.90,3.1800,true,1,335889
8410076621047,false,חטיף דגנים פייבר 1 ש,,,חטיף דגנים פייבר 1 שוקולד 5 יח,יחידה,5.00,יחידה,false,1,15.90,3.1800,true,1,335888
8410076621573,false,חטיף דגנים פייבר 1 ק,,,חטיף דגנים פייבר 1 קוקיס אנד קרים 5 יח,גרמים,120.00,100 גרם,false,1,15.90,13.2500,true,1,346901
8410104039134,false,נוזל מנקה ומחדש פיני,RB פולין,,נוזל מנקה ומחדש פיניש למדיח 250 מל,מיליליטרים,250.00,"100 מ""ל",false,1,14.90,5.9600,true,1,228750
8410104044916,false,אבקה למדיח פיניש רגי,RB הונגריה,,אבקה למדיח פיניש רגיל 2.7 קג,קילוגרמים,2.70,"ק""ג",false,1,46.90,17.3704,true,1,228751
8410104045111,false,מלח למדיח פיניש 2 קג,חברת המלח,,מלח למדיח פיניש 2 קג,קילוגרמים,2.00,"ק""ג",false,6,14.90,7.4500,true,1,305553
8410104425906,false,שעווה חמה ויט 250 גר,רקיט בנקיזר צרפת,,שעווה חמה ויט 250 גר עם שמנים,גרמים,250.00,100 גרם,false,1,27.90,11.1600,true,1,228754
8410104437268,false,פיניש סטופ לריח,RB הונגריה,,פיניש סטופ לריח,Unknown,0.00,Unknown,false,1,16.90,0.0000,true,1,229145
8410104511340,false,רצועות שעווה ויט לעו,רקיט בנקיזר צרפת,,רצועות שעווה ויט לעור רגיל/יבש,Unknown,0.00,Unknown,false,1,21.90,0.0000,true,1,232944
8410113001122,false,יין וינייה אזמרלדה ט,,ES,יין וינייה אסמרלדה טורז 750 מל פיקדון,מיליליטרים,750.00,"100 מ""ל",false,6,60.00,8.0000,true,1,332602
8410113001443,false,יין סנגרה דה טורו לב,,,יין סנגרה דה טורו לבן טורס 750 מל,מיליליטרים,750.00,"100 מ""ל",false,6,45.00,6.0000,true,1,341661
8410113002822,false,יין סנגרה דה טורו רו,,,יין סנגרה דה טורו רוזה טורס 750 מל,מיליליטרים,750.00,"100 מ""ל",false,6,45.00,6.0000,true,1,341662
8410113003089,false,יין קורונס טורס 750,,ES,יין קורונס טורז 750 מל פיקדון,מיליליטרים,750.00,"100 מ""ל",false,6,60.00,8.0000,true,1,332603
8410113009012,false,יין וינייה אזמרלדה ר,,ES,יין וינייה אזמרלדה רוזה טורס 750 מל,מיליליטרים,750.00,"100 מ""ל",false,6,60.00,8.0000,true,1,332605
8410128768294,false,משקה שיבולת שועל ויו,,,משקה שיבולת שועל ויוה סוי 1ליטר קרטון,ליטרים,1.00,ליטר,false,1,11.90,11.9000,true,1,331704
8410128768355,false,משקה סויה ויוה סוי,,,משקה סויה ויוה סוי 1ליטר קרטון,ליטרים,1.00,ליטר,false,1,10.90,10.9000,true,1,331703
8410128768386,false,משקה סויה לייט ויוה,,,משקה סויה לייט ויוה סוי 1ליטר קרטון,ליטרים,1.00,ליטר,false,1,10.90,10.9000,true,1,331702
8410161202250,false,גין לונדון דה לוקס פ,,,גין לונדון דה לוקס פיפטי פאונדס 700 מל,מיליליטרים,700.00,"100 מ""ל",false,1,155.00,22.1429,true,1,305187
8410161202861,false,מארז ברנדי דה חרז קר,,,מארז ברנדי דה חרז קרדנל +כוס 700 מל,מיליליטרים,700.00,"100 מ""ל",false,1,149.00,21.2857,true,1,322113
8410161511253,false,ברנדי דה חרז סולרה ר,,,ברנדי דה חרז סולרה רזרבה 700 מל,מיליליטרים,700.00,"100 מ""ל",false,1,75.00,10.7143,true,1,305167
8410179002767,false,זיתים ירוקים ממולאים,,,זיתים ירוקים ממולאים מחית אנשובי 300 גרם,גרמים,300.00,100 גרם,false,12,10.90,3.6333,true,1,330402
8410179002828,false,זיתים ירוקים ממולאים,,,זיתים ירוקים ממולאים מחית סלמון 300 גרם,גרמים,300.00,100 גרם,false,12,10.90,3.6333,true,1,330401
8410184010108,false,אורז לה סיגלה עגול 1,בני ג'ורג' שוקחה חיפ,,אורז לה סיגלה עגול 1 קג,קילוגרמים,1.00,"ק""ג",false,1,10.00,10.0000,true,1,315564
8410302105518,false,יין קאווה קמפו וייחו,,,יין קאווה קמפו וייחו גרנד 750 מל פיקדון,מיליליטרים,750.00,"100 מ""ל",false,1,60.00,8.0000,true,1,238224
8410302106300,false,יין קמפו וייחו ריוחה,,,יין קמפו וייחו קריאנזה ריו 750 מל פיקדון,מיליליטרים,750.00,"100 מ""ל",false,1,60.00,8.0000,true,1,238230
8410310085321,false,יין אדום מרקז דה ציב,ספרד גנדיה,,יין אדום מרקז דה ציבה קריאנזה750מ פיקדון,מיליליטרים,750.00,"100 מ""ל",false,1,35.00,4.6667,true,1,229434
8410310602016,false,יין מרקס דל טוריה קר,VICENTE GANBIA PIA,ES,יין מרקס דל טוריה קריאנזה 2011 750 מל,מיליליטרים,750.00,"100 מ""ל",false,6,40.00,5.3333,true,1,309377
8410342000156,false,שוקולד מריר שקד ללס,,,שוקולד מריר שקד ללס וגלוטן 150 גר טוראס,גרמים,150.00,100 גרם,false,12,19.90,13.2667,true,1,345997
8410342003270,false,שוקולד מריר אגוז ללס,,,שוקולד מריר אגוז ללס וגלוטן 150 גר טוראס,גרמים,150.00,100 גרם,false,12,19.90,13.2667,true,1,345998
8410342003508,false,ממרח שוקולד ללס טורא,,,ממרח שוקולד ללס טוראס 200 גר,גרמים,200.00,100 גרם,false,1,19.90,9.9500,true,1,330576
8410342004789,false,שוקולד מריר 72% ללא,,,שוקולד מריר 72% ללא סוכר 100גר טוראס,גרמים,100.00,100 גרם,false,12,13.90,13.9000,true,1,334780
8410342004796,false,שוקולד מריר 85% ללא,,,שוקולד מריר 85% ללא סוכר 100גר טוראס,גרמים,100.00,100 גרם,false,1,13.90,13.9000,true,1,330569
8410342004987,false,שוקולד מריר 75% ללא,,,שוקולד מריר 72% ללא סוכר 100גר טוראס,גרמים,100.00,100 גרם,false,12,13.90,13.9000,true,1,330571
8410342005625,false,שוקולד חלב אגוז ללס,,,שוקולד חלב אגוז ללס 75 גר טוראס,Unknown,0.00,Unknown,false,1,9.90,0.0000,true,1,330574
8410342005632,false,שוקולד חלב שקד ללס 7,,,שוקולד חלב שקד ללס 75 גר טוראס,Unknown,0.00,Unknown,false,1,9.90,0.0000,true,1,330575
8410342006585,false,שוקולד מריר ששבי 72%,,,שוקולד מריר ששבי 72% ללס 75 גר טוראס,Unknown,0.00,Unknown,false,12,9.90,0.0000,true,1,334783
8410342007049,false,שוקולד מריר ששבי 85%,,,שוקולד מריר ששבי 85% ללס 75 גר טוראס,Unknown,0.00,Unknown,false,12,9.90,0.0000,true,1,334784
8410342007063,false,שוקולד מריר 955 100,,,שוקולד מריר 955 100 גר טוראס,גרמים,100.00,100 גרם,false,1,13.90,13.9000,true,1,343020
8410342007117,false,שוקולד מריר ששבי קקא,,,שוקולד מריר ששבי קקאו ללס 75 גר טוראס,גרמים,75.00,100 גרם,false,1,9.90,13.2000,true,1,343036
8410342007131,false,שוקולד מריר תפוז ללס,,,שוקולד מריר תפוז ללס 75 גר טוראס,גרמים,75.00,100 גרם,false,1,10.90,14.5333,true,1,343035
8410342007148,false,שוקולד מריר תפוז ללא,,,שוקולד מריר תפוז ללא סוכר 125 גר טוראס,גרמים,125.00,100 גרם,false,1,13.90,11.1200,true,1,343037
8410342007421,false,שוקולד חלב אגוז ללס,,,שוקולד חלב אגוז ללס וגלוטן 150 גר טוראס,גרמים,150.00,100 גרם,false,12,19.90,13.2667,true,1,345996
8410376006070,false,ביסקוויט מריה 800 גר,גולון,ES,ביסקוויט מרי 800 גר גולון,גרמים,800.00,100 גרם,false,10,12.90,1.6125,true,1,322616
8410376009392,false,ביסקוויט מרי ח.מלאה,GULLON,,ביסקוויט מרי ח.מלאה ללא סוכר 170 גר גול,גרמים,170.00,100 גרם,false,1,10.50,6.1765,true,1,235071
8410376009408,false,ביסקוויט דורה זהב לל,GULLON,,ביסקוויט דורה זהב ללא סוכר 330 גר גולון,גרמים,330.00,100 גרם,false,1,17.90,5.4242,true,1,235072
8410376010701,false,ביסקויט מרי ללא סוכר,GULLON,,ביסקויט מרי ללא סוכר 400 גר גולון,גרמים,400.00,100 גרם,false,1,17.90,4.4750,true,1,235074
8410376013191,false,קרקר פיק קוקטייל 350,GULLON,,קרקר פיק קוקטייל 350 גר גולון,גרמים,350.00,100 גרם,false,1,12.90,3.6857,true,1,239993
8410376014051,false,קרקר פיק מיניס 350 ג,GULLON,,קרקר פיק מיניס 350 גר גולון,גרמים,350.00,100 גרם,false,1,12.90,3.6857,true,1,323100
8410376014068,false,קרקר פיק דגים 350 גר,GULLON,,קרקר פיק דגים 350 גר גולון,גרמים,350.00,100 גרם,false,1,12.90,3.6857,true,1,323101
8410376016789,false,ביסקוויט גולון דיאגס,GULLON,,ביסקוויט גולון דיאגסטיב 400 גר,גרמים,300.00,100 גרם,false,1,12.90,4.3000,true,1,238745
8410376016857,false,ביסקוויט דיאגסטיב דל,GULLON,,ביסקוויט דיאגסטיב דל שומן 400 גר,גרמים,400.00,100 גרם,false,1,12.90,3.2250,true,1,235075
8410376017113,false,ביסקוויט סנדוויץ שוק,גולון,ES,ביסקוויט סנדביץ שוקו מגה דואו 500גר גולו,גרמים,500.00,100 גרם,false,20,10.90,2.1800,true,1,242142
8410376017359,false,עוגיות גולון ללא גלו,GULLON,,עוגיות גולון ללא גלוטן 200 גר,גרמים,200.00,100 גרם,false,1,17.90,8.9500,true,1,235057
8410376023831,false,ביסקוויט מחיטה מלאה,GULLON,,ביסקוויט מחיטה מלאה ללא סוכר 400 גר גולו,גרמים,400.00,100 גרם,false,1,17.50,4.3750,true,1,235077
8410376028416,false,ביסקויט סנדוויץ גולו,גולון,ES,ביסקויט גולון או 2 לצה 252 גרם,גרמים,252.00,100 גרם,false,1,11.90,4.7222,true,1,322639
8410376029079,false,ביסקוויט רונדיטוס גו,GULLON,,ביסקוויט רונדיטוס גולון ללא סוכר 186 גר,גרמים,186.00,100 גרם,false,1,18.50,9.9462,true,1,241439
8410376033267,false,ביסקוויט דגנים גולון,GULLON,,ביסקוויט דגנים גולון ללא סוכר 410 גר,גרמים,410.00,100 גרם,false,1,17.90,4.3659,true,1,241438
8410376035407,false,בישקוטים גולון 200 ג,דן קייק,,בישקוטים גולון 200 גרם,גרמים,200.00,100 גרם,false,1,6.50,3.2500,true,1,322634
8410376036169,false,ביסקויט מרי גולון ל.,GULLON,,ביסקויט מרי גולון ל.גלוטן ולקטוז400 גר,גרמים,380.00,100 גרם,false,1,21.90,5.7632,true,1,248157
8410376036862,false,ביסקוויט סנדויץ וניל,גולון,,ביסקוויט סנדויץ וניל מגה 500גר גולו,גרמים,500.00,100 גרם,false,1,10.90,2.1800,true,1,243488
8410376037784,false,ביסקויט סנדוויץ ללא,GULLON,ES,ביסקויט סנדוויץ ללא סוכר גולון 250 גר,גרמים,250.00,100 גרם,false,18,16.90,6.7600,true,1,324165
8410376042481,false,ביסקוויט קרם יוגורט,GULLON,,ביסקוויט קרם יוגורט ללא סוכר220 גר גולון,גרמים,220.00,100 גרם,false,1,16.90,7.6818,true,1,307235
8410376044393,false,ביסקוויט או 2 ללא סו,GULLON,,ביסקוויט או 2 ללא סוכר 210 גר גולון,גרמים,210.00,100 גרם,false,1,20.90,9.9524,true,1,307236
8410376044959,false,ביסקויט גולון דיבוס,GULLON,,ביסקויט גולון דיבוס ל.גלוטן ולקטוז250 גר,גרמים,250.00,100 גרם,false,1,17.90,7.1600,true,1,308877
8410376045024,false,ביסקויט גולון דיאגסט,GULLON,,ביסקויט גולון דיאגסטיב ל.ג. ולקטוז 150 ג,גרמים,150.00,100 גרם,false,1,16.90,11.2667,true,1,308879
8410376047509,false,גולון ביסקוויט פתי ב,,ES,גולון ביסקוויט פתי בר ללא סוכר 400 גר,גרמים,400.00,100 גרם,false,7,17.90,4.4750,true,1,324164
8410376057270,false,ביסקוויט ללא סוכר עם,גולון,ES,ביסקוויט ללא סוכר עם ש.מריר 150גר,גרמים,150.00,100 גרם,false,12,17.90,11.9333,true,1,332718
8410376059380,false,גולון וופל וניל ללא,GULLON,ES,גולון וופל וניל ללא סוכר 180 גר,גרמים,250.00,100 גרם,false,12,16.90,6.7600,true,1,334781
8410376059397,false,גולון וופל שוקולד לל,GULLON,ES,גולון וופל שוקולד ללא סוכר 180 גר,גרמים,250.00,100 גרם,false,12,16.90,6.7600,true,1,334782
8410376061772,false,ביסקוויט דגנים שוקוצ,,,ביסקוויט דגנים שוקוציפס גולון ללג 220גר,גרמים,220.00,100 גרם,false,8,16.90,7.6818,true,1,345190
8410376061789,false,עוגיות סנדוויץ שוקול,,,עוגיות סנדוויץ שוקולד ללג גולון 225גר,גרמים,225.00,100 גרם,false,8,16.90,7.5111,true,1,345191
8410376064063,false,ביסקוויט רינג שוקו ל,,,ביסקוויט רינג שוקו גולון 150גר,גרמים,150.00,100 גרם,false,18,16.90,11.2667,true,1,345187
8410376064438,false,ביסקוויט דק שוקו חלב,,,ביסקוויט דק שוקו חלב ללס גולון 150גר,גרמים,150.00,100 גרם,false,12,16.90,11.2667,true,1,345188
8410441211002,false,יין פאוסטינו ריוחה 7,faustion,,יין פאוסטינו ריוחה 7 אדום 750 מל,מיליליטרים,750.00,"100 מ""ל",false,1,45.00,6.0000,true,1,235770
8410441231000,false,יין פאוסטינו ריוחה 7,faustion,,יין פאוסטינו ריוחה 7 לבן 750 מל,מיליליטרים,750.00,"100 מ""ל",false,1,45.00,6.0000,true,1,238402
8410441412065,false,יין פאוסטינו רזרבה ו,,,יין פאוסטינו רזרבה וי 750 מל פיקדון,מיליליטרים,750.00,"100 מ""ל",false,1,85.00,11.3333,true,1,238403
8410441512956,false,יין פאוסטינו גראן 19,,,יין פאוסטינו גראן 1998 רזרב750 מל פיקדון,מיליליטרים,750.00,"100 מ""ל",false,1,129.00,17.2000,true,1,238405
8410441612007,false,יין פאוסטינו ריוחה ק,,,יין פאוסטינו ריוחה קריאנזהאדום 750פיקדון,מיליליטרים,750.00,"100 מ""ל",false,1,60.00,8.0000,true,1,240593
8410441722058,false,יין פאוסטינו קווה בר,,,יין פאוסטינו קווה ברוט רוזה 750מל פיקדון,מיליליטרים,750.00,"100 מ""ל",false,1,65.00,8.6667,true,1,238408
8410441732101,false,יין פאוסטינו קווה בר,,,יין פאוסטינו קווה ברוט לבן מאוד750מל פיק,מיליליטרים,750.00,"100 מ""ל",false,1,60.00,8.0000,true,1,238409
8410441912176,false,יין פאוסטינו אייקון,,,יין פאוסטינו אייקון אדישן 750 מל,מיליליטרים,750.00,"100 מ""ל",false,1,199.00,26.5333,true,1,321909
8410628460612,false,טונה קפרימר בשמן זית,קונסורסיו,ES,טונה קפרימר בשמן זית ולימון 190 גרם,גרמים,190.00,100 גרם,false,12,27.90,14.6842,true,1,347173
8410628460629,false,טונה קפרימר בשמן זית,קונסורסיו,ES,טונה קפרימר בשמן זית וצילי 190 גרם,גרמים,190.00,100 גרם,false,12,27.90,14.6842,true,1,347174
8410702004312,false,יין ויניה לאנזאר אדו,ספרד פליקס סוליס,,יין ויניה לאנזאר אדום יבש 1 ליטר,ליטרים,1.00,ליטר,false,1,24.70,24.7000,true,1,253371
8410702005012,false,סנגריה פניאסול פליקס,ספרד פליקס סוליס,,סנגריה פניאסול פליקס סוליס 1 ליטר,ליטרים,1.00,ליטר,false,1,15.00,15.0000,true,1,251415
8410702027298,false,יין ויניה סאן חואן 7,ספרד פליקס סוליס,,יין ויניה סאן חואן 750 מל פליקס סוליס פק,מיליליטרים,750.00,"100 מ""ל",false,1,35.00,4.6667,true,1,251413
8410702027311,false,יין ויניה סאן חואן 7,ספרד פליקס סוליס,,יין ויניה סאן חואן 750 מל פליקס סוליס פק,מיליליטרים,750.00,"100 מ""ל",false,1,35.00,4.6667,true,1,251414
8410702037501,false,יין פניאסול מרלו 750,ספרד פליקס סוליס,,יין פניאסול מרלו 750 מל,מיליליטרים,750.00,"100 מ""ל",false,1,35.00,4.6667,true,1,317366
8410702037518,false,יין פניאסול קברנה סו,ספרד פליקס סוליס,,יין פניאסול קברנה סוביניון 750 מל,מיליליטרים,750.00,"100 מ""ל",false,1,35.00,4.6667,true,1,317368
8410702037532,false,יין פניאסול שרדונה 7,ספרד פליקס סוליס,,יין פניאסול שרדונה 750 מל,מיליליטרים,750.00,"100 מ""ל",false,1,35.00,4.6667,true,1,317367
8410793001764,false,מארז4יח בירה אסטריה,,,מארז4יח בירה אסטריה דאם דאורה 330מל פקד,מיליליטרים,1980.00,"100 מ""ל",false,1,24.90,1.2576,true,1,339140
8410793022837,false,מארז4יח בירה אסטריה,,,מארז 6יח בירה אסטריה דאם דאורה 330מל פקד,מיליליטרים,1980.00,"100 מ""ל",false,1,24.90,1.2576,true,1,335833
8410793262936,false,בירה אסטרייה דאם דאו,,,בירה אסטרייה דאם דאורה ללא גלוטן 330מל,מיליליטרים,330.00,"100 מ""ל",false,1,11.90,3.6061,true,1,244392
8410869452001,false,יין מרקס דה אריאנזו,,,יין מרקס דה אריאנזו 750מל פקדון,מיליליטרים,750.00,"100 מ""ל",false,1,80.00,10.6667,true,1,245151
8411277063049,false,יין קווה גום סרה ברו,,,יין קווה גום סרה ברוט 750 מל פיקדון,מיליליטרים,750.00,"100 מ""ל",false,1,35.00,4.6667,true,1,239362
8411277205654,false,יין קאווה גום סרה גו,גרסיה,ES,יין קאווה גום סרה גולד 750 מל,מיליליטרים,750.00,"100 מ""ל",false,6,40.00,5.3333,true,1,326472
8411277350118,false,יין קווה גום סרה חצי,,,יין קווה גום סרה חצי יבש 750 מל פיקדון,מיליליטרים,750.00,"100 מ""ל",false,1,35.00,4.6667,true,1,239363
8411320105108,false,פילה אנשובי אורטיז ב,,,פילה אנשובי אורטיז בשמן זית 95 גר,גרמים,95.00,100 גרם,false,1,46.90,49.3684,true,1,238426
8411320234006,false,נתחי טונה אורטיז לבנ,,,נתחי טונה אורטיז לבנה בשמן זית112גר פחית,גרמים,112.00,100 גרם,false,1,19.90,17.7679,true,1,238427
8411320334027,false,נתחי טונה אורטיז צהו,,,נתחי טונה אורטיז צהוב בשמן זית112גר פחית,גרמים,112.00,100 גרם,false,1,15.90,14.1964,true,1,240216
8411320382967,false,טונה אורטיז צהובה בש,,,טונה אורטיז צהובה בשמן זית 220 גר,גרמים,220.00,100 גרם,false,1,37.90,17.2273,true,1,317394
8411423028304,false,יין אדום ריוחה לה קת,ספרד בודגס אולארה,,יין אדום ריוחה לה קתדראל 750מל פקדון,מיליליטרים,750.00,"100 מ""ל",false,1,45.00,6.0000,true,1,309757
8411423041105,false,יין אדום סרו אניון ק,ספרד בודגס אולארה,,יין אדום סרו אניון קריאנזה 750 מל פקדון,מיליליטרים,750.00,"100 מ""ל",false,1,60.00,8.0000,true,1,241355
8411509295002,false,יין קפלאניה רזרב לבן,ספרד מרקז דה מורייטה,,יין קפלאניה רזרב לבן 750מל מרקז דה מוריי,מיליליטרים,750.00,"100 מ""ל",false,1,110.00,14.6667,true,1,246441
8412168002529,false,משקה מחייה לימון 700,,,משקה מחייה לימון 700 מל,מיליליטרים,700.00,"100 מ""ל",false,1,56.90,8.1286,true,1,334296
8412168002543,false,משקה מחייה רוזטה שקד,,,משקה מחייה רוזטה שקדים 700 מל,מיליליטרים,700.00,"100 מ""ל",false,1,56.90,8.1286,true,1,334907
8412168003106,false,משקה מחייה פסיפלורה,,,משקה מחייה פסיפלורה 700 מל,מיליליטרים,700.00,"100 מ""ל",false,1,56.90,8.1286,true,1,343255
8412168008903,false,משקה מחייה אשכוליות,,,משקה מחייה אשכוליות אדומות 700 מל,מיליליטרים,700.00,"100 מ""ל",false,,56.90,8.1286,true,1,334741
8412300801072,false,קרם ניוואה רב שימושי,beiersdorf,,קרם ניוואה רב שימושי 400מל,גרמים,400.00,100 גרם,false,1,42.90,10.7250,true,1,332817
8412423121224,false,יין בודגאס בורסאו גר,,ES,יין בודגאס בורסאו גרנש 750 מל,מיליליטרים,750.00,"100 מ""ל",false,6,45.00,6.0000,true,1,330796
8412449103587,false,יין שרי אדום מתוק פי,,,יין שרי אדום מתוק פינו טיו מטאו 750 מל,מיליליטרים,750.00,"100 מ""ל",false,1,60.00,8.0000,true,1,313894
8412449103600,false,יין שרי לבן יבש מנזי,,,יין שרי לבן יבש מנזינה לה גיטה 750 מל,מיליליטרים,750.00,"100 מ""ל",false,1,60.00,8.0000,true,1,305163
8412497592630,false,קופסת אוכל מרובעת מו,,,קופסת אוכל מרובעת מותגים 1400 מל,Unknown,0.00,Unknown,false,1,27.90,0.0000,true,1,317971
8413393701010,false,יין אדום מרקיז דל גו,,,יין אדום מרקיז דל גוברה ריוחה קריאנז750מ,מיליליטרים,750.00,"100 מ""ל",false,6,60.00,8.0000,true,1,345987
8413529851039,false,יין ויניה אלברדי רזר,ספרד לה ריוחה אלטה,,יין ויניה אלברדי רזרבה750מל פיקדון,מיליליטרים,750.00,"100 מ""ל",false,1,85.00,11.3333,true,1,242528
8413529921053,false,יין אלבריניו פאזו דה,לה ריוחה אלטה,,יין אלבריניו פאזו דה סאואנה 750 מל,מיליליטרים,750.00,"100 מ""ל",false,1,60.00,8.0000,true,1,306020
8413556002633,false,גבינת קפריציו פלפל 1,,,גבינת קפריציו פלפל 145גר,גרמים,145.00,100 גרם,false,1,18.90,13.0345,true,1,332610
8413556002855,false,גבינת קפריציו תבליני,,,גבינת קפריציו תבלינים 145 גרם,גרמים,145.00,100 גרם,false,1,18.90,13.0345,true,1,321532
8413556004835,false,גבינת קפריציו עיזים,,,גבינת קפריציו עיזים טרייה 145גר,גרמים,145.00,100 גרם,false,1,16.90,11.6552,true,1,321530
8413664511447,false,ברוסקטה פאפאס שום ופ,,ES,ברוסקטה פאפאס שום ופטרוזליה150 גרם,גרמים,150.00,100 גרם,false,12,9.90,6.6000,true,1,337694
8413664511706,false,ברוסקטה פאפאס עגבניו,,ES,ברוסקטה פאפאס עגבניות ואורגנו 150 גרם,גרמים,150.00,100 גרם,false,12,9.90,6.6000,true,1,337693
8413664611611,false,חטיף ציפס דליקטס ארג,,,חטיף ציפס דליקטס ארגנטה 180 גרם,גרמים,180.00,100 גרם,false,12,18.90,10.5000,true,1,339365
8413664611956,false,חטיף ציפס ארגנטה עשב,,,חטיף ציפס ארגנטה עשבי תיבול 160 גרם,גרמים,160.00,100 גרם,false,12,18.90,11.8125,true,1,344011
8413664811844,false,חטיף ציפס שמן זית אר,,,חטיף ציפס שמן זית ארגנטה 180 גרם,גרמים,180.00,100 גרם,false,12,18.90,10.5000,true,1,339366
8413664811905,false,חטיף ציפס קינואה מלח,,,חטיף ציפס קינואה מלח ים ארגנטה 180 גרם,גרמים,180.00,100 גרם,false,12,18.90,10.5000,true,1,339367
8413700669729,false,תבשיל ארוחת פאייה יר,,ES,תבשיל ארוחת פאייה ירקות 256 גרם,גרמים,256.00,100 גרם,false,10,25.90,10.1172,true,1,338376
8413831140371,false,יין קאווה פריול סמי,קובידס קסניוס קאווה,,יין קאווה פריול סמי סקו 750 מל,מיליליטרים,750.00,"100 מ""ל",false,1,35.00,4.6667,true,1,306022
8414581100004,false,יין קאנטאברייה סיירה,,,יין קאנטאברייה סיירה גארנאצה 750 מל,מיליליטרים,750.00,"100 מ""ל",false,6,85.00,11.3333,true,1,345994
8414581104002,false,יין אדום קאנטאברייה,,,יין אדום קאנטאברייה סיירה קריאנזה 750 מל,מיליליטרים,750.00,"100 מ""ל",false,6,65.00,8.6667,true,1,345991
8414753700124,false,פילה אנשובי בשמן זית,קונסורסיו,,פילה אנשובי בשמן זית 100 גר צנצנ,גרמים,100.00,100 גרם,false,1,20.00,20.0000,true,1,237357
8414825338163,false,יין מרטין קודאס פיזר,מרטין קודאס,ES,יין מרטין קודאס פיזראס דה אוטרו 750 מל,מיליליטרים,750.00,"100 מ""ל",false,6,60.00,8.0000,true,1,326466
8414825338316,false,יין מרטין קודאס אלבר,,,יין מרטין קודאס אלבריניו מרייטה 750 מל,מיליליטרים,750.00,"100 מ""ל",false,1,60.00,8.0000,true,1,324910
8420071025702,false,גבינת עיזים קברה יין,ספניצ'יז,,גבינת עיזים קברה יין במשקל,קילוגרמים,1.00,"ק""ג",true,,189.00,189.0000,true,1,242677
8420675187158,false,יין סרדה לבן 750 מל,,,יין סרדה לבן 750 מל פיקדון,Unknown,0.00,Unknown,false,1,45.00,0.0000,true,1,317451
8420675387152,false,יין סרדה אדום 750 מל,,,יין סרדה אדום 750 מל פיקדון,Unknown,0.00,Unknown,false,1,45.00,0.0000,true,1,317450
8420708012822,false,גבינת קשקבל בשלה 200,,,גבינת קשקבל בשלה 200 גרם,גרמים,200.00,100 גרם,false,1,22.90,11.4500,true,1,253519
8420708018817,false,גבינת מנצגו 150 גרם,סאן ויסנצה,,גבינת מנצגו 150 גרם,גרמים,150.00,100 גרם,false,1,27.90,18.6000,true,1,310882
8420822130600,false,מסיר שומנים סופר 750,,ES,מסיר שומנים סופר 750מל קיי אייץ7,מיליליטרים,750.00,"100 מ""ל",false,12,15.90,2.1200,true,1,343393
8420822130624,false,מסיר כתמים סופר 750מ,,ES,מסיר כתמים סופר 750מל קיי אייץ7,מיליליטרים,750.00,"100 מ""ל",false,12,19.90,2.6533,true,1,343392
8420878580800,false,עוגת אוראו 350 גרם ק,,ES,עוגת אוראו 350 גרם קפואה,גרמים,350.00,100 גרם,false,6,31.90,9.1143,true,1,346375
8420878580817,false,עוגת פילדלפיה 350גר,,ES,עוגת פילדלפיה 350גר קפואה,גרמים,350.00,100 גרם,false,6,31.90,9.1143,true,1,346374
8420878585744,false,עוגת מילקה 350 גרם ק,,ES,עוגת מילקה 350 גרם קפואה,גרמים,350.00,100 גרם,false,6,31.90,9.1143,true,1,346376
8420878599017,false,עוגת פילדלפיה 350גר,,ES,עוגת פילדלפיה 350גר בציפוי פטל קפואה,גרמים,350.00,100 גרם,false,6,31.90,9.1143,true,1,346377
8421401201209,false,פפריקה ספרדית מעושנת,,ES,פפריקה ספרדית מעושנת מתוקה 70 גרם,Unknown,0.00,Unknown,false,12,14.90,0.0000,true,1,334131
8421401301206,false,פפריקה ספרדית מעושנת,,ES,פפריקה ספרדית מעושנת חריפה 70 גרם,Unknown,0.00,Unknown,false,12,14.90,0.0000,true,1,334130
8422019006002,false,חומץ שרי ספרדי 750 מ,חוזה פאז לובטו,,חומץ שרי ספרדי 750 מל,מיליליטרים,375.00,"100 מ""ל",false,1,39.90,10.6400,true,1,325631
8422019007009,false,חומץ שרי ספרדי 375 מ,חוזה פאז לובטו,,חומץ שרי ספרדי 375 מל,מיליליטרים,375.00,"100 מ""ל",false,1,25.90,6.9067,true,1,255655
8423207206488,false,ח.דגנים סלימדליס שוק,Biocentury,ES,ח.דגנים סלימדליס שוקולד חלב6יח,גרמים,120.00,100 גרם,false,14,11.90,9.9167,true,1,243514
8423207206495,false,ח.דגנים סלימדליס שו,Biocentury,ES,ח.דגנים סלימדליס שוקולד מריר6יח,גרמים,120.00,100 גרם,false,14,11.90,9.9167,true,1,243515
8423207206501,false,ח.דגנים סלימדליס שוק,Biocentury,ES,ח.דגנים סלימדליס שוקולד חלב6יח,גרמים,78.00,100 גרם,false,14,11.90,15.2564,true,1,243516
8423207207362,false,ח.דגנים סלימדליס שוק,Biocentury,ES,ח.דגנים סלימדליס שוקולד לבן6יח,גרמים,120.00,100 גרם,false,14,11.90,9.9167,true,1,248111
8423207208260,false,ח.דגנים סלימדליס ל.ג,Merba BV,,ח.דגנים סלימדליס ל.גלוטן 6יח,גרמים,120.00,100 גרם,false,1,11.90,9.9167,true,1,308511
8423207208680,false,ח.דגנים ילדים סלימדל,Biocentury,ES,ח.דגנים ילדים סלימדליס שוקולד חלב6יח,גרמים,120.00,100 גרם,false,14,11.90,9.9167,true,1,306613
8423207208697,false,ח.דגנים ילדים סלימדל,Biocentury,ES,ח.דגנים ילדים סלימדליס שוקולד לבן6יח,גרמים,120.00,100 גרם,false,14,11.90,9.9167,true,1,306614
8423207208703,false,ח.דגנים ילדים סלימדל,Biocentury,ES,ח.דגנים ילדים סלימדליס שוקולד מריר6יח,גרמים,120.00,100 גרם,false,14,11.90,9.9167,true,1,306615
8423207208871,false,פריכיות תירס טבעי סל,בסינטצ'ורי,,פריכיות תירס טבעי סלים דליס 130 גר,גרמים,130.00,100 גרם,false,1,9.90,7.6154,true,1,308556
8423207208888,false,פריכיות תירס עגבניות,בסינטצ'ורי,,פריכיות תירס עגבניות סלים דליס123.5ג,גרמים,124.00,100 גרם,false,1,9.90,7.9839,true,1,308557
8423207208895,false,פריכיות תירס זיתים ס,בסינטצ'ורי,,פריכיות תירס זיתים סלים דליס123.5ג,גרמים,124.00,100 גרם,false,1,9.90,7.9839,true,1,308558
8423207209748,false,ח.דגנים סלימדליס תפו,,,ח.דגנים סלימדליס תפוז שוקולד6יח,גרמים,182.00,100 גרם,false,16,11.90,6.5385,true,1,319579
8423207209885,false,ח.דגנים סלימדליס שוק,,,ח.דגנים סלימדליס שוקולד חלב 6 יח,גרמים,182.00,100 גרם,false,1,11.90,6.5385,true,1,321095
8423207210287,false,ח.דגנים סלימדליס יוג,Vndmer,,ח.דגנים סלימדליס יוגורט שוקולד לבן6יח,גרמים,182.00,100 גרם,false,1,11.90,6.5385,true,1,324507
8423207210928,false,ח.דגנים סלימדליס טופ,נוטרישן אנד סנטה קוב,ES,ח.דגנים סלימדליס טופינג אגוזי לוז5יח,Unknown,0.00,Unknown,false,16,11.90,0.0000,true,1,333670
8423207210942,false,ח.דגנים סלימדליס טופ,נוטרישן אנד סנטה קוב,ES,ח.דגנים סלימדליס טופינג פירות יער 5יח,Unknown,0.00,Unknown,false,16,11.90,0.0000,true,1,333671
8423207210966,false,ח.דגנים סלימדליס טופ,נוטרישן אנד סנטה קוב,ES,ח.דגנים סלימדליס טופינג קוקוס ולימון5יח,Unknown,0.00,Unknown,false,16,11.90,0.0000,true,1,333669
8423207210980,false,ח.דגנים סלימדליס טופ,נוטרישן אנד סנטה קוב,ES,ח.דגנים סלימדליס טופינג קליפת תפוז5יח,Unknown,0.00,Unknown,false,16,11.90,0.0000,true,1,333672
8423453905692,false,בירה ווילדר לאגר 500,פונטסאלם,,בירה ווילדר לאגר 500מל פחית פקדון,מיליליטרים,500.00,"100 מ""ל",false,24,8.90,1.7800,true,1,326795
8423453905715,false,בירה ווילדר חיטה 500,פונטסאלם,,בירה ווילדר חיטה 500מל פחית פקדון,מיליליטרים,500.00,"100 מ""ל",false,24,7.90,1.5800,true,1,326796
8423453905739,false,מארז 6 יח בירה ווילד,פונטסאלם,,מארז 6 יח בירה ווילדר לאגר 330מל בק.פקדו,מיליליטרים,1980.00,"100 מ""ל",false,4,32.90,1.6616,true,1,326798
8424842050016,false,חטיף רוביו ציפס טעם,,ES,חטיף רוביו ציפס טעם כמהין 125 גרם,לא מנהל יחידת מידה,125.00,לא מנהל יחידת מידה,false,18,13.90,0.1112,true,1,339058
8424842050030,false,חטיף רוביו ציפס ומלח,,ES,חטיף רוביו ציפס ומלח החמלאיה 125 גרם,לא מנהל יחידת מידה,125.00,לא מנהל יחידת מידה,false,18,13.90,0.1112,true,1,339056
8424842050085,false,חטיף רוביו ציפס חרדל,,ES,חטיף רוביו ציפס חרדל ודבש 125 גרם,לא מנהל יחידת מידה,125.00,לא מנהל יחידת מידה,false,18,13.90,0.1112,true,1,339055
8424842201340,false,חטיף רוביו ציפס מסור,,ES,חטיף רוביו ציפס מסורתי 125 גרם,לא מנהל יחידת מידה,125.00,לא מנהל יחידת מידה,false,18,13.90,0.1112,true,1,339057
8425206000081,false,ריבת חלב מרדל 450 גר,,ES,ריבת חלב מרדל 450 גר צנצנת,גרמים,450.00,100 גרם,false,12,20.00,4.4444,true,1,252716
8425206000142,false,ריבת חלב מרדל לחיץ 3,,ES,ריבת חלב מרדל לחיץ 370 גר,גרמים,370.00,100 גרם,false,12,20.00,5.4054,true,1,313394
8425206000272,false,סירופ בטעם ריבת חלב,,ES,סירופ בטעם ריבת חלב 550 גרם,גרמים,550.00,100 גרם,false,12,20.00,3.6364,true,1,325320
8426617111694,false,סוכריות הריבו סטיקס,,GB,סוכריות הריבו סטיקס אבטיח 175 גרם,גרמים,175.00,100 גרם,false,15,14.90,8.5143,true,1,347304
8426617119478,false,סוכריות הריבו סטיקס,,DE,סוכריות הריבו סטיקס פטל 200 גרם,גרמים,200.00,100 גרם,false,15,14.90,7.4500,true,1,344810
8428818164172,false,מלח אטלנטי אפור לח ט,,,מלח אטלנטי אפור לח טבעי 1 קג,קילוגרמים,1.00,"ק""ג",false,1,18.00,18.0000,true,1,255114
8429073010358,false,יין גראטאלופ 08 אלוו,ספרד - אלווארו פאלסי,,יין גראטאלופ 08 אלווארו פאלאסיוס 750מל,מיליליטרים,750.00,"100 מ""ל",false,1,235.00,31.3333,true,1,245184
8429073012253,false,יין לס טראסס אלווארו,ספרד - אלווארו פאלסי,,יין לס טראסס אלווארו פאלאסיוס 750מל,מיליליטרים,750.00,"100 מ""ל",false,1,170.00,22.6667,true,1,245185
8429073013663,false,יין פינקה דופי 2011,ספרד - אלווארו פאלסי,,יין פינקה דופי 2011 אלווארו פאלאס 750 מל,מיליליטרים,750.00,"100 מ""ל",false,1,305.00,40.6667,true,1,251469
8435053329136,false,יין אידיליקו קאזה אר,קאזה ארמיטה,,יין אידיליקו קאזה ארמיטה 750 מל,מיליליטרים,750.00,"100 מ""ל",false,1,80.00,10.6667,true,1,307009
8435053399092,false,יין חומייה קריאנזה 7,קאזה ארמיטה,,יין חומייה קריאנזה 750 מל,מיליליטרים,750.00,"100 מ""ל",false,1,65.00,8.6667,true,1,307017
8435495805168,false,אבקת כביסה תינוקלין,פרוקטר אנד גמבל,,אבקת כביסה תינוקלין 1.25 קג,קילוגרמים,1.25,"ק""ג",false,1,24.90,19.9200,true,1,322718
8435495805199,false,אב.כביסה תינוקלין 3,פרוקטר אנד גמבל,,אב.כביסה תינוקלין 3 קג בשקית,קילוגרמים,3.00,"ק""ג",false,1,49.90,16.6333,true,1,323445
8435495807605,false,מרכך כביסה תינוקלין,פרוקטר אנד גמבל,TR,מרכך כביסה תינוקלין היפואלרגני 1 ליטר,ליטרים,1.00,ליטר,false,15,19.90,19.9000,true,1,325757
8435495807636,false,גל כביסה תינוקלין 2,פרוקטר אנד גמבל,TR,גל כביסה תינוקלין 2 ליטר,ליטרים,2.00,ליטר,false,6,34.90,17.4500,true,1,327477
8435495819363,false,מרכך כביסה תינוקלין,פרוקטר אנד גמבל,TR,מרכך כביסה תינוקלין פרש 1 ליטר,ליטרים,1.00,ליטר,false,15,19.90,19.9000,true,1,343234
8436028380008,false,יין דינסטיה ויונקו20,bodegas vivanco,,יין דינסטיה ויונקו2005 קריאנזה750מל פיקו,מיליליטרים,750.00,"100 מ""ל",false,1,60.00,8.0000,true,1,239341
8436028380015,false,יין ויוואנקו רזרבה ר,bodegas vivanco,ES,יין ויוואנקו רזרבה ריוחה אדום 750 מל,מיליליטרים,750.00,"100 מ""ל",false,1,85.00,11.3333,true,1,239342
8436037403026,false,יין דה מטלאנה טלמו ר,,,יין דה מטלאנה טלמו רודריגז 750מל פקדון,מיליליטרים,750.00,"100 מ""ל",false,1,210.00,28.0000,true,1,248641
8436037407024,false,יין אדום טלמו רודריג,,,יין אדום טלמו רודריגז גאבה דו סיל 750מל,מיליליטרים,750.00,"100 מ""ל",false,1,85.00,11.3333,true,1,248637
8436575292205,false,מאגדת חמשושים 180גר,גלידות נסטלה,ES,מאגדת חמשושים 180גר,גרמים,180.00,100 גרם,false,6,17.90,9.9444,true,1,325876
8437000906209,false,עלי טורטיה קמח מלא,,,עלי טורטיה קמח מלא 16 יח 320 גר,גרמים,320.00,100 גרם,false,1,11.90,3.7188,true,1,241763
8437001603343,false,משקה פינה קולדה 700,,,משקה פינה קולדה 700 מל,מיליליטרים,700.00,"100 מ""ל",false,1,59.00,8.4286,true,1,334295
8437001603565,false,מוחיטו קומפאי 3 לי,,,מוחיטו קומפאי 3 לי,ליטרים,3.00,ליטר,false,1,159.00,53.0000,true,1,250971
8437001603602,false,מוחיטו קומפאיי 700 מ,,,מוחיטו קוצפאיי 700 מל,מיליליטרים,700.00,"100 מ""ל",false,1,65.00,9.2857,true,1,250970
8437001603701,false,משקה סנגריה לוליילו,,,סנגריה לוליילו 750 מל פיקדון,Unknown,0.00,Unknown,false,1,35.00,0.0000,true,1,250968
8437001603787,false,סנגריה לוליילו לבנה,,,סנגריה לוליילו לבנה 3 לי,ליטרים,3.00,ליטר,false,1,59.90,19.9667,true,1,334728
8437005886674,false,אלוי שיכר סנגריה לבן,,ES,אלוי שיכר סנגריה לבן 750 מל,מיליליטרים,750.00,"100 מ""ל",false,12,24.90,3.3200,true,1,330021
8437008915456,false,עלי טורטיה חמישה דגנ,,,עלי טורטיה חמישה דגנים 20 יח 320 גר,גרמים,320.00,100 גרם,false,1,11.90,3.7188,true,1,252248
8437012917019,false,יין לבן גרנש 750 מל,HERENCIA ALTES,,יין לבן גרנש 750 מל,מיליליטרים,750.00,"100 מ""ל",false,1,65.00,8.6667,true,1,253975
8437012917026,false,יין אדום גרנש 750 מל,HERENCIA ALTES,,יין אדום גרנש 750 מל,מיליליטרים,750.00,"100 מ""ל",false,1,65.00,8.6667,true,1,253976
8437012917187,false,יין אדום בנופט 750 מ,HERENCIA ALTES,,יין אדום בנופט 750 מל,מיליליטרים,750.00,"100 מ""ל",false,1,100.00,13.3333,true,1,253977
8437017535256,false,יין בודגאס אלברו פול,,,יין בודגאס אלברו פוליזון אורגני 750 מל,מיליליטרים,750.00,"100 מ""ל",false,1,65.00,8.6667,true,1,343260
8445290341587,false,מזון חתולים פטה דג ל,נסטלה פורינה USA ג',,מזון חתולים פטה דג לבן ועוף 85 גרם,גרמים,85.00,100 גרם,false,24,6.50,7.6471,true,1,346897
8445290341617,false,מזון חתולים פטה עוף,נסטלה פורינה USA סט,,מזון חתולים פטה עוף ווסלמון 85 גר,גרמים,85.00,100 גרם,false,24,6.50,7.6471,true,1,346896
8445290341655,false,מזון חתולים פטה עוף,נסטלה פורינה USA ג',,מזון חתולים פטה עוף 85 גר,גרמים,85.00,100 גרם,false,24,6.50,7.6471,true,1,346898
8445290427120,false,דגני פיטנס שוקולד מר,נסטלה צרפת איטנקורט,,דגני פיטנס שוקולד מריר ובננה 330 ג,גרמים,330.00,100 גרם,false,1,19.90,6.0303,true,1,346541
8593868000050,false,בירה סטארופרמן בהירה,,,בירה סטארופרמן בהירה פח 500 מל פקדון,מיליליטרים,500.00,"100 מ""ל",false,1,8.90,1.7800,true,1,331336
8593868004690,false,בירה מילר לבנה 330מל,,,בירה מילר לבנה 330מל בקבוק,מיליליטרים,330.00,"100 מ""ל",false,1,10.00,3.0303,true,1,328458
8593868004737,false,מארז 6 יח בירה מילר,,,מארז 6 יח בירה מילר בק 330 מל פקדון,ליטרים,1.98,ליטר,false,1,39.90,20.1515,true,1,328457
8593868006014,false,בירה בלו מון 500 מל,,CZ,בירה בלו מון 500 מל 5.4% פח. פקדון,מיליליטרים,500.00,"100 מ""ל",false,24,11.90,2.3800,true,1,336577
8594006931328,false,בירה פרימטור וויצנבי,,,בירה פרימטור וויצנביר 5% 500 מל,מיליליטרים,500.00,"100 מ""ל",false,1,11.90,2.3800,true,1,242702
8594166371248,false,בירה לאגר זלאטה פראג,ג'נרל אינווסטמנטס,,בירה לאגר זלאטה פראגה צכית 500מל פחית,מיליליטרים,500.00,"100 מ""ל",false,24,6.90,1.3800,true,1,329758
8594196130549,false,משקה אנרגיה ט.קאנביס,,CZ,משקה אנרגיה ט.קאנביס 330מל פח.פקדון,מיליליטרים,330.00,"100 מ""ל",false,24,8.90,2.6970,true,1,344835
8594200060015,false,בירה צסקה פינטה 500מ,"""cesu alus""",,בירה צסקה פינטה 500מל פח.פקדון,מיליליטרים,500.00,"100 מ""ל",false,1,10.00,2.0000,true,1,347105
8594403705010,false,בירה באדוויזר דארק,בראו יוניון,,בירה באדוויזר דארק לאגר 500מל פח.פקדון,מיליליטרים,500.00,"100 מ""ל",false,1,8.90,1.7800,true,1,334938
8594403707649,false,בירה באדוויזר דארק,בראו יוניון,,בירה באדוויזר דארק לאגר 500מל פח.פקדון,מיליליטרים,500.00,"100 מ""ל",false,1,8.90,1.7800,true,1,345142
8594403707977,false,בירה באדוויזר לאגר 5,,,בירה באדוויזר לאגר 500מל פח.פקדון,מיליליטרים,500.00,"100 מ""ל",false,1,8.90,1.7800,true,1,346002
8594404110110,false,בירה פילזנר אורקוול,,,בירה פילזנר אורקוול 500מל,מיליליטרים,500.00,"100 מ""ל",false,1,14.90,2.9800,true,1,229443
8594405105429,false,ליקר בחרובקה 700 מל,,,ליקר בחרובקה 700 מל,מיליליטרים,700.00,"100 מ""ל",false,1,99.00,14.1429,true,1,327210
8606018615827,false,גלידה פיינט אוראו 48,גלידות נסטלה,,גלידה פיינט אוראו 480מל,מיליליטרים,480.00,"100 מ""ל",false,6,19.90,4.1458,true,1,344164
8606018615841,false,גלידה פיינט מילקה ונ,גלידות נסטלה,,גלידה פיינט מילקה וניל ליבת שוקולד 480מל,מיליליטרים,480.00,"100 מ""ל",false,6,19.90,4.1458,true,1,344165
8606018615865,false,גלידה פיינט מילקה קר,גלידות נסטלה,,גלידה פיינט מילקה קרמל ליבת שוקולד 480מל,מיליליטרים,480.00,"100 מ""ל",false,6,19.90,4.1458,true,1,344166
8606109023593,false,מיץ פרוויטה תפוחי עץ,,,מיץ פרוויטה תפוחי עץ אגסים 750מל פקדון,מיליליטרים,750.00,"100 מ""ל",false,6,12.90,1.7200,true,1,334307
8606109023609,false,מיץ פרוויטה תפוחי עץ,,,מיץ פרוויטה תפוחי עץ דובדבן 750מל פקדון,מיליליטרים,750.00,"100 מ""ל",false,6,12.90,1.7200,true,1,334308
8606109023623,false,מיץ פרוויטה תפוחי עץ,,,מיץ פרוויטה תפוחי עץ לימון ליים750מל פק.,מיליליטרים,750.00,"100 מ""ל",false,6,12.90,1.7200,true,1,334310
8606109023715,false,מיץ פרוויטה תפוחי עץ,,,מיץ פרוויטה תפוחי עץ אפרסקים 750מל פקדון,מיליליטרים,750.00,"100 מ""ל",false,6,12.90,1.7200,true,1,335108
8606109023722,false,מיץ פרוויטה תפוחי עץ,,,מיץ פרוויטה תפוחי עץ משמשים 750מל פקדון,מיליליטרים,750.00,"100 מ""ל",false,6,12.90,1.7200,true,1,335107
8683130008348,false,מיונז הלמנס חריף לחי,,TR,מיונז הלמנס חריף לחיץ 400 גרם,גרמים,400.00,100 גרם,false,8,13.90,3.4750,true,1,342372
8683130008355,false,מיונז הלמנס שום לחיץ,,TR,מיונז הלמנס שום לחיץ 400 גרם,גרמים,400.00,100 גרם,false,8,13.90,3.4750,true,1,342371
8683130008935,false,הלמנס קטשיונז 425 גר,,TR,הלמנס קטשיונז 425 גרם,גרמים,425.00,100 גרם,false,8,13.90,3.2706,true,1,343573
8683130025581,false,מרכך כביסה בדין אקסט,יוניליוור,,מרכך כביסה בדין אקסטרא ענבר 960 מל,מיליליטרים,960.00,"100 מ""ל",false,1,16.90,1.7604,true,1,346157
8683323063024,false,גומי יוגטה תותי פרוט,סאדאט,,ממתק יוגטה תותי פרוטי 220גרם,גרמים,220.00,100 גרם,false,1,6.90,3.1364,true,1,313806
8686868600068,false,אביזרי שיער,,CN,אביזרי שיער,Unknown,0.00,Unknown,false,1,8.90,0.0000,true,1,318011
8686868600075,false,אביזרי שיער,,CN,אביזרי שיער,Unknown,0.00,Unknown,false,1,9.90,0.0000,true,1,318012
8686868600099,false,אביזרי שיער,,CN,אביזרי שיער,Unknown,0.00,Unknown,false,1,11.90,0.0000,true,1,318014
8686868600112,false,אביזרי שיער,,CN,אביזרי שיער,Unknown,0.00,Unknown,false,1,13.90,0.0000,true,1,318016
8686868600150,false,אביזרי שיער,,CN,אביזרי שיער,Unknown,0.00,Unknown,false,1,17.90,0.0000,true,1,318020
8686868600204,false,אביזרי מניקור,,CN,אביזרי מניקור,Unknown,0.00,Unknown,false,1,9.90,0.0000,true,1,318027
8686868600211,false,מטריית ילדים,,,מטריית ילדים,Unknown,0.00,Unknown,false,1,19.90,0.0000,true,1,334836
8686868600259,false,מטריה אוטומטית,,CN,מטריה אוטומטית,Unknown,0.00,Unknown,false,1,29.90,0.0000,true,1,318627
8690504081913,false,ביסקויט טינס מצופה ח,MACVUTES,,ביסקויט טינס מצופה חלב 150 גרם,גרמים,150.00,100 גרם,false,1,10.90,7.2667,true,1,322170
8690504081920,false,ביסקויט טינס מצופה מ,MACVUTES,,ביסקויט טינס מצופה מריר 150 גרם,גרמים,150.00,100 גרם,false,1,10.90,7.2667,true,1,322169
8690504081937,false,ביסקויט טינס מצופה ק,MACVUTES,,ביסקויט טינס מצופה קפוצינו 150 גרם,גרמים,150.00,100 גרם,false,1,10.90,7.2667,true,1,322171
8690504153740,false,שוקולד גודאיבה מריר,,,שוקולד גודאיבה מריר גנאש מריר 86 גרם,Unknown,0.00,Unknown,false,18,13.90,0.0000,true,1,325667
8690504153849,false,שוקולד גודאיבה חלב ק,,,שוקולד גודאיבה חלב ק.אגוז86 גרם,Unknown,0.00,Unknown,false,18,13.90,0.0000,true,1,325668
8690504156543,false,שוקולד גודאיבה גנאש,,,שוקולד גודאיבה גנאש חלב 88 גרם,Unknown,0.00,Unknown,false,18,13.90,0.0000,true,1,330624
8690526009254,false,מיני עוגה אישית מצופ,,TR,מיני עוגה אישית מצופה מילוי קרם קקאו144,גרמים,144.00,100 גרם,false,20,9.90,6.8750,true,1,340732
8690526009278,false,חטיף קרמל מצופה שוקו,,TR,חטיף קרמל מצופה שוקודלד ודגנים 126 גרם,גרמים,114.00,100 גרם,false,20,9.90,8.6842,true,1,340733
8690526009308,false,חטיף קוקוס מצופה שוק,,TR,חטיף קוקוס מצופה שוקודלד ודגנים 126 גרם,גרמים,114.00,100 גרם,false,20,9.90,8.6842,true,1,340734
8690526019147,false,וופל קקאו במילוי קרם,,TR,וופל קקאו במילוי קרם אגוזי לוז 142 גרם,גרמים,142.00,100 גרם,false,20,7.90,5.5634,true,1,340728
8690526019154,false,וופל קקאו במילוי קרם,,TR,וופל קקאו במילוי קרם קקאו 142 גרם,גרמים,142.00,100 גרם,false,20,7.90,5.5634,true,1,340726
8690526019178,false,וופל קקאו במילוי קרם,,TR,וופל קקאו במילוי קרם קוקוס 142 גרם,גרמים,142.00,100 גרם,false,20,7.90,5.5634,true,1,340727
8690526019185,false,וופל קקאו במילוי קרם,,TR,וופל קקאו במילוי קרם שוקולד 142 גרם,גרמים,142.00,100 גרם,false,20,7.90,5.5634,true,1,340729
8690526029238,false,מארז 3 יח וופל מריר,,TR,מארז 3 יח וופל מריר 50 גרם,גרמים,150.00,100 גרם,false,20,9.90,6.6000,true,1,340736
8690526035697,false,וופל מיני מצופה ממול,,TR,וופל מיני מצופה ממולא קרם קקאו 112 גרם,גרמים,112.00,100 גרם,false,20,9.90,8.8393,true,1,340731
8690526039213,false,עוגיות מצופות שוקולד,,TR,עוגיות מצופות שוקולד וקוקס קלוי 100 גרם,גרמים,100.00,100 גרם,false,20,7.90,7.9000,true,1,340730
8690531032377,false,פלפל שיפקונית גורמט,,TR,פלפל שיפקונית גורמט 340 גרם,גרמים,34000.00,100 גרם,false,12,7.90,0.0232,true,1,335214
8690572775288,false,מרכך שיער גליס דיפ ר,,,מרכך שיער גליס דיפ ריפייר 400 מל,מיליליטרים,400.00,"100 מ""ל",false,1,16.90,4.2250,true,1,308186
8690572778326,false,דאו פה ספריי דריי פר,שוורצקופף והנקל,,דאו פה ספריי דריי פרוטקט כותנה 200 מל,מיליליטרים,200.00,"100 מ""ל",false,1,11.90,5.9500,true,1,313277
8690572783931,false,דאו פה ספריי 200מל כ,שוורצקופף והנקל,DE,דאו פה ספריי 200מל כח לא נראה,מיליליטרים,200.00,"100 מ""ל",false,12,11.90,5.9500,true,1,321501
8690572784303,false,שמפו גליס 400מל לאור,שוורצקופף והנקל,,שמפו גליס 400מל לאורך מושלם,מיליליטרים,400.00,"100 מ""ל",false,1,16.90,4.2250,true,1,324136
8690572784327,false,מסכת שיער גליס 300מל,שוורצקופף והנקל,,מסכת שיער גליס 300מל לאורך מושלם,מיליליטרים,300.00,"100 מ""ל",false,1,24.90,8.3000,true,1,324137
8690572785911,false,מרכך שיער סאיוס 600מ,שוורצקופף והנקל,,מרכך שיער סאיוס 600מל לשיער גלי ומתולתל,מיליליטרים,600.00,"100 מ""ל",false,1,11.90,1.9833,true,1,324140
8690572785928,false,שמפו סאיוס 600מל לשי,שוורצקופף והנקל,,שמפו סאיוס 600מל לשיער גלי ומתולתל,מיליליטרים,600.00,"100 מ""ל",false,1,11.90,1.9833,true,1,324139
8690572786222,false,מרכך שיער גליס 400מל,שוורצקופף והנקל,,מרכך שיער גליס 400מל לאורך מושלם,מיליליטרים,400.00,"100 מ""ל",false,1,16.90,4.2250,true,1,324135
8690572788851,false,שמפו גליס ביוטק 400,שוורצקופף והנקל,,שמפו גליס ביוטק 400 מל,מיליליטרים,400.00,"100 מ""ל",false,1,16.90,4.2250,true,1,330609
8690572788912,false,מרכך גליס ביוטק 400,שוורצקופף והנקל,,מרכך גליס ביוטק 400 מל,מיליליטרים,400.00,"100 מ""ל",false,1,16.90,4.2250,true,1,330610
8690572794692,false,שמפו גליס נוטרי באלא,שוורצקופף והנקל,,שמפו גליס נוטרי באלאנס 400 מל,מיליליטרים,400.00,"100 מ""ל",false,1,16.90,4.2250,true,1,337212
8690572794715,false,מרכך שיער גליס נוטרי,,,מרכך שיער גליס נוטרי באלאנס 400 מל,מיליליטרים,400.00,"100 מ""ל",false,1,16.90,4.2250,true,1,337213
8690637073373,false,תה ארל גריי 25 יח לי,יוניליוור,IL,ארל גריי - 25 סרוויס,יחידה,25.00,יחידה,false,12,8.00,0.3200,true,1,235576
8690637073434,false,תה ארל גריי 100 יח,יוניליוור,,תה ארל גריי 100 יח ליפטון,יחידה,100.00,יחידה,false,1,21.90,0.2190,true,1,235577
8690637503856,false,מיונז הלמנס אמיתי לח,יוניליוור,TR,מיונז הלמנס אמיתי לחיץ 395 גר,גרמים,395.00,100 גרם,false,8,13.90,3.5190,true,1,335829
8690637504426,false,קרם סיף לניקוי לימון,יוניליוור,,קרם סיף לניקוי לימון 500 מל,מיליליטרים,500.00,"100 מ""ל",false,1,14.90,2.9800,true,1,343203
8690637505607,false,מרכך כביסה בדין אקסט,יוניליוור,,מרכך כביסה בדין אקסטרא 960מל פינוק קלאסי,מיליליטרים,960.00,"100 מ""ל",false,1,16.90,1.7604,true,1,338785
8690637505614,false,מרכך כביסה בדין אקסט,יוניליוור,,מרכך כביסה בדין אקסטרא 960מל פינוק קוקוס,מיליליטרים,960.00,"100 מ""ל",false,1,16.90,1.7604,true,1,338786
8690637505935,false,תרחיץ ידיים דאב 500מ,,,תרחיץ ידיים דאב 500מל ניחוח אבוקדו,מיליליטרים,500.00,"100 מ""ל",false,1,18.90,3.7800,true,1,343197
8690637505959,false,תרחיץ ידיים דאב 500מ,,,תרחיץ ידיים דאב 500מל ניחוח לוטוס,מיליליטרים,500.00,"100 מ""ל",false,1,18.90,3.7800,true,1,343198
8690637555084,false,מרכך כביסה בדין אקסט,יוניליוור,IL,בדין אקסטרא פריחת התפוז 960מל,מיליליטרים,960.00,"100 מ""ל",false,16,16.90,1.7604,true,1,237450
8690637688195,false,תה ליפטון ירוק קלאסי,יוניליוור,IL,ליפטון תה ירוק מעטפות קלאסי,יחידה,20.00,יחידה,false,12,15.90,0.7950,true,1,251054
8690637704277,false,שמפו דאב יום יומי 2,יוניליוור,,שמפו דאב יום יומי 2 ב1 600 מל,מיליליטרים,600.00,"100 מ""ל",false,1,18.90,3.1500,true,1,253596
8690637704376,false,שמפו דאב עם שמן אבוק,יוניליוור,,שמפו דאב יום יומי 600 מל,מיליליטרים,600.00,"100 מ""ל",false,1,18.90,3.1500,true,1,253597
8690637704390,false,מרכך דאב יום יומי 60,יוניליוור,,מרכך דאב יום יומי 600 מל,מיליליטרים,600.00,"100 מ""ל",false,1,18.90,3.1500,true,1,253591
8690637704413,false,מרכך דאב לשיקום שיער,יוניליוור,,מרכך דאב לשיקום שיער פגום 600 מל,מיליליטרים,600.00,"100 מ""ל",false,1,18.90,3.1500,true,1,253590
8690637704437,false,שמפו דאב שמני הזנה 6,יוניליוור,,שמפו דאב שמני הזנה 600 מל,מיליליטרים,600.00,"100 מ""ל",false,1,18.90,3.1500,true,1,253598
8690637704451,false,מרכך דאב שמני הזנה 6,יוניליוור,,מרכך דאב שמני הזנה 600 מל,מיליליטרים,600.00,"100 מ""ל",false,1,18.90,3.1500,true,1,253592
8690637799594,false,תה ליפטון ירוק נענע,יוניליוור,,תה ליפטון ירוק נענע מרוקאי 20 יח,יחידה,20.00,יחידה,false,1,15.90,0.7950,true,1,309961
8690637835643,false,תה ליפטון ירוק לימונ,יוניליוור,,תה ליפטון ירוק לימונית לואיזה 20 יח,יחידה,20.00,יחידה,false,1,15.90,0.7950,true,1,317509
8690637842399,false,מאגדת מיני מגנום דאב,"גלידת שטראוס בע""מ",,מאגדת מיני מגנום דאבל שוקולד פרי יער 6יח,גרמים,282.00,100 גרם,false,1,29.90,10.6028,true,1,321447
8690637858734,false,סיף גל לאסלות לימון,יוניליוור,,סיף גל לאסלות לימון 750 מל,מיליליטרים,750.00,"100 מ""ל",false,1,12.90,1.7200,true,1,324209
8690637858741,false,סיף גל לאסלות רוח ים,יוניליוור,,סיף גל לאסלות רוח ים 750 מל,מיליליטרים,750.00,"100 מ""ל",false,1,12.90,1.7200,true,1,324208
8690637865596,false,תרחיץ ידיים דאב הזנה,,,תרחיץ ידיים דאב הזנה 500מל,מיליליטרים,500.00,"100 מ""ל",false,1,18.90,3.7800,true,1,327315
8690637866685,false,קרם סיף לניקוי לימון,יוניליוור,,קרם סיף לניקוי לימון 500 מל קריסטל,מיליליטרים,500.00,"100 מ""ל",false,1,14.90,2.9800,true,1,322862
8690637871047,false,שמפו דאב שמן קוקוס ו,יוניליוור,,שמפו דאב שמן קוקוס וכורכום 600 מל,מיליליטרים,600.00,"100 מ""ל",false,1,18.90,3.1500,true,1,325188
8690637871061,false,שמפו דאב שמן אבוקדו,יוניליוור,,שמפו דאב שמן אבוקדו ותמציות קלנדולה 600מ,מיליליטרים,600.00,"100 מ""ל",false,1,18.90,3.1500,true,1,325189
8690637871085,false,רוטב הלמנס ברביקיו ל,יוניליוור,TR,רוטב הלמנס ברביקיו לחיץ 250 גר,גרמים,250.00,100 גרם,false,12,11.90,4.7600,true,1,328724
8690637871108,false,חרדל הלמנס לחיץ 250,יוניליוור,TR,חרדל הלמנס לחיץ 250 גר,גרמים,250.00,100 גרם,false,12,11.90,4.7600,true,1,328723
8690637871245,false,מיונז הלמנס אמיתי לח,יוניליוור,TR,מיונז הלמנס אמיתי לחיץ 395 גר,גרמים,395.00,100 גרם,false,8,13.90,3.5190,true,1,327641
8690637890666,false,מאגדת מיני מגנום דאב,"גלידת שטראוס בע""מ",,מאגדת מיני מגנום דאבל פיסטוק 282גר 6יח,גרמים,282.00,100 גרם,false,1,29.90,10.6028,true,1,326705
8690637916977,false,מרכך דאב קוקוס 600מל,יוניליוור,,מרכך דאב קוקוס 600מל,מיליליטרים,600.00,"100 מ""ל",false,1,18.90,3.1500,true,1,328618
8690637935701,false,מרכך כביסה בדין אקסט,יוניליוור,,מרכך כביסה בדין אקסטרא דובדבן שקד 960מל,מיליליטרים,960.00,"100 מ""ל",false,1,16.90,1.7604,true,1,331226
8690637946301,false,מרכך כביסה בדין בייב,יוניליוור,,מרכך כביסה בדין בייבי כחול 960 מל,מיליליטרים,960.00,"100 מ""ל",false,1,16.90,1.7604,true,1,331623
8690637946318,false,מרכך כביסה בדין בייב,יוניליוור,,מרכך כביסה בדין בייבי צהוב 960 מל,מיליליטרים,960.00,"100 מ""ל",false,1,16.90,1.7604,true,1,331622
8690637971310,false,מרכך כביסה בדין אקסט,יוניליוור,,מרכך כביסה בדין אקסטרא יערת דבש 960מל,מיליליטרים,960.00,"100 מ""ל",false,1,16.90,1.7604,true,1,334522
8690637976995,false,מרכך כביסה בדין אקסט,יוניליוור,,מרכך כביסה בדין אקסטרא ורוד 960מל,מיליליטרים,960.00,"100 מ""ל",false,1,16.90,1.7604,true,1,334523
8690637987281,false,ספריי דומסטוס אקונומ,יוניליוור,TR,ספריי דומסטוס אקונומיקה 750מל,מיליליטרים,750.00,"100 מ""ל",false,20,12.90,1.7200,true,1,336581
8690637989612,false,מאגדת מיני מגנום דאב,"גלידת שטראוס בע""מ",,מאגדת מיני מגנום דאבל דולצה גולד 6יח,גרמים,282.00,100 גרם,false,1,29.90,10.6028,true,1,337028
8690734354412,false,ספוגיות מתכת סקוטש ב,3m,CN,ספוגיות מתכת סקוטש ברייט אל חלד 2יח,יחידה,2.00,יחידה,false,24,8.90,4.4500,true,1,346578
8690757002444,false,נוזל להברקת נעלים שח,,TR,נוזל להברקת נעלים שחור 75 מל,Unknown,0.00,Unknown,false,6,6.90,0.0000,true,1,317981
8690757002451,false,נוזל להברקת נעלים חו,,TR,נוזל להברקת נעלים חום 75 מל,Unknown,0.00,Unknown,false,6,6.90,0.0000,true,1,317979
8690757002468,false,נוזל להברקת נעלים לב,,TR,נוזל להברקת נעלים לבן 75 מל,Unknown,0.00,Unknown,false,6,6.90,0.0000,true,1,317980
8690757002475,false,ספוג להברקת נעליים ג,,,ספוג להברקת נעליים גדול נטורל סילבר,Unknown,0.00,Unknown,false,1,6.90,0.0000,true,1,317982
8690757002482,false,ספוג להברקת נעליים ע,,,ספוג להברקת נעליים עם צבע שחור סילבר,Unknown,0.00,Unknown,false,1,11.90,0.0000,true,1,317983
8690757002819,false,תרסיס מונע ריח לנעלי,סילברמיל,TR,תרסיס מונע ריח לנעליים 100 מל סילבר,מיליליטרים,100.00,"100 מ""ל",false,6,26.90,26.9000,true,1,330549
8690766156367,false,שוקולד גודאיבה פיור,,,שוקולד גודאיבה פיור חלב 90 גר,Unknown,0.00,Unknown,false,18,14.90,0.0000,true,1,330625
8690766156374,false,שוקולד גודאיבה פיור,,,שוקולד גודאיבה פיור 72% מריר 90גר,Unknown,0.00,Unknown,false,18,14.90,0.0000,true,1,330627
8690766156381,false,שוקולד גודאיבה פיור9,,,שוקולד גודאיבה פיור90% מריר 90 גר,Unknown,0.00,Unknown,false,18,14.90,0.0000,true,1,330628
8690766156398,false,שוקולד גודאיבה פיור,,,שוקולד גודאיבה פיור חלב שברי שקדים 90גר,Unknown,0.00,Unknown,false,18,14.90,0.0000,true,1,330630
8690777203012,false,פלפל ירוק כבוש לא חר,קורהאן,,פלפל ירוק כבוש לא חריף 600 גר סרא,גרמים,600.00,100 גרם,false,1,12.90,2.1500,true,1,236245
8690777204071,false,פלפל חריף כבוש 640 ג,קורהאן,,פלפל חריף כבוש 640 גר סרא,גרמים,640.00,100 גרם,false,1,12.90,2.0156,true,1,236246
8690777206051,false,חציל קלוי על האש 650,קורהאן,,חציל קלוי על האש 650 גר,גרמים,650.00,100 גרם,false,1,12.90,1.9846,true,1,234972
8690777221405,false,פלפל אדום קלוי על הא,קורהאן,,פלפל אדום קלוי על האש 650 גר סרא,גרמים,650.00,100 גרם,false,1,12.90,1.9846,true,1,236247
8690784516440,false,נוזל אסלות דאק 750מל,SC Jonson,,נוזל אסלות דאק 750מל לבנדר,מיליליטרים,750.00,"100 מ""ל",false,1,10.90,1.4533,true,1,318911
8690784516662,false,גל אסלות דאק אקונומי,אס.סי.גונסון,IT,גל אסלות דאק אקונומיקה מקציפה 750מל,מיליליטרים,750.00,"100 מ""ל",false,12,10.90,1.4533,true,1,323536
8690784616775,false,סבון אסלה מוצק דאק א,,RS,סבון אסלה מוצק דאק אקווה בלו 4 ב1,יחידה,1.00,יחידה,false,12,9.90,9.9000,true,1,324807
8691451018335,false,דבק סופר גלו גל לוקט,,IE,דבק סופר גלו גל לוקטייט בעט,Unknown,0.00,Unknown,false,6,24.90,0.0000,true,1,330774
8691530924670,false,סירופ רימונים 345 מל,נטורסן,,סירופ רימונים 345 מל נטורסן,ליטרים,1.00,ליטר,false,1,16.90,16.9000,true,1,321912
8693323085100,false,גומי שטיח יוגטה פירו,,,גומי שטיח יוגטה פירות 100 גר,גרמים,100.00,100 גרם,false,1,4.90,4.9000,true,1,324896
8693323087104,false,גומי שטיח יוגטה צורו,,,גומי שטיח יוגטה צורות 100 גר,גרמים,100.00,100 גרם,false,1,4.90,4.9000,true,1,324898
8693323099107,false,מרשמלו יוגטה לבבות 1,סאדאט,,מרשמלו יוגטה לבבות 150 גר,גרמים,180.00,100 גרם,false,1,5.90,3.2778,true,1,319682
8693495037853,false,זוג מברשת שיניים סלי,CP- China-SH,CN,זוג מברשת שיניים סלים סופט,יחידה,2.00,יחידה,false,12,29.90,14.9500,true,1,245844
8693495050333,false,אלסבון פלמוליב לגבר,CP - Turkey+60,,אלסבון פלמוליב לגבר לימון ירוק 500 מל,מיליליטרים,500.00,"100 מ""ל",false,1,16.90,3.3800,true,1,317164
8693495051002,false,מברשת שיניים קולגייט,CP- China-SH,,מברשת שיניים קולגייט מיניונים 6פלוס,יחידה,1.00,יחידה,false,1,14.90,14.9000,true,1,317610
8693495051255,false,מברשת שיניים קולגייט,קולגייט,,מברשת שיניים קולגייט זוג סלים סופט זהב,יחידה,2.00,יחידה,false,1,34.90,17.4500,true,1,318146
8693495052177,false,אלסבון פלמוליב משאבה,CP - Turkey+60,,אלסבון פלמוליב משאבה זיתים 750 מל,מיליליטרים,750.00,"100 מ""ל",false,1,17.90,2.3867,true,1,320769
8693495052931,false,מברשת שיניים קולגייט,קולגייט,CN,מברשת שיניים קולגייט זוג 360 אדוונס,יחידה,2.00,יחידה,false,12,36.90,18.4500,true,1,327836
8693495054034,false,אלסבון פלמוליב משאבה,CP - Turkey+60,,אלסבון פלמוליב משאבה לומינוס אבוקדו750מל,מיליליטרים,750.00,"100 מ""ל",false,1,17.90,2.3867,true,1,342474
8693495054058,false,אלסבון פלמוליב משאבה,CP - Turkey+60,,אלסבון פלמוליב משאבה לומינוס מקדמיה750מל,מיליליטרים,750.00,"100 מ""ל",false,1,17.90,2.3867,true,1,342475
8693804012519,false,עלי בצק פילו יופקה 5,,TR,עלי בצק פילו יופקה 500 גרם,גרמים,500.00,100 גרם,false,12,15.90,3.1800,true,1,331964
8695543006668,false,גבינת רסטה 200גר,מוטיבי גידה דיירי אי,TR,גבינת רסטה 200גר,גרמים,200.00,100 גרם,false,12,19.90,9.9500,true,1,326646
8697040108975,false,סבון היגיינה אסותא 4,,TR,סבון היגיינה אסותא 400 מל,מיליליטרים,400.00,"100 מ""ל",false,12,12.90,3.2250,true,1,315834
8697040108982,false,סבון נוזלי אסותא 400,,TR,סבון נוזלי אסותא 400 מל,מיליליטרים,400.00,"100 מ""ל",false,12,12.90,3.2250,true,1,315835
8697040109323,false,סבון מוצק אסותא 100,אטש סונמז כימיה,TR,סבון מוצק אסותא 100 גר,גרמים,100.00,100 גרם,false,48,4.90,4.9000,true,1,315836
8697040109859,false,סבון נוזלי אסותא 1לי,,IL,סבון נוזלי אסותא 1ליטר משאבה סגול,ליטרים,1.00,ליטר,false,12,9.90,9.9000,true,1,336295
8697040109873,false,סבון נוזלי אסותא 1לי,,IL,סבון נוזלי אסותא 1ליטר משאבה כחול,ליטרים,1.00,ליטר,false,12,9.90,9.9000,true,1,336297
8697040109897,false,סבון נוזלי אסותא 1לי,,IL,סבון נוזלי אסותא 1ליטר משאבה צהוב,ליטרים,1.00,ליטר,false,12,9.90,9.9000,true,1,336299
8697040109910,false,גל רחצה אסותא 700מל,,,גל רחצה אסותא 700מל פירות יער,מיליליטרים,700.00,"100 מ""ל",false,12,8.90,1.2714,true,1,335740
8697040109941,false,גל רחצה אסותא 700מל,,,גל רחצה אסותא 700מל ורדים,מיליליטרים,700.00,"100 מ""ל",false,12,8.90,1.2714,true,1,335743
8697418280111,false,עלי טורטייה לה וילה8,,TR,עלי טורטייה 840 גר 25 סמ,גרמים,840.00,100 גרם,false,12,23.90,2.8452,true,1,233216
8697418280128,false,עלי טורטייה לה וליה,,TR,עלי טורטייה לה וליה 540 גר 20סמ,גרמים,540.00,100 גרם,false,12,21.90,4.0556,true,1,233870
8697418280173,false,עלי טורטייה חיטה מלא,,TR,עלי טורטייה חיטה מלאה לה וליה 840 גרם,גרמים,840.00,100 גרם,false,12,24.90,2.9643,true,1,233871
8697418280180,false,עלי טורטיה לה וילה 3,,TR,עלי טורטיה לה וילה 360 גרם 30 יח,גרמים,360.00,100 גרם,false,12,14.90,4.1389,true,1,322003
8697418280333,false,שערות קדאיף יבש לואל,,TR,שערות קדאיף יבש לואליה 500 גר,גרמים,500.00,100 גרם,false,12,19.90,3.9800,true,1,322126
8697431460064,false,קונפ.משמש 70% פרי 45,,,קונפ.משמש 70% פרי 450 גר,גרמים,450.00,100 גרם,false,1,12.90,2.8667,true,1,229493
8697431460217,false,קונפ.תפוזים 70% פרי,,,קונפ.תפוזים 70% פרי 450 גר,גרמים,450.00,100 גרם,false,1,12.90,2.8667,true,1,230528
8697431460378,false,קונפ.שזיפים 70% פרי,,,קונפ.שזיפים 70% פרי 450 גר,גרמים,450.00,100 גרם,false,1,12.90,2.8667,true,1,230780
8697431921701,false,קונפ.תות 70% פרי 45,,,קונפ.תות 70% פרי 450 גר,גרמים,450.00,100 גרם,false,1,12.90,2.8667,true,1,252474
8697431921718,false,קונפ.דובדבן חמוץ 70%,,,קונפ.דובדבן חמוץ 70% פרי 450 גר,גרמים,450.00,100 גרם,false,1,12.90,2.8667,true,1,252532
8697431925143,false,קונפ.פירות יער 70% פ,,,קונפ.פירות יער 70% פרי 450 גר,גרמים,450.00,100 גרם,false,1,12.90,2.8667,true,1,252752
8697659224035,false,מטהר אויר אקווה 400מ,יעקובי,,מטהר אויר אקווה 400מל,מיליליטרים,400.00,"100 מ""ל",false,1,10.90,2.7250,true,1,311881
8697659224042,false,מטהר אויר אושן 400מל,יעקובי,,מטהר אויר אושן 400מל,מיליליטרים,400.00,"100 מ""ל",false,1,10.90,2.7250,true,1,311882
8697659224066,false,מטהר אויר טרופיקל 40,יעקובי,,מטהר אויר טרופיקל 400מל,מיליליטרים,400.00,"100 מ""ל",false,1,10.90,2.7250,true,1,311883
8697659225179,false,מטהר אויר עלי נענע פ,אטקה,,מטהר אויר עלי נענע פירות יער 250 מל,מיליליטרים,250.00,"100 מ""ל",false,1,12.90,5.1600,true,1,313643
8697659225186,false,מטהר אויר משב הכותנה,אטקה,,מטהר אויר משב הכותנה 250 מל,מיליליטרים,250.00,"100 מ""ל",false,1,12.90,5.1600,true,1,313641
8697659230807,false,מבשם אויר פרח הפלא כ,,,מבשם אויר פרח הפלא כתום וניל אגס,Unknown,0.00,Unknown,false,1,20.90,0.0000,true,1,324389
8697659230838,false,מבשם אויר פרח הפלא י,,,מבשם אויר פרח הפלא ירוק 75מל,Unknown,0.00,Unknown,false,1,20.90,0.0000,true,1,324390
8697659232733,false,מבשם אריגים 425 מל,,,מבשם אריגים 425 מל פרש כותנה,מיליליטרים,425.00,"100 מ""ל",false,1,14.90,3.5059,true,1,325513
8697659232757,false,מבשם אריגים 425 מל,,,מבשם אריגים 425 מל לבנדר,מיליליטרים,425.00,"100 מ""ל",false,1,14.90,3.5059,true,1,325514
8697659232788,false,מבשם אריגים 425 מל,,,מבשם אריגים 425 מל בריח קצפת ותות שדה,מיליליטרים,425.00,"100 מ""ל",false,1,14.90,3.5059,true,1,329174
8697659232795,false,מבשם אריגים 425 מל,,,מבשם אריגים 425 מל מנטרל ריחות עישון,מיליליטרים,425.00,"100 מ""ל",false,1,14.90,3.5059,true,1,329175
8697659238100,false,מטהר אויר פרש אנד מו,,TR,מטהר אויר פרש אנד מור כוכב סגול 400מל,מיליליטרים,400.00,"100 מ""ל",false,12,19.90,4.9750,true,1,330769
8697659238117,false,מטהר אויר פרש אנד מו,,TR,מטהר אויר פרש אנד מור כוכב צהוב 400מל,מיליליטרים,400.00,"100 מ""ל",false,12,19.90,4.9750,true,1,330770
8697659238124,false,מטהר אויר פרש אנד מו,,TR,מטהר אויר פרש אנד מור כוכב אדום 400מל,מיליליטרים,400.00,"100 מ""ל",false,12,19.90,4.9750,true,1,330771
8697659238131,false,מטהר אויר פרש אנד מו,,TR,מטהר אויר פרש אנד מור כוכב כחול 400מל,מיליליטרים,400.00,"100 מ""ל",false,12,19.90,4.9750,true,1,330772
8697826469092,false,טורטיה טורטילס קטנה,מוטלוקל,TR,טורטיה טורטילס קטנה 12 יח 540 גרם,גרמים,540.00,100 גרם,false,1,10.90,2.0185,true,1,238258
8699250035041,false,זית שחור יבש 700 גרם,,AT,זית שחור יבש 700 גרם,גרמים,700.00,100 גרם,false,1,19.90,2.8429,true,1,323163
8699621150502,false,גז למילוי מצתים,,,גז למילוי מצתים,יחידה,1.00,יחידה,false,1,9.90,9.9000,true,1,337378
8710103695714,false,בקבוק אוונט 260מל פו,פיליפס אוונט,GB,בקבוק אוונט 260מל פוליפרופילן חלב קלאסיק,יחידה,1.00,יחידה,false,6,34.90,34.9000,true,1,320815
8710103787402,false,סכין למכשיר עיצוב זי,,NL,סכין למכשיר עיצוב זיפים וואן בלייד,יחידה,1.00,יחידה,false,4,99.00,99.0000,true,1,338114
8710103797951,false,מכשיר לעיצוב זיפים ו,,NL,מכשיר לעיצוב זיפים וואן בלייד,יחידה,1.00,יחידה,false,3,199.00,199.0000,true,1,338113
8710103811220,false,זוג מוצצי אוונט קלאס,,,זוג מוצצי אוונט קלאסיק 0-6 בנות,יחידה,1.00,יחידה,false,1,34.90,34.9000,true,1,331124
8710103868347,false,בקבוק אוונט 260מל פו,פיליפס אוונט,,בקבוק אוונט 260מל פוליפרופילן חלב קלאסיק,יחידה,1.00,יחידה,false,1,34.90,34.9000,true,1,331120
8710103868699,false,בקבוק אוונט 330מל פו,פיליפס אוונט,,בקבוק אוונט 330מל פוליפרופילן חלב קלאסיק,יחידה,1.00,יחידה,false,1,39.90,39.9000,true,1,331121
8710243961533,false,גבינת אולד אמסטרדם ח,,,גבינת אולד אמסטרדם חטיף בשקית 90גר לבן,Unknown,0.00,Unknown,false,1,19.90,0.0000,true,1,338431
8710243962400,false,גבינת קרם אולד אמסטר,ווסטלנד,,גבינת קרם אולד אמסטרדם 125 גרם,גרמים,125.00,100 גרם,false,1,19.90,15.9200,true,1,252393
8710296166688,false,ברוסקטה פנדרו שמן זי,,ES,ברוסקטה פנדרו שמן זית עגבניות 160 גרם,גרמים,160.00,100 גרם,false,10,9.90,6.1875,true,1,340738
8710418111213,false,עוגיות חמאה ברינק ספ,CONTINENTAL BAKERIES,,עוגיות חמאה ברינק-ספריטס הולדי 400 גר,גרמים,400.00,100 גרם,false,1,10.00,2.5000,true,1,234631
8710428005755,false,ת.חלב סימילק איזומיל,,,ת.חלב סימילק איזומיל 400 גר,גרמים,400.00,100 גרם,false,1,46.90,11.7250,true,1,322284
8710447211052,false,שמפו טרזמה בוטניק 4,טריזמה,PL,שמפו טרזמה בוטניק 400מל,מיליליטרים,400.00,"100 מ""ל",false,6,17.90,4.4750,true,1,326175
8710447224311,false,מרכך טרזמה בוטניק 4,טריזמה,PL,מרכך טרזמה בוטניק 400מל,מיליליטרים,400.00,"100 מ""ל",false,6,17.90,4.4750,true,1,326177
8710447224342,false,שמפו טרזמה קרטין 40,טריזמה,PL,שמפו טרזמה קרטין 400מל,מיליליטרים,400.00,"100 מ""ל",false,6,17.90,4.4750,true,1,326174
8710447275306,false,קרם ידיים דאב 75 מל,יוניליוור,,קרם ידיים דאב 75 מל שמן אבוקדו,מיליליטרים,75.00,"100 מ""ל",false,1,10.90,14.5333,true,1,327531
8710447275313,false,קרם ידיים דאב 75 מל,יוניליוור,,קרם ידיים דאב 75 מל שמן קוקוס,מיליליטרים,75.00,"100 מ""ל",false,1,10.90,14.5333,true,1,327532
8710447320662,false,דאו. דאב ספריי ללא א,יוניליוור,,דאו. דאב ספריי ללא אלומיניום אפרסק 150מל,מיליליטרים,150.00,"100 מ""ל",false,1,16.90,11.2667,true,1,331219
8710447331095,false,מסכת שיער טריזמה בוט,טריזמה,,מסכת שיער טריזמה בוטניק 300מל,מיליליטרים,300.00,"100 מ""ל",false,1,29.90,9.9667,true,1,326132
8710448530176,false,רוטב ברביקיו רמיה 25,,,רוטב ברביקיו רמיה 250 מל,גרמים,250.00,100 גרם,false,1,8.90,3.5600,true,1,327170
8710448534600,false,רוטב גבינה טבעוני גא,רמייה,NL,רוטב גבינה טבעוני גאודס 650 מל,מיליליטרים,650.00,"100 מ""ל",false,6,24.90,3.8308,true,1,346922
8710448562283,false,מיונז הולנדי רמייה צ,,,מיונז הולנדי רמייה צנצנת 500 מל,מיליליטרים,500.00,"100 מ""ל",false,1,13.90,2.7800,true,1,310403
8710448580089,false,מיונז הולנדי רמייה ל,רמייה,,מיונז הולנדי רמייה לחיץ 500 גר,גרמים,480.00,100 גרם,false,1,11.90,2.4792,true,1,309316
8710448583561,false,רוטב מיו ציפס רמייה,רמייה,,רוטב מיו ציפס רמייה הולנדי 500 מל,מיליליטרים,500.00,"100 מ""ל",false,1,12.90,2.5800,true,1,318986
8710448593713,false,חרדל רמייה לחיץ 375,רמייה,NL,חרדל רמייה לחיץ 375 גר,גרמים,375.00,100 גרם,false,12,10.90,2.9067,true,1,337017
8710448632856,false,רוטב רמייה הוואי חרד,רמייה,NL,רוטב רמייה הוואי חרדל אננס לחיץ 250 מל,מיליליטרים,250.00,"100 מ""ל",false,6,8.90,3.5600,true,1,335553
8710448634331,false,מיונז רמייה הולנדי ל,רמייה,NL,מיונז רמייה הולנדי ללא ביצים 350 גרם צנצ,גרמים,350.00,100 גרם,false,6,10.00,2.8571,true,1,327631
8710448634591,false,רוטב צילי חריף מתוק,,,רוטב צילי חריף מתוק גאודס 850 מל,מיליליטרים,850.00,"100 מ""ל",false,1,17.90,2.1059,true,1,340042
8710448634669,false,רוטב מיו פיקנטי אנדל,רמייה,NL,רוטב מיו פיקנטי אנדלוס גאודס 650 מל,מיליליטרים,650.00,"100 מ""ל",false,6,19.90,3.0615,true,1,340039
8710448635239,false,מיונז כמהין רמייה לח,,BE,מיונז כמהין רמיה לחיץ 300 מל,גרמים,300.00,100 גרם,false,12,14.90,4.9667,true,1,335820
8710448680376,false,רוטב מיו ספייסי סמור,רמייה,NL,רוטב מיו ספייסי סמוראי גאודס 650 מל,מיליליטרים,650.00,"100 מ""ל",false,6,19.90,3.0615,true,1,340041
8710448692737,false,קטשופ רמיה הולנדי לח,רמייה,NL,קטשוף רמיה הולנדי לחיץ 300 מל,מיליליטרים,300.00,"100 מ""ל",false,6,7.90,2.6333,true,1,335588
8710448692744,false,קטשופ רמיה קארי לחיץ,רמייה,NL,קטשוף רמיה קארי לחיץ 300 מל,מיליליטרים,300.00,"100 מ""ל",false,6,7.90,2.6333,true,1,335589
8710449922086,false,חטיפי נאגטס צאדר חלפ,,NL,חטיפי נאגטס צאדר חלפינו אביקו 1 קג,קילוגרמים,1.00,"ק""ג",false,5,69.90,69.9000,true,1,340043
8710449937776,false,צורוס אביקו 1 קג,,NL,צורוס אביקו 1 קג,קילוגרמים,1.00,"ק""ג",false,5,35.00,35.0000,true,1,342348
8710449985043,false,חטיפי כדורי גבינה חל,,NL,חטיפי כדורי גבינה חלפינו אביקו 1 קג,קילוגרמים,1.00,"ק""ג",false,5,69.90,69.9000,true,1,340044
8710449985067,false,חטיפי אצבעות מוצרלה,,NL,חטיפי אצבעות מוצרלה אביקו 1 קג,קילוגרמים,1.00,"ק""ג",false,5,69.90,69.9000,true,1,340045
8710449989430,false,טבעות בצל בירה אביקו,,NL,טבעות בצל בירה אביקו 1 קג,קילוגרמים,1.00,"ק""ג",false,5,32.90,32.9000,true,1,340046
8710482100007,false,צנימים פריכים בולטיי,בולטייה,,צנימים פריכים בולטייה הולנד 100 גר,גרמים,100.00,100 גרם,false,1,10.00,10.0000,true,1,306339
8710496503986,false,פצפוצי שוקולד מריר 4,De ruijter,,פצפוצי שוקולד מריר 400 גר,גרמים,400.00,100 גרם,false,1,22.90,5.7250,true,1,235904
8710496504983,false,פצפוצי שוקולד חלב 40,De ruijter,,פצפוצי שוקולד חלב 400 גר,גרמים,400.00,100 גרם,false,1,22.90,5.7250,true,1,235903
8710502064814,false,עוגיות שוקוציפס מרבה,Merba BV,NL,עוגיות שוקוציפס מרבה רכות 175גר,גרמים,175.00,100 גרם,false,22,9.90,5.6571,true,1,255629
8710502139017,false,עוגיות שוקוציפס מרבה,Merba BV,NL,עוגיות שוקוציפס מרבה טריפל 180 גר,גרמים,180.00,100 גרם,false,22,9.90,5.5000,true,1,235972
8710502194801,false,עוגיות שוקוציפס מרבה,Merba BV,NL,עוגיות שוקוציפס מרבה פירות יער 175 גר,גרמים,175.00,100 גרם,false,22,9.90,5.6571,true,1,310238
8710502279010,false,עוגיות שוקוציפס מרבה,Merba BV,NL,עוגיות שוקוציפס מרבה מצופות 175 גר,גרמים,175.00,100 גרם,false,22,9.90,5.6571,true,1,335789
8710502285509,false,עוגיות שוקוציפס מרבה,Merba BV,NL,עוגיות שוקוציפס מרבה לימון 175 גר,גרמים,175.00,100 גרם,false,22,9.90,5.6571,true,1,341671
8710502405204,false,עוגיות שוקוציפס מרבה,Merba BV,NL,עוגיות שוקוציפס מרבה קרם שוקולד175 גר,גרמים,175.00,100 גרם,false,22,9.90,5.6571,true,1,242197
8710502470028,false,עוגיות שוקוציפס מרבה,Merba BV,NL,עוגיות שוקוציפס מרבה נוגטלי 160 גר,גרמים,160.00,100 גרם,false,22,9.90,6.1875,true,1,239007
8710522893807,false,ממרח מיונז תיפטולה ט,,,ממרח מיונז תיפטולה טבעוני 270 גר,מיליליטרים,270.00,"100 מ""ל",false,1,19.90,7.3704,true,1,342836
8710522896884,false,מיונז קאלווה בלגי לח,יוניליוור,NL,מיונז קאלווה בלגי לחיץ 430 מל,מיליליטרים,430.00,"100 מ""ל",false,12,18.90,4.3953,true,1,344137
8710522957769,false,מיונז קאלווה בלגי 65,יוניליוור,NL,מיונז קאלווה בלגי 650 גרם צנצנת,מיליליטרים,650.00,"100 מ""ל",false,12,19.90,3.0615,true,1,344136
8710552274614,false,קצף לניקוי שטיחים וא,RB בריטניה,NL,קצף לניקוי שטיחים ואריגים וניש גולד600מל,מיליליטרים,600.00,"100 מ""ל",false,6,18.90,3.1500,true,1,324492
8710625508837,false,ליקר שרי הרינג 700מל,peter heering,,ליקר שרי הרינג 700מל כוסות,מיליליטרים,700.00,"100 מ""ל",false,1,109.00,15.5714,true,1,342555
8710625522109,false,ליקר קוואי פה ליצי 7,צויה,NL,ליקר קוואי פה ליצי 700 מל,מיליליטרים,700.00,"100 מ""ל",false,12,89.90,12.8429,true,1,327261
8710625524707,false,ליקר אפרסק פיצטרי 70,,,ליקר אפרסק פיצטרי 700 מל,מיליליטרים,700.00,"100 מ""ל",false,6,79.90,11.4143,true,1,327776
8710625700392,false,ליקר מנדרין נפוליאון,דה קייפר,NL,ליקר מנדרין נפוליאון 700 מל,מיליליטרים,700.00,"100 מ""ל",false,6,139.00,19.8571,true,1,326320
8710631018221,false,לימונצילו פיוריטו 50,,NL,לימונצינו פיוריטו 500 מל,מיליליטרים,500.00,"100 מ""ל",false,6,89.00,17.8000,true,1,326956
8710649000751,false,לחם שיפון פומפרניקל,בולטייה,,לחם שיפון פומפרניקל בולטייה 500 גר,גרמים,500.00,100 גרם,false,1,13.50,2.7000,true,1,332508
8710701044211,false,שרי טראדישן 750 מל,קוימנס רויאל,,שרי טראדישן 750 מל פקדון,מיליליטרים,750.00,"100 מ""ל",false,1,27.00,3.6000,true,1,230503
8710800027573,false,סוכ.מיני מנטוס פירות,,,סוכ.מיני מנטוס פירות 178 ג שקית,גרמים,178.00,100 גרם,false,1,13.90,7.8090,true,1,228763
8710800961310,false,מארז 4 יח סוכריות מנ,פרפטי ואן מלה,,מארז 4 יח סוכריות מנטוס תות,יחידה,4.00,יחידה,false,1,11.50,2.8750,true,1,228764
8710812001844,false,ריבת מיקס פירות ביתי,,,ריבת מיקס פירות ביתית 450 גר,גרמים,450.00,100 גרם,false,1,12.00,2.6667,true,1,339404
8710847904141,false,דאודורנט רקסונה מן ס,יוניליוור,,דאודורנט רקסונה מן ספריי 150מל מארין,מיליליטרים,150.00,"100 מ""ל",false,1,19.90,13.2667,true,1,330250
8710847942679,false,שמפו טרזמה המפ 400מל,טריזמה,PL,שמפו טרזמה המפ 400מל,מיליליטרים,400.00,"100 מ""ל",false,6,17.90,4.4750,true,1,338782
8710847942693,false,מרכך טרזמה המפ 400מל,טריזמה,PL,מרכך טרזמה המפ 400מל,מיליליטרים,400.00,"100 מ""ל",false,6,17.90,4.4750,true,1,338783
8710847962592,false,דאודורנט אקס פינק פפ,יוניליוור,,דאודורנט אקס פינק פפר ספריי לגבר 150מל,מיליליטרים,150.00,"100 מ""ל",false,1,19.90,13.2667,true,1,331223
8710847973970,false,סבון נוזלי דאב 750מל,יוניליוור,,סבון נוזלי דאב 750מל אלוורה ועץ שדר,מיליליטרים,750.00,"100 מ""ל",false,1,17.90,2.3867,true,1,336055
8710908326691,false,סבון נוזלי דאב אדמונ,יוניליוור,,סבון נוזלי דאב אדמונית 750 מל,מיליליטרים,750.00,"100 מ""ל",false,1,17.90,2.3867,true,1,309359
8710908404184,false,דאו. דאב ספריי ללא א,יוניליוור,,דאו. דאב ספריי ללא אלומיניום אורגינל 150,מיליליטרים,150.00,"100 מ""ל",false,1,16.90,11.2667,true,1,331220
8710998448747,false,חטיפי פאנדיז הרשי קר,הרשיז,US,חטיפי פאנדיז הרשי קראנצי פינאטס לבן175גר,גרמים,175.00,100 גרם,false,30,9.90,5.6571,true,1,344384
8711000360606,false,קפסולות אספרסו לור7ר,,FR,קפסולות אספרסו לור7אינטנסיטי 10 יח,יחידה,10.00,יחידה,false,10,19.90,1.9900,true,1,335352
8711000362556,false,קפסולות אספרסו לור 8,,FR,קפסולות אספרסו לור 9 מאוזן 10 יח,יחידה,10.00,יחידה,false,10,19.90,1.9900,true,1,328257
8711000362570,false,קפסולות אספרסו לור 9,,FR,קפסולות אספרסו לור 9 מלא 10 יח,יחידה,10.00,יחידה,false,10,19.90,1.9900,true,1,328256
8711000362617,false,קפסולות אספרסו לור 8,,FR,קפסולות אספרסו לור 8 עוצמתי 10 יח,יחידה,10.00,יחידה,false,10,19.90,1.9900,true,1,328258
8711000362631,false,קפסולות אספרסו לור 1,,FR,קפסולות אספרסו לור 12 מריר 10 יח,יחידה,10.00,יחידה,false,10,19.90,1.9900,true,1,328254
8711000362655,false,קפסולות אספרסו לור9א,,FR,קפסולות אספרסו לור9אינטנסיטי 10 יח,יחידה,10.00,יחידה,false,10,19.90,1.9900,true,1,335351
8711000362679,false,קפסולות אספרסו לור ק,,FR,קפסולות אספרסו לור קולומביה 10 יח,יחידה,10.00,יחידה,false,10,19.90,1.9900,true,1,328278
8711000362693,false,קפסולות אספרסו לור פ,,FR,קפסולות אספרסו לור פפואה 10 יח,יחידה,10.00,יחידה,false,10,19.90,1.9900,true,1,328279
8711000431108,false,קפסולות אספרסו לור ה,,FR,קפסולות אספרסו לור הודו 10 יח,יחידה,10.00,יחידה,false,10,19.90,1.9900,true,1,328280
8711000471296,false,קפסולות אספרסו לור13,,FR,קפסולות אספרסו לור13אולטימו 10 יח,יחידה,10.00,יחידה,false,10,19.90,1.9900,true,1,332623
8711200389186,false,ממרח מיונז בטעם טבעי,,,ממרח מיונז בטעם טבעי טבעוני 270 גר,מיליליטרים,270.00,"100 מ""ל",false,1,19.90,7.3704,true,1,342839
8711200425990,false,חמאת בוטנים קאלווה ח,,,חמאת בוטנים קאלווה חלקה ללא סוכר 350 גר,גרמים,350.00,100 גרם,false,1,15.90,4.5429,true,1,329126
8711200426034,false,חמאת בוטנים קאלווה ק,,,חמאת בוטנים קאלווה קראנצי 350 גר,גרמים,350.00,100 גרם,false,1,15.90,4.5429,true,1,329125
8711200443789,false,חרדל מאילי דיזון לחי,מיילי,FR,חרדל מאילי דיזון לחיץ גרגירים235 מל,מיליליטרים,235.00,"100 מ""ל",false,8,15.90,6.7660,true,1,326272
8711200443802,false,חרדל מאילי דיזון לחי,מיילי,FR,חרדל מאילי דיזון לחיץ 235 מל,מיליליטרים,235.00,"100 מ""ל",false,8,15.90,6.7660,true,1,326271
8711200484874,false,חרדל ודבש קאלווה לחי,יוניליוור,NL,חרדל ודבש קאלווה לחיץ 450 מל,מיליליטרים,450.00,"100 מ""ל",false,12,24.90,5.5333,true,1,344140
8711200558605,false,חרדל לחיץ קטלווה 250,יוניליוור,NL,חרדל לחיץ קטלווה 250 מל,מיליליטרים,250.00,"100 מ""ל",false,12,18.90,7.5600,true,1,344141
8711271101229,false,בצלי אמסטרדם קשבאק 3,,NL,בצלי אמסטרדם קשבאק 370 מל,מיליליטרים,370.00,"100 מ""ל",false,6,14.90,4.0270,true,1,346750
8711271101595,false,בצלי אמסטרדם קשבאק 3,,NL,בצלי אמסטרדם קשבאק 370 מל,מיליליטרים,370.00,"100 מ""ל",false,6,14.90,4.0270,true,1,338845
8711281013345,false,חרדל הולנדי הוייסמן,,,חרדל הולנדי גרגרים 335 גר,גרמים,335.00,100 גרם,false,1,11.90,3.5522,true,1,318716
8711281023344,false,חרדל הולנדי הוייסמן,,,חרדל הולנדי חלק קרמי 335 גר,גרמים,335.00,100 גרם,false,1,11.90,3.5522,true,1,318717
8711327475618,false,גלידה מגנום פיינט ונ,"גלידת שטראוס בע""מ",IL,גלידה מגנום פיינט וניל קלאסיק 260גר,גרמים,260.00,100 גרם,false,8,21.90,8.4231,true,1,336206
8711327475663,false,גלידה מגנום פיינט ונ,"גלידת שטראוס בע""מ",IL,גלידה מגנום פיינט וניל שוקולד לבן 260גר,גרמים,260.00,100 גרם,false,8,21.90,8.4231,true,1,336205
8711327475717,false,גלידה מגנום פיינט ונ,"גלידת שטראוס בע""מ",IL,גלידה מגנום פיינט וניל שקדים 260גר,גרמים,260.00,100 גרם,false,8,21.90,8.4231,true,1,336207
8711327475762,false,גלידה מגנום פיינט שו,"גלידת שטראוס בע""מ",IL,גלידה מגנום פיינט שוקולד לבן עוגיות260גר,גרמים,260.00,100 גרם,false,8,21.90,8.4231,true,1,336208
8711406000564,false,בירה לה טראפ דאבל 33,לה טראפ,NL,בירה לה טראפ 7% דאבל 330 מל פיקדון,מיליליטרים,330.00,"100 מ""ל",false,24,12.90,3.9091,true,1,310574
8711406032602,false,בירה לה טראפ בלונד 3,לה טראפ,NL,בירה לה טראפ בלונד 330מל פקדון בקבוק,מיליליטרים,330.00,"100 מ""ל",false,24,12.90,3.9091,true,1,310592
8711406129777,false,בירה לה טראפ דאבל 75,לה טראפ,NL,בירה לה טראפ דאבל 750מל פקדון בקבוק,מיליליטרים,750.00,"100 מ""ל",false,12,29.90,3.9867,true,1,310596
8711528211138,false,גבינת גאודה עיזים במ,הנרי בליך,,גבינת גאודה עיזים במשקל,קילוגרמים,1.00,"ק""ג",true,,169.00,169.0000,true,1,229098
8711528211145,false,גבינת גאודה במשקל כש,הנרי בליך,,גבינת גאודה במשקל כשרה,קילוגרמים,1.00,"ק""ג",true,,69.00,69.0000,true,1,232659
8711600453975,false,תחליב גוף דאב 400מל,יוניליוור,,תחליב גוף דאב 400מל לעור יבש במיוחד,מיליליטרים,400.00,"100 מ""ל",false,1,26.90,6.7250,true,1,322867
8712000051099,false,מארז 6יח בירה היינקן,,IL,מארז 6יח בירה היינקן 0% 330מל בק.פקדון,ליטרים,1.98,ליטר,false,4,32.90,16.6162,true,1,327553
8712000051945,false,בירה רד סטרייפ קראפט,הייניקן,NL,בירה רד סטרייפ קראפט 330 מל בק. פקדון,מיליליטרים,330.00,"100 מ""ל",false,24,7.90,2.3939,true,1,322810
8712100696091,false,רוטב צאנקי בורגר קאל,יוניליוור,NL,רוטב צאנקי בורגר קאלווה לחיץ 250 מל,מיליליטרים,250.00,"100 מ""ל",false,12,18.90,7.5600,true,1,344143
8712400802499,false,תחליף חלב נוטרלין של,נוטרישה-נוטרילון,,תחליף חלב נוטרלין שלב 1 800 גר,גרמים,800.00,100 גרם,false,1,59.90,7.4875,true,1,241488
8712400802512,false,תחליף חלב נוטרלין של,נוטרישה-נוטרילון,,תחליף חלב נוטרלין שלב 2 800 גר,גרמים,800.00,100 גרם,false,1,59.90,7.4875,true,1,241489
8712400802536,false,תחליף חלב נוטרלין של,נוטרישה-נוטרילון,,תחליף חלב נוטרלין שלב 3 800 גר,גרמים,800.00,100 גרם,false,1,59.90,7.4875,true,1,241490
8712514091949,false,לקריץ מינק הולנדי בט,,NL,לקריץ מינק הולנדי בטעמים 225 גרם,גרמים,225.00,100 גרם,false,12,16.90,7.5111,true,1,339344
8712514092304,false,לקריץ מינק הולנדי צי,,NL,לקריץ מינק הולנדי ציפוי פריך 225 גרם,גרמים,225.00,100 גרם,false,12,16.90,7.5111,true,1,339345
8712514092342,false,לקריץ מינק הולנדי מל,,NL,לקריץ מינק הולנדי מלוח 225 גרם,גרמים,225.00,100 גרם,false,12,16.90,7.5111,true,1,339343
8712561594608,false,סבון נוזלי דאב הזנה,יוניליוור,DE,דאב ת.רחצה להזנה עמוקה 750 15,מיליליטרים,750.00,"100 מ""ל",false,12,17.90,2.3867,true,1,255185
8712561611411,false,סבון נוזלי דאב מלפפו,יוניליוור,DE,דאב ת.ר תה ירוק ומלפפון 750 15,מיליליטרים,750.00,"100 מ""ל",false,12,17.90,2.3867,true,1,255186
8712561626286,false,סבון נוזלי דאב זוהר,יוניליוור,DE,דאב ת.רחצה זוהר כמשי 750 15,מיליליטרים,750.00,"100 מ""ל",false,12,17.90,2.3867,true,1,255187
8712566144921,false,קולמנס אבקת רוטב ביף,,GB,קולמנס אבקת רוטב ביף סטרונגוף,Unknown,0.00,Unknown,false,12,10.90,0.0000,true,1,338241
8712566412013,false,אטריות סיניות להקפצה,קונימיקס,,אטריות סיניות להקפצה 250 גרם הולנד,גרמים,250.00,100 גרם,false,1,12.00,4.8000,true,1,306343
8713323093483,false,גבינת גאודה הולנדי 1,ווסטלנד,NL,גבינת גאודה הולנדי 150גר פרוס ורוד,גרמים,150.00,100 גרם,false,1,14.90,9.9333,true,1,336705
8713323093490,false,גבינת אדם הולנדי 150,ווסטלנד,NL,גבינת אדם הולנדי 150גר פרוס ירוק,גרמים,150.00,100 גרם,false,1,14.90,9.9333,true,1,336704
8713323093506,false,גבינת מאסדאם הולנדי,ווסטלנד,NL,גבינת מאסדאם הולנדי 150גר פרוס כחול,גרמים,150.00,100 גרם,false,1,14.90,9.9333,true,1,336706
8714100609804,false,רוטב קולמנס קרנברי 1,,GB,רוטב קולמנס קרנברי 165 גרם,גרמים,165.00,100 גרם,false,6,13.90,8.4242,true,1,337401
8714200207962,false,סוכריות לקריץ חתול 1,,NL,סוכריות לקריץ חתול 166 גר,גרמים,166.00,100 גרם,false,12,7.90,4.7590,true,1,255962
8714443620030,false,מרק ירקות אורגני 200,נטורפוד,DE,מרק ירקות אורגני 200 גר נטורפוד,גרמים,200.00,100 גרם,false,6,26.90,13.4500,true,1,309653
8714599410530,false,קפה נמס גקובס 200גר,מונדליז,RU,קפה נמס גקובס קרונונג מיובש 200גר שקית,גרמים,200.00,100 גרם,false,10,19.90,9.9500,true,1,318265
8714599412336,false,קפה נמס גקובס בריסטה,מונדליז,,קפה נמס גקובס בריסטה אמריקנו 160 גרם,גרמים,160.00,100 גרם,false,1,27.90,17.4375,true,1,341972
8714599513781,false,קפה גקובס קרנט זהב מ,מונדליז,,קפה גקובס גולד מיובש 200 גר,גרמים,200.00,100 גרם,false,6,27.90,13.9500,true,1,307263
8714599513835,false,קפה נמס גקובס נטול ק,מונדליז,,קפה נמס גקובס נטול קפאין 200 גר,גרמים,200.00,100 גרם,false,1,34.90,17.4500,true,1,310068
8714599513866,false,קפה נמס גקובס קרונונ,מונדליז,,קפה נמס גקובס קרונונג מיובש 200 גרם,גרמים,200.00,100 גרם,false,1,27.90,13.9500,true,1,307262
8714789177229,false,מארז 4 מב.שיניים אקס,CP- China-SH,CN,מארז 4 מב.שיניים אקסטרא קלין,Unknown,0.00,Unknown,false,12,13.90,0.0000,true,1,234564
8714789218465,false,זוג מב.שיניים קולגיי,CP- China-SH,,זוג מב.שיניים קולגייט 360 יום סמול,יחידה,2.00,יחידה,false,1,25.90,12.9500,true,1,233611
8714789303925,false,זוג מב.שיניים קולגיי,CP- China-SH,,זוג מב.שיניים קולגייט 360 יום סנסטיב,Unknown,0.00,Unknown,false,1,25.90,0.0000,true,1,235692
8714789402918,false,נוזל לניקוי כללי אגק,Colgate - Greece,,נוזל לניקוי כללי אגקס אדום פרחים 1.5 ל,ליטרים,1.50,ליטר,false,1,21.90,14.6000,true,1,235950
8714789402932,false,נוזל לניקוי כללי אגק,Colgate - Greece,,נוזל לניקוי כללי אגקס ורוד פרחים 1.5 ל,ליטרים,1.50,ליטר,false,1,21.90,14.6000,true,1,235951
8714789402970,false,נוזל לניקוי כללי אגק,Colgate - Greece,,נוזל לניקוי כללי אגקס ירוק פרחים 1.5 ל,ליטרים,1.50,ליטר,false,1,21.90,14.6000,true,1,235952
8714789450315,false,נוזל כלים פלמוליב לי,Colgate - Greece,,נוזל כלים פלמוליב לימון שקוף 1.5 ל,ליטרים,1.50,ליטר,false,1,15.90,10.6000,true,1,253995
8714789582764,false,מרסס אגקס חלונות טרי,Colgate - Greece,,מרסס אגקס חלונות טריגרם 750מל,מיליליטרים,750.00,"100 מ""ל",false,1,16.90,2.2533,true,1,251582
8714789797786,false,נוזל כלים פלמוליב גר,Colgate - Greece,GR,נוזל כלים פלמוליב גרייס בלאסטר750מל,מיליליטרים,750.00,"100 מ""ל",false,10,11.90,1.5867,true,1,243902
8714789831275,false,זוג מב.שיניים קולגיי,CP- China-SH,,זוג מב.שיניים קולגייט 360 אופטיק וויט,יחידה,2.00,יחידה,false,1,25.90,12.9500,true,1,244504
8714789834467,false,נוזל כלים פלמוליב שק,Colgate - Greece,,נוזל כלים פלמוליב שקוף קלאסי 1.5ליטר,ליטרים,1.50,ליטר,false,1,15.90,10.6000,true,1,246367
8714789930848,false,מש.שיניים אופטיק ווי,CP-Poland swidnica,,מש.שיניים אופטיק וויט אינסטנט 75 מל,מיליליטרים,75.00,"100 מ""ל",false,1,21.90,29.2000,true,1,250806
8714789966403,false,ליידי ספיד סטיק פרו,Colgate - USA,,ליידי ספיד סטיק פרו 5 גל 65גרם,Unknown,0.00,Unknown,false,1,18.90,0.0000,true,1,339042
8714800004114,false,בירה בווריה 8.6 אורג,בווריה,,בירה בווריה 8.6 אורגינל 500מל פקדון,מיליליטרים,500.00,"100 מ""ל",false,1,10.00,2.0000,true,1,244174
8714800007191,false,בירה בווריה פרימיום,בווריה,,בירה בווריה פרימיום 500מל פקדון,מיליליטרים,500.00,"100 מ""ל",false,1,8.90,1.7800,true,1,244176
8714800014182,false,בירה בווריה 8.6 אדום,בווריה,,בירה בווריה 8.6 אדום 500מל פקדון,מיליליטרים,500.00,"100 מ""ל",false,1,10.00,2.0000,true,1,245316
8714800017480,false,מארז 6יח משקה מאלט ב,,,מארז 6יח משקה מאלט בוואריה תפוח 330מל,מיליליטרים,1980.00,"100 מ""ל",false,1,27.90,1.4091,true,1,248195
8714800021395,false,בירה בווריה 8.6 גולד,בווריה,,בירה בווריה 8.6 גולד 500מל פקדון,מיליליטרים,500.00,"100 מ""ל",false,1,10.00,2.0000,true,1,244175
8714800023399,false,מארז 6יח משקה מאלט ב,,,מארז 6יח משקה מאלט בוואריה אורגינל 330מל,מיליליטרים,1980.00,"100 מ""ל",false,1,27.90,1.4091,true,1,248202
8714800024136,false,בירה הולנדיה 5% 500,בווריה,,בירה הולנדיה 5% 500 מל,מיליליטרים,500.00,"100 מ""ל",false,24,7.90,1.5800,true,1,307948
8714800025348,false,בירה הולנדיה 12% 500,בווריה,,בירה הולנדיה 12% 500מל פקדון,מיליליטרים,500.00,"100 מ""ל",false,1,10.00,2.0000,true,1,305438
8714800025898,false,בירה בווריה 8.6בלק 7,בווריה,,"בירה בווריה 8.6בלק 7.9% 500 מ""ל",מיליליטרים,500.00,"100 מ""ל",false,1,10.00,2.0000,true,1,250893
8714800041645,false,בירה בווריה 500 מל 8,בווריה,,בירה בווריה 500 מל 8.6 אקסטרים 10.5%,מיליליטרים,500.00,"100 מ""ל",false,1,10.00,2.0000,true,1,337005
8714800043182,false,בירה איי פי אל 500מל,בווריה,,בירה איי פי אל 500מל 8.6% פחית פקדון,מיליליטרים,500.00,"100 מ""ל",false,1,10.00,2.0000,true,1,344576
8715700110141,false,מיונז אמיתי היינץ 46,היינץ,,מיונז היינץ אמיתי 460 גרם,גרמים,460.00,100 גרם,false,1,11.90,2.5870,true,1,319054
8715700110158,false,מיונז היינץ לייט 490,היינץ,,מיונז היינץ לייט 490 גרם,גרמים,490.00,100 גרם,false,1,11.90,2.4286,true,1,319055
8715700115344,false,היינץ מתבל עגבניות ל,ה.י. היינץ,,היינץ מתבל עגבניות לחיץ 460 גרם כשלפ,גרמים,460.00,100 גרם,false,1,6.90,1.5000,true,1,312597
8715700115641,false,מיונז היינץ לייט לחי,,,מיונז היינץ לייט לחיץ395 גר ל.חומר משמר,גרמים,395.00,100 גרם,false,1,15.90,4.0253,true,1,316722
8715700118789,false,ממרח היינץ טבעוני 39,היינץ,NL,מיונז טבעוני 400 מל היינץ,גרמים,390.00,100 גרם,false,10,19.90,5.1026,true,1,342830
8715700120874,false,קטשופ היינץ עם שום 4,ה.י. היינץ,NL,קטשופ היינץ עם שום 460 גרם,גרמים,460.00,100 גרם,false,10,11.90,2.5870,true,1,341929
8715700416021,false,ממרח סנדויץ מלפפונים,,,ממרח סנדויץ מלפפונים 300 גר,גרמים,300.00,100 גרם,false,1,15.90,5.3000,true,1,321186
8715700419732,false,קטשופ היינץ לחיץ 700,ה.י. היינץ,,קטשופ היינץ לחיץ 700 גרם,גרמים,700.00,100 גרם,false,1,11.90,1.7000,true,1,250623
8715700420516,false,רוטב היינץ קארי קלאס,היינץ פודס,GB,רוטב היינץ קארי קלאסי 425 גרם,גרמים,425.00,100 גרם,false,12,22.90,5.3882,true,1,338245
8715700421032,false,ממרח סנדויץ טבעי היי,,,ממרח סנדויץ טבעי היינץ 300 גר,גרמים,300.00,100 גרם,false,1,15.90,5.3000,true,1,304620
8715700421056,false,ממרח סנדויץ פיקנטי 3,,,ממרח סנדויץ פיקנטי 300 גר,גרמים,300.00,100 גרם,false,1,15.90,5.3000,true,1,308163
8715700422381,false,מיונז אמיתי היינץ 42,,,מיונז אמיתי היינץ 420 גרם,גרמים,420.00,100 גרם,false,1,8.90,2.1190,true,1,309945
8715700422473,false,מיונז היינץ לחיץ395,,,מיונז היינץ לחיץ395 גר ל.חומר משמר,גרמים,395.00,100 גרם,false,1,15.90,4.0253,true,1,312256
8715700423906,false,מתבל עגבניות היינץ מ,ה.י. היינץ,,מתבל עגבניות היינץ מופחת סוכר ונתרן555גר,גרמים,555.00,100 גרם,false,1,11.90,2.1441,true,1,321399
8716000964793,false,ליקר דובדבן מרצינו ב,לוקאס בולס,,ליקר דובדבן מרצינו בולס 700מל פקדון,מיליליטרים,700.00,"100 מ""ל",false,1,75.00,10.7143,true,1,243039
8716000964830,false,ליקר קיווי בולס 700,לוקאס בולס,,ליקר קיווי בולס 700 מל פקדון,מיליליטרים,700.00,"100 מ""ל",false,1,75.00,10.7143,true,1,243317
8716000968951,false,ליקר בולס אדבוקט ביצ,קוימנס רויאל,,ליקר בולס אדבוקט ביצים 700 מל,מיליליטרים,700.00,"100 מ""ל",false,1,60.00,8.5714,true,1,326357
8716695028879,false,שעועית אפויה חומה אמ,אמה ואן טולי בי.וי,NL,שעועית אפויה חומה אמהא 340 גרם,גרמים,340.00,100 גרם,false,12,8.90,2.6176,true,1,346670
8716695032876,false,גרעיני תירס צעיר אמה,אמה ואן טולי בי.וי,NL,גרעיני תירס צעיר אמהא 340 גרם,גרמים,340.00,100 גרם,false,12,8.90,2.6176,true,1,346673
8716695354404,false,מלפפון קורנישון חמוץ,,,מלפפון קורנישון חמוץ מתוק אמהא 330 גר,גרמים,330.00,100 גרם,false,1,10.90,3.3030,true,1,335587
8716695413873,false,רסק תפוחי עץ אמהא 72,אהק בו.וי.גיסן,,רסק תפוחי עץ אמהא 720גר צנצנת,גרמים,720.00,100 גרם,false,1,10.00,1.3889,true,1,328656
8717038900593,false,וודקה סופר פרמיום מי,,,וודקה סופר פרמיום מידנייט אננס 750מל,מיליליטרים,750.00,"100 מ""ל",false,1,89.90,11.9867,true,1,313055
8717163607305,false,סבון מוצק דאב 4 יח ג,יוניליוור,,סבון מוצק דאב 4 יח גרגירים,גרמים,400.00,100 גרם,false,1,14.90,3.7250,true,1,230605
8717163628355,false,מרכך טרזמה להחלקה וצ,טריזמה,PL,מרכך טרזמה להחלקה וצבע 400מל,מיליליטרים,400.00,"100 מ""ל",false,6,24.90,6.2250,true,1,331632
8717163628812,false,מסכת שיער טרזמה להחל,טריזמה,,מסכת שיער טרזמה להחלקה וצבע 300מל,מיליליטרים,300.00,"100 מ""ל",false,1,29.90,9.9667,true,1,331629
8717163647196,false,דאודורנט אקס ספריי ג,יוניליוור,,דאודורנט אקס ספריי גוף אנרכי 150מל בנות,מיליליטרים,150.00,"100 מ""ל",false,1,19.90,13.2667,true,1,327228
8717163647226,false,דאודורנט אקס בלאק ספ,יוניליוור,,דאודורנט אקס בלאק ספריי לגבר 150מל,מיליליטרים,150.00,"100 מ""ל",false,1,19.90,13.2667,true,1,327226
8717163647233,false,דאודורנט אקס בלאק ני,יוניליוור,,דאודורנט אקס בלאק נייט ספריי לגבר 150מל,מיליליטרים,150.00,"100 מ""ל",false,1,19.90,13.2667,true,1,327225
8717163647240,false,דאודורנט אקס שוקולד,יוניליוור,,דאודורנט אקס שוקולד ספריי לגבר 150מל,מיליליטרים,150.00,"100 מ""ל",false,1,19.90,13.2667,true,1,327224
8717163647257,false,דאודורנט אקס גולד ספ,יוניליוור,,דאודורנט אקס גולד ספריי 150מל,מיליליטרים,150.00,"100 מ""ל",false,1,19.90,13.2667,true,1,327222
8717163647264,false,דאודורנט אקס ספריי ג,יוניליוור,,דאודורנט אקס ספריי גוף אייס ציל לגבר150מ,מיליליטרים,150.00,"100 מ""ל",false,1,19.90,13.2667,true,1,327220
8717163648667,false,גל רחצה אקס אייס ציל,יוניליוור,,גל רחצה אקס אייס ציל 400 מל,מיליליטרים,400.00,"100 מ""ל",false,1,12.90,3.2250,true,1,327219
8717163655764,false,דאודורנט רקסונה ספרי,יוניליוור,GB,דאודורנט רקסונה ספריי שאוור פרש 150מל,מיליליטרים,150.00,"100 מ""ל",false,6,19.90,13.2667,true,1,329646
8717163663493,false,דאודורנט רקסונה ספרי,יוניליוור,GB,דאודורנט רקסונה ספריי קובלט דריי 150מל,מיליליטרים,150.00,"100 מ""ל",false,6,19.90,13.2667,true,1,329648
8717163711668,false,דאודורנט רקסונה ספרי,יוניליוור,,דאודורנט רקסונה ספריי טלק 150מל,מיליליטרים,150.00,"100 מ""ל",false,1,19.90,13.2667,true,1,329866
8717163859759,false,דאודורנט רקסונה מן ס,יוניליוור,,דאודורנט רקסונה מן ספריי 150מל וורקאוט,מיליליטרים,150.00,"100 מ""ל",false,1,19.90,13.2667,true,1,331217
8717163947692,false,גל רחצה אקס פינק פפר,יוניליוור,,גל רחצה אקס פינק פפר400 מל,מיליליטרים,400.00,"100 מ""ל",false,1,12.90,3.2250,true,1,331222
8717399035217,false,סוכריות נפוליאון ליק,נפוליאון בי.וי,NL,סוכריות נפוליאון ליקריץ 150 גרם,גרמים,150.00,100 גרם,false,1200,10.90,7.2667,true,1,323552
8717399035231,false,סוכריות נפוליאון פיר,נפוליאון בי.וי,NL,סוכריות נפוליאון פירות 150 גרם,גרמים,150.00,100 גרם,false,1200,10.90,7.2667,true,1,323553
8717399036184,false,סוכריות נפוליאון קול,נפוליאון בי.וי,NL,סוכריות נפוליאון קולה 150 גרם,גרמים,150.00,100 גרם,false,1200,10.90,7.2667,true,1,325912
8717545620236,false,גבינת אולד אמסטרדם 1,,,גבינת אולד אמסטרדם 150 גרם פרוסות,גרמים,150.00,100 גרם,false,1,24.90,16.6000,true,1,313059
8717545623077,false,גבינת אולד אמסטרדם 1,ווסטלנד,,גבינת אולד אמסטרדם 150 גרם אדום,גרמים,150.00,100 גרם,false,1,22.90,15.2667,true,1,252396
8717545810019,false,וופל סטרופ הולנד 175,,,וופל סטרופ הולנד דלמנס 175 גר,גרמים,175.00,100 גרם,false,1,10.90,6.2286,true,1,320793
8717644390566,false,סבון דאב מוצק 4 יח י,יוניליוור,,סבון דאב מוצק 4 יח ירוק,גרמים,400.00,100 גרם,false,1,14.90,3.7250,true,1,235847
8717677336593,false,שוקולד טוניס חלב 180,,NL,שוקולד טוניס 32% חלב 180 גרם,גרמים,180.00,100 גרם,false,15,17.90,9.9444,true,1,337174
8717677336616,false,שוקולד טוניס מריר שק,,NL,שוקולד טוניס מריר שקד ומלח ים 180 גרם,גרמים,180.00,100 גרם,false,15,17.90,9.9444,true,1,337175
8717677336630,false,שוקולד טוניס שקד דבש,,NL,שוקולד טוניס שקד דבש נוגט 180 גרם,גרמים,180.00,100 גרם,false,15,17.90,9.9444,true,1,337176
8717677336654,false,שוקולד טוניס קרמל מל,,NL,שוקולד טוניס קרמל מלח ים 180 גרם,גרמים,180.00,100 גרם,false,15,17.90,9.9444,true,1,337177
8717677336661,false,שוקולד טוניס 70% מרי,,NL,שוקולד טוניס 70% מריר 180 גרם,גרמים,180.00,100 גרם,false,15,17.90,9.9444,true,1,337178
8717677338436,false,שוקולד טוניס חלב אגו,,NL,שוקולד טוניס חלב אגוזי לוז 180 גרם,גרמים,180.00,100 גרם,false,15,17.90,9.9444,true,1,337179
8717903961254,false,רוטב טורקי לשוארמה 2,,NL,רוטב טורקי לשוארמה 265 מל ילדריז,מיליליטרים,265.00,"100 מ""ל",false,6,12.90,4.8679,true,1,335557
8718046012360,false,נוגט לונקה בוטנים ופ,,NL,נוגט לונקה בוטנים ופירות 210 גרם,גרמים,210.00,100 גרם,false,12,14.90,7.0952,true,1,337782
8718053512112,false,גבינת גאודה עיזים הו,ווסטלנד,NL,גבינת גאודה עיזים הולנדי 150גר פרוס כתום,גרמים,150.00,100 גרם,false,1,24.90,16.6000,true,1,336702
8718114734484,false,מיונז מאילי 320 גר צ,מיילי,,מיונז מאילי דיזון 320 גר צנצנת,גרמים,320.00,100 גרם,false,1,12.90,4.0313,true,1,307058
8718692610828,false,שלישיית בקבוקים צבעו,סודה סטרים,,שלישיית בקבוקים צבעוניים סודה סטרים,Unknown,0.00,Unknown,false,1,59.90,0.0000,true,1,250828
8718692610835,false,שלישיית בקבוקים סודה,סודה סטרים,,שלישיית בקבוקים סודה סטרים,Unknown,0.00,Unknown,false,1,59.90,0.0000,true,1,309586
8718692611979,false,סירופ סודה סטרים דיא,סודה סטרים,IL,סירופ סודה סטרים דיאטפטל ופירות יער500מל,מיליליטרים,500.00,"100 מ""ל",false,1,22.90,4.5800,true,1,320035
8718692619456,false,מכשיר סודה ספיריט לב,סודה סטרים,,מכשיר סודה ספיריט לבן,יחידה,1.00,יחידה,false,1,499.00,499.0000,true,1,318337
8718692619463,false,מכשיר סודה ספיריט שח,סודה סטרים,,מכשיר סודה ספיריט שחור,יחידה,1.00,יחידה,false,1,499.00,499.0000,true,1,318339
8718951001589,false,מרסס אגקס מסיר שומני,,,מרסס אגקס מסיר שומנים למטבח 600מל,מיליליטרים,600.00,"100 מ""ל",false,1,14.90,2.4833,true,1,304521
8718951001602,false,מרסס אגקס רב פעולות,,,מרסס אגקס רב פעולות 600מל,מיליליטרים,600.00,"100 מ""ל",false,1,14.90,2.4833,true,1,304523
8718951030169,false,מש.שיניים קולגייט סנ,CP-Poland swidnica,PL,מש.שיניים קולגייט סנסטייב הלבנה 75מל,מיליליטרים,75.00,"100 מ""ל",false,48,17.90,23.8667,true,1,331723
8718951030206,false,מש.שיניים קולגייט סנ,CP-Poland swidnica,PL,מש.שיניים קולגייט סנסטייב ש.רגישות 75מל,מיליליטרים,75.00,"100 מ""ל",false,48,17.90,23.8667,true,1,331722
8718951044913,false,משחת שיניים מרידול ל,,,משחת שיניים מרידול להלבנת שיניים 75 מל,מיליליטרים,75.00,"100 מ""ל",false,1,19.90,26.5333,true,1,304525
8718951048669,false,מרסס אגקס חלונות 750,Colgate - Greece,,מרסס אגקס חלונות 750מל בניחוח פרחים,מיליליטרים,750.00,"100 מ""ל",false,1,16.90,2.2533,true,1,343938
8718951076372,false,משחת שיניים קולגייט,Colgate - Brazil,,משחת שיניים קולגייט הרבל 100 מל,מיליליטרים,100.00,"100 מ""ל",false,1,11.90,11.9000,true,1,325796
8718951079205,false,מש.קולגייט סנסיטיב פ,Colgate - Brazil,,מש.קולגייט סנסיטיב פ.ריליף פריוונט 75מל,מיליליטרים,75.00,"100 מ""ל",false,1,22.90,30.5333,true,1,313634
8718951144064,false,זוג מב.שיניים מרידול,GABA TRISA SWIZ,,זוג מב.שיניים מרידול פרדונט אקספרט,Unknown,0.00,Unknown,false,1,33.90,0.0000,true,1,312483
8718951166288,false,מש.שיניים קולגייט מק,CP-Poland swidnica,PL,מש.שיניים קולגייט מקס וייט 125 מל,מיליליטרים,125.00,"100 מ""ל",false,12,17.90,14.3200,true,1,325112
8718951166561,false,מש.שיניים קולגייט מק,CP-Poland swidnica,PL,מש.שיניים קולגייט מקס פרש כחול 125 מל,מיליליטרים,125.00,"100 מ""ל",false,12,17.90,14.3200,true,1,325111
8718951167094,false,נוזל כלים פלמוליב צי,Colgate - Greece,,נוזל כלים פלמוליב צילנדר 1 ל תפוז ליים,ליטרים,1.00,ליטר,false,1,13.50,13.5000,true,1,319788
8718951170445,false,משחת שיניים קולגייט,CP-Poland swidnica,,משחת שיניים קולגייט סמיילס גיל 2-5 50מל,Unknown,0.00,Unknown,false,48,12.90,0.0000,true,1,321901
8718951175280,false,משחת שיניים קולגיט ט,CP-Poland swidnica,PL,משחת שיניים קולגיט טוטל פרו ויזבל 75חדש,Unknown,0.00,Unknown,false,48,16.90,0.0000,true,1,325789
8718951175631,false,משחת שיניים קולגייט,CP-Poland swidnica,PL,משחת שיניים קולגייט טוטל פרו גאם 75מלחדש,Unknown,0.00,Unknown,false,48,16.90,0.0000,true,1,325795
8718951187122,false,זוג מב. שיניים אלמקס,GABA TRISA SWIZ,,זוג מב. שיניים אלמקס ילדים 0-3,יחידה,2.00,יחידה,false,1,22.90,11.4500,true,1,321367
8718951189881,false,מרסס אגקס טריגר בוסט,קולגייט פלמוליב,GR,מרסס אגקס טריגר בוסט תפוח וחומץ 500מל,מיליליטרים,500.00,"100 מ""ל",false,12,14.90,2.9800,true,1,325115
8718951194144,false,מברשת שיניים קולגייט,קולגייט,IT,מברשת שיניים קולגייט אקטיס אופטיק וויט,יחידה,1.00,יחידה,false,12,74.90,74.9000,true,1,324420
8718951222779,false,משחת שיניים מרידול פ,קולגייט,,משחת שיניים מרידול פור 75מל,מיליליטרים,75.00,"100 מ""ל",false,1,25.90,34.5333,true,1,329668
8718951228801,false,מש.שינים קולגייט מקס,CP-Poland swidnica,PL,מש.שינים קולגייט מקס פרש כחול 125 מל,מיליליטרים,125.00,"100 מ""ל",false,12,17.90,14.3200,true,1,326657
8718951236790,false,משחת שיניים קולגייט,CP-Poland swidnica,PL,משחת שיניים קולגייט טוטל קלין מינט100חדש,מיליליטרים,100.00,"100 מ""ל",false,48,16.90,16.9000,true,1,325792
8718951236806,false,משחת שיניים קולגייט,CP-Poland swidnica,PL,משחת שיניים קולגייט טוטל הלבנה 100מל חדש,מיליליטרים,100.00,"100 מ""ל",false,48,16.90,16.9000,true,1,325791
8718951236813,false,משחת שיניים קולגיט ט,CP-Poland swidnica,PL,משחת שיניים קולגיט טוטל ניקוי מתקדם חדש,מיליליטרים,100.00,"100 מ""ל",false,48,16.90,16.9000,true,1,325790
8718951240742,false,משחת שיניים קולגייט,CP-Poland swidnica,PL,משחת שיניים קולגייט טוטל פסים 100מל חדש,מיליליטרים,100.00,"100 מ""ל",false,48,16.90,16.9000,true,1,325793
8718951248656,false,תחליב רחצה פלמוליב,CP - Turkey+60,,תחליב רחצה פלמוליב פרוטאין 500מל,מיליליטרים,500.00,"100 מ""ל",false,1,16.90,3.3800,true,1,334593
8718951254527,false,משחת שיניים קולגייט,Colgate - Brazil,PL,משחת שיניים קולגייט פרו ריליף סטרונג75מל,מיליליטרים,75.00,"100 מ""ל",false,48,22.90,30.5333,true,1,328563
8718951264618,false,משחת שיניים קולגייט,CP-Poland swidnica,,משחת שיניים קולגייט אופטיק וויט פחם 75מל,Unknown,0.00,Unknown,false,48,27.90,0.0000,true,1,331724
8718951265103,false,מברשת שיניים קולגייט,CP- China-SH,CN,מברשת שיניים קולגייט זוג אולטרה סופט,יחידה,2.00,יחידה,false,12,33.90,16.9500,true,1,328565
8718951286733,false,משחת שיניים קולגייט,CP-Poland swidnica,,משחת שיניים קולגייט אופטיק לסטינג ויט 75,Unknown,0.00,Unknown,false,48,27.90,0.0000,true,1,341121
8718951288492,false,מארז 2יח משחת שיניים,,PL,מארז 2יח משחת שיניים מרידול 75מל בי טיוב,מיליליטרים,150.00,"100 מ""ל",false,24,29.90,19.9333,true,1,330816
8718951289833,false,מארז סבון פלמוליב מו,CP - Turkey+60,TR,מארז סבון פלמוליב מוצק לומינוס 4יח 90גר,גרמים,360.00,100 גרם,false,18,16.90,4.6944,true,1,329928
8718951314009,false,אלסבון פלמוליב משאבה,CP - Turkey+60,,אלסבון פלמוליב משאבה פטל שחור 750 מל,מיליליטרים,750.00,"100 מ""ל",false,1,17.90,2.3867,true,1,342476
8718951314023,false,אלסבון פלמוליב משאבה,CP - Turkey+60,,אלסבון פלמוליב משאבה אפרסק 750 מל,מיליליטרים,750.00,"100 מ""ל",false,1,17.90,2.3867,true,1,342477
8718951315303,false,משחת שיניים קולגייט,CP-Poland swidnica,,משחת שיניים קולגייט אדומה 100מל 2 יח,מיליליטרים,200.00,"100 מ""ל",false,24,19.90,9.9500,true,1,332609
8718951319806,false,גל רחצה שמפו פלמוליב,CP - Turkey+60,TR,גל רחצה שמפו פלמוליב לגבר 750מל,מיליליטרים,750.00,"100 מ""ל",false,12,17.90,2.3867,true,1,330818
8718951320093,false,מברשת שיניים קולגייט,,,מברשת שיניים קולגייט אדוונס וויט זוג,יחידה,2.00,יחידה,false,1,32.90,16.4500,true,1,332599
8718951329270,false,דאו.ספיד סטיק ספריי,Colgate - Mexico,,דאו.ספיד סטיק ספריי פליי 150מל לגבר,מיליליטרים,150.00,"100 מ""ל",false,1,19.90,13.2667,true,1,333303
8718951329300,false,דאו.ספיד סטיק ספריי,Colgate - Mexico,,דאו.ספיד סטיק ספריי לימטלס 24/7 150מל,מיליליטרים,150.00,"100 מ""ל",false,1,19.90,13.2667,true,1,333302
8718951333048,false,סבון ידיים פלמוליב ל,CP - Turkey+60,,סבון ידיים פלמוליב למטבח 300מל,מיליליטרים,300.00,"100 מ""ל",false,1,11.90,3.9667,true,1,336832
8718951334069,false,מרסס אגקס שירותים טר,,GR,מרסס אגקס שירותים טריגר 500מל,מיליליטרים,500.00,"100 מ""ל",false,12,14.90,2.9800,true,1,346016
8718951334090,false,מרכך כביסה סופלין מר,,,מרכך כביסה סופלין מרוכז כחול 650מל,מיליליטרים,650.00,"100 מ""ל",false,12,10.90,1.6769,true,1,331735
8718951334120,false,מרכך כביסה סופלין מר,,,מרכך כביסה סופלין מרוכז לבנדר 650מל,מיליליטרים,650.00,"100 מ""ל",false,12,10.90,1.6769,true,1,331736
8718951334151,false,מרכך כביסה סופלין מר,,,מרכך כביסה סופלין מרוכז היפואלרגי 650מל,מיליליטרים,650.00,"100 מ""ל",false,12,10.90,1.6769,true,1,345590
8718951334465,false,מרכך כביסה סופלין מר,,,מרכך כביסה סופלין מרוכז לבנדר 1.3ליטר,מיליליטרים,1300.00,"100 מ""ל",false,12,18.90,1.4538,true,1,331733
8718951335066,false,מרכך כביסה סופלין מר,,,מרכך כביסה סופלין מרוכז ורדים 1.3ליטר,מיליליטרים,1300.00,"100 מ""ל",false,12,18.90,1.4538,true,1,331734
8718951338128,false,דאו. ליידי ספיד סטיק,,,דאו. ליידי ספיד סטיק רול און שאור פרש 50,Unknown,0.00,Unknown,false,1,14.90,0.0000,true,1,339044
8718951338364,false,מרסס אגקס טריגר פיור,קולגייט פלמוליב,,מרסס אגקס טריגר פיור הום תפוח 500מל,מיליליטרים,500.00,"100 מ""ל",false,1,14.90,2.9800,true,1,334591
8718951338395,false,מרסס אגקס טריגר פיור,קולגייט פלמוליב,,מרסס אגקס טריגר פיור הום סמבוק שחור500מל,מיליליטרים,500.00,"100 מ""ל",false,1,14.90,2.9800,true,1,334592
8718951345119,false,נוזל אגקס ניקוי כללי,Colgate - Greece,,נוזל אגקס ניקוי כללי עוצמת ה7 היביסקוס2ל,ליטרים,2.00,ליטר,false,1,23.90,11.9500,true,1,335764
8718951354807,false,נוזל ניקוי כללי אגקס,Colgate - Greece,,נוזל ניקוי כללי אגקס יסמין ח. פרחים 1.5ל,ליטרים,1.50,ליטר,false,1,21.90,14.6000,true,1,334594
8718951365865,false,מברשת שיניים קולגייט,,,מברשת שיניים קולגייט סיבי פחם זוג,יחידה,2.00,יחידה,false,1,32.90,16.4500,true,1,338459
8718951366015,false,משחת שיניים קולגייט,CP-Poland swidnica,PL,משחת שיניים קולגייט אופטיק וויט אקספרט,מיליליטרים,75.00,"100 מ""ל",false,24,49.90,66.5333,true,1,347387
8718951370135,false,אלסבון פלמוליב משאבה,CP - Turkey+60,,אלסבון פלמוליב משאבה סנסיישן גלואו 750מל,מיליליטרים,750.00,"100 מ""ל",false,1,17.90,2.3867,true,1,333262
8718951377998,false,מברשת שיניים קולגייט,,,מברשת שיניים קולגייט סופטנס זוג,יחידה,2.00,יחידה,false,1,32.90,16.4500,true,1,335318
8718951381292,false,משחת שיניים קולגייט,CP-Poland swidnica,PL,משחת שיניים קולגייט מקס דיטוקס פואם125מל,מיליליטרים,125.00,"100 מ""ל",false,12,17.90,14.3200,true,1,335767
8718951382640,false,גל רחצה פלמוליב חימר,CP - Turkey+60,,גל רחצה פלמוליב חימר דיטוקס 750מל,מיליליטרים,750.00,"100 מ""ל",false,1,17.90,2.3867,true,1,333792
8718951382664,false,גל רחצה פלמוליב חימר,CP - Turkey+60,,גל רחצה פלמוליב חימר טונוס 750מל,מיליליטרים,750.00,"100 מ""ל",false,1,17.90,2.3867,true,1,333794
8718951382718,false,גל רחצה פלמוליב חימר,CP - Turkey+60,,גל רחצה פלמוליב חימר התחדשות 750מל,מיליליטרים,750.00,"100 מ""ל",false,1,17.90,2.3867,true,1,333793
8718951382787,false,משחת שיניים קולגייט,CP-Poland swidnica,,משחת שיניים קולגייט אופטיק וויט חימר75מל,Unknown,0.00,Unknown,false,48,27.90,0.0000,true,1,343480
8718951385290,false,נוזל לניקוי כללי אגק,Colgate - Greece,,נוזל לניקוי כללי אגקס כחול 2 ל,ליטרים,2.00,ליטר,false,1,23.90,11.9500,true,1,336572
8718951391253,false,נוזל אגקס 1.5ליטר אנ,,GR,נוזל אגקס 1.5ליטר אנטיבקטריאלי מרענן כחו,מיליליטרים,1500.00,"100 מ""ל",false,8,21.90,1.4600,true,1,336828
8718951391314,false,מרסס אגקס אנט בקטריא,קולגייט פלמוליב,,מרסס אגקס אנט בקטריאלי 500מל,מיליליטרים,500.00,"100 מ""ל",false,1,14.90,2.9800,true,1,336831
8718951400474,false,תחליב רחצה פלמוליב ק,CP - Turkey+60,,תחליב רחצה פלמוליב קמליה שקדים 750מל ללא,מיליליטרים,750.00,"100 מ""ל",false,1,17.90,2.3867,true,1,346033
8718951400597,false,תחליב רחצה פלמוליב ק,CP - Turkey+60,,תחליב רחצה פלמוליב קוקוס חלב 750מל ללא,מיליליטרים,750.00,"100 מ""ל",false,1,17.90,2.3867,true,1,346032
8718951409798,false,מברשת שיניים קולגייט,קולגייט,CN,מברשת שיניים קולגייט מקס וויט פחם זוג,יחידה,2.00,יחידה,false,12,24.90,12.4500,true,1,338046
8718951412378,false,משחת שיניים מרידול נ,קולגייט,,משחת שיניים מרידול נשימה רעננה 75מל,מיליליטרים,75.00,"100 מ""ל",false,1,25.90,34.5333,true,1,346015
8718951415836,false,מי פה קולגייט פלקס פ,Colgate - Brazil,,מי פה קולגייט פלקס פחם 500מל,מיליליטרים,500.00,"100 מ""ל",false,1,25.90,5.1800,true,1,338460
8718951428492,false,אלסבון פלמוליב משאבה,CP - Turkey+60,,אלסבון פלמוליב משאבה פחם 4ב1 לגבר 750מל,מיליליטרים,750.00,"100 מ""ל",false,1,17.90,2.3867,true,1,343937
8718951428522,false,אלסבון פלמוליב משאבה,CP - Turkey+60,,אלסבון פלמוליב משאבה המפ 4ב1 לגבר 750מל,מיליליטרים,750.00,"100 מ""ל",false,1,17.90,2.3867,true,1,342201
8718951431614,false,אלסבון פלמוליב משאבה,CP - Turkey+60,,אלסבון פלמוליב משאבה סו פירם מינרלים 750,מיליליטרים,750.00,"100 מ""ל",false,1,17.90,2.3867,true,1,341122
8718951433120,false,משחת שיניים קולגייט,CP-Poland swidnica,PL,משחת שיניים קולגייט טוטל גוניור 50מל,Unknown,0.00,Unknown,false,12,16.90,0.0000,true,1,346538
8718951443358,false,מארז 3יח סבון ידיים,CP - Turkey+60,TR,מארז 3יח סבון ידיים פלמוליב 300מל,מיליליטרים,900.00,"100 מ""ל",false,6,24.90,2.7667,true,1,338047
8718951443396,false,מארז 3יח סבון ידיים,CP - Turkey+60,TR,מארז 3יח סבון ידיים פלמוליב חלב דבש 300,מיליליטרים,900.00,"100 מ""ל",false,6,24.90,2.7667,true,1,338048
8718951461413,false,מארז 2יח משחת שיניים,,PL,מארז 2יח משחת שיניים קולגייט טוטל 100מל,מיליליטרים,200.00,"100 מ""ל",false,24,29.90,14.9500,true,1,344374
8718951470323,false,מברשת שיניים קולגייט,,,מברשת שיניים קולגייט סופט פואם פחם זוג,יחידה,2.00,יחידה,false,1,32.90,16.4500,true,1,346014
8718951470538,false,מארז 2יח משחת שיניים,,PL,מארז 2יח משחת שיניים קולגייט מקס פרש 125,מיליליטרים,250.00,"100 מ""ל",false,24,29.90,11.9600,true,1,344375
8718951477384,false,משחת שיניים קולגייט,קולגייט,MX,משחת שיניים קולגייט טוטל גל 75מל,מיליליטרים,75.00,"100 מ""ל",false,48,19.90,26.5333,true,1,343658
8718951509627,false,משחת שיניים קולגייט,CP-Poland swidnica,,משחת שיניים קולגייט אופטיק וייט קפה 75מל,Unknown,0.00,Unknown,false,48,27.90,0.0000,true,1,345011
8719128110363,false,סירופ סודה סטרים אשכ,סודה סטרים,IL,סירופ סודה סטרים אשכולית אדומה 500 מל,מיליליטרים,500.00,"100 מ""ל",false,1,22.90,4.5800,true,1,320032
8719128110387,false,סירופ סודה סטרים דיא,סודה סטרים,IL,סירופ סודה סטרים דיאט אשכולית אדומה500,מיליליטרים,500.00,"100 מ""ל",false,1,22.90,4.5800,true,1,320033
8719128112633,false,זוג בקבוקי סודה סטרי,סודה סטרים,,זוג בקבוקי סודה סטרים הגזה 500מל ילדים,יחידה,2.00,יחידה,false,1,39.00,19.5000,true,1,320025
8719128117232,false,סירופ פפסי 440 מל ס,סודה סטרים,,סירופ פפסי 440 מל סודה סטרים,מיליליטרים,440.00,"100 מ""ל",false,1,22.90,5.2045,true,1,337432
8719128117256,false,סירופ סבנאפ 440 מל,סודה סטרים,,סירופ סבנאפ 440 מל סודה סטרים,מיליליטרים,440.00,"100 מ""ל",false,1,22.90,5.2045,true,1,337433
8719128117294,false,סירופ סבנאפ דיאט 440,סודה סטרים,,סירופ סבנאפ דיאט 440מל סודה סטרים,מיליליטרים,440.00,"100 מ""ל",false,1,22.90,5.2045,true,1,337434
8719128118499,false,מיכל גז עד 60ליטר חי,,,מיכל גז עד 60ליטר חיבור מהיר,יחידה,1.00,יחידה,false,1,109.90,109.9000,true,1,346574
8719128118734,false,מילוי מיכל גז עד 60,,,מילוי מיכל גז עד 60 ליטר חיבור מהיר,יחידה,1.00,יחידה,false,1,62.90,62.9000,true,1,346573
8719200998001,false,מרגרינה בלי מלח 200,יוניליוור,IL,מרגרינה בלי מלח 200 גרם בלו בנד,גרמים,200.00,100 גרם,false,60,5.10,2.5500,true,1,330491
8719200998018,false,מחמאה בלו בנד 200 גר,יוניליוור,,מחמאה בלו בנד 200 גר,גרמים,200.00,100 גרם,false,1,5.50,2.7500,true,1,330500
8719200998032,false,מרגרינה מזולה גלורי,יוניליוור,IL,מרגרינה מזולה גלורי טעם חמאה 250 גרם,גרמים,250.00,100 גרם,false,48,10.90,4.3600,true,1,330497
8719200998049,false,מרגרינה מזולה רגילה,יוניליוור,IL,מרגרינה מזולה רגילה 250 גרם,גרמים,250.00,100 גרם,false,48,10.90,4.3600,true,1,330494
8719200998094,false,מרגרינה מזולה ללא מל,יוניליוור,,מרגרינה מזולה ללא מלח 200 גר,גרמים,200.00,100 גרם,false,1,7.10,3.5500,true,1,330499
8719324820431,false,חטיף טורטיליה נאכו צ,,NL,חטיף טורטיליה נאכו צילי 200 גרם,גרמים,200.00,100 גרם,false,10,16.90,8.4500,true,1,346676
8719325897562,false,גליליות סאבור קרם קו,,NL,גליליות סאבור קרם קוקוס 162 גרם,גרמים,150.00,100 גרם,false,18,10.90,7.2667,true,1,343412
8719956492709,false,שוקולד טוניס לבן עם,,NL,שוקולד טוניס לבן עם פטל 180 גרם,גרמים,180.00,100 גרם,false,15,17.90,9.9444,true,1,337180
8719992179169,false,גליליות גוי סאבור קר,,NL,גליליות סאבור קרם אגוזים 162 גרם,גרמים,150.00,100 גרם,false,18,10.90,7.2667,true,1,343411
8720100012445,false,וופל טוסט בלגי 6 יח,DE BANKETGROEP,NL,וופל גנסן-וופל טוסט 12 יח במארז 250 גר 1,גרמים,250.00,100 גרם,false,12,12.90,5.1600,true,1,233117
8720181045905,false,דאודורנט אקס ספריי א,יוניליוור,,דאודורנט אקס ספריי אפריקה אנטיפרספ 150מל,מיליליטרים,150.00,"100 מ""ל",false,1,19.90,13.2667,true,1,334692
8720181045912,false,דאודורנט אקס ספריי א,יוניליוור,,דאודורנט אקס ספריי אפריקה 150מל,מיליליטרים,150.00,"100 מ""ל",false,1,19.90,13.2667,true,1,334691
8720181046605,false,דאו. דאב ספריי אורגי,יוניליוור,,דאו. דאב ספריי אורגינל 150 מל,מיליליטרים,150.00,"100 מ""ל",false,1,16.90,11.2667,true,1,335667
8720181046612,false,דאב דאו.רולאון אורגי,יוניליוור,,דאב דאו.רולאון אורגינל 50 מל,Unknown,0.00,Unknown,false,1,16.90,0.0000,true,1,338287
8720181074745,false,דאודורנט דאב ספריי א,יוניליוור,,דאודורנט דאב ספריי אסאי 150מל,מיליליטרים,150.00,"100 מ""ל",false,1,16.90,11.2667,true,1,338770
8720181090219,false,סבון נוזלי דאב רימונ,יוניליוור,,סבון נוזלי דאב רימונים 750מל,מיליליטרים,750.00,"100 מ""ל",false,1,17.90,2.3867,true,1,337452
8720181123955,false,גל רחצה אקס 400מל רי,יוניליוור,,גל רחצה אקס 400מל ריצארג,מיליליטרים,400.00,"100 מ""ל",false,1,12.90,3.2250,true,1,343199
8720182253033,false,חרדל לחיץ קאלווה 250,יוניליוור,NL,חרדל לחיץ קאלווה 250 מל,מיליליטרים,250.00,"100 מ""ל",false,12,18.90,7.5600,true,1,346243
8720182255556,false,רוטב להמבורגר קאלווה,יוניליוור,NL,רוטב להמבורגר קאלווה לחיץ 430 מל,מיליליטרים,430.00,"100 מ""ל",false,12,22.90,5.3256,true,1,346246
8720182286604,false,רוטב ברביקיו דבש קאל,יוניליוור,NL,רוטב ברביקיו דבש קאלווה לחיץ 250 מל,מיליליטרים,250.00,"100 מ""ל",false,12,15.90,6.3600,true,1,346245
8720600606731,false,רסק תפוחי עץ האק 715,אהק בו.וי.גיסן,NL,רסק תפוחי עץ האק 715גר צנצנת,גרמים,715.00,100 גרם,false,12,13.90,1.9441,true,1,323168
8720608014958,false,תה ליפטון ילו לייבל,יוניליוור,,תה ליפטון ילו לייבל 100 יח 1.5 גרם,יחידה,1.00,יחידה,false,1,12.90,12.9000,true,1,347013
8721200060107,false,וופל בקרסלנד סטרופ ה,VAN DER BREGGEN,NL,בקרסלנד-סטרופ וופל הולנדי 250 גר 1/15,גרמים,250.00,100 גרם,false,15,12.90,5.1600,true,1,233677
8723400756552,false,מארז 4 יח סוכריות מנ,פרפטי ואן מלה,,מארז 4 יח סוכריות מנטוס רינבוא,יחידה,4.00,יחידה,false,1,11.50,2.8750,true,1,243591
8723400793205,false,טופי אדווקט ואן מאל,,NL,טופי אדווקט ואן מאל 275 גרם,גרמים,275.00,100 גרם,false,12,15.90,5.7818,true,1,338762
8723400793922,false,מארז 4 יח סוכריות מנ,פרפטי ואן מלה,,מארז 4 יח סוכריות מנטוס דובדבן,יחידה,4.00,יחידה,false,1,11.50,2.8750,true,1,337636
8801043025256,false,נונגשים ראמאן נודלס,,KR,נונגשים ראמאן נודלס שין חריף קערה 114 גר,גרמים,114.00,100 גרם,false,12,17.90,15.7018,true,1,346331
8801043028158,false,נונגשים ראמאן נודלס,,KR,נונגשים ראמאן נודלס קימצי בכוס 75 גר,Unknown,0.00,Unknown,false,12,11.90,0.0000,true,1,346337
8801043029353,false,נונגשים ראמאן נודלס,,KR,נונגשים ראמאן נודלס טמפורה בכוס 75 גר,Unknown,0.00,Unknown,false,12,13.90,0.0000,true,1,346334
8801043031011,false,נונגשים ראמאן נודלס,,KR,נונגשים ראמאן נודלס שיין חריףבכוס 68גר,Unknown,0.00,Unknown,false,12,11.90,0.0000,true,1,346336
8801043049566,false,נונגשים ראמאן נודלס,,KR,נונגשים ראמאן נודלס שין חריף בכוס 68 גר,Unknown,0.00,Unknown,false,12,11.90,0.0000,true,1,346338
8801043053167,false,נונגשים ראמאן נודלס,,KR,נונגשים ראמאן נודלס שין חריף מאוד 120ג,גרמים,120.00,100 גרם,false,20,10.90,9.0833,true,1,346341
8801043055628,false,נונגשים ראמאן נודלס,,KR,נונגשים ראמאן נודלס קימצי קערה 100 גר,גרמים,100.00,100 גרם,false,12,15.90,15.9000,true,1,346333
8801043150620,false,נונגשים ראמאן נודלס,,KR,נונגשים ראמאן נודלס שין חריף שקית 120ג,גרמים,120.00,100 גרם,false,20,10.90,9.0833,true,1,346342
8801043157735,false,נונגשים ראמאן נודלס,,KR,נונגשים ראמאן נודלס אנסוג חריף שקית125גר,גרמים,125.00,100 גרם,false,20,11.90,9.5200,true,1,346339
8801043157742,false,נונגשים ראמאן נודלס,,KR,נונגשים ראמאן נודלס קימצי שקית 120ג,גרמים,120.00,100 גרם,false,20,10.90,9.0833,true,1,346343
8801043157759,false,נונגשים ראמאן נודלס,,KR,נונגשים ראמאן נודלס פירות ים בכוס 75 גר,Unknown,0.00,Unknown,false,20,13.90,0.0000,true,1,346335
8801055706440,false,קפה נמס טסטר צויס טו,נסטלה קוריאה - קפה,KR,קפה נמס טסטר צויס טו גו 1.8/20גר,יחידה,20.00,יחידה,false,15,12.00,0.6000,true,1,237977
8801055706976,false,נסקפה קפוצינו וניל 1,נסטלה קוריאה - קפה,KR,נסקפה קפוצינו וניל 10 יח 18.5 גר,גרמים,185.00,100 גרם,false,6,19.90,10.7568,true,1,243680
8801055707010,false,נסקפה קפוצינו קלאסיק,נסטלה קוריאה - קפה,KR,נסקפה קפוצינו קלאסיק 10 יח 12.5 גר,גרמים,125.00,100 גרם,false,12,19.90,15.9200,true,1,243683
8801055707966,false,נסקפה בריסטה טסטר צו,נסטלה קוריאה - קפה,,נסקפה טסטר צויס בריסטה 180 גר,גרמים,180.00,100 גרם,false,1,32.90,18.2778,true,1,309486
8801055708772,false,מארז נסקפה טסטר צויס,נסטלה קוריאה - קפה,,מארז נסקפה טסטר צויס 200 גרם+50גרם בשקית,גרמים,200.00,100 גרם,false,1,29.90,14.9500,true,1,323790
8801055709427,false,נסקפה טסטר צויס אלטה,,,נסקפה טסטר צויס אלטה ריקה 100 גרם,גרמים,100.00,100 גרם,false,,22.90,22.9000,true,1,342271
8801055709434,false,נסקפה טסטר צויס קולו,,,נסקפה טסטר צויס קולומביה 100 גרם,גרמים,100.00,100 גרם,false,,22.90,22.9000,true,1,342269
8801055709441,false,נסקפה טסטר צויס סומט,,,נסקפה טסטר צויס סומטרה 100 גרם,גרמים,100.00,100 גרם,false,,22.90,22.9000,true,1,342273
8801055709458,false,נסקפה קפוצינו קרמל 1,נסטלה קוריאה - קפה,,נסקפה קפוצינו קרמל 10 יח 17 גר,גרמים,170.00,100 גרם,false,1,19.90,11.7059,true,1,344202
8801055709465,false,נסקפה קפוצינו וניל 1,נסטלה קוריאה - קפה,,נסקפה קפוצינו וניל 10 יח 17 גר,גרמים,170.00,100 גרם,false,1,19.90,11.7059,true,1,344203
8801055709472,false,נסקפה קפוצינו קלאסי,נסטלה קוריאה - קפה,,נסקפה קפוצינו קלאסי 10 יח 17 גר,גרמים,170.00,100 גרם,false,1,19.90,11.7059,true,1,344204
8801055709489,false,נסקפה קפוצינו אגוזים,נסטלה קוריאה - קפה,,נסקפה קפוצינו אגוזים 10 יח 17 גר,גרמים,170.00,100 גרם,false,1,19.90,11.7059,true,1,344205
8801055709526,false,נסקפה קפוצינו שוקולד,נסטלה קוריאה - קפה,,נסקפה קפוצינו שוקולד לבן 10 יח 17 גר,גרמים,170.00,100 גרם,false,1,19.90,11.7059,true,1,345100
8801085020301,false,אטריות נאמה אודון 20,Alpha international,,אטריות נאמה אודון 200 גר,גרמים,200.00,100 גרם,false,1,8.50,4.2500,true,1,237422
8802241131664,false,מארז 9 יח חטיף אצות,"מאן-גון פוד בע""מ",KR,מארז 9 יח חטיף אצות 40 גר,Unknown,0.00,Unknown,false,1,26.90,0.0000,true,1,318945
8802241131671,false,מארז 9 יח חטיף אצות,"מאן-גון פוד בע""מ",KR,מארז 9 יח חטיף אצות וואסבי 4.5 גר,Unknown,0.00,Unknown,false,1,35.90,0.0000,true,1,344537
8802241132821,false,מארז 3 יח חטיף אצות,"מאן-גון פוד בע""מ",,מארז 3 יח חטיף אצות 13.50 גר,Unknown,0.00,Unknown,false,1,12.90,0.0000,true,1,321594
8809168840471,false,מארז 9 יח חטיף אצות,,KR,מארז 9 יח חטיף אצות מיובשות 40.50 גר,Unknown,0.00,Unknown,false,12,24.90,0.0000,true,1,336960
8809168840488,false,מארז 3 יח חטיף אצות,,KR,מארז 3 יח חטיף אצות מיובשות 40.50 גר,Unknown,0.00,Unknown,false,12,11.90,0.0000,true,1,335007
8809302288480,false,קופסת איחסון 600מל א,,,קופסת איחסון 600מל אדום טריטאן קלוק,יחידה,1.00,יחידה,false,1,24.90,24.9000,true,1,344253
8809302288497,false,קופסת איחסון 1000מל,,,קופסת איחסון 1000מל אדום טריטאן קלוק,יחידה,1.00,יחידה,false,1,27.90,27.9000,true,1,344255
8809302288503,false,קופסת איחסון 1400מל,,,קופסת איחסון 1400מל כתום טריטאן קלוק,יחידה,1.00,יחידה,false,1,31.90,31.9000,true,1,344257
8809302288565,false,קופסת איחסון 4700מל,,,קופסת איחסון 4700מל ירוק טריטאן קלוק,יחידה,1.00,יחידה,false,1,62.90,62.9000,true,1,344262
8809302289425,false,קופסת איחסון 1500מל,,,קופסת איחסון 1500מל סגול טריטאן קלוק,יחידה,1.00,יחידה,false,1,39.90,39.9000,true,1,344258
8809302289432,false,קופסת איחסון 2500מל,,,קופסת איחסון 2500מל סגול טריטאן קלוק,יחידה,1.00,יחידה,false,1,44.90,44.9000,true,1,344261
8850058000710,false,מחית צילי בשמן 227 ג,Super J Internationa,,מחית צילי בשמן 227 גר,גרמים,22700.00,100 גרם,false,1,18.00,0.0793,true,1,306795
8850122103347,false,מארז אטריות שעועית 1,,TH,מארז אטריות שעועית 10 יח 40 גרם,גרמים,400.00,100 גרם,false,25,19.90,4.9750,true,1,347605
8850122201104,false,דפי שעועית לאגרול 24,,TH,דפי שעועית לאגרול 24 סמ 190 גרם,גרמים,190.00,100 גרם,false,25,15.90,8.3684,true,1,329385
8850122201111,false,שבבי אטריות שעועית 1,,TH,שבבי אטריות שעועית 190 גרם,גרמים,190.00,100 גרם,false,25,16.90,8.8947,true,1,347592
8850161160851,false,משקה מי קוקוס 350מל,,TH,משקה מי קוקוס 350מל קוקו מקס,מיליליטרים,350.00,"100 מ""ל",false,24,8.90,2.5429,true,1,328298
8850161166204,false,קרם קוקוס 17-19% אמפ,אמפווה קוקונט פרודקט,TH,קרם קוקוס 17-19% אמפאוה 500 מל בקבוק,מיליליטרים,500.00,"100 מ""ל",false,24,12.90,2.5800,true,1,326706
8850161167041,false,משקה חלב קוקוס 270מל,,TH,משקה חלב קוקוס 270מל קוקו וואי,מיליליטרים,270.00,"100 מ""ל",false,24,9.20,3.4074,true,1,328299
8850161167232,false,משקה מי קוקוס שוקולד,,TH,משקה מי קוקוס שוקולד 1ליטר קוקו מקס,ליטרים,1.00,ליטר,false,12,19.90,19.9000,true,1,333779
8850180040028,false,קמח טמפורה 500 גר גו,Malinee Food Product,TH,טמפורה 500גרם (GOGI),מיליליטרים,500.00,"100 מ""ל",false,24,10.90,2.1800,true,1,249400
8850206250592,false,רוטב צילי סיראצה 530,Yan Wal Yun Corpora,,רוטב צילי סיראצה 530 גרם,גרמים,530.00,100 גרם,false,1,19.90,3.7547,true,1,319597
8850206251711,false,רוטב הלתי הוי סטיר ל,Yan Wal Yun Corpora,TH,רוטב הלתי הוי סטיר להקפצה 300 מל,מיליליטרים,300.00,"100 מ""ל",false,12,9.90,3.3000,true,1,335630
8850206251728,false,רוטב הלתי בוי שזיפים,Yan Wal Yun Corpora,TH,רוטב הלתי בוי שזיפים חמוץ מתוק 300 מל,מיליליטרים,300.00,"100 מ""ל",false,12,9.90,3.3000,true,1,335381
8850206251988,false,רוטב צילי צהוב סרירא,Yan Wal Yun Corpora,TH,רוטב צילי צהוב סריראצה 280 גרם,גרמים,280.00,100 גרם,false,12,19.90,7.1071,true,1,334083
8850206280049,false,רוטב צילי חריף מיו 2,Yan Wal Yun Corpora,TH,רוטב צילי חריף מיו 250 גרם,גרמים,250.00,100 גרם,false,12,17.90,7.1600,true,1,344310
8850344000103,false,רוטב פאד טאי 295 מל,,TH,רוטב פאד פתאי תאילנדי 384,מיליליטרים,295.00,"100 מ""ל",false,12,10.90,3.6949,true,1,316181
8850344001155,false,רוטב צילי מתוק 690 מ,,TH,רוטב צילי מתוק 690 מל,מיליליטרים,690.00,"100 מ""ל",false,12,9.90,1.4348,true,1,316494
8850367300266,false,תערובת חמשת התבלינים,Theppadungporn cocon,,תערובת חמשת התבלינים 50 גר,גרמים,50.00,100 גרם,false,1,11.90,23.8000,true,1,249396
8850367990139,false,רוטב חמוץ מתוק 285 מ,Theppadungporn cocon,TH,רוטב חמוץ מתוק 285 מל TCC (כ),מיליליטרים,285.00,"100 מ""ל",false,12,11.90,4.1754,true,1,254486
8850367990443,false,רוטב לסלט סגנון אסיא,Theppadungporn cocon,,רוטב לבלט סגנון אסיאתי 285 מל,מיליליטרים,285.00,"100 מ""ל",false,1,11.90,4.1754,true,1,254487
8850367992164,false,קרם קוקוס22%ללא חומר,Theppadungporn cocon,,קרם קוקוס22%ללא חומר משמר 250 מל,מיליליטרים,250.00,"100 מ""ל",false,1,7.90,3.1600,true,1,253875
8850367992171,false,קרם קוקוס22%ללא חומר,Theppadungporn cocon,,קרם קוקוס22%ללא חומר משמר1 ל,ליטרים,1.00,ליטר,false,1,24.90,24.9000,true,1,253876
8850367992980,false,נוזל אגוזי קוקוס5-7%,Theppadungporn cocon,,נוזל אגוזי קוקוס5-7% טי.סי.סי400מל,מיליליטרים,400.00,"100 מ""ל",false,1,6.90,1.7250,true,1,312183
8850367992997,false,קרם קוקוס17-19% בקרט,Theppadungporn cocon,,מי קוקוס17-19% בקרטון 250 מל,מיליליטרים,250.00,"100 מ""ל",false,1,6.90,2.7600,true,1,317242
8850367994021,false,רוטב צילי ללא סוכר ט,Theppadungporn cocon,,רוטב צילי ללא סוכר טי.סי.סי 280 מל,מיליליטרים,280.00,"100 מ""ל",false,1,11.90,4.2500,true,1,344978
8850367994427,false,חלב קוקוס מרוכז וממו,Theppadungporn cocon,TH,חלב קוקוס מרוכז וממותק 330 גרם,גרמים,330.00,100 גרם,false,24,12.90,3.9091,true,1,336022
8850367994779,false,מחית קארי ירוקה טי.ס,Theppadungporn cocon,TH,מחית קארי ירוקה טי.סי.סי 50 גרם,Unknown,0.00,Unknown,false,12,6.90,0.0000,true,1,338905
8850367994786,false,מחית קארי אדומה טי.ס,Theppadungporn cocon,TH,מחית קארי אדומה טי.סי.סי 50 גרם,Unknown,0.00,Unknown,false,12,6.90,0.0000,true,1,338904
8850367994793,false,מחית קארי צהובה טי.ס,Theppadungporn cocon,TH,מחית קארי צהובה טי.סי.סי 50 גרם,Unknown,0.00,Unknown,false,12,6.90,0.0000,true,1,338906
8850372000380,false,מקלוני שעועית תאילנד,סיטינאן,,איטריות שעועית 10 יח 40 גר,גרמים,400.00,100 גרם,false,1,24.90,6.2250,true,1,237980
8850372000472,false,מקלוני שעועית תאילנד,סיטינאן,TH,מקלוני שעועית תאילנדי 200 גרם,גרמים,200.00,100 גרם,false,1,11.90,5.9500,true,1,315953
8850389103111,false,משקה סאפה ענבים 300,SAPPE PUBLIC COMPANY,,משקה סאפה ענבים 300 מל פיקדון,מיליליטרים,300.00,"100 מ""ל",false,1,8.90,2.9667,true,1,234861
8850389103128,false,משקה סאפה תפוח 300 מ,SAPPE PUBLIC COMPANY,,משקה סאפה תפוח 300 מל פיקדון,מיליליטרים,300.00,"100 מ""ל",false,1,8.90,2.9667,true,1,234860
8850389103159,false,משקה מוגו מוגו ליצי,SAPPE PUBLIC COMPANY,,משקה מוגו מוגו ליצי 300מל בק.פקדון,מיליליטרים,300.00,"100 מ""ל",false,1,8.90,2.9667,true,1,345921
8850389104637,false,משקה סאפה אפרסק 300,SAPPE PUBLIC COMPANY,,משקה סאפה אפרסק 300 מל פיקדון,מיליליטרים,300.00,"100 מ""ל",false,1,8.90,2.9667,true,1,238432
8850389105825,false,משקה סאפה אלוורה ענב,SAPPE PUBLIC COMPANY,,משקה סאפה אלוורה ענבים 1 ל פיקדון,ליטרים,1.00,ליטר,false,1,15.90,15.9000,true,1,239247
8850389105832,false,משקה סאפה אלוורה תפו,SAPPE PUBLIC COMPANY,,משקה סאפה אלוורה תפוחים 1 ל פיקדון,ליטרים,1.00,ליטר,false,1,15.90,15.9000,true,1,239246
8850389105849,false,משקה סאפה אלוורה אפר,SAPPE PUBLIC COMPANY,,משקה סאפה אלוורה אפרסק 1 ל פיקדון,ליטרים,1.00,ליטר,false,1,15.90,15.9000,true,1,239248
8850389111352,false,משקה מוגו מוגו מלון,SAPPE PUBLIC COMPANY,,משקה מוגו מוגו מלון 300מל בק.פקדון,מיליליטרים,300.00,"100 מ""ל",false,1,8.90,2.9667,true,1,345922
8850389115312,false,משקה סאפה מלון 300 מ,SAPPE PUBLIC COMPANY,,משקה סאפה מלון 300 מל פיקדון,מיליליטרים,300.00,"100 מ""ל",false,1,8.90,2.9667,true,1,321854
8850389115336,false,משקה סאפה אלוורה מלו,SAPPE PUBLIC COMPANY,,משקה סאפה אלוורה מלון 1 ל פיקדון,ליטרים,1.00,ליטר,false,1,15.90,15.9000,true,1,321853
8850521151215,false,קמח אורז דביק 400 גר,Oriental food co. lt,TH,קמח אורז דביק 400 גרם (כ),גרמים,400.00,100 גרם,false,34,10.00,2.5000,true,1,229653
8850632604259,false,מקלות גומי יוגטה תות,סאדאט,TR,מקלות יוגטה חמוץ בטעם תות שדה 50 גר,Unknown,0.00,Unknown,false,192,4.50,0.0000,true,1,239034
8850632604266,false,מקלות גומי יוגטה קול,סאדאט,TR,מקלות יוגטה חמוץ בטעם קולה 50 גר,Unknown,0.00,Unknown,false,192,4.50,0.0000,true,1,239035
8850632604372,false,שטיח גומי יוגטה תות,סאדאט,TR,ממתק יוגטה חמוץ בטעם תות שדה 50 גר שטיח,Unknown,0.00,Unknown,false,192,4.50,0.0000,true,1,239036
8850632604402,false,שטיח גומי יוגטה מעור,סאדאט,TR,ממתק יוגטה חמוץ בטעם מעורב 50 גר שטיח,Unknown,0.00,Unknown,false,192,4.50,0.0000,true,1,239037
8850632605201,false,שטיח גומי יוגטה חיספ,סאדאט,TR,ממתק יוגטה חמוץ חיספוסים 50 גר שטיח,Unknown,0.00,Unknown,false,192,4.50,0.0000,true,1,239266
8850632606390,false,שטיח גומי יוגטה אבטי,ג'נרל קנדי,TH,יוגטה שטיח אבטיח 50 גרם,Unknown,0.00,Unknown,false,192,4.50,0.0000,true,1,247711
8851019210117,false,מקלות פוקי שוקולד חל,,TH,מקלות פוקי שוקולד חלב 47 גר,Unknown,0.00,Unknown,false,12,7.90,0.0000,true,1,338312
8851019210124,false,מקלות פוקי תות 45 גר,,TH,מקלות פוקי תות 45 גר,Unknown,0.00,Unknown,false,12,7.90,0.0000,true,1,338311
8851019210193,false,מקלות פוקי שוקולד בנ,,TH,מקלות פוקי שוקולד בננה 42 גר,Unknown,0.00,Unknown,false,12,7.90,0.0000,true,1,338313
8851019210223,false,מקלות פוקי תה ירוק מ,,TH,מקלות פוקי תה ירוק מאצה 33 גר,Unknown,0.00,Unknown,false,12,7.90,0.0000,true,1,338314
8851019210292,false,מקלות פוקי לבן ועודי,,TH,מקלות פוקי לבן ועודיות 40 גר,Unknown,0.00,Unknown,false,12,7.90,0.0000,true,1,338310
8851019510132,false,מקלות פוקי דאבל שוקו,,TH,מקלות פוקי דאבל שוקולד 47 גר,Unknown,0.00,Unknown,false,12,7.90,0.0000,true,1,338309
8851613101378,false,חלב קוקוס ארוי די250,,,מי קוקוס בקרטון 250 מל,מיליליטרים,250.00,"100 מ""ל",false,1,10.90,4.3600,true,1,250734
8851613101385,false,חלב קוקוס ארוי די500,,,חלב קוקוס בקרטון 500 מל,מיליליטרים,500.00,"100 מ""ל",false,1,13.90,2.7800,true,1,250735
8851613106106,false,חלב קוקוס ארוי די150,תאי וורלד,,מי קוקוס 150 מל ארוי די,מיליליטרים,150.00,"100 מ""ל",false,1,7.90,5.2667,true,1,309460
8852072212018,false,ערמוני מים סילביה,Super J Internationa,TH,ערמוני מים 565 גרם,גרמים,565.00,100 גרם,false,24,14.90,2.6372,true,1,250328
8852116710258,false,אורז קוניו סמפטונג ד,,,אורז קוניו סמפטונג דביק 1 קג,קילוגרמים,1.00,"ק""ג",false,12,14.90,14.9000,true,1,343807
8852511010076,false,מיונז יפני 520 גר קי,KEWPIE (THAILAND)CO.,TH,מיונז יפני 520מל (Kewpie),גרמים,500.00,100 גרם,false,20,60.00,12.0000,true,1,247508
8852633020403,false,פניני טפיוקה 500 ג,Super J Internationa,,פניני טפיוקה 500 ג,גרמים,500.00,100 גרם,false,1,11.90,2.3800,true,1,234759
8852633520408,false,סוכר דקלים 400 גר,Super J Internationa,TH,סוכר דקלים 400 גר,גרמים,400.00,100 גרם,false,50,15.00,3.7500,true,1,306818
8853662056098,false,רוטב סריראצה עם שום,EXOTIC FOOD PCL,,רוטב סריראצה עם שום 455 מל,מיליליטרים,455.00,"100 מ""ל",false,12,24.90,5.4725,true,1,338389
8853662056661,false,רוטב סריראצה מיו 455,EXOTIC FOOD PCL,,רוטב סריראצה מיו 455 מל,מיליליטרים,455.00,"100 מ""ל",false,1,24.90,5.4725,true,1,322535
8853662056982,false,רוטב סריראצה צילי יר,EXOTIC FOOD PCL,,רוטב סריראצה צילי ירוק חריף 455 מל,מיליליטרים,455.00,"100 מ""ל",false,1,24.90,5.4725,true,1,322538
8853662057019,false,רוטב סריראצה צילי צה,EXOTIC FOOD PCL,,רוטב סריראצה צילי צהוב חריף 455 מל,מיליליטרים,455.00,"100 מ""ל",false,1,24.90,5.4725,true,1,322537
8853662060026,false,רוטב סריראצה חריף455,EXOTIC FOOD PCL,,רוטב סריראצה חריף455 מל,מיליליטרים,455.00,"100 מ""ל",false,1,24.90,5.4725,true,1,345975
8853662060316,false,רוטב סריראצה עם קרם,EXOTIC FOOD PCL,,רוטב סריראצה עם קרם קוקוס 455 מל,מיליליטרים,455.00,"100 מ""ל",false,12,24.90,5.4725,true,1,338393
8853662060385,false,רוטב סריראצה שחור 45,EXOTIC FOOD PCL,,רוטב סריראצה שחור 455 מל,מיליליטרים,455.00,"100 מ""ל",false,12,24.90,5.4725,true,1,338390
8854404000126,false,קרם קוקוס 18% בלו אל,"בלו ספייס קו. בע""מ",TH,קרם קוקוס 18% בלו אלפנט 400 גרם,מיליליטרים,400.00,"100 מ""ל",false,6,14.90,3.7250,true,1,326543
8854404000225,false,מחית קארי צהוב בלו א,"בלו ספייס קו. בע""מ",TH,מחית קארי צהוב בלו אלפנט 70 גרם,Unknown,0.00,Unknown,false,6,14.90,0.0000,true,1,326517
8854404000522,false,אטריות אורז בלו אלפנ,"בלו ספייס קו. בע""מ",TH,אטריות אורז בלו אלפנט 500 גרם,גרמים,500.00,100 גרם,false,6,10.90,2.1800,true,1,326542
8854404000621,false,מחית קארי ירוק בלו א,"בלו ספייס קו. בע""מ",TH,מחית קארי ירוק בלו אלפנט 70 גרם,Unknown,0.00,Unknown,false,6,14.90,0.0000,true,1,326515
8854404000829,false,מחית קארי מסמאן בלו,"בלו ספייס קו. בע""מ",TH,מחית קארי מסמאן בלו אלפנט 70 גרם,Unknown,0.00,Unknown,false,6,14.90,0.0000,true,1,326518
8854404000928,false,מחית למרק טום ים בלו,"בלו ספייס קו. בע""מ",TH,מחית למרק טום ים בלו אלפנט 70 גרם,Unknown,0.00,Unknown,false,6,14.90,0.0000,true,1,326519
8854404001055,false,מחית קארי אדום בלו א,"בלו ספייס קו. בע""מ",TH,מחית קארי אדום בלו אלפנט 70 גרם,Unknown,0.00,Unknown,false,6,14.90,0.0000,true,1,326516
8854404001154,false,רוטב דגים בלו אלפנט,"בלו ספייס קו. בע""מ",TH,רוטב דגים בלו אלפנט 200 מל,מיליליטרים,200.00,"100 מ""ל",false,6,8.90,4.4500,true,1,326541
8854404001680,false,אורז יסמין לבן בלו א,"בלו ספייס קו. בע""מ",TH,אורז יסמין לבן בלו אלפנט 500 גרם,גרמים,500.00,100 גרם,false,6,13.90,2.7800,true,1,326544
8854404002571,false,רוטב בוטנים בלו אלפנ,"בלו ספייס קו. בע""מ",TH,רוטב בוטנים בלו אלפנט 190 מל,מיליליטרים,190.00,"100 מ""ל",false,6,13.90,7.3158,true,1,342376
8854404002625,false,מחית למרק טום קה בלו,"בלו ספייס קו. בע""מ",TH,מחית למרק טום קה בלו אלפנט 70 גרם,Unknown,0.00,Unknown,false,6,14.90,0.0000,true,1,326520
8854404005213,false,רוטב קארי צהוב בלו א,"בלו ספייס קו. בע""מ",TH,רוטב קארי צהוב בלו אלפנט 300 גרם,גרמים,300.00,100 גרם,false,6,27.90,9.3000,true,1,342442
8854404005220,false,רוטב קארי אדום בלו א,"בלו ספייס קו. בע""מ",TH,רוטב קארי אדום בלו אלפנט 300 גרם,גרמים,300.00,100 גרם,false,6,27.90,9.3000,true,1,326514
8854404005237,false,רוטב קארי ירוק בלו א,"בלו ספייס קו. בע""מ",TH,רוטב קארי ירוק בלו אלפנט 300 גרם,גרמים,300.00,100 גרם,false,6,27.90,9.3000,true,1,326513
8854404005664,false,ערכה להכנת פאד תאי ב,"בלו ספייס קו. בע""מ",TH,ערכה להכנת פאד תאי בלו אלפנט300 גרם,גרמים,300.00,100 גרם,false,6,27.90,9.3000,true,1,326524
8854404006630,false,רוטב פלפל שחור בלו א,"בלו ספייס קו. בע""מ",TH,רוטב פלפל שחור בלו אלפנט 100 גרם,גרמים,100.00,100 גרם,false,6,13.90,13.9000,true,1,326539
8854404007071,false,רוטב פאד תאי בלו אלפ,"בלו ספייס קו. בע""מ",TH,רוטב פאד תאי בלו אלפנט 190 מל,גרמים,190.00,100 גרם,false,6,13.90,7.3158,true,1,343769
8857101301008,false,רוטב צילי מתוק 700 מ,פאן אינטר,TH,רוטב צילי מתוק 700מל,מיליליטרים,700.00,"100 מ""ל",false,1,9.90,1.4143,true,1,233592
8857106430499,false,אטריות אורז עם אורז,,TH,אטריות אורז עם אורז שחור 250 גרם,גרמים,250.00,100 גרם,false,48,8.90,3.5600,true,1,337102
8857106430505,false,אטריות אורז עם אורז,,TH,אטריות אורז עם אורז אדום 250 גרם,גרמים,250.00,100 גרם,false,48,8.90,3.5600,true,1,337104
8857106430512,false,אטריות אורז עם אורז,,TH,אטריות אורז עם אורז חום 250 גרם,גרמים,250.00,100 גרם,false,48,8.90,3.5600,true,1,337103
8857122559198,false,רוטב סיאם למון גראס,,TH,רוטב סיאם למון גראס ובזיליקום 250 מל,מיליליטרים,250.00,"100 מ""ל",false,6,15.90,6.3600,true,1,346773
8857122559556,false,רוטב סאטה סיאם בוטני,,TH,רוטב סאטה סיאם בוטנים וקוקס 250 מל,מיליליטרים,250.00,"100 מ""ל",false,6,15.90,6.3600,true,1,346775
8857122559679,false,רוטב צילי מתוק ואננס,,TH,רוטב צילי מתוק ואננס סיאם 250 מל,מיליליטרים,250.00,"100 מ""ל",false,6,12.90,5.1600,true,1,346776
8858271002870,false,רוטב פאד תאי 250 מל,Yan Wal Yun Corpora,,רוטב פאד תאי 250 מל מקסצאפ,מיליליטרים,250.00,"100 מ""ל",false,1,11.90,4.7600,true,1,240692
8858271002887,false,רוטב טרייאקי 250 מל,Yan Wal Yun Corpora,,רוטב טרייאקי 250 מל מקסצאפ,מיליליטרים,250.00,"100 מ""ל",false,1,11.90,4.7600,true,1,240694
8858271003020,false,רוטב סויה פורמולה 1,Yan Wal Yun Corpora,,רוטב סויה פורמולה 1 700 מל מקסצאפ,מיליליטרים,700.00,"100 מ""ל",false,1,16.90,2.4143,true,1,240686
8858271003044,false,רוטב סויה כהה פורמול,Yan Wal Yun Corpora,,רוטב סויה כהה פורמולה 5 700 מל מקסצאפ,מיליליטרים,700.00,"100 מ""ל",false,1,16.90,2.4143,true,1,240688
8858271003068,false,רוטב סויה מתוקה כהה,Yan Wal Yun Corpora,,רוטב סויה מתוקה כהה 250 מל מקסצאפ,מיליליטרים,250.00,"100 מ""ל",false,1,11.90,4.7600,true,1,240693
8858271003136,false,רוטב פטריות צמחוני 2,Yan Wal Yun Corpora,,רוטב פטריות צמחוני 250 מל מקסצאפ,מיליליטרים,250.00,"100 מ""ל",false,1,11.90,4.7600,true,1,250277
8858271003174,false,רוטב שזיפים 700 מל מ,Yan Wal Yun Corpora,,רוטב שזיפים 700 מל מקסצאפ,מיליליטרים,700.00,"100 מ""ל",false,1,16.90,2.4143,true,1,240683
8858271003921,false,רוטב קארי אדום 250 מ,Yan Wal Yun Corpora,,רוטב קארי אדום 250 מל מקסצאפ,מיליליטרים,250.00,"100 מ""ל",false,1,11.90,4.7600,true,1,240691
8858271003938,false,רוטב קארי ירוק 250 מ,Yan Wal Yun Corpora,,רוטב קארי ירוק 250 מל מקסצאפ,מיליליטרים,250.00,"100 מ""ל",false,1,11.90,4.7600,true,1,240690
8858271003945,false,רוטב קארי צהוב 250 מ,Yan Wal Yun Corpora,TH,רוטב קארי צהוב 250 מל מקסצאפ,מיליליטרים,250.00,"100 מ""ל",false,12,11.90,4.7600,true,1,336020
8858271004034,false,רוטב צילי חריף 700 מ,Yan Wal Yun Corpora,,רוטב צילי חריף 700 מל מקסצאפ,מיליליטרים,700.00,"100 מ""ל",false,1,16.90,2.4143,true,1,240687
8858271004126,false,רוטב חמוץ מתוק 700 מ,Yan Wal Yun Corpora,,רוטב חמוץ מתוק 700 מל מקסצאפ,מיליליטרים,700.00,"100 מ""ל",false,1,16.90,2.4143,true,1,240685
8858271004300,false,רוטב טריאקי 700 מל מ,Yan Wal Yun Corpora,,רוטב טריאקי 700 מל מקסצאפ,מיליליטרים,700.00,"100 מ""ל",false,1,21.90,3.1286,true,1,242546
8858271004423,false,רוטב טום יאם 250 מל,Yan Wal Yun Corpora,,רוטב טום יאם 250 מל מקסצאפ,מיליליטרים,250.00,"100 מ""ל",false,1,11.90,4.7600,true,1,243092
8858271004461,false,מחית תמרינד מאקסצאפ,Yan Wal Yun Corpora,,מחית תמרינד מאקסצאפ 454 גר,גרמים,454.00,100 גרם,false,1,24.00,5.2863,true,1,306804
8858271004799,false,רוטב צילי מתוק 700 מ,Yan Wal Yun Corpora,,רוטב צילי מתוק 700 מל מקסצאפ כשלפ,מיליליטרים,700.00,"100 מ""ל",false,1,12.90,1.8429,true,1,249112
8858271005451,false,רוטב סויה 250 מל מק,Yan Wal Yun Corpora,,רוטב סויה 250 מל מקסצאפ,מיליליטרים,250.00,"100 מ""ל",false,1,11.90,4.7600,true,1,254488
8858271005499,false,רוטב ברביקיו 250 מל,Yan Wal Yun Corpora,,רוטב בקביקיו 250 מל מקסצאפ,מיליליטרים,250.00,"100 מ""ל",false,1,11.90,4.7600,true,1,254489
8858271005772,false,רוטב סויה תמרי ללא ג,,,רוטב סויה תמרי ללא גלוטן 300 מל,מיליליטרים,300.00,"100 מ""ל",false,1,16.90,5.6333,true,1,326569
8858359000255,false,עלי קפיר ליים יבשים,,TH,עלי קפיר ליים יבשים 30 גרם,Unknown,0.00,Unknown,false,60,10.90,0.0000,true,1,329420
8858671550063,false,קמח טמפורה מתובל שום,Malinee Food Product,,קמח טמפורה מתובל שופ ופלפל ש 500 גר גוגי,מיליליטרים,500.00,"100 מ""ל",false,1,12.90,2.5800,true,1,313913
8858960302939,false,ערכת סיאם להכנת קארי,,TH,ערכת סיאם להכנת קארי צהוב 260 גרם,גרמים,260.00,100 גרם,false,6,24.90,9.5769,true,1,346777
8858960302953,false,ערכת סיאם להכנת קארי,,TH,ערכת סיאם להכנת קארי מאסאמן 260 גרם,גרמים,260.00,100 גרם,false,6,24.90,9.5769,true,1,346778
8858960303370,false,ערכת סיאם להכנת ספרי,,TH,ערכת סיאם להכנת ספרינג רול 260 גרם,גרמים,260.00,100 גרם,false,6,24.90,9.5769,true,1,346772
8888021200256,false,סוללות אנרגייזר שמינ,אנרג'ייזר,,סוללות אנרגייזר שמינייה AA,יחידה,8.00,יחידה,false,1,24.90,3.1125,true,1,232099
8888021200720,false,סוללות אנרגייזר AAA,אנרג'ייזר,,סוללות אנרגייזר AAA שמינייה,יחידה,8.00,יחידה,false,1,24.90,3.1125,true,1,230911
8888056700110,false,נודלס אינסטנט טעם יר,,SG,נודלס אינסטנט טעם ירקות 5 יח 425 גרם,גרמים,425.00,100 גרם,false,12,21.90,5.1529,true,1,342572
8888056701117,false,נודלס אינסטנט טעם עו,,SG,נודלס אינסטנט טעם עוף 5 יח 425 גרם,גרמים,425.00,100 גרם,false,12,21.90,5.1529,true,1,342569
8888056702220,false,נודלס אינסטנט טעם בק,,SG,נודלס אינסטנט טעם בקר 5 יח 425 גרם,גרמים,425.00,100 גרם,false,12,21.90,5.1529,true,1,342570
8888056708888,false,נודלס אינסטנט טעם טו,,SG,נודלס אינסטנט טעם טום יאם 5 יח 425 גרם,גרמים,425.00,100 גרם,false,12,21.90,5.1529,true,1,342573
8888056709991,false,נודלס אינסטנט טעם ספ,,SG,נודלס אינסטנט טעם ספייסי 5 יח 425 גרם,גרמים,425.00,100 גרם,false,12,21.90,5.1529,true,1,342571
8888757101506,false,שמן שומשום טהור 150,אוך אייק גואן פוד אי,,שמן שומשום טהור 150 מל,מיליליטרים,150.00,"100 מ""ל",false,1,12.00,8.0000,true,1,309452
8888757103005,false,שמן שומשום 300 מל,אוך אייק גואן פוד אי,,שמן שומשום טהור 300 מל,מיליליטרים,300.00,"100 מ""ל",false,1,20.00,6.6667,true,1,309453
8901537024014,false,אורז בסמטי דאוואט 1,lt foods,,אורז בסמטי מובחר 1 קג דאוואט,קילוגרמים,1.00,"ק""ג",false,1,13.90,13.9000,true,1,237008
8901537076679,false,אורז בסמטי דאוואט מל,אל.טי.פודס לימיטד,IN,אורז בסמטי דאוואט מלא 1 קג,קילוגרמים,1.00,"ק""ג",false,20,14.90,14.9000,true,1,323001
8904004402056,false,חטיף הודי הכל באחד 2,,IN,חטיף הודי הכל באחד 200 גרם,גרמים,200.00,100 גרם,false,40,10.90,5.4500,true,1,345724
8904004403756,false,חטיף הודי מונג דל עד,,IN,חטיף הודי מונג דל עדשים 150 גרם,גרמים,150.00,100 גרם,false,40,10.90,7.2667,true,1,345723
8904004405316,false,ממתק חלבה סון פפדי ב,,IN,ממתק חלבה סון פפדי בסיס קמח חיטה250גרם,גרמים,250.00,100 גרם,false,36,14.90,5.9600,true,1,345728
8904180001340,false,ממרח ראגה צאטני מנגו,,IN,ממרח רגה צאטני מנגו חריף 340 גר,גרמים,340.00,100 גרם,false,6,21.90,6.4412,true,1,329367
8904180001364,false,מחמצי ראגה צאטני מנג,,IN,מחמצי רגה צאטני מנגו חריף 340 גר,גרמים,300.00,100 גרם,false,6,21.90,7.3000,true,1,329368
8904180001388,false,ממרח ראגה קארי חריף,,IN,ממרח ראגה קארי חריף 340 גרם,גרמים,300.00,100 גרם,false,6,21.90,7.3000,true,1,329369
8904180001401,false,ממרח קארי וידאלו 300,,IN,ממרח קארי וידאלו 300 גרם,גרמים,300.00,100 גרם,false,6,21.90,7.3000,true,1,329370
8904180001425,false,ממרח ראגה ביריאני300,,IN,ממרח ראגה ביריאני300 גרם,גרמים,300.00,100 גרם,false,6,21.90,7.3000,true,1,329373
8904180001432,false,ממרח גראראם מסאלה נמ,,IN,ממרח נמאסטא גראראם מסאלה 300 גר,גרמים,300.00,100 גרם,false,6,21.90,7.3000,true,1,329423
8904180001463,false,רוטב קארי צהוב נמאסט,,IN,רוטב קארי צהוב נמאסטא 283 גרם,גרמים,283.00,100 גרם,false,6,19.90,7.0318,true,1,329429
8904180001470,false,רוטב קארי ירוק נמאסט,,IN,רוטב קארי ירוק נמאסטא 283 גרם,גרמים,283.00,100 גרם,false,6,19.90,7.0318,true,1,329430
8906000596999,false,אורז בסמטי מלא מיתאס,ציימן לאל סטיה,,אורז בסמטי מלא מיתאס 1 קג,קילוגרמים,1.00,"ק""ג",false,12,10.90,10.9000,true,1,309874
8906059700385,false,תבשילסייטל הודי מסאל,,IN,תבשיל סייטל הודי מסאלה חומוס 300 גרם,גרמים,300.00,100 גרם,false,20,15.90,5.3000,true,1,327295
8906059700408,false,תבשיל הודי דאל מאקאנ,,IN,תבשיל סייטל הודי מאקאני שעועית 300 גרם,גרמים,300.00,100 גרם,false,20,15.90,5.3000,true,1,327293
8906059700507,false,תבשיל הודי דאל עם עד,,IN,תבשיל סייטל הודי טדקה עם עדשים 300 גרם,גרמים,300.00,100 גרם,false,20,15.90,5.3000,true,1,327292
8906059703614,false,תבשיל הודי דאל תרד 3,,IN,תבשיל סייטל הודי דאל תרד 300 גרם,גרמים,300.00,100 גרם,false,20,15.90,5.3000,true,1,327294
8934878081712,false,אטריות אורז 5ממ רחב,Chanh Khang Company,,אטריות אורז 5ממ רחבות 454 ג,גרמים,454.00,100 גרם,false,1,10.90,2.4009,true,1,246624
8934878081743,false,אטריות אורז 5 ממ רחב,Chanh Khang Company,,אטריות אורז 5 ממ רחבות 250 גרם,גרמים,250.00,100 גרם,false,1,7.90,3.1600,true,1,246625
8934878081781,false,דפי אורז מרובע 16 סמ,Chanh Khang Company,,דפי אורז מרובע 16 סמ 400 גרם,גרמים,400.00,100 גרם,false,1,13.90,3.4750,true,1,306802
8934878081798,false,דפי אורז עגול 16 סמ,Chanh Khang Company,,דפי אורז עגול 16 סמ 400 גרם,גרמים,400.00,100 גרם,false,1,13.90,3.4750,true,1,246113
8934878081811,false,דפי אורז עגול 22סמ 4,Chanh Khang Company,,דפי אורז עגול 22סמ 400 גרם,גרמים,400.00,100 גרם,false,1,13.90,3.4750,true,1,246112
8934878081828,false,אטריות אורז דקות 1 מ,Chanh Khang Company,,אטריות אורז דקות 1 ממ ורמצילי 250גר,גרמים,250.00,100 גרם,false,1,7.90,3.1600,true,1,246598
8934878081835,false,אטריות אורז דקות 1 מ,Chanh Khang Company,,אטריות אורז דקות 1 ממ ורמצילי 450 גר,גרמים,450.00,100 גרם,false,1,10.90,2.4222,true,1,246599
8934878081866,false,דפי אורז מרובע 22סמ,Chanh Khang Company,,דפי אורז מרובע 22סמ 400 גרם,גרמים,400.00,100 גרם,false,1,13.90,3.4750,true,1,306803
8936144250105,false,ויקו מי קוקוס אורגני,,VN,ויקו מי קוקוס אורגני 100% 1 ליטר,ליטרים,1.00,ליטר,false,12,18.90,18.9000,true,1,339113
8938535541366,false,דפי אורז צבעוני עגול,Chanh Khang Company,VN,דפי אורז צבעוני עגול 22 סמ 400 גרם,גרמים,400.00,100 גרם,false,25,14.90,3.7250,true,1,337105
9000100590693,false,מוס לשיער סאיוס לייצ,מריבור,SI,מוס לשיער סאיוס לייצוב מקסימלי 250מל,מיליליטרים,250.00,"100 מ""ל",false,6,24.90,9.9600,true,1,321522
9000100590938,false,מוס סאיוס ליצירת נפח,מריבור,SI,מוס סאיוס ליצירת נפח 250מל,מיליליטרים,250.00,"100 מ""ל",false,6,24.90,9.9600,true,1,321519
9000100760591,false,דאו פה רול 50 מל כח,שוורצקופף והנקל,DE,דאו פה רול 50 מל כח ללא סימן,מיליליטרים,50.00,"100 מ""ל",false,,11.90,23.8000,true,1,321503
9000100798709,false,דאו פה רול און כח המ,שוורצקופף והנקל,DE,פה דאודורנט רולאון כח המשיכה 50 מל לגבר,מיליליטרים,50.00,"100 מ""ל",false,12,11.90,23.8000,true,1,252528
9000100806657,false,דאו פה רול און ספורט,שוורצקופף והנקל,DE,פה דאודורנט רולאון אינוויזיבל 50 מל לאשה,מיליליטרים,50.00,"100 מ""ל",false,12,11.90,23.8000,true,1,245957
9000101329742,false,סבון אסלה ברף ניחוח,הנקל סוד,RS,סבון אסלה ברף ניחוח מתחלף אפרסק תפוח50גר,Unknown,0.00,Unknown,false,10,9.90,0.0000,true,1,341683
9000101372878,false,קפסולות פרסיל דיסקס,הנקל,HU,קפסולות פרסיל דיסקס לכביסה לבנה 22יח,יחידה,22.00,יחידה,false,6,34.90,1.5864,true,1,338253
9000101380255,false,קפסולות פרסיל דיסקס,הנקל,HU,קפסולות פרסיל דיסקס ניקיון היגייני 22יח,יחידה,22.00,יחידה,false,6,34.90,1.5864,true,1,341674
9000101504484,false,דפי קולור קאצר ניקיו,הנקל,,דפי קולור קאצר ניקיון היגייני 10שקיות,יחידה,10.00,יחידה,false,1,15.90,1.5900,true,1,338252
9000101511635,false,פרסיל דיסקס סנסיטיב,הנקל,HU,פרסיל דיסקס סנסיטיב 22יח,יחידה,22.00,יחידה,false,6,34.90,1.5864,true,1,345178
9000101512526,false,קפסולות פרסיל פאוור,הנקל,HU,קפסולות פרסיל פאוור כביסה לבנה צבע 26יח,יחידה,26.00,יחידה,false,6,34.90,1.3423,true,1,341678
9000101515817,false,קפסולות פרסיל פאוור,הנקל,HU,קפסולות פרסיל פאוור 56יח,יחידה,56.00,יחידה,false,3,49.90,0.8911,true,1,341680
9000101521436,false,סבון אסלה ברף ניחוח,הנקל סוד,RS,סבון אסלה ברף ניחוח מתחלף לוטוס במבו50גר,Unknown,0.00,Unknown,false,10,9.90,0.0000,true,1,341684
9000101537550,false,קפסולות גל כב. פרסיל,הנקל,HU,קפסולות גל כב. פרסיל פאוור 52יח,יחידה,52.00,יחידה,false,4,49.90,0.9596,true,1,346126
9000101537581,false,קפסולות גל כב. פרסיל,הנקל,HU,קפסולות גל כב. פרסיל פאוור 52יח,יחידה,52.00,יחידה,false,4,49.90,0.9596,true,1,346127
9000101548419,false,דפים למכונת כביסה למ,הנקל,IE,דפים למכונת כביסה למניעת מעבר צבעים 18דף,יחידה,18.00,יחידה,false,12,15.90,0.8833,true,1,346965
9000331607955,false,וופל מאנר מוס קרם אג,,AT,וופל מאנר מוס קרם אגוזים 400 גרם,גרמים,400.00,100 גרם,false,1,22.90,5.7250,true,1,342905
9000331627526,false,וופל מאנר מילוי קרם,,AT,וופל מאנר מילוי קרם מלוח 200 גרם,גרמים,200.00,100 גרם,false,1,13.90,6.9500,true,1,342970
9000331627540,false,וופל מאנר מילוי קרם,,AT,וופל מאנר מילוי קרם וניל 200 גרם,גרמים,200.00,100 גרם,false,1,13.90,6.9500,true,1,342971
9001511004823,false,בירה גוסר בהיר 500מל,בראו יוניון,AT,בירה גוסר בהיר 500מל פקדון,מיליליטרים,500.00,"100 מ""ל",false,20,11.90,2.3800,true,1,247512
9001531947322,false,מרכך כביסה אקולוגי,ארדל רקס,,מרכך כביסה אקולוגי 750 מל לבנדר פרוש,מיליליטרים,750.00,"100 מ""ל",false,1,19.90,2.6533,true,1,325778
9001616202117,false,זוג מוצצי מאמ סיליקו,MAM,,זוג מוצצי מאמ סיליקון זמן לאהבה 0-6 אפור,יחידה,2.00,יחידה,false,1,34.90,17.4500,true,1,323277
9001616202155,false,זוג מוצצי מאמ סיליקו,MAM,,זוג מוצצי מאמ סיליקון 16+ בן כחול,יחידה,2.00,יחידה,false,1,34.90,17.4500,true,1,323283
9001616702655,false,זוג מוצצי מאמ זוהרים,MAM,,זוג מוצצי מאמ זוהרים בחושך 0-6 בת ורוד,יחידה,2.00,יחידה,false,1,34.90,17.4500,true,1,324431
9001616702877,false,זוג מוצצי מאמ סיליקו,MAM,,זוג מוצצי מאמ סיליקון 16+ בן ורוד,יחידה,2.00,יחידה,false,1,34.90,17.4500,true,1,324454
9002100018115,false,מרק מגי פטריות 82 גר,נסטלה,SK,מרק מגי פטריות 82 גרם,Unknown,0.00,Unknown,false,16,8.90,0.0000,true,1,336284
9002859018800,false,מיץ לימון טבעי צהוב,GUNZ WARENHANDELS,AT,פיאצלי-מיץ לימון טבעי(צהוב) 200 מל 1/12(,מיליליטרים,200.00,"100 מ""ל",false,12,4.50,2.2500,true,1,240542
9002859025204,false,פלחי מרמרלדה גונץ 20,GUNZ WARENHANDELS,,פלחי מרמרלדה גונץ 200 גר,גרמים,200.00,100 גרם,false,1,9.90,4.9500,true,1,241098
9002859026270,false,מיץ לימון ליים ירוק,GUNZ WARENHANDELS,,מיץ לימון ליים ירוק 200 מל,מיליליטרים,200.00,"100 מ""ל",false,1,4.50,2.2500,true,1,240541
9002859031434,false,סוכריות גלי פירות גו,GUNZ WARENHANDELS,,סוכריות גלי פירות גונץ 250 גר,גרמים,250.00,100 גרם,false,1,11.00,4.4000,true,1,237335
9002859035494,false,מיקס תבלינים ארומה 5,GUNZ WARENHANDELS,,מיקס תבלינים ארומה 500 גר גונץ,גרמים,500.00,100 גרם,false,1,13.50,2.7000,true,1,241442
9002859036583,false,לשונות חתול חלב 100,GUNZ WARENHANDELS,,לשונות חתול חלב 100 גר גונץ,גרמים,100.00,100 גרם,false,1,11.00,11.0000,true,1,242140
9002859050671,false,לבבות שוקולד גונץ בר,GUNZ WARENHANDELS,DE,לבבות שוקולד גונץ ברשת 100 גרם,גרמים,100.00,100 גרם,false,24,11.00,11.0000,true,1,247194
9002859054099,false,בונ.מוצרט כדורים משו,GUNZ WARENHANDELS,,בונ.מוצרט כדורים משושה 297 גר גונץ,גרמים,300.00,100 גרם,false,1,32.90,10.9667,true,1,239730
9002859058172,false,חטיף בננה בציפוי שוק,GUNZ WARENHANDELS,AT,גונץ-בננה ציפוי מריר 300 גר1/15(86935),גרמים,300.00,100 גרם,false,15,14.90,4.9667,true,1,241443
9002859061240,false,שבבי בצל מטוגן 250 ג,GUNZ WARENHANDELS,,שבבי בצל מטוגן 250 גר ניקו,גרמים,250.00,100 גרם,false,1,10.90,4.3600,true,1,242493
9002859063411,false,שוקולד חלב גן חיות 1,GUNZ WARENHANDELS,,שוקולד חלב גן חיות 100 גר גונץ,גרמים,100.00,100 גרם,false,1,11.00,11.0000,true,1,247191
9002859067570,false,דפדפי שוקולד תפוז 20,GUNZ WARENHANDELS,,דפדפי שוקולדה תפוז גונץ 200 גר,גרמים,100.00,100 גרם,false,1,18.00,18.0000,true,1,244942
9002859073298,false,כדורגל שוקולד גונץ ב,GUNZ WARENHANDELS,DE,כדורגל שוקולד גונץ ברשת 100 גר,גרמים,100.00,100 גרם,false,24,11.00,11.0000,true,1,252790
9002859100536,false,בונ.מוצרט אצבעות 200,GUNZ WARENHANDELS,,בונ.מוצרט אצבעות 200 גרם,גרמים,200.00,100 גרם,false,1,16.90,8.4500,true,1,321446
9002975393812,false,סוכריות גומי הריבו ה,,AT,סוכריות גומי הריבו הפי צירי 70 גרם,Unknown,0.00,Unknown,false,30,6.90,0.0000,true,1,337113
9002975393829,false,סוכריות גומי הריבו פ,,AT,סוכריות גומי הריבו פיציס 70 גרם,Unknown,0.00,Unknown,false,30,6.90,0.0000,true,1,337115
9002975393836,false,סוכריות גומי הריבו ה,,AT,סוכריות גומי הריבו הפי קולה 70 גרם,Unknown,0.00,Unknown,false,30,6.90,0.0000,true,1,337114
9002975393843,false,סוכריות גומי הריבו ג,,AT,סוכריות גומי הריבו גולדברס 70 גרם,Unknown,0.00,Unknown,false,30,6.90,0.0000,true,1,337112
9002975393850,false,סוכריות גומי הריבו ו,,AT,סוכריות גומי הריבו וורמס 70 גרם,Unknown,0.00,Unknown,false,30,6.90,0.0000,true,1,337116
9003100120037,false,בירה קייזר 500מל פח.,,AT,בירה קייזר 500מל פח.פקדון,מיליליטרים,500.00,"100 מ""ל",false,24,8.90,1.7800,true,1,346411
9003400304939,false,בירה שטיגל וייז חיטה,מבשלת שטיגל,,בירה שטיגל וייז חיטה 500מל פקדון,מיליליטרים,500.00,"100 מ""ל",false,1,11.90,2.3800,true,1,312391
9003400393032,false,בירה הל שטיגל 500מל,,,בירה הל שטיגל 500מל פח. פקדון,מיליליטרים,500.00,"100 מ""ל",false,24,10.00,2.0000,true,1,344910
9003401681138,false,מארז 6יח בירה שטיגל,,,מארז 6יח בירה שטיגל גולדבראו 330מל,מיליליטרים,1980.00,"100 מ""ל",false,1,34.90,1.7626,true,1,336875
9003402655084,false,בירה שטיגל רדלר פטל,,,בירה שטיגל רדלר פטל 500מל פחית פקדון,מיליליטרים,500.00,"100 מ""ל",false,24,7.90,1.5800,true,1,341124
9003402660088,false,בירה שטיגל גולדברו 5,,,בירה שטיגל גולדברו 500מל פחית,מיליליטרים,500.00,"100 מ""ל",false,24,10.00,2.0000,true,1,323745
9003402663089,false,בירה שטיגל רדלר 500מ,,,בירה שטיגל רדלר 500מל פחית פקדון,מיליליטרים,500.00,"100 מ""ל",false,24,7.90,1.5800,true,1,323746
9003402664079,false,בירה שטיגל רדלר לימו,,,בירה שטיגל רדלר לימון 500מל פחית פקדון,מיליליטרים,500.00,"100 מ""ל",false,24,7.90,1.5800,true,1,341123
9005800343143,false,אפטר שייב ניוואה מן,beiersdorf,,אפטר שייב ניוואה מן קול קיק פרש 100מל,מיליליטרים,100.00,"100 מ""ל",false,1,49.90,49.9000,true,1,339106
9005835312626,false,טבליות למדיח כלים קל,קלרו,AT,טבליות למדיח כלים קלרו 50 יח,קילוגרמים,1.00,"ק""ג",false,4,49.90,49.9000,true,1,329528
9005835312640,false,טבליות למדיח כלים קל,קלרו,AT,טבליות למדיח כלים קלרו 80 יח,יחידה,80.00,יחידה,false,4,69.90,0.8738,true,1,329643
9005835312718,false,מלח למדיח כלים קלרו,קלרו,AT,מלח למדיח כלים קלרו 1 קג,קילוגרמים,1.00,"ק""ג",false,5,14.90,14.9000,true,1,329530
9005835312732,false,נוזל הברקה למדיח כלי,קלרו,AT,נוזל הברקה למדיח כלים קלרו 500מל,מיליליטרים,500.00,"100 מ""ל",false,12,14.90,2.9800,true,1,329531
9005835312756,false,נוזל ניקוי למדיח כלי,קלרו,AT,נוזל ניקוי למדיח כלים קלרו 250מל,מיליליטרים,250.00,"100 מ""ל",false,6,14.90,5.9600,true,1,329532
9005835313609,false,טבליות קלרו למדיח כל,קלרו,AT,טבליות קלרו למדיח כלים 15טבליות,יחידה,15.00,יחידה,false,5,9.90,0.6600,true,1,343386
9005835313661,false,טבליות למדיח כלים קל,קלרו,AT,טבליות למדיח כלים קלרו 30 יח,יחידה,30.00,יחידה,false,5,29.90,0.9967,true,1,339592
9007911311073,false,יין זפ מוזר גרינר ול,,,יין זפ מוזר גרינר ולטלינר 2007 750מל פקד,מיליליטרים,750.00,"100 מ""ל",false,1,85.00,11.3333,true,1,248107
9008700108829,false,משקה מנגו 1 ליטר ראו,,,משקה מנגו 1 ליטר ראוך בקרטון,ליטרים,1.00,ליטר,false,1,11.90,11.9000,true,1,245840
9009200010582,false,סוכריות גלונים חמוץ,PEZ,AT,גלונים חמוצים סוכריות גומי אורגניות ללא,גרמים,100.00,100 גרם,false,10,11.90,11.9000,true,1,247399
9028800139493,false,בירה ציפפר 500מל פח.,,AT,בירה ציפפר 500מל פח.פקדון,מיליליטרים,500.00,"100 מ""ל",false,24,8.90,1.7800,true,1,346410
9028800627679,false,בירה אדלווייס 500 מל,,,בירה אדלווייס 500מל פח. פקדון,מיליליטרים,500.00,"100 מ""ל",false,1,11.90,2.3800,true,1,346169
9028800639962,false,בירה אדלווייס הפטרוב,,AT,בירה אדלווייס הפטרובה 500מל פקדון,מיליליטרים,500.00,"100 מ""ל",false,20,12.90,2.5800,true,1,249137
9044400822320,false,סוכריות פז 10יח +בו,PEZ,,סוכריות פז 10יח +בובה שקית,Unknown,0.00,Unknown,false,1,14.90,0.0000,true,1,338471
9044400841000,false,סוכריות דמויות פז,PEZ,HU,פז דיספנסר,Unknown,0.00,Unknown,false,12,13.00,0.0000,true,1,232489
9044400848931,false,מזוודת פז מיניונים,PEZ,,מזוודת פז מיניונים,Unknown,0.00,Unknown,false,1,59.90,0.0000,true,1,346404
9044400849105,false,סוכריות פז 10יח +בו,PEZ,,סוכריות פז 10יח +בובה שקית,Unknown,0.00,Unknown,false,1,14.90,0.0000,true,1,346704
9044400851672,false,סוכריות דמויות פז,PEZ,,סוכריות דמויות פז,Unknown,0.00,Unknown,false,1,13.00,0.0000,true,1,345126
9044400885578,false,סוכריות פז מילוי פיר,PEZ,,סוכריות פז מילוי פירות שמיניה,Unknown,0.00,Unknown,false,1,10.00,0.0000,true,1,346703
9044400885745,false,סוכריות בובת פז+מילו,PEZ,,סוכריות בובת פז+מילוי,Unknown,0.00,Unknown,false,1,11.90,0.0000,true,1,347381
9044400885752,false,סוכריות בובת פז+מילו,PEZ,,סוכריות בובת פז+מילוי,Unknown,0.00,Unknown,false,1,11.90,0.0000,true,1,347380
9120025834723,false,חטיף אוראו קפוא 120ג,,IT,חטיף אוראו קפוא 120גר,גרמים,120.00,100 גרם,false,14,14.90,12.4167,true,1,346870
9120025839896,false,חטיף מילקה קפוא 128ג,,IT,חטיף מילקה קפוא 128גר,גרמים,128.00,100 גרם,false,14,14.90,11.6406,true,1,347041
9120097310583,false,חטיף שוקו בננה מיניו,,IT,חטיף שוקו בננה מיניונים 108גר קפוא,גרמים,108.00,100 גרם,false,14,14.90,13.7963,true,1,346873
9300641001079,false,תמצית וניל טהור קולג,,GB,תמצית וניל טהור קולג אנד טיילור 65 מל,מיליליטרים,118.00,"100 מ""ל",false,12,75.00,63.5593,true,1,338951
9300752030722,false,יין שרדונה די בי 750,,,יין שרדונה די בי 750 מל פקדון,מיליליטרים,750.00,"100 מ""ל",false,1,45.00,6.0000,true,1,249310
9300752071718,false,יין נובל וואן בוטריט,,,יין נובל וואן בוטריטיס סמיו 375 מל,מיליליטרים,375.00,"100 מ""ל",false,1,165.00,44.0000,true,1,318151
9300752305721,false,יין אוז שיראז רזרב 7,,,יין אוז שיראז רזרב 750 מל,מיליליטרים,75000.00,"100 מ""ל",false,1,60.00,0.0800,true,1,250373
9300752650111,false,יין די בי גוורץ 3 לי,דה ברוטולי,,יין די בי גוורץ 3 ליטר,ליטרים,3.00,ליטר,false,1,109.00,36.3333,true,1,312199
9310072028743,false,ביסקויט טים טם אורגי,ארנולטס,AU,ביסקויט טים טם אורגינל 200 ג,גרמים,200.00,100 גרם,false,24,20.90,10.4500,true,1,308923
9310072028750,false,ביסקויט טים טם דאבל,ארנולטס,AU,ביסקויט טים טם דאבל 200 ג,גרמים,200.00,100 גרם,false,24,20.90,10.4500,true,1,308340
9310088007015,false,תחבושות דיפנד אובר נ,KC Vietnam,,תחבושות דיפנד אובר נייט 8 יחידות,Unknown,0.00,Unknown,false,1,19.90,0.0000,true,1,245681
9310297005239,false,יין שרדונה רונסונס ס,יינות מטואה,,יין שרדונה רונסונס סמיליון 2015 750 מל,מיליליטרים,750.00,"100 מ""ל",false,1,60.00,8.0000,true,1,309870
9310297646258,false,יין שיראז קברנה רונס,יינות מטואה,,יין שיראז קברנה רונסונס 2015 750 מל,מיליליטרים,750.00,"100 מ""ל",false,1,60.00,8.0000,true,1,309871
9311043023569,false,יין בנרוק סטיישן שיר,,GB,יין בנרוק סטיישן שיראז 750 מל,מיליליטרים,750.00,"100 מ""ל",false,6,40.00,5.3333,true,1,330809
9311218000166,false,יין פינו גריגו 85 לי,יינות רוסונס,,יין פינו גריגו 85 לינדמנס 2015 750 מל,מיליליטרים,750.00,"100 מ""ל",false,1,60.00,8.0000,true,1,309868
9311218109562,false,יין שיראז 50 לינדמנס,יינות רוסונס,,יין שיראז 50 לינדמנס 2015 750 מל,מיליליטרים,750.00,"100 מ""ל",false,1,60.00,8.0000,true,1,309866
9311218110223,false,יין ס.בלאן 95 לינדמנ,יינות רוסונס,,יין ס.בלאן 95 לינדמנס 2015 750 מל,מיליליטרים,750.00,"100 מ""ל",false,1,60.00,8.0000,true,1,309869
9311218114078,false,יין מרלו 40 לינדמנס,יינות רוסונס,,יין מרלו 40 לינדמנס 2015 750 מל,מיליליטרים,750.00,"100 מ""ל",false,1,60.00,8.0000,true,1,309864
9311789828602,false,יין קברנה סוביניון י,אוסטרליה נגוסיאנטס א,,יין קברנה סוביניון ילומבה 750מל פקדון,מיליליטרים,750.00,"100 מ""ל",false,1,70.00,9.3333,true,1,234315
9312931720300,false,סכיני גילוח שיק אינט,אדגוול,,סכיני גילוח שיק אינטואישן 3 יחידות,יחידה,3.00,יחידה,false,1,32.90,10.9667,true,1,322849
9322969000015,false,פרכיות תירס אורגינל,Algam Gil - Agent,,פרכיות תירס אורגינל 150 גר,גרמים,150.00,100 גרם,false,1,12.90,8.6000,true,1,228859
9322969000022,false,פרכיות תירס סויה וזר,Algam Gil - Agent,,פרכיות תירס סויה וזרעי פשתן 150 גר,גרמים,150.00,100 גרם,false,1,12.90,8.6000,true,1,228861
9322969000046,false,פרכיות תירס אורגני ש,Algam Gil - Agent,,פרכיות תירס אורגני שומשום 150 גר,גרמים,150.00,100 גרם,false,1,12.90,8.6000,true,1,228860
9322969000053,false,פרכיות אורז מלא 150,Algam Gil - Agent,,פרכיות אורז מלא 150 גר,גרמים,150.00,100 גרם,false,1,12.90,8.6000,true,1,342889
9324054906394,false,מגבוני כלורקס אקספרט,כלורקס,US,מגבוני כלורקס אקספרט 30יח פלופאק,יחידה,30.00,יחידה,false,30,11.90,0.3967,true,1,341665
9324054906400,false,מגבוני כלורקס אקספרט,כלורקס,US,מגבוני כלורקס אקספרט 30יח במיכל,יחידה,30.00,יחידה,false,30,18.90,0.6300,true,1,341664
9330344004473,false,סכיני גילוח שיק הייד,,CN,סכיני גילוח שיק היידרו סילק חד פעמי 2 יח,יחידה,2.00,יחידה,false,6,24.90,12.4500,true,1,330817
9414416108372,false,יין פינו נואר רזרב,ניו זילנד - וילה מרי,,יין פינו נואר רזרב וילה מריה 750 מל,מיליליטרים,750.00,"100 מ""ל",false,1,140.00,18.6667,true,1,329466
9414416305528,false,יין פרייבט בין סובינ,ניו זילנד - וילה מרי,,יין פרייבט בין סוביניון בלאן 750 מל פקדו,מיליליטרים,750.00,"100 מ""ל",false,1,70.00,9.3333,true,1,242781
9415305122011,false,יין ס. בלאן מטואה מר,יינות מטואה,,יין ס. בלאן מטואה מרלבוך 2015 750 מל,מיליליטרים,750.00,"100 מ""ל",false,1,80.00,10.6667,true,1,309872
9415305236053,false,יין פינו נואר מטואה,יינות מטואה,,יין פינו נואר מטואה מרלבוך 2015 750 מל,מיליליטרים,750.00,"100 מ""ל",false,1,100.00,13.3333,true,1,309873
9419031001428,false,יין ס.בלאן פרמניגהאם,,,יין ס.בלאן פרמניגהאם נובאדיז 750 מל,מיליליטרים,750.00,"100 מ""ל",false,6,65.00,8.6667,true,1,345072
9419031002593,false,יין הירו ס.בלאן פרמנ,,,יין הירו ס.בלאן פרמניגהאם נובאדיז 750 מל,מיליליטרים,750.00,"100 מ""ל",false,6,65.00,8.6667,true,1,345069
9419031002616,false,יין פינו נואר פרמניג,,,יין פינו נואר פרמניגהאם נובאדיז 750 מל,מיליליטרים,750.00,"100 מ""ל",false,6,65.00,8.6667,true,1,345071
9419031002630,false,יין פינו גרי פרמניגה,,,יין פינו גרי פרמניגהאם נובאדיז 750 מל,מיליליטרים,750.00,"100 מ""ל",false,6,65.00,8.6667,true,1,345070
9421018071430,false,יין מאד האוס סוביניו,מאד האוס,GB,יין מאד האוס סוביניון בלאן 375 מל,מיליליטרים,375.00,"100 מ""ל",false,6,45.00,12.0000,true,1,326474
9421018071492,false,יין מאד האוס סובניון,קראכר אילמיץ,,יין מאד האוס סובניון בלאן לבן 750מל,מיליליטרים,750.00,"100 מ""ל",false,1,60.00,8.0000,true,1,330605
9421905673006,false,יין גסיקה פרקר ס.בלא,,NZ,יין גסיקה פרקר ס.בלאן אינביבו שרה 750 מל,מיליליטרים,750.00,"100 מ""ל",false,1,75.00,10.0000,true,1,338511
9421905673105,false,יין גסיקה פרקר רוזה,,FR,יין גסיקה פרקר רוזה אינביבו שרה 750 מל,מיליליטרים,750.00,"100 מ""ל",false,1,75.00,10.0000,true,1,338510
9555256600272,false,כפפות לטקס סמול 100י,,MY,כפפות לטקס סמול 100יח עם אבקה,יחידה,100.00,יחידה,false,10,44.90,0.4490,true,1,334825
9720006678751,false,כבד דג שיבוט במיץ טב,איטל איסלנד,IS,כבד דג שיבוט במיץ טבעי 115 גרם,גרמים,115.00,100 גרם,false,24,7.90,6.8696,true,1,324559
9720188050109,false,ממרח טופו 225 גרם,מחלבת משק צוריאל,,ממרח טופו 225 גרם,גרמים,225.00,100 גרם,false,1,19.90,8.8444,true,1,228775
9720188060108,false,שמנת טופו בגביע 340,מחלבת משק צוריאל,US,טופוטי - ממרח טופו בטעם שמנת - 340 גר,גרמים,340.00,100 גרם,false,1,19.90,5.8529,true,1,228776
