code,internal_code,name,manufacturer_name,manufacture_country,manufacturer_item_description,unit_qty,quantity,unit_of_measure,weighted,qty_in_package,price,unit_of_measure_price,allow_discount,status,item_id
54051140,false,מארז מעדן סויה וניל,אלפרו,BE,מארז מעדן סויה וניל,גרמים,500.00,100 גרם,false,,15.90,3.1800,true,1,256462
54051157,false,מארז מעדן סויה שוקול,אלפרו,BE,מארז מעדן סויה שוקול,גרמים,500.00,100 גרם,false,,15.90,3.1800,true,1,270081
72940754,false,מילקי וניל 133 גרם,שטראוס,IL,מילקי וניל 133 גרם,גרמים,133.00,100 גרם,false,,2.70,2.0301,true,1,248550
72940761,false,מילקי שוקולד 133 גרם,שטראוס,IL,מילקי שוקולד 133 גרם,מיליליטרים,133.00,"100 מ""ל",false,,2.70,2.0301,true,1,248551
72940952,false,מילקי אקסטרה קצפת 17,שטראוס,IL,מילקי אקסטרה קצפת 17,מיליליטרים,170.00,"100 מ""ל",false,,3.50,2.0588,true,1,248552
72945308,false,קוביות שמרים טריים ש,פאקא תעשיות בעמ,IL,קוביות שמרים טריים ש,גרמים,50.00,100 גרם,false,,2.90,5.8000,true,1,248553
72961209,false,שמנית חמוצה 15% תנוב,תנובה מרכז שיתופי לש,IL,שמנית חמוצה 15% תנוב,מיליליטרים,200.00,"100 מ""ל",false,,2.40,1.2000,true,1,248555
72961223,false,"גיל תנובה 200 מ""ל",תנובה מרכז שיתופי לש,IL,"גיל תנובה 200 מ""ל",מיליליטרים,200.00,"100 מ""ל",false,,1.30,0.6500,true,1,248557
72961520,false,פרילי אננס 125 גרם,תנובה מרכז שיתופי לש,IL,פרילי אננס 125 גרם,מיליליטרים,125.00,"100 מ""ל",false,,2.90,2.3200,true,1,248567
72986370,false,גלידת שמנת בן אנד גר,מוצרי איכות אמריקאיי,IL,גלידת שמנת בן אנד גר,מיליליטרים,500.00,"100 מ""ל",false,,17.50,3.5000,true,1,304058
72986424,false,גלידת שמנת בן אנד גר,מוצרי איכות אמריקאיי,IL,גלידת שמנת בן אנד גר,מיליליטרים,500.00,"100 מ""ל",false,,17.50,3.5000,true,1,304060
72989425,false,גלידת שמנת בן אנד גר,מוצרי איכות אמריקאיי,IL,גלידת שמנת בן אנד גר,מיליליטרים,500.00,"100 מ""ל",false,,17.50,3.5000,true,1,306581
72991886,false,גלידת שמנת בן אנד גר,מוצרי איכות אמריקאיי,IL,גלידת שמנת בן אנד גר,מיליליטרים,500.00,"100 מ""ל",false,,17.50,3.5000,true,1,304061
80773429,false,מסטיק מנטוס צנצנת בט,פרפטי ואן מלה ברדה,NL,מסטיק מנטוס צנצנת בט,גרמים,60.00,100 גרם,false,,8.90,14.8333,true,1,303911
80773443,false,מסטיק מנטוס ספרמנט ב,פרפטי ואן מלה ברדה,NL,מסטיק מנטוס ספרמנט ב,גרמים,60.00,100 גרם,false,,8.90,14.8333,true,1,299976
80790990,false,מסטיק מנטוס בבלפרש ב,פרפטי ואן מלה ברדה,NL,מסטיק מנטוס בבלפרש ב,גרמים,60.00,100 גרם,false,,8.90,14.8333,true,1,299975
80843184,false,מסטיק מנטוס פיור פרש,פרפטי ואן מלה ברדה,TR,מסטיק מנטוס פיור פרש,גרמים,60.00,100 גרם,false,,8.90,14.8333,true,1,319464
80864295,false,מסטיק מנטוס פיור ווי,פרפטי ואן מלה ברדה,TR,מסטיק מנטוס פיור ווי,גרמים,60.00,100 גרם,false,,8.90,14.8333,true,1,319462
80896081,false,מסטיק מנטוס צנצנת בט,פרפטי ואן מלה ברדה,TR,מסטיק מנטוס צנצנת בט,גרמים,60.00,100 גרם,false,,8.90,14.8333,true,1,304761
80913467,false,מסטיק מנטוס מנטה בבק,פרפטי ואן מלה ברדה,NL,מסטיק מנטוס מנטה בבק,גרמים,60.00,100 גרם,false,,8.90,14.8333,true,1,299977
80945468,false,מסטיק מנטוס פיור ווי,פרפטי ואן מלה ברדה,TR,מסטיק מנטוס פיור ווי,גרמים,60.00,100 גרם,false,,8.90,14.8333,true,1,319463
80979128,false,מסטיק מנטוס פיור פרש,פרפטי ואן מלה ברדה,TR,מסטיק מנטוס פיור פרש,גרמים,60.00,100 גרם,false,,8.90,14.8333,true,1,319465
80986348,false,מסטיק מנטוס פיור ווי,פרפטי ואן מלה ברדה,TR,מסטיק מנטוס פיור ווי,גרמים,64.00,100 גרם,false,,8.90,13.9063,true,1,319466
80995128,false,מסטיק מנטוס צנצנת בט,פרפטי ואן מלה ברדה,TR,מסטיק מנטוס צנצנת בט,גרמים,60.00,100 גרם,false,,8.90,14.8333,true,1,325279
87108651,false,מנטוס מנטה 4 יח,פרפטי ואן מלה ברדה,NL,מנטוס מנטה 4 יח,גרמים,150.00,100 גרם,false,,9.90,6.6000,true,1,248877
87108712,false,מנטוס טעם פירות 4 יח,פרפטי ואן מלה ברדה,NL,מנטוס טעם פירות 4 יח,גרמים,150.00,100 גרם,false,,9.90,6.6000,true,1,248878
10700529831,false,ג'ולי ראנצר בייטס בט,,,ג'ולי ראנצר בייטס בט,גרמים,226.00,100 גרם,false,,19.90,8.8053,true,1,320424
11210000155,false,רוטב טבסקו אדום 150,ניצן,US,רוטב טבסקו אדום 150,מיליליטרים,150.00,"100 מ""ל",false,,17.90,11.9333,true,1,303402
11210002500,false,רוטב טבסקו באפלו 150,גבינות עמיר ניצן,US,רוטב טבסקו באפלו 150,מיליליטרים,150.00,"100 מ""ל",false,,17.90,11.9333,true,1,262912
11210007703,false,רוטב טבסקו צ'יפוטלי,ניצן,US,רוטב טבסקו צ'יפוטלי,מיליליטרים,150.00,"100 מ""ל",false,,17.90,11.9333,true,1,311264
11210009219,false,רוטב טבסקו ירוק 150,ניצן,US,רוטב טבסקו ירוק 150,מיליליטרים,150.00,"100 מ""ל",false,,17.90,11.9333,true,1,311265
11210698055,false,רוטב סרירצ'ה טבסקו 5,ניצן,US,רוטב סרירצ'ה טבסקו 5,גרמים,566.00,100 גרם,false,,24.90,4.3993,true,1,303401
16000185517,false,דגני בוקר פייבר וואן,גנרל מילס,US,דגני בוקר פייבר וואן,גרמים,555.00,100 גרם,false,,29.90,5.3874,true,1,320109
16000292819,false,מארז נייטשר ואלי ש.ש,גנרל מילס,ES,מארז נייטשר ואלי ש.ש,גרמים,252.00,100 גרם,false,,11.90,4.7222,true,1,323472
18000701223,false,תערובת לעוגת שוקולד,פוליבה,IL,תערובת לעוגת שוקולד,גרמים,500.00,100 גרם,false,,15.90,3.1800,true,1,267573
18000703494,false,תערובת לעוגת וניל 50,פוליבה,IL,תערובת לעוגת וניל 50,גרמים,500.00,100 גרם,false,,15.90,3.1800,true,1,267574
18000703517,false,תערובת לעוגת שיש פרו,פוליבה,IL,תערובת לעוגת שיש פרו,גרמים,550.00,100 גרם,false,,15.90,2.8909,true,1,267575
18000766413,false,תערובת לעוגה בראוניס,פוליבה,IL,תערובת לעוגה בראוניס,גרמים,550.00,100 גרם,false,,15.90,2.8909,true,1,267576
18176785508,false,שוקולד טורינו חלב 10,שוקולה קמיל בלוך,CH,שוקולד טורינו חלב 10,גרמים,100.00,100 גרם,false,,9.90,9.9000,true,1,245956
18176787007,false,שוקולד טורינו 100 גר,שוקולה קמיל בלוך,,שוקולד טורינו 100 גר,גרמים,100.00,100 גרם,false,,9.90,9.9000,true,1,245957
21248165894,false,תערובת תבלינים לבייג,קוסקו הולסייל,US,תערובת תבלינים לבייג,גרמים,326.00,100 גרם,false,,34.90,10.7055,true,1,316464
21723339994,false,רוטב דגים מזרח ומערב,טאנג סאנג ראר קי,TH,רוטב דגים מזרח ומערב,מיליליטרים,300.00,"100 מ""ל",false,,9.50,3.1667,true,1,310189
21859046254,false,דגני בוקר טבעות בטעם,פוסט לקיוויל,US,דגני בוקר טבעות בטעם,גרמים,425.00,100 גרם,false,,22.90,5.3882,true,1,313586
22200956932,false,דאו גל ספיד סטיק כחו,קולגייט פלמוליב,BY,דאו גל ספיד סטיק כחו,גרמים,85.00,100 גרם,false,,17.90,21.0588,true,1,262344
22200956949,false,דאו גל ספיד סטיק כתו,קולגייט פלמוליב,BY,דאו גל ספיד סטיק כתו,גרמים,85.00,100 גרם,false,,17.90,21.0588,true,1,262343
25675010840,false,עוגיות עם שבבי שוקול,THREEHOUSE PRIVET BR,US,עוגיות עם שבבי שוקול,גרמים,454.00,100 גרם,false,,18.50,4.0749,true,1,268542
25675094703,false,לקקן טופי דובדבן פשק,DORI ALIMENTOS LTDA,NL,לקקן טופי דובדבן פשק,גרמים,540.00,100 גרם,false,,15.90,2.9444,true,1,251009
25675094710,false,לקקן טופי יוגורט פשק,DORI ALIMENTOS LTDA,NL,לקקן טופי יוגורט פשק,גרמים,540.00,100 גרם,false,,15.90,2.9444,true,1,261944
25675094727,false,לקקן טופי תות 50 יח,DORI ALIMENTOS LTDA,NL,לקקן טופי תות 50 יח,גרמים,540.00,100 גרם,false,,15.90,2.9444,true,1,251010
25675094741,false,לקקן טופי פטל פשקס 5,DORI ALIMENTOS LTDA,NL,לקקן טופי פטל פשקס 5,גרמים,540.00,100 גרם,false,,15.90,2.9444,true,1,251008
25675124912,false,נאטי צ'ויס שוקולד בו,JUSTBORN,US,נאטי צ'ויס שוקולד בו,גרמים,280.00,100 גרם,false,,23.90,8.5357,true,1,324066
25675370203,false,חטיף מיני מילק מאנץ,Natra Zahor,ES,חטיף מיני מילק מאנץ,גרמים,141.00,100 גרם,false,,9.90,7.0213,true,1,299499
25675502079,false,דקיקי שוקולד במילוי,,,דקיקי שוקולד במילוי,גרמים,200.00,100 גרם,false,,12.90,6.4500,true,1,321366
25675705654,false,בצל מטוגן פריך שקית,TOP TASTE B.V.,NL,בצל מטוגן פריך שקית,גרמים,400.00,100 גרם,false,,11.90,2.9750,true,1,287913
25675950313,false,סוכריות אודלס פשקס ב,ג'ודילינג פודס קומפנ,CN,סוכריות אודלס פשקס ב,גרמים,224.00,100 גרם,false,,11.90,5.3125,true,1,293768
25675950351,false,סוכריות אודלס פשקס ב,ג'ודילינג פודס קומפנ,CN,סוכריות אודלס פשקס ב,גרמים,224.00,100 גרם,false,,11.90,5.3125,true,1,293769
25675950382,false,סוכריות אודלס פשקס ב,ג'ודילינג פודס קומפנ,CN,סוכריות אודלס פשקס ב,גרמים,224.00,100 גרם,false,,11.90,5.3125,true,1,293770
34000544028,false,טוויזלרס ממתק בטעם ת,הרשי שוקולד,US,טוויזלרס ממתק בטעם ת,גרמים,198.00,100 גרם,false,,6.90,3.4848,true,1,258453
34000544431,false,טוויזלרס ממתק בטעם ד,הרשי שוקולד,US,טוויזלרס ממתק בטעם ד,גרמים,170.00,100 גרם,false,,6.90,4.0588,true,1,320447
35000458476,false,מברשת קולגייט ילדים,קולגייט פלמוליב,VN,מברשת קולגייט ילדים,Unknown,0.00,יחידה,false,,16.50,0.0000,true,1,306559
37600207188,false,חמאת בוטנים קלאסי סק,סקיפי,US,חמאת בוטנים קלאסי סק,גרמים,462.00,100 גרם,false,,17.90,3.8745,true,1,317002
37600207256,false,חמאת בוטנים עם שברי,סקיפי,US,חמאת בוטנים עם שברי,גרמים,462.00,100 גרם,false,,17.90,3.8745,true,1,317003
38000202278,false,פרינגלס קלאסי וויבי,פרינגלס,US,פרינגלס קלאסי וויבי,גרמים,130.00,100 גרם,false,,7.90,6.0769,true,1,315508
38000232183,false,פרינגלס אורגינל 149,פרינגלס,US,פרינגלס אורגינל 149,גרמים,149.00,100 גרם,false,,7.90,5.3020,true,1,310120
38900779238,false,מארז מיץ אננס דול 4*,,,מארז מיץ אננס דול 4*,קילוגרמים,1.00,ליטר,false,,15.90,15.9000,true,1,258314
40232885518,false,מארז אוכמניות,אראל תוצרת חקלאית בע,IL,מארז אוכמניות,Unknown,0.00,יחידה,false,,9.90,0.0000,true,1,299240
41390001451,false,רוטב סויה קיקומן 1.2,קיקומן פודז אינק,US,רוטב סויה קיקומן 1.2,קילוגרמים,1.20,ליטר,false,,29.90,24.9167,true,1,324071
41390001505,false,רוטב סויה קיקומן 1.8,,,רוטב סויה קיקומן 1.8,קילוגרמים,1.89,ליטר,false,,39.90,21.1111,true,1,268867
43427170024,false,עוגיות סנדוויץ בטעם,טרי האוז פוד,US,עוגיות סנדוויץ בטעם,גרמים,368.00,100 גרם,false,,7.90,2.1467,true,1,323106
43427176002,false,שמן אבוקדו ליברס 500,ליברס,US,שמן אבוקדו ליברס 500,גרמים,500.00,100 גרם,false,,39.90,7.9800,true,1,316383
43427195157,false,אבקת מרק בצל ליברס 7,אימפריאל פודס אינק,US,אבקת מרק בצל ליברס 7,גרמים,78.00,100 גרם,false,,6.90,8.8462,true,1,322253
43427199001,false,חומץ תפוחים אורגני,אקווינאל אס. אל.,ES,חומץ תפוחים אורגני,מיליליטרים,500.00,"100 מ""ל",false,,16.90,3.3800,true,1,322296
43427201483,false,רוטב ספייסי ליברס 45,באיו,TH,רוטב ספייסי ליברס 45,גרמים,454.00,100 גרם,false,,19.90,4.3833,true,1,318297
43427240017,false,חומץ בלסמי אורגני לי,ליברס,US,חומץ בלסמי אורגני לי,מיליליטרים,500.00,"100 מ""ל",false,,19.90,3.9800,true,1,321640
43427245005,false,"מחית תפו""ע עם פקק לי",ליברס,US,"מחית תפו""ע עם פקק לי",גרמים,360.00,100 גרם,false,,11.90,3.3056,true,1,322299
43427247009,false,"מחית תפו""ע ותות עם פ",ליברס,US,"מחית תפו""ע ותות עם פ",גרמים,360.00,100 גרם,false,,11.90,3.3056,true,1,323666
43427351003,false,"רסק תפו""ע ללא סוכר 6",בורנייט פודס,US,"רסק תפו""ע ללא סוכר 6",גרמים,678.00,100 גרם,false,,14.90,2.1976,true,1,316453
43427560023,false,סוכריות תירס קנדי קו,בלו סאן,US,סוכריות תירס קנדי קו,גרמים,120.00,100 גרם,false,,9.90,8.2500,true,1,317816
44164102385,false,נרונים 4 שעות שרגא 7,שרגא שווק ויצור נרות,IL,נרונים 4 שעות שרגא 7,Unknown,0.00,יחידה,false,,25.90,0.0000,true,1,247180
44164102453,false,נרונים 6 שעות שרגא 7,שרגא שווק ויצור נרות,IL,נרונים 6 שעות שרגא 7,Unknown,0.00,יחידה,false,,31.90,0.0000,true,1,247181
44164234345,false,שמן פראפין למאור סגו,שרגא שווק ויצור נרות,IL,שמן פראפין למאור סגו,קילוגרמים,1.00,ליטר,false,,19.90,19.9000,true,1,319629
44164267695,false,שמן פראפין למאור אדו,שרגא שווק ויצור נרות,IL,שמן פראפין למאור אדו,קילוגרמים,1.00,ליטר,false,,19.90,19.9000,true,1,319631
44164290129,false,שמן פראפין למאור שקו,שרגא שווק ויצור נרות,IL,שמן פראפין למאור שקו,קילוגרמים,1.00,ליטר,false,,19.90,19.9000,true,1,319632
44164290907,false,שמן פראפין למאור צהו,שרגא שווק ויצור נרות,IL,שמן פראפין למאור צהו,קילוגרמים,1.00,ליטר,false,,19.90,19.9000,true,1,319633
44164341142,false,נר זכרון 7 ימים שרגא,שרגא שווק ויצור נרות,IL,נר זכרון 7 ימים שרגא,Unknown,0.00,יחידה,false,,8.90,0.0000,true,1,295579
44164369962,false,נר זכרון 9 ימים שרגא,שרגא שווק ויצור נרות,IL,נר זכרון 9 ימים שרגא,Unknown,0.00,יחידה,false,,11.90,0.0000,true,1,295578
48256219456,false,תרסיס אסטוניש לניקוי,יעקב יעקובי,IL,תרסיס אסטוניש לניקוי,מיליליטרים,750.00,"100 מ""ל",false,,9.90,1.3200,true,1,321001
48256296181,false,תרסיס אסטוניש לניקוי,יעקב יעקובי,IL,תרסיס אסטוניש לניקוי,מיליליטרים,750.00,"100 מ""ל",false,,9.90,1.3200,true,1,321002
48256299557,false,תרסיס אסטוניש מסיר ע,יעקב יעקובי,IL,תרסיס אסטוניש מסיר ע,מיליליטרים,750.00,"100 מ""ל",false,,9.90,1.3200,true,1,293317
52100570075,false,תערובת תיבול סטייק ו,קוסקו הולסייל,US,תערובת תיבול סטייק ו,גרמים,760.00,100 גרם,false,,19.90,2.6184,true,1,317275
64144090013,false,תרסיס שמן קנולה בטעם,קונגרה,,תרסיס שמן קנולה בטעם,מיליליטרים,148.00,"100 מ""ל",false,,13.90,9.3919,true,1,258045
64144090020,false,תרסיס שמן זית פאם 14,קונגרה,,תרסיס שמן זית פאם 14,מיליליטרים,148.00,"100 מ""ל",false,,13.90,9.3919,true,1,258044
64144090051,false,תרסיס שמן קנולה פאם,קונגרה,,תרסיס שמן קנולה פאם,מיליליטרים,148.00,"100 מ""ל",false,,13.90,9.3919,true,1,271073
70970471285,false,סוכריות ג'לי רד רייג,גאסט בורן,US,סוכריות ג'לי רד רייג,גרמים,141.00,100 גרם,false,,8.90,6.3121,true,1,315855
70970471308,false,סוכריות ג'לי ענבים מ,גאסט בורן,US,סוכריות ג'לי ענבים מ,גרמים,141.00,100 גרם,false,,8.90,6.3121,true,1,317021
70970473562,false,סוכריות ג'לי מגה מיק,גאסט בורן,US,סוכריות ג'לי מגה מיק,גרמים,141.00,100 גרם,false,,8.90,6.3121,true,1,313351
73490128493,false,מיץ ענבים מוגז אפרסק,קדם,IL,מיץ ענבים מוגז אפרסק,מיליליטרים,750.00,"100 מ""ל",false,,19.90,2.6533,true,1,251995
73490129919,false,ביסקוויט קסטה הדר 25,מגדנית הדר,IL,ביסקוויט קסטה הדר 25,גרמים,250.00,100 גרם,false,,4.90,1.9600,true,1,286676
73490132346,false,משקה ענבים קונקורד ל,קדם,IL,משקה ענבים קונקורד ל,קילוגרמים,2.84,ליטר,false,,37.90,13.3451,true,1,299597
73490153396,false,מיץ ענבים מוגז קונקו,קדם,IL,מיץ ענבים מוגז קונקו,מיליליטרים,750.00,"100 מ""ל",false,,19.90,2.6533,true,1,253235
73490154027,false,מיץ ענבים גאולה 2.84,קדם,IL,מיץ ענבים גאולה 2.84,קילוגרמים,2.84,ליטר,false,,37.90,13.3451,true,1,260981
73490154317,false,מיץ ענבים לבן גאולה,,,מיץ ענבים לבן גאולה,קילוגרמים,1.89,ליטר,false,,25.20,13.3333,true,1,314163
75442100229,false,בונבוניירה פרוגרס דו,תות ממתקי איכות,IL,בונבוניירה פרוגרס דו,גרמים,135.00,100 גרם,false,,11.90,8.8148,true,1,248647
75442100236,false,בונבוניירה פרוגרס אג,תות ממתקי איכות,IL,בונבוניירה פרוגרס אג,גרמים,135.00,100 גרם,false,,11.90,8.8148,true,1,248648
75442100250,false,בונבוניירה פרוגרס קפ,תות ממתקי איכות,IL,בונבוניירה פרוגרס קפ,גרמים,135.00,100 גרם,false,,11.90,8.8148,true,1,248649
76840620029,false,גלידת שמנת בן אנד גר,מוצרי איכות אמריקאיי,IL,גלידת שמנת בן אנד גר,מיליליטרים,424.00,"100 מ""ל",false,,17.50,4.1274,true,1,305381
77245110610,false,סוכריות מאסט מנטה 80,שטראוס,IL,סוכריות מאסט מנטה 80,גרמים,80.00,100 גרם,false,,6.90,8.6250,true,1,248664
77975036976,false,מטבל עגבניות סלסה בח,שניידרס,US,מטבל עגבניות סלסה בח,גרמים,439.00,100 גרם,false,,16.90,3.8497,true,1,320632
80432400432,false,ויסקי שיבאס 12 שנה 1,מזקקת האחים שיבאס,,ויסקי שיבאס 12 שנה 1,קילוגרמים,1.00,ליטר,false,,119.90,119.9000,true,1,302510
87752005644,false,יין ברטנורא מוסקטו,מיסזקו אס.איי,IT,יין ברטנורא מוסקטו,מיליליטרים,750.00,"100 מ""ל",false,,44.90,5.9867,true,1,254237
87752006474,false,יין JOYVIN אדום תוס,ארלדיקה קסטלברו אס.ס,IT,יין JOYVIN אדום תוס,מיליליטרים,750.00,"100 מ""ל",false,,39.90,5.3200,true,1,304992
87752006481,false,יין JOYVIN לבן תוסס,ארלדיקה קסטלברו אס.ס,IT,יין JOYVIN לבן תוסס,מיליליטרים,750.00,"100 מ""ל",false,,39.90,5.3200,true,1,304991
87752021590,false,יין נדיב אלאון 2014,יקב רקאנטי,IL,יין נדיב אלאון 2014,מיליליטרים,750.00,"100 מ""ל",false,,139.90,18.6533,true,1,315718
96619084104,false,רוטב סלסה אורגניק קי,קוסקו הולסייל,US,רוטב סלסה אורגניק קי,פריט,1.08,"ק""ג",false,,29.90,27.6852,true,1,321208
96619112098,false,מלח דק הימלאיה ורוד,קוסקו הולסייל,US,מלח דק הימלאיה ורוד,פריט,2.27,"ק""ג",false,,19.90,8.7665,true,1,313646
96619115471,false,קפסולות ג'ל כביסה או,מקברייד,BE,קפסולות ג'ל כביסה או,גרמים,882.00,100 גרם,false,,44.90,5.0907,true,1,324661
96619164998,false,פלפל שחור גרוס קירקל,קוסקו הולסייל,US,פלפל שחור גרוס קירקל,גרמים,359.00,100 גרם,false,,19.90,5.5432,true,1,313627
96619165087,false,קינמון סייגון טחון ק,קוסקו הולסייל,US,קינמון סייגון טחון ק,גרמים,303.00,100 גרם,false,,4.90,1.6172,true,1,316273
96619194025,false,נייר אפיה קירקלנד 50,קוסקו הולסייל,US,נייר אפיה קירקלנד 50,מטרים,50.00,מטר,false,,39.90,0.7980,true,1,321789
96619194162,false,נוזל כביסה בניחוח לב,קוסקו הולסייל,US,נוזל כביסה בניחוח לב,קילוגרמים,5.73,ליטר,false,,69.90,12.1990,true,1,315534
96619199914,false,וודקה קירקלנד 1.75 ל,,,וודקה קירקלנד 1.75 ל,קילוגרמים,1.75,ליטר,false,,99.90,57.0857,true,1,288718
96619206841,false,תרסיס שמן קנולה קירק,,,תרסיס שמן קנולה קירק,מיליליטרים,394.00,"100 מ""ל",false,,22.90,5.8122,true,1,309072
96619215645,false,שקיות אשפה ענק קירקל,,,שקיות אשפה ענק קירקל,Unknown,0.00,יחידה,false,,99.90,0.0000,true,1,307880
96619251810,false,שום גבישי קליפורניה,קוסקו הולסייל,US,שום גבישי קליפורניה,גרמים,510.00,100 גרם,false,,19.90,3.9020,true,1,313623
96619316809,false,נייר אלומניום עבה 30,,,נייר אלומניום עבה 30,מטרים,304.00,מטר,false,,129.90,0.4273,true,1,270065
96619316861,false,דפי נייר אלומניום קי,,,דפי נייר אלומניום קי,Unknown,0.00,יחידה,false,,69.90,0.0000,true,1,309727
96619321063,false,מיקס אגוזים קירקלנד,,,מיקס אגוזים קירקלנד,פריט,1.13,"ק""ג",false,,89.90,79.5575,true,1,270735
96619332717,false,מלח גס ים תיכוני עם,קוסקו הולסייל,US,מלח גס ים תיכוני עם,גרמים,737.00,100 גרם,false,,29.90,4.0570,true,1,313625
96619332724,false,פלפל שחור שלם עם מטח,קוסקו הולסייל,US,פלפל שחור שלם עם מטח,גרמים,356.00,100 גרם,false,,19.90,5.5899,true,1,313626
96619338696,false,קמח שקדים קירקלנד 1.,הוגסטון נט אי אן סי,US,קמח שקדים קירקלנד 1.,פריט,1.36,"ק""ג",false,,79.90,58.7500,true,1,324556
96619365395,false,כורכום קירקלנד 340 ג,קוסקו הולסייל,US,כורכום קירקלנד 340 ג,גרמים,340.00,100 גרם,false,,9.90,2.9118,true,1,316454
97643044546,false,שוקולד שמרלינג מריר,,,שוקולד שמרלינג מריר,גרמים,100.00,100 גרם,false,,11.50,11.5000,true,1,254402
97643044553,false,שוקולד שמרלינג מריר,,,שוקולד שמרלינג מריר,גרמים,100.00,100 גרם,false,,11.50,11.5000,true,1,294793
97643044560,false,שוקולד שמרלינג מריר,,,שוקולד שמרלינג מריר,גרמים,100.00,100 גרם,false,,11.50,11.5000,true,1,311024
97643051445,false,שוקולד שמרלינג פרלין,,,שוקולד שמרלינג פרלין,גרמים,100.00,100 גרם,false,,11.50,11.5000,true,1,254395
97643070248,false,שוקולד שמרלינג לבן פ,,,שוקולד שמרלינג לבן פ,גרמים,100.00,100 גרם,false,,11.50,11.5000,true,1,254393
97643071542,false,חטיפי שוקולד מינור ש,,,חטיפי שוקולד מינור ש,גרמים,92.00,100 גרם,false,,14.90,16.1957,true,1,266127
97643082142,false,שוקולד שמרלינג קידס,,,שוקולד שמרלינג קידס,גרמים,100.00,100 גרם,false,,11.50,11.5000,true,1,254390
97643082449,false,שוקולד שמרלינג פרלין,,,שוקולד שמרלינג פרלין,גרמים,100.00,100 גרם,false,,11.50,11.5000,true,1,254391
97643082548,false,שוקולד שמרלינג מריר,,,שוקולד שמרלינג מריר,גרמים,100.00,100 גרם,false,,11.50,11.5000,true,1,254392
97643083040,false,שוקולד שמרלינג פרלין,,,שוקולד שמרלינג פרלין,גרמים,100.00,100 גרם,false,,11.50,11.5000,true,1,254389
97643083859,false,שוקולד שמרלינג קרמל,,,שוקולד שמרלינג קרמל,גרמים,100.00,100 גרם,false,,11.50,11.5000,true,1,294657
97643084047,false,שוקולד שמרלינג פרלין,,,שוקולד שמרלינג פרלין,גרמים,100.00,100 גרם,false,,11.50,11.5000,true,1,254394
97643090345,false,שוקולד שמרלינג חלב ל,,,שוקולד שמרלינג חלב ל,גרמים,100.00,100 גרם,false,,13.90,13.9000,true,1,264560
97643090444,false,שוקולד שמרלינג פרווה,,,שוקולד שמרלינג פרווה,גרמים,100.00,100 גרם,false,,13.90,13.9000,true,1,264561
183837123408,false,אורז בסמטי אוצרות הו,צימאן לטל סטיה,IN,אורז בסמטי אוצרות הו,פריט,5.00,"ק""ג",false,,32.90,6.5800,true,1,313647
194961000398,false,ביסקוויט בציפוי שוקו,שניידרס,FR,ביסקוויט בציפוי שוקו,גרמים,150.00,100 גרם,false,,12.90,8.6000,true,1,319823
194961000404,false,ביסקוויט בציפוי שוקו,שניידרס,FR,ביסקוויט בציפוי שוקו,גרמים,150.00,100 גרם,false,,12.90,8.6000,true,1,319824
194961000411,false,ממרח שוקולד וניל שני,SHNEIDER'S,NL,ממרח שוקולד וניל שני,גרמים,700.00,100 גרם,false,,21.90,3.1286,true,1,314904
194961001432,false,עוגיות פתיבר חמאה שנ,שניידרס,FR,עוגיות פתיבר חמאה שנ,גרמים,167.00,100 גרם,false,,12.90,7.7246,true,1,323165
194961001524,false,"מחית פרי תפו""ע לל""ס",שניידרס,FR,"מחית פרי תפו""ע לל""ס",גרמים,360.00,100 גרם,false,,12.90,3.5833,true,1,323313
194961001531,false,"מחית פרי תפו""ע ותות",שניידרס,FR,"מחית פרי תפו""ע ותות",גרמים,360.00,100 גרם,false,,12.90,3.5833,true,1,323314
194961001647,false,עוגיות חמאה שוקולד צ,שניידרס,FR,עוגיות חמאה שוקולד צ,גרמים,167.00,100 גרם,false,,12.90,7.7246,true,1,323603
305215251002,false,צמרוני אוזניים קיו ט,יוניליוור,US,צמרוני אוזניים קיו ט,Unknown,0.00,יחידה,false,,19.90,0.0000,true,1,305477
308910525744,false,אטריות אורז דקות מזר,ליאן תאי רייס,TH,אטריות אורז דקות מזר,מיליליטרים,454.00,"100 מ""ל",false,,10.50,2.3128,true,1,310190
608614254125,false,ביסבס חריף אש 120 גר,לימון אוכל מוכן לשיו,IL,ביסבס חריף אש 120 גר,גרמים,120.00,100 גרם,false,,10.90,9.0833,true,1,302761
608614254132,false,ביסבס חריף עדין 120,לימון אוכל מוכן לשיו,IL,ביסבס חריף עדין 120,גרמים,120.00,100 גרם,false,,10.90,9.0833,true,1,302763
608614254149,false,ביסבס חריף פיקנטי 12,לימון אוכל מוכן לשיו,IL,ביסבס חריף פיקנטי 12,גרמים,120.00,100 גרם,false,,10.90,9.0833,true,1,302762
608614255214,false,מורינגה,,,מורינגה,Unknown,0.00,יחידה,false,,45.90,0.0000,true,1,323338
611745288655,false,קוביות קרח איגלו 2 ק,שנהב תעשיות,IL,קוביות קרח איגלו 2 ק,פריט,2.00,"ק""ג",false,,4.90,2.4500,true,1,323657
637632694491,false,כמוסות אומגה 3 מרווה,,,כמוסות אומגה 3 מרווה,Unknown,0.00,יחידה,false,,129.90,0.0000,true,1,323343
675470000142,false,נייר אפיה קשת 72 יח,טופ פלסט 2002 בעמ,IL,נייר אפיה קשת 72 יח,Unknown,0.00,יחידה,false,,9.90,0.0000,true,1,289245
681131129855,false,בירה פילזנר שלוס קרו,מבשלת מרטנס,BE,בירה פילזנר שלוס קרו,מיליליטרים,500.00,"100 מ""ל",false,,5.90,1.1800,true,1,319451
689076444668,false,פסטה ספגטי אורז חום,ריזופיה פוד פרודקטס,CA,פסטה ספגטי אורז חום,גרמים,454.00,100 גרם,false,,16.90,3.7225,true,1,323118
693493001007,false,תרסיס ניקוי גאון בני,אריסטוקרט,IL,תרסיס ניקוי גאון בני,מיליליטרים,350.00,"100 מ""ל",false,,18.90,5.4000,true,1,305298
693493008686,false,פרוביוטיקה 50B,,,פרוביוטיקה 50B,Unknown,0.00,יחידה,false,,59.90,0.0000,true,1,323401
693493015110,false,שום כתוש ביסבס 120 ג,לימון אוכל מוכן לשיו,IL,שום כתוש ביסבס 120 ג,גרמים,120.00,100 גרם,false,,6.90,5.7500,true,1,310826
693493034456,false,סרדין מרוקאי בשמן זי,אטלנטיק הום סרדינס א,MA,סרדין מרוקאי בשמן זי,גרמים,125.00,100 גרם,false,,5.90,4.7200,true,1,311139
693493034470,false,פילה מקרל בשמן סויה,,,פילה מקרל בשמן סויה,גרמים,125.00,100 גרם,false,,5.90,4.7200,true,1,311947
693493034487,false,פילה סרדין בשמן זית,אטלנטיק הום סרדינס א,MA,פילה סרדין בשמן זית,גרמים,125.00,100 גרם,false,,6.50,5.2000,true,1,311141
693493034524,false,מארז פילה אנשובי בשמ,פאטינה פוד,MA,מארז פילה אנשובי בשמ,גרמים,200.00,100 גרם,false,,21.90,10.9500,true,1,319614
693493089319,false,מולטי ויטמין אקסטרה,,,מולטי ויטמין אקסטרה,Unknown,0.00,יחידה,false,,59.90,0.0000,true,1,319431
693493089340,false,ויטמין C לא חומצי +,,,ויטמין C לא חומצי +,Unknown,0.00,יחידה,false,,59.90,0.0000,true,1,319426
693493089364,false,מגנזיום ציטראט 400 מ,,,מגנזיום ציטראט 400 מ,Unknown,0.00,יחידה,false,,59.90,0.0000,true,1,319425
693493089418,false,"ויטמין D3 יחב""ל 1000",,,"ויטמין D3 יחב""ל 1000",Unknown,0.00,יחידה,false,,59.90,0.0000,true,1,319429
693493089425,false,פרוביוטיקה אקסטרה פא,,,פרוביוטיקה אקסטרה פא,Unknown,0.00,יחידה,false,,59.90,0.0000,true,1,319430
693493089463,false,דובוני ויטמין D לילד,,,דובוני ויטמין D לילד,Unknown,0.00,יחידה,false,,39.90,0.0000,true,1,319454
693493089470,false,דובוני ויטמין C לילד,,,דובוני ויטמין C לילד,Unknown,0.00,יחידה,false,,39.90,0.0000,true,1,319455
693493089487,false,דובוני מולטי ויטמין,,,דובוני מולטי ויטמין,Unknown,0.00,יחידה,false,,39.90,0.0000,true,1,319434
693493089494,false,דגי אומגה 3 לילדים א,,,דגי אומגה 3 לילדים א,Unknown,0.00,יחידה,false,,39.90,0.0000,true,1,319435
693493089562,false,דובונים+ויטמין D אקס,,,דובונים+ויטמין D אקס,Unknown,0.00,יחידה,false,,39.90,0.0000,true,1,323345
693493089579,false,מגה מולטי ויטמינים ל,,,מגה מולטי ויטמינים ל,Unknown,0.00,יחידה,false,,39.90,0.0000,true,1,321604
693493089586,false,מולטי ויטמין + ברזל,,,מולטי ויטמין + ברזל,Unknown,0.00,יחידה,false,,39.90,0.0000,true,1,321605
693493089685,false,תוסף ברזל נוזלי אקסט,,,תוסף ברזל נוזלי אקסט,Unknown,0.00,יחידה,false,,59.90,0.0000,true,1,324145
693493191692,false,פסטו בזיליקום 200 גר,לימון אוכל מוכן לשיו,IL,פסטו בזיליקום 200 גר,גרמים,200.00,100 גרם,false,,19.90,9.9500,true,1,322429
693493192514,false,אבקת חלבון בטעם וניל,,,אבקת חלבון בטעם וניל,גרמים,400.00,100 גרם,false,,69.00,17.2500,true,1,324678
693493192521,false,אבקת חלבון בטעם שוקו,,,אבקת חלבון בטעם שוקו,גרמים,400.00,100 גרם,false,,69.00,17.2500,true,1,324679
701197351820,false,תמצית וניל טהור 473,קוסקו הולסייל,US,תמצית וניל טהור 473,גרמים,473.00,100 גרם,false,,149.90,31.6913,true,1,316798
710069082236,false,חרדל גפן 454 גרם,,,חרדל גפן 454 גרם,גרמים,454.00,100 גרם,false,,9.90,2.1806,true,1,292780
710069082434,false,חרדל חום חריף גפן 34,,,חרדל חום חריף גפן 34,גרמים,340.00,100 גרם,false,,9.90,2.9118,true,1,324711
710069127401,false,מיץ שזיפים גפן 896 מ,גולדס פיור פודס,US,מיץ שזיפים גפן 896 מ,מיליליטרים,896.00,"100 מ""ל",false,,24.90,2.7790,true,1,257380
710069305168,false,רסק תפוחים תות גפן 6,,,רסק תפוחים תות גפן 6,גרמים,672.00,100 גרם,false,,14.90,2.2173,true,1,256422
710069305175,false,רסק תפוחים פטל גפן 6,,,רסק תפוחים פטל גפן 6,גרמים,672.00,100 גרם,false,,14.90,2.2173,true,1,256420
710069811003,false,מיונז גפן 900 גרם,,,מיונז גפן 900 גרם,גרמים,900.00,100 גרם,false,,29.90,3.3222,true,1,263198
710069811027,false,מיונז גפן מופחת שומן,די אנד אל,US,מיונז גפן מופחת שומן,גרמים,900.00,100 גרם,false,,29.90,3.3222,true,1,312613
710069812000,false,רוטב עגבניות לפסטה ג,,,רוטב עגבניות לפסטה ג,גרמים,680.00,100 גרם,false,,12.90,1.8971,true,1,266937
710069812017,false,רוטב עגבניות ובזילקו,,,רוטב עגבניות ובזילקו,גרמים,680.00,100 גרם,false,,12.90,1.8971,true,1,266955
710069812031,false,רוטב פיצה רגיל גפן 7,,,רוטב פיצה רגיל גפן 7,גרמים,737.00,100 גרם,false,,12.90,1.7503,true,1,266880
710069812048,false,רוטב פיצה אורגנו גפן,,,רוטב פיצה אורגנו גפן,גרמים,737.00,100 גרם,false,,12.90,1.7503,true,1,267011
710069812147,false,"רסק תפו""ע גפן 1.36 ק",,,"רסק תפו""ע גפן 1.36 ק",פריט,1.36,"ק""ג",false,,19.90,14.6324,true,1,316805
710069812154,false,"רסק תפו""ע גפן ללא סו",,,"רסק תפו""ע גפן ללא סו",פריט,1.36,"ק""ג",false,,19.90,14.6324,true,1,318579
710069812161,false,רסק תפוחים גפן 6*112,,,רסק תפוחים גפן 6*112,גרמים,672.00,100 גרם,false,,14.90,2.2173,true,1,318726
710069812178,false,רסק תפוחים ללא סוכר,,,רסק תפוחים ללא סוכר,גרמים,672.00,100 גרם,false,,14.90,2.2173,true,1,318727
712963003034,false,שוקולד גרוס מריר אגו,,,שוקולד גרוס מריר אגו,גרמים,100.00,100 גרם,false,,8.90,8.9000,true,1,265070
712963003751,false,בונבוניירה דקיקי תפו,,,בונבוניירה דקיקי תפו,גרמים,200.00,100 גרם,false,,14.90,7.4500,true,1,294093
712963003867,false,חטיף שוקולד עם קוקוס,,,חטיף שוקולד עם קוקוס,גרמים,250.00,100 גרם,false,,17.90,7.1600,true,1,295128
712963004758,false,שוקולד גרוס חלב במיל,גרוסליין,HR,שוקולד גרוס חלב במיל,גרמים,100.00,100 גרם,false,,7.90,7.9000,true,1,322780
712963004925,false,נפוליטנים חלב גרוס 1,,,נפוליטנים חלב גרוס 1,גרמים,150.00,100 גרם,false,,15.90,10.6000,true,1,309473
712963004932,false,בונבוניירה דקיקי פטל,,,בונבוניירה דקיקי פטל,גרמים,200.00,100 גרם,false,,14.90,7.4500,true,1,309474
712963004963,false,שוקולד גרוס מריר 90,גרוסליין,HR,שוקולד גרוס מריר 90,גרמים,90.00,100 גרם,false,,6.90,7.6667,true,1,309764
712963004970,false,שוקולד מריר 60% גרוס,זוקו,,שוקולד מריר 60% גרוס,גרמים,90.00,100 גרם,false,,6.90,7.6667,true,1,309765
712963005557,false,"שוקולד גרוס חלב ללת""",גרוסליין,HR,"שוקולד גרוס חלב ללת""",גרמים,100.00,100 גרם,false,,14.90,14.9000,true,1,323353
712963005601,false,שוקולד גרוס חלב עם ש,גרוסליין,HR,שוקולד גרוס חלב עם ש,גרמים,100.00,100 גרם,false,,14.90,14.9000,true,1,323356
718122911400,false,פסטה מסולסל אורז חום,ריזופיה פוד פרודקטס,CA,פסטה מסולסל אורז חום,גרמים,454.00,100 גרם,false,,16.90,3.7225,true,1,323119
718122911509,false,פסטה קרניים אורז חום,ריזופיה פוד פרודקטס,CA,פסטה קרניים אורז חום,גרמים,454.00,100 גרם,false,,16.90,3.7225,true,1,323120
718122911608,false,פסטה פנה אורז חום מל,ריזופיה פוד פרודקטס,CA,פסטה פנה אורז חום מל,גרמים,454.00,100 גרם,false,,16.90,3.7225,true,1,323122
718122912902,false,פסטה שלז אורז חום מל,ריזופיה פוד פרודקטס,CA,פסטה שלז אורז חום מל,גרמים,454.00,100 גרם,false,,16.90,3.7225,true,1,323121
722776001509,false,ממתיק ספלנדה 1200 יח,,,ממתיק ספלנדה 1200 יח,פריט,1.20,"ק""ג",false,,129.90,108.2500,true,1,297533
722776002445,false,מארז ממתיק ספלנדה שק,,,מארז ממתיק ספלנדה שק,גרמים,715.00,100 גרם,false,,89.90,12.5734,true,1,302563
732973006009,false,קציצות דג וויט פיש א,Ocean Gourmet,US,קציצות דג וויט פיש א,גרמים,624.00,100 גרם,false,,34.90,5.5929,true,1,253313
744664093083,false,תערובת לחלות פרימה 2,פרימה,US,תערובת לחלות פרימה 2,גרמים,227.00,100 גרם,false,,18.90,8.3260,true,1,315668
768404001640,false,גלידת שמנת בן אנד גר,מוצרי איכות אמריקאיי,IL,גלידת שמנת בן אנד גר,מיליליטרים,500.00,"100 מ""ל",false,,17.50,3.5000,true,1,304059
769904000607,false,"שקדי מרק משובח כל""פ",גיי אפ פי ייצור מזון,IL,"שקדי מרק משובח כל""פ",גרמים,200.00,100 גרם,false,,9.90,4.9500,true,1,252081
769904001116,false,פתיתים קוסקוס משובח,גיי אפ פי ייצור מזון,IL,פתיתים קוסקוס משובח,גרמים,200.00,100 גרם,false,,9.90,4.9500,true,1,254491
811146030383,false,סוכריות קשות בצורת ס,פרימיום פודס,CN,סוכריות קשות בצורת ס,גרמים,180.00,100 גרם,false,,11.90,6.6111,true,1,309411
811146030390,false,סוכריות קשות בצורת ש,פרימיום פודס,CN,סוכריות קשות בצורת ש,גרמים,180.00,100 גרם,false,,11.90,6.6111,true,1,309412
811146030666,false,לקקן טוויסטי פופ בור,פרימיום פודס,CN,לקקן טוויסטי פופ בור,גרמים,408.00,100 גרם,false,,29.90,7.3284,true,1,309307
811146030680,false,לקקן טוויסטי פופ עגו,פרימיום פודס,CN,לקקן טוויסטי פופ עגו,גרמים,408.00,100 גרם,false,,29.90,7.3284,true,1,309309
811146030697,false,לקקן טוויסטי פופ כוכ,פרימיום פודס,CN,לקקן טוויסטי פופ כוכ,Unknown,0.00,יחידה,false,,29.90,0.0000,true,1,309310
811146030741,false,לקקן בטעם פירות לילו,גואנגדונג צאואן פוד,CN,לקקן בטעם פירות לילו,גרמים,150.00,100 גרם,false,,11.90,7.9333,true,1,315648
811146030758,false,סוכריות טופי פרוזיפס,גוגרנולא פוד אינדסטר,PK,סוכריות טופי פרוזיפס,גרמים,255.00,100 גרם,false,,9.90,3.8824,true,1,319568
811146030765,false,סוכריות טופי פרוזיפס,גוגרנולא פוד אינדסטר,PK,סוכריות טופי פרוזיפס,גרמים,255.00,100 גרם,false,,9.90,3.8824,true,1,319569
811146030772,false,סוכריות טופי פרוזיפס,גוגרנולא פוד אינדסטר,PK,סוכריות טופי פרוזיפס,גרמים,240.00,100 גרם,false,,9.90,4.1250,true,1,319570
811146031007,false,לקקן טוויסטי פופ לב,פרימיום פודס,CN,לקקן טוויסטי פופ לב,גרמים,408.00,100 גרם,false,,29.90,7.3284,true,1,324784
811146031205,false,סוכריות טופי פרוזיפס,גוגרנולא פוד אינדסטר,PK,סוכריות טופי פרוזיפס,גרמים,255.00,100 גרם,false,,9.90,3.8824,true,1,321731
835811000068,false,מגבוני טואלט קשת 3*4,עלבד משואות יצחק,IL,מגבוני טואלט קשת 3*4,Unknown,0.00,יחידה,false,,11.90,0.0000,true,1,308641
835811000075,false,עדשים ירוקות הנמל 1.,הנמל,IL,עדשים ירוקות הנמל 1.,פריט,1.20,"ק""ג",false,,13.90,11.5833,true,1,312837
835811000099,false,עדשים אדומות הנמל 1.,הנמל,IL,עדשים אדומות הנמל 1.,פריט,1.20,"ק""ג",false,,13.90,11.5833,true,1,312838
835811000112,false,שעועית לחמין הנמל 1.,הנמל,IL,שעועית לחמין הנמל 1.,פריט,1.20,"ק""ג",false,,14.90,12.4167,true,1,312844
835811000136,false,"כוסמת הנמל 1.2 ק""ג",הנמל,IL,"כוסמת הנמל 1.2 ק""ג",פריט,1.20,"ק""ג",false,,12.90,10.7500,true,1,312839
835811000143,false,מפת ניילון בגליל 1.5,,IL,מפת ניילון בגליל 1.5,Unknown,0.00,יחידה,false,,29.90,0.0000,true,1,321788
835811000150,false,"בורגול הנמל 1.2 ק""ג",הנמל,IL,"בורגול הנמל 1.2 ק""ג",פריט,1.20,"ק""ג",false,,8.90,7.4167,true,1,312840
835811000174,false,שעועית לבנה הנמל 1.2,הנמל,IL,שעועית לבנה הנמל 1.2,פריט,1.20,"ק""ג",false,,13.90,11.5833,true,1,312845
835811000204,false,צמרוני אזניים עץ הנמ,גרנג יוניברס,CN,צמרוני אזניים עץ הנמ,Unknown,0.00,יחידה,false,,4.90,0.0000,true,1,307476
835811000228,false,"חומוס הנמל 1.2 ק""ג",הנמל,IL,"חומוס הנמל 1.2 ק""ג",פריט,1.20,"ק""ג",false,,13.90,11.5833,true,1,312848
835811000280,false,גריסי פנינה הנמל 1.2,הנמל,IL,גריסי פנינה הנמל 1.2,פריט,1.20,"ק""ג",false,,9.90,8.2500,true,1,312841
835811000303,false,"אפונה הנמל 1.2 ק""ג",הנמל,IL,"אפונה הנמל 1.2 ק""ג",פריט,1.20,"ק""ג",false,,8.90,7.4167,true,1,312842
835811000310,false,ספוג לניקוי קשת 4 יח,,IL,ספוג לניקוי קשת 4 יח,Unknown,0.00,יחידה,false,,10.90,0.0000,true,1,310161
835811000327,false,חומוס ענק הנמל 1.2 ק,הנמל,IL,חומוס ענק הנמל 1.2 ק,פריט,1.20,"ק""ג",false,,21.90,18.2500,true,1,312847
835811000334,false,ספוגיות לניקוי קשת 1,סדובסקי,IL,ספוגיות לניקוי קשת 1,Unknown,0.00,יחידה,false,,10.90,0.0000,true,1,310159
835811000341,false,"חיטה הנמל 1.2 ק""ג",הנמל,IL,"חיטה הנמל 1.2 ק""ג",פריט,1.20,"ק""ג",false,,8.90,7.4167,true,1,312843
835811000358,false,מטליות לניקוי כללי מ,סדובסקי,IL,מטליות לניקוי כללי מ,Unknown,0.00,יחידה,false,,19.90,0.0000,true,1,310733
835811000365,false,מטליות רצפה מיקרופיי,סדובסקי,IL,מטליות רצפה מיקרופיי,Unknown,0.00,יחידה,false,,29.90,0.0000,true,1,310734
835811000389,false,שקיות אוכל עבות הנמל,זמזמ תעשיות פלסטיק,IL,שקיות אוכל עבות הנמל,Unknown,0.00,יחידה,false,,9.90,0.0000,true,1,306145
835811000396,false,נייר אפיה לתבנית מאו,,CN,נייר אפיה לתבנית מאו,Unknown,0.00,יחידה,false,,9.90,0.0000,true,1,308912
835811000464,false,תמצית רום הנמל 250 מ,,IL,תמצית רום הנמל 250 מ,מיליליטרים,250.00,"100 מ""ל",false,,8.90,3.5600,true,1,306579
835811000471,false,תמצית בטעם וניל הנמל,,IL,תמצית בטעם וניל הנמל,מיליליטרים,250.00,"100 מ""ל",false,,8.90,3.5600,true,1,306580
835811000501,false,סירופ מייפל 100% דלי,פרסטייל מייפל,CA,סירופ מייפל 100% דלי,גרמים,250.00,100 גרם,false,,21.90,8.7600,true,1,324544
835811000518,false,תמצית וניל טהור הנמל,,IL,תמצית וניל טהור הנמל,מיליליטרים,29.00,"100 מ""ל",false,,21.90,75.5172,true,1,324646
835811000549,false,מגבוני טואלט מועשר ב,עלבד משואות יצחק,IL,מגבוני טואלט מועשר ב,Unknown,0.00,יחידה,false,,11.90,0.0000,true,1,325048
835811000693,false,כוסיות לחיים מרובעות,ביירט,CN,כוסיות לחיים מרובעות,Unknown,0.00,יחידה,false,,17.90,0.0000,true,1,307893
835811000709,false,מטליות לניקוי רצפה ק,,,מטליות לניקוי רצפה ק,Unknown,0.00,יחידה,false,,6.90,0.0000,true,1,307494
835811000723,false,נרות חימום 100 יח הנ,מולר פבריקה נרות,PL,נרות חימום 100 יח הנ,Unknown,0.00,יחידה,false,,17.90,0.0000,true,1,307477
835811000730,false,מארז גליליות הנמל למ,גילרו,IL,מארז גליליות הנמל למ,גרמים,150.00,100 גרם,false,,14.90,9.9333,true,1,308216
835811000747,false,מזלגות איכותיות קרם,מיקרו,TR,מזלגות איכותיות קרם,Unknown,0.00,יחידה,false,,26.90,0.0000,true,1,307963
835811000754,false,כפות איכותיות קרם בל,מיקרו,TR,כפות איכותיות קרם בל,Unknown,0.00,יחידה,false,,26.90,0.0000,true,1,307964
835811000761,false,כפיות איכותיות קרם ב,מיקרו,TR,כפיות איכותיות קרם ב,Unknown,0.00,יחידה,false,,26.90,0.0000,true,1,307965
835811000792,false,כפות איכותיות שקוף ב,מיקרו,TR,כפות איכותיות שקוף ב,Unknown,0.00,יחידה,false,,26.90,0.0000,true,1,307968
835811000808,false,כפיות איכותיות שקוף,מיקרו,TR,כפיות איכותיות שקוף,Unknown,0.00,יחידה,false,,26.90,0.0000,true,1,307969
835811000815,false,סכינים איכותיים שקוף,מיקרו,TR,סכינים איכותיים שקוף,Unknown,0.00,יחידה,false,,26.90,0.0000,true,1,307962
835811000860,false,מפיות מודפסות תלת שכ,דקו פרינט,DE,מפיות מודפסות תלת שכ,Unknown,0.00,יחידה,false,,9.90,0.0000,true,1,309735
835811000907,false,כוסות יין מעוטרות כס,,TR,כוסות יין מעוטרות כס,Unknown,0.00,יחידה,false,,7.90,0.0000,true,1,313386
835811001232,false,נייר אפיה לתבנית עגו,,CN,נייר אפיה לתבנית עגו,Unknown,0.00,יחידה,false,,9.90,0.0000,true,1,316256
835811001300,false,סט אירוח צלחות ונציה,מיקרון מקינה,TR,סט אירוח צלחות ונציה,Unknown,0.00,יחידה,false,,36.90,0.0000,true,1,313186
835811001317,false,סט צלחות שטוחות נצנצ,מיקרון מקינה,TR,סט צלחות שטוחות נצנצ,Unknown,0.00,יחידה,false,,36.90,0.0000,true,1,313187
835811001355,false,כוסות מרובעות בלו שי,בי רייט,CN,כוסות מרובעות בלו שי,Unknown,0.00,יחידה,false,,29.90,0.0000,true,1,313498
835811001409,false,"תבנית ח""פ עבה רוסטר",אופל אריזות בעמ,IL,"תבנית ח""פ עבה רוסטר",Unknown,0.00,יחידה,false,,19.90,0.0000,true,1,316523
835811001416,false,"תבנית ח""פ עבה לחלה 1",אופל אריזות בעמ,IL,"תבנית ח""פ עבה לחלה 1",Unknown,0.00,יחידה,false,,19.90,0.0000,true,1,316524
835811001423,false,"תבנית ח""פ עבה רוסטר",אופל אריזות בעמ,IL,"תבנית ח""פ עבה רוסטר",Unknown,0.00,יחידה,false,,19.90,0.0000,true,1,316525
835811001430,false,"תבנית ח""פ עבה רוסטר",אופל אריזות בעמ,IL,"תבנית ח""פ עבה רוסטר",Unknown,0.00,יחידה,false,,19.90,0.0000,true,1,316526
835811001454,false,גפרורים ארוך מאוד הנ,נור,SE,גפרורים ארוך מאוד הנ,Unknown,0.00,יחידה,false,,9.90,0.0000,true,1,316807
835811001461,false,גפרורים בינוני הנרות,,IL,גפרורים בינוני הנרות,Unknown,0.00,יחידה,false,,5.90,0.0000,true,1,317282
835811001621,false,"קינואה הנמל 1.2 ק""ג",הנמל,IL,"קינואה הנמל 1.2 ק""ג",פריט,1.20,"ק""ג",false,,17.90,14.9167,true,1,315623
835811001713,false,ניילון נצמד הנמל 150,ווינפאק סחר בעמ,IL,ניילון נצמד הנמל 150,מטרים,150.00,מטר,false,,14.90,0.0993,true,1,289327
835811001935,false,תבניות אישיות לאפיה,בי רייט,CN,תבניות אישיות לאפיה,Unknown,0.00,יחידה,false,,6.90,0.0000,true,1,269342
835811002215,false,מאפינס צבעוני 200 יח,יונק,,מאפינס צבעוני 200 יח,Unknown,0.00,יחידה,false,,9.90,0.0000,true,1,295701
835811002239,false,מאפינס צבעוני 200 יח,יונק,,מאפינס צבעוני 200 יח,Unknown,0.00,יחידה,false,,7.90,0.0000,true,1,295700
835811002246,false,מאפינס צבעוני 200 יח,יונק,,מאפינס צבעוני 200 יח,Unknown,0.00,יחידה,false,,7.90,0.0000,true,1,295699
835811002406,false,מטליות רצפה מותאם למ,עופרטקס תעשיות 1997,IL,מטליות רצפה מותאם למ,Unknown,0.00,יחידה,false,,19.90,0.0000,true,1,290744
835811002451,false,נרות צבעוני 6 שעות 2,מולר פבריקה נרות,PL,נרות צבעוני 6 שעות 2,Unknown,0.00,יחידה,false,,12.90,0.0000,true,1,289856
835811002628,false,ופל קראנץ עלמה 60 יח,גילרו,IL,ופל קראנץ עלמה 60 יח,גרמים,720.00,100 גרם,false,,17.90,2.4861,true,1,314951
835811002703,false,סט אירוח צלחות ונציה,מיקרון מקינה,TR,סט אירוח צלחות ונציה,Unknown,0.00,יחידה,false,,36.90,0.0000,true,1,315950
835811002987,false,סט אירוח צלחות ונציה,מיקרון מקינה,TR,סט אירוח צלחות ונציה,Unknown,0.00,יחידה,false,,36.90,0.0000,true,1,317068
835811003007,false,סט מרקיות ולפתניות צ,מיקרון מקינה,TR,סט מרקיות ולפתניות צ,Unknown,0.00,יחידה,false,,34.90,0.0000,true,1,317070
835811003021,false,כפפות TPE כחול 100 י,מוטלו,CN,כפפות TPE כחול 100 י,Unknown,0.00,יחידה,false,,4.90,0.0000,true,1,323305
835811003106,false,כפות הגשה מפלסטיק שק,מיקרון מקינה,TR,כפות הגשה מפלסטיק שק,Unknown,0.00,יחידה,false,,12.90,0.0000,true,1,321822
835811003120,false,כפות איכותיות שקוף נ,מיקרו,TR,כפות איכותיות שקוף נ,Unknown,0.00,יחידה,false,,26.90,0.0000,true,1,318227
835811003137,false,כפיות איכותיות שקוף,מיקרו,TR,כפיות איכותיות שקוף,Unknown,0.00,יחידה,false,,26.90,0.0000,true,1,318228
835811003144,false,סכינים איכותיים שקוף,מיקרו,TR,סכינים איכותיים שקוף,Unknown,0.00,יחידה,false,,26.90,0.0000,true,1,318229
835811003199,false,נייר אפיה לתבנית מלב,,CN,נייר אפיה לתבנית מלב,Unknown,0.00,יחידה,false,,17.90,0.0000,true,1,319108
835811003328,false,"תבנית ח""פ עבות במיוח",,IL,"תבנית ח""פ עבות במיוח",Unknown,0.00,יחידה,false,,44.90,0.0000,true,1,320864
835811003434,false,כוס רויאל הנמל 10 יח,בי רייט,CN,כוס רויאל הנמל 10 יח,Unknown,0.00,יחידה,false,,9.90,0.0000,true,1,321874
835811003601,false,צמרוני אוזניים לתינו,ספה,TR,צמרוני אוזניים לתינו,Unknown,0.00,יחידה,false,,5.90,0.0000,true,1,302862
835811003670,false,סירופ בטעם שוקולד 60,O.S,,סירופ בטעם שוקולד 60,גרמים,600.00,100 גרם,false,,9.90,1.6500,true,1,301082
835811003694,false,טישו הנמל 10*140 יח,לילה,TR,טישו הנמל 10*140 יח,Unknown,0.00,יחידה,false,,23.90,0.0000,true,1,300721
835811003700,false,סודה לשתייה הנמל 250,פוליבה,IL,סודה לשתייה הנמל 250,גרמים,250.00,100 גרם,false,,5.90,2.3600,true,1,311898
835811003878,false,שקיות אשפה עם ידיות,זמזמ תעשיות פלסטיק,IL,שקיות אשפה עם ידיות,Unknown,0.00,יחידה,false,,11.90,0.0000,true,1,298602
835811004226,false,מפת ניילון בגליל 45,,IL,מפת ניילון בגליל 45,Unknown,0.00,יחידה,false,,29.90,0.0000,true,1,316892
835811004233,false,מפות ניילון 18 יח ה,זמזמ תעשיות פלסטיק,IL,מפות ניילון 18 יח ה,Unknown,0.00,יחידה,false,,16.90,0.0000,true,1,303045
835811004240,false,מפות ניילון 22 יח הנ,זמזמ תעשיות פלסטיק,IL,מפות ניילון 22 יח הנ,Unknown,0.00,יחידה,false,,16.90,0.0000,true,1,303044
835811004257,false,נייר אלומיניום הנמל,גי.טי,CN,נייר אלומיניום הנמל,מטרים,30.00,מטר,false,,19.90,0.6633,true,1,302204
835811004271,false,צלחות סלטינה אמריקאי,ביירט,CN,צלחות סלטינה אמריקאי,Unknown,0.00,יחידה,false,,20.90,0.0000,true,1,304957
835811004417,false,ריבת חלב הנמל 340 גר,,,ריבת חלב הנמל 340 גר,גרמים,340.00,100 גרם,false,,11.90,3.5000,true,1,309883
835811004424,false,חלב מרוכז הנמל 340 ג,פוליבה,IL,חלב מרוכז הנמל 340 ג,גרמים,340.00,100 גרם,false,,11.90,3.5000,true,1,303498
835811004523,false,קשים לשייק הנמל 75 י,,CN,קשים לשייק הנמל 75 י,Unknown,0.00,יחידה,false,,6.90,0.0000,true,1,305628
835811004653,false,"תבניות ח""פ הנמל 4 יח",,,"תבניות ח""פ הנמל 4 יח",Unknown,0.00,יחידה,false,,8.90,0.0000,true,1,304958
835811004707,false,פירורי לחם מוזהבים ה,ברמן שוקולד ועוגיות,IL,פירורי לחם מוזהבים ה,גרמים,440.00,100 גרם,false,,6.70,1.5227,true,1,253328
835811004943,false,קסרול שקוף אלגנט 10,אינפלסטיק בעמ,IL,קסרול שקוף אלגנט 10,Unknown,0.00,יחידה,false,,10.90,0.0000,true,1,252999
835811005025,false,סיר אלומיניום בינוני,קינפויל גאנגזו,CN,סיר אלומיניום בינוני,Unknown,0.00,יחידה,false,,14.90,0.0000,true,1,252710
835811005247,false,קערה שקופה 4 יח 4 או,הנג טונג,CN,קערה שקופה 4 יח 4 או,Unknown,0.00,יחידה,false,,7.90,0.0000,true,1,257135
835811005421,false,"שיפודים עבים 25 ס""מ",הנג טונג,CN,"שיפודים עבים 25 ס""מ",Unknown,0.00,יחידה,false,,2.50,0.0000,true,1,255299
835811005704,false,נייר עטיפה לכריכים 1,טופ פלסט 2002 בעמ,IL,נייר עטיפה לכריכים 1,Unknown,0.00,יחידה,false,,8.90,0.0000,true,1,253438
835811005728,false,עלים לקרמשניט 400 גר,רונית מאפים בעמ,IL,עלים לקרמשניט 400 גר,גרמים,400.00,100 גרם,false,,14.90,3.7250,true,1,261634
835811005735,false,כריות לכלים הנמל 12,סדובסקי,IL,כריות לכלים הנמל 12,Unknown,0.00,יחידה,false,,9.90,0.0000,true,1,260651
835811005773,false,מטליות לניקוי אבק הנ,מ.א.יצור ויבוא מטליו,IL,מטליות לניקוי אבק הנ,Unknown,0.00,יחידה,false,,19.90,0.0000,true,1,260647
835811005803,false,שקיות אשפה עם ידיות,תעשיות והשקעה אל רסא,IL,שקיות אשפה עם ידיות,Unknown,0.00,יחידה,false,,11.90,0.0000,true,1,268536
835811006046,false,לפתניות אמריקאיות 10,בי רייט,CN,לפתניות אמריקאיות 10,Unknown,0.00,יחידה,false,,17.90,0.0000,true,1,260367
835811006176,false,כוס קינוח קריסטלי 60,מיקרון מקינה,TR,כוס קינוח קריסטלי 60,Unknown,0.00,יחידה,false,,14.90,0.0000,true,1,258720
835811006183,false,כוס קינוח קריסטלי 12,מיקרון מקינה,TR,כוס קינוח קריסטלי 12,Unknown,0.00,יחידה,false,,14.90,0.0000,true,1,258719
835811006497,false,אבקת סוכר הנמל 500 ג,ר.ס. חברה ליבוא ויצו,IL,אבקת סוכר הנמל 500 ג,גרמים,500.00,100 גרם,false,,6.90,1.3800,true,1,289246
835811006534,false,כוסות נייר 50 יח 16,אכוף,CN,כוסות נייר 50 יח 16,Unknown,0.00,יחידה,false,,22.90,0.0000,true,1,267597
835811006596,false,לפתן הגשה 6 אונז + מ,מיקרון מקינה,TR,לפתן הגשה 6 אונז + מ,Unknown,0.00,יחידה,false,,11.90,0.0000,true,1,264905
835811006763,false,"תבניות ח""פ לאפיה איש",האנוי ואיוין אינטרנש,CN,"תבניות ח""פ לאפיה איש",Unknown,0.00,יחידה,false,,5.90,0.0000,true,1,263306
835811007166,false,כוסות לקפה + מכסה 16,הנג טונג,IL,כוסות לקפה + מכסה 16,Unknown,0.00,יחידה,false,,12.90,0.0000,true,1,248774
835811007494,false,אבקת גלטין טהור הנמל,טופ גאם,IL,אבקת גלטין טהור הנמל,גרמים,28.00,100 גרם,false,,8.90,31.7857,true,1,248778
835811007562,false,תבניות קרטון אינגליש,דוקרט תעשיית אריזות,IL,תבניות קרטון אינגליש,Unknown,0.00,יחידה,false,,8.90,0.0000,true,1,248779
835811007661,false,שקיות הקפאה הנמל 200,סאם גלובל תורכיה,CN,שקיות הקפאה הנמל 200,Unknown,0.00,יחידה,false,,6.90,0.0000,true,1,248780
835811007678,false,שקיות אוכל הנמל 200,סאם גלובל תורכיה,CN,שקיות אוכל הנמל 200,Unknown,0.00,יחידה,false,,2.80,0.0000,true,1,248781
835811008347,false,גפרורים ענק הנרות,נור,SE,גפרורים ענק הנרות,Unknown,0.00,יחידה,false,,3.90,0.0000,true,1,248792
835811008729,false,צלחות אמריקאיות ענק,בי רייט,CN,צלחות אמריקאיות ענק,Unknown,0.00,יחידה,false,,59.90,0.0000,true,1,252358
835811008736,false,צלחות אמריקאיות גדול,בי רייט,CN,צלחות אמריקאיות גדול,Unknown,0.00,יחידה,false,,48.90,0.0000,true,1,250955
835811008774,false,צלחות אמריקאיות קטנו,בי רייט,CN,צלחות אמריקאיות קטנו,Unknown,0.00,יחידה,false,,29.90,0.0000,true,1,250954
835811008781,false,"מרקיות אמריקאיות ח""פ",בי רייט,CN,"מרקיות אמריקאיות ח""פ",Unknown,0.00,יחידה,false,,29.90,0.0000,true,1,250953
835811008927,false,כוס ויסקי הנמל 10 יח,בי רייט,CN,כוס ויסקי הנמל 10 יח,Unknown,0.00,יחידה,false,,11.50,0.0000,true,1,325107
835811008996,false,כוסות נייר 50 יח 300,אכוף,CN,כוסות נייר 50 יח 300,Unknown,0.00,יחידה,false,,13.90,0.0000,true,1,249311
835811009016,false,כוסות נייר 50 יח 120,אכוף,CN,כוסות נייר 50 יח 120,Unknown,0.00,יחידה,false,,6.90,0.0000,true,1,249312
835811009139,false,לפתניות מרובע קטן 10,בי רייט,CN,לפתניות מרובע קטן 10,Unknown,0.00,יחידה,false,,9.90,0.0000,true,1,249337
835811009146,false,קערה קטן אובלי אלגנט,מיקרון מקינה,CN,קערה קטן אובלי אלגנט,Unknown,0.00,יחידה,false,,13.90,0.0000,true,1,249334
835811009443,false,מפיות מודפסות תלת שכ,גאט פיפר,DE,מפיות מודפסות תלת שכ,Unknown,0.00,יחידה,false,,5.90,0.0000,true,1,248797
838948000048,false,ממרח שוקולד אגוזים ש,SHNEIDER'S,NL,ממרח שוקולד אגוזים ש,גרמים,700.00,100 גרם,false,,21.90,3.1286,true,1,288913
838948002769,false,"מחית פרי תפו""ע שנייד",שניידרס,FR,"מחית פרי תפו""ע שנייד",גרמים,360.00,100 גרם,false,,12.90,3.5833,true,1,294838
838948008051,false,צנימים עגולים קמח מל,SHNEIDER'S,IT,צנימים עגולים קמח מל,גרמים,300.00,100 גרם,false,,11.90,3.9667,true,1,278209
838948008815,false,"מחית פרי תפו""ע ומשמש",שניידרס,FR,"מחית פרי תפו""ע ומשמש",גרמים,360.00,100 גרם,false,,12.90,3.5833,true,1,294837
838948008969,false,קרקר יו מרובע שניידר,שניידרס,FR,קרקר יו מרובע שניידר,גרמים,300.00,100 גרם,false,,9.90,3.3000,true,1,303350
844510012111,false,יין רמת יהודה קברנה,אגדת,IL,יין רמת יהודה קברנה,מיליליטרים,750.00,"100 מ""ל",false,,69.90,9.3200,true,1,313121
844510012128,false,יין רמת יהודה מרלו,אגדת,IL,יין רמת יהודה מרלו,מיליליטרים,750.00,"100 מ""ל",false,,69.90,9.3200,true,1,313122
844510013101,false,יין ג'רוזלם הילז קבר,אגדת,IL,יין ג'רוזלם הילז קבר,מיליליטרים,750.00,"100 מ""ל",false,,39.90,5.3200,true,1,313106
844510013125,false,יין ג'רוזלם הילז מרל,אגדת,IL,יין ג'רוזלם הילז מרל,מיליליטרים,750.00,"100 מ""ל",false,,39.90,5.3200,true,1,313107
844510013309,false,יין ג'רוזלם הילז רזר,אגדת,IL,יין ג'רוזלם הילז רזר,מיליליטרים,750.00,"100 מ""ל",false,,69.90,9.3200,true,1,313125
850008847257,false,יין טברנקל קברנה סוב,יקב טרנקבל,IL,יין טברנקל קברנה סוב,מיליליטרים,750.00,"100 מ""ל",false,,89.90,11.9867,true,1,322469
850008847264,false,יין טברנקל שהם 2019,יקב טרנקבל,IL,יין טברנקל שהם 2019,מיליליטרים,750.00,"100 מ""ל",false,,89.90,11.9867,true,1,322470
854928007067,false,שוקולד מריר 41% רוקה,מאונטיין צוקולט ק.פ.,HK,שוקולד מריר 41% רוקה,גרמים,600.00,100 גרם,false,,14.90,2.4833,true,1,314315
856591000055,false,עוגיות מזרחיות קריספ,עבאדי,IL,עוגיות מזרחיות קריספ,גרמים,400.00,100 גרם,false,,14.90,3.7250,true,1,309311
856591000062,false,עוגיות מזרחיות מלח ע,עבאדי,IL,עוגיות מזרחיות מלח ע,גרמים,400.00,100 גרם,false,,14.90,3.7250,true,1,276648
856591000109,false,עוגיות מזרחיות פריכו,עבאדי,IL,עוגיות מזרחיות פריכו,גרמים,400.00,100 גרם,false,,14.90,3.7250,true,1,309292
856591000512,false,עוגיות מזרחיות מקלונ,עבאדי,IL,עוגיות מזרחיות מקלונ,גרמים,400.00,100 גרם,false,,16.90,4.2250,true,1,315631
856591000949,false,עוגיות קטנטנים עבאדי,עבאדי,IL,עוגיות קטנטנים עבאדי,גרמים,350.00,100 גרם,false,,12.90,3.6857,true,1,320502
856591000970,false,עוגיות מזרחיות מקלונ,עבאדי,IL,עוגיות מזרחיות מקלונ,גרמים,400.00,100 גרם,false,,16.90,4.2250,true,1,324087
884912117625,false,דגני בוקר גולדן קריס,פוסט לקיוויל,US,דגני בוקר גולדן קריס,גרמים,418.00,100 גרם,false,,19.90,4.7608,true,1,323973
884912359155,false,דגני בוקר האני בנצ',פוסט לקיוויל,US,דגני בוקר האני בנצ',גרמים,340.00,100 גרם,false,,21.90,6.4412,true,1,323977
884912359162,false,דגני בוקר האני בנצ',פוסט לקיוויל,US,דגני בוקר האני בנצ',גרמים,340.00,100 גרם,false,,21.90,6.4412,true,1,323978
884912359414,false,דגני בוקר האני בנצ',פוסט לקיוויל,US,דגני בוקר האני בנצ',גרמים,340.00,100 גרם,false,,21.90,6.4412,true,1,323979
884912359421,false,דגני בוקר האני בנצ',פוסט לקיוויל,US,דגני בוקר האני בנצ',גרמים,340.00,100 גרם,false,,21.90,6.4412,true,1,323980
884912378118,false,דגני בוקר רייזן ברן,פוסט לקיוויל,US,דגני בוקר רייזן ברן,גרמים,471.00,100 גרם,false,,22.90,4.8620,true,1,323976
3014260022730,false,מברשת אורל בי אדוונט,פרוקטר & גמבל,DE,מברשת אורל בי אדוונט,Unknown,0.00,יחידה,false,,16.90,0.0000,true,1,272042
3035542001908,false,ליקר קואנטרו 1 ליטר,קואנטרו,FR,ליקר קואנטרו 1 ליטר,קילוגרמים,1.00,ליטר,false,,119.90,119.9000,true,1,312680
3059944021197,false,קרם להסרת שיער ויט 4,רקיט בנקיזר,FR,קרם להסרת שיער ויט 4,מיליליטרים,400.00,"100 מ""ל",false,,47.90,11.9750,true,1,318272
3069900201327,false,זית שחור יבש בשקית 4,,,זית שחור יבש בשקית 4,גרמים,400.00,100 גרם,false,,9.90,2.4750,true,1,265011
3141360054405,false,מפיג ריח פיניש לימון,רקיט בנקיזר,PL,מפיג ריח פיניש לימון,Unknown,0.00,יחידה,false,,14.90,0.0000,true,1,296097
3387390320244,false,דגני בוקר פיטנס עם פ,נסטלה צרפת איטנקורט,FR,דגני בוקר פיטנס עם פ,גרמים,375.00,100 גרם,false,,19.90,5.3067,true,1,246757
3387390525960,false,דגני בוקר קראנצ 500,אסם,FR,דגני בוקר קראנצ 500,גרמים,500.00,100 גרם,false,,19.90,3.9800,true,1,262695
3566761005793,false,יין בורגון פינו נואר,יקב לואיס פסקו,FR,יין בורגון פינו נואר,מיליליטרים,750.00,"100 מ""ל",false,,129.90,17.3200,true,1,322171
3574660058857,false,שמן גונסונס בייבי 50,גונסון אנד גונסון,IT,שמן גונסונס בייבי 50,גרמים,500.00,100 גרם,false,,29.90,5.9800,true,1,306219
3574660089547,false,טמפונים אובה פרוקומפ,גונסון אנד גונסון,IT,טמפונים אובה פרוקומפ,Unknown,0.00,יחידה,false,,19.90,0.0000,true,1,256465
3574660115154,false,טמפונים אובה פרוקומפ,גונסון אנד גונסון,IT,טמפונים אובה פרוקומפ,Unknown,0.00,יחידה,false,,19.90,0.0000,true,1,256467
3574660239829,false,קרם ידיים ניוטרוג'ינ,גונסון אנד גונסון,FR,קרם ידיים ניוטרוג'ינ,מיליליטרים,75.00,"100 מ""ל",false,,19.90,26.5333,true,1,324996
3574660464337,false,מגן תחתון קרפרי נורמ,גונסון אנד גונסון,IT,מגן תחתון קרפרי נורמ,Unknown,0.00,יחידה,false,,22.90,0.0000,true,1,272039
3574660464368,false,מגן תחתון קרפרי אלוו,גונסון אנד גונסון,IT,מגן תחתון קרפרי אלוו,Unknown,0.00,יחידה,false,,22.90,0.0000,true,1,272040
3574660514643,false,קרם לחות מרגיע ניוטר,גונסון אנד גונסון,FR,קרם לחות מרגיע ניוטר,מיליליטרים,300.00,"100 מ""ל",false,,19.90,6.6333,true,1,324999
3574660520132,false,מי פה ליסטרין מנטה 1,גונסון אנד גונסון,IT,מי פה ליסטרין מנטה 1,קילוגרמים,1.00,ליטר,false,,29.90,29.9000,true,1,289119
3574661098531,false,תחליב גוף ניוטרוג'ינ,גונסון אנד גונסון,GR,תחליב גוף ניוטרוג'ינ,מיליליטרים,400.00,"100 מ""ל",false,,19.90,4.9750,true,1,325000
3574661098937,false,תחליב גוף ניוטרוג'ינ,גונסון אנד גונסון,GR,תחליב גוף ניוטרוג'ינ,מיליליטרים,400.00,"100 מ""ל",false,,19.90,4.9750,true,1,325001
3574661226491,false,מי פה ליסטרין טוטאל,גונסון אנד גונסון,IT,מי פה ליסטרין טוטאל,קילוגרמים,1.00,ליטר,false,,29.90,29.9000,true,1,317012
3574661487632,false,מגן תחתון קרפרי לארג,קרפרי,IT,מגן תחתון קרפרי לארג,Unknown,0.00,יחידה,false,,22.90,0.0000,true,1,309117
3574669907682,false,טלק גונסונס בייבי 50,גונסון אנד גונסון,IT,טלק גונסונס בייבי 50,גרמים,500.00,100 גרם,false,,29.90,5.9800,true,1,308052
3574669907729,false,שמפו גונסונס בייבי ג,גונסון אנד גונסון,IT,שמפו גונסונס בייבי ג,מיליליטרים,750.00,"100 מ""ל",false,,23.90,3.1867,true,1,322609
3574669908665,false,אל סבון לפני השינה ג,גונסון אנד גונסון,IT,אל סבון לפני השינה ג,מיליליטרים,750.00,"100 מ""ל",false,,17.90,2.3867,true,1,308009
3574669908948,false,תחליב רחצה עדין גונס,גונסון אנד גונסון,IT,תחליב רחצה עדין גונס,מיליליטרים,750.00,"100 מ""ל",false,,17.90,2.3867,true,1,308010
3607343817547,false,דאו אדידס ספריי לגבר,קולפ,PT,דאו אדידס ספריי לגבר,מיליליטרים,150.00,"100 מ""ל",false,,11.90,7.9333,true,1,324441
3607349687458,false,דאו אדידס ספריי לגבר,קולפ,PT,דאו אדידס ספריי לגבר,מיליליטרים,150.00,"100 מ""ל",false,,11.90,7.9333,true,1,324442
3614223736003,false,דאו אדידס ספריי לגבר,קולפ,PT,דאו אדידס ספריי לגבר,מיליליטרים,150.00,"100 מ""ל",false,,11.90,7.9333,true,1,324443
3661163991146,false,דאו אדידס ספריי לאיש,קולפ,PT,דאו אדידס ספריי לאיש,מיליליטרים,150.00,"100 מ""ל",false,,11.90,7.9333,true,1,285694
3661163991344,false,דאו אדידס ספריי לאיש,קולפ,PT,דאו אדידס ספריי לאיש,מיליליטרים,150.00,"100 מ""ל",false,,11.90,7.9333,true,1,285698
3760262540009,false,יין נדיב ראשית 2018,יקב רקאנטי,IL,יין נדיב ראשית 2018,מיליליטרים,750.00,"100 מ""ל",false,,89.90,11.9867,true,1,313453
3760262540016,false,יין נדיב מתן 2017,יקב רקאנטי,IL,יין נדיב מתן 2017,מיליליטרים,750.00,"100 מ""ל",false,,109.90,14.6533,true,1,313454
3760262540023,false,יין נדיב קברנה וסירה,יקב רקאנטי,IL,יין נדיב קברנה וסירה,מיליליטרים,750.00,"100 מ""ל",false,,149.90,19.9867,true,1,313455
4001432773230,false,יין בלו ווין מוסקטו,יקב רמת הגולן,IL,יין בלו ווין מוסקטו,מיליליטרים,750.00,"100 מ""ל",false,,49.90,6.6533,true,1,321757
4002448017684,false,תרסיס סיליט באנג 750,רקיט בנקיזר,PL,תרסיס סיליט באנג 750,מיליליטרים,750.00,"100 מ""ל",false,,12.50,1.6667,true,1,274073
4002448019480,false,תרסיס סיליט באנג מסי,רקיט בנקיזר,PL,תרסיס סיליט באנג מסי,מיליליטרים,750.00,"100 מ""ל",false,,12.50,1.6667,true,1,274075
4008287051032,false,בירה קרומבאכר פילס פ,יקבי כרמל,IL,בירה קרומבאכר פילס פ,מיליליטרים,500.00,"100 מ""ל",false,,9.90,1.9800,true,1,316861
4008287058161,false,מארז בירה קרומבאכר פ,יקבי כרמל,IL,מארז בירה קרומבאכר פ,קילוגרמים,1.98,ליטר,false,,29.90,15.1010,true,1,316862
4008287762020,false,בירה קרומבאכר חיטה ב,יקבי כרמל,IL,בירה קרומבאכר חיטה ב,מיליליטרים,500.00,"100 מ""ל",false,,9.90,1.9800,true,1,316863
4008287905786,false,בירה קרומבאכר חיטה פ,יקבי כרמל,IL,בירה קרומבאכר חיטה פ,מיליליטרים,500.00,"100 מ""ל",false,,9.90,1.9800,true,1,316856
4008496884896,false,מארז 10 סוללות ורטה,,,מארז 10 סוללות ורטה,Unknown,0.00,יחידה,false,,14.90,0.0000,true,1,312810
4008496927364,false,מארז 10 סוללות ורטה,,,מארז 10 סוללות ורטה,Unknown,0.00,יחידה,false,,14.90,0.0000,true,1,312811
4008535095351,false,בננית מצופה שוקולד ש,שקדיה,IL,בננית מצופה שוקולד ש,גרמים,300.00,100 גרם,false,,12.90,4.3000,true,1,318785
4009300522935,false,תה ירוק פומפדור לימו,טייקנה,DE,תה ירוק פומפדור לימו,גרמים,30.00,100 גרם,false,,14.90,49.6667,true,1,265557
4009300522966,false,תה ירוק פומפדור נענע,טייקנה,DE,תה ירוק פומפדור נענע,גרמים,30.00,100 גרם,false,,14.90,49.6667,true,1,265556
4009300524588,false,חליטת צמחים פומפדור,טייקנה,DE,חליטת צמחים פומפדור,גרמים,60.00,100 גרם,false,,11.90,19.8333,true,1,265552
4009300524625,false,תה פומפדר צאי מסאלה,TEEKANNE- POMPADOU,DE,תה פומפדר צאי מסאלה,גרמים,40.00,100 גרם,false,,11.90,29.7500,true,1,265555
4009300525011,false,תה ירוק פומפדור תפוז,TEEKANNE- POMPADOU,,תה ירוק פומפדור תפוז,גרמים,30.00,100 גרם,false,,14.90,49.6667,true,1,265561
4009300525684,false,חליטת פירות פומפדור,טייקנה,DE,חליטת פירות פומפדור,גרמים,35.00,100 גרם,false,,11.90,34.0000,true,1,265549
4009300526438,false,תה ירוק פומפדור קלאס,טייקנה,DE,תה ירוק פומפדור קלאס,גרמים,30.00,100 גרם,false,,14.90,49.6667,true,1,269452
4009900402965,false,מסטיק אורביט בבקבוק,ריגלי,PL,מסטיק אורביט בבקבוק,גרמים,64.00,100 גרם,false,,9.40,14.6875,true,1,289230
4009900403023,false,מסטיק אורביט בבקבוק,ריגלי,PL,מסטיק אורביט בבקבוק,גרמים,64.00,100 גרם,false,,9.40,14.6875,true,1,289226
4009900420129,false,מסטיק אורביט בבקבוק,ריגלי,PL,מסטיק אורביט בבקבוק,גרמים,64.00,100 גרם,false,,9.40,14.6875,true,1,306408
4009900455299,false,סוכריות סקיטלס פירות,ריגלי,PL,סוכריות סקיטלס פירות,גרמים,174.00,100 גרם,false,,7.90,4.5402,true,1,270364
4009900465304,false,סוכריות סקיטלס פירות,ריגלי,PL,סוכריות סקיטלס פירות,גרמים,174.00,100 גרם,false,,7.90,4.5402,true,1,270365
4009900479998,false,מסטיק אורביט בבקבוק,ריגלי,PL,מסטיק אורביט בבקבוק,גרמים,64.00,100 גרם,false,,9.40,14.6875,true,1,289228
4009900482417,false,מסטיק אורביט בבקבוק,ריגלי,PL,מסטיק אורביט בבקבוק,גרמים,64.00,100 גרם,false,,9.40,14.6875,true,1,289227
4009900483803,false,מסטיק אירוובס פרופשי,ריגלי,PL,מסטיק אירוובס פרופשי,גרמים,84.00,100 גרם,false,,12.90,15.3571,true,1,306285
4009900484060,false,מסטיק אורביט פרופשיו,ריגלי,PL,מסטיק אורביט פרופשיו,גרמים,84.00,100 גרם,false,,12.90,15.3571,true,1,270366
4009900491044,false,מסטיק אירוובס אוכמנ,ריגלי,PL,מסטיק אירוובס אוכמנ,גרמים,84.00,100 גרם,false,,12.90,15.3571,true,1,306286
4009900531122,false,מסטיק אורביט בבקבוק,ריגלי,PL,מסטיק אורביט בבקבוק,גרמים,64.00,100 גרם,false,,9.40,14.6875,true,1,306409
4015400564454,false,מגן תחתון אולוויז מג,פרוקטר & גמבל,,מגן תחתון אולוויז מג,Unknown,0.00,יחידה,false,,16.90,0.0000,true,1,261466
4015400598329,false,תחבושות אלוויז קוואט,פרוקטר & גמבל,HU,תחבושות אלוויז קוואט,Unknown,0.00,יחידה,false,,29.90,0.0000,true,1,262267
4015400598381,false,תחבושות אלוויז קוואט,פרוקטר & גמבל,HU,תחבושות אלוויז קוואט,Unknown,0.00,יחידה,false,,29.90,0.0000,true,1,262266
4015400598411,false,תחבושות אלוויז קוואט,פרוקטר & גמבל,HU,תחבושות אלוויז קוואט,Unknown,0.00,יחידה,false,,29.90,0.0000,true,1,262265
4015400695677,false,חיתולי פמפרס בייבי ד,פרוקטר & גמבל,TR,חיתולי פמפרס בייבי ד,Unknown,0.00,יחידה,false,,64.90,0.0000,true,1,321721
4015400695691,false,חיתולי פמפרס בייבי ד,פרוקטר & גמבל,TR,חיתולי פמפרס בייבי ד,Unknown,0.00,יחידה,false,,64.90,0.0000,true,1,321724
4015400746812,false,מגן תחתון אולוויז מג,פרוקטר & גמבל,,מגן תחתון אולוויז מג,Unknown,0.00,יחידה,false,,16.90,0.0000,true,1,293919
4015600762742,false,שמפו הד&שולדרס קלאסי,פרוקטר & גמבל,,שמפו הד&שולדרס קלאסי,מיליליטרים,500.00,"100 מ""ל",false,,17.90,3.5800,true,1,263848
4015600762780,false,שמפו ומרכך הד&שולדרס,פרוקטר & גמבל,,שמפו ומרכך הד&שולדרס,מיליליטרים,500.00,"100 מ""ל",false,,17.90,3.5800,true,1,263849
4015600762902,false,שמפו הד&שולדרס מנטול,פרוקטר & גמבל,,שמפו הד&שולדרס מנטול,מיליליטרים,500.00,"100 מ""ל",false,,17.90,3.5800,true,1,263850
4015600762940,false,שמפו הד&שולדרס תפוח,,,שמפו הד&שולדרס תפוח,מיליליטרים,500.00,"100 מ""ל",false,,17.90,3.5800,true,1,263854
4015600763022,false,שמפו הד&שולדרס מגע מ,פרוקטר & גמבל,,שמפו הד&שולדרס מגע מ,מיליליטרים,500.00,"100 מ""ל",false,,17.90,3.5800,true,1,263853
4015600810849,false,דאו גל גילט קליר פאו,פרוקטר & גמבל,,דאו גל גילט קליר פאו,גרמים,70.00,100 גרם,false,,17.90,25.5714,true,1,291300
4022025001929,false,יין בלו ווין כחול מב,יקב רמת הגולן,IL,יין בלו ווין כחול מב,מיליליטרים,750.00,"100 מ""ל",false,,49.90,6.6533,true,1,321759
4052197000017,false,בירה בנדיקטינר 5.4%,,,בירה בנדיקטינר 5.4%,מיליליטרים,500.00,"100 מ""ל",false,,8.90,1.7800,true,1,321043
4053700292455,false,רצועות שעווה לעור רג,רקיט בנקיזר,FR,רצועות שעווה לעור רג,Unknown,0.00,יחידה,false,,19.90,0.0000,true,1,309940
4062400115483,false,טקילה סיירה סילבר 70,אגדת,IL,טקילה סיירה סילבר 70,מיליליטרים,700.00,"100 מ""ל",false,,79.90,11.4143,true,1,319513
4066600999614,false,בירה מעוננת פאולנר 5,פאולנר,DE,בירה מעוננת פאולנר 5,מיליליטרים,500.00,"100 מ""ל",false,,9.90,1.9800,true,1,298251
4084500178137,false,גל טייד אלפיין 4 ליט,פרוקטר & גמבל,FR,גל טייד אלפיין 4 ליט,קילוגרמים,4.00,ליטר,false,,31.90,7.9750,true,1,268387
4084500371422,false,אבקת כביסה אריאל שוש,פרוקטר & גמבל,FR,אבקת כביסה אריאל שוש,פריט,8.00,"ק""ג",false,,54.90,6.8625,true,1,270339
4084500739253,false,משחת אורל בי D3 WHIT,פרוקטר & גמבל,DE,משחת אורל בי D3 WHIT,מיליליטרים,75.00,"100 מ""ל",false,,9.90,13.2000,true,1,320638
4105120623941,false,בירה ויינשטפן 5.4% 5,קרלסברג ישראל,IL,בירה ויינשטפן 5.4% 5,מיליליטרים,500.00,"100 מ""ל",false,,10.90,2.1800,true,1,299411
4105120624412,false,בירה ויינשטפן 7.7% 5,קרלסברג ישראל,IL,בירה ויינשטפן 7.7% 5,מיליליטרים,500.00,"100 מ""ל",false,,10.90,2.1800,true,1,314809
4210201176688,false,ראש חשמלי למברשת שינ,פרוקטר & גמבל,IE,ראש חשמלי למברשת שינ,Unknown,0.00,יחידה,false,,69.90,0.0000,true,1,320275
4210201245193,false,מברשת שיניים חשמלית,פרוקטר & גמבל,DE,מברשת שיניים חשמלית,Unknown,0.00,יחידה,false,,69.90,0.0000,true,1,312692
4210201262183,false,מברשת שיניים חשמלית,פרוקטר & גמבל,DE,מברשת שיניים חשמלית,Unknown,0.00,יחידה,false,,69.90,0.0000,true,1,310982
4210201320111,false,מברשת שיניים חשמלית,פרוקטר & גמבל,DE,מברשת שיניים חשמלית,Unknown,0.00,יחידה,false,,69.90,0.0000,true,1,321006
4210201365334,false,ראש חשמלי למברשת שינ,פרוקטר & גמבל,IE,ראש חשמלי למברשת שינ,Unknown,0.00,יחידה,false,,69.90,0.0000,true,1,321007
4210201403319,false,מברשת שיניים חשמלית,פרוקטר & גמבל,DE,מברשת שיניים חשמלית,Unknown,0.00,יחידה,false,,69.90,0.0000,true,1,321008
4260147890551,false,אטריות ביצים רצועות,קאוו אס,PL,אטריות ביצים רצועות,גרמים,500.00,100 גרם,false,,9.90,1.9800,true,1,255162
4260147890711,false,אטריות ביצים מגולגלו,קאוו אס,PL,אטריות ביצים מגולגלו,גרמים,500.00,100 גרם,false,,9.90,1.9800,true,1,255161
4602486000954,false,וודקה בלנקאיה גולד 1,מזקקת גורגיבסקי,RU,וודקה בלנקאיה גולד 1,קילוגרמים,1.00,ליטר,false,,69.90,69.9000,true,1,318935
4602486004426,false,וודקה בלנקאיה אקסטרה,מזקקת גורגיבסקי,RU,וודקה בלנקאיה אקסטרה,קילוגרמים,1.00,ליטר,false,,79.90,79.9000,true,1,322728
4603400000067,false,וודקה רוסקי סטנדרט 1,רוסקי סטנדרט,RU,וודקה רוסקי סטנדרט 1,קילוגרמים,1.00,ליטר,false,,79.90,79.9000,true,1,307837
4603400000937,false,וודקה רוסקי סטנדרט ג,,RU,וודקה רוסקי סטנדרט ג,קילוגרמים,1.00,ליטר,false,,79.90,79.9000,true,1,322753
4603400002542,false,וודקה רוסקי סטנדרט מ,רוסקי סטנדרט,RU,וודקה רוסקי סטנדרט מ,קילוגרמים,1.00,ליטר,false,,79.90,79.9000,true,1,320419
4603514009277,false,ג'ין יבש באריסטר 700,אגדת,IL,ג'ין יבש באריסטר 700,מיליליטרים,700.00,"100 מ""ל",false,,79.90,11.4143,true,1,319512
4603928000983,false,וודקה בלוגה 1 ליטר,מרינסק דיסטילרי,,וודקה בלוגה 1 ליטר,קילוגרמים,1.00,ליטר,false,,119.90,119.9000,true,1,299683
4610028130014,false,וודקה לג'נד אוף קרמל,טולה פקטורי 1911,RU,וודקה לג'נד אוף קרמל,קילוגרמים,1.00,ליטר,false,,129.90,129.9000,true,1,323319
4640018993398,false,טבליות פיניש קוואנטו,רקיט בנקיזר,PL,טבליות פיניש קוואנטו,Unknown,0.00,יחידה,false,,54.90,0.0000,true,1,311625
4710964104916,false,שמן שומשום טהור מזרח,פלייבור פול פודס טיי,TW,שמן שומשום טהור מזרח,מיליליטרים,370.00,"100 מ""ל",false,,22.50,6.0811,true,1,310203
4710964170799,false,שומשום שחור קלוי מזר,פלייבור פול פודס טיי,TW,שומשום שחור קלוי מזר,גרמים,91.00,100 גרם,false,,16.50,18.1319,true,1,310204
4751007730938,false,שפורט מעושן בשמן דבר,karavela,LV,שפורט מעושן בשמן דבר,גרמים,240.00,100 גרם,false,,7.90,3.2917,true,1,303138
4791021002789,false,תה ירוק 100 שקיקים,IMPERIAL TEA EXPORT,,תה ירוק 100 שקיקים,גרמים,200.00,100 גרם,false,,19.90,9.9500,true,1,287570
4791021003588,false,תה שחור אימפרה 100 ש,IMPERIAL TEA EXPORT,,תה שחור אימפרה 100 ש,גרמים,150.00,100 גרם,false,,9.90,6.6000,true,1,270180
4791021004462,false,תה ירוק תפוח 25 שקיק,IMPERIAL TEA EXPORT,,תה ירוק תפוח 25 שקיק,גרמים,50.00,100 גרם,false,,9.90,19.8000,true,1,301568
4791021004554,false,תה ירוק מנטה 25 שקיק,IMPERIAL TEA EXPORT,,תה ירוק מנטה 25 שקיק,גרמים,50.00,100 גרם,false,,9.90,19.8000,true,1,301569
4791021006695,false,תה ירוק יסמין 25 שקי,IMPERIAL TEA EXPORT,,תה ירוק יסמין 25 שקי,גרמים,50.00,100 גרם,false,,9.90,19.8000,true,1,301570
4791021009399,false,תה ירוק קלאסי 25 שקי,IMPERIAL TEA EXPORT,,תה ירוק קלאסי 25 שקי,גרמים,50.00,100 גרם,false,,9.90,19.8000,true,1,301567
4791021901969,false,תה ירוק חמוציות 25 ש,IMPERIAL TEA EXPORT,,תה ירוק חמוציות 25 ש,גרמים,50.00,100 גרם,false,,9.90,19.8000,true,1,301565
4791021901983,false,תה ירוק צאי מסלה 25,IMPERIAL TEA EXPORT,,תה ירוק צאי מסלה 25,גרמים,50.00,100 גרם,false,,9.90,19.8000,true,1,301566
4791021904861,false,תה ירוק גינגר 25 שקי,IMPERIAL TEA EXPORT,,תה ירוק גינגר 25 שקי,גרמים,50.00,100 גרם,false,,9.90,19.8000,true,1,301564
4791021944720,false,תה ארל גריי שחור 10,IMPERIAL TEA EXPORT,,תה ארל גריי שחור 10,גרמים,200.00,100 גרם,false,,19.90,9.9500,true,1,302528
4891228430054,false,סכיני גילוח לנשים שי,שיק,CN,סכיני גילוח לנשים שי,Unknown,0.00,יחידה,false,,9.90,0.0000,true,1,296114
4891228430092,false,סכיני גילוח לנשים שי,שיק,CN,סכיני גילוח לנשים שי,Unknown,0.00,יחידה,false,,14.90,0.0000,true,1,298229
4891228460242,false,סכיני גילוח לנשים 4,שיק,CN,סכיני גילוח לנשים 4,Unknown,0.00,יחידה,false,,26.90,0.0000,true,1,309286
4903001904192,false,רוטב סויה יאמאסה 500,יאמאסה,JP,רוטב סויה יאמאסה 500,גרמים,500.00,100 גרם,false,,17.50,3.5000,true,1,322903
4903001925784,false,רוטב סויה מופחת נתרן,יאמאסה,JP,רוטב סויה מופחת נתרן,גרמים,500.00,100 גרם,false,,17.50,3.5000,true,1,322904
4903001930993,false,רוטב טריאקי יאמאסה 5,יאמאסה,JP,רוטב טריאקי יאמאסה 5,גרמים,500.00,100 גרם,false,,17.50,3.5000,true,1,322905
4987176128188,false,מברשת שיניים אורל בי,פרוקטר & גמבל,IN,מברשת שיניים אורל בי,Unknown,0.00,יחידה,false,,9.90,0.0000,true,1,324518
5000157143365,false,רוטב בטעם מיונז וקטש,היינץ,PL,רוטב בטעם מיונז וקטש,גרמים,425.00,100 גרם,false,,11.90,2.8000,true,1,315834
5000281005416,false,ויסקי טליסקר סינגל מ,טליסקר,GB,ויסקי טליסקר סינגל מ,מיליליטרים,700.00,"100 מ""ל",false,,169.90,24.2714,true,1,317783
5000299211243,false,ויסקי שיבאס 21 רויאל,,,ויסקי שיבאס 21 רויאל,מיליליטרים,700.00,"100 מ""ל",false,,349.90,49.9857,true,1,299680
5000299225004,false,ויסקי שיבאס ריגל 18,מזקקת האחים שיבאס,,ויסקי שיבאס ריגל 18,מיליליטרים,700.00,"100 מ""ל",false,,199.90,28.5571,true,1,295169
5000299295021,false,ויסקי גלנליווט 15 שנ,גורג וגיי גי סמית,,ויסקי גלנליווט 15 שנ,מיליליטרים,700.00,"100 מ""ל",false,,199.90,28.5571,true,1,302513
5000299607091,false,ויסקי סקוטי סקאפה 70,,IS,ויסקי סקוטי סקאפה 70,מיליליטרים,700.00,"100 מ""ל",false,,239.90,34.2714,true,1,319406
5000299607176,false,ויסקי סקאפה גלאנסה ס,,IS,ויסקי סקאפה גלאנסה ס,מיליליטרים,700.00,"100 מ""ל",false,,239.90,34.2714,true,1,320420
5000299609347,false,ויסקי גלנליווט פאונד,גורג וגיי גי סמית,,ויסקי גלנליווט פאונד,מיליליטרים,700.00,"100 מ""ל",false,,119.90,17.1286,true,1,302511
5000394093812,false,סוללות דורסל סימפלי,דורסל,,סוללות דורסל סימפלי,Unknown,0.00,יחידה,false,,19.90,0.0000,true,1,302153
5000394093836,false,סוללות דורסל סימפלי,דורסל,,סוללות דורסל סימפלי,Unknown,0.00,יחידה,false,,19.90,0.0000,true,1,302154
5000488108422,false,ספאטון תוסף תזונה המ,,,ספאטון תוסף תזונה המ,גרמים,816.00,100 גרם,false,,79.90,9.7917,true,1,323346
5010029000252,false,דגני בוקר וויטביקס א,וויטביקס,GB,דגני בוקר וויטביקס א,גרמים,430.00,100 גרם,false,,17.90,4.1628,true,1,323990
5010106111956,false,ויסקי בלנטיינס 1 ליט,גורג בלנטיין,US,ויסקי בלנטיינס 1 ליט,קילוגרמים,1.00,ליטר,false,,89.90,89.9000,true,1,302518
5010327603056,false,ויסקי מאנקי שולדר 1,וויליאם גרנט ובניו,GB,ויסקי מאנקי שולדר 1,קילוגרמים,1.00,ליטר,false,,159.90,159.9000,true,1,317710
5010391101007,false,ליקר דרמבוי 1 ליטר,גלזגו,GB,ליקר דרמבוי 1 ליטר,קילוגרמים,1.00,ליטר,false,,139.90,139.9000,true,1,318822
5010496003565,false,ויסקי אוכנטושן 700 מ,מוריסון בואומור,GB,ויסקי אוכנטושן 700 מ,מיליליטרים,700.00,"100 מ""ל",false,,129.90,18.5571,true,1,322573
5010677551281,false,בקרדי בריזר לימון 27,בקרדי מרטיני,BE,בקרדי בריזר לימון 27,מיליליטרים,275.00,"100 מ""ל",false,,12.90,4.6909,true,1,285413
5010677551397,false,בקרדי בריזר ליים 275,בקרדי מרטיני,BE,בקרדי בריזר ליים 275,מיליליטרים,275.00,"100 מ""ל",false,,12.90,4.6909,true,1,310033
5010677552387,false,בקרדי בריזר אננס 275,בקרדי מרטיני,BE,בקרדי בריזר אננס 275,מיליליטרים,275.00,"100 מ""ל",false,,12.90,4.6909,true,1,285414
5010677554398,false,בקרדי בריזר אבטיח 27,בקרדי מרטיני,BE,בקרדי בריזר אבטיח 27,מיליליטרים,275.00,"100 מ""ל",false,,12.90,4.6909,true,1,285412
5010677716000,false,ג'ין יבש בומביי 1 ל,,,ג'ין יבש בומביי 1 ל,קילוגרמים,1.00,ליטר,false,,119.90,119.9000,true,1,324292
5011007003227,false,ויסקי גיימסון 1 ליטר,אייריש דיסטלריז,,ויסקי גיימסון 1 ליטר,קילוגרמים,1.00,ליטר,false,,99.90,99.9000,true,1,302527
5024546356587,false,ויסקי גראנד מקניש 1,אגדת,IL,ויסקי גראנד מקניש 1,קילוגרמים,1.00,ליטר,false,,74.90,74.9000,true,1,317291
5024546366630,false,ויסקי לאודרס סקוטי 1,אגדת,IL,ויסקי לאודרס סקוטי 1,קילוגרמים,1.00,ליטר,false,,79.90,79.9000,true,1,317680
5053827215862,false,קלוגס קוקו פופס שוקו,קלוגס,DE,קלוגס קוקו פופס שוקו,גרמים,500.00,100 גרם,false,,14.90,2.9800,true,1,317421
5060060210219,false,תרסיס אסטוניש מבריק,יעקב יעקובי,IL,תרסיס אסטוניש מבריק,מיליליטרים,750.00,"100 מ""ל",false,,9.90,1.3200,true,1,293318
5060060211612,false,קרם אסטוניש לניקוי ע,יעקב יעקובי,IL,קרם אסטוניש לניקוי ע,מיליליטרים,500.00,"100 מ""ל",false,,9.90,1.9800,true,1,321004
5060809351371,false,כפפות ויניל 100 יח מ,,,כפפות ויניל 100 יח מ,Unknown,0.00,יחידה,false,,17.90,0.0000,true,1,318774
5060809351395,false,כפפות ויניל 100 יח מ,,,כפפות ויניל 100 יח מ,Unknown,0.00,יחידה,false,,17.90,0.0000,true,1,318776
5060809351401,false,כפפות ויניל 100 יח מ,,,כפפות ויניל 100 יח מ,Unknown,0.00,יחידה,false,,17.90,0.0000,true,1,318777
5060809354747,false,כפפות ניטריל 100 יחי,,,כפפות ניטריל 100 יחי,Unknown,0.00,יחידה,false,,21.90,0.0000,true,1,321124
5060809354761,false,כפפות ניטריל 100 יחי,,,כפפות ניטריל 100 יחי,Unknown,0.00,יחידה,false,,21.90,0.0000,true,1,321126
5060809354778,false,כפפות ניטריל 100 יחי,,,כפפות ניטריל 100 יחי,Unknown,0.00,יחידה,false,,21.90,0.0000,true,1,321127
5099864006384,false,סימילאק מהדרין שלב 2,אבוט,NL,סימילאק מהדרין שלב 2,גרמים,900.00,100 גרם,false,,69.90,7.7667,true,1,254938
5099864006391,false,סימילאק מהדרין שלב 3,אבוט,NL,סימילאק מהדרין שלב 3,גרמים,900.00,100 גרם,false,,69.90,7.7667,true,1,254939
5099873088654,false,ויסקי ג'ק דניאלס סינ,ג'ק דניאלס,US,ויסקי ג'ק דניאלס סינ,מיליליטרים,700.00,"100 מ""ל",false,,179.90,25.7000,true,1,318795
5201085540084,false,סוכריות גילו מיקס 70,אולמפיק,GR,סוכריות גילו מיקס 70,גרמים,700.00,100 גרם,false,,13.90,1.9857,true,1,255910
5201347400545,false,רצועות שעווה פנים וי,רקיט בנקיזר,FR,רצועות שעווה פנים וי,Unknown,0.00,יחידה,false,,19.90,0.0000,true,1,310008
5202175001515,false,נאצ'וס בטעם מלוח אל,אל סבור מקסיקן פוד,TW,נאצ'וס בטעם מלוח אל,גרמים,225.00,100 גרם,false,,10.50,4.6667,true,1,310181
5202175001546,false,נאצ'וס בטעם ברביקיו,אל סבור מקסיקן פוד,TW,נאצ'וס בטעם ברביקיו,גרמים,225.00,100 גרם,false,,10.50,4.6667,true,1,310182
5203819014205,false,ארק אוזו מלטמי 700 מ,אגדת,IL,ארק אוזו מלטמי 700 מ,מיליליטרים,700.00,"100 מ""ל",false,,54.90,7.8429,true,1,323420
5290074003198,false,מיץ תפוזים 100% פאן,קהאן,קפריסין,מיץ תפוזים 100% פאן,קילוגרמים,1.00,ליטר,false,,9.90,9.9000,true,1,324037
5290074003211,false,מיץ אננס 100% פאן 1,קהאן,קפריסין,מיץ אננס 100% פאן 1,קילוגרמים,1.00,ליטר,false,,9.90,9.9000,true,1,324039
5290074003228,false,מיץ תפוחים 100% פאן,קהאן,קפריסין,מיץ תפוחים 100% פאן,קילוגרמים,1.00,ליטר,false,,9.90,9.9000,true,1,324040
5391523062152,false,סימילאק מהדרין שלב 1,אבוט,IE,סימילאק מהדרין שלב 1,גרמים,400.00,100 גרם,false,,29.90,7.4750,true,1,324072
5410126006087,false,ביסקוויט קרמל לוטוס,לוטוס ביקרי,BE,ביסקוויט קרמל לוטוס,גרמים,700.00,100 גרם,false,,19.90,2.8429,true,1,267426
5410126116953,false,ממרח עוגיות לוטוס 40,לוטוס,BE,ממרח עוגיות לוטוס 40,גרמים,400.00,100 גרם,false,,19.90,4.9750,true,1,260583
5410126666038,false,ביסקוויט קרמל לוטוס,לוטוס ביקרי,BE,ביסקוויט קרמל לוטוס,גרמים,279.00,100 גרם,false,,9.90,3.5484,true,1,303606
5410126726947,false,ממרח עוגיות קראנצ לו,לוטוס,BE,ממרח עוגיות קראנצ לו,גרמים,380.00,100 גרם,false,,19.90,5.2368,true,1,268540
5410228141785,false,"בירה הוגרדן 330 מ""ל",,BE,"בירה הוגרדן 330 מ""ל",מיליליטרים,330.00,"100 מ""ל",false,,6.90,2.0909,true,1,309350
5410228142089,false,בירה לף בלונד 6.6%,קרלסברג יבוא יצוא,,בירה לף בלונד 6.6%,מיליליטרים,330.00,"100 מ""ל",false,,6.90,2.0909,true,1,269981
5410228146162,false,בירה לף בראון 6.5% 3,קרלסברג יבוא יצוא,BE,בירה לף בראון 6.5% 3,מיליליטרים,330.00,"100 מ""ל",false,,6.90,2.0909,true,1,269979
5410228217732,false,בירה סטלה ארטואה 5.2,,,בירה סטלה ארטואה 5.2,מיליליטרים,440.00,"100 מ""ל",false,,12.90,2.9318,true,1,323510
5410316983693,false,"סמירנוף אייס 275 מ""ל",דיאגו,GB,"סמירנוף אייס 275 מ""ל",מיליליטרים,275.00,"100 מ""ל",false,,12.90,4.6909,true,1,314120
5411081003654,false,בירה קסטיל רוז 330 מ,ואן הונסברוק,BE,בירה קסטיל רוז 330 מ,מיליליטרים,330.00,"100 מ""ל",false,,11.90,3.6061,true,1,323167
5411188080268,false,משקה סויה אורגני אלפ,אלפרו,BE,משקה סויה אורגני אלפ,קילוגרמים,1.00,ליטר,false,,11.90,11.9000,true,1,267940
5411188081852,false,משקה סויה וניל אלפרו,אלפרו,BE,משקה סויה וניל אלפרו,קילוגרמים,1.00,ליטר,false,,11.90,11.9000,true,1,267939
5411188094159,false,מארז מעדן סויה שוקול,אלפרו,BE,מארז מעדן סויה שוקול,גרמים,500.00,100 גרם,false,,15.90,3.1800,true,1,256463
5411188094173,false,מארז מעדן סויה בטעם,אלפרו,BE,מארז מעדן סויה בטעם,גרמים,500.00,100 גרם,false,,15.90,3.1800,true,1,325035
5411188096108,false,סויה לבישול 4.7% אלפ,אלפרו,BE,סויה לבישול 4.7% אלפ,מיליליטרים,250.00,"100 מ""ל",false,,7.90,3.1600,true,1,270078
5411188106159,false,משקה סויה מופחת שומן,אלפרו,BE,משקה סויה מופחת שומן,קילוגרמים,1.00,ליטר,false,,11.90,11.9000,true,1,270076
5411188110835,false,משקה שקדים אלפרו 1 ל,אלפרו,BE,משקה שקדים אלפרו 1 ל,קילוגרמים,1.00,ליטר,false,,12.90,12.9000,true,1,270074
5411188112709,false,משקה שקדים לא ממותק,אלפרו,BE,משקה שקדים לא ממותק,קילוגרמים,1.00,ליטר,false,,12.90,12.9000,true,1,303168
5411188115366,false,משקה שיבולת שועל אלפ,אלפרו,BE,משקה שיבולת שועל אלפ,קילוגרמים,1.00,ליטר,false,,12.90,12.9000,true,1,270071
5411188115434,false,משקה בריסטה סויה אלפ,אלפרו,BE,משקה בריסטה סויה אלפ,קילוגרמים,1.00,ליטר,false,,12.90,12.9000,true,1,322595
5411188115472,false,משקה סויה אלפרו 1 לי,אלפרו,BE,משקה סויה אלפרו 1 לי,קילוגרמים,1.00,ליטר,false,,11.90,11.9000,true,1,314218
5411188118732,false,משקה קוקוס שקדים אלפ,אלפרו,BE,משקה קוקוס שקדים אלפ,קילוגרמים,1.00,ליטר,false,,12.90,12.9000,true,1,292309
5411188120742,false,משקה שקדים וניל אלפר,אלפרו,BE,משקה שקדים וניל אלפר,קילוגרמים,1.00,ליטר,false,,12.90,12.9000,true,1,292310
5411188120957,false,קוקוס לבישול 14% אלפ,שטראוס,IL,קוקוס לבישול 14% אלפ,מיליליטרים,250.00,"100 מ""ל",false,,7.90,3.1600,true,1,321408
5411188124689,false,משקה שיבולת שועל ללא,אלפרו,BE,משקה שיבולת שועל ללא,קילוגרמים,1.00,ליטר,false,,12.90,12.9000,true,1,315107
5411188127697,false,משקה בריסטה שיבולת ש,אלפרו,BE,משקה בריסטה שיבולת ש,קילוגרמים,1.00,ליטר,false,,12.90,12.9000,true,1,315108
5411188134985,false,משקה שיבולת שועל 3.5,שטראוס,IL,משקה שיבולת שועל 3.5,קילוגרמים,1.00,ליטר,false,,12.90,12.9000,true,1,321409
5411188135005,false,משקה שיבולת 1.8% שו,שטראוס,IL,משקה שיבולת 1.8% שו,קילוגרמים,1.00,ליטר,false,,12.90,12.9000,true,1,321410
5411188300328,false,משקה סויה שוקו אלפרו,אלפרו,BE,משקה סויה שוקו אלפרו,קילוגרמים,1.00,ליטר,false,,11.90,11.9000,true,1,267938
5411188543398,false,משקה סויה ללא תוספת,אלפרו,BE,משקה סויה ללא תוספת,קילוגרמים,1.00,ליטר,false,,11.90,11.9000,true,1,313550
5412865030668,false,דקיקי שוקולד במילוי,,,דקיקי שוקולד במילוי,גרמים,200.00,100 גרם,false,,12.90,6.4500,true,1,297809
5604912415041,false,סרדין בשמן חמניות פו,קונסרבס,PT,סרדין בשמן חמניות פו,גרמים,125.00,100 גרם,false,,5.90,4.7200,true,1,306084
5604912415058,false,סרדין בשמן חמניות חר,קונסרבס,PT,סרדין בשמן חמניות חר,גרמים,125.00,100 גרם,false,,5.90,4.7200,true,1,306083
5604912425057,false,מקרל בשמן חמניות חרי,קונסרבס,PT,מקרל בשמן חמניות חרי,גרמים,125.00,100 גרם,false,,5.90,4.7200,true,1,306095
5711953106583,false,גבינת שמנת טבעי 24.5,שטראוס,IL,גבינת שמנת טבעי 24.5,גרמים,200.00,100 גרם,false,,13.90,6.9500,true,1,309698
5711953106590,false,גבינת שמנת שום 24% א,שטראוס,IL,גבינת שמנת שום 24% א,גרמים,200.00,100 גרם,false,,13.90,6.9500,true,1,309699
5711953106606,false,גבינת שמנת עשבי תיבו,שטראוס,IL,גבינת שמנת עשבי תיבו,גרמים,200.00,100 גרם,false,,13.90,6.9500,true,1,309700
5900020026552,false,דגני בוקר האני נאט צ,נסטלה צרפת איטנקורט,FR,דגני בוקר האני נאט צ,גרמים,625.00,100 גרם,false,,19.90,3.1840,true,1,310450
5900020039590,false,חטיף דגנים קלאסי פיט,אסם,IL,חטיף דגנים קלאסי פיט,גרמים,141.00,100 גרם,false,,13.90,9.8582,true,1,319291
5900020039620,false,חטיף דגנים שקדים ודב,אסם,IL,חטיף דגנים שקדים ודב,גרמים,141.00,100 גרם,false,,13.90,9.8582,true,1,319292
5900907000583,false,מלפפון בחומץ בצנצנת,urbanek,PL,מלפפון בחומץ בצנצנת,גרמים,920.00,100 גרם,false,,13.90,1.5109,true,1,289263
5900907000835,false,מלפפון בחומץ אורבנק,urbanek,PL,מלפפון בחומץ אורבנק,פריט,2.55,"ק""ג",false,,29.90,11.7255,true,1,289262
5901483010102,false,"חליטת תפו""ע פירות יע",bifix,,"חליטת תפו""ע פירות יע",גרמים,50.00,100 גרם,false,,7.90,15.8000,true,1,269844
5901483020309,false,חליטת פירות יער 25 ש,bifix,,חליטת פירות יער 25 ש,גרמים,50.00,100 גרם,false,,7.90,15.8000,true,1,269951
5901483060022,false,חליטת עלי מרווה 20 ש,bifix,,חליטת עלי מרווה 20 ש,גרמים,40.00,100 גרם,false,,7.90,19.7500,true,1,269956
5901483060060,false,חליטת שומר 20 שקיקים,bifix,,חליטת שומר 20 שקיקים,גרמים,40.00,100 גרם,false,,7.90,19.7500,true,1,301571
5901483060206,false,חליטת מנטה 20 שקיקים,bifix,,חליטת מנטה 20 שקיקים,גרמים,40.00,100 גרם,false,,7.90,19.7500,true,1,269954
5901483060404,false,חליטת בבונג 20 שקיקי,bifix,,חליטת בבונג 20 שקיקי,גרמים,35.00,100 גרם,false,,7.90,22.5714,true,1,269842
5901483081027,false,חליטת לואיזה 20 שקיק,bifix,,חליטת לואיזה 20 שקיק,גרמים,35.00,100 גרם,false,,7.90,22.5714,true,1,270672
5902198160403,false,משקה אנרגיה אקסל ללא,טמפו,IL,משקה אנרגיה אקסל ללא,מיליליטרים,250.00,"100 מ""ל",false,,3.90,1.5600,true,1,297717
5904941751302,false,משקה אנרגיה בלו 250,אקו ביט,PL,משקה אנרגיה בלו 250,מיליליטרים,250.00,"100 מ""ל",false,,4.50,1.8000,true,1,250699
5904941751920,false,משקה אנרגיה בלו דיי,אקו ביט,,משקה אנרגיה בלו דיי,מיליליטרים,250.00,"100 מ""ל",false,,4.50,1.8000,true,1,262129
5906485301012,false,משקה אנרגיה אקסל 250,טמפו,IL,משקה אנרגיה אקסל 250,מיליליטרים,250.00,"100 מ""ל",false,,3.90,1.5600,true,1,252573
5996496002855,false,בונבוניירה שרי רושן,בונבון טטי ק.פ.ט,UA,בונבוניירה שרי רושן,גרמים,108.00,100 גרם,false,,7.90,7.3148,true,1,321935
5997321770307,false,רצועות שעווה לעור רג,רקיט בנקיזר,FR,רצועות שעווה לעור רג,Unknown,0.00,יחידה,false,,19.90,0.0000,true,1,309941
5998710132201,false,בונבוניירה שרי רושן,בונבון טטי ק.פ.ט,UA,בונבוניירה שרי רושן,גרמים,132.00,100 גרם,false,,11.90,9.0152,true,1,290381
6009606260218,false,דגני בוקר וויטביקס 4,ויטביקס,GB,דגני בוקר וויטביקס 4,גרמים,450.00,100 גרם,false,,21.90,4.8667,true,1,322913
6009684861000,false,חטיף דגנים בטעם דבש,,MK,חטיף דגנים בטעם דבש,גרמים,125.00,100 גרם,false,,9.90,7.9200,true,1,249702
6086143094056,false,יין וייס קברנה סובינ,יקב וייס,IL,יין וייס קברנה סובינ,מיליליטרים,750.00,"100 מ""ל",false,,149.90,19.9867,true,1,324347
6102020000931,false,מארז 24 סוללות פאואר,,,מארז 24 סוללות פאואר,Unknown,0.00,יחידה,false,,19.90,0.0000,true,1,313372
6102021100869,false,מארז 19 סוללות כפתור,,,מארז 19 סוללות כפתור,Unknown,0.00,יחידה,false,,14.90,0.0000,true,1,320136
6102022100202,false,מארז 12 סוללות אלקלי,,,מארז 12 סוללות אלקלי,Unknown,0.00,יחידה,false,,11.90,0.0000,true,1,323286
6102022100219,false,מארז 12 סוללות אלקלי,,,מארז 12 סוללות אלקלי,Unknown,0.00,יחידה,false,,11.90,0.0000,true,1,323285
6111049000051,false,סרדין מרוקאי בשמן סו,,,סרדין מרוקאי בשמן סו,גרמים,125.00,100 גרם,false,,4.90,3.9200,true,1,257535
6111049000150,false,סרדין בשמן ולימון 12,אטלנטיק הום סרדינס א,MA,סרדין בשמן ולימון 12,גרמים,125.00,100 גרם,false,,4.90,3.9200,true,1,261117
6111049002055,false,סרדין מרוקאי בשמן סו,אטלנטיק הום סרדינס א,MA,סרדין מרוקאי בשמן סו,גרמים,125.00,100 גרם,false,,4.90,3.9200,true,1,257536
6111049003106,false,מארז סרדין מרוקאי בש,אטלנטיק הום סרדינס א,MA,מארז סרדין מרוקאי בש,גרמים,500.00,100 גרם,false,,14.90,2.9800,true,1,307487
6111049003113,false,מארז סרדין מרוקאי בש,אטלנטיק הום סרדינס א,MA,מארז סרדין מרוקאי בש,גרמים,500.00,100 גרם,false,,14.90,2.9800,true,1,307488
6111119000011,false,קוסקוס מרוקאי פרידה,,,קוסקוס מרוקאי פרידה,פריט,1.00,"ק""ג",false,,12.90,12.9000,true,1,262110
6112014100301,false,נר הבדלה פמוט פירמיד,,,נר הבדלה פמוט פירמיד,Unknown,0.00,יחידה,false,,14.90,0.0000,true,1,270854
6112014100318,false,נר הבדלה דלוקס,,,נר הבדלה דלוקס,Unknown,0.00,יחידה,false,,5.90,0.0000,true,1,270853
6112015100072,false,ליפה חבלים,,,ליפה חבלים,Unknown,0.00,יחידה,false,,14.90,0.0000,true,1,287681
6112017100513,false,נר הבדלה דגם מס 7,,,נר הבדלה דגם מס 7,Unknown,0.00,יחידה,false,,12.90,0.0000,true,1,296221
6112017103811,false,כדוריות אולינהום לאס,yiwu kai yun,CN,כדוריות אולינהום לאס,גרמים,224.00,100 גרם,false,,12.90,5.7589,true,1,303683
6112017103996,false,שקיות הקפאה פסגור או,יואן קאי יון,CN,שקיות הקפאה פסגור או,Unknown,0.00,יחידה,false,,14.90,0.0000,true,1,304740
6112017104030,false,ספוג מסאג אמבטיה 2 י,,,ספוג מסאג אמבטיה 2 י,Unknown,0.00,יחידה,false,,13.90,0.0000,true,1,303742
6112017105358,false,שקיות הקפאה 30 יח,,,שקיות הקפאה 30 יח,Unknown,0.00,יחידה,false,,14.90,0.0000,true,1,308119
6112017105549,false,כריות קרצוף זוג מסיל,,,כריות קרצוף זוג מסיל,Unknown,0.00,יחידה,false,,16.90,0.0000,true,1,308222
6112017105556,false,כריות קרצוף זוג מסיל,,,כריות קרצוף זוג מסיל,Unknown,0.00,יחידה,false,,16.90,0.0000,true,1,308223
6112017105723,false,חוט דנטלי זוג,,,חוט דנטלי זוג,Unknown,0.00,יחידה,false,,8.90,0.0000,true,1,308657
6112017105860,false,אטבי כביסה מסיליקון,,,אטבי כביסה מסיליקון,Unknown,0.00,יחידה,false,,17.90,0.0000,true,1,309623
6112017105877,false,אטבי כביסה אולינהום,,,אטבי כביסה אולינהום,Unknown,0.00,יחידה,false,,17.90,0.0000,true,1,309624
6112017106256,false,אטבי כביסה אולינהום,,,אטבי כביסה אולינהום,Unknown,0.00,יחידה,false,,17.90,0.0000,true,1,310174
6112017106294,false,כפפות גומי L אולינהו,,,כפפות גומי L אולינהו,Unknown,0.00,יחידה,false,,8.90,0.0000,true,1,309932
6112017106782,false,ספוג למקלחת זוג,,,ספוג למקלחת זוג,Unknown,0.00,יחידה,false,,19.90,0.0000,true,1,314772
6112017106799,false,זוג מברשות לניקוי בק,,,זוג מברשות לניקוי בק,Unknown,0.00,יחידה,false,,11.90,0.0000,true,1,313147
6112017106881,false,כפפות גומי 4 יח' S א,,,כפפות גומי 4 יח' S א,Unknown,0.00,יחידה,false,,8.90,0.0000,true,1,313222
6112017106898,false,כפפות גומי 4 יח' M א,,,כפפות גומי 4 יח' M א,Unknown,0.00,יחידה,false,,8.90,0.0000,true,1,313223
6224009175062,false,תחתיות ארטישוק קפוא,O.K FRUIT,EG,תחתיות ארטישוק קפוא,פריט,1.00,"ק""ג",false,,14.90,14.9000,true,1,310320
6224009175123,false,"פול קפוא 1 ק""ג",O.K FRUIT,EG,"פול קפוא 1 ק""ג",פריט,1.00,"ק""ג",false,,13.90,13.9000,true,1,310321
6224009175147,false,"במיה קפואה 1 ק""ג",O.K FRUIT,EG,"במיה קפואה 1 ק""ג",פריט,1.00,"ק""ג",false,,11.90,11.9000,true,1,310322
6224009175192,false,"תות שדה קפוא 1 ק""ג",O.K FRUIT,EG,"תות שדה קפוא 1 ק""ג",פריט,1.00,"ק""ג",false,,14.90,14.9000,true,1,310323
6910191800287,false,אצות נורי לסושי מזרח,ננטונג הידה אקוטיק פ,CN,אצות נורי לסושי מזרח,גרמים,25.00,100 גרם,false,,10.80,43.2000,true,1,310194
6912977000140,false,אטריות שעועית מזרח ו,יאנטאי ינסידה לנוגקא,CN,אטריות שעועית מזרח ו,גרמים,250.00,100 גרם,false,,8.90,3.5600,true,1,310183
6922276100083,false,מחית וואסבי חזרת מזר,דליאן ג'ינדה קונדימנ,CN,מחית וואסבי חזרת מזר,גרמים,43.00,100 גרם,false,,8.70,20.2326,true,1,310195
6923634954621,false,ממתק סטיקס בטעם פטל,שנטו גאבט פודס' ושו,CN,ממתק סטיקס בטעם פטל,גרמים,390.00,100 גרם,false,,19.90,5.1026,true,1,314046
6923634954690,false,ממתק סטיקס בטעם אבטי,שנטו גאבט פודס' ושו,CN,ממתק סטיקס בטעם אבטי,גרמים,390.00,100 גרם,false,,19.90,5.1026,true,1,314335
6923634954713,false,מאגדת סטיקס 130 גרם,שנטו גאבט פודס ושות,CN,מאגדת סטיקס 130 גרם,גרמים,130.00,100 גרם,false,,9.90,7.6154,true,1,313509
6923634954850,false,ממתק סטיקס בטעם תות,שנטו גאבט פודס' ושו,CN,ממתק סטיקס בטעם תות,גרמים,390.00,100 גרם,false,,19.90,5.1026,true,1,314048
6934731200078,false,אטריות טריות דקות מז,יאנטאי ינסידה לנוגקא,CN,אטריות טריות דקות מז,גרמים,200.00,100 גרם,false,,6.90,3.4500,true,1,325166
6934731210138,false,אטריות טריות עבות מז,יאנטאי ינסידה לנוגקא,CN,אטריות טריות עבות מז,גרמים,200.00,100 גרם,false,,6.90,3.4500,true,1,325167
6935487561246,false,מסכות כירורגיות 50 י,,,מסכות כירורגיות 50 י,Unknown,0.00,יחידה,false,,1.90,0.0000,true,1,315489
6936745600462,false,מירין מזרח ומערב 500,דאנינג יוה פודס קו,CN,מירין מזרח ומערב 500,מיליליטרים,500.00,"100 מ""ל",false,,17.90,3.5800,true,1,310206
6936745600783,false,חומץ אורז מזרח ומערב,דאנינג יוה פודס קו,CN,חומץ אורז מזרח ומערב,מיליליטרים,500.00,"100 מ""ל",false,,14.90,2.9800,true,1,310196
6952379521317,false,ספוג רחצה 3 יח',,,ספוג רחצה 3 יח',Unknown,0.00,יחידה,false,,12.90,0.0000,true,1,268224
6974800740104,false,"טבעות תפו""ע טבעי עם",היאגואן,CN,"טבעות תפו""ע טבעי עם",גרמים,88.00,100 גרם,false,,12.90,14.6591,true,1,324063
6974800740203,false,"טבעות תפו""ע טבעי עם",היאגואן,CN,"טבעות תפו""ע טבעי עם",גרמים,88.00,100 גרם,false,,12.90,14.6591,true,1,324064
6974800740302,false,"טבעות תפו""ע טבעי מיו",היאגואן,CN,"טבעות תפו""ע טבעי מיו",גרמים,88.00,100 גרם,false,,12.90,14.6591,true,1,324065
6985425120165,false,ליפה לרחצה,,,ליפה לרחצה,Unknown,0.00,יחידה,false,,7.90,0.0000,true,1,253305
7162203029004,false,שמיכת פוך יחיד אינדי,,,שמיכת פוך יחיד אינדי,Unknown,0.00,יחידה,false,,99.90,0.0000,true,1,325485
7162203029011,false,שמיכת פוך זוגי אינדי,,,שמיכת פוך זוגי אינדי,Unknown,0.00,יחידה,false,,119.90,0.0000,true,1,325486
7290000000282,false,שום 12 ראשים,אראל תוצרת חקלאית בע,IL,שום 12 ראשים,Unknown,12.00,יחידה,false,,17.90,1.4917,true,1,246438
7290000000374,false,פטריות שמפיניון,מרינה פטריות,IL,פטריות שמפיניון,Unknown,0.00,יחידה,false,,8.00,0.0000,true,1,258005
7290000000411,false,שום 4 ראשים,אראל תוצרת חקלאית בע,IL,שום 4 ראשים,Unknown,4.00,יחידה,false,,5.90,1.4750,true,1,290603
7290000000978,false,חסה גלאט ברכת קטיף,ברכת קטיף,IL,חסה גלאט ברכת קטיף,Unknown,0.00,יחידה,false,,5.90,0.0000,true,1,249532
7290000000985,false,פטרוזיליה גלאט ברכת,ברכת קטיף,IL,פטרוזיליה גלאט ברכת,Unknown,0.00,יחידה,false,,5.90,0.0000,true,1,249533
7290000001043,false,כרוב לבן ברכת קטיף,ברכת קטיף,IL,כרוב לבן ברכת קטיף,קילוגרמים,1.00,"ק""ג",true,,11.90,11.9000,true,1,249540
7290000001074,false,כרוב אדום ברכת קטיף,ברכת קטיף,IL,כרוב אדום ברכת קטיף,קילוגרמים,1.00,"ק""ג",true,,11.90,11.9000,true,1,249542
7290000001104,false,פטריות חורש יח,מרינה פטריות,IL,פטריות חורש יח,Unknown,0.00,יחידה,false,,8.90,0.0000,true,1,255349
7290000001524,false,בצל ירוק,ברכת קטיף,IL,בצל ירוק,Unknown,0.00,יחידה,false,,5.90,0.0000,true,1,249539
7290000001579,false,סלרי גלאט ברכת קטיף,ברכת קטיף,IL,סלרי גלאט ברכת קטיף,Unknown,0.00,יחידה,false,,5.90,0.0000,true,1,249537
7290000001609,false,עלי סלק גלאט,ברכת קטיף,IL,עלי סלק גלאט,Unknown,0.00,יחידה,false,,5.90,0.0000,true,1,249538
7290000001616,false,כוסברה גלאט ברכת קטי,ברכת קטיף,IL,כוסברה גלאט ברכת קטי,Unknown,0.00,יחידה,false,,5.90,0.0000,true,1,249534
7290000023007,false,"ברנדי שטוק 84 750 מ""",יינות סגל,IL,"ברנדי שטוק 84 750 מ""",מיליליטרים,750.00,"100 מ""ל",false,,64.90,8.6533,true,1,273344
7290000023083,false,ארק אשקלון 40% 700 מ,יקבי ברקן,IL,ארק אשקלון 40% 700 מ,מיליליטרים,700.00,"100 מ""ל",false,,44.90,6.4143,true,1,268090
7290000023809,false,יין קלאסיק קברנה,יקבי ברקן,IL,יין קלאסיק קברנה,מיליליטרים,750.00,"100 מ""ל",false,,27.90,3.7200,true,1,252130
7290000023816,false,יין קלאסיק אמרלד ריז,יקבי ברקן,IL,יין קלאסיק אמרלד ריז,מיליליטרים,750.00,"100 מ""ל",false,,27.90,3.7200,true,1,263550
7290000023977,false,יין קלאסיק מרלו,יקבי ברקן,IL,יין קלאסיק מרלו,מיליליטרים,750.00,"100 מ""ל",false,,27.90,3.7200,true,1,263133
7290000024202,false,יין רזרב קברנה סובני,יקבי ברקן,IL,יין רזרב קברנה סובני,מיליליטרים,750.00,"100 מ""ל",false,,38.90,5.1867,true,1,263554
7290000024264,false,יין רזרב מרלו,יקבי ברקן,IL,יין רזרב מרלו,מיליליטרים,750.00,"100 מ""ל",false,,38.90,5.1867,true,1,263555
7290000024523,false,מיץ ענבים תירוש אדום,יינות סגל,IL,מיץ ענבים תירוש אדום,קילוגרמים,1.00,ליטר,false,,12.90,12.9000,true,1,317001
7290000024905,false,וודקה קגלביץ קלאסיקה,יקבי ברקן,IL,וודקה קגלביץ קלאסיקה,מיליליטרים,700.00,"100 מ""ל",false,,49.90,7.1286,true,1,250079
7290000024912,false,וודקה קגלביץ לימון 2,יקבי ברקן,IL,וודקה קגלביץ לימון 2,מיליליטרים,700.00,"100 מ""ל",false,,39.90,5.7000,true,1,250080
7290000034256,false,ביסקוויט חצי מצופה ת,אפיפית נצרת תעשיות ב,IL,ביסקוויט חצי מצופה ת,גרמים,175.00,100 גרם,false,,5.90,3.3714,true,1,246793
7290000040301,false,גבינה קממבר 24% תנוב,תנובה מרכז שיתופי לש,IL,גבינה קממבר 24% תנוב,גרמים,125.00,100 גרם,false,,16.90,13.5200,true,1,247002
7290000040318,false,גבינת עדי/ברי תנובה,תנובה מרכז שיתופי לש,,גבינת עדי/ברי תנובה,גרמים,125.00,100 גרם,false,,17.90,14.3200,true,1,247003
7290000040974,false,חלב טרי דל לקטוז 1 ל,תנובה מרכז שיתופי לש,,חלב טרי דל לקטוז 1 ל,קילוגרמים,1.00,ליטר,false,,6.90,6.9000,true,1,255245
7290000041407,false,"גיל תנובה 125 מ""ל",תנובה מרכז שיתופי לש,IL,"גיל תנובה 125 מ""ל",מיליליטרים,125.00,"100 מ""ל",false,,0.80,0.6400,true,1,247103
7290000041858,false,שמנת חמוצה 15% יטבתה,שטראוס,IL,שמנת חמוצה 15% יטבתה,מיליליטרים,200.00,"100 מ""ל",false,,2.30,1.1500,true,1,254793
7290000042015,false,חלב שקית 3% תנובה 1,תנובה מרכז שיתופי לש,IL,חלב שקית 3% תנובה 1,קילוגרמים,1.00,ליטר,false,,5.30,5.3000,true,1,247111
7290000042367,false,חלב בבקבוק 3% תנובה,תנובה מרכז שיתופי לש,IL,חלב בבקבוק 3% תנובה,קילוגרמים,1.00,ליטר,false,,5.90,5.9000,true,1,299354
7290000042671,false,חלב עמיד 3% תנובה 1,תנובה מרכז שיתופי לש,IL,חלב עמיד 3% תנובה 1,קילוגרמים,1.00,ליטר,false,,6.90,6.9000,true,1,247154
7290000042855,false,שוקו שקית יטבתה 225,יטבתה,IL,שוקו שקית יטבתה 225,מיליליטרים,225.00,"100 מ""ל",false,,2.50,1.1111,true,1,253883
7290000043012,false,שוקו עמיד תנובה 250,תנובה מרכז שיתופי לש,IL,שוקו עמיד תנובה 250,מיליליטרים,250.00,"100 מ""ל",false,,4.40,1.7600,true,1,247158
7290000043814,false,שמנת להקצפה 38% השף,תנובה מרכז שיתופי לש,IL,שמנת להקצפה 38% השף,מיליליטרים,250.00,"100 מ""ל",false,,6.40,2.5600,true,1,247173
7290000043890,false,רויון 1.5% תנובה 1 ל,תנובה מרכז שיתופי לש,IL,רויון 1.5% תנובה 1 ל,קילוגרמים,1.00,ליטר,false,,9.90,9.9000,true,1,247174
7290000044712,false,פרילי תות 500 גרם,תנובה מרכז שיתופי לש,IL,פרילי תות 500 גרם,מיליליטרים,500.00,"100 מ""ל",false,,9.70,1.9400,true,1,247202
7290000044880,false,"באדי תות 500 מ""ל",תנובה מרכז שיתופי לש,IL,"באדי תות 500 מ""ל",מיליליטרים,500.00,"100 מ""ל",false,,7.90,1.5800,true,1,247203
7290000047546,false,גבינת כנען 5% 500 גר,תנובה מרכז שיתופי לש,IL,גבינת כנען 5% 500 גר,גרמים,500.00,100 גרם,false,,21.90,4.3800,true,1,247312
7290000047621,false,גבינה 5% תנובה 250 ג,תנובה מרכז שיתופי לש,IL,גבינה 5% תנובה 250 ג,גרמים,250.00,100 גרם,false,,4.90,1.9600,true,1,247314
7290000047942,false,גבינה 9% תנובה 250 ג,תנובה מרכז שיתופי לש,IL,גבינה 9% תנובה 250 ג,גרמים,250.00,100 גרם,false,,4.90,1.9600,true,1,247318
7290000048185,false,גבינה 5% תנובה 250 ג,תנובה מרכז שיתופי לש,IL,גבינה 5% תנובה 250 ג,גרמים,250.00,100 גרם,false,,4.90,1.9600,true,1,247320
7290000048413,false,גבינת חמד 16% פיראוס,תנובה מרכז שיתופי לש,IL,גבינת חמד 16% פיראוס,גרמים,250.00,100 גרם,false,,16.90,6.7600,true,1,247322
7290000048437,false,גבינה צפתית 5% פיראו,תנובה מרכז שיתופי לש,IL,גבינה צפתית 5% פיראו,גרמים,200.00,100 גרם,false,,13.90,6.9500,true,1,247328
7290000048451,false,גבינת חרמון 16% פירא,תנובה מרכז שיתופי לש,IL,גבינת חרמון 16% פירא,גרמים,250.00,100 גרם,false,,16.90,6.7600,true,1,247330
7290000050447,false,יופלה תות 3% 500 גרם,תנובה מרכז שיתופי לש,IL,יופלה תות 3% 500 גרם,מיליליטרים,500.00,"100 מ""ל",false,,12.60,2.5200,true,1,249808
7290000050454,false,יופלה אפרסק 3% 500 ג,תנובה מרכז שיתופי לש,IL,יופלה אפרסק 3% 500 ג,מיליליטרים,500.00,"100 מ""ל",false,,12.60,2.5200,true,1,249802
7290000050966,false,גבינה 5% תנובה 850 ג,תנובה מרכז שיתופי לש,IL,גבינה 5% תנובה 850 ג,גרמים,850.00,100 גרם,false,,14.90,1.7529,true,1,250844
7290000051307,false,מארז הפסקת אוכל דגני,תנובה מרכז שיתופי לש,IL,מארז הפסקת אוכל דגני,מיליליטרים,150.00,"100 מ""ל",false,,8.90,5.9333,true,1,263113
7290000051376,false,יופלה דיאט 0% אננס 1,תנובה מרכז שיתופי לש,IL,יופלה דיאט 0% אננס 1,גרמים,150.00,100 גרם,false,,4.70,3.1333,true,1,307771
7290000052311,false,גבינה עמק מופחת שומן,תנובה מרכז שיתופי לש,IL,גבינה עמק מופחת שומן,גרמים,200.00,100 גרם,false,,14.90,7.4500,true,1,253974
7290000052649,false,לאבנה על בסיס יוגורט,תנובה מרכז שיתופי לש,IL,לאבנה על בסיס יוגורט,גרמים,500.00,100 גרם,false,,17.80,3.5600,true,1,252356
7290000052946,false,מארז יופלה וניל במתי,תנובה מרכז שיתופי לש,IL,מארז יופלה וניל במתי,גרמים,800.00,100 גרם,false,,19.90,2.4875,true,1,252636
7290000053981,false,מארז יופלה מחית תות/,תנובה מרכז שיתופי לש,IL,מארז יופלה מחית תות/,קילוגרמים,1.20,ליטר,false,,23.90,19.9167,true,1,253021
7290000055015,false,גבינת פטה כבשים 5% פ,תנובה מרכז שיתופי לש,IL,גבינת פטה כבשים 5% פ,גרמים,250.00,100 גרם,false,,24.90,9.9600,true,1,254513
7290000055329,false,משקה יוגורט יופלה תו,תנובה מרכז שיתופי לש,IL,משקה יוגורט יופלה תו,גרמים,250.00,100 גרם,false,,4.90,1.9600,true,1,263259
7290000055336,false,משקה יוגורט יופלה בנ,תנובה מרכז שיתופי לש,IL,משקה יוגורט יופלה בנ,גרמים,250.00,100 גרם,false,,4.90,1.9600,true,1,263260
7290000055343,false,משקה יוגורט יופלה טר,תנובה מרכז שיתופי לש,IL,משקה יוגורט יופלה טר,גרמים,250.00,100 גרם,false,,4.90,1.9600,true,1,263261
7290000055756,false,מארז גבינה 5% תנובה,תנובה מרכז שיתופי לש,IL,מארז גבינה 5% תנובה,פריט,1.70,"ק""ג",false,,28.90,17.0000,true,1,254514
7290000055893,false,חמאה תנובה 200 גרם,תנובה מרכז שיתופי לש,IL,חמאה תנובה 200 גרם,גרמים,200.00,100 גרם,false,,6.90,3.4500,true,1,255845
7290000056081,false,מארז פרילי טבע גרנול,תנובה מרכז שיתופי לש,IL,מארז פרילי טבע גרנול,פריט,1.20,"ק""ג",false,,19.90,16.5833,true,1,260437
7290000056272,false,גבינה 5% עם זיתים תנ,תנובה מרכז שיתופי לש,IL,גבינה 5% עם זיתים תנ,גרמים,250.00,100 גרם,false,,5.30,2.1200,true,1,257197
7290000056760,false,גבינה עמק 28% 400 גר,תנובה מרכז שיתופי לש,IL,גבינה עמק 28% 400 גר,גרמים,400.00,100 גרם,false,,26.90,6.7250,true,1,259561
7290000056883,false,מארז יופלה פרי 8*150,תנובה מרכז שיתופי לש,IL,מארז יופלה פרי 8*150,פריט,1.20,"ק""ג",false,,27.90,23.2500,true,1,272672
7290000056890,false,מארז יופלה פרי דיאט,תנובה מרכז שיתופי לש,IL,מארז יופלה פרי דיאט,קילוגרמים,1.20,ליטר,false,,27.90,23.2500,true,1,256370
7290000056951,false,שמנת לבישול 15% השף,תנובה מרכז שיתופי לש,IL,שמנת לבישול 15% השף,מיליליטרים,500.00,"100 מ""ל",false,,15.90,3.1800,true,1,257590
7290000057088,false,גבינה עמק דק דק 28%,תנובה מרכז שיתופי לש,IL,גבינה עמק דק דק 28%,גרמים,200.00,100 גרם,false,,13.90,6.9500,true,1,265267
7290000057477,false,חלב 3% תנובה 1.5 ליט,תנובה מרכז שיתופי לש,IL,חלב 3% תנובה 1.5 ליט,קילוגרמים,1.50,ליטר,false,,9.30,6.2000,true,1,257880
7290000057934,false,משקה שוקו תנובה 1 לי,תנובה מרכז שיתופי לש,IL,משקה שוקו תנובה 1 לי,קילוגרמים,1.00,ליטר,false,,11.90,11.9000,true,1,258327
7290000058047,false,שמנת להקצפה 38% השף,תנובה מרכז שיתופי לש,IL,שמנת להקצפה 38% השף,גרמים,500.00,100 גרם,false,,11.90,2.3800,true,1,258583
7290000058979,false,גיל בטעם תות תנובה 1,תנובה מרכז שיתופי לש,IL,גיל בטעם תות תנובה 1,גרמים,125.00,100 גרם,false,,1.20,0.9600,true,1,260262
7290000060088,false,בייגלה מקלות מלח אסם,אסם,IL,בייגלה מקלות מלח אסם,גרמים,400.00,100 גרם,false,,7.90,1.9750,true,1,253931
7290000060200,false,פתיתים קוסקוס אסם 50,אסם,IL,פתיתים קוסקוס אסם 50,גרמים,500.00,100 גרם,false,,4.90,0.9800,true,1,247750
7290000060217,false,מקרוני 7 אסם 500 גרם,זארה,IL,מקרוני 7 אסם 500 גרם,גרמים,500.00,100 גרם,false,,4.90,0.9800,true,1,247751
7290000060408,false,פתיתים טבעות אסם 500,אסם,IL,פתיתים טבעות אסם 500,גרמים,500.00,100 גרם,false,,4.90,0.9800,true,1,247758
7290000060415,false,לזניה פרפקטו 500 גרם,פסטה לנסי,IL,לזניה פרפקטו 500 גרם,גרמים,500.00,100 גרם,false,,9.90,1.9800,true,1,247759
7290000060781,false,פסטה מסולסלת אסם 500,זארה,IL,פסטה מסולסלת אסם 500,גרמים,500.00,100 גרם,false,,4.90,0.9800,true,1,247766
7290000060828,false,פסטה קרניים אסם 500,זארה,IL,פסטה קרניים אסם 500,גרמים,500.00,100 גרם,false,,4.90,0.9800,true,1,247767
7290000060842,false,פסטה צדפים גדולים אס,זארה,IL,פסטה צדפים גדולים אס,גרמים,500.00,100 גרם,false,,4.90,0.9800,true,1,247768
7290000060880,false,ספגטי אסם 500 גרם,זארה,IL,ספגטי אסם 500 גרם,גרמים,500.00,100 גרם,false,,4.90,0.9800,true,1,247770
7290000060958,false,אטריות בינוניות אסם,אסם,IL,אטריות בינוניות אסם,גרמים,400.00,100 גרם,false,,4.90,1.2250,true,1,247772
7290000060965,false,אטריות רחבות אסם 400,אסם,IL,אטריות רחבות אסם 400,גרמים,400.00,100 גרם,false,,4.90,1.2250,true,1,247773
7290000060972,false,אטריות דקיקות אסם 40,זארה,IL,אטריות דקיקות אסם 40,גרמים,400.00,100 גרם,false,,4.90,1.2250,true,1,247774
7290000061061,false,קרקר בצל אסם 250 גרם,אסם,IL,קרקר בצל אסם 250 גרם,גרמים,250.00,100 גרם,false,,8.90,3.5600,true,1,247776
7290000061108,false,רוטב טריאקי אסם 360,אסם,IL,רוטב טריאקי אסם 360,גרמים,360.00,100 גרם,false,,8.90,2.4722,true,1,247778
7290000061245,false,עוגיות שוקולד ציפס מ,אסם,IL,עוגיות שוקולד ציפס מ,גרמים,220.00,100 גרם,false,,9.90,4.5000,true,1,247779
7290000062129,false,פודינג אינסטנט וניל,אסם,IL,פודינג אינסטנט וניל,פריט,1.00,"ק""ג",false,,19.90,19.9000,true,1,247785
7290000063140,false,שקדי מרק אסם 400 גרם,אסם,IL,שקדי מרק אסם 400 גרם,גרמים,400.00,100 גרם,false,,9.90,2.4750,true,1,247815
7290000063157,false,"קמח תופח אסם 1 ק""ג",אסם,IL,"קמח תופח אסם 1 ק""ג",פריט,1.00,"ק""ג",false,,7.90,7.9000,true,1,247816
7290000064871,false,מנה חמה פירה בצל אסם,אסם,IL,מנה חמה פירה בצל אסם,גרמים,56.00,100 גרם,false,,4.90,8.7500,true,1,247838
7290000065335,false,מנה חמה פירה עם ירקו,אסם,IL,מנה חמה פירה עם ירקו,גרמים,55.00,100 גרם,false,,4.90,8.9091,true,1,247871
7290000065540,false,מנה חמה פסטה מוקרמת,אסם,IL,מנה חמה פסטה מוקרמת,גרמים,55.00,100 גרם,false,,4.90,8.9091,true,1,289331
7290000065557,false,מנה חמה קוסקוס וירקו,אסם,IL,מנה חמה קוסקוס וירקו,גרמים,84.00,100 גרם,false,,4.90,5.8333,true,1,289332
7290000066141,false,ביסלי גריל 70 גרם,אסם,IL,ביסלי גריל 70 גרם,גרמים,70.00,100 גרם,false,,3.90,5.5714,true,1,247880
7290000066196,false,ביסלי גריל 200 גרם,אסם,IL,ביסלי גריל 200 גרם,גרמים,200.00,100 גרם,false,,6.50,3.2500,true,1,247885
7290000066264,false,דובונים 40 גרם,אסם,IL,דובונים 40 גרם,גרמים,40.00,100 גרם,false,,3.90,9.7500,true,1,247889
7290000066318,false,במבה 80 גרם,גבעול,IL,במבה 80 גרם,גרמים,80.00,100 גרם,false,,3.90,4.8750,true,1,247891
7290000066332,false,אפרופו 50 גרם,אסם,IL,אפרופו 50 גרם,גרמים,50.00,100 גרם,false,,4.50,9.0000,true,1,247892
7290000066431,false,פופקו 80 גרם,גבעול,IL,פופקו 80 גרם,גרמים,80.00,100 גרם,false,,4.50,5.6250,true,1,247893
7290000067599,false,מנה חמה ספגטי בולונז,אסם,IL,מנה חמה ספגטי בולונז,גרמים,65.00,100 גרם,false,,4.90,7.5385,true,1,247941
7290000068138,false,פודינג אינסטנט וניל,אסם,IL,פודינג אינסטנט וניל,גרמים,80.00,100 גרם,false,,4.90,6.1250,true,1,247984
7290000068190,false,גלי בטעם תות אסם 85,אסם,IL,גלי בטעם תות אסם 85,גרמים,85.00,100 גרם,false,,5.90,6.9412,true,1,247986
7290000068206,false,גלי בטעם משמש אסם 80,אסם,IL,גלי בטעם משמש אסם 80,גרמים,85.00,100 גרם,false,,5.90,6.9412,true,1,247987
7290000068343,false,פריכונים מאורז מלא א,פרח תעשיות,IL,פריכונים מאורז מלא א,גרמים,140.00,100 גרם,false,,6.90,4.9286,true,1,254684
7290000068770,false,במבה יום הולדת 80 גר,גבעול,IL,במבה יום הולדת 80 גר,גרמים,80.00,100 גרם,false,,3.90,4.8750,true,1,247999
7290000070308,false,מרק עוף אמיתי אסם 40,אסם,IL,מרק עוף אמיתי אסם 40,גרמים,400.00,100 גרם,false,,14.90,3.7250,true,1,248027
7290000070322,false,מרק פטריות ר.טבעיים,אסם,IL,מרק פטריות ר.טבעיים,גרמים,400.00,100 גרם,false,,21.90,5.4750,true,1,248029
7290000070353,false,מרק בצל ר.טבעיים אסם,אסם,IL,מרק בצל ר.טבעיים אסם,גרמים,400.00,100 גרם,false,,21.90,5.4750,true,1,248030
7290000072067,false,במבה חלוה 60 גרם,אסם,IL,במבה חלוה 60 גרם,גרמים,60.00,100 גרם,false,,4.50,7.5000,true,1,251957
7290000072241,false,רוטב לפיצה אסם 320 מ,אסם,IL,רוטב לפיצה אסם 320 מ,מיליליטרים,320.00,"100 מ""ל",false,,8.90,2.7813,true,1,248043
7290000072623,false,קטשופ לחיץ אסם 750 ג,אסם,IL,קטשופ לחיץ אסם 750 ג,גרמים,750.00,100 גרם,false,,8.90,1.1867,true,1,248045
7290000072630,false,קטשופ חריף אסם 750 ג,אסם,IL,קטשופ חריף אסם 750 ג,גרמים,750.00,100 גרם,false,,10.90,1.4533,true,1,248046
7290000072753,false,קפה נמס טסטרס צויס 2,גלידות נסטלה,IL,קפה נמס טסטרס צויס 2,גרמים,200.00,100 גרם,false,,29.90,14.9500,true,1,248049
7290000072777,false,קפה נמס טסטרס צויס נ,נסטלה קוריאה קפה,IL,קפה נמס טסטרס צויס נ,גרמים,200.00,100 גרם,false,,35.90,17.9500,true,1,248050
7290000073415,false,מנה חמה פסטה רוטב פי,אסם,IL,מנה חמה פסטה רוטב פי,גרמים,61.00,100 גרם,false,,4.90,8.0328,true,1,248629
7290000073750,false,מנה חמה נודלס בטעם ע,טאי רזידנט,CN,מנה חמה נודלס בטעם ע,גרמים,70.00,100 גרם,false,,4.90,7.0000,true,1,253266
7290000073767,false,מנה חמה נודלס בטעם ב,טאי רזידנט,CN,מנה חמה נודלס בטעם ב,גרמים,71.00,100 גרם,false,,4.90,6.9014,true,1,248630
7290000073774,false,מנה חמה נודלס פיקנטי,טאי רזידנט,CN,מנה חמה נודלס פיקנטי,גרמים,70.00,100 גרם,false,,4.90,7.0000,true,1,253267
7290000074184,false,פתיבר אסם 500 גרם,אסם,IL,פתיבר אסם 500 גרם,גרמים,500.00,100 גרם,false,,8.90,1.7800,true,1,251732
7290000074245,false,קרם קרקר 250 גרם,אסם,IL,קרם קרקר 250 גרם,גרמים,250.00,100 גרם,false,,7.80,3.1200,true,1,248633
7290000074276,false,קרקר פיקנטי אסם 250,אסם,IL,קרקר פיקנטי אסם 250,גרמים,250.00,100 גרם,false,,8.90,3.5600,true,1,248635
7290000074375,false,קרקר זהב 150 גרם,אסם,IL,קרקר זהב 150 גרם,גרמים,150.00,100 גרם,false,,6.50,4.3333,true,1,248637
7290000074481,false,לחמית אגוזים 160 גרם,אסם,IL,לחמית אגוזים 160 גרם,גרמים,160.00,100 גרם,false,,8.90,5.5625,true,1,256702
7290000074696,false,"קרם קרקר 1 ק""ג",אסם,IL,"קרם קרקר 1 ק""ג",פריט,1.00,"ק""ג",false,,19.90,19.9000,true,1,248638
7290000074764,false,קרקר זהב 900 גרם,אסם,IL,קרקר זהב 900 גרם,גרמים,900.00,100 גרם,false,,19.90,2.2111,true,1,248642
7290000075204,false,לחמית חיטה מלאה 250,אסם,IL,לחמית חיטה מלאה 250,גרמים,250.00,100 גרם,false,,7.90,3.1600,true,1,248646
7290000075693,false,עוגת שמרים בריוש שוק,אסם,IL,עוגת שמרים בריוש שוק,גרמים,360.00,100 גרם,false,,14.90,4.1389,true,1,255642
7290000076133,false,בייגלה שמיניות מלח א,אסם,IL,בייגלה שמיניות מלח א,גרמים,400.00,100 גרם,false,,7.90,1.9750,true,1,248650
7290000077017,false,עוגיות ממולאות שוקול,אסם,IL,עוגיות ממולאות שוקול,גרמים,200.00,100 גרם,false,,9.90,4.9500,true,1,248661
7290000077253,false,לחמית כפרית 190 גרם,אסם,IL,לחמית כפרית 190 גרם,גרמים,190.00,100 גרם,false,,8.90,4.6842,true,1,252903
7290000077925,false,צנימים חיטה מלאה טוס,ון דר מולן,NL,צנימים חיטה מלאה טוס,גרמים,125.00,100 גרם,false,,7.90,6.3200,true,1,254338
7290000078762,false,פריכונים אורז מלא וד,הרטו בלגיה,BE,פריכונים אורז מלא וד,גרמים,80.00,100 גרם,false,,6.90,8.6250,true,1,248672
7290000100593,false,פרוסות אנטיפסטי לתנו,סנפרוסט בעמ,IL,פרוסות אנטיפסטי לתנו,גרמים,600.00,100 גרם,false,,15.90,2.6500,true,1,310863
7290000100609,false,קוביות אנטיפסטי להקפ,סנפרוסט בעמ,IL,קוביות אנטיפסטי להקפ,גרמים,600.00,100 גרם,false,,19.90,3.3167,true,1,310788
7290000103525,false,גזר גמדי סנפרוסט 700,סנפרוסט בעמ,IL,גזר גמדי סנפרוסט 700,גרמים,700.00,100 גרם,false,,12.90,1.8429,true,1,268097
7290000103532,false,גרעיני תירס סנפרוסט,סנפרוסט בעמ,IL,גרעיני תירס סנפרוסט,גרמים,700.00,100 גרם,false,,12.90,1.8429,true,1,268098
7290000104218,false,במיה סנפרוסט 600 גרם,סנפרוסט בעמ,IL,במיה סנפרוסט 600 גרם,גרמים,600.00,100 גרם,false,,14.90,2.4833,true,1,245668
7290000104713,false,פול ירוק סנפרוסט 800,סנפרוסט בעמ,IL,פול ירוק סנפרוסט 800,גרמים,800.00,100 גרם,false,,16.90,2.1125,true,1,245676
7290000104768,false,עלי תרד סנפרוסט 800,סנפרוסט בעמ,IL,עלי תרד סנפרוסט 800,גרמים,800.00,100 גרם,false,,17.90,2.2375,true,1,272248
7290000104775,false,מדליוני תרד סנפרוסט,סנפרוסט בעמ,IL,מדליוני תרד סנפרוסט,גרמים,800.00,100 גרם,false,,17.90,2.2375,true,1,272249
7290000104799,false,שעועית לבנה סנפרוסט,סנפרוסט בעמ,IL,שעועית לבנה סנפרוסט,גרמים,800.00,100 גרם,false,,18.90,2.3625,true,1,245679
7290000107189,false,תחתיות ארטישוק סנפרו,סנפרוסט בעמ,IL,תחתיות ארטישוק סנפרו,גרמים,400.00,100 גרם,false,,19.90,4.9750,true,1,245686
7290000111353,false,"מיונז תלמה 1 ק""ג",יוניליוור,IL,"מיונז תלמה 1 ק""ג",פריט,1.00,"ק""ג",false,,15.90,15.9000,true,1,245698
7290000112237,false,"טחינה בארכה 1 ק""ג",רושדי תעשיות מזון,IL,"טחינה בארכה 1 ק""ג",פריט,1.00,"ק""ג",false,,19.90,19.9000,true,1,265698
7290000121079,false,גבינה מותכת שום שמיר,גהשאן,IL,גבינה מותכת שום שמיר,גרמים,120.00,100 גרם,false,,8.90,7.4167,true,1,245762
7290000121093,false,גבינה מותכת שוויצרי,גהשאן,IL,גבינה מותכת שוויצרי,גרמים,120.00,100 גרם,false,,8.90,7.4167,true,1,245763
7290000121109,false,גבינה מותכת זיתים 7%,גהשאן,IL,גבינה מותכת זיתים 7%,גרמים,120.00,100 גרם,false,,8.90,7.4167,true,1,245764
7290000133645,false,משחת אורביטול הלבנה,טרופיקל דגיל,IL,משחת אורביטול הלבנה,גרמים,435.00,100 גרם,false,,16.50,3.7931,true,1,245814
7290000135045,false,משקה אנרגיה אקסל תן,טמפו,IL,משקה אנרגיה אקסל תן,מיליליטרים,250.00,"100 מ""ל",false,,3.90,1.5600,true,1,306963
7290000135052,false,משקה אנרגיה אקסל תן,טמפו,IL,משקה אנרגיה אקסל תן,מיליליטרים,250.00,"100 מ""ל",false,,3.90,1.5600,true,1,306964
7290000135113,false,משקה אנרגיה אקסל נענ,טמפו,IL,משקה אנרגיה אקסל נענ,מיליליטרים,250.00,"100 מ""ל",false,,3.90,1.5600,true,1,309974
7290000135465,false,מארז סודה טמפו 12*50,טמפו,IL,מארז סודה טמפו 12*50,קילוגרמים,6.00,ליטר,false,,24.90,4.1500,true,1,317236
7290000135625,false,מארז בירה גולדסטאר 4,טמפו,IL,מארז בירה גולדסטאר 4,קילוגרמים,2.00,ליטר,false,,27.90,13.9500,true,1,318716
7290000135632,false,מארז בירה גולדסטאר 4,טמפו,IL,מארז בירה גולדסטאר 4,קילוגרמים,2.00,ליטר,false,,28.90,14.4500,true,1,318717
7290000136141,false,פפסי קולה 1.5 ליטר,טמפו,IL,פפסי קולה 1.5 ליטר,קילוגרמים,1.50,ליטר,false,,6.90,4.6000,true,1,320001
7290000136158,false,פפסי מקס 1.5 ליטר,טמפו,IL,פפסי מקס 1.5 ליטר,קילוגרמים,1.50,ליטר,false,,6.90,4.6000,true,1,320002
7290000136165,false,מירינדה 1.5 ליטר,טמפו,IL,מירינדה 1.5 ליטר,קילוגרמים,1.50,ליטר,false,,6.90,4.6000,true,1,319996
7290000136172,false,סבן אפ 1.5 ליטר,טמפו,IL,סבן אפ 1.5 ליטר,קילוגרמים,1.50,ליטר,false,,6.90,4.6000,true,1,320003
7290000136189,false,סבן אפ דיאט 1.5 ליטר,טמפו,IL,סבן אפ דיאט 1.5 ליטר,קילוגרמים,1.50,ליטר,false,,6.90,4.6000,true,1,319997
7290000136240,false,סודה טמפו 1.5 ליטר,טמפו,IL,סודה טמפו 1.5 ליטר,קילוגרמים,1.50,ליטר,false,,2.90,1.9333,true,1,319995
7290000136455,false,גאמפ אשכוליות 1.5 לי,טמפו,IL,גאמפ אשכוליות 1.5 לי,קילוגרמים,1.50,ליטר,false,,6.90,4.6000,true,1,319966
7290000136486,false,גאמפ אשכוליות דיאט 1,טמפו,IL,גאמפ אשכוליות דיאט 1,קילוגרמים,1.50,ליטר,false,,6.90,4.6000,true,1,319967
7290000136516,false,גאמפ מנגו פסיפלורה 1,טמפו,IL,גאמפ מנגו פסיפלורה 1,קילוגרמים,1.50,ליטר,false,,6.90,4.6000,true,1,319963
7290000136523,false,גאמפ ענבים 1.5 ליטר,טמפו,IL,גאמפ ענבים 1.5 ליטר,קילוגרמים,1.50,ליטר,false,,6.90,4.6000,true,1,319968
7290000136561,false,גאמפ תות בננה 1.5 לי,טמפו,IL,גאמפ תות בננה 1.5 לי,קילוגרמים,1.50,ליטר,false,,6.90,4.6000,true,1,319969
7290000136585,false,גאמפ תפוז 1.5 ליטר,טמפו,IL,גאמפ תפוז 1.5 ליטר,קילוגרמים,1.50,ליטר,false,,6.90,4.6000,true,1,319964
7290000136608,false,גאמפ תפוח 1.5 ליטר,טמפו,IL,גאמפ תפוח 1.5 ליטר,קילוגרמים,1.50,ליטר,false,,6.90,4.6000,true,1,319991
7290000136646,false,בירה נשר מאלט 1.5 לי,טמפו,IL,בירה נשר מאלט 1.5 לי,קילוגרמים,1.50,ליטר,false,,8.80,5.8667,true,1,319960
7290000136653,false,בירה נשר מאלט דיאט 1,טמפו,IL,בירה נשר מאלט דיאט 1,קילוגרמים,1.50,ליטר,false,,8.80,5.8667,true,1,319961
7290000136691,false,מארז סבן אפ 6 *1.5 ל,טמפו,IL,מארז סבן אפ 6 *1.5 ל,קילוגרמים,9.00,ליטר,false,,36.90,4.1000,true,1,319998
7290000136752,false,מארז סבן אפ דיאט 6*,טמפו,IL,מארז סבן אפ דיאט 6*,קילוגרמים,9.00,ליטר,false,,33.90,3.7667,true,1,319999
7290000136769,false,מארז פפסי קולה 6*1.5,טמפו,IL,מארז פפסי קולה 6*1.5,קילוגרמים,9.00,ליטר,false,,35.90,3.9889,true,1,320004
7290000136776,false,מארז פפסי מקס 6*1.5,טמפו,IL,מארז פפסי מקס 6*1.5,קילוגרמים,9.00,ליטר,false,,35.90,3.9889,true,1,320005
7290000136783,false,מארז מירינדה 6*1.5 ל,טמפו,IL,מארז מירינדה 6*1.5 ל,קילוגרמים,9.00,ליטר,false,,36.90,4.1000,true,1,320000
7290000136790,false,מארז סודה טמפו 6*1.5,טמפו,IL,מארז סודה טמפו 6*1.5,קילוגרמים,9.00,ליטר,false,,15.90,1.7667,true,1,319993
7290000136813,false,מארז סודה אננס טמפו,טמפו,IL,מארז סודה אננס טמפו,קילוגרמים,6.00,ליטר,false,,10.90,1.8167,true,1,320729
7290000136820,false,מארז סודה פירות יער,טמפו,IL,מארז סודה פירות יער,קילוגרמים,6.00,ליטר,false,,10.90,1.8167,true,1,320730
7290000136837,false,מארז סודה אפרסק טמפו,טמפו,IL,מארז סודה אפרסק טמפו,קילוגרמים,6.00,ליטר,false,,10.90,1.8167,true,1,320728
7290000136844,false,מים אקווה נובה 6*2 ל,טמפו,IL,מים אקווה נובה 6*2 ל,קילוגרמים,12.00,ליטר,false,,10.70,0.8917,true,1,319962
7290000137513,false,חטיפי גלידה קרמיסימו,גלידות שטראוס,IL,חטיפי גלידה קרמיסימו,גרמים,630.00,100 גרם,false,,38.90,6.1746,true,1,245831
7290000143293,false,מרכך הוואי לילדים 70,הנקל סוד,IL,מרכך הוואי לילדים 70,מיליליטרים,700.00,"100 מ""ל",false,,5.90,0.8429,true,1,245844
7290000144467,false,שמן חמניות בריאות עץ,שמן תעשיות,IL,שמן חמניות בריאות עץ,קילוגרמים,1.00,ליטר,false,,13.90,13.9000,true,1,245846
7290000144474,false,שמן קנולה בריאות עץ,שמן תעשיות,IL,שמן קנולה בריאות עץ,קילוגרמים,1.00,ליטר,false,,12.90,12.9000,true,1,245847
7290000149615,false,סבון מוצק נקה 7 לתינ,גליל כימיקלים בעמ,IL,סבון מוצק נקה 7 לתינ,גרמים,400.00,100 גרם,false,,8.90,2.2250,true,1,245861
7290000149851,false,סינטבון כפול לנקיון,סנו,IL,סינטבון כפול לנקיון,גרמים,460.00,100 גרם,false,,8.90,1.9348,true,1,245862
7290000149905,false,טקסטיל שמפו נוזלי 1,סנו,IL,טקסטיל שמפו נוזלי 1,קילוגרמים,1.00,ליטר,false,,12.90,12.9000,true,1,245864
7290000151885,false,נקניק הודו עוף טוב 7,עוף טוב,IL,נקניק הודו עוף טוב 7,גרמים,700.00,100 גרם,false,,14.90,2.1286,true,1,252626
7290000152288,false,נקניקיות עוף טוב 400,עוף טוב,IL,נקניקיות עוף טוב 400,גרמים,400.00,100 גרם,false,,11.90,2.9750,true,1,270143
7290000152943,false,מארז פסטרמה/סלמי כפר,אסם,IL,מארז פסטרמה/סלמי כפר,גרמים,700.00,100 גרם,false,,18.90,2.7000,true,1,305648
7290000158105,false,שניצל עוף דינוזאור ע,עוף טוב,IL,שניצל עוף דינוזאור ע,גרמים,700.00,100 גרם,false,,29.90,4.2714,true,1,259420
7290000174723,false,שוקולית 500 גרם,שטראוס גרופ,IL,שוקולית 500 גרם,גרמים,500.00,100 גרם,false,,11.90,2.3800,true,1,272924
7290000176079,false,קפה טורקי הל עלית 10,שטראוס קפה בי.וי,IL,קפה טורקי הל עלית 10,גרמים,100.00,100 גרם,false,,8.90,8.9000,true,1,320679
7290000176420,false,קפה נמס 200 גרם,שטראוס,PL,קפה נמס 200 גרם,גרמים,200.00,100 גרם,false,,18.90,9.4500,true,1,245928
7290000176475,false,קפה נמס האג נטול קפא,שטראוס,IL,קפה נמס האג נטול קפא,גרמים,200.00,100 גרם,false,,33.90,16.9500,true,1,245929
7290000178707,false,תפוציפס טבעי 50 גרם,,,תפוציפס טבעי 50 גרם,גרמים,50.00,100 גרם,false,,3.50,7.0000,true,1,272935
7290000178721,false,תפוציפס מלוח 200 גרם,שטראוס,IL,תפוציפס מלוח 200 גרם,גרמים,200.00,100 גרם,false,,8.90,4.4500,true,1,245934
7290000186337,false,מטליות לחות לניקוי כ,עלבד משואות יצחק,IL,מטליות לחות לניקוי כ,Unknown,0.00,יחידה,false,,21.90,0.0000,true,1,288193
7290000186535,false,נייר טואלט לילי טריפ,קימברלי קלארק,IL,נייר טואלט לילי טריפ,מטרים,537.00,מטר,false,,37.90,0.0706,true,1,314111
7290000187921,false,נייר טואלט לבן לילי,קימברלי קלארק,IL,נייר טואלט לבן לילי,מטרים,588.00,מטר,false,,37.90,0.0645,true,1,250201
7290000187938,false,נייר טואלט פסטל לילי,קימברלי קלארק,IL,נייר טואלט פסטל לילי,מטרים,588.00,מטר,false,,38.90,0.0662,true,1,250200
7290000187952,false,נייר טואלט לילי טריפ,קימברלי קלארק,IL,נייר טואלט לילי טריפ,מטרים,537.00,מטר,false,,37.90,0.0706,true,1,314112
7290000188386,false,מגבות נייר ניקול 12,חוגלה קימברלי,IL,מגבות נייר ניקול 12,מטרים,129.00,מטר,false,,19.90,0.1543,true,1,269563
7290000188553,false,מגן תחתון קוטקס נורמ,חוגלה קימברלי,CN,מגן תחתון קוטקס נורמ,Unknown,0.00,יחידה,false,,15.90,0.0000,true,1,269581
7290000188591,false,מגן תחתון קוטקס יאנג,חוגלה קימברלי,CN,מגן תחתון קוטקס יאנג,Unknown,0.00,יחידה,false,,15.90,0.0000,true,1,269582
7290000189680,false,מטליות לחות לרצפה ני,חוגלה קימברלי,,מטליות לחות לרצפה ני,Unknown,0.00,יחידה,false,,19.90,0.0000,true,1,288192
7290000191225,false,חיתולי האגיס 44 יח ש,חוגלה קימברלי,IL,חיתולי האגיס 44 יח ש,Unknown,0.00,יחידה,false,,28.90,0.0000,true,1,287971
7290000191539,false,טישו צבעוני לילי 5*9,חוגלה קימברלי,IL,טישו צבעוני לילי 5*9,גרמים,593.00,100 גרם,false,,11.90,2.0067,true,1,269537
7290000191645,false,חיתולי האגיס 36 יח נ,חוגלה קימברלי,IL,חיתולי האגיס 36 יח נ,Unknown,0.00,יחידה,false,,28.90,0.0000,true,1,267229
7290000193014,false,מגן תחתון לילי אינטר,חוגלה קימברלי,IL,מגן תחתון לילי אינטר,Unknown,0.00,יחידה,false,,9.90,0.0000,true,1,269538
7290000193083,false,תחבושות לילי נובה לי,חוגלה קימברלי,IL,תחבושות לילי נובה לי,Unknown,0.00,יחידה,false,,8.90,0.0000,true,1,269539
7290000193472,false,מגן תחתון לילי נטורל,חוגלה קימברלי,IL,מגן תחתון לילי נטורל,Unknown,0.00,יחידה,false,,11.90,0.0000,true,1,269543
7290000193540,false,מגן תחתון לילי נטורל,חוגלה קימברלי,IL,מגן תחתון לילי נטורל,Unknown,0.00,יחידה,false,,11.90,0.0000,true,1,269544
7290000194172,false,חטיפים מעורב 250 גרם,ממתקי השלום,IL,חטיפים מעורב 250 גרם,גרמים,300.00,100 גרם,false,,12.90,4.3000,true,1,252942
7290000195537,false,מגבונים האגיס ללא בי,חוגלה קימברלי,IL,מגבונים האגיס ללא בי,Unknown,0.00,יחידה,false,,18.90,0.0000,true,1,269549
7290000195773,false,מגבונים האגיס ללא בי,חוגלה קימברלי,IL,מגבונים האגיס ללא בי,Unknown,0.00,יחידה,false,,18.90,0.0000,true,1,319422
7290000197425,false,חיתולי האגיס פרידום,חוגלה קימברלי,IL,חיתולי האגיס פרידום,Unknown,0.00,יחידה,false,,39.90,0.0000,true,1,314906
7290000197456,false,חיתולי האגיס פרידום,חוגלה קימברלי,IL,חיתולי האגיס פרידום,Unknown,0.00,יחידה,false,,39.90,0.0000,true,1,314907
7290000197463,false,חיתולי האגיס פרידום,חוגלה קימברלי,IL,חיתולי האגיס פרידום,Unknown,0.00,יחידה,false,,39.90,0.0000,true,1,314908
7290000197548,false,חיתולי האגיס פרידום,חוגלה קימברלי,IL,חיתולי האגיס פרידום,Unknown,0.00,יחידה,false,,39.90,0.0000,true,1,314909
7290000197678,false,חיתולי האגיס פרידום,חוגלה קימברלי,IL,חיתולי האגיס פרידום,Unknown,0.00,יחידה,false,,39.90,0.0000,true,1,314910
7290000201818,false,חיתולי טיטולים פרימי,חוגלה קימברלי,IL,חיתולי טיטולים פרימי,Unknown,0.00,יחידה,false,,29.90,0.0000,true,1,307882
7290000201832,false,חיתולי טיטולים פרימי,חוגלה קימברלי,IL,חיתולי טיטולים פרימי,Unknown,0.00,יחידה,false,,29.90,0.0000,true,1,307883
7290000201849,false,חיתולי טיטולים פרימי,חוגלה קימברלי,IL,חיתולי טיטולים פרימי,Unknown,0.00,יחידה,false,,29.90,0.0000,true,1,307884
7290000201856,false,חיתולי טיטולים פרימי,חוגלה קימברלי,IL,חיתולי טיטולים פרימי,Unknown,0.00,יחידה,false,,29.90,0.0000,true,1,307885
7290000201863,false,חיתולי טיטולים פרימי,חוגלה קימברלי,IL,חיתולי טיטולים פרימי,Unknown,0.00,יחידה,false,,29.90,0.0000,true,1,307886
7290000201870,false,חיתולי טיטולים פרימי,חוגלה קימברלי,IL,חיתולי טיטולים פרימי,Unknown,0.00,יחידה,false,,29.90,0.0000,true,1,307887
7290000204086,false,כריות קרצוף ניקול 3,חוגלה קימברלי,IL,כריות קרצוף ניקול 3,Unknown,0.00,יחידה,false,,9.90,0.0000,true,1,269551
7290000204215,false,כריות יפניות ניקול 6,חוגלה קימברלי,IL,כריות יפניות ניקול 6,Unknown,0.00,יחידה,false,,9.90,0.0000,true,1,269552
7290000204253,false,מטליות לניקוי כללי נ,נ אורים,IL,מטליות לניקוי כללי נ,Unknown,0.00,יחידה,false,,9.90,0.0000,true,1,269553
7290000208077,false,אפונה גדולה יכין 550,זנלכל,IL,אפונה גדולה יכין 550,גרמים,550.00,100 גרם,false,,6.90,1.2545,true,1,259483
7290000208114,false,אפונה וגזר יכין 550,זנלכל,IL,אפונה וגזר יכין 550,גרמים,550.00,100 גרם,false,,6.90,1.2545,true,1,259577
7290000208138,false,סירופ יכין ענבים דיא,זנלכל,IL,סירופ יכין ענבים דיא,קילוגרמים,1.00,ליטר,false,,16.70,16.7000,true,1,255252
7290000208213,false,שעועית לבנה ברוטב יכ,זנלכל,IL,שעועית לבנה ברוטב יכ,גרמים,560.00,100 גרם,false,,6.90,1.2321,true,1,246099
7290000208220,false,שעועית צילי חריף יכי,זנלכל,IL,שעועית צילי חריף יכי,גרמים,580.00,100 גרם,false,,9.50,1.6379,true,1,246100
7290000208329,false,תירס גרעינים יכין 55,זנלכל,IL,תירס גרעינים יכין 55,גרמים,550.00,100 גרם,false,,6.90,1.2545,true,1,259575
7290000208404,false,פול יכין 550 גרם,זנלכל,IL,פול יכין 550 גרם,גרמים,550.00,100 גרם,false,,7.90,1.4364,true,1,266876
7290000208428,false,חומוס שלם יכין 550 ג,זנלכל,IL,חומוס שלם יכין 550 ג,גרמים,550.00,100 גרם,false,,6.90,1.2545,true,1,246101
7290000209012,false,חומץ 5% יכין 1 ליטר,זנלכל,IL,חומץ 5% יכין 1 ליטר,קילוגרמים,1.00,ליטר,false,,6.90,6.9000,true,1,269449
7290000209043,false,רוטב לימון משומר יכי,זנלכל,IL,רוטב לימון משומר יכי,קילוגרמים,1.00,ליטר,false,,5.90,5.9000,true,1,269450
7290000209579,false,סירופ יכין אננס דיאט,זנלכל,IL,סירופ יכין אננס דיאט,קילוגרמים,1.00,ליטר,false,,16.70,16.7000,true,1,255258
7290000209722,false,תרכיז עגבניות פריכוז,זנלכל,IL,תרכיז עגבניות פריכוז,גרמים,580.00,100 גרם,false,,9.90,1.7069,true,1,246102
7290000211442,false,"אורז פרסי סוגת 1 ק""ג",סוגת,IL,"אורז פרסי סוגת 1 ק""ג",פריט,1.00,"ק""ג",false,,7.90,7.9000,true,1,246129
7290000211503,false,"סוכר סוגת 1 ק""ג",סוגת,IL,"סוכר סוגת 1 ק""ג",פריט,1.00,"ק""ג",false,,4.90,4.9000,true,1,246130
7290000211985,false,אורז ריזוטו עגול סוג,סוגת,IL,אורז ריזוטו עגול סוג,פריט,1.00,"ק""ג",false,,7.90,7.9000,true,1,246134
7290000226514,false,עוגת דובוש ריבת חלב,קפולסקי אדל בעמ,IL,עוגת דובוש ריבת חלב,גרמים,450.00,100 גרם,false,,29.90,6.6444,true,1,246187
7290000226545,false,עוגת טורט היער השחור,קפולסקי אדל בעמ,IL,עוגת טורט היער השחור,פריט,1.00,"ק""ג",false,,63.90,63.9000,true,1,246188
7290000226552,false,עוגת טורט בטעם ריבת,קפולסקי אדל בעמ,IL,עוגת טורט בטעם ריבת,פריט,1.00,"ק""ג",false,,63.90,63.9000,true,1,246189
7290000226569,false,עוגת טורט קצפת בטעם,קפולסקי אדל בעמ,IL,עוגת טורט קצפת בטעם,פריט,1.00,"ק""ג",false,,63.90,63.9000,true,1,246190
7290000226576,false,עוגת טורט בטעם שוקול,קפולסקי אדל בעמ,IL,עוגת טורט בטעם שוקול,פריט,1.00,"ק""ג",false,,63.90,63.9000,true,1,246191
7290000226613,false,עוגת דובוש מצופה שוק,קפולסקי אדל בעמ,IL,עוגת דובוש מצופה שוק,גרמים,400.00,100 גרם,false,,29.90,7.4750,true,1,246193
7290000238029,false,בצק עלים מרודד מעדנו,מעדנות,IL,בצק עלים מרודד מעדנו,פריט,1.00,"ק""ג",false,,15.90,15.9000,true,1,246272
7290000238036,false,מלוואח מעדנות 700 גר,מעדנות,IL,מלוואח מעדנות 700 גר,גרמים,700.00,100 גרם,false,,12.90,1.8429,true,1,246273
7290000238173,false,בורקס גבינה מעדנות 8,מעדנות,IL,בורקס גבינה מעדנות 8,גרמים,800.00,100 גרם,false,,17.90,2.2375,true,1,246274
7290000238180,false,בורקס תפוא מעדנות 80,מעדנות,IL,בורקס תפוא מעדנות 80,גרמים,800.00,100 גרם,false,,16.90,2.1125,true,1,246275
7290000245089,false,מרכך סוד סגול 4 ליטר,הנקל סוד,IL,מרכך סוד סגול 4 ליטר,קילוגרמים,4.00,ליטר,false,,16.90,4.2250,true,1,246311
7290000245157,false,מרכך סוד לבן 4 ליטר,הנקל סוד,IL,מרכך סוד לבן 4 ליטר,קילוגרמים,4.00,ליטר,false,,16.90,4.2250,true,1,246312
7290000245782,false,מרכך סוד ורוד 4 ליטר,הנקל סוד,IL,מרכך סוד ורוד 4 ליטר,קילוגרמים,4.00,ליטר,false,,16.90,4.2250,true,1,246316
7290000245799,false,מרכך סוד כחול 4 ליטר,הנקל סוד,IL,מרכך סוד כחול 4 ליטר,קילוגרמים,4.00,ליטר,false,,16.90,4.2250,true,1,246317
7290000253084,false,שוקולד ציפס חום לבן,אופנהיימר,IL,שוקולד ציפס חום לבן,גרמים,750.00,100 גרם,false,,19.90,2.6533,true,1,272294
7290000253107,false,צמקאו לבישול ואפיה א,אופנהיימר,IL,צמקאו לבישול ואפיה א,גרמים,900.00,100 גרם,false,,16.90,1.8778,true,1,271720
7290000253206,false,שוקולד ציפס אופנהיימ,אופנהיימר,IL,שוקולד ציפס אופנהיימ,גרמים,680.00,100 גרם,false,,19.90,2.9265,true,1,266151
7290000253251,false,שוקולד ציפס לבן אופנ,אופנהיימר,IL,שוקולד ציפס לבן אופנ,גרמים,250.00,100 גרם,false,,9.90,3.9600,true,1,254262
7290000253329,false,צמקאו חום/לבן לבישול,אופנהיימר,IL,צמקאו חום/לבן לבישול,גרמים,900.00,100 גרם,false,,16.90,1.8778,true,1,272295
7290000253565,false,מזרה צבעוני ארוך אופ,אופנהיימר,IL,מזרה צבעוני ארוך אופ,גרמים,170.00,100 גרם,false,,6.90,4.0588,true,1,315563
7290000253589,false,מזרה חום ארוך אופנהי,אופנהיימר,IL,מזרה חום ארוך אופנהי,גרמים,200.00,100 גרם,false,,6.90,3.4500,true,1,313558
7290000253596,false,מזרה צבעוני עגול אופ,אופנהיימר,IL,מזרה צבעוני עגול אופ,גרמים,200.00,100 גרם,false,,6.90,3.4500,true,1,313559
7290000262161,false,נייר טואלט מולט 40 ג,חוגלה קימברלי,IL,נייר טואלט מולט 40 ג,מטרים,704.00,מטר,false,,28.90,0.0411,true,1,269555
7290000263359,false,חיתולי האגיס 40 יח ש,חוגלה קימברלי,IL,חיתולי האגיס 40 יח ש,Unknown,0.00,יחידה,false,,28.90,0.0000,true,1,269569
7290000267029,false,שקד מולבן חצוי 100 ג,שקדיה,IL,שקד מולבן חצוי 100 ג,גרמים,100.00,100 גרם,false,,9.90,9.9000,true,1,249605
7290000267036,false,שקד מולבן משובב 100,שקדיה,IL,שקד מולבן משובב 100,גרמים,100.00,100 גרם,false,,9.90,9.9000,true,1,249606
7290000267043,false,שקד מולבן פרוס 100 ג,שקדיה,IL,שקד מולבן פרוס 100 ג,גרמים,100.00,100 גרם,false,,7.90,7.9000,true,1,249607
7290000267050,false,שקד מולבן טחון 100 ג,שקדיה,IL,שקד מולבן טחון 100 ג,גרמים,100.00,100 גרם,false,,9.90,9.9000,true,1,249604
7290000267586,false,גרעין חמניה קלוף 150,שקדיה,IL,גרעין חמניה קלוף 150,גרמים,150.00,100 גרם,false,,4.90,3.2667,true,1,250303
7290000267678,false,גרעין דלעת מקולפת 15,שקדיה,IL,גרעין דלעת מקולפת 15,גרמים,150.00,100 גרם,false,,7.90,5.2667,true,1,250295
7290000272443,false,סירופ עסיס תפוז דיאט,בית השיטה עסיס תעשיו,IL,סירופ עסיס תפוז דיאט,קילוגרמים,1.00,ליטר,false,,15.90,15.9000,true,1,262460
7290000272467,false,סירופ עסיס פטל דיאט,בית השיטה עסיס תעשיו,IL,סירופ עסיס פטל דיאט,קילוגרמים,1.00,ליטר,false,,15.90,15.9000,true,1,246409
7290000272696,false,מיץ לימון משומר עסיס,בית השיטה עסיס תעשיו,IL,מיץ לימון משומר עסיס,קילוגרמים,1.00,ליטר,false,,7.90,7.9000,true,1,246410
7290000272726,false,חומץ 5% עסיס 1 ליטר,בית השיטה עסיס תעשיו,IL,חומץ 5% עסיס 1 ליטר,קילוגרמים,1.00,ליטר,false,,5.90,5.9000,true,1,246411
7290000286228,false,ספוגיות סנו סושי 6 י,סדובסקי,IL,ספוגיות סנו סושי 6 י,Unknown,0.00,יחידה,false,,9.90,0.0000,true,1,246451
7290000286297,false,נוזל אנטי קאלק מסיר,סנו,IL,נוזל אנטי קאלק מסיר,מיליליטרים,700.00,"100 מ""ל",false,,9.90,1.4143,true,1,246452
7290000286488,false,ספוג כיף פיראט,קוסמופארם,IL,ספוג כיף פיראט,Unknown,0.00,יחידה,false,,6.90,0.0000,true,1,246453
7290000286525,false,ספוג כיף רחצה פרינה,קוסמופארם,IL,ספוג כיף רחצה פרינה,Unknown,0.00,יחידה,false,,8.90,0.0000,true,1,246455
7290000286549,false,מטליות לניקוי כללי ס,נועם אורים,IL,מטליות לניקוי כללי ס,Unknown,0.00,יחידה,false,,8.90,0.0000,true,1,246456
7290000286761,false,ניילון נצמד סנו סושי,FV HK,IL,ניילון נצמד סנו סושי,מטרים,60.00,מטר,false,,9.90,0.1650,true,1,246460
7290000286921,false,תרסיס רסס כבס סנוקל,סנו,IL,תרסיס רסס כבס סנוקל,מיליליטרים,750.00,"100 מ""ל",false,,9.90,1.3200,true,1,249750
7290000287102,false,תרסיס סנו שטיחים איר,סנו,IL,תרסיס סנו שטיחים איר,מיליליטרים,600.00,"100 מ""ל",false,,17.90,2.9833,true,1,246467
7290000287195,false,תרסיס סנו רהיט 305 מ,סנו,IL,תרסיס סנו רהיט 305 מ,מיליליטרים,305.00,"100 מ""ל",false,,12.90,4.2295,true,1,246473
7290000287409,false,סבון אסלה סנובון תות,סנו,IL,סבון אסלה סנובון תות,גרמים,165.00,100 גרם,false,,9.90,6.0000,true,1,246475
7290000287430,false,סבון אסלה סנובון צבע,סנו,IL,סבון אסלה סנובון צבע,גרמים,165.00,100 גרם,false,,9.90,6.0000,true,1,246476
7290000287485,false,סבון אסלה סנובון לוב,סנו,IL,סבון אסלה סנובון לוב,גרמים,165.00,100 גרם,false,,9.90,6.0000,true,1,246477
7290000287492,false,סנובון נוזלי לימון 7,סנו,IL,סנובון נוזלי לימון 7,מיליליטרים,750.00,"100 מ""ל",false,,8.90,1.1867,true,1,267296
7290000288024,false,אקונומיקה סנו גאוול,סנו,IL,אקונומיקה סנו גאוול,קילוגרמים,4.00,ליטר,false,,15.90,3.9750,true,1,246484
7290000288048,false,תרסיס ניקוי סנו ז'או,סנו,IL,תרסיס ניקוי סנו ז'או,קילוגרמים,1.00,ליטר,false,,13.90,13.9000,true,1,246486
7290000288086,false,אבקת ניקוי סנו גאוול,סנו,IL,אבקת ניקוי סנו גאוול,גרמים,600.00,100 גרם,false,,9.90,1.6500,true,1,246487
7290000288291,false,סנומט דוחה יתושים 30,זובאלה,IL,סנומט דוחה יתושים 30,Unknown,0.00,יחידה,false,,11.90,0.0000,true,1,246489
7290000288352,false,"קוטל K300 סנו 630 מ""",סנו,IL,"קוטל K300 סנו 630 מ""",מיליליטרים,630.00,"100 מ""ל",false,,17.90,2.8413,true,1,246491
7290000288383,false,קוטל K500 נמלים סנו,סנו,IL,קוטל K500 נמלים סנו,מיליליטרים,400.00,"100 מ""ל",false,,19.90,4.9750,true,1,246492
7290000288390,false,"קוטל K600 סנו 500 מ""",סנו,IL,"קוטל K600 סנו 500 מ""",מיליליטרים,500.00,"100 מ""ל",false,,19.90,3.9800,true,1,246493
7290000288420,false,"סנו די תרסיס 125 מ""ל",קוסמופארם,IL,"סנו די תרסיס 125 מ""ל",מיליליטרים,125.00,"100 מ""ל",false,,17.90,14.3200,true,1,246495
7290000288529,false,משחת כלים סנוסאן ברי,סנו,IL,משחת כלים סנוסאן ברי,פריט,3.50,"ק""ג",false,,19.90,5.6857,true,1,246497
7290000288642,false,מרכך מקסימה סנסטיב 4,סנו,IL,מרכך מקסימה סנסטיב 4,קילוגרמים,4.00,ליטר,false,,19.90,4.9750,true,1,246498
7290000289052,false,פוליויקס סחלבים 4 לי,סנו,IL,פוליויקס סחלבים 4 לי,קילוגרמים,4.00,ליטר,false,,34.90,8.7250,true,1,246500
7290000289069,false,תרסיס ניקוי סנו גאוו,סנו,IL,תרסיס ניקוי סנו גאוו,קילוגרמים,1.00,ליטר,false,,13.90,13.9000,true,1,246501
7290000289236,false,ג'ל פיתיון נמלים K3,סנו,IL,ג'ל פיתיון נמלים K3,גרמים,10.00,100 גרם,false,,39.90,399.0000,true,1,311756
7290000289472,false,שקיות אשפה 76*90 סנו,אשפלסט,IL,שקיות אשפה 76*90 סנו,Unknown,0.00,יחידה,false,,16.90,0.0000,true,1,246505
7290000289595,false,משחת אורביטול ילדים,טרופיקל דגיל,IL,משחת אורביטול ילדים,גרמים,145.00,100 גרם,false,,7.50,5.1724,true,1,246507
7290000291932,false,סנובון נוזלי לבנדר 7,סנו,IL,סנובון נוזלי לבנדר 7,מיליליטרים,750.00,"100 מ""ל",false,,8.90,1.1867,true,1,267298
7290000292007,false,גל פיתיון K3 סנו,סנו,IL,גל פיתיון K3 סנו,גרמים,10.00,100 גרם,false,,39.90,399.0000,true,1,305921
7290000292137,false,תחליב סנו לניקוי עור,סנו,IL,תחליב סנו לניקוי עור,מיליליטרים,500.00,"100 מ""ל",false,,28.90,5.7800,true,1,246516
7290000292557,false,מילוי סנומט נוזלי 45,זובאלה,IL,מילוי סנומט נוזלי 45,Unknown,0.00,יחידה,false,,16.70,0.0000,true,1,246520
7290000292564,false,קוטל K2000 ללא ריח ס,סנו,IL,קוטל K2000 ללא ריח ס,מיליליטרים,750.00,"100 מ""ל",false,,24.90,3.3200,true,1,246521
7290000292595,false,סופר פוליש סנו 2 ליט,סנו,IL,סופר פוליש סנו 2 ליט,קילוגרמים,2.00,ליטר,false,,39.90,19.9500,true,1,246522
7290000292687,false,סנובון כחול 3 יח,סנו,IL,סנובון כחול 3 יח,גרמים,165.00,100 גרם,false,,14.90,9.0303,true,1,246523
7290000292694,false,מגן קריסטל סנו 2 ליט,סנו,IL,מגן קריסטל סנו 2 ליט,קילוגרמים,2.00,ליטר,false,,39.90,19.9500,true,1,246524
7290000292915,false,תרסיס סנו רסס ונגב 7,סנו,IL,תרסיס סנו רסס ונגב 7,מיליליטרים,750.00,"100 מ""ל",false,,12.90,1.7200,true,1,246525
7290000293073,false,מרכך מקסימה ביו 4 לי,סנו,IL,מרכך מקסימה ביו 4 לי,קילוגרמים,4.00,ליטר,false,,19.90,4.9750,true,1,246527
7290000293943,false,תרסיס אנטי קאלק מסיר,סנו,IL,תרסיס אנטי קאלק מסיר,קילוגרמים,1.00,ליטר,false,,14.90,14.9000,true,1,246545
7290000294780,false,אקונומיקה סנו גאוול,סנו,IL,אקונומיקה סנו גאוול,קילוגרמים,4.00,ליטר,false,,15.90,3.9750,true,1,246562
7290000295503,false,שקיות אוכל סנו סושי,אשפלסט,IL,שקיות אוכל סנו סושי,Unknown,0.00,יחידה,false,,13.70,0.0000,true,1,246571
7290000295558,false,נייר אלומיניום סנו ס,בורסה פזרי,IL,נייר אלומיניום סנו ס,מטרים,15.00,מטר,false,,9.90,0.6600,true,1,246573
7290000295565,false,נייר אלומניום סנו סו,בורסה פזרי,IL,נייר אלומניום סנו סו,מטרים,15.00,מטר,false,,14.90,0.9933,true,1,246574
7290000295749,false,ספוג כיף סאקי מסאז,קוסמופארם,IL,ספוג כיף סאקי מסאז,Unknown,0.00,יחידה,false,,9.90,0.0000,true,1,246577
7290000295824,false,נייר אלומיניום סנו ס,,IL,נייר אלומיניום סנו ס,Unknown,0.00,יחידה,false,,47.90,0.0000,true,1,246579
7290000305882,false,סלט אס ירקות עם דגים,יונה,IL,סלט אס ירקות עם דגים,גרמים,120.00,100 גרם,false,,4.90,4.0833,true,1,246634
7290000311098,false,ופל מן לימון 3*200 ג,רוקחמן,IL,ופל מן לימון 3*200 ג,גרמים,600.00,100 גרם,false,,12.90,2.1500,true,1,312131
7290000311128,false,עוגיות בטעם חמאה מן,רוקחמן,IL,עוגיות בטעם חמאה מן,גרמים,300.00,100 גרם,false,,6.40,2.1333,true,1,246656
7290000311135,false,עוגיות סטיקס שוקו מן,רוקחמן,IL,עוגיות סטיקס שוקו מן,גרמים,300.00,100 גרם,false,,6.40,2.1333,true,1,246657
7290000311180,false,ופלית מן 10 יח,רוקחמן,IL,ופלית מן 10 יח,גרמים,250.00,100 גרם,false,,6.90,2.7600,true,1,246658
7290000311258,false,ופלים מצופים בטעם שו,מן,IL,ופלים מצופים בטעם שו,גרמים,250.00,100 גרם,false,,6.70,2.6800,true,1,303148
7290000311326,false,ופל קפה מן 3*200 גרם,רוקחמן,IL,ופל קפה מן 3*200 גרם,גרמים,600.00,100 גרם,false,,12.90,2.1500,true,1,312132
7290000311357,false,ופל אגוזית מן 10 יח,רוקחמן,IL,ופל אגוזית מן 10 יח,גרמים,280.00,100 גרם,false,,9.90,3.5357,true,1,246660
7290000311425,false,ופל מצופה מן 10 יח,רוקחמן,IL,ופל מצופה מן 10 יח,גרמים,220.00,100 גרם,false,,6.90,3.1364,true,1,246661
7290000311432,false,עוגיות גרנולה קינמון,רוקחמן,IL,עוגיות גרנולה קינמון,גרמים,200.00,100 גרם,false,,8.70,4.3500,true,1,324004
7290000311463,false,עוגיות חיטה בטעם חמא,רוקחמן,IL,עוגיות חיטה בטעם חמא,גרמים,200.00,100 גרם,false,,8.70,4.3500,true,1,324005
7290000311470,false,מיני ופלים בטעם שוקו,רוקחמן,IL,מיני ופלים בטעם שוקו,גרמים,200.00,100 גרם,false,,8.70,4.3500,true,1,325069
7290000311487,false,ופל בטעם שוקולד קמח,רוקחמן,IL,ופל בטעם שוקולד קמח,גרמים,140.00,100 גרם,false,,6.90,4.9286,true,1,325066
7290000311500,false,ופל שוקולד מן 500 גר,רוקחמן,IL,ופל שוקולד מן 500 גר,גרמים,500.00,100 גרם,false,,8.90,1.7800,true,1,246662
7290000311517,false,ופל לימון מן 500 גרם,רוקחמן,IL,ופל לימון מן 500 גרם,גרמים,500.00,100 גרם,false,,8.90,1.7800,true,1,246663
7290000311708,false,עוגיות חיטה מלאה מן,רוקחמן,IL,עוגיות חיטה מלאה מן,גרמים,300.00,100 גרם,false,,6.40,2.1333,true,1,246664
7290000311715,false,עוגיות כוכבים שוקולד,רוקחמן,IL,עוגיות כוכבים שוקולד,גרמים,300.00,100 גרם,false,,6.40,2.1333,true,1,246665
7290000311722,false,עוגיות כוכבים וניל מ,רוקחמן,IL,עוגיות כוכבים וניל מ,גרמים,300.00,100 גרם,false,,6.40,2.1333,true,1,246666
7290000311746,false,עוגיות בטעם קרמל מן,רוקחמן,IL,עוגיות בטעם קרמל מן,גרמים,300.00,100 גרם,false,,6.40,2.1333,true,1,290003
7290000311753,false,עוגיות חיטה מלאה בטע,רוקחמן,IL,עוגיות חיטה מלאה בטע,גרמים,250.00,100 גרם,false,,6.40,2.5600,true,1,309342
7290000311845,false,עוגיות חיטה ללא סוכר,רוקחמן,IL,עוגיות חיטה ללא סוכר,גרמים,200.00,100 גרם,false,,8.70,4.3500,true,1,290004
7290000311869,false,ופל ללא סוכר בטעם שו,רוקחמן,IL,ופל ללא סוכר בטעם שו,גרמים,180.00,100 גרם,false,,7.90,4.3889,true,1,290006
7290000311876,false,ופל ללא סוכר בטעם ונ,רוקחמן,IL,ופל ללא סוכר בטעם ונ,גרמים,180.00,100 גרם,false,,7.90,4.3889,true,1,290005
7290000311883,false,עוגיות גרנולה ללא סו,רוקחמן,IL,עוגיות גרנולה ללא סו,גרמים,200.00,100 גרם,false,,8.70,4.3500,true,1,246668
7290000311890,false,ופל ללא סוכר בטעם לי,רוקחמן,,ופל ללא סוכר בטעם לי,גרמים,180.00,100 גרם,false,,7.90,4.3889,true,1,314227
7290000311975,false,ופל מן 5*200 גרם,רוקחמן,IL,ופל מן 5*200 גרם,פריט,1.00,"ק""ג",false,,19.70,19.7000,true,1,246673
7290000312767,false,בייגלה שטוחים מלוח מ,מאיר בייגל,IL,בייגלה שטוחים מלוח מ,גרמים,200.00,100 גרם,false,,4.90,2.4500,true,1,266691
7290000312842,false,בייגלה שמיניות מלך ה,מאיר בייגל,IL,בייגלה שמיניות מלך ה,גרמים,300.00,100 גרם,false,,4.90,1.6333,true,1,316795
7290000312859,false,גריסיני קלאסי מלך הג,מאיר בייגל,IL,גריסיני קלאסי מלך הג,גרמים,180.00,100 גרם,false,,5.90,3.2778,true,1,316796
7290000312866,false,גריסיני שומשום מלך ה,מאיר בייגל,IL,גריסיני שומשום מלך ה,גרמים,160.00,100 גרם,false,,5.90,3.6875,true,1,316797
7290000313290,false,נודלס אטריות מסולסלו,אסם,IL,נודלס אטריות מסולסלו,גרמים,200.00,100 גרם,false,,7.50,3.7500,true,1,256375
7290000345048,false,תה 74 ויסוצקי 125 גר,ויסוצקי,IL,תה 74 ויסוצקי 125 גר,גרמים,125.00,100 גרם,false,,12.80,10.2400,true,1,246799
7290000345055,false,תה ארל גריי תה עלים,ויסוצקי,IL,תה ארל גריי תה עלים,גרמים,100.00,100 גרם,false,,11.90,11.9000,true,1,246800
7290000345215,false,תה ויסוצקי טעם מעודן,ויסוצקי,IL,תה ויסוצקי טעם מעודן,גרמים,100.00,100 גרם,false,,15.90,15.9000,true,1,246801
7290000345307,false,תה ארל גריי ויסוצקי,ויסוצקי,IL,תה ארל גריי ויסוצקי,גרמים,75.00,100 גרם,false,,21.90,29.2000,true,1,246804
7290000345536,false,תה נענע 1.5 גרם 25 ש,ויסוצקי,IL,תה נענע 1.5 גרם 25 ש,גרמים,38.00,100 גרם,false,,16.50,43.4211,true,1,273888
7290000347738,false,תה ירוק נענע 25 שקיק,ויסוצקי,IL,תה ירוק נענע 25 שקיק,גרמים,38.00,100 גרם,false,,21.90,57.6316,true,1,246821
7290000347752,false,תה ירוק לימון ולואיז,ויסוצקי,IL,תה ירוק לימון ולואיז,גרמים,38.00,100 גרם,false,,21.90,57.6316,true,1,246822
7290000364858,false,נקניקיות עוף טירת צב,טירת צבי,IL,נקניקיות עוף טירת צב,פריט,1.00,"ק""ג",false,,22.90,22.9000,true,1,246870
7290000367590,false,מארז פסטרמה כפרי/סלמ,טירת צבי,IL,מארז פסטרמה כפרי/סלמ,גרמים,800.00,100 גרם,false,,24.90,3.1125,true,1,246879
7290000369037,false,סלט קוביות בולגרית ב,נטורל קייקס,IL,סלט קוביות בולגרית ב,גרמים,200.00,100 גרם,false,,12.90,6.4500,true,1,296693
7290000369617,false,כדורי פטה בשמן ניצן,גבינות עמיר ניצן,IL,כדורי פטה בשמן ניצן,גרמים,150.00,100 גרם,false,,16.90,11.2667,true,1,286371
7290000379258,false,חלה קונדיטוריה אנגל,מאפית אנגל,IL,חלה קונדיטוריה אנגל,גרמים,500.00,100 גרם,false,,15.90,3.1800,true,1,303470
7290000396224,false,תפוח אדמה גורמה,אראל תוצרת חקלאית בע,IL,תפוח אדמה גורמה,Unknown,0.00,יחידה,false,,14.90,0.0000,true,1,297477
7290000408354,false,דנונה בר פצפוצים,שטראוס,IL,דנונה בר פצפוצים,מיליליטרים,175.00,"100 מ""ל",false,,4.30,2.4571,true,1,247012
7290000412481,false,מנקה אסלות 00 1 ליטר,סנו,IL,מנקה אסלות 00 1 ליטר,קילוגרמים,1.00,ליטר,false,,7.50,7.5000,true,1,247041
7290000416632,false,ממרח בטעם שוקולד השח,השחר העולה תעשית ממת,IL,ממרח בטעם שוקולד השח,פריט,1.00,"ק""ג",false,,19.90,19.9000,true,1,250843
7290000416861,false,ממרח בטעם שוקולד השח,השחר העולה תעשית ממת,IL,ממרח בטעם שוקולד השח,גרמים,750.00,100 גרם,false,,19.90,2.6533,true,1,312329
7290000418155,false,תחבושות טופ פד סופר,מוצרי נייר עמיר,IL,תחבושות טופ פד סופר,Unknown,0.00,יחידה,false,,5.90,0.0000,true,1,247109
7290000419220,false,מארז קפה טורקי לנדוו,קפה לנדוור,IL,מארז קפה טורקי לנדוו,גרמים,300.00,100 גרם,false,,18.90,6.3000,true,1,255876
7290000419374,false,מארז קפה טורקי לנדוו,קפה לנדוור,IL,מארז קפה טורקי לנדוו,גרמים,300.00,100 גרם,false,,18.90,6.3000,true,1,255877
7290000426150,false,כרובית פרחים בודק 60,"מטר ארצכם בע""מ",IL,כרובית פרחים בודק 60,גרמים,600.00,100 גרם,false,,24.90,4.1500,true,1,309709
7290000426921,false,ברוקולי פרחים בודק 9,"מטר ארצכם בע""מ",IL,ברוקולי פרחים בודק 9,גרמים,709.00,100 גרם,false,,34.90,4.9224,true,1,318932
7290000432359,false,נר נשמה בכוס שבועי פ,פאלאס,CN,נר נשמה בכוס שבועי פ,Unknown,0.00,יחידה,false,,9.90,0.0000,true,1,289166
7290000436326,false,עוגיות שוקולד ציפס ב,ברמן שוקולד ועוגיות,IL,עוגיות שוקולד ציפס ב,פריט,1.00,"ק""ג",false,,19.90,19.9000,true,1,301313
7290000436340,false,עוגיות במילוי שוקולד,ברמן שוקולד ועוגיות,IL,עוגיות במילוי שוקולד,גרמים,900.00,100 גרם,false,,19.90,2.2111,true,1,301315
7290000436357,false,עוגיות ממולאות בטעם,ברמן שוקולד ועוגיות,IL,עוגיות ממולאות בטעם,פריט,1.00,"ק""ג",false,,19.90,19.9000,true,1,302957
7290000436364,false,עוגיות כתר במילוי תו,ברמן שוקולד ועוגיות,IL,עוגיות כתר במילוי תו,גרמים,900.00,100 גרם,false,,19.90,2.2111,true,1,302958
7290000436371,false,עוגיות סהר בציפוי שו,ברמן שוקולד ועוגיות,IL,עוגיות סהר בציפוי שו,פריט,1.00,"ק""ג",false,,19.90,19.9000,true,1,302956
7290000442310,false,משחת החתלה לתינוק 10,"רצט שקיים בע""מ",IL,משחת החתלה לתינוק 10,גרמים,100.00,100 גרם,false,,10.90,10.9000,true,1,306097
7290000446325,false,תרכיז ב.ד תפוחים טבע,בטר אנד דיפרנט,IL,תרכיז ב.ד תפוחים טבע,קילוגרמים,1.20,ליטר,false,,38.90,32.4167,true,1,249786
7290000446394,false,דייסת שיבולת שועל ב.,בטר אנד דיפרנט,IL,דייסת שיבולת שועל ב.,גרמים,200.00,100 גרם,false,,8.80,4.4000,true,1,247188
7290000446523,false,חמאת בוטנים מתוקה ב.,בטר אנד דיפרנט,IL,חמאת בוטנים מתוקה ב.,גרמים,350.00,100 גרם,false,,13.90,3.9714,true,1,247190
7290000446530,false,חמאת בוטנים מתוקה ב.,בטר אנד דיפרנט,IL,חמאת בוטנים מתוקה ב.,פריט,1.00,"ק""ג",false,,24.90,24.9000,true,1,247191
7290000446547,false,חמאת בוטנים טבעית ב.,בטר אנד דיפרנט,IL,חמאת בוטנים טבעית ב.,גרמים,350.00,100 גרם,false,,13.90,3.9714,true,1,247192
7290000446554,false,חמאת בוטנים טבעית ב.,בטר אנד דיפרנט,IL,חמאת בוטנים טבעית ב.,פריט,1.00,"ק""ג",false,,24.90,24.9000,true,1,247193
7290000446721,false,מארז פריכיות אורז ב.,בטר אנד דיפרנט,IL,מארז פריכיות אורז ב.,גרמים,420.00,100 גרם,false,,14.90,3.5476,true,1,247196
7290000446745,false,חמאת שקדים ב.ד 350 ג,בטר אנד דיפרנט,IL,חמאת שקדים ב.ד 350 ג,גרמים,350.00,100 גרם,false,,38.90,11.1143,true,1,260343
7290000446776,false,פצפוצי אורז ללא תוספ,בטר אנד דיפרנט,IL,פצפוצי אורז ללא תוספ,גרמים,450.00,100 גרם,false,,18.90,4.2000,true,1,247197
7290000446936,false,פירורי קורנפלקס לציפ,בטר אנד דיפרנט,IL,פירורי קורנפלקס לציפ,גרמים,250.00,100 גרם,false,,7.90,3.1600,true,1,260373
7290000453019,false,שמרים טריים שמרית 50,פאקא תעשיות בעמ,IL,שמרים טריים שמרית 50,גרמים,50.00,100 גרם,false,,3.90,7.8000,true,1,247216
7290000453125,false,שמרים טריים+משפר אפי,פאקא תעשיות בעמ,IL,שמרים טריים+משפר אפי,גרמים,100.00,100 גרם,false,,6.90,6.9000,true,1,247217
7290000453385,false,שמרים יבשים פאקא 500,פאקא תעשיות בעמ,IL,שמרים יבשים פאקא 500,גרמים,500.00,100 גרם,false,,11.90,2.3800,true,1,256179
7290000453408,false,בצק פיצה מוכן לאפיה,פאקא תעשיות בעמ,FR,בצק פיצה מוכן לאפיה,גרמים,415.00,100 גרם,false,,13.90,3.3494,true,1,314195
7290000453415,false,בצק עלים מוכן לאפיה,פאקא תעשיות בעמ,FR,בצק עלים מוכן לאפיה,גרמים,300.00,100 גרם,false,,14.80,4.9333,true,1,314196
7290000453422,false,בצק פילו מוכן לאפיה,פאקא תעשיות בעמ,GR,בצק פילו מוכן לאפיה,גרמים,300.00,100 גרם,false,,14.80,4.9333,true,1,314197
7290000453866,false,נטורינה תחליף מרגרינ,פאקא תעשיות בעמ,IL,נטורינה תחליף מרגרינ,גרמים,200.00,100 גרם,false,,5.90,2.9500,true,1,309165
7290000453880,false,מרגרינה ללא מלח שמרי,פאקא תעשיות בעמ,IL,מרגרינה ללא מלח שמרי,גרמים,200.00,100 גרם,false,,3.90,1.9500,true,1,291777
7290000453897,false,מרגרינה בטעם חמאה שמ,פאקא תעשיות בעמ,IL,מרגרינה בטעם חמאה שמ,גרמים,200.00,100 גרם,false,,3.90,1.9500,true,1,291776
7290000461625,false,בייגלה שמיניות מלוחו,יוניליוור,IL,בייגלה שמיניות מלוחו,גרמים,400.00,100 גרם,false,,8.90,2.2250,true,1,247266
7290000462103,false,סחוג תימני זהבי 150,זהבי הכרם,IL,סחוג תימני זהבי 150,גרמים,150.00,100 גרם,false,,6.90,4.6000,true,1,249884
7290000462141,false,סחוג תימני חריף זהבי,זהבי הכרם,IL,סחוג תימני חריף זהבי,גרמים,150.00,100 גרם,false,,6.90,4.6000,true,1,249885
7290000462172,false,סחוג ירוק זהבי 150 ג,זהבי הכרם,IL,סחוג ירוק זהבי 150 ג,גרמים,140.00,100 גרם,false,,6.90,4.9286,true,1,249886
7290000467153,false,חומוס עם המון טחינה,צבר,IL,חומוס עם המון טחינה,גרמים,400.00,100 גרם,false,,13.90,3.4750,true,1,267789
7290000467320,false,חומוס אבו מרוואן צבר,צבר,IL,חומוס אבו מרוואן צבר,גרמים,400.00,100 גרם,false,,13.90,3.4750,true,1,267790
7290000469638,false,ספריי לגיהוץ מריטו 5,בולטון,,ספריי לגיהוץ מריטו 5,מיליליטרים,500.00,"100 מ""ל",false,,16.90,3.3800,true,1,256454
7290000474373,false,שמנת חמוצה 15% טרה 2,טרה,IL,שמנת חמוצה 15% טרה 2,מיליליטרים,200.00,"100 מ""ל",false,,2.40,1.2000,true,1,247305
7290000474502,false,גבינה 5% טרה 250 גרם,טרה,IL,גבינה 5% טרה 250 גרם,גרמים,250.00,100 גרם,false,,4.50,1.8000,true,1,250069
7290000474540,false,גבינה 3% טוב טעם 250,טרה,IL,גבינה 3% טוב טעם 250,גרמים,250.00,100 גרם,false,,9.80,3.9200,true,1,247308
7290000474830,false,גבינה מגורדת 28% טרה,טרה,IL,גבינה מגורדת 28% טרה,גרמים,500.00,100 גרם,false,,29.90,5.9800,true,1,247309
7290000480107,false,שיבולת שועל קוואקר 5,קואקר אוטס,GB,שיבולת שועל קוואקר 5,גרמים,500.00,100 גרם,false,,10.90,2.1800,true,1,255954
7290000484747,false,"עלית הארק 40% 700 מ""",יקב הגליל שווק בעמ,IL,"עלית הארק 40% 700 מ""",מיליליטרים,700.00,"100 מ""ל",false,,49.90,7.1286,true,1,292290
7290000490601,false,מאגדת גלידל שלגון ב,הגלידות של פלדמן,IL,מאגדת גלידל שלגון ב,גרמים,400.00,100 גרם,false,,28.90,7.2250,true,1,324949
7290000490762,false,מאגדת גלידל שלגון בט,הגלידות של פלדמן,IL,מאגדת גלידל שלגון בט,גרמים,400.00,100 גרם,false,,28.90,7.2250,true,1,324950
7290000493183,false,אבקת רוטב פטריות אסם,אסם,IL,אבקת רוטב פטריות אסם,גרמים,30.00,100 גרם,false,,3.50,11.6667,true,1,247345
7290000494760,false,קפה טורקי בוואקום כת,רוני רג'ואן,IL,קפה טורקי בוואקום כת,פריט,1.00,"ק""ג",false,,39.90,39.9000,true,1,277255
7290000497044,false,לחם אקטיב ברמן 750 ג,מאפית י את א ברמן בע,IL,לחם אקטיב ברמן 750 ג,גרמים,750.00,100 גרם,false,,14.90,1.9867,true,1,269475
7290000497228,false,לחמניות אצבע ברמן 6,מאפית י את א ברמן בע,IL,לחמניות אצבע ברמן 6,גרמים,450.00,100 גרם,false,,9.90,2.2000,true,1,247356
7290000497273,false,לחמניות קמח מלא אקטי,מאפית י את א ברמן בע,IL,לחמניות קמח מלא אקטי,גרמים,450.00,100 גרם,false,,13.90,3.0889,true,1,293303
7290000497303,false,לחמניות קמח מלא ברמן,מאפית י את א ברמן בע,IL,לחמניות קמח מלא ברמן,גרמים,450.00,100 גרם,false,,12.90,2.8667,true,1,247357
7290000497358,false,חלה מתוקה חלומית ברמ,מאפית י את א ברמן בע,IL,חלה מתוקה חלומית ברמ,גרמים,500.00,100 גרם,false,,11.90,2.3800,true,1,250348
7290000497426,false,לחם לעניין פלוס ברמן,מאפית י את א ברמן בע,IL,לחם לעניין פלוס ברמן,גרמים,500.00,100 גרם,false,,13.90,2.7800,true,1,250342
7290000497570,false,לחם דגנים פלוס ברמן,מאפית י את א ברמן בע,IL,לחם דגנים פלוס ברמן,גרמים,500.00,100 גרם,false,,13.90,2.7800,true,1,250343
7290000498003,false,לחם קמח מלא E-FREE ב,מאפית י את א ברמן בע,IL,לחם קמח מלא E-FREE ב,גרמים,750.00,100 גרם,false,,14.90,1.9867,true,1,301201
7290000498034,false,לחם קמח מלא כוסמין E,מאפית י את א ברמן בע,IL,לחם קמח מלא כוסמין E,גרמים,750.00,100 גרם,false,,14.90,1.9867,true,1,308501
7290000498058,false,חלה כוסמין חלומית בר,מאפית י את א ברמן בע,IL,חלה כוסמין חלומית בר,גרמים,500.00,100 גרם,false,,11.90,2.3800,true,1,322694
7290000498300,false,חלה מתוקה ברמן 500 ג,מאפית י את א ברמן בע,IL,חלה מתוקה ברמן 500 ג,גרמים,500.00,100 גרם,false,,6.90,1.3800,true,1,316423
7290000504049,false,ממתיק קלאסי סוכרזית,שטראוס,IL,ממתיק קלאסי סוכרזית,גרמים,98.00,100 גרם,false,,17.90,18.2653,true,1,247397
7290000504209,false,ממתיק נוזלי קלאסי סו,שטראוס,IL,ממתיק נוזלי קלאסי סו,מיליליטרים,220.00,"100 מ""ל",false,,14.80,6.7273,true,1,247398
7290000504278,false,ממתיק קלאסי סוכרזית,שטראוס,IL,ממתיק קלאסי סוכרזית,גרמים,57.00,100 גרם,false,,13.90,24.3860,true,1,247399
7290000521008,false,יין סגל אדום יבש,יקבי ברקן,IL,יין סגל אדום יבש,מיליליטרים,750.00,"100 מ""ל",false,,21.50,2.8667,true,1,247424
7290000521022,false,יין סגל לבן חצי יבש,,,יין סגל לבן חצי יבש,מיליליטרים,750.00,"100 מ""ל",false,,21.50,2.8667,true,1,250082
7290000521404,false,יין סגל מרום גליל קב,יקבי ברקן,IL,יין סגל מרום גליל קב,מיליליטרים,750.00,"100 מ""ל",false,,28.90,3.8533,true,1,263552
7290000521428,false,יין מרום גליל שרדונה,יקבי ברקן,IL,יין מרום גליל שרדונה,מיליליטרים,750.00,"100 מ""ל",false,,28.90,3.8533,true,1,263551
7290000523224,false,מלח עדין הים האדום 5,תעשיות מלח לישראל,IL,מלח עדין הים האדום 5,גרמים,500.00,100 גרם,false,,6.90,1.3800,true,1,247429
7290000523804,false,"מלח עדין 1 ק""ג בצנצנ",ויסוצקי,IL,"מלח עדין 1 ק""ג בצנצנ",פריט,1.00,"ק""ג",false,,5.90,5.9000,true,1,263680
7290000523811,false,"מלח גס 1 ק""ג בצנצנת",תעשיות מלח לישראל,IL,"מלח גס 1 ק""ג בצנצנת",פריט,1.00,"ק""ג",false,,5.90,5.9000,true,1,263681
7290000530109,false,זוג קבנוס זוגלובק 2*,זוגלובק,IL,זוג קבנוס זוגלובק 2*,גרמים,360.00,100 גרם,false,,24.90,6.9167,true,1,252514
7290000530468,false,נקניקיות וינר זוגלוב,,,נקניקיות וינר זוגלוב,פריט,1.00,"ק""ג",false,,32.90,32.9000,true,1,267228
7290000530703,false,מארז סלמי תה/חרמון ז,זוגלובק,IL,מארז סלמי תה/חרמון ז,גרמים,800.00,100 גרם,false,,25.90,3.2375,true,1,269140
7290000531977,false,בורקס גבינה זוגלובק,זוגלובק,IL,בורקס גבינה זוגלובק,גרמים,800.00,100 גרם,false,,13.90,1.7375,true,1,252847
7290000533353,false,בצק עלים זוגלובק 1 ק,זוגלובק,IL,בצק עלים זוגלובק 1 ק,פריט,1.00,"ק""ג",false,,13.90,13.9000,true,1,247451
7290000536316,false,שניצל מן הצומח זוגלו,זוגלובק,IL,שניצל מן הצומח זוגלו,פריט,1.00,"ק""ג",false,,23.90,23.9000,true,1,247453
7290000536743,false,קריספי סטיקס טבעי זו,זוגלובק,IL,קריספי סטיקס טבעי זו,גרמים,500.00,100 גרם,false,,14.90,2.9800,true,1,269715
7290000536774,false,נקניקיות מן הצומח זו,זוגלובק,IL,נקניקיות מן הצומח זו,פריט,1.00,"ק""ג",false,,26.90,26.9000,true,1,247455
7290000536781,false,קבב מן הצומח זוגלובק,זוגלובק,IL,קבב מן הצומח זוגלובק,פריט,1.00,"ק""ג",false,,26.90,26.9000,true,1,247456
7290000537603,false,נקניקיות עוף זוגלובק,זוגלובק,IL,נקניקיות עוף זוגלובק,פריט,1.00,"ק""ג",false,,24.90,24.9000,true,1,252515
7290000554402,false,מלבי גד 160 גרם,מחלבות גד,IL,מלבי גד 160 גרם,מיליליטרים,160.00,"100 מ""ל",false,,5.60,3.5000,true,1,247621
7290000554471,false,גבינת מוצרלה 22% גד,מחלבות גד,IL,גבינת מוצרלה 22% גד,גרמים,180.00,100 גרם,false,,14.90,8.2778,true,1,247623
7290000554600,false,גבינת מוצרלה מגורדת,מחלבות גד,IL,גבינת מוצרלה מגורדת,גרמים,300.00,100 גרם,false,,20.90,6.9667,true,1,247624
7290000554624,false,מעדן ירח מתוק 3% גד,מחלבות גד,IL,מעדן ירח מתוק 3% גד,מיליליטרים,150.00,"100 מ""ל",false,,4.90,3.2667,true,1,247625
7290000554822,false,גבינת ריקוטה 5% גד 2,מחלבות גד,IL,גבינת ריקוטה 5% גד 2,גרמים,250.00,100 גרם,false,,12.90,5.1600,true,1,247627
7290000554839,false,גבינת מסקרפונה 40% ג,מחלבות גד,IL,גבינת מסקרפונה 40% ג,גרמים,250.00,100 גרם,false,,18.90,7.5600,true,1,261942
7290000571386,false,יוגורמה 5% המחלבה 85,מחלבת בית יצחק,IL,יוגורמה 5% המחלבה 85,מיליליטרים,850.00,"100 מ""ל",false,,19.90,2.3412,true,1,264380
7290000571812,false,גבינה פרמזן מגורדת ה,מחלבת בית יצחק,IL,גבינה פרמזן מגורדת ה,גרמים,200.00,100 גרם,false,,16.90,8.4500,true,1,267428
7290000572055,false,חלוה אגוזים ללא סוכר,אחדות ביחר לטחינה חל,IL,חלוה אגוזים ללא סוכר,גרמים,400.00,100 גרם,false,,14.90,3.7250,true,1,247687
7290000572086,false,טחינה אורגנית אחוה 5,אחדות ביחר לטחינה חל,IL,טחינה אורגנית אחוה 5,גרמים,500.00,100 גרם,false,,10.90,2.1800,true,1,247688
7290000572215,false,חטיף חלוה מצופה אחוה,אחדות ביחר לטחינה חל,IL,חטיף חלוה מצופה אחוה,גרמים,80.00,100 גרם,false,,2.90,3.6250,true,1,253614
7290000572222,false,חלוה בטעם וניל אחוה,אחדות ביחר לטחינה חל,IL,חלוה בטעם וניל אחוה,גרמים,500.00,100 גרם,false,,9.80,1.9600,true,1,247689
7290000572529,false,חלוה פיסטוק אחוה 400,אחדות ביחר לטחינה חל,IL,חלוה פיסטוק אחוה 400,גרמים,400.00,100 גרם,false,,11.90,2.9750,true,1,247690
7290000572536,false,חלוה וניל אחוה 400 ג,אחדות ביחר לטחינה חל,IL,חלוה וניל אחוה 400 ג,גרמים,400.00,100 גרם,false,,9.80,2.4500,true,1,247691
7290000572543,false,חלוה שוקו וניל אחוה,אחדות ביחר לטחינה חל,IL,חלוה שוקו וניל אחוה,גרמים,400.00,100 גרם,false,,9.80,2.4500,true,1,247692
7290000572628,false,חטיפי חלוה ללא תוספת,אחדות ביחר לטחינה חל,IL,חטיפי חלוה ללא תוספת,גרמים,275.00,100 גרם,false,,10.90,3.9636,true,1,247694
7290000572673,false,חטיפי חלוה בטעמים אח,אחדות ביחר לטחינה חל,IL,חטיפי חלוה בטעמים אח,גרמים,300.00,100 גרם,false,,10.90,3.6333,true,1,249229
7290000572819,false,"טחינה אחוה 1 ק""ג",אחדות ביחר לטחינה חל,IL,"טחינה אחוה 1 ק""ג",פריט,1.00,"ק""ג",false,,18.90,18.9000,true,1,247697
7290000596020,false,פתיבר בטעם שוקו הדר,מגדנית הדר,IL,פתיבר בטעם שוקו הדר,פריט,1.80,"ק""ג",false,,21.90,12.1667,true,1,247705
7290000598116,false,מצות חמץ יהודה 1.5 ק,מצות יהודה,IL,מצות חמץ יהודה 1.5 ק,פריט,1.50,"ק""ג",false,,24.90,16.6000,true,1,247723
7290000598130,false,מצות חמץ יהודה 400 ג,מצות יהודה,IL,מצות חמץ יהודה 400 ג,גרמים,400.00,100 גרם,false,,15.90,3.9750,true,1,250574
7290000598147,false,קמח מצה חמץ יהודה 50,מצות יהודה,IL,קמח מצה חמץ יהודה 50,גרמים,500.00,100 גרם,false,,4.90,0.9800,true,1,252480
7290000598680,false,"פתיבר יהודה 1.8 ק""ג",מצות יהודה,IL,"פתיבר יהודה 1.8 ק""ג",פריט,1.80,"ק""ג",false,,23.90,13.2778,true,1,247731
7290000598895,false,עוגיות שוקוציפס 600,מצות יהודה,IL,עוגיות שוקוציפס 600,גרמים,600.00,100 גרם,false,,15.90,2.6500,true,1,247734
7290000598918,false,עוגיות בטעם חמאה יהו,מצות יהודה,IL,עוגיות בטעם חמאה יהו,פריט,1.50,"ק""ג",false,,24.90,16.6000,true,1,247735
7290000598949,false,מצות חמץ חיטה מלאה י,מצות יהודה,IL,מצות חמץ חיטה מלאה י,גרמים,300.00,100 גרם,false,,16.50,5.5000,true,1,247737
7290000630076,false,עוף מס 2 קפוא עטרה,עטרה,IL,עוף מס 2 קפוא עטרה,קילוגרמים,1.00,"ק""ג",true,,21.90,21.9000,true,1,247801
7290000631035,false,כבד עוף קפוא עטרה,עטרה,IL,כבד עוף קפוא עטרה,קילוגרמים,1.00,"ק""ג",true,,29.90,29.9000,true,1,247810
7290000631226,false,כבד עוף טרי עטרה,,,כבד עוף טרי עטרה,קילוגרמים,1.00,"ק""ג",true,,32.90,32.9000,true,1,247812
7290000631271,false,לבבות עוף קפוא עטרה,עטרה,IL,לבבות עוף קפוא עטרה,קילוגרמים,1.00,"ק""ג",true,,29.90,29.9000,true,1,247813
7290000631295,false,לבבות עוף טרי עטרה,,,לבבות עוף טרי עטרה,קילוגרמים,1.00,"ק""ג",true,,32.90,32.9000,true,1,247814
7290000632209,false,חזה עוף קפוא עטרה,עטרה,IL,חזה עוף קפוא עטרה,קילוגרמים,1.00,"ק""ג",true,,29.90,29.9000,true,1,247817
7290000632391,false,כרעיים עוף קפוא עטרה,עטרה,IL,כרעיים עוף קפוא עטרה,קילוגרמים,1.00,"ק""ג",true,,29.90,29.9000,true,1,247818
7290000632599,false,ירכיים עוף קפוא עטרה,עטרה,IL,ירכיים עוף קפוא עטרה,קילוגרמים,1.00,"ק""ג",true,,29.90,29.9000,true,1,247819
7290000632698,false,שוקיים עוף קפוא עטרה,עטרה,IL,שוקיים עוף קפוא עטרה,קילוגרמים,1.00,"ק""ג",true,,28.90,28.9000,true,1,247820
7290000633800,false,כנפיים עוף קפוא עטרה,עטרה,IL,כנפיים עוף קפוא עטרה,קילוגרמים,1.00,"ק""ג",true,,11.90,11.9000,true,1,247823
7290000644516,false,גרונות הודו קפוא עטר,,,גרונות הודו קפוא עטר,קילוגרמים,1.00,"ק""ג",true,,29.90,29.9000,true,1,247834
7290000688381,false,"מים מי עדן 6*500 מ""ל",מי עדן,IL,"מים מי עדן 6*500 מ""ל",קילוגרמים,3.00,ליטר,false,,12.90,4.3000,true,1,248000
7290000688503,false,מים מי עדן ספורט 6*7,מי עדן,IL,מים מי עדן ספורט 6*7,קילוגרמים,4.50,ליטר,false,,13.90,3.0889,true,1,261778
7290000692135,false,דאו ספיד סטיק פאואר,קולגייט פלמוליב,BY,דאו ספיד סטיק פאואר,מיליליטרים,51.00,"100 מ""ל",false,,17.90,35.0980,true,1,262362
7290000692203,false,נוזל אג'קס לימון 2 ל,קולגייט פלמוליב,BY,נוזל אג'קס לימון 2 ל,קילוגרמים,2.00,ליטר,false,,19.90,9.9500,true,1,256447
7290000692210,false,נוזל אג'קס לבנדר 2 ל,קולגייט פלמוליב,BY,נוזל אג'קס לבנדר 2 ל,קילוגרמים,2.00,ליטר,false,,19.90,9.9500,true,1,256445
7290000803180,false,"מי פה מרידול 400 מ""ל",גאבה,,"מי פה מרידול 400 מ""ל",מיליליטרים,400.00,"100 מ""ל",false,,22.90,5.7250,true,1,264543
7290000901022,false,פקדון בקבוק/ פחית,,,פקדון בקבוק/ פחית,Unknown,0.00,יחידה,false,,0.30,0.0000,true,1,248991
7290000901046,false,מיחזור אריזה,,,מיחזור אריזה,Unknown,0.00,יחידה,false,,0.30,0.0000,true,1,246279
7290000901091,false,מיחזור אריזה פלסטיק,,,מיחזור אריזה פלסטיק,Unknown,0.00,יחידה,false,,1.80,0.0000,true,1,248001
7290000901107,false,מיחזור אריזה זכוכית,,,מיחזור אריזה זכוכית,Unknown,0.00,יחידה,false,,1.80,0.0000,true,1,245883
7290000901114,false,מיחזור אריזה פחית שי,,,מיחזור אריזה פחית שי,Unknown,0.00,יחידה,false,,1.80,0.0000,true,1,248150
7290000901121,false,צלעות טרי בלי עצם עט,,,צלעות טרי בלי עצם עט,קילוגרמים,1.00,"ק""ג",true,,69.90,69.9000,true,1,250182
7290000901152,false,צלעות כבש טרי עטרה,,,צלעות כבש טרי עטרה,קילוגרמים,1.00,"ק""ג",true,,169.90,169.9000,true,1,250781
7290000902203,false,בשר עגל טחון טרי עטר,,,בשר עגל טחון טרי עטר,קילוגרמים,1.00,"ק""ג",true,,49.90,49.9000,true,1,251650
7290000902241,false,אנטריקוט עגל טרי עטר,,,אנטריקוט עגל טרי עטר,קילוגרמים,1.00,"ק""ג",true,,79.90,79.9000,true,1,251654
7290000902258,false,צלי כתף עגל טרי עטרה,,,צלי כתף עגל טרי עטרה,קילוגרמים,1.00,"ק""ג",true,,79.90,79.9000,true,1,251655
7290000902265,false,פילה מדומה עגל טרי ע,,,פילה מדומה עגל טרי ע,קילוגרמים,1.00,"ק""ג",true,,69.90,69.9000,true,1,251656
7290000902272,false,כתף עגל טרי עטרה,,,כתף עגל טרי עטרה,קילוגרמים,1.00,"ק""ג",true,,69.90,69.9000,true,1,251657
7290000902289,false,אוסובוקו עגל טרי עטר,,,אוסובוקו עגל טרי עטר,קילוגרמים,1.00,"ק""ג",true,,59.90,59.9000,true,1,251658
7290000902296,false,שריר עגל טרי עטרה,,,שריר עגל טרי עטרה,קילוגרמים,1.00,"ק""ג",true,,69.90,69.9000,true,1,251659
7290000902357,false,אסאדו עם עצם טרי עטר,,,אסאדו עם עצם טרי עטר,קילוגרמים,1.00,"ק""ג",true,,69.90,69.9000,true,1,251665
7290000902609,false,מיחזור אריזה בקבוק 1,,,מיחזור אריזה בקבוק 1,Unknown,0.00,יחידה,false,,3.60,0.0000,true,1,252131
7290000902616,false,מיחזור אריזה 4 יח,,,מיחזור אריזה 4 יח,Unknown,0.00,יחידה,false,,1.20,0.0000,true,1,252133
7290000904900,false,מגבת נייר קירקלנד 1,,,מגבת נייר קירקלנד 1,מטרים,24.78,מטר,false,,9.90,0.3995,true,1,262892
7290000909387,false,"ניוקי דרומי 1 ק""ג",Ciemme Alimentari SR,IT,"ניוקי דרומי 1 ק""ג",פריט,1.00,"ק""ג",false,,9.90,9.9000,true,1,291380
7290000961804,false,דלעת,ברכת קטיף,IL,דלעת,Unknown,0.00,יחידה,false,,7.90,0.0000,true,1,261870
7290000976433,false,קשיו טבעי במשקל,דין שיווק,VN,קשיו טבעי במשקל,קילוגרמים,1.00,"ק""ג",true,,85.00,85.0000,true,1,308625
7290000976471,false,גרעין דלעת מקולפת במ,דין שיווק,IL,גרעין דלעת מקולפת במ,קילוגרמים,1.00,"ק""ג",true,,55.00,55.0000,true,1,249699
7290000976846,false,פיסטוק מקולף,,,פיסטוק מקולף,קילוגרמים,1.00,"ק""ג",true,,150.00,150.0000,true,1,251991
7290000977102,false,תערובת פיצוחים במשקל,דין שיווק,TR,תערובת פיצוחים במשקל,קילוגרמים,1.00,"ק""ג",true,,85.00,85.0000,true,1,250480
7290000977881,false,"תפו""ע במשקל",דין שיווק,CN,"תפו""ע במשקל",קילוגרמים,1.00,"ק""ג",true,,45.00,45.0000,true,1,250470
7290000978307,false,חמוציות ללא סוכר במש,דין שיווק,US,חמוציות ללא סוכר במש,קילוגרמים,1.00,"ק""ג",true,,49.00,49.0000,true,1,249782
7290000978406,false,אננס רצועות במשקל תפ,דין שיווק,CN,אננס רצועות במשקל תפ,קילוגרמים,1.00,"ק""ג",true,,25.00,25.0000,true,1,249609
7290000978574,false,פרלינים במשקל,דין שיווק,IL,פרלינים במשקל,קילוגרמים,1.00,"ק""ג",true,,75.00,75.0000,true,1,249776
7290000978703,false,סוכריות קשות במשקל,,GB,סוכריות קשות במשקל,קילוגרמים,1.00,"ק""ג",true,,36.00,36.0000,true,1,249658
7290000978789,false,תבלינים קבוצה 1 במשק,נפטון,IL,תבלינים קבוצה 1 במשק,קילוגרמים,1.00,"ק""ג",true,,40.00,40.0000,true,1,249630
7290000978864,false,תבלינים קבוצה 5,נפטון,IL,תבלינים קבוצה 5,קילוגרמים,1.00,"ק""ג",true,,200.00,200.0000,true,1,249633
7290000989778,false,חמוציות במשקל,דין שיווק,IL,חמוציות במשקל,קילוגרמים,1.00,"ק""ג",true,,29.00,29.0000,true,1,249779
7290001022153,false,חמאה יורו וילי פוד ב,דותן,IL,חמאה יורו וילי פוד ב,קילוגרמים,1.00,"ק""ג",true,,49.00,49.0000,true,1,324469
7290001041017,false,חוואיג תימני מיה 50,מיה תעשיות מזון בעמ,IL,חוואיג תימני מיה 50,גרמים,50.00,100 גרם,false,,5.80,11.6000,true,1,245648
7290001041048,false,תבלין על האש מיה 50,מיה תעשיות מזון בעמ,IL,תבלין על האש מיה 50,גרמים,50.00,100 גרם,false,,5.80,11.6000,true,1,245651
7290001041291,false,לקקנים בטעם פירות מי,מיה תעשיות מזון בעמ,IL,לקקנים בטעם פירות מי,גרמים,600.00,100 גרם,false,,16.90,2.8167,true,1,245656
7290001041888,false,פפריקה מתוקה מיה 300,מיה תעשיות מזון בעמ,IL,פפריקה מתוקה מיה 300,גרמים,300.00,100 גרם,false,,14.90,4.9667,true,1,245661
7290001041895,false,פלפל שחור מיה 300 גר,מיה תעשיות מזון בעמ,IL,פלפל שחור מיה 300 גר,גרמים,300.00,100 גרם,false,,27.90,9.3000,true,1,245662
7290001041994,false,סוכר זהב דמררה מיה 1,מיה תעשיות מזון בעמ,,סוכר זהב דמררה מיה 1,פריט,1.00,"ק""ג",false,,9.90,9.9000,true,1,245666
7290001072882,false,שמפו לסירוק קל נובו,סאסאטק,IL,שמפו לסירוק קל נובו,מיליליטרים,700.00,"100 מ""ל",false,,5.90,0.8429,true,1,325070
7290001072899,false,מרכך לסירוק קל נובו,סאסאטק,IL,מרכך לסירוק קל נובו,מיליליטרים,700.00,"100 מ""ל",false,,5.90,0.8429,true,1,325071
7290001123010,false,בשר מס 2 צלעות קפוא,עטרה,IL,בשר מס 2 צלעות קפוא,קילוגרמים,1.00,"ק""ג",true,,36.90,36.9000,true,1,245704
7290001123041,false,בשר מס 5 צלי כתף קפו,פריזא,,בשר מס 5 צלי כתף קפו,קילוגרמים,1.00,"ק""ג",true,,69.90,69.9000,true,1,245705
7290001134146,false,שישליק הודו טרי ארוז,,,שישליק הודו טרי ארוז,קילוגרמים,1.00,"ק""ג",true,,24.90,24.9000,true,1,303934
7290001134153,false,גרונות הודו קפוא כשר,,,גרונות הודו קפוא כשר,קילוגרמים,1.00,"ק""ג",true,,19.90,19.9000,true,1,308838
7290001136287,false,שמפו נקה 7 לשיער רגי,אמיליה קוסמטיקס,IL,שמפו נקה 7 לשיער רגי,מיליליטרים,750.00,"100 מ""ל",false,,9.90,1.3200,true,1,245715
7290001136294,false,שמפו נקה 7 לשיער יבש,אמיליה קוסמטיקס,IL,שמפו נקה 7 לשיער יבש,מיליליטרים,700.00,"100 מ""ל",false,,9.90,1.4143,true,1,245716
7290001136362,false,תחליב נקה 7 אלוורה ו,אמיליה קוסמטיקס,IL,תחליב נקה 7 אלוורה ו,קילוגרמים,1.00,ליטר,false,,11.90,11.9000,true,1,245718
7290001136683,false,מרכך נקה 7 לשיער רגי,אמיליה קוסמטיקס,IL,מרכך נקה 7 לשיער רגי,מיליליטרים,750.00,"100 מ""ל",false,,9.90,1.3200,true,1,245720
7290001136799,false,תחליב נקה 7 ורד ויסמ,אמיליה קוסמטיקס,IL,תחליב נקה 7 ורד ויסמ,קילוגרמים,1.00,ליטר,false,,11.90,11.9000,true,1,245721
7290001136973,false,תחליב נקה 7 קמומיל 1,אמיליה קוסמטיקס,IL,תחליב נקה 7 קמומיל 1,קילוגרמים,1.00,ליטר,false,,11.90,11.9000,true,1,245722
7290001201510,false,ביצים 30 יח בינוני ל,לסר,IL,ביצים 30 יח בינוני ל,Unknown,30.00,יחידה,false,,27.80,0.9267,true,1,307677
7290001201602,false,ביצים 18 יח גדול לסר,לסר,IL,ביצים 18 יח גדול לסר,Unknown,18.00,יחידה,false,,18.00,1.0000,true,1,254007
7290001201619,false,ביצים 18 יח בינוני ל,לסר,IL,ביצים 18 יח בינוני ל,Unknown,18.00,יחידה,false,,16.70,0.9278,true,1,254055
7290001201657,false,ביצים אומגה 30 יח בי,לסר,IL,ביצים אומגה 30 יח בי,Unknown,30.00,יחידה,false,,37.90,1.2633,true,1,254010
7290001201671,false,מארז ביצים בינוני 2*,לסר,IL,מארז ביצים בינוני 2*,Unknown,60.00,יחידה,false,,55.50,0.9250,true,1,254008
7290001208403,false,חמצוצים / ליקריץ במש,,ES,חמצוצים / ליקריץ במש,קילוגרמים,1.00,"ק""ג",true,,50.00,50.0000,true,1,249634
7290001209042,false,רוסטביף מעובד קפוא ע,עטרה,IL,רוסטביף מעובד קפוא ע,קילוגרמים,1.00,"ק""ג",true,,56.90,56.9000,true,1,245739
7290001209158,false,שניצל עוף קפוא עטרה,עטרה,IL,שניצל עוף קפוא עטרה,קילוגרמים,1.00,"ק""ג",true,,31.90,31.9000,true,1,245743
7290001209189,false,נקניקיות חריפות קפוא,עטרה,IL,נקניקיות חריפות קפוא,גרמים,400.00,100 גרם,false,,9.90,2.4750,true,1,245744
7290001209271,false,חזה עוף פרימיום טרי,,,חזה עוף פרימיום טרי,קילוגרמים,1.00,"ק""ג",true,,34.90,34.9000,true,1,289928
7290001209349,false,עוף שלם טרי עטרה,,,עוף שלם טרי עטרה,קילוגרמים,1.00,"ק""ג",true,,23.90,23.9000,true,1,245747
7290001209356,false,כרעיים עוף טרי עטרה,,,כרעיים עוף טרי עטרה,קילוגרמים,1.00,"ק""ג",true,,34.90,34.9000,true,1,245748
7290001209363,false,שניצל עוף טרי עטרה,,,שניצל עוף טרי עטרה,קילוגרמים,1.00,"ק""ג",true,,35.90,35.9000,true,1,245749
7290001209370,false,ירכיים עוף טרי עטרה,,,ירכיים עוף טרי עטרה,קילוגרמים,1.00,"ק""ג",true,,31.90,31.9000,true,1,245750
7290001209387,false,שוקיים עוף טרי עטרה,,,שוקיים עוף טרי עטרה,קילוגרמים,1.00,"ק""ג",true,,36.90,36.9000,true,1,245751
7290001209394,false,כנפיים עוף טרי עטרה,,,כנפיים עוף טרי עטרה,קילוגרמים,1.00,"ק""ג",true,,15.90,15.9000,true,1,245752
7290001209516,false,סטייק עין עטרה 800 ג,עטרה,IL,סטייק עין עטרה 800 ג,גרמים,800.00,100 גרם,false,,49.90,6.2375,true,1,245755
7290001216057,false,"טחינה אל ארז 1 ק""ג",טחינה אל ארז,IL,"טחינה אל ארז 1 ק""ג",פריט,1.00,"ק""ג",false,,26.90,26.9000,true,1,285927
7290001216101,false,טחינה מלאה אל ארז 1,טחינה אל ארז,IL,טחינה מלאה אל ארז 1,פריט,1.00,"ק""ג",false,,28.90,28.9000,true,1,314648
7290001245613,false,מטליות לחות לניקוי כ,סאסאטק,IL,מטליות לחות לניקוי כ,Unknown,0.00,יחידה,false,,14.90,0.0000,true,1,305146
7290001246061,false,מרכך מרוכז טאצ' כחול,סאסאטק,IL,מרכך מרוכז טאצ' כחול,קילוגרמים,1.00,ליטר,false,,9.90,9.9000,true,1,323876
7290001246078,false,מרכך מרוכז טאצ' סגול,סאסאטק,IL,מרכך מרוכז טאצ' סגול,קילוגרמים,1.00,ליטר,false,,9.90,9.9000,true,1,324976
7290001246498,false,נוזל רצפות מגיק סחלב,סאסאטק,IL,נוזל רצפות מגיק סחלב,קילוגרמים,4.00,ליטר,false,,9.90,2.4750,true,1,268327
7290001246504,false,אקונומיקה מגיק מבושמ,סאסאטק,IL,אקונומיקה מגיק מבושמ,קילוגרמים,4.00,ליטר,false,,7.90,1.9750,true,1,268419
7290001246528,false,מרכך מרוכז טאצ' שחור,סאסאטק,IL,מרכך מרוכז טאצ' שחור,קילוגרמים,1.00,ליטר,false,,9.90,9.9000,true,1,323877
7290001247068,false,נקטר ספרינג תות בננה,יפאורה תבורי,IL,נקטר ספרינג תות בננה,קילוגרמים,1.00,ליטר,false,,6.50,6.5000,true,1,245779
7290001247082,false,נקטר ספרינג עגבניות,יפאורה תבורי,IL,נקטר ספרינג עגבניות,קילוגרמים,1.00,ליטר,false,,6.50,6.5000,true,1,245781
7290001247099,false,נקטר ספרינג מנגו 1 ל,יפאורה תבורי,IL,נקטר ספרינג מנגו 1 ל,קילוגרמים,1.00,ליטר,false,,6.50,6.5000,true,1,245782
7290001247105,false,נקטר ספרינג אפרסק 1,יפאורה תבורי,IL,נקטר ספרינג אפרסק 1,קילוגרמים,1.00,ליטר,false,,6.50,6.5000,true,1,245783
7290001247112,false,נקטר ספרינג לימון 1,יפאורה תבורי,IL,נקטר ספרינג לימון 1,קילוגרמים,1.00,ליטר,false,,6.50,6.5000,true,1,245784
7290001247129,false,נקטר ספרינג תפוז 1 ל,יפאורה תבורי,IL,נקטר ספרינג תפוז 1 ל,קילוגרמים,1.00,ליטר,false,,6.50,6.5000,true,1,245785
7290001247143,false,נקטר ספרינג תפוח 1 ל,יפאורה תבורי,IL,נקטר ספרינג תפוח 1 ל,קילוגרמים,1.00,ליטר,false,,6.50,6.5000,true,1,245786
7290001274934,false,מאגדת גלידל פרי לימו,הגלידות של פלדמן,IL,מאגדת גלידל פרי לימו,גרמים,640.00,100 גרם,false,,18.90,2.9531,true,1,312416
7290001274941,false,מאגדת גלידל פרי פטל,הגלידות של פלדמן,IL,מאגדת גלידל פרי פטל,גרמים,640.00,100 גרם,false,,18.90,2.9531,true,1,312417
7290001335895,false,שיפודי כבד עגל ארוז,נתח אדום,IL,שיפודי כבד עגל ארוז,גרמים,500.00,100 גרם,false,,29.90,5.9800,true,1,323914
7290001342183,false,סלמון אפוי על גחלים,אלדג,IL,סלמון אפוי על גחלים,קילוגרמים,1.00,"ק""ג",true,,230.00,230.0000,true,1,318943
7290001342350,false,פילה הרינג עם בצל אל,אלדג,IL,פילה הרינג עם בצל אל,גרמים,700.00,100 גרם,false,,44.90,6.4143,true,1,272836
7290001342565,false,חזרת ללא סוכר אלדג 3,אלדג,IL,חזרת ללא סוכר אלדג 3,גרמים,300.00,100 גרם,false,,16.90,5.6333,true,1,252382
7290001343845,false,גרנולה עם פירות יבשי,דין שיווק,IL,גרנולה עם פירות יבשי,פריט,1.00,"ק""ג",false,,19.90,19.9000,true,1,245820
7290001407936,false,טחינה מעודנת בארכה ל,אסם,IL,טחינה מעודנת בארכה ל,גרמים,310.00,100 גרם,false,,10.50,3.3871,true,1,292661
7290001427453,false,מיץ תפוחים פינק לייד,פריניב,IL,מיץ תפוחים פינק לייד,קילוגרמים,1.00,ליטר,false,,18.90,18.9000,true,1,320279
7290001476208,false,גבינה ברי פקאן גד במ,מחלבות גד,IL,גבינה ברי פקאן גד במ,קילוגרמים,1.00,"ק""ג",true,,119.00,119.0000,true,1,257766
7290001482094,false,פרמזנו משולש ויליפוד,זנטי,IT,פרמזנו משולש ויליפוד,גרמים,200.00,100 גרם,false,,17.90,8.9500,true,1,272174
7290001485019,false,גבינת שמנת טבעי 5% ט,טרה,IL,גבינת שמנת טבעי 5% ט,גרמים,200.00,100 גרם,false,,9.90,4.9500,true,1,245853
7290001491096,false,תה ירוק לימונית לואי,ויסוצקי,IL,תה ירוק לימונית לואי,גרמים,75.00,100 גרם,false,,36.90,49.2000,true,1,245859
7290001532065,false,טונה מעושנת הרמס במש,"הרמס דגים בע""מ",IL,טונה מעושנת הרמס במש,קילוגרמים,1.00,"ק""ג",true,,109.00,109.0000,true,1,309331
7290001532225,false,פילה מקרל מעושן הרמס,"הרמס דגים בע""מ",IL,פילה מקרל מעושן הרמס,קילוגרמים,1.00,"ק""ג",true,,69.90,69.9000,true,1,309386
7290001532249,false,מקרל מקרוסקה מעושן ה,"הרמס דגים בע""מ",IL,מקרל מקרוסקה מעושן ה,קילוגרמים,1.00,"ק""ג",true,,69.90,69.9000,true,1,309387
7290001591840,false,גבינה גאודה עלמה 1 ק,,,גבינה גאודה עלמה 1 ק,פריט,1.00,"ק""ג",false,,29.90,29.9000,true,1,322636
7290001594568,false,בירה קרלסברג פחית 5%,מבשלות בירה בינלאומי,TR,בירה קרלסברג פחית 5%,מיליליטרים,500.00,"100 מ""ל",false,,8.90,1.7800,true,1,318423
7290001594575,false,בירה טובורג רד פחית,מבשלות בירה בינלאומי,IL,בירה טובורג רד פחית,מיליליטרים,500.00,"100 מ""ל",false,,9.90,1.9800,true,1,318451
7290001594858,false,מארז בירה טובורג רד,קרלסברג ישראל,IL,מארז בירה טובורג רד,קילוגרמים,1.98,ליטר,false,,29.90,15.1010,true,1,245885
7290001594865,false,מארז בירה קרלסברג 5%,קרלסברג ישראל,IL,מארז בירה קרלסברג 5%,קילוגרמים,1.98,ליטר,false,,24.90,12.5758,true,1,245886
7290001648285,false,אבקה להכנת שוקו מוקו,רוני רג'ואן,IL,אבקה להכנת שוקו מוקו,פריט,1.30,"ק""ג",false,,11.90,9.1538,true,1,320564
7290001648643,false,מארז קפה טורקי כתר 3,רוני רג'ואן,IL,מארז קפה טורקי כתר 3,גרמים,300.00,100 גרם,false,,11.90,3.9667,true,1,272902
7290001670514,false,מלית אוכמניות הנמל 4,הנמל,IL,מלית אוכמניות הנמל 4,גרמים,400.00,100 גרם,false,,9.90,2.4750,true,1,245914
7290001670668,false,שקיות הקפאה לקרח הנמ,סאדאת איסטנבול,TR,שקיות הקפאה לקרח הנמ,Unknown,0.00,יחידה,false,,2.90,0.0000,true,1,245916
7290001670859,false,מלית דובדבנים הנמל 4,פוליבה,IL,מלית דובדבנים הנמל 4,גרמים,400.00,100 גרם,false,,9.90,2.4750,true,1,245919
7290001670873,false,צלחות גדולות עבות במ,אריזות מדף פלזית אגש,IL,צלחות גדולות עבות במ,Unknown,0.00,יחידה,false,,38.90,0.0000,true,1,245920
7290001679609,false,מארז עוגיות אוראו 4*,מונדליז,CZ,מארז עוגיות אוראו 4*,גרמים,704.00,100 גרם,false,,26.90,3.8210,true,1,302964
7290001780428,false,שלגוני לייט נסטלה שו,גלידות נסטלה,IL,שלגוני לייט נסטלה שו,גרמים,312.00,100 גרם,false,,22.90,7.3397,true,1,245933
7290001791349,false,אקונומיקה פסגה 4 ליט,סנו,IL,אקונומיקה פסגה 4 ליט,קילוגרמים,4.00,ליטר,false,,9.90,2.4750,true,1,245935
7290001791356,false,מבשם אויר סנו פרש או,סנו,IL,מבשם אויר סנו פרש או,מיליליטרים,250.00,"100 מ""ל",false,,12.90,5.1600,true,1,272938
7290001791776,false,סנו די רול און אלוור,קוסמופארם,IL,סנו די רול און אלוור,מיליליטרים,50.00,"100 מ""ל",false,,17.90,35.8000,true,1,249734
7290001813454,false,עוגיות חיוכים שוקו ע,אפיפית נצרת תעשיות ב,IL,עוגיות חיוכים שוקו ע,גרמים,900.00,100 גרם,false,,18.90,2.1000,true,1,245944
7290001813478,false,עוגיות חיוכים וניל ע,אפיפית נצרת תעשיות ב,IL,עוגיות חיוכים וניל ע,גרמים,900.00,100 גרם,false,,18.90,2.1000,true,1,245945
7290001820926,false,ליקר שוקולד ביתי 700,,,ליקר שוקולד ביתי 700,מיליליטרים,700.00,"100 מ""ל",false,,49.90,7.1286,true,1,272994
7290001867600,false,תפוח אדמה פרימיום,אראל תוצרת חקלאית בע,IL,תפוח אדמה פרימיום,Unknown,0.00,יחידה,false,,5.90,0.0000,true,1,316949
7290001867655,false,תפוח אדמה פרימיום,אראל תוצרת חקלאית בע,IL,תפוח אדמה פרימיום,Unknown,0.00,יחידה,false,,17.90,0.0000,true,1,316950
7290001873984,false,טונה בשמן ויליגר 6*1,ויליגר,,טונה בשמן ויליגר 6*1,גרמים,840.00,100 גרם,false,,27.90,3.3214,true,1,316655
7290001901052,false,רולדה גפילטע פיש הונ,דג טעים בעמ,IL,רולדה גפילטע פיש הונ,גרמים,600.00,100 גרם,false,,24.90,4.1500,true,1,245966
7290001901410,false,רולדה גפילטע פיש הונ,דג טעים בעמ,IL,רולדה גפילטע פיש הונ,גרמים,500.00,100 גרם,false,,22.90,4.5800,true,1,251910
7290001901656,false,גפילטע פיש היימיש פי,דג טעים בעמ,IL,גפילטע פיש היימיש פי,גרמים,560.00,100 גרם,false,,8.90,1.5893,true,1,293527
7290001901670,false,גפילטע פיש קלאסי 4 י,דג טעים בעמ,IL,גפילטע פיש קלאסי 4 י,גרמים,510.00,100 גרם,false,,12.90,2.5294,true,1,290228
7290001901724,false,רולדה וויט פיש דג דל,,,רולדה וויט פיש דג דל,גרמים,500.00,100 גרם,false,,22.90,4.5800,true,1,317507
7290001943496,false,כורכומין טרימוורה MP,,,כורכומין טרימוורה MP,Unknown,0.00,יחידה,false,,114.90,0.0000,true,1,319524
7290001946121,false,פפריקה מרוקאית יוחאי,תבליני ביטון,IL,פפריקה מרוקאית יוחאי,גרמים,400.00,100 גרם,false,,17.90,4.4750,true,1,254145
7290001970263,false,רחת לוקום במשקל,דין שיווק,IL,רחת לוקום במשקל,קילוגרמים,1.00,"ק""ג",true,,79.00,79.0000,true,1,304133
7290001970492,false,קשיו קלוי על גחלים ב,דין שיווק,VN,קשיו קלוי על גחלים ב,קילוגרמים,1.00,"ק""ג",true,,96.00,96.0000,true,1,299546
7290001970768,false,פקאן קלוי במשקל,דין שיווק,IL,פקאן קלוי במשקל,קילוגרמים,1.00,"ק""ג",true,,130.00,130.0000,true,1,303047
7290001970775,false,בוטן קלוי ענק במשקל,דין שיווק,CN,בוטן קלוי ענק במשקל,קילוגרמים,1.00,"ק""ג",true,,35.00,35.0000,true,1,303046
7290001979136,false,פירות קפואים במשקל,,,פירות קפואים במשקל,קילוגרמים,1.00,"ק""ג",true,,24.90,24.9000,true,1,315547
7290002003168,false,קרם ידיים פנגל 3*80,אינטרקוסמא 1985 במ,IL,קרם ידיים פנגל 3*80,גרמים,240.00,100 גרם,false,,13.90,5.7917,true,1,251978
7290002007296,false,צמר פלדה הנמל 350 גר,פלסטו פוליש,IL,צמר פלדה הנמל 350 גר,גרמים,350.00,100 גרם,false,,8.90,2.5429,true,1,245996
7290002007357,false,שקיות לצליה דליקטס 1,הנמל,IL,שקיות לצליה דליקטס 1,Unknown,0.00,יחידה,false,,3.90,0.0000,true,1,245998
7290002007487,false,צמר פלדה הנמל 100 גר,פלסטו פוליש,IL,צמר פלדה הנמל 100 גר,Unknown,0.00,יחידה,false,,2.90,0.0000,true,1,246000
7290002007500,false,קיסמי שיניים הנמל 50,הנג טונג,CN,קיסמי שיניים הנמל 50,Unknown,0.00,יחידה,false,,2.70,0.0000,true,1,246001
7290002007623,false,כוסיות ליין 50 יח,סאם גלובל תורכיה,TR,כוסיות ליין 50 יח,Unknown,0.00,יחידה,false,,3.90,0.0000,true,1,246002
7290002007760,false,"פירורי לחם הנמל 1 ק""",הנמל,IL,"פירורי לחם הנמל 1 ק""",פריט,1.00,"ק""ג",false,,9.90,9.9000,true,1,246004
7290002008040,false,שיפודים 100 יח,גרנג יוניברס,CN,שיפודים 100 יח,Unknown,0.00,יחידה,false,,2.50,0.0000,true,1,246013
7290002008071,false,עטרות חום בקופסא מס2,הנמל,IL,עטרות חום בקופסא מס2,Unknown,0.00,יחידה,false,,3.90,0.0000,true,1,246014
7290002008149,false,מדליק פחם מוצק 40 קו,מ.א.יצור ויבוא מטליו,IL,מדליק פחם מוצק 40 קו,מיליליטרים,300.00,"100 מ""ל",false,,5.90,1.9667,true,1,246016
7290002008170,false,עטרות מס 3 חום בקופס,הנמל,IL,עטרות מס 3 חום בקופס,Unknown,0.00,יחידה,false,,4.90,0.0000,true,1,246018
7290002008309,false,עטרות מס 4 חום בקופס,הנמל,IL,עטרות מס 4 חום בקופס,Unknown,0.00,יחידה,false,,4.90,0.0000,true,1,246020
7290002008460,false,עטרות חום מס 1.5 קופ,הנמל,IL,עטרות חום מס 1.5 קופ,Unknown,0.00,יחידה,false,,3.30,0.0000,true,1,246022
7290002008903,false,נייר טואלט חתוך הנמל,הויזהו טאימי פפר,CN,נייר טואלט חתוך הנמל,Unknown,0.00,יחידה,false,,14.90,0.0000,true,1,246030
7290002008989,false,קישקשים בקופסא 225 י,הנג טונג,CN,קישקשים בקופסא 225 י,Unknown,0.00,יחידה,false,,6.90,0.0000,true,1,246032
7290002015444,false,זית חרוזית בני דרום,בני דרום,IL,זית חרוזית בני דרום,פריט,1.25,"ק""ג",false,,15.90,12.7200,true,1,246076
7290002015475,false,זית מנזלינו בני דרום,בני דרום,IL,זית מנזלינו בני דרום,פריט,1.25,"ק""ג",false,,13.90,11.1200,true,1,246078
7290002015628,false,פלפל אדום בחומץ בני,בני דרום,IL,פלפל אדום בחומץ בני,גרמים,540.00,100 גרם,false,,6.90,1.2778,true,1,246083
7290002015666,false,פלפל שיפקה בני דרום,בני דרום,IL,פלפל שיפקה בני דרום,גרמים,540.00,100 גרם,false,,6.90,1.2778,true,1,246084
7290002015765,false,חציל במלח בני דרום 5,בני דרום,IL,חציל במלח בני דרום 5,גרמים,560.00,100 גרם,false,,5.90,1.0536,true,1,246085
7290002015833,false,זית חרוזית בני דרום,בני דרום,IL,זית חרוזית בני דרום,פריט,3.00,"ק""ג",false,,29.90,9.9667,true,1,246087
7290002016472,false,מלפפון במלח צנצנת בנ,בני דרום,IL,מלפפון במלח צנצנת בנ,גרמים,540.00,100 גרם,false,,7.90,1.4630,true,1,263698
7290002016830,false,כרוב כבוש בני דרום 5,בני דרום,IL,כרוב כבוש בני דרום 5,גרמים,550.00,100 גרם,false,,5.90,1.0727,true,1,254886
7290002024002,false,"חומוס שמיר 3 ק""ג",סלטי שמיר 2006 בעמ,IL,"חומוס שמיר 3 ק""ג",פריט,3.00,"ק""ג",false,,29.90,9.9667,true,1,299367
7290002026341,false,ציפס בטטה קראנצ 500,רסט האוס,,ציפס בטטה קראנצ 500,גרמים,500.00,100 גרם,false,,15.90,3.1800,true,1,289722
7290002026358,false,ציפס בטטה זיגזג קראנ,רסט האוס,,ציפס בטטה זיגזג קראנ,גרמים,500.00,100 גרם,false,,15.90,3.1800,true,1,289721
7290002026365,false,טבעות בצל קראנצ 500,פספרוסט,IL,טבעות בצל קראנצ 500,גרמים,500.00,100 גרם,false,,8.90,1.7800,true,1,289720
7290002026402,false,בלינצס גבינה ב.קראנצ,מוצרי איכות אמריקאיי,IL,בלינצס גבינה ב.קראנצ,גרמים,350.00,100 גרם,false,,9.90,2.8286,true,1,272413
7290002026440,false,פרצל ב.קראנצ 280 גרם,מוצרי איכות אמריקאיי,IL,פרצל ב.קראנצ 280 גרם,גרמים,280.00,100 גרם,false,,10.90,3.8929,true,1,272411
7290002026587,false,וופל בלגי ב.קראנצ 2,ביסקוטר ת.ס,BE,וופל בלגי ב.קראנצ 2,גרמים,280.00,100 גרם,false,,9.90,3.5357,true,1,311509
7290002035121,false,מטיאס בשמן אלדג 300,אלדג,IL,מטיאס בשמן אלדג 300,גרמים,300.00,100 גרם,false,,44.90,14.9667,true,1,273136
7290002035206,false,חזרת אלדג 360 גרם,אלדג,IL,חזרת אלדג 360 גרם,גרמים,360.00,100 גרם,false,,16.90,4.6944,true,1,246091
7290002035312,false,טונה מעושנת אלדג במש,אלדג,IL,טונה מעושנת אלדג במש,קילוגרמים,1.00,"ק""ג",true,,199.00,199.0000,true,1,273141
7290002035336,false,פילה הרינג הולנדי אל,אלדג,IL,פילה הרינג הולנדי אל,גרמים,300.00,100 גרם,false,,24.90,8.3000,true,1,273142
7290002035343,false,הרינג כבוש אלדג 300,אלדג,IL,הרינג כבוש אלדג 300,גרמים,300.00,100 גרם,false,,24.90,8.3000,true,1,273143
7290002035862,false,פילה הרינג הולנדי אל,אלדג,IL,פילה הרינג הולנדי אל,גרמים,700.00,100 גרם,false,,44.90,6.4143,true,1,318941
7290002035879,false,פילה הרינג כבוש אלדג,אלדג,IL,פילה הרינג כבוש אלדג,גרמים,700.00,100 גרם,false,,44.90,6.4143,true,1,318942
7290002035886,false,פילה הרינג עם בצל וש,אלדג,IL,פילה הרינג עם בצל וש,גרמים,300.00,100 גרם,false,,24.90,8.3000,true,1,273146
7290002035947,false,מעדן נסיכת הנילוס מע,אלדג,IL,מעדן נסיכת הנילוס מע,קילוגרמים,1.00,"ק""ג",true,,199.00,199.0000,true,1,318944
7290002037194,false,לחם שחור מלא ודש 750,מאפית י את א ברמן בע,IL,לחם שחור מלא ודש 750,גרמים,750.00,100 גרם,false,,12.90,1.7200,true,1,252447
7290002037309,false,לחמניות המבורגר ודש,מאפית י את א ברמן בע,IL,לחמניות המבורגר ודש,גרמים,400.00,100 גרם,false,,12.90,3.2250,true,1,250516
7290002040064,false,קוסקוס דק מזון 350 ג,קוסקוס מזון,IL,קוסקוס דק מזון 350 ג,גרמים,350.00,100 גרם,false,,3.90,1.1143,true,1,246094
7290002040071,false,קוסקוס עבה מזון 350,קוסקוס מזון,IL,קוסקוס עבה מזון 350,גרמים,350.00,100 גרם,false,,3.90,1.1143,true,1,246095
7290002040088,false,קוסקוס מלא מזון 350,קוסקוס מזון,IL,קוסקוס מלא מזון 350,גרמים,350.00,100 גרם,false,,5.50,1.5714,true,1,246096
7290002040095,false,מארז קוסקוס מזון 3*3,קוסקוס מזון,IL,מארז קוסקוס מזון 3*3,פריט,1.05,"ק""ג",false,,11.90,11.3333,true,1,249343
7290002044628,false,שומן כבש קפוא עטרה 2,,,שומן כבש קפוא עטרה 2,גרמים,200.00,100 גרם,false,,24.90,12.4500,true,1,253201
7290002065555,false,לחמניות רגילות אנגל,מאפית אנגל,IL,לחמניות רגילות אנגל,גרמים,450.00,100 גרם,false,,9.90,2.2000,true,1,303484
7290002065616,false,לחם שיפון בתוספת גרע,מאפית אנגל,IL,לחם שיפון בתוספת גרע,גרמים,750.00,100 גרם,false,,12.90,1.7200,true,1,303463
7290002065623,false,לחם שיפון כפרי אחדות,מאפית אורנים,IL,לחם שיפון כפרי אחדות,גרמים,750.00,100 גרם,false,,12.90,1.7200,true,1,303468
7290002077268,false,מיני קציצות דג לבישו,דלידג,IL,מיני קציצות דג לבישו,גרמים,500.00,100 גרם,false,,18.90,3.7800,true,1,259581
7290002077725,false,סלמון מעושן ויקינג 1,דלידג,IL,סלמון מעושן ויקינג 1,גרמים,100.00,100 גרם,false,,9.90,9.9000,true,1,257436
7290002096498,false,דובשניות חפץ 600 גרם,דובשנית,IL,דובשניות חפץ 600 גרם,גרמים,600.00,100 גרם,false,,8.90,1.4833,true,1,253128
7290002107071,false,גבינת בולגרית עיזים,מחלבת משק צוריאל,IL,גבינת בולגרית עיזים,גרמים,200.00,100 גרם,false,,19.90,9.9500,true,1,268321
7290002107385,false,גבינה מה עז 20% צורי,מחלבת משק צוריאל,IL,גבינה מה עז 20% צורי,גרמים,180.00,100 גרם,false,,17.90,9.9444,true,1,268648
7290002107491,false,גבינת עיזים 5% למריח,מחלבת משק צוריאל,IL,גבינת עיזים 5% למריח,גרמים,250.00,100 גרם,false,,13.90,5.5600,true,1,246106
7290002107798,false,גבינה בולגרית מעודנת,מחלבת משק צוריאל,IL,גבינה בולגרית מעודנת,גרמים,250.00,100 גרם,false,,17.90,7.1600,true,1,246107
7290002109037,false,טחון עוף נתח בקר 500,טיבון ויל,IL,טחון עוף נתח בקר 500,גרמים,500.00,100 גרם,false,,8.90,1.7800,true,1,256740
7290002109044,false,הודו טחון נתח בקר 50,טיבון ויל,IL,הודו טחון נתח בקר 50,גרמים,500.00,100 גרם,false,,8.90,1.7800,true,1,256739
7290002109051,false,בקר טחון נתח בקר 500,טיבון ויל,IL,בקר טחון נתח בקר 500,גרמים,500.00,100 גרם,false,,10.90,2.1800,true,1,256741
7290002109372,false,בורקס פילו גבינה בול,שלושת האופים,IL,בורקס פילו גבינה בול,גרמים,700.00,100 גרם,false,,16.90,2.4143,true,1,268496
7290002111085,false,רוטב עגבניות מרוכז מ,זנלכל,IL,רוטב עגבניות מרוכז מ,גרמים,100.00,100 גרם,false,,2.20,2.2000,true,1,246108
7290002111122,false,"רסק תפו""ע בתוספת סוכ",זנלכל,IL,"רסק תפו""ע בתוספת סוכ",גרמים,560.00,100 גרם,false,,8.90,1.5893,true,1,246109
7290002111139,false,"רסק תפו""ע ללא תוספת",זנלכל,IL,"רסק תפו""ע ללא תוספת",גרמים,560.00,100 גרם,false,,8.90,1.5893,true,1,246110
7290002111214,false,תירס גרעינים לייט מב,זנלכל,IL,תירס גרעינים לייט מב,גרמים,550.00,100 גרם,false,,5.90,1.0727,true,1,246111
7290002111313,false,עגבניות קוביות מבורך,זנלכל,IL,עגבניות קוביות מבורך,גרמים,800.00,100 גרם,false,,9.90,1.2375,true,1,246113
7290002111337,false,רוטב עגבניות מרוכז מ,זנלכל,IL,רוטב עגבניות מרוכז מ,גרמים,240.00,100 גרם,false,,3.90,1.6250,true,1,246114
7290002111634,false,חומוס שלם מבורך 550,זנלכל,IL,חומוס שלם מבורך 550,גרמים,550.00,100 גרם,false,,6.90,1.2545,true,1,246117
7290002111665,false,רוטב עגבניות 28% מבו,זנלכל,IL,רוטב עגבניות 28% מבו,גרמים,600.00,100 גרם,false,,9.90,1.6500,true,1,246118
7290002111672,false,רוטב עגבניות 22% מבו,זנלכל,IL,רוטב עגבניות 22% מבו,גרמים,570.00,100 גרם,false,,7.90,1.3860,true,1,246119
7290002111696,false,עגבניות מרוסקות מבור,זנלכל,IL,עגבניות מרוסקות מבור,גרמים,800.00,100 גרם,false,,9.90,1.2375,true,1,246121
7290002111764,false,שעועית לבנה ברוטב מב,זנלכל,IL,שעועית לבנה ברוטב מב,גרמים,560.00,100 גרם,false,,6.90,1.2321,true,1,246123
7290002111818,false,תירס גרעינים מבורך 4,זנלכל,IL,תירס גרעינים מבורך 4,גרמים,400.00,100 גרם,false,,5.90,1.4750,true,1,246124
7290002111825,false,תירס גרעינים מבורך 5,זנלכל,IL,תירס גרעינים מבורך 5,גרמים,550.00,100 גרם,false,,6.90,1.2545,true,1,246125
7290002111948,false,שעועית ירוקה מבורך 5,זנלכל,IL,שעועית ירוקה מבורך 5,גרמים,550.00,100 גרם,false,,9.90,1.8000,true,1,246127
7290002118435,false,צמרוני אוזניים ביוטי,ספה,TR,צמרוני אוזניים ביוטי,Unknown,0.00,יחידה,false,,4.90,0.0000,true,1,249344
7290002129424,false,שניצל דג מצופה דלידג,דלידג,IL,שניצל דג מצופה דלידג,פריט,1.00,"ק""ג",false,,29.90,29.9000,true,1,294553
7290002129493,false,מארז פיצה איטלקית דק,,,מארז פיצה איטלקית דק,גרמים,960.00,100 גרם,false,,24.90,2.5937,true,1,296569
7290002131748,false,בשר מס 9 קשתית קפוא,,,בשר מס 9 קשתית קפוא,קילוגרמים,1.00,"ק""ג",true,,39.90,39.9000,true,1,252979
7290002132011,false,עוגיות מזרחיות עבאדי,עבאדי,IL,עוגיות מזרחיות עבאדי,גרמים,400.00,100 גרם,false,,14.90,3.7250,true,1,273233
7290002133032,false,גבינה קשקבל מגורדת ש,מחלבת השומרון,IL,גבינה קשקבל מגורדת ש,גרמים,300.00,100 גרם,false,,21.90,7.3000,true,1,257660
7290002133131,false,גבינת ריקוטה 5% שומר,מחלבת השומרון,IL,גבינת ריקוטה 5% שומר,גרמים,250.00,100 גרם,false,,13.90,5.5600,true,1,261546
7290002133506,false,יוגורט עיזים שומרון,מחלבת השומרון,IL,יוגורט עיזים שומרון,גרמים,400.00,100 גרם,false,,9.90,2.4750,true,1,256898
7290002133551,false,לאבנה עם שמן זית וזע,מחלבת השומרון,IL,לאבנה עם שמן זית וזע,גרמים,500.00,100 גרם,false,,14.90,2.9800,true,1,256900
7290002133889,false,גבינה בולגרית מעודנת,מחלבת השומרון,IL,גבינה בולגרית מעודנת,גרמים,250.00,100 גרם,false,,18.90,7.5600,true,1,256893
7290002157427,false,סינטה בקר טרי עטרה,,,סינטה בקר טרי עטרה,קילוגרמים,1.00,"ק""ג",true,,79.90,79.9000,true,1,291412
7290002157694,false,כבד עוף צלוי טרי עטר,,,כבד עוף צלוי טרי עטר,גרמים,200.00,100 גרם,false,,24.90,12.4500,true,1,289873
7290002157953,false,טונה בשמן קנולה וילי,,,טונה בשמן קנולה וילי,גרמים,560.00,100 גרם,false,,18.90,3.3750,true,1,292068
7290002157960,false,טונה במים ויליגר 4*1,ויליגר,,טונה במים ויליגר 4*1,גרמים,560.00,100 גרם,false,,18.90,3.3750,true,1,291011
7290002206682,false,שניצל עוף פרימיום טר,,,שניצל עוף פרימיום טר,קילוגרמים,1.00,"ק""ג",true,,48.90,48.9000,true,1,289572
7290002206729,false,עצמות מח קפוא קהילות,,,עצמות מח קפוא קהילות,קילוגרמים,1.00,"ק""ג",true,,44.90,44.9000,true,1,268620
7290002206736,false,עצמות עגל קהילות,,,עצמות עגל קהילות,קילוגרמים,1.00,"ק""ג",true,,29.90,29.9000,true,1,304964
7290002253006,false,שום כתוש דורות 200 ג,דורות,IL,שום כתוש דורות 200 ג,גרמים,200.00,100 גרם,false,,12.90,6.4500,true,1,246178
7290002253105,false,שום קוביות דורות 80,דורות,IL,שום קוביות דורות 80,גרמים,80.00,100 גרם,false,,8.90,11.1250,true,1,246180
7290002253150,false,בזיליקום קצוץ דורות,דורות,IL,בזיליקום קצוץ דורות,גרמים,70.00,100 גרם,false,,8.90,12.7143,true,1,246181
7290002253167,false,פטרוזיליה קצוצה דורו,דורות,IL,פטרוזיליה קצוצה דורו,גרמים,70.00,100 גרם,false,,8.90,12.7143,true,1,246182
7290002253181,false,כוסברה קצוצה דורות 7,דורות,IL,כוסברה קצוצה דורות 7,גרמים,70.00,100 גרם,false,,8.90,12.7143,true,1,246184
7290002253198,false,גינגר כתוש דורות 70,דורות,IL,גינגר כתוש דורות 70,גרמים,70.00,100 גרם,false,,8.90,12.7143,true,1,246185
7290002253235,false,רוטב פסטו דורות 160,דורות,IL,רוטב פסטו דורות 160,גרמים,160.00,100 גרם,false,,10.90,6.8125,true,1,308629
7290002255048,false,קובה למרק אלקיים 800,חטיפי אלקיים בעמ,IL,קובה למרק אלקיים 800,גרמים,800.00,100 גרם,false,,21.90,2.7375,true,1,251585
7290002255055,false,פלאפל אלקיים 700 גרם,חטיפי אלקיים בעמ,IL,פלאפל אלקיים 700 גרם,גרמים,700.00,100 גרם,false,,13.90,1.9857,true,1,251587
7290002255086,false,קובה ביתית אלקיים 70,חטיפי אלקיים בעמ,IL,קובה ביתית אלקיים 70,גרמים,700.00,100 גרם,false,,21.90,3.1286,true,1,251584
7290002255116,false,קרפלך בשר אלקיים 800,חטיפי אלקיים בעמ,IL,קרפלך בשר אלקיים 800,גרמים,800.00,100 גרם,false,,21.90,2.7375,true,1,251590
7290002255185,false,סמבוסק חומוס אלקיים,חטיפי אלקיים בעמ,IL,סמבוסק חומוס אלקיים,גרמים,600.00,100 גרם,false,,21.90,3.6500,true,1,251591
7290002255215,false,עלי סיגר אלקיים 500,חטיפי אלקיים בעמ,IL,עלי סיגר אלקיים 500,גרמים,500.00,100 גרם,false,,7.90,1.5800,true,1,251588
7290002255284,false,קובה חמוסטה אלקיים 8,חטיפי אלקיים בעמ,IL,קובה חמוסטה אלקיים 8,גרמים,800.00,100 גרם,false,,21.90,2.7375,true,1,251586
7290002281429,false,סטייק טונה אדומה דלי,בון צון פישארי,VN,סטייק טונה אדומה דלי,קילוגרמים,1.00,"ק""ג",true,,54.90,54.9000,true,1,304635
7290002281436,false,סטייק טונה בהירה דלי,דלידג,IL,סטייק טונה בהירה דלי,קילוגרמים,1.00,"ק""ג",true,,44.90,44.9000,true,1,305102
7290002281443,false,סטייק טונה דלידג,בון צון פישארי,VN,סטייק טונה דלידג,קילוגרמים,1.00,"ק""ג",true,,39.90,39.9000,true,1,304636
7290002281498,false,צהובה מגורדת ריצ 500,שלושת האופים,IL,צהובה מגורדת ריצ 500,גרמים,500.00,100 גרם,false,,17.90,3.5800,true,1,304675
7290002281955,false,בשר מס 6 פילה מדומה,פניסקור בארת,,בשר מס 6 פילה מדומה,קילוגרמים,1.00,"ק""ג",true,,34.90,34.9000,true,1,313071
7290002285052,false,סינטה בקר מעובד מופש,,,סינטה בקר מעובד מופש,קילוגרמים,1.00,"ק""ג",true,,49.90,49.9000,true,1,250142
7290002285069,false,קבב חריף אש עטרה 500,,,קבב חריף אש עטרה 500,גרמים,500.00,100 גרם,false,,14.90,2.9800,true,1,250978
7290002285816,false,שניצל עוף פרימיום טר,,,שניצל עוף פרימיום טר,קילוגרמים,1.00,"ק""ג",true,,42.90,42.9000,true,1,289573
7290002285830,false,פילה עוף טרי עטרה,,,פילה עוף טרי עטרה,קילוגרמים,1.00,"ק""ג",true,,36.90,36.9000,true,1,256080
7290002292142,false,קבב אנגוס עטרה 700 ג,טיבון ויל,IL,קבב אנגוס עטרה 700 ג,גרמים,700.00,100 גרם,false,,29.90,4.2714,true,1,320917
7290002292159,false,המבורגר אנגוס עטרה 7,טיבון ויל,IL,המבורגר אנגוס עטרה 7,גרמים,700.00,100 גרם,false,,29.90,4.2714,true,1,320918
7290002292166,false,קבבוני טלה עטרה 700,טיבון ויל,IL,קבבוני טלה עטרה 700,גרמים,700.00,100 גרם,false,,29.90,4.2714,true,1,320919
7290002292173,false,שיפודי קבב עטרה 700,טיבון ויל,IL,שיפודי קבב עטרה 700,גרמים,700.00,100 גרם,false,,29.90,4.2714,true,1,320920
7290002292203,false,פילה עוף פרימיום טר,,,פילה עוף פרימיום טר,קילוגרמים,1.00,"ק""ג",true,,44.90,44.9000,true,1,320927
7290002292210,false,שניצל פרימיום טרי מה,,,שניצל פרימיום טרי מה,קילוגרמים,1.00,"ק""ג",true,,49.90,49.9000,true,1,320928
7290002292227,false,כנפיים עוף פרימיום ח,,,כנפיים עוף פרימיום ח,קילוגרמים,1.00,"ק""ג",true,,17.90,17.9000,true,1,320929
7290002292234,false,שוקיים עוף פרימיום ב,,,שוקיים עוף פרימיום ב,קילוגרמים,1.00,"ק""ג",true,,39.90,39.9000,true,1,320930
7290002292265,false,"פרגית לתנור ע""ע טרי",,,"פרגית לתנור ע""ע טרי",קילוגרמים,1.00,"ק""ג",true,,59.90,59.9000,true,1,321061
7290002292289,false,"פרגית לתנור ע""ע טרי",,,"פרגית לתנור ע""ע טרי",קילוגרמים,1.00,"ק""ג",true,,48.90,48.9000,true,1,321745
7290002292906,false,"חזה עוף טרי חב""ד לנד",,,"חזה עוף טרי חב""ד לנד",קילוגרמים,1.00,"ק""ג",true,,49.90,49.9000,true,1,323492
7290002292982,false,מרגז אמיתי עטרה 700,טיבון ויל,IL,מרגז אמיתי עטרה 700,גרמים,700.00,100 גרם,false,,29.90,4.2714,true,1,324132
7290002292999,false,נקניקיות עוף פיקנטיו,,,נקניקיות עוף פיקנטיו,גרמים,400.00,100 גרם,false,,11.90,2.9750,true,1,323959
7290002296003,false,נקניקיות עוף קראנץ',עטרה,IL,נקניקיות עוף קראנץ',פריט,1.00,"ק""ג",false,,23.90,23.9000,true,1,324213
7290002319023,false,סוכר וניל מיה 10 יח,מיה תעשיות מזון בעמ,IL,סוכר וניל מיה 10 יח,גרמים,100.00,100 גרם,false,,1.90,1.9000,true,1,246209
7290002319030,false,אבקת בצל מיה 80 גרם,מיה תעשיות מזון בעמ,IL,אבקת בצל מיה 80 גרם,גרמים,80.00,100 גרם,false,,5.80,7.2500,true,1,246210
7290002319146,false,שעועית אדומה מיה 500,מיה תעשיות מזון בעמ,IL,שעועית אדומה מיה 500,גרמים,500.00,100 גרם,false,,7.50,1.5000,true,1,263706
7290002319405,false,קינמון מיה 80 גרם,מיה תעשיות מזון בעמ,IL,קינמון מיה 80 גרם,גרמים,80.00,100 גרם,false,,5.80,7.2500,true,1,246216
7290002319412,false,פפריקה חריפה מיה 80,מיה תעשיות מזון בעמ,IL,פפריקה חריפה מיה 80,גרמים,80.00,100 גרם,false,,5.80,7.2500,true,1,246217
7290002319429,false,פפריקה מתוקה מיה 80,מיה תעשיות מזון בעמ,IL,פפריקה מתוקה מיה 80,גרמים,80.00,100 גרם,false,,5.80,7.2500,true,1,246218
7290002319436,false,פלפל שחור מיה 70 גרם,מיה תעשיות מזון בעמ,IL,פלפל שחור מיה 70 גרם,גרמים,70.00,100 גרם,false,,8.90,12.7143,true,1,246219
7290002319443,false,כמון מיה 80 גרם,מיה תעשיות מזון בעמ,IL,כמון מיה 80 גרם,גרמים,80.00,100 גרם,false,,5.80,7.2500,true,1,246220
7290002319450,false,כורכום מיה 80 גרם,מיה תעשיות מזון בעמ,IL,כורכום מיה 80 גרם,גרמים,80.00,100 גרם,false,,5.80,7.2500,true,1,246221
7290002319474,false,אבקת שום מיה 80 גרם,מיה תעשיות מזון בעמ,IL,אבקת שום מיה 80 גרם,גרמים,80.00,100 גרם,false,,7.90,9.8750,true,1,246223
7290002319580,false,מלח לימון מיה 100 גר,מיה תעשיות מזון בעמ,IL,מלח לימון מיה 100 גר,גרמים,100.00,100 גרם,false,,5.80,5.8000,true,1,246224
7290002319597,false,כוסברה מיה 80 גרם,מיה תעשיות מזון בעמ,IL,כוסברה מיה 80 גרם,גרמים,80.00,100 גרם,false,,5.80,7.2500,true,1,246225
7290002319641,false,גריל עוף מיה 80 גרם,מיה תעשיות מזון בעמ,IL,גריל עוף מיה 80 גרם,גרמים,80.00,100 גרם,false,,5.80,7.2500,true,1,246229
7290002319658,false,תבלין לסטייק מיה 80,מיה תעשיות מזון בעמ,IL,תבלין לסטייק מיה 80,גרמים,80.00,100 גרם,false,,5.80,7.2500,true,1,246230
7290002319689,false,סודה לשתיה מיה 150 ג,מיה תעשיות מזון בעמ,IL,סודה לשתיה מיה 150 ג,גרמים,150.00,100 גרם,false,,5.80,3.8667,true,1,246231
7290002319696,false,פלפל לבן מיה 70 גרם,מיה תעשיות מזון בעמ,IL,פלפל לבן מיה 70 גרם,גרמים,70.00,100 גרם,false,,8.90,12.7143,true,1,246232
7290002319702,false,ציפורן שלם מיה 40 גר,מיה תעשיות מזון בעמ,IL,ציפורן שלם מיה 40 גר,גרמים,40.00,100 גרם,false,,8.90,22.2500,true,1,246233
7290002327042,false,בורקס תפוא ש.האופים,שלושת האופים,IL,בורקס תפוא ש.האופים,גרמים,800.00,100 גרם,false,,16.90,2.1125,true,1,246245
7290002327059,false,בצק עלים ש.האופים 1,שלושת האופים,IL,בצק עלים ש.האופים 1,פריט,1.00,"ק""ג",false,,16.90,16.9000,true,1,246246
7290002327066,false,קונכיות בצק למילוי ש,שלושת האופים,IL,קונכיות בצק למילוי ש,גרמים,625.00,100 גרם,false,,16.90,2.7040,true,1,246247
7290002327073,false,בורקס גבינה ש.האופים,שלושת האופים,IL,בורקס גבינה ש.האופים,גרמים,800.00,100 גרם,false,,16.90,2.1125,true,1,246248
7290002345299,false,פילה סלמון טרי דלידג,,,פילה סלמון טרי דלידג,קילוגרמים,1.00,"ק""ג",true,,79.90,79.9000,true,1,300168
7290002348160,false,תירס גמדי ויליגר 425,ויליגר,IL,תירס גמדי ויליגר 425,גרמים,425.00,100 גרם,false,,5.90,1.3882,true,1,246257
7290002360124,false,חליטת צמחים פומפדור,טייקנה,DE,חליטת צמחים פומפדור,גרמים,70.00,100 גרם,false,,11.90,17.0000,true,1,265550
7290002360155,false,חליטת צמחים פומפדור,טייקנה,DE,חליטת צמחים פומפדור,גרמים,40.00,100 גרם,false,,11.90,29.7500,true,1,265554
7290002360278,false,חליטת צמחים פומפדור,טייקנה,DE,חליטת צמחים פומפדור,גרמים,45.00,100 גרם,false,,11.90,26.4444,true,1,265551
7290002360285,false,חליטת צמחים פומפדור,טייקנה,DE,חליטת צמחים פומפדור,גרמים,30.00,100 גרם,false,,11.90,39.6667,true,1,265553
7290002381808,false,נר נשמה בפח 24 שעות,,CN,נר נשמה בפח 24 שעות,Unknown,0.00,יחידה,false,,1.20,0.0000,true,1,249405
7290002385738,false,גבינה מנצגו גד במשקל,מחלבות גד,IL,גבינה מנצגו גד במשקל,קילוגרמים,1.00,"ק""ג",true,,99.00,99.0000,true,1,256966
7290002385745,false,גבינה פקורינו גד במש,מחלבות גד,IL,גבינה פקורינו גד במש,קילוגרמים,1.00,"ק""ג",true,,99.00,99.0000,true,1,256967
7290002386834,false,נקניקיות עוף קפוא קה,,,נקניקיות עוף קפוא קה,גרמים,400.00,100 גרם,false,,11.90,2.9750,true,1,254003
7290002405757,false,פת בוקר חיטה מלאה 1,מצות כרמל,IL,פת בוקר חיטה מלאה 1,פריט,1.00,"ק""ג",false,,19.90,19.9000,true,1,252988
7290002487364,false,בורקס פילו גבינה וזי,שלושת האופים,IL,בורקס פילו גבינה וזי,גרמים,700.00,100 גרם,false,,16.90,2.4143,true,1,268497
7290002505013,false,כרעיים עוף קפוא קהיל,קהילות,IL,כרעיים עוף קפוא קהיל,קילוגרמים,1.00,"ק""ג",true,,34.90,34.9000,true,1,253159
7290002505020,false,שוקיים עוף קפוא קהיל,קהילות,IL,שוקיים עוף קפוא קהיל,קילוגרמים,1.00,"ק""ג",true,,38.90,38.9000,true,1,253160
7290002505037,false,ירכיים עוף קפוא קהיל,,,ירכיים עוף קפוא קהיל,קילוגרמים,1.00,"ק""ג",true,,34.90,34.9000,true,1,253161
7290002505051,false,כנפיים עוף קפוא קהיל,קהילות,IL,כנפיים עוף קפוא קהיל,קילוגרמים,1.00,"ק""ג",true,,16.90,16.9000,true,1,253163
7290002505068,false,שניצל עוף קפוא קהילו,,,שניצל עוף קפוא קהילו,קילוגרמים,1.00,"ק""ג",true,,37.90,37.9000,true,1,253164
7290002505075,false,גרונות עוף קפוא קהיל,,,גרונות עוף קפוא קהיל,קילוגרמים,1.00,"ק""ג",true,,9.90,9.9000,true,1,253165
7290002505105,false,עוף שלם טרי קהילות,,,עוף שלם טרי קהילות,קילוגרמים,1.00,"ק""ג",true,,24.90,24.9000,true,1,253175
7290002505112,false,שוקיים עוף טרי קהילו,,,שוקיים עוף טרי קהילו,קילוגרמים,1.00,"ק""ג",true,,39.90,39.9000,true,1,253176
7290002505129,false,ירכיים עוף טרי קהילו,,,ירכיים עוף טרי קהילו,קילוגרמים,1.00,"ק""ג",true,,34.90,34.9000,true,1,253177
7290002505136,false,כנפיים עוף טרי קהילו,,,כנפיים עוף טרי קהילו,קילוגרמים,1.00,"ק""ג",true,,18.90,18.9000,true,1,253178
7290002505143,false,שניצל עוף טרי קהילות,,,שניצל עוף טרי קהילות,קילוגרמים,1.00,"ק""ג",true,,42.90,42.9000,true,1,253179
7290002505198,false,פרגיות עוף קפוא קהיל,,,פרגיות עוף קפוא קהיל,קילוגרמים,1.00,"ק""ג",true,,69.90,69.9000,true,1,253168
7290002505204,false,פרגית עוף טרי קהילות,,,פרגית עוף טרי קהילות,קילוגרמים,1.00,"ק""ג",true,,74.90,74.9000,true,1,253183
7290002505266,false,חזה עוף חצוי טרי קהי,,,חזה עוף חצוי טרי קהי,קילוגרמים,1.00,"ק""ג",true,,22.90,22.9000,true,1,253184
7290002505297,false,עוף מס 2 קפוא קהילות,קהילות,IL,עוף מס 2 קפוא קהילות,קילוגרמים,1.00,"ק""ג",true,,23.90,23.9000,true,1,253157
7290002505303,false,עוף מס 3 קפוא קהילות,קהילות,IL,עוף מס 3 קפוא קהילות,קילוגרמים,1.00,"ק""ג",true,,23.90,23.9000,true,1,253158
7290002505464,false,כרעיים עוף טרי קהילו,,,כרעיים עוף טרי קהילו,קילוגרמים,1.00,"ק""ג",true,,36.90,36.9000,true,1,253186
7290002505471,false,חזה עוף טרי קהילות,,,חזה עוף טרי קהילות,קילוגרמים,1.00,"ק""ג",true,,39.90,39.9000,true,1,253187
7290002505617,false,כנפיים הודו קפוא קהי,,,כנפיים הודו קפוא קהי,קילוגרמים,1.00,"ק""ג",true,,12.90,12.9000,true,1,253172
7290002505624,false,שוקיים הודו קפוא קהי,,,שוקיים הודו קפוא קהי,קילוגרמים,1.00,"ק""ג",true,,24.90,24.9000,true,1,253173
7290002512004,false,מלוואח צנעני 900 גרם,צנעני,IL,מלוואח צנעני 900 גרם,גרמים,900.00,100 גרם,false,,9.90,1.1000,true,1,255784
7290002512011,false,גחנון צנעני 900 גרם,צנעני,IL,גחנון צנעני 900 גרם,גרמים,900.00,100 גרם,false,,9.90,1.1000,true,1,255785
7290002512035,false,"בצק עלים צנעני 1 ק""ג",צנעני,IL,"בצק עלים צנעני 1 ק""ג",פריט,1.00,"ק""ג",false,,9.90,9.9000,true,1,255786
7290002512257,false,מלוואח מופחת שומן רו,צנעני,IL,מלוואח מופחת שומן רו,גרמים,700.00,100 גרם,false,,11.90,1.7000,true,1,323494
7290002512509,false,מלוואח אלפא 700 גרם,,,מלוואח אלפא 700 גרם,גרמים,700.00,100 גרם,false,,5.90,0.8429,true,1,294788
7290002512547,false,בצק עלים אלפא 750 גר,צנעני,IL,בצק עלים אלפא 750 גר,גרמים,750.00,100 גרם,false,,5.90,0.7867,true,1,315494
7290002512554,false,גחנון אלפא 700 גרם,,,גחנון אלפא 700 גרם,גרמים,700.00,100 גרם,false,,5.90,0.8429,true,1,294789
7290002538110,false,קרמבו 32 יח',,,קרמבו 32 יח',Unknown,0.00,יחידה,false,,26.90,0.0000,true,1,319352
7290002538899,false,קרמבו 12 יח',,,קרמבו 12 יח',גרמים,300.00,100 גרם,false,,7.90,2.6333,true,1,273445
7290002542780,false,מארז בירה סטלה 5% 6*,,,מארז בירה סטלה 5% 6*,קילוגרמים,1.98,ליטר,false,,34.90,17.6263,true,1,319643
7290002543237,false,קורנפלקס קלוגס 750 ג,קלוגס,DE,קורנפלקס קלוגס 750 ג,גרמים,750.00,100 גרם,false,,13.90,1.8533,true,1,256449
7290002552260,false,קרחוני לייט בטעמי פי,"גלידות ריאו ביח""ר לג",IL,קרחוני לייט בטעמי פי,גרמים,720.00,100 גרם,false,,14.50,2.0139,true,1,246345
7290002552345,false,שלגוני גלי גל 8 יח',"גלידות ריאו ביח""ר לג",IL,שלגוני גלי גל 8 יח',גרמים,600.00,100 גרם,false,,12.90,2.1500,true,1,246346
7290002552499,false,קרחוני ריאו פרי מנגו,"גלידות ריאו ביח""ר לג",IL,קרחוני ריאו פרי מנגו,גרמים,720.00,100 גרם,false,,14.50,2.0139,true,1,246348
7290002552772,false,קרחוני ריאו בטעמים 1,"גלידות ריאו ביח""ר לג",IL,קרחוני ריאו בטעמים 1,גרמים,820.00,100 גרם,false,,9.90,1.2073,true,1,246349
7290002603474,false,פיצת השף רוטב פטריות,סוילה אס.אר.אל,IT,פיצת השף רוטב פטריות,גרמים,200.00,100 גרם,false,,14.90,7.4500,true,1,301321
7290002603504,false,פיצת השף עגבניות שרי,סוילה אס.אר.אל,IT,פיצת השף עגבניות שרי,גרמים,200.00,100 גרם,false,,14.90,7.4500,true,1,301322
7290002603634,false,משולש פיצה מרגריטה ש,שמגור בעמ,IL,משולש פיצה מרגריטה ש,גרמים,80.00,100 גרם,false,,2.80,3.5000,true,1,299478
7290002612124,false,פילה מדומה בקר טרי א,,,פילה מדומה בקר טרי א,קילוגרמים,1.00,"ק""ג",true,,79.90,79.9000,true,1,304980
7290002612360,false,סטייק עם עצם וויל טר,,,סטייק עם עצם וויל טר,קילוגרמים,1.00,"ק""ג",true,,99.90,99.9000,true,1,309868
7290002657408,false,טונה בשמן פוסידון 96,פוסידון,IL,טונה בשמן פוסידון 96,גרמים,960.00,100 גרם,false,,29.90,3.1146,true,1,253968
7290002657866,false,פילה אמנון דלידג העד,דלידג,IL,פילה אמנון דלידג העד,קילוגרמים,1.00,"ק""ג",true,,24.90,24.9000,true,1,265213
7290002661153,false,"לחם דני קל ברמן 1 ק""",מאפית י את א ברמן בע,IL,"לחם דני קל ברמן 1 ק""",פריט,1.00,"ק""ג",false,,14.90,14.9000,true,1,250536
7290002661214,false,לחם קל גלילי ברמן 75,מאפית י את א ברמן בע,IL,לחם קל גלילי ברמן 75,גרמים,750.00,100 גרם,false,,11.90,1.5867,true,1,254230
7290002661535,false,פירורי לחם מוזהבים 1,מאפית י את א ברמן בע,IL,פירורי לחם מוזהבים 1,פריט,1.00,"ק""ג",false,,9.90,9.9000,true,1,302575
7290002661900,false,מארז 6 לחמניות 720 ג,מאפית י את א ברמן בע,IL,מארז 6 לחמניות 720 ג,גרמים,720.00,100 גרם,false,,10.90,1.5139,true,1,302740
7290002661948,false,מארז 6 לחמניות כפריו,מאפית י את א ברמן בע,IL,מארז 6 לחמניות כפריו,גרמים,720.00,100 גרם,false,,10.90,1.5139,true,1,303133
7290002664987,false,שוקונית בפח 500 גרם,דרומה י.א.ט בעמ,IL,שוקונית בפח 500 גרם,גרמים,500.00,100 גרם,false,,11.90,2.3800,true,1,246372
7290002692768,false,תרסיס שמן קנולה עץ ה,טרנסומס פוד איי בי,IL,תרסיס שמן קנולה עץ ה,מיליליטרים,200.00,"100 מ""ל",false,,14.90,7.4500,true,1,286658
7290002692782,false,תרסיס שמן זית כתית ע,י.ב טכנולוגיות אריזה,IL,תרסיס שמן זית כתית ע,מיליליטרים,150.00,"100 מ""ל",false,,14.90,9.9333,true,1,286659
7290002701026,false,פערפיל בתנור משובח 4,גיי אפ פי ייצור מזון,IL,פערפיל בתנור משובח 4,גרמים,400.00,100 גרם,false,,7.90,1.9750,true,1,246380
7290002703068,false,"דבש עין חרוד 1 ק""ג",עין חרוד,IL,"דבש עין חרוד 1 ק""ג",פריט,1.00,"ק""ג",false,,39.90,39.9000,true,1,249717
7290002703358,false,דבש עין חרוד 350 גרם,עין חרוד,IL,דבש עין חרוד 350 גרם,גרמים,350.00,100 גרם,false,,14.90,4.2571,true,1,249718
7290002716280,false,שבבי תפוא דרומה 500,דרומה י.א.ט בעמ,IL,שבבי תפוא דרומה 500,גרמים,500.00,100 גרם,false,,9.90,1.9800,true,1,246393
7290002716402,false,אגוז מלך טבעי דרומה,דרומה י.א.ט בעמ,IL,אגוז מלך טבעי דרומה,גרמים,400.00,100 גרם,false,,29.90,7.4750,true,1,246396
7290002716419,false,שקד קלוף דרומה 400 ג,דרומה י.א.ט בעמ,IL,שקד קלוף דרומה 400 ג,גרמים,400.00,100 גרם,false,,29.90,7.4750,true,1,246397
7290002716600,false,דבש דרומה 500 גרם,נחלת ראובן,IL,דבש דרומה 500 גרם,גרמים,500.00,100 גרם,false,,19.90,3.9800,true,1,246400
7290002716877,false,קקאו דרומה 500 גרם,ADM COCOA BV,,קקאו דרומה 500 גרם,גרמים,500.00,100 גרם,false,,14.90,2.9800,true,1,246407
7290002716945,false,"שוקונית 1 ק""ג דרומה",דרומה י.א.ט בעמ,IL,"שוקונית 1 ק""ג דרומה",פריט,1.00,"ק""ג",false,,11.90,11.9000,true,1,246408
7290002730811,false,משחת קולגייט טריפל ג,קולגייט פלמוליב,PL,משחת קולגייט טריפל ג,גרמים,100.00,100 גרם,false,,11.90,11.9000,true,1,256427
7290002730903,false,סבון מוצק פלמוליב ור,קולגייט פלמוליב,,סבון מוצק פלמוליב ור,גרמים,360.00,100 גרם,false,,14.90,4.1389,true,1,256477
7290002730958,false,סבון מוצק פלמוליב יר,קולגייט פלמוליב,,סבון מוצק פלמוליב יר,גרמים,360.00,100 גרם,false,,14.90,4.1389,true,1,286934
7290002739173,false,גולש עגל קהילות,,,גולש עגל קהילות,קילוגרמים,1.00,"ק""ג",true,,59.90,59.9000,true,1,254719
7290002739685,false,נקניקיות מרגז קפוא ע,עטרה,IL,נקניקיות מרגז קפוא ע,גרמים,400.00,100 גרם,false,,19.90,4.9750,true,1,291370
7290002739692,false,נקניקיות צוריסוס קפו,עטרה,IL,נקניקיות צוריסוס קפו,גרמים,500.00,100 גרם,false,,24.90,4.9800,true,1,291371
7290002753223,false,סוכריות טיק טק תפוז,פררו,ZA,סוכריות טיק טק תפוז,גרמים,64.00,100 גרם,false,,9.90,15.4688,true,1,288660
7290002757139,false,מלוואח ש.האופים 700,שלושת האופים,IL,מלוואח ש.האופים 700,גרמים,700.00,100 גרם,false,,13.90,1.9857,true,1,251576
7290002757146,false,קובה חמוסטה ש.האופים,שלושת האופים,IL,קובה חמוסטה ש.האופים,פריט,1.00,"ק""ג",false,,18.90,18.9000,true,1,249893
7290002757511,false,קציצות דג לבישול דלי,דלידג,IL,קציצות דג לבישול דלי,גרמים,750.00,100 גרם,false,,24.90,3.3200,true,1,250713
7290002757535,false,בורקס פילו אצבעות גב,שלושת האופים,IL,בורקס פילו אצבעות גב,גרמים,700.00,100 גרם,false,,16.90,2.4143,true,1,250712
7290002768036,false,"מי פה תיאדנט 150 מ""ל",אמיליה קוסמטיקס,IL,"מי פה תיאדנט 150 מ""ל",מיליליטרים,150.00,"100 מ""ל",false,,13.80,9.2000,true,1,246419
7290002768043,false,מי פה תיאדנט פלואורי,אמיליה קוסמטיקס,IL,מי פה תיאדנט פלואורי,מיליליטרים,150.00,"100 מ""ל",false,,13.80,9.2000,true,1,246420
7290002768074,false,דרמפון 1 ליטר,אמיליה קוסמטיקס,IL,דרמפון 1 ליטר,קילוגרמים,1.00,ליטר,false,,17.90,17.9000,true,1,246421
7290002775317,false,פילה זהבנון ל.עור דל,דלידג,IL,פילה זהבנון ל.עור דל,פריט,1.00,"ק""ג",false,,22.90,22.9000,true,1,252295
7290002780007,false,מלפפון במלח 30-36 בנ,בני דרום,IL,מלפפון במלח 30-36 בנ,פריט,3.00,"ק""ג",false,,17.90,5.9667,true,1,246428
7290002780045,false,מלפפון בחומץ 30-36 ב,בני דרום,IL,מלפפון בחומץ 30-36 ב,פריט,3.00,"ק""ג",false,,17.90,5.9667,true,1,246429
7290002780571,false,מלפפון במלח 15-20 בנ,בני דרום,IL,מלפפון במלח 15-20 בנ,פריט,1.25,"ק""ג",false,,11.90,9.5200,true,1,246431
7290002780601,false,מלפפון בחומץ 15-20 ב,בני דרום,IL,מלפפון בחומץ 15-20 ב,פריט,1.25,"ק""ג",false,,11.90,9.5200,true,1,246433
7290002781691,false,ממרח קקאו בטעם שוקול,מיטב,IL,ממרח קקאו בטעם שוקול,גרמים,400.00,100 גרם,false,,4.90,1.2250,true,1,256336
7290002804758,false,כרעיים עוף קפוא דליק,,,כרעיים עוף קפוא דליק,קילוגרמים,1.00,"ק""ג",true,,29.90,29.9000,true,1,261270
7290002804765,false,חזה עוף קפוא דליקטסו,,,חזה עוף קפוא דליקטסו,קילוגרמים,1.00,"ק""ג",true,,31.90,31.9000,true,1,261271
7290002804772,false,כנפיים עוף קפוא דליק,,,כנפיים עוף קפוא דליק,קילוגרמים,1.00,"ק""ג",true,,12.90,12.9000,true,1,261272
7290002804796,false,שוקיים עוף קפוא דליק,,,שוקיים עוף קפוא דליק,קילוגרמים,1.00,"ק""ג",true,,32.90,32.9000,true,1,261274
7290002804802,false,ירכיים עוף קפוא דליק,,,ירכיים עוף קפוא דליק,קילוגרמים,1.00,"ק""ג",true,,29.90,29.9000,true,1,261275
7290002804819,false,שניצל עוף קפוא דליקט,,,שניצל עוף קפוא דליקט,קילוגרמים,1.00,"ק""ג",true,,35.90,35.9000,true,1,261276
7290002804833,false,סטייק פרגית קפוא דלי,,,סטייק פרגית קפוא דלי,קילוגרמים,1.00,"ק""ג",true,,64.90,64.9000,true,1,296200
7290002808527,false,חומץ תפוחים 5% טבעי,אולד דטש,US,חומץ תפוחים 5% טבעי,מיליליטרים,946.00,"100 מ""ל",false,,10.90,1.1522,true,1,317535
7290002814016,false,תרסיס סנט מוריץ מסיר,אלמוג דיל בעמ,IL,תרסיס סנט מוריץ מסיר,מיליליטרים,750.00,"100 מ""ל",false,,12.90,1.7200,true,1,250694
7290002814603,false,תרסיס סנט מוריץ מסיר,אלמוג דיל בעמ,IL,תרסיס סנט מוריץ מסיר,מיליליטרים,750.00,"100 מ""ל",false,,9.90,1.3200,true,1,300720
7290002814870,false,תרסיס סנט מוריץ מסיר,,,תרסיס סנט מוריץ מסיר,מיליליטרים,750.00,"100 מ""ל",false,,9.90,1.3200,true,1,310765
7290002824183,false,גבינה 5% סקי 500 גרם,שטראוס,IL,גבינה 5% סקי 500 גרם,גרמים,500.00,100 גרם,false,,8.90,1.7800,true,1,246439
7290002824466,false,יוגורט ביו דנונה 0%,שטראוס,IL,יוגורט ביו דנונה 0%,גרמים,200.00,100 גרם,false,,3.30,1.6500,true,1,287690
7290002824640,false,גבינה 5% סקי 250 גרם,שטראוס,IL,גבינה 5% סקי 250 גרם,גרמים,250.00,100 גרם,false,,4.70,1.8800,true,1,246441
7290002825722,false,כרוב אדום אחלה 500 ג,שטראוס,IL,כרוב אדום אחלה 500 ג,גרמים,500.00,100 גרם,false,,12.90,2.5800,true,1,249872
7290002868996,false,קוטג 5% טרה 250 גרם,טרה,IL,קוטג 5% טרה 250 גרם,גרמים,250.00,100 גרם,false,,4.90,1.9600,true,1,246463
7290002871248,false,בירה טובורג רד ב.חוז,קרלסברג ישראל,IL,בירה טובורג רד ב.חוז,מיליליטרים,500.00,"100 מ""ל",false,,7.50,1.5000,true,1,259715
7290002871361,false,בירה קרלסברג ב.חוזר,קרלסברג ישראל,IL,בירה קרלסברג ב.חוזר,מיליליטרים,500.00,"100 מ""ל",false,,5.90,1.1800,true,1,259714
7290002904694,false,דאו ספריי טיטניום 18,אמיליה קוסמטיקס,IL,דאו ספריי טיטניום 18,מיליליטרים,180.00,"100 מ""ל",false,,14.90,8.2778,true,1,246512
7290002920311,false,גבינה קממבר צאן גד ב,מחלבות גד,IL,גבינה קממבר צאן גד ב,קילוגרמים,1.00,"ק""ג",true,,99.00,99.0000,true,1,257767
7290002922797,false,חזה הודו טרי עטרה,עטרה,,חזה הודו טרי עטרה,קילוגרמים,1.00,"ק""ג",true,,32.90,32.9000,true,1,250128
7290002922865,false,קבב מזרחי טאק טורו 5,,,קבב מזרחי טאק טורו 5,גרמים,500.00,100 גרם,false,,12.90,2.5800,true,1,250278
7290002922872,false,המבורגר טאק טורו 500,,,המבורגר טאק טורו 500,גרמים,500.00,100 גרם,false,,12.90,2.5800,true,1,250277
7290002922964,false,קוקטייל עוף טרי קהיל,,,קוקטייל עוף טרי קהיל,קילוגרמים,1.00,"ק""ג",true,,37.90,37.9000,true,1,289571
7290002922971,false,חזה עוף חצוי עם עצם,,,חזה עוף חצוי עם עצם,קילוגרמים,1.00,"ק""ג",true,,19.90,19.9000,true,1,252575
7290002929642,false,טונה בשמן ויליגר 4*1,,,טונה בשמן ויליגר 4*1,גרמים,560.00,100 גרם,false,,18.90,3.3750,true,1,268623
7290002930235,false,בשר לחמין עטרה,,,בשר לחמין עטרה,קילוגרמים,1.00,"ק""ג",true,,45.90,45.9000,true,1,271270
7290002939122,false,פרגית עוף טרי עטרה,,,פרגית עוף טרי עטרה,קילוגרמים,1.00,"ק""ג",true,,69.90,69.9000,true,1,246538
7290002939139,false,כנפיים הודו טרי עטרה,עטרה,IL,כנפיים הודו טרי עטרה,קילוגרמים,1.00,"ק""ג",true,,19.90,19.9000,true,1,246539
7290002939153,false,שווארמה הודו טרי עטר,עטרה,IL,שווארמה הודו טרי עטר,קילוגרמים,1.00,"ק""ג",true,,74.90,74.9000,true,1,246541
7290002939160,false,בשר אדום טרי עטרה,עטרה,IL,בשר אדום טרי עטרה,קילוגרמים,1.00,"ק""ג",true,,59.90,59.9000,true,1,246542
7290002939498,false,בשר מס 8 שריר קפוא ע,עטרה,IL,בשר מס 8 שריר קפוא ע,קילוגרמים,1.00,"ק""ג",true,,49.90,49.9000,true,1,246548
7290002939511,false,רגל בקר קפוא עטרה,עטרה,IL,רגל בקר קפוא עטרה,קילוגרמים,1.00,"ק""ג",true,,39.90,39.9000,true,1,250887
7290002939528,false,גידים בקר קפוא עטרה,,,גידים בקר קפוא עטרה,קילוגרמים,1.00,"ק""ג",true,,54.90,54.9000,true,1,246550
7290002939542,false,לשון בקר קפוא עטרה,עטרה,IL,לשון בקר קפוא עטרה,קילוגרמים,1.00,"ק""ג",true,,39.90,39.9000,true,1,246552
7290002954187,false,אורז יסמין שוקחה 5 ק,קפיטל רייס אל טי די,IN,אורז יסמין שוקחה 5 ק,פריט,5.00,"ק""ג",false,,37.90,7.5800,true,1,299182
7290002954477,false,אורז אוסטרלי עגול שו,לסיור,IN,אורז אוסטרלי עגול שו,פריט,5.00,"ק""ג",false,,39.90,7.9800,true,1,299180
7290003011087,false,אורז בסמטי אלפנט 1 ק,,IN,אורז בסמטי אלפנט 1 ק,פריט,1.00,"ק""ג",false,,7.90,7.9000,true,1,269820
7290003015627,false,ריצפז פרש אפרסק 2 לי,סנו,IL,ריצפז פרש אפרסק 2 לי,קילוגרמים,2.00,ליטר,false,,14.90,7.4500,true,1,246613
7290003029181,false,משקה שוקו יטבתה 1 לי,שטראוס,IL,משקה שוקו יטבתה 1 לי,קילוגרמים,1.00,ליטר,false,,10.90,10.9000,true,1,246620
7290003029372,false,משקה בננה יטבתה 1 לי,שטראוס,IL,משקה בננה יטבתה 1 לי,קילוגרמים,1.00,ליטר,false,,10.90,10.9000,true,1,257701
7290003029389,false,משקה בננה בקבוק יטבת,יטבתה,IL,משקה בננה בקבוק יטבת,גרמים,250.00,100 גרם,false,,4.90,1.9600,true,1,308134
7290003029433,false,משקה שוקו בקבוק יטבת,יטבתה,IL,משקה שוקו בקבוק יטבת,גרמים,250.00,100 גרם,false,,4.90,1.9600,true,1,255997
7290003029532,false,משקה מוקה יטבתה 1 לי,יטבתה,IL,משקה מוקה יטבתה 1 לי,קילוגרמים,1.00,ליטר,false,,10.90,10.9000,true,1,257702
7290003029792,false,מארז שוקו שקית יטבתה,יטבתה,IL,מארז שוקו שקית יטבתה,קילוגרמים,1.80,ליטר,false,,14.90,8.2778,true,1,253136
7290003029815,false,חלב מועשר 3% יטבתה 2,שטראוס,IL,חלב מועשר 3% יטבתה 2,קילוגרמים,2.00,ליטר,false,,13.90,6.9500,true,1,249878
7290003029907,false,משקה אייס קפה יטבתה,שטראוס,IL,משקה אייס קפה יטבתה,קילוגרמים,1.00,ליטר,false,,10.90,10.9000,true,1,257700
7290003031689,false,מארז פסטרמה סלמי/כפר,טירת צבי,IL,מארז פסטרמה סלמי/כפר,פריט,1.00,"ק""ג",false,,29.90,29.9000,true,1,315477
7290003031702,false,נקניקיות הודו חלק טי,טירת צבי,IL,נקניקיות הודו חלק טי,פריט,1.00,"ק""ג",false,,24.90,24.9000,true,1,246621
7290003031733,false,פסטרמה גחלים טירת צב,טירת צבי,IL,פסטרמה גחלים טירת צב,גרמים,400.00,100 גרם,false,,24.90,6.2250,true,1,246623
7290003031740,false,פסטרמה בדבש טירת צבי,טירת צבי,IL,פסטרמה בדבש טירת צבי,גרמים,400.00,100 גרם,false,,24.90,6.2250,true,1,246624
7290003031757,false,פסטרמה הודו פפריקה ט,טירת צבי,IL,פסטרמה הודו פפריקה ט,גרמים,400.00,100 גרם,false,,18.90,4.7250,true,1,246625
7290003031849,false,מארז פסטרמה כפרית דב,טירת צבי,IL,מארז פסטרמה כפרית דב,גרמים,600.00,100 גרם,false,,22.90,3.8167,true,1,288782
7290003054657,false,חרדל דיזון אקסטרא פו,ריין דיזון,FR,חרדל דיזון אקסטרא פו,גרמים,370.00,100 גרם,false,,9.90,2.6757,true,1,251764
7290003060009,false,קמח בהיר טחנות ישראל,טחנות ישראליות,IL,קמח בהיר טחנות ישראל,פריט,1.00,"ק""ג",false,,3.90,3.9000,true,1,250165
7290003060023,false,סולת טחנות ישראליות,טחנות ישראליות,IL,סולת טחנות ישראליות,פריט,1.00,"ק""ג",false,,4.90,4.9000,true,1,250166
7290003060047,false,קמח תופח טחנות ישראל,טחנות ישראליות,IL,קמח תופח טחנות ישראל,פריט,1.00,"ק""ג",false,,5.90,5.9000,true,1,250167
7290003069682,false,בצק פילאס תורכי ש.הא,שלושת האופים,IL,בצק פילאס תורכי ש.הא,גרמים,500.00,100 גרם,false,,16.90,3.3800,true,1,257654
7290003069705,false,פיצה מרגריטה ש.האופי,שמגור בעמ,IL,פיצה מרגריטה ש.האופי,גרמים,80.00,100 גרם,false,,2.80,3.5000,true,1,254045
7290003072521,false,פסטרמה כתף בקר מעושנ,טירת צבי,IL,פסטרמה כתף בקר מעושנ,גרמים,300.00,100 גרם,false,,24.90,8.3000,true,1,307795
7290003078042,false,אריסה פרג 250 גרם,תבליני הדור השלישי,IL,אריסה פרג 250 גרם,גרמים,250.00,100 גרם,false,,14.90,5.9600,true,1,246643
7290003078066,false,שום כתוש פרג 250 גרם,תבליני הדור השלישי,IL,שום כתוש פרג 250 גרם,גרמים,250.00,100 גרם,false,,14.90,5.9600,true,1,246645
7290003078073,false,תיבול לשניצל פרג 400,תבליני הדור השלישי,IL,תיבול לשניצל פרג 400,גרמים,400.00,100 גרם,false,,12.90,3.2250,true,1,262756
7290003078516,false,פלפל צומה פרג 250 גר,תבליני הדור השלישי,IL,פלפל צומה פרג 250 גר,גרמים,250.00,100 גרם,false,,14.90,5.9600,true,1,246647
7290003078554,false,תיבול לשניצל מקסיקני,תבליני הדור השלישי,IL,תיבול לשניצל מקסיקני,גרמים,400.00,100 גרם,false,,12.90,3.2250,true,1,262757
7290003078561,false,תיבול לשניצל אמריקאי,תבליני הדור השלישי,IL,תיבול לשניצל אמריקאי,גרמים,400.00,100 גרם,false,,12.90,3.2250,true,1,262758
7290003078639,false,פפריקה מתוקה בשמן פר,תבליני הדור השלישי,IL,פפריקה מתוקה בשמן פר,גרמים,500.00,100 גרם,false,,34.90,6.9800,true,1,246649
7290003078684,false,פלפל שחור פרג 400 גר,תבליני הדור השלישי,IL,פלפל שחור פרג 400 גר,גרמים,400.00,100 גרם,false,,39.90,9.9750,true,1,246650
7290003078721,false,סחוג פרג 250 גרם,תבליני הדור השלישי,IL,סחוג פרג 250 גרם,גרמים,250.00,100 גרם,false,,14.90,5.9600,true,1,246651
7290003078738,false,לימון בלאדי פרג 250,תבליני הדור השלישי,IL,לימון בלאדי פרג 250,גרמים,250.00,100 גרם,false,,14.90,5.9600,true,1,249250
7290003087945,false,בולי 80 גרם,א מ חטיפי העמק בעמ,IL,בולי 80 גרם,גרמים,80.00,100 גרם,false,,2.90,3.6250,true,1,250608
7290003102280,false,צמרוני אוזניים לתינו,,,צמרוני אוזניים לתינו,Unknown,0.00,יחידה,false,,3.90,0.0000,true,1,320637
7290003107353,false,משפר אפיה שטיבל 30 ג,ט.ק דגן טכנולוגיות ב,IL,משפר אפיה שטיבל 30 ג,גרמים,30.00,100 גרם,false,,4.90,16.3333,true,1,255320
7290003119509,false,פקדון בקבוק בירה ריק,,,פקדון בקבוק בירה ריק,Unknown,0.00,יחידה,false,,1.20,0.0000,true,1,259713
7290003126712,false,יוגורט עיזים צוריאל,מחלבת משק צוריאל,IL,יוגורט עיזים צוריאל,מיליליטרים,150.00,"100 מ""ל",false,,5.90,3.9333,true,1,250070
7290003126958,false,טופו גולמי צוריאל 30,א.י.ן תעשיות בעמ,IL,טופו גולמי צוריאל 30,גרמים,300.00,100 גרם,false,,9.90,3.3000,true,1,273773
7290003203086,false,גרונות הודיות קפוא ג,מ ב גלאט עוף למהדרין,IL,גרונות הודיות קפוא ג,קילוגרמים,1.00,"ק""ג",true,,33.90,33.9000,true,1,246707
7290003203178,false,רולדה בקר גלאט עוף,גלאט עוף,IL,רולדה בקר גלאט עוף,קילוגרמים,1.00,"ק""ג",true,,84.90,84.9000,true,1,246710
7290003203581,false,בשר מס 9 פלאנקען לחמ,ביראניצקי,PL,בשר מס 9 פלאנקען לחמ,קילוגרמים,1.00,"ק""ג",true,,78.90,78.9000,true,1,323720
7290003222049,false,פיתות ביס קמח מלא אפ,מאפיית המכבים,IL,פיתות ביס קמח מלא אפ,גרמים,600.00,100 גרם,false,,8.90,1.4833,true,1,268290
7290003222070,false,פיתות המכבים 13 יח,מאפיית המכבים,IL,פיתות המכבים 13 יח,פריט,1.36,"ק""ג",false,,8.90,6.5441,true,1,293630
7290003222094,false,פיתות ביס המכבים 11,מאפיית המכבים,IL,פיתות ביס המכבים 11,גרמים,550.00,100 גרם,false,,8.90,1.6182,true,1,268289
7290003222568,false,פיתות המכבים 5 יח,מאפיית המכבים,IL,פיתות המכבים 5 יח,גרמים,500.00,100 גרם,false,,4.90,0.9800,true,1,246713
7290003222780,false,פיתות קמח מלא המכבים,מאפיית המכבים,IL,פיתות קמח מלא המכבים,גרמים,500.00,100 גרם,false,,4.90,0.9800,true,1,246714
7290003222797,false,פיתות כוסמין המכבים,מאפיית המכבים,IL,פיתות כוסמין המכבים,גרמים,500.00,100 גרם,false,,12.90,2.5800,true,1,296610
7290003318100,false,ופל שוקולד מנעמים 20,מנעמים תעשיות מזון,IL,ופל שוקולד מנעמים 20,גרמים,200.00,100 גרם,false,,2.90,1.4500,true,1,252456
7290003318131,false,ופל אגוז מנעמים 200,מנעמים תעשיות מזון,IL,ופל אגוז מנעמים 200,גרמים,200.00,100 גרם,false,,2.90,1.4500,true,1,252459
7290003318155,false,ופל לימון מנעמים 200,מנעמים תעשיות מזון,IL,ופל לימון מנעמים 200,גרמים,200.00,100 גרם,false,,2.90,1.4500,true,1,252457
7290003318162,false,ופל מצופה בריידמן 80,מנעמים תעשיות מזון,IL,ופל מצופה בריידמן 80,גרמים,800.00,100 גרם,false,,13.90,1.7375,true,1,305297
7290003318599,false,ופל וניל מנעמים 200,מנעמים תעשיות מזון,IL,ופל וניל מנעמים 200,גרמים,200.00,100 גרם,false,,2.90,1.4500,true,1,252458
7290003319084,false,גפילטע פיש הדג המיוח,דג טעים בעמ,IL,גפילטע פיש הדג המיוח,פריט,1.00,"ק""ג",false,,21.90,21.9000,true,1,253104
7290003319145,false,גפילטע פיש הדג המיוח,דג טעים בעמ,IL,גפילטע פיש הדג המיוח,גרמים,700.00,100 גרם,false,,14.90,2.1286,true,1,290227
7290003321155,false,דנונה בר פקאן,שטראוס,IL,דנונה בר פקאן,מיליליטרים,175.00,"100 מ""ל",false,,4.30,2.4571,true,1,246734
7290003387410,false,פדים להסרת איפור בלו,SEPTONA,,פדים להסרת איפור בלו,Unknown,0.00,יחידה,false,,16.90,0.0000,true,1,289586
7290003411054,false,שקיות לצליה רוסטי ענ,סאדאת איסטנבול,TR,שקיות לצליה רוסטי ענ,Unknown,0.00,יחידה,false,,3.90,0.0000,true,1,246773
7290003411948,false,צמר גפן הנמל 100 גרם,ספה,TR,צמר גפן הנמל 100 גרם,Unknown,0.00,יחידה,false,,3.90,0.0000,true,1,246790
7290003411993,false,גפרורים 10 יח,נור,SE,גפרורים 10 יח,Unknown,0.00,יחידה,false,,2.80,0.0000,true,1,246791
7290003424986,false,מנות נסיכת הילוס פרי,,AR,מנות נסיכת הילוס פרי,קילוגרמים,1.00,"ק""ג",true,,49.90,49.9000,true,1,323762
7290003427154,false,שמן זית כתית פיית מז,זיתא,IL,שמן זית כתית פיית מז,מיליליטרים,750.00,"100 מ""ל",false,,28.90,3.8533,true,1,263445
7290003438013,false,ממרח זיתים אוליביה 1,,,ממרח זיתים אוליביה 1,גרמים,190.00,100 גרם,false,,10.90,5.7368,true,1,273879
7290003438020,false,ממרח עגבניות מיובשות,,,ממרח עגבניות מיובשות,גרמים,190.00,100 גרם,false,,10.90,5.7368,true,1,273880
7290003438709,false,ממרח זיתים שחורים או,,,ממרח זיתים שחורים או,גרמים,190.00,100 גרם,false,,10.90,5.7368,true,1,273882
7290003450602,false,ממרח חרדל לחיץ היינץ,היינץ,US,ממרח חרדל לחיץ היינץ,גרמים,255.00,100 גרם,false,,7.50,2.9412,true,1,256413
7290003491162,false,חיזוקית הדס 100 טבלי,,,חיזוקית הדס 100 טבלי,Unknown,0.00,יחידה,false,,74.90,0.0000,true,1,319439
7290003491827,false,סירופ חיזוקית הדס תו,,,סירופ חיזוקית הדס תו,מיליליטרים,250.00,"100 מ""ל",false,,49.90,19.9600,true,1,319440
7290003521197,false,סרקל תרסיס מתיר קשרי,פישר מעבדות פרמצבטיו,IL,סרקל תרסיס מתיר קשרי,מיליליטרים,340.00,"100 מ""ל",false,,22.90,6.7353,true,1,246831
7290003521340,false,"אל סבון קמיל בלו ד""ר",פישר מעבדות פרמצבטיו,IL,"אל סבון קמיל בלו ד""ר",קילוגרמים,2.00,ליטר,false,,35.90,17.9500,true,1,246834
7290003521395,false,אל סבון קמיל בלו סנס,פישר מעבדות פרמצבטיו,IL,אל סבון קמיל בלו סנס,קילוגרמים,2.00,ליטר,false,,35.90,17.9500,true,1,261788
7290003521760,false,ג'ל לחות אלוורה אולט,פישר מעבדות פרמצבטיו,IL,ג'ל לחות אלוורה אולט,מיליליטרים,200.00,"100 מ""ל",false,,17.90,8.9500,true,1,323282
7290003550753,false,טונה בשמן פוסידון 4,פוסידון,IL,טונה בשמן פוסידון 4,גרמים,432.00,100 גרם,false,,19.90,4.6065,true,1,246847
7290003578061,false,לבבות דקל שלם ויליפו,פרוסקונסה,,לבבות דקל שלם ויליפו,גרמים,400.00,100 גרם,false,,10.90,2.7250,true,1,259175
7290003578177,false,תירס גמדי ויליפוד 41,מגסטיק פוד,TH,תירס גמדי ויליפוד 41,גרמים,410.00,100 גרם,false,,6.90,1.6829,true,1,246855
7290003578313,false,דובדבנים חמוצים מגול,יורוביקה,HR,דובדבנים חמוצים מגול,גרמים,680.00,100 גרם,false,,8.90,1.3088,true,1,246856
7290003578672,false,שמן חמניות וילי פוד,,,שמן חמניות וילי פוד,קילוגרמים,1.00,ליטר,false,,8.90,8.9000,true,1,273934
7290003643004,false,"אורז בסמטי סוגת 1 ק""",סוגת,IL,"אורז בסמטי סוגת 1 ק""",פריט,1.00,"ק""ג",false,,12.90,12.9000,true,1,246864
7290003643646,false,"סוכר דמררה סוגת 1 ק""",סוגת,IL,"סוכר דמררה סוגת 1 ק""",פריט,1.00,"ק""ג",false,,8.90,8.9000,true,1,246867
7290003648344,false,מטיאס הולנדי בשמן שמ,סלטי שמיר 2006 בעמ,IL,מטיאס הולנדי בשמן שמ,גרמים,550.00,100 גרם,false,,29.90,5.4364,true,1,252956
7290003648351,false,הרינג כבוש שמיר 750,סלטי שמיר 2006 בעמ,IL,הרינג כבוש שמיר 750,גרמים,550.00,100 גרם,false,,29.90,5.4364,true,1,252957
7290003648849,false,מקרל בשמן שמיר 750 ג,סלטי שמיר 2006 בעמ,IL,מקרל בשמן שמיר 750 ג,גרמים,550.00,100 גרם,false,,39.90,7.2545,true,1,252763
7290003648856,false,מטיאס הולנדי שמיר 75,סלטי שמיר 2006 בעמ,IL,מטיאס הולנדי שמיר 75,גרמים,550.00,100 גרם,false,,29.90,5.4364,true,1,252958
7290003681228,false,עלי דפנה מיה 10 גרם,מיה תעשיות מזון בעמ,IL,עלי דפנה מיה 10 גרם,גרמים,10.00,100 גרם,false,,5.80,58.0000,true,1,246885
7290003681242,false,זעתר מיה 50 גרם,מיה תעשיות מזון בעמ,IL,זעתר מיה 50 גרם,גרמים,50.00,100 גרם,false,,5.80,11.6000,true,1,246887
7290003681341,false,קונפיטורה תות מיה 34,מיה תעשיות מזון בעמ,IL,קונפיטורה תות מיה 34,גרמים,340.00,100 גרם,false,,8.70,2.5588,true,1,246891
7290003681723,false,תבלין לפיצה מיה 80 ג,מיה תעשיות מזון בעמ,IL,תבלין לפיצה מיה 80 ג,גרמים,80.00,100 גרם,false,,5.80,7.2500,true,1,246900
7290003681730,false,תבלין גריל דג מיה 80,מיה תעשיות מזון בעמ,IL,תבלין גריל דג מיה 80,גרמים,80.00,100 גרם,false,,5.80,7.2500,true,1,246901
7290003681747,false,תבלין גריל בשר מיה 8,מיה תעשיות מזון בעמ,IL,תבלין גריל בשר מיה 8,גרמים,80.00,100 גרם,false,,5.80,7.2500,true,1,246902
7290003681754,false,תבלין קארי מיה 80 גר,מיה תעשיות מזון בעמ,IL,תבלין קארי מיה 80 גר,גרמים,80.00,100 גרם,false,,5.80,7.2500,true,1,246903
7290003681792,false,סוכריות טופי מיה 850,מיה תעשיות מזון בעמ,IL,סוכריות טופי מיה 850,גרמים,850.00,100 גרם,false,,13.90,1.6353,true,1,246906
7290003719259,false,"לחם שיפון ליבו 1 ק""ג",מאפית י את א ברמן בע,IL,"לחם שיפון ליבו 1 ק""ג",פריט,1.00,"ק""ג",false,,15.90,15.9000,true,1,250487
7290003726141,false,טופו גולמי גאיה 300,משק ויילר,IL,טופו גולמי גאיה 300,גרמים,300.00,100 גרם,false,,9.90,3.3000,true,1,250482
7290003726592,false,טופו מתובל בפסטו משק,שטראוס,IL,טופו מתובל בפסטו משק,מיליליטרים,300.00,"100 מ""ל",false,,9.90,3.3000,true,1,321405
7290003726615,false,טופו הבית משק ויילר,שטראוס,IL,טופו הבית משק ויילר,מיליליטרים,300.00,"100 מ""ל",false,,9.90,3.3000,true,1,321406
7290003726684,false,טופו חומוס בטעם טבעי,שטראוס,IL,טופו חומוס בטעם טבעי,מיליליטרים,300.00,"100 מ""ל",false,,12.90,4.3000,true,1,321407
7290003751105,false,כרעיים עוף קפוא גלאט,מ ב גלאט עוף למהדרין,IL,כרעיים עוף קפוא גלאט,קילוגרמים,1.00,"ק""ג",true,,37.90,37.9000,true,1,266761
7290003751112,false,עוף טחון 100% גלאט ע,,,עוף טחון 100% גלאט ע,גרמים,500.00,100 גרם,false,,21.90,4.3800,true,1,273990
7290003751136,false,כנפיים עוף קפוא גלאט,מ ב גלאט עוף למהדרין,IL,כנפיים עוף קפוא גלאט,קילוגרמים,1.00,"ק""ג",true,,14.90,14.9000,true,1,266762
7290003751150,false,חזה עוף קפוא גלאט עו,גלאט עוף,IL,חזה עוף קפוא גלאט עו,קילוגרמים,1.00,"ק""ג",true,,44.90,44.9000,true,1,273992
7290003751174,false,גולש עגל גלאט עוף,מ ב גלאט עוף למהדרין,IL,גולש עגל גלאט עוף,קילוגרמים,1.00,"ק""ג",true,,79.90,79.9000,true,1,246916
7290003751204,false,רולדה הודו גלאט עוף,מ ב גלאט עוף למהדרין,IL,רולדה הודו גלאט עוף,קילוגרמים,1.00,"ק""ג",true,,51.90,51.9000,true,1,246917
7290003751211,false,בקר טחון גלאט עוף 50,מ ב גלאט עוף למהדרין,IL,בקר טחון גלאט עוף 50,גרמים,500.00,100 גרם,false,,44.90,8.9800,true,1,270489
7290003751235,false,רולדה עגל גלאט עוף,גלאט עוף,IL,רולדה עגל גלאט עוף,קילוגרמים,1.00,"ק""ג",true,,79.90,79.9000,true,1,246919
7290003751242,false,הודו טחון גלאט עוף 5,מ ב גלאט עוף למהדרין,IL,הודו טחון גלאט עוף 5,גרמים,500.00,100 גרם,false,,21.90,4.3800,true,1,246920
7290003751532,false,עוף מס 2 קפוא גלאט ע,מ ב גלאט עוף למהדרין,IL,עוף מס 2 קפוא גלאט ע,קילוגרמים,1.00,"ק""ג",true,,24.90,24.9000,true,1,246922
7290003751600,false,שניצל עוף קפוא גלאט,גלאט עוף,IL,שניצל עוף קפוא גלאט,קילוגרמים,1.00,"ק""ג",true,,39.90,39.9000,true,1,273997
7290003751709,false,בשר מס 4 כתף מרכזי ק,ביראניצקי,PL,בשר מס 4 כתף מרכזי ק,קילוגרמים,1.00,"ק""ג",true,,89.90,89.9000,true,1,273999
7290003751846,false,ירכיים עוף קפוא גלאט,מ ב גלאט עוף למהדרין,IL,ירכיים עוף קפוא גלאט,קילוגרמים,1.00,"ק""ג",true,,29.90,29.9000,true,1,246926
7290003779499,false,גינגר ארוז 200 גרם,מרינה,IL,גינגר ארוז 200 גרם,גרמים,200.00,100 גרם,false,,7.90,3.9500,true,1,271291
7290003796069,false,פילה נסיכת הנילוס לח,,,פילה נסיכת הנילוס לח,קילוגרמים,1.00,"ק""ג",true,,19.90,19.9000,true,1,325252
7290003796076,false,פילה נסיכת הנילוס לח,,,פילה נסיכת הנילוס לח,קילוגרמים,1.00,"ק""ג",true,,19.90,19.9000,true,1,325253
7290003882922,false,עלי גפן ממולאים וילי,פליריה,,עלי גפן ממולאים וילי,גרמים,400.00,100 גרם,false,,8.50,2.1250,true,1,246959
7290003989096,false,חציל פיקנטי אחלה 500,שטראוס גרופ,IL,חציל פיקנטי אחלה 500,גרמים,500.00,100 גרם,false,,14.90,2.9800,true,1,249866
7290003989539,false,רביולי גבינה קלאסי ש,שטראוס,IL,רביולי גבינה קלאסי ש,גרמים,400.00,100 גרם,false,,19.90,4.9750,true,1,246960
7290003989553,false,טורטליני פטריות שטרא,שטראוס,IL,טורטליני פטריות שטרא,גרמים,400.00,100 גרם,false,,19.90,4.9750,true,1,246961
7290003996018,false,חסה ערבית גלאט,יעל ירק עלים,IL,חסה ערבית גלאט,Unknown,0.00,יחידה,false,,7.90,0.0000,true,1,246963
7290003996049,false,פטרוזיליה מהדרין,יעל ירק עלים,IL,פטרוזיליה מהדרין,Unknown,0.00,יחידה,false,,6.90,0.0000,true,1,246964
7290003996056,false,כוסברה מהדרין,יעל ירק עלים,IL,כוסברה מהדרין,Unknown,0.00,יחידה,false,,6.90,0.0000,true,1,246965
7290003996094,false,סלרי מהדרין,יעל ירק עלים,IL,סלרי מהדרין,Unknown,0.00,יחידה,false,,7.90,0.0000,true,1,249003
7290003996117,false,כרוב לבן חסלט,יעל ירק עלים,IL,כרוב לבן חסלט,קילוגרמים,1.00,"ק""ג",true,,14.90,14.9000,true,1,246969
7290003996124,false,כרוב אדום חסלט,יעל ירק עלים,IL,כרוב אדום חסלט,קילוגרמים,1.00,"ק""ג",true,,15.60,15.6000,true,1,246970
7290003996186,false,בזיליקום חסלט,יעל ירק עלים,IL,בזיליקום חסלט,Unknown,0.00,יחידה,false,,7.90,0.0000,true,1,246972
7290003996506,false,כרוב לבן 400 גרם,יעל ירק עלים,IL,כרוב לבן 400 גרם,גרמים,400.00,100 גרם,false,,11.90,2.9750,true,1,246976
7290003996513,false,כרוב אדום 400 גרם,יעל ירק עלים,IL,כרוב אדום 400 גרם,גרמים,400.00,100 גרם,false,,11.90,2.9750,true,1,246977
7290003996537,false,שבבי גזר 400 גרם,יעל ירק עלים,IL,שבבי גזר 400 גרם,גרמים,410.00,100 גרם,false,,11.90,2.9024,true,1,246978
7290003996544,false,חסה קצוצה 300 גרם,יעל ירק עלים,IL,חסה קצוצה 300 גרם,גרמים,310.00,100 גרם,false,,12.90,4.1613,true,1,246979
7290003996551,false,סלט קולסלאו 400 גרם,יעל ירק עלים,IL,סלט קולסלאו 400 גרם,גרמים,400.00,100 גרם,false,,11.90,2.9750,true,1,246980
7290003996605,false,לקט ים תיכוני 350 גר,יעל ירק עלים,IL,לקט ים תיכוני 350 גר,גרמים,350.00,100 גרם,false,,12.90,3.6857,true,1,246981
7290003996742,false,עלי תרד שטופים 200 ג,יעל ירק עלים,IL,עלי תרד שטופים 200 ג,גרמים,300.00,100 גרם,false,,13.90,4.6333,true,1,270784
7290003996995,false,"סלט קולסלאו 1 ק""ג",יעל ירק עלים,IL,"סלט קולסלאו 1 ק""ג",פריט,1.00,"ק""ג",false,,19.90,19.9000,true,1,246988
7290004011284,false,בסיס להכנת קצפת 25%,ריץ,IL,בסיס להכנת קצפת 25%,מיליליטרים,212.00,"100 מ""ל",false,,6.90,3.2547,true,1,252212
7290004011345,false,תרסיס קצפת צמחית ריץ,ריץ,IL,תרסיס קצפת צמחית ריץ,מיליליטרים,250.00,"100 מ""ל",false,,8.90,3.5600,true,1,256008
7290004023041,false,לחם מחמצת שיפון דר מ,המאפה של דר מרק בריא,IL,לחם מחמצת שיפון דר מ,גרמים,750.00,100 גרם,false,,13.90,1.8533,true,1,290128
7290004030018,false,מיץ לימון טבעי פריני,פריניב,,מיץ לימון טבעי פריני,מיליליטרים,500.00,"100 מ""ל",false,,6.90,1.3800,true,1,253072
7290004030612,false,מיץ תפוח קיווי ואגס,פריניב,IL,מיץ תפוח קיווי ואגס,קילוגרמים,1.00,ליטר,false,,13.90,13.9000,true,1,267642
7290004030834,false,מיץ רימונים 100% פרי,פריניב,IL,מיץ רימונים 100% פרי,קילוגרמים,1.00,ליטר,false,,17.90,17.9000,true,1,255192
7290004033705,false,לחמניות המבורגר הבור,מאפית י את א ברמן בע,IL,לחמניות המבורגר הבור,גרמים,600.00,100 גרם,false,,12.90,2.1500,true,1,318019
7290004033712,false,לחם עננים קמח חיטה מ,מאפית י את א ברמן בע,IL,לחם עננים קמח חיטה מ,גרמים,750.00,100 גרם,false,,15.50,2.0667,true,1,318021
7290004033729,false,לחם עננים מקמח כוסמי,מאפית י את א ברמן בע,IL,לחם עננים מקמח כוסמי,גרמים,750.00,100 גרם,false,,15.90,2.1200,true,1,318020
7290004033736,false,לחם עננים לבן בסגנון,מאפית י את א ברמן בע,IL,לחם עננים לבן בסגנון,גרמים,500.00,100 גרם,false,,13.90,2.7800,true,1,321217
7290004048525,false,פילה אמנון דלידג 5-7,דלידג,IL,פילה אמנון דלידג 5-7,קילוגרמים,1.00,"ק""ג",true,,24.90,24.9000,true,1,250031
7290004048679,false,קובה למרק ש.האופים 1,שלושת האופים,IL,קובה למרק ש.האופים 1,פריט,1.00,"ק""ג",false,,18.90,18.9000,true,1,247008
7290004063016,false,"מלח שולחן 1 ק""ג בד""צ",מלחי סלית עתלית,IL,"מלח שולחן 1 ק""ג בד""צ",פריט,1.00,"ק""ג",false,,1.30,1.3000,true,1,247009
7290004063115,false,"מלח בישול 1 ק""ג בד""צ",מלחי סלית עתלית,IL,"מלח בישול 1 ק""ג בד""צ",פריט,1.00,"ק""ג",false,,1.70,1.7000,true,1,247010
7290004064174,false,"מלח דק הימלאיה 1 ק""ג",מלח הארץ,IL,"מלח דק הימלאיה 1 ק""ג",פריט,1.00,"ק""ג",false,,14.90,14.9000,true,1,305404
7290004064181,false,"מלח גס הימלאיה 1 ק""ג",מלח הארץ,IL,"מלח גס הימלאיה 1 ק""ג",פריט,1.00,"ק""ג",false,,14.90,14.9000,true,1,305405
7290004064280,false,מלח מופחת נתרן 600 ג,מלח הארץ,IL,מלח מופחת נתרן 600 ג,גרמים,600.00,100 גרם,false,,15.90,2.6500,true,1,306606
7290004064297,false,מלח ים מועשר ביוד 1,מלח הארץ,IL,מלח ים מועשר ביוד 1,פריט,1.00,"ק""ג",false,,8.90,8.9000,true,1,306607
7290004064303,false,מלח ים אטלנטי 800 גר,מלח הארץ,IL,מלח ים אטלנטי 800 גר,גרמים,800.00,100 גרם,false,,17.90,2.2375,true,1,306608
7290004068172,false,יוגורט עיזים ביו גד,מחלבות גד,IL,יוגורט עיזים ביו גד,גרמים,600.00,100 גרם,false,,13.90,2.3167,true,1,261771
7290004068196,false,גבינה מוצרלה לפיצה 2,מחלבות גד,IL,גבינה מוצרלה לפיצה 2,גרמים,500.00,100 גרם,false,,21.90,4.3800,true,1,261614
7290004068332,false,גבינה קממבר גד במשקל,מחלבות גד,IL,גבינה קממבר גד במשקל,קילוגרמים,1.00,"ק""ג",true,,99.00,99.0000,true,1,267400
7290004068424,false,גבינה גאודה משולשים,מחלבות גד,IL,גבינה גאודה משולשים,קילוגרמים,1.00,"ק""ג",true,,99.00,99.0000,true,1,311502
7290004078942,false,דאו גל ליידי ספיד סט,קולגייט פלמוליב,BY,דאו גל ליידי ספיד סט,גרמים,65.00,100 גרם,false,,18.90,29.0769,true,1,290882
7290004091217,false,מבריק גודרס לכלי כסף,אס סי גונסון פורטוגל,PT,מבריק גודרס לכלי כסף,גרמים,125.00,100 גרם,false,,14.90,11.9200,true,1,247013
7290004091255,false,וזלין פטרולאום גלי 2,יוניליוור,IL,וזלין פטרולאום גלי 2,גרמים,212.00,100 גרם,false,,16.90,7.9717,true,1,247014
7290004093006,false,עוף שלם טרי עוף הכפר,,,עוף שלם טרי עוף הכפר,קילוגרמים,1.00,"ק""ג",true,,19.90,19.9000,true,1,294808
7290004093013,false,כרעיים עוף טרי עוף ה,,,כרעיים עוף טרי עוף ה,קילוגרמים,1.00,"ק""ג",true,,27.90,27.9000,true,1,294809
7290004093020,false,חזה עוף טרי עוף הכפר,,,חזה עוף טרי עוף הכפר,קילוגרמים,1.00,"ק""ג",true,,29.90,29.9000,true,1,294811
7290004093037,false,כנפיים עוף טרי עוף ה,,,כנפיים עוף טרי עוף ה,קילוגרמים,1.00,"ק""ג",true,,12.90,12.9000,true,1,294812
7290004093044,false,שוקיים עוף טרי עוף ה,,,שוקיים עוף טרי עוף ה,קילוגרמים,1.00,"ק""ג",true,,29.90,29.9000,true,1,294813
7290004093051,false,ירכיים עוף טרי עוף ה,,,ירכיים עוף טרי עוף ה,קילוגרמים,1.00,"ק""ג",true,,26.90,26.9000,true,1,294810
7290004093068,false,שניצל עוף טרי עוף הכ,,,שניצל עוף טרי עוף הכ,קילוגרמים,1.00,"ק""ג",true,,32.90,32.9000,true,1,294814
7290004093082,false,כבד עוף טרי עוף הכפר,,,כבד עוף טרי עוף הכפר,קילוגרמים,1.00,"ק""ג",true,,19.90,19.9000,true,1,294816
7290004093112,false,כרעיים עוף קפוא עוף,,,כרעיים עוף קפוא עוף,קילוגרמים,1.00,"ק""ג",true,,23.90,23.9000,true,1,296449
7290004093129,false,חזה עוף קפוא עוף הכפ,,,חזה עוף קפוא עוף הכפ,קילוגרמים,1.00,"ק""ג",true,,24.90,24.9000,true,1,296450
7290004093136,false,כנפיים עוף קפוא עוף,,,כנפיים עוף קפוא עוף,קילוגרמים,1.00,"ק""ג",true,,7.90,7.9000,true,1,296451
7290004093143,false,שוקיים עוף קפוא עוף,,,שוקיים עוף קפוא עוף,קילוגרמים,1.00,"ק""ג",true,,26.90,26.9000,true,1,296452
7290004093150,false,ירכיים עוף קפוא עוף,,,ירכיים עוף קפוא עוף,קילוגרמים,1.00,"ק""ג",true,,23.90,23.9000,true,1,296453
7290004093167,false,שניצל עוף קפוא עוף ה,,,שניצל עוף קפוא עוף ה,קילוגרמים,1.00,"ק""ג",true,,27.90,27.9000,true,1,296454
7290004093181,false,סטייק פרגית עוף קפוא,,,סטייק פרגית עוף קפוא,קילוגרמים,1.00,"ק""ג",true,,52.90,52.9000,true,1,296456
7290004093198,false,סטייק פרגית עוף טרי,,,סטייק פרגית עוף טרי,קילוגרמים,1.00,"ק""ג",true,,59.90,59.9000,true,1,294876
7290004093211,false,כבד עוף קפוא עוף הכפ,,,כבד עוף קפוא עוף הכפ,קילוגרמים,1.00,"ק""ג",true,,16.90,16.9000,true,1,309420
7290004093501,false,פילה עוף טרי דליקטס,,,פילה עוף טרי דליקטס,קילוגרמים,1.00,"ק""ג",true,,36.90,36.9000,true,1,306194
7290004119133,false,משקה יוגורט 6.5% תנו,תנובה מרכז שיתופי לש,IL,משקה יוגורט 6.5% תנו,קילוגרמים,1.50,ליטר,false,,15.90,10.6000,true,1,249801
7290004119225,false,"יופלה אננס 3% 150 מ""",תנובה מרכז שיתופי לש,IL,"יופלה אננס 3% 150 מ""",מיליליטרים,150.00,"100 מ""ל",false,,4.70,3.1333,true,1,247015
7290004119973,false,קרלו שוקולדה 125 גרם,תנובה מרכז שיתופי לש,IL,קרלו שוקולדה 125 גרם,מיליליטרים,125.00,"100 מ""ל",false,,2.50,2.0000,true,1,247018
7290004120061,false,קרלו שוקולד וניל 125,תנובה מרכז שיתופי לש,IL,קרלו שוקולד וניל 125,מיליליטרים,125.00,"100 מ""ל",false,,2.50,2.0000,true,1,247019
7290004120108,false,יופלה דיאט 0% דובדבן,תנובה מרכז שיתופי לש,IL,יופלה דיאט 0% דובדבן,גרמים,150.00,100 גרם,false,,4.70,3.1333,true,1,247020
7290004120573,false,גבינה בולגרית 16% פי,תנובה מרכז שיתופי לש,IL,גבינה בולגרית 16% פי,גרמים,250.00,100 גרם,false,,17.90,7.1600,true,1,247023
7290004120634,false,גבינה בולגרית 5% פיר,תנובה מרכז שיתופי לש,IL,גבינה בולגרית 5% פיר,גרמים,250.00,100 גרם,false,,17.90,7.1600,true,1,247024
7290004121488,false,יופלה דיאט 0% אפרסק,תנובה מרכז שיתופי לש,IL,יופלה דיאט 0% אפרסק,גרמים,150.00,100 גרם,false,,4.70,3.1333,true,1,247027
7290004121525,false,מארז יופלה אפרסק/תות,תנובה מרכז שיתופי לש,IL,מארז יופלה אפרסק/תות,קילוגרמים,1.20,ליטר,false,,27.90,23.2500,true,1,247028
7290004121839,false,גבינת פטה כבשים 20%,תנובה מרכז שיתופי לש,IL,גבינת פטה כבשים 20%,גרמים,250.00,100 גרם,false,,24.90,9.9600,true,1,247031
7290004121853,false,גבינה בולגרית קוביות,תנובה מרכז שיתופי לש,IL,גבינה בולגרית קוביות,גרמים,200.00,100 גרם,false,,17.90,8.9500,true,1,247032
7290004122348,false,גבינה עמק 9% 200 גרם,תנובה מרכז שיתופי לש,IL,גבינה עמק 9% 200 גרם,גרמים,200.00,100 גרם,false,,15.90,7.9500,true,1,247034
7290004122676,false,גבינת חמד לייט 5% פי,תנובה מרכז שיתופי לש,IL,גבינת חמד לייט 5% פי,גרמים,250.00,100 גרם,false,,16.90,6.7600,true,1,250490
7290004122683,false,אצבעות גבינת עמק 172,תנובה מרכז שיתופי לש,IL,אצבעות גבינת עמק 172,גרמים,172.00,100 גרם,false,,14.90,8.6628,true,1,247036
7290004124205,false,יופלה דיאט 0% תות 15,תנובה מרכז שיתופי לש,IL,יופלה דיאט 0% תות 15,גרמים,150.00,100 גרם,false,,4.70,3.1333,true,1,247040
7290004125370,false,שמנת חמוצה 9% תנובה,תנובה מרכז שיתופי לש,IL,שמנת חמוצה 9% תנובה,מיליליטרים,200.00,"100 מ""ל",false,,3.30,1.6500,true,1,247044
7290004125400,false,"אשל תנובה 200 מ""ל",תנובה מרכז שיתופי לש,IL,"אשל תנובה 200 מ""ל",מיליליטרים,200.00,"100 מ""ל",false,,1.65,0.8250,true,1,247045
7290004125417,false,"גיל תנובה 200 מ""ל",תנובה מרכז שיתופי לש,IL,"גיל תנובה 200 מ""ל",מיליליטרים,206.00,"100 מ""ל",false,,1.50,0.7282,true,1,247046
7290004125455,false,שמנת חמוצה 15% תנובה,תנובה מרכז שיתופי לש,IL,שמנת חמוצה 15% תנובה,מיליליטרים,200.00,"100 מ""ל",false,,2.40,1.2000,true,1,247047
7290004125462,false,שמנת חמוצה 15% תנובה,תנובה מרכז שיתופי לש,IL,שמנת חמוצה 15% תנובה,מיליליטרים,500.00,"100 מ""ל",false,,5.90,1.1800,true,1,247048
7290004125509,false,שמנת חמוצה 15% תנובה,תנובה מרכז שיתופי לש,IL,שמנת חמוצה 15% תנובה,גרמים,100.00,100 גרם,false,,1.60,1.6000,true,1,247049
7290004125578,false,משקה סויה אלטרנטיב 1,תנובה מרכז שיתופי לש,IL,משקה סויה אלטרנטיב 1,קילוגרמים,1.00,ליטר,false,,9.90,9.9000,true,1,247050
7290004125585,false,משקה סויה וניל אלטרנ,תנובה מרכז שיתופי לש,IL,משקה סויה וניל אלטרנ,קילוגרמים,1.00,ליטר,false,,9.90,9.9000,true,1,247051
7290004125721,false,שמנת לבישול 15% השף,תנובה מרכז שיתופי לש,IL,שמנת לבישול 15% השף,מיליליטרים,250.00,"100 מ""ל",false,,7.80,3.1200,true,1,247053
7290004125738,false,שמנת להקצפה 32% השף,תנובה מרכז שיתופי לש,IL,שמנת להקצפה 32% השף,מיליליטרים,250.00,"100 מ""ל",false,,5.90,2.3600,true,1,247054
7290004126674,false,גבינה עמק בסגנון אמנ,תנובה מרכז שיתופי לש,IL,גבינה עמק בסגנון אמנ,גרמים,200.00,100 גרם,false,,17.90,8.9500,true,1,247055
7290004127077,false,קוטג 3% תנובה 250 גר,תנובה מרכז שיתופי לש,IL,קוטג 3% תנובה 250 גר,גרמים,250.00,100 גרם,false,,5.40,2.1600,true,1,247057
7290004127329,false,קוטג 5% תנובה 250 גר,תנובה מרכז שיתופי לש,IL,קוטג 5% תנובה 250 גר,גרמים,250.00,100 גרם,false,,5.40,2.1600,true,1,247058
7290004127336,false,קוטג 9% תנובה 250 גר,תנובה מרכז שיתופי לש,IL,קוטג 9% תנובה 250 גר,גרמים,250.00,100 גרם,false,,5.40,2.1600,true,1,265465
7290004127800,false,גבינה 5% תנובה 500 ג,תנובה מרכז שיתופי לש,IL,גבינה 5% תנובה 500 ג,גרמים,500.00,100 גרם,false,,9.70,1.9400,true,1,247061
7290004127817,false,גבינה 9% תנובה 500 ג,תנובה מרכז שיתופי לש,IL,גבינה 9% תנובה 500 ג,גרמים,500.00,100 גרם,false,,9.70,1.9400,true,1,247062
7290004127862,false,גבינה 5% תנובה 750 ג,תנובה מרכז שיתופי לש,IL,גבינה 5% תנובה 750 ג,גרמים,750.00,100 גרם,false,,14.50,1.9333,true,1,247063
7290004127916,false,גבינה 1/2% תנובה 500,תנובה מרכז שיתופי לש,IL,גבינה 1/2% תנובה 500,גרמים,500.00,100 גרם,false,,9.70,1.9400,true,1,247064
7290004129101,false,גבינת שמנת טבעי 25%,תנובה מרכז שיתופי לש,IL,גבינת שמנת טבעי 25%,גרמים,225.00,100 גרם,false,,11.90,5.2889,true,1,247068
7290004129156,false,גבינת שמנת שום שמיר,תנובה מרכז שיתופי לש,IL,גבינת שמנת שום שמיר,גרמים,225.00,100 גרם,false,,11.90,5.2889,true,1,247070
7290004130695,false,משקה אייס קפה תנובה,תנובה מרכז שיתופי לש,IL,משקה אייס קפה תנובה,קילוגרמים,1.00,ליטר,false,,12.30,12.3000,true,1,249974
7290004130794,false,משקה סויה במתיקות מו,תנובה מרכז שיתופי לש,IL,משקה סויה במתיקות מו,קילוגרמים,1.00,ליטר,false,,9.90,9.9000,true,1,247073
7290004130916,false,יופלה פירות יער 3% 1,תנובה מרכז שיתופי לש,IL,יופלה פירות יער 3% 1,מיליליטרים,150.00,"100 מ""ל",false,,4.70,3.1333,true,1,249807
7290004131074,false,חלב 3% תנובה 1 ליטר,תנובה מרכז שיתופי לש,IL,חלב 3% תנובה 1 ליטר,קילוגרמים,1.00,ליטר,false,,5.90,5.9000,true,1,247075
7290004131814,false,גבינה צפתית מעודנת 5,תנובה מרכז שיתופי לש,IL,גבינה צפתית מעודנת 5,גרמים,200.00,100 גרם,false,,13.90,6.9500,true,1,247080
7290004132552,false,משקה סויה לייט אלטרנ,תנובה מרכז שיתופי לש,IL,משקה סויה לייט אלטרנ,קילוגרמים,1.00,ליטר,false,,9.90,9.9000,true,1,247085
7290004132712,false,אצבעות גבינת מוצרלה,תנובה מרכז שיתופי לש,IL,אצבעות גבינת מוצרלה,גרמים,172.00,100 גרם,false,,13.90,8.0814,true,1,247087
7290004132903,false,גבינה 3% תנובה 250 ג,תנובה מרכז שיתופי לש,IL,גבינה 3% תנובה 250 ג,גרמים,250.00,100 גרם,false,,4.90,1.9600,true,1,247088
7290004135072,false,מארז קרלו מיני שוקול,תנובה מרכז שיתופי לש,IL,מארז קרלו מיני שוקול,מיליליטרים,800.00,"100 מ""ל",false,,11.90,1.4875,true,1,247095
7290004135119,false,מארז קרלו מיני וניל,תנובה מרכז שיתופי לש,IL,מארז קרלו מיני וניל,מיליליטרים,800.00,"100 מ""ל",false,,11.90,1.4875,true,1,247096
7290004136598,false,מארז הפסקת אוכל חלב,תנובה מרכז שיתופי לש,IL,מארז הפסקת אוכל חלב,מיליליטרים,150.00,"100 מ""ל",false,,8.90,5.9333,true,1,263112
7290004136857,false,גלי פטל תנובה 125 גר,תנובה מרכז שיתופי לש,IL,גלי פטל תנובה 125 גר,מיליליטרים,125.00,"100 מ""ל",false,,1.90,1.5200,true,1,264546
7290004136871,false,גלי אפרסק תנובה 125,תנובה מרכז שיתופי לש,IL,גלי אפרסק תנובה 125,מיליליטרים,125.00,"100 מ""ל",false,,1.90,1.5200,true,1,264548
7290004137021,false,שמנת לבישול 10% השף,תנובה מרכז שיתופי לש,IL,שמנת לבישול 10% השף,מיליליטרים,250.00,"100 מ""ל",false,,7.80,3.1200,true,1,247102
7290004193850,false,סטייק פרגית עוף טרי,,,סטייק פרגית עוף טרי,קילוגרמים,1.00,"ק""ג",true,,69.90,69.9000,true,1,297529
7290004193980,false,פרגיות עוף קפוא דליק,,,פרגיות עוף קפוא דליק,קילוגרמים,1.00,"ק""ג",true,,64.90,64.9000,true,1,290626
7290004220037,false,סטייק אנטריקוט עטרה,,,סטייק אנטריקוט עטרה,גרמים,800.00,100 גרם,false,,49.90,6.2375,true,1,262883
7290004220044,false,קציצות ביתיות עטרה 4,,,קציצות ביתיות עטרה 4,גרמים,400.00,100 גרם,false,,14.90,3.7250,true,1,265013
7290004220105,false,שניצלוני עוף עטרה 60,,,שניצלוני עוף עטרה 60,גרמים,600.00,100 גרם,false,,24.90,4.1500,true,1,306604
7290004220136,false,כבד עוף טרי דליקטסו,,,כבד עוף טרי דליקטסו,קילוגרמים,1.00,"ק""ג",true,,27.90,27.9000,true,1,268117
7290004220259,false,עוף שלם טרי דליקטסו,,,עוף שלם טרי דליקטסו,קילוגרמים,1.00,"ק""ג",true,,22.90,22.9000,true,1,268108
7290004220273,false,חזה עוף טרי דליקטסו,,,חזה עוף טרי דליקטסו,קילוגרמים,1.00,"ק""ג",true,,35.90,35.9000,true,1,268110
7290004220280,false,כנפיים עוף טרי דליקט,,,כנפיים עוף טרי דליקט,קילוגרמים,1.00,"ק""ג",true,,13.90,13.9000,true,1,268111
7290004220297,false,שוקיים עוף טרי דליקט,,,שוקיים עוף טרי דליקט,קילוגרמים,1.00,"ק""ג",true,,33.90,33.9000,true,1,268112
7290004220761,false,קבב כבש ביתי עטרה 50,,,קבב כבש ביתי עטרה 50,גרמים,500.00,100 גרם,false,,14.90,2.9800,true,1,265012
7290004220778,false,המבורגר קהילות 500 ג,,,המבורגר קהילות 500 ג,גרמים,500.00,100 גרם,false,,22.90,4.5800,true,1,288813
7290004230944,false,מקלות בורקס פילו גבי,שלושת האופים,IL,מקלות בורקס פילו גבי,גרמים,700.00,100 גרם,false,,16.90,2.4143,true,1,268498
7290004234218,false,ברווז טרי,,,ברווז טרי,קילוגרמים,1.00,"ק""ג",true,,48.90,48.9000,true,1,324449
7290004244644,false,פילה סלמון קפוא הדיי,"דגי בר אילן בע""מ",IL,פילה סלמון קפוא הדיי,קילוגרמים,1.00,"ק""ג",true,,64.90,64.9000,true,1,320649
7290004252182,false,ופלים מצופים סוויט 6,עדין,TR,ופלים מצופים סוויט 6,פריט,1.08,"ק""ג",false,,19.90,18.4259,true,1,315678
7290004256883,false,פילה סלמון טרי פרימי,,,פילה סלמון טרי פרימי,קילוגרמים,1.00,"ק""ג",true,,99.90,99.9000,true,1,306159
7290004257101,false,אנטריקוט דקדק עטרה 2,עטרה,IL,אנטריקוט דקדק עטרה 2,גרמים,250.00,100 גרם,false,,14.90,5.9600,true,1,304169
7290004257118,false,מילנסה דק דק עטרה 25,,,מילנסה דק דק עטרה 25,גרמים,250.00,100 גרם,false,,14.90,5.9600,true,1,304534
7290004257125,false,סינטה דק דק עטרה 250,,,סינטה דק דק עטרה 250,גרמים,250.00,100 גרם,false,,14.90,5.9600,true,1,309634
7290004257422,false,חזה עוף טחון 100% קה,,,חזה עוף טחון 100% קה,פריט,1.00,"ק""ג",false,,37.90,37.9000,true,1,308697
7290004257439,false,טחון הודו 100% קהילו,,,טחון הודו 100% קהילו,פריט,1.00,"ק""ג",false,,37.90,37.9000,true,1,308698
7290004257446,false,טחון בקר 100% קהילות,,,טחון בקר 100% קהילות,פריט,1.00,"ק""ג",false,,49.90,49.9000,true,1,308699
7290004257477,false,חזה עוף טחון 100% עט,,,חזה עוף טחון 100% עט,פריט,1.00,"ק""ג",false,,34.90,34.9000,true,1,308700
7290004257491,false,טחון בקר 100% עטרה 1,,,טחון בקר 100% עטרה 1,פריט,1.00,"ק""ג",false,,39.90,39.9000,true,1,308702
7290004263027,false,קבב מזרחי עטרה 500 ג,עטרה,IL,קבב מזרחי עטרה 500 ג,גרמים,500.00,100 גרם,false,,17.90,3.5800,true,1,247126
7290004263034,false,המבורגר עטרה 500 גרם,עטרה,IL,המבורגר עטרה 500 גרם,גרמים,500.00,100 גרם,false,,18.90,3.7800,true,1,247127
7290004263041,false,גולש עגל עטרה,עטרה,IL,גולש עגל עטרה,קילוגרמים,1.00,"ק""ג",true,,39.90,39.9000,true,1,247128
7290004263096,false,צלי כתף מעובד קפוא ע,עטרה,IL,צלי כתף מעובד קפוא ע,קילוגרמים,1.00,"ק""ג",true,,49.90,49.9000,true,1,247131
7290004263201,false,צלעות כבש קפוא עטרה,עטרה,IL,צלעות כבש קפוא עטרה,קילוגרמים,1.00,"ק""ג",true,,169.90,169.9000,true,1,247137
7290004263393,false,קישקע ירושלמי עטרה 5,עטרה,IL,קישקע ירושלמי עטרה 5,גרמים,500.00,100 גרם,false,,12.90,2.5800,true,1,247138
7290004263485,false,בשר מס 2 צלעות קפוא,עטרה,IL,בשר מס 2 צלעות קפוא,קילוגרמים,1.00,"ק""ג",true,,39.90,39.9000,true,1,247141
7290004263515,false,מעורב ירושלמי קפוא ע,,,מעורב ירושלמי קפוא ע,גרמים,800.00,100 גרם,false,,19.90,2.4875,true,1,247142
7290004263553,false,בשר מס 3 חזה בקר צרכ,עטרה,IL,בשר מס 3 חזה בקר צרכ,קילוגרמים,1.00,"ק""ג",true,,29.90,29.9000,true,1,247143
7290004263621,false,בשר מס 4 כתף מרכזי צ,עטרה,IL,בשר מס 4 כתף מרכזי צ,קילוגרמים,1.00,"ק""ג",true,,54.90,54.9000,true,1,247144
7290004263652,false,נקניקיות עוף קפוא עט,עטרה,IL,נקניקיות עוף קפוא עט,גרמים,400.00,100 גרם,false,,9.90,2.4750,true,1,247145
7290004263782,false,עצמות מח קפוא עטרה,,,עצמות מח קפוא עטרה,קילוגרמים,1.00,"ק""ג",true,,29.90,29.9000,true,1,266325
7290004263799,false,בשר מס 5 צלי כתף קפו,עטרה,IL,בשר מס 5 צלי כתף קפו,קילוגרמים,1.00,"ק""ג",true,,74.90,74.9000,true,1,247147
7290004263867,false,בשר מס 6 פילה מדומה,עטרה,IL,בשר מס 6 פילה מדומה,קילוגרמים,1.00,"ק""ג",true,,39.90,39.9000,true,1,247148
7290004263935,false,בשר מס 7 מכסה הצלע ק,עטרה,IL,בשר מס 7 מכסה הצלע ק,קילוגרמים,1.00,"ק""ג",true,,29.90,29.9000,true,1,247150
7290004367077,false,בקלוואה 800 גרם,,,בקלוואה 800 גרם,גרמים,800.00,100 גרם,false,,29.90,3.7375,true,1,258222
7290004460877,false,סרדין בשמן סויה גולד,,CN,סרדין בשמן סויה גולד,גרמים,125.00,100 גרם,false,,2.90,2.3200,true,1,320071
7290004460884,false,סרדין בשמן עם פלפל צ,,CN,סרדין בשמן עם פלפל צ,גרמים,125.00,100 גרם,false,,2.90,2.3200,true,1,320072
7290004492762,false,נשנושים תירס 325 גרם,גוצמולר,IL,נשנושים תירס 325 גרם,גרמים,325.00,100 גרם,false,,11.90,3.6615,true,1,247210
7290004537241,false,אפונת גינה שדה בשקית,בסט מייסטר,IL,אפונת גינה שדה בשקית,גרמים,800.00,100 גרם,false,,8.90,1.1125,true,1,323672
7290004551193,false,קמח מצה חמץ דרומה 40,דרומה י.א.ט בעמ,IL,קמח מצה חמץ דרומה 40,גרמים,400.00,100 גרם,false,,4.50,1.1250,true,1,247234
7290004551926,false,אבקת פלאפל דרומה 1 ק,דרומה י.א.ט בעמ,IL,אבקת פלאפל דרומה 1 ק,פריט,1.00,"ק""ג",false,,18.90,18.9000,true,1,247242
7290004575007,false,טילוני ריאו בטעמים 5,"גלידות ריאו ביח""ר לג",IL,טילוני ריאו בטעמים 5,גרמים,350.00,100 גרם,false,,14.50,4.1429,true,1,247245
7290004575069,false,חטיפי גלידה מיניס שו,"גלידות ריאו ביח""ר לג",IL,חטיפי גלידה מיניס שו,גרמים,700.00,100 גרם,false,,29.90,4.2714,true,1,247247
7290004575229,false,מארז קסטה סנקור 5 יח,"גלידות ריאו ביח""ר לג",IL,מארז קסטה סנקור 5 יח,גרמים,500.00,100 גרם,false,,18.90,3.7800,true,1,290179
7290004575335,false,שלגוני מיני מגיק 8 י,"גלידות ריאו ביח""ר לג",IL,שלגוני מיני מגיק 8 י,גרמים,360.00,100 גרם,false,,16.90,4.6944,true,1,247251
7290004575373,false,שלגוני ריאו מצופים ש,"גלידות ריאו ביח""ר לג",IL,שלגוני ריאו מצופים ש,גרמים,480.00,100 גרם,false,,14.90,3.1042,true,1,247253
7290004575397,false,גלידה טריו 1.8 ליטר,"גלידות ריאו ביח""ר לג",IL,גלידה טריו 1.8 ליטר,קילוגרמים,1.80,ליטר,false,,14.90,8.2778,true,1,247254
7290004575403,false,גלידה טריו 1.8 ליטר,"גלידות ריאו ביח""ר לג",IL,גלידה טריו 1.8 ליטר,קילוגרמים,1.80,ליטר,false,,14.90,8.2778,true,1,247255
7290004575632,false,קרמבו בטעם וניל ריאו,"גלידות ריאו ביח""ר לג",IL,קרמבו בטעם וניל ריאו,גרמים,480.00,100 גרם,false,,21.50,4.4792,true,1,247258
7290004584351,false,גבינת שמנת 5% סימפונ,שטראוס,IL,גבינת שמנת 5% סימפונ,גרמים,200.00,100 גרם,false,,7.90,3.9500,true,1,247259
7290004603175,false,מלח גס הים האדום 500,תעשיות מלח לישראל,IL,מלח גס הים האדום 500,גרמים,500.00,100 גרם,false,,6.90,1.3800,true,1,266671
7290004645106,false,מנות סלמון 100% רוזנ,,,מנות סלמון 100% רוזנ,קילוגרמים,1.00,"ק""ג",true,,89.90,89.9000,true,1,271264
7290004645137,false,פילה טונה אלבקור ללא,,,פילה טונה אלבקור ללא,קילוגרמים,1.00,"ק""ג",true,,49.90,49.9000,true,1,294574
7290004645175,false,פילה טונה פרוס רוזנר,,VN,פילה טונה פרוס רוזנר,קילוגרמים,1.00,"ק""ג",true,,39.90,39.9000,true,1,307877
7290004645267,false,מנות נסיכת הנילוס רו,,,מנות נסיכת הנילוס רו,קילוגרמים,1.00,"ק""ג",true,,49.90,49.9000,true,1,271261
7290004645274,false,פילה נסיכת הנילוס ע.,,,פילה נסיכת הנילוס ע.,קילוגרמים,1.00,"ק""ג",true,,44.90,44.9000,true,1,322383
7290004645328,false,פילה סלמון 100% רוז,,,פילה סלמון 100% רוז,קילוגרמים,1.00,"ק""ג",true,,89.90,89.9000,true,1,271263
7290004645434,false,מנות סלמון 100% ל.עו,,,מנות סלמון 100% ל.עו,קילוגרמים,1.00,"ק""ג",true,,89.90,89.9000,true,1,294730
7290004645526,false,פילה פורל ים רוזנרס,,,פילה פורל ים רוזנרס,קילוגרמים,1.00,"ק""ג",true,,69.90,69.9000,true,1,301498
7290004645649,false,מנות פילה פורל ים רו,,,מנות פילה פורל ים רו,קילוגרמים,1.00,"ק""ג",true,,74.90,74.9000,true,1,313252
7290004645748,false,פילה אמנון רוזנרס לל,,CN,פילה אמנון רוזנרס לל,קילוגרמים,1.00,"ק""ג",true,,19.90,19.9000,true,1,316991
7290004645793,false,פילה לשונון גרינלנדי,,,פילה לשונון גרינלנדי,קילוגרמים,1.00,"ק""ג",true,,29.90,29.9000,true,1,319235
7290004645861,false,פילה אמנון רוזנרס לל,,CN,פילה אמנון רוזנרס לל,קילוגרמים,1.00,"ק""ג",true,,26.90,26.9000,true,1,324053
7290004645878,false,פילה אמנון רוזנרס לל,,CN,פילה אמנון רוזנרס לל,קילוגרמים,1.00,"ק""ג",true,,19.90,19.9000,true,1,323759
7290004645885,false,פילה אמנון רוזנרס עם,,CN,פילה אמנון רוזנרס עם,קילוגרמים,1.00,"ק""ג",true,,19.90,19.9000,true,1,321805
7290004652517,false,פילה בורי טרי אושר פ,,,פילה בורי טרי אושר פ,גרמים,400.00,100 גרם,false,,49.90,12.4750,true,1,316495
7290004652524,false,פילה אמנון טרי אושר,,,פילה אמנון טרי אושר,גרמים,400.00,100 גרם,false,,39.90,9.9750,true,1,316496
7290004652531,false,פילה דניס טרי אושר פ,,,פילה דניס טרי אושר פ,גרמים,400.00,100 גרם,false,,59.90,14.9750,true,1,316497
7290004652579,false,פילה אדמונית טרי אוש,,,פילה אדמונית טרי אוש,גרמים,400.00,100 גרם,false,,39.90,9.9750,true,1,316499
7290004652593,false,אמנון שלם טרי אושר פ,,,אמנון שלם טרי אושר פ,גרמים,400.00,100 גרם,false,,19.90,4.9750,true,1,316503
7290004652609,false,קרפיון פרוס טרי אושר,,,קרפיון פרוס טרי אושר,גרמים,750.00,100 גרם,false,,39.90,5.3200,true,1,316504
7290004652616,false,דניס שלם טרי אושר פי,,,דניס שלם טרי אושר פי,גרמים,450.00,100 גרם,false,,39.90,8.8667,true,1,316505
7290004652623,false,פילה ברמונדי טרי אוש,,,פילה ברמונדי טרי אוש,גרמים,400.00,100 גרם,false,,59.90,14.9750,true,1,317950
7290004658953,false,יין פ.קולקשיין סובינ,,,יין פ.קולקשיין סובינ,מיליליטרים,750.00,"100 מ""ל",false,,32.90,4.3867,true,1,284869
7290004658960,false,יין פ. קולקשיין אמרל,יקבי כרמל,IL,יין פ. קולקשיין אמרל,מיליליטרים,750.00,"100 מ""ל",false,,32.90,4.3867,true,1,247277
7290004685010,false,לחם שיפון קל לחם האר,מאפית י את א ברמן בע,IL,לחם שיפון קל לחם האר,גרמים,500.00,100 גרם,false,,15.90,3.1800,true,1,258440
7290004685027,false,לחם חיטה מלאה קל לחם,מאפית י את א ברמן בע,IL,לחם חיטה מלאה קל לחם,גרמים,500.00,100 גרם,false,,15.90,3.1800,true,1,258441
7290004685089,false,לחם חמניות לחם הארץ,מאפית י את א ברמן בע,IL,לחם חמניות לחם הארץ,גרמים,500.00,100 גרם,false,,15.90,3.1800,true,1,258442
7290004685126,false,לחם 5 דגנים לחם הארץ,מאפית י את א ברמן בע,IL,לחם 5 דגנים לחם הארץ,גרמים,750.00,100 גרם,false,,15.90,2.1200,true,1,247279
7290004685157,false,לחם שיפון לחם הארץ 7,מאפית י את א ברמן בע,IL,לחם שיפון לחם הארץ 7,גרמים,750.00,100 גרם,false,,15.90,2.1200,true,1,247281
7290004685195,false,לחם 10 דגנים לחם האר,מאפית י את א ברמן בע,IL,לחם 10 דגנים לחם האר,גרמים,750.00,100 גרם,false,,15.90,2.1200,true,1,250540
7290004685201,false,לחם שיפון אגוזים לחם,מאפית י את א ברמן בע,IL,לחם שיפון אגוזים לחם,גרמים,500.00,100 גרם,false,,15.90,3.1800,true,1,247282
7290004685225,false,לחם פומפרניקל לחם הא,מאפית י את א ברמן בע,IL,לחם פומפרניקל לחם הא,גרמים,750.00,100 גרם,false,,15.90,2.1200,true,1,247283
7290004685430,false,לחם כוסמין לחם הארץ,מאפית י את א ברמן בע,IL,לחם כוסמין לחם הארץ,גרמים,500.00,100 גרם,false,,15.90,3.1800,true,1,296508
7290004685447,false,לחמניות כוסמין לחם ה,מאפית י את א ברמן בע,IL,לחמניות כוסמין לחם ה,גרמים,450.00,100 גרם,false,,13.90,3.0889,true,1,308498
7290004685454,false,לחם שיבולת שועל לחם,מאפית י את א ברמן בע,IL,לחם שיבולת שועל לחם,גרמים,500.00,100 גרם,false,,15.90,3.1800,true,1,312906
7290004685478,false,פיתות ברמן 100% כוסמ,מאפית י את א ברמן בע,IL,פיתות ברמן 100% כוסמ,גרמים,550.00,100 גרם,false,,15.90,2.8909,true,1,322827
7290004731472,false,אל סבון כיף מעורב 3*,קוסמופארם,IL,אל סבון כיף מעורב 3*,קילוגרמים,1.50,ליטר,false,,16.90,11.2667,true,1,269295
7290004731557,false,תרסיס מקסימה למייבש,סנו,IL,תרסיס מקסימה למייבש,מיליליטרים,750.00,"100 מ""ל",false,,14.90,1.9867,true,1,247291
7290004731564,false,תרסיס מקסימה למייבש,סנו,IL,תרסיס מקסימה למייבש,מיליליטרים,750.00,"100 מ""ל",false,,14.90,1.9867,true,1,299348
7290004731670,false,מטהר סנו דאופרש לבנד,סנו,IL,מטהר סנו דאופרש לבנד,מיליליטרים,300.00,"100 מ""ל",false,,9.90,3.3000,true,1,247293
7290004731687,false,מטהר סנו דאופרש וניל,סנו,IL,מטהר סנו דאופרש וניל,מיליליטרים,300.00,"100 מ""ל",false,,9.90,3.3000,true,1,247294
7290004737719,false,אספרגוס שלם ויליפוד,heze sanqing food,CN,אספרגוס שלם ויליפוד,גרמים,330.00,100 גרם,false,,8.90,2.6970,true,1,247297
7290004758028,false,אנטריקוט פרימיום דק,,,אנטריקוט פרימיום דק,קילוגרמים,1.00,"ק""ג",true,,139.90,139.9000,true,1,306054
7290004758172,false,בריסקט טרי עטרה,,,בריסקט טרי עטרה,קילוגרמים,1.00,"ק""ג",true,,69.90,69.9000,true,1,309952
7290004944032,false,חומוס אסלי 400 גרם,סלטי שמיר 2006 בעמ,IL,חומוס אסלי 400 גרם,גרמים,400.00,100 גרם,false,,10.90,2.7250,true,1,251793
7290004944049,false,טחינה אסלי 400 גרם,סלטי שמיר 2006 בעמ,IL,טחינה אסלי 400 גרם,גרמים,400.00,100 גרם,false,,10.90,2.7250,true,1,251796
7290004944056,false,חציל במיונז אסלי 400,סלטי שמיר 2006 בעמ,IL,חציל במיונז אסלי 400,גרמים,400.00,100 גרם,false,,10.90,2.7250,true,1,251794
7290004944063,false,סלט טורקי אסלי 400 ג,סלטי שמיר 2006 בעמ,IL,סלט טורקי אסלי 400 ג,גרמים,400.00,100 גרם,false,,10.90,2.7250,true,1,251797
7290005008481,false,דאו גל ספיד סטיק ספו,קולגייט פלמוליב,BY,דאו גל ספיד סטיק ספו,גרמים,85.00,100 גרם,false,,18.90,22.2353,true,1,261741
7290005011405,false,עמבה עם פרי 500 גרם,תבליני שמש בעמ,IL,עמבה עם פרי 500 גרם,גרמים,500.00,100 גרם,false,,8.90,1.7800,true,1,247393
7290005017483,false,שיפודי פרגית מתובל ק,נתח אדום,IL,שיפודי פרגית מתובל ק,גרמים,600.00,100 גרם,false,,49.90,8.3167,true,1,313669
7290005017742,false,חזה טלה לתנור ולמעשנ,נתח אדום,IL,חזה טלה לתנור ולמעשנ,קילוגרמים,1.00,"ק""ג",true,,59.90,59.9000,true,1,312015
7290005017780,false,קאט דנוור סטיק נתח א,נתח אדום,IL,קאט דנוור סטיק נתח א,גרמים,600.00,100 גרם,false,,59.90,9.9833,true,1,324624
7290005017889,false,קציצות ריב אנטריקוט,נתח אדום,IL,קציצות ריב אנטריקוט,גרמים,600.00,100 גרם,false,,29.90,4.9833,true,1,313673
7290005017902,false,נקניקיות מרגז פרימיו,נתח אדום,IL,נקניקיות מרגז פרימיו,גרמים,600.00,100 גרם,false,,29.90,4.9833,true,1,313674
7290005017919,false,המבורגר אנטריקוט XL,נתח אדום,IL,המבורגר אנטריקוט XL,גרמים,600.00,100 גרם,false,,29.90,4.9833,true,1,313675
7290005017926,false,המבורגר טלה XL פרימ,נתח אדום,IL,המבורגר טלה XL פרימ,גרמים,600.00,100 גרם,false,,29.90,4.9833,true,1,313676
7290005017933,false,טחול ממולא נתח אדום,נתח אדום,IL,טחול ממולא נתח אדום,גרמים,400.00,100 גרם,false,,39.90,9.9750,true,1,313668
7290005017940,false,נקניקיות מרגז כבד פר,נתח אדום,IL,נקניקיות מרגז כבד פר,גרמים,600.00,100 גרם,false,,29.90,4.9833,true,1,313677
7290005017957,false,קבב בקר פרימיום בית,נתח אדום,IL,קבב בקר פרימיום בית,גרמים,600.00,100 גרם,false,,29.90,4.9833,true,1,313678
7290005017964,false,קבב טלה פרימיום בית,נתח אדום,IL,קבב טלה פרימיום בית,גרמים,600.00,100 גרם,false,,29.90,4.9833,true,1,313681
7290005017971,false,קבב עיראקי פרימיום ב,נתח אדום,IL,קבב עיראקי פרימיום ב,גרמים,600.00,100 גרם,false,,29.90,4.9833,true,1,313679
7290005017988,false,נקניקיות צ'וריסוס פר,נתח אדום,IL,נקניקיות צ'וריסוס פר,גרמים,600.00,100 גרם,false,,29.90,4.9833,true,1,313671
7290005017995,false,שיפודי פרגית קפוא נת,נתח אדום,IL,שיפודי פרגית קפוא נת,גרמים,600.00,100 גרם,false,,49.90,8.3167,true,1,313672
7290005040702,false,שורש חזרת,אראל תוצרת חקלאית בע,IL,שורש חזרת,קילוגרמים,1.00,"ק""ג",true,,19.90,19.9000,true,1,300777
7290005168284,false,יין גן עדן עתיק,יקבי ציון,IL,יין גן עדן עתיק,מיליליטרים,750.00,"100 מ""ל",false,,19.90,2.6533,true,1,247407
7290005168420,false,מיץ ענבים אדום בית ס,יקבי ציון,IL,מיץ ענבים אדום בית ס,קילוגרמים,1.00,ליטר,false,,16.90,16.9000,true,1,274552
7290005168475,false,מיץ ענבים תירוש אדום,יקבי ציון,IL,מיץ ענבים תירוש אדום,קילוגרמים,1.00,ליטר,false,,16.90,16.9000,true,1,311951
7290005174513,false,חציל במיונז אחלה 500,שטראוס,IL,חציל במיונז אחלה 500,גרמים,500.00,100 גרם,false,,14.90,2.9800,true,1,249869
7290005200786,false,תפוציפס שמנת בצל 50,שטראוס,IL,תפוציפס שמנת בצל 50,גרמים,50.00,100 גרם,false,,3.50,7.0000,true,1,252088
7290005287510,false,טונה בשמן פלפל חריף,סטארקיסט,IL,טונה בשמן פלפל חריף,גרמים,160.00,100 גרם,false,,6.90,4.3125,true,1,262977
7290005287527,false,טונה בשמן לימון ס.ק,סטארקיסט,IL,טונה בשמן לימון ס.ק,גרמים,160.00,100 גרם,false,,6.90,4.3125,true,1,262978
7290005287534,false,טונה בשמן עישון טבעי,סטארקיסט,IL,טונה בשמן עישון טבעי,גרמים,160.00,100 גרם,false,,6.90,4.3125,true,1,262976
7290005287657,false,ממרח טונה סטארקיסט 1,סטארקיסט,IL,ממרח טונה סטארקיסט 1,גרמים,160.00,100 גרם,false,,5.90,3.6875,true,1,250682
7290005317125,false,ביסקויט חצי מצופה בט,אפיפית נצרת תעשיות ב,IL,ביסקויט חצי מצופה בט,גרמים,175.00,100 גרם,false,,4.90,2.8000,true,1,247444
7290005358739,false,בשר ראש קפוא חלק,פריגוצאקו,,בשר ראש קפוא חלק,קילוגרמים,1.00,"ק""ג",true,,69.90,69.9000,true,1,309504
7290005358753,false,לשון בקר קפוא חלק,,,לשון בקר קפוא חלק,קילוגרמים,1.00,"ק""ג",true,,44.90,44.9000,true,1,308564
7290005358883,false,בשר מס 8 שריר קפוא ח,טאק טורו,,בשר מס 8 שריר קפוא ח,קילוגרמים,1.00,"ק""ג",true,,34.90,34.9000,true,1,305478
7290005416019,false,חלב עיזים מחלבת טל 1,"ל.ד בר אל בע""מ",IL,חלב עיזים מחלבת טל 1,קילוגרמים,1.00,ליטר,false,,11.90,11.9000,true,1,252362
7290005416033,false,משקה יוגורט עיזים טל,"ל.ד בר אל בע""מ",IL,משקה יוגורט עיזים טל,מיליליטרים,500.00,"100 מ""ל",false,,14.80,2.9600,true,1,252365
7290005416095,false,גבינה עיזים 5% טל 20,"ל.ד בר אל בע""מ",IL,גבינה עיזים 5% טל 20,גרמים,200.00,100 גרם,false,,12.90,6.4500,true,1,252364
7290005416262,false,משקה יוגורט עיזים תו,"ל.ד בר אל בע""מ",IL,משקה יוגורט עיזים תו,גרמים,200.00,100 גרם,false,,14.80,7.4000,true,1,252367
7290005416279,false,משקה יוגורט עיזים פי,"ל.ד בר אל בע""מ",IL,משקה יוגורט עיזים פי,גרמים,500.00,100 גרם,false,,14.80,2.9600,true,1,252366
7290005416286,false,משקה יוגורט עיזים אנ,"ל.ד בר אל בע""מ",IL,משקה יוגורט עיזים אנ,מיליליטרים,500.00,"100 מ""ל",false,,14.80,2.9600,true,1,252368
7290005416293,false,משקה יוגורט עיזים מש,"ל.ד בר אל בע""מ",IL,משקה יוגורט עיזים מש,גרמים,200.00,100 גרם,false,,14.80,7.4000,true,1,252369
7290005416491,false,משקה יוגורט עיזים טל,מחלבת טל טלה,IL,משקה יוגורט עיזים טל,גרמים,750.00,100 גרם,false,,12.90,1.7200,true,1,272199
7290005416606,false,יוגורט עיזים מחלב מל,מחלבת טל טלה,IL,יוגורט עיזים מחלב מל,מיליליטרים,400.00,"100 מ""ל",false,,9.90,2.4750,true,1,321554
7290005416613,false,יוגורט כבשים מחלב מל,מחלבת טל טלה,IL,יוגורט כבשים מחלב מל,מיליליטרים,400.00,"100 מ""ל",false,,9.90,2.4750,true,1,321555
7290005418709,false,קרם לחות נטורל לשיער,אמיליה קוסמטיקס,IL,קרם לחות נטורל לשיער,מיליליטרים,400.00,"100 מ""ל",false,,19.90,4.9750,true,1,247470
7290005423055,false,תרסיס פורטה פלוס לימ,סנו,IL,תרסיס פורטה פלוס לימ,קילוגרמים,1.00,ליטר,false,,14.90,14.9000,true,1,305268
7290005423253,false,תרסיס מקסימה למייבש,סנו,IL,תרסיס מקסימה למייבש,מיליליטרים,750.00,"100 מ""ל",false,,14.90,1.9867,true,1,247472
7290005423567,false,מטליות לניקוי כללי ב,זינרגד,IL,מטליות לניקוי כללי ב,Unknown,0.00,יחידה,false,,18.90,0.0000,true,1,247484
7290005423734,false,מרכך מקסימה אולטרא פ,סנו,IL,מרכך מקסימה אולטרא פ,קילוגרמים,4.00,ליטר,false,,19.90,4.9750,true,1,247485
7290005423871,false,משחת אורביטול פלואור,טרופיקל דגיל,IL,משחת אורביטול פלואור,גרמים,435.00,100 גרם,false,,16.50,3.7931,true,1,247487
7290005423918,false,מרכך מקסימה בייבי אל,סנו,IL,מרכך מקסימה בייבי אל,קילוגרמים,4.00,ליטר,false,,19.90,4.9750,true,1,247488
7290005424472,false,מי פה אורביטול הלבנה,סנו,IL,מי פה אורביטול הלבנה,קילוגרמים,1.00,ליטר,false,,26.90,26.9000,true,1,295693
7290005424700,false,תרסיס פורטה פלוס מסי,סנו,IL,תרסיס פורטה פלוס מסי,קילוגרמים,1.00,ליטר,false,,14.90,14.9000,true,1,302874
7290005424762,false,ריצפז + דוחה תיקנים,סנו,IL,ריצפז + דוחה תיקנים,קילוגרמים,2.00,ליטר,false,,25.90,12.9500,true,1,247495
7290005424991,false,מבשם אויר סנו פרש או,סנו,IL,מבשם אויר סנו פרש או,מיליליטרים,250.00,"100 מ""ל",false,,12.90,5.1600,true,1,309447
7290005425073,false,מטהר סנו דאופרש יסמי,סנו,IL,מטהר סנו דאופרש יסמי,גרמים,300.00,100 גרם,false,,9.90,3.3000,true,1,247503
7290005425110,false,תרסיס סנו 99.9 חיטוי,סנו,IL,תרסיס סנו 99.9 חיטוי,מיליליטרים,750.00,"100 מ""ל",false,,14.90,1.9867,true,1,305917
7290005425127,false,תרסיס סנו 99.9 חיטוי,סנו,IL,תרסיס סנו 99.9 חיטוי,מיליליטרים,750.00,"100 מ""ל",false,,14.90,1.9867,true,1,305918
7290005425646,false,תרסיס סנוקליר 1 ליטר,סנו,IL,תרסיס סנוקליר 1 ליטר,קילוגרמים,1.00,ליטר,false,,8.90,8.9000,true,1,247508
7290005425912,false,גל אוקסיגן 4 ליטר,סנו,IL,גל אוקסיגן 4 ליטר,קילוגרמים,4.00,ליטר,false,,29.90,7.4750,true,1,247510
7290005426018,false,אל סבון בייבי כיף 2,קוסמופארם,IL,אל סבון בייבי כיף 2,קילוגרמים,2.00,ליטר,false,,24.90,12.4500,true,1,247511
7290005426193,false,ספוג הפלא סנו סושי 6,U F O,IL,ספוג הפלא סנו סושי 6,Unknown,0.00,יחידה,false,,9.90,0.0000,true,1,247513
7290005426230,false,מטלית רצפה מיקרופייב,N S,IL,מטלית רצפה מיקרופייב,Unknown,0.00,יחידה,false,,9.90,0.0000,true,1,247514
7290005426568,false,קרם לחות קרמה לשיער,קוסמופארם,IL,קרם לחות קרמה לשיער,מיליליטרים,400.00,"100 מ""ל",false,,16.90,4.2250,true,1,247518
7290005426575,false,קרם לחות קרמה לשיער,קוסמופארם,IL,קרם לחות קרמה לשיער,מיליליטרים,400.00,"100 מ""ל",false,,16.90,4.2250,true,1,247519
7290005426629,false,מטהר סנו דאופרש דובד,סנו,IL,מטהר סנו דאופרש דובד,מיליליטרים,300.00,"100 מ""ל",false,,9.90,3.3000,true,1,247520
7290005426803,false,מ.כביסה מקסימה פצולי,סנו,,מ.כביסה מקסימה פצולי,קילוגרמים,4.00,ליטר,false,,19.90,4.9750,true,1,247523
7290005426940,false,קוטל K300 פלוס 8 סנו,סנו,IL,קוטל K300 פלוס 8 סנו,מיליליטרים,400.00,"100 מ""ל",false,,17.90,4.4750,true,1,247527
7290005427633,false,גל כיף לעיצוב שיער 1,קוסמופארם,IL,גל כיף לעיצוב שיער 1,פריט,1.00,"ק""ג",false,,19.90,19.9000,true,1,247550
7290005427732,false,אלסבון כיף קמומיל 2,קוסמופארם,IL,אלסבון כיף קמומיל 2,קילוגרמים,2.00,ליטר,false,,13.90,6.9500,true,1,247552
7290005427749,false,אלסבון כיף אצות ים 2,קוסמופארם,IL,אלסבון כיף אצות ים 2,קילוגרמים,2.00,ליטר,false,,13.90,6.9500,true,1,247553
7290005427763,false,אלסבון כיף גינסינג 2,קוסמופארם,IL,אלסבון כיף גינסינג 2,קילוגרמים,2.00,ליטר,false,,13.90,6.9500,true,1,247554
7290005427770,false,קרם לחות קרמה לשיער,קוסמופארם,IL,קרם לחות קרמה לשיער,מיליליטרים,400.00,"100 מ""ל",false,,16.90,4.2250,true,1,247555
7290005427848,false,מטליות לניקוי כללי ב,זינרגד,IL,מטליות לניקוי כללי ב,Unknown,0.00,יחידה,false,,18.90,0.0000,true,1,247557
7290005429279,false,אבקת מקסימה גאוול 6,סנו,IL,אבקת מקסימה גאוול 6,פריט,6.00,"ק""ג",false,,44.90,7.4833,true,1,247578
7290005429286,false,"אבקת מקסימה ביו 6 ק""",סנו,IL,"אבקת מקסימה ביו 6 ק""",פריט,6.00,"ק""ג",false,,44.90,7.4833,true,1,247579
7290005430602,false,"תרסיס אוקסיגן 750 מ""",סנו,IL,"תרסיס אוקסיגן 750 מ""",מיליליטרים,750.00,"100 מ""ל",false,,14.90,1.9867,true,1,247582
7290005437069,false,שמן זית למאור טעמן 1,,,שמן זית למאור טעמן 1,קילוגרמים,1.00,ליטר,false,,19.90,19.9000,true,1,247594
7290005437168,false,שמן זית זך טעמן 1 לי,סובנה,ES,שמן זית זך טעמן 1 לי,קילוגרמים,1.00,ליטר,false,,35.90,35.9000,true,1,247596
7290005437502,false,פטריות חתוכות טעמן 4,פרוצאמפ,NL,פטריות חתוכות טעמן 4,גרמים,400.00,100 גרם,false,,4.90,1.2250,true,1,247598
7290005437755,false,פסטה צינורות טעמן 50,מוטלו,TR,פסטה צינורות טעמן 50,גרמים,500.00,100 גרם,false,,3.90,0.7800,true,1,247601
7290005437762,false,פסטה ספירלה טעמן 500,מוטלו,TR,פסטה ספירלה טעמן 500,גרמים,500.00,100 גרם,false,,3.90,0.7800,true,1,247602
7290005437861,false,לפתן קוקטייל טעמן 90,פ.ת גרייט פנאפל,ID,לפתן קוקטייל טעמן 90,גרמים,900.00,100 גרם,false,,11.90,1.3222,true,1,247607
7290005437939,false,ספגטיני טעמן 500 גרם,,,ספגטיני טעמן 500 גרם,גרמים,500.00,100 גרם,false,,3.90,0.7800,true,1,247608
7290005559990,false,בצק פילאס תורכי מעדנ,מעדנות,IL,בצק פילאס תורכי מעדנ,גרמים,600.00,100 גרם,false,,17.90,2.9833,true,1,247630
7290005576010,false,חסה ערבית גלאט,רביבים,IL,חסה ערבית גלאט,Unknown,0.00,יחידה,false,,7.90,0.0000,true,1,247634
7290005576027,false,פטרוזיליה מהדרין,רביבים,IL,פטרוזיליה מהדרין,Unknown,0.00,יחידה,false,,6.90,0.0000,true,1,247635
7290005576034,false,כוסברה מהדרין,רביבים,IL,כוסברה מהדרין,Unknown,0.00,יחידה,false,,6.90,0.0000,true,1,247636
7290005576041,false,שמיר מהדרין,רביבים,IL,שמיר מהדרין,Unknown,0.00,יחידה,false,,6.90,0.0000,true,1,247637
7290005576065,false,סלרי מהדרין,רביבים,IL,סלרי מהדרין,Unknown,0.00,יחידה,false,,7.90,0.0000,true,1,247639
7290005576089,false,בצל ירוק גלאט,רביבים,IL,בצל ירוק גלאט,Unknown,0.00,יחידה,false,,7.90,0.0000,true,1,247641
7290005576096,false,כרוב לבן גלאט עלים,רביבים,IL,כרוב לבן גלאט עלים,קילוגרמים,1.00,"ק""ג",true,,14.90,14.9000,true,1,247642
7290005678059,false,ענבים ירוקים ענבי טל,,IL,ענבים ירוקים ענבי טל,קילוגרמים,1.00,"ק""ג",true,,13.90,13.9000,true,1,323849
7290005678653,false,ענבים צבעוניים ענבי,אראל תוצרת חקלאית בע,IL,ענבים צבעוניים ענבי,קילוגרמים,1.00,"ק""ג",true,,13.90,13.9000,true,1,323928
7290005680052,false,טמפונים אובה פרוקומפ,גונסון אנד גונסון,IT,טמפונים אובה פרוקומפ,Unknown,0.00,יחידה,false,,19.90,0.0000,true,1,256464
7290005816017,false,פילה סלמון קפוא צ'יר,,,פילה סלמון קפוא צ'יר,קילוגרמים,1.00,"ק""ג",true,,64.90,64.9000,true,1,322545
7290005816413,false,פילה נסיכת הנילוס צ',,AR,פילה נסיכת הנילוס צ',קילוגרמים,1.00,"ק""ג",true,,39.90,39.9000,true,1,323763
7290005838002,false,דניאלה וניל 88 גרם,שטראוס,IL,דניאלה וניל 88 גרם,גרמים,88.00,100 גרם,false,,3.90,4.4318,true,1,247700
7290005838613,false,מעדן גבינה בטעם וניל,שטראוס,IL,מעדן גבינה בטעם וניל,גרמים,125.00,100 גרם,false,,3.70,2.9600,true,1,261058
7290005839078,false,מארז יוגורט פרוביוטי,שטראוס,IL,מארז יוגורט פרוביוטי,קילוגרמים,1.20,ליטר,false,,15.90,13.2500,true,1,247701
7290005839108,false,גבינת שמנת זיתים 5%,שטראוס,IL,גבינת שמנת זיתים 5%,גרמים,200.00,100 גרם,false,,7.90,3.9500,true,1,247702
7290005877308,false,כנפיים עוף טרי כשר,,,כנפיים עוף טרי כשר,קילוגרמים,1.00,"ק""ג",true,,5.90,5.9000,true,1,318874
7290005877315,false,ירכיים עוף טרי כשר,,,ירכיים עוף טרי כשר,קילוגרמים,1.00,"ק""ג",true,,26.90,26.9000,true,1,318868
7290005877346,false,שניצל עוף פרוס טרי כ,,,שניצל עוף פרוס טרי כ,קילוגרמים,1.00,"ק""ג",true,,31.90,31.9000,true,1,318878
7290005877353,false,כרעיים עוף טרי כשר,,,כרעיים עוף טרי כשר,קילוגרמים,1.00,"ק""ג",true,,25.90,25.9000,true,1,318870
7290005896439,false,בירה מכבי ב.חוזר 5%,טמפו,IL,בירה מכבי ב.חוזר 5%,מיליליטרים,500.00,"100 מ""ל",false,,6.90,1.3800,true,1,261879
7290005992247,false,גבינה חלומי 24% גד ב,מחלבות גד,IL,גבינה חלומי 24% גד ב,קילוגרמים,1.00,"ק""ג",true,,59.00,59.0000,true,1,322906
7290006065049,false,פילה לברק הדייג שלי,,IL,פילה לברק הדייג שלי,קילוגרמים,1.00,"ק""ג",true,,42.90,42.9000,true,1,323982
7290006199218,false,מאגדת גלידל שלגון ב,הגלידות של פלדמן,IL,מאגדת גלידל שלגון ב,גרמים,400.00,100 גרם,false,,28.90,7.2250,true,1,324954
7290006199942,false,מאגדת גלידל פרי דובד,הגלידות של פלדמן,IL,מאגדת גלידל פרי דובד,גרמים,640.00,100 גרם,false,,18.90,2.9531,true,1,312425
7290006214003,false,חלוה ממולאת במשקל,אל מנאר,JO,חלוה ממולאת במשקל,קילוגרמים,1.00,"ק""ג",true,,59.00,59.0000,true,1,307471
7290006222497,false,פקאן מצופה בטעמים במ,שקדיה,IL,פקאן מצופה בטעמים במ,קילוגרמים,1.00,"ק""ג",true,,100.00,100.0000,true,1,310177
7290006222503,false,בונדוק מצופה בטעמים,דין שיווק,TR,בונדוק מצופה בטעמים,קילוגרמים,1.00,"ק""ג",true,,88.00,88.0000,true,1,310178
7290006241511,false,תרכיז לימונענע קפוא,פריגת מצוננים,IL,תרכיז לימונענע קפוא,גרמים,340.00,100 גרם,false,,10.90,3.2059,true,1,253042
7290006241535,false,תרכיז מנגו קפוא פריג,פריגת מצוננים,IL,תרכיז מנגו קפוא פריג,גרמים,350.00,100 גרם,false,,10.90,3.1143,true,1,253041
7290006251275,false,תה ירוק סיני 25 שקיק,ויסוצקי,IL,תה ירוק סיני 25 שקיק,גרמים,38.00,100 גרם,false,,21.90,57.6316,true,1,256935
7290006251343,false,תה פסיפלורה מנגו הגן,ויסוצקי,IL,תה פסיפלורה מנגו הגן,גרמים,63.00,100 גרם,false,,16.90,26.8254,true,1,247794
7290006251374,false,תה ירוק לימונית וגינ,ויסוצקי,IL,תה ירוק לימונית וגינ,גרמים,38.00,100 גרם,false,,21.90,57.6316,true,1,256936
7290006251589,false,תה ירוק נענע 50 שקיק,ויסוצקי,IL,תה ירוק נענע 50 שקיק,גרמים,75.00,100 גרם,false,,36.90,49.2000,true,1,247795
7290006265500,false,פטריות שמפיניון ארוז,מרינה פטריות,IL,פטריות שמפיניון ארוז,Unknown,0.00,יחידה,false,,8.90,0.0000,true,1,258076
7290006265548,false,נבטים סינים יח,מרינה,IL,נבטים סינים יח,Unknown,0.00,יחידה,false,,5.90,0.0000,true,1,261178
7290006265890,false,נבטי חמניה יח,מרינה,IL,נבטי חמניה יח,Unknown,0.00,יחידה,false,,8.90,0.0000,true,1,261180
7290006271181,false,גחנון אפוי מעדנות 75,מעדנות,IL,גחנון אפוי מעדנות 75,גרמים,750.00,100 גרם,false,,17.90,2.3867,true,1,247797
7290006271648,false,מיני בורקס תפוא מעדנ,מעדנות,IL,מיני בורקס תפוא מעדנ,גרמים,800.00,100 גרם,false,,19.90,2.4875,true,1,253675
7290006271655,false,מיני בורקס גבינה מעד,מעדנות,IL,מיני בורקס גבינה מעד,גרמים,800.00,100 גרם,false,,19.90,2.4875,true,1,253674
7290006299048,false,יין ג'וזף רזרב 2019,יקב ג'ודואה,IL,יין ג'וזף רזרב 2019,מיליליטרים,750.00,"100 מ""ל",false,,109.90,14.6533,true,1,314225
7290006299055,false,יין ג'וזף קברנה,יקב ג'ודואה,IL,יין ג'וזף קברנה,מיליליטרים,750.00,"100 מ""ל",false,,69.90,9.3200,true,1,314226
7290006299604,false,יין ירושלים קולקשיין,אנטי פוד משקאות,IL,יין ירושלים קולקשיין,מיליליטרים,750.00,"100 מ""ל",false,,59.90,7.9867,true,1,315117
7290006306296,false,רביולי גבינה נונה 40,פסטה נונה,IL,רביולי גבינה נונה 40,גרמים,400.00,100 גרם,false,,18.90,4.7250,true,1,255828
7290006306302,false,רביולי פרמזן וריקוטה,פסטה נונה,IL,רביולי פרמזן וריקוטה,גרמים,400.00,100 גרם,false,,18.90,4.7250,true,1,247804
7290006306319,false,רביולי בטטה נונה 400,פסטה נונה,IL,רביולי בטטה נונה 400,גרמים,400.00,100 גרם,false,,18.90,4.7250,true,1,247805
7290006306326,false,רביולי פטריות ופרמזן,פסטה נונה,IL,רביולי פטריות ופרמזן,גרמים,400.00,100 גרם,false,,18.90,4.7250,true,1,247806
7290006306333,false,רביולי תרד וריקוטה נ,פסטה נונה,IL,רביולי תרד וריקוטה נ,גרמים,400.00,100 גרם,false,,18.90,4.7250,true,1,247807
7290006306357,false,רביולי גבינת עיזים נ,פסטה נונה,IL,רביולי גבינת עיזים נ,גרמים,400.00,100 גרם,false,,18.90,4.7250,true,1,247809
7290006342072,false,גרעין לבן 200 גרם יח,דין שיווק,IL,גרעין לבן 200 גרם יח,גרמים,200.00,100 גרם,false,,6.50,3.2500,true,1,249572
7290006342447,false,גרעין אבטיח 200 גרם,דין שיווק,IL,גרעין אבטיח 200 גרם,גרמים,200.00,100 גרם,false,,12.40,6.2000,true,1,249575
7290006342645,false,טורטיות 12*70 גרם,,TR,טורטיות 12*70 גרם,מיליליטרים,840.00,"100 מ""ל",false,,14.90,1.7738,true,1,260746
7290006374660,false,שמן זית קלאסי יד מרד,יד מרדכי,IL,שמן זית קלאסי יד מרד,קילוגרמים,1.00,ליטר,false,,39.90,39.9000,true,1,274928
7290006374738,false,קונפיטורה תות יד מרד,יד מרדכי,IL,קונפיטורה תות יד מרד,גרמים,340.00,100 גרם,false,,12.90,3.7941,true,1,274930
7290006429506,false,לפתן אפרסק טעמן 820,,,לפתן אפרסק טעמן 820,גרמים,820.00,100 גרם,false,,9.70,1.1829,true,1,247830
7290006439451,false,אורז בסמטי שוקחה 5 ק,צימאן לטל סטיה,IN,אורז בסמטי שוקחה 5 ק,פריט,5.00,"ק""ג",false,,39.90,7.9800,true,1,299185
7290006449955,false,מלפפון בייבי מארז,מרינה,IL,מלפפון בייבי מארז,Unknown,0.00,יחידה,false,,8.90,0.0000,true,1,269468
7290006492432,false,גבינת מוצרלה בייבי 1,מחלבות גד,IL,גבינת מוצרלה בייבי 1,גרמים,150.00,100 גרם,false,,9.90,6.6000,true,1,247840
7290006492685,false,לאבנה עיזים 5% גד 25,מחלבות גד,IL,לאבנה עיזים 5% גד 25,גרמים,250.00,100 גרם,false,,14.90,5.9600,true,1,247842
7290006492852,false,גבינה עיזים 5% גד 25,מחלבות גד,IL,גבינה עיזים 5% גד 25,גרמים,250.00,100 גרם,false,,14.90,5.9600,true,1,247843
7290006497130,false,קישקע פרווה רובינפלד,,,קישקע פרווה רובינפלד,גרמים,500.00,100 גרם,false,,17.90,3.5800,true,1,289840
7290006541031,false,נר נשמה בכוס 48 שעות,נרות מאור,IL,נר נשמה בכוס 48 שעות,Unknown,0.00,יחידה,false,,3.90,0.0000,true,1,249406
7290006560964,false,מגש מלבן שקוף 5 יח,בי רייט,CN,מגש מלבן שקוף 5 יח,Unknown,0.00,יחידה,false,,19.90,0.0000,true,1,302010
7290006560988,false,קערה מעוטרת בינונית,בי רייט,CN,קערה מעוטרת בינונית,Unknown,0.00,יחידה,false,,19.90,0.0000,true,1,302004
7290006561022,false,מגש מחולק ל - 4 שקוף,הנג טונג,CN,מגש מחולק ל - 4 שקוף,Unknown,0.00,יחידה,false,,19.90,0.0000,true,1,302009
7290006561039,false,קערה מרובעת שקופה קט,הנג טונג,CN,קערה מרובעת שקופה קט,Unknown,0.00,יחידה,false,,19.90,0.0000,true,1,302006
7290006561121,false,קערה 2 פסים ענקית לס,הנג טונג,CN,קערה 2 פסים ענקית לס,Unknown,0.00,יחידה,false,,19.90,0.0000,true,1,303714
7290006561138,false,קערה 3 פסים קטנות לס,הנג טונג,CN,קערה 3 פסים קטנות לס,Unknown,0.00,יחידה,false,,19.90,0.0000,true,1,303715
7290006582355,false,סילאן שקדיה 900 גרם,,IL,סילאן שקדיה 900 גרם,גרמים,900.00,100 גרם,false,,9.90,1.1000,true,1,256059
7290006664037,false,מארז גמדים תות/ תפוח,שטראוס,IL,מארז גמדים תות/ תפוח,גרמים,400.00,100 גרם,false,,9.90,2.4750,true,1,251000
7290006664051,false,אקטימל דנונה 14*100,שטראוס,IL,אקטימל דנונה 14*100,קילוגרמים,1.40,ליטר,false,,28.90,20.6429,true,1,247906
7290006664402,false,גבינה 5% סקי 750 גרם,שטראוס,IL,גבינה 5% סקי 750 גרם,גרמים,750.00,100 גרם,false,,12.90,1.7200,true,1,249889
7290006664532,false,דנונה פרי תות 150 גר,שטראוס,IL,דנונה פרי תות 150 גר,גרמים,150.00,100 גרם,false,,3.50,2.3333,true,1,272242
7290006664655,false,אקטימל דנונה 8*100 מ,שטראוס,IL,אקטימל דנונה 8*100 מ,מיליליטרים,800.00,"100 מ""ל",false,,19.90,2.4875,true,1,247912
7290006664693,false,דנונה פרי אפרסק 150,שטראוס,IL,דנונה פרי אפרסק 150,מיליליטרים,150.00,"100 מ""ל",false,,3.50,2.3333,true,1,272243
7290006664990,false,מארז יוגורט פרוביוטי,שטראוס,IL,מארז יוגורט פרוביוטי,קילוגרמים,1.20,ליטר,false,,15.90,13.2500,true,1,247914
7290006681003,false,שרבט קרמיסימו תות לי,גלידות שטראוס,IL,שרבט קרמיסימו תות לי,קילוגרמים,1.33,ליטר,false,,16.90,12.7068,true,1,247915
7290006681553,false,קרמבו וניל שטראוס 8,שטראוס,IL,קרמבו וניל שטראוס 8,גרמים,200.00,100 גרם,false,,12.90,6.4500,true,1,319546
7290006681560,false,קרמבו מוקה שטראוס 8,שטראוס,IL,קרמבו מוקה שטראוס 8,גרמים,200.00,100 גרם,false,,12.90,6.4500,true,1,319547
7290006681577,false,קרחוני אסקימו לימון,גלידות שטראוס,IL,קרחוני אסקימו לימון,גרמים,750.00,100 גרם,false,,14.50,1.9333,true,1,247918
7290006696717,false,תירוש לבן אפרת 1 ליט,יקב טפרברג 1870 בעמ,IL,תירוש לבן אפרת 1 ליט,קילוגרמים,1.00,ליטר,false,,12.90,12.9000,true,1,247926
7290006712981,false,משחת קולגייט ילדים ב,קולגייט פלמוליב,PL,משחת קולגייט ילדים ב,מיליליטרים,50.00,"100 מ""ל",false,,11.90,23.8000,true,1,269795
7290006730268,false,טרופיק פקק 40 יח,קלית סיטבון בעמ,IL,טרופיק פקק 40 יח,קילוגרמים,8.00,ליטר,false,,39.90,4.9875,true,1,261249
7290006730398,false,טרופיק קש 40 יח,קלית סיטבון בעמ,IL,טרופיק קש 40 יח,קילוגרמים,8.00,ליטר,false,,29.90,3.7375,true,1,257439
7290006739131,false,בצק פילו זוגלובק 500,מאפיית אריאל,IL,בצק פילו זוגלובק 500,גרמים,500.00,100 גרם,false,,12.90,2.5800,true,1,267163
7290006739407,false,שניצל תירס לייט זוגל,זוגלובק,IL,שניצל תירס לייט זוגל,גרמים,630.00,100 גרם,false,,21.90,3.4762,true,1,254044
7290006739414,false,סלמי קוניאק זוגלובק,זוגלובק,IL,סלמי קוניאק זוגלובק,גרמים,300.00,100 גרם,false,,24.90,8.3000,true,1,252508
7290006739421,false,סלמי מעושן איטלקי זו,זוגלובק,IL,סלמי מעושן איטלקי זו,גרמים,300.00,100 גרם,false,,24.90,8.3000,true,1,252507
7290006739445,false,שניצל תירס זוגלובק 7,זוגלובק,IL,שניצל תירס זוגלובק 7,גרמים,750.00,100 גרם,false,,21.90,2.9200,true,1,250194
7290006741363,false,בורקס תפוא זוגלובק 8,זוגלובק,IL,בורקס תפוא זוגלובק 8,גרמים,800.00,100 גרם,false,,13.90,1.7375,true,1,247932
7290006741387,false,מלוואח זוגלובק 700 ג,זוגלובק,IL,מלוואח זוגלובק 700 ג,גרמים,700.00,100 גרם,false,,12.90,1.8429,true,1,247933
7290006742278,false,פסטרמה צלויה על לבני,זוגלובק,IL,פסטרמה צלויה על לבני,גרמים,330.00,100 גרם,false,,25.90,7.8485,true,1,252513
7290006742315,false,פסטרמה ברביקיו זוגלו,זוגלובק,IL,פסטרמה ברביקיו זוגלו,גרמים,330.00,100 גרם,false,,25.90,7.8485,true,1,252510
7290006764065,false,בירה נשר מאלט ב.חוזר,טמפו,IL,בירה נשר מאלט ב.חוזר,מיליליטרים,500.00,"100 מ""ל",false,,4.80,0.9600,true,1,256094
7290006764072,false,בירה גולדסטאר ב.חוזר,טמפו,IL,בירה גולדסטאר ב.חוזר,מיליליטרים,500.00,"100 מ""ל",false,,7.90,1.5800,true,1,256093
7290006764157,false,בירה גולדסטאר לא מסו,טמפו,IL,בירה גולדסטאר לא מסו,מיליליטרים,500.00,"100 מ""ל",false,,7.90,1.5800,true,1,307676
7290006765000,false,טורטיות חיטה מלאה 12,,TR,טורטיות חיטה מלאה 12,גרמים,540.00,100 גרם,false,,9.90,1.8333,true,1,260747
7290006775016,false,עוגת תפוז אחוה 450 ג,אחדות ביחר לטחינה חל,IL,עוגת תפוז אחוה 450 ג,גרמים,450.00,100 גרם,false,,8.90,1.9778,true,1,247948
7290006775030,false,עוגת שוקולד ציפס אחו,אחדות ביחר לטחינה חל,IL,עוגת שוקולד ציפס אחו,גרמים,450.00,100 גרם,false,,8.90,1.9778,true,1,247950
7290006775047,false,עוגת שוקולד אחוה 450,אחדות ביחר לטחינה חל,IL,עוגת שוקולד אחוה 450,גרמים,450.00,100 גרם,false,,8.90,1.9778,true,1,247951
7290006775054,false,עוגת שיש אחוה 450 גר,אחדות ביחר לטחינה חל,IL,עוגת שיש אחוה 450 גר,גרמים,450.00,100 גרם,false,,8.90,1.9778,true,1,247952
7290006775085,false,עוגת שמרים שוקולד אח,אחדות ביחר לטחינה חל,IL,עוגת שמרים שוקולד אח,גרמים,400.00,100 גרם,false,,9.80,2.4500,true,1,247954
7290006775191,false,מאפין במילוי שוקולד,אחדות ביחר לטחינה חל,IL,מאפין במילוי שוקולד,גרמים,50.00,100 גרם,false,,1.30,2.6000,true,1,247955
7290006775306,false,מאפין במילוי תות אחו,אחדות ביחר לטחינה חל,IL,מאפין במילוי תות אחו,גרמים,50.00,100 גרם,false,,1.30,2.6000,true,1,249228
7290006775344,false,עוגת שמרים במילוי קר,אחדות ביחר לטחינה חל,IL,עוגת שמרים במילוי קר,גרמים,400.00,100 גרם,false,,9.80,2.4500,true,1,247958
7290006775405,false,מאפין שוקולד ציפס אח,אחדות ביחר לטחינה חל,IL,מאפין שוקולד ציפס אח,גרמים,45.00,100 גרם,false,,1.30,2.8889,true,1,247959
7290006775764,false,עוגת שוקולד ציפס ללא,אחדות ביחר לטחינה חל,IL,עוגת שוקולד ציפס ללא,גרמים,400.00,100 גרם,false,,10.90,2.7250,true,1,247962
7290006775801,false,רוגעלך בטעם שוקולד א,אחדות ביחר לטחינה חל,IL,רוגעלך בטעם שוקולד א,גרמים,400.00,100 גרם,false,,8.90,2.2250,true,1,254168
7290006788429,false,דאו רול און קרליין ס,אמיליה קוסמטיקס,IL,דאו רול און קרליין ס,גרמים,75.00,100 גרם,false,,10.90,14.5333,true,1,247969
7290006788436,false,דאו רול און קרליין פ,אמיליה קוסמטיקס,IL,דאו רול און קרליין פ,גרמים,75.00,100 גרם,false,,10.90,14.5333,true,1,247970
7290006788443,false,דאו רול און קרליין א,אמיליה קוסמטיקס,IL,דאו רול און קרליין א,גרמים,75.00,100 גרם,false,,10.90,14.5333,true,1,247971
7290006788498,false,דאו ספריי קרליין נוש,אמיליה קוסמטיקס,IL,דאו ספריי קרליין נוש,מיליליטרים,200.00,"100 מ""ל",false,,10.90,5.4500,true,1,247973
7290006788504,false,דאו ספריי קרליין נוש,אמיליה קוסמטיקס,IL,דאו ספריי קרליין נוש,מיליליטרים,200.00,"100 מ""ל",false,,10.90,5.4500,true,1,247974
7290006805355,false,תערובת להכנת כדורי ש,פוליבה,IL,תערובת להכנת כדורי ש,גרמים,500.00,100 גרם,false,,15.90,3.1800,true,1,267577
7290006983176,false,לחמית שיפון 230 גרם,אסם,IL,לחמית שיפון 230 גרם,גרמים,230.00,100 גרם,false,,7.90,3.4348,true,1,248008
7290006983770,false,עוגת שיש אסם 400 גרם,אסם,IL,עוגת שיש אסם 400 גרם,גרמים,400.00,100 גרם,false,,10.90,2.7250,true,1,248011
7290006983787,false,עוגת שוקולד ציפס אסם,אסם,IL,עוגת שוקולד ציפס אסם,גרמים,400.00,100 גרם,false,,10.90,2.7250,true,1,248012
7290006983794,false,עוגת תפוז אסם 380 גר,אסם,IL,עוגת תפוז אסם 380 גר,גרמים,400.00,100 גרם,false,,10.90,2.7250,true,1,248013
7290006992161,false,דייסת קורנפלור מטרנה,מטרנה,IL,דייסת קורנפלור מטרנה,גרמים,200.00,100 גרם,false,,12.90,6.4500,true,1,248015
7290006992185,false,דייסת אורז מטרנה 200,מטרנה,IL,דייסת אורז מטרנה 200,גרמים,200.00,100 גרם,false,,12.90,6.4500,true,1,248017
7290006992208,false,דייסת דגנים מעורבים,מטרנה,IL,דייסת דגנים מעורבים,גרמים,200.00,100 גרם,false,,12.90,6.4500,true,1,248019
7290006992390,false,דייסת וניל מטרנה 200,מטרנה,IL,דייסת וניל מטרנה 200,גרמים,200.00,100 גרם,false,,12.90,6.4500,true,1,248021
7290008110501,false,סירופ הרבליס פלוריס,,,סירופ הרבליס פלוריס,Unknown,0.00,יחידה,false,,36.90,0.0000,true,1,319443
7290008154222,false,שניצלונים עוף טוב 70,עוף טוב,IL,שניצלונים עוף טוב 70,גרמים,700.00,100 גרם,false,,14.90,2.1286,true,1,248695
7290008194266,false,חטיפים מעורב 350 גרם,ממתקי השלום,IL,חטיפים מעורב 350 גרם,גרמים,350.00,100 גרם,false,,12.90,3.6857,true,1,253229
7290008194839,false,חטיפים מצופים 300 גר,ממתקי השלום,IL,חטיפים מצופים 300 גר,גרמים,300.00,100 גרם,false,,12.90,4.3000,true,1,291865
7290008257138,false,פטמות לבקבוק צר אריס,אריסטוקרט,,פטמות לבקבוק צר אריס,Unknown,0.00,יחידה,false,,4.90,0.0000,true,1,248718
7290008257169,false,פלסטר אריסטוקרט 100,אריסטוקרט,CN,פלסטר אריסטוקרט 100,Unknown,0.00,יחידה,false,,6.90,0.0000,true,1,248720
7290008257176,false,מחלק מנות אריסטוקרט,אריסטוקרט,,מחלק מנות אריסטוקרט,Unknown,0.00,יחידה,false,,10.90,0.0000,true,1,248721
7290008257206,false,מברשת לניקוי בקבוקים,אריסטוקרט,,מברשת לניקוי בקבוקים,Unknown,0.00,יחידה,false,,4.90,0.0000,true,1,248723
7290008257244,false,מברשת + מסרק לתינוק,אריסטוקרט,,מברשת + מסרק לתינוק,Unknown,0.00,יחידה,false,,7.90,0.0000,true,1,248726
7290008257305,false,מוצץ סיליקון קטן ארי,אריסטוקרט,,מוצץ סיליקון קטן ארי,Unknown,0.00,יחידה,false,,13.90,0.0000,true,1,248730
7290008257312,false,מוצץ סיליקון גדול אר,אריסטוקרט,,מוצץ סיליקון גדול אר,Unknown,0.00,יחידה,false,,13.90,0.0000,true,1,248731
7290008257411,false,סינר מגבת לתינוק ארי,אריסטוקרט,,סינר מגבת לתינוק ארי,Unknown,0.00,יחידה,false,,13.90,0.0000,true,1,261210
7290008257558,false,מבריק נעליים אריסטוק,אריסטוקרט,TR,מבריק נעליים אריסטוק,Unknown,0.00,יחידה,false,,5.90,0.0000,true,1,248737
7290008257718,false,רפידות הנקה אריסטוקר,אריסטוקרט,CN,רפידות הנקה אריסטוקר,Unknown,0.00,יחידה,false,,18.90,0.0000,true,1,248739
7290008257770,false,בקבוק רחב לתינוק ארי,אריסטוקרט,,בקבוק רחב לתינוק ארי,Unknown,0.00,יחידה,false,,19.90,0.0000,true,1,267731
7290008257909,false,נוזל נעליים אריסטוקר,אריסטוקרט,TR,נוזל נעליים אריסטוקר,מיליליטרים,75.00,"100 מ""ל",false,,3.90,5.2000,true,1,248742
7290008343466,false,בצק פילו ש.האופים 50,שלושת האופים,IL,בצק פילו ש.האופים 50,גרמים,500.00,100 גרם,false,,16.90,3.3800,true,1,248755
7290008343503,false,גחנון ש.האופים 650 ג,שלושת האופים,IL,גחנון ש.האופים 650 ג,גרמים,650.00,100 גרם,false,,16.90,2.6000,true,1,248756
7290008343558,false,סיגרים בשר ש.האופים,שלושת האופים,IL,סיגרים בשר ש.האופים,פריט,1.00,"ק""ג",false,,18.90,18.9000,true,1,248757
7290008343565,false,סיגרים תפוא ש.האופים,שלושת האופים,IL,סיגרים תפוא ש.האופים,פריט,1.00,"ק""ג",false,,18.90,18.9000,true,1,248758
7290008343572,false,אגרול סיני ש.האופים,שלושת האופים,IL,אגרול סיני ש.האופים,פריט,1.00,"ק""ג",false,,18.90,18.9000,true,1,248759
7290008343602,false,קובה בשר ש.האופים 1,שלושת האופים,IL,קובה בשר ש.האופים 1,פריט,1.00,"ק""ג",false,,18.90,18.9000,true,1,248760
7290008343619,false,פסטלים תפוא ש.האופים,שלושת האופים,IL,פסטלים תפוא ש.האופים,פריט,1.00,"ק""ג",false,,18.90,18.9000,true,1,248761
7290008343626,false,כדורי פלאפל ש.האופים,שלושת האופים,IL,כדורי פלאפל ש.האופים,פריט,1.00,"ק""ג",false,,18.90,18.9000,true,1,248762
7290008345156,false,פילה מקרוסקה דלידג ב,דלידג,IL,פילה מקרוסקה דלידג ב,קילוגרמים,1.00,"ק""ג",true,,93.90,93.9000,true,1,276944
7290008345163,false,מקרל שלם מעושן דלידג,דלידג,IL,מקרל שלם מעושן דלידג,קילוגרמים,1.00,"ק""ג",true,,88.90,88.9000,true,1,308788
7290008345170,false,מקרל חצאים מעושן דלי,דלידג,IL,מקרל חצאים מעושן דלי,קילוגרמים,1.00,"ק""ג",true,,88.90,88.9000,true,1,276943
7290008347211,false,אצבעות דג מצופות דלי,דלידג,IL,אצבעות דג מצופות דלי,גרמים,700.00,100 גרם,false,,19.90,2.8429,true,1,248766
7290008409049,false,שניצלונים מיני מאמא,תנובה,IL,שניצלונים מיני מאמא,גרמים,500.00,100 גרם,false,,24.90,4.9800,true,1,260379
7290008409223,false,שניצל דק דק מתובל מא,תנובה גליל,IL,שניצל דק דק מתובל מא,גרמים,700.00,100 גרם,false,,27.90,3.9857,true,1,255888
7290008409407,false,שניצל דק דק ציפס מאמ,תנובה גליל,IL,שניצל דק דק ציפס מאמ,גרמים,700.00,100 גרם,false,,27.90,3.9857,true,1,255889
7290008409551,false,שניצל מעודן מאמא עוף,תנובה גליל,IL,שניצל מעודן מאמא עוף,גרמים,700.00,100 גרם,false,,29.90,4.2714,true,1,248805
7290008409582,false,שניצל ביתי מאמא עוף,תנובה גליל,IL,שניצל ביתי מאמא עוף,גרמים,700.00,100 גרם,false,,29.90,4.2714,true,1,248807
7290008423014,false,פלפל שחור גרוס פרג 1,תבליני הדור השלישי,IL,פלפל שחור גרוס פרג 1,גרמים,100.00,100 גרם,false,,15.90,15.9000,true,1,248820
7290008423021,false,כמון פרג 400 גרם,תבליני הדור השלישי,IL,כמון פרג 400 גרם,גרמים,400.00,100 גרם,false,,34.90,8.7250,true,1,248821
7290008423045,false,תבלין לקציצות פרג 10,תבליני הדור השלישי,IL,תבלין לקציצות פרג 10,גרמים,100.00,100 גרם,false,,16.90,16.9000,true,1,248822
7290008423052,false,עגבניות מיובשות פרג,תבליני הדור השלישי,IL,עגבניות מיובשות פרג,גרמים,250.00,100 גרם,false,,14.90,5.9600,true,1,248823
7290008423243,false,מלח שולחן הים האדום,מלח הארץ,IL,מלח שולחן הים האדום,גרמים,650.00,100 גרם,false,,7.50,1.1538,true,1,288201
7290008423250,false,מלח גס הים האדום 630,מלח הארץ,IL,מלח גס הים האדום 630,גרמים,630.00,100 גרם,false,,7.50,1.1905,true,1,288200
7290008443265,false,אל סבון סופטקר 2 ליט,אמיליה קוסמטיקס,IL,אל סבון סופטקר 2 ליט,קילוגרמים,2.00,ליטר,false,,24.90,12.4500,true,1,248824
7290008443616,false,מרכך נקה 7 לשיער יבש,אמיליה קוסמטיקס,IL,מרכך נקה 7 לשיער יבש,מיליליטרים,750.00,"100 מ""ל",false,,9.90,1.3200,true,1,248825
7290008443630,false,שמפו נקה 7 לשיער מתו,אמיליה קוסמטיקס,IL,שמפו נקה 7 לשיער מתו,מיליליטרים,750.00,"100 מ""ל",false,,9.90,1.3200,true,1,249986
7290008455619,false,עוף מס 2 קפוא לנדא,,IL,עוף מס 2 קפוא לנדא,קילוגרמים,1.00,"ק""ג",true,,25.90,25.9000,true,1,322334
7290008455626,false,עוף מס 3 קפוא לנדא,,IL,עוף מס 3 קפוא לנדא,קילוגרמים,1.00,"ק""ג",true,,25.90,25.9000,true,1,322335
7290008455817,false,עוף מחולק טרי לנדא,,,עוף מחולק טרי לנדא,קילוגרמים,1.00,"ק""ג",true,,32.90,32.9000,true,1,321885
7290008455879,false,גרונות עוף טרי לנדא,,,גרונות עוף טרי לנדא,קילוגרמים,1.00,"ק""ג",true,,9.90,9.9000,true,1,321891
7290008464130,false,מארז בירה גולדסטאר 4,טמפו,IL,מארז בירה גולדסטאר 4,קילוגרמים,1.98,ליטר,false,,29.90,15.1010,true,1,261789
7290008464703,false,מארז בירה מכבי 5% 6,טמפו,,מארז בירה מכבי 5% 6,קילוגרמים,1.98,ליטר,false,,29.90,15.1010,true,1,248829
7290008464734,false,מארז בירה גולדסטאר 1,טמפו,IL,מארז בירה גולדסטאר 1,קילוגרמים,1.98,ליטר,false,,34.90,17.6263,true,1,296921
7290008464741,false,מארז בירה גולדסטאר 4,טמפו,IL,מארז בירה גולדסטאר 4,קילוגרמים,1.98,ליטר,false,,27.90,14.0909,true,1,248831
7290008464796,false,מארז בירה היינקן 5%,טמפו,IL,מארז בירה היינקן 5%,קילוגרמים,1.98,ליטר,false,,29.90,15.1010,true,1,248833
7290008464987,false,מארז סודה טמפו 6*1.5,טמפו,IL,מארז סודה טמפו 6*1.5,קילוגרמים,9.00,ליטר,false,,15.90,1.7667,true,1,248834
7290008466561,false,עוגיות חמניות ללא סו,אנטיקביץ,IL,עוגיות חמניות ללא סו,גרמים,350.00,100 גרם,false,,11.90,3.4000,true,1,323568
7290008466707,false,עוגיות פרימיום אנטקו,אנטיקביץ,IL,עוגיות פרימיום אנטקו,גרמים,250.00,100 גרם,false,,18.90,7.5600,true,1,323546
7290008466769,false,שנייק קינמון אנטקובי,אנטיקביץ,IL,שנייק קינמון אנטקובי,גרמים,600.00,100 גרם,false,,12.90,2.1500,true,1,323542
7290008466776,false,שנייק וניל אנטקוביץ,אנטיקביץ,IL,שנייק וניל אנטקוביץ,גרמים,600.00,100 גרם,false,,12.90,2.1500,true,1,323543
7290008466783,false,שנייק שוקולד אנטקובי,אנטיקביץ,IL,שנייק שוקולד אנטקובי,גרמים,600.00,100 גרם,false,,12.90,2.1500,true,1,323544
7290008466790,false,רוגלך שוקולד אנטקובי,אנטיקביץ,IL,רוגלך שוקולד אנטקובי,גרמים,600.00,100 גרם,false,,12.90,2.1500,true,1,323545
7290008470759,false,אורביט סטיקס 8*5 יח,ריגלי,FR,אורביט סטיקס 8*5 יח,גרמים,124.00,100 גרם,false,,13.90,11.2097,true,1,264834
7290008470766,false,אורביט סטיקס 8*5 יח,ריגלי,FR,אורביט סטיקס 8*5 יח,גרמים,124.00,100 גרם,false,,13.90,11.2097,true,1,264833
7290008507059,false,קציצות מרוקאיות חריפ,נתח אדום,IL,קציצות מרוקאיות חריפ,גרמים,600.00,100 גרם,false,,29.90,4.9833,true,1,320891
7290008507288,false,שווארמה הודו מתובל נ,נתח אדום,IL,שווארמה הודו מתובל נ,גרמים,400.00,100 גרם,false,,29.90,7.4750,true,1,320889
7290008507295,false,שווארמה עגל מתובל נת,נתח אדום,IL,שווארמה עגל מתובל נת,גרמים,400.00,100 גרם,false,,29.90,7.4750,true,1,320890
7290008507301,false,בריסקט עגל מתובל לתנ,נתח אדום,IL,בריסקט עגל מתובל לתנ,קילוגרמים,1.00,"ק""ג",true,,59.90,59.9000,true,1,320892
7290008507431,false,רצועות אסאדו עגל נתח,נתח אדום,IL,רצועות אסאדו עגל נתח,גרמים,600.00,100 גרם,false,,49.90,8.3167,true,1,324625
7290008507448,false,שיפודי אנטריקוט נתח,נתח אדום,IL,שיפודי אנטריקוט נתח,גרמים,400.00,100 גרם,false,,49.90,12.4750,true,1,324621
7290008507486,false,אנטריקוט דקדק נתח אד,נתח אדום,IL,אנטריקוט דקדק נתח אד,גרמים,250.00,100 גרם,false,,29.90,11.9600,true,1,324622
7290008545136,false,דנוור קאט סטייק טרי,,,דנוור קאט סטייק טרי,קילוגרמים,1.00,"ק""ג",true,,99.90,99.9000,true,1,318316
7290008545181,false,בשר עגל טחון דל שומן,,,בשר עגל טחון דל שומן,קילוגרמים,1.00,"ק""ג",true,,59.90,59.9000,true,1,320865
7290008545198,false,אונטריפ צלעות טרי עט,,,אונטריפ צלעות טרי עט,קילוגרמים,1.00,"ק""ג",true,,79.90,79.9000,true,1,323223
7290008545204,false,דלמוניקו סטייק טרי ע,,,דלמוניקו סטייק טרי ע,קילוגרמים,1.00,"ק""ג",true,,89.90,89.9000,true,1,323224
7290008597906,false,אורז יסמין שקדיה 5 ק,,TH,אורז יסמין שקדיה 5 ק,פריט,5.00,"ק""ג",false,,36.90,7.3800,true,1,250094
7290008611046,false,פילה סלמון נורווגי,,,פילה סלמון נורווגי,קילוגרמים,1.00,"ק""ג",true,,64.90,64.9000,true,1,316656
7290008611060,false,פילה סלמון נורווגי,,,פילה סלמון נורווגי,קילוגרמים,1.00,"ק""ג",true,,64.90,64.9000,true,1,323195
7290008611091,false,מנות פילה סלמון,,,מנות פילה סלמון,קילוגרמים,1.00,"ק""ג",true,,79.90,79.9000,true,1,323848
7290008611343,false,מנות פילה נסיכת הניל,נטורס פיש לימיטד,UG,מנות פילה נסיכת הניל,קילוגרמים,1.00,"ק""ג",true,,46.90,46.9000,true,1,324546
7290008611350,false,פילה אמנון,,UG,פילה אמנון,קילוגרמים,1.00,"ק""ג",true,,24.90,24.9000,true,1,324756
7290008631570,false,שוקיים עוף קפוא לנדא,,IL,שוקיים עוף קפוא לנדא,קילוגרמים,1.00,"ק""ג",true,,41.90,41.9000,true,1,322340
7290008631594,false,כנפיים עוף קפוא לנדא,,IL,כנפיים עוף קפוא לנדא,קילוגרמים,1.00,"ק""ג",true,,16.90,16.9000,true,1,322347
7290008631617,false,פרגיות עוף קפוא לנדא,,IL,פרגיות עוף קפוא לנדא,קילוגרמים,1.00,"ק""ג",true,,79.90,79.9000,true,1,322343
7290008631969,false,נגיסי עוף לנדא 700 ג,,IL,נגיסי עוף לנדא 700 ג,גרמים,700.00,100 גרם,false,,29.90,4.2714,true,1,325392
7290008631976,false,טבעות עוף לנדא 700 ג,,IL,טבעות עוף לנדא 700 ג,גרמים,700.00,100 גרם,false,,29.90,4.2714,true,1,325393
7290008636018,false,כפתורי צמקאו עם סוכר,מיה תעשיות מזון בעמ,IL,כפתורי צמקאו עם סוכר,גרמים,240.00,100 גרם,false,,9.90,4.1250,true,1,248845
7290008636193,false,כמון מיה 300 גרם,מיה תעשיות מזון בעמ,IL,כמון מיה 300 גרם,גרמים,300.00,100 גרם,false,,14.90,4.9667,true,1,248847
7290008636209,false,כורכום מיה 300 גרם,מיה תעשיות מזון בעמ,IL,כורכום מיה 300 גרם,גרמים,300.00,100 גרם,false,,14.90,4.9667,true,1,248848
7290008636216,false,אבקת שום מיה 300 גרם,מיה תעשיות מזון בעמ,IL,אבקת שום מיה 300 גרם,גרמים,300.00,100 גרם,false,,16.90,5.6333,true,1,248849
7290008636704,false,קונפיטורה משמש מיה 3,מיה תעשיות מזון בעמ,IL,קונפיטורה משמש מיה 3,גרמים,340.00,100 גרם,false,,8.70,2.5588,true,1,248852
7290008645935,false,חומוס אחלה 750 גרם,שטראוס,IL,חומוס אחלה 750 גרם,גרמים,750.00,100 גרם,false,,9.90,1.3200,true,1,276674
7290008670012,false,יין רקנאטי קברנה סוב,יקב רקאנטי,IL,יין רקנאטי קברנה סוב,מיליליטרים,750.00,"100 מ""ל",false,,49.90,6.6533,true,1,295561
7290008670029,false,יין רקנאטי מרלו 2016,יקב רקאנטי,IL,יין רקנאטי מרלו 2016,מיליליטרים,750.00,"100 מ""ל",false,,49.90,6.6533,true,1,295562
7290008670159,false,יין רקנאטי יסמין לבן,יקב רקאנטי,IL,יין רקנאטי יסמין לבן,מיליליטרים,750.00,"100 מ""ל",false,,29.90,3.9867,true,1,295565
7290008670210,false,יין רקנאטי שיראז 201,יקב רקאנטי,IL,יין רקנאטי שיראז 201,מיליליטרים,750.00,"100 מ""ל",false,,49.90,6.6533,true,1,295563
7290008693134,false,דניאלה תות 88 גרם,שטראוס,IL,דניאלה תות 88 גרם,גרמים,88.00,100 גרם,false,,3.90,4.4318,true,1,248874
7290008713900,false,לחם שיפון עגול אחדות,מאפית אורנים,IL,לחם שיפון עגול אחדות,גרמים,750.00,100 גרם,false,,12.90,1.7200,true,1,303469
7290008713917,false,לחם שיפון כהה אחדות,מאפית אורנים,IL,לחם שיפון כהה אחדות,גרמים,750.00,100 גרם,false,,12.90,1.7200,true,1,303467
7290008745239,false,תפוציפס אקסטרא טבעי,שטראוס,IL,תפוציפס אקסטרא טבעי,גרמים,55.00,100 גרם,false,,3.50,6.3636,true,1,248882
7290008747547,false,תפוציפס קראנצ טבעי 2,שטראוס,IL,תפוציפס קראנצ טבעי 2,גרמים,200.00,100 גרם,false,,8.90,4.4500,true,1,248884
7290008753111,false,תפוציפס אקסטרא מקסיק,שטראוס,IL,תפוציפס אקסטרא מקסיק,גרמים,50.00,100 גרם,false,,3.50,7.0000,true,1,248888
7290008757980,false,נקטר ספרינג רימון 1,יפאורה תבורי,IL,נקטר ספרינג רימון 1,קילוגרמים,1.00,ליטר,false,,6.50,6.5000,true,1,248893
7290008761925,false,"בקר טחון עטרה 1.2 ק""",טיבון ויל,IL,"בקר טחון עטרה 1.2 ק""",פריט,1.20,"ק""ג",false,,29.90,24.9167,true,1,289867
7290008761956,false,קבב בקר קהילות 500 ג,,,קבב בקר קהילות 500 ג,גרמים,500.00,100 גרם,false,,24.90,4.9800,true,1,296479
7290008775816,false,ערגליות שוקו אסם 300,אסם,IL,ערגליות שוקו אסם 300,גרמים,300.00,100 גרם,false,,9.90,3.3000,true,1,248897
7290008775823,false,ערגליות תות אסם 300,אסם,IL,ערגליות תות אסם 300,גרמים,300.00,100 גרם,false,,9.90,3.3000,true,1,248898
7290008792264,false,מפיות טאצ 100 יח',,,מפיות טאצ 100 יח',Unknown,0.00,יחידה,false,,4.90,0.0000,true,1,248901
7290008801010,false,יין פ. קולקשיין קברנ,יקבי כרמל,IL,יין פ. קולקשיין קברנ,מיליליטרים,750.00,"100 מ""ל",false,,32.90,4.3867,true,1,248902
7290008801119,false,יין סלקטד סוביניון ב,יקבי כרמל,IL,יין סלקטד סוביניון ב,מיליליטרים,750.00,"100 מ""ל",false,,28.90,3.8533,true,1,248903
7290008801157,false,יין סלקטד מרלו,יקבי כרמל,IL,יין סלקטד מרלו,מיליליטרים,750.00,"100 מ""ל",false,,28.90,3.8533,true,1,248904
7290008801522,false,יין קינג דיוויד קונק,יקבי כרמל,IL,יין קינג דיוויד קונק,מיליליטרים,750.00,"100 מ""ל",false,,17.90,2.3867,true,1,248907
7290008801539,false,יין קינג דיוויד 120,יקבי כרמל,IL,יין קינג דיוויד 120,מיליליטרים,750.00,"100 מ""ל",false,,17.90,2.3867,true,1,248908
7290008801546,false,יין קינג דיוויד מוסק,יקבי כרמל,IL,יין קינג דיוויד מוסק,מיליליטרים,750.00,"100 מ""ל",false,,17.90,2.3867,true,1,248909
7290008801843,false,יין סלקטד קברנה סובי,יקבי כרמל,IL,יין סלקטד קברנה סובי,מיליליטרים,750.00,"100 מ""ל",false,,28.90,3.8533,true,1,248910
7290008801850,false,יין סלקטד אמרלד ריזל,יקבי כרמל,IL,יין סלקטד אמרלד ריזל,מיליליטרים,750.00,"100 מ""ל",false,,28.90,3.8533,true,1,248911
7290008802291,false,יין פ. קולקשיין מרלו,יקבי כרמל,IL,יין פ. קולקשיין מרלו,מיליליטרים,750.00,"100 מ""ל",false,,32.90,4.3867,true,1,248912
7290008802512,false,יין וינו אדום יבש,יקבי כרמל,IL,יין וינו אדום יבש,מיליליטרים,750.00,"100 מ""ל",false,,17.90,2.3867,true,1,248913
7290008802529,false,יין וינו לבן יבש,יקבי כרמל,IL,יין וינו לבן יבש,מיליליטרים,750.00,"100 מ""ל",false,,17.90,2.3867,true,1,276757
7290008802895,false,יין פ. קולקשיין קברנ,יקבי כרמל,IL,יין פ. קולקשיין קברנ,מיליליטרים,750.00,"100 מ""ל",false,,32.90,4.3867,true,1,248914
7290008804189,false,יין גליל עליון קברנה,יקבי כרמל,IL,יין גליל עליון קברנה,מיליליטרים,750.00,"100 מ""ל",false,,58.90,7.8533,true,1,260604
7290008804332,false,יין פ.קולקשיין שיראז,יקבי כרמל,IL,יין פ.קולקשיין שיראז,מיליליטרים,750.00,"100 מ""ל",false,,32.90,4.3867,true,1,249282
7290008805049,false,יין סלקטד רוזה מתוק,יקבי כרמל,IL,יין סלקטד רוזה מתוק,מיליליטרים,750.00,"100 מ""ל",false,,28.90,3.8533,true,1,249283
7290008805384,false,יין סלקטד לבן מבעבע,יקבי כרמל,IL,יין סלקטד לבן מבעבע,מיליליטרים,750.00,"100 מ""ל",false,,28.90,3.8533,true,1,249284
7290008805520,false,יין סלקטד קברנה מרלו,יקבי כרמל,IL,יין סלקטד קברנה מרלו,מיליליטרים,750.00,"100 מ""ל",false,,28.90,3.8533,true,1,248918
7290008805964,false,יין גליל עליון קברנה,יקבי כרמל,IL,יין גליל עליון קברנה,מיליליטרים,750.00,"100 מ""ל",false,,54.90,7.3200,true,1,260606
7290008830690,false,מובחרים מן הטבע,דין שיווק,IL,מובחרים מן הטבע,Unknown,0.00,יחידה,false,,9.90,0.0000,true,1,272376
7290008836265,false,יין אלכסנדר נינוה מו,יקב טפרברג 1870 בעמ,IL,יין אלכסנדר נינוה מו,מיליליטרים,750.00,"100 מ""ל",false,,24.90,3.3200,true,1,248926
7290008836272,false,יין המבורג נינוה מוס,יקב טפרברג 1870 בעמ,IL,יין המבורג נינוה מוס,מיליליטרים,750.00,"100 מ""ל",false,,24.90,3.3200,true,1,248927
7290008836401,false,יין ישן נושן אדום אפ,יקב טפרברג 1870 בעמ,IL,יין ישן נושן אדום אפ,קילוגרמים,1.00,ליטר,false,,16.90,16.9000,true,1,248928
7290008836425,false,יין אפרת קל 1 ליטר,יקב טפרברג 1870 בעמ,IL,יין אפרת קל 1 ליטר,קילוגרמים,1.00,ליטר,false,,16.90,16.9000,true,1,256934
7290008836494,false,תירוש אדום אפרת 1 לי,יקב טפרברג 1870 בעמ,IL,תירוש אדום אפרת 1 לי,קילוגרמים,1.00,ליטר,false,,12.90,12.9000,true,1,248929
7290008849470,false,פלפל צומה אוליביה 18,,,פלפל צומה אוליביה 18,גרמים,185.00,100 גרם,false,,10.90,5.8919,true,1,276771
7290008909853,false,קולה קולה זירו 500 מ,קוקה קולה,,קולה קולה זירו 500 מ,מיליליטרים,500.00,"100 מ""ל",false,,3.90,0.7800,true,1,311650
7290008975551,false,מטרנה מהדרין שלב 3 7,מטרנה,IL,מטרנה מהדרין שלב 3 7,גרמים,700.00,100 גרם,false,,46.90,6.7000,true,1,248971
7290008989015,false,דייסת אורז ב.ד 400 ג,בטר אנד דיפרנט,IL,דייסת אורז ב.ד 400 ג,גרמים,400.00,100 גרם,false,,14.90,3.7250,true,1,248972
7290008989022,false,דייסת סולת ב.ד 400 ג,בטר אנד דיפרנט,IL,דייסת סולת ב.ד 400 ג,גרמים,400.00,100 גרם,false,,14.90,3.7250,true,1,248973
7290008989039,false,דייסת קורנפלור ב.ד 4,בטר אנד דיפרנט,IL,דייסת קורנפלור ב.ד 4,גרמים,400.00,100 גרם,false,,14.90,3.7250,true,1,248974
7290008989053,false,דייסת דגנים מעורבים,בטר אנד דיפרנט,IL,דייסת דגנים מעורבים,גרמים,400.00,100 גרם,false,,14.90,3.7250,true,1,248975
7290008989169,false,פצפוצי אורז ב.ד 500,בטר אנד דיפרנט,IL,פצפוצי אורז ב.ד 500,גרמים,500.00,100 גרם,false,,18.90,3.7800,true,1,248976
7290008989473,false,ממרח חרובים שוקולד ב,בטר אנד דיפרנט,IL,ממרח חרובים שוקולד ב,גרמים,350.00,100 גרם,false,,10.90,3.1143,true,1,248978
7290008989671,false,פירורי קורנפלקס פריך,בטר אנד דיפרנט,IL,פירורי קורנפלקס פריך,גרמים,250.00,100 גרם,false,,7.90,3.1600,true,1,260374
7290008989695,false,שלווה מצופה דבש 400,בטר אנד דיפרנט,IL,שלווה מצופה דבש 400,גרמים,400.00,100 גרם,false,,12.90,3.2250,true,1,253631
7290008989749,false,פריכיות קינואה עם או,בטר אנד דיפרנט,IL,פריכיות קינואה עם או,גרמים,200.00,100 גרם,false,,9.90,4.9500,true,1,276850
7290008989848,false,חמאת בוטנים קרנצ'י ב,בטר אנד דיפרנט,IL,חמאת בוטנים קרנצ'י ב,גרמים,350.00,100 גרם,false,,13.90,3.9714,true,1,272527
7290008989855,false,פריכוני אורז מלא ב.ד,בטר אנד דיפרנט,IL,פריכוני אורז מלא ב.ד,גרמים,80.00,100 גרם,false,,3.90,4.8750,true,1,252505
7290008989893,false,דייסת כוסמת ב.ד 200,בטר אנד דיפרנט,IL,דייסת כוסמת ב.ד 200,גרמים,200.00,100 גרם,false,,8.80,4.4000,true,1,271338
7290008989909,false,סירופ ב.ד תפוחים 1.2,בטר אנד דיפרנט,IL,סירופ ב.ד תפוחים 1.2,קילוגרמים,1.20,ליטר,false,,27.40,22.8333,true,1,248984
7290008989916,false,סירופ אננס 1.2 ליטר,בטר אנד דיפרנט,IL,סירופ אננס 1.2 ליטר,קילוגרמים,1.20,ליטר,false,,27.40,22.8333,true,1,248985
7290008989954,false,סירופ ב.ד תפוז 1.2 ל,בטר אנד דיפרנט,IL,סירופ ב.ד תפוז 1.2 ל,קילוגרמים,1.20,ליטר,false,,27.40,22.8333,true,1,249788
7290008989985,false,מארז 4 קופסאות אחסון,בטר אנד דיפרנט,IL,מארז 4 קופסאות אחסון,Unknown,0.00,יחידה,false,,11.90,0.0000,true,1,252381
7290009000115,false,עגבניות שרי,אראל תוצרת חקלאית בע,IL,עגבניות שרי,קילוגרמים,1.00,"ק""ג",true,,14.90,14.9000,true,1,245687
7290009000122,false,עגבניה,אראל תוצרת חקלאית בע,IL,עגבניה,קילוגרמים,1.00,"ק""ג",true,,4.90,4.9000,true,1,245734
7290009000207,false,מלפפון,אראל תוצרת חקלאית בע,IL,מלפפון,קילוגרמים,1.00,"ק""ג",true,,4.90,4.9000,true,1,245991
7290009000313,false,גזר,אראל תוצרת חקלאית בע,IL,גזר,קילוגרמים,1.00,"ק""ג",true,,3.90,3.9000,true,1,246652
7290009000382,false,"גזר כ-10 ק""ג",אראל תוצרת חקלאית בע,IL,"גזר כ-10 ק""ג",פריט,10.00,"ק""ג",false,,19.90,1.9900,true,1,252400
7290009000405,false,סלק,אראל תוצרת חקלאית בע,IL,סלק,קילוגרמים,1.00,"ק""ג",true,,4.90,4.9000,true,1,246989
7290009000504,false,כרוב לבן,אראל תוצרת חקלאית בע,IL,כרוב לבן,קילוגרמים,1.00,"ק""ג",true,,3.90,3.9000,true,1,247377
7290009000511,false,כרוב אדום,אראל תוצרת חקלאית בע,IL,כרוב אדום,קילוגרמים,1.00,"ק""ג",true,,5.90,5.9000,true,1,247405
7290009000535,false,כרוב קייל,אראל תוצרת חקלאית בע,IL,כרוב קייל,Unknown,0.00,יחידה,false,,8.90,0.0000,true,1,289600
7290009000627,false,כרובית יחידה,אראל תוצרת חקלאית בע,IL,כרובית יחידה,Unknown,0.00,יחידה,false,,8.90,0.0000,true,1,289549
7290009000641,false,עגבניות מגי,אראל תוצרת חקלאית בע,IL,עגבניות מגי,קילוגרמים,1.00,"ק""ג",true,,7.90,7.9000,true,1,296091
7290009000702,false,לפת,אראל תוצרת חקלאית בע,IL,לפת,קילוגרמים,1.00,"ק""ג",true,,6.90,6.9000,true,1,248023
7290009000719,false,צנון,אראל תוצרת חקלאית בע,IL,צנון,קילוגרמים,1.00,"ק""ג",true,,6.90,6.9000,true,1,248034
7290009000764,false,שקיות הקפאה ענק זיפל,,,שקיות הקפאה ענק זיפל,Unknown,0.00,יחידה,false,,19.90,0.0000,true,1,291143
7290009000771,false,שקיות הקפאה בינוני ז,,,שקיות הקפאה בינוני ז,Unknown,0.00,יחידה,false,,19.90,0.0000,true,1,291145
7290009000788,false,שקיות אוכל זיפלוק 14,,,שקיות אוכל זיפלוק 14,Unknown,0.00,יחידה,false,,16.90,0.0000,true,1,291144
7290009000801,false,צנונית יח,ברכת קטיף,IL,צנונית יח,Unknown,0.00,יחידה,false,,4.90,0.0000,true,1,248674
7290009000849,false,צנון שחור/לבן,אראל תוצרת חקלאית בע,IL,צנון שחור/לבן,קילוגרמים,1.00,"ק""ג",true,,9.90,9.9000,true,1,296300
7290009000863,false,כרוב שטוח,אראל תוצרת חקלאית בע,IL,כרוב שטוח,קילוגרמים,1.00,"ק""ג",true,,5.90,5.9000,true,1,310272
7290009000870,false,אגס ג'נטיל,אראל תוצרת חקלאית בע,IL,אגס ג'נטיל,קילוגרמים,1.00,"ק""ג",true,,7.90,7.9000,true,1,312434
7290009000887,false,סלרי ראש שקיל,אראל תוצרת חקלאית בע,IL,סלרי ראש שקיל,קילוגרמים,1.00,"ק""ג",true,,19.90,19.9000,true,1,319879
7290009000894,false,אגס קוסטיה,אראל תוצרת חקלאית בע,IL,אגס קוסטיה,קילוגרמים,1.00,"ק""ג",true,,10.90,10.9000,true,1,323675
7290009000900,false,בצל,אראל תוצרת חקלאית בע,IL,בצל,קילוגרמים,1.00,"ק""ג",true,,3.90,3.9000,true,1,248988
7290009000924,false,כרוב אדום ברכת דוד,,IL,כרוב אדום ברכת דוד,קילוגרמים,1.00,"ק""ג",true,,14.90,14.9000,true,1,323732
7290009000931,false,בצל אדום,אראל תוצרת חקלאית בע,IL,בצל אדום,קילוגרמים,1.00,"ק""ג",true,,4.90,4.9000,true,1,248996
7290009000948,false,כרוב לבן ברכת דוד,,IL,כרוב לבן ברכת דוד,קילוגרמים,1.00,"ק""ג",true,,13.90,13.9000,true,1,323733
7290009000955,false,"בצל יבש כ-10 ק""ג",אראל תוצרת חקלאית בע,IL,"בצל יבש כ-10 ק""ג",פריט,10.00,"ק""ג",false,,34.90,3.4900,true,1,252403
7290009000962,false,בצל ירוק יח,ברכת קטיף,IL,בצל ירוק יח,Unknown,0.00,יחידה,false,,3.90,0.0000,true,1,267108
7290009001006,false,אפונה,אראל תוצרת חקלאית בע,IL,אפונה,קילוגרמים,1.00,"ק""ג",true,,19.90,19.9000,true,1,245646
7290009001105,false,בטטה,אראל תוצרת חקלאית בע,IL,בטטה,קילוגרמים,1.00,"ק""ג",true,,9.90,9.9000,true,1,245688
7290009001310,false,דלורית,אראל תוצרת חקלאית בע,IL,דלורית,קילוגרמים,1.00,"ק""ג",true,,4.90,4.9000,true,1,245804
7290009001327,false,דלעת ערמונים,אראל תוצרת חקלאית בע,IL,דלעת ערמונים,קילוגרמים,1.00,"ק""ג",true,,9.90,9.9000,true,1,258354
7290009001419,false,חציל,אראל תוצרת חקלאית בע,IL,חציל,קילוגרמים,1.00,"ק""ג",true,,5.90,5.9000,true,1,245841
7290009001426,false,חציל ננסי,אראל תוצרת חקלאית בע,IL,חציל ננסי,קילוגרמים,1.00,"ק""ג",true,,9.90,9.9000,true,1,245843
7290009001440,false,חציל מנומר/כוכב/נקני,אראל תוצרת חקלאית בע,IL,חציל מנומר/כוכב/נקני,קילוגרמים,1.00,"ק""ג",true,,7.90,7.9000,true,1,265225
7290009001501,false,פלפל אדום,אראל תוצרת חקלאית בע,IL,פלפל אדום,קילוגרמים,1.00,"ק""ג",true,,8.90,8.9000,true,1,245866
7290009001518,false,פלפל ירוק בהיר,אראל תוצרת חקלאית בע,IL,פלפל ירוק בהיר,קילוגרמים,1.00,"ק""ג",true,,8.90,8.9000,true,1,245867
7290009001525,false,פלפל חריף,אראל תוצרת חקלאית בע,IL,פלפל חריף,קילוגרמים,1.00,"ק""ג",true,,8.90,8.9000,true,1,245869
7290009001532,false,פלפל חריף אדום,אראל תוצרת חקלאית בע,IL,פלפל חריף אדום,קילוגרמים,1.00,"ק""ג",true,,9.90,9.9000,true,1,245871
7290009001549,false,פלפל ירוק כהה,אראל תוצרת חקלאית בע,IL,פלפל ירוק כהה,קילוגרמים,1.00,"ק""ג",true,,6.90,6.9000,true,1,245872
7290009001556,false,פלפל כתום,אראל תוצרת חקלאית בע,IL,פלפל כתום,קילוגרמים,1.00,"ק""ג",true,,8.90,8.9000,true,1,245873
7290009001570,false,פלפל צהוב,אראל תוצרת חקלאית בע,IL,פלפל צהוב,קילוגרמים,1.00,"ק""ג",true,,8.90,8.9000,true,1,245879
7290009001594,false,פלפל שושקה,אראל תוצרת חקלאית בע,IL,פלפל שושקה,קילוגרמים,1.00,"ק""ג",true,,11.90,11.9000,true,1,245881
7290009001600,false,פלפל שושקה יח,אראל תוצרת חקלאית בע,IL,פלפל שושקה יח,Unknown,0.00,יחידה,false,,9.90,0.0000,true,1,272543
7290009001709,false,קולורבי,אראל תוצרת חקלאית בע,IL,קולורבי,קילוגרמים,1.00,"ק""ג",true,,9.90,9.9000,true,1,245922
7290009001808,false,קישוא,אראל תוצרת חקלאית בע,IL,קישוא,קילוגרמים,1.00,"ק""ג",true,,4.90,4.9000,true,1,245942
7290009001822,false,קישוא קרעה,אראל תוצרת חקלאית בע,IL,קישוא קרעה,קילוגרמים,1.00,"ק""ג",true,,7.90,7.9000,true,1,245961
7290009001853,false,קישוא זוקיני,אראל תוצרת חקלאית בע,IL,קישוא זוקיני,קילוגרמים,1.00,"ק""ג",true,,7.90,7.9000,true,1,245962
7290009001907,false,"שעועית צהובה ק""ג",אראל תוצרת חקלאית בע,IL,"שעועית צהובה ק""ג",קילוגרמים,1.00,"ק""ג",true,,29.90,29.9000,true,1,245964
7290009001914,false,שעועית,אראל תוצרת חקלאית בע,IL,שעועית,קילוגרמים,1.00,"ק""ג",true,,14.90,14.9000,true,1,245972
7290009001921,false,שעועית בולגרית,אראל תוצרת חקלאית בע,IL,שעועית בולגרית,קילוגרמים,1.00,"ק""ג",true,,29.90,29.9000,true,1,245974
7290009002409,false,פול,אראל תוצרת חקלאית בע,IL,פול,קילוגרמים,1.00,"ק""ג",true,,9.90,9.9000,true,1,246277
7290009002713,false,לוף יח,בוסתן עשבי תיבול,IL,לוף יח,Unknown,0.00,יחידה,false,,7.90,0.0000,true,1,288575
7290009002843,false,שום ירוק טרי,אראל תוצרת חקלאית בע,IL,שום ירוק טרי,קילוגרמים,1.00,"ק""ג",true,,9.90,9.9000,true,1,246443
7290009002850,false,שום בתפזורת,אראל תוצרת חקלאית בע,IL,שום בתפזורת,קילוגרמים,1.00,"ק""ג",true,,29.90,29.9000,true,1,246449
7290009002898,false,תפוח אדמה לאפייה,אראל תוצרת חקלאית בע,IL,תפוח אדמה לאפייה,Unknown,0.00,יחידה,false,,9.90,0.0000,true,1,290632
7290009002935,false,תפוח אדמה לבן,אראל תוצרת חקלאית בע,IL,תפוח אדמה לבן,פריט,5.00,"ק""ג",false,,21.90,4.3800,true,1,246526
7290009002959,false,תפוח אדמה לבן כ-10 ק,,,תפוח אדמה לבן כ-10 ק,פריט,10.00,"ק""ג",false,,24.90,2.4900,true,1,246564
7290009002980,false,תפוח אדמה אדום,אראל תוצרת חקלאית בע,IL,תפוח אדמה אדום,פריט,5.00,"ק""ג",false,,25.90,5.1800,true,1,266660
7290009002997,false,תפוח אדמה תפזורת,אראל תוצרת חקלאית בע,IL,תפוח אדמה תפזורת,קילוגרמים,1.00,"ק""ג",true,,5.90,5.9000,true,1,246591
7290009003000,false,"תפוח אדמה אדום 10 ק""",אראל תוצרת חקלאית בע,IL,"תפוח אדמה אדום 10 ק""",Unknown,0.00,יחידה,false,,29.90,0.0000,true,1,300987
7290009003079,false,שומר,אראל תוצרת חקלאית בע,IL,שומר,קילוגרמים,1.00,"ק""ג",true,,6.90,6.9000,true,1,246641
7290009003109,false,מלון,אראל תוצרת חקלאית בע,IL,מלון,קילוגרמים,1.00,"ק""ג",true,,5.90,5.9000,true,1,246653
7290009003116,false,מלון ספרדי,אראל תוצרת חקלאית בע,IL,מלון ספרדי,קילוגרמים,1.00,"ק""ג",true,,5.90,5.9000,true,1,292163
7290009003123,false,מלון כתום,אראל תוצרת חקלאית בע,IL,מלון כתום,קילוגרמים,1.00,"ק""ג",true,,5.90,5.9000,true,1,246674
7290009003246,false,פטריות במשקל,מרינה פטריות,IL,פטריות במשקל,קילוגרמים,1.00,"ק""ג",true,,29.90,29.9000,true,1,246721
7290009003338,false,פלפל טינקרבל,אראל תוצרת חקלאית בע,IL,פלפל טינקרבל,קילוגרמים,1.00,"ק""ג",true,,9.90,9.9000,true,1,301371
7290009003369,false,אפרסמון קרמבו,אראל תוצרת חקלאית בע,IL,אפרסמון קרמבו,קילוגרמים,1.00,"ק""ג",true,,11.90,11.9000,true,1,313835
7290009003406,false,פטרוזיליה יח,ברכת קטיף,IL,פטרוזיליה יח,Unknown,0.00,יחידה,false,,1.90,0.0000,true,1,246763
7290009003413,false,כוסברה יח,ברכת קטיף,IL,כוסברה יח,Unknown,0.00,יחידה,false,,1.90,0.0000,true,1,246769
7290009003420,false,נענע יח,ברכת קטיף,IL,נענע יח,Unknown,0.00,יחידה,false,,1.90,0.0000,true,1,246792
7290009003444,false,שורש יח,ברכת קטיף,IL,שורש יח,Unknown,0.00,יחידה,false,,4.90,0.0000,true,1,246797
7290009003451,false,סלרי ראש יח,ברכת קטיף,IL,סלרי ראש יח,Unknown,0.00,יחידה,false,,9.90,0.0000,true,1,246798
7290009004311,false,מלון גולדן סוויט,אראל תוצרת חקלאית בע,IL,מלון גולדן סוויט,קילוגרמים,1.00,"ק""ג",true,,5.90,5.9000,true,1,297305
7290009004519,false,שום סולו 250 גרם,אראל תוצרת חקלאית בע,IL,שום סולו 250 גרם,גרמים,250.00,100 גרם,false,,9.90,3.9600,true,1,307540
7290009005059,false,תפוז ברשת,אראל תוצרת חקלאית בע,IL,תפוז ברשת,קילוגרמים,1.00,"ק""ג",true,,3.90,3.9000,true,1,247401
7290009005080,false,תפוז,אראל תוצרת חקלאית בע,IL,תפוז,קילוגרמים,1.00,"ק""ג",true,,3.90,3.9000,true,1,247403
7290009005172,false,קלמנטינה,אראל תוצרת חקלאית בע,IL,קלמנטינה,קילוגרמים,1.00,"ק""ג",true,,4.90,4.9000,true,1,247410
7290009005196,false,אשכולית אדומה,אראל תוצרת חקלאית בע,IL,אשכולית אדומה,קילוגרמים,1.00,"ק""ג",true,,5.90,5.9000,true,1,247415
7290009005202,false,אשכולית לבנה,אראל תוצרת חקלאית בע,IL,אשכולית לבנה,קילוגרמים,1.00,"ק""ג",true,,4.90,4.9000,true,1,247419
7290009005226,false,פומלה,אראל תוצרת חקלאית בע,IL,פומלה,קילוגרמים,1.00,"ק""ג",true,,4.90,4.9000,true,1,247426
7290009005257,false,פומלית,אראל תוצרת חקלאית בע,IL,פומלית,קילוגרמים,1.00,"ק""ג",true,,4.90,4.9000,true,1,247430
7290009005301,false,לימון,אראל תוצרת חקלאית בע,IL,לימון,קילוגרמים,1.00,"ק""ג",true,,7.90,7.9000,true,1,247438
7290009005325,false,לימון ברשת,אראל תוצרת חקלאית בע,IL,לימון ברשת,קילוגרמים,1.00,"ק""ג",true,,5.90,5.9000,true,1,249528
7290009005363,false,תפוז סיני יח,אראל תוצרת חקלאית בע,IL,תפוז סיני יח,Unknown,0.00,יחידה,false,,7.90,0.0000,true,1,298898
7290009005417,false,בננות,אראל תוצרת חקלאית בע,IL,בננות,קילוגרמים,1.00,"ק""ג",true,,6.90,6.9000,true,1,247462
7290009005615,false,אבוקדו,אראל תוצרת חקלאית בע,IL,אבוקדו,קילוגרמים,1.00,"ק""ג",true,,10.90,10.9000,true,1,247661
7290009005707,false,רימון,אראל תוצרת חקלאית בע,IL,רימון,קילוגרמים,1.00,"ק""ג",true,,5.90,5.9000,true,1,247684
7290009005806,false,חבושים,אראל תוצרת חקלאית בע,IL,חבושים,קילוגרמים,1.00,"ק""ג",true,,7.90,7.9000,true,1,247698
7290009005912,false,אבוקדו ברשת,אראל תוצרת חקלאית בע,IL,אבוקדו ברשת,קילוגרמים,1.00,"ק""ג",true,,19.90,19.9000,true,1,264929
7290009005950,false,אפרסק,אראל תוצרת חקלאית בע,IL,אפרסק,קילוגרמים,1.00,"ק""ג",true,,9.90,9.9000,true,1,250485
7290009006032,false,אגס נאשי,אראל תוצרת חקלאית בע,IL,אגס נאשי,קילוגרמים,1.00,"ק""ג",true,,11.90,11.9000,true,1,249525
7290009006049,false,אגס חום,אראל תוצרת חקלאית בע,IL,אגס חום,קילוגרמים,1.00,"ק""ג",true,,12.90,12.9000,true,1,247757
7290009006056,false,אגס אדום,אראל תוצרת חקלאית בע,IL,אגס אדום,קילוגרמים,1.00,"ק""ג",true,,11.90,11.9000,true,1,247760
7290009006063,false,אגס,אראל תוצרת חקלאית בע,IL,אגס,קילוגרמים,1.00,"ק""ג",true,,9.90,9.9000,true,1,247763
7290009006100,false,סברס,אראל תוצרת חקלאית בע,IL,סברס,קילוגרמים,1.00,"ק""ג",true,,14.90,14.9000,true,1,247775
7290009006209,false,גויאבה,אראל תוצרת חקלאית בע,IL,גויאבה,קילוגרמים,1.00,"ק""ג",true,,12.90,12.9000,true,1,247784
7290009006308,false,קיווי,אראל תוצרת חקלאית בע,IL,קיווי,קילוגרמים,1.00,"ק""ג",true,,11.90,11.9000,true,1,247799
7290009006322,false,קוקוס יחידה,אראל תוצרת חקלאית בע,IL,קוקוס יחידה,Unknown,0.00,יחידה,false,,7.90,0.0000,true,1,249523
7290009006551,false,מנגו,אראל תוצרת חקלאית בע,IL,מנגו,קילוגרמים,1.00,"ק""ג",true,,9.90,9.9000,true,1,247874
7290009006803,false,אננס יחידה,אראל תוצרת חקלאית בע,IL,אננס יחידה,Unknown,0.00,יחידה,false,,24.90,0.0000,true,1,247976
7290009006810,false,אפרסמון,אראל תוצרת חקלאית בע,IL,אפרסמון,קילוגרמים,1.00,"ק""ג",true,,7.90,7.9000,true,1,247978
7290009007015,false,תפוח עץ סמיט,אראל תוצרת חקלאית בע,IL,תפוח עץ סמיט,קילוגרמים,1.00,"ק""ג",true,,9.90,9.9000,true,1,248024
7290009007022,false,תפוח עץ מוזהב,אראל תוצרת חקלאית בע,IL,תפוח עץ מוזהב,קילוגרמים,1.00,"ק""ג",true,,9.90,9.9000,true,1,248025
7290009007039,false,תפוח עץ יונתן,אראל תוצרת חקלאית בע,IL,תפוח עץ יונתן,קילוגרמים,1.00,"ק""ג",true,,9.90,9.9000,true,1,248026
7290009007046,false,תפוח עץ חרמון,אראל תוצרת חקלאית בע,IL,תפוח עץ חרמון,קילוגרמים,1.00,"ק""ג",true,,9.90,9.9000,true,1,248032
7290009007053,false,תפוח עץ גאלה,אראל תוצרת חקלאית בע,IL,תפוח עץ גאלה,קילוגרמים,1.00,"ק""ג",true,,9.90,9.9000,true,1,248033
7290009007077,false,תפוח עץ רשת,אראל תוצרת חקלאית בע,IL,תפוח עץ רשת,קילוגרמים,1.00,"ק""ג",true,,5.90,5.9000,true,1,249517
7290009007107,false,תפוח עץ ענה,אראל תוצרת חקלאית בע,IL,תפוח עץ ענה,קילוגרמים,1.00,"ק""ג",true,,7.90,7.9000,true,1,249520
7290009007138,false,תפוח עץ פינק,אראל תוצרת חקלאית בע,IL,תפוח עץ פינק,קילוגרמים,1.00,"ק""ג",true,,9.90,9.9000,true,1,298539
7290009007206,false,נקטרינה,אראל תוצרת חקלאית בע,IL,נקטרינה,קילוגרמים,1.00,"ק""ג",true,,7.90,7.9000,true,1,249527
7290009007336,false,כרוב שטוח,אראל תוצרת חקלאית בע,IL,כרוב שטוח,קילוגרמים,1.00,"ק""ג",true,,5.90,5.9000,true,1,320585
7290009007503,false,ערמונים,אראל תוצרת חקלאית בע,IL,ערמונים,קילוגרמים,1.00,"ק""ג",true,,12.90,12.9000,true,1,248644
7290009007787,false,ענבים רד גלוב,אראל תוצרת חקלאית בע,IL,ענבים רד גלוב,קילוגרמים,1.00,"ק""ג",true,,9.90,9.9000,true,1,324405
7290009008302,false,ענבים לבנים,אראל תוצרת חקלאית בע,IL,ענבים לבנים,קילוגרמים,1.00,"ק""ג",true,,13.90,13.9000,true,1,248745
7290009008319,false,ענבים שחורים,אראל תוצרת חקלאית בע,IL,ענבים שחורים,קילוגרמים,1.00,"ק""ג",true,,17.90,17.9000,true,1,248746
7290009008401,false,שזיף לבן/צהוב,אראל תוצרת חקלאית בע,IL,שזיף לבן/צהוב,קילוגרמים,1.00,"ק""ג",true,,11.90,11.9000,true,1,248798
7290009008418,false,שזיף אדום,אראל תוצרת חקלאית בע,IL,שזיף אדום,קילוגרמים,1.00,"ק""ג",true,,9.90,9.9000,true,1,248812
7290009008562,false,שיזף,אראל תוצרת חקלאית בע,IL,שיזף,קילוגרמים,1.00,"ק""ג",true,,24.90,24.9000,true,1,288410
7290009008807,false,"מארז לימון כ 2.5 ק""ג",אראל תוצרת חקלאית בע,IL,"מארז לימון כ 2.5 ק""ג",פריט,2.50,"ק""ג",false,,16.90,6.7600,true,1,325547
7290009008814,false,"מארז אבוקדו כ 2.5 ק""",אראל תוצרת חקלאית בע,IL,"מארז אבוקדו כ 2.5 ק""",פריט,2.50,"ק""ג",false,,22.90,9.1600,true,1,325546
7290009008821,false,"מארז תפוז כ 2.5 ק""ג",אראל תוצרת חקלאית בע,IL,"מארז תפוז כ 2.5 ק""ג",פריט,2.50,"ק""ג",false,,9.90,3.9600,true,1,325548
7290009028768,false,שקית ענק אושר עד,,,שקית ענק אושר עד,Unknown,0.00,יחידה,false,,0.60,0.0000,true,1,253213
7290009068818,false,אגוז ברזיל טבעי במשק,דין שיווק,IL,אגוז ברזיל טבעי במשק,קילוגרמים,1.00,"ק""ג",true,,85.00,85.0000,true,1,249611
7290009068825,false,אגוז קלוף במשקל,דין שיווק,IL,אגוז קלוף במשקל,קילוגרמים,1.00,"ק""ג",true,,59.00,59.0000,true,1,249612
7290009068849,false,בוטן מסוכר במשקל,דין שיווק,IL,בוטן מסוכר במשקל,קילוגרמים,1.00,"ק""ג",true,,30.00,30.0000,true,1,249613
7290009068856,false,בוטן קלוי במשקל,דין שיווק,CN,בוטן קלוי במשקל,קילוגרמים,1.00,"ק""ג",true,,24.00,24.0000,true,1,249614
7290009068870,false,בונדוק קלוי במשקל,דין שיווק,TR,בונדוק קלוי במשקל,קילוגרמים,1.00,"ק""ג",true,,88.00,88.0000,true,1,249616
7290009068887,false,גרעין אבטיח קלוי במש,דין שיווק,IL,גרעין אבטיח קלוי במש,קילוגרמים,1.00,"ק""ג",true,,54.00,54.0000,true,1,249618
7290009068894,false,גרעין לבן קלוי במשקל,דין שיווק,IL,גרעין לבן קלוי במשקל,קילוגרמים,1.00,"ק""ג",true,,39.00,39.0000,true,1,249619
7290009068917,false,גרעין שחור קלוי במשק,דין שיווק,US,גרעין שחור קלוי במשק,קילוגרמים,1.00,"ק""ג",true,,19.00,19.0000,true,1,249620
7290009068955,false,גרעין חמניה קלוף טבע,דין שיווק,IL,גרעין חמניה קלוף טבע,קילוגרמים,1.00,"ק""ג",true,,39.00,39.0000,true,1,249622
7290009068962,false,מנצס במשקל,דין שיווק,CN,מנצס במשקל,קילוגרמים,1.00,"ק""ג",true,,47.00,47.0000,true,1,249623
7290009069006,false,פיסטוק ענק קלוי במשק,דין שיווק,US,פיסטוק ענק קלוי במשק,קילוגרמים,1.00,"ק""ג",true,,69.00,69.0000,true,1,249624
7290009069051,false,פקאן טבעי במשקל,דין שיווק,US,פקאן טבעי במשקל,קילוגרמים,1.00,"ק""ג",true,,99.00,99.0000,true,1,249625
7290009069068,false,פקאן סיני במשקל,דין שיווק,IL,פקאן סיני במשקל,קילוגרמים,1.00,"ק""ג",true,,99.00,99.0000,true,1,249626
7290009069075,false,צנובר במשקל,דין שיווק,CN,צנובר במשקל,קילוגרמים,1.00,"ק""ג",true,,195.00,195.0000,true,1,249627
7290009069112,false,קשיו קלוי במשקל,דין שיווק,VN,קשיו קלוי במשקל,קילוגרמים,1.00,"ק""ג",true,,69.00,69.0000,true,1,249639
7290009069129,false,שקד שבבים במשקל,דין שיווק,US,שקד שבבים במשקל,קילוגרמים,1.00,"ק""ג",true,,115.00,115.0000,true,1,249640
7290009069143,false,שקד טבעי ענק במשקל,דין שיווק,US,שקד טבעי ענק במשקל,קילוגרמים,1.00,"ק""ג",true,,79.00,79.0000,true,1,249642
7290009069174,false,שקד מסוכר במשקל,דין שיווק,IL,שקד מסוכר במשקל,קילוגרמים,1.00,"ק""ג",true,,75.00,75.0000,true,1,249644
7290009069181,false,שקד ספרדי קלוי במשקל,דין שיווק,US,שקד ספרדי קלוי במשקל,קילוגרמים,1.00,"ק""ג",true,,90.00,90.0000,true,1,249643
7290009069235,false,חטיפים יפני במשקל,דין שיווק,TH,חטיפים יפני במשקל,קילוגרמים,1.00,"ק""ג",true,,65.00,65.0000,true,1,249646
7290009069242,false,בוטן אמריקאי במשקל,דין שיווק,IL,בוטן אמריקאי במשקל,קילוגרמים,1.00,"ק""ג",true,,25.00,25.0000,true,1,249647
7290009069259,false,קבוקים במשקל,דין שיווק,IL,קבוקים במשקל,קילוגרמים,1.00,"ק""ג",true,,20.00,20.0000,true,1,249648
7290009069266,false,בוטן בקליפה במשקל,דין שיווק,IL,בוטן בקליפה במשקל,קילוגרמים,1.00,"ק""ג",true,,15.00,15.0000,true,1,249649
7290009069273,false,משמש במשקל,דין שיווק,TR,משמש במשקל,קילוגרמים,1.00,"ק""ג",true,,44.00,44.0000,true,1,249650
7290009069280,false,צימוק חום במשקל,דין שיווק,TR,צימוק חום במשקל,קילוגרמים,1.00,"ק""ג",true,,28.00,28.0000,true,1,249651
7290009069297,false,צימוק לבן ענק במשקל,דין שיווק,US,צימוק לבן ענק במשקל,קילוגרמים,1.00,"ק""ג",true,,44.00,44.0000,true,1,249652
7290009069303,false,צימוק לבן במשקל,דין שיווק,US,צימוק לבן במשקל,קילוגרמים,1.00,"ק""ג",true,,32.00,32.0000,true,1,249653
7290009069327,false,תאנים גדולות במשקל,דין שיווק,TR,תאנים גדולות במשקל,קילוגרמים,1.00,"ק""ג",true,,47.00,47.0000,true,1,249655
7290009069334,false,שזיף ללא גרעין במשקל,דין שיווק,AR,שזיף ללא גרעין במשקל,קילוגרמים,1.00,"ק""ג",true,,25.00,25.0000,true,1,249657
7290009069440,false,בננה ציפס במשקל,דין שיווק,PH,בננה ציפס במשקל,קילוגרמים,1.00,"ק""ג",true,,32.00,32.0000,true,1,249696
7290009069495,false,פאפיה במשקל,דין שיווק,TH,פאפיה במשקל,קילוגרמים,1.00,"ק""ג",true,,29.00,29.0000,true,1,304128
7290009069501,false,תמר מגהול ענק,דין שיווק,IL,תמר מגהול ענק,קילוגרמים,1.00,"ק""ג",true,,45.00,45.0000,true,1,249556
7290009069518,false,גינגר במשקל,דין שיווק,TH,גינגר במשקל,קילוגרמים,1.00,"ק""ג",true,,38.00,38.0000,true,1,304129
7290009069990,false,תבלינים בקבוצה 2 במש,נפטון,IL,תבלינים בקבוצה 2 במש,קילוגרמים,1.00,"ק""ג",true,,50.00,50.0000,true,1,249628
7290009077162,false,מלפפון/ירקות במשקל,דין שיווק,IL,מלפפון/ירקות במשקל,קילוגרמים,1.00,"ק""ג",true,,40.00,40.0000,true,1,255003
7290009077483,false,זית ירוק במשקל,דין שיווק,GR,זית ירוק במשקל,קילוגרמים,1.00,"ק""ג",true,,54.00,54.0000,true,1,255001
7290009077681,false,זית יווני במשקל,דין שיווק,GR,זית יווני במשקל,קילוגרמים,1.00,"ק""ג",true,,59.00,59.0000,true,1,255002
7290009090017,false,תבלינים בקבוצה 4 במש,נפטון,IL,תבלינים בקבוצה 4 במש,קילוגרמים,1.00,"ק""ג",true,,100.00,100.0000,true,1,249629
7290009951394,false,חלוה במשקל,אקאר,IL,חלוה במשקל,קילוגרמים,1.00,"ק""ג",true,,49.00,49.0000,true,1,250367
7290009951431,false,פירות טרופיים במשקל,דין שיווק,VN,פירות טרופיים במשקל,קילוגרמים,1.00,"ק""ג",true,,79.00,79.0000,true,1,249698
7290009951455,false,תבלינים / פלפל,,IL,תבלינים / פלפל,קילוגרמים,1.00,"ק""ג",true,,75.00,75.0000,true,1,253345
7290010035618,false,דובוני ג'לי לילדים ס,,,דובוני ג'לי לילדים ס,Unknown,0.00,יחידה,false,,39.90,0.0000,true,1,320184
7290010066599,false,טונה בשמן זית פילטונ,תעשיות פילטונה,IL,טונה בשמן זית פילטונ,גרמים,640.00,100 גרם,false,,24.90,3.8906,true,1,266805
7290010116980,false,שוקולית 850 גרם,שטראוס קפה בי.וי,IL,שוקולית 850 גרם,גרמים,850.00,100 גרם,false,,14.90,1.7529,true,1,248080
7290010117864,false,דוריטוס בטעם חריף אש,עלית,IL,דוריטוס בטעם חריף אש,גרמים,70.00,100 גרם,false,,3.20,4.5714,true,1,248082
7290010151752,false,יין דרימיה סהר 2017,חבל יתיר,IL,יין דרימיה סהר 2017,מיליליטרים,750.00,"100 מ""ל",false,,99.90,13.3200,true,1,316191
7290010151776,false,יין דרימיה קברנה סוב,חבל יתיר,IL,יין דרימיה קברנה סוב,מיליליטרים,750.00,"100 מ""ל",false,,119.90,15.9867,true,1,315248
7290010151783,false,יין דרימיה סהר 2016,חבל יתיר,IL,יין דרימיה סהר 2016,מיליליטרים,750.00,"100 מ""ל",false,,99.90,13.3200,true,1,315249
7290010153503,false,שעועית בובס מיה 400,מיה תעשיות מזון בעמ,IL,שעועית בובס מיה 400,גרמים,400.00,100 גרם,false,,9.90,2.4750,true,1,263707
7290010153725,false,קונפיטורה דובדבן מיה,מיה תעשיות מזון בעמ,IL,קונפיטורה דובדבן מיה,גרמים,340.00,100 גרם,false,,8.70,2.5588,true,1,248089
7290010153817,false,ריבת חלב מיה 400 גרם,מיה תעשיות מזון בעמ,IL,ריבת חלב מיה 400 גרם,גרמים,400.00,100 גרם,false,,9.90,2.4750,true,1,248097
7290010153848,false,פפריקה מתוקה בשמן מי,מיה תעשיות מזון בעמ,IL,פפריקה מתוקה בשמן מי,גרמים,80.00,100 גרם,false,,5.80,7.2500,true,1,248100
7290010153855,false,פפריקה מרוקאית בשמן,מיה תעשיות מזון בעמ,IL,פפריקה מרוקאית בשמן,גרמים,300.00,100 גרם,false,,14.90,4.9667,true,1,248101
7290010153862,false,פלפל שחור גרוס מיה 7,מיה תעשיות מזון בעמ,IL,פלפל שחור גרוס מיה 7,גרמים,70.00,100 גרם,false,,6.90,9.8571,true,1,248102
7290010153879,false,ריבת חלב בטעם שמנת מ,מיה תעשיות מזון בעמ,IL,ריבת חלב בטעם שמנת מ,גרמים,400.00,100 גרם,false,,9.90,2.4750,true,1,248103
7290010153978,false,קונפיטורה שזיף מיה 3,מיה תעשיות מזון בעמ,IL,קונפיטורה שזיף מיה 3,גרמים,340.00,100 גרם,false,,8.70,2.5588,true,1,248106
7290010154005,false,סחוג תימני ביטון 250,תבליני ביטון,IL,סחוג תימני ביטון 250,גרמים,250.00,100 גרם,false,,12.90,5.1600,true,1,248107
7290010154012,false,לימון בלאדי ביטון 25,תבליני ביטון,IL,לימון בלאדי ביטון 25,גרמים,250.00,100 גרם,false,,12.90,5.1600,true,1,266001
7290010154029,false,אריסה מתוקה ביטון 25,תבליני ביטון,IL,אריסה מתוקה ביטון 25,גרמים,250.00,100 גרם,false,,12.90,5.1600,true,1,248108
7290010154265,false,פלפל צומה ביטון 250,תבליני ביטון,IL,פלפל צומה ביטון 250,גרמים,250.00,100 גרם,false,,12.90,5.1600,true,1,248111
7290010154678,false,אריסה חריף פיקנטי בי,תבליני ביטון,IL,אריסה חריף פיקנטי בי,גרמים,250.00,100 גרם,false,,12.90,5.1600,true,1,301239
7290010154685,false,שום כתוש ביטון 250 ג,תבליני ביטון,IL,שום כתוש ביטון 250 ג,גרמים,250.00,100 גרם,false,,12.90,5.1600,true,1,301240
7290010163069,false,צנובר 100 גרם,דין שיווק,IL,צנובר 100 גרם,גרמים,100.00,100 גרם,false,,19.90,19.9000,true,1,250299
7290010175819,false,חמאת בוטנים קלאסית ט,ניצה אס סיי,AR,חמאת בוטנים קלאסית ט,גרמים,510.00,100 גרם,false,,11.90,2.3333,true,1,248125
7290010175826,false,חמאת בוטנים שברי בוט,ניצה אס סיי,AR,חמאת בוטנים שברי בוט,גרמים,510.00,100 גרם,false,,11.90,2.3333,true,1,248126
7290010175857,false,לבבות דקל פרוס טעים,אינאקספו,UY,לבבות דקל פרוס טעים,גרמים,400.00,100 גרם,false,,8.90,2.2250,true,1,251736
7290010176212,false,תאי נודלס בטעם עוף ט,זיזיאנג גרין הום פוד,CN,תאי נודלס בטעם עוף ט,גרמים,65.00,100 גרם,false,,3.90,6.0000,true,1,248128
7290010176229,false,תאי נודלס בטעם בקר ט,זיזיאנג גרין הום פוד,CN,תאי נודלס בטעם בקר ט,גרמים,65.00,100 גרם,false,,3.90,6.0000,true,1,251014
7290010176236,false,תאי נודלס בטעם ירקות,זיזיאנג גרין הום פוד,CN,תאי נודלס בטעם ירקות,גרמים,65.00,100 גרם,false,,3.90,6.0000,true,1,248129
7290010176243,false,תאי נודלס בטעם סיני,זיזיאנג גרין הום פוד,CN,תאי נודלס בטעם סיני,גרמים,65.00,100 גרם,false,,3.90,6.0000,true,1,251013
7290010193035,false,כבד עוף צלוי טרי גלא,גלאט עוף,IL,כבד עוף צלוי טרי גלא,גרמים,250.00,100 גרם,false,,29.90,11.9600,true,1,268596
7290010193288,false,קישקע גלאט עוף 500 ג,מ ב גלאט עוף למהדרין,IL,קישקע גלאט עוף 500 ג,גרמים,500.00,100 גרם,false,,14.90,2.9800,true,1,250050
7290010193530,false,נקניק קבנוס ג.עוף 18,מ ב גלאט עוף למהדרין,IL,נקניק קבנוס ג.עוף 18,גרמים,180.00,100 גרם,false,,12.90,7.1667,true,1,259956
7290010193608,false,מארז נקניקיות ג.עוף,מ ב גלאט עוף למהדרין,IL,מארז נקניקיות ג.עוף,גרמים,900.00,100 גרם,false,,19.90,2.2111,true,1,259958
7290010193615,false,מארז פסטרמה חזה הודו,מ ב גלאט עוף למהדרין,IL,מארז פסטרמה חזה הודו,גרמים,600.00,100 גרם,false,,22.90,3.8167,true,1,259961
7290010193806,false,נקניקיות עוף קפוא גל,גלאט עוף,IL,נקניקיות עוף קפוא גל,גרמים,400.00,100 גרם,false,,9.90,2.4750,true,1,259959
7290010193837,false,נגיסי עוף גלאט עוף 2,מ ב גלאט עוף למהדרין,IL,נגיסי עוף גלאט עוף 2,פריט,2.00,"ק""ג",false,,59.90,29.9500,true,1,263008
7290010193851,false,שניצל אמריקאי גלאט ע,מ ב גלאט עוף למהדרין,IL,שניצל אמריקאי גלאט ע,פריט,2.00,"ק""ג",false,,59.90,29.9500,true,1,263007
7290010193929,false,שניצלונים בשומשום גל,מ ב גלאט עוף למהדרין,IL,שניצלונים בשומשום גל,פריט,1.30,"ק""ג",false,,59.90,46.0769,true,1,266304
7290010193967,false,קישקע גלאט עוף 600 ג,מ ב גלאט עוף למהדרין,IL,קישקע גלאט עוף 600 ג,גרמים,600.00,100 גרם,false,,14.90,2.4833,true,1,270110
7290010237890,false,בירה היינקן ב.חוזר 5,טמפו,IL,בירה היינקן ב.חוזר 5,מיליליטרים,500.00,"100 מ""ל",false,,8.90,1.7800,true,1,256269
7290010259991,false,צנימים ויליפוד 250 ג,דן קייק,PT,צנימים ויליפוד 250 ג,גרמים,250.00,100 גרם,false,,5.90,2.3600,true,1,259179
7290010318230,false,אלספה כשר אלטמן,,,אלספה כשר אלטמן,Unknown,0.00,יחידה,false,,129.90,0.0000,true,1,323340
7290010328093,false,ממרח חלוה אחוה 400 ג,אחדות ביחר לטחינה חל,IL,ממרח חלוה אחוה 400 ג,גרמים,400.00,100 גרם,false,,9.90,2.4750,true,1,248165
7290010328178,false,חלוה מסולסלת אחוה 25,אחדות ביחר לטחינה חל,IL,חלוה מסולסלת אחוה 25,גרמים,250.00,100 גרם,false,,9.90,3.9600,true,1,248166
7290010328239,false,טחינה מתובלת אחוה 50,אחדות ביחר לטחינה חל,IL,טחינה מתובלת אחוה 50,גרמים,500.00,100 גרם,false,,10.90,2.1800,true,1,248167
7290010328345,false,חטיף חלוה וניל אחוה,אחדות ביחר לטחינה חל,IL,חטיף חלוה וניל אחוה,גרמים,50.00,100 גרם,false,,1.60,3.2000,true,1,253730
7290010328451,false,חלוה פולי קקאו אחוה,אחדות ביחר לטחינה חל,IL,חלוה פולי קקאו אחוה,גרמים,400.00,100 גרם,false,,11.90,2.9750,true,1,260365
7290010328468,false,חטיפי מיני חלוה אחוה,אחדות ביחר לטחינה חל,IL,חטיפי מיני חלוה אחוה,גרמים,216.00,100 גרם,false,,9.80,4.5370,true,1,268627
7290010328505,false,חטיפי מיני חלוה ללא,אחדות ביחר לטחינה חל,IL,חטיפי מיני חלוה ללא,גרמים,150.00,100 גרם,false,,9.80,6.5333,true,1,268628
7290010328680,false,עוגת שוקולד ציפס מרי,אחדות ביחר לטחינה חל,IL,עוגת שוקולד ציפס מרי,גרמים,450.00,100 גרם,false,,8.90,1.9778,true,1,271114
7290010328727,false,ממרח שומשום עם שוקול,אחדות ביחר לטחינה חל,IL,ממרח שומשום עם שוקול,גרמים,400.00,100 גרם,false,,9.90,2.4750,true,1,291005
7290010328734,false,ממרח שומשום עם סילאן,אחדות ביחר לטחינה חל,IL,ממרח שומשום עם סילאן,גרמים,400.00,100 גרם,false,,9.90,2.4750,true,1,291840
7290010328765,false,חטיף חלוה שוקו וניל,אחדות ביחר לטחינה חל,IL,חטיף חלוה שוקו וניל,גרמים,50.00,100 גרם,false,,1.60,3.2000,true,1,296206
7290010328789,false,עוגת וניל אחדות 350,אחדות ביחר לטחינה חל,IL,עוגת וניל אחדות 350,גרמים,350.00,100 גרם,false,,6.50,1.8571,true,1,293965
7290010328796,false,עוגת שוקולד אחדות 35,אחדות ביחר לטחינה חל,IL,עוגת שוקולד אחדות 35,גרמים,350.00,100 גרם,false,,6.50,1.8571,true,1,293966
7290010328802,false,עוגת שוקולד ציפס אחד,אחדות ביחר לטחינה חל,IL,עוגת שוקולד ציפס אחד,גרמים,350.00,100 גרם,false,,6.50,1.8571,true,1,293967
7290010328819,false,ממרח שומשום עם שוקול,אחדות ביחר לטחינה חל,IL,ממרח שומשום עם שוקול,גרמים,400.00,100 גרם,false,,9.90,2.4750,true,1,294661
7290010328895,false,מאפין שוקולד אחוה 45,אחדות ביחר לטחינה חל,IL,מאפין שוקולד אחוה 45,גרמים,45.00,100 גרם,false,,1.30,2.8889,true,1,295284
7290010328901,false,מאפין וניל אחוה 45 ג,אחדות ביחר לטחינה חל,IL,מאפין וניל אחוה 45 ג,גרמים,45.00,100 גרם,false,,1.30,2.8889,true,1,296371
7290010385317,false,יין אבוהב חדוותא,,IL,יין אבוהב חדוותא,מיליליטרים,750.00,"100 מ""ל",false,,159.90,21.3200,true,1,321561
7290010471669,false,דנונה בר תות וקורנפל,שטראוס,IL,דנונה בר תות וקורנפל,גרמים,175.00,100 גרם,false,,4.30,2.4571,true,1,249876
7290010472307,false,מארז משקה גמדים תות,שטראוס,IL,מארז משקה גמדים תות,גרמים,800.00,100 גרם,false,,19.90,2.4875,true,1,294565
7290010472390,false,מארז דני שוקולד 8*12,שטראוס,IL,מארז דני שוקולד 8*12,קילוגרמים,1.00,ליטר,false,,14.90,14.9000,true,1,248177
7290010513703,false,צופסטיקס מזרח ומערב,גולין פנגזו,CN,צופסטיקס מזרח ומערב,Unknown,0.00,יחידה,false,,6.90,0.0000,true,1,311438
7290010513727,false,פנקו פירורי לחם מזרח,קינגדאו גוניון פודס,CN,פנקו פירורי לחם מזרח,גרמים,200.00,100 גרם,false,,7.90,3.9500,true,1,310184
7290010561148,false,שליש באגט ל.גלוטן בר,"ל.ד בר אל בע""מ",IL,שליש באגט ל.גלוטן בר,גרמים,360.00,100 גרם,false,,9.90,2.7500,true,1,289580
7290010561193,false,לחמניות נקניקיה ל.גל,"ל.ד בר אל בע""מ",IL,לחמניות נקניקיה ל.גל,גרמים,330.00,100 גרם,false,,4.90,1.4848,true,1,289578
7290010561216,false,פיתות ל.גלוטן בראל 5,"ל.ד בר אל בע""מ",IL,פיתות ל.גלוטן בראל 5,גרמים,420.00,100 גרם,false,,9.90,2.3571,true,1,290619
7290010561247,false,לחם ביתי ל.גלוטן ברא,"ל.ד בר אל בע""מ",IL,לחם ביתי ל.גלוטן ברא,גרמים,500.00,100 גרם,false,,4.90,0.9800,true,1,289577
7290010561278,false,לחמניות המבורגר ל.גל,"ל.ד בר אל בע""מ",IL,לחמניות המבורגר ל.גל,גרמים,370.00,100 גרם,false,,4.90,1.3243,true,1,289579
7290010608010,false,יין יפו סירה 2019,יקב טרנקבל,IL,יין יפו סירה 2019,מיליליטרים,750.00,"100 מ""ל",false,,89.90,11.9867,true,1,322471
7290010608096,false,יין יפו קברנה סובניו,יקב טרנקבל,IL,יין יפו קברנה סובניו,מיליליטרים,750.00,"100 מ""ל",false,,89.90,11.9867,true,1,322472
7290010608201,false,יין יפו מלבק 2019,יקב טרנקבל,IL,יין יפו מלבק 2019,מיליליטרים,750.00,"100 מ""ל",false,,89.90,11.9867,true,1,322473
7290010608249,false,יין יפו מרלו 2019,יקב טרנקבל,IL,יין יפו מרלו 2019,מיליליטרים,750.00,"100 מ""ל",false,,89.90,11.9867,true,1,322474
7290010617180,false,מוצץ גדול סדרת פרחים,אריסטוקרט,,מוצץ גדול סדרת פרחים,Unknown,0.00,יחידה,false,,16.90,0.0000,true,1,249834
7290010617203,false,סינר האכלה לתינוק אר,אריסטוקרט,,סינר האכלה לתינוק אר,Unknown,0.00,יחידה,false,,11.90,0.0000,true,1,249839
7290010617241,false,מוצץ בינוני סדרת פרח,אריסטוקרט,,מוצץ בינוני סדרת פרח,Unknown,0.00,יחידה,false,,16.90,0.0000,true,1,248189
7290010617258,false,מוצץ קטן סדרת פרחים,אריסטוקרט,,מוצץ קטן סדרת פרחים,Unknown,0.00,יחידה,false,,16.90,0.0000,true,1,248190
7290010617395,false,מתז לניקוי התינוק אר,אריסטוקרט,IL,מתז לניקוי התינוק אר,מיליליטרים,500.00,"100 מ""ל",false,,11.90,2.3800,true,1,248194
7290010617623,false,כוס אימון פרימיום לת,אריסטוקרט,,כוס אימון פרימיום לת,Unknown,0.00,יחידה,false,,14.90,0.0000,true,1,250210
7290010617906,false,מברשת פרימיום לניקוי,אריסטוקרט,,מברשת פרימיום לניקוי,Unknown,0.00,יחידה,false,,12.90,0.0000,true,1,251218
7290010617920,false,מחזיק למוצץ אריסטוקר,אריסטוקרט,,מחזיק למוצץ אריסטוקר,Unknown,0.00,יחידה,false,,12.90,0.0000,true,1,251219
7290010650019,false,אנדיב - עולש,חוות פטריות תקוע,IL,אנדיב - עולש,Unknown,0.00,יחידה,false,,20.90,0.0000,true,1,250237
7290010656592,false,מיץ ענבים תירוש אדום,יקב טפרברג 1870 בעמ,IL,מיץ ענבים תירוש אדום,קילוגרמים,1.00,ליטר,false,,15.90,15.9000,true,1,256932
7290010656615,false,מיץ ענבים תירוש לבן,יקב טפרברג 1870 בעמ,IL,מיץ ענבים תירוש לבן,קילוגרמים,1.00,ליטר,false,,15.90,15.9000,true,1,256933
7290010676712,false,פילה סול פאר הדג,,,פילה סול פאר הדג,פריט,1.00,"ק""ג",false,,27.90,27.9000,true,1,260290
7290010748877,false,קרם גוף אפקטיב קר לע,פישר מעבדות פרמצבטיו,IL,קרם גוף אפקטיב קר לע,מיליליטרים,700.00,"100 מ""ל",false,,23.90,3.4143,true,1,275500
7290010748884,false,קרם גוף אפקטיב קר לע,פישר מעבדות פרמצבטיו,IL,קרם גוף אפקטיב קר לע,מיליליטרים,700.00,"100 מ""ל",false,,23.90,3.4143,true,1,266362
7290010748891,false,קרם גוף אפקטיב קר לע,פישר מעבדות פרמצבטיו,IL,קרם גוף אפקטיב קר לע,מיליליטרים,700.00,"100 מ""ל",false,,23.90,3.4143,true,1,275501
7290010757893,false,"בורקס תפו""א ל.גלוטן",מאפיית ישראל חיפה,IL,"בורקס תפו""א ל.גלוטן",גרמים,500.00,100 גרם,false,,19.90,3.9800,true,1,320840
7290010757909,false,בורקס גבינה ל.גלוטן,מאפיית ישראל חיפה,IL,בורקס גבינה ל.גלוטן,גרמים,500.00,100 גרם,false,,19.90,3.9800,true,1,320841
7290010757916,false,בורקס פיצה ל.גלוטן א,מאפיית ישראל חיפה,IL,בורקס פיצה ל.גלוטן א,גרמים,500.00,100 גרם,false,,19.90,3.9800,true,1,320837
7290010757923,false,ריבועי בצק עלים ל.גל,מאפיית ישראל חיפה,IL,ריבועי בצק עלים ל.גל,גרמים,450.00,100 גרם,false,,17.90,3.9778,true,1,320838
7290010757930,false,מלוואח ל.גלוטן אריאל,מאפיית ישראל חיפה,IL,מלוואח ל.גלוטן אריאל,גרמים,500.00,100 גרם,false,,19.90,3.9800,true,1,320842
7290010757947,false,בורקס פטריות ל.גלוטן,מאפיית ישראל חיפה,IL,בורקס פטריות ל.גלוטן,גרמים,500.00,100 גרם,false,,19.90,3.9800,true,1,320839
7290010757954,false,זיווה גבינה ל.גלוטן,מאפיית ישראל חיפה,IL,זיווה גבינה ל.גלוטן,גרמים,500.00,100 גרם,false,,19.90,3.9800,true,1,320843
7290010757961,false,ג'חנון ל.גלוטן אריאל,מאפיית ישראל חיפה,IL,ג'חנון ל.גלוטן אריאל,גרמים,450.00,100 גרם,false,,19.90,4.4222,true,1,320844
7290010759132,false,עוגיות אגוזים ללא סו,מאפיית ישראל חיפה,IL,עוגיות אגוזים ללא סו,גרמים,300.00,100 גרם,false,,12.90,4.3000,true,1,248206
7290010759163,false,עוגיות פריכות ללא סו,מאפיית ישראל חיפה,IL,עוגיות פריכות ללא סו,גרמים,300.00,100 גרם,false,,12.90,4.3000,true,1,248208
7290010760787,false,עוגיות שקד 300 גרם,מאפיית ישראל חיפה,IL,עוגיות שקד 300 גרם,גרמים,300.00,100 גרם,false,,11.90,3.9667,true,1,269500
7290010760794,false,עוגיות שקד 350 גרם,מאפיית ישראל חיפה,IL,עוגיות שקד 350 גרם,גרמים,350.00,100 גרם,false,,11.90,3.4000,true,1,269462
7290010766949,false,ממרח תחתיות ארטישיוק,,,ממרח תחתיות ארטישיוק,גרמים,180.00,100 גרם,false,,10.90,6.0556,true,1,308594
7290010766956,false,ממרח פלפלים קלויים א,,,ממרח פלפלים קלויים א,גרמים,180.00,100 גרם,false,,10.90,6.0556,true,1,308595
7290010777150,false,פיתות מרובעות קמח מל,שאשא,IL,פיתות מרובעות קמח מל,גרמים,800.00,100 גרם,false,,13.90,1.7375,true,1,256356
7290010777280,false,פיתות מרובעות פיתה א,שאשא,IL,פיתות מרובעות פיתה א,פריט,1.00,"ק""ג",false,,12.90,12.9000,true,1,256058
7290010777297,false,פיתות פיתה אקספרס 10,שאשא,IL,פיתות פיתה אקספרס 10,גרמים,600.00,100 גרם,false,,12.90,2.1500,true,1,256056
7290010777358,false,מארז פיתות 100% כוסמ,שאשא,IL,מארז פיתות 100% כוסמ,גרמים,400.00,100 גרם,false,,15.90,3.9750,true,1,302918
7290010777488,false,מארז פיתות מחמצת קמח,שאשא,IL,מארז פיתות מחמצת קמח,גרמים,500.00,100 גרם,false,,15.90,3.1800,true,1,322801
7290010777525,false,מארז פיתות חוכמת הפי,שאשא,IL,מארז פיתות חוכמת הפי,גרמים,300.00,100 גרם,false,,15.90,5.3000,true,1,322802
7290010883356,false,כפפות אלוורה L סנו ס,Z H RUBBER,IL,כפפות אלוורה L סנו ס,Unknown,0.00,יחידה,false,,8.90,0.0000,true,1,248221
7290010883363,false,כפפות אלוורה S סנו ס,Z H RUBBER,IL,כפפות אלוורה S סנו ס,Unknown,0.00,יחידה,false,,8.90,0.0000,true,1,248222
7290010883370,false,כפפות אלוורה M סנו ס,Z H RUBBER,IL,כפפות אלוורה M סנו ס,Unknown,0.00,יחידה,false,,8.90,0.0000,true,1,248223
7290010931330,false,מטבוחה אחלה 500 גרם,שטראוס,IL,מטבוחה אחלה 500 גרם,גרמים,500.00,100 גרם,false,,13.90,2.7800,true,1,249873
7290010945146,false,קוטג 3% טרה 250 גרם,טרה,IL,קוטג 3% טרה 250 גרם,גרמים,250.00,100 גרם,false,,5.30,2.1200,true,1,248226
7290010945306,false,חלב 3% טרה 2 ליטר,טרה,IL,חלב 3% טרה 2 ליטר,קילוגרמים,2.00,ליטר,false,,10.90,5.4500,true,1,248227
7290010945450,false,גבינה 3% טרה 250 גרם,טרה,IL,גבינה 3% טרה 250 גרם,גרמים,250.00,100 גרם,false,,4.50,1.8000,true,1,248228
7290010984596,false,זית מנזלינו בני דרום,בני דרום,IL,זית מנזלינו בני דרום,גרמים,820.00,100 גרם,false,,7.90,0.9634,true,1,299734
7290010984602,false,זית סורי מבוקע בני ד,בני דרום,IL,זית סורי מבוקע בני ד,גרמים,820.00,100 גרם,false,,12.90,1.5732,true,1,299735
7290010984619,false,זית מבוקע בני דרום 8,בני דרום,IL,זית מבוקע בני דרום 8,גרמים,820.00,100 גרם,false,,9.90,1.2073,true,1,315822
7290011017866,false,"קוקה קולה 330 מ""ל",קוקה קולה,IL,"קוקה קולה 330 מ""ל",מיליליטרים,330.00,"100 מ""ל",false,,3.90,1.1818,true,1,311651
7290011017873,false,קוקה קולה זירו 330 מ,קוקה קולה,IL,קוקה קולה זירו 330 מ,מיליליטרים,330.00,"100 מ""ל",false,,4.90,1.4848,true,1,311652
7290011018917,false,מארז קוקה קולה זירו,קוקה קולה,IL,מארז קוקה קולה זירו,קילוגרמים,1.98,ליטר,false,,21.90,11.0606,true,1,291527
7290011022976,false,נייר אלומיניום אור 1,גי.טי,IL,נייר אלומיניום אור 1,מטרים,60.00,מטר,false,,23.90,0.3983,true,1,325010
7290011064099,false,טאפס פלפלים ממולאים,נטורל קייקס,IL,טאפס פלפלים ממולאים,גרמים,125.00,100 גרם,false,,16.90,13.5200,true,1,296698
7290011091057,false,פפריקה מתוקה פרג 500,תבליני הדור השלישי,IL,פפריקה מתוקה פרג 500,גרמים,500.00,100 גרם,false,,34.90,6.9800,true,1,249256
7290011091088,false,כורכום פרג 500 גרם,תבליני הדור השלישי,IL,כורכום פרג 500 גרם,גרמים,500.00,100 גרם,false,,34.90,6.9800,true,1,249254
7290011091095,false,חוואיג למרק פרג 500,תבליני הדור השלישי,IL,חוואיג למרק פרג 500,גרמים,500.00,100 גרם,false,,34.90,6.9800,true,1,249253
7290011091118,false,גריל עוף פרג 500 גרם,תבליני הדור השלישי,IL,גריל עוף פרג 500 גרם,גרמים,500.00,100 גרם,false,,34.90,6.9800,true,1,249251
7290011091392,false,בהרט לקובה פרג 120 ג,תבליני הדור השלישי,IL,בהרט לקובה פרג 120 ג,גרמים,100.00,100 גרם,false,,16.90,16.9000,true,1,250742
7290011091507,false,פלפל שחור טחון פרג 1,תבליני הדור השלישי,IL,פלפל שחור טחון פרג 1,גרמים,100.00,100 גרם,false,,15.90,15.9000,true,1,249248
7290011091651,false,שום גבישי פרג 150 גר,תבליני הדור השלישי,IL,שום גבישי פרג 150 גר,גרמים,150.00,100 גרם,false,,16.90,11.2667,true,1,249235
7290011091873,false,תיבול לשניצל פנקו עד,תבליני הדור השלישי,IL,תיבול לשניצל פנקו עד,גרמים,260.00,100 גרם,false,,12.90,4.9615,true,1,262051
7290011115166,false,תחליב נקה 7 לבנדר 1,אמיליה קוסמטיקס,IL,תחליב נקה 7 לבנדר 1,קילוגרמים,1.00,ליטר,false,,11.90,11.9000,true,1,248256
7290011115173,false,תחליב נקה 7 וניל שקד,אמיליה קוסמטיקס,IL,תחליב נקה 7 וניל שקד,קילוגרמים,1.00,ליטר,false,,11.90,11.9000,true,1,248257
7290011115203,false,סבון מוצק נקה 7 ורוד,גליל כימיקלים בעמ,IL,סבון מוצק נקה 7 ורוד,גרמים,400.00,100 גרם,false,,8.90,2.2250,true,1,248258
7290011115241,false,סבון מוצק נקה 7 ורד,גליל כימיקלים בעמ,IL,סבון מוצק נקה 7 ורד,גרמים,400.00,100 גרם,false,,8.90,2.2250,true,1,248259
7290011115258,false,סבון מוצק נקה 7 ירוק,גליל כימיקלים בעמ,IL,סבון מוצק נקה 7 ירוק,גרמים,400.00,100 גרם,false,,8.90,2.2250,true,1,248260
7290011115265,false,סבון מוצק נקה 7 לבנד,גליל כימיקלים בעמ,IL,סבון מוצק נקה 7 לבנד,גרמים,400.00,100 גרם,false,,8.90,2.2250,true,1,248261
7290011115401,false,סבון מוצק נקה 7 קמומ,סנו,IL,סבון מוצק נקה 7 קמומ,גרמים,400.00,100 גרם,false,,8.90,2.2250,true,1,250542
7290011126209,false,חליטת תפוח וקינמון ס,ויסוצקי,IL,חליטת תפוח וקינמון ס,גרמים,68.00,100 גרם,false,,16.90,24.8529,true,1,270500
7290011126452,false,תה קמומיל נענע הגן ק,ויסוצקי,IL,תה קמומיל נענע הגן ק,גרמים,38.00,100 גרם,false,,16.90,44.4737,true,1,248268
7290011126469,false,תה קמומיל ודבש הגן ק,ויסוצקי,IL,תה קמומיל ודבש הגן ק,גרמים,38.00,100 גרם,false,,16.90,44.4737,true,1,248269
7290011126957,false,תה ירוק ארל גריי 25,ויסוצקי,IL,תה ירוק ארל גריי 25,גרמים,38.00,100 גרם,false,,21.90,57.6316,true,1,256937
7290011132583,false,מארז פפסי מקס 6*500,טמפו,IL,מארז פפסי מקס 6*500,קילוגרמים,3.00,ליטר,false,,16.90,5.6333,true,1,317239
7290011133375,false,מארז בירה שנדי אפרסק,טמפו,IL,מארז בירה שנדי אפרסק,קילוגרמים,1.98,ליטר,false,,24.90,12.5758,true,1,252571
7290011133450,false,פקדון בקבוק חוזר 500,,,פקדון בקבוק חוזר 500,Unknown,0.00,יחידה,false,,1.20,0.0000,true,1,256090
7290011148959,false,פלפל טינקרבל מארז,מרינה,IL,פלפל טינקרבל מארז,Unknown,0.00,יחידה,false,,8.90,0.0000,true,1,258594
7290011154028,false,סירופ תפוע 1.2 ליטר,טעמי הגליל,IL,סירופ תפוע 1.2 ליטר,קילוגרמים,1.20,ליטר,false,,39.60,33.0000,true,1,248272
7290011154134,false,סילאן טעמי הגליל 900,,,סילאן טעמי הגליל 900,גרמים,900.00,100 גרם,false,,12.90,1.4333,true,1,248278
7290011154301,false,ממרח תמרים טעמי הגלי,טעמי הגליל,IL,ממרח תמרים טעמי הגלי,גרמים,450.00,100 גרם,false,,5.90,1.3111,true,1,249272
7290011154318,false,סילאן טבעי טעמי הגלי,טעמי הגליל,IL,סילאן טבעי טעמי הגלי,גרמים,900.00,100 גרם,false,,16.90,1.8778,true,1,291148
7290011164164,false,לקקן סודה טעמן 40 יח,גואנגדונג צאואן פוד,CN,לקקן סודה טעמן 40 יח,גרמים,310.00,100 גרם,false,,15.90,5.1290,true,1,248282
7290011164539,false,סוכריות פרוטמילה טופ,פאסין אס אי,BR,סוכריות פרוטמילה טופ,גרמים,600.00,100 גרם,false,,9.90,1.6500,true,1,248283
7290011164546,false,סוכריות פרוטמילה טופ,פאסין אס אי,BR,סוכריות פרוטמילה טופ,גרמים,600.00,100 גרם,false,,9.90,1.6500,true,1,248284
7290011164553,false,סוכריות פרוטמילה טופ,,,סוכריות פרוטמילה טופ,גרמים,700.00,100 גרם,false,,9.90,1.4143,true,1,248285
7290011194215,false,דניאלה בננה 88 גרם,שטראוס,IL,דניאלה בננה 88 גרם,גרמים,88.00,100 גרם,false,,3.90,4.4318,true,1,248296
7290011194246,false,קוטג 5% שטראוס 250 ג,שטראוס,IL,קוטג 5% שטראוס 250 ג,גרמים,250.00,100 גרם,false,,5.60,2.2400,true,1,248297
7290011240905,false,יין מוסקטו לבן מבעב,יקבי ציון,IL,יין מוסקטו לבן מבעב,מיליליטרים,750.00,"100 מ""ל",false,,29.90,3.9867,true,1,270933
7290011249212,false,ופלים קראנץ' במילוי,,IL,ופלים קראנץ' במילוי,גרמים,200.00,100 גרם,false,,2.90,1.4500,true,1,324143
7290011253455,false,יין גוש עציון נחל הע,יקב גוש עציון,IL,יין גוש עציון נחל הע,מיליליטרים,750.00,"100 מ""ל",false,,89.90,11.9867,true,1,320803
7290011253462,false,יין גוש עציון שדה בו,יקב גוש עציון,IL,יין גוש עציון שדה בו,מיליליטרים,750.00,"100 מ""ל",false,,119.90,15.9867,true,1,320804
7290011254070,false,פלפל שחור שקית מיה 5,מיה תעשיות מזון בעמ,IL,פלפל שחור שקית מיה 5,גרמים,50.00,100 גרם,false,,6.90,13.8000,true,1,248303
7290011254087,false,קינמון שקית מיה 80 ג,מיה תעשיות מזון בעמ,IL,קינמון שקית מיה 80 ג,גרמים,80.00,100 גרם,false,,3.90,4.8750,true,1,248304
7290011254094,false,כמון שקית מיה 80 גרם,מיה תעשיות מזון בעמ,IL,כמון שקית מיה 80 גרם,גרמים,80.00,100 גרם,false,,3.90,4.8750,true,1,254572
7290011254100,false,כורכום שקית מיה 80 ג,מיה תעשיות מזון בעמ,IL,כורכום שקית מיה 80 ג,גרמים,80.00,100 גרם,false,,3.90,4.8750,true,1,248305
7290011254117,false,פפריקה מתוקה שקית מי,מיה תעשיות מזון בעמ,IL,פפריקה מתוקה שקית מי,גרמים,80.00,100 גרם,false,,3.90,4.8750,true,1,248306
7290011254124,false,פפריקה חריפה שקית מי,מיה תעשיות מזון בעמ,IL,פפריקה חריפה שקית מי,גרמים,80.00,100 גרם,false,,3.90,4.8750,true,1,248307
7290011254131,false,אורגנו שקית מיה 20 ג,מיה תעשיות מזון בעמ,IL,אורגנו שקית מיה 20 ג,גרמים,20.00,100 גרם,false,,3.90,19.5000,true,1,254566
7290011254148,false,אבקת שום שקית מיה 80,מיה תעשיות מזון בעמ,IL,אבקת שום שקית מיה 80,גרמים,80.00,100 גרם,false,,6.90,8.6250,true,1,248308
7290011254155,false,מלח לימון שקית מיה 8,מיה תעשיות מזון בעמ,IL,מלח לימון שקית מיה 8,גרמים,100.00,100 גרם,false,,3.90,3.9000,true,1,248309
7290011254162,false,פלפל לבן שקית מיה 50,מיה תעשיות מזון בעמ,IL,פלפל לבן שקית מיה 50,גרמים,50.00,100 גרם,false,,6.90,13.8000,true,1,248310
7290011254179,false,גריל עוף שקית מיה 80,מיה תעשיות מזון בעמ,IL,גריל עוף שקית מיה 80,גרמים,80.00,100 גרם,false,,3.90,4.8750,true,1,248311
7290011254209,false,גבישי שום שקית מיה 8,מיה תעשיות מזון בעמ,IL,גבישי שום שקית מיה 8,גרמים,80.00,100 גרם,false,,6.90,8.6250,true,1,254568
7290011254698,false,שמן זית כתית מיה 750,MUELOLIVA,ES,שמן זית כתית מיה 750,מיליליטרים,750.00,"100 מ""ל",false,,23.90,3.1867,true,1,270238
7290011254964,false,סוכריות גלי טבעי עשי,מיה תעשיות מזון בעמ,IL,סוכריות גלי טבעי עשי,גרמים,250.00,100 גרם,false,,9.90,3.9600,true,1,249224
7290011312381,false,פטריות סטייק פורטובל,מרינה פטריות,IL,פטריות סטייק פורטובל,Unknown,0.00,יחידה,false,,10.90,0.0000,true,1,256515
7290011379018,false,מארז פטריות צמד חמד,מרינה פטריות,IL,מארז פטריות צמד חמד,Unknown,0.00,יחידה,false,,15.90,0.0000,true,1,251791
7290011447359,false,מטרנה מהדרין שלב 1 7,מטרנה,IL,מטרנה מהדרין שלב 1 7,גרמים,700.00,100 גרם,false,,46.90,6.7000,true,1,248331
7290011447373,false,מטרנה מהדרין שלב 2 7,מטרנה,IL,מטרנה מהדרין שלב 2 7,גרמים,700.00,100 גרם,false,,46.90,6.7000,true,1,248333
7290011457051,false,ליקר צאלו שוקולד 500,ישראליקר,IL,ליקר צאלו שוקולד 500,מיליליטרים,500.00,"100 מ""ל",false,,29.90,5.9800,true,1,265981
7290011499051,false,גבינת פטה כבשים 20%,מחלבות גד,IL,גבינת פטה כבשים 20%,גרמים,250.00,100 גרם,false,,22.90,9.1600,true,1,248349
7290011499358,false,גבינת פטה עיזים 20%,מחלבות גד,IL,גבינת פטה עיזים 20%,גרמים,200.00,100 גרם,false,,22.90,11.4500,true,1,265781
7290011499365,false,גבינה חלומי 24% גד 2,מחלבות גד,IL,גבינה חלומי 24% גד 2,גרמים,200.00,100 גרם,false,,18.90,9.4500,true,1,249593
7290011499419,false,גבינה במרקם שמנת טבע,מחלבות גד,IL,גבינה במרקם שמנת טבע,גרמים,200.00,100 גרם,false,,10.90,5.4500,true,1,255824
7290011499686,false,גבינה צפתית 5% גד 35,מחלבות גד,IL,גבינה צפתית 5% גד 35,גרמים,350.00,100 גרם,false,,16.90,4.8286,true,1,253634
7290011499723,false,גבינה בולגרית פרוסות,דשן,IL,גבינה בולגרית פרוסות,גרמים,250.00,100 גרם,false,,17.90,7.1600,true,1,253633
7290011499730,false,גבינה בולגרית 5% גד,דשן,IL,גבינה בולגרית 5% גד,גרמים,250.00,100 גרם,false,,21.90,8.7600,true,1,253645
7290011499822,false,גבינה בולגרית מעודנת,דשן,IL,גבינה בולגרית מעודנת,גרמים,250.00,100 גרם,false,,20.90,8.3600,true,1,257774
7290011501570,false,מיץ שזיפים פרון 946,,US,מיץ שזיפים פרון 946,מיליליטרים,946.00,"100 מ""ל",false,,14.90,1.5751,true,1,260736
7290011514839,false,ספוג רחצה 5 יח',,,ספוג רחצה 5 יח',Unknown,0.00,יחידה,false,,9.90,0.0000,true,1,253591
7290011515683,false,טילוני אקסטרים וניל,גלידות נסטלה,IL,טילוני אקסטרים וניל,גרמים,432.00,100 גרם,false,,23.90,5.5324,true,1,248353
7290011515911,false,שלגוני לייט נסטלה רי,גלידות נסטלה,IL,שלגוני לייט נסטלה רי,גרמים,312.00,100 גרם,false,,22.90,7.3397,true,1,251906
7290011518561,false,אקטימל תות דנונה 14*,שטראוס,IL,אקטימל תות דנונה 14*,קילוגרמים,1.40,ליטר,false,,28.90,20.6429,true,1,248355
7290011537371,false,פסטה קונכיות טעמן 50,מוטלו,TR,פסטה קונכיות טעמן 50,גרמים,500.00,100 גרם,false,,3.90,0.7800,true,1,248367
7290011598211,false,תרסיס אנטי קאלק 4 ב-,סנו,IL,תרסיס אנטי קאלק 4 ב-,מיליליטרים,700.00,"100 מ""ל",false,,17.70,2.5286,true,1,248368
7290011598402,false,מרכך מקסימה מאסק 4 ל,סנו,IL,מרכך מקסימה מאסק 4 ל,קילוגרמים,4.00,ליטר,false,,19.90,4.9750,true,1,248371
7290011725006,false,פטרוזליה ברכת דוד,ברכת קטיף,IL,פטרוזליה ברכת דוד,Unknown,0.00,יחידה,false,,5.90,0.0000,true,1,313575
7290011725013,false,כוסברה ברכת דוד,ברכת קטיף,IL,כוסברה ברכת דוד,Unknown,0.00,יחידה,false,,5.90,0.0000,true,1,303366
7290011725020,false,שמיר ברכת דוד,ברכת קטיף,IL,שמיר ברכת דוד,Unknown,0.00,יחידה,false,,5.90,0.0000,true,1,261946
7290011725037,false,נענע ברכת דוד,ברכת קטיף,IL,נענע ברכת דוד,Unknown,0.00,יחידה,false,,5.90,0.0000,true,1,313576
7290011725044,false,סלרי ברכת דוד,ברכת קטיף,IL,סלרי ברכת דוד,Unknown,0.00,יחידה,false,,6.90,0.0000,true,1,313525
7290011725051,false,חסה ברכת דוד,ברכת קטיף,IL,חסה ברכת דוד,Unknown,0.00,יחידה,false,,6.90,0.0000,true,1,261125
7290011725068,false,מנגולד ברכת דוד,ברכת קטיף,IL,מנגולד ברכת דוד,Unknown,0.00,יחידה,false,,6.90,0.0000,true,1,313434
7290011725167,false,בצל ירוק ברכת דוד,,,בצל ירוק ברכת דוד,Unknown,0.00,יחידה,false,,6.90,0.0000,true,1,260119
7290011732172,false,סוכריות שרשרת טעמן 2,גואנגדונג צאואן פוד,CN,סוכריות שרשרת טעמן 2,גרמים,422.00,100 גרם,false,,15.90,3.7678,true,1,248387
7290011732189,false,סוכריות צמיד טעמן 48,גואנגדונג צאואן פוד,CN,סוכריות צמיד טעמן 48,גרמים,422.00,100 גרם,false,,15.90,3.7678,true,1,248388
7290011732264,false,סוכריות פירמידה טעמן,גואנגדונג צאואן פוד,CN,סוכריות פירמידה טעמן,גרמים,432.00,100 גרם,false,,15.90,3.6806,true,1,248391
7290011732271,false,סוכריות פירות טעמן 3,גואנגדונג צאואן פוד,CN,סוכריות פירות טעמן 3,גרמים,432.00,100 גרם,false,,15.90,3.6806,true,1,248392
7290011765415,false,מרכך כיף רוזמרין בוב,קוסמופארם,,מרכך כיף רוזמרין בוב,מיליליטרים,750.00,"100 מ""ל",false,,10.70,1.4267,true,1,248419
7290011765446,false,משחת אורביטול ילדים,טרופיקל דגיל,IL,משחת אורביטול ילדים,גרמים,70.00,100 גרם,false,,7.50,10.7143,true,1,248420
7290011800840,false,טחינה בלאדי רפי 400,צבר,IL,טחינה בלאדי רפי 400,גרמים,400.00,100 גרם,false,,14.90,3.7250,true,1,250658
7290011877859,false,פותח סתימות סנו אינס,סנו,IL,פותח סתימות סנו אינס,מיליליטרים,200.00,"100 מ""ל",false,,9.90,4.9500,true,1,249749
7290011877866,false,אבקת מקסימה מאסק 6 ק,סנו,IL,אבקת מקסימה מאסק 6 ק,פריט,6.00,"ק""ג",false,,44.90,7.4833,true,1,249754
7290011931162,false,ממתיק נוזלי סוכרלוז,"סוכרזית בע""מ",IL,ממתיק נוזלי סוכרלוז,מיליליטרים,220.00,"100 מ""ל",false,,22.90,10.4091,true,1,257245
7290011947521,false,שמן זית כתית זיתא טע,זיתא,IL,שמן זית כתית זיתא טע,מיליליטרים,750.00,"100 מ""ל",false,,28.90,3.8533,true,1,313703
7290011977924,false,פסטה קרניים טעמן 500,מוטלו,TR,פסטה קרניים טעמן 500,גרמים,500.00,100 גרם,false,,3.90,0.7800,true,1,249852
7290012001994,false,חרדל דיזון גרגירים ר,ריין דיזון,FR,חרדל דיזון גרגירים ר,גרמים,350.00,100 גרם,false,,9.90,2.8286,true,1,252755
7290012025822,false,סלט סלק אסלי 400 גרם,סלטי שמיר 2006 בעמ,IL,סלט סלק אסלי 400 גרם,גרמים,400.00,100 גרם,false,,10.90,2.7250,true,1,252814
7290012025839,false,מטבוחה אסלי 400 גרם,סלטי שמיר 2006 בעמ,IL,מטבוחה אסלי 400 גרם,גרמים,400.00,100 גרם,false,,10.90,2.7250,true,1,252815
7290012071003,false,"משחה לתינוק ד""ר פישר",פישר מעבדות פרמצבטיו,IL,"משחה לתינוק ד""ר פישר",גרמים,200.00,100 גרם,false,,17.90,8.9500,true,1,309736
7290012116551,false,נוזל אנטי קאלק 4 ב-1,סנו,IL,נוזל אנטי קאלק 4 ב-1,קילוגרמים,2.00,ליטר,false,,16.90,8.4500,true,1,249736
7290012116612,false,מברשת אורביטול סופט,z h plastic,IL,מברשת אורביטול סופט,Unknown,0.00,יחידה,false,,9.90,0.0000,true,1,249764
7290012117091,false,אבקת מקסימה סנסטיב 6,סנו,IL,אבקת מקסימה סנסטיב 6,פריט,6.00,"ק""ג",false,,44.90,7.4833,true,1,249755
7290012117275,false,"מילוי סנוקליר 750 מ""",סנו,IL,"מילוי סנוקליר 750 מ""",מיליליטרים,750.00,"100 מ""ל",false,,5.70,0.7600,true,1,249745
7290012117350,false,ריצפז פרש לילך 2 ליט,סנו,IL,ריצפז פרש לילך 2 ליט,קילוגרמים,2.00,ליטר,false,,14.90,7.4500,true,1,249739
7290012117411,false,גל רחצה קרמה מן במבו,קוסמופארם,IL,גל רחצה קרמה מן במבו,מיליליטרים,700.00,"100 מ""ל",false,,16.50,2.3571,true,1,270292
7290012117428,false,שמפו וגל רחצה לגבר ק,קוסמופארם,IL,שמפו וגל רחצה לגבר ק,מיליליטרים,700.00,"100 מ""ל",false,,16.50,2.3571,true,1,270293
7290012117435,false,גל רחצה קרמה מן אלוו,קוסמופארם,IL,גל רחצה קרמה מן אלוו,מיליליטרים,700.00,"100 מ""ל",false,,16.50,2.3571,true,1,270294
7290012117534,false,מרכך מקסימה סופר מרו,סנו,IL,מרכך מקסימה סופר מרו,קילוגרמים,1.00,ליטר,false,,17.50,17.5000,true,1,251767
7290012117541,false,מרכך מקסימה סופר מרו,סנו,IL,מרכך מקסימה סופר מרו,קילוגרמים,1.00,ליטר,false,,17.50,17.5000,true,1,251768
7290012117558,false,מרכך מקסימה סופר מרו,סנו,IL,מרכך מקסימה סופר מרו,קילוגרמים,1.00,ליטר,false,,17.50,17.5000,true,1,251769
7290012117732,false,מרכך מקסימה קול 4 לי,סנו,IL,מרכך מקסימה קול 4 לי,קילוגרמים,4.00,ליטר,false,,19.90,4.9750,true,1,256516
7290012117916,false,פותח סתימות סנו אינס,סנו,IL,פותח סתימות סנו אינס,קילוגרמים,1.00,ליטר,false,,23.90,23.9000,true,1,269169
7290012226991,false,נקניקיות עוף זוגלובק,זוגלובק,IL,נקניקיות עוף זוגלובק,פריט,1.50,"ק""ג",false,,24.90,16.6000,true,1,257652
7290012227592,false,מארז תה מעושן וחרמון,זוגלובק,IL,מארז תה מעושן וחרמון,גרמים,700.00,100 גרם,false,,25.90,3.7000,true,1,270007
7290012227608,false,מארז חרמון וברביקיו,זוגלובק,IL,מארז חרמון וברביקיו,גרמים,600.00,100 גרם,false,,25.90,4.3167,true,1,270006
7290012227615,false,נקניקיות עוף זוגלובק,זוגלובק,IL,נקניקיות עוף זוגלובק,גרמים,800.00,100 גרם,false,,18.90,2.3625,true,1,270005
7290012227622,false,פסטרמה בדבש זוגלובק,זוגלובק,IL,פסטרמה בדבש זוגלובק,גרמים,400.00,100 גרם,false,,18.90,4.7250,true,1,270004
7290012227738,false,סלמי תה מעושן זוגלוב,זוגלובק,IL,סלמי תה מעושן זוגלוב,גרמים,370.00,100 גרם,false,,19.90,5.3784,true,1,289642
7290012227769,false,פסטרמה ברביקיו זוגלו,זוגלובק,IL,פסטרמה ברביקיו זוגלו,גרמים,400.00,100 גרם,false,,18.90,4.7250,true,1,271585
7290012227776,false,פסטרמה הודו זוגלובק,זוגלובק,IL,פסטרמה הודו זוגלובק,גרמים,400.00,100 גרם,false,,18.90,4.7250,true,1,271586
7290012227783,false,נקניק תה מעושן זוגלו,זוגלובק,IL,נקניק תה מעושן זוגלו,גרמים,400.00,100 גרם,false,,17.90,4.4750,true,1,271587
7290012228407,false,נקניקיות ג'מבו זוגלו,זוגלובק,IL,נקניקיות ג'מבו זוגלו,פריט,1.50,"ק""ג",false,,29.90,19.9333,true,1,308873
7290012228766,false,קבנוס זוגלובק 120 גר,זוגלובק,IL,קבנוס זוגלובק 120 גר,גרמים,120.00,100 גרם,false,,9.90,8.2500,true,1,312911
7290012295034,false,בזיליקום מהדרין,ברכת קטיף,IL,בזיליקום מהדרין,Unknown,0.00,יחידה,false,,6.90,0.0000,true,1,269404
7290012309311,false,ערמונים קלופים ששון,דין שיווק,IL,ערמונים קלופים ששון,גרמים,100.00,100 גרם,false,,4.90,4.9000,true,1,249714
7290012309366,false,אורז בסמטי הודי שקדי,,IN,אורז בסמטי הודי שקדי,פריט,5.00,"ק""ג",false,,49.90,9.9800,true,1,257313
7290012309878,false,חלוה פיסטוק ששון הקו,אקאר,IL,חלוה פיסטוק ששון הקו,גרמים,500.00,100 גרם,false,,10.90,2.1800,true,1,249710
7290012309939,false,חלוה מסולסלת ששון הק,אקאר,IL,חלוה מסולסלת ששון הק,גרמים,500.00,100 גרם,false,,13.90,2.7800,true,1,249709
7290012312564,false,יין גת שומרון קברנה,יקב גת,IL,יין גת שומרון קברנה,מיליליטרים,750.00,"100 מ""ל",false,,199.90,26.6533,true,1,322872
7290012312571,false,יין גת שומרון 48 שיר,יקב גת,IL,יין גת שומרון 48 שיר,מיליליטרים,750.00,"100 מ""ל",false,,149.90,19.9867,true,1,322873
7290012312588,false,יין גת שומרון 48 קבר,יקב גת,IL,יין גת שומרון 48 קבר,מיליליטרים,750.00,"100 מ""ל",false,,199.90,26.6533,true,1,322875
7290012312595,false,יין גת שומרון 48 פטי,יקב גת,IL,יין גת שומרון 48 פטי,מיליליטרים,750.00,"100 מ""ל",false,,199.90,26.6533,true,1,322874
7290012313585,false,זית טבעות ירוק בני ד,בני דרום,IL,זית טבעות ירוק בני ד,פריט,1.25,"ק""ג",false,,16.90,13.5200,true,1,313201
7290012313820,false,רוטב צ'ילי מתוק בני,בני דרום,IL,רוטב צ'ילי מתוק בני,מיליליטרים,500.00,"100 מ""ל",false,,10.90,2.1800,true,1,325344
7290012313837,false,רוטב סויה בני דרום 5,בני דרום,IL,רוטב סויה בני דרום 5,מיליליטרים,500.00,"100 מ""ל",false,,10.90,2.1800,true,1,325345
7290012313844,false,רוטב אלף האיים בני ד,בני דרום,IL,רוטב אלף האיים בני ד,מיליליטרים,500.00,"100 מ""ל",false,,10.90,2.1800,true,1,325346
7290012335006,false,סוכריות רול מיני טע,גואנגדונג צאואן פוד,CN,סוכריות רול מיני טע,גרמים,326.00,100 גרם,false,,15.90,4.8773,true,1,249859
7290012335020,false,סוכריות סודה שעון ט,גואנגדונג צאואן פוד,CN,סוכריות סודה שעון ט,גרמים,420.00,100 גרם,false,,15.90,3.7857,true,1,249858
7290012359033,false,"דבש מן הטבע 1.5 ק""ג",מכוורת עמק חפר,IL,"דבש מן הטבע 1.5 ק""ג",פריט,1.50,"ק""ג",false,,49.90,33.2667,true,1,295736
7290012359606,false,דבש מן הטבע 700 גרם,מכוורת עמק חפר,IL,דבש מן הטבע 700 גרם,גרמים,700.00,100 גרם,false,,24.90,3.5571,true,1,295728
7290012359613,false,דבש לחיץ מן הטבע 500,מכוורת עמק חפר,IL,דבש לחיץ מן הטבע 500,גרמים,500.00,100 גרם,false,,19.90,3.9800,true,1,295729
7290012413643,false,תה ירוק קמומיל 25 שק,ויסוצקי,IL,תה ירוק קמומיל 25 שק,גרמים,38.00,100 גרם,false,,21.90,57.6316,true,1,259289
7290012483608,false,אורז בסמטי דוואט 5 ק,lt foods,IN,אורז בסמטי דוואט 5 ק,פריט,5.00,"ק""ג",false,,44.90,8.9800,true,1,257099
7290012522581,false,שניצל תירס ל.גלוטן ט,טבעול ישראל,IL,שניצל תירס ל.גלוטן ט,גרמים,664.00,100 גרם,false,,19.90,2.9970,true,1,256707
7290012561313,false,בצל קצוץ מטוגן דורות,אסם,IL,בצל קצוץ מטוגן דורות,גרמים,400.00,100 גרם,false,,16.90,4.2250,true,1,309297
7290012576607,false,יין פרימייר קברנה סו,יקבי ברקן,IL,יין פרימייר קברנה סו,מיליליטרים,750.00,"100 מ""ל",false,,25.90,3.4533,true,1,266867
7290012602665,false,דבש הכוורת 350 גרם,מכוורת דבורים שחר,IL,דבש הכוורת 350 גרם,גרמים,350.00,100 גרם,false,,8.90,2.5429,true,1,293513
7290012602832,false,דבש לחיץ טהור מפרחי,מושב צרופה,IL,דבש לחיץ טהור מפרחי,פריט,1.15,"ק""ג",false,,44.90,39.0435,true,1,324328
7290012645112,false,משקה יוגורט עיזים חל,חלב הארץ,IL,משקה יוגורט עיזים חל,מיליליטרים,750.00,"100 מ""ל",false,,15.90,2.1200,true,1,303117
7290012645129,false,משקה יוגורט כבשים חל,חלב הארץ,IL,משקה יוגורט כבשים חל,מיליליטרים,750.00,"100 מ""ל",false,,15.90,2.1200,true,1,303118
7290012724817,false,נענע יח',מרינה,IL,נענע יח',Unknown,0.00,יחידה,false,,3.90,0.0000,true,1,308740
7290012724824,false,שמיר יח,מרינה,IL,שמיר יח,Unknown,0.00,יחידה,false,,3.90,0.0000,true,1,308741
7290012724831,false,כוסברה ארוז,מרינה,IL,כוסברה ארוז,Unknown,0.00,יחידה,false,,3.90,0.0000,true,1,308690
7290012724848,false,פטרוזיליה יח,מרינה,IL,פטרוזיליה יח,Unknown,0.00,יחידה,false,,3.90,0.0000,true,1,308687
7290012738524,false,מצות חמץ כוסמין יהוד,מצות יהודה,IL,מצות חמץ כוסמין יהוד,גרמים,300.00,100 גרם,false,,23.90,7.9667,true,1,267664
7290012738807,false,ביסקוויט ספארי יהודה,מצות יהודה,IL,ביסקוויט ספארי יהודה,פריט,1.20,"ק""ג",false,,19.90,16.5833,true,1,255616
7290012738838,false,ביסקוויט מצופה 1.2 ק,,,ביסקוויט מצופה 1.2 ק,פריט,1.20,"ק""ג",false,,27.90,23.2500,true,1,255618
7290012738845,false,עוגיות/ביסקויט בטעמי,מצות יהודה,IL,עוגיות/ביסקויט בטעמי,פריט,1.20,"ק""ג",false,,19.90,16.5833,true,1,255614
7290012803451,false,שוקולד מריר 62% ללא,,TR,שוקולד מריר 62% ללא,גרמים,100.00,100 גרם,false,,8.90,8.9000,true,1,321066
7290012803789,false,שוקולד מריר ואגוזים,,TR,שוקולד מריר ואגוזים,גרמים,100.00,100 גרם,false,,8.90,8.9000,true,1,321068
7290012823343,false,משחת אורביטול ילדים,טרופיקל דגיל,IL,משחת אורביטול ילדים,גרמים,70.00,100 גרם,false,,7.50,10.7143,true,1,311770
7290012823381,false,מרכך מקסימה סופר מרו,סנו,IL,מרכך מקסימה סופר מרו,קילוגרמים,1.00,ליטר,false,,17.50,17.5000,true,1,252610
7290012823558,false,מטליות לחות לרצפה סנ,דינאמיק,IL,מטליות לחות לרצפה סנ,Unknown,0.00,יחידה,false,,9.90,0.0000,true,1,252620
7290012823602,false,נייר טואלט לבן סופט,סנו,IL,נייר טואלט לבן סופט,מטרים,589.00,מטר,false,,26.90,0.0457,true,1,253872
7290012823794,false,אלסבון כיף יסמין לבנ,קוסמופארם,IL,אלסבון כיף יסמין לבנ,קילוגרמים,2.00,ליטר,false,,13.90,6.9500,true,1,252606
7290012823916,false,גל מקסימה קריסטל 5 ל,סנו,IL,גל מקסימה קריסטל 5 ל,קילוגרמים,5.00,ליטר,false,,34.90,6.9800,true,1,266991
7290012881589,false,מטהר מגיק אורנים 300,סאסאטק,IL,מטהר מגיק אורנים 300,מיליליטרים,300.00,"100 מ""ל",false,,3.90,1.3000,true,1,268334
7290012881787,false,מרכך כביסה כחול 4 לי,,,מרכך כביסה כחול 4 לי,קילוגרמים,4.00,ליטר,false,,14.90,3.7250,true,1,268330
7290012881794,false,מרכך כביסה ורוד 4 לי,,,מרכך כביסה ורוד 4 לי,קילוגרמים,4.00,ליטר,false,,14.90,3.7250,true,1,268332
7290012881800,false,מרכך כביסה לבן 4 ליט,,,מרכך כביסה לבן 4 ליט,קילוגרמים,4.00,ליטר,false,,14.90,3.7250,true,1,268331
7290012881817,false,מטהר מגיק לימון 300,סאסאטק,IL,מטהר מגיק לימון 300,מיליליטרים,300.00,"100 מ""ל",false,,3.90,1.3000,true,1,268336
7290012881824,false,מטהר מגיק לבנדר 300,סאסאטק,IL,מטהר מגיק לבנדר 300,מיליליטרים,300.00,"100 מ""ל",false,,3.90,1.3000,true,1,268335
7290012929779,false,פסטה ספירלה מחיטה מל,מוטלו,TR,פסטה ספירלה מחיטה מל,גרמים,500.00,100 גרם,false,,3.90,0.7800,true,1,252597
7290012929953,false,מארז טונה במים טעמן,דיאמוד פוד פרודקט סי,TH,מארז טונה במים טעמן,גרמים,450.00,100 גרם,false,,14.90,3.3111,true,1,252588
7290012929960,false,מארז טונה בשמן טעמן,דיאמוד פוד פרודקט סי,TH,מארז טונה בשמן טעמן,גרמים,420.00,100 גרם,false,,14.90,3.5476,true,1,252587
7290013010001,false,עגבניות מרוסקות מבור,זנלכל,IL,עגבניות מרוסקות מבור,גרמים,240.00,100 גרם,false,,5.50,2.2917,true,1,251828
7290013010018,false,רוטב לפסטה מבורך 240,זנלכל,IL,רוטב לפסטה מבורך 240,גרמים,240.00,100 גרם,false,,5.50,2.2917,true,1,251831
7290013010025,false,רוטב לפיצה מבורך 240,זנלכל,IL,רוטב לפיצה מבורך 240,גרמים,240.00,100 גרם,false,,5.50,2.2917,true,1,251830
7290013010032,false,רוטב לשקשוקה מבורך 2,זנלכל,IL,רוטב לשקשוקה מבורך 2,גרמים,240.00,100 גרם,false,,5.50,2.2917,true,1,251829
7290013010094,false,רוטב בולונז מבורך 24,זנלכל,IL,רוטב בולונז מבורך 24,גרמים,240.00,100 גרם,false,,5.50,2.2917,true,1,255154
7290013010322,false,עגבניות שלמות מבורך,זנלכל,IL,עגבניות שלמות מבורך,גרמים,800.00,100 גרם,false,,9.90,1.2375,true,1,294628
7290013010339,false,עגבניות מרוסקות עם ב,זנלכל,IL,עגבניות מרוסקות עם ב,גרמים,800.00,100 גרם,false,,9.90,1.2375,true,1,294631
7290013010353,false,עגבניות מרוסקות עם ב,זנלכל,IL,עגבניות מרוסקות עם ב,גרמים,800.00,100 גרם,false,,9.90,1.2375,true,1,294630
7290013027399,false,לחם קל קמח מלא ושיפו,מאפית אנגל,IL,לחם קל קמח מלא ושיפו,גרמים,750.00,100 גרם,false,,12.90,1.7200,true,1,303457
7290013080295,false,מארז באגסי ברביקיו 2,א מ חטיפי העמק בעמ,IL,מארז באגסי ברביקיו 2,גרמים,400.00,100 גרם,false,,8.90,2.2250,true,1,253465
7290013080301,false,מארז באגסי גריל 20*2,א מ חטיפי העמק בעמ,IL,מארז באגסי גריל 20*2,גרמים,400.00,100 גרם,false,,8.90,2.2250,true,1,253466
7290013080479,false,מארז באגסי בצל 20*20,א מ חטיפי העמק בעמ,IL,מארז באגסי בצל 20*20,גרמים,400.00,100 גרם,false,,8.90,2.2250,true,1,260176
7290013080486,false,מארז באגסי פיצה 20*2,א מ חטיפי העמק בעמ,IL,מארז באגסי פיצה 20*2,גרמים,400.00,100 גרם,false,,8.90,2.2250,true,1,260175
7290013080769,false,"חטיף תפו""א רינגים בט",א מ חטיפי העמק בעמ,IL,"חטיף תפו""א רינגים בט",גרמים,50.00,100 גרם,false,,2.90,5.8000,true,1,308618
7290013117212,false,בורקס פילו גבינה מעד,מעדנות,IL,בורקס פילו גבינה מעד,גרמים,600.00,100 גרם,false,,15.90,2.6500,true,1,253676
7290013117229,false,בורקס פילו תפוא מעדנ,מעדנות,IL,בורקס פילו תפוא מעדנ,גרמים,600.00,100 גרם,false,,15.90,2.6500,true,1,253677
7290013117427,false,בצק פריך מלוח מעדנות,מעדנות,IL,בצק פריך מלוח מעדנות,גרמים,900.00,100 גרם,false,,15.90,1.7667,true,1,254460
7290013117526,false,בצק שמרים עלים מעדנו,מעדנות,IL,בצק שמרים עלים מעדנו,גרמים,900.00,100 גרם,false,,15.90,1.7667,true,1,258416
7290013195272,false,רולדה הונגרי 500 גרם,,,רולדה הונגרי 500 גרם,גרמים,500.00,100 גרם,false,,19.90,3.9800,true,1,271268
7290013195289,false,רולדה ירושלמי 500 גר,,,רולדה ירושלמי 500 גר,גרמים,500.00,100 גרם,false,,19.90,3.9800,true,1,271269
7290013195296,false,רולדה וייט פיש רוזנר,,,רולדה וייט פיש רוזנר,גרמים,500.00,100 גרם,false,,29.90,5.9800,true,1,271667
7290013215017,false,דואט פטריות,אראל תוצרת חקלאית בע,IL,דואט פטריות,Unknown,0.00,יחידה,false,,15.90,0.0000,true,1,251600
7290013215062,false,פטריות יער הירדן,,,פטריות יער הירדן,Unknown,0.00,יחידה,false,,10.60,0.0000,true,1,251601
7290013215123,false,פטריות שמפיניון שישי,,,פטריות שמפיניון שישי,Unknown,0.00,יחידה,false,,8.90,0.0000,true,1,323970
7290013220042,false,מיקס טרופי קפוא 500,א.מ שרון,PL,מיקס טרופי קפוא 500,גרמים,500.00,100 גרם,false,,19.90,3.9800,true,1,306350
7290013220103,false,דובדבן קפוא 500 גרם,א.מ שרון,PL,דובדבן קפוא 500 גרם,גרמים,500.00,100 גרם,false,,19.90,3.9800,true,1,306341
7290013220127,false,דומדמנית שחורה קפוא,א.מ שרון,PL,דומדמנית שחורה קפוא,גרמים,500.00,100 גרם,false,,19.90,3.9800,true,1,306343
7290013220134,false,מיקס פירות שדה קפוא,א.מ שרון,PL,מיקס פירות שדה קפוא,גרמים,500.00,100 גרם,false,,19.90,3.9800,true,1,306349
7290013220318,false,חמוצית קפוא 400 גרם,א.מ שרון,PL,חמוצית קפוא 400 גרם,גרמים,400.00,100 גרם,false,,19.90,4.9750,true,1,306345
7290013220899,false,תות שדה קפוא 500 גרם,א.מ שרון,PL,תות שדה קפוא 500 גרם,גרמים,500.00,100 גרם,false,,19.90,3.9800,true,1,306348
7290013220929,false,אוכמניות כחולות קפוא,א.מ שרון,PL,אוכמניות כחולות קפוא,גרמים,400.00,100 גרם,false,,19.90,4.9750,true,1,306346
7290013221001,false,חתיכות אננס קפוא 500,א.מ שרון,PL,חתיכות אננס קפוא 500,גרמים,500.00,100 גרם,false,,19.90,3.9800,true,1,306351
7290013221018,false,חתיכות מנגו קפוא 500,א.מ שרון,PL,חתיכות מנגו קפוא 500,גרמים,500.00,100 גרם,false,,19.90,3.9800,true,1,306352
7290013221100,false,שייק מיקס מנגו אננס,א.מ שרון,PL,שייק מיקס מנגו אננס,גרמים,500.00,100 גרם,false,,19.90,3.9800,true,1,314979
7290013224927,false,אקונומיקה מגיק סמיכה,סאסאטק,IL,אקונומיקה מגיק סמיכה,קילוגרמים,4.00,ליטר,false,,9.90,2.4750,true,1,290087
7290013268020,false,מרכך מקסימה סופר מרו,סנו,IL,מרכך מקסימה סופר מרו,קילוגרמים,1.00,ליטר,false,,17.50,17.5000,true,1,252608
7290013268440,false,מברשת אורביטול ילדים,סנו,IL,מברשת אורביטול ילדים,Unknown,0.00,יחידה,false,,16.90,0.0000,true,1,288854
7290013268839,false,פוליויקס פרקט מלון ח,סנו,IL,פוליויקס פרקט מלון ח,קילוגרמים,2.00,ליטר,false,,19.90,9.9500,true,1,303163
7290013268884,false,ריצפז פרש מאסק 2 ליט,סנו,IL,ריצפז פרש מאסק 2 ליט,קילוגרמים,2.00,ליטר,false,,14.90,7.4500,true,1,253329
7290013268938,false,סבון אסלה סנובון סופ,NICOLS,IL,סבון אסלה סנובון סופ,גרמים,165.00,100 גרם,false,,9.90,6.0000,true,1,255185
7290013268983,false,מרכך מקסימה סופר מרו,סנו,IL,מרכך מקסימה סופר מרו,קילוגרמים,1.00,ליטר,false,,17.50,17.5000,true,1,319194
7290013268990,false,מרכך מקסימה סופר מרו,סנו,IL,מרכך מקסימה סופר מרו,קילוגרמים,1.00,ליטר,false,,17.50,17.5000,true,1,301484
7290013269003,false,מרכך מקסימה סופר מרו,סנו,IL,מרכך מקסימה סופר מרו,קילוגרמים,1.00,ליטר,false,,17.50,17.5000,true,1,261745
7290013269348,false,תחנת פיתיון לתיקנים,סנו,IL,תחנת פיתיון לתיקנים,Unknown,0.00,יחידה,false,,39.90,0.0000,true,1,307622
7290013269621,false,ריצפז פרש הום בניחוח,סנו,IL,ריצפז פרש הום בניחוח,קילוגרמים,2.00,ליטר,false,,19.70,9.8500,true,1,303935
7290013269669,false,ריצפז פנטזיה 3 ליטר,סנו,IL,ריצפז פנטזיה 3 ליטר,קילוגרמים,3.00,ליטר,false,,7.90,2.6333,true,1,257706
7290013269911,false,תרסיס קוטל K333 זוחל,סנו,IL,תרסיס קוטל K333 זוחל,מיליליטרים,750.00,"100 מ""ל",false,,26.90,3.5867,true,1,255590
7290013302236,false,פסטה פרפלה טעמן 500,מוטלו,TR,פסטה פרפלה טעמן 500,גרמים,500.00,100 גרם,false,,3.90,0.7800,true,1,253283
7290013302748,false,סוכריות זיסי טופי ממ,פאסין אס אי,BR,סוכריות זיסי טופי ממ,גרמים,600.00,100 גרם,false,,9.90,1.6500,true,1,254169
7290013303417,false,יין מרום קברנה 2018,חבל יתיר,IL,יין מרום קברנה 2018,מיליליטרים,750.00,"100 מ""ל",false,,89.90,11.9867,true,1,316739
7290013303509,false,יין מרום מרלו 2018,חבל יתיר,IL,יין מרום מרלו 2018,מיליליטרים,750.00,"100 מ""ל",false,,89.90,11.9867,true,1,316747
7290013358035,false,שקדי מרק מנה 800 גרם,מנה,IL,שקדי מרק מנה 800 גרם,גרמים,800.00,100 גרם,false,,11.90,1.4875,true,1,254018
7290013358417,false,רוטב טריאקי מאסטר שף,קי אר אס ספייסי פוד,,רוטב טריאקי מאסטר שף,גרמים,300.00,100 גרם,false,,7.90,2.6333,true,1,287985
7290013358462,false,מיני קרוטונים למרק ש,עינת,IL,מיני קרוטונים למרק ש,גרמים,350.00,100 גרם,false,,17.90,5.1143,true,1,264527
7290013358530,false,רוטב צילי מתוק מאסטר,קי אר אס ספייסי פוד,,רוטב צילי מתוק מאסטר,גרמים,700.00,100 גרם,false,,9.90,1.4143,true,1,287987
7290013358547,false,רוטב צילי חריף מאסטר,קי אר אס ספייסי פוד,,רוטב צילי חריף מאסטר,גרמים,700.00,100 גרם,false,,9.90,1.4143,true,1,287988
7290013424822,false,פרחי ברוקולי קפואים,נובה אלימנטוס,EC,פרחי ברוקולי קפואים,גרמים,700.00,100 גרם,false,,21.90,3.1286,true,1,325195
7290013424914,false,אפרסק פלחים קפוא פיל,א.מ שרון,PL,אפרסק פלחים קפוא פיל,גרמים,500.00,100 גרם,false,,9.90,1.9800,true,1,316429
7290013424921,false,קיווי פרוסות קפוא פי,א.מ שרון,PL,קיווי פרוסות קפוא פי,גרמים,500.00,100 גרם,false,,9.90,1.9800,true,1,316430
7290013424938,false,פסיפלורה קוביות קפוא,א.מ שרון,PL,פסיפלורה קוביות קפוא,גרמים,500.00,100 גרם,false,,11.90,2.3800,true,1,316431
7290013424945,false,מנגו קפוא פילד גוד 5,א.מ שרון,PL,מנגו קפוא פילד גוד 5,גרמים,500.00,100 גרם,false,,9.90,1.9800,true,1,316932
7290013424952,false,אננס קפוא פילד גוד 5,א.מ שרון,PL,אננס קפוא פילד גוד 5,גרמים,500.00,100 גרם,false,,9.90,1.9800,true,1,317412
7290013430083,false,בירה אלכסנדר בלונד 5,יקבי כרמל,IL,בירה אלכסנדר בלונד 5,מיליליטרים,330.00,"100 מ""ל",false,,12.90,3.9091,true,1,316857
7290013430090,false,בירה אלכסנדר אמברה 5,יקבי כרמל,IL,בירה אלכסנדר אמברה 5,מיליליטרים,330.00,"100 מ""ל",false,,12.90,3.9091,true,1,316858
7290013430250,false,בירה אלכסנדר חיטה יש,יקבי כרמל,IL,בירה אלכסנדר חיטה יש,מיליליטרים,330.00,"100 מ""ל",false,,12.90,3.9091,true,1,316859
7290013430304,false,בירה אלכסנדר גרין 6%,יקבי כרמל,IL,בירה אלכסנדר גרין 6%,מיליליטרים,330.00,"100 מ""ל",false,,12.90,3.9091,true,1,316860
7290013440648,false,שלגוני שרבט אבטיח 5,גלידות נסטלה,IL,שלגוני שרבט אבטיח 5,גרמים,468.00,100 גרם,false,,22.90,4.8932,true,1,261883
7290013472908,false,בולגרית קוביות 22% ה,קוליוס,TW,בולגרית קוביות 22% ה,גרמים,400.00,100 גרם,false,,19.90,4.9750,true,1,287532
7290013492005,false,תפוח אדמה למיקרוגל,ברכת קטיף,IL,תפוח אדמה למיקרוגל,Unknown,0.00,יחידה,false,,5.90,0.0000,true,1,255288
7290013534057,false,ציפס בטטה 100 גרם,מיה תעשיות מזון בעמ,IL,ציפס בטטה 100 גרם,גרמים,100.00,100 גרם,false,,7.90,7.9000,true,1,269233
7290013536303,false,קמח חיטה מלאה 100% ה,קמח עץ השדה,IL,קמח חיטה מלאה 100% ה,פריט,1.00,"ק""ג",false,,6.90,6.9000,true,1,305661
7290013536310,false,קמח חיטה מלאה 80% הנ,קמח עץ השדה,IL,קמח חיטה מלאה 80% הנ,פריט,1.00,"ק""ג",false,,6.90,6.9000,true,1,305662
7290013536327,false,קמח לבן מנופה הנחתום,קמח עץ השדה,IL,קמח לבן מנופה הנחתום,פריט,1.00,"ק""ג",false,,4.90,4.9000,true,1,305663
7290013536334,false,קמח כוסמין מלא הנחתו,קמח עץ השדה,IL,קמח כוסמין מלא הנחתו,פריט,1.00,"ק""ג",false,,7.90,7.9000,true,1,305664
7290013536341,false,קמח כוסמין 80% הנחתו,קמח עץ השדה,IL,קמח כוסמין 80% הנחתו,פריט,1.00,"ק""ג",false,,11.90,11.9000,true,1,314435
7290013536358,false,קמח כוסמין לבן הנחתו,קמח עץ השדה,IL,קמח כוסמין לבן הנחתו,פריט,1.00,"ק""ג",false,,11.90,11.9000,true,1,305665
7290013536457,false,קמח לחלות הנחתום 1 ק,קמח עץ השדה,IL,קמח לחלות הנחתום 1 ק,פריט,1.00,"ק""ג",false,,5.90,5.9000,true,1,319073
7290013536464,false,קמח חלות כוסמין הנח,קמח עץ השדה,IL,קמח חלות כוסמין הנח,פריט,1.00,"ק""ג",false,,12.90,12.9000,true,1,324215
7290013584328,false,פקדון בקבוק בירה ריק,,,פקדון בקבוק בירה ריק,Unknown,0.00,יחידה,false,,1.20,0.0000,true,1,267304
7290013585233,false,"ספרייט זירו 330 מ""ל",קוקה קולה,IL,"ספרייט זירו 330 מ""ל",מיליליטרים,330.00,"100 מ""ל",false,,4.90,1.4848,true,1,311655
7290013585967,false,מארז ספרייט זירו 6*3,קוקה קולה,IL,מארז ספרייט זירו 6*3,קילוגרמים,1.98,ליטר,false,,21.90,11.0606,true,1,291529
7290013610324,false,עוגיות מקרונים רוקה,רות פטיפורים,IL,עוגיות מקרונים רוקה,גרמים,190.00,100 גרם,false,,10.90,5.7368,true,1,311615
7290013610331,false,עוגיות מקרונים רוקה,רות פטיפורים,IL,עוגיות מקרונים רוקה,גרמים,190.00,100 גרם,false,,10.90,5.7368,true,1,311643
7290013610348,false,עוגיות מקרונים רוקה,רות פטיפורים,IL,עוגיות מקרונים רוקה,גרמים,190.00,100 גרם,false,,10.90,5.7368,true,1,319837
7290013610379,false,עוגיות מקרונים רוקה,רות פטיפורים,IL,עוגיות מקרונים רוקה,גרמים,190.00,100 גרם,false,,10.90,5.7368,true,1,319839
7290013615831,false,"במיה טלפרוסט 1 ק""ג",אלמוורה,EG,"במיה טלפרוסט 1 ק""ג",פריט,1.00,"ק""ג",false,,4.90,4.9000,true,1,258889
7290013625458,false,פטריות שלמות טעמן 40,פרוצאמפ,NL,פטריות שלמות טעמן 40,גרמים,400.00,100 גרם,false,,7.50,1.8750,true,1,308846
7290013677006,false,חומוס גדול סלקטד 500,מיה תעשיות מזון בעמ,IL,חומוס גדול סלקטד 500,גרמים,500.00,100 גרם,false,,9.90,1.9800,true,1,255811
7290013677037,false,עדשים ירוקות סלקטד 5,מיה תעשיות מזון בעמ,IL,עדשים ירוקות סלקטד 5,גרמים,500.00,100 גרם,false,,9.50,1.9000,true,1,255802
7290013677044,false,עדשים אדומות סלקטד 5,מיה תעשיות מזון בעמ,IL,עדשים אדומות סלקטד 5,גרמים,500.00,100 גרם,false,,9.90,1.9800,true,1,255803
7290013677051,false,פופקורן סלקטד 500 גר,מיה תעשיות מזון בעמ,IL,פופקורן סלקטד 500 גר,גרמים,500.00,100 גרם,false,,9.50,1.9000,true,1,255800
7290013677068,false,כוסמת סלקטד 500 גרם,מיה תעשיות מזון בעמ,IL,כוסמת סלקטד 500 גרם,גרמים,500.00,100 גרם,false,,9.90,1.9800,true,1,255806
7290013677075,false,חיטה סלקטד 500 גרם,מיה תעשיות מזון בעמ,IL,חיטה סלקטד 500 גרם,גרמים,500.00,100 גרם,false,,8.50,1.7000,true,1,255807
7290013677082,false,שעועית אדומה סלקטד 5,מיה תעשיות מזון בעמ,IL,שעועית אדומה סלקטד 5,גרמים,500.00,100 גרם,false,,9.90,1.9800,true,1,255808
7290013677099,false,גריסי פנינה סלקטד 50,מיה תעשיות מזון בעמ,IL,גריסי פנינה סלקטד 50,גרמים,500.00,100 גרם,false,,8.50,1.7000,true,1,255809
7290013677105,false,אפונה סלקטד 500 גרם,מיה תעשיות מזון בעמ,IL,אפונה סלקטד 500 גרם,גרמים,500.00,100 גרם,false,,8.50,1.7000,true,1,255810
7290013677112,false,בורגול סלקטד 500 גרם,מיה תעשיות מזון בעמ,IL,בורגול סלקטד 500 גרם,גרמים,500.00,100 גרם,false,,8.50,1.7000,true,1,255812
7290013677129,false,שעועית מעורבת סלקטד,מיה תעשיות מזון בעמ,IL,שעועית מעורבת סלקטד,גרמים,500.00,100 גרם,false,,10.90,2.1800,true,1,255813
7290013677136,false,חומוס ענק סלקטד 500,מיה תעשיות מזון בעמ,IL,חומוס ענק סלקטד 500,גרמים,500.00,100 גרם,false,,12.70,2.5400,true,1,255814
7290013677174,false,אורז מלא סלקטד 500 ג,מיה תעשיות מזון בעמ,IL,אורז מלא סלקטד 500 ג,גרמים,500.00,100 גרם,false,,9.50,1.9000,true,1,255801
7290013677259,false,זעתר שקית מיה 50 גרם,מיה תעשיות מזון בעמ,IL,זעתר שקית מיה 50 גרם,גרמים,80.00,100 גרם,false,,3.90,4.8750,true,1,259731
7290013677266,false,תבלין לפיצה שקית מיה,מיה תעשיות מזון בעמ,IL,תבלין לפיצה שקית מיה,גרמים,80.00,100 גרם,false,,3.90,4.8750,true,1,259741
7290013677303,false,תבלין חוואיג תימני ש,מיה תעשיות מזון בעמ,IL,תבלין חוואיג תימני ש,גרמים,80.00,100 גרם,false,,3.90,4.8750,true,1,259732
7290013677334,false,תבלין על האש שקית מי,מיה תעשיות מזון בעמ,IL,תבלין על האש שקית מי,גרמים,50.00,100 גרם,false,,3.90,7.8000,true,1,259742
7290013677556,false,אורז פרסי עממי סלקטד,מיה תעשיות מזון בעמ,IL,אורז פרסי עממי סלקטד,פריט,1.00,"ק""ג",false,,9.90,9.9000,true,1,260892
7290013677648,false,שמן זית למאור מיה 1,מיה תעשיות מזון בעמ,IL,שמן זית למאור מיה 1,קילוגרמים,1.00,ליטר,false,,19.90,19.9000,true,1,259740
7290013677655,false,סודה לשתיה מיה 600 ג,מיה תעשיות מזון בעמ,IL,סודה לשתיה מיה 600 ג,גרמים,600.00,100 גרם,false,,14.90,2.4833,true,1,254933
7290013677662,false,מלח לימון מיה 300 גר,מיה תעשיות מזון בעמ,IL,מלח לימון מיה 300 גר,גרמים,300.00,100 גרם,false,,14.90,4.9667,true,1,254932
7290013677679,false,סודה לשתיה שקית מיה,מיה תעשיות מזון בעמ,IL,סודה לשתיה שקית מיה,גרמים,80.00,100 גרם,false,,3.90,4.8750,true,1,254565
7290013677686,false,פפריקה מרוקאית שקית,מיה תעשיות מזון בעמ,IL,פפריקה מרוקאית שקית,גרמים,100.00,100 גרם,false,,3.90,3.9000,true,1,254567
7290013677693,false,פלפל שחור גרוס שקית,מיה תעשיות מזון בעמ,IL,פלפל שחור גרוס שקית,גרמים,50.00,100 גרם,false,,6.90,13.8000,true,1,254571
7290013713025,false,בירה ג'מס פילס 5% 33,יקבי כרמל,IL,בירה ג'מס פילס 5% 33,מיליליטרים,330.00,"100 מ""ל",false,,11.90,3.6061,true,1,323737
7290013713032,false,בירה ג'מס חיטה 5% 33,יקבי כרמל,IL,בירה ג'מס חיטה 5% 33,מיליליטרים,330.00,"100 מ""ל",false,,11.90,3.6061,true,1,323738
7290013713049,false,בירה ג'מס 8.8% 330 מ,יקבי כרמל,IL,בירה ג'מס 8.8% 330 מ,מיליליטרים,330.00,"100 מ""ל",false,,11.90,3.6061,true,1,323739
7290013713094,false,בירה ג'מס IPA 6% 330,יקבי כרמל,IL,בירה ג'מס IPA 6% 330,מיליליטרים,330.00,"100 מ""ל",false,,11.90,3.6061,true,1,323740
7290013724816,false,חטיפי גרנולה תמר צימ,ויטליה ניקולה,MK,חטיפי גרנולה תמר צימ,גרמים,175.00,100 גרם,false,,9.90,5.6571,true,1,260265
7290013724939,false,חמוציות בשוקולד שקדי,שקדיה,IL,חמוציות בשוקולד שקדי,גרמים,140.00,100 גרם,false,,9.90,7.0714,true,1,263622
7290013724946,false,שקדים בשוקולד שקדיה,שקדיה,IL,שקדים בשוקולד שקדיה,גרמים,140.00,100 גרם,false,,9.90,7.0714,true,1,263626
7290013724953,false,חמוציות בציפוי שוקול,שקדיה,IL,חמוציות בציפוי שוקול,גרמים,140.00,100 גרם,false,,9.90,7.0714,true,1,324929
7290013724960,false,שקדבציפוי שוקולד חלב,שקדיה,IL,שקדבציפוי שוקולד חלב,גרמים,140.00,100 גרם,false,,9.90,7.0714,true,1,324930
7290013724977,false,צימוק בשוקולד מריר 1,שקדיה,IL,צימוק בשוקולד מריר 1,גרמים,140.00,100 גרם,false,,9.90,7.0714,true,1,263627
7290013725639,false,רוטב צילי חריף סו שף,,TH,רוטב צילי חריף סו שף,מיליליטרים,700.00,"100 מ""ל",false,,9.90,1.4143,true,1,260741
7290013725646,false,רוטב צילי מתוק סו שף,,TH,רוטב צילי מתוק סו שף,מיליליטרים,700.00,"100 מ""ל",false,,9.90,1.4143,true,1,260742
7290013725653,false,קרם קוקוס סו שף 400,,TH,קרם קוקוס סו שף 400,מיליליטרים,400.00,"100 מ""ל",false,,5.90,1.4750,true,1,260743
7290013725707,false,שמן שומשום סו שף 150,,CN,שמן שומשום סו שף 150,מיליליטרים,150.00,"100 מ""ל",false,,14.90,9.9333,true,1,289920
7290013725752,false,נודלס דק סו שף 400 ג,,CN,נודלס דק סו שף 400 ג,גרמים,400.00,100 גרם,false,,6.60,1.6500,true,1,269931
7290013725769,false,נודלס עבה סו שף 400,,CN,נודלס עבה סו שף 400,גרמים,400.00,100 גרם,false,,6.60,1.6500,true,1,269932
7290013725820,false,אגוזי לוז בשוקולד שק,שקדיה,IL,אגוזי לוז בשוקולד שק,גרמים,140.00,100 גרם,false,,9.90,7.0714,true,1,263623
7290013725844,false,שומשום בציפוי שוקולד,שקדיה,,שומשום בציפוי שוקולד,גרמים,140.00,100 גרם,false,,9.90,7.0714,true,1,263624
7290013771216,false,גבינה פטאקי 16% שומר,מחלבת השומרון,IL,גבינה פטאקי 16% שומר,גרמים,250.00,100 גרם,false,,13.90,5.5600,true,1,261551
7290013771261,false,גבינה בולגרית מעודנת,מחלבת השומרון,IL,גבינה בולגרית מעודנת,גרמים,250.00,100 גרם,false,,12.90,5.1600,true,1,271834
7290013771285,false,גבינה בולגרית קלאסית,מחלבת השומרון,IL,גבינה בולגרית קלאסית,גרמים,200.00,100 גרם,false,,12.90,6.4500,true,1,271832
7290013771292,false,גבינה פטאקי 16% שומר,מחלבת השומרון,IL,גבינה פטאקי 16% שומר,גרמים,250.00,100 גרם,false,,12.90,5.1600,true,1,271835
7290013771308,false,גבינה בולגרית קלאסית,מחלבת השומרון,IL,גבינה בולגרית קלאסית,גרמים,200.00,100 גרם,false,,12.90,6.4500,true,1,271833
7290013847379,false,טונה בשמן ס.ק 6*140,סטארקיסט,IL,טונה בשמן ס.ק 6*140,גרמים,840.00,100 גרם,false,,29.90,3.5595,true,1,307907
7290013847386,false,טונה 4% טעם טבעי ס.ק,סטארקיסט,IL,טונה 4% טעם טבעי ס.ק,גרמים,140.00,100 גרם,false,,6.90,4.9286,true,1,305364
7290013847393,false,טונה 4% בעשבי תיבול,סטארקיסט,IL,טונה 4% בעשבי תיבול,גרמים,140.00,100 גרם,false,,6.90,4.9286,true,1,305366
7290013847409,false,טונה 4% בלימון ופלפל,סטארקיסט,IL,טונה 4% בלימון ופלפל,גרמים,140.00,100 גרם,false,,6.90,4.9286,true,1,305365
7290013847492,false,טונה במים ס.ק 6*140,סטארקיסט,IL,טונה במים ס.ק 6*140,גרמים,840.00,100 גרם,false,,29.90,3.5595,true,1,306080
7290013847980,false,טונה בשמן ס.ק 425 גר,תאי יוניון,TH,טונה בשמן ס.ק 425 גר,גרמים,425.00,100 גרם,false,,15.90,3.7412,true,1,308795
7290013848017,false,תרסיס סנו נירוסטה 50,סנו,IL,תרסיס סנו נירוסטה 50,מיליליטרים,500.00,"100 מ""ל",false,,19.90,3.9800,true,1,302875
7290013848345,false,מטליות לחיטוי וניקוי,סנו,IL,מטליות לחיטוי וניקוי,Unknown,0.00,יחידה,false,,17.90,0.0000,true,1,310445
7290013848727,false,סנו פרש מכשיר אוטומט,סנו,IL,סנו פרש מכשיר אוטומט,Unknown,0.00,יחידה,false,,39.90,0.0000,true,1,302881
7290013848758,false,גל מקסימה בייבי 3 לי,סנו,IL,גל מקסימה בייבי 3 לי,קילוגרמים,3.00,ליטר,false,,32.90,10.9667,true,1,265358
7290013861054,false,צימוק בציפוי שוקולד,שקדיה,IL,צימוק בציפוי שוקולד,גרמים,140.00,100 גרם,false,,9.90,7.0714,true,1,324932
7290013861412,false,חטיפי קוקוס 250 גרם,דין שיווק,IL,חטיפי קוקוס 250 גרם,גרמים,250.00,100 גרם,false,,9.90,3.9600,true,1,266504
7290013861429,false,חטיפי שומשום 250 גרם,דין שיווק,IL,חטיפי שומשום 250 גרם,גרמים,250.00,100 גרם,false,,9.90,3.9600,true,1,266502
7290013861443,false,חטיפי בוטנים / חטיפי,דין שיווק,IL,חטיפי בוטנים / חטיפי,גרמים,250.00,100 גרם,false,,9.90,3.9600,true,1,266503
7290013906304,false,פסטרמה גחלים טירת צב,טירת צבי,IL,פסטרמה גחלים טירת צב,גרמים,400.00,100 גרם,false,,26.90,6.7250,true,1,263021
7290013906335,false,מארז סלמי הודו+כפרית,טירת צבי,IL,מארז סלמי הודו+כפרית,גרמים,600.00,100 גרם,false,,19.90,3.3167,true,1,263023
7290013906601,false,מארז פסטרמה כפרית דב,טירת צבי,IL,מארז פסטרמה כפרית דב,גרמים,600.00,100 גרם,false,,19.90,3.3167,true,1,310296
7290013906700,false,נקניקיות הודו טירת צ,טירת צבי,IL,נקניקיות הודו טירת צ,פריט,1.50,"ק""ג",false,,29.90,19.9333,true,1,304135
7290013906922,false,נקניקיות הודו חריפות,טירת צבי,IL,נקניקיות הודו חריפות,פריט,1.00,"ק""ג",false,,24.90,24.9000,true,1,304136
7290013906939,false,קורנדביף טירת צבי 12,טירת צבי,IL,קורנדביף טירת צבי 12,גרמים,120.00,100 גרם,false,,13.90,11.5833,true,1,299536
7290013906946,false,פסטרמה כתף בקר מעושנ,טירת צבי,IL,פסטרמה כתף בקר מעושנ,גרמים,120.00,100 גרם,false,,13.90,11.5833,true,1,299534
7290013906991,false,סלמי מהדרין טירת צבי,טירת צבי,IL,סלמי מהדרין טירת צבי,גרמים,400.00,100 גרם,false,,14.90,3.7250,true,1,289345
7290013910561,false,יין הרי יהודה אדום י,,IL,יין הרי יהודה אדום י,מיליליטרים,750.00,"100 מ""ל",false,,129.90,17.3200,true,1,316583
7290013927156,false,עוגת פירות יער ללא ס,אחדות ביחר לטחינה חל,IL,עוגת פירות יער ללא ס,גרמים,450.00,100 גרם,false,,11.80,2.6222,true,1,268631
7290013927200,false,עוגת שוקולד ציפס אחו,אחדות ביחר לטחינה חל,IL,עוגת שוקולד ציפס אחו,גרמים,400.00,100 גרם,false,,10.90,2.7250,true,1,264906
7290013927323,false,עוגת בראוניס אחוה 40,אחדות ביחר לטחינה חל,IL,עוגת בראוניס אחוה 40,גרמים,400.00,100 גרם,false,,10.90,2.7250,true,1,266975
7290013927514,false,רוגעלך קינמון אחוה 4,אחדות ביחר לטחינה חל,IL,רוגעלך קינמון אחוה 4,גרמים,400.00,100 גרם,false,,8.90,2.2250,true,1,300245
7290013927637,false,חלוה ל.סוכר אחוה 400,אחדות ביחר לטחינה חל,IL,חלוה ל.סוכר אחוה 400,גרמים,400.00,100 גרם,false,,11.90,2.9750,true,1,304196
7290013927804,false,טחינה שומשום מלא אחו,אחדות ביחר לטחינה חל,IL,טחינה שומשום מלא אחו,פריט,1.00,"ק""ג",false,,18.90,18.9000,true,1,307768
7290013927989,false,מאפין במילוי קרמל אח,אחדות ביחר לטחינה חל,IL,מאפין במילוי קרמל אח,גרמים,50.00,100 גרם,false,,1.30,2.6000,true,1,312343
7290013927996,false,עוגת שמרים קראנץ שוק,אחדות ביחר לטחינה חל,IL,עוגת שמרים קראנץ שוק,גרמים,400.00,100 גרם,false,,9.80,2.4500,true,1,311546
7290013946089,false,תרסיס מגיק חלונות 1,סאסאטק,IL,תרסיס מגיק חלונות 1,קילוגרמים,1.00,ליטר,false,,4.90,4.9000,true,1,271236
7290013946171,false,מטהר מגיק פריחה 300,סאסאטק,IL,מטהר מגיק פריחה 300,מיליליטרים,300.00,"100 מ""ל",false,,3.90,1.3000,true,1,268418
7290013946829,false,נוזל כלים מגיק תפוח,סאסאטק,IL,נוזל כלים מגיק תפוח,קילוגרמים,4.00,ליטר,false,,17.90,4.4750,true,1,268338
7290014002197,false,תה קמומיל ולימונית ה,ויסוצקי,IL,תה קמומיל ולימונית ה,גרמים,38.00,100 גרם,false,,16.90,44.4737,true,1,261262
7290014016279,false,פיצה מרגריטה ל.גלוטן,נטורל קייקס,IL,פיצה מרגריטה ל.גלוטן,גרמים,400.00,100 גרם,false,,19.90,4.9750,true,1,269493
7290014016286,false,פיצה מרגריטה עם זיתי,נטורל קייקס,IL,פיצה מרגריטה עם זיתי,גרמים,400.00,100 גרם,false,,19.90,4.9750,true,1,269494
7290014016309,false,לחם פרוס ל.גלוטן נטו,נטורל קייקס,IL,לחם פרוס ל.גלוטן נטו,גרמים,450.00,100 גרם,false,,4.90,1.0889,true,1,290032
7290014016316,false,לחם רך במיוחד ל.גלוט,נטורל קייקס,IL,לחם רך במיוחד ל.גלוט,גרמים,450.00,100 גרם,false,,4.90,1.0889,true,1,290757
7290014016323,false,לחמניות ל.גלוטן נטור,נטורל קייקס,IL,לחמניות ל.גלוטן נטור,גרמים,390.00,100 גרם,false,,4.90,1.2564,true,1,290033
7290014017009,false,קמח אורז ל.גלוטן רי,נטורל קייקס,IL,קמח אורז ל.גלוטן רי,גרמים,500.00,100 גרם,false,,8.90,1.7800,true,1,258466
7290014017320,false,אבקת מרק בטעם עוף ל.,נטורל קייקס,IL,אבקת מרק בטעם עוף ל.,גרמים,400.00,100 גרם,false,,19.90,4.9750,true,1,258470
7290014017337,false,אבקת מרק בצל ל.גלוטן,נטורל קייקס,IL,אבקת מרק בצל ל.גלוטן,גרמים,400.00,100 גרם,false,,17.90,4.4750,true,1,258471
7290014017689,false,דגני בוקר בטעם נוגט,נטורל קייקס,IL,דגני בוקר בטעם נוגט,גרמים,750.00,100 גרם,false,,19.90,2.6533,true,1,313892
7290014079014,false,לבבות קיסר ארוז נספק,מרינה,IL,לבבות קיסר ארוז נספק,Unknown,0.00,יחידה,false,,8.90,0.0000,true,1,262908
7290014079076,false,נבטי אלפלפא יח,מרינה,IL,נבטי אלפלפא יח,Unknown,0.00,יחידה,false,,5.90,0.0000,true,1,261179
7290014079540,false,"שום קלוף 1 ק""ג",מרינה,IL,"שום קלוף 1 ק""ג",פריט,1.00,"ק""ג",false,,29.90,29.9000,true,1,310959
7290014079847,false,פטריות צמד בייבי בלה,מרינה פטריות,IL,פטריות צמד בייבי בלה,Unknown,0.00,יחידה,false,,15.90,0.0000,true,1,290550
7290014083813,false,שפרוט מעושן בשמן מרי,Briavais Vilns,LV,שפרוט מעושן בשמן מרי,גרמים,190.00,100 גרם,false,,7.90,4.1579,true,1,260296
7290014092532,false,דלעת,מרינה,IL,דלעת,Unknown,0.00,יחידה,false,,7.90,0.0000,true,1,302948
7290014094260,false,שום קלוף מרינה 170 ג,מרינה,IL,שום קלוף מרינה 170 ג,גרמים,170.00,100 גרם,false,,9.90,5.8235,true,1,271635
7290014094505,false,אורז בסמטי אהרוני 1,,IN,אורז בסמטי אהרוני 1,פריט,1.00,"ק""ג",false,,9.90,9.9000,true,1,262587
7290014094543,false,תרסיס שמן קנולה שקדי,שקדיה,IL,תרסיס שמן קנולה שקדי,מיליליטרים,186.00,"100 מ""ל",false,,14.90,8.0108,true,1,296088
7290014094567,false,שמן זית כתית אהרוני,,ES,שמן זית כתית אהרוני,מיליליטרים,750.00,"100 מ""ל",false,,29.90,3.9867,true,1,262585
7290014094864,false,פיסטוק קלוי 170 גרם,דין שיווק,IL,פיסטוק קלוי 170 גרם,גרמים,170.00,100 גרם,false,,9.90,5.8235,true,1,261189
7290014095458,false,חטיף דגנים עם תפוז ו,,MK,חטיף דגנים עם תפוז ו,גרמים,125.00,100 גרם,false,,9.90,7.9200,true,1,258632
7290014095472,false,חטיף דגנים עם חמוציו,,MK,חטיף דגנים עם חמוציו,גרמים,125.00,100 גרם,false,,9.90,7.9200,true,1,258630
7290014095496,false,חטיף דגנים עם שקד אג,,MK,חטיף דגנים עם שקד אג,גרמים,125.00,100 גרם,false,,9.90,7.9200,true,1,258631
7290014095861,false,שיבולת שועל דקה שקדי,שקדיה,IL,שיבולת שועל דקה שקדי,גרמים,500.00,100 גרם,false,,4.90,0.9800,true,1,262611
7290014095946,false,פקאן בשוקולד מריר שק,שקדיה,IL,פקאן בשוקולד מריר שק,גרמים,140.00,100 גרם,false,,9.90,7.0714,true,1,263628
7290014095953,false,פקאן בציפוי שוקולד ח,שקדיה,IL,פקאן בציפוי שוקולד ח,גרמים,140.00,100 גרם,false,,9.90,7.0714,true,1,324933
7290014095960,false,שיבולת שועל עבה שקדי,שקדיה,IL,שיבולת שועל עבה שקדי,גרמים,500.00,100 גרם,false,,4.90,0.9800,true,1,262610
7290014218505,false,מארז פיצה מעדנות 3*3,מעדנות,IL,מארז פיצה מעדנות 3*3,פריט,1.08,"ק""ג",false,,29.90,27.6852,true,1,292325
7290014236936,false,שקיות אשפה 75*90 רזפ,,TR,שקיות אשפה 75*90 רזפ,Unknown,0.00,יחידה,false,,11.90,0.0000,true,1,324776
7290014256620,false,יין באז קריניאנו מבע,יקבי כרמל,IL,יין באז קריניאנו מבע,מיליליטרים,750.00,"100 מ""ל",false,,19.90,2.6533,true,1,270962
7290014256637,false,יין באז מוסקטו מבעבע,יקבי כרמל,IL,יין באז מוסקטו מבעבע,מיליליטרים,750.00,"100 מ""ל",false,,19.90,2.6533,true,1,270961
7290014258716,false,מטרנה צמחי 700 גרם,מטרנה,IL,מטרנה צמחי 700 גרם,גרמים,700.00,100 גרם,false,,47.90,6.8429,true,1,270677
7290014258723,false,מטרנה צמחי מגיל 0-12,מטרנה,IL,מטרנה צמחי מגיל 0-12,גרמים,700.00,100 גרם,false,,64.90,9.2714,true,1,270675
7290014308626,false,פלפל שחור גרוס פרג 1,,,פלפל שחור גרוס פרג 1,גרמים,100.00,100 גרם,false,,15.90,15.9000,true,1,271105
7290014309012,false,אגוז מוסקט טחון פרג,תבליני הדור השלישי,IL,אגוז מוסקט טחון פרג,גרמים,40.00,100 גרם,false,,16.90,42.2500,true,1,271280
7290014309128,false,תבלין קצח פרג 120 גר,תבליני הדור השלישי,IL,תבלין קצח פרג 120 גר,גרמים,120.00,100 גרם,false,,15.90,13.2500,true,1,299644
7290014325036,false,סוכריות גלי שמחות מי,מיה תעשיות מזון בעמ,IL,סוכריות גלי שמחות מי,גרמים,600.00,100 גרם,false,,18.50,3.0833,true,1,265334
7290014325043,false,פודינג בטעם וניל מיה,מיה תעשיות מזון בעמ,IL,פודינג בטעם וניל מיה,פריט,1.00,"ק""ג",false,,13.90,13.9000,true,1,267793
7290014325234,false,קוקוס מיה 800 גרם,מיה תעשיות מזון בעמ,IL,קוקוס מיה 800 גרם,גרמים,800.00,100 גרם,false,,19.90,2.4875,true,1,262942
7290014325241,false,שומשום מיה בשקית 800,מיה תעשיות מזון בעמ,IL,שומשום מיה בשקית 800,גרמים,800.00,100 גרם,false,,17.90,2.2375,true,1,262943
7290014325258,false,אורז פרסי אינדירה 1.,מיה תעשיות מזון בעמ,IL,אורז פרסי אינדירה 1.,פריט,1.40,"ק""ג",false,,7.90,5.6429,true,1,263002
7290014325326,false,חומוס גדול אינדירה 1,מיה תעשיות מזון בעמ,IL,חומוס גדול אינדירה 1,פריט,1.40,"ק""ג",false,,14.90,10.6429,true,1,264603
7290014325333,false,שעועית לבנה אינדירה,מיה תעשיות מזון בעמ,IL,שעועית לבנה אינדירה,פריט,1.40,"ק""ג",false,,14.90,10.6429,true,1,264604
7290014325357,false,"חיטה אינדירה 1.4 ק""ג",מיה תעשיות מזון בעמ,IL,"חיטה אינדירה 1.4 ק""ג",פריט,1.40,"ק""ג",false,,8.90,6.3571,true,1,264606
7290014325371,false,"אפונה אינדירה 1.4 ק""",מיה תעשיות מזון בעמ,IL,"אפונה אינדירה 1.4 ק""",פריט,1.40,"ק""ג",false,,9.90,7.0714,true,1,264608
7290014325395,false,עדשים אדומות אינדירה,מיה תעשיות מזון בעמ,IL,עדשים אדומות אינדירה,פריט,1.40,"ק""ג",false,,14.90,10.6429,true,1,264609
7290014325401,false,עדשים ירוקות אינדירה,מיה תעשיות מזון בעמ,IL,עדשים ירוקות אינדירה,פריט,1.40,"ק""ג",false,,14.90,10.6429,true,1,264610
7290014325418,false,חומוס ענק אינדירה 1.,מיה תעשיות מזון בעמ,IL,חומוס ענק אינדירה 1.,פריט,1.40,"ק""ג",false,,22.90,16.3571,true,1,264611
7290014325425,false,בורגול אינדירה 1.4 ק,מיה תעשיות מזון בעמ,IL,בורגול אינדירה 1.4 ק,פריט,1.40,"ק""ג",false,,8.90,6.3571,true,1,264612
7290014325432,false,"כוסמת אינדירה 1.4 ק""",מיה תעשיות מזון בעמ,IL,"כוסמת אינדירה 1.4 ק""",פריט,1.40,"ק""ג",false,,11.90,8.5000,true,1,264613
7290014325548,false,"חמאת בוטנים מיה 1 ק""",מיה תעשיות מזון בעמ,IL,"חמאת בוטנים מיה 1 ק""",פריט,1.00,"ק""ג",false,,19.90,19.9000,true,1,266604
7290014325562,false,פופקורן אינדירה 1.4,מיה תעשיות מזון בעמ,IL,פופקורן אינדירה 1.4,פריט,1.40,"ק""ג",false,,12.90,9.2143,true,1,265527
7290014355712,false,סטייק אנטריקוט גלאט,מ ב גלאט עוף למהדרין,IL,סטייק אנטריקוט גלאט,גרמים,500.00,100 גרם,false,,64.90,12.9800,true,1,316484
7290014355729,false,נקניקיות קנקרס גלאט,מ ב גלאט עוף למהדרין,IL,נקניקיות קנקרס גלאט,גרמים,375.00,100 גרם,false,,27.90,7.4400,true,1,316935
7290014355736,false,נקניקיות קראנץ גלאט,מ ב גלאט עוף למהדרין,IL,נקניקיות קראנץ גלאט,גרמים,375.00,100 גרם,false,,17.90,4.7733,true,1,316936
7290014355743,false,פסטרמה הודו חרדל ודב,מ ב גלאט עוף למהדרין,IL,פסטרמה הודו חרדל ודב,גרמים,180.00,100 גרם,false,,19.90,11.0556,true,1,317417
7290014355750,false,פסטרמה הודו פילדלפיה,מ ב גלאט עוף למהדרין,IL,פסטרמה הודו פילדלפיה,גרמים,180.00,100 גרם,false,,19.90,11.0556,true,1,317418
7290014355767,false,פסטרמה קורנביף ג.עוף,מ ב גלאט עוף למהדרין,IL,פסטרמה קורנביף ג.עוף,גרמים,180.00,100 גרם,false,,27.90,15.5000,true,1,317419
7290014355798,false,נקניקיות צ'וריסוס גל,מ ב גלאט עוף למהדרין,IL,נקניקיות צ'וריסוס גל,גרמים,375.00,100 גרם,false,,27.90,7.4400,true,1,316938
7290014397279,false,שקיות מזון גדולות סנ,אשפלסט,IL,שקיות מזון גדולות סנ,Unknown,0.00,יחידה,false,,8.90,0.0000,true,1,261151
7290014397453,false,גל אוקסיגן כביסה לבנ,סנו,IL,גל אוקסיגן כביסה לבנ,קילוגרמים,3.00,ליטר,false,,27.90,9.3000,true,1,261746
7290014397491,false,מבשם סנופרש הום וניל,סנו,IL,מבשם סנופרש הום וניל,מיליליטרים,350.00,"100 מ""ל",false,,9.90,2.8286,true,1,260332
7290014397507,false,מבשם סנופרש הום יסמי,סנו,IL,מבשם סנופרש הום יסמי,מיליליטרים,350.00,"100 מ""ל",false,,9.90,2.8286,true,1,260329
7290014397514,false,מבשם סנופרש הום כותנ,סנו,IL,מבשם סנופרש הום כותנ,מיליליטרים,350.00,"100 מ""ל",false,,9.90,2.8286,true,1,260328
7290014397521,false,מבשם סנופרש הום לבנד,סנו,IL,מבשם סנופרש הום לבנד,מיליליטרים,350.00,"100 מ""ל",false,,9.90,2.8286,true,1,260331
7290014397538,false,מבשם סנופרש הום בוקר,סנו,IL,מבשם סנופרש הום בוקר,מיליליטרים,350.00,"100 מ""ל",false,,9.90,2.8286,true,1,260330
7290014397675,false,מרכך מקסימה חלב ודבש,סנו,IL,מרכך מקסימה חלב ודבש,קילוגרמים,4.00,ליטר,false,,19.90,4.9750,true,1,261747
7290014397699,false,פוליויקס גרניט פורצל,סנו,IL,פוליויקס גרניט פורצל,קילוגרמים,3.00,ליטר,false,,19.90,6.6333,true,1,263036
7290014397767,false,ריצפז פרש הום כותנה,סנו,IL,ריצפז פרש הום כותנה,קילוגרמים,2.00,ליטר,false,,19.70,9.8500,true,1,263355
7290014397842,false,מכשיר סנומט + מילוי,סנו,IL,מכשיר סנומט + מילוי,Unknown,0.00,יחידה,false,,39.90,0.0000,true,1,272379
7290014397873,false,מרכך מקסימה ג'נטל 4,סנו,IL,מרכך מקסימה ג'נטל 4,קילוגרמים,4.00,ליטר,false,,19.90,4.9750,true,1,309430
7290014434790,false,מאגדת סוכריות קטנטנו,סוויט טיים פודסטופ ב,,מאגדת סוכריות קטנטנו,גרמים,160.00,100 גרם,false,,9.90,6.1875,true,1,287627
7290014435803,false,מטיאס הולנדי פרובנצי,סלטי שמיר 2006 בעמ,IL,מטיאס הולנדי פרובנצי,גרמים,200.00,100 גרם,false,,16.90,8.4500,true,1,267775
7290014435810,false,הרינג כבוש שמיר 220,סלטי שמיר 2006 בעמ,IL,הרינג כבוש שמיר 220,גרמים,220.00,100 גרם,false,,16.90,7.6818,true,1,267777
7290014435834,false,מקרל מעושן שמיר 180,סלטי שמיר 2006 בעמ,IL,מקרל מעושן שמיר 180,גרמים,180.00,100 גרם,false,,21.90,12.1667,true,1,267774
7290014435841,false,פילה מטיאס שמיר 200,סלטי שמיר 2006 בעמ,IL,פילה מטיאס שמיר 200,גרמים,200.00,100 גרם,false,,16.90,8.4500,true,1,267776
7290014435872,false,סלט הרינג שמיר 200 ג,סלטי שמיר 2006 בעמ,IL,סלט הרינג שמיר 200 ג,גרמים,200.00,100 גרם,false,,16.90,8.4500,true,1,267781
7290014435889,false,סלט מטיאס שמיר 200 ג,סלטי שמיר 2006 בעמ,IL,סלט מטיאס שמיר 200 ג,גרמים,200.00,100 גרם,false,,16.90,8.4500,true,1,267782
7290014435896,false,סלט סלמון שמיר 200,סלטי שמיר 2006 בעמ,IL,סלט סלמון שמיר 200,גרמים,200.00,100 גרם,false,,16.90,8.4500,true,1,267780
7290014455245,false,גבינה גרנה פדנו גד 2,מחלבות גד,IL,גבינה גרנה פדנו גד 2,גרמים,200.00,100 גרם,false,,17.90,8.9500,true,1,289253
7290014455320,false,גבינת מוצרלה פרסקה 1,מחלבות גד,IL,גבינת מוצרלה פרסקה 1,גרמים,100.00,100 גרם,false,,7.90,7.9000,true,1,301198
7290014459939,false,צ'יפס אמריקאי טוגן 1,אסם,IL,צ'יפס אמריקאי טוגן 1,פריט,1.70,"ק""ג",false,,19.90,11.7059,true,1,308929
7290014459953,false,צ'יפס זיגזג טוגן 1.7,אסם,IL,צ'יפס זיגזג טוגן 1.7,פריט,1.70,"ק""ג",false,,19.90,11.7059,true,1,309494
7290014471412,false,מוזלי בוטנים אגוזים,דין שיווק,IL,מוזלי בוטנים אגוזים,פריט,1.00,"ק""ג",false,,19.90,19.9000,true,1,263277
7290014471436,false,מוזלי צימוקים תפוח ק,דין שיווק,IL,מוזלי צימוקים תפוח ק,פריט,1.00,"ק""ג",false,,19.90,19.9000,true,1,263279
7290014471443,false,גרנולה אגוזים שקדיה,דין שיווק,IL,גרנולה אגוזים שקדיה,פריט,1.00,"ק""ג",false,,19.90,19.9000,true,1,263280
7290014472426,false,קונפיטורה דובדבן 70%,שקדיה,IL,קונפיטורה דובדבן 70%,גרמים,450.00,100 גרם,false,,11.90,2.6444,true,1,296955
7290014472433,false,קונפיטורה תות שדה 70,שקדיה,IL,קונפיטורה תות שדה 70,גרמים,450.00,100 גרם,false,,11.90,2.6444,true,1,296956
7290014472440,false,קונפיטורה תפוז 70% פ,שקדיה,IL,קונפיטורה תפוז 70% פ,גרמים,450.00,100 גרם,false,,11.90,2.6444,true,1,296957
7290014472464,false,קונפיטורה משמש 70% פ,שקדיה,IL,קונפיטורה משמש 70% פ,גרמים,450.00,100 גרם,false,,11.90,2.6444,true,1,296959
7290014472990,false,ממרח שקדים שקדיה 300,דין שיווק,IL,ממרח שקדים שקדיה 300,גרמים,300.00,100 גרם,false,,24.90,8.3000,true,1,296953
7290014555013,false,נוזל רצפות מגיק מאסק,סאסאטק,IL,נוזל רצפות מגיק מאסק,קילוגרמים,4.00,ליטר,false,,9.90,2.4750,true,1,268344
7290014555082,false,מים מזוקקים מקסול 4,סאסאטק,IL,מים מזוקקים מקסול 4,קילוגרמים,4.00,ליטר,false,,9.90,2.4750,true,1,259373
7290014555686,false,שמפו נובו לשיער רגיל,סאסאטק,IL,שמפו נובו לשיער רגיל,מיליליטרים,700.00,"100 מ""ל",false,,5.90,0.8429,true,1,271123
7290014555693,false,שמפו נובו לשיער יבש/,סאסאטק,IL,שמפו נובו לשיער יבש/,מיליליטרים,700.00,"100 מ""ל",false,,5.90,0.8429,true,1,271124
7290014555709,false,שמפו ומרכך נובו 700,סאסאטק,IL,שמפו ומרכך נובו 700,מיליליטרים,700.00,"100 מ""ל",false,,5.90,0.8429,true,1,272148
7290014555716,false,מרכך נובו לכל סוגי ה,סאסאטק,IL,מרכך נובו לכל סוגי ה,מיליליטרים,700.00,"100 מ""ל",false,,5.90,0.8429,true,1,271125
7290014555723,false,תחליב נובו אקזוטי 70,סאסאטק,IL,תחליב נובו אקזוטי 70,מיליליטרים,700.00,"100 מ""ל",false,,5.90,0.8429,true,1,271126
7290014555730,false,תחליב נובו דבש 700 מ,סאסאטק,IL,תחליב נובו דבש 700 מ,מיליליטרים,700.00,"100 מ""ל",false,,5.90,0.8429,true,1,271127
7290014555747,false,תחליב נובו הרבל 700,סאסאטק,IL,תחליב נובו הרבל 700,מיליליטרים,700.00,"100 מ""ל",false,,5.90,0.8429,true,1,271128
7290014555754,false,תחליב נובו בלוסום 70,סאסאטק,IL,תחליב נובו בלוסום 70,מיליליטרים,700.00,"100 מ""ל",false,,5.90,0.8429,true,1,271129
7290014555778,false,גל רחצה נובו לגבר בל,סאסאטק,IL,גל רחצה נובו לגבר בל,מיליליטרים,700.00,"100 מ""ל",false,,5.90,0.8429,true,1,271130
7290014555785,false,גל רחצה נובו לגבר וו,סאסאטק,IL,גל רחצה נובו לגבר וו,מיליליטרים,700.00,"100 מ""ל",false,,5.90,0.8429,true,1,271131
7290014562370,false,פריכוני כוסמת ב.ד 50,בטר אנד דיפרנט,IL,פריכוני כוסמת ב.ד 50,גרמים,50.00,100 גרם,false,,3.90,7.8000,true,1,267173
7290014562585,false,דייסת וניל ב.ד 200 ג,בטר אנד דיפרנט,IL,דייסת וניל ב.ד 200 ג,גרמים,200.00,100 גרם,false,,8.80,4.4000,true,1,288876
7290014562998,false,דייסת קטניות מעורבות,בטר אנד דיפרנט,IL,דייסת קטניות מעורבות,גרמים,200.00,100 גרם,false,,8.80,4.4000,true,1,290627
7290014581036,false,"פחם דליק 2 ק""ג",,,"פחם דליק 2 ק""ג",פריט,2.00,"ק""ג",false,,10.90,5.4500,true,1,270283
7290014581340,false,"פחם עץ הדרים 9 ק""ג",,,"פחם עץ הדרים 9 ק""ג",פריט,9.00,"ק""ג",false,,49.90,5.5444,true,1,270284
7290014593084,false,יין אהרונוף הריטאג',יקב אהרונוף,IL,יין אהרונוף הריטאג',מיליליטרים,750.00,"100 מ""ל",false,,189.90,25.3200,true,1,322880
7290014593138,false,יין אהרונוף סינגל וי,יקב אהרונוף,IL,יין אהרונוף סינגל וי,מיליליטרים,750.00,"100 מ""ל",false,,119.90,15.9867,true,1,322876
7290014593152,false,יין אהרונוף הריטאג',יקב אהרונוף,IL,יין אהרונוף הריטאג',מיליליטרים,750.00,"100 מ""ל",false,,189.90,25.3200,true,1,322879
7290014692299,false,גבינה ברי 25% יורו 1,אלפנהון,DE,גבינה ברי 25% יורו 1,גרמים,125.00,100 גרם,false,,14.90,11.9200,true,1,271603
7290014692305,false,גבינה קממבר 25% יורו,אלפנהון,DE,גבינה קממבר 25% יורו,גרמים,125.00,100 גרם,false,,14.90,11.9200,true,1,271604
7290014738935,false,יין בראשית מרלו 202,יקב בראשית,IL,יין בראשית מרלו 202,מיליליטרים,750.00,"100 מ""ל",false,,69.90,9.3200,true,1,321628
7290014738980,false,יין בראשית קברנה 202,יקב בראשית,IL,יין בראשית קברנה 202,מיליליטרים,750.00,"100 מ""ל",false,,69.90,9.3200,true,1,321629
7290014749245,false,רצועות שניצל שומשום,עוף טוב,IL,רצועות שניצל שומשום,גרמים,600.00,100 גרם,false,,26.90,4.4833,true,1,311973
7290014749764,false,שניצל עוף ביתי מעודן,עוף טוב,IL,שניצל עוף ביתי מעודן,גרמים,700.00,100 גרם,false,,26.90,3.8429,true,1,311521
7290014749788,false,רצועות שניצל צ'יפס צ,עוף טוב,IL,רצועות שניצל צ'יפס צ,גרמים,600.00,100 גרם,false,,26.90,4.4833,true,1,311974
7290014749887,false,שניצל דק ענק קריספי,עוף טוב,IL,שניצל דק ענק קריספי,גרמים,700.00,100 גרם,false,,27.90,3.9857,true,1,317627
7290014758162,false,חלב עיזים תנובה 1 לי,תנובה מרכז שיתופי לש,IL,חלב עיזים תנובה 1 לי,קילוגרמים,1.00,ליטר,false,,13.90,13.9000,true,1,264570
7290014758681,false,קוטג 1% תנובה 250 גר,תנובה מרכז שיתופי לש,IL,קוטג 1% תנובה 250 גר,גרמים,250.00,100 גרם,false,,5.40,2.1600,true,1,261048
7290014759084,false,גבינת שמנת טבעי 16%,תנובה מרכז שיתופי לש,IL,גבינת שמנת טבעי 16%,גרמים,225.00,100 גרם,false,,11.90,5.2889,true,1,266230
7290014759701,false,מארז יופלה וניל 8*15,עדן קינוחים בעמ,IL,מארז יופלה וניל 8*15,פריט,1.20,"ק""ג",false,,19.90,16.5833,true,1,264639
7290014760141,false,משקה שקדים אלטרנטיב,סוי מגיק,IL,משקה שקדים אלטרנטיב,קילוגרמים,1.00,ליטר,false,,11.50,11.5000,true,1,287915
7290014760912,false,גבינה גוש חלב 400 גר,תנובה מרכז שיתופי לש,IL,גבינה גוש חלב 400 גר,גרמים,400.00,100 גרם,false,,24.90,6.2250,true,1,268377
7290014761018,false,גיל בטעם וניל תנובה,תנובה מרכז שיתופי לש,IL,גיל בטעם וניל תנובה,גרמים,125.00,100 גרם,false,,1.20,0.9600,true,1,268597
7290014761056,false,יולו שוקולד חלב 123,תנובה מרכז שיתופי לש,IL,יולו שוקולד חלב 123,גרמים,123.00,100 גרם,false,,3.90,3.1707,true,1,270772
7290014761070,false,יולו שוקולד לבן 123,תנובה מרכז שיתופי לש,IL,יולו שוקולד לבן 123,גרמים,123.00,100 גרם,false,,3.90,3.1707,true,1,270773
7290014761193,false,פרילי פירות יער 125,תנובה מרכז שיתופי לש,IL,פרילי פירות יער 125,מיליליטרים,125.00,"100 מ""ל",false,,2.90,2.3200,true,1,271321
7290014761254,false,מארז יוגורט ביו תנוב,תנובה מרכז שיתופי לש,IL,מארז יוגורט ביו תנוב,קילוגרמים,1.20,ליטר,false,,14.90,12.4167,true,1,269903
7290014761414,false,יולו שוקולד לבן וחלב,תנובה מרכז שיתופי לש,IL,יולו שוקולד לבן וחלב,גרמים,123.00,100 גרם,false,,3.90,3.1707,true,1,270698
7290014761438,false,גבינה בולגרית 24% פי,תנובה מרכז שיתופי לש,IL,גבינה בולגרית 24% פי,גרמים,400.00,100 גרם,false,,24.90,6.2250,true,1,270181
7290014761612,false,יולו שכבות שוקולד לב,תנובה מרכז שיתופי לש,IL,יולו שכבות שוקולד לב,גרמים,122.00,100 גרם,false,,3.90,3.1967,true,1,287546
7290014761698,false,גבינה עמק 28% 600 גר,תנובה מרכז שיתופי לש,IL,גבינה עמק 28% 600 גר,גרמים,600.00,100 גרם,false,,26.90,4.4833,true,1,294648
7290014762800,false,מעדן סויה שוקולד אלט,תנובה מרכז שיתופי לש,IL,מעדן סויה שוקולד אלט,גרמים,125.00,100 גרם,false,,3.90,3.1200,true,1,298241
7290014762831,false,גבינת שמנת פלפל חלפי,תנובה מרכז שיתופי לש,IL,גבינת שמנת פלפל חלפי,גרמים,225.00,100 גרם,false,,11.90,5.2889,true,1,291735
7290014763418,false,משקה יוגורט 4% תנובה,תנובה מרכז שיתופי לש,IL,משקה יוגורט 4% תנובה,קילוגרמים,1.50,ליטר,false,,15.90,10.6000,true,1,293525
7290014855595,false,מגבוני טואלט סופטי 6,D.P.L,IL,מגבוני טואלט סופטי 6,Unknown,0.00,יחידה,false,,19.90,0.0000,true,1,272197
7290014860070,false,מקלוני אורז מזרח ומע,ניינטי נודל קו,TH,מקלוני אורז מזרח ומע,גרמים,454.00,100 גרם,false,,10.50,2.3128,true,1,310191
7290014860094,false,מקלוני אורז ללא גלו,ניינטי נודל קו,TH,מקלוני אורז ללא גלו,גרמים,454.00,100 גרם,false,,9.90,2.1806,true,1,325172
7290014860155,false,מחצלת במבו שטוחה 24/,גולין פנגזו,CN,מחצלת במבו שטוחה 24/,Unknown,0.00,יחידה,false,,7.90,0.0000,true,1,311439
7290014860247,false,שבבי אורז ללא גלוטן,ליאן תאי רייס,TH,שבבי אורז ללא גלוטן,מיליליטרים,227.00,"100 מ""ל",false,,8.50,3.7445,true,1,325173
7290014867253,false,אגוז מלך טחון דרומה,דרומה י.א.ט בעמ,IL,אגוז מלך טחון דרומה,גרמים,400.00,100 גרם,false,,27.90,6.9750,true,1,305318
7290014867321,false,שקד טחון דרומה 400 ג,דרומה י.א.ט בעמ,IL,שקד טחון דרומה 400 ג,גרמים,400.00,100 גרם,false,,27.90,6.9750,true,1,312369
7290014867338,false,שקד מולבן טחון דרומה,דרומה י.א.ט בעמ,IL,שקד מולבן טחון דרומה,גרמים,400.00,100 גרם,false,,29.90,7.4750,true,1,313432
7290014867345,false,שקד מולבן פרוס 400 ג,דרומה י.א.ט בעמ,IL,שקד מולבן פרוס 400 ג,גרמים,400.00,100 גרם,false,,27.90,6.9750,true,1,316319
7290014867369,false,שקד מולבן שבבים 400,דרומה י.א.ט בעמ,IL,שקד מולבן שבבים 400,גרמים,400.00,100 גרם,false,,27.90,6.9750,true,1,316318
7290014867383,false,מיץ חמוציות ענבים ות,קדם,US,מיץ חמוציות ענבים ות,קילוגרמים,1.89,ליטר,false,,15.20,8.0423,true,1,316365
7290014940901,false,לחם פשוט מלא אנגל 75,מאפית אנגל,IL,לחם פשוט מלא אנגל 75,גרמים,750.00,100 גרם,false,,13.90,1.8533,true,1,303455
7290014973060,false,סלמון מעושן הרמס 100,"הרמס דגים בע""מ",IL,סלמון מעושן הרמס 100,גרמים,100.00,100 גרם,false,,16.90,16.9000,true,1,310129
7290014973190,false,נילוס מעושן פרוס הרמ,"הרמס דגים בע""מ",IL,נילוס מעושן פרוס הרמ,גרמים,200.00,100 גרם,false,,29.90,14.9500,true,1,310885
7290014973305,false,פילה הרינג לבן הרמס,"הרמס דגים בע""מ",IL,פילה הרינג לבן הרמס,גרמים,200.00,100 גרם,false,,16.90,8.4500,true,1,309316
7290014973329,false,פילה הרינג אדום הרמס,"הרמס דגים בע""מ",IL,פילה הרינג אדום הרמס,גרמים,200.00,100 גרם,false,,16.90,8.4500,true,1,309318
7290014973336,false,פילה הרינג כבוש הרמס,"הרמס דגים בע""מ",IL,פילה הרינג כבוש הרמס,גרמים,200.00,100 גרם,false,,16.90,8.4500,true,1,309319
7290014973374,false,פילה מקרל בשמן הרמס,"הרמס דגים בע""מ",IL,פילה מקרל בשמן הרמס,גרמים,200.00,100 גרם,false,,16.90,8.4500,true,1,309320
7290014973381,false,ממרח סלמון הרמס 200,"הרמס דגים בע""מ",IL,ממרח סלמון הרמס 200,גרמים,200.00,100 גרם,false,,19.90,9.9500,true,1,310675
7290014973480,false,טונה מעושן קר פרוס ה,"הרמס דגים בע""מ",IL,טונה מעושן קר פרוס ה,גרמים,200.00,100 גרם,false,,29.90,14.9500,true,1,310886
7290014973527,false,ממרח מקרל הרמס 200 ג,"הרמס דגים בע""מ",IL,ממרח מקרל הרמס 200 ג,גרמים,200.00,100 גרם,false,,19.90,9.9500,true,1,315681
7290014973626,false,מקרל מעושן הרמס 400,"הרמס דגים בע""מ",IL,מקרל מעושן הרמס 400,גרמים,400.00,100 גרם,false,,34.90,8.7250,true,1,316240
7290014973640,false,פילה הרינג לבן הרמס,"הרמס דגים בע""מ",IL,פילה הרינג לבן הרמס,גרמים,200.00,100 גרם,false,,9.90,4.9500,true,1,316242
7290014973657,false,פילה הרינג אדום הרמס,"הרמס דגים בע""מ",IL,פילה הרינג אדום הרמס,גרמים,200.00,100 גרם,false,,9.90,4.9500,true,1,316243
7290014973664,false,איקרה אדומה הרמס 250,"הרמס דגים בע""מ",IL,איקרה אדומה הרמס 250,גרמים,250.00,100 גרם,false,,12.90,5.1600,true,1,316864
7290014973671,false,איקרה לבנה הרמס 250,"הרמס דגים בע""מ",IL,איקרה לבנה הרמס 250,גרמים,250.00,100 גרם,false,,12.90,5.1600,true,1,316865
7290015025829,false,שקיות אחסון בינוניות,אס סי גונסון ראסין,US,שקיות אחסון בינוניות,Unknown,0.00,יחידה,false,,19.90,0.0000,true,1,323715
7290015025836,false,שקיות הקפאה גדולות ז,אס סי גונסון ראסין,US,שקיות הקפאה גדולות ז,Unknown,0.00,יחידה,false,,19.90,0.0000,true,1,323716
7290015025843,false,שקיות סנדוויץ קטנות,תאי גריפיטס,TH,שקיות סנדוויץ קטנות,Unknown,0.00,יחידה,false,,24.90,0.0000,true,1,323717
7290015037167,false,"סלט קולסלאו 1 ק""ג",יעל ירק עלים,IL,"סלט קולסלאו 1 ק""ג",פריט,1.00,"ק""ג",false,,19.90,19.9000,true,1,299496
7290015037488,false,פטרוזיליה מהדרין,יעל ירק עלים,IL,פטרוזיליה מהדרין,Unknown,0.00,יחידה,false,,6.90,0.0000,true,1,299485
7290015037495,false,כוסברה מהדרין,יעל ירק עלים,IL,כוסברה מהדרין,Unknown,0.00,יחידה,false,,6.90,0.0000,true,1,299486
7290015037501,false,שמיר מהדרין,יעל ירק עלים,IL,שמיר מהדרין,Unknown,0.00,יחידה,false,,6.90,0.0000,true,1,299487
7290015037549,false,חסה ערבית גלאט,יעל ירק עלים,IL,חסה ערבית גלאט,Unknown,0.00,יחידה,false,,7.90,0.0000,true,1,299484
7290015039253,false,עלי גפן ויליפוד 620,קורהאן,TR,עלי גפן ויליפוד 620,גרמים,620.00,100 גרם,false,,8.90,1.4355,true,1,268352
7290015057110,false,מקלות חמוצים בטעם תו,אלבן מזון תעשיות ומס,TR,מקלות חמוצים בטעם תו,גרמים,20.00,100 גרם,false,,1.50,7.5000,true,1,307813
7290015057127,false,מקלות חמוצים בטעם קו,אלבן מזון תעשיות ומס,TR,מקלות חמוצים בטעם קו,גרמים,20.00,100 גרם,false,,1.50,7.5000,true,1,307814
7290015057134,false,מקלות חמוצים בטעם פט,אלבן מזון תעשיות ומס,TR,מקלות חמוצים בטעם פט,גרמים,20.00,100 גרם,false,,1.50,7.5000,true,1,307815
7290015139052,false,מרשמלו טוויסטר 500 ג,כרמית,IL,מרשמלו טוויסטר 500 ג,גרמים,500.00,100 גרם,false,,13.90,2.7800,true,1,267124
7290015139465,false,אגו מיקס בייגלה שוקו,כרמית,IL,אגו מיקס בייגלה שוקו,גרמים,55.00,100 גרם,false,,3.90,7.0909,true,1,289649
7290015139519,false,אגו מיקס קוביות ופל,כרמית,IL,אגו מיקס קוביות ופל,גרמים,55.00,100 גרם,false,,3.90,7.0909,true,1,289650
7290015139526,false,אצבעות וופל שוקולד ל,כרמית,IL,אצבעות וופל שוקולד ל,גרמים,125.00,100 גרם,false,,6.90,5.5200,true,1,290512
7290015139571,false,וופל מצופה שוקולד ל.,כרמית,IL,וופל מצופה שוקולד ל.,גרמים,125.00,100 גרם,false,,9.90,7.9200,true,1,290511
7290015150361,false,תה ירוק נענע סטיביה,ויסוצקי,IL,תה ירוק נענע סטיביה,גרמים,38.00,100 גרם,false,,21.90,57.6316,true,1,287898
7290015164832,false,מחית קארי ירוקה מזרח,טאפאדונגפורן קוקינט,TH,מחית קארי ירוקה מזרח,גרמים,400.00,100 גרם,false,,19.50,4.8750,true,1,310207
7290015164856,false,מחית קארי אדומה מזרח,טאפאדונגפורן קוקינט,TH,מחית קארי אדומה מזרח,גרמים,400.00,100 גרם,false,,19.50,4.8750,true,1,310208
7290015251174,false,אל סבון נובו פרש ירו,סאסאטק,IL,אל סבון נובו פרש ירו,קילוגרמים,1.50,ליטר,false,,9.90,6.6000,true,1,268346
7290015251181,false,אל סבון נובו אנרגי כ,סאסאטק,IL,אל סבון נובו אנרגי כ,קילוגרמים,1.50,ליטר,false,,9.90,6.6000,true,1,268347
7290015251198,false,אל סבון נובו רילקס ס,סאסאטק,IL,אל סבון נובו רילקס ס,קילוגרמים,1.50,ליטר,false,,9.90,6.6000,true,1,268345
7290015251204,false,אל סבון נובו פלוראל,סאסאטק,IL,אל סבון נובו פלוראל,קילוגרמים,1.50,ליטר,false,,9.90,6.6000,true,1,268348
7290015258296,false,יין מצודה אחירם קברנ,יקב המצודה,IL,יין מצודה אחירם קברנ,מיליליטרים,750.00,"100 מ""ל",false,,159.90,21.3200,true,1,318773
7290015282581,false,חומוס עם חריף שמיר ג,סלטי שמיר 2006 בעמ,IL,חומוס עם חריף שמיר ג,גרמים,200.00,100 גרם,false,,10.90,5.4500,true,1,269317
7290015282598,false,חומוס מסעדות שמיר גו,סלטי שמיר 2006 בעמ,IL,חומוס מסעדות שמיר גו,גרמים,200.00,100 גרם,false,,10.90,5.4500,true,1,269318
7290015282604,false,טחינה מיוחדת שמיר בי,סלטי שמיר 2006 בעמ,IL,טחינה מיוחדת שמיר בי,גרמים,200.00,100 גרם,false,,10.90,5.4500,true,1,269319
7290015282628,false,חציל בטעם כבד שמיר ג,סלטי שמיר 2006 בעמ,IL,חציל בטעם כבד שמיר ג,גרמים,200.00,100 גרם,false,,10.90,5.4500,true,1,269321
7290015282635,false,חומוס מסבחה שמיר גור,סלטי שמיר 2006 בעמ,IL,חומוס מסבחה שמיר גור,גרמים,200.00,100 גרם,false,,10.90,5.4500,true,1,269322
7290015282642,false,חומוס אבו גוש שמיר ג,סלטי שמיר 2006 בעמ,IL,חומוס אבו גוש שמיר ג,גרמים,200.00,100 גרם,false,,10.90,5.4500,true,1,269323
7290015282673,false,חציל במיונז שמיר גור,סלטי שמיר 2006 בעמ,IL,חציל במיונז שמיר גור,גרמים,200.00,100 גרם,false,,10.90,5.4500,true,1,269327
7290015282680,false,קישואים בטעם כבד שמי,סלטי שמיר 2006 בעמ,IL,קישואים בטעם כבד שמי,גרמים,200.00,100 גרם,false,,10.90,5.4500,true,1,269328
7290015282697,false,כרוב אדום שמיר גורמה,סלטי שמיר 2006 בעמ,IL,כרוב אדום שמיר גורמה,גרמים,200.00,100 גרם,false,,10.90,5.4500,true,1,269329
7290015282710,false,קוביות סלק שמיר גורמ,סלטי שמיר 2006 בעמ,IL,קוביות סלק שמיר גורמ,גרמים,200.00,100 גרם,false,,10.90,5.4500,true,1,269331
7290015282727,false,גזר מרוקאי שמיר גורמ,סלטי שמיר 2006 בעמ,IL,גזר מרוקאי שמיר גורמ,גרמים,200.00,100 גרם,false,,10.90,5.4500,true,1,269332
7290015282734,false,מטבוחה שמיר גורמה 20,סלטי שמיר 2006 בעמ,IL,מטבוחה שמיר גורמה 20,גרמים,200.00,100 גרם,false,,10.90,5.4500,true,1,269333
7290015282741,false,חציל תאילנדי שמיר גו,סלטי שמיר 2006 בעמ,IL,חציל תאילנדי שמיר גו,גרמים,200.00,100 גרם,false,,10.90,5.4500,true,1,269334
7290015321167,false,פפריקה מתוקה בשמן פר,תבליני הדור השלישי,IL,פפריקה מתוקה בשמן פר,גרמים,250.00,100 גרם,false,,19.90,7.9600,true,1,271998
7290015321174,false,פפריקה מתוקה פרג 300,תבליני הדור השלישי,IL,פפריקה מתוקה פרג 300,גרמים,300.00,100 גרם,false,,19.90,6.6333,true,1,271709
7290015321181,false,פפריקה חריפה בשמן פר,תבליני הדור השלישי,IL,פפריקה חריפה בשמן פר,גרמים,250.00,100 גרם,false,,21.90,8.7600,true,1,271711
7290015321198,false,פפריקה חריפה פרג 300,תבליני הדור השלישי,IL,פפריקה חריפה פרג 300,גרמים,300.00,100 גרם,false,,21.90,7.3000,true,1,271712
7290015321204,false,כורכום פרג 320 גרם,תבליני הדור השלישי,IL,כורכום פרג 320 גרם,גרמים,320.00,100 גרם,false,,19.90,6.2187,true,1,271707
7290015321211,false,כמון פרג 250 גרם,תבליני הדור השלישי,IL,כמון פרג 250 גרם,גרמים,250.00,100 גרם,false,,21.90,8.7600,true,1,271706
7290015321235,false,מקלות קינמון פרג 150,תבליני הדור השלישי,IL,מקלות קינמון פרג 150,גרמים,150.00,100 גרם,false,,21.90,14.6000,true,1,272000
7290015321242,false,קינמון טחון פרג 250,תבליני הדור השלישי,IL,קינמון טחון פרג 250,גרמים,250.00,100 גרם,false,,19.90,7.9600,true,1,272001
7290015321280,false,צילי פרג 230 גרם,תבליני הדור השלישי,IL,צילי פרג 230 גרם,גרמים,230.00,100 גרם,false,,21.90,9.5217,true,1,272005
7290015321297,false,גריל עוף פרג 250 גרם,תבליני הדור השלישי,IL,גריל עוף פרג 250 גרם,גרמים,250.00,100 גרם,false,,19.90,7.9600,true,1,272006
7290015321303,false,תבלין לסטיק פרג 250,תבליני הדור השלישי,IL,תבלין לסטיק פרג 250,גרמים,250.00,100 גרם,false,,21.90,8.7600,true,1,271710
7290015321310,false,תבלין לשווארמה פרג 2,תבליני הדור השלישי,IL,תבלין לשווארמה פרג 2,גרמים,250.00,100 גרם,false,,19.90,7.9600,true,1,272007
7290015321327,false,תבלין לדגים פרג 250,תבליני הדור השלישי,IL,תבלין לדגים פרג 250,גרמים,250.00,100 גרם,false,,21.90,8.7600,true,1,271708
7290015321334,false,קארי פרג 250 גרם,תבליני הדור השלישי,IL,קארי פרג 250 גרם,גרמים,250.00,100 גרם,false,,21.90,8.7600,true,1,272008
7290015321341,false,חוואיג למרק פרג 250,תבליני הדור השלישי,IL,חוואיג למרק פרג 250,גרמים,250.00,100 גרם,false,,21.90,8.7600,true,1,272009
7290015321358,false,חוואיג לקפה פרג 200,תבליני הדור השלישי,IL,חוואיג לקפה פרג 200,גרמים,200.00,100 גרם,false,,21.90,10.9500,true,1,272010
7290015321365,false,זעתר פרג 240 גרם,תבליני הדור השלישי,IL,זעתר פרג 240 גרם,גרמים,240.00,100 גרם,false,,21.90,9.1250,true,1,272011
7290015321372,false,קיטגון פרג 250 גרם,תבליני הדור השלישי,IL,קיטגון פרג 250 גרם,גרמים,250.00,100 גרם,false,,21.90,8.7600,true,1,272012
7290015321389,false,פטרוזיליה פרג 80 גרם,תבליני הדור השלישי,IL,פטרוזיליה פרג 80 גרם,גרמים,80.00,100 גרם,false,,19.90,24.8750,true,1,272013
7290015321396,false,בזיליקום פרג 80 גרם,תבליני הדור השלישי,IL,בזיליקום פרג 80 גרם,גרמים,80.00,100 גרם,false,,21.90,27.3750,true,1,272014
7290015321402,false,כוסברה פרג 60 גרם,תבליני הדור השלישי,IL,כוסברה פרג 60 גרם,גרמים,60.00,100 גרם,false,,19.90,33.1667,true,1,271989
7290015321419,false,שמיר פרג 80 גרם,תבליני הדור השלישי,IL,שמיר פרג 80 גרם,גרמים,80.00,100 גרם,false,,21.90,27.3750,true,1,271988
7290015321426,false,אורגנו פרג 120 גרם,תבליני הדור השלישי,IL,אורגנו פרג 120 גרם,גרמים,120.00,100 גרם,false,,19.90,16.5833,true,1,272018
7290015321433,false,רוזמרין פרג 80 גרם,תבליני הדור השלישי,IL,רוזמרין פרג 80 גרם,גרמים,300.00,100 גרם,false,,21.90,7.3000,true,1,272015
7290015321440,false,עלי דפנה פרג 25 גרם,תבליני הדור השלישי,IL,עלי דפנה פרג 25 גרם,גרמים,25.00,100 גרם,false,,21.90,87.6000,true,1,272017
7290015321457,false,טימין פרג 80 גרם,תבליני הדור השלישי,IL,טימין פרג 80 גרם,גרמים,80.00,100 גרם,false,,21.90,27.3750,true,1,272016
7290015339605,false,שוקולד טעמן לבן נוגט,אלבה שוקולד,,שוקולד טעמן לבן נוגט,גרמים,100.00,100 גרם,false,,7.90,7.9000,true,1,290976
7290015339612,false,שוקולד טעמן חלב אגוז,אלבה שוקולד,,שוקולד טעמן חלב אגוז,גרמים,100.00,100 גרם,false,,7.90,7.9000,true,1,290974
7290015339629,false,שוקולד טעמן חלב שברי,הלל תעשיות,IL,שוקולד טעמן חלב שברי,גרמים,100.00,100 גרם,false,,7.90,7.9000,true,1,290977
7290015339636,false,שוקולד טעמן מריר אגו,הלל תעשיות,IL,שוקולד טעמן מריר אגו,גרמים,100.00,100 גרם,false,,7.90,7.9000,true,1,290975
7290015339643,false,שוקולד טעמן מריר 100,הלל תעשיות,IL,שוקולד טעמן מריר 100,גרמים,100.00,100 גרם,false,,6.90,6.9000,true,1,290973
7290015339650,false,שוקולד טעמן חלב 100,אלבה שוקולד,,שוקולד טעמן חלב 100,גרמים,100.00,100 גרם,false,,6.90,6.9000,true,1,290972
7290015341516,false,עוגת קרנץ 500 גרם,אנטיקביץ,IL,עוגת קרנץ 500 גרם,גרמים,500.00,100 גרם,false,,10.90,2.1800,true,1,303124
7290015341578,false,עוגת דניש בטעמים שונ,אנטיקביץ,IL,עוגת דניש בטעמים שונ,גרמים,500.00,100 גרם,false,,10.90,2.1800,true,1,302707
7290015347037,false,קקאו מיה 800 גרם,מיה תעשיות מזון בעמ,IL,קקאו מיה 800 גרם,גרמים,800.00,100 גרם,false,,21.90,2.7375,true,1,266650
7290015347068,false,קוקוס מיה 250 גרם,מיה תעשיות מזון בעמ,IL,קוקוס מיה 250 גרם,גרמים,250.00,100 גרם,false,,7.90,3.1600,true,1,269136
7290015347075,false,שומשום מיה 250 גרם,מיה תעשיות מזון בעמ,IL,שומשום מיה 250 גרם,גרמים,250.00,100 גרם,false,,6.90,2.7600,true,1,269137
7290015347150,false,שומשום סלקטד 400 גרם,מיה תעשיות מזון בעמ,IL,שומשום סלקטד 400 גרם,גרמים,400.00,100 גרם,false,,16.90,4.2250,true,1,302632
7290015347167,false,קינואה סלקטד 500 גרם,מיה תעשיות מזון בעמ,IL,קינואה סלקטד 500 גרם,גרמים,500.00,100 גרם,false,,16.90,3.3800,true,1,301517
7290015347181,false,שעועית לבנה סלקטד 1,מיה תעשיות מזון בעמ,IL,שעועית לבנה סלקטד 1,פריט,1.00,"ק""ג",false,,13.90,13.9000,true,1,270748
7290015347204,false,חומוס גדול סלקטד 1 ק,מיה תעשיות מזון בעמ,IL,חומוס גדול סלקטד 1 ק,פריט,1.00,"ק""ג",false,,13.90,13.9000,true,1,270747
7290015347211,false,גריסי פנינה סלקטד 1,מיה תעשיות מזון בעמ,IL,גריסי פנינה סלקטד 1,פריט,1.00,"ק""ג",false,,13.90,13.9000,true,1,270749
7290015347501,false,אבקת אפיה מיה 36 יח,מיה תעשיות מזון בעמ,IL,אבקת אפיה מיה 36 יח,גרמים,360.00,100 גרם,false,,4.90,1.3611,true,1,294805
7290015347518,false,סוכר וניל מיה 36 יח,מיה תעשיות מזון בעמ,IL,סוכר וניל מיה 36 יח,גרמים,360.00,100 גרם,false,,4.90,1.3611,true,1,294806
7290015347525,false,חטיף ציפס בטטה עם שו,מיה תעשיות מזון בעמ,IL,חטיף ציפס בטטה עם שו,גרמים,80.00,100 גרם,false,,7.90,9.8750,true,1,297111
7290015347532,false,חטיף ציפס בטטה עם שמ,מיה תעשיות מזון בעמ,IL,חטיף ציפס בטטה עם שמ,גרמים,80.00,100 גרם,false,,7.90,9.8750,true,1,297110
7290015347556,false,גבישי שום מיה 300 גר,מיה תעשיות מזון בעמ,IL,גבישי שום מיה 300 גר,גרמים,300.00,100 גרם,false,,16.90,5.6333,true,1,307759
7290015347563,false,סוכר דמררה שקית בון,מיה תעשיות מזון בעמ,IL,סוכר דמררה שקית בון,פריט,1.40,"ק""ג",false,,11.90,8.5000,true,1,288645
7290015347679,false,צילי גרוס מיה 70 גרם,מיה תעשיות מזון בעמ,IL,צילי גרוס מיה 70 גרם,גרמים,70.00,100 גרם,false,,7.90,11.2857,true,1,290906
7290015347686,false,צילי שקית מיה 50 גרם,מיה תעשיות מזון בעמ,IL,צילי שקית מיה 50 גרם,גרמים,50.00,100 גרם,false,,6.90,13.8000,true,1,290907
7290015347709,false,אגוז מוסקט מיה 70 גר,מיה תעשיות מזון בעמ,IL,אגוז מוסקט מיה 70 גר,גרמים,70.00,100 גרם,false,,9.90,14.1429,true,1,290759
7290015347723,false,אורז פרסי סלקטד 1.8,מיה תעשיות מזון בעמ,IL,אורז פרסי סלקטד 1.8,פריט,1.80,"ק""ג",false,,19.90,11.0556,true,1,296117
7290015347945,false,שעועית מעורבת אינדיר,מיה תעשיות מזון בעמ,IL,שעועית מעורבת אינדיר,פריט,1.40,"ק""ג",false,,16.90,12.0714,true,1,298324
7290015347952,false,שיבולת שועל עבה אינד,מיה תעשיות מזון בעמ,IL,שיבולת שועל עבה אינד,גרמים,750.00,100 גרם,false,,5.90,0.7867,true,1,299241
7290015347969,false,שיבולת שועל דק אינדי,מיה תעשיות מזון בעמ,IL,שיבולת שועל דק אינדי,גרמים,750.00,100 גרם,false,,5.90,0.7867,true,1,299242
7290015347990,false,מארז 1/8 עדשי שוקול,מיה תעשיות מזון בעמ,IL,מארז 1/8 עדשי שוקול,גרמים,160.00,100 גרם,false,,9.90,6.1875,true,1,298604
7290015350242,false,ברנדי שטוק 84 דבש 75,יינות סגל,IL,ברנדי שטוק 84 דבש 75,מיליליטרים,750.00,"100 מ""ל",false,,64.90,8.6533,true,1,325257
7290015350402,false,יין רזרב מוסקט ורוד,יקבי ברקן,IL,יין רזרב מוסקט ורוד,מיליליטרים,750.00,"100 מ""ל",false,,38.90,5.1867,true,1,325256
7290015356725,false,יין מרלו,האחים כהן שיווק והפצ,IL,יין מרלו,מיליליטרים,750.00,"100 מ""ל",false,,14.90,1.9867,true,1,292769
7290015374002,false,סיגרים בטעם בשר אלקי,חטיפי אלקיים בעמ,IL,סיגרים בטעם בשר אלקי,פריט,1.00,"ק""ג",false,,21.90,21.9000,true,1,270196
7290015374019,false,סיגרים במילוי תפוא א,חטיפי אלקיים בעמ,IL,סיגרים במילוי תפוא א,פריט,1.00,"ק""ג",false,,21.90,21.9000,true,1,270197
7290015374033,false,פסטלים תפוא אלקיים 1,חטיפי אלקיים בעמ,IL,פסטלים תפוא אלקיים 1,פריט,1.00,"ק""ג",false,,21.90,21.9000,true,1,270198
7290015374040,false,אגרול סיני ירקות אלק,חטיפי אלקיים בעמ,IL,אגרול סיני ירקות אלק,פריט,1.00,"ק""ג",false,,21.90,21.9000,true,1,270199
7290015374071,false,קרפלך תפוא אלקיים 1,חטיפי אלקיים בעמ,IL,קרפלך תפוא אלקיים 1,פריט,1.00,"ק""ג",false,,21.90,21.9000,true,1,270200
7290015374088,false,חטיפי תפוא במילוי פט,חטיפי אלקיים בעמ,IL,חטיפי תפוא במילוי פט,פריט,1.00,"ק""ג",false,,21.90,21.9000,true,1,270201
7290015374262,false,חטיפי תפוא במילוי תי,חטיפי אלקיים בעמ,IL,חטיפי תפוא במילוי תי,פריט,1.00,"ק""ג",false,,21.90,21.9000,true,1,270202
7290015470094,false,שוקולד מריר בטעם תפו,,TR,שוקולד מריר בטעם תפו,גרמים,100.00,100 גרם,false,,8.90,8.9000,true,1,321064
7290015603188,false,אטריות ביצים מזרח ומ,פוגקן לונגהי אנלידה,CN,אטריות ביצים מזרח ומ,גרמים,454.00,100 גרם,false,,10.50,2.3128,true,1,310185
7290015603195,false,אטריות עם תרד מזרח ו,פוגקן לונגהי אנלידה,CN,אטריות עם תרד מזרח ו,גרמים,454.00,100 גרם,false,,10.50,2.3128,true,1,325168
7290015603201,false,אטריות חיטה מלאה מזר,yan val yun corpora,CN,אטריות חיטה מלאה מזר,גרמים,454.00,100 גרם,false,,10.50,2.3128,true,1,317523
7290015603218,false,אטריות עם עגבניה מזר,פוגקן לונגהי אנלידה,CN,אטריות עם עגבניה מזר,גרמים,454.00,100 גרם,false,,10.50,2.3128,true,1,310186
7290015603225,false,אטריות עם גזר מזרח ו,פוגקן לונגהי אנלידה,CN,אטריות עם גזר מזרח ו,גרמים,454.00,100 גרם,false,,10.50,2.3128,true,1,325169
7290015603232,false,אטריות עם דלעת מזרח,פוגקן לונגהי אנלידה,CN,אטריות עם דלעת מזרח,גרמים,454.00,100 גרם,false,,10.50,2.3128,true,1,325170
7290015603522,false,נוזל קוקוס 5-7% מזרח,אסי אטיק גרו אינדוסט,TH,נוזל קוקוס 5-7% מזרח,מיליליטרים,400.00,"100 מ""ל",false,,5.90,1.4750,true,1,320901
7290015603546,false,קרם קוקוס 17-19% מזר,אסי אטיק גרו אינדוסט,TH,קרם קוקוס 17-19% מזר,מיליליטרים,400.00,"100 מ""ל",false,,8.50,2.1250,true,1,310192
7290015603560,false,קרם קוקוס 20-22% מזר,אסי אטיק גרו אינדוסט,TH,קרם קוקוס 20-22% מזר,מיליליטרים,400.00,"100 מ""ל",false,,9.70,2.4250,true,1,311437
7290015603584,false,ג'ינגר לבן כבוש מזרח,לאיווי איפנג פודס קו,CN,ג'ינגר לבן כבוש מזרח,גרמים,160.00,100 גרם,false,,7.90,4.9375,true,1,310187
7290015603591,false,ג'ינגר כבוש ורוד מזר,ננטונג הידה אקוטיק פ,CN,ג'ינגר כבוש ורוד מזר,גרמים,160.00,100 גרם,false,,6.90,4.3125,true,1,325174
7290015652070,false,קשיו קלויים 150 גרם,דין שיווק,IL,קשיו קלויים 150 גרם,גרמים,150.00,100 גרם,false,,9.90,6.6000,true,1,278205
7290015652087,false,תערובת פיצוחים 150 ג,דין שיווק,IL,תערובת פיצוחים 150 ג,גרמים,150.00,100 גרם,false,,9.90,6.6000,true,1,278204
7290015652254,false,גרעין שחור 500 גרם,דין שיווק,IL,גרעין שחור 500 גרם,גרמים,500.00,100 גרם,false,,10.00,2.0000,true,1,297860
7290015652261,false,בוטן קלויים 350 גרם,דין שיווק,IL,בוטן קלויים 350 גרם,גרמים,350.00,100 גרם,false,,10.00,2.8571,true,1,297859
7290015652278,false,תערובת פיצוחים 300 ג,דין שיווק,IL,תערובת פיצוחים 300 ג,גרמים,300.00,100 גרם,false,,20.00,6.6667,true,1,291502
7290015652285,false,אגוזים קלופים 250 גר,דין שיווק,IL,אגוזים קלופים 250 גר,גרמים,250.00,100 גרם,false,,20.00,8.0000,true,1,297864
7290015652292,false,קבוקים 400 גרם,דין שיווק,IL,קבוקים 400 גרם,גרמים,400.00,100 גרם,false,,10.00,2.5000,true,1,297863
7290015652322,false,בוטן אמריקאי 400 גרם,דין שיווק,IL,בוטן אמריקאי 400 גרם,גרמים,400.00,100 גרם,false,,10.00,2.5000,true,1,297858
7290015652384,false,קמח תירס עבה ל.גלוטן,,IT,קמח תירס עבה ל.גלוטן,פריט,1.00,"ק""ג",false,,9.90,9.9000,true,1,290223
7290015652391,false,קמח תירס דק ל.גלוטן,,IT,קמח תירס דק ל.גלוטן,פריט,1.00,"ק""ג",false,,9.90,9.9000,true,1,290224
7290015652407,false,פיסטוק 250 גרם,דין שיווק,IL,פיסטוק 250 גרם,גרמים,250.00,100 גרם,false,,20.00,8.0000,true,1,297866
7290015652506,false,נוזל קוקוס דל קלוריו,,TH,נוזל קוקוס דל קלוריו,מיליליטרים,400.00,"100 מ""ל",false,,5.90,1.4750,true,1,289384
7290015652513,false,תערובת לסטייק אהרוני,נווה התבלין,IL,תערובת לסטייק אהרוני,גרמים,150.00,100 גרם,false,,9.90,6.6000,true,1,288676
7290015652520,false,תערובת השף אהרוני 70,דין שיווק,IL,תערובת השף אהרוני 70,גרמים,70.00,100 גרם,false,,9.90,14.1429,true,1,288678
7290015652537,false,תבלין פלפל לימון ושו,נווה התבלין,IL,תבלין פלפל לימון ושו,גרמים,130.00,100 גרם,false,,9.90,7.6154,true,1,288674
7290015652544,false,גריל עוף ארומטי אהרו,נווה התבלין,IL,גריל עוף ארומטי אהרו,גרמים,130.00,100 גרם,false,,9.90,7.6154,true,1,288670
7290015652551,false,זעתר ושומשום בלדי אה,נווה התבלין,IL,זעתר ושומשום בלדי אה,גרמים,150.00,100 גרם,false,,9.90,6.6000,true,1,288673
7290015652568,false,עשבי תיבול לדג אהרונ,נווה התבלין,IL,עשבי תיבול לדג אהרונ,גרמים,70.00,100 גרם,false,,9.90,14.1429,true,1,288677
7290015652575,false,תבלין ראס אל חנות אה,נווה התבלין,IL,תבלין ראס אל חנות אה,גרמים,150.00,100 גרם,false,,9.90,6.6000,true,1,288672
7290015652582,false,תבלין לחריימה דג אהר,נווה התבלין,IL,תבלין לחריימה דג אהר,גרמים,150.00,100 גרם,false,,9.90,6.6000,true,1,288671
7290015652599,false,תבלין צלי בקר אהרוני,נווה התבלין,IL,תבלין צלי בקר אהרוני,גרמים,120.00,100 גרם,false,,9.90,8.2500,true,1,288675
7290015674171,false,שטיחי גומי תפוח 300,סאדת גידה,TR,שטיחי גומי תפוח 300,גרמים,300.00,100 גרם,false,,9.90,3.3000,true,1,288173
7290015733205,false,מטרנה אקסטרה קר שלב,מטרנה,IL,מטרנה אקסטרה קר שלב,גרמים,700.00,100 גרם,false,,54.90,7.8429,true,1,301768
7290015733229,false,מטרנה אקסטרה קר שלב,מטרנה,IL,מטרנה אקסטרה קר שלב,גרמים,700.00,100 גרם,false,,54.90,7.8429,true,1,301767
7290015733243,false,מטרנה אקסטרה קר שלב,מטרנה,IL,מטרנה אקסטרה קר שלב,גרמים,700.00,100 גרם,false,,54.90,7.8429,true,1,301766
7290015781008,false,יין ויזן מרלו,יקב טפרברג 1870 בעמ,IL,יין ויזן מרלו,מיליליטרים,750.00,"100 מ""ל",false,,39.90,5.3200,true,1,287631
7290015781015,false,יין ויזן מלבק,יקב טפרברג 1870 בעמ,IL,יין ויזן מלבק,מיליליטרים,750.00,"100 מ""ל",false,,39.90,5.3200,true,1,287632
7290015781046,false,יין ויזן לבן חצי יבש,יקב טפרברג 1870 בעמ,IL,יין ויזן לבן חצי יבש,מיליליטרים,750.00,"100 מ""ל",false,,39.90,5.3200,true,1,287634
7290015781053,false,יין ויזן לבן יבש,יקב טפרברג 1870 בעמ,IL,יין ויזן לבן יבש,מיליליטרים,750.00,"100 מ""ל",false,,39.90,5.3200,true,1,287635
7290015781091,false,יין ויזן קברנה סובינ,יקב טפרברג 1870 בעמ,IL,יין ויזן קברנה סובינ,מיליליטרים,750.00,"100 מ""ל",false,,39.90,5.3200,true,1,287630
7290015781107,false,יין אימפרשן סנגובזה,יקב טפרברג 1870 בעמ,IL,יין אימפרשן סנגובזה,מיליליטרים,750.00,"100 מ""ל",false,,49.90,6.6533,true,1,287641
7290015781114,false,יין אימפרשן מרלו,יקב טפרברג 1870 בעמ,IL,יין אימפרשן מרלו,מיליליטרים,750.00,"100 מ""ל",false,,49.90,6.6533,true,1,287639
7290015781121,false,יין אימפרשן קברנה סו,יקב טפרברג 1870 בעמ,IL,יין אימפרשן קברנה סו,מיליליטרים,750.00,"100 מ""ל",false,,49.90,6.6533,true,1,287638
7290015781145,false,יין אימפרשן ריזלינג,,,יין אימפרשן ריזלינג,מיליליטרים,500.00,"100 מ""ל",false,,49.90,9.9800,true,1,287646
7290015781152,false,יין אימפרשן רוזה 750,,,יין אימפרשן רוזה 750,מיליליטרים,750.00,"100 מ""ל",false,,49.90,6.6533,true,1,287642
7290015781169,false,יין אימפרשן קברנה סו,יקב טפרברג 1870 בעמ,IL,יין אימפרשן קברנה סו,מיליליטרים,750.00,"100 מ""ל",false,,49.90,6.6533,true,1,287643
7290015781275,false,יין טפרברג מוסקטו לב,יקב טפרברג 1870 בעמ,IL,יין טפרברג מוסקטו לב,מיליליטרים,750.00,"100 מ""ל",false,,39.90,5.3200,true,1,287636
7290015781282,false,יין אימפרשן גוורצטרמ,,,יין אימפרשן גוורצטרמ,מיליליטרים,750.00,"100 מ""ל",false,,49.90,6.6533,true,1,287644
7290015781299,false,יין ויזן שיראז,יקב טפרברג 1870 בעמ,IL,יין ויזן שיראז,מיליליטרים,750.00,"100 מ""ל",false,,39.90,5.3200,true,1,287633
7290015781305,false,יין אימפרשן סירה,יקב טפרברג 1870 בעמ,IL,יין אימפרשן סירה,מיליליטרים,750.00,"100 מ""ל",false,,49.90,6.6533,true,1,287640
7290015781657,false,יין אלגרו למבורסקו ר,יקב טפרברג 1870 בעמ,IL,יין אלגרו למבורסקו ר,מיליליטרים,750.00,"100 מ""ל",false,,34.90,4.6533,true,1,309975
7290015781664,false,יין אלגרו למבורסקו ל,יקב טפרברג 1870 בעמ,IL,יין אלגרו למבורסקו ל,מיליליטרים,750.00,"100 מ""ל",false,,34.90,4.6533,true,1,309976
7290015821728,false,נר נשמה 48 שעות מאור,פאלאס,CN,נר נשמה 48 שעות מאור,Unknown,0.00,יחידה,false,,3.90,0.0000,true,1,325028
7290015856218,false,עוגיות אמריקאיות קרם,אפיפית נצרת תעשיות ב,IL,עוגיות אמריקאיות קרם,גרמים,900.00,100 גרם,false,,19.90,2.2111,true,1,302475
7290015856249,false,עוגיות סנדוויץ וניל,אפיפית נצרת תעשיות ב,IL,עוגיות סנדוויץ וניל,פריט,1.20,"ק""ג",false,,19.90,16.5833,true,1,302473
7290015856256,false,קרקר עם מלח בריידמן,אפיפית נצרת תעשיות ב,IL,קרקר עם מלח בריידמן,פריט,1.20,"ק""ג",false,,19.90,16.5833,true,1,303134
7290015856263,false,קרקר עם שומשום ברייד,אפיפית נצרת תעשיות ב,IL,קרקר עם שומשום ברייד,פריט,1.20,"ק""ג",false,,19.90,16.5833,true,1,303135
7290015856270,false,קרקר בטעם בצל בריידמ,אפיפית נצרת תעשיות ב,IL,קרקר בטעם בצל בריידמ,פריט,1.20,"ק""ג",false,,19.90,16.5833,true,1,303136
7290015856294,false,חטיפי קרקר עם מלח ים,אפיפית נצרת תעשיות ב,IL,חטיפי קרקר עם מלח ים,פריט,1.50,"ק""ג",false,,19.90,13.2667,true,1,303253
7290015856300,false,חטיפי קרקר שומשום בר,אפיפית נצרת תעשיות ב,IL,חטיפי קרקר שומשום בר,פריט,1.50,"ק""ג",false,,19.90,13.2667,true,1,303251
7290015856317,false,חטיפי קרקר בצל ברייד,אפיפית נצרת תעשיות ב,IL,חטיפי קרקר בצל ברייד,פריט,1.50,"ק""ג",false,,19.90,13.2667,true,1,303250
7290015856607,false,קרקר מלוח מתוק חצי מ,אפיפית נצרת תעשיות ב,IL,קרקר מלוח מתוק חצי מ,גרמים,175.00,100 גרם,false,,5.90,3.3714,true,1,315005
7290015856621,false,ביסקוויט קרמל חצי מצ,אפיפית נצרת תעשיות ב,IL,ביסקוויט קרמל חצי מצ,גרמים,175.00,100 גרם,false,,5.90,3.3714,true,1,315006
7290015856690,false,"קרם קרקר הדר 1 ק""ג",אפיפית נצרת תעשיות ב,IL,"קרם קרקר הדר 1 ק""ג",פריט,1.00,"ק""ג",false,,16.90,16.9000,true,1,315380
7290015858106,false,פסטו ביתי עללחם 180,מדשא,IL,פסטו ביתי עללחם 180,גרמים,180.00,100 גרם,false,,15.90,8.8333,true,1,309185
7290015858144,false,ממרח ארטישוק עללחם 1,מדשא,IL,ממרח ארטישוק עללחם 1,גרמים,180.00,100 גרם,false,,15.90,8.8333,true,1,315962
7290015858151,false,ממרח שום עללחם 180 ג,מדשא,IL,ממרח שום עללחם 180 ג,גרמים,180.00,100 גרם,false,,15.90,8.8333,true,1,324704
7290015858175,false,ממרח פלפלים קלויים ע,מדשא,IL,ממרח פלפלים קלויים ע,גרמים,180.00,100 גרם,false,,15.90,8.8333,true,1,320437
7290015858229,false,טפנד זיתי קלמטה עללח,מדשא,IL,טפנד זיתי קלמטה עללח,גרמים,180.00,100 גרם,false,,15.90,8.8333,true,1,309187
7290015858243,false,צ'ימיצורי עללחם 180,מדשא,IL,צ'ימיצורי עללחם 180,גרמים,180.00,100 גרם,false,,15.90,8.8333,true,1,320435
7290015858328,false,איולי פסטו עללחם לחי,עלית,IL,איולי פסטו עללחם לחי,גרמים,295.00,100 גרם,false,,12.90,4.3729,true,1,325029
7290015858441,false,איולי פלפלים עללחם ל,עלית,IL,איולי פלפלים עללחם ל,גרמים,295.00,100 גרם,false,,12.90,4.3729,true,1,325030
7290015858687,false,איולי שום עללחם לחיץ,עלית,IL,איולי שום עללחם לחיץ,גרמים,295.00,100 גרם,false,,12.90,4.3729,true,1,325031
7290015865821,false,ממרח אגוזי לוז וקקאו,ענבי ציון,IL,ממרח אגוזי לוז וקקאו,פריט,1.00,"ק""ג",false,,24.90,24.9000,true,1,323109
7290015865838,false,ממרח עוגיות קרמל ענב,ענבי ציון,IL,ממרח עוגיות קרמל ענב,פריט,1.00,"ק""ג",false,,24.90,24.9000,true,1,323110
7290015879705,false,קמח ללא גלוטן מולינו,DFS,IT,קמח ללא גלוטן מולינו,גרמים,500.00,100 גרם,false,,14.90,2.9800,true,1,314288
7290015879712,false,תערובת איטלקית לעוגו,DFS,IT,תערובת איטלקית לעוגו,גרמים,500.00,100 גרם,false,,14.90,2.9800,true,1,314820
7290015879729,false,"קמח ללא גלוטן ע""ב עמ",DFS,IT,"קמח ללא גלוטן ע""ב עמ",גרמים,500.00,100 גרם,false,,14.90,2.9800,true,1,314289
7290015951227,false,יין גמלא סירה,יקב רמת הגולן,IL,יין גמלא סירה,מיליליטרים,750.00,"100 מ""ל",false,,54.90,7.3200,true,1,315259
7290016006292,false,נקטר ספרינג מנגו בננ,יפאורה תבורי,IL,נקטר ספרינג מנגו בננ,קילוגרמים,1.00,ליטר,false,,6.50,6.5000,true,1,291443
7290016006346,false,מארז שוופס סודה 6*50,יפאורה תבורי,IL,מארז שוופס סודה 6*50,קילוגרמים,3.00,ליטר,false,,13.90,4.6333,true,1,292786
7290016083125,false,עוגיות בדלי שירה 600,מאפיית ישראל חיפה,IL,עוגיות בדלי שירה 600,גרמים,600.00,100 גרם,false,,11.50,1.9167,true,1,288700
7290016083255,false,בצק עלים בון בייקרי,מאפיית ישראל חיפה,IL,בצק עלים בון בייקרי,פריט,1.50,"ק""ג",false,,13.90,9.2667,true,1,291612
7290016083347,false,רולדה תמרים שקד 500,מאפיית ישראל חיפה,IL,רולדה תמרים שקד 500,גרמים,500.00,100 גרם,false,,11.50,2.3000,true,1,312166
7290016083378,false,עוגיות במילוי טעם שו,מאפיית ישראל חיפה,IL,עוגיות במילוי טעם שו,גרמים,500.00,100 גרם,false,,11.50,2.3000,true,1,312168
7290016096613,false,טונה בשמן פילטונה 6*,תעשיות פילטונה,IL,טונה בשמן פילטונה 6*,גרמים,840.00,100 גרם,false,,27.90,3.3214,true,1,301726
7290016096637,false,טונה בשמן קנולה פילט,תעשיות פילטונה,IL,טונה בשמן קנולה פילט,גרמים,840.00,100 גרם,false,,27.90,3.3214,true,1,301725
7290016096651,false,טונה במים פילטונה 6*,תעשיות פילטונה,IL,טונה במים פילטונה 6*,גרמים,840.00,100 גרם,false,,27.90,3.3214,true,1,301727
7290016096811,false,ממרח טונה פילטונה 4*,תעשיות פילטונה,IL,ממרח טונה פילטונה 4*,גרמים,640.00,100 גרם,false,,17.90,2.7969,true,1,313202
7290016096934,false,סלט טונה פילטונה 2*1,פילטונה,IL,סלט טונה פילטונה 2*1,גרמים,320.00,100 גרם,false,,11.90,3.7188,true,1,317404
7290016106213,false,שוקולד טעמן מריר שבר,אלבה שוקולד,,שוקולד טעמן מריר שבר,גרמים,100.00,100 גרם,false,,7.90,7.9000,true,1,290978
7290016106657,false,טונה בשמן טעמן 4*140,דיאמוד פוד פרודקט סי,IL,טונה בשמן טעמן 4*140,גרמים,560.00,100 גרם,false,,15.90,2.8393,true,1,320634
7290016106664,false,טונה במים טעמן 4*140,דיאמוד פוד פרודקט סי,IL,טונה במים טעמן 4*140,גרמים,560.00,100 גרם,false,,15.90,2.8393,true,1,320635
7290016114300,false,נייר טואלט כפול לילי,חוגלה קימברלי,IL,נייר טואלט כפול לילי,מטרים,588.00,מטר,false,,32.90,0.0560,true,1,294689
7290016117288,false,מארז 6 כריות קרצוף ש,,,מארז 6 כריות קרצוף ש,Unknown,0.00,יחידה,false,,14.90,0.0000,true,1,305029
7290016144000,false,קמח חיטה מלאה 80% נפ,קמח מלכים,IL,קמח חיטה מלאה 80% נפ,פריט,1.00,"ק""ג",false,,9.90,9.9000,true,1,305978
7290016144017,false,קמח חיטה מלאה 100% נ,קמח מלכים,IL,קמח חיטה מלאה 100% נ,פריט,1.00,"ק""ג",false,,9.90,9.9000,true,1,305979
7290016144024,false,קמח כוסמין 100% נפלא,קמח מלכים,IL,קמח כוסמין 100% נפלא,פריט,1.00,"ק""ג",false,,14.90,14.9000,true,1,305981
7290016144031,false,קמח לבן מנופה נפלאות,קמח מלכים,IL,קמח לבן מנופה נפלאות,פריט,1.00,"ק""ג",false,,5.90,5.9000,true,1,305983
7290016144048,false,קמח כוסמין לבן נפלאו,קמח מלכים,IL,קמח כוסמין לבן נפלאו,פריט,1.00,"ק""ג",false,,16.90,16.9000,true,1,305982
7290016144055,false,קמח כוסמין 80% נפלאו,קמח מלכים,IL,קמח כוסמין 80% נפלאו,פריט,1.00,"ק""ג",false,,14.90,14.9000,true,1,305980
7290016144062,false,קמח שיפון מלא נפלאות,קמח מלכים,IL,קמח שיפון מלא נפלאות,פריט,1.00,"ק""ג",false,,8.90,8.9000,true,1,320993
7290016144079,false,קמח חיטה כפרי נפלאות,קמח מלכים,IL,קמח חיטה כפרי נפלאות,פריט,1.00,"ק""ג",false,,8.90,8.9000,true,1,320994
7290016144086,false,"קמח חלה נפלאות 1 ק""ג",קמח מלכים,IL,"קמח חלה נפלאות 1 ק""ג",פריט,1.00,"ק""ג",false,,6.90,6.9000,true,1,320995
7290016144093,false,"קמח לחם נפלאות 1 ק""ג",קמח מלכים,IL,"קמח לחם נפלאות 1 ק""ג",פריט,1.00,"ק""ג",false,,6.90,6.9000,true,1,320996
7290016144109,false,"קמח פיצה נפלאות 1 ק""",קמח מלכים,IL,"קמח פיצה נפלאות 1 ק""",פריט,1.00,"ק""ג",false,,14.90,14.9000,true,1,320997
7290016144116,false,"קמח תופח נפלאות 1 ק""",קמח מלכים,IL,"קמח תופח נפלאות 1 ק""",פריט,1.00,"ק""ג",false,,8.90,8.9000,true,1,320998
7290016162219,false,כדורי שוקולד קפולסקי,קפולסקי אדל בעמ,IL,כדורי שוקולד קפולסקי,גרמים,280.00,100 גרם,false,,29.90,10.6786,true,1,296463
7290016162264,false,עוגת גבינה אפויה קפו,קפולסקי אדל בעמ,IL,עוגת גבינה אפויה קפו,גרמים,450.00,100 גרם,false,,34.90,7.7556,true,1,296460
7290016188585,false,למברוסקו רוזה חצי יב,יקב גאקובזי,,למברוסקו רוזה חצי יב,מיליליטרים,750.00,"100 מ""ל",false,,23.90,3.1867,true,1,289891
7290016188608,false,למברוסקו לבן חצי יבש,יקב גאקובזי,,למברוסקו לבן חצי יבש,מיליליטרים,750.00,"100 מ""ל",false,,23.90,3.1867,true,1,289872
7290016197495,false,מטליות רצפה מיקרופיי,חוגלה קימברלי,IL,מטליות רצפה מיקרופיי,Unknown,0.00,יחידה,false,,14.90,0.0000,true,1,292787
7290016217643,false,חמוצים סיניים אסלי 4,סלטי שמיר 2006 בעמ,IL,חמוצים סיניים אסלי 4,גרמים,400.00,100 גרם,false,,10.90,2.7250,true,1,291449
7290016246445,false,טחינה מעודנת משומשום,אסם,IL,טחינה מעודנת משומשום,גרמים,310.00,100 גרם,false,,10.50,3.3871,true,1,320523
7290016255188,false,מטהר מגיק ירוק 350 מ,סאסאטק,IL,מטהר מגיק ירוק 350 מ,מיליליטרים,350.00,"100 מ""ל",false,,6.90,1.9714,true,1,292524
7290016255195,false,מטהר מגיק ורוד 350 מ,סאסאטק,IL,מטהר מגיק ורוד 350 מ,מיליליטרים,350.00,"100 מ""ל",false,,6.90,1.9714,true,1,292525
7290016255201,false,מטהר מגיק סגול 350 מ,סאסאטק,IL,מטהר מגיק סגול 350 מ,מיליליטרים,350.00,"100 מ""ל",false,,6.90,1.9714,true,1,292526
7290016276534,false,שמן קוקוס שקדיה 500,שקדיה,IL,שמן קוקוס שקדיה 500,גרמים,500.00,100 גרם,false,,24.90,4.9800,true,1,298525
7290016276763,false,מעדן שזיף שקדיה 284,שקדיה,IL,מעדן שזיף שקדיה 284,גרמים,284.00,100 גרם,false,,9.90,3.4859,true,1,293736
7290016276831,false,תבשיל אטריות בטעם בק,טיאן הונג,TH,תבשיל אטריות בטעם בק,גרמים,70.00,100 גרם,false,,4.90,7.0000,true,1,294113
7290016276848,false,תבשיל אטריות בטעם עו,טיאן הונג,TH,תבשיל אטריות בטעם עו,גרמים,70.00,100 גרם,false,,4.90,7.0000,true,1,294111
7290016276855,false,תבשיל אטריות בטעם יר,טיאן הונג,TH,תבשיל אטריות בטעם יר,גרמים,70.00,100 גרם,false,,4.90,7.0000,true,1,294112
7290016313055,false,קוגל אטריות משולשים,תכלית מזון,IL,קוגל אטריות משולשים,גרמים,450.00,100 גרם,false,,12.90,2.8667,true,1,291728
7290016313338,false,קוגל 2 שכבות תכל'ס,,,קוגל 2 שכבות תכל'ס,Unknown,0.00,יחידה,false,,18.90,0.0000,true,1,320519
7290016334494,false,חסה יח,בוסתן עשבי תיבול,IL,חסה יח,Unknown,0.00,יחידה,false,,3.90,0.0000,true,1,298425
7290016334579,false,פטרוזיליה בוסתן,ברכת קטיף,IL,פטרוזיליה בוסתן,Unknown,0.00,יחידה,false,,3.90,0.0000,true,1,307856
7290016334586,false,כוסברה בוסתן,ברכת קטיף,IL,כוסברה בוסתן,Unknown,0.00,יחידה,false,,3.90,0.0000,true,1,307857
7290016356779,false,יין קטלב 3 גפנים 201,יקב גוש עציון,IL,יין קטלב 3 גפנים 201,מיליליטרים,750.00,"100 מ""ל",false,,159.90,21.3200,true,1,320910
7290016370140,false,זית קלמטה בני דרום 8,בני דרום,IL,זית קלמטה בני דרום 8,גרמים,820.00,100 גרם,false,,12.90,1.5732,true,1,318825
7290016370201,false,זית טבעות מושחרבני ד,בני דרום,IL,זית טבעות מושחרבני ד,גרמים,820.00,100 גרם,false,,10.90,1.3293,true,1,315823
7290016370232,false,תערובת ירקות כבושים,KOSAT,GR,תערובת ירקות כבושים,גרמים,560.00,100 גרם,false,,9.90,1.7679,true,1,314408
7290016370249,false,חריסה בני דרום 570 ג,בני דרום,IL,חריסה בני דרום 570 ג,גרמים,570.00,100 גרם,false,,5.90,1.0351,true,1,315824
7290016370331,false,פלפל קלוי על האש בני,KOSAT,GR,פלפל קלוי על האש בני,גרמים,540.00,100 גרם,false,,9.90,1.8333,true,1,313360
7290016370348,false,חציל קלוי על האש בני,KOSAT,GR,חציל קלוי על האש בני,גרמים,530.00,100 גרם,false,,9.90,1.8679,true,1,313361
7290016370355,false,פרוסות מלפפון במלח ב,בני דרום,IL,פרוסות מלפפון במלח ב,גרמים,560.00,100 גרם,false,,4.90,0.8750,true,1,312044
7290016372144,false,חליטת קינמון 40 שקיק,ויסוצקי,IL,חליטת קינמון 40 שקיק,גרמים,100.00,100 גרם,false,,19.90,19.9000,true,1,294710
7290016372151,false,חליטת קמומיל 40 שקיק,ויסוצקי,IL,חליטת קמומיל 40 שקיק,גרמים,60.00,100 גרם,false,,19.90,33.1667,true,1,294709
7290016372168,false,חליטת לימונית לואיזה,ויסוצקי,IL,חליטת לימונית לואיזה,גרמים,60.00,100 גרם,false,,19.90,33.1667,true,1,294711
7290016372397,false,תה ירוק תפוז גינגר ו,ויסוצקי,IL,תה ירוק תפוז גינגר ו,גרמים,150.00,100 גרם,false,,21.90,14.6000,true,1,298527
7290016372571,false,חליטת פירות יער 40 ש,ויסוצקי,IL,חליטת פירות יער 40 ש,גרמים,108.00,100 גרם,false,,19.90,18.4259,true,1,298554
7290016372588,false,חליטת לימונענע 40 שק,ויסוצקי,IL,חליטת לימונענע 40 שק,גרמים,88.00,100 גרם,false,,19.90,22.6136,true,1,298555
7290016373707,false,מקלות חמוצים בטעם אפ,אלבן מזון תעשיות ומס,TR,מקלות חמוצים בטעם אפ,גרמים,20.00,100 גרם,false,,1.50,7.5000,true,1,307817
7290016408720,false,אגו מיקס בייגלה שוקו,כרמית,IL,אגו מיקס בייגלה שוקו,גרמים,55.00,100 גרם,false,,3.90,7.0909,true,1,297855
7290016411164,false,פרחי כרובית מוקפאים,בסט מייסטר,IL,פרחי כרובית מוקפאים,גרמים,600.00,100 גרם,false,,29.90,4.9833,true,1,323893
7290016411188,false,פרחי ברוקולי מוקפאים,בסט מייסטר,IL,פרחי ברוקולי מוקפאים,גרמים,600.00,100 גרם,false,,29.90,4.9833,true,1,323894
7290016416992,false,עוגת דובוש ביסקוויטי,קפולסקי אדל בעמ,IL,עוגת דובוש ביסקוויטי,גרמים,400.00,100 גרם,false,,29.90,7.4750,true,1,296457
7290016437690,false,תחבושות קוטקס קווארט,חוגלה קימברלי,IL,תחבושות קוטקס קווארט,Unknown,0.00,יחידה,false,,34.90,0.0000,true,1,308080
7290016437713,false,תחבושות קוטקס קווארט,חוגלה קימברלי,IL,תחבושות קוטקס קווארט,Unknown,0.00,יחידה,false,,34.90,0.0000,true,1,308081
7290016437720,false,תחבושות קוטקס קווארט,חוגלה קימברלי,IL,תחבושות קוטקס קווארט,Unknown,0.00,יחידה,false,,34.90,0.0000,true,1,308082
7290016475067,false,לאפות המכבים 4 יח,מאפיית המכבים,IL,לאפות המכבים 4 יח,גרמים,700.00,100 גרם,false,,9.90,1.4143,true,1,293498
7290016492118,false,פפריקה מעושנת פרג 12,תבליני הדור השלישי,IL,פפריקה מעושנת פרג 12,גרמים,120.00,100 גרם,false,,15.90,13.2500,true,1,303151
7290016492125,false,תבלין פילדלפיה פרג 1,תבליני הדור השלישי,IL,תבלין פילדלפיה פרג 1,גרמים,120.00,100 גרם,false,,15.90,13.2500,true,1,303150
7290016492132,false,תבלין טוסקנה פרג 160,תבליני הדור השלישי,IL,תבלין טוסקנה פרג 160,גרמים,160.00,100 גרם,false,,15.90,9.9375,true,1,303149
7290016509847,false,גל פרסיל בלאק 2.5 לי,הנקל סוד,IL,גל פרסיל בלאק 2.5 לי,קילוגרמים,2.50,ליטר,false,,34.50,13.8000,true,1,309221
7290016510232,false,תחליב הוואי קוקוס 70,טרופיקל דגיל,IL,תחליב הוואי קוקוס 70,מיליליטרים,700.00,"100 מ""ל",false,,9.90,1.4143,true,1,301717
7290016682328,false,מיץ תפוזים פריניב 2,פריניב,IL,מיץ תפוזים פריניב 2,קילוגרמים,2.00,ליטר,false,,15.90,7.9500,true,1,319886
7290016682342,false,מיץ תפוזים ולנסיה פר,פריניב,IL,מיץ תפוזים ולנסיה פר,קילוגרמים,2.00,ליטר,false,,22.20,11.1000,true,1,319887
7290016682359,false,מיץ תפוזים שמוטי פרי,פריניב,IL,מיץ תפוזים שמוטי פרי,קילוגרמים,2.00,ליטר,false,,22.20,11.1000,true,1,319888
7290016682366,false,מיץ תפוחים פריניב 2,פריניב,IL,מיץ תפוחים פריניב 2,קילוגרמים,2.00,ליטר,false,,14.90,7.4500,true,1,319889
7290016682373,false,מיץ לימונדה בלדי פרי,פריניב,IL,מיץ לימונדה בלדי פרי,קילוגרמים,2.00,ליטר,false,,15.90,7.9500,true,1,319890
7290016682380,false,מיץ לימונדה לואיזה פ,פריניב,IL,מיץ לימונדה לואיזה פ,קילוגרמים,2.00,ליטר,false,,15.90,7.9500,true,1,319891
7290016682397,false,נקטר חמוציות פריניב,פריניב,IL,נקטר חמוציות פריניב,קילוגרמים,2.00,ליטר,false,,14.90,7.4500,true,1,319892
7290016717044,false,יין באז מנגו מבעבע,יקבי כרמל,IL,יין באז מנגו מבעבע,מיליליטרים,750.00,"100 מ""ל",false,,19.90,2.6533,true,1,304515
7290016717051,false,יין באז רימון מבעבע,יקבי כרמל,IL,יין באז רימון מבעבע,מיליליטרים,750.00,"100 מ""ל",false,,19.90,2.6533,true,1,312762
7290016717099,false,יין סלקטד אדום חצי י,יקבי כרמל,IL,יין סלקטד אדום חצי י,מיליליטרים,750.00,"100 מ""ל",false,,28.90,3.8533,true,1,323696
7290016717617,false,מיץ ענבים תירוש אדום,יקבי כרמל,IL,מיץ ענבים תירוש אדום,קילוגרמים,1.20,ליטר,false,,19.90,16.5833,true,1,297549
7290016717631,false,יין פ. קולקשיין לבן,יקבי כרמל,IL,יין פ. קולקשיין לבן,מיליליטרים,750.00,"100 מ""ל",false,,32.90,4.3867,true,1,301580
7290016717976,false,יין באז ספארקלינג אפ,יקבי כרמל,IL,יין באז ספארקלינג אפ,מיליליטרים,750.00,"100 מ""ל",false,,19.90,2.6533,true,1,312763
7290016823004,false,בזיליקום יח,מרינה,IL,בזיליקום יח,Unknown,0.00,יחידה,false,,4.40,0.0000,true,1,296552
7290016823028,false,עירית יח,מרינה,IL,עירית יח,Unknown,0.00,יחידה,false,,4.40,0.0000,true,1,296554
7290016823059,false,טימין יח,מרינה,IL,טימין יח,Unknown,0.00,יחידה,false,,4.40,0.0000,true,1,296556
7290016823066,false,רוזמרין יח,מרינה,IL,רוזמרין יח,Unknown,0.00,יחידה,false,,4.40,0.0000,true,1,296557
7290016823257,false,חסה סלנובה מהדרין,מרינה,IL,חסה סלנובה מהדרין,Unknown,0.00,יחידה,false,,10.90,0.0000,true,1,296612
7290016823523,false,צנונית ארוזה 500 גרם,מרינה,IL,צנונית ארוזה 500 גרם,גרמים,500.00,100 גרם,false,,7.90,1.5800,true,1,299176
7290016867008,false,לחם מחמצת כוסמין דר,המאפה של דר מרק,IL,לחם מחמצת כוסמין דר,גרמים,750.00,100 גרם,false,,17.90,2.3867,true,1,301929
7290016867039,false,פיתות קלות כוסמין בת,המאפה של דר מרק בריא,IL,פיתות קלות כוסמין בת,גרמים,330.00,100 גרם,false,,14.90,4.5152,true,1,316997
7290016867046,false,פיתות קלות כוסמין במ,המאפה של דר מרק בריא,IL,פיתות קלות כוסמין במ,גרמים,330.00,100 גרם,false,,14.90,4.5152,true,1,316998
7290016867053,false,לחם כוסמין בתוספת מח,המאפה של דר מרק בריא,IL,לחם כוסמין בתוספת מח,גרמים,400.00,100 גרם,false,,18.90,4.7250,true,1,316996
7290016867114,false,לחם כוסמין קל דר מרק,המאפה של דר מרק בריא,IL,לחם כוסמין קל דר מרק,גרמים,500.00,100 גרם,false,,17.90,3.5800,true,1,313388
7290016867152,false,פיתות קלות כוסמין דר,המאפה של דר מרק בריא,IL,פיתות קלות כוסמין דר,גרמים,330.00,100 גרם,false,,13.90,4.2121,true,1,298466
7290016867176,false,לחמניות קלות כוסמין,המאפה של דר מרק,IL,לחמניות קלות כוסמין,גרמים,351.00,100 גרם,false,,13.90,3.9601,true,1,303255
7290016867237,false,לחם כוסמין קל במתיקו,המאפה של דר מרק בריא,IL,לחם כוסמין קל במתיקו,גרמים,400.00,100 גרם,false,,18.90,4.7250,true,1,314871
7290016867244,false,לחמניות מחמצת כוסמין,המאפה של דר מרק בריא,IL,לחמניות מחמצת כוסמין,גרמים,321.00,100 גרם,false,,14.90,4.6417,true,1,311801
7290016882407,false,מחית חציל קלוי על הא,אונטד גידה,TR,מחית חציל קלוי על הא,גרמים,560.00,100 גרם,false,,9.90,1.7679,true,1,307758
7290016882414,false,קונפיטורה שזיפים 70%,שקדיה,IL,קונפיטורה שזיפים 70%,גרמים,450.00,100 גרם,false,,11.90,2.6444,true,1,296962
7290016882421,false,קונפיטורה אפרסק 70%,שקדיה,IL,קונפיטורה אפרסק 70%,גרמים,450.00,100 גרם,false,,11.90,2.6444,true,1,296960
7290016882544,false,זרעי פשתן 300 גרם,דין שיווק,IL,זרעי פשתן 300 גרם,גרמים,300.00,100 גרם,false,,4.90,1.6333,true,1,313472
7290016883091,false,חרדל דיזון שקדיה 350,,FR,חרדל דיזון שקדיה 350,גרמים,350.00,100 גרם,false,,7.90,2.2571,true,1,298549
7290016883107,false,חרדל עם גרגירים שקדי,,FR,חרדל עם גרגירים שקדי,גרמים,350.00,100 גרם,false,,7.90,2.2571,true,1,298548
7290016883176,false,"מוזלי ע""ב פתיתי שוקו",,MK,"מוזלי ע""ב פתיתי שוקו",פריט,1.00,"ק""ג",false,,19.50,19.5000,true,1,298678
7290016967074,false,לחם חיטה מלאה ודגנים,מאפית אנגל,IL,לחם חיטה מלאה ודגנים,גרמים,750.00,100 גרם,false,,13.90,1.8533,true,1,303478
7290016980103,false,בטטה בייבי,אראל תוצרת חקלאית בע,IL,בטטה בייבי,Unknown,0.00,יחידה,false,,3.90,0.0000,true,1,297478
7290017023212,false,מארז שוופס מוגז תפוח,יפאורה תבורי,IL,מארז שוופס מוגז תפוח,קילוגרמים,1.32,ליטר,false,,11.90,9.0152,true,1,300978
7290017023229,false,מארז שוופס תות ליים,יפאורה תבורי,IL,מארז שוופס תות ליים,קילוגרמים,1.32,ליטר,false,,11.90,9.0152,true,1,300980
7290017023236,false,מארז שוופס מוגז ענבי,יפאורה תבורי,IL,מארז שוופס מוגז ענבי,קילוגרמים,1.32,ליטר,false,,11.90,9.0152,true,1,300979
7290017023663,false,מארז שוופס מוגז פירו,יפאורה תבורי,IL,מארז שוופס מוגז פירו,קילוגרמים,1.32,ליטר,false,,11.90,9.0152,true,1,302426
7290017023809,false,מארז ספרינג אגס סברס,יפאורה תבורי,IL,מארז ספרינג אגס סברס,קילוגרמים,1.00,ליטר,false,,10.90,10.9000,true,1,307860
7290017023816,false,מארז ספרינג פירות טר,יפאורה תבורי,IL,מארז ספרינג פירות טר,קילוגרמים,1.00,ליטר,false,,10.90,10.9000,true,1,307861
7290017023823,false,מארז ספרינג תות בננה,יפאורה תבורי,IL,מארז ספרינג תות בננה,קילוגרמים,1.00,ליטר,false,,10.90,10.9000,true,1,307862
7290017062686,false,מרכך מרוכז טאצ' בייב,סאסאטק,IL,מרכך מרוכז טאצ' בייב,קילוגרמים,1.00,ליטר,false,,9.90,9.9000,true,1,323880
7290017062693,false,מרכך מרוכז טאצ' לבן,סאסאטק,IL,מרכך מרוכז טאצ' לבן,קילוגרמים,1.00,ליטר,false,,9.90,9.9000,true,1,323881
7290017062716,false,מרכך מרוכז טאצ' ורוד,סאסאטק,IL,מרכך מרוכז טאצ' ורוד,קילוגרמים,1.00,ליטר,false,,9.90,9.9000,true,1,323883
7290017065007,false,גבינת מוצרלה פרוסות,מחלבות גד,IL,גבינת מוצרלה פרוסות,גרמים,200.00,100 גרם,false,,16.90,8.4500,true,1,296535
7290017065137,false,גבינת ריקוטה 5% גד 2,מחלבות גד,IL,גבינת ריקוטה 5% גד 2,גרמים,250.00,100 גרם,false,,7.90,3.1600,true,1,300165
7290017065144,false,גבינת ריקוטה בזיליקו,מחלבות גד,IL,גבינת ריקוטה בזיליקו,גרמים,250.00,100 גרם,false,,7.90,3.1600,true,1,300166
7290017065168,false,גבינה כחולה 30% גד 1,st clemens,,גבינה כחולה 30% גד 1,גרמים,100.00,100 גרם,false,,14.90,14.9000,true,1,301196
7290017065175,false,גבינה מנצגו פרוס 39%,queserias entrepinar,ES,גבינה מנצגו פרוס 39%,גרמים,150.00,100 גרם,false,,19.90,13.2667,true,1,301195
7290017065212,false,קרם מסקרפונה 38% גד,מחלבות גד,IL,קרם מסקרפונה 38% גד,גרמים,250.00,100 גרם,false,,15.90,6.3600,true,1,311359
7290017065304,false,גבינת שמנת טבעי 30%,מחלבות גד,IL,גבינת שמנת טבעי 30%,גרמים,200.00,100 גרם,false,,9.90,4.9500,true,1,301197
7290017065526,false,גבינה קוואטרו פורמאג,מחלבות גד,IL,גבינה קוואטרו פורמאג,גרמים,300.00,100 גרם,false,,19.90,6.6333,true,1,317234
7290017065649,false,קרם פטיסייר גד 250 ג,מחלבות גד,IL,קרם פטיסייר גד 250 ג,גרמים,250.00,100 גרם,false,,15.90,6.3600,true,1,311360
7290017065786,false,גבינת צ'דר גד 200 גר,מחלבות גד,IL,גבינת צ'דר גד 200 גר,גרמים,200.00,100 גרם,false,,17.90,8.9500,true,1,320213
7290017065878,false,מק אנד צ'יז רוטב לפ,מחלבות גד,IL,מק אנד צ'יז רוטב לפ,גרמים,200.00,100 גרם,false,,14.90,7.4500,true,1,322953
7290017068374,false,שמרים יבשים מיה 500,angle yeast co ltd,CN,שמרים יבשים מיה 500,גרמים,500.00,100 גרם,false,,8.90,1.7800,true,1,306140
7290017068534,false,אגוז טחון מיה 300 גר,מיה תעשיות מזון בעמ,IL,אגוז טחון מיה 300 גר,גרמים,300.00,100 גרם,false,,19.90,6.6333,true,1,305392
7290017068541,false,אגוזים גרוסים מיה 30,מיה תעשיות מזון בעמ,IL,אגוזים גרוסים מיה 30,גרמים,300.00,100 גרם,false,,19.90,6.6333,true,1,305391
7290017068558,false,שקדים טחונים מיה 300,מיה תעשיות מזון בעמ,IL,שקדים טחונים מיה 300,גרמים,300.00,100 גרם,false,,22.90,7.6333,true,1,305396
7290017068565,false,שקדים גרוסים מיה 300,מיה תעשיות מזון בעמ,IL,שקדים גרוסים מיה 300,גרמים,300.00,100 גרם,false,,14.90,4.9667,true,1,305397
7290017068596,false,שקד מולבן פרוס מיה 3,מיה תעשיות מזון בעמ,IL,שקד מולבן פרוס מיה 3,גרמים,300.00,100 גרם,false,,24.90,8.3000,true,1,305418
7290017068602,false,שקד מולבן שבבים מיה,מיה תעשיות מזון בעמ,IL,שקד מולבן שבבים מיה,גרמים,300.00,100 גרם,false,,24.90,8.3000,true,1,305427
7290017068626,false,אגוז פקאן טבעי מיה 2,מיה תעשיות מזון בעמ,IL,אגוז פקאן טבעי מיה 2,גרמים,200.00,100 גרם,false,,22.90,11.4500,true,1,305421
7290017068633,false,שקד טבעי מיה 300 גרם,מיה תעשיות מזון בעמ,IL,שקד טבעי מיה 300 גרם,גרמים,300.00,100 גרם,false,,22.90,7.6333,true,1,305395
7290017068640,false,אגוז מלך טבעי מיה 20,מיה תעשיות מזון בעמ,IL,אגוז מלך טבעי מיה 20,גרמים,200.00,100 גרם,false,,14.90,7.4500,true,1,305419
7290017068657,false,פקאן סיני מיה 200 גר,מיה תעשיות מזון בעמ,IL,פקאן סיני מיה 200 גר,גרמים,200.00,100 גרם,false,,22.90,11.4500,true,1,305422
7290017068664,false,גרעין חמניה קלוף מיה,מיה תעשיות מזון בעמ,IL,גרעין חמניה קלוף מיה,גרמים,200.00,100 גרם,false,,6.90,3.4500,true,1,305420
7290017068671,false,צנובר מיה 150 גרם,מיה תעשיות מזון בעמ,IL,צנובר מיה 150 גרם,גרמים,150.00,100 גרם,false,,32.90,21.9333,true,1,305425
7290017068688,false,גרעין דלעת קלוף מיה,מיה תעשיות מזון בעמ,IL,גרעין דלעת קלוף מיה,גרמים,150.00,100 גרם,false,,7.90,5.2667,true,1,305423
7290017068725,false,תערובת קטניות לחמין,מיה תעשיות מזון בעמ,IL,תערובת קטניות לחמין,פריט,1.40,"ק""ג",false,,19.90,14.2143,true,1,309169
7290017068770,false,אגוזי מלך טבעי מיה 4,מיה תעשיות מזון בעמ,IL,אגוזי מלך טבעי מיה 4,גרמים,400.00,100 גרם,false,,29.90,7.4750,true,1,310504
7290017068787,false,אגוזי מלך טחונים מיה,מיה תעשיות מזון בעמ,IL,אגוזי מלך טחונים מיה,גרמים,400.00,100 גרם,false,,29.90,7.4750,true,1,310499
7290017068800,false,שקדים טבעי מיה 400 ג,מיה תעשיות מזון בעמ,IL,שקדים טבעי מיה 400 ג,גרמים,400.00,100 גרם,false,,29.90,7.4750,true,1,310685
7290017068954,false,אורז בסמטי סלקטד 1 ק,מיה תעשיות מזון בעמ,IL,אורז בסמטי סלקטד 1 ק,פריט,1.00,"ק""ג",false,,11.90,11.9000,true,1,314198
7290017079189,false,לפתן אננס חתוך דק טע,פ.ת גרייט פנאפל,ID,לפתן אננס חתוך דק טע,גרמים,825.00,100 גרם,false,,7.90,0.9576,true,1,312117
7290017079677,false,שוקולד חלב טעמן 270,מילאנו ספולקה זד,PL,שוקולד חלב טעמן 270,גרמים,270.00,100 גרם,false,,11.90,4.4074,true,1,315586
7290017079684,false,שוקולד מריר טעמן 270,מילאנו ספולקה זד,PL,שוקולד מריר טעמן 270,גרמים,270.00,100 גרם,false,,11.90,4.4074,true,1,315587
7290017079691,false,שוקולד חלב עם אגוזים,מילאנו ספולקה זד,PL,שוקולד חלב עם אגוזים,גרמים,270.00,100 גרם,false,,11.90,4.4074,true,1,315588
7290017079707,false,שוקולד מריר עם אגוזי,מילאנו ספולקה זד,PL,שוקולד מריר עם אגוזי,גרמים,270.00,100 גרם,false,,11.90,4.4074,true,1,315589
7290017079714,false,שוקולד חלב עם בוטנים,מילאנו ספולקה זד,PL,שוקולד חלב עם בוטנים,גרמים,270.00,100 גרם,false,,11.90,4.4074,true,1,315590
7290017079738,false,שוקולד טעמן מריר 5*1,מילאנו ספולקה זד,PL,שוקולד טעמן מריר 5*1,גרמים,500.00,100 גרם,false,,16.90,3.3800,true,1,322830
7290017079806,false,שוקולד טעמן חלב 100,אס.קיי ראיס אינטרנשי,PL,שוקולד טעמן חלב 100,גרמים,100.00,100 גרם,false,,4.90,4.9000,true,1,324313
7290017079813,false,שוקולד טעמן מריר 100,אס.קיי ראיס אינטרנשי,PL,שוקולד טעמן מריר 100,גרמים,100.00,100 גרם,false,,4.90,4.9000,true,1,323430
7290017084398,false,מאגדת בריבוע סוכריות,יוואו גאק פוד,CN,מאגדת בריבוע סוכריות,Unknown,0.00,יחידה,false,,9.90,0.0000,true,1,299730
7290017088402,false,מטליות לחות לניקוי כ,D.P.L,IL,מטליות לחות לניקוי כ,Unknown,0.00,יחידה,false,,19.90,0.0000,true,1,311755
7290017088426,false,מגבונים קשת עבים פרי,D.P.L,IL,מגבונים קשת עבים פרי,Unknown,0.00,יחידה,false,,19.90,0.0000,true,1,311771
7290017088464,false,תחבושות טופ פד סופגנ,D.P.L,IT,תחבושות טופ פד סופגנ,Unknown,0.00,יחידה,false,,14.90,0.0000,true,1,314004
7290017088495,false,תחבושות טופ פד אקסטר,D.P.L,IT,תחבושות טופ פד אקסטר,Unknown,0.00,יחידה,false,,8.90,0.0000,true,1,314005
7290017088501,false,תחבושות טופ פד אקסטר,D.P.L,IT,תחבושות טופ פד אקסטר,Unknown,0.00,יחידה,false,,8.90,0.0000,true,1,314006
7290017094830,false,סלט גזר פיקנטי אסלי,סלטי שמיר 2006 בעמ,IL,סלט גזר פיקנטי אסלי,גרמים,400.00,100 גרם,false,,10.90,2.7250,true,1,303710
7290017094847,false,סלט תפוא אסלי 400 גר,סלטי שמיר 2006 בעמ,IL,סלט תפוא אסלי 400 גר,גרמים,400.00,100 גרם,false,,10.90,2.7250,true,1,303709
7290017094854,false,סלט קולסלאו אסלי 400,סלטי שמיר 2006 בעמ,IL,סלט קולסלאו אסלי 400,גרמים,400.00,100 גרם,false,,10.90,2.7250,true,1,303711
7290017094861,false,סלט חומוס מסבחה אסלי,סלטי שמיר 2006 בעמ,IL,סלט חומוס מסבחה אסלי,גרמים,400.00,100 גרם,false,,10.90,2.7250,true,1,303708
7290017100395,false,כפפות לטקס עם אבקה מ,פאלאס,ID,כפפות לטקס עם אבקה מ,Unknown,0.00,יחידה,false,,16.90,0.0000,true,1,325236
7290017100401,false,כפפות לטקס עם אבקה פ,פאלאס,ID,כפפות לטקס עם אבקה פ,Unknown,0.00,יחידה,false,,16.90,0.0000,true,1,325248
7290017100418,false,כפפות לטקס עם אבקה מ,פאלאס,ID,כפפות לטקס עם אבקה מ,Unknown,0.00,יחידה,false,,16.90,0.0000,true,1,325237
7290017105369,false,סירופ יכין אייס תה ד,יכין,IL,סירופ יכין אייס תה ד,קילוגרמים,1.00,ליטר,false,,16.70,16.7000,true,1,306131
7290017105895,false,גרגירי חומוס להכנת ח,זנלכל,IL,גרגירי חומוס להכנת ח,גרמים,560.00,100 גרם,false,,8.90,1.5893,true,1,315856
7290017129495,false,אגו מיקס כדורים שוקו,כרמית,IL,אגו מיקס כדורים שוקו,גרמים,55.00,100 גרם,false,,3.90,7.0909,true,1,299603
7290017129501,false,אגו מיקס כדורים שוקו,כרמית,IL,אגו מיקס כדורים שוקו,גרמים,55.00,100 גרם,false,,3.90,7.0909,true,1,299605
7290017129754,false,שוקולד אגו מריר 70%,כרמית,IL,שוקולד אגו מריר 70%,גרמים,100.00,100 גרם,false,,7.80,7.8000,true,1,322820
7290017129761,false,שוקולד אגו מריר 70%,כרמית,IL,שוקולד אגו מריר 70%,גרמים,100.00,100 גרם,false,,7.80,7.8000,true,1,322821
7290017129778,false,שוקולד אגו מריר 70%,כרמית,IL,שוקולד אגו מריר 70%,גרמים,100.00,100 גרם,false,,7.80,7.8000,true,1,322817
7290017129839,false,שוקולד אגו מריר 70%,כרמית,IL,שוקולד אגו מריר 70%,גרמים,100.00,100 גרם,false,,7.80,7.8000,true,1,322818
7290017129884,false,שוקולד אגו מריר 5*85,,,שוקולד אגו מריר 5*85,גרמים,425.00,100 גרם,false,,14.90,3.5059,true,1,316220
7290017142166,false,פילה טונה בשמן זית ע,"יוניקורד ח.צ בע""מ",TH,פילה טונה בשמן זית ע,גרמים,120.00,100 גרם,false,,14.90,12.4167,true,1,308040
7290017142180,false,פילה טונה בשמן זית ו,"יוניקורד ח.צ בע""מ",TH,פילה טונה בשמן זית ו,גרמים,120.00,100 גרם,false,,14.90,12.4167,true,1,308041
7290017142203,false,פילה טונה בשמן זית מ,"יוניקורד ח.צ בע""מ",TH,פילה טונה בשמן זית מ,גרמים,120.00,100 גרם,false,,14.90,12.4167,true,1,308042
7290017221267,false,יין חירות מסובין קינ,יקב חירות,IL,יין חירות מסובין קינ,מיליליטרים,750.00,"100 מ""ל",false,,149.90,19.9867,true,1,320965
7290017266398,false,מארז גליליות עלמה למ,גילרו,IL,מארז גליליות עלמה למ,גרמים,150.00,100 גרם,false,,14.90,9.9333,true,1,324778
7290017266886,false,גליליות ופל במילוי ק,עלמה,IL,גליליות ופל במילוי ק,גרמים,500.00,100 גרם,false,,11.90,2.3800,true,1,320881
7290017266893,false,גליליות ופל במילוי ק,עלמה,IL,גליליות ופל במילוי ק,גרמים,500.00,100 גרם,false,,11.90,2.3800,true,1,320882
7290017266909,false,ופלים בטעם שוקולד עם,,IL,ופלים בטעם שוקולד עם,גרמים,200.00,100 גרם,false,,3.90,1.9500,true,1,324142
7290017275338,false,טחינה טורקיז 500 גרם,אחדות ביחר לטחינה חל,IL,טחינה טורקיז 500 גרם,גרמים,500.00,100 גרם,false,,12.90,2.5800,true,1,319457
7290017275345,false,טחינה אחוה לחיץ 350,אחדות ביחר לטחינה חל,IL,טחינה אחוה לחיץ 350,גרמים,350.00,100 גרם,false,,7.90,2.2571,true,1,320850
7290017275369,false,טחינה שומשום מלא טור,אחדות ביחר לטחינה חל,IL,טחינה שומשום מלא טור,גרמים,500.00,100 גרם,false,,12.90,2.5800,true,1,319458
7290017275413,false,מיני קצפיות בטעם וני,אחדות ביחר לטחינה חל,IL,מיני קצפיות בטעם וני,גרמים,140.00,100 גרם,false,,7.90,5.6429,true,1,320848
7290017275420,false,מיני קצפיות בטעם תות,אחדות ביחר לטחינה חל,IL,מיני קצפיות בטעם תות,גרמים,140.00,100 גרם,false,,7.90,5.6429,true,1,320849
7290017275437,false,מיני קצפיות בטעם פיר,אחדות ביחר לטחינה חל,IL,מיני קצפיות בטעם פיר,גרמים,140.00,100 גרם,false,,7.90,5.6429,true,1,320851
7290017275482,false,סירופ אחוה בטעם ענבי,אחדות ביחר לטחינה חל,IL,סירופ אחוה בטעם ענבי,מיליליטרים,900.00,"100 מ""ל",false,,14.90,1.6556,true,1,321081
7290017275499,false,סירופ אחוה בטעם אננס,אחדות ביחר לטחינה חל,IL,סירופ אחוה בטעם אננס,מיליליטרים,900.00,"100 מ""ל",false,,14.90,1.6556,true,1,321082
7290017275505,false,סירופ אחוה בטעם פטל,אחדות ביחר לטחינה חל,IL,סירופ אחוה בטעם פטל,מיליליטרים,900.00,"100 מ""ל",false,,14.90,1.6556,true,1,321083
7290017285702,false,"סרקל קרם רוזמרין ד""ר",פישר מעבדות פרמצבטיו,IL,"סרקל קרם רוזמרין ד""ר",גרמים,325.00,100 גרם,false,,22.90,7.0462,true,1,308986
7290017285733,false,"מרכך סרקל ד""ר פישר 2",פישר מעבדות פרמצבטיו,IL,"מרכך סרקל ד""ר פישר 2",קילוגרמים,2.00,ליטר,false,,34.90,17.4500,true,1,308987
7290017285764,false,"שמפו סרקל ד""ר פישר 2",פישר מעבדות פרמצבטיו,IL,"שמפו סרקל ד""ר פישר 2",קילוגרמים,2.00,ליטר,false,,34.90,17.4500,true,1,308988
7290017289168,false,יין ישראלי אדום יבש,יקב טפרברג 1870 בעמ,IL,יין ישראלי אדום יבש,מיליליטרים,750.00,"100 מ""ל",false,,19.90,2.6533,true,1,304580
7290017289175,false,יין ישראלי פטיט סירה,יקב טפרברג 1870 בעמ,IL,יין ישראלי פטיט סירה,מיליליטרים,750.00,"100 מ""ל",false,,19.90,2.6533,true,1,304581
7290017289182,false,יין ישראלי לבן חצי י,יקב טפרברג 1870 בעמ,IL,יין ישראלי לבן חצי י,מיליליטרים,750.00,"100 מ""ל",false,,19.90,2.6533,true,1,304583
7290017289199,false,יין ישראלי לבן יבש,יקב טפרברג 1870 בעמ,IL,יין ישראלי לבן יבש,מיליליטרים,750.00,"100 מ""ל",false,,19.90,2.6533,true,1,304582
7290017289205,false,יין ישראלי קברנה סוב,יקב טפרברג 1870 בעמ,IL,יין ישראלי קברנה סוב,מיליליטרים,750.00,"100 מ""ל",false,,19.90,2.6533,true,1,304579
7290017289601,false,יין אימפרשן לבנד לבן,יקב טפרברג 1870 בעמ,IL,יין אימפרשן לבנד לבן,מיליליטרים,750.00,"100 מ""ל",false,,49.90,6.6533,true,1,323566
7290017289618,false,יין אימפרשן קברנה פט,יקב טפרברג 1870 בעמ,IL,יין אימפרשן קברנה פט,מיליליטרים,750.00,"100 מ""ל",false,,49.90,6.6533,true,1,312935
7290017289908,false,יין אלגרו למבורסקו א,יקב טפרברג 1870 בעמ,IL,יין אלגרו למבורסקו א,מיליליטרים,750.00,"100 מ""ל",false,,34.90,4.6533,true,1,323565
7290017303420,false,"בורקס תפו""א בון בייק",מאפיית אריאל,IL,"בורקס תפו""א בון בייק",פריט,1.40,"ק""ג",false,,16.90,12.0714,true,1,303697
7290017303437,false,בורקס גבינה בון בייק,מאפיית אריאל,IL,בורקס גבינה בון בייק,פריט,1.20,"ק""ג",false,,16.90,14.0833,true,1,303696
7290017303444,false,גחנון בון בייקרי 1.2,מאפיית אריאל,IL,גחנון בון בייקרי 1.2,פריט,1.20,"ק""ג",false,,16.90,14.0833,true,1,303698
7290017303451,false,מלוואח בון בייקרי 1.,מאפיית אריאל,IL,מלוואח בון בייקרי 1.,פריט,1.20,"ק""ג",false,,16.90,14.0833,true,1,303695
7290017304885,false,לחם שיפון וחיטה מלאה,מאפית אנגל,IL,לחם שיפון וחיטה מלאה,גרמים,750.00,100 גרם,false,,13.90,1.8533,true,1,307845
7290017339610,false,חלה בריוש 6 כדורים ה,המחמצת,IL,חלה בריוש 6 כדורים ה,גרמים,600.00,100 גרם,false,,15.90,2.6500,true,1,314147
7290017339627,false,חלת בריוש כתר המחמצת,המחמצת,IL,חלת בריוש כתר המחמצת,גרמים,550.00,100 גרם,false,,16.90,3.0727,true,1,314148
7290017396132,false,לחם כוסמין חמניות תב,המחמצת,IL,לחם כוסמין חמניות תב,גרמים,560.00,100 גרם,false,,16.90,3.0179,true,1,314091
7290017396163,false,לחם שיפון 70% אובלי,המחמצת,IL,לחם שיפון 70% אובלי,גרמים,560.00,100 גרם,false,,15.90,2.8393,true,1,314092
7290017396170,false,לחם שאור איטלקי המחמ,המחמצת,IL,לחם שאור איטלקי המחמ,גרמים,560.00,100 גרם,false,,15.90,2.8393,true,1,314093
7290017396187,false,לחם קלמטה אובלי המחמ,המחמצת,IL,לחם קלמטה אובלי המחמ,גרמים,560.00,100 גרם,false,,16.90,3.0179,true,1,314094
7290017396217,false,לחם דגנים אובלי המחמ,המחמצת,IL,לחם דגנים אובלי המחמ,גרמים,560.00,100 גרם,false,,15.90,2.8393,true,1,314095
7290017396224,false,לחם כוסמין אובלי המח,המחמצת,IL,לחם כוסמין אובלי המח,גרמים,560.00,100 גרם,false,,15.90,2.8393,true,1,314096
7290017396231,false,לחם בצל תבנית המחמצת,המחמצת,IL,לחם בצל תבנית המחמצת,גרמים,560.00,100 גרם,false,,16.90,3.0179,true,1,314804
7290017396293,false,לחם כפרי צרפתי אובלי,המחמצת,IL,לחם כפרי צרפתי אובלי,גרמים,560.00,100 גרם,false,,15.90,2.8393,true,1,314097
7290017396316,false,לחם עגבניות אובלי המ,המחמצת,IL,לחם עגבניות אובלי המ,גרמים,560.00,100 גרם,false,,16.90,3.0179,true,1,314098
7290017457598,false,מרכך סוד פריחת קיץ 9,הנקל סוד,IL,מרכך סוד פריחת קיץ 9,מיליליטרים,900.00,"100 מ""ל",false,,11.90,1.3222,true,1,308229
7290017457871,false,גל סוד ווילד רוז 4,הנקל סוד,IL,גל סוד ווילד רוז 4,קילוגרמים,4.00,ליטר,false,,34.50,8.6250,true,1,311532
7290017457888,false,גל סוד פרש סקיי 4 ל,הנקל סוד,IL,גל סוד פרש סקיי 4 ל,קילוגרמים,4.00,ליטר,false,,34.50,8.6250,true,1,311533
7290017477169,false,קשיו 250 גרם,ששון,IL,קשיו 250 גרם,גרמים,250.00,100 גרם,false,,20.00,8.0000,true,1,301133
7290017513393,false,תה ירוק סופר גרין 25,ויסוצקי,IL,תה ירוק סופר גרין 25,גרמים,38.00,100 גרם,false,,21.90,57.6316,true,1,309004
7290017513409,false,תה ירוק עם צמחים סגו,ויסוצקי,IL,תה ירוק עם צמחים סגו,גרמים,38.00,100 גרם,false,,21.90,57.6316,true,1,309003
7290017589565,false,יין קלאסיק גוורצטרמי,יקבי ברקן,IL,יין קלאסיק גוורצטרמי,מיליליטרים,750.00,"100 מ""ל",false,,31.90,4.2533,true,1,325258
7290017589633,false,יין רזרב גולד קברנה,יקבי ברקן,IL,יין רזרב גולד קברנה,מיליליטרים,750.00,"100 מ""ל",false,,37.90,5.0533,true,1,305092
7290017599250,false,ממתיק סוכרזית קלאסי,ביסקול בעמ,IL,ממתיק סוכרזית קלאסי,גרמים,120.00,100 גרם,false,,15.50,12.9167,true,1,324098
7290017599267,false,ממתיק סוכרלוז סוכרזי,ביסקול בעמ,IL,ממתיק סוכרלוז סוכרזי,גרמים,120.00,100 גרם,false,,24.50,20.4167,true,1,324133
7290017599274,false,ממתיק סוכרזית סטיווי,ביסקול בעמ,IL,ממתיק סוכרזית סטיווי,גרמים,120.00,100 גרם,false,,29.90,24.9167,true,1,324096
7290017599304,false,ממתיק סוכרזית סטיווי,ביסקול בעמ,IL,ממתיק סוכרזית סטיווי,גרמים,400.00,100 גרם,false,,33.90,8.4750,true,1,324097
7290017616001,false,שעועית ירוקה שלמה ור,נ.ת.נ.ג.ב החזקות,BE,שעועית ירוקה שלמה ור,גרמים,800.00,100 גרם,false,,6.50,0.8125,true,1,321741
7290017616025,false,שעועית ירוקה חתוכה ו,נ.ת.נ.ג.ב החזקות,BE,שעועית ירוקה חתוכה ו,גרמים,800.00,100 גרם,false,,6.50,0.8125,true,1,321742
7290017616032,false,שעועית צהובה חתוכה ו,נ.ת.נ.ג.ב החזקות,BE,שעועית צהובה חתוכה ו,גרמים,800.00,100 גרם,false,,6.50,0.8125,true,1,321743
7290017616490,false,פילה ברבוניה,,,פילה ברבוניה,Unknown,0.00,יחידה,false,,16.90,0.0000,true,1,324837
7290017616513,false,אפונה עדינה אינדירה,הוראפרוסט,BE,אפונה עדינה אינדירה,פריט,1.00,"ק""ג",false,,17.90,17.9000,true,1,316223
7290017616520,false,"במיה אינדירה 1 ק""ג",גרין האוס,EG,"במיה אינדירה 1 ק""ג",פריט,1.00,"ק""ג",false,,13.90,13.9000,true,1,315626
7290017616537,false,חומוס גרגירים אינדיר,הוראפרוסט,BE,חומוס גרגירים אינדיר,פריט,1.00,"ק""ג",false,,13.90,13.9000,true,1,317261
7290017616544,false,"תירס אינדירה 1 ק""ג",הוראפרוסט,BE,"תירס אינדירה 1 ק""ג",פריט,1.00,"ק""ג",false,,10.90,10.9000,true,1,316328
7290017616551,false,אפונה וגזר אינדירה 1,הוראפרוסט,BE,אפונה וגזר אינדירה 1,פריט,1.00,"ק""ג",false,,10.90,10.9000,true,1,316224
7290017616568,false,לקט העונה אינדירה 1,הוראפרוסט,BE,לקט העונה אינדירה 1,פריט,1.00,"ק""ג",false,,10.90,10.9000,true,1,316225
7290017616575,false,"פול אינדירה 1 ק""ג",ג'קסיאן הינגשינגפודס,CN,"פול אינדירה 1 ק""ג",פריט,1.00,"ק""ג",false,,13.90,13.9000,true,1,316329
7290017616629,false,שעועית ירוקה שלמה עד,הוראפרוסט,BE,שעועית ירוקה שלמה עד,פריט,1.00,"ק""ג",false,,17.90,17.9000,true,1,316226
7290017616643,false,תחתיות ארטישוק אינדי,גרין האוס,EG,תחתיות ארטישוק אינדי,פריט,1.00,"ק""ג",false,,19.90,19.9000,true,1,315627
7290017616650,false,לקט לקוסקוס אינדירה,הוראפרוסט,BE,לקט לקוסקוס אינדירה,פריט,1.00,"ק""ג",false,,10.90,10.9000,true,1,316227
7290017616667,false,שעועית לבנה אינדירה,הוראפרוסט,BE,שעועית לבנה אינדירה,פריט,1.00,"ק""ג",false,,13.90,13.9000,true,1,316312
7290017616674,false,גזר גמדי אינדירה 1 ק,הוראפרוסט,BE,גזר גמדי אינדירה 1 ק,פריט,1.00,"ק""ג",false,,9.90,9.9000,true,1,316228
7290017617046,false,טונה בשמן זית ס.ק. 4,דרדנל,TR,טונה בשמן זית ס.ק. 4,גרמים,560.00,100 גרם,false,,24.90,4.4464,true,1,309274
7290017617275,false,ממרח טונה ס.ק 3*160,סטארקיסט,IL,ממרח טונה ס.ק 3*160,גרמים,480.00,100 גרם,false,,17.90,3.7292,true,1,317819
7290017617282,false,טונה בשמן יונה 4*140,טונה וייטנאם קומפני,VN,טונה בשמן יונה 4*140,גרמים,560.00,100 גרם,false,,16.90,3.0179,true,1,324916
7290017641379,false,שוקולד אגו חלב 5*85,כרמית,,שוקולד אגו חלב 5*85,גרמים,425.00,100 גרם,false,,14.90,3.5059,true,1,316013
7290017641720,false,שוקולד אגו מריר 70%,כרמית,IL,שוקולד אגו מריר 70%,גרמים,100.00,100 גרם,false,,7.80,7.8000,true,1,322819
7290017641737,false,שוקולד אגו מריר 70%,כרמית,IL,שוקולד אגו מריר 70%,גרמים,100.00,100 גרם,false,,7.80,7.8000,true,1,322824
7290017648019,false,יין בית אל הריטאז' 2,יקב בית אל,IL,יין בית אל הריטאז' 2,מיליליטרים,750.00,"100 מ""ל",false,,119.90,15.9867,true,1,320646
7290017696393,false,בורגר פטריות מן הצומ,מרינה פטריות,IL,בורגר פטריות מן הצומ,גרמים,520.00,100 גרם,false,,19.90,3.8269,true,1,313251
7290017696690,false,כוסברה מהדרין,יבולי הכפר,IL,כוסברה מהדרין,Unknown,0.00,יחידה,false,,6.90,0.0000,true,1,319331
7290017696706,false,פטרוזיליה מהדרין,,,פטרוזיליה מהדרין,Unknown,0.00,יחידה,false,,6.90,0.0000,true,1,319332
7290017696713,false,שמיר יח,מרינה,IL,שמיר יח,Unknown,0.00,יחידה,false,,6.90,0.0000,true,1,308737
7290017712505,false,"מחית תפו""ע פרינוק 4*",HME,CZ,"מחית תפו""ע פרינוק 4*",גרמים,760.00,100 גרם,false,,16.90,2.2237,true,1,317078
7290017712512,false,"מחית תפו""ע ובננה פרי",HME,CZ,"מחית תפו""ע ובננה פרי",גרמים,760.00,100 גרם,false,,16.90,2.2237,true,1,317079
7290017712529,false,מחית סלט פירות פרינו,HME,CZ,מחית סלט פירות פרינו,גרמים,760.00,100 גרם,false,,16.90,2.2237,true,1,317080
7290017712536,false,מחית לפתן פירות פרינ,HME,CZ,מחית לפתן פירות פרינ,גרמים,760.00,100 גרם,false,,16.90,2.2237,true,1,317081
7290017812052,false,יין אקסלנס שיראז קבר,יקבי כרמל,IL,יין אקסלנס שיראז קבר,מיליליטרים,750.00,"100 מ""ל",false,,21.90,2.9200,true,1,304665
7290017812069,false,יין אקסלנס ריזלינג ש,יקבי כרמל,IL,יין אקסלנס ריזלינג ש,מיליליטרים,750.00,"100 מ""ל",false,,21.90,2.9200,true,1,304666
7290017812144,false,יין ישן נושן מתוק 63,יקבי כרמל,IL,יין ישן נושן מתוק 63,מיליליטרים,630.00,"100 מ""ל",false,,9.90,1.5714,true,1,304551
7290017812595,false,יין ישן נושן לייט 3.,יקבי כרמל,IL,יין ישן נושן לייט 3.,מיליליטרים,750.00,"100 מ""ל",false,,14.90,1.9867,true,1,316586
7290017812649,false,מיץ ענבים תירוש לבן,יקבי כרמל,IL,מיץ ענבים תירוש לבן,קילוגרמים,1.20,ליטר,false,,19.90,16.5833,true,1,309935
7290017812656,false,תירוש מבעבע אדום כרמ,יקבי כרמל,IL,תירוש מבעבע אדום כרמ,מיליליטרים,750.00,"100 מ""ל",false,,19.90,2.6533,true,1,315763
7290017812663,false,תירוש מבעבע לבן כרמל,יקבי כרמל,IL,תירוש מבעבע לבן כרמל,מיליליטרים,750.00,"100 מ""ל",false,,19.90,2.6533,true,1,315764
7290017812847,false,יין סלקטד פרנץ גוורצ,יקבי כרמל,IL,יין סלקטד פרנץ גוורצ,מיליליטרים,750.00,"100 מ""ל",false,,28.90,3.8533,true,1,315504
7290017812861,false,יין וינו לבן יבש,יקבי כרמל,IL,יין וינו לבן יבש,מיליליטרים,750.00,"100 מ""ל",false,,17.90,2.3867,true,1,315505
7290017812878,false,יין אקסלנס רוזה,יקבי כרמל,IL,יין אקסלנס רוזה,מיליליטרים,750.00,"100 מ""ל",false,,21.90,2.9200,true,1,315506
7290017812885,false,יין פ.קולקשיין סובינ,יקבי כרמל,IL,יין פ.קולקשיין סובינ,מיליליטרים,750.00,"100 מ""ל",false,,32.90,4.3867,true,1,317274
7290017812977,false,יין באז ספארקלינג אנ,יקבי כרמל,IL,יין באז ספארקלינג אנ,מיליליטרים,750.00,"100 מ""ל",false,,19.90,2.6533,true,1,317264
7290017864648,false,כוסברה בוסתן פרימיום,ברכת קטיף,IL,כוסברה בוסתן פרימיום,Unknown,0.00,יחידה,false,,5.90,0.0000,true,1,312035
7290017864655,false,פטרוזיליה בוסתן פרימ,ברכת קטיף,IL,פטרוזיליה בוסתן פרימ,Unknown,0.00,יחידה,false,,4.90,0.0000,true,1,312036
7290017864662,false,שמיר בוסתן פרימיום,ברכת קטיף,IL,שמיר בוסתן פרימיום,Unknown,0.00,יחידה,false,,5.90,0.0000,true,1,312033
7290017864679,false,נענע בוסתן פרימיום,ברכת קטיף,IL,נענע בוסתן פרימיום,Unknown,0.00,יחידה,false,,5.90,0.0000,true,1,312037
7290017864686,false,סלרי עלים בוסתן,ברכת קטיף,IL,סלרי עלים בוסתן,Unknown,0.00,יחידה,false,,5.90,0.0000,true,1,312028
7290017864709,false,עלי מנגולד,ברכת קטיף,IL,עלי מנגולד,Unknown,0.00,יחידה,false,,6.90,0.0000,true,1,312030
7290017864730,false,לבבות חסה פרימיום בו,ברכת קטיף,IL,לבבות חסה פרימיום בו,Unknown,0.00,יחידה,false,,10.90,0.0000,true,1,312060
7290017864754,false,בצל ירוק בוסתן,ברכת קטיף,IL,בצל ירוק בוסתן,Unknown,0.00,יחידה,false,,6.90,0.0000,true,1,312031
7290017871967,false,ג'לי אננס טוסו ללא ס,אשבל,IL,ג'לי אננס טוסו ללא ס,גרמים,25.00,100 גרם,false,,8.90,35.6000,true,1,321070
7290017883267,false,אצבעות טופי בטעם ענב,תיאס גידה ג'י או אס,TR,אצבעות טופי בטעם ענב,גרמים,368.00,100 גרם,false,,8.90,2.4185,true,1,312941
7290017883298,false,טופי ממולא 2 צבעים ל,תיאס גידה ג'י או אס,TR,טופי ממולא 2 צבעים ל,גרמים,200.00,100 גרם,false,,5.90,2.9500,true,1,318251
7290017883366,false,סוכריות קופצות בטעם,האלקס גידה,TR,סוכריות קופצות בטעם,גרמים,48.00,100 גרם,false,,9.90,20.6250,true,1,318254
7290017884141,false,עוגיות מלוחות קצח שי,מאפיית ישראל חיפה,IL,עוגיות מלוחות קצח שי,גרמים,500.00,100 גרם,false,,11.50,2.3000,true,1,304689
7290017884158,false,עוגיות מלוחות שומשום,מאפיית ישראל חיפה,IL,עוגיות מלוחות שומשום,גרמים,500.00,100 גרם,false,,11.50,2.3000,true,1,304690
7290017884172,false,עוגיות מרוקאיות שירה,מאפיית ישראל חיפה,IL,עוגיות מרוקאיות שירה,גרמים,500.00,100 גרם,false,,11.50,2.3000,true,1,304694
7290017884189,false,כעכים מצופים שירה 50,מאפיית ישראל חיפה,IL,כעכים מצופים שירה 50,גרמים,500.00,100 גרם,false,,11.50,2.3000,true,1,309265
7290017884257,false,עוגיות כתר שירה 600,מאפיית ישראל חיפה,IL,עוגיות כתר שירה 600,גרמים,600.00,100 גרם,false,,11.50,1.9167,true,1,309405
7290017884264,false,עוגיות שוקוציפס שירה,מאפיית ישראל חיפה,IL,עוגיות שוקוציפס שירה,גרמים,600.00,100 גרם,false,,11.50,1.9167,true,1,304695
7290017884271,false,עוגיות שוקוציפס לבן,מאפיית ישראל חיפה,IL,עוגיות שוקוציפס לבן,גרמים,600.00,100 גרם,false,,11.50,1.9167,true,1,304696
7290017884318,false,עוגיות פרפר במילוי ב,מאפיית ישראל חיפה,IL,עוגיות פרפר במילוי ב,גרמים,500.00,100 גרם,false,,11.50,2.3000,true,1,309399
7290017884356,false,עוגיות כעכים מרוקאיו,מאפיית ישראל חיפה,IL,עוגיות כעכים מרוקאיו,גרמים,500.00,100 גרם,false,,11.50,2.3000,true,1,309687
7290017884370,false,עוגיות בטעם חלוה שיר,מאפיית ישראל חיפה,IL,עוגיות בטעם חלוה שיר,גרמים,500.00,100 גרם,false,,11.50,2.3000,true,1,304697
7290017884394,false,עוגיות בישקוטים מסוכ,מאפיית ישראל חיפה,IL,עוגיות בישקוטים מסוכ,גרמים,500.00,100 גרם,false,,11.50,2.3000,true,1,304698
7290017884417,false,עוגיות דניות בטעם חמ,מאפיית ישראל חיפה,IL,עוגיות דניות בטעם חמ,גרמים,500.00,100 גרם,false,,11.50,2.3000,true,1,304700
7290017884530,false,בישקוטים מצופים שירה,מאפיית ישראל חיפה,IL,בישקוטים מצופים שירה,גרמים,500.00,100 גרם,false,,11.50,2.3000,true,1,309267
7290017884547,false,עוגיות כתר במילוי תו,מאפיית ישראל חיפה,IL,עוגיות כתר במילוי תו,גרמים,500.00,100 גרם,false,,11.50,2.3000,true,1,309400
7290017888095,false,מארז שוופס פירות יער,יפאורה תבורי,IL,מארז שוופס פירות יער,קילוגרמים,1.32,ליטר,false,,11.90,9.0152,true,1,306317
7290017888101,false,מארז שוופס אפרסק 4*3,יפאורה תבורי,IL,מארז שוופס אפרסק 4*3,קילוגרמים,1.32,ליטר,false,,11.90,9.0152,true,1,306316
7290017918730,false,סלק אדום בוואקום 1 ק,אראל תוצרת חקלאית בע,IL,סלק אדום בוואקום 1 ק,פריט,1.00,"ק""ג",false,,9.90,9.9000,true,1,313885
7290017928234,false,גריסיני בייטס בצל מא,מאיר בייגל,IL,גריסיני בייטס בצל מא,גרמים,175.00,100 גרם,false,,7.90,4.5143,true,1,311931
7290017928296,false,שברי בייגלה בטעם דבש,סבימקס,BG,שברי בייגלה בטעם דבש,גרמים,300.00,100 גרם,false,,11.90,3.9667,true,1,323399
7290017928494,false,שברי בייגלה בטעם צ'ד,סבימקס,BG,שברי בייגלה בטעם צ'ד,גרמים,300.00,100 גרם,false,,11.90,3.9667,true,1,323400
7290017928838,false,גריסיני בייטס זיתים,מאיר בייגל,IL,גריסיני בייטס זיתים,גרמים,175.00,100 גרם,false,,7.90,4.5143,true,1,311934
7290017941073,false,סוכר לבן אלומות 1 ק,,,סוכר לבן אלומות 1 ק,פריט,1.00,"ק""ג",false,,3.90,3.9000,true,1,324982
7290017946375,false,כדוריות סוד לאסלה לי,הנקל סוד,IL,כדוריות סוד לאסלה לי,גרמים,150.00,100 גרם,false,,19.90,13.2667,true,1,314160
7290017946573,false,כדוריות סוד לאסלה פר,הנקל סוד,IL,כדוריות סוד לאסלה פר,גרמים,150.00,100 גרם,false,,19.90,13.2667,true,1,314161
7290017947105,false,לחם אנגל בסגנון אמרי,מאפית אנגל,IL,לחם אנגל בסגנון אמרי,גרמים,500.00,100 גרם,false,,14.90,2.9800,true,1,310156
7290017947457,false,חלה קלועה כוסמין אנג,מאפית אנגל,IL,חלה קלועה כוסמין אנג,גרמים,500.00,100 גרם,false,,18.90,3.7800,true,1,319122
7290017947464,false,פיתות כוסמין אנג'ל 8,מאפית אנגל,IL,פיתות כוסמין אנג'ל 8,גרמים,400.00,100 גרם,false,,14.90,3.7250,true,1,314118
7290017947495,false,לחמניות כוסמין אנגל,מאפית אנגל,IL,לחמניות כוסמין אנגל,גרמים,450.00,100 גרם,false,,15.90,3.5333,true,1,314813
7290017947891,false,לחם כוסמין וחיטה מלא,מאפית אנגל,IL,לחם כוסמין וחיטה מלא,גרמים,750.00,100 גרם,false,,13.90,1.8533,true,1,310084
7290017947921,false,לחמניות המבורגר אנגל,מאפית אנגל,IL,לחמניות המבורגר אנגל,גרמים,450.00,100 גרם,false,,14.90,3.3111,true,1,310365
7290017947938,false,לחמניות מיני המבורגר,מאפית אנגל,IL,לחמניות מיני המבורגר,גרמים,400.00,100 גרם,false,,14.90,3.7250,true,1,317422
7290017978215,false,קרמבו בטעם מוקה ריאו,"גלידות ריאו ביח""ר לג",IL,קרמבו בטעם מוקה ריאו,גרמים,480.00,100 גרם,false,,21.50,4.4792,true,1,313254
7290017978642,false,טילוני ריאו ריבת חלב,"גלידות ריאו ביח""ר לג",IL,טילוני ריאו ריבת חלב,גרמים,525.00,100 גרם,false,,17.90,3.4095,true,1,317057
7290017978833,false,חטיפי גלידה שוקולידה,"גלידות ריאו ביח""ר לג",IL,חטיפי גלידה שוקולידה,גרמים,700.00,100 גרם,false,,29.90,4.2714,true,1,317372
7290018045336,false,דגני בוקר פרוטי פאבל,פוסט לקיוויל,US,דגני בוקר פרוטי פאבל,גרמים,311.00,100 גרם,false,,19.90,6.3987,true,1,324361
7290018045732,false,דגני בוקר עם פירורי,פוסט לקיוויל,US,דגני בוקר עם פירורי,גרמים,311.00,100 גרם,false,,19.90,6.3987,true,1,324362
7290018091029,false,"מקלות פילו תפו""א מעד",מעדנות,IL,"מקלות פילו תפו""א מעד",גרמים,450.00,100 גרם,false,,14.90,3.3111,true,1,314438
7290018099001,false,פיתות מאסטר פיתה 10,מאסטר פייתה,IL,פיתות מאסטר פיתה 10,פריט,1.00,"ק""ג",false,,11.90,11.9000,true,1,311254
7290018099025,false,פיתות כוסמין מאסטר פ,מאסטר פייתה,IL,פיתות כוסמין מאסטר פ,פריט,1.00,"ק""ג",false,,14.90,14.9000,true,1,323847
7290018115039,false,אבוקדו מוכן לאכילה,אראל תוצרת חקלאית בע,IL,אבוקדו מוכן לאכילה,Unknown,0.00,יחידה,false,,4.90,0.0000,true,1,313622
7290018131756,false,שלגוני וניל מצופה תו,גלידות נסטלה,IL,שלגוני וניל מצופה תו,גרמים,440.00,100 גרם,false,,22.90,5.2045,true,1,316628
7290018131879,false,טילוני אקסטרים ריבת,גלידות נסטלה,IL,טילוני אקסטרים ריבת,גרמים,432.00,100 גרם,false,,23.90,5.5324,true,1,317423
7290018131954,false,שלגוני לה פרוטה תות,גלידות נסטלה,IL,שלגוני לה פרוטה תות,גרמים,350.00,100 גרם,false,,22.90,6.5429,true,1,316629
7290018165447,false,יין רזרב גולד מרלו,יקבי ברקן,IL,יין רזרב גולד מרלו,מיליליטרים,750.00,"100 מ""ל",false,,47.90,6.3867,true,1,325251
7290018165553,false,יין אדום מתוק תרגימ,סרבטא,IL,יין אדום מתוק תרגימ,מיליליטרים,750.00,"100 מ""ל",false,,119.90,15.9867,true,1,319033
7290018192658,false,פטריות צמד חמד איטלק,מרינה פטריות,IL,פטריות צמד חמד איטלק,Unknown,0.00,יחידה,false,,15.90,0.0000,true,1,312733
7290018192764,false,מיקס נבטים,מרינה,IL,מיקס נבטים,Unknown,0.00,יחידה,false,,13.90,0.0000,true,1,319815
7290018194393,false,ערק בראשית 40% 700 מ,משקאות ג'בלנא,IL,ערק בראשית 40% 700 מ,מיליליטרים,700.00,"100 מ""ל",false,,39.90,5.7000,true,1,317375
7290018195048,false,לפתן אננס חתוך טעמן,פ.ת גרייט פנאפל,TH,לפתן אננס חתוך טעמן,גרמים,850.00,100 גרם,false,,8.90,1.0471,true,1,322332
7290018195123,false,מארז סרדין בלימון טע,אינטרנשיונל קנינג קו,MA,מארז סרדין בלימון טע,גרמים,375.00,100 גרם,false,,9.90,2.6400,true,1,319419
7290018195130,false,מארז סרדין פלפל חריף,אינטרנשיונל קנינג קו,MA,מארז סרדין פלפל חריף,גרמים,375.00,100 גרם,false,,9.90,2.6400,true,1,319420
7290018195178,false,שוקולד טעמן מריר 62%,אס.קיי ראיס אינטרנשי,PL,שוקולד טעמן מריר 62%,גרמים,100.00,100 גרם,false,,4.90,4.9000,true,1,322031
7290018195321,false,שוקולד טעמן מריר 5*1,אלבה שוקולד,,שוקולד טעמן מריר 5*1,גרמים,500.00,100 גרם,false,,24.90,4.9800,true,1,322198
7290018195895,false,חטיף ש.שועל עם שוקול,סנטה איי קוולסקי אס,PL,חטיף ש.שועל עם שוקול,גרמים,200.00,100 גרם,false,,12.90,6.4500,true,1,317936
7290018195901,false,חטיף ש.שועל ודבש קרא,סנטה איי קוולסקי אס,PL,חטיף ש.שועל ודבש קרא,גרמים,200.00,100 גרם,false,,12.90,6.4500,true,1,317937
7290018195918,false,חטיף ש.שועל דבש וקינ,סנטה איי קוולסקי אס,PL,חטיף ש.שועל דבש וקינ,גרמים,200.00,100 גרם,false,,12.90,6.4500,true,1,317938
7290018208014,false,תמר מגהול פרימיום 1,אראל תוצרת חקלאית בע,IL,תמר מגהול פרימיום 1,פריט,1.00,"ק""ג",false,,24.90,24.9000,true,1,308706
7290018208021,false,"תמר מגהול ענק 2 ק""ג",אראל תוצרת חקלאית בע,IL,"תמר מגהול ענק 2 ק""ג",פריט,2.00,"ק""ג",false,,39.90,19.9500,true,1,308707
7290018208045,false,ערמונים קלויים וקלופ,אראל תוצרת חקלאית בע,IL,ערמונים קלויים וקלופ,גרמים,100.00,100 גרם,false,,3.90,3.9000,true,1,309490
7290018208168,false,תמרים לחים חיאני 600,אראל תוצרת חקלאית בע,IL,תמרים לחים חיאני 600,גרמים,600.00,100 גרם,false,,7.90,1.3167,true,1,313300
7290018208809,false,"תמר מגהול 1 ק""ג",אראל תוצרת חקלאית בע,IL,"תמר מגהול 1 ק""ג",פריט,1.00,"ק""ג",false,,12.90,12.9000,true,1,308695
7290018215623,false,יין אלכסנדר זהר 2018,אגדת,IL,יין אלכסנדר זהר 2018,מיליליטרים,750.00,"100 מ""ל",false,,149.90,19.9867,true,1,315848
7290018236635,false,מיני שניצל פופקורן צ,עוף טוב,IL,מיני שניצל פופקורן צ,גרמים,600.00,100 גרם,false,,26.90,4.4833,true,1,315115
7290018236659,false,מיני שניצל פופקורן מ,עוף טוב,IL,מיני שניצל פופקורן מ,גרמים,600.00,100 גרם,false,,26.90,4.4833,true,1,315116
7290018237373,false,פסטרמה מהגריל מנתח ש,עוף טוב,IL,פסטרמה מהגריל מנתח ש,גרמים,300.00,100 גרם,false,,26.80,8.9333,true,1,318804
7290018237397,false,פסטרמה מקורמלת מנתח,עוף טוב,IL,פסטרמה מקורמלת מנתח,גרמים,300.00,100 גרם,false,,26.80,8.9333,true,1,318806
7290018237410,false,פסטרמה מהמעשנה מנתח,עוף טוב,IL,פסטרמה מהמעשנה מנתח,גרמים,300.00,100 גרם,false,,26.80,8.9333,true,1,318805
7290018237908,false,נקניקיות עסיסיות למנ,עוף טוב,IL,נקניקיות עסיסיות למנ,גרמים,400.00,100 גרם,false,,11.90,2.9750,true,1,322847
7290018294000,false,יין קינג דיוויד רוזה,יקבי כרמל,IL,יין קינג דיוויד רוזה,מיליליטרים,750.00,"100 מ""ל",false,,17.90,2.3867,true,1,317973
7290018294017,false,יין כרמל חבית 148 קב,יקבי כרמל,IL,יין כרמל חבית 148 קב,מיליליטרים,750.00,"100 מ""ל",false,,139.90,18.6533,true,1,315478
7290018294055,false,מיץ ענבים תירוש רוזה,יקבי כרמל,IL,מיץ ענבים תירוש רוזה,קילוגרמים,1.20,ליטר,false,,19.90,16.5833,true,1,315849
7290018294192,false,יין פ. קולקשיין בלנד,יקבי כרמל,IL,יין פ. קולקשיין בלנד,מיליליטרים,750.00,"100 מ""ל",false,,32.90,4.3867,true,1,323695
7290018294208,false,יין סלקטד אדום ישראל,יקבי כרמל,IL,יין סלקטד אדום ישראל,מיליליטרים,750.00,"100 מ""ל",false,,28.90,3.8533,true,1,317978
7290018294352,false,"ארק כרמל 700 מ""ל",יקבי כרמל,IL,"ארק כרמל 700 מ""ל",מיליליטרים,700.00,"100 מ""ל",false,,54.90,7.8429,true,1,320427
7290018294901,false,יין אדום יבש מונלייט,יקבי כרמל,IL,יין אדום יבש מונלייט,מיליליטרים,750.00,"100 מ""ל",false,,33.90,4.5200,true,1,323734
7290018333181,false,אגו רוקס שוקולד קורנ,כרמית,IL,אגו רוקס שוקולד קורנ,גרמים,100.00,100 גרם,false,,8.90,8.9000,true,1,313137
7290018333198,false,אגו רוקס שוקולד קורנ,כרמית,IL,אגו רוקס שוקולד קורנ,גרמים,100.00,100 גרם,false,,8.90,8.9000,true,1,313138
7290018359129,false,עגבניות מקולפות חתוכ,זנלכל,IL,עגבניות מקולפות חתוכ,גרמים,690.00,100 גרם,false,,9.90,1.4348,true,1,322634
7290018359556,false,תירס גרעינים מהשדה י,זנלכל,IL,תירס גרעינים מהשדה י,גרמים,400.00,100 גרם,false,,6.50,1.6250,true,1,316359
7290018359686,false,חומוס ענק יכין 550 ג,זנלכל,IL,חומוס ענק יכין 550 ג,גרמים,550.00,100 גרם,false,,8.90,1.6182,true,1,319758
7290018440230,false,תה חווית הצ'אי ורדים,ויסוצקי,IL,תה חווית הצ'אי ורדים,Unknown,0.00,יחידה,false,,17.90,0.0000,true,1,321939
7290018440247,false,תה חווית הצ'אי שקדים,ויסוצקי,IL,תה חווית הצ'אי שקדים,Unknown,0.00,יחידה,false,,17.90,0.0000,true,1,321937
7290018440254,false,תה חווית הצ'אי קרמל,ויסוצקי,IL,תה חווית הצ'אי קרמל,גרמים,50.00,100 גרם,false,,17.90,35.8000,true,1,321938
7290018440629,false,תה ויסוצקי טעם עשיר,ויסוצקי,IL,תה ויסוצקי טעם עשיר,גרמים,180.00,100 גרם,false,,19.90,11.0556,true,1,318796
7290018443330,false,פטרוזיליה גלאט ברכת,ברכת קטיף,IL,פטרוזיליה גלאט ברכת,Unknown,0.00,יחידה,false,,5.90,0.0000,true,1,319206
7290018443347,false,שמיר ברכת קטיף,ברכת קטיף,IL,שמיר ברכת קטיף,Unknown,0.00,יחידה,false,,5.90,0.0000,true,1,319236
7290018443354,false,נענע ברכת קטיף,ברכת קטיף,IL,נענע ברכת קטיף,Unknown,0.00,יחידה,false,,5.90,0.0000,true,1,319237
7290018443361,false,סלרי עלים ברכת קטיף,ברכת קטיף,IL,סלרי עלים ברכת קטיף,Unknown,0.00,יחידה,false,,6.90,0.0000,true,1,319221
7290018443378,false,מנגולד ברכת קטיף,ברכת קטיף,IL,מנגולד ברכת קטיף,Unknown,0.00,יחידה,false,,6.90,0.0000,true,1,319222
7290018443385,false,חסה גלאט ברכת קטיף,ברכת קטיף,IL,חסה גלאט ברכת קטיף,Unknown,0.00,יחידה,false,,5.90,0.0000,true,1,319207
7290018443408,false,כרוב לבן ברכת קטיף,ברכת קטיף,IL,כרוב לבן ברכת קטיף,קילוגרמים,1.00,"ק""ג",true,,12.90,12.9000,true,1,319219
7290018443422,false,חסה ברכת קטיף,ברכת קטיף,IL,חסה ברכת קטיף,Unknown,0.00,יחידה,false,,5.90,0.0000,true,1,319224
7290018443446,false,נבטים סינים יח,בוסתן עשבי תיבול,IL,נבטים סינים יח,Unknown,0.00,יחידה,false,,5.90,0.0000,true,1,318630
7290018443460,false,נבטים אלפלא,בוסתן עשבי תיבול,IL,נבטים אלפלא,Unknown,0.00,יחידה,false,,5.90,0.0000,true,1,318631
7290018443521,false,מיקס נבטים יח,בוסתן עשבי תיבול,IL,מיקס נבטים יח,Unknown,0.00,יחידה,false,,13.90,0.0000,true,1,318632
7290018443576,false,כוסברה בוסתן,ברכת קטיף,IL,כוסברה בוסתן,Unknown,0.00,יחידה,false,,3.90,0.0000,true,1,319212
7290018443590,false,שמיר בוסתן,ברכת קטיף,IL,שמיר בוסתן,Unknown,0.00,יחידה,false,,3.90,0.0000,true,1,319209
7290018443606,false,נענע בוסתן,ברכת קטיף,IL,נענע בוסתן,Unknown,0.00,יחידה,false,,3.90,0.0000,true,1,319210
7290018443620,false,סלרי עלים בוסתן,ברכת קטיף,IL,סלרי עלים בוסתן,Unknown,0.00,יחידה,false,,4.90,0.0000,true,1,319226
7290018443651,false,לבבות חסה בוסתן,ברכת קטיף,IL,לבבות חסה בוסתן,Unknown,0.00,יחידה,false,,9.90,0.0000,true,1,319229
7290018443705,false,לבבות חסה קיסר,,,לבבות חסה קיסר,Unknown,0.00,יחידה,false,,12.90,0.0000,true,1,319533
7290018464052,false,יין תניא עברי בלנד 2,יקב תניא,IL,יין תניא עברי בלנד 2,מיליליטרים,750.00,"100 מ""ל",false,,89.90,11.9867,true,1,320979
7290018464090,false,יין תניא מאיר אריאל,יקב תניא,IL,יין תניא מאיר אריאל,מיליליטרים,750.00,"100 מ""ל",false,,169.90,22.6533,true,1,318999
7290018464120,false,יין תניא אלישבע רוזה,יקב תניא,IL,יין תניא אלישבע רוזה,מיליליטרים,750.00,"100 מ""ל",false,,79.90,10.6533,true,1,316992
7290018468319,false,נקניקיות צמחוניות בס,טירת צבי,IL,נקניקיות צמחוניות בס,גרמים,400.00,100 גרם,false,,32.90,8.2250,true,1,323561
7290018468326,false,נקניקיות צמחוניות בס,טירת צבי,IL,נקניקיות צמחוניות בס,גרמים,400.00,100 גרם,false,,32.90,8.2250,true,1,323559
7290018471029,false,מארז שוופס סודה לימו,יפאורה תבורי,IL,מארז שוופס סודה לימו,קילוגרמים,3.00,ליטר,false,,13.90,4.6333,true,1,314249
7290018471180,false,פרוט אנד ווג' אננס ת,יפאורה תבורי,IL,פרוט אנד ווג' אננס ת,קילוגרמים,1.00,ליטר,false,,9.90,9.9000,true,1,316845
7290018471197,false,פרוט אנד ווג' תפוח ב,יפאורה תבורי,IL,פרוט אנד ווג' תפוח ב,קילוגרמים,1.00,ליטר,false,,9.90,9.9000,true,1,316844
7290018471210,false,נקטר ספרינג אגס תפוח,יפאורה תבורי,IL,נקטר ספרינג אגס תפוח,קילוגרמים,1.00,ליטר,false,,6.50,6.5000,true,1,316843
7290018471395,false,פרוט אנד ווג' תפוח ר,יפאורה תבורי,IL,פרוט אנד ווג' תפוח ר,קילוגרמים,1.00,ליטר,false,,9.90,9.9000,true,1,316883
7290018471401,false,פרוט אנד ווג' אננס ב,יפאורה תבורי,IL,פרוט אנד ווג' אננס ב,קילוגרמים,1.00,ליטר,false,,9.90,9.9000,true,1,316846
7290018471449,false,ספרינג שייק בננה תמר,יפאורה תבורי,IL,ספרינג שייק בננה תמר,קילוגרמים,1.00,ליטר,false,,10.90,10.9000,true,1,318127
7290018471463,false,נקטר תפוזינה ENJOY,יפאורה תבורי,IL,נקטר תפוזינה ENJOY,קילוגרמים,1.00,ליטר,false,,6.50,6.5000,true,1,317195
7290018471470,false,נקטר תפוזינה ENJOY,יפאורה תבורי,IL,נקטר תפוזינה ENJOY,קילוגרמים,1.00,ליטר,false,,6.50,6.5000,true,1,317196
7290018471487,false,נקטר תפוזינה ENJOY,יפאורה תבורי,IL,נקטר תפוזינה ENJOY,קילוגרמים,1.00,ליטר,false,,6.50,6.5000,true,1,317197
7290018471494,false,נקטר תפוזינה ENJOY,יפאורה תבורי,IL,נקטר תפוזינה ENJOY,קילוגרמים,1.00,ליטר,false,,6.50,6.5000,true,1,317198
7290018471548,false,מארז ספרינג ענבים 4*,יפאורה תבורי,IL,מארז ספרינג ענבים 4*,קילוגרמים,1.00,ליטר,false,,10.90,10.9000,true,1,316580
7290018471685,false,מארז תפוזינה לימונענ,יפאורה תבורי,IL,מארז תפוזינה לימונענ,קילוגרמים,2.00,ליטר,false,,12.90,6.4500,true,1,317194
7290018471692,false,ספרינג שייק בננה אננ,יפאורה תבורי,IL,ספרינג שייק בננה אננ,קילוגרמים,1.00,ליטר,false,,10.90,10.9000,true,1,318130
7290018471906,false,שוופס לימונדה ורודה,יפאורה תבורי,IL,שוופס לימונדה ורודה,קילוגרמים,1.50,ליטר,false,,8.20,5.4667,true,1,320074
7290018471913,false,שוופס תפוח מוגז 1.5,יפאורה תבורי,IL,שוופס תפוח מוגז 1.5,קילוגרמים,1.50,ליטר,false,,8.20,5.4667,true,1,320075
7290018471920,false,שוופס ענבים מוגז 1.5,יפאורה תבורי,IL,שוופס ענבים מוגז 1.5,קילוגרמים,1.50,ליטר,false,,8.20,5.4667,true,1,320076
7290018471937,false,שוופס פירות תות ליים,יפאורה תבורי,IL,שוופס פירות תות ליים,קילוגרמים,1.50,ליטר,false,,8.20,5.4667,true,1,320077
7290018471944,false,שוופס למונייד מוגז 1,יפאורה תבורי,IL,שוופס למונייד מוגז 1,קילוגרמים,1.50,ליטר,false,,8.20,5.4667,true,1,320078
7290018471951,false,שוופס אשכולית אדומה,יפאורה תבורי,IL,שוופס אשכולית אדומה,קילוגרמים,1.50,ליטר,false,,8.20,5.4667,true,1,320079
7290018500231,false,לחם פינוקים וויקאנד,מאפית אנגל,IL,לחם פינוקים וויקאנד,גרמים,750.00,100 גרם,false,,12.90,1.7200,true,1,323685
7290018500361,false,לחם אחיד פרוס אנגל 9,מאפית אנגל,IL,לחם אחיד פרוס אנגל 9,גרמים,900.00,100 גרם,false,,8.30,0.9222,true,1,323449
7290018500385,false,חלה מרובעת אנגל 650,מאפית אנגל,IL,חלה מרובעת אנגל 650,גרמים,650.00,100 גרם,false,,5.90,0.9077,true,1,323498
7290018500392,false,חלה קלועה אנגל 650 ג,מאפית אנגל,IL,חלה קלועה אנגל 650 ג,גרמים,650.00,100 גרם,false,,5.90,0.9077,true,1,323499
7290018500477,false,לחם אחיד פרוס אחדות,מאפית אנגל,IL,לחם אחיד פרוס אחדות,גרמים,900.00,100 גרם,false,,7.40,0.8222,true,1,324283
7290018540329,false,פיתות אנגל בלדי 8 יח,מאפית אנגל,IL,פיתות אנגל בלדי 8 יח,גרמים,800.00,100 גרם,false,,12.90,1.6125,true,1,318996
7290018540459,false,לחמניות המבורגר כוסמ,מאפית אנגל,IL,לחמניות המבורגר כוסמ,גרמים,300.00,100 גרם,false,,15.90,5.3000,true,1,317818
7290018540817,false,לחם מחמצת כוסמין אנג,מאפית אנגל,IL,לחם מחמצת כוסמין אנג,גרמים,500.00,100 גרם,false,,19.90,3.9800,true,1,320225
7290018540824,false,לחם מחמצת כפרי אנגל,מאפית אנגל,IL,לחם מחמצת כפרי אנגל,גרמים,500.00,100 גרם,false,,18.90,3.7800,true,1,320226
7290018540831,false,לחם מחמצת חיטה מלאה,מאפית אנגל,IL,לחם מחמצת חיטה מלאה,גרמים,500.00,100 גרם,false,,18.90,3.7800,true,1,320227
7290018556443,false,ארק סאלי לימונענע 75,,IL,ארק סאלי לימונענע 75,מיליליטרים,750.00,"100 מ""ל",false,,29.90,3.9867,true,1,319114
7290018556696,false,ארק סאלי לימונים 750,,IL,ארק סאלי לימונים 750,מיליליטרים,750.00,"100 מ""ל",false,,29.90,3.9867,true,1,316449
7290018556719,false,ארק סאלי פסיפלורה 75,,IL,ארק סאלי פסיפלורה 75,מיליליטרים,750.00,"100 מ""ל",false,,29.90,3.9867,true,1,316488
7290018571163,false,ציפוי לשניצל עשבי תי,מיה תעשיות מזון בעמ,IL,ציפוי לשניצל עשבי תי,גרמים,600.00,100 גרם,false,,9.90,1.6500,true,1,316810
7290018571170,false,ציפוי לשניצל שום מיה,מיה תעשיות מזון בעמ,IL,ציפוי לשניצל שום מיה,גרמים,600.00,100 גרם,false,,9.90,1.6500,true,1,316811
7290018571187,false,ציפוי לשניצל פיקנטי,מיה תעשיות מזון בעמ,IL,ציפוי לשניצל פיקנטי,גרמים,600.00,100 גרם,false,,9.90,1.6500,true,1,316809
7290018571194,false,ציפוי לשניצל בתיבול,מיה תעשיות מזון בעמ,IL,ציפוי לשניצל בתיבול,גרמים,600.00,100 גרם,false,,9.90,1.6500,true,1,316812
7290018571200,false,פירורי לחם מוזהב מיה,מיה תעשיות מזון בעמ,IL,פירורי לחם מוזהב מיה,גרמים,700.00,100 גרם,false,,7.90,1.1286,true,1,319146
7290018571279,false,שקדים קלויים מיה 200,מיה תעשיות מזון בעמ,IL,שקדים קלויים מיה 200,גרמים,200.00,100 גרם,false,,17.90,8.9500,true,1,315794
7290018571422,false,לקקנים מיקס צבעוני מ,מיה תעשיות מזון בעמ,IL,לקקנים מיקס צבעוני מ,גרמים,715.00,100 גרם,false,,16.90,2.3636,true,1,319618
7290018571439,false,אורז מלא אינדירה 1.4,מיה תעשיות מזון בעמ,IL,אורז מלא אינדירה 1.4,פריט,1.40,"ק""ג",false,,9.90,7.0714,true,1,320907
7290018571446,false,אורז ריזוטו אינדירה,מיה תעשיות מזון בעמ,IL,אורז ריזוטו אינדירה,פריט,1.40,"ק""ג",false,,9.90,7.0714,true,1,320908
7290018571460,false,קורנפלור מיה 800 גרם,מיה תעשיות מזון בעמ,IL,קורנפלור מיה 800 גרם,גרמים,800.00,100 גרם,false,,5.90,0.7375,true,1,318728
7290018571477,false,נטיפים לאפייה מיה 75,מיה תעשיות מזון בעמ,IL,נטיפים לאפייה מיה 75,גרמים,750.00,100 גרם,false,,14.90,1.9867,true,1,319353
7290018571491,false,ריבת חלב אמיתי מיה 3,מיה תעשיות מזון בעמ,IL,ריבת חלב אמיתי מיה 3,גרמים,340.00,100 גרם,false,,12.90,3.7941,true,1,322093
7290018571507,false,דובוני ג'לי ויטמין,מיה תעשיות מזון בעמ,IL,דובוני ג'לי ויטמין,גרמים,175.00,100 גרם,false,,38.90,22.2286,true,1,324513
7290018571514,false,דובוני ג'לי ויטמין,מיה תעשיות מזון בעמ,IL,דובוני ג'לי ויטמין,גרמים,175.00,100 גרם,false,,38.90,22.2286,true,1,324508
7290018571521,false,דובוני ג'לי מולטי וי,מיה תעשיות מזון בעמ,IL,דובוני ג'לי מולטי וי,גרמים,175.00,100 גרם,false,,38.90,22.2286,true,1,324514
7290018571538,false,דובוני ג'לי פרופולי,מיה תעשיות מזון בעמ,IL,דובוני ג'לי פרופולי,גרמים,175.00,100 גרם,false,,38.90,22.2286,true,1,324515
7290018571545,false,ס. ג'לי עם מיצוי כור,מיה תעשיות מזון בעמ,IL,ס. ג'לי עם מיצוי כור,גרמים,210.00,100 גרם,false,,38.90,18.5238,true,1,324516
7290018571552,false,ס. ג'לי ללא סוכר או,מיה תעשיות מזון בעמ,IL,ס. ג'לי ללא סוכר או,גרמים,210.00,100 גרם,false,,38.90,18.5238,true,1,324509
7290018571576,false,סילאן טבעי לחיץ מיה,אל ברקן דאטס,AE,סילאן טבעי לחיץ מיה,פריט,1.15,"ק""ג",false,,24.90,21.6522,true,1,319822
7290018571606,false,ראס אל חנות מיה 70 ג,מיה תעשיות מזון בעמ,IL,ראס אל חנות מיה 70 ג,גרמים,70.00,100 גרם,false,,7.90,11.2857,true,1,322386
7290018571613,false,דגי ג'לי אומגה 3 בט,מיה תעשיות מזון בעמ,IL,דגי ג'לי אומגה 3 בט,גרמים,240.00,100 גרם,false,,38.90,16.2083,true,1,324510
7290018571620,false,ס. ג'לי מולטי ויטמין,מיה תעשיות מזון בעמ,IL,ס. ג'לי מולטי ויטמין,גרמים,240.00,100 גרם,false,,38.90,16.2083,true,1,324511
7290018571637,false,ס. ג'לי מולטי ויטמין,מיה תעשיות מזון בעמ,IL,ס. ג'לי מולטי ויטמין,גרמים,222.00,100 גרם,false,,38.90,17.5225,true,1,324512
7290018571699,false,קמח שקדים מיה 250 גר,מיה תעשיות מזון בעמ,IL,קמח שקדים מיה 250 גר,גרמים,250.00,100 גרם,false,,22.90,9.1600,true,1,322095
7290018571798,false,סוכריות גלי שמחות 2,מיה תעשיות מזון בעמ,IL,סוכריות גלי שמחות 2,גרמים,540.00,100 גרם,false,,18.50,3.4259,true,1,323953
7290018652039,false,גלידה לה קרמריה מלוח,גלידות נסטלה,IL,גלידה לה קרמריה מלוח,קילוגרמים,1.40,ליטר,false,,16.90,12.0714,true,1,317416
7290018652671,false,גלידה לה קרמריה בטעמ,נסטלה,IL,גלידה לה קרמריה בטעמ,קילוגרמים,1.40,ליטר,false,,17.50,12.5000,true,1,323296
7290018652688,false,שרבט לה קרמריה טרופי,גלידות נסטלה,IL,שרבט לה קרמריה טרופי,קילוגרמים,1.40,ליטר,false,,16.90,12.0714,true,1,321934
7290018652886,false,שלגוני נסטלה שוקו בנ,גלידות נסטלה,IL,שלגוני נסטלה שוקו בנ,גרמים,440.00,100 גרם,false,,22.90,5.2045,true,1,323458
7290018652909,false,שלגונים בטעם אייס קפ,גלידות נסטלה,IL,שלגונים בטעם אייס קפ,גרמים,215.00,100 גרם,false,,22.90,10.6512,true,1,323459
7290018652923,false,שלגונים בטעם בטעם מס,גלידות נסטלה,IL,שלגונים בטעם בטעם מס,גרמים,215.00,100 גרם,false,,22.90,10.6512,true,1,323460
7290018730799,false,עוגיות מקרונים רוקה,רות פטיפורים,IL,עוגיות מקרונים רוקה,גרמים,190.00,100 גרם,false,,10.90,5.7368,true,1,320326
7290018730805,false,עוגיות מקרונים רוקה,רות פטיפורים,IL,עוגיות מקרונים רוקה,גרמים,190.00,100 גרם,false,,10.90,5.7368,true,1,320327
7290018795385,false,חסה לליק,מרינה,IL,חסה לליק,Unknown,0.00,יחידה,false,,12.90,0.0000,true,1,320666
7290018795842,false,שום קלוף מרינה 500 ג,מרינה,IL,שום קלוף מרינה 500 ג,גרמים,500.00,100 גרם,false,,16.90,3.3800,true,1,323635
7290018810071,false,יין בראשית רוזה 2021,יקב בראשית,IL,יין בראשית רוזה 2021,מיליליטרים,750.00,"100 מ""ל",false,,69.90,9.3200,true,1,324977
7290018878002,false,אגו מיקס קרקר מצופה,כרמית,IL,אגו מיקס קרקר מצופה,גרמים,55.00,100 גרם,false,,3.90,7.0909,true,1,324091
7290018878088,false,"שוקולד אגו מריר ללת""",כרמית,IL,"שוקולד אגו מריר ללת""",גרמים,255.00,100 גרם,false,,14.90,5.8431,true,1,323333
7290018878095,false,"שוקולד אגו חלב ללת""ס",כרמית,IL,"שוקולד אגו חלב ללת""ס",גרמים,255.00,100 גרם,false,,14.90,5.8431,true,1,323334
7290018878125,false,"שוקולד אגו לבן ללת""ס",כרמית,IL,"שוקולד אגו לבן ללת""ס",גרמים,255.00,100 גרם,false,,14.90,5.8431,true,1,323335
7290018886304,false,פת דגנים בסגנון שווד,סונקו,PL,פת דגנים בסגנון שווד,גרמים,340.00,100 גרם,false,,9.90,2.9118,true,1,323643
7290018886328,false,פת דגנים שיפון מאפים,סונקו,PL,פת דגנים שיפון מאפים,גרמים,340.00,100 גרם,false,,9.90,2.9118,true,1,323644
7290018886342,false,פת 7 דגנים מאפים 340,סונקו,PL,פת 7 דגנים מאפים 340,גרמים,340.00,100 גרם,false,,9.90,2.9118,true,1,323645
7290018886991,false,שמן קנולה אלומות 1 ל,סקנולה,EE,שמן קנולה אלומות 1 ל,קילוגרמים,1.00,ליטר,false,,8.90,8.9000,true,1,322375
7290018893005,false,חטיף בייגלה אפוי בטע,SC ALKA TRADING CO S,RO,חטיף בייגלה אפוי בטע,גרמים,160.00,100 גרם,false,,6.50,4.0625,true,1,324109
7290018893036,false,עוגיות סנדוויץ' בטעם,סטרופוואפל,ES,עוגיות סנדוויץ' בטעם,גרמים,176.00,100 גרם,false,,6.90,3.9205,true,1,324112
7290018893265,false,מארז עוגה אישית מריר,פרדי קונדיטוריה אס פ,IT,מארז עוגה אישית מריר,גרמים,240.00,100 גרם,false,,2.90,1.2083,true,1,319012
7290018893326,false,ממרח אגוזי לוז צ'וקט,נאטרא,BE,ממרח אגוזי לוז צ'וקט,גרמים,900.00,100 גרם,false,,19.90,2.2111,true,1,321606
7290018893401,false,שוקולד צ'וקטה מריר 7,איבקקאו,ES,שוקולד צ'וקטה מריר 7,גרמים,100.00,100 גרם,false,,6.90,6.9000,true,1,321946
7290018893531,false,קרקרים מלוחים סלטי צ,סטרופוופל,PT,קרקרים מלוחים סלטי צ,גרמים,500.00,100 גרם,false,,9.90,1.9800,true,1,324409
7290018893609,false,שוקולד צ'וקטה מריר 8,איבקקאו,ES,שוקולד צ'וקטה מריר 8,גרמים,100.00,100 גרם,false,,6.90,6.9000,true,1,321947
7290018893616,false,שוקולד צ'וקטה מריר 4,צוקטה,ES,שוקולד צ'וקטה מריר 4,גרמים,600.00,100 גרם,false,,19.90,3.3167,true,1,325061
7290018893654,false,חטיף בייגלה אפוי בתו,SC ALKA TRADING CO S,RO,חטיף בייגלה אפוי בתו,גרמים,200.00,100 גרם,false,,6.50,3.2500,true,1,324110
7290018893661,false,מארז עוגה אישית מצופ,פרדי קונדיטוריה אס פ,IT,מארז עוגה אישית מצופ,גרמים,240.00,100 גרם,false,,7.90,3.2917,true,1,319011
7290018893876,false,מארז עוגה אישית וניל,פרדי קונדיטוריה אס פ,IT,מארז עוגה אישית וניל,גרמים,200.00,100 גרם,false,,7.90,3.9500,true,1,319013
7290018904404,false,שערות קדאיף מזאווי 4,ממתקי מזאוי,IL,שערות קדאיף מזאווי 4,גרמים,450.00,100 גרם,false,,13.90,3.0889,true,1,325232
7290018925065,false,מיץ תפוזים פרימור 2,גניר,IL,מיץ תפוזים פרימור 2,קילוגרמים,2.00,ליטר,false,,23.90,11.9500,true,1,319884
7290018928202,false,תערובת איטלקית לאפיי,DFS,IT,תערובת איטלקית לאפיי,גרמים,500.00,100 גרם,false,,14.90,2.9800,true,1,325510
7290018978245,false,דגני בוקר קראנץ בטעם,נטורל קייקס,IL,דגני בוקר קראנץ בטעם,גרמים,686.00,100 גרם,false,,19.90,2.9009,true,1,325067
7290018978252,false,דגני בוקר קראנץ בטעם,נטורל קייקס,IL,דגני בוקר קראנץ בטעם,גרמים,686.00,100 גרם,false,,19.90,2.9009,true,1,325064
7290018978276,false,דגני בוקר קראנץ בטעם,נטורל קייקס,IL,דגני בוקר קראנץ בטעם,גרמים,686.00,100 גרם,false,,19.90,2.9009,true,1,325065
7290018989074,false,חומוס במלח ופלפל ארב,זנלכל,IL,חומוס במלח ופלפל ארב,גרמים,550.00,100 גרם,false,,9.90,1.8000,true,1,320480
7290018989098,false,חומוס ברוטב פיקנטי פ,זנלכל,IL,חומוס ברוטב פיקנטי פ,גרמים,550.00,100 גרם,false,,9.90,1.8000,true,1,320481
7290019035053,false,מלון ירוק קפוא פילד,א.מ שרון,EG,מלון ירוק קפוא פילד,גרמים,500.00,100 גרם,false,,9.90,1.9800,true,1,319139
7290019035060,false,חצאי משמש קפוא פילד,א.מ שרון,PL,חצאי משמש קפוא פילד,גרמים,500.00,100 גרם,false,,9.90,1.9800,true,1,319123
7290019035084,false,אוכמניות כחולות קפוא,דה נייל אג'יפטיאן,EG,אוכמניות כחולות קפוא,גרמים,400.00,100 גרם,false,,9.90,2.4750,true,1,323044
7290019035220,false,מיקס פירות יער קפוא,קונגלדוס אקיואטוריאנ,EC,מיקס פירות יער קפוא,גרמים,600.00,100 גרם,false,,29.90,4.9833,true,1,322852
7290019035244,false,מיקס פירות בננה פסיפ,קונגלדוס אקיואטוריאנ,EC,מיקס פירות בננה פסיפ,גרמים,600.00,100 גרם,false,,29.90,4.9833,true,1,322853
7290019035251,false,מיקס פירות אננס בננה,קונגלדוס אקיואטוריאנ,EC,מיקס פירות אננס בננה,גרמים,600.00,100 גרם,false,,29.90,4.9833,true,1,322851
7290019035329,false,מיקס פירות תות שדה מ,קונגלדוס אקיואטוריאנ,EC,מיקס פירות תות שדה מ,גרמים,600.00,100 גרם,false,,29.90,4.9833,true,1,322854
7290019056027,false,שוופס תפוח ללא סוכר,יפאורה תבורי,IL,שוופס תפוח ללא סוכר,קילוגרמים,1.50,ליטר,false,,8.20,5.4667,true,1,320083
7290019056034,false,שוופס אננס ללא סוכר,יפאורה תבורי,IL,שוופס אננס ללא סוכר,קילוגרמים,1.50,ליטר,false,,8.20,5.4667,true,1,320084
7290019056041,false,שוופס פירות לימונייד,יפאורה תבורי,IL,שוופס פירות לימונייד,קילוגרמים,1.50,ליטר,false,,8.20,5.4667,true,1,320085
7290019056058,false,שוופס מוגז עדין תפוח,יפאורה תבורי,IL,שוופס מוגז עדין תפוח,קילוגרמים,1.50,ליטר,false,,8.50,5.6667,true,1,320062
7290019056065,false,שוופס מוגז עדין פירו,יפאורה תבורי,IL,שוופס מוגז עדין פירו,קילוגרמים,1.50,ליטר,false,,8.50,5.6667,true,1,320063
7290019056072,false,שוופס מוגז עדין אננס,יפאורה תבורי,IL,שוופס מוגז עדין אננס,קילוגרמים,1.50,ליטר,false,,8.50,5.6667,true,1,320064
7290019056089,false,שוופס מוגז עדין ריזל,יפאורה תבורי,IL,שוופס מוגז עדין ריזל,קילוגרמים,1.50,ליטר,false,,8.50,5.6667,true,1,320065
7290019056096,false,שוופס מוגז עדין אפרס,יפאורה תבורי,IL,שוופס מוגז עדין אפרס,קילוגרמים,1.50,ליטר,false,,8.50,5.6667,true,1,320066
7290019056119,false,שוופס מי סודה 1.5 לי,יפאורה תבורי,IL,שוופס מי סודה 1.5 לי,קילוגרמים,1.50,ליטר,false,,2.90,1.9333,true,1,320377
7290019056164,false,מארז שוופס סודה 4* 1,יפאורה תבורי,IL,מארז שוופס סודה 4* 1,קילוגרמים,6.00,ליטר,false,,11.50,1.9167,true,1,320057
7290019056171,false,מארז שוופס סודה לימו,יפאורה תבורי,IL,מארז שוופס סודה לימו,קילוגרמים,6.00,ליטר,false,,11.50,1.9167,true,1,320058
7290019056188,false,מארז שוופס סודה נענע,יפאורה תבורי,IL,מארז שוופס סודה נענע,קילוגרמים,6.00,ליטר,false,,11.50,1.9167,true,1,320059
7290019056201,false,מארז שוופס סודה פירו,יפאורה תבורי,IL,מארז שוופס סודה פירו,קילוגרמים,6.00,ליטר,false,,11.50,1.9167,true,1,320061
7290019056232,false,שוופס מוחיטו ליים נע,יפאורה תבורי,IL,שוופס מוחיטו ליים נע,קילוגרמים,1.50,ליטר,false,,8.90,5.9333,true,1,320067
7290019056249,false,שוופס מים בטעם ענבים,יפאורה תבורי,IL,שוופס מים בטעם ענבים,קילוגרמים,1.50,ליטר,false,,7.80,5.2000,true,1,320052
7290019056256,false,שוופס מים בטעם תפוח,יפאורה תבורי,IL,שוופס מים בטעם תפוח,קילוגרמים,1.50,ליטר,false,,7.80,5.2000,true,1,320053
7290019056263,false,שוופס מים בטעם אפרסק,יפאורה תבורי,IL,שוופס מים בטעם אפרסק,קילוגרמים,1.50,ליטר,false,,7.80,5.2000,true,1,320054
7290019056270,false,שוופס מים בטעם פירות,יפאורה תבורי,IL,שוופס מים בטעם פירות,קילוגרמים,1.50,ליטר,false,,7.80,5.2000,true,1,320055
7290019056300,false,שוופס ביטר 1.5 ליטר,יפאורה תבורי,IL,שוופס ביטר 1.5 ליטר,קילוגרמים,1.50,ליטר,false,,9.90,6.6000,true,1,320086
7290019056317,false,שוופס ראשן 1.5 ליטר,יפאורה תבורי,IL,שוופס ראשן 1.5 ליטר,קילוגרמים,1.50,ליטר,false,,9.90,6.6000,true,1,320087
7290019056324,false,שוופס טוניק 1.5 ליטר,יפאורה תבורי,IL,שוופס טוניק 1.5 ליטר,קילוגרמים,1.50,ליטר,false,,9.90,6.6000,true,1,320088
7290019056331,false,שוופס טוניק ללא סוכר,יפאורה תבורי,IL,שוופס טוניק ללא סוכר,קילוגרמים,1.50,ליטר,false,,9.50,6.3333,true,1,320089
7290019056355,false,תפוזינה לימונענע 1.5,יפאורה תבורי,IL,תפוזינה לימונענע 1.5,קילוגרמים,1.50,ליטר,false,,7.90,5.2667,true,1,320034
7290019056362,false,תפוזינה ענבים 1.5 לי,יפאורה תבורי,IL,תפוזינה ענבים 1.5 לי,קילוגרמים,1.50,ליטר,false,,7.90,5.2667,true,1,320035
7290019056379,false,תפוזינה תפוזים 1.5 ל,יפאורה תבורי,IL,תפוזינה תפוזים 1.5 ל,קילוגרמים,1.50,ליטר,false,,7.90,5.2667,true,1,320036
7290019056386,false,תפוזינה אשכוליות 1.5,יפאורה תבורי,IL,תפוזינה אשכוליות 1.5,קילוגרמים,1.50,ליטר,false,,7.90,5.2667,true,1,320037
7290019056393,false,תפוזינה תות בננה 1.5,יפאורה תבורי,IL,תפוזינה תות בננה 1.5,קילוגרמים,1.50,ליטר,false,,7.90,5.2667,true,1,320038
7290019056409,false,תפוזינה מנגו 1.5 ליט,יפאורה תבורי,IL,תפוזינה מנגו 1.5 ליט,קילוגרמים,1.50,ליטר,false,,7.90,5.2667,true,1,320039
7290019056416,false,תפוזינה לימונדה ורוד,יפאורה תבורי,IL,תפוזינה לימונדה ורוד,קילוגרמים,1.50,ליטר,false,,7.90,5.2667,true,1,320040
7290019056423,false,תפוזינה תפוחים 1.5 ל,יפאורה תבורי,IL,תפוזינה תפוחים 1.5 ל,קילוגרמים,1.50,ליטר,false,,7.90,5.2667,true,1,320041
7290019056430,false,תפוזינה תפוזים לייט,יפאורה תבורי,IL,תפוזינה תפוזים לייט,קילוגרמים,1.50,ליטר,false,,7.90,5.2667,true,1,320042
7290019056454,false,אר.סי קולה 1.5 ליטר,יפאורה תבורי,IL,אר.סי קולה 1.5 ליטר,קילוגרמים,1.50,ליטר,false,,7.20,4.8000,true,1,320376
7290019056461,false,מארז אר.סי קולה 6 *1,יפאורה תבורי,IL,מארז אר.סי קולה 6 *1,קילוגרמים,9.00,ליטר,false,,33.90,3.7667,true,1,320099
7290019056478,false,ספרינג תה אפרסק 1.5,יפאורה תבורי,IL,ספרינג תה אפרסק 1.5,קילוגרמים,1.50,ליטר,false,,7.20,4.8000,true,1,320044
7290019056485,false,ספרינג תה ירוק לימון,יפאורה תבורי,IL,ספרינג תה ירוק לימון,קילוגרמים,1.50,ליטר,false,,7.20,4.8000,true,1,320045
7290019056492,false,ספרינג תה מנגו אפרסק,יפאורה תבורי,IL,ספרינג תה מנגו אפרסק,קילוגרמים,1.50,ליטר,false,,7.20,4.8000,true,1,320046
7290019056508,false,פרוט ווטר בטעם ענבים,יפאורה תבורי,IL,פרוט ווטר בטעם ענבים,קילוגרמים,1.50,ליטר,false,,8.90,5.9333,true,1,320047
7290019056515,false,פרוט ווטר בטעם אננס,יפאורה תבורי,IL,פרוט ווטר בטעם אננס,קילוגרמים,1.50,ליטר,false,,8.90,5.9333,true,1,320048
7290019056522,false,פרוט ווטר בטעם תות 1,יפאורה תבורי,IL,פרוט ווטר בטעם תות 1,קילוגרמים,1.50,ליטר,false,,8.90,5.9333,true,1,320050
7290019056539,false,פרוט ווטר בטעם אפרסק,יפאורה תבורי,IL,פרוט ווטר בטעם אפרסק,קילוגרמים,1.50,ליטר,false,,8.90,5.9333,true,1,320051
7290019056546,false,פרוט ווטר בטעם אבטיח,יפאורה תבורי,IL,פרוט ווטר בטעם אבטיח,קילוגרמים,1.50,ליטר,false,,8.90,5.9333,true,1,320230
7290019056553,false,מים עין גדי 6*2 ליטר,עין גדי,IL,מים עין גדי 6*2 ליטר,קילוגרמים,12.00,ליטר,false,,12.90,1.0750,true,1,320102
7290019056560,false,מים עין גדי 1.5 ליטר,יפאורה תבורי,IL,מים עין גדי 1.5 ליטר,קילוגרמים,1.50,ליטר,false,,2.90,1.9333,true,1,320379
7290019056577,false,ספרינג מנגו 1.5 ליטר,יפאורה תבורי,IL,ספרינג מנגו 1.5 ליטר,קילוגרמים,1.50,ליטר,false,,7.90,5.2667,true,1,320010
7290019056584,false,ספרינג תפוזים 1.5 לי,יפאורה תבורי,IL,ספרינג תפוזים 1.5 לי,קילוגרמים,1.50,ליטר,false,,7.90,5.2667,true,1,320020
7290019056591,false,ספרינג ענבים 1.5 ליט,יפאורה תבורי,IL,ספרינג ענבים 1.5 ליט,קילוגרמים,1.50,ליטר,false,,7.90,5.2667,true,1,320021
7290019056607,false,ספרינג מיץ תפוחים 1.,יפאורה תבורי,IL,ספרינג מיץ תפוחים 1.,קילוגרמים,1.50,ליטר,false,,7.90,5.2667,true,1,320022
7290019056614,false,ספרינג אפרסק 1.5 ליט,יפאורה תבורי,IL,ספרינג אפרסק 1.5 ליט,קילוגרמים,1.50,ליטר,false,,7.90,5.2667,true,1,320023
7290019056621,false,ספרינג פירות טרופיים,יפאורה תבורי,IL,ספרינג פירות טרופיים,קילוגרמים,1.50,ליטר,false,,7.90,5.2667,true,1,320024
7290019056638,false,ספרינג תות-בננה 1.5,יפאורה תבורי,IL,ספרינג תות-בננה 1.5,קילוגרמים,1.50,ליטר,false,,7.90,5.2667,true,1,320025
7290019056645,false,ספרינג אגס סברס תפוח,יפאורה תבורי,IL,ספרינג אגס סברס תפוח,קילוגרמים,1.50,ליטר,false,,7.90,5.2667,true,1,320026
7290019056652,false,ספרינג אננס בננה 1.5,יפאורה תבורי,IL,ספרינג אננס בננה 1.5,קילוגרמים,1.50,ליטר,false,,7.90,5.2667,true,1,320027
7290019056669,false,ספרינג תפוחים לייט 1,יפאורה תבורי,IL,ספרינג תפוחים לייט 1,קילוגרמים,1.50,ליטר,false,,7.90,5.2667,true,1,320028
7290019056676,false,ספרינג אשכוליות אננס,יפאורה תבורי,IL,ספרינג אשכוליות אננס,קילוגרמים,1.50,ליטר,false,,7.90,5.2667,true,1,320030
7290019056720,false,קריסטל ענבים 2 ליטר,יפאורה תבורי,IL,קריסטל ענבים 2 ליטר,קילוגרמים,2.00,ליטר,false,,6.00,3.0000,true,1,320090
7290019056737,false,קריסטל אשכוליות 2 לי,יפאורה תבורי,IL,קריסטל אשכוליות 2 לי,קילוגרמים,2.00,ליטר,false,,6.00,3.0000,true,1,320091
7290019056744,false,קריסטל תפוזים 2 ליטר,יפאורה תבורי,IL,קריסטל תפוזים 2 ליטר,קילוגרמים,2.00,ליטר,false,,6.00,3.0000,true,1,320092
7290019056751,false,קריסטל אשכוליות דיאט,יפאורה תבורי,IL,קריסטל אשכוליות דיאט,קילוגרמים,2.00,ליטר,false,,6.00,3.0000,true,1,320093
7290019056768,false,קריסטל מנגו 2 ליטר,יפאורה תבורי,IL,קריסטל מנגו 2 ליטר,קילוגרמים,2.00,ליטר,false,,6.00,3.0000,true,1,320094
7290019056775,false,קריסטל ענבים מוגז 2,יפאורה תבורי,IL,קריסטל ענבים מוגז 2,קילוגרמים,2.00,ליטר,false,,6.00,3.0000,true,1,320095
7290019056782,false,קריסטל למון ליים 2 ל,יפאורה תבורי,IL,קריסטל למון ליים 2 ל,קילוגרמים,2.00,ליטר,false,,6.00,3.0000,true,1,320096
7290019056799,false,קריסטל אקזוטי מוגז 2,יפאורה תבורי,IL,קריסטל אקזוטי מוגז 2,קילוגרמים,2.00,ליטר,false,,6.00,3.0000,true,1,320097
7290019056805,false,קריסטל תפוע מוגז 2 ל,יפאורה תבורי,IL,קריסטל תפוע מוגז 2 ל,קילוגרמים,2.00,ליטר,false,,6.00,3.0000,true,1,320098
7290019056812,false,קריסטל מנטה 2 ליטר,יפאורה תבורי,IL,קריסטל מנטה 2 ליטר,קילוגרמים,2.00,ליטר,false,,6.00,3.0000,true,1,320100
7290019056836,false,קריסטל תות מוגז 2 לי,יפאורה תבורי,IL,קריסטל תות מוגז 2 לי,קילוגרמים,2.00,ליטר,false,,6.00,3.0000,true,1,320101
7290019056850,false,ספרינג תה דיאט אפרסק,יפאורה תבורי,IL,ספרינג תה דיאט אפרסק,קילוגרמים,1.50,ליטר,false,,7.20,4.8000,true,1,320049
7290019056973,false,מים מי עדן 6*1.5 ליט,מי עדן,IL,מים מי עדן 6*1.5 ליט,קילוגרמים,9.00,ליטר,false,,12.70,1.4111,true,1,320103
7290019094203,false,חסה אייסברג 300 גרם,רביבים,IL,חסה אייסברג 300 גרם,גרמים,300.00,100 גרם,false,,12.90,4.3000,true,1,320233
7290019094210,false,כרוב לבן 400 גרם,רביבים,IL,כרוב לבן 400 גרם,גרמים,400.00,100 גרם,false,,11.90,2.9750,true,1,320231
7290019094227,false,כרוב אדום 400 גרם,רביבים,IL,כרוב אדום 400 גרם,גרמים,400.00,100 גרם,false,,11.90,2.9750,true,1,320232
7290019094234,false,קולסלאו 400 גרם,רביבים,IL,קולסלאו 400 גרם,גרמים,300.00,100 גרם,false,,11.90,3.9667,true,1,320234
7290019094241,false,לקט 350 גרם,רביבים,IL,לקט 350 גרם,גרמים,350.00,100 גרם,false,,12.90,3.6857,true,1,320235
7290019094258,false,סלט המושבה 400 גרם,רביבים,IL,סלט המושבה 400 גרם,גרמים,400.00,100 גרם,false,,12.90,3.2250,true,1,320236
7290019094272,false,"כרוב לבן 1 ק""ג",רביבים,IL,"כרוב לבן 1 ק""ג",פריט,1.00,"ק""ג",false,,14.90,14.9000,true,1,320242
7290019094289,false,"כרוב אדום 1 ק""ג",רביבים,IL,"כרוב אדום 1 ק""ג",פריט,1.00,"ק""ג",false,,14.90,14.9000,true,1,320238
7290019094296,false,"קולסלאו 1 ק""ג",רביבים,IL,"קולסלאו 1 ק""ג",פריט,1.00,"ק""ג",false,,14.90,14.9000,true,1,320239
7290019094302,false,עלי חסה שטופים,רביבים,IL,עלי חסה שטופים,Unknown,0.00,יחידה,false,,13.90,0.0000,true,1,320243
7290019145035,false,משקה קיקאופ בטעם ליי,פיירוואטר,IL,משקה קיקאופ בטעם ליי,מיליליטרים,330.00,"100 מ""ל",false,,9.20,2.7879,true,1,324364
7290019145233,false,משקה קיקאופ בטעם אבט,פיירוואטר,IL,משקה קיקאופ בטעם אבט,מיליליטרים,330.00,"100 מ""ל",false,,9.20,2.7879,true,1,324365
7290019145264,false,"ארק סאלי 700 מ""ל",,IL,"ארק סאלי 700 מ""ל",מיליליטרים,700.00,"100 מ""ל",false,,19.90,2.8429,true,1,321072
7290019145462,false,"ארק סאלי אננס 750 מ""",,IL,"ארק סאלי אננס 750 מ""",מיליליטרים,750.00,"100 מ""ל",false,,29.90,3.9867,true,1,321073
7290019145639,false,משקה קיקאופ בטעם לימ,פיירוואטר,IL,משקה קיקאופ בטעם לימ,מיליליטרים,330.00,"100 מ""ל",false,,9.20,2.7879,true,1,324367
7290019153023,false,אר סי קולה ללא סוכר,יפאורה תבורי,IL,אר סי קולה ללא סוכר,קילוגרמים,6.00,ליטר,false,,23.90,3.9833,true,1,321567
7290019153078,false,שוופס ביטר למון לייט,יפאורה תבורי,IL,שוופס ביטר למון לייט,קילוגרמים,1.50,ליטר,false,,9.50,6.3333,true,1,321565
7290019153085,false,שוופס מוחיטו מוגז לל,יפאורה תבורי,IL,שוופס מוחיטו מוגז לל,קילוגרמים,1.50,ליטר,false,,8.20,5.4667,true,1,321566
7290019153252,false,מארז שוופס סודה תפוח,יפאורה תבורי,IL,מארז שוופס סודה תפוח,קילוגרמים,6.00,ליטר,false,,11.50,1.9167,true,1,322863
7290019153269,false,מארז שוופס סודה אננס,יפאורה תבורי,IL,מארז שוופס סודה אננס,קילוגרמים,6.00,ליטר,false,,11.50,1.9167,true,1,322864
7290019153344,false,תפוזינה סנגרייה 1.5,יפאורה תבורי,IL,תפוזינה סנגרייה 1.5,קילוגרמים,1.50,ליטר,false,,7.90,5.2667,true,1,323137
7290019153351,false,תפוזינה פינק אוזו 1.,יפאורה תבורי,IL,תפוזינה פינק אוזו 1.,קילוגרמים,1.50,ליטר,false,,7.90,5.2667,true,1,323138
7290019153375,false,תפוזינה מוחיטו 1.5 ל,יפאורה תבורי,IL,תפוזינה מוחיטו 1.5 ל,קילוגרמים,1.50,ליטר,false,,7.90,5.2667,true,1,323139
7290019153535,false,מארז שוופס מוגז פירו,יפאורה תבורי,IL,מארז שוופס מוגז פירו,קילוגרמים,1.32,ליטר,false,,11.90,9.0152,true,1,323852
7290019153566,false,ספרינג רימון אוכמניו,יפאורה תבורי,IL,ספרינג רימון אוכמניו,קילוגרמים,1.50,ליטר,false,,7.90,5.2667,true,1,324186
7290019232148,false,חליטת חמדת השקד הגן,ויסוצקי,IL,חליטת חמדת השקד הגן,Unknown,0.00,יחידה,false,,19.90,0.0000,true,1,321936
7290019232155,false,חליטת קמומיל ולבנדר,ויסוצקי,IL,חליטת קמומיל ולבנדר,Unknown,0.00,יחידה,false,,19.90,0.0000,true,1,325057
7290019232162,false,חליטת קמומיל ומליסה,ויסוצקי,IL,חליטת קמומיל ומליסה,Unknown,0.00,יחידה,false,,19.90,0.0000,true,1,325055
7290019232179,false,תה ירוק נענע עם ויטמ,ויסוצקי,IL,תה ירוק נענע עם ויטמ,Unknown,0.00,יחידה,false,,19.90,0.0000,true,1,325052
7290019232193,false,תה ירוק לימונית ג'ינ,ויסוצקי,IL,תה ירוק לימונית ג'ינ,Unknown,0.00,יחידה,false,,19.90,0.0000,true,1,325054
7290019232353,false,תה ירוק סיני קלאסי ו,ויסוצקי,IL,תה ירוק סיני קלאסי ו,גרמים,75.00,100 גרם,false,,36.90,49.2000,true,1,324566
7290019297161,false,טורטיות קמח חיטה ותי,,TR,טורטיות קמח חיטה ותי,גרמים,450.00,100 גרם,false,,9.90,2.2000,true,1,289142
7290019297192,false,חטיפי גרנולה עם שקדי,,MK,חטיפי גרנולה עם שקדי,גרמים,175.00,100 גרם,false,,9.90,5.6571,true,1,269937
7290019297208,false,חטיפי גרנולה עם פירו,,MK,חטיפי גרנולה עם פירו,גרמים,175.00,100 גרם,false,,9.90,5.6571,true,1,269938
7290019297383,false,מעדן משמש שקדיה 284,,CN,מעדן משמש שקדיה 284,גרמים,284.00,100 גרם,false,,9.90,3.4859,true,1,272122
7290019297420,false,מעדן תות שקדיה 284 ג,,CN,מעדן תות שקדיה 284 ג,גרמים,284.00,100 גרם,false,,9.90,3.4859,true,1,272125
7290019297451,false,"מי ורדים 500 מ""ל",,BE,"מי ורדים 500 מ""ל",מיליליטרים,500.00,"100 מ""ל",false,,13.90,2.7800,true,1,270042
7290019297505,false,רוטב רימונים שקדיה 7,,TR,רוטב רימונים שקדיה 7,מיליליטרים,700.00,"100 מ""ל",false,,19.90,2.8429,true,1,269940
7290019297512,false,רוטב רימונים שקדיה 3,,TR,רוטב רימונים שקדיה 3,מיליליטרים,340.00,"100 מ""ל",false,,9.90,2.9118,true,1,269939
7290019297796,false,עלי גפן ממולאים באור,,,עלי גפן ממולאים באור,גרמים,400.00,100 גרם,false,,8.90,2.2250,true,1,296115
7290019302315,false,יין באז אבטיח מלון מ,יקבי כרמל,IL,יין באז אבטיח מלון מ,מיליליטרים,750.00,"100 מ""ל",false,,19.90,2.6533,true,1,323117
7290019302490,false,יין דרום אדום יבש,יקבי כרמל,IL,יין דרום אדום יבש,מיליליטרים,750.00,"100 מ""ל",false,,79.90,10.6533,true,1,324448
7290019302551,false,מיץ ענבים תירוש אדום,יקבי כרמל,IL,מיץ ענבים תירוש אדום,קילוגרמים,1.00,ליטר,false,,11.90,11.9000,true,1,324173
7290019308126,false,פולי סויה אדממה פרוס,ווליאן פוליד פודס,CN,פולי סויה אדממה פרוס,גרמים,400.00,100 גרם,false,,6.90,1.7250,true,1,324549
7290019308157,false,קוביות מנגו קפוא פרו,גרין האוס,EG,קוביות מנגו קפוא פרו,גרמים,300.00,100 גרם,false,,5.90,1.9667,true,1,325073
7290019308188,false,ציפס קלאסי בסט צ'יפס,גרין האוס,EG,ציפס קלאסי בסט צ'יפס,פריט,1.50,"ק""ג",false,,14.90,9.9333,true,1,324682
7290019453024,false,קוגל אטריות ירושלמי,תכלית מזון,IL,קוגל אטריות ירושלמי,גרמים,800.00,100 גרם,false,,15.90,1.9875,true,1,324199
7290019453031,false,"קוגל תפו""א",תכלית מזון,IL,"קוגל תפו""א",גרמים,580.00,100 גרם,false,,15.90,2.7414,true,1,324200
7290055090849,false,מרשמלו כרמית 500 גרם,כרמית,IL,מרשמלו כרמית 500 גרם,גרמים,500.00,100 גרם,false,,13.90,2.7800,true,1,262788
7290100653586,false,דאו גל ליידי ספיד סט,קולגייט פלמוליב,BY,דאו גל ליידי ספיד סט,גרמים,65.00,100 גרם,false,,17.90,27.5385,true,1,262372
7290100680650,false,מנה חמה נודלס תאילנד,טאי רזידנט,CN,מנה חמה נודלס תאילנד,גרמים,76.00,100 גרם,false,,4.90,6.4474,true,1,253268
7290100680711,false,פירורית זהב אסם 350,עינת,IL,פירורית זהב אסם 350,גרמים,350.00,100 גרם,false,,7.90,2.2571,true,1,248481
7290100680728,false,פירורית לבנה אסם 350,אסם,IL,פירורית לבנה אסם 350,גרמים,350.00,100 גרם,false,,6.90,1.9714,true,1,248482
7290100681015,false,פודינג אינסטנט ריבת,אסם,IL,פודינג אינסטנט ריבת,גרמים,84.00,100 גרם,false,,4.90,5.8333,true,1,248483
7290100681138,false,מארז אפרופו 3*50 גרם,אסם,IL,מארז אפרופו 3*50 גרם,גרמים,150.00,100 גרם,false,,11.90,7.9333,true,1,251965
7290100685136,false,מרק בטעם עוף אסם 1 ק,אסם,IL,מרק בטעם עוף אסם 1 ק,פריט,1.00,"ק""ג",false,,8.90,8.9000,true,1,248498
7290100685334,false,מרק עוף אמיתי ר.טבעי,אסם,IL,מרק עוף אמיתי ר.טבעי,גרמים,400.00,100 גרם,false,,19.90,4.9750,true,1,276122
7290100685341,false,מרק בטעם עוף זך ר. ט,אסם,IL,מרק בטעם עוף זך ר. ט,גרמים,400.00,100 גרם,false,,13.90,3.4750,true,1,248499
7290100700396,false,"אורז יסמין סוגת 1 ק""",,,"אורז יסמין סוגת 1 ק""",פריט,1.00,"ק""ג",false,,9.90,9.9000,true,1,254385
7290100702741,false,סוכר חום בהיר סוגת 1,סוגת,IL,סוכר חום בהיר סוגת 1,פריט,1.00,"ק""ג",false,,9.90,9.9000,true,1,267457
7290100850909,false,דוריטוס נאצו מקסיקני,שטראוס,IL,דוריטוס נאצו מקסיקני,גרמים,70.00,100 גרם,false,,3.20,4.5714,true,1,248512
7290100850916,false,דוריטוס חמוץ חריף 70,שטראוס,IL,דוריטוס חמוץ חריף 70,גרמים,70.00,100 גרם,false,,3.20,4.5714,true,1,248513
7290100850923,false,דוריטוס גריל 70 גרם,שטראוס,IL,דוריטוס גריל 70 גרם,גרמים,70.00,100 גרם,false,,3.20,4.5714,true,1,248514
7290100850930,false,דוריטוס טבעי 70 גרם,שטראוס,IL,דוריטוס טבעי 70 גרם,גרמים,70.00,100 גרם,false,,3.20,4.5714,true,1,248515
7290100858608,false,קקאו עלית 500 גרם,שטראוס,IL,קקאו עלית 500 גרם,גרמים,500.00,100 גרם,false,,21.90,4.3800,true,1,248525
7290100921418,false,מרכך הוואי קרטין 700,הנקל סוד,IL,מרכך הוואי קרטין 700,מיליליטרים,700.00,"100 מ""ל",false,,5.90,0.8429,true,1,267727
7290101110811,false,מאגדת גלידל שלגון ב,הגלידות של פלדמן,IL,מאגדת גלידל שלגון ב,גרמים,400.00,100 גרם,false,,28.90,7.2250,true,1,324955
7290101112228,false,מאגדת גלידל פרי אננס,הגלידות של פלדמן,IL,מאגדת גלידל פרי אננס,גרמים,640.00,100 גרם,false,,18.90,2.9531,true,1,312418
7290101112921,false,מאגדת גלידל פרי פירו,הגלידות של פלדמן,IL,מאגדת גלידל פרי פירו,גרמים,640.00,100 גרם,false,,18.90,2.9531,true,1,312420
7290101113157,false,מאגדת גלידל וניל עוג,הגלידות של פלדמן,IL,מאגדת גלידל וניל עוג,גרמים,312.00,100 גרם,false,,22.90,7.3397,true,1,312415
7290101113430,false,מאגדת גלידל ריפל שוק,הגלידות של פלדמן,IL,מאגדת גלידל ריפל שוק,גרמים,312.00,100 גרם,false,,18.90,6.0577,true,1,317968
7290101113454,false,מאגדת גלידל שלגון י,הגלידות של פלדמן,IL,מאגדת גלידל שלגון י,גרמים,480.00,100 גרם,false,,28.90,6.0208,true,1,324956
7290101113584,false,טילוני יולו לבן עם ל,הגלידות של פלדמן,IL,טילוני יולו לבן עם ל,גרמים,400.00,100 גרם,false,,17.90,4.4750,true,1,317972
7290101113591,false,טילוני יולו לבן עם ע,הגלידות של פלדמן,IL,טילוני יולו לבן עם ע,גרמים,400.00,100 גרם,false,,17.90,4.4750,true,1,317971
7290101113751,false,מאגדת שלגוני יולו בל,הגלידות של פלדמן,IL,מאגדת שלגוני יולו בל,גרמים,200.00,100 גרם,false,,18.90,9.4500,true,1,324943
7290101113768,false,מאגדת שלגוני יולו שו,הגלידות של פלדמן,IL,מאגדת שלגוני יולו שו,גרמים,200.00,100 גרם,false,,18.90,9.4500,true,1,324957
7290101113805,false,מאגדת יופלה שרבט תות,הגלידות של פלדמן,IL,מאגדת יופלה שרבט תות,גרמים,350.00,100 גרם,false,,19.90,5.6857,true,1,324947
7290101113812,false,מאגדת יופלה שרבט אננ,הגלידות של פלדמן,IL,מאגדת יופלה שרבט אננ,גרמים,350.00,100 גרם,false,,19.90,5.6857,true,1,324946
7290101113829,false,מאגדת יופלה שרבט מנג,הגלידות של פלדמן,IL,מאגדת יופלה שרבט מנג,גרמים,350.00,100 גרם,false,,19.90,5.6857,true,1,324948
7290101113904,false,מנבו בטעם וניל 12 יח,הגלידות של פלדמן,IL,מנבו בטעם וניל 12 יח,גרמים,288.00,100 גרם,false,,19.90,6.9097,true,1,324925
7290101488286,false,דאו ספריי ליידי ספיד,קולגייט פלמוליב,,דאו ספריי ליידי ספיד,מיליליטרים,150.00,"100 מ""ל",false,,13.90,9.2667,true,1,256436
7290101488323,false,דאו ליידי ספיד סטיק,קולגייט פלמוליב,BY,דאו ליידי ספיד סטיק,גרמים,65.00,100 גרם,false,,17.90,27.5385,true,1,256441
7290101551027,false,קפסולות עלית 14 חזק,שטראוס קפה בי.וי,IL,קפסולות עלית 14 חזק,גרמים,50.00,100 גרם,false,,15.50,31.0000,true,1,304553
7290101551263,false,סילאן טבעי יד מרדכי,שטראוס,IL,סילאן טבעי יד מרדכי,גרמים,700.00,100 גרם,false,,19.90,2.8429,true,1,308125
7290101551539,false,דנונה פרו אפרסק 0% 2,שטראוס,IL,דנונה פרו אפרסק 0% 2,גרמים,200.00,100 גרם,false,,5.90,2.9500,true,1,303440
7290101551584,false,מארז תפוציפס קידס 10,שטראוס,IL,מארז תפוציפס קידס 10,גרמים,200.00,100 גרם,false,,12.90,6.4500,true,1,303661
7290101554233,false,מארז ציטוס כאפה 16*2,שטראוס,IL,מארז ציטוס כאפה 16*2,גרמים,320.00,100 גרם,false,,17.90,5.5937,true,1,303105
7290101863410,false,תרסיס סיליט באנג עם,רקיט בנקיזר,PL,תרסיס סיליט באנג עם,מיליליטרים,750.00,"100 מ""ל",false,,12.50,1.6667,true,1,290101
7290101865216,false,"אבקת קולון 9 ק""ג",זוהר דליה,IL,"אבקת קולון 9 ק""ג",פריט,9.00,"ק""ג",false,,59.90,6.6556,true,1,286694
7290101865261,false,נוזל הברקה פיניש 800,רקיט בנקיזר,PL,נוזל הברקה פיניש 800,מיליליטרים,800.00,"100 מ""ל",false,,19.90,2.4875,true,1,255678
7290101866633,false,גל וניש קליה 3 ליטר,סאסאטק,IL,גל וניש קליה 3 ליטר,קילוגרמים,3.00,ליטר,false,,28.90,9.6333,true,1,266521
7290101866787,false,גל וניש קליה כביסה ל,רקיט בנקיזר,PL,גל וניש קליה כביסה ל,קילוגרמים,3.00,ליטר,false,,28.90,9.6333,true,1,266523
7290101867623,false,תרסיס וינדולין חלונו,,,תרסיס וינדולין חלונו,קילוגרמים,2.25,ליטר,false,,24.90,11.0667,true,1,258535
7290101868460,false,אבקת קולון 8 קג,רקיט בנקיזר,IL,אבקת קולון 8 קג,פריט,8.00,"ק""ג",false,,54.90,6.8625,true,1,300070
7290101868958,false,נוזל הברקה פיניש לימ,רקיט בנקיזר,PL,נוזל הברקה פיניש לימ,מיליליטרים,800.00,"100 מ""ל",false,,19.90,2.4875,true,1,287569
7290101869726,false,גל למדיח פיניש 1 ליט,רקיט בנקיזר,PL,גל למדיח פיניש 1 ליט,קילוגרמים,1.00,ליטר,false,,39.90,39.9000,true,1,287957
7290101869733,false,גל למדיח פיניש לימון,רקיט בנקיזר,PL,גל למדיח פיניש לימון,קילוגרמים,1.00,ליטר,false,,39.90,39.9000,true,1,287958
7290101869764,false,מבשם אוטומטי אירוויק,רקיט בנקיזר,PL,מבשם אוטומטי אירוויק,Unknown,0.00,יחידה,false,,37.90,0.0000,true,1,293091
7290101869801,false,מטהר חשמלי אירוויק +,רקיט בנקיזר,GB,מטהר חשמלי אירוויק +,Unknown,0.00,יחידה,false,,19.90,0.0000,true,1,311706
7290101869818,false,מטהר חשמלי אירוויק +,רקיט בנקיזר,GB,מטהר חשמלי אירוויק +,Unknown,0.00,יחידה,false,,19.90,0.0000,true,1,311707
7290101869825,false,מילוי מבשם חשמלי איר,רקיט בנקיזר,PL,מילוי מבשם חשמלי איר,Unknown,0.00,יחידה,false,,15.90,0.0000,true,1,311700
7290101869832,false,מילוי מבשם חשמלי איר,רקיט בנקיזר,PL,מילוי מבשם חשמלי איר,Unknown,0.00,יחידה,false,,15.90,0.0000,true,1,311701
7290102030330,false,תפוציפס קראנצ מקסיקנ,שטראוס,IL,תפוציפס קראנצ מקסיקנ,גרמים,200.00,100 גרם,false,,8.90,4.4500,true,1,248528
7290102031276,false,אקטימל תות בננה דנונ,שטראוס,IL,אקטימל תות בננה דנונ,מיליליטרים,800.00,"100 מ""ל",false,,19.90,2.4875,true,1,249875
7290102032334,false,קפה נמס וניל 200 גרם,עלית,IL,קפה נמס וניל 200 גרם,גרמים,200.00,100 גרם,false,,19.90,9.9500,true,1,248532
7290102060764,false,מברשת מרידול 2 יח,קולגייט פלמוליב,,מברשת מרידול 2 יח,Unknown,0.00,יחידה,false,,24.90,0.0000,true,1,304977
7290102060979,false,"משחת אלמקס 100 מ""ל",קולגייט פלמוליב,,"משחת אלמקס 100 מ""ל",מיליליטרים,100.00,"100 מ""ל",false,,14.90,14.9000,true,1,264462
7290102062195,false,משחת אלמקס גוניור 75,קולגייט פלמוליב,,משחת אלמקס גוניור 75,גרמים,75.00,100 גרם,false,,9.90,13.2000,true,1,264469
7290102390427,false,מולר פרופ תות 150 גר,טרה,IL,מולר פרופ תות 150 גר,מיליליטרים,150.00,"100 מ""ל",false,,4.50,3.0000,true,1,248538
7290102390465,false,מולר פרופ אפרסק ופסי,טרה,IL,מולר פרופ אפרסק ופסי,מיליליטרים,150.00,"100 מ""ל",false,,4.50,3.0000,true,1,248539
7290102390489,false,מולר פרופ לימון 150,טרה,IL,מולר פרופ לימון 150,מיליליטרים,150.00,"100 מ""ל",false,,4.50,3.0000,true,1,248540
7290102391844,false,מולר פרופ פירות יער,טרה,IL,מולר פרופ פירות יער,מיליליטרים,150.00,"100 מ""ל",false,,4.50,3.0000,true,1,250071
7290102392049,false,גבינת תבור 5% צוריאל,מחלבת משק צוריאל,IL,גבינת תבור 5% צוריאל,גרמים,500.00,100 גרם,false,,18.90,3.7800,true,1,251708
7290102392094,false,חלב עיזים צוריאל 1 ל,מחלבת משק צוריאל,IL,חלב עיזים צוריאל 1 ל,גרמים,250.00,100 גרם,false,,14.90,5.9600,true,1,250479
7290102392254,false,חלב 1% טרה 2 ליטר,טרה,IL,חלב 1% טרה 2 ליטר,קילוגרמים,2.00,ליטר,false,,11.60,5.8000,true,1,252028
7290102393039,false,מולר מיקס פצפוצי שוק,טרה,IL,מולר מיקס פצפוצי שוק,מיליליטרים,150.00,"100 מ""ל",false,,5.60,3.7333,true,1,252439
7290102393060,false,מולר מיקס גלילות 170,טרה,IL,מולר מיקס גלילות 170,מיליליטרים,150.00,"100 מ""ל",false,,5.60,3.7333,true,1,252437
7290102393169,false,מולר סימפלי תות 150,טרה,IL,מולר סימפלי תות 150,גרמים,150.00,100 גרם,false,,4.80,3.2000,true,1,253488
7290102393176,false,מולר סימפלי אפרסק 15,טרה,IL,מולר סימפלי אפרסק 15,גרמים,150.00,100 גרם,false,,4.80,3.2000,true,1,253489
7290102393190,false,מולר סימפלי פירות יע,טרה,IL,מולר סימפלי פירות יע,גרמים,150.00,100 גרם,false,,4.80,3.2000,true,1,253490
7290102393268,false,גבינה 5% טרה 750 גרם,טרה,IL,גבינה 5% טרה 750 גרם,גרמים,750.00,100 גרם,false,,14.50,1.9333,true,1,252605
7290102393947,false,מולר סימפלי קיווי 15,טרה,IL,מולר סימפלי קיווי 15,גרמים,150.00,100 גרם,false,,4.80,3.2000,true,1,254991
7290102394258,false,גבינה מה עז 9% צוריא,מחלבת משק צוריאל,IL,גבינה מה עז 9% צוריא,גרמים,180.00,100 גרם,false,,17.90,9.9444,true,1,268322
7290102394463,false,גבינה נעם 28% 500 גר,טרה,IL,גבינה נעם 28% 500 גר,גרמים,500.00,100 גרם,false,,22.90,4.5800,true,1,262473
7290102394821,false,פרוסות גבינה נעם קלא,טרה,IL,פרוסות גבינה נעם קלא,גרמים,200.00,100 גרם,false,,14.90,7.4500,true,1,257967
7290102394845,false,פרוסות גבינה נעם 9%,טרה,IL,פרוסות גבינה נעם 9%,גרמים,200.00,100 גרם,false,,16.90,8.4500,true,1,257886
7290102395217,false,מארז מולר ביאנקו במת,טרה,IL,מארז מולר ביאנקו במת,קילוגרמים,1.20,ליטר,false,,16.90,14.0833,true,1,260333
7290102395224,false,מארז מולר נטורל 1.7%,טרה,IL,מארז מולר נטורל 1.7%,קילוגרמים,1.20,ליטר,false,,15.90,13.2500,true,1,259945
7290102395231,false,מארז מולר נטורל 2.8%,טרה,IL,מארז מולר נטורל 2.8%,קילוגרמים,1.20,ליטר,false,,15.90,13.2500,true,1,259946
7290102395262,false,מארז מולר סימפלי תות,טרה,IL,מארז מולר סימפלי תות,קילוגרמים,1.20,ליטר,false,,27.90,23.2500,true,1,260815
7290102395347,false,משקה יוגורט 6% טרה 3,טרה,IL,משקה יוגורט 6% טרה 3,קילוגרמים,3.00,ליטר,false,,27.90,9.3000,true,1,296584
7290102395439,false,מארז מולר סימפלי פיר,טרה,,מארז מולר סימפלי פיר,קילוגרמים,1.20,ליטר,false,,27.90,23.2500,true,1,260814
7290102395446,false,מעדן מוו וניל עם קצפ,טרה,IL,מעדן מוו וניל עם קצפ,גרמים,123.00,100 גרם,false,,2.70,2.1951,true,1,260454
7290102395477,false,מעדן מוו שוקולד עם ק,טרה,IL,מעדן מוו שוקולד עם ק,גרמים,123.00,100 גרם,false,,2.70,2.1951,true,1,260452
7290102395521,false,שמנת לבישול 15% טרה,טרה,IL,שמנת לבישול 15% טרה,מיליליטרים,500.00,"100 מ""ל",false,,14.90,2.9800,true,1,267456
7290102396399,false,מארז מעדן מוו שוקולד,טרה,IL,מארז מעדן מוו שוקולד,גרמים,800.00,100 גרם,false,,12.90,1.6125,true,1,268656
7290102396405,false,מארז מעדן מוו וניל 8,טרה,IL,מארז מעדן מוו וניל 8,גרמים,800.00,100 גרם,false,,12.90,1.6125,true,1,268657
7290102396580,false,מעדן מוו מוס שוקו 11,טרה,IL,מעדן מוו מוס שוקו 11,גרמים,123.00,100 גרם,false,,2.70,2.1951,true,1,268654
7290102396597,false,מעדן מוו מוס שוקו ונ,טרה,IL,מעדן מוו מוס שוקו ונ,גרמים,123.00,100 גרם,false,,2.70,2.1951,true,1,268655
7290102396665,false,פרוסות גבינה נעם 15%,טרה,IL,פרוסות גבינה נעם 15%,גרמים,200.00,100 גרם,false,,14.90,7.4500,true,1,288856
7290102396740,false,מארז מולר סימפלי תות,טרה,IL,מארז מולר סימפלי תות,קילוגרמים,1.20,ליטר,false,,27.90,23.2500,true,1,270463
7290102397075,false,משקה יוגורט 4% טרה 1,טרה,IL,משקה יוגורט 4% טרה 1,פריט,1.50,"ק""ג",false,,12.90,8.6000,true,1,278199
7290102397204,false,פרוסות גבינה נעם 22%,טרה,IL,פרוסות גבינה נעם 22%,גרמים,200.00,100 גרם,false,,14.90,7.4500,true,1,288855
7290102397310,false,מארז מעדן מוו שוקולד,טרה,IL,מארז מעדן מוו שוקולד,גרמים,560.00,100 גרם,false,,11.90,2.1250,true,1,291392
7290102397334,false,גבינה בולגרית 5% צור,מחלבת משק צוריאל,IL,גבינה בולגרית 5% צור,גרמים,250.00,100 גרם,false,,17.90,7.1600,true,1,290862
7290102397464,false,מולר נטורל עם פיצוחי,מולר,IL,מולר נטורל עם פיצוחי,מיליליטרים,150.00,"100 מ""ל",false,,5.60,3.7333,true,1,296589
7290102397600,false,מולר מיקס שקדים ובוט,מולר,IL,מולר מיקס שקדים ובוט,מיליליטרים,150.00,"100 מ""ל",false,,5.60,3.7333,true,1,292464
7290102397617,false,מולר מיקס קליק כדורי,מולר,IL,מולר מיקס קליק כדורי,מיליליטרים,150.00,"100 מ""ל",false,,5.60,3.7333,true,1,292463
7290102397679,false,קוטג 5% טרה 375 גרם,טרה,IL,קוטג 5% טרה 375 גרם,גרמים,375.00,100 גרם,false,,6.90,1.8400,true,1,295766
7290102397730,false,גבינה נעם אמנטל 30%,טרה,IL,גבינה נעם אמנטל 30%,גרמים,200.00,100 גרם,false,,14.90,7.4500,true,1,297616
7290102397747,false,גבינה נעם מוצרלה פרו,טרה,IL,גבינה נעם מוצרלה פרו,גרמים,200.00,100 גרם,false,,15.90,7.9500,true,1,300002
7290102397891,false,גבינה מותכת צוריאל 1,טרה,IL,גבינה מותכת צוריאל 1,גרמים,100.00,100 גרם,false,,6.90,6.9000,true,1,296586
7290102398065,false,חלב 3% טרה 2 ליטר וס,טרה,IL,חלב 3% טרה 2 ליטר וס,קילוגרמים,2.00,ליטר,false,,10.90,5.4500,true,1,298083
7290102398072,false,חלב 3% טרה 1 ליטר מה,טרה,IL,חלב 3% טרה 1 ליטר מה,קילוגרמים,1.00,ליטר,false,,6.20,6.2000,true,1,313526
7290102398478,false,לאבנה 9% טרה 500 גרם,טרה,IL,לאבנה 9% טרה 500 גרם,גרמים,500.00,100 גרם,false,,15.90,3.1800,true,1,303145
7290102398560,false,משקה שוקו טרה 1 ליטר,טרה,IL,משקה שוקו טרה 1 ליטר,קילוגרמים,1.00,ליטר,false,,10.90,10.9000,true,1,303210
7290102398577,false,שוקו מועשר טרה 250 מ,טרה,IL,שוקו מועשר טרה 250 מ,מיליליטרים,250.00,"100 מ""ל",false,,5.20,2.0800,true,1,322919
7290102398614,false,משקה בננה טרה 1 ליטר,טרה,IL,משקה בננה טרה 1 ליטר,קילוגרמים,1.00,ליטר,false,,10.90,10.9000,true,1,303211
7290102398638,false,משקה מוקה טרה 1 ליטר,טרה,IL,משקה מוקה טרה 1 ליטר,קילוגרמים,1.00,ליטר,false,,10.90,10.9000,true,1,303212
7290102398669,false,משקה אייס קפוצ'ינו ט,טרה,IL,משקה אייס קפוצ'ינו ט,קילוגרמים,1.00,ליטר,false,,10.90,10.9000,true,1,312172
7290102398782,false,משקה סויה צוריאל 1 ל,ואל סויה,IT,משקה סויה צוריאל 1 ל,קילוגרמים,1.00,ליטר,false,,9.90,9.9000,true,1,310325
7290102398799,false,משקה סויה במתיקות מו,ואל סויה,IT,משקה סויה במתיקות מו,קילוגרמים,1.00,ליטר,false,,9.90,9.9000,true,1,310326
7290102398805,false,משקה סויה וניל צוריא,ואל סויה,IT,משקה סויה וניל צוריא,קילוגרמים,1.00,ליטר,false,,9.90,9.9000,true,1,310329
7290102398836,false,משקה שקדים צוריאל 1,ואל סויה,IT,משקה שקדים צוריאל 1,קילוגרמים,1.00,ליטר,false,,11.90,11.9000,true,1,310328
7290102399048,false,גבינה נעם קשקבל 200,טרה,IL,גבינה נעם קשקבל 200,גרמים,200.00,100 גרם,false,,18.90,9.4500,true,1,306355
7290102399635,false,מולר פרופ טרופיקל קו,טרה,IL,מולר פרופ טרופיקל קו,מיליליטרים,150.00,"100 מ""ל",false,,4.50,3.0000,true,1,312948
7290102399796,false,מולר אקטיב לבן 25 גר,מילקו,IL,מולר אקטיב לבן 25 גר,גרמים,200.00,100 גרם,false,,4.90,2.4500,true,1,312337
7290102399802,false,מולר אקטיב תות 20 גר,טרה,IL,מולר אקטיב תות 20 גר,גרמים,200.00,100 גרם,false,,5.50,2.7500,true,1,312340
7290102399819,false,מולר אקטיב פירות יער,טרה,IL,מולר אקטיב פירות יער,גרמים,200.00,100 גרם,false,,5.50,2.7500,true,1,312341
7290102399857,false,מולר אקטיב תות לייט,טרה,IL,מולר אקטיב תות לייט,גרמים,200.00,100 גרם,false,,5.50,2.7500,true,1,312346
7290102840199,false,גלי משמש 90 גרם,מיה תעשיות מזון בעמ,IL,גלי משמש 90 גרם,גרמים,90.00,100 גרם,false,,2.90,3.2222,true,1,251842
7290102840205,false,גלי תות 90 גרם,מיה תעשיות מזון בעמ,IL,גלי תות 90 גרם,גרמים,90.00,100 גרם,false,,2.90,3.2222,true,1,251836
7290103120658,false,דאו גל ספיד סטיק קול,קולגייט פלמוליב,BY,דאו גל ספיד סטיק קול,גרמים,85.00,100 גרם,false,,17.90,21.0588,true,1,256443
7290103124588,false,ג'ל רחצה פלמוליב ארו,קולגייט פלמוליב,TR,ג'ל רחצה פלמוליב ארו,מיליליטרים,750.00,"100 מ""ל",false,,19.50,2.6000,true,1,256475
7290103124601,false,תחליב פלמוליב חלב וד,קולגייט פלמוליב,TR,תחליב פלמוליב חלב וד,מיליליטרים,750.00,"100 מ""ל",false,,19.50,2.6000,true,1,256474
7290103126797,false,משחת קולגייט סנסטיב,קולגייט פלמוליב,,משחת קולגייט סנסטיב,מיליליטרים,75.00,"100 מ""ל",false,,17.90,23.8667,true,1,310618
7290103129408,false,דאו ליידי ספיד סטיק,קולגייט פלמוליב,BY,דאו ליידי ספיד סטיק,גרמים,65.00,100 גרם,false,,17.90,27.5385,true,1,262347
7290103150952,false,מפות שולחן עבות לפיד,צח ליין,CN,מפות שולחן עבות לפיד,Unknown,0.00,יחידה,false,,9.90,0.0000,true,1,249410
7290103150969,false,מפות שולחן עבות לפיד,צח ליין,CN,מפות שולחן עבות לפיד,Unknown,0.00,יחידה,false,,9.90,0.0000,true,1,249411
7290103153779,false,מכסים לתבניות גדולות,אופל אריזות בעמ,IL,מכסים לתבניות גדולות,Unknown,0.00,יחידה,false,,5.90,0.0000,true,1,255956
7290103153786,false,מכסים לתבניות בינוני,אופל אריזות בעמ,IL,מכסים לתבניות בינוני,Unknown,0.00,יחידה,false,,5.90,0.0000,true,1,255957
7290103153823,false,צלחות קטנות נעימות ז,ב פ תעשיות,IL,צלחות קטנות נעימות ז,Unknown,0.00,יחידה,false,,24.90,0.0000,true,1,256980
7290103153830,false,צלחות גדולות נעימות,ב פ תעשיות,IL,צלחות גדולות נעימות,Unknown,0.00,יחידה,false,,39.90,0.0000,true,1,256977
7290103153847,false,צלחות מרק נעימות זהב,ב פ תעשיות,IL,צלחות מרק נעימות זהב,Unknown,0.00,יחידה,false,,29.90,0.0000,true,1,256983
7290103155087,false,שקיות אשפה עם ידיות,רווח,CN,שקיות אשפה עם ידיות,Unknown,0.00,יחידה,false,,19.90,0.0000,true,1,264759
7290103155582,false,מכסים לתבנית בינוני,אופל אריזות בעמ,IL,מכסים לתבנית בינוני,Unknown,0.00,יחידה,false,,5.90,0.0000,true,1,265575
7290103156138,false,מפת אלבד מדוגם גליל,דיספובד,IL,מפת אלבד מדוגם גליל,Unknown,0.00,יחידה,false,,29.90,0.0000,true,1,265711
7290103156473,false,כפיות חד פעמי 100 יח,MAZLUM,TR,כפיות חד פעמי 100 יח,Unknown,0.00,יחידה,false,,6.90,0.0000,true,1,269189
7290103156480,false,מזלגות חד פעמי 100 י,MAZLUM,TR,מזלגות חד פעמי 100 י,Unknown,0.00,יחידה,false,,6.90,0.0000,true,1,269186
7290103156930,false,כוסות יהלום 40 יח,LARIPLAST,IL,כוסות יהלום 40 יח,Unknown,0.00,יחידה,false,,10.90,0.0000,true,1,271776
7290103157104,false,מפת אלבד צבעוני 4 יח,פאלאס,CN,מפת אלבד צבעוני 4 יח,Unknown,0.00,יחידה,false,,11.90,0.0000,true,1,293683
7290103157111,false,מפת אלבד גליל 1.2*20,דיספובד,IL,מפת אלבד גליל 1.2*20,Unknown,0.00,יחידה,false,,29.90,0.0000,true,1,294706
7290103203436,false,ליקר צאלו דובדבן 500,ישראליקר,IL,ליקר צאלו דובדבן 500,מיליליטרים,500.00,"100 מ""ל",false,,29.90,5.9800,true,1,265985
7290103203443,false,ליקר צאלו בננה 500 מ,ישראליקר,IL,ליקר צאלו בננה 500 מ,מיליליטרים,500.00,"100 מ""ל",false,,29.90,5.9800,true,1,265986
7290103401429,false,קפה פלטינום ברזילאי,שטראוס,IL,קפה פלטינום ברזילאי,גרמים,200.00,100 גרם,false,,24.90,12.4500,true,1,250260
7290103702649,false,טישו עדן 5*100 יח,,IL,טישו עדן 5*100 יח,Unknown,500.00,יחידה,false,,7.90,0.0158,true,1,310715
7290103703004,false,נייר טואלט טאצ' כדור,,IL,נייר טואלט טאצ' כדור,מטרים,0.00,מטר,false,,26.90,0.0000,true,1,324185
7290103703615,false,נייר טואלט עדן 30 גל,שניב תעשיות נייר,IL,נייר טואלט עדן 30 גל,מטרים,495.00,מטר,false,,16.90,0.0341,true,1,303202
7290103703899,false,מפיות טאצ' חד שכבתי,,IL,מפיות טאצ' חד שכבתי,Unknown,0.00,יחידה,false,,4.90,0.0000,true,1,319321
7290103704216,false,מגבות נייר קשת 16 יח,שניב תעשיות נייר,IL,מגבות נייר קשת 16 יח,מטרים,169.28,מטר,false,,19.90,0.1176,true,1,315847
7290103704223,false,נייר טואלט בונו 30 ג,שניב תעשיות נייר,IL,נייר טואלט בונו 30 ג,מטרים,504.00,מטר,false,,16.90,0.0335,true,1,325185
7290103704834,false,נייר טואלט שניב 32 ג,שניב תעשיות נייר,IL,נייר טואלט שניב 32 ג,מטרים,528.00,מטר,false,,24.90,0.0472,true,1,321361
7290104061417,false,חומוס עם טחינה אחלה,שטראוס,IL,חומוס עם טחינה אחלה,גרמים,400.00,100 גרם,false,,9.90,2.4750,true,1,250880
7290104061424,false,חומוס עם זעתר אחלה 4,שטראוס,IL,חומוס עם זעתר אחלה 4,גרמים,400.00,100 גרם,false,,9.90,2.4750,true,1,250879
7290104061431,false,חומוס עם צנוברים אחל,שטראוס,IL,חומוס עם צנוברים אחל,גרמים,400.00,100 גרם,false,,9.90,2.4750,true,1,250881
7290104061448,false,חומוס עם חריף אחלה 4,שטראוס,IL,חומוס עם חריף אחלה 4,גרמים,400.00,100 גרם,false,,9.90,2.4750,true,1,250882
7290104062599,false,מארז גמדים תות ובננה,שטראוס,IL,מארז גמדים תות ובננה,גרמים,800.00,100 גרם,false,,17.90,2.2375,true,1,250964
7290104065187,false,קפה נמס מוקה 200 גרם,שטראוס,IL,קפה נמס מוקה 200 גרם,גרמים,200.00,100 גרם,false,,19.90,9.9500,true,1,265716
7290104066566,false,טחינה אחלה 500 גרם,שטראוס,IL,טחינה אחלה 500 גרם,גרמים,500.00,100 גרם,false,,13.90,2.7800,true,1,253198
7290104500572,false,אפרופו איטליאנו 50 ג,אסם,IL,אפרופו איטליאנו 50 ג,גרמים,50.00,100 גרם,false,,4.50,9.0000,true,1,258724
7290104501661,false,פודינג אינסטנט קרם צ,אסם,IL,פודינג אינסטנט קרם צ,גרמים,80.00,100 גרם,false,,4.90,6.1250,true,1,254090
7290104570162,false,תמר כבוש 500 גרם,תמר העמקים בית שאן,,תמר כבוש 500 גרם,גרמים,500.00,100 גרם,false,,6.90,1.3800,true,1,261950
7290104720499,false,מארז דני וניל 8*125,שטראוס,IL,מארז דני וניל 8*125,קילוגרמים,1.00,ליטר,false,,14.90,14.9000,true,1,252983
7290104721755,false,מארז קפה טורקי עלית,חברת המשקם לתעסוקת ק,IL,מארז קפה טורקי עלית,גרמים,435.00,100 גרם,false,,29.90,6.8736,true,1,254383
7290104722530,false,תפוציפס שמנת בצל 200,שטראוס,IL,תפוציפס שמנת בצל 200,גרמים,200.00,100 גרם,false,,8.90,4.4500,true,1,253227
7290104726712,false,מארז מילקי שוקולד 8*,שטראוס,IL,מארז מילקי שוקולד 8*,פריט,1.06,"ק""ג",false,,19.90,18.7736,true,1,255587
7290104728310,false,שמנת להקצפה 38% יטבת,שטראוס,IL,שמנת להקצפה 38% יטבת,מיליליטרים,250.00,"100 מ""ל",false,,6.40,2.5600,true,1,254791
7290104850776,false,מגש אובלי זהב 12 יח,פאלאס,IL,מגש אובלי זהב 12 יח,Unknown,0.00,יחידה,false,,15.90,0.0000,true,1,307974
7290104850790,false,מגש אובלי בורדו 12 י,פאלאס,IL,מגש אובלי בורדו 12 י,Unknown,0.00,יחידה,false,,15.90,0.0000,true,1,307975
7290104855368,false,מיכל 1 ליטר 12 יח,פאלאס,CN,מיכל 1 ליטר 12 יח,Unknown,0.00,יחידה,false,,19.90,0.0000,true,1,289086
7290104855375,false,מיכל 2 ליטר 10 יח,סנטר פלאסט,IL,מיכל 2 ליטר 10 יח,Unknown,0.00,יחידה,false,,19.90,0.0000,true,1,289049
7290104855382,false,מיכל 2.5 ליטר 6 יח,סנטר פלאסט,IL,מיכל 2.5 ליטר 6 יח,Unknown,0.00,יחידה,false,,19.90,0.0000,true,1,289050
7290104855399,false,מיכל 4 ליטר 5 יח,סנטר פלאסט,IL,מיכל 4 ליטר 5 יח,Unknown,0.00,יחידה,false,,19.90,0.0000,true,1,289051
7290104855405,false,מיכל 0.5 ליטר 15 יח,סנטר פלאסט,IL,מיכל 0.5 ליטר 15 יח,Unknown,0.00,יחידה,false,,19.90,0.0000,true,1,289052
7290104856839,false,מארז 6 יח נייר אלומי,פאלאס,CN,מארז 6 יח נייר אלומי,מטרים,30.00,מטר,false,,21.90,0.7300,true,1,290753
7290104856846,false,מארז 4 נייר אלומיניו,פאלאס,CN,מארז 4 נייר אלומיניו,מטרים,30.00,מטר,false,,21.90,0.7300,true,1,291752
7290104856853,false,מארז 3 נייר אלומיניו,פאלאס,CN,מארז 3 נייר אלומיניו,מטרים,22.50,מטר,false,,21.90,0.9733,true,1,291753
7290104856914,false,מפת אלבד מדוגם 2 יח,פאלאס,CN,מפת אלבד מדוגם 2 יח,Unknown,0.00,יחידה,false,,11.90,0.0000,true,1,293681
7290104857041,false,"כוסות ח""פ 100 יח",פאלאס,CN,"כוסות ח""פ 100 יח",Unknown,0.00,יחידה,false,,5.90,0.0000,true,1,293573
7290104858185,false,נרות חימום בפלסטיק 8,פאלאס,CN,נרות חימום בפלסטיק 8,Unknown,0.00,יחידה,false,,23.90,0.0000,true,1,295742
7290104858208,false,נרות חימום בפלסטיק 4,פאלאס,CN,נרות חימום בפלסטיק 4,Unknown,0.00,יחידה,false,,23.90,0.0000,true,1,295741
7290104858536,false,כוסות קינוח לפיד,FGM,CN,כוסות קינוח לפיד,Unknown,0.00,יחידה,false,,14.90,0.0000,true,1,296124
7290104858543,false,כוסות קינוח צורות לפ,FGM,CN,כוסות קינוח צורות לפ,Unknown,0.00,יחידה,false,,14.90,0.0000,true,1,296123
7290104858567,false,מפת אלבד מוטבע גליל,פאלאס,CN,מפת אלבד מוטבע גליל,Unknown,0.00,יחידה,false,,39.90,0.0000,true,1,296018
7290104858598,false,מפיות לבנות חד שכבתי,פאלאס,CN,מפיות לבנות חד שכבתי,Unknown,0.00,יחידה,false,,4.90,0.0000,true,1,296963
7290104858642,false,שקיות אשפה 75*90 לפי,רווח,CN,שקיות אשפה 75*90 לפי,Unknown,0.00,יחידה,false,,11.90,0.0000,true,1,295026
7290104858727,false,טישו קשת 5*140 יח,פאלאס,CN,טישו קשת 5*140 יח,Unknown,700.00,יחידה,false,,11.90,0.0170,true,1,298275
7290104859267,false,שקיות אוכל קשת 3*150,פאלאס,CN,שקיות אוכל קשת 3*150,Unknown,0.00,יחידה,false,,9.90,0.0000,true,1,296846
7290104859410,false,צלחות גדולות לפיד 1,פאלאס,CN,צלחות גדולות לפיד 1,Unknown,0.00,יחידה,false,,29.90,0.0000,true,1,298424
7290104859779,false,כוסות איכותיות 40 יח,פאלאס,CN,כוסות איכותיות 40 יח,Unknown,0.00,יחידה,false,,10.90,0.0000,true,1,301002
7290104859960,false,מארז 4 יח מגשי קריסט,פאלאס,CN,מארז 4 יח מגשי קריסט,Unknown,0.00,יחידה,false,,12.90,0.0000,true,1,300727
7290104859977,false,מארז 2 יח מגשי קריסט,פאלאס,CN,מארז 2 יח מגשי קריסט,Unknown,0.00,יחידה,false,,19.90,0.0000,true,1,300728
7290104859984,false,קערה ענקית בלו שיין,פאלאס,CN,קערה ענקית בלו שיין,Unknown,0.00,יחידה,false,,19.90,0.0000,true,1,300723
7290104859991,false,קערה גדולה בלו שיין,פאלאס,CN,קערה גדולה בלו שיין,Unknown,0.00,יחידה,false,,19.90,0.0000,true,1,300724
7290104960970,false,דאו ספריי טיטניום מט,אמיליה קוסמטיקס,IL,דאו ספריי טיטניום מט,מיליליטרים,180.00,"100 מ""ל",false,,14.90,8.2778,true,1,256792
7290104962073,false,דאו ספריי טיטניום גו,אמיליה קוסמטיקס,IL,דאו ספריי טיטניום גו,מיליליטרים,150.00,"100 מ""ל",false,,14.90,9.9333,true,1,265265
7290104962110,false,דאו ספריי קרליין נוש,אמיליה קוסמטיקס,IL,דאו ספריי קרליין נוש,מיליליטרים,150.00,"100 מ""ל",false,,10.90,7.2667,true,1,265708
7290104962134,false,דאו רול און קרליין ל,אמיליה קוסמטיקס,IL,דאו רול און קרליין ל,מיליליטרים,75.00,"100 מ""ל",false,,10.90,14.5333,true,1,265707
7290104965647,false,דאו רול און קרליין נ,אמיליה קוסמטיקס,IL,דאו רול און קרליין נ,מיליליטרים,75.00,"100 מ""ל",false,,10.90,14.5333,true,1,317254
7290104965661,false,דאו ספריי קרליין נוש,אמיליה קוסמטיקס,IL,דאו ספריי קרליין נוש,מיליליטרים,200.00,"100 מ""ל",false,,10.90,5.4500,true,1,317253
7290105180186,false,בקבוק תינוק מעוצב אר,אריסטוקרט,,בקבוק תינוק מעוצב אר,Unknown,0.00,יחידה,false,,14.90,0.0000,true,1,254415
7290105180193,false,בקבוק צר לתינוק אריס,אריסטוקרט,,בקבוק צר לתינוק אריס,Unknown,0.00,יחידה,false,,6.90,0.0000,true,1,254726
7290105180209,false,בקבוק צר לתינוק אריס,אריסטוקרט,IL,בקבוק צר לתינוק אריס,Unknown,0.00,יחידה,false,,16.90,0.0000,true,1,254414
7290105180216,false,פלסטר שקוף אריסטוקרט,אריסטוקרט,CN,פלסטר שקוף אריסטוקרט,Unknown,0.00,יחידה,false,,10.90,0.0000,true,1,257162
7290105180247,false,פלסטר מיקס אריסטוקרט,אריסטוקרט,CN,פלסטר מיקס אריסטוקרט,Unknown,0.00,יחידה,false,,10.90,0.0000,true,1,257160
7290105180261,false,משחת נעליים אריסטוקר,אריסטוקרט,TR,משחת נעליים אריסטוקר,גרמים,200.00,100 גרם,false,,8.90,4.4500,true,1,255675
7290105180315,false,ננס קרצוף אריסטוקרט,אריסטוקרט,CN,ננס קרצוף אריסטוקרט,Unknown,0.00,יחידה,false,,4.90,0.0000,true,1,262161
7290105180353,false,סכיני גילוח אריסטוקר,אריסטוקרט,CN,סכיני גילוח אריסטוקר,Unknown,0.00,יחידה,false,,7.90,0.0000,true,1,258179
7290105180360,false,מוצץ סיליקון קטן לתי,אריסטוקרט,,מוצץ סיליקון קטן לתי,Unknown,0.00,יחידה,false,,15.90,0.0000,true,1,261209
7290105180377,false,מוצץ סיליקון בינוני,אריסטוקרט,,מוצץ סיליקון בינוני,Unknown,0.00,יחידה,false,,15.90,0.0000,true,1,261207
7290105180384,false,מוצץ סיליקון גדול לת,אריסטוקרט,,מוצץ סיליקון גדול לת,Unknown,0.00,יחידה,false,,15.90,0.0000,true,1,261208
7290105180391,false,בקבוק צר מעוצב לתינו,אריסטוקרט,,בקבוק צר מעוצב לתינו,Unknown,0.00,יחידה,false,,18.90,0.0000,true,1,261205
7290105180407,false,בקבוק רחב לתינוק ארי,אריסטוקרט,,בקבוק רחב לתינוק ארי,Unknown,0.00,יחידה,false,,29.90,0.0000,true,1,261206
7290105180490,false,"טלק אריסטוקרט 200 מ""",אריסטוקרט,IL,"טלק אריסטוקרט 200 מ""",מיליליטרים,200.00,"100 מ""ל",false,,9.90,4.9500,true,1,317581
7290105180902,false,מברשת שיניים מבוגרים,אריסטוקרט,CN,מברשת שיניים מבוגרים,Unknown,0.00,יחידה,false,,9.90,0.0000,true,1,315818
7290105181343,false,בקבוק צר אריסטוקרט 6,אריסטוקרט,TH,בקבוק צר אריסטוקרט 6,Unknown,0.00,יחידה,false,,24.90,0.0000,true,1,291207
7290105181367,false,מחזיקונים לעגלת תינו,אריסטוקרט,CN,מחזיקונים לעגלת תינו,Unknown,0.00,יחידה,false,,24.90,0.0000,true,1,304015
7290105181732,false,מוצצים סדרת מלכות אר,אריסטוקרט,IL,מוצצים סדרת מלכות אר,Unknown,0.00,יחידה,false,,19.90,0.0000,true,1,304018
7290105181855,false,ג'ל פטרוליאום טהור א,הרבל קוסמטיקס,IL,ג'ל פטרוליאום טהור א,מיליליטרים,100.00,"100 מ""ל",false,,7.90,7.9000,true,1,323993
7290105181954,false,מלבין טליתות ובגדי צ,BASF,DE,מלבין טליתות ובגדי צ,מיליליטרים,500.00,"100 מ""ל",false,,11.50,2.3000,true,1,308114
7290105182036,false,מברשת שיניים סיליקון,אריסטוקרט,CN,מברשת שיניים סיליקון,Unknown,0.00,יחידה,false,,11.90,0.0000,true,1,315757
7290105182050,false,"אצטון 250 מ""ל",גרינפארם ים המלח,IL,"אצטון 250 מ""ל",מיליליטרים,250.00,"100 מ""ל",false,,5.90,2.3600,true,1,317076
7290105182067,false,"אלכוהול 70% 250 מ""ל",אריסטוקרט,IL,"אלכוהול 70% 250 מ""ל",מיליליטרים,250.00,"100 מ""ל",false,,11.90,4.7600,true,1,317077
7290105182111,false,קיסמי שיניים דנטלים,אריסטוקרט,CN,קיסמי שיניים דנטלים,Unknown,0.00,יחידה,false,,14.90,0.0000,true,1,316516
7290105182128,false,מקלוני חוט דנטלי 200,אריסטוקרט,CN,מקלוני חוט דנטלי 200,Unknown,0.00,יחידה,false,,14.90,0.0000,true,1,316517
7290105182258,false,שפתון פטסטיק לריכוך,הרבל קוסמטיקס,IL,שפתון פטסטיק לריכוך,Unknown,0.00,יחידה,false,,14.90,0.0000,true,1,321637
7290105360250,false,קפסולות עלית מס 9 למ,שטראוס קפה בי.וי,IL,קפסולות עלית מס 9 למ,גרמים,50.00,100 גרם,false,,15.50,31.0000,true,1,264519
7290105360328,false,קפסולות עלית מס 10 ל,שטראוס קפה בי.וי,IL,קפסולות עלית מס 10 ל,גרמים,50.00,100 גרם,false,,15.50,31.0000,true,1,264520
7290105360335,false,קפסולות עלית מס 7 ל,שטראוס קפה בי.וי,,קפסולות עלית מס 7 ל,גרמים,50.00,100 גרם,false,,15.50,31.0000,true,1,264522
7290105362339,false,שמנת לבישול 15% יטבת,שטראוס,IL,שמנת לבישול 15% יטבת,מיליליטרים,250.00,"100 מ""ל",false,,7.60,3.0400,true,1,257615
7290105364678,false,משקה אקטיביה אפרסק 1,שטראוס,IL,משקה אקטיביה אפרסק 1,גרמים,250.00,100 גרם,false,,4.80,1.9200,true,1,312067
7290105366023,false,חציל בטעם כבד טעמי ה,שטראוס,IL,חציל בטעם כבד טעמי ה,גרמים,400.00,100 גרם,false,,14.90,3.7250,true,1,255690
7290105366047,false,טחינה לבנה טעמי השוק,שטראוס,IL,טחינה לבנה טעמי השוק,גרמים,400.00,100 גרם,false,,14.90,3.7250,true,1,255929
7290105366993,false,גבינת שמנת פלפל שיפק,שטראוס,IL,גבינת שמנת פלפל שיפק,גרמים,200.00,100 גרם,false,,7.90,3.9500,true,1,265897
7290105368331,false,מילקי תות 133 גרם,שטראוס,IL,מילקי תות 133 גרם,גרמים,133.00,100 גרם,false,,2.70,2.0301,true,1,257839
7290105368904,false,שמנת מתוקה להקצפה 32,שטראוס,IL,שמנת מתוקה להקצפה 32,מיליליטרים,250.00,"100 מ""ל",false,,6.90,2.7600,true,1,259020
7290105369130,false,גבינת שמנת בצל ירוק,שטראוס גרופ,IL,גבינת שמנת בצל ירוק,גרמים,200.00,100 גרם,false,,7.90,3.9500,true,1,260345
7290105430441,false,תחליב פלמוליב סחלב ש,קולגייט פלמוליב,TR,תחליב פלמוליב סחלב ש,מיליליטרים,750.00,"100 מ""ל",false,,19.50,2.6000,true,1,261290
7290105430458,false,תחליב פלמוליב שקדים,קולגייט פלמוליב,TR,תחליב פלמוליב שקדים,מיליליטרים,750.00,"100 מ""ל",false,,19.50,2.6000,true,1,261291
7290105430496,false,דאו ספריי ספיד סטיק,קולגייט פלמוליב,BY,דאו ספריי ספיד סטיק,מיליליטרים,165.00,"100 מ""ל",false,,13.90,8.4242,true,1,262371
7290105431516,false,מארז חטיף פרי תמרים,,,מארז חטיף פרי תמרים,גרמים,125.00,100 גרם,false,,14.90,11.9200,true,1,266863
7290105433961,false,דאו ספריי ליידי ספיד,קולגייט פלמוליב,BY,דאו ספריי ליידי ספיד,מיליליטרים,150.00,"100 מ""ל",false,,13.90,9.2667,true,1,267613
7290105434029,false,דאו ספריי ספיד סטיק,קולגייט פלמוליב,BY,דאו ספריי ספיד סטיק,מיליליטרים,150.00,"100 מ""ל",false,,13.90,9.2667,true,1,288061
7290105434067,false,דאו ספיד סטיק אושן 8,קולגייט פלמוליב,BY,דאו ספיד סטיק אושן 8,גרמים,85.00,100 גרם,false,,17.90,21.0588,true,1,288756
7290105439499,false,מיונז מאסטר שף 480 ג,רמיה סי.וי. הולנד,NL,מיונז מאסטר שף 480 ג,גרמים,480.00,100 גרם,false,,9.90,2.0625,true,1,290570
7290105439505,false,מיונז לייט מאסטר שף,רמיה סי.וי. הולנד,NL,מיונז לייט מאסטר שף,גרמים,521.00,100 גרם,false,,8.90,1.7083,true,1,310399
7290105691248,false,חטיפי טורטייה תירס 6,פרח תעשיות,IL,חטיפי טורטייה תירס 6,גרמים,60.00,100 גרם,false,,6.90,11.5000,true,1,259674
7290105691934,false,"קמח שמרים אסם 1 ק""ג",תחנת קמח המפרץ,IL,"קמח שמרים אסם 1 ק""ג",פריט,1.00,"ק""ג",false,,7.90,7.9000,true,1,259070
7290105693457,false,עוגת דמקה אסם 320 גר,אסם,IL,עוגת דמקה אסם 320 גר,גרמים,320.00,100 גרם,false,,10.90,3.4063,true,1,257757
7290105694614,false,ספגטי אסם מהיר הכנה,זארה,IL,ספגטי אסם מהיר הכנה,גרמים,500.00,100 גרם,false,,4.90,0.9800,true,1,258579
7290105695024,false,פתיתים אורז עם אטריו,אסם,IL,פתיתים אורז עם אטריו,גרמים,500.00,100 גרם,false,,4.90,0.9800,true,1,260111
7290105695321,false,עוגת בראוניס פאדג אס,אסם,IL,עוגת בראוניס פאדג אס,גרמים,380.00,100 גרם,false,,14.90,3.9211,true,1,258577
7290105965738,false,משקה יוגורט תות בננה,שטראוס גרופ,IL,משקה יוגורט תות בננה,גרמים,267.00,100 גרם,false,,3.90,1.4607,true,1,288284
7290105968098,false,קולסלאו אחלה 500 גרם,שטראוס גרופ,IL,קולסלאו אחלה 500 גרם,גרמים,500.00,100 גרם,false,,14.90,2.9800,true,1,259307
7290105968654,false,רביולי בטטה שטראוס 4,שטראוס,IL,רביולי בטטה שטראוס 4,גרמים,400.00,100 גרם,false,,19.90,4.9750,true,1,260100
7290105968777,false,פריכיות אנרג'י תחתית,שטראוס,IL,פריכיות אנרג'י תחתית,גרמים,70.00,100 גרם,false,,6.90,9.8571,true,1,262462
7290106413740,false,עיגולי ביסקוויט עם ק,טופגם תעשיות ממתקים,IL,עיגולי ביסקוויט עם ק,פריט,1.00,"ק""ג",false,,26.90,26.9000,true,1,300152
7290106413924,false,מארז מקלות ביסקוויט,שאנטו קראנצי פרדי,CN,מארז מקלות ביסקוויט,גרמים,150.00,100 גרם,false,,9.90,6.6000,true,1,295102
7290106509825,false,תחבושות אלוויז פלטני,פרוקטר & גמבל,DE,תחבושות אלוויז פלטני,Unknown,0.00,יחידה,false,,29.90,0.0000,true,1,308572
7290106520066,false,גלילי ופל רבע לשבע 1,הגביע מוצרי ופלים,IL,גלילי ופל רבע לשבע 1,גרמים,160.00,100 גרם,false,,9.90,6.1875,true,1,260081
7290106520288,false,דנונה WOW תות 150 גר,שטראוס,IL,דנונה WOW תות 150 גר,מיליליטרים,150.00,"100 מ""ל",false,,4.50,3.0000,true,1,290855
7290106520905,false,סלט טורקי טעמי השוק,שטראוס,IL,סלט טורקי טעמי השוק,גרמים,400.00,100 גרם,false,,14.90,3.7250,true,1,260880
7290106520912,false,שמנת לבישול 9% יטבתה,שטראוס,IL,שמנת לבישול 9% יטבתה,מיליליטרים,250.00,"100 מ""ל",false,,7.60,3.0400,true,1,262573
7290106524439,false,"תפוציפס תפו""א אפוי 6",שטראוס,IL,"תפוציפס תפו""א אפוי 6",גרמים,60.00,100 גרם,false,,3.50,5.8333,true,1,300336
7290106525399,false,קפסולות עלית מס 06 ב,שטראוס קפה בי.וי,IL,קפסולות עלית מס 06 ב,גרמים,50.00,100 גרם,false,,15.50,31.0000,true,1,295061
7290106525405,false,קפסולות עלית נטול מס,שטראוס קפה בי.וי,IL,קפסולות עלית נטול מס,גרמים,50.00,100 גרם,false,,15.50,31.0000,true,1,291493
7290106526822,false,פריכיות אנרג'י תחתית,שטראוס,IL,פריכיות אנרג'י תחתית,גרמים,80.00,100 גרם,false,,6.90,8.6250,true,1,270478
7290106527263,false,מארז תפוציפס כפול 16,שטראוס,IL,מארז תפוציפס כפול 16,גרמים,480.00,100 גרם,false,,21.90,4.5625,true,1,265439
7290106572027,false,לחמית חמישה דגנים 20,אסם,IL,לחמית חמישה דגנים 20,גרמים,200.00,100 גרם,false,,7.90,3.9500,true,1,260226
7290106573024,false,סירופ עסיס אננס דיאט,בית השיטה עסיס תעשיו,IL,סירופ עסיס אננס דיאט,קילוגרמים,1.00,ליטר,false,,15.90,15.9000,true,1,299643
7290106573598,false,חומוס לבנוני 400 גרם,,,חומוס לבנוני 400 גרם,גרמים,400.00,100 גרם,false,,9.90,2.4750,true,1,262618
7290106573628,false,חומוס עם טחינה צבר 4,צבר,IL,חומוס עם טחינה צבר 4,גרמים,400.00,100 גרם,false,,9.90,2.4750,true,1,262616
7290106574953,false,בייגלה שטוחים שומשום,אסם,IL,בייגלה שטוחים שומשום,גרמים,300.00,100 גרם,false,,7.90,2.6333,true,1,263534
7290106574977,false,בייגלה שטוחים מלח 30,אסם,IL,בייגלה שטוחים מלח 30,גרמים,300.00,100 גרם,false,,7.90,2.6333,true,1,263533
7290106575257,false,עוגת סופלה שוקולד אס,אסם,IL,עוגת סופלה שוקולד אס,גרמים,340.00,100 גרם,false,,10.90,3.2059,true,1,265627
7290106575431,false,עוגת סופלה שוקו וניל,אסם,IL,עוגת סופלה שוקו וניל,גרמים,340.00,100 גרם,false,,10.90,3.2059,true,1,265628
7290106576223,false,אפרופו שוקולד 50 גרם,אסם,IL,אפרופו שוקולד 50 גרם,גרמים,50.00,100 גרם,false,,4.50,9.0000,true,1,298921
7290106576513,false,חומוס 400 גרם צבר,צבר,IL,חומוס 400 גרם צבר,גרמים,400.00,100 גרם,false,,8.90,2.2250,true,1,266789
7290106576537,false,חומוס מסעדה צבר 700,צבר,IL,חומוס מסעדה צבר 700,גרמים,700.00,100 גרם,false,,10.80,1.5429,true,1,265649
7290106576834,false,גלידה לה קרמריה פונט,גלידות נסטלה,IL,גלידה לה קרמריה פונט,קילוגרמים,1.40,ליטר,false,,16.90,12.0714,true,1,266499
7290106576919,false,שרבט לה קרמריה תות ל,גלידות נסטלה,IL,שרבט לה קרמריה תות ל,קילוגרמים,1.40,ליטר,false,,16.90,12.0714,true,1,266497
7290106576957,false,גלידה לה קרמריה שוקו,גלידות נסטלה,IL,גלידה לה קרמריה שוקו,קילוגרמים,1.40,ליטר,false,,16.90,12.0714,true,1,266500
7290106576971,false,גלידה לה קרמריה שוקו,גלידות נסטלה,IL,גלידה לה קרמריה שוקו,קילוגרמים,1.40,ליטר,false,,16.90,12.0714,true,1,266493
7290106576995,false,שרבט לה קרמריה תות מ,גלידות נסטלה,IL,שרבט לה קרמריה תות מ,קילוגרמים,1.40,ליטר,false,,16.90,12.0714,true,1,266951
7290106577039,false,גלידה לה קרמריה וניל,גלידות נסטלה,IL,גלידה לה קרמריה וניל,קילוגרמים,1.40,ליטר,false,,16.90,12.0714,true,1,266496
7290106577282,false,טחינה צבר 400 גרם,צבר,IL,טחינה צבר 400 גרם,גרמים,400.00,100 גרם,false,,11.90,2.9750,true,1,265636
7290106577572,false,מטבוחה צבר 400 גרם,צבר,IL,מטבוחה צבר 400 גרם,גרמים,400.00,100 גרם,false,,11.90,2.9750,true,1,265635
7290106578692,false,במבה ביסלי מיקס 80 ג,אסם,IL,במבה ביסלי מיקס 80 ג,גרמים,80.00,100 גרם,false,,3.90,4.8750,true,1,267753
7290106578821,false,עוגת שמרים שוקולד אס,אסם,IL,עוגת שמרים שוקולד אס,גרמים,350.00,100 גרם,false,,14.90,4.2571,true,1,267362
7290106660410,false,רביולי תרד וגבינה שט,שטראוס,IL,רביולי תרד וגבינה שט,גרמים,400.00,100 גרם,false,,19.90,4.9750,true,1,269503
7290106663091,false,לאבנה 9% שטראוס 500,בר תבור,IL,לאבנה 9% שטראוס 500,מיליליטרים,500.00,"100 מ""ל",false,,16.90,3.3800,true,1,288283
7290106663503,false,קונפיטורה תות לייט י,יד מרדכי,IL,קונפיטורה תות לייט י,גרמים,250.00,100 גרם,false,,9.90,3.9600,true,1,270768
7290106664067,false,לאבנה עם שמן זית וזע,בר תבור,IL,לאבנה עם שמן זית וזע,גרמים,400.00,100 גרם,false,,13.90,3.4750,true,1,289740
7290106664555,false,רוטב שמנת עגבניות 9%,שטראוס,IL,רוטב שמנת עגבניות 9%,מיליליטרים,250.00,"100 מ""ל",false,,9.80,3.9200,true,1,290029
7290106668713,false,דנונה פרי פירות יער,שטראוס גרופ,IL,דנונה פרי פירות יער,מיליליטרים,150.00,"100 מ""ל",false,,3.50,2.3333,true,1,288282
7290106669857,false,קפסולות עלית אספרסו,שטראוס קפה בי.וי,IL,קפסולות עלית אספרסו,גרמים,50.00,100 גרם,false,,15.50,31.0000,true,1,297225
7290106721913,false,מסטיק בזוקה צנצנת רי,שטראוס,IL,מסטיק בזוקה צנצנת רי,גרמים,66.00,100 גרם,false,,8.90,13.4848,true,1,289030
7290106721920,false,מסטיק ספירמינט צנצנת,שטראוס,IL,מסטיק ספירמינט צנצנת,גרמים,66.00,100 גרם,false,,8.90,13.4848,true,1,289029
7290106726178,false,דנונה WOW פירות יער,שטראוס,IL,דנונה WOW פירות יער,מיליליטרים,150.00,"100 מ""ל",false,,4.50,3.0000,true,1,289751
7290107020794,false,יין אלכסנדר רזרב קבר,אגדת,IL,יין אלכסנדר רזרב קבר,מיליליטרים,750.00,"100 מ""ל",false,,149.90,19.9867,true,1,313127
7290107280020,false,מטליות לחות סנו סושי,דינאמיק,IL,מטליות לחות סנו סושי,Unknown,0.00,יחידה,false,,14.90,0.0000,true,1,263846
7290107280341,false,מטליות לחות לרצפה בנ,סנו,IL,מטליות לחות לרצפה בנ,Unknown,0.00,יחידה,false,,10.90,0.0000,true,1,309655
7290107280563,false,גל אוקסיגן בייבי 3 ל,סנו,IL,גל אוקסיגן בייבי 3 ל,קילוגרמים,3.00,ליטר,false,,27.90,9.3000,true,1,269870
7290107280600,false,טבליות ספארק למדיח 1,סנו,IL,טבליות ספארק למדיח 1,פריט,2.00,"ק""ג",false,,47.90,23.9500,true,1,300024
7290107280655,false,אבקת מקסימה בייבי 3.,סנו,IL,אבקת מקסימה בייבי 3.,פריט,3.25,"ק""ג",false,,29.90,9.2000,true,1,270635
7290107280709,false,נוזל הברקה למדיח ספא,סנו,IL,נוזל הברקה למדיח ספא,מיליליטרים,700.00,"100 מ""ל",false,,10.90,1.5571,true,1,272343
7290107280716,false,"מלח למדיח ספארק 2 ק""",סנו,IL,"מלח למדיח ספארק 2 ק""",פריט,2.00,"ק""ג",false,,9.90,4.9500,true,1,272345
7290107280761,false,נוזל כלים ספארק + מש,סנו,IL,נוזל כלים ספארק + מש,קילוגרמים,1.00,ליטר,false,,9.90,9.9000,true,1,271120
7290107647656,false,שלגוני סולרו קוקוס א,גלידות שטראוס,IL,שלגוני סולרו קוקוס א,גרמים,354.00,100 גרם,false,,19.50,5.5085,true,1,305440
7290107871532,false,קרחוני נסטלה בטעם מל,גלידות נסטלה,IL,קרחוני נסטלה בטעם מל,גרמים,800.00,100 גרם,false,,14.90,1.8625,true,1,271588
7290107871990,false,פסטה צינורות אסם 500,זארה,IL,פסטה צינורות אסם 500,גרמים,500.00,100 גרם,false,,4.90,0.9800,true,1,269151
7290107877619,false,מארז במבה במילוי נוג,אסם,IL,מארז במבה במילוי נוג,גרמים,150.00,100 גרם,false,,11.90,7.9333,true,1,290663
7290107879521,false,שלגוני לה פרוטה תות,גלידות נסטלה,IL,שלגוני לה פרוטה תות,גרמים,350.00,100 גרם,false,,17.90,5.1143,true,1,291521
7290107879569,false,שלגוני לה פרוטה מנגו,גלידות נסטלה,IL,שלגוני לה פרוטה מנגו,גרמים,350.00,100 גרם,false,,17.90,5.1143,true,1,291523
7290107930321,false,קונפיטורה דובדבן יד,יד מרדכי,IL,קונפיטורה דובדבן יד,גרמים,340.00,100 גרם,false,,12.90,3.7941,true,1,289025
7290107932080,false,חלב מועשר 3% יטבתה 1,שטראוס,IL,חלב מועשר 3% יטבתה 1,קילוגרמים,1.00,ליטר,false,,6.90,6.9000,true,1,294771
7290107934473,false,מארז יוגורט אקטיביה,שטראוס,IL,מארז יוגורט אקטיביה,קילוגרמים,1.20,ליטר,false,,19.90,16.5833,true,1,289194
7290107937542,false,משקה אקטיביה תות 1.2,שטראוס,IL,משקה אקטיביה תות 1.2,גרמים,250.00,100 גרם,false,,4.80,1.9200,true,1,312068
7290107937627,false,מסטיק מאסט צנצנת מנט,שטראוס,IL,מסטיק מאסט צנצנת מנט,גרמים,58.00,100 גרם,false,,8.90,15.3448,true,1,294784
7290107937634,false,מסטיק מאסט צנצנת קוב,שטראוס,IL,מסטיק מאסט צנצנת קוב,גרמים,58.00,100 גרם,false,,8.90,15.3448,true,1,294783
7290107937641,false,מסטיק בזוקה קוביות צ,שטראוס,IL,מסטיק בזוקה קוביות צ,גרמים,58.00,100 גרם,false,,8.90,15.3448,true,1,294782
7290107937856,false,קפסולות עלית מס 11 ל,שטראוס קפה בי.וי,IL,קפסולות עלית מס 11 ל,גרמים,50.00,100 גרם,false,,15.50,31.0000,true,1,295060
7290107938396,false,אקטימל תות דנונה 8*1,שטראוס,IL,אקטימל תות דנונה 8*1,מיליליטרים,800.00,"100 מ""ל",false,,19.90,2.4875,true,1,304455
7290107943369,false,שיבולת שועל ל.גלוטן,קוואקר אוטס קומפני,US,שיבולת שועל ל.גלוטן,גרמים,511.00,100 גרם,false,,8.90,1.7417,true,1,303209
7290107944243,false,ופל אפיפית בטעם שוקו,שטראוס,IL,ופל אפיפית בטעם שוקו,גרמים,200.00,100 גרם,false,,6.90,3.4500,true,1,316653
7290107944472,false,גבינת שמנת שום שמיר,שטראוס,IL,גבינת שמנת שום שמיר,גרמים,200.00,100 גרם,false,,7.90,3.9500,true,1,295401
7290107945165,false,קונפיטורה משמש יד מר,יד מרדכי,IL,קונפיטורה משמש יד מר,גרמים,340.00,100 גרם,false,,12.90,3.7941,true,1,297131
7290107950190,false,מעדן דיאט שוקולד מרי,שטראוס,IL,מעדן דיאט שוקולד מרי,מיליליטרים,130.00,"100 מ""ל",false,,2.90,2.2308,true,1,294764
7290107950206,false,מעדן דיאט שוקולד 0%,שטראוס,IL,מעדן דיאט שוקולד 0%,מיליליטרים,130.00,"100 מ""ל",false,,2.90,2.2308,true,1,294765
7290107951104,false,בפלות שוקולד 200 גרם,שטראוס,,בפלות שוקולד 200 גרם,גרמים,200.00,100 גרם,false,,3.90,1.9500,true,1,295070
7290107951111,false,בפלות לימון 200 גרם,שטראוס,IL,בפלות לימון 200 גרם,גרמים,200.00,100 גרם,false,,3.90,1.9500,true,1,295068
7290107953559,false,קפה טורקי לדרך 24 יח,שטראוס קפה בי.וי,IL,קפה טורקי לדרך 24 יח,גרמים,168.00,100 גרם,false,,17.90,10.6548,true,1,309354
7290107956642,false,תרסיס שמן זית יד מרד,יד מרדכי,IL,תרסיס שמן זית יד מרד,מיליליטרים,150.00,"100 מ""ל",false,,14.90,9.9333,true,1,315476
7290107956710,false,מארז מילקי מיני שוקו,שטראוס,IL,מארז מילקי מיני שוקו,פריט,1.12,"ק""ג",false,,19.90,17.7679,true,1,297306
7290107956925,false,קפסולות עלית מס 13 א,שטראוס קפה בי.וי,IL,קפסולות עלית מס 13 א,גרמים,50.00,100 גרם,false,,15.50,31.0000,true,1,303226
7290107956932,false,קפסולות עלית מס 12 ל,שטראוס קפה בי.וי,IL,קפסולות עלית מס 12 ל,גרמים,50.00,100 גרם,false,,15.50,31.0000,true,1,300173
7290107956963,false,מארז דנונה פרי תות 1,שטראוס גרופ,IL,מארז דנונה פרי תות 1,פריט,1.20,"ק""ג",false,,17.90,14.9167,true,1,298610
7290107958035,false,מארז דנונה במתיקות 8,שטראוס,IL,מארז דנונה במתיקות 8,פריט,1.20,"ק""ג",false,,17.90,14.9167,true,1,299711
7290107970020,false,תרסיס אגקס חלונות 3*,קולגייט פלמוליב,BY,תרסיס אגקס חלונות 3*,קילוגרמים,2.25,ליטר,false,,27.90,12.4000,true,1,287895
7290107971720,false,משחת קולגייט טריפל א,קולגייט פלמוליב,PL,משחת קולגייט טריפל א,גרמים,450.00,100 גרם,false,,24.90,5.5333,true,1,290411
7290107971751,false,מי פה קולגייט טוטאל,קולגייט פלמוליב,PL,מי פה קולגייט טוטאל,מיליליטרים,500.00,"100 מ""ל",false,,14.90,2.9800,true,1,321912
7290107973861,false,מארז עגבניות קצוצות,INTENTO,IT,מארז עגבניות קצוצות,פריט,1.20,"ק""ג",false,,15.90,13.2500,true,1,295444
7290107975346,false,דאו גל ספיד סטיק כח,קולגייט פלמוליב,BY,דאו גל ספיד סטיק כח,גרמים,85.00,100 גרם,false,,17.90,21.0588,true,1,302892
7290107975360,false,דאו גל ליידי ספיד סט,קולגייט פלמוליב,BY,דאו גל ליידי ספיד סט,גרמים,65.00,100 גרם,false,,17.90,27.5385,true,1,302886
7290107975544,false,משחת קולגייט ילדים ב,קולגייט פלמוליב,PL,משחת קולגייט ילדים ב,מיליליטרים,50.00,"100 מ""ל",false,,11.90,23.8000,true,1,303170
7290107976848,false,סבון מוצק פלמוליב קמ,קולגייט פלמוליב,,סבון מוצק פלמוליב קמ,גרמים,360.00,100 גרם,false,,14.90,4.1389,true,1,301819
7290107977456,false,ג'ל רחצה פלמוליב לגב,קולגייט פלמוליב,TR,ג'ל רחצה פלמוליב לגב,מיליליטרים,750.00,"100 מ""ל",false,,19.50,2.6000,true,1,309058
7290107978132,false,מברשת קולגייט זיג זג,קולגייט פלמוליב,PL,מברשת קולגייט זיג זג,Unknown,0.00,יחידה,false,,14.90,0.0000,true,1,312069
7290107978453,false,קראנצוס גריל 55 גרם,מנה,IL,קראנצוס גריל 55 גרם,גרמים,55.00,100 גרם,false,,1.90,3.4545,true,1,298649
7290108197129,false,"כהל 95% 500 מ""ל כשל""",ישראליקר,IL,"כהל 95% 500 מ""ל כשל""",מיליליטרים,500.00,"100 מ""ל",false,,74.90,14.9800,true,1,305643
7290108350531,false,נוזל כלים ספארק + מש,סנו,IL,נוזל כלים ספארק + מש,קילוגרמים,1.00,ליטר,false,,9.90,9.9000,true,1,287927
7290108350548,false,נוזל כלים ספארק + מש,סנו,IL,נוזל כלים ספארק + מש,קילוגרמים,1.00,ליטר,false,,9.90,9.9000,true,1,287928
7290108350616,false,מרכך מקסימה סופר מרו,סנו,IL,מרכך מקסימה סופר מרו,קילוגרמים,1.00,ליטר,false,,17.50,17.5000,true,1,292379
7290108350623,false,מרכך מקסימה סופר מרו,סנו,IL,מרכך מקסימה סופר מרו,קילוגרמים,1.00,ליטר,false,,17.50,17.5000,true,1,292378
7290108351507,false,מרכך מקסימה אינספריי,סנו,IL,מרכך מקסימה אינספריי,קילוגרמים,4.00,ליטר,false,,19.90,4.9750,true,1,295536
7290108351514,false,מרכך מקסימה בלוסום 4,סנו,IL,מרכך מקסימה בלוסום 4,קילוגרמים,4.00,ליטר,false,,19.90,4.9750,true,1,295535
7290108351521,false,גל מקסימה מאסק 5 ליט,סנו,IL,גל מקסימה מאסק 5 ליט,קילוגרמים,5.00,ליטר,false,,34.90,6.9800,true,1,300104
7290108351613,false,ריצפז פרש הום מלון ח,סנו,IL,ריצפז פרש הום מלון ח,קילוגרמים,2.00,ליטר,false,,19.70,9.8500,true,1,297221
7290108351675,false,גל מקסימה מיקס אנד ו,סנו,IL,גל מקסימה מיקס אנד ו,קילוגרמים,5.00,ליטר,false,,34.90,6.9800,true,1,324626
7290108351804,false,מרכך מקסימה סופר מרו,סנו,IL,מרכך מקסימה סופר מרו,קילוגרמים,1.00,ליטר,false,,17.50,17.5000,true,1,308091
7290108351811,false,מרכך מקסימה סופר מרו,סנו,IL,מרכך מקסימה סופר מרו,קילוגרמים,1.00,ליטר,false,,17.50,17.5000,true,1,308092
7290108351835,false,מרכך מקסימה פלורל 4,סנו,IL,מרכך מקסימה פלורל 4,קילוגרמים,4.00,ליטר,false,,19.90,4.9750,true,1,309431
7290108352047,false,מברשת אורביטול לחניכ,סנו,IL,מברשת אורביטול לחניכ,Unknown,0.00,יחידה,false,,18.90,0.0000,true,1,323382
7290108352054,false,מברשת אורביטול סיבים,סנו,IL,מברשת אורביטול סיבים,Unknown,0.00,יחידה,false,,18.90,0.0000,true,1,323383
7290108352115,false,סבון אסלה סנובון ז'א,סנו,IL,סבון אסלה סנובון ז'א,גרמים,165.00,100 גרם,false,,9.90,6.0000,true,1,309862
7290108352146,false,סנובון ג'ל מגנוליה ו,סנו,IL,סנובון ג'ל מגנוליה ו,מיליליטרים,750.00,"100 מ""ל",false,,8.90,1.1867,true,1,311764
7290108352153,false,סנובון ג'ל לוטוס וסח,סנו,IL,סנובון ג'ל לוטוס וסח,מיליליטרים,750.00,"100 מ""ל",false,,8.90,1.1867,true,1,311762
7290108352252,false,נוזל כלים ספארק לחיט,סנו,IL,נוזל כלים ספארק לחיט,קילוגרמים,1.00,ליטר,false,,9.90,9.9000,true,1,313378
7290108352337,false,מבשם אויר סנו פרש או,סנו,IL,מבשם אויר סנו פרש או,מיליליטרים,250.00,"100 מ""ל",false,,12.90,5.1600,true,1,323394
7290108352344,false,מבשם אויר סנו פרש או,סנו,IL,מבשם אויר סנו פרש או,מיליליטרים,250.00,"100 מ""ל",false,,12.90,5.1600,true,1,323395
7290108352399,false,ריצפז פרש הום בניחוח,סנו,IL,ריצפז פרש הום בניחוח,קילוגרמים,2.00,ליטר,false,,19.70,9.8500,true,1,321906
7290108352498,false,סנו פרש מכשיר אוטומט,סנו,IL,סנו פרש מכשיר אוטומט,Unknown,0.00,יחידה,false,,39.90,0.0000,true,1,323392
7290108352535,false,דפי בישום לחים מקסימ,,IL,דפי בישום לחים מקסימ,Unknown,0.00,יחידה,false,,11.90,0.0000,true,1,323384
7290108352566,false,מרכך מקסימה ג'וי 4 ל,סנו,IL,מרכך מקסימה ג'וי 4 ל,קילוגרמים,4.00,ליטר,false,,19.90,4.9750,true,1,321909
7290108352573,false,מרכך מקסימה קאלם 4 ל,סנו,IL,מרכך מקסימה קאלם 4 ל,קילוגרמים,4.00,ליטר,false,,19.90,4.9750,true,1,323381
7290108352689,false,כריות קרצוף סנו סושי,סנו,IL,כריות קרצוף סנו סושי,Unknown,0.00,יחידה,false,,9.50,0.0000,true,1,292420
7290108352696,false,ניילון נצמד סנו סושי,FV HK,IL,ניילון נצמד סנו סושי,מטרים,100.00,מטר,false,,29.90,0.2990,true,1,304491
7290108352825,false,ספוג הפלא נירוסטה סנ,U F O,IL,ספוג הפלא נירוסטה סנ,Unknown,0.00,יחידה,false,,9.90,0.0000,true,1,302877
7290108353532,false,שקיות אשפה עם שרוך 5,סנו,IL,שקיות אשפה עם שרוך 5,Unknown,0.00,יחידה,false,,29.90,0.0000,true,1,309659
7290108353747,false,תחליב קרמה + משאבה א,קוסמופארם,IL,תחליב קרמה + משאבה א,מיליליטרים,600.00,"100 מ""ל",false,,16.50,2.7500,true,1,324416
7290108353761,false,תחליב קרמה + משאבה ז,קוסמופארם,IL,תחליב קרמה + משאבה ז,מיליליטרים,600.00,"100 מ""ל",false,,16.50,2.7500,true,1,324417
7290108353815,false,תחליב קרמה + משאבה מ,קוסמופארם,IL,תחליב קרמה + משאבה מ,מיליליטרים,600.00,"100 מ""ל",false,,16.50,2.7500,true,1,324418
7290108353891,false,דאו רול און קרמה מאס,סנו,IL,דאו רול און קרמה מאס,מיליליטרים,75.00,"100 מ""ל",false,,11.90,15.8667,true,1,313409
7290108353907,false,דאו רול און קרמה קלא,סנו,IL,דאו רול און קרמה קלא,מיליליטרים,75.00,"100 מ""ל",false,,11.90,15.8667,true,1,313410
7290108353983,false,קרם גוף קרמה קלאסי 5,קוסמופארם,IL,קרם גוף קרמה קלאסי 5,מיליליטרים,500.00,"100 מ""ל",false,,19.90,3.9800,true,1,313402
7290108353990,false,קרם גוף קרמה מאסק 50,קוסמופארם,IL,קרם גוף קרמה מאסק 50,מיליליטרים,500.00,"100 מ""ל",false,,19.90,3.9800,true,1,313403
7290108354270,false,מרכך מקסימה סופר מרו,סנו,IL,מרכך מקסימה סופר מרו,קילוגרמים,1.00,ליטר,false,,17.50,17.5000,true,1,321910
7290108354416,false,תחליב קרמה + משאבה י,קוסמופארם,IL,תחליב קרמה + משאבה י,מיליליטרים,600.00,"100 מ""ל",false,,16.50,2.7500,true,1,324419
7290108354485,false,מרכך קרליין 10 ארגן,סנו,IL,מרכך קרליין 10 ארגן,מיליליטרים,700.00,"100 מ""ל",false,,10.90,1.5571,true,1,324805
7290108354492,false,שמפו קרליין 10 ארגן,סנו,IL,שמפו קרליין 10 ארגן,מיליליטרים,700.00,"100 מ""ל",false,,10.90,1.5571,true,1,324806
7290108354614,false,מרכך נקה 7 ביו 750,אמיליה קוסמטיקס,IL,מרכך נקה 7 ביו 750,מיליליטרים,750.00,"100 מ""ל",false,,9.90,1.3200,true,1,323380
7290108355154,false,שמפו נקה 7 שמני הזנה,אמיליה קוסמטיקס,IL,שמפו נקה 7 שמני הזנה,מיליליטרים,750.00,"100 מ""ל",false,,9.90,1.3200,true,1,302878
7290108355161,false,מרכך נקה 7 שמני הזנה,אמיליה קוסמטיקס,IL,מרכך נקה 7 שמני הזנה,מיליליטרים,750.00,"100 מ""ל",false,,9.90,1.3200,true,1,302879
7290108355451,false,דאו רול און קרמה ורד,סנו,IL,דאו רול און קרמה ורד,מיליליטרים,75.00,"100 מ""ל",false,,11.90,15.8667,true,1,313412
7290108355468,false,דאו רול און קרמה נרו,סנו,IL,דאו רול און קרמה נרו,מיליליטרים,75.00,"100 מ""ל",false,,11.90,15.8667,true,1,313413
7290108356106,false,תחליב רחצה כיף חלב ש,סנו,IL,תחליב רחצה כיף חלב ש,מיליליטרים,700.00,"100 מ""ל",false,,9.90,1.4143,true,1,303726
7290108356113,false,תחליב רחצה כיף חלב ו,סנו,IL,תחליב רחצה כיף חלב ו,מיליליטרים,700.00,"100 מ""ל",false,,9.90,1.4143,true,1,303727
7290108356120,false,תחליב רחצה כיף קוקוס,סנו,IL,תחליב רחצה כיף קוקוס,מיליליטרים,700.00,"100 מ""ל",false,,9.90,1.4143,true,1,303729
7290108356151,false,תחליב רחצה כיף מאסק,סנו,IL,תחליב רחצה כיף מאסק,מיליליטרים,700.00,"100 מ""ל",false,,9.90,1.4143,true,1,303725
7290108356168,false,תחליב רחצה כיף אוקיי,סנו,IL,תחליב רחצה כיף אוקיי,מיליליטרים,700.00,"100 מ""ל",false,,9.90,1.4143,true,1,303730
7290108356489,false,תחליב רחצה כיף אפרסק,סנו,IL,תחליב רחצה כיף אפרסק,מיליליטרים,700.00,"100 מ""ל",false,,9.90,1.4143,true,1,323387
7290108356519,false,שמפו קרליין 10 פרוטא,סנו,IL,שמפו קרליין 10 פרוטא,מיליליטרים,700.00,"100 מ""ל",false,,10.90,1.5571,true,1,324802
7290108356526,false,שמפו קרליין 10 פרוטא,סנו,IL,שמפו קרליין 10 פרוטא,מיליליטרים,700.00,"100 מ""ל",false,,10.90,1.5571,true,1,324803
7290108356533,false,שמפו קרליין 10 פרוטא,סנו,IL,שמפו קרליין 10 פרוטא,מיליליטרים,700.00,"100 מ""ל",false,,10.90,1.5571,true,1,324804
7290108356540,false,שמפו קרליין 10 פרוטא,סנו,IL,שמפו קרליין 10 פרוטא,מיליליטרים,700.00,"100 מ""ל",false,,10.90,1.5571,true,1,324807
7290108356557,false,שמפו קרליין 10 פרוטא,סנו,IL,שמפו קרליין 10 פרוטא,מיליליטרים,700.00,"100 מ""ל",false,,10.90,1.5571,true,1,324808
7290108356564,false,מרכך קרליין 10 פרוטא,סנו,IL,מרכך קרליין 10 פרוטא,מיליליטרים,700.00,"100 מ""ל",false,,10.90,1.5571,true,1,324809
7290108356571,false,מרכך קרליין 10 פרוטא,סנו,IL,מרכך קרליין 10 פרוטא,מיליליטרים,700.00,"100 מ""ל",false,,10.90,1.5571,true,1,324810
7290108356595,false,מרכך קרליין 10 פרוטא,סנו,IL,מרכך קרליין 10 פרוטא,מיליליטרים,700.00,"100 מ""ל",false,,10.90,1.5571,true,1,324812
7290108356854,false,מגבונים בייבי כיף 5*,סנו,IL,מגבונים בייבי כיף 5*,Unknown,0.00,יחידה,false,,12.90,0.0000,true,1,319193
7290108356861,false,מגבונים בייבי כיף 5*,סנו,IL,מגבונים בייבי כיף 5*,Unknown,0.00,יחידה,false,,12.90,0.0000,true,1,319202
7290108357189,false,תרסיס מקסימה למייבש,סנו,IL,תרסיס מקסימה למייבש,מיליליטרים,750.00,"100 מ""ל",false,,14.90,1.9867,true,1,311760
7290108357202,false,תרסיס סנוקליר בלו בל,סנו,IL,תרסיס סנוקליר בלו בל,קילוגרמים,1.00,ליטר,false,,8.90,8.9000,true,1,315413
7290108357226,false,אבקת אוקסיג'ן לכביסה,,IL,אבקת אוקסיג'ן לכביסה,פריט,1.40,"ק""ג",false,,27.90,19.9286,true,1,323388
7290108357240,false,אבקת אוקסיג'ן לכביסה,,IL,אבקת אוקסיג'ן לכביסה,פריט,1.40,"ק""ג",false,,27.90,19.9286,true,1,323389
7290108357257,false,סנו פרש מכשיר אוטומט,סנו,IL,סנו פרש מכשיר אוטומט,Unknown,0.00,יחידה,false,,39.90,0.0000,true,1,323393
7290108357264,false,מבשם אויר סנו פרש או,סנו,IL,מבשם אויר סנו פרש או,מיליליטרים,250.00,"100 מ""ל",false,,12.90,5.1600,true,1,323396
7290108357271,false,סנובון ג'ל אוקסיג'ן,סנו,IL,סנובון ג'ל אוקסיג'ן,מיליליטרים,750.00,"100 מ""ל",false,,8.90,1.1867,true,1,323385
7290108357288,false,אקונומיקה סנו גאוול,סנו,IL,אקונומיקה סנו גאוול,קילוגרמים,4.00,ליטר,false,,15.90,3.9750,true,1,321907
7290108357295,false,תרסיס אוקסיגן לכביסה,סנו,IL,תרסיס אוקסיגן לכביסה,מיליליטרים,750.00,"100 מ""ל",false,,11.90,1.5867,true,1,323386
7290108357394,false,תחליב קרמה חלב ודבש,קוסמופארם,IL,תחליב קרמה חלב ודבש,מיליליטרים,700.00,"100 מ""ל",false,,16.50,2.3571,true,1,317256
7290108357417,false,קרם גוף קרמה ורד וני,קוסמופארם,IL,קרם גוף קרמה ורד וני,מיליליטרים,500.00,"100 מ""ל",false,,19.90,3.9800,true,1,313407
7290108357707,false,שמפו כיף לשיער רגיל,סנו,IL,שמפו כיף לשיער רגיל,מיליליטרים,700.00,"100 מ""ל",false,,9.90,1.4143,true,1,306034
7290108357769,false,מרכך כיף לשיער רגיל,סנו,IL,מרכך כיף לשיער רגיל,מיליליטרים,700.00,"100 מ""ל",false,,9.90,1.4143,true,1,306028
7290108357851,false,ג'ל רחצה כיף מועשר ב,סנו,IL,ג'ל רחצה כיף מועשר ב,מיליליטרים,700.00,"100 מ""ל",false,,9.90,1.4143,true,1,321904
7290108357868,false,ג'ל רחצה כיף מועשר ב,סנו,IL,ג'ל רחצה כיף מועשר ב,מיליליטרים,700.00,"100 מ""ל",false,,9.90,1.4143,true,1,321905
7290108357882,false,מרכך כיף אפרסק וחמאת,סנו,IL,מרכך כיף אפרסק וחמאת,מיליליטרים,700.00,"100 מ""ל",false,,9.90,1.4143,true,1,323391
7290108358070,false,תחליב קרמה קלאסי 700,קוסמופארם,IL,תחליב קרמה קלאסי 700,מיליליטרים,700.00,"100 מ""ל",false,,16.50,2.3571,true,1,317258
7290108358087,false,תחליב קרמה מאסק 700,קוסמופארם,IL,תחליב קרמה מאסק 700,מיליליטרים,700.00,"100 מ""ל",false,,16.50,2.3571,true,1,317259
7290108358124,false,דפי בישום לחים מקסימ,,IL,דפי בישום לחים מקסימ,Unknown,0.00,יחידה,false,,11.90,0.0000,true,1,324415
7290108359824,false,קרם גוף בייבי כיף 50,סנו,IL,קרם גוף בייבי כיף 50,מיליליטרים,500.00,"100 מ""ל",false,,19.90,3.9800,true,1,303660
7290108359831,false,שמן לתינוק בייבי כיף,סנו,IL,שמן לתינוק בייבי כיף,מיליליטרים,500.00,"100 מ""ל",false,,19.90,3.9800,true,1,303655
7290108359848,false,שמפו בייבי כיף אל דמ,סנו,IL,שמפו בייבי כיף אל דמ,קילוגרמים,1.00,ליטר,false,,17.90,17.9000,true,1,303653
7290108359862,false,אל סבון בייבי כיף 1,סנו,IL,אל סבון בייבי כיף 1,קילוגרמים,1.00,ליטר,false,,17.90,17.9000,true,1,303654
7290108359886,false,תחליב רחצה בייבי כיף,סנו,IL,תחליב רחצה בייבי כיף,קילוגרמים,1.00,ליטר,false,,17.90,17.9000,true,1,303652
7290108359985,false,תרסיס ניקוי סנו גאוו,סנו,IL,תרסיס ניקוי סנו גאוו,קילוגרמים,1.00,ליטר,false,,13.90,13.9000,true,1,321908
7290108500677,false,כבד דג שיבוט וילי פו,ניולאט פוד,IT,כבד דג שיבוט וילי פו,גרמים,120.00,100 גרם,false,,9.90,8.2500,true,1,316837
7290108502305,false,גבינת גרנה פדנו משול,זנאטי,GR,גבינת גרנה פדנו משול,גרמים,150.00,100 גרם,false,,15.90,10.6000,true,1,309207
7290108503067,false,פרמזנו משולש ויליפוד,וילי פוד,IL,פרמזנו משולש ויליפוד,גרמים,150.00,100 גרם,false,,13.90,9.2667,true,1,324627
7290108505207,false,יוגורט יווני עם אוכמ,דלתא,GR,יוגורט יווני עם אוכמ,גרמים,150.00,100 גרם,false,,4.80,3.2000,true,1,313664
7290108505719,false,גבינת מוצרלה מגורדת,אונטד גידה,TR,גבינת מוצרלה מגורדת,גרמים,200.00,100 גרם,false,,12.90,6.4500,true,1,322756
7290108505726,false,אצבעות גבינה 25% יור,אונטד גידה,TR,אצבעות גבינה 25% יור,גרמים,200.00,100 גרם,false,,12.90,6.4500,true,1,322757
7290108505733,false,צמות גבינה חצי קשה 2,אונטד גידה,TR,צמות גבינה חצי קשה 2,גרמים,200.00,100 גרם,false,,12.90,6.4500,true,1,322758
7290108505740,false,גבינת קשקבל 25% יורו,אונטד גידה,TR,גבינת קשקבל 25% יורו,גרמים,200.00,100 גרם,false,,12.90,6.4500,true,1,322759
7290108508451,false,משקה יוגורט טבעי יור,אקר,TR,משקה יוגורט טבעי יור,מיליליטרים,200.00,"100 מ""ל",false,,4.90,2.4500,true,1,316587
7290108508499,false,משקה איירן יוגורט בס,אקר,TR,משקה איירן יוגורט בס,מיליליטרים,293.00,"100 מ""ל",false,,4.90,1.6724,true,1,316591
7290108508963,false,גבינת קשקבל מגורדת 2,אונטד גידה,TR,גבינת קשקבל מגורדת 2,גרמים,200.00,100 גרם,false,,12.90,6.4500,true,1,322760
7290108509816,false,גבינת בייבי מוצרלה 2,אונטד גידה,TR,גבינת בייבי מוצרלה 2,גרמים,200.00,100 גרם,false,,12.90,6.4500,true,1,323113
7290108620023,false,יין קפיטל קברנה סובי,יקבי ציון,IL,יין קפיטל קברנה סובי,מיליליטרים,750.00,"100 מ""ל",false,,49.90,6.6533,true,1,320373
7290108620054,false,יין אסטייט קברנה סוב,יקבי ציון,IL,יין אסטייט קברנה סוב,מיליליטרים,750.00,"100 מ""ל",false,,39.90,5.3200,true,1,312922
7290108620108,false,יין אימפריאל קברנה ס,יקבי ציון,IL,יין אימפריאל קברנה ס,מיליליטרים,700.00,"100 מ""ל",false,,29.90,4.2714,true,1,312918
7290108620115,false,יין אימפריאל מרלו,יקבי ציון,IL,יין אימפריאל מרלו,מיליליטרים,750.00,"100 מ""ל",false,,29.90,3.9867,true,1,312919
7290108620160,false,יין אימפריאל סוביניו,יקבי ציון,IL,יין אימפריאל סוביניו,מיליליטרים,750.00,"100 מ""ל",false,,29.90,3.9867,true,1,312927
7290108620177,false,יין פאלאס בלנד אדום,יקבי ציון,IL,יין פאלאס בלנד אדום,מיליליטרים,750.00,"100 מ""ל",false,,24.90,3.3200,true,1,312920
7290108620214,false,יין פאלאס בלנד לבן י,יקבי ציון,IL,יין פאלאס בלנד לבן י,מיליליטרים,750.00,"100 מ""ל",false,,24.90,3.3200,true,1,312921
7290108620245,false,מיץ ענבים תירוש לבן,יקבי ציון,IL,מיץ ענבים תירוש לבן,קילוגרמים,1.00,ליטר,false,,16.90,16.9000,true,1,320963
7290108620351,false,יין גן עדן מוסקט המב,יקבי ציון,IL,יין גן עדן מוסקט המב,מיליליטרים,750.00,"100 מ""ל",false,,19.90,2.6533,true,1,320960
7290108620368,false,יין גן עדן מוסקט אלכ,יקבי ציון,IL,יין גן עדן מוסקט אלכ,מיליליטרים,750.00,"100 מ""ל",false,,19.90,2.6533,true,1,320961
7290108621105,false,יין 1848 לימיטד אדיש,,IL,יין 1848 לימיטד אדיש,מיליליטרים,750.00,"100 מ""ל",false,,159.90,21.3200,true,1,314454
7290108622720,false,תירוש אדום פרי הגפן,יקבי ציון,IL,תירוש אדום פרי הגפן,קילוגרמים,1.00,ליטר,false,,11.90,11.9000,true,1,323662
7290109351025,false,חומוסטחינה צבר 400 ג,צבר,IL,חומוסטחינה צבר 400 ג,גרמים,400.00,100 גרם,false,,13.90,3.4750,true,1,290042
7290109351971,false,פריכיות דגנים מצופות,אסם,IL,פריכיות דגנים מצופות,גרמים,84.00,100 גרם,false,,11.90,14.1667,true,1,301595
7290109352916,false,פריכיות דגנים מצופות,אסם,IL,פריכיות דגנים מצופות,גרמים,84.00,100 גרם,false,,11.90,14.1667,true,1,301594
7290109354057,false,שלגוני לה פרוטה תפוז,גלידות נסטלה,IL,שלגוני לה פרוטה תפוז,גרמים,350.00,100 גרם,false,,17.90,5.1143,true,1,293754
7290109354101,false,לחמית ל.גלוטן אסם 20,אסם,IL,לחמית ל.גלוטן אסם 20,גרמים,200.00,100 גרם,false,,6.90,3.4500,true,1,297554
7290109358482,false,עוגיות קרמוגית במילו,אסם,IL,עוגיות קרמוגית במילו,גרמים,200.00,100 גרם,false,,9.90,4.9500,true,1,305205
7290109580043,false,שניצל תירס זוגלובק 1,זוגלובק,IL,שניצל תירס זוגלובק 1,פריט,1.75,"ק""ג",false,,49.90,28.5143,true,1,313844
7290109580104,false,רוסטביף זוגלובק 150,זוגלובק,IL,רוסטביף זוגלובק 150,גרמים,150.00,100 גרם,false,,19.90,13.2667,true,1,316321
7290109580111,false,צלעות אסאדו מעושנות,זוגלובק,IL,צלעות אסאדו מעושנות,גרמים,120.00,100 גרם,false,,19.90,16.5833,true,1,321663
7290109580135,false,קורנדביף זוגלובק 180,זוגלובק,IL,קורנדביף זוגלובק 180,גרמים,180.00,100 גרם,false,,19.90,11.0556,true,1,316323
7290109580142,false,נקניקיות מן הצומח זו,זוגלובק,IL,נקניקיות מן הצומח זו,פריט,1.75,"ק""ג",false,,49.90,28.5143,true,1,317286
7290109580241,false,נאגטס שניצלונים מן ה,זוגלובק,IL,נאגטס שניצלונים מן ה,גרמים,500.00,100 גרם,false,,19.90,3.9800,true,1,323323
7290109580302,false,מארז תה מעושן וחרמון,זוגלובק,IL,מארז תה מעושן וחרמון,גרמים,700.00,100 גרם,false,,25.90,3.7000,true,1,324056
7290109580326,false,נקניקיות עוף זוגלובק,זוגלובק,IL,נקניקיות עוף זוגלובק,גרמים,800.00,100 גרם,false,,19.90,2.4875,true,1,324057
7290109580357,false,מארז חרמון וברביקיו,זוגלובק,IL,מארז חרמון וברביקיו,גרמים,600.00,100 גרם,false,,25.90,4.3167,true,1,324058
7290110000479,false,פריכיות אורז ללא מלח,בטר אנד דיפרנט,IL,פריכיות אורז ללא מלח,גרמים,210.00,100 גרם,false,,7.90,3.7619,true,1,303852
7290110000486,false,פריכיות אורז עם כוסמ,בטר אנד דיפרנט,IL,פריכיות אורז עם כוסמ,גרמים,210.00,100 גרם,false,,7.90,3.7619,true,1,303853
7290110000493,false,חמאת בוטנים קראנצ'י,בטר אנד דיפרנט,IL,חמאת בוטנים קראנצ'י,גרמים,350.00,100 גרם,false,,13.90,3.9714,true,1,310338
7290110001315,false,מיכל חלבי 2 ליטר 4 י,בטר אנד דיפרנט,IL,מיכל חלבי 2 ליטר 4 י,Unknown,0.00,יחידה,false,,14.90,0.0000,true,1,318239
7290110001612,false,ממתיק צמחי אריתריטול,בטר אנד דיפרנט,IL,ממתיק צמחי אריתריטול,פריט,1.00,"ק""ג",false,,39.90,39.9000,true,1,321653
7290110001995,false,מארז 4 קופסאות אחסון,בטר אנד דיפרנט,IL,מארז 4 קופסאות אחסון,Unknown,0.00,יחידה,false,,11.90,0.0000,true,1,325017
7290110002008,false,מארז 4 קופסאות אחסון,בטר אנד דיפרנט,IL,מארז 4 קופסאות אחסון,Unknown,0.00,יחידה,false,,11.90,0.0000,true,1,325018
7290110002206,false,שמן קוקוס מזוכך ב.ד.,בטר אנד דיפרנט,IL,שמן קוקוס מזוכך ב.ד.,מיליליטרים,500.00,"100 מ""ל",false,,19.90,3.9800,true,1,322376
7290110110659,false,"ספרייט 330 מ""ל",קוקה קולה,IL,"ספרייט 330 מ""ל",מיליליטרים,330.00,"100 מ""ל",false,,4.90,1.4848,true,1,311658
7290110110703,false,"מארז ספרייט 6*330 מ""",קוקה קולה,IL,"מארז ספרייט 6*330 מ""",קילוגרמים,1.98,ליטר,false,,21.90,11.0606,true,1,301302
7290110114787,false,נביעות מים בטעם תפוח,נביעות,IL,נביעות מים בטעם תפוח,קילוגרמים,1.50,ליטר,false,,8.40,5.6000,true,1,319907
7290110114794,false,נביעות מים בטעם אפרס,נביעות,IL,נביעות מים בטעם אפרס,קילוגרמים,1.50,ליטר,false,,8.40,5.6000,true,1,319908
7290110114800,false,נביעות מים בטעם ענבי,נביעות,IL,נביעות מים בטעם ענבי,קילוגרמים,1.50,ליטר,false,,8.40,5.6000,true,1,319909
7290110114855,false,מים נביעות 6*1.5 ליט,נביעות,IL,מים נביעות 6*1.5 ליט,קילוגרמים,9.00,ליטר,false,,11.90,1.3222,true,1,319911
7290110114954,false,מיץ תפוזים מתקתק פרי,גת,IL,מיץ תפוזים מתקתק פרי,קילוגרמים,2.00,ליטר,false,,19.90,9.9500,true,1,319893
7290110114961,false,פריגת תפוזים 1.5 ליט,פריגת,IL,פריגת תפוזים 1.5 ליט,קילוגרמים,1.50,ליטר,false,,8.80,5.8667,true,1,319912
7290110114985,false,פריגת אשכוליות 1.5 ל,פריגת,IL,פריגת אשכוליות 1.5 ל,קילוגרמים,1.50,ליטר,false,,8.80,5.8667,true,1,319914
7290110114992,false,פריגת אשכוליות דיאט,פריגת,IL,פריגת אשכוליות דיאט,קילוגרמים,1.50,ליטר,false,,8.80,5.8667,true,1,319915
7290110115005,false,פריגת ענבים 1.5 ליטר,פריגת,IL,פריגת ענבים 1.5 ליטר,קילוגרמים,1.50,ליטר,false,,8.80,5.8667,true,1,319916
7290110115036,false,פריגת מנגו 1.5 ליטר,פריגת,IL,פריגת מנגו 1.5 ליטר,קילוגרמים,1.50,ליטר,false,,8.80,5.8667,true,1,319919
7290110115043,false,פריגת לימונענע 1.5 ל,פריגת,IL,פריגת לימונענע 1.5 ל,קילוגרמים,1.50,ליטר,false,,8.80,5.8667,true,1,319920
7290110115050,false,פריגת מיקס תות בננה,פריגת,IL,פריגת מיקס תות בננה,קילוגרמים,1.50,ליטר,false,,8.80,5.8667,true,1,319921
7290110115081,false,פריגת צלול ענבים 1.5,פריגת,IL,פריגת צלול ענבים 1.5,קילוגרמים,1.50,ליטר,false,,8.20,5.4667,true,1,319925
7290110115104,false,פריגת צלול אפרסק 1.5,פריגת,IL,פריגת צלול אפרסק 1.5,קילוגרמים,1.50,ליטר,false,,8.20,5.4667,true,1,319926
7290110115128,false,פריגת צלול לימונענע,פריגת,IL,פריגת צלול לימונענע,קילוגרמים,1.50,ליטר,false,,8.20,5.4667,true,1,319928
7290110115203,false,קוקה קולה 1.5 ליטר,קוקה קולה,IL,קוקה קולה 1.5 ליטר,קילוגרמים,1.50,ליטר,false,,8.60,5.7333,true,1,319929
7290110115227,false,קוקה קולה זירו 1.5 ל,קוקה קולה,IL,קוקה קולה זירו 1.5 ל,קילוגרמים,1.50,ליטר,false,,7.80,5.2000,true,1,319931
7290110115265,false,ספרייט למון ליים 1.5,החברה המרכזית לייצור,IL,ספרייט למון ליים 1.5,קילוגרמים,1.50,ליטר,false,,8.90,5.9333,true,1,319937
7290110115272,false,ספרייט זירו 1.5 ליטר,החברה המרכזית לייצור,IL,ספרייט זירו 1.5 ליטר,קילוגרמים,1.50,ליטר,false,,8.90,5.9333,true,1,319940
7290110115296,false,פאנטה אורנג 1.5 ליטר,קוקה קולה,IL,פאנטה אורנג 1.5 ליטר,קילוגרמים,1.50,ליטר,false,,8.20,5.4667,true,1,319942
7290110115302,false,פאנטה אורנג זירו 1.5,קוקה קולה,IL,פאנטה אורנג זירו 1.5,קילוגרמים,1.50,ליטר,false,,8.20,5.4667,true,1,319943
7290110115319,false,פאנטה אקזוטיק 1.5 לי,קוקה קולה,IL,פאנטה אקזוטיק 1.5 לי,קילוגרמים,1.50,ליטר,false,,8.20,5.4667,true,1,319947
7290110115340,false,פאנטה ענבים 1.5 ליטר,קוקה קולה,IL,פאנטה ענבים 1.5 ליטר,קילוגרמים,1.50,ליטר,false,,8.20,5.4667,true,1,319950
7290110115364,false,מארז קוקה קולה 6*1.5,קוקה קולה,IL,מארז קוקה קולה 6*1.5,קילוגרמים,9.00,ליטר,false,,49.90,5.5444,true,1,319935
7290110115388,false,מארז ספרייט ליים 6*1,קוקה קולה,IL,מארז ספרייט ליים 6*1,קילוגרמים,9.00,ליטר,false,,44.90,4.9889,true,1,319944
7290110115395,false,מארז ספרייט זירו 6*1,החברה המרכזית לייצור,IL,מארז ספרייט זירו 6*1,קילוגרמים,9.00,ליטר,false,,42.90,4.7667,true,1,319945
7290110115418,false,מארז קוקה קולה זירו,קוקה קולה,IL,מארז קוקה קולה זירו,קילוגרמים,9.00,ליטר,false,,46.90,5.2111,true,1,319936
7290110115449,false,פיוז תה אננס 1.5 ליט,FUZE TEA,IL,פיוז תה אננס 1.5 ליט,קילוגרמים,1.50,ליטר,false,,8.90,5.9333,true,1,319954
7290110115456,false,פיוז תה אפרסק מופחת,FUZE TEA,IL,פיוז תה אפרסק מופחת,קילוגרמים,1.50,ליטר,false,,8.90,5.9333,true,1,319955
7290110115463,false,פיוז תה אפרסק 1.5 לי,FUZE TEA,IL,פיוז תה אפרסק 1.5 לי,קילוגרמים,1.50,ליטר,false,,8.90,5.9333,true,1,319956
7290110115494,false,פיוז תה ענבים 1.5 לי,FUZE TEA,IL,פיוז תה ענבים 1.5 לי,קילוגרמים,1.50,ליטר,false,,8.90,5.9333,true,1,319959
7290110115593,false,פריגת אשכוליות 40% פ,פריגת,IL,פריגת אשכוליות 40% פ,קילוגרמים,1.50,ליטר,false,,8.80,5.8667,true,1,319923
7290110115623,false,פיוז תה זירו אפרסק 1,FUZE TEA,IL,פיוז תה זירו אפרסק 1,קילוגרמים,1.50,ליטר,false,,8.90,5.9333,true,1,320809
7290110116064,false,פאנטה אננס מנגו זירו,קוקה קולה,IL,פאנטה אננס מנגו זירו,קילוגרמים,1.50,ליטר,false,,8.20,5.4667,true,1,324055
7290110116125,false,סירופ בטעם פטל במתיק,סירופ גבעת חיים,IL,סירופ בטעם פטל במתיק,מיליליטרים,750.00,"100 מ""ל",false,,19.90,2.6533,true,1,324122
7290110116132,false,סירופ בטעם לימון פרי,סירופ גבעת חיים,IL,סירופ בטעם לימון פרי,מיליליטרים,750.00,"100 מ""ל",false,,19.90,2.6533,true,1,324123
7290110116149,false,סירופ בטעם ענבים במת,סירופ גבעת חיים,IL,סירופ בטעם ענבים במת,מיליליטרים,750.00,"100 מ""ל",false,,19.90,2.6533,true,1,324124
7290110116392,false,סירופ בטעם תפוזים פר,סירופ גבעת חיים,IL,סירופ בטעם תפוזים פר,מיליליטרים,750.00,"100 מ""ל",false,,19.90,2.6533,true,1,324125
7290110320683,false,משקה יוגורט תות יופל,תנובה מרכז שיתופי לש,IL,משקה יוגורט תות יופל,גרמים,800.00,100 גרם,false,,15.90,1.9875,true,1,298542
7290110320867,false,גבינה מגורדת עמק 500,תנובה מרכז שיתופי לש,IL,גבינה מגורדת עמק 500,גרמים,500.00,100 גרם,false,,28.90,5.7800,true,1,299416
7290110320935,false,גבינת מוצרלה פרוסות,תנובה מרכז שיתופי לש,IL,גבינת מוצרלה פרוסות,גרמים,150.00,100 גרם,false,,15.90,10.6000,true,1,299418
7290110321277,false,קוטג בקטנה 5% תנובה,תנובה מרכז שיתופי לש,IL,קוטג בקטנה 5% תנובה,גרמים,100.00,100 גרם,false,,2.50,2.5000,true,1,316278
7290110321284,false,קוטג בקטנה 9% תנובה,תנובה מרכז שיתופי לש,IL,קוטג בקטנה 9% תנובה,גרמים,100.00,100 גרם,false,,2.50,2.5000,true,1,316279
7290110322014,false,טופו בטעם טבעי אלטרנ,תנובה,IL,טופו בטעם טבעי אלטרנ,גרמים,300.00,100 גרם,false,,11.80,3.9333,true,1,314437
7290110322021,false,טופו בטעם בזיליקום א,תנובה,IL,טופו בטעם בזיליקום א,גרמים,300.00,100 גרם,false,,11.80,3.9333,true,1,314439
7290110322038,false,טופו פיקנטי אלטרנטיב,תנובה,IL,טופו פיקנטי אלטרנטיב,גרמים,300.00,100 גרם,false,,11.80,3.9333,true,1,314440
7290110323714,false,משקה קוקוס שקדים אלט,סוי מגיק,IL,משקה קוקוס שקדים אלט,קילוגרמים,1.00,ליטר,false,,11.50,11.5000,true,1,305062
7290110324070,false,גבינת חלומי 30% פירא,תנובה,IL,גבינת חלומי 30% פירא,גרמים,200.00,100 גרם,false,,16.90,8.4500,true,1,317022
7290110324551,false,מארז יופלה טיוב תות,תנובה,IL,מארז יופלה טיוב תות,גרמים,348.00,100 גרם,false,,9.90,2.8448,true,1,306242
7290110324711,false,ממרח סויה בטעם טבעי,תנובה,IL,ממרח סויה בטעם טבעי,גרמים,250.00,100 גרם,false,,7.90,3.1600,true,1,308980
7290110324728,false,ממרח סויה עם שום שמי,תנובה,IL,ממרח סויה עם שום שמי,גרמים,250.00,100 גרם,false,,7.90,3.1600,true,1,308982
7290110324841,false,מעדן שקדים שוקולד מר,תנובה,IL,מעדן שקדים שוקולד מר,גרמים,125.00,100 גרם,false,,3.90,3.1200,true,1,309487
7290110324858,false,מעדן שקדים אגוזי לוז,תנובה,IL,מעדן שקדים אגוזי לוז,גרמים,125.00,100 גרם,false,,3.90,3.1200,true,1,309488
7290110324926,false,משקה סויה ללא תוספת,תנובה מרכז שיתופי לש,IL,משקה סויה ללא תוספת,קילוגרמים,1.00,ליטר,false,,9.90,9.9000,true,1,309111
7290110325169,false,פרוסות גאודה תנובה 1,תנובה,IL,פרוסות גאודה תנובה 1,גרמים,170.00,100 גרם,false,,16.90,9.9412,true,1,311364
7290110325510,false,מארז יופלה טיוב וניל,תנובה,IL,מארז יופלה טיוב וניל,גרמים,348.00,100 גרם,false,,9.90,2.8448,true,1,309629
7290110325619,false,משקה שיבולת שועל אלט,תנובה מרכז שיתופי לש,IL,משקה שיבולת שועל אלט,קילוגרמים,1.00,ליטר,false,,11.50,11.5000,true,1,309726
7290110325893,false,משקה GO אייס קפה 27,תנובה מרכז שיתופי לש,IL,משקה GO אייס קפה 27,מיליליטרים,340.00,"100 מ""ל",false,,6.90,2.0294,true,1,312482
7290110326210,false,יופלה און טופ פצפוצי,תנובה מרכז שיתופי לש,IL,יופלה און טופ פצפוצי,גרמים,157.00,100 גרם,false,,4.70,2.9936,true,1,311367
7290110326227,false,יופלה און טופ קורנפל,תנובה מרכז שיתופי לש,IL,יופלה און טופ קורנפל,גרמים,157.00,100 גרם,false,,4.70,2.9936,true,1,311370
7290110326234,false,יופלה און טופ כוכבים,תנובה מרכז שיתופי לש,IL,יופלה און טופ כוכבים,גרמים,157.00,100 גרם,false,,4.70,2.9936,true,1,311368
7290110326241,false,יופלה און טופ גרנולה,תנובה מרכז שיתופי לש,IL,יופלה און טופ גרנולה,גרמים,157.00,100 גרם,false,,4.70,2.9936,true,1,311371
7290110326982,false,משקה חלב עם שוקולד ק,תנובה מרכז שיתופי לש,IL,משקה חלב עם שוקולד ק,קילוגרמים,1.00,ליטר,false,,6.90,6.9000,true,1,312708
7290110327033,false,משקה סויה מועשר בחלב,דגי תנובה,IL,משקה סויה מועשר בחלב,קילוגרמים,1.00,ליטר,false,,11.60,11.6000,true,1,313323
7290110327545,false,יופלה און טופ תות ופ,תנובה מרכז שיתופי לש,IL,יופלה און טופ תות ופ,גרמים,157.00,100 גרם,false,,4.70,2.9936,true,1,315127
7290110328610,false,משקה אורז ושקדים ברי,תנובה,IL,משקה אורז ושקדים ברי,קילוגרמים,1.00,ליטר,false,,11.50,11.5000,true,1,323371
7290110328627,false,יוגורט גו יופלה סמיך,תנובה מרכז שיתופי לש,IL,יוגורט גו יופלה סמיך,גרמים,200.00,100 גרם,false,,5.50,2.7500,true,1,318026
7290110328641,false,טופו טבעי אלטרנטיב 2,תנובה,IL,טופו טבעי אלטרנטיב 2,גרמים,500.00,100 גרם,false,,16.90,3.3800,true,1,323652
7290110328764,false,יוגורט גו יופלה סמיך,תנובה מרכז שיתופי לש,IL,יוגורט גו יופלה סמיך,גרמים,200.00,100 גרם,false,,5.50,2.7500,true,1,318027
7290110328771,false,יוגורט גו יופלה סמיך,תנובה מרכז שיתופי לש,IL,יוגורט גו יופלה סמיך,גרמים,200.00,100 גרם,false,,5.50,2.7500,true,1,318028
7290110328788,false,יוגורט גו יופלה סמיך,תנובה מרכז שיתופי לש,IL,יוגורט גו יופלה סמיך,גרמים,200.00,100 גרם,false,,5.50,2.7500,true,1,318029
7290110329303,false,פרוסות צהובה קלאסית,תנובה,IL,פרוסות צהובה קלאסית,גרמים,200.00,100 גרם,false,,19.90,9.9500,true,1,323650
7290110329686,false,משקה GO בטעם עוגיות,תנובה מרכז שיתופי לש,IL,משקה GO בטעם עוגיות,מיליליטרים,340.00,"100 מ""ל",false,,6.90,2.0294,true,1,323651
7290110329716,false,משקה קפה קר בטעם קפו,תנובה מרכז שיתופי לש,IL,משקה קפה קר בטעם קפו,מיליליטרים,230.00,"100 מ""ל",false,,6.90,3.0000,true,1,322977
7290110329723,false,משקה קפה קר בטעם לאט,תנובה מרכז שיתופי לש,IL,משקה קפה קר בטעם לאט,מיליליטרים,230.00,"100 מ""ל",false,,6.90,3.0000,true,1,322978
7290110329730,false,משקה קפה קר בטעם לאט,תנובה מרכז שיתופי לש,IL,משקה קפה קר בטעם לאט,מיליליטרים,230.00,"100 מ""ל",false,,6.90,3.0000,true,1,322979
7290110329792,false,מעדן סויה ביו אפרסק,תנובה,IL,מעדן סויה ביו אפרסק,גרמים,150.00,100 גרם,false,,4.20,2.8000,true,1,320826
7290110329808,false,מעדן סויה ביו תות אל,תנובה,IL,מעדן סויה ביו תות אל,גרמים,150.00,100 גרם,false,,4.20,2.8000,true,1,320827
7290110329815,false,מעדן סויה ביו מתיקות,תנובה,IL,מעדן סויה ביו מתיקות,גרמים,150.00,100 גרם,false,,4.20,2.8000,true,1,320828
7290110329822,false,מעדן סויה ביו פירות,תנובה,IL,מעדן סויה ביו פירות,גרמים,150.00,100 גרם,false,,4.20,2.8000,true,1,320829
7290110329839,false,פרוסות צהובה בטעם זי,תנובה,IL,פרוסות צהובה בטעם זי,גרמים,200.00,100 גרם,false,,19.90,9.9500,true,1,323642
7290110329846,false,מעדן סויה ביו טבעי א,תנובה,IL,מעדן סויה ביו טבעי א,גרמים,150.00,100 גרם,false,,4.20,2.8000,true,1,320825
7290110550226,false,מטבעות שוקולד מריר ל,שטראוס,IL,מטבעות שוקולד מריר ל,גרמים,400.00,100 גרם,false,,27.90,6.9750,true,1,322788
7290110552121,false,דנונה היוגורט הראשון,תנובה מרכז שיתופי לש,IL,דנונה היוגורט הראשון,גרמים,100.00,100 גרם,false,,2.20,2.2000,true,1,322841
7290110552220,false,דנונה פרו 20 תות ללא,שטראוס,IL,דנונה פרו 20 תות ללא,גרמים,200.00,100 גרם,false,,5.90,2.9500,true,1,320742
7290110552237,false,דנונה פרו 20 אפרסק ו,שטראוס,IL,דנונה פרו 20 אפרסק ו,גרמים,200.00,100 גרם,false,,5.90,2.9500,true,1,320743
7290110554422,false,רוטב עגבניות ופלפלים,אימילאנה,IT,רוטב עגבניות ופלפלים,גרמים,350.00,100 גרם,false,,10.80,3.0857,true,1,324010
7290110554583,false,מארז צ'יטוס בטעם גבי,שטראוס,IL,מארז צ'יטוס בטעם גבי,גרמים,200.00,100 גרם,false,,11.50,5.7500,true,1,320912
7290110554729,false,קפסולות עלית מס 04 ל,שטראוס קפה בי.וי,IL,קפסולות עלית מס 04 ל,גרמים,50.00,100 גרם,false,,15.50,31.0000,true,1,322594
7290110554798,false,פולי קפה ארומטיים בק,שטראוס קפה בי.וי,IL,פולי קפה ארומטיים בק,גרמים,250.00,100 גרם,false,,19.90,7.9600,true,1,325033
7290110555009,false,מחית עגבניות פסאטה י,אימילאנה,IT,מחית עגבניות פסאטה י,גרמים,700.00,100 גרם,false,,11.90,1.7000,true,1,323702
7290110556242,false,שוקולד פרה מריר 100,עלית,IL,שוקולד פרה מריר 100,גרמים,100.00,100 גרם,false,,5.90,5.9000,true,1,324174
7290110557027,false,חומוס עשיר ב50% טחינ,שטראוס,IL,חומוס עשיר ב50% טחינ,גרמים,400.00,100 גרם,false,,12.90,3.2250,true,1,320442
7290110557102,false,מעדן חלב עם שוקולד פ,שטראוס,IL,מעדן חלב עם שוקולד פ,גרמים,150.00,100 גרם,false,,4.90,3.2667,true,1,319402
7290110557133,false,מעדן הגולן וניל 125,שטראוס,IL,מעדן הגולן וניל 125,מיליליטרים,125.00,"100 מ""ל",false,,2.80,2.2400,true,1,319736
7290110557317,false,דנונה היוגורט הראשון,תנובה מרכז שיתופי לש,IL,דנונה היוגורט הראשון,גרמים,100.00,100 גרם,false,,2.20,2.2000,true,1,322842
7290110557478,false,חומוס גלילי אחלה 600,שטראוס,IL,חומוס גלילי אחלה 600,גרמים,600.00,100 גרם,false,,11.90,1.9833,true,1,321734
7290110558154,false,דנונה לייט אנד פרי ב,שטראוס,IL,דנונה לייט אנד פרי ב,גרמים,150.00,100 גרם,false,,4.50,3.0000,true,1,323706
7290110558222,false,דנונה WOW עם שכבה בט,שטראוס,IL,דנונה WOW עם שכבה בט,מיליליטרים,150.00,"100 מ""ל",false,,4.50,3.0000,true,1,323708
7290110558239,false,דנונה WOW עם שכבה בט,שטראוס,IL,דנונה WOW עם שכבה בט,מיליליטרים,150.00,"100 מ""ל",false,,4.50,3.0000,true,1,323709
7290110558253,false,משקה דנונה ריפרש בננ,שטראוס גרופ,IL,משקה דנונה ריפרש בננ,גרמים,250.00,100 גרם,false,,4.90,1.9600,true,1,323217
7290110558314,false,דנונה פרו 20 בטעם פי,שטראוס,IL,דנונה פרו 20 בטעם פי,גרמים,200.00,100 גרם,false,,5.90,2.9500,true,1,323705
7290110558666,false,דניאלה בטעם תפוח 88,שטראוס,IL,דניאלה בטעם תפוח 88,גרמים,88.00,100 גרם,false,,3.90,4.4318,true,1,324701
7290110559748,false,מאגדת ריל אנרג'י שקד,ואמואליס פודס,GR,מאגדת ריל אנרג'י שקד,גרמים,105.00,100 גרם,false,,9.90,9.4286,true,1,323377
7290110559755,false,מאגדת ריל אנרג'י בוט,ואמואליס פודס,GR,מאגדת ריל אנרג'י בוט,גרמים,105.00,100 גרם,false,,9.90,9.4286,true,1,323378
7290110559762,false,מאגדת ריל אנרג'י אגו,ואמואליס פודס,GR,מאגדת ריל אנרג'י אגו,גרמים,105.00,100 גרם,false,,9.90,9.4286,true,1,323376
7290110560300,false,פריכיות אנרג'י משולש,פרח תעשיות,IL,פריכיות אנרג'י משולש,גרמים,30.00,100 גרם,false,,4.90,16.3333,true,1,313364
7290110560317,false,פריכיות אנרג'י משולש,פרח תעשיות,IL,פריכיות אנרג'י משולש,גרמים,30.00,100 גרם,false,,4.90,16.3333,true,1,313365
7290110560324,false,פריכיות אנרג'י משולש,פרח תעשיות,IL,פריכיות אנרג'י משולש,גרמים,30.00,100 גרם,false,,4.90,16.3333,true,1,313366
7290110561352,false,דנונה דל לקטוז בתוספ,שטראוס גרופ,IL,דנונה דל לקטוז בתוספ,גרמים,200.00,100 גרם,false,,3.90,1.9500,true,1,318281
7290110561604,false,מארז גמדים תות בננה,שטראוס,IL,מארז גמדים תות בננה,גרמים,800.00,100 גרם,false,,17.90,2.2375,true,1,301078
7290110563462,false,חלב מועשר נטול לקטוז,שטראוס,IL,חלב מועשר נטול לקטוז,קילוגרמים,1.00,ליטר,false,,7.80,7.8000,true,1,310005
7290110564339,false,חומוס עשיר ב30% טחינ,שטראוס,IL,חומוס עשיר ב30% טחינ,גרמים,400.00,100 גרם,false,,12.90,3.2250,true,1,301066
7290110564360,false,חומוס עשיר ב40% טחינ,שטראוס,IL,חומוס עשיר ב40% טחינ,גרמים,400.00,100 גרם,false,,12.90,3.2250,true,1,301065
7290110564414,false,חומוס עשיר ב 30% טחי,שטראוס,IL,חומוס עשיר ב 30% טחי,גרמים,600.00,100 גרם,false,,14.90,2.4833,true,1,301062
7290110564919,false,דנונה מתיקות מעודנת,שטראוס,IL,דנונה מתיקות מעודנת,גרמים,150.00,100 גרם,false,,3.50,2.3333,true,1,310314
7290110565527,false,דנונה פרו טבעי 1.5%,שטראוס,IL,דנונה פרו טבעי 1.5%,גרמים,200.00,100 גרם,false,,5.90,2.9500,true,1,299979
7290110565572,false,קפה טורקי הל לדרך 2,שטראוס קפה בי.וי,IL,קפה טורקי הל לדרך 2,גרמים,168.00,100 גרם,false,,17.90,10.6548,true,1,324177
7290110566043,false,משקה יוגורט 4% שטראו,בר בכפר די אנד די,IL,משקה יוגורט 4% שטראו,פריט,3.00,"ק""ג",false,,26.90,8.9667,true,1,302108
7290110566623,false,קפסולות עלית קולומבי,שטראוס קפה בי.וי,IL,קפסולות עלית קולומבי,גרמים,50.00,100 גרם,false,,15.50,31.0000,true,1,302600
7290110566975,false,דנונה פרו תות 0% 200,שטראוס,IL,דנונה פרו תות 0% 200,גרמים,200.00,100 גרם,false,,5.90,2.9500,true,1,302001
7290110568238,false,קצפת צמחית במתיקות מ,יטבתה,IL,קצפת צמחית במתיקות מ,מיליליטרים,250.00,"100 מ""ל",false,,7.50,3.0000,true,1,316339
7290110568511,false,קונפיטורה פירות יער,יד מרדכי,IL,קונפיטורה פירות יער,גרמים,265.00,100 גרם,false,,12.90,4.8679,true,1,315086
7290110568559,false,מארז דוריטוס חמוץ חר,שטראוס גרופ,IL,מארז דוריטוס חמוץ חר,גרמים,250.00,100 גרם,false,,10.90,4.3600,true,1,302481
7290110568566,false,מארז דוריטוס גריל 10,שטראוס גרופ,IL,מארז דוריטוס גריל 10,גרמים,250.00,100 גרם,false,,10.90,4.3600,true,1,302480
7290110571382,false,מעדן חלב בטעם וניל פ,שטראוס,IL,מעדן חלב בטעם וניל פ,גרמים,150.00,100 גרם,false,,4.90,3.2667,true,1,323060
7290110571405,false,עוגיות מיני פינוקיות,עלית,IL,עוגיות מיני פינוקיות,גרמים,180.00,100 גרם,false,,9.90,5.5000,true,1,325292
7290110571412,false,עוגיות מיני פינוקיות,עלית,IL,עוגיות מיני פינוקיות,גרמים,180.00,100 גרם,false,,9.90,5.5000,true,1,325293
7290110571535,false,מארז קפה טורקי הל על,שטראוס קפה בי.וי,IL,מארז קפה טורקי הל על,גרמים,300.00,100 גרם,false,,22.90,7.6333,true,1,322790
7290110572884,false,קפסולות עלית מס' 20,שטראוס קפה בי.וי,IL,קפסולות עלית מס' 20,גרמים,50.00,100 גרם,false,,15.50,31.0000,true,1,325233
7290110576752,false,שוקולד ספלנדיד מריר,עלית,,שוקולד ספלנדיד מריר,גרמים,100.00,100 גרם,false,,9.90,9.9000,true,1,325243
7290110576776,false,שוקולד ספלנדיד מריר,עלית,,שוקולד ספלנדיד מריר,גרמים,100.00,100 גרם,false,,9.90,9.9000,true,1,325244
7290110576790,false,מעדן גבינה בטעם מיקס,שטראוס,IL,מעדן גבינה בטעם מיקס,גרמים,125.00,100 גרם,false,,3.70,2.9600,true,1,324702
7290110577230,false,משקה חלב בטעם פיסטוק,שטראוס,IL,משקה חלב בטעם פיסטוק,קילוגרמים,1.00,ליטר,false,,11.50,11.5000,true,1,324698
7290111341366,false,מפיות ניקול לבנות חד,SHP SLAVOSOVCE,SK,מפיות ניקול לבנות חד,Unknown,0.00,יחידה,false,,5.90,0.0000,true,1,318032
7290111342042,false,כריות יפניות אנטיבקט,פלסטו פוליש,IL,כריות יפניות אנטיבקט,Unknown,0.00,יחידה,false,,9.90,0.0000,true,1,312356
7290111342226,false,תחבושות לילי לילה +,אונטקס,ES,תחבושות לילי לילה +,Unknown,0.00,יחידה,false,,24.90,0.0000,true,1,310802
7290111343858,false,מטליות לחות אנטיבקטר,עלבד משואות יצחק,IL,מטליות לחות אנטיבקטר,Unknown,0.00,יחידה,false,,10.90,0.0000,true,1,312358
7290111344077,false,מטליות לחות אנטיבקטר,עלבד משואות יצחק,IL,מטליות לחות אנטיבקטר,Unknown,0.00,יחידה,false,,19.90,0.0000,true,1,312359
7290111344558,false,שקיות אשפה לפחים גדו,חוגלה קימברלי,IL,שקיות אשפה לפחים גדו,Unknown,0.00,יחידה,false,,29.90,0.0000,true,1,318779
7290111344831,false,מגן תחתון קוטקס אקסט,חוגלה קימברלי,CN,מגן תחתון קוטקס אקסט,Unknown,0.00,יחידה,false,,15.90,0.0000,true,1,320012
7290111344855,false,מגן תחתון קוטקס אקסט,חוגלה קימברלי,CN,מגן תחתון קוטקס אקסט,Unknown,0.00,יחידה,false,,15.90,0.0000,true,1,320011
7290111345982,false,דפי ספוגית הקסם ניקו,חוגלה קימברלי,IL,דפי ספוגית הקסם ניקו,Unknown,0.00,יחידה,false,,9.90,0.0000,true,1,322696
7290111351723,false,פופקורן למיקרוגל טבע,פופז,US,פופקורן למיקרוגל טבע,פריט,1.10,"ק""ג",false,,19.90,18.0909,true,1,307801
7290111351754,false,פופקורן למיקרוגל חמא,פופז,US,פופקורן למיקרוגל חמא,פריט,1.10,"ק""ג",false,,19.90,18.0909,true,1,307802
7290111353208,false,פופקורן למיקרוגל טבע,פופז,US,פופקורן למיקרוגל טבע,פריט,1.10,"ק""ג",false,,19.90,18.0909,true,1,314259
7290111353383,false,מנטוס מיני בטעם תות,פרפטי ואן מלה ברדה,NL,מנטוס מיני בטעם תות,גרמים,178.00,100 גרם,false,,13.90,7.8090,true,1,314135
7290111353475,false,סוכריות גומי שטיחים,סאאדת,TR,סוכריות גומי שטיחים,גרמים,200.00,100 גרם,false,,5.90,2.9500,true,1,315620
7290111353482,false,סוכריות גומי ממולאות,סאאדת,TR,סוכריות גומי ממולאות,גרמים,200.00,100 גרם,false,,5.90,2.9500,true,1,315621
7290111534010,false,עוגת מוס גבינה פירור,קפולסקי אדל בעמ,IL,עוגת מוס גבינה פירור,גרמים,450.00,100 גרם,false,,29.90,6.6444,true,1,296488
7290111563492,false,מטבוחה חריפה צבר 400,צבר,IL,מטבוחה חריפה צבר 400,גרמים,400.00,100 גרם,false,,11.90,2.9750,true,1,303685
7290111564277,false,פריכיות דקות 3 דגנים,פרח תעשיות,IL,פריכיות דקות 3 דגנים,גרמים,120.00,100 גרם,false,,9.90,8.2500,true,1,303216
7290111564291,false,פריכיות דקות עם קינו,פרח תעשיות,IL,פריכיות דקות עם קינו,גרמים,120.00,100 גרם,false,,9.90,8.2500,true,1,303215
7290111565083,false,מארז במבה 15*25 גרם,גבעול,IL,מארז במבה 15*25 גרם,גרמים,375.00,100 גרם,false,,17.90,4.7733,true,1,299410
7290111566103,false,פלאפל טבעול 590 גרם,טבעול ישראל,IL,פלאפל טבעול 590 גרם,גרמים,590.00,100 גרם,false,,29.90,5.0678,true,1,300091
7290111566240,false,שניצל דק צמחוני צילי,טבעול ישראל,IL,שניצל דק צמחוני צילי,גרמים,564.00,100 גרם,false,,29.90,5.3014,true,1,300085
7290111566271,false,חטיפי תירס טבעול 657,טבעול ישראל,IL,חטיפי תירס טבעול 657,גרמים,657.00,100 גרם,false,,29.90,4.5510,true,1,300083
7290111566318,false,שניצל דק צמחוני ביתי,טבעול ישראל,IL,שניצל דק צמחוני ביתי,גרמים,564.00,100 גרם,false,,29.90,5.3014,true,1,300084
7290111566332,false,נקניקיות וינר צמחוני,טבעול ישראל,IL,נקניקיות וינר צמחוני,גרמים,680.00,100 גרם,false,,29.90,4.3971,true,1,300086
7290111566417,false,טחון צמחוני טבעול 50,טבעול ישראל,IL,טחון צמחוני טבעול 50,גרמים,500.00,100 גרם,false,,29.90,5.9800,true,1,300099
7290111566547,false,חזה בגריל צמחוני טבע,טבעול ישראל,IL,חזה בגריל צמחוני טבע,גרמים,560.00,100 גרם,false,,29.90,5.3393,true,1,300097
7290111566561,false,שניצל ברוקולי 99 קלו,טבעול ישראל,IL,שניצל ברוקולי 99 קלו,גרמים,500.00,100 גרם,false,,29.90,5.9800,true,1,300093
7290111566585,false,שניצל צמחוני טבעול 6,טבעול ישראל,IL,שניצל צמחוני טבעול 6,גרמים,650.00,100 גרם,false,,29.90,4.6000,true,1,300096
7290111566714,false,המבורגר צמחוני טבעול,טבעול ישראל,IL,המבורגר צמחוני טבעול,גרמים,600.00,100 גרם,false,,29.90,4.9833,true,1,300095
7290111566752,false,שניצל תירס טבעול 693,טבעול ישראל,IL,שניצל תירס טבעול 693,גרמים,693.00,100 גרם,false,,29.90,4.3146,true,1,300092
7290111566776,false,נקניקיות קוקטייל צמח,טבעול ישראל,IL,נקניקיות קוקטייל צמח,גרמים,680.00,100 גרם,false,,29.90,4.3971,true,1,300087
7290111568206,false,ביסלי פארטי מיקס 150,אסם,IL,ביסלי פארטי מיקס 150,גרמים,150.00,100 גרם,false,,6.90,4.6000,true,1,301544
7290111568251,false,נודלס אטריות להקפצה,תאי פרזידנט,TH,נודלס אטריות להקפצה,גרמים,350.00,100 גרם,false,,7.50,2.1429,true,1,301680
7290111650826,false,חציל פיקנטי לימונס 2,לימון אוכל מוכן לשיו,IL,חציל פיקנטי לימונס 2,גרמים,250.00,100 גרם,false,,9.70,3.8800,true,1,296815
7290111650840,false,כרוב וגזר לימונס 250,לימון אוכל מוכן לשיו,IL,כרוב וגזר לימונס 250,גרמים,250.00,100 גרם,false,,9.70,3.8800,true,1,296812
7290111650857,false,כרוב אדום לימונס 250,לימון אוכל מוכן לשיו,IL,כרוב אדום לימונס 250,גרמים,250.00,100 גרם,false,,9.70,3.8800,true,1,296813
7290111650871,false,חציל במיונז לימונס 2,לימון אוכל מוכן לשיו,IL,חציל במיונז לימונס 2,גרמים,250.00,100 גרם,false,,9.70,3.8800,true,1,296811
7290111650901,false,מטבוחה חריפה לימונס,לימון אוכל מוכן לשיו,IL,מטבוחה חריפה לימונס,גרמים,150.00,100 גרם,false,,8.70,5.8000,true,1,303677
7290111650918,false,מטבוחה לימונס 250 גר,לימון אוכל מוכן לשיו,IL,מטבוחה לימונס 250 גר,גרמים,250.00,100 גרם,false,,8.70,3.4800,true,1,296795
7290111650925,false,סלט תפוא לימונס 250,לימון אוכל מוכן לשיו,IL,סלט תפוא לימונס 250,גרמים,250.00,100 גרם,false,,8.70,3.4800,true,1,296800
7290111650932,false,טחינה לימונס 250 גרם,לימון אוכל מוכן לשיו,IL,טחינה לימונס 250 גרם,גרמים,250.00,100 גרם,false,,8.70,3.4800,true,1,296794
7290111650949,false,חציל במרינדה לימונס,לימון אוכל מוכן לשיו,IL,חציל במרינדה לימונס,גרמים,250.00,100 גרם,false,,9.70,3.8800,true,1,296798
7290111650956,false,חומוס מזרחי לימונס 2,לימון אוכל מוכן לשיו,IL,חומוס מזרחי לימונס 2,גרמים,250.00,100 גרם,false,,8.70,3.4800,true,1,296793
7290111650963,false,סלט טורקי לימונס 250,לימון אוכל מוכן לשיו,IL,סלט טורקי לימונס 250,גרמים,250.00,100 גרם,false,,8.70,3.4800,true,1,296796
7290111651502,false,סחוג ירוק לימונס 150,לימון אוכל מוכן לשיו,IL,סחוג ירוק לימונס 150,גרמים,150.00,100 גרם,false,,8.70,5.8000,true,1,296799
7290111651861,false,חציל צילי לימונס 250,לימון אוכל מוכן לשיו,IL,חציל צילי לימונס 250,גרמים,250.00,100 גרם,false,,9.70,3.8800,true,1,297277
7290111653247,false,זיתים מרוקאים לימונס,לימון אוכל מוכן לשיו,IL,זיתים מרוקאים לימונס,גרמים,250.00,100 גרם,false,,9.70,3.8800,true,1,301169
7290111653261,false,פלפל קלוי לימונס 250,לימון אוכל מוכן לשיו,IL,פלפל קלוי לימונס 250,גרמים,250.00,100 גרם,false,,9.70,3.8800,true,1,301171
7290111653292,false,מטבל שום שמיר לימונס,לימון אוכל מוכן לשיו,IL,מטבל שום שמיר לימונס,גרמים,250.00,100 גרם,false,,8.70,3.4800,true,1,301176
7290111930799,false,קראנצוס בצל 55 גרם,מנה,IL,קראנצוס בצל 55 גרם,גרמים,55.00,100 גרם,false,,1.90,3.4545,true,1,298647
7290111930805,false,קראנצוס ברבקיו 55 גר,מנה,IL,קראנצוס ברבקיו 55 גר,גרמים,55.00,100 גרם,false,,1.90,3.4545,true,1,298646
7290111930850,false,קראנצוס פיצה 55 גרם,מנה,IL,קראנצוס פיצה 55 גרם,גרמים,55.00,100 גרם,false,,1.90,3.4545,true,1,298645
7290111930997,false,פירורי לחם מוזהב מאס,מנה,IL,פירורי לחם מוזהב מאס,גרמים,800.00,100 גרם,false,,11.90,1.4875,true,1,299537
7290111932380,false,"משחת מרידול 2*75 מ""ל",,,"משחת מרידול 2*75 מ""ל",מיליליטרים,150.00,"100 מ""ל",false,,24.90,16.6000,true,1,300413
7290111933554,false,מארז עגבניות קוביות,פראנו אנריקו ופיגלי,IT,מארז עגבניות קוביות,פריט,1.20,"ק""ג",false,,15.90,13.2500,true,1,303680
7290111933592,false,פירורי לחם פנקו מאסט,מנה,IL,פירורי לחם פנקו מאסט,גרמים,510.00,100 גרם,false,,11.90,2.3333,true,1,303125
7290111936203,false,דאו ספריי ליידי ספיד,קולגייט פלמוליב,US,דאו ספריי ליידי ספיד,מיליליטרים,150.00,"100 מ""ל",false,,13.90,9.2667,true,1,307698
7290111936296,false,ג'ל רחצה פלמוליב סנס,קולגייט פלמוליב,TR,ג'ל רחצה פלמוליב סנס,מיליליטרים,750.00,"100 מ""ל",false,,19.50,2.6000,true,1,306085
7290111936647,false,משחת קולגייט מקס פרש,קולגייט פלמוליב,PL,משחת קולגייט מקס פרש,מיליליטרים,250.00,"100 מ""ל",false,,19.90,7.9600,true,1,305359
7290111937248,false,מארז חטיף פרי תמרים,טבעית,IL,מארז חטיף פרי תמרים,גרמים,125.00,100 גרם,false,,14.90,11.9200,true,1,305287
7290111937255,false,מארז חטיף פרי תמרים,טבעית,IL,מארז חטיף פרי תמרים,גרמים,125.00,100 גרם,false,,14.90,11.9200,true,1,305401
7290111938498,false,רוטב סויה בהירה מאסט,תאי סופרים,TH,רוטב סויה בהירה מאסט,גרמים,700.00,100 גרם,false,,9.90,1.4143,true,1,309858
7290111938559,false,מיונז לחיץ הולנדי מא,רמיה סי.וי. הולנד,NL,מיונז לחיץ הולנדי מא,גרמים,721.00,100 גרם,false,,13.90,1.9279,true,1,309300
7290111939822,false,משחת קולגייט אופטיק,קולגייט פלמוליב,PL,משחת קולגייט אופטיק,מיליליטרים,225.00,"100 מ""ל",false,,47.90,21.2889,true,1,308927
7290111939846,false,משחת קולגייט אופטיק,קולגייט פלמוליב,PL,משחת קולגייט אופטיק,מיליליטרים,225.00,"100 מ""ל",false,,47.90,21.2889,true,1,308928
7290112000408,false,תרסיס דטול מנקה ומחט,רקיט בנקיזר,PL,תרסיס דטול מנקה ומחט,מיליליטרים,750.00,"100 מ""ל",false,,14.90,1.9867,true,1,310816
7290112000798,false,תרסיס דטול מנקה ומחט,רקיט בנקיזר,PL,תרסיס דטול מנקה ומחט,מיליליטרים,750.00,"100 מ""ל",false,,14.90,1.9867,true,1,310821
7290112000903,false,טבליות פיניש פאוורבו,רקיט בנקיזר,PL,טבליות פיניש פאוורבו,פריט,1.92,"ק""ג",false,,64.90,33.8021,true,1,304738
7290112001436,false,מנקה מדיח פיניש לימו,רקיט בנקיזר,PL,מנקה מדיח פיניש לימו,מיליליטרים,250.00,"100 מ""ל",false,,14.90,5.9600,true,1,309074
7290112001641,false,תרסיס וניש קליה 950,רקיט בנקיזר,PL,תרסיס וניש קליה 950,מיליליטרים,950.00,"100 מ""ל",false,,19.90,2.0947,true,1,311511
7290112002136,false,ג'ל קולון כחול 4 ליט,רקיט בנקיזר,IL,ג'ל קולון כחול 4 ליט,קילוגרמים,4.00,ליטר,false,,31.90,7.9750,true,1,308763
7290112002143,false,ג'ל קולון לילך סגול,רקיט בנקיזר,IL,ג'ל קולון לילך סגול,קילוגרמים,4.00,ליטר,false,,31.90,7.9750,true,1,308764
7290112002457,false,מטליות לחות דטול לני,רקיט בנקיזר,PL,מטליות לחות דטול לני,Unknown,0.00,יחידה,false,,19.90,0.0000,true,1,314172
7290112003188,false,קפסולות ג'ל קולון 60,רקיט בנקיזר,IT,קפסולות ג'ל קולון 60,Unknown,0.00,יחידה,false,,49.90,0.0000,true,1,314059
7290112003973,false,אבקת וניש מסיר כתמים,רקיט בנקיזר,PL,אבקת וניש מסיר כתמים,פריט,1.35,"ק""ג",false,,34.90,25.8519,true,1,318225
7290112003980,false,אבקת וניש מסיר כתמים,רקיט בנקיזר,PL,אבקת וניש מסיר כתמים,פריט,1.35,"ק""ג",false,,34.90,25.8519,true,1,318226
7290112004109,false,מטליות לחות דטול לחי,רקיט בנקיזר,PL,מטליות לחות דטול לחי,Unknown,0.00,יחידה,false,,19.90,0.0000,true,1,314173
7290112004413,false,ספריי וניש להסרת כתמ,רקיט בנקיזר,PL,ספריי וניש להסרת כתמ,מיליליטרים,750.00,"100 מ""ל",false,,16.90,2.2533,true,1,322373
7290112004482,false,אירוויק ספריי וניל 3,,,אירוויק ספריי וניל 3,מיליליטרים,720.00,"100 מ""ל",false,,19.90,2.7639,true,1,315942
7290112004499,false,אירוויק ספריי לבנדר,,,אירוויק ספריי לבנדר,מיליליטרים,720.00,"100 מ""ל",false,,19.90,2.7639,true,1,315943
7290112004505,false,אירוויק ספריי לבנדר,,,אירוויק ספריי לבנדר,מיליליטרים,720.00,"100 מ""ל",false,,19.90,2.7639,true,1,315944
7290112004512,false,מילוי מבשם אוטומטי א,רקיט בנקיזר,PL,מילוי מבשם אוטומטי א,מיליליטרים,750.00,"100 מ""ל",false,,21.90,2.9200,true,1,315938
7290112004529,false,מילוי מבשם אוטומטי א,רקיט בנקיזר,PL,מילוי מבשם אוטומטי א,מיליליטרים,750.00,"100 מ""ל",false,,21.90,2.9200,true,1,315939
7290112004536,false,מילוי מבשם אוטומטי א,רקיט בנקיזר,PL,מילוי מבשם אוטומטי א,מיליליטרים,750.00,"100 מ""ל",false,,21.90,2.9200,true,1,315940
7290112004611,false,ג'ל וניש גולד מסיר כ,רקיט בנקיזר,PT,ג'ל וניש גולד מסיר כ,מיליליטרים,200.00,"100 מ""ל",false,,14.90,7.4500,true,1,321900
7290112005052,false,אבקת וניש מסיר כתמים,רקיט בנקיזר,IT,אבקת וניש מסיר כתמים,פריט,1.50,"ק""ג",false,,39.90,26.6000,true,1,325427
7290112005168,false,טבליות פיניש קוואנטו,רקיט בנקיזר,PL,טבליות פיניש קוואנטו,Unknown,0.00,יחידה,false,,54.90,0.0000,true,1,323667
7290112120311,false,ממתיק ספלנדה 100 יח,,,ממתיק ספלנדה 100 יח,גרמים,100.00,100 גרם,false,,13.90,13.9000,true,1,299621
7290112120670,false,בונבוניירה מתומן 200,קאיפינג גינקה פודסטא,CN,בונבוניירה מתומן 200,גרמים,200.00,100 גרם,false,,17.90,8.9500,true,1,304631
7290112120830,false,נפוליטנים שוקולד חלב,"תופינית בע""מ",IL,נפוליטנים שוקולד חלב,גרמים,150.00,100 גרם,false,,11.90,7.9333,true,1,305374
7290112120847,false,נפוליטנים שוקולד מרי,"תופינית בע""מ",IL,נפוליטנים שוקולד מרי,גרמים,150.00,100 גרם,false,,11.90,7.9333,true,1,305375
7290112120861,false,לזניה גלי דורומי 400,Bessan Makarna,TR,לזניה גלי דורומי 400,גרמים,400.00,100 גרם,false,,6.90,1.7250,true,1,303427
7290112121066,false,חומצה אצטית סינטטי א,הלל תעשיות,IL,חומצה אצטית סינטטי א,קילוגרמים,1.00,ליטר,false,,3.90,3.9000,true,1,304932
7290112121073,false,חומץ 5% אינדירה 1 לי,הלל תעשיות,IL,חומץ 5% אינדירה 1 לי,קילוגרמים,1.00,ליטר,false,,4.20,4.2000,true,1,304933
7290112121080,false,מיץ בטעם לימון משומר,הלל תעשיות,IL,מיץ בטעם לימון משומר,קילוגרמים,1.00,ליטר,false,,4.20,4.2000,true,1,304931
7290112121097,false,רוטב לימון אינדירה 1,הלל תעשיות,IL,רוטב לימון אינדירה 1,קילוגרמים,1.00,ליטר,false,,5.20,5.2000,true,1,304934
7290112122629,false,ופל מצופה בטעם שוקול,מנעמים תעשיות מזון,IL,ופל מצופה בטעם שוקול,גרמים,800.00,100 גרם,false,,14.90,1.8625,true,1,309913
7290112122995,false,פבלובה במגש רוקה 15,רות פטיפורים,IL,פבלובה במגש רוקה 15,גרמים,225.00,100 גרם,false,,7.90,3.5111,true,1,311564
7290112123008,false,טארטים במגש רוקה 24,רות פטיפורים,IL,טארטים במגש רוקה 24,Unknown,0.00,יחידה,false,,14.90,0.0000,true,1,311565
7290112123060,false,ספגטי דורומי 900 גרם,Bessan Makarna,TR,ספגטי דורומי 900 גרם,גרמים,900.00,100 גרם,false,,4.90,0.5444,true,1,313612
7290112123077,false,פסטה פנה ריגטה דורומ,Bessan Makarna,TR,פסטה פנה ריגטה דורומ,גרמים,900.00,100 גרם,false,,4.90,0.5444,true,1,313383
7290112123084,false,פסטה פוסילי דורומי 9,Bessan Makarna,TR,פסטה פוסילי דורומי 9,גרמים,900.00,100 גרם,false,,4.90,0.5444,true,1,313510
7290112124036,false,פבלובה במגש רוקה צבע,רות פטיפורים,IL,פבלובה במגש רוקה צבע,גרמים,150.00,100 גרם,false,,7.90,5.2667,true,1,324446
7290112124319,false,טורטיה דורום 36*45 ג,מוטלוקאל גידה סאן טי,TR,טורטיה דורום 36*45 ג,פריט,1.62,"ק""ג",false,,19.90,12.2840,true,1,323674
7290112124951,false,דאו ספריי אקס אנרכי,יוניליוור,GB,דאו ספריי אקס אנרכי,מיליליטרים,150.00,"100 מ""ל",false,,9.90,6.6000,true,1,319700
7290112124999,false,דאו ספריי אקס שחור פ,יוניליוור,GB,דאו ספריי אקס שחור פ,מיליליטרים,150.00,"100 מ""ל",false,,6.90,4.6000,true,1,319702
7290112125019,false,סבון מוצק דאב לבן 4*,,,סבון מוצק דאב לבן 4*,גרמים,400.00,100 גרם,false,,9.90,2.4750,true,1,248677
7290112192806,false,משחת פרודונטקס אולטר,גלקסוס סמית קליין,SK,משחת פרודונטקס אולטר,מיליליטרים,150.00,"100 מ""ל",false,,39.90,26.6000,true,1,304521
7290112192813,false,משחת פרודונטקס אורגי,גלקסוס סמית קליין,SK,משחת פרודונטקס אורגי,מיליליטרים,150.00,"100 מ""ל",false,,39.90,26.6000,true,1,304522
7290112195746,false,שמן זית כתית מעולה א,אסייאס דל סור,ES,שמן זית כתית מעולה א,מיליליטרים,750.00,"100 מ""ל",false,,23.90,3.1867,true,1,321872
7290112195784,false,תות שדה קפוא פרוסטי,,EG,תות שדה קפוא פרוסטי,גרמים,300.00,100 גרם,false,,5.90,1.9667,true,1,324180
7290112196712,false,משחת סנסודיין פרש מי,גלקסוס סמית קליין,GB,משחת סנסודיין פרש מי,מיליליטרים,300.00,"100 מ""ל",false,,39.90,13.3000,true,1,317183
7290112197245,false,משחת סנסודיין מלבינה,גלקסוס סמית קליין,GB,משחת סנסודיין מלבינה,מיליליטרים,225.00,"100 מ""ל",false,,39.90,17.7333,true,1,321750
7290112198006,false,שמן זית כתית מעולה א,אולאריה קלמנטה,IT,שמן זית כתית מעולה א,מיליליטרים,750.00,"100 מ""ל",false,,13.90,1.8533,true,1,324485
7290112330352,false,דנונה פרו וניל 0% 20,שטראוס,IL,דנונה פרו וניל 0% 20,גרמים,200.00,100 גרם,false,,5.90,2.9500,true,1,306432
7290112330390,false,דנונה פרו פירות יער,שטראוס,IL,דנונה פרו פירות יער,גרמים,200.00,100 גרם,false,,5.90,2.9500,true,1,306433
7290112332585,false,פריכיות אנרג'י משולש,פרח תעשיות,IL,פריכיות אנרג'י משולש,גרמים,30.00,100 גרם,false,,4.90,16.3333,true,1,313367
7290112332691,false,עוגיות פינוקיות פסק,עלית,IL,עוגיות פינוקיות פסק,גרמים,200.00,100 גרם,false,,9.90,4.9500,true,1,307682
7290112334596,false,שוקולית 850 גרם+10%,שטראוס קפה בי.וי,IL,שוקולית 850 גרם+10%,גרמים,935.00,100 גרם,false,,14.90,1.5936,true,1,308645
7290112335487,false,פריכיות 3 דגנים וקצח,עלית,IL,פריכיות 3 דגנים וקצח,גרמים,135.00,100 גרם,false,,9.90,7.3333,true,1,307543
7290112335494,false,פריכיות 3 דגנים ותפו,עלית,IL,פריכיות 3 דגנים ותפו,גרמים,135.00,100 גרם,false,,9.90,7.3333,true,1,310295
7290112335500,false,פריכיות חומוס אורז ע,עלית,IL,פריכיות חומוס אורז ע,גרמים,135.00,100 גרם,false,,9.90,7.3333,true,1,307544
7290112336637,false,סוכריות מאסט תות אוכ,שטראוס,IL,סוכריות מאסט תות אוכ,גרמים,80.00,100 גרם,false,,6.90,8.6250,true,1,308895
7290112336644,false,סוכריות מאסט לימון 8,שטראוס,IL,סוכריות מאסט לימון 8,גרמים,80.00,100 גרם,false,,6.90,8.6250,true,1,308892
7290112336651,false,סוכריות מאסט ריבת חל,שטראוס,IL,סוכריות מאסט ריבת חל,גרמים,80.00,100 גרם,false,,6.90,8.6250,true,1,308896
7290112336712,false,דנונה פרו עשיר בחלבו,שטראוס,IL,דנונה פרו עשיר בחלבו,גרמים,200.00,100 גרם,false,,5.90,2.9500,true,1,305589
7290112337474,false,סוכריות מאסט פטל לימ,שטראוס,IL,סוכריות מאסט פטל לימ,גרמים,80.00,100 גרם,false,,6.90,8.6250,true,1,308893
7290112337481,false,סוכריות מאסט קפוצ'ינ,שטראוס,IL,סוכריות מאסט קפוצ'ינ,גרמים,80.00,100 גרם,false,,6.90,8.6250,true,1,308897
7290112338877,false,מעדן גבינה בטעם תות,שטראוס,IL,מעדן גבינה בטעם תות,גרמים,125.00,100 גרם,false,,3.70,2.9600,true,1,306256
7290112339171,false,מילקי מוס שוקולד 170,שטראוס,IL,מילקי מוס שוקולד 170,מיליליטרים,170.00,"100 מ""ל",false,,3.30,1.9412,true,1,305061
7290112339362,false,דנונה לייט אנד פרי ק,שטראוס,IL,דנונה לייט אנד פרי ק,גרמים,150.00,100 גרם,false,,4.50,3.0000,true,1,309449
7290112339867,false,גמדים לדרך תות סקווי,שטראוס,IL,גמדים לדרך תות סקווי,גרמים,100.00,100 גרם,false,,5.40,5.4000,true,1,309701
7290112339874,false,גמדים לדרך תות בננה,שטראוס,IL,גמדים לדרך תות בננה,גרמים,100.00,100 גרם,false,,5.40,5.4000,true,1,309702
7290112340122,false,פריכיות 3 דגנים אנרג,עלית,IL,פריכיות 3 דגנים אנרג,גרמים,135.00,100 גרם,false,,9.90,7.3333,true,1,307545
7290112340245,false,מסטיק מאסט צנצנת דוב,שטראוס,IL,מסטיק מאסט צנצנת דוב,גרמים,66.00,100 גרם,false,,8.90,13.4848,true,1,306240
7290112340252,false,מסטיק מאסט צנצנת אבט,שטראוס,IL,מסטיק מאסט צנצנת אבט,גרמים,66.00,100 גרם,false,,8.90,13.4848,true,1,306239
7290112340276,false,עוגיות פינוקיות קפה,עלית,IL,עוגיות פינוקיות קפה,גרמים,200.00,100 גרם,false,,9.90,4.9500,true,1,307683
7290112341556,false,יוגורט אקטיביה צ'יה,שטראוס,IL,יוגורט אקטיביה צ'יה,גרמים,150.00,100 גרם,false,,4.50,3.0000,true,1,311352
7290112341686,false,מארז יוגורט אקטיביה,שטראוס,IL,מארז יוגורט אקטיביה,קילוגרמים,1.20,ליטר,false,,19.90,16.5833,true,1,308750
7290112342102,false,גבינת שמנת בצל מקורמ,שטראוס גרופ,IL,גבינת שמנת בצל מקורמ,גרמים,200.00,100 גרם,false,,7.90,3.9500,true,1,310302
7290112342270,false,קפה פלטינום אינטנס 1,שטראוס קפה בי.וי,IL,קפה פלטינום אינטנס 1,גרמים,125.00,100 גרם,false,,12.90,10.3200,true,1,308647
7290112343260,false,רוטב שמנת קלאסי 9% י,שטראוס,IL,רוטב שמנת קלאסי 9% י,מיליליטרים,250.00,"100 מ""ל",false,,9.80,3.9200,true,1,311214
7290112344724,false,מעדן חלב בטעם שוקול,שטראוס,IL,מעדן חלב בטעם שוקול,מיליליטרים,170.00,"100 מ""ל",false,,3.30,1.9412,true,1,309609
7290112344755,false,מילקי שוקולד 26% פחו,שטראוס,IL,מילקי שוקולד 26% פחו,מיליליטרים,135.00,"100 מ""ל",false,,2.70,2.0000,true,1,314860
7290112344786,false,קפה פלטינום קלאסיק 2,שטראוס,IL,קפה פלטינום קלאסיק 2,גרמים,200.00,100 גרם,false,,24.90,12.4500,true,1,311425
7290112344953,false,גבינת שמנת חציל קלוי,שטראוס,IL,גבינת שמנת חציל קלוי,גרמים,200.00,100 גרם,false,,7.90,3.9500,true,1,315255
7290112346360,false,בפלות אחת אחת בציפוי,עלית,IL,בפלות אחת אחת בציפוי,גרמים,180.00,100 גרם,false,,11.90,6.6111,true,1,309837
7290112346537,false,עוגיות פינוקיות טורט,עלית,IL,עוגיות פינוקיות טורט,גרמים,200.00,100 גרם,false,,9.90,4.9500,true,1,309549
7290112346629,false,דנונה בר וקורנפלקס מ,שטראוס,IL,דנונה בר וקורנפלקס מ,גרמים,172.00,100 גרם,false,,4.30,2.5000,true,1,312239
7290112346773,false,דנונה לייט אנד פרי ו,שטראוס,IL,דנונה לייט אנד פרי ו,גרמים,150.00,100 גרם,false,,4.50,3.0000,true,1,315256
7290112346797,false,יוגורט אקטיביה עם שי,שטראוס,IL,יוגורט אקטיביה עם שי,גרמים,150.00,100 גרם,false,,4.50,3.0000,true,1,311493
7290112346827,false,אקטימל פטל ויטמין סי,שטראוס,IL,אקטימל פטל ויטמין סי,מיליליטרים,864.00,"100 מ""ל",false,,19.90,2.3032,true,1,314863
7290112347008,false,גמדים ארוחת בוקר תות,שטראוס,IL,גמדים ארוחת בוקר תות,גרמים,100.00,100 גרם,false,,5.40,5.4000,true,1,309604
7290112347473,false,מארז יוגורט לייט אנ,שטראוס,IL,מארז יוגורט לייט אנ,פריט,1.20,"ק""ג",false,,26.90,22.4167,true,1,309204
7290112349606,false,דניאלה תות בננה 88 ג,שטראוס,IL,דניאלה תות בננה 88 ג,גרמים,88.00,100 גרם,false,,3.90,4.4318,true,1,320735
7290112349705,false,רוטב עגבניות פומודור,אימילאנה,IT,רוטב עגבניות פומודור,גרמים,350.00,100 גרם,false,,10.80,3.0857,true,1,324011
7290112349736,false,רוטב עגבניות לפסטה ב,אימילאנה,IT,רוטב עגבניות לפסטה ב,גרמים,350.00,100 גרם,false,,10.80,3.0857,true,1,324012
7290112349743,false,רוטב עגבניות פיקנטי,אימילאנה,IT,רוטב עגבניות פיקנטי,גרמים,350.00,100 גרם,false,,10.80,3.0857,true,1,324014
7290112349750,false,רוטב עגבניות לפיצה י,אימילאנה,IT,רוטב עגבניות לפיצה י,גרמים,350.00,100 גרם,false,,10.80,3.0857,true,1,324013
7290112349903,false,רוטב שמנת עם גרגירי,שטראוס,IL,רוטב שמנת עם גרגירי,מיליליטרים,250.00,"100 מ""ל",false,,9.80,3.9200,true,1,322946
7290112350275,false,קפסולות עלית לונגו ל,שטראוס קפה בי.וי,IL,קפסולות עלית לונגו ל,גרמים,50.00,100 גרם,false,,15.50,31.0000,true,1,310731
7290112350312,false,קפסולות עלית מס 15 ע,שטראוס קפה בי.וי,IL,קפסולות עלית מס 15 ע,גרמים,50.00,100 גרם,false,,15.50,31.0000,true,1,313686
7290112351258,false,עוגיות פינוקיות שחור,הגביע מוצרי ופלים,IL,עוגיות פינוקיות שחור,גרמים,200.00,100 גרם,false,,9.90,4.9500,true,1,313362
7290112354969,false,תפוציפס WAVY טבעי 20,שטראוס,IL,תפוציפס WAVY טבעי 20,גרמים,200.00,100 גרם,false,,9.90,4.9500,true,1,324958
7290112355027,false,דנונה פרו 20 קרמל מל,שטראוס,IL,דנונה פרו 20 קרמל מל,גרמים,200.00,100 גרם,false,,5.90,2.9500,true,1,314859
7290112355102,false,גמדים לדרך סלט פירות,שטראוס,IL,גמדים לדרך סלט פירות,גרמים,100.00,100 גרם,false,,5.40,5.4000,true,1,315251
7290112355386,false,רוטב שמנת בטעם קרמל,שטראוס,IL,רוטב שמנת בטעם קרמל,מיליליטרים,250.00,"100 מ""ל",false,,9.80,3.9200,true,1,322947
7290112355393,false,רוטב שמנת עם בטטה 9%,שטראוס,IL,רוטב שמנת עם בטטה 9%,מיליליטרים,257.00,"100 מ""ל",false,,9.80,3.8132,true,1,324699
7290112357175,false,קפסולות עלית בוסט למ,שטראוס קפה בי.וי,IL,קפסולות עלית בוסט למ,גרמים,50.00,100 גרם,false,,15.50,31.0000,true,1,310732
7290112358127,false,דנונה פרו 20 וניל עו,שטראוס,IL,דנונה פרו 20 וניל עו,גרמים,200.00,100 גרם,false,,5.90,2.9500,true,1,314866
7290112358462,false,דבש יד מרדכי 700 גרם,שטראוס גרופ,IL,דבש יד מרדכי 700 גרם,גרמים,700.00,100 גרם,false,,29.90,4.2714,true,1,313305
7290112358554,false,מארז קפה נמס לדרך על,שטראוס גרופ,IL,מארז קפה נמס לדרך על,גרמים,50.40,100 גרם,false,,9.90,19.6429,true,1,322789
7290112359384,false,קפה נמס אלפחורס ריבת,שטראוס,IL,קפה נמס אלפחורס ריבת,גרמים,100.00,100 גרם,false,,14.90,14.9000,true,1,314254
7290112480002,false,קערה קטנה בלו שיין 5,פאלאס,CN,קערה קטנה בלו שיין 5,Unknown,0.00,יחידה,false,,19.90,0.0000,true,1,300726
7290112480019,false,קערה אובלית בינוני ב,פאלאס,CN,קערה אובלית בינוני ב,Unknown,0.00,יחידה,false,,19.90,0.0000,true,1,300725
7290112480026,false,מארז 2 יח' מגש יאובל,פאלאס,CN,מארז 2 יח' מגש יאובל,Unknown,0.00,יחידה,false,,19.90,0.0000,true,1,300780
7290112480033,false,מארז 3 יח מגשי אובלי,פאלאס,CN,מארז 3 יח מגשי אובלי,Unknown,0.00,יחידה,false,,19.90,0.0000,true,1,300729
7290112480040,false,מארז 5 יח מגשי אובלי,פאלאס,CN,מארז 5 יח מגשי אובלי,Unknown,0.00,יחידה,false,,19.90,0.0000,true,1,300730
7290112480057,false,מארז 3 יח מגש מחולק,פאלאס,CN,מארז 3 יח מגש מחולק,Unknown,0.00,יחידה,false,,19.90,0.0000,true,1,300731
7290112480118,false,כוס קריסטל בלו שיין,פאלאס,CN,כוס קריסטל בלו שיין,Unknown,0.00,יחידה,false,,19.90,0.0000,true,1,301400
7290112480361,false,שקיות אשפה שחור 85*7,פאלאס,CN,שקיות אשפה שחור 85*7,Unknown,0.00,יחידה,false,,19.90,0.0000,true,1,303027
7290112480378,false,שקיות אשפה 70*50 לפי,פאלאס,CN,שקיות אשפה 70*50 לפי,Unknown,0.00,יחידה,false,,19.90,0.0000,true,1,303028
7290112481023,false,כוסיות יין קריסטל 12,פאלאס,CN,כוסיות יין קריסטל 12,Unknown,0.00,יחידה,false,,17.90,0.0000,true,1,301399
7290112481030,false,כוס קריסטל בלו שיין,פאלאס,CN,כוס קריסטל בלו שיין,Unknown,0.00,יחידה,false,,19.90,0.0000,true,1,301402
7290112481078,false,"כפות ח""פ 188 יח",פאלאס,TR,"כפות ח""פ 188 יח",Unknown,0.00,יחידה,false,,12.90,0.0000,true,1,304140
7290112481085,false,"כפיות ח""פ 188 יח",פאלאס,TR,"כפיות ח""פ 188 יח",Unknown,0.00,יחידה,false,,12.90,0.0000,true,1,304141
7290112481092,false,"מזלגות ח""פ 188 יח",פאלאס,TR,"מזלגות ח""פ 188 יח",Unknown,0.00,יחידה,false,,12.90,0.0000,true,1,304142
7290112481108,false,"סכינים ח""פ 188 יח",פאלאס,TR,"סכינים ח""פ 188 יח",Unknown,0.00,יחידה,false,,12.90,0.0000,true,1,304143
7290112481115,false,כפות איכותיות בלו שי,פאלאס,TR,כפות איכותיות בלו שי,Unknown,0.00,יחידה,false,,26.90,0.0000,true,1,302617
7290112481122,false,כפיות איכותיות בלו ש,פאלאס,TR,כפיות איכותיות בלו ש,Unknown,0.00,יחידה,false,,26.90,0.0000,true,1,302616
7290112481139,false,מזלגות איכותיים בלו,פאלאס,TR,מזלגות איכותיים בלו,Unknown,0.00,יחידה,false,,26.90,0.0000,true,1,302618
7290112481146,false,סכינים איכותיים בלו,פאלאס,TR,סכינים איכותיים בלו,Unknown,0.00,יחידה,false,,26.90,0.0000,true,1,302615
7290112481153,false,שקיות אשפה כתום 75*9,פאלאס,CN,שקיות אשפה כתום 75*9,Unknown,0.00,יחידה,false,,19.90,0.0000,true,1,303029
7290112481313,false,צלחות סטון גדול בלו,פאלאס,CN,צלחות סטון גדול בלו,Unknown,0.00,יחידה,false,,42.90,0.0000,true,1,305217
7290112481320,false,גביע יין מוכסף סטון,פאלאס,CN,גביע יין מוכסף סטון,Unknown,0.00,יחידה,false,,24.90,0.0000,true,1,305220
7290112481337,false,מארז צלחות רנסנס גדו,פאלאס,CN,מארז צלחות רנסנס גדו,Unknown,0.00,יחידה,false,,69.90,0.0000,true,1,302947
7290112481344,false,צלחות רנסנס גדול +קט,פאלאס,CN,צלחות רנסנס גדול +קט,Unknown,0.00,יחידה,false,,69.90,0.0000,true,1,302952
7290112481832,false,מגש יהלום בלו שיין 4,פאלאס,CN,מגש יהלום בלו שיין 4,Unknown,0.00,יחידה,false,,19.90,0.0000,true,1,302089
7290112481900,false,כוסות מעוטרות לפיד 5,LARIPLAST,IL,כוסות מעוטרות לפיד 5,Unknown,0.00,יחידה,false,,17.90,0.0000,true,1,303743
7290112481917,false,קערה ענקית שקוף בלו,a.plast,IL,קערה ענקית שקוף בלו,Unknown,0.00,יחידה,false,,19.90,0.0000,true,1,302819
7290112481924,false,קערה גדולה שקוף בלו,a.plast,IL,קערה גדולה שקוף בלו,Unknown,0.00,יחידה,false,,19.90,0.0000,true,1,302818
7290112481931,false,קערה בינונית שקוף בל,a.plast,IL,קערה בינונית שקוף בל,Unknown,0.00,יחידה,false,,19.90,0.0000,true,1,302820
7290112481955,false,מגש עגול 14 בלו שיין,פאלאס,CN,מגש עגול 14 בלו שיין,Unknown,0.00,יחידה,false,,19.90,0.0000,true,1,304673
7290112481962,false,מגש עגול 16 בלו שיין,פאלאס,CN,מגש עגול 16 בלו שיין,Unknown,0.00,יחידה,false,,19.90,0.0000,true,1,304674
7290112481979,false,גביע איכותי בלו שיין,פאלאס,CN,גביע איכותי בלו שיין,Unknown,0.00,יחידה,false,,19.90,0.0000,true,1,304389
7290112481986,false,גביע איכותי בלו שיין,פאלאס,CN,גביע איכותי בלו שיין,Unknown,0.00,יחידה,false,,19.90,0.0000,true,1,304388
7290112481993,false,גביע איכותי בלו שיין,פאלאס,CN,גביע איכותי בלו שיין,Unknown,0.00,יחידה,false,,19.90,0.0000,true,1,304387
7290112482075,false,שקיות אשפה עם שרוך 5,פאלאס,IL,שקיות אשפה עם שרוך 5,Unknown,0.00,יחידה,false,,19.90,0.0000,true,1,303739
7290112482082,false,שקיות אשפה עם שרוך 7,פאלאס,IL,שקיות אשפה עם שרוך 7,Unknown,0.00,יחידה,false,,19.90,0.0000,true,1,303740
7290112482228,false,שקיות אשפה 75/90 קרם,פאלאס,IL,שקיות אשפה 75/90 קרם,Unknown,0.00,יחידה,false,,19.90,0.0000,true,1,305299
7290112482242,false,צלחות קטנות טופ סטאר,פאלאס,TR,צלחות קטנות טופ סטאר,Unknown,0.00,יחידה,false,,5.90,0.0000,true,1,306108
7290112482259,false,צלחות גדולות טופ סטא,פאלאס,TR,צלחות גדולות טופ סטא,Unknown,0.00,יחידה,false,,9.90,0.0000,true,1,306106
7290112482266,false,צלחות ענק טופ סטאר 2,פאלאס,TR,צלחות ענק טופ סטאר 2,Unknown,0.00,יחידה,false,,11.90,0.0000,true,1,306105
7290112482273,false,צלחות מרק טופ סטאר 2,פאלאס,TR,צלחות מרק טופ סטאר 2,Unknown,0.00,יחידה,false,,5.90,0.0000,true,1,306107
7290112482280,false,צלחות לפתן טופ סטאר,פאלאס,TR,צלחות לפתן טופ סטאר,Unknown,0.00,יחידה,false,,3.90,0.0000,true,1,306104
7290112482297,false,קעריות אובלי טופ סטא,פאלאס,TR,קעריות אובלי טופ סטא,Unknown,0.00,יחידה,false,,3.90,0.0000,true,1,306103
7290112482303,false,מגבונים קשת 7*72 יח,פאלאס,IL,מגבונים קשת 7*72 יח,Unknown,0.00,יחידה,false,,15.90,0.0000,true,1,306412
7290112482341,false,צלחות קטנות קיסר לבן,פאלאס,CN,צלחות קטנות קיסר לבן,Unknown,0.00,יחידה,false,,17.90,0.0000,true,1,320253
7290112482358,false,צלחות גדולות קיסר לב,פאלאס,CN,צלחות גדולות קיסר לב,Unknown,0.00,יחידה,false,,21.90,0.0000,true,1,320254
7290112482389,false,לפתניות קיסר לבן כסף,פאלאס,CN,לפתניות קיסר לבן כסף,Unknown,0.00,יחידה,false,,11.90,0.0000,true,1,320247
7290112482402,false,צלחות גדולות קיסר שח,פאלאס,CN,צלחות גדולות קיסר שח,Unknown,0.00,יחידה,false,,21.90,0.0000,true,1,320257
7290112482419,false,צלחות ענקיות קיסר שח,פאלאס,CN,צלחות ענקיות קיסר שח,Unknown,0.00,יחידה,false,,27.90,0.0000,true,1,320258
7290112482433,false,לפתניות קיסר שחור כס,פאלאס,CN,לפתניות קיסר שחור כס,Unknown,0.00,יחידה,false,,11.90,0.0000,true,1,320248
7290112482440,false,צלחות קטנות לוקה לבן,פאלאס,CN,צלחות קטנות לוקה לבן,Unknown,0.00,יחידה,false,,15.90,0.0000,true,1,320263
7290112482464,false,צלחות ענק לוקה לבן כ,פאלאס,CN,צלחות ענק לוקה לבן כ,Unknown,0.00,יחידה,false,,24.90,0.0000,true,1,320269
7290112482488,false,לפתניות לוקה לבן כסף,פאלאס,CN,לפתניות לוקה לבן כסף,Unknown,0.00,יחידה,false,,12.90,0.0000,true,1,320259
7290112482525,false,צלחות ענק לוקה לבן ז,פאלאס,CN,צלחות ענק לוקה לבן ז,Unknown,0.00,יחידה,false,,24.90,0.0000,true,1,320270
7290112482631,false,מגש תחרה בלו שיין 4,פאלאס,CN,מגש תחרה בלו שיין 4,Unknown,0.00,יחידה,false,,19.90,0.0000,true,1,308714
7290112482860,false,מפת אלבד מוטבע גליל,פאלאס,CN,מפת אלבד מוטבע גליל,Unknown,0.00,יחידה,false,,39.90,0.0000,true,1,324858
7290112482907,false,צלחות גדולות פרח זהב,פאלאס,TR,צלחות גדולות פרח זהב,Unknown,0.00,יחידה,false,,17.90,0.0000,true,1,308863
7290112482914,false,צלחות מרק פרח זהב לפ,פאלאס,TR,צלחות מרק פרח זהב לפ,Unknown,0.00,יחידה,false,,14.90,0.0000,true,1,308871
7290112483027,false,צלחות גדולות פרח שחו,פאלאס,TR,צלחות גדולות פרח שחו,Unknown,0.00,יחידה,false,,17.90,0.0000,true,1,308867
7290112483034,false,צלחות מרק פרח שחור ל,פאלאס,TR,צלחות מרק פרח שחור ל,Unknown,0.00,יחידה,false,,14.90,0.0000,true,1,308879
7290112483058,false,צלחות קטנות פרח קרם,פאלאס,TR,צלחות קטנות פרח קרם,Unknown,0.00,יחידה,false,,14.90,0.0000,true,1,308868
7290112483065,false,צלחות גדולות פרח קרם,פאלאס,TR,צלחות גדולות פרח קרם,Unknown,0.00,יחידה,false,,17.90,0.0000,true,1,308869
7290112483072,false,צלחות מרק פרח קרם לפ,פאלאס,TR,צלחות מרק פרח קרם לפ,Unknown,0.00,יחידה,false,,14.90,0.0000,true,1,308870
7290112483195,false,מיכל 3 ליטר 7 יח,NINGBO,CN,מיכל 3 ליטר 7 יח,Unknown,0.00,יחידה,false,,19.90,0.0000,true,1,308045
7290112483362,false,"תבניות ח""פ עגול קשת",פאלאס,CN,"תבניות ח""פ עגול קשת",Unknown,0.00,יחידה,false,,19.90,0.0000,true,1,309550
7290112483379,false,"תבניות ח""פ מלבן קשת",פאלאס,CN,"תבניות ח""פ מלבן קשת",Unknown,0.00,יחידה,false,,19.90,0.0000,true,1,309551
7290112483386,false,"תבניות ח""פ עמוקות קש",פאלאס,CN,"תבניות ח""פ עמוקות קש",Unknown,0.00,יחידה,false,,19.90,0.0000,true,1,309552
7290112483393,false,"תבניות ח""פ בינוניות",פאלאס,CN,"תבניות ח""פ בינוניות",Unknown,0.00,יחידה,false,,19.90,0.0000,true,1,309553
7290112483409,false,"תבניות ח""פ גדולות קש",פאלאס,CN,"תבניות ח""פ גדולות קש",Unknown,0.00,יחידה,false,,19.90,0.0000,true,1,309554
7290112483416,false,"תבניות ח""פ ענק קשת 1",פאלאס,CN,"תבניות ח""פ ענק קשת 1",Unknown,0.00,יחידה,false,,19.90,0.0000,true,1,309555
7290112483423,false,"תבניות ח""פ אינגליש א",פאלאס,CN,"תבניות ח""פ אינגליש א",Unknown,0.00,יחידה,false,,19.90,0.0000,true,1,309556
7290112483430,false,כפות שקופות לפיד 50,פאלאס,TR,כפות שקופות לפיד 50,Unknown,0.00,יחידה,false,,7.50,0.0000,true,1,312913
7290112483447,false,כפיות שקופות לפיד 50,פאלאס,TR,כפיות שקופות לפיד 50,Unknown,0.00,יחידה,false,,7.50,0.0000,true,1,312914
7290112483454,false,מזלגות שקופות לפיד 5,פאלאס,TR,מזלגות שקופות לפיד 5,Unknown,0.00,יחידה,false,,7.50,0.0000,true,1,312915
7290112483560,false,מפיות מודפסות תלת שכ,פאלאס,CN,מפיות מודפסות תלת שכ,Unknown,0.00,יחידה,false,,9.90,0.0000,true,1,310449
7290112483584,false,מפיות תלת שכבתיות מו,hanketissue,,מפיות תלת שכבתיות מו,Unknown,0.00,יחידה,false,,4.90,0.0000,true,1,323350
7290112483614,false,צלחות ענק רנסנס לבן,פאלאס,TR,צלחות ענק רנסנס לבן,Unknown,0.00,יחידה,false,,69.90,0.0000,true,1,310837
7290112483638,false,לפתניות רנסנס לבן מו,פאלאס,TR,לפתניות רנסנס לבן מו,Unknown,0.00,יחידה,false,,32.90,0.0000,true,1,310839
7290112483720,false,צלחות גדולות קיסר 30,פאלאס,CN,צלחות גדולות קיסר 30,Unknown,0.00,יחידה,false,,44.90,0.0000,true,1,310796
7290112484161,false,צלחות קטנות רוז פנינ,פאלאס,CN,צלחות קטנות רוז פנינ,Unknown,0.00,יחידה,false,,34.90,0.0000,true,1,316621
7290112484178,false,צלחות גדולות רוז פני,פאלאס,CN,צלחות גדולות רוז פני,Unknown,0.00,יחידה,false,,39.90,0.0000,true,1,316614
7290112484185,false,צלחות ענק רוז פנינה,פאלאס,CN,צלחות ענק רוז פנינה,Unknown,0.00,יחידה,false,,44.90,0.0000,true,1,316615
7290112484352,false,צלחות ענק נעימות 50,פאלאס,TR,צלחות ענק נעימות 50,Unknown,0.00,יחידה,false,,39.90,0.0000,true,1,312705
7290112484369,false,צלחות לפתן נעימות 10,פאלאס,TR,צלחות לפתן נעימות 10,Unknown,0.00,יחידה,false,,19.90,0.0000,true,1,312707
7290112484406,false,"כוסות ח""פ קשת 200 מ""",פאלאס,GR,"כוסות ח""פ קשת 200 מ""",Unknown,0.00,יחידה,false,,34.90,0.0000,true,1,312332
7290112484420,false,כוסות נייר 168 יח 26,פאלאס,CN,כוסות נייר 168 יח 26,Unknown,0.00,יחידה,false,,29.90,0.0000,true,1,314874
7290112484444,false,כוסות נייר 116 יח 35,פאלאס,CN,כוסות נייר 116 יח 35,Unknown,0.00,יחידה,false,,29.90,0.0000,true,1,314442
7290112484505,false,קעריות אובלי קיסר לב,פאלאס,CN,קעריות אובלי קיסר לב,Unknown,0.00,יחידה,false,,14.90,0.0000,true,1,320249
7290112484789,false,לפתניות רוז שחור בלו,פאלאס,CN,לפתניות רוז שחור בלו,Unknown,0.00,יחידה,false,,24.90,0.0000,true,1,316613
7290112484796,false,קעריות אובליות רוז ש,פאלאס,CN,קעריות אובליות רוז ש,Unknown,0.00,יחידה,false,,24.90,0.0000,true,1,316611
7290112484819,false,צלחות קטנות נעימות ש,פאלאס,TR,צלחות קטנות נעימות ש,Unknown,0.00,יחידה,false,,24.90,0.0000,true,1,314790
7290112484826,false,צלחות גדולות נעימות,ב פ תעשיות,IL,צלחות גדולות נעימות,Unknown,0.00,יחידה,false,,39.90,0.0000,true,1,313544
7290112484833,false,צלחות ענק נעימות שקו,פאלאס,CN,צלחות ענק נעימות שקו,Unknown,0.00,יחידה,false,,59.90,0.0000,true,1,314799
7290112484840,false,צלחות מרק נעימות שקו,ב פ תעשיות,IL,צלחות מרק נעימות שקו,Unknown,0.00,יחידה,false,,29.90,0.0000,true,1,314791
7290112484857,false,צלחות לפתן נעימות שק,פאלאס,TR,צלחות לפתן נעימות שק,Unknown,0.00,יחידה,false,,19.90,0.0000,true,1,314792
7290112484901,false,תבניות מאפינס קשת 72,פאלאס,CN,תבניות מאפינס קשת 72,Unknown,0.00,יחידה,false,,9.90,0.0000,true,1,319233
7290112484925,false,מפת ניילון סופר עבה,פאלאס,IL,מפת ניילון סופר עבה,Unknown,0.00,יחידה,false,,39.90,0.0000,true,1,315773
7290112484970,false,כפות איכותיים רנסנס,פאלאס,TR,כפות איכותיים רנסנס,Unknown,0.00,יחידה,false,,19.90,0.0000,true,1,316433
7290112484987,false,כפיות איכותיים רנסנס,פאלאס,TR,כפיות איכותיים רנסנס,Unknown,0.00,יחידה,false,,19.90,0.0000,true,1,316435
7290112484994,false,מזלגות איכותיים רנסנ,פאלאס,TR,מזלגות איכותיים רנסנ,Unknown,0.00,יחידה,false,,19.90,0.0000,true,1,316434
7290112485007,false,סכינים איכותיים רנסנ,פאלאס,TR,סכינים איכותיים רנסנ,Unknown,0.00,יחידה,false,,19.90,0.0000,true,1,316436
7290112485267,false,סט סכום מהודר זהב נצ,פאלאס,CN,סט סכום מהודר זהב נצ,Unknown,0.00,יחידה,false,,29.90,0.0000,true,1,322190
7290112485342,false,צלחות קטנות אמריקאיו,ב פ תעשיות,IL,צלחות קטנות אמריקאיו,Unknown,0.00,יחידה,false,,26.90,0.0000,true,1,319313
7290112485359,false,צלחות גדולות אמריקאי,ב פ תעשיות,IL,צלחות גדולות אמריקאי,Unknown,0.00,יחידה,false,,34.90,0.0000,true,1,319314
7290112485366,false,צלחות ענק אמריקאי לב,פאלאס,TR,צלחות ענק אמריקאי לב,Unknown,0.00,יחידה,false,,49.90,0.0000,true,1,319312
7290112485373,false,מרקיות אמריקאיות בלו,ב פ תעשיות,IL,מרקיות אמריקאיות בלו,Unknown,0.00,יחידה,false,,26.90,0.0000,true,1,319315
7290112485380,false,לפתניות אמריקאיות בל,ב פ תעשיות,IL,לפתניות אמריקאיות בל,Unknown,0.00,יחידה,false,,14.90,0.0000,true,1,319316
7290112485496,false,"תבניות ח""פ עגול נמוך",,,"תבניות ח""פ עגול נמוך",Unknown,0.00,יחידה,false,,11.90,0.0000,true,1,320630
7290112485502,false,סט סכום מהודר כסוף ב,פאלאס,CN,סט סכום מהודר כסוף ב,Unknown,0.00,יחידה,false,,49.90,0.0000,true,1,322191
7290112485519,false,מגש מלבן קיסר לפיד 4,פאלאס,CN,מגש מלבן קיסר לפיד 4,Unknown,0.00,יחידה,false,,11.90,0.0000,true,1,321993
7290112485625,false,כוסות נייר 50 יח 210,פאלאס,TR,כוסות נייר 50 יח 210,Unknown,0.00,יחידה,false,,7.90,0.0000,true,1,319320
7290112485892,false,מפיות חד שכבתי קשת 1,פאלאס,TR,מפיות חד שכבתי קשת 1,Unknown,0.00,יחידה,false,,5.90,0.0000,true,1,323768
7290112486011,false,צלחות לפתן פאלאס 150,פאלאס,IL,צלחות לפתן פאלאס 150,Unknown,0.00,יחידה,false,,19.90,0.0000,true,1,322403
7290112486028,false,צלחות קטנות פאלאס 12,פאלאס,IL,צלחות קטנות פאלאס 12,Unknown,0.00,יחידה,false,,19.90,0.0000,true,1,323633
7290112486035,false,צלחות גדולות פאלאס 8,פאלאס,IL,צלחות גדולות פאלאס 8,Unknown,0.00,יחידה,false,,19.90,0.0000,true,1,322692
7290112486042,false,צלחות מרק 70 יח' פאל,פאלאס,IL,צלחות מרק 70 יח' פאל,Unknown,0.00,יחידה,false,,19.90,0.0000,true,1,322625
7290112486059,false,צלחות ענק פאלאס 70 י,פאלאס,IL,צלחות ענק פאלאס 70 י,Unknown,0.00,יחידה,false,,19.90,0.0000,true,1,322626
7290112486066,false,קערות אובלית פאלאס 8,פאלאס,IL,קערות אובלית פאלאס 8,Unknown,0.00,יחידה,false,,19.90,0.0000,true,1,324691
7290112494238,false,קליק שוקולד חלב 65 ג,יוניליוור,IL,קליק שוקולד חלב 65 ג,גרמים,65.00,100 גרם,false,,4.90,7.5385,true,1,308769
7290112494276,false,קליק כריות 65 גרם,יוניליוור,IL,קליק כריות 65 גרם,גרמים,65.00,100 גרם,false,,4.90,7.5385,true,1,308977
7290112494283,false,קליק חום לבן מעורב 6,יוניליוור,IL,קליק חום לבן מעורב 6,גרמים,65.00,100 גרם,false,,4.90,7.5385,true,1,308770
7290112494313,false,קליק קורנפלקס 65 גרם,יוניליוור,IL,קליק קורנפלקס 65 גרם,גרמים,65.00,100 גרם,false,,4.90,7.5385,true,1,308771
7290112494351,false,קורנפלקס של אלופים 8,יוניליוור,IL,קורנפלקס של אלופים 8,גרמים,850.00,100 גרם,false,,15.90,1.8706,true,1,310533
7290112495006,false,"כריות נוגט בד""צ 686",יוניליוור,IL,"כריות נוגט בד""צ 686",גרמים,686.00,100 גרם,false,,21.90,3.1924,true,1,308780
7290112497499,false,שוקולד קליק לבן עוגי,יוניליוור,IL,שוקולד קליק לבן עוגי,גרמים,85.00,100 גרם,false,,4.90,5.7647,true,1,317809
7290112499196,false,גלידה קרמיסימו בטעם,גלידות שטראוס,IL,גלידה קרמיסימו בטעם,קילוגרמים,1.33,ליטר,false,,17.50,13.1579,true,1,323243
7290112499622,false,גלידה שטראוס שוקו עו,גלידות שטראוס,IL,גלידה שטראוס שוקו עו,קילוגרמים,2.00,ליטר,false,,17.90,8.9500,true,1,311154
7290112499776,false,שלגוני גודיס שלושת ש,גלידות שטראוס,IL,שלגוני גודיס שלושת ש,גרמים,235.00,100 גרם,false,,19.50,8.2979,true,1,311844
7290112870230,false,קרנבל זיתים ב.דרום 8,בני דרום,IL,קרנבל זיתים ב.דרום 8,גרמים,820.00,100 גרם,false,,11.90,1.4512,true,1,304072
7290112870247,false,ממרח פסטו בזיליקום ב,בני דרום,IL,ממרח פסטו בזיליקום ב,גרמים,190.00,100 גרם,false,,9.90,5.2105,true,1,303288
7290112870254,false,ממרח עגבניות מיובשות,בני דרום,IL,ממרח עגבניות מיובשות,גרמים,190.00,100 גרם,false,,9.90,5.2105,true,1,303289
7290112870261,false,ממרח ארטישוק בני דרו,בני דרום,IL,ממרח ארטישוק בני דרו,גרמים,190.00,100 גרם,false,,9.90,5.2105,true,1,303290
7290112870278,false,ממרח טפנד זיתים מרינ,בני דרום,IL,ממרח טפנד זיתים מרינ,גרמים,190.00,100 גרם,false,,9.90,5.2105,true,1,303285
7290112870285,false,ממרח טפנד זיתים בני,בני דרום,IL,ממרח טפנד זיתים בני,גרמים,190.00,100 גרם,false,,9.90,5.2105,true,1,303291
7290112870292,false,ממרח צימיצורי בני דר,בני דרום,IL,ממרח צימיצורי בני דר,גרמים,190.00,100 גרם,false,,9.90,5.2105,true,1,303287
7290112870308,false,ממרח פלפל אדום בני ד,בני דרום,IL,ממרח פלפל אדום בני ד,גרמים,190.00,100 גרם,false,,9.90,5.2105,true,1,303286
7290112870315,false,זית טבעות ירוק בני ד,בני דרום,IL,זית טבעות ירוק בני ד,פריט,3.00,"ק""ג",false,,29.90,9.9667,true,1,306037
7290112870414,false,ממרח סחוג אדום בני ד,בני דרום,IL,ממרח סחוג אדום בני ד,גרמים,190.00,100 גרם,false,,9.90,5.2105,true,1,306237
7290112961266,false,בייגלה כפיות איטלקי,אסם,IL,בייגלה כפיות איטלקי,גרמים,300.00,100 גרם,false,,7.90,2.6333,true,1,306300
7290112961372,false,חטיפי פריכיות קינמון,אסם,IL,חטיפי פריכיות קינמון,גרמים,60.00,100 גרם,false,,7.90,13.1667,true,1,304762
7290112961464,false,חטיפי פריכיות מתובלו,אסם,IL,חטיפי פריכיות מתובלו,גרמים,60.00,100 גרם,false,,7.90,13.1667,true,1,304763
7290112963321,false,בייגלה שטוח גרפיטי ל,אסם,IL,בייגלה שטוח גרפיטי ל,גרמים,300.00,100 גרם,false,,11.90,3.9667,true,1,311866
7290112963918,false,קרקר דק רוזמרין פיטנ,אסם,IL,קרקר דק רוזמרין פיטנ,גרמים,140.00,100 גרם,false,,10.90,7.7857,true,1,307707
7290112964472,false,רוטב שום אסם 290 גרם,אסם,IL,רוטב שום אסם 290 גרם,גרמים,290.00,100 גרם,false,,8.90,3.0690,true,1,307607
7290112964625,false,רוטב שום לייט אסם 31,אסם,IL,רוטב שום לייט אסם 31,גרמים,310.00,100 גרם,false,,8.90,2.8710,true,1,307609
7290112964724,false,המבורגר צמחוני טבעול,טבעול ישראל,IL,המבורגר צמחוני טבעול,גרמים,580.00,100 גרם,false,,29.90,5.1552,true,1,307672
7290112965165,false,מרק נמס פטריות אסם 2,אסם,IL,מרק נמס פטריות אסם 2,גרמים,48.00,100 גרם,false,,5.50,11.4583,true,1,309538
7290112965240,false,מרק נמס עגבניות אסם,אסם,IL,מרק נמס עגבניות אסם,גרמים,60.00,100 גרם,false,,2.90,4.8333,true,1,309539
7290112965301,false,מרק נמס עוף אסם 2*26,אסם,IL,מרק נמס עוף אסם 2*26,גרמים,52.00,100 גרם,false,,5.50,10.5769,true,1,309540
7290112965745,false,ביסלי פריסטייל בצל מ,אסם,IL,ביסלי פריסטייל בצל מ,גרמים,60.00,100 גרם,false,,3.90,6.5000,true,1,318165
7290112965967,false,נאגטס ירקות כתומים ט,טבעול ישראל,IL,נאגטס ירקות כתומים ט,גרמים,500.00,100 גרם,false,,29.90,5.9800,true,1,314728
7290112966094,false,עוגת תפוז מופחתת סוכ,אסם,IL,עוגת תפוז מופחתת סוכ,גרמים,400.00,100 גרם,false,,10.90,2.7250,true,1,309675
7290112966247,false,לחמית כוסמין 200 גרם,אסם,IL,לחמית כוסמין 200 גרם,גרמים,200.00,100 גרם,false,,8.90,4.4500,true,1,314040
7290112966803,false,פודינג אינסטנט שוקול,אסם,IL,פודינג אינסטנט שוקול,גרמים,88.00,100 גרם,false,,4.90,5.5682,true,1,311550
7290112966841,false,פודינג אינסטנט שוקול,אסם,IL,פודינג אינסטנט שוקול,גרמים,90.00,100 גרם,false,,4.90,5.4444,true,1,311551
7290112967114,false,חטיפי פריכיות קטניות,אסם,IL,חטיפי פריכיות קטניות,גרמים,60.00,100 גרם,false,,7.90,13.1667,true,1,311861
7290112967152,false,מארז במבה מתוקה 15*,אסם,IL,מארז במבה מתוקה 15*,גרמים,225.00,100 גרם,false,,17.90,7.9556,true,1,309667
7290112967381,false,חטיפי פריכיות קטניות,אסם,IL,חטיפי פריכיות קטניות,גרמים,60.00,100 גרם,false,,7.90,13.1667,true,1,311862
7290112967572,false,רוטב ברביקיו אסם 290,אסם,IL,רוטב ברביקיו אסם 290,גרמים,290.00,100 גרם,false,,8.90,3.0690,true,1,309543
7290112968340,false,חומוס גרוס גס גס צבר,צבר,IL,חומוס גרוס גס גס צבר,גרמים,400.00,100 גרם,false,,13.90,3.4750,true,1,310090
7290112968708,false,שניצל תירס טבעול 1.3,טבעול ישראל,IL,שניצל תירס טבעול 1.3,פריט,1.30,"ק""ג",false,,39.90,30.6923,true,1,311189
7290112968722,false,נקניקיות מן הצומח טב,טבעול ישראל,IL,נקניקיות מן הצומח טב,פריט,1.20,"ק""ג",false,,39.90,33.2500,true,1,311190
7290112968807,false,קרקר דק סלק פיטנס 14,אסם,IL,קרקר דק סלק פיטנס 14,גרמים,140.00,100 גרם,false,,10.90,7.7857,true,1,314943
7290112968821,false,קרקר דק בטטה פיטנס 1,אסם,IL,קרקר דק בטטה פיטנס 1,גרמים,140.00,100 גרם,false,,10.90,7.7857,true,1,314944
7290113190375,false,סילאן טבעי שקדיה 900,שקדיה,TR,סילאן טבעי שקדיה 900,גרמים,900.00,100 גרם,false,,17.90,1.9889,true,1,305520
7290113190863,false,סילאן טבעי לחיץ שקדי,שקדיה,IL,סילאן טבעי לחיץ שקדי,גרמים,385.00,100 גרם,false,,11.90,3.0909,true,1,313301
7290113191006,false,פפריקה מתוקה יוחאי ב,תבליני בר,IL,פפריקה מתוקה יוחאי ב,גרמים,250.00,100 גרם,false,,19.90,7.9600,true,1,306533
7290113191013,false,פפריקה חריפה יוחאי ב,תבליני בר,IL,פפריקה חריפה יוחאי ב,גרמים,250.00,100 גרם,false,,19.90,7.9600,true,1,306534
7290113191020,false,פלפל שחור טחון יוחאי,תבליני בר,IL,פלפל שחור טחון יוחאי,גרמים,250.00,100 גרם,false,,19.90,7.9600,true,1,306535
7290113191037,false,פלפל שחור גרוס יוחאי,תבליני בר,IL,פלפל שחור גרוס יוחאי,גרמים,250.00,100 גרם,false,,19.90,7.9600,true,1,306536
7290113191044,false,כמון יוחאי ביטון 250,תבליני בר,IL,כמון יוחאי ביטון 250,גרמים,250.00,100 גרם,false,,19.90,7.9600,true,1,306537
7290113191051,false,כורכום יוחאי ביטון 2,תבליני בר,IL,כורכום יוחאי ביטון 2,גרמים,250.00,100 גרם,false,,19.90,7.9600,true,1,306538
7290113191068,false,גריל עוף יוחאי ביטון,תבליני בר,IL,גריל עוף יוחאי ביטון,גרמים,250.00,100 גרם,false,,19.90,7.9600,true,1,306539
7290113191099,false,סירופ מייפל טהור 250,שקדיה,IL,סירופ מייפל טהור 250,מיליליטרים,250.00,"100 מ""ל",false,,19.90,7.9600,true,1,321084
7290113191921,false,"סירופ מלבי 750 מ""ל",פוליבה,IL,"סירופ מלבי 750 מ""ל",מיליליטרים,750.00,"100 מ""ל",false,,16.90,2.2533,true,1,309886
7290113191938,false,תרכיז שקדים רוזטה 75,פוליבה,IL,תרכיז שקדים רוזטה 75,מיליליטרים,750.00,"100 מ""ל",false,,16.90,2.2533,true,1,308225
7290113192201,false,אבקה להכנת סחלב שקדי,עין חרוד,IL,אבקה להכנת סחלב שקדי,גרמים,500.00,100 גרם,false,,13.90,2.7800,true,1,309859
7290113192218,false,אבקה להכנת מלבי שקדי,עין חרוד,IL,אבקה להכנת מלבי שקדי,גרמים,500.00,100 גרם,false,,13.90,2.7800,true,1,309860
7290113192300,false,זית חרוזית מושחר בית,בית השיטה,IL,זית חרוזית מושחר בית,גרמים,560.00,100 גרם,false,,8.90,1.5893,true,1,309573
7290113192331,false,זית מנזלינו בית השיט,בית השיטה,IL,זית מנזלינו בית השיט,גרמים,560.00,100 גרם,false,,9.50,1.6964,true,1,309576
7290113192348,false,זית שום בית השיטה 56,בית השיטה,IL,זית שום בית השיטה 56,גרמים,560.00,100 גרם,false,,9.50,1.6964,true,1,309577
7290113192355,false,זית חרוזית בית השיטה,בית השיטה,IL,זית חרוזית בית השיטה,גרמים,560.00,100 גרם,false,,9.50,1.6964,true,1,309578
7290113192362,false,זית טבעות בית השיטה,בית השיטה,IL,זית טבעות בית השיטה,גרמים,560.00,100 גרם,false,,9.90,1.7679,true,1,309579
7290113192379,false,זית מבוקע בית השיטה,בית השיטה,IL,זית מבוקע בית השיטה,גרמים,560.00,100 גרם,false,,8.90,1.5893,true,1,309580
7290113192393,false,זית קוקטייל בית השיט,בית השיטה,IL,זית קוקטייל בית השיט,גרמים,560.00,100 גרם,false,,10.90,1.9464,true,1,309581
7290113192478,false,מלפפון במלח 10-12 בי,בית השיטה,IL,מלפפון במלח 10-12 בי,גרמים,560.00,100 גרם,false,,7.50,1.3393,true,1,309582
7290113192485,false,מלפפון בחומץ 10-12 ב,בית השיטה,IL,מלפפון בחומץ 10-12 ב,גרמים,560.00,100 גרם,false,,7.50,1.3393,true,1,309583
7290113192492,false,מלפפון בחומץ 13-17 ב,בית השיטה,IL,מלפפון בחומץ 13-17 ב,גרמים,560.00,100 גרם,false,,10.50,1.8750,true,1,309584
7290113192508,false,מלפפון במלח 13-17 בי,בית השיטה,IL,מלפפון במלח 13-17 בי,גרמים,560.00,100 גרם,false,,10.50,1.8750,true,1,309585
7290113192515,false,מלפפון במלח 18-25 בי,בית השיטה,IL,מלפפון במלח 18-25 בי,גרמים,560.00,100 גרם,false,,11.50,2.0536,true,1,309586
7290113192522,false,מלפפון בחומץ 18-25 ב,בית השיטה,IL,מלפפון בחומץ 18-25 ב,גרמים,560.00,100 גרם,false,,11.50,2.0536,true,1,309587
7290113192539,false,מלפפון במלח 7-9 בית,בית השיטה,IL,מלפפון במלח 7-9 בית,גרמים,560.00,100 גרם,false,,6.30,1.1250,true,1,309588
7290113192546,false,מלפפון בחומץ 7-9 בית,בית השיטה,IL,מלפפון בחומץ 7-9 בית,גרמים,560.00,100 גרם,false,,6.30,1.1250,true,1,309589
7290113192560,false,פלפל שיפקה בית השיטה,בית השיטה,IL,פלפל שיפקה בית השיטה,גרמים,560.00,100 גרם,false,,6.50,1.1607,true,1,309590
7290113193000,false,פלפל שיפקונית בית הש,בית השיטה,IL,פלפל שיפקונית בית הש,גרמים,560.00,100 גרם,false,,9.90,1.7679,true,1,311985
7290113193017,false,זית חרוזית קוקטייל ב,בית השיטה,IL,זית חרוזית קוקטייל ב,גרמים,560.00,100 גרם,false,,11.50,2.0536,true,1,311990
7290113193321,false,שמן זית כתית מעולה ב,בית השיטה,IL,שמן זית כתית מעולה ב,מיליליטרים,750.00,"100 מ""ל",false,,27.90,3.7200,true,1,314395
7290113193444,false,מלפפון במלח גדול עמק,בית השיטה,IL,מלפפון במלח גדול עמק,גרמים,820.00,100 גרם,false,,4.90,0.5976,true,1,312515
7290113193451,false,מלפפון במלח בינוני ע,בית השיטה,IL,מלפפון במלח בינוני ע,גרמים,820.00,100 גרם,false,,7.90,0.9634,true,1,312519
7290113193468,false,מלפפון במלח קטן עמק,בית השיטה,IL,מלפפון במלח קטן עמק,גרמים,820.00,100 גרם,false,,9.50,1.1585,true,1,312516
7290113193475,false,מלפפון במלח קטן מאוד,בית השיטה,IL,מלפפון במלח קטן מאוד,גרמים,820.00,100 גרם,false,,11.90,1.4512,true,1,312521
7290113193482,false,מלפפון בחומץ גדול עמ,בית השיטה,IL,מלפפון בחומץ גדול עמ,גרמים,820.00,100 גרם,false,,4.90,0.5976,true,1,312517
7290113193499,false,מלפפון בחומץ בינוני,בית השיטה,IL,מלפפון בחומץ בינוני,גרמים,820.00,100 גרם,false,,7.90,0.9634,true,1,312520
7290113193505,false,מלפפון בחומץ קטן עמק,בית השיטה,IL,מלפפון בחומץ קטן עמק,גרמים,820.00,100 גרם,false,,9.50,1.1585,true,1,312518
7290113193512,false,מלפפון בחומץ קטן מאו,בית השיטה,IL,מלפפון בחומץ קטן מאו,גרמים,820.00,100 גרם,false,,11.90,1.4512,true,1,312522
7290113193529,false,מיקס זיתים עמק חרוד,בית השיטה,IL,מיקס זיתים עמק חרוד,גרמים,820.00,100 גרם,false,,11.90,1.4512,true,1,312512
7290113193536,false,זית חרוזית עמק חרוד,בית השיטה,IL,זית חרוזית עמק חרוד,גרמים,820.00,100 גרם,false,,9.90,1.2073,true,1,312513
7290113193543,false,זית טבעות עמק חרוד 8,בית השיטה,IL,זית טבעות עמק חרוד 8,גרמים,820.00,100 גרם,false,,9.90,1.2073,true,1,312514
7290113194601,false,מובחרים מן הטבע 500,דין שיווק,IL,מובחרים מן הטבע 500,גרמים,500.00,100 גרם,false,,9.90,1.9800,true,1,312529
7290113194618,false,קוואקר מובחרים מן הט,דין שיווק,IL,קוואקר מובחרים מן הט,גרמים,700.00,100 גרם,false,,4.90,0.7000,true,1,312531
7290113194625,false,מובחרים מן הטבע 300,דין שיווק,IL,מובחרים מן הטבע 300,גרמים,300.00,100 גרם,false,,9.90,3.3000,true,1,312530
7290113194632,false,ממרח שקדים שקדיה 500,פוליבה,IL,ממרח שקדים שקדיה 500,גרמים,500.00,100 גרם,false,,49.90,9.9800,true,1,313745
7290113195837,false,מובחרים מן הטבע 250,דין שיווק,IL,מובחרים מן הטבע 250,גרמים,250.00,100 גרם,false,,9.90,3.9600,true,1,313317
7290113195844,false,מובחרים מן הטבע 400,דין שיווק,IL,מובחרים מן הטבע 400,גרמים,400.00,100 גרם,false,,9.90,2.4750,true,1,313318
7290113195851,false,מובחרים מן הטבע 800,דין שיווק,IL,מובחרים מן הטבע 800,גרמים,800.00,100 גרם,false,,9.90,1.2375,true,1,313319
7290113195868,false,מובחרים מן הטבע 200,דין שיווק,IL,מובחרים מן הטבע 200,גרמים,200.00,100 גרם,false,,9.90,4.9500,true,1,313320
7290113195943,false,פלפל שיפקה עמק חרוד,בית השיטה,IL,פלפל שיפקה עמק חרוד,גרמים,820.00,100 גרם,false,,7.90,0.9634,true,1,314029
7290113195967,false,שיבולת שועל שקדיה פח,שקדיה,IL,שיבולת שועל שקדיה פח,גרמים,500.00,100 גרם,false,,7.90,1.5800,true,1,318783
7290113196414,false,אורז בסמטי שקדיה 1 ק,שקדיה,IN,אורז בסמטי שקדיה 1 ק,פריט,1.00,"ק""ג",false,,9.90,9.9000,true,1,319143
7290113196896,false,תרסיס שמן זית שקדיה,שקדיה,IL,תרסיס שמן זית שקדיה,מיליליטרים,170.00,"100 מ""ל",false,,14.90,8.7647,true,1,319578
7290113197152,false,לבבות דקל שלם בצנצנת,שקדיה,IL,לבבות דקל שלם בצנצנת,גרמים,410.00,100 גרם,false,,11.90,2.9024,true,1,319607
7290113199767,false,ממרח 100% שקדים שקדי,פפאיינס,TW,ממרח 100% שקדים שקדי,גרמים,300.00,100 גרם,false,,26.90,8.9667,true,1,323422
7290113199774,false,ממרח 100% בוטנים שקד,פפאיינס,TW,ממרח 100% בוטנים שקד,גרמים,300.00,100 גרם,false,,13.90,4.6333,true,1,323423
7290113199781,false,ממרח 100% מיקס אגוזי,פפאיינס,TW,ממרח 100% מיקס אגוזי,גרמים,200.00,100 גרם,false,,14.90,7.4500,true,1,323424
7290113199798,false,ממרח 100% אגוזי קשיו,פפאיינס,TW,ממרח 100% אגוזי קשיו,גרמים,200.00,100 גרם,false,,24.90,12.4500,true,1,323421
7290113199866,false,מיקס פיצוחים 450 גרם,דין שיווק,IL,מיקס פיצוחים 450 גרם,גרמים,450.00,100 גרם,false,,29.90,6.6444,true,1,321650
7290113199880,false,טורטיות בתוספת קמח כ,,TR,טורטיות בתוספת קמח כ,גרמים,360.00,100 גרם,false,,12.90,3.5833,true,1,323426
7290113469952,false,גבינה מגורדת גאודה 2,מלקוויטה,PL,גבינה מגורדת גאודה 2,גרמים,300.00,100 גרם,false,,5.90,1.9667,true,1,325063
7290114310215,false,שמנת מתוקה 38% בבקב,טרה,IL,שמנת מתוקה 38% בבקב,מיליליטרים,250.00,"100 מ""ל",false,,6.40,2.5600,true,1,311486
7290114310222,false,חלב מועשר 3% טרה 1.5,מילקו,IL,חלב מועשר 3% טרה 1.5,קילוגרמים,1.50,ליטר,false,,9.90,6.6000,true,1,312377
7290114310239,false,חלב מועשר נטול לקטוז,מילקו,IL,חלב מועשר נטול לקטוז,קילוגרמים,1.50,ליטר,false,,9.90,6.6000,true,1,312378
7290114310246,false,גבינה גרנה פדנו 29%,מחלבת משק צוריאל,IL,גבינה גרנה פדנו 29%,גרמים,125.00,100 גרם,false,,17.90,14.3200,true,1,317103
7290114310338,false,גבינה צפתית מעודנת 5,מחלבת משק צוריאל,IL,גבינה צפתית מעודנת 5,גרמים,225.00,100 גרם,false,,16.90,7.5111,true,1,316995
7290114310536,false,מולר אקטיב וניל לייט,טרה,IL,מולר אקטיב וניל לייט,גרמים,200.00,100 גרם,false,,5.50,2.7500,true,1,318295
7290114310550,false,גבינת פטה עיזים מעוד,מילקו,IL,גבינת פטה עיזים מעוד,מיליליטרים,200.00,"100 מ""ל",false,,19.90,9.9500,true,1,317121
7290114310567,false,לאבנה עיזים 5% צוריא,מילקו,IL,לאבנה עיזים 5% צוריא,גרמים,200.00,100 גרם,false,,13.90,6.9500,true,1,317122
7290114310611,false,"משקה בננה טרה 250 מ""",טרה,IL,"משקה בננה טרה 250 מ""",מיליליטרים,250.00,"100 מ""ל",false,,5.20,2.0800,true,1,322920
7290114310628,false,משקה וניל עוגיות טרה,טרה,IL,משקה וניל עוגיות טרה,קילוגרמים,1.00,ליטר,false,,10.90,10.9000,true,1,317676
7290114310673,false,לאבנה 9% טרה 250 גרם,טרה,IL,לאבנה 9% טרה 250 גרם,גרמים,250.00,100 גרם,false,,11.90,4.7600,true,1,317123
7290114310895,false,מארז מולר סימפלי תות,טרה,IL,מארז מולר סימפלי תות,קילוגרמים,1.20,ליטר,false,,28.90,24.0833,true,1,323874
7290114311014,false,משקה אייס קפוצ'ינו ט,טרה,IL,משקה אייס קפוצ'ינו ט,מיליליטרים,250.00,"100 מ""ל",false,,5.20,2.0800,true,1,322921
7290114311021,false,משקה וניל עוגיות טרה,טרה,IL,משקה וניל עוגיות טרה,מיליליטרים,250.00,"100 מ""ל",false,,5.20,2.0800,true,1,322915
7290114311038,false,שמנת מתוקה 32% בבקבו,טרה,IL,שמנת מתוקה 32% בבקבו,מיליליטרים,250.00,"100 מ""ל",false,,5.90,2.3600,true,1,322718
7290114311069,false,מולר אקטיב בטעם טבעי,מילקו,IL,מולר אקטיב בטעם טבעי,גרמים,200.00,100 גרם,false,,4.90,2.4500,true,1,322388
7290114311076,false,חמאה עם שום מולר 200,מילקו,IL,חמאה עם שום מולר 200,גרמים,200.00,100 גרם,false,,10.90,5.4500,true,1,322712
7290114311298,false,מולר פרופ קציפת תות,טרה,IL,מולר פרופ קציפת תות,מיליליטרים,150.00,"100 מ""ל",false,,4.80,3.2000,true,1,323468
7290114311304,false,מולר פרופ קציפת מנגו,טרה,IL,מולר פרופ קציפת מנגו,מיליליטרים,150.00,"100 מ""ל",false,,4.80,3.2000,true,1,323467
7290114311328,false,חלב נטול לקטוז 2% טר,ג'י.אר.אמ.גרופו אלימ,IL,חלב נטול לקטוז 2% טר,קילוגרמים,1.00,ליטר,false,,7.30,7.3000,true,1,323875
7290114311359,false,מולר פרופ קציפת מנגו,טרה,IL,מולר פרופ קציפת מנגו,מיליליטרים,150.00,"100 מ""ל",false,,4.80,3.2000,true,1,323469
7290114311434,false,מולר אקטיב בטעם קרמל,טרה,IL,מולר אקטיב בטעם קרמל,גרמים,200.00,100 גרם,false,,5.50,2.7500,true,1,324785
7290114311441,false,מולר אקטיב בטעם עוגי,טרה,IL,מולר אקטיב בטעם עוגי,גרמים,200.00,100 גרם,false,,5.50,2.7500,true,1,324786
7290114311458,false,חלב מועשר 3% וויטמין,טרה,IL,חלב מועשר 3% וויטמין,קילוגרמים,1.00,ליטר,false,,6.90,6.9000,true,1,324420
7290114311496,false,חלב מועשר 1% טרה 1 ל,טרה,IL,חלב מועשר 1% טרה 1 ל,קילוגרמים,1.00,ליטר,false,,6.90,6.9000,true,1,324421
7290114601221,false,אג'קס עם אקונומיקה ל,cp צרפת,FR,אג'קס עם אקונומיקה ל,מיליליטרים,0.00,"100 מ""ל",false,,29.90,0.0000,true,1,309394
7290114602150,false,משחת קולגייט טוטל קל,קולגייט פלמוליב,PL,משחת קולגייט טוטל קל,מיליליטרים,300.00,"100 מ""ל",false,,43.90,14.6333,true,1,312071
7290114602174,false,משחת קולגייט טוטל הל,קולגייט פלמוליב,PL,משחת קולגייט טוטל הל,מיליליטרים,300.00,"100 מ""ל",false,,43.90,14.6333,true,1,312072
7290114602211,false,משחת קולגייט סנסטיב,קולגייט פלמוליב,PL,משחת קולגייט סנסטיב,גרמים,225.00,100 גרם,false,,44.90,19.9556,true,1,312909
7290114604932,false,רוטב ברביקיו דבש מאס,רמיה סי.וי. הולנד,NL,רוטב ברביקיו דבש מאס,גרמים,524.00,100 גרם,false,,12.90,2.4618,true,1,319015
7290114604949,false,רוטב ברביקיו מאסטר ש,רמיה סי.וי. הולנד,NL,רוטב ברביקיו מאסטר ש,גרמים,524.00,100 גרם,false,,12.90,2.4618,true,1,319016
7290114605342,false,רפידות הנקה פירסט סמ,צאנזו שאנג קאר פרודק,CN,רפידות הנקה פירסט סמ,Unknown,0.00,יחידה,false,,23.90,0.0000,true,1,319010
7290114606387,false,משחת קולגייט אופטיק,קולגייט פלמוליב,PL,משחת קולגייט אופטיק,מיליליטרים,150.00,"100 מ""ל",false,,39.90,26.6000,true,1,317902
7290114606592,false,רוטב סויה מאסטר שף 6,מסוונג רונרוג,,רוטב סויה מאסטר שף 6,מיליליטרים,620.00,"100 מ""ל",false,,14.90,2.4032,true,1,322401
7290114607315,false,משחת קולגייט מקס ווי,קולגייט פלמוליב,PL,משחת קולגייט מקס ווי,מיליליטרים,250.00,"100 מ""ל",false,,19.90,7.9600,true,1,317447
7290114608688,false,פירורי לחם מתובלים מ,מנה,IL,פירורי לחם מתובלים מ,גרמים,480.00,100 גרם,false,,11.90,2.4792,true,1,319014
7290114608701,false,"חטיף תפו""א בטעם גריל",מנה,IL,"חטיף תפו""א בטעם גריל",גרמים,120.00,100 גרם,false,,11.90,9.9167,true,1,320750
7290114751902,false,תחבושות אלוויז לילה,פרוקטר & גמבל,DE,תחבושות אלוויז לילה,Unknown,0.00,יחידה,false,,29.90,0.0000,true,1,318387
7290115200676,false,עוגיות קרמוגית במילו,אסם,IL,עוגיות קרמוגית במילו,גרמים,200.00,100 גרם,false,,9.90,4.9500,true,1,314131
7290115200713,false,מארז במבה 5*50 גרם,אסם,IL,מארז במבה 5*50 גרם,גרמים,250.00,100 גרם,false,,12.90,5.1600,true,1,312902
7290115201680,false,ביסלי ברביקיו 70 גרם,אסם,IL,ביסלי ברביקיו 70 גרם,גרמים,70.00,100 גרם,false,,3.90,5.5714,true,1,315525
7290115201703,false,ביסלי ברביקיו 200 גר,אסם,IL,ביסלי ברביקיו 200 גר,גרמים,200.00,100 גרם,false,,6.50,3.2500,true,1,315833
7290115203134,false,פופקו פופקורן קרמל,גבעול,IL,פופקו פופקורן קרמל,גרמים,80.00,100 גרם,false,,4.50,5.6250,true,1,318291
7290115203172,false,במבה פרו 80 גרם,גבעול,IL,במבה פרו 80 גרם,גרמים,80.00,100 גרם,false,,3.90,4.8750,true,1,324470
7290115204056,false,קטשופ לחיץ מופחת סוכ,אסם,IL,קטשופ לחיץ מופחת סוכ,גרמים,690.00,100 גרם,false,,8.90,1.2899,true,1,316221
7290115205176,false,קרקר דק כפרי פיטנס 1,אסם,IL,קרקר דק כפרי פיטנס 1,גרמים,140.00,100 גרם,false,,10.90,7.7857,true,1,321775
7290115205312,false,קרקר דק זיתי קלמטה פ,אסם,IL,קרקר דק זיתי קלמטה פ,גרמים,140.00,100 גרם,false,,10.90,7.7857,true,1,322844
7290115205695,false,בצק פיצה מצונן בונז',אסם,IL,בצק פיצה מצונן בונז',גרמים,460.00,100 גרם,false,,14.90,3.2391,true,1,321254
7290115205718,false,בצק עלים מצונן בונז',אסם,IL,בצק עלים מצונן בונז',גרמים,230.00,100 גרם,false,,11.90,5.1739,true,1,321255
7290115207941,false,סירופ ויטמינצ'יק אננ,אסם,IL,סירופ ויטמינצ'יק אננ,קילוגרמים,1.00,ליטר,false,,18.90,18.9000,true,1,321250
7290115207965,false,סירופ ויטמינצ'יק מנג,אסם,IL,סירופ ויטמינצ'יק מנג,קילוגרמים,1.00,ליטר,false,,18.90,18.9000,true,1,321251
7290115207989,false,סירופ ויטמינצ'יק לימ,אסם,IL,סירופ ויטמינצ'יק לימ,קילוגרמים,1.00,ליטר,false,,18.90,18.9000,true,1,321252
7290115208047,false,סירופ ויטמינצ'יק פטל,אסם,IL,סירופ ויטמינצ'יק פטל,קילוגרמים,1.00,ליטר,false,,18.90,18.9000,true,1,321253
7290115208061,false,סירופ ויטמינצ'יק תפו,אסם,IL,סירופ ויטמינצ'יק תפו,קילוגרמים,1.00,ליטר,false,,18.90,18.9000,true,1,321249
7290115208320,false,אפרופו בטעם ביסלי בצ,אסם,IL,אפרופו בטעם ביסלי בצ,גרמים,50.00,100 גרם,false,,4.50,9.0000,true,1,325350
7290115208344,false,בייגלה כפיות בטעם שמ,אסם,IL,בייגלה כפיות בטעם שמ,גרמים,300.00,100 גרם,false,,7.90,2.6333,true,1,324471
7290115208566,false,עוגיות קרמוגית מיניס,אסם,IL,עוגיות קרמוגית מיניס,גרמים,200.00,100 גרם,false,,9.90,4.9500,true,1,324077
7290115208597,false,עוגיות קרמוגית מיניס,אסם,IL,עוגיות קרמוגית מיניס,גרמים,200.00,100 גרם,false,,9.90,4.9500,true,1,324081
7290115208801,false,לחמית דבש ואגוזים 19,אסם,IL,לחמית דבש ואגוזים 19,גרמים,190.00,100 גרם,false,,8.90,4.6842,true,1,324281
7290115209136,false,חטיפים צמחוניים בטעם,טבעול ישראל,IL,חטיפים צמחוניים בטעם,פריט,1.20,"ק""ג",false,,39.90,33.2500,true,1,323957
7290115209198,false,במבה אוורירית 80 גרם,גבעול,IL,במבה אוורירית 80 גרם,גרמים,80.00,100 גרם,false,,3.90,4.8750,true,1,324078
7290115209235,false,פתיבר בטעם קפה אסם 5,,,פתיבר בטעם קפה אסם 5,גרמים,500.00,100 גרם,false,,8.90,1.7800,true,1,325241
7290115209358,false,במבה במילוי קרם בטעם,אסם,IL,במבה במילוי קרם בטעם,גרמים,60.00,100 גרם,false,,4.50,7.5000,true,1,325239
7290115209372,false,במבה במילוי קרם בטעם,אסם,IL,במבה במילוי קרם בטעם,גרמים,150.00,100 גרם,false,,9.90,6.6000,true,1,325240
7290115405774,false,פחזניות במילוי קרם ב,קפולסקי אדל בעמ,IL,פחזניות במילוי קרם ב,גרמים,180.00,100 גרם,false,,12.90,7.1667,true,1,322907
7290115405781,false,פחזניות במילוי קרם ב,קפולסקי אדל בעמ,IL,פחזניות במילוי קרם ב,גרמים,180.00,100 גרם,false,,12.90,7.1667,true,1,322908
7290115405798,false,פחזניות במילוי קרם ב,קפולסקי אדל בעמ,IL,פחזניות במילוי קרם ב,גרמים,180.00,100 גרם,false,,12.90,7.1667,true,1,322909
7290115671223,false,מסטיק מאסט צנצנת בטע,שטראוס,IL,מסטיק מאסט צנצנת בטע,גרמים,58.00,100 גרם,false,,8.90,15.3448,true,1,320816
7290115671339,false,עוגיות מיני פינוקיות,עלית,IL,עוגיות מיני פינוקיות,גרמים,180.00,100 גרם,false,,9.90,5.5000,true,1,321216
7290115671346,false,עוגיות מיני פינוקיות,עלית,IL,עוגיות מיני פינוקיות,גרמים,188.00,100 גרם,false,,9.90,5.2660,true,1,319537
7290115671353,false,עוגיות מיני פינוקיות,עלית,IL,עוגיות מיני פינוקיות,גרמים,188.00,100 גרם,false,,9.90,5.2660,true,1,320820
7290115671421,false,פולי קפה ארומטיים בק,שטראוס קפה בי.וי,IL,פולי קפה ארומטיים בק,גרמים,250.00,100 גרם,false,,19.90,7.9600,true,1,325034
7290115675986,false,דנונה בר עם אגוזים מ,שטראוס,IL,דנונה בר עם אגוזים מ,גרמים,173.00,100 גרם,false,,4.30,2.4855,true,1,315258
7290115676037,false,משקה דנונה ריפרש תות,שטראוס גרופ,IL,משקה דנונה ריפרש תות,גרמים,250.00,100 גרם,false,,4.90,1.9600,true,1,317992
7290115677089,false,קונפיטורה תפוח וקינמ,יד מרדכי,IL,קונפיטורה תפוח וקינמ,גרמים,340.00,100 גרם,false,,12.90,3.7941,true,1,318792
7290115678222,false,מארז יוגורט דנונה יו,שטראוס גרופ,IL,מארז יוגורט דנונה יו,גרמים,0.00,100 גרם,false,,19.90,0.0000,true,1,318245
7290115678376,false,מעדן הגולן שוקולד 12,שטראוס,IL,מעדן הגולן שוקולד 12,מיליליטרים,125.00,"100 מ""ל",false,,2.80,2.2400,true,1,318813
7290115678383,false,מעדן הגולן שוקולד מר,שטראוס,IL,מעדן הגולן שוקולד מר,מיליליטרים,125.00,"100 מ""ל",false,,2.80,2.2400,true,1,318814
7290115720273,false,סוכריות בריקס (לגו),גרוסליין,CN,סוכריות בריקס (לגו),פריט,1.00,"ק""ג",false,,39.90,39.9000,true,1,325098
7290115720280,false,סוכריות לגו בריקס 18,גרוסליין,CN,סוכריות לגו בריקס 18,גרמים,216.00,100 גרם,false,,18.90,8.7500,true,1,317759
7290115720358,false,סוכריות טבעת ג'ואל פ,גרוסליין,CN,סוכריות טבעת ג'ואל פ,גרמים,225.00,100 גרם,false,,18.90,8.4000,true,1,317760
7290115720464,false,סוכריות מוצץ גרוסליי,גרוסליין,BE,סוכריות מוצץ גרוסליי,גרמים,105.00,100 גרם,false,,18.90,18.0000,true,1,318278
7290115720471,false,סוכריות משרוקית גרוס,גרוסליין,BE,סוכריות משרוקית גרוס,גרמים,170.00,100 גרם,false,,18.90,11.1176,true,1,318279
7290115720488,false,סוכריות ליפסטיק גרוס,גרוסליין,BE,סוכריות ליפסטיק גרוס,גרמים,170.00,100 גרם,false,,18.90,11.1176,true,1,318280
7290115720709,false,סוכריות טבעת גרוסליי,גרוסליין,CN,סוכריות טבעת גרוסליי,גרמים,216.00,100 גרם,false,,18.90,8.7500,true,1,323351
7290115720778,false,סוכריות דיפ אנד ליק,גרוסליין,CN,סוכריות דיפ אנד ליק,גרמים,216.00,100 גרם,false,,18.90,8.7500,true,1,323352
7290115720884,false,סוכריות פאזל גרוסליי,גרוסליין,CN,סוכריות פאזל גרוסליי,פריט,1.00,"ק""ג",false,,39.90,39.9000,true,1,325099
7290115720891,false,סוכריות פאזל מספרים,גרוסליין,CN,סוכריות פאזל מספרים,גרמים,216.00,100 גרם,false,,18.90,8.7500,true,1,324689
7290115720969,false,סוכריות בלוקס בטעמי,גרוסליין,CN,סוכריות בלוקס בטעמי,גרמים,216.00,100 גרם,false,,18.90,8.7500,true,1,324690
7290116530871,false,נשנושים מיקס בייגל 2,בייגל בייגל,IL,נשנושים מיקס בייגל 2,גרמים,240.00,100 גרם,false,,11.90,4.9583,true,1,324187
7290116532240,false,שוקולד קליק עוגיות ו,יוניליוור,IL,שוקולד קליק עוגיות ו,גרמים,85.00,100 גרם,false,,4.90,5.7647,true,1,323046
7290116532462,false,גלידה שמנת קליק בטעם,גלידות שטראוס,IL,גלידה שמנת קליק בטעם,מיליליטרים,520.00,"100 מ""ל",false,,16.90,3.2500,true,1,323244
7290116850382,false,ניילון לכיסוי מזון א,,,ניילון לכיסוי מזון א,Unknown,0.00,יחידה,false,,14.90,0.0000,true,1,319358
7290116850856,false,נר הבדלה נבל עם בשמי,,,נר הבדלה נבל עם בשמי,Unknown,0.00,יחידה,false,,29.90,0.0000,true,1,322236
7290116850863,false,נר הבדלה אתרוג,,,נר הבדלה אתרוג,Unknown,0.00,יחידה,false,,19.90,0.0000,true,1,322237
7290116850870,false,נר הבדלה שבוע טוב,,,נר הבדלה שבוע טוב,Unknown,0.00,יחידה,false,,19.90,0.0000,true,1,322234
7290116851716,false,מארז 6 כריות קרצוף ש,,,מארז 6 כריות קרצוף ש,Unknown,0.00,יחידה,false,,14.90,0.0000,true,1,322235
7290116853505,false,כדוריות סבון אסלה בנ,TOMIL S.R.O,CZ,כדוריות סבון אסלה בנ,גרמים,105.00,100 גרם,false,,14.90,14.1905,true,1,325464
7290116853512,false,כדוריות סבון אסלה בנ,TOMIL S.R.O,CZ,כדוריות סבון אסלה בנ,גרמים,105.00,100 גרם,false,,14.90,14.1905,true,1,325465
7290116853529,false,כדוריות סבון אסלה בנ,TOMIL S.R.O,CZ,כדוריות סבון אסלה בנ,גרמים,105.00,100 גרם,false,,14.90,14.1905,true,1,325466
7290116853536,false,כדוריות סבון אסלה בנ,TOMIL S.R.O,CZ,כדוריות סבון אסלה בנ,גרמים,105.00,100 גרם,false,,14.90,14.1905,true,1,325467
7290116853635,false,מארז 6 כריות קרצוף ע,,,מארז 6 כריות קרצוף ע,Unknown,0.00,יחידה,false,,19.90,0.0000,true,1,324477
7290116930244,false,מארז יוגורט ביו תנוב,תנובה מרכז שיתופי לש,IL,מארז יוגורט ביו תנוב,קילוגרמים,1.20,ליטר,false,,14.90,12.4167,true,1,322975
7290116930435,false,יוגורט גו יופלה סמיך,תנובה מרכז שיתופי לש,IL,יוגורט גו יופלה סמיך,גרמים,200.00,100 גרם,false,,5.50,2.7500,true,1,322976
7290116930459,false,יופלה שייק בננה אננס,תנובה,IL,יופלה שייק בננה אננס,מיליליטרים,230.00,"100 מ""ל",false,,7.90,3.4348,true,1,323368
7290116930466,false,יופלה שייק מנגו בננה,תנובה,IL,יופלה שייק מנגו בננה,מיליליטרים,230.00,"100 מ""ל",false,,7.90,3.4348,true,1,323369
7290116931081,false,מעדן סויה בטעם טופי,תנובה מרכז שיתופי לש,IL,מעדן סויה בטעם טופי,גרמים,125.00,100 גרם,false,,3.90,3.1200,true,1,324006
7290117260562,false,חמאה כפרית בגביע ויל,סוטאש,TR,חמאה כפרית בגביע ויל,גרמים,225.00,100 גרם,false,,14.90,6.6222,true,1,325011
7290117260760,false,זיתים ירוקים מגולעני,וזאר,TR,זיתים ירוקים מגולעני,פריט,2.20,"ק""ג",false,,9.90,4.5000,true,1,324966
7290117260814,false,תן בו בטעם וניל בציפ,אלויראסמינדר,DK,תן בו בטעם וניל בציפ,גרמים,300.00,100 גרם,false,,14.90,4.9667,true,1,320654
7290117261248,false,תן בו ביס בטעם וניל,אלויראסמינדר,DK,תן בו ביס בטעם וניל,גרמים,180.00,100 גרם,false,,9.90,5.5000,true,1,325059
7290117261262,false,תן בו ביס בטעם וניל,אלויראסמינדר,DK,תן בו ביס בטעם וניל,גרמים,180.00,100 גרם,false,,9.90,5.5000,true,1,325060
7290117261521,false,סלמון אטלנטי בשמן קנ,באנגה,LV,סלמון אטלנטי בשמן קנ,גרמים,120.00,100 גרם,false,,9.90,8.2500,true,1,324181
7290117261538,false,סלמון אטלנטי בשמן קנ,באנגה,LV,סלמון אטלנטי בשמן קנ,גרמים,120.00,100 גרם,false,,9.90,8.2500,true,1,324182
7290117261545,false,סלמון אטלנטי ברוטב ט,באנגה,LV,סלמון אטלנטי ברוטב ט,גרמים,120.00,100 גרם,false,,9.90,8.2500,true,1,324183
7290117261569,false,סלמון אטלנטי מעושן ב,באנגה,LV,סלמון אטלנטי מעושן ב,גרמים,120.00,100 גרם,false,,9.90,8.2500,true,1,324184
7290117262221,false,משקה יוגורט אננס יור,אקר,TR,משקה יוגורט אננס יור,מיליליטרים,200.00,"100 מ""ל",false,,4.90,2.4500,true,1,323870
7290117262238,false,משקה יוגורט תות שדה,אקר,TR,משקה יוגורט תות שדה,מיליליטרים,200.00,"100 מ""ל",false,,4.90,2.4500,true,1,323868
7290117262245,false,משקה יוגורט אפרסק ומ,אקר,TR,משקה יוגורט אפרסק ומ,מיליליטרים,200.00,"100 מ""ל",false,,4.90,2.4500,true,1,323869
7290117262290,false,פרלינים אגוזים פצפוצ,מודרן צוקולטה,TR,פרלינים אגוזים פצפוצ,גרמים,50.00,100 גרם,false,,4.50,9.0000,true,1,325023
7290117262306,false,קורנפלקס מצופה שוקול,מודרן צוקולטה,TR,קורנפלקס מצופה שוקול,גרמים,50.00,100 גרם,false,,4.50,9.0000,true,1,325024
7290117262313,false,פצפוצי דגנים בשוקולד,מודרן צוקולטה,TR,פצפוצי דגנים בשוקולד,גרמים,50.00,100 גרם,false,,4.50,9.0000,true,1,325025
7290117262320,false,ביסקוויט מצופה שוקול,מודרן צוקולטה,TR,ביסקוויט מצופה שוקול,גרמים,40.00,100 גרם,false,,4.50,11.2500,true,1,325026
7290117263006,false,צהובה מגורדת ויליפוד,וילי פוד,IL,צהובה מגורדת ויליפוד,פריט,1.20,"ק""ג",false,,39.90,33.2500,true,1,324400
7290117383155,false,משחת קולגייט טוטאל י,קולגייט פלמוליב,PL,משחת קולגייט טוטאל י,מיליליטרים,150.00,"100 מ""ל",false,,29.90,19.9333,true,1,324092
7290117383711,false,תחליב פלמוליב חלב וד,קולגייט פלמוליב,TR,תחליב פלמוליב חלב וד,קילוגרמים,1.50,ליטר,false,,29.90,19.9333,true,1,324859
7290117383728,false,ג'ל פלמוליב לומינס א,קולגייט פלמוליב,TR,ג'ל פלמוליב לומינס א,קילוגרמים,1.50,ליטר,false,,29.90,19.9333,true,1,324860
7290117383735,false,ג'ל פלמוליב חימר ורד,קולגייט פלמוליב,TR,ג'ל פלמוליב חימר ורד,קילוגרמים,1.50,ליטר,false,,29.90,19.9333,true,1,324861
7290117383742,false,ג'ל פלמוליב לגבר 2*7,קולגייט פלמוליב,TR,ג'ל פלמוליב לגבר 2*7,קילוגרמים,1.50,ליטר,false,,29.90,19.9333,true,1,324862
7290117383780,false,ג'ל פלמוליב ארומה מס,קולגייט פלמוליב,TR,ג'ל פלמוליב ארומה מס,קילוגרמים,1.50,ליטר,false,,29.90,19.9333,true,1,324863
7290117761106,false,כפות איכותיות שקוף מ,ווינפאק סחר בעמ,TR,כפות איכותיות שקוף מ,Unknown,0.00,יחידה,false,,6.90,0.0000,true,1,322958
7290117901328,false,מיקס חלבה וממתקי שומ,שקדיה,AE,מיקס חלבה וממתקי שומ,גרמים,500.00,100 גרם,false,,29.90,5.9800,true,1,323940
7290117902646,false,פקאן בציפוי קרמל 130,,IL,פקאן בציפוי קרמל 130,גרמים,130.00,100 גרם,false,,16.90,13.0000,true,1,325077
7290117902691,false,קשיו בציפוי קוקוס 13,,IL,קשיו בציפוי קוקוס 13,גרמים,130.00,100 גרם,false,,16.90,13.0000,true,1,325081
7290117902714,false,פקאן בציפוי שברי ביי,,IL,פקאן בציפוי שברי ביי,גרמים,130.00,100 גרם,false,,16.90,13.0000,true,1,325076
7290118303008,false,יין גרוס אוניקס 2019,יקב גרוס,IL,יין גרוס אוניקס 2019,מיליליטרים,750.00,"100 מ""ל",false,,129.90,17.3200,true,1,322808
7290118303015,false,יין גרוס בלאק אוניקס,יקב גרוס,IL,יין גרוס בלאק אוניקס,מיליליטרים,750.00,"100 מ""ל",false,,149.90,19.9867,true,1,322810
7290118420514,false,פודינג אינסטנט בטעם,אסם,IL,פודינג אינסטנט בטעם,גרמים,75.00,100 גרם,false,,4.90,6.5333,true,1,325349
7290900010282,false,אורז בסמטי אינדירה 1,Emsons Exim PVT LTD,IN,אורז בסמטי אינדירה 1,פריט,1.40,"ק""ג",false,,11.90,8.5000,true,1,295065
7290900010367,false,טורטיות דורומי 36*45,Turka Invest,PL,טורטיות דורומי 36*45,פריט,1.62,"ק""ג",false,,19.90,12.2840,true,1,291751
7290900010435,false,תערובת לכדורי שוקולד,א.ל. ייצור ושיווק תב,IL,תערובת לכדורי שוקולד,גרמים,400.00,100 גרם,false,,11.90,2.9750,true,1,291908
7290900010442,false,תערובת לעוגת בראוניז,א.ל. ייצור ושיווק תב,IL,תערובת לעוגת בראוניז,גרמים,500.00,100 גרם,false,,11.90,2.3800,true,1,291909
7290900010459,false,תערובת לעוגת וניל בו,א.ל. ייצור ושיווק תב,IL,תערובת לעוגת וניל בו,גרמים,500.00,100 גרם,false,,11.90,2.3800,true,1,291910
7290900010466,false,תערובת לעוגת שוקולד,א.ל. ייצור ושיווק תב,IL,תערובת לעוגת שוקולד,גרמים,500.00,100 גרם,false,,11.90,2.3800,true,1,291911
7290900010480,false,תערובת לפנקייק בון ב,א.ל. ייצור ושיווק תב,IL,תערובת לפנקייק בון ב,גרמים,400.00,100 גרם,false,,11.90,2.9750,true,1,291913
7290900011838,false,זית שחור אוליבסי 1.,Yatagan Zeytincilik,TR,זית שחור אוליבסי 1.,פריט,1.74,"ק""ג",false,,19.90,11.4368,true,1,295250
7290900012552,false,קרוטונים לסלט דורומי,חטיפים מן הטבע,IL,קרוטונים לסלט דורומי,גרמים,500.00,100 גרם,false,,12.90,2.5800,true,1,295851
7291128651141,false,קוביות פלסטיק צבעוני,,,קוביות פלסטיק צבעוני,Unknown,0.00,יחידה,false,,34.90,0.0000,true,1,324271
7291192410170,false,מגדל כוסות,,,מגדל כוסות,Unknown,0.00,יחידה,false,,29.90,0.0000,true,1,324279
7291192429158,false,מעודד זחילה,,,מעודד זחילה,Unknown,0.00,יחידה,false,,39.90,0.0000,true,1,324276
7291264949164,false,דלי צורות כוסות,,,דלי צורות כוסות,Unknown,0.00,יחידה,false,,49.90,0.0000,true,1,324277
7291594895667,false,נושי פינוקי פינגווין,,,נושי פינוקי פינגווין,Unknown,0.00,יחידה,false,,29.90,0.0000,true,1,324258
7291594895681,false,נושי פינוקי דב,,,נושי פינוקי דב,Unknown,0.00,יחידה,false,,29.90,0.0000,true,1,324260
7291594895742,false,נושי פינוקי פיל,,,נושי פינוקי פיל,Unknown,0.00,יחידה,false,,29.90,0.0000,true,1,324266
7296058330012,false,מארז פריכיות אורז פר,פרח תעשיות,IL,מארז פריכיות אורז פר,גרמים,330.00,100 גרם,false,,9.90,3.0000,true,1,318881
7296102320396,false,פח רטרו 30 ליטר,,,פח רטרו 30 ליטר,Unknown,0.00,יחידה,false,,149.00,0.0000,true,1,325188
7297395000026,false,בדי בדיקה טהרה 3*20,חן המעין בעמ,IL,בדי בדיקה טהרה 3*20,Unknown,0.00,יחידה,false,,13.50,0.0000,true,1,248608
7350041950141,false,ליקר שרי הרינג 1 ליט,פיטר הרינג,DK,ליקר שרי הרינג 1 ליט,קילוגרמים,1.00,ליטר,false,,99.90,99.9000,true,1,309757
7501013122114,false,נקטר ג'ומקס בטעם אננ,חומקס אלורה אס איי,MX,נקטר ג'ומקס בטעם אננ,קילוגרמים,1.00,ליטר,false,,9.90,9.9000,true,1,320478
7501064191398,false,מארז בירה קורונה 4.5,,,מארז בירה קורונה 4.5,קילוגרמים,2.13,ליטר,false,,39.90,18.7324,true,1,306222
7509546057545,false,דאו ליידי ספיד סטיק,קולגייט פלמוליב,BY,דאו ליידי ספיד סטיק,גרמים,45.00,100 גרם,false,,17.90,39.7778,true,1,319847
7509546061665,false,דאו ספיד סטיק אקסטרי,קולגייט פלמוליב,BY,דאו ספיד סטיק אקסטרי,גרמים,85.00,100 גרם,false,,18.90,22.2353,true,1,324245
7509546061672,false,דאו ספיד סטיק אקסטרי,קולגייט פלמוליב,BY,דאו ספיד סטיק אקסטרי,גרמים,50.00,100 גרם,false,,18.90,37.8000,true,1,324246
7509546063515,false,דאו ספריי ליידי ספיד,קולגייט פלמוליב,BY,דאו ספריי ליידי ספיד,מיליליטרים,150.00,"100 מ""ל",false,,13.90,9.2667,true,1,324247
7509546666846,false,משחת קולגייט טוטל פח,קולגייט פלמוליב,MX,משחת קולגייט טוטל פח,מיליליטרים,75.00,"100 מ""ל",false,,19.90,26.5333,true,1,317513
7610008056874,false,שוקולד רגוסה חלב פרל,שוקולה קמיל בלוך,CH,שוקולד רגוסה חלב פרל,גרמים,100.00,100 גרם,false,,13.90,13.9000,true,1,313398
7610008056959,false,שוקולד רגוסה פרווה פ,שוקולה קמיל בלוך,CH,שוקולד רגוסה פרווה פ,גרמים,100.00,100 גרם,false,,13.90,13.9000,true,1,313399
7610100034084,false,מיונז בשפורפרת טומי,נסטלה,US,מיונז בשפורפרת טומי,גרמים,265.00,100 גרם,false,,9.90,3.7358,true,1,295259
7610113011652,false,בקרדי בריזר תפוח 275,בקרדי מרטיני,BE,בקרדי בריזר תפוח 275,מיליליטרים,275.00,"100 מ""ל",false,,12.90,4.6909,true,1,313349
7613030979647,false,דגני בוקר טריקס 480,סי.פי,FR,דגני בוקר טריקס 480,גרמים,480.00,100 גרם,false,,19.90,4.1458,true,1,301643
7613035548374,false,דגני בוקר גולדן מיני,אסם,FR,דגני בוקר גולדן מיני,גרמים,570.00,100 גרם,false,,19.90,3.4912,true,1,309676
7613036880534,false,מחית מרק ירקות מעורב,מטרנה,PL,מחית מרק ירקות מעורב,גרמים,190.00,100 גרם,false,,5.50,2.8947,true,1,309397
7613037204797,false,פולי קפה סטארבקס בלו,אסם,IL,פולי קפה סטארבקס בלו,גרמים,450.00,100 גרם,false,,39.90,8.8667,true,1,317461
7613037204889,false,פולי קפה סטארבקס אספ,אסם,IL,פולי קפה סטארבקס אספ,גרמים,450.00,100 גרם,false,,39.90,8.8667,true,1,317462
7613038268262,false,דגני בוקר האני נאט צ,אסם,FR,דגני בוקר האני נאט צ,גרמים,410.00,100 גרם,false,,19.90,4.8537,true,1,309672
7613039879382,false,"מחית תפו""ע גרבר 190",מטרנה,PL,"מחית תפו""ע גרבר 190",גרמים,190.00,100 גרם,false,,5.50,2.8947,true,1,316292
7613039880807,false,מחית גזר תפוח גרבר 1,מטרנה,PL,מחית גזר תפוח גרבר 1,גרמים,190.00,100 גרם,false,,5.50,2.8947,true,1,316288
7613039881965,false,מחית גזר תפוח מנגו ג,מטרנה,PL,מחית גזר תפוח מנגו ג,גרמים,190.00,100 גרם,false,,5.50,2.8947,true,1,316290
7613287302373,false,קפסולות סטארבקס איטל,אסם,IL,קפסולות סטארבקס איטל,גרמים,56.00,100 גרם,false,,21.50,38.3929,true,1,316338
7613287855640,false,קפסולות סטארבקס גווא,אסם,IL,קפסולות סטארבקס גווא,גרמים,52.00,100 גרם,false,,21.50,41.3462,true,1,324472
7622201139278,false,גבינת שמנת 27% פילדל,מיודלז אספניה פרודוק,ES,גבינת שמנת 27% פילדל,גרמים,150.00,100 גרם,false,,13.90,9.2667,true,1,310518
7622201521493,false,גבינת שמנת 12% פילדל,מיודלז אספניה פרודוק,ES,גבינת שמנת 12% פילדל,גרמים,150.00,100 גרם,false,,13.90,9.2667,true,1,323397
7622201798154,false,גבינת שמנת לייט 13%,מיודלז אספניה פרודוק,ES,גבינת שמנת לייט 13%,גרמים,150.00,100 גרם,false,,13.90,9.2667,true,1,320448
7622201808631,false,עוגיות מיני אוראו ונ,מונדליז,UA,עוגיות מיני אוראו ונ,גרמים,67.00,100 גרם,false,,6.90,10.2985,true,1,318389
7622300761363,false,עוגיות מיני אוראו שו,מונדליז,UA,עוגיות מיני אוראו שו,גרמים,67.00,100 גרם,false,,5.90,8.8060,true,1,308926
7630477891592,false,קפסולות סטארבקס האוס,אסם,IL,קפסולות סטארבקס האוס,גרמים,57.00,100 גרם,false,,21.50,37.7193,true,1,313460
7630477891615,false,קפסולות סטארבקס סומט,אסם,IL,קפסולות סטארבקס סומט,גרמים,55.00,100 גרם,false,,21.50,39.0909,true,1,313461
7630477891639,false,קפסולות סטארבקס ורונ,אסם,IL,קפסולות סטארבקס ורונ,גרמים,55.00,100 גרם,false,,21.50,39.0909,true,1,313462
7630477891653,false,קפסולות סטארבקס נטול,אסם,IL,קפסולות סטארבקס נטול,גרמים,57.00,100 גרם,false,,21.50,37.7193,true,1,313463
7630477891677,false,קפסולות סטארבקס פייק,אסם,IL,קפסולות סטארבקס פייק,גרמים,53.00,100 גרם,false,,21.50,40.5660,true,1,313464
7630477891691,false,קפסולות סטארבקס קולו,אסם,IL,קפסולות סטארבקס קולו,גרמים,57.00,100 גרם,false,,21.50,37.7193,true,1,313465
7630477891714,false,קפסולות סטארבקס רוסט,אסם,IL,קפסולות סטארבקס רוסט,גרמים,57.00,100 גרם,false,,21.50,37.7193,true,1,313466
7630477891738,false,קפסולות סטארבקס בלונ,אסם,IL,קפסולות סטארבקס בלונ,גרמים,53.00,100 גרם,false,,21.50,40.5660,true,1,313467
7638900431797,false,מארז 12 סוללות אנרג',אנרגייזר,CN,מארז 12 סוללות אנרג',Unknown,0.00,יחידה,false,,24.90,0.0000,true,1,323991
7638900431803,false,מארז 12 סוללות אנרג',אנרגייזר,CN,מארז 12 סוללות אנרג',Unknown,0.00,יחידה,false,,24.90,0.0000,true,1,323992
7640103867709,false,שערות סבתא תות 3*15,אסאדא פוד,אנדונסיה,שערות סבתא תות 3*15,גרמים,45.00,100 גרם,false,,9.90,22.0000,true,1,317599
7640171030524,false,ויסקי אברפלדי זהב 12,,,ויסקי אברפלדי זהב 12,מיליליטרים,700.00,"100 מ""ל",false,,249.90,35.7000,true,1,322449
7702018271788,false,דאו גל גילט ספורט 70,פרוקטר & גמבל,,דאו גל גילט ספורט 70,גרמים,70.00,100 גרם,false,,17.90,25.5714,true,1,291299
7702018321582,false,דאו סטיק גילט קול וו,פרוקטר & גמבל,,דאו סטיק גילט קול וו,גרמים,45.00,100 גרם,false,,17.90,39.7778,true,1,265805
7702018978106,false,דאו גל גילט ארקטיק א,פרוקטר & גמבל,,דאו גל גילט ארקטיק א,גרמים,150.00,100 גרם,false,,17.90,11.9333,true,1,265801
7702018978120,false,דאו גל גילט קליר ווי,פרוקטר & גמבל,,דאו גל גילט קליר ווי,גרמים,150.00,100 גרם,false,,17.90,11.9333,true,1,265802
7702018980833,false,גל גילוח גילט סירייס,פרוקטר & גמבל,,גל גילוח גילט סירייס,מיליליטרים,200.00,"100 מ""ל",false,,12.90,6.4500,true,1,293917
7702018980864,false,קצף גילוח גילט סיריי,פרוקטר & גמבל,,קצף גילוח גילט סיריי,מיליליטרים,200.00,"100 מ""ל",false,,14.90,7.4500,true,1,293915
7790580421663,false,בונבוניירה בון בון ר,ארקור,AR,בונבוניירה בון בון ר,גרמים,288.00,100 גרם,false,,15.90,5.5208,true,1,321638
7798382150019,false,אוכמניות יח,אראל תוצרת חקלאית בע,IL,אוכמניות יח,Unknown,0.00,יחידה,false,,14.90,0.0000,true,1,325315
7898679700221,false,מחית אסאי קפוא 4*100,א.מ שרון,PL,מחית אסאי קפוא 4*100,גרמים,400.00,100 גרם,false,,19.90,4.9750,true,1,317657
8000139923463,false,פסטה גדולה מפלדינה ר,פסטיפציו לוצ'יו גארו,IT,פסטה גדולה מפלדינה ר,גרמים,500.00,100 גרם,false,,4.90,0.9800,true,1,323189
8000139926730,false,פסטה גדולה פאצ'רי רו,פסטיפציו לוצ'יו גארו,IT,פסטה גדולה פאצ'רי רו,גרמים,500.00,100 גרם,false,,4.90,0.9800,true,1,323188
8000380192243,false,ופל אגוז לואקר 200 ג,לואקר,AT,ופל אגוז לואקר 200 ג,גרמים,200.00,100 גרם,false,,11.90,5.9500,true,1,304639
8000380192250,false,ופל שוקולד לואקר 200,לואקר,AT,ופל שוקולד לואקר 200,גרמים,200.00,100 גרם,false,,11.90,5.9500,true,1,304638
8000380198221,false,ופל דאבל שוקולד לואק,לואקר,AT,ופל דאבל שוקולד לואק,גרמים,175.00,100 גרם,false,,11.90,6.8000,true,1,311469
8001003100218,false,סוכריות גלי יוגוטה 8,תות ממתקי איכות,TR,סוכריות גלי יוגוטה 8,גרמים,800.00,100 גרם,false,,12.90,1.6125,true,1,272421
8001090015969,false,טבליות פיירי פלטינום,פרוקטר & גמבל,FR,טבליות פיירי פלטינום,גרמים,939.00,100 גרם,false,,42.90,4.5687,true,1,294832
8001090016003,false,טבליות פיירי 84 יח,פרוקטר & גמבל,FR,טבליות פיירי 84 יח,פריט,1.14,"ק""ג",false,,42.90,37.6316,true,1,294833
8001090156839,false,חיתולי פמפרס בייבי ד,פרוקטר & גמבל,TR,חיתולי פמפרס בייבי ד,Unknown,0.00,יחידה,false,,64.90,0.0000,true,1,321722
8001090268679,false,חיתולי פמפרס בייבי ד,פרוקטר & גמבל,TR,חיתולי פמפרס בייבי ד,Unknown,0.00,יחידה,false,,64.90,0.0000,true,1,321723
8001090290830,false,משחת אורל בי D3 WHIT,פרוקטר & גמבל,DE,משחת אורל בי D3 WHIT,מיליליטרים,75.00,"100 מ""ל",false,,9.90,13.2000,true,1,320639
8001090290939,false,משחת אורל בי D3 WHIT,פרוקטר & גמבל,DE,משחת אורל בי D3 WHIT,מיליליטרים,75.00,"100 מ""ל",false,,9.90,13.2000,true,1,320640
8001090336354,false,חיתולי פמפרס בייבי ד,פרוקטר & גמבל,PL,חיתולי פמפרס בייבי ד,Unknown,0.00,יחידה,false,,29.90,0.0000,true,1,313143
8001090364203,false,משחת אורל בי להלבנה,פרוקטר & גמבל,DE,משחת אורל בי להלבנה,מיליליטרים,75.00,"100 מ""ל",false,,6.90,9.2000,true,1,320644
8001090368553,false,חיתולי פמפרס בייבי ד,פרוקטר & גמבל,TR,חיתולי פמפרס בייבי ד,Unknown,0.00,יחידה,false,,64.90,0.0000,true,1,321725
8001090379368,false,חיתולים פרימיום קר 8,פרוקטר & גמבל,TR,חיתולים פרימיום קר 8,Unknown,0.00,יחידה,false,,29.90,0.0000,true,1,299360
8001090458322,false,נוזל כלים פיירי ורדי,פרוקטר & גמבל,GB,נוזל כלים פיירי ורדי,קילוגרמים,1.01,ליטר,false,,14.90,14.7525,true,1,314002
8001090493637,false,שמפו הד&שולדרס אולטר,פרוקטר & גמבל,,שמפו הד&שולדרס אולטר,מיליליטרים,450.00,"100 מ""ל",false,,17.90,3.9778,true,1,298351
8001090802385,false,קפסולות ג'ל טייד 26,פרוקטר & גמבל,FR,קפסולות ג'ל טייד 26,גרמים,592.00,100 גרם,false,,23.90,4.0372,true,1,306819
8001090832450,false,שמפו פנטן קלאסי 660,פרוקטר & גמבל,RO,שמפו פנטן קלאסי 660,מיליליטרים,660.00,"100 מ""ל",false,,18.90,2.8636,true,1,311599
8001090832535,false,שמפו פנטן שמן מרוקאי,פרוקטר & גמבל,RO,שמפו פנטן שמן מרוקאי,מיליליטרים,660.00,"100 מ""ל",false,,18.90,2.8636,true,1,311600
8001090832573,false,שמפו פנטן לחות מוגבר,פרוקטר & גמבל,RO,שמפו פנטן לחות מוגבר,מיליליטרים,660.00,"100 מ""ל",false,,18.90,2.8636,true,1,311690
8001090832818,false,מרכך פנטן קלאסי 660,פרוקטר & גמבל,RO,מרכך פנטן קלאסי 660,מיליליטרים,660.00,"100 מ""ל",false,,18.90,2.8636,true,1,311601
8001090832856,false,מרכך פנטן שמן מרוקאי,פרוקטר & גמבל,RO,מרכך פנטן שמן מרוקאי,מיליליטרים,660.00,"100 מ""ל",false,,18.90,2.8636,true,1,311602
8001090832894,false,מרכך פנטן לחות מוגבר,פרוקטר & גמבל,RO,מרכך פנטן לחות מוגבר,מיליליטרים,660.00,"100 מ""ל",false,,18.90,2.8636,true,1,311603
8001090833280,false,גל אריאל ניחוח הרים,פרוקטר & גמבל,FR,גל אריאל ניחוח הרים,קילוגרמים,5.00,ליטר,false,,47.90,9.5800,true,1,304012
8001090992338,false,טבליות פיירי למדיח פ,פרוקטר & גמבל,FR,טבליות פיירי למדיח פ,גרמים,922.00,100 גרם,false,,42.90,4.6529,true,1,309390
8001841006710,false,כדוריות לנור לכביסה,פרוקטר & גמבל,GB,כדוריות לנור לכביסה,גרמים,210.00,100 גרם,false,,24.90,11.8571,true,1,316075
8001841053684,false,תחבושות אולוויז עבה,פרוקטר & גמבל,HU,תחבושות אולוויז עבה,Unknown,0.00,יחידה,false,,9.90,0.0000,true,1,305647
8001841053806,false,תחבושות אולוויז עבה,פרוקטר & גמבל,HU,תחבושות אולוויז עבה,Unknown,0.00,יחידה,false,,9.90,0.0000,true,1,305646
8001841062624,false,מגבונים פמפרס ללא בי,פרוקטר & גמבל,DE,מגבונים פמפרס ללא בי,Unknown,0.00,יחידה,false,,15.90,0.0000,true,1,318035
8001841077949,false,מגבונים פמפרס בניחוח,פרוקטר & גמבל,DE,מגבונים פמפרס בניחוח,Unknown,0.00,יחידה,false,,15.90,0.0000,true,1,318034
8001841105093,false,חיתולים פרימיום קר 1,פרוקטר & גמבל,PL,חיתולים פרימיום קר 1,Unknown,0.00,יחידה,false,,29.90,0.0000,true,1,319494
8001841216584,false,תחבושות אלוויז קוואט,פרוקטר & גמבל,HU,תחבושות אלוויז קוואט,Unknown,0.00,יחידה,false,,29.90,0.0000,true,1,309351
8001841272757,false,משחת אורל בי D3 WHIT,פרוקטר & גמבל,DE,משחת אורל בי D3 WHIT,מיליליטרים,75.00,"100 מ""ל",false,,9.90,13.2000,true,1,320641
8001841427126,false,מגן תחתון אולוויז מג,פרוקטר & גמבל,,מגן תחתון אולוויז מג,Unknown,0.00,יחידה,false,,16.90,0.0000,true,1,320455
8001841566771,false,כדוריות לנור לכביסה,פרוקטר & גמבל,GB,כדוריות לנור לכביסה,גרמים,210.00,100 גרם,false,,24.90,11.8571,true,1,316076
8001841617893,false,שמפו פנטן לחות מוגבר,פרוקטר & גמבל,RO,שמפו פנטן לחות מוגבר,קילוגרמים,1.00,ליטר,false,,21.90,21.9000,true,1,317743
8001841619026,false,מרכך פנטן לחות מוגבר,פרוקטר & גמבל,RO,מרכך פנטן לחות מוגבר,קילוגרמים,1.00,ליטר,false,,21.90,21.9000,true,1,317744
8001841625287,false,נוזל כלים פיירי פלטי,פרוקטר & גמבל,TR,נוזל כלים פיירי פלטי,קילוגרמים,1.01,ליטר,false,,14.90,14.7525,true,1,319148
8001841625508,false,נוזל כלים פיירי פלטי,פרוקטר & גמבל,TR,נוזל כלים פיירי פלטי,קילוגרמים,1.01,ליטר,false,,14.90,14.7525,true,1,319149
8001841669465,false,קפסולות גל אריאל בני,פרוקטר & גמבל,FR,קפסולות גל אריאל בני,Unknown,0.00,יחידה,false,,29.90,0.0000,true,1,322885
8001841669519,false,קפסולות גל אריאל 55,פרוקטר & גמבל,FR,קפסולות גל אריאל 55,פריט,1.39,"ק""ג",false,,54.90,39.4964,true,1,312019
8001841680989,false,מגן תחתון אולוויז מג,פרוקטר & גמבל,,מגן תחתון אולוויז מג,Unknown,0.00,יחידה,false,,16.90,0.0000,true,1,320456
8001841715957,false,ג'ל רחצה ושמפו הד &,פרוקטר & גמבל,FR,ג'ל רחצה ושמפו הד &,מיליליטרים,360.00,"100 מ""ל",false,,16.90,4.6944,true,1,318037
8001841716312,false,ג'ל רחצה ושמפו הד &,פרוקטר & גמבל,FR,ג'ל רחצה ושמפו הד &,מיליליטרים,360.00,"100 מ""ל",false,,16.90,4.6944,true,1,318038
8001841716435,false,ג'ל רחצה ושמפו הד &,פרוקטר & גמבל,FR,ג'ל רחצה ושמפו הד &,מיליליטרים,360.00,"100 מ""ל",false,,16.90,4.6944,true,1,318039
8001841780818,false,נוזל כלים פיירי לימו,פרוקטר & גמבל,TR,נוזל כלים פיירי לימו,קילוגרמים,1.50,ליטר,false,,9.90,6.6000,true,1,323463
8001841943961,false,כדוריות לנור לכביסה,פרוקטר & גמבל,GB,כדוריות לנור לכביסה,גרמים,210.00,100 גרם,false,,24.90,11.8571,true,1,318955
8001841948119,false,נוזל כלים פיירי תפוח,פרוקטר & גמבל,GB,נוזל כלים פיירי תפוח,קילוגרמים,1.05,ליטר,false,,10.90,10.3810,true,1,317056
8002110383709,false,קרם ידיים מרוכז ניוט,גונסון אנד גונסון,FR,קרם ידיים מרוכז ניוט,מיליליטרים,50.00,"100 מ""ל",false,,19.90,39.8000,true,1,324998
8003440997833,false,מסטיק מנטוס פיור פרש,פרפטי ואן מלה ברדה,TR,מסטיק מנטוס פיור פרש,גרמים,200.00,100 גרם,false,,19.90,9.9500,true,1,318241
8003440997857,false,מסטיק מנטוס פיור פרש,פרפטי ואן מלה ברדה,TR,מסטיק מנטוס פיור פרש,גרמים,200.00,100 גרם,false,,19.90,9.9500,true,1,318242
8003440997871,false,מסטיק מנטוס פיור פרש,פרפטי ואן מלה ברדה,TR,מסטיק מנטוס פיור פרש,גרמים,200.00,100 גרם,false,,19.90,9.9500,true,1,318243
8005200256587,false,נסטי בטעם אפרסק 1.5,סן פלגרינו,,נסטי בטעם אפרסק 1.5,קילוגרמים,1.50,ליטר,false,,6.90,4.6000,true,1,320007
8005200286584,false,נסטי בטעם מנגו אננס,סן פלגרינו,,נסטי בטעם מנגו אננס,קילוגרמים,1.50,ליטר,false,,6.90,4.6000,true,1,320008
8005200316588,false,נסטי דיאט אפרסק 1.5,סן פלגרינו,,נסטי דיאט אפרסק 1.5,קילוגרמים,1.50,ליטר,false,,7.90,5.2667,true,1,320009
8006540091937,false,כדוריות לנור לכביסה,פרוקטר & גמבל,GB,כדוריות לנור לכביסה,גרמים,210.00,100 גרם,false,,24.90,11.8571,true,1,319147
8006540112793,false,מרכך מרוכז לנור יסמי,פרוקטר & גמבל,FR,מרכך מרוכז לנור יסמי,מיליליטרים,900.00,"100 מ""ל",false,,14.90,1.6556,true,1,318390
8006540112823,false,מרכך מרוכז לנור אוקי,פרוקטר & גמבל,FR,מרכך מרוכז לנור אוקי,מיליליטרים,900.00,"100 מ""ל",false,,14.90,1.6556,true,1,317518
8006540112854,false,מרכך מרוכז לנור סחלב,פרוקטר & גמבל,FR,מרכך מרוכז לנור סחלב,מיליליטרים,900.00,"100 מ""ל",false,,14.90,1.6556,true,1,317245
8006540252468,false,תחבושות אלוויז פלטינ,פרוקטר & גמבל,HU,תחבושות אלוויז פלטינ,Unknown,0.00,יחידה,false,,29.90,0.0000,true,1,322890
8006540252499,false,תחבושות אלוויז פלטינ,פרוקטר & גמבל,HU,תחבושות אלוויז פלטינ,Unknown,0.00,יחידה,false,,29.90,0.0000,true,1,322891
8006540252529,false,תחבושות אלוויז פלטינ,פרוקטר & גמבל,HU,תחבושות אלוויז פלטינ,Unknown,0.00,יחידה,false,,29.90,0.0000,true,1,322892
8006540352960,false,טמפונים טמפקס פרל רג,פרוקטר & גמבל,HK,טמפונים טמפקס פרל רג,Unknown,0.00,יחידה,false,,19.90,0.0000,true,1,320017
8006540353004,false,טמפונים טמפקס פרל סו,פרוקטר & גמבל,HK,טמפונים טמפקס פרל סו,Unknown,0.00,יחידה,false,,19.90,0.0000,true,1,320018
8006540358498,false,טמפונים טמפקס פרל סו,פרוקטר & גמבל,HK,טמפונים טמפקס פרל סו,Unknown,0.00,יחידה,false,,19.90,0.0000,true,1,320019
8006540383087,false,טבליות פיירי פלטינום,פרוקטר & גמבל,FR,טבליות פיירי פלטינום,גרמים,922.00,100 גרם,false,,42.90,4.6529,true,1,322882
8006540404850,false,תחבושות אלוויז דיסקר,פרוקטר & גמבל,DE,תחבושות אלוויז דיסקר,Unknown,0.00,יחידה,false,,13.90,0.0000,true,1,323741
8006540404898,false,תחבושות אלוויז דיסקר,פרוקטר & גמבל,DE,תחבושות אלוויז דיסקר,Unknown,0.00,יחידה,false,,13.90,0.0000,true,1,323742
8006540404935,false,תחבושות אלוויז דיסקר,פרוקטר & גמבל,DE,תחבושות אלוויז דיסקר,Unknown,0.00,יחידה,false,,13.90,0.0000,true,1,323743
8006540405031,false,תחבושות אלוויז דיסקר,פרוקטר & גמבל,DE,תחבושות אלוויז דיסקר,Unknown,0.00,יחידה,false,,13.90,0.0000,true,1,323744
8006540425930,false,קפסולות גל אריאל אקס,פרוקטר & גמבל,FR,קפסולות גל אריאל אקס,Unknown,0.00,יחידה,false,,29.90,0.0000,true,1,322883
8006540428368,false,חיתולי פמפרס בייבי ד,פרוקטר & גמבל,PL,חיתולי פמפרס בייבי ד,Unknown,0.00,יחידה,false,,29.90,0.0000,true,1,322489
8006540463550,false,טבליות פיירי פלטינום,פרוקטר & גמבל,FR,טבליות פיירי פלטינום,גרמים,939.00,100 גרם,false,,42.90,4.5687,true,1,323500
8006540495186,false,מרכך מרוכז לנור בייב,פרוקטר & גמבל,FR,מרכך מרוכז לנור בייב,מיליליטרים,900.00,"100 מ""ל",false,,14.90,1.6556,true,1,323274
8006540495216,false,מרכך מרוכז לנור זר פ,פרוקטר & גמבל,FR,מרכך מרוכז לנור זר פ,מיליליטרים,900.00,"100 מ""ל",false,,14.90,1.6556,true,1,323327
8006540495247,false,מרכך מרוכז לנור בניח,פרוקטר & גמבל,FR,מרכך מרוכז לנור בניח,מיליליטרים,900.00,"100 מ""ל",false,,14.90,1.6556,true,1,324311
8007178120310,false,חומץ בלסמי גקובזי 50,זקובזי,,חומץ בלסמי גקובזי 50,מיליליטרים,500.00,"100 מ""ל",false,,18.90,3.7800,true,1,255919
8007178223547,false,קרם מצומצם עם חומץ ב,זקובזי,IT,קרם מצומצם עם חומץ ב,מיליליטרים,250.00,"100 מ""ל",false,,19.90,7.9600,true,1,323441
8008343880039,false,ספגטי ללא גלוטן רומו,רומו,IT,ספגטי ללא גלוטן רומו,גרמים,400.00,100 גרם,false,,12.90,3.2250,true,1,317008
8008343880480,false,פסטה פוזילי ללא גלוט,רומו,IT,פסטה פוזילי ללא גלוט,גרמים,400.00,100 גרם,false,,12.90,3.2250,true,1,317009
8008343880664,false,פסטה פנה ללא גלוטן ר,רומו,IT,פסטה פנה ללא גלוטן ר,גרמים,400.00,100 גרם,false,,12.90,3.2250,true,1,317010
8008660210014,false,מעדן פרי משמש מנז אנ,מנז אנד גאסר,IT,מעדן פרי משמש מנז אנ,גרמים,320.00,100 גרם,false,,11.90,3.7188,true,1,322525
8008660210021,false,מעדן פרי דובדבן מנז,מנז אנד גאסר,IT,מעדן פרי דובדבן מנז,גרמים,320.00,100 גרם,false,,11.90,3.7188,true,1,322526
8008660210038,false,מעדן פרי תות מנז אנד,מנז אנד גאסר,IT,מעדן פרי תות מנז אנד,גרמים,320.00,100 גרם,false,,11.90,3.7188,true,1,322527
8008660210052,false,מעדן פרי תפוז מנז אנ,מנז אנד גאסר,IT,מעדן פרי תפוז מנז אנ,גרמים,320.00,100 גרם,false,,11.90,3.7188,true,1,322529
8008660210069,false,מעדן פרי אפרסק פסיפל,מנז אנד גאסר,IT,מעדן פרי אפרסק פסיפל,גרמים,320.00,100 גרם,false,,11.90,3.7188,true,1,322530
8014601651969,false,קמח ללא גלוטן קאפוטו,קאפוטו,IT,קמח ללא גלוטן קאפוטו,פריט,1.00,"ק""ג",false,,44.90,44.9000,true,1,317005
8018068031395,false,נסקוטש 6 יח,YIWU HANGYUE I&E,CN,נסקוטש 6 יח,Unknown,0.00,יחידה,false,,19.90,0.0000,true,1,310176
8034108740430,false,תפוח עץ סמיט בי & בי,אראל תוצרת חקלאית בע,IL,תפוח עץ סמיט בי & בי,פריט,1.00,"ק""ג",false,,9.90,9.9000,true,1,323658
8034108740454,false,תפוח עץ סטורי בי & ב,אראל תוצרת חקלאית בע,IL,תפוח עץ סטורי בי & ב,פריט,1.00,"ק""ג",false,,9.90,9.9000,true,1,322768
8034108740461,false,תפוח עץ חרמון בי & ב,אראל תוצרת חקלאית בע,IL,תפוח עץ חרמון בי & ב,פריט,1.00,"ק""ג",false,,9.90,9.9000,true,1,322792
8034108740478,false,תפוח עץ מוזהב גולדן,אראל תוצרת חקלאית בע,IL,תפוח עץ מוזהב גולדן,פריט,1.00,"ק""ג",false,,9.90,9.9000,true,1,322761
8034108740485,false,תפוח עץ סמיט בי & בי,אראל תוצרת חקלאית בע,IL,תפוח עץ סמיט בי & בי,פריט,1.00,"ק""ג",false,,9.90,9.9000,true,1,322831
8034108740515,false,תפוח עץ גאלה בי & בי,אראל תוצרת חקלאית בע,IL,תפוח עץ גאלה בי & בי,פריט,1.00,"ק""ג",false,,9.90,9.9000,true,1,324668
8034108740539,false,תפוח עץ גולד רוז,אראל תוצרת חקלאית בע,IL,תפוח עץ גולד רוז,פריט,1.00,"ק""ג",false,,12.90,12.9000,true,1,324971
8076800195057,false,ספגטי ברילה מס 5 500,ברילה,IT,ספגטי ברילה מס 5 500,גרמים,500.00,100 גרם,false,,6.90,1.3800,true,1,261654
8076800195132,false,פסטה ברילה בבטה מס 1,ברילה,IT,פסטה ברילה בבטה מס 1,גרמים,500.00,100 גרם,false,,6.90,1.3800,true,1,261657
8076802085738,false,פסטה ברילה פנה רגטה,ברילה,IT,פסטה ברילה פנה רגטה,גרמים,500.00,100 גרם,false,,6.90,1.3800,true,1,261650
8076802085837,false,פסטה ברילה טורטליוני,ברילה,IT,פסטה ברילה טורטליוני,גרמים,500.00,100 גרם,false,,6.90,1.3800,true,1,261651
8076802085936,false,פסטה ברילה קונצילה ר,ברילה,,פסטה ברילה קונצילה ר,גרמים,500.00,100 גרם,false,,6.90,1.3800,true,1,272609
8076802085981,false,פסטה ברילה פוזילי 50,ברילה,IT,פסטה ברילה פוזילי 50,גרמים,500.00,100 גרם,false,,6.90,1.3800,true,1,261660
8076808050440,false,מקרוני ברילה 500 גרם,ברילה,IT,מקרוני ברילה 500 גרם,גרמים,500.00,100 גרם,false,,6.90,1.3800,true,1,261652
8076808060654,false,פרפלה ברילה מס 65 50,ברילה,IT,פרפלה ברילה מס 65 50,גרמים,500.00,100 גרם,false,,6.90,1.3800,true,1,261659
8076809512268,false,פסטה ברילה גירנדולה,ברילה,IT,פסטה ברילה גירנדולה,גרמים,500.00,100 גרם,false,,6.90,1.3800,true,1,261661
8076809513388,false,רוטב עגבניות ארביאטה,ברילה,IT,רוטב עגבניות ארביאטה,גרמים,400.00,100 גרם,false,,11.90,2.9750,true,1,264321
8076809513395,false,רוטב עגבניות פומודור,ברילה,IT,רוטב עגבניות פומודור,גרמים,400.00,100 גרם,false,,11.90,2.9750,true,1,264320
8076809513654,false,רוטב בסיס לבולונז בר,ברילה,IT,רוטב בסיס לבולונז בר,גרמים,400.00,100 גרם,false,,11.90,2.9750,true,1,264319
8076809513692,false,רוטב עגבניות נפולטנה,ברילה,IT,רוטב עגבניות נפולטנה,גרמים,400.00,100 גרם,false,,11.90,2.9750,true,1,264322
8076809513739,false,רוטב עגבניות בזיליקו,ברילה,IT,רוטב עגבניות בזיליקו,גרמים,400.00,100 גרם,false,,11.90,2.9750,true,1,264323
8076809523561,false,רוטב עגבניות טוסקנה,ברילה,IT,רוטב עגבניות טוסקנה,גרמים,400.00,100 גרם,false,,11.90,2.9750,true,1,264318
8076809523738,false,לזניה ברילה 500 גרם,ברילה,,לזניה ברילה 500 גרם,גרמים,500.00,100 גרם,false,,19.90,3.9800,true,1,261668
8076809545440,false,ספגטי ל.גלוטן ברילה,ברילה,IT,ספגטי ל.גלוטן ברילה,גרמים,500.00,100 גרם,false,,14.90,2.9800,true,1,289268
8076809545457,false,פסטה פנה ל.גלוטן ברי,ברילה,IT,פסטה פנה ל.גלוטן ברי,גרמים,400.00,100 גרם,false,,14.90,3.7250,true,1,289269
8076809545464,false,פסטה פוסילי ל.גלוטן,ברילה,IT,פסטה פוסילי ל.גלוטן,גרמים,500.00,100 גרם,false,,14.90,2.9800,true,1,289270
8076809576352,false,לזניה ל. גלוטן ברילה,ברילה,IT,לזניה ל. גלוטן ברילה,גרמים,250.00,100 גרם,false,,19.90,7.9600,true,1,321917
8410104039134,false,מנקה מדיח פיניש 250,רקיט בנקיזר,PL,מנקה מדיח פיניש 250,מיליליטרים,250.00,"100 מ""ל",false,,14.90,5.9600,true,1,248814
8410104044916,false,אבקה למדיח פיניש 2.7,רקיט בנקיזר,PL,אבקה למדיח פיניש 2.7,פריט,2.70,"ק""ג",false,,39.90,14.7778,true,1,248815
8410104045111,false,"מלח למדיח פיניש 2 ק""",חברת המלח,IL,"מלח למדיח פיניש 2 ק""",פריט,2.00,"ק""ג",false,,12.90,6.4500,true,1,276606
8410104425906,false,"שעווה חמה ויט 250 מ""",רקיט בנקיזר,FR,"שעווה חמה ויט 250 מ""",מיליליטרים,250.00,"100 מ""ל",false,,19.90,7.9600,true,1,318273
8410104437268,false,מפיג ריח פיניש רענן,רקיט בנקיזר,PL,מפיג ריח פיניש רענן,Unknown,0.00,יחידה,false,,14.90,0.0000,true,1,257894
8410104511340,false,רצועות שעווה לעור יב,רקיט בנקיזר,FR,רצועות שעווה לעור יב,Unknown,0.00,יחידה,false,,19.90,0.0000,true,1,312524
8435188458053,false,רפידת ספוג לנעליים,,,רפידת ספוג לנעליים,Unknown,0.00,יחידה,false,,12.90,0.0000,true,1,258862
8436575292205,false,שלגוני חמשושים 15 יח,גלידות נסטלה,IL,שלגוני חמשושים 15 יח,גרמים,180.00,100 גרם,false,,18.90,10.5000,true,1,305431
8445290046284,false,קפה נמס מגורען רד מא,נסטלה ספרד קפה,ES,קפה נמס מגורען רד מא,גרמים,220.00,100 גרם,false,,18.90,8.5909,true,1,324282
8681873024519,false,"כוסות ח""פ 100 יח",פאלאס,CN,"כוסות ח""פ 100 יח",Unknown,0.00,יחידה,false,,5.90,0.0000,true,1,325062
8690120160177,false,ופל מצופה קרם אגוזים,קומרה,TR,ופל מצופה קרם אגוזים,גרמים,840.00,100 גרם,false,,24.90,2.9643,true,1,320426
8690120160405,false,ופל מצופה שוקולד חלב,קומרה,TR,ופל מצופה שוקולד חלב,גרמים,840.00,100 גרם,false,,24.90,2.9643,true,1,321829
8690120559995,false,ופל מצופה שוקולד מרי,קומרה,TR,ופל מצופה שוקולד מרי,גרמים,840.00,100 גרם,false,,24.90,2.9643,true,1,321830
8690646389250,false,פתיבר קלאסי בריידמן,אוילום,TR,פתיבר קלאסי בריידמן,פריט,1.00,"ק""ג",false,,11.90,11.9000,true,1,325554
8690646389267,false,פתיבר בטעם שוקולד בר,אוילום,TR,פתיבר בטעם שוקולד בר,פריט,1.00,"ק""ג",false,,11.90,11.9000,true,1,325555
8692952202506,false,סט 3 כוסות יין דגם ט,,,סט 3 כוסות יין דגם ט,Unknown,0.00,יחידה,false,,19.90,0.0000,true,1,325499
8693495052177,false,תחליב פלמוליב זיתים,קולגייט פלמוליב,TR,תחליב פלמוליב זיתים,מיליליטרים,750.00,"100 מ""ל",false,,19.50,2.6000,true,1,300871
8693804095109,false,אטריות להכנת קדאיף 5,אונלו מאמולרי,TR,אטריות להכנת קדאיף 5,גרמים,500.00,100 גרם,false,,6.90,1.3800,true,1,323213
8693804095192,false,דפי פילו משולשים 40,אונלו מאמולרי,TR,דפי פילו משולשים 40,גרמים,600.00,100 גרם,false,,9.90,1.6500,true,1,323211
8693804095222,false,דפי פילו 44 יח',אונלו מאמולרי,TR,דפי פילו 44 יח',גרמים,800.00,100 גרם,false,,9.90,1.2375,true,1,323212
8697420697914,false,זית שחור יבש קרן 700,אונטד גידה,TR,זית שחור יבש קרן 700,גרמים,700.00,100 גרם,false,,14.90,2.1286,true,1,303158
8697465218891,false,מארז 10 מכוניות עם א,דוגקאר גידה,TR,מארז 10 מכוניות עם א,Unknown,0.00,יחידה,false,,10.90,0.0000,true,1,310144
8697480065821,false,פסטה דורומי 900 גרם,Bessan Makarna,TR,פסטה דורומי 900 גרם,גרמים,900.00,100 גרם,false,,4.90,0.5444,true,1,272280
8697826469092,false,טורטיות 12*45 גרם,,TR,טורטיות 12*45 גרם,גרמים,540.00,100 גרם,false,,7.90,1.4630,true,1,260745
8698829381152,false,טורטיה דורום 18*90 ג,מוטלוקאל גידה סאן טי,TR,טורטיה דורום 18*90 ג,פריט,1.62,"ק""ג",false,,19.90,12.2840,true,1,323183
8698849552136,false,פרלינים רוקה 300 גרם,ויגוס,TR,פרלינים רוקה 300 גרם,גרמים,300.00,100 גרם,false,,7.90,2.6333,true,1,321865
8698996005783,false,טישו נואה 7*100 יח,פאלאס,TR,טישו נואה 7*100 יח,Unknown,700.00,יחידה,false,,11.90,0.0170,true,1,319395
8710428005755,false,סימילאק איזומיל טף ש,אבוט,NL,סימילאק איזומיל טף ש,גרמים,400.00,100 גרם,false,,39.90,9.9750,true,1,264529
8710428005762,false,סימילאק איזומיל טף ש,אבוט,NL,סימילאק איזומיל טף ש,גרמים,400.00,100 גרם,false,,39.90,9.9750,true,1,264530
8710502194825,false,עוגיות שוקולד ציפס מ,מרבה הולנד,NL,עוגיות שוקולד ציפס מ,גרמים,150.00,100 גרם,false,,4.90,3.2667,true,1,270289
8710800961310,false,מנטוס תות 4 יח,פרפטי ואן מלה ברדה,NL,מנטוס תות 4 יח,גרמים,150.00,100 גרם,false,,9.90,6.6000,true,1,248876
8711000371190,false,קפסולות גייקובס אספר,JDA,NL,קפסולות גייקובס אספר,Unknown,0.00,יחידה,false,,19.90,0.0000,true,1,324793
8711000371251,false,קפסולות גייקובס לונג,JDA,NL,קפסולות גייקובס לונג,Unknown,0.00,יחידה,false,,19.90,0.0000,true,1,324794
8711000377505,false,קפסולות גייקובס ריסט,JDA,NL,קפסולות גייקובס ריסט,Unknown,0.00,יחידה,false,,19.90,0.0000,true,1,324797
8711000472071,false,קפסולות גייקובס מובח,JDA,NL,קפסולות גייקובס מובח,Unknown,0.00,יחידה,false,,19.90,0.0000,true,1,324795
8711000485798,false,קפסולות גייקובס בוקר,JDA,NL,קפסולות גייקובס בוקר,Unknown,0.00,יחידה,false,,19.90,0.0000,true,1,324796
8711000515297,false,קפה נמס גייקובס ולוו,,,קפה נמס גייקובס ולוו,גרמים,200.00,100 גרם,false,,16.90,8.4500,true,1,324798
8714599410530,false,קפה גיקובס קרוננג בש,גייקובס,UA,קפה גיקובס קרוננג בש,גרמים,200.00,100 גרם,false,,19.90,9.9500,true,1,299399
8714599512159,false,קפה גיקובס מונרך 190,גייקובס,RU,קפה גיקובס מונרך 190,גרמים,190.00,100 גרם,false,,19.90,10.4737,true,1,303699
8714599513781,false,קפה גיקובס קרנט זהב,גייקובס,UA,קפה גיקובס קרנט זהב,גרמים,200.00,100 גרם,false,,19.90,9.9500,true,1,290118
8714599513866,false,קפה גיקובס קרוננג 20,גייקובס,UA,קפה גיקובס קרוננג 20,גרמים,200.00,100 גרם,false,,19.90,9.9500,true,1,290117
8714789177229,false,מברשת קולגייט מדיום,קולגייט פלמוליב,VN,מברשת קולגייט מדיום,Unknown,0.00,יחידה,false,,9.90,0.0000,true,1,257206
8714789402918,false,אגקס חגיגת הפרחים אד,,,אגקס חגיגת הפרחים אד,קילוגרמים,1.50,ליטר,false,,18.90,12.6000,true,1,261280
8714789402932,false,אגקס חגיגת הפרחים ור,,,אגקס חגיגת הפרחים ור,קילוגרמים,1.50,ליטר,false,,18.90,12.6000,true,1,261281
8714789402970,false,אגקס חגיגת הפרחים פר,,,אגקס חגיגת הפרחים פר,קילוגרמים,1.50,ליטר,false,,18.90,12.6000,true,1,261282
8714789529561,false,משחת קולגייט סנסטיב,קולגייט פלמוליב,PL,משחת קולגייט סנסטיב,מיליליטרים,75.00,"100 מ""ל",false,,17.90,23.8667,true,1,310620
8715700115849,false,"קטשופ היינץ 1.35 ק""ג",היינץ,US,"קטשופ היינץ 1.35 ק""ג",פריט,1.35,"ק""ג",false,,14.90,11.0370,true,1,302132
8715700423906,false,מתבל עגבניות היינץ 5,היינץ,NL,מתבל עגבניות היינץ 5,גרמים,555.00,100 גרם,false,,9.90,1.7838,true,1,318578
8718114724485,false,מיונז לחיץ הלמנס 705,יוניליוור,GB,מיונז לחיץ הלמנס 705,גרמים,705.00,100 גרם,false,,15.90,2.2553,true,1,324286
8718951030206,false,משחת קולגייט סנסטיב,קולגייט פלמוליב,PL,משחת קולגייט סנסטיב,מיליליטרים,75.00,"100 מ""ל",false,,16.90,22.5333,true,1,321913
8718951093331,false,מברשת מרידול אקסטרה,קולגייט פלמוליב,,מברשת מרידול אקסטרה,Unknown,0.00,יחידה,false,,24.90,0.0000,true,1,304961
8718951159808,false,מברשת קולגייט 360 מד,קולגייט פלמוליב,CN,מברשת קולגייט 360 מד,Unknown,0.00,יחידה,false,,24.90,0.0000,true,1,301701
8718951259409,false,תחליב פלמוליב נטורלס,קולגייט פלמוליב,TR,תחליב פלמוליב נטורלס,מיליליטרים,750.00,"100 מ""ל",false,,19.50,2.6000,true,1,324444
8718951264618,false,משחת קולגייט אופטיק,קולגייט פלמוליב,PL,משחת קולגייט אופטיק,גרמים,75.00,100 גרם,false,,22.90,30.5333,true,1,314443
8718951265103,false,מברשת קולגייט אולטרה,קולגייט פלמוליב,CN,מברשת קולגייט אולטרה,Unknown,0.00,יחידה,false,,29.90,0.0000,true,1,308180
8718951289833,false,סבון מוצק פלמוליב לו,קולגייט פלמוליב,,סבון מוצק פלמוליב לו,גרמים,360.00,100 גרם,false,,14.90,4.1389,true,1,309391
8718951315303,false,משחת קולגייט מקסימום,קולגייט פלמוליב,,משחת קולגייט מקסימום,גרמים,200.00,100 גרם,false,,15.90,7.9500,true,1,315691
8718951361485,false,משחת קולגייט הלבנה פ,קולגייט פלמוליב,PL,משחת קולגייט הלבנה פ,מיליליטרים,150.00,"100 מ""ל",false,,37.90,25.2667,true,1,321037
8718951370135,false,תחליב פלמוליב ארומה,קולגייט פלמוליב,TR,תחליב פלמוליב ארומה,מיליליטרים,750.00,"100 מ""ל",false,,19.50,2.6000,true,1,312526
8718951385290,false,נוזל אג'קס מרענן 2 ל,קולגייט פלמוליב,BY,נוזל אג'קס מרענן 2 ל,קילוגרמים,2.00,ליטר,false,,19.90,9.9500,true,1,315527
8718951409798,false,מברשת קולגייט מקס וו,קולגייט פלמוליב,CN,מברשת קולגייט מקס וו,Unknown,0.00,יחידה,false,,24.90,0.0000,true,1,320128
8718951431614,false,ג'ל רחצה פלמוליב פיר,קולגייט פלמוליב,TR,ג'ל רחצה פלמוליב פיר,מיליליטרים,750.00,"100 מ""ל",false,,19.50,2.6000,true,1,319845
8718951433120,false,משחת קולגייט טוטאל ג,קולגייט פלמוליב,PL,משחת קולגייט טוטאל ג,מיליליטרים,50.00,"100 מ""ל",false,,14.90,29.8000,true,1,324093
8718951470538,false,משחת קולגייט מקס פרש,קולגייט פלמוליב,PL,משחת קולגייט מקס פרש,מיליליטרים,250.00,"100 מ""ל",false,,19.90,7.9600,true,1,321916
8718951498754,false,מברשת קולגייט פחם סו,קולגייט פלמוליב,VN,מברשת קולגייט פחם סו,Unknown,0.00,יחידה,false,,17.90,0.0000,true,1,324201
8718951509627,false,משחת קולגייט אופטיק,קולגייט פלמוליב,PL,משחת קולגייט אופטיק,גרמים,75.00,100 גרם,false,,22.90,30.5333,true,1,322797
8719200998001,false,מרגרינה ללא מלח בלוב,יוניליוור,IL,מרגרינה ללא מלח בלוב,גרמים,200.00,100 גרם,false,,4.30,2.1500,true,1,310135
8719200998018,false,מחמאה בלובנד 200 גרם,יוניליוור,IL,מחמאה בלובנד 200 גרם,גרמים,200.00,100 גרם,false,,4.30,2.1500,true,1,309710
8719200998032,false,מרגרינה 3/4 שומן טעם,יוניליוור,IL,מרגרינה 3/4 שומן טעם,גרמים,250.00,100 גרם,false,,8.90,3.5600,true,1,309639
8719200998049,false,מרגרינה מזולה 250 גר,יוניליוור,IL,מרגרינה מזולה 250 גר,גרמים,250.00,100 גרם,false,,8.90,3.5600,true,1,309818
8719200998094,false,מרגרינה מזולה 200 גר,יוניליוור,IL,מרגרינה מזולה 200 גר,גרמים,200.00,100 גרם,false,,5.90,2.9500,true,1,310017
8719200998100,false,מרגרינה בטעם חמאה מז,יוניליוור,IL,מרגרינה בטעם חמאה מז,גרמים,200.00,100 גרם,false,,5.90,2.9500,true,1,309640
8723400756552,false,מנטוס צבעי הקשת 4 יח,פרפטי ואן מלה ברדה,NL,מנטוס צבעי הקשת 4 יח,גרמים,150.00,100 גרם,false,,9.90,6.6000,true,1,259163
8801055707966,false,קפה נמס טסטרס צויס ב,גלידות נסטלה,IL,קפה נמס טסטרס צויס ב,גרמים,180.00,100 גרם,false,,29.90,16.6111,true,1,291978
8809168840471,false,חטיף אצות מיובשות מז,JK GLOBAL INC,KR,חטיף אצות מיובשות מז,גרמים,40.50,100 גרם,false,,22.90,56.5432,true,1,317522
8850006932964,false,מברשת קולגייט טוויסט,קולגייט פלמוליב,VN,מברשת קולגייט טוויסט,Unknown,0.00,יחידה,false,,17.90,0.0000,true,1,314926
8850180040028,false,טמפורה מזרח ומערב 50,קרנחם אוטאי פחרה,TH,טמפורה מזרח ומערב 50,גרמים,500.00,100 גרם,false,,10.90,2.1800,true,1,310198
8850206250592,false,רוטב צ'ילי סרירצ'ה מ,יאן ונזל יון,TH,רוטב צ'ילי סרירצ'ה מ,גרמים,540.00,100 גרם,false,,17.90,3.3148,true,1,310209
8850367992164,false,קרם קוקוס ל.גלוטן 20,טאפ פאד ונגפורן,CN,קרם קוקוס ל.גלוטן 20,מיליליטרים,250.00,"100 מ""ל",false,,7.90,3.1600,true,1,310188
8850367994021,false,רוטב צ'ילי מתוק ללא,יאן ונזל יון,TH,רוטב צ'ילי מתוק ללא,מיליליטרים,280.00,"100 מ""ל",false,,9.90,3.5357,true,1,325175
8850367994779,false,מחית קארי ירוקה מאי,טאפאדונגפורן קוקינט,TH,מחית קארי ירוקה מאי,גרמים,50.00,100 גרם,false,,4.90,9.8000,true,1,325179
8850367994786,false,מחית קארי אדומה מאי,טאפאדונגפורן קוקינט,TH,מחית קארי אדומה מאי,גרמים,50.00,100 גרם,false,,4.90,9.8000,true,1,325180
8850389105825,false,משקה אלוורה סאפה ענב,SAPPE PUBLIC,,משקה אלוורה סאפה ענב,קילוגרמים,1.00,ליטר,false,,10.90,10.9000,true,1,289804
8850389105832,false,משקה אלוורה סאפה תפו,SAPPE PUBLIC,,משקה אלוורה סאפה תפו,קילוגרמים,1.00,ליטר,false,,10.90,10.9000,true,1,289801
8850389105849,false,משקה אלוורה סאפה אפר,SAPPE PUBLIC,,משקה אלוורה סאפה אפר,קילוגרמים,1.00,ליטר,false,,10.90,10.9000,true,1,289800
8858271002870,false,רוטב פאד תאי מזרח ומ,יאן ונזל יון,TH,רוטב פאד תאי מזרח ומ,מיליליטרים,250.00,"100 מ""ל",false,,9.90,3.9600,true,1,310199
8858271002887,false,רוטב טריאקי מזרח ומע,דאנינג יוה פודס קו,TH,רוטב טריאקי מזרח ומע,מיליליטרים,250.00,"100 מ""ל",false,,9.90,3.9600,true,1,310200
8858271003020,false,רוטב סויה מזרח ומערב,יאן ונזל יון,TH,רוטב סויה מזרח ומערב,מיליליטרים,700.00,"100 מ""ל",false,,14.90,2.1286,true,1,310211
8858271003075,false,רוטב סויה מתוקה מקסצ,דאנינג יוה פודס קו,TH,רוטב סויה מתוקה מקסצ,מיליליטרים,700.00,"100 מ""ל",false,,14.90,2.1286,true,1,325176
8858271003921,false,רוטב קארי אדום מקסצ',yan val yun corpora,TH,רוטב קארי אדום מקסצ',מיליליטרים,250.00,"100 מ""ל",false,,9.90,3.9600,true,1,317524
8858271003938,false,רוטב קארי ירוק מקסצ',yan val yun corpora,TH,רוטב קארי ירוק מקסצ',מיליליטרים,250.00,"100 מ""ל",false,,9.90,3.9600,true,1,317525
8858271004034,false,רוטב צ'ילי חריף מקסצ,דאנינג יוה פודס קו,TH,רוטב צ'ילי חריף מקסצ,מיליליטרים,700.00,"100 מ""ל",false,,14.90,2.1286,true,1,325177
8858271004126,false,רוטב חמוץ מתוק מזרח,יאן ונזל יון,TH,רוטב חמוץ מתוק מזרח,מיליליטרים,700.00,"100 מ""ל",false,,14.90,2.1286,true,1,310360
8858271004300,false,רוטב טריאקי מקסצא'פ,דאנינג יוה פודס קו,TH,רוטב טריאקי מקסצא'פ,מיליליטרים,700.00,"100 מ""ל",false,,18.90,2.7000,true,1,325178
8858271004799,false,רוטב צ'ילי מתוק מזרח,יאן ונזל יון,TH,רוטב צ'ילי מתוק מזרח,מיליליטרים,700.00,"100 מ""ל",false,,12.50,1.7857,true,1,310201
8858271005772,false,רוטב סויה מקסצ'פ ללא,יאן ונזל יון,TH,רוטב סויה מקסצ'פ ללא,מיליליטרים,300.00,"100 מ""ל",false,,15.90,5.3000,true,1,312912
8901537024014,false,אורז בסמטי דאווט 1 ק,אלטי פוד,IN,אורז בסמטי דאווט 1 ק,פריט,1.00,"ק""ג",false,,11.90,11.9000,true,1,263712
8906006432383,false,נוזל קיווי שחור משופ,,,נוזל קיווי שחור משופ,מיליליטרים,75.00,"100 מ""ל",false,,13.90,18.5333,true,1,265048
8906006432468,false,קיוי קופסא שחור פקק,,,קיוי קופסא שחור פקק,Unknown,0.00,יחידה,false,,5.90,0.0000,true,1,265050
8906006432505,false,נוזל קיווי שחור אקספ,,,נוזל קיווי שחור אקספ,Unknown,0.00,יחידה,false,,13.90,0.0000,true,1,295245
8934878081811,false,דפי אורז ללא גלוטן 2,דאנינג יוה פודס קו,CN,דפי אורז ללא גלוטן 2,גרמים,400.00,100 גרם,false,,11.90,2.9750,true,1,310202
8938535541366,false,דפי אורז צבעוניים לל,CHANH KHANG COMPANY,VN,דפי אורז צבעוניים לל,גרמים,400.00,100 גרם,false,,14.90,3.7250,true,1,317521
9000101536560,false,קפסולות ג'ל פרסיל 70,הנקל סוד,RS,קפסולות ג'ל פרסיל 70,Unknown,0.00,יחידה,false,,49.90,0.0000,true,1,324021
9000101548211,false,קולור קאצר 40 דפים ל,הנקל סוד,IE,קולור קאצר 40 דפים ל,Unknown,0.00,יחידה,false,,29.90,0.0000,true,1,324498
9044400849105,false,סוכריות דחוסות בטעם,פז פרודוקשיין,GB,סוכריות דחוסות בטעם,גרמים,93.50,100 גרם,false,,13.90,14.8663,true,1,324074
