code,internal_code,name,manufacturer_name,manufacture_country,manufacturer_item_description,unit_qty,quantity,unit_of_measure,weighted,qty_in_package,price,unit_of_measure_price,allow_discount,status,item_id
2,true,עגבניות,ביכורי שדה דרום 2002,,עגבניות,קילוגרמים,1.00,"ק""ג",true,,6.90,6.9000,true,1,443901
3,true,עגבניות שרי,ביכורי שדה דרום 2002,,עגבניות שרי,קילוגרמים,1.00,"ק""ג",true,,18.90,18.9000,true,1,444634
4,true,מלפפון,ביכורי שדה דרום 2002,,מלפפון,קילוגרמים,1.00,"ק""ג",true,,6.90,6.9000,true,1,445973
6,true,גזר ארוז,ביכורי שדה דרום 2002,,גזר ארוז,קילוגרמים,1.00,"ק""ג",true,,3.90,3.9000,true,1,445425
7,true,סלק,ביכורי שדה דרום 2002,,סלק,קילוגרמים,1.00,"ק""ג",true,,3.90,3.9000,true,1,442979
8,true,כרוב לבן,ביכורי שדה דרום 2002,,כרוב לבן,קילוגרמים,1.00,"ק""ג",true,,4.50,4.5000,true,1,443252
10,true,תפוח אדמה ירושלמי/כו,ירק הגליל,,תפוח אדמה ירושלמי/כוזביה,קילוגרמים,1.00,"ק""ג",true,,13.90,13.9000,true,1,441114
11,true,שזיף שגיב,ביכורי שדה דרום 2002,,שזיף שגיב,קילוגרמים,1.00,"ק""ג",true,,19.90,19.9000,true,1,445670
12,true,כרוב אדום,ביכורי שדה דרום 2002,,כרוב אדום,קילוגרמים,1.00,"ק""ג",true,,5.90,5.9000,true,1,444374
13,true,כרובית,ביכורי שדה דרום 2002,,כרובית,קילוגרמים,1.00,"ק""ג",true,,9.90,9.9000,true,1,444429
14,true,צנון,ביכורי שדה דרום 2002,,צנון,קילוגרמים,1.00,"ק""ג",true,,6.90,6.9000,true,1,444444
15,true,צנונית ארוזה,ביכורי שדה דרום 2002,,צנונית ארוזה,Unknown,0.00,Unknown,false,1,5.90,0.0000,true,1,444454
16,true,קישואים,ביכורי שדה דרום 2002,,קישואים,קילוגרמים,1.00,"ק""ג",true,,7.90,7.9000,true,1,441475
17,true,קישוא עגול,,,קישוא עגול,קילוגרמים,1.00,"ק""ג",true,,8.90,8.9000,true,1,443839
19,true,תרד,,,תרד,Unknown,0.00,Unknown,false,1,6.90,0.0000,true,1,445196
20,true,חציל,ביכורי שדה דרום 2002,,חציל,קילוגרמים,1.00,"ק""ג",true,,6.90,6.9000,true,1,444545
22,true,פלפל ירוק,ביכורי שדה דרום 2002,,פלפל ירוק,קילוגרמים,1.00,"ק""ג",true,,8.90,8.9000,true,1,445232
23,true,פלפל בהיר,ביכורי שדה דרום 2002,,פלפל בהיר,קילוגרמים,1.00,"ק""ג",true,,7.90,7.9000,true,1,445241
24,true,פלפל צילי,,,"פלפל צ""ילי",Unknown,0.00,Unknown,false,1,5.90,0.0000,true,1,445248
25,true,פלפל חריף ירוק,ביכורי שדה דרום 2002,,פלפל חריף ירוק,קילוגרמים,1.00,"ק""ג",true,,8.90,8.9000,true,1,442383
26,true,פלפל אדום,ביכורי שדה דרום 2002,,פלפל אדום,קילוגרמים,1.00,"ק""ג",true,,9.90,9.9000,true,1,441604
27,true,פלפל צהוב,ביכורי שדה דרום 2002,,פלפל צהוב,קילוגרמים,1.00,"ק""ג",true,,10.90,10.9000,true,1,442390
28,true,פלפל כתום,ביכורי שדה דרום 2002,,פלפל כתום,קילוגרמים,1.00,"ק""ג",true,,9.90,9.9000,true,1,445929
29,true,פלפל רומריאו/פלפלוני,ירק הגליל,,פלפל רומריאו/פלפלונים,Unknown,0.00,Unknown,false,1,6.90,0.0000,true,1,442411
30,true,מלון,ביכורי שדה דרום 2002,,מלון,קילוגרמים,1.00,"ק""ג",true,,6.90,6.9000,true,1,442415
31,true,בצל יבש,ביכורי שדה דרום 2002,,בצל יבש,קילוגרמים,1.00,"ק""ג",true,,4.50,4.5000,true,1,443331
32,true,בצל יבש לבן,ביכורי שדה דרום 2002,,בצל יבש לבן,קילוגרמים,1.00,"ק""ג",true,,5.90,5.9000,true,1,441640
33,true,בצל יבש אדום,ביכורי שדה דרום 2002,,בצל יבש אדום,קילוגרמים,1.00,"ק""ג",true,,6.90,6.9000,true,1,444644
34,true,בצל ירוק,,,בצל ירוק ארוז,Unknown,0.00,Unknown,false,1,4.90,0.0000,true,1,443975
35,true,קולורבי,ביכורי שדה דרום 2002,,קולורבי,קילוגרמים,1.00,"ק""ג",true,,8.90,8.9000,true,1,442116
36,true,חסה ערבית,ביכורי שדה דרום 2002,,חסה ערבית,Unknown,0.00,Unknown,false,1,3.90,0.0000,true,1,443342
37,true,חסה עגולה,ביכורי שדה דרום 2002,,חסה עגולה,Unknown,0.00,Unknown,false,1,5.90,0.0000,true,1,445314
39,true,חסה מסולסלת,ביכורי שדה דרום 2002,,חסה מסולסלת,Unknown,0.00,Unknown,false,1,7.90,0.0000,true,1,445971
44,true,לוף,ביכורי שדה דרום 2002,,לוף,קילוגרמים,1.00,"ק""ג",true,,16.90,16.9000,true,1,446000
46,true,שעועית ירוקה,ביכורי שדה דרום 2002,,שעועית ירוקה,קילוגרמים,1.00,"ק""ג",true,,17.90,17.9000,true,1,446011
50,true,דלעת,ביכורי שדה דרום 2002,,דלעת,קילוגרמים,1.00,"ק""ג",true,,11.50,11.5000,true,1,443398
51,true,דלורית,ביכורי שדה דרום 2002,,דלורית,קילוגרמים,1.00,"ק""ג",true,,7.90,7.9000,true,1,444723
52,true,שמיר ארוז,,,שמיר ארוז,Unknown,0.00,Unknown,false,1,3.90,0.0000,true,1,443405
53,true,כוסברה ארוזה,,,כוסברה ארוזה,Unknown,0.00,Unknown,false,1,3.90,0.0000,true,1,446030
54,true,נענע ארוזה,,,נענע ארוזה,Unknown,0.00,Unknown,false,1,3.90,0.0000,true,1,442439
55,true,סלרי ראש ארוז,,,סלרי ראש ארוז,Unknown,0.00,Unknown,false,1,4.90,0.0000,true,1,446034
56,true,סלרי אמריקאי ארו,,,סלרי אמריקאי ארו,Unknown,0.00,Unknown,false,1,5.90,0.0000,true,1,446046
57,true,שורש פטרוזיליה ארוז,,,שורש פטרוזיליה ארוז,Unknown,0.00,Unknown,false,1,4.90,0.0000,true,1,446048
59,true,בזיליקום ארוז,,,בזיליקום ארוז,Unknown,0.00,Unknown,false,1,4.90,0.0000,true,1,443434
60,true,תפוח עץ זהב,ביכורי שדה דרום 2002,,תפוח זהב,קילוגרמים,1.00,"ק""ג",true,,9.90,9.9000,true,1,444081
61,true,תפוח עץ סמיט גרנד,ביכורי שדה דרום 2002,,"תפו""ע סמיט גרנד",קילוגרמים,1.00,"ק""ג",true,,9.90,9.9000,true,1,442942
66,true,נבטי אלפלפא,,,נבטי אלפלפא,Unknown,0.00,Unknown,false,1,4.90,0.0000,true,1,446100
67,true,תפוח עץ גלה,ביכורי שדה דרום 2002,,תפוח עץ גלה,קילוגרמים,1.00,"ק""ג",true,,11.90,11.9000,true,1,442513
69,true,טימין ארוז,,,טימין ארוז,Unknown,0.00,Unknown,false,1,4.90,0.0000,true,1,443494
70,true,רוקט ארוז,,,רוקט ארוז,Unknown,0.00,Unknown,false,1,4.90,0.0000,true,1,442519
74,true,שום ירוק טרי,ביכורי שדה דרום 2002,,שום ירוק טרי,קילוגרמים,1.00,"ק""ג",true,,14.90,14.9000,true,1,444299
76,true,צנונית במשקל,,,צנונית במשקל,קילוגרמים,1.00,"ק""ג",true,,6.90,6.9000,true,1,444979
87,true,מנגולד ארוז,,,מנגולד ארוז,Unknown,0.00,Unknown,false,1,5.90,0.0000,true,1,444325
89,true,ארטישוק,ביכורי שדה דרום 2002,,ארטישוק,קילוגרמים,1.00,"ק""ג",true,,19.90,19.9000,true,1,444329
90,true,נבטים,ביכורי שדה דרום 2002,,נבטים,Unknown,0.00,Unknown,false,1,4.90,0.0000,true,1,444333
94,true,מלפפון מיני ארוז,,,מלפפון מיני ארוז,Unknown,0.00,Unknown,false,1,9.90,0.0000,true,1,445009
95,true,פטריות יער,ביכורי שדה דרום 2002,,פטריות יער,Unknown,0.00,Unknown,false,1,12.90,0.0000,true,1,443274
96,true,פטריות במשקל,מרינה פטריות הגליל,,פטריות במשקל,קילוגרמים,1.00,"ק""ג",true,,29.90,29.9000,true,1,443707
97,true,שום יבש,,,שום יבש,Unknown,0.00,Unknown,false,1,6.90,0.0000,true,1,443310
99,true,שומר,ביכורי שדה דרום 2002,,שומר,קילוגרמים,1.00,"ק""ג",true,,7.90,7.9000,true,1,442050
100,true,תות שדה,ביכורי שדה דרום 2002,,תות שדה יחידה,Unknown,0.00,Unknown,false,,19.90,0.0000,true,1,440895
101,true,תירס ארוז,ביכורי שדה דרום 2002,,תירס ארוז,קילוגרמים,1.00,"ק""ג",true,,9.90,9.9000,true,1,441211
102,true,בטטה,ביכורי שדה דרום 2002,,בטטה,קילוגרמים,1.00,"ק""ג",true,,9.90,9.9000,true,1,440905
103,true,ברוקולי ארוז,ביכורי שדה דרום 2002,,ברוקולי ארוז,קילוגרמים,1.00,"ק""ג",true,,16.90,16.9000,true,1,441058
104,true,תפוח אדמה לבן,ביכורי שדה דרום 2002,,"תפו""א לבן",קילוגרמים,1.00,"ק""ג",true,,4.50,4.5000,true,1,440911
105,true,תפוח אדמה אדום,ביכורי שדה דרום 2002,,"תפו""א אדום",קילוגרמים,1.00,"ק""ג",true,,5.90,5.9000,true,1,440912
106,true,תפוח עץ ורוד,ביכורי שדה דרום 2002,,"תפו""ע ורוד",קילוגרמים,1.00,"ק""ג",true,,13.90,13.9000,true,1,441218
107,true,תפוח עץ חרמון/סטרקינ,ביכורי שדה דרום 2002,,"תפו""ע חרמון/סטרקינג",קילוגרמים,1.00,"ק""ג",true,,11.90,11.9000,true,1,441085
108,true,אגס ירוק,ביכורי שדה דרום 2002,,אגס ירוק,קילוגרמים,1.00,"ק""ג",true,,13.90,13.9000,true,1,441087
109,true,אגס אדום,ביכורי שדה דרום 2002,,אגס אדום,קילוגרמים,1.00,"ק""ג",true,,16.90,16.9000,true,1,441134
110,true,בננה,ביכורי שדה דרום 2002,,בננה,קילוגרמים,1.00,"ק""ג",true,,5.90,5.9000,true,1,440939
111,true,ענב לבן,ביכורי שדה דרום 2002,,ענב לבן,קילוגרמים,1.00,"ק""ג",true,,21.90,21.9000,true,1,445682
112,true,ענב שחור,ביכורי שדה דרום 2002,,ענב שחור,קילוגרמים,1.00,"ק""ג",true,,19.50,19.5000,true,1,441413
113,true,שזיף אדום,ביכורי שדה דרום 2002,,שזיף אדום,קילוגרמים,1.00,"ק""ג",true,,17.90,17.9000,true,1,441247
115,true,פטריות יער במשקל,,,פטריות יער במשקל,קילוגרמים,1.00,"ק""ג",true,,29.90,29.9000,true,1,440979
118,true,מנגו,ביכורי שדה דרום 2002,,מנגו,קילוגרמים,1.00,"ק""ג",true,,14.50,14.5000,true,1,441011
119,true,תפוזים,ביכורי שדה דרום 2002,,תפוזים,קילוגרמים,1.00,"ק""ג",true,,5.90,5.9000,true,1,441010
120,true,תפוז ברשת,ביכורי שדה דרום 2002,,תפוז דם,קילוגרמים,1.00,"ק""ג",true,,5.90,5.9000,true,1,441012
123,true,אשכולית לבנה,ביכורי שדה דרום 2002,,אשכולית,קילוגרמים,1.00,"ק""ג",true,,5.90,5.9000,true,1,442230
125,true,לימון,ביכורי שדה דרום 2002,,לימון,קילוגרמים,1.00,"ק""ג",true,,8.90,8.9000,true,1,441137
126,true,קלמנטינה,ביכורי שדה דרום 2002,,קלמנטינה,קילוגרמים,1.00,"ק""ג",true,,7.50,7.5000,true,1,445754
127,true,פומלה אדומה,ביכורי שדה דרום 2002,,פומלה אדומה,קילוגרמים,1.00,"ק""ג",true,,7.90,7.9000,true,1,445755
128,true,פומלית,ביכורי שדה דרום 2002,,פומלית,קילוגרמים,1.00,"ק""ג",true,,5.90,5.9000,true,1,442245
129,true,אבוקדו,ביכורי שדה דרום 2002,,אבוקדו,קילוגרמים,1.00,"ק""ג",true,,12.90,12.9000,true,1,442829
130,true,פלפל שושקה,,,פלפל שושקה,קילוגרמים,1.00,"ק""ג",true,,13.90,13.9000,true,1,441150
131,true,אפרסמון,ביכורי שדה דרום 2002,,אפרסמון,קילוגרמים,1.00,"ק""ג",true,,13.50,13.5000,true,1,445756
132,true,קיווי,ביכורי שדה דרום 2002,,קיווי,קילוגרמים,1.00,"ק""ג",true,,16.90,16.9000,true,1,442850
133,true,גויאבה,ביכורי שדה דרום 2002,,גויאבה,קילוגרמים,1.00,"ק""ג",true,,19.90,19.9000,true,1,444437
134,true,אנונה,ביכורי שדה דרום 2002,,אנונה,קילוגרמים,1.00,"ק""ג",true,,21.90,21.9000,true,1,445123
135,true,חבוש,ביכורי שדה דרום 2002,,חבוש,קילוגרמים,1.00,"ק""ג",true,,14.90,14.9000,true,1,441281
136,true,משמש,ביכורי שדה דרום 2002,,משמש,קילוגרמים,1.00,"ק""ג",true,,19.90,19.9000,true,1,442856
138,true,סברס,ביכורי שדה דרום 2002,,סברס,קילוגרמים,1.00,"ק""ג",true,,28.90,28.9000,true,1,442857
139,true,רימון,ביכורי שדה דרום 2002,,רימון,קילוגרמים,1.00,"ק""ג",true,,8.90,8.9000,true,1,442858
141,true,לימון סיני/ליים,ביכורי שדה דרום 2002,,לימון סיני/ליים,קילוגרמים,1.00,"ק""ג",true,,11.90,11.9000,true,1,442861
142,true,תפוז דם,,,תאנה,קילוגרמים,1.00,"ק""ג",true,,6.90,6.9000,true,1,445769
143,true,אננס,ביכורי שדה דרום 2002,,אננס,Unknown,0.00,Unknown,false,1,29.90,0.0000,true,1,445770
145,true,תפוח עץ גויה,ירק הגליל,,תפוחי עץ גויה,קילוגרמים,1.00,"ק""ג",true,,11.90,11.9000,true,1,445771
146,true,פטאיה,,,פטאיה,קילוגרמים,1.00,"ק""ג",true,,29.90,29.9000,true,1,443806
147,true,פסיפלורה,ביכורי שדה דרום 2002,,פסיפלורה,קילוגרמים,1.00,"ק""ג",true,,29.90,29.9000,true,1,442877
149,true,צנון שחור,ביכורי שדה דרום 2002,,צנון שחור,קילוגרמים,1.00,"ק""ג",true,,11.90,11.9000,true,1,442262
151,true,קרמבולה,ביכורי שדה דרום 2002,,קרמבולה,קילוגרמים,1.00,"ק""ג",true,,29.90,29.9000,true,1,445774
152,true,אבטיח,ביכורי שדה דרום 2002,,אבטיח,קילוגרמים,1.00,"ק""ג",true,,5.90,5.9000,true,1,441464
153,true,פטרוזיליה ארוזה,,,פטרוזיליה ארוזה,Unknown,0.00,Unknown,false,1,3.90,0.0000,true,1,441466
157,true,קובו,ירק הגליל,,קובו,קילוגרמים,1.00,"ק""ג",true,,27.90,27.9000,true,1,442886
159,true,אפרסמון קרמבו,ירק הגליל,,אפרסמון קרמבו,קילוגרמים,1.00,"ק""ג",true,,13.50,13.5000,true,1,444461
160,true,תפוח עץ יונתן,ביכורי שדה דרום 2002,,"תפו""ע יונתן",קילוגרמים,1.00,"ק""ג",true,,11.90,11.9000,true,1,441476
162,true,ערמונים,,,ערמונים,קילוגרמים,1.00,"ק""ג",true,,19.90,19.9000,true,1,442911
163,true,פומלה לבנה,ביכורי שדה דרום 2002,,פומלה לבנה,קילוגרמים,1.00,"ק""ג",true,,7.90,7.9000,true,1,443833
171,true,תפוח אדמה למיקרו 700,ביכורי שדה דרום 2002,,"תפו""א למיקרו",גרמים,700.00,100 גרם,false,1,6.90,0.9857,true,1,441498
173,true,אוכמניות טריות,פרי וירק טמרה ושותפי,,אוכמניות,Unknown,0.00,Unknown,false,1,14.90,0.0000,true,1,441330
178,true,זוקיני,,,זוקיני,קילוגרמים,1.00,"ק""ג",true,,11.90,11.9000,true,1,445173
179,true,דלעת ערמונים,ירק הגליל,,דלעת ערמונים,קילוגרמים,1.00,"ק""ג",true,,14.90,14.9000,true,1,442297
185,true,אשכולית אדומה,ביכורי שדה דרום 2002,,אשכולית אדומה,קילוגרמים,1.00,"ק""ג",true,,5.90,5.9000,true,1,441530
188,true,אגס נאשי לבן,ביכורי שדה דרום 2002,,אגס נאשי לבן,קילוגרמים,1.00,"ק""ג",true,,16.90,16.9000,true,1,445844
189,true,אגס נאשי חום,ביכורי שדה דרום 2002,,אגס נאשי חום,קילוגרמים,1.00,"ק""ג",true,,16.90,16.9000,true,1,445848
193,true,תפוח עץ אודם,ביכורי שדה דרום 2002,,תפוח עץ אודם,קילוגרמים,1.00,"ק""ג",true,,11.90,11.9000,true,1,445861
200,true,פסטרמה רוסית מעושנת,ישרקו שיווק מותגי מז,,פסטרמה רוסית מעושנת,קילוגרמים,1.00,"ק""ג",true,,119.00,119.0000,true,1,445209
241,true,רו בייקון,ישרקו שיווק מותגי מז,,רו בייקון,קילוגרמים,1.00,"ק""ג",true,,269.00,269.0000,true,1,442378
244,true,חטיפי קבנוס רו,ישרקו שיווק מותגי מז,,חטיפי קבנוס רו,קילוגרמים,1.00,"ק""ג",true,,179.00,179.0000,true,1,445254
252,true,סלמי טורו,ישרקו שיווק מותגי מז,,סלמי סלמין,קילוגרמים,1.00,"ק""ג",true,,159.00,159.0000,true,1,444591
277,true,פסטרמה לבנה רומנית,ישרקו שיווק מותגי מז,,פסטרמה לבנה רומנית,קילוגרמים,1.00,"ק""ג",true,,119.00,119.0000,true,1,441612
300,true,נקניקיות פרנקפורטר,זילבר תעשיות מוצרי ב,,נקניקיות עגל,קילוגרמים,1.00,"ק""ג",true,,59.00,59.0000,true,1,442416
301,true,שוק שלם,זילבר תעשיות מוצרי ב,,שוק שלם,קילוגרמים,1.00,"ק""ג",true,,129.00,129.0000,true,1,443327
303,true,בוזנינה אוריגינל,זילבר תעשיות מוצרי ב,,"בוז""נינה אוריגינל",קילוגרמים,1.00,"ק""ג",true,,139.00,139.0000,true,1,442422
316,true,מיני שוק,זילבר תעשיות מוצרי ב,,מיני שוק,קילוגרמים,1.00,"ק""ג",true,,119.00,119.0000,true,1,443970
317,true,פסטרמה צוואר מעושן,זילבר תעשיות מוצרי ב,,פסטרמה צוואר מעושן,קילוגרמים,1.00,"ק""ג",true,,169.00,169.0000,true,1,443334
319,true,שפק מעושן,זילבר תעשיות מוצרי ב,,שפק,קילוגרמים,1.00,"ק""ג",true,,199.00,199.0000,true,1,442111
320,true,רולדה וינאית,זילבר תעשיות מוצרי ב,,רולדה וינאית/שולטר אמריקאי,קילוגרמים,1.00,"ק""ג",true,,109.00,109.0000,true,1,444642
321,true,בוזנינה טירימוק,זילבר תעשיות מוצרי ב,,"בוז""נינה טירימוק",קילוגרמים,1.00,"ק""ג",true,,119.00,119.0000,true,1,442426
323,true,נקניקיות קוקטייל בוא,זילבר תעשיות מוצרי ב,,נקניק דוקטורסקיה,קילוגרמים,1.00,"ק""ג",true,,59.00,59.0000,true,1,445955
339,true,נקניקיות סוצי,,,נקניקיות בנגי,קילוגרמים,1.00,"ק""ג",true,,69.00,69.0000,true,1,496697
346,true,שינקן וירגיניה מעושן,,,ווירגיניה שנקן,קילוגרמים,1.00,"ק""ג",true,,139.00,139.0000,true,1,496802
354,true,סרדלקה קינדר,מעדני בשר יהודה,,סרדלקה קינדר,קילוגרמים,1.00,"ק""ג",true,,29.00,29.0000,true,1,442431
355,true,סלמי פרח/צרפתי/מסקוב,מעדני בשר יהודה,,נקניקים מעושנים פרוס,קילוגרמים,1.00,"ק""ג",true,,95.00,95.0000,true,1,442117
358,true,וטצינה עגל הודו,מעדני בשר יהודה,,"וטצ""ינה עגל-הודו",קילוגרמים,1.00,"ק""ג",true,,59.00,59.0000,true,1,442732
363,true,סרדלקה עגל,מעדני בשר יהודה,,סרדלקה עגל,קילוגרמים,1.00,"ק""ג",true,,35.00,35.0000,true,1,443344
371,true,נקניק מורטדלה,מעדני בשר יהודה,,נקניק מורטדלה,קילוגרמים,1.00,"ק""ג",true,,42.00,42.0000,true,1,443346
373,true,פריזר מיני/ עם שום/,מעדני בשר יהודה,,פריזר מיני,קילוגרמים,1.00,"ק""ג",true,,42.00,42.0000,true,1,442738
378,true,חזה בקר מעושן/פלפל,מעדני בשר יהודה,,חזה בקר מעושן/פלפל,קילוגרמים,1.00,"ק""ג",true,,79.00,79.0000,true,1,445315
379,true,נקניק תה רוסי,זילבר תעשיות מוצרי ב,,נקניק תה רוסי,קילוגרמים,1.00,"ק""ג",true,,69.00,69.0000,true,1,445968
381,true,פסטרמה הודו פרפר מעו,מעדני בשר יהודה,,פסטרמה הודו פרפר חוט,קילוגרמים,1.00,"ק""ג",true,,65.00,65.0000,true,1,441648
387,true,קבנוס/ קבנוס פיקנטי,מעדני בשר יהודה,,קבנוס/ קבנוס פיקנטי,קילוגרמים,1.00,"ק""ג",true,,59.00,59.0000,true,1,445969
389,true,נקניקיות פס אדום/ שח,מעדני בשר יהודה,,נקניקיות פס אדום/ שח,קילוגרמים,1.00,"ק""ג",true,,29.00,29.0000,true,1,445970
392,true,נקניק צרקסקיה,,,נקניק צרקסקיה,קילוגרמים,1.00,"ק""ג",true,,129.00,129.0000,true,1,487894
610,true,נקניק בראושווייגסקיה,,,נקניק בראושווייגסקיה פרוס,קילוגרמים,1.00,"ק""ג",true,,135.00,135.0000,true,1,486771
705,true,נקניקיות עוף/בוואקום,,,נקניקיות עוף/בוואקום,קילוגרמים,1.00,"ק""ג",true,,35.00,35.0000,true,1,442985
783,true,קוטלט הודו,מעדני רובינשטיין תעש,,קוטלט הודו,קילוגרמים,1.00,"ק""ג",true,,129.00,129.0000,true,1,442690
800,true,תה מעושן רחב,נקניק נהריה כשר זוגל,,תה מעושן רחב,קילוגרמים,1.00,"ק""ג",true,,45.00,45.0000,true,1,444310
801,true,מעושן איטלקי,נקניק נהריה כשר זוגל,,מעושן איטלקי,קילוגרמים,1.00,"ק""ג",true,,75.00,75.0000,true,1,445642
803,true,מרטדלה עם זיתים,נקניק נהריה כשר זוגל,,מרטדלה עם זיתים,קילוגרמים,1.00,"ק""ג",true,,43.00,43.0000,true,1,444312
810,true,נקניק קוניאק,נקניק נהריה כשר זוגל,,נקניק קוניאק,קילוגרמים,1.00,"ק""ג",true,,89.00,89.0000,true,1,442015
811,true,נקניק פפרוני,נקניק נהריה כשר זוגל,,נקניק פפרוני,קילוגרמים,1.00,"ק""ג",true,,49.00,49.0000,true,1,442701
839,true,סלמי יברייסקיה,מעדני מניה תעשיות בש,,סלמי יברייסקיה,קילוגרמים,1.00,"ק""ג",true,,149.00,149.0000,true,1,443687
845,true,סרדלקי סביניה,מעדני בשר השוקת,,סרדלקי סביניה,קילוגרמים,1.00,"ק""ג",true,,75.00,75.0000,true,1,444990
846,true,דוקטורסקיה דימוב,מעדני בשר השוקת,,דוקטורסקיה דימוב,קילוגרמים,1.00,"ק""ג",true,,85.00,85.0000,true,1,446272
847,true,מולוצניה דימוב,מעדני בשר השוקת,,"מולוצ""ניה דימוב",קילוגרמים,1.00,"ק""ג",true,,85.00,85.0000,true,1,446273
855,true,מוסקובסקיה דימוב,מעדני בשר השוקת,,מוסקובסקיה דימוב,קילוגרמים,1.00,"ק""ג",true,,135.00,135.0000,true,1,442025
856,true,סרוולט דימוב,מעדני בשר השוקת,,סרוולט דימוב,קילוגרמים,1.00,"ק""ג",true,,99.00,99.0000,true,1,442026
861,true,בראונשווייגסקיה חי,מעדני בשר השוקת,,בראונשווייגסקיה חי,קילוגרמים,1.00,"ק""ג",true,,159.00,159.0000,true,1,444993
862,true,מוסקובסקיה דימוב חי,מעדני בשר השוקת,,מוסקובסקיה דימוב חי,קילוגרמים,1.00,"ק""ג",true,,159.00,159.0000,true,1,442711
863,true,סרוולט דימוב חי,מעדני בשר השוקת,,סרוולט דימוב חי,קילוגרמים,1.00,"ק""ג",true,,159.00,159.0000,true,1,442027
865,true,וטצינה לארוחת בוקר,מעדני בשר השוקת,,"וטצ""ינה לארוחת בוקר",קילוגרמים,1.00,"ק""ג",true,,85.00,85.0000,true,1,444322
893,true,סרוולט איטלקי,,,סרוולט איטלקי,קילוגרמים,1.00,"ק""ג",true,,109.00,109.0000,true,1,446278
910,true,קוטלט מעושן חצי,מעדני בשר השוקת,,קוטלט מעושן חצי,קילוגרמים,1.00,"ק""ג",true,,99.00,99.0000,true,1,442717
911,true,פולקה איטלקי,מעדני בשר השוקת,,פולקה איטלקי,קילוגרמים,1.00,"ק""ג",true,,95.00,95.0000,true,1,442718
913,true,פסטרמה לבנה מעושנת/,מעדני בשר השוקת,,פסטרמה להב בטעמים,קילוגרמים,1.00,"ק""ג",true,,89.00,89.0000,true,1,442034
915,true,לוביטלסקיה חצי,מעדני בשר השוקת,,לוביטלסקיה חצי,קילוגרמים,1.00,"ק""ג",true,,85.00,85.0000,true,1,445655
917,true,דוקטורסקיה חצי,מעדני בשר השוקת,,דוקטורסקיה חצי,קילוגרמים,1.00,"ק""ג",true,,85.00,85.0000,true,1,443700
920,true,בוזנינה,מעדני בשר השוקת,,"בוז""נינה",קילוגרמים,1.00,"ק""ג",true,,109.00,109.0000,true,1,445004
921,true,יאזיקוביה חצי,מעדני בשר השוקת,,יזיקובה חצי,קילוגרמים,1.00,"ק""ג",true,,85.00,85.0000,true,1,445005
922,true,סינטה חצי עם פלפל/ ש,מעדני בשר השוקת,,סינטה חצי בטעמים,קילוגרמים,1.00,"ק""ג",true,,99.00,99.0000,true,1,446288
925,true,צוואר מעושן,מעדני בשר השוקת,,צוואר מעושן,קילוגרמים,1.00,"ק""ג",true,,109.00,109.0000,true,1,442725
943,true,אודסקיה,מעדני בשר השוקת,,אודסקיה,קילוגרמים,1.00,"ק""ג",true,,79.00,79.0000,true,1,444350
951,true,סלמי פיקולו,,,סלמי פיקולו,קילוגרמים,1.00,"ק""ג",true,,169.00,169.0000,true,1,494218
987,true,סרוולט הונגרי,,,פריט לא קיים,קילוגרמים,1.00,"ק""ג",true,,199.00,199.0000,true,1,511064
988,true,נקניק סרוולט,,,סרוולט,קילוגרמים,1.00,"ק""ג",true,,159.00,159.0000,true,1,509952
989,true,נקניק סלמי צרפתי,,,סלמי צרפתי,קילוגרמים,1.00,"ק""ג",true,,159.00,159.0000,true,1,509953
1000,true,שאריות נקניקים,,,שאריות נקניקים,קילוגרמים,1.00,"ק""ג",true,,39.00,39.0000,true,1,441115
1001,true,שאריות אסורטי,,,שאריות אסורטי,קילוגרמים,1.00,"ק""ג",true,,49.00,49.0000,true,1,441378
1079,true,חזה בקר מעושן,קרלברג ייצור ושיווק,,מוסקובסקייה,קילוגרמים,1.00,"ק""ג",true,,76.00,76.0000,true,1,441222
1080,true,חזה בקר צילי,,,נקניק פלרמו,קילוגרמים,1.00,"ק""ג",true,,76.00,76.0000,true,1,443710
1111,true,זרניסטיה שלם,מעדני מניה תעשיות בש,,זרניסטיה שלם,קילוגרמים,1.00,"ק""ג",true,,152.00,152.0000,true,1,441240
1113,true,יברייסקיה שלם,מעדני מניה תעשיות בש,,יברייסקיה שלם,קילוגרמים,1.00,"ק""ג",true,,86.00,86.0000,true,1,445022
1116,true,מילאנו חי שלם,מעדני מניה תעשיות בש,,מילנו חי שלם,קילוגרמים,1.00,"ק""ג",true,,152.00,152.0000,true,1,445024
1117,true,נקניק נאפולי שלם,מעדני מניה תעשיות בש,,נקניק נאפולי שלם,קילוגרמים,1.00,"ק""ג",true,,152.00,152.0000,true,1,440974
1125,true,קוניאק ניקול שלם,מעדני מניה תעשיות בש,,קוניאק ניקול שלם,קילוגרמים,1.00,"ק""ג",true,,152.00,152.0000,true,1,445690
1126,true,פרובנס שלם,מעדני מניה תעשיות בש,,פרובנס שלם,קילוגרמים,1.00,"ק""ג",true,,152.00,152.0000,true,1,441246
1171,true,פסטרמה הודו בדבש,קרלברג ייצור ושיווק,,נקניק אגוזית,קילוגרמים,1.00,"ק""ג",true,,59.00,59.0000,true,1,478714
1172,true,פסטרמה הודו גחלים,קרלברג ייצור ושיווק,,נקניק צרסקיה,קילוגרמים,1.00,"ק""ג",true,,59.00,59.0000,true,1,444368
1173,true,פסטרמה הודו פלפל,קרלברג ייצור ושיווק,,נקניק דבוריאנסקיה,קילוגרמים,1.00,"ק""ג",true,,59.00,59.0000,true,1,445050
1175,true,חזה אווז מעושן,קרלברג ייצור ושיווק,,נקניק ונסקיה,קילוגרמים,1.00,"ק""ג",true,,175.00,175.0000,true,1,478715
1177,true,כתף בקר בצילי,קרלברג ייצור ושיווק,,טורינו חי,קילוגרמים,1.00,"ק""ג",true,,85.00,85.0000,true,1,445055
1178,true,כתף בקר בשום,קרלברג ייצור ושיווק,,נקניק הרץ שלם,קילוגרמים,1.00,"ק""ג",true,,85.00,85.0000,true,1,444371
1179,true,חזה בקר פלפל,קרלברג ייצור ושיווק,,נקניק מוסקובסקיה/לבו,קילוגרמים,1.00,"ק""ג",true,,76.00,76.0000,true,1,478713
1200,true,פסטרמה לבנה רוסית בש,ישרקו שיווק מותגי מז,,פסטרמה לבנה רוסית בשום,קילוגרמים,1.00,"ק""ג",true,,119.00,119.0000,true,1,441088
1202,true,סלמי כפרית שלם,ישרקו שיווק מותגי מז,,סלמי כפרית שלם,קילוגרמים,1.00,"ק""ג",true,,162.00,162.0000,true,1,441093
1203,true,סלמי מילאנו שלם,ישרקו שיווק מותגי מז,,סלמי מילנו שלם,קילוגרמים,1.00,"ק""ג",true,,162.00,162.0000,true,1,445059
1204,true,סלמי הרץ שלם,ישרקו שיווק מותגי מז,,סלמי הרץ שלם,קילוגרמים,1.00,"ק""ג",true,,146.00,146.0000,true,1,442760
1205,true,מוסקובסקייה שלם,ישרקו שיווק מותגי מז,,מוסקובסקייה שלם,קילוגרמים,1.00,"ק""ג",true,,116.00,116.0000,true,1,445062
1218,true,פסטרמה הודו עם אווז,ישרקו שיווק מותגי מז,,פסטרמה הודו עם אווז,קילוגרמים,1.00,"ק""ג",true,,139.00,139.0000,true,1,441251
1228,true,סלמי הונגרי שלם,ישרקו שיווק מותגי מז,,סלמי הונגרי שלם,קילוגרמים,1.00,"ק""ג",true,,162.00,162.0000,true,1,443785
1230,true,רוסקי סרוולט שלם,ישרקו שיווק מותגי מז,,רוסקי סרוולט שלם,קילוגרמים,1.00,"ק""ג",true,,152.00,152.0000,true,1,445103
1231,true,סרוולט מוסקובסקי שלם,ישרקו שיווק מותגי מז,,סרוולט מוסקובסקי שלם,קילוגרמים,1.00,"ק""ג",true,,152.00,152.0000,true,1,441135
1238,true,רו-סרוולט שלם,ישרקו שיווק מותגי מז,,רו-סרוולט שלם,קילוגרמים,1.00,"ק""ג",true,,152.00,152.0000,true,1,442815
1239,true,סלמי ספרטק שלם,ישרקו שיווק מותגי מז,,סלמי ספרטק שלם,קילוגרמים,1.00,"ק""ג",true,,152.00,152.0000,true,1,443789
1243,true,נקניק סבינייה שלם,ישרקו שיווק מותגי מז,,נקניק סבינייה שלם,קילוגרמים,1.00,"ק""ג",true,,176.00,176.0000,true,1,445106
1246,true,סרוולט אוסטרי שלם,ישרקו שיווק מותגי מז,,סרוולט אוסטרי,קילוגרמים,1.00,"ק""ג",true,,166.00,166.0000,true,1,475403
1249,true,סרוולט קופצסקי שלם,ישרקו שיווק מותגי מז,,"סרוולט קופצ""סקי שלם",קילוגרמים,1.00,"ק""ג",true,,112.00,112.0000,true,1,443791
1250,true,סלמי פינלנד שלם,ישרקו שיווק מותגי מז,,סלמי פינלנד שלם,קילוגרמים,1.00,"ק""ג",true,,152.00,152.0000,true,1,442818
1255,true,פפרוני עגל שלם,ישרקו שיווק מותגי מז,,פפרוני עגל שלם,קילוגרמים,1.00,"ק""ג",true,,156.00,156.0000,true,1,441146
1273,true,קופה איטליאנה,,,קופה איטליאנה,קילוגרמים,1.00,"ק""ג",true,,259.00,259.0000,true,1,518713
1302,true,נקניקיות קנקרס בואקו,זילבר תעשיות מוצרי ב,,קנקר בואקום,קילוגרמים,1.00,"ק""ג",true,,59.00,59.0000,true,1,507401
1305,true,פסטרמה שייטל,זילבר תעשיות מוצרי ב,,"פסטרמה שייטל/צ""ך",קילוגרמים,1.00,"ק""ג",true,,119.00,119.0000,true,1,441153
1307,true,פסטרמה צאך,,,פסטרמה צאך,קילוגרמים,1.00,"ק""ג",true,,119.00,119.0000,true,1,510699
1318,true,שוק איטלקי,,,"הרמיטז"" שלם",קילוגרמים,1.00,"ק""ג",true,,139.00,139.0000,true,1,506243
1320,true,שולטר אמריקאי מעושן,זילבר תעשיות מוצרי ב,,שולטר אמריקאי מעושן,קילוגרמים,1.00,"ק""ג",true,,109.00,109.0000,true,1,510701
1329,true,נקניק ראש בבוט,זילבר תעשיות מוצרי ב,,נקניק ראש בבוט,קילוגרמים,1.00,"ק""ג",true,,69.00,69.0000,true,1,468410
1330,true,נקניקיות פרנקפורטר ב,זילבר תעשיות מוצרי ב,,נקניקיות עגל בואקום,קילוגרמים,1.00,"ק""ג",true,,59.00,59.0000,true,1,507403
1341,true,שוק צועני ציגאיינר,,,שוק צועני ציגאיינר,קילוגרמים,1.00,"ק""ג",true,,139.00,139.0000,true,1,506244
1346,true,שינקן פולני,,,שנקן חצי/מבושל,קילוגרמים,1.00,"ק""ג",true,,139.00,139.0000,true,1,496803
1364,true,סרדלקי עגל בוואקום,מעדני בשר יהודה,,סרדלקי עגל בוואקום,קילוגרמים,1.00,"ק""ג",true,,35.00,35.0000,true,1,444439
1372,true,פריזר מעושן פרימיום,מעדני בשר יהודה,,פריזר מעושן פרימיום,קילוגרמים,1.00,"ק""ג",true,,45.00,45.0000,true,1,472722
1374,true,רוסטביף,מעדני בשר יהודה,,רוסטביף,קילוגרמים,1.00,"ק""ג",true,,95.00,95.0000,true,1,445125
1389,true,נקניקיות פס אדום/שחו,מעדני בשר יהודה,,נקניקיות פס אדום/שחור בוואקום,קילוגרמים,1.00,"ק""ג",true,,29.00,29.0000,true,1,444442
1392,true,נקניק צרקסקיה שלם,,,נקניק צרקסקיה שלם,קילוגרמים,1.00,"ק""ג",true,,126.00,126.0000,true,1,487895
1400,true,כנף ברווז מעושן,"ולדמן ביח""ר לנקניק ו",,כנף ברווז מעושן,קילוגרמים,1.00,"ק""ג",true,,49.00,49.0000,true,1,444445
1458,true,לשון בקר מעושן,,,לשון בקר מעושן,קילוגרמים,1.00,"ק""ג",true,,79.00,79.0000,true,1,483681
1501,true,קרמליובסקיה שלם,מעדני מניה תעשיות בש,,קרמליובסקיה,קילוגרמים,1.00,"ק""ג",true,,152.00,152.0000,true,1,442264
1507,true,נקניק פולטבסקיה שלם,מעדני מניה תעשיות בש,,נקניק פולטבסקיה שלם/,קילוגרמים,1.00,"ק""ג",true,,82.00,82.0000,true,1,441461
1512,true,דליקטסנייה שלם,מעדני מניה תעשיות בש,,דליקטסנייה שלם,קילוגרמים,1.00,"ק""ג",true,,92.00,92.0000,true,1,441288
1530,true,שפק אוקראינסקי,מעדני מניה תעשיות בש,,מינסקייה חי שלם,קילוגרמים,1.00,"ק""ג",true,,125.00,125.0000,true,1,442882
1554,true,נקניק חי כפרי שלם,מעדני מניה תעשיות בש,,נקניק חי כפרי,קילוגרמים,1.00,"ק""ג",true,,159.00,159.0000,true,1,445783
1559,true,נקניק רוסקיה שלם,מעדני מניה תעשיות בש,,נקניק רוסקיה,קילוגרמים,1.00,"ק""ג",true,,152.00,152.0000,true,1,443816
1570,true,סרוולט שלם,מעדני מניה תעשיות בש,,סרוולט,קילוגרמים,1.00,"ק""ג",true,,156.00,156.0000,true,1,441297
1600,true,סלמי רוונה שלם,קרלברג ייצור ושיווק,,סלמי רוונה,קילוגרמים,1.00,"ק""ג",true,,96.00,96.0000,true,1,445143
1704,true,נקניקיות פס שחור/בוו,,,נקניק פס שחור/בוואקום,קילוגרמים,1.00,"ק""ג",true,,35.00,35.0000,true,1,479374
1831,true,רוחברג שלם,מעדני מניה תעשיות בש,,רוחברג,קילוגרמים,1.00,"ק""ג",true,,152.00,152.0000,true,1,445186
1834,true,נקניק הרץ שלם,מעדני מניה תעשיות בש,,נקניק הרץ שלם,קילוגרמים,1.00,"ק""ג",true,,92.00,92.0000,true,1,442311
1839,true,סלמי יברייסקיה שלם,מעדני מניה תעשיות בש,,סלמי יברייסקיה שלם,קילוגרמים,1.00,"ק""ג",true,,146.00,146.0000,true,1,443879
1841,true,נקניק סלמי גרמני שלם,מעדני בשר השוקת,,נקניק סלמי גרמני שלם,קילוגרמים,1.00,"ק""ג",true,,150.00,150.0000,true,1,473616
1846,true,נקניק דוקטורסקיה דימ,,,נקניק דוקטורסקיה דימוב,קילוגרמים,1.00,"ק""ג",true,,85.00,85.0000,true,1,491880
1847,true,נקניק מולוצניה דימוב,,,נקניק מולוצניה דימוב,קילוגרמים,1.00,"ק""ג",true,,85.00,85.0000,true,1,491881
1855,true,מוסקובסקיה דימוב שלם,מעדני בשר השוקת,,מוסקובסקיה דימוב שלם,קילוגרמים,1.00,"ק""ג",true,,129.00,129.0000,true,1,443082
1856,true,סרוולט דימוב שלם,מעדני בשר השוקת,,סרוולט דימוב שלם,קילוגרמים,1.00,"ק""ג",true,,95.00,95.0000,true,1,442314
1857,true,סלמי פינסקיה דימוב ש,מעדני בשר השוקת,,סלמי פינסקיה דימוב שלם,קילוגרמים,1.00,"ק""ג",true,,96.00,96.0000,true,1,444525
1861,true,בראונשווייגסקיה חי ש,מעדני בשר השוקת,,בראונשווייגסקיה חי ש,קילוגרמים,1.00,"ק""ג",true,,159.00,159.0000,true,1,441352
1862,true,מוסקובסקיה דימוב חי,מעדני בשר השוקת,,מוסקובסקיה דימוב חי,קילוגרמים,1.00,"ק""ג",true,,159.00,159.0000,true,1,442317
1863,true,סרוולט דימוב חי שלם,מעדני בשר השוקת,,סרוולט דימוב חי שלם,קילוגרמים,1.00,"ק""ג",true,,159.00,159.0000,true,1,445192
1865,true,ויטצינה לארוחת בוקר,,,ויטצינה לארוחת בוקר דימוב,קילוגרמים,1.00,"ק""ג",true,,85.00,85.0000,true,1,491882
1873,true,נקניק חי איטלקי דימו,מעדני בשר השוקת,,נקניק חי איטלקי דימוב,קילוגרמים,1.00,"ק""ג",true,,159.00,159.0000,true,1,474452
1888,true,נקניק חי סלמי סוגוק,ישרקו שיווק מותגי מז,,נקניק חי סלמי סוגוק,קילוגרמים,1.00,"ק""ג",true,,152.00,152.0000,true,1,441539
1893,true,סרוולט איטלקי שלם,,,סרוולט איטלקי שלם,קילוגרמים,1.00,"ק""ג",true,,106.00,106.0000,true,1,445849
1895,true,גרודינקה,מעדני בשר השוקת,,גרודינקה,קילוגרמים,1.00,"ק""ג",true,,139.00,139.0000,true,1,443890
1910,true,קוטלט מעושן בואקום,,,קוטלט מעושן בואקום,קילוגרמים,1.00,"ק""ג",true,,99.00,99.0000,true,1,514009
1913,true,פסטרמה לבנה/מעושנת/פ,,,פסטרמה לבנה/מעושנת/פלפל/חרדל גוש בואקום,קילוגרמים,1.00,"ק""ג",true,,95.00,95.0000,true,1,514010
1943,true,נקניק אודסקיה אישי ב,,,נקניק אודסקיה אישי בואקום,קילוגרמים,1.00,"ק""ג",true,,79.00,79.0000,true,1,514011
1951,true,סלמי פיקולו שלם,,,סלמי פיקולו,קילוגרמים,1.00,"ק""ג",true,,166.00,166.0000,true,1,494215
1988,true,נקניק סרוולט שלם,מעדני יחיעם 1993,,נקניקיות שבורות,קילוגרמים,1.00,"ק""ג",true,,156.00,156.0000,true,1,441368
2000,true,גבינה קשקבל חצי קשה,,,גבינה קשקבל חצי קשה מחלב כבשים,קילוגרמים,1.00,"ק""ג",true,,119.00,119.0000,true,1,516541
2020,true,גבינה גאודה הולנדית,,,גבינה גאודה הולנדית לימונצלו חלב בקר,קילוגרמים,1.00,"ק""ג",true,,119.00,119.0000,true,1,444550
2073,true,תחליף גבינה גאודה מע,,,תחליף גבינה גאודה מעושנת,קילוגרמים,1.00,"ק""ג",true,,79.00,79.0000,true,1,484962
2090,true,גבינה קשה ראמזס 27%,,,גבינת פיקורינו 34%,קילוגרמים,1.00,"ק""ג",true,,69.00,69.0000,true,1,445885
2093,true,גבינה צפתית קשה 20%,מחלבת עברי,,גבינה צפתית קשה 20%,קילוגרמים,1.00,"ק""ג",true,,85.00,85.0000,true,1,442353
2094,true,תחליף גבינה דניש קומ,מחלבת עברי,,גבינה צפתית חצי קשה 9%,קילוגרמים,1.00,"ק""ג",true,,69.00,69.0000,true,1,445886
2111,true,גבינת טבורוג 16%,,,גבינת טבורוג 16%,קילוגרמים,1.00,"ק""ג",true,,42.00,42.0000,true,1,441432
2128,true,גבינה רולדה לבנה מחל,,,גבינה רולדה לבנה מחלב עיזים,קילוגרמים,1.00,"ק""ג",true,,179.00,179.0000,true,1,474756
2170,true,קאש 5%,טריקטה,,קאש 5%,קילוגרמים,1.00,"ק""ג",true,,49.00,49.0000,true,1,486364
2171,true,גבינה צדר עם חמוציות,טריקטה,,גבינה צדר עם חמוציות,קילוגרמים,1.00,"ק""ג",true,,159.00,159.0000,true,1,486363
2175,true,גבינה פרמגאנו רגאנו,,,גבינה פרמזאנו רגאנו,קילוגרמים,1.00,"ק""ג",true,,169.00,169.0000,true,1,493386
2180,true,גבינת גאודה חרדל,,,גבינת גאודה חרדל,קילוגרמים,1.00,"ק""ג",true,,119.00,119.0000,true,1,493387
2188,true,גבינה אמנטל צרפתי,,,גבינה אמנטל צרפתי,קילוגרמים,1.00,"ק""ג",true,,109.00,109.0000,true,1,493397
2223,true,גבינת כבשים הולנדית,,,גבינת כבשים הולנדית מואוטון,קילוגרמים,1.00,"ק""ג",true,,169.00,169.0000,true,1,443225
2244,true,שמנת חמוצה במשקל,,,שמנת חמוצה במשקל,קילוגרמים,1.00,"ק""ג",true,,24.00,24.0000,true,1,443229
2252,true,גבינה גאודה שום,,,גבינה גאודה שום,קילוגרמים,1.00,"ק""ג",true,,115.00,115.0000,true,1,443230
2260,true,גבינה גאודה צילי,לנדנה,,גבינה גאודה צילי,קילוגרמים,1.00,"ק""ג",true,,99.00,99.0000,true,1,444570
2268,true,גבינת עיזים גאודה מי,,,גבינה עיזים גאודה מיושן,קילוגרמים,1.00,"ק""ג",true,,129.00,129.0000,true,1,498215
2276,true,גבינה גרוייר מילד מר,,,גבינה גרוייר מילד מרובע,קילוגרמים,1.00,"ק""ג",true,,189.00,189.0000,true,1,505347
2277,true,גבינה גרוייר ריזרב מ,,,גבינה גרוייר ריזרב משולש,קילוגרמים,1.00,"ק""ג",true,,199.00,199.0000,true,1,505348
2280,true,גבינה גאודה כמהין,,,גבינה גאודה כמהין,קילוגרמים,1.00,"ק""ג",true,,129.00,129.0000,true,1,505878
2281,true,גבינה גאודה עיזים כמ,,,גבינה גאודה עיזים כמהין,קילוגרמים,1.00,"ק""ג",true,,189.00,189.0000,true,1,505879
2283,true,גבינה גאודה הולנדית,,,גבינה גאודה הולנדית פירות יער חלב עיזים,קילוגרמים,1.00,"ק""ג",true,,159.00,159.0000,true,1,505881
2510,true,גבינה עמק,,,עמק משקל,קילוגרמים,1.00,"ק""ג",true,,44.79,44.7900,true,1,444589
2512,true,גבינה טל העמק,,,גבינה טל העמק,קילוגרמים,1.00,"ק""ג",true,,65.00,65.0000,true,1,442384
2514,true,קולאז רוקפור חריץ,,,"קולאז"" רוקפור חריץ",קילוגרמים,1.00,"ק""ג",true,,149.00,149.0000,true,1,445909
2515,true,קולאז פרמזן חריץ,,,"קולאז"" פרמזן חריץ",קילוגרמים,1.00,"ק""ג",true,,139.00,139.0000,true,1,441722
2517,true,גבינה סקנדינבית,,,גבינה סקנדינבית,קילוגרמים,1.00,"ק""ג",true,,79.00,79.0000,true,1,441595
2520,true,גבינה בולגרית 24%,,,גבינה בולגרית 24%,קילוגרמים,1.00,"ק""ג",true,,59.00,59.0000,true,1,445911
2526,true,גבינה קולאז קשקבל חר,,,גבינה קולאז קשקבל חריץ 28%,קילוגרמים,1.00,"ק""ג",true,,149.00,149.0000,true,1,442386
2648,true,גבינה נעם 15%,,,גבינה נעם 15%,קילוגרמים,1.00,"ק""ג",true,,75.00,75.0000,true,1,480868
2655,true,גבינה שוויצרי,ספומלק,,גבינה שוויצרי,קילוגרמים,1.00,"ק""ג",true,,72.00,72.0000,true,1,467456
2656,true,גבינה סלמי,ספומלק,,גבינה סלמי,קילוגרמים,1.00,"ק""ג",true,,59.00,59.0000,true,1,467457
2659,true,גבינה קייבסקי,רוקי,,גבינה קייבסקי,קילוגרמים,1.00,"ק""ג",true,,72.00,72.0000,true,1,468043
2689,true,תחליף גבינה גורמן מע,,,תחליף גבינה גורמן מעושן,קילוגרמים,1.00,"ק""ג",true,,69.00,69.0000,true,1,489125
2690,true,תחליף גבינה סבליה,סבליה,,תחליף גבינה סבליה,קילוגרמים,1.00,"ק""ג",true,,69.00,69.0000,true,1,489819
2692,true,תחליף גבינה רוסייסקי,סבליה,,תחליף גבינה רוסייסקי,קילוגרמים,1.00,"ק""ג",true,,69.00,69.0000,true,1,489821
2693,true,תחליף גבינה סנאקס מע,,,סנאקס מעושן,קילוגרמים,1.00,"ק""ג",true,,129.00,129.0000,true,1,491489
2729,true,גבינת קרם ציז פילדלפ,,,גבינת קרם ציז פילדלפיה,קילוגרמים,1.00,"ק""ג",true,,75.00,75.0000,true,1,491349
2732,true,גבינת אמנטל שוויצרי,,,גבינת אמנטל שוויצרי,קילוגרמים,1.00,"ק""ג",true,,139.00,139.0000,true,1,491317
2737,true,גבינת קברה,,,גבינת קברה,קילוגרמים,1.00,"ק""ג",true,,189.00,189.0000,true,1,491322
2738,true,גבינת מנצגו,,,גבינת מנצגו,קילוגרמים,1.00,"ק""ג",true,,219.00,219.0000,true,1,491323
2751,true,גבינת בושה לבן עיזים,,,גבינת בושה לבן עיזים,קילוגרמים,1.00,"ק""ג",true,,159.00,159.0000,true,1,491327
2763,true,גבינה פרימדונה,,,גבינה פרימדונה,קילוגרמים,1.00,"ק""ג",true,,199.00,199.0000,true,1,498007
2840,true,סנט אגור,,,סנט אגור,קילוגרמים,1.00,"ק""ג",true,,189.00,189.0000,true,1,442401
2844,true,שאריות גבינה,,,שאריות גבינה,קילוגרמים,1.00,"ק""ג",true,,79.00,79.0000,true,1,442402
2846,true,חתיכות גבינה,,,פירורי גבינה,קילוגרמים,1.00,"ק""ג",true,,45.00,45.0000,true,1,445281
2894,true,גבינת ברי פטריות,,,גבינת ברי פטריות,קילוגרמים,1.00,"ק""ג",true,,189.00,189.0000,true,1,444619
2900,true,גבינה צדר טריפל,שבינגטון,,גבינה צדר טריפל,קילוגרמים,1.00,"ק""ג",true,,139.00,139.0000,true,1,483566
2971,true,גבינה גאודה שום,ד.ז.רווין,,גבינה גאודה שום,קילוגרמים,1.00,"ק""ג",true,,109.00,109.0000,true,1,441631
2972,true,כדורי מוצרלה בופלו,,,כדורי מוצרלה בופלו,קילוגרמים,1.00,"ק""ג",true,,149.00,149.0000,true,1,480062
3159,true,גבינה אולד רוטרדם בק,הנרי ויליך,NL,גבינה אולד רוטרדם בקר,קילוגרמים,1.00,"ק""ג",true,,189.00,189.0000,true,1,505975
3160,true,גבינה אולד רוטרדם עי,הנרי ויליך,NL,גבינה אולד רוטרדם עיזים,קילוגרמים,1.00,"ק""ג",true,,219.00,219.0000,true,1,505976
3418,true,גבינת ריקוטה,פרי זה לי,,גבינת ריקוטה,קילוגרמים,1.00,"ק""ג",true,,49.00,49.0000,true,1,481684
3464,true,גבינה עינב,,,גבינה עינב,קילוגרמים,1.00,"ק""ג",true,,145.00,145.0000,true,1,498418
4100,true,סוכריות 29.00,,,סוכריות 29.00,קילוגרמים,1.00,"ק""ג",true,,29.00,29.0000,true,1,445325
4101,true,סוכריות 39.00,,,סוכריות 39.00,קילוגרמים,1.00,"ק""ג",true,,39.00,39.0000,true,1,441669
4102,true,סוכריות 49.00,,,סוכריות 49.00,קילוגרמים,1.00,"ק""ג",true,,49.00,49.0000,true,1,443994
4103,true,סוכריות 59.00,,,סוכריות 59.00,קילוגרמים,1.00,"ק""ג",true,,59.00,59.0000,true,1,441670
4104,true,סוכריות 69.00,,,סוכריות 69.00,קילוגרמים,1.00,"ק""ג",true,,69.00,69.0000,true,1,445326
4105,true,סוכריות 79.00,,,סוכריות 79.00,קילוגרמים,1.00,"ק""ג",true,,79.00,79.0000,true,1,443360
4106,true,סוכריות 89.00,,,סוכריות 89.00,קילוגרמים,1.00,"ק""ג",true,,89.00,89.0000,true,1,441671
4107,true,סוכריות 99.00,,,סוכריות 99.00,קילוגרמים,1.00,"ק""ג",true,,99.00,99.0000,true,1,442136
4108,true,סוכריות 19.00,,,סוכריות 19.00,קילוגרמים,1.00,"ק""ג",true,,19.00,19.0000,true,1,445981
4109,true,סוכריות 119.00,,,סוכריות 119.00,קילוגרמים,1.00,"ק""ג",true,,119.00,119.0000,true,1,443361
4110,true,סוכריות 129.00,,,סוכריות 129.00,קילוגרמים,1.00,"ק""ג",true,,129.00,129.0000,true,1,445982
4111,true,סוכריות 25.00,,,סוכריות 25.00,קילוגרמים,1.00,"ק""ג",true,,25.00,25.0000,true,1,485721
4112,true,סוכריות 109.00,,,סוכריות 109.00,קילוגרמים,1.00,"ק""ג",true,,109.00,109.0000,true,1,525259
5310,true,גבינה מעושנת קשה 27%,,,גבינה מעושנת קשה 27%,קילוגרמים,1.00,"ק""ג",true,,79.00,79.0000,true,1,519939
5741,true,ריבות בטעמים,ענבי ציון,,ריבות בטעמים,קילוגרמים,1.00,"ק""ג",true,,39.00,39.0000,true,1,445408
5750,true,חלווה חמניות בטעמים,סידשלף,,חלווה חמניות בטעמים,קילוגרמים,1.00,"ק""ג",true,,29.00,29.0000,true,1,444746
5870,true,חלווה ללא סוכר,,,חלבה ללא סוכר,קילוגרמים,1.00,"ק""ג",true,,49.00,49.0000,true,1,485751
5871,true,קוקוס/חלביצה/קריש,,,קוקוס/חלביצה/קריש,קילוגרמים,1.00,"ק""ג",true,,49.00,49.0000,true,1,486777
5872,true,חלווה שכבות/סנדוויץ,,,חלוה שכבות/סנדוויץ,קילוגרמים,1.00,"ק""ג",true,,49.00,49.0000,true,1,442462
5874,true,חלווה בטעמים,,,חלבה עם פיסטוק/שקדים/חמוציות/תפוז,קילוגרמים,1.00,"ק""ג",true,,49.00,49.0000,true,1,491711
6106,true,גזר קוריאני,סלטי עמים ברדה,,גזר קוריאני,קילוגרמים,1.00,"ק""ג",true,,39.00,39.0000,true,1,446070
6115,true,זית סורי,,,זית סורי,קילוגרמים,1.00,"ק""ג",true,,49.00,49.0000,true,1,492509
6116,true,זית על האש,,,זית על האש,קילוגרמים,1.00,"ק""ג",true,,59.00,59.0000,true,1,492507
6118,true,פלפל שיפקונית,,,פלפל שיפקונית,קילוגרמים,1.00,"ק""ג",true,,49.00,49.0000,true,1,492508
6123,true,כרוב בולגרי,סלטי עמים ברדה,,כרוב בולגרי,קילוגרמים,1.00,"ק""ג",true,,29.00,29.0000,true,1,444762
6127,true,אבטיח מוחמץ,,,אבטיח מוחמץ,קילוגרמים,1.00,"ק""ג",true,,49.00,49.0000,true,1,444091
6133,true,כרוב במלח עם חמוציות,סלטי עמים ברדה,,כרוב במלח עם חמוציות,קילוגרמים,1.00,"ק""ג",true,,29.00,29.0000,true,1,443450
6137,true,גבינה פרובולונה,,,גבינה פרובולונה,קילוגרמים,1.00,"ק""ג",true,,129.00,129.0000,true,1,492827
6139,true,גבינה בוראטה,,,גבינה בוראטה,קילוגרמים,1.00,"ק""ג",true,,169.00,169.0000,true,1,511497
6140,true,גבינה אמנטל,,,גבינה אמנטל,קילוגרמים,1.00,"ק""ג",true,,129.00,129.0000,true,1,496972
6142,true,מלפפון בייבי מובחר ב,,,מלפפון בייבי מובחר במלח,קילוגרמים,1.00,"ק""ג",true,,39.00,39.0000,true,1,445433
6148,true,גבינה גאודה קימל,,,גבינה גאודה קימל,קילוגרמים,1.00,"ק""ג",true,,139.00,139.0000,true,1,494461
6153,true,גבינה קברה,,,פריט לא קיים,קילוגרמים,1.00,"ק""ג",true,,149.00,149.0000,true,1,500992
6159,true,גבינה טרופדו כמהין,,,פריט לא קיים,קילוגרמים,1.00,"ק""ג",true,,229.00,229.0000,true,1,500993
6160,true,גבינה מגורדת טריפל,,,גבינה מגורדת טריפל,קילוגרמים,1.00,"ק""ג",true,,69.00,69.0000,true,1,497204
6161,true,גבינה מגורדת עיזים ג,,,גבינה מגורדת עיזים גאודה,קילוגרמים,1.00,"ק""ג",true,,99.00,99.0000,true,1,497205
6165,true,גבינה גאודה כמון,,,גבינה גאודה כמון,קילוגרמים,1.00,"ק""ג",true,,139.00,139.0000,true,1,497207
6166,true,גבינה מנצגו חום,,,גבינה מנצגו חום,קילוגרמים,1.00,"ק""ג",true,,139.00,139.0000,true,1,497305
6167,true,גבינה מנצגו רוזמרין/,,,גבינה מנצגו רוזמרין/יין אדום,קילוגרמים,1.00,"ק""ג",true,,159.00,159.0000,true,1,497304
6176,true,גבינה אל וינו,,,פריט לא קיים,קילוגרמים,1.00,"ק""ג",true,,179.00,179.0000,true,1,500991
6177,true,גבינה גאודה איטלקית,,,פריט לא קיים,קילוגרמים,1.00,"ק""ג",true,,139.00,139.0000,true,1,511982
6180,true,זית ירוק עם גרעין,,,זית ירוק עם גרעין,קילוגרמים,1.00,"ק""ג",true,,59.00,59.0000,true,1,442479
6181,true,זית שחור עם גרעין,,,זית שחור עם גרעין,קילוגרמים,1.00,"ק""ג",true,,59.00,59.0000,true,1,444094
6182,true,זית ירוק ממולא שום,,,זיתים ממולאים,קילוגרמים,1.00,"ק""ג",true,,59.00,59.0000,true,1,442480
6183,true,זית שחור מגולען,,,זית שחור מגולען,קילוגרמים,1.00,"ק""ג",true,,69.00,69.0000,true,1,442946
6184,true,זית שחור יבש מרוקאי,,,זית שחור יבש מרוקאי,קילוגרמים,1.00,"ק""ג",true,,59.00,59.0000,true,1,442481
6187,true,זית ירוק מעדן איטלקי,,,זית ירוק מעדן איטלקי,קילוגרמים,1.00,"ק""ג",true,,59.00,59.0000,true,1,443455
6194,true,גבינה גאודה טריקולור,,,ראש סלמון מעושן,קילוגרמים,1.00,"ק""ג",true,,189.00,189.0000,true,1,512591
6203,true,טבורוג 9% פרמרסקי,,,טבורוג 9% פרמרסקי,קילוגרמים,1.00,"ק""ג",true,,39.00,39.0000,true,1,514287
6208,true,כדורי לאבנה בשמן,,,סלט ירקות ברביקיו/בי,קילוגרמים,1.00,"ק""ג",true,,119.00,119.0000,true,1,514289
6213,true,גבינה בולגרית עיזים,,,גבינה בולגרית עיזים,קילוגרמים,1.00,"ק""ג",true,,99.00,99.0000,true,1,444767
6218,true,בולגרית כבשים,,,סלט תירס עם פיטריות,קילוגרמים,1.00,"ק""ג",true,,95.00,95.0000,true,1,514303
6219,true,פטה עיזים,,,פרשמק,קילוגרמים,1.00,"ק""ג",true,,95.00,95.0000,true,1,514304
6239,true,גאודה עיזים פרחי דבש,,,גאודה עיזים פרחי דבש,קילוגרמים,1.00,"ק""ג",true,,179.00,179.0000,true,1,518155
6364,true,גבינה רוקפור דייניש,,,גבינה רוקפור דייניש בלו,קילוגרמים,1.00,"ק""ג",true,,145.00,145.0000,true,1,483824
6379,true,בולגרית מעודנת 16%,,,בולגרית מעודנת 16%,קילוגרמים,1.00,"ק""ג",true,,59.00,59.0000,true,1,441828
6380,true,גבינה טבורוג שוקולד,,,מקרל קר,קילוגרמים,1.00,"ק""ג",true,,59.00,59.0000,true,1,444108
6383,true,שום כבוש,,,שום כבוש,קילוגרמים,1.00,"ק""ג",true,,89.00,89.0000,true,1,444787
6388,true,ירקות חמוצים מעורבים,,,ירקות חמוצים מעורבים,קילוגרמים,1.00,"ק""ג",true,,59.00,59.0000,true,1,486155
6394,true,גבינה צדר כתום אנגלי,,,גבינה צדר כתום אנגלי,קילוגרמים,1.00,"ק""ג",true,,129.00,129.0000,true,1,496003
6395,true,גבינה שברה/בושה עיזי,,,גבינה שברה עיזים,קילוגרמים,1.00,"ק""ג",true,,159.00,159.0000,true,1,496005
6397,true,גבינה גאודה עיזים,,,גבינה גאודה עיזים,קילוגרמים,1.00,"ק""ג",true,,159.00,159.0000,true,1,496011
6398,true,גבינה אולד אמסטרדם,,,גבינה אולד אמסטרדם,קילוגרמים,1.00,"ק""ג",true,,189.00,189.0000,true,1,496008
6400,true,גבינה דנבלו,,,גבינה דנה בלו,קילוגרמים,1.00,"ק""ג",true,,99.00,99.0000,true,1,496012
6402,true,גבינה פרמזן איטלקי,,,גבינה פרמזן איטלקי,קילוגרמים,1.00,"ק""ג",true,,129.00,129.0000,true,1,496013
6405,true,כדורי מוצרלה,,,כדורי מוצרלה,קילוגרמים,1.00,"ק""ג",true,,99.00,99.0000,true,1,496014
6406,true,גבינה צפתית/קאש,,,גבינה צפתית/קאש,קילוגרמים,1.00,"ק""ג",true,,59.00,59.0000,true,1,496010
6407,true,אצבעות שוקולד,,,אצבעות שוקולד בטעמים,קילוגרמים,1.00,"ק""ג",true,,69.00,69.0000,true,1,496004
6408,true,גבינה טבורוג וניל/דו,,,גבינה טבורוג וניל/דובדבן/חמוציות/צימוקים,קילוגרמים,1.00,"ק""ג",true,,49.00,49.0000,true,1,496007
6419,true,זית קלמטה,,,זית קלמטה,קילוגרמים,1.00,"ק""ג",true,,69.00,69.0000,true,1,502317
6422,true,גבינה גרוזינית,,,גבינה גרוזינית,קילוגרמים,1.00,"ק""ג",true,,69.00,69.0000,true,1,496020
6425,true,שמנת סליבקי,,,סליבקי,קילוגרמים,1.00,"ק""ג",true,,49.00,49.0000,true,1,496023
6426,true,שמנת חמוצה,,,שמנת חמוצה,קילוגרמים,1.00,"ק""ג",true,,22.00,22.0000,true,1,496024
6428,true,גבינה גאודה הולנדית,,,גבינה גאודה הולנדית,קילוגרמים,1.00,"ק""ג",true,,89.00,89.0000,true,1,496026
6429,true,גבינה מאסדם הולנדית,,,גבינה מסדאם הולנדית,קילוגרמים,1.00,"ק""ג",true,,89.00,89.0000,true,1,496027
6446,true,גבינה גאודה שום שחור,,,גבינה גאודה שום שחור,קילוגרמים,1.00,"ק""ג",true,,195.00,195.0000,true,1,497409
6448,true,גבינת גאודה זעתר,,,גבינת גאודה זעתר,קילוגרמים,1.00,"ק""ג",true,,159.00,159.0000,true,1,498395
6450,true,גבינה גאודה,,,גבינה גאודה,קילוגרמים,1.00,"ק""ג",true,,29.00,29.0000,true,1,498396
6454,true,גבינה קשקבל קפלוטירי,,GR,סלט סלמון נורבגי,קילוגרמים,1.00,"ק""ג",true,,149.00,149.0000,true,1,442502
6460,true,זית ירוק מגולען,,,סלומון מעושן,קילוגרמים,1.00,"ק""ג",true,,69.00,69.0000,true,1,502319
6487,true,גבינה מנצגו כבשים,,,כרוב אדום מסעדות,קילוגרמים,1.00,"ק""ג",true,,169.00,169.0000,true,1,504349
6488,true,גבינת מנצגו עם שום פ,,,חציל במיונז,קילוגרמים,1.00,"ק""ג",true,,229.00,229.0000,true,1,504350
6511,true,כרוב צבוע/אביבי/סלט,סלטי עמים ברדה,,כרוב צבוע/אביבי/סלט,קילוגרמים,1.00,"ק""ג",true,,39.00,39.0000,true,1,445451
6516,true,חמוצים בטעם ביתי,סלטי עמים ברדה,,חמוצים בטעם ביתי,קילוגרמים,1.00,"ק""ג",true,,29.00,29.0000,true,1,446095
6589,true,גבינה אדם כדור,,NL,גבינה אדם כדור,קילוגרמים,1.00,"ק""ג",true,,79.00,79.0000,true,1,504870
6719,true,לש מעושן,,,לש מעושן,קילוגרמים,1.00,"ק""ג",true,,79.00,79.0000,true,1,488514
6980,true,צוואר סלמון בעישון ח,,,צוואר סלמון בעישון חם,קילוגרמים,1.00,"ק""ג",true,,79.00,79.0000,true,1,528570
6982,true,דניס שלם מעושן,,,דניס שלם מעושן,קילוגרמים,1.00,"ק""ג",true,,139.00,139.0000,true,1,444121
6983,true,פורל שלם מעושן,,,פורל שלם מעושן,קילוגרמים,1.00,"ק""ג",true,,139.00,139.0000,true,1,518781
6986,true,סלמון פרוס במליחות מ,,,סלמון פרוס במליחות מעודנת,קילוגרמים,1.00,"ק""ג",true,,199.00,199.0000,true,1,489844
6990,true,עגבניות שרי ממולאים,,,עגבניות שרי ממולאים שום ושמיר,קילוגרמים,1.00,"ק""ג",true,,79.00,79.0000,true,1,442978
7108,true,קוויאר אדום גולד אקס,א.ר.ד.י.ו,,קוויאר אדום גולד אקסטרה,קילוגרמים,1.00,"ק""ג",true,,559.00,559.0000,true,1,482510
7114,true,פילה סלמון אטלנטי מע,א.ר.ד.י.ו,,פילה סלמון אטלנטי מעושן פרוס,קילוגרמים,1.00,"ק""ג",true,,189.00,189.0000,true,1,441854
7140,true,קורנישון במשקל,,,קורנישון במשקל,קילוגרמים,1.00,"ק""ג",true,,35.00,35.0000,true,1,442531
7321,true,פילה סלמון,הרמס דגים,,סלמון שלם/פילה סלמון,קילוגרמים,1.00,"ק""ג",true,,165.00,165.0000,true,1,444295
7323,true,נילוס פרוס,הרמס דגים,,נילוס פרוס,קילוגרמים,1.00,"ק""ג",true,,169.00,169.0000,true,1,444970
7327,true,דג סלמון מעושן פרוס,הרמס דגים,,דג פורל/סלמון מעושן פרוס,קילוגרמים,1.00,"ק""ג",true,,165.00,165.0000,true,1,443658
7328,true,קילקה,הרמס דגים,,קילקה,קילוגרמים,1.00,"ק""ג",true,,45.00,45.0000,true,1,443206
7329,true,קילקה בלי ראש,הרמס דגים,,קילקה בלי ראש,קילוגרמים,1.00,"ק""ג",true,,59.00,59.0000,true,1,446250
7330,true,פילה הרינג מעושן,הרמס דגים,,פילה הרינג מעושן,קילוגרמים,1.00,"ק""ג",true,,49.00,49.0000,true,1,444971
7331,true,דג הרינג גמבו,הרמס דגים,,דג הרינג גמבו,קילוגרמים,1.00,"ק""ג",true,,35.00,35.0000,true,1,445625
7332,true,דג מקרל מעושן קר בשמ,הרמס דגים,,מקרל מעושן קר,קילוגרמים,1.00,"ק""ג",true,,89.00,89.0000,true,1,442681
7333,true,דג מקרל מעושן קטן אר,הרמס דגים,,דג מקרל מעושן קטן ארוז,קילוגרמים,1.00,"ק""ג",true,,65.00,65.0000,true,1,445626
7337,true,רינגה מעושן קר,הרמס דגים,,רינגה מעושן קר,קילוגרמים,1.00,"ק""ג",true,,49.00,49.0000,true,1,446252
7338,true,בטן הליבוט,הרמס דגים,,בטן הליבוט,קילוגרמים,1.00,"ק""ג",true,,69.00,69.0000,true,1,443660
7340,true,בייבי סלמון,הרמס דגים,,בייבי סלמון,קילוגרמים,1.00,"ק""ג",true,,129.00,129.0000,true,1,442683
7342,true,שאריות סלומון,הרמס דגים,,שאריות סלומון,קילוגרמים,1.00,"ק""ג",true,,89.00,89.0000,true,1,443209
7344,true,דג הליבוט (פלטוס),הרמס דגים,,דג הליבוט (פלטוס),קילוגרמים,1.00,"ק""ג",true,,159.00,159.0000,true,1,441994
7348,true,דג רוטבש,הרמס דגים,,דג רוטבש,קילוגרמים,1.00,"ק""ג",true,,95.00,95.0000,true,1,443210
7380,true,דג קילקה במלח,,,דג קילקה במלח,קילוגרמים,1.00,"ק""ג",true,,45.00,45.0000,true,1,510243
7383,true,דג שפרוט בעישון חם/ק,,,דג שפרוט בעישון חם/קר,קילוגרמים,1.00,"ק""ג",true,,79.00,79.0000,true,1,510246
7384,true,דג מויבה מיובש,,,דג מויבה מיובשת,קילוגרמים,1.00,"ק""ג",true,,99.00,99.0000,true,1,510248
7386,true,דג מויבה מעושנת,,,דג מויבה מעושנת,קילוגרמים,1.00,"ק""ג",true,,75.00,75.0000,true,1,510247
7392,true,הרינג דונאי,,,הרינג דונאי,קילוגרמים,1.00,"ק""ג",true,,35.00,35.0000,true,1,523711
7393,true,לש מעושן,,,לש מעושן,קילוגרמים,1.00,"ק""ג",true,,75.00,75.0000,true,1,523712
7413,true,גבינה גאודה שחורה לי,,,נבטים כבושים,קילוגרמים,1.00,"ק""ג",true,,239.00,239.0000,true,1,505368
7417,true,גבינה אמסטרדם פיסטוק,,,פטריות שמפניון/יער,קילוגרמים,1.00,"ק""ג",true,,159.00,159.0000,true,1,505369
7441,true,גבינה אולד אמסטרדם מ,,,גבינה אולד אמסטרדם מיילד,קילוגרמים,1.00,"ק""ג",true,,139.00,139.0000,true,1,506325
7442,true,גבינה אולד אמסטרדם ר,,,גבינה אולד אמסטרדם ריזרב,קילוגרמים,1.00,"ק""ג",true,,199.00,199.0000,true,1,506326
7459,true,נקניק מוצרלה,,,נקניק מוצרלה,קילוגרמים,1.00,"ק""ג",true,,69.00,69.0000,true,1,509157
7464,true,גבינה מוצרלה איטלקית,,,גבינה מוצרלה איטלקית,קילוגרמים,1.00,"ק""ג",true,,89.00,89.0000,true,1,509948
7475,true,גבינה מנצגו דיאבלו,,,גבינה מנזגו דיאבלו,קילוגרמים,1.00,"ק""ג",true,,229.00,229.0000,true,1,510972
9253,true,מצה 500 גר,,,מצות 500 גר,גרמים,500.00,100 גרם,false,1,6.90,1.3800,true,1,445661
9552,true,מתנה לחג 149.90,,,מתנה לחג 149.90,Unknown,0.00,Unknown,false,1,149.90,0.0000,true,1,442048
10010,true,לחם גבטה כפרי,בונז'ור,,"לחם ג""בטה כפרי",Unknown,0.00,Unknown,false,1,6.90,0.0000,true,1,440896
10024,true,לחם איטלקי בטעמים,בונז'ור,,לחם איטלקי בטעמים,Unknown,0.00,Unknown,false,1,7.50,0.0000,true,1,440921
10033,true,לחמניות אצבע,בונז'ור,,לחמניות אצבע,גרמים,80.00,100 גרם,false,1,1.90,2.3750,true,1,440923
10039,true,לחמנייה כריך לבן,בונז'ור,,לחמנייה כריך לבן,גרמים,120.00,100 גרם,false,1,2.90,2.4167,true,1,440900
10043,true,לחם אחיד 750 גר,מאפיית ברמן,,"לחם אחיד 750 גר""",גרמים,750.00,100 גרם,false,1,4.90,0.6533,true,1,440901
10053,true,לחמניות שומשום/בייגל,,,לחמניות שומשום/בייגל,Unknown,0.00,Unknown,false,1,3.90,0.0000,true,1,441121
10092,true,"פירושקי תפו""א",,,פירושקי תפוא,Unknown,0.00,Unknown,false,1,5.90,0.0000,true,1,441070
10094,true,פירושקי עם כרוב,,,פירושקי עם כרוב,Unknown,0.00,Unknown,false,1,5.90,0.0000,true,1,441047
10130,true,פיתה לעובד,,,פיתה לעובד,Unknown,0.00,Unknown,false,1,2.00,0.0000,false,1,440932
10154,true,גבטינה 50 גר,,,"ג""בטינה 50 גר",גרמים,50.00,100 גרם,false,1,2.90,5.8000,true,1,472824
10155,true,לחמניה רגילה,,,לחמניה רגילה,Unknown,0.00,Unknown,false,1,1.50,0.0000,true,1,472825
10211,true,פירושקי אפוי עם בשר,,,פירושקי אפוי עם בשר,Unknown,0.00,Unknown,false,1,6.90,0.0000,true,1,441214
10317,true,סופגנייה מטוגנת קטנה,,,סופגנייה מטוגנת קטנה,גרמים,40.00,100 גרם,false,1,2.90,7.2500,true,1,477025
10318,true,סופגנייה מטוגנת,,,סופגנייה מטוגנת,Unknown,0.00,Unknown,false,1,3.90,0.0000,true,1,477026
10320,true,בגט רוסטיק 300 גר,,,בגט רוסטיק,גרמים,300.00,100 גרם,false,1,7.90,2.6333,true,1,505931
10321,true,בגט רוסטיק קמח מלא 3,,,בגט רוסטיק עם קמח מלא,גרמים,300.00,100 גרם,false,1,7.90,2.6333,true,1,505930
10323,true,לחם מחמצת 500 גר,,,לחם מחמצת 500 גר,גרמים,500.00,100 גרם,false,1,17.90,3.5800,true,1,477031
10500,true,ארוחה לעובד,,,ארוחה לעובד,Unknown,0.00,Unknown,false,1,10.00,0.0000,false,1,516379
11020,true,כוסות נייר 50 יח,,,כוסות נייר 50 יח,Unknown,0.00,Unknown,false,1,9.90,0.0000,true,1,441232
11073,true,זיקוקים דקים 10 יח,,,"זיקוקים דקים 10 יח""",Unknown,0.00,Unknown,false,1,2.50,0.0000,true,1,445014
11102,true,סל רב פעמי קשת טעמים,,,סל רב פעמי קשת טעמים,Unknown,0.00,Unknown,false,1,2.90,0.0000,true,1,440957
11111,true,שקיות גופייה מודפסות,,,שקיות גופייה מודפסות,Unknown,0.00,Unknown,false,1,0.10,0.0000,false,1,487467
11113,true,ציידנית קשת טעמים,,,תיק ציידנית קשת טעמים,Unknown,0.00,Unknown,false,1,14.90,0.0000,true,1,490521
11491,true,מצית,,,מצית,Unknown,0.00,Unknown,false,1,5.00,0.0000,true,1,445698
11517,true,פריזר בייבי סנדוויץ,,,פריזר בייבי סנדוויץ 750 גר,גרמים,750.00,100 גרם,false,1,26.90,3.5867,true,1,440980
11528,true,סרט לקישוט,,,שקיות ואקום 200*300,Unknown,0.00,Unknown,false,1,9.90,0.0000,true,1,440981
11856,true,סרוולט מבושל אלכסון,,,סרוולט מבושל אלכסון,קילוגרמים,1.00,"ק""ג",true,,99.00,99.0000,true,1,497540
11857,true,פינסקיה אלכסון,מעדני בשר השוקת,,פינסקיה אלכסון,קילוגרמים,1.00,"ק""ג",true,,99.00,99.0000,true,1,475945
11918,true,פולני אלכסון,,,פולני אלכסון,קילוגרמים,1.00,"ק""ג",true,,89.00,89.0000,true,1,497538
11970,true,צידנית ממותגת,,,צידנית ממותגת,Unknown,0.00,Unknown,false,1,14.90,0.0000,true,1,504732
12007,true,בובות חיות מחמד אישי,,,ערכת מונדיאל בלו,Unknown,0.00,Unknown,false,1,29.90,0.0000,true,1,500761
12013,true,נר כריסמס,,,נר כריסמס,Unknown,0.00,Unknown,false,1,4.90,0.0000,true,1,443751
12044,true,"עץ אשוח כחול 60 ס""מ",,,"עץ אשוח כחול 60 ס""מ",Unknown,0.00,Unknown,false,1,9.90,0.0000,true,1,509151
12078,true,ציפית קריסמס 43*43 ס,,,"ציפית קריסמס 43*43 ס""מ",Unknown,0.00,Unknown,false,1,12.90,0.0000,true,1,509154
12112,true,כובע עץ אשוח,,,כובע עץ אשוח,Unknown,0.00,Unknown,false,1,19.90,0.0000,true,1,442770
12117,true,חליפה סנטה,,,חליפה סנטה,Unknown,0.00,Unknown,false,1,69.90,0.0000,true,1,441024
12118,true,חליפה סנטה,,,חליפה סנטה,Unknown,0.00,Unknown,false,1,29.90,0.0000,true,1,443765
12350,true,ציפית לכרית כריסמס 4,,IL,ציפית לכרית כריסמס 45*45 סמ,Unknown,0.00,Unknown,false,1,19.90,0.0000,true,1,528600
12501,true,קישוט לעץ אשוח,,,קישוט לעץ אשוח,Unknown,0.00,Unknown,false,1,9.90,0.0000,true,1,441138
12511,true,עץ אשוח,,,עץ אשוח,Unknown,0.00,Unknown,false,1,29.90,0.0000,true,1,445109
12544,true,קישוטי קריסמס,,,קישוטי קריסמס,Unknown,0.00,Unknown,false,1,14.90,0.0000,true,1,445114
12551,true,חליפת סנטה,,,חליפת סנטה,Unknown,0.00,Unknown,false,1,59.90,0.0000,true,1,444426
12560,true,סנטה 7,,,"סנטה 7""",Unknown,0.00,Unknown,false,1,19.90,0.0000,true,1,445752
12563,true,"סנטה 12""",,,"סנטה 12""",Unknown,0.00,Unknown,false,1,39.90,0.0000,true,1,442241
13202,true,כדור כריסמס 2.90,,,כדור כריסמס 2.90,Unknown,0.00,Unknown,false,1,2.90,0.0000,true,1,445758
13203,true,כדור כריסמס 3.90,,,כדור כריסמס 3.90,Unknown,0.00,Unknown,false,1,3.90,0.0000,true,1,442851
15856,true,עוף בקארי הודי,,,עוף בקארי הודי,קילוגרמים,1.00,"ק""ג",true,,59.00,59.0000,true,1,502622
15874,true,סלט סלק עם כוסברה,,,סלט סלק עם כוסברה,קילוגרמים,1.00,"ק""ג",true,,45.00,45.0000,true,1,499088
15877,true,קציצות עוף אסייתיות,,,קציצות עוף אסייתיות,קילוגרמים,1.00,"ק""ג",true,,59.00,59.0000,true,1,499090
15897,true,חמין עם בשר בקר,,,חמין עם בשר בקר,קילוגרמים,1.00,"ק""ג",true,,69.00,69.0000,true,1,495010
15899,true,רגל קרושה בקר,,,רגל קרושה בקר,קילוגרמים,1.00,"ק""ג",true,,59.00,59.0000,true,1,502445
15956,true,פטה כבד עם ריבת בצל,,,פטה כבד עם ריבת בצל ארוז,קילוגרמים,1.00,"ק""ג",true,,79.00,79.0000,true,1,493631
15974,true,צלי בקר ביין,,,צלי בקר ביין,קילוגרמים,1.00,"ק""ג",true,,119.00,119.0000,true,1,499101
15975,true,אורז מוקפץ,,,אורז מוקפץ,קילוגרמים,1.00,"ק""ג",true,,39.00,39.0000,true,1,493630
15980,true,מגדרה עם בצל מטוגן,,,מגדרה ובצל מטוגן,קילוגרמים,1.00,"ק""ג",true,,39.00,39.0000,true,1,494239
15981,true,אורז פרסי עם פול ואפ,,,אורז פרסי עם פול ואפונה,קילוגרמים,1.00,"ק""ג",true,,39.00,39.0000,true,1,499102
15987,true,חציל עם בשר ברוטב קר,,,חציל עם בשר ברוטב קרמל,קילוגרמים,1.00,"ק""ג",true,,59.00,59.0000,true,1,493628
15992,true,לשון עגל עם פטריות ש,,,לשון עגל עם פטריות שיטאקי ושמפיניון,קילוגרמים,1.00,"ק""ג",true,,99.00,99.0000,true,1,494155
16000,true,כיסונים עם בשר,,,כיסונים עם בשר,קילוגרמים,1.00,"ק""ג",true,,59.00,59.0000,true,1,445144
16002,true,כרוב ממולא בשר,,,כרוב ממולא בשר,קילוגרמים,1.00,"ק""ג",true,,59.00,59.0000,true,1,445145
16006,true,פירושקי תפוחים,,,פירושקי עם תפוע,Unknown,0.00,Unknown,false,1,5.90,0.0000,true,1,445146
16007,true,"כיסונים עם תפו""א",,,כיסונים עם תפוא,קילוגרמים,1.00,"ק""ג",true,,55.00,55.0000,true,1,444466
16009,true,"בלינצ""יס עם בשר",,,בלינציס עם בשר,קילוגרמים,1.00,"ק""ג",true,,65.00,65.0000,true,1,441478
16010,true,סלט אוליביה,,,סלט אוליביה,קילוגרמים,1.00,"ק""ג",true,,55.00,55.0000,true,1,445788
16011,true,גפילטע פיש,,,גפילטע פיש,קילוגרמים,1.00,"ק""ג",true,,79.00,79.0000,true,1,444467
16012,true,אורז לבן,,,אורז לבן,קילוגרמים,1.00,"ק""ג",true,,35.00,35.0000,true,1,445147
16016,true,קציצות עוף עם הודו מ,,,קציצות עוף עם הודו מטוגנות,קילוגרמים,1.00,"ק""ג",true,,65.00,65.0000,true,1,443821
16022,true,סלט עדשים,,,סלט עדשים,קילוגרמים,1.00,"ק""ג",true,,49.00,49.0000,true,1,443822
16023,true,עוף בסגנון סיני,,,עוף בסגנון סיני,קילוגרמים,1.00,"ק""ג",true,,69.00,69.0000,true,1,444468
16025,true,"צ""בורקי עם בשר",,,צבורקי עם בשר,Unknown,0.00,Unknown,false,1,7.90,0.0000,true,1,442889
16029,true,בלינצס גבינה,,,בלינצס גבינה,קילוגרמים,1.00,"ק""ג",true,,59.00,59.0000,true,1,441304
16030,true,סלט פטריות דליקטסני,,,סלט פטריות דליקטסני,קילוגרמים,1.00,"ק""ג",true,,75.00,75.0000,true,1,442905
16032,true,גולש עגל הונגרי,,,גולש עגל הונגרי,קילוגרמים,1.00,"ק""ג",true,,85.00,85.0000,true,1,445793
16033,true,לשון בקר עם פטריות,,,לשון בקר עם פטריות,קילוגרמים,1.00,"ק""ג",true,,99.00,99.0000,true,1,444471
16034,true,דג מרלוזה מטוגן,,,דג מרלוזה מטוגן,קילוגרמים,1.00,"ק""ג",true,,65.00,65.0000,true,1,441305
16036,true,סלט וולדורף,,,סלט וולדורף,קילוגרמים,1.00,"ק""ג",true,,55.00,55.0000,true,1,445149
16038,true,פרגיות ממולאות,,,פרגיות ממולא,קילוגרמים,1.00,"ק""ג",true,,79.00,79.0000,true,1,442269
16042,true,מרק גולש/קובה,,,מרק היום,קילוגרמים,1.00,"ק""ג",true,,35.00,35.0000,true,1,444473
16044,true,נקניק ביתי,,,נקניק ביתי,קילוגרמים,1.00,"ק""ג",true,,89.00,89.0000,true,1,445150
16045,true,אנזלה צוואר עוף ממול,,,אנזלה צוואר עוף ממולא,קילוגרמים,1.00,"ק""ג",true,,69.00,69.0000,true,1,442906
16052,true,תפוח אדמה אפוי,,,תפוח אדמה אפוי,קילוגרמים,1.00,"ק""ג",true,,35.00,35.0000,true,1,441483
16053,true,כבד עוף קצוץ,,,כבד עוף קצוץ,קילוגרמים,1.00,"ק""ג",true,,69.00,69.0000,true,1,442271
16054,true,סלט ויניגרט,,,סלט ויניגרט,קילוגרמים,1.00,"ק""ג",true,,49.00,49.0000,true,1,442907
16055,true,סלט שובה,,,סלט שובה,קילוגרמים,1.00,"ק""ג",true,,55.00,55.0000,true,1,441484
16056,true,כנפיים ברביקיו,,,כנפיים ברביקיו,קילוגרמים,1.00,"ק""ג",true,,35.00,35.0000,true,1,443826
16058,true,ציקן קייב,,,ציקן קייב,קילוגרמים,1.00,"ק""ג",true,,79.00,79.0000,true,1,444474
16061,true,קנישס בשר,,,קנישס בשר,קילוגרמים,1.00,"ק""ג",true,,75.00,75.0000,true,1,445151
16063,true,קציצות דגים ברוטב,,,קציצות דגים,קילוגרמים,1.00,"ק""ג",true,,65.00,65.0000,true,1,445152
16064,true,קנישס פטריות,,,קנישס פטריות,קילוגרמים,1.00,"ק""ג",true,,65.00,65.0000,true,1,445153
16065,true,סלט ריגה,,,סלט ריגה,קילוגרמים,1.00,"ק""ג",true,,65.00,65.0000,true,1,468019
16067,true,נודלס עם ירקות,,,נודלס עם ירקות,קילוגרמים,1.00,"ק""ג",true,,45.00,45.0000,true,1,443828
16068,true,סלט ביצים,,,סלט ביצים,קילוגרמים,1.00,"ק""ג",true,,49.00,49.0000,true,1,442272
16071,true,סלט חצילים במרינדה,,,סלט חצילים במרינד,קילוגרמים,1.00,"ק""ג",true,,49.00,49.0000,true,1,468020
16074,true,סלט סלק עם מיונז,,,סלט סלק עם מיונז,קילוגרמים,1.00,"ק""ג",true,,49.00,49.0000,true,1,468023
16076,true,סלט פרשמק,,,סלט פרשמק,קילוגרמים,1.00,"ק""ג",true,,49.00,49.0000,true,1,468025
16078,true,כריך חצילים עם בשר,,,כריך חצילים עם בשר,קילוגרמים,1.00,"ק""ג",true,,49.00,49.0000,true,1,468027
16080,true,בקר בנוסח סצואן,,,בקר בנוסח סצואן,קילוגרמים,1.00,"ק""ג",true,,99.00,99.0000,true,1,468029
16081,true,רגל קרושה עוף,,,רגל כרושה עוף,קילוגרמים,1.00,"ק""ג",true,,59.00,59.0000,true,1,468039
16089,true,לטקס,,,לטקס,קילוגרמים,1.00,"ק""ג",true,,40.00,40.0000,true,1,473342
16107,true,קבב רומני,,,קבב רומני,קילוגרמים,1.00,"ק""ג",true,,59.00,59.0000,true,1,474515
16121,true,סלט טונה,,,סלט טונה,קילוגרמים,1.00,"ק""ג",true,,65.00,65.0000,true,1,476211
16124,true,פלפלים ממולאים,,,ירקות שוק ממולאים,קילוגרמים,1.00,"ק""ג",true,,59.00,59.0000,true,1,476214
16125,true,רטטוי,,,רטטוי,קילוגרמים,1.00,"ק""ג",true,,49.00,49.0000,true,1,476215
16127,true,ספריבס,,,ספריבס,קילוגרמים,1.00,"ק""ג",true,,99.00,99.0000,true,1,476217
16132,true,סלט סורימי,,,סלט סורימי,קילוגרמים,1.00,"ק""ג",true,,59.00,59.0000,true,1,477381
16138,true,עוגה בחושה תפוזים 50,,,עוגה בחושה תפוזים,גרמים,500.00,100 גרם,false,1,14.90,2.9800,true,1,477800
16146,true,סלט עוף ואננס,,,סלט עוף ואננס,קילוגרמים,1.00,"ק""ג",true,,55.00,55.0000,true,1,478459
16147,true,סלט פטריות כבושות,,,סלט פטריות כבושות,קילוגרמים,1.00,"ק""ג",true,,65.00,65.0000,true,1,478460
16151,true,לזניה בשר,,,לזניה בשר,קילוגרמים,1.00,"ק""ג",true,,79.00,79.0000,true,1,478453
16152,true,לביבות גבינה,,,לביבות גבינה,קילוגרמים,1.00,"ק""ג",true,,59.00,59.0000,true,1,478471
16153,true,שניצל עוף סופר קריספ,,,שניצל עוף סופר קריספי,קילוגרמים,1.00,"ק""ג",true,,65.00,65.0000,true,1,478462
16154,true,קציצות עוף לילדים בר,,,קציצות עוף לילדים ברוטב עגבניות,קילוגרמים,1.00,"ק""ג",true,,59.00,59.0000,true,1,478454
16167,true,רולדת סלמון וגבינה,,,רולדת סלמון וגבינה,קילוגרמים,1.00,"ק""ג",true,,119.00,119.0000,true,1,441487
16180,true,עלי גפן ממולאים,,,עלי גפן ממולאים,קילוגרמים,1.00,"ק""ג",true,,59.00,59.0000,true,1,481328
16186,true,עוגת פס תפוחים,,,עוגת פס תפוע,קילוגרמים,1.00,"ק""ג",true,,39.00,39.0000,true,1,481513
16189,true,סלט שרימפס ברוטב שום,,,סלט בייבי שרימפס ברוטב שום ופלפלים,קילוגרמים,1.00,"ק""ג",true,,119.00,119.0000,true,1,441312
16205,true,כרעיים מתובלים,,,כרעיים מתובלים,קילוגרמים,1.00,"ק""ג",true,,49.00,49.0000,true,1,482279
16209,true,לשון מבושלת,,,לשון פרוסה,קילוגרמים,1.00,"ק""ג",true,,89.00,89.0000,true,1,483435
16226,true,שעועית ירוקה,,,שעועית ירוקה,קילוגרמים,1.00,"ק""ג",true,,39.00,39.0000,true,1,483661
16234,true,גלילת חצילים,,,גלילת חצילים וגבינה,קילוגרמים,1.00,"ק""ג",true,,59.00,59.0000,true,1,484423
16242,true,לחם שיפון ביתי 580 ג,,,לחם שיפון ביתי 580 גר,גרמים,580.00,100 גרם,false,1,13.90,2.3966,true,1,487238
16245,true,שניצל עגל בציפוי בית,,,שניצל עגל בציפוי ביתי,קילוגרמים,1.00,"ק""ג",true,,89.00,89.0000,true,1,487515
16248,true,לחם אגוזים 500 גר,,,לחם אגוזים 500 גר,גרמים,500.00,100 גרם,false,1,13.90,2.7800,true,1,488132
16249,true,לחם איטלקי 500 גר,,,לחם איטלקי 500 גר,גרמים,500.00,100 גרם,false,1,13.90,2.7800,true,1,488131
16250,true,עוגת פס גבינה,,,עוגת פס גבינה,קילוגרמים,1.00,"ק""ג",true,,44.00,44.0000,true,1,488343
16251,true,שרימפס ברוטב שמנת,,,שרימפס ברוטב שמנת,קילוגרמים,1.00,"ק""ג",true,,129.00,129.0000,true,1,489605
16253,true,לחם בצל 600 גר,,,לחם בצל 600 גר,גרמים,600.00,100 גרם,false,1,13.90,2.3167,true,1,489670
16258,true,סלט קינואה שורשים וצ,,,סלט קינואה שורשים וצימוקים,קילוגרמים,1.00,"ק""ג",true,,55.00,55.0000,true,1,489945
16259,true,כרובית מצופה,,,כרובית מצופה,קילוגרמים,1.00,"ק""ג",true,,79.00,79.0000,true,1,489946
16261,true,"לטקס תפו""א",,,לטקס תפוא,קילוגרמים,1.00,"ק""ג",true,,55.00,55.0000,true,1,489948
16262,true,קציצות עדשים טבעוני,,,קציצות עדשים טבעוני,קילוגרמים,1.00,"ק""ג",true,,59.00,59.0000,true,1,489949
16266,true,אורז איטריות,,,אורז איטריות,קילוגרמים,1.00,"ק""ג",true,,35.00,35.0000,true,1,490526
16267,true,סלט טבולה,,,סלט טבולה,קילוגרמים,1.00,"ק""ג",true,,49.00,49.0000,true,1,490527
16268,true,ביף סטרוגנוף,,,ביף סטרוגנוף,קילוגרמים,1.00,"ק""ג",true,,79.00,79.0000,true,1,490528
16269,true,פשטידת כרובית 600 גר,,,פשטידה כרובית,גרמים,600.00,100 גרם,false,1,29.90,4.9833,true,1,490529
16274,true,עוגה בחושה בננה 500,,,עוגה בחושה בננה,גרמים,500.00,100 גרם,false,1,14.90,2.9800,true,1,490537
16275,true,עוגה בחושה שוקו 500,,,עגה בחושה שוקו,גרמים,500.00,100 גרם,false,1,14.90,2.9800,true,1,490538
16276,true,עוגה בחושה פרג 500 ג,,,עוגה בחושה פרג,גרמים,500.00,100 גרם,false,1,14.90,2.9800,true,1,490539
16277,true,עוגת בחושה תפוע 500,,,עוגת בחושה תפוע,גרמים,500.00,100 גרם,false,1,14.90,2.9800,true,1,490540
16278,true,פירושקי דובדבן,,,פירושקי עם דובדובן,Unknown,0.00,Unknown,false,1,5.90,0.0000,true,1,490716
16279,true,פלוב - אורז עם בשר,,,פלוב - אורז עם בשר,קילוגרמים,1.00,"ק""ג",true,,55.00,55.0000,true,1,490534
16280,true,עוגת פס פרג,,,עוגת פס פרג,קילוגרמים,1.00,"ק""ג",true,,39.00,39.0000,true,1,490535
16282,true,עוגת מאפינס חלווה 50,,,עוגת מאפינס חלווה,גרמים,500.00,100 גרם,false,1,22.90,4.5800,true,1,490541
16283,true,עוגת מאפינס קפה 400,,,עוגת מאפינס קפה 400 גר,גרמים,400.00,100 גרם,false,1,22.90,5.7250,true,1,490542
16284,true,עוגת מאפינס שוקולד ד,,,עוגת מאפינס שוקולד דובדובן,גרמים,500.00,100 גרם,false,1,22.90,4.5800,true,1,490543
16286,true,עוגת מאפינס תפוח 500,,,עוגת מאפינס תפוח,גרמים,500.00,100 גרם,false,1,22.90,4.5800,true,1,490545
16301,true,סלט פטריות אסייתי,,,סלט פטריות אסייתי,קילוגרמים,1.00,"ק""ג",true,,59.00,59.0000,true,1,490928
16309,true,שיפודי גבינה גאודה,,,שיפודי גבינה גאודה,קילוגרמים,1.00,"ק""ג",true,,50.00,50.0000,true,1,490910
16310,true,שקיות פילו עם פטריות,,,שקיות פילו עם פטריות וגבינה,קילוגרמים,1.00,"ק""ג",true,,59.00,59.0000,true,1,490911
16316,true,לחם נרוצנסקי 600 גר,,,לחם שיפון נרוצינסקי קראי,גרמים,600.00,100 גרם,false,1,18.90,3.1500,true,1,508774
16317,true,לחם קומרובסקי 700 גר,,,לחם שיפון קומורובסקי,גרמים,700.00,100 גרם,false,1,18.90,2.7000,true,1,508775
16318,true,עוף שלם בגריל,,,עוף שלם בגריל,קילוגרמים,1.00,"ק""ג",true,,39.00,39.0000,true,1,492285
16336,true,קיש אישי בטטה 250 גר,,,קיש אישי בטטה,גרמים,250.00,100 גרם,false,1,19.90,7.9600,true,1,495916
16337,true,קיש אישי בצל 250 גר,,,קיש אישי בצל,גרמים,250.00,100 גרם,false,1,19.90,7.9600,true,1,495917
16338,true,קיש אישי ברוקולי 250,,,קיש אישי ברוקולי,גרמים,250.00,100 גרם,false,1,19.90,7.9600,true,1,495918
16339,true,קיש אישי כרובית 250,,,קיש אישי כרובית,גרמים,250.00,100 גרם,false,1,19.90,7.9600,true,1,495919
16340,true,קיש אישי פטריות 250,,,קיש אישי פטריות,גרמים,250.00,100 גרם,false,1,19.90,7.9600,true,1,494950
16341,true,קיש אישי פלפלים 250,,,קיש אישי פלפלים,גרמים,250.00,100 גרם,false,1,19.90,7.9600,true,1,495452
16342,true,קיש אישי תרד 250 גר,,,קיש אישי תרד 250 גר,גרמים,250.00,100 גרם,false,,19.90,7.9600,true,1,496209
16343,true,פרוסת עוגה,,,פרוסת עוגה,Unknown,0.00,Unknown,false,,0.01,0.0000,true,1,496650
16389,true,אורז עם פטריות בזילי,,,אורז עם פטריות בזיליקום ועגבניות מיובשו,קילוגרמים,1.00,"ק""ג",true,,39.00,39.0000,true,1,500219
16391,true,כבד עוף עם בצל מטוגן,,,כבד עוף עם בצל מטוגן ויין,קילוגרמים,1.00,"ק""ג",true,,59.00,59.0000,true,1,500531
16401,true,פילה סלמון,,,קונפיטורות מיני,קילוגרמים,1.00,"ק""ג",true,,129.00,129.0000,true,1,493358
16415,true,קציצות בשר ואורז עם,,,קציצות בשר ואורז עם לימון פרסי,קילוגרמים,1.00,"ק""ג",true,,69.00,69.0000,true,1,504921
16433,true,קוביות תפוא ובטטה עם,,,קוביות תפוא ובטטה עם שום ותימין,קילוגרמים,1.00,"ק""ג",true,,49.00,49.0000,true,1,505404
16434,true,חציל יווני,,,סנטה יושב על 2 מתנות,קילוגרמים,1.00,"ק""ג",true,,45.00,45.0000,true,1,505386
16447,true,עוף בגריל,,,עוף בגריל בואקום,קילוגרמים,1.00,"ק""ג",true,,29.00,29.0000,true,1,506991
16453,true,מאפה פילו במילוי בשר,,,מאפה פילו במילוי בשר,קילוגרמים,1.00,"ק""ג",true,,69.00,69.0000,true,1,507493
16471,true,סלמון בעישון חם עם ח,,,6 כדורים 6סמ בשקית,קילוגרמים,1.00,"ק""ג",true,,129.00,129.0000,true,1,509476
16578,true,כרעיים עוף בשום ודבש,,,כרעיים עוף בשום ודבש,קילוגרמים,1.00,"ק""ג",true,,65.00,65.0000,true,1,518625
16579,true,כרעיים עוף איטלקי,,,כרעיים עוף איטלקי,קילוגרמים,1.00,"ק""ג",true,,65.00,65.0000,true,1,518626
16656,true,קציצות דג,,,קציצות דג,קילוגרמים,1.00,"ק""ג",true,,69.00,69.0000,true,1,517909
16659,true,עוף טנדורי,,,עוף טנדורי,קילוגרמים,1.00,"ק""ג",true,,45.00,45.0000,true,1,522648
16666,true,סלט אוליביה ללא נקני,,,סלט אוליביה ללא נקניק,קילוגרמים,1.00,"ק""ג",true,,49.00,49.0000,true,1,524172
16672,true,סירות קישואים במילוי,,,סירות קישואים במילוי קבב עוף,קילוגרמים,1.00,"ק""ג",true,,65.00,65.0000,true,1,526791
16677,true,תפוח אדמה אפוי מתובל,,,תפוח אדמה אפוי מתובל,קילוגרמים,1.00,"ק""ג",true,,35.00,35.0000,true,1,526805
16679,true,לחמניית אגוזים 100 ג,,,לחמניית אגוזים 100 גר,גרמים,100.00,100 גרם,false,1,4.90,4.9000,true,1,528987
16680,true,לחמניית בצל 100 גר,,,לחמניית בצל 100 גר,גרמים,100.00,100 גרם,false,1,4.90,4.9000,true,1,528988
16681,true,לחמניה איטלקית 100 ג,,,לחמניה איטלקית 100 גר,גרמים,100.00,100 גרם,false,1,4.90,4.9000,true,1,528989
17000,true,עוף שלם טרי,פנדי עוף,,עוף טרי,קילוגרמים,1.00,"ק""ג",true,,17.90,17.9000,true,1,443841
17001,true,כרעיים עוף,פנדי עוף,,כרעיים עוף,קילוגרמים,1.00,"ק""ג",true,,19.90,19.9000,true,1,445802
17002,true,חזה עוף,פנדי עוף,,חזה עוף,קילוגרמים,1.00,"ק""ג",true,,33.90,33.9000,true,1,445157
17003,true,שניצל עוף,פנדי עוף,,שניצל עוף,קילוגרמים,1.00,"ק""ג",true,,39.90,39.9000,true,1,441317
17004,true,שוקיים עוף,פנדי עוף,,שוקיים עוף,קילוגרמים,1.00,"ק""ג",true,,26.90,26.9000,true,1,445803
17005,true,כנפיים עוף,פנדי עוף,,כנפיים עוף,קילוגרמים,1.00,"ק""ג",true,,15.90,15.9000,true,1,444484
17006,true,גב עוף,,,גב עוף,קילוגרמים,1.00,"ק""ג",true,,2.00,2.0000,true,1,442279
17011,true,טחון עוף,פנדי עוף,,טחון עוף,קילוגרמים,1.00,"ק""ג",true,,39.90,39.9000,true,1,444485
17013,true,פילה עוף,,,פילה עוף,קילוגרמים,1.00,"ק""ג",true,,39.90,39.9000,true,1,445804
17025,true,טחון עוף והודו,,,טחון עוף והודו,קילוגרמים,1.00,"ק""ג",true,,36.90,36.9000,true,1,443845
17030,true,סטייק פרגית עוף טרי,,,פרגיות עוף בלי עור,קילוגרמים,1.00,"ק""ג",true,,49.90,49.9000,true,1,445806
17032,true,עוף מפורק,פנדי עוף,,עוף מפורק,קילוגרמים,1.00,"ק""ג",true,,19.90,19.9000,true,1,443846
17034,true,גרון עוף,,,גרון עוף,קילוגרמים,1.00,"ק""ג",true,,7.90,7.9000,true,1,443847
17053,true,ירכיים עוף טרי,פנדי עוף,,ירכיים עוף טרי,קילוגרמים,1.00,"ק""ג",true,,19.90,19.9000,true,1,442281
17110,true,טחון הודו,,,טחון הודו,קילוגרמים,1.00,"ק""ג",true,,32.90,32.9000,true,1,441320
17116,true,שווארמה הודו ארוך,שיווק שווארמה הצפון,,שווארמה הודו ארוך,קילוגרמים,1.00,"ק""ג",true,,64.90,64.9000,true,1,442915
17119,true,חזה הודו,שיווק שווארמה הצפון,,חזה הודו,קילוגרמים,1.00,"ק""ג",true,,32.90,32.9000,true,1,442916
17120,true,שניצל הודו,,,שניצל הודו,קילוגרמים,1.00,"ק""ג",true,,32.90,32.9000,true,1,441501
17200,true,בשר עגל בלי עצם,,,בשר עגל בלי עצם,קילוגרמים,1.00,"ק""ג",true,,62.90,62.9000,true,1,442919
17201,true,וייסברטן בקר טרי,בית מטבחיים דבאח,,ויסברטן עגל טרי,קילוגרמים,1.00,"ק""ג",true,,67.90,67.9000,true,1,441502
17205,true,אנטריקוט בר מחולק 3,,,אנטריקוט בר מחולק 3,קילוגרמים,1.00,"ק""ג",true,,109.90,109.9000,true,1,444495
17206,true,בשר עגל מובחר,,,בשר עגל מובחר,קילוגרמים,1.00,"ק""ג",true,,64.90,64.9000,true,1,445812
17207,true,עצמות עגל,,,עצמות עגל,קילוגרמים,1.00,"ק""ג",true,,10.00,10.0000,true,1,442920
17212,true,לשון עגל טרי,בית מטבחיים דבאח,,לשון עגל טרי,קילוגרמים,1.00,"ק""ג",true,,42.90,42.9000,true,1,442284
17213,true,אוסובוקו עגל,בית מטבחיים דבאח,,אוסובוקו עגל,קילוגרמים,1.00,"ק""ג",true,,39.90,39.9000,true,1,442922
17215,true,לב עגל,בית מטבחיים דבאח,,לב עגל,קילוגרמים,1.00,"ק""ג",true,,17.90,17.9000,true,1,443855
17216,true,טחון בקר מבשר קפוא,,,טחון בקר מבשר קפוא,קילוגרמים,1.00,"ק""ג",true,,39.90,39.9000,true,1,443856
17218,true,כבד עגל טרי,בית מטבחיים דבאח,,כבד עגל טרי,קילוגרמים,1.00,"ק""ג",true,,19.90,19.9000,true,1,445814
17219,true,זנב עגל טרי,בית מטבחיים דבאח,,זנב עגל טרי,קילוגרמים,1.00,"ק""ג",true,,39.90,39.9000,true,1,442923
17222,true,חזה עגל,בית מטבחיים דבאח,,חזה עגל,קילוגרמים,1.00,"ק""ג",true,,34.90,34.9000,true,1,444496
17227,true,פיקניה עגל טרי נתח ש,בית מטבחיים דבאח,,שפיץ צך עגל טרי,קילוגרמים,1.00,"ק""ג",true,,99.90,99.9000,true,1,442924
17231,true,אנטריקוט עגל עם עצם,בית מטבחיים דבאח,,אנטריקוט עגל עם עצם,קילוגרמים,1.00,"ק""ג",true,,99.90,99.9000,true,1,441326
17236,true,עגל עם עצם,,,עגל עם עצם,קילוגרמים,1.00,"ק""ג",true,,44.90,44.9000,true,1,442288
17237,true,מוח בקר,,,מוח בקר,קילוגרמים,1.00,"ק""ג",true,,64.90,64.9000,true,1,445166
17238,true,שריר בקר מס 8 טרי,בית מטבחיים דבאח,,שריר עגל מס 8 טרי,קילוגרמים,1.00,"ק""ג",true,,54.90,54.9000,true,1,445819
17239,true,רוטפלייש דק טרי ארוז,בית מטבחיים דבאח,,רוטפלייש דק טרי ארוז,קילוגרמים,1.00,"ק""ג",true,,89.90,89.9000,true,1,445820
17240,true,אנטריקוט לימוזין מצו,,,אנטריקוט למוזין מצונן,קילוגרמים,1.00,"ק""ג",true,,159.90,159.9000,true,1,479307
17246,true,אסאדו בקר דרום אמריק,בית מטבחיים דבאח,,אסאדו בקר,קילוגרמים,1.00,"ק""ג",true,,49.90,49.9000,true,1,444499
17248,true,שייטל בקר טרי,בית מטבחיים דבאח,,שייטל עגל טרי,קילוגרמים,1.00,"ק""ג",true,,74.90,74.9000,true,1,443858
17254,true,נתחי עגל עם שומן כבש,בית מטבחיים דבאח,,צלי כתף מופשר,קילוגרמים,1.00,"ק""ג",true,,54.90,54.9000,true,1,475385
17257,true,פורטר האוס משויש בקר,,,שניצל עגל,קילוגרמים,1.00,"ק""ג",true,,139.90,139.9000,true,1,482668
17258,true,סטייק ניו יורק משויש,,,חזה עגל,קילוגרמים,1.00,"ק""ג",true,,129.90,129.9000,true,1,487138
17270,true,אנטריקוט בקר משויש ע,,,וייסברטן עגל מצונן,קילוגרמים,1.00,"ק""ג",true,,149.90,149.9000,true,1,483277
17272,true,סטייק טיבון בקר משוי,,,אגוז עגל מצונן,קילוגרמים,1.00,"ק""ג",true,,134.90,134.9000,true,1,483279
17276,true,סטייק אנטריקוט עגל ט,,,סטייק אנטריקוט עגל טרי פרוס,קילוגרמים,1.00,"ק""ג",true,,199.90,199.9000,true,1,494086
17277,true,סטייק פילה עגל טרי,,,סטייק פילה עגל טרי,קילוגרמים,1.00,"ק""ג",true,,249.90,249.9000,true,1,494087
17278,true,סטייק סינטה עגל טרי,,,סטייק סינטה עגל טרי,קילוגרמים,1.00,"ק""ג",true,,119.90,119.9000,true,1,494088
17302,true,ספריבס לבן טרי,המפרק פירוק ושיווק ב,,ספריבס לבן טרי,קילוגרמים,1.00,"ק""ג",true,,84.90,84.9000,true,1,442291
17303,true,פולקה לבן,המפרק פירוק ושיווק ב,,פולקה לבן,קילוגרמים,1.00,"ק""ג",true,,54.90,54.9000,true,1,445823
17304,true,אוסובוקו לבן,המפרק פירוק ושיווק ב,,אוסובוקו לבן,קילוגרמים,1.00,"ק""ג",true,,34.90,34.9000,true,1,441506
17306,true,לב/כבד לבן/ריאות/כלי,אטליז שיתי זאהי,,לב/כבד לבן/ריאות/כלי,קילוגרמים,1.00,"ק""ג",true,,11.90,11.9000,true,1,445169
17308,true,עצמות למרק,המפרק פירוק ושיווק ב,,עצמות לבן,קילוגרמים,1.00,"ק""ג",true,,14.90,14.9000,true,1,442927
17310,true,טחון לבן,המפרק פירוק ושיווק ב,,טחון לבן,קילוגרמים,1.00,"ק""ג",true,,52.90,52.9000,true,1,443013
17314,true,קוטלט ללא צוואר ופיל,המפרק פירוק ושיווק ב,,קוטלט ללא צוואר ופיל,קילוגרמים,1.00,"ק""ג",true,,39.90,39.9000,true,1,485468
17316,true,קוטלט לבן,המפרק פירוק ושיווק ב,,קוטלט לבן,קילוגרמים,1.00,"ק""ג",true,,71.90,71.9000,true,1,441509
17317,true,שולטר לבן,המפרק פירוק ושיווק ב,,שולטר לבן,קילוגרמים,1.00,"ק""ג",true,,54.90,54.9000,true,1,445824
17318,true,פילה לבן,המפרק פירוק ושיווק ב,,פילה לבן,קילוגרמים,1.00,"ק""ג",true,,84.90,84.9000,true,1,444503
17320,true,שומן לבן,המפרק פירוק ושיווק ב,,שומן לבן,קילוגרמים,1.00,"ק""ג",true,,99.90,99.9000,true,1,441510
17321,true,סטייק צוואר.,המפרק פירוק ושיווק ב,,סטייק צוואר,קילוגרמים,1.00,"ק""ג",true,,84.90,84.9000,true,1,445825
17322,true,סינטה בלי עצם,המפרק פירוק ושיווק ב,,סינטה בלי עצם,קילוגרמים,1.00,"ק""ג",true,,79.90,79.9000,true,1,441331
17331,true,צוואר לבן בלי עצם,המפרק פירוק ושיווק ב,,צוואר לבן בלי עצם,קילוגרמים,1.00,"ק""ג",true,,109.90,109.9000,true,1,443015
17335,true,בייבי ריבס לבן,המפרק פירוק ושיווק ב,,בביריבס לבן,קילוגרמים,1.00,"ק""ג",true,,99.90,99.9000,true,1,476883
17357,true,שומן פנים,המפרק פירוק ושיווק ב,,שומן פנים,קילוגרמים,1.00,"ק""ג",true,,10.00,10.0000,true,1,441511
17400,true,אחורי טלה טרי,בית מטבחיים דבאח,,שוק טלה/אחורי טלה טרי,קילוגרמים,1.00,"ק""ג",true,,69.90,69.9000,true,1,442293
17401,true,צלעות טלה,בית מטבחיים דבאח,,צלעות טלה,קילוגרמים,1.00,"ק""ג",true,,159.90,159.9000,true,1,443016
17403,true,כתף טלה,בית מטבחיים דבאח,,כתף טלה,קילוגרמים,1.00,"ק""ג",true,,79.90,79.9000,true,1,474377
17404,true,ספריבס טלה טרי,בית מטבחיים דבאח,,ספריבס טלה טרי,קילוגרמים,1.00,"ק""ג",true,,69.90,69.9000,true,1,444507
17406,true,שומן טלה לייה,בית מטבחיים דבאח,,שומן טלה,קילוגרמים,1.00,"ק""ג",true,,89.90,89.9000,true,1,442294
17407,true,סטייק טיבון כבש,בית מטבחיים דבאח,,סטייק טיבון כבש,קילוגרמים,1.00,"ק""ג",true,,149.90,149.9000,true,1,471293
17410,true,צוואר כבש,בית מטבחיים דבאח,,צוואר כבש,קילוגרמים,1.00,"ק""ג",true,,79.90,79.9000,true,1,441336
17415,true,פלדה כבש,,,פלדה כבש,קילוגרמים,1.00,"ק""ג",true,,69.90,69.9000,true,1,488356
17501,true,כרעיים עוף טרי ארוז,,,כבד אווז,קילוגרמים,1.00,"ק""ג",true,,21.90,21.9000,true,1,501748
17502,true,חזה עוף טרי ארוז,,,חזה עוף טרי ארוז,קילוגרמים,1.00,"ק""ג",true,,36.90,36.9000,true,1,501750
17503,true,שניצל עוף טרי ארוז,,,שניצל עוף טרי ארוז,קילוגרמים,1.00,"ק""ג",true,,39.90,39.9000,true,1,501749
17504,true,שוקיים עוף טרי ארוז,פנדי עוף,,שוקיים עוף טרי ארוז,קילוגרמים,1.00,"ק""ג",true,,26.90,26.9000,true,1,501751
17505,true,כנפיים עוף טרי ארוז,,,כנפיים עוף טרי ארוז,קילוגרמים,1.00,"ק""ג",true,,17.90,17.9000,true,1,501755
17506,true,סטייק פרגית טרי ארוז,,,סטייק פרגית טרי ארוז,קילוגרמים,1.00,"ק""ג",true,,59.90,59.9000,true,1,501752
17507,true,כבד עוף טרי ארוז,,,כבד עוף טרי ארוז,קילוגרמים,1.00,"ק""ג",true,,19.90,19.9000,true,1,501753
19009,true,רגל עגל פרוס,בית מטבחיים דבאח,,רגל עגל פרוס דבאח,קילוגרמים,1.00,"ק""ג",true,,24.90,24.9000,true,1,442323
19040,true,בשר ראש קפוא,בית מטבחיים דבאח,,בשר ראש קפוא,קילוגרמים,1.00,"ק""ג",true,,9.90,9.9000,true,1,445200
19079,true,שקדי עגל קפוא,,,שקדי עגל קפוא,קילוגרמים,1.00,"ק""ג",true,,64.90,64.9000,true,1,492902
19193,true,צוריסוס לבן במגש,זילבר תעשיות מוצרי ב,,"צ""וריסוס לבן במגש",קילוגרמים,1.00,"ק""ג",true,,75.90,75.9000,true,1,445857
19641,true,לשון בקר,,,לשון בקר,קילוגרמים,1.00,"ק""ג",true,,29.90,29.9000,true,1,445208
20059,true,סנטה קלאוס,,,סנטה קלאוס,Unknown,0.00,Unknown,false,1,39.90,0.0000,true,1,472364
20075,true,שישיית כלי חרסינה,,,שישיית כלי חרסינה,Unknown,0.00,Unknown,false,1,99.90,0.0000,true,1,522712
20502,true,לחם בורודינסקי 600 ג,,,לחם בורודינסקי 600 גר,גרמים,600.00,100 גרם,false,1,17.90,2.9833,true,1,512222
20504,true,לחם מינסקי 600 גר,,,לחם מינסקי 600 גר,גרמים,600.00,100 גרם,false,1,18.90,3.1500,true,1,515555
39037,true,שטרודל גבינה ואוכמני,,,שטרודל גבינה ואוכמניות 500 גר,גרמים,500.00,100 גרם,false,1,34.90,6.9800,true,1,520084
39273,true,שטרודל גבינה ודובדבן,,,שטרודל גבינה ודובדבן אפוי 500 גר,גרמים,500.00,100 גרם,false,1,34.90,6.9800,true,1,520684
39310,true,שטרודל תפוחים אפוי 5,,,שטרודל תפוחים אפוי 500 גר,גרמים,500.00,100 גרם,false,1,34.90,6.9800,true,1,520001
39327,true,שטרודל גבינה אפוי 50,,,שטרודל גבינה אפוי 500 גר,גרמים,500.00,100 גרם,false,1,34.90,6.9800,true,1,521638
39334,true,שטרודל פרג אפוי 500,,,שטרודל פרג אפוי 500 גר,גרמים,500.00,100 גרם,false,1,34.90,6.9800,true,1,520305
108388,true,דג לש מיובש,,,דג לש מיובש,קילוגרמים,1.00,"ק""ג",true,,85.00,85.0000,true,1,505441
110111,true,צוריסוס לבן במגש,זילבר תעשיות מוצרי ב,,"צ""וריסוס לבן במגש",קילוגרמים,1.00,"ק""ג",true,,69.90,69.9000,true,1,522914
110289,true,צוריסוס עגל קפוא,,,צוריסוס עגל קפוא,קילוגרמים,1.00,"ק""ג",true,,54.90,54.9000,true,1,490172
532171,true,דג הרינג מלוח ואקום,הרמס דגים,,הרינג נורווגי מלוח ואקום,קילוגרמים,1.00,"ק""ג",true,,29.00,29.0000,true,1,483337
20227227,false,דליסיה וופלים שוקולד,,,דליסיה וופלים שוקולד מריר 140 גר,גרמים,140.00,100 גרם,false,25,9.90,7.0714,true,1,515995
32147230,false,לימונית - מיץ לימון משומר,ג'נרל מילס סאן אדריא,CH,מיץ לימון סיצילייה 2,מיליליטרים,200.00,"100 מ""ל",false,1,6.90,3.4500,true,1,454116
40084107,false,ביצת שוקולד הפתעה קינדר,קריות זול,IT,ביצת הפתעה קינדר סורפרייז 20 גר,גרמים,20.00,100 גרם,false,1,5.90,29.5000,true,1,454350
40099132,false,מסטיק הובה בובה Hubba Bubba בטעם תות,הובה בובה Hubba Bubba,,"מסטיק ""הובה בובה"" צאנק בטעם תות",Unknown,0.00,Unknown,false,1,3.00,0.0000,true,1,467916
40111216,false,באונטי חטיף קוקוס ושוקולד 57ג',"נארז ע""י : א.ג. גילר",NL,חטיף באונטי 57 גר,גרמים,57.00,100 גרם,false,1,3.90,6.8421,true,1,454421
40122076,false,חומץ עם מיץ לימון 75,,,חומץ עם מיץ לימון 750 מל,מיליליטרים,750.00,"100 מ""ל",false,6,7.90,1.0533,true,1,516347
40173351,false,בירה מייזל חיטה אורי,,DE,בירה מייזל חיטה אוריגינל 500 מל,מיליליטרים,500.00,"100 מ""ל",false,20,10.90,2.1800,true,1,514018
40786179,false,בירה לוונבראו בפחית.,Spaten,,"בירה ""לבנבראו""פח"" 50",מיליליטרים,500.00,"100 מ""ל",false,1,10.90,2.1800,true,1,454479
41001356,false,בירה בקס פחית 500 מל,יבואן ומשווק: ש. שסט,DE,בירה בקס פח,מיליליטרים,500.00,"100 מ""ל",false,1,10.90,2.1800,true,1,454486
41024355,false,בירה ביטבורגר פחית 5,מבשלת ביטבורגר,,"בירה ביטבורגר פח 500 מ""ל",מיליליטרים,500.00,"100 מ""ל",false,1,7.90,1.5800,true,1,481065
42061939,false,בירה בקס בקבוק 500 מ,"איי, בי, אינבוו",DE,"בירה בקס בק 500 מ""ל",מיליליטרים,500.00,"100 מ""ל",false,1,8.90,1.7800,true,1,497990
42101666,false,מסטיק אורביט איירוייבוז אקליפטוס 35 גר,ריגלי,,מסטיק איירוייבז מנטה ואקליפטוס,Unknown,0.00,Unknown,false,1,5.90,0.0000,true,1,485282
42134978,false,סרגל מרציפן סנטה 100,Erasmi & Carstens Gm,DE,סרגל מרציפן סנטה 100 גר,גרמים,100.00,100 גרם,false,21,10.90,10.9000,true,1,494544
42135012,false,סרגל איש קרח נוגט 10,Erasmi & Carstens Gm,DE,סרגל איש קרח נוגט 100 גר,גרמים,100.00,100 גרם,false,1,10.90,10.9000,true,1,501948
42138105,false,סיגריות וינסטון סופר סלימס כחול,גיי טי אינטרנשיונל,,וינסטון סופר סלימס כחול,Unknown,0.00,Unknown,false,1,33.00,0.0000,false,1,454511
42138129,false,סיגריות וינסטון סופר סלימס מנטול,Unknown,,וינסטון סופר סלימס מנטול,Unknown,0.00,Unknown,false,1,33.00,0.0000,false,1,454512
42149996,false,בירה בקס בקבוק 275 מ,"איי, בי, אינבוו",DE,"בירה בקס 275 מ""ל",מיליליטרים,275.00,"100 מ""ל",false,1,6.90,2.5091,true,1,482589
42306788,false,מסטיק אורביט איירוייבוז אוכמניות,ריגלי,,מסטיק איירוייבז אוכמניות ומנטה,Unknown,0.00,Unknown,false,1,5.90,0.0000,true,1,485283
42370291,false,סמרטיז פינגווין גונץ,,,סמרטיז פינגווין גונץ 85 גר,גרמים,85.00,100 גרם,false,16,14.90,17.5294,true,1,521318
42370307,false,סמרטיז סנטה קלאוס גו,,,סמרטיז סנטה קלאוס גונץ 85 גר,גרמים,85.00,100 גרם,false,16,14.90,17.5294,true,1,521319
42370314,false,סמרטיז קלפר מולטי מי,,,סמרטיז קלפר מולטי מיקס גונץ 56 גר,גרמים,56.00,100 גרם,false,1,14.90,26.6071,true,1,528042
50147311,false,חרדל אנגלי קולמנס 10,,,חרדל אנגלי קולמנס 100 גר,גרמים,100.00,100 גרם,false,1,10.90,10.9000,true,1,518718
50184385,false,מרמייט אנגליה 125 גר,,,מרמייט אנגליה 125 גר,גרמים,125.00,100 גרם,false,1,19.90,15.9200,true,1,489065
50413973,false,מי טוניק בריטוויק מו,,,מי טוניק בריטוויק מוגזים 200 מל,מיליליטרים,200.00,"100 מ""ל",false,1,6.90,3.4500,true,1,526802
54051157,false,מעדן סויה טעם שוקו אלפרו רביעיה 125 ג',קריות זול,BE,"רביעיית מעדן סויה ""א",גרמים,500.00,100 גרם,false,1,17.90,3.5800,true,1,454786
59039549,false,סיגריות ווג פריזון מ,Unknown,,ווג פריזון מנטול,Unknown,0.00,Unknown,false,1,38.50,0.0000,false,1,454790
59068907,false,סיגריות פאל מאל כחול דמי סלימס,גלוברנס,,פאל מאל כחול דמי סלימס,Unknown,0.00,Unknown,false,1,26.00,0.0000,false,1,499127
59068914,false,סיגריות פאל מאל סילבר דמי סלימס,Unknown,,פאל מאל סילבר דמי סלימס,Unknown,0.00,Unknown,false,1,26.00,0.0000,false,1,499128
59082637,false,"רקסונה - דאודורנט רולאון לגבר אקסטרא קול 50 מ""ל",רקסונה Rexona,,דאודורנט מן רקסונה רול און אקסטרא קול,מיליליטרים,50.00,"100 מ""ל",false,1,11.90,23.8000,true,1,511822
59455233,false,סיגריות ווג ליידי כח,Unknown,,ווג כחול,Unknown,0.00,Unknown,false,1,38.50,0.0000,false,1,454792
59455240,false,סיגריות ווג לידי לילך,Unknown,,ווג ליידי לילך סגול,Unknown,0.00,Unknown,false,1,38.50,0.0000,false,1,454793
72940754,false,מעדן מילקי בטעם וניל עם קצפת,"שטראוס גרופ בע""מ",IL,מילקי וניל 133 גר,גרמים,133.00,100 גרם,false,1,2.90,2.1805,true,1,457920
72940761,false,מעדן מילקי בטעם שוקולד עם קצפת,מיוצר עי קונדיטוריית,IL,מילקי שוקולד 133 גר,גרמים,133.00,100 גרם,false,1,2.90,2.1805,true,1,457921
72940952,false,מעדן מילקי בטעם שוקולד עם אקסטרה קצפת,"שטראוס גרופ בע""מ",IL,"מילקי פי 2 קצפת 170 מ""ל",מיליליטרים,170.00,"100 מ""ל",false,1,3.80,2.2353,true,1,457922
72941041,false,מעדן מילקי מיני בטעם שוקולד עם קצפת,"שטראוס גרופ בע""מ",IL,מיני מילקי שוקולד,מיליליטרים,130.00,"100 מ""ל",false,1,2.00,1.5385,true,1,457925
72945308,false,קוביות שמרים לאפיה שמרית 2*25 ג',"פאקא תעשיות בע""מ",IL,שמרית קוביה,גרמים,50.00,100 גרם,false,1,3.90,7.8000,true,1,457926
72961506,false,יוגורט עם תות 1.5% שומן 125 ג' פרילי,מיוצר עי קונדיטוריית,IL,"פרילי תות 125 גר""",גרמים,125.00,100 גרם,false,1,3.90,3.1200,true,1,457932
72961520,false,יוגורט עם אננס 1.5% שומן 125 ג' פרילי,מיוצר עי קונדיטוריית,IL,"פרילי אננס 125 גר""",גרמים,125.00,100 גרם,false,1,2.80,2.2400,true,1,457934
72961544,false,באדי יוגורט בטעם תות שדה 3%,מחלבת אלון תבור,IL,באדי תות 3% 125 גר,גרמים,125.00,100 גרם,false,1,2.80,2.2400,true,1,457935
72963753,false,שמנת אורגינל של פעם 27% שומן 200 ג' תנובה,תנובה מרכז שיתופי לש,IL,שמנת של פעם 27% 200 גר,מיליליטרים,200.00,"100 מ""ל",false,1,4.40,2.2000,true,1,457941
72964422,false,תנובה יוגורט פרחים 4.5% 200מל,מחלבת תנובה,IL,שלי יוגורט 4.5%,גרמים,206.00,100 גרם,false,1,2.70,1.3107,true,1,457944
72986370,false,"גלידת בן & ג'ריס פיינטים וניל 500מ""ל",מוצרי איכות אמריקאים,IL,גלידת יוגורט יווני אוכמניות ופירורי עוגי,מיליליטרים,500.00,"100 מ""ל",false,1,19.90,3.9800,true,1,470540
72986424,false,"גלידת בן & ג'ריס פיינטים קרם עוגיות 500מ""ל",מוצרי איכות אמריקאיי,IL,"גלידת קרם עוגיות 500 מ""ל",מיליליטרים,500.00,"100 מ""ל",false,1,19.90,3.9800,true,1,470544
72986479,false,"צ'אנקי מנקי גלידת וניל, בננות, חתיכות פאדג' ואגוזים",מוצרי איכות אמריקאיי,IL,"גלידת צ""אנקי מנקי 500 מ""ל",מיליליטרים,500.00,"100 מ""ל",false,1,19.90,3.9800,true,1,470543
72989425,false,"גלידת בן & ג'ריס פיינטים שוקולד בראוניז 500מ""ל",מוצרי איכות אמריקאיי,IL,"גלידת שוקולד בראוניס 500 מ""ל",מיליליטרים,500.00,"100 מ""ל",false,1,19.90,3.9800,true,1,470545
72991886,false,"גלידת דולצ'ה בטעם ריבת חלב עם פאדג' בן וג'ירי 500 מ""ל",מוצרי איכות אמריקאיי,IL,"גלידת דולצ""ה דה לצ""ה 500 מ""ל",מיליליטרים,500.00,"100 מ""ל",false,1,19.90,3.9800,true,1,470546
72993637,false,מעדן חלב בטעם שוקולד 125 ג' דני,מחלבת אחיהוד,IL,"מעדן ""דני"" שוקולד",גרמים,125.00,100 גרם,false,1,2.60,2.0800,true,1,457997
72994061,false,חטיף פסק זמן Z Good ופל מגולגל,שולן צ'יקולטה גידה ס,TR,פסק זמן 36 גרם,גרמים,36.00,100 גרם,false,1,4.90,13.6111,true,1,458004
76106071,false,"מיץ ליים משומר 200מ""ל",Sicilia סיציליה,,"מיץ ליים משומר 200 מ""ל",מיליליטרים,200.00,"100 מ""ל",false,1,6.90,3.4500,true,1,509749
80050025,false,סוכריות תפוז 16 ג' טיק טק,קריות זול,ZA,סוכריות טיק טק תפוז,Unknown,0.00,Unknown,false,1,2.90,0.0000,true,1,458314
80050124,false,סוכריות מנטה 16 ג' טיק טק,קריות זול,ZA,סוכריות טיק טק מנטה,Unknown,0.00,Unknown,false,1,2.90,0.0000,true,1,458315
80052487,false,חטיף רפאלו שלישייה,פררו,PL,"חטיף ""רפאלו"" שלישייה",Unknown,0.00,Unknown,false,1,4.90,0.0000,true,1,458326
80052760,false,קינדר בואנו Kinder Bueno עם חלב ואגוזי לוז,קריות זול,PL,חטיף קינדר בואנו חום 43 גר,גרמים,43.00,100 גרם,false,1,4.90,11.3953,true,1,458327
80136194,false,חטיפי הפי היפו Happy Hippo במילוי קרם חלבי ואגוזי לוז,קינדר Kinder,DE,חטיף קינדר הפי היפו אגוזי לוז חמישייה,גרמים,104.00,100 גרם,false,1,13.90,13.3654,true,1,495692
80176800,false,"ממרח שוקולד נוטלה, 750 גר",פררו תעשיות איטליה ס,IT,ממרח שוקולד נוטלה 750 גר,גרמים,750.00,100 גרם,false,1,26.90,3.5867,true,1,458526
80177173,false,ממרח אגוזי לוז עם קקאו,נוטלה Nutella,IT,ממרח שוקולד נוטלה 350 גר,גרמים,350.00,100 גרם,false,1,14.90,4.2571,true,1,458527
80177609,false,אצבעות שוקולד קינדר Kinder ארבע יחידות,קריות זול,IT,שוקולד אצבעות קינדר 50 גר,גרמים,50.00,100 גרם,false,1,4.90,9.8000,true,1,458529
80273561,false,פלפל שחור במטחנה 45,דרוגריה ואלימנטרי אס,IT,פלפל שחור במטחנה 45 גר,גרמים,45.00,100 גרם,false,1,14.90,33.1111,true,1,519766
80273592,false,פלפל ארבע עונות במטחנה,דרוגריה ואלימנטרי אס,IT,פלפל 4 עונות במטחנה 35 גר,גרמים,35.00,100 גרם,false,1,14.90,42.5714,true,1,519767
80273660,false,שום במטחנה 50 גרם,דרוגריה ואלימנטרי אס,IT,שום במטחנה 50 גר,גרמים,50.00,100 גרם,false,1,14.90,29.8000,true,1,519777
80273677,false,צ'ילי במטחנה 20 גרם,דרוגריה ואלימנטרי אס,IT,צילי במטחנה 20 גר,גרמים,20.00,100 גרם,false,1,14.90,74.5000,true,1,519778
80310334,false,שוקולד קינדר סנטה 55,,,שוקולד קינדר סנטה 55 גר,גרמים,55.00,100 גרם,false,24,12.90,23.4545,true,1,521225
80310891,false,ביצת הפתעה קינדר ג'וי כתום,קריות זול,ZA,ביצת שוקולד קינדר גוי 20 גר,גרמים,20.00,100 גרם,false,1,5.90,29.5000,true,1,458533
80533962,false,פילה טונה בשמן זית כ,,,פילה טונה בשמן זית 200 גרם,גרמים,200.00,100 גרם,false,1,39.90,19.9500,true,1,513351
80651000,false,טוסקנה שום וצילי במט,DROGHERIA E ALIMENTA,,שום וצילי במטחנה 35 גר,גרמים,35.00,100 גרם,false,1,14.90,42.5714,true,1,519776
80651017,false,תערובת עשבי טוסקנה במטחנה,דרוגריה ואלימנטרי אס,IT,תערובת עשבי טוסקנה במטחנה 15 גר,גרמים,15.00,100 גרם,false,1,14.90,99.3333,true,1,519779
80718758,false,טונה בשמן זית בצנצנת,קליפו קונסרב,IT,טונה בשמן זית 160 גר,גרמים,160.00,100 גרם,false,1,21.90,13.6875,true,1,513322
80761761,false,קינדר בואנו לבן בודד 39 גרם,קדבורי,PL,חטיף קינדר בואנו בודד לבן 39 גר,גרמים,39.00,100 גרם,false,1,4.90,12.5641,true,1,458543
80773429,false,מסטיק מנטוס פיור פרש בבקבוק בינוני בטעם תות 60 ג',פרפטי ואן מלה הולנד,TR,מסטיק מנטוס פיור תות ללא סוכר 60 גר,גרמים,60.00,100 גרם,false,1,9.90,16.5000,true,1,496810
80773443,false,מסטיק מנטוס בבקבוק מעוגל בטעם מנטה מעודנת 60 ג',פרפטי ואן מלה הולנד,TR,מסטיק מנטוס בטעם פירות מנטה,גרמים,60.00,100 גרם,false,1,9.90,16.5000,true,1,492636
80790990,false,מסטיק מנטוס בבקבוק מעוגל בטעם פירות -מנטה 60 ג',פרפטי ואן מלה הולנד,TR,מסטיק מנטוס בטעם מנטה עדינה,גרמים,60.00,100 גרם,false,1,9.90,16.5000,true,1,492635
80822141,false,בית קינדר קריסמס מינ,,,בית קינדר קריסמס מיני מיקס 76 גר,גרמים,76.00,100 גרם,false,1,22.90,30.1316,true,1,527827
80843184,false,מנטוס מסטיק פיור פרש בטעם ענבים 60גר,פרפטי ואן מלה הולנד,TR,מסטיק מנטוס פיור בטעם ענבים בק 60 גר,גרמים,60.00,100 גרם,false,1,9.90,16.5000,true,1,519082
80861225,false,פררו סנטה קראוני 70,,,פררו סנטה קראוני 70 גר,גרמים,70.00,100 גרם,false,1,19.90,28.4286,true,1,527825
80862130,false,"מנטוס מסטיק פיור פרש - אבטיח 28 גרם (14 יח') חת""ס",פרפטי ואן מלה ברדה,TR,מסטיק מנטוס פיור בטעם אבטיח 28 גר,גרמים,28.00,100 גרם,false,1,4.90,17.5000,true,1,516483
80896081,false,מסטיק מנטוס פיור פרש בבקבוק בינוני בטעם אבטיח 60 ג',פרפטי ואן מלה הולנד,TR,מסטיק מנטוס פיור אבטיח ללא סוכר 60 גר,גרמים,60.00,100 גרם,false,1,9.90,16.5000,true,1,496811
80913467,false,מסטיק מנטו בבקבוק מעוגל בטעם מנטה 60 ג',פרפטי ואן מלה הולנד,TR,מסטיק מנטוס בטעם מנטה ללא סוכר 60 גר,גרמים,60.00,100 גרם,false,1,9.90,16.5000,true,1,492634
80936848,false,סוכריות טיק טק תות שדה 24 יח',קדבורי,ZA,סוכריות טיק טק תות,גרמים,16.00,100 גרם,false,1,2.90,18.1250,true,1,474400
80945468,false,סוכריות פיור וויט טעם מנטה מתוקה 60 ג' מנטוס,פרפטי ואן מלה הולנד,TR,מסטיק מנטוס בטעם מנטה מתוקה בק 30 יח,גרמים,60.00,100 גרם,false,1,9.90,16.5000,true,1,520257
80954521,false,"מנטוס מסטיק פיור פרש - תות 28 גרם (14 יח') חת""ס",פרפטי ואן מלה ברדה,TR,מסטיק מנטוס פיור בטעם תות 28 גר,גרמים,28.00,100 גרם,false,1,4.90,17.5000,true,1,516482
80979128,false,מסטיק מנטוס פיור בטעם דובדבן 60 ג',פרפטי ואן מלה הולנד,TR,מסטיק מנטוס פיור בטעם דובדבן בק 60 גר,גרמים,60.00,100 גרם,false,1,9.90,16.5000,true,1,519081
80982470,false,מסטיק מנטוס פיור פרוסט בטעם מנטה חזק 60 גר',פרפטי ואן מלה ברדה,TR,מסטיק מנטוס פיור פרוסט בטעם מנטה חזקה,גרמים,60.00,100 גרם,false,1,9.90,16.5000,true,1,517723
80995128,false,מנטוס - מסטיק בטעם הדרים בתוספת ויטמינים 60 גרם,פרפטי ואן מלה הולנד,TR,מסטיק מנטוס ויטמין בטעם הדרים 60 גר,גרמים,60.00,100 גרם,false,1,9.90,16.5000,true,1,527852
87108538,false,סוכריות מנטוס Mentos תות שדה,הדקלאים אגודת שיתופי,NL,מנטוס תות 40 גלילים,גרמים,37.00,100 גרם,false,1,3.50,9.4595,true,1,458561
87187328,false,ארו גבינה למריחה שבר,,,ארו גבינה למריחה שברה עיזים 120 גר,גרמים,120.00,100 גרם,false,1,17.90,14.9167,true,1,528669
87354041,false,סוכריות מנטוס Mentos בטעם דובדבן,קריות זול,,מנטוס גליל בטעם דובדבן 40 גל,גרמים,38.00,100 גרם,false,1,3.50,9.2105,true,1,517720
90034107,false,בירה שטיגל גולדברו Goldbrau,מבשלת שטיגל,,"בירה שטיגל גולדבראו 500 מ""ל",מיליליטרים,500.00,"100 מ""ל",false,1,10.90,2.1800,true,1,485239
90087066,false,מיץ תפוזים 100% טבעי 1 ל' RAUCH,ראוך Rauch,,"מיץ ""ראוך"" תפוזים 10",Unknown,0.00,Unknown,false,1,12.90,0.0000,true,1,458690
90087271,false,נקטר אוכמניות 1 ל' RAUCH,Rauch fruchtsafte gm,,נקטר אוכמניות 1 ליטר,ליטרים,1.00,ליטר,false,1,12.90,12.9000,true,1,458691
90087547,false,100% מיץ עגבניות Happy Day,Rauch fruchtsafte gm,,"מיץ עגבניות ""ראוך"" 1",ליטרים,1.00,ליטר,false,1,12.90,12.9000,true,1,458693
90087769,false,הפי דיי נקטר אננס לל,Rauch fruchtsafte gm,,מיץ אננס,ליטרים,1.00,ליטר,false,1,12.90,12.9000,true,1,458694
90087806,false,100% מיץ אשכוליות Happy Day,ראוך Rauch,,מיץ ראוך אשכוליות 100% 1 ל,ליטרים,1.00,ליטר,false,1,12.90,12.9000,true,1,458695
90087974,false,"חומץ תפוחים 5% 750 מ""ל",ראוך פרוכטסאפה,,חומץ תפוחים 1.5%,מיליליטרים,750.00,"100 מ""ל",false,1,13.90,1.8533,true,1,458696
90087998,false,מיץ לימון טבעי 250 מ,Rauch fruchtsafte gm,,מיץ לימון טבעי 250 מ,מיליליטרים,250.00,"100 מ""ל",false,1,7.90,3.1600,true,1,458697
90162602,false,משקה אנרגיה רד בול 250 מ''ל,רד בול ג'י.אם.בי. אץ,AT,"משקה אנרגיה ""רד בול""",מיליליטרים,250.00,"100 מ""ל",false,24,6.90,2.7600,true,1,458698
90162800,false,רד בול משקה אנרגיה ללא סוכר פקדון 30 אג,רד בול ג'י.אם.בי. אץ,AT,"משקה אנרגיה ""רד בול"" דיאט 250 מל",מיליליטרים,250.00,"100 מ""ל",false,24,6.90,2.7600,true,1,458699
90364020,false,זיתים ממולאים בגבינה,,,זיתים ממולאים בגבינה לבנה 250 גר,גרמים,250.00,100 גרם,false,,39.90,15.9600,true,1,516545
1052526452,false,סנטה עם שק ועששית 30,,,סנטה עם שק ועששית 30 סמ,Unknown,0.00,Unknown,false,1,79.90,0.0000,true,1,521954
1052526605,false,סנטה עם דובי/עששית 3,,,סנטה עם דובי/עששית 30 סמ,Unknown,0.00,Unknown,false,1,79.90,0.0000,true,1,521969
1081612348,false,שטיחון חגיגי 80*50 ס,,,שטיחון חגיגי 80*50 סמ,Unknown,0.00,Unknown,false,1,29.90,0.0000,true,1,521053
1206081608,false,מארז 3 איילים במגוון,,,מארז 3 איילים במגוון צבעים לקישוט,Unknown,0.00,Unknown,false,1,6.90,0.0000,true,1,520846
1206081660,false,שרשרת פעמונים ופרצוף,,IL,שרשרת פעמונים ופרצוף סנטה קטן 38*22 סמ,Unknown,0.00,Unknown,false,1,19.90,0.0000,true,1,520850
6092057036,false,עץ אשוח אדום קצוות ז,,IL,עץ אשוח אדום קצוות זהב וכוכב,Unknown,0.00,Unknown,false,1,19.90,0.0000,true,1,514415
8112100298,false,שמן שומשום טהור לא מ,Flavor full foods in,,"שמן שומשום טהור 185 מ""ל",מיליליטרים,185.00,"100 מ""ל",false,1,14.90,8.0541,true,1,458551
8421361250,false,בובת TY עיניים גדולות (S) דיוק הכלב לבן חום,,,בובות עיניים גדולות קטן,Unknown,0.00,Unknown,false,1,24.90,0.0000,true,1,489079
8421369386,false,בובות עיניים גדולות,,,בובות עיניים גדולות גדול,יחידה,1.00,יחידה,false,1,49.90,49.9000,true,1,476672
9800800056,false,חטיף שוקולד עם מקלות לחם אנד גו,נוטלה Nutella,DE,חטיף שוקולד נוטלה אנד גו 52 גר,גרמים,52.00,100 גרם,false,1,5.90,11.3462,true,1,486299
11210000094,false,"רוטב ""טבסקו"" על בסיס פלפל אדום 60 מ""ל",מקאילהייני אייבורי,US,רוטב פלפל טבסקו אדום,מיליליטרים,60.00,"100 מ""ל",false,1,11.90,19.8333,true,1,453909
11210006508,false,"רוטב טבסקו הברנו 60 מ""ל",מקאילהייני Mc.Ilhenn,US,רוטב טבסקו הבנרו,מיליליטרים,60.00,"100 מ""ל",false,1,17.90,29.8333,true,1,453911
11210007253,false,רוטב טבסקו שום ופלפל,מקאילהייני אייבורי,US,רוטב פלפל טבסקו שום,מיליליטרים,60.00,"100 מ""ל",false,1,11.90,19.8333,true,1,453912
11210618503,false,"רוטב טבסקו על בסיס פלפל סקורפיון 60מ""ל",,,רוטב טבסקו סקורפיון 60 מל,מיליליטרים,60.00,"100 מ""ל",false,1,17.90,29.8333,true,1,511431
11359630107,false,תערובת להכנת רוטב טא,,,תערובת להכנת רוטב טאקו 35 גר,גרמים,35.00,100 גרם,false,1,6.90,19.7143,true,1,519959
11359640113,false,ערכת קונכיות טאקו 12,,,ערכת קונכיות טאקו 12 יח כולל רוטב 325 גר,גרמים,325.00,100 גרם,false,1,19.90,6.1231,true,1,519941
11359640182,false,עלי טורטיה 20 סמ 340,,,עלי טורטיה 20 סמ 340 גר,גרמים,340.00,100 גרם,false,1,9.90,2.9118,true,1,519948
11359640205,false,עלי טורטיה בטעם צילי,,,עלי טורטיה בטעם צילי וסלסה 240 גר,גרמים,240.00,100 גרם,false,1,11.90,4.9583,true,1,519950
11359645071,false,מארז ציפס ודיפ אבוקד,,,מארז ציפס ודיפ אבוקדו 150 גר,גרמים,150.00,100 גרם,false,1,9.90,6.6000,true,1,519943
11359645088,false,מארז ציפס ודיפ גבינת,,,מארז ציפס ודיפ גבינת צדר 150 גר,גרמים,150.00,100 גרם,false,1,9.90,6.6000,true,1,519942
11359645095,false,מארז ציפס ודיפ סלסה,,,מארז ציפס ודיפ סלסה 150 גר,גרמים,150.00,100 גרם,false,1,9.90,6.6000,true,1,519944
11359645248,false,טורטילה בטעם ברביקיו,,,טורטילה בטעם ברביקיו קנטינה 200 גר,גרמים,200.00,100 גרם,false,1,9.90,4.9500,true,1,527530
11359645262,false,טורטילה ציפס טבעי 20,,,טורטילה ציפס טבעי 200 גר,גרמים,200.00,100 גרם,false,1,10.90,5.4500,true,1,519947
11359645286,false,טורטילה ציפס נאצוס ג,,,טורטילה ציפס נאצוס גבינה 200 גר,גרמים,200.00,100 גרם,false,1,10.90,5.4500,true,1,519946
11359645293,false,טורטילה ציפס עם מלח,,,טורטילה ציפס עם מלח 200 גר,גרמים,200.00,100 גרם,false,1,10.90,5.4500,true,1,519945
11359650105,false,רוטב לטאקו בחריפות ע,,,רוטב לטאקו בחריפות עדינה 220 גר,גרמים,220.00,100 גרם,false,1,9.90,4.5000,true,1,519953
11359650136,false,דיפ גבינת צדר 190 גר,,,דיפ גבינת צדר 190 גר,גרמים,190.00,100 גרם,false,1,11.90,6.2632,true,1,519956
11359650198,false,רוטב סלסה פיקנטית 22,,,רוטב סלסה פיקנטית 220 גר,גרמים,220.00,100 גרם,false,1,9.90,4.5000,true,1,519954
11359650204,false,רוטב סלסה מקסיקנית 2,,,רוטב סלסה מקסיקנית 220 גר,גרמים,220.00,100 גרם,false,1,9.90,4.5000,true,1,519955
11359650341,false,דיפ סלסה בחריפות מעו,,,דיפ סלסה בחריפות מעודנת 190 גר,גרמים,190.00,100 גרם,false,1,9.90,5.2105,true,1,519952
13300600283,false,פילסברי מיקס תות 432 ג',,,מיקס תות פילסברי 432 גר,גרמים,432.00,100 גרם,false,1,16.90,3.9120,true,1,519372
13300602355,false,פילסברי מיקס זהוב 432 ג',,,מיקס זהוב פילסברי 432 גר,גרמים,432.00,100 גרם,false,1,16.90,3.9120,true,1,519373
13300604410,false,פילסברי מיקס דוויל'ס 432 ג',,,תערובת מגוון טעמים פילסברי 432 גר,גרמים,432.00,100 גרם,false,1,16.90,3.9120,true,1,519374
13300609118,false,פילסברי מיקס שוקולד 432 ג',,,מיקס שוקולד פילסברי 432 גר,גרמים,432.00,100 גרם,false,1,16.90,3.9120,true,1,519377
13409341155,false,רוטב ברביקיו עם דבש,,US,רוטב ברביקיו עם דבש 510 גר,גרמים,510.00,100 גרם,false,12,21.90,4.2941,true,1,502475
13409351505,false,רוטב ברביקיו סוכר חו,,US,רוטב ברביקיו סוכר חום 510 גר,גרמים,510.00,100 גרם,false,12,21.90,4.2941,true,1,502478
13409515198,false,רוטב ברביקיו דבש ציפ,,US,רוטב ברביקיו דבש ציפוטלי 510 גר,גרמים,510.00,100 גרם,false,12,21.90,4.2941,true,1,502503
13409918104,false,רוטב ברביקיו אורגינל,,US,רוטב ברביקיו אורגינל 510 גר,גרמים,510.00,100 גרם,false,12,21.90,4.2941,true,1,502476
16000151284,false,דגני קוקו פאפס 294 ג,,,דגני קוקו פאפס 294 גר,גרמים,294.00,100 גרם,false,1,29.90,10.1701,true,1,525762
16000151963,false,דגני טוסט קראנץ פרנץ,,,דגני טוסט קראנץ פרנץ 314 גר,גרמים,314.00,100 גרם,false,1,29.90,9.5223,true,1,525763
16000185517,false,דגני בוקר פייבר וואן עתירי סובין FIBRE1,בטר אנד דיפרנט,US,דגני בוקר פייבר וואן 555 גר,גרמים,555.00,100 גרם,false,6,25.90,4.6667,true,1,521678
16000281684,false,חטיף שיבולת שועל פקאן חמישיה*42 ג' קראנצ'י,ג'נרל מילס,US,"חטיף ""קראנץ"""" פקאן 5",גרמים,210.00,100 גרם,false,1,14.90,7.0952,true,1,458793
16000423534,false,ניטשר ואלי חטיף שיבולת שועל שוקולד מריר קראנצי 210ג',ג'נרל מילס סאן אדריא,ES,"חטיף ""נטיור ואלי"" בט",גרמים,210.00,100 גרם,false,1,14.90,7.0952,true,1,458795
16000548404,false,ניטשר ואלי חטיף קראנצי גרנולה שיבולת שועל 210 ג',ג'נרל מילס סאן אדריא,ES,קראנצי חט.גרנולה ש.ש,גרמים,210.00,100 גרם,false,1,14.90,7.0952,true,1,458798
16000548503,false,ניטשר ואלי קראנצי חטיף גרנולהומייפל 10 יח' 210 ג',ג'נרל מילס סאן אדריא,ES,קראנצי חט.גרנולה+מיי,גרמים,210.00,100 גרם,false,1,14.90,7.0952,true,1,458800
16000548602,false,נייטשר וואלי חטיף קראנצ'י קינמון 210ג',ג'נרל מילס סאן אדריא,ES,קראנצי חטיף גרנולה ק,גרמים,210.00,100 גרם,false,1,14.90,7.0952,true,1,458802
16000548909,false,קראנצי חטיף גרנולה מעורבת 10 יח 210 ג',ג'נרל מילס סאן אדריא,ES,קראנצי חטיף גרנולה מ,גרמים,210.00,100 גרם,false,1,14.90,7.0952,true,1,458804
16229918378,false,ארוי די רוטב קארי מא,,,ארוי די רוטב קארי מאסמן 250 מל,מיליליטרים,250.00,"100 מ""ל",false,1,9.90,3.9600,true,1,512239
16229924263,false,"קרם קוקוס 250 מ""ל.",ארוי די AROY-D,,קרם קוקוס 250 מל,מיליליטרים,250.00,"100 מ""ל",false,1,9.90,3.9600,true,1,512236
16314241259,false,סנטה עם סקטבורד 19 ס,,,"סנטה עם סקטבורד 19 ס""מ",Unknown,0.00,Unknown,false,1,39.90,0.0000,true,1,486517
18000701223,false,תערובת להכנת עוגה בטעם שוקולד,הדקלאים אגודת שיתופי,IL,תערובת עוגת שוקולד 500 גר,גרמים,500.00,100 גרם,false,1,16.90,3.3800,true,1,458810
18000703494,false,תערובת עוגת וניל פיסברי 500 גר',הדקלאים אגודת שיתופי,IL,תערובת עוגת וניל 524,גרמים,524.00,100 גרם,false,1,16.90,3.2252,true,1,458811
18000703517,false,תערובת עוגת שיש פילסברי 500 גר',הדקלאים אגודת שיתופי,IL,תערובת עוגת שיש,גרמים,559.00,100 גרם,false,1,16.90,3.0233,true,1,458812
18000766413,false,תערובת בראוניס פילסברי 500 גר',הדקלאים אגודת שיתופי,IL,תערובת עוגת בראוניס,גרמים,609.00,100 גרם,false,1,16.90,2.7750,true,1,458813
18200004735,false,בקבוק אלומיניום בירה,IBBLS,US,בירה באדוויזר בק אלומיניום 473 מל,מיליליטרים,473.00,"100 מ""ל",false,1,10.90,2.3044,true,1,512137
19146409286,false,ארנב במגוון צבעים 32,,,"ארנב במגוון צבעים 32 ס""מ",Unknown,0.00,Unknown,false,1,39.90,0.0000,true,1,508122
19146409309,false,ארנבת אפורה עם פופיו,,,"ארנבת אפורה עם פופיון ורוד 25 ס""מ",Unknown,0.00,Unknown,false,1,39.90,0.0000,true,1,508124
21000067060,false,מק אנד ציז דינר קראפ,,,מק אנד ציז דינר קראפט 206 גר,גרמים,206.00,100 גרם,false,35,9.90,4.8058,true,1,506732
21000653560,false,מאק אנד ציז גבינת צד,,,מאק אנד ציז גבינת צדר לבן 207 גר,גרמים,207.00,100 גרם,false,,14.90,7.1981,true,1,517639
21723758887,false,רוטב דגים טיפארוס 70,Tang sang hah co. lt,,רוטב דגים טיפארוס 700מל,מיליליטרים,700.00,"100 מ""ל",false,1,15.90,2.2714,true,1,474083
25700005698,false,שקיות אחסון בינוניות- 24 יח' זיפלוק,אס.סי גונוסון,US,זיפלוק שקיות אחסון בינונית 24 יח,Unknown,0.00,Unknown,false,1,13.90,0.0000,true,1,515426
27379005658,false,פנתוני איטלי מיני 10,BISCOTTIFICIO PRIMAV,IT,פנתוני איטלי מיני 100 גר,גרמים,100.00,100 גרם,false,36,12.90,12.9000,true,1,458874
27379005740,false,פנתוני מיני פיצפוצי,BALCONI SPA INDUSTRI,IT,פנתוני מיני פיצפוצי שוקולד סוויט איטלי,גרמים,100.00,100 גרם,false,1,12.90,12.9000,true,1,501966
29801025203,false,עוגיות חמאה קריספי - ב. באטרס 200 גר,HAMLET NV,,עוגיות חמאה קריספי 2,גרמים,200.00,100 גרם,false,1,17.90,8.9500,true,1,458901
30000315989,false,קוואקר קופאין חמוציות ושקדים 372 גר',קוואקר אוטס קומפני,US,קוואקר פרוטאין חמוציות ושקדים 372 גר,גרמים,372.00,100 גרם,false,1,23.90,6.4247,true,1,505693
30001028222,false,מכונית משטרה,,,מכונית משטרה,Unknown,0.00,Unknown,false,1,19.90,0.0000,true,1,508162
31200001597,false,גרגירי חמוציות ממותקים ומיובשים,אושן ספריי,,"חמוציות 170 ג""ר",גרמים,170.00,100 גרם,false,1,9.90,5.8235,true,1,458974
31290140176,false,שוקולד מריר בתוספת שקדים 90 ג' Godiva sticks,פלאדיס,TR,שוקולד גודיבה סטיקס מריר שקדים,Unknown,0.00,Unknown,false,1,14.90,0.0000,true,1,512523
31290140190,false,שוקולד מריר עם נגיעות מלח ים 90 ג' Godiva sticks,גודייבה GODIVA,TR,שוקולד גודיבה סטיקס מריר מלח ים,Unknown,0.00,Unknown,false,1,14.90,0.0000,true,1,512524
33225001200,false,יין ריזלינג קארל רה,,,"יין ""ריזלינג קארל רה"" לבן חצי מתוק750 מל",מיליליטרים,750.00,"100 מ""ל",false,1,54.90,7.3200,true,1,469566
33617000026,false,קרקרים ואזה מקמח מלא,כלורוקס אוקלנד,SE,ואזה מקמח מלא 260 גר,גרמים,260.00,100 גרם,false,1,13.90,5.3462,true,1,512258
33617322616,false,קרקר ואזה מקמח שיפון,כלורוקס אוקלנד,SE,פת פריכה קלה מקמח שי,גרמים,270.00,100 גרם,false,1,13.90,5.1481,true,1,459081
33617340610,false,ואזה מקמח שיפון 275 גר',כלורוקס אוקלנד,SE,פת פריכה קמח שיפון 2,גרמים,275.00,100 גרם,false,1,13.90,5.0545,true,1,459082
35000458476,false,קולגייט מברשת שיניים ילדים מארז רביעייה,קולגייט פלמוליב,VN,רביעיית מברשות שיניים ילדים 2+,Unknown,0.00,Unknown,false,18,19.90,0.0000,true,1,506485
37600297943,false,מטבל סלסה חריף- צ'י צ'י 439 גר,Unknown,US,מתבל סלסה חריף 439 גר,גרמים,439.00,100 גרם,false,1,19.90,4.5330,true,1,528032
37600297967,false,מטבל סלסה בחריפות עדינה ציי צי 439 גר,Unknown,US,מתבל סלסה בחריפות עדינה 439 גר,גרמים,439.00,100 גרם,false,1,19.90,4.5330,true,1,528031
38000138638,false,חטיף צ'יפס בטעם פיצה,פרינגלס מנופקצורינג,US,ציפס פרינגלס פיצה 158 גר,גרמים,158.00,100 גרם,false,1,8.90,5.6329,true,1,489248
38000202278,false,חטיף צ'יפס גלי בטעם אורגינל מלוח,פרינגלס מניופקצ'ורינ,US,חטיף פרינגלס חרדל ודבש 158 גרם,גרמים,130.00,100 גרם,false,8,8.90,6.8462,true,1,512324
38000222757,false,פופ טראט דובדבן 384,,,פופ טראט דובדבן 384 גר,גרמים,384.00,100 גרם,false,1,24.90,6.4844,true,1,518856
38000232152,false,פרינגלס ברביקיו 158 גרם – חדש,פרינגלס מניופקצ'ורינ,US,חטיף פרינגלס ברביקיו 158 גר,גרמים,158.00,100 גרם,false,14,8.90,5.6329,true,1,510720
38000232176,false,חטיף צ'יפס שמנת חמוצה ובצל,פרינגלס מניופקצ'ורינ,US,חטיף פרינגלס שמנת בצל 158 גר,גרמים,158.00,100 גרם,false,14,8.90,5.6329,true,1,510719
38000232183,false,פרינגלס אורגינל 149 גרם,פרינגלס מניופקצ'ורינ,US,חטיף פרינגלס אוריגינל 149 גר,גרמים,149.00,100 גרם,false,14,8.90,5.9732,true,1,510722
38527591053,false,קוואקר מרובעים קינמון דגני בוקר 412 גרם,BEVERAGES FOODS & SE,US,"דגני בוקר ""קוואקר"" קנמון 411גר",גרמים,411.00,100 גרם,false,1,19.90,4.8418,true,1,467129
38527591060,false,דגני קוואקר מרובעים Quaker Squares עם סוכר חום,BEVERAGES FOODS & SE,US,דגני בוקר קוואקר סוכר חום 411גר,גרמים,411.00,100 גרם,false,1,19.90,4.8418,true,1,467063
38900779238,false,מארז מיץ אננס דול 4*,דול פיליפינים אינק,,"מיץ אננס דולי 250 מ""ל רביעייה",מיליליטרים,1000.00,"100 מ""ל",false,1,16.90,1.6900,true,1,459200
39047001152,false,עוגיות ווקרס חמאה פי,,,עוגיות ווקרס חמאה פינגרס 150 גר,גרמים,150.00,100 גרם,false,1,16.90,11.2667,true,1,489046
39047005440,false,ביסקוויט ווקרס עם שו,,,ביסקוויט ווקרס עם שוקולד ואגוזים 150 גר,גרמים,150.00,100 גרם,false,1,16.90,11.2667,true,1,489047
40000512943,false,סוכריות אם אנד אמס M&M שוקולד חלב,M&M אם אנד אם,,סוכריות מ&מס שוקולד 303 גר,גרמים,303.00,100 גרם,false,1,19.90,6.5677,true,1,498789
40000513568,false,סוכריות אם אנד אמס M&M שוקולד חלב,M&M אם אנד אם,US,סוכריות מ&מס שוקו 156 גר,גרמים,156.00,100 גרם,false,1,11.90,7.6282,true,1,492967
40000514480,false,M&M אריזה קטנה's שוקולד אריזה קטנה 48 גרם,M&M אם אנד אם,,"סוכריות מ&מס"" שוקו 48 גר",גרמים,48.00,100 גרם,false,1,4.90,10.2083,true,1,487997
40000514510,false,M&M אריזה קטנה's בוטנים אריזה קטנה 49 גרם,M&M אם אנד אם,,סוכריות מ&מס בוטנים 49 גר,גרמים,49.00,100 גרם,false,1,4.90,10.0000,true,1,487998
41224468108,false,עגבניות מיובשות בשמן,סיגס גיטה,,עגבניות מיובשות בשמן זית רולאנד 340 גר,גרמים,340.00,100 גרם,false,1,21.90,6.4412,true,1,513315
41224700260,false,צלפים מיניאטורים בחו,,,צלפים מיניאטוריים בחומץ רולאנד 90 מל,מיליליטרים,90.00,"100 מ""ל",false,1,13.90,15.4444,true,1,513296
41224700925,false,פירות צלף בחומץ רולנ,,,פירות צלף בחומץ רולאנד 466 מל,מיליליטרים,466.00,"100 מ""ל",false,1,24.90,5.3433,true,1,513317
41390001079,false,רוטב קוקומן סויה 444,ראקוטו קאסיי,,רוטב קוקומן סויה 444 מל,מיליליטרים,444.00,"100 מ""ל",false,1,19.90,4.4820,true,1,477164
41390001451,false,רוטב סויה קיקומן 1.2,קיקומן פודז אינק,US,רוטב סויה קיקומן 1.2 ל,ליטרים,1.20,ליטר,false,1,39.90,33.2500,true,1,528243
41390010309,false,רוטב קיקומן טריאקי 4,ראקוטו קאסיי,,רוטב קיקומן טריאקי 444 מל,מיליליטרים,444.00,"100 מ""ל",false,1,19.90,4.4820,true,1,477163
44600002217,false,משחרר סתימות אפור 94,,,"חומר משחרר סתימות אפור 946 מ""ל",מיליליטרים,946.00,"100 מ""ל",false,1,25.90,2.7378,true,1,495225
44600008899,false,כלורקס לחלונות משטחי,,,כלורקס לחלונות משטחים 409 946 מל,מיליליטרים,946.00,"100 מ""ל",false,1,19.90,2.1036,true,1,512536
46214372250,false,"עוגיות שטרודל פריכות תפו""ע וצימוקים",מרבה Merba,NL,"עוגיות ""מרבה"" שטרודל תפוחים 225 גר",גרמים,200.00,100 גרם,false,1,8.90,4.4500,true,1,460498
46214382259,false,עוגיות בראוניס שוקולד 225 ג',בנקטבקריי מרבה בי.וי,NL,"עוגיות ""מרבה"" בראוניס 225 גר",גרמים,200.00,100 גרם,false,1,8.90,4.4500,true,1,460499
46214731552,false,עוגיות שוקולד ציפס מובחרות 225 ג',קריניציה ויטמינה אס,NL,"עוגיות ""מרבה"" 37% שוקולד צ""יפס 225 גר",גרמים,225.00,100 גרם,false,1,8.90,3.9556,true,1,460500
48256214758,false,מסיר כתמים קשים לכביסה לבנה וצבעונית,יעקבי- אסטוניש Astonish,GB,"אבקת הפלא אסטוניש 400 מ""ל",מיליליטרים,400.00,"100 מ""ל",false,1,25.90,6.4750,true,1,489941
49985798029,false,סביבון סנטה,,,סביבון סנטה,Unknown,0.00,Unknown,false,1,9.90,0.0000,true,1,509355
50000015474,false,פריסקיז מעדני הים 4*,פורינה,US,פריסקיז מעדני הים 1.43 ק,קילוגרמים,1.43,"ק""ג",false,1,39.90,27.9021,true,1,460529
50000084500,false,מזון יבש לחתול בטעם נתחי ברביקיו פריסקיז Friskies,נסטלה פורינה USA מק,US,פריסקיז מעדני השף 1.,קילוגרמים,1.42,"ק""ג",false,1,39.90,28.0986,true,1,460535
50000100347,false,"פריסקיז - מעדני החתול מועשר בחלב 1.40 ק""ג",נסטלה פורינה USA מק,US,פריסקיז מעדני חתול 1,קילוגרמים,1.40,"ק""ג",false,1,39.90,28.5000,true,1,460537
50000168583,false,"פריסקיז אקסטרא קראנץ 1.43 ק""ג",פורינה,US,פריסקיז אקסטרא קראנץ 1.43 קג,קילוגרמים,1.43,"ק""ג",false,1,39.90,27.9021,true,1,517409
50000170180,false,פריסקיז Friskies עוף ברוטב,פורינה Purina,US,מזון לחתולים פריסקיז פילה עוף 156 גר,גרמים,156.00,100 גרם,false,1,6.90,4.4231,true,1,460539
50000225224,false,פריסקיז Friskies הודו ברוטב,פורינה Purina,US,מזון לחתולים פריסקיז פילה הודו 156 גר,גרמים,156.00,100 גרם,false,1,6.90,4.4231,true,1,482233
50000429042,false,פנסי פיסט - כבד עם מעדני עוף 85 גרם,נסטלה פורינה USA ג',US,פנסי פיסט כבד מעודן,גרמים,85.00,100 גרם,false,1,5.90,6.9412,true,1,460545
50000429448,false,פנסי פיסט - מוס סלמון 85 גרם,נסטלה פורינה USA סט,US,פנסי פיסט מוס סלמון,גרמים,85.00,100 גרם,false,1,5.90,6.9412,true,1,460546
50000429646,false,פנסי פיסט - דג אוקיינוס 85 גרם,נסטלה פורינה USA ג',US,פנסי פיסט דג אוקיינו,גרמים,85.00,100 גרם,false,1,5.90,6.9412,true,1,460547
51500000793,false,קונפיטורת אוכמניות 3,,,קונפיטורת אוכמניות 340 גר,גרמים,340.00,100 גרם,false,1,14.90,4.3824,true,1,523198
51500000816,false,קונפיטורת דובדבנים 3,,,קונפיטורת דובדבנים 340 גר,גרמים,340.00,100 גרם,false,1,14.90,4.3824,true,1,523200
51500000953,false,קונפיטורת תות שדה 34,,,קונפיטורת תות שדה 340 גר,גרמים,340.00,100 גרם,false,1,14.90,4.3824,true,1,523199
51500017470,false,חמאת בוטנים עם גלי ע,,,חמאת בוטנים עם גלי ענבים גובר 350 גר,גרמים,350.00,100 גרם,false,1,19.90,5.6857,true,1,518673
52100002460,false,תערובת תיבול לעוף וד,מקרומיק,US,תערובת תיבול לעוף ודג 77 גר,גרמים,77.00,100 גרם,false,1,22.90,29.7403,true,1,524418
52100142593,false,תערובת תיבול להמבורג,,,תערובת תיבול להמבורגר 77 גר,גרמים,77.00,100 גרם,false,1,22.90,29.7403,true,1,524416
54881000031,false,"תה רוז היפ, היביסקוס ודובדבן",תה אחמד Ahmad tea,,תה שחור ורד ודובדבן 20 שק,Unknown,0.00,Unknown,false,1,10.90,0.0000,true,1,489902
54881000048,false,תה אהמאד חליטת פרי הדר 20יח',תה אחמד Ahmad tea,,תה אחמד מובחר פרי הדר 20 שק,גרמים,40.00,100 גרם,false,1,10.90,27.2500,true,1,491051
54881000062,false,תה שחור לימונית וקמומי 20 שקיות AHMAD TEA,תה אחמד Ahmad tea,,תה שחור לימונית וקמומיל 20 שק,גרמים,30.00,100 גרם,false,1,10.90,36.3333,true,1,489899
54881000109,false,תה דומדמניות שחורות,תה אחמד Ahmad tea,,תה אחמד ענבי שועל 20 שק,גרמים,36.00,100 גרם,false,1,10.90,30.2778,true,1,491050
54881000208,false,תה שחור לימון ןגינגר,תה אחמד Ahmad tea,,תה שחור לימון וגינגר 20 שק,Unknown,0.00,Unknown,false,1,10.90,0.0000,true,1,489900
54881001120,false,מארז תה חליטות 6 סוגים *8 יח' AHMAD TEA,תה אחמד Ahmad tea,,מארז חליטות אחמד תה 6 סוגים,גרמים,105.00,100 גרם,false,8,29.90,28.4762,true,1,521247
54881001779,false,קופסת תה 12 טעמים 60 שקיות,תה אחמד Ahmad tea,,"תה 12 סוגים 177 גר""",גרמים,120.00,100 גרם,false,1,29.90,24.9167,true,1,461010
54881003988,false,תה שחור מיקס 4 טעמים,תה אחמד Ahmad tea,,"תה 4 סוגים 20 שק""",Unknown,0.00,Unknown,false,1,10.90,0.0000,true,1,461011
54881003995,false,תה שחור 4 סוגי פירות,תה אחמד Ahmad tea,,תה בטעם פירות 20 שק,גרמים,40.00,100 גרם,false,1,10.90,27.2500,true,1,492981
54881004787,false,תה ירוק אחמד 100 שק,Sunshine tea (pvt) l,,תה ירוק אחמד 100 שקי,גרמים,200.00,100 גרם,false,1,19.90,9.9500,true,1,470761
54881005654,false,תה ירוק יסמין 20 שקיות AHMAD TEA,תה אחמד Ahmad tea,,תה ירוק אחמד יסמין 20 שק,גרמים,40.00,100 גרם,false,1,10.90,27.2500,true,1,491047
54881006941,false,תה שחור תפוח 20 שקיות AHMAD TEA,גיבונג אינדסקיאלס,,תה שחור אחמד תפוח 20 שק,גרמים,40.00,100 גרם,false,1,10.90,27.2500,true,1,491045
54881006958,false,תה שחור קינמון 20 שקיות AHMAD TEA,תה אחמד Ahmad tea,,"תה שחור ""קינמון "" 20 שק",גרמים,40.00,100 גרם,false,1,10.90,27.2500,true,1,466823
54881006996,false,תה שחור בטעם אפרסק ופסיפלורה,תה אחמד Ahmad tea,,תה שחור אחמד אפרסק ופסיפלורה 20 שק,Unknown,0.00,Unknown,false,1,10.90,0.0000,true,1,491049
54881007108,false,תה שחור בטעם דומדמניות שחורות,תה אחמד Ahmad tea,,"תה שחור ""דומדמניות 20 שק",יחידה,1.00,יחידה,false,1,10.90,10.9000,true,1,466822
54881008167,false,תה אינגליש ברקפסט 100 שקיות AHMAD TEA,תה אחמד Ahmad tea,,"תה אינגליש 100 שק""",גרמים,200.00,100 גרם,false,1,19.90,9.9500,true,1,461027
54881008174,false,תה ארל גריי 100 שקיות AHMAD TEA,תה אחמד Ahmad tea,,"תה ארל גריי 100 שק""",גרמים,200.00,100 גרם,false,1,19.90,9.9500,true,1,461028
54881008181,false,תה אינגליש 100 שקיות AHMAD TEA,תה אחמד Ahmad tea,,"תה אינגליש 100 שק""",גרמים,200.00,100 גרם,false,1,19.90,9.9500,true,1,461029
54881008945,false,תה ירוק 20 שקיות AHMAD TEA,תה אחמד Ahmad tea,,תה ירוק אחמד 20 שק,Unknown,0.00,Unknown,false,1,10.90,0.0000,true,1,491046
54881009522,false,תה אנגלי שחור פטל 20,תה אחמד Ahmad tea,,תה שחור אחמד פטל 20 שק,גרמים,40.00,100 גרם,false,1,10.90,27.2500,true,1,466825
54881012720,false,מארז תה פירות 6 סוגים *8 יח' AHMAD TEA,,,מארז תה פירות אחמד תה 6 סוגים,Unknown,0.00,Unknown,false,8,29.90,0.0000,true,1,521246
55369901673,false,אפלסנקס רביעיות רסק תפוחי עץ אפרסק ללא תוספת סוכר,ליייהי אורצ'רדס,,רביעית רסק תפוח עץ ללא תוספת סוכר 113 גר,גרמים,452.00,100 גרם,false,1,16.90,3.7389,true,1,527646
55369902557,false,אפלסנקס רביעיות רסק תפוחי עץ ממותק בסגנון ביתי עברית,ליייהי אורצ'רדס,,רביעית רסק תפוח עץ אפלסנקס 113 גר,גרמים,452.00,100 גרם,false,1,16.90,3.7389,true,1,527648
55369902564,false,אפלסנקס רביעיות רסק תפוחי עץ ללא תוספת סוכר עברית,ליייהי אורצ'רדס,,רביעית רסק תפוח עץ אפלסנקס 113 גר,גרמים,452.00,100 גרם,false,1,16.90,3.7389,true,1,527649
62558202381,false,סירופ מייפל אורגני 100% טהור,ברנרד Bernard,,סירופ מייפל אורגני טהור 236 מל,מיליליטרים,236.00,"100 מ""ל",false,12,29.90,12.6695,true,1,516504
62558212519,false,"סירופ מייפל טהור 100% ברנרדו 250מ""ל",les industries berna,CA,סירופ מייפל 251 מל,מיליליטרים,251.00,"100 מ""ל",false,1,29.90,11.9124,true,1,490479
70177077563,false,תה טווינינג ארל גריי,אר. טווינינגס אנד קו,PL,תה טווינינג ארל גריי 50 גר,גרמים,50.00,100 גרם,false,12,18.90,37.8000,true,1,504314
70177077693,false,טווינינג אינגליש ברק,אר. טווינינגס אנד קו,PL,תה טווינינג אינגליש ברקפסט 50 גר,גרמים,50.00,100 גרם,false,12,18.90,37.8000,true,1,504315
70177084738,false,תה טווינינג שחור רד,טווינינג,PL,תה טווינינג שחור רד פרוט 25 שק 50 גר,גרמים,50.00,100 גרם,false,12,18.90,37.8000,true,1,523753
70177084769,false,תה טווינינג שחור וני,טווינינג,PL,תה טווינינג שחור ונילה 25 שק 50 גר,גרמים,50.00,100 גרם,false,12,18.90,37.8000,true,1,523751
70177120948,false,תה טווינינג שחור תפו,טווינינג,PL,תה טווינינג שחור תפוח קינמון 25 שק 50 גר,גרמים,50.00,100 גרם,false,12,18.90,37.8000,true,1,523752
71505022453,false,גבינת אריטאג' קרם ציז' בר 227ג',,,גבינת אריטאג קרם ציז בר 227 גר,גרמים,227.00,100 גרם,false,1,17.90,7.8855,true,1,513474
72392636914,false,פריז פופ סקיטלס 283.,,,פריז פופ סקיטלס 283.5 גר,גרמים,284.00,100 גרם,false,1,16.90,5.9507,true,1,527542
73490130359,false,אפיפית קרם קרקר 250 ג,אפיפית נצרת,IL,קרקר הדר קרם רגיל 250 גר,גרמים,250.00,100 גרם,false,1,6.90,2.7600,true,1,461384
74234951179,false,פלפל ציפוטלה שלם ברו,Empacadora San Marco,,פלפל ציפוטלה שלם ברוטב עגבניות 230 גר,גרמים,230.00,100 גרם,false,1,11.90,5.1739,true,1,490234
74410470050,false,אצות קומבו 57 גר,Qingdao Sun-growing,,"אצות ""קומבו"" 57 גר""",גרמים,57.00,100 גרם,false,1,11.90,20.8772,true,1,468529
74570004003,false,גלידת שמנת משובחת ונ,האגן דאז,,"גלידה ""האגן דאז"" וניל",מיליליטרים,473.00,"100 מ""ל",false,1,24.90,5.2643,true,1,461402
74570024001,false,"גלידת שמנת תות שדה 500 מ""ל",האגן דאז,,"גלידה ""האגן דאז"" תות שדה",מיליליטרים,473.00,"100 מ""ל",false,1,24.90,5.2643,true,1,470560
74570174003,false,גלידת שמנת אגוזי מקד,האגן דאז,,"גלידה ""האגן דאז"" אגוזי מקדמיה",מיליליטרים,473.00,"100 מ""ל",false,1,24.90,5.2643,true,1,461403
74570274000,false,"גלידת שמנת קרם עוגיות 473 מ""ל",האגן דאז,,"גלידה ""האגן דאז"" קרם עוגיות",מיליליטרים,473.00,"100 מ""ל",false,1,24.90,5.2643,true,1,461404
74570610051,false,"גלידת שמנת שוקולד בלגי 500 מ""ל",האגן דאז,,"גלידה ""האגן דאז"" שוקולד בלגי",מיליליטרים,473.00,"100 מ""ל",false,1,24.90,5.2643,true,1,461405
74570950010,false,גלידת שמנת עוגת גבינ,האגן דאז,,"גלידה ""האגן דאז"" גבינה ותות",מיליליטרים,473.00,"100 מ""ל",false,1,24.90,5.2643,true,1,461407
76808009330,false,עוגיות סנדוויץ' במילוי קרם אגוזי לוז וקקאו,,,עוגיות ברילה סנדוויץ אגוזי לוז 200 גר,גרמים,200.00,100 גרם,false,1,11.90,5.9500,true,1,527584
76808009347,false,עוגיות ברילה בטעם חמ,,,עוגיות ברילה בטעם חמאה 180 גר,גרמים,180.00,100 גרם,false,1,11.90,6.6111,true,1,527583
76808009354,false,עוגיות ברילה קקאו 20,,,עוגיות ברילה קקאו 200 גר,גרמים,200.00,100 גרם,false,1,11.90,5.9500,true,1,527585
76808009361,false,עוגיות ברילה לב שוקו,,,עוגיות ברילה לב שוקולד 200 גר,גרמים,200.00,100 גרם,false,1,11.90,5.9500,true,1,527582
76840001774,false,"גלידה עוגיות חלב עם חתיכות פאדג בן וג'ירי 500 מ""ל",מוצרי איכות אמריקאים,IL,גלידת עוגיות חלב עם חתיכות פאדג,מיליליטרים,473.00,"100 מ""ל",false,6,19.90,4.2072,true,1,511282
76840100156,false,"גלידה צרי גרסיה בן וג'ירי 500 מ""ל",מוצרי איכות אמריקאיי,IL,גלידת פיינט צרי 500 מל,מיליליטרים,500.00,"100 מ""ל",false,6,19.90,3.9800,true,1,483434
76840100583,false,"גלידת וניל עם בצק עוגיות בן וג'ירי 473 מ""ל",מוצרי איכות אמריקאיי,IL,גלידת בצק עוגיות 500 מל,מיליליטרים,500.00,"100 מ""ל",false,1,19.90,3.9800,true,1,470553
76840400218,false,"גלידה בן&ג'ריס תות שדה ועוגת גבינה 500מ""ל",מוצרי איכות אמריקאיי,IL,פיינט עוגת גבינה ותות,מיליליטרים,500.00,"100 מ""ל",false,1,19.90,3.9800,true,1,473716
76840620029,false,"גלידה בן&ג'ריס שמנת עם תות 500מ""ל",מוצרי איכות אמריקאיי,IL,גלידת ברי נייס 500 מל,מיליליטרים,500.00,"100 מ""ל",false,1,19.90,3.9800,true,1,470548
77245110610,false,סוכריות מאסט ללא סוכר בטעם מנטה 80 ג'עלית,MIESZKO S.A - MS. JO,IL,"סוכריות ""מאסט"" מנטה",גרמים,80.00,100 גרם,false,1,6.90,8.6250,true,1,461544
77975010167,false,סניידרס מקלוני חיטה בתוספת דבש 340 ג',סניידרס Snyder's,,סניידרס מקלוני חיטה דבש 340 גר,גרמים,340.00,100 גרם,false,1,14.90,4.3824,true,1,495687
77975034071,false,חטיף בייגלה ניברלס 255 ג',,US,שברי בייגלה סניידרס ניברלס 255 גר,גרמים,255.00,100 גרם,false,12,14.90,5.8431,true,1,516049
77975091975,false,סנדוויץ' בייגלה סניידרס במילוי קרם בטעם פיצה 226.8 גר',סניידרס,US,סנדוויץ בייגלה סניידרס בטעם פיצה 227 גר,גרמים,227.00,100 גרם,false,12,14.90,6.5639,true,1,509871
77975093085,false,"בייגלה מצופה כעכים בציפוי שוקולד חלב, 141 ג סניידרס",סניידרס Snyder's,,חטיף בייגלה סניידרס מצופה שוקולד חלב 141,גרמים,141.00,100 גרם,false,1,14.90,10.5674,true,1,525953
77975093108,false,"בייגלה מצופה כעכים בציפוי בטעם שוקולד לבן, 141 ג סניידרס",סניידרס Snyder's,,חטיף בייגלה סניידרס מצופה שוקולד לבן 141,גרמים,141.00,100 גרם,false,1,14.90,10.5674,true,1,525954
77975094624,false,"סניידרס סנדוויץ בייגלה במילוי חמאת בוטנים , 226 ג'",סניידרס Snyder's,US,בייגלה סניידרס במילוי חמאת בוטנים 280 ג,גרמים,280.00,100 גרם,false,12,14.90,5.3214,true,1,514247
77975094761,false,שברי בייגלה בטעם צ'דר 340 גרם סניידרס,סניידרס Snyder's,US,שברי בייגלה סניידרס בטעם צדר 340 גר,גרמים,340.00,100 גרם,false,1,14.90,4.3824,true,1,517724
77975094778,false,סניידרס שברי בייגל בטעם דבש וחרדל 340 גר,סניידרס Snyder's,US,שברי בייגלה סניידרס בטעם דבש חרדל 340 גר,גרמים,340.00,100 גרם,false,1,14.90,4.3824,true,1,518722
77975095133,false,שברי בייגלה בטעם פיקנטי 318 ג' סניידרס,סניידרס Snyder's,US,שברי בייגלה סניידרס פרמזן ושום 319 גר,גרמים,319.00,100 גרם,false,12,14.90,4.6708,true,1,527850
77975095157,false,סניידרס שברי בייגלה חלפינו 318ג,סניידרס Snyder's,,שברי בייגלה סניידרס בטעם חלפיניו 318 גר,גרמים,318.00,100 גרם,false,12,14.90,4.6855,true,1,524289
80244009236,false,ויסקי בורבון באפלו ט,,,"וויסקי ""ברבן באפלו טרייס"" 750 מל",מיליליטרים,750.00,"100 מ""ל",false,1,149.90,19.9867,true,1,469556
80432402931,false,"שיבאס וויסקי ריגאל 12 שנה 700 מ""ל",מזקקת האחים שיבאס,GB,ויסקי שיבאס ריגאל 12 שנים 700 מל,מיליליטרים,700.00,"100 מ""ל",false,1,124.90,17.8429,true,1,472071
80432402979,false,ויסקי סקוטי גלאן גרא,,,"ויסקי סקוטי גלאן גראנט 10 שנים 700 מ""ל",מיליליטרים,700.00,"100 מ""ל",false,1,129.90,18.5571,true,1,496841
80432402993,false,ויסקי סקוטי גלן גראנ,,,"ויסקי סקוטי גלן גראנט 700 מ""ל",מיליליטרים,700.00,"100 מ""ל",false,1,99.90,14.2714,true,1,461643
80480001520,false,רום בקרדי ספייסד 750,,,רום בקרדי ספייסד 750 מל,מיליליטרים,750.00,"100 מ""ל",false,12,139.90,18.6533,true,1,515728
80480005269,false,רום בקרדי שחור קרטה,,,"רום בקרדי שחור 700 מ""ל",מיליליטרים,750.00,"100 מ""ל",false,1,149.90,19.9867,true,1,490181
80518532743,false,שקית בלון 50 בלונים,NORTHERN,,שקית בלונים,Unknown,0.00,Unknown,false,1,11.90,0.0000,true,1,461648
82184088654,false,וויסקי סינגל בארל Single Barrel,ג'ק דניאלס Jack Daniel's,,וויסקי גק דניאלס סינגל בארל 700מל,מיליליטרים,700.00,"100 מ""ל",false,1,239.90,34.2714,true,1,475140
84279978727,false,יין גוורצטרמינר פאלץ,,,יין גוורצטרמינר פאלץ לבן חצי יבש 0.75לי,מיליליטרים,750.00,"100 מ""ל",false,1,49.90,6.6533,true,1,471921
84380987649,false,וודקה פרבדה 700 מל,,,וודקה פרבדה 700 מל,מיליליטרים,700.00,"100 מ""ל",false,1,89.90,12.8429,true,1,509425
85156515417,false,וודקה קטל וואן בקבוק,DIAGEO,,וודקה קטל וואן 0.75 ל,מיליליטרים,750.00,"100 מ""ל",false,1,99.90,13.3200,true,1,471342
85696607207,false,טופו מופחת קלוריות ל,פסיפיק נוטרישונל פוד,,טופו מופחת קלוריות ללא גלוטן 349 גר,גרמים,349.00,100 גרם,false,12,14.90,4.2693,true,1,520306
85696608037,false,טופו רך ללא גלוטן 34,Morinaga NUTRITIONAL,,טופו רך ללא גלוטן 340גר,גרמים,340.00,100 גרם,false,1,14.90,4.3824,true,1,478391
85696608044,false,טופו ללא גלוטן מזרח,Morinaga NUTRITIONAL,US,טופו ללא גלוטן 340גר,גרמים,340.00,100 גרם,false,1,14.90,4.3824,true,1,478392
87000006928,false,"רום קפטן מורגן בלק 750 מ""ל",אלכוהול (איי.בי.בי),,"רום ""קפטיין מורגן"" כהה 0.75 ל",מיליליטרים,750.00,"100 מ""ל",false,1,99.90,13.3200,true,1,462101
87666052819,false,רוטב סריראצה סופר חר,,,"רוטב סריראצה סופר חריף 455 מ""ל",מיליליטרים,455.00,"100 מ""ל",false,1,21.90,4.8132,true,1,495523
88004018313,false,ויסקי ליקר סוכר חום,,,ויסקי ליקר סוכר חום 0.75 ל,מיליליטרים,750.00,"100 מ""ל",false,1,69.90,9.3200,true,1,478227
88004144746,false,שוטר- ליקר ויסקי וקי,,,שוטר-ליקר וויסקי וקינמון פיירבול 0.75 ל,מיליליטרים,750.00,"100 מ""ל",false,1,99.90,13.3200,true,1,471134
88586000720,false,יין טו ויינז קברנה 7,סנט מישל גרופ,,יין טו ויינז קברנה 750 גר,מיליליטרים,750.00,"100 מ""ל",false,1,44.90,5.9867,true,1,462108
88586001338,false,יין טו ויינז שירז 75,סנט מישל גרופ,,יין טו ויינז שירז 750 מל,מיליליטרים,750.00,"100 מ""ל",false,1,44.90,5.9867,true,1,462110
88586403866,false,יין טו ויינז שרדונה,סנט מישל גרופ,,יין טו ויינז שרדונה 750מל,מיליליטרים,750.00,"100 מ""ל",false,1,44.90,5.9867,true,1,462111
88586421860,false,יין טו ויינז ריזלינג,סנט מישל גרופ,,יין טו ויינז ריזלינג 750מל,מיליליטרים,750.00,"100 מ""ל",false,1,44.90,5.9867,true,1,462113
88586425868,false,יין טו ויינז גוורצטר,סנט מישל גרופ,,יין טו ויינז גוורצטרמינר 750 מל,מיליליטרים,750.00,"100 מ""ל",false,1,44.90,5.9867,true,1,470919
89041081056,false,שמן צ'ילי 185 מל,Flavor full foods in,TH,"שמן צ""ילי 185 מ""ל",מיליליטרים,185.00,"100 מ""ל",false,1,11.90,6.4324,true,1,462114
97252334020,false,סביבון צוללת,,IL,סביבון צוללת,Unknown,0.00,Unknown,false,1,9.90,0.0000,true,1,514590
305213079004,false,"וזלין תחליב גוף צהוב להזנה עמוקה 600מ""ל",וזלין Vaseline,,"תחליף גוף וזלין צהוב להזנה עמוקה 603 מ""ל",מיליליטרים,603.00,"100 מ""ל",false,1,24.90,4.1294,true,1,495433
308910525744,false,אטריות אורז דקות מזר,ליאן תאי רייס,TH,אטריות אורז דקות 454 גר,גרמים,454.00,100 גרם,false,1,10.90,2.4009,true,1,458965
566209575711,false,קישוט לבקבוק סוודר ע,,,קישוט לבקבוק סוודר עם צווארון 23*13 סמ,Unknown,0.00,Unknown,false,1,19.90,0.0000,true,1,520785
608614310395,false,קוסקוס אבאל בינוני 3,,,קוסקוס אבאל בינוני 350 גר,גרמים,350.00,100 גרם,false,1,4.90,1.4000,true,1,505055
608614330928,false,דבש טבעי ללא חימום 5,,,דבש טבעי ללא חימום 500 גר,גרמים,500.00,100 גרם,false,1,29.90,5.9800,true,1,518760
609628012114,false,זית קלמטה פחית 430 ג,,,זית קלמטה פחית 430 גר,גרמים,430.00,100 גרם,false,1,16.90,3.9302,true,1,500084
611745301514,false,פריכיות כוסמת ספירול,זן בר המכללה לטבעונו,IL,פריכיות כוסמת עם ספירולינה 130 גר,גרמים,130.00,100 גרם,false,1,12.90,9.9231,true,1,512443
613008742348,false,אריזונה ג'נסנג ודבש בקבוק 1 ליטר,"נטורלה גטרנק בע""מ",DE,אריזונה 1 ל גינסנג ודבש,ליטרים,1.00,ליטר,false,6,11.90,11.9000,true,1,515554
613008753290,false,"אריזונה אפרסק בקבוק 450 מ""ל",אריזונה Arizona,BG,"משקה אריזונה אפרסק 450 מ""ל",מיליליטרים,450.00,"100 מ""ל",false,1,7.90,1.7556,true,1,505926
613008753320,false,"משקה אריזונה ג'ינסנג ודבש 450 מ""ל",אריזונה Arizona,BG,"משקה אריזונה גינסנג ודבש 450 מ""ל",מיליליטרים,450.00,"100 מ""ל",false,1,7.90,1.7556,true,1,505927
613008753351,false,משקה אריזונה רימונים,אריזונה Arizona,BG,"משקה אריזונה רימונים 450 מ""ל",מיליליטרים,450.00,"100 מ""ל",false,1,7.90,1.7556,true,1,505928
613008753382,false,"משקה אריזונה אוכמניות 450 מ""ל",אריזונה Arizona,BG,"משקה אריזונה אוכמניות 450 מ""ל",מיליליטרים,450.00,"100 מ""ל",false,1,7.90,1.7556,true,1,505925
613008755461,false,משקה אריזונה אוכמניות 1 ליטר,"נטורלה גטרנק בע""מ",DE,אריזונה 1 ל אוכמניות,ליטרים,1.00,ליטר,false,6,11.90,11.9000,true,1,515552
633824111838,false,וודקה ואן גוך אננס ב,מזקקת קוימאנס טילבור,NL,"וודקה ""ואן גוך"" אננס 750 מ""ל",מיליליטרים,750.00,"100 מ""ל",false,1,139.90,18.6533,true,1,471826
645173863337,true,שימורי ביצי דג זהבנו,,,שימורי ביצי דג זהבנון 185 גר,גרמים,185.00,100 גרם,false,1,11.90,6.4324,true,1,496577
645173863351,true,שימורי ביצי דג מעושן,,,שימורי ביצי דג מעושן זהבנון 185 גר,גרמים,185.00,100 גרם,false,1,11.90,6.4324,true,1,496578
645173863610,false,שום כבוש בחומץ 500 ג,,,שום כבוש בחומץ 500 גר,גרמים,500.00,100 גרם,false,1,14.90,2.9800,true,1,501184
645173911038,false,קורנישון מלפפוןן מיני 720 גרם - תומר,קלמן אינדיה,,קורנישוון בחומץ 720 גר,גרמים,720.00,100 גרם,false,1,9.90,1.3750,true,1,461195
645173911410,false,עגבניות עם מלפפונים,קריות זול,,עגבניות עם מלפפונים,קילוגרמים,1.00,"ק""ג",false,1,13.90,13.9000,true,1,461202
645173911427,false,מלפפון במלח 1 ל,,,מלפפון במלח 1 ליטר,קילוגרמים,1.00,"ק""ג",false,1,13.90,13.9000,true,1,461203
645173911458,false,מלפפון פולני בחומץ 1,,,מלפפון פולני בחומץ 1,קילוגרמים,1.00,"ק""ג",false,1,13.90,13.9000,true,1,461206
645173911465,false,קורנישון 1 ל,,,קורנישון 1 ל,ליטרים,1.00,ליטר,false,1,14.90,14.9000,true,1,492984
645173995618,false,רוטב שזיפים בר טקמלי,ארומה פרודקטס,,רוטב שזיפים בר טקמלי אדום 370 גר,גרמים,370.00,100 גרם,false,1,12.90,3.4865,true,1,493549
645173995649,false,רוטב פלפל אדום 370 ג,,,רוטב פלפל אדום 370 גר,גרמים,370.00,100 גרם,false,20,11.90,3.2162,true,1,493555
645173995687,false,רוטב דובדבנים קורניל,,,רוטב דובדבנים קורנילה 420 גר,גרמים,420.00,100 גרם,false,1,22.90,5.4524,true,1,493559
645173995694,false,רוטב עגבניות 370 גר,ארומה פרודקטס,,רוטב עגבניות 370 גר,גרמים,370.00,100 גרם,false,20,11.90,3.2162,true,1,493552
645173995847,true,חומץ תפוחים לא מסונן,,,"חומץ תפוחים לא מסונן אימרטי 6% 500 מ""ל",מיליליטרים,500.00,"100 מ""ל",false,1,11.90,2.3800,true,1,496557
667888038930,false,ממרקות ברזל 30 גר זו,,,ממרקות ברזל 30 גר זוג,Unknown,0.00,Unknown,false,1,4.90,0.0000,true,1,482584
693493010788,false,חטיף תירס בטעם ברביקיו 200 ג' נאצוס,או. קיי סניקס,DK,נאצוס ברביקיו 200 גר,גרמים,200.00,100 גרם,false,1,12.90,6.4500,true,1,525677
693493010818,false,חטיף תירס בטעם טבעי 200 ג' נאצוס,או. קיי סניקס,DK,נאצוס טבעי 200 גר,גרמים,200.00,100 גרם,false,1,12.90,6.4500,true,1,525678
693493028868,false,מלפפון בייבי,,,מלפפון בייבי,Unknown,0.00,Unknown,false,1,9.90,0.0000,true,1,513597
693493028875,false,פלפל טינקרבל,,,פלפל טינקרבל,Unknown,0.00,Unknown,false,1,6.90,0.0000,true,1,513596
693493028882,false,גינגר ארוז,,,גינגר ארוז,Unknown,0.00,Unknown,false,1,9.90,0.0000,true,1,513651
693493028929,false,סלרי חתוך,,,סלרי חתוך,Unknown,0.00,Unknown,false,1,5.90,0.0000,true,1,517263
693493065641,false,טחינה הר כנען 500 גר,,,טחינה הר כנען 500 גר,גרמים,500.00,100 גרם,false,1,14.90,2.9800,true,1,520519
693493131032,false,חלבה פקאן ללא סוכר 3,,,חלבה פקאן ללא סוכר 330 גר,גרמים,330.00,100 גרם,false,1,23.90,7.2424,true,1,524244
693493138390,false,חסה סלנובה,,,חסה סלנובה,Unknown,0.00,Unknown,false,1,12.90,0.0000,true,1,517262
693493138413,false,מיקס שורשים למרק,,,מיקס שורשים למרק,Unknown,0.00,Unknown,false,1,11.90,0.0000,true,1,516453
693493161978,false,דבש טהור פרחי אבוקדו,,,דבש טהור פרחי אבוקדו 500 גר,גרמים,500.00,100 גרם,false,1,31.90,6.3800,true,1,520021
693493168861,false,צלחת מלבנית 110/220,,,צלחת מלבנית 110/220 ממ 10 יח,Unknown,0.00,Unknown,false,1,11.90,0.0000,true,1,525236
693493197526,false,מלח הימלאיה ורוד 390,,,מלח הימלאיה ורוד 390 גר,גרמים,390.00,100 גרם,false,1,16.90,4.3333,true,1,525734
693493197533,false,מטחנת מלח ים תיכוני,,,מטחנת מלח ים תיכוני 330 גר,גרמים,330.00,100 גרם,false,1,16.90,5.1212,true,1,525736
693493197540,false,תערובת לימון ופלפל 2,,,תערובת לימון ופלפל 205 גר,גרמים,205.00,100 גרם,false,1,24.90,12.1463,true,1,525738
693493197557,false,מלח ים ויולט 340 גר,,,מלח ים ויולט 340 גר,גרמים,340.00,100 גרם,false,1,19.90,5.8529,true,1,526057
693493197564,false,פלפל שחור שלם 170 גר,,,פלפל שחור שלם 170 גר,גרמים,170.00,100 גרם,false,1,29.90,17.5882,true,1,526056
693493197571,false,תבלין צילי מעושן ומל,,,תבלין צילי מעושן ומלח ים 220 גר,גרמים,220.00,100 גרם,false,1,19.90,9.0455,true,1,525733
693493197588,false,ריינבו פלפל 165 גר,,,ריינבו פלפל 165 גר,גרמים,165.00,100 גרם,false,1,34.90,21.1515,true,1,525739
693493197595,false,תבלין שום ומלח ים 27,,,תבלין שום ומלח ים 270 גר,גרמים,270.00,100 גרם,false,1,19.90,7.3704,true,1,525735
693493198004,false,שמן זית כד 500 מל,,,שמן זית כד 500 מל,מיליליטרים,500.00,"100 מ""ל",false,1,29.90,5.9800,true,1,525741
707596280204,false,יין בלו נאן רוזה 750,,,"יין ""בלו נאן"" רוזה 0",מיליליטרים,750.00,"100 מ""ל",false,1,44.90,5.9867,true,1,464919
710535495539,false,"אורז בסמטי 96% 1 ק""ג Avel",,,אורז בסמטי 1 קג,קילוגרמים,1.00,"ק""ג",false,1,11.90,11.9000,true,1,515972
720495920354,false,חטיף פריידי פופרס חל,,,חטיף פריידי פופרס חלפניו 99.2 גר,גרמים,99.00,100 גרם,false,1,12.90,13.0303,true,1,524893
721733000715,false,טקילה פטרון אנייחו 7,פטרון,MX,"טקילה פטרון אניחו 700 מ""ל",מיליליטרים,700.00,"100 מ""ל",false,6,209.90,29.9857,true,1,493929
721733000722,false,טקילה פטרון רפוסאדו,,,"טקילה פטרון רפוסאדו 700 מ""ל",מיליליטרים,700.00,"100 מ""ל",false,1,189.90,27.1286,true,1,493928
728229123590,false,חטיף על בסיס ירקות שורש בטעם טבעי,הונדורס צ'יפס יצור א,HN,חטיף ציפס טארה ירקות בטעם טבעי 110 גר,גרמים,110.00,100 גרם,false,1,14.90,13.5455,true,1,469243
728229123613,false,חטיף על בסיס תפוח אדמה כחול בטעם טבעי,היין סלסטיאל גרופ,US,חטיף ציפס טארה תפוח אדמה כחול טבע 110 גר,גרמים,110.00,100 גרם,false,1,14.90,13.5455,true,1,469244
728229123811,false,חטיף על בסיס ירקות שורש בתיבול ים תיכוני,הונדורס צ'יפס יצור א,HN,חטיף ציפס טארה ירקות ים תיכוני 110 גר,גרמים,110.00,100 גרם,false,1,14.90,13.5455,true,1,469245
728229124764,false,ציפס חטיף טרה בטטה מ,היין פיוצ'ור נטורל פ,US,חטיף טארה בטטה מלח ים 110 גר,גרמים,110.00,100 גרם,false,12,14.90,13.5455,true,1,501535
728229130154,false,ציפס חטיף טרה בטטה ו,הונדורס צ'יפס יצור א,HN,"חטיף צ""יפס טארה בטטה וסלק 110 גר",גרמים,110.00,100 גרם,false,1,14.90,13.5455,true,1,469246
732494000500,false,קרטורס פופקורן קרמל,איגל פודס ווקיגאן מפ,US,פופקורן קרמל קרטונס 227 גר,גרמים,227.00,100 גרם,false,1,25.90,11.4097,true,1,527650
732494000609,false,קרטורס פופקורן רק הג,קורפפידלס אינק,US,פופקורן גבינת צדר קרטונס 185 גר,גרמים,185.00,100 גרם,false,1,25.90,14.0000,true,1,527651
736920111310,false,בירה גוס איילנדר איי,,,בירה גוס איילנדר איי פי איי בק 355 מל,מיליליטרים,355.00,"100 מ""ל",false,1,12.90,3.6338,true,1,525275
750536639396,false,מארז גין בולדוג 700,,,מארז גין בולדוג+טוניק,מיליליטרים,700.00,"100 מ""ל",false,6,109.90,15.7000,true,1,520790
753182340302,false,אבקת וואסבי 35 גר,,,אבקת וואסבי 35 גר,גרמים,35.00,100 גרם,false,1,13.90,39.7143,true,1,469897
768404001640,false,"גלידה בן&ג'ריס קפה משפחתית 500מ""ל",מוצרי איכות אמריקאיי,IL,"גלידת בן אנד גריס קופי 500 מ""ל",מיליליטרים,500.00,"100 מ""ל",false,1,19.90,3.9800,true,1,483561
769904000997,false,דגש שקדי מרק ללא גלו,משובח תעשיות מזון,IL,שקדי מרק 200 גר,גרמים,200.00,100 גרם,false,20,12.90,6.4500,true,1,486866
777696000033,false,מול שחור קנדי 907 גר,,,מול שחור קנדי 907 גר,גרמים,907.00,100 גרם,false,1,49.90,5.5017,true,1,465007
782706544926,false,זית מרוקאי יבש 350 ג,,,זית מרוקאי יבש 350 גר,גרמים,350.00,100 גרם,false,1,22.90,6.5429,true,1,526191
782706544933,false,זית ירוק ענק 500 גר,,,זית ירוק ענק 500 גר,גרמים,500.00,100 גרם,false,1,22.90,4.5800,true,1,526190
782706544940,false,זית שחור ענק 500 גר,,,זית שחור ענק 500 גר,גרמים,500.00,100 גרם,false,1,22.90,4.5800,true,1,526189
782706544957,false,זית סנטה 500 גר,,,זית סנטה 500 גר,גרמים,500.00,100 גרם,false,1,22.90,4.5800,true,1,526188
782706544964,false,זית סורי 500 גר,,,זית סורי 500 גר,גרמים,500.00,100 גרם,false,1,22.90,4.5800,true,1,526187
783495011309,false,פקעות ורדים 250 גר,,,פקעות ורדים 250 גר,גרמים,250.00,100 גרם,false,1,24.90,9.9600,true,1,524471
786150000274,false,בירה חזקה לף בראון 3,לף Leffe,,בירה לף בראון בק 330 מל,מיליליטרים,330.00,"100 מ""ל",false,1,10.90,3.3030,true,1,524391
805278001847,false,אורז בסמטי תומר 1 קג,,,אורז בסמטי תומר 1 קג,קילוגרמים,1.00,"ק""ג",false,1,9.90,9.9000,true,1,518946
811538010689,false,רום מתובל קראקן 700,,,רום מתובל קראקן 700 מל,מיליליטרים,700.00,"100 מ""ל",false,12,119.90,17.1286,true,1,528266
811538013031,false,רום מתובל קראקן 700,,,"רום מתובל קראקן 700 מ""ל",מיליליטרים,700.00,"100 מ""ל",false,12,119.90,17.1286,true,1,504631
814109021350,false,קנדי מפופ פופקורן עם,,,קנדי מפופ פופקורן עם חתיכות סניקרס 149 ג,גרמים,149.00,100 גרם,false,1,21.90,14.6980,true,1,517299
814109021374,false,קנדי מפופ פופקורן עם,,,קנדי מפופ פופקורן עם חתיכות סוכ מ&מס 149,גרמים,149.00,100 גרם,false,1,21.90,14.6980,true,1,517297
814109021381,false,קנדי מפופ פופקורן עם,,,קנדי מפופ פופקורן עם חתיכות טוויקס 149 ג,גרמים,149.00,100 גרם,false,1,21.90,14.6980,true,1,517298
818570001606,false,תמצית טעם שקדים לאפי,"ג'יי אר ווסקינס בע""מ",US,"תמצית פיור אלמונד 59 מ""ל",מיליליטרים,59.00,"100 מ""ל",false,1,29.90,50.6780,true,1,495135
818570007066,false,תמצית וניל טהור וטקי,"ג'יי אר ווטקינס בע""מ",US,"תמצית וניל טהור 59 מ""ל",מיליליטרים,59.00,"100 מ""ל",false,1,29.90,50.6780,true,1,495132
833949000264,false,סירופ מייפל אורגני 3,כפרי בריא,CA,סירופ מייפל אמיתי 100% 330 גר,גרמים,330.00,100 גרם,false,12,32.90,9.9697,true,1,503858
835811004707,false,פירורי לחם מוזהבים 440 ג' הנמל,ברמן שוקולד ועוגיות,IL,פירורי לחם מוזהב 440,גרמים,440.00,100 גרם,false,1,6.90,1.5682,true,1,465115
839762000641,false,משקה איילנד מנגו נקטר 1 ל',"פאראגאלה,דה אג'יפשן",EG,משקה איילנד בטעם מנגו 1ל,ליטרים,1.00,ליטר,false,1,11.90,11.9000,true,1,468647
839762000658,false,משקה נקטר איילנד גויאבה 1 ל',The Egyptian Co. for,EG,משקה איילנד בטעם גויאבה 1ל,ליטרים,1.00,ליטר,false,1,11.90,11.9000,true,1,468648
841058006633,false,"אדג' ג'יל גילוח מועשר בשיבולת שועל 198 מ""ל",,US,אדג גל גילוח מעושר בשיבולת שועל,גרמים,200.00,100 גרם,false,12,16.90,8.4500,true,1,515411
842826001126,false,תבלין וגטה זכוכית 40,,,תבלין וגטה זכוכית 400 גר,גרמים,400.00,100 גרם,false,1,32.90,8.2250,true,1,513993
844510012203,false,יין רמת חברון יצחק ר,,,יין רמת חברון יצחק רם קברנה סוביניון 750,מיליליטרים,750.00,"100 מ""ל",false,1,99.90,13.3200,true,1,507515
844510012227,false,יין רמת חברון פרדס 7,,,"יין רמת חברון פרדס 750 מ""ל",מיליליטרים,750.00,"100 מ""ל",false,1,99.90,13.3200,true,1,507516
844510012289,false,יין רמת יהודה מסודי,,,"יין רמת יהודה מסודי רוזה 750 מ""ל",מיליליטרים,750.00,"100 מ""ל",false,1,69.80,9.3067,true,1,507512
844510013088,false,יין ירושלים הילס סוב,,,יין גרוזלם הילס סוביניון בלאן לבן יבש,מיליליטרים,750.00,"100 מ""ל",false,12,42.90,5.7200,true,1,504304
844510013101,false,יין ירושלים הילס קבר,אגדת,IL,"יין גרוזלם הילס קברנה סוביניון 750 מ""ל",מיליליטרים,750.00,"100 מ""ל",false,12,42.90,5.7200,true,1,504294
844510013125,false,יין ירושלים הילס מרל,אגדת,IL,"יין גרוזלם הילס מרלו 750 מ""ל",מיליליטרים,750.00,"100 מ""ל",false,12,42.90,5.7200,true,1,504301
844510013200,false,יין ירושלים הילס רוז,אנטי פוד משקאות,IL,"יין ירושלים הילס רוזה 750 מ""ל",מיליליטרים,750.00,"100 מ""ל",false,12,42.90,5.7200,true,1,506177
850004207789,false,מיטבולס ביונד מיט 29,תאי פרזידנט פוד פאבל,US,מיטבולס ביונד מיט 290 גר,גרמים,290.00,100 גרם,false,1,34.90,12.0345,true,1,516911
851621000050,false,בירה חיטה בטעם הדרים 1664 בלאנק - שישייה,קרלסברג ספליי קומפאנ,PL,"בירה בלאנק 1664 בק 330 מ""ל שישייה",מיליליטרים,1980.00,"100 מ""ל",false,1,54.90,2.7727,true,1,506400
852629004774,false,רביעיית נקניקיות ביונד מיט,תאי פרזידנט פוד פאבל,US,רביעיית נקניקיות ביונד מיט 100 גר,גרמים,400.00,100 גרם,false,1,39.90,9.9750,true,1,516912
856591000062,false,עוגיות מזרחיות מלח 400 ג' עבאדי,מאפיית יוסף ושמחה עב,IL,"עוגיות מזרחיות ""עבאד",גרמים,400.00,100 גרם,false,1,15.90,3.9750,true,1,461922
856591000109,false,עבאדי עוגיות מזרחיות פריכות 400ג',מאפיית יוסף ושמחה עב,IL,עוגיות מזרחיות פריך,גרמים,400.00,100 גרם,false,1,15.90,3.9750,true,1,465184
856591000512,false,עוגיות עבאדי מיני מזרחי מקלות 400ג',מאפיית יוסף ושמחה עב,IL,עוגיות מזרחיות מקלות,גרמים,400.00,100 גרם,false,1,15.90,3.9750,true,1,465185
856591000918,false,מארז שמיניית חטיף טבעי עבאדי,,,מארז חטיף טבעי שמינייה 320 גר,גרמים,320.00,100 גרם,false,1,15.90,4.9688,true,1,516795
856591000949,false,עבאדי קטנטנים מאפה חיטה מלוח 350ג גר',עבאדי,IL,מאפה חיטה מלוח 350 גר,גרמים,350.00,100 גרם,false,1,15.90,4.5429,true,1,519517
859547004084,false,ספוג קרצוף סקראב דדי,,,ספוג ניקוי בניחוח לימון סקראב דרי יחידה,Unknown,0.00,Unknown,false,1,18.90,0.0000,true,1,524427
876153002266,false,יין קסטלו דל פוגי מו,,,יין קסטלו דל פוגי מוסקטו 750 מל,מיליליטרים,750.00,"100 מ""ל",false,1,44.90,5.9867,true,1,523740
876153004109,false,יין קסטלו דל פוגי סמ,,,יין קסטלו דל פוגי סמוד 750 מל,מיליליטרים,750.00,"100 מ""ל",false,1,44.90,5.9867,true,1,523739
877358000293,false,יין רימונים חצי יבש,פרושן,,יין רימונים חצי יבש 750 מל,מיליליטרים,750.00,"100 מ""ל",false,1,29.90,3.9867,true,1,472863
884912002372,false,דגני בוקר גרייט גריינס פוסט453 גרם,post consumer brands,US,סלקט קרנברי 396 גר,גרמים,396.00,100 גרם,false,1,23.90,6.0354,true,1,526844
884912102102,false,דגני בוקר פוסט סלקט אוכמניות 382 גר,הנסיך- מפעל לייצור ט,US,דגני בוקר בלובלרי מורנינג 382 גר,גרמים,382.00,100 גרם,false,1,23.90,6.2565,true,1,526845
884912359155,false,HBO פתיתי תירס חיטה ושיבולת שועל רוסטד 340 גרם,פוסט לקיוויל,US,דגני בוקר האני באנצס רוסטד 340 גר,גרמים,340.00,100 גרם,false,12,23.90,7.0294,true,1,526808
884912359162,false,דגני בוקר האני באנצס שקדים 340 ג' POST,פוסט לקיוויל,US,דגני בוקר האני באנצס שקדים 340 גר,גרמים,340.00,100 גרם,false,12,23.90,7.0294,true,1,526807
884912359421,false,דגני בוקר האני באנצס פקאן ומייפל 340 ג' POST,פוסט לקיוויל,US,דגני בוקר האני באנצס פקאן ומייפל 340 גר,גרמים,340.00,100 גרם,false,12,23.90,7.0294,true,1,526809
884912365200,false,דגני בוקר אוראו הדור הבא 311 ג',פוסט לקיוויל,US,דגני בוקר אוראו שחור לבן 311 גר,גרמים,311.00,100 גרם,false,1,23.90,7.6849,true,1,527405
893594002051,false,"חטיף פופקורן צ`יפס בטעם גבינת צ`דר, 28ג Medora snacks",Unknown,,פופקורנס גבינת צדר 28 גר,גרמים,28.00,100 גרם,false,1,5.90,21.0714,true,1,526236
893594002068,false,"חטיף פופקורן צ`יפס עם מלח ים,28 ג HANTRONIX",Unknown,,פופקורנס מלח ים 28 גר,גרמים,28.00,100 גרם,false,1,5.90,21.0714,true,1,526235
897076002010,false,גין בולדוג לונדון 70,,,"גין בולדוג לונדון 700 מ""ל",מיליליטרים,700.00,"100 מ""ל",false,1,119.90,17.1286,true,1,509971
1230000068314,false,בשר טחון ביונד מינט,זנברגן וורלד פינסט מ,NL,בשר טחון ביונד מיט 300 גר,גרמים,300.00,100 גרם,false,1,32.90,10.9667,true,1,516909
3012991502002,false,רום נגריטה לבן 700 מ,ברדינה,,רום נגריטה לבן,מיליליטרים,700.00,"100 מ""ל",false,1,79.90,11.4143,true,1,454048
3012999150496,false,ליקר קרם קסיס 700 מל,ברדינה,,"ברדינה קרם קסיס דיז""",מיליליטרים,700.00,"100 מ""ל",false,1,54.90,7.8429,true,1,454051
3014260228842,false,"ג'ילט קצף גילוח רגיל - 200 מ""ל",מולינו ניקולי s.p.a,GB,"ג""ילט קצף גילוח לעור 200מל",מיליליטרים,200.00,"100 מ""ל",false,1,14.90,7.4500,true,1,454062
3014260240226,false,"ג'ילט קצף גילוח רגיש - 200 מ""ל",מולינו ניקולי s.p.a,GB,"ג""ילט קצף גילוח לעור 200מל",מיליליטרים,200.00,"100 מ""ל",false,1,14.90,7.4500,true,1,454063
3014260287030,false,גילט בלו ח.פעמי חמישייה,פרוקטר אנד גמבל,MD,"ג""ילט 2 (5 יח"")",Unknown,0.00,Unknown,false,1,8.90,0.0000,true,1,454075
3024480010233,false,קוניאק רמי מרטן 700,,,"קוניאק רמי מרטן 700 מ""ל",מיליליטרים,700.00,"100 מ""ל",false,1,279.90,39.9857,true,1,484319
3024482270109,false,קוניאק רמי מרטן 700,רמי מרטן,,"קוניאק ""רמי מרטין"" V",מיליליטרים,700.00,"100 מ""ל",false,1,219.90,31.4143,true,1,458913
3028130076457,false,קוניאק קמוס 700 מל V,,,קוניאק קמוס 700 מל,מיליליטרים,700.00,"100 מ""ל",false,1,199.90,28.5571,true,1,517736
3028130077751,false,קוניאק קמוס 700 מל,,,קוניאק קמוס 700 מל,מיליליטרים,700.00,"100 מ""ל",false,1,119.90,17.1286,true,1,517735
3035542004206,false,ליקר קואטרו 700 מל,רמי קואנטרו,,ליקר קואטרו 0.7ל,מיליליטרים,700.00,"100 מ""ל",false,1,139.90,19.9857,true,1,473176
3045140105502,false,מילקה - שוקולד חלב 100 ג',,,שוקולד חלב מילקה 100 גר,גרמים,100.00,100 גרם,false,1,5.90,5.9000,true,1,458935
3045140280902,false,מילקה - שוקולד עם צימוקים ואגוזים 100 גרם,מונדלייז,DE,שוקולד מילקה צימוקים ואגוזים 100 גר,גרמים,100.00,100 גרם,false,1,5.90,5.9000,true,1,458936
3045206312257,false,דזיטול מגבונים לחיטוי כללי 36 יחידות,יעקבי - דזיטול Desytol,ES,מגבונים לחיטוי כללי דזיטול 24 יח,Unknown,0.00,Unknown,false,1,10.90,0.0000,true,1,489874
3045206360609,false,"דזיטול נוזל מחטא בגדים בכביסה, 1 ליטר",רלוי,,דזיטול נוזל מחטא בדים בכביסה 1 ל,ליטרים,1.00,ליטר,false,1,22.90,22.9000,true,1,519398
3046920010801,false,שוקולד מריר אקסלנס עם אגוזי לוז,לינדט ושפרונגלי אס.א,FR,שוקולד לינדט אקסלנס הזלנט 100 גר,גרמים,100.00,100 גרם,false,1,15.90,15.9000,true,1,492230
3046920010856,false,שוקולד לינדט אקסלנס,לינדט,CH,שוקולד לינדט אקסלנס לימון גינגר 100 גר,גרמים,100.00,100 גרם,false,20,15.90,15.9000,true,1,511530
3046920016377,false,שוקולד לינדט אקסלנס,לינדט ושפרונגלי,DE,שוקולד לינדט אקסלנס 100% 50 גר,גרמים,50.00,100 גרם,false,18,15.90,31.8000,true,1,513097
3046920027281,false,שוקולד מריר אקסלנס במילוי קרמל ומלח ים,לינדט ושפרונגלי,FR,שוקולד לינדט אקסלנס קרמלסולט 100 גר,גרמים,100.00,100 גרם,false,1,15.90,15.9000,true,1,480661
3046920028004,false,שוקולד מריר אקסלנס 70%,לינדט ושפרונגלי,FR,"שוקולד ""לינדט אקסלנס",גרמים,100.00,100 גרם,false,1,15.90,15.9000,true,1,458937
3046920028363,false,שוקולד מריר אקסלנס 85%,לינדט ושפרונגלי,FR,"שוקולד ""לינדט אקסלנס",גרמים,100.00,100 גרם,false,1,15.90,15.9000,true,1,458938
3046920028721,false,שוקולד מריר אקסלנס 99%,לינדט ושפרונגלי,FR,שוקולד לינדט אקסלנס 99% 50 גר,גרמים,50.00,100 גרם,false,1,15.90,31.8000,true,1,492513
3046920028752,false,לינדט אקסלנס מריר מנ,לינדט ושפרונגלי,FR,"שוקולד ""לינדט אקסלנס",גרמים,100.00,100 גרם,false,1,15.90,15.9000,true,1,458940
3046920029674,false,שוקולד מריר אקסלנס עם מלח ים,לינדט ושפרונגלי,DE,"שוקולד ""לינדט"" אקסלנ",גרמים,100.00,100 גרם,false,1,15.90,15.9000,true,1,458941
3046920029681,false,שוקולד לינדט אקסלנס,לינדט,DE,שוקולד לינדט אקסלנס מילד 85% 100 גר,גרמים,100.00,100 גרם,false,20,15.90,15.9000,true,1,513098
3046920029759,false,שוקולד מריר אקסלנס 90% קקאו,לינדט ושפרונגלי ג'י.,DE,שוקולד לינדט אקסלנס 90% 100 גר,גרמים,100.00,100 גרם,false,1,15.90,15.9000,true,1,480659
3049197110076,false,קוניאק קורווזיה 700,,,"קוניאק קורווזיה 700 מ""ל מארז עם כוסות",מיליליטרים,700.00,"100 מ""ל",false,1,139.90,19.9857,true,1,495155
3049197210776,false,קוניאק קורווזיה 700,,,קוניאק קורווזיה VSOP,מיליליטרים,700.00,"100 מ""ל",false,1,199.90,28.5571,true,1,499082
3049614083891,false,שמפניה וו קליקו ברוט,Veuve Clicquot,,"שמפניה ""קליקו"" ברוט 750מל",מיליליטרים,750.00,"100 מ""ל",false,1,329.90,43.9867,true,1,476246
3059943015104,false,מבשם אוויר נטול גז אקווה מיסט בניחוח פריסיה ויסמין,איירוויק Air Wick,PL,"מבשם אוויר ""אירוויק""",Unknown,0.00,Unknown,false,1,14.90,0.0000,true,1,458947
3059943015128,false,מבשם אוויר נטול גז אקווה מיסט בניחוח לבנדר פראי ואוויר הרים,הדקלאים אגודת שיתופי,PL,"מבשם אוויר ""אירוויק""",מיליליטרים,345.00,"100 מ""ל",false,1,14.90,4.3188,true,1,458948
3068320014067,false,מים מינרלים טבעיים מ,קריניציה ויטמינה אס,FR,מים מינרליים אוויאן 750 מל,מיליליטרים,750.00,"100 מ""ל",false,1,9.90,1.3200,true,1,525010
3068320017846,false,מים מינרלים טבעיים מ,קריניציה ויטמינה אס,FR,מים מינרליים אוויאן 1 ל,ליטרים,1.00,ליטר,false,1,10.90,10.9000,true,1,525011
3068320055008,false,מים מינרלים טבעיים מ,קריניציה ויטמינה אס,FR,מים מינרליים אוויאן 500 מל,מיליליטרים,500.00,"100 מ""ל",false,1,6.90,1.3800,true,1,525009
3073780538442,false,גבינה לואש קירי ממרח 200 ג',"מפעלי גבינות ""ביל",,"גבינה ""לוואש קירי"" ממרח 200 גר",גרמים,200.00,100 גרם,false,1,24.90,12.4500,true,1,458954
3073780574242,false,גבינה לואש קירי 16 יח' 240 ג',,,גבינה לה ואש קירי 16 240 גר,גרמים,240.00,100 גרם,false,1,24.90,10.3750,true,1,458955
3073780574310,false,גבינה לואש קירי 24 יח',,,גבינה לה ואש קירי 24 360 גר,גרמים,360.00,100 גרם,false,1,36.90,10.2500,true,1,458956
3073780591591,false,גבינה לואש קירי 12 יח' 192 ג',"מפעלי גבינות ""ביל",,גבינה לואש קירי 192 גר,גרמים,192.00,100 גרם,false,48,19.90,10.3646,true,1,458957
3073780593083,false,גבינה לואש קירי 32 יח' 480 ג',"מפעלי גבינות ""ביל",,גבינה לה ואש קירי 32 480 גר,גרמים,480.00,100 גרם,false,1,46.90,9.7708,true,1,458958
3073780839631,false,גבינת קירי 6 יח' 100 ג',"מפעלי גבינות ""ביל",,גבינה קירי 6יח 100גר,גרמים,100.00,100 גרם,false,1,14.90,14.9000,true,1,473623
3073781010725,false,ממרח גבינת שמנת קירי,"מפעלי גבינות ""ביל",,ממרח גבינת שמנת קירי 200 גרי,גרמים,200.00,100 גרם,false,1,24.90,12.4500,true,1,472622
3073781077278,false,גבינה לואש קירי 12 יח' 200 ג',"מפעלי גבינות ""ביל",,גבינה לה ואש קירי 12 יח 200 גר,גרמים,200.00,100 גרם,false,1,19.90,9.9500,true,1,490003
3073781162790,false,גבינת בייבי בל אדם 1,מחלבות בל,FR,גבינת אדם בייבי בל 120 גר,גרמים,120.00,100 גרם,false,1,22.90,19.0833,true,1,525276
3073781177220,false,גבינת אדם בייבי בל ר,מחלבות בל,FR,גבינת אדם בייבי בל רול 102 גר,גרמים,102.00,100 גרם,false,8,22.90,22.4510,true,1,527065
3090291119403,true,גבינה נורמנטל פרוסות,,,גבינה נורמנטל פרוסות 150 גר,גרמים,150.00,100 גרם,false,,22.90,15.2667,true,1,524797
3090291123035,true,גבינה מונטאוור פרוסו,,,גבינה מונטאוור פרוסות 150 גר,גרמים,150.00,100 גרם,false,,22.90,15.2667,true,1,524796
3120581430694,false,יין הנרי דה פלורט קו,,,יין הנרי דה פלורט קוט דו רון אדום יבש,מיליליטרים,750.00,"100 מ""ל",false,1,39.90,5.3200,true,1,513055
3141360054405,false,פיניש מפיץ ריח למדיח בניחוח לימון וליים,הדקלאים אגודת שיתופי,PL,פיניש ציטרופרש ציטרו,גרמים,27.00,100 גרם,false,1,14.90,55.1852,true,1,496666
3147690014607,false,יין פורט קאלווארש דר,דרוז,,יין פורט דרוז ברדינה,מיליליטרים,750.00,"100 מ""ל",false,1,49.90,6.6533,true,1,475392
3147690083207,false,ארמניאק סאן ויואן 75,לה מזייר,,ארמניאק סאן ויוא,מיליליטרים,750.00,"100 מ""ל",false,1,149.90,19.9867,true,1,458984
3161420001972,false,ברנדי סט רמי 700 מל,רמי קואנטרו,,"ברנדי ""סט רמי"" VSOP",מיליליטרים,700.00,"100 מ""ל",false,1,79.90,11.4143,true,1,476206
3161712996108,true,גבינה מיני קממבר 125,,,גבינה מיני קממבר 125 גר,גרמים,125.00,100 גרם,false,,24.90,19.9200,true,1,524794
3161712996146,true,גבינה מיני ברי 125 ג,,,גבינה מיני ברי 125 גר,גרמים,125.00,100 גרם,false,,24.90,19.9200,true,1,524793
3161712996153,true,גבינה מיני ברי כחולה,,,גבינה מיני ברי כחולה 125 גר,גרמים,125.00,100 גרם,false,,24.90,19.9200,true,1,524795
3161911229199,false,אלוויר חמאה רכה 250ג',אלל אה וויר,FR,"חמאה רכה ""אלוויר""",גרמים,250.00,100 גרם,false,1,22.90,9.1600,true,1,458991
3161911366429,false,חמאה רכה מלוחה אלווי,ארזינא,FR,"חמאה רכה מלוחה ""אלוו",גרמים,250.00,100 גרם,false,1,22.90,9.1600,true,1,458993
3161911393210,false,חמאת נורמנדי מלוחה 2,אלוויר,FR,חמאת נורמנדי מלוחה 200 גר,גרמים,200.00,100 גרם,false,1,19.90,9.9500,true,1,524636
3175460000017,false,גבינת בורסן עשבי תיב,השחר,FR,"גבינת""בורסן"" שום ועשבי תיבול 150 גר",גרמים,150.00,100 גרם,false,1,21.90,14.6000,true,1,466938
3175460000062,false,גבינת בורסאן טבעי 15,השחר,FR,בורסן פלפל,גרמים,150.00,100 גרם,false,1,21.90,14.6000,true,1,458994
3175460000864,false,גבינת בורסאן טבעי 15,"בל,",FR,בורסן טבעי 150 גר,גרמים,150.00,100 גרם,false,1,21.90,14.6000,true,1,488761
3175460030083,false,גבינת בורסן בצל ועיר,השחר,FR,"גבינת""בורסן"" עם בצל ועירית 150 גר",גרמים,150.00,100 גרם,false,1,21.90,14.6000,true,1,466939
3175529644916,false,יין רוש מאזה לבן מתו,castel freres,,"יין רוש מאזה לבן מתוק מוסקט 750 מ""ל",מיליליטרים,750.00,"100 מ""ל",false,6,34.90,4.6533,true,1,504891
3176780029382,false,יין לה שאטו סוביניון,,,יין לה שאטו סוביניון בלאן טוריין 750 מל,מיליליטרים,750.00,"100 מ""ל",false,6,59.90,7.9867,true,1,514697
3177380046014,false,קוניאק קרויזט 700 מל,,,קוניאק קרויזט 700 מל,מיליליטרים,700.00,"100 מ""ל",false,1,169.90,24.2714,true,1,524056
3177381116051,false,קוניאק קרויזט 700 מל,,,קוניאק קרויזט 700 מל,מיליליטרים,700.00,"100 מ""ל",false,1,169.90,24.2714,true,1,524057
3178530402353,false,עוגיות ספוג קטנות מיני מדלן,סן מישל St Michel,FR,עוגיות רכות מדלן 175 גר,גרמים,175.00,100 גרם,false,1,11.90,6.8000,true,1,493203
3178530407938,false,עוגיות מיני מדלן עם פצפוצי שוקולד,סן מישל St Michel,FR,עוגיות רכות מדלן 175 גר,גרמים,175.00,100 גרם,false,1,12.90,7.3714,true,1,493202
3178530411478,false,ביסקוויטים גאלט עם חמאה ומלח ים,סן מישל St Michel,,עוגיות חמאה גאלט קלאסי 150 גר,גרמים,150.00,100 גרם,false,1,14.90,9.9333,true,1,493200
3179732348913,false,מים מינרליים פרייה פ,נסטלה ווטרס ספלאי,FR,מים מינרליים פרייה פלסטיק 1 ל,ליטרים,1.00,ליטר,false,1,9.90,9.9000,true,1,459003
3182280050030,false,סיידר אקוסון מתוק 75,,,סיידר אקוסון מתוק 750 מל,מיליליטרים,750.00,"100 מ""ל",false,6,24.90,3.3200,true,1,516257
3182280052577,false,סיידר אקוסון רוזה בק,,,סיידר אקוסון רוזה,מיליליטרים,750.00,"100 מ""ל",false,6,24.90,3.3200,true,1,486239
3185130071025,false,יין פפאפנהיים פינו ג,פפאפנהיים,,"יין פפאפנהיים פינו גרי לבן 750 מ""ל",מיליליטרים,750.00,"100 מ""ל",false,1,59.90,7.9867,true,1,498213
3185370061503,false,שמפניה מואט ושנדו אי,Moet Chandon,,שמפניה מואט רוזה אריזת מתנה,מיליליטרים,750.00,"100 מ""ל",false,1,299.90,39.9867,true,1,488271
3219820000078,false,קוניאק מרטל 700 מל,MARTEL COGNAC,,קוניאק מרטל 700 מל,מיליליטרים,700.00,"100 מ""ל",false,1,139.90,19.9857,true,1,459017
3219820000382,false,קוניאק מרטל קורדון ב,MARTEL COGNAC,,"קוניאק מרטל קורדון בלו 700 מ""ל",מיליליטרים,700.00,"100 מ""ל",false,1,579.90,82.8429,true,1,482953
3228022910023,false,חמאת צרפתית פרזידנט 200 גרם,סוסייטה בארייר דה אי,FR,חמאה צרפתית פריז,גרמים,200.00,100 גרם,false,1,12.90,6.4500,true,1,459021
3245990969419,false,קוניאק הנסי 40% 700,jas hennessy,,"קוניאק ""הנסי"" 700 מל",מיליליטרים,700.00,"100 מ""ל",false,1,269.90,38.5571,true,1,469561
3245995960015,false,קוניאק הנסי 40% 700,jas hennessy,,קוניאק הנסי V.S,מיליליטרים,700.00,"100 מ""ל",false,1,149.90,21.4143,true,1,474677
3254550033217,false,גבינת ברי איסיני 220,אף.סי תבליני בגליל ב,FR,גבינת ברי איסיני 220 גר,גרמים,220.00,100 גרם,false,1,32.90,14.9545,true,1,491356
3254550033279,false,גבינת קממבר איסיני 2,איזיני סנט מר,FR,גבינת קממבר איסיני 250 גר,גרמים,250.00,100 גרם,false,1,32.90,13.1600,true,1,491357
3256760106408,false,פלשארד בסגנון פטה קו,,,פלשארד קרטונית מנות,גרמים,500.00,100 גרם,false,1,11.90,2.3800,true,1,459030
3256761201003,false,תחליף גבינה פטה פלשא,,,"גבינה פטה ""פלשארד"" ב",גרמים,500.00,100 גרם,false,1,11.90,2.3800,true,1,459033
3263280107495,false,יין סנגריה מריה אולה,,,יין סנגריה מריה אולה 1.5 ל,ליטרים,1.50,ליטר,false,1,21.90,14.6000,true,1,522019
3263289990203,false,יין גיי פי שנה שרדונ,,,יין JP לבן שרדונה,מיליליטרים,750.00,"100 מ""ל",false,1,39.90,5.3200,true,1,487050
3263289998711,false,ייין גיי פי שנה שירא,,,יין JP אדום שיראז,מיליליטרים,750.00,"100 מ""ל",false,1,39.90,5.3200,true,1,487049
3267682136176,false,ויסקי היילנד קווין ב,אגדת,IL,ויסקי היילנד קווין בלנדד 1 ל,ליטרים,1.00,ליטר,false,1,84.90,84.9000,true,1,503001
3269863001891,false,ברנדי דרוסארק נפוליא,,,ברנדי דרוסארק נפוליאון באריזת שי 700 מל,מיליליטרים,700.00,"100 מ""ל",false,1,79.90,11.4143,true,1,513716
3270620001498,false,קוניאק לואי רוייה 70,,,"קוניאק לואי רוייה XO 700 מ""ל",מיליליטרים,700.00,"100 מ""ל",false,1,499.90,71.4143,true,1,494898
3270620001702,false,קוניאק לואי רוייה 70,,,קוניאק לואי רוייר,מיליליטרים,700.00,"100 מ""ל",false,1,159.90,22.8429,true,1,471358
3270620001757,false,קוניאק לואי רוייה 70,,,"קוניאק ""לואי רוייר"" 0.7 ל",מיליליטרים,700.00,"100 מ""ל",false,1,109.90,15.7000,true,1,471340
3272770003148,false,גבינת עיזים פרמידה ש,מיוצר עי קונדיטוריית,FR,גבינת עיזים פרמידה שברו 150 גר,גרמים,150.00,100 גרם,false,1,24.90,16.6000,true,1,491359
3278480396310,false,קוניאק גודה VSכשל'פ,"יורוסטדנרט בע""מ",FR,"קוניאק גודה VS 700 מ""ל",מיליליטרים,700.00,"100 מ""ל",false,6,104.90,14.9857,true,1,500258
3278480396327,false,קוניאק גודה 700 מל,,,קוניאק גודה 700 מל,מיליליטרים,700.00,"100 מ""ל",false,6,189.90,27.1286,true,1,523004
3296180000016,false,יין דומיין פרין קוט,,,"יין ""דומיין פרין"" קו",מיליליטרים,750.00,"100 מ""ל",false,1,49.90,6.6533,true,1,459063
3296180000047,false,יין דומיין פרין קוט,,,"יין ""דומיין פרין"" קו",מיליליטרים,750.00,"100 מ""ל",false,1,49.90,6.6533,true,1,459064
3296180004229,false,יין דומיין פרין לה ו,,,יין דומיין פרין לה וייה פרס רוזה,מיליליטרים,750.00,"100 מ""ל",false,1,49.90,6.6533,true,1,512059
3296184016242,false,יין מירבל רוזה 750 מ,,,יין מירבל רוזה יבש 750 מל,מיליליטרים,750.00,"100 מ""ל",false,1,99.90,13.3200,true,1,518029
3328640121945,false,ויסקי היילנד קווין ב,,,ויסקי היילנד קווין בלנדד שרי פיניש 1 ל,ליטרים,1.00,ליטר,false,1,99.90,99.9000,true,1,492993
3387390320244,false,פיטנס Fitness דגנים מלאים עם פירות,נסטלה צרפת איטנקורט,FR,פיטנס דגנים עם פירות,גרמים,375.00,100 גרם,false,1,19.90,5.3067,true,1,459083
3387390525960,false,קראנץ' Crunch דגנים פריכים עם שוקולד,הנסיך- מפעל לייצור ט,FR,"דגני בוקר ""קראנץ"" מש",גרמים,500.00,100 גרם,false,1,21.90,4.3800,true,1,459084
3387390730852,false,פיטנס Fitness קלאסי דגנים מלאים ואורז,נסטלה צרפת איטנקורט,FR,דגני בוקר פיטנס 375,גרמים,375.00,100 גרם,false,1,19.90,5.3067,true,1,459085
3412290023640,false,אמנטל צרפתי ארוז 250 ג',,,"אמנטל צרפתי 250 גר""",גרמים,250.00,100 גרם,false,1,34.90,13.9600,true,1,459087
3415581187113,false,גלידת שמנת קרמל בראו,האגן דאז,FR,"גלידה ""האגן דאז"" וניל רקמל בראוני",מיליליטרים,500.00,"100 מ""ל",false,1,24.90,4.9800,true,1,470565
3417840007514,false,יין סאנסר דומיין דה,,,יין סאנסר דומיין דה רוסיניול לבן 750 מל,מיליליטרים,750.00,"100 מ""ל",false,1,79.90,10.6533,true,1,519089
3428681000978,false,קוניאק דופוי 700 מל,,,קוניאק דופוי VSOP,מיליליטרים,700.00,"100 מ""ל",false,1,179.90,25.7000,true,1,510036
3451790940729,false,חמאה מלוחה אלוויר גל,,,חמאה מלוחה אלוויר גליל גורמה 250 גר,גרמים,250.00,100 גרם,false,1,19.90,7.9600,true,1,491362
3472710058256,false,בונ טראפלס אגוזי לוז,,,בונ טראפלס אגוזי לוז 150 גר,גרמים,150.00,100 גרם,false,1,11.90,7.9333,true,1,525715
3480341002685,false,גבינת טרטר אפריפר פר,סבנסיה,,גבינת טרטר אפריפר פרובנס 100 גר,גרמים,100.00,100 גרם,false,1,26.90,26.9000,true,1,505912
3480341002692,false,גבינה טרטר אפריפר אי,סבנסיה,,גבינה טרטר אפריפר איטלקי 100 גר,גרמים,100.00,100 גרם,false,1,26.90,26.9000,true,1,505911
3500610033346,false,יין גיי פי שנה אדום,,,יין JP אדום חצי מתוק,מיליליטרים,750.00,"100 מ""ל",false,1,39.90,5.3200,true,1,487052
3500610044564,false,יין דומיין דה לה באו,דה לה באום,,"יין דומיין דה לה באום ויונה 750 מ""ל",מיליליטרים,750.00,"100 מ""ל",false,1,59.90,7.9867,true,1,498269
3500610044588,false,יין דומיין דה לה באו,דה לה באום,,"יין דומיין דה לה באום סוביניון 750 מ""ל",מיליליטרים,750.00,"100 מ""ל",false,1,59.90,7.9867,true,1,506007
3500610051111,false,יין ברון דאריניאק רו,,FR,"יין ברון דאריניאק רוזה 750 מ""ל",מיליליטרים,750.00,"100 מ""ל",false,1,34.90,4.6533,true,1,501920
3500610054556,false,יין דומיין דה לה באו,דה לה באום,FR,יין דומיין דה לה באום פינו נואר רוזה יבש,מיליליטרים,750.00,"100 מ""ל",false,6,59.90,7.9867,true,1,511586
3500610063046,false,יין בורדו דומיין דה,גראן שר דה פראנס,,יין בורדו דומיין דה שבל בלאן לבן יבש 750,מיליליטרים,750.00,"100 מ""ל",false,1,55.90,7.4533,true,1,489987
3500610079160,false,יין בורדו שאטו מולין,מק-דול אינטרנשיונל,,יין בורדו שאטו מולין פונטט אדום יבש 750,מיליליטרים,750.00,"100 מ""ל",false,1,49.90,6.6533,true,1,482863
3500610084676,false,יין מבעבע בלאן פוסי,GCF,,יין מבעבע בלאן פוסי אייס לבן חצי יבש 750,מיליליטרים,750.00,"100 מ""ל",false,1,39.90,5.3200,true,1,484604
3500610085338,false,יין מבעבע גי פי לבן,LANDIRAS JP CHENET,,"יין מבעבע גי פי לבן 750 מ""ל",מיליליטרים,750.00,"100 מ""ל",false,1,39.90,5.3200,true,1,481321
3500610093708,false,יין מבעבע גי פי רוזה,LANDIRAS JP CHENET,,"יין מבעבע גי פי רוזה 750 מ""ל",מיליליטרים,750.00,"100 מ""ל",false,1,39.90,5.3200,true,1,481320
3500610096174,false,יין מבעבע בלאן פוסי,GCF,,יין מבעבע בלאן פוסי אייס רוזה חצי יבש,מיליליטרים,750.00,"100 מ""ל",false,1,39.90,5.3200,true,1,494141
3500610137518,false,יין שאטו דו פר בורדו,,,יין שאטו דו פר בורדו אדום יבש,מיליליטרים,750.00,"100 מ""ל",false,1,39.90,5.3200,true,1,513056
3523230025638,false,גבינת עיזים בושה טבע,אוריאל,FR,גבינת עיזים בושה טבעי 125 גר,גרמים,125.00,100 גרם,false,1,24.90,19.9200,true,1,491364
3523230025652,true,גבינה בושה עיזים שום,אוריאל,,גבינה בושה עיזים שום 125 גר,גרמים,125.00,100 גרם,false,1,24.90,19.9200,true,1,484174
3523230026826,true,גבינת פירמידה עיזים,אוריאל,,גבינת פירמידה עיזים טבעי 140 גר,גרמים,140.00,100 גרם,false,1,24.90,17.7857,true,1,484173
3523230026888,true,גבינת פירמידה עיזים,אוריאל,,גבינת פירמידה עיזים שום 140 גר,גרמים,140.00,100 גרם,false,1,24.90,17.7857,true,1,484172
3523230032278,false,גבינה עיזים למריחה 1,אוריאל,FR,גבינה עיזים למריחה 150 גר,גרמים,150.00,100 גרם,false,1,21.90,14.6000,true,1,481160
3525490010027,false,יין לה זאמל קברנה סו,,,"יין לה זאמל קברנה סוביניון 750 מ""ל",מיליליטרים,750.00,"100 מ""ל",false,1,49.90,6.6533,true,1,499989
3525490010034,false,יין לה זאמל סירה 750,,,"יין לה זאמל סירה 750 מ""ל",מיליליטרים,750.00,"100 מ""ל",false,1,49.90,6.6533,true,1,499993
3525490010126,false,יין לה זאמל סינסאו ר,,,"יין לה זאמל סינסאו רוזה 750 מ""ל",מיליליטרים,750.00,"100 מ""ל",false,1,49.90,6.6533,true,1,516978
3525490011987,false,יין לה זאמל שרדונה 7,,,"יין לה זאמל שרדונה 750 מ""ל",מיליליטרים,750.00,"100 מ""ל",false,1,49.90,6.6533,true,1,499992
3525490015497,false,יין לה זאמל קריניאן,,,"יין לה זאמל קריניאן 750 מ""ל",מיליליטרים,750.00,"100 מ""ל",false,1,49.90,6.6533,true,1,499991
3525490016302,false,יין לה זאמל מלבק 750,,,"יין לה זאמל מלבק 750 מ""ל",מיליליטרים,750.00,"100 מ""ל",false,1,49.90,6.6533,true,1,499990
3525490024970,false,יין לה וילט שרדונה 7,לה וילט,FR,"יין לה וילט שרדונה 750 מ""ל",מיליליטרים,750.00,"100 מ""ל",false,6,55.90,7.4533,true,1,502556
3525490024987,false,יין לה וילט פינו נוא,לה וילט,FR,"יין לה וילט פינו נואר 750 מ""ל",מיליליטרים,750.00,"100 מ""ל",false,6,55.90,7.4533,true,1,502557
3563490014898,false,חרדל דיז'ון במרקם חלק,ריין דיז'ון reine dijon,FR,"חרדל ""דיז""ון"" לחיץ 265 גר",גרמים,265.00,100 גרם,false,1,11.90,4.4906,true,1,459110
3574660058857,false,"שמן לתינוק גונסון 500 מ""ל",גונסון אנד גונסון,IT,"שמן גיונסונס בייבי 500 מ""ל",מיליליטרים,500.00,"100 מ""ל",false,1,29.90,5.9800,true,1,505032
3574660089547,false,או-בה טמפונים קלאסי נורמל 32יח',ג'ונסון אנד ג'ונסון,GR,טמפון או.בי נורמל,Unknown,0.00,Unknown,false,1,24.90,0.0000,true,1,459120
3574660115154,false,או-בה טמפונים קלאסי סופר 32יח',ג'ונסון אנד ג'ונסון,IT,טמפון או.בי נורמל,Unknown,0.00,Unknown,false,1,24.90,0.0000,true,1,459123
3574660333466,false,או-בה טמפונים פרוקומפורט מיני 32 יח',הנסיך- מפעל לייצור ט,DE,"טמפוני ""או.בי"" מיני 32 יח",גרמים,240.00,100 גרם,false,1,24.90,10.3750,true,1,468121
3574660464368,false,קרפרי מגן תחתון אוורירי אלוורה 76 יח'',גונסון אנד גונסון,IT,מגן תחתון קרפרי אוורירי אלוורה 76 יח,Unknown,0.00,Unknown,false,1,22.90,0.0000,true,1,499385
3574660464429,false,מגני תחתון קרפרי נורמל אוורירי עם מעטפת כותנה,קרפרי Carefree,,מגן תחתון קרפרי אוורירי 76 יח,Unknown,0.00,Unknown,false,1,22.90,0.0000,true,1,499387
3574661003924,false,שטיפת פה טוטאל קר בטעם מנטה צלול,ליסטרין Listerine,IT,"מי פה ליסטרין טוטל קאר 500 מ""ל",מיליליטרים,500.00,"100 מ""ל",false,1,21.90,4.3800,true,1,500439
3574661114620,false,ליסטרין זירו מי פה 250 מל,,,"מי פה ליסטרין זירו 250 מ""ל",מיליליטרים,250.00,"100 מ""ל",false,1,10.90,4.3600,true,1,504856
3574661114637,false,"מי פה ליסטרין זירו מנטה עדין 500 מ""ל",ג'ונסון אנד ג'ונסון,IT,"מי פה ליסטרין זירו 500 מ""ל",מיליליטרים,500.00,"100 מ""ל",false,1,19.90,3.9800,true,1,500437
3574661352275,false,"מי פה ליסטרין קידס בטעם פירות יער 250 מ""ל",,,מי פה ליסטרין קידס 250 מל,מיליליטרים,250.00,"100 מ""ל",false,1,14.90,5.9600,true,1,513403
3574661428048,false,"ג’ונסון מנקה ומגן – סבון ידיים וגוף לילד 500 מ""ל",ג'ונסונס Johnson's,,סבון ידיים גונסון 500 מל,מיליליטרים,500.00,"100 מ""ל",false,1,11.90,2.3800,true,1,525615
3574661487328,false,קרפרי מגני תחתון אורגינל פלוס 56 יח',הדקלאים אגודת שיתופי,IT,מגני תחתון קרפרי רגיל 56 יח,Unknown,0.00,Unknown,false,1,17.90,0.0000,true,1,507388
3574661487335,false,קרפרי מגן תחתון מקסי לונג ריח'ני 40 יח',קרפרי Carefree,,קרפרי מקסי לונג ריחני 40 יח,Unknown,0.00,Unknown,false,1,17.90,0.0000,true,1,507391
3574661487618,false,קרפרי מגן תחתון מקסי לארג'' מבושם 48 יח'',ג'ויה מעבדות לקוסמטי,IT,מגן תחתון קרפרי מקסי מבושם 48 יח,Unknown,0.00,Unknown,false,1,17.90,0.0000,true,1,507390
3574661487625,false,מגני תחתון פלוס לארג' בניחוח עדין L,הדקלאים אגודת שיתופי,IT,מגן תחתון קרפרי מקסי לארג 48 יח,Unknown,0.00,Unknown,false,1,17.90,0.0000,true,1,507389
3574661491806,false,מי פה אדבנס וויט מנטה מסירה כתמים קשים,ליסטרין Listerine,,מי פה ליסטרין אדואנסיד וויט 500 מל,מיליליטרים,500.00,"100 מ""ל",false,1,21.90,4.3800,true,1,516869
3574661500355,false,קרפרי מגן תחתון מקסי לונג רגיל 40 יח',ג'ויה מעבדות לקוסמטי,IT,קרפרי מקסי לונג רגיל 40 יח,Unknown,0.00,Unknown,false,1,17.90,0.0000,true,1,507392
3574661504162,false,מוס לשטיפה אינטימית יומיומית מכיל תה ירוק ואלוורה,קרפרי Carefree,IT,"קרפרי מוס לשטיפה אינטימית 150 מ""ל",מיליליטרים,150.00,"100 מ""ל",false,6,19.90,13.2667,true,1,507386
3574661552576,false,קרפרי מגן תחתון רגיל טנגה לבן 56 יח חדש,הדקלאים אגודת שיתופי,IT,מגני תחתון קרפרי רגיל טנגה לבן 56 יח,Unknown,0.00,Unknown,false,5,17.90,0.0000,true,1,511461
3574661552804,false,קרפרי מגן תחתון אלוורה 56 יח',הדקלאים אגודת שיתופי,IT,מגני תחתון קרפרי אלוורה 56 יח,Unknown,0.00,Unknown,false,5,17.90,0.0000,true,1,511460
3574661552811,false,קרפרי כותון אוורירי 56 יח',הדקלאים אגודת שיתופי,GR,מגני תחתון קרפרי כותון אוורירי 56 יח,Unknown,0.00,Unknown,false,5,17.90,0.0000,true,1,511458
3574661554877,false,מגן תחתון אוורירי מבושם,הנסיך- מפעל לייצור ט,GR,מגני תחתון קרפרי כותון מבושם 56 יח,Unknown,0.00,Unknown,false,5,17.90,0.0000,true,1,511459
3574661554884,false,קרפרי רגיל טנגה ריחני 56 יח' חדש,הדקלאים אגודת שיתופי,GR,קרפרי רגיל טנגה ריחני 56 יח,Unknown,0.00,Unknown,false,5,17.90,0.0000,true,1,511462
3574669907972,false,"גונסון בייבי שמפו טיפות של ברק 750 מ""ל",ג'ונסונס Johnson's,IT,"שמפו גונסון טיפות של ברק 750 מ""ל",מיליליטרים,750.00,"100 מ""ל",false,1,24.90,3.3200,true,1,505042
3574669908245,false,"גונסון בייבי מרכך טיפות של ברק 750 מ""ל",ג'ונסונס Johnson's,IT,"מרכך שיער גונסונס טיפות של ברק 500 מ""ל",מיליליטרים,500.00,"100 מ""ל",false,1,16.80,3.3600,true,1,505043
3574669908443,false,גונסון בייבי אל סבון וקצף אמבט 750 חדש,Johnson Toilet-IT,IT,"אל סבון וקצף אמבטיה גונסון בייבי 750 מ""ל",מיליליטרים,750.00,"100 מ""ל",false,1,19.90,2.6533,true,1,505041
3574669908481,false,גונסון בייבי אל סבון אמבט 750 מל חדש,ג'ונסונס Johnson's,IT,"אל סבון גונסונס בייבי אמבט 750 מ""ל",מיליליטרים,750.00,"100 מ""ל",false,1,19.90,2.6533,true,1,505040
3574669908665,false,גונסון בייבי אל סבון לפני שינה 750 חדש,גונסון אנד גונסון,IT,"אל סבון גונסון בייבי לפני שינה 750 מ""ל",מיליליטרים,750.00,"100 מ""ל",false,1,19.90,2.6533,true,1,505038
3600523651900,false,מרכך לחיזוק סיב השערה לכל סוגי השיער,לוריאל - אלביב Elvive,,"מרכך אלביב ארגנין 550 מ""ל",מיליליטרים,550.00,"100 מ""ל",false,1,15.90,2.8909,true,1,500803
3600523652228,false,"לוריאל - אלביב מרכך טוטאל ריפר 550 מ""ל",לוריאל - אלביב Elvive,,"מרכך אלביב טוטל ריפר 550 מ""ל",מיליליטרים,550.00,"100 מ""ל",false,1,15.90,2.8909,true,1,500802
3600523652259,false,"לוריאל - אלביב מרכך קולור פרוטקט 550 מ""ל",לוריאל,TR,"מרכך אלביב קולור 550 מ""ל",מיליליטרים,550.00,"100 מ""ל",false,1,15.90,2.8909,true,1,500801
3607340717635,false,"אדידס - ג'ל רחצה אייס דייב 400 מ""ל",קוטי ס.פ,,"גל רחצה אדידס אייס דייב 400 מ""ל",מיליליטרים,400.00,"100 מ""ל",false,1,12.90,3.2250,true,1,496996
3607343817547,false,"אדידס - דאודורנט ספריי לגבר קליימקול 150 מ""ל",קולפ,PT,דאו ספריי לגבר קליימקול 150 מל,מיליליטרים,150.00,"100 מ""ל",false,1,9.90,6.6000,true,1,515439
3607347320449,false,"אדידס - ג'ל רחצה ספורט אנרג'י 400 מ""ל",קוטי ס.פ,,"גל רחצה אדידס ספורט אנרגי 400 מ""ל",מיליליטרים,400.00,"100 מ""ל",false,1,12.90,3.2250,true,1,496994
3614221653715,false,"אדידס קליימקול ג'ל רחצה, 400 מ""ל",קוטי ס.פ,,"גל רחצה אדידס קליימקול 400 מ""ל",מיליליטרים,400.00,"100 מ""ל",false,1,12.90,3.2250,true,1,496995
3614223736003,false,"אדידס - דאודורנט ספריי לגבר אדיפיור 150 מ""ל",איגפק אס.איי,PT,דאו ספריי לגבר אדיפיור 150 מל,מיליליטרים,150.00,"100 מ""ל",false,1,9.90,6.6000,true,1,515440
3614224050986,false,"אדידס - דאודורנט ספריי לגבר אדיפאוור 72 שעות 150 מ""ל","ב.א מזון בע""מ",PT,דאו ספריי לגבר אדיפיור 72 ש 150 מל,מיליליטרים,150.00,"100 מ""ל",false,1,9.90,6.6000,true,1,515441
3700485100260,false,קוניאק פוסוני סלקשיי,,,"קוניאק פוסוני סלקשיין 700 מ""ל",מיליליטרים,700.00,"100 מ""ל",false,1,149.90,21.4143,true,1,506443
3700485103148,false,קוניאק פוסוני VSOP ב,,,"קוניאק פוסוני VSOP בורדני 700 מ""ל",מיליליטרים,700.00,"100 מ""ל",false,1,229.90,32.8429,true,1,506444
3700619334226,false,יין קיילי מינוג קוטס,,,יין קיילי מינוג קוטס דה פרובנס 750 מל,מיליליטרים,750.00,"100 מ""ל",false,1,99.90,13.3200,true,1,524979
3701086303562,false,יין ולאס פויזן רוזה,,,יין ולאס פויזן רוזה פינה נואר 750 מל,מיליליטרים,750.00,"100 מ""ל",false,1,64.90,8.6533,true,1,525479
3701086304309,false,יין לה קוק סירה בלאק,,FR,יין לה קוק סירה בלאק 750 מל,מיליליטרים,750.00,"100 מ""ל",false,6,64.90,8.6533,true,1,525717
3760040421261,false,יין פול מאס רוזה סיר,פול מאס,,יין פול מאס רוזה סירה 0.75ל,מיליליטרים,750.00,"100 מ""ל",false,1,44.90,5.9867,true,1,473188
3760130710435,false,יין בורדו סופריור שא,,,יין אדום יבש בורדו סופריור שאטו לסקו 750,מיליליטרים,750.00,"100 מ""ל",false,1,49.90,6.6533,true,1,526741
3760133900024,false,יין לבן יבש סוביניון,,,יין לבן יבש סוביניון עמק הלואר 750 מל,מיליליטרים,750.00,"100 מ""ל",false,6,49.90,6.6533,true,1,528353
3760133900031,false,יין אדום יבש מלבק עמ,,,יין אדום יבש בורדו סופריור שאטו לסקו 750,מיליליטרים,750.00,"100 מ""ל",false,1,49.90,6.6533,true,1,526742
3760215840071,false,שמפניה בוזיה זיואה ר,,,שמפניה בוזיה זיואה רוזה קריסטל 750 מל,מיליליטרים,750.00,"100 מ""ל",false,1,169.90,22.6533,true,1,515620
3760263790021,false,יין דומיין אלכסנדר ש,,,יין דומיין אלכסנדר שאבלי לבן יבש 750 מל,מיליליטרים,750.00,"100 מ""ל",false,1,79.90,10.6533,true,1,512734
3770012307042,false,יין לבן יבש פטי שאבל,,,יין לבן יבש פטי שאבלי 750 מל,מיליליטרים,750.00,"100 מ""ל",false,1,69.90,9.3200,true,1,526743
3770012307059,false,יין לבן יבש שאבלי 75,,,יין לבן יבש שאבלי 750 מל,מיליליטרים,750.00,"100 מ""ל",false,1,79.90,10.6533,true,1,526744
3800008311736,false,ברנדי פליסקה 500 מל,וינקס פרסלוב,,ברנדי פליסקה 0.5 לי,מיליליטרים,500.00,"100 מ""ל",false,1,59.90,11.9800,true,1,462228
3800020411957,false,רביעייה קיט קט צ'אנקי נסטלה 4*40 ג',,,רביעיית קיט קט צאנקי נסטלה,גרמים,160.00,100 גרם,false,1,12.90,8.0625,true,1,518522
3800034966122,false,מטהר אוייר ברפיום 68 מ''ל,,,מטהר אוויר לבית 85 מל,Unknown,0.00,Unknown,false,1,17.90,0.0000,true,1,495415
3800034977807,false,"בקבוק ריח מקלות 50 מ""ל אריון",,,מפיץ ריח לבית 50 מל,מיליליטרים,50.00,"100 מ""ל",false,1,12.90,25.8000,true,1,520611
3800034979030,false,"בקבוק ריח מקלות 50 מ""ל אריון",,,מפיץ ריח לבית 50 מל,מיליליטרים,50.00,"100 מ""ל",false,1,12.90,25.8000,true,1,520610
3800061605674,false,עוגיות בציפוי בטעם ק,,,עוגיות בציפוי בטעם קקאו אוכמניות 200 גר,גרמים,200.00,100 גרם,false,1,9.90,4.9500,true,1,526126
3800061608224,false,עוגיות במילוי בטעם ת,,,עוגיות בצילוי בטעם תות 134 גר,גרמים,134.00,100 גרם,false,1,9.90,7.3881,true,1,526132
3800065711289,false,ביסקוויט ריבת פירות,,,ביסקוויט במילוי ריבת פירות יער מצופה,גרמים,150.00,100 גרם,false,1,8.90,5.9333,true,1,475860
3800065711319,false,ביסקויט ריבת תות בצי,,,ביסקויט במילוי ריבת תות בציפוי קקאו 150,גרמים,150.00,100 גרם,false,1,8.90,5.9333,true,1,475859
3800065711609,false,עוגיות סנדוויץ בטעם,זרחני איזדליה ורנה (,,עוגיות סנדוויץ בטעם קקאו במילוי קרם 270,גרמים,270.00,100 גרם,false,1,11.90,4.4074,true,1,478672
3800065711685,false,אצבעות ביסקוויט קקאו,,,אצבעות ביסקוויט קקאו בציפוי קקאו 130 גר,גרמים,130.00,100 גרם,false,1,8.90,6.8462,true,1,525567
3800065723015,false,סטיקס גריסיני קלאסי,,,סטיקס גריסיני קלאסי עם מלח 250 גר,גרמים,250.00,100 גרם,false,12,8.90,3.5600,true,1,482545
3800065723022,false,סטיקס גריסיני פרג 2,זרחני איזדליה ורנה (,,סטיקס גריסיני פרג 235 גר,גרמים,235.00,100 גרם,false,12,8.90,3.7872,true,1,488285
3800065781114,false,עוגת וופל במילוי קרם,זרחני איזדליה ורנה (,,עוגת ועוגת וופל במילוי קרם קקאו ובוטנים 250 גר,גרמים,250.00,100 גרם,false,1,11.90,4.7600,true,1,462276
3800065781206,false,מיני וופל במילוי קרם,זרחני איזדליה ורנה (,,מיני וופל במילוי קרם קקאו 260 גר,גרמים,260.00,100 גרם,false,1,11.90,4.5769,true,1,491500
3800065781244,false,עוגת וופל צודו קרם ק,זרחני איזדליה ורנה (,,עוגת וופל צודו קרם קקאו וקוקוס 180 גר,גרמים,180.00,100 גרם,false,1,9.90,5.5000,true,1,472110
3800065781268,false,עוגת וופל במילוי קרם,זרחני איזדליה ורנה (,,עוגת וופל במילוי קרם קקאו ובוטנים 180 גר,גרמים,180.00,100 גרם,false,1,9.90,5.5000,true,1,472111
3800065781275,false,אצבעות וופל במילוי ק,,,אצבעות וופל במילוי קרם קקאו מצופה 160 גר,גרמים,160.00,100 גרם,false,1,8.90,5.5625,true,1,525566
3800065781565,false,מיני וופל תפוז במילו,זרחני איזדליה ורנה (,,מיני וופל תפוז במילוי קרם בוטנים 260 גר,גרמים,260.00,100 גרם,false,1,11.90,4.5769,true,1,525568
3800065781688,false,עוגת וופל במילוי קרם,זרחני איזדליה ורנה (,,עוגת וופל במילוי קרם אגוזי לוז 125 גר,גרמים,125.00,100 גרם,false,1,9.90,7.9200,true,1,475853
3800065781978,false,עוגת וופל במילוי קרם,זרחני איזדליה ורנה (,,עוגת וופל במילוי קרם בוטנים ותפוז 180 גר,גרמים,180.00,100 גרם,false,1,9.90,5.5000,true,1,525571
3800065783194,false,וופל בטעם קקאו במילו,זרחני איזדליה ורנה (,,וופל בטעם קקאו במילוי קרם קקאו 170 גר,גרמים,125.00,100 גרם,false,1,5.90,4.7200,true,1,525572
3800093511523,false,לחמניות באנס טימס במ,,,לחמניות באנס טימס במילוי קרם וניל 250 גר,גרמים,250.00,100 גרם,false,1,11.90,4.7600,true,1,528044
3800093511530,false,לחמניות באנס טימס עם,,,לחמניות באנס טימס עם קרם שוקולד 250 גר,גרמים,250.00,100 גרם,false,1,11.90,4.7600,true,1,528047
3800093511561,false,טימס לחמניות באנס רי,,,טימס לחמניות באנס ריבת דובדבן 250 גר,גרמים,250.00,100 גרם,false,1,11.90,4.7600,true,1,528043
3800093511578,false,טימס לחמניות באנס מר,,,טימס לחמניות באנס מרמלדת תפוע 250 גר,גרמים,250.00,100 גרם,false,1,11.90,4.7600,true,1,528046
3800205875109,false,צנימים מרטי עגבניות,,,צנימים מרטי בטעם עגבניות זיתים ואורגנו,גרמים,70.00,100 גרם,false,1,5.90,8.4286,true,1,471679
3800205875208,false,צנימים מרטי בטעם פיט,,,צנימים מרטי בטעם פיטריות ושמנת 70 גר,גרמים,70.00,100 גרם,false,1,5.90,8.4286,true,1,471680
3800205875307,false,צנימים מרטי בטעם תער,,,צנימים מרטי בטעם תערובת ירקות 70 גר,גרמים,70.00,100 גרם,false,1,5.90,8.4286,true,1,471681
3800205877325,false,צנימים מרטי בטעם שמנ,,,צנימים מרטי בטעם שמנת בצל 70 גר,גרמים,70.00,100 גרם,false,1,5.90,8.4286,true,1,514073
3800740010072,false,אסורטי טודורקה 1 קג,DERONI,,אסורטי טודורקה 1 קג,קילוגרמים,1.00,"ק""ג",false,1,19.90,19.9000,true,1,462337
3800740010928,false,עגבניות טודורקה 1 קג,DERONI,,עגבניות טודורקה עם פ,קילוגרמים,1.00,"ק""ג",false,1,19.90,19.9000,true,1,462339
3800740016661,false,עגבניות טודורקה 1 קג,DERONI,,"עגבניות ""טודורקה"" עם",קילוגרמים,1.00,"ק""ג",false,1,19.90,19.9000,true,1,462365
3800740017156,false,עגבניות טודורקה 1 קג,DERONI,,"עגבניות ""טודורקה"" עם",קילוגרמים,1.00,"ק""ג",false,1,19.90,19.9000,true,1,462366
3800740027155,false,שימורי ירקות ליוטיני,DERONI,,שימורי ירקות ליוטיניצה טודורקה 315 גר,גרמים,315.00,100 גרם,false,1,14.90,4.7302,true,1,491404
3800740030001,false,ממרח ירקות אייוור 25,,,ממרח ירקות איוור 250 גר,גרמים,250.00,100 גרם,false,1,22.90,9.1600,true,1,523289
3800740031060,false,רוטב עגבניות עם אוכמ,,,רוטב עגבניות עם אוכמניות 330 גר,גרמים,330.00,100 גרם,false,1,13.90,4.2121,true,1,523281
3800740031084,false,רוטב עגבניות עם אוכמ,,,רוטב עגבניות עם אוכמניות וצילי 330 גר,גרמים,330.00,100 גרם,false,1,13.90,4.2121,true,1,523282
3802022773019,false,משקה מוגז מאלט 2 ל,דארל,,משקה מוגז מאלט 2 ל,ליטרים,2.00,ליטר,false,1,17.90,8.9500,true,1,528382
3838945007870,false,מיץ תפוזים פרוקטל עם,FRUCTAL,,מיץ תפוזים פרוקטל עם ויטמין סי 1 ל,ליטרים,1.00,ליטר,false,1,12.90,12.9000,true,1,519583
3838945027854,false,מיץ פרוקטל מולטיויטמ,FRUCTAL,,מיץ פרוקטל מולטיויטמין 1 ל,ליטרים,1.00,ליטר,false,1,12.90,12.9000,true,1,474601
3838945508995,false,מיץ פרוקטל משמש 1 ל,FRUCTAL,,מיץ פרוקטל משמש 1 ל,ליטרים,1.00,ליטר,false,1,12.90,12.9000,true,1,479778
3838945509015,false,נקטר פרוקטל אוכמניות,פרוקטל Fructal,,נקטר פרוקטל אוכמניות שחורות 1 ל,ליטרים,1.00,ליטר,false,1,12.90,12.9000,true,1,474602
3838945509022,false,נקטר פרוקטל תות שדה,FRUCTAL,,נקטר פרוקטל תות שדה 1 ל,ליטרים,1.00,ליטר,false,1,12.90,12.9000,true,1,474604
3838945509060,false,מיץ תפוחים פרוקטל 10,FRUCTAL,,מיץ תפוחים פרוקטל 100% פרי 1 ל,ליטרים,1.00,ליטר,false,1,12.90,12.9000,true,1,477753
3850104008054,false,תבלין וגטה ירקות 75,פודרבקה ד.ד,,תבלין וגטה ירקות 75 גר,גרמים,75.00,100 גרם,false,1,6.90,9.2000,true,1,462377
3850104008443,false,תבלין וגטה תערובת עם,פודרבקה ד.ד,,תבלין וגטה תערובת עם ירקות 500 גר,גרמים,500.00,100 גרם,false,1,33.90,6.7800,true,1,462378
3850104008597,false,תערובת תבלינים וגטה,PODRAVKA POLSKA,,תערובת תבלינים וגטה עם ירקות 250 גר,גרמים,250.00,100 גרם,false,1,17.90,7.1600,true,1,462379
3850104008825,false,תבלין וגטה תערובת עם,פודרבקה ד.ד,,תבלין וגטה תערובת עם ירקות 125 גר,גרמים,125.00,100 גרם,false,1,10.90,8.7200,true,1,462380
4000161110156,false,מרציפן קלאסי בטעמים,,,מרציפן קלאסי בטעמים נידרגר 100 גר,גרמים,100.00,100 גרם,false,1,29.90,29.9000,true,1,511903
4000269001370,false,ליקר קסו קסו 700 מל,,,ליקר קסו קסו 700 מל,מיליליטרים,700.00,"100 מ""ל",false,1,59.90,8.5571,true,1,518018
4000415004408,false,שוקולד שוגטן מריר אג,,,שוקולד שוגטן מריר אגוזים 100 גר,גרמים,100.00,100 גרם,false,1,5.90,5.9000,true,1,504778
4000415039707,false,שוקולד אוריו בלאק הנ,,,שוקולד אוריו בלאק הנד וואיט,גרמים,100.00,100 גרם,false,1,5.90,5.9000,true,1,478914
4000415040109,false,שוקולד שוגטן קרמל 10,,,שוקולד קרמל חום 100 גר,גרמים,100.00,100 גרם,false,1,5.90,5.9000,true,1,478913
4000415143800,false,שוקולד שוגטן טרילוגי,,,שוקולד טרילוגיה 100,גרמים,100.00,100 גרם,false,1,5.90,5.9000,true,1,454188
4000415358303,false,חמישיית שוקו פאן ביס,,,חמישיית שוקו פאן ביסקוויט 210 גר,גרמים,210.00,100 גרם,false,1,8.90,4.2381,true,1,528051
4000415358501,false,שביעיית שוקו פאן קוק,,,שביעיית שוקו פאן קוקוס 175 גר,גרמים,175.00,100 גרם,false,1,8.90,5.0857,true,1,528053
4000415440701,false,שישיית שוקו פאן בוטנ,,,שישיית שוקו פאן בוטנים 216 גר,גרמים,216.00,100 גרם,false,1,8.90,4.1204,true,1,528050
4000415440909,false,שישיית שוקו פאן קרמל,,,שישיית שוקו פאן קרמל 216 גר,גרמים,216.00,100 גרם,false,1,8.90,4.1204,true,1,528052
4000415730109,false,שוקולד שוגטן מריר אג,,,שוקולד שוגטן מריר אגוזים קצוצים 100 גר,גרמים,100.00,100 גרם,false,1,5.90,5.9000,true,1,523555
4000415749606,false,שוקולד שוגטן יום הול,,,שוקולד שוגטן יום הולדת 100 גר,גרמים,100.00,100 גרם,false,15,5.90,5.9000,true,1,525007
4000415851705,false,שוקולד שוגטן נוגט 10,,,שוקולד שוגטן נוגט 10,גרמים,100.00,100 גרם,false,1,5.90,5.9000,true,1,454193
4000415856601,false,שוקולד שוגטן 100 גרם,,,שוקולד לבן 100 גר,גרמים,100.00,100 גרם,false,1,5.90,5.9000,true,1,454194
4000417022004,false,שוקולד ריטר ספורט צימוק אגוז 100 גרם חלב נוכרי,ריטר ספורט Ritter sport,DE,"שוקולד ""ריטר"" חלב עם",גרמים,100.00,100 גרם,false,1,8.90,8.9000,true,1,454198
4000417025005,false,שוקולד ריטר ספורט מרציפן 100 גרם חלב נוכרי,ריטר ספורט Ritter sport,DE,שוקולד ריטר עם מרציפן,גרמים,100.00,100 גרם,false,1,8.90,8.9000,true,1,454200
4000417222008,false,שוקולד ריטר ספורט חלב+שברי אגוזים 100 גרם חלב נוכרי,ריטר ספורט Ritter sport,DE,שוקולד חלב ריטר ספורט עם שברי אגוזים 100,גרמים,100.00,100 גרם,false,1,8.90,8.9000,true,1,484892
4000504149027,false,גבינה קממבר דה לוקס,,,גבינה קממברט דה לוקס 125 גר,גרמים,125.00,100 גרם,false,1,24.90,19.9200,true,1,522588
4000504149324,false,גבינה רוגט 125 גר,,,גבינה רוגט 125 גר,גרמים,125.00,100 גרם,false,1,24.90,19.9200,true,1,517936
4000504149423,false,גבינה קמבוזולה כחולה,,,גבינה קמבוזולה כחולה 125 גר,גרמים,125.00,100 גרם,false,1,24.90,19.9200,true,1,517937
4000522009747,false,"בייגלה צ'יו מקלות תפו""א 80 גר'",טרופיקל דגיל תעשיות,HU,"מקלות תפו""א 80 גר",גרמים,80.00,100 גרם,false,1,4.90,6.1250,true,1,526847
4000522061752,false,בייגלה צ'יו מקלות מלוחים 100 גרם,צ'יו Chio,,מקלות מלוחים 80 גר,גרמים,80.00,100 גרם,false,1,4.90,6.1250,true,1,526846
4000539280726,false,שוקולד לינדט אקסלנס,לינדט ושפרונגלי,DE,שוקולד לינדט מריר 70% 100 גר,גרמים,100.00,100 גרם,false,1,15.90,15.9000,true,1,525938
4000539280740,false,שוקולד לינדט אקסלנס,,,שוקולד לינדט אקסלנס 78% 100 גר,גרמים,100.00,100 גרם,false,1,15.90,15.9000,true,1,526341
4000607850004,false,שוקולד שוגטן חלב 100,,,שוקולד שוגטן חלב 100,גרמים,100.00,100 גרם,false,1,5.90,5.9000,true,1,454232
4000607851001,false,שוקולד חלב עם אגוזי לוז,שוגטן Schogette,,שוקולד שוגטן חלב אגו,גרמים,100.00,100 גרם,false,1,5.90,5.9000,true,1,454233
4000607852008,false,שוקולד שוגטן מריר 10,,,"שוקולד מריר 100 ג""ר",גרמים,100.00,100 גרם,false,1,5.90,5.9000,true,1,454234
4000607854705,false,שוקולד שוגטן יוגורט,קריות זול,,שוקולד שוגטן יוגורט,גרמים,100.00,100 גרם,false,1,5.90,5.9000,true,1,454236
4000869032569,false,הפי פרש מטהר אוויר 150 ג',רלוי,,גל מבשם הפי פרש סגול 150 גר,גרמים,150.00,100 גרם,false,1,6.90,4.6000,true,1,489876
4000869050723,false,טבליות למדיח 60 יח,,,"טבליות למדיח 60 יח""",יחידה,60.00,יחידה,false,1,34.90,0.5817,true,1,454238
4001507161948,false,שיבולת שועל דקה להכנה מהירה,פרוטרי,DE,פתיתי שיבולת שועל 500 גר,גרמים,500.00,100 גרם,false,1,6.90,1.3800,true,1,483659
4001507161955,false,שיבולת שועל עבה להכנה מהירה,פרוטרי,DE,פתיתי שיבולת שועל עבה קווקר 500 גר,גרמים,500.00,100 גרם,false,1,6.90,1.3800,true,1,496816
4001686359013,false,סוכריות ספגטי תות 20,,,סוכריות ספגטי תות 200 גר,גרמים,200.00,100 גרם,false,1,14.90,7.4500,true,1,524256
4001686359051,false,הריבו - ספגטי תפוח חמוץ 200 גרם,,,סוכריות ספגטי תפוח 200 גר,גרמים,200.00,100 גרם,false,1,14.90,7.4500,true,1,524257
4001724037514,false,פיצה 4 גבינות 340 גר,,,פיצה 4 גבינות 340 גר,גרמים,340.00,100 גרם,false,7,29.90,8.7941,true,1,527063
4001724037637,false,פיצה מוצרלה אפויה 35,,,פיצה מוצרלה אפויה 355 גר,גרמים,355.00,100 גרם,false,7,29.90,8.4225,true,1,527173
4001751035705,false,רוטב חרדל עם דבש 215,סקנדיה,,חרדל עם דבש 215גר,גרמים,215.00,100 גרם,false,1,9.90,4.6047,true,1,478082
4001751038669,false,רוטב חזרת עם וואסבי,סקנדיה,,חזרת עם וואסבי 190גר,גרמים,190.00,100 גרם,false,1,9.90,5.2105,true,1,478080
4001751064262,false,רוטב חזרת שמנת 190 ג,סקנדיה,,חזרת בשמנת 200גר,גרמים,190.00,100 גרם,false,1,9.90,5.2105,true,1,478081
4001751073677,false,רוטב חזרת עם סלק 200,סקנדיה,,רוטב חזרת עם סלק 200 גר,גרמים,200.00,100 גרם,false,1,9.90,4.9500,true,1,483645
4001751094283,false,רוטב חרדל בטעם תפוזים,סקנדיה,,חרדל בטעם תפוזים 210גר,גרמים,210.00,100 גרם,false,1,9.90,4.7143,true,1,478083
4002103248323,false,בירה ארדינגר פיקנטוס,,,"בירה ""ארדינגר פיקנטוס"" בק 500 מל",מיליליטרים,500.00,"100 מ""ל",false,1,12.90,2.5800,true,1,469575
4002103289449,false,בירה ארדינגר ללא אלכ,Beck and Co,DE,ארדינגר ללא אלכוהול,מיליליטרים,330.00,"100 מ""ל",false,1,5.90,1.7879,true,1,486113
4002103311515,false,בירה ארדינגר כהה דנו,,,בירה ארדינגר כהה דנוקל בק 500 מל,מיליליטרים,500.00,"100 מ""ל",false,1,11.90,2.3800,true,1,518532
4002309009100,false,ממרח דאבל אגוזי לוז,,,ממרח שוקולד KIDDY DUO,גרמים,350.00,100 גרם,false,12,14.90,4.2571,true,1,505798
4002309009131,false,ממרח דאבל אגוזי לוז,,,ממרח שוקולד KIDDY DUO,גרמים,700.00,100 גרם,false,8,24.90,3.5571,true,1,505799
4002448017684,false,"סיליט באנג ספריי רב שימושי כתום 750 מ""ל",הדקלאים אגודת שיתופי,PL,סיליט באנג ספריי רב,מיליליטרים,750.00,"100 מ""ל",false,1,16.90,2.2533,true,1,454257
4002448019480,false,"סיליט באנג ספריי מסיר שומנים 750 מ""ל",סיליט באנג Cillit Bang,PL,סיליט באנג מסיר שומנ,מיליליטרים,750.00,"100 מ""ל",false,1,16.90,2.2533,true,1,454258
4002631025014,false,בירה קוניגסבכר כהה 5,,,בירה קוניגסבכר כהה 566 גר,מיליליטרים,500.00,"100 מ""ל",false,1,6.90,1.3800,true,1,510694
4002631025830,false,בירה קוניגסבכר חיטה,קרלסברג יבוא יצוא,DE,בירה קוניגסבכר חיטה 538 גר,מיליליטרים,500.00,"100 מ""ל",false,1,6.90,1.3800,true,1,510695
4002899563105,false,דובשניות בציפוי שוקו,,,דובשניות בציפוי שוקולד מריר 500 גר,גרמים,500.00,100 גרם,false,10,19.90,3.9800,true,1,515215
4002899701118,false,דובשניות בציפוי שוקו,,,דובשניות בציפוי שוקולד חלב 500 גר,גרמים,500.00,100 גרם,false,10,19.90,3.9800,true,1,515214
4003301051340,false,יין מייבך ריזלינג יב,,DE,יין מייבך ריזלינג יבש 750 מל,מיליליטרים,750.00,"100 מ""ל",false,1,49.90,6.6533,true,1,519714
4003301051364,false,יין ריזלינג מייבך לב,,,יין ריזלינג מייבך לבן חצי מתוק 750 מל,מיליליטרים,750.00,"100 מ""ל",false,1,49.90,6.6533,true,1,471920
4003301058486,false,יין מייבך סוביניון ב,,,יין מייבך סוביניון בלאן לבן חצי יבש 750,מיליליטרים,750.00,"100 מ""ל",false,1,49.90,6.6533,true,1,519713
4003301081835,false,יין מייבך שרדונה לבן,,,יין מייבך שרדונה לבן יבש 750 מל,מיליליטרים,750.00,"100 מ""ל",false,1,49.90,6.6533,true,1,519712
4003301084577,false,יין אדום מתוק מייבאך,,,יין אדום מתוק מייבאך ספאטבורגונר 750 מל,מיליליטרים,750.00,"100 מ""ל",false,1,49.90,6.6533,true,1,522970
4003301085673,false,יין מייבך פורטוגיזר,,,יין מייבך פורטוגיזר רוזה מתוק 750 מל,מיליליטרים,750.00,"100 מ""ל",false,1,49.90,6.6533,true,1,519711
4003754081000,false,חטיף מרציפן קארסטנס,Erasmi & Carstens Gm,DE,חטיף מרציפן קארסטנס ארסמי 100 גר,גרמים,100.00,100 גרם,false,1,7.90,7.9000,true,1,486271
4003754206151,false,שוקולד מריר קרסטנס מ,,,שוקולד מריר קרסטנס עם מרציפן ותפוז 140 ג,גרמים,140.00,100 גרם,false,10,10.90,7.7857,true,1,522686
4004666042004,false,משמיד עובש עם מרסס מלרוד Mellerud,מרלוד,DE,"מרסס מלרוד 500 מ""ל",מיליליטרים,500.00,"100 מ""ל",false,1,27.90,5.5800,true,1,489936
4004666107819,false,"מלרוד - מרסס לניקוי וטיהור המזגן 500 מ""ל",פרח,DE,"מלרוד לניקוי וטיהור המזגן 500 מ""ל",מיליליטרים,500.00,"100 מ""ל",false,1,24.90,4.9800,true,1,505182
4005563194025,false,ליקר פידג תאנים 700,,,"פידג"" תאנים 0.7",מיליליטרים,700.00,"100 מ""ל",false,1,54.90,7.8429,true,1,454318
4005808128273,false,ג'ל רחצה לגבר אנרג'י עם תמציות מנטה בניחוח ממריץ,טרופיקל דגיל תעשיות,DE,ניוואה גל רחצה לגבר מעורר 500 מל,מיליליטרים,500.00,"100 מ""ל",false,1,14.90,2.9800,true,1,514169
4005808293469,false,"ניוואה - דאודורנט ספריי לגבר יבש 150 מ""ל",BEIERSDORF MANUFACTU,DE,דאו ספריי יבש לגבר ניוואה 150 מל,מיליליטרים,150.00,"100 מ""ל",false,1,14.90,9.9333,true,1,520698
4005808366392,false,שפתון כחול בליסטר לבלו,טרופיקל דגיל תעשיות,DE,לבלו כחול בליסטר 5.5 מל,Unknown,0.00,Unknown,false,1,11.90,0.0000,true,1,514181
4005808368280,false,לבלו דובדבן בליסטר שפתון,טרופיקל דגיל תעשיות,DE,לבלו דובדבן בליסטר 5.5 מל,Unknown,0.00,Unknown,false,1,11.90,0.0000,true,1,514179
4005808515554,false,"קרם רב שימושי סופט 300 מ""ל ניוואה",,,ניוואה סופט קרם לחות 300 מל,מיליליטרים,300.00,"100 מ""ל",false,1,24.90,8.3000,true,1,525941
4005808702107,false,ניוואה תחליב גוף עשיר משאבה 500מל,בטר אנד דיפרנט,ES,ניוואה תחליב גוף לעור יבש 500 מל,מיליליטרים,500.00,"100 מ""ל",false,1,27.90,5.5800,true,1,515753
4005808817405,false,"ניוואה גל גילוח רגיש 200 מ""ל",פרוטרופיק סיה.,DE,ניוואה גל גילוח רגיש 200 מל,מיליליטרים,200.00,"100 מ""ל",false,1,17.90,8.9500,true,1,514175
4005808850907,false,לבלו הידרו קר בליסטר 5.5מל,,,לבלו הידרו קר בליסטר 5.5 מל,Unknown,0.00,Unknown,false,1,11.90,0.0000,true,1,514180
4005900036506,false,"ניוואה - דאודורנט רול און לגבר שקוף בלק 50 מ""ל",טרופיקל דגיל תעשיות,DE,ניוואה דאו רול און גבר שקוף בלאק וויט,מיליליטרים,50.00,"100 מ""ל",false,1,14.90,29.8000,true,1,514155
4005900138842,false,"ניוואה - תחליב רחצה סמוט 750 מ""ל",NIVEA,DE,ניוואה תחליב רחצה סמוד 750 מל,מיליליטרים,750.00,"100 מ""ל",false,1,14.90,1.9867,true,1,518950
4005900447579,false,ניוואה URBAN ג'ל קרם יום,,,קרם יום הורבן ניוואה 50 מל,מיליליטרים,50.00,"100 מ""ל",false,1,39.90,79.8000,true,1,518906
4005900521262,false,"ג'ל רחצה לגבר פיור אימפקט ניוואה 500 מ""ל",,,ניוואה סבון רחצה לגבר דיפ 500 מל,מיליליטרים,500.00,"100 מ""ל",false,1,14.90,2.9800,true,1,514168
4005900542557,false,"ניוואה - דאודורנט רול און לאישה בלק אנד וויט 50 מ""ל",,,ניוואה דאו רול און אשה בלאק וויט 50 מל,מיליליטרים,50.00,"100 מ""ל",false,1,14.90,29.8000,true,1,517813
4005900555915,false,"ניוואה - תחליב רחצה קוקוס וחוחובה 750 מ""ל",ביירסדורף AG,DE,ניוואה תחליב רחצה קוקוס 750 מל,מיליליטרים,750.00,"100 מ""ל",false,1,14.90,1.9867,true,1,517279
4005900648181,false,"ניוואה - תחליב רחצה אלוורה 750 מ""ל",ביירסדורף AG,DE,ניוואה תחליב רחצה אלוורה 750 מל,מיליליטרים,750.00,"100 מ""ל",false,1,14.90,1.9867,true,1,518949
4005900683878,false,לבלו סקראב אלוה ורה בליסטר 5.5מל,,,שפתון לבלו סקראב אלוורה,Unknown,0.00,Unknown,false,1,11.90,0.0000,true,1,515755
4005900816016,false,"ניוואה - דאודורנט ספריי לאישה פרש טבעי לאישה 150 מ""ל",טרופיקל דגיל תעשיות,DE,ניוואה דאו ספריי אשה פרש טבעי 150 מל,מיליליטרים,150.00,"100 מ""ל",false,1,14.90,9.9333,true,1,514165
4006298004009,false,בירה טוכר הלס הפוויצ,מבשלת טוכר,,"בירה ""טוצאר האלאס"" בהיר 0.5 ל",מיליליטרים,500.00,"100 מ""ל",false,1,10.90,2.1800,true,1,454323
4006387085407,false,שלישיית פילטר מקסטרה פלוס,בריטה Brita,,שלישיית פילטרים מקסטרה+,Unknown,0.00,Unknown,false,1,119.90,0.0000,true,1,498811
4006387112363,false,מארז קיץ מיוחד – קנקן Marella + 2 פילטרים ובקבוק תרמי,,,קנקן בריטה מרלה +2 פילטרים ובקבוק,Unknown,0.00,Unknown,false,1,159.90,0.0000,true,1,526381
4006591310005,false,עוגת גבינה עם תפוחים,,,עוגת גבינה עם תפוחים קפואה 1250 גר,גרמים,1250.00,100 גרם,false,1,79.90,6.3920,true,1,522888
4006591330003,false,עוגת שזפים 1250 גר,,,עוגת עם שזפים קפואה 1.25קג,קילוגרמים,1.25,"ק""ג",false,1,79.90,63.9200,true,1,478661
4006591380008,false,עוגת גבינה עם דובדבנ,,,עוגת גבינה עם דובדבנים קפואה 1050 גר,קילוגרמים,1.05,"ק""ג",false,1,79.90,76.0952,true,1,478531
4006591390007,false,עוגת דובדבנים 1250 ג,,,עוגת דובדבנים 1250 גר,קילוגרמים,1.25,"ק""ג",false,1,79.90,63.9200,true,1,514308
4006814000720,false,סנטה קלנדר 75 גרם,WAWI GROUP,DE,סנטה קלנדר 75 גר,גרמים,75.00,100 גרם,false,1,9.90,13.2000,true,1,527873
4006814000751,false,סנטה בודד עם כובע 80,WAWI GROUP,DE,סנטה בודד עם כובע 80 גר,גרמים,80.00,100 גרם,false,40,12.90,16.1250,true,1,521153
4006814000829,false,מגף סנטה 100 גר,,,מגף סנטה 100 גר,גרמים,100.00,100 גרם,false,15,15.90,15.9000,true,1,521154
4006814000874,false,סנטה בודד עם כובע וכ,WAWI GROUP,DE,סנטה בודד עם כובע 200 גר WAWI,גרמים,200.00,100 גרם,false,1,27.90,13.9500,true,1,501942
4006814011061,false,סנטה בודד 60 גרם WAW,WAWI Euro Gmbh,DE,"סנטה ""גונץ"" 60 גר""",גרמים,60.00,100 גרם,false,30,4.90,8.1667,true,1,454330
4006814011108,false,"סנטה בודד 150 גר""",WAWI,,"סנטה בודד 150 גר""",גרמים,150.00,100 גרם,false,30,9.90,6.6000,true,1,454331
4006814031304,false,צילינדר אייסקונפקט כ,,,צילינדר אייסקונפקט כריסמס 500 גר,גרמים,500.00,100 גרם,false,12,25.90,5.1800,true,1,521155
4006814071003,false,סנטה שקית 100 גר,WAWI,,סנטה שקית 100 גר,גרמים,100.00,100 גרם,false,1,9.90,9.9000,true,1,472121
4006814072000,false,סנטה שקית 200 גרם WA,WAWI Euro Gmbh,DE,סנטה שקית 200 גר,גרמים,200.00,100 גרם,false,1,15.90,7.9500,true,1,472120
4007745058804,false,מיונז אורגני נטורפוד,אף.סי תבליני בגליל ב,DE,מיונז אורגני נטורפוד 340 גר,גרמים,340.00,100 גרם,false,12,19.90,5.8529,true,1,503878
4007745058811,false,חרדל אורגני נטורפוד,נטורפוד,DE,חרדל צרפתי חלק 145 גר,גרמים,145.00,100 גרם,false,12,11.90,8.2069,true,1,503876
4007745058828,false,חרדל גרגרים אמיתי אורגני,נטורפוד,,חרדל צרפתי גרגרים 145 גר,גרמים,145.00,100 גרם,false,12,11.90,8.2069,true,1,503877
4007993016885,false,גלידה מילקה 284 גר ר,,,גלידה מילקה 440 גר רביעייה,גרמים,284.00,100 גרם,false,1,29.90,10.5282,true,1,499803
4007993016922,false,גלידה אוראו 260 גר ר,,,גלידה אוראו 65 גר רביעייה,גרמים,260.00,100 גרם,false,8,29.90,11.5000,true,1,498582
4007993020264,false,גלידה טובלרון 264 גר,,,גלידה טובלרון 400 גר רביעייה,גרמים,264.00,100 גרם,false,1,29.90,11.3258,true,1,499802
4008287051032,false,"פחית בירה קרומבאכר פילס 500 מ""ל",מנדלז סי.אר. פרודקשן,DE,בירה קרומבאכר פילס פחית 500 מל,מיליליטרים,500.00,"100 מ""ל",false,1,9.90,1.9800,true,1,518253
4008287058161,false,בירה קרומבאכר פילס 4.8% שישיה 6 * 330 מל,מנדלז סי.אר. פרודקשן,DE,שישיית בירה קרומבאכר פילס 330 מל,מיליליטרים,1980.00,"100 מ""ל",false,1,36.90,1.8636,true,1,518254
4008287762020,false,"בירה קרומבאכר חיטה 500 מ""ל",קרומבכר Krombacher,IL,בירה קרומבאכר וואיזן 500 מל,מיליליטרים,500.00,"100 מ""ל",false,1,9.90,1.9800,true,1,454347
4008287905786,false,"קרומבאכר חיטה פחית בודד 500 מ""ל",מנדלז סי.אר. פרודקשן,DE,בירה קרומבאכר חיטה פחית 500 מל,מיליליטרים,500.00,"100 מ""ל",false,1,9.90,1.9800,true,1,518255
4008400172224,false,פררו רושר אשוח 150 ג,,,פררו רושר אשוח 150 גר,גרמים,150.00,100 גרם,false,1,49.90,33.2667,true,1,527818
4008400360126,false,חבילת מתנה קלאסית פר,,,חבילת מתנה קלאסית פררו 242 גר,גרמים,242.00,100 גרם,false,1,59.90,24.7521,true,1,527817
4008400510125,false,קינדר סנטה+ביצת הפתע,,,קינדר סנטה+ביצת הפתעה בנים 75 גר,גרמים,75.00,100 גרם,false,12,21.90,29.2000,true,1,521226
4008400511528,false,קינדר סנטה קישוט עץ,,,קינדר סנטה קישוט עץ 3*15 גר,גרמים,45.00,100 גרם,false,1,14.90,33.1111,true,1,527820
4008400511825,false,קינדר סנטה עומד 110,,,קינדר סנטה עומד 110 גר,גרמים,110.00,100 גרם,false,1,21.90,19.9091,true,1,527819
4009176018372,false,דובשניות בציפוי שוקו,,,דובשניות בציפוי שוקולד מריר 500 גר,גרמים,500.00,100 גרם,false,10,19.90,3.9800,true,1,528721
4009300522935,false,תה פומפדור תה ירוק לימונית ולואיזה 20 יח',"איטיליאן פוד, אס.פי.",DE,"תה ""פומפדור"" ירוק לי",גרמים,30.00,100 גרם,false,1,16.90,56.3333,true,1,454361
4009300524588,false,תה פומפדור חליטת צמחים פירות יער 20 יח',פומפדור Pompadour,DE,"תה ""פומפדור"" חליטת צ",גרמים,60.00,100 גרם,false,1,15.90,26.5000,true,1,454363
4009300524625,false,תה פומפדור צאי מסאלה 20 שקיקים,פומפדור Pompadour,DE,תה פומפדור מסאלה 30גר,גרמים,40.00,100 גרם,false,1,15.90,39.7500,true,1,477787
4009300525684,false,חליטת צמחים ג'ינג'ר לימונית,פומפדור Pompadour,DE,"תה ""פומפדור"" חליטת פירות לימון גינגיר",גרמים,35.00,100 גרם,false,1,15.90,45.4286,true,1,468688
4009300527909,false,חליטת צמחים ג'ינג'ר כורכום ללא קפאין,פומפדור Pompadour,,תה פומפדו גינגר כורכום 40 גר,גרמים,40.00,100 גרם,false,1,15.90,39.7500,true,1,495612
4009300528821,false,תה ירוק ג'ינג'ר קינמון פומפדור 30 ג',פומפדור Pompadour,DE,תה פומפדור ירוק גינגר קינמון,גרמים,30.00,100 גרם,false,100,16.80,56.0000,true,1,505678
4009300529514,false,חליטת פירות אוכמניות 45 ג' פומפדור,,GR,חליטת פירות אוכמניות פומפדור 50 גר,גרמים,50.00,100 גרם,false,1,19.90,39.8000,true,1,525023
4009300529538,false,חליטת פירות לימון 45 ג' פומפדור,,GR,חליטת פירות לימון פומפדור 45 גר,גרמים,45.00,100 גרם,false,1,19.90,44.2222,true,1,525021
4009300529552,false,חליטת פירות אפרסק פו,,GR,חליטת פירות אפרסק פומפדור 50 גר,גרמים,50.00,100 גרם,false,1,19.90,39.8000,true,1,525022
4009300529576,false,פומפדור תה קמומיל 10שקיקים,,,חליטת פירות רימונים פומפדור 50 גר,גרמים,50.00,100 גרם,false,1,15.90,31.8000,true,1,519822
4009300530183,false,תה פומפדור חליטה תפו,TEEKANNE- POMPADOU,DE,חליטת תפוז ספרדי פומפדור 20 שק,גרמים,44.00,100 גרם,false,10,15.90,36.1364,true,1,527593
4009300595120,false,חליטת צמחים בטעם ג'ינג'ר מנגו פומפדור 45 ג',TEEKANNE- POMPADOU,DE,חליטת צמחים פומפדור גינגר מנגו,גרמים,30.00,100 גרם,false,100,15.90,53.0000,true,1,512835
4009900379564,false,מסטיק הובה בובה Hubba Bubba טייפ בטעם פירות,מרס ריגלי קונפקשונרי,,הובה בובה טייפ בטעם,גרמים,56.00,100 גרם,false,1,6.60,11.7857,true,1,454382
4009900385824,false,מסטיק אורביט פפרמינט סטיקס משפחתי-חמישיות,אורביט Orbit,,אורביט סטיקס פפרמינט חמישייה,Unknown,0.00,Unknown,false,1,9.90,0.0000,true,1,472390
4009900402965,false,מסטיק אורביט וויט בטעם פירות ללא סוכר,ריגלי פולין,PL,"מסטיק ""אורביט"" בקבוקון בטעם פירות",Unknown,0.00,Unknown,false,1,9.90,0.0000,true,1,469256
4009900403023,false,מסטיק אורביט בקבוקון דאבל white קלאסי 64ג',"ב.א מזון בע""מ",PL,"מסטיק ""אורביט"" בקבוקון בטעם מנטה",גרמים,64.00,100 גרם,false,1,9.90,15.4688,true,1,469255
4009900406918,false,מסטיק הובה בובה טייפ טריפל מיקס 56ג',מרס ריגלי קונפקשונרי,,"מסטיק ""הובה בובה טרי",גרמים,56.00,100 גרם,false,1,6.60,11.7857,true,1,454390
4009900420129,false,מסטיק אורביט פרופשנל פפרמינט בקבוקון 64 גר',מרס נדרלנד,PL,מסטיק אורביט פרופשיונל פפרמינט בקבוקון,Unknown,0.00,Unknown,false,12,9.90,0.0000,true,1,503745
4009900455299,false,סוכריות סקיטלס פירות 174 גרם,ריגלי ממתקים,CZ,סוכריות סקיטלס בטעם פירות 174גר,גרמים,174.00,100 גרם,false,1,8.90,5.1149,true,1,476411
4009900465304,false,סוכריות סקיטלס פירות חמוצים 174 גרם,ריגלי ממתקים,CZ,סוכריות סקיטלס בטעם פירות חמוצים 174גר,גרמים,174.00,100 גרם,false,1,8.90,5.1149,true,1,476412
4009900482417,false,מסטיק אורביט פירות מנטה בקבוקון באבל מינט 45יח,ריגלי פולין,PL,מסטיק אורביט באבל מינט בקבוקון,לא מנהל יחידת מידה,0.00,לא מנהל יחידת מידה,false,1,9.90,0.0000,true,1,471158
4009900487283,false,אורביט ילדים קלאסי סט' משפחתי-חמישיות,אורביט Orbit,,אורביט סטיקס פירות חמישייה,Unknown,0.00,Unknown,false,1,9.90,0.0000,true,1,472393
4009900500166,false,סוכריות פירות אדום סקיטלס בקבוקון 125ג',ריגלי ממתקים,,סוכריות סקיטלס פירות בקבוקון,Unknown,0.00,Unknown,false,1,8.90,0.0000,true,1,489897
4009900514996,false,מסטיק אורביט בקבוקון תות 64ג',חברת ריגלי בעמ,PL,מסטיק אורביט תות בקבוקון,גרמים,64.00,100 גרם,false,12,9.90,15.4688,true,1,487512
4009900531122,false,"מסטיק בטעם מנטה ספירמינט, 64 ג' פרופשיונל אורפיט",מרס נדרלנד,PL,מסטיק אורביט פרופשיונל ספירמינט בקבוקו,Unknown,0.00,Unknown,false,12,9.90,0.0000,true,1,503746
4009900532327,false,סוכריות סקיטלס סמודיס בטעמי יוגורט ופירות,סקיטלס Skittles,CZ,סוכריות סקיטלס סמודים 38 גר,גרמים,38.00,100 גרם,false,1,2.90,7.6316,true,1,505104
4009900534918,false,סקיטלס ג'יינט פירות 141 גרם,ריגלי,,סוכריות סקיטלס גיינט פירות בקבוקון,גרמים,141.00,100 גרם,false,1,8.90,6.3121,true,1,518493
4009900535519,false,מסטיק אורביט רפרשרס ספירמינט ללא סוכר 15.6גר',Unknown,,אורביט רפרשרס ספירמינט 15.6 גר,גרמים,16.00,100 גרם,false,1,3.90,24.3750,true,1,516438
4009900535540,false,מסטיק אורביט רפרשרס פפרמינט ללא סוכר 15.6גר',Unknown,,אורביט רפרשרס פפרמינט 15.6 גר,גרמים,16.00,100 גרם,false,1,3.90,24.3750,true,1,516439
4009900535823,false,מסטיק אורביט רפרשרס באבלמינט ללא סוכר 15.6גר',Unknown,,אורביט רפרשרס באבלמינט 15.6 גר,גרמים,16.00,100 גרם,false,1,3.90,24.3750,true,1,516440
4009900536288,false,מסטיק אורביט רפרשרס פפרמינט בקבוקון ללא סוכר 67 גר',מרס ריגלי קונפקשונרי,PL,אורביט רפרשרס פפרמינט בק 67 גר,גרמים,67.00,100 גרם,false,1,11.90,17.7612,true,1,516436
4009900536486,false,מסטיק אורביט רפרשרס באבלמינט בקבוקון ללא סוכר 67 גר',מרס ריגלי קונפקשונרי,PL,אורביט רפרשרס באבלמינט בק 67 גר,גרמים,67.00,100 גרם,false,1,11.90,17.7612,true,1,516437
4009900539340,false,סקיטלס ג'יינט סאוור 141 גרם,מרס ריגלי קונפקשונרי,PL,סוכריות סקיטלס גיינט סאוור 141 גר,גרמים,141.00,100 גרם,false,14,8.90,6.3121,true,1,521347
4009900539401,false,מסטיק פייב באונס בטעם מנטה HP,Unknown,PL,פייב באונס בטעם מנטה 14.4 גר,גרמים,14.00,100 גרם,false,16,3.90,27.8571,true,1,523374
4009900539432,false,מסטיק פייב באונס בטעם אבטיח HP,Unknown,PL,פייב באונס בטעם אבטיח 14.4 גר,גרמים,14.00,100 גרם,false,16,3.90,27.8571,true,1,523375
4009900539685,false,"מסטיק פייב באונס בטעם מנטה בקבוקון, 61.8 גרם",ריגלי בעמ רוסיה,PL,פייב באונס בטעם מנטה בק 61.8 גר,גרמים,62.00,100 גרם,false,6,11.90,19.1935,true,1,523372
4009900539746,false,"מסטיק פייב באונס בטעם אבטיח בקבוקון, 61.8 גרם",ריגלי בעמ רוסיה,PL,פייב באונס בטעם אבטיח בק 61.8 גר,גרמים,62.00,100 גרם,false,6,11.90,19.1935,true,1,523373
4009900540551,false,מסטיק אורביט רפרשרס טרופיקל בקבוקון ללא סוכר,מרס פולין,PL,אורביט ריפרשרס טרופיקל בק 67 גר,גרמים,67.00,100 גרם,false,6,11.90,17.7612,true,1,522740
4011800528416,false,חטיף דגנים עם בוטנים מתוק מלוח,קורני Corny,,קורני בייס סויט & סולט 150 גר,גרמים,150.00,100 גרם,false,1,10.90,7.2667,true,1,514185
4011800567613,false,חטיף קורני מילק Corny milk שחור לבן,מיוצר עי קונדיטוריית,DE,קורני סנדוויץ שחור ולבן עם קרם חלב,גרמים,120.00,100 גרם,false,1,10.90,9.0833,true,1,492901
4011800568610,false,חטיף קורני מילק Corny milk קלאסי,שוורטאוור וורקה,DE,קורני סנדוויץ קלאסי עם קרם חלב,גרמים,120.00,100 גרם,false,1,10.90,9.0833,true,1,492900
4011800577810,false,קורני חטיף דגנים פרי,Schwartauer,,חטיף קורני פרי נוגט 120 גר,גרמים,120.00,100 גרם,false,10,10.90,9.0833,true,1,523750
4011800628512,false,חטיף דגנים עם שוקולד חלב,מיוצר עי קונדיטוריית,DE,"חטיף ""קורני"" עם שוקולד חלב 150 גר",גרמים,150.00,100 גרם,false,1,10.90,7.2667,true,1,476968
4011800629519,false,חטיף דגנים עם אגוזי לוז,קורני Corny,DE,"חטיף ""קורני"" עם אגוזים 6 יח",גרמים,150.00,100 גרם,false,1,10.90,7.2667,true,1,476966
4011800630515,false,חטיף דגנים עם שוקולד חלב ובננה,מיוצר עי קונדיטוריית,DE,"חטיף ""קורני"" עם שוקולד חלב ובננה 150 גר",גרמים,150.00,100 גרם,false,1,10.90,7.2667,true,1,476967
4011800632519,false,חטיף דגנים עם שוקולד חלב וקוקוס,מיוצר עי קונדיטוריית,DE,"חטיף ""קורני"" עם שוקולד חלב וקוקוס 150 גר",גרמים,150.00,100 גרם,false,1,10.90,7.2667,true,1,476969
4011800633516,false,חטיף דגנים עם שוקולד מריר מעולה,שוורטאוור וורקה,DE,"חטיף ""קורני"" עם שוקולד מריר מעולה 150 גר",גרמים,138.00,100 גרם,false,1,10.90,7.8986,true,1,482743
4011800635510,false,חטיף קורני Corny Free עם אגוזי לוז ללא תוספת סוכר,קורני Corny,DE,חטיף קורני פרי עם אגוזים ושקדים 150 גר,גרמים,120.00,100 גרם,false,1,10.90,9.0833,true,1,482747
4011800636517,false,חטיף קורני Corny Free עם שוקולד חלב,מיוצר עי קונדיטוריית,DE,"חטיף ""קורני"" עם שוקולד חלב 150 גר",גרמים,120.00,100 גרם,false,1,10.90,9.0833,true,1,482745
4011800637514,false,חטיף קורני Corny Free עם שוקולד לבן ללא תוספת סוכר,קורני Corny,DE,חטיף קורני פרי עם שוקולד לבן 150 גר,גרמים,120.00,100 גרם,false,1,10.90,9.0833,true,1,482746
4013197767010,false,סוכריות פח 200 גר' פירות מעורב,יושלם,,סוכריות בטעם פירות פ,גרמים,200.00,100 גרם,false,1,9.90,4.9500,true,1,454436
4013197767027,false,סוכריות פח 200 גר' דובדבן,יושלם,,סוכריות בטעם דובדבן,גרמים,200.00,100 גרם,false,1,9.90,4.9500,true,1,454437
4013197767119,false,סוכריות פח 200 גר' מנטה,יושלם,,סוכריות בטעם מנטה קל,גרמים,200.00,100 גרם,false,1,9.90,4.9500,true,1,454440
4013227013391,false,משקה כהלי קרם אוטום כשר,קרם אוטום Autumn cream,,אוטום קרים 0.7 ל,מיליליטרים,700.00,"100 מ""ל",false,1,44.90,6.4143,true,1,470820
4013227013414,false,פינה קולדה Surfers pina colada,קוימנס,,פינה קולדה 0.7 ל,מיליליטרים,700.00,"100 מ""ל",false,1,44.90,6.4143,true,1,470819
4014400900217,false,בונבונירה מרסי 400 גרם חלבי - נוכרי,קריניציה ויטמינה אס,DE,"בונבוניירות ""מרסי"" 4",גרמים,400.00,100 גרם,false,1,49.90,12.4750,true,1,459211
4014400903409,false,בונבוניירה טופיפי שוקולד 250 ג',קריניציה ויטמינה אס,DE,"בונבוניירות ""טופיפי""",גרמים,250.00,100 גרם,false,1,23.90,9.5600,true,1,459215
4014400904277,false,סוכריות אייס פרש 425 ג',תות ממתקי איכות,DE,"אייספרש 425 ג""ר",גרמים,425.00,100 גרם,false,1,19.90,4.6824,true,1,459216
4014400904376,false,סוכריות טופי שוקולדן שטורק 325 ג',קריניציה ויטמינה אס,DE,"שוקולדן 325 ג""ר",גרמים,325.00,100 גרם,false,1,19.90,6.1231,true,1,459219
4014400910063,false,סוכריות וורטר טופי חמאה 135ג',אוגוסט שטורק,DE,סוכריות וורטר שקית 1,גרמים,135.00,100 גרם,false,1,8.90,6.5926,true,1,459226
4014400914245,false,טבלת שוקולד חלב מרסי 100 ג',MERCI,,טבלת שוקולד מרסי חלב 100 גר,גרמים,100.00,100 גרם,false,1,11.90,11.9000,true,1,484895
4014400914252,false,טבלת שוקולד חלב ממולא אגוזים מרסי 100 ג',MERCI,,טבלת שוקולד מרסי אגוזים 100 גר,גרמים,100.00,100 גרם,false,1,11.90,11.9000,true,1,484899
4014400914269,false,טבלת שוקולד קפה מרסי 100 ג',,,טבלת מרסי קפה 100 גר,גרמים,100.00,100 גרם,false,1,11.90,11.9000,true,1,518675
4014400914276,false,טבלת שוקולד 72% מריר מרסי 100 ג',MERCI,,טבלת שוקולד מרסי מריר 72% 100 גר,גרמים,100.00,100 גרם,false,1,11.90,11.9000,true,1,484896
4014400923711,false,טופיפי 125 גר' - חלב נוכרי,אוגוסט שטורק,DE,"טופיפי 125 גר כשל""פ",גרמים,125.00,100 גרם,false,1,13.90,11.1200,true,1,489420
4014400925265,false,טבלת שוקולד תפוז ושקד מרסי 100 ג',,,שוקולד מרסי תפוז/שקד 100 גר,גרמים,100.00,100 גרם,false,1,11.90,11.9000,true,1,520358
4014400929010,false,חטיף וופל מיני קנופרס 200 גרם,קנופרס,,חטיף וופל מיני קנופרס 200 גר,גרמים,200.00,100 גרם,false,1,19.90,9.9500,true,1,523549
4014600204863,false,רגולדס מיקס סוכריות צנצנת 950ג',Ragoids,,"מיקס סוכריות ""רגולדס"" פירות בצנצנת950 גר",גרמים,950.00,100 גרם,false,1,36.90,3.8842,true,1,486150
4015042030782,false,בירה דרגונר פילסנר פ,,DE,"בירה ""דארגונר"" 500 מ",מיליליטרים,500.00,"100 מ""ל",false,1,6.90,1.3800,true,1,459266
4015400564034,false,מגני תחתון אולוויז לונג פלוס עם ניחוח,פרוקטר אנד גמבל,DE,מגן תחתון אולוויז,Unknown,0.00,Unknown,false,1,18.90,0.0000,true,1,469533
4015400564454,false,מגני תחתון אולוויז לארג' עם ניחוח מגה פק,פרוקטר אנד גמבל,DE,מגן תחתון אולוויז,Unknown,0.00,Unknown,false,4,18.90,0.0000,true,1,469531
4015400681670,false,תחבושות היגייניות אולטרה לילה בטוח,פרוקטר אנד גמבל,UA,תחבושות אולוויז דואו לילה בטוח 18 יח,Unknown,0.00,Unknown,false,1,19.90,0.0000,true,1,484818
4015400731719,false,תחבושות היגייניות אולוויז יום ולילה Day & Night,פרוקטר אנד גמבל,UA,תחבושות אולוייז דואו לילה 20 יח,Unknown,0.00,Unknown,false,1,19.90,0.0000,true,1,485048
4015400746812,false,מגני תחתון אולוויז נורמל עם ניחוח מגה פק,פרוקטר אנד גמבל,UA,מגן תחתון אולוויז נורמל מגה פק 80 יח,Unknown,0.00,Unknown,false,1,18.90,0.0000,true,1,486290
4015400755241,false,תחבושות היגייניות אולוויז אולטרה נורמל - 28 יח',פרוקטר אנד גמבל,UA,תחבושות אולוייז דואו נורמל פלוס 28 יח,Unknown,0.00,Unknown,false,1,19.90,0.0000,true,1,485049
4015400755487,false,תחבושות היגייניות אולוויז אולטרה לונג - 24 יח',פרוקטר אנד גמבל,UA,תחבושות אולוייז דואו לונג פלוס 24 יח,Unknown,0.00,Unknown,false,6,19.90,0.0000,true,1,485050
4015576156835,false,בירה לא מסוננת ברלינ,,,בירה בהירה לא מסוננת ברלינר גשיחטה 500 מ,מיליליטרים,500.00,"100 מ""ל",false,1,7.90,1.5800,true,1,525483
4015576235493,false,בירה בהירה ברלינר גש,,,בירה בהירה ברלינר גשיחטה הל פחית 500 מל,מיליליטרים,500.00,"100 מ""ל",false,1,7.90,1.5800,true,1,525484
4015600762742,false,שמפו יומיומי למניעת קשקשים הנוסחה הקלאסית,פרוקטר אנד גמבל,RO,"שמפו ""הד & שולדרס"" קלאסי 500 מל",מיליליטרים,500.00,"100 מ""ל",false,1,19.90,3.9800,true,1,471311
4015600762780,false,שמפו וקונדישינר יומיומי למניעת קשקשים הנוסחה הקלאסית 2in1,פרוקטר אנד גמבל,RO,"שמפו ""הד & שולדרס"" 2 ב-1 500 מל",מיליליטרים,500.00,"100 מ""ל",false,1,19.90,3.9800,true,1,471312
4015600762902,false,"שמפו מנטול הד אנד שולדרס 500 מ""ל",פרוקטר אנד גמבל,RO,"שמפו ""הד & שולדרס"" מנטול 500 מל",מיליליטרים,500.00,"100 מ""ל",false,1,19.90,3.9800,true,1,471313
4015600762940,false,שמפו יומיומי למניעת קשקשים בניחוח תפוח,פרוקטר אנד גמבל,RO,"שמפו ""הד & שולדרס"" תפוח 500 מל",מיליליטרים,500.00,"100 מ""ל",false,1,19.90,3.9800,true,1,471317
4015600763022,false,שמפו יומיומי למניעת קשקשים לשיער יבש/פגום לשיער רך כמשי,פרוקטר אנד גמבל,RO,"שמפו ""הד & שולדרס"" מגע משי 500 מל",מיליליטרים,500.00,"100 מ""ל",false,1,19.90,3.9800,true,1,471316
4015600766900,false,"שמפו ומרכ ך נגד קשקשים 500 מ""ל הד אנד שולדרס",פרוקטל אנד גמבל,RO,"שמפו ""הד & שולדרס"" מנטול 500 מל",מיליליטרים,500.00,"100 מ""ל",false,1,19.90,3.9800,true,1,474618
4017871800291,false,יין מבעבע צויה על בס,,JP,"יין מבעבע צויה על בסיס פרי האומה 750 מ""ל",מיליליטרים,750.00,"100 מ""ל",false,6,44.90,5.9867,true,1,508460
4018344511188,false,לרסן סלמון פראי ברוט,,,סלט סלמון פראי עם רוטב שום 200 גר,גרמים,200.00,100 גרם,false,1,12.90,6.4500,true,1,524845
4018344564610,false,פילה הרינג ברוטב עגבניות 200 ג' לארסן,,,פילה הרינג ברוטב עגבניות לארסן 200 גר,גרמים,200.00,100 גרם,false,1,9.90,4.9500,true,1,524852
4018344564641,false,פילה הרינג ברוטב חרד,,,פילה הרינג ברוטב חרדל ושמיר לארסן 200 גר,גרמים,200.00,100 גרם,false,1,9.90,4.9500,true,1,524855
4018344564665,false,פילה הרינג ברוטב בלק,,,פילה הרינג ברוטב בלקני לארסן 200 גר,גרמים,200.00,100 גרם,false,1,9.90,4.9500,true,1,524856
4018344564672,false,פילה הרינג ברוטב מקסיקני 200 ג' לארסן,,,פילה הרינג ברוטב מקסיקני לארסן 200 גר,גרמים,200.00,100 גרם,false,1,9.90,4.9500,true,1,524857
4018344564689,false,פילה הרינג ברוטב איטלקי 200 ג' לארסן,,,פילה הרינג ברוטב איטלקי לארסן 200 גר,גרמים,200.00,100 גרם,false,1,9.90,4.9500,true,1,524858
4019400440657,false,דפדפי שוקולד הלורן ב,,,דפדפי שוקולד הלורן בטעם מנטה 200 גר,גרמים,200.00,100 גרם,false,1,15.90,7.9500,true,1,459356
4022025000137,false,יין בלו נאן גוורטצטר,,,"יין ""בלו נאן"" גוורטצ",מיליליטרים,750.00,"100 מ""ל",false,1,44.90,5.9867,true,1,459360
4022025000236,false,יין בלו נאן אותנטיק,,,יין בלו נאן אותנטיק 1 ל,ליטרים,1.00,ליטר,false,1,44.90,44.9000,true,1,487452
4022025371039,false,יין מבעבע בלו נאן חצ,,,"יין מבעבע בלו נאן חצי יבש 750 מ""ל",מיליליטרים,750.00,"100 מ""ל",false,1,49.90,6.6533,true,1,496911
4022025372036,false,יין מבעבע בלו נאן מה,,,יין מבעבע בלו נאן מהדרות הזהב 750מל,מיליליטרים,750.00,"100 מ""ל",false,1,49.90,6.6533,true,1,476717
4022025379035,false,יין מבעבע בלו נאן רו,,,יין מבעבע בלו נאן רוזה 750 מל,מיליליטרים,750.00,"100 מ""ל",false,12,49.90,6.6533,true,1,513717
4022025390030,false,יין בלו נאן ריזלינג,,,"יין בלו נאן ריזלינג 750 מ""ל",מיליליטרים,750.00,"100 מ""ל",false,1,44.90,5.9867,true,1,480863
4022411030847,false,בירה סטאמגסט לאגר 5%,,,בירה סטאמגסט לאגר 5% פח 500 מל,מיליליטרים,500.00,"100 מ""ל",false,24,7.90,1.5800,true,1,516528
4023800012109,false,מרציפן מצופה 100 גר,,,מרציפן מצופה 100 גרם,גרמים,100.00,100 גרם,false,1,6.90,6.9000,true,1,459366
4023800122105,false,מרציפן לא מצופה 82 ג',,,מרציפן לא מצופה 82 גר,גרמים,82.00,100 גרם,false,1,6.90,8.4146,true,1,493221
4023800231647,false,בונבוניירת מוצרט 200,,,בונבוניירת מוצרט 200 גר,גרמים,200.00,100 גרם,false,,24.90,12.4500,true,1,524907
4025700001962,false,שוקולד מילקה לבן 100 גר',פי אר ג'יי אס סי מונ,UA,שוקולד לבן מילקה 100 גר,גרמים,100.00,100 גרם,false,22,5.90,5.9000,true,1,487423
4029261000341,false,בירה קרמליטן דופלבוק,,,"בירה קרמליטן דופלבוק חזקה 500 מ""ל",מיליליטרים,500.00,"100 מ""ל",false,1,10.90,2.1800,true,1,498750
4030011350197,false,סלט דונייסקי 720 גר,,,"סלט ""דונייסקי"" 720 ג",גרמים,720.00,100 גרם,false,1,14.90,2.0694,true,1,459384
4030011350289,false,סלט ירקות עם אורז 72,,,סלט ירקות עם אורז 720גר,גרמים,720.00,100 גרם,false,1,19.90,2.7639,true,1,459385
4030011410303,false,לצו איסיס 720 גר,,,"לצ""ו ""איסיס"" 720 ג""ר",גרמים,720.00,100 גרם,false,1,18.90,2.6250,true,1,459386
4030011420401,false,ממרח חצילים איסיס 72,,,"ממרח חצילים ""איסיס""",גרמים,720.00,100 גרם,false,1,14.90,2.0694,true,1,459390
4030011420425,false,ממרח חצילים חריף 720,,,ממרח חצילים חריף 720,גרמים,720.00,100 גרם,false,1,14.90,2.0694,true,1,459391
4030011500028,false,עגבניות עיסיס 1 ל,,,עגבניות עיסיס 1 ל,ליטרים,1.00,ליטר,false,1,14.90,14.9000,true,1,459395
4030011500042,false,עגבניות עיסיס חריף 1,,,עגבניות עיסיס חריף 1 ל,ליטרים,1.00,ליטר,false,1,14.90,14.9000,true,1,459396
4030011510034,false,מלפפון איסיס 1 ל,,,"מלפפון ""איסיס"" 1 ליט",ליטרים,1.00,ליטר,false,1,14.90,14.9000,true,1,459399
4030011510041,false,מלפפונים חריפים בחומ,,,מלפפון איסיס חריף 1 קג,קילוגרמים,1.00,"ק""ג",false,1,14.90,14.9000,true,1,459400
4032900124254,false,וינסטון קומפקט ברי,Unknown,,וינסטון קומפורט ברי,Unknown,0.00,Unknown,false,1,29.00,0.0000,false,1,519143
4033100014468,false,סיגריות אל די אדום ח,Unknown,,אל די אדום,Unknown,0.00,Unknown,false,1,28.00,0.0000,false,1,459422
4033100014499,false,סיגריות אל די כחול ח,Unknown,,אל די כחול,Unknown,0.00,Unknown,false,1,28.00,0.0000,false,1,459423
4033100024146,false,סיגריות וינסטון קוד,Unknown,,וינסטון קוד,Unknown,0.00,Unknown,false,1,31.00,0.0000,false,1,468637
4033100024252,false,סיגריות וינסטון אקווה,Unknown,,וינסטון אקווה,Unknown,0.00,Unknown,false,1,31.00,0.0000,false,1,468638
4037719068317,false,סוכריות קוונדיש פירות יער 200ג' (9),קוונדיש והרווי C&H,,סוכריות פירות יער פחיות 200 גר,גרמים,200.00,100 גרם,false,1,9.90,4.9500,true,1,487597
4037719680212,false,סוכריות קוונדיש תות שדה 200ג' (9),קוון דיש,,סוכריות בטעם תות שדה פחיות 200 גר,גרמים,200.00,100 גרם,false,1,9.90,4.9500,true,1,487598
4052197000017,false,בירה בנדיקטינר בקבוק,בנדיקטינר וויצבראו,DE,"בירה לבנה ""בנדיקטינר",מיליליטרים,500.00,"100 מ""ל",false,1,10.90,2.1800,true,1,459443
4052197000352,false,בירה בנדיקטינר חיטה,בנדקטינר,,"בירה בנדיקטינר 330 מ""ל",מיליליטרים,330.00,"100 מ""ל",false,1,8.90,2.6970,true,1,489985
4052197000369,false,בירה בנדקטינר מארז שישיה,בנדיקטינר,DE,"בירה בנדיקטינר 330 מ""ל שישייה",מיליליטרים,1980.00,"100 מ""ל",false,1,45.90,2.3182,true,1,489986
4052197000390,false,בירה בנדקטינר מיני ח,,,"בירה ""בנדיקטינר"" 5ל",ליטרים,5.00,ליטר,false,1,99.90,19.9800,true,1,470954
4052197000925,false,בירה בנדיקטינר דונקל,בנדיקטינר וויצבראו,DE,בירה בנדיקטינר דונקל בק 500מל,מיליליטרים,500.00,"100 מ""ל",false,1,10.90,2.1800,true,1,474010
4052197001366,false,בירה בנדיקטינר ללא א,,,"בירה בנדיקטינר ללא אלכוהול 500 מ""ל",מיליליטרים,500.00,"100 מ""ל",false,1,9.90,1.9800,true,1,487824
4052197002844,false,בירה בנדיקטינר לאגר,,,בירה בנדיקטינר לאגר פחית רביעייה,מיליליטרים,2000.00,"100 מ""ל",false,6,34.90,1.7450,true,1,514272
4052197003254,false,בירה בנדיקטינר לאגר,בנדיקטינר וויצבראו,DE,"בירה בנדיקטינר לאגר אוריגינל בק 500 מ""ל",מיליליטרים,500.00,"100 מ""ל",false,1,10.90,2.1800,true,1,484461
4054500101008,false,בירה אייל חיטה 5.3%,,,בירה אייל חיטה 5.3% אפוסטל ברו פח 500 מל,מיליליטרים,500.00,"100 מ""ל",false,24,7.90,1.5800,true,1,513678
4054500101404,false,בירה אייל חיטה 5.3%,,,בירה אייל חיטה 5.3% אפוסטל ברו 2 ל חבית,ליטרים,5.00,ליטר,false,2,89.90,17.9800,true,1,513680
4054500114015,false,בירה אפוסטל בראון לא,,,"בירה אפוסטל בראון לאגר פח"" 500 מל",מיליליטרים,500.00,"100 מ""ל",false,1,7.90,1.5800,true,1,471376
4054500121365,false,בירה קראפט אימפריאל,,,בירה קראפט אימפריאל סטאוט 500 מל,מיליליטרים,500.00,"100 מ""ל",false,24,10.90,2.1800,true,1,524173
4054500121372,false,בירה קראפט רד 500 מל,,,בירה קראפט רד 500 מל,מיליליטרים,500.00,"100 מ""ל",false,24,10.90,2.1800,true,1,513682
4054500121389,false,בירה קראפט 500 מל,,,בירה קראפט 500 מל,מיליליטרים,500.00,"100 מ""ל",false,24,10.90,2.1800,true,1,513681
4054500140410,false,בירה קראפט 500 מל,,,בירה קראפט 500 מל,מיליליטרים,500.00,"100 מ""ל",false,24,10.90,2.1800,true,1,517886
4054500140434,false,בירה קראפט 500 מל,,,בירה קראפט 500 מל,מיליליטרים,500.00,"100 מ""ל",false,24,10.90,2.1800,true,1,517885
4054500527853,false,בירה דורלאכר חוף 500,מבשלת איכבאום,,"בירה דורלאכר חוף 500 מ""ל",מיליליטרים,500.00,"100 מ""ל",false,1,7.90,1.5800,true,1,498276
4056489379508,false,ביסקוויט סנדוויץ קרם,,,ביסקוויט סנדוויץ קרם חלב קונטיננטל 250,גרמים,250.00,100 גרם,false,15,7.90,3.1600,true,1,522962
4056489379515,false,ביסקוויט סנדוויץ קרם,,,ביסקוויט סנדוויץ קרם שוקולד קונטיננטל,גרמים,250.00,100 גרם,false,15,7.90,3.1600,true,1,522961
4056489460039,false,ביסקוויט סנדוויץ שוק,,,ביסקוויט סנדוויץ קרם שוקולד קפטן רונדו,גרמים,500.00,100 גרם,false,20,9.90,1.9800,true,1,522963
4061445096689,false,קפה דוידוף אספרסו 57,דוידוף,,קפה דוידוף אספרסו 57 100 גרם,גרמים,100.00,100 גרם,false,1,22.90,22.9000,true,1,512208
4061445096702,false,קפה דוידוף פיין ארומ,דוידוף,,קפה דוידוף פיין ארומה 100 גרם,גרמים,100.00,100 גרם,false,1,22.90,22.9000,true,1,512207
4061445096726,false,קפה דוידוף ריץ ארומה,דוידוף,,קפה דוידוף ריץ ארומה 100 גרם,גרמים,100.00,100 גרם,false,1,22.90,22.9000,true,1,512206
4062400115483,false,טקילה סיירה סילבר 70,אגדת,IL,"טקילה ""סיארה"" סילבר",מיליליטרים,700.00,"100 מ""ל",false,1,94.90,13.5571,true,1,459446
4062400521000,false,רום לבן אולד פסקס 1,,,"רום לבן ""אולד פסקס"" 1 ל",ליטרים,1.00,ליטר,false,1,89.90,89.9000,true,1,459447
4062400543125,false,טקילה סיירה זהב רפסדו,סיארה Sierra,MX,"טקילה ""סיארה"" רפוסאד",מיליליטרים,700.00,"100 מ""ל",false,1,94.90,13.5571,true,1,459448
4063387464144,false,בובת ארנב נו פוגודי,,,בובת נמר עם שק מתנות 20 סמ,Unknown,0.00,Unknown,false,1,59.90,0.0000,true,1,521065
4063387464151,false,בובת ארנב פפיון משוב,,,בובת ציבורשקה 27 סמ,Unknown,0.00,Unknown,false,1,24.90,0.0000,true,1,521052
4063387464168,false,בובת ארנב עם גזר רגל,,,בובת נמר יושב 20 סמ במגוון צבעים,Unknown,0.00,Unknown,false,1,19.90,0.0000,true,1,521061
4063387464175,false,בובת ארנבון שוכב פפי,,,בובת נמר עיניים גדולות במגוון צבעים,Unknown,0.00,Unknown,false,1,24.90,0.0000,true,1,521064
4066600601920,false,"בירה פאולנר פחית 500 מ""ל",פאולנר Paulaner,,"בירה פאולנר לא מסונן פח 500 מ""ל",מיליליטרים,500.00,"100 מ""ל",false,1,10.90,2.1800,true,1,510631
4066600612049,false,בירה פאולנר אוקטוברפ,מבשלת פאולנר,DE,"בירה פאולנר בק 500 מ""ל",מיליליטרים,500.00,"100 מ""ל",false,1,11.90,2.3800,true,1,493640
4066600999614,false,"בירה פאולנר 500 מ""ל בקבוק",מבשלת פאולנר,DE,"בירה פאולנר בק 500 מ""ל",מיליליטרים,500.00,"100 מ""ל",false,1,11.90,2.3800,true,1,490115
4067600001123,false,פילה הרינג מעושן בשמ,,,פילה הרינג מעושן בשמן לארסן 190 גר,גרמים,190.00,100 גרם,false,1,12.90,6.7895,true,1,524849
4067700014849,false,ליקר ייגרייסטר 700 מ,מסט-יגרמייסטר,DE,"ליקר ייגרמייסטר 700 מ""ל כשר",מיליליטרים,700.00,"100 מ""ל",false,1,89.90,12.8429,true,1,487030
4072700001089,false,בירה ספאטן אוקטוברפס,Franziskaner,,בירה ספאטן אוקטוברספט 500 מל,מיליליטרים,500.00,"100 מ""ל",false,1,10.90,2.1800,true,1,513242
4072700001171,false,בירה ספטאן לאגר גרמנ,Spaten,,"בירה ספטאן מינכן בק""",מיליליטרים,500.00,"100 מ""ל",false,1,10.90,2.1800,true,1,459455
4072700001188,false,בקבוק בירה פרנסיסקאנר כהה,פרנסיסקאנר Franziskaner,DE,"בירה פרנסיסקנר דנקל 500 מ""ל",מיליליטרים,500.00,"100 מ""ל",false,1,11.90,2.3800,true,1,459456
4072700001775,false,בירה פרנסיסקאנר בהירה מעוננת בפחית,פרנסיסקאנר Franziskaner,DE,"בירה פרנסיסקנר 500 מ""ל",מיליליטרים,500.00,"100 מ""ל",false,1,10.90,2.1800,true,1,459459
4072700003649,false,בירה פרנסיסקנר בהירה,"איי, בי, אינבוו",DE,בירה פרנסיסקנר 500 מל,מיליליטרים,500.00,"100 מ""ל",false,1,11.90,2.3800,true,1,459460
4079400182742,false,בירה וולטרס פילסנר ב,,,"בירה וולטרס פילסנר בק 330 מ""ל שישייה",מיליליטרים,1980.00,"100 מ""ל",false,1,29.90,1.5101,true,1,496349
4079400330129,false,בירה וולטארס פלזנר פ,,,"בירה וולטארס פלזנר פח 500 מ""ל",מיליליטרים,500.00,"100 מ""ל",false,1,5.90,1.1800,true,1,466742
4084500065536,false,"קרם לחות לחות מוגברת פנטן 300 מ""ל",פרוקטר אנד גמבל,FR,קרם לחות פנטן מוגברת 300מל,מיליליטרים,300.00,"100 מ""ל",false,1,19.90,6.6333,true,1,479399
4084500065598,false,"קרם לחות לתלתלים מושלמים פנטן 300מ""ל",פנטן Pantene,,קרם לחות פנטן לתלתלים מושלמים 300מל,מיליליטרים,300.00,"100 מ""ל",false,1,19.90,6.6333,true,1,488759
4084500149526,false,טייד נוזל כביסה 2.48 ליטר,פרוקטר אנד גמבל,FR,"ג""ל כביסה ""טייד"" 2.48ל",ליטרים,2.48,ליטר,false,1,26.90,10.8468,true,1,474838
4084500739253,false,"משחת שיניים אורל בי 3D white לובן מהודר 75 מ""ל",פרוקטר & גמבל,DE,משחת שיניים אורל בי להלבנה מושלמת,מיליליטרים,75.00,"100 מ""ל",false,1,24.90,33.2000,true,1,518976
4100130924002,false,בירה בקס ללא אלכוהול,,,בירה בקס ללא אלכוהול 275 מל שישייה,מיליליטרים,1650.00,"100 מ""ל",false,4,27.90,1.6909,true,1,516487
4100130937163,false,מארז בירה בקס שישייה,"איי, בי, אינבוו",DE,"בירה בקס 275 מ""ל שישייה",מיליליטרים,1650.00,"100 מ""ל",false,1,29.90,1.8121,true,1,482590
4100470106700,false,חומץ תפוחים נטורפוד,,,"חומץ תפוחים נטורפוד 750 מ""ל",מיליליטרים,750.00,"100 מ""ל",false,6,19.90,2.6533,true,1,503879
4101540707353,false,עוגת סטולן קלאסי 500,,,עוגת סטולן קלאסי 500 גר,גרמים,500.00,100 גרם,false,1,27.90,5.5800,true,1,528486
4101540707933,false,עוגת שטולן עשירה עם,,,עוגת שטולן עשירה עם מרציפן 450 גר,גרמים,450.00,100 גרם,false,10,29.90,6.6444,true,1,508579
4101540710919,false,עוגת סטולן מרציפן 50,,,עוגת סטולן מרציפן 500 גר,גרמים,500.00,100 גרם,false,1,27.90,5.5800,true,1,528485
4101540719103,false,עוגת שטולן עם מרציפן,,,עוגת שטולן עם מרציפן ודובדבנים 700 גר,גרמים,700.00,100 גרם,false,7,42.90,6.1286,true,1,516016
4101540719127,false,עוגת שטולן חמאה ושקד,,,עוגת שטולן חמאה ושקדים ירוק 700 גר,גרמים,700.00,100 גרם,false,7,49.90,7.1286,true,1,516020
4101540719219,false,עוגת שטולן עשירה עם,,,עוגת שטולן עשירה עם מרציפן 700 גר,גרמים,700.00,100 גרם,false,7,39.90,5.7000,true,1,516019
4101540773655,false,עוגת שטולן מרציפן 18,,,עוגת שטולן מרציפן 180 גר,גרמים,180.00,100 גרם,false,1,15.90,8.8333,true,1,528224
4101540773723,false,עוגת שטולן 450 גר,,,עוגת שטולן 450 גר,גרמים,450.00,100 גרם,false,10,29.90,6.6444,true,1,508577
4101540775413,false,עוגת שטולן עשירה עם,,,עוגת שטולן עשירה עם מרציפן 950 גר,גרמים,950.00,100 גרם,false,6,46.90,4.9368,true,1,516021
4101940131611,false,בירה סטפאנס בראו לאג,מבשלת איכבאום,,"בירה סטפאנס בראו לאגר 500 מ""ל",מיליליטרים,500.00,"100 מ""ל",false,1,7.90,1.5800,true,1,498278
4101940131628,false,בירה סטפאנס בראו ווי,מבשלת איכבאום,,"בירה סטפאנס בראו וויסבר 500 מ""ל",מיליליטרים,500.00,"100 מ""ל",false,1,7.90,1.5800,true,1,498279
4101940141634,false,בירה סטאמגסט לא מסונ,,,בירה סטאמגסט לא מסוננת 5% פח 500 מל,מיליליטרים,500.00,"100 מ""ל",false,24,7.90,1.5800,true,1,527255
4102430000806,false,בירה ביטבורגר מיני ח,,,"בירה ""ביטבורגר"" 5ל",ליטרים,5.00,ליטר,false,1,99.90,19.9800,true,1,470955
4102430003418,false,בירה ביטבורגר מארז ר,מבשלת ביטבורגר,,"בירה ביטבורגר פח 500 מ""ל רביעייה",ליטרים,2.00,ליטר,false,1,29.90,14.9500,true,1,481066
4102430013615,false,בירה ביטבורגר 330 מל,,,"בירה ביטבורגר 330 מ""ל שישייה",מיליליטרים,1980.00,"100 מ""ל",false,1,39.90,2.0152,true,1,489984
4105120623941,false,"בירה ויינשטפן בק' ח""פ 500 מ""ל",ווינשטפן Weihenstephaner,DE,"בירה ווינשטפן בק 500 מ""ל",מיליליטרים,500.00,"100 מ""ל",false,1,11.90,2.3800,true,1,493130
4105120624412,false,"בירה וינשטפן ויטוס 500 מ""ל",קרלסברג ישראל,IL,"בירה וינשטפן ויטוס בק 500 מ""ל",מיליליטרים,500.00,"100 מ""ל",false,1,11.90,2.3800,true,1,505609
4250594209648,false,בירה פלדשלוסן פילזנר,,,"בירה פלדשלוסן פילזנר פח 500 מ""ל",מיליליטרים,500.00,"100 מ""ל",false,1,6.90,1.3800,true,1,505808
4260007240502,false,ממרח חצילים 680 גר,אולן,BG,ממרח חצילים 680 גר,גרמים,680.00,100 גרם,false,1,18.90,2.7794,true,1,459521
4260007240519,false,ממרח קישואים 680 גר,אולן,BG,ממרח קישואים 680 גר,גרמים,680.00,100 גרם,false,1,18.90,2.7794,true,1,459522
4260007246917,false,עגבניות שרי בחומץ 1,אולן,BG,עגבניות שרי בחומץ 1 קג,קילוגרמים,1.00,"ק""ג",false,1,19.90,19.9000,true,1,459531
4260007247754,false,עגבניות שרי בחומץ עם,אולן,BG,"עגבניות ""אולן"" שמיר",קילוגרמים,1.00,"ק""ג",false,1,19.90,19.9000,true,1,459534
4260147890551,false,איטריות ביצים רצועות,דין שיווק,PL,אטריות ביצים בינוניות אותנטי 500 גר,גרמים,500.00,100 גרם,false,1,11.90,2.3800,true,1,502656
4260423410893,false,בירה גרמנית הופייגר,,,בירה גרמנית הופייגר פילזנר 5 ל,ליטרים,5.00,ליטר,false,1,99.90,19.9800,true,1,525482
4260651480019,false,אטריות אדממה אורגני,,,אטריות אדממה אורגני 250 גר,גרמים,250.00,100 גרם,false,6,19.90,7.9600,true,1,516501
4260651480033,false,אטריות חומוס אורגני,,,אטריות חומוס אורגני פטוציני 250 גר,גרמים,250.00,100 גרם,false,6,19.90,7.9600,true,1,516499
4260651480057,false,אטריות שעועית שחורה,,,אטריות שעועית שחורה אורגני 250 גר,גרמים,250.00,100 גרם,false,6,19.90,7.9600,true,1,516500
4260651480071,false,אטריות בטטה סגולה פט,,,אטריות בטטה סגולה פטוציני אורגני 250 גר,גרמים,250.00,100 גרם,false,6,19.90,7.9600,true,1,516502
4560198160055,false,צנון יפני טקואן 500,Qingdao Sun-growing,,צנון יפני טקואן 500 גר,גרמים,500.00,100 גרם,false,1,24.90,4.9800,true,1,459557
4600068009043,false,קוואס אוצקובסקויה 2,,,קוואס אוצקובסקויה 2 ל,ליטרים,2.00,ליטר,false,1,24.90,12.4500,true,1,472570
4600068009883,false,קוואס אוצקובסקויה 50,,,"קוואס אוצקובסקויה 500 מ""ל",מיליליטרים,500.00,"100 מ""ל",false,1,8.90,1.7800,true,1,459570
4600080279691,false,מבחר ממתקי שוקולד וק,,,מבחר ממתקי שוקולד וקרמל קונפטה 350 גר,גרמים,350.00,100 גרם,false,10,34.90,9.9714,true,1,501822
4600080298470,false,שוקולד חלב אליונקה א,קרסניי אוקטברי,,שוקולד חלב אליונקה אגוזי לוז 90 גר,גרמים,90.00,100 גרם,false,15,7.90,8.7778,true,1,515233
4600080298579,false,שוקולד חלב אליונקה ע,קרסניי אוקטברי,,שוקולד חלב אליונקה עם שקדים 90 גר,גרמים,90.00,100 גרם,false,15,7.90,8.7778,true,1,515234
4600080501037,false,וופל קורובקה מצופה ש,רוט פרונט,,וופל קורובקה מצופה שוקולד 250 גר,גרמים,250.00,100 גרם,false,1,15.90,6.3600,true,1,481888
4600080501075,false,וופלים ממולאים בטעם,רוט פרונט,,וופלים ממולאים בטעם ריבת חלב 150גר,גרמים,150.00,100 גרם,false,1,9.90,6.6000,true,1,475831
4600080501082,false,וופלים ממולאים עם קק,רוט פרונט,,וופלים ממולאים עם קקאו 150גר,גרמים,150.00,100 גרם,false,1,9.90,6.6000,true,1,475832
4600300000739,false,קקאו זולוטוי ירליק 1,קרסניי אוקטברי,,"קקאו ""זולוטוי ירליק"" 100 גר",גרמים,100.00,100 גרם,false,1,11.90,11.9000,true,1,459602
4600300071067,false,שוקולד מישקה קוסולפי,קרסניי אוקטברי,,"שוקולד ""מישקה קוסולו",גרמים,75.00,100 גרם,false,1,7.90,10.5333,true,1,459604
4600300071180,false,שוקולד מריר 80% קקאו,קרסניי אוקטברי,,שוקולד מריר 80% קקאו,גרמים,75.00,100 גרם,false,1,7.90,10.5333,true,1,459605
4600300077656,false,בונ טרטיאקובסקיה גלר,קרסניי אוקטברי,,בונ טרטיאקובסקיה גלריה 240 גר,גרמים,240.00,100 גרם,false,1,29.90,12.4583,true,1,459609
4600300079865,false,בונ חלב ציפור 200 גר,קרסניי אוקטברי,,בונ חלב ציפור 200 גר,גרמים,200.00,100 גרם,false,1,16.90,8.4500,true,1,459613
4600300080014,false,חטיף שוקולד אליונקה,קרסניי אוקטברי,,חטיף שוקולד אליונקה ריבת חלב 48 גר,גרמים,48.00,100 גרם,false,1,4.90,10.2083,true,1,459614
4600300081691,false,חטיף שוקולד אליונקה,קרסניי אוקטברי,,חטיף שוקולד אליונקה קרם ברולה 42 גר,גרמים,42.00,100 גרם,false,1,4.90,11.6667,true,1,469906
4600300082384,true,מבחר ממתקי שוקולד וק,,,מבחר ממתקי שוקולד וקרמלים 500 גר,גרמים,500.00,100 גרם,false,7,89.90,17.9800,true,1,515508
4600300085613,false,בונ קרם אגוזי לוז קר,,,בונ. קרסני אוקטובר סוכ. במילוי קרם אגוזי,גרמים,200.00,100 גרם,false,10,29.90,14.9500,true,1,502453
4600300089758,false,סוכריות חלב בטעם תות,,,סוכריות חלב בטעם תות שדה בשמנת 250 גר,גרמים,250.00,100 גרם,false,1,12.90,5.1600,true,1,520165
4600521002604,false,קוניאק קווינט *3 500,KVINT,,קוניאק קווינט *3 500,מיליליטרים,500.00,"100 מ""ל",false,1,54.90,10.9800,true,1,472540
4600521002611,false,קוניאק קווינט *5 500,KVINT,,קוניאק קווינט *5 500,מיליליטרים,500.00,"100 מ""ל",false,1,64.90,12.9800,true,1,472541
4600528345629,false,מיונז פרובנסל 800 גר,,,מיונז פרובנסל 800 גר,גרמים,800.00,100 גרם,false,1,24.90,3.1125,true,1,487835
4600528345636,false,מיונז פרובנסל זיתים,,,מיונז פרובנסל זיתים 800 גר,גרמים,800.00,100 גרם,false,1,24.90,3.1125,true,1,487836
4600528347289,false,מיונז ריאבה פרובנסל,,,מיונז ריאבה פרובנסל 200 גר,גרמים,200.00,100 גרם,false,1,6.90,3.4500,true,1,510129
4600528347296,false,מיונז ריאבה זיתים 20,,,מיונז ריאבה זיתים 200 גר,גרמים,200.00,100 גרם,false,1,6.90,3.4500,true,1,510128
4600528347821,false,מיונז פרובנסל 410 גר,,,מיונז פרובנסל 410 גר,גרמים,410.00,100 גרם,false,1,11.90,2.9024,true,1,487833
4600528347838,false,מיונז פרובנסל זיתים,,,מיונז פרובנסל זיתים 390 גר,גרמים,390.00,100 גרם,false,1,11.90,3.0513,true,1,487834
4600528354683,false,רוטב עגבניות אסטוריה,,,רוטב עגבניות אסטוריה עגבניות 330 גר,גרמים,330.00,100 גרם,false,1,11.90,3.6061,true,1,493282
4600528354690,false,רוטב עגבניות אסטוריה,,,רוטב עגבניות אסטוריה שישליק 330 גר,גרמים,330.00,100 גרם,false,1,11.90,3.6061,true,1,493283
4600528355963,false,מיונז עם ביצי שליו 3,,,מיונז עם ביצי שליו 372 גר,גרמים,372.00,100 גרם,false,24,11.90,3.1989,true,1,510227
4600528357967,false,רוטב אסטוריה לתפוא 2,ניז'גורודסקי,,"רוטב אסטוריה לתפו""א 200 גר",גרמים,200.00,100 גרם,false,6,9.90,4.9500,true,1,516231
4600528357974,false,רוטב אסטוריה הוט דוג,ניז'גורודסקי,,רוטב אסטוריה הוט דוג 200 גר,גרמים,200.00,100 גרם,false,6,9.90,4.9500,true,1,516229
4600528357981,false,רוטב אסטוריה המבורגר,ניז'גורודסקי,,רוטב אסטוריה המבורגר 200 גר,גרמים,200.00,100 גרם,false,6,9.90,4.9500,true,1,516230
4600528359060,false,רוטב אסטוריה בצל עם,ניז'גורודסקי,,רוטב אסטוריה בצל עם שמנת 233 גר,גרמים,233.00,100 גרם,false,16,9.90,4.2489,true,1,513174
4600528359077,false,רוטב אסטוריה שום שמנ,ניז'גורודסקי,,רוטב אסטוריה שום שמנת 233 גר,גרמים,233.00,100 גרם,false,16,9.90,4.2489,true,1,513177
4600528359084,false,רוטב אסטוריה שמנת פט,ניז'גורודסקי,,רוטב אסטוריה שמנת פטריות 233 גר,גרמים,233.00,100 גרם,false,16,9.90,4.2489,true,1,513175
4600528359091,false,רוטב אסטוריה סנדוויץ,,,רוטב אסטוריה סנדוויץ 200 גר,גרמים,200.00,100 גרם,false,1,9.90,4.9500,true,1,517714
4600528359107,false,רוטב אסטוריה בטעם גב,ניז'גורודסקי,,רוטב אסטוריה בטעם גבינה 233 גר,גרמים,233.00,100 גרם,false,16,9.90,4.2489,true,1,513176
4600528359114,false,רוטב אסטוריה צסר גבי,ניז'גורודסקי,,רוטב אסטוריה צסר גבינה 233 גר,גרמים,200.00,100 גרם,false,16,9.90,4.9500,true,1,513173
4600528361742,false,רוטב אסטוריה טריאקי,,,רוטב אסטוריה טריאקי 200 גר,גרמים,200.00,100 גרם,false,10,9.90,4.9500,true,1,528397
4600545031031,false,אטריות להכנה מהירה ע,,RU,איטריות להכנה מהירה,גרמים,75.00,100 גרם,false,24,6.90,9.2000,true,1,459644
4600545033035,false,אטריות להכנה מהירה ב,,RU,איטריות להכנה מהירה,גרמים,75.00,100 גרם,false,24,6.90,9.2000,true,1,459646
4600545833239,false,מרק אטריות כוס מרק ע,,RU,מרק אטריות כוס מרק עוף 50 גר,גרמים,50.00,100 גרם,false,24,5.90,11.8000,true,1,505893
4600545833246,false,מרק אטריות כוס מרק ב,,RU,מרק אטריות כוס מרק בקר 50 גר,גרמים,50.00,100 גרם,false,24,5.90,11.8000,true,1,505892
4600625307407,false,גלידת שמנת שוקולד לנ,iceberry,,גלידת שמנת שוקולד לנינגרדסקוויה 80 גר,גרמים,80.00,100 גרם,false,1,6.90,8.6250,true,1,479499
4600625314498,false,גלידה אסקימו פלומביר,,,גלידה אסקימו פלומביר 80 גר,גרמים,80.00,100 גרם,false,1,6.90,8.6250,true,1,459672
4600659010854,false,וודקה סטולי בקבוק 70,איי. אס. לטבייאס בלז,LV,וודקה סטולי אדום 700,מיליליטרים,700.00,"100 מ""ל",false,1,59.90,8.5571,true,1,459674
4600682001126,false,בירה בלטיקה מס 9 פחי,,,בירה בלטיקה מס 9 פחית 900 מל,מיליליטרים,900.00,"100 מ""ל",false,1,13.90,1.5444,true,1,511585
4600682009450,false,בירה בלטיקה מס 9 בקב,BALTIKA,,"בירה בלטיקה 9 450 מ""ל",מיליליטרים,450.00,"100 מ""ל",false,1,9.90,2.2000,true,1,488123
4600682023524,false,בירה גורקובסקיה בוהמ,,,בירה גורקובסקיה בוהמיין לא מסוננת 440 מל,מיליליטרים,440.00,"100 מ""ל",false,1,8.90,2.0227,true,1,526801
4600682023654,false,בירה גורקובסקיה וויז,,,בירה גורקובסקיה וויזאן לא מסוננת 440 מל,מיליליטרים,440.00,"100 מ""ל",false,1,8.90,2.0227,true,1,526800
4600682027126,false,בירה חיטה בלטיקה 5%,,,בירה חיטה בלטיקה 5% לא מסוננת 470 מל,מיליליטרים,470.00,"100 מ""ל",false,1,9.90,2.1064,true,1,524297
4600682401476,false,בירה בלטיקה 0 ללא אל,BALTIKA,,בירה בלטיקה 0 ללא אלכוהול,מיליליטרים,470.00,"100 מ""ל",false,1,7.90,1.6809,true,1,488124
4600682483472,false,בירה זיטאסקי גוס 480,,,"בירה זיטאסקי גוס 480 מ""ל",מיליליטרים,480.00,"100 מ""ל",false,1,9.90,2.0625,true,1,488129
4600699501121,false,שמן חמניות סלובודה מ,,,"שמן חמניות ""סלובודה"" מזוכך 1 ל",ליטרים,1.00,ליטר,false,1,16.90,16.9000,true,1,473332
4600699502494,false,שמן חמניות סלובודה מ,,,"שמן חמניות ""סלובודה"" מזוכך 1.8 ל",ליטרים,1.80,ליטר,false,1,29.90,16.6111,true,1,473334
4600699505433,false,שמן חמניות סלובודה ל,,,"שמן חמניות ""סלובודה"" לא מזוכך 1 ל",ליטרים,1.00,ליטר,false,1,16.90,16.9000,true,1,473333
4600699505518,false,מיונז סלובודה פרובנס,,,מיונז סלובודהפרובנסל 67% 375 גר,גרמים,375.00,100 גרם,false,1,11.90,3.1733,true,1,478539
4600699505525,false,מיונז סלובודה פרובנס,,,"מיונז סלובודה פרובנסל 67% 800 מ""ל",מיליליטרים,800.00,"100 מ""ל",false,1,19.90,2.4875,true,1,497553
4600699505532,false,מיונז סלובודה פרובנס,,,"מיונז ""סלובודה"" פרובנסל 67 % 800 מל",מיליליטרים,800.00,"100 מ""ל",false,1,19.90,2.4875,true,1,473335
4600699505563,false,מיונז סלובודה פרובנס,,,מיונז סלובודהפרובנסל זיתים 67% 400מל,גרמים,375.00,100 גרם,false,1,11.90,3.1733,true,1,478540
4600699505570,false,מיונז סלובודה פרובנס,,,"מיונז סלובודה פרובנסל זיתים 67% 800 מ""ל",מיליליטרים,800.00,"100 מ""ל",false,1,19.90,2.4875,true,1,497554
4600699505587,false,מיונז סלובודה בטעם ז,,,"מיונז ""סלובודה"" בטעם זיתים 67 % 800 מל",מיליליטרים,800.00,"100 מ""ל",false,1,19.90,2.4875,true,1,473336
4600699506911,false,רוטב תיבול בטעם שום,,,רוטב תיבול בטעם שום סלובודה 217 גר,גרמים,217.00,100 גרם,false,1,9.90,4.5622,true,1,523083
4600699507277,false,רוטב תיבול בטעם גבינ,,,רוטב תיבול בטעם גבינה סלובודה 217 גר,גרמים,217.00,100 גרם,false,1,9.90,4.5622,true,1,523084
4600699507352,false,רוטב תיבול בטעם פטרי,,,רוטב תיבול בטעם פטריות סלובודה 217 גר,גרמים,217.00,100 גרם,false,1,9.90,4.5622,true,1,523085
4600699508502,false,רוטב תיבול בטעם חרדל,,,רוטב תיבול בטעם חרדל סלובודה 217 גר,גרמים,217.00,100 גרם,false,1,9.90,4.5622,true,1,523087
4600699512363,false,מיונז פרובנסל סלובוד,,,מיונז פרובנסל סלובודה ביצי שליו 750 גר,גרמים,750.00,100 גרם,false,1,19.90,2.6533,true,1,520490
4600756200547,false,צנימים עם סוכר וצימו,,RU,צנימים עם סוכר וצימוקים סרפוחוב 330 גר,גרמים,330.00,100 גרם,false,12,18.90,5.7273,true,1,522640
4600823009059,false,שוקולד ודוחנובניה קל,,,שוקולד ודוחנובניה קלאסי 100 גר,גרמים,100.00,100 גרם,false,1,9.90,9.9000,true,1,459735
4600823030091,false,חטיף שוקולד עם קרם פ,בבייבסקי,,"בטונצ""יק ממולא שמנת",גרמים,50.00,100 גרם,false,1,3.90,7.8000,true,1,459738
4600823031098,false,חטיף שוקולד עם קרם ש,בבייבסקי,,"בטונצ""יק שוקולד 50 ג",גרמים,50.00,100 גרם,false,1,3.90,7.8000,true,1,459739
4600823093010,false,שוקולד בבייבסקי מריר,בבייבסקי,,שוקולד בבייבסקי מריר,גרמים,100.00,100 גרם,false,1,8.90,8.9000,true,1,459740
4600823094017,false,שוקולד בבייבסקי פונד,בבייבסקי,,שוקולד בבייבסקי פונד,גרמים,100.00,100 גרם,false,1,8.90,8.9000,true,1,459741
4600823122017,false,שוקולד בבייבסקי אליט,בבייבסקי,,שוקולד בבייבסקי אליטני 75% 100 גר,גרמים,100.00,100 גרם,false,1,8.90,8.9000,true,1,459743
4600823125018,false,שוקולד באבייבסקי אור,,,שוקולד באבייבסקי אוריגינל 100 גר,גרמים,100.00,100 גרם,false,1,8.90,8.9000,true,1,494272
4600823143005,false,שוקולד בבייבסקי מריר,בבייבסקי,,שוקולד בבייבסקי מריר 100 גר,גרמים,100.00,100 גרם,false,1,8.90,8.9000,true,1,459744
4600823179011,false,שוקולד מריר בבאיבסקי,בבייבסקי,,"שוקולד ""בבייבסקי"" פו",גרמים,100.00,100 גרם,false,1,8.90,8.9000,true,1,459753
4600823193109,false,שוקולד בבייבסקי שזיפ,,,שוקולד באבייבסקי חתיכות שזיפים מיובשים,גרמים,100.00,100 גרם,false,1,8.90,8.9000,true,1,494274
4600823197152,false,שוקולד אטרשיון שקדים,בבאיבסקי,,שוקולד אטרשיון שקדים 100 גר,גרמים,100.00,100 גרם,false,1,8.90,8.9000,true,1,480962
4600823197213,false,שוקולד דרקס אליטני 7,בבייבסקי,,שוקולד דרקס אליטני 75% 100גר,גרמים,100.00,100 גרם,false,1,8.90,8.9000,true,1,477997
4600823197336,false,שוקולד דרקס עם אגוזי,בבייבסקי,,שוקולד דרקס עם אגוזי לוז וצימוקים 100גר,גרמים,100.00,100 גרם,false,1,8.90,8.9000,true,1,475828
4600823201033,false,בונבוניירות ודוחנובנ,בבייבסקי,,בונבוניירות ודוחנובניה 400 גר,גרמים,400.00,100 גרם,false,8,44.90,11.2250,true,1,504895
4600823235199,false,בונ מסכה 300 גר,,,בונ מסכה 300 גר,גרמים,300.00,100 גרם,false,1,32.90,10.9667,true,1,495344
4600851005443,false,חרדל עם חזרת 100 גר,Moskovskiy Zirovoy K,,חרדל עם חזרת 100 גר,גרמים,100.00,100 גרם,false,1,6.90,6.9000,true,1,459759
4600851008758,false,חרדל 195 גר,,,חרדל 195 גרם,גרמים,195.00,100 גרם,false,1,9.90,5.0769,true,1,479658
4600851010669,false,מיונז פרובנסל 450 מל,סולנצ'ניי פרודוקטי,,"מיונז ""פרובנסל"" 450 מל",מיליליטרים,450.00,"100 מ""ל",false,1,14.90,3.3111,true,1,472680
4600851010676,false,מיונז פרובנסל 850 מל,סולנצ'ניי פרודוקטי,,"מיונז ""פרובנסל"" 850 מל",מיליליטרים,850.00,"100 מ""ל",false,1,26.90,3.1647,true,1,472679
4600851011185,false,חרדל עם דבש 100 גר,Moskovskiy Zirovoy K,,חרדל עם דבש 100 גר,גרמים,100.00,100 גרם,false,1,6.90,6.9000,true,1,481025
4600851011567,false,מיונז קלאסי 700 מל,סולנצ'ניי פרודוקטי,,מיונז קלאסי 700 מל,מיליליטרים,700.00,"100 מ""ל",false,1,17.90,2.5571,true,1,483806
4600851011604,false,מיונז פרובנסל זיתים,סולנצ'ניי פרודוקטי,,"מיונז ""פרובנסל"" זיתים 390 גר",גרמים,390.00,100 גרם,false,1,10.90,2.7949,true,1,483804
4600851013288,false,מיונז מוסקובסקי קלאס,Moskovskiy Zirovoy K,,"מיונז מוסקובסקי קלאסי דלי 800 מ""ל",מיליליטרים,800.00,"100 מ""ל",false,1,21.90,2.7375,true,1,499141
4600851014537,false,מיונז פרובנסל קלאסיק,סולנצ'ניי פרודוקטי,,"מיונז פרובנסל קלאסיק 400 מ""ל",מיליליטרים,400.00,"100 מ""ל",false,20,10.90,2.7250,true,1,508345
4600851014544,false,מיונז קלאסי 200 מל,סולנצ'ניי פרודוקטי,,"מיונז קלאסי 200 מ""ל",מיליליטרים,200.00,"100 מ""ל",false,40,5.90,2.9500,true,1,507234
4600874000623,false,תמצית ציקורי נמס טבע,,,תמצית ציקורי נמס טבעי 100 גר,גרמים,100.00,100 גרם,false,1,20.90,20.9000,true,1,500068
4600874000630,false,תמצית ציקורי נמס צרנ,,,תמצית ציקורי נמס צרניקה 100 גר,גרמים,100.00,100 גרם,false,1,20.90,20.9000,true,1,500069
4600874003419,false,קיסל בטעם ברוסניקה 2,,,קיסל בטעם ברוסניקה 220 גר,גרמים,220.00,100 גרם,false,1,7.90,3.5909,true,1,528627
4600874003457,false,קיסל בטעם תות שדה 22,,,קיסל בטעם תות שדה 220 גר,גרמים,220.00,100 גרם,false,1,7.90,3.5909,true,1,528628
4600874003464,false,קיסל בטעם חמוציות 22,,,קיסל בטעם חמוציות 220 גר,גרמים,220.00,100 גרם,false,1,7.90,3.5909,true,1,528629
4600874003495,false,קיסל בטעם פירות יער,,,קיסל בטעם פירות יער 220 גר,גרמים,220.00,100 גרם,false,1,7.90,3.5909,true,1,528630
4600893900805,false,וודקה גרין מארק 700,TOPAZ,,"וודקה ""זליוניה מרקה""",מיליליטרים,700.00,"100 מ""ל",false,1,59.90,8.5571,true,1,459764
4600893900843,false,וודקה זליוניה מרקה ר,TOPAZ,,וודקה זליוניה מרקה רזאניאה 0.7ל,מיליליטרים,700.00,"100 מ""ל",false,1,59.90,8.5571,true,1,459766
4600893900997,false,וודקה זליניה מרקה קד,TOPAZ,,וודקה זליניה מרקה קדרוביאה 0.7ל,מיליליטרים,700.00,"100 מ""ל",false,1,59.90,8.5571,true,1,459768
4600935020331,false,כוסמת אלטאי 800 גר,,,כוסמת אלטאי 800 גר,גרמים,800.00,100 גרם,false,1,15.90,1.9875,true,1,527507
4601021044606,false,דובשניות בטעם מנטה 4,,,דובשניות בטעם מנטה 400 גר,גרמים,400.00,100 גרם,false,1,9.90,2.4750,true,1,520146
4601021046051,false,וופל ארטק פלוס 225 ג,פנזה,,וופל ארטק פלוס 225 גר,גרמים,225.00,100 גרם,false,1,8.90,3.9556,true,1,459775
4601021047843,false,דובשניות בטעם וניל ס,,,דובשניות בטעם וניל סבריאנקה 400 גר,גרמים,400.00,100 גרם,false,12,9.90,2.4750,true,1,520164
4601021048772,false,דובשניות ממולאות בטע,,,דובשניות ממולאות בטעם חמוציות 300 גר,גרמים,300.00,100 גרם,false,1,9.90,3.3000,true,1,520147
4601021049342,false,וופל ארטק 200 גר,,,וופל ארטק 200 גר,גרמים,200.00,100 גרם,false,1,7.90,3.9500,true,1,495941
4601021050225,false,דובשניות עם חלב מרוכ,,,דובשניות עם חלב מרוכז מבושל 300 גר,גרמים,300.00,100 גרם,false,1,9.90,3.3000,true,1,494649
4601021053387,false,דובשניות ממולאות בטע,,,דובשניות ממולאות בטעם דומדמניות שחורות,גרמים,300.00,100 גרם,false,1,9.90,3.3000,true,1,520162
4601021055565,false,ממתק מוקצף בטעם וניל,,,ממתק מוקצף בטעם וניל וולוצה 220 גר,גרמים,220.00,100 גרם,false,1,11.90,5.4091,true,1,520161
4601021055589,false,ממתק מוקצף בטעם גבינ,,,ממתק מוקצף בטעם גבינה לבנה וולוצה 220 גר,גרמים,220.00,100 גרם,false,1,11.90,5.4091,true,1,520160
4601021055602,false,ממתק מוקצף בטעם פטל,,,ממתק מוקצף בטעם פטל וולוצה 220 גר,גרמים,220.00,100 גרם,false,1,11.90,5.4091,true,1,520159
4601159075336,false,פירה תפוח אדמה ללא ת,FPP MILOVSKIY,,פירה תפוח אדמה ללא תוספת 240 גר,גרמים,240.00,100 גרם,false,1,9.90,4.1250,true,1,489297
4601159075831,false,פירה תפוח אדמה בתוספ,FPP MILOVSKIY,,פירה תפוח אדמה עם בצל מטוגן 240 גר,גרמים,240.00,100 גרם,false,1,9.90,4.1250,true,1,496564
4601159075855,false,פירה תפוח אדמה עם שמ,FPP MILOVSKIY,,פירה תפוח אדמה עם שמיר 240 גר,גרמים,240.00,100 גרם,false,1,9.90,4.1250,true,1,489299
4601513006662,false,ביסקוויט אליונקה בטע,,,ביסקוויט אליונקה בטעם קרם שמנת 240 גר,גרמים,240.00,100 גרם,false,1,16.90,7.0417,true,1,495342
4601513007997,false,רולדה קורובקה בטעם ח,יוז'נואורלקונדיטר,,רולדה קורובקה בטעם חלב מבושל 200גר,גרמים,200.00,100 גרם,false,1,9.90,4.9500,true,1,479015
4601513008253,false,ביסקוויט אליונקה בטע,,,ביסקוויט אליונקה בטעם קרם שוקולד 240 גר,גרמים,240.00,100 גרם,false,1,16.90,7.0417,true,1,495343
4601513008581,false,רולדה אליונקה בטעם ש,יוז'נואורלקונדיטר,,רולדה אליונקה בטעם שוקולד חלב 200גר,גרמים,200.00,100 גרם,false,1,9.90,4.9500,true,1,479013
4601513008970,false,רולדה ציודו יאגודה ע,יוז'נואורלקונדיטר,,רולדה ציודו יאגודה עם דובדבנים 200גר,גרמים,200.00,100 גרם,false,1,9.90,4.9500,true,1,479014
4601513012342,false,רולדה יגודה בטעם פטל,,,רולדה יגודה בטעם פטל 200 גר,גרמים,200.00,100 גרם,false,1,9.90,4.9500,true,1,497646
4601513012359,false,רולדה יגודה בטעם תות,,,רולדה יגודה בטעם תות שדה 200 גר,גרמים,200.00,100 גרם,false,1,9.90,4.9500,true,1,497645
4601576004025,false,רוטב תיבול בטעם זיתי,OAO ZHIROVOY KOMBINA,,רוטב תיבול בטעם זיתים מצטה חוזייקי 480 מל,מיליליטרים,480.00,"100 מ""ל",false,1,12.90,2.6875,true,1,470667
4601576004032,false,מיונז חלומי בטעם זיתים,OAO ZHIROVOY KOMBINA,,רוטב תיבול בטעם זיתים מצטה חוזייקי 900 מל,מיליליטרים,900.00,"100 מ""ל",false,1,19.90,2.2111,true,1,470665
4601576004094,false,רוטב תיבול פרובנסל מ,OAO ZHIROVOY KOMBINA,,רוטב תיבול פרובנסל מצטה חוזייקי קלאסי 480 מל,מיליליטרים,480.00,"100 מ""ל",false,1,12.90,2.6875,true,1,470666
4601576004100,false,מיונז חלומי בטעם קלאסי,OAO ZHIROVOY KOMBINA,,רוטב תיבול פרובנסל קלאסי מצטה חוזייקי 900 מל,מיליליטרים,900.00,"100 מ""ל",false,1,19.90,2.2111,true,1,470664
4601576009839,false,רוטב תיבול עם שמנת מ,OAO ZHIROVOY KOMBINA,,רוטב תיבול עם שמנת מצטה חוזייקי 900 מל,מיליליטרים,900.00,"100 מ""ל",false,1,19.90,2.2111,true,1,518256
4601576010101,false,רוטב תיבול עם ביצי ש,,,רוטב תיבול עם ביצי שליו מצטה חוזייקי,מיליליטרים,900.00,"100 מ""ל",false,1,19.90,2.2111,true,1,520143
4601576010163,false,מיונז בתוספת ביצי של,ALTAYSKAYA KRUPA,,מיונז בתוספת ביצי שליו 67% 390 מל,מיליליטרים,390.00,"100 מ""ל",false,20,10.90,2.7949,true,1,521892
4601576010170,false,רוטב תיבול עם ביצי ש,OAO ZHIROVOY KOMBINA,,רוטב תיבול עם ביצי שליו מצטה חוזייקי,מיליליטרים,480.00,"100 מ""ל",false,1,12.90,2.6875,true,1,520144
4601713000873,false,קרקר ולשבני קליידוסק,,,קרקר ולשבני קליידוסקופ 400 גר,גרמים,400.00,100 גרם,false,1,11.90,2.9750,true,1,459827
4601713001054,false,קרקר בטעם גבינה בצור,,,קרקר בטעם גבינה בצורת דגים 400 גר,גרמים,400.00,100 גרם,false,1,11.90,2.9750,true,1,520158
4601713001702,false,דובשנית טולסקיי פריא,טולה,,דובשנית טולסקיי פריאניק פירות 140 גר,גרמים,140.00,100 גרם,false,1,6.90,4.9286,true,1,470904
4601713001719,false,דובשנית טולסקיי פריא,טולה,,דובשנית טולסקיי פריאניק חלב 140 גר,גרמים,140.00,100 גרם,false,1,6.90,4.9286,true,1,470905
4601713003201,false,דובשניות טולסקי פריא,,,דובשניות טולסקי פריאניק חמוציות 140 גר,גרמים,140.00,100 גרם,false,1,6.90,4.9286,true,1,485034
4601713006813,false,קרקר וסיולי קליידוסק,,,קרקר וסיולי קליידוסקופ 400 גר,גרמים,400.00,100 גרם,false,1,11.90,2.9750,true,1,520157
4601713008190,false,דובשניות טולסקי פריא,,,דובשניות טולסקי פריאניק אוכמניות 140 גר,גרמים,140.00,100 גרם,false,22,6.90,4.9286,true,1,515484
4601728010454,false,שכר סורבט שקדים בקונ,אומסק,,"שכר סורבט שקדים בקוניאק 500 מ""ל",מיליליטרים,500.00,"100 מ""ל",false,1,34.90,6.9800,true,1,495157
4601728011079,false,וודקה חמישה אגמים 70,אומסקווינפרום,,"וודקה ""5 אגמים"" 0.7",מיליליטרים,700.00,"100 מ""ל",false,1,59.90,8.5571,true,1,459832
4601728011949,false,וודקה חמישה אגמים מי,אומסקווינפרום,,"וודקה ""5 אגמים"" אוסו",מיליליטרים,700.00,"100 מ""ל",false,1,59.90,8.5571,true,1,459842
4601728013653,false,וודקה בליה בריוזקה 7,,,"וודקה בליה בריוזקה 700 מ""ל",מיליליטרים,700.00,"100 מ""ל",false,1,69.90,9.9857,true,1,510883
4601780002565,false,קמח מקפה חיטה 2 קג,MAKFA,,"קמח מקפה חיטה 2 ק""ג",קילוגרמים,2.00,"ק""ג",false,1,18.90,9.4500,true,1,459847
4601780002572,false,קמח חיטה 1 קג,מקפה,,"קמח חיטה 1 ק""ג",קילוגרמים,1.00,"ק""ג",false,1,9.90,9.9000,true,1,459848
4601780005399,false,כוסמת להכנה מהירה 80,מקפה,,כוסמת להכנה מהירה 800 גר,גרמים,800.00,100 גרם,false,1,16.90,2.1125,true,1,459849
4601780005443,false,דוחן 800 גר,מקפה,,דוחן 800 גר,גרמים,800.00,100 גרם,false,1,14.90,1.8625,true,1,459850
4601780005450,false,דגני חיטה ארטק 700 ג,מקפה,,דגני חיטה ארטק 700 גר,גרמים,700.00,100 גרם,false,1,11.90,1.7000,true,1,459851
4601780006211,false,סולת 700 גר,מקפה,,סולת 700 גר,גרמים,700.00,100 גרם,false,1,11.90,1.7000,true,1,459853
4601780006976,false,איטריות צדפות 400 גר,מקפה,,איטריות צדפות 400 גר,גרמים,400.00,100 גרם,false,1,7.90,1.9750,true,1,475895
4601780006990,false,אטריות ספירלות 400 ג,מקפה,,אטריות ספירלות 400 גר,גרמים,400.00,100 גרם,false,1,7.90,1.9750,true,1,475890
4601780007010,false,אטריות חלוזונות 400,מקפה,,אטריות חלוזונות 400 גר,גרמים,400.00,100 גרם,false,1,7.90,1.9750,true,1,475892
4601780007058,false,אטריות מסרקי תרנגול,מקפה,,אטריות מסרקי תרנגול 400 גר,גרמים,400.00,100 גרם,false,1,7.90,1.9750,true,1,480669
4601780007072,false,אטריות פיתולים 400 ג,מקפה,,אטריות פיתולים 400 גר,גרמים,400.00,100 גרם,false,1,7.90,1.9750,true,1,480668
4601780008956,false,אטריות קשתות 400 גר,MAKFA,,אטריות קשתות 400 גר,גרמים,400.00,100 גרם,false,1,7.90,1.9750,true,1,482433
4601780009861,false,אטריות קרנות 400 גר,מקפה,,אטריות קרנות 400 גר,גרמים,400.00,100 גרם,false,1,7.90,1.9750,true,1,475891
4601780009885,false,אטריות נוצות 400 גר,מקפה,,אטריות נוצות 400 גר,גרמים,400.00,100 גרם,false,1,7.90,1.9750,true,1,475893
4601780009922,false,אטריות צדפות 400 גר,מקפה,,אטריות צדפות 400 גר,גרמים,400.00,100 גרם,false,1,7.90,1.9750,true,1,475894
4601780010089,false,אפונה 400 גר,מקפה,,אפונה 400 גר,גרמים,400.00,100 גרם,false,1,9.90,2.4750,true,1,480670
4601780010102,false,דוחן 400 גר,מקפה,,דוחן 400 גר,גרמים,400.00,100 גרם,false,1,8.90,2.2250,true,1,459866
4601780010126,false,גריסי חיטה פולטבסקיה,מקפה,,גריסי חיטה פולטבסקיה 80 גר חמישייה,גרמים,400.00,100 גרם,false,1,6.90,1.7250,true,1,459867
4601780010140,false,גריסי שעורה 400 גר,מקפה,,גריסי שעורה 400 גר,גרמים,400.00,100 גרם,false,1,9.90,2.4750,true,1,474469
4601780010508,false,אטריות ארוכות 400 גר,מקפה,,אטריות ארוכות 400 גר,גרמים,400.00,100 גרם,false,1,6.90,1.7250,true,1,475896
4601780010676,false,גריסי פנינה 400 גר,מקפה,,גריסי פנינה 400 גר,גרמים,400.00,100 גרם,false,1,9.90,2.4750,true,1,474468
4601780010805,false,גריסי תירס 400 גר,מקפה,,גריסי תירס 400 גר,גרמים,400.00,100 גרם,false,1,7.90,1.9750,true,1,480666
4601780011048,false,אטריות טבעות 400 גר,מקפה,,אטריות טבעות 400 גר,גרמים,400.00,100 גרם,false,1,7.90,1.9750,true,1,515299
4602009008412,false,דג קרפיון ארנה ללא ק,ARENA,,דג קרפיון ארנה ללא קרביים 150 גר,גרמים,150.00,100 גרם,false,1,18.90,12.6000,true,1,481990
4602009008443,false,דג קרפיון ארנה אדום,ARENA,,דג קרפיון ארנה אדום 150 גר,גרמים,150.00,100 גרם,false,1,18.90,12.6000,true,1,481989
4602009299742,false,זפיר בטעם וניל 420 ג,נבסקי קונדיטר,,זפיר בטעם וניל 420גר,גרמים,420.00,100 גרם,false,1,14.90,3.5476,true,1,476974
4602009299759,false,זפיר לבן ורוד 420 גר,נבסקי קונדיטר,,זפיר לבן ורוד 420גר,גרמים,420.00,100 גרם,false,1,14.90,3.5476,true,1,476973
4602009299773,false,זפיר וניל מצופה שוקו,נבסקי קונדיטר,,זפיר וניל מצופה שוקולד 450גר,גרמים,450.00,100 גרם,false,1,15.90,3.5333,true,1,476976
4602041012736,false,מקלות תירס מתוקים 10,,,מקלות תירס מתוקים 100 גר,גרמים,100.00,100 גרם,false,1,8.90,8.9000,true,1,526059
4602112203612,false,חטיף תפוא בטעם בצל ו,,,"חטיף תפו""א בטעם בצל ושמנת חמוצה 70 גר",גרמים,70.00,100 גרם,false,1,7.90,11.2857,true,1,512215
4602112203636,false,חטיף תפוא בטעם גבינה,,,"חטיף תפו""א בטעם גבינה 70 גר",גרמים,70.00,100 גרם,false,1,7.90,11.2857,true,1,512216
4602112203674,false,חטיף תפוא בטעם בייקו,,,"חטיף תפו""א בטעם בייקון 70 גר",גרמים,70.00,100 גרם,false,1,7.90,11.2857,true,1,512217
4602112207726,false,חטיף תפוא בטעם סרטני,,,"חטיף תפו""א בטעם סרטנים 70 גר",גרמים,70.00,100 גרם,false,1,7.90,11.2857,true,1,512218
4602112212447,false,חטיף תפוא בטעם פטריו,,,"חטיף תפו""א בטעם פטריות יער ברוטב שמנת 60",גרמים,60.00,100 גרם,false,1,7.90,13.1667,true,1,512219
4602220000387,false,משקה מאלט חלבני 1.5,,,משקה מאלט חלבני 1.5 ל,ליטרים,1.50,ליטר,false,6,16.90,11.2667,true,1,515420
4602220000813,false,משקה מאלט דומשני 1.5,,,משקה מאלט דומשני 1.5 ל,ליטרים,1.50,ליטר,false,6,16.90,11.2667,true,1,515419
4602220005108,false,קוואס חלבני פחית 500,,,קוואס חלבני פחית 500 מל,מיליליטרים,500.00,"100 מ""ל",false,1,7.90,1.5800,true,1,524595
4602441018215,false,חטיף ציפס בטעם סרטן,דבורק,,חטיף ציפס בטעם סרטן פרייס 130 גר,גרמים,130.00,100 גרם,false,15,16.90,13.0000,true,1,522752
4602441018222,false,חטיף ציפס בטעם שמנת,דבורק,,חטיף ציפס בטעם שמנת ירקות פרייס 130 גר,גרמים,130.00,100 גרם,false,15,16.90,13.0000,true,1,522753
4602441018239,false,חטיף ציפס בטעם בקון,דבורק,,חטיף ציפס בטעם בקון פרייס 130 גר,גרמים,130.00,100 גרם,false,15,16.90,13.0000,true,1,522751
4602441018260,false,חטיף ציפס בטעם פטריו,דבורק,,חטיף ציפס בטעם פטריות בשמנת פרייס 130 גר,גרמים,130.00,100 גרם,false,15,16.90,13.0000,true,1,522754
4602481010019,false,קמח חיטה לבן 1 קג,סויוזפישפרום,,קמח חיטה לבן 1קג,קילוגרמים,1.00,"ק""ג",false,1,12.90,12.9000,true,1,473032
4602481010026,false,קמח חיטה לבן 2 קג,סויוזפישפרום,,קמח חיטה לבן 2קג,קילוגרמים,2.00,"ק""ג",false,1,21.90,10.9500,true,1,473033
4602481010033,false,סולת 800 גר,סויוזפישפרום,,סולת 800גר,גרמים,800.00,100 גרם,false,1,12.90,1.6125,true,1,473037
4602481105128,false,תערובת צאר 7 דגנים 4,סיוז פישפרום,,תערובת צאר 7 דגנים 400 גר,גרמים,400.00,100 גרם,false,1,12.90,3.2250,true,1,483704
4602481107559,false,כוסמת להכנה מהירה צא,,,"כוסמת להכנה מהירה ""צאר"" 400 גר",גרמים,400.00,100 גרם,false,1,14.90,3.7250,true,1,495373
4602481107665,false,דוחן צאר 500 גר,סויוזפישפרום,,דוחן צאר 500 גר,גרמים,500.00,100 גרם,false,1,14.90,2.9800,true,1,497461
4602481107672,false,גריסי חיטה צאר 400 ג,,,"גריסי חיטה ""צאר"" 400 גר",גרמים,400.00,100 גרם,false,1,13.90,3.4750,true,1,495375
4602481107740,false,חטיף לחם שיבולת שועל,דינמו ק מוסקבה,,חטיף לחם שיבולת שועל 90 גר,גרמים,90.00,100 גרם,false,20,8.90,9.8889,true,1,504545
4602481805264,false,שעורה 800 גר,סויוזפישפרום,,שעורה 800 גר,גרמים,800.00,100 גרם,false,1,9.90,1.2375,true,1,527325
4602481805295,false,גריסי חיטה צאר 600 ג,סויוזפישפרום,,גריסי חיטה צאר 600 גר,גרמים,600.00,100 גרם,false,1,10.90,1.8167,true,1,525323
4602486002057,false,וודקה בלנקאיה ספיישל,מזקקת גורגיבסקי,RU,"וודקה בלנקאיה ללא גלוטן 700 מ""ל",מיליליטרים,700.00,"100 מ""ל",false,12,69.90,9.9857,true,1,510831
4602486002071,false,וודקה בלנקאיה גולד 7,מזקקת גאורגייבסקי קר,RU,"וודקה בלנקיה גולד 700 מ""ל",מיליליטרים,700.00,"100 מ""ל",false,1,54.90,7.8429,true,1,508535
4603134002214,false,גריסים 800 גר,סויוזפישפרום,,גריסים 800גר,גרמים,800.00,100 גרם,false,1,13.90,1.7375,true,1,473045
4603134002283,false,אפונה צאר יבש 800 גר,סיוז פישפרום,,אפונה צאר יבש 800 גר,גרמים,800.00,100 גרם,false,1,14.90,1.8625,true,1,483703
4603134002467,false,תערובת צאר 6 דגנים 4,סיוז פישפרום,,תערובת צאר 6 דגנים 400 גר,גרמים,400.00,100 גרם,false,1,12.90,3.2250,true,1,459920
4603134002801,false,דוחן 800 גר,סויוזפישפרום,,דוחן 800גר,גרמים,800.00,100 גרם,false,1,14.90,1.8625,true,1,473041
4603134003266,false,שבולת שועל 600 גר,סויוזפישפרום,,שבולת שועל 600גר,גרמים,600.00,100 גרם,false,1,11.90,1.9833,true,1,473038
4603400000043,false,וודקה רוסקי סטנדרט ב,רוסקי סטנדרט וודקה,RU,וודקה רוסקי סטנדרט 7,מיליליטרים,700.00,"100 מ""ל",false,1,59.90,8.5571,true,1,459923
4603400000180,false,וודקה רוסקי סטנדרט פ,RUSSIAN STANDART,,"וודקה ""רוסקי סטנדרט",מיליליטרים,700.00,"100 מ""ל",false,1,89.90,12.8429,true,1,459924
4603400000197,false,וודקה רוסקי סטנדרט ב,RUSSIAN STANDART,,וודקה רוסקי סטנדרט 5,מיליליטרים,500.00,"100 מ""ל",false,1,44.90,8.9800,true,1,459925
4603400001026,false,וודקה רוסקי סטנדרט ג,RUSSIAN STANDART,,וודקה רוסקי סטנדרט גולד 0.7,מיליליטרים,700.00,"100 מ""ל",false,1,79.90,11.4143,true,1,459932
4603514009277,false,גין באריסטר יבש 700מ,לדוגה,RU,גין באריסטר יבש 700 מל,מיליליטרים,700.00,"100 מ""ל",false,6,84.90,12.1286,true,1,514051
4603514010327,false,גין באריסטר פינק מתו,,,גין באריסטר פינק מתובל 700 מל,מיליליטרים,700.00,"100 מ""ל",false,6,84.90,12.1286,true,1,514053
4603514010334,false,גין באריסטר אורנג מת,,,גין באריסטר אורנג מתובל 700 מל,מיליליטרים,700.00,"100 מ""ל",false,6,84.90,12.1286,true,1,514054
4603514010341,false,גין באריסטר בלו מתוב,,,גין באריסטר בלו מתובל 700 מל,מיליליטרים,700.00,"100 מ""ל",false,6,84.90,12.1286,true,1,514052
4603552005606,false,פטריות יער יבשות 45,סיביר קלצאטקה,,פטריות יער יבשות 45 גר,גרמים,45.00,100 גרם,false,1,34.90,77.5556,true,1,496465
4603566903950,false,תבלינים סול 7 מנות 4,אגרואימפורט,,תבלינים סול 7 מנות 400 גר,גרמים,400.00,100 גרם,false,1,11.90,2.9750,true,1,491843
4603566907958,false,תבלינים סול מנות ראש,אגרואימפורט,,תבלינים סול מנות ראשונות 400 גר,גרמים,400.00,100 גרם,false,1,11.90,2.9750,true,1,491844
4603566908955,false,תבלינים סול שום ירוק,אגרואימפורט,,תבלינים סול שום ירוק 400 גר,גרמים,400.00,100 גרם,false,1,11.90,2.9750,true,1,491845
4603566921954,false,תבלינים סול 12 ירקות,אגרואימפורט,,תבלינים סול 12 ירקות 400 גר,גרמים,400.00,100 גרם,false,1,11.90,2.9750,true,1,491846
4603793247421,false,מיני סושקה 180 גר,סיביר קלצאטקה,,סובין דגנים שיבולת שועל עם פשתן 20 גר,גרמים,180.00,100 גרם,false,1,6.90,3.8333,true,1,496467
4603793247438,false,מיני סושקה עם פרג 18,סיביר קלצאטקה,,מיני סושקה עם פרג 180 גר,גרמים,180.00,100 גרם,false,1,6.90,3.8333,true,1,496468
4603793247452,false,מיני סושקה עם וניל 1,סיביר קלצאטקה,,סובין דגנים שיבולת שועל עם פשתן 20 גר,גרמים,180.00,100 גרם,false,1,6.90,3.8333,true,1,496466
4603928000976,false,"וודקה בלוגה נובל 700 מ""ל+כוס",מרינסקי ליקרו-וודאצ',RU,"וודקה בלוגה 700 מ""ל",מיליליטרים,700.00,"100 מ""ל",false,1,135.90,19.4143,true,1,467851
4603928004363,false,וודקה בלוגה טרנסאטלנ,,,וודקה בלוגה טרנסאטלנטיק 700 מל,מיליליטרים,700.00,"100 מ""ל",false,1,154.90,22.1286,true,1,478635
4603928005834,false,וודקה בלוגה טראנסאטל,,,וודקה בלוגה טראנסאטלנטיק נייבי בלו 700 מ,מיליליטרים,700.00,"100 מ""ל",false,1,149.90,21.4143,true,1,527334
4604248000103,false,רוטב לסלט בטעם זיתים,אסן פרודקשן,,"מיונז ""מחייב"" זיתים",מיליליטרים,800.00,"100 מ""ל",false,1,18.90,2.3625,true,1,459983
4604248000349,false,רוטב לסלט פרובנסל 38,אסן פרודקשן,,"מיונז ""מחייב"" פרובנס",גרמים,380.00,100 גרם,false,1,11.90,3.1316,true,1,459984
4604248000554,false,רוטב לסלט פרובנסל מח,אסן פרודקשן,,"מיונז ""מחייב"" פרובנס",גרמים,800.00,100 גרם,false,1,18.90,2.3625,true,1,459985
4604248000844,false,מיונז עם שמן זית מחי,אסן פרודקשן,,"מיונז ""מחייב"" עם זיתים 380 גר",גרמים,380.00,100 גרם,false,1,11.90,3.1316,true,1,459986
4604248000851,false,מיונז פרובנסל עם מיץ,אסן פרודקשן,,"מיונז ""מחייב"" עם לימון 380 גר""",גרמים,380.00,100 גרם,false,1,11.90,3.1316,true,1,459987
4604248002671,false,רוטב לסלט פרובנסל מי,אסן פרודקשן,,"מיונז ""מחייב"" מיץ לי",גרמים,800.00,100 גרם,false,1,18.90,2.3625,true,1,459989
4604248003043,false,קטשופ שישליק 500 גר,אסן פרודקשן,,קטשופ שישליק 500גרם,גרמים,500.00,100 גרם,false,1,14.90,2.9800,true,1,459991
4604248003050,false,קטשופ צילי 500 גר,PRODEX,,קטשופ צילי 500 גרם,גרמים,500.00,100 גרם,false,1,14.90,2.9800,true,1,459992
4604248003067,false,קטשופ לצו 500 גר,אסן פרודקשן,,"קטשופ ""לצ""ו"" 500 גר",גרמים,500.00,100 גרם,false,1,14.90,2.9800,true,1,471645
4604248003081,false,רוטב לסלט עם ביצת של,אסן פרודקשן,,"מיונז ""מחייב"" על ביצ",גרמים,380.00,100 גרם,false,1,11.90,3.1316,true,1,459993
4604248003517,false,חרדל רוסקיה 140 גר,אסן פרודקשן,,"חרדל ""רוסקיה"" 140 גר",גרמים,140.00,100 גרם,false,1,4.90,3.5000,true,1,459996
4604248003845,false,קטשופ עגבניות 500 גר,אסן פרודקשן,,קטשופ עגבניות 500גרם,גרמים,500.00,100 גרם,false,1,14.90,2.9800,true,1,467547
4604248004316,false,ריבת אוכמניות 300 גר,אסן פרודקשן,,ריבת אוכמניות 300גר,גרמים,300.00,100 גרם,false,1,12.90,4.3000,true,1,476468
4604248005405,false,ריבת ענבי שועל 300 ג,אסן פרודקשן,,ריבת ענבי שועל 300גר,גרמים,300.00,100 גרם,false,1,12.90,4.3000,true,1,476466
4604248006204,false,ריבת תות 300 גר,אסן פרודקשן,,ריבת תות 300גר,גרמים,300.00,100 גרם,false,1,12.90,4.3000,true,1,478958
4604248006914,false,ריבת מחייב פטל זכוכי,אסן פרודקשן,,ריבת מחייב פטל זכוכית 400 גר,גרמים,400.00,100 גרם,false,1,24.90,6.2250,true,1,496370
4604248006921,false,ריבת מחייב לימון בזכ,,,ריבת מחייב לימון בזכוכית 400 גר,גרמים,400.00,100 גרם,false,1,21.90,5.4750,true,1,497713
4604248006945,false,ריבת מחייב ענבי שועל,,,ריבת מחייב ענבי שועל בזכוכית 400 גר,גרמים,400.00,100 גרם,false,1,21.90,5.4750,true,1,497712
4604248006952,false,ריבת מחייב תות שדה ב,,,ריבת מחייב תות שדה בזכוכית 400 גר,גרמים,400.00,100 גרם,false,1,21.90,5.4750,true,1,515297
4604248007805,false,ריבת משמש 300 גר,,,ריבת משמש 300 גר,גרמים,300.00,100 גרם,false,1,12.90,4.3000,true,1,499372
4604248008635,false,ריבת מחייב אוכמניות,אסן פרודקשן,,ריבת מחייב אוכמניות זכוכית 400 גר,גרמים,400.00,100 גרם,false,1,21.90,5.4750,true,1,496369
4604248012618,false,חרדל רוסקיה 190 גר,אסן פרודקשן,,"חרדל ""רוסקיה"" 190 גר",גרמים,190.00,100 גרם,false,1,7.90,4.1579,true,1,474623
4604248013233,false,ריבת דובדבן 300 גר,אסן פרודקשן,,ריבת דובדבן 300גר,גרמים,300.00,100 גרם,false,1,12.90,4.3000,true,1,478959
4604248013240,false,ריבת פירות יער 300 ג,,,ריבת פירות יער 300 גר,גרמים,300.00,100 גרם,false,1,12.90,4.3000,true,1,499373
4604248014667,false,תערובת תבלינים תחמיץ,Maheev,,תערובת תבלינים תחמיץ לעוף בטעם חרדל 300,גרמים,300.00,100 גרם,false,1,10.90,3.6333,true,1,486016
4604248014674,false,תערובת תבלינים תחמיץ,Maheev,,תערובת תבלינים תחמיץ לשישליק 300 גר,גרמים,300.00,100 גרם,false,1,10.90,3.6333,true,1,486015
4604248014766,false,רוטב תיבול חריף אגיק,אסן פרודקשן,,רוטב תיבול חריף אגיקה 140 גר,גרמים,140.00,100 גרם,false,24,6.90,4.9286,true,1,496365
4604248014797,false,רוטב תיבול חריף אדזי,אסן פרודקשן,,רוטב תיבול חריף אדזיקה 190 גר,גרמים,190.00,100 גרם,false,1,9.90,5.2105,true,1,493647
4604248016272,false,ריבת מחייב דובדבן זכ,אסן פרודקשן,,ריבת מחייב דובדבן זכוכית 400 גר,גרמים,400.00,100 גרם,false,1,21.90,5.4750,true,1,496371
4604248016289,false,ריבת מחייב פירות יער,אסן פרודקשן,,ריבת מחייב פירות יער זכוכית 400 גר,גרמים,400.00,100 גרם,false,1,21.90,5.4750,true,1,496368
4604248016883,false,ממתקי גלי מחייב בטעם,אסן פרודקשן,,ממתקי גלי מחייב בטעם פירות שונים 250 גר,גרמים,250.00,100 גרם,false,1,10.90,4.3600,true,1,496366
4604248016920,false,ריבת מחייב אפרסק ומנ,אסן פרודקשן,,ריבת מחייב אפרסק ומנגו זכוכית 400 גר,גרמים,400.00,100 גרם,false,1,21.90,5.4750,true,1,510930
4604248018269,false,רוטב קיסר 200 גר,,,רוטב קיסר 200 גר,גרמים,200.00,100 גרם,false,1,7.90,3.9500,true,1,516138
4604248018276,false,רוטב בטעם גבינה 200,,,רוטב בטעם גבינה 200 גר,גרמים,200.00,100 גרם,false,1,7.90,3.9500,true,1,518187
4604248018283,false,רוטב בטעם שמנת חמוצה,,,רוטב בטעם שמנת חמוצה עם פטריות 200 גר,גרמים,200.00,100 גרם,false,1,7.90,3.9500,true,1,516137
4604248022709,false,רוטב לסלט עם ביצת של,אסן פרודקשן,,רוטב לסלט עם ביצת שליו מחייב 800 גר,גרמים,800.00,100 גרם,false,1,18.90,2.3625,true,1,508020
4605246002700,false,קפה קלוי שחור גוקיי,,,קפה קלוי שחור גוקיי בסגנון מזרחי 250 גר,גרמים,250.00,100 גרם,false,1,18.90,7.5600,true,1,494240
4605246003523,false,תה שחור גרינפילד גול,גרינפילד Greenfield,RU,תה שחור גרינפילד גולדן ציילוני 25 שק,גרמים,50.00,100 גרם,false,1,11.90,23.8000,true,1,460024
4605246003585,false,תה ירוק גרינפילד סינ,גרינפילד Greenfield,RU,תה ירוק גרינפילד סיני 25 שק,גרמים,50.00,100 גרם,false,1,11.90,23.8000,true,1,460027
4605246003738,false,תה ירוק גרינפילד יסמ,אורימי,RU,תה ירוק גרינפילד יסמין 25 שק,גרמים,50.00,100 גרם,false,1,11.90,23.8000,true,1,460028
4605246004278,false,תה שחור ארל גריי Earl Grey,גרינפילד Greenfield,RU,תה שחור גרינפילד ארל גריי 25 שק,גרמים,50.00,100 גרם,false,1,11.90,23.8000,true,1,460029
4605246004322,false,תה גרינפילד תפוח וקי,גרינפילד Greenfield,RU,תה גרינפילד תפוח וקינמון 25 שק,גרמים,38.00,100 גרם,false,1,11.90,31.3158,true,1,460030
4605246004339,false,"תה גרינפילד שחור ""סא",גרינפילד Greenfield,RU,תה גרינפילד פטל ללא קפאין 25 שק,גרמים,50.00,100 גרם,false,1,11.90,23.8000,true,1,460031
4605246004346,false,תה גרינפילד פירות וק,אורימי,RU,תה גרינפילד קינמון 25 שק,גרמים,38.00,100 גרם,false,1,11.90,31.3158,true,1,498799
4605246004353,false,תה ירוק גרינפילד מלי,גרינפילד Greenfield,RU,תה ירוק גרינפילד מליסה 25 שק,גרמים,38.00,100 גרם,false,1,11.90,31.3158,true,1,460032
4605246004766,false,קפה נמס מיובש בהקפאה,,,קפה נמס מיובש בהקפאה גוקיי טריומף 95 גר,גרמים,95.00,100 גרם,false,1,18.90,19.8947,true,1,491624
4605246004896,false,עלי תה שחור מקנייה ג,אורימי,,"תה ""גרינפילד"" 25 שק""",Unknown,0.00,Unknown,false,1,11.90,0.0000,true,1,514744
4605246005237,false,חליטת תה גרינפילד קמ,,,חליטת תה גרינפילד קמומיל דבש 37.5 גר,גרמים,38.00,100 גרם,false,1,11.90,31.3158,true,1,460041
4605246005251,false,תה שחור גרינפילד פיר,אורימי,RU,תה שחור גרינפילד פירות יער 25 שק,גרמים,38.00,100 גרם,false,1,11.90,31.3158,true,1,460042
4605246005817,false,תה גרינפילד גולדן צי,אורימי,,תה גרינפילד גולדן ציילון 100 גר,גרמים,200.00,100 גרם,false,1,29.90,14.9500,true,1,494518
4605246005848,false,תה שחור גרינפילד ארל,אורימי,,תה שחור גרינפילד ארל גריי 100 שק,גרמים,200.00,100 גרם,false,1,29.90,14.9500,true,1,483271
4605246005855,false,תה ירוק דרקון גרינפי,אורימי,,תה ירוק דרקון גרינפילד 100 שק,גרמים,200.00,100 גרם,false,1,29.90,14.9500,true,1,483270
4605246005947,false,תה טס פלזה 25 שק,,,"תה ""טס"" פלזה 25 שק",Unknown,0.00,Unknown,false,1,12.90,0.0000,true,1,491626
4605246006005,false,תה שחור מקנייה גרינפ,אורימי,,עלי תה שחור מקנייה גרינפילד 100 שק,גרמים,200.00,100 גרם,false,1,29.90,14.9500,true,1,514751
4605246006272,false,קפה נמס מיובש בהקפאה,אורימי,,קפה נמס מיובש בהקפאה זרדין קולומביה 95 ג,גרמים,95.00,100 גרם,false,1,25.90,27.2632,true,1,460047
4605246006333,false,תה טס ציילון 25 שק,,,"תה ""טס"" ציילון 25 שק",Unknown,0.00,Unknown,false,1,12.90,0.0000,true,1,498198
4605246006456,false,תה טס ארל גריי 25 שק,,,"תה ""טס"" ארל גריי 25 שק",Unknown,0.00,Unknown,false,1,12.90,0.0000,true,1,491629
4605246006494,false,תה טס פלירט 25 שק,,,"תה ""טס"" פלירט 25 שק",Unknown,0.00,Unknown,false,1,12.90,0.0000,true,1,498197
4605246007118,false,תה שחור גרינפילד לימ,גרינפילד Greenfield,RU,תה שחור גרינפילד לימון 25 שק,גרמים,38.00,100 גרם,false,1,11.90,31.3158,true,1,460053
4605246007729,false,קפה קלוי שחור גוקיי,,,קפה קלוי שחור גוקיי לפינזאן 100 גר,גרמים,100.00,100 גרם,false,1,9.90,9.9000,true,1,491619
4605246007842,false,תה טס פורסט דרים 20,,,"תה ""טס"" פורסט דרים 20 שק",Unknown,0.00,Unknown,false,1,14.90,0.0000,true,1,460059
4605246007859,false,תה טס ברי בר 20 שק,,,"תה ""טס"" ברי בר 20 שק",גרמים,36.00,100 גרם,false,1,14.90,41.3889,true,1,460060
4605246007873,false,תה ירוק טס פינה קולד,,,"תה ירוק ""טס"" פינה קולדה 20 שק",גרמים,36.00,100 גרם,false,1,14.90,41.3889,true,1,460061
4605246007880,false,תה ירוק טס גינגר מוח,,,"תה ירוק ""טס"" גינגר מוחיטו 20 שק",Unknown,0.00,Unknown,false,1,14.90,0.0000,true,1,460062
4605246007897,false,תה טס סאמר טיים 20 ש,,,"תה ""טס"" סאמר טיים 20 שק",גרמים,36.00,100 גרם,false,1,14.90,41.3889,true,1,498206
4605246008795,false,תה ירוק גרין מליסה 1,,,תה שחור גרין מליסה 100 שק,Unknown,0.00,Unknown,false,1,29.90,0.0000,true,1,483272
4605246009181,false,תה טס סאנרייז 100 שק,,,"תה ""טס"" סאנרייז 100 שק",גרמים,180.00,100 גרם,false,1,29.90,16.6111,true,1,498207
4605246009372,false,תה טס סנרייז 25 שק,,,"תה ""טס"" סנרייז 25 שק",Unknown,0.00,Unknown,false,1,12.90,0.0000,true,1,491627
4605246009969,false,תה גרינפילד אוכמניות,אורימי,RU,תה אוכמניות 1.5 גר 25 שק,גרמים,38.00,100 גרם,false,1,11.90,31.3158,true,1,494895
4605246010743,false,תה גרינפילד 30 סוגים,אורימי,,מארז מתנה תה גרינפילד 30 סוגים,גרמים,211.00,100 גרם,false,1,59.90,28.3886,true,1,494519
4605246011313,false,תה טס טיים 25 שק,,,"תה ""טס"" טיים 25 שק",Unknown,0.00,Unknown,false,1,12.90,0.0000,true,1,491628
4605246011337,false,תה טס גולדברי 25 שק,,,"תה ""טס"" גולדברי 25 שק",Unknown,0.00,Unknown,false,1,12.90,0.0000,true,1,498201
4605246011450,false,תה טס בננה ספליט 20,,,"תה ""טס"" בננה ספליט 20 שק",גרמים,36.00,100 גרם,false,1,14.90,41.3889,true,1,498204
4605246011719,false,קפה קלוי שחור גוקיי,קרסניי אוקטברי,,קפה קלוי שחור גוקיי לפינזאן פרמיום 100 ג,גרמים,100.00,100 גרם,false,1,8.90,8.9000,true,1,498359
4605246012518,false,תה טס ארל גריי 100 ש,,,"תה ""טס"" ארל גריי 100 שק",Unknown,0.00,Unknown,false,1,32.90,0.0000,true,1,498208
4605246013836,false,תה שחור אינגליש אדיש,,,תה שחור אינגליש אידישון 100 שק,גרמים,200.00,100 גרם,false,1,29.90,14.9500,true,1,520954
4605246015267,false,תה שחור טס שוקולד קי,,,תה שחור טס שוקולד קיס 20 שק,Unknown,0.00,Unknown,false,1,14.90,0.0000,true,1,506586
4605246015274,false,תה שחור טס בלוברי טא,,,תה שחור טס בלוברי טארט 20 שק,Unknown,0.00,Unknown,false,12,14.90,0.0000,true,1,506587
4605246015380,false,תערובת צמחים ופירות,אורימי,,תערובת צמחים ופירות בטעם דובדבן גרינפיל,Unknown,0.00,Unknown,false,1,11.90,0.0000,true,1,514748
4605246015397,false,תערובת צמחים פירות י,אורימי,,תערובת צמחים פירות יער גרינפילד 25 שק,Unknown,0.00,Unknown,false,1,11.90,0.0000,true,1,514746
4605246016691,false,תה ירוק טס 20 שק,,,תה ירוק טס 20 שק,Unknown,0.00,Unknown,false,1,12.90,0.0000,true,1,526589
4605362008716,false,גרעינים בבקיני 300 ג,קה דה או קרסנודר,,גרעינים בבקיני 300 גר,גרמים,300.00,100 גרם,false,1,18.90,6.3000,true,1,518612
4605362008730,false,גרעינים בבקיני 500 ג,קה דה בה,,גרעינים בבקיני 500 גר,גרמים,500.00,100 גרם,false,1,21.90,4.3800,true,1,518613
4605362008839,false,גרעינים בבקיני עם מל,קה דה או קרסנודר,,גרעינים בבקיני עם מלח 250 גר,גרמים,250.00,100 גרם,false,10,16.90,6.7600,true,1,516385
4605496007494,false,נודלס רולטון בטעם עו,,,נודלס רולטון בטעם עוף בשקית 60 גר,גרמים,60.00,100 גרם,false,1,2.90,4.8333,true,1,484645
4605496007517,false,נודלס רולטון בטעם בק,,,נודלס רולטון בטעם בקר בשקית 60 גר,גרמים,60.00,100 גרם,false,1,2.90,4.8333,true,1,484646
4605496007593,false,נודלס רולטון בטעם עו,,,נודלס רולטון בטעם עוף חריף בשקית 60 גר,גרמים,60.00,100 גרם,false,1,2.90,4.8333,true,1,484647
4605504512316,false,עוגיות עם אגוזים 200,סורמובסקי,,עוגיות עם אגוזים 200,גרמים,200.00,100 גרם,false,1,5.90,2.9500,true,1,460086
4605504512347,false,עוגיות תות שדה 200 ג,סורמובסקי,,עוגיות תות שדה 200 ג,גרמים,200.00,100 גרם,false,1,5.90,2.9500,true,1,460087
4605504512378,false,עוגיות שמנת 200 גר,סורמובסקי,,"עוגיות שמנת 200 ג""ר",גרמים,200.00,100 גרם,false,1,5.90,2.9500,true,1,460088
4605504512569,false,עוגיות קפה 200 גר,סורמובסקי,,"עוגיות קפה 200 ג""ר",גרמים,200.00,100 גרם,false,1,5.90,2.9500,true,1,460089
4605504512620,false,עוגיות עם ריבת חלב 2,סורמובסקי,,עוגיות עם ריבת חלב 2,גרמים,200.00,100 גרם,false,1,5.90,2.9500,true,1,460090
4605504513382,false,זפיר וניל אקסטרה 280,סורמובסקי,,זפיר וניל אקסטרה 280 גר,גרמים,280.00,100 גרם,false,1,11.90,4.2500,true,1,460091
4605504513856,false,זפיר קפה עם חלב אובו,סורמובסקי,,זפיר קפה עם חלב אקסט,גרמים,280.00,100 גרם,false,1,11.90,4.2500,true,1,460092
4605504518646,false,זפיר וניל ורוד אקסטר,סורמובסקי,,זפיר וניל ורוד אקסטרה 280 גר,גרמים,280.00,100 גרם,false,1,11.90,4.2500,true,1,460094
4605504522711,false,וופל קורובקה ממולא ב,,,וופל קורובקה ממולא בטעם חלב מבושל 300 גר,גרמים,300.00,100 גרם,false,1,14.90,4.9667,true,1,495934
4605504522728,false,וופל קורובקה ממולא ב,,,וופל קורובקה ממולא בטעם שוקולד 300 גר,גרמים,300.00,100 גרם,false,1,14.90,4.9667,true,1,495935
4605516014617,false,זפיר סלדקיי איסטוריי,וורונז',,זפיר סלדקיי איסטוריי עם אוכמניות 180גר,גרמים,180.00,100 גרם,false,1,16.90,9.3889,true,1,479017
4605516020120,false,מבחר ממתקי שוקולד וק,,,מבחר ממתקי שוקולד וקרמל פונריק 250 גר,גרמים,250.00,100 גרם,false,5,34.90,13.9600,true,1,501820
4605516020366,false,זפיר וודוחנובניה קינ,,,זפיר וודוחנובניה בטעם קינוח אגס מצופה,גרמים,245.00,100 גרם,false,1,29.90,12.2041,true,1,519627
4605516020380,false,זפיר וודוחנובניה פיר,,,זפיר וודוחנובניה בטעם פירות יער מצופה,גרמים,245.00,100 גרם,false,1,29.90,12.2041,true,1,519628
4605516023947,false,וופל דוברי סווט בטעם,,,וופל דוברי סווט בטעם חלב פרוקטוז 73 גר,גרמים,73.00,100 גרם,false,1,5.90,8.0822,true,1,506237
4605516023954,false,וופל דובריי סובט טעם,,,וופל דובריי סובט טעם אגוזים פרוקטוז 73גר,גרמים,73.00,100 גרם,false,1,5.90,8.0822,true,1,506238
4605561010305,false,פילה הרינג עם שמיר בשמן חתיכות 500גר RS,,,חתיכות פילה הרינג עם שמיר בשמן 500 גר,גרמים,500.00,100 גרם,false,6,26.90,5.3800,true,1,514691
4605561010312,false,חתיכות פילה הרינג עם,,,חתיכות פילה הרינג עם שמיר בשמן 200 גר,גרמים,200.00,100 גרם,false,1,10.90,5.4500,true,1,512514
4605561010329,false,חתיכות פילה הרינג בט,,,חתיכות פילה הרינג בטעם מעושן בשמן 500 גר,גרמים,500.00,100 גרם,false,6,26.90,5.3800,true,1,514692
4605561010336,false,חתיכות פילה הרינג בט,,,חתיכות פילה הרינג בטעם מעושן בשמן 200 גר,גרמים,200.00,100 גרם,false,1,10.90,5.4500,true,1,512515
4605561010343,false,פילה הרינג בשמן חתיכות 500גר RS,,,חתיכות פילה הרינג בשמן 500 גר,גרמים,500.00,100 גרם,false,6,26.90,5.3800,true,1,514690
4605561010350,false,חתיכות פילה הרינג בשמן פלסטיק 200 גר RS,,,חתיכות פילה הרינג בשמן פלסטיק 200 גר,גרמים,200.00,100 גרם,false,1,10.90,5.4500,true,1,512513
4605561011975,false,חתיכות פילה הרינג בשמן 150 גר RS,,,חתיכות פילה הרינג בשמן 150 גר,גרמים,150.00,100 גרם,false,1,7.90,5.2667,true,1,512512
4605561012613,false,פילה הרינג (קצוץ) בשמן 400 גר RS,,,פילה הרינג קצוץ בשמן 400 גר,גרמים,400.00,100 גרם,false,1,15.90,3.9750,true,1,512519
4605561013009,false,פילה הרינג בשמן 400 גר RS,,,פילה הרינג בשמן 400 גר,גרמים,400.00,100 גרם,false,1,15.90,3.9750,true,1,512518
4605622008739,false,בירה מדבד 5% פח 450,אפיס ברברי,,"בירה מדבד 5% פח 450 מ""ל",מיליליטרים,450.00,"100 מ""ל",false,1,8.90,1.9778,true,1,497982
4605622010008,false,בירה בוצונוק מלניק 4,אפיס ברברי,,"בירה בוצונוק מלניק 4.3% פח 500 מ""ל",מיליליטרים,500.00,"100 מ""ל",false,1,8.90,1.7800,true,1,499126
4605622010237,false,בירה בוצונוק מלניק 4,אפיס ברברי,,"בירה בוצונוק מלניק 4.3% 450 מ""ל",מיליליטרים,450.00,"100 מ""ל",false,12,9.90,2.2000,true,1,505985
4605622010268,false,בירה מלניק ברחטנויה,אפיס ברברי,,בירה מלניק ברחטנויה 4.2% 450 מל,מיליליטרים,450.00,"100 מ""ל",false,12,9.90,2.2000,true,1,505591
4605622010329,false,בירה מלניק בוצונוק ב,,,"בירה מלניק בוצונוק בהיר 450 מ""ל",מיליליטרים,450.00,"100 מ""ל",false,12,9.90,2.2000,true,1,506136
4605622010503,false,בירה מדבד 8% פחית 45,,,בירה מדבד 8% פחית 450 מל,מיליליטרים,450.00,"100 מ""ל",false,24,8.90,1.9778,true,1,512160
4605627003104,false,מעדן פרוטיס אפרסק פסיפלורה דובדבן 115ג',,,פרוטיס אפרסק/פסיפלורה/דובדבן 115 גר,גרמים,115.00,100 גרם,false,1,4.90,4.2609,true,1,498059
4605627003128,false,מעדן פרוטיס אננס מלון פטל 115ג',,,פרוטיס אננס/מלון/פטל 115 גר,גרמים,115.00,100 גרם,false,1,4.90,4.2609,true,1,498057
4605627003142,false,מעדן פרוטיס משמש מנגו פירות יער 115ג',,,פרוטיס משמש/מנגו/פירות יער 115 גר,גרמים,115.00,100 גרם,false,1,4.90,4.2609,true,1,498056
4605627003166,false,מעדן פרוטיס תות שדה תפוח אגס 115ג',,,פרוטיס תות שדה/תפוח/אגס 115 גר,גרמים,115.00,100 גרם,false,1,4.90,4.2609,true,1,498060
4605627006600,false,מעדן פרוטיס תות שדה 290ג',,,"יוגורט פרוטיס תות שדה 290 מ""ל",מיליליטרים,290.00,"100 מ""ל",false,1,9.90,3.4138,true,1,500193
4605627006624,false,מעדן פרוטיס אפרסק 290ג',,,"יוגורט פרוטיס אפרסק 290 מ""ל",מיליליטרים,290.00,"100 מ""ל",false,1,9.90,3.4138,true,1,477521
4605627006747,false,מעדן פרוטיס תות שדה עם קורנפלקס 165ג',,,יוגורט פרוטיס תות שדה עם קורנפלקס 165גר,גרמים,165.00,100 גרם,false,1,7.90,4.7879,true,1,479444
4605627007409,false,מעדן פרוטיס אגס וניל דובד פלומביר 115ג',,,פרוטיס אגס/וניל/דובדבן פלומביר 115 גר,גרמים,115.00,100 גרם,false,1,4.90,4.2609,true,1,498058
4605627007485,false,מעדן פרוטיס בננה ספליט פינקולדה 115ג',,,פרוטיס בננה/ספליט/פינקולדה 115 גר,גרמים,115.00,100 גרם,false,1,4.90,4.2609,true,1,498061
4605664011261,false,בירה זולוטייה בוצקה,,,"בירה זולוטייה בוצקה בהירה 450 מ""ל",מיליליטרים,450.00,"100 מ""ל",false,1,8.90,1.9778,true,1,491857
4605664011308,false,בירה זולוטייה בוצקה,,,"בירה זולוטייה בוצקה קלאסיק 450 מ""ל",מיליליטרים,450.00,"100 מ""ל",false,1,8.90,1.9778,true,1,491856
4605664011803,false,בירה זולוטייה בוצקה,,,בירה זולוטייה בוצקה אקסטרה פח 450 מל,מיליליטרים,450.00,"100 מ""ל",false,24,8.90,1.9778,true,1,512159
4605825004248,false,ממרח קישואים 480 גר,,,ממרח קישואים 480 גר,גרמים,480.00,100 גרם,false,1,8.90,1.8542,true,1,526047
4606495001414,false,דג יבש לש מקולף 150,,,דג יבש לש מקולף 150 גר,גרמים,150.00,100 גרם,false,1,24.90,16.6000,true,1,519224
4606598000659,false,תבלין צמח ברבריס מגי,PROFAGROTECHNIKA,,"תבלינים ""מגיה ווסטוק",גרמים,15.00,100 גרם,false,1,2.90,19.3333,true,1,460145
4606598001335,false,תבלין לאורז מגיה ווס,PROFAGROTECHNIKA,,"תבלינים ""מגיה ווסטוק",גרמים,15.00,100 גרם,false,1,2.90,19.3333,true,1,460146
4606598001342,false,תבלין לבשר מגיה ווסט,PROFAGROTECHNIKA,,"תבלין ""מגיה ווסטוקה""",גרמים,15.00,100 גרם,false,1,2.90,19.3333,true,1,460147
4606598001359,false,תבלין לעוף בגריל מגי,PROFAGROTECHNIKA,,"תבלין ""מגיה ווסטוקה""",גרמים,15.00,100 גרם,false,1,2.90,19.3333,true,1,460148
4606598001397,false,תבלין לתפוא מגיה ווס,PROFAGROTECHNIKA,,"תבלין ""מגיה ווסטוקה""",גרמים,15.00,100 גרם,false,1,2.90,19.3333,true,1,460151
4606598001427,false,תבלין לעוף מגיה ווסט,PROFAGROTECHNIKA,,"תבלין ""מגיה ווסטוקה""",גרמים,15.00,100 גרם,false,1,2.90,19.3333,true,1,460153
4606598001731,false,תבלין לגריל מגיה ווס,PROFAGROTECHNIKA,,"תבלין ""מגיה ווסטוקה""",גרמים,15.00,100 גרם,false,1,2.90,19.3333,true,1,460160
4606598002745,false,תבלין לדג סולומון מג,PROFAGROTECHNIKA,,"תבלין ""מגיה ווסטוקה""",גרמים,15.00,100 גרם,false,1,2.90,19.3333,true,1,460170
4606598003162,false,תבלין לכבש מגיה ווסט,,,"תבלין לכבש ""מגיה ווסטוקה"" 40 גר",גרמים,40.00,100 גרם,false,1,2.90,7.2500,true,1,460171
4606598003612,false,תבלין לכרעיים עוף מג,PROFAGROTECHNIKA,,"תבלין ""מגיה ווסטוקה""",גרמים,15.00,100 גרם,false,1,2.90,19.3333,true,1,460174
4606598003681,false,תבלין לגזר קוריאני מ,PROFAGROTECHNIKA,,"תבלין ""מגיה ווסטוקה""",גרמים,15.00,100 גרם,false,1,2.90,19.3333,true,1,460175
4606598006422,false,עלי דפנה 15 גר,,,עלי דפנה 15 גר,גרמים,15.00,100 גרם,false,1,2.90,19.3333,true,1,512491
4606598007054,false,פלפל קלאסיק טחון 10,PROFAGROTECHNIKA,,פלפל קלאסיק טחון 10 גר,גרמים,10.00,100 גרם,false,1,2.90,29.0000,true,1,499053
4606598007641,false,תבלין פלפל רייחני של,PROFAGROTECHNIKA,,"תבלין ""מגיה ווסטוקה""",גרמים,15.00,100 גרם,false,1,2.90,19.3333,true,1,473410
4606598007672,false,שום מיובש טחון 40 גר,PROFAGROTECHNIKA,,שום מיובש טחון 40 גר,גרמים,40.00,100 גרם,false,1,2.90,7.2500,true,1,460186
4606598008679,false,תבלין קבקזי לשישליק,PROFAGROTECHNIKA,,"תבליני ""מגיה ווסטוקה",גרמים,15.00,100 גרם,false,1,2.90,19.3333,true,1,460188
4606598010733,false,כוסמת בטעם בצל מטוגן,PROFAGROTECHNIKA,,כוסמת בטעם בצל מטוגן 40 גר,גרמים,40.00,100 גרם,false,1,3.90,9.7500,true,1,460194
4606598010764,false,אורז בטעם גזר ובצל 4,PROFAGROTECHNIKA,,אורז בטעם גזר ובצל 40 גר,גרמים,40.00,100 גרם,false,1,3.90,9.7500,true,1,468753
4606598016018,false,תערובת תיבול לעוף על,PROFAGROTECHNIKA,,תערובת תיבול לעוף על האש 15 גר,גרמים,15.00,100 גרם,false,1,2.90,19.3333,true,1,499060
4606599008883,false,חלב מרוכז ממותק בתוס,,,חלב מרוכז ממותק בתוספת שומן צמחי 370 גר,גרמים,370.00,100 גרם,false,45,9.90,2.6757,true,1,510730
4606599009880,false,חלב מרוכז ממותק בתוס,,,חלב מרוכז ממותק בתוספת שומן צמחי 1000,גרמים,1000.00,100 גרם,false,9,19.90,1.9900,true,1,510731
4606599013320,false,חלב מרוכז ממותק בתוס,,,חלב מרוכז ממותק בתוספת שומן צמחי 500 גר,גרמים,500.00,100 גרם,false,12,10.90,2.1800,true,1,522417
4607001410317,false,רולדה אגדה תות שדה 2,רמנסקי,,רולדה אגדה תות שדה 200 גר,גרמים,200.00,100 גרם,false,1,6.90,3.4500,true,1,481030
4607001410324,false,רולדה אגדה פירות יער,רמנסקי,,רולדה אגדה פירות יער 200 גר,גרמים,200.00,100 גרם,false,1,6.90,3.4500,true,1,460201
4607001411666,false,רולדה אגדה ריבת חלב,,,רולדה אגדה ריבת חלב 200 גר,גרמים,200.00,100 גרם,false,1,6.90,3.4500,true,1,460203
4607001414445,false,טארטלט מתוק 180 גר,רמנסקי,,טארטלט מתוק 180 גר,גרמים,180.00,100 גרם,false,1,9.90,5.5000,true,1,481035
4607001414452,false,טארטלט רגיל 180 גר,רמנסקי,,טארטלט רגיל 180 גר,גרמים,180.00,100 גרם,false,1,9.90,5.5000,true,1,460206
4607001415442,false,עוגה אישית ארנבון במ,רמנסקי,,עוגה אישית ארנבון במילוי שוקולד 150 גר,גרמים,150.00,100 גרם,false,1,11.90,7.9333,true,1,482138
4607001415701,false,טורט טראפל 350 גר,רמנסקי,,טורט טראפל 350 גר,גרמים,350.00,100 גרם,false,1,16.90,4.8286,true,1,481034
4607001415725,false,טורט שוורצואלד יער ש,רמנסקי,,טורט שוורצואלד יער שחור ודובדבן 350 גר,גרמים,350.00,100 גרם,false,1,16.90,4.8286,true,1,481031
4607001415732,false,טורט סיציליה תפוזים,רמנסקי,,טורט סיציליה תפוזים 350 גר,גרמים,350.00,100 גרם,false,1,16.90,4.8286,true,1,481032
4607001416241,false,קקס עם קרם חלב מרוכז,רמנסקי,,קקס עם קרם חלב מרוכז 470 גר,גרמים,470.00,100 גרם,false,1,15.90,3.3830,true,1,489338
4607001416265,false,קקס בטעם תות 470 גר,רמנסקי,,קקס בטעם תות 470 גר,גרמים,470.00,100 גרם,false,1,15.90,3.3830,true,1,489976
4607001850359,false,פסטה טליאטלה 3 צבעים,,,פסטה טליאטלה 3 צבעים 450 גר,גרמים,450.00,100 גרם,false,9,9.90,2.2000,true,1,521948
4607001850571,false,פסטה בצורות שונות 45,,,פסטה בצורות שונות 450 גר,גרמים,450.00,100 גרם,false,28,5.90,1.3111,true,1,521945
4607001852759,false,פסטה נודלס לאגמן 350,,,פסטה נודלס לאגמן 350 גר,גרמים,350.00,100 גרם,false,28,5.90,1.6857,true,1,521946
4607002990238,false,שעועית אדומה דוד וני,,RU,שעועית אדומה דוד וניה 400 גר,גרמים,400.00,100 גרם,false,12,9.90,2.4750,true,1,522902
4607002990252,false,שעועית לבנה דוד וניה,,RU,שעועית לבנה דוד וניה 400 גר,גרמים,400.00,100 גרם,false,12,9.90,2.4750,true,1,522903
4607002990290,false,מלפפונים  מוחמצים  ד,רוסקויי פולה אלבאשי,RU,מלפפון מוחמץ דיאדיה וניה 680 גר,גרמים,680.00,100 גרם,false,1,13.90,2.0441,true,1,495923
4607002990474,false,עגבניות מוחמצות  דאד,רוסקויי פולה אלבאשי,RU,עגבניות מוחמצות 680 גר,גרמים,680.00,100 גרם,false,1,13.90,2.0441,true,1,498106
4607002990481,false,עגבניות במיץ עגבניות,דדיה ואניה,,עגבניות במיץ עגבניות דיאדיה וניה 680 גר,גרמים,680.00,100 גרם,false,1,13.90,2.0441,true,1,495924
4607002991235,false,אסורטי מוחמץ דיאדיה,,,אסורטי מוחמץ דיאדיה וניה 1.8 ל,ליטרים,1.80,ליטר,false,1,29.90,16.6111,true,1,497797
4607002991358,false,מלפפון מוחמץ דיאדיה,,,מלפפון מוחמץ דיאדיה וניה 1.8 ל,ליטרים,1.80,ליטר,false,1,29.90,16.6111,true,1,497795
4607002991587,false,עגבניות מוחמץ דיאדיה,,,עגבניות מוחמץ דיאדיה וניה 1.8 ל,ליטרים,1.80,ליטר,false,1,29.90,16.6111,true,1,497796
4607002995752,false,מלפפונים ועגבניות מוחמצים,דדיה ואניה,,אסורטי עגבניות ומלפפון דיאדיה וניה 680 ג,גרמים,680.00,100 גרם,false,1,13.90,2.0441,true,1,501161
4607002995868,false,"פלפלים ברוטב עגבניות ""לצ'ו""",דדיה ואניה,,לצו דיאדיה וניה 680 גר,גרמים,680.00,100 גרם,false,1,13.90,2.0441,true,1,495922
4607002995943,false,ממרח קישואים קלויים,דדיה ואניה,,ממרח קישואים קלויים 460 גר,גרמים,460.00,100 גרם,false,1,11.90,2.5870,true,1,507898
4607002997558,false,סלט פלפל אדום הונגרי,דדיה ואניה,,סלט הונגרי דיאדיה וניה 460 גר,גרמים,460.00,100 גרם,false,1,11.90,2.5870,true,1,495920
4607002997633,false,אדגיקה ממרח פיקנטי ד,,,אדגיקה ממרח פיקנטי דיאדיה וניה 460 גר,גרמים,460.00,100 גרם,false,1,11.90,2.5870,true,1,497765
4607002998142,false,מלפפונים בחומץ דיאדי,,,מלפפונים בחומץ דיאדיה וניה 950 גר,גרמים,950.00,100 גרם,false,1,16.90,1.7789,true,1,516126
4607002998180,false,מלפפונים במלח דיאדיה,,,מלפפונים במלח דיאדיה וניה 950 גר,גרמים,950.00,100 גרם,false,1,16.90,1.7789,true,1,516125
4607002999187,false,מלפפונים קורנישונים,,,עגבניות מוחמצות 680 גר,גרמים,680.00,100 גרם,false,1,13.90,2.0441,true,1,497764
4607002999286,false,קישואים באדזיקה דיאד,,,קישואים באדזיקה דיאדיה וניה 460 גר,גרמים,460.00,100 גרם,false,1,11.90,2.5870,true,1,495921
4607002999309,false,תבשיל שעועית ברוטב עגבניות,דדיה ואניה,,שעועית לבנה אפויה 480 גר,גרמים,480.00,100 גרם,false,1,11.90,2.4792,true,1,507895
4607002999323,false,ממרח חצילים 460 גרם,דדיה ואניה,,ממרח חצילים 460 גר,גרמים,460.00,100 גרם,false,1,11.90,2.5870,true,1,507899
4607002999545,false,שעועית אדומה לוביו 4,,,שעועית אדומה לוביו 480 גר,גרמים,480.00,100 גרם,false,1,11.90,2.4792,true,1,507897
4607002999620,false,כוסמת עם פטריות שמפי,,,כוסמת עם פטריות שמפיניון 460 גר,גרמים,460.00,100 גרם,false,1,11.90,2.5870,true,1,507896
4607005400550,false,שוקולד מריר 72% 250,POBEDA,,"שוקולד מריר 250 ג""ר",גרמים,250.00,100 גרם,false,1,19.90,7.9600,true,1,460212
4607005400574,false,שוקולד אגוזים 250 גר,POBEDA,,שוקולד לסנוי אורך 25,גרמים,250.00,100 גרם,false,1,18.90,7.5600,true,1,460214
4607005401175,false,שוקולד חלב עם אגוזים,POBEDA,,שוקולד חלב עם אגוזים 250 גר,גרמים,250.00,100 גרם,false,1,18.90,7.5600,true,1,460218
4607005401229,false,שוקולד חלב עם דובדבן,POBEDA,,שוקולד עם דובדבן 250,גרמים,250.00,100 גרם,false,1,18.90,7.5600,true,1,460220
4607011260230,false,עוגיות שיבולת שועל ח,לובימיי קראי,,עוגיות שיבולת שועל חווטי קא קלאסי 400 גר,גרמים,400.00,100 גרם,false,1,9.90,2.4750,true,1,484288
4607011260247,false,עוגיות שיבולת שועל ח,לובימיי קראי,,עוגיות שיבולת שועל חוואטי קא חלב 400 גר,גרמים,400.00,100 גרם,false,1,9.90,2.4750,true,1,484289
4607011268687,false,עוגיות שיבולת שועל ע,"""lyubimiy kray""",,עוגיות שיבולת שועל עםחמוציות ופרוקטוזה 3,גרמים,300.00,100 גרם,false,1,11.90,3.9667,true,1,473690
4607012351005,false,מרטין גרעיני חמניות 200ג,"נארז ע""י : א.ג. גילר",RU,גרעיני חמנייה מרטין 200גר,גרמים,200.00,100 גרם,false,1,12.90,6.4500,true,1,475074
4607012351128,false,גרעיני חמניות קלויים,מרטין,,גרעיני חמניות מרטין 500גר,גרמים,500.00,100 גרם,false,1,29.90,5.9800,true,1,476182
4607012351791,false,סוחריקי מרטין גבינה,MARTIN,,סוחריקי מרטין גבינה 60גר,גרמים,60.00,100 גרם,false,1,4.90,8.1667,true,1,476186
4607012351807,false,סוחריקי מרטין בייקון,MARTIN,,סוחריקי מרטין בייקון 60גר,גרמים,60.00,100 גרם,false,1,4.90,8.1667,true,1,476185
4607012351821,false,סוחריקי מרטין ירק עם,MARTIN,,סוחריקי מרטין ירק עם שמנת 60גר,גרמים,60.00,100 גרם,false,1,4.90,8.1667,true,1,476183
4607012351999,false,גרעיני חמניות קלויים עם מלח,"נארז ע""י : א.ג. גילר",RU,גרעיני חמנייה מרטין עם מלח 200גר,גרמים,200.00,100 גרם,false,1,12.90,6.4500,true,1,479360
4607012352002,false,גרעיני דלעת מרטין 10,MARTIN,,גרעיני דלעת מרטין 100 גר,גרמים,100.00,100 גרם,false,1,12.90,12.9000,true,1,480681
4607012352095,false,גרעיני חמניות קלויים עם מלח,מרטין,,גרעיני חמניות מרטין עם מלח 500 גר,גרמים,500.00,100 גרם,false,1,29.90,5.9800,true,1,482919
4607012352453,false,גרעיני חמניות פסים קלויים עם מלח,מרטין,,גרעיני חמניות מרטין פסים 150 גר,גרמים,150.00,100 גרם,false,1,9.90,6.6000,true,1,493851
4607012352538,false,גרעיני חמניות קלויים מיקס,מרטין,,גרעיני חמניות מרטין מיקס 200 גר,גרמים,200.00,100 גרם,false,1,12.90,6.4500,true,1,497766
4607012352606,false,גרעיני חמניות קלויים מיקס,מרטין,,גרעיני חמניות מרטין מיקס 200 גר,גרמים,200.00,100 גרם,false,1,12.90,6.4500,true,1,498782
4607012352804,false,בוטנים קלופים קלויים,,,בוטנים קלופים קלויים מרטין עם מלח 100 גר,גרמים,100.00,100 גרם,false,20,6.90,6.9000,true,1,509035
4607012352927,false,בוטנים מרטין קלויים,MARTIN,,גרעיני חמניות מרטין בלי מלח 200 גר,גרמים,200.00,100 גרם,false,14,12.90,6.4500,true,1,509691
4607012353382,false,גרעיני חמניות לבן מר,,,גרעיני חמניות לבן מרטין עם מלח 250 גר,גרמים,250.00,100 גרם,false,1,14.90,5.9600,true,1,520529
4607012353702,false,גרעיני חמניות פסים מ,,,גרעיני חמניות פסים מרטין עם מלח 250 גר,גרמים,250.00,100 גרם,false,1,14.90,5.9600,true,1,524165
4607014780551,false,שמן חמניות בלאגו מזו,קליסה,,"שמן חמניות ""בלאגו"" מ",מיליליטרים,1000.00,"100 מ""ל",false,1,21.90,2.1900,true,1,460242
4607014782111,false,שמן חמניות בלאגו לא,קליסה,,"שמן חמניות ""בלאגו"" ל",מיליליטרים,1000.00,"100 מ""ל",false,1,21.90,2.1900,true,1,460243
4607014788014,false,שמן קנולה 1 ל,,,שמן קנולה 1 ל,ליטרים,1.00,ליטר,false,1,11.90,11.9000,true,1,522769
4607016240374,false,גריסים פנינה 800 גר,אובלקה,,גריסים פנינה 800 גר,גרמים,800.00,100 גרם,false,1,8.90,1.1125,true,1,460245
4607016240398,false,סולת 700 גר,אובלקה,,"סולת 700 גר""",גרמים,700.00,100 גרם,false,1,9.90,1.4143,true,1,460246
4607016240893,false,כוסמת 800 גר,אובלקה,,כוסמת 800 גר,גרמים,800.00,100 גרם,false,1,16.90,2.1125,true,1,460265
4607016240909,false,אפונה מרוסקת 800 גר,אובלקה,,"אפונה מרוסקת 800 גר""",גרמים,800.00,100 גרם,false,1,10.90,1.3625,true,1,460266
4607016240923,false,גריסי שעורה 600 גר,אובלקה,,גריסי שעורה 600גר,גרמים,600.00,100 גרם,false,1,8.90,1.4833,true,1,460268
4607016240930,false,דוחן 800 גר,אובלקה,,דוחן 800גר,גרמים,800.00,100 גרם,false,1,12.90,1.6125,true,1,460269
4607016241104,false,גריסי פנינה 80 גר חמ,אובלקה,,"גריסי פנינה 80 גר"" ח",גרמים,400.00,100 גרם,false,1,8.90,2.2250,true,1,460271
4607016241111,false,גריסי תירס 80 גר חמי,אובלקה,,"גריסי תירס 80 גר"" חמ",גרמים,400.00,100 גרם,false,1,8.90,2.2250,true,1,460272
4607016243047,false,שיבולת שועל עם תות 2,אובלקה,,שיבולת שועל עם תות 200 גר,גרמים,200.00,100 גרם,false,1,13.90,6.9500,true,1,460284
4607016243108,false,שיבולת שועל עם פטל 2,אובלקה,,דייסה שיבולת שועל עם פטל חמישייה,גרמים,200.00,100 גרם,false,1,13.90,6.9500,true,1,460286
4607016243160,false,שיבולת שועל עם אפרסק,אובלקה,,שיבולת שועל עם אפרסק 200 גר,גרמים,200.00,100 גרם,false,1,13.90,6.9500,true,1,460288
4607016243191,false,שיבולת שועל עם אוכמנ,אובלקה,,שיבולת שועל עם אוכמניות 200 גר,גרמים,200.00,100 גרם,false,1,13.90,6.9500,true,1,460289
4607016243221,false,שיבולת שועל עם תפוח,אובלקה,,שיבולתשועל עם תפוח 200 גר,גרמים,200.00,100 גרם,false,1,13.90,6.9500,true,1,460290
4607016244716,false,גריסי תירס 750 גר,אובלקה,,גריסי תירס 750 גר,גרמים,750.00,100 גרם,false,1,8.90,1.1867,true,1,469276
4607016244730,false,גריסי חיטה 650 גר,אובלקה,,גריסי חיטה 650גר,גרמים,650.00,100 גרם,false,1,11.90,1.8308,true,1,469856
4607016245171,false,שיבולת שועל אסורטי 5,אובלקה,,דייסה שיבולת שועל אסורטי 5 טעמים,גרמים,200.00,100 גרם,false,1,13.90,6.9500,true,1,517182
4607016245348,false,פתיתי 5 דגנים אובלקה,,,פתיתי 5 דגנים אובלקה דקים 350 גר,גרמים,350.00,100 גרם,false,1,7.90,2.2571,true,1,485998
4607016245430,false,תערובת 6 דגנים אובלק,או.או.או.רסורס,,תערובת 6 דגנים אובלקה 350 גר,גרמים,350.00,100 גרם,false,1,9.90,2.8286,true,1,484137
4607016245461,false,קטניות גריסי חיטה 80,אובלקה,,קטניות גריסי חיטה 80 גר חמישייה,גרמים,400.00,100 גרם,false,1,10.90,2.7250,true,1,486235
4607016245478,false,גריסי דוחן 80 גר חמי,אובלקה,,גריסי דוחן 80 גר חמישייה,גרמים,400.00,100 גרם,false,1,10.90,2.7250,true,1,486237
4607016245485,false,קטניות כוסמת 80 גר ח,אובלקה,,קטניות כוסמת 80 גר חמישייה,גרמים,400.00,100 גרם,false,1,12.90,3.2250,true,1,486238
4607016245508,false,גריסי שעורה 80 גר חמ,אובלקה,,גריסי שעורה 80 גר חמישייה,גרמים,400.00,100 גרם,false,1,9.90,2.4750,true,1,486236
4607016245584,false,פתיתי כוסמת אובלקה 4,אובלקה,,פתיתי כוסמת אובלקה 400 גר,גרמים,400.00,100 גרם,false,1,16.90,4.2250,true,1,487830
4607016245782,false,שיבולת שועל עם ענב ש,אובלקה,,דייסה שיבולת שועל עם ענב שחור חמישייה,גרמים,200.00,100 גרם,false,1,13.90,6.9500,true,1,486227
4607016245805,false,שיבולת שועל עם תערוב,אובלקה,,דייסה שיבולת שועל עם תערובת פירות יער 5,גרמים,200.00,100 גרם,false,1,13.90,6.9500,true,1,486228
4607016246024,false,פתיתי שיבולת שועל לה,,,שיבולת שועל להכנה מהירה 500 גר,גרמים,500.00,100 גרם,false,1,9.90,1.9800,true,1,498773
4607016246031,false,פתיתי שיבולת שועל דק,,,שיבולת שועל שקה להכנה מיידית 500 גר,גרמים,500.00,100 גרם,false,1,9.90,1.9800,true,1,498774
4607016246413,false,תערובת 5 דגנים 400 ג,,,תערובת 5 דגנים 400 גר,גרמים,400.00,100 גרם,false,1,5.90,1.4750,true,1,512415
4607016246420,false,פתית שיבולת שועל הרק,,,פתית שיבולת שועל הרקולס משביע 400 גר,גרמים,400.00,100 גרם,false,1,5.90,1.4750,true,1,512414
4607016246444,false,NH פתיתי כוסמת 500 ג,,,NH פתיתי כוסמת 500 גר,גרמים,500.00,100 גרם,false,1,12.90,2.5800,true,1,512863
4607016246840,false,כוסמת 800 גר,,,כוסמת 800 גר,גרמים,800.00,100 גרם,false,1,16.90,2.1125,true,1,512854
4607016247335,false,דייסת שיבולת שועל עם,,,"דייסת שיבולת שועל עם תפו""ע חמישייה",גרמים,200.00,100 גרם,false,1,9.90,4.9500,true,1,512416
4607016247359,false,דייסת שיבולת שועל עם,,,דייסת שיבולת שועל עם ענבי שועל חמישייה,גרמים,200.00,100 גרם,false,1,9.90,4.9500,true,1,512417
4607016247373,false,דייסת שיבולת שועל עם,,,דייסת שיבולת שועל עם פטל חמישייה,גרמים,200.00,100 גרם,false,1,9.90,4.9500,true,1,512418
4607016247397,false,דייסת שיבולת שועל עם,,,דייסת שיבולת שועל עם תות שדה חמישייה,גרמים,200.00,100 גרם,false,1,9.90,4.9500,true,1,512419
4607016247410,false,דייסת שיבולת שועל עם,,,דייסת שיבולת שועל עם משמש חמישייה,גרמים,200.00,100 גרם,false,1,9.90,4.9500,true,1,512420
4607016247441,false,דייסת שיבולת שועל 5,,,דייסת שיבולת שועל 5 טעמים חמישייה,גרמים,200.00,100 גרם,false,1,9.90,4.9500,true,1,512421
4607016310169,false,רוטב עגבניות קינטו ב,אואואו דרסיל,,רוטב עגבניות קינטו ביתי 300גר,גרמים,300.00,100 גרם,false,1,12.90,4.3000,true,1,478997
4607016310268,false,רוטב טקמלי קינטו ירו,אואואו דרסיל,,רוטב טקמלי קינטו ירוק 300גר,גרמים,300.00,100 גרם,false,1,17.90,5.9667,true,1,479003
4607016310275,false,רוטב טקמלי קינטו שיש,אואואו דרסיל,,רוטב טקמלי קינטו שישליק 300גר,גרמים,300.00,100 גרם,false,1,17.90,5.9667,true,1,479001
4607016313030,false,רוטב ברוסניקה קינטו,ז אי או יוזמורריבפלו,,רוטב ברוסניקה קינטו 320 גר,גרמים,320.00,100 גרם,false,1,27.90,8.7187,true,1,520524
4607016313412,false,רוטב פלפל אדום חריף,,,רוטב פלפל אדום חריף 265 גר,גרמים,265.00,100 גרם,false,1,14.90,5.6226,true,1,527573
4607016418322,false,דובשניות במילוי בטעם,,,דובשניות במילוי בטעם תות שדה 500 גר,גרמים,500.00,100 גרם,false,1,15.90,3.1800,true,1,519746
4607016419060,false,דובשניות במילוי בטעם,,,דובשניות במילוי בטעם ריבת חלב 500 גר,גרמים,500.00,100 גרם,false,1,15.90,3.1800,true,1,519748
4607017090350,false,מים מינרליים יסנטוקי,,,מים מינרליים יסנטוקי 1.5 ל,ליטרים,1.50,ליטר,false,1,10.90,7.2667,true,1,491473
4607017091029,false,מים מינרליים יסנטוקי,,,מים מינרליים יסנטוקי 1.5 ל,ליטרים,1.50,ליטר,false,1,10.90,7.2667,true,1,491474
4607017097878,false,מים מינרליים סטארי א,,,מים מינרליים סטארי איסטוצניק מס 4 450 מל,מיליליטרים,450.00,"100 מ""ל",false,1,7.90,1.7556,true,1,516233
4607017097885,false,מים מינרליים סטארי א,,,מים מינרליים סטארי איסטוצניק 17 450 מל,מיליליטרים,450.00,"100 מ""ל",false,1,7.90,1.7556,true,1,516234
4607018271758,false,בלינציס במילוי דובדב,,,בלינציס במילוי דובדבנים 360 גר,גרמים,360.00,100 גרם,false,1,11.90,3.3056,true,1,468282
4607018271765,false,בלינציס במילוי גבינה,לינה,,בלינציס במילוי גבינה לבנה 360 גר,גרמים,360.00,100 גרם,false,1,11.90,3.3056,true,1,480516
4607018271819,false,בלינציס 450 גר,,,בלינציס 450 גר,גרמים,450.00,100 גרם,false,1,16.90,3.7556,true,1,468191
4607018272854,false,בלינציס ריק 360 גר,לינה,,בלינציס ריק 360 גר,גרמים,360.00,100 גרם,false,1,11.90,3.3056,true,1,480517
4607018276890,false,בלינציס במילוי מחית,לינה,,בלינציס במילוי מחית אוכמניות שחורות 360,גרמים,360.00,100 גרם,false,1,11.90,3.3056,true,1,514072
4607018277736,false,בלינצס במילוי מחית פ,,,בלינצס במילוי מחית פטל לינה 360 גר,גרמים,360.00,100 גרם,false,1,11.90,3.3056,true,1,512193
4607018771791,false,מים מינרליים טבעיים,טסטי פוד,RU,מים מינרליים טבעיים מוגז יסינטוקי מס 17,מיליליטרים,450.00,"100 מ""ל",false,20,9.90,2.2000,true,1,522639
4607018771821,false,מים מינרליים טבעיים,טסטי פוד,RU,מים מינרליים טבעיים מוגזים יסינטוקי מס 4,מיליליטרים,450.00,"100 מ""ל",false,20,9.90,2.2000,true,1,522638
4607023791029,false,קוויאר אדום 95 גר,א.ר.ד.י.ו,,קוויאר פחיות 95 גרם,גרמים,95.00,100 גרם,false,1,34.90,36.7368,true,1,460293
4607025280019,false,קמח 2 קג,אובלקה,,"קמח 2 ק""ג",גרמים,2000.00,100 גרם,false,1,20.90,1.0450,true,1,460294
4607025280026,false,קמח חיטה 1 קג,אובלקה,,"קמח חיטה 1 ק""ג",גרמים,1000.00,100 גרם,false,1,10.90,1.0900,true,1,460295
4607026342341,false,יין מבעבע לבן חצי מת,,,יין מבעבע לבן חצי מתוק אבראו דורסו 750,מיליליטרים,750.00,"100 מ""ל",false,1,39.90,5.3200,true,1,518772
4607026342495,false,יין מבעבע לבן יבש מא,,,יין מבעבע לבן יבש מאוד ברוט אבראו דורסו,מיליליטרים,750.00,"100 מ""ל",false,1,39.90,5.3200,true,1,518771
4607026342761,false,יין מבעבע לבן חצי יב,,,יין מבעבע לבן חצי יבש אבראו דורסו 750 מל,מיליליטרים,750.00,"100 מ""ל",false,1,39.90,5.3200,true,1,518769
4607026342792,false,יין מבעבע רוזה חצי י,,,יין מבעבע רוזה חצי יבש אבראו דורסו 750 מ,מיליליטרים,750.00,"100 מ""ל",false,1,39.90,5.3200,true,1,518770
4607029050373,false,שמן חמניות לא מזוכך,קובנוצ'קה,,שמן חמניות לא מזוכך פרימיום קובנוצקה 1 ל,ליטרים,1.00,ליטר,false,1,24.90,24.9000,true,1,484520
4607029050380,false,שמן חמניות מזוכך 1 ל,קובנוצ'קה,,שמן חמניות מזוכך 1 ל,ליטרים,1.00,ליטר,false,1,24.90,24.9000,true,1,484521
4607029051035,false,עגבניות אדומות בחומץ,קובנוצ'קה,,עגבניות אדומות בחומץ קובנוצקה 720 גר,גרמים,720.00,100 גרם,false,1,14.90,2.0694,true,1,484537
4607029051059,false,מלפפונים בחומץ קובנ,,,מלפפונים בחומץ קובנוצקה 720 גר,גרמים,720.00,100 גרם,false,1,14.90,2.0694,true,1,522012
4607029052643,false,מלפפון בחומץ קובנוצק,,,מלפפון בחומץ קובנוצקה 1500 גר,גרמים,1500.00,100 גרם,false,1,26.90,1.7933,true,1,485967
4607029052711,false,קורנישון בחומץ קובנ,,,קורנישון בחומץ קובנוצקה 680 גר,גרמים,680.00,100 גרם,false,1,16.90,2.4853,true,1,522010
4607029053060,false,ממרח חצילים קובנוצקה,,,ממרח חצילים קובנוצקה 500 גר,גרמים,500.00,100 גרם,false,1,14.90,2.9800,true,1,522003
4607029053077,false,ממרח קישואים קובנוצק,,,ממרח קישואים קובנוצקה 500 גר,גרמים,500.00,100 גרם,false,1,14.90,2.9800,true,1,522002
4607029053091,false,תבשיל ירקות ראגו הונ,,,תבשיל ירקות ראגו הונגרי קובנוצקה 500 גר,גרמים,500.00,100 גרם,false,1,14.90,2.9800,true,1,522007
4607029053107,false,רוטב אדגיקה בסגנון א,,,רוטב אדגיקה בסגנון ארמני קובנוצקה 500 גר,גרמים,500.00,100 גרם,false,1,14.90,2.9800,true,1,522004
4607029053367,false,תבשיל סאוטה חצילים ק,,,תבשיל סאוטה חצילים קובנוצקה 500 גר,גרמים,500.00,100 גרם,false,1,14.90,2.9800,true,1,522006
4607029053428,false,ממרח סלק קובנוצקה 50,,,ממרח סלק קןבנוצקה 500 גר,גרמים,500.00,100 גרם,false,1,14.90,2.9800,true,1,523987
4607029053572,false,קורנישון בחומץ בסגנו,,,קורנישון בחומץ בסגנון וינאי קובנוצקה 680,גרמים,680.00,100 גרם,false,1,16.90,2.4853,true,1,522262
4607029053596,false,קורנישון חריף בחומץ,,,קורנישון חריף בחומץ בסגנון ציליאני 680 ג,גרמים,680.00,100 גרם,false,1,16.90,2.4853,true,1,522008
4607029054203,false,ממרח גזר קובנוצקה 50,,,ממרח גזר קןבנוצקה 500 גר,גרמים,500.00,100 גרם,false,1,14.90,2.9800,true,1,523988
4607029345004,false,עוגת מוראוויניק 600,,,עוגת מוראוויניק 600 גר,גרמים,600.00,100 גרם,false,1,49.90,8.3167,true,1,525298
4607029345813,false,עוגת שוקולד בלגי 900,,,עוגת שוקולד בלגי 900 גר,גרמים,900.00,100 גרם,false,1,82.90,9.2111,true,1,525305
4607029345837,false,עוגה שלושה שוקולדים,,,עוגה שלושה שוקולדים 900 גר,גרמים,900.00,100 גרם,false,1,82.90,9.2111,true,1,525303
4607029348166,false,סט עוגות אישיות מוראוויניק 420 גרם Muroveinik,,,סט עוגות אישיות מוראוויניק 420 גר,גרמים,420.00,100 גרם,false,1,25.90,6.1667,true,1,525295
4607030068442,false,צנימים עם סוכר קלאסי,"מפעל לייצור לחם""טולס",,צנימים עם סוכר קלאסי 300 גר,גרמים,300.00,100 גרם,false,1,16.90,5.6333,true,1,479835
4607032239963,false,ברנדי גולדן רזרב 500,,,ברנדי גולדן רזרב 500 מל,מיליליטרים,500.00,"100 מ""ל",false,1,54.90,10.9800,true,1,517815
4607035190711,false,תיבול אוניברסלי לכל,COMPANI SPACE,,תיבול אוניברסלי לכל מנות 200גר,גרמים,200.00,100 גרם,false,1,8.90,4.4500,true,1,477833
4607035191381,false,אבקת אפיה לבצק 10 גר,או.או.או.ספאים צילבי,RU,"אסורטי ירקות וסוליה גריאדקה 1.8 ק""ג",גרמים,10.00,100 גרם,false,120,2.90,29.0000,true,1,493065
4607035191688,false,עמילן תפוא 180 גר,COMPANI SPACE,,"עמילן תפו""א 180גר",גרמים,180.00,100 גרם,false,1,4.90,2.7222,true,1,478929
4607035192326,false,אבקת חרדל 90 גר,COMPANI SPICE,,אבקת חרדל 90גר,גרמים,90.00,100 גרם,false,1,4.90,5.4444,true,1,477836
4607035192333,false,קוואס יבש 200 גר,COMPANI SPACE,,קוואס יבש 200גר,גרמים,200.00,100 גרם,false,1,5.90,2.9500,true,1,478928
4607035192449,false,קיסל בטעם דובדבן 200,COMPANI SPACE,,קיסל סמורודינה {תות} 200 גר,גרמים,200.00,100 גרם,false,1,4.90,2.4500,true,1,492844
4607035192685,false,קיסל ברוסניקה 200 גר,COMPANI SPACE,,קיסל ברוסניקה 200גר,גרמים,200.00,100 גרם,false,1,4.90,2.4500,true,1,477827
4607035192715,false,קיסל זמליאניקה 200 ג,COMPANI SPACE,,קיסל זמליאניקה 200גר,גרמים,200.00,100 גרם,false,1,4.90,2.4500,true,1,477828
4607035192814,false,חומצת לימון 10גר,COMPANI SPACE,,חומצת לימון 10גר,גרמים,10.00,100 גרם,false,1,2.90,29.0000,true,1,478942
4607036201331,false,ממרח חצילים מטוגנים,וקוסני פרודוקט,,ממרח חצילים מטוגנים 545 גר,גרמים,545.00,100 גרם,false,1,12.90,2.3670,true,1,498888
4607036201348,false,ממרח קישואים מטוגנים,וקוסני פרודוקט,,ממרח קישואים מטוגנים 545 גר,גרמים,545.00,100 גרם,false,1,12.90,2.3670,true,1,498889
4607036201560,false,ממרח קישואים פיקנטה,,,ממרח קישואים פיקנטה 520 גר,גרמים,520.00,100 גרם,false,1,14.90,2.8654,true,1,504407
4607036201577,false,ממרח חצילים פיקנטה 5,,,ממרח חצילים פיקנטה 520 גר,גרמים,520.00,100 גרם,false,1,14.90,2.8654,true,1,504406
4607037431164,false,זפיר לאנז סליבוצני 4,פקטורי נבה אל טי די,,זפיר לאנז סליבוצני 420 גר,גרמים,420.00,100 גרם,false,1,19.90,4.7381,true,1,482295
4607037431188,false,זפיר לאנז מצופה שוקו,NEVA,,זפיר מצופה שוקולד 45,גרמים,450.00,100 גרם,false,1,27.90,6.2000,true,1,460321
4607037431225,false,זפיר ורוד לבן 420 גר,NEVA,,"זפיר ורוד לבן 420 ג""",גרמים,420.00,100 גרם,false,9,19.90,4.7381,true,1,460323
4607037431300,false,זפיר וניל 420 גר,NEVA,,זפיר וניל 420 גר,גרמים,420.00,100 גרם,false,1,19.90,4.7381,true,1,460324
4607037433380,false,מבחר ממתקי גלי בטעם,פנזה,,מבחר ממתקי גלי בטעם פירות 250 גר,גרמים,250.00,100 גרם,false,1,14.90,5.9600,true,1,517161
4607037437296,false,פסטילה וניל 200 גר,NEVA,,פסטילה וניל 200 גרי,גרמים,200.00,100 גרם,false,1,11.90,5.9500,true,1,472937
4607037437647,false,זפיר לאנז חמוציות 42,,,זפיר לאנז חמוציות 420 גר,גרמים,420.00,100 גרם,false,1,19.90,4.7381,true,1,486654
4607037437777,false,זפיר בטעם תפוח 420 ג,NEVA,,זפיר בטעם תפוח 420 גר,גרמים,420.00,100 גרם,false,1,19.90,4.7381,true,1,487234
4607037437807,false,זפיר ורוד לבן 800 גר,,,זפיר ורוד לבן 800 גר,גרמים,800.00,100 גרם,false,1,34.90,4.3625,true,1,525327
4607037437814,false,זפיר וניל 800 גר,,,זפיר וניל 800 גר,גרמים,800.00,100 גרם,false,1,34.90,4.3625,true,1,525328
4607037437852,false,זפיר שמנת 800 גר,,,זפיר שמנת 800 גר,גרמים,800.00,100 גרם,false,1,34.90,4.3625,true,1,525329
4607037437906,false,זפיר וניל מצופה שוקו,,,זפיר וניל מצופה שוקולד 900 גר,גרמים,900.00,100 גרם,false,1,46.90,5.2111,true,1,525331
4607037439535,false,פסטילה בטעם וניל עם,פקטורי נבה אל טי די,,פסטילה בטעם וניל עם מרמלד 200 גר,גרמים,200.00,100 גרם,false,1,12.90,6.4500,true,1,482299
4607037439962,false,זפיר וניל פרוקטוזה מ,NEVA,,זפיר וניל פרוקטוזה מצופה שוקולד 200ג,גרמים,200.00,100 גרם,false,1,19.90,9.9500,true,1,472945
4607038060035,false,שימורי דג סיירה בשמן,אואואו רוסקי מיר,,שימורי דג סיירה בשמן,גרמים,250.00,100 גרם,false,1,16.90,6.7600,true,1,460327
4607038060080,false,שימורי דג גרבושה טבע,אואואו רוסקי מיר,,שימורי דג גרבושה טבעי 250 גר,גרמים,250.00,100 גרם,false,48,13.90,5.5600,true,1,460328
4607038060103,false,שימורי דג סיירה טבעי,אואואו רוסקי מיר,,שימורי דג סיירה טבעי 250גר,גרמים,250.00,100 גרם,false,1,16.90,6.7600,true,1,460329
4607038061018,false,שימורי גורבושה טבעי,ווו רוסיה פישינג וור,,שימורי גורבושה טבעי 250 גר,גרמים,250.00,100 גרם,false,1,13.90,5.5600,true,1,466837
4607038061025,false,שימורי דג סיירה טבעי,ווו רוסיה פישינג וור,,שימורי דג סיירה טבעי 250 גר,גרמים,250.00,100 גרם,false,1,16.90,6.7600,true,1,466907
4607038061056,false,שימורי קלמר 250 גר,ווו רוסיה פישינג וור,,שימורי קלמר 250 גר,גרמים,250.00,100 גרם,false,1,14.90,5.9600,true,1,460332
4607039081763,false,פובידלו אוכמניות שחו,דינמו ק מוסקבה,,פובידלו אוכמניות שחורות 630 גר,גרמים,630.00,100 גרם,false,8,13.90,2.2063,true,1,504550
4607039081770,false,ריבת חמוציות 630 גר,דינמו ק מוסקבה,,ריבת חמוציות 630 גר,גרמים,630.00,100 גרם,false,1,13.90,2.2063,true,1,479876
4607041130015,false,רוטב פפריצי חמוץ-מתו,,,רוטב פפריצי חמוץ-מתוק 320 גר,גרמים,320.00,100 גרם,false,1,8.90,2.7813,true,1,496441
4607041130039,false,רוטב שישליק פפריצי 3,,,רוטב שישליק פפריצי 320 גר,גרמים,320.00,100 גרם,false,1,8.90,2.7813,true,1,497453
4607041130268,false,רוטב פפריצי חריף מתו,,,רוטב פפריצי חריף-מתוק 320 גר,גרמים,320.00,100 גרם,false,1,8.90,2.7813,true,1,496443
4607041133054,false,רוטב סויה סן סוי קלא,או או או סוסטרה,,"רוטב סויה סן סוי קלאסיק 250 מ""ל",מיליליטרים,250.00,"100 מ""ל",false,1,10.90,4.3600,true,1,481450
4607041134778,false,רוטב סויה סן סוי ליי,או או או סוסטרה,,"רוטב סויה סן סוי לייט 250 מ""ל",מיליליטרים,250.00,"100 מ""ל",false,1,10.90,4.3600,true,1,497451
4607041134785,false,רוטב סויה סן סוי לסו,או או או סוסטרה,,"רוטב סויה סן סוי לסושי 250 מ""ל",מיליליטרים,250.00,"100 מ""ל",false,1,10.90,4.3600,true,1,481451
4607041230289,false,כעכים פוסולסקי צילנו,וופלשניה,,כעכים פוסולסקי צילנוציוק 200גר,גרמים,200.00,100 גרם,false,1,5.90,2.9500,true,1,476491
4607041230630,false,צנימים פוסולסקי וניל,וופלשניה,,צנימים פוסולסקי וניל 250גר,גרמים,250.00,100 גרם,false,1,8.90,3.5600,true,1,476496
4607041230647,false,צנימים מיני פוסולסקי,וופלשניה,,צנימים מיני פוסולסקי צימוקים 250 גר,גרמים,250.00,100 גרם,false,1,8.90,3.5600,true,1,476497
4607041230852,false,צנימים פוסולסקי צימו,וופלשניה,,צנימים פוסולסקי צימוקים וסוכר 300גר,גרמים,300.00,100 גרם,false,1,10.90,3.6333,true,1,476498
4607041232641,false,צנימים בטעם וניל פוס,וופלשניה,,צנימים בטעם וניל פוסולסקי 300 גר,גרמים,300.00,100 גרם,false,1,10.90,3.6333,true,1,494909
4607041232665,false,צנימים עם צימוקים פו,וופלשניה,,צנימים עם צימוקים פוסולסקי 300 גר,גרמים,300.00,100 גרם,false,1,10.90,3.6333,true,1,494910
4607041232672,false,כעכים פוסולסקי מליוט,וופלשניה,,כעכים פוסולסקי מליוטקה מצופים 200 גר,גרמים,200.00,100 גרם,false,1,5.90,2.9500,true,1,492809
4607041232689,false,כעכים פוסולסקי מליוט,וופלשניה,,כעכים פוסולסקי מליוטקה עם פרג 200 גר,גרמים,200.00,100 גרם,false,1,5.90,2.9500,true,1,492808
4607041232757,false,כעכים פוסולסקי מליוט,וופלשניה,,כעכים פוסולסקי מליוטקה 200 גר,גרמים,200.00,100 גרם,false,1,5.90,2.9500,true,1,492806
4607041232764,false,כעכים פוסולסקי מליוט,וופלשניה,,כעכים פוסולסקי מליוטקה טעם וניל 200 גר,גרמים,200.00,100 גרם,false,1,5.90,2.9500,true,1,492807
4607041232979,false,צנימים פוסולסקי צימו,וופלשניה,,צנימים פוסולסקי צימוקים וסוכר 250 גר,גרמים,250.00,100 גרם,false,1,8.90,3.5600,true,1,499457
4607041310035,false,גרעיני חמנייה קלויים,אגרורוספטרו,,גרעיני חמנייה קלויים 300גר,גרמים,300.00,100 גרם,false,1,15.90,5.3000,true,1,475410
4607041310660,false,גרעיני חמניות קלויים,,,גרעיני חמניות קלויים בוגטירי 250 גר,גרמים,250.00,100 גרם,false,16,15.90,6.3600,true,1,509422
4607044600027,false,רוטב עשן קלאסיק 330,,,רוטב עשן קלאסיק 330,מיליליטרים,330.00,"100 מ""ל",false,1,21.90,6.6364,true,1,460343
4607051150270,false,תה מאיסקי קורונה 100,או א.או מאי קומפני,,תה מאיסקי קורונה 100,גרמים,200.00,100 גרם,false,1,18.90,9.4500,true,1,460352
4607051150379,false,תה מאי בריליאנט 200,או א.או מאי קומפני,,תה מאי בריליאנט 200 גר,גרמים,200.00,100 גרם,false,1,18.90,9.4500,true,1,460355
4607051158092,false,תה קורטיס בננה 36 גר,או א.או מאי קומפני,,תה קורטיס בננה 36 גר,גרמים,36.00,100 גרם,false,1,12.90,35.8333,true,1,491742
4607051158221,false,תה שחור ארל גריי 20,או א.או מאי קומפני,,תה ארל גריי 34 גר,גרמים,34.00,100 גרם,false,1,12.90,37.9412,true,1,481420
4607051158269,false,תה שחור סאנני לינון,או א.או מאי קומפני,,תה לימון 34 גר,גרמים,34.00,100 גרם,false,1,12.90,37.9412,true,1,481421
4607051158481,false,תה ירוק 20 שקיקים,או א.או מאי קומפני,,תה מוחיטו 34 גר,גרמים,34.00,100 גרם,false,1,12.90,37.9412,true,1,481424
4607051158672,false,תה קורטיס ברייס 34 ג,או א.או מאי קומפני,,תה קורטיס ברייס 34 גר,גרמים,34.00,100 גרם,false,1,12.90,37.9412,true,1,481427
4607051159945,false,תה RICHARD ROYAL CEY,או א.או מאי קומפני,,תה RICHARD ROYAL CEYLON 100,Unknown,0.00,Unknown,false,1,21.90,0.0000,true,1,496964
4607054450810,false,גרעיני חמניות עם מלח,,,גרעיני חמניות עם מלח 200 גר,גרמים,200.00,100 גרם,false,1,10.90,5.4500,true,1,519756
4607054450841,false,גרעינים שחורים מטוגנ,,,"גרעינים שחורים מטוגנ ""סטאניצ""ניה"" 400 גר",גרמים,400.00,100 גרם,false,1,24.90,6.2250,true,1,471322
4607054450865,false,גרעינים סטניצניה באי,אגרוסויוז,,גרעינים סטניצניה באיקי XXL,גרמים,400.00,100 גרם,false,1,22.90,5.7250,true,1,487362
4607054450988,false,גרעיני דלעת סטאניצני,אגרוסויוז,,גרעיני דלעת סטאניצניה קלויים עם מלח 200,גרמים,200.00,100 גרם,false,1,27.90,13.9500,true,1,495315
4607054451718,false,גרעינים טמבובסקי וול,או.או.או אגרוסווז,,גרעינים טמבובסקי וולק 230 גר,גרמים,230.00,100 גרם,false,1,11.90,5.1739,true,1,482627
4607054451732,false,גרעינים XXL טמבובסקי,או.או.או אגרוסווז,,גרעינים טמבובסקי וולק XXL,גרמים,400.00,100 גרם,false,1,15.90,3.9750,true,1,482629
4607054451831,false,גרעינים טמבובסקי וול,או.או.או אגרוסווז,,גרעינים טמבובסקי וולק עם מלח 200 גר,גרמים,200.00,100 גרם,false,1,11.90,5.9500,true,1,482628
4607054452319,false,גרעיני דלעת 200 גר,,,גרעיני דלעת 200 גר,גרמים,200.00,100 גרם,false,1,20.90,10.4500,true,1,504402
4607054452371,false,גרעיני חמניות קלויים,,,גרעיני חמניות קלויים סטניצניה 250 גר,גרמים,250.00,100 גרם,false,1,17.90,7.1600,true,1,494914
4607054452395,false,גרעיני דלעת קלויים 2,אגרוסויוז,RU,גרעיני דלעת קלויים 200 גר,גרמים,200.00,100 גרם,false,15,22.90,11.4500,true,1,500231
4607054452418,false,גרעיני חמניות קלויים,אגרוסויוז,RU,גרעיני חמניות קלויים 400 גר,גרמים,400.00,100 גרם,false,10,19.90,4.9750,true,1,500228
4607054452470,false,גרעינים טמבובסקי וול,או.או.או אגרוסווז,,גרעינים טמבובסקי וולק 500 גר,גרמים,500.00,100 גרם,false,1,20.90,4.1800,true,1,499129
4607054452555,false,גרעיני חמניות סטאניצ,אגרוסויוז,,גרעיני חמניות סטאניצניה קלויים עם מלח,גרמים,500.00,100 גרם,false,1,27.90,5.5800,true,1,495317
4607054452579,false,גרעיני חמניות קלויים,אגרוסויוז,RU,גרעיני חמניות קלויים ומלוחים 400 גר,גרמים,400.00,100 גרם,false,10,19.90,4.9750,true,1,500229
4607054452616,false,גרעיני חמניות סטאניצ,אגרוסויוז,,גרעיני חמניות סטאניצניה קלויים 500 גר,גרמים,500.00,100 גרם,false,1,27.90,5.5800,true,1,495316
4607056587507,false,משקה לתת מוגז חבית צ,,RU,משקה לתת מוגז חבית צהובה 1.5 ל,ליטרים,1.50,ליטר,false,6,17.90,11.9333,true,1,513044
4607065411312,false,פטריות אופיאטה פוסול,,CN,פטריות אופיאטה 680 ג,גרמים,680.00,100 גרם,false,6,14.90,2.1912,true,1,460375
4607065411329,false,פטריות מסליאטה פוסול,,CN,"פטריות מסלטה 680 גר""",גרמים,680.00,100 גרם,false,6,14.90,2.1912,true,1,460376
4607065411343,false,פטריות אסורטי פוסולס,,CN,פטריות אסורטי 680 גר,גרמים,680.00,100 גרם,false,6,14.90,2.1912,true,1,460378
4607065411398,false,פטריות שיטאקי פוסולס,,CN,"פטריות שיטקי 680 גר""",גרמים,680.00,100 גרם,false,6,14.90,2.1912,true,1,460379
4607065580070,false,אטריות דושירק להכנה,,,"לפשה ""קוויסטי"" בקר",גרמים,70.00,100 גרם,false,1,2.90,4.1429,true,1,507420
4607065580087,false,אטריות דושירק להכנה,,,"לפשה ""קוויסטי"" עוף",גרמים,70.00,100 גרם,false,1,2.90,4.1429,true,1,507421
4607065580094,false,אטריות דושירק להכנה,,,"לפשה ""קוויסטי"" פטריו",גרמים,70.00,100 גרם,false,1,2.90,4.1429,true,1,507422
4607065580193,false,איטריות דושירק בטעם,,,"איטריות ""דושירק"" עגל",גרמים,90.00,100 גרם,false,1,8.90,9.8889,true,1,460380
4607065580209,false,תבשיל איטריות דושירק,,,"איטריות ""דושירק"" עוף",גרמים,90.00,100 גרם,false,1,8.90,9.8889,true,1,460381
4607065580216,false,איטריות דושירק בטעם,,,"איטריות ""דושירק"" בקר",גרמים,90.00,100 גרם,false,1,8.90,9.8889,true,1,460382
4607065580223,false,איטריות דושירק בטעם,,,"איטריות ""דושירק"" עוף",גרמים,90.00,100 גרם,false,1,8.90,9.8889,true,1,460383
4607065580230,false,איטריות דושירק בטעם,,,"איטריות ""דושירק"" פטר",גרמים,90.00,100 גרם,false,1,8.90,9.8889,true,1,460384
4607065580247,false,איטריות דושירק בטעם,,,"איטריות ""דושירק"" בטע",גרמים,90.00,100 גרם,false,1,8.90,9.8889,true,1,460385
4607065580261,false,מחית תפוא להכנה מהיר,,RU,"פירה ""דושירק"" עוף",גרמים,40.00,100 גרם,false,24,4.90,12.2500,true,1,513722
4607065580278,false,מחית תפוא להכנה מהיר,,RU,"פירה ""דושירק"" בקר",גרמים,40.00,100 גרם,false,24,4.90,12.2500,true,1,513723
4607065580353,false,תבשיל איטריות דושירק,,,"איטריות ""דושירק"" קימ",גרמים,90.00,100 גרם,false,1,8.90,9.8889,true,1,460386
4607065580575,false,אטריות דושיראק להכנה,DOSHIRAK,,אטריות דושיראק להכנה מהירה בטעם בקר 110,גרמים,110.00,100 גרם,false,1,11.90,10.8182,true,1,492252
4607066691942,false,חרדל יבש 400 גר,רספק,,חרדל יבש 400 גרם,גרמים,400.00,100 גרם,false,1,22.90,5.7250,true,1,460389
4607067933911,false,גלידת שמנת קרמל עם ר,iceberry,,גלידת שמנת קרמל עם ריבת חלב 80 גר,גרמים,80.00,100 גרם,false,1,6.90,8.6250,true,1,489782
4607067935175,false,אסקימו זמצוזינה רוסי,,,אסקימו זמצוזינה רוסיה פיסטוק 80 גר,גרמים,80.00,100 גרם,false,1,6.90,8.6250,true,1,506431
4607067937537,false,פלומביר פילובסקויה 1,iceberry,,פלומביר פילובסקויה 100 גר,גרמים,100.00,100 גרם,false,1,6.90,6.9000,true,1,483559
4607067937551,false,פלומביר שוקולד פילוב,iceberry,,פלומביר שוקולד פילובסקויה 100 גר,גרמים,100.00,100 גרם,false,1,6.90,6.9000,true,1,483560
4607067937681,false,גלידה פלומביר וולוגו,,,גלידה פלומביר וולוגודסקי וניל 250 גר,גרמים,250.00,100 גרם,false,1,9.90,3.9600,true,1,525546
4607067937698,false,כוס פלומביר וולוגודס,,,כוס פלומביר וולוגודסקי 100 גר,גרמים,100.00,100 גרם,false,36,6.90,6.9000,true,1,513440
4607067938091,false,כוס פלומביר שוקולד ו,,,כוס פלומביר שוקולד וולוגודסקי 100 גר,גרמים,100.00,100 גרם,false,24,6.90,6.9000,true,1,513441
4607083550468,false,שמן חמניות אידאל מזו,,,שמן חמניות אידאל מזוכך 1 ל,ליטרים,1.00,ליטר,false,1,18.90,18.9000,true,1,506610
4607084351385,false,עוגיות שוקו פאי 360,,,עוגיות שוקו פאי 360 גר,גרמים,360.00,100 גרם,false,1,15.90,4.4167,true,1,483484
4607084352931,false,עוגיות שוקו פאי תפוח,לוט.ק.פ,RU,עוגיות שוקו פאי תפוח 360 גר,גרמים,360.00,100 גרם,false,8,15.90,4.4167,true,1,523017
4607084353457,false,עוגיות שוקו פאי 360,,,עוגיות שוקו פאי 360 גר,גרמים,360.00,100 גרם,false,1,18.90,5.2500,true,1,526055
4607084413465,false,מלפפונים מוחמצים אקו,,,מלפפונים מוחמצים 1.8 קג אקו,קילוגרמים,1.80,"ק""ג",false,1,26.90,14.9444,true,1,512168
4607084413472,false,עגבניות מוחמצות אקו,,,עגבניות מוחמצות 1.8 קג אקו,קילוגרמים,1.80,"ק""ג",false,1,26.90,14.9444,true,1,512169
4607084416916,false,אפונה ירוקה במי מלח,,,אפונה ירוקה במי מלח 480 גר,גרמים,480.00,100 גרם,false,1,8.90,1.8542,true,1,526039
4607084419375,false,שעועית לבנה עם פטריו,,,שעועית לבנה עם פטריות סגנון יווני EKO,גרמים,510.00,100 גרם,false,1,12.90,2.5294,true,1,501910
4607084419382,false,חצילים מטוגנים עם יר,,,חצילים מטוגנים עם ירקות סגנון הונגרי EKO,גרמים,480.00,100 גרם,false,1,12.90,2.6875,true,1,501911
4607084419986,false,סלט כרוב לבן עם פטרי,,,סלט כרוב לבן עם פטריות סגנון צכי 480 EKO,גרמים,480.00,100 גרם,false,1,12.90,2.6875,true,1,501913
4607086730423,false,גרעיני חמניות קלויים,KARPAY,,גרעיני חמניות קלויים 200 גר,גרמים,200.00,100 גרם,false,24,12.90,6.4500,true,1,504253
4607086730782,false,גרעיני חמניות קלויים,KARPAY,,גרעיני חמניות קלויים במלח 200 גר,גרמים,200.00,100 גרם,false,30,12.90,6.4500,true,1,501997
4607093876473,false,צנימי שיפון בטעם שום,,,צנימי שיפון בטעם שום עם חרדל 80 גר+25 גר,גרמים,105.00,100 גרם,false,15,11.90,11.3333,true,1,521744
4607093876534,false,צנימי שיפון בטעם בשר,,,צנימי שיפון בטעם בשר עגל 80 גר+25 גר,גרמים,105.00,100 גרם,false,15,11.90,11.3333,true,1,521749
4607097074769,false,כוסמת אלטייסקיה סקאז,מלניצ'ני קומפלקס,,"כוסמת ""אלטייסקיה סקא",גרמים,800.00,100 גרם,false,1,14.90,1.8625,true,1,460429
4607109409619,false,פיניש טבליות 25 יח' ALL IN 1,הדקלאים אגודת שיתופי,PL,טבליות מדיח פיניש אול אין וואן 25 יח,Unknown,0.00,Unknown,false,1,26.90,0.0000,true,1,487532
4607116766071,false,פטל שחור מרוסק 570 ג,,,פטל שחור מרוסק 570 גר,גרמים,570.00,100 גרם,false,1,18.90,3.3158,true,1,495595
4607116766194,false,שעועית לבנה טבעי 360,,,שעועית לבנה טבעי 360 גר,גרמים,360.00,100 גרם,false,1,9.90,2.7500,true,1,492087
4607123379110,false,ברנדי דגסטנסקי 500 מ,,,ברנדי דגסטנסקי 0.5ל,מיליליטרים,500.00,"100 מ""ל",false,1,59.80,11.9600,true,1,473404
4607123920220,false,ברנדי קיזליאר 5 שנים,,,"ברנדי ""קיזליאר"" 5שנים 0.5ל",מיליליטרים,500.00,"100 מ""ל",false,1,79.90,15.9800,true,1,460435
4607126190026,false,פת פריכה ילזבטה מקמח,,,פת פריכה ילזבטה מקמח חיטה ושיפון ויטמין,גרמים,80.00,100 גרם,false,1,8.90,11.1250,true,1,500062
4607126190521,false,פת פריכה ילזבטה מקמח,,,פת פריכה ילזבטה מקמח שיפון עם סובין 85 ג,גרמים,85.00,100 גרם,false,1,8.90,10.4706,true,1,512213
4607126190538,false,פת פריכה ילזבטה מקמח,,,פת פריכה ילזבטה מקמח חיטה עם סובין 85 גר,גרמים,85.00,100 גרם,false,1,8.90,10.4706,true,1,512214
4607132826094,false,קוזינאקי חמניות טימו,,,קוזינאקי חמניות טימושה 150 גר,גרמים,150.00,100 גרם,false,1,6.90,4.6000,true,1,519225
4607144732468,false,עוגיות קורובקה טעם ח,סמרה,,"עוגיות ""קורובקה"" טעם חלב טופ",גרמים,375.00,100 גרם,false,1,15.90,4.2400,true,1,460443
4607144733502,false,זפיר סלדקיי איסטוריי,סמרה,,זפיר סלדקיי איסטוריי עם תות 250גר,גרמים,250.00,100 גרם,false,1,13.90,5.5600,true,1,479019
4607144733526,false,זפיר סלדקיי איסטוריי,סמרה,,זפיר סלדקיי איסטוריי בטעם קראנץ 250גר,גרמים,250.00,100 גרם,false,1,13.90,5.5600,true,1,479018
4607144733625,false,זפיר סלדקיי איסטוריי,סמרה,,זפיר סלדקיי איסטוריי עם חמוציות 250גר,גרמים,250.00,100 גרם,false,1,13.90,5.5600,true,1,479020
4607144734370,false,עוגיות קורובקה סוכר,,,עוגיות קורובקה סוכר בטעם חלב 375 גר,גרמים,375.00,100 גרם,false,1,13.90,3.7067,true,1,485365
4607144734387,false,עוגיות קורובקה עם חל,,,עוגיות קורובקה עם חלב מרוכז 375 גר,גרמים,375.00,100 גרם,false,1,13.90,3.7067,true,1,485366
4607145720822,false,תערובת ירקות במלח 95,,,תערובת ירקות במלח 950 מל,מיליליטרים,950.00,"100 מ""ל",false,1,20.90,2.2000,true,1,519636
4607145726503,false,תערובת ירקות ברוטב ע,,,תערובת ירקות ברוטב עגבניות רטטוי 580 מל,מיליליטרים,580.00,"100 מ""ל",false,1,14.90,2.5690,true,1,519641
4607149551675,false,ממתק טופי חלב עם בוט,,,ממתק טופי חלב עם בוטנים 200 גר,גרמים,200.00,100 גרם,false,24,7.90,3.9500,true,1,512971
4607149551835,false,ממתק טופי חלב עם בוט,,,ממתק טופי חלב עם בוטנים וצימוקיןם 200 גר,גרמים,200.00,100 גרם,false,24,7.90,3.9500,true,1,512972
4607149551842,false,ממתק טופי חלב עם בוט,,,ממתק טופי חלב עם בוטנים וקקאו 200 גר,גרמים,200.00,100 גרם,false,24,7.90,3.9500,true,1,512973
4607163091577,false,מיץ תפוע ירוקים 1 ל,,,מיץ תפוע ירוקים 1 ל,ליטרים,1.00,ליטר,false,1,13.90,13.9000,true,1,524031
4607163091584,false,מיץ אפרסק ותפוע 1 ל,,,מיץ אפרסק ותפוע 1 ל,ליטרים,1.00,ליטר,false,1,13.90,13.9000,true,1,526775
4607163091607,false,מיץ דובדבן ותפוחים 1,,,מיץ דובדבן ותפוחים 1 ל,ליטרים,1.00,ליטר,false,1,13.90,13.9000,true,1,524027
4607163093014,false,מיץ תפוע וענבים 1 ל,,,מיץ תפוע וענבים 1 ל,ליטרים,1.00,ליטר,false,1,13.90,13.9000,true,1,524026
4607163093038,false,מיץ תפוע ואגסים 1 ל,,,מיץ תפוע ואגסים 1 ל,ליטרים,1.00,ליטר,false,1,13.90,13.9000,true,1,524030
4607163093076,false,מיץ דומדמניות ותפוחי,,,מיץ דומדמניות ותפוחים 1 ל,ליטרים,1.00,ליטר,false,1,13.90,13.9000,true,1,524023
4607167190054,false,ריבת אימפריה תות שדה,אימפריה ג'מוב,,"ריבת אימפריה תות שדה 1 ק""ג",קילוגרמים,1.00,"ק""ג",false,1,36.90,36.9000,true,1,495287
4607167190078,false,ריבת אימפריה משמש 1,אימפריה ג'מוב,,"ריבת אימפריה משמש 1 ק""ג",קילוגרמים,1.00,"ק""ג",false,1,36.90,36.9000,true,1,495284
4607167190115,false,ריבת אימפריה פטל 1 ק,אימפריה ג'מוב,,"ריבת אימפריה פטל 1 ק""ג",קילוגרמים,1.00,"ק""ג",false,1,39.90,39.9000,true,1,495285
4607167190177,false,ריבת אימפריה אגסים 1,אימפריה ג'מוב,,"ריבת אימפריה אגסים 1 ק""ג",קילוגרמים,1.00,"ק""ג",false,1,36.90,36.9000,true,1,495275
4607167191051,false,ריבת אימפריה דומדמני,אימפריה ג'מוב,,ריבת אימפריה דומדמניות שחורות 1 קג,קילוגרמים,1.00,"ק""ג",false,1,36.90,36.9000,true,1,524363
4607167191198,false,ריבה אימפריה משמש זכ,,,ריבה אימפריה משמש זכוכית 550 גר,גרמים,550.00,100 גרם,false,1,34.90,6.3455,true,1,504747
4607167191228,false,ריבה אימפריה דומדמני,,,ריבה אימפריה דומדמניות שחורות 550 גר,גרמים,550.00,100 גרם,false,1,34.90,6.3455,true,1,504749
4607167191297,false,ריבת אימפריה אובלפיח,אימפריה ג'מוב,,"ריבת אימפריה אובלפיחה 1 ק""ג",קילוגרמים,1.00,"ק""ג",false,1,36.90,36.9000,true,1,495276
4607167191464,false,ריבת אימפריה חזרזר 1,אימפריה ג'מוב,,"ריבת אימפריה חזרזר 1 ק""ג",קילוגרמים,1.00,"ק""ג",false,1,36.90,36.9000,true,1,495282
4607167191488,false,ריבת אימפריה פירות י,אימפריה ג'מוב,,"ריבת אימפריה פירות יער 1 ק""ג",קילוגרמים,1.00,"ק""ג",false,1,36.90,36.9000,true,1,495286
4607167191938,false,ריבת דומדמניות שחורו,,,ריבת דומדמניות שחורות עם פרוקטוז 550 גר,גרמים,550.00,100 גרם,false,1,38.90,7.0727,true,1,499232
4607174180017,false,עוגיות סוכר בטעם שמנ,,RU,עוגיות מורוזובה בטעם שמנת 430 גר,גרמים,430.00,100 גרם,false,25,15.90,3.6977,true,1,498513
4607174180147,false,עוגיות סוכר בטעם חלב,,RU,עוגיות בטעם חלב מרוכז 430 גר,גרמים,430.00,100 גרם,false,25,15.90,3.6977,true,1,505737
4607174180192,false,עוגיות סוכר בטעם תות,,,עוגיות מורוזובה בטעם תות 430 גר,גרמים,430.00,100 גרם,false,25,15.90,3.6977,true,1,498515
4607174184244,false,עוגיות סוכר בטעם גבי,,RU,עוגיות בטעם גבינה לבנה 430 גר,גרמים,430.00,100 גרם,false,25,15.90,3.6977,true,1,505739
4607174184725,false,עוגיות בטעם ריבת חלב,,,עוגיות בטעם ריבת חלב 430 גר,גרמים,430.00,100 גרם,false,1,15.90,3.6977,true,1,505738
4607179801993,false,וודקה ראשן קרוון 700,,,וודקה ראשן קרוון 0.7ל,ליטרים,0.70,ליטר,false,1,59.80,85.4286,true,1,479204
4607179802037,false,וודקה ראשן קרוון אור,,,וודקה ראשן קרוון אוריג 0.7ל,ליטרים,0.70,ליטר,false,1,59.80,85.4286,true,1,478550
4607931605210,false,משקה דושס 500 מל,RASSVET,,"משקה ""דושס"" 0.5 ל",מיליליטרים,500.00,"100 מ""ל",false,1,9.90,1.9800,true,1,478886
4607931605227,false,משקה טרחון 500 מל,RASSVET,,"משקה ""טרחון"" 0.5 ל",מיליליטרים,500.00,"100 מ""ל",false,1,9.90,1.9800,true,1,478888
4607931605234,false,משקה לימונד 500 מל,RASSVET,,"משקה ""לימונד"" 0.5 ל",מיליליטרים,500.00,"100 מ""ל",false,1,9.90,1.9800,true,1,478887
4607931605241,false,משקה ברבריס 500 מל,RASSVET,,"משקה ""ברבריס"" 0.5 ל",מיליליטרים,500.00,"100 מ""ל",false,1,9.90,1.9800,true,1,478889
4607931605654,false,משקה מוחיטו 500 מל,משקה,,"משקה מוחיטו 500 מ""ל",מיליליטרים,500.00,"100 מ""ל",false,1,9.90,1.9800,true,1,479991
4610007300131,false,קמח טיחורצקיה 1 קג,,,קמח טיחורצקיה 1 קג,קילוגרמים,1.00,"ק""ג",false,1,9.90,9.9000,true,1,526139
4610007300179,false,קמח חיטה טיחורצקיה 2,,,קמח חיטה טיחורצקיה 2 קג,קילוגרמים,2.00,"ק""ג",false,1,15.90,7.9500,true,1,526040
4610028130052,false,וודקה לג'נד אוף קרמלין Legend of Kremlin,לג'נד אוף קרמלין,,וודקה לגנד אוף קרמלין 700,מיליליטרים,700.00,"100 מ""ל",false,1,99.90,14.2714,true,1,499923
4610028130236,false,וודקה לגנד אוף קרמלי,,,וודקה לגנד אוף קרמלין 700 מל עם ספר,מיליליטרים,700.00,"100 מ""ל",false,1,99.90,14.2714,true,1,523486
4610082660045,false,שוקולד מריר אגוזי לו,,,שוקולד מריר אגוזי לוז 90 גר,גרמים,90.00,100 גרם,false,1,11.90,13.2222,true,1,525957
4610082660069,false,שוקולד מריר שקדים 90,,,שוקולד מריר שקדים 90 גר,גרמים,90.00,100 גרם,false,1,11.90,13.2222,true,1,525958
4610082660731,false,סוכריות טראפל שוקולד,,,סוכריות טראפל שוקולד ללא סוכר 150 גר,גרמים,150.00,100 גרם,false,1,15.90,10.6000,true,1,525956
4610082860056,false,דייסת 5 דגנים עם דבש,אובלקה,,דייסת 5 דגנים עם דבש ואגוזים 200 גר,גרמים,200.00,100 גרם,false,1,13.90,6.9500,true,1,527132
4610082860124,false,פתיתי 5 דגנים עם משמ,אובלקה,,פתיתי 5 דגנים עם משמש 240 גר,גרמים,240.00,100 גרם,false,1,13.90,5.7917,true,1,527129
4610082860131,false,פתיתי 5 דגנים עם שזי,אובלקה,,פתיתי 5 דגנים עם שזיף מיובש 240 גר,גרמים,240.00,100 גרם,false,1,13.90,5.7917,true,1,527130
4610103310232,false,סוויט בוקס צעצוע גיב,,,סוויט בוקס צעצוע גיבורים נצחיים,Unknown,0.00,Unknown,false,1,11.90,0.0000,true,1,524164
4612497003165,false,פטריות ליסיצקי קפוא,,,פטריות ליסיצקי קפוא 300 גר,גרמים,300.00,100 גרם,false,1,26.90,8.9667,true,1,507961
4612757550835,false,שוקולד מריר במילוי ט,,,שוקולד מריר במילוי טראפלס 112 גר,גרמים,112.00,100 גרם,false,1,11.90,10.6250,true,1,520310
4612757550866,false,שוקולד מריר במילוי א,,,שוקולד מריר במילוי אגוזי לוז 115 גר,גרמים,115.00,100 גרם,false,1,11.90,10.3478,true,1,520312
4612757550897,false,שוקולד מריר במילוי ת,,,שוקולד מריר במילוי תפוז סיציליאני 115 גר,גרמים,115.00,100 גרם,false,1,11.90,10.3478,true,1,520311
4620004251176,false,חלווה על חמניות על פ,,,חלבה על חמניות על פרוקטוזה 180גר,גרמים,180.00,100 גרם,false,1,8.90,4.9444,true,1,475177
4620004252265,false,מרמלד גילי בטעם פטל,אזוב,RU,מרמלד גילי בטעם פטל 300 גר,גרמים,300.00,100 גרם,false,1,10.90,3.6333,true,1,478512
4620004252685,false,מרמלד גילי בטעם תפוח,אזוב,RU,מרמלד גילי בטעם תפוח 300 גר,גרמים,300.00,100 גרם,false,1,10.90,3.6333,true,1,516823
4620005470200,false,דג יבש וובלה 200 גר,ווו רוסיה פישינג וור,,דג יבש וובלה 200 גר,גרמים,200.00,100 גרם,false,1,28.90,14.4500,true,1,511566
4620015850269,false,תה הודי נסישני 100 ג,או א.או מאי קומפני,,תה הודי נסישני 100 גר,גרמים,180.00,100 גרם,false,1,15.90,8.8333,true,1,482493
4620015850351,false,תה ירוק אוגו קוקטייל,או א.או מאי קומפני,,תה מאיסקי ירוק חוגו קוקטייל 20 שק,Unknown,0.00,Unknown,false,1,12.90,0.0000,true,1,482626
4620015851082,false,תה שחור ארל גריי 200,או א.או מאי קומפני,,תה שחור RICHARD ארל גריי 100 שק,גרמים,200.00,100 גרם,false,1,21.90,10.9500,true,1,496960
4620015851778,false,תה שחור RICHARD ENG.,או א.או מאי קומפני,,תה שחור RICHARD ENG.BREAKFAST 100,Unknown,0.00,Unknown,false,1,21.90,0.0000,true,1,496961
4620015851860,false,תה שחור ריצארד רויאל,או א.או מאי קומפני,,תה שחור RICHARD ROYAL MISS GREY,גרמים,34.00,100 גרם,false,1,12.90,37.9412,true,1,495125
4620015851877,false,תה שחור ריצארד רויאל,או א.או מאי קומפני,,תה שחור RICHARD ROYAL CEYLON,גרמים,34.00,100 גרם,false,1,12.90,37.9412,true,1,495124
4620015851884,false,תה שחור ריצארד רויאל,או א.או מאי קומפני,,תה שחור RICHARD ROYAL LIME+MINT,גרמים,34.00,100 גרם,false,1,12.90,37.9412,true,1,495126
4620015852553,false,תה שחור קורטיס אוכמנ,או א.או מאי קומפני,,תה שחור CURTIS BLUE BERRIES,גרמים,36.00,100 גרם,false,1,12.90,35.8333,true,1,495123
4620015852966,false,תה שחור ריצרד רואיל,או א.או מאי קומפני,,תה שחור ריצרד רואיל ענבים 36 גר,גרמים,36.00,100 גרם,false,12,12.90,35.8333,true,1,501222
4620015852973,false,תה פירות ריצרד רואיל,או א.או מאי קומפני,,תה פירות ריצרד רואיל אדום 34 גר,גרמים,34.00,100 גרם,false,12,12.90,37.9412,true,1,501223
4620015854700,false,תה שחור רוייל צס 54.,,,תה שחור רוייל צס 54.4 גר,גרמים,54.00,100 גרם,false,1,39.90,73.8889,true,1,520525
4620032651207,false,כוס פלומביר וולוגודס,,,כוס פלומביר וולוגודסקי ריבת חלב 100 גר,גרמים,100.00,100 גרם,false,1,6.90,6.9000,true,1,506432
4620032652334,false,גלידת רוזוק וניל במי,iceberry,,גלידת רוזוק וניל במילוי תות שדה 80 גר,גרמים,80.00,100 גרם,false,24,6.90,8.6250,true,1,521774
4623721523458,false,זפיר בטעם שמנת 420 ג,פטרבורג.קונדיטר,,זפיר בטעם שמנת 420 גר,גרמים,420.00,100 גרם,false,1,14.90,3.5476,true,1,485588
4623721717444,false,זפיר בטעם תפוח עץ יר,פטרבורג.קונדיטר,,זפיר בטעם תפוח עץ ירוק 420 גר,גרמים,420.00,100 גרם,false,1,14.90,3.5476,true,1,485585
4630009187882,false,מיץ ירקות עם מלח וכת,,,מיץ ירקות עם מלח וכתישה 1 ל,ליטרים,1.00,ליטר,false,1,13.90,13.9000,true,1,524024
4630009189558,false,מחית תפוח דומדמניות,,,מחית תפוח דומדמניות 120 גר,גרמים,120.00,100 גרם,false,1,5.90,4.9167,true,1,524037
4630009189633,false,מחית תפוח אפרסק 120,,,מחית תפוח אפרסק 120 גר,גרמים,120.00,100 גרם,false,1,5.90,4.9167,true,1,524038
4630009189657,false,מחית תפוח משמש 120 ג,,,מחית תפוח משמש 120 גר,גרמים,120.00,100 גרם,false,1,5.90,4.9167,true,1,524039
4630009189671,false,מחית תפוח אגס שזיף 1,,,מחית תפוח אגס שזיף 120 גר,גרמים,120.00,100 גרם,false,1,5.90,4.9167,true,1,524033
4630016490067,false,משקה מוגז סן סלוויה,SAN SLAVIA,,משקה מוגז סן סלוויה מוחיטו 500מל,מיליליטרים,500.00,"100 מ""ל",false,1,9.90,1.9800,true,1,482792
4630016490074,false,משקה מוגז סן סלוויה,SAN SLAVIA,,משקה מוגז סן סלוויה לימון ליים 500מל,מיליליטרים,500.00,"100 מ""ל",false,1,9.90,1.9800,true,1,482794
4630016490081,false,משקה מוגז סן סלוויה,SAN SLAVIA,,משקה מוגז סן סלוויה אגס 500מל,מיליליטרים,500.00,"100 מ""ל",false,1,9.90,1.9800,true,1,482788
4630016490135,false,משקה מוגז סן סלוויה,SAN SLAVIA,,משקה מוגז סן סלוויה מוחיטו תות 500מל,מיליליטרים,500.00,"100 מ""ל",false,1,9.90,1.9800,true,1,482793
4630016490142,false,משקה מוגז סן סלוויה,SAN SLAVIA,,משקה מוגז סן סלוויה אשכולית 500מל,מיליליטרים,500.00,"100 מ""ל",false,1,9.90,1.9800,true,1,482790
4630016490159,false,משקה מוגז סן סלוויה,SAN SLAVIA,,משקה מוגז סן סלוויה טרחון 500מל,מיליליטרים,500.00,"100 מ""ל",false,1,9.90,1.9800,true,1,482795
4630016490166,false,משקה מוגז סן סלוויה,SAN SLAVIA,,משקה מוגז סן סלוויה אייבה 500מל,מיליליטרים,500.00,"100 מ""ל",false,1,9.90,1.9800,true,1,482787
4630016490173,false,משקה מוגז סן סלוויה,SAN SLAVIA,,משקה מוגז סן סלוויה תפוז 500מל,מיליליטרים,500.00,"100 מ""ל",false,1,9.90,1.9800,true,1,482791
4630038370828,false,עגבניות כבושות במלח,,,עגבניות כבושות במלח ואניה 950 גר,גרמים,950.00,100 גרם,false,1,16.90,1.7789,true,1,521584
4630049326746,false,שמן חמניות בראביטה 8,,,שמן חמניות בראביטה 870 מל,מיליליטרים,870.00,"100 מ""ל",false,,12.90,1.4828,true,1,524928
4631149937504,false,פחם עץ אלון בקופסא 2,,,פחם עץ אלון בקופסא 2 קג,קילוגרמים,2.00,"ק""ג",false,1,29.90,14.9500,true,1,523805
4640001890031,false,סודה לשתיה 500 גר,או או או בשקיריה,,"סודה לשתיה 500 גר""",גרמים,500.00,100 גרם,false,1,7.90,1.5800,true,1,473406
4640013601007,false,ונילין 1.5 גר,PROFAGROTECHNIKA,,ונילין 1.5 גר,Unknown,0.00,Unknown,false,1,1.00,0.0000,true,1,517088
4640013601069,false,אבקת אפייה 12 גר,PROFAGROTECHNIKA,,אבקת אפייה 12 גר,גרמים,12.00,100 גרם,false,1,1.90,15.8333,true,1,517086
4640013602165,false,שמרים יבשים לאפייה 7,PROFAGROTECHNIKA,,שמרים יבשים לאפייה 75 גר,גרמים,75.00,100 גרם,false,1,6.90,9.2000,true,1,517082
4640013603087,false,תערובת לאפיית בלינצס,,,תערובת לאפיית בלינצס 300 גר,גרמים,300.00,100 גרם,false,1,6.90,2.3000,true,1,517105
4640013605333,false,תערובת לאפיית לחם מת,,,תערובת לאפיית לחם מתובל עם שום 400 גר,גרמים,400.00,100 גרם,false,1,8.90,2.2250,true,1,517103
4640013605340,false,תערובת לאפיית לחם דג,,,תערובת לאפיית לחם דגנים 400 גר,גרמים,400.00,100 גרם,false,1,8.90,2.2250,true,1,517102
4640013607283,false,תחליף אבקת שמנת 200,PROFAGROTECHNIKA,,תחליף אבקת שמנת 200 גר,גרמים,200.00,100 גרם,false,1,15.90,7.9500,true,1,517084
4640013607313,false,תחליף אבקת חלב 150 ג,PROFAGROTECHNIKA,,תחליף אבקת חלב 150 גר,גרמים,150.00,100 גרם,false,1,12.90,8.6000,true,1,517083
4640018667510,false,תיבול אוניברסלי 1000,COMPANI SPACE,,תיבול אוניברסלי 1000 מנות 200 גר,גרמים,200.00,100 גרם,false,15,8.90,4.4500,true,1,506873
4640018993343,false,פיניש קואנטום קפסולות ג'יל רגיל 30 יחי,רקיט בנקיזר,PL,פיניש קוואנטום 30 יח קפסולות גל למדיח,Unknown,0.00,Unknown,false,1,39.90,0.0000,true,1,512614
4640018993350,false,קפסולות למדיח פיניש קוואנטום לימון 30 יח',רקיט בנקיזר,PL,פיניש קוואנטום 30 יח קפסולות גל למדיח ל,Unknown,0.00,Unknown,false,1,39.90,0.0000,true,1,512615
4640018993398,false,קפסולות ג'יל רגיל קואנטום 60 יח' פיניש,רקיט בנקיזר,PL,גל קפסולות פיניש קוואנטום 60 יח,Unknown,0.00,Unknown,false,1,54.90,0.0000,true,1,513604
4640174750187,false,קטשופ בלטימור חריף 5,,,קטשופ בלטימור חריף 530 גר,גרמים,530.00,100 גרם,false,1,15.90,3.0000,true,1,528621
4640174750224,false,קטשופ בלטימור פלפל ו,,,קטשופ בלטימור פלפל וחרדל 530 גר,גרמים,530.00,100 גרם,false,1,15.90,3.0000,true,1,528622
4640174750255,false,קטשופ בלטימור עם שום,,,קטשופ בלטימור עם שום 530 גר,גרמים,530.00,100 גרם,false,1,15.90,3.0000,true,1,528620
4650056310217,false,שימורי כרוב ים 220 ג,,,שימורי כרוב ים 220 גר,גרמים,220.00,100 גרם,false,1,5.90,2.6818,true,1,520521
4650058320139,false,דמוי קוויאר שחור 450,"גרינדי בע""מ",,דמוי קוויאר שחור 450 גר,גרמים,450.00,100 גרם,false,1,21.90,4.8667,true,1,483711
4650058320146,false,דמוי קוויאר אדום 450,"גרינדי בע""מ",,דמוי קוויאר אדום 450 גר,גרמים,450.00,100 גרם,false,1,21.90,4.8667,true,1,483710
4650058321075,false,דמוי קוויאר אדום 100,"גרינדי בע""מ",,דמוי קוויאר אדום 100 גר,גרמים,100.00,100 גרם,false,1,14.90,14.9000,true,1,483709
4660011132754,false,עוגה קרם שמנת קרמל 7,,,עוגה קרם שמנת קרמל 700 גר,גרמים,700.00,100 גרם,false,1,55.90,7.9857,true,1,525301
4660011134499,false,עוגה פתיציה מולוקו 4,,,עוגה פתיציה מולוקו 400 גר,גרמים,400.00,100 גרם,false,1,39.90,9.9750,true,1,525297
4660011134529,false,עוגה שמנת תותים 800 ג',,,עוגה שמנת תותים 800 גר,גרמים,800.00,100 גרם,false,1,82.90,10.3625,true,1,525304
4660011135120,false,סט עוגות אישיות ריבת חלב 300 ג',,,סט עוגות אישיות ריבת חלב 300 גר,גרמים,300.00,100 גרם,false,1,25.90,8.6333,true,1,525296
4660011135151,false,עוגת שמנת אוכמניות 750 ג',,,עוגה שמנת אוכמניות 750 גר,גרמים,750.00,100 גרם,false,1,55.90,7.4533,true,1,525302
4660013940098,false,שוקולד שמנת עם חתיכו,,,שוקולד שמנת עם חתיכות דובדבן 100 גר,גרמים,100.00,100 גרם,false,1,7.90,7.9000,true,1,517137
4660013940456,false,שוקולד מריר 55% 250,POBEDA,,שוקולד מריר 55% 250 גר,גרמים,250.00,100 גרם,false,1,14.90,5.9600,true,1,505752
4660013940463,false,שוקולד מריר 50% עם א,POBEDA,,שוקולד מריר 50% עם אגוזי לוז 250 גר,גרמים,250.00,100 גרם,false,1,14.90,5.9600,true,1,505753
4660013940470,false,שוקולד חלב 32% 250 ג,POBEDA,,שוקולד חלב 32% 250 גר,גרמים,250.00,100 גרם,false,1,14.90,5.9600,true,1,505754
4660013940494,false,שוקולד חלב 32% עם אג,POBEDA,,שוקולד חלב 32% עם אגוזי לוז וצימוק 250 ג,גרמים,250.00,100 גרם,false,1,14.90,5.9600,true,1,505756
4660013945703,false,שוקולד חלב ללא סוכר,,,שוקולד חלב ללא סוכר סטוויה 100 גר,גרמים,100.00,100 גרם,false,1,9.90,9.9000,true,1,517139
4660013948124,false,שוקולד מריר 72% ללא,,,שוקולד מריר 72% ללא סוכר 100 גר,גרמים,100.00,100 גרם,false,1,9.90,9.9000,true,1,517140
4660013948131,false,שוקולד מריר 57% ללא,,,שוקולד מריר 57% ללא סוכר 100 גר,גרמים,100.00,100 גרם,false,1,9.90,9.9000,true,1,517141
4660013949466,false,סט ממתקים מתנה מרובע,,,סט ממתקים מתנה מרובע 200 גר,גרמים,200.00,100 גרם,false,12,19.90,9.9500,true,1,515517
4660013949480,false,סט ממתקים מתנה משושה,,,סט ממתקים מתנה משושה 150 גר,גרמים,150.00,100 גרם,false,12,17.90,11.9333,true,1,515516
4660013949534,false,סט ממתקי שוקולד בצור,,,סט ממתקי שוקולד בצורות שונות 500 גר,גרמים,500.00,100 גרם,false,1,39.90,7.9800,true,1,527550
4660115902291,false,תה שחור פטל 20 שק 34,או א.או מאי קומפני,,תה שחור פטל 20 שק 34 גר,גרמים,34.00,100 גרם,false,1,12.90,37.9412,true,1,527815
4660115904431,false,תה ירוק קרטיס 20 שק,קאן אגריטך פרייבט למ,,תה ירוק קרטיס 20 שק,Unknown,0.00,Unknown,false,1,12.90,0.0000,true,1,524990
4660115904479,false,תה ירוק קרטיס 20 שק,קאן אגריטך פרייבט למ,,תה ירוק קרטיס 20 שק,Unknown,0.00,Unknown,false,1,12.90,0.0000,true,1,524991
4660115904967,false,תה שחור מנגו גינגר 3,או א.או מאי קומפני,,תה שחור מנגו גינגר 34 גר,גרמים,34.00,100 גרם,false,1,12.90,37.9412,true,1,527814
4665270950019,false,שיבולת שועל סמייניה,או או או פמילי סטוק,,שיבולת שועל סמייניה זאקרומה 450 גר,גרמים,450.00,100 גרם,false,1,4.90,1.0889,true,1,491765
4665270950033,false,כוסמת סמייניה זאקרומ,או או או פמילי סטוק,,כוסמת סמייניה זאקרומה 800 גר,גרמים,800.00,100 גרם,false,12,14.90,1.8625,true,1,491762
4670001495035,false,קוואס יאחונט 2 ל,,,קוואס יאחונט 2 ל,ליטרים,2.00,ליטר,false,,12.90,6.4500,true,1,523798
4670033810707,false,פירורי לחם לעוף קריס,PROFAGROTECHNIKA,,פירורי לחם לעוף קריספי ונגטס 200 גר,גרמים,200.00,100 גרם,false,1,7.90,3.9500,true,1,517081
4680009730021,false,דובשניות סחרניה בטעם,,,דובשניות סחרניה בטעם וניל 500 גר,גרמים,500.00,100 גרם,false,1,12.90,2.5800,true,1,519750
4680009730045,false,דובשניות סחרניה בטעם,,,דובשניות סחרניה בטעם דבש 500 גר,גרמים,500.00,100 גרם,false,1,12.90,2.5800,true,1,519749
4680009730274,false,בייגלה לתה 315 גר,,,בייגלה לתה 315 גר,גרמים,315.00,100 גרם,false,1,11.90,3.7778,true,1,519753
4680009731318,false,בייגל מלוטקה 500 גר,BKK,RU,בייגל מלוטקה 500 גר,גרמים,500.00,100 גרם,false,10,12.90,2.5800,true,1,513738
4680009731387,false,בייגלה עם פרג 315 גר,,,בייגלה עם פרג 315 גר,גרמים,315.00,100 גרם,false,1,11.90,3.7778,true,1,519752
4680009734395,false,בייגל בטעם וניל 500,BKK,RU,בייגל בטעם וניל 500 גר,גרמים,500.00,100 גרם,false,10,12.90,2.5800,true,1,513737
4680009734432,false,בייגל פרג 500 גר,BKK,RU,בייגל פרג 500 גר,גרמים,500.00,100 גרם,false,10,12.90,2.5800,true,1,513736
4680009735859,false,דובשניות במילוי בטעם,,,דובשניות במילוי בטעם דובדבנים 500 גר,גרמים,500.00,100 גרם,false,1,15.90,3.1800,true,1,519747
4680009738089,false,בייגלה בטעם וניל 315,,,בייגלה בטעם וניל 315 גר,גרמים,315.00,100 גרם,false,1,11.90,3.7778,true,1,519751
4680019560953,false,משקה שיבולת שועל שוק,,,משקה שיבולת שועל שוקולד 1 ל,ליטרים,1.00,ליטר,false,1,12.90,12.9000,true,1,526015
4680019563350,false,משקה שיבולת שועל וני,,,משקה שיבולת שועל וניל 1 ל,ליטרים,1.00,ליטר,false,1,12.90,12.9000,true,1,526012
4680019564715,false,מחית פירות 120 גר,,,מחית פירות 120 גר,גרמים,120.00,100 גרם,false,1,5.90,4.9167,true,1,524035
4680019565262,false,מיץ תפוע ירוקים 2 ל,,,מיץ תפוע ירוקים 2 ל,ליטרים,2.00,ליטר,false,1,22.90,11.4500,true,1,524017
4680019565309,false,מיץ פירות עם כתישה 2,,,מיץ פירות עם כתישה 2 ל,ליטרים,2.00,ליטר,false,1,22.90,11.4500,true,1,524018
4680019565361,false,מיץ תפוע וענבים 2 ל,,,מיץ תפוע וענבים 2 ל,ליטרים,2.00,ליטר,false,1,22.90,11.4500,true,1,524019
4680019565408,false,מיץ עגבניות עם מלח,,,מיץ עגבניות עם מלח 2 ל,ליטרים,2.00,ליטר,false,1,22.90,11.4500,true,1,524022
4680019566450,false,משקה שקדים 1 ל,,,משקה שקדים 1 ל,ליטרים,1.00,ליטר,false,1,12.90,12.9000,true,1,526018
4680036910151,false,תמד עם נענע 4% נפראו,,,תמד עם נענע 4% נפראווילני מיוד 450 מל,מיליליטרים,450.00,"100 מ""ל",false,1,10.90,2.4222,true,1,521627
4680036910199,false,בירה קראפט APA וולפב,,,בירה קראפט וולפבריו APA,מיליליטרים,450.00,"100 מ""ל",false,1,10.90,2.4222,true,1,507668
4680036910212,false,בירה קראפט וולפבריו,,,"בירה קראפט וולפבריו בלנש דה מזה 450 מ""ל",מיליליטרים,450.00,"100 מ""ל",false,1,10.90,2.4222,true,1,507669
4680036910298,false,בירה זיגולי 900 מל,,,"בירה זיגולי 900 מ""ל",מיליליטרים,900.00,"100 מ""ל",false,1,14.90,1.6556,true,1,493030
4680036910434,false,בירה קראפט וולפבריו,,,"בירה קראפט וולפבריו סבטלויה 450 מ""ל",מיליליטרים,450.00,"100 מ""ל",false,1,10.90,2.4222,true,1,507670
4680036910502,false,בירה זיגולי אקספורט,,,"בירה זיגולי אקספורט 450 מ""ל",מיליליטרים,450.00,"100 מ""ל",false,1,9.90,2.2000,true,1,493029
4680036911868,false,בירה זיגולי פח 450 מ,,,"בירה זיגולי פח 450 מ""ל",מיליליטרים,450.00,"100 מ""ל",false,1,8.90,1.9778,true,1,499512
4680036912940,false,בירה זיגולי ללא אלכו,,,"בירה זיגולי ללא אלכוהול פח 450 מ""ל",מיליליטרים,450.00,"100 מ""ל",false,1,7.90,1.7556,true,1,500414
4680036913039,false,בירה זיגולי פחית 450,חברה פרטית מבשלת ביר,RU,"בירה זיגולי פחית 450 מ""ל שישייה",מיליליטרים,2700.00,"100 מ""ל",false,1,42.90,1.5889,true,1,501158
4680036913121,false,קוואס יאחונט 450 מל,,,קוואס יאחונט 450 מל,מיליליטרים,450.00,"100 מ""ל",false,1,8.90,1.9778,true,1,523772
4680036914036,false,בירה זיגולי קראפט לא,אוזרסקי סובניר,,"בירה זיגולי IPA לא מסוננת זכוכית 450 מ""ל",מיליליטרים,450.00,"100 מ""ל",false,1,10.90,2.4222,true,1,506909
4680036914395,false,בירה קראפט וולפבריו,,,בירה קראפט וולפבריו IPA לא מסוננת 450 מל,מיליליטרים,450.00,"100 מ""ל",false,1,10.90,2.4222,true,1,507667
4680036914913,false,בירה גיגולי ללא אלכו,,,בירה גיגולי ללא אלכוהול בק 450 מל,מיליליטרים,450.00,"100 מ""ל",false,1,7.90,1.7556,true,1,512196
4680036914982,false,בירה זיגולי משי 450,,,"בירה זיגולי משי 450 מ""ל",מיליליטרים,450.00,"100 מ""ל",false,1,9.90,2.2000,true,1,511052
4680036915002,false,בירה זיגולי חיטה בק,,,בירה זיגולי חיטה בק 450 מל,מיליליטרים,450.00,"100 מ""ל",false,1,9.90,2.2000,true,1,512195
4680036915231,false,בירה קראפט אייל חזקה,,,בירה קראפט אייל חזקה מישנקה פוד וישנקוי,מיליליטרים,450.00,"100 מ""ל",false,1,10.90,2.4222,true,1,512600
4680036915934,false,בירה זיגולי בק 450 מ,,,בירה זיגולי בק 500 מל,מיליליטרים,450.00,"100 מ""ל",false,1,9.90,2.2000,true,1,524521
4680036916191,false,בירה מוחנטי שמל לא מ,מוספיבו,,בירה מוחנטי שמל לא מסונן 500 מל,מיליליטרים,500.00,"100 מ""ל",false,1,10.90,2.1800,true,1,521490
4680036917167,false,בירה קראפט כהה חזקה,,,בירה קראפט כהה חזקה סטאוט שוקולד 450 מל,מיליליטרים,450.00,"100 מ""ל",false,1,10.90,2.4222,true,1,522864
4680036918379,false,בירה זיגולי מנגו פסי,,,בירה זיגולי מנגו פסיפלורה לא מסונן 450 מ,מיליליטרים,450.00,"100 מ""ל",false,1,9.90,2.2000,true,1,526401
4680036919130,false,בירה בטעם לימונענע ל,,,בירה בטעם לימונענע לא מסונן 400 מל,מיליליטרים,400.00,"100 מ""ל",false,1,9.90,2.4750,true,1,526398
4680036919154,false,בירה בטעם תות ליים ל,,,בירה בטעם תות ליים לא מסונן 400 מל,מיליליטרים,400.00,"100 מ""ל",false,1,9.90,2.4750,true,1,526399
4680036919413,false,קוואס בירה דלת אלכוה,,,קוואס בירה דלת אלכוהול 900 מל,מיליליטרים,900.00,"100 מ""ל",false,1,9.80,1.0889,true,1,528349
4680036919475,false,בירה זיגולי 1968 רכה,,,בירה זיגולי 1968 רכה במיוחד 430 מל,מיליליטרים,430.00,"100 מ""ל",false,1,9.90,2.3023,true,1,526400
4680036919550,false,סיידר תפוחים 400 מל,,,סיידר תפוחים 400 מל,מיליליטרים,400.00,"100 מ""ל",false,1,9.90,2.4750,true,1,528207
4680046809247,false,שמן חמניות לוקס 870,,,שמן חמניות לוקס 870 מל,מיליליטרים,870.00,"100 מ""ל",false,1,14.90,1.7126,true,1,511448
4699302736913,false,חטיפי פיתה לבשיקי בט,,,חטיפי פיתה לבשיקי בטעם בצל ירוק 100 גר,גרמים,100.00,100 גרם,false,1,7.90,7.9000,true,1,525536
4699302736920,false,חטיפי פיתה לבשיקי בט,,,חטיפי פיתה לבשיקי בטעם נקניקיות שום 100,גרמים,100.00,100 גרם,false,1,7.90,7.9000,true,1,525537
4699302736937,false,חטיפי פיתה לבשיקי בט,,,חטיפי פיתה לבשיקי בטעם שישליק 90 גר,גרמים,90.00,100 גרם,false,1,7.90,8.7778,true,1,528200
4699302736944,false,חטיפי פיתה לבשיקי בט,,,חטיפי פיתה לבשיקי בטעם שמנת עם בצל 90 גר,גרמים,90.00,100 גרם,false,1,7.90,8.7778,true,1,528202
4699302736951,false,חטיפי פיתה לבשיקי בט,,,חטיפי פיתה לבשיקי בטעם גבינה עם שום 90 ג,גרמים,90.00,100 גרם,false,1,7.90,8.7778,true,1,528201
4710068001692,false,"מאסטר קפה לאטה פחית 240מ""ל",תאיט מרקטינג אנד דיס,,קפה קר מאסטר קפה לאטה 240מל,מיליליטרים,240.00,"100 מ""ל",false,1,7.90,3.2917,true,1,477721
4710068001715,false,"מאסטר קפה טרמיסו 240 מ""ל",יוני פרזינדנט אנטרפר,,קפה קר מאסטר קפה טרמיסו 240מל,מיליליטרים,240.00,"100 מ""ל",false,1,7.90,3.2917,true,1,477723
4710068001739,false,"מאסטר קפה קולומביאני 240 מ""ל",יוני פרזינדנט אנטרפר,,קפה קר מאסטר קפה קולומביאני 240מל,מיליליטרים,240.00,"100 מ""ל",false,1,7.90,3.2917,true,1,477722
4710068002798,false,"מאסטר קפה ונילה פחית 240מ""ל",מאיטה פוד אינדוסטריא,,"קפה קר מאסטר קפה ונילה 240 מ""ל",מיליליטרים,240.00,"100 מ""ל",false,24,7.90,3.2917,true,1,506469
4710085230471,false,ויסקי קאוולן דיסטילר,,,ויסקי קאוולן דיסטילרי סלקט נמבר 1,מיליליטרים,700.00,"100 מ""ל",false,1,229.90,32.8429,true,1,524977
4710964170799,false,שומשום שחור קלוי מזר,פלייבור פול פודס טיי,TH,שומשום שחור קלוי 91 גר,גרמים,91.00,100 גרם,false,24,16.90,18.5714,true,1,462382
4711476002790,false,קפה קר פיפו לאטה זכו,,,"קפה קר פיפו לאטה 240 מ""ל",מיליליטרים,240.00,"100 מ""ל",false,24,8.90,3.7083,true,1,509841
4711476002813,false,קפה קר פיפו מוקצ'ינו,,CN,"קפה קר פיפו מוקצינו 240 מ""ל",מיליליטרים,240.00,"100 מ""ל",false,24,8.90,3.7083,true,1,509842
4740012035299,false,שוקולד חלב עם אגוזי,ORKLA,EE,שוקולד חלב עם אגוזי לוז 100 גר,גרמים,100.00,100 גרם,false,11,7.90,7.9000,true,1,503651
4740036005551,false,חמאה טארה 200 גר,,,חמאה טארה 200 גר,גרמים,200.00,100 גרם,false,1,12.90,6.4500,true,1,523924
4740056912365,false,פנקייק במילוי ריבת ת,,,פנקייק במילוי ריבת תות 280 גר,גרמים,280.00,100 גרם,false,1,14.90,5.3214,true,1,520733
4740056913249,false,פנקייק במילוי גבינה,,,פנקייק במילוי גבינה 280 גר,גרמים,280.00,100 גרם,false,1,14.90,5.3214,true,1,520731
4740056913362,false,פנקייק במילוי ריבת פ,,,פנקייק במילוי ריבת פירות יער 280 גר,גרמים,280.00,100 גרם,false,1,14.90,5.3214,true,1,520732
4740056913492,false,פנקייק ויסי קלאסי 50,,,פנקייק ויסי קלאסי 500 גר,גרמים,500.00,100 גרם,false,1,21.90,4.3800,true,1,510131
4740098079309,false,סיידר פיז Fizz אוכמניות,CESU ALUS,,"סידר פיז אוכמניות 4% פח 500 מ""ל",מיליליטרים,500.00,"100 מ""ל",false,1,8.90,1.7800,true,1,480823
4740098079316,false,סיידר פיז Fizz תות שדה,CESU ALUS,,"סידר פיז תות שדה 500 מ""ל",מיליליטרים,500.00,"100 מ""ל",false,1,8.90,1.7800,true,1,480824
4740098079323,false,"סיידר פיז אגס 500 מ""",CESU ALUS,,"סידר פיז אגס פח 500 מ""ל",מיליליטרים,500.00,"100 מ""ל",false,1,8.90,1.7800,true,1,505888
4740098084440,false,סיידר פיז Fizz תפוח עץ,CESU ALUS,,"סידר פיז תפוח עץ 4% פח 500 מ""ל",מיליליטרים,500.00,"100 מ""ל",false,1,8.90,1.7800,true,1,489974
4740098090137,false,בירה IPA איי.פי.איי לבנה,א.לה קוק A.Le Coq,,"בירה אינדיה פייל אייל לבנה 500 מ""ל",מיליליטרים,500.00,"100 מ""ל",false,1,9.90,1.9800,true,1,510614
4740098098331,false,קוקטייל בלו לגון לה,אה לי קוק,EE,קוקטייל בלו לגון לה קוק 330 מל,מיליליטרים,330.00,"100 מ""ל",false,1,9.90,3.0000,true,1,525294
4740098098355,false,קוקטייל לה קוק מוחיט,אה לי קוק,EE,קוקטייל לה קוק מוחיטו 330 מל,מיליליטרים,330.00,"100 מ""ל",false,1,9.90,3.0000,true,1,524204
4740098098379,false,קוקטייל לה קוק מרגרי,אה לי קוק,EE,קוקטייל לה קוק מרגריטה 330 מל,מיליליטרים,330.00,"100 מ""ל",false,1,9.90,3.0000,true,1,524203
4740098098393,false,מוחיטו קוקטייל סק או,,,קוקטייל סקס און דה ביץ לה קוק 330 מל,מיליליטרים,330.00,"100 מ""ל",false,1,9.90,3.0000,true,1,524205
4744131014234,false,קנקני טיהור מים 2.8 ל' AMETHYST,,,קנקן אמטיסט 2.8 ל,Unknown,0.00,Unknown,false,6,79.90,0.0000,true,1,515135
4744131014265,false,מארז שלישיית סננים לקנקן MAXFOR PLUS B25,,,סט שלישיית סננים לקנקן,Unknown,0.00,Unknown,false,12,69.90,0.0000,true,1,515138
4744131015750,false,בקבוק לשתיה כחול,,,בקבוק לשתיה כחול,Unknown,0.00,Unknown,false,1,69.90,0.0000,true,1,525687
4744131015958,false,סט סננים לבקבוק לשתי,,,סט סננים לבקבוק לשתיה,Unknown,0.00,Unknown,false,1,39.90,0.0000,true,1,525689
4750001001891,false,שוקולד לאימה חלב 100,LAIMA,,"שוקולד ""לאימה"" חלב 100 גר",גרמים,100.00,100 גרם,false,1,5.90,5.9000,true,1,470696
4750001002072,false,שוקולד לאימה אקסטרים,LAIMA,,"שוקולד ""לאימה"" אקסטרים חלב אגוז ל 100 גר",גרמים,100.00,100 גרם,false,1,5.90,5.9000,true,1,474431
4750001004267,false,מרשמלו וניל בציפוי ש,,,מרשמלו וניל בציפוי שוקולד 200 גר,גרמים,200.00,100 גרם,false,1,13.90,6.9500,true,1,518288
4750001008869,false,אסורטי מריר 70% 360,LAIMA,,אסורטי מריר 70% 360 גר,גרמים,360.00,100 גרם,false,1,40.90,11.3611,true,1,462414
4750001010213,false,אסורטי מריר אורמלה 3,LAIMA,,אסורטי מריר אורמלה 360 גר,גרמים,360.00,100 גרם,false,12,40.90,11.3611,true,1,528213
4750001010251,false,אסורטי מריר 360 גר,LAIMA,,אסורטי מריר 360 גר,גרמים,360.00,100 גרם,false,12,40.90,11.3611,true,1,528211
4750001814743,false,אסורטי ורדים אדומים,LAIMA,,אסורטי ורדים אדומים 470 גר,גרמים,470.00,100 גרם,false,1,39.90,8.4894,true,1,462421
4750001817911,false,בונבוניירות לאימה כר,LAIMA,,בונבוניירות לאימה כריסמס 180 גר,גרמים,180.00,100 גרם,false,1,22.90,12.7222,true,1,462429
4750001818017,false,מתנת קריסמס 450 גר,LAIMA,,מתנת קריסמס 450 גר,גרמים,450.00,100 גרם,false,1,34.90,7.7556,true,1,468819
4750001818734,false,בונ אסורטי סנטה 470,LAIMA,,"בונ"" ""אסורטי"" סנטה 470 גר",גרמים,470.00,100 גרם,false,1,39.90,8.4894,true,1,462430
4750001818970,false,בונבוניירה אסורטי מר,LAIMA,,בונבוניירה אסורטי מריר לאימה 720 גר,גרמים,720.00,100 גרם,false,10,89.90,12.4861,true,1,462433
4750001948110,false,שוקולד לאימה חלב אסו,LAIMA,,שוקולד לאימה חלב אסורטי 70% 215 גר,גרמים,215.00,100 גרם,false,1,26.90,12.5116,true,1,479175
4750001948127,false,שוקולד לאימה מריר אס,LAIMA,,שוקולד לאימה מריר אסורטי 215 גר,גרמים,215.00,100 גרם,false,1,26.90,12.5116,true,1,479173
4750001950113,false,בונ לאימה שוקולד מרי,LAIMA,,בונ לאימה שוקולד מריר עם בלסם 420 גר,גרמים,420.00,100 גרם,false,1,39.90,9.5000,true,1,488028
4750001950946,false,שוקולד מריר לאימה 70,LAIMA,,שוקולד מריר לאימה 70% 100 גר,גרמים,100.00,100 גרם,false,1,10.90,10.9000,true,1,497448
4750001951141,false,שוקולד מריר לאימה 70,,,שוקולד מריר לאימה 70% 100 גר,גרמים,90.00,100 גרם,false,1,10.90,12.1111,true,1,495506
4750001951592,false,שוקולד מריר 87% קקאו,ORKLA,LV,שוקולד מריר 87% קקאו לאימה 100 גר,גרמים,100.00,100 גרם,false,17,10.90,10.9000,true,1,503669
4750001952674,false,שוקולד לאימה מריר 70,LAIMA,,שוקולד לאימה מריר 70% עם שקדים 200 גר,גרמים,200.00,100 גרם,false,9,18.90,9.4500,true,1,506672
4750001952698,false,שוקולד מריר אגוזי לו,,,שוקולד מריר אגוזי לוז שלם לאימה 200 גר,גרמים,200.00,100 גרם,false,9,18.90,9.4500,true,1,507576
4750001952797,false,שוקולד מריר סרנדה עם,,,שוקולד מריר סרנדה עם משמש ואגוזי לוז 200,גרמים,200.00,100 גרם,false,11,18.90,9.4500,true,1,507577
4750001953442,false,שוקולד אסורטי 70% קר,ORKLA,EE,שוקולד אסורטי 70 % קריסמס לאימה 215 גר,גרמים,215.00,100 גרם,false,12,26.90,12.5116,true,1,508766
4750001954104,false,שוקולד מריר עם ליים,,,שוקולד מריר עם ליים גלי חתיכות גינגר 100,גרמים,100.00,100 גרם,false,1,10.90,10.9000,true,1,528273
4750001954227,false,בונבוניירות כריסמס 1,LAIMA,,בונבוניירות כריסמס 180 גר,גרמים,180.00,100 גרם,false,1,22.90,12.7222,true,1,528275
4750001954425,false,שוקולד מריר לאימה חמ,,,שוקולד מריר לאימה חמוציות וופל מרוסק 200,גרמים,200.00,100 גרם,false,9,18.90,9.4500,true,1,526343
4750001955248,false,שוקולד מריר חמוציות,,,שוקולד מריר חמוציות עוגיות לאימה 100 גר,גרמים,100.00,100 גרם,false,20,10.90,10.9000,true,1,521734
4750001955361,false,מבחר שוקולד כריסמס 1,,,מבחר שוקולד כריסמס 186 גר,גרמים,186.00,100 גרם,false,8,26.90,14.4624,true,1,521740
4750001955385,false,שוקולד מריר קרם ליקר,,,שוקולד מריר קרם ליקר וקינמון 122 גר,גרמים,122.00,100 גרם,false,1,19.90,16.3115,true,1,528274
4750001955507,false,עוגת וופל טרופל 350,,,עוגת וופל טרופל 350 גר,גרמים,350.00,100 גרם,false,1,22.90,6.5429,true,1,526280
4750001955545,false,עוגת וופל בלוצקה 350,,,עוגת וופל בלוצקה 350 גר,גרמים,350.00,100 גרם,false,1,22.90,6.5429,true,1,526281
4750001955743,false,שוקולד מריר חתיכות ק,ORKLA,LV,שוקולד מריר חתיכות קקאו בטעם רום 100 גר,גרמים,100.00,100 גרם,false,13,10.90,10.9000,true,1,524941
4750001956016,false,שוקולד לבן פצפוצי או,LAIMA,,שוקולד לבן פצפוצי אורז ואוכמניות 300 גר,גרמים,300.00,100 גרם,false,1,32.90,10.9667,true,1,528277
4750001956030,false,שוקולד חלב עם מיני מ,,,שוקולד חלב עם מיני מרשמלו לאימה 100 גר,גרמים,100.00,100 גרם,false,20,10.90,10.9000,true,1,528269
4750001956078,false,שוקולד חלב תפוחים גל,LAIMA,,שוקולד חלב תפוחים גלי ליים ושקדים 190 גר,גרמים,190.00,100 גרם,false,1,19.90,10.4737,true,1,528278
4750001956375,false,מבחר סוכריות כריסמס,LAIMA,,מבחר סוכריות כריסמס 225 גר,גרמים,225.00,100 גרם,false,1,13.90,6.1778,true,1,528276
4750007689512,false,עוגיות סלגה 180 גר,LAIMA,,עוגיות סלגה 180 גר,גרמים,180.00,100 גרם,false,1,5.90,3.2778,true,1,462437
4750007689536,false,עוגיות סלגה בטעם שוק,LAIMA,,עוגיות סלגה בטעם שוקולד 180 גר,גרמים,180.00,100 גרם,false,1,5.90,3.2778,true,1,462438
4750007898341,false,עוגיות לאימה גינגר ד,LAIMA,,עוגיות לאימה גינגר דקים בצורות 500 גר,גרמים,500.00,100 גרם,false,1,26.90,5.3800,true,1,486441
4750007899379,false,עוגיות גינגר דקות 37,LAIMA,,עוגיות גינגר דקות 375 גר,גרמים,375.00,100 גרם,false,1,28.90,7.7067,true,1,528280
4750010011232,false,שפרוטים מטוגנים ברוט,אונדה אל טי די,,קילקה מטוגנת ברוטב עגבניות 240 גר,גרמים,240.00,100 גרם,false,24,7.90,3.2917,true,1,504036
4750010492826,false,דג שפרוטים מעושנים ר,,,דג שפרוטים מעושנים ריגה צנצנת 250 גר,גרמים,250.00,100 גרם,false,1,14.90,5.9600,true,1,506559
4750010502228,false,שימורי דג שפרוטים מעושנים ריגה 160 ג',אונדה אל טי די,,דג שפרוטים ריגה מעושנים 160 גר,גרמים,160.00,100 גרם,false,36,8.90,5.5625,true,1,504034
4750011814511,false,ממתק גלי לאימה מסוכר,LAIMA,,ממתק גלי לאימה מסוכרות לימון ותפוזים 190,גרמים,190.00,100 גרם,false,1,16.90,8.8947,true,1,488027
4750011849063,false,ממתק גלי לאימה מסוכר,LAIMA,,ממתק גלי לאימה מסוכרות בטעם חמוציות 190,גרמים,190.00,100 גרם,false,1,16.90,8.8947,true,1,488030
4750011850885,false,מרשמלו פטל בציפוי שו,,,מרשמלו פטל בציפוי שוקולד 200 גר,גרמים,200.00,100 גרם,false,1,13.90,6.9500,true,1,518289
4750011851219,false,גלי מצופה שוקולד מרי,,,גלי מצופה שוקולד מריר בטעם דומדמניות 190,גרמים,190.00,100 גרם,false,10,17.90,9.4211,true,1,521736
4750011851370,false,מרשמלו דובדבן בציפוי,,,מרשמלו דובדבן בציפוי שוקולד 200 גר,גרמים,200.00,100 גרם,false,10,13.90,6.9500,true,1,528214
4750021003905,false,וודקה סטולי גולד בקב,"איי, בי, אינבוו",LV,"וודקה סטולי גולד 700 מ""ל",מיליליטרים,700.00,"100 מ""ל",false,1,84.90,12.1286,true,1,495192
4750021101380,false,בלזאם ריגה בלאק 700,אס פי אי,,בלזאם שחור 0.7 ל,מיליליטרים,700.00,"100 מ""ל",false,1,79.90,11.4143,true,1,468061
4750021201349,false,וודקה בלאק ריגה 700,,,"וודקה ""בלאק ריגה"" 0.7 ל",מיליליטרים,700.00,"100 מ""ל",false,1,79.90,11.4143,true,1,472569
4750021538377,false,בלזאם ריגה בלאק דומד,אס פי אי,,בלזאם שחור עם דומדמניות 0.7 ל,מיליליטרים,700.00,"100 מ""ל",false,1,79.90,11.4143,true,1,462460
4750022001993,false,רוטב עגבניות עם שום,,,רוטב עגבניות עם שום 510 גר,גרמים,510.00,100 גרם,false,6,15.90,3.1176,true,1,515378
4750022002112,false,רוטב אלף האיים 385 ג,,,רוטב אלף האיים 385 גר,גרמים,385.00,100 גרם,false,6,15.90,4.1299,true,1,515381
4750022002129,false,רוטב חרדל דבש 385 גר,,,רוטב חרדל דבש 385 גר,גרמים,385.00,100 גרם,false,6,15.90,4.1299,true,1,515382
4750022002150,false,סלט ירקות על האש 580,,,סלט ירקות על האש 580 מל,מיליליטרים,580.00,"100 מ""ל",false,6,20.90,3.6034,true,1,515371
4750022615091,false,רוטב בולונז 510 גר,,,רוטב בולונז 510 גר,גרמים,510.00,100 גרם,false,6,15.90,3.1176,true,1,515376
4750022686190,false,רוטב מנגו צילי 285 ג,,,רוטב מנגו צילי 285 גר,גרמים,285.00,100 גרם,false,6,21.90,7.6842,true,1,515384
4750022694195,false,רוטב פרמזן שום 280 ג,,,רוטב פרמזן שום 280 גר,גרמים,280.00,100 גרם,false,6,21.90,7.8214,true,1,515385
4750022740298,false,מחית תפוחים עם שמנת,,,מחית תפוחים עם שמנת מתוקה 510 גר,גרמים,510.00,100 גרם,false,6,15.90,3.1176,true,1,515373
4750022742292,false,מחית תפוחים 500 גר,,,מחית תפוחים 500 גר,גרמים,500.00,100 גרם,false,6,15.90,3.1800,true,1,526968
4750022745293,false,מחית תפוחים עם תות ש,,,מחית תפוחים עם תות שמנת מתוקה 510 גר,גרמים,510.00,100 גרם,false,6,15.90,3.1176,true,1,515374
4750022747297,false,מחית תפוחים עם בננה,,,מחית תפוחים עם בננה 500 גר,גרמים,500.00,100 גרם,false,6,15.90,3.1800,true,1,526967
4750022781253,false,רוטב בלסמי 270 גר,,,רוטב בלסמי 270 גר,גרמים,270.00,100 גרם,false,6,13.90,5.1481,true,1,526969
4750024001144,false,חטיפי תירס בטעם כדור,,,חטיפי תירס בטעם כדורי גבינה נאצוס 190 גר,גרמים,190.00,100 גרם,false,15,17.90,9.4211,true,1,515362
4750024001908,false,טונגי תפוא בטעם שמיר,,,טונגי תפוא בטעם שמיר 130 גר,גרמים,130.00,100 גרם,false,1,15.90,12.2308,true,1,525718
4750024002004,false,טונגי תפוא בטעם חזרת,,,טונגי תפוא בטעם חזרת 130 גר,גרמים,130.00,100 גרם,false,1,15.90,12.2308,true,1,527404
4750024002011,false,טונגי תפוא בטעם צימי,,,טונגי תפוא בטעם צימיצורי 130 גר,גרמים,130.00,100 גרם,false,1,15.90,12.2308,true,1,527104
4750024002097,false,טונגי תפוא בטעם פטרי,,,טונגי תפוא בטעם פטריות 130 גר,גרמים,130.00,100 גרם,false,18,15.90,12.2308,true,1,528400
4750024002172,false,טונגי תפוא בטעם שישל,,,טונגי תפוא בטעם שישליק ובצל מטוגן 130 גר,גרמים,130.00,100 גרם,false,1,15.90,12.2308,true,1,527101
4750024002189,false,טונגי תפוא בטעם שמנת,,,טונגי תפוא בטעם שמנת חמוצה ובצל 130 גר,גרמים,130.00,100 גרם,false,1,15.90,12.2308,true,1,527102
4750024002196,false,טונגי תפוא בטעם גבינ,,,טונגי תפוא בטעם גבינת שמנת 130 גר,גרמים,130.00,100 גרם,false,1,15.90,12.2308,true,1,527103
4750042000136,false,משקה אבטיח מלון 1.5,Cido,LV,משקה אבטיח מלון 1.5 ל פרוטו,ליטרים,1.50,ליטר,false,8,14.90,9.9333,true,1,510230
4750042000150,false,משקה פירות שדה 1.5 ל,Cido,LV,משקה פירות שדה 1.5 ל פרוטו,ליטרים,1.50,ליטר,false,8,14.90,9.9333,true,1,503688
4750042000167,false,משקה פירות יער 1.5 ל,Cido,LV,משקה פירות יער 1.5 ל פרוטו,ליטרים,1.50,ליטר,false,8,14.90,9.9333,true,1,503689
4750042000181,false,נקטר תפוחים 1.5 ל פר,Cido,LV,נקטר תפוחים 1.5 ל פרוטו,ליטרים,1.50,ליטר,false,8,14.90,9.9333,true,1,510229
4750042300878,false,מיץ עגבניות סידו עם,,,מיץ עגבניות סידו עם מלח ים 1 ל,ליטרים,1.00,ליטר,false,1,14.90,14.9000,true,1,496230
4750042302711,false,נקטר סידו חמוציות 30,,,נקטר סידו חמוציות 30% 1ל,ליטרים,1.00,ליטר,false,1,14.90,14.9000,true,1,479378
4750042303336,false,נקטר סידו רימונים 1,Cido,,נקטר סידו רימונים 1 ל,ליטרים,1.00,ליטר,false,1,14.90,14.9000,true,1,480658
4750042303619,false,נקטר סידו תפוז אדום,Cido,,נקטר סידו תפוז אדום 40% 1 ל,ליטרים,1.00,ליטר,false,15,14.90,14.9000,true,1,505557
4750042303947,false,מיץ דובדבנים 100% סי,,,מיץ דובדבנים 100% סידו 1ל,ליטרים,1.00,ליטר,false,1,14.90,14.9000,true,1,479377
4750042305842,false,מורס סידו חמוציות ות,,,מורס סידו חמוציות ותות 1ל,ליטרים,1.00,ליטר,false,1,14.90,14.9000,true,1,487848
4750042804222,false,מיץ עגבניות 100% סיד,,,מיץ עגבניות 100% סידו 1ל,ליטרים,1.00,ליטר,false,1,14.90,14.9000,true,1,479375
4750042804277,false,נקטר אפרסק סידו 50%,Cido,,מיץ אפרסק סידו 50% 1 ל,ליטרים,1.00,ליטר,false,15,14.90,14.9000,true,1,485041
4750042804321,false,נקטר סידו אננס 50% 1,Cido,,נקטר סידו אננס 50% 1 ל,ליטרים,1.00,ליטר,false,15,14.90,14.9000,true,1,505556
4750042804338,false,מיץ ירקות סידו 100%,Cido,,מיץ ירקות סידו 100% 1 ל,ליטרים,1.00,ליטר,false,1,14.90,14.9000,true,1,462480
4750042804505,false,נקטר סידו דומדמניות,Cido,,נקטר סידו דומדמניות שחורות ותפוח 1 ל,ליטרים,1.00,ליטר,false,1,14.90,14.9000,true,1,480657
4750042884668,false,נקטר סידו שזיפים 1 ל,Cido,,נקטר סידו שזיפים 1 ל,ליטרים,1.00,ליטר,false,1,14.90,14.9000,true,1,462481
4750050000128,false,חטיף גבינה קרומס פטל,PIENSAIMNIEKS,,חטיף גבינה קרומס פטל רימון 38 גר,גרמים,38.00,100 גרם,false,40,3.90,10.2632,true,1,508350
4750050341405,false,חטיף גבינה בטעם וניל,PIENSAIMNIEKS,,ממתק גבינה בשוקולד,גרמים,45.00,100 גרם,false,1,3.90,8.6667,true,1,462483
4750050341498,false,חטיף גבינה בשוקולד ע,PIENSAIMNIEKS,,חטיף גבינה בשוקולד עגוז לוז 45גר,גרמים,45.00,100 גרם,false,1,3.90,8.6667,true,1,474433
4750050341511,false,חטיף גבינה עם יוגורט,PIENSAIMNIEKS,,ממתק גבינה בשוקולד 5,גרמים,50.00,100 גרם,false,1,3.90,7.8000,true,1,462484
4750050342211,false,חטיף גבינה קרומס 45,PIENSAIMNIEKS,,חטיף גבינה קרומס 45 גר 6+1,גרמים,315.00,100 גרם,false,1,22.90,7.2698,true,1,479957
4750050342259,false,חטיף גבינה שוקולד קר,PIENSAIMNIEKS,,חטיף גבינה שוקולד קרומס 45 גר 6+1,גרמים,315.00,100 גרם,false,8,22.90,7.2698,true,1,505643
4750050526000,false,גבינה מותכת דזינטרס,,,"גבינה מותכת ""דזינטרס",גרמים,200.00,100 גרם,false,20,19.90,9.9500,true,1,462486
4750050526185,false,גבינה מותכת דזינטרס,,,"גבינה מותכת ""דזינטרס",גרמים,200.00,100 גרם,false,1,19.90,9.9500,true,1,507555
4750050526253,false,גבינה מותכת דזינטרס,,,גבינה מותכת דזינטרס עם שרימפס 200 גר,גרמים,200.00,100 גרם,false,20,19.90,9.9500,true,1,507556
4750072013335,false,תחליף פטה קומבי וויט,,,תחליף פטה קומבי וויט 250 גר,גרמים,250.00,100 גרם,false,1,16.90,6.7600,true,1,501013
4750093002837,false,גבינת גאודה מעושנת ק,,,גבינת גאודה מעושנת קשה למחצה 31% 125 גר,גרמים,125.00,100 גרם,false,1,13.90,11.1200,true,1,522354
4750093002868,false,גבינה חצי קשה 10% שו,,,גבינת חצי קשה 10% שומן 125 גר,גרמים,125.00,100 גרם,false,1,12.90,10.3200,true,1,523801
4750093002974,false,גבינת צדר אדום פרוס,,,גבינת צדר אדום פרוס 125 גר,גרמים,125.00,100 גרם,false,1,12.90,10.3200,true,1,523799
4750093002981,false,גבינת מאסדם פרוס 125,,,גבינת מאסדם פרוס 125 גר,גרמים,125.00,100 גרם,false,1,12.90,10.3200,true,1,523800
4750108005259,false,משקה מוגז הפי ניו אי,,,משקה מוגז הפי ניו איר ללא אלכוהול 750 מל,מיליליטרים,750.00,"100 מ""ל",false,1,21.90,2.9200,true,1,486964
4750108005297,false,משקה מוגז סנטה קלאוס,,,משקה מוגז סנטה קלאוס ללא אלכוהול 750 מל,מיליליטרים,750.00,"100 מ""ל",false,1,21.90,2.9200,true,1,486965
4750108005310,false,משקה מוגז סנוו קווין,,,"משקה מוגז סנוו קווין ללא אלכוהול 750 מ""ל",מיליליטרים,750.00,"100 מ""ל",false,1,21.90,2.9200,true,1,486966
4750109157643,false,ממרח על בסיס שמנת חמ,,,ממרח על בסיס שמנת חמוצה 20% 200 גר,גרמים,200.00,100 גרם,false,1,7.90,3.9500,true,1,513434
4750142001996,false,בירה ציסו כהה בוהמיי,"""cesu alus""",,"בירה ציסו כהה בוהמיין פרמיום פח 568 מ""ל",מיליליטרים,568.00,"100 מ""ל",false,1,7.90,1.3908,true,1,508856
4750142002078,false,בירה צסו יורמלה פחית,"""cesu alus""",,בירה צסו יורמלה פחית 500 מל,מיליליטרים,500.00,"100 מ""ל",false,1,6.90,1.3800,true,1,526803
4750142002719,false,בירה בפחית לא מסוננת,"""cesu alus""",,בירה צסו יורמלה לא מסוננת פחית 500 מל,מיליליטרים,500.00,"100 מ""ל",false,1,6.90,1.3800,true,1,526804
4750142003426,false,בירה פילזנר Pilsener אקסטרה,"""cesu alus""",,בירה פילזנר אקסטרה פחית 500 מל,מיליליטרים,500.00,"100 מ""ל",false,1,6.90,1.3800,true,1,511456
4750142004980,false,בירה ציסו פרמיום פח,"""cesu alus""",,בירה ציסו פרמיום פח 568 מל,מיליליטרים,568.00,"100 מ""ל",false,1,8.90,1.5669,true,1,524748
4750142005000,false,בירה ציסו כהה בוהמיי,"""cesu alus""",,בירה ציסו כהה בוהמיין פח 568 מל,מיליליטרים,568.00,"100 מ""ל",false,1,8.90,1.5669,true,1,524736
4750142005062,false,בירה צסו ברוזה לא מס,,,בירה צסו ברוזה לא מסוננת פח 568 מל,מיליליטרים,568.00,"100 מ""ל",false,1,8.90,1.5669,true,1,524656
4750142016518,false,בירה צ'סו Cesu לא מסוננת,צסו אלוס,LV,בירה ציסו לא מסוננת פח568מל,מיליליטרים,568.00,"100 מ""ל",false,1,8.90,1.5669,true,1,475075
4750142021505,false,פחית בירה פילזנר Pilsener,צסו אלוס,LV,"בירה פילזנר בהירה 500 מ""ל",מיליליטרים,500.00,"100 מ""ל",false,1,6.90,1.3800,true,1,462499
4750163986357,false,צנימים מטוגנים עם מל,,,צנימים מטוגנים מלחם שיפון 180 גר,גרמים,180.00,100 גרם,false,1,15.90,8.8333,true,1,525721
4750163986647,false,צנימים מטוגנים מלחם,,,צנימים מטוגנים מלחם שיפון ברביקיו 180 גר,גרמים,180.00,100 גרם,false,1,15.90,8.8333,true,1,525720
4750163986661,false,צנימים מטוגנים מלחם,,,צנימים מטוגנים מלחם שיפון עם שום 180 גר,גרמים,180.00,100 גרם,false,1,15.90,8.8333,true,1,525719
4750211417116,false,שימורי חמציץ קרוניס,,,שימורי חמציץ קרוניס 290 גר,גרמים,290.00,100 גרם,false,8,9.90,3.4138,true,1,506876
4750211710415,false,מרק קרוניקס בורש 500,,,מרק קרוניקס בורש 500 גר,גרמים,500.00,100 גרם,false,1,11.90,2.3800,true,1,483470
4750211720414,false,מרק קרוניס סוליאנקה,,,מרק קרוניס סוליאנקה 500 גר,גרמים,500.00,100 גרם,false,1,12.90,2.5800,true,1,483482
4750211730413,false,מרק קרוניס רסולניק 5,,,מרק קרוניס רסולניק 500 גר,גרמים,500.00,100 גרם,false,1,11.90,2.3800,true,1,494342
4750211760410,false,מרק קרוניקס אפונה 50,,,מרק קרוניקס אפונה 500 גר,גרמים,500.00,100 גרם,false,1,11.90,2.3800,true,1,483468
4750211770419,false,מרק קרוניקס חרצו 500,,,מרק קרוניקס חרצו 500 גר,גרמים,500.00,100 גרם,false,1,11.90,2.3800,true,1,483467
4750211797218,false,מרק קרוניס פטריות 50,סיא קרוניס,,מרק קרוניס פטריות 500 גר,גרמים,500.00,100 גרם,false,1,12.90,2.5800,true,1,485016
4750616000258,false,שפרוטים גדולים מעושנים בשמן צמחי,בריויאס וילניוס,,שפרוטים גדולים בשמן 190 גר,גרמים,190.00,100 גרם,false,1,8.90,4.6842,true,1,490563
4750616000593,false,שפרוטים מעושנים בשמן צמחי,בריויאס וילניוס,,שפרוטים ריגה בשמן 190 גר,גרמים,190.00,100 גרם,false,1,8.90,4.6842,true,1,462555
4750616001194,false,שפרוטים מעושנים בשמן צמחי,בריויאס וילניוס,,שפרוטים ריגה בשמן 240 גר,גרמים,240.00,100 גרם,false,1,8.90,3.7083,true,1,468278
4750616001262,false,שפרוטים צארסקיה בשמן,BRINVAS VILNUS,,שפרוטים צארסקיה בשמן 240 גר,גרמים,240.00,100 גרם,false,1,12.90,5.3750,true,1,462556
4750616001361,false,שימורי הרינג מעושן בשמן צמחי,בריויאס וילניוס,,סלאקה מעושנת 190 גר,גרמים,190.00,100 גרם,false,1,8.90,4.6842,true,1,490564
4750616001439,false,סרדינים במיץ עגבניות,BRINVAS VILNUS,,סרדינים במיץ עגבניות 240 גר,גרמים,240.00,100 גרם,false,1,6.90,2.8750,true,1,490566
4750616001651,false,דגי שיפרוט גדולים מעושנים בשמן צמחי,בריויאס וילניוס,,שפרוטים גדולים בשמן 240 גר,גרמים,240.00,100 גרם,false,1,8.90,3.7083,true,1,462557
4750616001989,false,שימורי דגים פטה שפרו,בריויאס וילניוס,,פטה שפרוטים 250 גר,גרמים,250.00,100 גרם,false,1,6.90,2.7600,true,1,462558
4750616002337,false,שימורי דגי קילקה שלמים ברוטב עגבניות,בריויאס וילניוס,,קילקה במיץ עגבניות 240 גר,גרמים,240.00,100 גרם,false,1,6.90,2.8750,true,1,462561
4750616002344,false,שימורי דגים קילקה עם,בריויאס וילניוס,,קילקה ברוטב עגבניות וירקות,גרמים,240.00,100 גרם,false,1,6.90,2.8750,true,1,462562
4750616006564,false,סרדינים על הגריל בשמ,,LV,סרדינים על הגריל בשמן זית 190 גר,גרמים,190.00,100 גרם,false,48,10.90,5.7368,true,1,514021
4750616006571,false,סרדינים על הגריל בשמ,,LV,סרדינים על הגריל בשמן זית עם צילי 190 גר,גרמים,190.00,100 גרם,false,48,10.90,5.7368,true,1,522852
4750817032003,false,סלט סלמון עם ירקות ב,,,סלט סלמון עם ירקות בטעם אסיאתי 240 גר,גרמים,240.00,100 גרם,false,48,8.90,3.7083,true,1,508953
4750817032010,false,סלט סלמון עם ירקות ב,,,סלט סלמון עם ירקות בטעם מקסיקני 240 גר,גרמים,240.00,100 גרם,false,48,8.90,3.7083,true,1,508951
4750817032027,false,סלט סלמון עם ירקות ב,,,סלט סלמון עם ירקות בטעם איטלקי 240 גר,גרמים,240.00,100 גרם,false,48,8.90,3.7083,true,1,508952
4750817111005,false,פילה סלמון במיץ טבעי,ZENTENE,LV,פילה סלמון במיץ טבעי 200 גר,גרמים,200.00,100 גרם,false,48,10.90,5.4500,true,1,505625
4750817111050,false,פילה סלמון עדין ברוט,,,פילה סלמון עדין ברוטב עגבניות 200 גר,גרמים,200.00,100 גרם,false,1,7.90,3.9500,true,1,525113
4750817111067,false,פילה סלמון עדין במיץ,,,פילה סלמון עדין במיץ טבעי 200 גר,גרמים,200.00,100 גרם,false,1,7.90,3.9500,true,1,525112
4750817111616,false,פילה סלמון ברוטב עגב,ZENTENE,LV,פילה סלמון ברוטב עגבניות 200 גר,גרמים,200.00,100 גרם,false,48,10.90,5.4500,true,1,505626
4750817130808,false,סאירה במיץ טבעי 240,,,סאירה במיץ טבעי 240 גר,גרמים,240.00,100 גרם,false,48,10.90,4.5417,true,1,521751
4750817132505,false,פילה קלמרי במיץ טבעי,,,פילה קלמרי במיץ טבעי BEST OF RIGA,גרמים,240.00,100 גרם,false,48,11.90,4.9583,true,1,508956
4750817134943,false,שפרוטים גדולים מעושנ,,,שפרוטים גדולים מעושנים בשמן צמחי 240 גר,גרמים,240.00,100 גרם,false,48,11.90,4.9583,true,1,509374
4750817135124,false,הרינג בשמן 240 גר,ZENTENE,LV,הרינג בשמן 240 גר,גרמים,240.00,100 גרם,false,48,8.90,3.7083,true,1,505621
4750817136619,false,קילקה ברוטב עגבניות,ZENTENE,LV,קילקה ברוטב עגבניות 240 גר,גרמים,240.00,100 גרם,false,48,5.90,2.4583,true,1,505618
4750817136817,false,סרדינים ברוטב עגבניו,ZENTENE,LV,סרדינים ברוטב עגבניות 240 גר,גרמים,240.00,100 גרם,false,48,8.90,3.7083,true,1,505620
4750817137821,false,מקרל בשמן 240 גר,ZENTENE,LV,מקרל בשמן 240 גר,גרמים,240.00,100 גרם,false,48,9.90,4.1250,true,1,505623
4750817138101,false,סאירה במיץ טבעי בתוס,,,סאירה במיץ טבעי בתוספת שמן 240 גר,גרמים,240.00,100 גרם,false,48,10.90,4.5417,true,1,521753
4750817138125,false,סאירה בשמן צמחי 240,,,סאירה בשמן צמחי 240 גר,גרמים,240.00,100 גרם,false,48,10.90,4.5417,true,1,521750
4750817138811,false,סאירה ברוטב עגבניות,,,סאירה ברוטב עגבניות 240 גר,גרמים,240.00,100 גרם,false,48,10.90,4.5417,true,1,521752
4750817224927,false,שפרוטים מעושנים בשמן,,,שפרוטים מעושנים בשמן צמחי שקוף 240 גר,גרמים,240.00,100 גרם,false,1,14.90,6.2083,true,1,518286
4751000171417,false,דובשניות עם מילוי חמ,ADUGS,,דובשניות במילוי חמוציות 250 גר,גרמים,250.00,100 גרם,false,1,9.90,3.9600,true,1,462570
4751000171424,false,דובשניות במילוי דובד,ADUGS,,דובשניות במילוי דובדבן 250 גר,גרמים,250.00,100 גרם,false,1,9.90,3.9600,true,1,462571
4751000837368,false,מאפה זאפירה עם חתיכו,סיא דאוגיליס פארטנרי,,מאפה זאפירה עם חתיכות אננס 300 גר,גרמים,300.00,100 גרם,false,1,15.90,5.3000,true,1,487090
4751000837382,false,מאפה זאפירה בטעם פטל,סיא דאוגיליס פארטנרי,,מאפה זאפירה בטעם פטל 300 גר,גרמים,300.00,100 גרם,false,1,15.90,5.3000,true,1,487089
4751000837399,false,מאפה זאפירה עם חתיכו,סיא דאוגיליס פארטנרי,,מאפה זאפירה עם חתיכות שוקולד 300 גר,גרמים,300.00,100 גרם,false,1,15.90,5.3000,true,1,487092
4751000837610,false,מאפה זאפירה בטעם צימ,סיא דאוגיליס פארטנרי,,מאפה זאפירה בטעם צימוקים 320 גר,גרמים,320.00,100 גרם,false,1,15.90,4.9688,true,1,488217
4751001581475,false,שימורי דג קילקה ברוט,GAMMA-A,,שימורי דג קילקה ריגה זהב ברוטב עגבניות 2,גרמים,280.00,100 גרם,false,1,10.90,3.8929,true,1,485129
4751002121601,false,לחם שחור 700 גר,MATSS,,לחם שחור 700 גר,גרמים,700.00,100 גרם,false,8,23.90,3.4143,true,1,513371
4751002125494,false,לחם בורודינסקי עם גר,"קנלה בקרי בע""מ",,לחם בורודינסקי עם גרעיני חמניות 350 גר,גרמים,350.00,100 גרם,false,1,14.90,4.2571,true,1,490711
4751002126293,false,לחם שיפון עם פירות י,,,לחם שיפון עם פירות יבשים ואגוזי לוז 350,גרמים,350.00,100 גרם,false,20,21.90,6.2571,true,1,521875
4751002126309,false,לחם שיפון חמוץ מתוק,,,לחם שיפון חמוץ מתוק עם אגוזי מלך 300 גר,גרמים,300.00,100 גרם,false,20,21.90,7.3000,true,1,521876
4751003923105,false,שפרוטים מעושנים בשמן,סיא בוגה,,שפרוטים מעושנים בשמן 160 גר,גרמים,160.00,100 גרם,false,1,7.90,4.9375,true,1,482376
4751003924003,false,סלט טונה עם ירקות איטלקי 185 ג' לארסן,,,סלט טונה עם ירקות איטלקי לארסן 185 גר,גרמים,185.00,100 גרם,false,1,12.90,6.9730,true,1,524847
4751003924010,false,סלט טונה עם ירקות מקסיקני 185 ג' לארסן,,,סלט טונה עם ירקות מקסיקני לארסן 185 גר,גרמים,185.00,100 גרם,false,1,12.90,6.9730,true,1,524848
4751005700551,false,שפרוטים ברוטב עגבניו,PIEJURA,,שפרוטים ברוטב עגבניות 280גר,גרמים,280.00,100 גרם,false,1,16.90,6.0357,true,1,478760
4751005700841,false,קילקה מטוגנת ברוטב ע,PIEJURA,,קילקה מטוגנת ברוטב עגבניות 280גר,גרמים,280.00,100 גרם,false,1,8.90,3.1786,true,1,478761
4751005703569,false,שפרוטים פיגיורה בשמן,PIEJURA,,שפרוטים פיגיורה בשמן 250גר,גרמים,250.00,100 גרם,false,1,16.90,6.7600,true,1,475739
4751007730488,false,טונה עם ירקות איטלקי,,,טונה עם ירקות איטלקי 185 גר,גרמים,185.00,100 גרם,false,1,11.90,6.4324,true,1,519355
4751007730938,false,שפרוטים מעושנים בשמן,karavela,LV,שפרוטים מעושנים בשמן צמחי 240 גר,גרמים,240.00,100 גרם,false,24,8.90,3.7083,true,1,500081
4751007732666,false,פילה סלמון ברוטב עגב,,,פילה סלמון ברוטב עגבניות פיקנטי ארנולד,גרמים,170.00,100 גרם,false,1,11.90,7.0000,true,1,511575
4751007732840,false,פילה סלמון 170 גר,KARAVELA,,פילה סלומון,גרמים,170.00,100 גרם,false,1,11.90,7.0000,true,1,462602
4751007732864,false,פילה סלמון ברוטב חרד,KARAVELA,,פילה סלמון ברוטב חרד,גרמים,170.00,100 גרם,false,1,11.90,7.0000,true,1,462603
4751007732970,false,סלט איטלקי עם סלומון 220ג',KARAVELA,,סלט איטלקי עם סלומון 220 גר,גרמים,220.00,100 גרם,false,1,11.90,5.4091,true,1,462604
4751007732994,false,סלט מקסיקני עם סלומון 220ג',KARAVELA,,סלט מקסיקני עם סלומון 220 גר,גרמים,220.00,100 גרם,false,1,11.90,5.4091,true,1,462605
4751007733007,false,סלט צרפתי עם סלומון 220ג',KARAVELA,,סלט צרפתי עם סלומון 220 גר,גרמים,220.00,100 גרם,false,1,11.90,5.4091,true,1,462606
4751007733212,false,פילה סלמון ברוטב חרד,,,פילה סלמון ברוטב חרדל ארנולד סורנסן 170,גרמים,170.00,100 גרם,false,1,11.90,7.0000,true,1,511574
4751007733229,false,פילה סלמון ברוטב עגב,,,פילה סלמון ברוטב עגבניות ארנולד סורנסן,גרמים,170.00,100 גרם,false,1,11.90,7.0000,true,1,511573
4751007733236,false,פילה סלמון בקרם מנגו,,,פילה סלמון בקרם מנגו עם פלפל ארנולד,גרמים,170.00,100 גרם,false,1,11.90,7.0000,true,1,511576
4751007733991,false,פילה סלמון במיץ טבעי,,,פילה סלמון במיץ טבעי ארנולד,גרמים,200.00,100 גרם,false,1,13.90,6.9500,true,1,511577
4751007737111,false,דג סלמון במי מלח 240,ALTAYSKAYA KRUPA,,דג סלמון במי מלח 240 גר,מיליליטרים,240.00,"100 מ""ל",false,24,7.90,3.2917,true,1,521895
4751007737753,false,קילקה מטוגנת ברוטב ע,,,קילקה מטוגנת ברוטב עגבניות 240 גר,גרמים,240.00,100 גרם,false,24,6.90,2.8750,true,1,507253
4751007737760,false,שימורי דגי קילקה מטו,SAIVA,LV,קילקה ברוטב עגבניות 240 גר,גרמים,240.00,100 גרם,false,24,6.90,2.8750,true,1,508571
4751007738095,false,סלט סלמון עם ירקות מקסיקני 220 ג' לארסן,,,סלט סלמון עם ירקות מקסיקני לארסן 220 גר,גרמים,220.00,100 גרם,false,1,12.90,5.8636,true,1,524843
4751007738101,false,סלט סלמון עם ירקות איטלקי 220 ג' לארסן,,,סלט סלמון עם ירקות איטלקי לארסן 220 גר,גרמים,220.00,100 גרם,false,1,12.90,5.8636,true,1,524844
4751007738149,false,שימורי מולים מעושנות,,,שימורי מולים מעושנות בשמן לפתית 120 גר,גרמים,120.00,100 גרם,false,10,12.90,10.7500,true,1,513981
4751007738156,false,שימורי צדפות מעושנות,,,שימורי צדפות מעושנות ברוטב לימון 120 גר,גרמים,120.00,100 גרם,false,1,12.90,10.7500,true,1,511563
4751007738385,false,קילקה ברוטב עגבניות,,,קילקה ברוטב עגבניות פתיחה קלה 240 גר,גרמים,240.00,100 גרם,false,24,5.90,2.4583,true,1,510242
4751007738392,false,שימורי דג שפרוטים מע,,,שימורי דג שפרוטים מעושנים 240 גר,גרמים,240.00,100 גרם,false,24,10.90,4.5417,true,1,515285
4751007738804,false,שימורי דג שפרוטים מע,,,שימורי דג שפרוטים מעושנים 190 גר,גרמים,190.00,100 גרם,false,21,10.90,5.7368,true,1,515284
4751007739535,false,שימורי סורימי בשמן ע,,,שימורי סורימי בשמן עם צילי 160 גר,גרמים,160.00,100 גרם,false,1,18.90,11.8125,true,1,526050
4751007739542,false,שימורי סורימי במרינד,,,שימורי סורימי במרינדה עם פטרוזיליה 160 ג,גרמים,160.00,100 גרם,false,1,18.90,11.8125,true,1,526048
4751007739917,false,סלמון ברובמיץ טבעי 1,,,נתחי דג סלמון במיץ טבעי 185 גר,גרמים,185.00,100 גרם,false,1,9.90,5.3514,true,1,524851
4751008660821,false,ממתק אומניה ללא סוכר,,,ממתק אומניה ללא סוכר עם אגוזי לוז 90,גרמים,90.00,100 גרם,false,1,6.90,7.6667,true,1,498116
4751008660838,false,ממתק אומניה שקדים לל,,,ממתק אומניה ללא סוכר 90 גר,גרמים,90.00,100 גרם,false,1,6.90,7.6667,true,1,498115
4751008660845,false,ממתק אומניה ללא סוכר,,,ממתק אומניה ללא סוכר עם שקדים 90 גר,גרמים,90.00,100 גרם,false,1,6.90,7.6667,true,1,498117
4751010577605,false,תות בציפוי שוקולד לב,,,תות בציפוי שוקולד לבן 100 גר,גרמים,110.00,100 גרם,false,1,16.90,15.3636,true,1,527764
4751017400227,false,קילקה באנגה ברוטב עג,סיא בוגה,,קילקה באנגה ברוטב עגבניות 240 גר,גרמים,240.00,100 גרם,false,1,5.90,2.4583,true,1,481464
4751017401682,false,כבד דג שיבוט במיץ טב,,,כבד דג שיבוט במיץ טבעי בנגה 115 גר,גרמים,115.00,100 גרם,false,1,9.90,8.6087,true,1,506899
4751017403419,false,כבד דג שיבוט במיץ טב,MALBI CHOCOLATE,,כבד דג שיבוט במיץ טבעי 115 גר,גרמים,115.00,100 גרם,false,1,9.90,8.6087,true,1,511961
4751019530809,false,מוזלי לייט גרסי 400,,,מוזלי לייט גרסי 400 גר,גרמים,400.00,100 גרם,false,1,15.90,3.9750,true,1,514284
4751019530984,false,מוזלי שוקולד גרסי 50,,,מוזלי שוקולד גרסי 500 גר,גרמים,500.00,100 גרם,false,1,21.90,4.3800,true,1,514281
4751019531011,false,מוזלי פסיפלורה 300 ג,,,מוזלי פסיפלורה 300 גר,גרמים,300.00,100 גרם,false,1,13.90,4.6333,true,1,524722
4751019531035,false,מוזלי בוטנים 300 גר,,,מוזלי בוטנים 300 גר,גרמים,300.00,100 גרם,false,1,13.90,4.6333,true,1,524723
4751024270028,false,מקלוני גבינה קשה מעו,,,מקלוני גבינה קשה מעושנת 28% 100 גר,גרמים,100.00,100 גרם,false,1,19.90,19.9000,true,1,500374
4751024270059,false,צמת גבינה קשה מעושנת,,,צמת גבינה קשה מעושנת 28% 100 גר,גרמים,100.00,100 גרם,false,1,19.90,19.9000,true,1,500373
4751024270103,false,צמת גבינה קשה מעושנת,,,צמת גבינה קשה מעושנת 28% 200 גר,גרמים,200.00,100 גרם,false,1,29.90,14.9500,true,1,500375
4751027950026,false,שוקולד ללא סוכר מריר,PIEJURA,,שוקולד ללא סוכר מריר עם שקדים ותפוזים,גרמים,110.00,100 גרם,false,1,10.90,9.9091,true,1,516964
4751027950095,false,מבחר שוקולד אגוזים ח,VICHUNAY,LT,מבחר שוקולד אגוזים חלב ללא סוכר 132 גר,גרמים,132.00,100 גרם,false,1,24.90,18.8636,true,1,520734
4751027950194,false,שוקולד ללא סוכר 60%,PIEJURA,,שוקולד ללא סוכר 60% מריר 100 גרם,גרמים,100.00,100 גרם,false,1,10.90,10.9000,true,1,516963
4751029290472,false,ממרח סלמון 240 גר,,,ממרח סלמון 240 גר,גרמים,240.00,100 גרם,false,1,13.90,5.7917,true,1,506203
4751029291134,false,שפרוטים מעושנים בשמן,סיא בוגה,,שפרוטים מעושנים בשמן 190 גר,גרמים,190.00,100 גרם,false,18,8.90,4.6842,true,1,513715
4751031690048,false,חתיכות סורימי 300 גר,,,חתיכות סורימי 300 גר,גרמים,300.00,100 גרם,false,1,16.90,5.6333,true,1,527270
4751031690277,false,מקלות סורימי אטלנטיק,,,מקלות סורימי אטלנטיקה 250 גר,גרמים,250.00,100 גרם,false,1,13.90,5.5600,true,1,527269
4751032740315,false,מרק סוליאנקה עם מלפפ,DIMDINI,LV,מרק סוליאנקה עם מלפפון כבוש 500 מל,מיליליטרים,500.00,"100 מ""ל",false,6,9.90,1.9800,true,1,516171
4751032740322,false,מרק חרצו עם תבלינים,DIMDINI,LV,מרק חרצו עם תבלינים קבקזיים 500 מל,מיליליטרים,500.00,"100 מ""ל",false,6,9.90,1.9800,true,1,516175
4751032740353,false,מרק רסולניק עם מלפפו,DIMDINI,LV,מרק רסולניק עם מלפפון כבוש 500 מל,מיליליטרים,500.00,"100 מ""ל",false,6,9.90,1.9800,true,1,516174
4751032740377,false,סלט וינגרט 500 מל,,,סלט וינגרט 500 מל,מיליליטרים,500.00,"100 מ""ל",false,1,11.90,2.3800,true,1,526285
4751033540235,false,שוקולד מריר 72% ללא,,,שוקולד מריר 72% ללא סוכר 100 גר,גרמים,100.00,100 גרם,false,20,9.90,9.9000,true,1,525834
4751033540273,false,שוקולד חלב ללא סוכר,,,שוקולד חלב ללא סוכר 100 גר,גרמים,100.00,100 גרם,false,1,8.90,8.9000,true,1,528263
4751033540396,false,שוקולד חלב 60% 100 ג,,,שוקולד חלב 60% 100 גר,גרמים,100.00,100 גרם,false,1,12.90,12.9000,true,1,512900
4751033540419,false,שוקולד חלב 70% 100 ג,,,שוקולד חלב 70% 100 גר,גרמים,100.00,100 גרם,false,1,12.90,12.9000,true,1,512901
4751033540426,false,שוקולד מריר 80% קולו,,,שוקולד חלב 80% קולומביה 100 גר,גרמים,100.00,100 גרם,false,1,12.90,12.9000,true,1,512902
4751033540433,false,שוקולד חלב 77% דומינ,,,שוקולד חלב 77% דומיניקאנה 100 גר,גרמים,100.00,100 גרם,false,1,12.90,12.9000,true,1,512903
4752038001929,false,קרקר מלוח 300 גר,ADUGS,,קרקר מלוח 300 גרם,גרמים,300.00,100 גרם,false,1,10.90,3.6333,true,1,462614
4760007300461,false,רוטב רימונים נרשרב 4,,,רוטב רימונים נרשרב 450 גר,גרמים,450.00,100 גרם,false,1,25.90,5.7556,true,1,487979
4760013403637,false,וופל בטעם לימון 200,,,וופל בטעם לימון 200 גר,גרמים,200.00,100 גרם,false,1,5.90,2.9500,true,1,527247
4760013403644,false,וופל בטעם חלב 200 גר,,,וופל בטעם חלב 200 גר,גרמים,200.00,100 גרם,false,1,5.90,2.9500,true,1,527248
4760018504612,false,ריבת דובדבן 400 גר,BIZIM TARLA,,ריבת דובדבן 400 גר,גרמים,400.00,100 גרם,false,1,15.90,3.9750,true,1,468941
4760018504735,false,ריבת דובדבן לבן 400,BIZIM TARLA,,ריבת דובדבן לבן 400 גר,גרמים,400.00,100 גרם,false,1,17.90,4.4750,true,1,468940
4760018504773,false,ריבת אגוזי מלך 400 ג,BIZIM TARLA,,ריבת אגוזי מלך 400 גר,גרמים,400.00,100 גרם,false,1,17.90,4.4750,true,1,468938
4760062100846,false,תה שחור בוקט 250 גר,,,תה שחור בוקט 250 גר,גרמים,250.00,100 גרם,false,1,29.90,11.9600,true,1,509829
4760062101744,false,תה שחור עם טימין בוק,,,תה שחור עם טימין בוקט 100 גר,גרמים,100.00,100 גרם,false,1,12.90,12.9000,true,1,509826
4760062101775,false,תה שחור בוקט 200 גר,,,תה שחור בוקט 200 גר,גרמים,200.00,100 גרם,false,1,29.90,14.9500,true,1,509828
4760062101805,false,תה שחור בוקט 50 גר,,,תה שחור בוקט 50 גר,גרמים,50.00,100 גרם,false,1,9.90,19.8000,true,1,509832
4760062105070,false,תה ירוק בוקט באריזה,,,תה ירוק בוקט באריזה שקופה 200 גר,גרמים,200.00,100 גרם,false,1,15.90,7.9500,true,1,509840
4760065702009,false,רוטב רימונים 345 גר,,,רוטב רימונים 345 גר,גרמים,345.00,100 גרם,false,1,22.90,6.6377,true,1,519405
4760065704652,false,מיץ רימונים 1 ל,,,מיץ רימונים 1 ל,ליטרים,1.00,ליטר,false,1,21.90,21.9000,true,1,492408
4760065709251,false,ממרח חוצילים 660 גר,,,ממרח חוצילים 660 גר,גרמים,660.00,100 גרם,false,1,19.90,3.0152,true,1,517752
4760065709749,false,ממרח פלפלים אדומים 3,,,ממרח פלפלים אדומים 320 גר,גרמים,320.00,100 גרם,false,1,12.90,4.0313,true,1,519772
4760068001567,false,סלט פלפלים צלויים 31,,,סלט פלפלים צלויים 315 גר,גרמים,315.00,100 גרם,false,1,13.90,4.4127,true,1,517755
4760068001710,false,ריבת תות שדה 400 גר,,,ריבת תות שדה 400 גר,גרמים,400.00,100 גרם,false,1,15.90,3.9750,true,1,520537
4760068002274,false,ריבת חבושים 400 גר,BIZIM TARLA,,ריבת חבושים 400 גר,גרמים,400.00,100 גרם,false,1,15.90,3.9750,true,1,520538
4760068002397,false,ממרח חצילים קלויים 3,אינטרקום יוון,,ממרח חצילים קלויים 315 גר,גרמים,315.00,100 גרם,false,20,14.90,4.7302,true,1,523118
4760074601058,false,גלידת שמנת בטעם וניל,,,גלידת שמנת בטעם וניל בציפוי שוקולד 75 גר,גרמים,75.00,100 גרם,false,1,6.90,9.2000,true,1,526765
4760074601065,false,גלידת שמנת בטעם שוקו,,,גלידת שמנת בטעם שוקולד בציפוי שוקולד 75,גרמים,75.00,100 גרם,false,1,6.90,9.2000,true,1,526766
4760074601072,false,גלידת שמנת בטעם וניל,,,גלידת שמנת בטעם וניל בציפוי שוקולד אגוז,גרמים,75.00,100 גרם,false,1,6.90,9.2000,true,1,526767
4760074601324,false,גלידת שמנת בטעם שוקו,,,גלידת שמנת בטעם שוקולד בציפוי קקאו 90 גר,גרמים,90.00,100 גרם,false,1,6.90,7.6667,true,1,526772
4760074601331,false,גלידת שמנת וניל בציפ,,,גלידת שמנת וניל בציפוי קקאו 90 גר,גרמים,90.00,100 גרם,false,1,6.90,7.6667,true,1,526770
4760074601645,false,גלידת שמנת פלומביר ו,,,גלידת שמנת פלומביר וניל בין שכבות וופל,גרמים,80.00,100 גרם,false,1,6.90,8.6250,true,1,526773
4760074601669,false,גלידת שמנת פלומביר ו,,,גלידת שמנת פלומביר וניל בגביע וופל 80 גר,גרמים,80.00,100 גרם,false,1,6.90,8.6250,true,1,526768
4760074601973,false,גלידת שמנת פלומביר ב,,,גלידת שמנת פלומביר בטעם שוקולד בגביע 80,גרמים,80.00,100 גרם,false,1,6.90,8.6250,true,1,526771
4760093400045,false,סוכר לבן קוביות 500,,,סוכר לבן קוביות 500 גר,גרמים,500.00,100 גרם,false,1,9.90,1.9800,true,1,517751
4760127700172,false,עוגת רולדה קרם פלומב,,,עוגת רולדה קרם פלומביר דרנקה 150 גר,גרמים,150.00,100 גרם,false,1,5.90,3.9333,true,1,527217
4760127700493,false,עוגת רולדה במילוי קר,,,עוגת רולדה במילוי קרם טופי דרנקה 150 גר,גרמים,150.00,100 גרם,false,1,5.90,3.9333,true,1,527219
4760127700639,false,עוגת רולדה במילוי קר,,,עוגת רולדה במילוי קרם חלב דרנקה 150 גר,גרמים,150.00,100 גרם,false,1,5.90,3.9333,true,1,527218
4760127702206,false,עוגת רולדה קרם שוקול,,,עוגת רולדה קרם שוקולד בוניטה 150 גר,גרמים,150.00,100 גרם,false,1,5.90,3.9333,true,1,527215
4760127702213,false,עוגת רולדה במילוי קר,,,עוגת רולדה במילוי קרם ברולה בוניטה 150 ג,גרמים,150.00,100 גרם,false,1,5.90,3.9333,true,1,527213
4760127702237,false,עוגת רולדה קרם חלב מ,,,עוגת רולדה קרם חלב מרוכז בוניטה 150 גר,גרמים,150.00,100 גרם,false,1,5.90,3.9333,true,1,527214
4760127703227,false,מאפינס בטעם טופי דרנ,,,מאפינס בטעם טופי דרנקה 500 גר,גרמים,500.00,100 גרם,false,1,19.90,3.9800,true,1,527229
4760127703234,false,מאפינס בטעם שוקולד ד,,,מאפינס בטעם שוקולד דרנקה 500 גר,גרמים,500.00,100 גרם,false,1,19.90,3.9800,true,1,527228
4760127703241,false,מאפינס בטעם תות שמנת,,,מאפינס בטעם תות שמנת דרנקה 500 גר,גרמים,500.00,100 גרם,false,1,19.90,3.9800,true,1,527227
4760127703777,false,מאפינס בטעם וניל ולי,,,מאפינס בטעם וניל ולימון דרנקה 500 גר,גרמים,500.00,100 גרם,false,1,19.90,3.9800,true,1,527230
4760127704347,false,מיני עוגת רולדה בטעם,,,מיני עוגת רולדה בטעם שוקולד 500 גר,גרמים,500.00,100 גרם,false,1,19.90,3.9800,true,1,527222
4760127704354,false,מיני עוגת רולדה בטעם,,,מיני עוגת רולדה בטעם תות שמנת 500 גר,גרמים,500.00,100 גרם,false,1,16.90,3.3800,true,1,527220
4760127704361,false,מיני עוגת רולדה בטעם,,,מיני עוגת רולדה בטעם תות ושוקולד 500 גר,גרמים,500.00,100 גרם,false,1,17.90,3.5800,true,1,527221
4760127706983,false,עוגיות ממולאות בטעם,,,עוגיות ממולאות בטעם תפוז דליציה 200 גר,גרמים,200.00,100 גרם,false,1,8.90,4.4500,true,1,527234
4760129500268,false,ריבת חבושים 400 גר,,,ריבת חבושים 400 גר,גרמים,400.00,100 גרם,false,1,18.90,4.7250,true,1,524915
4760129500978,false,ריבת תות שדה 400 גר,,,ריבת תות שדה 400 גר,גרמים,400.00,100 גרם,false,1,18.90,4.7250,true,1,524913
4760129500985,false,ריבת קורנל 400 גר,,,ריבת קורנל 400 גר,גרמים,400.00,100 גרם,false,1,18.90,4.7250,true,1,524911
4760156500118,false,אפרסמון מיובש 100 גר,,,אפרסמון מיובש 100 גר,גרמים,100.00,100 גרם,false,1,13.90,13.9000,true,1,525849
4760165590087,false,דובשניות ממולאות בטע,,,דובשניות ממולאות בטעם שוקולד 240 גר,גרמים,240.00,100 גרם,false,1,8.90,3.7083,true,1,527236
4760165590094,false,דובשניות ממולאות בטע,,,דובשניות ממולאות בטעם משמש 240 גר,גרמים,240.00,100 גרם,false,1,8.90,3.7083,true,1,527235
4770033221609,false,וודקה סטרקה ליטה 700,STUMBRAS,,וודקה סטרקה ליטה 0.7,מיליליטרים,700.00,"100 מ""ל",false,1,59.90,8.5571,true,1,462633
4770033223986,false,ברנדי גלוריה 700 מל,STUMBRAS,,"ברנדי ""גלוריה"" 0.7 ל",מיליליטרים,700.00,"100 מ""ל",false,1,69.90,9.9857,true,1,462640
4770033223993,false,ברנדי גלוריה 5 שנים,STUMBRAS,,"ברנדי ""גלוריה"" 0.5 ל",מיליליטרים,500.00,"100 מ""ל",false,1,54.90,10.9800,true,1,462641
4770033224846,false,וודקה פטל 700 מל,STUMBRAS,,וודקה פטל 0.7 ליטר,מיליליטרים,700.00,"100 מ""ל",false,1,49.90,7.1286,true,1,462648
4770033227472,false,ברנדי גלוריה 700 מל,STUMBRAS,,"ברנדי ""גלוריה"" XO 0.7 ל",מיליליטרים,700.00,"100 מ""ל",false,1,119.90,17.1286,true,1,468527
4770033228035,false,נסטויקה ליטא דובדבן,STUMBRAS,,"נסטויקה ""ליטא"" דובדבן 0.7ל",מיליליטרים,700.00,"100 מ""ל",false,1,49.90,7.1286,true,1,468931
4770075447845,false,בירה בהירה אקסטרא פח,סוויטוריס-אוטנוס אלט,,בירה בהירה אקסטרא פח 568 מל,מיליליטרים,568.00,"100 מ""ל",false,1,8.90,1.5669,true,1,520292
4770173822292,false,מלח ורוד הימלאיה 600,,,מלח ורוד הימלאיה 600 גר,גרמים,600.00,100 גרם,false,1,17.90,2.9833,true,1,526061
4770173822353,false,תערובת תיבול ארומט ל,,,תערובת תיבול ארומט לפלוב 370 גר,גרמים,370.00,100 גרם,false,1,17.90,4.8378,true,1,526063
4770173822452,false,תערובת תיבול ארומט 5,,,תערובת תיבול ארומט 500 גר,גרמים,500.00,100 גרם,false,1,17.90,3.5800,true,1,526060
4770173822469,false,תערובת תיבול ארומט ח,,,תערובת תיבול ארומט חמלי סונלי 190 גר,גרמים,190.00,100 גרם,false,1,17.90,9.4211,true,1,526062
4770173822476,false,תערובת תיבול לעוף 40,,,תערובת תיבול לעוף 400 גר,גרמים,400.00,100 גרם,false,1,17.90,4.4750,true,1,526064
4770175046092,false,חטיף גבינה וניל מצופ,,,חטיף גבינה וניל מצופה שוקולד 45 גר,גרמים,45.00,100 גרם,false,1,3.90,8.6667,true,1,524681
4770179100349,false,שוקולד פרגלה מריר 72,,,שוקולד פרגלה מריר 72% קקאו 250 גר,גרמים,250.00,100 גרם,false,10,13.90,5.5600,true,1,499941
4770179125076,false,שוקולד פרגלה מריר עם,PERGALE,,שוקולד מריר פרגלה עם קרם מנגו 100גר,גרמים,100.00,100 גרם,false,1,4.90,4.9000,true,1,473796
4770179125144,false,שוקולד פרגלה מריר עם,PERGALE,,שוקולד מריר פרגלה עם קרם קפה 100גר,גרמים,100.00,100 גרם,false,1,4.90,4.9000,true,1,473797
4770179125342,false,שוקולד פרגלה חלב עם,PERGALE,,"שוקולד ""פרגלה"" חלב עם אגוזים שלמים 250גר",גרמים,250.00,100 גרם,false,8,13.90,5.5600,true,1,462717
4770179998168,false,בונ אסורטי וילנוס 34,,,בונ אסורטי וילנוס 348 גר,גרמים,348.00,100 גרם,false,10,32.90,9.4540,true,1,521194
4770179999004,false,בונ אסורטי פרגלה שוק,PERGALE,,בונ אסורטי פרגלה שוקולד מריר 343 גר,גרמים,343.00,100 גרם,false,1,32.90,9.5918,true,1,520648
4770179999042,false,בונ פרליני שקולד מרי,,,בונ פרליני שקולד מריר 114 גר,גרמים,114.00,100 גרם,false,1,10.90,9.5614,true,1,519463
4770190078702,false,כיסוני גיוזה עם ירקו,VICHUNAY,LT,כיסוני גיוזה עם ירקות 400 גר,גרמים,400.00,100 גרם,false,6,17.90,4.4750,true,1,505635
4770190088763,false,כיסוני גיוזה עם שרימ,VICHUNAY,LT,כיסוני גיוזה עם שרימפס VICI,גרמים,400.00,100 גרם,false,6,37.90,9.4750,true,1,505634
4770190132497,false,כיסוני גיוזה עם סלומ,,,כיסוני גיוזה עם סלומון 400 גרם,גרמים,400.00,100 גרם,false,1,21.90,5.4750,true,1,516952
4770190151832,false,נקניק סורימי 500 גר,,,נקניק סורימי 500 גר,גרמים,500.00,100 גרם,false,1,36.90,7.3800,true,1,526963
4770237048088,false,גלידת שרבט בטעם יוגורט עם אוכמניות שחורות בגביע וופל אישי 82 גר' SVALIA,,,גלידת יוגורט אוכמניות בכוס 82 גר,גרמים,82.00,100 גרם,false,1,5.90,7.1951,true,1,479279
4770237049290,false,גלידת שמנת בטעם וניל בציפוי צימקאו על מקל פלומביר 58 גר' SVALIA,,,גלידה אסקימו פלומביר 58 גר,גרמים,58.00,100 גרם,false,1,5.90,10.1724,true,1,462741
4770237049313,false,גלידת שמנת פלומביר בטעם וניל עם שקדים בציפוי צמקאו על מקל 63 גר' SVALIA,,,גלידה אסקימו פלומביר עם שקדים 63 גר,גרמים,63.00,100 גרם,false,1,5.90,9.3651,true,1,462742
4770237049443,false,גלידת שמנת בטעם קרמל- קרם ברולה פלומביר בגביע וופל אישי 70 גר' SVALIA,Svalya,,גלידת פלומביר קרם ברולה בכוס 70 גר,גרמים,70.00,100 גרם,false,1,5.90,8.4286,true,1,479278
4770237049450,false,גלידת שמנת בטעם וניל בגביע וופל אישי פלומביר 70 גר' SVALIA,Svalya,,גלידת פלומביר בכוס 70 גר,גרמים,70.00,100 גרם,false,1,5.90,8.4286,true,1,479276
4770237050432,false,גלידת שמנת בטעם שוקולד פלומביר בגביע וופל אישי 70 גר' SVALIA,,,גלידת פלומביר שוקולד בכוס 70 גר,גרמים,70.00,100 גרם,false,1,5.90,8.4286,true,1,479277
4770237051804,false,חטיף גבינה וניל 45 ג,פנו ז'ויגזדס,,חטיף גבינה וניל 45 גר,גרמים,45.00,100 גרם,false,1,3.90,8.6667,true,1,476783
4770237051811,false,חטיף גבינה ריבת חלב,פנו ז'ויגזדס,,חטיף גבינה ריבת חלב 45 גר,גרמים,45.00,100 גרם,false,1,3.90,8.6667,true,1,476786
4770237051828,false,חטיף גבינה תות שדה 4,פנו ז'ויגזדס,,חטיף גבינה תות שדה 45 גר,גרמים,45.00,100 גרם,false,1,3.90,8.6667,true,1,476785
4770237051842,false,חטיף גבינה שוקולד 45,פנו ז'ויגזדס,,חטיף גבינה שוקולד 45 גר,גרמים,45.00,100 גרם,false,1,3.90,8.6667,true,1,476784
4770237052092,false,גלידת שמנת בטעם וניל בציפוי צימקאו בגביע וופל אישי 85 גר' SVALIA,,,גלידת סליבוצנויה גביע וופל 85 גר,גרמים,85.00,100 גרם,false,1,5.90,6.9412,true,1,479281
4770237054423,false,גלידת ס שרבט מנגו עם אפרסק בגביע וופל אישי 85 גר' SVALIA,,,גלידה שרבט עם מנגו ואפרסק בכוס 85 גר,גרמים,85.00,100 גרם,false,1,5.90,6.9412,true,1,485038
4770237055048,false,בסגנון שמנת 15% 350,,,בסגנון שמנת 15% 350 גר,גרמים,350.00,100 גרם,false,1,10.90,3.1143,true,1,500903
4770237055055,false,בסגנון שמנת 30% 200,,,בסגנון שמנת 30% 200 גר,גרמים,200.00,100 גרם,false,1,10.90,5.4500,true,1,500904
4770237055574,false,גלידת שמנת בטעם וניל בגביע וופל עם שקדים בציפוי צימקאו SVALYA גר 85,,,גלידת שמנת עם שקדים 85 גר,גרמים,85.00,100 גרם,false,1,5.90,6.9412,true,1,499887
4770237055598,false,גלידה פלומביר וניל ס,,,גלידה פלומביר וניל סבליה דלי 400,גרמים,400.00,100 גרם,false,1,25.90,6.4750,true,1,501305
4770237055604,false,"גלידת שמנת בטעם שוקולדעם אגוזי לוז אריזה משפחתית ""SVALIA"" דלי 400ג'",,,גלידה שוקו פלומביר עם אגוז סבליה דלי 400,גרמים,400.00,100 גרם,false,1,25.90,6.4750,true,1,501304
4770237056748,false,גלידת שמנת משובחת בטעם וניל בציפוי בטעם מסטיק SVALIA גר 58,ז'יטומרסקי זאבוד,,גלידת אסקימו עגול פלומביר מסטיק סבליה 58,גרמים,58.00,100 גרם,false,30,5.90,10.1724,true,1,512766
4770265045264,false,דייסת שיבולת שועל 20,,,דייסת שיבולת שועל 200 גר,גרמים,200.00,100 גרם,false,1,7.90,3.9500,true,1,498230
4770265046452,false,גבינה מותכת סבליה 28,,,גבינה מותכת סבליה 28% 185 גר,גרמים,185.00,100 גרם,false,1,19.90,10.7568,true,1,507416
4770265046568,false,דייסת אורז עם משמש 2,,,דייסת אורז עם משמש 200 גר,גרמים,200.00,100 גרם,false,1,7.90,3.9500,true,1,498233
4770265046575,false,דייסת סולת עם תותי ב,,,דייסת סולת עם תותי בר 200 גר,גרמים,200.00,100 גרם,false,1,7.90,3.9500,true,1,498232
4770265212024,false,גבינה מותכת דברו 22%,,,גבינה מותכת דברו 22% 135 גר,גרמים,135.00,100 גרם,false,1,14.90,11.0370,true,1,507415
4770265213786,false,ריאזנקה סבליה 500 מל,,,"ריאזנקה סבליה 500 מ""ל",מיליליטרים,500.00,"100 מ""ל",false,1,10.90,2.1800,true,1,491396
4770265214752,false,יוגורט יווני סבליה 2,,,יוגורט יווני סבליה 200 גר,גרמים,200.00,100 גרם,false,1,9.90,4.9500,true,1,499143
4770265214769,false,יוגורט יווני סבליה ד,,,יוגורט יווני סבליה דבש 200 גר,גרמים,150.00,100 גרם,false,1,9.90,6.6000,true,1,499146
4770265214783,false,יוגורט יווני סבליה ד,,,יוגורט יווני סבליה דובדבן 150 גר,גרמים,150.00,100 גרם,false,1,9.90,6.6000,true,1,499145
4770265219382,false,תחליף גבינה אנלוגי ג,,,ת.גבינה אנלוגי גורמן מעושנת 600 גר,גרמים,600.00,100 גרם,false,1,44.90,7.4833,true,1,519651
4770265219405,false,תחליף גבינה אנלוגי ס,,,ת.גבינה אנלוגי סבליה 600 גר,גרמים,600.00,100 גרם,false,1,44.90,7.4833,true,1,519648
4770265219429,false,תחליף גבינה אנלוגי ד,,,ת.גבינה אנלוגי דברו 600 גר,גרמים,600.00,100 גרם,false,1,44.90,7.4833,true,1,519649
4770265219443,false,תחליף גבינה אנלוגי ר,,,ת.גבינה אנלוגי רוסייסקי 600 גר,גרמים,600.00,100 גרם,false,1,44.90,7.4833,true,1,519650
4770265219535,false,תחליף גבינה מעושנת ג,,,תחליף גבינה אבלוגי מעושנת גורמן 150 גר,גרמים,150.00,100 גרם,false,1,11.90,7.9333,true,1,519612
4770266127853,false,חלבה חמניות 300 גר,,,חלבה חמניות 300 גר,גרמים,300.00,100 גרם,false,10,10.90,3.6333,true,1,521720
4770266186157,false,חלבה בוטנים עם צימוק,,,חלבה בוטנים עם צימוקים 150 גר,גרמים,150.00,100 גרם,false,20,6.90,4.6000,true,1,521721
4770266187345,false,וופלים במילוי חלב מר,,,וופלים במילוי חלב מרוכז 220 גר,גרמים,220.00,100 גרם,false,10,16.90,7.6818,true,1,521722
4770266188311,false,מארז מיקס חלבה בטעמי,,,מארז מיקס חלבה בטעמים 300 גר,גרמים,300.00,100 גרם,false,1,19.90,6.6333,true,1,526282
4770275048309,false,גבינת קוטג סבליה עם,,,גבינת קוטג סבליה עם תבלינים 15% 130 גר,גרמים,130.00,100 גרם,false,1,11.90,9.1538,true,1,507413
4770275048316,false,גבינת קוטג סבליה עם,,,גבינת קוטג סבליה עם מלפפון שמיר 15% 130,גרמים,130.00,100 גרם,false,1,11.90,9.1538,true,1,507414
4770275048354,false,גבינה סבליה ברינזה 6,פנו ז'ויגזדס,,גבינה סבליה ברינזה 60% 400גר,גרמים,400.00,100 גרם,false,1,49.90,12.4750,true,1,476788
4770275049580,false,בסגנון טבורוג סבליה,,,בסגנון טבורוג סבליה 5% 370 גר,גרמים,370.00,100 גרם,false,1,18.90,5.1081,true,1,486357
4770275049597,false,בסגנון טבורוג סבליה,,,בסגנון טבורוג סבליה 5% 900 גר,גרמים,900.00,100 גרם,false,1,39.90,4.4333,true,1,486358
4770275049603,false,בסגנון טבורוג סבליה,,,בסגנון טבורוג סבליה 9% 370 גר,גרמים,370.00,100 גרם,false,1,18.90,5.1081,true,1,486356
4770275049696,false,קפיר סבליה 900 מל,,,"קפיר סבליה 900 מ""ל",מיליליטרים,900.00,"100 מ""ל",false,1,14.90,1.6556,true,1,491395
4770299047463,false,חטיף גבינה שוקולד מצ,,,חטיף גבינה שוקולד מצופה שוקולד 45 גר 45,גרמים,45.00,100 גרם,false,1,3.90,8.6667,true,1,479135
4770299047890,false,גבינת דזוגס פרמגנו 180ג',,,גבינת פרמזן ברונזה 1,גרמים,180.00,100 גרם,false,1,21.90,12.1667,true,1,462750
4770299393409,false,חטיף גבינה וניל מצופ,,,חטיף גבינה וניל מצופה טופי 45 גר,גרמים,45.00,100 גרם,false,1,3.90,8.6667,true,1,524958
4770299393881,false,חטיף גבינה ריבת חלב,,,חחטיף גבינה ריבת חלב מצופה שוקולד 45 גר,גרמים,45.00,100 גרם,false,1,3.90,8.6667,true,1,479143
4770301230821,false,בירה אינדיה פייל איי,,,בירה אינדיה פייל אייל וולפאס אנגלמן 568,מיליליטרים,568.00,"100 מ""ל",false,1,9.90,1.7430,true,1,524497
4770301231811,false,בירה קרייק דובדבן וו,,,בירה קרייק דובדבן וולפאס אנגלמן 568 מל,מיליליטרים,568.00,"100 מ""ל",false,1,9.90,1.7430,true,1,524500
4770301232023,false,בירה אוסטרליה פייל א,,,בירה אוסטרליה פייל אייל וולפאס אנגלמן,מיליליטרים,568.00,"100 מ""ל",false,1,9.90,1.7430,true,1,524496
4770301234935,false,בירה באלטיק פורטר וו,,,בירה באלטיק פורטר וולפאס אנגלמן 568 מל,מיליליטרים,568.00,"100 מ""ל",false,1,9.90,1.7430,true,1,524498
4770301234973,false,בירה בלנש חיטה וולפא,,,בירה בלנש חיטה וולפאס אנגלמן 568 מל,מיליליטרים,568.00,"100 מ""ל",false,1,9.90,1.7430,true,1,524499
4770301235246,false,בירה חיטה מייסטר וול,,,בירה חיטה מייסטר וולפאס אנגלמן 500 מל,מיליליטרים,500.00,"100 מ""ל",false,1,6.90,1.3800,true,1,525540
4770301235338,false,בירה ניו אינגלנד וול,,,בירה ניו אינגלנד וולפאס אנגלמן 500 מל,מיליליטרים,500.00,"100 מ""ל",false,1,9.90,1.9800,true,1,524501
4770337046427,false,גבינה מאסדם 24.7% פר,,,גבינה מאסדם 24.7% פרוסות 150 גר,גרמים,150.00,100 גרם,false,1,17.90,11.9333,true,1,522767
4770337046748,false,גבינה פרמזן 200 גר,,,גבינה פרמזן 200 גר,גרמים,200.00,100 גרם,false,1,23.90,11.9500,true,1,506455
4770337047264,false,גבינה 200 גר AGED GO,,,גבינה 200 גר OLD GILDIJA,גרמים,200.00,100 גרם,false,1,23.90,11.9500,true,1,507804
4770337047295,false,גבינה 200 גר OLD GIL,,,גבינה 200 גר OLD GILDIJA,גרמים,200.00,100 גרם,false,1,23.90,11.9500,true,1,507803
4770337047431,false,תחליף גבינה סבליה 15,,,תחליף גבינה סבליה 150 גר,גרמים,150.00,100 גרם,false,1,11.90,7.9333,true,1,489643
4770337047448,false,תחליף גבינה דברו 150,,,תחליף גבינה דברו 150 גר,גרמים,150.00,100 גרם,false,1,11.90,7.9333,true,1,489644
4770337047455,false,תחליף גבינה רוסייסקי,,,תחליף גבינה רוסייסקי 150 גר,גרמים,150.00,100 גרם,false,1,11.90,7.9333,true,1,489645
4770337047530,false,תחליף גבינה סבליה 24,,,תחליף גבינה סבליה 240 גר,גרמים,240.00,100 גרם,false,1,17.90,7.4583,true,1,499801
4770337048124,false,תחליף גבינה דברו 240,,,תחליף גבינה דברו 240 גר,גרמים,240.00,100 גרם,false,1,17.90,7.4583,true,1,504937
4770337048131,false,תחליף גבינה רוסייסקי,,,תחליף גבינה רוסייסקי 240 גר,גרמים,240.00,100 גרם,false,1,17.90,7.4583,true,1,504938
4770337048377,false,גבינה אולד וילנוס 27,,,גבינה אולד וילנוס 27.5% פרוסות 150 גר,גרמים,150.00,100 גרם,false,1,17.90,11.9333,true,1,522768
4770337048797,false,גבינה אמנטל 27% פרוס,,,גבינה אמנטל 27% פרוסות 150 גר,גרמים,150.00,100 גרם,false,1,17.90,11.9333,true,1,522766
4770349227531,false,בירה חיטה לא מסוננת,,,בירה חיטה לא מסוננת ללא אלכוהול 500 מל,מיליליטרים,500.00,"100 מ""ל",false,1,6.90,1.3800,true,1,493767
4770471046659,false,גבינה גרנד 180 גר,,,גבינה גרנד 180 גר,גרמים,180.00,100 גרם,false,1,19.90,11.0556,true,1,474594
4770477230052,false,בירה דובדבן 5% כהה 5,,,בירה דובדבן 5% כהה 500 מל,מיליליטרים,500.00,"100 מ""ל",false,1,9.90,1.9800,true,1,526275
4770583219194,false,כרוב עם חמוציות 900,KEDANEYSKI KONSERVNY,,"כרוב עם חמוציות 900 מ""ל",מיליליטרים,900.00,"100 מ""ל",false,8,17.90,1.9889,true,1,500871
4770583221340,false,מיונז אמריקן 620 גר,,,מיונז אמריקן 620 גר,גרמים,620.00,100 גרם,false,1,23.90,3.8548,true,1,503742
4770583228219,false,ממרח סלמון בטעם לימו,,,ממרח סלמון בטעם לימון 280 גר,גרמים,280.00,100 גרם,false,1,17.90,6.3929,true,1,524704
4770583228240,false,ממרח סלמון בטעם גריל,,,ממרח סלמון בטעם גריל 280 גר,גרמים,280.00,100 גרם,false,1,17.90,6.3929,true,1,524707
4771033017070,false,בגט צרפתי אפוי למחצה,סיא בוגה,,בגט צרפתי אפוי למחצה עם חמאה ושום 175 גר,גרמים,175.00,100 גרם,false,1,10.90,6.2286,true,1,512819
4771050157636,false,מרגרינה וילנוס 400 ג,VILNIUS MARGARINE,,"מרגרינה ""וילנוס"" 400",גרמים,400.00,100 גרם,false,1,13.90,3.4750,true,1,462787
4771632086002,false,קפה נמס ארומה גולד מ,,,קפה נמס ארומה גולד מיובש בהקפאה 200 גר,גרמים,200.00,100 גרם,false,1,34.90,17.4500,true,1,491279
4771632086859,false,קפה טחון ארומה גולד,,,קפה טחון ארומה גולד בשקית 80 גר,גרמים,80.00,100 גרם,false,24,7.90,9.8750,true,1,493562
4771632311944,false,בוטנים מצופים בטעם ש,,LT,בוטנים מצופים בטעם שמנת חמוצה ובצל 190 ג,גרמים,190.00,100 גרם,false,1,16.90,8.8947,true,1,520736
4779020987689,false,כבד שיבוט 240 גר,,,כבד שיבוט 240 גר,גרמים,240.00,100 גרם,false,1,19.90,8.2917,true,1,525114
4779020987788,false,כבד שיבוט 230 גר,,,כבד שיבוט 230 גר,גרמים,230.00,100 גרם,false,1,19.90,8.6522,true,1,525115
4779027471143,false,חטיף גבינה לבנה בטעם,,,חטיף גבינה לבנה בטעם חלב מרוכז 43 גר,גרמים,43.00,100 גרם,false,,3.90,9.0698,true,1,525723
4779027471150,false,חטיף גבינה לבנה בטעם,,,חטיף גבינה לבנה בטעם פלומביר 43 גר,גרמים,43.00,100 גרם,false,,3.90,9.0698,true,1,525724
4779027471167,false,חטיף גבינה לבנה בטעם,,,חטיף גבינה לבנה בטעם קרם ברולה 43 גר,גרמים,43.00,100 גרם,false,,3.90,9.0698,true,1,525725
4779027471181,false,חטיף גבינה לבנה במיל,,,חטיף גבינה לבנה במילוי דובדבנים 43 גר,גרמים,43.00,100 גרם,false,,3.90,9.0698,true,1,525726
4779031277847,false,מאפה בסגנון איטלקי 3,,,מאפה בסגנון איטלקי 3 גבינות 125 גר,גרמים,125.00,100 גרם,false,24,7.90,6.3200,true,1,515348
4779031278738,false,פיצה מנטינגה 3 גבינו,MANTINGA,,פיצה מנטינגה 3 גבינות נפולטנה פטריות 315,גרמים,315.00,100 גרם,false,1,20.90,6.6349,true,1,518859
4779036872689,false,שלגון שמנת בטעם מסטי,,,שלגון שמנת בטעם מסטיק בציפוי בטעם תות,Unknown,0.00,Unknown,false,1,5.90,0.0000,true,1,524777
4779036940852,false,עוגיות שוקו גריבוצקי,קאן אגריטך פרייבט למ,,עוגיות שוקו גריבוצקי,Unknown,0.00,Unknown,false,1,5.90,0.0000,true,1,524992
4779036941149,false,עוגיות 150 גרם גריבו,,,עוגיות גריבוצקי 170 גר,גרמים,170.00,100 גרם,false,1,11.90,7.0000,true,1,525412
4779038723033,false,וופל מגולגל במילוי ב,,,וופל מגולגל במילוי בטעם וניל 120 גר,גרמים,120.00,100 גרם,false,1,8.90,7.4167,true,1,527052
4779038723040,false,וופל מגולגל במילוי ב,,,וופל מגולגל במילוי בטעם שוקולד 120 גר,גרמים,120.00,100 גרם,false,1,8.90,7.4167,true,1,527053
4780030111308,false,עגבניות בחומץ 720 מל,,,עגבניות בחומץ 720 מל,מיליליטרים,720.00,"100 מ""ל",false,1,12.90,1.7917,true,1,526607
4780030111315,false,עגבניות שרי בחומץ 72,,,עגבניות שרי בחומץ 720 מל,מיליליטרים,720.00,"100 מ""ל",false,1,12.90,1.7917,true,1,526608
4780030690292,false,מלפפונים בחומץ שום ש,,,מלפפונים בחומץ שום שמיר 720 מל,מיליליטרים,720.00,"100 מ""ל",false,1,13.90,1.9306,true,1,526605
4780030690339,false,מלפפונים בחומץ שום ש,,,מלפפונים בחומץ שום שמיר 720 מל,מיליליטרים,720.00,"100 מ""ל",false,1,15.90,2.2083,true,1,526604
4780030690346,false,מלפפונים בחומץ שום ש,,,מלפפונים בחומץ שום שמיר 1000 מל,מיליליטרים,1000.00,"100 מ""ל",false,1,15.90,1.5900,true,1,526606
4780047500010,false,לפתן דובדבנים 1 ל,,,לפתן דובדבנים 1 ל,ליטרים,1.00,ליטר,false,1,18.90,18.9000,true,1,526623
4780047500409,false,תערובת ירקות בחומץ 1,,,תערובת ירקות בחומץ 1 ל,ליטרים,1.00,ליטר,false,1,19.90,19.9000,true,1,526618
4780047500546,false,פלפל דונגני בחומץ 1,,,פלפל דונגני בחומץ 1 ל,ליטרים,1.00,ליטר,false,1,19.90,19.9000,true,1,526620
4780047500584,false,מלפפונים בחומץ 1 ל,,,מלפפונים בחומץ 1 ל,ליטרים,1.00,ליטר,false,1,16.90,16.9000,true,1,526617
4780047500799,false,פלפל חריף בחומץ 320,,,פלפל חריף בחומץ 320 גר,גרמים,320.00,100 גרם,false,1,12.90,4.0313,true,1,526615
4780048900147,false,תערובת תבלינים פלוב,,,תערובת תבלינים פלוב אוזבקי 50 גר,גרמים,50.00,100 גרם,false,1,14.90,29.8000,true,1,524465
4780048900260,false,תערובת תבלינים למאנט,,,תערובת תבלינים למאנטי 50 גר,גרמים,50.00,100 גרם,false,1,14.90,29.8000,true,1,524468
4780048900819,false,כמון שלם 45 גר,,,כמון שלם 45 גר,גרמים,45.00,100 גרם,false,1,16.90,37.5556,true,1,524470
4780064180073,false,צימוקים כהים אוזבקיי,,,צימוקים כהים אוזבקיים 150 גר,גרמים,150.00,100 גרם,false,1,11.90,7.9333,true,1,525898
4780100580065,false,עלי תה ירוק סיני מעי,יוטי פקטורי,,"תה מעיין ירוק 200 ג""",גרמים,200.00,100 גרם,false,1,15.90,7.9500,true,1,462804
4791021001096,false,תה סגול עטוף 100 שק,IMPRA,,"תה סגול עטוף 100יח""",גרמים,200.00,100 גרם,false,1,22.90,11.4500,true,1,462823
4791021002574,false,תה ארל גריי 250 גר,IMPRA,,"תה ""ארל גריי"" 250 ג""",גרמים,250.00,100 גרם,false,1,35.90,14.3600,true,1,462825
4791021002789,false,תה ירוק אימפרה 100 ש,IMPERIAL TEA EXPORT,,תה ירוק אימפרה 100 ש,גרמים,200.00,100 גרם,false,1,22.90,11.4500,true,1,462827
4791021003397,false,תה אימפרה שחור פירות,IMPRA,,"תה ""מתנה"" שחור פירות",גרמים,160.00,100 גרם,false,1,29.90,18.6875,true,1,462828
4791021003588,false,תה שחור אימפרה 100 ש,IMPERIAL TEA EXPORT,LK,תה אימפרה צהוב 100 ש,גרמים,150.00,100 גרם,false,1,11.90,7.9333,true,1,462829
4791021004462,false,תה ירוק תפוח 25 שקיק,IMPERIAL TEA EXPORT,,"תה ירוק תפוח 30שק""",יחידה,30.00,יחידה,false,1,11.90,0.3967,true,1,462831
4791021004554,false,תה ירוק מנטה 25 שקיק,IMPERIAL TEA EXPORT,,"תה ירוק מנטה 30שק""",גרמים,50.00,100 גרם,false,1,11.90,23.8000,true,1,462835
4791021004608,false,תה ירוק יסמין 100 שק,IMPRA,,תה ירוק יסמין 2גר 10,גרמים,200.00,100 גרם,false,1,22.90,11.4500,true,1,462836
4791021004615,false,תה ירוק בטעמי פירות,IMPRA,,"תה ""מתנה"" ירוק פירות",גרמים,160.00,100 גרם,false,1,29.90,18.6875,true,1,462837
4791021006930,false,תה ירוק אימפרה 250 ג,IMPRA,,תה ירוק אימפרה 250 ג,גרמים,250.00,100 גרם,false,1,11.90,4.7600,true,1,462842
4791021008248,false,תה ירוק 250 גר,IMPRA,,"תה ירוק 250 ג""ר",גרמים,250.00,100 גרם,false,1,35.90,14.3600,true,1,462843
4791021009399,false,תה ירוק קלאסי 25 שקי,IMPERIAL TEA EXPORT,,"תה ירוק 30שק""",גרמים,50.00,100 גרם,false,1,11.90,23.8000,true,1,462847
4791021012504,false,תה אימפרה אדום 250 ג,IMPRA,,תה אימפרה אדום 250 ג,גרמים,250.00,100 גרם,false,1,17.90,7.1600,true,1,462848
4791021904861,false,תה ירוק גינגר 25 שקי,IMPERIAL TEA EXPORT,,"תה ירוק ג""ינג""ר 30שק",גרמים,50.00,100 גרם,false,1,11.90,23.8000,true,1,462858
4791021917595,false,תה ארל גריי 250 גר,IMPRA,,תה ארל גריי 250 גר,גרמים,250.00,100 גרם,false,1,15.90,6.3600,true,1,468780
4791021944720,false,תה ארל גריי ספיישל 1,IMPERIAL TEA EXPORT,,תה ארל גריי ספיישל 200 גר,גרמים,200.00,100 גרם,false,1,22.90,11.4500,true,1,499690
4791021947592,false,תה רויאל 100 שק * 15,IMPRA,,תה רויאל 100 שק * 15 גר,גרמים,150.00,100 גרם,false,18,14.90,9.9333,true,1,508573
4791045001539,false,תה הייליס אריסטוקרט,,,"תה ""הייליס אריסטוקרט",גרמים,250.00,100 גרם,false,1,19.90,7.9600,true,1,462863
4791045001560,false,תה הייליס ברקפסט 150,,,תה הייליס ברקפסט 150 גר,גרמים,150.00,100 גרם,false,1,22.90,15.2667,true,1,462864
4791045001874,false,תה אריסטוקרט 100 שק,,,תה אריסטוקרט 100 שק,גרמים,200.00,100 גרם,false,1,22.90,11.4500,true,1,462870
4791045001997,false,תה צלטון רויאל אנגלי,,,"תה ""צ""לטון"" רויאל אנגלי 200 גר",גרמים,200.00,100 גרם,false,1,22.90,11.4500,true,1,462871
4791045002314,false,תה ירוק הייליס 100 ג,,,תה ירוק הייליס 100 ג,גרמים,100.00,100 גרם,false,1,11.90,11.9000,true,1,462874
4791045002536,false,תה אנגלי 230 גר,,,"תה אנגלי 230 ג""ר",גרמים,230.00,100 גרם,false,1,24.90,10.8261,true,1,462876
4791045002611,false,תה הייליס אריסטוקרט,,,תה הייליס אריסטוקרט 300גר,גרמים,300.00,100 גרם,false,1,34.90,11.6333,true,1,462877
4791045002642,false,תה ירוק יסמין הייליס,,,תה ירוק יסמין הייליס,Unknown,0.00,Unknown,false,1,13.90,0.0000,true,1,462880
4791045006572,false,תה ירוק 100 שק,,,תה ירוק 100 שק,גרמים,200.00,100 גרם,false,1,22.90,11.4500,true,1,462894
4791045007128,false,תה ירוק הייליס פסיפל,,,תה ירוק הייליס פסיפלורה 100גר,גרמים,100.00,100 גרם,false,1,13.90,13.9000,true,1,478578
4791045010937,false,תה ארל גריי 250 גר,,,"תה ""ארל גריי"" 250 גר",גרמים,250.00,100 גרם,false,1,24.90,9.9600,true,1,468183
4791045011361,false,תה שחור הייליס ארל ג,,,תה שחור הייליס ארל גרי 100שק,גרמים,200.00,100 גרם,false,1,25.90,12.9500,true,1,478585
4791045018179,false,תה היליס מילק אולונג,אוזרסקי סובניר,,תה היליס מילק אולונג 100 גר,גרמים,100.00,100 גרם,false,1,29.90,29.9000,true,1,506908
4791045019787,false,תה היליס אריסטוקרט פ,,,תה היליס אריסטוקרט פח 100 גר,גרמים,100.00,100 גרם,false,1,24.90,24.9000,true,1,524592
4791045024064,false,תה היליס ארל גריי פ,,,תה היליס ארל גריי פח 100 גר,גרמים,100.00,100 גרם,false,1,24.90,24.9000,true,1,524593
4791045024071,false,תה היליס ירוק יסמין,,,תה היליס ירוק יסמין פח 100 גר,גרמים,100.00,100 גרם,false,1,24.90,24.9000,true,1,524594
4792032060454,false,מי קוקוס גרין קוקו א,,,"מי קוקוס גרין קוקו אורגני 330 מ""ל",מיליליטרים,330.00,"100 מ""ל",false,12,7.90,2.3939,true,1,503899
4792252001084,false,תה פטל שחור בסילור 2,בסילר,,תה פטל שחור 20 שקי,Unknown,0.00,Unknown,false,1,18.90,0.0000,true,1,469361
4792252001107,false,תה שחור פירות אסורטי,בסילר,,תה שחור פירות הקסם 20 שקי,גרמים,40.00,100 גרם,false,12,19.90,49.7500,true,1,469362
4792252001121,false,תה בוקט אסורטי 20 שק,בסילר,,תה ירוק מובחר 20 שקי,גרמים,40.00,100 גרם,false,12,18.90,47.2500,true,1,469364
4792252001145,false,תה איסלנד ספיישל בסי,בסילור,,תה איסלנד ספיישל 100 גר,גרמים,100.00,100 גרם,false,24,23.90,23.9000,true,1,480531
4792252001169,false,תה ירוק איסלנד בסילו,בסילר,,"תה ירוק ""סנצ""ה"" 100 גר",גרמים,100.00,100 גרם,false,24,19.90,19.9000,true,1,469366
4792252002074,false,תה שחור תות קיווי בס,בסילר,,תה שחור תות קיווי 20 שקי,גרמים,40.00,100 גרם,false,12,18.90,47.2500,true,1,469371
4792252002128,false,תה בוקט בלה מאגיה בס,בסילר,,"תה ירוק ""בליה מגיה"" 20 שקי",Unknown,0.00,Unknown,false,12,18.90,0.0000,true,1,469375
4792252002746,false,תה שחור קלאסי אסורטי,בסילר,,תה שחור קלאסי אסורטי 20 שקי,Unknown,0.00,Unknown,false,1,19.90,0.0000,true,1,469378
4792252007222,false,תה סיזון חורפי בסילו,בסילר,,תה שחור חמוציות 100 שק,גרמים,200.00,100 גרם,false,12,39.90,19.9500,true,1,469381
4792252100060,false,תה ציילון אובה בסילו,בסילור,,תה ציילון אובה 100 גר,גרמים,100.00,100 גרם,false,24,19.90,19.9000,true,1,480532
4792252100220,false,תה בוקט בלה מאגיה בס,בסילר,,תה ירוק חלב אולונג 100 גר,גרמים,100.00,100 גרם,false,24,23.90,23.9000,true,1,469383
4792252100343,false,תה שחור תות קיווי בס,בסילר,,תה שחור תות קיווי 100 גר,גרמים,100.00,100 גרם,false,24,23.90,23.9000,true,1,469384
4792252100398,false,תה סיזון חורפי בסילו,בסילר,,תה שחור חמוציות 100 גר,גרמים,100.00,100 גרם,false,24,19.90,19.9000,true,1,469387
4792252100671,false,תה בליסור איסלנד ספי,בליסור,,תה בליסור איסלנד ספישל 20 שק,גרמים,40.00,100 גרם,false,1,18.90,47.2500,true,1,495174
4792252915503,false,תה בסילור סזון אוסני,בסילר,,"תה ""בזילור"" סזון אוסני 100 גר",גרמים,100.00,100 גרם,false,24,19.90,19.9000,true,1,471703
4792252916227,false,תה בסילור סזון אסורט,בסילר,,"תה ""בזילור"" סזון אסורטי 20 שק",גרמים,35.00,100 גרם,false,12,19.90,56.8571,true,1,471707
4792252916418,false,תה בסילור אוריאנטל מ,בסילר,,"תה ""בזילור"" אוריאנטל מג""יק נייט 20 שק",Unknown,0.00,Unknown,false,12,18.90,0.0000,true,1,471708
4792252920705,false,תה בליסור ספישל קלאס,בליסור,,תה בליסור ספישל קלאסיק ארל גריי 100 גר,גרמים,100.00,100 גרם,false,1,23.90,23.9000,true,1,495175
4792252922792,false,תה בליסור חרבל קמומי,בליסור,,תה בליסור חרבל קמומיל 20 שק,גרמים,24.00,100 גרם,false,1,15.90,66.2500,true,1,495180
4792252924659,false,תה אוריאנטל קולקשן 6,,,תה אוריאנטל קולקשן 60 שק,Unknown,0.00,Unknown,false,1,49.90,0.0000,true,1,523280
4792252925922,false,תה איסלנד ספיישל 100,בסילור,,תה איסלנד ספיישל 100 גר,גרמים,200.00,100 גרם,false,12,35.90,17.9500,true,1,480550
4792252927308,false,תה בליסור פרסונל פרו,בליסור,,תה בליסור פרסונל פרוט שופ 100 גר,גרמים,100.00,100 גרם,false,1,23.90,23.9000,true,1,495176
4792252933514,false,תה בסילור פרוט פטל 1,בליסור,,תה בסילור פרוט פטל 100 גר,גרמים,100.00,100 גרם,false,1,23.90,23.9000,true,1,495184
4792252933545,false,תה בסילור פרוט חמוצי,בליסור,,תה בסילור פרוט חמוציות 100 גר,גרמים,100.00,100 גרם,false,24,23.90,23.9000,true,1,495185
4792252933637,false,תה ארל גריי ומנדרינה,,,תה ארל גריי ומנדרינה 100 גר,גרמים,100.00,100 גרם,false,24,23.90,23.9000,true,1,503154
4792252935228,false,תה אוריאנטל ארל גרי,בסילר,,תה אוריאנטל ארל גרי פרסי 100 גר בסילור,גרמים,100.00,100 גרם,false,1,23.90,23.9000,true,1,513525
4792252935495,false,תה פרוט אסורטי שי 11,,,תה פרוט אסורטי שי 110 גר בסילור,גרמים,110.00,100 גרם,false,1,41.90,38.0909,true,1,513524
4792252936836,false,תה סין לבן 100 גר,,,תה סין לבן 100 גר,גרמים,100.00,100 גרם,false,24,23.90,23.9000,true,1,503158
4792252937628,false,תה סין חלב אולונג 10,,,תה סין חלב אולונג 100 גר,גרמים,100.00,100 גרם,false,1,23.90,23.9000,true,1,503159
4796001051061,false,תה שחור עלים אריזת מ,,,תה שחור עלים אריזת מתנה 200 גר,גרמים,200.00,100 גרם,false,1,39.90,19.9500,true,1,526037
4796019790013,false,שמן קוקוס אורגני גרי,כפרי בריא,,"שמן קוקוס גרין קוקו אורגני 300 מ""ל",מיליליטרים,300.00,"100 מ""ל",false,12,19.90,6.6333,true,1,503895
4796019790020,false,שמן קוקוס גרין קוקו,גרין קוקו,LK,"שמן קוקוס גרין קוקו אורגני 500 מ""ל",מיליליטרים,500.00,"100 מ""ל",false,12,29.90,5.9800,true,1,503896
4798810000599,false,תה סופר אופה 250 גר,טורלטון,,תה סופר אופה 250 גר פח,גרמים,250.00,100 גרם,false,1,39.90,15.9600,true,1,469330
4798810000605,false,תה סופר פיקו 250 גר,טורלטון,,תה סופר פיקו 250 גר פח,גרמים,250.00,100 גרם,false,1,39.90,15.9600,true,1,469328
4798810001985,false,תה ירוק עלים 250 גר,טורלטון,,תה ירוק עלים 250 גר פח,גרמים,250.00,100 גרם,false,1,39.90,15.9600,true,1,469331
4800888219534,false,דאב - דאודורנט סטיק לאישה אנטי פרספירמט 50 גרם,יוניליוור פיליפינים,IL,דאודורנט דאב סטיק אוריגינל 50 גר,גרמים,50.00,100 גרם,false,1,15.90,31.8000,true,1,524683
4802431579003,false,לבש דק ארמני,,,לבש דק ארמני,Unknown,0.00,Unknown,false,1,16.90,0.0000,true,1,492932
4810014018412,false,בירה קריניצה זיגולוב,,,בירה קריניצה זיגולובסקויה אוסובויה פח,מיליליטרים,450.00,"100 מ""ל",false,24,6.90,1.5333,true,1,514760
4810014018559,false,בירה קריניצה קלאסיצנ,או.או.או. קריניצה,,בירה קריניצה קלאסיצנה פח 450 מל,מיליליטרים,450.00,"100 מ""ל",false,24,6.90,1.5333,true,1,517234
4810014018658,false,קוואס סטארוזיטני 1.4,,,קוואס סטארוזיטני 1.4 ל,ליטרים,1.40,ליטר,false,1,15.90,11.3571,true,1,527555
4810014019808,false,קוואס סטארוזיטני לא,,,קוואס סטארוזיטני לא מסונן 1.4 ל,ליטרים,1.40,ליטר,false,1,15.90,11.3571,true,1,527556
4810025000024,false,יין נתזים יבש 750 מל,,,"שמפניה ""סובטסקויה"" י",מיליליטרים,750.00,"100 מ""ל",false,1,27.90,3.7200,true,1,462930
4810025000031,false,יין נתזים חצי יבש 75,,,"שמפניה ""סובטסקויה"" ח",מיליליטרים,750.00,"100 מ""ל",false,1,27.90,3.7200,true,1,462931
4810025000048,false,יין נתזים חצי מתוק 7,,,"שמפניה ""סובטסקויה"" ח",מיליליטרים,750.00,"100 מ""ל",false,1,27.90,3.7200,true,1,462932
4810025000260,false,יין נתזים חצי מתוק ז,,,"שמפניה ""זהב"" חצי מתו",מיליליטרים,750.00,"100 מ""ל",false,1,27.90,3.7200,true,1,462936
4810067007852,false,עוגיות ספרטק בצורת ח,SPARTAK,,עוגיות ספרטק בצורת חיות 450 גר,גרמים,450.00,100 גרם,false,1,14.90,3.3111,true,1,492232
4810073006344,false,חטיף גבינה בטעם וניל,,,חטיף גבינה טימושקה וניל 45 גר,גרמים,45.00,100 גרם,false,1,5.90,13.1111,true,1,502405
4810073007785,false,חטיף גבינה בטעם קקאו,,,חטיף גבינה בטעם קקאו מילוי קרמל 45 גר,גרמים,45.00,100 גרם,false,1,5.90,13.1111,true,1,510828
4810073007792,false,חטיף גבינה בטעם קקאו,,,חטיף גבינה בטעם קקאו מילוי פטל 45 גר,גרמים,45.00,100 גרם,false,1,5.90,13.1111,true,1,510829
4810077001710,false,גלטין בקר 50 גר,,,גלטין בקר 50 גרם,גרמים,50.00,100 גרם,false,1,9.90,19.8000,true,1,518893
4810165432136,false,לחם על בסיס מחמצת מא,ארדי שיווק וסיטונאות,,"לחם סטוליצ""ני",גרמים,500.00,100 גרם,false,1,9.90,1.9800,true,1,462964
4810168000011,false,פילה דג הרינג מלוח מצונן 250ג',,,פילה דג הרינג מלוח מצונן 250 גר,גרמים,250.00,100 גרם,false,1,13.90,5.5600,true,1,462966
4810168000066,false,פילה דג הרינג מלוח מצונן עם תבלין 250ג,SANTA BREMOR,,דג מטיאס מתובל 250 גר,גרמים,250.00,100 גרם,false,1,13.90,5.5600,true,1,462967
4810168000103,false,פילה דג הרינג מלוח מ,,,דג מטיאס מעושן 250 גר,גרמים,250.00,100 גרם,false,1,13.90,5.5600,true,1,471798
4810168000998,false,פילה דג הרינג מלוח מצונן עם בצל בצנצנת חתיכות 260ג',,,פרוסות מטיאס סנטה ברמור בצל 260גר,גרמים,260.00,100 גרם,false,6,17.90,6.8846,true,1,462969
4810168001056,false,פילה דג הרינג מלוח מצונן בצנצנת חתיכות 260ג',,,פרוסות דג מטיאס אורגינל 260 גר,גרמים,260.00,100 גרם,false,6,17.90,6.8846,true,1,471800
4810168001933,false,מקלות סורימי בטעם סר,,,מקלות סורימי בטעם סרטן 200 גרם,גרמים,200.00,100 גרם,false,1,6.90,3.4500,true,1,518885
4810168001964,false,נתחי סורימי בטעם סרט,,,נתחי סורימי בטעם סרטן 200 גרם,גרמים,200.00,100 גרם,false,1,6.90,3.4500,true,1,518886
4810168004132,false,ביצי דג טרוטונית אטל,,,ביצי דג טרוטונית אטלנטי מומלח מצונן 180,גרמים,180.00,100 גרם,false,1,15.90,8.8333,true,1,462977
4810168004149,false,ביצי דג טרוטונית אטל,,,ביצי דג טרוטונית אטלנטי מעושן מצונן 180,גרמים,180.00,100 גרם,false,1,15.90,8.8333,true,1,462978
4810168004156,false,ביצי דג טרוטונית אטל,,,איקרה עם סלמון מעושן 180 גר,גרמים,180.00,100 גרם,false,6,15.90,8.8333,true,1,462979
4810168011017,false,סורימי בטעם סרטן 150,,,סורימי בטעם סרטן 150 גר,גרמים,150.00,100 גרם,false,1,9.90,6.6000,true,1,527645
4810168016104,false,ביצי דג טרוטונית אטל,,,איקרה עם שרעמפס 180 גר,גרמים,180.00,100 גרם,false,6,15.90,8.8333,true,1,471796
4810168018795,false,חתיכות פילה דג הרינג מלוח מצונן 200ג',SANTA BREMOR,,חתיכות פילה דג הרינג מלוח מצונן 200 גר,גרמים,200.00,100 גרם,false,1,13.90,6.9500,true,1,471799
4810168019051,false,חתיכות פילה דג הרינג מלוח מצונן עם תבלין 200ג',SANTA BREMOR,,חתיכות פילה דג הרינג מלוח מצונן עם תבלי,גרמים,200.00,100 גרם,false,1,13.90,6.9500,true,1,504487
4810168020309,false,אצות ים מוחמצות 150,,,אצות ים מוחמצות 150 גר,גרמים,150.00,100 גרם,false,1,6.90,4.6000,true,1,495084
4810168020330,false,אצות ים מוחמצות עם פ,,,אצות ים מוחמצות עם פטריות 150 גר,גרמים,150.00,100 גרם,false,1,6.90,4.6000,true,1,495085
4810168020361,false,אצות ים מוחמצות עם ח,,,אצות ים מוחמצות עם חצילים 150 גר,גרמים,150.00,100 גרם,false,1,6.90,4.6000,true,1,495086
4810168020392,false,אצות ים מוחמצות עם ג,,,אצות ים מוחמצות עם גזר 150 גר,גרמים,150.00,100 גרם,false,1,6.90,4.6000,true,1,495087
4810168023478,false,סלט אצות ים צוקה 150,,,סלט אצות ים צוקה 150 גר,גרמים,150.00,100 גרם,false,1,14.90,9.9333,true,1,527644
4810168024260,false,ביצי דג שיבוט מומלח,,,ביצי דג שיבוט מומלח מצונן 130 גר,גרמים,130.00,100 גרם,false,1,15.90,12.2308,true,1,475544
4810168024512,false,פילה דג הרינג מלוח מצונן עם תבלין בצנצנת חתיכות 260ג,,,דג מטיאס מתובל 260 גר,גרמים,260.00,100 גרם,false,6,17.90,6.8846,true,1,471801
4810168025793,false,ביצי דג זהבנון מומלח,,,ביצי דג זהבנון מומלח מצונן 130 גר,גרמים,130.00,100 גרם,false,1,15.90,12.2308,true,1,475543
4810168031794,false,ביצי דג הרינג אטלנטי,,,ביצי דג הרינג אטלנטי מומלח מצונן 110 גר,גרמים,110.00,100 גרם,false,1,15.90,14.4545,true,1,479149
4810168035792,true,ממרח עם קריל מעושן מ,,,ממרח עם קריל מעושן מצונן 150 גר,גרמים,150.00,100 גרם,false,,14.90,9.9333,true,1,505447
4810168035808,true,ממרח עם קריל ברוטב ש,,,ממרח עם קריל ברוטב שמנת ושום 150 גר,גרמים,150.00,100 גרם,false,,14.90,9.9333,true,1,505448
4810168037888,true,גלידת פלומביר אסקימו,,,גלידת פלומביר אסקימו עם אגוזי לוז,גרמים,65.00,100 גרם,false,42,5.90,9.0769,true,1,480867
4810168038250,false,גלידה אסקימו יוקי חל,,,"גלידה אסקימו ""יוקי"" חלב ציפורים 65 גר",גרמים,65.00,100 גרם,false,1,5.90,9.0769,true,1,481817
4810168038267,false,גלידה פלומביר אסקימו,,,"גלידה פלומביר אסקימו ""יוקי"" 65 גר",גרמים,65.00,100 גרם,false,1,5.90,9.0769,true,1,481264
4810168038977,false,"גלידת שמנת בטעם וניל בגביע וופל אישי פלומביר ""75 ""YUKKIג'",,,גלידה פלומביר יוקי בכוס 75 גר,גרמים,75.00,100 גרם,false,1,5.90,7.8667,true,1,492797
4810168038984,false,גלידת פלומביר יוקי ב,,,"גלידת פלומביר ""יוקי"" בריקט 80 גר",גרמים,80.00,100 גרם,false,1,5.90,7.3750,true,1,481819
4810168038991,false,גלידה שוקולד פלומביר,,,"גלידת פלומביר ""יוקי"" שוקולד בגביע 75 גר",גרמים,75.00,100 גרם,false,1,5.90,7.8667,true,1,481816
4810168039004,false,גלידה פלומביר משפחתי,,,"גלידת פלומביר ""יוקי"" משפחתית 400 גר",גרמים,400.00,100 גרם,false,1,23.90,5.9750,true,1,481820
4810168045098,false,גלידה קרם ברולה פלומ,santa bremor,,גלידה קרם ברולה פלומביר בכוס יוקי 70 גר,גרמים,70.00,100 גרם,false,52,5.90,8.4286,true,1,500361
4810168045432,false,גלידת שמנת בטעם וניל עם מילוי קרם טראפל בציפוי צימקאו 65 גר YUKKI,santa bremor,,גלידת אסקימו יוקי טרופל 65 גר,גרמים,65.00,100 גרם,false,1,5.90,9.0769,true,1,499209
4810168045555,false,פילה דג סלמון מלוח פ,,,פילה דג סלמון מלוח פרוס קפוא 100 גר,גרמים,100.00,100 גרם,false,1,22.90,22.9000,true,1,507768
4810168045562,false,פילה דג סלמון מעושן פרוס קפוא 100 גר מוכן לאכילה,,,פילה דג סלמון מעושן פרוס קפוא 100 גר,גרמים,100.00,100 גרם,false,1,22.90,22.9000,true,1,507767
4810168045579,false,פילה דג פורל מלוח פר,,,פילה דג פורל מלוח פרוס קפוא 100 גר,גרמים,100.00,100 גרם,false,1,22.90,22.9000,true,1,507770
4810168045586,false,פילה דג פורל מעושן פרוס קפוא 100 גר מוכן לאכילה,,,פילה דג פורל מעושן פרוס קפוא 100 גר,גרמים,100.00,100 גרם,false,1,22.90,22.9000,true,1,507769
4810168045593,false,פילה דג סלמון מלוח ק,,,פילה דג סלמון מלוח קפוא 200 גר,גרמים,200.00,100 גרם,false,1,42.90,21.4500,true,1,507772
4810168045609,false,פילה דג סלמון מעושן,,,פילה דג סלמון מעושן קפוא 200 גר,גרמים,200.00,100 גרם,false,1,42.90,21.4500,true,1,507771
4810168045616,false,פילה דג פורל מלוח קפ,,,פילה דג פורל מלוח קפוא 200 גר,גרמים,200.00,100 גרם,false,1,42.90,21.4500,true,1,507774
4810168045623,false,פילה דג פורל מעושן ק,,,פילה דג פורל מעושן קפוא 200 גר,גרמים,200.00,100 גרם,false,1,42.90,21.4500,true,1,507773
4810168045906,true,גלידה סולטו שמנת וני,ז'יטומרסקי זאבוד,,גלידה סולטו שמנת וניל שקדים אסקימו 75 גר,גרמים,75.00,100 גרם,false,24,7.90,10.5333,true,1,521352
4810168045913,true,גלידה סולטו שמנת קקא,ז'יטומרסקי זאבוד,,גלידה סולטו שמנת קקאו בראונ אסקימו 75 גר,גרמים,75.00,100 גרם,false,24,7.90,10.5333,true,1,521353
4810168047351,false,בצק עלים מרודד מוקפא,,,בצק עלים מרודד מוקפא 450 גר,גרמים,450.00,100 גרם,false,1,8.90,1.9778,true,1,518582
4810168047368,false,בצק שמרים עלים מרודד,,,בצק שמרים עלים מרודד מוקפא 450 גר,גרמים,450.00,100 גרם,false,1,8.90,1.9778,true,1,518583
4810168049966,false,בלינצס במילוי דובדבן,,,בלינצס במילוי דובדבן מוקפא 360 גר,גרמים,360.00,100 גרם,false,1,12.90,3.5833,true,1,518577
4810168051396,false,בצק שמרים מרודד מוקפ,,,בצק שמרים מרודד מוקפא 450 גר,גרמים,450.00,100 גרם,false,1,6.90,1.5333,true,1,518581
4810168052270,false,עלי בלינצ'ס מוקפאים 320 גר,,,עלי בלינצס מוקפאים 320 גר,גרמים,320.00,100 גרם,false,1,9.90,3.0938,true,1,518580
4810168053031,false,גלידה פלומביר יוקי ב,,,גלידה פלומביר יוקי בריקט שוקולד 80 גר,גרמים,80.00,100 גרם,false,1,5.90,7.3750,true,1,513585
4810168055004,false,כיסונים במילוי אוכמנ,,,כיסונים במילוי אוכמניות כחולות 450 גר,גרמים,450.00,100 גרם,false,1,18.90,4.2000,true,1,518568
4810168055028,false,כיסונים במילוי דובדב,,,כיסונים במילוי דובדבנים מוקפא 450 גר,גרמים,450.00,100 גרם,false,1,18.90,4.2000,true,1,518569
4810168055035,false,כיסונים במילוי טבורו,,,כיסונים במילוי טבורוג וצימוקים 450 גר,גרמים,450.00,100 גרם,false,1,15.90,3.5333,true,1,518609
4810168055042,false,כיסונים במילוי פטל מ,,,כיסונים במילוי פטל מוקפא 450 גר,גרמים,450.00,100 גרם,false,1,18.90,4.2000,true,1,518570
4810168055059,false,כיסונים במילוי גבינת,,,כיסונים במילוי גבינת ריקוטה ותרד 450 גר,גרמים,450.00,100 גרם,false,1,18.90,4.2000,true,1,518567
4810168055080,false,כיסונים במילוי כרוב,,,כיסונים במילוי כרוב ופטריות 450 גר,גרמים,450.00,100 גרם,false,1,12.90,2.8667,true,1,518575
4810168055165,false,לביבות גבינת טבורוג,,,לביבות גבינת טבורוג מוקפא 450 גר,גרמים,450.00,100 גרם,false,1,18.90,4.2000,true,1,518566
4810168055875,false,חתיכות פילה הרינג מת,,,חתיכות פילה הרינג מתובל מלוח בשמן 1.2 קג,קילוגרמים,1.20,"ק""ג",false,1,39.90,33.2500,true,1,519846
4810168055882,false,חתיכות פילה דג הרינג,,,חתיכות פילה דג הרינג מומלח בשמן 1.2 קג,קילוגרמים,1.20,"ק""ג",false,1,39.90,33.2500,true,1,519845
4810168055899,false,פילה דג הרינג מומלח,,,פילה דג הרינג מומלח בשמן מצונן 1.2 קג,קילוגרמים,1.20,"ק""ג",false,1,39.90,33.2500,true,1,519843
4810168055905,false,פילה דג הרינג סקנדינ,,,פילה דג הרינג סקנדינבי מומלח בשמן 1.2 קג,קילוגרמים,1.20,"ק""ג",false,1,39.90,33.2500,true,1,519844
4810168056964,false,בלינצס במילוי ממרח ק,,,בלינצס במילוי ממרח קקאו אגוזי לוז 360 גר,גרמים,360.00,100 גרם,false,6,12.90,3.5833,true,1,521354
4810168057435,false,חתיכות פילה דג הרינג מלוח בשמן מצונן 400 גר,,,חתיכות פילה דג הרינג מלוח בשמן 400 גר,גרמים,400.00,100 גרם,false,1,26.90,6.7250,true,1,521245
4810168057510,false,חתיכות פילה דג הרינג מתובל מלוח בשמן 400 גר,,,חתיכות פילה דג הרינג מלוח בשמן 400 גר,גרמים,400.00,100 גרם,false,1,26.90,6.7250,true,1,522382
4810168058548,false,חתיכות פילה דג הרינג,,,חתיכות פילה דג הרינג מלוח בשמן 1.2 קג,קילוגרמים,1.20,"ק""ג",false,1,39.90,33.2500,true,1,522381
4810168058876,false,ביצי דג טרוטונית אטל,,,ביצי דג טרוטונית אטלנטי עם אבוקדו סלמון,גרמים,180.00,100 גרם,false,1,15.90,8.8333,true,1,527789
4810168058975,false,חתיכות פילה דג הרינג סקנדינבי מלוח מצונן 260 גר,,,חתיכות פילה הרינג סקנדינבי מצונן 260 גר,גרמים,260.00,100 גרם,false,1,17.90,6.8846,true,1,526084
4810168058982,false,חתיכות פילה דג הרינג סקנדינבי מלוח בשמן 400 גר,,,חתיכות פילה הרינג סקנדינבי בשמן 400 גר,גרמים,400.00,100 גרם,false,1,26.90,6.7250,true,1,526083
4810168058999,false,פילה דג הרינג סקנדינ,,,פילה דג הרינג סקנדינבי מלוח מצונן 250 גר,גרמים,250.00,100 גרם,false,10,13.90,5.5600,true,1,524815
4810168061159,false,בסיגנון קוויאר כדורי,פירסט קוואליטי תרייד,,בסיגנון קוויאר כדורי סלמון ופורל 230 גר,גרמים,230.00,100 גרם,false,1,14.90,6.4783,true,1,527643
4810168062132,false,כיסונים במילוי גבינת,,,כיסונים במילוי גבינת טבורוג מוקפא 450 גר,גרמים,450.00,100 גרם,false,1,15.90,3.5333,true,1,528422
4810168062163,false,כיסונים פרווה במילוי,,,כיסונים במילוי תפוא ופטריות 450 גר,גרמים,450.00,100 גרם,false,1,12.90,2.8667,true,1,528424
4810168062170,false,כיסונים פרווה במילוי,,,כיסונים במילוי תפוא ובצל 450 גר,גרמים,450.00,100 גרם,false,1,12.90,2.8667,true,1,528425
4810168062187,false,בלינצס במילוי תפוא ו,,,בלינצס במילוי תפוא ופטריות 420 גר,גרמים,420.00,100 גרם,false,1,12.90,3.0714,true,1,528427
4810168062194,false,בלינצ'יס במילוי גבינ,,,בלינצס במילוי גבינת טבורוג מוקפא 360 גר,גרמים,360.00,100 גרם,false,1,12.90,3.5833,true,1,528429
4810168062200,false,בלינצס במילוי דובדבן,,,בלינצס במילוי דובדבן מוקפא 360 גר,גרמים,360.00,100 גרם,false,1,12.90,3.5833,true,1,528428
4810168062217,false,בלינצס במילוי תפוע ו,,,בלינצס במילוי תפוע וקינמון 360 גר,גרמים,360.00,100 גרם,false,1,12.90,3.5833,true,1,528430
4810168062224,false,בלינצס במילוי ממרח ק,,,בלינצס במילוי ממרח קקאו אגוזי לוז 360 גר,גרמים,360.00,100 גרם,false,6,12.90,3.5833,true,1,528431
4810268027345,false,טבורוג קלאסי 9% סבוש,,,טבורוג קלאסי 9% סבושקין 300 גר,גרמים,300.00,100 גרם,false,1,21.90,7.3000,true,1,522924
4810268028847,false,טבורוג זרניסטי סבושק,,,טבורוג זרניסטי סבושקין 350 גר,גרמים,350.00,100 גרם,false,1,15.90,4.5429,true,1,522919
4810268041907,false,טבורוג קלאסי 5% סבוש,,,טבורוג קלאסי 5% סבושקין 200 גר,גרמים,200.00,100 גרם,false,1,9.90,4.9500,true,1,522921
4810268041914,false,טבורוג קלאסי 9% סבוש,,,טבורוג קלאסי 9% סבושקין 200 גר,גרמים,200.00,100 גרם,false,1,15.90,7.9500,true,1,522925
4810278003995,false,חליטת פירות וצמחים S,,,חליטת פירות וצמחים SWEET GINGER,Unknown,0.00,Unknown,false,1,10.90,0.0000,true,1,514725
4810285004008,false,קוואס לידסקיי לחם 1.,לידסקויה פיבו,,קוואס לידסקיי לחם 1.5 ל,ליטרים,1.50,ליטר,false,1,13.90,9.2667,true,1,484292
4810285006743,false,קוואס לידסקיי כהה 1.,לידסקויה פיבו,,קוואס לידסקיי כהה 1.5 ל,ליטרים,1.50,ליטר,false,1,13.90,9.2667,true,1,484293
4810350000027,false,לחם מאסטר 700 גר,ארדי שיווק וסיטונאות,,לחם מאסטר 500 גר,גרמים,700.00,100 גרם,false,1,13.90,1.9857,true,1,462997
4810410028954,false,שוקולד מריר ממולא קר,קמונרקה,BY,שוקולד מריר ממולא קרם בטעם טרופל 200 גר,גרמים,200.00,100 גרם,false,1,16.90,8.4500,true,1,521269
4810410046941,false,שוקולד חלב קומונרקה,קמונרקה,BY,שוקולד חלב קומונרקה לובימיה אליונקה 200,גרמים,200.00,100 גרם,false,17,16.90,8.4500,true,1,514759
4810410052294,false,שוקולד מריר מילוי בט,קמונרקה,BY,שוקולד מריר מילוי בטעם דובדבן 200 גר,גרמים,200.00,100 גרם,false,17,16.90,8.4500,true,1,513741
4810410054472,false,שוקולד מריר 68% קומו,קמונרקה,BY,שוקולד מריר 68% קומונרקה 200 גר,גרמים,200.00,100 גרם,false,17,16.90,8.4500,true,1,513740
4810410055752,false,ממתק מוקצף פטיציה מו,,,ממתק מוקצף פטיציה מולוקו 200 גר,גרמים,200.00,100 גרם,false,,17.90,8.9500,true,1,525594
4810410064891,false,שוקולד חלב מילוי בטע,קמונרקה,BY,שוקולד חלב מילוי בטעם טראפלס 200 גר,גרמים,200.00,100 גרם,false,17,16.90,8.4500,true,1,524739
4810410075293,false,שוקולד מריר קומונרקה,קמונרקה,BY,שוקולד מריר קומונרקה מילוי חמוציות 200 ג,גרמים,200.00,100 גרם,false,17,16.90,8.4500,true,1,514756
4810410075309,false,שוקולד מריר קומונרקה,קמונרקה,BY,שוקולד מריר קומונרקה מילוי משמש 200 גר,גרמים,200.00,100 גרם,false,17,16.90,8.4500,true,1,514755
4810410075316,false,שוקולד מריר קומונרקה,קמונרקה,BY,שוקולד מריר קומונרקה מילוי דומדומיות שחו,גרמים,200.00,100 גרם,false,17,16.90,8.4500,true,1,514757
4810410078027,false,שוקולד חלב קומונרקה,קמונרקה,BY,שוקולד חלב קומונרקה מילוי קרמל מלוח 200,גרמים,200.00,100 גרם,false,17,16.90,8.4500,true,1,514758
4811018056028,false,באטון 450 גר,,,באטון 450 גר,גרמים,450.00,100 גרם,false,1,14.90,3.3111,true,1,517247
4811168003989,false,וודקה בולבש אוסוביה,,,"וודקה ""בולבש"" אוסוביה 0.7 ל",מיליליטרים,700.00,"100 מ""ל",false,1,59.90,8.5571,true,1,471828
4811168011038,false,וודקה בולבש 700 מל,,,וודקה בולבש 700 מל,מיליליטרים,700.00,"100 מ""ל",false,1,54.90,7.8429,true,1,511558
4811222003962,false,קוואס חתני אמיתי 900,,,קוואס חתני אמיתי 900 מל,מיליליטרים,900.00,"100 מ""ל",false,1,10.90,1.2111,true,1,525961
4811222003979,false,קוואס חתני אמיתי 1.4,,,קוואס חתני אמיתי 1.4 ל,ליטרים,1.40,ליטר,false,1,14.90,10.6429,true,1,525963
4811222005393,false,קוואס חתני כהה 900 מ,,,קוואס חתני כהה 900 מל,מיליליטרים,900.00,"100 מ""ל",false,1,10.90,1.2111,true,1,525962
4811222005409,false,קוואס חתני כהה 1.4 ל,,,קוואס חתני כהה 1.4 ל,ליטרים,1.40,ליטר,false,1,14.90,10.6429,true,1,525964
4813538004275,false,נקטר סוצני אשכולית א,OASIS GROUP,,"נקטר ""סוצני"" אשכולית אדומה 1.950 ל",ליטרים,1.95,ליטר,false,1,24.90,12.7692,true,1,480741
4815387001849,false,תה שחור פירות ועלי כ,MALBI CHOCOLATE,,תה שחור פירות ועלי כותרת פרחים אפרסק 80,גרמים,80.00,100 גרם,false,1,14.90,18.6250,true,1,527069
4815387001887,false,תה ירוק פירות ועלי כ,MALBI CHOCOLATE,,תה ירוק פירות ועלי כותרת פרחים פטל 80 גר,גרמים,80.00,100 גרם,false,1,14.90,18.6250,true,1,527067
4815387001931,false,תה צמחים עם פירות בנ,MALBI CHOCOLATE,,תה צמחים עם פירות בניחוח דובדבן 80 גר,גרמים,80.00,100 גרם,false,1,14.90,18.6250,true,1,527071
4820000190954,false,בירה אובולון בהירה 5,OBOLON,,"בירה ""אובולון"" בהירה",מיליליטרים,500.00,"100 מ""ל",false,1,7.90,1.5800,true,1,463044
4820000190961,false,בירה אובולון פחית צה,OBOLON,,בירה אובולון צהוב בפ,מיליליטרים,500.00,"100 מ""ל",false,1,7.90,1.5800,true,1,463045
4820000190985,false,"בירה OBOLON לאגר פחית 500 מ""ל",OBOLON,,בירה אובולון ירוק בפ,מיליליטרים,500.00,"100 מ""ל",false,1,7.90,1.5800,true,1,463046
4820000191579,false,בירה אובולון בהירה 2,OBOLON,,"בירה ""אובולון"" בהירה",ליטרים,2.00,ליטר,false,1,21.90,10.9500,true,1,463049
4820000191586,false,בירה אובלון בהירה בק,אובלון,,בירה אובולון בהיר 1,מיליליטרים,1000.00,"100 מ""ל",false,1,11.90,1.1900,true,1,463050
4820000192101,false,בירה קלה בטעם לימון,OBOLON,,בירה קלה בטעם לימון 500 גר,גרמים,500.00,100 גרם,false,1,7.90,1.5800,true,1,471650
4820000192125,false,בירה קלה בטעם דובדבן,OBOLON,,בירה קלה בטעם דובדבן 500 מל,מיליליטרים,500.00,"100 מ""ל",false,1,7.90,1.5800,true,1,471649
4820000192187,false,"בירה OBOLON ללא אלכוהול בקבוק 500 מ""ל",OBOLON,,"בירה ""אובולון"" ללא א",מיליליטרים,500.00,"100 מ""ל",false,1,6.90,1.3800,true,1,463059
4820000193238,false,בירה קלה בטעם פטל 50,OBOLON,,בירה קלה בטעם פטל 500 גר,גרמים,500.00,100 גרם,false,1,7.90,1.5800,true,1,471651
4820000195843,false,בירה זיגוליובסקויה 5,OBOLON,,בירה זיגוליובסקויה 500 מייל,מיליליטרים,500.00,"100 מ""ל",false,1,8.90,1.7800,true,1,472970
4820000195867,false,בירה זיגולובסקויה 2,OBOLON,,"בירה ""ז""יגולובסקויה""",ליטרים,2.00,ליטר,false,1,21.90,10.9500,true,1,463067
4820000430012,false,מים מינרליים מוגזים,MIRGOROD,,מים מינרליים מוגזים,ליטרים,1.50,ליטר,false,1,6.90,4.6000,true,1,463068
4820000455503,false,בירה זיגוליובסקויה 2,,,בירה זיגוליובסקויה 2.5 ל,ליטרים,2.50,ליטר,false,1,29.90,11.9600,true,1,492405
4820000455732,false,בירה לבובסקי בק 450,,,"בירה לבובסקי בק 450 מ""ל",מיליליטרים,450.00,"100 מ""ל",false,1,8.90,1.9778,true,1,484653
4820000455909,false,קוואס טאראס 1.5 ל,,,קוואס טאראס 1.5 ל,ליטרים,1.50,ליטר,false,1,19.90,13.2667,true,1,484656
4820000456272,false,בירה לביבסקי פרמיום,חרקוב ביסקוויט,,"בירה לביבסקי פרמיום בק 500 מ""ל",מיליליטרים,500.00,"100 מ""ל",false,1,9.90,1.9800,true,1,510929
4820000456401,false,בירה רוברט דומס בק 5,קלסברג אוקראינה,,"בירה רוברט דומס בק 500 מ""ל",מיליליטרים,500.00,"100 מ""ל",false,1,9.90,1.9800,true,1,483883
4820000458238,false,בירה אריה כהה בק 500,,,בירה אריה כהה בק 500 מל,מיליליטרים,500.00,"100 מ""ל",false,1,9.90,1.9800,true,1,515289
4820000458788,false,בירה רוברט דומס בלגי,,,בירה רוברט דומס בלגייסקי פח 500 מל,מיליליטרים,500.00,"100 מ""ל",false,1,9.90,1.9800,true,1,515290
4820000458870,false,בירה לבובסקי 2.3 ל,,,בירה לבובסקי 2.3 ל,ליטרים,2.30,ליטר,false,1,29.90,13.0000,true,1,514033
4820000458887,false,בירה לבובסקי 1.45 ל,קלסברג אוקראינה,,בירה לבובסקי 1.45 ל,ליטרים,1.45,ליטר,false,1,19.90,13.7241,true,1,514034
4820000459617,false,בירה אריה לבן לא מסו,,,בירה אריה לבן לא מסוננת בק 500 מל,מיליליטרים,500.00,"100 מ""ל",false,1,9.90,1.9800,true,1,517546
4820002300764,false,עוגיות ללא סוכר 200,לקורנה,,עוגיות ללא סוכר 200,גרמים,200.00,100 גרם,false,1,5.90,2.9500,true,1,463221
4820002301969,false,קרקר אותיות 400 גר,חרקוב בסקוויט,,"קרקר אותיות 400 ג""ר",גרמים,400.00,100 גרם,false,1,12.90,3.2250,true,1,463223
4820002302058,false,קרקר עדין 400 גר,חרקוב בסקוויט,,"קרקר עדין 400 ג""ר",גרמים,400.00,100 גרם,false,1,12.90,3.2250,true,1,463225
4820002303727,false,וופל לימונציק על בסי,חרקוב בסקוויט,,"וופלים לימונצ""יק עם",גרמים,130.00,100 גרם,false,1,6.90,5.3077,true,1,463230
4820002304014,false,ביסקויט פטל עם שמנת,חרקוב בסקוויט,,ביסקויט פטל עם שמנת,גרמים,330.00,100 גרם,false,1,17.90,5.4242,true,1,463233
4820002304038,false,ביסקויט שוקולד 330 ג,חרקוב בסקוויט,,ביסקויט שוקולד 330גר,גרמים,330.00,100 גרם,false,1,17.90,5.4242,true,1,463234
4820002304052,false,ביסקויט דובדבן עם שמ,חרקוב בסקוויט,,ביסקויט דובדבן עם שמ,גרמים,330.00,100 גרם,false,1,17.90,5.4242,true,1,463235
4820002305462,false,ביסקוויט על פרוקטוז,חרקוב בסקוויט,,ביסקוויט דיאט עם פרו,גרמים,400.00,100 גרם,false,1,12.90,3.2250,true,1,463237
4820002309224,false,קרקר סניור באטוניו 3,KHARKIV BISCUIT,,קרקר סניור באטוניו 350 גר,גרמים,350.00,100 גרם,false,1,10.90,3.1143,true,1,488799
4820002309538,false,עוגת וופל קפריזוליה,KHARKIV BISCUIT,,עוגת וופל קפריזוליה פרוקטוזה 210 גר,גרמים,210.00,100 גרם,false,1,12.90,6.1429,true,1,488795
4820002710242,false,בירה אובולון אוקסמיט,אובלון,,בירה אובולון אוקסמיט,מיליליטרים,1000.00,"100 מ""ל",false,1,11.90,1.1900,true,1,463249
4820002710426,false,בירה אובלון לבנה בקב,אובלון,,"בירה ""אובולון"" לבנה",מיליליטרים,1000.00,"100 מ""ל",false,1,11.90,1.1900,true,1,463250
4820002710860,false,בירה אובלון פשניצינו,OBOLON,,"בירה ""אובלון פשניצינויה"" 1 ל",ליטרים,1.00,ליטר,false,1,11.90,11.9000,true,1,468681
4820003148358,false,רוטב מיונז בסגנון אד,,,רוטב מיונז בסגנון אדגיקה 180 גר,גרמים,180.00,100 גרם,false,1,8.90,4.9444,true,1,527046
4820003148365,false,רוטב מיונז בורגר סטי,,,רוטב מיונז בורגר סטייל 180 גר,גרמים,180.00,100 גרם,false,1,8.90,4.9444,true,1,527047
4820003149560,false,מיונז 72% אירופיאן ס,,,מיונז 72% אירופיאן סטייל 295 גר,גרמים,295.00,100 גרם,false,1,11.90,4.0339,true,1,527043
4820003149584,false,מיונז 67% פרובנסל 29,,,מיונז 67% פרובנסל 295 גר,גרמים,295.00,100 גרם,false,1,9.90,3.3559,true,1,527045
4820003149591,false,רוטב מיונז תיבול אמר,,,רוטב מיונז תיבול אמריקן סטייל 295 גר,גרמים,295.00,100 גרם,false,1,9.90,3.3559,true,1,527044
4820003350164,false,יין מבעבע ארטימובסקו,ARTWINER,,יין מבעבע ארטימובסקויה לבן חצי יבש,מיליליטרים,750.00,"100 מ""ל",false,1,39.90,5.3200,true,1,487038
4820003353363,false,יין מבעבע ארטימובסקו,ARTWINER,,יין מבעבע ארטימובסקויה לבן ברוט,מיליליטרים,750.00,"100 מ""ל",false,1,39.90,5.3200,true,1,504564
4820003353622,false,יין מבעבע ארטיומובסק,ARTWINER,,יין מבעבע ארטיומובסקויה לבן חצי מתוק 750,מיליליטרים,750.00,"100 מ""ל",false,1,39.90,5.3200,true,1,500872
4820003689189,false,נקטר ויטמארק עגבניות,,,"נקטר ""ויטמארק"" עגבניות 1.93 ל",ליטרים,1.93,ליטר,false,1,24.90,12.9016,true,1,475710
4820003689196,false,נקטר ויטמארק תפוחים,ויטמרק,,"נקטר ""ויטמארק"" תפוחים 1.93 ל",ליטרים,1.93,ליטר,false,1,22.90,11.8653,true,1,475708
4820003689325,false,נקטר מולטיפרוט נאש ס,נאש סוק,,נקטר מולטיפרוט 1.93 ל,ליטרים,1.93,ליטר,false,6,24.90,12.9016,true,1,491094
4820003689349,false,נקטר מולטיויטמין נאש,ויטמרק,,"נקטר ""ויטמארק""מולטי ויטמין 1.93 ל",ליטרים,1.93,ליטר,false,1,24.90,12.9016,true,1,475709
4820003689356,false,נקטר אפרסק נאש סוק 1,נאש סוק,,נקטר אפרסק נאש סוק 1.93 ל,ליטרים,1.93,ליטר,false,1,24.90,12.9016,true,1,490617
4820003689363,false,מיץ עגבניות עם מלח נ,נאש סוק,,נקטר עגבניות עם מלח 1.93 ל,ליטרים,1.93,ליטר,false,6,24.90,12.9016,true,1,490619
4820003689387,false,נקטר נאש סוק בטעם דו,ויטמרק,,נקטר נאש סוק בטעם דובדבן 1.93 ל,ליטרים,1.93,ליטר,false,1,24.90,12.9016,true,1,475706
4820004923589,false,יין מבעבע מרנגו חצי,,,"יין מבעבע מרנגו חצי יבש 750 מ""ל",מיליליטרים,750.00,"100 מ""ל",false,1,24.90,3.3200,true,1,508291
4820004924814,false,יין מבעבע מרנגו אקסט,,,"יין מבעבע מרנגו אקסטרא ברוט יבש 750 מ""ל",מיליליטרים,750.00,"100 מ""ל",false,1,24.90,3.3200,true,1,508292
4820005193097,false,שוקולד לבן מילניום ג,מלבי,,שוקולד מילניום עם אגוזי לוז וחמוציות 100,גרמים,100.00,100 גרם,false,1,7.90,7.9000,true,1,463306
4820005198597,false,שוקולד מריר מילניום,מלבי,,"שוקולד ""מילניום פאבו",גרמים,100.00,100 גרם,false,1,7.90,7.9000,true,1,463319
4820005443857,false,שעועית ברוטב עגבניות,,,שעועית ברוטב עגבניות 460 גר,גרמים,460.00,100 גרם,false,1,8.90,1.9348,true,1,519438
4820005443871,false,שעועית עם ירקות 460,,,שעועית עם ירקות 460 גר,גרמים,460.00,100 גרם,false,1,8.90,1.9348,true,1,519437
4820012596294,false,אסקימו לב וניל עם אג,laska,,אסקימו לב וניל עם אגוזים,גרמים,80.00,100 גרם,false,22,5.90,7.3750,true,1,508354
4820012596300,false,אסקימו לב בטעם פיסטו,,,אסקימו לב בטעם פיסטוק 85 גר,גרמים,85.00,100 גרם,false,22,5.90,6.9412,true,1,511739
4820012598373,false,פלומביר אליסקה 80 גר,laska,,פלומביר אליסקה 80גר,גרמים,80.00,100 גרם,false,1,5.90,7.3750,true,1,478445
4820012790210,false,פטריות מיובשות חתוכו,,,פטריות מיובשות חתוכות לבנות 15 גר,גרמים,15.00,100 גרם,false,1,16.90,112.6667,true,1,478486
4820015165206,false,גלידת שמנת משובחת בטעם וניל בגביע וופל אישי פלומביר מס' 1 70 גר',ז'יטומרסקי זאבוד,,גלידת פלומביר בכוס ו,Unknown,0.00,Unknown,false,30,5.90,0.0000,true,1,463444
4820015165213,false,גלידת שמנת משובחת בטעם וניל פלומביר מס 1 בין שכבות וופל 90 גר',ז'יטומרסקי זאבוד,,גלידת בריקט פלומביר,Unknown,0.00,Unknown,false,1,5.90,0.0000,true,1,463445
4820024797511,false,ממרח קישואים גוספודר,,,ממרח קישואים גוספודרוצקה,גרמים,475.00,100 גרם,false,1,10.90,2.2947,true,1,490373
4820024797535,false,איקרה חצילים גספרוצק,גספודרוציקה,,איקרה חצילים גספרוצקיה 445 גר,גרמים,445.00,100 גרם,false,1,11.90,2.6742,true,1,481197
4820024798761,false,עגבניות לא מקולפות ב,אודסה קונדיטר,UA,עגבניות לא מקולפות במיץ עגבניות 875 גר,גרמים,875.00,100 גרם,false,1,15.90,1.8171,true,1,487483
4820026670195,false,חתיכות לימון 265 גר,חרקוב בסקוויט,,"חתיכות לימון 265 ג""ר",גרמים,265.00,100 גרם,false,1,16.90,6.3774,true,1,463583
4820026670430,false,בונבוניירות סולנצני,חרקוב בסקוויט,,"בונבוניירות ""סולנצ""נ",גרמים,500.00,100 גרם,false,1,24.90,4.9800,true,1,463586
4820026675909,false,בונ פרליני קרם שוקול,חרקוב בסקוויט,,"פרומטיי 300 ג""ר",גרמים,300.00,100 גרם,false,1,21.90,7.3000,true,1,463600
4820029431083,false,משקה כהלי מוגז בטעם,OBOLON,,"משקה כהלי מוגז בטעם גין טוניק 330 מ""ל",מיליליטרים,330.00,"100 מ""ל",false,1,10.90,3.3030,true,1,496383
4820029431090,false,משקה כהלי מוגז בטעם,OBOLON,,"משקה כהלי מוגז בטעם ברנדי קולה 330 מ""ל",מיליליטרים,330.00,"100 מ""ל",false,1,10.90,3.3030,true,1,496384
4820029431106,false,משקה כהלי מוגז בטעם,OBOLON,,"משקה כהלי מוגז בטעם רום עם קולה 330 מ""ל",מיליליטרים,330.00,"100 מ""ל",false,1,10.90,3.3030,true,1,496382
4820029431175,false,משקה כהלי מוגז בטעם,OBOLON,,"משקה כהלי מוגז בטעם וודקה ליים 330 מ""ל",מיליליטרים,330.00,"100 מ""ל",false,1,10.90,3.3030,true,1,504828
4820029960439,false,קונפיטורה דומדמניות,טסומאן,,קונפיטורה דומדמניות 1200 גר,גרמים,1200.00,100 גרם,false,1,39.90,3.3250,true,1,527837
4820029960514,false,קונפיטורה ארוניה שחו,,,קונפיטורה ארוניה שחורה 1200 גר,גרמים,1200.00,100 גרם,false,1,39.90,3.3250,true,1,478181
4820029960552,false,קונפיטורה אוכמניות ש,,,קונפיטורה אוכמניות שחורות 1200 גר,גרמים,1200.00,100 גרם,false,1,39.90,3.3250,true,1,527833
4820029960620,false,קונפיטורה דובדבנים ל,טסומאן,,קונפיטורה דובדבנים ללא חרצנים 1250 גר,גרמים,1250.00,100 גרם,false,1,39.90,3.1920,true,1,478182
4820029961221,false,קונפיטורה פירות יער,טסומאן,,קונפיטורה פירות יער עם דובדבן 1200 גר,גרמים,1200.00,100 גרם,false,1,39.90,3.3250,true,1,527840
4820029961238,false,קונפיטורה פירות יער,טסומאן,,קונפיטורה פירות יער עם לינגונברי 1200 גר,גרמים,1200.00,100 גרם,false,1,39.90,3.3250,true,1,527839
4820029961245,false,קונפיטורה דובדבני קר,,,קונפיטורה דובדבני קרנילה ען חרצן 1200 גר,גרמים,1200.00,100 גרם,false,1,39.90,3.3250,true,1,527834
4820029961306,false,קונפיטורה דובדבנים ע,,,קונפיטורה דובדבנים עם חרצנים 1250 גר,גרמים,1250.00,100 גרם,false,1,39.90,3.1920,true,1,527831
4820029961313,false,קונפיטורה פטל 1200 ג,טסומאן,,קונפיטורה פטל 1200 גר,גרמים,1200.00,100 גרם,false,1,39.90,3.3250,true,1,527835
4820029961320,false,קונפיטורה אוכמניות ב,טסומאן,,קונפיטורה אוכמניות בר 1200 גר,גרמים,1200.00,100 גרם,false,1,39.90,3.3250,true,1,527838
4820030561380,false,ממרח קישואים קיץ 500,אוריקה,,ממרח קישואים קיץ 200 גר,גרמים,500.00,100 גרם,false,1,11.90,2.3800,true,1,487935
4820030561526,false,שימורי אפונה ירוקה 5,אוריקה,,שימורי אפונה ירוקה 500 גר,גרמים,500.00,100 גרם,false,12,12.90,2.5800,true,1,486453
4820039710628,false,קונפיטורה פוסולסקי ד,,,קונפיטורה פוסולסקי דבור ארוניה 1.25 קג,קילוגרמים,1.25,"ק""ג",false,1,37.90,30.3200,true,1,514742
4820039710710,false,קונפיטורה פוסולסקי ד,,,"קונפיטורה פוסולסקי דבור פטל 1.25 ק""ג",קילוגרמים,1.25,"ק""ג",false,1,39.90,31.9200,true,1,494510
4820043010028,false,שמן אגוזי מלך 350 מל,אגרוספרום,,"שמן אגוזי מלך 350 מ""ל",מיליליטרים,350.00,"100 מ""ל",false,1,44.90,12.8286,true,1,463787
4820043010394,false,שמן חמניות אוקראיני,אגרוספרום,,"שמן חמניות אוקראיני 500 מ""ל",מיליליטרים,500.00,"100 מ""ל",false,1,34.90,6.9800,true,1,463788
4820043010455,false,שמן דלעת 350 מל,אגרוספרום,,"שמן דלעת 350 מ""ל",מיליליטרים,350.00,"100 מ""ל",false,1,69.90,19.9714,true,1,463789
4820043010585,false,שמן פשתן 350 מל,אגרוספרום,,"שמן פשתן 350 מ""ל",מיליליטרים,350.00,"100 מ""ל",false,1,34.90,9.9714,true,1,463792
4820043010745,false,שמן מגדילן מצוי 350,אגרוספרום,,"שמן מגדילן מצוי 350 מ""ל",מיליליטרים,350.00,"100 מ""ל",false,1,69.90,19.9714,true,1,463793
4820043011094,false,שמן חרדל 500 מל,אגרוספרום,,"שמן חרדל 500 מ""ל",מיליליטרים,500.00,"100 מ""ל",false,1,44.90,8.9800,true,1,463794
4820043011186,false,שמן אובלפיחה 350 מל,אגרוספרום,,"שמן אובלפיחה 350 מ""ל",מיליליטרים,350.00,"100 מ""ל",false,1,44.90,12.8286,true,1,463796
4820043011193,false,שמן חמניות 500 מל,אגרוספרום,,"שמן חמניות 500 מ""ל",מיליליטרים,500.00,"100 מ""ל",false,1,36.90,7.3800,true,1,463797
4820046960511,true,בירה אבטורסקה חזקה 6,,,"בירה אבטורסקה חזקה 6.5% כהה 500 מ""ל",מיליליטרים,500.00,"100 מ""ל",false,1,11.90,2.3800,true,1,484151
4820046960740,true,בירה בהירה בוצקובויה,,,"בירה בהירה בוצקובויה 4.5% 500 מ""ל",מיליליטרים,500.00,"100 מ""ל",false,1,11.90,2.3800,true,1,487493
4820046962652,true,בירה בהירה בוצקובויה,,,בירה בהירה בוצקובויה 4.3% 500 מל לא מסונ,מיליליטרים,500.00,"100 מ""ל",false,20,11.90,2.3800,true,1,499303
4820046962782,true,בירה בטעם דובדבן טטר,,,בירה בטעם דובדבן טטרב 7% 500 מל,מיליליטרים,500.00,"100 מ""ל",false,20,11.90,2.3800,true,1,515507
4820046962829,true,בירה כהה בוצקובויה 4,,,בירה כהה בוצקובויה 4.3% 500 מל לא מסונ,מיליליטרים,500.00,"100 מ""ל",false,20,11.90,2.3800,true,1,514329
4820056380163,false,עולש נמס עם ורד בר ל,ורחובינקה,UA,עולש נמס עם ורד בר להכנת משקה 100 גר,גרמים,100.00,100 גרם,false,20,7.90,7.9000,true,1,501147
4820056380354,false,עולש ציקורי פלוס 100,ורחובינקה,UA,עולש ציקורי פלוס 100 גר,גרמים,100.00,100 גרם,false,24,7.90,7.9000,true,1,501150
4820056380361,false,עולש נמס עם אוכמניות,ורחובינקה,UA,עולש נמס עם אוכמניות להכנת משקה 100 גר,גרמים,100.00,100 גרם,false,24,7.90,7.9000,true,1,501149
4820056380446,false,עולש ציקורי עם פטל 1,ורחובינקה,UA,עולש ציקורי עם פטל 100 גר,גרמים,100.00,100 גרם,false,20,7.90,7.9000,true,1,501148
4820061621862,false,שעועית לבנה במי מלח,,,שעועית לבנה במי מלח 480 גר,גרמים,480.00,100 גרם,false,12,10.90,2.2708,true,1,516478
4820061980174,false,ביצקי מטוגנים ברוטב,מפעל ניקולייבסקי,,ביצקי מטוגנים ברוטב עגבניות 250 גר,גרמים,250.00,100 גרם,false,1,7.90,3.1600,true,1,518814
4820061980433,false,ביצקי עם ירקות ברוטב,,,ביצקי עם ירקות ברוטב עגבניות 250 גר,גרמים,250.00,100 גרם,false,1,7.90,3.1600,true,1,524166
4820065703328,false,פילה דג סלמון אטלנטי,,,דג סלמון אטלנטי מעושן פילה פרוס 200 גר,גרמים,200.00,100 גרם,false,1,34.90,17.4500,true,1,507046
4820065920886,false,חטיף מקלות תירס 175,,,חטיף מקלות תירס 175 גר,גרמים,175.00,100 גרם,false,1,6.90,3.9429,true,1,512877
4820075500092,false,ממתקי שוקולד במילוי,MALBI CHOCOLATE,,ממתקי שוקולד במילוי קרם אגוזים מצופה מיל,גרמים,205.00,100 גרם,false,1,19.90,9.7073,true,1,511957
4820075503017,false,סוכריות טרופל טרופ פ,MALBI CHOCOLATE,,סוכריות טרופל טרופ פור יו 300 גר,גרמים,300.00,100 גרם,false,1,29.90,9.9667,true,1,482450
4820075507688,false,שוקולד חלב מילניום מ,,,שוקולד חלב מילניום מאוס מילוי מוס ריבת א,גרמים,135.00,100 גרם,false,1,7.90,5.8519,true,1,511951
4820075507701,false,שוקולד מריר מילניום,,,שוקולד מריר מילניום מאוס מילוי מוס ריבת,גרמים,135.00,100 גרם,false,1,7.90,5.8519,true,1,511952
4820075508005,false,שוקולד מריר שקדים אג,מלבי,,שוקולד מריר שקדים אגוז לוז תפוז מסוכרים,גרמים,140.00,100 גרם,false,1,9.90,7.0714,true,1,511954
4820077081124,false,שמן חמניות גארנה לא,,,"שמן חמניות גארנה לא מזוכך 850 מ""ל",מיליליטרים,850.00,"100 מ""ל",false,1,12.90,1.5176,true,1,490995
4820077081148,false,שמן חמניות גארנה מזו,,,"שמן חמניות גארנה מזוכך 850 מ""ל",מיליליטרים,850.00,"100 מ""ל",false,1,12.90,1.5176,true,1,490994
4820077081773,false,שמן חמניות דיקנקה מז,,,שמן חמניות דיקנקה מזוכך 1 ל,ליטרים,1.00,ליטר,false,1,14.90,14.9000,true,1,504422
4820077081780,false,שמן חמניות דיקנקה לא,,,שמן חמניות דיקנקה לא מזוכך 1 ל,ליטרים,1.00,ליטר,false,1,14.90,14.9000,true,1,504423
4820077083449,false,שמן חמניות לא מזוכך,,,שמן חמניות לא מזוכך 1 ל,ליטרים,1.00,ליטר,false,1,20.90,20.9000,true,1,526596
4820080720584,false,וודקה חלבני דר קלאסיק,NATIONAL ALCOHOL COM,,"וודקה חלבני דאר קלאסיק 700 מ""ל",מיליליטרים,700.00,"100 מ""ל",false,1,54.90,7.8429,true,1,464005
4820080720768,false,וודקה חלבניי דאר חיט,NATIONAL ALCOHOL COM,,"וודקה ""חלבניי דאר"" פ",מיליליטרים,700.00,"100 מ""ל",false,1,54.90,7.8429,true,1,464006
4820080721536,false,וודקה חלבני דאר שיפו,NATIONAL ALCOHOL COM,,"וודקה "" חלבני דאר"" ז",מיליליטרים,700.00,"100 מ""ל",false,1,54.90,7.8429,true,1,464009
4820092131163,false,וופל מגולגל בטעם חלב,,,וופל מגולגל בטעם חלב אפוי רולו 100 גר,גרמים,100.00,100 גרם,false,1,4.90,4.9000,true,1,527048
4820092131187,false,וופל מגולגל בטעם שוק,,,וופל מגולגל בטעם שוקולד רולו 100 גר,גרמים,100.00,100 גרם,false,1,4.90,4.9000,true,1,527049
4820092132764,false,וופל במילוי בטעם שוק,,,וופל במילוי בטעם שוקולד אגוזים 100 גר,גרמים,100.00,100 גרם,false,1,4.90,4.9000,true,1,527051
4820092132771,false,וופל במילוי בטעם חלב,,,וופל במילוי בטעם חלב מרוכז 100 גר,גרמים,100.00,100 גרם,false,1,4.90,4.9000,true,1,527050
4820094252231,false,מעדן פטל אדום 700 גר,,,מעדן פטל אדום 700 גר,גרמים,700.00,100 גרם,false,1,16.90,2.4143,true,1,529060
4820097898016,false,סיידר הפס דובדבן רבי,,UA,מארז סיידר הפס דובדבן רביעייה,מיליליטרים,1320.00,"100 מ""ל",false,6,25.90,1.9621,true,1,512368
4820097898023,false,סיידר הפס אגס רביעיי,,UA,מארז סיידר הפס אגס רביעייה,מיליליטרים,1320.00,"100 מ""ל",false,6,25.90,1.9621,true,1,512367
4820097898030,false,סיידר הפס טבעי רביעי,,UA,מארז סיידר הפס טבעי רביעייה,מיליליטרים,1320.00,"100 מ""ל",false,6,25.90,1.9621,true,1,512369
4820097898221,false,שייק קוקטייל בורה בו,,,שייק קוקטייל בורה בורה בק 330 מל,מיליליטרים,330.00,"100 מ""ל",false,24,7.90,2.3939,true,1,511780
4820097898238,false,שייק קוקטייל סקס און,,,שייק קוקטייל סקס און דה ביץ בק 330 מל,מיליליטרים,330.00,"100 מ""ל",false,24,7.90,2.3939,true,1,511779
4820103341543,false,חלב מרוכז מבושל 370,,,חלב מרוכז מבושל 370 גר,גרמים,370.00,100 גרם,false,1,11.90,3.2162,true,1,506082
4820103341574,false,חלב מרוכז 370 גר,,,"חלב מרוכז 400 גר""",גרמים,370.00,100 גרם,false,1,10.90,2.9459,true,1,472371
4820122995017,false,עוגיות פרופיטרול 400,,,עוגיות פרופיטרול 400 גר,גרמים,400.00,100 גרם,false,1,39.90,9.9750,true,1,496113
4820134850243,false,פחם עץ תפוחים 2 קג,,,"פחם עץ תפוחים 2 ק""ג",קילוגרמים,2.00,"ק""ג",false,1,28.90,14.4500,true,1,501001
4820145960238,false,דג קילקה 240 גר,סופוי,,דג קילקה 240 גר,גרמים,240.00,100 גרם,false,24,5.90,2.4583,true,1,488191
4820154722148,false,גלידה לנינגרד שוקו 7,ז'יטומרסקי זאבוד,,גלידה לנינגרד 70שוקו גר,גרמים,70.00,100 גרם,false,1,5.90,8.4286,true,1,470035
4820154722162,false,גלידה לנינגרד 70 גר,ז'יטומרסקי זאבוד,,גלידה לנינגרד 70גר,גרמים,70.00,100 גרם,false,1,5.90,8.4286,true,1,470034
4820154722445,false,גלידה אסקימוס וניל 7,ז'יטומרסקי זאבוד,,גלידה אסקימוס וניל 750גר,גרמים,750.00,100 גרם,false,1,29.90,3.9867,true,1,474362
4820154722469,false,גלידה אסקימוס כוס ונ,ז'יטומרסקי זאבוד,,גלידה אסקימוס כוס וניל 85גר,גרמים,85.00,100 גרם,false,1,5.90,6.9412,true,1,474359
4820154722803,false,גלידה אסקימוס שוקולד,ז'יטומרסקי זאבוד,,גלידה אסקימוס שוקולד 750גר,גרמים,750.00,100 גרם,false,1,29.90,3.9867,true,1,474363
4820154723275,false,"גלידת שמנת משובחת בטעם וניל בציפוי שוקולד מריר""אסקימוס"" אסקימו 80ג'",ז'יטומרסקי זאבוד,,גלידה אסקימוס אסקימו 85גר,גרמים,85.00,100 גרם,false,1,5.90,6.9412,true,1,474361
4820154723428,true,גלידה אמפרזה תות שדה,ז'יטומרסקי זאבוד,,גלידה אמפרזה תות שדה 100 גר,גרמים,100.00,100 גרם,false,1,7.90,7.9000,true,1,480177
4820154723442,true,גלידה אמפרזה טריפל ש,ז'יטומרסקי זאבוד,,גלידה אמפרזה טריפל שוקולד 100 גר,גרמים,100.00,100 גרם,false,1,7.90,7.9000,true,1,480176
4820154725187,false,גליסה אסקימוס אססקימ,ז'יטומרסקי זאבוד,,גלידה אסקימוס אסקימו 85גר,גרמים,85.00,100 גרם,false,1,5.90,6.9412,true,1,478475
4820154727938,false,גלידה חלבית עם מלון וליים 85 גר,ז'יטומרסקי זאבוד,,גלידה אסקימו מלון ליים 85גר,גרמים,85.00,100 גרם,false,1,5.90,6.9412,true,1,492654
4820156631042,false,עוגיות גרונה זוו 250,GRONA,,עוגיות גרונה זוו 160 גר,גרמים,250.00,100 גרם,false,1,8.90,3.5600,true,1,484363
4820156631059,false,עוגיות גרונה מריה 31,GRONA,,עוגיות גרונה מריה 310 גר,גרמים,310.00,100 גרם,false,1,10.90,3.5161,true,1,484357
4820156631066,false,עוגיות גרונה נפוליאו,GRONA,,עוגיות גרונה נפוליאון 290 גר,גרמים,290.00,100 גרם,false,1,10.90,3.7586,true,1,484358
4820156631189,false,עוגיות גרונה סלאסטיו,GRONA,,עוגיות גרונה סלאסטיונה 360 גר,גרמים,360.00,100 גרם,false,1,10.90,3.0278,true,1,484359
4820156631219,false,עוגיות גרונה לזאנושק,GRONA,,עוגיות גרונה לזאנושקי 160 גר,גרמים,160.00,100 גרם,false,1,8.90,5.5625,true,1,484353
4820156633473,false,מאפה בצק עלים פלמנקו,GRONA,,מאפה בצק עלים פלמנקו 320 גר,גרמים,320.00,100 גרם,false,1,12.90,4.0313,true,1,497868
4820165641353,false,סושקה מליוטקה עם פרו,סלובוז'נסקי ברד בייק,,סושקה מליוטקה עם פרוקטוזה 300 גר,גרמים,300.00,100 גרם,false,1,6.90,2.3000,true,1,480952
4820165641360,false,סושקה מליוטקה פירמני,סלובוז'נסקי ברד בייק,,סושקה מליוטקה פירמניה 300 גר,גרמים,300.00,100 גרם,false,1,6.90,2.3000,true,1,480961
4820165641421,false,סולומקה חרומטיק מתוק,סלובוז'נסקי ברד בייק,,סולומקה חרומטיק מתוקה 250 גר,גרמים,250.00,100 גרם,false,1,6.90,2.7600,true,1,480951
4820165641438,false,סולומקה בטעם פירות 2,סלובוז'נסקי ברד בייק,,סולומקה בטעם פירות 250 גר,גרמים,250.00,100 גרם,false,1,6.90,2.7600,true,1,480955
4820171991664,false,קרפלך עם תפוא 900 גר,לאסקה,,"קרפלך עם תפו""א 900 גר",גרמים,900.00,100 גרם,false,1,26.90,2.9889,true,1,481180
4820171991688,false,קרפלך עם כרוב 900 גר,לאסקה,,קרפלך עם כרוב 900 גר,גרמים,900.00,100 גרם,false,1,26.90,2.9889,true,1,481181
4820171991701,false,קרפלך במילוי דובדבן,,,קרפלך במילוי דובדבן 900 גר,גרמים,900.00,100 גרם,false,1,39.90,4.4333,true,1,504539
4820171991770,false,קרפלך עם גבינה מתוקה,לאסקה,,קרפלך עם גבינה מתוקה 900 גר,גרמים,900.00,100 גרם,false,1,31.90,3.5444,true,1,481182
4820171993279,false,קרפלך עם תפוא ופטריו,לאסקה,,"קרפלך עם תפו""א ופטריות 900 גר",גרמים,900.00,100 גרם,false,1,26.90,2.9889,true,1,482989
4820171993293,false,קרפלך עם גבינה מלוחה,לאסקה,,קרפלך עם גבינה מלוחה 900 גר,גרמים,900.00,100 גרם,false,1,31.90,3.5444,true,1,483021
4820171997819,false,קרפלך תפוא עם בצל 90,לאסקה,,"קרפלך תפו""א עם בצל 900 גר",גרמים,900.00,100 גרם,false,1,26.90,2.9889,true,1,503461
4820171997833,false,קרפלך תפוא ושמיר 900,,,"קרפלך תפו""א ושמיר 900 גר",גרמים,900.00,100 גרם,false,1,26.90,2.9889,true,1,504538
4820176202659,false,עוגיות שיבולת שועל ק,,,עוגיות שיבולת שועל קלאסי 400 גר,גרמים,400.00,100 גרם,false,1,9.90,2.4750,true,1,526041
4820176202727,false,עוגיות שיבולת שועל 4,,,עוגיות שיבולת שועל 400 גר,גרמים,400.00,100 גרם,false,,11.90,2.9750,true,1,527062
4820176202734,false,עוגיות שיבולת שועל ד,,,עוגיות שיבולת שועל דגנים 400 גר,גרמים,400.00,100 גרם,false,1,9.90,2.4750,true,1,528812
4820179251593,false,אטריות רולטון להכנה,MAREVEN FOOD,,אטריות רולטון להכנה מהירה בקר בכוס 75 גר,גרמים,75.00,100 גרם,false,1,6.90,9.2000,true,1,496376
4820179251616,false,אטריות רולטון להכנה,MAREVEN FOOD,,אטריות רולטון להכנה מהירה עוף בכוס 75 גר,גרמים,75.00,100 גרם,false,1,6.90,9.2000,true,1,496375
4820179252378,false,תערובת תבלינים רולטו,,,פילה דג ברמה לש 600 גר,גרמים,60.00,100 גרם,false,1,6.90,11.5000,true,1,497709
4820179254013,false,פירה רולטון בטעם שמנ,,,פירה רולטון בטעם שמנת בכוס 40 גר,גרמים,40.00,100 גרם,false,1,5.90,14.7500,true,1,508921
4820179254044,false,פירה רולטון בטעם עוף,,,פירה רולטון בטעם עוף בכוס 40 גר,גרמים,40.00,100 גרם,false,1,5.90,14.7500,true,1,508919
4820179254051,false,פירה רולטון בטעם שמנ,,,פירה רולטון בטעם שמנת בשקית 40 גר,גרמים,40.00,100 גרם,false,1,3.90,9.7500,true,1,508925
4820179254082,false,פירה רולטון בטעם עוף,,,פירה רולטון בטעם עוף בשקית 40 גר,גרמים,40.00,100 גרם,false,1,3.90,9.7500,true,1,508923
4820179254693,false,פירה רולטון להכנה מה,MAREVEN FOOD,,פירה רולטון להכנה מהירה בטעם שינקן גבינה,גרמים,55.00,100 גרם,false,1,8.90,16.1818,true,1,518178
4820179254716,false,פירה רולטון להכנה מה,MAREVEN FOOD,,פירה רולטון להכנה מהירה בטעם עוף בכוס,גרמים,55.00,100 גרם,false,1,8.90,16.1818,true,1,518177
4820179255003,false,אטריות רולטון להכנה,MAREVEN FOOD,,אטריות רולטון להכנה מהירה גבינה וירק 75,גרמים,75.00,100 גרם,false,1,6.90,9.2000,true,1,518175
4820180250042,false,צמות סולוגוני מעושן,,,צמות סולוגוני מעושן 100 גר,גרמים,100.00,100 גרם,false,1,18.90,18.9000,true,1,493800
4820180251018,false,צמות סולוגוני מעושן,,,צמות סולוגוני מעושן 100 גר,גרמים,100.00,100 גרם,false,1,18.90,18.9000,true,1,504729
4820182740053,false,ציפס בטעם סרטן 70 גר,קלוס צ'פסוב,,ציפס בטעם סרטן 70 גר,גרמים,70.00,100 גרם,false,1,8.90,12.7143,true,1,482882
4820182740077,false,ציפס בטעם גבינה 70 ג,קלוס צ'פסוב,,ציפס בטעם גבינה 70 גר,גרמים,70.00,100 גרם,false,1,8.90,12.7143,true,1,482883
4820182740084,false,ציפס בטעם בייקון 70,קלוס צ'פסוב,,ציפס בטעם בייקון 70 גר,גרמים,70.00,100 גרם,false,1,8.90,12.7143,true,1,482881
4820182741777,false,ציפס בטעם שישליק 70,קלוס צ'פסוב,,ציפס בטעם שישליק 70 גר,גרמים,70.00,100 גרם,false,1,8.90,12.7143,true,1,511914
4820182742019,false,ציפס בטעם כנפיים ברב,Snacks,UA,ריבת לימון 300 גר,גרמים,70.00,100 גרם,false,20,8.90,12.7143,true,1,496380
4820182742293,false,צנימים פלינט בטעם פט,,,צנימים פלינט בטעם פטריות ברוטב שמנת 60 ג,גרמים,60.00,100 גרם,false,1,3.90,6.5000,true,1,499383
4820182742903,false,קרוטונים פלינט בטעם,Snacks,,קרוטונים פלינט בטעם סרטן 35 גר,גרמים,35.00,100 גרם,false,1,2.90,8.2857,true,1,506660
4820182742989,false,קרוטונים פלינט בטעם,Snacks,,קרוטונים פלינט בטעם גבינה 35 גר,גרמים,35.00,100 גרם,false,1,2.90,8.2857,true,1,511917
4820182743535,false,צנימים פלינט מחיטה ב,,,צנימים פלינט מחיטה בטעם לובסטר 60 גר,גרמים,60.00,100 גרם,false,1,3.90,6.5000,true,1,511912
4820182746918,false,קרוטונים פלינט בטעם,MALBI CHOCOLATE,,קרוטונים פלינט בטעם עגל עם אדזיקה 70 גר,גרמים,70.00,100 גרם,false,1,3.90,5.5714,true,1,526703
4820185104876,false,פילה פורל מעושן פרוס,UFO,UA,פילה פורל מעושן פרוס 350 גר NORVEN,גרמים,350.00,100 גרם,false,18,69.90,19.9714,true,1,503684
4820185104906,false,פילה סלמון נורבן מעו,,,פילה סלמון נורבן מעושן פרוס 350 גר,גרמים,350.00,100 גרם,false,1,69.90,19.9714,true,1,490129
4820185106207,false,פילה סלמון מעושן 500,UFO,UA,פילה סלמון מעושן 500 גר,גרמים,500.00,100 גרם,false,17,59.90,11.9800,true,1,503686
4820185230018,false,גלידה לסקה בטעם שוקו,לסקה,,"גלידה לסקה בטעם שוקולד 1 ק""ג",קילוגרמים,1.00,"ק""ג",false,1,32.90,32.9000,true,1,480740
4820185230179,false,גלידה לקומקה עם קקאו,laska,,גלידה לקומקה עם קקאו 100גר,גרמים,100.00,100 גרם,false,1,5.90,5.9000,true,1,478438
4820185230186,false,גלידה לקומקה 100 גר,laska,,גלידה לקומקה 100גר,גרמים,100.00,100 גרם,false,1,5.90,5.9000,true,1,478439
4820185230230,false,גלידה לסקה בטעם וניל,לסקה,,"גלידה לסקה בטעם וניל 1 ק""ג",קילוגרמים,1.00,"ק""ג",false,1,32.90,32.9000,true,1,480739
4820185230384,false,פלומביר בלורוסי 90 ג,laska,,פלומביר בלורוסי 90גר,גרמים,90.00,100 גרם,false,1,5.90,6.5556,true,1,482764
4820185230643,false,פלומביר סובייטי 60 ג,,,פלומביר סובייטי 60 גר,גרמים,60.00,100 גרם,false,1,5.90,9.8333,true,1,480153
4820185230988,false,גלידה מקסימוס בריקט,laska,,גלידה מקסימוס 90 גר,גרמים,90.00,100 גרם,false,30,5.90,6.5556,true,1,486110
4820185231978,false,גלידה פלומביר בלורוס,לסקה,,גלידה פלומביר בלורוסקי 600 גר,גרמים,600.00,100 גרם,false,1,26.90,4.4833,true,1,484194
4820185233330,false,גלידה לאסקה עם מילוי,לסקה,,"גלידה לאסקה עם מילוי בטעם תות 1 ק""ג",קילוגרמים,1.00,"ק""ג",false,1,32.90,32.9000,true,1,499593
4820185235013,false,גלידה אסקימו וניל במ,,,גלידה אסקימו וניל במילוי תות שדה 80 גר,גרמים,80.00,100 גרם,false,1,5.90,7.3750,true,1,504866
4820185236256,false,גלידה בריקט מקסימוס,,,גלידה בריקט מקסימוס שוקולד 90 גר,גרמים,90.00,100 גרם,false,1,5.90,6.5556,true,1,525545
4820189290117,false,ברנדי אזנאורי 5 שנים,,,ברנדי אזנאורי 5 שנים 500 מל,מיליליטרים,500.00,"100 מ""ל",false,1,54.90,10.9800,true,1,516128
4820189290216,false,יין אזנאורי אדום חצי,,,"יין אזנאורי אדום חצי מתוק 750 מ""ל",מיליליטרים,750.00,"100 מ""ל",false,12,32.90,4.3867,true,1,509029
4820189290483,false,יין מבעבע אזנאורי לב,,,יין מבעבע אזנאור לבן חצי מתוק 750 מל,מיליליטרים,750.00,"100 מ""ל",false,6,32.90,4.3867,true,1,514851
4820189290629,false,יין מבעבע אזנאורי לב,,,יין מבעבע אזנאור לבן ברוט 750 מל,מיליליטרים,750.00,"100 מ""ל",false,6,32.90,4.3867,true,1,514852
4820189290865,false,יין מבעבע אזנאורי רו,,,יין מבעבע אזנאור רוזה חצי מתוק 750 מל,מיליליטרים,750.00,"100 מ""ל",false,6,32.90,4.3867,true,1,514853
4820189290896,false,יין אזנאורי רוזה חצי,,,"יין אזנאורי רוזה חצי מתוק 750 מ""ל",מיליליטרים,750.00,"100 מ""ל",false,12,32.90,4.3867,true,1,513631
4820189290919,false,ברנדי אזנאורי 8 שנים,,,ברנדי אזנאורי 8 שנים 500 מל,מיליליטרים,500.00,"100 מ""ל",false,1,79.90,15.9800,true,1,516129
4820193030303,false,בירה זיברט בהירה פח,Obolon,,"בירה זיברט בהירה פח 500 מ""ל",מיליליטרים,500.00,"100 מ""ל",false,1,7.90,1.5800,true,1,486017
4820193031300,false,בירה אובולון חזקה בה,OBOLON,,בירה אובולון חזקה בהירה לא מסוננת 2 ל,ליטרים,2.00,ליטר,false,1,21.90,10.9500,true,1,493378
4820193031706,false,בירה אובולון חזקה בה,OBOLON,,בירה אובולון חזקה בהירה פחית 500 מל,מיליליטרים,500.00,"100 מ""ל",false,1,8.90,1.7800,true,1,516139
4820193034691,false,בירה אובולון מחוזקת,OBOLON,,בירה אובולון מחוזקת 2 ל,ליטרים,2.00,ליטר,false,1,21.90,10.9500,true,1,518030
4820193034707,false,בירה אובולון מחוזקת,OBOLON,,בירה אובולון מחוזקת 1 ל,ליטרים,1.00,ליטר,false,1,11.90,11.9000,true,1,517943
4820193551754,false,גלידה שמנת לסונקה בט,laska,,"גלידה שמנת לסונקה בטעם וניל 1 ק""ג",קילוגרמים,1.00,"ק""ג",false,4,35.90,35.9000,true,1,509360
4820195090053,false,ביסקוויט מריה 270 גר,ז'יטומיר,,עוגיות מאריה 270 גר,גרמים,270.00,100 גרם,false,1,3.90,1.4444,true,1,486811
4820195090077,false,ביסקוויט טבעת הזהב 2,ז'יטומיר,,עוגיות טבעת הזהב 215 גר,גרמים,215.00,100 גרם,false,1,3.90,1.8140,true,1,486810
4820195090909,false,ממתקי שוקולד ממולאים,,,ממתקי שוקולד ממולאים סטרלה 200 גר,גרמים,200.00,100 גרם,false,1,21.90,10.9500,true,1,512174
4820195096147,false,ביסקוויט עם תפוע וקי,ז'יטומיר,,"ביסקוויט עם תפו""ע וקינמון 680 גר",גרמים,680.00,100 גרם,false,1,17.90,2.6324,true,1,505315
4820198871277,false,תה שחור עלי כותרת פר,MALBI CHOCOLATE,,תה שחור עלי כותרת פרחים ופירות יער 80 גר,גרמים,80.00,100 גרם,false,1,14.90,18.6250,true,1,518183
4820198873271,false,תה שחור עם קליפת תפו,,,תה שחור לדי גריי 25 שק,Unknown,0.00,Unknown,false,1,10.90,0.0000,true,1,508447
4820198873288,false,תה ירוק סיני קלאסי 1,,,תה ירוק דאליי 25 שק,Unknown,0.00,Unknown,false,1,10.90,0.0000,true,1,508451
4820198873295,false,תה ירוק אורנג מינט 2,,,תה ירוק אורנג מינט 25 שק,Unknown,0.00,Unknown,false,1,10.90,0.0000,true,1,508452
4820198873318,false,תה שחור עם נענע וקור,,,תה שחור מונטן בריז 25 שק,Unknown,0.00,Unknown,false,1,10.90,0.0000,true,1,508449
4820198873325,false,חליטת פירות וצמחים ס,,,חליטת פירות וצמחים סאמה טיים 25 שק,Unknown,0.00,Unknown,false,1,10.90,0.0000,true,1,508453
4820198873332,false,תה שחור מיקס ארבע טע,,,תה שחור אסורטי 4 פלוורס 24 שק,Unknown,0.00,Unknown,false,1,10.90,0.0000,true,1,508450
4820198874063,false,חליטת פירות וצמחים ש,,,חליטת פירות וצמחים שרי דלייט 25 שק,Unknown,0.00,Unknown,false,1,10.90,0.0000,true,1,508454
4820198874605,false,תערובת תה עלים בטעם,MALBI CHOCOLATE,,תערובת תה עלים בטעם ענבים עלי כותרת פרחי,גרמים,30.00,100 גרם,false,1,9.90,33.0000,true,1,511964
4820198874643,false,תערובת תה פירות ופרח,MALBI CHOCOLATE,,תערובת תה פירות ופרחים בטעם פירות יער,גרמים,30.00,100 גרם,false,1,9.90,33.0000,true,1,511966
4820198876418,false,תה שחור בניחוח וניל,,,תה שחור בניחוח וניל וברגמיט 30 גר,גרמים,30.00,100 גרם,false,1,9.90,33.0000,true,1,518181
4820210080014,false,מעדן תות שדה 700 גר,,,מעדן תות שדה 700 גר,גרמים,700.00,100 גרם,false,1,16.90,2.4143,true,1,529062
4820210084630,false,מעדן פירות יער 700 ג,,,מעדן פירות יער 700 גר,גרמים,700.00,100 גרם,false,1,16.90,2.4143,true,1,529063
4820213960016,false,יין מבעבע לבן יבש בר,,,יין מבעבע לבן יבש ברוט אודסה 750 מל,מיליליטרים,750.00,"100 מ""ל",false,1,34.90,4.6533,true,1,520700
4820229031311,false,"וודקה חורטיצה 700 מ""ל פלטינום",Global Gourmet Produ,UA,"וודקה חורטיצה פלטינום 700 מ""ל",מיליליטרים,700.00,"100 מ""ל",false,1,59.90,8.5571,true,1,513995
4820229031991,false,וודקה פרבק חיטה 700,,,וודקה פרבק חיטה 700 מל,מיליליטרים,700.00,"100 מ""ל",false,12,59.90,8.5571,true,1,510934
4820229032042,false,וודקה פרבק שיפון 700,,,וודקה פרבק שיפון 700 מל,מיליליטרים,700.00,"100 מ""ל",false,12,59.90,8.5571,true,1,512062
4820229033520,false,וודקה פרבק פלפל ודבש,,,וודקה פרבק פלפל ודבש 700 מל,מיליליטרים,700.00,"100 מ""ל",false,12,59.90,8.5571,true,1,510986
4820237030047,false,ממתק במבוק בטעם שוקו,,,ממתק במבוק בטעם שוקולד 270 גר,גרמים,270.00,100 גרם,false,1,9.90,3.6667,true,1,526162
4820244330130,false,מזלג 50 יח,,,מזלג 50 יח,Unknown,0.00,Unknown,false,1,9.90,0.0000,true,1,525234
4820244330185,false,כפית 50 יח,,,כפית 50 יח,Unknown,0.00,Unknown,false,1,9.90,0.0000,true,1,525233
4820244330239,false,סכין 50 יח,,,סכין 50 יח,Unknown,0.00,Unknown,false,1,9.90,0.0000,true,1,525235
4820244330291,false,צלחת 180 ממ 10 יח,,,צלחת 180 ממ 10 יח,Unknown,0.00,Unknown,false,1,11.90,0.0000,true,1,525231
4823005000372,false,בירה לביבסקה 1715 פח,קלסברג אוקראינה,,"בירה לביבסקה 1715 פח. 500 מ""ל",מיליליטרים,500.00,"100 מ""ל",false,1,7.90,1.5800,true,1,474629
4823006801251,false,עגבניות במיץ עגבניות,NEZHIN,,עגבניות במיץ עגבניות,גרמים,920.00,100 גרם,false,1,21.90,2.3804,true,1,464221
4823006801435,false,לצו 450 גר,NEZHIN,,"לצ""ו 450 גר""",גרמים,450.00,100 גרם,false,1,17.90,3.9778,true,1,464223
4823006801862,false,איקרה קישואים 450 גר,NEZHIN,,איקרה קישואים 450 גר,גרמים,450.00,100 גרם,false,1,17.90,3.9778,true,1,464225
4823006802050,false,אסורטי נזין 920 גר,NEZHIN,,"אסורטי ""נז""ין"" 920 ג",גרמים,920.00,100 גרם,false,1,21.90,2.3804,true,1,464227
4823006802128,false,מלפפונים בחומץ 920 ג,NEZHIN,,מלפפונים בחומץ 920 ג,גרמים,920.00,100 גרם,false,1,21.90,2.3804,true,1,464228
4823006802135,false,איקרה חצילים 450 גר,NEZHIN,,"איקרה חצילים 450 גר""",גרמים,450.00,100 גרם,false,1,17.90,3.9778,true,1,464229
4823006802395,false,חצילים נזין 450 גר,NEZHIN,,חצילים נזין 450גר,גרמים,450.00,100 גרם,false,1,17.90,3.9778,true,1,464230
4823006802418,false,חציל יווני 450 גר,NEZHIN,,"חציל יווני 450 גר""",גרמים,450.00,100 גרם,false,1,17.90,3.9778,true,1,464232
4823006803019,false,איקרה מפלפל אדום נזז,,,איקרה מפלפל אדום נזזין 450 גר,גרמים,450.00,100 גרם,false,1,17.90,3.9778,true,1,495045
4823006803873,false,רטטוי נזין סלט ירקות,NEZHIN,,רטטוי נזין סלט ירקות 450גר,גרמים,450.00,100 גרם,false,1,17.90,3.9778,true,1,477801
4823006804498,false,מלפפון כבוש נזין 450,,,מלפפון כבוש נזין 450 גר,גרמים,450.00,100 גרם,false,1,17.90,3.9778,true,1,490690
4823006805051,false,חצילים עם שזיף מיובש,NEZHIN,,חצילים עם שזיף מיובש 460 גר,גרמים,460.00,100 גרם,false,12,17.90,3.8913,true,1,504819
4823006805327,false,סלט מתוק חריף 450 גר,NEZHIN,,סלט מתוק חריף 450 גר,גרמים,450.00,100 גרם,false,1,17.90,3.9778,true,1,516973
4823063112895,false,נקטר סנדורה דומדמניו,סנדורה,,נקטר סנדורה דומדמניות שחורות וענבים 950,מיליליטרים,950.00,"100 מ""ל",false,1,15.90,1.6737,true,1,497802
4823063113007,false,נקטר סנדורה רימונים,סנדורה,,"נקטר סנדורה רימונים 950 מ""ל",מיליליטרים,950.00,"100 מ""ל",false,1,15.90,1.6737,true,1,497804
4823063113038,false,מיץ סנדורה ירקות מעו,סנדורה,,"מיץ סנדורה ירקות מעוקר 950 מ""ל",מיליליטרים,950.00,"100 מ""ל",false,1,15.90,1.6737,true,1,497800
4823063113052,false,משקה סנדורה חמוציות,סנדורה,,"משקה סנדורה חמוציות מעוקר 950 מ""ל",מיליליטרים,950.00,"100 מ""ל",false,1,15.90,1.6737,true,1,497805
4823063113854,false,נקטר סאנדורה תפוחי ע,,,נקטר סאנדורה תפוחי עץ מעוקר 100% פרי 950,מיליליטרים,950.00,"100 מ""ל",false,1,15.90,1.6737,true,1,502399
4823077604171,false,סוכ קארא קום 1 קג,,,סוכ קארא קום 1 קג,קילוגרמים,1.00,"ק""ג",false,1,54.90,54.9000,true,1,485808
4823077604416,false,סוכ קראסני מאק 1 קג,,,סוכ קראסני מאק 1 קג,קילוגרמים,1.00,"ק""ג",false,1,54.90,54.9000,true,1,485807
4823077604553,false,סוכ אברוליפט מנטה 1,,,"סוכ אברוליפט מנטה 1 ק""ג",קילוגרמים,1.00,"ק""ג",false,1,16.90,16.9000,true,1,485782
4823077608933,false,סוכריות שוקולד לצ'נה,,,סוכ לצינה,Unknown,0.00,Unknown,false,1,54.90,0.0000,true,1,485809
4823077611308,false,עוגת רושן נפוליאון 1,,,"עוגת רושן נפוליאון 1 ק""ג",קילוגרמים,1.00,"ק""ג",false,1,65.90,65.9000,true,1,493673
4823077611933,false,בונבוניירה אסורטי אל,קייב קרמנציק,,בונבוניירה אסורטי אליגנט 145 גר,גרמים,145.00,100 גרם,false,1,18.90,13.0345,true,1,484032
4823077611940,false,בונבוניירה אסורטי קל,קייב קרמנציק,,בונבוניירה אסורטי קלאסיק 154 גר,גרמים,154.00,100 גרם,false,1,18.90,12.2727,true,1,484033
4823077613203,false,שוקולד מריר עם אגוזי לוז שלמים,רושן Roshen,,שוקולד רושן מריר+פונדוק שלם 90 גר,גרמים,90.00,100 גרם,false,1,7.90,8.7778,true,1,485763
4823077613630,false,חטיף שוקולד חלב במילוי קרם ברולה,רושן Roshen,,בטונציק שוקולד רושן קרם ברולה 43 גר,גרמים,43.00,100 גרם,false,1,3.90,9.0698,true,1,485035
4823077614675,false,ביסקוויט לקפה רושן18,קייב קרמנציק,,ביסקוויט חלב 185 גר,גרמים,185.00,100 גרם,false,1,3.90,2.1081,true,1,485778
4823077614699,false,ביסקוויט לקפה רושן ב,קייב קרמנציק,,ביסקוויט וניל 185 גר,גרמים,185.00,100 גרם,false,1,3.90,2.1081,true,1,485777
4823077614767,false,שוקולד רושן חלב נוגט,רושן,,שוקולד חלב נוגט רושן בטעם אגוזי לוז 90 ג,גרמים,90.00,100 גרם,false,1,4.90,5.4444,true,1,519189
4823077614804,false,שוקולד חלב בטעם אוכמניות,רושן Roshen,,שוקולד חלב נוגט בטעם אוכמניות כחולות 90,גרמים,90.00,100 גרם,false,1,4.90,5.4444,true,1,487386
4823077615757,false,בונ סטרלה 200 גר,רושן,,בונ סטרלה 200 גר,גרמים,200.00,100 גרם,false,1,24.90,12.4500,true,1,485766
4823077616013,false,בונ וצרני קייב 176 ג,רושן,,בונ וצרני קייב 176 גר,גרמים,176.00,100 גרם,false,1,25.90,14.7159,true,1,488278
4823077617041,false,חטיף שוקולד חלב במילוי קרמל,רושן Roshen,,בטונציק שוקולד רושן קרמל 43 גר,גרמים,43.00,100 גרם,false,1,3.90,9.0698,true,1,485752
4823077617645,false,עוגת פרזסקי רושן 850,,,עוגת פרזסקי רושן 850 גר,גרמים,850.00,100 גרם,false,1,79.90,9.4000,true,1,502374
4823077617829,false,עוגת רושן קייבסקי 45,,,עוגת רושן קייבסקי 450 גר,גרמים,450.00,100 גרם,false,1,59.90,13.3111,true,1,493672
4823077617836,false,עוגת רושן קייבסקי 85,,,עוגת רושן קייבסקי 850 גר,גרמים,850.00,100 גרם,false,1,95.90,11.2824,true,1,493674
4823077618161,false,וופל רול קונאפטו חלב,רושן,,וופל רול קונאפטו חלב 140 גר,גרמים,156.00,100 גרם,false,1,6.90,4.4231,true,1,512063
4823077618901,false,בונבוניירה שוטרס רום,רושן,,בונ שוטרס רום ליקר 150 גר,גרמים,150.00,100 גרם,false,1,12.90,8.6000,true,1,492812
4823077618918,false,בונ שוטרס ברנדי ליקר,רושן,,בונ שוטרס ברנדי ליקר 150 גר,גרמים,150.00,100 גרם,false,1,12.90,8.6000,true,1,492813
4823077620102,false,עוגת רושן גריליאז 45,,,עוגת רושן גריליאז 450 גר,גרמים,450.00,100 גרם,false,1,49.90,11.0889,true,1,493669
4823077620737,false,בונ וצרני קייב 352 ג,,,בונ בצרני קייב 352 גר,גרמים,352.00,100 גרם,false,1,39.90,11.3352,true,1,494920
4823077621154,false,בטונציק שוקולד רושן,רושן,,בטונציק שוקולד רושן ממולא 43 גר,גרמים,43.00,100 גרם,false,1,3.90,9.0698,true,1,496674
4823077621635,false,וופל רושן בטעם חלב 7,Unknown,,וופל רושן בטעם חלב 72 גר,גרמים,72.00,100 גרם,false,1,3.90,5.4167,true,1,520166
4823077621642,false,וופל רושן בטעם שוקול,Unknown,,וופל רושן בטעם שוקולד 72 גר,גרמים,72.00,100 גרם,false,1,3.90,5.4167,true,1,520167
4823077621659,false,וופל רושן בטעם אגוז,Unknown,,וופל רושן בטעם אגוז 72 גר,גרמים,72.00,100 גרם,false,1,3.90,5.4167,true,1,520168
4823077622359,false,אסורטי שוקולאטריה 25,,,אסורטי שוקולאטריה 256 גר,גרמים,256.00,100 גרם,false,8,34.90,13.6328,true,1,501295
4823077624223,false,סוכריות ג'לי בטעמי פירות Summer Mix,רושן Roshen,,גלי בוני פרוט סאמר מיקס 200 גר,גרמים,200.00,100 גרם,false,1,6.90,3.4500,true,1,501937
4823077624247,false,סוכריות ג'לי מסוכרות בטעמי פירות,רושן Roshen,,גלי בוני פרוט ציטרוס מיקס 200 גר,גרמים,200.00,100 גרם,false,1,6.90,3.4500,true,1,501935
4823077624261,false,גלי בוני פרוט ברי מי,,,גלי בוני פרוט ברי מיקס 200 גר,גרמים,200.00,100 גרם,false,1,6.90,3.4500,true,1,501936
4823077624285,false,בונ אסורטי שוקולאטרי,,,בונ אסורטי שוקולאטריה 194 גר,גרמים,194.00,100 גרם,false,8,22.90,11.8041,true,1,501183
4823077625145,false,ממתקי שוקולד מריר עם דובדבן בליקר דובדבן,רושן Roshen,,בונ דובדבן+ליקר דובדבן 155 גר,גרמים,155.00,100 גרם,false,1,12.90,8.3226,true,1,504596
4823077625589,false,וופל רושן בטעם חלב 2,,,וופל רושן חלב 216 גר,גרמים,216.00,100 גרם,false,1,6.90,3.1944,true,1,505352
4823077625602,false,וופל רושן בטעם שוקול,,,וופל רושן שוקולד 216 גר,גרמים,216.00,100 גרם,false,1,6.90,3.1944,true,1,505353
4823077625626,false,וופל רושן בטעם אגוז,,,וופל רושן אגוז 216 גר,גרמים,216.00,100 גרם,false,1,6.90,3.1944,true,1,505354
4823077625879,false,בונבוניירה קומפלימנט,קייב קרמנציק,,בונבוניירה קומפלימנט 145 גר,גרמים,145.00,100 גרם,false,8,18.90,13.0345,true,1,508389
4823077626203,false,שוקולד רושן אוורירי,רושן Roshen,,שוקולד אוורירי מריר 80 גר,גרמים,80.00,100 גרם,false,20,6.90,8.6250,true,1,506223
4823077626227,false,שוקולד רושן אוורירי,רושן Roshen,,שוקולד אורירי חלב 80 גר,גרמים,80.00,100 גרם,false,20,6.90,8.6250,true,1,506222
4823077626241,false,שוקולד אורירי לבן קרמל,רושן Roshen,,שוקולד אוורירי לבן קרמל 80 גר,גרמים,80.00,100 גרם,false,20,6.90,8.6250,true,1,506221
4823077626364,false,שוקולד רושן אוורירי,רושן Roshen,,שוקולד אוורירי לבן 80 גר,גרמים,80.00,100 גרם,false,20,6.90,8.6250,true,1,506220
4823077627750,false,בונבוניירה 116גר' מו,רושן,,בונ מומנט 116 גר,גרמים,116.00,100 גרם,false,10,12.90,11.1207,true,1,508388
4823077629136,false,שוקולד חלב לקמי רושן,,,שוקולד חלב לקמי רושן 90 גר,גרמים,90.00,100 גרם,false,1,6.90,7.6667,true,1,526072
4823077630439,false,סנדוויץ' קרקר שוקולד,רושן,,קרקר סנדוויץ שוקולד רושן 235 גר,גרמים,235.00,100 גרם,false,1,9.90,4.2128,true,1,518271
4823077630996,false,קרקר סנדוויץ קקאו אג,רושן,,קרקר סנדוויץ קקאו אגוז רושן 235 גר,גרמים,235.00,100 גרם,false,1,9.90,4.2128,true,1,518270
4823077631023,false,עוגת רושן טרופל 520,,,עוגת רושן טרופל 520 גר,גרמים,520.00,100 גרם,false,1,49.90,9.5962,true,1,527848
4823077631467,false,קרקר עם מלח ים רושן,רושן,,קרקר עם מלח ים רושן 168 גר,גרמים,168.00,100 גרם,false,1,4.90,2.9167,true,1,518269
4823077631474,false,קרקר קלאסי רושן 168,רושן,,קרקר קלאסי רושן 168 גר,גרמים,168.00,100 גרם,false,1,4.90,2.9167,true,1,518268
4823077631856,false,וופל רול קונאפטו קוק,רושן,,וופל רול קונאפטו קוקוס 140 גר,גרמים,140.00,100 גרם,false,15,6.90,4.9286,true,1,516152
4823077631863,false,וופל רול קונאפטו וני,רושן,,וופל רול קונאפטו וניל 140 גר,גרמים,140.00,100 גרם,false,15,6.90,4.9286,true,1,516151
4823077632112,false,וופל רושן בטעם קקאו,,,וופל רושן בטעם קקאו חלב 216 גר,גרמים,216.00,100 גרם,false,1,6.90,3.1944,true,1,518263
4823077632259,false,חטיף שוקולד חלב ובוטנים,רושן Roshen,,בטונציק קרם בוטנים רושן 38 גר,גרמים,38.00,100 גרם,false,30,3.90,10.2632,true,1,516706
4823077632495,false,פרלינים מונבלאן שוקו,,,פרלינים מונבלאן שוקולד אגוז שלם 1 קג,קילוגרמים,1.00,"ק""ג",false,1,69.90,69.9000,true,1,518880
4823077632570,false,שוקולד רושן מריר 85,רושן,,שוקולד מריר ברוט 80 גר,גרמים,85.00,100 גרם,false,20,6.90,8.1176,true,1,518889
4823077632587,false,שוקולד רושן חלב עם ש,רושן,,שוקולד רושן חלב שקד שלם 90 גר,גרמים,90.00,100 גרם,false,1,7.90,8.7778,true,1,518888
4823077632594,false,שוקולד רושן חלב אגוז,רושן,,שוקולד רושן חלב אגוז שלם 90 גר,גרמים,90.00,100 גרם,false,1,7.90,8.7778,true,1,518887
4823077633034,false,"גליליות רושן ""קונאפט",רושן,,גליליות וופל רושן קונאפטו קקאו 140 גר,גרמים,140.00,100 גרם,false,15,6.90,4.9286,true,1,516871
4823077633058,false,"גליליות רושן ""קונאפט",רושן,,גליליות וופל רושן קונאפטו אגוז 140 גר,גרמים,140.00,100 גרם,false,15,6.90,4.9286,true,1,516870
4823077633317,false,עוגיות לוויטה שוקולד,,,עוגיות שוקולד עם חתיכות שוקולד 150 גר,גרמים,150.00,100 גרם,false,16,6.90,4.6000,true,1,518259
4823077633324,false,עוגיות שוקוציפס לווי,,,עוגיות שוקוציפס חתיכות שוקולד 150 גר,גרמים,150.00,100 גרם,false,16,6.90,4.6000,true,1,518258
4823077633331,false,עוגיות רושן לוויטהבט,,,עוגיות רושן בטעם תפוז 150 גר,גרמים,150.00,100 גרם,false,16,6.90,4.6000,true,1,518257
4823077633348,false,עוגיות רושן לוויטה ע,,,עוגיות רושן לוויטה עם חתיכות בוטנים 150,גרמים,150.00,100 גרם,false,16,6.90,4.6000,true,1,518031
4823077633508,false,רושן חטיף וופל במילו,,,חטיף וופל במילוי קרם קקאו רושן 34 גר,גרמים,34.00,100 גרם,false,1,3.90,11.4706,true,1,526075
4823077633515,false,רושן חטיף וופל במילו,,,חטיף וופל במילוי קרם חלבי רושן 34 גר,גרמים,34.00,100 גרם,false,1,3.90,11.4706,true,1,526076
4823077634116,false,סוכריות רושן קורובקה,,,סוכ קורובקה 1 קג,קילוגרמים,1.00,"ק""ג",false,7,24.90,24.9000,true,1,518446
4823077634178,false,עוגיות רושן לוויטה ב,,,עוגיות במילוי תפוח קינמון 168 גר,גרמים,168.00,100 גרם,false,1,6.90,4.1071,true,1,520564
4823077634192,false,עוגיות במילוי דובדבן,,,עוגיות במילוי דובדבן וניל 168 גר,גרמים,168.00,100 גרם,false,1,6.90,4.1071,true,1,520566
4823077634222,false,עוגיות Lovita ממולאות ג'לי תפוז מצופות צימקאו,רושן Roshen,,עוגיות תפוז 135 גר,גרמים,135.00,100 גרם,false,1,6.90,5.1111,true,1,520569
4823077634246,false,עוגיות Lovita ממולאות ג'לי פטל מצופות צימקאו,רושן Roshen,,עוגיות פטל 135 גר,גרמים,135.00,100 גרם,false,1,6.90,5.1111,true,1,520567
4823077634277,false,עוגיות Lovita ממולאות ג'לי תות שדה מצופות צימקאו,רושן Roshen,,עוגיות תות שדה 135 גר,גרמים,135.00,100 גרם,false,1,6.90,5.1111,true,1,520568
4823077634369,false,שוקולד רושן חלב אוור,,,שוקולד חלב ופצפוצי אורז לקמי רושן 85 גר,גרמים,85.00,100 גרם,false,1,6.90,8.1176,true,1,526073
4823077634376,false,שוקולד רושן חלב אוור,,,שוקולד חלב וקרם אגוזים לקמי רושן 85 גר,גרמים,85.00,100 גרם,false,1,6.90,8.1176,true,1,526074
4823077634406,false,עוגות אישיות שוקולד,,,עוגות אישיות שוקולד 270 גר,גרמים,270.00,100 גרם,false,1,13.90,5.1481,true,1,520571
4823077634413,false,עוגות אישיות תות שדה,,,עוגות אישיות תות שדה 270 גר,גרמים,270.00,100 גרם,false,1,13.90,5.1481,true,1,520572
4823077634420,false,עוגות אישיות מצופות,,,עוגות אישיות חלב 270 גר,גרמים,270.00,100 גרם,false,1,13.90,5.1481,true,1,520570
4823077634741,false,עוגיות רושן לוויטה ב,,,עוגיות במילוי תות שדה 168 גר,גרמים,168.00,100 גרם,false,1,6.90,4.1071,true,1,520574
4823077635489,false,חטיף וופל רושן קרם ק,,,חטיף וופל רושן קרם קקאו 350 גר,גרמים,350.00,100 גרם,false,1,16.90,4.8286,true,1,522727
4823077635533,false,חטיף וופל רושן קרם ח,,,חטיף וופל רושן קרם חלב 350 גר,גרמים,350.00,100 גרם,false,1,16.90,4.8286,true,1,522726
4823077635793,false,וופלים דקיקים רושן ס,,,וופלים דקיקים רושן סינס בטעם וניל 55 גר,גרמים,55.00,100 גרם,false,1,4.90,8.9091,true,1,527860
4823077635809,false,וופלים דקיקים רושן ס,,,וופלים דקיקים רושן סינס בטעם קקאו 55 גר,גרמים,55.00,100 גרם,false,1,4.90,8.9091,true,1,527861
4823077635816,false,וופלים דקיקים רושן ס,,,וופלים דקיקים רושן סינס אגוזי לוז 55 גר,גרמים,55.00,100 גרם,false,1,4.90,8.9091,true,1,527862
4823077636004,false,עוגיות Lovita ממולאות ג'לי דובדבן מצופות צימקאו,רושן Roshen,,עוגיות קקאו דובדבן לוביטה 135 גר,גרמים,135.00,100 גרם,false,1,6.90,5.1111,true,1,522728
4823077636059,false,עוגיות קקאו דובדבן ל,,,עוגיות קקאו דובדבן לוביטה 420 גר,גרמים,420.00,100 גרם,false,1,16.90,4.0238,true,1,522725
4823077636073,false,עוגיות תות שדה לוביט,,,עוגיות תות שדה לוביטה 420 גר,גרמים,420.00,100 גרם,false,1,16.90,4.0238,true,1,522723
4823077636097,false,עוגיות פטל לוביטה 42,,,עוגיות פטל לוביטה 420 גר,גרמים,420.00,100 גרם,false,1,16.90,4.0238,true,1,522722
4823077636110,false,עוגיות תפוז לוביטה 4,,,עוגיות תפוז לוביטה 420 גר,גרמים,420.00,100 גרם,false,1,16.90,4.0238,true,1,522724
4823077636172,false,וופל רושן בטעם לימון,,,וופל רושן בטעם לימון 216 גר,גרמים,216.00,100 גרם,false,20,6.90,3.1944,true,1,524814
4823077636332,false,עוגיות לוויטה במילוי,,,עוגיות רושן לוביטה במילוי קרם שוקולד 127,גרמים,127.00,100 גרם,false,1,6.90,5.4331,true,1,528488
4823077636400,false,עוגיות לוויטה במילוי,,,עוגיות רושן לוביטה במילוי קרם חלב 127 גר,גרמים,127.00,100 גרם,false,1,6.90,5.4331,true,1,528490
4823077636417,false,עוגיות לוויטה במילוי,,,עוגיות רושן לוביטה במילוי קרם אגוזים 127,גרמים,127.00,100 גרם,false,1,6.90,5.4331,true,1,528491
4823077638183,false,מתנה מס 1 279 גר,,,מתנה מס 1 279 גר,גרמים,279.00,100 גרם,false,1,24.90,8.9247,true,1,527863
4823077638206,false,מתנה מס 9 600 גר,,,מתנה מס 9 600 גר,גרמים,600.00,100 גרם,false,1,49.90,8.3167,true,1,527871
4823077638220,false,מתנה מס 8 468 גר,,,מתנה מס 8 468 גר,גרמים,468.00,100 גרם,false,1,39.90,8.5256,true,1,527870
4823077638244,false,מתנה מס 7 423 גר,,,מתנה מס 7 423 גר,גרמים,423.00,100 גרם,false,1,39.90,9.4326,true,1,527869
4823077638268,false,מתנה מס 6 382 גר,,,מתנה מס 6 382 גר,גרמים,382.00,100 גרם,false,1,34.90,9.1361,true,1,527868
4823077638282,false,מתנה מס 5 385 גר,,,מתנה מס 5 385 גר,גרמים,385.00,100 גרם,false,1,34.90,9.0649,true,1,527867
4823077638329,false,מתנה מס 3 298 גר,,,מתנה מס 3 298 גר,גרמים,298.00,100 גרם,false,1,29.90,10.0336,true,1,527864
4823077638343,false,מתנה מס 2 294 גר,,,מתנה מס 2 294 גר,גרמים,294.00,100 גרם,false,1,29.90,10.1701,true,1,527865
4823077638367,false,עוגת רושן זולוטוי קל,,,עוגת רושן זולוטוי קלוציק 500 גר,גרמים,500.00,100 גרם,false,1,49.90,9.9800,true,1,527847
4823085702104,false,שוקולד חלב ללא סוכר,אבק,,שוקולד חלב ללא סוכר 90 גר,גרמים,90.00,100 גרם,false,1,8.90,9.8889,true,1,484992
4823090300838,false,קרקר פאני פישס 400 ג,,,קרקר פאני פישס 400 גר,גרמים,400.00,100 גרם,false,1,12.90,3.2250,true,1,497715
4823090302269,false,פאי קרוסטטה תות 370,KHARKIV BISCUIT,UA,פאי קרוסטטה תות 370 גר,גרמים,370.00,100 גרם,false,8,17.90,4.8378,true,1,505299
4823090302436,false,פאי קרוסטטה ענבי שוע,KHARKIV BISCUIT,UA,פאי קרוסטטה ענבי שועל 370 גר,גרמים,370.00,100 גרם,false,8,17.90,4.8378,true,1,505301
4823090302481,false,ביסקוויט לוזוק בטעם,,,ביסקוויט לוזוק בטעם חלב אפוי 180 גר,גרמים,180.00,100 גרם,false,1,5.90,3.2778,true,1,504851
4823090302498,false,ביסקוויט לוזוק בטעם,,,ביסקוויט לוזוק בטעם שמנת 180 גר,גרמים,180.00,100 גרם,false,1,5.90,3.2778,true,1,504852
4823090302528,false,ביסקוויט לוזוק בטעם,,,ביסקוויט לוזוק בטעם ריבת חלב 180 גר,גרמים,180.00,100 גרם,false,1,5.90,3.2778,true,1,504850
4823090302948,false,פאי קרוסטטה דובדבן 3,KHARKIV BISCUIT,UA,פאי קרוסטטה דובדבן 370 גר,גרמים,370.00,100 גרם,false,8,17.90,4.8378,true,1,515295
4823090303518,false,עוגת וופל קפריזוליה,,,עוגת וופל קפריזוליה בטעם קפוצינו 220 גר,גרמים,220.00,100 גרם,false,1,10.90,4.9545,true,1,517366
4823090303525,false,עוגת וופל קפריזוליה,חרקוב בסקוויט,,עוגת וופל קפריזוליה בטעם שוקולד 220 גר,גרמים,220.00,100 גרם,false,1,10.90,4.9545,true,1,514142
4823090303532,false,עוגת וופל קפריזוליה,,,עוגת וופל קפריזוליה בטעם חלב 220 גר,גרמים,220.00,100 גרם,false,1,10.90,4.9545,true,1,517365
4823092700926,false,חלווה חמניות בטעם ונ,או.או.או. דרוז'קבסקי,,חלבה חמניות בטעם וניל 200 גר,גרמים,200.00,100 גרם,false,1,5.90,2.9500,true,1,485740
4823092700964,false,חלווה חמניות עם בוטנ,או.או.או. דרוז'קבסקי,,חלבה חמניות עם בוטנים 200 גר,גרמים,200.00,100 גרם,false,1,5.90,2.9500,true,1,485741
4823097800676,false,גלידת שרבט בגביע בלא,,,גלידת שרבט בגביע בלאק אייס קולה 150 גר,גרמים,150.00,100 גרם,false,1,5.90,3.9333,true,1,518822
4823097809747,false,גלידה פלומביר בכוס מ,ז'יטומרסקי זאבוד,,גלידת שוקולד בכוס 70 גר,גרמים,70.00,100 גרם,false,1,5.90,8.4286,true,1,520404
4823097809778,false,גלידה בריקט שוקולד 9,ז'יטומרסקי זאבוד,,גלידה בריקט שוקולד 90 גר,גרמים,90.00,100 גרם,false,25,5.90,6.5556,true,1,518237
4823097809785,false,גלידה שמנת משובחת בט,ז'יטומרסקי זאבוד,,גלידה וניל 1 קג,קילוגרמים,1.00,"ק""ג",false,1,36.90,36.9000,true,1,517732
4823097809792,false,גלידה חלבית בשומן צמ,ז'יטומרסקי זאבוד,,גלידה שוקו 1 קג,קילוגרמים,1.00,"ק""ג",false,6,36.90,36.9000,true,1,520403
4823097809808,false,גלידה משובחת בטעם שו,ז'יטומרסקי זאבוד,,גלידה וניל 500 גר,גרמים,500.00,100 גרם,false,1,21.90,4.3800,true,1,520402
4823097809815,false,גלידה חלבית עם אוכמניות כחולות ושחורות 85ג',ז'יטומרסקי זאבוד,,גלידה חלבית אוכמניות 85 גר,גרמים,85.00,100 גרם,false,40,5.90,6.9412,true,1,518236
4823097809921,false,גלידת שמנת בטעם שוקו,ז'יטומרסקי זאבוד,,גלידת שמנת בטעם שוקולד 500 גר,גרמים,500.00,100 גרם,false,1,21.90,4.3800,true,1,517734
4823097810019,false,גלידת שמנת ונילה קרמ,,,גלידת שמנת ונילה קרמל וופל אמפרזה 100 גר,גרמים,100.00,100 גרם,false,1,7.90,7.9000,true,1,518820
4823097810026,false,גלידת בטעם קולה בגבי,,,גלידת בטעם קולה בגביע וופל אמפרזה 100 גר,גרמים,100.00,100 גרם,false,1,5.90,5.9000,true,1,518821
4823098200185,false,וודקה חלבני דאר קראפ,NATIONAL ALCOHOL COM,,וודקה חלבני דאר קראפטד גינגר ודבש 700 מל,מיליליטרים,700.00,"100 מ""ל",false,1,54.90,7.8429,true,1,499560
4823105400096,false,מלפפונים בחומץ 300 ג,,,מלפפונים בחומץ 300 גר,גרמים,300.00,100 גרם,false,1,12.90,4.3000,true,1,525354
4823105400119,false,מלפפונים בחומץ 770 ג,,,מלפפונים בחומץ 770 גר,גרמים,770.00,100 גרם,false,1,20.90,2.7143,true,1,525355
4823105400393,false,אגיקה בסגנון גרוזיני,,,אגיקה בסגנון גרוזיני 310 גר,גרמים,310.00,100 גרם,false,1,13.90,4.4839,true,1,525349
4823105400447,false,אגיקה בסגנון קווקזי,,,אגיקה בסגנון קווקזי חריפה 220 גר,גרמים,220.00,100 גרם,false,1,9.90,4.5000,true,1,525350
4823105400522,false,רוטב סצבלי 215 גר,,,רוטב סצבלי 215 גר,גרמים,215.00,100 גרם,false,1,7.90,3.6744,true,1,525351
4823105400539,false,מרינדה לעוף 140 גר,,,מרינדה לעוף 140 גר,גרמים,140.00,100 גרם,false,1,6.90,4.9286,true,1,509705
4823105400560,false,ממרח זוקיני עם ירקות,,,ממרח זוקיני עם ירקות 500 גר,גרמים,500.00,100 גרם,false,1,13.90,2.7800,true,1,525359
4823105400577,false,ממרח חצילים עם ירקות,,,ממרח חצילים עם ירקות 500 גר,גרמים,500.00,100 גרם,false,1,13.90,2.7800,true,1,525360
4823105400713,false,חצילים ברוטב סלסה 50,,,חצילים ברוטב סלסה 500 גר,גרמים,500.00,100 גרם,false,1,14.90,2.9800,true,1,525362
4823105400720,false,חציל עם ירקות 500 גר,,,חציל עם ירקות 500 גר,גרמים,500.00,100 גרם,false,1,14.90,2.9800,true,1,525363
4823105400737,false,לצו בסגנון בולגרי 50,,,לצו בסגנון בולגרי 500 גר,גרמים,500.00,100 גרם,false,1,13.90,2.7800,true,1,525364
4823105400775,false,עגבניות בחומץ 780 גר,,,עגבניות בחומץ 780 גר,גרמים,780.00,100 גרם,false,1,17.90,2.2949,true,1,525358
4823105400799,false,אפונה במי מלח 200 גר,,,אפונה במי מלח 200 גר,גרמים,200.00,100 גרם,false,1,7.90,3.9500,true,1,525352
4823105400805,false,אפונה במי מלח 510 גר,,,אפונה במי מלח 510 גר,גרמים,510.00,100 גרם,false,1,12.90,2.5294,true,1,525353
4823105401086,false,ממרח זוקיני עם פלפל,,,ממרח זוקיני עם פלפל חריף 500 גר,גרמים,500.00,100 גרם,false,1,13.90,2.7800,true,1,525361
4823105402052,false,שעועית ברוטב עגבניות,,,שעועית ברוטב עגבניות 500 גר,גרמים,500.00,100 גרם,false,1,13.90,2.7800,true,1,525366
4823105402618,false,חרדל בסגנון רוסי חרי,,,חרדל בסגנון רוסי חריף 190 גר,גרמים,190.00,100 גרם,false,1,6.90,3.6316,true,1,525342
4823105402625,false,חרדל עם חזרת פיקנטי,,,חרדל עם חזרת פיקנטי 190 גר,גרמים,190.00,100 גרם,false,1,6.90,3.6316,true,1,525343
4823105402960,false,רוטב עגבניות לתיבול,,,רוטב עגבניות לתיבול לבשר בקר 200 גר,גרמים,200.00,100 גרם,false,1,7.90,3.9500,true,1,525381
4823105402977,false,רוטב חרדל לתיבול פיק,,,רוטב חרדל לתיבול פיקנטי לעוף 200 גר,גרמים,200.00,100 גרם,false,1,7.90,3.9500,true,1,525382
4823105402991,false,פלפל שחור שלם 20 גר,,,פלפל שחור שלם 20 גר,גרמים,20.00,100 גרם,false,1,2.90,14.5000,true,1,525370
4823105403004,false,פלפל שחור טחון 20 גר,,,פלפל שחור טחון 20 גר,גרמים,20.00,100 גרם,false,1,2.90,14.5000,true,1,525369
4823105403028,false,גרגירי חרדל לבן 50 ג,,,גרגירי חרדל לבן 50 גר,גרמים,50.00,100 גרם,false,1,2.90,5.8000,true,1,525380
4823105403042,false,תערובת תיבול לעוף 20,,,תערובת תיבול לעוף 20 גר,גרמים,20.00,100 גרם,false,1,2.90,14.5000,true,1,525374
4823105403059,false,תערובת תיבול לשישליק,,,תערובת תיבול לשישליק 20 גר,גרמים,20.00,100 גרם,false,1,2.90,14.5000,true,1,525373
4823105403073,false,תערובת תיבול לפלוב 2,,,תערובת תיבול לפלוב 20 גר,גרמים,20.00,100 גרם,false,1,2.90,14.5000,true,1,525376
4823105403080,false,תערובת עשבי תיבול בס,,,תערובת עשבי תיבול בסגנון איטלקי 10 גר,גרמים,10.00,100 גרם,false,1,2.90,29.0000,true,1,525379
4823105403097,false,תערובת תיבול ירקות מ,,,תערובת תיבול ירקות מיובשים 15 גר,גרמים,15.00,100 גרם,false,1,2.90,19.3333,true,1,525377
4823105403622,false,עלי דפנה 7 גר,,,עלי דפנה 7 גר,גרמים,7.00,100 גרם,false,1,2.90,41.4286,true,1,525372
4823105404131,false,חרדל דיזון 200 גר,,,חרדל דיזון 200 גר,גרמים,200.00,100 גרם,false,1,6.90,3.4500,true,1,525344
4823105801855,false,שוקולד מריר 80% 90 ג,,,שוקולד מריר 80% 90 גר,גרמים,90.00,100 גרם,false,1,9.90,11.0000,true,1,528818
4823105802913,false,בונ שוקולדני נוצ 170,,,בונ שוקולדני נוצ 170 גר,גרמים,170.00,100 גרם,false,1,29.90,17.5882,true,1,512476
4823105806584,true,שוקולד מריר 67% ללא,,,שוקולד מריר 67% ללא סוכר 90 גר,גרמים,90.00,100 גרם,false,,8.90,9.8889,true,1,523074
4823105808199,false,חטיף דגנים במבוק חלב,,,חטיף דגנים במבוק חלב מרוכז עם פרוקטוז,גרמים,250.00,100 גרם,false,1,9.90,3.9600,true,1,523076
4823105808410,false,חטיף שוקולד מריר ממו,,,חטיף שוקולד מריר ממולא שוקולד עם פרוקטוז,גרמים,38.00,100 גרם,false,1,3.90,10.2632,true,1,523075
4823105810895,false,מגוון ממתקים מס 2 30,,,מגוון ממתקים מס 2 301 גר,גרמים,301.00,100 גרם,false,1,31.90,10.5980,true,1,528727
4823105810925,false,מגוון ממתקים מס 3 40,,,מגוון ממתקים מס 3 403 גר,גרמים,403.00,100 גרם,false,1,39.90,9.9007,true,1,528728
4840008000499,false,סושקה פרנזלוטה צלנוצ,פרנזלוטה,,סושקה פרנזלוטה צלנוצוק 500גר,גרמים,500.00,100 גרם,false,1,9.90,1.9800,true,1,473696
4840008001199,false,מיני כעכים סושקה וני,FRANZELUTA,,סושקה מיני פרנזלוטה בטעם וניל 500 גר,גרמים,500.00,100 גרם,false,1,9.90,1.9800,true,1,473691
4840008001205,false,מיני כעכים סושקה פרג,FRANZELUTA,,סושקה מיניע פרנזלוטה עם פרג 500גר,גרמים,500.00,100 גרם,false,1,9.90,1.9800,true,1,473692
4840008002431,false,דפי וופל פרנזולטה מל,Franzeluta,,דפי וופל פרנזולטה מלבן 350 גר,גרמים,350.00,100 גרם,false,1,13.90,3.9714,true,1,479767
4840008008624,false,סושקה מיני פרנזלוטה,FRANZELUTA,,סושקה מיניע פרנזלוטה לוביטלסקייה 500גר,גרמים,500.00,100 גרם,false,1,9.90,1.9800,true,1,473693
4840008012812,false,לחם שיפון בורודינסקי,,,לחם שיפון בורודינסקי 450 גר,גרמים,450.00,100 גרם,false,1,9.90,2.2000,true,1,518778
4840008017749,false,מיני סוחרי וניל פראנ,FRANZELUTA,,מיני סוחרי וניל פראנזלוטה 200 גר,גרמים,200.00,100 גרם,false,1,7.90,3.9500,true,1,489209
4840008017763,false,מיני צנימים פראנזלוצ,FRANZELUTA,,מיני צנימים פראנזלוצה עם צימוקים 200גר,גרמים,200.00,100 גרם,false,1,7.90,3.9500,true,1,475073
4840008018302,false,דובשניות קרסטיאנסקיה,Franzeluta,,דובשניות קרסטיאנסקיה 400 גר,גרמים,400.00,100 גרם,false,1,8.90,2.2250,true,1,493292
4840008018319,false,דובשניות עם שזיף 400,פרנזלוטה,,דובשניות עם שזיף 400 גר,גרמים,400.00,100 גרם,false,1,8.90,2.2250,true,1,493291
4840008018333,false,דובשניות פרנזולטה בט,פרנזלוטה,,דובשניות פרנזולטה בטעם דבש 400 גר,גרמים,400.00,100 גרם,false,1,8.90,2.2250,true,1,480682
4840008018371,false,דובשניות צפניות-סברנ,פרנזלוטה,,דובשניות פרנזלוטה סברניה 400 גר,גרמים,400.00,100 גרם,false,1,8.90,2.2250,true,1,481680
4840008019521,false,עוגיות פרנזולטה בצק,FRANZELUTA,,עוגיות פרנזולטה בצק עלים לבבות דקל 350 ג,גרמים,350.00,100 גרם,false,1,9.90,2.8286,true,1,493846
4840008019897,false,דפי וופל פרנזולטה עג,Franzeluta,,דפי וופל פרנזולטה עגולים 100 גר,גרמים,100.00,100 גרם,false,1,9.90,9.9000,true,1,479766
4840008028028,false,צנימים פראנזלוצה עם,FRANZELUTA,,צנימים פראנזלוצה עם צימוקים 200גר,גרמים,200.00,100 גרם,false,1,7.90,3.9500,true,1,475072
4840008030243,false,לחם שיפון טאלין פרוס,,,לחם שיפון טאלין פרוס 500 גר,גרמים,500.00,100 גרם,false,1,9.90,1.9800,true,1,517252
4840008031806,false,דובשניות בטעם חלב מר,Franzeluta,,דובשניות בטעם חלב מרוכז 400 גר,גרמים,400.00,100 גרם,false,1,8.90,2.2250,true,1,490503
4840008037778,false,סופר מיני סושקה וניל,,MD,סופר מיני סושקה וניל 300 גר,גרמים,300.00,100 גרם,false,12,7.90,2.6333,true,1,521716
4840008037792,false,סופר מיני סושקה לובי,,MD,סופר מיני סושקה לוביטלסקיה 300 גר,גרמים,300.00,100 גרם,false,12,7.90,2.6333,true,1,521717
4840008040075,false,עוגיות אוזניים קינמו,FRANZELUTA,,עוגיות אוזניים קינמון 350 ג,גרמים,350.00,100 גרם,false,1,9.90,2.8286,true,1,520307
4840013000217,false,יין מבעבע קריקובה חצ,קריקובה,MD,שמפניה קריקובה חצי מ,מיליליטרים,750.00,"100 מ""ל",false,12,39.90,5.3200,true,1,464435
4840013000248,false,יין מבעבע קריקובה חצ,קריקובה,MD,שמפניה קריקובה חצי י,מיליליטרים,750.00,"100 מ""ל",false,12,39.90,5.3200,true,1,464436
4840013000866,false,יין מבעבע קריקובה אד,קריקובה,MD,שמפניה קריקובה אדום,מיליליטרים,750.00,"100 מ""ל",false,12,39.90,5.3200,true,1,509348
4840013001054,false,יין מבעבע קריקובה מו,קריקובה,MD,שמפניה קריקובה מוסקט,מיליליטרים,750.00,"100 מ""ל",false,12,39.90,5.3200,true,1,464437
4840013006868,false,יין מבעבע קריקובה בר,קריקובה,MD,"יין מבעבע קריקובה ברוט 750 מ""ל",מיליליטרים,750.00,"100 מ""ל",false,12,39.90,5.3200,true,1,509349
4840013008077,false,יין מבעבע קריקובה רו,קריקובה,MD,יין מבעבע קריקובה רוזה חצי יבש 750 מל,מיליליטרים,750.00,"100 מ""ל",false,12,39.90,5.3200,true,1,517841
4840019004622,false,מלפפונים בחומץ 670 ג,,,מלפפונים בחומץ 670 גר,גרמים,670.00,100 גרם,false,1,10.90,1.6269,true,1,525578
4840019004639,false,אסורטי עגבניות ומלפפ,,,אסורטי עגבניות ומלפפונים מוחמצים 980 גר,גרמים,980.00,100 גרם,false,1,13.90,1.4184,true,1,525582
4840019004660,false,עגבניות אדמדמות וחומ,,,עגבניות אדמדמות וחומות מוחמצות 670 גר,גרמים,670.00,100 גרם,false,1,10.90,1.6269,true,1,525579
4840019004721,false,קורנישונים בחומץ 670,,,קורנישונים בחומץ 670 גר,גרמים,670.00,100 גרם,false,1,10.90,1.6269,true,1,525581
4840022000956,false,מיץ ויטה פרמיום תפוח,,,מיץ ויטה פרמיום תפוח גזר 1ל,ליטרים,1.00,ליטר,false,1,14.90,14.9000,true,1,474275
4840022004107,false,ריבת אוכמניות שחורות,,,ריבת אוכמניות שחורות 680גר,גרמים,670.00,100 גרם,false,1,26.90,4.0149,true,1,467104
4840022004152,false,נקטר ויטה נטורליס תפ,,,נקטר ויטה נטורליס תפוח משמש 1ל,ליטרים,1.00,ליטר,false,1,9.90,9.9000,true,1,474270
4840022004169,false,נקטר ויטה נטורליס תפ,,,נקטר ויטה נטורליס תפוח אגסים 1ל,ליטרים,1.00,ליטר,false,1,9.90,9.9000,true,1,474268
4840022004183,false,מיץ ויטה נטורליס שזי,,,מיץ ויטה נטורליסשזיפים 1 ליטר,ליטרים,1.00,ליטר,false,1,9.90,9.9000,true,1,464444
4840022004190,false,נקטר ויטה נטורליס אפ,,,נקטר ויטה נטורליס אפרסק 1 ל,ליטרים,1.00,ליטר,false,1,9.90,9.9000,true,1,500899
4840022004206,false,מיץ עגבניות ויטה נטו,,,מיץ עגבניות ויטה נטורליס 1ל,ליטרים,1.00,ליטר,false,1,9.90,9.9000,true,1,474986
4840022004589,false,מיץ ויטה נטורליס תפו,,,מיץ ויטה נטורליס תפוח-משמש 2 ליטר,ליטרים,2.00,ליטר,false,1,16.90,8.4500,true,1,464446
4840022004626,false,מיץ ויטה נטורליס עגב,,,מיץ ויטה נטורליס עגבניות 2 ליטר,ליטרים,2.00,ליטר,false,1,16.90,8.4500,true,1,464448
4840022005258,false,מיץ ויטה מולטיפרוט 1,,,מיץ ויטה מולטיפרוט 1ל,ליטרים,1.00,ליטר,false,1,10.90,10.9000,true,1,474983
4840022005265,false,מיץ תפוחים 1 ל,,,מיץ תפוחים 1 ליטר,ליטרים,1.00,ליטר,false,1,10.90,10.9000,true,1,467105
4840022005272,false,מיץ תפוח ענבים 1 ל,,,מיץ תפוח ענבים 1 ליטר,ליטרים,1.00,ליטר,false,1,10.90,10.9000,true,1,467106
4840022005289,false,נקטר ויטה משמש 1 ל,,,נקטר ויטה משמש 1ל,ליטרים,1.00,ליטר,false,1,10.90,10.9000,true,1,474263
4840022005326,false,מיץ עגבניות ויטה 1 ל,,,מיץ עגבניות 1 ליטר,ליטרים,1.00,ליטר,false,1,10.90,10.9000,true,1,467109
4840022005647,false,ריבת תותים 680 גר,,,ריבת תותים 680גר,גרמים,680.00,100 גרם,false,1,26.90,3.9559,true,1,467110
4840022005661,false,ריבת פטל 680 גר,,,ריבת פטל 680גר,גרמים,680.00,100 גרם,false,1,32.90,4.8382,true,1,467111
4840022005760,false,נקטר ויטה תות בננה 1,,,נקטר ויטה תות בננה 1 ל,ליטרים,1.00,ליטר,false,1,10.90,10.9000,true,1,505435
4840022005876,false,נקטר רימונים 1 ל,,,נקטר רימונים 1 ליטר,ליטרים,1.00,ליטר,false,1,10.90,10.9000,true,1,467112
4840022006200,false,נקטר ויטה אננס 1 ל,,,נקטר ויטה אננס 1 ל,ליטרים,1.00,ליטר,false,1,10.90,10.9000,true,1,505434
4840022006637,false,נקטר נטורליס תפוח דו,,,נקטר ויטה נטורליס תפוח דובדבן 1 ליטר,ליטרים,1.00,ליטר,false,1,9.90,9.9000,true,1,467117
4840022006651,false,נקטר ויטה נטורליס תפ,,,"נקטר ויטה נטורליס תפו""ע ענבים 1 ל",ליטרים,1.00,ליטר,false,1,9.90,9.9000,true,1,500900
4840022006668,false,נקטר ויטה נטוראליס ת,,,נקטר ויטה נטוראליס תפוח ענבים 2ל,ליטרים,2.00,ליטר,false,1,16.90,8.4500,true,1,474273
4840022006675,false,נקטר ויטה דובדבן 1 ל,,,נקטר ויטה דובדבן 1ל,ליטרים,1.00,ליטר,false,1,10.90,10.9000,true,1,474264
4840022006699,false,נקטר ויטה נטורליס תפ,,,נקטר ויטה נטורליס תפוח עץ אדום 1ל,ליטרים,1.00,ליטר,false,1,9.90,9.9000,true,1,474985
4840022006705,false,נקטר ויטה נטוראליס ת,,,נקטר ויטה נטוראליס תפוח אדום 2ל,ליטרים,2.00,ליטר,false,1,16.90,8.4500,true,1,474272
4840022007368,false,פטיסונים מוחמצים ויט,,,פטיסונים מוחמצים ויטה 660גר,גרמים,660.00,100 גרם,false,1,16.90,2.5606,true,1,474282
4840022007870,false,ממרח קישואים ויטה 40,,,ממרח קישואים ויטה 400 גר,גרמים,400.00,100 גרם,false,1,9.90,2.4750,true,1,512161
4840022007993,false,ריבה משמש ויטה 690 ג,,,ריבה משמש ויטה 680 גר,גרמים,690.00,100 גרם,false,1,26.90,3.8986,true,1,497552
4840022008709,false,משקה קל ויטה נטורליס,,,משקה קל ויטה נטורליס אפרסק מנגו 1 ל,ליטרים,1.00,ליטר,false,1,9.90,9.9000,true,1,500901
4840022008747,false,ריבה שזיפים ויטה 680,,,ריבה שזיפים ויטה 680 גר,גרמים,680.00,100 גרם,false,1,26.90,3.9559,true,1,497551
4840022009553,false,משקה קל נטורליס פירו,,,משקה קל נטורליס פירות טרופיים 1 ל,ליטרים,1.00,ליטר,false,1,9.90,9.9000,true,1,505324
4840022009560,false,משקה קל ויטה נטורליס,,,משקה קל ויטה נטורליס תפוחים פירות יער 1ל,ליטרים,1.00,ליטר,false,1,9.90,9.9000,true,1,506051
4840022009997,false,משקה קל נטורליס אפרס,,,משקה קל נטורליס אפרסק מנגו 2 ל,ליטרים,2.00,ליטר,false,1,16.90,8.4500,true,1,520004
4840022010436,false,ריבת דובדבן חמוץ ויט,,,ריבת דובדבן חמוץ ויטה 680 גר,גרמים,680.00,100 גרם,false,1,26.90,3.9559,true,1,517281
4840022010771,false,מיץ דומדמניות נטורלי,,,מיץ דומדמניות נטורליס 1 ל,ליטרים,1.00,ליטר,false,1,9.90,9.9000,true,1,528372
4840022010788,false,משקה קל תפוח ענבים נ,,,משקה קל תפוח ענבים נטורליס 1 ל,ליטרים,1.00,ליטר,false,1,9.90,9.9000,true,1,524727
4840022010795,false,משקה קל תפוח חמוציות,,,משקה קל תפוח חמוציות נטורליס 1 ל,ליטרים,1.00,ליטר,false,1,9.90,9.9000,true,1,524726
4840022010801,false,מיץ דובדבן נטורליס 1,,,מיץ דובדבן נטורליס 1 ל,ליטרים,1.00,ליטר,false,1,9.90,9.9000,true,1,528373
4840034001866,false,אפונה ירוקה ויטה 415,,,אפונה ירוקה ויטה 415גר,גרמים,415.00,100 גרם,false,1,8.90,2.1446,true,1,478538
4840048000299,false,ברנדי בליי אייסט 500,,,"ברנדי ""בליי אייסט"" 0",מיליליטרים,500.00,"100 מ""ל",false,1,69.90,13.9800,true,1,464456
4840095001263,false,בונבוניירות מטאורית,BUCURIA,,"בונבוניירות ""מטאורית 400גר",גרמים,400.00,100 גרם,false,1,29.90,7.4750,true,1,464468
4840095003090,false,מרמלד דולקי 350 גר,BUCURIA,,"מרמלד דולקי 350 ג""ר",גרמים,350.00,100 גרם,false,1,11.90,3.4000,true,1,464471
4840181001597,false,יין קגור 750 מל,,,"יין ""קגור"" 0.75 ליטר",מיליליטרים,750.00,"100 מ""ל",false,1,31.90,4.2533,true,1,464485
4840254002186,false,יין אדום בון וייז מר,,,"יין אדום ""בון וייז"" מרלו 1 ל",ליטרים,1.00,ליטר,false,1,39.80,39.8000,true,1,464489
4840259011039,false,כעכים עם פרג 300 גר,,,כעכים עם פרג 300 גר,גרמים,300.00,100 גרם,false,1,9.90,3.3000,true,1,526024
4840267006881,false,יין קברנה אדום חצי מ,אלבסטרילי ויינס אס א,,"יין קברנה אדום חצי מתוק 750 מ""ל",מיליליטרים,750.00,"100 מ""ל",false,1,32.90,4.3867,true,1,488566
4840267007031,false,יין שרדונה לבן חצי מ,אלבסטרילי ויינס אס א,,"יין שרדונה לבן חצי מתוק 750 מ""ל",מיליליטרים,750.00,"100 מ""ל",false,1,32.90,4.3867,true,1,488569
4840267007048,false,יין מרלו אדום חצי מת,אלבסטרילי ויינס אס א,,"יין מרלו אדום חצי מתוק 750 מ""ל",מיליליטרים,750.00,"100 מ""ל",false,1,32.90,4.3867,true,1,488563
4840267008168,false,יין אדום חצי מתוק אי,אלבסטרילי ויינס אס א,,"יין אדום חצי מתוק איזבלה 750 מ""ל",מיליליטרים,750.00,"100 מ""ל",false,1,32.90,4.3867,true,1,494302
4840472005532,false,יין פורקרי מרלו 750,,,יין פורקרי מרלו 750 מל,מיליליטרים,750.00,"100 מ""ל",false,1,64.90,8.6533,true,1,520705
4840472005549,false,יין פורקרי קברנה סוב,,,"יין ""פורקארו"" קברנה",מיליליטרים,750.00,"100 מ""ל",false,6,64.90,8.6533,true,1,516510
4840472005556,false,יין פורקרי פינו נואר,,,"יין ""פורקארו"" פינות",מיליליטרים,750.00,"100 מ""ל",false,6,64.90,8.6533,true,1,516517
4840472005563,false,יין פורקרי שרדונה 75,,,"יין ""פורקארו"" שרדונה",מיליליטרים,750.00,"100 מ""ל",false,6,64.90,8.6533,true,1,516518
4840472005570,false,יין פורקרי סוביניון,,,"יין ""פורקארו"" סביון",מיליליטרים,750.00,"100 מ""ל",false,6,64.90,8.6533,true,1,516519
4840472012721,false,יין פורקרי רוזה 750,,,יין פורקרי רוזה 750 מל,מיליליטרים,750.00,"100 מ""ל",false,6,64.90,8.6533,true,1,516520
4840472012738,false,יין פורקרי פינו גריג,,,יין פורקרי פינו גריגיו 750 מל,מיליליטרים,750.00,"100 מ""ל",false,6,64.90,8.6533,true,1,516521
4840472013551,false,יין פורקרי ררה נגרה,,,יין פורקרי ררה נגרה 750 מל,מיליליטרים,750.00,"100 מ""ל",false,6,64.90,8.6533,true,1,516522
4840472017597,false,יין פרידום דה פורקרי,,,יין פרידום דה פורקרי 750 מל,מיליליטרים,750.00,"100 מ""ל",false,1,79.90,10.6533,true,1,523860
4840472018129,false,יין פרידום מלבק דה פ,,,יין פרידום מלבק דה פורקרי 750 מל,מיליליטרים,750.00,"100 מ""ל",false,1,79.90,10.6533,true,1,523861
4840472019294,false,יין מבעבע קווה דה פו,,,יין מבעבע קווה דה פורקרי לבן ברוט 750 מל,מיליליטרים,750.00,"100 מ""ל",false,6,109.90,14.6533,true,1,522706
4840472019300,false,יין מבעבע קווה דה פו,,,יין מבעבע קווה דה פורקרי רוזה 750 מל,מיליליטרים,750.00,"100 מ""ל",false,1,109.90,14.6533,true,1,522022
4840472019416,false,יין מבעבע קווה דה פו,,,יין מבעבע קווה דה פורקרי לבן 750 מל,מיליליטרים,750.00,"100 מ""ל",false,1,109.90,14.6533,true,1,522023
4840472020122,false,יין מלבק דה פורקרי 7,,,יין מלבק דה פורקרי 750 מל,מיליליטרים,750.00,"100 מ""ל",false,1,79.90,10.6533,true,1,525529
4840472020443,false,יין פטאסקה נאגרה דה,,MD,יין פטאסקה נאגרה דה פורקרי 750 מל,מיליליטרים,750.00,"100 מ""ל",false,1,79.90,10.6533,true,1,525530
4840472020900,false,יין פורקרי ויין קריי,,,יין פורקרי ויין קריים 750 מל,מיליליטרים,750.00,"100 מ""ל",false,1,64.90,8.6533,true,1,527362
4840526000728,false,יין יבש קברנה סוביני,,,יין יבש קברנה סוביניון קזייק 750 מל,מיליליטרים,750.00,"100 מ""ל",false,1,31.80,4.2400,true,1,464524
4840526001398,false,יין לבן בון וייג מתו,,,"יין לבן ""בון וייג"" מ",ליטרים,1.00,ליטר,false,1,39.80,39.8000,true,1,464528
4840557002937,false,ברנדי קנטמרי פרסטיז,מולדבסקי סטנדרט,,"ברנדי קנטמרי פרסטיז 500 מ""ל",מיליליטרים,500.00,"100 מ""ל",false,1,49.90,9.9800,true,1,484617
4840709003393,false,ברנדי קווינט 500 מל,,,"ברנדי קווינט 500 מ""ל",מיליליטרים,500.00,"100 מ""ל",false,1,49.90,9.9800,true,1,486666
4840748000667,false,פטיסונים מוחמצים 670,,,פטיסונים מוחמצים 670 גר,גרמים,670.00,100 גרם,false,1,14.90,2.2239,true,1,464550
4840748001145,false,אפונת גינה בראבו זכו,,,אפונת גינה בראבו זכוכית 680 גר,גרמים,680.00,100 גרם,false,12,11.90,1.7500,true,1,515571
4840748002111,false,עגבניות מוחמצות 670,,,עגבניות מוחמצות 670 גר,גרמים,670.00,100 גרם,false,1,10.90,1.6269,true,1,464555
4840748002753,false,אפונה בראבו 420 גר,נטור ברבו,,אפונה בראבו 420 גר,גרמים,420.00,100 גרם,false,1,7.90,1.8810,true,1,486378
4840748003811,false,עגבניות במיץ עגבניות,,,עגבניות במיץ עגבניות 660 גר,גרמים,660.00,100 גרם,false,1,10.90,1.6515,true,1,524677
4840748005556,false,מלפפונים 6-9 במלח 92,,,מלפפונים 6-9 במלח 925 גר,גרמים,925.00,100 גרם,false,1,14.90,1.6108,true,1,524674
4841883000123,false,קוניאק XO קווינט דוי,,,קוניאק קווינט דוינה 9 שנים XO,מיליליטרים,500.00,"100 מ""ל",false,1,79.90,15.9800,true,1,507354
4842334001010,false,ליידי קפריז מוסקטו פ,,,ליידי קפריז מוסקטו פינה קולדה 250 מל,מיליליטרים,250.00,"100 מ""ל",false,1,9.90,3.9600,true,1,528252
4842334001317,false,ליידי קפריז מוסקטו מ,,,ליידי קפריז מוסקטו מנגו 250 מל,מיליליטרים,250.00,"100 מ""ל",false,1,9.90,3.9600,true,1,528253
4842334001324,false,ליידי קפריז מוסקטו ת,,,ליידי קפריז מוסקטו תות 250 מל,מיליליטרים,250.00,"100 מ""ל",false,1,9.90,3.9600,true,1,528251
4842334001393,false,ליידי קפריז מוסקטו א,,,ליידי קפריז מוסקטו אננס 250 מל,מיליליטרים,250.00,"100 מ""ל",false,1,9.90,3.9600,true,1,528250
4850001001911,false,ברנדי אררט 3 שנים 70,ירוואן ברנדי קומפני,,"ברנדי אררט 3 שנים 700 מ""ל",מיליליטרים,700.00,"100 מ""ל",false,1,109.90,15.7000,true,1,485439
4850001001942,false,ברנדי אררט 5 שנים 70,,,"ברנדי אררט 5 שנים 700 מ""ל",מיליליטרים,700.00,"100 מ""ל",false,1,149.90,21.4143,true,1,496783
4850001002031,false,ברנדי אררט אחטמאר 10,ירוואן ברנדי קומפני,,"ברנדי אררט אחטמאר 10 שנים 700 מ""ל",מיליליטרים,700.00,"100 מ""ל",false,1,209.90,29.9857,true,1,485440
4850001005599,false,ברנדי אררט אני 7 שני,,AM,ברנדי אררט אני 7 שנים 700 מל,מיליליטרים,700.00,"100 מ""ל",false,12,174.90,24.9857,true,1,518991
4850001032151,false,וודקה דובדבני קורלינ,,,וודקה דובדבני קורלינה 750 מל,מיליליטרים,750.00,"100 מ""ל",false,1,119.90,15.9867,true,1,516875
4850001032540,false,קונפיטורת תאנים 600,,,קונפיטורת תאנים 600 גר,גרמים,600.00,100 גרם,false,1,25.90,4.3167,true,1,509010
4850001032595,false,ריבת אגוזי מלך ירוקי,,,ריבת אגוזי מלך ירוקים 600 גר,גרמים,600.00,100 גרם,false,1,25.90,4.3167,true,1,499026
4850001035190,false,עלי גפן במי מלח 700,,,עלי גפן במי מלח 700 גר,גרמים,700.00,100 גרם,false,1,16.90,2.4143,true,1,499030
4850001035268,false,ריבת חבוש 600 גר,,,ריבת חבוש 600 גר,גרמים,600.00,100 גרם,false,1,25.90,4.3167,true,1,499028
4850001035275,false,ריבת דובדבני קורנילה,,,ריבת דובדבני קורנילה קיזיל 600 גר,גרמים,600.00,100 גרם,false,1,25.90,4.3167,true,1,503222
4850001035381,false,ריבת עלי ורדים 600 ג,,,ריבת עלי ורדים 600 גר,גרמים,600.00,100 גרם,false,1,25.90,4.3167,true,1,499029
4850001035602,false,ריבת דובדבן חמוץ 600,,,ריבת דובדבן חמוץ 600 גר,גרמים,600.00,100 גרם,false,1,25.90,4.3167,true,1,503221
4850001035619,false,ריבת פרי עץ תות 600,,,ריבת פרי עץ תות 600 גר,גרמים,600.00,100 גרם,false,1,25.90,4.3167,true,1,499027
4850001035718,false,ריבת דובדבנים לבנים,,,ריבת דובדבנים לבנים 600 גר,גרמים,600.00,100 גרם,false,1,25.90,4.3167,true,1,503220
4850001037668,false,ריבת שזיפי בר 600 גר,,,ריבת שזיפי בר 600 גר,גרמים,600.00,100 גרם,false,8,25.90,4.3167,true,1,515550
4850001110033,false,נקטר סיס תפוחים 1.6,,,"נקטר ""סיס"" תפוחים 1.6 ל",ליטרים,1.60,ליטר,false,1,18.90,11.8125,true,1,494479
4850001110064,false,נקטר סיס דומדמניות ש,,,"נקטר ""סיס"" דומדמניות שחורות 1.6 ל",ליטרים,1.60,ליטר,false,1,18.90,11.8125,true,1,494486
4850001110415,false,נקטר סיס דובדבנים 1.,,,"נקטר ""סיס"" דובדבנים 1.6 ל",ליטרים,1.60,ליטר,false,1,18.90,11.8125,true,1,494478
4850001110439,false,ממרח חצילים יאן 470,,,"ממרח חצילים ""יאן"" 470 גר",גרמים,470.00,100 גרם,false,1,15.90,3.3830,true,1,492445
4850001110606,false,נקטר סיס רימונים 1.6,,,"נקטר ""סיס"" רימונים 1.6 ל",ליטרים,1.60,ליטר,false,1,18.90,11.8125,true,1,494477
4850001111016,false,מיץ יאן תפוזים טבעי,,,"מיץ ""יאן"" תפוזים טבעי 930 מ""ל",מיליליטרים,930.00,"100 מ""ל",false,1,18.90,2.0323,true,1,492426
4850001111030,false,מיץ יאן אננס טבעי 93,,,"מיץ ""יאן"" אננס טבעי 930 מ""ל",מיליליטרים,930.00,"100 מ""ל",false,1,18.90,2.0323,true,1,492431
4850001111061,false,מיץ יאן אפרסק טבעי 9,,,"מיץ ""יאן"" אפרסק טבעי 930 מ""ל",מיליליטרים,930.00,"100 מ""ל",false,1,18.90,2.0323,true,1,492425
4850001111092,false,מיץ יאן פקעות ורדים,,,"מיץ ""יאן"" פקעות ורדים 930 מ""ל",מיליליטרים,930.00,"100 מ""ל",false,1,18.90,2.0323,true,1,492430
4850001111153,false,מיץ יאן דובדבן 930 מ,,,"מיץ ""יאן"" דובדבן 930 מ""ל",מיליליטרים,930.00,"100 מ""ל",false,1,18.90,2.0323,true,1,492429
4850001111498,false,מיץ יאן מנגו טבעי 93,,,"מיץ ""יאן"" מנגו טבעי 930 מ""ל",מיליליטרים,930.00,"100 מ""ל",false,1,18.90,2.0323,true,1,492432
4850001111511,false,מיץ יאן עגבניות טבעי,,,"מיץ ""יאן"" עגבניות טבעי 930 מ""ל",מיליליטרים,930.00,"100 מ""ל",false,1,18.90,2.0323,true,1,492428
4850001111603,false,משקה כהלי רימונים וי,,,"משקה כהלי רימונים ויניאן 750 מ""ל",מיליליטרים,750.00,"100 מ""ל",false,1,34.90,4.6533,true,1,493116
4850001113874,false,קונפיטורה יאן דובדבנ,,,קונפיטורה יאן דובדבנים לבנים 567 גר,גרמים,567.00,100 גרם,false,1,19.90,3.5097,true,1,501087
4850001113881,false,קונפיטורה יאן מורן 5,,,קונפיטורה יאן מורן 567 גר,גרמים,567.00,100 גרם,false,1,19.90,3.5097,true,1,501085
4850001114482,false,קונפיטורה יאן תאנים,,,קונפיטורה יאן תאנים 567 גר,גרמים,567.00,100 גרם,false,1,19.90,3.5097,true,1,501086
4850001114949,false,נקטר סיס עגבניות 1.6,,,"נקטר ""סיס"" עגבניות 1.6 ל",ליטרים,1.60,ליטר,false,1,18.90,11.8125,true,1,494488
4850001115151,false,סלט יאן אימם באלדי 4,,,"סלט ""יאן"" אימם באלדי 485 גר",גרמים,485.00,100 גרם,false,1,15.90,3.2784,true,1,492442
4850001115212,false,משקה כהלי דובדבנים ו,,,"משקה כהלי דובדבנים ויניאן 750 מ""ל",מיליליטרים,750.00,"100 מ""ל",false,1,34.90,4.6533,true,1,502609
4850001116424,false,מיץ יאן בננה טבעי 93,,,"מיץ ""יאן"" בננה טבעי 930 מ""ל",מיליליטרים,930.00,"100 מ""ל",false,1,18.90,2.0323,true,1,502643
4850001117773,false,ממרח קישואים יאן 470,,,ממרח קישואים יאן 470 גר,גרמים,470.00,100 גרם,false,1,15.90,3.3830,true,1,512645
4850001118954,false,משקה כהלי פטל אדום 7,,,משקה כהלי פטל אדום 750 מל,מיליליטרים,750.00,"100 מ""ל",false,1,34.90,4.6533,true,1,515793
4850001396604,false,רחת לוקום בטעם ורדים,,,רחת לוקום בטעם ורדים גויקו 250 גר,גרמים,250.00,100 גרם,false,1,7.90,3.1600,true,1,527570
4850001921646,false,ברנדי לגנד ארמני 5 ש,,,"ברנדי לגנד ארמני 5 שנים 500 מ""ל",מיליליטרים,500.00,"100 מ""ל",false,1,69.90,13.9800,true,1,493115
4850001921660,false,ברנדי לגנד ארמניה 7,,,"ברנדי לגנד ארמניה 7 שנים 500 מ""ל",מיליליטרים,500.00,"100 מ""ל",false,1,84.90,16.9800,true,1,496076
4850001925651,false,משקה כוהלי על בסיס ב,,,משקה כוהלי על בסיס ברנדי בטעם קפה 500 מל,מיליליטרים,500.00,"100 מ""ל",false,12,69.90,13.9800,true,1,522693
4850004380037,false,שוקולד מריר 72% 90 ג,,,שוקולד מריר 72% 90 גר,גרמים,90.00,100 גרם,false,1,9.90,11.0000,true,1,527760
4850004380945,false,מבחר ממתקים מירז בלו,,,מבחר ממתקים מירז בלו 320 גר,גרמים,320.00,100 גרם,false,1,48.90,15.2812,true,1,527747
4850004381157,false,מבחר ממתקי שוקולד לא,,,מבחר ממתקי שוקולד לאונז 210 גר,גרמים,210.00,100 גרם,false,1,29.90,14.2381,true,1,527743
4850004381546,false,שוקולד מריר 82% 90 ג,,,שוקולד מריר 82% 90 גר,גרמים,90.00,100 גרם,false,1,9.90,11.0000,true,1,527761
4850004381973,false,מבחר ממתקי שוקולד ממ,,,מבחר ממתקי שוקולד ממולאים אבנגרד 280 גר,גרמים,280.00,100 גרם,false,1,48.90,17.4643,true,1,527741
4850004382161,false,מבחר ממתקי שוקולד ממ,,,מבחר ממתקי שוקולד ממולאים אבנגרד 410 גר,גרמים,410.00,100 גרם,false,1,69.90,17.0488,true,1,527742
4850004382369,false,מבחר ממתקי שוקולד לא,,,מבחר ממתקי שוקולד לאונז 410 גר,גרמים,410.00,100 גרם,false,1,69.90,17.0488,true,1,527745
4850004382390,false,מבחר ממתקי שוקולד לא,,,מבחר ממתקי שוקולד לאונז 280 גר,גרמים,280.00,100 גרם,false,1,48.90,17.4643,true,1,527744
4850004382482,false,שוקולד מריר 82% ושוק,,,שוקולד מריר 82% ושוקולד חלב 90 גר,גרמים,90.00,100 גרם,false,1,9.90,11.0000,true,1,527762
4850004383250,false,מבחר ממתקים מירז אדו,,,מבחר ממתקים מירז אדום 320 גר,גרמים,320.00,100 גרם,false,1,48.90,15.2812,true,1,527748
4850004383489,false,אסורטי פירות יבשים ע,,,אסורטי פירות יבשים עם אגוזי מלך ושקד 300,גרמים,300.00,100 גרם,false,1,64.90,21.6333,true,1,527756
4850006190504,false,חטיף מקלות תירס אפצה,ADUGS,,חטיף מקלות תירס אפצה קלאסי 85 גר,גרמים,85.00,100 גרם,false,1,6.90,8.1176,true,1,525973
4850006190511,false,חטיף מקלות תירס אפצה,ADUGS,,חטיף מקלות תירס אפצה חלב מרוכז 85 גר,גרמים,85.00,100 גרם,false,1,6.90,8.1176,true,1,525974
4850006190528,false,חטיף מקלות תירס אפצה,ADUGS,,חטיף מקלות תירס אפצה בטעם תות שדה 85 גר,גרמים,85.00,100 גרם,false,1,6.90,8.1176,true,1,525976
4850006190535,false,חטיף מקלות תירס אפצה,ADUGS,,חטיף מקלות תירס אפצה בטעם אננס 85 גר,גרמים,85.00,100 גרם,false,1,6.90,8.1176,true,1,525975
4850006190665,false,חטיף ציפס אפצה בטעם,ADUGS,,חטיף ציפס אפצה בטעם שמנת בצל כריות 40 גר,גרמים,40.00,100 גרם,false,1,4.90,12.2500,true,1,525969
4850006190764,false,חטיף ציפס אפצה בטעם,ADUGS,,חטיף ציפס אפצה בטעם גבינה 40 גר,גרמים,40.00,100 גרם,false,1,4.90,12.2500,true,1,525967
4850006190788,false,חטיף ציפס אפצה בטעם,ADUGS,,חטיף ציפס אפצה בטעם ברביקיו מקלות 40 גר,גרמים,40.00,100 גרם,false,1,4.90,12.2500,true,1,525966
4850006190825,false,חטיף ציפס אפצה בטעם,ADUGS,,חטיף ציפס אפצה בטעם פפריקה מקלות 40 גר,גרמים,40.00,100 גרם,false,1,4.90,12.2500,true,1,525965
4850006190993,false,חטיף מקלות תירס אפצה,ADUGS,,חטיף מקלות תירס אפצה גדולים 300 גר,גרמים,300.00,100 גרם,false,1,18.90,6.3000,true,1,525972
4850008150728,false,שכר רימונים מתוק 750,ארמניה ויין פקטורי,,"שכר רימונים מתוק 750 מ""ל",מיליליטרים,750.00,"100 מ""ל",false,1,39.90,5.3200,true,1,481439
4850008150995,false,שכר רימונים חצי מתוק,ארמניה ויין פקטורי,,"שכר רימונים חצי מתוק 750 מ""ל",מיליליטרים,750.00,"100 מ""ל",false,1,39.90,5.3200,true,1,481440
4850008151886,false,ברנדי גרנד ירבן 7 שנ,ארמניה ויין פקטורי,,"ברנדי גרנד ירבן 7 שנים 500 מ""ל",מיליליטרים,500.00,"100 מ""ל",false,1,89.90,17.9800,true,1,484482
4850010651510,false,ברנדי שכנזריאן חרב 2,,,ברנדי שכנזריאן חרב 250 מל,מיליליטרים,250.00,"100 מ""ל",false,1,59.90,23.9600,true,1,527565
4850011110528,false,קונפיטורה תמרה תות ש,תמרה פירות,,קונפיטורה תמרה תות שדה 400 גר,גרמים,400.00,100 גרם,false,1,21.90,5.4750,true,1,496240
4850011110818,false,קונפיטורה תמרה דובדב,תמרה פירות,,קונפיטורה תמרה דובדבן 400 גר,גרמים,400.00,100 גרם,false,1,22.90,5.7250,true,1,496237
4850011110832,false,קונפיטורה תמרה פטל 4,תמרה פירות,,קונפיטורה תמרה פטל 400 גר,גרמים,400.00,100 גרם,false,1,24.90,6.2250,true,1,496236
4850011110849,false,קונפיטורה תמרה אפרסק,תמרה פירות,,קונפיטורה תמרה אפרסק 400 גר,גרמים,400.00,100 גרם,false,1,21.90,5.4750,true,1,496241
4850011110856,false,קונפיטורה תמרה דובדב,תמרה פירות,,קונפיטורה תמרה דובדבון לבן 400 גר,גרמים,400.00,100 גרם,false,1,22.90,5.7250,true,1,496234
4850011110870,false,קונפיטורה תמרה תאנים,תמרה פירות,,קונפיטורה תמרה תאנים 400 גר,גרמים,400.00,100 גרם,false,1,21.90,5.4750,true,1,496239
4850011110887,false,קונפיטורה תמרה אגוז,תמרה פירות,,קונפיטורה תמרה אגוז מלך 400 גר,גרמים,400.00,100 גרם,false,1,22.90,5.7250,true,1,496235
4850011110924,false,קונפיטורה תמרה עלי ש,תמרה פירות,,קונפיטורה תמרה עלי שושנים 400 גר,גרמים,400.00,100 גרם,false,1,21.90,5.4750,true,1,496243
4850011110931,false,קונפיטורה תמרה קיזיל,תמרה פירות,,קונפיטורה תמרה קיזיל 400 גר,גרמים,400.00,100 גרם,false,1,21.90,5.4750,true,1,496238
4850011111297,false,קונפיטורה תמרה תות ש,תמרה פירות,,קונפיטורה תמרה תות שחור 400 גר,גרמים,400.00,100 גרם,false,1,21.90,5.4750,true,1,496244
4850011111587,true,עלי גפן טאמארה 720 ג,,,עלי גפן טאמארה 720 גר,גרמים,720.00,100 גרם,false,1,21.90,3.0417,true,1,496569
4850011113185,false,קונפיטורה תמרה דובדב,,,קונפיטורה תמרה דובדבן לבן 900 גר,גרמים,900.00,100 גרם,false,1,35.90,3.9889,true,1,522758
4850011113390,false,קונפיטורה תמרה דובדב,,,קונפיטורה תמרה דובדבן קורנילה 900 גר,גרמים,900.00,100 גרם,false,1,35.90,3.9889,true,1,506206
4850011113406,false,קונפיטורה תמרה תות ש,,,קונפיטורה תמרה תות שדה 900 גר,גרמים,900.00,100 גרם,false,1,35.90,3.9889,true,1,522759
4850011113901,false,קונפיטורה תמרה פטל 9,,,קונפיטורה תמרה פטל 900 גר,גרמים,900.00,100 גרם,false,1,39.90,4.4333,true,1,506207
4850011113918,false,קונפיטורה תמרה דובדב,,,קונפיטורה תמרה דובדבנים 900 גר,גרמים,900.00,100 גרם,false,1,35.90,3.9889,true,1,506208
4850016340036,false,דג חדקן במיץ טבעי 24,או או או אקו פוד,,דג חדקן במיץ טבעי 240 גר,גרמים,240.00,100 גרם,false,1,32.90,13.7083,true,1,486403
4850016340135,false,מרק דגים חדקן רואילי,או או או אקו פוד,,מרק דגים חדקן רואילי 530 גר,גרמים,530.00,100 גרם,false,1,17.90,3.3774,true,1,486402
4850016340340,false,מרק גולש דג חדקן עם,או או או אקו פוד,,מרק גולש דג חדקן עם שמפיניון 530 גר,גרמים,530.00,100 גרם,false,1,24.90,4.6981,true,1,488554
4850016340371,false,דג בלוגה במיץ טבעי 2,,,דג בלוגה במיץ טבעי 240 גר,גרמים,240.00,100 גרם,false,1,34.90,14.5417,true,1,490653
4850017000557,false,עגבניות מוחמצות ארטפ,,,עגבניות מוחמצות ארטפוד 980 גר,גרמים,980.00,100 גרם,false,1,19.90,2.0306,true,1,528852
4850017002452,false,סלט סתיו ארטפוד 950,,,סלט סתיו ארטפוד 950 גר,גרמים,950.00,100 גרם,false,1,19.90,2.0947,true,1,528851
4850017006849,false,מיץ אמרה משמש ותפוע,LAIMA,,מיץ אמרה משמש ותפוע 750 מל,מיליליטרים,750.00,"100 מ""ל",false,1,15.90,2.1200,true,1,528282
4850017006863,false,מיץ אמרה תפוע 750 מל,LAIMA,,מיץ אמרה תפוע 750 מל,מיליליטרים,750.00,"100 מ""ל",false,1,15.90,2.1200,true,1,528283
4850017006870,false,מיץ אמרה עגבניות 750,LAIMA,,מיץ אמרה עגבניות 750 מל,מיליליטרים,750.00,"100 מ""ל",false,1,15.90,2.1200,true,1,528284
4850017007297,false,דפי ענבים משומרים אר,,,דפי ענבים משומרים ארטפוד 780 גר,גרמים,780.00,100 גרם,false,1,19.90,2.5513,true,1,528850
4850017007303,false,מיץ אמרה דובדבן ותפו,LAIMA,,מיץ אמרה דובדבן ותפוע 750 מל,מיליליטרים,750.00,"100 מ""ל",false,1,15.90,2.1200,true,1,528281
4850022432046,false,דרזה שוקולד מריר 150,,,דרזה שוקולד מריר 150 גר,גרמים,150.00,100 גרם,false,20,8.90,5.9333,true,1,505990
4850022432695,false,דרזה שוקולד בוטנים 1,,,דרזה שוקולד בוטנים 150 גר,גרמים,150.00,100 גרם,false,20,8.90,5.9333,true,1,518686
4850023112008,false,ברנדי סטארי ירבאן אר,ארמווין,,"ברנדי סטארי ירבאן ארמני 500 מ""ל",מיליליטרים,500.00,"100 מ""ל",false,1,49.90,9.9800,true,1,484615
4850023112015,false,ברנדי מארוצני ארמני,ארמווין,,"ברנדי מארוצני ארמני 7 שנים 500 מ""ל",מיליליטרים,500.00,"100 מ""ל",false,1,59.90,11.9800,true,1,484616
4860001120239,false,משקה בטעם אגס 1 ל,,,משקה בטעם אגס 1 ל,ליטרים,1.00,ליטר,false,1,10.90,10.9000,true,1,507629
4860001120253,false,משקה בטעם טרחון 1 ל,,,משקה בטעם טרחון 1 ל,ליטרים,1.00,ליטר,false,1,10.90,10.9000,true,1,507627
4860001120437,false,משקה אגסים זכוכית 50,,,"משקה אגסים זכוכית 500 מ""ל",מיליליטרים,500.00,"100 מ""ל",false,1,7.90,1.5800,true,1,507625
4860001120451,false,משקה טרחון זכוכית 50,,,"משקה טרחון זכוכית 500 מ""ל",מיליליטרים,500.00,"100 מ""ל",false,1,7.90,1.5800,true,1,507626
4860001590124,false,מים מינרליים מוגזים,,,מים מינרליים מוגזים סאיירמה 500 מל,מיליליטרים,500.00,"100 מ""ל",false,1,6.90,1.3800,true,1,524805
4860001590162,false,מים מינרליים מוגזים,,,מים מינרליים מוגזים סאיירמה 1 ל,ליטרים,1.00,ליטר,false,1,7.90,7.9000,true,1,524804
4860004070173,false,יין גרוזיני אלזאני א,GWS,,יין גרוזיני אלזאני אדום 750מל,מיליליטרים,750.00,"100 מ""ל",false,1,35.90,4.7867,true,1,473724
4860004073082,false,יין גרוזיני ספראבי 7,GWS,,יין גרוזיני ספראבי 750מל,מיליליטרים,750.00,"100 מ""ל",false,1,35.90,4.7867,true,1,473722
4860004073105,false,יין גרוזיני קינזמראו,GWS,,יין גרוזיני קינזמראולי 750מל,מיליליטרים,750.00,"100 מ""ל",false,1,35.90,4.7867,true,1,473723
4860004651181,false,בירה ארגו כהה 500 מל,,GE,בירה ארגו כהה 500 מל,מיליליטרים,500.00,"100 מ""ל",false,20,8.90,1.7800,true,1,522584
4860004652706,false,בירה ארגו לבן 500 מל,,GE,בירה ארגו לבן 500 מל,מיליליטרים,500.00,"100 מ""ל",false,20,8.90,1.7800,true,1,522585
4860008660011,false,יין סאפרבי 750 מל,KVARELI CELLAR,,"יין סאפרבי 750 מ""ל",מיליליטרים,750.00,"100 מ""ל",false,1,49.80,6.6400,true,1,482680
4860008660196,false,יין קינזמראולי אדום,KVARELI CELLAR,,"יין קינזמראולי אדום 750 מ""ל",מיליליטרים,750.00,"100 מ""ל",false,1,32.90,4.3867,true,1,482674
4860008660202,false,יין חבנצקרה אדום חצי,KVARELI CELLAR,,"יין חבנצקרה אדום חצי מתוק 750 מ""ל",מיליליטרים,750.00,"100 מ""ל",false,1,32.90,4.3867,true,1,482675
4860008660479,false,יין סאפרבי אדום יבש,KVARELI CELLAR,,"יין סאפרבי אדום יבש 750 מ""ל",מיליליטרים,750.00,"100 מ""ל",false,1,32.90,4.3867,true,1,482677
4860008660486,false,יין מוקוזני אדום יבש,KVARELI CELLAR,,"יין מוקוזני אדום יבש 750 מ""ל",מיליליטרים,750.00,"100 מ""ל",false,1,32.90,4.3867,true,1,482678
4860008660554,false,יין אלזניסויל לבן חצ,KVARELI CELLAR,,"יין אלזניסויל לבן חצי מתוק 750 מ""ל",מיליליטרים,750.00,"100 מ""ל",false,1,32.90,4.3867,true,1,482676
4860008660578,false,יין מוקוזני 750 מל,,,"יין מוקוזני 750 מ""ל",מיליליטרים,750.00,"100 מ""ל",false,1,49.80,6.6400,true,1,492201
4860008660592,false,יין פרוסמני 750 מל,KVARELI CELLAR,,יין פרוסמני 750 מל,מיליליטרים,750.00,"100 מ""ל",false,1,49.80,6.6400,true,1,526390
4860008660974,false,יין אחאשני אדום מתוק,KVARELI CELLAR,GE,"יין אחאשני אדום מתוק 750 מ""ל",מיליליטרים,750.00,"100 מ""ל",false,12,32.90,4.3867,true,1,510277
4860008662183,false,יין פירוסמני אדום חצ,,,"יין פירוסמני אדום חצי יבש 750 מ""ל",מיליליטרים,750.00,"100 מ""ל",false,1,32.90,4.3867,true,1,489309
4860008662251,false,יין קינדזמראולי אדום,,,"יין קינדזמראולי אדום חצי מתוק 750 מ""ל",מיליליטרים,750.00,"100 מ""ל",false,1,39.90,5.3200,true,1,498632
4860008662268,false,יין עמק אלזאני אדום,,,"יין עמק אלזאני אדום חצי מתוק 750 מ""ל",מיליליטרים,750.00,"100 מ""ל",false,1,39.90,5.3200,true,1,498631
4860008662275,false,יין עמק אלזאני לבן ח,,,"יין עמק אלזאני לבן חצי מתוק 750 מ""ל",מיליליטרים,750.00,"100 מ""ל",false,1,39.90,5.3200,true,1,500673
4860008662299,false,יין מוקוזני אדום יבש,,,"יין מוקוזני אדום יבש 750 מ""ל",מיליליטרים,750.00,"100 מ""ל",false,1,39.90,5.3200,true,1,498635
4860008662305,false,יין סאפירבי אדום חצי,,,"יין סאפירבי אדום חצי יבש 750 מ""ל",מיליליטרים,750.00,"100 מ""ל",false,1,39.90,5.3200,true,1,498634
4860008662312,false,יין פירוסמני אדום חצ,,,"יין פירוסמני אדום חצי יבש 750 מ""ל",מיליליטרים,750.00,"100 מ""ל",false,1,39.90,5.3200,true,1,498633
4860008662336,false,יין חוונצקרה אדום חצ,,,"יין חוונצקרה אדום חצי מתוק 750 מ""ל",מיליליטרים,750.00,"100 מ""ל",false,1,39.90,5.3200,true,1,498630
4860008663340,false,יין ספירבי רוזה 750,,,יין ספירבי רוזה 750 מל,מיליליטרים,750.00,"100 מ""ל",false,1,39.90,5.3200,true,1,517114
4860009000014,false,מיץ רימונים 100% סחוט ללא תוספת סוכר,Aromaproduct ltd,,מיץ רימונים גרוזיני,ליטרים,1.00,ליטר,false,1,18.90,18.9000,true,1,464591
4860009120170,false,נקטר רימונים קמפה 1,,,נקטר רימונים קמפה 1 ל,ליטרים,1.00,ליטר,false,1,11.90,11.9000,true,1,519433
4860009120187,false,נקטר דובדבנים קמפה 1,,,נקטר דובדבנים קמפה 1 ל,ליטרים,1.00,ליטר,false,1,11.90,11.9000,true,1,519434
4860009120194,false,מיץ תפוחי עץ 100% קמ,,,מיץ תפוחי עץ 100% קמפה 1 ל,ליטרים,1.00,ליטר,false,1,11.90,11.9000,true,1,519430
4860009120200,false,מיץ תפוזים 100% קמפה,,,מיץ תפוזים 100% קמפה 1 ל,ליטרים,1.00,ליטר,false,1,11.90,11.9000,true,1,519432
4860009120460,false,נקטר פירות טרופיים ק,,GE,נקטר פירות טרופיים קמפה 1 ל,ליטרים,1.00,ליטר,false,12,11.90,11.9000,true,1,521190
4860013080514,false,ברנדי אולד קאחטי 3 ש,,,ברנדי אולד קאחטי 3 שנים 500 מל,מיליליטרים,500.00,"100 מ""ל",false,12,54.90,10.9800,true,1,522750
4860013080521,false,ברנדי אולד קאחטי 4 ש,קחטיאן טרדיטיונל,,"ברנדי אולד קאחטי 4 שנים 500 מ""ל",מיליליטרים,500.00,"100 מ""ל",false,1,59.90,11.9800,true,1,482941
4860013080538,false,ברנדי אולד קאחטי 5 ש,קחטיאן טרדיטיונל,,"ברנדי אולד קאחטי 5 שנים 500 מ""ל",מיליליטרים,500.00,"100 מ""ל",false,1,64.90,12.9800,true,1,482942
4860013080682,false,ברנדי אולד קאחטי 10,,,ברנדי אולד קאחטי 10 שנים 500 מל,מיליליטרים,500.00,"100 מ""ל",false,1,84.90,16.9800,true,1,516540
4860018004416,false,ברנדי שרהגישוילי 3 כ,,,"ברנדי שרהגישוילי 3 כוכבים 700 מ""ל",מיליליטרים,700.00,"100 מ""ל",false,1,99.90,14.2714,true,1,509473
4860018004478,false,ברנדי שרהגישוילי וי,,,"ברנדי שרהגישוילי וי אס 7 שנים 700 מ""ל",מיליליטרים,700.00,"100 מ""ל",false,1,119.90,17.1286,true,1,507608
4860019001346,false,מים מינרליים בורזומי,אי די אס בורגומי,,"מים מינרליים ""בורג""ו",מיליליטרים,500.00,"100 מ""ל",false,1,7.90,1.5800,true,1,464605
4860019001414,false,מים מינירליים בורגומ,אי.די.אס בורג'יומי,,מים מינירליים בורגומי 750מל,מיליליטרים,750.00,"100 מ""ל",false,1,8.50,1.1333,true,1,473719
4860019001421,false,מים מינירליים בורגומ,,,מים מינירליים בורגומי 750מל שישייה,מיליליטרים,750.00,"100 מ""ל",false,1,39.90,5.3200,true,1,473750
4860053011103,false,צאצא אסקנלי גולד 45%,"אחים אסקנלי בע""מ",RU,"צאצא אסקנלי גולד 45% 500 מ""ל",מיליליטרים,500.00,"100 מ""ל",false,12,59.90,11.9800,true,1,506095
4860053011110,false,צאצא אסקנלי פלטינום,"אחים אסקנלי בע""מ",RU,"צאצא אסקנלי פלטינום 45% 500 מ""ל",מיליליטרים,500.00,"100 מ""ל",false,12,59.90,11.9800,true,1,506094
4860053011677,false,יין אסקנלי ספראבי מו,"אחים אסקנלי בע""מ",GE,יין אסקנלי ספראבי מוסקט אדום חצי מתוק,מיליליטרים,750.00,"100 מ""ל",false,1,49.90,6.6533,true,1,513072
4860053011998,false,ברנדי אסקנלי 8 כוכבי,סקיני ברנדס,GE,"ברנדי אסקנלי 8 כוכבים 500 מ""ל",מיליליטרים,500.00,"100 מ""ל",false,12,69.90,13.9800,true,1,510267
4860053012780,false,ברנדי אסקנלי 500 מל,,,ברנדי אסקנלי VS,מיליליטרים,500.00,"100 מ""ל",false,1,69.90,13.9800,true,1,507498
4860053012797,false,ברנדי אסקנלי 500 מל,,,ברנדי אסקנלי VSOP,מיליליטרים,500.00,"100 מ""ל",false,1,79.90,15.9800,true,1,507499
4860065010026,false,יין מוקוזאני מגאורגי,תליאני וולי,,יין מוקוזאני מגאורגיה 750 מל,מיליליטרים,750.00,"100 מ""ל",false,6,44.90,5.9867,true,1,512187
4860065010040,false,יין ספראבי אדום יבש,תליאני וולי,GE,יין ספראבי אדום יבש 750 מל,מיליליטרים,750.00,"100 מ""ל",false,6,44.90,5.9867,true,1,516523
4860065010057,false,יין חבנצקרה אדום חצי,,,יין חבנצקרה אדום חצי מתוק 750 מל,מיליליטרים,750.00,"100 מ""ל",false,6,89.90,11.9867,true,1,516210
4860065010088,false,יין אחאשני אדום מגאו,תליאני וולי,,יין אחאשני אדום מגאורגיה 750 מל,מיליליטרים,750.00,"100 מ""ל",false,6,44.90,5.9867,true,1,512188
4860065010101,false,יין ציננדלי לבן יבש,,,יין ציננדלי לבן יבש מגאורגיה,Unknown,0.00,Unknown,false,1,44.90,0.0000,true,1,518206
4860065010163,false,יין פירוסמאני אדום ח,תליאני וולי,GE,יין פירוסמאני אדום חצי יבש 750 מל,מיליליטרים,750.00,"100 מ""ל",false,6,44.90,5.9867,true,1,516524
4860065010293,false,יין לבן חצי מתוק תבי,,,יין לבן חצי מתוק תבישי 750 מל,מיליליטרים,750.00,"100 מ""ל",false,6,44.90,5.9867,true,1,516226
4860065013164,false,יין מבעבע חצי יבש עמ,,,יין מבעבע חצי יבש עמק תליאני 750 מל,מיליליטרים,750.00,"100 מ""ל",false,1,39.90,5.3200,true,1,518755
4860065013195,false,יין מבעבע חצי ברוט ע,,,יין מבעבע חצי ברוט עמק תליאני 750 מל,מיליליטרים,750.00,"100 מ""ל",false,1,39.90,5.3200,true,1,518756
4860065013324,false,צאצא סילבר גאורגית 5,,,צאצא סילבר גאורגית 500 מל,מיליליטרים,500.00,"100 מ""ל",false,1,84.90,16.9800,true,1,517010
4860065013775,false,צאצא גולד גאורגית 50,,,צאצא גולד גאורגית 500 מל,מיליליטרים,500.00,"100 מ""ל",false,1,84.90,16.9800,true,1,520577
4860065014093,false,יין מבעבע חצי מתוק ע,,,יין מבעבע חצי מתוק עמק תליאני 750 מל,מיליליטרים,750.00,"100 מ""ל",false,1,39.90,5.3200,true,1,518754
4860065014284,false,יין קיסי מצבאנה מגאו,תליאני וולי,,יין קיסי מצבאנה מגאורגיה 750 מל,מיליליטרים,750.00,"100 מ""ל",false,6,44.90,5.9867,true,1,512189
4860065016165,false,יין מבעבע רוזה מוסקט,,GE,יין מבעבע רוזה מוסקט תליאני 750 מל,מיליליטרים,750.00,"100 מ""ל",false,6,39.90,5.3200,true,1,522636
4860065016189,false,יין חיחווי לבן יבש 7,,,יין חיחווי לבן יבש 750 מל,מיליליטרים,750.00,"100 מ""ל",false,1,64.90,8.6533,true,1,526833
4860065016219,false,יין קידזמראולי אדום,,,יין קידזמראולי אדום 750 מל,מיליליטרים,750.00,"100 מ""ל",false,1,64.90,8.6533,true,1,526830
4860099000970,false,יין מוקוזני אדום יבש,,,"יין מוקוזני אדום יבש 750 מ""ל",מיליליטרים,750.00,"100 מ""ל",false,1,39.80,5.3067,true,1,484476
4860099000987,false,יין קינדזמראולי אדום,,,"יין קינדזמראולי אדום חצי מתוק 750 מ""ל",מיליליטרים,750.00,"100 מ""ל",false,1,39.80,5.3067,true,1,484477
4860102000157,false,גונגולי צלפים בסגנון,,,גונגולי צלפים בסגנון גאורגי 560 גר,גרמים,560.00,100 גרם,false,1,24.90,4.4464,true,1,520238
4860102000164,false,פלפל כבוש מומלח 540,,GE,פלפל כבוש מומלח 540 גר,גרמים,540.00,100 גרם,false,6,24.90,4.6111,true,1,522595
4860102000171,false,שום לבן גאורגי כבוש,,,שום לבן גאורגי כבוש 570 גר,גרמים,570.00,100 גרם,false,1,24.90,4.3684,true,1,520237
4860102000195,false,סלט גמבה גאורגי 580,,,סלט גמבה גאורגי 580 גר,גרמים,580.00,100 גרם,false,1,24.90,4.2931,true,1,520236
4860102000249,false,לוביו שעועית בסגנון,,,לוביו שעועית בסגנון גאורגי 570 גר,גרמים,570.00,100 גרם,false,1,24.90,4.3684,true,1,520235
4860102000515,false,אדגיקה סחוג אבחזי 12,,GE,אדגיקה סחוג אבחזי 120 גר,גרמים,120.00,100 גרם,false,12,9.90,8.2500,true,1,522594
4860102000522,false,רוטב טקמלי אדום גאור,,,רוטב טקמלי אדום גאורגי 270 גר,גרמים,270.00,100 גרם,false,1,9.90,3.6667,true,1,520233
4860102000539,false,רוטב טקמלי צהוב גאור,,,רוטב טקמלי צהוב גאורגי 270 גר,גרמים,270.00,100 גרם,false,1,9.90,3.6667,true,1,520232
4860102000553,false,רוטב סצבלי קלאסיק 27,,GE,רוטב סצבלי קלאסיק 270 גר,גרמים,270.00,100 גרם,false,6,9.90,3.6667,true,1,522592
4860102001017,false,רוטב טקמלי ירוק גאור,,,רוטב טקמלי ירוק גאורגי 270 גר,גרמים,270.00,100 גרם,false,1,9.90,3.6667,true,1,520231
4860102001154,false,רוטב רימונים ללא תוס,,,רוטב רימונים ללא תוספת סוכר 350 גר,גרמים,350.00,100 גרם,false,1,27.90,7.9714,true,1,520234
4860102001161,false,מלח סוונטי פיקנטי 17,,,מלח סוונטי פיקנטי 170 גר,גרמים,170.00,100 גרם,false,1,14.90,8.7647,true,1,520242
4860102001192,false,תבלין סציבי לעוף 108,,GE,תבלין סציבי לעוף 108 גר,גרמים,108.00,100 גרם,false,12,14.90,13.7963,true,1,522597
4860102001208,false,תערובת תבלינים חרצו,,GE,תערובת תבלינים חרצו 108 גר,גרמים,108.00,100 גרם,false,12,14.90,13.7963,true,1,522598
4860102001314,false,תבלין חמלי סונלי גאו,,,תבלין חמלי סונלי גאורגי 108 גר,גרמים,108.00,100 גרם,false,1,14.90,13.7963,true,1,520239
4860102001321,false,תבלין אוצחו סונלי גא,,,תבלין אוצחו סונלי גאורגי 108 גר,גרמים,108.00,100 גרם,false,1,14.90,13.7963,true,1,520240
4860102001383,false,רוטב פטל שחור 270 גר,,GE,רוטב פטל שחור 270 גר,גרמים,270.00,100 גרם,false,6,9.90,3.6667,true,1,526392
4860102001468,false,ריבת פיגואה גאורגי 5,,,ריבת פיגואה גאורגי 500 גר,גרמים,500.00,100 גרם,false,1,21.90,4.3800,true,1,527563
4860102001475,false,ריבת שזיפים גאורגי 5,,,ריבת שזיפים גאורגי 540 גר,גרמים,540.00,100 גרם,false,1,21.90,4.0556,true,1,527562
4860102001567,false,ריבת משמש גאורגי 590,,,ריבת משמש גאורגי 590 גר,גרמים,590.00,100 גרם,false,1,21.90,3.7119,true,1,527560
4860102001581,false,פלפל חלפניו בשמן גאו,,GE,פלפל חלפניו בשמן גאורגי 570 גר,גרמים,570.00,100 גרם,false,6,24.90,4.3684,true,1,528192
4860108700150,true,רוטב שזיפי בר טקמלי,,,"רוטב שזיפי בר טקמלי ירוק 500 מ""ל",מיליליטרים,540.00,"100 מ""ל",false,12,13.90,2.5741,true,1,496561
4860108700174,true,רוטב שזיפי בר טקמלי,,,"רוטב שזיפי בר טקמלי אדום 500 מ""ל",מיליליטרים,540.00,"100 מ""ל",false,1,13.90,2.5741,true,1,496559
4860108700198,true,רוטב שזיפי בר טקמלי,,,"רוטב שזיפי בר טקמלי צהוב 500 מ""ל",מיליליטרים,540.00,"100 מ""ל",false,12,13.90,2.5741,true,1,496560
4860108700617,true,רוטב עגבניות חריף סא,,,"רוטב עגבניות חריף סאציבלי 540 מ""ל",מיליליטרים,540.00,"100 מ""ל",false,12,13.90,2.5741,true,1,505593
4860108700624,true,רוטב עגבניות סאציבלי,,,"רוטב עגבניות סאציבלי 540 מ""ל",מיליליטרים,540.00,"100 מ""ל",false,12,13.90,2.5741,true,1,505592
4860108710579,false,לפתן דובדבנים 100% 1,קחטיאן טרדיטיונל,,לפתן דובדבנים 100% 1 ל,ליטרים,1.00,ליטר,false,1,14.90,14.9000,true,1,496487
4860108710678,false,לפתן דובדבני קורלינה,קחטיאן טרדיטיונל,,לפתן דובדבני קורלינה 100% 1 ל,ליטרים,1.00,ליטר,false,6,14.90,14.9000,true,1,496488
4860108710708,false,לפתן שזיפים 100% 1 ל,קחטיאן טרדיטיונל,,לפתן שזיפים 100% 1 ל,ליטרים,1.00,ליטר,false,6,14.90,14.9000,true,1,493542
4860111650633,false,משקה קזבגי גזוז אגס,,,משקה קזבגי גזוז אגס 500 מל,מיליליטרים,500.00,"100 מ""ל",false,1,7.90,1.5800,true,1,526829
4860111650640,false,משקה קזבגי גזוז טרגו,,,משקה קזבגי גזוז טרגון 500 מל,מיליליטרים,500.00,"100 מ""ל",false,1,7.90,1.5800,true,1,526828
4860111650657,false,משקה קזבגי גזוז לימו,,,משקה קזבגי גזוז לימון 500 מל,מיליליטרים,500.00,"100 מ""ל",false,1,7.90,1.5800,true,1,526827
4860111650749,false,בירה קזבגי גאורגית 5,,,בירה קזבגי גאורגית 500 מל,מיליליטרים,500.00,"100 מ""ל",false,1,9.90,1.9800,true,1,526222
4860111650800,false,משקה קזבגי גזוז פיגו,,GE,משקה קזבגי גזוז פיגואה 500 מל,מיליליטרים,500.00,"100 מ""ל",false,20,7.90,1.5800,true,1,527812
4860111650824,false,משקה מוגז קזבגי אגס,,GE,משקה מוגז קזבגי אגס 1 ל,ליטרים,1.00,ליטר,false,6,10.90,10.9000,true,1,526717
4860111650831,false,משקה מוגז קזבגי טרגו,,GE,משקה מוגז קזבגי טרגון 1 ל,ליטרים,1.00,ליטר,false,1,10.90,10.9000,true,1,526716
4860111650848,false,משקה מוגז קזבגי קרם,,,משקה מוגז קזבגי קרם 1 ל,ליטרים,1.00,ליטר,false,1,10.90,10.9000,true,1,526218
4860111650855,false,משקה מוגז קזבגי פיגו,,,משקה מוגז קזבגי פיגואה 1 ל,ליטרים,1.00,ליטר,false,1,10.90,10.9000,true,1,526221
4860111650862,false,משקה מוגז קזבגי לימו,,,משקה מוגז קזבגי לימון 1 ל,ליטרים,1.00,ליטר,false,1,10.90,10.9000,true,1,526219
4860111650879,false,משקה מוגז קזבגי ענבי,,,משקה מוגז קזבגי ענבים 1 ל,ליטרים,1.00,ליטר,false,1,10.90,10.9000,true,1,526220
4865602000010,false,מים מינרלים נבגלבי 5,נבגלבי,,"מים ""נבגלוי"" 0.5 ליט",מיליליטרים,500.00,"100 מ""ל",false,1,6.90,1.3800,true,1,464615
4865602000027,false,מים מינרלים נבגלבי מ,נבגלבי,,מים מינרליים נבגלבי מוגז 1 ל,ליטרים,1.00,ליטר,false,1,6.90,6.9000,true,1,464616
4867106070018,false,יין גרוזיני חבנצקרה,אליאנס,,"יין גרוזיני חבנצקרה 700 מ""ל",מיליליטרים,700.00,"100 מ""ל",false,1,34.90,4.9857,true,1,483980
4867106070025,false,יין גרוזיני קינזמראו,אליאנס,,"יין גרוזיני קינזמראולי 700 מ""ל",מיליליטרים,700.00,"100 מ""ל",false,1,34.90,4.9857,true,1,483981
4867106070056,false,יין ספראבי 700 מל,אליאנס,,"יין ספראבי 700 מ""ל",מיליליטרים,700.00,"100 מ""ל",false,1,34.90,4.9857,true,1,485610
4867106070063,false,יין גרוזיני אלזני וו,אליאנס,,"יין גרוזיני אלזני וולי 700 מ""ל",מיליליטרים,700.00,"100 מ""ל",false,1,34.90,4.9857,true,1,483983
4870001220266,false,אטריות דקות לבשברמק,,,אטריות דקות לבשברמק 250 גר,גרמים,250.00,100 גרם,false,1,9.90,3.9600,true,1,528883
4870001222932,false,כופתאות פיסטוק 300 ג,,,כופתאות פיסטוק 300 גר,גרמים,300.00,100 גרם,false,1,8.90,2.9667,true,1,528887
4870001223854,false,אטריות מרק ארוכות בס,,,אטריות מרק ארוכות בסגנון ביתי 250 גר,גרמים,250.00,100 גרם,false,1,6.90,2.7600,true,1,528889
4870001224028,false,אטריות חיטה 250 גר,,,אטריות חיטה 250 גר,גרמים,250.00,100 גרם,false,1,6.90,2.7600,true,1,528888
4870002540394,false,צנימים עם גרעינים וז,,,צנימים עם גרעינים וזרעים בסגנון יווני,גרמים,100.00,100 גרם,false,1,6.90,6.9000,true,1,528874
4870059000032,false,כעכים 350 גר,,,כעכים 350 גר,גרמים,350.00,100 גרם,false,1,10.90,3.1143,true,1,528862
4870059000247,false,צנימים עם פרג 350 גר,,,צנימים עם פרג 350 גר,גרמים,350.00,100 גרם,false,1,13.90,3.9714,true,1,528858
4870059000278,false,צנימים בטעם וניל 350,,,צנימים בטעם וניל 350 גר,גרמים,350.00,100 גרם,false,1,13.90,3.9714,true,1,528856
4870059001152,false,כעכים בטעם חלב מרוכז,,,כעכים בטעם חלב מרוכז 350 גר,גרמים,350.00,100 גרם,false,1,12.90,3.6857,true,1,528863
4870059001169,false,כעכים ללא סוכר 300 ג,,,כעכים ללא סוכר 300 גר,גרמים,300.00,100 גרם,false,1,12.90,4.3000,true,1,528879
4870059003323,false,דובשניות על פרוקטוז,,,דובשניות על פרוקטוז 300 גר,גרמים,300.00,100 גרם,false,1,14.90,4.9667,true,1,528878
4870144021942,false,עוגיות עם סובין בטעם,,,עוגיות עם סובין בטעם וניל 175 גר,גרמים,175.00,100 גרם,false,1,4.90,2.8000,true,1,528899
4891130001199,false,רוטב צדפות 530 גר,Pun chun sauce & pre,,"רוטב צדפות 450 מ""ל",גרמים,530.00,100 גרם,false,1,24.90,4.6981,true,1,464648
4891130005111,false,רוטב הוייסן 360 גר,,,רוטב הוייסן 360 גר,גרמים,360.00,100 גרם,false,1,19.90,5.5278,true,1,514238
4891228430061,false,סכיני גילוח שיק אקזקטה 2 לנשים ורוד 10 יח',הנסיך- מפעל לייצור ט,CN,סכיני גילוח חד פעמי,Unknown,0.00,Unknown,false,1,24.90,0.0000,true,1,464657
4891228430085,false,שיק אקסטרים 3 קומפורט + רגיש 4 יחידות,אנרג'יזר Energizer,CN,סכיני גילוח חד פעמי,Unknown,0.00,Unknown,false,1,19.90,0.0000,true,1,464658
4891228430092,false,שיק אקסטרים 3 קומפורט +לנשים 4 יחידות,אנרג'יזר Energizer,CN,סכיני גילוח חד פעמי,Unknown,0.00,Unknown,false,1,19.90,0.0000,true,1,464659
4905846117478,false,ליקר צויה מיושן שנה,,JP,"ליקר צויה מיושן שנה 720 מ""ל",מיליליטרים,720.00,"100 מ""ל",false,1,79.90,11.0972,true,1,508459
4978094999219,false,מחית סויה לבנה 500 ג,Qingdao Sun-growing,,מחית סויה לבנה 500 גר,גרמים,500.00,100 גרם,false,1,18.90,3.7800,true,1,469320
4996445000117,false,אטריות סובה 300 גר,Qingdao Sun-growing,,אטריות סובה 300 גר,גרמים,300.00,100 גרם,false,1,9.90,3.3000,true,1,469114
5000111001007,false,"רוטב HP255 מ""ל",HP,,HP רוטב 255 מל,מיליליטרים,255.00,"100 מ""ל",false,1,13.90,5.4510,true,1,489037
5000111047364,false,רוטב HP ברביקיו דבש,היינץ,,רוטב HP ברביקיו דבש 465 גר,גרמים,465.00,100 גרם,false,1,14.90,3.2043,true,1,493953
5000111047371,false,רוטב ברביקיו קלאסי 465 ג',היינץ,,רוטב HP ברביקיו קלאסי 465 גר,גרמים,465.00,100 גרם,false,1,14.90,3.2043,true,1,493955
5000127533196,false,"קלוגס ווראייטי, 191 גרם",חברת קלוגס בריטניה,GB,קלוגס ווראייטי 191 גר,גרמים,191.00,100 גרם,false,12,22.90,11.9895,true,1,501939
5000146057710,false,ספריי רב שימושי לחלונות ומשטחים ווינדולין Windolene,רקיט בנקיזר,PL,"גלסקס חלונות 750 מ""ל",מיליליטרים,750.00,"100 מ""ל",false,1,9.90,1.3200,true,1,454572
5000157026071,false,שעועית היינץ 415 גר,,,שעועית היינץ 415 גר,גרמים,415.00,100 גרם,false,1,7.90,1.9036,true,1,517595
5000157075987,false,פיקלילי פיקל היינץ 3,,,פיקלילי פיקל היינץ 310 גר,גרמים,310.00,100 גרם,false,1,15.90,5.1290,true,1,517611
5000157143365,false,מתבל בטעם מיונז וקטשופ היינץ 425 ג',היינץ Heinz,PL,"מתבל בטעם מיונז וקטשופ היינץ 425 מ""ל",מיליליטרים,425.00,"100 מ""ל",false,1,14.90,3.5059,true,1,509672
5000157144324,false,מיונז עם כמהין היינץ,,,מיונז עם כמהין היינץ 220 גר,גרמים,220.00,100 גרם,false,1,27.90,12.6818,true,1,519262
5000159344074,false,מאגדת גלידה סניקרס 6,פלדמן,IL,גלידה סניקרס 48 גר שישייה,גרמים,288.00,100 גרם,false,12,24.90,8.6458,true,1,498581
5000159376655,false,סוכריות סקיטלס 38 גר פירות 38 גרם,ריגלי ממתקים,,"סוכריות ""סקיטלס"" פירות 38 גר",גרמים,38.00,100 גרם,false,1,2.90,7.6316,true,1,472397
5000159376792,false,סוכריות סקיטלס Skittles פירות חמוצים,ריגלי ממתקים,,"סוכריות ""סקיטלס"" חמוץ 38 גר",גרמים,38.00,100 גרם,false,1,2.90,7.6316,true,1,472398
5000159397292,false,גלידה מארס מאגדת 205.8 ג',פלדמן,IL,גלידה מרס 33 גר שישייה,גרמים,251.00,100 גרם,false,12,24.90,9.9203,true,1,498579
5000159407236,false,מרס חטיף שוקולד 51גר,מרס הולנד בי.וי.,NL,חטיף מרס 51 גר,גרמים,51.00,100 גרם,false,1,3.90,7.6471,true,1,454587
5000159459228,false,חטיף שוקולד טוויקס 50 ג',"נארז ע""י : א.ג. גילר",NL,חטיף טוויקס 50 גר,גרמים,50.00,100 גרם,false,1,3.90,7.8000,true,1,470938
5000159461412,false,מילקי וואי שישייה 129 גרם,,,מארז מילקי ווי חטיף נוגט וקרמל,Unknown,0.00,Unknown,false,1,9.90,0.0000,true,1,519980
5000159483063,false,גלידה באונטי שמנת שי,פלדמן,IL,שישיית גלידה באונטי 234 גר,גרמים,234.00,100 גרם,false,12,24.90,10.6410,true,1,499800
5000159484695,false,מאגדת גלידה טוויקס 6,פלדמן,IL,גלידה טוויקס 34.2 גר שישייה,גרמים,265.00,100 גרם,false,12,32.90,12.4151,true,1,498580
5000159515443,false,גלידה סניקרס אסקימו,,,גלידה סניקרס אסקימו עם קרמל 240 גר,גרמים,240.00,100 גרם,false,1,42.90,17.8750,true,1,526334
5000159516273,false,טבלת שוקולד אמ אנד אמס קריספי 150 ג',,,שוקולד אמ אנד אמס קריספי 150 גר,גרמים,150.00,100 גרם,false,1,18.90,12.6000,true,1,519384
5000159516297,false,טבלת שוקולד אמ אנד אמס אגוזים 165 ג',,,שוקולד אמ אנד אמס אגוזים 165 גר,גרמים,165.00,100 גרם,false,1,18.90,11.4545,true,1,519385
5000159536400,false,טוויקס מארז עשריה 99 קלוריות,,,טוויקס סטיקס 10 יח 200 גר,גרמים,200.00,100 גרם,false,1,15.90,7.9500,true,1,518875
5000159537537,false,טבלת שוקולד אמ אנד אמס קוקויז 165 ג',,,שוקולד אמ אנד אמס קוקיז 165 גר,גרמים,165.00,100 גרם,false,1,18.90,11.4545,true,1,519381
5000168199245,false,שוקולד חלב מעולה בתוספת קרמל מלוח פיור גודייבה 90 ג',"אולקר מקבוצת פלאדיס,",TR,שוקולד גודיבה חלב מעולה עם חתיכות קרמל,גרמים,90.00,100 גרם,false,10,14.90,16.5556,true,1,502627
5000175411118,false,קוביות אוקסו עוף 71,,,קוביות אוקסו עוף 71 גר,גרמים,71.00,100 גרם,false,1,16.90,23.8028,true,1,489058
5000175411187,false,קוביות אוקסו בקר 71,,,קוביות אוקסו בקר 71 גר,גרמים,71.00,100 גרם,false,1,16.90,23.8028,true,1,517567
5000184221241,false,ארומט דיספנסר 90 גר,,,ארומט דיספנסר 90 גר,גרמים,90.00,100 גרם,false,1,14.90,16.5556,true,1,517576
5000204048742,false,"קיווי לבישום נעלי ספורט 100 מ""ל",,,קיווי לבישום נעלי ספורט 100 מל,מיליליטרים,100.00,"100 מ""ל",false,1,17.90,17.9000,true,1,520322
5000204114898,false,"גלייד ארוסול בניחוח מרכך כביסה 300 מ""ל",אס.סי גונוסון,NL,גלייד ארוסול בניחוח מרכך כביסה,מיליליטרים,300.00,"100 מ""ל",false,1,8.90,2.9667,true,1,509758
5000204115048,false,"גלייד ארוסול בניחוח לבנדר 300 מ""ל","אס.סי ג'ונסון,מידרכט",NL,גלייד ארוסול בניחוח לבנדר 300 מל,מיליליטרים,300.00,"100 מ""ל",false,1,8.90,2.9667,true,1,509757
5000204133509,false,שקיות אחסון גדולות- 19 יח' זיפלוק,,,זיפלוק שקיות אחסון גדולות 19 יח,Unknown,0.00,Unknown,false,1,13.90,0.0000,true,1,515427
5000204182026,false,ג'ל בניחוח אודיסאה הכחולה גלייד 180 ג',,,גל גלייד ריחני בניחוח אודיסאה הכחולה 180,גרמים,180.00,100 גרם,false,1,15.90,8.8333,true,1,518650
5000204196894,false,"נוזל מילוי אקליפטוס 45 לילות 36 מ""ל רייד",,,מילוי נוזל רייד אקליפטוס 45 לילות 36 מל,מיליליטרים,36.00,"100 מ""ל",false,24,14.90,41.3889,true,1,518636
5000204657883,false,"קיווי מ. נעלים קופסא חום 50מ""ל",ג' אל ראיה בוגור ג'א,ID,משחה לצחצוח נעליים ח,גרמים,44.00,100 גרם,false,1,6.90,15.6818,true,1,471755
5000204657913,false,"קיווי משחת נעליים שחור קטן 50מ""ל",ג' אל ראיה בוגור,ID,משחה לצחצוח נעליים ש,Unknown,0.00,Unknown,false,1,6.90,0.0000,true,1,471754
5000213000359,false,"בירה גינס בקבוק 330 מ""ל",קרלסברג יבוא יצוא,,"בירה גינס 330 מ""ל בק",מיליליטרים,330.00,"100 מ""ל",false,1,13.90,4.2121,true,1,478685
5000213014905,false,בירה גינס פחית 440 מ,קרלסברג ישראל,IE,"בירה ""גינס"" פחית 440 מל",מיליליטרים,440.00,"100 מ""ל",false,1,14.90,3.3864,true,1,471345
5000267014203,false,ויסקי גוני ווקר אדום,אלכוהול (איי.בי.בי),,ויסקי JW,מיליליטרים,700.00,"100 מ""ל",false,1,79.90,11.4143,true,1,454617
5000267024202,false,"וויסקי ג'וני בלאק לייבל עם פורר 700מ""ל",אלכוהול (איי.בי.בי),,"ג""וני ווקר שחור",מיליליטרים,700.00,"100 מ""ל",false,1,124.90,17.8429,true,1,454618
5000267115245,false,ויסקי גיוני ווקר כחו,,,וויסקי גיוני ווקר כחול 700מל,מיליליטרים,700.00,"100 מ""ל",false,1,599.90,85.7000,true,1,478338
5000267116426,false,ויסקי גיוני ווקר דאב,,,"ויסקי ""גיוני ווקר"" דאבל בלאק 700 מל",מיליליטרים,700.00,"100 מ""ל",false,1,159.90,22.8429,true,1,471338
5000267117560,false,"וויסקי ג'וני ווקר גולד ריזרב 700מ""ל",,,"ויסקי ""גיוני ווקר"" גולד ריזרב 700 מ""ל",מיליליטרים,700.00,"100 מ""ל",false,1,189.90,27.1286,true,1,485157
5000267186757,false,מארז גוני שחור 700 מ,,,מארז גוני שחור 700 מל+2 כוסות הייבול,מיליליטרים,700.00,"100 מ""ל",false,1,124.90,17.8429,true,1,526853
5000281040899,false,רום קפטן מורגן ווייט,קפטן מורגן Captain Morgan,,רום קפטן מורגן ווייט 700 מל,מיליליטרים,700.00,"100 מ""ל",false,6,99.90,14.2714,true,1,515572
5000289925440,false,גין גורדון בקבוק 700,אלכסנדר גורדון ושות',,"גין גורדון 700 מ""ל",מיליליטרים,700.00,"100 מ""ל",false,1,89.90,12.8429,true,1,490166
5000289929417,false,גין גורדון פינק 700,,,גין גורדון פינק 700 מל,מיליליטרים,700.00,"100 מ""ל",false,1,89.90,12.8429,true,1,513634
5000299223031,false,רום קפטן מורגן ספייסד גולד,קפטן מורגן Captain Morgan,,רום קפטיין מורגן ספייסד 750מל,מיליליטרים,750.00,"100 מ""ל",false,1,99.90,13.3200,true,1,475556
5000299295021,false,ויסקי גלנליווט 15 שנ,גורג וגיי גי סמית,,ויסקי גלנליווט 15 700 מל,מיליליטרים,700.00,"100 מ""ל",false,6,259.90,37.1286,true,1,512609
5000299605950,false,גין ביפאיטר לונדון פ,,,גין פיפיטר פינק 700 מל,מיליליטרים,700.00,"100 מ""ל",false,1,109.90,15.7000,true,1,511941
5000299609347,false,וויסקי גלנליווט Glenlivet,גורג וגיי גי סמית,,"וויסקי גלנליווט פאונדרס רזרב 700 מ""ל",מיליליטרים,700.00,"100 מ""ל",false,1,169.90,24.2714,true,1,484696
5000299611104,false,ויסקי שיבאס ריגאל 13,,,ויסקי שיבאס ריגאל 13 שרי 700 מל,מיליליטרים,700.00,"100 מ""ל",false,1,149.90,21.4143,true,1,494904
5000299626276,false,שיבאס ריגאל 13 שיפון,,,שיבאס ריגאל 13 שיפון אמריקאי 700 מל,מיליליטרים,700.00,"100 מ""ל",false,1,144.90,20.7000,true,1,519449
5000299629253,false,מארז ויסקי בלנטיינס,,,מארז ויסקי בלנטיינס 700 מל+2 כוסות,מיליליטרים,700.00,"100 מ""ל",false,1,89.90,12.8429,true,1,523819
5000329002193,false,משקה ג'ין ביפאיטר 70,ג'יימס בורו,,"גין ביפיטר 700 מ""ל",מיליליטרים,700.00,"100 מ""ל",false,1,104.90,14.9857,true,1,484697
5000354700064,false,אבקת קסטרד 300 גר,,,אבקת קסטרד 300 גר,גרמים,300.00,100 גרם,false,1,17.90,5.9667,true,1,517583
5000354912672,false,אבקת קסטרד 300 גר,,,אבקת קסטרד 300 גר,גרמים,300.00,100 גרם,false,1,17.90,5.9667,true,1,520501
5000394019089,false,סוללה פלוס פאוור 2 יחידות C דורסל,דורסל Duracell,US,סוללות פלוס פאור C,Unknown,0.00,Unknown,false,1,24.90,0.0000,true,1,486296
5000394140820,false,שישיות סוללות AA פלוס פאוור דורסל,Unknown,,סוללות דורסל AA פלוס פאור שישייה,Unknown,0.00,Unknown,false,1,18.90,0.0000,true,1,520408
5000394141209,false,שישיות סוללות AAA פלוס פאוור דורסל,Unknown,,סוללות דורסל AAA פלוס פאור שישייה,Unknown,0.00,Unknown,false,1,18.90,0.0000,true,1,520409
5000396037531,false,מקוויטיס ביסקוויט מצופה שוקולד חלב 200 ג',ברנדס סרטרה נשיונל,,ביסקוויט מקוויטיס מצופה שוקולד חלב 200 ג,גרמים,200.00,100 גרם,false,1,9.90,4.9500,true,1,494692
5000396037944,false,ביסקוויט מקוויטיס קלאסי 250 גר',ברנדס סרטרה נשיונל,,ביסקוויט מקוויטיס קלאסי 250 גר,גרמים,250.00,100 גרם,false,1,9.90,3.9600,true,1,494690
5000426171518,false,שוקולד מריר מנטה 60%,,,שוקולד מריר מנטה 60% אפטר אייט 100 גר,גרמים,100.00,100 גרם,false,24,19.90,19.9000,true,1,526093
5010026515940,false,מורנפלייק מוזלי פרוטי 750 גרם,מורנפלייק Mornflake,,מוזלי קריספי פרוטי 750 גר,גרמים,750.00,100 גרם,false,6,24.90,3.3200,true,1,516664
5010035068376,false,עוגיות טריפל שוקוציפ,,,עוגיות טריפל שוקוציפס לבן ומריו פוקס 180,גרמים,180.00,100 גרם,false,1,10.90,6.0556,true,1,519968
5010035068383,false,עוגיות שוקוציפס חצי,,,עוגיות שוקוציפס חצי מצופות פוקס 175 גר,גרמים,175.00,100 גרם,false,1,10.90,6.2286,true,1,519969
5010038454831,false,בירה בלו מון בקבוק 3,בלו מון ברווינז קומפ,,"בירה בלו מון 330 מ""ל",מיליליטרים,330.00,"100 מ""ל",false,1,11.90,3.6061,true,1,508534
5010106110225,false,ויסקי בלנטיינס 12שנה,,,וויסקי בלנטיינס 12שנה 700מל,מיליליטרים,700.00,"100 מ""ל",false,1,129.90,18.5571,true,1,476777
5010115900633,false,סירופ טופינג תות שדה,,,סירופ טופינג תות שדה 325 גר,גרמים,325.00,100 גרם,false,1,18.90,5.8154,true,1,517687
5010182997253,false,"רייד ארוסול קוטל ג''וקים - 300 מ""ל",אס.סי.ג'ונסון מידרכט,NL,"ארוסול ""רייד"" קוטל ג",מיליליטרים,300.00,"100 מ""ל",false,1,15.90,5.3000,true,1,454646
5010182997338,false,"טואלט דאק ג'ל אסלה ניחוח רענן 55 מ""ל","איטיליאן פוד, אס.פי.",IT,"ג""ל לאסלה ""טואלט דאק",מיליליטרים,55.00,"100 מ""ל",false,1,9.90,18.0000,true,1,454647
5010182997680,false,"רייד ארוסול קוטל נמלים - 300 מ""ל",אס.סי.ג'ונסון מידרכט,NL,"ארוסול ""רייד"" קוטל נ",מיליליטרים,300.00,"100 מ""ל",false,1,15.90,5.3000,true,1,454650
5010182997918,false,"טואלט דאק ג'ל אסלה בניחוח ים 55 מ""ל","איטיליאן פוד, אס.פי.",IT,"ג""ל אסלה ""טואלט דאק""",מיליליטרים,55.00,"100 מ""ל",false,1,9.90,18.0000,true,1,454651
5010182998847,false,"טואלט דאק נוזל לאסלה כחול 750 מ""ל",מיוצר עי קונדיטוריית,NL,טואלט דאק נוזל כחול 750 מל,מיליליטרים,750.00,"100 מ""ל",false,1,9.90,1.3200,true,1,454652
5010182998861,false,"טואלט דאק נוזל לאסלה ירוק 750 מ""ל",מיוצר עי קונדיטוריית,NL,ט דאק ירוק,מיליליטרים,750.00,"100 מ""ל",false,1,9.90,1.3200,true,1,454653
5010265002201,false,פת פריכה מקמח שיפון,,,פת פריכה מקמח שיפון 250 גר,גרמים,250.00,100 גרם,false,1,9.90,3.9600,true,1,510403
5010265002836,false,פת פריכה ריביטה אורג,,,פת פריכה ריביטה אורגינל 250 גר,גרמים,250.00,100 גרם,false,12,10.90,4.3600,true,1,503900
5010265002911,false,פת פריכה ריביטה מקמח,,,פת פריכה ריביטה מקמח שיפון מלא 250 גר,גרמים,250.00,100 גרם,false,12,10.90,4.3600,true,1,513042
5010314048907,false,ויסקי מקאלן פיין 12,מקאלן דיסטילרי,GB,"ויסקי מקאלן פיין 12 שנה 700 מ""ל",מיליליטרים,700.00,"100 מ""ל",false,1,299.90,42.8429,true,1,498076
5010327000046,false,וויסקי גרנט'ס סקוטי,"איי, בי, אינבוו",,וויסקי גרנטיס באריזת,מיליליטרים,700.00,"100 מ""ל",false,1,79.90,11.4143,true,1,454661
5010327000176,false,ויסקי גלנפידיך 12 שנ,ויליאם גראנט,,"ויסקי ""גלנפידיך מולט",מיליליטרים,700.00,"100 מ""ל",false,1,179.90,25.7000,true,1,454662
5010327105215,false,וויסקי מאנקי שולדר Monkey Shoulder,וויליאם גרנט ובניו,GB,וויסקי מוניק שולדר 0.7ל,מיליליטרים,700.00,"100 מ""ל",false,1,149.90,21.4143,true,1,473171
5010327324333,false,ויסקי גלנפידיך סינגל,,,"ויסקי גלנפידיך סינגל מאלט 14 שנה 700 מ""ל",מיליליטרים,700.00,"100 מ""ל",false,1,219.90,31.4143,true,1,507366
5010327325125,false,ויסקי סולרה ריזרב 15,ויליאם גראנט,,וויסקי סולרה ריזרב 0.7ל,מיליליטרים,700.00,"100 מ""ל",false,1,249.90,35.7000,true,1,473167
5010327325323,false,ויסקי גלנפידיך 18 שנ,ויליאם גראנט,,ויסקי גלנפידיך 18 שנה רזרב 700 מל,מיליליטרים,700.00,"100 מ""ל",false,1,359.90,51.4143,true,1,517069
5010327399614,false,ויסקי גלנפידיך 12 שנ,ויליאם גראנט,GB,ויסקי גלנפידיך 12 שנה אמריקן אוק 700 מל,מיליליטרים,700.00,"100 מ""ל",false,1,179.90,25.7000,true,1,526232
5010327505138,false,ויסקי באלויני 700 מל,,,"ויסקי באלויני 700 מ""ל",מיליליטרים,700.00,"100 מ""ל",false,1,269.90,38.5571,true,1,491454
5010327658544,false,בירה אינס אנד גון או,,,"בירה אינס אנד גון אוריגינל 330 מ""ל",מיליליטרים,330.00,"100 מ""ל",false,1,12.90,3.9091,true,1,494378
5010327755014,false,"ג'ין הנדריקס 700 מ""ל",וויליאם גרנט,GB,"גין הנדריקס 700 מ""ל",מיליליטרים,700.00,"100 מ""ל",false,1,169.90,24.2714,true,1,509675
5010391100703,false,ליקר דרמבו קלאסי 40%,,,"ליקר דרמבו קלאסי 40% 700 מ""ל",מיליליטרים,700.00,"100 מ""ל",false,1,139.90,19.9857,true,1,479631
5010494195286,false,ויסקי סקוטי ארדבג 10,polmos,,ויסקי סקוטי ארדבג 10 שנים 700 מל,מיליליטרים,700.00,"100 מ""ל",false,1,249.90,35.7000,true,1,513133
5010494560282,false,ויסקי גלנמורנגי אורי,גלאנמורנג'י דיסטילרי,GB,וויסקי גלנמורנגי אוריגינל 10 שנים 700 מל,מיליליטרים,700.00,"100 מ""ל",false,1,149.90,21.4143,true,1,481824
5010494917840,false,ויסקי גלנמורנגי לסנט,,,ויסקי גלנמורנגי לסנטה 12 שנה 700 מל,מיליליטרים,700.00,"100 מ""ל",false,1,249.90,35.7000,true,1,524973
5010494951813,false,ויסקי גלנמורנגי 14 ש,,,ויסקי גלנמורנגי 14 שנה קינטה רובן 700 מל,מיליליטרים,700.00,"100 מ""ל",false,1,269.90,38.5571,true,1,524974
5010494951837,false,ויסקי גלנמורנגי נקטר,,,ויסקי גלנמורנגי נקטר דאור 700 מל,מיליליטרים,700.00,"100 מ""ל",false,1,279.90,39.9857,true,1,524975
5010504100057,false,ויסקי קאטי סארק 1 ל,ארדינגטון דיסטילרי,,וויסקי קאטי סארק 1 ל,ליטרים,1.00,ליטר,false,1,109.90,109.9000,true,1,484613
5010504100149,false,ויסקי קאטי סארק סטור,,,"ויסקי קאטי סארק סטורם 700 מ""ל",מיליליטרים,700.00,"100 מ""ל",false,1,114.90,16.4143,true,1,492268
5010509001229,false,ויסקי הנקי בניסטר 70,אינוור האוס דיסטילרס,,"וויסקי הנקי בניסטר 700 מ""ל",מיליליטרים,700.00,"100 מ""ל",false,1,64.90,9.2714,true,1,454675
5010509021067,false,ויסקי ספייברן 10 שני,,,"ויסקי ספייברן 10 שנים 700 מ""ל",מיליליטרים,700.00,"100 מ""ל",false,1,119.90,17.1286,true,1,510698
5010509021944,false,ויסקי ספייברן ברדן א,,,"ויסקי ספייברן ברדן אורץ 700 מ""ל",מיליליטרים,700.00,"100 מ""ל",false,1,99.90,14.2714,true,1,510697
5010509414081,false,ויסקי הנקי בניסטר 1,,,וויסקי הנקי בניסטר 1ל,ליטרים,1.00,ליטר,false,1,89.90,89.9000,true,1,476648
5010677551281,false,"בקרדי בריזר לימון 275 מ""ל בקבוק",בקרדי בריזר Bacardi Breezer,BE,בקרדי בריזר לימון 275 מל,מיליליטרים,275.00,"100 מ""ל",false,1,14.90,5.4182,true,1,454680
5010677551397,false,"בקרדי בריזר ליים 275 מ""ל בקבוק",בקרדי בריזר Bacardi Breezer,BE,בקרדי בריזר לימון ליים 275 מל,מיליליטרים,275.00,"100 מ""ל",false,1,14.90,5.4182,true,1,454681
5010677552387,false,"בקרדי בריזר אננס 275 מ""ל בקבוק",בקרדי בריזר Bacardi Breezer,BE,בקרדי בריזר אננס 275,מיליליטרים,275.00,"100 מ""ל",false,1,14.90,5.4182,true,1,454682
5010677554398,false,"בקרדי בריזר אבטיח 275 מ""ל בקבוק",בקרדי בריזר Bacardi Breezer,BE,בקרדי בריזר אבטיח 27,מיליליטרים,275.00,"100 מ""ל",false,1,14.90,5.4182,true,1,454683
5010677714006,false,"ג'ין בומביי ספייר 700מ""ל",בומביי ספיריטס,ES,"גין בומביי ספייר 700 מ""ל",מיליליטרים,700.00,"100 מ""ל",false,1,129.90,18.5571,true,1,496817
5010677850100,false,וודקה גריי גוס בקבוק,בקרדי מרטיני,FR,"וודקה גריי גוס 700 מ""ל",מיליליטרים,700.00,"100 מ""ל",false,6,119.90,17.1286,true,1,505651
5010852000917,false,ויסקי בארקליס 700מ'ל,CAMPBELL MEYER,,וויסקי בארקליס 0.7 ל,מיליליטרים,700.00,"100 מ""ל",false,1,64.90,9.2714,true,1,454688
5010867400054,false,יין פורט טאוני לבן 7,,,"יין פורט טאוני לבן 750 מ""ל",מיליליטרים,750.00,"100 מ""ל",false,1,69.90,9.3200,true,1,490157
5010867400092,false,יין פורט גראהם בציר,,,"יין פורט גראהם בציר 750 מ""ל",מיליליטרים,750.00,"100 מ""ל",false,1,99.90,13.3200,true,1,490155
5011007003005,false,"וויסקי ג'יימסון אירי מזוקק 700 מ""ל",אייריש דיסטילרז,IE,"ויסקי ג""יימסון 0.7 ל",מיליליטרים,700.00,"100 מ""ל",false,1,99.90,14.2714,true,1,454694
5011007024000,false,ויסקי גימסון סלקט רז,,,וויסקי גימסון סלקט רזרב 700מל,מיליליטרים,700.00,"100 מ""ל",false,1,159.90,22.8429,true,1,476779
5011007025960,false,ויסקי גיימסון 700 מל,,,ויסקי גיימסון 700 מל,מיליליטרים,700.00,"100 מ""ל",false,1,139.90,19.9857,true,1,523813
5011013100132,false,ליקר אייריש קרם בייל,,,"אייריש קרים ""בייליס""",מיליליטרים,750.00,"100 מ""ל",false,1,89.90,11.9867,true,1,454696
5011013500680,false,ליקר שרידנס 700 מל,,,ליקר שרידנס 700 מל,מיליליטרים,700.00,"100 מ""ל",false,1,89.90,12.8429,true,1,475284
5011013934546,false,ליקר בייליס אייריש ק,,,ליקר בייליס אייריש קרים קרמל מלוח 700 מל,מיליליטרים,700.00,"100 מ""ל",false,1,89.90,12.8429,true,1,526850
5011013935178,false,ליקר בייליס אייריש ק,,,ליקר בייליס אייריש קרים פאי תפוחים 700 מ,מיליליטרים,700.00,"100 מ""ל",false,1,89.90,12.8429,true,1,526851
5011026108033,false,וויסקי אירי טולמור דיו,פארייפאבה אגרואינדוס,IE,וויסקי טולמור דיו 0.7ל,מיליליטרים,700.00,"100 מ""ל",false,1,89.90,12.8429,true,1,473165
5011157630281,false,אורז לבן ארוך בסמטי טילדה Tilda,טילדה Tilda,GB,אורז טילדה בסמטי 1קג,קילוגרמים,1.00,"ק""ג",false,1,24.90,24.9000,true,1,454704
5011157671222,false,"אורז בסמטי חום מלא טילדה 1 ק""ג",טילדה Tilda,,אורז טילדה בסמטי חום 1 קג,קילוגרמים,1.00,"ק""ג",false,1,24.90,24.9000,true,1,519456
5011166055709,false,ויסקי אירי פוגס 700,,,ויסקי אירי פוגס 700 מל,מיליליטרים,700.00,"100 מ""ל",false,1,89.90,12.8429,true,1,517367
5011166059745,false,ויסקי פוגס סינגל מאל,,,ויסקי אירי סינגל מאלט פוגס 700 מל,מיליליטרים,700.00,"100 מ""ל",false,1,114.90,16.4143,true,1,517368
5011308307178,false,רוטב צילי פיקן פטקס,,,רוטב צילי פיקן פטקס 283 גר,גרמים,283.00,100 גרם,false,1,21.90,7.7385,true,1,521357
5011311150709,false,ויסקי אולד קליפר 700,WM Maxwell,GB,ויסקי אולד קליפר 0.7,מיליליטרים,750.00,"100 מ""ל",false,1,79.90,10.6533,true,1,454710
5011311250546,false,ויסקי קנט 700 מל,WM Maxwell,,ויסקי קנט 0.7 ליטר,מיליליטרים,700.00,"100 מ""ל",false,1,74.90,10.7000,true,1,454711
5011348008479,false,בירה קינג גובלין 500,ויצ'וויד,,"בירה קינג גובלין 500 מ""ל",מיליליטרים,500.00,"100 מ""ל",false,8,16.90,3.3800,true,1,454734
5011348010335,false,בירה גינגר בירד 500,Wychwood,,"בירה גינגר בירד 500 מ""ל",מיליליטרים,500.00,"100 מ""ל",false,1,16.90,3.3800,true,1,479776
5011348015194,false,בירה הובגובלין גולד,הובגובלין,AT,"בירה הובגובלין גולד 500 מ""ל",מיליליטרים,500.00,"100 מ""ל",false,1,16.90,3.3800,true,1,493212
5011348016238,false,בירה שיפיארד 500 מל,ויצ'וויד,,בירה שיפיארד 500 מל,מיליליטרים,500.00,"100 מ""ל",false,8,16.90,3.3800,true,1,516713
5011348016474,false,בירה פייר קאצר 500 מ,,,בירה פייר קאצר 500 מל,מיליליטרים,500.00,"100 מ""ל",false,8,16.90,3.3800,true,1,513066
5011348019772,false,בירה הובגובלין איי פ,ויצ'וויד,GB,"בירה הובגובלין אי.פי.איי 500 מ""ל",מיליליטרים,500.00,"100 מ""ל",false,1,16.90,3.3800,true,1,499806
5011348019918,false,בירה דריי נאק 500 מל,Wychwood,,בירה דריי נאק 500 מל,מיליליטרים,500.00,"100 מ""ל",false,8,16.80,3.3600,true,1,514550
5014271002675,false,מעדן פרי תפוח וקינמון,סנדלפור St.dalfour,FR,מעדן פרי סן דלפור תפוח קינמון 284 גר,גרמים,284.00,100 גרם,false,1,19.90,7.0070,true,1,504771
5014271300429,false,סן דלפו מעדן משמש ללא סוכר 284גר,סנדלפור St.dalfour,FR,"מעדן ""סנט דלפור"" משמ",גרמים,284.00,100 גרם,false,1,19.90,7.0070,true,1,454765
5014271310428,false,סן דלפו מעדן דבדבן שחור ללא סוכ 284 ג',המאפיה של הרמן,FR,"מעדן ""סנט דלפור"" דוב",גרמים,284.00,100 גרם,false,1,19.90,7.0070,true,1,454766
5014271330426,false,"מעדן סנט דלפור אוכמניות לל""ס 284ג'",סנדלפור St.dalfour,FR,"מעדן ""סנט דלפור"" אוכ",גרמים,284.00,100 גרם,false,1,19.90,7.0070,true,1,454767
5014271350424,false,מעדן סנט דלפור 4 פירות 284ג',המאפיה של הרמן,FR,"מעדן ""סנט דלפור"" ארב",גרמים,284.00,100 גרם,false,1,19.90,7.0070,true,1,460550
5014271360423,false,סן דלפו מעדן תפוז ללא סוכר 284 ג',המאפיה של הרמן,FR,"מעדן ""סנט דלפור"" תפו",גרמים,284.00,100 גרם,false,1,19.90,7.0070,true,1,460551
5014271370422,false,סן דלפו מעדן אפרסק ללא סוכר 284גר,סנדלפור St.dalfour,FR,"מעדן ""סנט דלפור"" אפר",גרמים,284.00,100 גרם,false,1,19.90,7.0070,true,1,460552
5014271400426,false,סן דלפו מעדן תות שדה ללא סוכר 284 ג',המאפיה של הרמן,FR,"מעדן ""סנטדלפור"" תות 284 גר",גרמים,284.00,100 גרם,false,1,19.90,7.0070,true,1,460555
5014271560427,false,מעדן פרי תפוז וג'ינג'ר,סנדלפור St.dalfour,FR,"מעדן ""סנט דלפור"" תפו",גרמים,284.00,100 גרם,false,1,19.90,7.0070,true,1,460556
5014271795980,false,"סן דלפו מעדן קרנברי אוכמניות לל""ס 284ג'",סנדלפור St.dalfour,FR,"מעדן ""סנט דלפור"" אוכ",גרמים,284.00,100 גרם,false,1,19.90,7.0070,true,1,460560
5014379006520,false,בירה גוס מידווי סשן,,,בירה גוס מידווי סשן איי פי איי פח 330 מל,מיליליטרים,330.00,"100 מ""ל",false,1,12.90,3.9091,true,1,525274
5015821149789,false,רוטב קארי עדין ראגה,,,רוטב קארי עדין ראגה 300 גר,גרמים,300.00,100 גרם,false,1,19.90,6.6333,true,1,489027
5016840000211,false,ויסקי היי קומישיונר,,,ויסקי היי קומישנר,מיליליטרים,700.00,"100 מ""ל",false,1,59.90,8.5571,true,1,460564
5018357006731,false,גרנולה דורסט סיריאלס,דורסט סיריאלס,,גרנולה דורסט סיריאלס רילי נטי 560 גר,גרמים,560.00,100 גרם,false,8,26.90,4.8036,true,1,503852
5018357006755,false,גרנולה דורסט סיריאלס,דורסט סיריאלס,GB,גרנולה דורסט סיריאלס היי פיבר 540 גר,גרמים,540.00,100 גרם,false,8,26.90,4.9815,true,1,503851
5021349103103,false,ויסקי סקוטי פרקרס 40,,,ויסקי סקוטי פרקרס 40% 1 ל,ליטרים,1.00,ליטר,false,1,89.90,89.9000,true,1,517329
5021349700098,false,ויסקי טומינטול פיטי,אנגוס דנדי,GB,"וויסקי טומינטול פיטי טאנג 700 מ""ל",מיליליטרים,700.00,"100 מ""ל",false,1,159.90,22.8429,true,1,454772
5021349702894,false,ויסקי טומינטול סינגל,אנגוס דנדי,GB,"ויסקי טומינטול סינגל מאלט טילה 700 מ""ל",מיליליטרים,700.00,"100 מ""ל",false,1,159.90,22.8429,true,1,494423
5023625004487,false,בירה הובגובלין 500 מ,ויצ'וויד,GB,"בירה הובגובלין 500 מ""ל",מיליליטרים,500.00,"100 מ""ל",false,1,16.90,3.3800,true,1,460578
5024546356587,false,ויסקי גראנד מקניש 1,אגדת,IL,ויסקי מקניש 1 ל,מיליליטרים,1000.00,"100 מ""ל",false,1,99.90,9.9900,true,1,460582
5024546366630,false,ויסקי סקוטש לאודרס 1,אגדת,IL,"וויסקי ""סקוטש לאודרס",מיליליטרים,1000.00,"100 מ""ל",false,1,99.90,9.9900,true,1,460586
5028349003693,false,ויסקי בוני אנד קלייד,גלן קלייד,,וויסקי בוני אנד קלייד 1 ל,ליטרים,1.00,ליטר,false,1,99.90,99.9000,true,1,480031
5029053002408,false,נייר טואלט קלינקס פרימיום לבן - מארז 9 גלילים,קימברלי קלארק ישראל,IL,נייר טואלט קלינקס לב,גרמים,1184.00,100 גרם,false,1,34.90,2.9476,true,1,460598
5029053002439,false,נייר טואלט קלינקס פרימיום צהוב - מארז 9 גלילים,חוגלה קימברלי,,נייר טואלט קלינקס צה,Unknown,0.00,Unknown,false,1,34.90,0.0000,true,1,460599
5029053019598,false,"קלינקס מיני ממחטות דיסני מעורב, 15 יחידות",,,ממחטות דיסני מעורב 15 יח,Unknown,0.00,Unknown,false,1,13.80,0.0000,true,1,506461
5029053510811,false,קוטקס - תחבושות אולטרה נורמל + כנפיים 30 יח',קימברלי קלארק,,"תחבושות ""קוטקס"" נורמ",Unknown,0.00,Unknown,false,1,17.90,0.0000,true,1,460602
5029053510828,false,קוטקס - תחבושות אולטרה סופר + כנפיים 22 יח',קימברלי קלארק,,"תחבושות ""קוטקס"" סופר",Unknown,0.00,Unknown,false,1,17.90,0.0000,true,1,460603
5029053523446,false,קוטקס - תחבושות אולטרה נייט + כנפיים 20 יח',קימברלי קלארק,,"תחבושות ""קוטקס"" נייט",Unknown,0.00,Unknown,false,1,17.90,0.0000,true,1,460604
5029053527574,false,תחתוני ספיגה לילדים Drynites בנים לגילאי 4-7,האגיס Huggies,CZ,"טיטולים ""האגיס דריי נייטס",Unknown,0.00,Unknown,false,1,34.80,0.0000,true,1,470828
5029053535227,false,קוטקס טמפון עם מוליך נורמל 16 יח',KC Czech,,"טמפוני ""קוטקס"" עם מו",Unknown,0.00,Unknown,false,1,21.90,0.0000,true,1,460609
5029053578309,false,קופסת ממחטות אולטרה סופט 48 דף קלינקס,קימברלי,IL,מטליות אף אולטרה סופט קלינקס קוביה 48 דף,Unknown,0.00,Unknown,false,12,7.90,0.0000,true,1,521307
5035766044673,false,"סיידר תפוחים סטרונגבאו 330 מ""ל בקבוק",סטרונגבאו Strongbow,BE,סיידר סטרונגבאו תפוחים 330מל,מיליליטרים,330.00,"100 מ""ל",false,1,7.90,2.3939,true,1,475835
5035766060253,false,"בירה מרפיס 500 מ""ל פחית",מרפיס Murphys,,"בירה מרפיס סטאוט 500 מ""ל",מיליליטרים,500.00,"100 מ""ל",false,1,12.90,2.5800,true,1,460613
5038342511385,false,גין קורייר 700 מל,,,"גין קורייר 700 מ""ל",מיליליטרים,700.00,"100 מ""ל",false,12,59.90,8.5571,true,1,500966
5050974505259,false,פת פריכה קמח שיפון מלא עם גרעינים ודגנים קלויים,רייויטה Ryvita,,פת פריכה רייויטה גרעינים ודגנים 250 גר,גרמים,250.00,100 גרם,false,12,10.90,4.3600,true,1,513962
5050974505297,false,פת פריכה קמח שיפון מלא ושומשום,רייויטה Ryvita,,פת פריכה רייויטה עם שומשום 250 גר,גרמים,250.00,100 גרם,false,12,10.90,4.3600,true,1,513963
5053827109307,false,דגני בוקר קלוגס ספיי,,,דגני בוקר קלוגס ספיישל קי קלאסיק 300 גר,גרמים,300.00,100 גרם,false,1,18.90,6.3000,true,1,519417
5053827191753,false,דגני בוקר קלוגס 8 וו,,,דגני בוקר קלוגס 8 ווראייטי 190 גר,גרמים,190.00,100 גרם,false,24,18.90,9.9474,true,1,526091
5053827203685,false,דגני בוקר קלוגס לאמה,,,דגני בוקר קלוגס לאמה לופס דבש 330 גר,גרמים,330.00,100 גרם,false,1,18.90,5.7273,true,1,519416
5053827207102,false,דגני בוקר קלוגס שוקו,,,דגני בוקר קלוגס שוקו קריספיס 330 גר,גרמים,330.00,100 גרם,false,1,21.90,6.6364,true,1,519419
5055966810014,false,ויסקי בושמילס בלאק ב,אלב בושמילס,,"וויסקי אירי בושמילס בלאק בוש 700 מ""ל",מיליליטרים,700.00,"100 מ""ל",false,1,119.90,17.1286,true,1,480746
5055966820037,false,ויסקי בושמילס סינגל,אלב בושמילס,,"וויסקי אירי בושמילס סינגל מאלט 700 מ""ל",מיליליטרים,700.00,"100 מ""ל",false,1,169.90,24.2714,true,1,487148
5055966830142,false,ויסקי בושמילס חביות,,,ויסקי בושמילס חביות רום 700 מל,מיליליטרים,700.00,"100 מ""ל",false,1,129.90,18.5571,true,1,519300
5055966830159,false,ויסקי בושמילס חביות,,,ויסקי בושמילס חביות ברבן 700 מל,מיליליטרים,700.00,"100 מ""ל",false,1,129.90,18.5571,true,1,519301
5060045588128,false,ווסקי ג'ים בים לבן,"איי, בי, אינבוו",US,"גים בים לבן כשר 700 מ""ל",מיליליטרים,700.00,"100 מ""ל",false,1,99.90,14.2714,true,1,498794
5060045590190,false,ויסקי גים בים דבש 70,בים סנטורי,,ויסקי גים בים דבש 700 מל,מיליליטרים,700.00,"100 מ""ל",false,1,99.90,14.2714,true,1,518898
5060045590213,false,וויסקי ג'ים בים תפוח,בים סנטורי,,ויסקי גים בים תפוח 700 מל,מיליליטרים,700.00,"100 מ""ל",false,1,99.90,14.2714,true,1,518897
5060045590275,false,ויסקי גים בים רד סטא,בים סנטורי,,ויסקי גים בים רד סטאג 700 מל,מיליליטרים,700.00,"100 מ""ל",false,1,99.90,14.2714,true,1,519145
5060074861513,false,ויסקי היילנד קווין ס,,,ויסקי היילנד קווין סינגל מאלט מגסטי 700,מיליליטרים,700.00,"100 מ""ל",false,1,159.90,22.8429,true,1,487110
5060074862077,false,ויסקי היילנד קווין ס,,,ויסקי היילנד קווין סינגל מאלט מגסטי קלאס,מיליליטרים,700.00,"100 מ""ל",false,6,129.90,18.5571,true,1,511406
5060108450003,false,מי טוניק פיבר טרי פר,פיבר טרי,,מי טוניק פיבר טריי 200 מל,מיליליטרים,200.00,"100 מ""ל",false,1,7.90,3.9500,true,1,516979
5060190560741,false,בירה אינס אנד גון רו,,,"בירה אינס אנד גון רום פיניש 330 מ""ל",מיליליטרים,330.00,"100 מ""ל",false,1,12.90,3.9091,true,1,494379
5060250343741,false,הרשיז ראונדס קוקיס אנד קרים 96ג',,,הרשיז ראונדס קוקיס אנד קרים 6 יח 96 גר,גרמים,96.00,100 גרם,false,1,10.90,11.3542,true,1,524880
5060250343765,false,ריסז ראונדס בוטנים 96ג',,,ריסז ראונדס בוטנים 6 יח 96 גר,גרמים,96.00,100 גרם,false,1,10.90,11.3542,true,1,524881
5060255492154,false,חול חתולים אברקלין ללא בישום,אבר קלין Ever clean,,אבר קלין תורכיז ללא בישום 6 ל,ליטרים,6.00,ליטר,false,1,54.90,9.1500,true,1,525178
5060255492185,false,אברקלין עוצמה נחוזקת,,,אבר קלין חול עוצמה מחוזקת 6 קג,קילוגרמים,6.00,"ק""ג",false,1,54.90,9.1500,true,1,512266
5060307160277,false,ויסקי לוגן אנד פרסי,,,"וויסקי לוגן אנד פרסי 700 מ""ל",מיליליטרים,700.00,"100 מ""ל",false,1,79.90,11.4143,true,1,477409
5060307160413,false,ויסקי גלאן פורסט 700,,,ויסקי גלאן פורסט 700 מל,מיליליטרים,700.00,"100 מ""ל",false,12,69.90,9.9857,true,1,516752
5060323902639,false,פולנטה בוואקום קלאסי,,,פולנטה בוואקום קלאסית 500 גר,גרמים,500.00,100 גרם,false,1,9.90,1.9800,true,1,519257
5060336504486,false,חרדל פיקלילי 400 גר,,,חרדל פיקלילי 400 גר,גרמים,400.00,100 גרם,false,1,23.90,5.9750,true,1,517564
5060412214124,false,חול אברקלין צהוב פיזור מופחת,אבר קלין Ever clean,,אבר קלין חול פיזור צהוב מופחת 6 קג,קילוגרמים,6.00,"ק""ג",false,1,54.90,9.1500,true,1,512538
5060434130228,false,גין זאנפאודר דרמשנבו,,,גין זאנפאודר דרמשנבו אירי 700 מל,מיליליטרים,700.00,"100 מ""ל",false,1,159.90,22.8429,true,1,518767
5060465390004,false,בירה לאגר סקיני ללא גלוטן,סקיני ביר בע״מ,GB,"בירה סקיני ללא גלוטן 330 מ""ל",מיליליטרים,330.00,"100 מ""ל",false,24,10.90,3.3030,true,1,502558
5060465390172,false,בירה סקיני ללא גלוטן,,,בירה סקיני ללא גלוטן פחית 330 מל,מיליליטרים,330.00,"100 מ""ל",false,1,9.90,3.0000,true,1,528256
5060517886486,false,"משקה אנרגיה מונסטר פח 500 מ""ל",מונסטר אנרג'י Monster Energy,RU,"משקה אנרגיה מונסטר פחית 500 מ""ל",מיליליטרים,500.00,"100 מ""ל",false,24,7.90,1.5800,true,1,510321
5060517886516,false,"משקה אנרגיה מונסטר זירו פח 500 מ""ל",מונסטר אנרג'י Monster Energy,RU,"משקה אנרגיה מונסטר זירו פחית 500 מ""ל",מיליליטרים,500.00,"100 מ""ל",false,24,7.90,1.5800,true,1,510322
5060639128051,false,"משקה אנרגיה מונסטר אולטרה פחית 500 מ""ל",מונסטר אנרג'י Monster Energy,RS,"משקה אנרגיה מונסטר אולטרה פחית 500 מ""ל",מיליליטרים,500.00,"100 מ""ל",false,24,7.90,1.5800,true,1,513633
5060639129102,false,"משקה אנרגיה מונסטר מנגו פח 500 מ""ל",מונסטר אנרג'י Monster Energy,RS,משקה אנרגיה מונסטר מנגו פחית 500 מל,מיליליטרים,500.00,"100 מ""ל",false,24,7.90,1.5800,true,1,516115
5060671000063,false,סנסט אשכולית ורודה 2,,,סנסט אשכולית ורודה 200 מל,מיליליטרים,200.00,"100 מ""ל",false,1,7.90,3.9500,true,1,519581
5060671000148,false,סנסט גינגר ביר 200 מ,,,סנסט גינגר ביר 200 מל,מיליליטרים,200.00,"100 מ""ל",false,1,7.90,3.9500,true,1,519580
5060751218173,false,"משקה אנרגיה מונסטר Pipline punch פח 500 מ""ל",Monster energy סרביה,IE,משקה אנרגיה מונסטר פחית 500 מל,מיליליטרים,500.00,"100 מ""ל",false,24,7.90,1.5800,true,1,524634
5060751219033,false,"משקה אנרגיה מונסטר ULTRA PARADISE פח 500 מ""ל",Monster energy סרביה,IE,משקה אנרגיה מונסטר אולטרה פחית 500 מל,מיליליטרים,500.00,"100 מ""ל",false,24,7.90,1.5800,true,1,524792
5087396103237,false,חול קריסטל יהלום חתו,חטיפים מן הטבע,,חול קריסטל יהלום חתול 3.8 ל,ליטרים,3.80,ליטר,false,1,29.90,7.8684,true,1,525690
5099873006504,false,"וויסקי ג'ק דניאלס פייר 700 מ""ל",בראון,,"ויסקי גק דניאלס פייר 700 מ""ל",מיליליטרים,700.00,"100 מ""ל",false,1,109.90,15.7000,true,1,487395
5099873017623,false,"גק דניאלס טנסי אפל 700 מ""ל",ג'ק דניאלס Jack Daniel's,BE,וויסקי גיק דניאלס טנסי אפל 700 מל,מיליליטרים,700.00,"100 מ""ל",false,6,109.90,15.7000,true,1,515581
5099873038758,false,וויסקי ג'נטלמן ג'ק Gentleman Jack,ג'ק דניאלס Jack Daniel's,US,וויסקי גנטלמן גק 700מל,מיליליטרים,700.00,"100 מ""ל",false,1,139.90,19.9857,true,1,483608
5099873045855,false,מארז מתכת ויסקי גק ד,בראון,US,מארז מתכת ויסקי גק דניאלס 700 מל+2 כוס,מיליליטרים,700.00,"100 מ""ל",false,6,109.90,15.7000,true,1,528268
5200100943787,false,עוגיות סנדוויץ שיבול,Violanta Cookies S.A,GR,עוגיות סנדוויץ שיבולת שועל קרם שוקולד מר,גרמים,180.00,100 גרם,false,12,10.90,6.0556,true,1,516725
5200100943824,false,עוגיות סובין במילוי,Violanta Cookies S.A,GR,עוגיות סובין במילוי קרם טחינה 170 גר,גרמים,170.00,100 גרם,false,12,10.90,6.4118,true,1,516727
5200106871084,true,יוגורט יווני 150 גר,,,יוגורט יווני 150 גר,גרמים,150.00,100 גרם,false,,6.90,4.6000,true,1,505882
5200106871121,false,יוגורט יווני 1ק''ג,,,"יוגורט יווני 1 ק""ג",קילוגרמים,1.00,"ק""ג",false,1,29.90,29.9000,true,1,505165
5200106871251,false,יוגורט יווני 350 גר,,,יוגורט יווני 350 גר,גרמים,350.00,100 גרם,false,1,11.90,3.4000,true,1,505164
5200106871275,false,יוגורט יווני 0% 350,,,יוגורט יווני 0% 350 גר,גרמים,350.00,100 גרם,false,1,11.90,3.4000,true,1,512582
5200133120506,false,גליליות וופלים קרם אגוזים וקקאו 150ג',קוארטט אס.אי,GR,גליליות וופלים קרם אגוזים וקקאו 150 גר,גרמים,150.00,100 גרם,false,1,6.90,4.6000,true,1,498834
5201003110702,false,אוזו 12 700 מל,,,"אוזו 12 700 מ""ל",מיליליטרים,700.00,"100 מ""ל",false,1,89.90,12.8429,true,1,460646
5201004020338,false,קפריס וופל רול ממולא קרם אגוזי לוז 400 ג',פפדופולוס,GR,וופל רולס קפריס קלאסיק 400 גר,גרמים,400.00,100 גרם,false,1,19.90,4.9750,true,1,504943
5201178801054,false,"ניוואה קרם רב שימושי 250מ""ל",טרופיקל דגיל תעשיות,DE,ניוואה קרם רב שימושי 250 מל,מיליליטרים,250.00,"100 מ""ל",false,1,29.90,11.9600,true,1,514151
5201306800812,false,זית קלמטה 465 גר,,,זית קלמטה 465 גר,גרמים,465.00,100 גרם,false,12,26.90,5.7849,true,1,519218
5201306803400,false,זיתים מושחרים 465 גר,אינטרקום יוון,,זיתים מושחרים 465 גר,גרמים,465.00,100 גרם,false,12,26.90,5.7849,true,1,460668
5201306803455,false,זיתים ירוקים 465 גר,אינטרקום יוון,,זיתים ירוקים 465 גר,גרמים,465.00,100 גרם,false,12,26.90,5.7849,true,1,478273
5201306810415,false,זיתים ירוקים בעשבי ת,,,זיתים ירוקים בעשבי תיבול 150 גר,גרמים,150.00,100 גרם,false,1,12.90,8.6000,true,1,527553
5201306810422,false,זיתי קלמטה יווני 150,,,זיתי קלמטה יווני 150 גר,גרמים,150.00,100 גרם,false,1,12.90,8.6000,true,1,527551
5201306810439,false,מיקס זיתי יווני בעשב,,,מיקס זיתי יווני בעשבי תיבול 150 גר,גרמים,150.00,100 גרם,false,1,12.90,8.6000,true,1,527552
5201340003385,false,טונה מעושנת שמן סויה 160 ג' TRATA,,,טונה מעושנת שמן סויה 160 גר,גרמים,160.00,100 גרם,false,36,14.90,9.3125,true,1,521250
5201340003392,false,טונה מעושנת בלימון 160 ג' TRATA,,,טונה מעושנת בלימון 160 גר,גרמים,160.00,100 גרם,false,36,14.90,9.3125,true,1,521251
5201340026704,false,טונה מעושנת פיקנטי 160 ג' TRATA,,,טונה מעושנת פיקנטי 160 גר,גרמים,160.00,100 גרם,false,36,14.90,9.3125,true,1,521248
5201347160326,false,"ג'ל למניעת אבנית, 750 מ""ל קלגון",קלגון Calgon,,"גל למניעת אבנית קלגון 750 מ""ל",מיליליטרים,750.00,"100 מ""ל",false,1,24.90,3.3200,true,1,495151
5201940010011,false,זיתים שחורים טבעיים בפח 454 גרם,סיוארס אס.איי,GR,זיתים שחורים טבעיים,גרמים,454.00,100 גרם,false,1,17.90,3.9427,true,1,460690
5201940040117,false,זיתים ירוקים במלח דב,סוילה,GR,זיתים ירוקים במלח 700 גר,גרמים,700.00,100 גרם,false,6,18.90,2.7000,true,1,500412
5201940050123,false,זיתים ירוקים ללא גלע,סוילה,GR,זיתים ירוקים ללא גלעין במלח 700 גר,גרמים,700.00,100 גרם,false,6,18.90,2.7000,true,1,500411
5201940060078,false,זיתים קלמטה במלח 700,,,זיתים קלמטה במלח 700 גר,גרמים,700.00,100 גרם,false,1,18.90,2.7000,true,1,460694
5201940090082,false,זיתים מעורבים במלח 7,,,זיתים מעורבים במלח 710 גר,גרמים,710.00,100 גרם,false,1,18.90,2.6620,true,1,525509
5202152213108,false,זיתים קלמטה במי מלח,,,זיתים קלמטה במי מלח 370 גר,גרמים,370.00,100 גרם,false,1,14.90,4.0270,true,1,525437
5202175001515,false,נאצ'וס בטעם מלוח 225 גרם,אל סבור מקסיקן פוד,TW,ציפס נאצו מלוח 225 גר,גרמים,225.00,100 גרם,false,1,10.90,4.8444,true,1,495427
5202175001546,false,נאצ'וס בטעם ברביקיו 225 גרם,אל סבור מקסיקן פוד,TW,ציפס נאצו בטעם ברביקיו 225 גר,גרמים,225.00,100 גרם,false,1,10.90,4.8444,true,1,495426
5202390015618,false,גבינה צהובה טבעונית אורגינל ויאו לייף 200 ג',אריביה אס.אי. 57022,GR,ויולייף צהובה טבעונית פרוסה 200 גר,גרמים,200.00,100 גרם,false,1,19.90,9.9500,true,1,516399
5202390015885,false,ויולייף צדר פרוסות 2,,,ויולייף צדר פרוסות 200 גר,גרמים,200.00,100 גרם,false,12,19.90,9.9500,true,1,525837
5202390016141,false,גבינה מוצרלה צהובה לפיצה טבעונית ויאו לייף 400 ג',פרוטרופיק סיה.,GR,ויולייף מוצרלה טבעונית לפיצה גוש 400 גר,גרמים,400.00,100 גרם,false,1,24.90,6.2250,true,1,516402
5202390019319,false,מוצרלה טבעונית מגוררת ויולייף 200ג',קראפט,,ויולייף מוצרלה טבעונית מגורדת 200 גר,גרמים,200.00,100 גרם,false,1,24.90,12.4500,true,1,516401
5202390020407,false,פטה טבעונית גוש ויולייף 200 ג',פרוטרופיק סיה.,GR,ויולייף פטה טבעונית גוש 200 גר,גרמים,200.00,100 גרם,false,1,23.90,11.9500,true,1,516400
5202390022319,false,ויולייף צדר מגורדת 1,,,ויולייף צדר מגורדת 150 גר,גרמים,150.00,100 גרם,false,12,19.90,13.2667,true,1,525838
5202413007019,false,ערק אוזו פלומארי 700,Plomari ouzo distill,GR,"ערק אוזו פלומארי 700 מ""ל",מיליליטרים,700.00,"100 מ""ל",false,1,79.90,11.4143,true,1,505219
5202429109394,false,זיתים מושחרים אליטה,,,זיתים מושחרים אליטה 820 מל,גרמים,820.00,100 גרם,false,1,19.90,2.4268,true,1,517789
5202795080709,false,אוזו מטקסה Ouzo Metaxa,פארייפאבה אגרואינדוס,GR,אוזו מטקסה 0.7 ל,מיליליטרים,700.00,"100 מ""ל",false,1,79.90,11.4143,true,1,467598
5202795120054,false,ברנדי יווני מטאקסה 5,רמי קואנטרו,,"ברנדי יווני ""מטאקסה""",מיליליטרים,700.00,"100 מ""ל",false,1,94.90,13.5571,true,1,460699
5202795130022,false,ברנדי מטאקסה 700 מל,רמי קואנטרו,,ברנדי מטאקסה 0.7ל,מיליליטרים,700.00,"100 מ""ל",false,1,119.90,17.1286,true,1,473173
5203819013444,false,מארז אוזו מלטמי 38%,,,מארז אוזו מלטמי 38% 700 מל+כוס,מיליליטרים,700.00,"100 מ""ל",false,1,74.90,10.7000,true,1,512647
5208049001841,false,פאל מאל דמי קפסולה מנטה,גלוברנס,,פאל מאל סלימס דמי קפסולה,Unknown,0.00,Unknown,false,1,26.00,0.0000,false,1,507356
5291732000382,false,וורמוט אוטוס אטנס 70,,GR,"וורמוט אוטוס אטנס 700 מ""ל",מיליליטרים,700.00,"100 מ""ל",false,6,89.90,12.8429,true,1,510599
5391523058063,false,סימילאק אדבנס פלוס 1 תרכובת מזון על בסיס חלב,טרופיקל דגיל תעשיות,IE,מזון לתינוקות סימילאק אדבנס פלוס 1 700 ג,גרמים,700.00,100 גרם,false,1,69.90,9.9857,true,1,500418
5391523270021,false,ויסקי אירי טילינג סמ,טילינג,,"וויסקי אירי טילינג סמול באטש 700 מ""ל",מיליליטרים,700.00,"100 מ""ל",false,1,159.90,22.8429,true,1,484607
5391524713152,false,רום כהה אייט איילנדס,,,רום כהה אייט איילנדס 700 מל,מיליליטרים,700.00,"100 מ""ל",false,1,109.90,15.7000,true,1,518913
5391533970003,false,ויסקי סינגל מאלט סקס,,,"ויסקי סינגל מאלט סקסטון 700 מ""ל",מיליליטרים,700.00,"100 מ""ל",false,1,139.90,19.9857,true,1,509970
5400141323788,false,חטיף בטעם חמוצים 200,,,חטיף בטעם חמוצים 200 גר,גרמים,200.00,100 גרם,false,1,13.90,6.9500,true,1,517222
5400141353969,false,רוטב לפסטה מסקרפונה,,,רוטב לפסטה מסקרפונה 420 גר,גרמים,420.00,100 גרם,false,1,19.90,4.7381,true,1,517213
5400265022796,false,שוקול'ס-דפדפי שוקולד חלב 125 גר,HAMLET NV,,המלט דפדפי שוקולד קר,גרמים,125.00,100 גרם,false,1,16.90,13.5200,true,1,460803
5400265022802,false,המלט דפדפי שוקולד 57% קקאו 125 גר,HAMLET NV,,המלט דפדפי שוקולד 57,גרמים,125.00,100 גרם,false,1,16.90,13.5200,true,1,460804
5400265022819,false,המלט דפדפי שוקולד קריספי אגוז 125 גר,HAMLET NV,,המלט דפדפי שוקולד קר,גרמים,125.00,100 גרם,false,1,16.90,13.5200,true,1,460805
5400265022826,false,המלט דפדפי שוקולד קריספי תפוז 125 גר,HAMLET NV,,המלט דפדפי שוקולד קר,גרמים,125.00,100 גרם,false,1,16.90,13.5200,true,1,460806
5400265024226,false,קופידו פרלינים בלגים,HAMLET NV,,קופידו-פרלינים בלגים,גרמים,150.00,100 גרם,false,1,18.90,12.6000,true,1,460808
5400265024240,false,קופידו פרלינים בלגים,HAMLET NV,,קופידו-פרלינים בלגים,גרמים,150.00,100 גרם,false,1,18.90,12.6000,true,1,460810
5400265024349,false,המלט מאפה בצק עלים מסוכר 250 ג',HAMLET NV,,המלט-מאפה בצק עלים מ,גרמים,250.00,100 גרם,false,1,12.90,5.1600,true,1,460811
5400265032344,false,המלט מתנה ליין לאב מ,,,המלט מתנה ליין לאב מעורב 250 גר,גרמים,250.00,100 גרם,false,1,49.90,19.9600,true,1,519424
5400265032993,false,נשיקות מרנג לבן המלט,,,נשיקות המלט מרנג לבן 100גר,גרמים,100.00,100 גרם,false,1,11.90,11.9000,true,1,481292
5400265033006,false,נשיקות מרנג צבעוני ה,,,נשיקות המלט מרנג צבעוני 100גר,גרמים,100.00,100 גרם,false,1,11.90,11.9000,true,1,478868
5400265037035,false,בובת סנטה המלט 55 גר,,,בובת סנטה המלט 55 גר,גרמים,55.00,100 גרם,false,24,9.90,18.0000,true,1,521314
5400265037998,false,בובת סנטה המלט 125 ג,,,בובת סנטה המלט 125 גר,גרמים,125.00,100 גרם,false,1,18.90,15.1200,true,1,528230
5400265039428,false,בונבוניירה המלט פרלי,,,בונבוניירה המלט פרלינים קריסמס 500 גר,גרמים,500.00,100 גרם,false,1,99.90,19.9800,true,1,528228
5400265040745,false,המלט מתנה ליין מנוקד,,,המלט מתנה ליין מנוקד מעורב 250 גר,גרמים,250.00,100 גרם,false,1,49.90,19.9600,true,1,519428
5410059024721,false,שוקולד מריר בלגי 200,,,שוקולד מריר בלגי 200 גר,גרמים,200.00,100 גרם,false,1,16.90,8.4500,true,1,526276
5410126006087,false,לוטוס עוגיות קרמל 700 גרם,כלורוקס אוקלנד,BE,"ביסקוויט ""לוטוס"" קרמל 700 גר",גרמים,700.00,100 גרם,false,1,24.90,3.5571,true,1,472664
5410126006360,false,לוטוס עוגיות סנדוויץ' במילוי לוטוס 150 גר',לוטוס ביקרי בלגיה נ.,BE,עוגיות לוטוס במילוי קרם לוטוס 150 גר,גרמים,150.00,100 גרם,false,1,9.90,6.6000,true,1,518997
5410126037005,false,מאגדת גלידה לוטוס 28,לוטוס ביקרי נ.וי.,,מאגדת גלידה לוטוס על מקל 284 גר רביעייה,גרמים,284.00,100 גרם,false,12,49.90,17.5704,true,1,504717
5410126106022,false,לוטוס מארז חגים 250X2 גר',לוטוס בייקרי,BE,מארז חגים עוגיות לוטוס 2*250,גרמים,500.00,100 גרם,false,,15.90,3.1800,true,1,513455
5410126106183,false,ביסקוויט קרמל 312גרם 50יח,כלורוקס אוקלנד,BE,ביסקויט קרמל לוטוס 3,גרמים,312.00,100 גרם,false,1,15.90,5.0962,true,1,460833
5410126116953,false,ממרח עוגיות קרמל 400 ג' לוטוס,לוטוס בייקרי בלגיה נ,BE,"ממרח עוגיות ""לוטוס"" קרמל 400 גר",גרמים,400.00,100 גרם,false,1,19.90,4.9750,true,1,469270
5410126297003,false,גלידה לוטוס שלגון לב,,,גלידה לוטוס שלגון לבן רביעייה 284 גר,גרמים,284.00,100 גרם,false,1,49.90,17.5704,true,1,524791
5410126666038,false,עוגיות לוטוס 18*2 279 גרם,לוטוס ביקרי,BE,עוגיות לוטוס 279 גר,גרמים,279.00,100 גרם,false,10,9.90,3.5484,true,1,501941
5410126716016,false,"ביסקוויט בטעם קרמל לוטוס בד""צ 250 ג'",לוטוס ביקרי בלגיה,BE,ביסקויט בטעם קרמל לו,גרמים,250.00,100 גרם,false,1,11.90,4.7600,true,1,460834
5410126726947,false,ממרח עוגיות לוטוס קראנץ' 380 גרם,לוטוס בייקרי בלגיה נ,BE,ממרח עוגיות לוטוס קראנץי 380 גר,גרמים,380.00,100 גרם,false,1,19.90,5.2368,true,1,475300
5410228142089,false,בירה לף לונד בלונד 3,קרלסברג יבוא יצוא,,"בירה ""לף"" בלונד",מיליליטרים,330.00,"100 מ""ל",false,24,10.90,3.3030,true,1,460839
5410228267515,false,בירה באדוויזר שישייה,באדווייזר Budweiser,,"בירה באדוויזר בק 330 מ""ל שישייה",מיליליטרים,1980.00,"100 מ""ל",false,1,34.90,1.7626,true,1,509073
5410291021991,false,ממרח אגוזי לוז עם קקאו,צ'וקטה Chocketa,,ממרח צוקטה אגוזי לוז עם קקאו 700 גר,גרמים,700.00,100 גרם,false,1,19.90,2.8429,true,1,485382
5410291022011,false,ממרח אגוזי לוז עם קקאו 350 גרם חלב נכרי,צ'וקטה Chocketa,,ממרח צוקטה אגוזי לוז עם קקאו 350 גר,גרמים,350.00,100 גרם,false,1,11.90,3.4000,true,1,485381
5410291022738,false,צ'וקטה ממרח חלב ואגוזי לוז עם קקאוי 350ג',צ'וקטה Chocketa,,ממרח דואו צוקטה 350 גר,גרמים,350.00,100 גרם,false,1,11.90,3.4000,true,1,518962
5410316983693,false,"אייס סמירנוף בודד 275 מ""ל",סמירנוף אייס Smirnoff ice,IT,אייס סמירנוף,מיליליטרים,275.00,"100 מ""ל",false,1,12.90,4.6909,true,1,460852
5410316994019,false,"וודקה סמירנוף אדום 700מ""ל",דיאג'ו אופריישנס איט,US,וודקה סמירנוף 0.7 ל,מיליליטרים,700.00,"100 מ""ל",false,1,54.90,7.8429,true,1,470576
5410481080098,false,נוגט פירות אקזוטיים,,,נוגט פירות אקזוטיים פרוסה קרלייר 150 גר,גרמים,150.00,100 גרם,false,1,21.90,14.6000,true,1,519414
5410481080104,false,נוגט פיסטוק פרוסה קר,,,נוגט פיסטוק פרוסה קרלייר 150 גר,גרמים,150.00,100 גרם,false,1,21.90,14.6000,true,1,519415
5410481080166,false,נוגט וניל עם שקדים ק,,,נוגט וניל עם שקדים קרלייר 100 גר,גרמים,100.00,100 גרם,false,1,13.90,13.9000,true,1,524510
5410481080180,false,נוגט תות פיסטוק וקקא,,,נוגט תות פיסטוק וקקאו קרלייר 100 גר,גרמים,100.00,100 גרם,false,1,13.90,13.9000,true,1,524512
5410658902413,false,קפסולות קפה אלומיניום דרגת חוזק 08 Fortisimo- Espresso,,,קפסולות קפה פורטיסימו אספרסו 08,Unknown,0.00,Unknown,false,1,11.90,0.0000,true,1,496408
5410658902420,false,קפסולות קפה אלומיניום דרגת חוזק 10 Fortisimo- Espresso,,,קפסולות קפה פורטיסימו ריסטרטו 10,Unknown,0.00,Unknown,false,1,11.90,0.0000,true,1,496407
5410658902437,false,קפסולות קפה אלומיניום דרגת חוזק 07 Fortisimo- Espresso,,,קפסולות קפה פורטיסימו לונגו פורטה 07,Unknown,0.00,Unknown,false,1,11.90,0.0000,true,1,496409
5410658902444,false,קפסולות קפה אלומיניום דרגת חוזק 14 Fortisimo- Espresso,,,קפסולות קפה פורטיסימו לונגו קלאסיק 04,Unknown,0.00,Unknown,false,1,11.90,0.0000,true,1,496410
5410658902819,false,קפסולות קפה אלומיניום דרגת חוזק 12 Fortisimo- Espresso,,,קפסולות קפה פורטיסימו ריסטרטו 12,Unknown,0.00,Unknown,false,1,11.90,0.0000,true,1,499898
5410769100081,false,בירה לה שוף בקבוק 33,"איי, בי, אינבוו",BE,"בירה לה שוף 330 מ""ל",מיליליטרים,330.00,"100 מ""ל",false,1,13.90,4.2121,true,1,489981
5410769100098,false,בירה לה שוף בק 750 מ,,,"בירה לה שופ 0.75ל""",מיליליטרים,750.00,"100 מ""ל",false,1,29.90,3.9867,true,1,500200
5410769200088,false,בירה מק שוף בקבוק 33,פארייפאבה אגרואינדוס,BE,"בירה מק שוף 330 מ""ל",מיליליטרים,330.00,"100 מ""ל",false,1,13.90,4.2121,true,1,489982
5410769200095,false,בירה מק שוף בק 750 מ,,,בירה לה שופ בלגי,מיליליטרים,750.00,"100 מ""ל",false,1,31.90,4.2533,true,1,500201
5410769800097,false,בירה צרי שוף 8% בקבו,פארייפאבה אגרואינדוס,BE,"בירה צרי שוף 8% 330 מ""ל",מיליליטרים,330.00,"100 מ""ל",false,1,13.90,4.2121,true,1,493363
5410769800554,false,בירה צרי שוף בק 750,,,"בירה צרי שוף בק 750 מ""ל",מיליליטרים,750.00,"100 מ""ל",false,1,29.90,3.9867,true,1,506270
5410976828013,false,גיליאן שוקולד חלב מו,,,גיליאן שוקולד חלב מוקרם 100 גר,גרמים,100.00,100 גרם,false,12,14.90,14.9000,true,1,527409
5410976853015,false,גיליאן שוקולד שקד מק,,,גיליאן שוקולד שקד מקורמל 100 גר,גרמים,100.00,100 גרם,false,12,14.90,14.9000,true,1,527411
5411081000523,false,בירה קסטיל דונקר 330,מבשלת קסטל ואן הונסב,BE,"בירה קסטיל דונקר 330 מ""ל",מיליליטרים,330.00,"100 מ""ל",false,1,12.90,3.9091,true,1,460860
5411081000677,false,בירה קסטיל טריפל 330,מבשלת קסטל ואן הונסב,BE,"בירה קסטיל טריפל 330 מ""ל",מיליליטרים,330.00,"100 מ""ל",false,1,12.90,3.9091,true,1,468516
5411081003654,false,בירה קסטיל רוז 330 מ,מבשלת קסטל ואן הונסב,BE,"בירה קסטיל רוז 330 מ""ל",מיליליטרים,330.00,"100 מ""ל",false,1,12.90,3.9091,true,1,460862
5411081003661,false,בירה קסטיל רוז 750 מ,מבשלת קסטל ואן הונסב,,"בירה קסטיל רוז 750 מ""ל",מיליליטרים,750.00,"100 מ""ל",false,1,32.90,4.3867,true,1,460863
5411081005696,false,בירה קסטיל בריסטה שו,מבשלת קסטל ואן הונסב,,"בירה קסטיל בריסטה שוקולד 330 מ""ל",מיליליטרים,330.00,"100 מ""ל",false,1,12.90,3.9091,true,1,501784
5411081008192,false,בירה קסטיל רוז פחית,מבשלת קסטל ואן הונסב,,בירה קסטיל רוז פחית 330 מל,מיליליטרים,330.00,"100 מ""ל",false,1,12.90,3.9091,true,1,527844
5411081009007,false,בירה קסטיל אקסטרה 33,מבשלת קסטל ואן הונסב,,בירה קסטיל אקסטרה 330 מל,מיליליטרים,330.00,"100 מ""ל",false,1,12.90,3.9091,true,1,522742
5411188081852,false,אלפרו משקה סויה בטעם וניל 1 ל',הנסיך- מפעל לייצור ט,BE,חלב סויה וניל 1 ל,ליטרים,1.00,ליטר,false,1,13.90,13.9000,true,1,474832
5411188094159,false,מעדן סויה שוקולד בלגי אלפרו 4*125 ג',הנסיך- מפעל לייצור ט,BE,"רביעיית מעדן סויה ""א",גרמים,500.00,100 גרם,false,6,17.90,3.5800,true,1,460867
5411188094173,false,רביעיה מעדן סויה טעם קרמל 125 ג' אלפרו,אלפרו,BE,מעדן סויה מנה בטעם קרמל רביעייה,גרמים,500.00,100 גרם,false,1,17.90,3.5800,true,1,491255
5411188096108,false,"אלפרו שמנת צמחית לבישול לייט 250מ""ל",אלפרו C.V.A,BE,רוטב סויה לבישול 4.7% אלפרו 250 מל,מיליליטרים,250.00,"100 מ""ל",false,1,9.90,3.9600,true,1,460868
5411188110835,false,אלפרו חלב סויה שקדים וניל 1ל',הנסיך- מפעל לייצור ט,BE,חלב שקדים אלפרו 1 לי,ליטרים,1.00,ליטר,false,1,13.90,13.9000,true,1,471236
5411188112549,false,אלפרו משקה אורז 1 ליטר,הנסיך- מפעל לייצור ט,BE,"מקשה אורז ""אלפרו"" 1 ל",ליטרים,1.00,ליטר,false,1,13.90,13.9000,true,1,474940
5411188112709,false,משקה אלפרו שקדים ללא סוכר 1 ליטר,הנסיך- מפעל לייצור ט,BE,אלפרו משקה שקדים ללא סוכר,ליטרים,1.00,ליטר,false,1,13.90,13.9000,true,1,486393
5411188115366,false,אלפרו משקה שיבולת שועל 1 ליטר,הנסיך- מפעל לייצור ט,BE,"משקה שיבולת שועל ""אלפרו"" 1 ל",ליטרים,1.00,ליטר,false,1,13.90,13.9000,true,1,474939
5411188115434,false,משקה אלפרו בריסטה סויה 1 ליטר,אלפרו Alpro,BE,משקה אלפרו בריסטה סויה 1 ל,ליטרים,1.00,ליטר,false,1,14.90,14.9000,true,1,523191
5411188115472,false,אלפרו משקה סויה 1 ליטר,הנסיך- מפעל לייצור ט,BE,משקה סויה אלפרו 1 ל,ליטרים,1.00,ליטר,false,1,14.90,14.9000,true,1,513479
5411188118732,false,אלפרו חלב משקה קוקוס שקדים 1 ל',הנסיך- מפעל לייצור ט,BE,משקה שקדים אלפרו קוקוס 1 ל,ליטרים,1.00,ליטר,false,1,13.90,13.9000,true,1,482887
5411188120742,false,אלפרו חלב משקה שקדים בטעם וניל 1 ל',הנסיך- מפעל לייצור ט,BE,משקה שקדים אלפרו בטעם וניל 1 ל,ליטרים,1.00,ליטר,false,1,13.90,13.9000,true,1,482886
5411188121923,false,"אלפרו משקה סויה סידן מארז 250X3מ""ל",הנסיך- מפעל לייצור ט,BE,"משקה סויה אלפרו 250 מ""ל שלישייה",מיליליטרים,750.00,"100 מ""ל",false,1,13.90,1.8533,true,1,498616
5411188121978,false,"משקה סויה בטעם שוקולד 3 * 250 מ""ל אלפרו",אלפרו C.V.A,BE,"משקה סויה אלפרו 250 מ""ל שלישייה",מיליליטרים,750.00,"100 מ""ל",false,1,13.90,1.8533,true,1,494991
5411188124689,false,משקה שיבולת שועל ללא סוכר 1ל' אלפרו,אלפרו Alpro,BE,משקה שיבולת שועל ללס אלפרו 1 ל,ליטרים,1.00,ליטר,false,8,14.90,14.9000,true,1,514118
5411188124726,false,אלפרו משקה שיבולת שועל שקדים 1 ל',הדקלאים אגודת שיתופי,BE,משקה שיבולת שועל שקדים אלפרו 1 ל,ליטרים,1.00,ליטר,false,1,13.90,13.9000,true,1,495614
5411188127697,false,משקה בריסטה שיבולת שועל 1ל' אלפרו,הנסיך- מפעל לייצור ט,BE,משקה אלפרו בריסטה שיבולת שועל 1 ל,ליטרים,1.00,ליטר,false,1,14.90,14.9000,true,1,513482
5411188129899,false,משקה אלפרו בריסטה שקדים 1 ליטר,הנסיך- מפעל לייצור ט,BE,משקה אלפרו בריסטה שקדים 1 ל,ליטרים,1.00,ליטר,false,1,14.90,14.9000,true,1,513483
5411188134985,false,אלפרו 3.5% NOT M*LK שיבולת שועל 1 ליטר בית יוסף,הנסיך- מפעל לייצור ט,BE,משקה שיבולת שועל 3.5% אלפרו 1 ל,ליטרים,1.00,ליטר,false,1,13.90,13.9000,true,1,520114
5411188135005,false,אלפרו 1.8% NOT M*LK שיבולת שועל 1 ליטר בית יוסף,הנסיך- מפעל לייצור ט,BE,משקה שיבולת שועל 1.8% אלפרו 1 ל,ליטרים,1.00,ליטר,false,1,13.90,13.9000,true,1,520115
5411188300328,false,"אלפרו משקה סויה שוקו 500מ""ל",הנסיך- מפעל לייצור ט,BE,"חלב סויה ""אלפרו"" שוקו 1 ל",ליטרים,1.00,ליטר,false,1,13.90,13.9000,true,1,474831
5411188513483,false,"אלפרו סויה לבישול 14% שומן 250 מ""ל",אלפרו C.V.A,BE,רוטב סויה לבישול 14% אלפרו 250 מל,מיליליטרים,250.00,"100 מ""ל",false,1,9.90,3.9600,true,1,524343
5411188543398,false,משקה סויה ללא סוכר 1 ל' אלפרו,הנסיך- מפעל לייצור ט,BE,משקה סויה אלפרו ללא סוכר 1 ל,ליטרים,1.00,ליטר,false,1,14.90,14.9000,true,1,513480
5411223030081,false,בירה קריק דובדבנים 2,מבשלת לינדמנס,,"בירה לינדמנס דובדבן 250 מ""ל",מיליליטרים,250.00,"100 מ""ל",false,1,13.90,5.5600,true,1,484222
5411223100579,false,בירה לינדמנס תפוחים,מבשלת לינדמנס,,"בירה לינדמנס תפוחים 250 מ""ל",מיליליטרים,250.00,"100 מ""ל",false,1,13.90,5.5600,true,1,508455
5411223100838,false,בירה לינדמנס אפרסק 2,מבשלת לינדמנס,,"בירה לינדמנס אפרסק 250 מ""ל",מיליליטרים,250.00,"100 מ""ל",false,1,13.90,5.5600,true,1,508347
5411616002190,false,בירה מרטינס סטרונג 8,מבשלת מרטנס,BE,בירה מרטנס חזק 500מל,מיליליטרים,500.00,"100 מ""ל",false,1,7.90,1.5800,true,1,478687
5411616133245,false,בירה מרטנס לאגר פחית,מבשלת מרטנס,BE,"בירה ""מרטנס ירוק"" 50",מיליליטרים,500.00,"100 מ""ל",false,1,7.90,1.5800,true,1,460875
5411616148546,false,בירה מרטנס גולד פחית,מבשחת מרטנס,BE,"בירה ""מרטנס גולד"" 50",מיליליטרים,500.00,"100 מ""ל",false,1,7.90,1.5800,true,1,460877
5411676800453,false,בירה בלאנש 330 מל,BUDVIZER BUDVAR,,בירה בלאנש 330 מל,מיליליטרים,330.00,"100 מ""ל",false,1,10.90,3.3030,true,1,523956
5411681014005,false,בירה דובל בקבוק 330,פארייפאבה אגרואינדוס,IL,"בירה דובל 330 מ""ל",מיליליטרים,330.00,"100 מ""ל",false,1,13.90,4.2121,true,1,484220
5411681038001,false,בירה מרדסוס טריפל חז,"איי, בי, אינבוו",BE,"בירה מרדסוס טריפל חזקה 330 מ""ל",מיליליטרים,330.00,"100 מ""ל",false,1,13.90,4.2121,true,1,484219
5411681038056,false,בירה מרדסו טריפל בק,,,"בירה מרדסו טריפל בק 750 מ""ל",מיליליטרים,750.00,"100 מ""ל",false,1,29.90,3.9867,true,1,500202
5411681402635,false,בירה דובל בק 750 מל,,,"בירה דובל בק 750 מ""ל",מיליליטרים,750.00,"100 מ""ל",false,1,29.90,3.9867,true,1,500203
5411686700118,false,בירה ליפמנס קריק ברו,לפימנס,BE,"בירה ליפמנס און דה רוקס 250 מ""ל",מיליליטרים,250.00,"100 מ""ל",false,1,13.90,5.5600,true,1,484224
5412186000043,false,בירה דליריאום חזקה ב,L.HUYGHE,,בירה דליריאום חזקה בלונד 750 מל,מיליליטרים,750.00,"100 מ""ל",false,1,34.90,4.6533,true,1,460890
5412186000098,false,בירה דליריאום חזקה,L.HUYGHE,,בירה דליריאום חזקה בלונד 330 מל,מיליליטרים,330.00,"100 מ""ל",false,1,14.90,4.5152,true,1,460891
5412186000715,false,בירה דליריאום חזקה,L.HUYGHE,,בירה דליריאום חזקה כהה 330 מל,מיליליטרים,330.00,"100 מ""ל",false,1,14.90,4.5152,true,1,460897
5412186002436,false,בירה דליריאום רד בט,L.HUYGHE,,בירה דליריאום רד בטעם פירות 330 מל,מיליליטרים,330.00,"100 מ""ל",false,1,14.90,4.5152,true,1,493146
5412186003495,false,בירה דליריאום רד בט,L.HUYGHE,,בירה דליריאום רד בטעם פירות 750 מל,מיליליטרים,750.00,"100 מ""ל",false,1,34.90,4.6533,true,1,528247
5412186003594,false,בירה דליריאום אמבר,L.HUYGHE,,בירה דליריאום אמבר 330 מל,מיליליטרים,330.00,"100 מ""ל",false,1,14.90,4.5152,true,1,528248
5412956120162,false,מקל סנטה קריסמס 100,KIMS CHOCOLATES,BE,מקל סנטה קריסמס 100 גר,גרמים,100.00,100 גרם,false,1,24.90,24.9000,true,1,527874
5412956120674,false,בונבוניירה קאשט מרוב,,,בונבוניירה קאשט מרובע ורוד 315 גר,גרמים,315.00,100 גרם,false,1,54.90,17.4286,true,1,518654
5412956120711,false,בית של סנטה קריסמס 1,KIMS CHOCOLATES,BE,בית של סנטה קריסמס 100 גר,גרמים,100.00,100 גרם,false,1,20.90,20.9000,true,1,527875
5412956214519,false,שוקולד מריר תפוז ושק,Kim's Chocolates NV,BE,שוקולד מריר תפוז ושקדים קאשט 100 גר,גרמים,100.00,100 גרם,false,1,9.90,9.9000,true,1,499932
5412956214526,false,שוקולד מריר אגס ושקד,Kim's Chocolates NV,BE,שוקולד מריר אגס ושקדים קאשט 100 גר,גרמים,100.00,100 גרם,false,1,9.90,9.9000,true,1,499929
5412956214540,false,שוקולד מריר גינגר וא,Kim's Chocolates NV,BE,שוקולד מריר גינגר ואוכמניות קאשט 100 גר,גרמים,100.00,100 גרם,false,1,9.90,9.9000,true,1,499931
5412956214649,false,שוקולד מריר 85% קקאו,Kim's Chocolates NV,BE,שוקולד מריר 85% קקאו קאשט 100 גר,גרמים,100.00,100 גרם,false,1,9.90,9.9000,true,1,499928
5412956214670,false,שוקולד מריר 70% קקאו,Kim's Chocolates NV,BE,שוקולד מריר 70% קקאו קאשט 100 גר,גרמים,100.00,100 גרם,false,1,9.90,9.9000,true,1,499926
5413121355082,false,שוקולד פרסטיז בלגיאן,BCG,,"פרסטיז"" שוקולד בלגי",גרמים,100.00,100 גרם,false,1,12.90,12.9000,true,1,460912
5413121355099,false,בלג'יאן-שוקולד מריר 72% פוךי קפה 100ג',BCG,,"פרסטיז"" שוקולד בלגי",גרמים,100.00,100 גרם,false,1,12.90,12.9000,true,1,460913
5413121355105,false,בלג'יאן-שוקולד חלב משובח 72% 100ג',BCG,,"פרסטיז"" שוקולד בלגי",גרמים,100.00,100 גרם,false,1,12.90,12.9000,true,1,460914
5413121356829,false,שוקולד חלב ללא סוכר,BCG,,"בלג""יאן שוקולד בלגי",גרמים,100.00,100 גרם,false,1,14.90,14.9000,true,1,460917
5413121358694,false,שוקולד פרסטיז בלגיאן,BCG,,"פרסטיז"" שוקולד בלגי",גרמים,100.00,100 גרם,false,1,12.90,12.9000,true,1,460918
5413121365616,false,בלגיאן-שוקולד מריר משובח 90% 100ג',BCG,,בלגיאן שוקולד מריר משובח 90% 100 גר,גרמים,100.00,100 גרם,false,1,12.90,12.9000,true,1,504896
5413121388905,false,"בלג'יאן-טראפלס אגוז ""חג שמח""150גר'",,,בלגיאן טראפלס אגוז חג שמח 150 גר,גרמים,150.00,100 גרם,false,1,14.90,9.9333,true,1,511306
5413149655522,false,"אבקת כביסה שושן צחור 1.25 ק""ג אריאל",פרוקטר אנד גמבל,,אבקת כביסה אריאל שוש,קילוגרמים,1.25,"ק""ג",false,1,14.90,11.9200,true,1,460956
5413149922907,false,"אבקת כביסה קולור וסטייל 5 ק""ג אריאל",אריאל Ariel,,אבקת כביסה אריאל 5 קג,קילוגרמים,5.00,"ק""ג",false,1,39.90,7.9800,true,1,460987
5413149922938,false,"אריאל אבקת כביסה שושן צחור, 5 ק""ג",פרוקטר אנד גמבל,,"אבקת כביסה ""אריאל"" ש",קילוגרמים,5.00,"ק""ג",false,1,39.90,7.9800,true,1,460988
5413149980594,false,פיירי לימון 433 מל,,,פיירי לימון 433 מל,מיליליטרים,433.00,"100 מ""ל",false,1,7.90,1.8245,true,1,528683
5413165430226,true,קפה קלוי וטחון בטעם,,,קפה קלוי וטחון בטעם אייריש קרים 125 גר,גרמים,125.00,100 גרם,false,1,25.90,20.7200,true,1,513957
5413165430332,true,קפה קלוי וטחון בטעם,,,קפה קלוי וטחון בטעם טירמיסו 125 גר,גרמים,125.00,100 גרם,false,1,25.90,20.7200,true,1,513960
5413165430615,true,קפה קלוי וטחון בטעם,,,קפה קלוי וטחון בטעם אגוז 125 גר,גרמים,125.00,100 גרם,false,1,25.90,20.7200,true,1,513959
5413165430660,true,קפה קלוי וטחון בטעם,,,קפה קלוי וטחון בטעם דובדבן 125 גר,גרמים,125.00,100 גרם,false,1,25.90,20.7200,true,1,513953
5413165430684,true,קפה קלוי וטחון בטעם,,,קפה קלוי וטחון בטעם קרמל 125 גר,גרמים,125.00,100 גרם,false,1,25.90,20.7200,true,1,513955
5413165430844,true,קפה קלוי וטחון בטעם,,,קפה קלוי וטחון בטעם פלומביר פטל 125 גר,גרמים,125.00,100 גרם,false,1,25.90,20.7200,true,1,513958
5413165430851,true,קפה קלוי וטחון בטעם,,,קפה קלוי וטחון בטעם שוקולד 125 גר,גרמים,125.00,100 גרם,false,1,25.90,20.7200,true,1,513961
5413548040479,false,בונבוניירה רפאלו 240 גרם,קדבורי,PL,"בונבוניירה ""רפאלו"" 240 גר",גרמים,240.00,100 גרם,false,1,24.90,10.3750,true,1,460995
5414145035622,false,ויסקי בורבון קנטקי ג,סודיקו,US,וויסקי קנטוקי גיק 1ל,מיליליטרים,1000.00,"100 מ""ל",false,6,99.90,9.9900,true,1,474890
5414145036568,false,ליקר קרם קלאב בתוספת,סודיקו,US,"ליקר קרם קלאב אוריגל בתוספת ויסקי 700 מ""",מיליליטרים,700.00,"100 מ""ל",false,6,49.90,7.1286,true,1,502109
5414359898679,false,ציפס צילי אדום 150 ג,ROGER&ROGER,BE,ציפס צילי 150 גר אדום,גרמים,150.00,100 גרם,false,9,9.90,6.6000,true,1,501027
5420066370001,false,טראפל שוקולד בלגי קר,,,טרופל בלגי קרמל 150 גר,גרמים,150.00,100 גרם,false,1,14.90,9.9333,true,1,486996
5420066370025,false,טראפל שוקולד בלגי קפ,,,טרופל בלגי קפה 150 גר,גרמים,150.00,100 גרם,false,1,14.90,9.9333,true,1,486995
5420066370049,false,טראפל שוקולד בלגי תפ,,,טרופל בלגי תפוז 150 גר,גרמים,150.00,100 גרם,false,1,14.90,9.9333,true,1,486997
5420066370384,false,טראפל בלגי אגוזים 150 ג',,,טרופל בלגי אגוזים 150 גר,גרמים,150.00,100 גרם,false,1,14.90,9.9333,true,1,486994
5420066389034,false,שוקולד חלב עם חתיכות,,,שוקולד חלב עם חתיכות בראוני 150 גר,גרמים,150.00,100 גרם,false,1,14.90,9.9333,true,1,524189
5420066389041,false,שוקולד חלב עם נוגט 1,,,שוקולד חלב עם נוגט 150 גר,גרמים,150.00,100 גרם,false,1,14.90,9.9333,true,1,524193
5420066389065,false,שוקולד מריר עם דובדב,,,שוקולד מריר עם דובדבן 150 גר,גרמים,150.00,100 גרם,false,1,14.90,9.9333,true,1,524187
5425017240013,false,בירה חזקה ברוז זוט ב,,,בירה חזקה ברוז זוט בלונד 330 מל,מיליליטרים,330.00,"100 מ""ל",false,1,13.90,4.2121,true,1,526476
5425017240075,false,בירה חזקה ברוז זוט ד,,,בירה חזקה ברוז זוט דאבל 330 מל,מיליליטרים,330.00,"100 מ""ל",false,1,13.90,4.2121,true,1,526477
5425017240457,false,בירה חזקה שטאפה הנדר,,,בירה חזקה שטאפה הנדריק טריפל 330 מל,מיליליטרים,330.00,"100 מ""ל",false,1,13.90,4.2121,true,1,526478
5425017240648,false,בירה חזקה שטאפה הנדר,,,בירה חזקה שטאפה הנדריק קוודרופל 330 מל,מיליליטרים,330.00,"100 מ""ל",false,1,13.90,4.2121,true,1,526479
5425019810061,false,בונבוניירה עץ שוקולד,,,בונבוניירה עץ שוקולד ליקר 240 גר,גרמים,240.00,100 גרם,false,1,51.90,21.6250,true,1,527876
5600241519009,false,סרדין בלמר בשמן זית,,,סרדין בלמר בשמן זית ללא עור ועצמות 120 ג,גרמים,120.00,100 גרם,false,1,22.90,19.0833,true,1,519504
5600241519016,false,סרדין בלמר בשמן זית,,,סרדין בלמר בשמן זית 120 גר,גרמים,120.00,100 גרם,false,1,15.90,13.2500,true,1,519501
5600241519023,false,סרדין בלמר בשמן זית,,,סרדין בלמר בשמן זית ולימון 120 גר,גרמים,120.00,100 גרם,false,1,15.90,13.2500,true,1,519503
5600241519054,false,סרדין בלמר בשמן זית,,,סרדין בלמר בשמן זית פיקנטי 120 גר,גרמים,120.00,100 גרם,false,1,15.90,13.2500,true,1,519502
5600241519061,false,פילה מקרל בלמר בשמן,,,פילה מקרל בלמר בשמן זית 120 גר,גרמים,120.00,100 גרם,false,1,19.90,16.5833,true,1,519505
5600241519115,false,פילה טונה בלמר בשמן,,,פילה טונה בלמר בשמן זית 120 גר,גרמים,120.00,100 גרם,false,1,24.90,20.7500,true,1,519506
5600241519269,false,זוג נתחי טונה קרדום,,,זוג נתחי טונה קרדום בשמן זית 160 גר,גרמים,320.00,100 גרם,false,1,14.90,4.6563,true,1,519514
5600241519276,false,זוג נתחי טונה קרדום,,,זוג נתחי טונה קרדום בשמן חמניות 160 גר,גרמים,320.00,100 גרם,false,1,14.90,4.6563,true,1,519515
5600241519283,false,זוג נתחי טונה קרדום,,,זוג נתחי טונה קרדום ברוטב עגבניות 160 גר,גרמים,320.00,100 גרם,false,1,14.90,4.6563,true,1,519516
5600241519399,false,פילה מקרל קרדום בשמן,,,פילה מקרל קרדום בשמן זית 120 גר,גרמים,120.00,100 גרם,false,1,12.90,10.7500,true,1,519508
5600241519450,false,סרדין קרדום ברוטב עג,,,סרדין קרדום ברוטב עגבניות 120 גר,גרמים,120.00,100 גרם,false,1,8.90,7.4167,true,1,519511
5600241519467,false,סרדין קרדום ברוטב עג,,,סרדין קרדום ברוטב עגבניות פיקנטי 120 גר,גרמים,120.00,100 גרם,false,1,8.90,7.4167,true,1,519512
5600241519481,false,נתחי טונה קרדום בשמן,,,נתחי טונה קרדום בשמן זית 160 גר,גרמים,160.00,100 גרם,false,1,9.90,6.1875,true,1,524397
5600241519498,false,נתחי טונה קרדום בשמן,,,נתחי טונה קרדום בשמן חמניות 160 גר,גרמים,160.00,100 גרם,false,1,9.90,6.1875,true,1,524399
5600241519504,false,נתחי טונה קרדום ברוט,,,נתחי טונה קרדום ברוטב עגבניות 160 גר,גרמים,160.00,100 גרם,false,1,9.90,6.1875,true,1,524398
5601008200444,false,עוגיות גודיס מרבה טבעת מצופה שוקו' חלב 150ג',הנסיך- מפעל לייצור ט,PT,"עוגיות ""מרבה"" גודיס שוקולד חלב 150 גר",גרמים,150.00,100 גרם,false,1,5.90,3.9333,true,1,461047
5601008200451,false,עוגיות גודיס מרבה טבעת מצופה שוקו' מריר 150ג',מרבה Merba,PT,"עוגיות ""מרבה"" גודיס שוקולד מריר 150 גר",גרמים,150.00,100 גרם,false,1,5.90,3.9333,true,1,461048
5601008200468,false,עוגיות מרבה גודיס טבעת מצופה שוקו' לבן 150ג',קריניציה ויטמינה אס,PT,"עוגיות ""מרבה"" גודיס שוקולד לבן 150 גר",גרמים,150.00,100 גרם,false,1,5.90,3.9333,true,1,461049
5601010211070,false,סרדינים במי מלח רמיר,רמירז קונסרב,PT,סרדין במים רמירז 125 גר,גרמים,125.00,100 גרם,false,1,9.90,7.9200,true,1,513311
5601010211087,false,סרדינים פילה בשמן זי,רמירז קונסרב,PT,פילה סרדין בשמן זית רמירז 100 גר,גרמים,100.00,100 גרם,false,1,13.90,13.9000,true,1,513310
5601012837636,true,יין סילק אנד ספייס א,,,יין סילק אנד ספייס אדום 750 מל,מיליליטרים,750.00,"100 מ""ל",false,,59.90,7.9867,true,1,518716
5601217129420,false,דפים למכונת כביסה למניעת העברת צבע,ווליט Woolite,,דפים לכביסה שומרי צבע וולייט 20 יח,Unknown,0.00,Unknown,false,1,19.90,0.0000,true,1,495563
5601560112247,false,צנימים 225 גר,PRIMART,,צנימים 225 גר,גרמים,225.00,100 גרם,false,1,12.90,5.7333,true,1,526212
5601560112261,false,צנימים ללא תוספת מלח,PRIMART,,צנימים ללא תוספת מלח 225 גר,גרמים,225.00,100 גרם,false,1,12.90,5.7333,true,1,526214
5601560113060,false,צנימים מיני 120 גר,PRIMART,,צנימים מיני 120 גר,גרמים,120.00,100 גרם,false,1,8.90,7.4167,true,1,526211
5601560113077,false,צנימים מיני עם חיטה,PRIMART,,צנימים מיני עם חיטה מלאה 120 גר,גרמים,120.00,100 גרם,false,1,8.90,7.4167,true,1,526210
5601560113169,false,צנימים עם שיפון מיקס,PRIMART,,צנימים עם שיפון מיקס 300 גר,גרמים,300.00,100 גרם,false,1,16.90,5.6333,true,1,526215
5601996023780,false,יין פורטה 6 רוזה 750,,,יין פורטה 6 רוזה 750 מל,מיליליטרים,750.00,"100 מ""ל",false,1,44.90,5.9867,true,1,512057
5601996289728,false,יין פורטה 6 אדום מגנ,,,יין פורטה 6 אדום מגנום 1.5 ל,ליטרים,1.50,ליטר,false,1,79.90,53.2667,true,1,519785
5601996355485,false,יין פורטה 6 לבן 750,,,יין פורטה 6 לבן 750 מל,מיליליטרים,750.00,"100 מ""ל",false,1,44.90,5.9867,true,1,512056
5601996547897,false,יין פורטה 6 אדום 750,,,יין פורטה 6 אדום 750 מל,מיליליטרים,750.00,"100 מ""ל",false,1,44.90,5.9867,true,1,512055
5606858734330,false,אייל חגיגי לבן,,CN,אייל חגיגי לבן,Unknown,0.00,Unknown,false,1,99.90,0.0000,true,1,514993
5652148952243,false,גמד בכדור פונפון לקי,,,גמד בכדור פונפון לקישוט,Unknown,0.00,Unknown,false,1,19.90,0.0000,true,1,522615
5652148952274,false,גמד עומד על בול עץ,,,גמד עומד על בול עץ,Unknown,0.00,Unknown,false,1,39.90,0.0000,true,1,521974
5694110028129,false,כבד דג שיבוט 115 גר,,IS,כבד דג שיבוט 120 גר,גרמים,115.00,100 גרם,false,12,8.90,7.7391,true,1,500539
5694230223312,false,שימורי כבד דג במיץ ט,,IS,שימורי כבד דג במיץ טבעי 121 גר,גרמים,121.00,100 גרם,false,12,9.90,8.1818,true,1,505295
5694230223336,false,שימורי כבד דג מעושן,,IS,שימורי כבד דג מעושן 121 גר,גרמים,121.00,100 גרם,false,12,9.90,8.1818,true,1,505296
5694230412501,false,שימורי כבד דג פרמיום,מפעל ניקולייבסקי,,שימורי כבד דג פרמיום 121 גר,גרמים,121.00,100 גרם,false,1,11.90,9.8347,true,1,518815
5701215042391,false,גבינת קממברט 125גר',,,"גבינת ""קממברט"" 125 ג",גרמים,125.00,100 גרם,false,1,18.90,15.1200,true,1,472538
5701215042407,false,גבינת ברי אורנהולט 125ג',,,"גבינת ""ברי"" 125 גר""",גרמים,125.00,100 גרם,false,1,18.90,15.1200,true,1,472657
5701397311346,false,חטיף ציפס בטעם מלח י,,,חטיף ציפס בטעם מלח ים 150 גר,גרמים,150.00,100 גרם,false,1,15.90,10.6000,true,1,525679
5701397312381,false,חטיף ציפס בטעם מלח ו,,,חטיף ציפס בטעם מלח ופלפל 150 גר,גרמים,150.00,100 גרם,false,1,15.90,10.6000,true,1,525680
5701397312398,false,חטיף ציפס בטעם פפריק,,,חטיף ציפס בטעם פפריקה 150 גר,גרמים,150.00,100 גרם,false,1,15.90,10.6000,true,1,525681
5701932026964,false,פופקורן להכנה במיקרוגל בטעם טבעי 6 שקיות,הוט פופ Hot pop,US,"הוטפופ מלוח 600 ג""ר",גרמים,600.00,100 גרם,false,1,15.90,2.6500,true,1,464706
5701932026971,false,פופקורן להכנה במיקרוגל בטעם חמאה 6 שקיות,הוט פופ Hot pop,US,"הוטפופ חמאה 600 ג""ר",גרמים,600.00,100 גרם,false,1,15.90,2.6500,true,1,464707
5703985072240,true,בסגנון דנבלו 100 גר,,,בסגנון דנאבלו 100 גר,גרמים,100.00,100 גרם,false,1,12.90,12.9000,true,1,480634
5704025020443,false,גבינת פטינה דניש קומבי וויט 500ג',,,פטינה דניש קומבי וויט 500 גר,גרמים,500.00,100 גרם,false,1,11.90,2.3800,true,1,509212
5704025032156,false,דניש קומבי בלו 100 ג,Lazur,,דניש קומבי בלו 100 גר,גרמים,100.00,100 גרם,false,1,10.90,10.9000,true,1,508910
5705550300963,false,ביצי דג שיבוט 200 גר,,,ביצי דג שיבוט 200 גר,גרמים,200.00,100 גרם,false,1,11.90,5.9500,true,1,488310
5706516031358,false,פופקורן להכנה במיקרוגל בטעם טבעי מופחת שומן 5 שקיות,הוט פופ Hot pop,US,הוטפופ פופקורן להכנה במיקרוגל 500 גר,גרמים,500.00,100 גרם,false,1,15.90,3.1800,true,1,464711
5706792200219,false,בסגנן גורבט דניש 800,,,בסגנן גורבט דניש 800 גר,גרמים,800.00,100 גרם,false,1,28.90,3.6125,true,1,492774
5706792200530,false,בסגנון ארנדה דניש 80,,,בסגנון ארנדה דניש 800 גר,גרמים,800.00,100 גרם,false,1,28.90,3.6125,true,1,492773
5709120175852,true,גבינה ברי צרפתי 500,,,גבינה ברי צרפתי 500 גר,גרמים,500.00,100 גרם,false,1,49.90,9.9800,true,1,498880
5711953106583,false,גבינת שמנת בטעם טבעי 200 גרם ארלה,ארלה פודס אמבה,DK,גבינת שמנת ארלה טבעי 200 גר,גרמים,200.00,100 גרם,false,1,14.90,7.4500,true,1,508066
5711953106590,false,גבינת שמנת עם שום 200 גרם ארלה,ארלה פודס אמבה,DK,גבינת שמנת ארלה שום 200 גר,גרמים,200.00,100 גרם,false,1,14.90,7.4500,true,1,508068
5711953106606,false,גבינת שמנת עם תבלינים ועשבי תיבול 23.5%,ארלה פודס אמבה,DK,גבינת שמנת ארלה עשבי תיבול 200 גר,גרמים,200.00,100 גרם,false,1,14.90,7.4500,true,1,508067
5740900403215,false,ממרח לורפק חמאה עם מלח 250 ג',לורפאק Lurpak,,ממרח מחמאת לורפק עם מלח 250 גר,גרמים,250.00,100 גרם,false,1,16.90,6.7600,true,1,505273
5740900403222,false,ממרח לורפק חמאה עם מלח מופחת שומן 250 ג,לורפאק Lurpak,,ממרח מחמאת לורפק עם מלח 27% פחות שומן,גרמים,250.00,100 גרם,false,1,16.90,6.7600,true,1,505275
5740900403239,false,ממרח לורפק חמאה בלי מלח 250 ג',לורפאק Lurpak,,ממרח מחמאת לורפק ללא מלח 250 גר,גרמים,250.00,100 גרם,false,1,16.90,6.7600,true,1,505274
5740900403246,false,ממרח לורפק חמאה בלי מלח 500 ג',לורפאק Lurpak,,ממרח מחמאת לורפק ללא מלח 500 גר,גרמים,500.00,100 גרם,false,1,27.90,5.5800,true,1,505271
5740900403253,false,ממרח לורפק חמאה עם מלח 500 ג',לורפאק Lurpak,,ממרח מחמאת לורפק עם מלח 500 גר,גרמים,500.00,100 גרם,false,1,27.90,5.5800,true,1,505272
5740900403260,false,ממרח מחמאת לורפק ללא מלח 27% פחות שומן,ארלה פודס אמבה,DK,ממרח מחמאת לורפק ללא מלח 27% פחות שומן,גרמים,250.00,100 גרם,false,1,16.90,6.7600,true,1,505276
5774540132006,false,שוקולד אנטון ברג קרם,,,שוקולד אנטון ברג קרם קרמל וקונטרו 90 גר,גרמים,90.00,100 גרם,false,12,17.90,19.8889,true,1,522947
5774540132204,false,שוקולד אנטון ברג קרם,,,שוקולד אנטון ברג קרם קרמל וליקר 90 גר,גרמים,90.00,100 גרם,false,12,17.90,19.8889,true,1,522949
5774540133607,false,מיני טאבלטס קרמל וגי,,,מיני טאבלטס קרמל וגים בים אנטון ברג 100,גרמים,100.00,100 גרם,false,10,21.90,21.9000,true,1,522952
5774540133706,false,מיני טאבלטס קרמל ולי,,,מיני טאבלטס קרמל וליקר אנטון ברג 100 גר,גרמים,100.00,100 גרם,false,10,21.90,21.9000,true,1,522953
5774540694306,false,אנטון ברג בקבוקוני ל,,,אנטון ברג-16 בקבוקי,גרמים,250.00,100 גרם,false,1,49.90,19.9600,true,1,513028
5774540819303,false,מיקס אלכוהול שחור אנ,,,מיקס אלכוהול שחור אנטון ברג 187 גר,גרמים,187.00,100 גרם,false,14,56.90,30.4278,true,1,522956
5774540984056,false,שוק מריר מרציפן אנטו,,,שוק מריר מרציפן אנטון ברג תות ושמפניה,גרמים,220.00,100 גרם,false,1,39.90,18.1364,true,1,488261
5774540984155,false,שוק מריר מרציפן אנטו,,,שוק מריר מרציפן אנטון ברג שזיף במדרה 220,גרמים,220.00,100 גרם,false,1,39.90,18.1364,true,1,488260
5774540984452,false,שוק מריר מרציפן אנטו,,,שוק מריר מרציפן אנטון ברג דובדבן ברום,גרמים,220.00,100 גרם,false,1,39.90,18.1364,true,1,488257
5900020012814,false,דגני בוקר בטעם שוקולד נסקוויק Nesquik,מיוצר עי קונדיטוריית,PL,נסקוויק דגני בוקר בט,גרמים,500.00,100 גרם,false,1,21.90,4.3800,true,1,464739
5900020024770,false,פיטנס - דליס חטיף דגנים שוקולד אגוז 22.50 גרם * 6,נסטלה פולין ברים,PL,חטיפי דגנים פיטנס בר דליס שוקולד אגוזים,גרמים,135.00,100 גרם,false,1,13.90,10.2963,true,1,480599
5900020025647,false,פיטנס דליס Fitness Delice חטיף דגנים עם שוקולד חלב,מיוצר עי קונדיטוריית,PL,חטיפי דגנים פיטנס בר דליס שוקולד חלב,גרמים,135.00,100 גרם,false,1,13.90,10.2963,true,1,480598
5900020026552,false,דגני בוקר האני נאט צ'יריוס בטעם דבש ושקדים,נסטלה צרפת איטנקורט,FR,דגני בוקר האני נאט ציריוס 625 גר,גרמים,625.00,100 גרם,false,1,21.90,3.5040,true,1,484475
5900020032454,false,פיטנס מארז חטף עוגיות 8*23.5 גרם,נסטלה פולין ברים,PL,חטיפי דגנים פיטנס עוגיות שישייה,גרמים,141.00,100 גרם,false,8,13.90,9.8582,true,1,519248
5900020032539,false,פיטנס מארז חטף שוקולד 8*23.5 גרם,נסטלה פולין ברים,PL,חטיפי דגנים פיטנס שוקולד שישייה,גרמים,141.00,100 גרם,false,8,13.90,9.8582,true,1,519249
5900020033314,false,חטיף דגני בוקר Lion בטעם קרמל ושוקולד על קרם חלב,נסטלה פולין ברים,PL,חטיף דגנים ליון שמינייה 150 גר,גרמים,150.00,100 גרם,false,1,13.90,9.2667,true,1,502630
5900020034991,false,דגני בוקר צדפים בטעם שוקולד 450 ג' קראנץ',סי. פי. פולין,PL,דגני בוקר קראנץ צדפים בטעם שוקולד 450 גר,גרמים,450.00,100 גרם,false,6,21.90,4.8667,true,1,511129
5900020036407,false,דגני בוקר ליון Lion בטעם שוקולד וקרמל,נסטלה פולין דגני בוק,,דגני בוקר ליון שוקולד וקרמל 480 גר,גרמים,480.00,100 גרם,false,1,21.90,4.5625,true,1,512103
5900020037916,false,דגני בוקר שיבולת שועל צ'ריוס 375ג',ג'נרל מילס סאן אדריא,PL,דגני בוקר ציריוס שיבולת שועל 375 גר,גרמים,375.00,100 גרם,false,16,17.90,4.7733,true,1,516239
5900020041371,false,פיטנס מארז חטף שוקולד מריר 8*23.5 גרם,נסטלה פולין ברים,PL,חטיפי פיטנס שוקולד מריר ושקדים שישייה,גרמים,141.00,100 גרם,false,8,13.90,9.8582,true,1,526672
5900056007655,false,דובשניות בצורת לב 12,,,דובשניות בצורת לב 120 גר,גרמים,120.00,100 גרם,false,1,6.90,5.7500,true,1,486714
5900073020071,false,חטיפי תפוא בטעם בייק,,,חטיפי תפוא בטעם בייקון מעושן 135 גר,גרמים,135.00,100 גרם,false,1,11.90,8.8148,true,1,526578
5900073020088,false,חטיפי תפוא בטעם גבינ,,,חטיפי תפוא בטעם גבינה ובצל 135 גר,גרמים,135.00,100 גרם,false,1,12.90,9.5556,true,1,526577
5900073020231,false,חטיפי תפוא כלבלבים ב,,,חטיפי תפוא כלבלבים בטעם קלאסי 95 גר,גרמים,95.00,100 גרם,false,1,12.90,13.5789,true,1,526756
5900073020248,false,חטיפי תפוא כלבלבים ב,,,חטיפי תפוא כלבלבים בטעם קטשופ 90 גר,גרמים,90.00,100 גרם,false,1,12.90,14.3333,true,1,526757
5900073020293,false,חטיפי תירס בטעם בצל,,,חטיפי תירס בטעם בצל ירוק 150 גר,גרמים,150.00,100 גרם,false,1,12.90,8.6000,true,1,526574
5900073180935,false,חטיפי תפוא בטעם חמאה,,,חטיפי תפוא בטעם חמאה 135 גר,גרמים,135.00,100 גרם,false,1,12.90,9.5556,true,1,526576
5900073180959,false,חטיפי תפוא בטעם שמנת,,,חטיפי תפוא בטעם שמנת ובצל 135 גר,גרמים,135.00,100 גרם,false,1,11.90,8.8148,true,1,526579
5900084204910,false,חרדל בסגנון רוסי 180,,LT,חרדל בסגנון רוסי 180 גר,גרמים,180.00,100 גרם,false,1,10.90,6.0556,true,1,520738
5900130034157,false,גלידה מילקה 284 גר ר,,,גלידה מילקה 284 גר רביעייה,גרמים,284.00,100 גרם,false,1,29.90,10.5282,true,1,511940
5900259056160,false,חטיפי תפוא בטעם פפרי,,,חטיפי תפוא בטעם פפריקה של לייס 125 ג,גרמים,125.00,100 גרם,false,1,18.90,15.1200,true,1,525333
5900343005296,false,וודקה זוברובקה 700 מ,,,"וודקה זוברובקה 700 מ""ל",מיליליטרים,700.00,"100 מ""ל",false,1,84.90,12.1286,true,1,510241
5900352000770,false,שוקולד חלב ממולא ג'לי דובדבן Mella,,,"גלרטקה דובדבן 190 ג""",גרמים,190.00,100 גרם,false,1,8.90,4.6842,true,1,464771
5900352002576,false,שוקולד חלב ממולא ג'לי אוכמניות Mella,,,גלרטקה אוכמניות שחור,גרמים,190.00,100 גרם,false,1,8.90,4.6842,true,1,464775
5900352004044,false,עוגיות יזיקי קוקוס 1,,,עוגיות יזיקי קוקוס 140 גר,גרמים,140.00,100 גרם,false,1,5.90,4.2143,true,1,519180
5900352004457,false,עוגיות יזיקי קפה 140,,,עוגיות יזיקי קפה 140 גר,גרמים,140.00,100 גרם,false,1,5.90,4.2143,true,1,519179
5900352014456,false,וופל בלגי שוקולד 130,,,וופל בלגי שוקולד 130 גר,גרמים,130.00,100 גרם,false,23,4.90,3.7692,true,1,521463
5900352014470,false,וופל בלגי קרמל 140 ג,,,וופל בלגי קרמל 140 גר,גרמים,140.00,100 גרם,false,23,4.90,3.5000,true,1,521464
5900353615690,false,בונבוניירה ברנדי בשו,MIEZSKO,PL,בונ ברנדי בשוקולד מריר 180 גר MIESZKO,גרמים,180.00,100 גרם,false,1,19.90,11.0556,true,1,501954
5900353616321,false,בונבוניירת שוקולדורו,MIESZKO,,בונבוניירת שוקולדורו 178 גר,גרמים,178.00,100 גרם,false,1,28.90,16.2360,true,1,464788
5900353618288,false,בונבוניירה שרי 285 ג,MIEZSKO,PL,בונ שרי 285 גר,גרמים,285.00,100 גרם,false,1,34.90,12.2456,true,1,527881
5900353645895,false,בונ לב פח אמורטה 189,SORINI-Holding Dolci,IT,בונ לב פח אמורטה 189 גר,גרמים,189.00,100 גרם,false,1,39.90,21.1111,true,1,519464
5900437005171,false,פיצה 4 גבינות 335 גר,,,פיצה 4 גבינות 335 גר,גרמים,335.00,100 גרם,false,5,24.90,7.4328,true,1,515367
5900437705125,false,פיצה 4 גבינות 325 גר,,,פיצה 4 גבינות 325 גר,גרמים,325.00,100 גרם,false,5,24.90,7.6615,true,1,515366
5900580000757,false,חמוציות משומרות פרוב,,,חמוציות משומרות פרוביטוס 260 גר,גרמים,260.00,100 גרם,false,1,17.90,6.8846,true,1,526194
5900580001853,false,מלפפון במלח עם שום פ,פרוויטוס,,מלפפון במלח עם שום פרוביטוס 640 גר,גרמים,640.00,100 גרם,false,1,15.90,2.4844,true,1,464835
5900580004168,false,רוטב חרדל חזק פרוביט,,,רוטב חרדל חזק פרוביטוס 160 גר,גרמים,160.00,100 גרם,false,1,6.90,4.3125,true,1,526198
5900580004175,false,רוטב חרדל עם דבש פרו,,,רוטב חרדל עם דבש פרוביטוס 160 גר,גרמים,160.00,100 גרם,false,1,6.90,4.3125,true,1,526199
5900627066715,false,טבליות למדיח פיניש 1,רקיט בנקיזר,PL,טבליות למדיח כלים פיניש 100 יח,Unknown,0.00,Unknown,false,1,64.90,0.0000,true,1,498229
5900675009023,false,תה חמוציות באלין 40,,,תה חמוציות באלין 40 גר,גרמים,40.00,100 גרם,false,18,3.90,9.7500,true,1,523401
5900675009030,false,תה ורד הבר באלין 35,,,תה ורד הבר באלין 35 גר,גרמים,35.00,100 גרם,false,18,3.90,11.1429,true,1,523402
5900675009047,false,תה פטל באלין 40 גר,,,תה פטל באלין 40 גר,גרמים,40.00,100 גרם,false,18,3.90,9.7500,true,1,523403
5900675009054,false,תה ענבי שועל שחורים,,PL,תה ענבי שועל שחורים באלין 40 גר,גרמים,40.00,100 גרם,false,18,3.90,9.7500,true,1,523404
5900675009061,false,תה אוכמניות שחורות ב,,PL,תה אוכמניות שחורות באלין 40 גר,גרמים,40.00,100 גרם,false,18,3.90,9.7500,true,1,523405
5900675009078,false,תה פירות יער באלין 3,,PL,תה פירות יער באלין 35 גר,גרמים,35.00,100 גרם,false,18,3.90,11.1429,true,1,523406
5900675009085,false,תה דובדבנים באלין 35,,PL,תה דובדבנים באלין 35 גר,גרמים,35.00,100 גרם,false,18,3.90,11.1429,true,1,523408
5900675009092,false,תה תות שדה באלין 35,,PL,תה תות שדה באלין 35 גר,גרמים,35.00,100 גרם,false,18,3.90,11.1429,true,1,523407
5900675009108,false,תה היביסקוס באלין 30,,PL,תה היביסקוס באלין 30 גר,גרמים,30.00,100 גרם,false,18,3.90,13.0000,true,1,523409
5900675009115,false,תה נענע באלין 30 גר,,PL,תה נענע באלין 30 גר,גרמים,30.00,100 גרם,false,18,3.90,13.0000,true,1,523410
5900675009122,false,תה בבונג באלין 30 גר,,PL,תה בבונג באלין 30 גר,גרמים,30.00,100 גרם,false,18,3.90,13.0000,true,1,523411
5900675009146,false,תה פירות גן באלין 35,,PL,תה פירות גן באלין 35 גר,גרמים,35.00,100 גרם,false,18,3.90,11.1429,true,1,523413
5900675009153,false,תה מליסה באלין 24 גר,,PL,תה מליסה באלין 24 גר,גרמים,24.00,100 גרם,false,18,3.90,16.2500,true,1,523414
5900675009160,false,תה מרווה באלין 20 גר,,PL,תה מרווה באלין 20 גר,גרמים,20.00,100 גרם,false,18,3.90,19.5000,true,1,523415
5900820000806,false,גבינה מותכת טפיאוני,,,"גבינה מותכת ""טפיאוני",גרמים,100.00,100 גרם,false,1,9.90,9.9000,true,1,464857
5900820000813,false,גבינה מותכת פטריות 1,,,"גבינה מותכת פטריות """,גרמים,100.00,100 גרם,false,1,9.90,9.9000,true,1,464858
5900820000820,false,גבינה טפיאוני עם שום,,,"גבינה ""טפיאוני"" עם שום 100גר",גרמים,100.00,100 גרם,false,1,9.90,9.9000,true,1,467429
5900820000851,false,גבינה טפיאוני עם בצל,,,"גבינה ""טפיאוני"" עם בצל 100גר",גרמים,100.00,100 גרם,false,1,9.90,9.9000,true,1,467427
5900820014230,false,גבינה מתכת נורווסקי סלמון 150ג' -מלקפול,מלקפול,,גבינה נורוויסקי סלמון 150 גר,גרמים,150.00,100 גרם,false,1,12.90,8.6000,true,1,480829
5900857007793,false,גבינה רדמר סרנדה פרו,,,ת.גבינה רדמר סרנדה פרוס 135 גר,גרמים,135.00,100 גרם,false,1,11.90,8.8148,true,1,504973
5900857007892,false,גבינה גאודה סרנדה פר,,,ת.גבינה גאודה סרנדה פרוס 135 גר,גרמים,135.00,100 גרם,false,1,11.90,8.8148,true,1,504977
5900857007953,false,גבינה סלמי סרנדה פרו,,,ת.גבינה סלמי סרנדה פרוס 135 גר,גרמים,135.00,100 גרם,false,1,11.90,8.8148,true,1,504975
5900907000101,false,תערובת מלפפונים ועגב,URBANEK,,תערובת מלפפונים ועגב,קילוגרמים,2.55,"ק""ג",false,1,32.90,12.9020,true,1,464859
5900907000118,false,סלט ירקות בתחמיץ 680,אורבנק,PL,סלט ירקות בתחמיץ 680 גר,גרמים,680.00,100 גרם,false,1,10.90,1.6029,true,1,464860
5900907000217,false,פלפל אדום בחומץ 680,אורבנק,PL,פלפל אדום בחומץ,גרמים,550.00,100 גרם,false,1,15.90,2.8909,true,1,464861
5900907000347,false,פטריות בתחמיץ 500 גר,אורבנק,PL,"פטריות בחומץ 900 ג""ר",גרמים,500.00,100 גרם,false,1,18.90,3.7800,true,1,464862
5900907000477,false,ריבת שזיפים 330 גר,URBANEK,,ריבת שזיפים 330גר,גרמים,330.00,100 גרם,false,1,9.90,3.0000,true,1,464863
5900907000491,false,לטשו 680 גרם,אורבנק,PL,"לצ""ו",גרמים,680.00,100 גרם,false,1,13.90,2.0441,true,1,464864
5900907000521,false,חזרת לבנה 180 גר,URBANEK,,חזרת,גרמים,180.00,100 גרם,false,1,7.90,4.3889,true,1,464865
5900907000583,false,מלפפון בחומץ בצנצנת,ברצה אורבנק,PL,"מלפפון בחומץ 900 ג""ר",גרמים,900.00,100 גרם,false,1,15.90,1.7667,true,1,464866
5900907000828,false,לטשו פטריות 680 גרם,אורבנק,PL,לצו פטריות 680 גר,גרמים,680.00,100 גרם,false,1,14.90,2.1912,true,1,464867
5900907000835,false,מלפפון בחומץ אורבנק,אורבנק,PL,מלפפונים בחומץ 2.55,קילוגרמים,2.55,"ק""ג",false,1,32.90,12.9020,true,1,464868
5900907000965,false,פטיסון בחומץ 910 גרם,אורבנק,PL,פטיסון בחומץ 900 גר,גרמים,910.00,100 גרם,false,1,19.90,2.1868,true,1,464869
5900907001238,false,עגבניות בחומץ 2.55 ק,URBANEK,,עגבניות בחומץ 2.55 ק,קילוגרמים,2.55,"ק""ג",false,1,32.90,12.9020,true,1,464870
5900907001412,false,אסורטי אורבנק 2.55 ק,URBANEK,,"אסורטי 2.55 ק""ג",קילוגרמים,2.55,"ק""ג",false,1,32.90,12.9020,true,1,464871
5900907001429,false,אסורטי 920 גרםURBAN,יושלם,,"אסורטי 920 ג""ר",גרמים,900.00,100 גרם,false,1,15.90,1.7667,true,1,464872
5900907001450,false,מלפפונים במלח 900 גר,אורבנק,PL,מלפפונים במלח 900 גר,גרמים,900.00,100 גרם,false,1,15.90,1.7667,true,1,464873
5900907001474,false,עגבניות אדומות בחומץ,URBANEK,,עגבניות בחומץ 900גר,גרמים,900.00,100 גרם,false,1,15.90,1.7667,true,1,464874
5900907001498,false,עלי חומעה כבושים 350,URBANEK,,עלי חומעה כבושים,גרמים,350.00,100 גרם,false,1,9.90,2.8286,true,1,464875
5900907001597,false,כרוב כבוש עם גזר 900,אורבנק,PL,כרוב כבוש עם גזר,גרמים,900.00,100 גרם,false,1,15.90,1.7667,true,1,464876
5900907001719,false,תערובת מלפפונים ועגב,סגל דברים טובים,IL,תערובת מלפפונים ועגב,גרמים,900.00,100 גרם,false,1,15.90,1.7667,true,1,464879
5900907003027,false,עגבניות במיץ טבעי 92,URBANEK,,"עגבניות במיץ טבעי ""א",גרמים,920.00,100 גרם,false,12,15.90,1.7283,true,1,464883
5900907003393,false,עגבניות שרי בחומץ 93,אורבנק,PL,עגבניות שרי בחומץ 930 גר,גרמים,930.00,100 גרם,false,12,16.90,1.8172,true,1,468770
5900915002678,false,סנטה שוקולד חלב 60 ג,,,סנטה בודד 60 גרם,גרמים,60.00,100 גרם,false,42,4.90,8.1667,true,1,515760
5900915013230,false,שוקולד טראויטה חלב א,,,שוקולד טראויטה חלב אגוזים 225 גר,גרמים,225.00,100 גרם,false,1,11.90,5.2889,true,1,486267
5900915014060,false,שוקולד טראויטה מריר,,,שוקולד טראויטה מריר חמוציות ודובדבן 225,גרמים,225.00,100 גרם,false,1,11.90,5.2889,true,1,486269
5900915019850,false,סנטה בודד 150 גר,,,סנטה בודד 150 גר,גרמים,150.00,100 גרם,false,1,9.90,6.6000,true,1,527886
5900950923952,false,פילטרים אוניברסל שלי,FORMASTER S.A,,שלישיית פילטרים אוניברסל,Unknown,0.00,Unknown,false,1,59.90,0.0000,true,1,468263
5900951284571,false,אוכל לכלבים פדיגרי ב,,,אוכל לכלבים פדיגרי בקר פח 400 גר,גרמים,400.00,100 גרם,false,24,9.90,2.4750,true,1,516154
5901008990322,false,פטיסונים מוחמצים 860,,,פטיסונים מוחמצים 860 גר,גרמים,860.00,100 גרם,false,1,15.90,1.8488,true,1,472581
5901008990407,false,מלפפונים מוחמצים 860,,,מלפפונים מוחמצים 860 גר,גרמים,860.00,100 גרם,false,1,15.90,1.8488,true,1,472580
5901008990414,false,קורנישונים מוחמצים 8,,,קורנישונים מוחמצים 860 גר,גרמים,860.00,100 גרם,false,1,15.90,1.8488,true,1,472579
5901041003003,false,וודקה בלוודר פרמיום,פולמוס ז'ירארדוב דיס,PL,וודקה בלוודר פרמיום,מיליליטרים,700.00,"100 מ""ל",false,1,109.90,15.7000,true,1,466986
5901064000287,false,יין טוטינו ביאנקו 1,VINPOL,,יין טוטינו ביאנקו 1 ל,ליטרים,1.00,ליטר,false,1,34.90,34.9000,true,1,465814
5901064000331,false,שכר דובדבנים נלבקה ב,וינפוד,,שכר דובדבנים 750מל,מיליליטרים,750.00,"100 מ""ל",false,1,29.90,3.9867,true,1,473925
5901064761805,false,שכר פטל נלבקה באבוני,וינפוד,,שכר פטל 750מל,מיליליטרים,750.00,"100 מ""ל",false,1,29.90,3.9867,true,1,473928
5901064761911,false,שכר דמדמניות שחורות,וינפוד,,שכר אוכמניות 750מל,מיליליטרים,750.00,"100 מ""ל",false,1,29.90,3.9867,true,1,473926
5901064762659,false,יין סני גרדן פירות י,,,יין סני גרדן פירות יער 1ל,מיליליטרים,750.00,"100 מ""ל",false,1,26.90,3.5867,true,1,474886
5901064762666,false,יין סני גרדן אוכמניו,,,יין סני גרדן אוכמניות 1ל,מיליליטרים,750.00,"100 מ""ל",false,1,26.90,3.5867,true,1,474887
5901064762680,false,יין סני גרדן דובדבן,,,יין סני גרדן דובדבן 1ל,מיליליטרים,750.00,"100 מ""ל",false,1,26.90,3.5867,true,1,474888
5901064762888,false,יין סני גרדן פטל 1 ל,,,יין סני גרדן פטל 1ל,מיליליטרים,750.00,"100 מ""ל",false,1,26.90,3.5867,true,1,474889
5901064764103,false,יין טוטינו דובדבנים,VINPOL,,יין טוטינו דובדבנים 1 ל,ליטרים,1.00,ליטר,false,1,34.90,34.9000,true,1,465816
5901064764455,false,יין טוטינו ליים 1 ל,VINPOL,,"יין ""טוטינו"" ליים 1ל",ליטרים,1.00,ליטר,false,1,34.90,34.9000,true,1,474885
5901064766039,false,ליקר קנרי קוקוס 350,"ווינפול בע""ם",,"ליקר ""קנרי"" קוקוס 35",מיליליטרים,350.00,"100 מ""ל",false,1,39.80,11.3714,true,1,465817
5901064766350,false,ליקר קנרי טירמיסו 35,"ווינפול בע""ם",,"ליקר ""קנרי""טירמיסו 3",מיליליטרים,350.00,"100 מ""ל",false,1,39.90,11.4000,true,1,465818
5901064774201,false,יין טוטינה מיוזיק מו,הנקלנדקו פולסקה,,יין טוטינה מיוזיק מוחיטו 1 ל,ליטרים,1.00,ליטר,false,1,34.90,34.9000,true,1,486390
5901064774256,false,שכר טוטינו קוסמופולי,הנקלנדקו פולסקה,,שכר טוטינו קוסמופוליטן 1 ל,ליטרים,1.00,ליטר,false,6,34.90,34.9000,true,1,517031
5901064774270,false,קוקטייל טוטינו נגרונ,הנקלנדקו פולסקה,,קוקטייל טוטינו נגרוני 1 ל,ליטרים,1.00,ליטר,false,6,34.90,34.9000,true,1,526137
5901064774287,false,קוקטייל טוטינו קובה,הנקלנדקו פולסקה,,קוקטייל טוטינו קובה ליברה 1 ל,ליטרים,1.00,ליטר,false,6,34.90,34.9000,true,1,526136
5901064774294,false,קוקטייל טוטינו אורנצ,הנקלנדקו פולסקה,,קוקטייל טוטינו אורנציה 1 ל,ליטרים,1.00,ליטר,false,6,34.80,34.8000,true,1,526138
5901121003565,false,בונבוניירת שוקולד 17,,,בונבוניירת שוקולד 170 גר,גרמים,170.00,100 גרם,false,1,21.90,12.8824,true,1,525997
5901121005279,false,בונ שוקולד במילוי בט,,,בונ שוקולד במילוי בטעם וודקה חמוציות 168,גרמים,168.00,100 גרם,false,1,21.90,13.0357,true,1,525989
5901121005545,false,בונ שוקולד במילוי בט,,,בונ שוקולד במילוי בטעם וודקה 180 גר,גרמים,180.00,100 גרם,false,1,21.90,12.1667,true,1,525990
5901121007242,false,בונ שוקולד במילוי קר,,,בונ שוקולד במילוי קרם ליקר 124 גר,גרמים,124.00,100 גרם,false,,21.90,17.6613,true,1,526005
5901121008317,false,שוקולד חלב במילוי בט,,,שוקולד חלב במילוי בטעם טופי 145 גר,גרמים,145.00,100 גרם,false,1,14.90,10.2759,true,1,525987
5901121008409,false,בונ שוקולד במילוי בט,,,בונ שוקולד במילוי בטעם אספרסו 180 גר,גרמים,180.00,100 גרם,false,,21.90,12.1667,true,1,525996
5901121010020,false,בונ שוקולד במילוי בט,,,בונ שוקולד במילוי בטעם נענע 180 גר,גרמים,180.00,100 גרם,false,,21.90,12.1667,true,1,526001
5901134009721,false,תה פירות פטל 90 גר,,,תה פירות פטל 90 גר,גרמים,90.00,100 גרם,false,1,9.90,11.0000,true,1,469959
5901134009745,false,תה פירות יער 90 גר,,,תה פירות יער 90 גר,גרמים,90.00,100 גרם,false,1,9.90,11.0000,true,1,469961
5901134009783,false,תה פירות אוכמניות 90,,,תה פירות אוכמניות 90 גר,גרמים,90.00,100 גרם,false,1,9.90,11.0000,true,1,469965
5901134009790,false,תה פירות דובדבן 90 ג,,,תה פירות דובדבן 90 גר,גרמים,90.00,100 גרם,false,1,9.90,11.0000,true,1,469966
5901177155461,false,בונ זהב משולשת בצורת,,,בונ זהב משולשת בצורת עץ ווברו 112 גר,לא מנהל יחידת מידה,112.00,לא מנהל יחידת מידה,false,1,12.90,0.1152,true,1,515196
5901177156376,false,בונ משולשת ירוקה בצו,,,בונ משולשת ירוקה בצורת עץ שוקולד עם אגוז,גרמים,126.00,100 גרם,false,12,12.90,10.2381,true,1,521160
5901177156567,false,קופסת בית צדפות חלב,,,קופסת בית צדפות חלב עם קרם אגוזי לוז 94,גרמים,94.00,100 גרם,false,1,9.90,10.5319,true,1,519469
5901177157267,false,בונ בית קריסמס עם ממ,,,בונ בית קריסמס עם ממתקים 200 גר,גרמים,200.00,100 גרם,false,1,15.90,7.9500,true,1,527887
5901177157274,false,בונ ירוקה בצורת עץ ע,,,בונ ירוקה בצורת עץ עם ממתקים 170 גר,גרמים,170.00,100 גרם,false,1,14.90,8.7647,true,1,527888
5901177157281,false,בונ זהב בצורת עץ עם,,,בונ זהב בצורת עץ עם ממתקים 170 גר,גרמים,170.00,100 גרם,false,1,14.90,8.7647,true,1,527889
5901237804438,false,שרשרת סנטה/בית/פעמון,,,שרשרת סנטה/בית/פעמון/עץ אשוח 75סמ לתלייה,Unknown,0.00,Unknown,false,1,9.90,0.0000,true,1,521073
5901483020101,false,חליטת פטל סגל 25 שק,BIFIX,,"תה פטל 25 שק""",גרמים,38.00,100 גרם,false,1,9.90,26.0526,true,1,465848
5901483020309,false,חליטת פירות יער 25 ש,bifix,,"תה פרות יער 25 שק""",גרמים,38.00,100 גרם,false,1,9.90,26.0526,true,1,465850
5901483060305,false,תה מליסה 20 שק,BIFIX,,תה מליסה 20שק,יחידה,1.00,יחידה,false,1,9.90,9.9000,true,1,476261
5901483060404,false,חליטת בבונג 20 שקיקי,bifix,,"תה בבונג 20 שק""",גרמים,50.00,100 גרם,false,1,9.90,19.8000,true,1,465854
5901483080501,false,תה פירות יער 100 גר,BIFIX,,תה פירות יער 100 גר,גרמים,100.00,100 גרם,false,1,13.90,13.9000,true,1,465858
5901483080907,false,תה אוכמניות כחולות 1,BIFIX,,תה אוכמניות כחולות 1,גרמים,100.00,100 גרם,false,1,13.90,13.9000,true,1,465860
5901483081003,false,חליטת פטל 100 גר,BIFIX,,תה פטל 100גר,גרמים,100.00,100 גרם,false,1,13.90,13.9000,true,1,465861
5901483082970,false,חליטת ורדי בר פרי של,,,חליטת ורדי בר פרי שלם 100 גר,גרמים,100.00,100 גרם,false,1,13.90,13.9000,true,1,496628
5901483084752,false,קונפיטורת דובדבנים 3,,,קונפיטורת דובדבנים 330 גר,גרמים,330.00,100 גרם,false,1,14.90,4.5152,true,1,517911
5901483084769,false,קונפיטורת פטל 330 גר,,,קונפיטורת פטל 330 גר,גרמים,330.00,100 גרם,false,1,14.90,4.5152,true,1,517912
5901483084776,false,קונפיטורת דומדמניות,,,קונפיטורת דומדמניות שחורות 330 גר,גרמים,330.00,100 גרם,false,1,14.90,4.5152,true,1,517913
5901489038186,false,שימורי כבד דג שיבוט,,,שימורי כבד דג שיבוט 190 גר,גרמים,190.00,100 גרם,false,1,13.90,7.3158,true,1,524983
5901598000814,false,חטיף שוקולד מרציפן 5,,,חטיף שוקולד מרציפן 50 גר,גרמים,50.00,100 גרם,false,,7.90,15.8000,true,1,524007
5901598002238,false,שוקולד מריר מרציפן 7,,,שוקולד מריר מרציפן 70 גר,גרמים,70.00,100 גרם,false,,9.90,14.1429,true,1,524008
5902162101234,false,פיצה קפוא משפחתית 10,,,פיצה קפוא משפחתית 1000 גר,גרמים,1000.00,100 גרם,false,1,33.90,3.3900,true,1,527859
5902162120716,false,פיצה קפוא פטריות 415,,,פיצה קפוא פטריות 415 גר,גרמים,415.00,100 גרם,false,1,21.90,5.2771,true,1,475876
5902162129313,false,פיצה קפוא 4 גבינות 3,,,פיצה קפוא 4 גבינות 390 גר,גרמים,390.00,100 גרם,false,1,21.90,5.6154,true,1,475877
5902162138414,false,פיצה קפוא מוצרלה 330,,,פיצה קפוא מוצרלה 330 גר,גרמים,330.00,100 גרם,false,1,21.90,6.6364,true,1,475873
5902198160403,false,"משקה אנרגיה XL TEN פחית לל""ס 250מ""ל","טמפו משקאות בע""מ",IL,משקה אנרגיה XL ten,מיליליטרים,250.00,"100 מ""ל",false,1,4.20,1.6800,true,1,491232
5902377000087,false,גבינה מותכת יאנטרני,JAL,,"גבינה מותכת טבעי ""יא",גרמים,100.00,100 גרם,false,1,5.90,5.9000,true,1,465901
5902377000612,false,ממרח קורובקינו גבינה,KOROVKINO,,ממרח קורובקינו גבינה מותכת עם אמנטל 100,גרמים,100.00,100 גרם,false,1,4.90,4.9000,true,1,492246
5902377000650,false,ממרח קורובקינו גבינה,KOROVKINO,,ממרח קורובקינו גבינה מותכת עם סלמון 100,גרמים,100.00,100 גרם,false,1,4.90,4.9000,true,1,492250
5902377001206,false,גבינה מותכת יאנטרני,JAL,,"גבינה מותכת טבעי ""יא",גרמים,100.00,100 גרם,false,10,5.90,5.9000,true,1,465902
5902377001244,false,גבינה מותכת יאנטרני,JAL,,גבינה מותכת בטעם פלפ,גרמים,100.00,100 גרם,false,10,5.90,5.9000,true,1,465903
5902377001268,false,גבינה מותכת יאנטרני,JAL,,גבינה מותכת בטעם בצל,גרמים,100.00,100 גרם,false,10,5.90,5.9000,true,1,465904
5902377001299,false,גבינה מותכת יאנטרני,JAL,,גבינה מותכת בטעם פטר,גרמים,100.00,100 גרם,false,10,5.90,5.9000,true,1,465905
5902510274146,false,ממרח סלמון עם שום 10,,,ממרח סלמון עם שום 100 גר,גרמים,100.00,100 גרם,false,1,3.90,3.9000,true,1,508947
5902510274153,false,ממרח סלמון קלאסי 100,,,ממרח סלמון קלאסי 100 גר,גרמים,100.00,100 גרם,false,1,3.90,3.9000,true,1,508946
5902510274160,false,ממרח סלמון עם שמיר 1,,,ממרח סלמון עם שמיר 100 גר,גרמים,100.00,100 גרם,false,1,3.90,3.9000,true,1,508948
5902510275327,false,ממרח בטעם כבד אווז ו,,,ממרח בטעם כבד אווז ופטריות 300 גר,גרמים,300.00,100 גרם,false,1,9.90,3.3000,true,1,525588
5902510275334,false,ממרח בטעם כבד אווז ד,,PL,ממרח בטעם כבד אווז דליקטס 130 גר,גרמים,130.00,100 גרם,false,1,4.90,3.7692,true,1,516855
5902510275341,false,ממרח בטעם כבד אווז ד,,,ממרח בטעם כבד אווז דליקטס 300 גר,גרמים,300.00,100 גרם,false,1,9.90,3.3000,true,1,525585
5902510275358,false,ממרח בטעם כבד ברווז,,PL,ממרח בטעם כבד ברווז מעודן 130 גר,גרמים,130.00,100 גרם,false,1,4.90,3.7692,true,1,516856
5902510275365,false,ממרח בטעם כבד ברווז,,,ממרח בטעם כבד ברווז מעודן 300 גר,גרמים,300.00,100 גרם,false,1,9.90,3.3000,true,1,525586
5902510275372,false,ממרח בטעם כבד ברווז,,PL,ממרח בטעם כבד ברווז צרפתי 130 גר,גרמים,130.00,100 גרם,false,1,4.90,3.7692,true,1,516857
5902510275389,false,ממרח בטעם כבד ברווז,,,ממרח בטעם כבד ברווז צרפתי 300 גר,גרמים,300.00,100 גרם,false,1,9.90,3.3000,true,1,525589
5902510275396,false,ממרח בטעם כבד עוף עד,,PL,ממרח בטעם כבד עוף עדין 130 גר,גרמים,130.00,100 גרם,false,1,4.90,3.7692,true,1,516858
5902510275402,false,ממרח בטעם כבד עוף עד,,,ממרח בטעם כבד עוף עדין 300 גר,גרמים,300.00,100 גרם,false,1,9.90,3.3000,true,1,525587
5902768879025,false,כבד דג שיבוט 240 גר,,,כבד דג שיבוט 240 גר,גרמים,240.00,100 גרם,false,1,15.90,6.6250,true,1,497450
5902781000017,false,חליטת ארוניה מלווה 2,,,תה אכוניה,Unknown,0.00,Unknown,false,1,7.90,0.0000,true,1,465910
5902781000024,false,חליטת היביסקוס מלווה,,,"תה קרקדה 25 שק""",Unknown,0.00,Unknown,false,1,7.90,0.0000,true,1,465911
5902781000048,false,חליטת פירות יער מלוו,,,תה חליטת פירות,Unknown,0.00,Unknown,false,1,7.90,0.0000,true,1,465912
5902781000055,false,תה אוכמניות שחורות 2,,,תה אוכמניות שחור,גרמים,50.00,100 גרם,false,1,7.90,15.8000,true,1,465913
5902781000062,false,תה ורד הבר 25 שק,,,"תה ורד הבר 25 שק""",גרמים,75.00,100 גרם,false,1,7.90,10.5333,true,1,465914
5902781000093,false,חליטת תה מלווה קמומל,,,"תה קמומיל 25 שק""",Unknown,0.00,Unknown,false,1,7.90,0.0000,true,1,465915
5902781000109,false,תה פרע (זברובוי) 25,,,תה פרע (זברובוי) 25,Unknown,0.00,Unknown,false,1,7.90,0.0000,true,1,465916
5902781000130,false,חליטת פטל מלווה 25 ש,,,"תה 25 שק""",גרמים,50.00,100 גרם,false,1,7.90,15.8000,true,1,465917
5902781000192,false,תה מרווה (שאלפי) 25,,,תה מרווה (שאלפי) 25,Unknown,0.00,Unknown,false,1,7.90,0.0000,true,1,465918
5902781000215,false,חליטת ענבי שועל שחור,,,תה דמדמניות שחורות 2,Unknown,0.00,Unknown,false,1,7.90,0.0000,true,1,465919
5902781000260,false,חליטת חמוציות מלווה,,,תה חמוציות,Unknown,0.00,Unknown,false,1,7.90,0.0000,true,1,465921
5902781000468,false,חליטת דובדבן מלווה 2,,,תה דובדובן,גרמים,75.00,100 גרם,false,1,7.90,10.5333,true,1,465926
5902781000499,false,תה ירוק 50 גר,,,תה ירוק 50 גר,גרמים,50.00,100 גרם,false,1,7.90,15.8000,true,1,465927
5902781001205,false,תה סרפד (קרפיבה) 25,,,תה סרפד (קרפיבה) 25,גרמים,75.00,100 גרם,false,1,7.90,10.5333,true,1,465930
5902781001281,false,תה נענע מלווה 25 שק,,,תה נענע,Unknown,0.00,Unknown,false,1,7.90,0.0000,true,1,465938
5902781001304,false,חליטת מליסה מלווה 25,,,תה מליסה,Unknown,0.00,Unknown,false,1,7.90,0.0000,true,1,465939
5902781001366,false,תה פיגורה לוקס מלווה,,,תה פיגורה לוקס,גרמים,40.00,100 גרם,false,1,9.90,24.7500,true,1,465945
5902781001373,false,חליטת עוזרר מלווה 25,,,תה עוזרר (בולרישניק),Unknown,0.00,Unknown,false,1,7.90,0.0000,true,1,465946
5902781002028,false,תה שומר 25 שק,,,תה שומר,Unknown,0.00,Unknown,false,1,7.90,0.0000,true,1,465996
5902781002172,false,תה אקסקלוסיב ירוק רי,,,תה בריאות גרעיני פיש,Unknown,0.00,Unknown,false,1,12.90,0.0000,true,1,466011
5902781002202,false,תה רויבוס דבש וגינסנ,,,"תה רוייבוס עם ז""אנסא",יחידה,20.00,יחידה,false,1,12.90,0.6450,true,1,466014
5902781002219,false,תה אקסקלוסיב ורד אוכ,,,תה ורד הבר עם אוכמני,יחידה,20.00,יחידה,false,1,12.90,0.6450,true,1,466015
5902781002226,false,תה אקסקלוסיב גינגר ו,,,"תה ג""ינג""ר עם לימון",יחידה,20.00,יחידה,false,1,12.90,0.6450,true,1,466016
5902781002233,false,תה אקסקלוסיב חמוציות,,,תה חמוציות עם פרי חו,גרמים,40.00,100 גרם,false,1,12.90,32.2500,true,1,466017
5902781002240,false,תה סוד היער 20 שק,,,"תה סוד היער 20 שק""",יחידה,20.00,יחידה,false,1,12.90,0.6450,true,1,466018
5902781002257,false,תה אחינאצייה עם ורד,,,תה אחינאצייה עם ורד,גרמים,40.00,100 גרם,false,1,9.90,24.7500,true,1,466019
5902781002264,false,תה קוקטייל פירות 20,,,תה קוקטייל פירות 20,יחידה,20.00,יחידה,false,1,9.90,0.4950,true,1,466020
5902781002288,false,תה גינגר עם ורד הב,,,"תה ג""ינג""ר עם ורד הב",Unknown,0.00,Unknown,false,1,9.90,0.0000,true,1,466022
5902781002295,false,תה פטל עם אוכמניות מ,,,תה פטל עם אוכמניות כ,גרמים,40.00,100 גרם,false,1,9.90,24.7500,true,1,466023
5902781002318,false,תה ורד הבר עם זאנסא,,,"תה ורד הבר עם ז""אנסא",גרמים,40.00,100 גרם,false,1,9.90,24.7500,true,1,466025
5902781002325,false,תה קמומיל עם לימון 2,,,תה קמומיל עם לימון 2,יחידה,20.00,יחידה,false,1,9.90,0.4950,true,1,466026
5902781002349,false,תה חמוציות עם רימון,,,תה חמוציות עם רימון,גרמים,40.00,100 גרם,false,1,9.90,24.7500,true,1,466028
5902781002479,false,תה ופטל ותות שדה מלו,,,תה תות שדה ופטל,Unknown,0.00,Unknown,false,1,12.90,0.0000,true,1,470720
5902781002486,false,תה אקסקלוסיב ירוק עם,,,"תה ירוק עם ג""ינג""ר",Unknown,0.00,Unknown,false,1,12.90,0.0000,true,1,470719
5902781002509,false,תה מליסה ורד הבר,,,תה מליסה ורד הבר,Unknown,0.00,Unknown,false,1,9.90,0.0000,true,1,470722
5902781002523,false,תה אוכמניות עם קרקדה,,,תה אוכמניות עם קרקדה,Unknown,0.00,Unknown,false,1,9.90,0.0000,true,1,470724
5902781002547,false,תה פואר 20 שק,,,תה פואר 20שק,יחידה,1.00,יחידה,false,1,12.90,12.9000,true,1,476511
5902781002578,false,תה ספוקויניי סון 20,,,תה ספוקויניי סון 20שק,Unknown,0.00,Unknown,false,1,9.90,0.0000,true,1,476509
5902781002585,false,תה ורד הבר 25 שק,,,תה ורד הבר 25 שק,גרמים,50.00,100 גרם,false,1,7.90,15.8000,true,1,481322
5902781002684,false,תה ארל גריי עם גינגר,,,תה ארל גריי עם גינגר 20 שק,Unknown,0.00,Unknown,false,1,12.90,0.0000,true,1,482602
5902781002691,false,תה עם ליים 20 שק,,,"תה עם ליים 20 שק""",גרמים,40.00,100 גרם,false,1,12.90,32.2500,true,1,490567
5902781002707,false,תה לואיזה 25 שק,,,"תה לואיזה 25 שק""",גרמים,50.00,100 גרם,false,1,7.90,15.8000,true,1,488754
5902795003653,false,תבלין ויגורה 200 גר,,,"תבלין ""ויגורה"" 200 ג",גרמים,200.00,100 גרם,false,1,7.90,3.9500,true,1,466033
5902795033131,false,תבלין בזיליקום 10 גר,,,תבלין בזיליקום,Unknown,0.00,Unknown,false,1,2.90,0.0000,true,1,470234
5902795033148,false,תבלין קרי 15 גר,,,תבלין קרי 15גר,גרמים,15.00,100 גרם,false,1,2.90,19.3333,true,1,468487
5902795033179,false,עלי דפנה 5 גר,,,עלי דפנה 5 גר,גרמים,5.00,100 גרם,false,1,2.90,58.0000,true,1,468658
5902795033230,false,תבלין לעוף 25 גר,,,"תבלין לעוף 25 ג""ר",גרמים,25.00,100 גרם,false,1,2.90,11.6000,true,1,468488
5902795033247,false,תבלין שישליק 25 גר,,,"תבלין שישליק 25 ג""ר",גרמים,25.00,100 גרם,false,1,2.90,11.6000,true,1,468489
5902795033254,false,תבלין חמלי סונלי 25,,,תבלינים חמלי סונלי 25 גר,גרמים,25.00,100 גרם,false,1,2.90,11.6000,true,1,468490
5902795033261,false,תבלין לבורש 25 גר,,,"תבלין לבורש"" 25גר",גרמים,25.00,100 גרם,false,1,2.90,11.6000,true,1,468491
5902795033278,false,תבלין לתפוא 25 גר,,,"תבלין לתפו""א 25 גר""",גרמים,25.00,100 גרם,false,1,2.90,11.6000,true,1,468492
5902795033292,false,תבלין לטחון 25 גר,,,"תבלין לטחון 25 גר""",גרמים,25.00,100 גרם,false,1,2.90,11.6000,true,1,468494
5902795033315,false,תערובת תיבול לפירות,,,תבלין לפירות ים,Unknown,0.00,Unknown,false,1,2.90,0.0000,true,1,468504
5902795033322,false,תבלין לאורז 25 גר,,,תבלין לאורז 25גר,גרמים,25.00,100 גרם,false,1,2.90,11.6000,true,1,468496
5902795033339,false,תבלין לדגים 25 גר,,,"תבלין לדגים 25 גר""",גרמים,25.00,100 גרם,false,1,2.90,11.6000,true,1,468497
5902795033346,false,תבלין לסלט 25 גר,,,"תבלין לסלט 25 גר""",גרמים,25.00,100 גרם,false,1,2.90,11.6000,true,1,468498
5902795033353,false,תבלין לבשר לבן 25 גר,,,"תבלין לבשר לבן 25 ג""",גרמים,25.00,100 גרם,false,1,2.90,11.6000,true,1,468499
5902795033360,false,תבלין גרוזיני 25 גר,,,"תבלין גרוזיני 25 ג""ר",גרמים,25.00,100 גרם,false,1,2.90,11.6000,true,1,468500
5902795033377,false,תבלין קבקזי 25 גר,,,תבלין קבקזי 25גר,גרמים,25.00,100 גרם,false,1,2.90,11.6000,true,1,468501
5902795033384,false,תבלין ארמני 25 גר,,,"תבלין ארמני 25 ג""ר",גרמים,25.00,100 גרם,false,1,2.90,11.6000,true,1,468502
5902795033445,false,תבלין שמיר 7 גר,,,תבלין שמיר 7גר,גרמים,7.00,100 גרם,false,1,2.90,41.4286,true,1,478302
5902795033452,false,תבלין קוריאנדר 7 גר,,,תבלין קוריאנדר,יחידה,1.00,יחידה,false,1,2.90,2.9000,true,1,475675
5902808786672,false,"טורטילאב-דפי טורטיות 20 ס""מ 320 ג'",יושלם,,"טורטילאב דפי טורטיה 20 ס""מ 320 גר",גרמים,320.00,100 גרם,false,1,7.90,2.4688,true,1,511316
5904277110958,false,קפה נמס נטול קפאין 1,INSTANTA,,קפה נמס,גרמים,100.00,100 גרם,false,1,19.90,19.9000,true,1,466101
5904277112044,false,קפה אספרסו 100 גר,INSTANTA,,קפה אספרסו 100 גר,גרמים,100.00,100 גרם,false,1,19.90,19.9000,true,1,466103
5904356952516,false,עוגיות במילוי ממרח ב,,,עוגיות במילוי ממרח בטעם פירות פרימרט 180,גרמים,180.00,100 גרם,false,1,8.90,4.9444,true,1,511318
5904356955807,false,עוגיות עם שבבי שוקול,PRIMART,,עוגיות עם שבבי שוקולד חלב ומריר 180 גר,גרמים,180.00,100 גרם,false,1,12.90,7.1667,true,1,526207
5904356955845,false,עוגיות עם שבבי שוקול,PRIMART,,עוגיות עם שבבי שוקולד לבן וחמוציות 180 ג,גרמים,180.00,100 גרם,false,1,12.90,7.1667,true,1,526208
5904356955883,false,עוגיות מצופות קקאו פ,,,עוגיות מצופות קקאו פרימרט 180 גר,גרמים,180.00,100 גרם,false,1,8.90,4.9444,true,1,526200
5904356957511,false,עוגיות סנדוויץ קרם א,,,עוגיות סנדוויץ קרם אגוזים מצופה קקאו 220,גרמים,220.00,100 גרם,false,1,9.90,4.5000,true,1,473676
5904356958655,false,עוגיות ספוג קרם תפוז,PRIMART,,עוגיות ספוג קרם תפוז מצופה קקאו 260 גר,גרמים,260.00,100 גרם,false,1,12.90,4.9615,true,1,485301
5904356958662,false,עוגיות ספוג קרם פטל,PRIMART,,עוגיות ספוג קרם פטל מצופה קקאו 260 גר,גרמים,260.00,100 גרם,false,1,12.90,4.9615,true,1,485300
5904603190265,false,עגבניות צהובות בחומץ,דבורק,,עגבניות צהובות בחומץ דבוריק 850 גר,גרמים,850.00,100 גרם,false,8,14.90,1.7529,true,1,477814
5904603190296,false,מלפפונים בחומץ עם פל,,,מלפפונים בחומץ עם פלפל 860 גר,גרמים,860.00,100 גרם,false,1,17.90,2.0814,true,1,513714
5904603190302,false,סלט כרוב כבוש 850 גר,דבורק,,סלט כרוב כבוש 850גר,גרמים,850.00,100 גרם,false,1,11.90,1.4000,true,1,477820
5904603190340,false,מלפפונים בחומץ עם שמ,,,מלפפונים בחומץ עם שמיר ושזיפים 860גר,גרמים,860.00,100 גרם,false,1,17.90,2.0814,true,1,479625
5904603190432,false,אפונה ירוקה דבורק 48,,,אפונה ירוקה דבורק 480 גר,גרמים,480.00,100 גרם,false,1,10.90,2.2708,true,1,526051
5904603190555,false,מלפפון בחומץ עם חזרת,,,מלפפון בחומץ עם שמיר 860 גר,גרמים,860.00,100 גרם,false,1,17.90,2.0814,true,1,489559
5904603190623,false,מלפפונים בחומץ עם שו,,,מלפפונים בחומץ עם עלי שום ושמיר 860גר,גרמים,860.00,100 גרם,false,8,17.90,2.0814,true,1,477811
5904603190654,false,עגבניות צהוב אדום בח,דבורק,,עגבניות צהוב אדום בחומץ דבוריק 880 גר,גרמים,880.00,100 גרם,false,8,14.90,1.6932,true,1,477815
5904603190715,false,עגבניות בחומץ פיקנטי,דבורק,,עגבניות בחומץ פיקנטי דבוריק 880 גר,גרמים,880.00,100 גרם,false,8,14.90,1.6932,true,1,466123
5904603190883,false,עגבניות ירוקות כבושו,דבורק,,עגבניות ירוקות כבושות דבוריק 880 גר,גרמים,880.00,100 גרם,false,1,14.90,1.6932,true,1,477816
5904603190920,false,מלפפונים בחומץ עם על,,,מלפפונים בחומץ עם עלי אלון 850 גר,גרמים,850.00,100 גרם,false,1,17.90,2.1059,true,1,484276
5904603191057,false,מלפפון בחומץ עם שמיר,,,מלפפון בחומץ עם שמיר דבורק 450 גר,גרמים,450.00,100 גרם,false,1,26.90,5.9778,true,1,528623
5904603191064,false,מלפפון בחומץ עם שום,,,מלפפון בחומץ עם שום דבורק 450 גר,גרמים,450.00,100 גרם,false,1,26.90,5.9778,true,1,528624
5904603191071,false,מלפפון בחומץ עם חזרת,,,מלפפון בחומץ עם חזרת ושמיר דבורק 450 גר,גרמים,450.00,100 גרם,false,1,26.90,5.9778,true,1,528625
5904603191323,false,מלפפונים כבושים דוור,דבורק,,מלפפונים כבושים 860גר,גרמים,860.00,100 גרם,false,1,17.90,2.0814,true,1,477818
5904603192054,false,מלפפונים בחומץ עם רו,,,מלפפונים בחומץ עם רוטב חרדל 700 גר,גרמים,700.00,100 גרם,false,8,17.90,2.5571,true,1,512233
5904941750312,false,"משקה אנרגיה BLU מוחיטו 250 מ""ל",אקו - ביט,PL,"משקה אנרגיה ""בלו"" מוחיטו",Unknown,0.00,Unknown,false,1,3.90,0.0000,true,1,470474
5904941751302,false,"משקה אנרגיה בלו 250 מ""ל- בודד",אקו - ביט,PL,"משקה אנרגיה ""BLU""",מיליליטרים,250.00,"100 מ""ל",false,1,3.90,1.5600,true,1,466145
5904941751920,false,בלו משקה אנרגיה דיי חצי מכמות הקלו250 מל,אקו - ביט,PL,"משקה אנרגיה ""בלו"" די",Unknown,0.00,Unknown,false,1,3.90,0.0000,true,1,466150
5905643000590,false,קונפיטורה חמוציות 32,,,קונפיטורה חמוציות 320 גר,גרמים,320.00,100 גרם,false,1,13.90,4.3438,true,1,485629
5905643070845,false,חמוציות בסירופ קל 40,,PL,חמוציות בסירופ קל 425 גר,גרמים,400.00,100 גרם,false,1,12.90,3.2250,true,1,485631
5905643070852,false,פטל בסירופ קל 400 גר,,PL,פטל בסירופ קל 425 גר,גרמים,400.00,100 גרם,false,1,12.90,3.2250,true,1,488350
5905643070869,false,אוכמניות כחולות בסיר,"קזברוק,ג'.א. קסול",PL,אוכמניות כחולות בסירופ קל 400 גר,גרמים,400.00,100 גרם,false,1,12.90,3.2250,true,1,497536
5905643070876,false,פטל שחור בסירופ קל 4,,PL,פטל שחור בסירופ קל 425 גר,גרמים,400.00,100 גרם,false,1,12.90,3.2250,true,1,485636
5905643070883,false,תות שדה בסירופ קל 40,,PL,תות שדה בסירופ קל 425 גר,גרמים,400.00,100 גרם,false,1,12.90,3.2250,true,1,485633
5905643070906,false,תערובת פירות בסירופ,העידן האורגני,,תערובת פירות בסירופ קל 425 גר,גרמים,400.00,100 גרם,false,1,12.90,3.2250,true,1,485632
5905643071644,false,סירופ אוכמניות שחורו,,PL,אוכמניות שחורות בסירופ קל 425 גר,גרמים,400.00,100 גרם,false,1,12.90,3.2250,true,1,485634
5906485301012,false,"משקה אנרגיה XL פחית 250 מ""ל","טמפו משקאות בע""מ",IL,משקה אנרגיה XL 250 מ,מיליליטרים,250.00,"100 מ""ל",false,1,4.20,1.6800,true,1,466176
5906485304334,false,גלידה בטעם קפה לטה מ,,,גלידה בטעם קפה לטה משפחתית 430 גר,גרמים,500.00,100 גרם,false,6,19.90,3.9800,true,1,509123
5906747312138,false,עוגיות שוקוצ'יפס אגוז מילקה 135 ג',,,עוגיות מילקה שוקוציפס אגוז 135 גר,גרמים,135.00,100 גרם,false,24,6.90,5.1111,true,1,521206
5907042018732,false,עוגיות ממולאות בטעם,,,עוגיות ממולאות בטעם תות שדה 150 גר,גרמים,150.00,100 גרם,false,1,8.90,5.9333,true,1,525118
5907070001065,false,גבינה לאזור בלו 100,Lazur,,"גבינה ""לזור"" בלו 100 גר",גרמים,100.00,100 גרם,false,1,12.90,12.9000,true,1,473211
5907070001133,false,גבינה לאזור טורקיז 1,Lazur,,"גבינה ""לזור"" טורקיז 100 גר",גרמים,100.00,100 גרם,false,1,12.90,12.9000,true,1,473210
5907070003137,false,גבינה לאזור גולדן 10,Lazur,,"גבינה ""לזור"" גולדן 100 גר",גרמים,100.00,100 גרם,false,1,12.90,12.9000,true,1,473208
5907070004141,false,גבינה לאזור סילבר 10,Lazur,,"גבינה ""לזור"" סילבר 100 גר",גרמים,100.00,100 גרם,false,1,12.90,12.9000,true,1,473209
5907070005124,false,גבינה לאזור סקלמרסקי,Lazur,,גבינה לזור סקלמירצסקי100גר,גרמים,100.00,100 גרם,false,1,12.90,12.9000,true,1,475438
5907070006121,false,גבינה לאזור גולדן פר,Lazur,,גבינה לזור גולדן פרוס 100 גר,גרמים,100.00,100 גרם,false,1,12.90,12.9000,true,1,475439
5907070007128,false,גבינה לאזור סילבר פר,Lazur,,גבינה לזור סילבר פרוס 100 גר,גרמים,100.00,100 גרם,false,1,12.90,12.9000,true,1,475440
5907573337845,false,תערובת תיבול עם ירקו,,,תערובת תיבול עם ירקות מיובשים 75 גר,גרמים,75.00,100 גרם,false,1,9.90,13.2000,true,1,513987
5907623350404,false,כבד דג שיבוט 240 גר,,,כבד דג שיבוט 240 גר,גרמים,240.00,100 גרם,false,1,16.90,7.0417,true,1,466853
5935824534507,false,עניבה עם דמויות כריס,,,עניבה עם דמויות כריסמס,Unknown,0.00,Unknown,false,1,9.90,0.0000,true,1,521873
5935824534521,false,שק לבקבוק במתנה מסנט,,,שק לבקבוק במתנה מסנטה 9*26 סמ,Unknown,0.00,Unknown,false,1,12.90,0.0000,true,1,522026
5935824534873,false,תחפושת עץ אשוח חצאית,,,תחפושת עץ אשוח חצאית גופיה וקשת,Unknown,0.00,Unknown,false,1,39.90,0.0000,true,1,521879
5941000025592,false,חטיפי תפוא הגל בטעם,,,חטיפי תפוא הגל בטעם גבינה של לייס 130 גר,גרמים,130.00,100 גרם,false,1,18.90,14.5385,true,1,525336
5941000025608,false,חטיפי תפוא בטעם ברבי,,,חטיפי תפוא בטעם ברביקיו של לייס 140 גר,גרמים,140.00,100 גרם,false,1,18.90,13.5000,true,1,525339
5941000025615,false,חטיפי תפוא בטעם גבינ,,,חטיפי תפוא בטעם גבינה של לייס 140 גר,גרמים,140.00,100 גרם,false,1,18.90,13.5000,true,1,525340
5941021000639,false,טבלת שוקולד חלב אגוז היידי גראנדור 100 ג',,,שוקולד חלב בתוספת אג,גרמים,100.00,100 גרם,false,12,9.90,9.9000,true,1,504077
5941021000899,false,טבלת שוקולד מריר אגוז היידי גראנדור 100 ג',,,שוקולד מריר בתוספת א,גרמים,100.00,100 גרם,false,12,9.90,9.9000,true,1,504078
5941021001179,false,שוקולד סנטה היידי עו,,,קריסמס סנטה היידי 70 גר,גרמים,70.00,100 גרם,false,14,14.90,21.2857,true,1,495233
5941021001247,false,טבלת שוקולד בטעם קפה היידי גראנדור 80 ג',,,שוקולד מריר בטעם קפה,גרמים,80.00,100 גרם,false,20,9.90,12.3750,true,1,513372
5941021001254,false,טבלת שוקולד בטעם תפוז היידי גראנדור 80 ג',,,שוקולד מריר תפוז 80,גרמים,80.00,100 גרם,false,20,9.90,12.3750,true,1,513373
5941021001261,false,טבלת שוקולד היידי גראנדור 75% 80 ג',,,"שוקולד מריר 75% ""היי",גרמים,80.00,100 גרם,false,20,9.90,12.3750,true,1,466237
5941021001674,false,טבלת שוקולד היידי גראנדור 80% 80 ג',,,"שוקולד ""היידי"" מריר",גרמים,80.00,100 גרם,false,20,9.90,12.3750,true,1,466238
5941021001735,false,שוקולד סנטה היידי שו,,,סנטה היידי שוכב 110 גר,גרמים,110.00,100 גרם,false,15,19.90,18.0909,true,1,502336
5941021002282,false,בונבוניירה היידי גור,,,בונבוניירה היידי גורמה דובדבן 100 גר,גרמים,100.00,100 גרם,false,1,11.90,11.9000,true,1,523725
5941021003531,false,שוקולד איש שלג היידי,,,איש שלג היידי 20 גר,גרמים,20.00,100 גרם,false,15,3.90,19.5000,true,1,495237
5941021003647,false,שוקולד איש שלג היידי,HEIDI,,איש שלג היידי חלב ולבן 150 גר,גרמים,150.00,100 גרם,false,20,26.90,17.9333,true,1,481862
5941021004309,false,"שוקולד היידי גראנדור פלורנטין, 100 ג'",,,שוקולד היידי גראנדור פלורנטין 100 גר,גרמים,100.00,100 גרם,false,1,9.90,9.9000,true,1,466239
5941021004446,false,שוקולד קריסמס סנטה ו,,,קריסמס סנטה ואיש שלג היידי 40 גר,גרמים,40.00,100 גרם,false,10,7.90,19.7500,true,1,495234
5941021004989,false,שוקולד איש שלג היידי,,,איש שלג היידי 70 גר,גרמים,70.00,100 גרם,false,14,14.90,21.2857,true,1,502337
5941021005122,false,טבלת שוקולד חמוציות היידי גראנדור 80 ג',,,שוקולד מריר חמוציות,גרמים,80.00,100 גרם,false,20,9.90,12.3750,true,1,513374
5941021005139,false,טבלת שוקולד חלב שקד היידי גראנדור 100 ג',,,שוקולד חלב היידי גראנדור שקד 100 גר,גרמים,100.00,100 גרם,false,15,9.90,9.9000,true,1,513375
5941021007492,false,שוקולד אייל היידי 70,,,שוקולד אייל היידי 70 גר,גרמים,70.00,100 גרם,false,1,14.90,21.2857,true,1,502338
5941021011147,false,טבלת שוקולד פלורנטין מריר היידי גראנדור 100 ג',,,שוקולד מריר היידי גראנדור פלורנטין 100 גר,גרמים,100.00,100 גרם,false,1,9.90,9.9000,true,1,504090
5941021011277,false,שוקולד פינגווין הייד,,,פינגווין היידי 70 גר,גרמים,70.00,100 גרם,false,14,14.90,21.2857,true,1,502339
5941021013493,false,שוקולד היידי אנגי 70,,,שוקולד היידי אנגי 70 גר,גרמים,70.00,100 גרם,false,14,14.90,21.2857,true,1,514982
5941021016401,false,טבלת שוקולד מריר שקד היידי גראנדור 100 ג',,,שוקולד מריר היידי גראנדור שקד 100 גר,גרמים,100.00,100 גרם,false,15,9.90,9.9000,true,1,513376
5941021019341,false,פינגווין קריסמס היי,,,פינגווין קריסמס היידי 20 גר,גרמים,20.00,100 גרם,false,15,3.90,19.5000,true,1,514984
5941021019358,false,סנטה קריסמס היידי 19,HEIDI,,סנטה קריסמס היידי 190 גר,גרמים,190.00,100 גרם,false,22,29.90,15.7368,true,1,514983
5941021111564,false,קריסמס סנטה מגף הייד,,,קריסמס סנטה מגף היידי 20 גר,גרמים,20.00,100 גרם,false,15,3.90,19.5000,true,1,495235
5942219000059,false,מים מינרלים מבעבעים,,,מים מינרליים בורסק 1.5 ליטר,ליטרים,1.50,ליטר,false,1,8.90,5.9333,true,1,466256
5998710131877,false,ממתק שוקולד שרי קווי,,,"חטיף ""בונבונטי"" דובדבן בשוקולד 36 גר",גרמים,36.00,100 גרם,false,1,3.90,10.8333,true,1,466275
5998749108574,false,מזון לחתולים ויסקס ח,ויסקס Whiskas,PL,"מזון לחתולים ""ויסקס"" בקר 60 גר",גרמים,60.00,100 גרם,false,1,11.90,19.8333,true,1,471866
5998749129746,false,אוכל לחתולים ויסקס א,,,"אוכל לחתולים ויסקס אדולט ביף 1.4 ק""ג",קילוגרמים,1.40,"ק""ג",false,6,49.90,35.6429,true,1,485199
5998749129784,false,אוכל לחתולים ויסקס א,,,"אוכל לחתולים ויסקס אדולט צוקו 1.4 ק""ג",קילוגרמים,1.40,"ק""ג",false,6,49.90,35.6429,true,1,485200
6001067017523,false,קולגייט מברשת שיניים ילדים ספידרמן-ברבי 5+,יבואן ומשווק: ש. שסט,CN,מברשת שיניים קולגייט לילדים 5,Unknown,0.00,Unknown,false,1,14.90,0.0000,true,1,471240
6001067017530,false,קולגייט מברשת שיניים לילדים ספיידרמן,יבואן ומשווק: ש. שסט,CN,מברשת שיניים קולגייט לילדים 2-5,Unknown,0.00,Unknown,false,1,14.90,0.0000,true,1,471239
6001092500106,false,רוטב צאטני חריף 470,דיקון הול פודס,ZA,רוטב צאטני חריף 470 גר,גרמים,470.00,100 גרם,false,24,24.90,5.2979,true,1,502910
6001108093769,false,ליקר אמרולה בטעם וני,,,ליקר אמרולה בטעם וניל 700 מל,מיליליטרים,700.00,"100 מ""ל",false,1,74.90,10.7000,true,1,518019
6001506003407,false,יין קברנה אאודה קאפ,אאודה קאפ,,"יין ""אאודה קאפ"" קלאס",Unknown,0.00,Unknown,false,1,29.90,0.0000,true,1,454814
6001506003902,false,יין אאודה קאפ שנין ב,אאודה קאפ,,"יין ""אאודה קאפ "" שני",Unknown,0.00,Unknown,false,1,29.90,0.0000,true,1,454815
6001506004343,false,אאודה קאפ אלגנט וויט,אאודה קאפ,,אאודה קאפ אלגנט וויט,Unknown,0.00,Unknown,false,1,29.90,0.0000,true,1,454816
6003105001396,false,תבלין לימון ופלפל שח,INA PAARMANS,ZA,תבלין לימון ופלפל שחור אינה פארמנס 200 ג,גרמים,200.00,100 גרם,false,12,22.90,11.4500,true,1,502886
6003105001563,false,תבלין בריי וגריל אינ,INA PAARMANS,ZA,תבלין בריי וגריל אינה פארמנס 200 גר,גרמים,200.00,100 גרם,false,12,22.90,11.4500,true,1,502883
6003105002270,false,תבלין אינה פארמנס לת,INA PAARMANS,ZA,"תבלין אינה פארמנס לתפו""א 200 גר",גרמים,200.00,100 גרם,false,12,22.90,11.4500,true,1,502882
6003105002539,false,תבלין קגון אינה פארמ,INA PAARMANS,ZA,תבלין קגון אינה פארמנס 220 גר,גרמים,220.00,100 גרם,false,12,22.90,10.4091,true,1,502867
6003105002638,false,רוטב סלט הקיסר אינה,INA PAARMANS,ZA,"רוטב סלט הקיסר אינה פארמנס 300 מ""ל",מיליליטרים,300.00,"100 מ""ל",false,12,23.90,7.9667,true,1,502879
6003105003178,false,ציר עוף מרוכז למרק 2,,,ציר עוף מרוכז למרק 200 גר,גרמים,200.00,100 גרם,false,1,29.90,14.9500,true,1,504052
6003105003185,false,ציר בקר מרוכז למרק 2,,,ציר בקר מרוכז למרק 200 גר,גרמים,200.00,100 גרם,false,1,29.90,14.9500,true,1,504051
6003105900262,false,תבלין שום ועשבי תיבו,INA PAARMANS,ZA,תבלין שום ועשבי תיבול אינה פארמנס 200 גר,גרמים,200.00,100 גרם,false,12,22.90,11.4500,true,1,502906
6006507005788,false,תבלין כאפה הרבס מסלה,CAPE HERBS SPICES,ZA,תבלין כאפה הרבס מסלה 100 גר,גרמים,100.00,100 גרם,false,6,19.90,19.9000,true,1,502843
6008165003984,false,סיגריות פאל מאל כחול סטרים פילט בודד,אמריקן גרדן,,פאל מאל כחול סטרים פילטר,Unknown,0.00,Unknown,false,1,30.00,0.0000,false,1,472537
6008165271192,false,סיגריות פאל מאל אדום ארוך,אמריקן גרדן,,פאל מאל אדום ארוך,Unknown,0.00,Unknown,false,1,30.00,0.0000,false,1,471635
6034114001350,false,מפיות כריסמס חגיגיות,,,מפיות כריסמס חגיגיות,Unknown,0.00,Unknown,false,1,6.90,0.0000,true,1,520747
6108000001561,false,עץ אשוח 1.20 מטר,,,עץ אשוח 1.20 מטר,Unknown,0.00,Unknown,false,1,69.90,0.0000,true,1,508780
6111094000198,false,קוסקוס דק 350 ג' דארי,דארי Dari,,קוסקוס דארי 350 גר,גרמים,350.00,100 גרם,false,1,5.90,1.6857,true,1,492976
6111094000242,false,תומר קוסקוס דארי דק 500גר,דרי קוספט,MA,"קוסקוס ""דארי"" דק 500",גרמים,500.00,100 גרם,false,1,9.90,1.9800,true,1,461085
6111094000259,false,קוסקוס דארי בינוני תומר 500ג',דארי Dari,,"קוסקוס ""דארי"" בינוני",גרמים,500.00,100 גרם,false,1,10.90,2.1800,true,1,461086
6111094000808,false,"קוסקוס דארי בינוני תומר 1 ק""ג + 10% תוספת",דרי קוספט,MA,"קוסקוס דארי בינוני 1.1 ק""ג",קילוגרמים,1.10,"ק""ג",false,1,14.90,13.5455,true,1,483153
6191292305011,false,כדור חגיגי לבן עם אי,,,כדור חגיגי לבן עם אייל לתלייה,Unknown,0.00,Unknown,false,1,9.90,0.0000,true,1,520750
6191292305028,false,כדור חגיגי תמונת סנט,,,כדור חגיגי תמונת סנטה לתלייה,Unknown,0.00,Unknown,false,1,9.90,0.0000,true,1,520749
6191292305547,false,שלישיית קישוטי מתנה,,IL,שלישיית קישוטי מתנה לבנים 18*6*8 סמ,Unknown,0.00,Unknown,false,1,14.90,0.0000,true,1,520138
6191292305578,false,שלישיית כדורים כתומי,,,שלישיית כדורים כתומים מנצנצים לקישוט 8סמ,Unknown,0.00,Unknown,false,1,19.90,0.0000,true,1,520136
6191292306162,false,שלישיית כדורים ירוקי,,,שלישיית כדורים ירוקים מנצנצים לקישוט 8סמ,Unknown,0.00,Unknown,false,1,19.90,0.0000,true,1,520135
6192192304838,false,כדור חגיגי תלת מימד,,,כדור חגיגי תלת מימד פופיון כחול לתלייה,Unknown,0.00,Unknown,false,1,5.90,0.0000,true,1,520643
6192192307860,false,כדור חגיגי לב כחול ת,,,כדור חגיגי לב כחול תלת מימד לתלייה,Unknown,0.00,Unknown,false,1,12.90,0.0000,true,1,520640
6192192307877,false,כדור חגיגי כחול תלת,,,כדור חגיגי כחול תלת מימד לתלייה,Unknown,0.00,Unknown,false,1,12.90,0.0000,true,1,520639
6192923010007,false,מארז 12 פעמונים פופי,,IL,מארז 12 פעמונים פופיון זהב,Unknown,0.00,Unknown,false,1,19.90,0.0000,true,1,520635
6192923011332,false,שלישיית קישוטי לב לת,,IL,שלישיית קישוטי לב לתלייה,Unknown,0.00,Unknown,false,1,19.90,0.0000,true,1,520600
6192923012445,false,שלישיית כדורים סנטה/,,,שלישיית כדורים סנטה/זהב 13.5*8.8 סמ,Unknown,0.00,Unknown,false,1,24.90,0.0000,true,1,520621
6192923013237,false,רביעיית כדורים לבן כ,,IL,רביעיית כדורים לבן כוכב אדום,Unknown,0.00,Unknown,false,1,19.90,0.0000,true,1,520607
6192923013251,false,שלישיית קישוטי לב/פע,,IL,שלישיית קישוטי לב לתלייה,Unknown,0.00,Unknown,false,1,19.90,0.0000,true,1,520599
6192923013268,false,שלישיית קישוטים אדום,,IL,שלישיית קישוטים אדומים לתלייה,Unknown,0.00,Unknown,false,1,19.90,0.0000,true,1,520598
6192923014814,false,רביעיית קוביות במגוו,,IL,רביעיית קוביות במגוון צבעים לתלייה,Unknown,0.00,Unknown,false,1,19.90,0.0000,true,1,520605
6192923048222,false,זוג כדורים פס לבן אד,,,זוג כדורים פס לבן אדום לתלייה,Unknown,0.00,Unknown,false,1,19.90,0.0000,true,1,520645
6378631427010,true,שטיח כניסה,,,שטיח כניסה,Unknown,0.00,Unknown,false,1,29.90,0.0000,true,1,499712
6408432052217,false,גבינה מותכת ויולה 20,,,"ויולה 200 ג""ר",גרמים,200.00,100 גרם,false,1,11.90,5.9500,true,1,461155
6424208000145,false,בירה אלבראו פרימיום,,DE,בירה אלבראו פרימיום פילס בלונד 500 מל,מיליליטרים,500.00,"100 מ""ל",false,1,6.90,1.3800,true,1,528370
6424208000244,false,בירה זימברו פרימיום,,DE,בירה זימברו פרימיום 500 מל,מיליליטרים,500.00,"100 מ""ל",false,1,6.90,1.3800,true,1,528369
6523035995256,false,גרלנדה כדור תלת מימד,,,"גרלנדה כדור תלת מימד צבעונית 29 ס""מ",Unknown,0.00,Unknown,false,1,3.90,0.0000,true,1,508753
6569513465316,false,פטריות אופיטה בחומץ,china port,,פטריות אופיטה בחומץ,מיליליטרים,530.00,"100 מ""ל",false,1,14.90,2.8113,true,1,461239
6569513465323,false,פטריות מסליאטה בחומץ,china port,,פטריות מסליאטה בחומץ,מיליליטרים,530.00,"100 מ""ל",false,1,14.90,2.8113,true,1,461240
6569513465330,false,פטריות שיאיטקה בחומץ,china port,,פטריות שיאיטקה בחומץ,מיליליטרים,530.00,"100 מ""ל",false,1,14.90,2.8113,true,1,461241
6569513465347,false,פטריות אסורטי במלח 5,,,פטריות אסורטי במלח,מיליליטרים,530.00,"100 מ""ל",false,1,15.90,3.0000,true,1,517434
6569513465361,false,פטריות אסורטי במרינד,china port,,פטריות אסורטי במרינד 530 גר,גרמים,530.00,100 גרם,false,1,15.90,3.0000,true,1,461242
6769798451039,false,עץ אשוח עם אצטרובלים,,,עץ אשוח עם אצטרובלים 210 סמ,Unknown,0.00,Unknown,false,1,799.90,0.0000,true,1,521662
6769798451060,false,עץ אשוח תכלת מושלג 1,,,עץ אשוח תכלת מושלג 150 סמ,Unknown,0.00,Unknown,false,1,399.90,0.0000,true,1,521540
6769798451091,false,עץ אשוח מושלג פירות,,,עץ אשוח מושלג פירות אדומים 150 סמ,Unknown,0.00,Unknown,false,1,349.90,0.0000,true,1,521552
6769798451169,false,עץ אשוח דקורטיבי 45,,,עץ אשוח דקורטיבי 45 סמ בשק,Unknown,0.00,Unknown,false,1,49.90,0.0000,true,1,521650
6769798451206,false,עץ אשוח מושלג פירות,,,עץ אשוח מושלג פירות אדומים ואצטרובלים150,Unknown,0.00,Unknown,false,1,349.90,0.0000,true,1,521668
6769798451305,false,עץ אשוח ירוק 180 סמ,,,עץ אשוח ירוק 180 סמ,Unknown,0.00,Unknown,false,1,399.90,0.0000,true,1,521670
6769798454771,false,עץ אשוח קצוות ירקרקי,,,עץ אשוח קצוות ירקרקים ואצטרובלים 150 סמ,Unknown,0.00,Unknown,false,1,499.90,0.0000,true,1,521526
6769798454801,false,עץ אשוח מושלג 150 סמ,,,עץ אשוח מושלג 150 סמ,Unknown,0.00,Unknown,false,1,499.90,0.0000,true,1,521532
6868277704670,false,נר מאיר דמויות חג,,IL,נר מאיר דמויות חג,Unknown,0.00,Unknown,false,1,39.90,0.0000,true,1,514496
6869000000403,false,עץ אשוח מעוטר אצטרוב,,,עץ אשוח מעוטר אצטרובלים ופירות 120 סמ,Unknown,0.00,Unknown,false,1,399.90,0.0000,true,1,521659
6892021001845,false,עץ אשוח דקורטיבי מוז,,IL,עץ אשוח דקורטיבי מוזהב כוכב וכדורים אדום,Unknown,0.00,Unknown,false,1,39.90,0.0000,true,1,521047
6892021090023,false,אייל חגיגי חום קרניי,,,אייל חגיגי חום קרניים ארוכות 75 סמ,Unknown,0.00,Unknown,false,1,199.90,0.0000,true,1,522612
6893540100156,false,עץ אשוח מושלג עם אצט,,,עץ אשוח מושלג עם אצטרובלים 1.50 מטר,Unknown,0.00,Unknown,false,1,399.90,0.0000,true,1,514821
6893540100200,false,עץ אשוח מושלג עם אצט,,,עץ אשוח מושלג עם אצטרובלים 1.80 מטר,Unknown,0.00,Unknown,false,1,599.90,0.0000,true,1,514827
6900201973506,true,מתקן לייבוש כביסה 60,,,מתקן ליבוש כביסה 60*105 סמ,Unknown,0.00,Unknown,false,1,99.90,0.0000,true,1,527147
6901001104190,false,שרשרת נורות 10 מטר ש,,,שרשרת נורות 10 מטר שחורה,Unknown,0.00,Unknown,false,1,34.90,0.0000,true,1,520857
6901001104206,false,שרשרת נורות 10 מטר ש,,,שרשרת נורות 10 מטר שקופה,Unknown,0.00,Unknown,false,1,34.90,0.0000,true,1,520858
6901001104213,false,שרשרת נורות 5 מטר שק,,,שרשרת נורות 5 מטר שקופה,Unknown,0.00,Unknown,false,1,24.90,0.0000,true,1,520859
6901001104220,false,שרשרת נורות 5 מטר שח,,,שרשרת נורות 5 מטר שחורה,Unknown,0.00,Unknown,false,1,24.90,0.0000,true,1,520860
6901001104237,false,שרשרת נורות 5 מטר שק,,,שרשרת נורות 5 מטר שקופה,Unknown,0.00,Unknown,false,1,24.90,0.0000,true,1,520861
6901020709037,false,בובת סנטה עם בטן חגי,,,בובת סנטה עם בטן חגיגית 50*46*9 סמ,Unknown,0.00,Unknown,false,1,249.90,0.0000,true,1,520843
6901022100409,false,גינגר כתוש 95% גינגר,עבדו,,גינגר כתוש 95% גינגר טרי 100 גר,גרמים,100.00,100 גרם,false,1,6.90,6.9000,true,1,527343
6901022100416,false,שום כתוש 95% שום טרי,עבדו,,שום כתוש 95% שום טרי 100 גר,גרמים,100.00,100 גרם,false,1,6.90,6.9000,true,1,527342
6901248680891,false,טבעות דיונון מעושנים,אקוואטיק,,טבעות דיונן מעושנים 90גרי,גרמים,90.00,100 גרם,false,1,16.90,18.7778,true,1,466288
6901248893819,false,טבעות דיונן מעושן אר,אקוואטיק,,טבעות דיונן מעושן ארנה עם צילי 90גר,גרמים,90.00,100 גרם,false,1,17.90,19.8889,true,1,476444
6901248894090,false,דג ארנה פס שחור 100,אקוואטיק,,דג ארנה פס שחור 100 גר,גרמים,100.00,100 גרם,false,1,15.90,15.9000,true,1,478752
6901489340240,false,פטריות כבושות מיקס 8,,,פטריות כבושות מיקס 880 מל,מיליליטרים,840.00,"100 מ""ל",false,1,19.90,2.3690,true,1,471067
6901489340257,false,פטריות כבושות אופיאט,,,פטריות כבושות אופיאטה 880 מל,גרמים,840.00,100 גרם,false,1,19.90,2.3690,true,1,471070
6901489340264,false,פטריות כבושות גרוזדי,,,פטריות כבושות גרוזדי 880 מל,גרמים,840.00,100 גרם,false,1,19.90,2.3690,true,1,471069
6901489340271,false,פטריות כבושות בורובי,,,פטריות כבושות בורוביקי 880 מל,גרמים,840.00,100 גרם,false,1,19.90,2.3690,true,1,471065
6901489340288,false,פטריות כבושות מסליאט,,,פטריות כבושות מסליאטה 880 מל,גרמים,840.00,100 גרם,false,1,19.90,2.3690,true,1,471066
6902102403922,false,פסלון עץ אשוח סנטה/א,,,פסלון עץ אשוח סנטה/איש שלג 11*10.5*6.6סמ,Unknown,0.00,Unknown,false,1,24.90,0.0000,true,1,521134
6902106052188,false,תחתית לבנה לעץ אשוח,,IL,תחתית לבנה לעץ אשוח 75 סמ,Unknown,0.00,Unknown,false,1,29.90,0.0000,true,1,520912
6906800004559,true,ציפית 45*45 סמ לכרית,,IL,ציפית 45*45 סמ לכרית כריסמס חגיגית,Unknown,0.00,Unknown,false,1,19.90,0.0000,true,1,520767
6906800004566,true,ציפית 45*45 סמ לכרית,,IL,ציפית 45*45 סמ לכרית כריסמס חגיגית,Unknown,0.00,Unknown,false,1,19.90,0.0000,true,1,520768
6906800004573,true,ציפית לכרית כריסמס 4,,IL,ציפית לכרית כריסמס 45*45 סמ חגיגית,Unknown,0.00,Unknown,false,1,14.90,0.0000,true,1,520769
6906800004597,true,ציפית לכרית כריסמס 4,,IL,ציפית לכרית כריסמס 45*45 סמ חגיגית,Unknown,0.00,Unknown,false,1,14.90,0.0000,true,1,520771
6907305124582,false,חבילת נרות במגוון צב,,,חבילת נרות במגוון צבעים,Unknown,0.00,Unknown,false,1,12.90,0.0000,true,1,507195
6910191800287,false,אצות נורי בלו 10 דף (ננגטונג),ננטונג היידה אקווטוק,CN,דפי אצות נורי 10 דף,גרמים,25.00,100 גרם,false,1,11.90,47.6000,true,1,468112
6912006564896,false,שק למתנות של סנטה,,,שק למתנות של סנטה,Unknown,0.00,Unknown,false,1,39.90,0.0000,true,1,521042
6912977000140,false,אטריות שעועית מזרח ו,יאנטאי ינסידה לנוגקא,CN,אטריות שעועית דקות 250גר,גרמים,250.00,100 גרם,false,1,9.90,3.9600,true,1,473653
6914725836902,true,מפות שולחן,,,מפות שולחן,Unknown,0.00,Unknown,false,1,9.90,0.0000,true,1,499713
6915478754543,true,קופת משפחת החזירונים,,,קופת משפחת החזירונים,Unknown,0.00,Unknown,false,1,19.90,0.0000,true,1,501644
6916305932400,false,מארז כדורים במגוון ג,,,מארז כדורים במגוון גדלים וצורות בקרטון,Unknown,0.00,Unknown,false,1,129.90,0.0000,true,1,521803
6916305932417,false,מארז 24 כדורים באדום,,,מארז 24 כדורים באדום וזהב מט ומבריק,Unknown,0.00,Unknown,false,1,69.90,0.0000,true,1,521804
6916305932424,false,כדור כסוף דמוי קיפוד,,,כדור כסוף דמוי קיפוד לקישוט,Unknown,0.00,Unknown,false,1,29.90,0.0000,true,1,521579
6916305932448,false,כדור צבע ענבר פס כסף,,,כדור צבע ענבר פס כסף מקושקש לקישוט,Unknown,0.00,Unknown,false,1,19.90,0.0000,true,1,521814
6916305932479,false,קישוט לראש עץ קרן אד,,IL,קישוט לראש עץ קרן אדום עם תחרה,Unknown,0.00,Unknown,false,1,19.90,0.0000,true,1,521822
6916305932486,false,קישוט לראש עץ קרן כח,,IL,קישוט לראש עץ קרן כחול עם תחרה,Unknown,0.00,Unknown,false,1,19.90,0.0000,true,1,521826
6916305932493,false,קישוט לראש עץ קרן כס,,IL,קישוט לראש עץ קרן כסף וכחול עם תחרה,Unknown,0.00,Unknown,false,1,19.90,0.0000,true,1,521827
6916305932516,false,קישוט לראש עץ קרן בו,,IL,קישוט לראש עץ קרן בורדו עם תחרה,Unknown,0.00,Unknown,false,1,19.90,0.0000,true,1,521824
6916305932530,false,קישוט לראש עץ קרן כח,,IL,קישוט לראש עץ קרן כחול/זהב/אדום מבריק,Unknown,0.00,Unknown,false,1,9.90,0.0000,true,1,521825
6916305932592,false,מארז 4 מגפי סנטה לקי,,IL,מארז 4 מגפי סנטה לקישוט העץ,Unknown,0.00,Unknown,false,1,19.90,0.0000,true,1,521829
6916305932615,false,מארז 6 סוכריות אדומו,,,מארז 6 סוכריות אדומות לקישוט,Unknown,0.00,Unknown,false,1,29.90,0.0000,true,1,521843
6916305932639,false,רביעיית עצי אשוח אדו,,,רביעיית עצי אשוח אדום לבן לקישוט,Unknown,0.00,Unknown,false,1,29.90,0.0000,true,1,521846
6916305932646,false,מארז 4 כובעי סנטה לק,,IL,מארז 4 כובעי סנטה לקישוט העץ,Unknown,0.00,Unknown,false,1,19.90,0.0000,true,1,521830
6916305932684,false,חמישיית בלוטים כסופי,,,חמישיית בלוטים כסופים לקישוט,Unknown,0.00,Unknown,false,1,19.90,0.0000,true,1,521851
6916305932691,false,שישיית נטיפים כסופים,,,שישיית נטיפים כסופים לקישוט,Unknown,0.00,Unknown,false,1,24.90,0.0000,true,1,521852
6916305932721,false,רביעיית בתים כסופים,,,רביעיית בתים כסופים לקישוט,Unknown,0.00,Unknown,false,1,19.90,0.0000,true,1,521600
6916305932738,false,שלישיית ינשופים כסופ,,,שלישיית ינשופים כסופים,Unknown,0.00,Unknown,false,1,24.90,0.0000,true,1,521573
6916305932745,false,רביעיית עצי אשוח כחו,,,רביעיית עצי אשוח כחולים פס כסף לקישוט,Unknown,0.00,Unknown,false,1,19.90,0.0000,true,1,521853
6916305932752,false,רביעיית בלוטים כחולי,,,רביעיית בלוטים כחולים פס כסף לקישוט,Unknown,0.00,Unknown,false,1,49.90,0.0000,true,1,521854
6916305932769,false,שישיית כדורים ירקרקי,,,שישיית כדורים ירקרקים מקושטים לתלייה,Unknown,0.00,Unknown,false,1,24.90,0.0000,true,1,521855
6916305932783,false,מארז כדורים אדום וזה,,,מארז כדורים אדום וזהב לקישוט,Unknown,0.00,Unknown,false,1,19.90,0.0000,true,1,521831
6916305932790,false,מארז כדורים אדומים מ,,,מארז כדורים אדומים מט ומבריק לקישוט,Unknown,0.00,Unknown,false,1,79.90,0.0000,true,1,521832
6916305932806,false,מארז 6 כדורים במגוון,,,מארז 6 כדורים במגוון צבעים,Unknown,0.00,Unknown,false,1,29.90,0.0000,true,1,521576
6916305932813,false,רביעיית כדורים במגוו,,,רביעיית כדורים במגוון צבעים עם כוכב לבן,Unknown,0.00,Unknown,false,1,19.90,0.0000,true,1,521847
6916305932820,false,מארז 12 כדורים זהב מ,,,מארז 12 כדורים זהב מט ומבריק לקישוט,Unknown,0.00,Unknown,false,1,59.90,0.0000,true,1,521603
6916305932851,false,מארז 12 כדורים צבע ע,,,מארז 12 כדורים צבע ענבר פסים בלבן לקישוט,Unknown,0.00,Unknown,false,1,49.90,0.0000,true,1,521833
6916305932868,false,מארז 9 כדורים ורודים,,,מארז 9 כדורים ורודים מקושטים,Unknown,0.00,Unknown,false,1,59.90,0.0000,true,1,521597
6916305932875,false,מארז 9 כדורים בלבן ו,,,מארז 9 כדורים בלבן וורוד עם כוכב לבן,Unknown,0.00,Unknown,false,1,39.90,0.0000,true,1,521848
6916305932905,false,מארז 6 כדורים כחולים,,,מארז 6 כדורים כחולים עם פרח לבן,Unknown,0.00,Unknown,false,1,19.90,0.0000,true,1,521849
6916305932912,false,מארז 6 כדורים ורודים,,,מארז 6 כדורים ורודים פס נצנצים לקישוט,Unknown,0.00,Unknown,false,1,29.90,0.0000,true,1,521850
6916305932936,false,מארז כדורים בגווני ס,,,מארז כדורים בגווני סגול וזהב לקישוט,Unknown,0.00,Unknown,false,1,59.90,0.0000,true,1,521605
6916305932967,false,שישיית כדורים כחולים,,,שישיית כדורים כחולים מקושטים לתלייה,Unknown,0.00,Unknown,false,1,24.90,0.0000,true,1,521856
6916305933001,false,שישיית כדורים ורודים,,,שישיית כדורים ורודים לבנים מקושטים לתליה,Unknown,0.00,Unknown,false,1,24.90,0.0000,true,1,521857
6916305933025,false,מארז 12 כדורים במגוו,,,מארז 12 כדורים במגוון צבעים,Unknown,0.00,Unknown,false,1,29.90,0.0000,true,1,521575
6916305933032,false,מארז 12 כדורים ירוקי,,,מארז 12 כדורים ירוקים מט ומבריק לקישוט,Unknown,0.00,Unknown,false,1,34.90,0.0000,true,1,521858
6916305933049,false,שישיית כדורים מוזהבי,,,שישיית כדורים מוזהבים מט ומבריק לקישוט,Unknown,0.00,Unknown,false,1,24.90,0.0000,true,1,521859
6916305933056,false,מארז 24 כדורים בגוונ,,,מארז 24 כדורים בגווני צבע סגול לקישוט,Unknown,0.00,Unknown,false,1,59.90,0.0000,true,1,521599
6916305933063,false,מארז כדורים בגווני ו,,,מארז כדורים בגווני ורוד ואדום לקישוט,Unknown,0.00,Unknown,false,1,69.90,0.0000,true,1,521860
6916305933070,false,שישיית כדורים אדומים,,,שישיית כדורים אדומים מבריקים לקישוט,Unknown,0.00,Unknown,false,1,29.90,0.0000,true,1,521836
6916305933087,false,שישיית כדורים אדומים,,,שישיית כדורים אדומים תחרה לבנה לקישוט,Unknown,0.00,Unknown,false,1,29.90,0.0000,true,1,521837
6916305933094,false,מארז 12 כדורים אדומי,,,מארז 12 כדורים אדומים מט ומבריק לקישוט,Unknown,0.00,Unknown,false,1,59.90,0.0000,true,1,521861
6916305933100,false,מארז 9 כדורים כחולים,,,מארז 9 כדורים כחולים וכסופים מקושטים,Unknown,0.00,Unknown,false,1,69.90,0.0000,true,1,521838
6916305933117,false,כדור אדום עם כוכבים,,,כדור אדום עם כוכבים לקישוט,Unknown,0.00,Unknown,false,1,19.90,0.0000,true,1,521578
6916305933124,false,כדור כסוף עם כוכבים,,,כדור כסוף עם כוכבים לקישוט,Unknown,0.00,Unknown,false,1,19.90,0.0000,true,1,521577
6916305933131,false,כדור כסוף עם כוכבים,,,כדור כסוף עם כוכבים לקישוט,Unknown,0.00,Unknown,false,1,19.90,0.0000,true,1,521574
6916305933148,false,מארז 9 כדורים שקופים,,,מארז 9 כדורים שקופים עם תחרה לבנה,Unknown,0.00,Unknown,false,1,99.90,0.0000,true,1,521840
6916305933209,false,כדור כחול עם ציור אי,,,כדור כחול עם ציור אייל וכוכבים לתלייה,Unknown,0.00,Unknown,false,1,19.90,0.0000,true,1,521841
6916305933216,false,כדור תכלת עם ציור פת,,,כדור תכלת עם ציור פתיתי שלג לתלייה,Unknown,0.00,Unknown,false,1,19.90,0.0000,true,1,521842
6920210886802,false,אריזת מתנה לבקבוק שח,,,אריזת מתנה לבקבוק שחור זהב,Unknown,0.00,Unknown,false,1,5.90,0.0000,true,1,520657
6920210886819,false,אריזת מתנה לבקבוק שח,,,אריזת מתנה לבקבוק שחור זהב,Unknown,0.00,Unknown,false,1,5.90,0.0000,true,1,520658
6920217261480,false,עץ אשוח דקורטיבי 50,,,עץ אשוח דקורטיבי 50 סמ,Unknown,0.00,Unknown,false,1,99.90,0.0000,true,1,521987
6920221674962,true,מחזיק מפתחות דמויות,,IL,מחזיק מפתחות דמויות כריסמס,Unknown,0.00,Unknown,false,1,4.90,0.0000,true,1,520780
6920354824395,false,משחת שיניים נטורל תמציות פחם קולגייט 90 ג',קולגייט Colgate,,משחת שיניים קולגייט תמציות פחם 90 גר,גרמים,90.00,100 גרם,false,1,24.80,27.5556,true,1,518819
6920510424926,false,סוויט בוקס צעצוע ודו,,,סוכ גלי סביט בוקס+מאשה ודוב,Unknown,0.00,Unknown,false,1,11.90,0.0000,true,1,497790
6920510504345,false,צעצוע פרוזן עם ממתק,,,צעצוע פרוזן עם ממתק סוויט בוקס 10 גר,Unknown,0.00,Unknown,false,1,11.90,0.0000,true,1,522847
6920510504369,false,צעצוע מכוניות עם ממת,,,צעצוע מכוניות עם ממתק סוויט בוקס 10 גר,Unknown,0.00,Unknown,false,1,11.90,0.0000,true,1,522848
6920510504383,false,צעצוע נסיכות עם ממתק,,,צעצוע נסיכות עם ממתק סוויט בוקס 10 גר,Unknown,0.00,Unknown,false,1,11.90,0.0000,true,1,522849
6920510504420,false,צעצוע ספיידרמן עם ממ,,,צעצוע ספיידרמן עם ממתק סוויט בוקס 10 גר,Unknown,0.00,Unknown,false,1,11.90,0.0000,true,1,522851
6920510504444,false,צעצוע הנוקמים עם ממת,,,צעצוע הנוקמים עם ממתק סוויט בוקס 10 גר,Unknown,0.00,Unknown,false,1,11.90,0.0000,true,1,522850
6921236832811,false,אסורטי פטריות במלח 8,דליאן ג'יי אנד אן פו,,אסורטי פיטריות במלח,גרמים,840.00,100 גרם,false,1,18.90,2.2500,true,1,466381
6921236832828,false,פיטריות אופיאטה במלח,דליאן ג'יי אנד אן פו,,פיטריות אופיאטה במלח880גר,גרמים,840.00,100 גרם,false,1,23.90,2.8452,true,1,466382
6921236832835,false,פטריות גרוזדי מוחמצו,דליאן ג'יי אנד אן פו,,פיטריות גרוזדי כבושי,גרמים,840.00,100 גרם,false,1,16.90,2.0119,true,1,466383
6921236832859,false,פטריות אופיאטה מוחמצ,דליאן ג'יי אנד אן פו,,פיטריות אופיאטה כבוש,גרמים,880.00,100 גרם,false,1,23.90,2.7159,true,1,466385
6921236832866,false,אסורטי פטריות מוחמצו,דליאן ג'יי אנד אן פו,,אסורטי פיטריות כבושי,גרמים,840.00,100 גרם,false,1,18.90,2.2500,true,1,466386
6921236832910,false,פיטריות מסליאטה מוחמ,דליאן ג'יי אנד אן פו,,פיטריות מסליאטה כבוש,גרמים,840.00,100 גרם,false,1,23.90,2.8452,true,1,466387
6921236832934,false,פטריות מסליאטה במלח,דליאן ג'יי אנד אן פו,,פיטריות מסליאטה במלח,גרמים,880.00,100 גרם,false,1,23.90,2.7159,true,1,466388
6921295003146,false,נתחי סורימי 200 גר,,,"נתחי סורימי 200 גר""",גרמים,200.00,100 גרם,false,1,4.90,2.4500,true,1,466394
6921476201088,false,מקלות סורימי 200 גר,,,מקלות סורימי 200 גרם,גרמים,200.00,100 גרם,false,1,5.90,2.9500,true,1,503161
6921476201095,false,נתחי סורימי 200 גר,,,נתחי סורימי 200 גר,גרמים,200.00,100 גרם,false,1,5.90,2.9500,true,1,502953
6922276100083,false,מחית וואסבי חזרת מזר,דליאן ג'ינדה קונדימנ,CN,מחית וואסבי 43 גר,גרמים,43.00,100 גרם,false,1,9.90,23.0233,true,1,469898
6922571300607,false,ארנה-דג פוטה עם צילי,ארנה,CN,ארנה-דג פוטה עם צילי 100 גר,גרמים,100.00,100 גרם,false,50,15.90,15.9000,true,1,504610
6922571302076,false,דג מינטאי ארנה מיובש,אקוואטיק,,דג מינטאי ארנה מיובש וממולח 100 גר,גרמים,100.00,100 גרם,false,1,16.90,16.9000,true,1,507129
6922571302205,false,דג בליצוק ארנה 100 ג,אקוואטיק,,דג בליצוק ארנה 100 גר,גרמים,100.00,100 גרם,false,1,16.90,16.9000,true,1,507128
6922571380081,false,פילה דג צנינית צהובת,קינגדאו,,פילה דג צנינית צהובת פסים מיובש 80 גר,גרמים,80.00,100 גרם,false,1,10.90,13.6250,true,1,467241
6924040310490,false,משאית חוף צבעונית 5,,,משאית חוף צבעונית 5 חלקים 25*15*16 סמ,Unknown,0.00,Unknown,false,1,24.90,0.0000,true,1,521025
6925303713409,false,פטריות בורוביק בחומץ,דוליאן דזאנד אנפוד,,פטריות בורוביק בחומץ 480 גר,גרמים,480.00,100 גרם,false,1,15.90,3.3125,true,1,466455
6926442680331,false,מקלות סורימי 200 גר,,,"מקלות סורימי 200 גר""",גרמים,200.00,100 גרם,false,1,4.90,2.4500,true,1,466467
6927388792881,false,זוג סנטות לקישוט,,,זוג סנטות לקישוט,Unknown,0.00,Unknown,false,1,3.90,0.0000,true,1,521797
6933960500089,false,קנפיו רצועות דלעת כב,Qingdao Sun-growing,,קנפיו רצועות דלעת כבושות 100גר,גרמים,100.00,100 גרם,false,1,15.90,15.9000,true,1,467455
6934731200078,false,אטריות טריות דקות מז,יאנטאי ינסידה לנוגקא,CN,אטריות טריות דקות 200 גר,גרמים,200.00,100 גרם,false,1,6.90,3.4500,true,1,505119
6934731210138,false,אטריות טריות עבות מז,יאנטאי ינסידה לנוגקא,CN,אטריות טריות עבות 200 גר,גרמים,200.00,100 גרם,false,1,6.90,3.4500,true,1,505118
6936745600462,false,רוטב מירין לתיבול מז,דאנינג יוה פודס קו,CN,"מירין מיזקאן 500 מ""ל",מיליליטרים,500.00,"100 מ""ל",false,1,24.90,4.9800,true,1,468531
6936745600783,false,"חומץ אורז 500 מ""ל (דאניינג)",דאנינג יוה פודס קו,CN,"חומץ אורז מיצוקאן 500 מ""ל",מיליליטרים,500.00,"100 מ""ל",false,1,16.90,3.3800,true,1,468530
6940589714230,false,מטריה גדולה 70 סמ,,,מטריה גדולה 70 סמ,Unknown,0.00,Unknown,false,1,49.90,0.0000,true,1,520660
6942971507031,false,סוויט בוקס צעצוע ודו,גואנגדונג ויסקי פודס,,מארז סוכ גלי בטעם פירות וצעצוע חתולים,Unknown,0.00,Unknown,false,1,11.90,0.0000,true,1,492210
6942971507062,false,סוויט בוקס צעצוע ודו,גואנגדונג ויסקי פודס,,מארז סוכ גלי בטעם פירות וצעצוע פוני,Unknown,0.00,Unknown,false,1,11.90,0.0000,true,1,492212
6942971507123,false,סוויט בוקס צעצוע ודו,גואנגדונג ויסקי פודס,,מארז סוכ גלי בטעם פירות וצעצוע כלבים,Unknown,0.00,Unknown,false,1,11.90,0.0000,true,1,492211
6942971508090,false,סוויט בוקס צעצוע ודו,,,מארז סוכ גלי עם צעצוע תינוקות,Unknown,0.00,Unknown,false,1,11.90,0.0000,true,1,493852
6942971509844,false,סוויט בוקס צעצוע ובו,גואנגדונג ויסקי פודס,,מארז סוכ גלי בטעם פירות וצעצוע זומבי,Unknown,0.00,Unknown,false,1,11.90,0.0000,true,1,508860
6944027000015,false,תה סיני 125 גר,זאינינג קריאלס אואיל,,"תה סיני 125 גר""",מיליליטרים,125.00,"100 מ""ל",false,1,6.90,5.5200,true,1,466590
6944027000428,false,תה ירוק סיני 250 גר,זאינינג קריאלס אואיל,,"תה סיני 250 גר""",גרמים,250.00,100 גרם,false,1,11.90,4.7600,true,1,466591
6944027000503,false,תה סיני 500 גר,זאינינג קריאלס אואיל,,"תה סיני 500 גר""",גרמים,500.00,100 גרם,false,1,23.90,4.7800,true,1,466592
6944027000725,false,תה ירוק יסמין 100 גר,זאינינג קריאלס אואיל,,"תה סיני ""ג""אסמין"" 10",גרמים,100.00,100 גרם,false,1,9.90,9.9000,true,1,466593
6945620001126,false,מארז 24 כדורים אדום,,,מארז 24 כדורים אדום מט ומבריק 8 סמ,Unknown,0.00,Unknown,false,1,89.90,0.0000,true,1,521117
6945620001270,false,אייל לבוש מרובעים 43,,,אייל לבוש מרובעים 43*33*18 סמ,Unknown,0.00,Unknown,false,1,59.90,0.0000,true,1,521119
6951415113165,false,מארז כדורים במגוון צ,,,מארז כדורים במגוון צבעים אדום/לבן/שקוף,Unknown,0.00,Unknown,false,1,99.90,0.0000,true,1,521589
6957763801518,false,סאיירה במיץ טבעי 425,,,סאיירה במיץ טבעי 425 גר,גרמים,425.00,100 גרם,false,1,12.90,3.0353,true,1,520148
6957763801525,false,סאיירה בשמן צמחי 425,,,סאיירה בשמן צמחי 425 גר,גרמים,425.00,100 גרם,false,1,12.90,3.0353,true,1,520150
6957763801532,false,סאיירה בתוספת שמן צמ,,,סאיירה בתוספת שמן צמחי 425 גר,גרמים,425.00,100 גרם,false,1,12.90,3.0353,true,1,520149
6959123012367,false,בובת נמר עם שמש ופרח,,,בובת נמר עם שמש ופרח 25 סמ,Unknown,0.00,Unknown,false,1,49.90,0.0000,true,1,521091
6971289090010,false,פטריות מאסליאטה מוחמ,,,פטריות מאסליאטה מוחמצות שלמות 530 מל,מיליליטרים,530.00,"100 מ""ל",false,1,15.90,3.0000,true,1,498306
6971289090027,false,פטריות לבנות מוחמצות,,,"פטריות לבנות מוחמצות שלמות 530 מ""ל",מיליליטרים,530.00,"100 מ""ל",false,1,15.90,3.0000,true,1,498310
6971289090034,false,פטריות גרוזדי מוחמצו,,,"פטריות גרוזדי מוחמצות 530 מ""ל",מיליליטרים,530.00,"100 מ""ל",false,1,15.90,3.0000,true,1,498307
6971289090041,false,פטריות לבנות מוחמצות,,,"פטריות לבנות מוחמצות אלפא שלמות 840 מ""ל",מיליליטרים,840.00,"100 מ""ל",false,1,22.90,2.7262,true,1,499220
6971289090058,false,פטריות גרוזדי מוחמצו,,,"פטריות גרוזדי מוחמצות אלפא שלמות 840 מ""ל",מיליליטרים,840.00,"100 מ""ל",false,1,19.90,2.3690,true,1,499218
6971289090065,false,פטריות אופיאטה מוחמצ,,,פטריות אופיאטה מוחמצות שלמות 530 מל,מיליליטרים,530.00,"100 מ""ל",false,1,17.90,3.3774,true,1,498308
6971289090072,false,פטריות מאסלטה מוחמצו,,,"פטריות מאסלטה מוחמצות אלפא שלמות 840 מ""ל",גרמים,840.00,100 גרם,false,1,22.90,2.7262,true,1,499219
6971289090089,false,פטריות אסורטי מוחמצו,,,"פטריות אסורטי מוחמצות אלפא שלמות 840 מ""ל",מיליליטרים,840.00,"100 מ""ל",false,1,19.90,2.3690,true,1,499217
6971289090096,false,פטריות אופיאטה מוחמצ,,,פטריות אופיאטה מוחמצות אלפא שלמות 840 מל,מיליליטרים,840.00,"100 מ""ל",false,1,24.90,2.9643,true,1,499216
6971289090102,false,פטריות אסורטי מוחמצו,,,פטריות אסורטי מוחמצות שלמות 530 מל,מיליליטרים,530.00,"100 מ""ל",false,1,15.90,3.0000,true,1,498309
6972554330015,true,קיסמי שיניים,,IL,קיסמי שיניים,Unknown,0.00,Unknown,false,1,1.50,0.0000,true,1,513864
6974640730167,false,פטריות שיטאקה 100 גר,ZHEJIANG FOREST FOOD,,פטריות שיטאקה 100 גר,גרמים,100.00,100 גרם,false,1,15.90,15.9000,true,1,525250
6978920214484,false,חליפת סניגורוצקה אדו,,,חליפת סניגורוצקה אדומה עם שרוכים,Unknown,0.00,Unknown,false,1,99.90,0.0000,true,1,520866
6981150014557,true,עגלה לבובה,,,עגלה לבובה,Unknown,0.00,Unknown,false,1,19.90,0.0000,true,1,494849
6989877718772,true,חבילת שיפודים למנגל,,,חבילת שיפודים למנגל 30*0.5 סמ,Unknown,0.00,Unknown,false,1,3.90,0.0000,true,1,522634
7020210604648,true,ראנר שולחן 180*33 סמ,,IL,ראנר שולחן 180*33 סמ חגיגי,Unknown,0.00,Unknown,false,1,34.90,0.0000,true,1,520776
7046110071519,false,"ג'ורדן משחת שיניים לילדים( 2-6 ) 50מ""ל",,,"משחת שיניים גורדן לשיני חלב 2-6 50 מ""ל",מיליליטרים,50.00,"100 מ""ל",false,1,11.90,23.8000,true,1,505186
7271730901261,false,ווקי מאק ארוחת אטריות עם גבינה 156 גרם,ניו וורלד פסטה קומפנ,US,ארוחת אטריות ווקי מאק עם גבינה 156 גר,גרמים,156.00,100 גרם,false,1,12.90,8.2692,true,1,502464
7290000000018,false,כרוב קייל,ירק הגליל,,כרוב קייל,Unknown,0.00,Unknown,false,1,12.90,0.0000,true,1,444511
7290000000169,false,תפוח אדמה לאפיה,ביכורי שדה דרום 2002,,"תפו""א לאפיה",קילוגרמים,1.00,"ק""ג",true,,3.90,3.9000,true,1,445155
7290000000202,false,סלמי כפרית פרוס,ישרקו שיווק מותגי מז,,סלמי כפרית פרוס,קילוגרמים,1.00,"ק""ג",true,,165.00,165.0000,true,1,445877
7290000000203,false,סלמי מילאנו פרוס,ישרקו שיווק מותגי מז,,סלמי מילנו פרוס,קילוגרמים,1.00,"ק""ג",true,,165.00,165.0000,true,1,441424
7290000000204,false,סלמי הרץ,ישרקו שיווק מותגי מז,,סלמי הרץ פרוס,קילוגרמים,1.00,"ק""ג",true,,149.00,149.0000,true,1,445219
7290000000205,false,מוסקובסקייה פרוס,ישרקו שיווק מותגי מז,,מוסקובסקייה פרוס,קילוגרמים,1.00,"ק""ג",true,,119.00,119.0000,true,1,441426
7290000000213,false,פריזר עגל,ישרקו שיווק מותגי מז,,פריזר עגל,קילוגרמים,1.00,"ק""ג",true,,49.00,49.0000,true,1,445889
7290000000214,false,נקניקיות בוואריה,ישרקו שיווק מותגי מז,,נקניקיות בוואריה,קילוגרמים,1.00,"ק""ג",true,,79.00,79.0000,true,1,467179
7290000000216,false,פריזר איטלקי,ישרקו שיווק מותגי מז,,פריזר איטלקי,קילוגרמים,1.00,"ק""ג",true,,59.00,59.0000,true,1,441434
7290000000217,false,סלמי פפרוני,ישרקו שיווק מותגי מז,,סלמי פפרוני,קילוגרמים,1.00,"ק""ג",true,,165.00,165.0000,true,1,443220
7290000000219,false,זלץ לבן,ישרקו שיווק מותגי מז,,זלץ לבן,קילוגרמים,1.00,"ק""ג",true,,85.00,85.0000,true,1,442359
7290000000221,false,נקניק קרוביאנקה,ישרקו שיווק מותגי מז,,נקניק קרוביאנקה,קילוגרמים,1.00,"ק""ג",true,,75.00,75.0000,true,1,443926
7290000000222,false,וטצינה מוסקובסקיה,ישרקו שיווק מותגי מז,,"וטצ""ינה מוסקובסקיה",קילוגרמים,1.00,"ק""ג",true,,149.00,149.0000,true,1,441568
7290000000228,false,סלמי הונגרי,ישרקו שיווק מותגי מז,,סלמי הונגרי,קילוגרמים,1.00,"ק""ג",true,,165.00,165.0000,true,1,445902
7290000000229,false,סלמי צרפתי,ישרקו שיווק מותגי מז,,סלמי צרפתי,קילוגרמים,1.00,"ק""ג",true,,165.00,165.0000,true,1,441574
7290000000230,false,רוסקי סרוולט,ישרקו שיווק מותגי מז,,רוסקי סרוולט,קילוגרמים,1.00,"ק""ג",true,,155.00,155.0000,true,1,442369
7290000000231,false,סרוולט מוסקובסקי,ישרקו שיווק מותגי מז,,סרוולט מוסקובסקי,קילוגרמים,1.00,"ק""ג",true,,155.00,155.0000,true,1,441445
7290000000234,false,סלה ביתי/הונגרי,ישרקו שיווק מותגי מז,,סלה כל הסוגים,קילוגרמים,1.00,"ק""ג",true,,105.00,105.0000,true,1,441704
7290000000238,false,רו סרוולט,ישרקו שיווק מותגי מז,,רו-סרוולט,קילוגרמים,1.00,"ק""ג",true,,155.00,155.0000,true,1,441709
7290000000239,false,סלמי ספרטק,ישרקו שיווק מותגי מז,,סלמי ספרטק,קילוגרמים,1.00,"ק""ג",true,,155.00,155.0000,true,1,443241
7290000000243,false,נקניק סבינייה,ישרקו שיווק מותגי מז,,נקניק סבינייה,קילוגרמים,1.00,"ק""ג",true,,179.00,179.0000,true,1,444581
7290000000246,false,סרוולט אוסטרי,ישרקו שיווק מותגי מז,,סרוולט אוסטרי,קילוגרמים,1.00,"ק""ג",true,,169.00,169.0000,true,1,441588
7290000000247,false,סלמי בקר גרנאדה,ישרקו שיווק מותגי מז,,סלמי נאפולי,קילוגרמים,1.00,"ק""ג",true,,79.00,79.0000,true,1,443280
7290000000248,false,פרושוטו רוסי,ישרקו שיווק מותגי מז,,פרושוטו רוסי,קילוגרמים,1.00,"ק""ג",true,,199.00,199.0000,true,1,441590
7290000000249,false,סרוולט קופצסקיי,ישרקו שיווק מותגי מז,,"סרוולט קופצ""סקי",קילוגרמים,1.00,"ק""ג",true,,115.00,115.0000,true,1,441719
7290000000250,false,סלמי פינלנד,ישרקו שיווק מותגי מז,,סלמי פינלנד,קילוגרמים,1.00,"ק""ג",true,,155.00,155.0000,true,1,443946
7290000000255,false,פפרוני עגל,ישרקו שיווק מותגי מז,,פפרוני עגל,קילוגרמים,1.00,"ק""ג",true,,159.00,159.0000,true,1,445262
7290000000257,false,שוק מעושן,ישרקו שיווק מותגי מז,,שוק מעושן/חזירון חצי,קילוגרמים,1.00,"ק""ג",true,,109.00,109.0000,true,1,445915
7290000000267,false,אסאדו לבן,ישרקו שיווק מותגי מז,,אסאדו לבן,קילוגרמים,1.00,"ק""ג",true,,139.00,139.0000,true,1,445923
7290000000268,false,בסטורמה ארמנית,ישרקו שיווק מותגי מז,,בסטרומה ארמנית,קילוגרמים,1.00,"ק""ג",true,,219.00,219.0000,true,1,442072
7290000000271,false,שינקה מעושן,ישרקו שיווק מותגי מז,,שינקה מעושן,קילוגרמים,1.00,"ק""ג",true,,135.00,135.0000,true,1,445270
7290000000272,false,נקניקיות סליבוצניה,ישרקו שיווק מותגי מז,,"נקניקיות סליבוצ""ניה",קילוגרמים,1.00,"ק""ג",true,,59.00,59.0000,true,1,443299
7290000000273,false,פרושוטו,ישרקו שיווק מותגי מז,,פרושוטו,קילוגרמים,1.00,"ק""ג",true,,309.00,309.0000,true,1,445926
7290000000276,false,פסטרמה כתף רומני,ישרקו שיווק מותגי מז,,פסטרמה כתף רומני,קילוגרמים,1.00,"ק""ג",true,,119.00,119.0000,true,1,444605
7290000000285,false,נקניק אגסי,ישרקו שיווק מותגי מז,,נקניק אגסי,קילוגרמים,1.00,"ק""ג",true,,179.00,179.0000,true,1,445282
7290000000289,false,לשון זליבנוי טילצי,ישרקו שיווק מותגי מז,,"לשון זליבנוי טילצ""י",קילוגרמים,1.00,"ק""ג",true,,89.00,89.0000,true,1,442084
7290000000374,false,פטריות שמפניון ארוז 250 ג',חוות השמפיניון,IL,פטריות שמפניון ארוזות,Unknown,0.00,Unknown,false,1,8.50,0.0000,true,1,468579
7290000000390,false,מארז שוופס סודה 250,"ולדמן ביח""ר לנקניק ו",,נקניק בריאנסקיה,קילוגרמים,1.00,"ק""ג",true,,85.00,85.0000,true,1,442123
7290000000393,false,נקניק הרץ,"ולדמן ביח""ר לנקניק ו",,נקניק הרץ,קילוגרמים,1.00,"ק""ג",true,,95.00,95.0000,true,1,442741
7290000000396,false,פריזר אליטניה,"ולדמן ביח""ר לנקניק ו",,פריזר אליטנאיה,קילוגרמים,1.00,"ק""ג",true,,89.00,89.0000,true,1,441652
7290000000398,false,נקניק יברייסקיה,"ולדמן ביח""ר לנקניק ו",,נקניק יברייסקיה,קילוגרמים,1.00,"ק""ג",true,,129.00,129.0000,true,1,443349
7290000000400,false,ברווז שלם מעושן,"ולדמן ביח""ר לנקניק ו",,ברווז שלם מעושן,קילוגרמים,1.00,"ק""ג",true,,99.00,99.0000,true,1,443982
7290000000403,false,עוף מעושן,"ולדמן ביח""ר לנקניק ו",,עוף מעושן,קילוגרמים,1.00,"ק""ג",true,,49.00,49.0000,true,1,442127
7290000000404,false,וטצינה רוסקיה,"ולדמן ביח""ר לנקניק ו",,"ויצ""ינה רוסקיה",קילוגרמים,1.00,"ק""ג",true,,129.00,129.0000,true,1,443985
7290000000406,false,קוסטיצה/מילאנו/אפוי,"ולדמן ביח""ר לנקניק ו",,קוסטיצה/מילנו/אפוי,קילוגרמים,1.00,"ק""ג",true,,199.00,199.0000,true,1,441664
7290000000409,false,בוזנינה הודו ביתית,"ולדמן ביח""ר לנקניק ו",,בוזנינה הודו ביתית,קילוגרמים,1.00,"ק""ג",true,,69.00,69.0000,true,1,442134
7290000000419,false,זלץ ליטאי,"ולדמן ביח""ר לנקניק ו",,זלץ ליטאי,קילוגרמים,1.00,"ק""ג",true,,75.00,75.0000,true,1,443998
7290000000423,false,ישבן הודו מעושן,"ולדמן ביח""ר לנקניק ו",,ישבן הודו מעושן,קילוגרמים,1.00,"ק""ג",true,,29.00,29.0000,true,1,442782
7290000000424,false,נקניק סרוולט,"ולדמן ביח""ר לנקניק ו",,נקניק סרוולד,קילוגרמים,1.00,"ק""ג",true,,99.00,99.0000,true,1,444001
7290000000425,false,בוט מלוצניה מעושן,"ולדמן ביח""ר לנקניק ו",,"בוט מלוצ""ניה מעושן (",קילוגרמים,1.00,"ק""ג",true,,85.00,85.0000,true,1,443364
7290000000426,false,נקניק פולטבסקיה,"ולדמן ביח""ר לנקניק ו",,נקניק פלטבסקיה,קילוגרמים,1.00,"ק""ג",true,,119.00,119.0000,true,1,442146
7290000000432,false,נקניק דטסקיה,"ולדמן ביח""ר לנקניק ו",,נקניק דטסקיה,קילוגרמים,1.00,"ק""ג",true,,75.00,75.0000,true,1,442785
7290000000437,false,בוזנינה חזיר ביתית,"ולדמן ביח""ר לנקניק ו",,בוזנינה חזיר ביתית,קילוגרמים,1.00,"ק""ג",true,,129.00,129.0000,true,1,443371
7290000000441,false,נקניק פרח פרוס,"ולדמן ביח""ר לנקניק ו",,נקניק פרח פרוס,קילוגרמים,1.00,"ק""ג",true,,109.00,109.0000,true,1,441689
7290000000445,false,בוזנינה כפרית,"ולדמן ביח""ר לנקניק ו",,"בוז""נינה כפרית",קילוגרמים,1.00,"ק""ג",true,,129.00,129.0000,true,1,442790
7290000000447,false,ציגיינר,"ולדמן ביח""ר לנקניק ו",,ציגיינר,קילוגרמים,1.00,"ק""ג",true,,129.00,129.0000,true,1,445348
7290000000448,false,קייזר גרודינקה,"ולדמן ביח""ר לנקניק ו",,קייזר גרודינקה,קילוגרמים,1.00,"ק""ג",true,,189.00,189.0000,true,1,446004
7290000000450,false,פריזר דוקטורסקייה/מי,"ולדמן ביח""ר לנקניק ו",,פריזר דוקטורסקייה/מיני,קילוגרמים,1.00,"ק""ג",true,,65.00,65.0000,true,1,444013
7290000000451,false,מולוצניה,"ולדמן ביח""ר לנקניק ו",,"מולוצ""ניה",קילוגרמים,1.00,"ק""ג",true,,79.00,79.0000,true,1,442791
7290000000455,false,לקס לבן,"ולדמן ביח""ר לנקניק ו",,לקס לבן,קילוגרמים,1.00,"ק""ג",true,,159.00,159.0000,true,1,442158
7290000000456,false,פרלמנט,"ולדמן ביח""ר לנקניק ו",,פרלמנט,קילוגרמים,1.00,"ק""ג",true,,95.00,95.0000,true,1,442159
7290000000459,false,פסטרמה לבן עם פלפל/ג,"ולדמן ביח""ר לנקניק ו",,פסטרמה לבן (כל הסוגי,קילוגרמים,1.00,"ק""ג",true,,125.00,125.0000,true,1,442795
7290000000462,false,צוואר מעושן,"ולדמן ביח""ר לנקניק ו",,צוואר מעושן,קילוגרמים,1.00,"ק""ג",true,,149.00,149.0000,true,1,445355
7290000000463,false,רולדה קרפצקיה,"ולדמן ביח""ר לנקניק ו",,רולדה קרפצקיה,קילוגרמים,1.00,"ק""ג",true,,189.00,189.0000,true,1,444694
7290000000467,false,קרמלובסקיה,"ולדמן ביח""ר לנקניק ו",,קרמלובסקיה,קילוגרמים,1.00,"ק""ג",true,,129.00,129.0000,true,1,444022
7290000000468,false,כרעיים/שוקיים עוף מע,"ולדמן ביח""ר לנקניק ו",,כרעיים/שוקיים עוף מע,קילוגרמים,1.00,"ק""ג",true,,49.00,49.0000,true,1,444023
7290000000470,false,קייזר כפול/עם תבליני,"ולדמן ביח""ר לנקניק ו",,קייזר כפול/עם תבלחנים,קילוגרמים,1.00,"ק""ג",true,,189.00,189.0000,true,1,444024
7290000000471,false,פריזר אקסטרה,"ולדמן ביח""ר לנקניק ו",,פריזר אקסטרה,קילוגרמים,1.00,"ק""ג",true,,59.00,59.0000,true,1,444025
7290000000472,false,ליפצקיה,"ולדמן ביח""ר לנקניק ו",,ליפצקיה,קילוגרמים,1.00,"ק""ג",true,,99.00,99.0000,true,1,445357
7290000000473,false,קבנוס בווארסקיי,"ולדמן ביח""ר לנקניק ו",,קבנוס בוורסקיי,קילוגרמים,1.00,"ק""ג",true,,119.00,119.0000,true,1,442836
7290000000482,false,סנטור פריזר מעושן,"ולדמן ביח""ר לנקניק ו",,סנטור פריזר מעושן,קילוגרמים,1.00,"ק""ג",true,,79.00,79.0000,true,1,444033
7290000000484,false,נקניקיות גבינה,"ולדמן ביח""ר לנקניק ו",,נקניקיות גבינה,קילוגרמים,1.00,"ק""ג",true,,65.00,65.0000,true,1,445365
7290000000486,false,נקניק סרוולט אורחובי,"ולדמן ביח""ר לנקניק ו",,נקניק סרוולט אורחובי,קילוגרמים,1.00,"ק""ג",true,,109.00,109.0000,true,1,443390
7290000000495,false,קבנוס פראג,"ולדמן ביח""ר לנקניק ו",,קבנוס פראג,קילוגרמים,1.00,"ק""ג",true,,105.00,105.0000,true,1,442178
7290000000497,false,וטצינה אוסטרי,"ולדמן ביח""ר לנקניק ו",,וטצינה אוסטרי,קילוגרמים,1.00,"ק""ג",true,,119.00,119.0000,true,1,444720
7290000000500,false,פריזר רוסי גדול,מעדני מניה תעשיות בש,,פריזר רוסי גדול,קילוגרמים,1.00,"ק""ג",true,,69.00,69.0000,true,1,443399
7290000000501,false,קרמליובסקיה,מעדני מניה תעשיות בש,,קרמליובסקיה,קילוגרמים,1.00,"ק""ג",true,,155.00,155.0000,true,1,444044
7290000000502,false,נקניק דומשניה,מעדני מניה תעשיות בש,,נקניק דומשניה,קילוגרמים,1.00,"ק""ג",true,,59.00,59.0000,true,1,441747
7290000000504,false,באקים מעושנים,מעדני מניה תעשיות בש,,באקים מעושנים,קילוגרמים,1.00,"ק""ג",true,,59.00,59.0000,true,1,444721
7290000000506,false,פרס פלפל,מעדני מניה תעשיות בש,,פרס פלפל,קילוגרמים,1.00,"ק""ג",true,,119.00,119.0000,true,1,442865
7290000000511,false,גולן פרוס,מעדני מניה תעשיות בש,,גולן פרוס,קילוגרמים,1.00,"ק""ג",true,,109.00,109.0000,true,1,441748
7290000000512,false,דליקטסנייה פרוס,מעדני מניה תעשיות בש,,דליקטסנייה פרוס,קילוגרמים,1.00,"ק""ג",true,,95.00,95.0000,true,1,443401
7290000000513,false,אסאדו על האש,מעדני מניה תעשיות בש,,אסאדו על האש,קילוגרמים,1.00,"ק""ג",true,,129.00,129.0000,true,1,444724
7290000000514,false,אסאדו בקר,מעדני מניה תעשיות בש,,אסאדו בקר,קילוגרמים,1.00,"ק""ג",true,,95.00,95.0000,true,1,445384
7290000000518,false,וינר חדש,מעדני מניה תעשיות בש,,וינר חדש,קילוגרמים,1.00,"ק""ג",true,,69.00,69.0000,true,1,443403
7290000000521,false,בסטורמה בקר,מעדני מניה תעשיות בש,,בסטרומה בקר,קילוגרמים,1.00,"ק""ג",true,,135.00,135.0000,true,1,442869
7290000000522,false,וינר חדש עבה,מעדני מניה תעשיות בש,,וינר חדש עבה,קילוגרמים,1.00,"ק""ג",true,,69.00,69.0000,true,1,444047
7290000000523,false,פסטרמה רומנית שום/פל,מעדני מניה תעשיות בש,,"פסטרמה ב""/רומנית/שום",קילוגרמים,1.00,"ק""ג",true,,105.00,105.0000,true,1,446029
7290000000524,false,פסטרמה הונגרית,מעדני מניה תעשיות בש,,פסטרמה הונגרית,קילוגרמים,1.00,"ק""ג",true,,129.00,129.0000,true,1,444727
7290000000526,false,קנקרס מעושן,מעדני מניה תעשיות בש,,"קנקרס לבן/מעושן, קוק",קילוגרמים,1.00,"ק""ג",true,,35.00,35.0000,true,1,443407
7290000000529,false,נקניק לוביטלסקיה לבן,מעדני מניה תעשיות בש,,נקניק לוביטלסקיה לבן,קילוגרמים,1.00,"ק""ג",true,,69.00,69.0000,true,1,443408
7290000000531,false,נקניק קרסטיאנסקיה,מעדני מניה תעשיות בש,,נקניק קרסטיאנסקיה,קילוגרמים,1.00,"ק""ג",true,,99.00,99.0000,true,1,441752
7290000000533,false,בייקון חי,מעדני מניה תעשיות בש,,בייקון חי,קילוגרמים,1.00,"ק""ג",true,,189.00,189.0000,true,1,444728
7290000000535,false,רולדה/רולדה פלפל/פפר,מעדני מניה תעשיות בש,,רולדה/רולדה פלפל/פפר,קילוגרמים,1.00,"ק""ג",true,,139.00,139.0000,true,1,444729
7290000000536,false,פרושוטו חי,מעדני מניה תעשיות בש,,פרושוטו חי,קילוגרמים,1.00,"ק""ג",true,,159.00,159.0000,true,1,441754
7290000000537,false,לקס צוואר,מעדני מניה תעשיות בש,,לקס צוואר,קילוגרמים,1.00,"ק""ג",true,,189.00,189.0000,true,1,442438
7290000000543,false,נקניק אוכוטניציה,מעדני מניה תעשיות בש,,"נקניק אוכוטניצ""יה",קילוגרמים,1.00,"ק""ג",true,,95.00,95.0000,true,1,442891
7290000000547,false,נקניקיות וינר מעושן,מעדני מניה תעשיות בש,,נקניקיות וינר מעושן/,קילוגרמים,1.00,"ק""ג",true,,35.00,35.0000,true,1,441756
7290000000551,false,פרושוטו מבושל,מעדני מניה תעשיות בש,,פרושוטו מבושל,קילוגרמים,1.00,"ק""ג",true,,99.00,99.0000,true,1,443414
7290000000553,false,קייזר,מעדני מניה תעשיות בש,,קייזר,קילוגרמים,1.00,"ק""ג",true,,129.00,129.0000,true,1,443418
7290000000554,false,נקניק חי כפרי,מעדני מניה תעשיות בש,,נקניק חי כפרי,קילוגרמים,1.00,"ק""ג",true,,159.00,159.0000,true,1,444057
7290000000555,false,גרמני,מעדני מניה תעשיות בש,,גרמני,קילוגרמים,1.00,"ק""ג",true,,109.00,109.0000,true,1,442444
7290000000557,false,עצמות מעושנות,מעדני מניה תעשיות בש,,עצמות מעושנות,קילוגרמים,1.00,"ק""ג",true,,39.00,39.0000,true,1,445398
7290000000558,false,כוסברה ארוז,מעדני מניה תעשיות בש,,שוק איטלקי,קילוגרמים,1.00,"ק""ג",true,,109.00,109.0000,true,1,442446
7290000000559,false,נקניק רוסקיה,מעדני מניה תעשיות בש,,נקניק רוסקיה,קילוגרמים,1.00,"ק""ג",true,,155.00,155.0000,true,1,446032
7290000000568,false,לשון בקר מעושנת,מעדני מניה תעשיות בש,,לשון בקר מעושנת,קילוגרמים,1.00,"ק""ג",true,,79.00,79.0000,true,1,442448
7290000000570,false,סרוולט,מעדני מניה תעשיות בש,,סרוולט,קילוגרמים,1.00,"ק""ג",true,,159.00,159.0000,true,1,446049
7290000000572,false,צוואר פיקנטי,מעדני מניה תעשיות בש,,צוואר פיקנטי,קילוגרמים,1.00,"ק""ג",true,,129.00,129.0000,true,1,446052
7290000000575,false,פסטרמה דליקטסניה,מעדני מניה תעשיות בש,,פסטרמה דליקטסניה,קילוגרמים,1.00,"ק""ג",true,,99.00,99.0000,true,1,442929
7290000000576,false,בראונשבייגסקייה,מעדני מניה תעשיות בש,,בראונשבייסקייה,קילוגרמים,1.00,"ק""ג",true,,155.00,155.0000,true,1,445409
7290000000579,false,שומן מעושן,מעדני מניה תעשיות בש,,שומן מעושן,קילוגרמים,1.00,"ק""ג",true,,99.00,99.0000,true,1,445413
7290000000585,false,צוואר מעושן,מעדני מניה תעשיות בש,,צוואר מעושן,קילוגרמים,1.00,"ק""ג",true,,129.00,129.0000,true,1,446058
7290000000596,false,בייבי ריבס מעושן,קרלברג ייצור ושיווק,,בייבי ריבס מעושן,קילוגרמים,1.00,"ק""ג",true,,109.00,109.0000,true,1,445424
7290000000598,false,קבנוס בואקום,קרלברג ייצור ושיווק,,קבנוס,קילוגרמים,1.00,"ק""ג",true,,59.00,59.0000,true,1,444756
7290000000599,false,אוכוטניציה בואקום,קרלברג ייצור ושיווק,,אוכוטניציה,קילוגרמים,1.00,"ק""ג",true,,99.00,99.0000,true,1,446066
7290000000600,false,סלמי רוונה,קרלברג ייצור ושיווק,,סלמי רוונה,קילוגרמים,1.00,"ק""ג",true,,99.00,99.0000,true,1,444082
7290000000601,false,סלמי פארמה,קרלברג ייצור ושיווק,,סלמי פארמה,קילוגרמים,1.00,"ק""ג",true,,99.00,99.0000,true,1,442468
7290000000613,false,פריזר עוף ליאונסקיה,קרלברג ייצור ושיווק,,אוסובוקו,קילוגרמים,1.00,"ק""ג",true,,65.00,65.0000,true,1,441805
7290000000619,false,פסטרמה הודו מרובע,קרלברג ייצור ושיווק,,פסטרמה הודו מרובע,קילוגרמים,1.00,"ק""ג",true,,59.00,59.0000,true,1,445435
7290000000802,false,פיין סלמי,זוגלובק,,פיין סלמי,קילוגרמים,1.00,"ק""ג",true,,55.00,55.0000,true,1,443679
7290000000805,false,נקניק סרוולט,קרלברג ייצור ושיווק,,נקניק סרוולט,קילוגרמים,1.00,"ק""ג",true,,135.00,135.0000,true,1,442698
7290000000813,false,פסטרממיה בדבש טהור,נקניק נהריה כשר זוגל,,פסטרממיה בדבש טהור,קילוגרמים,1.00,"ק""ג",true,,89.00,89.0000,true,1,444986
7290000000817,false,פסטרמה תבור חזה עוף,נקניק נהריה כשר זוגל,,פסטרמה תבור חזה עוף,קילוגרמים,1.00,"ק""ג",true,,79.00,79.0000,true,1,469192
7290000000822,false,סלמי מעושן איטלקי טי,,,סלמי מעושן איטלקי טירת צבי,קילוגרמים,1.00,"ק""ג",true,,69.00,69.0000,true,1,444987
7290000000823,false,נקניק תה טירת צבי,,,נקניק תה טירת צבי,קילוגרמים,1.00,"ק""ג",true,,49.00,49.0000,true,1,442703
7290000000824,false,נקניק סרוולט טירת צב,,,שפיץ מעושן,קילוגרמים,1.00,"ק""ג",true,,149.00,149.0000,true,1,443683
7290000000830,false,בוזנינה רגילה,מעדני מניה תעשיות בש,,"בוז""נינה רגילה",קילוגרמים,1.00,"ק""ג",true,,129.00,129.0000,true,1,443684
7290000000831,false,רוחברג,מעדני מניה תעשיות בש,,רוחברג,קילוגרמים,1.00,"ק""ג",true,,155.00,155.0000,true,1,445646
7290000000832,false,פריזר ביצה,מעדני מניה תעשיות בש,,פריזר ביצה,קילוגרמים,1.00,"ק""ג",true,,39.00,39.0000,true,1,445647
7290000000834,false,נקניק הרץ,מעדני מניה תעשיות בש,,נקניק הרץ,קילוגרמים,1.00,"ק""ג",true,,95.00,95.0000,true,1,446270
7290000000838,false,אכוטניצה כפרי,מעדני מניה תעשיות בש,,אכוטניצה כפרי,קילוגרמים,1.00,"ק""ג",true,,99.00,99.0000,true,1,443686
7290000000841,false,נקניק סלמי גרמני,מעדני בשר השוקת,,נקניק סלמי גרמני,קילוגרמים,1.00,"ק""ג",true,,155.00,155.0000,true,1,443688
7290000000850,false,קרקובסקיה דימוב,מעדני בשר השוקת,,קרקובסקיה דימוב,קילוגרמים,1.00,"ק""ג",true,,99.00,99.0000,true,1,443261
7290000000853,false,נקניק וארשבסקיה דימו,מעדני בשר השוקת,,נקניק וארשבסקיה של דימוב,קילוגרמים,1.00,"ק""ג",true,,109.00,109.0000,true,1,444991
7290000000857,false,סלמי פינסקיה דימוב,מעדני בשר השוקת,,סלמי פינסקיה דימוב,קילוגרמים,1.00,"ק""ג",true,,99.00,99.0000,true,1,443262
7290000000883,false,מרטדלה איטלקי עם זית,ישרקו שיווק מותגי מז,,מרטדלה איטלקית עם זיתים,קילוגרמים,1.00,"ק""ג",true,,62.00,62.0000,true,1,443691
7290000000885,false,נקניק מורטדלה איטלקי,ישרקו שיווק מותגי מז,,נקניק מורטדלה איטלקי,קילוגרמים,1.00,"ק""ג",true,,65.00,65.0000,true,1,442713
7290000000901,false,נקניקיות שפיקצקי,מעדני בשר השוקת,,"נקניקיות שפיקצ""קי",קילוגרמים,1.00,"ק""ג",true,,69.00,69.0000,true,1,446282
7290000000918,false,סלמי פולני,מעדני בשר השוקת,,סלמי פולני,קילוגרמים,1.00,"ק""ג",true,,85.00,85.0000,true,1,445657
7290000001011,false,זרניסטיה,מעדני מניה תעשיות בש,,זרניסטיה,קילוגרמים,1.00,"ק""ג",true,,155.00,155.0000,true,1,441049
7290000001012,false,טוסקנה,מעדני מניה תעשיות בש,,טוסקנה,קילוגרמים,1.00,"ק""ג",true,,159.00,159.0000,true,1,441074
7290000001016,false,מילאנו חי,מעדני מניה תעשיות בש,,מילנו חי,קילוגרמים,1.00,"ק""ג",true,,155.00,155.0000,true,1,441387
7290000001017,false,נקניק נאפולי פרוס,מעדני מניה תעשיות בש,,נקניק נאפולי פרוס,קילוגרמים,1.00,"ק""ג",true,,155.00,155.0000,true,1,441053
7290000001025,false,קוניאק ניקול,מעדני מניה תעשיות בש,,קוניאק ניקול,קילוגרמים,1.00,"ק""ג",true,,155.00,155.0000,true,1,441393
7290000001026,false,פרובנס,מעדני מניה תעשיות בש,,פרובנס,קילוגרמים,1.00,"ק""ג",true,,155.00,155.0000,true,1,441078
7290000001032,false,פריזר צהוב גדול,מעדני מניה תעשיות בש,,פריזר צהוב גדול,קילוגרמים,1.00,"ק""ג",true,,35.00,35.0000,true,1,440909
7290000001040,false,נקניק אקסטרה,מעדני מניה תעשיות בש,,נקניק אקסטרה,קילוגרמים,1.00,"ק""ג",true,,39.00,39.0000,true,1,441216
7290000001051,false,רולדה עוף,מעדני ויטו שיווק ויי,,רולדה עוף,קילוגרמים,1.00,"ק""ג",true,,65.00,65.0000,true,1,441397
7290000001071,false,פסטרמה הודו ברביקיו,קרלברג ייצור ושיווק,,נקניק אגוזית,קילוגרמים,1.00,"ק""ג",true,,59.00,59.0000,true,1,441399
7290000001072,false,פסטרמה הודו מעושנת,קרלברג ייצור ושיווק,,נקניק צרסקיה,קילוגרמים,1.00,"ק""ג",true,,59.00,59.0000,true,1,441064
7290000001073,false,פסטרמה הודו מקסיקנית,קרלברג ייצור ושיווק,,נקניק דבוריאנסקיה,קילוגרמים,1.00,"ק""ג",true,,59.00,59.0000,true,1,441065
7290000001075,false,מעדן אווז,קרלברג ייצור ושיווק,,נקניק ונסקיה,קילוגרמים,1.00,"ק""ג",true,,95.00,95.0000,true,1,441066
7290000001076,false,רוסטביף מעודן,קרלברג ייצור ושיווק,,טירולר,קילוגרמים,1.00,"ק""ג",true,,95.00,95.0000,true,1,441086
7290000001077,false,כתף בקר מעושן,קרלברג ייצור ושיווק,,טורינו חי,קילוגרמים,1.00,"ק""ג",true,,85.00,85.0000,true,1,443708
7290000001078,false,כתף בקר פלפל,קרלברג ייצור ושיווק,,סלמי אוקראינסקיה,קילוגרמים,1.00,"ק""ג",true,,85.00,85.0000,true,1,443709
7290000001104,false,פטריות חורש מיני ארוז 200 ג',"מרינה פטריות הגליל בע""מ",IL,פטריות פורטבלה ארוזות,גרמים,200.00,100 גרם,false,1,9.90,4.9500,true,1,461320
7290000001128,false,נקניקיות פרנקפורט בק,מעדני מניה תעשיות בש,,נקניקיות פרנקפורט בקר,קילוגרמים,1.00,"ק""ג",true,,49.00,49.0000,true,1,469703
7290000001132,false,פריזר צהוב קטן,מעדני מניה תעשיות בש,,פריזר צהוב קטן,קילוגרמים,1.00,"ק""ג",true,,35.00,35.0000,true,1,472010
7290000001153,false,לשון בקר בגל קוביות,,,לשון בקר בגל קוביות,קילוגרמים,1.00,"ק""ג",true,,89.00,89.0000,true,1,499406
7290000001206,false,שווארמה הודו צועני,ישרקו שיווק מותגי מז,,שווארמה הודו אפויה/צועני,קילוגרמים,1.00,"ק""ג",true,,119.00,119.0000,true,1,445717
7290000001208,false,פסטרמה קופציסקי,ישרקו שיווק מותגי מז,,פסטרמה קופציסקי,קילוגרמים,1.00,"ק""ג",true,,99.00,99.0000,true,1,441101
7290000001216,false,נקניקיות פרגית,ישרקו שיווק מותגי מז,,נקניקיות פרגית,קילוגרמים,1.00,"ק""ג",true,,36.00,36.0000,true,1,441250
7290000001219,false,רולדה פיטרסקייה,ישרקו שיווק מותגי מז,,רולדה פיטרסקייה,קילוגרמים,1.00,"ק""ג",true,,99.00,99.0000,true,1,444397
7290000001220,false,פטה כבד עוף בלוק,ישרקו שיווק מותגי מז,,פטה כבד עוף בלוק,קילוגרמים,1.00,"ק""ג",true,,85.00,85.0000,true,1,442798
7290000001254,false,סלו כפרי,ישרקו שיווק מותגי מז,,סלו כפרי,קילוגרמים,1.00,"ק""ג",true,,129.00,129.0000,true,1,478515
7290000001257,false,שוק חזירון,ישרקו שיווק מותגי מז,,שוק חזירון,קילוגרמים,1.00,"ק""ג",true,,119.00,119.0000,true,1,511435
7290000001285,false,נקניק אגסי שלם,ישרקו שיווק מותגי מז,,נקניק אגסי,קילוגרמים,1.00,"ק""ג",true,,176.00,176.0000,true,1,485343
7290000001288,false,פטה אווז בלוק,ישרקו שיווק מותגי מז,,פטה אווז בלוק,קילוגרמים,1.00,"ק""ג",true,,69.00,69.0000,true,1,506105
7290000001391,false,שינקן מבושל/מעושן,"ולדמן ביח""ר לנקניק ו",,שינקן מבושל/מעושן,קילוגרמים,1.00,"ק""ג",true,,129.00,129.0000,true,1,441282
7290000001396,false,פריזר אליטניה מיני,"ולדמן ביח""ר לנקניק ו",,פריזר אליטניה מיני,קילוגרמים,1.00,"ק""ג",true,,89.00,89.0000,true,1,442258
7290000001401,false,נקניק סופר דומשניה,"ולדמן ביח""ר לנקניק ו",,נקניק סופר דומאשניה,קילוגרמים,1.00,"ק""ג",true,,129.00,129.0000,true,1,445766
7290000001409,false,סינטה על האש,"ולדמן ביח""ר לנקניק ו",,סינטה על האש,קילוגרמים,1.00,"ק""ג",true,,139.00,139.0000,true,1,442860
7290000001424,false,נקניק סרוולט שלם,"ולדמן ביח""ר לנקניק ו",,נקניק סרוולט שלם,קילוגרמים,1.00,"ק""ג",true,,96.00,96.0000,true,1,441456
7290000001425,false,בוט מולוצניה בוואקום,"ולדמן ביח""ר לנקניק ו",,בוט מולוצניה בוואקום,קילוגרמים,1.00,"ק""ג",true,,79.00,79.0000,true,1,477103
7290000001437,false,בוזנינה פסטיבל ביתי,"ולדמן ביח""ר לנקניק ו",,בוזנינה פסטיבל ביתי,קילוגרמים,1.00,"ק""ג",true,,129.00,129.0000,true,1,477090
7290000001438,false,אסאדו חזיר מעושן,"ולדמן ביח""ר לנקניק ו",,אסאדו חזיר מעושן,קילוגרמים,1.00,"ק""ג",true,,129.00,129.0000,true,1,477089
7290000001447,false,סינטה בוזנינה ביתית,"ולדמן ביח""ר לנקניק ו",,סינטה בוזינינה ביתית,קילוגרמים,1.00,"ק""ג",true,,155.00,155.0000,true,1,445128
7290000001448,false,קייזר מחולק בוואקום,"ולדמן ביח""ר לנקניק ו",,קייזר מחולק בוואקום,קילוגרמים,1.00,"ק""ג",true,,179.00,179.0000,true,1,477100
7290000001455,false,פריזר לארוחת בוקר,"ולדמן ביח""ר לנקניק ו",,פריזר לארוחת בוקר,קילוגרמים,1.00,"ק""ג",true,,79.00,79.0000,true,1,477106
7290000001459,false,פסטרמה חזיר צאך עם ח,"ולדמן ביח""ר לנקניק ו",,פסטרמה חזיר צך בטעמים עם שומן,קילוגרמים,1.00,"ק""ג",true,,125.00,125.0000,true,1,477105
7290000001469,false,שוק רוסי מעושן,"ולדמן ביח""ר לנקניק ו",,שוק רוסי מעושן,קילוגרמים,1.00,"ק""ג",true,,125.00,125.0000,true,1,477098
7290000001470,false,קייזר כפול מחולק בוו,"ולדמן ביח""ר לנקניק ו",,קייזר קפול מחולק בוואקום,קילוגרמים,1.00,"ק""ג",true,,179.00,179.0000,true,1,477101
7290000001499,false,כנפיים עוף מעושנים,"ולדמן ביח""ר לנקניק ו",,כנפיים עוף מעושנים,קילוגרמים,1.00,"ק""ג",true,,29.00,29.0000,true,1,479317
7290000001500,false,פריזר רוסי קטן,מעדני מניה תעשיות בש,,פריזר רוסי קטן,קילוגרמים,1.00,"ק""ג",true,,69.00,69.0000,true,1,445130
7290000001508,false,פריזר בייגלה,מעדני מניה תעשיות בש,,פריזר בייגלה,קילוגרמים,1.00,"ק""ג",true,,69.00,69.0000,true,1,445132
7290000001517,false,פריזר בייבי סנדוויץ,מעדני מניה תעשיות בש,,"פריזר ביבי סנדוויץ""",קילוגרמים,1.00,"ק""ג",true,,35.00,35.0000,true,1,442880
7290000001519,false,פסטרמה גוברנטורסקיה,מעדני מניה תעשיות בש,,פסטרמה גוברנטורסקיה,קילוגרמים,1.00,"ק""ג",true,,89.00,89.0000,true,1,445776
7290000001521,false,נקניק לבירה,מעדני מניה תעשיות בש,,"נקניק לבירה ""קפיבו""",קילוגרמים,1.00,"ק""ג",true,,155.00,155.0000,true,1,442266
7290000001523,false,דוקטורסקיה פרימיום ב,מעדני מניה תעשיות בש,,דוקטורסקיה פרימיום,קילוגרמים,1.00,"ק""ג",true,,59.00,59.0000,true,1,444456
7290000001527,false,גרודינקה ביתית/כפרית,מעדני מניה תעשיות בש,,פרס בייקון,קילוגרמים,1.00,"ק""ג",true,,145.00,145.0000,true,1,445133
7290000001529,false,נקניק מורטדלה חדשה,מעדני מניה תעשיות בש,,נקניק מורטדלה חדשה,קילוגרמים,1.00,"ק""ג",true,,69.00,69.0000,true,1,445134
7290000001532,false,נקניקיות ילדים,מעדני מניה תעשיות בש,,נקניקיות ילדים,קילוגרמים,1.00,"ק""ג",true,,35.00,35.0000,true,1,445135
7290000001535,false,פילה א,מעדני מניה תעשיות בש,,"פילה א""",קילוגרמים,1.00,"ק""ג",true,,119.00,119.0000,true,1,445780
7290000001549,false,בליק דרניצקי,מעדני מניה תעשיות בש,,בליק דרניצקי,קילוגרמים,1.00,"ק""ג",true,,169.00,169.0000,true,1,472716
7290000001552,false,נקניקיות גבינה,מעדני מניה תעשיות בש,,נקניקיות גבינה,קילוגרמים,1.00,"ק""ג",true,,65.00,65.0000,true,1,441470
7290000001553,false,קוסטיצה לבן/שחור,מעדני מניה תעשיות בש,,קוסטיצה לבן/שחור,קילוגרמים,1.00,"ק""ג",true,,129.00,129.0000,true,1,445137
7290000001562,false,קבנוס,מעדני מניה תעשיות בש,,קבנוס,קילוגרמים,1.00,"ק""ג",true,,59.00,59.0000,true,1,472013
7290000001563,false,רולדה קרפטי,מעדני מניה תעשיות בש,,רולדה קרפטי,קילוגרמים,1.00,"ק""ג",true,,129.00,129.0000,true,1,476198
7290000001564,false,בייקון אנגלי,מעדני מניה תעשיות בש,,בייקון אנגלי,קילוגרמים,1.00,"ק""ג",true,,105.00,105.0000,true,1,476199
7290000001602,false,נקניק מוסקובסקיה חצי,קרלברג ייצור ושיווק,,נקניק מוסקובסקיה חצי יבש,קילוגרמים,1.00,"ק""ג",true,,86.00,86.0000,true,1,469653
7290000001853,false,נקניק וארשבסקיה של ד,מעדני בשר השוקת,,נקניק וארשבסקיה של דימוב שלם,קילוגרמים,1.00,"ק""ג",true,,105.00,105.0000,true,1,490201
7290000001864,false,פיקוליני שום/חרדל/בי,מעדני בשר השוקת,,פיקוליני אישי שום/חרדל/ביקון/שישליק/גבינ,קילוגרמים,1.00,"ק""ג",true,,159.00,159.0000,true,1,467170
7290000001918,false,סלמי פולני שלם,מעדני בשר השוקת,,סלמי פולני שלם,קילוגרמים,1.00,"ק""ג",true,,82.00,82.0000,true,1,443176
7290000002017,false,חטיפי בורקס/ביס פיצה,Lazur,,"גבינה ""סילבר לאזור"" עם עובש כחול",קילוגרמים,1.00,"ק""ג",true,,99.00,99.0000,true,1,441557
7290000002018,false,גבינה בלו לאזור עם ע,Lazur,,"גבינה ""בלו לאזור"" עם עובש כחול",קילוגרמים,1.00,"ק""ג",true,,99.00,99.0000,true,1,442347
7290000002019,false,גבינה טורקיז לאזור ע,Lazur,,"גבינה ""טורקיז לאזור"" עם עובש כחול",קילוגרמים,1.00,"ק""ג",true,,99.00,99.0000,true,1,441375
7290000002035,false,גבינה רדמר,Spomlek,,גבינה רדמר,קילוגרמים,1.00,"ק""ג",true,,89.00,89.0000,true,1,474069
7290000002037,false,גבינה גרנד גאודה,Spomlek,,גבינה גרנד גאודה,קילוגרמים,1.00,"ק""ג",true,,89.00,89.0000,true,1,474071
7290000002038,false,גבינה גרנד רדמר,Spomlek,,גבינה גרנד רדמר,קילוגרמים,1.00,"ק""ג",true,,89.00,89.0000,true,1,474072
7290000002039,false,גבינה קשטן,Spomlek,,גבינה קשטן,קילוגרמים,1.00,"ק""ג",true,,119.00,119.0000,true,1,474073
7290000002044,false,גבינה סטרי אולדר,Spomlek,,גבינה סטרי אולדר,קילוגרמים,1.00,"ק""ג",true,,119.00,119.0000,true,1,474074
7290000002046,false,גבינה בורזטין,Spomlek,,גבינה בורזטין,קילוגרמים,1.00,"ק""ג",true,,119.00,119.0000,true,1,474076
7290000002047,false,גבינה רובין,Spomlek,,גבינה רובין,קילוגרמים,1.00,"ק""ג",true,,99.00,99.0000,true,1,474077
7290000002053,false,בלוז בסגנון דנבלו,גבינות משק יעקבס,,"קצ""יטה/פקורינה",קילוגרמים,1.00,"ק""ג",true,,59.00,59.0000,true,1,443196
7290000002072,false,גבינה רדמר סרנדה,Spomlek,,גבינה רדמר סרנדה,קילוגרמים,1.00,"ק""ג",true,,89.00,89.0000,true,1,474587
7290000002100,false,צמת מוצרלה,מחלבת עברי,,צמת מוצרלה,קילוגרמים,1.00,"ק""ג",true,,99.00,99.0000,true,1,441429
7290000002106,false,גלגל גרוזיני,מחלבת עברי,,גלגל גרוזיני,קילוגרמים,1.00,"ק""ג",true,,79.00,79.0000,true,1,441430
7290000002110,false,פניני מוצרלה,מחלבת עברי,,פניני מוצרלה,קילוגרמים,1.00,"ק""ג",true,,89.00,89.0000,true,1,442357
7290000002115,false,גבינת קשקבל כבש עברי,מחלבת עברי,,גבינת קשקבל כבש עברי,קילוגרמים,1.00,"ק""ג",true,,139.00,139.0000,true,1,444560
7290000002140,false,ירקות/פירות ממולא בג,גבינות עמיר ניצן,,טאפס שכונתי,קילוגרמים,1.00,"ק""ג",true,,169.00,169.0000,true,1,474821
7290000002141,false,גבינה לבנה אבו גוש,גבינות עמיר ניצן,,גבינה לבנה אבו גוש,קילוגרמים,1.00,"ק""ג",true,,49.00,49.0000,true,1,474822
7290000002142,false,סלט קוביות מעדן פטה,גבינות עמיר ניצן,,סלט קוביות מעדן פטה,קילוגרמים,1.00,"ק""ג",true,,79.00,79.0000,true,1,474823
7290000002152,false,צפתית 5%,מחלבת ציפורי הגלילית,,צפתית 5%,קילוגרמים,1.00,"ק""ג",true,,49.00,49.0000,true,1,444562
7290000002161,false,גבינה אורדה,מחלבת ציפורי הגלילית,,גבינה אורדה,קילוגרמים,1.00,"ק""ג",true,,46.00,46.0000,true,1,445231
7290000002202,false,גבינה מוצרלה איטלקית,,,גבינה מוצרלה איטלקית,קילוגרמים,1.00,"ק""ג",true,,79.00,79.0000,true,1,443924
7290000002204,false,גבינה קורולבסקי/מרקי,,,גבינה קורולבסקי/מרקיז/מגנט,קילוגרמים,1.00,"ק""ג",true,,79.00,79.0000,true,1,442360
7290000002208,false,גבינת סליבקי,,,גבינת סליבקי,קילוגרמים,1.00,"ק""ג",true,,48.00,48.0000,true,1,442361
7290000002209,false,בסגנון פרמזן,,,בסגנון פרמזן,קילוגרמים,1.00,"ק""ג",true,,74.00,74.0000,true,1,443221
7290000002220,false,גבינה פרמזן,,,גבינה פרמזו,קילוגרמים,1.00,"ק""ג",true,,109.00,109.0000,true,1,443224
7290000002222,false,גבינה ברי צרפתי,,,גבינה ברי צרפתי,קילוגרמים,1.00,"ק""ג",true,,109.00,109.0000,true,1,445233
7290000002227,false,קרם ציז אמריקאי פאו,,,"קרם צ""יז אמריקאי פאו",קילוגרמים,1.00,"ק""ג",true,,64.00,64.0000,true,1,443929
7290000002233,false,גבינת עיזים הולנדית,,,גבינת עיזים הולנדית טרדיטיון,קילוגרמים,1.00,"ק""ג",true,,169.00,169.0000,true,1,443931
7290000002234,false,תחליף גבינה דנבלו,,,גבינת דנאבלו,קילוגרמים,1.00,"ק""ג",true,,79.00,79.0000,true,1,441569
7290000002240,false,גבינה גאודה פסטו,,,גבינה גאודה פסטו,קילוגרמים,1.00,"ק""ג",true,,119.00,119.0000,true,1,444568
7290000002242,false,טריקולור בסירון,,,טריקולור בסירון,קילוגרמים,1.00,"ק""ג",true,,189.00,189.0000,true,1,516829
7290000002243,false,גבינה פושחונסקי,,,גבינות פושחונסקי,קילוגרמים,1.00,"ק""ג",true,,79.00,79.0000,true,1,442366
7290000002249,false,גבינה גאודה עיזים בל,,,גבינה גאודה,קילוגרמים,1.00,"ק""ג",true,,159.00,159.0000,true,1,445237
7290000002286,false,גבינה קפלוטירי יווני,,,גבינה קפלוטירי יווני בקר,קילוגרמים,1.00,"ק""ג",true,,109.00,109.0000,true,1,510459
7290000002287,false,גבינה קפלוטירי יווני,,,גבינה קפלוטירי יווני כבשים,קילוגרמים,1.00,"ק""ג",true,,129.00,129.0000,true,1,510460
7290000002313,false,גבינת מאסדם אמנטל,פריזלנד,,"גבינת ""אמנטל""",קילוגרמים,1.00,"ק""ג",true,,79.00,79.0000,true,1,445243
7290000002441,false,גבינת מנצגו,אלפסטור,,"גבינת מנצ""גו",קילוגרמים,1.00,"ק""ג",true,,109.00,109.0000,true,1,445255
7290000002442,false,גבינת איבריקו,,,גבינת איבריקו,קילוגרמים,1.00,"ק""ג",true,,119.00,119.0000,true,1,445256
7290000002454,false,בולגרית מעודנת 5%,,,בולגרית מעודנת 5%,קילוגרמים,1.00,"ק""ג",true,,49.00,49.0000,true,1,443943
7290000002455,false,ברינזה צאן,,,ברינזה צאן,קילוגרמים,1.00,"ק""ג",true,,75.00,75.0000,true,1,444586
7290000002456,false,צפתית רכה במשקל,,,צפתית רכה במשקל,קילוגרמים,1.00,"ק""ג",true,,49.00,49.0000,true,1,443276
7290000002459,false,קשקבל טורקי צאן,,,קשקבל טורקי צאן במשק,קילוגרמים,1.00,"ק""ג",true,,119.00,119.0000,true,1,441587
7290000002511,false,גבינת גלבוע 22%,,,גבינת גלבוע 22%,קילוגרמים,1.00,"ק""ג",true,,42.58,42.5800,true,1,444590
7290000002620,false,גבינה צהובה נעם 22%,,,גבינה צהובה נעם 22%,קילוגרמים,1.00,"ק""ג",true,,42.58,42.5800,true,1,445916
7290000002636,false,גבינה צהובה נעם 28%,,,גבינה צהובה נעם 28%,קילוגרמים,1.00,"ק""ג",true,,44.79,44.7900,true,1,441729
7290000002642,false,גבינה צהובה נעם 9%,,,גבינה צהובה נעם 9%,קילוגרמים,1.00,"ק""ג",true,,85.00,85.0000,true,1,441609
7290000002643,false,טבורוג 5%,,,טבורוג 5%,קילוגרמים,1.00,"ק""ג",true,,45.00,45.0000,true,1,445265
7290000002700,false,מוצרלה/הולנדית/שוויצ,,,מוצרלה/הולנדית/שוויצרית/צדר,קילוגרמים,1.00,"ק""ג",true,,45.00,45.0000,true,1,445268
7290000002702,false,תחליף גבינה מעושנת נ,,,תחליף גבינה מעושן,קילוגרמים,1.00,"ק""ג",true,,49.00,49.0000,true,1,445269
7290000002703,false,תחליף גבינה מקסיקנית,,,תחליף גבינה מקסיקני,קילוגרמים,1.00,"ק""ג",true,,45.00,45.0000,true,1,443954
7290000002825,false,גבינה פול אפי,בונגראן,,גבינת פול אפי,קילוגרמים,1.00,"ק""ג",true,,219.00,219.0000,true,1,466956
7290000002830,false,גבינה צדר אנגלי כתום,שבינגטון,,גבינה צידר אנגלי כתום,קילוגרמים,1.00,"ק""ג",true,,139.00,139.0000,true,1,466961
7290000002831,false,גבינה צדר אנגלי,שבינגטון,,גבינה צידר אנגלי,קילוגרמים,1.00,"ק""ג",true,,139.00,139.0000,true,1,466962
7290000002832,false,גבינה ברי לרוסטיק,בונגראן,,גבינה ברי לרוסטיק,קילוגרמים,1.00,"ק""ג",true,,169.00,169.0000,true,1,466963
7290000002833,false,גבינה ברס בלו,בונגראן,,גבינה ברס בלו,קילוגרמים,1.00,"ק""ג",true,,199.00,199.0000,true,1,466964
7290000002835,false,בסגנון פטה,מאמן,,בסגנון פטה,קילוגרמים,1.00,"ק""ג",true,,35.00,35.0000,true,1,466966
7290000002839,false,גבינת סנט מור,אוריאל,,גבינת סנט מור,קילוגרמים,1.00,"ק""ג",true,,209.00,209.0000,true,1,466970
7290000002860,false,גבינה דורבלו גלגל,,,גבינה דורבלו גלגל,קילוגרמים,1.00,"ק""ג",true,,169.00,169.0000,true,1,476730
7290000002867,false,גבינה מונטניולו גרמנ,,,גבינת מונטניולו גרמנ,קילוגרמים,1.00,"ק""ג",true,,169.00,169.0000,true,1,445283
7290000002874,false,גבינה קמברזולה,,,גבינה קמבוזולה,קילוגרמים,1.00,"ק""ג",true,,199.00,199.0000,true,1,443959
7290000002877,false,גבינת פאלאדין,,,גבינת פאלאדין,קילוגרמים,1.00,"ק""ג",true,,109.00,109.0000,true,1,443312
7290000002881,false,ברי צרפתי,,,ברי צרפתי,קילוגרמים,1.00,"ק""ג",true,,165.00,165.0000,true,1,445935
7290000002883,false,גבינה צדר גרמני אדום,,,גבינה צדר גרמני אדום,קילוגרמים,1.00,"ק""ג",true,,89.00,89.0000,true,1,441623
7290000002885,false,פורם דמברט שקיל,,,פורם דמברט שקיל,קילוגרמים,1.00,"ק""ג",true,,179.00,179.0000,true,1,445287
7290000002889,false,גורגונזולה פיקנטי/דו,,,גורגונזולה פיקנטי/דו,קילוגרמים,1.00,"ק""ג",true,,189.00,189.0000,true,1,442408
7290000002891,false,רוגט,,,"רוג""ט שקיל",קילוגרמים,1.00,"ק""ג",true,,195.00,195.0000,true,1,442085
7290000002895,false,גבינה מעושנת טבעי גל,,,גבינה מעושנת טבעי גל,קילוגרמים,1.00,"ק""ג",true,,99.00,99.0000,true,1,445289
7290000002922,false,בסגנון דנבלו,מאמן,,בסגנון דנאבלו,קילוגרמים,1.00,"ק""ג",true,,79.00,79.0000,true,1,443313
7290000002928,false,פטה עיזים,מחלבת המושבה,,פטה עיזים,קילוגרמים,1.00,"ק""ג",true,,109.00,109.0000,true,1,444623
7290000002929,false,ברינזה צאן,מחלבת המושבה,,ברינזה צאן,קילוגרמים,1.00,"ק""ג",true,,89.00,89.0000,true,1,445941
7290000002931,false,גבינה בולגרית 5% מסו,מחלבת המושבה,,גבינה בולגרית קשה 5%,קילוגרמים,1.00,"ק""ג",true,,49.00,49.0000,true,1,443961
7290000002952,false,גבינה צדר עם ויסקי,,,"גבינה צ""דר עם יין/ויסקי/חמוציות",קילוגרמים,1.00,"ק""ג",true,,159.00,159.0000,true,1,445295
7290000002960,false,גבינה בולגרית 5%/16%,מחלבת המושבה,,גבינה בולגרית חלקה 5,קילוגרמים,1.00,"ק""ג",true,,55.00,55.0000,true,1,445297
7290000002964,false,גבינה בולגרית קוביות,מחלבת המושבה,,גבינה בולגרית קוביות 5%,קילוגרמים,1.00,"ק""ג",true,,55.00,55.0000,true,1,445299
7290000002970,false,אצבעות שוקולד,מחלבת המושבה,,אצבעות שוקולד,קילוגרמים,1.00,"ק""ג",true,,69.00,69.0000,true,1,445300
7290000002983,false,גבינת מנצגו/תום/פקור,מחלבת המושבה,,"גבינת מנצ""גו/תום/פיק",קילוגרמים,1.00,"ק""ג",true,,159.00,159.0000,true,1,443967
7290000002993,false,גבינה בלו סטילטון אנ,,,גבינה בלו סטילטון אנגלי,קילוגרמים,1.00,"ק""ג",true,,169.00,169.0000,true,1,444632
7290000002994,false,גאודה מיושנת הולנדית,,,גאודה מיושנת הולנדית,קילוגרמים,1.00,"ק""ג",true,,115.00,115.0000,true,1,443324
7290000003024,false,פסטרמה יער שחור,מעדני בשר השוקת,,פסטרמה יער שחור,קילוגרמים,1.00,"ק""ג",true,,85.00,85.0000,true,1,443969
7290000003025,false,פסטרמה עננים,מעדני בשר השוקת,,פסטרמה עננים,קילוגרמים,1.00,"ק""ג",true,,85.00,85.0000,true,1,445303
7290000003036,false,נקניק בוקובינסקיה/או,מעדני בשר השוקת,,נקניק בוקובינסקיה/אודסקיה,קילוגרמים,1.00,"ק""ג",true,,75.00,75.0000,true,1,476245
7290000003050,false,גבינה פרמגאנו רגאנו,,,גבינה פרמיגאנו ראגאנו משולשים,קילוגרמים,1.00,"ק""ג",true,,199.00,199.0000,true,1,513291
7290000003124,false,פסטרמה שוורצואלד פרו,מעדני בשר השוקת,,פסטרמה שוורצואלד פרוס בוואקום,קילוגרמים,1.00,"ק""ג",true,,89.00,89.0000,true,1,481013
7290000003125,false,פסטרמה עננים פרוס בו,מעדני בשר השוקת,,פסטרמה עננים פרוס בוואקום,קילוגרמים,1.00,"ק""ג",true,,89.00,89.0000,true,1,481012
7290000003146,false,גבינה בימסטר איגד,,,גבינה בימסטר איגד,קילוגרמים,1.00,"ק""ג",true,,189.00,189.0000,true,1,498003
7290000003147,false,גבינה בימסטר קלאסיק,,,גבינה בימסטר קלאסיק,קילוגרמים,1.00,"ק""ג",true,,259.00,259.0000,true,1,498004
7290000003266,false,פילה סלמון,,,פילה סלמון,קילוגרמים,1.00,"ק""ג",true,,89.90,89.9000,true,1,528383
7290000003403,false,טבורוג קיבוצניק,פרי זה לי,,טבורוג קיבוצניק,קילוגרמים,1.00,"ק""ג",true,,29.00,29.0000,true,1,442427
7290000003404,false,טבורוג בטעמים,פרי זה לי,,טבורוג בטעמים,קילוגרמים,1.00,"ק""ג",true,,32.00,32.0000,true,1,443337
7290000003405,false,גבינה ערקית,פרי זה לי,,גבינה ערקית/גלגל גרו,קילוגרמים,1.00,"ק""ג",true,,59.00,59.0000,true,1,445307
7290000003409,false,גבינת סולוגוני עגול,פרי זה לי,,גבינת סולוגוני עגול/,קילוגרמים,1.00,"ק""ג",true,,69.00,69.0000,true,1,442429
7290000003419,false,גבינה גלגל גרוזיני,פרי זה לי,,גבינה גלגל גרו,קילוגרמים,1.00,"ק""ג",true,,59.00,59.0000,true,1,499320
7290000003426,false,גבינה קממבר עיזים,בי או די רגבים,,גבינה קממבר עיזים,קילוגרמים,1.00,"ק""ג",true,,190.00,190.0000,true,1,477636
7290000003427,false,גבינה ברי עיזים,בי או די רגבים,,גבינה ברי עיזים,קילוגרמים,1.00,"ק""ג",true,,190.00,190.0000,true,1,477637
7290000003430,false,גבינה קממבר כמהין,בי או די רגבים,,גבינה קממבר כמהין,קילוגרמים,1.00,"ק""ג",true,,200.00,200.0000,true,1,477640
7290000003431,false,גבינה סנט מור עיזים,בי או די רגבים,,גבינה סנט מור עיזים,קילוגרמים,1.00,"ק""ג",true,,200.00,200.0000,true,1,477641
7290000003433,false,גבינה קממבר גלילי,בי או די רגבים,,גבינה קממבר גלילי,קילוגרמים,1.00,"ק""ג",true,,140.00,140.0000,true,1,477643
7290000005875,false,חלווה נוגט במשקל,,,חלווה נוגט במשקל,קילוגרמים,1.00,"ק""ג",true,,49.00,49.0000,true,1,499036
7290000006107,false,צימצה,,,"צ""ימצ""ה",קילוגרמים,1.00,"ק""ג",true,,59.00,59.0000,true,1,444088
7290000006128,false,עגבניות ממולאות,,,עגבניות ממולאות,קילוגרמים,1.00,"ק""ג",true,,39.00,39.0000,true,1,442476
7290000006129,false,מלפפון ירוק אדמה מוח,,,מלפפון ירוק אדמה,קילוגרמים,1.00,"ק""ג",true,,39.00,39.0000,true,1,441804
7290000006130,false,עגבניות שרי,סלטי עמים ברדה,,עגבניות שרי,קילוגרמים,1.00,"ק""ג",true,,49.00,49.0000,true,1,446072
7290000006131,false,פלפל אדום במרינדה,,,פלפל אדום במרינדה,קילוגרמים,1.00,"ק""ג",true,,49.00,49.0000,true,1,444764
7290000006132,false,עגבניות אדומות מוחמצ,סלטי עמים ברדה,,עגבניות אדומות,קילוגרמים,1.00,"ק""ג",true,,39.00,39.0000,true,1,445432
7290000006134,false,עגבניות ירוקות,,,עגבניות ירוקות,קילוגרמים,1.00,"ק""ג",true,,39.00,39.0000,true,1,446073
7290000006136,false,מלפפון במלח,,,מלפפון במלח,קילוגרמים,1.00,"ק""ג",true,,39.00,39.0000,true,1,443451
7290000006149,false,כרוב כבוש,סלטי עמים ברדה,,כרוב כבוש,קילוגרמים,1.00,"ק""ג",true,,29.00,29.0000,true,1,442477
7290000006150,false,גבינה מנצגו מיושן,,,סלט ויניגרט,קילוגרמים,1.00,"ק""ג",true,,189.00,189.0000,true,1,442945
7290000006173,false,פטריות במרינדה במשקל,,,פטריות במשקל,קילוגרמים,1.00,"ק""ג",true,,69.00,69.0000,true,1,445434
7290000006236,false,גבינת עיזים מעובדת,,,גבינה סבליה מעושנת מותכת 25%,קילוגרמים,1.00,"ק""ג",true,,89.00,89.0000,true,1,485396
7290000006331,false,גבינה מוצרלה נקניק ט,,,גבינה מוצרלה נקניק טבעי,קילוגרמים,1.00,"ק""ג",true,,79.00,79.0000,true,1,443469
7290000006332,false,גבינה ריקוטה,,,גבינה ריקוטה,קילוגרמים,1.00,"ק""ג",true,,59.00,59.0000,true,1,442494
7290000006335,false,גבינה ברי צאן,,,גבינה ברי צאן,קילוגרמים,1.00,"ק""ג",true,,125.00,125.0000,true,1,446085
7290000006354,false,גבינה קשקבל משולשים,,,גבינה קשקבל משולשים,קילוגרמים,1.00,"ק""ג",true,,124.00,124.0000,true,1,476822
7290000006356,false,גבינה פיקורינו,,,גבינה פיקורינו,קילוגרמים,1.00,"ק""ג",true,,149.00,149.0000,true,1,476823
7290000006357,false,גבינה מנצגו,,,גבינה מנציגו,קילוגרמים,1.00,"ק""ג",true,,149.00,149.0000,true,1,476824
7290000006358,false,גבינה קממבר בקר משול,,,גבינה קממבר בקר משולש,קילוגרמים,1.00,"ק""ג",true,,109.00,109.0000,true,1,476825
7290000006360,false,גבינת שמנת 30%,,,גבינת שמנת 30% טבעי/זיתים/שום שמיר/ירקות,קילוגרמים,1.00,"ק""ג",true,,49.00,49.0000,true,1,476827
7290000006361,false,גבינת גאודה בקר גלגל,,,גבינת גאודה בקר גלגל,קילוגרמים,1.00,"ק""ג",true,,115.00,115.0000,true,1,476828
7290000006362,false,גבינה ברי פקאן משולש,,,גבינת ברי פקאן משולש צאן 22%,קילוגרמים,1.00,"ק""ג",true,,135.00,135.0000,true,1,476829
7290000006376,false,גבינה מסקרפונה,,,גבינה מסקרפונה,קילוגרמים,1.00,"ק""ג",true,,69.00,69.0000,true,1,446089
7290000006387,false,כרוב ארמני/מקסיקני,,,כרוב ארמני/מקסיקני,קילוגרמים,1.00,"ק""ג",true,,39.00,39.0000,true,1,444789
7290000006593,false,גבינה ברי פיסטוק מנו,,,גבינה ברי פיסטוק מנות,קילוגרמים,1.00,"ק""ג",true,,195.00,195.0000,true,1,504775
7290000006595,false,טבורוג קיבוצני,,,טבורוג קיבוצני,קילוגרמים,1.00,"ק""ג",true,,49.00,49.0000,true,1,504777
7290000006703,false,בייבי סלמון,,,בייבי סלמון,קילוגרמים,1.00,"ק""ג",true,,189.00,189.0000,true,1,445456
7290000006704,false,סלמון נורווגי פרוס,,,סלמון נורבגי פרוס,קילוגרמים,1.00,"ק""ג",true,,199.00,199.0000,true,1,444799
7290000006705,false,פלטוס,,,פלטוס,קילוגרמים,1.00,"ק""ג",true,,149.00,149.0000,true,1,443489
7290000006706,false,מקרל מעושן מדיום,,,מקרלמעושן מדיום,קילוגרמים,1.00,"ק""ג",true,,59.00,59.0000,true,1,441839
7290000006707,false,רוטבש בעישון חם,,,רוטבש בעישון חם,קילוגרמים,1.00,"ק""ג",true,,99.00,99.0000,true,1,444116
7290000007110,false,קוויאר אדום רויאל גו,,,קוויאר אדום רויאל גולד,קילוגרמים,1.00,"ק""ג",true,,649.00,649.0000,true,1,444131
7290000007325,false,דג סלמון מעושן חם,הרמס דגים,,דג סלמון מעושן חם,קילוגרמים,1.00,"ק""ג",true,,159.00,159.0000,true,1,507615
7290000007353,false,פורל בעישון חם,הרמס דגים,,פורל בעישון חם שלם,קילוגרמים,1.00,"ק""ג",true,,159.00,159.0000,true,1,472525
7290000007388,false,דג סלמון בעישון קר פ,,,דג סלמון בעישון קר פרוס,קילוגרמים,1.00,"ק""ג",true,,189.00,189.0000,true,1,511939
7290000007396,false,דג וובלה,,,דג וובלה,קילוגרמים,1.00,"ק""ג",true,,79.00,79.0000,true,1,523771
7290000007410,false,סלט אצות ים בטעמים,,,סלט אצות ים בטעמים,קילוגרמים,1.00,"ק""ג",true,,55.00,55.0000,true,1,443214
7290000007416,false,גבינה אמסטרדם אגוזים,,,"פטריות ""שיטאקי"" מיקס",קילוגרמים,1.00,"ק""ג",true,,159.00,159.0000,true,1,441997
7290000007423,false,גבינה צפתית קשה,,,גבינה צפתית קשה,קילוגרמים,1.00,"ק""ג",true,,79.00,79.0000,true,1,505951
7290000007602,false,דג מקרל מעושן גדול,,,דג מקרל מעושן גדול,קילוגרמים,1.00,"ק""ג",true,,89.00,89.0000,true,1,478621
7290000007603,false,דג מקרל בעישון חם גד,,,דג מקרל בעישון חם גדול פיקלינג,קילוגרמים,1.00,"ק""ג",true,,99.00,99.0000,true,1,478622
7290000007605,false,פילה הרינג לבן/אדום/,,,פילה הרינג לבן/אדום/כבוש,קילוגרמים,1.00,"ק""ג",true,,45.00,45.0000,true,1,478624
7290000007606,false,מויבה מעושנת,,,מויבה מעושנת,קילוגרמים,1.00,"ק""ג",true,,89.00,89.0000,true,1,478625
7290000007609,false,בטן סלמון,,,בטן סלמון,קילוגרמים,1.00,"ק""ג",true,,95.00,95.0000,true,1,478628
7290000007610,false,דג בקלה מעושן,,,דג בקלה מעושן,קילוגרמים,1.00,"ק""ג",true,,59.00,59.0000,true,1,478629
7290000009080,false,פרנה עגולה,,,פרנה עגולה,Unknown,0.00,Unknown,false,1,4.50,0.0000,true,1,519663
7290000010000,false,בגט לבן,בונז'ור,,באגט,Unknown,0.00,Unknown,false,1,4.90,0.0000,true,1,441161
7290000010003,false,לחם גבטה,בונז'ור,,לחם גבטה לבן,Unknown,0.00,Unknown,false,1,6.90,0.0000,true,1,440919
7290000010009,false,בגט כפרי,בונז'ור,,בגט כפרי,Unknown,0.00,Unknown,false,1,5.50,0.0000,true,1,441116
7290000010012,false,מיני גבטה/לחמניית טו,בונז'ור,,מיני גבטה/לחמניית טוסט,Unknown,0.00,Unknown,false,1,3.90,0.0000,true,1,441038
7290000010014,false,חצי בגט,,,חצי בגט,Unknown,0.00,Unknown,false,1,2.90,0.0000,true,1,441162
7290000010021,false,לחמניה קלועה לבנה/חי,בונז'ור,,לחמניה קלועה לבנה/חיטה מלאה,גרמים,100.00,100 גרם,false,1,2.90,2.9000,true,1,441206
7290000010025,false,לחם פניני/חליות,בונז'ור,,לחם פניני/חליות,Unknown,0.00,Unknown,false,1,1.90,0.0000,true,1,440922
7290000010035,false,חלה קלועה מתוקה,בונז'ור,,חלה קלועה מתוקה,Unknown,0.00,Unknown,false,1,11.90,0.0000,true,1,441120
7290000010055,false,לחמנית ביס 40 גר,בונז'ור,,לחמנית ביס 40 גרי,גרמים,40.00,100 גרם,false,1,1.50,3.7500,true,1,441122
7290000010063,false,חלה קלועה רגילה 560,בונז'ור,,חלה קלועה 560 גר,גרמים,560.00,100 גרם,false,1,11.90,2.1250,true,1,440928
7290000010066,false,חלה מתוקה/פרח/קדורים,בונז'ור,,חלה מתוקה/פרח/כדורים 460 גר,גרמים,460.00,100 גרם,false,1,11.90,2.5870,true,1,469828
7290000010332,false,בייגל רומני שלישייה,,,בייגל רומני שלישייה,Unknown,0.00,Unknown,false,50,11.90,0.0000,true,1,522625
7290000010333,false,לחמנייה דגנים וגרעינ,,,לחמנייה דגנים וגרעינים (בריאות),Unknown,0.00,Unknown,false,72,3.90,0.0000,true,1,522626
7290000011559,false,נקניק רוסקיה/זרניסטי,מעדני מניה תעשיות בש,,נקניק רוסקיה/זרניסטיה 420 גר,גרמים,420.00,100 גרם,false,,64.90,15.4524,true,1,527845
7290000011832,false,פריזר ביצה 470 גר,מעדני מניה תעשיות בש,,פריזר ביצה 470 גר,גרמים,470.00,100 גרם,false,,19.90,4.2340,true,1,528672
7290000012352,false,סרט כדורי קישוט 5 מ,,,סרט כדורי קישוט 5 מ,Unknown,0.00,Unknown,false,1,19.90,0.0000,true,1,528828
7290000016667,false,עוף סיני בלימון חמוץ,,,עוף סיני בלימון חמוץ מתוק,קילוגרמים,1.00,"ק""ג",true,,89.00,89.0000,true,1,524185
7290000016668,false,שרימפס קארי תאילנדי,,,שרימפס קארי תאילנדי,קילוגרמים,1.00,"ק""ג",true,,129.00,129.0000,true,1,524710
7290000016669,false,חריימה דג,,,חריימה דג,קילוגרמים,1.00,"ק""ג",true,,89.00,89.0000,true,1,524711
7290000016670,false,עוף בגריל איטלקי,,,עוף בגריל איטלקי,קילוגרמים,1.00,"ק""ג",true,,49.00,49.0000,true,1,524813
7290000017007,false,כבד עוף,,,כבד עוף,קילוגרמים,1.00,"ק""ג",true,,19.90,19.9000,true,1,443842
7290000017008,false,לבבות עוף,פנדי עוף,,לבבות עוף,קילוגרמים,1.00,"ק""ג",true,,34.90,34.9000,true,1,441494
7290000017009,false,קורקבני עוף,,,קורקבני עוף,קילוגרמים,1.00,"ק""ג",true,,11.90,11.9000,true,1,445158
7290000017100,false,גרון הודו,,,גרון הודו,קילוגרמים,1.00,"ק""ג",true,,32.90,32.9000,true,1,443850
7290000017101,false,חזה הודו מובחר,,,חזה הודו מובחר,קילוגרמים,1.00,"ק""ג",true,,32.90,32.9000,true,1,444489
7290000017102,false,שוקיים הודו,,,שוקיים הודו,קילוגרמים,1.00,"ק""ג",true,,29.90,29.9000,true,1,442282
7290000017103,false,כנפיים הודו,,,כנפיים הודו,קילוגרמים,1.00,"ק""ג",true,,14.90,14.9000,true,1,443851
7290000017104,false,כבד הודו,,,כבד הודו,קילוגרמים,1.00,"ק""ג",true,,21.90,21.9000,true,1,441499
7290000017105,false,לבבות הודו,,,לבבות הודו,קילוגרמים,1.00,"ק""ג",true,,21.90,21.9000,true,1,443852
7290000017106,false,קורקבני הודו,,,קורקבני הודו,קילוגרמים,1.00,"ק""ג",true,,14.90,14.9000,true,1,445807
7290000017112,false,זנבות הודו,,,זנבות הודו,קילוגרמים,1.00,"ק""ג",true,,7.90,7.9000,true,1,445164
7290000017113,false,שווארמה הודו,,,שווארמה הודו,קילוגרמים,1.00,"ק""ג",true,,69.90,69.9000,true,1,444491
7290000017114,false,נתחי חזה הודו,,,נתחי חזה הודו,קילוגרמים,1.00,"ק""ג",true,,29.90,29.9000,true,1,441500
7290000017117,false,ירך הודו,,,ירך הודו,קילוגרמים,1.00,"ק""ג",true,,59.90,59.9000,true,1,445809
7290000017230,false,צלי בקר מס 5 טרי,,,צלי בקר מס 5 טרי,קילוגרמים,1.00,"ק""ג",true,,74.90,74.9000,true,1,441504
7290000017232,false,פילה מדומה בקר מס 6,,,פילה מדומה מס 6 טרי,קילוגרמים,1.00,"ק""ג",true,,69.90,69.9000,true,1,445817
7290000017242,false,פילה עגל עם רצועה טר,בית מטבחיים דבאח,,פילה עגל טרי,קילוגרמים,1.00,"ק""ג",true,,189.90,189.9000,true,1,444498
7290000017244,false,סינטה עגל טרי מיושן,,,סינטה עגל מיושנת,קילוגרמים,1.00,"ק""ג",true,,99.90,99.9000,true,1,445167
7290000017260,false,אנטריקוט בקר מופשר מ,,,אנטריקוט בקר מופשר מיושן,קילוגרמים,1.00,"ק""ג",true,,99.90,99.9000,true,1,443859
7290000017266,false,אנטריקוט עגל טרי מוב,,,אנטריקוט עגל טרי מובחר אנגוס,קילוגרמים,1.00,"ק""ג",true,,149.90,149.9000,true,1,470419
7290000020508,false,לחם גורציצני 500 גר,,,לחם גורציצני 500 גר,גרמים,500.00,100 גרם,false,1,17.90,3.5800,true,1,526779
7290000023083,false,ערק אשקלון 40% בקבוק,"יקבי ברקן בע""מ",IL,ערק אשקלון 40% 0.7ל,מיליליטרים,700.00,"100 מ""ל",false,1,49.90,7.1286,true,1,474543
7290000023809,false,"יין ברקן קלאסיק קברנה סובניון 750מ""ל",יקבי ברקן שיווק והפצ,IL,"יין ""קלאסיק"" קברנה ס",מיליליטרים,750.00,"100 מ""ל",false,1,32.90,4.3867,true,1,442536
7290000023816,false,"יין ברקן קלאסיק אמרלד ריזלינג 750מ""ל",יקבי ברקן שיווק והפצ,IL,"יין ""קלאסיק"" אמרלד ר",מיליליטרים,750.00,"100 מ""ל",false,1,32.90,4.3867,true,1,443000
7290000023823,false,יין ברקן קלאסיק סובנ,יקבי ברקן שיווק והפצ,IL,"יין ""קלאסיק"" סוביניו",מיליליטרים,750.00,"100 מ""ל",false,1,32.90,4.3867,true,1,443001
7290000023830,false,יין קלאסיק שיראז רוז,,,"יין ""קלאסיק"" שיראז 0",מיליליטרים,750.00,"100 מ""ל",false,1,32.90,4.3867,true,1,443512
7290000023847,false,יין ברקן קלאסיק שרדו,יקבי ברקן שיווק והפצ,IL,"יין ""קלאסיק"" שרדונה",מיליליטרים,750.00,"100 מ""ל",false,1,32.90,4.3867,true,1,444814
7290000023977,false,"יין ברקן קלאסיק מרלו 750 מ""ל",יקבי ברקן שיווק והפצ,IL,"יין ""קלאסיק"" מרלו 750 מ""ל",מיליליטרים,750.00,"100 מ""ל",false,1,32.90,4.3867,true,1,442537
7290000024202,false,"יין ברקן רזרב קברנה סובניון 750 מ""ל",ברקן שיווק והפצה בעמ,IL,"יין ""רזרב"" קברנה סוב",מיליליטרים,750.00,"100 מ""ל",false,1,49.90,6.6533,true,1,441862
7290000024264,false,"יין ברקן רזרב מרלו 750 מ""ל",כרמי צבי - אחים סגל,IL,"יין ""רזרב"" מרלו 0.75",מיליליטרים,750.00,"100 מ""ל",false,1,49.90,6.6533,true,1,442538
7290000024523,false,מיץ ענבים תירוש אדום,כרמי צבי - האחים סגל,IL,מיץ ענבים ברקן 1ליטר,מיליליטרים,1000.00,"100 מ""ל",false,1,17.90,1.7900,true,1,442540
7290000036144,false,קורנפלור שקית 200 גר,קריות זול,IL,קורנפלור שקית,גרמים,200.00,100 גרם,false,1,3.90,1.9500,true,1,445488
7290000036151,false,קורנפלור 500 גר,גלעם,,קורנפלור 500 ג,גרמים,500.00,100 גרם,false,1,7.90,1.5800,true,1,443516
7290000040042,false,יוגורט תות %3 גביע 150 ג' יופלה,תנובה בעמ,IL,יופלה תות 3%,גרמים,150.00,100 גרם,false,1,4.90,3.2667,true,1,443517
7290000040066,false,יוגורט דובדבן 3% שומן 150 ג' יופלה,תנובה מרכז שיתופי לש,IL,יופלה דובדבן 3%,גרמים,150.00,100 גרם,false,1,4.90,3.2667,true,1,445489
7290000040080,false,יוגורט אפרסק 3% שומן 150 ג' יופלה,תנובה בעמ,IL,יופלה אפרסק 3%,גרמים,150.00,100 גרם,false,1,4.90,3.2667,true,1,443007
7290000040301,false,"גבינת קולאז קממבר עין גדי 24%, 125 ג'",תנובה מרכז שיתופי לש,IL,"קולאז"" קממבר (עין גד",גרמים,125.00,100 גרם,false,1,17.80,14.2400,true,1,444142
7290000040318,false,גבינת ברי 24% קולאז עדי תנובה 125 ג',תנובה מרכז שיתופי לש,IL,גבינה קולאז ברי בחפי,גרמים,125.00,100 גרם,false,1,18.80,15.0400,true,1,441870
7290000040462,false,גבינת טוסטי עמק אמריקאי אדם 23% 200 ג',תנובה מרכז שיתופי לש,IL,גבינת טוסטי אדם,גרמים,200.00,100 גרם,false,1,19.90,9.9500,true,1,444821
7290000040974,false,חלב תנובה קרטון דל לקטוז 2% 1ל,תנובה מרכז שיתופי לש,IL,חלב טרי דל לקטוז 1 ל,ליטרים,1.00,ליטר,false,1,7.00,7.0000,true,1,442547
7290000041858,false,"שמנת חמוצה 15% יטבתה 200 מ""ל מהדרין",שטראוס גרופ,IL,שמנת חמוצה 15%,מיליליטרים,200.00,"100 מ""ל",false,1,2.40,1.2000,true,1,442548
7290000041865,false,"לבן 4.5% יטבתה מהדרין 200מ""ל",מחלבת יטבתה,IL,אשל 4.5%,מיליליטרים,200.00,"100 מ""ל",false,1,2.00,1.0000,true,1,445491
7290000041872,false,"לבן 3% יטבתה 200מ""ל מהדרין",מחלבת יטבתה,IL,לבן 3%,מיליליטרים,200.00,"100 מ""ל",false,1,2.00,1.0000,true,1,444143
7290000042015,false,חלב טרי 3% תנובה שקית 1ל' מהדרין,תנובה מרכז שיתופי לש,IL,חלב שקית 1 ליטר מהדר,ליטרים,1.00,ליטר,false,1,5.43,5.4300,true,1,444823
7290000042404,false,חלב יוטבתה מועשר 3% שקית 1ל',מחלבת יטבתה,IL,חלב 3% 1 ליטר שקית,ליטרים,1.00,ליטר,false,1,5.90,5.9000,true,1,444145
7290000042435,false,חלב טרי 1% קרטון פקק 1ל' תנובה,תנובה מרכז שיתופי לש,IL,חלב דל שומן בקרטון 1,ליטרים,1.00,ליטר,false,1,5.86,5.8600,true,1,444825
7290000042640,false,"חלב תנובה עמיד 3% קרטון 250 מ""ל",קריות זול,IL,250 חלב עמיד,מיליליטרים,250.00,"100 מ""ל",false,1,2.90,1.1600,true,1,444826
7290000042855,false,יוטבתה שוקו שקית 225מל,שטראוס גרופ,IL,"שוקו שקית 225 מ""ל",מיליליטרים,225.00,"100 מ""ל",false,1,2.50,1.1111,true,1,441873
7290000043012,false,"שוקו עמיד 2% בקרטון 250 מ""ל תנובה",תנובה מרכז שיתופי לש,IL,25שוקו עמיד,מיליליטרים,250.00,"100 מ""ל",false,1,4.90,1.9600,true,1,444147
7290000043111,false,חמאת תנובה 200ג רבנות,"תנובה, מחלבת תל יוסף",IL,חמאה רגילה 200 גר,גרמים,200.00,100 גרם,false,1,7.90,3.9500,true,1,441874
7290000043814,false,"שמנת מתוקה להקצפה 38% 250 מ""ל תנובה",תנובה מרכז שיתופי לש,IL,שמנת עמידה לקצפת 38%,מיליליטרים,250.00,"100 מ""ל",false,1,6.47,2.5880,true,1,443521
7290000043890,false,רויון בקרטון 1 ליטר,תנובה מרכז שיתופי לש,IL,רויון 1 ליטר,ליטרים,1.00,ליטר,false,1,11.90,11.9000,true,1,444148
7290000043944,false,כד יוגורט תנובה 4% שומן 1.5 ליטר,מיוצר עי קונדיטוריית,IL,יוגורט 4.5% 1.5 ליטר,ליטרים,1.50,ליטר,false,1,16.90,11.2667,true,1,443012
7290000044712,false,יוגורט עם תות 1.5% שומן 500 ג' פרילי,מיוצר עי קונדיטוריית,IL,"פרילי תות 500 מ""ל",מיליליטרים,500.00,"100 מ""ל",false,1,11.90,2.3800,true,1,444149
7290000044880,false,באדי יוגורט תות 3% שומן 500 ג' תנובה,מיוצר עי קונדיטוריית,IL,"באדי תות 500 מ""ל",גרמים,500.00,100 גרם,false,1,8.90,1.7800,true,1,442550
7290000045573,false,גבינת מותכת משולשים 25% שומן 200 ג' נעמה,קריות זול,IL,גבינה משולשת נעמה 20,גרמים,200.00,100 גרם,false,1,15.90,7.9500,true,1,442551
7290000045580,false,"גבינת מותכת נעמה חורש 25%, 240 ג'",תנובה מרכז שיתופי לש,IL,גבינה משולשת חורש,גרמים,240.00,100 גרם,false,1,18.90,7.8750,true,1,442552
7290000045771,false,יוגורט 4% שומן 3 ל' תנובה,תנובה מרכז שיתופי לש,IL,יוגורט 4.5% 3 ליטר,ליטרים,3.00,ליטר,false,1,29.40,9.8000,true,1,443524
7290000045917,false,תנובה גבינת פרומעז 23% גלילית 200ג,קריות זול,IL,"קולאז"" גבינת עיזים (",גרמים,200.00,100 גרם,false,1,26.90,13.4500,true,1,444151
7290000046327,false,"גבינת גלבוע פרוס 22%, 200 ג' תנובה",תנובה מרכז שיתופי לש,IL,גבינה גלבוע פרוס,גרמים,200.00,100 גרם,false,1,13.90,6.9500,true,1,444153
7290000047546,false,כנען גבינה לבנה ללא מלח 5% 500 ג',תנובה מרכז שיתופי לש,IL,גבינה לבנה כנען 500 גר,גרמים,500.00,100 גרם,false,1,24.90,4.9800,true,1,441875
7290000048185,false,גבינה לבנה 5% שומן 250 ג' תנובה,מיוצר עי קונדיטוריית,IL,גבינה למריחה 5% 250,גרמים,250.00,100 גרם,false,1,4.90,1.9600,true,1,441876
7290000048192,false,גבינה לבנה 9% שומן 250 ג' תנובה,מחלבת אלון תבור,IL,גבינה למריחה 9% 250,גרמים,250.00,100 גרם,false,1,4.90,1.9600,true,1,441877
7290000048307,false,קוטג' 5% וזיתים ירוקים 250ג' תנובה,מיוצר עי קונדיטוריית,IL,"קוטג"" זיתים 5% 250 ג",גרמים,250.00,100 גרם,false,1,5.70,2.2800,true,1,445496
7290000048413,false,גבינה חמד %16 שקית 250 ג' פיראוס,תנובה מרכז שיתופי לש,IL,גבינה מלוחה חמד,גרמים,250.00,100 גרם,false,1,17.80,7.1200,true,1,443039
7290000048437,false,גבינה צפתית 5% 200 ג' פיראוס,פארייפאבה אגרואינדוס,IL,גבינה צפתית פיראוס 5% 200 גר,גרמים,200.00,100 גרם,false,1,14.80,7.4000,true,1,444156
7290000049458,false,גבינת פטה עיזים 16% גביע פיראוס 250 ג',תנובה מרכז שיתופי לש,IL,בולגרית פיראוס עזים,גרמים,250.00,100 גרם,false,1,29.90,11.9600,true,1,443040
7290000050050,false,אווז שלם קפוא,,,אווז שלם קפוא,קילוגרמים,1.00,"ק""ג",true,,49.90,49.9000,true,1,521542
7290000050447,false,יוגורט תות 500 ג' יופלה,מיוצר עי קונדיטוריית,IL,"יופלה ""YYY"" תות 3% 5",גרמים,500.00,100 גרם,false,1,13.90,2.7800,true,1,442554
7290000050454,false,יוגורט אפרסק 500 ג' יופלה,מיוצר עי קונדיטוריית,IL,"יופלה ""YYY"" אפרסק 3%",מיליליטרים,500.00,"100 מ""ל",false,1,13.90,2.7800,true,1,443526
7290000051006,false,קישקע במגש,,,קישקע במגש,קילוגרמים,1.00,"ק""ג",true,,45.90,45.9000,true,1,441661
7290000051307,false,מארז הפסקת אוכל עם דגני עוגי ומשקה חלב עמיד בטעם וניל,תנובה מרכז שיתופי לש,IL,הפסקת אוכל דגני עוגי,גרמים,150.00,100 גרם,false,1,8.90,5.9333,true,1,444159
7290000051352,false,חלב מלא בטעם של פעם 3.4% תנובה קרטון 1 ל',תנובה מרכז שיתופי לש,IL,חלב של פעם מלא 3.5%,ליטרים,1.00,ליטר,false,1,7.70,7.7000,true,1,441879
7290000051376,false,יופלה דיאט אננס גביע 150 ג',תנובה מרכז שיתופי לש,IL,יופלה דיאט אננס ספור,גרמים,150.00,100 גרם,false,1,4.80,3.2000,true,1,443529
7290000051710,false,לאבנה 9% עם שמן זית וזעתר 263 ג' פיראוס,"תנובה, מחלבת אלון תב",IL,פיראוס לבנה עם שמן ז,גרמים,263.00,100 גרם,false,1,13.90,5.2852,true,1,441880
7290000051772,false,מעדן בטעם שוקולד קוק,,,מעדן דיאט שוקולד קוקוס 150 גר,גרמים,150.00,100 גרם,false,16,3.90,2.6000,true,1,443530
7290000052311,false,גבינה צהובה לייט 15% 200 ג' עמק,תנובה מרכז שיתופי לש,IL,עמק פרוס בקופסה 15%,גרמים,200.00,100 גרם,false,1,16.90,8.4500,true,1,443534
7290000052649,false,גבינת לאבנה 5% שומן 500 ג' פיראוס,תנובה מרכז שיתופי לש,IL,גבינת פיראוס לאבנה 5% 500 גר,גרמים,500.00,100 גרם,false,1,19.90,3.9800,true,1,444832
7290000052717,false,קוטג' 5%עם שום שמיר 250 ג' תנובה,מיוצר עי קונדיטוריית,IL,"קוטג"" 5% עם שום שמיר 250 גר",גרמים,250.00,100 גרם,false,1,5.70,2.2800,true,1,469428
7290000055015,false,גבינת פיראוס פטה כבשים 5% 250 ג' פיראוס,תנובה מרכז שיתופי לש,IL,פטה כבשים פיראוס 5% 250 גר,גרמים,250.00,100 גרם,false,1,27.90,11.1600,true,1,443052
7290000055329,false,יופלה משקה יוגורט תות מלון 1.5% 250מל.,תנובה מרכז שיתופי לש,IL,"משקה יוגורט ""יופלה""",גרמים,250.00,100 גרם,false,1,5.50,2.2000,true,1,446153
7290000055336,false,יופלה משקה יוגורט בננה אפרסק 1.5% 250מל,תנובה מרכז שיתופי לש,IL,"משקה יוגורט ""יופלה""",גרמים,250.00,100 גרם,false,1,5.50,2.2000,true,1,441889
7290000055343,false,יופלה משקה יוגורט טרופי 1.5% 250מל,תנובה מרכז שיתופי לש,IL,"משקה יוגורט ""יופלה""",גרמים,250.00,100 גרם,false,1,5.50,2.2000,true,1,443053
7290000055893,false,חמאה משמנת מפוסטרת 200ג' כ.מהדרין,תנובה מרכז שיתופי לש,IL,"חמאה רגילה 200 גר""",גרמים,200.00,100 גרם,false,1,7.90,3.9500,true,1,443054
7290000056272,true,גבינה לבנה עם זיתים,,,גבינה לבנה עם זיתים,גרמים,225.00,100 גרם,false,1,4.80,2.1333,true,1,445402
7290000056753,false,עמק גבינה צהובה פרוס,,,עמק פרוס בקופסא 200,גרמים,200.00,100 גרם,false,1,16.90,8.4500,true,1,470842
7290000056845,false,חלב טרי 3% הומוגני קרטון 1.5 ל' תנובה,פארייפאבה אגרואינדוס,IL,חלב טרי הומוגני 3% 1.5 ליטר,מיליליטרים,1500.00,"100 מ""ל",false,1,9.34,0.6227,true,1,442571
7290000056883,false,יופלה מאגדת פרי 3% 8 יח' * 150 ג',תנובה מרכז שיתופי לש,IL,"מאגדת ""יופלה"" טעמים",גרמים,1200.00,100 גרם,false,1,31.90,2.6583,true,1,445512
7290000056890,false,דיאט יופלה שמינייה טעמים שונים,מיוצר עי קונדיטוריית,IL,יופלה דיאט מארז 8 יח,גרמים,1200.00,100 גרם,false,1,31.90,2.6583,true,1,441895
7290000056906,true,יוגורט ביו 1.5% יופל,,,מאגדת שמינייה יופלה,גרמים,1200.00,100 גרם,false,1,16.80,1.4000,true,1,446047
7290000056951,false,"שמנת לבישול 15% שומן 500 מ""ל תנובה",תנובה מרכז שיתופי לש,IL,שמנת לבישול 15% 500מ,מיליליטרים,500.00,"100 מ""ל",false,1,16.90,3.3800,true,1,446156
7290000057088,false,גבינת דק דק 28% 200 ג' עמק,תנובה מרכז שיתופי לש,IL,"גבינה עמק דק 200גר""",גרמים,200.00,100 גרם,false,1,16.90,8.4500,true,1,443546
7290000057118,true,גבינה עמק קלאסית 400,,,גבינה סמי עמק 400 גר,גרמים,400.00,100 גרם,false,1,21.90,5.4750,true,1,444743
7290000057132,false,יוגורט טבעי 1.5% שומן 200 ג' תנובה,מחלבת אלון תבור,IL,"יוגורט ""תנובה"" 1.5%",גרמים,200.00,100 גרם,false,1,3.10,1.5500,true,1,444177
7290000057149,false,יוגורט טבעי 3% שומן 200 ג' תנובה,מיוצר עי קונדיטוריית,IL,יוגורט תנובה טבעי 3% 200 גר,גרמים,200.00,100 גרם,false,1,3.10,1.5500,true,1,445514
7290000057552,true,יוגורט עוגת גבינה ות,,,דייאט יופלה עוגת גבינה ותות 0% 150 גר,גרמים,150.00,100 גרם,false,1,4.90,3.2667,true,1,468676
7290000058030,false,"יופלה שטוזים משקה יוגורט תות 8 יח' * 100 מ""ל",מיוצר עי קונדיטוריית,IL,יופלה שטוזים משקה יוגורט תות 800,מיליליטרים,800.00,"100 מ""ל",false,1,21.90,2.7375,true,1,467362
7290000058047,true,שמנת 38% עמידה 500 מ,,,שמנת 38% עמידה 500 מל,מיליליטרים,500.00,"100 מ""ל",false,1,12.94,2.5880,true,1,469194
7290000060071,false,אוסם - חטיפי פריכונים מאורז מלא קלוי 80גר,"מיוצר ע""י PT, משווק",IL,חטיפי פריכונים בטעם,גרמים,80.00,100 גרם,false,1,6.90,8.6250,true,1,445516
7290000060088,false,בייגלה אסם מקלות מלוחים 400 גרם,מיוצר עי קונדיטוריית,IL,בייגלה מקלות מלוחים 400 גר,גרמים,400.00,100 גרם,false,1,9.90,2.4750,true,1,442574
7290000060156,false,פסטה אסם אטריות ביצים דקות 200גר,"אסם השקעות בע""מ",IL,אטריות ביצים דקות 200 גר,גרמים,200.00,100 גרם,false,1,6.90,3.4500,true,1,446157
7290000060163,false,פסטה אסם אטריות דקות 400גר,"אסם השקעות בע""מ",IL,אסם אטריות דקות 400,גרמים,400.00,100 גרם,false,1,6.90,1.7250,true,1,444846
7290000060200,false,פסטה אסם פתיתים אפויים קוסקוס 500גר,"אסם השקעות בע""מ",IL,פתיתים אפויים קוסקוס,גרמים,500.00,100 גרם,false,1,7.90,1.5800,true,1,446158
7290000060217,false,פסטה אסם מקרוני 7 500 גר,קריות זול,IT,"פסטה מקרוני 500 ג""ר",גרמים,500.00,100 גרם,false,1,5.90,1.1800,true,1,441897
7290000060248,false,פסטה אסם פתיתים תלתלים 500גר,קריות זול,IT,אטריות אסם תלתלים 500 גר,גרמים,500.00,100 גרם,false,1,5.90,1.1800,true,1,441898
7290000060316,false,פסטה פרפקטו ספגטי 500ג' אסם,קריות זול,IT,פרפקטו ספגטי (3) 500,גרמים,500.00,100 גרם,false,1,6.90,1.3800,true,1,445518
7290000060330,false,פרפקטו פרפקטו ספיראלי גירף 500 גר,קריות זול,IT,פרפקטו ספירלי (57) 5,גרמים,500.00,100 גרם,false,1,6.90,1.3800,true,1,443059
7290000060408,false,פסטה אסם פתיתים אפויים טבעות 500 גר,"אסם השקעות בע""מ",IL,פתיתים אפויים טבעות,גרמים,500.00,100 גרם,false,1,7.90,1.5800,true,1,445519
7290000060415,false,פסטה פרפקטו לזאניה אסם 500ג',קריות זול,IT,"פרפקטו לזאניה 500 ג""",גרמים,500.00,100 גרם,false,1,13.90,2.7800,true,1,443060
7290000060576,false,פסטה אסם פתיתים אפוי כוכב 500גר,"אסם השקעות בע""מ",IL,פתיתים אפויים כוכבים,גרמים,500.00,100 גרם,false,1,7.90,1.5800,true,1,446159
7290000060781,false,פסטה אסם פתיתים מסולסלים 500גר,קריות זול,IT,פתיתים אסם מסולסלים,גרמים,500.00,100 גרם,false,1,5.90,1.1800,true,1,445521
7290000060828,false,פסטה קרניים בינוניות 500 ג' אסם,קריות זול,IT,פסטה אסם קרניים בינו,גרמים,500.00,100 גרם,false,1,5.90,1.1800,true,1,446161
7290000060842,false,פסטה אסם פתיתים צדפים גדולים 500גר,קריות זול,IT,פסטה אסם צדפים גדולי,גרמים,500.00,100 גרם,false,1,5.90,1.1800,true,1,444184
7290000060859,false,פסטה אסם פתיתים צדפים קטנים 500גר,קריות זול,IT,פסטה אסם צדפים קטנים,גרמים,500.00,100 גרם,false,1,5.90,1.1800,true,1,444185
7290000060880,false,פסטה מס' 8 ספגטי אסם 500ג',קריות זול,IT,"ספגטי אסם (3) 500 ג""",גרמים,500.00,100 גרם,false,1,5.90,1.1800,true,1,441900
7290000060903,false,פסטה אסם פתיתים אפויים אורז 500גר,"אסם השקעות בע""מ",IL,פתיתים אפויים אורז 5,גרמים,500.00,100 גרם,false,1,7.90,1.5800,true,1,443062
7290000060958,false,פסטה אסם אטריות בינוניות 400 גרם,"אסם השקעות בע""מ",IL,אסם אטריות בינוניות,גרמים,400.00,100 גרם,false,1,6.90,1.7250,true,1,443063
7290000060965,false,פסטה אסם אטריות רחבות 400גר,"אסם השקעות בע""מ",IL,אסם אטריות רחבות 400,גרמים,400.00,100 גרם,false,1,6.90,1.7250,true,1,443551
7290000061061,false,קרקר בצל אסם 250 גרם,"אסם השקעות בע""מ",IL,"קרקר בצל 250 ג""ר",גרמים,250.00,100 גרם,false,1,9.90,3.9600,true,1,441901
7290000061085,false,"רוטב צ'ילי מתוק אסם 290מ""ל",אסם תעשיות,IL,"רוטב צ""ילי מתוק 290",גרמים,345.00,100 גרם,false,1,10.90,3.1594,true,1,443064
7290000061108,false,"רוטב טריאקי 290 מ""ל אסם","אסם השקעות בע""מ",IL,"רוטב טריאקי 290 מ""ל",גרמים,360.00,100 גרם,false,1,10.90,3.0278,true,1,441902
7290000061214,false,פתיתים אפויים קוסקוס עם בצל אסם 500 גר',"אסם השקעות בע""מ",IL,פתיתי קוסקוס עם בצל,גרמים,500.00,100 גרם,false,1,7.90,1.5800,true,1,446162
7290000061450,false,פתיתים אפויים קוסקוס צבעוני אסם 500 גר',"אסם השקעות בע""מ",IL,פתיתים אפויים קוסקוס,גרמים,500.00,100 גרם,false,1,7.90,1.5800,true,1,445522
7290000061764,false,נסקפה רד מאג טעם חדש 200ג',נסטלה ספרד קפה,ES,קפה נמס רד מאג 200 ג,גרמים,200.00,100 גרם,false,1,24.90,12.4500,true,1,443065
7290000062242,false,דובונים שמנת בצל 40 גר' אסם,"אסם השקעות בע""מ",IL,דובונים בטעם שמנת בצל 40 גר,גרמים,40.00,100 גרם,false,1,4.90,12.2500,true,1,467878
7290000062952,false,אוסם - מיני קרוטונים למרק ולסלט 250 גרם,עינת תעשיות מזון,IL,אסם מיני קרוטונים למ,גרמים,250.00,100 גרם,false,1,14.90,5.9600,true,1,444189
7290000063102,false,קמח עוגה אסם תופח מאליו 350ג',"אסם השקעות בע""מ",IL,קמח תופח מאליו 350 ג,גרמים,350.00,100 גרם,false,1,4.90,1.4000,true,1,444849
7290000063140,false,שקדי מרק רכיבים טבעיים בשקית 400 ג' אסם,"אסם השקעות בע""מ",IL,שקדי מרק רכיבים טבעי,גרמים,400.00,100 גרם,false,1,10.90,2.7250,true,1,444190
7290000063157,false,"קמח תופח מאליו אסם 1 ק""ג","אסם השקעות בע""מ",IL,"קמח תופח מאליו 1 ק""ג",גרמים,1000.00,100 גרם,false,1,9.90,0.9900,true,1,445526
7290000064758,false,קוסקוס בינוני אמיתי אסם 350 ג',"מיוצר ע""י קוד יצרן K",IL,קוסקוס אמיתי בשקית 3,גרמים,350.00,100 גרם,false,1,7.90,2.2571,true,1,442581
7290000064871,false,"אוסם - מנה חמה פירה תפו""א עם בצל 56 גרם","אסם השקעות בע""מ",IL,"מנה חמה פירה תפו""א ו",גרמים,87.00,100 גרם,false,1,6.90,7.9310,true,1,444851
7290000065090,false,מיני קרוטונים למרק ולסלט 400 ג' אסם,עינת תעשיות מזון,IL,מיני קרוטונים למרק 400 גר,גרמים,400.00,100 גרם,false,1,22.90,5.7250,true,1,446167
7290000065391,false,פילה נסיכת הנילוס 10,,,פילה נסיכת הנילוס 100%,קילוגרמים,1.00,"ק""ג",true,,49.90,49.9000,true,1,527579
7290000065557,false,אוסם - מנה חמה קוסקוס עם ירקות 84 גרם,"אסם תעשיות מזון בע""מ",IL,מנה חמה קוסקוס עם יר,גרמים,84.00,100 גרם,false,1,6.90,8.2143,true,1,443557
7290000065599,false,פילה מרלוזה,,,פילה מרלוזה,קילוגרמים,1.00,"ק""ג",true,,39.90,39.9000,true,1,522652
7290000065977,false,חטיפי פריכונים תירס שומשום 80 ג' אוסם,"מיוצר ע""י פרח, משווק",IL,חטיפי פריכונים תירס,גרמים,80.00,100 גרם,false,1,6.90,8.6250,true,1,444198
7290000066189,false,ביסלי גדול בטעם פלאפל 200 ג' אסם,"אסם השקעות בע""מ",IL,ביסלי בטעם פלאפל 200,גרמים,200.00,100 גרם,false,1,7.90,3.9500,true,1,442584
7290000066196,false,ביסלי גדול בטעם גריל 200 ג' אסם,מיוצר עי קונדיטוריית,IL,ביסלי בטעם גריל 200,גרמים,200.00,100 גרם,false,1,7.90,3.9500,true,1,442585
7290000066226,false,ביסלי בטעם פיצה 200 ג' אסם,מיוצר עי קונדיטוריית,IL,ביסלי בטעם פיצה 200,גרמים,200.00,100 גרם,false,1,7.90,3.9500,true,1,442586
7290000066264,false,אוסם - חטיף דובונים 40 גרם,"אסם השקעות בע""מ",IL,היסטרי דובונים חטיף 40גר,גרמים,40.00,100 גרם,false,1,4.90,12.2500,true,1,443070
7290000066295,false,אסם במבה תות מחומרים טבעיים 30גר,מיוצר עי קונדיטוריית,IL,במבה מתוקה מחומרים ט,גרמים,30.00,100 גרם,false,1,2.90,9.6667,true,1,445532
7290000066332,false,אפרופו חטיף אסם 50ג',מיוצר עי קונדיטוריית,IL,"אפרופו 50 ג""ר",גרמים,50.00,100 גרם,false,1,4.90,9.8000,true,1,441908
7290000066349,false,אפרופו גדול אסם 100ג',מיוצר עי קונדיטוריית,IL,"אפרופו 100 ג""ר",גרמים,100.00,100 גרם,false,1,8.90,8.9000,true,1,443564
7290000066431,false,פופקו חטיף תירס בטעם חמאה ודבש 80 גרם,מיוצר עי קונדיטוריית,IL,פופקו חטיף תירס בטעם,גרמים,80.00,100 גרם,false,1,4.90,6.1250,true,1,444853
7290000067407,false,פירורית מתובל שקית 200גר,עינת תעשיות מזון,IL,פירורית מתובלת בשקית,גרמים,200.00,100 גרם,false,1,6.50,3.2500,true,1,444855
7290000067544,false,פירורית זהב שקית 200גר,עינת תעשיות מזון,IL,"פירורית זהב 200 ג""ר",גרמים,200.00,100 גרם,false,1,6.50,3.2500,true,1,443074
7290000067599,false,אוסם - מנה חמה ספגטי רוטב בולנז 65 גרם,"אסם השקעות בע""מ",IL,מנה חמה ספגטי בולונז,גרמים,65.00,100 גרם,false,1,6.90,10.6154,true,1,443568
7290000067735,false,"פסטה פרפקטו ניוקי בצקיות תפו""א 500ג' אסם",גרנדי פסטי,IT,"ניוקי בצקיות מתפו""א",גרמים,500.00,100 גרם,false,1,11.90,2.3800,true,1,446169
7290000068138,false,אסם פודינג אינסטנט וניל 80 גרם,מיוצר עי קונדיטוריית,IL,פודינג אינסטנט בטעם,גרמים,80.00,100 גרם,false,1,5.40,6.7500,true,1,442588
7290000068190,false,ג'לי תות שדה צבע טבעי 85 ג',מיוצר עי קונדיטוריית,IL,"ג""לי בזק בטעם תות שד",גרמים,90.00,100 גרם,false,1,5.90,6.5556,true,1,444858
7290000068206,false,ג'לי משמש אסם צבע טבעי 85 ג',מיוצר עי קונדיטוריית,IL,"ג""לי בזק בטעם משמש צ",גרמים,85.00,100 גרם,false,1,5.90,6.9412,true,1,444203
7290000068237,false,ג'לי פטל צבע טבעי 85ג' אסם,מיוצר עי קונדיטוריית,IL,"ג""לי בזק בטעם פטל צב",גרמים,85.00,100 גרם,false,1,5.90,6.9412,true,1,444859
7290000068251,false,ג'לי אננס אסם צבע טבעי 85 ג',מיוצר עי קונדיטוריית,IL,"ג""לי בזק בטעם אננס צ",גרמים,85.00,100 גרם,false,1,5.90,6.9412,true,1,444860
7290000068343,false,אוסם - פירכונים מאורז מלא 140 גרם,"מיוצר ע""י PT, משווק",IL,פריכונים מאורז מלא 1,גרמים,140.00,100 גרם,false,1,7.90,5.6429,true,1,441912
7290000068701,false,שקדי מרק רכיבים טבע.מיכל 400ג' אסם,"אסם השקעות בע""מ",IL,שקדי מרק רכיבים טבעי,גרמים,400.00,100 גרם,false,1,15.90,3.9750,true,1,443571
7290000069156,false,דלידג פילה סלמון נור,,,פילה דג סלמון קפוא,קילוגרמים,1.00,"ק""ג",true,,89.90,89.9000,true,1,504585
7290000069364,false,פריכונים עגולים אורז דל נתרן אסם 140 גרם,"מיוצר ע""י PT, משווק",IL,פריכונים עגולים אורז,גרמים,140.00,100 גרם,false,1,7.90,5.6429,true,1,444863
7290000069583,false,סטייק סלומון נורבגי,,,סטייק סלומון נורבגי,קילוגרמים,1.00,"ק""ג",true,,69.90,69.9000,true,1,466971
7290000069715,false,אוסם - חטיפי קרקר מלוח 300 גרם,אסם,,חטיפי קרקר טעם מלוח,גרמים,300.00,100 גרם,false,1,10.90,3.6333,true,1,446174
7290000070308,false,אבקת מרק עוף אמיתי במיכל 400 גרם,"אסם השקעות בע""מ",IL,אבקת מרק עוף אמיתי בשרי אסם 400 גר,גרמים,400.00,100 גרם,false,1,19.90,4.9750,true,1,444866
7290000070322,false,אבקת מרק פטריות רכיבים טבעיים אוסם 400 ג',"אסם השקעות בע""מ",IL,אבקת מרק פטריות רכיב,גרמים,400.00,100 גרם,false,1,21.90,5.4750,true,1,445540
7290000070353,false,אבקת מרק בצל רכיבים טבעיים 400 ג' אסם,"אסם השקעות בע""מ",IL,אבקת מרק בצל רכיבים,גרמים,400.00,100 גרם,false,1,21.90,5.4750,true,1,441916
7290000071008,false,אוסם - בייגלה שטוחים מלח 60 גרם,"אסם השקעות בע""מ",IL,בייגלה שטוחים עם מלח,גרמים,80.00,100 גרם,false,1,3.00,3.7500,true,1,443102
7290000072067,false,במבה במילוי קרם חלבה 60ג' אסם,מיוצר עי קונדיטוריית,IL,במבה במילוי קרם חלבה,גרמים,60.00,100 גרם,false,1,4.90,8.1667,true,1,444210
7290000072241,false,אסם רוטב לפיצה בקבוק,"אסם השקעות בע""מ",IL,"רוטב פיצה 290 מ""ל",גרמים,320.00,100 גרם,false,1,10.90,3.4063,true,1,442599
7290000072623,false,אסם קטשופ בקבוק לחיץ,"אסם השקעות בע""מ",IL,קטשופ בקבוק לחיץ 750,גרמים,750.00,100 גרם,false,1,10.90,1.4533,true,1,445544
7290000072753,false,קפה טייסטר צ'ויס קפה מגורען 200ג',נסטלה קוריאה - קפה,IL,"קפה טסטר צ""ויס 200 גר",גרמים,200.00,100 גרם,false,1,29.90,14.9500,true,1,443104
7290000072777,false,קפה טייסטר צ'ויס מגור' נ.קפאין 200ג',נסטלה קוריאה - קפה,IL,"""טסטר צ""ויס"" נטול קו",גרמים,200.00,100 גרם,false,1,39.90,19.9500,true,1,442602
7290000072968,false,דגני בוקר סיני מיניס נסטלה 500 ג',נסטלה פולין דגני בוק,PL,סיני מיניס דגני בוקר 500 גר,גרמים,500.00,100 גרם,false,1,21.90,4.3800,true,1,444872
7290000073125,false,אוסם - מנה חמה פסטה עם עגבניות 62 גרם,"אסם השקעות בע""מ",IL,מנה חמה פסטה עם עגבנ,גרמים,62.00,100 גרם,false,1,6.90,11.1290,true,1,443580
7290000073415,false,אוסם - מנה חמה פסטה ברוטב פיצה 61 גרם,"אסם השקעות בע""מ",IL,מנה חמה פסטה ברוטב פ,גרמים,61.00,100 גרם,false,1,6.90,11.3115,true,1,442605
7290000073699,false,סלט חומוס צבר 150 גר,סלטי צבר,IL,"חומוס ""צבר"" 150 גרם",גרמים,150.00,100 גרם,false,1,4.90,3.2667,true,1,467492
7290000073750,false,אוסם - מנה חמה נודלס בטעם עוף 70 גרם,טאי רזידנט,CN,מנה חמה נודלס - אטרי,גרמים,71.00,100 גרם,false,1,6.90,9.7183,true,1,445546
7290000073767,false,אוסם - מנה חמה נודלס בטעם בקר 70 גרם,טאי רזידנט,CN,מנה חמה נודלס- אטריו,גרמים,71.00,100 גרם,false,1,6.90,9.7183,true,1,446179
7290000073774,false,אוסם - מנה חמה נודלס בטעם פיקנטי 70 גרם,טאי רזידנט,CN,מנה חמה נודלס - אטרי,גרמים,71.00,100 גרם,false,1,6.90,9.7183,true,1,444873
7290000074153,false,ביסקוויט פתיבר שוקו,מיוצר עי קונדיטוריית,IL,"פתי בר שוקו 500 ג""ר",גרמים,500.00,100 גרם,false,1,12.90,2.5800,true,1,441924
7290000074184,false,אוסם - פתי בר בינוני 500 גרם,"אסם השקעות בע""מ",IL,"פתי בר 500 ג""ר",גרמים,500.00,100 גרם,false,1,11.90,2.3800,true,1,444874
7290000074245,false,אוסם - קרם קרקר אסם 250 גרם,"אסם השקעות בע""מ",IL,"קרם קרקר 250 ג""ר",גרמים,250.00,100 גרם,false,1,9.90,3.9600,true,1,444216
7290000074252,false,קרקר אסם שומשום 250 גרם,"אסם השקעות בע""מ",IL,"קרקר שומשום 250 ג""ר",גרמים,250.00,100 גרם,false,1,9.90,3.9600,true,1,443582
7290000074276,false,קרקר פיקנטי טבעון 250 ג' אסם,"אסם השקעות בע""מ",IL,"קרקר פיקנטי 250 ג""ר",גרמים,250.00,100 גרם,false,1,9.90,3.9600,true,1,444217
7290000074375,false,אוסם - קרקר זהב 150 גרם,"אסם השקעות בע""מ",IL,"קרקר זהב 150 ג""ר",גרמים,150.00,100 גרם,false,1,7.90,5.2667,true,1,442606
7290000074481,false,לחמית אגוזים אסם 160 ג',"אסם השקעות בע""מ",IL,לחמית עם אגוזים 160,גרמים,160.00,100 גרם,false,1,9.90,6.1875,true,1,445548
7290000074696,false,"קרם קרקר 1 ק""ג אוסם","אסם השקעות בע""מ",IL,"קרם קרקר 1 ק""ג",קילוגרמים,1.00,"ק""ג",false,1,28.90,28.9000,true,1,444876
7290000074764,false,קרקר זהב אסם 900 גרם,אסם תעשיות,IL,"קרקר זהב 900 ג""ר",גרמים,900.00,100 גרם,false,1,28.90,3.2111,true,1,444878
7290000075204,false,אוסם - לחמית חיטה מלאה 250 גרם,"אסם השקעות בע""מ",IL,לחמית חיטה מלאה 250,גרמים,250.00,100 גרם,false,1,8.90,3.5600,true,1,445552
7290000075693,false,עוגת הבית שמרים בריוש שוקולד 360ג',מיוצר עי קונדיטוריית,IL,עוגת בריוש שוקולד 360 גר,גרמים,360.00,100 גרם,false,1,15.90,4.4167,true,1,441930
7290000076126,false,אוסם - בייגלה שמיניות קטנות 80 גרם,"אסם השקעות בע""מ",IL,בייגלה שמיניות קטנות80גר,גרמים,80.00,100 גרם,false,1,3.00,3.7500,true,1,444879
7290000076133,false,בייגלה שמיניות קטנות 400 גרם אסם,"אסם השקעות בע""מ",IL,בייגלה שמיניות קטנות 400 גר,גרמים,400.00,100 גרם,false,1,9.90,2.4750,true,1,444880
7290000076645,false,אוסם - טוסטעים חיטה מלאה 100 גרם,ון דר מולן האלום,NL,טוסטעים חיטה מלאה 10,גרמים,100.00,100 גרם,false,1,9.90,9.9000,true,1,442609
7290000077017,false,עוגיות קרמוגית וקרם שוקולד אסם 200 גרם,מיוצר עי קונדיטוריית,IL,עוגיות קרמוגית במילו,גרמים,200.00,100 גרם,false,1,9.90,4.9500,true,1,444883
7290000077253,false,אוסם - לחמית כפרית עם דגנים מלאים 190 גרם,"אסם השקעות בע""מ",IL,לחמית כפרית 190 גרם,גרמים,190.00,100 גרם,false,1,9.90,5.2105,true,1,443585
7290000078212,false,קרוטונים מתובלים 250 ג' אסם,עינת תעשיות מזון,IL,קרוטונים מתובלים 250,גרמים,250.00,100 גרם,false,1,14.90,5.9600,true,1,446186
7290000078762,false,אוסם - חטיפי פריכונים מאורז מלא בטעם דבש 80גר,סנורייס בלגיום אן. ו,BE,פריכונים חטיפי אורז,גרמים,80.00,100 גרם,false,1,6.90,8.6250,true,1,441934
7290000079233,false,קרקר קרם דל נתרן 250 ג' אסם,אסם תעשיות,IL,קרם קרקר דל נתרן 250,גרמים,250.00,100 גרם,false,1,9.90,3.9600,true,1,445557
7290000080765,false,טוסטעים פת קלויה עם שומשום 100 ג' אוסם,ון דר מולן האלום,NL,טוסטעים פת קלויה שומ,גרמים,100.00,100 גרם,false,1,9.90,9.9000,true,1,441936
7290000081663,false,בייגלה אסם טבעות שומשום 300 גרם,מיוצר עי קונדיטוריית,IL,בייגלה טבעות עם שומש,גרמים,300.00,100 גרם,false,1,9.90,3.3000,true,1,443117
7290000094530,false,דג בקלה ארוז,,,דג בקלה ארוז,קילוגרמים,1.00,"ק""ג",true,,21.90,21.9000,true,1,509044
7290000094745,false,פילה פורל ים מעושן,,,פילה פורל ים מעושן,קילוגרמים,1.00,"ק""ג",true,,129.90,129.9000,true,1,526819
7290000094882,false,פלאונדר דג סול שלם,,,פלאונדר דג סול שלם,קילוגרמים,1.00,"ק""ג",true,,24.90,24.9000,true,1,526818
7290000100128,false,פירות קפואים תות סנפרוסט 300 ג',סנפרוסט בעמ,IL,תות שדה סנפרוסט קפוא 300 גר,גרמים,300.00,100 גרם,false,1,14.90,4.9667,true,1,504134
7290000100135,false,פירות קפואים דובדבן סנפרוסט 300 ג',סנפרוסט בעמ,IL,דובדבן מתוק סנפרוסט קפוא 300 גר,גרמים,300.00,100 גרם,false,1,14.90,4.9667,true,1,504135
7290000100593,false,פרוסות אנטיפסטי לתנור סנפורסט 600 ג',"סנפרוסט בע""מ",IL,פרוסות אנטיפסטי לתנור סנפרוסט 600 גר,גרמים,600.00,100 גרם,false,1,19.90,3.3167,true,1,511126
7290000100609,false,קוביות אנטי פסטי להקפצה סנפורסט 600 ג',"סנפרוסט בע""מ",IL,קוביות אנטיפסטי להקפצה סנפרוסט 600 גר,גרמים,600.00,100 גרם,false,1,19.90,3.3167,true,1,511127
7290000101927,false,אוכמניות כחולות מוקפאות סנפרוסט 300 ג',"איי, בי, אינבוו",IL,אוכמניות כחולות סנפרוסט קפוא 300 גר,גרמים,300.00,100 גרם,false,1,14.90,4.9667,true,1,492803
7290000101934,false,מיקס פירות יער מוקפאות 300 ג' סנפרוסט,"סנפרוסט בע""מ",IL,פירות יער סנפרוסט קפוא 300 גר,גרמים,300.00,100 גרם,false,1,14.90,4.9667,true,1,492804
7290000101941,false,אננס חתוך מוקפא סנפרוסט 300ג',"סנפרוסט בע""מ",IL,אננס סנפרוסט קפוא 300 גר,גרמים,300.00,100 גרם,false,1,14.90,4.9667,true,1,492802
7290000103365,false,מרק ירקות 550 ג' סנפרוסט,"איי, בי, אינבוו",IL,"מרק ירקות ""סנפרוסט""560 גר",גרמים,550.00,100 גרם,false,12,17.90,3.2545,true,1,468424
7290000103433,false,לקט ירקות לתנור סנפר,"איי, בי, אינבוו",IL,לקט ירקות לתנור 800 גר,גרמים,800.00,100 גרם,false,1,19.90,2.4875,true,1,485566
7290000103471,false,מיני ברוקולי סנפרוסט 600 גר',"סנפרוסט בע""מ",IL,מיני ברוקולי סנפרוסט 600 גר,גרמים,600.00,100 גרם,false,1,17.90,2.9833,true,1,482800
7290000103730,false,לקט להקפצה עם פסטה פוזילי סנפרוסט 800 ג',"איי, בי, אינבוו",IL,לקט להקפצה עם פסטה פ,גרמים,800.00,100 גרם,false,1,19.90,2.4875,true,1,446189
7290000103815,false,סנפרוסט לקט להקפצה תאילנדי 800 גר,"סנפרוסט בע""מ",IL,לקט להקפצה תאילנדי,גרמים,800.00,100 גרם,false,1,19.90,2.4875,true,1,467245
7290000103839,false,מרק כתום קפוא 570 ג' סנפרוסט,"סנפרוסט בע""מ",IL,"מרק כתום ""סנפרוסט"" 5",גרמים,570.00,100 גרם,false,12,15.90,2.7895,true,1,441394
7290000103839,false,מרק כתום קפוא 570 ג' סנפרוסט,"סנפרוסט בע""מ",IL,"מרק כתום ""סנפרוסט"" 5",גרמים,570.00,100 גרם,false,12,17.90,3.1404,true,1,516091
7290000103846,false,מרק אפונה 570 ג' סנפרוסט,"סנפרוסט בע""מ",IL,"מרק אפונה ""סנפרוסט""",גרמים,570.00,100 גרם,false,12,15.90,2.7895,true,1,441182
7290000103846,false,מרק אפונה 570 ג' סנפרוסט,"סנפרוסט בע""מ",IL,"מרק אפונה ""סנפרוסט""",גרמים,570.00,100 גרם,false,12,17.90,3.1404,true,1,515770
7290000103860,false,מרק עדשים קפוא 570 ג' סנפרוסט,"איי, בי, אינבוו",IL,"מרק עדשים ""סנפרוסט""",גרמים,570.00,100 גרם,false,12,15.90,2.7895,true,1,441183
7290000103860,false,מרק עדשים קפוא 570 ג' סנפרוסט,"איי, בי, אינבוו",IL,"מרק עדשים ""סנפרוסט""",גרמים,570.00,100 גרם,false,12,17.90,3.1404,true,1,516090
7290000103877,false,מרק שעועית קפוא 640 ג' סנפרוסט,"סנפרוסט בע""מ",IL,"מרק שעועית ""סנפרוסט""",גרמים,640.00,100 גרם,false,12,15.90,2.4844,true,1,441128
7290000103877,false,מרק שעועית קפוא 640 ג' סנפרוסט,"סנפרוסט בע""מ",IL,"מרק שעועית ""סנפרוסט""",גרמים,640.00,100 גרם,false,12,17.90,2.7969,true,1,516089
7290000104072,false,עדשים ירוקות מבושלות מוקפאות 800 ג' סנפרוסט,"איי, בי, אינבוו",IL,עדשים ירוקות מבושלות,גרמים,800.00,100 גרם,false,1,17.90,2.2375,true,1,444226
7290000104201,false,סנפרוסט אפונה עדינה,"איי, בי, אינבוו",IL,"אפונה עדינה 600 ג""ר",גרמים,600.00,100 גרם,false,1,17.90,2.9833,true,1,441937
7290000104676,false,אפונה קפואה סנפרוסט 800 גרם,"איי, בי, אינבוו",IL,"אפונת גינה 800 ג""ר",גרמים,800.00,100 גרם,false,1,17.90,2.2375,true,1,443119
7290000104683,false,שעועית שלמה 800 ג' סנפרוסט,"סנפרוסט בע""מ",IL,שעועית ירוקה שלמה 80,גרמים,800.00,100 גרם,false,1,17.90,2.2375,true,1,443592
7290000104690,false,תירס גרעינים 800 ג' סנפרוסט,"איי, בי, אינבוו",IL,"גרעיני תירס 800 ג""ר",גרמים,800.00,100 גרם,false,1,17.90,2.2375,true,1,446190
7290000104706,false,גזר גמדי סנפרוסט 800ג',"סנפרוסט בע""מ",IL,"גזר גמדי 800 גר""",גרמים,800.00,100 גרם,false,1,15.90,1.9875,true,1,446191
7290000104713,false,פול ירוק סנפרוסט 800 ג',"איי, בי, אינבוו",IL,"פול ירוק 800 גר""",גרמים,800.00,100 גרם,false,1,21.90,2.7375,true,1,446192
7290000104720,false,שעועית ירוקה סנפרוסט 800ג',"סנפרוסט בע""מ",IL,שעועית ירוקה חתוכה 8,גרמים,800.00,100 גרם,false,1,15.90,1.9875,true,1,444892
7290000104737,false,שעועית צהובה חתוכה 800 ג' סנפרוסט,"סנפרוסט בע""מ",IL,שעועית צהובה חתוכה 8,גרמים,800.00,100 גרם,false,1,17.90,2.2375,true,1,446193
7290000104744,false,כרובית סנפרוסט 800גר,"סנפרוסט בע""מ",IL,כרובית קפואה,גרמים,800.00,100 גרם,false,1,21.90,2.7375,true,1,443593
7290000104751,false,כרוב ניצנים סנפרוסט 800 גרם,"איי, בי, אינבוו",IL,"כרוב ניצנים 800 גר""",גרמים,800.00,100 גרם,false,1,21.90,2.7375,true,1,443120
7290000104768,false,תרד עלים סנפרוסט 800 ג ',"איי, בי, אינבוו",IL,עלי תרד מוקפאים 800 גר,גרמים,800.00,100 גרם,false,1,21.90,2.7375,true,1,443121
7290000104775,false,תרד מדליונים סנפרוסט,"איי, בי, אינבוו",IL,מדליוני תרד 800 גר,גרמים,800.00,100 גרם,false,1,23.90,2.9875,true,1,480186
7290000104805,false,גרגירי חומוס קפוא 800 ג' סנפרוסט,"איי, בי, אינבוו",IL,גרגירי חומוס קפוא 80,גרמים,800.00,100 גרם,false,1,17.90,2.2375,true,1,444893
7290000104829,false,"קלחוני תירס 1 ק""ג סנפרוסט","סנפרוסט בע""מ",IL,"קלחוני תירס 1 ק""""ג",גרמים,1000.00,100 גרם,false,1,19.90,1.9900,true,1,445562
7290000104836,false,שעועית עדינה שלמה סנפרוסט 600ג',"סנפרוסט בע""מ",IL,שעועית עדינה שלמה 60,גרמים,600.00,100 גרם,false,1,21.90,3.6500,true,1,441938
7290000104874,false,ירקות לקוסקוס של אמא סנפרוסט 800ג',"סנפרוסט בע""מ",IL,"לקט לקוסקוס 800 גר""",גרמים,800.00,100 גרם,false,1,19.90,2.4875,true,1,444894
7290000104881,false,אפונה וגזר קפוא סנפרוסט 800ג',"איי, בי, אינבוו",IL,"אפונה וגזר 800 ג""ר",גרמים,800.00,100 גרם,false,1,15.90,1.9875,true,1,446194
7290000104911,false,לקט נורמנדי סנפרוסט 800ג',"איי, בי, אינבוו",IL,"לקט נורמנדי 800 ג""ר",גרמים,800.00,100 גרם,false,1,17.90,2.2375,true,1,443594
7290000106526,false,ירקות מעורבים מוקפאים חגיגה ירוקה להקפצה,"איי, בי, אינבוו",IL,חגיגה ירוקה להקפצה 800 גר,גרמים,800.00,100 גרם,false,12,19.90,2.4875,true,1,506701
7290000107165,false,פולי סויה אדממה סנפרוסט 400 ג',"איי, בי, אינבוו",IL,פולי סויה בתרמיל 400,גרמים,400.00,100 גרם,false,1,13.90,3.4750,true,1,442617
7290000107189,false,תחתיות ארטישוק סנפרוסט 400גר,"איי, בי, אינבוו",IL,תחתיות ארטישוק 400 ג,גרמים,400.00,100 גרם,false,1,21.90,5.4750,true,1,445563
7290000107295,false,תפרחות ברוקולי סנפרוסט 800 ג',"איי, בי, אינבוו",IL,תפרחות ברוקולי 800 ג,גרמים,800.00,100 גרם,false,1,21.90,2.7375,true,1,441940
7290000107622,false,פסטה וירקות א-לה איטליה סנפרוסט 800 ג',"איי, בי, אינבוו",IL,פסטה וירקות איטליה,גרמים,800.00,100 גרם,false,12,19.90,2.4875,true,1,506703
7290000110844,false,"כיפלי גריל בד""צ תלמה 70 ג'",יוניליור ישראל מזון,IL,"כיפלי גריל 70 ג""ר בד",גרמים,70.00,100 גרם,false,1,4.90,7.0000,true,1,443596
7290000110851,false,"כיפלי בצל בד""צ תלמה 70 ג'",אתר שפע - Food,IL,"כיפלי בצל 70 ג""ר בד""",גרמים,70.00,100 גרם,false,1,4.90,7.0000,true,1,442620
7290000111063,false,מיונז אמיתי תלמה 250 ג',יוניליוור ישראל מזון,IL,"מיונז תלמה 250 ג""ר",גרמים,250.00,100 גרם,false,1,6.90,2.7600,true,1,445564
7290000111117,false,מרכך כביסה לבן 4 ל' בדין,יוניליור ישראל טיפוח,IL,מרכך כביסה בדין לבן,ליטרים,4.00,ליטר,false,1,19.90,4.9750,true,1,444898
7290000111186,false,מיונז אמיתי תלמה 500 ג',יוניליוור ישראל מזון,IL,"מיונז תלמה 500 ג""ר",גרמים,500.00,100 גרם,false,1,9.90,1.9800,true,1,442621
7290000111353,false,"מיונז אמיתי תלמה 1 ק""ג",יוניליוור ישראל מזון,IL,"מיונז ""תלמה"" 1 ק""ג",קילוגרמים,1.00,"ק""ג",false,1,16.90,16.9000,true,1,443597
7290000111360,false,חרדל אמיתי 250 ג' תלמה,יוניליוור ישראל מזו,IL,חרדל תלמה 250 גר,גרמים,250.00,100 גרם,false,1,5.90,2.3600,true,1,445567
7290000111384,false,חרדל אמיתי בצנצנת 550 ג' תלמה,יוניליוור ישראל מזו,IL,"חרדל ""תלמה"" 550 ג""ר",גרמים,550.00,100 גרם,false,1,8.90,1.6182,true,1,444229
7290000112220,false,טחינה גולמית 100%בארכה 500ג',רושדי תעשיות מזון בע,IL,טחינה בארכה שומשום 100% 500 גר,גרמים,500.00,100 גרם,false,1,13.90,2.7800,true,1,444900
7290000112237,false,"בארכה טחינה גולמית, 1 ק""ג",רושדי תעשיות מזון בע,IL,"טחינה בארכה שומשום 100% 1 ק""ג",קילוגרמים,1.00,"ק""ג",false,1,26.90,26.9000,true,1,446195
7290000112497,false,מרק עשיר עוף עם אטריות 68 ג' קנור,יוניליוור ישראל מזון,IL,מרק עוף עם איטריות 6,גרמים,75.00,100 גרם,false,1,9.90,13.2000,true,1,444231
7290000112503,false,מרק עשיר ירקות 61 ג' קנור,יוניליוור ישראל מזון,IL,"מרק עשיר ירקות 61 ג""",גרמים,69.00,100 גרם,false,1,9.90,14.3478,true,1,446196
7290000112619,false,מרק עוף לתיבול והעשרה קנור 400 ג',יוניליוור ישראל מזון,IL,"קנור מרק עוף 400 ג""ר",גרמים,400.00,100 גרם,false,1,14.90,3.7250,true,1,446197
7290000114187,false,תרכיז ניקוי רב תכליתי בניחוח אורנים,סיף פנטסטיק Cif Fantastic,IL,"""סיף פנטסטיק"" לניקוי",ליטרים,4.00,ליטר,false,1,19.90,4.9750,true,1,442626
7290000116204,false,"אבקת מרק דגש בטעם עוף 1ק""ג קנור",יוניליוור ישראל מזון,IL,"מרק דגש ""תלמה"" בטעם",קילוגרמים,1.00,"ק""ג",false,1,14.90,14.9000,true,1,443127
7290000116884,false,רוטב ברביקיו 350 ג' קנור,יוניליוור ישראל מזון,IL,"רוטב ברביקיו 350 ג""ר",גרמים,350.00,100 גרם,false,1,10.90,3.1143,true,1,443128
7290000116921,false,רוטב צ'ילי מתוק 370ג'12x קנור,יוניליוור ישראל מזון,IL,"רוטב צ""ילי מתוק 300 מ""ל",גרמים,370.00,100 גרם,false,1,10.90,2.9459,true,1,444238
7290000116945,false,קנור סויה קלאסי בדצ 350ג PAL,יוניליוור ישראל מזון,IL,רוטב סויה קנור 340 ג,מיליליטרים,300.00,"100 מ""ל",false,1,10.90,3.6333,true,1,444239
7290000117171,false,נמס בכוס בטעם עוף דל 48 ג' קנור,יוניליוור ישראל מזון,IL,מרק טעם עוף דל קל 48,גרמים,48.00,100 גרם,false,1,6.90,14.3750,true,1,445571
7290000117720,false,קנור - נמס בכוס זוג פטריות 21.50 גרם * 2,יוניליוור ישראל מזון,IL,נמס בכוס פטריות שקית,גרמים,43.00,100 גרם,false,1,6.90,16.0465,true,1,444908
7290000118277,false,כופתאות מצה להכנת מהירה 65 ג' קנור,יוניליוור ישראל מזון,IL,"קניידלך ""קנור"" 65 ג""",גרמים,130.00,100 גרם,false,1,9.90,7.6154,true,1,442631
7290000120836,false,הלמנס מיונז אמיתי 394גר ADR,קונפקו אינק' די.בי.א,CA,"מיונז הלמנס 394 ג""ר",גרמים,394.00,100 גרם,false,1,9.90,2.5127,true,1,442632
7290000120874,false,מיונז הלמנס לייט מופחת קלוריות 424ג,"שד' קילבורן 2816, שי",US,מיונז הלמנס לייט 424,גרמים,424.00,100 גרם,false,1,9.90,2.3349,true,1,443604
7290000121017,false,גבינה מותכת 7% שומרון 120 גרם,שלושת האופים,IL,"גבינת ""שומרון"" 120 ג",גרמים,120.00,100 גרם,false,1,11.90,9.9167,true,1,443132
7290000121031,false,גבינה מותכת 14% למריחה 120ג' החתול,שלושת האופים,IL,"גבינת ""חתול"" 120 ג""ר",גרמים,120.00,100 גרם,false,1,11.90,9.9167,true,1,441950
7290000121079,false,גבינה מון בלאן 9% שום שמיר 120ג',שלושת האופים,IL,"גבינת ""מון בלאן שמיר",גרמים,120.00,100 גרם,false,1,11.90,9.9167,true,1,443605
7290000121093,false,גבינה מון בלאן שוויצרית 120ג',האי נאם סי או אל.טי.,IL,"גבינת ""מון בלאן שווי",גרמים,120.00,100 גרם,false,1,11.90,9.9167,true,1,442634
7290000121109,false,"גבינת מון בלאן זיתים, 120 ג'",האי נאם סי או אל.טי.,IL,"גבינת ""מון בלאן זיתי",גרמים,120.00,100 גרם,false,1,11.90,9.9167,true,1,443133
7290000121147,false,גבינה מון בלאן לייט 7% פיקנטי 120ג',"שלושת האופים בע""מ",IL,"גבינת ""מון בלאן פיקנ",גרמים,120.00,100 גרם,false,1,11.90,9.9167,true,1,444243
7290000121154,false,"גבינת מון בלאן סלמון, 120 ג'",האי נאם סי או אל.טי.,IL,"גבינת ""מון בלאן סלומ",גרמים,120.00,100 גרם,false,1,11.90,9.9167,true,1,446206
7290000121239,false,מיוקל 5% שומן ללא כולסטרול 500 ג',יוניליוור ישראל מזון,IL,מיוקל 5% שומן ללא כו,גרמים,500.00,100 גרם,false,1,12.90,2.5800,true,1,444244
7290000122830,false,רוטב מקסיקני 370 ג' קנור,מיוצר עי קונדיטוריית,IL,"רוטב קנור סצ""ואן בקב",גרמים,370.00,100 גרם,false,1,10.90,2.9459,true,1,443136
7290000123363,false,צמקאו לאכילה ציפוי ואפייה 500 גרם,אתר צפת ממרחים וצימא,IL,"צימקאו 500 ג""ר",גרמים,500.00,100 גרם,false,1,11.90,2.3800,true,1,444909
7290000124841,false,שוקולד חלב שלישייה כשלפ 300 גר',יוניליוור ישראל מזון,IL,מאגדת שוקולד חלב ורד הגליל 100 ג שלישייה,גרמים,300.00,100 גרם,false,1,13.90,4.6333,true,1,445578
7290000125251,false,שמפו לכביסה עדינה לב,"זוהר דליה, קיבוץ דלי",IL,"שמפו ""בדין"" לכביסה ע",ליטרים,2.00,ליטר,false,1,23.90,11.9500,true,1,445579
7290000129457,false,אבקת רוטב פטריות קנור 28 ג' שקית,יוניליוור ישראל מזון,IL,רוטב פטריות קנור 28 גר,גרמים,28.00,100 גרם,false,1,3.90,13.9286,true,1,443616
7290000129785,false,מרכך כביסה ירוק 4 ל' בדין,יוניליוור,IL,מרכך כביסה בדין ירוק,ליטרים,4.00,ליטר,false,1,19.90,4.9750,true,1,443141
7290000133484,false,פילה דג סלמון קפוא,,,פילה דג סלמון קפוא,קילוגרמים,1.00,"ק""ג",true,,89.90,89.9000,true,1,500858
7290000133645,false,אורביטול משחת שיניים סודה שלישיה* 145 ג',טרופיקל דגיל,IL,אורביטול משחת שיניים,גרמים,435.00,100 גרם,false,1,17.90,4.1149,true,1,443143
7290000135045,false,"משקה אנרגיה XL TEN תפוח 250 מ""ל","טמפו משקאות בע""מ",IL,משקה אנרגיה XL ten תפוח,מיליליטרים,250.00,"100 מ""ל",false,24,4.20,1.6800,true,1,505366
7290000135052,false,"משקה אנרגיה XL TEN מנגו 250 מ""ל","טמפו משקאות בע""מ",IL,משקה אנרגיה XL ten מנגו,מיליליטרים,250.00,"100 מ""ל",false,24,4.20,1.6800,true,1,505365
7290000135113,false,"משקה אנרגיה XL פחית ten נענע ליים 250 מ""ל",טמפו,IL,"משקה אנרגיה XL TEN נענע ליים 250 מ""ל",מיליליטרים,250.00,"100 מ""ל",false,24,4.20,1.6800,true,1,510041
7290000135311,false,פפסי מקס ליים 1.5 ליטר בודד,"טמפו משקאות בע""מ",IL,פפסי מקס ליים 1.5 ליטר,ליטרים,1.50,ליטר,false,12,7.90,5.2667,true,1,512742
7290000135342,false,"מי סודה טמפו בקבוק 500 מ""ל",Unknown,,מי סודה טמפו 500 מל,מיליליטרים,500.00,"100 מ""ל",false,1,2.90,0.5800,true,1,518417
7290000135465,false,"מי סודה 500 מ""ל - מארז 12 בקבוקים",טמפו,IL,מי סודה טמפו 500 מל תריסר,ליטרים,6.00,ליטר,false,1,27.90,4.6500,true,1,518416
7290000135595,false,פפסי מקס בטעם דובדבן 1.5 ליטר,"איי, בי, אינבוו",IL,פפסי מקס דובדבן 1.5 ליטר,ליטרים,1.50,ליטר,false,1,7.90,5.2667,true,1,518249
7290000135984,false,ערק נח 700 מל,,,ערק נח 700 מל,מיליליטרים,700.00,"100 מ""ל",false,1,99.90,14.2714,true,1,524171
7290000136257,false,פאנק טוניק גזוז בטעם פירות,טמפו,,פאנק טוניק טמפו 1.5 ל,ליטרים,1.50,ליטר,false,1,10.90,7.2667,true,1,522079
7290000136264,false,מי טוניק גזוז 1.5 ל' טמפו,טמפו,IL,מי טוניק טמפו 1.5 ל,ליטרים,1.50,ליטר,false,1,10.90,7.2667,true,1,522078
7290000136431,false,משקה בטעם אפרסק צלול תריסר 1.5 ל' ג'אמפ,ג'אמפ,,גאמפ אפרסק 1.5 ל,ליטרים,1.50,ליטר,false,1,7.90,5.2667,true,1,522087
7290000136523,false,משקה בטעם ענבים תריסר 1.5 ל' ג'אמפ,ג'אמפ,IL,גאמפ ענבים 1.5 ל,מיליליטרים,1500.00,"100 מ""ל",false,1,7.90,0.5267,true,1,522083
7290000136561,false,משקה בטעם תות בננה תריסר 1.5 ל' ג'אמפ,ג'אמפ,IL,גאמפ תות בננה 1.5 ל,מיליליטרים,1500.00,"100 מ""ל",false,1,7.90,0.5267,true,1,522084
7290000136585,false,משקה בטעם תפוזים תריסר 1.5 ל' ג'אמפ,ג'אמפ,IL,משקה גאמפ תפוז 1.5 ל,ליטרים,1.50,ליטר,false,1,7.90,5.2667,true,1,522081
7290000136608,false,משקה בטעם תפוח צלול תריסר 1.5 ל' ג'אמפ,ג'אמפ,IL,גאמפ תפוח 1.5 ל,ליטרים,1.50,ליטר,false,1,7.90,5.2667,true,1,522086
7290000136646,false,משקה מאלט תריסר 1.5 ל' נשר,טמפו,IL,בירה נשר מאלט 1.5 ל,ליטרים,1.50,ליטר,false,1,9.50,6.3333,true,1,522076
7290000136653,false,משקה מאלט דיאט תריסר 1.5 ל' נשר,טמפו,IL,בירה נשר מאלט דיאט 1.5 ל,ליטרים,1.50,ליטר,false,1,9.50,6.3333,true,1,522077
7290000136660,false,סודה טמפו ליטר וחצי,טמפו,IL,מי סודה 1.5 ל,ליטרים,1.50,ליטר,false,1,3.90,2.6000,true,1,522521
7290000136677,false,פפסי קולה פיקדון 1.5 ליטר,טמפו,IL,פפסי קולה 1.5 ל,ליטרים,1.50,ליטר,false,1,7.90,5.2667,true,1,522528
7290000136684,false,פפסי מקס פיקדון 1.5 ליטר,טמפו,IL,פפסי מקס 1.5 ל,ליטרים,1.50,ליטר,false,1,7.90,5.2667,true,1,522529
7290000136707,false,מירינדה בקבוק 1.5 לי,טמפו,IL,מירינדה 1.5 ל,ליטרים,1.50,ליטר,false,1,7.90,5.2667,true,1,522520
7290000136752,false,סבן אפ דיאט מארז שישייה 1.5 ל' FREE,"טמפו משקאות בע""מ",IL,סבן אפ דיאט 1.5 ל שישיה,ליטרים,9.00,ליטר,false,1,39.90,4.4333,true,1,522070
7290000136769,false,מארז שישיה בטעם קולה 1.5 ל' פפסי,פפסי Pepsi,IL,פפסי קולה 1.5 ל שישיה,ליטרים,9.00,ליטר,false,1,39.90,4.4333,true,1,522073
7290000136776,false,מארז פפסי מקס שישיה 1.5ל',פפסי Pepsi,IL,פפסי מקס 1.5 ל שישיה,ליטרים,9.00,ליטר,false,1,39.90,4.4333,true,1,522074
7290000136790,false,מארז סודה שישייה 1.5 ל' טמפו,טמפו,IL,מי סודה טמפו 1.5 ל שישיה,ליטרים,9.00,ליטר,false,1,15.90,1.7667,true,1,522065
7290000136844,false,מארז מים מזוככים אקווה נובה שישיית 2 ליטר,אקווה נובה Aqua Nova,IL,מים מזוככים אקווה נובה 2 ל שישיה,ליטרים,12.00,ליטר,false,1,11.90,0.9917,true,1,522061
7290000136851,false,סבן אפ פיקדון 1.5 ליטר,טמפו,IL,סבן אפ 1.5 ל,ליטרים,1.50,ליטר,false,1,7.90,5.2667,true,1,522527
7290000136868,false,שישיית מים מינרלים סאן בנדטו,סאן בנדטו San Benedetto,IL,מים מינרליים סאן בנדטו 1.5 ל שישיה,ליטרים,9.00,ליטר,false,1,18.90,2.1000,true,1,522062
7290000136875,false,מארז מים מינרלים מוגז 6* 1.5 ל' סאן בנדטו,סאן בנדטו San Benedetto,IL,מים מינרליים מוגזים סאן בנאדטו 1.5 ל שיש,ליטרים,9.00,ליטר,false,1,18.90,2.1000,true,1,522064
7290000136899,false,סודה לימון ליים 1.5 ל' טמפו,טמפו,,סודה טמפו לימון ליים 1.5 ל,ליטרים,1.50,ליטר,false,1,3.90,2.6000,true,1,522522
7290000136905,false,סודה נגיעות אננס 1.5,,,סודה טמפו אננס 1.5 ל,ליטרים,1.50,ליטר,false,1,3.90,2.6000,true,1,522523
7290000136912,false,"סודה פירות יער, 1.5 ל' טמפו",,,סודה טמפו פירות יער 1.5 ל,ליטרים,1.50,ליטר,false,1,3.90,2.6000,true,1,522524
7290000136936,false,סבן אפ דיאט בקבוק 1.,טמפו,IL,סבן אפ דיאט 1.5 ל,ליטרים,1.50,ליטר,false,1,7.90,5.2667,true,1,522526
7290000137513,false,גלידונית גלידה וניל בציפוי שוקולד 60 יח' קרמיסימו,"גלידת שטראוס בע""מ, ר",IL,גלידונית וניל בציפוי,גרמים,700.00,100 גרם,false,1,44.90,6.4143,true,1,446213
7290000137643,false,מאגדת שלגוני טעמקור 8 יח' שטראוס,"גלידת שטראוס בע""מ, ר",IL,גלידה טעמקור 8 יח,גרמים,416.00,100 גרם,false,1,29.90,7.1875,true,1,445587
7290000140153,false,פילה מקרל בעישון חם,,,פילה מקרל בעישון חם עם תבלינים,קילוגרמים,1.00,"ק""ג",true,,119.00,119.0000,true,1,527738
7290000140580,false,פילה מקרל בעישון חם,,,פילה מקרל בעישון חם עם גבינה,קילוגרמים,1.00,"ק""ג",true,,119.00,119.0000,true,1,525321
7290000141006,false,פילה דיונון בעישון ח,,,פילה דיונון בעישון חם קפוא,קילוגרמים,1.00,"ק""ג",true,,129.00,129.0000,true,1,527271
7290000144160,false,שמן זית כתית מעולה ארומתי מודגש 750מל,"מרקאולאו, ספרד.אבסה,",IT,שמן זית בטעם מודגש 750 מל,מיליליטרים,750.00,"100 מ""ל",false,1,29.90,3.9867,true,1,443624
7290000144467,false,שמן חמניות מועשר בנוגדי חמצון 1 ל' עץ הזית,"נארז ע""י : א.ג. גילר",GR,שמן חמניות בריאות 1 ל,ליטרים,1.00,ליטר,false,1,15.90,15.9000,true,1,446218
7290000144474,false,שמן קנולה בריאות מהטבע 1 ליטר,שמן תעשיות,EE,שמן קנולה בריאות מהטבע 1 ל,ליטרים,1.00,ליטר,false,1,15.90,15.9000,true,1,444251
7290000148380,false,פיסטוקים קלויים קליי,"ג'י אנד ג'י בע""מ",IL,פיסטוק קלוי 200גר,גרמים,200.00,100 גרם,false,1,19.90,9.9500,true,1,444255
7290000148489,false,גרעיני דלעת קלית גת 200 ג',"ג'י אנד ג'י בע""מ",IL,"גרעיני דלעת 200 ג""ר",גרמים,200.00,100 גרם,false,1,9.90,4.9500,true,1,444929
7290000148748,false,גרעיני חמניה קלית גת 200 ג',"ג'י אנד ג'י בע""מ",IL,"גרעיני חמנייה 200 ג""",גרמים,200.00,100 גרם,false,1,5.90,2.9500,true,1,444256
7290000148939,false,שקדים קלויים קלית גת 200 ג',"ג'י אנד ג'י בע""מ",IL,"שקדים קלויים 200 ג""ר",גרמים,200.00,100 גרם,false,1,19.90,9.9500,true,1,445597
7290000149844,false,סנו - סינטבון סבון רב שימושי,סנו,,סבון סינטבון,גרמים,230.00,100 גרם,false,1,7.90,3.4348,true,1,443150
7290000149905,false,טקסטיל שמפו לכביסה ביד 1 ליטר,מיוצר עי קונדיטוריית,IL,שמפו טקסטיל נוזלי,ליטרים,1.00,ליטר,false,1,14.90,14.9000,true,1,444930
7290000153445,false,קציצות בקר מתובלות עוף טוב 500 ג',מולינו ניקולי s.p.a,IL,קציצות בקר מתובלות 6,גרמים,600.00,100 גרם,false,1,24.90,4.1500,true,1,443152
7290000153469,false,עוף טוב קציצות עוף קלאסיות 600 גר',מוצרי עוף טוב (2001),IL,קציצות עוף קלאסיות 6,גרמים,600.00,100 גרם,false,1,24.90,4.1500,true,1,446221
7290000158105,false,שניצל עוף מיני דינוזאור 700גר',מוצרי עוף טוב (2001),IL,"שניצל דינוזאור ""עוף טוב"" 700 גר",גרמים,700.00,100 גרם,false,1,29.90,4.2714,true,1,467528
7290000161358,false,מיונז אמיתי משמן קנולה 500 ג' תלמה,אתר חיפה ממרחים,,מיונז אמיתי משמן קנו,גרמים,500.00,100 גרם,false,1,13.90,2.7800,true,1,445607
7290000166605,false,סיף פנטסטיק ניקיון כללי יסמין 4ליטר,סיף פנטסטיק Cif Fantastic,IL,"""סיף פנטסטיק"" לניקוי",Unknown,0.00,Unknown,false,1,19.90,0.0000,true,1,468056
7290000168173,false,ברנפלקס קרנצים 375 ג' תלמה,יוניליור ישראל מזון,IL,"ברנפלקס קרנצ""ים 375 גר",גרמים,375.00,100 גרם,false,1,19.90,5.3067,true,1,470000
7290000169538,false,"נמס בכוס עגבניות וקרוטונים מרק כשרות בד""ץ 62 ג' קנור",יוניליוור ישראל מזון,IL,נמס בכוס עגבניות וקרוטונים 62 גר,גרמים,62.00,100 גרם,false,1,6.90,11.1290,true,1,471884
7290000169798,false,"עוגי מופחת סוכר 20% פצפוצי שוקו' 500ג' בד""צ",יוניליוור שפע ישראל,IL,"דגני בוקר ""עוגי"" מופחת סוכר 500 גר",גרמים,500.00,100 גרם,false,1,18.90,3.7800,true,1,472706
7290000170053,false,שוקולד פרה 100 ג' חלב.,"תופינית בע""מ",IL,"שוקולד ""פרה"" חלב",גרמים,100.00,100 גרם,false,1,5.50,5.5000,true,1,446234
7290000174723,false,אבקת שוקולית עלית קופסא 500ג',הנסיך- מפעל לייצור ט,IL,"שוקולית 500 ג""ר",גרמים,500.00,100 גרם,false,1,11.90,2.3800,true,1,445614
7290000176079,false,קפה טורקי עם היל עלית 100 ג',הנסיך- מפעל לייצור ט,IL,קפה טורקי עם הל,גרמים,100.00,100 גרם,false,1,8.90,8.9000,true,1,444951
7290000176116,false,"קפה טורקי עלית וואקום 1 ק""ג",הנסיך- מפעל לייצור ט,IL,"קפה טורקי ואקום 1 ק""",קילוגרמים,1.00,"ק""ג",false,1,79.90,79.9000,true,1,446238
7290000176147,false,קפה מוקה קלוי מס1 עלית 500ג',ELITE CAFE SP. ZO.O,PL,מוקה פילטר 500 גר,גרמים,500.00,100 גרם,false,12,49.90,9.9800,true,1,444953
7290000176413,false,קפה נמס אבקתי עלית 5,הנסיך- מפעל לייצור ט,IL,עלית קפה נמס אבקתי 50גר,גרמים,50.00,100 גרם,false,1,9.90,19.8000,true,1,445616
7290000176420,false,קפה נמס אבקתי 200ג עלית,שטראוס קפה בי.וי,IL,קפה נמס עלית 200 גר,גרמים,200.00,100 גרם,false,1,19.90,9.9500,true,1,443162
7290000176468,false,קפה נמס נטול קפאין 50 ג' קפה האג,"איי, בי, אינבוו",IL,קפה נמס האג נטול קפא,גרמים,50.00,100 גרם,false,1,10.90,21.8000,true,1,443645
7290000178707,false,חטיף תפוציפס טבעי 50,"שטראוס פריטו ליי בע""",IL,"תפוצ""יפס מלוח 50 גר""",גרמים,50.00,100 גרם,false,1,3.90,7.8000,true,1,444954
7290000178721,false,חטיף תפוציפס טבעי 20,"שטראוס פריטו ליי בע""",IL,"תפוצ""יפס 200 גר""",גרמים,200.00,100 גרם,false,1,10.90,5.4500,true,1,444276
7290000185224,false,סילאן בקבוק לחיץ תמר,,,סילאן בקבוק לחיץ 650 גר,גרמים,650.00,100 גרם,false,1,14.90,2.2923,true,1,499844
7290000185330,false,סילאן טבעי תמר כנרת,,,סילאן טבעי 900 גר,גרמים,900.00,100 גרם,false,1,21.90,2.4333,true,1,499846
7290000185590,false,סילאן טבעי לחיץ כנרת 650 גר',,,סילאן טבעי לחיץ 650 גר,גרמים,650.00,100 גרם,false,1,19.90,3.0615,true,1,517742
7290000186030,false,מגבונים לחים האגיס ב,עלבד,IL,מגבונים לחים האגיס בתוספת תחליב רביעייה,Unknown,0.00,Unknown,false,1,26.90,0.0000,true,1,490308
7290000186535,false,נייר טואלט טריו לבן 32 גלילים לילי,קימברלי קלארק ישראל,IL,נייר טואלט לילי טריו לבן 32גל,יחידה,1.00,יחידה,false,1,42.90,42.9000,true,1,476440
7290000187860,false,מגבוני טואלט לחים לילי דיספנסר 40יח',עלבד משואות יצחק בעמ,IL,"נייר טואלט ""לילי"" לח",Unknown,0.00,Unknown,false,1,7.90,0.0000,true,1,443885
7290000187921,false,נייר טואלט לבן 32 גלילים לילי,קימברלי קלארק ישראל,IL,"נייר טואלט ""לילי"" לב",יחידה,1.00,יחידה,false,1,39.90,39.9000,true,1,444277
7290000187938,false,נייר טואלט פסטל 32 גלילים לילי,קימברלי קלארק,IL,"נייר טואלט ""לילי"" פס",יחידה,1.00,יחידה,false,1,39.90,39.9000,true,1,443166
7290000187952,false,נייר טואלט טריו לילי פרימיום 32גליל,קימברלי קלארק,IL,"נייר טואלט ""לילי"" טר",Unknown,0.00,Unknown,false,1,42.90,0.0000,true,1,444278
7290000188553,false,קוטקס - מגן תחתון סילק נורמל 60 יח',קימברלי קלארק,CN,"מגיני תחתון ""קוטקס""",Unknown,0.00,Unknown,false,1,17.90,0.0000,true,1,444282
7290000188591,false,קוטקס - מגן תחתון סילק יאנג 60 יח',קימברלי קלארק,CN,"מגיני תחתון ""קוטקס""",Unknown,0.00,Unknown,false,1,17.90,0.0000,true,1,444957
7290000189116,false,ניקול תבניות אלומניום עגולות 5 יח',בראבו,CN,תבניות ניקול אינגליש קייק 6יח,יחידה,5.00,יחידה,false,1,10.90,2.1800,true,1,478087
7290000189192,false,מגבת רב שימושית סופר ניקול 64 דף,קימברלי קלארק,CO,מטלית ניקול חכמה יומית 64 יח,Unknown,0.00,Unknown,false,1,17.90,0.0000,true,1,444283
7290000189499,false,תבנית קרטון אפיה עגולה אינגליש ניקול 3יח',"דוקארט בעמ, קיבוץ כפ",IL,תבניות אפייה קרטון,Unknown,0.00,Unknown,false,1,10.90,0.0000,true,1,441980
7290000189536,false,אשפתון שרוך מתכלה 52/65 ניקול 40 יח',אשפלסט,TR,"אשפטון 40יח""",Unknown,0.00,Unknown,false,1,19.90,0.0000,true,1,442669
7290000189550,false,אשפתון 78X90 ענק ניקול 20יח',קריות זול,IL,אשפתון ענק זוגות 78*,Unknown,0.00,Unknown,false,1,23.90,0.0000,true,1,442670
7290000189598,false,מטליות לחות חד פעמיות לניקוי כללי 50 יח' ניקול,עלבד משואות יצחק בעמ,IL,מטליות לחות לניקוי כללי בניחוח לימון,Unknown,0.00,Unknown,false,1,10.90,0.0000,true,1,444959
7290000189659,false,מטליות לחות לרצפה ניקול 10 יח'-מרכז,עלבד משואות יצחק בעמ,IL,"מטליות לחות רצפה ""ני",Unknown,0.00,Unknown,false,1,10.90,0.0000,true,1,441981
7290000190198,false,מטליות לניקוי וחיטוי חדרי שירותים ואמבטיה,עלבד משואות יצחק בעמ,IL,"מטליות ""ניקול"" לניקוי שירוטים ואמבט",Unknown,0.00,Unknown,false,1,10.90,0.0000,true,1,473219
7290000191539,false,ממחטות טישו לילי צבעוני חמישיה,חוגלה קימברלי,IL,מגבוני לילי צבעוני 5 יח,Unknown,0.00,Unknown,false,1,15.90,0.0000,true,1,442673
7290000191652,false,קלינקס ממחטות טישו אולטרא סופט מארז 90X3יח',חוגלה קימברלי,IL,קלינקס קלאסיק שלישיי,Unknown,0.00,Unknown,false,1,10.90,0.0000,true,1,441983
7290000191966,false,מגבוני טואלט לח סנסטיב לילי 40יח',עלבד משואות יצחק בעמ,IL,"נייר טואלט ""לילי"" לח",Unknown,0.00,Unknown,false,1,7.90,0.0000,true,1,441360
7290000192581,false,מגבת נייר גליל כפול ניקול 12=6 גליל,,,מגבות נייר גליל כפול 6 יח,Unknown,0.00,Unknown,false,1,21.90,0.0000,true,1,499534
7290000193014,false,פדיות אינטרלוד מגיני יום לילי 50יח',חוגלה קימברלי,IL,מגן תחתון לילי אינטרלוד 50 יח,Unknown,0.00,Unknown,false,1,10.90,0.0000,true,1,444289
7290000193076,false,ניקול שלשיית מטליות לרצפה,עופרטקס,,מטליות לרצפה ניקול שלישייה,יחידה,1.00,יחידה,false,1,10.90,10.9000,true,1,476196
7290000193205,false,לילי תחבושות נטורל לילה 20 יח',קריות זול,,תחבושות לילי נטורל,Unknown,0.00,Unknown,false,1,15.90,0.0000,true,1,444290
7290000193540,false,לילי אינטימייט מגן תחתון לונג 52יח',חוגלה קימברלי,IL,מגני תחתון לילי נטורל לונג 52 יח,Unknown,0.00,Unknown,false,1,15.90,0.0000,true,1,443172
7290000193618,false,לילי אינטימייט מגן תחתון נורמל 24 יח',קריות זול,,מגן תחתון לילי לייט 62 יח,Unknown,0.00,Unknown,false,1,15.90,0.0000,true,1,441985
7290000193656,false,לילי תחבושות נטורל אולטרה סופר פלוס 24 יח',קריות זול,,מגן תחתון לילי סופר,Unknown,0.00,Unknown,false,1,15.90,0.0000,true,1,441987
7290000193793,false,לילי תחבושות אינטימי נורמל אולט' 24 יח',קריות זול,,תחבושת לילי נטורל נורמל 24 יח,Unknown,0.00,Unknown,false,1,15.90,0.0000,true,1,443652
7290000194288,false,משטחי החתלה האגיס פר,Ontex,,"משטח החטלה ""האגיס""",Unknown,0.00,Unknown,false,1,19.90,0.0000,true,1,441989
7290000194837,false,ניקול - שקיות מזון + ידיות קשירה אקסטרה לארג' 200 יח',קילת,CN,שקיות מזון עם ידית 200 יח,Unknown,0.00,Unknown,false,1,11.90,0.0000,true,1,475303
7290000195216,false,נייר אפייה בשקית ניקול 50 יח',אופל,,נייר אפיה 50יח,Unknown,0.00,Unknown,false,1,10.90,0.0000,true,1,474688
7290000195537,false,האגיס - מגבוני האגיס דיילי קר לא מבושם 64 יח' * 4,חוגלה קימברלי,IL,מארז מגבוני האגיס נט,Unknown,0.00,Unknown,false,1,21.90,0.0000,true,1,445619
7290000195773,false,האגיס - מגבוני האגיס סנסטיב קר לא מבושם 64 יח' * 4,חוגלה קימברלי,IL,האגיס נטורל מילוי רב,Unknown,0.00,Unknown,false,1,21.90,0.0000,true,1,441990
7290000196763,false,ניקול שקיות לאשפה השקית החזקה 40 יח',אשפלסט,IL,אשפתון השקית החזקה 4,Unknown,0.00,Unknown,false,1,23.90,0.0000,true,1,445863
7290000197081,false,ניקול ניילון נצמד חסכון 150 מ',אופל,IL,ניילון נצמד ניקול 150 מטר,Unknown,0.00,Unknown,false,1,29.90,0.0000,true,1,446246
7290000197326,false,רדיד אלומניום ניקול זוגי 30X7.5מ',קריות זול,IL,רדיד אלומיניום 30*7.,Unknown,0.00,Unknown,false,1,10.90,0.0000,true,1,449375
7290000197340,false,רדיד אלומניום ניקול זוגי 45X7.5מ',קריות זול,IL,זוג אלומניום ארוך 45,Unknown,0.00,Unknown,false,1,19.90,0.0000,true,1,446406
7290000197425,false,האגיס - פרידום דריי שלב 3 52 יח',קימברלי קלארק ישראל,IL,"טיטולי ""האגיס"" פרידום דריי שלב 3 54 יח",Unknown,0.00,Unknown,false,1,42.90,0.0000,true,1,479809
7290000197432,false,שקיות אוכל סנדביצ'ון ניקול מארז 150X2יח',אשלפסט תעשיות בעמ,IL,"סנדוויצ""ון זוג",Unknown,0.00,Unknown,false,1,14.90,0.0000,true,1,446475
7290000197456,false,האגיס - פרידום דריי שלב 4 44 יח',קימברלי קלארק ישראל,IL,"טיטולי ""האגיס"" פרידום דריי שלב 4 44 יח",יחידה,1.00,יחידה,false,1,42.90,42.9000,true,1,479810
7290000197463,false,האגיס - פרידום דריי שלב 4+ 40 יח',קימברלי קלארק ישראל,IL,"טיטולי ""האגיס"" פרידום דריי שלב 4+ 42 יח",יחידה,1.00,יחידה,false,1,42.90,42.9000,true,1,479811
7290000197548,false,האגיס - פרידום דריי שלב 5 36 יח',קימברלי קלארק ישראל,IL,"טיטולי ""האגיס"" פרידום דריי שלב 5 38 יח",יחידה,1.00,יחידה,false,1,42.90,42.9000,true,1,479812
7290000197654,false,ניקול אשפתון שקיות אשפה ענקיות 45 יח',קריות זול,IL,שקיות אשפה ענק אשפתון ניקול 45 יח,Unknown,0.00,Unknown,false,1,21.90,0.0000,true,1,446476
7290000197678,false,האגיס - פרידום פלוס שלב 6 30 יח',קימברלי קלארק ישראל,IL,"טיטולי ""האגיס"" פרידום דריי שלב 6 34 יח",יחידה,1.00,יחידה,false,1,42.90,42.9000,true,1,479813
7290000197753,false,ניילון נצמד אנטי בטקריאלי ניקול 30X2מ',קריות זול,,ניילון נצמד ניקול זוג 30 מטר,Unknown,0.00,Unknown,false,1,10.90,0.0000,true,1,446477
7290000197876,false,ניקול תבנית אלומיניום 4 יח' 2 מכסים,פאלאס,CN,מגשית אלומיניום,Unknown,0.00,Unknown,false,1,9.90,0.0000,true,1,446605
7290000197883,false,ניקול תבניות אלומיניום 4יח',ארץ ייצור: סין,CN,מגשית אלומיניום,Unknown,0.00,Unknown,false,1,9.90,0.0000,true,1,446407
7290000197999,false,רדיד אלומיניום עבה ניקול זוגי 30X7.5מ',קריות זול,IL,רדיד אלומיניום 30*7.,Unknown,0.00,Unknown,false,1,16.90,0.0000,true,1,446424
7290000199313,false,קוטקס - תחבושות יאנג 30 יח',KC Turkey,,תחבושות קוטקס יאנג נורמל פלוס 28 יח,Unknown,0.00,Unknown,false,1,17.90,0.0000,true,1,446479
7290000204086,false,כרית קרצוף סקוטש ניקול 1+2,חוגלה קימברלי,US,כרית קרצוף ניקול 3 יח,Unknown,0.00,Unknown,false,1,10.90,0.0000,true,1,446480
7290000204215,false,ניקול כריות יפניות 6 יח',פלסטו פוליש (ברקן),IL,כריות ניקוי יפניות ניקול 6 יח,Unknown,0.00,Unknown,false,1,10.90,0.0000,true,1,446408
7290000204253,false,מטליות ניקול רב שימושיות 9יח',נועם אורים-קיבוץ אור,IL,מטליות ניקוי רב שימושיות ניקול 9 יח,Unknown,0.00,Unknown,false,1,10.90,0.0000,true,1,447307
7290000204512,false,מטליות לחות לרצפה בניחוח לימון 10 יח' ניקול,עלבד משואות יצחק בעמ,IL,מטליות לחות לרצפה ניקול בריח לימון,Unknown,0.00,Unknown,false,1,10.90,0.0000,true,1,489377
7290000204611,false,ספוגיות הקסם ניקול 6יח',קריות זול,US,ספוגית הקסם ניקול 6 יח,Unknown,0.00,Unknown,false,1,10.90,0.0000,true,1,446481
7290000207063,false,רסק עגבניות פריכוז 28% 240 גרם יכין,היינץ צפון אמריקה מק,IL,פריכוז פלסטיק,גרמים,260.00,100 גרם,false,1,4.90,1.8846,true,1,446483
7290000207162,false,רוטב עגבניות מרכיב טבעי 100 ג' יכין,"זנלכל בע""מ",IL,פלסטיק רסק עגבניות 1,גרמים,100.00,100 גרם,false,1,2.50,2.5000,true,1,447321
7290000207438,false,עגבניות קוביות יכין 800 גר,"זנלכל בע""מ",IL,עגבניות קוביות 850גר,גרמים,800.00,100 גרם,false,1,8.90,1.1125,true,1,449377
7290000208022,false,עגבניות מרוסקות 800 גרם יכין,"זנלכל בע""מ",IL,עגבניות מרוסקות 800ג,גרמים,800.00,100 גרם,false,1,8.90,1.1125,true,1,449870
7290000208077,false,אפונת גינה גדולה 550 גרם יכין,"זנלכל בע""מ",IL,אפונת גינה,גרמים,550.00,100 גרם,false,1,7.90,1.4364,true,1,446484
7290000208091,false,אפונה עדין A2 יכין 550 ג',"זנלכל בע""מ",IL,אפונה עדין יכין,גרמים,550.00,100 גרם,false,1,8.90,1.6182,true,1,449378
7290000208114,false,אפונת גינה וגזר 550 ג' יכין,"זנלכל בע""מ",IL,אפונה גזר,גרמים,550.00,100 גרם,false,1,7.90,1.4364,true,1,446427
7290000208138,false,סירופ ענבים דיאט יכי,"זנלכל בע""מ",IL,סירופ ענבים דיאט,ליטרים,1.00,ליטר,false,1,16.90,16.9000,true,1,447322
7290000208145,false,גרגרי תירס מתוק לייט A2 יכין 550 ג',"זנלכל בע""מ",IL,תירס לייט,גרמים,550.00,100 גרם,false,1,8.90,1.6182,true,1,447323
7290000208176,false,"תפו""א קלופים א-2 יכין 550 ג'","זנלכל בע""מ",IL,"תפו""א קלופים יכין 560 גר",גרמים,550.00,100 גרם,false,1,8.90,1.6182,true,1,449872
7290000208213,false,שעועית לבנה אפויה A2 ברוטב עגבניות יכין 560ג',היינץ צפון אמריקה מק,IL,שעועית אפויה,גרמים,580.00,100 גרם,false,1,8.90,1.5345,true,1,446441
7290000208220,false,שעועית צילי חריף 550 ג' יכין,היינץ צפון אמריקה מק,IL,"שעועית צ""ילי",גרמים,580.00,100 גרם,false,1,8.90,1.5345,true,1,446485
7290000208244,false,בסיס עגבניות לשקשוקה 570 ג' יכין,"זנלכל בע""מ",IL,בסיס עגבניות לשקשוקה,גרמים,570.00,100 גרם,false,1,8.90,1.5614,true,1,446486
7290000208251,false,שעועית ירוקה יכין 550 גר,"זנלכל בע""מ",IL,שעועית ירוקה חתוכה,גרמים,550.00,100 גרם,false,1,8.90,1.6182,true,1,446442
7290000208268,false,שעועית צהובה א-2. יכין 550 ג',קריות זול,,שעועית צהובה חתוכה,גרמים,550.00,100 גרם,false,1,8.90,1.6182,true,1,449381
7290000208312,false,גרעיני תירס מתוק בואקום יכין 400 גר',"זנלכל בע""מ",IL,גרעיני תירס מתוק 325 גר,גרמים,400.00,100 גרם,false,1,6.90,1.7250,true,1,446410
7290000208329,false,גרעיני תירס מתוק A2 יכין 550ג',"זנלכל בע""מ",IL,גרעיני תירס 560 גר,גרמים,550.00,100 גרם,false,1,7.90,1.4364,true,1,446411
7290000208336,false,רסק עגבניות 22% 240 גרם יכין,"זנלכל בע""מ",IL,רסק עגבניות 240 גר,גרמים,240.00,100 גרם,false,1,3.90,1.6250,true,1,446599
7290000208343,false,עגבניות מרוסקות שום יכין 800 גר,היינץ צפון אמריקה מק,IL,עגבניות מרוסקות,גרמים,800.00,100 גרם,false,1,8.90,1.1125,true,1,449382
7290000208350,false,עגבניות מרוסקות עם שום 800 ג' יכין,זנלכל,IL,"רסק עגבניות 500 ג""ר",גרמים,800.00,100 גרם,false,1,8.90,1.1125,true,1,446443
7290000208367,false,עגבניות מרוסקות בתוספת בזיליקום 800 ג' יכין,יכין,,עגבניות מרוסקות+בזיל,גרמים,800.00,100 גרם,false,1,8.90,1.1125,true,1,449873
7290000208404,false,A2 פול מצרי 550 גרם יכין,"זנלכל בע""מ",IL,פול מוצרי,גרמים,580.00,100 גרם,false,1,8.90,1.5345,true,1,449383
7290000208428,false,גרגרי חומוס שלם 550 גרם יכין,"זנלכל בע""מ",IL,חומוס שלם,גרמים,550.00,100 גרם,false,1,8.90,1.6182,true,1,449874
7290000208459,false,לקט ירקות מעורבים 550 ג' יכין,"זנלכל בע""מ",IL,"לקט תפו""א",גרמים,550.00,100 גרם,false,1,8.90,1.6182,true,1,449384
7290000208480,false,גרעיני תירס בטעם חמאה 550 גרם יכין,קריות זול,IL,תירס חמאה יכין,גרמים,550.00,100 גרם,false,1,8.90,1.6182,true,1,449875
7290000208534,false,גרעיני תירסמ תוק לילדים 550 ג' יכין,"זנלכל בע""מ",IL,A2 גרעיני תירס קיד,גרמים,550.00,100 גרם,false,1,8.90,1.6182,true,1,446487
7290000208855,false,רוטב פסטה עגבניות יכין 240 ג',"זנלכל בע""מ",IL,"רוטב פסטה 260 ג""ר",גרמים,240.00,100 גרם,false,1,5.90,2.4583,true,1,446600
7290000208893,false,תירס מתוק לייט יכין,היינץ צפון אמריקה מק,IL,תירס לייט יכין בוואקום 400 גר,גרמים,400.00,100 גרם,false,1,5.90,1.4750,true,1,446601
7290000208930,false,עגבניות מרוסקות בתוספת שום 240 ג' יכין,"זנלכל בע""מ",IL,עגבניות מרוסקות עם ש,גרמים,240.00,100 גרם,false,1,5.90,2.4583,true,1,446610
7290000208947,false,עגבניות מרוסקות 240 גרם יכין,היינץ צפון אמריקה מק,IL,עגבניות מרוסקות 260,גרמים,240.00,100 גרם,false,1,5.90,2.4583,true,1,449385
7290000209012,false,חומץ הדרים יכין 1 לי,"זנלכל בע""מ",IL,חומץ הדרים 1 ליטר,ליטרים,1.00,ליטר,false,1,5.90,5.9000,true,1,447324
7290000209043,false,מיץ לימון משומר 1 ל' יכין,היינץ צפון אמריקה מק,IL,מיץ לימון משומר 1 לי,ליטרים,1.00,ליטר,false,1,5.90,5.9000,true,1,447325
7290000209371,false,שלישיית תירס קטן יכי,היינץ צפון אמריקה מק,IL,תירס יכין 140 גר שלישייה,גרמים,600.00,100 גרם,false,1,14.90,2.4833,true,1,480725
7290000209388,false,תירס גרגרים לייט וואקום מארז 60X3ג',יכין,,שלשות תירס יכין לייט 140 גר,גרמים,600.00,100 גרם,false,1,14.90,2.4833,true,1,480726
7290000209579,false,סירופ דיאט אננס 1 ליטר,"זנלכל בע""מ",IL,סירופ יכין דיאט אננס 1 ל,ליטרים,1.00,ליטר,false,1,16.90,16.9000,true,1,447327
7290000209708,false,עגבניות מרוסקות עם בזיליקום 240 גרם יכין,היינץ צפון אמריקה מק,IL,עגבניות מרוסקות עם ב,גרמים,240.00,100 גרם,false,1,5.90,2.4583,true,1,449387
7290000209722,false,רסק עגבניות 28% פריכוז 580 גרם יכין,"זנלכל בע""מ",IL,A2 רסק עגבניות פריכו,גרמים,580.00,100 גרם,false,1,8.90,1.5345,true,1,446447
7290000209906,false,עגבניות מרוסקות בתוספת בצל 240 ג' יכין,זנלכל,IL,עגבניות מרוסקות עם ב,גרמים,240.00,100 גרם,false,1,5.90,2.4583,true,1,446628
7290000209913,false,עגבניות קוביות יכין 240 ג',"זנלכל בע""מ",IL,עגבניות קוביות 260 ג,גרמים,240.00,100 גרם,false,1,5.90,2.4583,true,1,446448
7290000209944,false,רוטב לעגבניות בסיס לשקשוקה 240 ג' יכין,"זנלכל בע""מ",IL,בסיס לעגבניות שקשוקה,גרמים,240.00,100 גרם,false,1,5.90,2.4583,true,1,446611
7290000209951,false,רוטב עגבניות לפיצה 240 גרם יכין,"זנלכל בע""מ",IL,רוטב פיצה 260 גר,מיליליטרים,240.00,"100 מ""ל",false,1,5.90,2.4583,true,1,446413
7290000209968,false,רוטב עגבניות ללזניה יכין 240 גרם,"זנלכל בע""מ",IL,"רוטב לזניה 260 ג""ר",גרמים,240.00,100 גרם,false,1,5.90,2.4583,true,1,447329
7290000210148,false,אפונה ירוקה אלפא 550,,,אפונה ירוקה אלפא 550,גרמים,550.00,100 גרם,false,1,7.90,1.4364,true,1,446612
7290000210469,false,עגבניות שלמות 700 ג' יכין,זנלכל,IL,עגבניות שלמות 850 גר,גרמים,800.00,100 גרם,false,1,8.90,1.1125,true,1,446613
7290000210896,false,רוטב בלונוז לפסטה יכין 240 ג',"זנלכל בע""מ",IL,"רוטב פסטה בולונז 260 ג""ר",גרמים,240.00,100 גרם,false,1,5.90,2.4583,true,1,469880
7290000211169,false,"אורז תאילנדי אחד אחד סוגת 1 ק""ג",האי נאם סי או אל.טי.,IL,"אורז תאילנדי 1 ק""ג",קילוגרמים,1.00,"ק""ג",false,1,6.90,6.9000,true,1,446630
7290000211312,false,סוגת אורז מלא פרסי אחד אחד 1 קג,האי נאם סי או אל.טי.,IL,"אורז מלא 1 ק""ג",קילוגרמים,1.00,"ק""ג",false,1,9.90,9.9000,true,1,449881
7290000211374,false,"קמח מלא סוגת 1 ק""ג",תחנות קמח דגן 2006 ב,IL,"קמח מלא 1 ק""ג",קילוגרמים,1.00,"ק""ג",false,1,6.90,6.9000,true,1,449389
7290000211381,false,"סוכר חום כהה בשקית סוגת 1 ק""ג",קריות זול,,סוכר חום 1קג,קילוגרמים,1.00,"ק""ג",false,1,12.90,12.9000,true,1,449882
7290000211442,false,"סוגת אורז פרסי קלאסי שקית 1 ק""ג",האי נאם סי או אל.טי.,IL,"אורז פרסי קלאסי 1 ק""",קילוגרמים,1.00,"ק""ג",false,1,10.90,10.9000,true,1,446631
7290000211503,false,סוכר לבן ארוז בשקית,"סוגת תעשיות בע""מ",IL,"סוכר לבן 1 ק""ג",קילוגרמים,1.00,"ק""ג",false,1,4.50,4.5000,true,1,446615
7290000211626,false,"אורז חיש 1 ק""ג סוגת",סוגת תעשיות,IL,"אורז חיש 1 ק""ג",קילוגרמים,1.00,"ק""ג",false,1,10.90,10.9000,true,1,449883
7290000211985,false,"אורז ריזוטו עגול סוגת 1 ק""ג","סוגת תעשיות בע""מ",IL,אורז עגול ריזוטו 1 ק,קילוגרמים,1.00,"ק""ג",false,1,9.90,9.9000,true,1,446451
7290000214115,false,מרק עוף בצנצנת 400 ג' ויטה,"פרי הגליל בע""""מ",IL,"מרק עוף צנצנת 400 ג""",גרמים,400.00,100 גרם,false,1,10.90,2.7250,true,1,448109
7290000217950,false,נקניקיות וינר חדש בו,מעדני מניה תעשיות בש,,וינר חדש בואקום,קילוגרמים,1.00,"ק""ג",true,,75.00,75.0000,true,1,471723
7290000218100,false,נקניקיות גבינה בוואק,מעדני מניה תעשיות בש,,נקניקיות גבינה בוואקום,קילוגרמים,1.00,"ק""ג",true,,65.00,65.0000,true,1,491288
7290000219176,false,קנקרס מעושן בוואקום,מעדני מניה תעשיות בש,,קנקרס מעושן בוואקום,קילוגרמים,1.00,"ק""ג",true,,35.00,35.0000,true,1,491287
7290000219510,false,נקניקיות פרנקפורטר ב,מעדני מניה תעשיות בש,,נקניקיות פרנקפורטר בוואקום,קילוגרמים,1.00,"ק""ג",true,,45.00,45.0000,true,1,491289
7290000226444,false,פילה אמנון 5-7 עם עו,,,פילה אמנון 5-7 עם עור,קילוגרמים,1.00,"ק""ג",true,,29.90,29.9000,true,1,528264
7290000234218,false,ברווז טרי ארוז,סופר עוף,,ברווז טרי ארוז,קילוגרמים,1.00,"ק""ג",true,,59.90,59.9000,true,1,468262
7290000238029,false,"בצק עלים צרפתי מרודד מעדנות 1ק""ג",מיוצר עי קונדיטוריית,IL,"בצק עלים צרפתי 1 ק""ג",קילוגרמים,1.00,"ק""ג",false,1,15.90,15.9000,true,1,449393
7290000238036,false,מלאווח 6יח' מעדנות 700ג',מיוצר עי קונדיטוריית,IL,"מלווח עגול 700 ג""ר",גרמים,700.00,100 גרם,false,1,16.90,2.4143,true,1,446429
7290000238173,false,בורקס גבינה 800 ג' מעדנות,מיוצר עי קונדיטוריית,IL,בורקס גבינה 800גר,גרמים,800.00,100 גרם,false,1,19.90,2.4875,true,1,449884
7290000238180,false,בורקס תפוחי אדמה מעדנות 800ג',מיוצר עי קונדיטוריית,IL,"בורקס תפו""א 800 ג""ר",גרמים,800.00,100 גרם,false,1,19.90,2.4875,true,1,447338
7290000245270,false,"פרסיל אבקת כביסה סופרא 1.250 ק""ג","הנקל סוד בע""מ",IL,אבקת כביסה פרסיל 1.25 קג,קילוגרמים,1.25,"ק""ג",false,12,16.90,13.5200,true,1,449401
7290000245287,false,"פרסיל אבקת כביסה 1.250 ק""ג קולור ויניגר","הנקל סוד בע""מ",IL,אבקת כביסה פרסיל קולור 1.25 קג,קילוגרמים,1.25,"ק""ג",false,12,16.90,13.5200,true,1,449402
7290000245379,false,משחת כלים אמה לימון,,,משחת כלים אמה לימון 500גר,גרמים,500.00,100 גרם,false,1,6.90,1.3800,true,1,479207
7290000245508,false,"קומפקט סוד 1.25ק""ג שושו מרענן -מרכז","הנקל סוד בע""מ",IL,אבקת כביסה סוד שושן 1.25 קג,קילוגרמים,1.25,"ק""ג",false,1,13.90,11.1200,true,1,476207
7290000245515,false,"אבקת כביסה בניחוח לבנדר 1.25 ק""ג סוד","הנקל סוד בע""מ",IL,אבקת כביסה סוד לבנדר 1.25 קג,קילוגרמים,1.25,"ק""ג",false,1,13.90,11.1200,true,1,446432
7290000249626,false,ברווז קפוא,,,ברווז קפוא,קילוגרמים,1.00,"ק""ג",true,,59.90,59.9000,true,1,522689
7290000253092,false,גבינה סלמי עם פלפל ש,,,גבינה סלמי עם פלפל שחור וצילי,קילוגרמים,1.00,"ק""ג",true,,79.00,79.0000,true,1,497252
7290000253220,false,שוקולד צ'יפס חום אופנהיימר 260 גר',אופנהיימר,IL,"אופנהיימר שוקוצ""יפס",גרמים,260.00,100 גרם,false,1,11.90,4.5769,true,1,449407
7290000253251,false,שוקולד צ'יפס לבן אופנהיימר 300ג',אופנהיימר,IL,"אופנהיימר שוקוצ""יפס 300גר",גרמים,250.00,100 גרם,false,1,11.90,4.7600,true,1,446463
7290000253374,false,מיני שוקולד צ'יפס - נטיפי שוקולד מריר,אופנהיימר,IL,מיני שוקולד ציפס 250 גר,גרמים,250.00,100 גרם,false,1,14.90,5.9600,true,1,517741
7290000253459,false,נטיפי ציפס בטעם קרמל 250 גר' אופנהיימר,אופנהיימר,IL,נטיפי אופנהיימר ציפס בטעם קרמל 250 גר,גרמים,250.00,100 גרם,false,20,11.90,4.7600,true,1,512944
7290000254197,false,קפה לאספרסו זהב עלית 200 ג',קריות זול,IL,קפה אספרסו טחון 200 ג,גרמים,200.00,100 גרם,false,1,25.90,12.9500,true,1,449408
7290000255806,false,פילה לברק טרי במגשית,,,פילה לברק טרי במגשית,קילוגרמים,1.00,"ק""ג",true,,149.90,149.9000,true,1,512657
7290000262161,false,נייר טואלט לב אדום 40 גלילים מולט,חוגלה קימברלי,IL,מולט לב אדום 40 גליל,יחידה,1.00,יחידה,false,1,34.90,34.9000,true,1,449894
7290000263359,false,האגיס - פיור נטורל שלב 1 ניו בורן 40 יח',קימברלי קלארק שיווק,IL,"טיטולי ""האגיס"" ליטל בייביס שלב 1 40 יח",יחידה,1.00,יחידה,false,1,33.90,33.9000,true,1,446435
7290000265153,false,דג פלמידה מעושנת בוו,,,דג פלמידה מעושנת בוואקום,קילוגרמים,1.00,"ק""ג",true,,79.00,79.0000,true,1,514231
7290000265191,false,דג מקרוסקה בוואקום,,,דג מקרוסקה בוואקום,קילוגרמים,1.00,"ק""ג",true,,95.90,95.9000,true,1,512528
7290000265283,false,וובלה בוואקום,,,וובלה בוואקום,קילוגרמים,1.00,"ק""ג",true,,79.00,79.0000,true,1,508554
7290000265436,false,דג הרינג בוואקום,,,דג הרינג בוואקום,קילוגרמים,1.00,"ק""ג",true,,35.90,35.9000,true,1,514189
7290000265672,false,מויבה קפוא,,,מויבה קפוא,קילוגרמים,1.00,"ק""ג",true,,39.90,39.9000,true,1,508549
7290000265702,false,מקרל גדול קפוא,,,מקרל גדול קפוא,קילוגרמים,1.00,"ק""ג",true,,39.90,39.9000,true,1,508547
7290000265719,false,הרינג קפוא,,,הרינג קפוא,קילוגרמים,1.00,"ק""ג",true,,29.90,29.9000,true,1,508548
7290000265825,false,סלקה קפוא,,,סלקה קפוא,קילוגרמים,1.00,"ק""ג",true,,39.90,39.9000,true,1,508552
7290000267012,false,שקדים מולבנים שלמים,"דין שיווק וקליה בע""מ",IL,שקדים מולבנים שלמים שקדיה 100 גר,גרמים,100.00,100 גרם,false,1,10.90,10.9000,true,1,502760
7290000267036,false,שקדים משובבים השף 100 ג',"דין שיווק וקליה בע""מ",IL,שקדים משובבים שקדיה 100 גר,גרמים,100.00,100 גרם,false,1,10.90,10.9000,true,1,502761
7290000267104,false,שקד מולבן גרוס/מרוסק,"דין שיווק וקליה בע""מ",IL,שקדים טבעיים גרוסים שקדיה 100 גר,גרמים,100.00,100 גרם,false,1,10.90,10.9000,true,1,502756
7290000267678,false,גרעיני דלעת טבעי קלוף שקדיה 150 ג',"דין שיווק וקליה בע""מ",IL,גרעיני דלעת טבעי קלופים השף 150 גר,גרמים,150.00,100 גרם,false,1,7.90,5.2667,true,1,502672
7290000272443,false,סירופ עסיס דיאט תפוזים צ.טבעי 1 ל',בית-השיטה עסיס תעשיו,IL,"סירופ עסיס תפוזים דיאט 750 מ""ל",ליטרים,0.75,ליטר,false,1,17.90,23.8667,true,1,446660
7290000272467,false,סירופ עסיס דיאט פטל 1ל,בית-השיטה עסיס תעשיו,IL,"""עסיס"" סירופ פטל דיא",ליטרים,1.00,ליטר,false,1,17.90,17.9000,true,1,446469
7290000272696,false,עסיס מיץ לימון טבעי משומר 1 ל' אסם,בית-השיטה עסיס תעשיו,IL,"מיץ לימון ""עסיס"" משו",ליטרים,1.00,ליטר,false,1,10.90,10.9000,true,1,449898
7290000272726,false,חומץ טבעי 5% עסיס 1 ל' אסם,בית השיטה עסיס תעשיו,IL,"חומץ טבעי 5% ""עסיס""",ליטרים,1.00,ליטר,false,1,6.90,6.9000,true,1,446436
7290000280578,false,גבינה רולדה פודלסקה,,,גבינה רולדה פודלסקה,קילוגרמים,1.00,"ק""ג",true,,79.00,79.0000,true,1,497250
7290000281382,false,נתחי פילה דג סלומון,,,נתחי פילה דג סלומון קפוא,קילוגרמים,1.00,"ק""ג",true,,99.90,99.9000,true,1,502075
7290000281429,false,סטייק טונה אדומה,,,סטייק טונה אדומה,קילוגרמים,1.00,"ק""ג",true,,65.00,65.0000,true,1,504586
7290000281443,false,סטייק דג טונה קפוא,,,סטייק דג טונה קפוא,קילוגרמים,1.00,"ק""ג",true,,49.90,49.9000,true,1,503614
7290000286298,false,פילה דג סלמון נורווג,,,פילה דג סלמון נורווגי,קילוגרמים,1.00,"ק""ג",true,,79.90,79.9000,true,1,528327
7290000286594,false,סנו X לימון במיכל 600 ג',סנו מפעלי ברונוס בעמ,IL,חול ניקוי סנו X לימו,גרמים,600.00,100 גרם,false,1,9.90,1.6500,true,1,446661
7290000286761,false,ניילון נצמד סנו סושי פלסטיק מארז 30X2 מ',מיוצר עי קונדיטוריית,CN,סנו סושי ניילון נצמד,Unknown,0.00,Unknown,false,1,10.90,0.0000,true,1,449901
7290000286877,false,סנו רב לניקוי מתכת,סנו,IL,סנו רב מתכת,מיליליטרים,300.00,"100 מ""ל",false,1,24.90,8.3000,true,1,446643
7290000286945,false,"סנו רהיט אקדח מרסס 500מ""ל","סנו מפעלי ברונוס בע""",IL,סנו רהיט נוזלי מרסס,מיליליטרים,500.00,"100 מ""ל",false,1,25.90,5.1800,true,1,448139
7290000287492,false,"סנו - סנובון נוזלי לימון 750 מ""ל","איי, בי, אינבוו",IL,סנובון נוזלי בניחוח לבנדר 750 מל,מיליליטרים,750.00,"100 מ""ל",false,1,9.90,1.3200,true,1,449906
7290000287607,false,לאסלות סנו בלו גדול,קריות זול,IL,סנו בלו גדול 150 גר,גרמים,150.00,100 גרם,false,1,21.90,14.6000,true,1,446665
7290000287621,false,"מנקה אסלות סנו אנטי קאלק 750 מ""ל,",מיוצר עי קונדיטוריית,IL,סנו אנטי קאלק לאסלות,מיליליטרים,750.00,"100 מ""ל",false,1,10.90,1.4533,true,1,446666
7290000287956,false,פילה לברק 5-7 בוואקו,,,פילה לברק 5-7 בוואקום,קילוגרמים,1.00,"ק""ג",true,,44.90,44.9000,true,1,484488
7290000288017,false,ז'אוול אקונומיקה 1ל'-לימון,"סנו מפעלי ברונוס בע""",IL,"סנו ז""אוול לימון 1 ל",ליטרים,1.00,ליטר,false,1,8.90,8.9000,true,1,447369
7290000288024,false,סנו - ז'אוול אקונומיקה בריח לימון 4 ליטר,"סנו מפעלי ברונוס בע""",IL,"סנו ז""אוול לימון 4 ל",ליטרים,4.00,ליטר,false,1,16.90,4.2250,true,1,446647
7290000288048,false,סנו ז'אוול קצף לבנדר מרסס 1ל',"סנו מפעלי ברונוס בע""",IL,"סנו ז""אוול מרסס מונב",ליטרים,1.00,ליטר,false,1,16.90,16.9000,true,1,446491
7290000288109,false,"אבקת כביסה מקסימה אפקט ג''אוול 1.25 ק""ג סנו",סנו מפעלי ברונוס בעמ,IL,אבקת כביסה סנו מקסימה,גרמים,1250.00,100 גרם,false,1,14.90,1.1920,true,1,449907
7290000288307,false,סנו - מט מכשיר דוחה יתושים + טבליות,קריות זול,IT,סנומט מכשיר + 30 טבל,Unknown,0.00,Unknown,false,1,26.90,0.0000,true,1,446532
7290000288352,false,"סנו K-300 חרקים ונמלים 630מ""ל","סנו מפעלי ברונוס בע""",IL,K-300,מיליליטרים,630.00,"100 מ""ל",false,1,21.90,3.4762,true,1,449421
7290000288413,false,"סנו - די רולאון דוחה יתושים 50 מ""ל",גוד פוד פרודקטס S.p,IL,סנו די דוחה יתושים,מיליליטרים,50.00,"100 מ""ל",false,1,19.90,39.8000,true,1,447370
7290000288642,false,סנו - מקסימה מרכך כביסה סנסטיב ורוד 4 ליטר,"סנו מפעלי ברונוס בע""",IL,מרכך כביסה סנו מקסימ,ליטרים,4.00,ליטר,false,1,21.90,5.4750,true,1,447372
7290000288727,false,"אבקת כביסה מקסימה מאסק 1.25 ק""ג סנו",קריות זול,IL,אבקת כביסה סנו מקסימ,גרמים,1250.00,100 גרם,false,1,14.90,1.1920,true,1,446534
7290000289069,false,סנו - ז'אוול מרסס קצף ניקוי בתוספת אקונומיקה בריח לימון 1 ליטר,"סנו מפעלי ברונוס בע""",IL,"סנו ז""אוול מרסס לימו",ליטרים,1.00,ליטר,false,1,16.90,16.9000,true,1,446535
7290000289380,false,"סנו - ז'אוול לניקוי אסלות לימון 750 מ""ל",סנו,IL,"סנו ז""אוול מונטבלאן",מיליליטרים,750.00,"100 מ""ל",false,1,11.90,1.5867,true,1,448144
7290000289472,false,סנו סושי שקיות 76*90 50 יח' XXL,מיוצר עי קונדיטוריית,IL,סנו סושי שקיות 90*76,Unknown,0.00,Unknown,false,1,18.90,0.0000,true,1,446670
7290000289496,false,"סנו - ז'אוול ג'ל קרם לניקוי כללי לימון 750 מ""ל",הורביץ סחר,IL,"סנו ז""אוול ג""ל קרם ל",מיליליטרים,750.00,"100 מ""ל",false,1,11.90,1.5867,true,1,446495
7290000289748,false,"סנו פורטה פלוס מסיר שומנים לתנור 750מ""ל","סנו מפעלי ברונוס בע""",IL,מסיר שומנים סנו פורט,מיליליטרים,750.00,"100 מ""ל",false,1,14.90,1.9867,true,1,446652
7290000291956,false,סנו ז'אוול בריח לבנדר 1 ל',,,"סנו ז""אוול מונבלאן 1",ליטרים,1.00,ליטר,false,1,8.90,8.9000,true,1,448146
7290000291963,false,סנו ז'אוול סמיכה לימון 1 ל',סנו,IL,"סנ ז""אוול סמיכה 1 לי",ליטרים,1.00,ליטר,false,1,8.90,8.9000,true,1,449910
7290000292007,false,K3 פיתיון ג'ל קוטל תיקנים (ג'וקים) בבית ובחצר,מיוצר עי קונדיטוריית,IL,גל קוטל חרקים סנו K3,גרמים,10.00,100 גרם,false,1,49.90,499.0000,true,1,504180
7290000292502,false,"k-800 קוטל נמלים 300מ""ל","סנו מפעלי ברונוס בע""",IL,קוטל נמלים K-800,מיליליטרים,300.00,"100 מ""ל",false,1,17.90,5.9667,true,1,499308
7290000292533,false,ג'ל סנו כחול לניקוי כללי 1 ליטר,קריות זול,,גל לניקוי כללי סנו 1 ל,ליטרים,1.00,ליטר,false,1,16.90,16.9000,true,1,446541
7290000292687,false,סנובון לאסלה כחול אפרסק נתלה 55X3ג',מיוצר עי קונדיטוריית,IL,סנובון כחול שלישייה,גרמים,165.00,100 גרם,false,1,14.90,9.0303,true,1,448147
7290000292915,false,"סנו רסס ונגב אקדח 750מ""ל","סנו מפעלי ברונוס בע""",IL,סנו רסס ונגב 750 מל,מיליליטרים,750.00,"100 מ""ל",false,1,11.90,1.5867,true,1,448148
7290000293073,false,מרכך כביסה מקסימה ביו לבן 4 ל' סנו,"סנו מפעלי ברונוס בע""",IL,מרכך כביסה סנו מקסימ,ליטרים,4.00,ליטר,false,1,21.90,5.4750,true,1,446671
7290000293561,false,"סנו מסיר עובש 750 מ""ל","סנו מפעלי ברונוס בע""",IL,סנו מסיר עובש,מיליליטרים,750.00,"100 מ""ל",false,1,14.90,1.9867,true,1,446502
7290000293820,false,"קרמה מן שמפו וג'ל גל רחצה אקטיב בלוק 700מ""ל",קוסמופארם בעמ,IL,"ג""ל רחצה קרמה מן אקטיב בלוק 700 מל",מיליליטרים,700.00,"100 מ""ל",false,1,18.90,2.7000,true,1,498529
7290000293943,false,סנו אנטי קאלק מסיר אבנית וחלודה 1ל',מיוצר עי קונדיטוריית,IL,סנו אנטי קאלק מרסס 1,ליטרים,1.00,ליטר,false,1,16.90,16.9000,true,1,449912
7290000295299,false,כרית קרצוף יפניות סנו סושי 4 יח',סנו מפעלי ברונו בעמ,IL,סנו סושי כריות יפניו,Unknown,0.00,Unknown,false,1,11.90,0.0000,true,1,449913
7290000295336,false,"סנו - מקסימה אבקת כביסה סנסטיב 1.25 ק""ג",סנו מפעלי ברונוס בעמ,IL,אבקת כביסה סנו מקסימ,גרמים,1250.00,100 גרם,false,1,14.90,1.1920,true,1,446547
7290000295343,false,"אבקת כביסה מקסימה ביו 1.25 ק""ג סנו",קריות זול,IL,אבקת כביסה סנו מקסימ,גרמים,1250.00,100 גרם,false,1,14.90,1.1920,true,1,446507
7290000295404,false,סנו סושי שקית אשפה חזקות 70*50 60 יח',מיוצר עי קונדיטוריית,IL,סנו סושי 60 שקיות אש,Unknown,0.00,Unknown,false,1,21.90,0.0000,true,1,448152
7290000295565,false,רדיד אלומיניום סנו סושי זוגי 45X7.5מ',בורסה פזרי,IL,רדיד אלומיניום סנו ס,Unknown,0.00,Unknown,false,1,16.90,0.0000,true,1,446508
7290000295572,false,"סנו מנקה אסלות 00 זוג * 750 מ""ל",מיוצר עי קונדיטוריית,IL,"צמד ""00"" סנו מנקה אס",ליטרים,1.50,ליטר,false,1,16.90,11.2667,true,1,446549
7290000300900,false,טבעול שניצל תירס 8*750גרם רכיבים טבעיים,עיצובים 2020 (4.8),IL,טבעול שניצל תירס 750,גרמים,750.00,100 גרם,false,1,24.90,3.3200,true,1,449916
7290000303581,false,פול מצרי A-2 פרי הגליל 560ג',"פרי הגליל בע""""מ",IL,פול מצרי,גרמים,560.00,100 גרם,false,1,6.90,1.2321,true,1,446680
7290000303598,false,שעועית לבנה ברוטב 570 גרם פרי גליל,"פרי הגליל בע""""מ",IL,שעועית לבנה,גרמים,570.00,100 גרם,false,1,6.90,1.2105,true,1,446703
7290000307015,false,אפונת גינה גדול A2 פרי גליל 550ג',"פרי הגליל בע""""מ",IL,אפונה גינה גדולה 550גר,גרמים,550.00,100 גרם,false,1,6.90,1.2545,true,1,446682
7290000307046,false,אפונה גינה וגזר 550 ג' פרי הגליל,"פרי הגליל בע""""מ",IL,אפונה וגזר גינה550גר,גרמים,550.00,100 גרם,false,1,6.90,1.2545,true,1,449435
7290000307237,false,גרעיני תירס מתוק 550 ג' פרי הגליל,"פרי הגליל בע""""מ",IL,"תירס מתוק 550 גר""",גרמים,550.00,100 גרם,false,1,6.90,1.2545,true,1,448168
7290000307343,false,שעועית ירוקה חתוכה A2 פרי גליל 550ג',"פרי הגליל בע""""מ",IL,שעועית ירוקה חתוכה 560 גר,גרמים,560.00,100 גרם,false,1,6.90,1.2321,true,1,446706
7290000311128,false,עוגיות מן חמאה 300 גרם,תות ממתקי איכות,IL,עוגיות בטעם חמאה 300 גר,גרמים,300.00,100 גרם,false,1,7.90,2.6333,true,1,524449
7290000311203,false,וופלים מן שוקולד 200 גר,תות ממתקי איכות,IL,וופל בטעם שוקולד 200 גר,גרמים,200.00,100 גרם,false,1,5.90,2.9500,true,1,524442
7290000311210,false,וופלים מאן לימון 200 גר,רוקחמן,IL,וופל בטעם לימון 200 גר,גרמים,200.00,100 גרם,false,1,5.90,2.9500,true,1,524443
7290000311258,false,ופלים מצופים בטעם שו,מן,IL,וופל מצופה 12 יח 250 גר,גרמים,250.00,100 גרם,false,1,7.90,3.1600,true,1,524451
7290000311272,false,מן-וופלים במילוי חלווה 180 ג,רוקחמן,IL,וופל בטעם חלבה 180 גר,גרמים,180.00,100 גרם,false,1,5.90,3.2778,true,1,524445
7290000311425,false,מאגדת מן וופל מצופה כחול -עשירה 24*10,תות ממתקי איכות,IL,וופל מצופהכחול 24 עשיריות,גרמים,220.00,100 גרם,false,1,8.90,4.0455,true,1,524446
7290000311432,false,עוגיות גרנולה קינמון ללא תוספת סוכר 200ג,רוקחמן,IL,עוגיות גרנולה קינמון ללא סוכר 200 גר,גרמים,200.00,100 גרם,false,1,10.90,5.4500,true,1,524456
7290000311463,false,"עוגיות חיטה מלאה בטעם חמאה 200 גר' לל""ס",רוקחמן,IL,עוגיות חיטה מלאה חמאה ללא סוכר 200 גר,גרמים,200.00,100 גרם,false,1,10.90,5.4500,true,1,524457
7290000311708,false,עוגיות מן חיטה מלאה 300 גרם,תות ממתקי איכות,IL,עוגיות מחיטה מלאה 300 גר,גרמים,300.00,100 גרם,false,1,7.90,2.6333,true,1,524447
7290000311715,false,עוגיות בטעם שוקו מן 300 גר,תות ממתקי איכות,IL,עוגיות כוכבים שוקולד 300 גר,גרמים,300.00,100 גרם,false,1,7.90,2.6333,true,1,524448
7290000311845,false,עוגיות קמח מלא ללא תוספת סוכר מן 200ג,רוקחמן,IL,עוגיות חיטה מלאה ללא סוכר 200 גר,גרמים,200.00,100 גרם,false,1,10.90,5.4500,true,1,524458
7290000311869,false,מן-וופלים בטעם שוק ללא תוספת סוכר 180ג,תות ממתקי איכות,IL,וופל בטעם שוקולד ללא סוכר 180 גר,גרמים,180.00,100 גרם,false,1,8.90,4.9444,true,1,524452
7290000311876,false,מן-וופלים בטעם וניל ללא תוספת סוכר 180ג,רוקחמן,IL,וופל בטעם וניל ללא סוכר 180 גר,גרמים,180.00,100 גרם,false,1,8.90,4.9444,true,1,524453
7290000311883,false,"עוגיות גרנולה לל""ס גרנולה 200 גרם",תות ממתקי איכות,IL,עוגיות גרנולה ללא סוכר 200 גר,גרמים,200.00,100 גרם,false,1,10.90,5.4500,true,1,524455
7290000311890,false,ופל בטעם לימון ללא סוכר 180 גר',"רוקחמן בע""מ",IL,וופל בטעם לימון ללא סוכר 180 גר,גרמים,180.00,100 גרם,false,1,8.90,4.9444,true,1,524454
7290000313160,false,עוגיות חברים זהבה ו-3 הדובים שוקו' אסם 250 גר',היינץ צפון אמריקה מק,IL,עוגיות זהבה ושלושת ה,גרמים,250.00,100 גרם,false,1,7.90,3.1600,true,1,448170
7290000313184,false,עוגיות חברים גן חיות וניל אסם 250 גר',הגביע מוצרי וופלים ב,IL,עוגיות גן חיות טעם ו,גרמים,250.00,100 גרם,false,1,7.90,3.1600,true,1,446707
7290000313290,false,אסם נודלס נודלס אטריות מסולסלות 200גר,תאי פרזידנט פוד בנגק,TH,נודלס איטריות מסולסל,גרמים,200.00,100 גרם,false,1,9.90,4.9500,true,1,448171
7290000315126,false,קנור ציר עוף משפחתי,יוניליוור ישראל מזון,IL,קנור ציר עוף משפחתי,גרמים,300.00,100 גרם,false,1,21.90,7.3000,true,1,448172
7290000315133,false,קנור ציר בקר משפחתי,יוניליוור ישראל מזון,IL,קנור ציר בקר משפחתי,גרמים,300.00,100 גרם,false,1,21.90,7.3000,true,1,448173
7290000318127,false,נקניקיות ביס 380 ג' יחיעם,מעדני יחיעם 1993,IL,נקנקיות ביס 380 גר,גרמים,380.00,100 גרם,false,1,10.90,2.8684,true,1,447348
7290000318479,false,פרושטו בקר יחיעם 100גר,תאי פרזידנט פוד פאבל,IL,פרושוטו בקר 180 גרם,גרמים,100.00,100 גרם,false,1,24.90,24.9000,true,1,446521
7290000318677,false,סלמי סרוולט 150 ג' יחיעם,מעדני יחיעם 1993,IL,סרוולד 150 גרם,גרמים,150.00,100 גרם,false,1,24.90,16.6000,true,1,446732
7290000318707,false,סלמי מעושן 500 ג' יחיעם,מעדני יחיעם 1993,IL,סלמי מעושן,גרמים,500.00,100 גרם,false,1,29.90,5.9800,true,1,446522
7290000318943,false,פסטרמה של פעם יחיעם,תאי פרזידנט פוד פאבל,IL,"פסטרמה של פעם 200 ג""",גרמים,200.00,100 גרם,false,1,24.90,12.4500,true,1,449927
7290000319063,false,כתף בקר מפולפל יחיעם,מעדני יחיעם,IL,כתף בקר מפולפל יחיעם 150 גר,גרמים,150.00,100 גרם,false,1,29.90,19.9333,true,1,497640
7290000319124,false,סלמי סרוולד יחיעם 25,מעדני יחיעם 1993,IL,נקניק סרוולט 250 גר,גרמים,250.00,100 גרם,false,1,34.90,13.9600,true,1,449928
7290000319131,false,נקניקיות עוף 400 ג' יחיעם,מעדני יחיעם 1993,IL,"נקניק עוף 400 ג""ר",גרמים,400.00,100 גרם,false,1,10.90,2.7250,true,1,446526
7290000319414,false,נקנקיות פרמיום בראטו,,,נקניקיות בראטוורסט 280 גר,גרמים,280.00,100 גרם,false,1,23.90,8.5357,true,1,528911
7290000319520,false,סאלמי צרפתי יחיעם 10,מעדני יחיעם 1993,IL,צרפתי 100 גרם,גרמים,100.00,100 גרם,false,1,19.90,19.9000,true,1,447415
7290000319803,false,קבנוס קלאסי 125 ג' יחיעם,תאי פרזידנט פוד פאבל,IL,קבנוס יחיעם קלאסי 125 גר,גרמים,125.00,100 גרם,false,1,12.90,10.3200,true,1,479961
7290000319834,false,קבנוס פפרוני 125 ג' יחיעם,תאי פרזידנט פוד פאבל,IL,קבנוס פפרוני יחיעם קלאסי 125 גר,גרמים,125.00,100 גרם,false,1,12.90,10.3200,true,1,479962
7290000332107,false,קרפיון פרוס טרי במגש,,,קרפיון פרוס שלם,קילוגרמים,1.00,"ק""ג",true,,49.90,49.9000,true,1,470525
7290000332329,false,פילה סלמון טרי במגש,,,סלמון פילה טרי,קילוגרמים,1.00,"ק""ג",true,,139.00,139.0000,true,1,476880
7290000332343,false,אמנון שלם טרי במגש,,,אמנון שלם טרי,קילוגרמים,1.00,"ק""ג",true,,49.90,49.9000,true,1,476881
7290000332350,false,פילה אמנון טרי במגש,,,פילה אמנון טרי,קילוגרמים,1.00,"ק""ג",true,,79.90,79.9000,true,1,476873
7290000332367,false,פילה בורי טרי במגש,,,פילה בורי טרי,קילוגרמים,1.00,"ק""ג",true,,89.90,89.9000,true,1,476874
7290000332374,false,פילה באס טרי במגש,,,פילה דג בסה טרי,קילוגרמים,1.00,"ק""ג",true,,99.90,99.9000,true,1,502131
7290000332398,false,דניס שלם טרי במגש,,,דניס שלם טרי,קילוגרמים,1.00,"ק""ג",true,,79.90,79.9000,true,1,476876
7290000334042,false,"צ'יפס טוגן תפוגן 2 ק""ג","תעשיות תפוגן בע""מ",IL,"תפוגן 2ק""ג",קילוגרמים,2.00,"ק""ג",false,1,24.90,12.4500,true,1,446692
7290000334684,false,טבעות בצל 700 ג' תפוגן,"תעשיות תפוגן בע""מ",IL,תפוגן טבעות בצל 700,גרמים,700.00,100 גרם,false,1,16.90,2.4143,true,1,448181
7290000339191,false,אבקת הלבנה רן ללא כל,קריות זול,IL,"""בדין"" רן הלבנה מיכל",גרמים,350.00,100 גרם,false,1,17.90,5.1143,true,1,446709
7290000339566,false,מרכך כביסה ורוד 4 ל' בדין,יוניליור ישראל טיפוח,IL,מרכך כביסה בדין ורוד,ליטרים,4.00,ליטר,false,1,19.90,4.9750,true,1,447416
7290000341071,false,בדין - מרכך כביסה בייבי לבן 2 ליטר,יוניליוור ישראל טיפו,IL,מרכך בדין בייבי חצי,ליטרים,2.00,ליטר,false,1,14.90,7.4500,true,1,449934
7290000342832,false,מרכך כביסה צהוב 4 ל' בדין,קריות זול,,מרכך כביסה בדין צהוב,ליטרים,4.00,ליטר,false,1,19.90,4.9750,true,1,449937
7290000342856,false,מרכך כביסה כחול 4 ל' בדין,יוניליור ישראל טיפוח,IL,מרכך כביסה בדין כחול,ליטרים,4.00,ליטר,false,1,19.90,4.9750,true,1,449448
7290000345048,false,תה ויסוצקי 74 - 125ג',HIQ FOOD PRODUCTS,IL,"תה ""74"" 125 ג""ר",גרמים,125.00,100 גרם,false,1,12.90,10.3200,true,1,447353
7290000345055,false,תה ויסוצקי ארל גריי 100 ג',מולינו ניקולי s.p.a,IL,"תה ""ארל גריי"" בתפזור",גרמים,100.00,100 גרם,false,1,13.90,13.9000,true,1,449938
7290000345116,false,תה ירוק ויסוצקי 125ג,תה ויסוצקי,IL,תה ירוק בתפזורת 125,גרמים,125.00,100 גרם,false,1,13.90,11.1200,true,1,446530
7290000345215,false,תה ויסוצקי קלאסיק 100/1 כחול מעודן,מולינו ניקולי s.p.a,IL,תה ויסוצקי קלאסיק 10,גרמים,100.00,100 גרם,false,1,15.90,15.9000,true,1,448183
7290000345260,false,תה ויסוצקי קלאסיק 25X1.50יח',מולינו ניקולי s.p.a,IL,תה ויסוצקי קלאסיק 25,גרמים,38.00,100 גרם,false,1,6.90,18.1579,true,1,446531
7290000345277,false,תה ויסוצקי קלאסיק 50,מולינו ניקולי s.p.a,IL,תה ויסוצקי קלאסיק 50,גרמים,75.00,100 גרם,false,1,12.90,17.2000,true,1,446557
7290000345282,false,נתחי פילה סלומון נור,,,נתחי פילה סלומון נורבגי,קילוגרמים,1.00,"ק""ג",true,,99.90,99.9000,true,1,496852
7290000345284,false,תה ויסוצקי קלאסיק טעם עשיר 100/1.5יח',מולינו ניקולי s.p.a,IL,תה ויסוצקי קלאסיק 10,גרמים,150.00,100 גרם,false,1,16.90,11.2667,true,1,446740
7290000345291,false,תה ארל גריי 25 שקיקים ויסוצקי,קריות זול,IL,תה ויסוצקי בלק לייבל 25שקיות,גרמים,38.00,100 גרם,false,1,15.90,41.8421,true,1,447417
7290000345307,false,תה ארל גריי 50 שקיקים ויסוצקי,מולינו ניקולי s.p.a,IL,ויסוצקי ארל גריי 50 שק,גרמים,75.00,100 גרם,false,1,27.90,37.2000,true,1,446711
7290000345435,false,פילה מרלוזה,,,פילה מרלוזה,קילוגרמים,1.00,"ק""ג",true,,35.90,35.9000,true,1,527333
7290000345536,false,תה נענע 25 שקיקים *1.5 ג',מולינו ניקולי s.p.a,IL,תה ויסוצקי פירות נענ 25שקיות,גרמים,42.00,100 גרם,false,1,17.90,42.6190,true,1,447356
7290000346021,false,תה הגן הקסום קמומיל 50יח',בית ויסוצקי,IL,"""הגן הקסום"" קמומיל 5",גרמים,75.00,100 גרם,false,1,29.90,39.8667,true,1,447439
7290000346120,false,תה ויסוצקי חליטת קסם הקינמון 25יח',קריות זול,IL,"""הגן הקסום"" קסם הקינ",גרמים,63.00,100 גרם,false,1,17.90,28.4127,true,1,449941
7290000346137,false,תה הגן הקסום הילולי פירות 25 שקיקים,קריות זול,IL,"""הגן הקסום"" הילולי פ",גרמים,63.00,100 גרם,false,1,17.90,28.4127,true,1,448184
7290000346144,false,תה הגן הקסום תה עינוגי תפוח 25 יח',HIQ FOOD PRODUCTS,IL,"""הגן הקסום"" עינוגי ה",גרמים,68.00,100 גרם,false,1,17.90,26.3235,true,1,446558
7290000346168,false,תה ויסוצקי חליטת שומר הגן הקסום 25יח',קריות זול,IL,"""הגן הקסום"" שומר 25",גרמים,38.00,100 גרם,false,1,17.90,47.1053,true,1,446741
7290000346199,false,תה הגן הקסום תה פירות יער 25 יח',קריות זול,IL,"""הגן הקסום"" פירות יע",גרמים,68.00,100 גרם,false,1,17.90,26.3235,true,1,447357
7290000346205,false,תה הגן הקסום תה קמומיל 25 יח',קריות זול,IL,חליטת הגן הקסום קמומיל 25 שק,גרמים,38.00,100 גרם,false,1,17.90,47.1053,true,1,449450
7290000346229,false,תה הגן הקסום ורד הבר והיביסקוס 25יח',ויסוצקי,IL,"""הגן הקסום"" ורד הבר",גרמים,75.00,100 גרם,false,1,17.90,23.8667,true,1,448186
7290000346960,false,תה ויסוצקי נענע 1.7 גרם 50יח',בית ויסוצקי,IL,תה ויסוצקי פירות נענ,גרמים,85.00,100 גרם,false,1,29.90,35.1765,true,1,446560
7290000347738,false,תה ירוק נענע 25 שקיקים 1.5 גרם,קריות זול,IL,"תה ירוק נענע 25 שק""",גרמים,38.00,100 גרם,false,1,24.90,65.5263,true,1,449452
7290000347752,false,תה ירוק לימונית ולואיזה 25 שקיקים *1.5 ג'' ויסוצקי,קריות זול,IL,תה ירוק לימונית/לואי 25 שקיות,גרמים,38.00,100 גרם,false,1,24.90,65.5263,true,1,446742
7290000355481,false,רסק עגבניות BX22 טומטו 600ג' A2,"מילוז(1989)בע""""מ",IL,רסק עגבניות טומטו 570 גר,גרמים,570.00,100 גרם,false,1,5.90,1.0351,true,1,446743
7290000363363,false,קבנוס מיוחד טירת צבי,הנסיך- מפעל לייצור ט,IL,נקניק קבנוס מיוחד 160 גר,גרמים,160.00,100 גרם,false,1,14.90,9.3125,true,1,469610
7290000364261,false,דקניקים סלסולי כתף בקר 120 ג' טירת צבי,הנסיך- מפעל לייצור ט,IL,סלסולי כתף בקר 120 גר,גרמים,120.00,100 גרם,false,1,12.90,10.7500,true,1,469585
7290000364285,false,דקניקים סלסולי פסטרמה הודו 120 ג' טירת צבי,הנסיך- מפעל לייצור ט,IL,סלסולי פסטרמה הודו 120 גר,גרמים,120.00,100 גרם,false,1,12.90,10.7500,true,1,469587
7290000364858,false,"נקניקיות עוף טרי 1 ק""ג טירת צבי",הנסיך- מפעל לייצור ט,IL,נקניקיות עוף טרי 1 קג,קילוגרמים,1.00,"ק""ג",false,1,24.90,24.9000,true,1,469603
7290000364872,false,נקניקיות עוף טירת צבי 400 ג',טיב טירת צבי 2000,IL,נקניקיות עוף 400 גר,גרמים,400.00,100 גרם,false,1,12.90,3.2250,true,1,469602
7290000364957,false,נקנקיות מיני - מיני עוף טירת צבי 700 ג',הנסיך- מפעל לייצור ט,IL,נקניקיות מיני-מיני עוף 700 גר,גרמים,700.00,100 גרם,false,1,26.90,3.8429,true,1,469604
7290000365817,false,המבורגר טירת צבי 500ג',הנסיך- מפעל לייצור ט,IL,"המבורגר ""טירת צבי"" 500 גר",גרמים,500.00,100 גרם,false,1,19.90,3.9800,true,1,469612
7290000367590,false,צמד כפרי סלמי+פסטרמה 800 גרם טירת צבי,טיב טירת צבי 2000,IL,נקניק צמד כפרי 800 גר,גרמים,800.00,100 גרם,false,1,26.90,3.3625,true,1,469600
7290000369037,true,סלט קוביות בולגרית 2,,,סלט קוביות בולגרית 200 גר,גרמים,200.00,100 גרם,false,1,16.90,8.4500,true,1,497565
7290000369365,false,גבינה בולגרית למריחה,"ניצן מותגי מזון בע""מ",,חציל ערוני 200גר,גרמים,200.00,100 גרם,false,1,14.90,7.4500,true,1,449945
7290000369617,false,כדורי מעדן גבינה בשמן 225 ג' ניצן,"ניצן מותגי מזון בע""מ",IL,כדורי גבינה מעדן 150גר,גרמים,230.00,100 גרם,false,1,20.90,9.0870,true,1,447444
7290000369709,false,ממרח חמאה בטעם שום 1,"ניצן מותגי מזון בע""מ",,חמאה 100גר,גרמים,100.00,100 גרם,false,1,14.90,14.9000,true,1,449454
7290000377209,false,בוטנים מטוגנים קליית,"ג'י אנד ג'י בע""מ",IL,"בוטן מטוגן 200 ג""ר",גרמים,200.00,100 גרם,false,1,7.90,3.9500,true,1,446563
7290000377445,false,נש צאנס קלית גת 200 גר',"ג'י אנד ג'י בע""מ",IL,"צ""אנס שקית 200 ג""ר",גרמים,200.00,100 גרם,false,1,9.90,4.9500,true,1,449457
7290000377452,false,גרעיני אבטיח קלית גת 200 ג',הדקלאים אגודת שיתופי,IL,"גרעני אבטיח 200 ג""ר",גרמים,200.00,100 גרם,false,1,12.90,6.4500,true,1,446758
7290000387043,false,צלעות מס 22 חלק ברזי,,,צלעות מס 22 חלק ברזיל,קילוגרמים,1.00,"ק""ג",true,,37.90,37.9000,true,1,526763
7290000403517,false,חזה אווז ארוז קפוא,,,חזה אווז,קילוגרמים,1.00,"ק""ג",true,,199.90,199.9000,true,1,443984
7290000403715,false,אווז שלם קפוא,,,אווז שלם קפוא,קילוגרמים,1.00,"ק""ג",true,,69.90,69.9000,true,1,521494
7290000403722,false,שומן אווז בוואקום קפ,,,שומן אווז בוואקום קפוא,קילוגרמים,1.00,"ק""ג",true,,79.90,79.9000,true,1,482532
7290000403784,false,צלעות אווז/כנפיים או,,,צלעות אווז/כנפיים אווז קפוא,קילוגרמים,1.00,"ק""ג",true,,34.90,34.9000,true,1,444658
7290000408316,false,דנונה ביו יוגורט טבעי 3% 200 ג',מיוצר עי קונדיטוריית,IL,יוגורט דנונה ביו 3%,גרמים,200.00,100 גרם,false,1,3.60,1.8000,true,1,446566
7290000408354,false,יוגורט עם אורז מצופה שוקולד קקאו 175 ג' דנונה,"שטראוס בריאות בע""מ",IL,מעדן בר פיצפוצים 173 גר,גרמים,173.00,100 גרם,false,1,4.50,2.6012,true,1,446721
7290000411402,false,גאודה בקר הולנדית,,,גאודה בקר הולנדית,קילוגרמים,1.00,"ק""ג",true,,79.00,79.0000,true,1,517498
7290000411426,false,גאודה עיזים הולנדית,,,גאודה עיזים הולנדית,קילוגרמים,1.00,"ק""ג",true,,149.00,149.0000,true,1,517499
7290000411457,false,מנצגו כמהין ספרדי,,,מנצגו כמהין ספרדי,קילוגרמים,1.00,"ק""ג",true,,219.00,219.0000,true,1,517502
7290000411488,false,צדר כתום אנגלי,,,צדר כתום אנגלי,קילוגרמים,1.00,"ק""ג",true,,119.00,119.0000,true,1,517504
7290000411495,false,מנצגו ספרדי,סלטי הכפר,,מנצגו ספרדי,קילוגרמים,1.00,"ק""ג",true,,129.00,129.0000,true,1,487135
7290000411563,false,גבינה פרובולונה,,,גבינה פרובולונה,קילוגרמים,1.00,"ק""ג",true,,129.00,129.0000,true,1,520012
7290000411570,false,גבינה גאודה פסטו,,,גבינה גאודה פסטו,קילוגרמים,1.00,"ק""ג",true,,129.00,129.0000,true,1,520013
7290000412481,false,סנו - מנקה אסלות 00 1 ליטר,מיוצר עי קונדיטוריית,IL,"""00"" מנקה אסלות 1 לי",ליטרים,1.00,ליטר,false,1,7.90,7.9000,true,1,446567
7290000416021,false,ממרח שוקולד השחר חלבי 500 גר',השחר העולה,IL,ממרח השחר 500,גרמים,500.00,100 גרם,false,1,11.90,2.3800,true,1,446568
7290000416809,false,ממרח חצי חצי נוגט אגוזים וקרם חלב השחר 350ג',,,ממרח חצי חצי השחר 350 גר,גרמים,350.00,100 גרם,false,1,10.90,3.1143,true,1,498976
7290000419107,false,לנדוור מקורי - קפה טחון טורקי 100 גרם,קפה לנדוור בע''מ,IL,לנדוור כחול קפה טחון,גרמים,100.00,100 גרם,false,24,7.90,7.9000,true,1,446760
7290000419220,false,קפה כחול לנדוור שלישיה 100*3,קפה לנדוור,IL,לנדוור כחול מארז קפה,גרמים,300.00,100 גרם,false,1,19.90,6.6333,true,1,446724
7290000419374,false,לנדוור לבוקר טחון טורקי 3*100גר,קפה לנדוור,IL,קפה לנדוור טחון טורק,גרמים,300.00,100 גרם,false,1,19.90,6.6333,true,1,447450
7290000419893,false,לנדוור חזק - קפה טחון טורקי 100 גרם,מולינו ניקולי s.p.a,IL,קפה לנדוור טורקי לבו,גרמים,100.00,100 גרם,false,24,7.90,7.9000,true,1,448210
7290000419909,false,לנדוור לבוקר - קפה טחון טורקי 100 גרם,מולינו ניקולי s.p.a,IL,קפה לנדוור אספרסו 10,גרמים,100.00,100 גרם,false,24,7.90,7.9000,true,1,446569
7290000420325,false,פופ קורן טבעי למיקרוגל 5 יח',קריות זול,US,"פופקורן ""פופסטאר"" טב",גרמים,500.00,100 גרם,false,1,12.90,2.5800,true,1,447387
7290000420332,false,פופ קורן חמאה למיקרוגל 5יח',קריות זול,US,"פופקורן פופסטאר בטעם חמאה 500 גר""",גרמים,500.00,100 גרם,false,1,12.90,2.5800,true,1,446570
7290000429591,false,גבינה עדן בסגנון גאו,,,גבינה עדן בסגנון גאודה כמהין,קילוגרמים,1.00,"ק""ג",true,,145.00,145.0000,true,1,495417
7290000429607,false,גבינה נועה מעושנת,,,גבינה נועה מעושנת,קילוגרמים,1.00,"ק""ג",true,,145.00,145.0000,true,1,495419
7290000429614,false,גבינה נועה בזיליקום,,,גבינה נועה בזיליקום,קילוגרמים,1.00,"ק""ג",true,,145.00,145.0000,true,1,495418
7290000430102,false,"שקיות קרח 2 ק""ג ""מר אייס""",אייס קיוב,,"קרח 2 ק""ג",קילוגרמים,2.00,"ק""ג",false,1,9.90,4.9500,true,1,447451
7290000436356,false,סטייק סלמון פרימיום,,,סטייק סלמון פרימיום בוואקום,קילוגרמים,1.00,"ק""ג",true,,69.90,69.9000,true,1,493646
7290000437103,false,גבינה סנט מור פחם,מחלבת הגבינייה,,גבינה סנט מור פחם,קילוגרמים,1.00,"ק""ג",true,,145.00,145.0000,true,1,487473
7290000437127,false,רגל עגל חלב פרוס במג,,,רגל עגל חלב פרוס במגש,קילוגרמים,1.00,"ק""ג",true,,31.90,31.9000,true,1,452118
7290000437288,false,גבינה קממבר,מחלבת הגבינייה,,גבינה קממבר,קילוגרמים,1.00,"ק""ג",true,,145.00,145.0000,true,1,484166
7290000437462,false,גבינה קממבר כמהין,,,גבינה קממבר כמהין,קילוגרמים,1.00,"ק""ג",true,,145.00,145.0000,true,1,484167
7290000437707,false,גבינה נטע מנצגו שחור,מחלבת הגבינייה,,גבינה נטע מנצגו שחורה,קילוגרמים,1.00,"ק""ג",true,,145.00,145.0000,true,1,503942
7290000438445,false,גבינה גליה סנט מור,מחלבת הגבינייה,,גבינה גליה סנט מור,קילוגרמים,1.00,"ק""ג",true,,145.00,145.0000,true,1,484165
7290000438544,false,גבינה ברי,מחלבת הגבינייה,,גבינה ברי,קילוגרמים,1.00,"ק""ג",true,,145.00,145.0000,true,1,487474
7290000442640,false,פילה קט פיש פרמיום ב,,,פילה קט פיש פרמיום בוואקום,קילוגרמים,1.00,"ק""ג",true,,32.90,32.9000,true,1,501032
7290000449128,false,סיף פנטסטיק לימון ניקוי רב תכליתי 4ל',יוניליוור ישראל טיפו,IL,"""סיף פנטסטיק"" לניקוי",ליטרים,4.00,ליטר,false,1,19.90,4.9750,true,1,447390
7290000450209,false,נתחי טונה פוסידון בשמן 110 ג',"מיוצר עי וליגר בעמ,",IL,טונה פוסידון בשמן 10,גרמים,110.00,100 גרם,false,1,5.90,5.3636,true,1,449462
7290000450308,false,נתחי טונה פוסידון במים 110 ג',ויליגר בעמ עבור נטו,IL,טונה פוסידון במים 10,גרמים,110.00,100 גרם,false,1,5.90,5.3636,true,1,447392
7290000451012,false,דג בקלה צעיר,,,דג בקלה צעיר,קילוגרמים,1.00,"ק""ג",true,,20.90,20.9000,true,1,445351
7290000453019,false,שמרים טריים לאפייה שקית שמרית 50 ג',"פאקא תעשיות בע""מ",IL,שמרית,גרמים,50.00,100 גרם,false,1,4.90,9.8000,true,1,447473
7290000453125,false,שמרית שמרים טריים לאפייה +משפר אפייה 100ג,"פאקא תעשיות בע""מ",IL,שמרית משפר לאפיה בית,גרמים,100.00,100 גרם,false,1,7.90,7.9000,true,1,449953
7290000453200,false,בלילה להכנת פנקייק עם רכיבים ביתיים,"פאקא תעשיות בע""מ",DE,שמרית בלילה לפנקייק 750 גר,גרמים,750.00,100 גרם,false,1,21.90,2.9200,true,1,519623
7290000453385,false,שמרים יבשים פאקא אינסטנט 500ג',פאקא תעשיות בעמ,IL,שמרים יבשים פאקא אינסטנט 500 גר,גרמים,500.00,100 גרם,false,1,14.90,2.9800,true,1,483121
7290000453408,true,בצק פיצה דק מצונן ומ,גבינות משק יעקבס,,בצק פיצה דק מצונן ומוכן לאפייה שמרית,גרמים,415.00,100 גרם,false,,15.90,3.8313,true,1,511871
7290000453415,true,בצק עלים מצונן ומוכן,גבינות משק יעקבס,,בצק עלים מצונן ומוכן לאפייה שמרית 300 גר,גרמים,300.00,100 גרם,false,,15.90,5.3000,true,1,511870
7290000453422,true,בצק פילו מצונן ומוכן,גבינות משק יעקבס,,בצק פילו מצונן ומוכן לאפייה שמרית 300 גר,גרמים,300.00,100 גרם,false,,15.90,5.3000,true,1,519619
7290000453484,false,בצק קדאיף מצונן שמרי,פאקא תעשיות בעמ,GR,בצק קדאיף שמרית 350 גר,גרמים,350.00,100 גרם,false,8,14.90,4.2571,true,1,525181
7290000453781,false,שמרים יבשים שמרית 125 ג',STRAUSS-ISRAEL,,שמרים יבשים 125 גר,גרמים,125.00,100 גרם,false,12,5.90,4.7200,true,1,501777
7290000453798,false,שמרים יבשים אקטיביים שימרית 500 ג',"גי' בי' רכיבים בע""מ",,שמרים אקטיביים 500 גר,גרמים,500.00,100 גרם,false,1,12.90,2.5800,true,1,484022
7290000453866,false,נטורינה קוקוס לאפייה שמרית 200ג',גרונבאנג- גרונדנסק א,DK,תחליף מרגרינה נטורינה קוקוס 200 גר,גרמים,200.00,100 גרם,false,1,7.90,3.9500,true,1,494970
7290000453897,false,מרגרינה בטעם חמאה שימרית 200 ג',גרונבאנג- גרונדנסק א,IL,מרגרינה שמרית בטעם חמאה 200 גר,גרמים,200.00,100 גרם,false,1,5.90,2.9500,true,1,484396
7290000455418,false,סטייק טונה בואקום,,,סטייק טונה בואקום,קילוגרמים,1.00,"ק""ג",true,,39.90,39.9000,true,1,495400
7290000461117,false,סטייק אנטריקוט אנגוס,,,סטייק אנטריקוט אנגוס פרמיום מצונן,קילוגרמים,1.00,"ק""ג",true,,229.90,229.9000,true,1,526530
7290000461162,false,פריים ריב מקוצב לטומ,,,פריים ריב מקוצב לטומהוק פרוס בוואקום,קילוגרמים,1.00,"ק""ג",true,,169.90,169.9000,true,1,526745
7290000461625,false,בייגלה שמיניות מלח בייגל בייגל 400 ג',בייגל את בייגל מזון,IL,"שמונה שמונה 400 ג""ר",גרמים,400.00,100 גרם,false,1,9.90,2.4750,true,1,446748
7290000461636,false,אסאדו אנגוס מפורק חצ,,,אסאדו אנגוס מפורק חצוי מצונן חלק,קילוגרמים,1.00,"ק""ג",true,,79.90,79.9000,true,1,526242
7290000461656,false,בייגלה אחד אחד 400 ג' מקלות,בייגל את בייגל מזון,IL,"אחד אחד 400 ג""ר",גרמים,400.00,100 גרם,false,1,9.90,2.4750,true,1,449464
7290000461700,false,בייגלה שמיניות גדולו,בייגל את בייגל מזון,IL,"""בייגל - בייגל"" גדול",גרמים,400.00,100 גרם,false,1,12.90,3.2250,true,1,447475
7290000461728,false,ריב סטייק אנגוס מצונ,,,ריב סטייק אנגוס מצונן חלק בוואקום,קילוגרמים,1.00,"ק""ג",true,,69.90,69.9000,true,1,526241
7290000461940,false,דנוור סטייק אנגוס פר,,,דנוור סטייק אנגוס פרוס מצונן בוואקום,קילוגרמים,1.00,"ק""ג",true,,159.90,159.9000,true,1,526246
7290000462103,false,סחוג אדום חריף עדין (מכסה לבן) 150 גרם,קריניסה ויטמין אס אי,IL,סחוג זהבי אדום 150 ג,גרמים,150.00,100 גרם,false,1,8.50,5.6667,true,1,449467
7290000462141,false,סחוג אדום חריף מאוד (מכסה אדום) 150 גרם,קריניסה ויטמין אס אי,IL,סחוג אדום חריף מאוד 150 גר,גרמים,150.00,100 גרם,false,1,8.50,5.6667,true,1,449955
7290000462172,false,סחוג ירוק חריף מאוד מ.ירוק 150 גרם,קריניסה ויטמין אס אי,IL,סחוג זהבי ירוק וחריף,גרמים,150.00,100 גרם,false,1,8.50,5.6667,true,1,448231
7290000462981,false,סחוג חריף אש 150 גרם,זהבי הכרם,,זחוק חריף אש 150 גר,גרמים,150.00,100 גרם,false,24,8.90,5.9333,true,1,512577
7290000467153,false,צבר חומוס סמיר הגדול 400גר,סלטי צבר,IL,חומוס צבר סמיר הגדול 400גר,גרמים,400.00,100 גרם,false,1,13.90,3.4750,true,1,475287
7290000467320,false,צבר חומוס אבו מרוואן 400גר,צבר,IL,חומוס צבר אבו מרוואן 400גר,גרמים,400.00,100 גרם,false,1,13.90,3.4750,true,1,475286
7290000467511,false,ביסלי חטיף ברביקיו אסם 55 ג',"אסם השקעות בע""מ",IL,ביסלי אסם בטעם ברביקיו 55גר,גרמים,55.00,100 גרם,false,1,3.90,7.0909,true,1,475236
7290000467887,false,ביסלי חטיף פיצה אסם 55 ג',"אסם השקעות בע""מ",IL,ביסלי אסם בטעם פיצה 55גר,גרמים,55.00,100 גרם,false,1,3.90,7.0909,true,1,475238
7290000468747,false,ביסלי חטיף גריל אסם 55 ג',"אסם השקעות בע""מ",IL,ביסלי אסם בטעם גריל 55גר,גרמים,55.00,100 גרם,false,1,3.90,7.0909,true,1,475235
7290000468877,false,ביסלי בטעם בצל 55 ג' אסם,"אסם השקעות בע""מ",IL,ביסלי אסם בטעם בצל 55גר,גרמים,55.00,100 גרם,false,1,3.90,7.0909,true,1,475237
7290000474076,false,חלב 3% טרה 1ל' קרטון מהדרין,קריות זול,IL,חלב בקרטון 3% 1 ליטר,ליטרים,1.00,ליטר,false,1,6.23,6.2300,true,1,447196
7290000474502,false,גבינה לבנה 5% 250ג' טרה מהדרין,קריות זול,IL,"גבינה לבנה 5% 250 ג""",גרמים,250.00,100 גרם,false,1,4.90,1.9600,true,1,446756
7290000474540,false,גבינה טוב טעם 3% טרה 250ג' מהדרין,קריות זול,IL,גבינה טוב טעם 3% 250 גר,גרמים,250.00,100 גרם,false,1,11.90,4.7600,true,1,448239
7290000474830,false,גבינה צהובה מגורדת 28% שומן 500 ג' נעם,מילקו תעשיות בעמ,IL,גבינה מרוסקת,גרמים,500.00,100 גרם,false,1,34.90,6.9800,true,1,447500
7290000480066,false,בוראטה 150 גר,,,בוראטה 150 גר,גרמים,150.00,100 גרם,false,1,26.90,17.9333,true,1,528946
7290000480107,false,קוואקר שיבולת שועל פחית 500 גר',וולקרס סנקס לימיטד,GB,"קוואקר שיבולת שועל פחית 500 ג""ר",גרמים,500.00,100 גרם,false,1,11.90,2.3800,true,1,449966
7290000483139,false,חטיף מרציפן גולמי המ,"המרשלג פרלינס בע""מ",IL,מרציפן המרשלג גולמי 100 גר,גרמים,100.00,100 גרם,false,1,9.90,9.9000,true,1,495138
7290000483412,false,קישוטי עוגה טיפטופים,המרשלג פרלינס בעמ,IL,"קישוט לעוגה ""הרמשלג",גרמים,60.00,100 גרם,false,1,13.90,23.1667,true,1,449474
7290000484722,false,אסאדו בקר קפוא,,,אצבעות אנטריקוט מוכשר פרגוואי,קילוגרמים,1.00,"ק""ג",true,,67.90,67.9000,true,1,505653
7290000484747,false,עראק עלית 700 מל 40% כהל,יקב הגליל שווק בעמ,IL,הארק עלית 700 מל,מיליליטרים,700.00,"100 מ""ל",false,1,59.90,8.5571,true,1,485141
7290000485306,false,עופיון טרי במגש,פריגוצאקו / פרגוואי,,עופיון טרי במגש,קילוגרמים,1.00,"ק""ג",true,,59.90,59.9000,true,1,472190
7290000493176,false,אבקת רוטב צלי לבשר 22ג' אסם,"אסם השקעות בע""מ",IL,"רוטב צלי באבקה 22 ג""",גרמים,22.00,100 גרם,false,1,3.90,17.7273,true,1,449968
7290000493183,false,אבקת רוטב פיטריות 30 ג' אסם,"אסם השקעות בע""מ",IL,רוטב פטריות באבקה 30,גרמים,30.00,100 גרם,false,1,3.90,13.0000,true,1,447424
7290000497044,false,ברמן אקטיב לחם ארוז,מאפית י את א ברמן בע,IL,לחם ברמן אקטיב 750גר,גרמים,750.00,100 גרם,false,1,16.90,2.2533,true,1,476093
7290000497112,false,לחם ברמן אחיד פרוס 750ג',מאפית י את א ברמן בע,IL,לחם אחיד פרוס 750 גר,גרמים,750.00,100 גרם,false,1,6.70,0.8933,true,1,448241
7290000497198,false,מארז פיתות עשירייה אסלי,מאפית י את א ברמן בע,IL,"פיתות ""ברמן אסלי"" 10",Unknown,0.00,Unknown,false,1,12.90,0.0000,true,1,446801
7290000497228,false,לחמניה רגילה בשקית ברמן 6יח',מאפית י את א ברמן בע,IL,6 לחמניות בשקית 450,גרמים,450.00,100 גרם,false,1,10.90,2.4222,true,1,447426
7290000497273,false,לחמניות אקטיב מארז 6 יח',מאפית י את א ברמן בע,IL,לחמניות ברמן אקטיב 450 גר 6 יח,גרמים,450.00,100 גרם,false,1,14.90,3.3111,true,1,485467
7290000497303,false,לחמניה מקמח מלא 6יח' ברמן 450ג',מאפית י את א ברמן בע,IL,6 לחמניות מקמח מלא 4,גרמים,450.00,100 גרם,false,1,11.90,2.6444,true,1,447503
7290000497426,false,לחם לעניין פלוס 500 גר',מאפית י את א ברמן בע,IL,לחם קל לעניין ברמן 500 גר,גרמים,500.00,100 גרם,false,1,16.90,3.3800,true,1,449477
7290000497532,false,"לחם מקמח מלא""לעניין"" 750 גר'",מאפית י את א ברמן בע,IL,לחם ברמן לעניין 750,גרמים,750.00,100 גרם,false,1,14.90,1.9867,true,1,449971
7290000497570,false,לחם דגנים פלוס 500 גר',מאפית י את א ברמן בע,IL,ברמן דגני דגני קלות 500 גר,גרמים,500.00,100 גרם,false,1,14.90,2.9800,true,1,449972
7290000498003,false,לחם מקמח מלא ברמן 75,מאפית י את א ברמן בע,IL,לחם ברמן מקמח מלא 750 גר,גרמים,750.00,100 גרם,false,1,16.90,2.2533,true,1,497903
7290000498034,false,לחם אי פרי קמח כוסמין מלא 750 גר',מאפית י את א ברמן בע,IL,לחם מקמח כוסמין מלא ברמן 750 גר,גרמים,750.00,100 גרם,false,1,16.90,2.2533,true,1,507940
7290000499132,false,נשנושי אסאדו אנגוס ל,,,נשנושי אסאדו אנגוס ללא עצם,קילוגרמים,1.00,"ק""ג",true,,99.90,99.9000,true,1,526243
7290000504025,false,סוכרזית פטריה 300 טבליות,אף.סי תבליני בגליל ב,IL,סוכרזית פטריה 300,גרמים,246.00,100 גרם,false,1,8.90,3.6179,true,1,449482
7290000504209,false,"סוכרזית דיאט טיפ נוזלי 220 מ""ל",אף.סי תבליני בגליל ב,IL,סוכרזית דיאט טיפ נוז,מיליליטרים,220.00,"100 מ""ל",false,1,16.90,7.6818,true,1,447228
7290000504261,false,סוויט דיאט כמו סוכר ממתיק אבקתי 65ג',סוכרזית Sucrazit,IL,סוויט דאיט כמו סוכר 100 גר,גרמים,100.00,100 גרם,false,1,24.90,24.9000,true,1,446778
7290000504278,false,סוכרזית - קלאסי פטנט 700 טבליות,אף.סי תבליני בגליל ב,IL,סוכרזית פטנט 700,גרמים,57.00,100 גרם,false,1,15.90,27.8947,true,1,447506
7290000518176,false,ממתיק דקסטרוזה וסכרי,מתוק וקל בעמ,IL,ממתיק דקסטרוזה וסכרין שקיות 250 יח,Unknown,0.00,Unknown,false,1,27.90,0.0000,true,1,447509
7290000521008,false,"יין אדום יבש סגל 750 מ""ל",כרמי צבי - אחים סגל,IL,"יין ""סגל"" אדום יבש 0",מיליליטרים,750.00,"100 מ""ל",false,1,22.90,3.0533,true,1,447432
7290000521015,false,"יין סגל לבן יבש 750מ""ל","מיוצר ע""י כרמי צבי-",IL,"יין ""סגל"" לבן יבש 0.",מיליליטרים,750.00,"100 מ""ל",false,1,22.90,3.0533,true,1,447510
7290000521022,false,יין של סגל לבן חצי י,"מיוצר ע""י כרמי צבי-",IL,"יין ""סגל"" לבן חצי יב",מיליליטרים,750.00,"100 מ""ל",false,1,22.90,3.0533,true,1,449981
7290000521404,false,"יין מרום גליל קברנה סוביניון סינגל 750 מ""ל",כרמי צבי אחים סגל בע,IL,"יין ""מרום גליל"" קברנ",מיליליטרים,750.00,"100 מ""ל",false,1,39.90,5.3200,true,1,447433
7290000521411,false,יין מרום גליל סינגל מרלו 750מל,כרמי צבי אחים סגל בע,IL,"יין ""מרום גליל"" מרלו",מיליליטרים,750.00,"100 מ""ל",false,1,39.90,5.3200,true,1,447512
7290000522142,false,חלב הרים עמיד 1 ליטר,"מחלבות רמת הגולן בע""",IL,חלב הרים טהור 3% 1ל,ליטרים,1.00,ליטר,false,1,9.90,9.9000,true,1,447237
7290000522166,false,חלב הרים עמיד נטול ל,"מחלבות רמת הגולן בע""",IL,חלב הרים טהור נטול לקטוז 3% 1ל,ליטרים,1.00,ליטר,false,1,10.90,10.9000,true,1,468913
7290000522272,false,חלב הרים שמנת לקפה 1,"מחלבות רמה""ג",IL,"שמנת לקפה 10% 500 מ""ל",מיליליטרים,500.00,"100 מ""ל",false,1,9.90,1.9800,true,1,477596
7290000523125,false,מלח הארץ הים האדום 250 ג' עדין,חברת מלח הארץ אילת ב,IL,"מלח ים יבש 250 ג""ר",גרמים,250.00,100 גרם,false,1,5.90,2.3600,true,1,449987
7290000523224,false,מלח הארץ הים האדום 500 ג' עדין,חברת מלח הארץ אילת ב,IL,מלח הארץ ים יבש 500,גרמים,500.00,100 גרם,false,1,7.90,1.5800,true,1,447238
7290000523514,false,מלח הארץ 50% מכמות הנתרן 250 גרם,חברת מלח הארץ אילת ב,IL,מלח הארץ מופחת נתרן,גרמים,250.00,100 גרם,false,1,9.90,3.9600,true,1,446779
7290000523521,false,מלח ים מועשר ביוד 250 ג' מלח הארץ,חברת מלח הארץ אילת ב,IL,מלח הארץ מועשר ביוד,גרמים,250.00,100 גרם,false,1,5.90,2.3600,true,1,446811
7290000523804,false,"מלח עדין צנצנת 1 ק""ג מלח הארץ",חברת מלח הארץ אילת ב,IL,"צנצנת מלח עדין 1 ק""ג",קילוגרמים,1.00,"ק""ג",false,1,6.90,6.9000,true,1,449988
7290000523811,false,"צנצנת מלח גס 1 ק""ג מלח הארץ",חברת מלח הארץ אילת ב,IL,"צנצנת מלח גס 1 ק""ג",קילוגרמים,1.00,"ק""ג",false,1,6.90,6.9000,true,1,447239
7290000525969,false,פרימור סחוט תפוזים טבעי 1ל',"גניר (1992) בע""מ",IL,"מיץ ""פרימור"" תפוזים",מיליליטרים,1000.00,"100 מ""ל",false,1,16.90,1.6900,true,1,448273
7290000530086,false,נקניק סלמי מעושן 600 ג' זוגלובק,נקניק נהריה כשר זוגל,IL,נקניק סלמי מעושן 700,גרמים,600.00,100 גרם,false,1,29.90,4.9833,true,1,448274
7290000530109,false,קבנוס זוגי בואקום זוגלובק 180ג',נקניק נהריה כשר זוגל,IL,קבנוס מארז זוג,גרמים,360.00,100 גרם,false,1,29.90,8.3056,true,1,448275
7290000530116,false,נקניק סלמי מעושן בשן 470 ג' זוגלובק,נקניק נהריה כשר זוגל,IL,נקניק בשן 8000,גרמים,470.00,100 גרם,false,1,25.90,5.5106,true,1,447438
7290000530413,false,המבורגר זהב זוגלובק 400 גר',נקניק נהריה כשר זוגל,IL,המבורגר זהב,גרמים,400.00,100 גרם,false,1,19.90,4.9750,true,1,447514
7290000530598,false,נקניקיות וינר 500 ג' טרי זוגלובק,נקניק נהריה כשר זוגל,IL,נקניקיות וינר גוליבר,גרמים,500.00,100 גרם,false,1,14.90,2.9800,true,1,447458
7290000530703,false,זוג במארז חרמון הודו + סלמי תה זוגלובק 800 גר',נקניק נהריה כשר זוגל,IL,"תה מעושן 400 ג""ר+חרמ",גרמים,800.00,100 גרם,false,1,26.90,3.3625,true,1,447240
7290000531601,false,סטייק בורגר זהב זוגלובק 400ג',נקניק נהריה כשר זוגל,IL,סטייק בורגר 400 גר,גרמים,400.00,100 גרם,false,1,19.90,4.9750,true,1,449990
7290000531977,false,בורקס גבינה 800 ג' זוגלובק,נקניק נהריה כשר זוגל,IL,"בורקס גבינה 800 ג""ר",גרמים,800.00,100 גרם,false,1,17.90,2.2375,true,1,449486
7290000533353,false,"בצק עלים צרפתי 1 ק""ג זוגלובק",מאפיית אריאל וגידרון,IL,בצק עלים צרפתי,קילוגרמים,1.00,"ק""ג",false,1,17.90,17.9000,true,1,448278
7290000536743,false,קריספי סטיקס תירס 500 ג' זוגלובק,נקניק נהריה כשר זוגל,IL,קריספי סטיקס תירס 500גר,גרמים,500.00,100 גרם,false,1,16.90,3.3800,true,1,478414
7290000537566,false,נקניקיות עוף טרי 400 ג' זוגלובק,נקניק נהריה כשר זוגל,IL,"נקניקיות עוף 400 גר""",גרמים,400.00,100 גרם,false,1,13.90,3.4750,true,1,449488
7290000540009,false,מדליק פחם שקד ראש גפ,,,מדליק פחם שקד ראש גפרור,Unknown,0.00,Unknown,false,30,5.90,0.0000,true,1,512289
7290000540092,false,קשים מתכלה לשתיה 100,,,קשים מתכלה לשתיה 100 יח,Unknown,0.00,Unknown,false,1,6.90,0.0000,true,1,527502
7290000540153,false,טישו שולחני בקופסא מ,,,טישו שולחני בקופסא מעוצבת 48 יח,Unknown,0.00,Unknown,false,1,4.90,0.0000,true,1,516532
7290000540177,false,טישו שולחני בקופסא מ,,,טישו שולחני בקופסא מעוצבת 100 יח,Unknown,0.00,Unknown,false,1,5.90,0.0000,true,1,516533
7290000540665,false,מפיות מודפסות 20 יח,,,מפיות מודפסות 20 יח,Unknown,0.00,Unknown,false,1,4.90,0.0000,true,1,526080
7290000554402,false,מלבי 160גר מחלבות גד,"מיוצר ע""י קוד יצרן E",IL,מלבי 5% 160 גרם,גרמים,160.00,100 גרם,false,1,5.90,3.6875,true,1,446788
7290000554471,false,גבינת מוצרלה 22% נקניק 180ג' גד,"מחלבות גד בע""מ",IL,גבינה מוצרלה 22% 180 ג,גרמים,180.00,100 גרם,false,1,17.90,9.9444,true,1,447463
7290000554532,false,גבינה צפתית מעודנת במלח ים 5% 200 ג' גד,הנסיך- מפעל לייצור ט,IL,צפתית מעודנת מלח ים 200גר,גרמים,200.00,100 גרם,false,1,14.90,7.4500,true,1,448296
7290000554600,false,מוצרלה מגורדת 18% 300 גרם - רובין,מחלבות גד בעמ,IL,מוצרלה מגורדת 22% 300גר,גרמים,300.00,100 גרם,false,1,26.90,8.9667,true,1,449492
7290000554686,false,לאבנה שמן זית וזעתר 5% 250 גרם - רבנות,מחלבות גד בעמ,IL,לבנה בשמן זית וזתר 5,גרמים,250.00,100 גרם,false,1,14.90,5.9600,true,1,447464
7290000554822,false,גבינת ריקוטה טבעי 5% שומן 250 ג' גד,מחלבות גד בעמ,IL,ריקוטה 5% 250 גרם,גרמים,250.00,100 גרם,false,1,13.90,5.5600,true,1,447465
7290000554839,false,שמנת מתוקה קשה בסגנון איטלקי 40% שומן 250 ג' גד,מחלבות גד בעמ,IL,גבינה מסקרפונה 40% 250 גרם,גרמים,250.00,100 גרם,false,1,21.90,8.7600,true,1,449995
7290000555502,false,בקבוק 1.20 ₪,,,בקבוק 1.20 ₪,Unknown,0.00,Unknown,false,1,1.20,0.0000,true,1,442700
7290000555503,false,פיקדון בירה קוזל,,,פיקדון בירה קוזל,Unknown,0.00,Unknown,false,1,1.20,0.0000,true,1,447299
7290000560021,false,אדג' ג'ל ורוד נגד חתכים 198ג',המאפיה של הרמן,US,אדג גל לגילוח נגד חתכים 200 גרם,גרמים,200.00,100 גרם,false,1,16.90,8.4500,true,1,449493
7290000560533,false,אדג' ג'ל ירוק לעור רגיל 198גרם,אס.סי ג'ונסון ובניו,US,אדג גל לגילוח ירוק לעור רגיל 200 גרם,גרמים,200.00,100 גרם,false,1,16.90,8.4500,true,1,446790
7290000560540,false,אדג' ג'ל כתום לעור רגיש 198גרם,המאפיה של הרמן,US,אדג גל לגילוח לעור רגיש 200 גרם,גרמים,200.00,100 גרם,false,1,16.90,8.4500,true,1,449996
7290000560557,false,אדג ג'ל תכלת לרכוך העור 198 ג',אס.סי ג'ונסון ובניו,US,אדג גל לגילוח סגול לעור לריכוך 200 גרם,גרמים,200.00,100 גרם,false,1,16.90,8.4500,true,1,447543
7290000571154,false,פילה טונה פרוס בוואק,,,פילה טונה פרוס בוואקום,קילוגרמים,1.00,"ק""ג",true,,54.90,54.9000,true,1,494453
7290000571386,false,יוגורט כבשים 850 ג' יוגורמה,גבינות משק אחים מאיר,IL,יוגורמה יוגורט כבשים בדלי 850 גר,גרמים,850.00,100 גרם,false,1,26.90,3.1647,true,1,449997
7290000571550,false,סטייק טונה אלבקור בו,,,סטייק טונה אלבקור בוואקום,קילוגרמים,1.00,"ק""ג",true,,49.90,49.9000,true,1,497141
7290000572529,false,חלבה פיסטוק מגש אחווה 400ג',אחדות ביחר לטחינה חל,IL,חלבה פיסטוק 400 גר,גרמים,400.00,100 גרם,false,1,15.90,3.9750,true,1,499087
7290000572543,false,חלבה שוקו וניל אחווה 400ג',אחדות ביחר לטחינה חל,IL,חלוה שיש 400 גרם,גרמים,400.00,100 גרם,false,1,13.90,3.4750,true,1,448300
7290000572601,false,מכסה הצלע מס 77 חלק,,,מכסה הצלע מס 77 חלק ארגנטינה,קילוגרמים,1.00,"ק""ג",true,,34.90,34.9000,true,1,526759
7290000572618,false,מכסה הצלע מס 77 מוכש,,,מכסה הצלע מס 77 מוכשר ארגנטינה,קילוגרמים,1.00,"ק""ג",true,,34.90,34.9000,true,1,526760
7290000579768,false,צלי כתף 5 מוכשר ברזי,,,צלי כתף מס 5 ברזיל מוכשר,קילוגרמים,1.00,"ק""ג",true,,79.90,79.9000,true,1,475717
7290000581990,false,צלי כתף מס 5 פרגוואי,,,צלי כתף מס 5 פרגוואי מוכשר,קילוגרמים,1.00,"ק""ג",true,,79.90,79.9000,true,1,473420
7290000598472,false,סלמון מנות נורבגי בו,,,מנות פילה סלמון נורווגי פרוס,קילוגרמים,1.00,"ק""ג",true,,99.90,99.9000,true,1,493531
7290000604343,false,תמר דקל נור 400 גר,פרי וירק טמרה ושותפי,,תמר דקל נור 400 גרם,גרמים,400.00,100 גרם,false,1,9.90,2.4750,true,1,449498
7290000610334,false,כתף מס 44 חלק אורוגו,,,כתף מס 44 חלק אורוגוואי,קילוגרמים,1.00,"ק""ג",true,,39.90,39.9000,true,1,526758
7290000621966,false,ברווז שלם ארוז,,,ברווז שלם ארוז,קילוגרמים,1.00,"ק""ג",true,,59.90,59.9000,true,1,516045
7290000644598,false,דג יבש,,,דג יבש,קילוגרמים,1.00,"ק""ג",true,,99.00,99.0000,true,1,526066
7290000644783,false,נתחי פילה סלמון בואק,X MAK,DK,מנות סלמון ממותג,קילוגרמים,1.00,"ק""ג",true,,99.90,99.9000,true,1,478323
7290000646299,false,פילה נסיכת הנילוס קפ,,ZA,פילה נסיכת הנילוס,קילוגרמים,1.00,"ק""ג",true,,49.90,49.9000,true,1,511145
7290000649144,false,זוג עופיונים טרי,פריגוצאקו / פרגוואי,,זוג עופיונים טרי,קילוגרמים,1.00,"ק""ג",true,,59.90,59.9000,true,1,524216
7290000652177,false,נתחי פילה נסיכת הנילוס 100%,,,נתחי פילה נסיכת הנילוס,קילוגרמים,1.00,"ק""ג",true,,59.90,59.9000,true,1,511146
7290000652894,false,תנובה סטייק טונה קפוא ארוז,,,סטייק דג טונה,קילוגרמים,1.00,"ק""ג",true,,44.90,44.9000,true,1,511144
7290000654546,false,פילה אמנון 7-9 100% דג,תנובה,IL,פילה אמנון 7-9,קילוגרמים,1.00,"ק""ג",true,,29.90,29.9000,true,1,511142
7290000657866,false,פילה אמנון 5-7,דלידג,,פילה אמנון 5-7,קילוגרמים,1.00,"ק""ג",true,,29.90,29.9000,true,1,472620
7290000659312,false,דגי תנובה פילה סלומון קפוא בוואקום,PEQUERA DEL,,פילה דג סלמון פרימיום,קילוגרמים,1.00,"ק""ג",true,,89.90,89.9000,true,1,469186
7290000688077,false,"מי עדן 0.500 מ""ל פקק רגיל",מופק ממקור בזלתי עדן,IL,מי עדן 0.5 ליטר,מיליליטרים,500.00,"100 מ""ל",false,1,3.90,0.7800,true,1,446858
7290000688080,false,פילה דג זהבנון,א.ר.ד.י.ו,,פילה דג זהבנון,קילוגרמים,1.00,"ק""ג",true,,17.90,17.9000,true,1,499872
7290000688374,false,"מי עדן בייבי מארז 330X6 מ""ל","מי עדן בע""מ",,שישיית מי עדן בייבי,מיליליטרים,1980.00,"100 מ""ל",false,1,14.90,0.7525,true,1,447489
7290000688381,false,מי עדן פקק ספורט 6*500 מל.,"מי עדן בע""מ",IL,שישיית סנופי 0.5 ליט,ליטרים,3.00,ליטר,false,1,13.90,4.6333,true,1,448313
7290000688503,false,מים מינרליים מי עדן,"מי עדן בע""מ",IL,מי עדן ספורט 0.75 לי,ליטרים,4.50,ליטר,false,1,16.90,3.7556,true,1,448314
7290000692203,false,אג'קס ניקוי כללי 2לימון-מרכז,הנסיך- מפעל לייצור ט,BY,"נוזל לניקוי כללי ""אג",ליטרים,2.00,ליטר,false,1,21.90,10.9500,true,1,448315
7290000692210,false,אג'קס ניקוי כללי לוונדר 2ל',הנסיך- מפעל לייצור ט,GR,"נוזל לניקוי כללי ""אג",ליטרים,2.00,ליטר,false,1,21.90,10.9500,true,1,449502
7290000692227,false,נוזל כלים פלמוליב צילינדר קלאסי 1 ליטר,יבואן ומשווק: ש. שסט,GR,"נוזל כלים ""פלמוליב""",ליטרים,1.00,ליטר,false,1,13.90,13.9000,true,1,449503
7290000692456,false,אג'קס חלונות זוג 750*2 מל ספריי ורפיל,הנסיך- מפעל לייצור ט,GR,זוג נוזל לניקוי חלונ,מיליליטרים,1500.00,"100 מ""ל",false,1,24.90,1.6600,true,1,446859
7290000697272,false,גבינה תום מונפורטו ע,בי או די רגבים,,גבינה תום מונפורטו עיזים,קילוגרמים,1.00,"ק""ג",true,,220.00,220.0000,true,1,477650
7290000697289,false,גבינה מורבייה עיזים,בי או די רגבים,,גבינה מורבייה עיזים,קילוגרמים,1.00,"ק""ג",true,,220.00,220.0000,true,1,477651
7290000697296,false,גבינה תום בורדו עיזי,בי או די רגבים,,גבינה תום בורדו עיזים,קילוגרמים,1.00,"ק""ג",true,,240.00,240.0000,true,1,477652
7290000697326,false,גבינה פיקורינו,בי או די רגבים,,גבינה פיקורינו,קילוגרמים,1.00,"ק""ג",true,,220.00,220.0000,true,1,477655
7290000697333,false,גבינה קממבר עיזים,בי או די רגבים,,גבינה קממבר עיזים,קילוגרמים,1.00,"ק""ג",true,,200.00,200.0000,true,1,477656
7290000697340,false,גבינה ברי עיזים,בי או די רגבים,,גבינה ברי עיזים,קילוגרמים,1.00,"ק""ג",true,,200.00,200.0000,true,1,477657
7290000697357,false,גבינה ולנסי עיזים,בי או די רגבים,,גבינה ולנסי עיזים,קילוגרמים,1.00,"ק""ג",true,,220.00,220.0000,true,1,477658
7290000697364,false,גבינה פרובנס עיזים,בי או די רגבים,,גבינה פרובנס עיזים,קילוגרמים,1.00,"ק""ג",true,,220.00,220.0000,true,1,477659
7290000697371,false,גבינה קממבר כמהין,בי או די רגבים,,גבינה קממבר כמהין,קילוגרמים,1.00,"ק""ג",true,,220.00,220.0000,true,1,477660
7290000697388,false,גבינה קממבר גלילי,בי או די רגבים,,גבינה קממבר גלילי,קילוגרמים,1.00,"ק""ג",true,,160.00,160.0000,true,1,477661
7290000697395,false,גבינה בר גלילי,בי או די רגבים,,גבינה בר גלילי,קילוגרמים,1.00,"ק""ג",true,,160.00,160.0000,true,1,477662
7290000697494,false,גבינה תום כמהין,בי או די רגבים,,גבינה תום כמהין,קילוגרמים,1.00,"ק""ג",true,,240.00,240.0000,true,1,477667
7290000706731,false,רצועות פילה נסיכת הנ,,,רצועות פילה נסיכת הנילוס /לא מעובד,קילוגרמים,1.00,"ק""ג",true,,59.90,59.9000,true,1,472116
7290000714339,false,וינר חדש עבה בואקום,מעדני מניה תעשיות בש,,וינר חדש עבה בואקום,קילוגרמים,1.00,"ק""ג",true,,69.00,69.0000,true,1,471722
7290000718993,false,פילה דג סלמון קפוא,,,פילה דג סלמון קפוא,קילוגרמים,1.00,"ק""ג",true,,89.90,89.9000,true,1,495262
7290000768294,false,פילה אמנון 5-7 ללא ע,,,פילה אמנון 5-7 ללא עור בוואקום,קילוגרמים,1.00,"ק""ג",true,,29.90,29.9000,true,1,507531
7290000775317,false,פילה זהבנון 1 קג,דלידג,,"פילה זהבנון 1 ק""""ג",קילוגרמים,1.00,"ק""ג",false,1,24.90,24.9000,true,1,444307
7290000776141,false,שיפודי פרגית,,,שיפודי פרגית,קילוגרמים,1.00,"ק""ג",true,,59.90,59.9000,true,1,517070
7290000796670,false,בשר צלי כתף מס 5,,,בשר צלי כתף מס 5,קילוגרמים,1.00,"ק""ג",true,,79.90,79.9000,true,1,513636
7290000796748,false,לשון בקר קפוא,,,לשון בקר קפוא,קילוגרמים,1.00,"ק""ג",true,,34.90,34.9000,true,1,502438
7290000805368,false,מזון כלבים בונזו גור,אף.סי תבליני בגליל ב,FR,"בונזו גורים 3 ק""ג",קילוגרמים,3.00,"ק""ג",false,1,69.90,23.3000,true,1,450017
7290000805597,false,בונזו 7+ לכלבים 3קג,קריות זול,FR,"בונזו ""סניור 7+"" 3 קג",קילוגרמים,3.00,"ק""ג",false,1,49.90,16.6333,true,1,446827
7290000805795,false,חול לחתולים יורו קיט,דולפין ספא,IL,"חול לחתולים 10 ק""ג",קילוגרמים,10.00,"ק""ג",false,1,34.90,3.4900,true,1,447314
7290000805900,false,"לה קט עוף 2.85 ק""ג",קריות זול,FR,"לה קט עוף 2.85 ק""ג",קילוגרמים,2.85,"ק""ג",false,1,57.90,20.3158,true,1,446863
7290000805917,false,"לה קט כבד 2.85 ק""ג",קריות זול,FR,"לה קט כבד 2.85 ק""ג",קילוגרמים,2.85,"ק""ג",false,1,57.90,20.3158,true,1,447573
7290000805924,false,מזון חתולים לה קט דג,קריות זול,FR,"לה קט דגים 2.85 ק""ג",קילוגרמים,2.85,"ק""ג",false,1,57.90,20.3158,true,1,449509
7290000816017,false,פילה דג סלמון קפוא,,,פילה דג סלמון קפוא,קילוגרמים,1.00,"ק""ג",true,,79.90,79.9000,true,1,519150
7290000825235,false,תפוא קטנטנים לאפייה,,,תפוא קטנטנים לאפייה לבנים,קילוגרמים,1.00,"ק""ג",true,,6.90,6.9000,true,1,527158
7290000835107,false,פילה מדומה מס 6 מוכש,,,פילה מדומה מס 6 מוכשר ארגנטינה,קילוגרמים,1.00,"ק""ג",true,,41.90,41.9000,true,1,526762
7290000835121,false,שריר הזרוע מס 8 ארגנ,,,שריר הזרוע מס 8 ארגנטינה,קילוגרמים,1.00,"ק""ג",true,,34.90,34.9000,true,1,523817
7290000835442,false,פילה מדומה מס 6 חלק,,,פילה מדומה מס 6 חלק ארגנטינה,קילוגרמים,1.00,"ק""ג",true,,41.90,41.9000,true,1,526761
7290000835466,false,שריר הזרוע מס' 8 חלק,,,שריר הזרוע מס 8 חלק ארגנטינה,קילוגרמים,1.00,"ק""ג",true,,34.90,34.9000,true,1,526764
7290000835954,false,פילה אמנון 5-7 בוואק,,,פילה אמנון 5-7 בוואקום,קילוגרמים,1.00,"ק""ג",true,,29.90,29.9000,true,1,512148
7290000835992,false,פילה דג נסיכת הנילוס,,,פילה דג נסיכת הנילוס פרוס גמבו בוואקום,קילוגרמים,1.00,"ק""ג",true,,69.90,69.9000,true,1,513132
7290000836496,false,גבינה ברי אגוזים,מחלבת הגבינייה,,גבינה ברי אגוזים,קילוגרמים,1.00,"ק""ג",true,,145.00,145.0000,true,1,484168
7290000846237,false,צלי כתף מס 5 לא מעוב,,,צלי כתף מס 5 לא מעובד חלק מהדרין,קילוגרמים,1.00,"ק""ג",true,,51.90,51.9000,true,1,511521
7290000850438,false,סטייק טונה קפוא 8-10,אקוואטיק,,סטייק טונה קפוא 8-10,קילוגרמים,1.00,"ק""ג",true,,74.90,74.9000,true,1,504638
7290000909804,false,פילה מרלוזה ללא עור,,,פילה מרלוזה ללא עור ארוז,קילוגרמים,1.00,"ק""ג",true,,36.90,36.9000,true,1,485735
7290000919179,false,פילה אמנון 5-7 ללא ע,,,פילה אמנון 5-7 ללא עור בוואקום,קילוגרמים,1.00,"ק""ג",true,,29.90,29.9000,true,1,492805
7290000927044,false,בשר מס 5 צלי כתף,,,"בשר מס"" 5 צלי כתף",קילוגרמים,1.00,"ק""ג",true,,36.90,36.9000,true,1,443270
7290000927051,false,בשר מס 6 פילה מדומה,,,"בשר מס"" 6 פילה מדומה",קילוגרמים,1.00,"ק""ג",true,,36.90,36.9000,true,1,445662
7290000927105,false,צלי ברשת,,,צלי ברשת,קילוגרמים,1.00,"ק""ג",true,,39.90,39.9000,true,1,445663
7290000927464,false,גולש עגל,,,גולש עגל במגשים,קילוגרמים,1.00,"ק""ג",true,,34.90,34.9000,true,1,443702
7290000927471,false,צלי עגל,,,צלי עגל,קילוגרמים,1.00,"ק""ג",true,,41.90,41.9000,true,1,445665
7290000927518,false,טבעות עגל,,,טבעות עגל,קילוגרמים,1.00,"ק""ג",true,,41.90,41.9000,true,1,444345
7290000927655,false,שניצל עגל,,,שניצל עגל,קילוגרמים,1.00,"ק""ג",true,,39.90,39.9000,true,1,445006
7290000961613,false,חסה אלון ירוק אדום,מרינה פטריות הגליל,IL,חסה זוגות,Unknown,0.00,Unknown,false,1,7.90,0.0000,true,1,450021
7290000982323,false,לשון בקר קפוא מוכשר,,,לשון בקר קפוא מוכשר,קילוגרמים,1.00,"ק""ג",true,,32.90,32.9000,true,1,518797
7290000999984,false,הצטרפות מועדון מהקופ,,,הצטרפות מועדון מהקופה,Unknown,0.00,Unknown,false,1,0.01,0.0000,true,1,495555
7290001045169,false,פרימור סחוט תפוחי עץ צלול 1 ל',"גניר (1992) בע""מ",IL,"מיץ ""פרימור"" תפוחים",ליטרים,1.00,ליטר,false,1,16.90,16.9000,true,1,448329
7290001050064,false,"אבקת סוכר 1 ק""ג",ר.ס.,,"אבקת סוכר 1 ק""ג",קילוגרמים,1.00,"ק""ג",false,1,12.90,12.9000,true,1,447890
7290001072882,false,"שמפו לסירוק קל נובו 700 מ""ל",סאסאטק,IL,שמפו לסירוק קל נובו 700 מל,מיליליטרים,700.00,"100 מ""ל",false,12,12.90,1.8429,true,1,513566
7290001072899,false,נובו מרכך לסירוק קל,סאסאטק,IL,מרכך לסירוק קל נובו 700 מל,מיליליטרים,700.00,"100 מ""ל",false,12,12.90,1.8429,true,1,513565
7290001072905,false,תרסיס לסירוק קל נובו,,,תרסיס לסירוק קל נובו 200 מל,מיליליטרים,200.00,"100 מ""ל",false,12,15.90,7.9500,true,1,513567
7290001121054,false,צמד חמד יחיעם 700 גר,תאי פרזידנט פוד פאבל,IL,צמד חמד 700 גרם,גרמים,700.00,100 גרם,false,1,25.90,3.7000,true,1,447892
7290001121238,false,קורנדביף יחיעם 180גר,מעדני יחיעם 1993,IL,קורנדביף 180 גרם,גרמים,180.00,100 גרם,false,1,24.90,13.8333,true,1,447893
7290001121931,false,קבנוס מקסיקני דק 125 ג' יחיעם,מעדני יחיעם 1993,,קבנוס מקסיקני דק דק 125 גר,גרמים,125.00,100 גרם,false,1,12.90,10.3200,true,1,469661
7290001121979,false,סלמי הרץ יחיעם 150 ג,תאי פרזידנט פוד פאבל,IL,"סלמי הרץ 150 ג""ר",גרמים,150.00,100 גרם,false,1,24.90,16.6000,true,1,448331
7290001123775,false,שווארמה פרגיות 500 ג',"טיבול ויל אחזקות בע""",IL,שווארמה פרגיות 500 ג,גרמים,500.00,100 גרם,false,1,25.90,5.1800,true,1,449516
7290001123782,false,שווארמה הודו 500 גרם,טיבון ויל,IL,שווארמה הודו 500 גרם,גרמים,500.00,100 גרם,false,1,25.90,5.1800,true,1,447599
7290001124611,false,שומן כבש קפוא 200ג',טיבון ויל,,"שומן כבש 200 גר""",גרמים,200.00,100 גרם,false,1,19.90,9.9500,true,1,446848
7290001133958,false,צוריסוס קפוא 500 ג' /16 יח',,,"צ""וריסוס קפוא 500 גר",גרמים,500.00,100 גרם,false,1,24.90,4.9800,true,1,447602
7290001136287,false,"נקה 7 - שמפו רגיל ירוק 750 מ""ל","קוסמופארם בעמ, ח.פ 5",IL,נקה 7 שמפו רגיל ירוק,מיליליטרים,750.00,"100 מ""ל",false,1,11.90,1.5867,true,1,447894
7290001136294,false,"שמפו נקה 7 לשיער יבש אדום 750מ""ל",גוד פוד פרודקטס S.p,IL,שמפו נקה 7 לשיער צבו,מיליליטרים,750.00,"100 מ""ל",false,1,11.90,1.5867,true,1,447895
7290001178508,false,גליל מפת שולחן שקוף,,,גליל מפת שולחן שקוף,Unknown,0.00,Unknown,false,1,17.90,0.0000,true,1,494368
7290001199008,false,גזר בסיגנון קוריאני,סלטי עמים ברדה,,גזר בסיגנון קוריאני,Unknown,0.00,Unknown,false,1,8.90,0.0000,true,1,449521
7290001199022,false,גמבה במרינדה 400 גר,סלטי עמים ברדה,,"גמבה במרינדה 400 ג""ר",גרמים,450.00,100 גרם,false,1,14.90,3.3111,true,1,448337
7290001199039,false,סלט בולגרי 450 גר,סלטי עמים ברדה,,"סלט בולגרי 450 ג""ר",גרמים,450.00,100 גרם,false,1,14.90,3.3111,true,1,446868
7290001199053,false,חציל תאילנדי 500 גר,סלטי עמים ברדה,,"חציל תאילנדי 500 גר""",גרמים,500.00,100 גרם,false,1,16.90,3.3800,true,1,447917
7290001199084,false,גזר בסיגנון קוריאני,סלטי עמים ברדה,,גזר בסיגנון קוריאני,גרמים,450.00,100 גרם,false,1,15.90,3.5333,true,1,446891
7290001199091,false,חצילים בסיגנון קוריא,סלטי עמים ברדה,,חצילים בסיגנון קוריא,גרמים,500.00,100 גרם,false,1,15.90,3.1800,true,1,448338
7290001199107,false,סוטא אוקראיני 450 גר,סלטי עמים ברדה,,סוטא אוקראיני,גרמים,450.00,100 גרם,false,1,13.90,3.0889,true,1,450029
7290001199114,false,סוטה פטריות 500 גר,סלטי עמים ברדה,,סוטה פטריות 500גר,גרמים,500.00,100 גרם,false,1,14.90,2.9800,true,1,448793
7290001199190,false,כרוב צבוע ברדה 1 קג,,,כרוב צבוע ברדה 1 קג,קילוגרמים,1.00,"ק""ג",false,1,17.90,17.9000,true,1,511286
7290001199220,false,סלט בלקני ברדה 500 ג,,,"ממרח פטריות 250 גר""",גרמים,500.00,100 גרם,false,1,16.90,3.3800,true,1,513121
7290001199244,false,כרוב במלח 1 קג,סלטי עמים ברדה,,"כרוב במלח 1 ק""ג",קילוגרמים,1.00,"ק""ג",false,1,18.90,18.9000,true,1,447611
7290001199251,false,סלט סקנדינבי ברדה 50,,,סלט סקנדינבי ברדה 500 גר,גרמים,500.00,100 גרם,false,1,16.90,3.3800,true,1,513122
7290001199275,false,אדזיקה 250 גר,סלטי עמים ברדה,,"אדז""יקה 250 ג""ר",גרמים,500.00,100 גרם,false,1,10.90,2.1800,true,1,448794
7290001199312,false,מעדן חצילים 450 גר,סלטי עמים ברדה,,מעדן חצילים 450 גר,גרמים,450.00,100 גרם,false,1,13.90,3.0889,true,1,447918
7290001199343,false,חזרת 180 גר,סלטי עמים ברדה,,"חזרת 180 ג""ר",גרמים,180.00,100 גרם,false,1,10.90,6.0556,true,1,448339
7290001199350,false,חרדל 180 גר,סלטי עמים ברדה,,"חרדל 180 ג""ר",גרמים,180.00,100 גרם,false,1,10.90,6.0556,true,1,450032
7290001199404,false,כרוב במלח עם חמוציות,סלטי עמים ברדה,,כרוב במלח עם חמוציות,קילוגרמים,1.00,"ק""ג",false,1,18.90,18.9000,true,1,448340
7290001199435,false,חציל פיקנטי 500 גר,סלטי עמים ברדה,,"חציל פיקנטי 500 גר""",גרמים,500.00,100 גרם,false,1,16.90,3.3800,true,1,450033
7290001199459,false,כרוב במלח עם תפוחי ע,סלטי עמים ברדה,,כרוב במלח עם תפוחי ע,קילוגרמים,1.00,"ק""ג",false,1,18.90,18.9000,true,1,448341
7290001199510,false,חמוצים בטעם ביתי 1 ק,סלטי עמים ברדה,,"חמוצים בטעם ביתי 1 ק""ג",קילוגרמים,1.00,"ק""ג",false,1,18.90,18.9000,true,1,449523
7290001199596,false,סלט בולגרי ברדה 1 קג,,,גזר ולימון חריף 250,קילוגרמים,1.00,"ק""ג",false,1,17.90,17.9000,true,1,511285
7290001216040,false,טחינת אל ארז 500 גרם,דולפין ספא,IL,טחינה אל ארז 500 גר,גרמים,500.00,100 גרם,false,24,15.90,3.1800,true,1,510833
7290001216057,false,"טחינה גולמית אל ארז 1 ק""ג",טחינה אל ארז,IL,טחינה אל ארז 1 קג,קילוגרמים,1.00,"ק""ג",false,12,29.90,29.9000,true,1,510834
7290001216231,false,טחינה גולמית שומשום מלא אל ארז 500ג',דולפין ספא,IL,טחינה מלאה אל ארז 500 גר,גרמים,500.00,100 גרם,false,24,15.90,3.1800,true,1,510835
7290001231932,false,סיגריות וינסטון כחול,Unknown,,וינסטון כחול בוקס,Unknown,0.00,Unknown,false,1,33.00,0.0000,false,1,446398
7290001235938,false,סיגריות וינסטון כחול,Unknown,,וינסטון לייט ארוך,Unknown,0.00,Unknown,false,1,33.00,0.0000,false,1,446903
7290001245699,false,אקונומיקה סמיכה בניחוח לימון 4 ל' טאצ',,,גל אקונומיקה סמיכה לימון 4 ל טאצ עם פקק,ליטרים,4.00,ליטר,false,6,11.90,2.9750,true,1,513559
7290001245705,false,אקונומיקה מבושמת טאצ' 4 ליטר,סאסאטק,IL,אקונימיקה מבושמת טאץ 4 ל,ליטרים,4.00,ליטר,false,1,10.90,2.7250,true,1,510754
7290001245729,false,ג'ל כביסה ירוקה טאצ 3 ליטר סלקט,,,גל כביסה ירוק 3 ל טאצ,ליטרים,3.00,ליטר,false,6,19.90,6.6333,true,1,513546
7290001245736,false,ג'ל כביסה כחול טאצ' 3 ליטר סלקט,,,גל כביסה כחול 3 ל טאצ,ליטרים,3.00,ליטר,false,6,19.90,6.6333,true,1,513547
7290001245798,false,נוזל כלים לימון טאצ' 18% 1.6 ליטר,,,נוזל כלים לימון 18% 1.6 ל טאצ,ליטרים,1.60,ליטר,false,12,11.90,7.4375,true,1,513548
7290001245828,false,נוזל כלים קלאסי טאצ' 18% 1.6 ליטר,,,נוזל כלים קלאסי 18% 1.6 ל טאצ,ליטרים,1.60,ליטר,false,12,11.90,7.4375,true,1,513549
7290001245842,false,נוזל רצפות מאסק 4 ל' טאצ,,,נוזל רצפות מאסק 4 ל טאצ,ליטרים,4.00,ליטר,false,4,12.90,3.2250,true,1,513556
7290001245897,false,נוזל רצפות יסמין 4 ל טאצ,,,נוזל רצפות יסמין 4 ל טאצ,ליטרים,4.00,ליטר,false,4,12.90,3.2250,true,1,513557
7290001245958,false,מרכך כביסה ורוד טאצ' 4 ליטר,,,מרכך כביסה ורוד 4 ל טאצ,ליטרים,4.00,ליטר,false,4,16.90,4.2250,true,1,513540
7290001245965,false,מרכך כביסה כחול טאצ' 4 ליטר,,,מרכך כביסה כחול 4 ל טאצ,ליטרים,4.00,ליטר,false,4,16.90,4.2250,true,1,513538
7290001245972,false,מרכך כביסה לבן טאצ' 4 ליטר,,,מרכך כביסה לבן 4 ל טאצ,ליטרים,4.00,ליטר,false,4,16.90,4.2250,true,1,513539
7290001245989,false,מרכך כביסה סגול טאצ' 4 ליטר,,,מרכך כביסה סגול 4 ל טאצ,ליטרים,4.00,ליטר,false,4,16.90,4.2250,true,1,513541
7290001245996,false,מרכך כביסה צהוב 4 ל' טאצ',,,מרכך כביסה צהוב 4 ל טאצ,ליטרים,4.00,ליטר,false,4,16.90,4.2250,true,1,513542
7290001246054,false,פותח סתימות 1 ליטר טאצ,סאסאטק,IL,פותח סתימות 1 ל טאצ,ליטרים,1.00,ליטר,false,1,15.90,15.9000,true,1,515152
7290001246061,false,מרכך מרוכז פרפיום פנטזי טאצ 1ל',סאסאטק,IL,מרכך פרמיום פנטזי 1 ל טאצ,ליטרים,1.00,ליטר,false,12,12.90,12.9000,true,1,513543
7290001246078,false,מרכך מרוכז פרפיום סנשואל טאצ' 1 ל',סאסאטק,IL,מרכך פרמיום סנשואל 1 ל טאצ,ליטרים,1.00,ליטר,false,12,12.90,12.9000,true,1,513544
7290001246085,false,ניקוי חלונות טאצ' 1 ל',,,ניקוי חלונות טאץ 1 ל,ליטרים,1.00,ליטר,false,1,7.90,7.9000,true,1,510751
7290001246122,false,"תרסיס ניקוי כללי+ אקונומיקה 750 מ""ל טאצ",סאסאטק,IL,תרסיס ניקוי כללי 750 מל טאצ+אקונומיקה,מיליליטרים,750.00,"100 מ""ל",false,12,11.90,1.5867,true,1,513550
7290001246269,false,"טאצ' תרסיס מטהר אוויר לבנדר 300 מ""ל",,,מים מזוקקים 3ל,מיליליטרים,300.00,"100 מ""ל",false,1,4.90,1.6333,true,1,477933
7290001246337,false,נגל אסלות אורנים 750,,,נגל אסלות אורנים 750 מל טאצ,מיליליטרים,750.00,"100 מ""ל",false,1,9.90,1.3200,true,1,515157
7290001246474,false,תרסיס ניקוי שטיחים 6,,,תרסיס ניקוי שטיחים 600 מל טאצ,מיליליטרים,600.00,"100 מ""ל",false,1,15.90,2.6500,true,1,515144
7290001246528,false,מרכך כביסה מרוכז פרפיום מיסטרי טאצ' 1 ל',סאסאטק,IL,מרכך כביסה מרוכז פרפיום מיסטרי 1 ל טאצ,ליטרים,1.00,ליטר,false,12,12.90,12.9000,true,1,513545
7290001246542,false,ת.מבריק רהיטים 400 מל טאצ,,,תרסיס מבריק רהיטים 400 מל טאצ,מיליליטרים,400.00,"100 מ""ל",false,1,14.90,3.7250,true,1,515141
7290001247068,false,נקטר ספרינג תות בננה קרטונית 1 ל',"יפאורה תבורי בע""מ",IL,ספרינג תות 1 ליטר,ליטרים,1.00,ליטר,false,1,6.90,6.9000,true,1,449524
7290001247082,false,נקטר ספרינג עגבניות קרטונית 1 ל',"יפאורה תבורי בע""מ",IL,ספרינג עגבניות 1 ליט,מיליליטרים,1000.00,"100 מ""ל",false,1,6.90,0.6900,true,1,447625
7290001247099,false,נקטר ספרינג מנגו קרטונית 1 ל',"יפאורה תבורי בע""מ",IL,ספרינג מנגו 1 ליטר,ליטרים,1.00,ליטר,false,1,6.90,6.9000,true,1,450036
7290001247105,false,נקטר ספרינג אפרסק קרטונית 1 ל',"יפאורה תבורי בע""מ",IL,ספרינג אפרסק 1 ליטר,מיליליטרים,1000.00,"100 מ""ל",false,1,6.90,0.6900,true,1,446906
7290001247112,false,נקטר ספרינג לימונענע קרטונית 1 ל',"יפאורה תבורי בע""מ",IL,ספרינג לימון 1 ליטר,מיליליטרים,1000.00,"100 מ""ל",false,1,6.90,0.6900,true,1,448342
7290001247129,false,נקטר ספרינג תפוזים קרטונית 1 ל',"יפאורה תבורי בע""מ",IL,ספרינג תפוזים 1 ליטר,מיליליטרים,1000.00,"100 מ""ל",false,1,6.90,0.6900,true,1,446870
7290001247143,false,נקטר ספרינג תפוחים קרטונית 1 ל',"יפאורה תבורי בע""מ",IL,ספרינג תפוח 1 ליטר,מיליליטרים,1000.00,"100 מ""ל",false,1,6.90,0.6900,true,1,446907
7290001265642,false,"מעדני לה קט פטה, שלישיה 3 * 400 ג'",קריות זול,FR,מעדני לה קט פטה 3*40,גרמים,1200.00,100 גרם,false,1,23.90,1.9917,true,1,450037
7290001302194,false,ביסלי בטעם פלאפל 55 ג' אסם,"אסם השקעות בע""מ",IL,ביסלי אסם בטעם פלפל 55גר,גרמים,55.00,100 גרם,false,1,3.90,7.0909,true,1,475239
7290001302279,false,אוסם - במבה קלאסי 60 גרם,מיוצר עי קונדיטוריית,IL,במבה אסם קלאסי 60גר,גרמים,60.00,100 גרם,false,1,3.90,6.5000,true,1,475243
7290001305188,false,פלמוליב כלים שקוף לימון 750 בקבוק חדש,יבואן ומשווק: ש. שסט,GR,"נוזל כלים ""פלמוליב""",מיליליטרים,750.00,"100 מ""ל",false,1,10.90,1.4533,true,1,449525
7290001327180,false,שטראוס קרמיסימו וניל ציפ 1.33 ליטר,"גלידת שטראוס בע""מ, ר",IL,גלידה קרמיסימו וניל,ליטרים,1.33,ליטר,false,1,18.90,14.2105,true,1,449526
7290001327791,false,שטראוס קרמיסימו עוגיות 1.33 ליטר,"גלידת שטראוס בע""מ, ר",IL,קרמיסימו עוגיות 1.33,ליטרים,1.33,ליטר,false,1,18.90,14.2105,true,1,447923
7290001330029,false,עוגת למבדה עגולה 900,ברון מפעל לייצור עוג,,עוגת למבדה עגולה 900 גר,גרמים,900.00,100 גרם,false,1,114.90,12.7667,true,1,447925
7290001330043,false,עוגת וואלס שכבות מוק,ברון מפעל לייצור עוג,,עוגת וואלס שכבות מוקצפות שוקולד 1100 גר,גרמים,1100.00,100 גרם,false,1,114.90,10.4455,true,1,448802
7290001330050,false,עוגת וואלס שכבות 600,ברון מפעל לייצור עוג,,עוגת וואלס שכבות 600 גר,גרמים,600.00,100 גרם,false,1,64.90,10.8167,true,1,446873
7290001330234,false,עוגת קייבסקי עגולה 6,ברון מפעל לייצור עוג,,עוגת קייבסקי עגולה 600 גר,גרמים,600.00,100 גרם,false,1,92.90,15.4833,true,1,448803
7290001330265,false,עוגת ברון ערב בפראג,ברון מפעל לייצור עוג,,"עוגת ""ערב בפראג"" 900",גרמים,800.00,100 גרם,false,1,92.90,11.6125,true,1,450039
7290001330722,false,עוגת סלסה שוקולד 600,,,עוגת סלסה שוקולד 600 גר,גרמים,600.00,100 גרם,false,1,64.90,10.8167,true,1,492320
7290001330746,false,עוגת ליצן מלבן 500 ג,ברון מפעל לייצור עוג,,עוגת ליצן מלבן 500 ג,גרמים,500.00,100 גרם,false,1,49.90,9.9800,true,1,447628
7290001330753,false,עוגת שחרחורת מלבן 45,ברון מפעל לייצור עוג,,עוגת שחרחורת מלבן 450 גר,גרמים,450.00,100 גרם,false,1,49.90,11.0889,true,1,448394
7290001330760,false,עוגת תותי פרוטי מלבן,ברון מפעל לייצור עוג,,עוגת תותי פרוטי מלבן 450 גר,גרמים,550.00,100 גרם,false,1,49.90,9.0727,true,1,450040
7290001330838,false,עוגת בת קייב עגולה 6,ברון מפעל לייצור עוג,,"עוגת ""בת קייב"" עגולה",גרמים,650.00,100 גרם,false,1,69.90,10.7538,true,1,449528
7290001330876,false,עוגת בת קייב עגולה 6,ברון מפעל לייצור עוג,,עוגת בת קייב עגולה 7,גרמים,650.00,100 גרם,false,1,69.90,10.7538,true,1,447629
7290001330890,false,עוגת פולונז עגולה קט,ברון מפעל לייצור עוג,,עוגת פולונז עגולה 700 גר,גרמים,650.00,100 גרם,false,1,82.90,12.7538,true,1,447928
7290001330906,false,עוגת ברון למבדה קוטר,ברון מפעל לייצור עוג,,למבדה עגולה קטנה 600 גר,גרמים,600.00,100 גרם,false,1,82.90,13.8167,true,1,447630
7290001330951,false,עוגת סיביר עגולה 800,ברון מפעל לייצור עוג,,עוגת סיביר עגולה 800 גר,גרמים,800.00,100 גרם,false,1,92.90,11.6125,true,1,447632
7290001334201,false,רוטב ברביקיו היינץ ב,,,רוטב ברביקיו היינץ בסגנון קרוליינה 527 ג,גרמים,527.00,100 גרם,false,1,27.90,5.2941,true,1,519259
7290001343845,false,"גרנולה פירות 1 ק""ג - 845 - ורוד שקדיה",הנסיך- מפעל לייצור ט,IL,"גרנולה עם פירות השקדיה 1 ק""ג",קילוגרמים,1.00,"ק""ג",false,1,21.90,21.9000,true,1,502668
7290001361009,false,עוגת טורט קייבסקי,האי נאם סי או אל.טי.,IL,טורט קייבסקי,גרמים,700.00,100 גרם,false,1,78.90,11.2714,true,1,448396
7290001361016,false,עוגת גינגי שכבות בצק,GS עבור נטו מלינדה ס,IL,עוגות גינגית פס 600 גר,גרמים,600.00,100 גרם,false,1,41.90,6.9833,true,1,447930
7290001361023,false,עוגת מולטית פס 600 ג,נטלי פלוס,,עוגת מולטית פס,גרמים,600.00,100 גרם,false,1,41.90,6.9833,true,1,448807
7290001361047,false,אקלרים ריבת חלב (400 ג' ),,,אקלרים נטלי במילוי קרם ריבת חלב 400 גר,גרמים,400.00,100 גרם,false,1,36.90,9.2250,true,1,491469
7290001361054,false,אקלרים פטיסייר (600 ג'),אף.סי תבליני בגליל ב,IL,אקלרים 600 גר,גרמים,600.00,100 גרם,false,1,42.90,7.1500,true,1,450044
7290001361061,false,אקלרים בציפוי שוקולד,"נטלי פלוס בע""מ",IL,אקלרים בציפוי שוקולד,גרמים,600.00,100 גרם,false,1,42.90,7.1500,true,1,446314
7290001361078,false,עוגה לילות קייב 900,נטלי פלוס,,לילות קייב,גרמים,900.00,100 גרם,false,1,94.90,10.5444,true,1,448397
7290001361085,false,עוגת נפוליאון פס 600,אף.סי תבליני בגליל ב,IL,עוגת נפוליאון פס,גרמים,600.00,100 גרם,false,1,41.90,6.9833,true,1,449531
7290001361092,false,עוגת פיצוץ פס 400 גר,GS עבור נטו מלינדה ס,IL,עוגת פיצוץ פס,גרמים,400.00,100 גרם,false,1,41.90,10.4750,true,1,446875
7290001361153,false,עוגת פיצוץ גדולה 1 ק,נטלי פלוס,,"עוגת פיצוץ גדולה 1 ק""ג",קילוגרמים,1.00,"ק""ג",false,1,94.90,94.9000,true,1,449532
7290001361160,false,עוגת מיסטיקה אננס 750 ג',נטלי פלוס,,"עוגת ""מיסטיקה"" בטעם",גרמים,750.00,100 גרם,false,1,69.90,9.3200,true,1,447932
7290001361177,false,עוגת דובדבנים פס 650,נטלי פלוס,,עוגת דובדבנים פס,גרמים,650.00,100 גרם,false,1,45.90,7.0615,true,1,446915
7290001361207,false,עוגת פס אוכמניות 650,נטלי פלוס,,עוגת אוכמניות פס,גרמים,650.00,100 גרם,false,1,45.90,7.0615,true,1,449533
7290001361269,false,פס קייבסקי ללא קמח 3,נטלי פלוס בעמ,IL,טורט קייב,גרמים,350.00,100 גרם,false,1,41.90,11.9714,true,1,509395
7290001361290,false,"עוגת מוצרט 1 ק""ג","נטלי פלוס בע""מ",IL,"עוגה מוצרט 1 ק""ג",גרמים,1000.00,100 גרם,false,1,94.90,9.4900,true,1,450047
7290001361344,false,עוגת מוזה פס של נטלי,"נטלי פלוס בע""מ",IL,עוגת מוזה פס של נטלי 400 גר,גרמים,400.00,100 גרם,false,1,45.90,11.4750,true,1,487236
7290001361436,false,עוגת פס שמנת סמטניק,נטלי פלוס בעמ,IL,עוגת פס שמנת סמטניק נטלי 550 גר,גרמים,550.00,100 גרם,false,1,43.90,7.9818,true,1,515695
7290001361450,false,עוגת מותק - ריבת חלב 650 ג',נטלי פלוס,,עוגת ריבת חלב מותק 650 גר,גרמים,650.00,100 גרם,false,1,69.90,10.7538,true,1,448399
7290001361580,false,פס היער השחור נטלי 550 ג',"נטלי פלוס בע""מ",IL,עוגת פס היער השחור נטלי 550 גר,גרמים,550.00,100 גרם,false,1,43.90,7.9818,true,1,515689
7290001361733,false,עוגת פס אלפחורס נטלי,נטלי פלוס בעמ,IL,עוגת פס אלפחורס נטלי 550 גר,גרמים,550.00,100 גרם,false,1,43.90,7.9818,true,1,515694
7290001361832,false,עוגת מוזה 700 גר,"נטלי פלוס בע""מ",IL,עוגת מוזה 700 גר,גרמים,700.00,100 גרם,false,1,92.90,13.2714,true,1,446916
7290001361894,false,פס טראפלס שוקולד 450 ג',נטלי פלוס,,עוגת טרפלס שוקולד 450גר,גרמים,450.00,100 גרם,false,1,39.90,8.8667,true,1,475272
7290001361924,false,פס גבינה פירורים 450 ג',נטלי פלוס,,עוגת פס גבינה פירורים 450 גר,גרמים,450.00,100 גרם,false,1,39.90,8.8667,true,1,447934
7290001361931,false,פחזניות במילוי גבינה (350 ג'),האי נאם סי או אל.טי.,IL,פחזניות במילוי גבינה,גרמים,350.00,100 גרם,false,1,36.90,10.5429,true,1,447634
7290001361979,false,פס גבינה פירורים ללא סוכר 450 ג',נטלי פלוס,,עוגת פס גבינה ללא סוכר 450 גר,גרמים,500.00,100 גרם,false,1,39.90,7.9800,true,1,447635
7290001407127,false,בארכה פרוסות חלווה וניל 400גר,,,פרוסות חלבה קלאסית וניל 400 גר,גרמים,400.00,100 גרם,false,1,14.90,3.7250,true,1,471812
7290001407134,false,בארכה פרוסות חלווה שוקו וניל+פ.קקאו 400גר,רושדי תעשיות מזון בע,IL,פרוסות חלבה בארכה שוקו וניל 400 גר,גרמים,400.00,100 גרם,false,1,14.90,3.7250,true,1,471813
7290001407547,false,טחינה גולמית משומשום מלא פי 6 בארכה 500ג',רושדי תעשיות מזון בע,IL,טחינה בארכה שומשום מלא פי 6 סידן 500 גר,גרמים,500.00,100 גרם,false,1,14.90,2.9800,true,1,478466
7290001407769,false,טחינה גולמית שומשום מלא בארכה 500ג',רושדי תעשיות מזון בע,IL,טחינה בארכה עם שומשום 500 גר,גרמים,500.00,100 גרם,false,1,14.90,2.9800,true,1,447637
7290001407813,false,חלבה שאמית פיסטוק בקטנה בארכה 350ג',רושדי תעשיות מזון בע,IL,חלבה בארכה שאמית עם פיסטוק 350 גר,גרמים,350.00,100 גרם,false,1,15.90,4.5429,true,1,447638
7290001407936,false,בארכה-טחינה גולמית מעודנת בקבוק לחיץ 310 ג',רושדי תעשיות מזון בע,IL,טחינה בארכה מעודנת 310 גר,גרמים,310.00,100 גרם,false,1,11.90,3.8387,true,1,484248
7290001415214,false,עוגת סבתא שוקולד 500ג',,,עוגת סבתא שוקולד 800 גר,גרמים,800.00,100 גרם,false,1,24.90,3.1125,true,1,523302
7290001427019,false,מיץ תפוזים קשת 500 מ,,,מיץ תפוזים סחוט 500 מל,מיליליטרים,500.00,"100 מ""ל",false,1,15.90,3.1800,true,1,519238
7290001427033,false,מיץ תפוחים סחוט טבעי,"פריניב בע""מ",IL,מיץ תפוחים טבעי סחוט 1 ל,ליטרים,1.00,ליטר,false,1,19.90,19.9000,true,1,513228
7290001427347,false,מיץ תפוחים סמית קשת,פריניב,IL,מיץ תפוחים סמית 1 ל,ליטרים,1.00,ליטר,false,1,21.90,21.9000,true,1,521374
7290001427453,false,מיץ תפוחים פינק לייד,פריניב,IL,מיץ תפוחים פינק ליידי 1 ל,ליטרים,1.00,ליטר,false,1,21.90,21.9000,true,1,515840
7290001436790,false,נקנקיות מרגז מיני אקסטרה חריף ארוז בלדי 500 ג',יוליניבר,IL,מרגז מיני אקסטרה חריף 500 גר,גרמים,500.00,100 גרם,false,1,29.90,5.9800,true,1,489657
7290001468104,false,גפרורים,י.ד. יבוא,,גפרורים,Unknown,0.00,Unknown,false,1,4.90,0.0000,true,1,472652
7290001468159,false,ריבת חלב טופ מותגים,מ.א.מ השלושה,,ריבת חלב 450 גר,גרמים,450.00,100 גרם,false,1,13.90,3.0889,true,1,447649
7290001468319,false,מיץ לימון טבעי 200מל,ITAL LEMON,,מיץ לימון טבעי 200 מל,מיליליטרים,200.00,"100 מ""ל",false,1,6.90,3.4500,true,1,447966
7290001468326,false,"מיץ לימון טבעי 500 מ""ל",ITAL LEMON,,50מיץ לימון,מיליליטרים,500.00,"100 מ""ל",false,1,12.90,2.5800,true,1,447651
7290001468463,false,ספוג ליפה טבעי לפנים,GANGEKSTIL,,ספוג לפנים,Unknown,0.00,Unknown,false,1,9.90,0.0000,true,1,450049
7290001468609,false,סוכר וניל 100 גר,ר.ס.,,סוכר וניל,גרמים,100.00,100 גרם,false,1,3.00,3.0000,true,1,448406
7290001468616,false,אבקת אפייה פרימיום 10 יח',ר.ס.,,אבקת אפיה,גרמים,100.00,100 גרם,false,1,2.90,2.9000,true,1,448407
7290001468678,false,מפת שולחן אלפא,נ.ש.ם,,מפה חד פעמי+צלחות,Unknown,0.00,Unknown,false,1,11.90,0.0000,true,1,448409
7290001468708,false,קורנפלור 500 גר,ר.ס.,,"קורנפלור 500 ג""ר",גרמים,500.00,100 גרם,false,1,6.90,1.3800,true,1,447652
7290001468715,false,אבקת סוכר 100 גר,ר.ס.,,10אבקת סוכר ג,גרמים,100.00,100 גרם,false,1,2.50,2.5000,true,1,448410
7290001468753,false,קמח תפוחי אדמה 500 ג' נאמן,תבליני ביטון,IL,"50קמח תפו""א ג",גרמים,500.00,100 גרם,false,1,6.90,1.3800,true,1,447653
7290001468975,false,פירורי לחם 400 גר,חטיפים מן הטבע,,פירורי לחם 400ג,גרמים,400.00,100 גרם,false,1,4.90,1.2250,true,1,449539
7290001482186,false,לפתן אננס חתוך ויליפ,הנסיך- מפעל לייצור ט,TH,"אננס חתוך 600 גר""",גרמים,565.00,100 גרם,false,1,6.90,1.2212,true,1,446931
7290001482506,false,וילי פוד חומץ בלסמי בדץ 500מל,אצטום,IT,חומץ בלסמי,מיליליטרים,500.00,"100 מ""ל",false,1,19.90,3.9800,true,1,449542
7290001484708,true,טחון עגל אנגוס 500 ג,,,פילה סול,גרמים,500.00,100 גרם,false,,24.90,4.9800,true,1,499467
7290001485019,false,גבינת שמנת 5% טעם טבעי 200 ג' טרה,קריות זול,IL,גבינת שמנת טבעי 5% 200 גר,גרמים,200.00,100 גרם,false,1,11.90,5.9500,true,1,447656
7290001491010,false,תה ירוק יסמין 25 שקיקים 1.5 גרם,קריות זול,IL,"תה ירוק יסמין 25 שק""",גרמים,38.00,100 גרם,false,1,24.90,65.5263,true,1,446934
7290001491096,false,תה ירוק בתוספת לימונית ולואיזה 50 שקיקים ויסוצקי,קריות זול,IL,תה ירוק לימונית/לואי,גרמים,75.00,100 גרם,false,1,39.90,53.2000,true,1,446935
7290001567708,false,נקנקיות וינר 400 ג' יחיעם,יחיעם,IL,נקניקיות וינר ללא חומרים משומרים 400 גר,גרמים,400.00,100 גרם,false,1,10.90,2.7250,true,1,496712
7290001567760,false,פסטרמה של פעם 300 ג' יחיעם,פ.פ.ח. שאביט,IL,פסטרמה של פעם 300 גר,גרמים,300.00,100 גרם,false,1,25.90,8.6333,true,1,496699
7290001567807,false,כתף בקר מעושן 250 ג' יחיעם,פ.פ.ח. שאביט,IL,כתף בקר מעושן 250 גר,גרמים,250.00,100 גרם,false,1,25.90,10.3600,true,1,496705
7290001581612,false,מינוט סטייק 400 גר,,,מינוט סטייק 400 גר,גרמים,400.00,100 גרם,false,1,39.90,9.9750,true,1,517053
7290001581773,false,קבב בלקני עם פיסטוק,,,קבב בלקני עם פיסטוק 500 גר,גרמים,500.00,100 גרם,false,1,34.90,6.9800,true,1,517045
7290001581780,false,נקניקיות מרגז פיקנטי,,,נקניקיות מרגז פיקנטיות 400 גר,גרמים,400.00,100 גרם,false,1,29.90,7.4750,true,1,517048
7290001581803,false,בשר עגל טחון לבולונז,,,בשר עגל טחון לבולונז 600 גר,גרמים,600.00,100 גרם,false,1,34.90,5.8167,true,1,517049
7290001581933,false,קבב טלה קווקזי 500 ג,,,קבב טלה קווקזי 500 גר,גרמים,500.00,100 גרם,false,1,34.90,6.9800,true,1,517046
7290001581940,false,המבורגר וואגיו מובחר,,,המבורגר וואגיו מובחר 300 גר,גרמים,300.00,100 גרם,false,1,29.90,9.9667,true,1,517047
7290001581957,false,שיפודי טלה 400 גר,,,שיפודי טלה 400 גר,גרמים,400.00,100 גרם,false,1,64.90,16.2250,true,1,517052
7290001581964,false,שיפודי כבד טלה 400 ג,,,שיפודי כבד טלה 400 גר,גרמים,400.00,100 גרם,false,1,19.90,4.9750,true,1,517051
7290001581971,false,שיפודי אנטריקוט עגל,,,שיפודי אנטריקוט עגל 400 גר,גרמים,400.00,100 גרם,false,1,64.90,16.2250,true,1,517050
7290001594025,false,"קוקה קולה זכוכית 350 מ""ל",החברה המרכזית לייצור,IL,קוקה קולה זכוכית 350,מיליליטרים,350.00,"100 מ""ל",false,1,5.90,1.6857,true,1,490462
7290001594032,false,קוקה קולה דיאט קלאסי,החברה המרכזית לייצור,IL,דיאט קולה זכוכית 350,מיליליטרים,350.00,"100 מ""ל",false,1,5.90,1.6857,true,1,490459
7290001594155,false,קוקה קולה בקבוק 500מ,החברה המרכזית לייצור,IL,"קוקה קולה 500 מ""ל",מיליליטרים,500.00,"100 מ""ל",false,1,6.90,1.3800,true,1,448460
7290001594230,false,"קינלי סודה בקבוק 250 מ""ל",החברה המרכזית לייצור,IL,סודה קינלי 250 מל,מיליליטרים,250.00,"100 מ""ל",false,1,3.90,1.5600,true,1,448817
7290001594537,false,"בירה טובורג גרין 330מ""ל",קרלסברג ישראל,,"טובורג גרין 330 מ""ל",מיליליטרים,330.00,"100 מ""ל",false,1,7.90,2.3939,true,1,447661
7290001594568,false,"בירה קרלסברג פחית 500 מ""ל",מבשלות בירה בינלאומי,RO,"קרלסברג 500 מ""ל פחית",מיליליטרים,500.00,"100 מ""ל",false,1,9.90,1.9800,true,1,447990
7290001594575,false,"בירה טובורג פחית 500 מ""ל",מבשלות בירה בינלאומי,IL,"טובורג 500 מ""ל פחית",מיליליטרים,500.00,"100 מ""ל",false,1,8.90,1.7800,true,1,449545
7290001594803,false,"בירה טובורג גרין מארז 330X6מ""ל",קרלסברג ישראל,,שישיית טובורג גרין 3,ליטרים,1.98,ליטר,false,1,41.90,21.1616,true,1,450056
7290001594810,false,"בירה שחורה מאלטי בקב' מארז 330X6מ""ל",קרלסברג ישראל,,שישיית בירה מאלטי 33,ליטרים,1.98,ליטר,false,1,31.90,16.1111,true,1,447662
7290001594858,false,"בירה טובורג בקבוק 330X6מ""ל",קרלסברג ישראל,IL,"שישיית טובורג 330 מ""",ליטרים,1.98,ליטר,false,1,39.90,20.1515,true,1,447663
7290001594865,false,"קרלסברג בירה בקבוק 6* 330 מ""ל",קרלסברג ישראל,IL,בירה קרלסברג שישייה,ליטרים,1.98,ליטר,false,1,40.90,20.6566,true,1,448461
7290001651322,false,אוכמניות כחולות 250,,,אוכמניות כחולות 250 גר,גרמים,250.00,100 גרם,false,1,14.90,5.9600,true,1,523082
7290001670507,false,מלית תמרים פוליבה 450 ג',"פוליבה בע""מ",IL,ממרח תמרים פוליבה 450 גר,גרמים,450.00,100 גרם,false,1,9.90,2.2000,true,1,449547
7290001690147,false,"גבינת מותכת למריחה6%,120 ג' טעם טוב",שלושת האופים,IL,גבינה מותכת למריחה 6% טעם טוב 120 גר,גרמים,120.00,100 גרם,false,1,11.90,9.9167,true,1,523333
7290001713020,false,שקיות אשפה 25 יחידות 75*85 סנט מוריץ,אסיר פלסט,TR,שקיות אשפה 25 יח 75*85,Unknown,0.00,Unknown,false,1,5.90,0.0000,true,1,522568
7290001713105,false,עלמה נייר אפייה 42*37 50 יח',קומפלקס כימיקלים,IL,נייר אפייה עלמה 50 יח,Unknown,0.00,Unknown,false,1,8.90,0.0000,true,1,522577
7290001713150,false,סנט מוריץ מתז אקונומיקה Bleach קצף לימון 1 ליטר,קומפלקס כימיקלים,IL,קצף אקונומיקה לימון 1 ל,ליטרים,1.00,ליטר,false,1,9.90,9.9000,true,1,518607
7290001713211,false,מנקה רצפות סופר מבושם מאסק 2.5 ל',ABC,TR,נוזל לניקוי רצפות סופר מבושם מאסק 2.5 ל,ליטרים,2.50,ליטר,false,1,12.90,5.1600,true,1,522551
7290001713242,false,עלמה שקיות אשפה 25 יחידות 75*90 עם ידית,אסיר פלסט,TR,שקיות אשפה 25 יח 75*90 עם ידית,Unknown,0.00,Unknown,false,1,10.90,0.0000,true,1,522569
7290001713815,false,PURE מרכך כביסה בניחוח מלון מפנק 1 ליטר,טרסאן,TR,מרכך כביסה בניחוח מלון מפנק 1 ל,ליטרים,1.00,ליטר,false,1,10.90,10.9000,true,1,522561
7290001713884,false,עלמה מטליות מיקרופייבר שלישייה לרצפה,קומפלקס כימיקלים,CN,שלישיית מטליות רצפה מיקרופייבר,Unknown,0.00,Unknown,false,1,12.90,0.0000,true,1,522574
7290001713921,false,אקונומיקה bleach מבושמת 4 ל' סנט מוריץ,קומפלקס כימיקלים,IL,אקונומיקה מבושמת 4 ל,ליטרים,4.00,ליטר,false,1,9.90,2.4750,true,1,522554
7290001738771,false,טושיונקה בקר אדום 40,,,מעדן בקר ראש 400 גר,גרמים,400.00,100 גרם,false,1,19.90,4.9750,true,1,489288
7290001780428,false,מאגדת גלידת לייט שוקולד נסטלה 6יח' 312ג',גלידות נסטלה (נגה גל,IL,לייט שוקו 6יח,גרמים,312.00,100 גרם,false,1,29.90,9.5833,true,1,448479
7290001813454,false,עוגיות חיוכים חגיגה שוקו 900 ג',אפיפית נצרת תעשיות ב,IL,"חיוכים שוקו 900 ג""ר",גרמים,900.00,100 גרם,false,1,19.90,2.2111,true,1,446940
7290001817728,false,צ'יטוס חטיף כאפה קטשופ 55 גרם,"שטראוס פריטו ליי בע""",IL,"צ""יטוס כאפה 55 גר""",גרמים,55.00,100 גרם,false,1,3.40,6.1818,true,1,446942
7290001835340,false,פרמיו לבבות 100 גר,,,פרמיו לבבות 100 גר,גרמים,100.00,100 גרם,false,1,14.90,14.9000,true,1,525169
7290001835364,false,פרמיו חטיפי ברווז 100ג',,,פרמיו חטיפי ברווז 100 גר,גרמים,100.00,100 גרם,false,1,14.90,14.9000,true,1,525170
7290001865439,false,פמלי לקשרי 1ליטר וניל טהור +משאבה,אף.סי תבליני בגליל ב,IL,"אל סבון ""פמילי"" עם מ",ליטרים,1.00,ליטר,false,1,11.90,11.9000,true,1,450077
7290001865453,false,פמלי לקשרי 1ליטר לבנדר ארומטי+משאבה,מיוצר עי קונדיטוריית,TR,"אל סבון ""פמילי"" עם מ",ליטרים,1.00,ליטר,false,1,11.90,11.9000,true,1,448835
7290001873441,false,המבורגר בלאק אנגוס 3,טיבון ויל אחזקות בעמ,IL,המבורגר 320 גר בלאק אנגוס,גרמים,320.00,100 גרם,false,1,19.90,6.2187,true,1,512706
7290001873458,false,סטייק בורגר בלאק אנג,מולינו ניקולי s.p.a,IL,סטייקבורגר 320 גר בלאק אנגוס,גרמים,320.00,100 גרם,false,1,19.90,6.2187,true,1,512707
7290001873472,false,קבב 320 גר בלאק אנגו,טיבון ויל אחזקות בעמ,IL,קבב 320 גר בלאק אנגוס,גרמים,320.00,100 גרם,false,1,19.90,6.2187,true,1,512708
7290001873489,false,קרפצ'יו בלאק אנגוס 1,טיבון ויל אחזקות בעמ,IL,קרפציו 120 גר בלאק אנגוס,גרמים,120.00,100 גרם,false,1,15.90,13.2500,true,1,512709
7290001881040,false,מלפפון ביבי במלח 600,,,מלפפונון במלח 600 גר,קילוגרמים,1.00,"ק""ג",false,1,29.90,29.9000,true,1,446944
7290001881095,false,עגבניות שרי יחידה 60,,,עגבניות שרי 500 גר,גרמים,500.00,100 גרם,false,1,29.90,5.9800,true,1,448045
7290001881224,false,קוביות אננס מאמא מרי,מאמא מרי,IL,קוביות אננס מאמא מרי קפוא 300 גר,גרמים,300.00,100 גרם,false,1,15.90,5.3000,true,1,493234
7290001881231,false,מנגו מאמא מרי 300,מאמא מרי,IL,מנגו קפוא 300 גר,גרמים,300.00,100 גרם,false,1,15.90,5.3000,true,1,496115
7290001881514,false,בצק עלים 1 קג,,,"בצק עלים 1 ק""ג",קילוגרמים,1.00,"ק""ג",false,1,22.90,22.9000,true,1,486187
7290001881873,false,"מאמא מרי כרוב עם חמוציות 1 ק""ג",,,כרוב כבוש עם חמוציות,קילוגרמים,1.00,"ק""ג",false,1,19.90,19.9000,true,1,448046
7290001892008,false,לחם שיפון בסגנון סקנ,מאפיית פולנסקי,IL,לחם סקנדינבי,גרמים,700.00,100 גרם,false,1,12.90,1.8429,true,1,446348
7290001892015,false,לחם בורודינסקי עם כו,מאפיית פולנסקי,IL,לחם בורודינסקי עם כו,גרמים,700.00,100 גרם,false,1,12.90,1.8429,true,1,448047
7290001892060,false,לחם שיפון ללא סוכר 6,מאפיית פולנסקי,IL,לחם שיפון קל 35 קלור,גרמים,700.00,100 גרם,false,1,12.90,1.8429,true,1,446311
7290001892077,false,לחם שיפון בריאות/רוס,מאפיית פולנסקי,IL,לחם בריאות,גרמים,700.00,100 גרם,false,1,12.90,1.8429,true,1,446402
7290001892084,false,לחם חיטה נבוטה 700 ג,מאפיית פולנסקי,,לחם חיטה נבוטה 700 ג,גרמים,700.00,100 גרם,false,1,12.90,1.8429,true,1,446945
7290001892107,false,לחם טוסט 1.2 קג,מאפיית פולנסקי,,"לחם טוסט 1.2 ק""ג",גרמים,1200.00,100 גרם,false,1,18.90,1.5750,true,1,446312
7290001892145,false,לחם טוסטים 700 גרם ל,מאפיית פולנסקי,IL,"לחם טוסט 700 גר""",גרמים,700.00,100 גרם,false,1,12.90,1.8429,true,1,446356
7290001892152,false,לחם טוסט לבן 1.2 קג,מאפיית פולנסקי,,"לחם טוסט לבן 1.2 ק""ג",גרמים,1200.00,100 גרם,false,1,18.90,1.5750,true,1,446299
7290001892169,false,לחם של פעם 500 גר,,,לחם של פעם 500 גר,גרמים,500.00,100 גרם,false,1,12.90,2.5800,true,1,518841
7290001975015,false,בירה טובורג גרין 500,קרלסברג ישראל,,בירה טובורג גרין 0.5,מיליליטרים,500.00,"100 מ""ל",false,1,8.90,1.7800,true,1,448486
7290001975992,false,בירה ויינשטפן בקבוק,ויינשטפן,,"בירה ויינשטפן 330 מ""ל",מיליליטרים,330.00,"100 מ""ל",false,1,11.90,3.6061,true,1,481069
7290001990117,false,שומשום סוגת 100 גרם,האי נאם סי או אל.טי.,IL,שומשום 100גר,גרמים,100.00,100 גרם,false,1,3.90,3.9000,true,1,447722
7290001990148,false,"סוכר גולדן קלאסי צנצנת 1ק""ג סוגת",האי נאם סי או אל.טי.,IL,סוכר גולדן קלסי,גרמים,1000.00,100 גרם,false,1,11.90,1.1900,true,1,448839
7290001990377,false,סוגת שעועית בובס 500 גר,קריות זול,,"שעועית בובס 500 ג""ר",גרמים,500.00,100 גרם,false,1,10.90,2.1800,true,1,448840
7290001992081,false,קרפלך עגל 800 גר,מעדני מניה תעשיות בש,,קרפלך עגל 800 גר,גרמים,800.00,100 גרם,false,1,28.90,3.6125,true,1,467466
7290001992135,false,קרפלך תפוא 800 גר,מעדני מניה תעשיות בש,,קרפלך תפוייא 800גר,גרמים,800.00,100 גרם,false,1,16.90,2.1125,true,1,467475
7290001992203,false,קרפלך סיבירסקי 800 ג,מעדני מניה תעשיות בש,,פלמני סיבירסקי,גרמים,800.00,100 גרם,false,1,28.90,3.6125,true,1,448490
7290001992210,false,קרפלך רוסי 800 גר,מעדני מניה תעשיות בש,,קרפלך רוסי 800 גר,גרמים,800.00,100 גרם,false,1,28.90,3.6125,true,1,467474
7290001992500,false,קרפלך לילדים 800 גר,מעדני מניה תעשיות בש,,קרפלך לילדים 800 גר,גרמים,800.00,100 גרם,false,1,28.90,3.6125,true,1,467472
7290002000143,false,"חדש -פנג'ל ק.ידיים קלאסיק 80מ""ל",מיוצר עי קונדיטוריית,IL,"קרם ידיים ""פנג""ל"" קל",Unknown,0.00,Unknown,false,1,7.90,0.0000,true,1,447014
7290002003168,false,קרם ידיים מארז שלישיית פנג'ל 3X80-גרם,אינטרקוסמא 1985 במ,IL,"שלישיית פנג""ל קלאסיק",Unknown,0.00,Unknown,false,1,16.90,0.0000,true,1,450084
7290002019114,false,רוטב עגבניות פריניר,פריניר,,רוטב עגבניות פריניר מרוכז מאוד 560 גרי,גרמים,560.00,100 גרם,false,1,7.90,1.4107,true,1,446997
7290002019183,false,עגבניות שלמות פריניר,פריניר,,עגבניות שלמות פריניר 800 גר,גרמים,800.00,100 גרם,false,12,6.90,0.8625,true,1,449572
7290002019763,false,פריניר עגבניות מרוסקות 800ג,פריניר,,עגבניות מרוסקות פריניר 800 גר,גרמים,800.00,100 גרם,false,1,6.90,0.8625,true,1,448514
7290002019787,false,רסק עגבניות טבע טרי 260 ג' פריניר,פריניר ( הדס 1987) ב,IL,רסק עגבניות פריניר 260 גר,גרמים,260.00,100 גרם,false,1,3.90,1.5000,true,1,448858
7290002019794,false,רסק עגבניות טבע טרי פריניר 100ג',פריניר ( הדס 1987) ב,IL,רסק עגבניות פריניר 100 גר,גרמים,100.00,100 גרם,false,1,1.90,1.9000,true,1,449573
7290002037040,false,חלה קלה וודש 500 גרם,מאפית י את א ברמן בע,IL,"חלה קלה 500 גר""",גרמים,500.00,100 גרם,false,1,14.90,2.9800,true,1,447051
7290002037125,false,חלה פרוסה וודש 500גר,מאפית י את א ברמן בע,IL,"חלה פרוסה 500 גר""",גרמים,500.00,100 גרם,false,1,8.90,1.7800,true,1,447001
7290002037309,false,לחמניות המבורגר 8יח 400גר,מאפית י את א ברמן בע,IL,חבילת המבורגר ארוז 4,גרמים,400.00,100 גרם,false,1,13.90,3.4750,true,1,448863
7290002037637,false,חליות מתוקות מארז 4יח',מאפית י את א ברמן בע,IL,חבילת חלה מתוקה 360,גרמים,360.00,100 גרם,false,1,12.90,3.5833,true,1,447003
7290002050032,false,מיקס פיצוחים פרמיום,זארובי,,מיקס פיצוחים פרמיום 630 גר,גרמים,630.00,100 גרם,false,1,59.90,9.5079,true,1,482323
7290002050056,false,גוגי ברי 130 גר,זארובי,,גוגי ברי 130 גר,גרמים,130.00,100 גרם,false,1,19.90,15.3077,true,1,482324
7290002050087,false,שקד טבעי 170 גר,זארובי,,שקד טבעי 170 גר,גרמים,170.00,100 גרם,false,1,19.90,11.7059,true,1,482322
7290002050537,false,גרעיני חמניות מקולף,,,גרעיני חמניות מקולף 220 גר,גרמים,220.00,100 גרם,false,1,6.90,3.1364,true,1,495904
7290002050544,false,גרעיני דלעת מקולף 25,,,גרעיני דלעת מקולף 250 גר,גרמים,250.00,100 גרם,false,1,11.90,4.7600,true,1,495905
7290002050551,false,אגוז פקאן טבעי 180 ג,,,אגוז פקאן טבעי 180 גר,גרמים,180.00,100 גרם,false,1,23.90,13.2778,true,1,520008
7290002050582,false,אגוזי לוז טבעי 220 ג,,,אגוזי לוז טבעי 220 גר,גרמים,220.00,100 גרם,false,1,24.90,11.3182,true,1,495907
7290002050612,false,פקאן סיני 220 גר,,,פקאן סיני 220 גר,גרמים,220.00,100 גרם,false,1,23.90,10.8636,true,1,520010
7290002050803,false,סוכריות גומי זארובי,,,רביעיית ממתקים 550 גר,גרמים,550.00,100 גרם,false,1,25.90,4.7091,true,1,518747
7290002050865,false,אגוזי מלך 150 גר,,,אגוזי מלך 150 גר,גרמים,150.00,100 גרם,false,1,12.90,8.6000,true,1,495908
7290002050872,false,שקד טבעי אמריקאי 240,,,שקד טבעי אמריקאי 240 גר,גרמים,240.00,100 גרם,false,1,25.90,10.7917,true,1,495909
7290002050896,false,צנובר 200 גר,,,צנובר 200 גר,גרמים,200.00,100 גרם,false,1,54.90,27.4500,true,1,495910
7290002050988,false,גרנולה פרמיום 450 גר,,,גרנולה פרמיום 450 גר,גרמים,450.00,100 גרם,false,1,22.90,5.0889,true,1,527564
7290002057017,false,זיתים נובו ענק A2 יבנה 330ג',קריות זול,IL,זית נובו ענק,גרמים,560.00,100 גרם,false,1,9.90,1.7679,true,1,448867
7290002057048,false,זיתים סורי מבוקע A2 יבנה 560ג',קריות זול,IL,זית סורי,גרמים,560.00,100 גרם,false,1,10.90,1.9464,true,1,450103
7290002057062,false,זיתים ירוק מנזנילנו בינוני יבנה 540ג',,,זיתים מנזלינו בינוני יבנה 560 גר,גרמים,560.00,100 גרם,false,1,6.90,1.2321,true,1,448522
7290002057109,false,זיתים מנזנילו ירוק גדול ושום A2 יבנה 540ג',,,זית מנזולינו ג.מ.,גרמים,560.00,100 גרם,false,1,9.90,1.7679,true,1,448868
7290002057123,false,זיתים חרוזית ירוק A2 יבנה 540ג',קריות זול,IL,חרוזית יבנה,גרמים,560.00,100 גרם,false,1,9.90,1.7679,true,1,447055
7290002057161,false,זיתים מרינט גדול מאד A2 יבנה 540ג',קריות זול,,זית מרינט יבנה,גרמים,560.00,100 גרם,false,1,9.90,1.7679,true,1,449577
7290002057178,false,זיתים מנזנילו טבעי גדול A2 יבנה 540 ג',קריות זול,,זית טבעי יבנה,גרמים,560.00,100 גרם,false,1,7.90,1.4107,true,1,448524
7290002057185,false,טבעות זיתים ירוקים 560 ג' יבנה,קריות זול,IL,טבעות זיתים ירוקים,גרמים,560.00,100 גרם,false,1,9.90,1.7679,true,1,448869
7290002057352,false,מלפפון במלח 7-9 560 ג' יבנה,קבוצת יבנה מוצרי מזו,IL,מלפפון במלח 7-9,גרמים,560.00,100 גרם,false,1,6.50,1.1607,true,1,447056
7290002057369,false,מלפפון במלח ‏12‏-‏10‏ 560 ג' יבנה,קבוצת יבנה,IL,מלפפון יבנה במלח 10-12 560 גר,גרמים,560.00,100 גרם,false,1,7.90,1.4107,true,1,448871
7290002057376,false,מלפפון במלח ‏17‏-‏13‏ 560 ג' יבנה,קבוצת יבנה,IL,מלפפונים במלח 13-17,גרמים,560.00,100 גרם,false,1,9.90,1.7679,true,1,448091
7290002057383,false,מלפפון במלח ‏25‏-‏18‏ 560 ג' יבנה,קריות זול,IL,מלפפון במלח 18-25,גרמים,600.00,100 גרם,false,1,11.90,1.9833,true,1,448872
7290002057437,false,שיפקונית קבוצת יבנה,קבוצת יבנה,IL,שיפקונית 560 גר,גרמים,560.00,100 גרם,false,12,9.90,1.7679,true,1,515777
7290002057451,false,מלפפון בחומץ ‏9‏-‏7‏ %‏20‏ 560 ג' יבנה,אף.סי תבליני בגליל ב,IL,מלפפון בחומץ 7-9,גרמים,560.00,100 גרם,false,1,6.50,1.1607,true,1,448092
7290002057468,false,מלפפון חומץ ‏12‏-‏10‏ 560 ג' יבנה,קבוצת יבנה,IL,מלפפון יבנה בחומץ 10-12 560 גר,גרמים,560.00,100 גרם,false,1,7.90,1.4107,true,1,448525
7290002057475,false,מלפפונים בחומץ 13-17 קטן A2 יבנה 540ג',קבוצת יבנה,IL,מלפפון בחומץ 13-17,גרמים,560.00,100 גרם,false,1,9.90,1.7679,true,1,447057
7290002057482,false,מלפפון חומץ ‏25‏-‏18‏ 560 ג' יבנה,קריות זול,IL,מלפפון בחומץ 18-25,גרמים,560.00,100 גרם,false,1,11.90,2.1250,true,1,448526
7290002057604,false,שיפקה פלפל חריף A2 יבנה 600ג',קבוצת יבנה,IL,פלפל חריף שיפקה,גרמים,560.00,100 גרם,false,1,5.90,1.0536,true,1,447011
7290002057628,false,זיתים טבעות מושחר A2 יבנה 540ג',קריות זול,IL,טבעות מושחר,גרמים,560.00,100 גרם,false,1,9.90,1.7679,true,1,447012
7290002057703,false,חצילים ‏2‏-‏A‏ יבנה 560 גר',קבוצת יבנה,IL,חצילים יבנה 560 גרם,גרמים,560.00,100 גרם,false,1,6.90,1.2321,true,1,447784
7290002075219,false,אייסקונפקט 500 גר,,,אייסקונפקט 500גר,גרמים,500.00,100 גרם,false,1,32.90,6.5800,true,1,447788
7290002075271,false,סוכריות ריקולה צמחים,ריקולה,CH,סוכריות ריקולה צמחים 70 גר,גרמים,75.00,100 גרם,false,1,9.90,13.2000,true,1,524901
7290002107071,false,צוריאל פטה עיזים מעודנת גביע 16% 200ג,מחלבת משק צוריאל,IL,בולגרית עיזים מעודנת 16% 200 גר,גרמים,200.00,100 גרם,false,1,24.90,12.4500,true,1,450107
7290002107385,false,גבינת מה עיזים בגליל צוריאל 180 ג',מחלבת משק צוריאל,IL,מה-עז - גליל גבינת ע,גרמים,180.00,100 גרם,false,,24.90,13.8333,true,1,449587
7290002107491,false,גבינת עזים למריחה טבעי 5% צוריאל 250 ג',מחלבת משק צוריאל,IL,גבינת עיזים למריחה 5,גרמים,250.00,100 גרם,false,1,14.90,5.9600,true,1,450108
7290002107798,false,גבינה בולגרית מעודנת 5% צוריאל 250ג',מחלבת משק צוריאל,IL,בולגרית קלאסית 5% בג,גרמים,250.00,100 גרם,false,1,21.90,8.7600,true,1,449589
7290002107965,false,טבורוג גבינה לאפייה 5% צוריאל 500 ג',מחלבת משק צוריאל,IL,גבינה טבורוג 5% 500,גרמים,500.00,100 גרם,false,1,24.90,4.9800,true,1,447794
7290002109488,false,קבב אמיתי טיבון ויל,טיבון ויל,,"קבב אמיתי 100% ""טיבו",גרמים,440.00,100 גרם,false,1,18.90,4.2955,true,1,447795
7290002129462,false,פיצה איטלקית דקה שלושת האופים מארז זוג 640 ג',,,זוג פיצה שלושת האופים דקה 640 גר,גרמים,640.00,100 גרם,false,1,25.90,4.0469,true,1,490343
7290002129479,false,פיצה איטלקית דקה 320 ג' שלושת האופים,האי נאם סי או אל.טי.,IT,פיצה שלושת האופים דקה 320 גר,גרמים,320.00,100 גרם,false,1,14.90,4.6563,true,1,490342
7290002130567,false,דבש טהור מפרחי בר בזכוכית 350 גרם,מכוורת יד מרדכי שטרא,IL,"דבש טהור 350 ג""ר",גרמים,350.00,100 גרם,false,1,17.90,5.1143,true,1,447797
7290002130574,false,דבש טהור מפרחי בר בזכוכית 500 ג' יד מרדכי,מכוורת יד מרדכי שטרא,IL,"דבש טהור 500 ג""ר",גרמים,500.00,100 גרם,false,1,24.90,4.9800,true,1,449122
7290002132011,false,עוגיות מזרחיות 400 ג' עבאדי,מאפיית יוסף ושמחה עב,IL,עוגיות עבאדי מזרחיות 400 גר,גרמים,400.00,100 גרם,false,1,15.90,3.9750,true,1,449593
7290002157960,false,טונה במים ויליגר רביעיה * 140ג',ויליגר,,טונה ויליגר במי מלח 140 גר רביעייה,גרמים,560.00,100 גרם,false,1,20.90,3.7321,true,1,508356
7290002161332,false,פחם 10 קג,,,פחם 10 קג,קילוגרמים,10.00,"ק""ג",false,1,79.90,7.9900,true,1,520228
7290002190141,false,ריבת חלב קונדיטור 45,Barhan gida sanayi v,IL,"ריבת חלב 450 ג""ר",גרמים,450.00,100 גרם,false,1,12.90,2.8667,true,1,448880
7290002190516,false,ריבת חלב ממרח קומידה 500 גר',קריות זול,IL,ריבת חלב פלסטיק 500,גרמים,500.00,100 גרם,false,1,12.90,2.5800,true,1,447073
7290002195054,false,המבורגר בלדי 400 גרם ארוז,יוליניבר,IL,"המבורגר בלדי 400 גר""",גרמים,400.00,100 גרם,false,1,12.90,3.2250,true,1,449128
7290002195078,false,קבב כבש בלדי קפוא 400 ג',,,"קבב כבש 400 גר""",גרמים,400.00,100 גרם,false,1,12.90,3.2250,true,1,447811
7290002195085,false,קבב מזרחי בלדי 400 ג'- 8 יח',יוליניבר,IL,"קבב מזרחי 400 גר""",גרמים,400.00,100 גרם,false,1,12.90,3.2250,true,1,447041
7290002195092,false,קבב רומני 400 גרם ארוז,,,"קבב רומני 400 גר""",גרמים,400.00,100 גרם,false,1,12.90,3.2250,true,1,449129
7290002196617,false,משק לין רוטב חרדל וד,משק לין,IL,משק לין רוטב חרדל ודבש 320 גר,גרמים,320.00,100 גרם,false,12,23.90,7.4687,true,1,502917
7290002196884,false,משק לין רוטב דבש עם,משק לין,IL,משק לין רוטב דבש עם בוטנים וקארי 320 גר,גרמים,320.00,100 גרם,false,12,23.90,7.4687,true,1,502919
7290002208129,false,השומרון גבינת חלומי כבשים 250ג,,,חלומי כבשים דוחן 250 גר,גרמים,250.00,100 גרם,false,1,29.90,11.9600,true,1,449130
7290002232964,false,פירורי לחם דגש ציפוי,תירפז בעמ,IL,קורנפלקס ציפוי פז טחון דק 600 גר,גרמים,600.00,100 גרם,false,1,25.90,4.3167,true,1,486870
7290002232995,false,פירורי לחם דגש ציפוי,פ.פ.ח. שאביט,IL,קורנפלקס ציפוי פז דגש 500 גר,גרמים,500.00,100 גרם,false,1,25.90,5.1800,true,1,486871
7290002239185,false,אפונת גינה קפואה פרי גליל 800 גרם,"פרי הגליל בע""""מ",IL,"אפונה 800 ג""ר",גרמים,800.00,100 גרם,false,1,10.90,1.3625,true,1,448537
7290002239215,false,אפונה וגזר קפוא פרי גליל 800 גרם,"פרי הגליל בע""""מ",IL,"אפונה וגזר 800 ג""ר",גרמים,800.00,100 גרם,false,1,10.90,1.3625,true,1,447061
7290002239277,false,גזר גמדי 800 ג' פרי הגליל,"פרי הגליל בע""""מ",IL,"גזר גמדי 800 גר""",גרמים,800.00,100 גרם,false,1,9.90,1.2375,true,1,447813
7290002239307,false,שעועית צהובה 800 ג ' פרי הגליל,"פרי הגליל בע""""מ",IL,שעועית צהובה 800ג,גרמים,800.00,100 גרם,false,1,10.90,1.3625,true,1,449132
7290002239338,false,שעועית ירוקה 800 ג' פרי הגליל,"פרי הגליל בע""""מ",IL,שעועית ירוקה 800גר,גרמים,800.00,100 גרם,false,1,10.90,1.3625,true,1,448881
7290002239420,false,תירס גרעינים 800 ג ' פרי הגליל,"פרי הגליל בע""""מ",IL,"תירס גרעינים 800 ג""ר",גרמים,800.00,100 גרם,false,1,10.90,1.3625,true,1,448538
7290002253006,false,דורות שום כתוש טרי 200 גרם,עיצובים 2020 (3.8),IL,דורות שום כתוש טרי 2,גרמים,200.00,100 גרם,false,1,15.90,7.9500,true,1,448539
7290002253105,false,מגשית קוביות שום טרי דורות 80 ג',עיצובים 2020 (3.8),IL,דורות קוביות שום טרי,גרמים,80.00,100 גרם,false,1,12.90,16.1250,true,1,448882
7290002253167,false,פטרוזליה קצוצה דורות 70 גר',עיצובים 2020 (3.8),IL,דורות פטרוזליה טרייה,גרמים,70.00,100 גרם,false,1,9.90,14.1429,true,1,447814
7290002253174,false,שמיר קצוץ דורות 70 גר',עיצובים 2020 (3.8),IL,דורות שמיר טרי קצוץ,גרמים,70.00,100 גרם,false,1,9.90,14.1429,true,1,447062
7290002253181,false,כוסברה טריה קצוצה 70 ג' דורות,עיצובים 2020 (3.8),IL,דורות כוסברה טריה קצ,גרמים,70.00,100 גרם,false,1,9.90,14.1429,true,1,448883
7290002253235,false,רוטב פסטו דורות 160 ג',עיצובים 2020 (3.8),IL,רוטב אסם פסטו 160 גר,גרמים,160.00,100 גרם,false,1,10.90,6.8125,true,1,479539
7290002253259,false,רוטב עגבניות בזיליקו,עיצובים 2020 (3.8),IL,רוטב אסם עגבניות בזיליקום 160 גר,גרמים,160.00,100 גרם,false,1,10.90,6.8125,true,1,479540
7290002260059,false,במבה יום הולדת 60 ג' אסם,"אסם השקעות בע""מ",IL,במבה אסם יום הולדת 60גר,גרמים,60.00,100 גרם,false,1,3.90,6.5000,true,1,475244
7290002281498,false,גבינה צהובה מגורדת על בסיס חלב 500 ג' ריץ,האי נאם סי או אל.טי.,PL,ריץ מגורדת על בסיס חלב 500 גר,גרמים,500.00,100 גרם,false,,24.90,4.9800,true,1,509351
7290002291046,false,המבורגר מסעדות קצבייה 4 יח'-480 ג',יוליניבר,IL,המבורגר מסעדות 480 גר,גרמים,480.00,100 גרם,false,1,26.90,5.6042,true,1,484496
7290002304203,false,קונפיטורה תות שדה לי,ענבי ציון,,"קונפיטורה ""ענבי ציון",גרמים,600.00,100 גרם,false,1,24.90,4.1500,true,1,447091
7290002304210,false,קונפיטורה משמש לייט,ענבי ציון,,"קונפיטורה ""ענבי ציון",גרמים,600.00,100 גרם,false,1,24.90,4.1500,true,1,448541
7290002304227,false,קונפיטורה דובדבן חמו,ענבי ציון,,"קונפיטורה ""ענבי ציון",גרמים,600.00,100 גרם,false,1,24.90,4.1500,true,1,447826
7290002304234,false,קונפיטורה אוכמניות ל,ענבי ציון,,"קונפיטורה ""ענבי ציון",גרמים,600.00,100 גרם,false,1,24.90,4.1500,true,1,448885
7290002304241,false,קונפיטורה ביתית פירו,ענבי ציון,,"קונפיטורה ""ענבי ציון",גרמים,600.00,100 גרם,false,1,24.90,4.1500,true,1,447827
7290002304418,false,קונפיטורת אוכמניות 1,ענבי ציון,,קונפיטורת אוכמניות 1,קילוגרמים,1.20,"ק""ג",false,1,29.90,24.9167,true,1,448886
7290002304425,false,קונפיטורת דובדבן 1.2,ענבי ציון,,קונפיטורת דובדבן 1.2,קילוגרמים,1.20,"ק""ג",false,1,29.90,24.9167,true,1,447828
7290002304432,false,קונפיטורת תות 1.2 קג,ענבי ציון,,"קונפיטורת תות 1.2 ק""",קילוגרמים,1.20,"ק""ג",false,1,29.90,24.9167,true,1,449136
7290002304456,false,קונפיטורת חמוציות ענ,ענבי ציון,,"קונפיטורת חמוציות ""ע",קילוגרמים,1.20,"ק""ג",false,1,29.90,24.9167,true,1,446390
7290002304463,false,קונפיטורת פירות יער,ענבי ציון,,קונפיטורת פירות יער,קילוגרמים,1.20,"ק""ג",false,1,29.90,24.9167,true,1,448887
7290002304470,false,קונפיטורת משמש 1.2 ק,ענבי ציון,,קונפיטורת משמש 1.2 ק,קילוגרמים,1.20,"ק""ג",false,1,29.90,24.9167,true,1,449599
7290002304487,false,מעדן אוכמניות עם סוכ,ענבי ציון,,מעדן אוכמניות עם סוכ,קילוגרמים,1.20,"ק""ג",false,1,29.90,24.9167,true,1,448888
7290002304609,false,קונפיטורת תותים ענבי,ענבי ציון,,"קונפיטורה ""ענבי ציון",גרמים,600.00,100 גרם,false,1,19.90,3.3167,true,1,449600
7290002304623,false,קונפיטורת פירות יער,ענבי ציון,,"קונפיטורה ""ענבי ציון",גרמים,600.00,100 גרם,false,1,19.90,3.3167,true,1,449601
7290002304630,false,קונפיטורת דובדבן ענב,ענבי ציון,,"קונפיטורה ""ענבי ציון",גרמים,600.00,100 גרם,false,1,19.90,3.3167,true,1,447831
7290002304654,false,קונפיטורת שזיפים ענב,ענבי ציון,,"קונפיטורה ""ענבי ציון",גרמים,600.00,100 גרם,false,1,19.90,3.3167,true,1,448542
7290002304661,false,קונפיטורת אוכמניות ע,ענבי ציון,,"קונפיטורה ""ענבי ציון",גרמים,600.00,100 גרם,false,1,19.90,3.3167,true,1,448543
7290002304692,false,קונפיטורת חמוציות וד,ענבי ציון,,"קונפיטורת ""ענבי ציון",גרמים,600.00,100 גרם,false,1,19.90,3.3167,true,1,450123
7290002327066,false,קונכיות למילוי 625 ג' שלושת האופים,שלושת האופים,IL,קונכיות 625 גרם,גרמים,625.00,100 גרם,false,1,24.90,3.9840,true,1,450126
7290002331025,false,"מים מינרלים נביעות ספורט 500 מ""ל פקדון",נביעות טבע הגליל בעמ,IL,"נביעות ספורט 500 מ""ל",מיליליטרים,500.00,"100 מ""ל",false,1,3.90,0.7800,true,1,448548
7290002331094,false,"נביעות+ מים טעם ענבים 755מ""ל",נביעות טבע הגליל בעמ,IL,מים מינרליים נביעות,מיליליטרים,755.00,"100 מ""ל",false,1,3.90,0.5166,true,1,448549
7290002331360,false,"נביעות מים מינרליים טו גו מארז 500X6מ""ל",קריות זול,IL,נביעות ספורט שישייה,ליטרים,3.00,ליטר,false,1,14.90,4.9667,true,1,449605
7290002331421,false,"מים אישי נביעות מארז שישייה* 755 מ""ל",קריות זול,IL,שישית נביעות,ליטרים,4.53,ליטר,false,1,17.90,3.9514,true,1,448550
7290002331483,false,"נביעות בייבי מארז 320X6מ""ל",נביעות טבע הגליל בעמ,IL,מים נביעות בייבי 320מל שישייה,מיליליטרים,1920.00,"100 מ""ל",false,1,14.90,0.7760,true,1,473193
7290002331490,false,מים מינרלים נביעות 1 ליטר,נביעות טבע הגליל בעמ,IL,מים מינרליים נביעות 1ל,ליטרים,1.00,ליטר,false,1,2.90,2.9000,true,1,474672
7290002345015,false,סינטה דק דק אל גאוצ'ו 250ג' מינוט,"טיבון ויל אחזקות בע""",IL,סינטה דק דק אל גאוצו 250 גר,גרמים,250.00,100 גרם,false,1,24.90,9.9600,true,1,497895
7290002345022,false,אנטריקוט דק דק אל גאצ'ו 250ג' מינוט,"טיבון ויל אחזקות בע""",IL,אנטריקוט דק דק אל גאוצו 250 גר,גרמים,250.00,100 גרם,false,1,24.90,9.9600,true,1,497896
7290002345121,false,אסאדו דקדק אל גאוצו,טיבון ויל - נטו,IL,אסאדו דקדק 250 גר,גרמים,250.00,100 גרם,false,1,24.90,9.9600,true,1,516371
7290002348139,false,ארטישוק תחתיות 210 ג' ויליגר,האי נאם סי או אל.טי.,EG,תחתיות ארטישוק ויליגר 390 גר,גרמים,390.00,100 גרם,false,1,9.90,2.5385,true,1,447078
7290002353225,false,ממרח חרדל דבש 210 גר,,,ממרח חרדל דבש 210 גר,גרמים,210.00,100 גרם,false,1,24.90,11.8571,true,1,496842
7290002353249,false,ממרח דיגונז מיילי 33,מיוצר עי קונדיטוריית,FR,"ממרח דיגונז מיילי 345 מ""ל",גרמים,335.00,100 גרם,false,1,24.90,7.4328,true,1,496843
7290002353836,false,סרדין רוברט בשמן זית 120 ג',קונסרבס פורטוגל נורט,PT,"סרדין ""רוברט"" בשמן ז",גרמים,120.00,100 גרם,false,1,8.90,7.4167,true,1,447080
7290002360124,false,חליטת תה ורד הבר פומפדור 20 שקיקים,TEEKANNE- POMPADOU,DE,תה פומפדור פירות ורד,גרמים,70.00,100 גרם,false,1,15.90,22.7143,true,1,447854
7290002360285,false,תה פומפדור חליטת צמחים קמומיל 20 שק,TEEKANNE- POMPADOU,DE,תה פומפדור צמחים קמו,גרמים,30.00,100 גרם,false,1,15.90,53.0000,true,1,449147
7290002371533,false,דקניקים סלסולי פסטרמה בדבש 120 ג' טירת צבי,הנסיך- מפעל לייצור ט,IL,סלסולי פסטרמה דבש 120 גר,גרמים,120.00,100 גרם,false,1,12.90,10.7500,true,1,472669
7290002371540,false,דקניקים קורנדביף 120 ג' טירת צבי,הנסיך- מפעל לייצור ט,IL,סלסולי פסטרמה קורנדביף 120 גר,גרמים,120.00,100 גרם,false,1,12.90,10.7500,true,1,472668
7290002371854,false,"נקניקיות עוף מתובלות 1 ק""ג טירת צבי",הנסיך- מפעל לייצור ט,IL,נקניקיות חריפות 1 קג,קילוגרמים,1.00,"ק""ג",false,1,26.90,26.9000,true,1,469607
7290002374268,false,שמן חמניות מילומור 1 ליטר,שמן תעשיות,IL,שמן חמניות מילומור 1 ל,ליטרים,1.00,ליטר,false,1,11.90,11.9000,true,1,447855
7290002374312,false,שמן קנולה מילומור 1 ליטר,"נארז ע""י : א.ג. גילר",EE,שמן קנולה מילומור 1 ל,ליטרים,1.00,ליטר,false,1,11.90,11.9000,true,1,450136
7290002374640,false,שמן קנולה פלוס אומגה 3 1ל' עץ הזית,שמן תעשיות,IL,שמן קנולה עץ הזית פלוס אומגה 3 1 ל,ליטרים,1.00,ליטר,false,1,15.90,15.9000,true,1,476951
7290002407348,false,"שמן זית כתית מעולה 750 מ""ל ג'השאן",,,"שמן זית גהשאן כתית מעולה 750 מ""ל",מיליליטרים,750.00,"100 מ""ל",false,1,35.90,4.7867,true,1,449615
7290002407454,false,שמן זית כתית מעולה ס,,,"שמן זית גהשאן זני סורי 750 מ""ל",מיליליטרים,750.00,"100 מ""ל",false,1,39.90,5.3200,true,1,497724
7290002407461,false,שמן זית גהשאן זני נב,,,"שמן זית גהשאן זני נבאלי 750 מ""ל",מיליליטרים,750.00,"100 מ""ל",false,1,39.90,5.3200,true,1,497725
7290002408161,true,הולנדיה קרם 235 גר,,,הולנדיה קרם 235 גר,גרמים,235.00,100 גרם,false,1,16.90,7.1915,true,1,498878
7290002408178,true,גבינת קרם יאנטר 235,,,גבינת קרם יאנטר 235 גר,גרמים,235.00,100 גרם,false,1,16.90,7.1915,true,1,498877
7290002408352,true,בסגנון טבורוג בלטייס,,,בסגנון טבורוג בלטייסקי מולוצניק 275 גר,גרמים,275.00,100 גרם,false,,11.90,4.3273,true,1,505351
7290002408376,false,גיבנה פטה צאן יווני 200ג',,,פטה צאן יווני 200 גר,גרמים,200.00,100 גרם,false,1,24.90,12.4500,true,1,505166
7290002408468,false,איירן 300 מל,,,"איירן 300 מ""ל",מיליליטרים,300.00,"100 מ""ל",false,1,6.90,2.3000,true,1,507060
7290002408505,false,ממרח על בסיס שמנת לט,,,ממרח על בסיס שמנת לטבייסקי 350 גר,גרמים,350.00,100 גרם,false,1,11.90,3.4000,true,1,507990
7290002408956,false,חמאת כמהין 150 גר,,,חמאת כמהין 150 גר,גרמים,150.00,100 גרם,false,1,29.90,19.9333,true,1,522389
7290002479352,false,דבש עמק חפר 350גרם,מכוורת עמק חפר,,"דבש ""עמק חפר"" 350 גר",גרמים,350.00,100 גרם,false,1,18.90,5.4000,true,1,447142
7290002488422,false,תמר מגהול פרימיום 60,מרינה,IL,תמר מגהול 600 גר,גרמים,600.00,100 גרם,false,1,13.90,2.3167,true,1,527332
7290002507277,false,קציצות דג דלידג 700 ג',אף.סי תבליני בגליל ב,IL,"קציצות דג 700 ג""ר",גרמים,700.00,100 גרם,false,1,24.90,3.5571,true,1,493762
7290002507604,false,פיצת השף מאיטליה 320 גר',האי נאם סי או אל.טי.,IT,פיצה דקה עגולה תפזור,גרמים,320.00,100 גרם,false,1,16.90,5.2812,true,1,497900
7290002542506,false,"בירה קורונה בקבוק 355מ""ל",קריניציה ויטמינה אס,MX,"בירה קורונה 355 מ""ל",מיליליטרים,355.00,"100 מ""ל",false,1,9.90,2.7887,true,1,448577
7290002542773,false,"בירה סטלה ארטואה בקבוק 330 מ""ל",סטלה,BE,בירה סטלה ארטואה 330 מל,מיליליטרים,330.00,"100 מ""ל",false,1,9.90,3.0000,true,1,518622
7290002542780,false,"שישיית בירה סטלה ארטואה 330 מ""ל*6",סטלה ארטואה Stella Artois,BE,שישיית בירה סטלה ארטואה 330 מל,מיליליטרים,1980.00,"100 מ""ל",false,1,32.90,1.6616,true,1,517905
7290002542797,false,בקבוק בירה לף בלונד,לף Leffe,BE,בירה לף בלונד בק 330 מל,מיליליטרים,330.00,"100 מ""ל",false,1,10.90,3.3030,true,1,524388
7290002542810,false,בירה הוגרדן בקבוק 33,הוגרדן Hoegaarden,BE,בירה הוגרדן בק 330 מל,מיליליטרים,330.00,"100 מ""ל",false,1,10.90,3.3030,true,1,524390
7290002543046,false,קלוגס פרוסטיס דגנים וסוכר 750ג',קלוג מנייופרטורינג א,ES,"דגני בוקר ""קלוגס"" פרוסטיס 750 גר",גרמים,750.00,100 גרם,false,1,17.90,2.3867,true,1,447150
7290002617297,false,פילה דג בסה מעובד קל,,,"פילה דג בסה מעובד קלאסי קפוא 1 ק""ג",קילוגרמים,1.00,"ק""ג",false,1,29.90,29.9000,true,1,501031
7290002617709,false,"שרימפס 16/20 מקולף 1ק""ג.",,,שרימפס מקולף 16/20 1קג,קילוגרמים,1.00,"ק""ג",false,1,109.90,109.9000,true,1,504240
7290002617723,false,"שרימפס 26/30 מקולף 1ק""ג.",,,שרימפס מקולף 26/30 1קג,קילוגרמים,1.00,"ק""ג",false,1,99.90,99.9000,true,1,474874
7290002627098,false,שלושת האופים פיצה ביס 350 גר',שלושת האופים,,פיצה ביס 350 גר,גרמים,350.00,100 גרם,false,1,15.90,4.5429,true,1,520171
7290002627210,false,"גפילטעפיש קציצות מדגי קרפיון וכסיף 560 גר' בעל""ז",האי נאם סי או אל.טי.,IL,גפילטע פיש קציצות 560 גרם,גרמים,560.00,100 גרם,false,1,13.90,2.4821,true,1,507454
7290002628064,false,טחון בקר בלדי קפוא 500 ג' /16 יח',יוליניבר,IL,טחון בקר קפוא 500 גר,גרמים,500.00,100 גרם,false,1,19.90,3.9800,true,1,448581
7290002628088,false,טחון הודו בלדי קפוא,,,טחון הודו 500 גרם,גרמים,500.00,100 גרם,false,1,10.90,2.1800,true,1,447883
7290002628293,false,טחון עוף בלדי קפוא 5,,,טחון עוף קפוא 500 גרם,גרמים,500.00,100 גרם,false,1,10.90,2.1800,true,1,447110
7290002628989,false,נקניקיות מרגז קפוא 500 ג' 16 יח',,,נקניקיות מרגז קפוא 5,גרמים,500.00,100 גרם,false,1,24.90,4.9800,true,1,448583
7290002654674,false,תערובת להכנת עוגת שוקולד כהאנס 560ג',י.כהן,,תערובת להכנת עוגת שו,גרמים,560.00,100 גרם,false,1,15.90,2.8393,true,1,449175
7290002655626,false,נבטוטים יח,מרינה פטריות הגליל,IL,נבטוטים,Unknown,0.00,Unknown,false,1,7.90,0.0000,true,1,447317
7290002661115,false,לחם שיפון הולנדי 1.2 מהדרין,מאפית י את א ברמן בע,IL,לחם הולנדי 1 קג,קילוגרמים,1.00,"ק""ג",false,1,17.90,17.9000,true,1,447171
7290002661153,false,"לחם דני קל ברמן 1 ק""",מאפית י את א ברמן בע,IL,לחם דני קל,Unknown,0.00,Unknown,false,1,17.90,0.0000,true,1,449180
7290002661283,false,פריכיות כוסמין דקות,,,פריכיות כוסמין 95 גר,גרמים,95.00,100 גרם,false,1,7.90,8.3158,true,1,518300
7290002661290,false,פריכיות כוסמת 100 גר,,,פריכיות כוסמת 100 גר,גרמים,100.00,100 גרם,false,1,7.90,7.9000,true,1,518299
7290002661443,false,פירורי לחם מוזהבים עדינים 200 גר.,,,פירורי זהוב עדין ברמן 200 גר,גרמים,200.00,100 גרם,false,1,4.90,2.4500,true,1,507934
7290002661474,false,פרורי לחם עם שומשום 200 ג',Unknown,,פירורי זהוב עם שומשום ברמן 200 גר,גרמים,200.00,100 גרם,false,1,3.90,1.9500,true,1,507935
7290002661856,false,מיני קרוטונים מתובלים למרק וסלט 350 גר',מאפית י את א ברמן בע,IL,מיני קרוטונים מתובלים למרק וסלט ברמן,גרמים,350.00,100 גרם,false,1,19.90,5.6857,true,1,509848
7290002661863,false,קרוטונים מתובלים למרק 350 גר'.,מאפית י את א ברמן בע,IL,קרוטונים מתובלים למרק ברמן 350 גר,גרמים,350.00,100 גרם,false,1,17.90,5.1143,true,1,509847
7290002674238,false,"אקווה פרש - משחת שיניים מנטה מרענן 125 מ""ל",,,משחת שיניים אקווה פרש מנטה 125 מל,מיליליטרים,125.00,"100 מ""ל",false,1,8.90,7.1200,true,1,503655
7290002674269,false,"אקווה פרש - משחת שיניים מנטה עדין 125 מ""ל",,,משחת שיניים אקווה פרש עדין 125 מל,מיליליטרים,125.00,"100 מ""ל",false,1,8.90,7.1200,true,1,503656
7290002692393,false,שמן קנולה מועשר עץ ה,שמן תעשיות,IL,שמן קנולה מועשר עץ הזית 1 ל,ליטרים,1.00,ליטר,false,1,15.90,15.9000,true,1,449643
7290002692478,false,"שמן זית כתית מעולה קלאסי מעודן 750 מ""ל עץ הזית","מרקאולאו, ספרד.אבסה,",IT,שמן זית מעודן עץ הזית 750 מל,מיליליטרים,750.00,"100 מ""ל",false,1,29.90,3.9867,true,1,450163
7290002692768,false,"תרסיס קנולה מופחת קלוריות 200 מ""ל עץ הזית",טרנסומס פוד איי בי,IT,תרסיס שמן קנולה מזוכך ללא תוספת גז 200 מ,מיליליטרים,200.00,"100 מ""ל",false,1,15.90,7.9500,true,1,449645
7290002692775,false,"תרסיס שמן קנולה בטעם חמאה 200 מ""ל עץ הזית",,,תרסיס שמן קנולה בטעם חמאה עץ הזית 200 מל,מיליליטרים,200.00,"100 מ""ל",false,1,15.90,7.9500,true,1,502954
7290002692782,false,"תרסיס מופחת קלוריות זית 200 מ""ל עץ הזית",י.ב טכנולוגיות אריזה,IL,תרסיס שמן זית כתית ללא תוספת גז 150 מל,מיליליטרים,150.00,"100 מ""ל",false,1,19.90,13.2667,true,1,447131
7290002715375,false,קבב יווני טיבון ויל,טיבון ויל אחזקות בעמ,IL,"קבב יווני 400 ג""ר",גרמים,400.00,100 גרם,false,1,18.90,4.7250,true,1,448923
7290002730262,false,פלמוליב כלים שקוף קלאסי 750 בקבוק חדש,יבואן ומשווק: ש. שסט,GR,"נוזל כלים ""פלמוליב""",מיליליטרים,750.00,"100 מ""ל",false,1,10.90,1.4533,true,1,447905
7290002730538,false,בלונס פדים להסרת איפור 80 יח',הנסיך- מפעל לייצור ט,GR,בלונס פדים להסרת איפ,Unknown,0.00,Unknown,false,1,9.90,0.0000,true,1,449186
7290002730811,false,"קולגייט משחת שיניים ג'ל משפחתי 100מ""ל",הנסיך- מפעל לייצור ט,PL,משחת שיניים קולגייט גל 100 מל,מיליליטרים,100.00,"100 מ""ל",false,1,12.90,12.9000,true,1,448591
7290002730903,false,פלמוליב סבון מוצק ורדים רביעייה * 125 ג',הנסיך- מפעל לייצור ט,TR,סבון מוצק פלמוליב רביעייה,גרמים,400.00,100 גרם,false,1,15.90,3.9750,true,1,447133
7290002730941,false,בלונס צמר גפן פרוס 100גר',הנסיך- מפעל לייצור ט,GR,צמר גפן פרוס,גרמים,100.00,100 גרם,false,1,6.90,6.9000,true,1,450164
7290002730958,false,פלמוליב סבון מוצק? ירוק זית רביעייה * 100 ג',הנסיך- מפעל לייצור ט,TR,"סבון מוצק ""פלמוליב""",גרמים,400.00,100 גרם,false,1,15.90,3.9750,true,1,450165
7290002735007,false,"בצק עלים 1 ק""ג ינון",,,"בצק עלים 1 ק""ג ינון",קילוגרמים,1.00,"ק""ג",false,1,13.90,13.9000,true,1,447186
7290002735014,false,מלוואח ארוז ינון 800 גר',ג'נרל מילס סאן אדריא,IL,מלווח ינון,גרמים,800.00,100 גרם,false,1,13.90,1.7375,true,1,447134
7290002735021,false,ינון גחנון ארוז 750גר,ג'נרל מילס סאן אדריא,IL,"ג""חנון ינון",גרמים,900.00,100 גרם,false,1,13.90,1.5444,true,1,449648
7290002735274,false,ינון גחנון אפוי 600 גר,ג'נרל מילס סאן אדריא,IL,"ג""חנון אפוי ינון",גרמים,600.00,100 גרם,false,1,19.90,3.3167,true,1,448592
7290002750154,false,שישיית לחמניות יאמיס,פילסברי,IL,שישיית לחמניות יאמיס,Unknown,0.00,Unknown,false,72,11.90,0.0000,true,1,522627
7290002752332,false,"סוכריות מנטוס פירות בגליל, 37.5 גרם",הדקלאים אגודת שיתופי,NL,מנטוס פירות 40 גלילי,גרמים,38.00,100 גרם,false,1,3.50,9.2105,true,1,450171
7290002752349,false,סוכריות מנטוס מנטה 40יח' בגליל 38ג',פרפטי ואן מלה,NL,מנטוס מנטה 40 גלילים,גרמים,38.00,100 גרם,false,1,3.50,9.2105,true,1,449190
7290002752493,false,רביעיה סוכריות מנטה 4* 16 ג' טיק טק,קריות זול,ZA,סוכריות טיק טק מנטה רביעייה,גרמים,64.00,100 גרם,false,1,9.90,15.4688,true,1,447909
7290002753223,false,רביעייה סוכריות תפוז 4*16 ג' טיק טק,קריות זול,ZA,סוכריות טיק טק תפוז רביעייה,גרמים,64.00,100 גרם,false,1,9.90,15.4688,true,1,449191
7290002771104,false,קפה אלנח'לה עם הל 500 ג',מולינו ניקולי s.p.a,IL,500קפה עם היל ג,גרמים,500.00,100 גרם,false,1,32.90,6.5800,true,1,447202
7290002771111,false,קפה עם הל 250 ג' אלנח'לה,מולינו ניקולי s.p.a,IL,250קפה עם היל,גרמים,250.00,100 גרם,false,1,16.90,6.7600,true,1,447203
7290002771128,false,קפה אלנח'לה בלי הל 250 ג',מולינו ניקולי s.p.a,IL,קפה ללא היל,גרמים,250.00,100 גרם,false,1,16.90,6.7600,true,1,448597
7290002793311,false,שירות והחלפה מילוי גז (60),סודה סטרים,,בלון גז מילוי 60 ל,Unknown,0.00,Unknown,false,1,56.90,0.0000,true,1,447208
7290002805151,false,סיף פנטסטיק לרצפות בניחוח סחלבים 4ל',יוניליוור ישראל טיפו,IL,"נוזל רצפות ""סיף פנטס",ליטרים,4.00,ליטר,false,1,17.90,4.4750,true,1,450183
7290002814016,false,"מסיר שומנים קר מתז סנט מוריץ 750מ""ל",קומפלקס כימיקלים,IL,מסיר שומנים קר 750 מל,מיליליטרים,750.00,"100 מ""ל",false,1,13.90,1.8533,true,1,448605
7290002814078,false,סנט מוריץ נוזל לניקוי אמבט אנטרטיק 1ל',קומפלקס כימיקלים,IL,נוזל לניקוי אמבט אנטרטיק 1 ל,ליטרים,1.00,ליטר,false,1,6.90,6.9000,true,1,447211
7290002814290,false,BLANCO קצף אקונומיקה מרוכז 1 ליטר בניחוח לימון,קומפלקס כימיקלים,IL,קצף אקונומיקה לימון משמיד 99.9%,ליטרים,1.00,ליטר,false,1,9.90,9.9000,true,1,522534
7290002814436,false,סנט מוריץ נוזל כלים 1.6 ליטר לימון 18%,,,נוזל כלים לימון 1.6 ל,ליטרים,1.60,ליטר,false,1,9.90,6.1875,true,1,489118
7290002814481,false,עלמה שקיות מזון בקופסא 150 יח' מארז שלישיה,קומפלקס כימיקלים,IL,שלישיית שקיות מזון עלמה 150 יח,Unknown,0.00,Unknown,false,1,10.90,0.0000,true,1,522576
7290002814498,false,"סנט מוריץ - מרסס חומץ לניקוי כללי 750 מ""ל",ארבה כימיקלים,TR,נוזל לניקוי כללי עם חומץ 750 מל,מיליליטרים,750.00,"100 מ""ל",false,1,9.90,1.3200,true,1,522552
7290002814528,false,נוזל לניקוי האסלה סנט מוריץ 1 ליטר,קומפלקס כימיקלים,IL,נוזל אסלות צילינדר 1 ל,ליטרים,1.00,ליטר,false,1,5.90,5.9000,true,1,449667
7290002814580,false,טורנדו גרגירים לפתיחת סתימות 200 גרם,קומפלקס כימיקלים,IL,טורנדו גרגרים לפתיחת סתימות 200 גר,גרמים,200.00,100 גרם,false,1,10.90,5.4500,true,1,522546
7290002814597,false,טורנדו נוזל 1 ליטר לפתיחת סתימות,,,נוזל לפתיחת סתימות טורנדו 1 ל,ליטרים,1.00,ליטר,false,1,16.90,16.9000,true,1,489113
7290002814603,false,"סנט מוריץ - מרסס מסיר שומנים קר מבושם לימון 750 מ""ל",אלמוג דיל בעמ,IL,מסיר שומנים קר מבושם לימון 750 מל,מיליליטרים,750.00,"100 מ""ל",false,1,10.90,1.4533,true,1,496793
7290002814825,false,סבון אסלה כדוריות אוקיינוס כחול שלישיה,גורקה,TR,סבון אסלה כדוריות אוקיינוס כחול שלישייה,Unknown,0.00,Unknown,false,1,10.90,0.0000,true,1,514098
7290002814870,false,"סנט מוריץ - מרסס מסיר שומנים קר מבושם לוונדר\פרחים 750 מ""ל",,,מסיר שומנים קר מבושם בניחוח לבנדר 750 מל,מיליליטרים,750.00,"100 מ""ל",false,1,10.90,1.4533,true,1,518605
7290002814894,false,אקונומיקה קצף ניקוי 1לוונדר ליטר- סנט מוריץ,קומפלקס כימיקלים,IL,קצף אקונומיקה לבנדר 1 ל,ליטרים,1.00,ליטר,false,1,9.90,9.9000,true,1,522533
7290002824183,false,גבינה לבנה 5% שומן 500 ג' שטראוס,מיוצר עי קונדיטוריית,IL,"גבינת סקי 500 גר""",גרמים,500.00,100 גרם,false,1,9.50,1.9000,true,1,449669
7290002824466,false,דנונה יוגורט ביו 0% 200מל,"שטראוס בריאות בע""מ",IL,יוגורט דנונה ביו 0%,גרמים,200.00,100 גרם,false,1,3.60,1.8000,true,1,450187
7290002824640,false,גבינה שטראוס 5% 250 ג',מיוצר עי קונדיטוריית,IL,גבינה לבנה סקי 5% 25,גרמים,250.00,100 גרם,false,1,4.90,1.9600,true,1,447946
7290002830948,false,גבינת מון בלאן עיזים 120 ג',סלס קרית מלאכי ישראל,IL,גבינת מון בלאן עיזים 120 גר,גרמים,120.00,100 גרם,false,1,11.90,9.9167,true,1,473955
7290002839187,false,תבלין מעורב,,,תבלין מעורב,גרמים,0.00,100 גרם,false,1,4.90,0.0000,true,1,449209
7290002839248,false,תבלין שקית מעורב 100,,,תבלין שקית מעורב,גרמים,100.00,100 גרם,false,1,4.50,4.5000,true,1,447953
7290002842002,false,"שבולת שועל אנגלי מורנפלייק לל""ס 500גר",,,קוואקר אנגלי מורנפלקס 500 גר,גרמים,500.00,100 גרם,false,1,9.90,1.9800,true,1,447158
7290002842163,false,טונה יולה 185 גר,,,טונה יולה 185 גר,גרמים,185.00,100 גרם,false,1,14.90,8.0541,true,1,488980
7290002842415,false,פילה אנשובי אמיתי 50,,,פילה אנשובי אמיתי 50 גר,גרמים,50.00,100 גרם,false,1,8.90,17.8000,true,1,488981
7290002868996,false,קוטג' 5% מועשר טרה 250ג' מהדרין,קריות זול,IL,קוטג ביו 5% מועשרת ב,גרמים,250.00,100 גרם,false,1,5.90,2.3600,true,1,449678
7290002871248,false,"בירה טובורג רד חוזר 500 מ""ל",מבשלות בירה בינלאומי,IL,"בירה טובורג 500מ""""ל",מיליליטרים,500.00,"100 מ""ל",false,1,8.90,1.7800,true,1,450195
7290002871361,false,"קרלסברג בירה בק.חוזר 500 מ""ל",מבשלות בירה בינלאומי,IL,"בירה קרלסברג 500 מ""ל",מיליליטרים,500.00,"100 מ""ל",false,1,8.90,1.7800,true,1,448615
7290002881018,false,סן מורנו מעדן תות שד,קריות זול,,מעדן תות שדה 100%,גרמים,284.00,100 גרם,false,1,13.90,4.8944,true,1,448952
7290002881025,false,סן מורנו מעדן דובדבן,קריות זול,,מעדן דובדבן חמוץ 100,גרמים,284.00,100 גרם,false,1,13.90,4.8944,true,1,449679
7290002881032,false,מעדן אוכמניות כחולות,אופאל,,מעדן אוכמניות כחולות,גרמים,284.00,100 גרם,false,1,13.90,4.8944,true,1,448616
7290002881094,false,מעדן פירות יער סן מו,קריות זול,,מעדן מיקס פירות 284,גרמים,284.00,100 גרם,false,1,13.90,4.8944,true,1,449215
7290002881124,false,מעדן פרי שזיף 100% 2,,,מעדן פרי שזיף 100% 2,גרמים,282.00,100 גרם,false,1,13.90,4.9291,true,1,448618
7290002881216,false,רסק תפוחי עץ בצנצנת 700 ג' תומר,Geurts conservenfabr,,רסק תפוחי עץ בצנצנת,גרמים,700.00,100 גרם,false,1,10.90,1.5571,true,1,448619
7290002881230,false,אננס חתוך 825 ג' תומר,סאן רייז,,אננס חתוך,גרמים,850.00,100 גרם,false,1,10.90,1.2824,true,1,449216
7290002881247,false,אננס שלם פרוסות תומר,סאן רייז,,אננס שלם,גרמים,850.00,100 גרם,false,1,10.90,1.2824,true,1,447974
7290002881254,false,קוקטייל פירות טרופי תומר 820 ג',סאן רייז,,קוקטייל טרופי 820 גר,גרמים,820.00,100 גרם,false,1,9.90,1.2073,true,1,450198
7290002881261,false,ליצי שלם תומר 565 גר,גיבונג אינדסקיאלס,,ליצי שלם תומר,גרמים,565.00,100 גרם,false,1,9.90,1.7522,true,1,447519
7290002881278,false,חצאי אפרסק בסירופ קל,Elbak s.a - greek ca,,אפרסק חצאים,גרמים,820.00,100 גרם,false,1,9.90,1.2073,true,1,450199
7290002881407,false,נודלס אטריות ביצים דק תומר 400ג',קריות זול,,נודלס דק,גרמים,400.00,100 גרם,false,1,6.90,1.7250,true,1,448620
7290002881414,false,נודלס עבה תומר 400גר,אופאל,,נודלס עבה,גרמים,400.00,100 גרם,false,1,6.90,1.7250,true,1,449218
7290002881506,false,חמאת בוטנים תומר 510 ג',Niza s a,,חמאת בוטנים 510 גר,גרמים,510.00,100 גרם,false,1,13.90,2.7255,true,1,447246
7290002881513,false,חמאת בוטנים עם שברי בוטנים תמר 510 גר',Niza s a,,חמאת בוטנים עם שברים,גרמים,510.00,100 גרם,false,1,13.90,2.7255,true,1,447976
7290002881551,false,עלי גפן ממולאים תומר,אסמה תורכיה,,"עלי גפן 400 ג""ר",גרמים,400.00,100 גרם,false,1,10.90,2.7250,true,1,449683
7290002881612,false,לפתן דובדבנים חמוצים,Fructo sliven jsc,,לפתן דובדבנים חמוצים 680 גר,גרמים,680.00,100 גרם,false,1,10.90,1.6029,true,1,472991
7290002881735,false,לבבות דקל שלמים תומר,Inaexpo,,לבבות דקל שלם,גרמים,400.00,100 גרם,false,1,11.90,2.9750,true,1,447523
7290002881742,false,לבבות דקל פרוסות תומר 400 ג',Inaexpo,,לבבות דקל פרוסות,Unknown,0.00,Unknown,false,1,7.90,0.0000,true,1,449687
7290002881803,false,שמן קנולה תומר 1 ל,,,שמן קנולה תומר 1 ל,ליטרים,1.00,ליטר,false,15,11.90,11.9000,true,1,521766
7290002881865,false,פטריות שמפיניון חתוכות 400 ג' תומר,Prochamp B.V,,פטריות חתוכות 400 גר,גרמים,400.00,100 גרם,false,1,4.90,1.2250,true,1,467861
7290002881940,false,סרדינים מרוקאי בשמן חמניות 125ג' תומר,Union des pecheries,,סרדין מרוקאי בשמן,גרמים,125.00,100 גרם,false,1,5.90,4.7200,true,1,447248
7290002881957,false,סרדינים מרוקאי חריף בשמן חמניות 125ג' תומר,Union des pecheries,,סרדין מרוקאי חריף,גרמים,125.00,100 גרם,false,1,5.90,4.7200,true,1,447249
7290002881964,false,סרדינים מרוקאי ברוטב עגבניות 125ג' תומר,Union des pecheries,,סרדין מרוקאי ברוטב ע,גרמים,125.00,100 גרם,false,1,5.90,4.7200,true,1,447979
7290002900092,false,סטייק בורגר טירת צבי,הנסיך- מפעל לייצור ט,IL,"סטייק בורגר ""טירת צבי"" 400 גר",גרמים,400.00,100 גרם,false,1,19.90,4.9750,true,1,449688
7290002900207,false,ט.צבי המבורגר אמיתי,הנסיך- מפעל לייצור ט,IL,"המבורגר אמיתי 100% 400 ג""ר",גרמים,400.00,100 גרם,false,1,19.90,4.9750,true,1,448958
7290002900566,false,פסטרמה ברביקיו דל שומן טירת צבי 360 ג',הנסיך- מפעל לייצור ט,IL,פסטרמה ברביקיו 360 גר,גרמים,360.00,100 גרם,false,1,26.90,7.4722,true,1,469594
7290002905028,false,לונטי נוזל הברקה 500,,,לונטי נוזל הברקה 500,מיליליטרים,500.00,"100 מ""ל",false,1,16.90,3.3800,true,1,447252
7290002909569,false,דג ברבוניה פילה קפוא 400 ג',דולפין ספא,,פילה ברבוניה 400 גר,גרמים,400.00,100 גרם,false,1,22.90,5.7250,true,1,484494
7290002909576,false,בשר בקר טחון לקציצות ולקבב 500 ג' 12 יח',יוליניבר,IL,בשר בקר טחון לקציצות וקבב 500 גר,גרמים,500.00,100 גרם,false,1,19.90,3.9800,true,1,484504
7290002919353,false,כבד עוף קפוא ארוז 50,,,כבד עוף קפוא ארוז 500 גר,גרמים,500.00,100 גרם,false,1,14.90,2.9800,true,1,487257
7290002921332,false,סבון פלא אסטוניש מסיר כתמים 75גר,קריות זול,,סבון מסיר כתמים אסטוניש בקופסא 75 גר,גרמים,75.00,100 גרם,false,1,12.90,17.2000,true,1,489922
7290002921349,false,דבק סופר גלו מארז זוגי,קריות זול,,לוקטייט סופר גלו 3 זוגי,Unknown,0.00,Unknown,false,1,16.90,0.0000,true,1,517273
7290002927358,false,סטיק אנטריקוט 800גר,,,"סטייק בקר 800 גר""",גרמים,800.00,100 גרם,false,,36.90,4.6125,true,1,450211
7290002929642,false,טונה וילגר בשמן רביעיה * 140 ג',דיאמנט פוד פרודקט קו,TH,טונה ויליגר בשמן 140גר רביעייה,גרמים,560.00,100 גרם,false,1,20.90,3.7321,true,1,475360
7290002954026,false,שמן תירס שוקחה 3 ליט,בני ג'ורג' שוקחה חיפ,IN,שמן תירס 3 ליטר,ליטרים,3.00,ליטר,false,1,49.90,16.6333,true,1,448968
7290002954040,false,שמן תירס 1 ל,,,שמן תירס 1 ליטר,ליטרים,1.00,ליטר,false,1,16.90,16.9000,true,1,449224
7290002954187,false,"אורז יסמין 5 ק""ג שוקחה",בני ג'ורג' שוקחה חיפ,IN,אורז יסמין מדליה 5 ק,קילוגרמים,5.00,"ק""ג",false,1,46.90,9.3800,true,1,449225
7290002954200,false,"אורז יסמין 1 ק""ג שוקחה",בני ג'ורג' שוקחה חיפ,,"אורז יסמין 1 ק""ג",קילוגרמים,1.00,"ק""ג",false,1,11.90,11.9000,true,1,449226
7290002954361,false,פטריות שמפניון חתוכות 400 ג' שוקחה,,,פטריות חתוך 400 גר,גרמים,400.00,100 גרם,false,1,4.90,1.2250,true,1,448006
7290002954460,false,"Sunwhite אורז אוסטרלי עגול לסושי-1 ק""ג",בני ג'ורג' שוקחה חיפ,AU,אורז אוסטרלי עגול 1,קילוגרמים,1.00,"ק""ג",false,1,11.90,11.9000,true,1,448007
7290002954477,false,"אורז עגול אוסטרלי 5 ק""ג סנוואיט",בני ג'ורג' שוקחה חיפ,IN,"אורז אוסטרלי 5 ק""ג",קילוגרמים,5.00,"ק""ג",false,1,49.90,9.9800,true,1,447531
7290002954545,false,מלבין קפה 400 ג' שוקחה,,,מלבין קפה 400 גר,גרמים,400.00,100 גרם,false,1,16.90,4.2250,true,1,487144
7290002966005,false,דמוי קוויאר אדום 125,,,קוויאר אדום (דמוי) 125 גר,גרמים,125.00,100 גרם,false,1,13.90,11.1200,true,1,449701
7290002966012,false,מעדן קוויאר שחור 130,,,קוויאר שחור (דמוי) 130 גר,גרמים,125.00,100 גרם,false,1,13.90,11.1200,true,1,447532
7290002966098,false,ממרח סולו טעם פירות,,,"ממרח ""סולו"" בטעם פיר",גרמים,200.00,100 גרם,false,1,14.90,7.4500,true,1,448631
7290002966784,false,מעדן סלט איקרה ורודה,,,מעדן סלט איקרה ורודה בטבעוני 200 גר,גרמים,200.00,100 גרם,false,1,13.90,6.9500,true,1,511728
7290002966791,false,מעדן סלט איקרה לבנה,,,מעדן סלט איקרה לבנה טבעוני 200 גר,גרמים,200.00,100 גרם,false,1,13.90,6.9500,true,1,511729
7290002971009,false,"קמח חיטה לבן בהיר שטיבל 1 ק""ג",שטיבל טחנות קמח,IL,קמח מובחר שטיבל,קילוגרמים,1.00,"ק""ג",false,1,4.90,4.9000,true,1,447553
7290002971016,false,"שטיבל סולת חיטה 1 ק""ג",,,סולת שטיבל,קילוגרמים,1.00,"ק""ג",false,1,4.90,4.9000,true,1,447272
7290002971030,false,קמח שיפון שטיבל מס 7,מיוצר עי קונדיטוריית,IL,"קמח שיפון מס"" 7",קילוגרמים,1.00,"ק""ג",false,1,6.90,6.9000,true,1,447554
7290002971092,false,שטיבל.6קמח מלא שטיבל,שטיבל טחנות קמח,IL,קמח חיטה מלא,קילוגרמים,1.00,"ק""ג",false,1,7.90,7.9000,true,1,449703
7290002971139,false,קמח תופח 1 קג,שטיבל,,קמח תופח 1 קילו,קילוגרמים,1.00,"ק""ג",false,1,7.90,7.9000,true,1,447555
7290002971153,false,קמח חלה מס 18 שטיבל,שטיבל טחנות קמח,IL,"קמח חלה מס 18 שטיבל 1 ק""ג",קילוגרמים,1.00,"ק""ג",false,1,7.90,7.9000,true,1,501770
7290002971207,false,קמח רב תכליתי מס 1 ש,שטיבל טחנות קמח,IL,"קמח תופח מס"" 13",קילוגרמים,1.00,"ק""ג",false,1,7.90,7.9000,true,1,450213
7290002971238,false,קמח עוגות שטיבל מס 5,שטיבל טחנות קמח,IL,"קמח עוגות שטיבל מס""",קילוגרמים,1.00,"ק""ג",false,1,7.90,7.9000,true,1,447556
7290002977032,false,"סוכר לבן סטודן 1 ק""ג",,,"סוכר לבן 1 ק""ג",קילוגרמים,1.00,"ק""ג",false,1,4.50,4.5000,true,1,494145
7290002977087,false,קמח חיטה מלא 100% בר,,,"קמח חיטה מלא 100% בריאה 1 ק""ג",קילוגרמים,1.00,"ק""ג",false,1,4.90,4.9000,true,1,494260
7290002977094,false,קמח שיפון מלא 100% ב,,,"קמח שיפון מלא 100% בריאה 1 ק""ג",קילוגרמים,1.00,"ק""ג",false,1,4.90,4.9000,true,1,494259
7290002977100,false,קמח לבן בהיר 1 קג,,,"קמח לבן בהיר 1 ק""ג",קילוגרמים,1.00,"ק""ג",false,1,3.90,3.9000,true,1,449230
7290002977117,false,קמח כוסמין מלא 100%,,,"קמח כוסמין מלא 100% בריאה 1 ק""ג",קילוגרמים,1.00,"ק""ג",false,1,10.90,10.9000,true,1,494262
7290002977124,false,קמח חיטה כפרי בריאה,,,"קמח חיטה כפרי בריאה 1 ק""ג",קילוגרמים,1.00,"ק""ג",false,1,4.90,4.9000,true,1,494261
7290002977261,false,קמח כוסמין לבן 1 קג,,,"קמח כוסמין לבן 1 ק""ג",קילוגרמים,1.00,"ק""ג",false,1,10.90,10.9000,true,1,494263
7290003009183,false,"פריגת סירופ דיאט תפוחים 750מ""ל",סירופ - גבעת חיים,IL,סירופ דיאט תפוחים 75,מיליליטרים,750.00,"100 מ""ל",false,1,22.90,3.0533,true,1,448632
7290003009312,false,בוטן קלוי קלית גת 200 ג',הדקלאים אגודת שיתופי,IL,"בוטן קלוי 200 ג""ר",גרמים,200.00,100 גרם,false,1,7.90,3.9500,true,1,447279
7290003009329,false,בוטן אמריקאי קלית גת 200 ג',הדקלאים אגודת שיתופי,IL,"בוטן אמריקאי 200 ג""ר",גרמים,200.00,100 גרם,false,1,5.90,2.9500,true,1,449706
7290003009336,false,קבוקים מצופים קליית,הדקלאים אגודת שיתופי,IL,"קבוקים 200 ג""ר",גרמים,200.00,100 גרם,false,1,5.90,2.9500,true,1,447559
7290003009596,false,"פריגת סירופ דיאט אשכוליות 750מ""ל",סירופ - גבעת חיים,IL,סירופ דיאט אשכולית 7,מיליליטרים,750.00,"100 מ""ל",false,1,22.90,3.0533,true,1,449707
7290003009640,false,מיץ סחוט תפוזים 1 ל' פריגת,קריות זול,IL,"""פריגת"" סחוט תפוזים",ליטרים,1.00,ליטר,false,1,18.90,18.9000,true,1,449234
7290003015627,false,ריצפז פרש 2 ליטר אפרסק מרכז,"סנו מפעלי ברונוס בע""",IL,ריצפז פרש אפרסק 2 לי,ליטרים,2.00,ליטר,false,1,17.90,8.9500,true,1,449712
7290003015641,false,ריצפז סנו פרש יסמין 2ל',קריות זול,IL,ריצפז פרש יסמין 2 לי,ליטרים,2.00,ליטר,false,1,17.90,8.9500,true,1,449713
7290003029181,false,משקה יטבתה שוקו' בקבוק 1ל מהדרין,מחלבת יטבתה,IL,שוקו יוטבתה 1 ליטר,ליטרים,1.00,ליטר,false,1,11.90,11.9000,true,1,447288
7290003029372,false,משקה חלב בננה בקבוק 1ל' יוטבתה,מחלבת יטבתה,IL,משקה חלב בננה בקבוקי,ליטרים,1.00,ליטר,false,1,11.90,11.9000,true,1,447564
7290003029389,false,"משקה חלב בננה פקק ספורט 250 מ""ל יוטבתה",שטראוס גרופ,IL,"משקה חלב בננה 250 מ""",מיליליטרים,250.00,"100 מ""ל",false,1,5.30,2.1200,true,1,449716
7290003029433,false,"משקה יטבתה שוקו פקק 250 מ""ל מהדרין",מחלבת יטבתה,IL,משקה שוקו בקבוק 250,מיליליטרים,250.00,"100 מ""ל",false,1,5.30,2.1200,true,1,450231
7290003029532,false,מוקה בקבוק 1 ל' יוטבתה,מחלבת יטבתה,IL,מוקה יטבתה בקבוק 1 ל,ליטרים,1.00,ליטר,false,1,11.90,11.9000,true,1,448019
7290003029792,false,"משקה יטבתה שוקו שקיות מהדרין מארז 225X8מ""ל",שטראוס גרופ,IL,מארז שוקו שמינייה,ליטרים,1.80,ליטר,false,1,18.90,10.5000,true,1,449239
7290003029815,false,חלב יוטבתה מועשר 3% בכד 2ל',מחלבת יטבתה,IL,חלב מועשר כד 2 ליטר,ליטרים,2.00,ליטר,false,1,14.90,7.4500,true,1,447291
7290003029907,false,משקה יטבתה אייס קפה 1ליטר,מחלבת יטבתה,IL,"קפה יטבתה בקבוק 1 ל""",ליטרים,1.00,ליטר,false,1,11.90,11.9000,true,1,448642
7290003060290,false,קמח מלא מועשר מנופה,,,קמח מלא מועשר מנופה 1 קג,קילוגרמים,1.00,"ק""ג",false,1,8.90,8.9000,true,1,518375
7290003060313,false,קמח כוסמין מנופה 1קג,,,קמח כוסמין מנופה 1 קג,קילוגרמים,1.00,"ק""ג",false,1,14.90,14.9000,true,1,518381
7290003060344,false,"קמח חיטה לפיצה מנופה 1 ק""ג",,,קמח לפיצה מנופה 1 קג,קילוגרמים,1.00,"ק""ג",false,1,9.90,9.9000,true,1,518377
7290003072965,false,קבנוס חריף מעושן 120 ג',טירת- צבי,IL,קבנוס חריף מעושן טירת צבי 120 גר,גרמים,120.00,100 גרם,false,60,11.90,9.9167,true,1,515943
7290003072972,false,קבנוס בתיבול שום 120 גר',טירת- צבי,IL,קבנוס בתיבול שום טירת צבי 120 גר,גרמים,120.00,100 גרם,false,60,11.90,9.9167,true,1,515944
7290003087945,false,חטיף בוטנים בולי בודד 80 גרם,א מ חטיפי העמק בעמ,IL,"חטיף ""בולי"" 80 גר""",גרמים,80.00,100 גרם,false,1,2.90,3.6250,true,1,524437
7290003094363,false,שרימפס מבושל 41-50 7,,,שרימפס מבושל 41-50 750 גר,גרמים,750.00,100 גרם,false,,49.90,6.6533,true,1,503408
7290003094400,false,קוויאר אדום 140 גר,א.ר.ד.י.ו,,קוויאר אדום 140 גר,גרמים,140.00,100 גרם,false,1,42.90,30.6429,true,1,487132
7290003094585,false,קוויאר אדום גולד זכו,,,קוויאר אדום גולד זכוכית 90 גר,גרמים,90.00,100 גרם,false,1,39.90,44.3333,true,1,513935
7290003094592,false,קוויאר אדום 250 גר,,,קוויאר אדום 250 גר,גרמים,250.00,100 גרם,false,1,134.90,53.9600,true,1,516571
7290003102136,false,צמר גפן COTTON SOFT רפואי 100 גר' 3102136,הדקלאים אגודת שיתופי,TR,צמר גפן,Unknown,0.00,Unknown,false,1,5.90,0.0000,true,1,449243
7290003102723,false,"מטהר אויר בניחוח וניל 300 מ""ל HOSTESS",הוסטס,,מטהר אויר,Unknown,0.00,Unknown,false,1,8.90,0.0000,true,1,447589
7290003102976,false,צימרוני אוז' פל' בקופסה 200יח',הדקלאים אגודת שיתופי,CN,צמרוני אוזניים פלסטי,Unknown,0.00,Unknown,false,1,4.90,0.0000,true,1,447590
7290003102990,false,פדים להסרת איפור 80 יח',כוטון סופט,,פדים,גרמים,40.00,100 גרם,false,1,8.90,22.2500,true,1,449245
7290003118113,false,פיתה ביס קמח לבן 10 יח',,,פיתה בייבי 10 יח,Unknown,0.00,Unknown,false,1,15.90,0.0000,true,1,502542
7290003126712,false,יוגורט עיזים בגביע 3% צוריאל 150 ג',מחלבת משק צוריאל,IL,יוגורט עיזים טבעי 150 גר,גרמים,150.00,100 גרם,false,1,6.50,4.3333,true,1,448035
7290003127818,false,שקיות אשפה אחת אחת שרוך 60יח',אשפלסט,,"אשפתון 60 יח""",Unknown,0.00,Unknown,false,1,19.90,0.0000,true,1,448986
7290003142361,false,הוטפופ מתוק/מלוח 5 שקיות 500 ג',,,הוטפופ מתוק מלוח 500 גר,גרמים,500.00,100 גרם,false,12,15.90,3.1800,true,1,526707
7290003142422,false,קליית גת גרעינים שחורים ללא מלח 180ג,ג'י אנד ג'י,IL,גרעיני חמנייה ללא מל,גרמים,180.00,100 גרם,false,1,5.90,3.2778,true,1,448042
7290003143146,false,ממרח תמרים קליית גת 450 ג',הדקלאים אגודת שיתופי,IL,"ממרח תמרים ""קליית גת",גרמים,450.00,100 גרם,false,1,5.90,1.3111,true,1,448991
7290003143337,false,סילאן טבעי לחיץ קליית גת 350 גר',,,סילאן טבעי קליית גת 350גר,גרמים,350.00,100 גרם,false,1,14.90,4.2571,true,1,473626
7290003144310,false,תערבות אגוזים וחמוציות,קליית גת,IL,תערובת אגוזים וחמוציות 150 גר,גרמים,150.00,100 גרם,false,1,17.90,11.9333,true,1,485616
7290003145751,false,קשיו קלוי קלית גת 200 ג',הדקלאים אגודת שיתופי,IL,"קשיו קלוי 200 גר""",גרמים,200.00,100 גרם,false,1,18.90,9.4500,true,1,447613
7290003145959,false,פקאן טבעי קלית גת 150 ג',קוד יצרן JG,IL,פקאן טבעי 150גר,גרמים,150.00,100 גרם,false,1,22.90,15.2667,true,1,477110
7290003185719,false,קבב רומני 500 גרם,טיבון ויל אחזקות בעמ,IL,"קבב רומני 500 ג""ר",גרמים,500.00,100 גרם,false,1,18.90,3.7800,true,1,450247
7290003185726,false,קבב מזרחי 500 גרם ט,טיבון ויל אחזקות בעמ,IL,"קבב מזרחי 500 ג""ר",גרמים,500.00,100 גרם,false,1,18.90,3.7800,true,1,448655
7290003189076,false,פיצרלה מגורדת אישית 500 גרם,,,"פיצרלה אישית 500 ג""ר",גרמים,500.00,100 גרם,false,1,24.90,4.9800,true,1,449252
7290003189144,false,"גבינה הולנדית 22% שומן 1 ק""ג כפיר",,,"הולנדית 1 ק""ג",קילוגרמים,1.00,"ק""ג",false,1,35.90,35.9000,true,1,448123
7290003189168,false,בסיגנון גבינה מעושנת,,,"מעושנת 1 ק""ג",קילוגרמים,1.00,"ק""ג",false,1,39.90,39.9000,true,1,447615
7290003208586,false,וורמוט מרטיני ביאנקו,מרטיני ורוסי,IT,"מרטיני לבן 750 מ""ל",מיליליטרים,750.00,"100 מ""ל",false,1,44.90,5.9867,true,1,448660
7290003208593,false,מרטיני אקסטרא דריי 7,,,"מרטיני לבן יבש 750 מ""ל",מיליליטרים,750.00,"100 מ""ל",false,1,44.90,5.9867,true,1,448661
7290003208609,false,וורמוט מרטיני רוסו 7,מרטיני ורוסי,IT,"מרטיני אדום מתוק 750 מ""ל",מיליליטרים,750.00,"100 מ""ל",false,1,44.90,5.9867,true,1,449743
7290003208647,false,יין מבעבע מרטיני ברו,,,יין מבעבע מרטיני בר,מיליליטרים,750.00,"100 מ""ל",false,1,64.90,8.6533,true,1,448127
7290003224029,false,כיסוני דובדבן 400 גר,,,כיסונים עם דובדבן 40,גרמים,400.00,100 גרם,false,1,24.90,6.2250,true,1,449000
7290003224036,false,אוכמניות כחולות גולוביקה,מאמא מרי,US,אוכמניות כחולות 300,גרמים,300.00,100 גרם,false,1,18.90,6.3000,true,1,449262
7290003224104,false,כיסונים במילוי כרוב,,,כיסונים במילוי כרוב כבוש 800 גר,גרמים,800.00,100 גרם,false,1,22.90,2.8625,true,1,521754
7290003224128,false,"כיסונים תפו""א 800 ג' מאמא מרי",מאמא מרי,,"כיסונים תפו""א 800 ג""",גרמים,800.00,100 גרם,false,1,22.90,2.8625,true,1,448132
7290003224142,false,"בלינצ'ס תפ""א ופטריות 7 יחידות",מאמא מרי,IL,"בלינצ""ס פטריות ותפו""",גרמים,400.00,100 גרם,false,1,21.90,5.4750,true,1,448133
7290003224159,false,בלינצ'יס בשר 7 יחידות,מאמא מרי,IL,"בלינצ""ס בשר 7 יח""",גרמים,400.00,100 גרם,false,1,26.90,6.7250,true,1,447621
7290003224227,false,פירושקי בשר מאמא מרי,,,"פירוז""קי בשר 7 יח""",גרמים,400.00,100 גרם,false,1,24.90,6.2250,true,1,449264
7290003224234,false,פירושקי תפוא ופיטריו,,,"פירוז""קי תפוח אדמה 7",Unknown,0.00,Unknown,false,1,15.90,0.0000,true,1,449265
7290003224258,false,קרפלך במילוי בשר בקר,,,"פירוז""קי ריבה 7 יח""",גרמים,1500.00,100 גרם,false,1,59.90,3.9933,true,1,515165
7290003224265,false,קרפלך במילוי בשר בקר,מאמא מרי,IL,"כיסונים ""אורלסקיה"" 1",גרמים,800.00,100 גרם,false,,34.90,4.3625,true,1,515164
7290003224272,false,"כיסונים בשר מוסקובסקי מאמא מרי 1 ק""ג",,,"כיסוני בשר מוסקובסקי 1 ק""ג",קילוגרמים,1.00,"ק""ג",false,1,34.90,34.9000,true,1,448054
7290003224296,false,פירושקי עם כרוב 7 יח,,,פירושקי עם כרוב 7 יח 400 גר,גרמים,400.00,100 גרם,false,1,19.90,4.9750,true,1,449267
7290003224326,false,בצק שמרים 800 גר,,,"בצק שמרים 1 ק""ג",גרמים,800.00,100 גרם,false,1,16.90,2.1125,true,1,449005
7290003224340,false,"קלוקווא רוסי(סיבירי)300 ג""ר חמוציות",,,חמוציות 300 גרם,גרמים,300.00,100 גרם,false,1,19.90,6.6333,true,1,448665
7290003224357,false,קוואס 2 ל,,,קוואס 2 ליטר,ליטרים,2.00,ליטר,false,1,16.90,8.4500,true,1,450256
7290003224456,false,"כיסונים בשר סיבירסקי מאמא מרי 1 ק""ג",מאמא מרי,,"כיסונים בשר ""סיבירסק",קילוגרמים,1.00,"ק""ג",false,1,32.90,32.9000,true,1,448056
7290003224463,false,"כיסונים בשר אוקראינסקי 1ק""ג",מאמא מרי,,"כיסונים בשר ""אוקראינ",קילוגרמים,1.00,"ק""ג",false,1,32.90,32.9000,true,1,448057
7290003224470,false,"כיסונים בשר 1ק""ג קייבסקי",מאמא מרי,IL,"כיסונים בשר ""קייבסקי",קילוגרמים,1.00,"ק""ג",false,1,32.90,32.9000,true,1,450257
7290003224487,false,"כיסונים בשר 1 ק""ג מאמא מרי",,,כיסונים עם בשר מאמא,קילוגרמים,1.00,"ק""ג",false,1,32.90,32.9000,true,1,448058
7290003224654,false,מיקס פירות יער קפוא,מאמא מרי,,מיקס פירות יער 300 גר,גרמים,300.00,100 גרם,false,1,15.90,5.3000,true,1,449268
7290003224784,false,בלינצ'ס עם דובדבנים 7 יחידות,מאמא מרי,IL,"בלינצ""ס דובדבנים 7 י",גרמים,400.00,100 גרם,false,1,26.90,6.7250,true,1,450258
7290003224821,false,כיסוני בשר ביתיים 1,,,כיסוני בשר ביתיים 1 קג,קילוגרמים,1.00,"ק""ג",false,1,34.90,34.9000,true,1,477180
7290003224845,false,קרפלוני תפוא ופטריות,מאמא מרי,IL,"ריבת אפרסק 380 ג""ר",גרמים,800.00,100 גרם,false,1,22.90,2.8625,true,1,506351
7290003229109,false,פסטרמה בפפריקה טירת צבי 400 ג',הנסיך- מפעל לייצור ט,IL,פסטרמה בפפריקה 400 גר,גרמים,400.00,100 גרם,false,1,26.90,6.7250,true,1,469589
7290003229116,false,פסטרמה בדבש טירת צבי 400 ג',הנסיך- מפעל לייצור ט,IL,פסטרמה בדבש 400 גר,גרמים,400.00,100 גרם,false,1,26.90,6.7250,true,1,469590
7290003229123,false,פסטרמה על גחלים טירת צבי 400 ג',הנסיך- מפעל לייצור ט,IL,פסטרמה על גחלים 400 גר,גרמים,400.00,100 גרם,false,1,26.90,6.7250,true,1,469591
7290003229154,false,סלמי קוניאק מובחר טירת צבי 300 ג',הנסיך- מפעל לייצור ט,IL,נקניק קוניאק מובחר 300 גר,גרמים,300.00,100 גרם,false,1,26.90,8.9667,true,1,469596
7290003229192,false,כתף בקר מעושן טירת צבי 400 ג' צבי,טיב טירת צבי 2000,IL,כתף בקר מעושן 400 גר,גרמים,400.00,100 גרם,false,1,26.90,6.7250,true,1,469599
7290003229208,false,פסטרמה ספרדית 2% טירת צבי 360 ג',טירת- צבי,IL,פסטרמה ספרדית 360 גר,גרמים,360.00,100 גרם,false,1,26.90,7.4722,true,1,469592
7290003229215,false,פסטרמה איטלקית טירת צבי 360 ג',טירת- צבי,IL,פסטרמה איטלקית 360 גר,גרמים,360.00,100 גרם,false,1,26.90,7.4722,true,1,469593
7290003244331,false,"עגבניות קוביות 800ג בד""ץ פריניר *",פריניר,,עגבניות חתוכות לקוביות פריניר 800 גרי,גרמים,800.00,100 גרם,false,1,6.90,0.8625,true,1,448061
7290003287215,false,גולש בקר קפוא ארוז 800 ג',,,גולש בקר קפוא ארוז 800 גר,גרמים,800.00,100 גרם,false,1,39.90,4.9875,true,1,467264
7290003287253,false,נקנקיות מרגז בלאדי 500 ג',קרלו,IL,מרגז קצביה 500 גר,גרמים,500.00,100 גרם,false,1,26.90,5.3800,true,1,484497
7290003287260,false,נקניקיות צ'וריסוס ארוז קפוא בלדי 600 ג',,,צוריסוס 600 גר,גרמים,600.00,100 גרם,false,1,26.90,4.4833,true,1,484498
7290003287284,false,קבב ביתי קצביה ארוז 600 ג' - 8 יח',,,קבב ביתי 600 גר,גרמים,600.00,100 גרם,false,1,26.90,4.4833,true,1,484499
7290003287291,false,קבב טלה וצנובר קצביה ארוז 600 ג' - 8 יח',יוליניבר,IL,קבב טלה וצנובר 600 גר,גרמים,600.00,100 גרם,false,1,26.90,4.4833,true,1,484500
7290003287307,false,קבב רומני קצביה ארוז 600 ג' - 8 יח',,,קבב רומני 600 גר,גרמים,600.00,100 גרם,false,1,26.90,4.4833,true,1,484501
7290003287314,false,קבב על מקל קינמון קצביה ארוז 520 ג' - 8 יח',,,קבב על מקל קינמון 520 גר,גרמים,520.00,100 גרם,false,1,26.90,5.1731,true,1,484502
7290003321155,false,יוגורט בר עם פקאן מצופה שוקולד 183 ג' דנונה,"שטראוס בריאות בע""מ",IL,מעדן פקאן סיני 183 גר,גרמים,183.00,100 גרם,false,1,4.50,2.4590,true,1,448078
7290003321292,false,גבינה לבנה 9% שומן 250 ג' שטראוס,מיוצר עי קונדיטוריית,IL,גבינה לבנה סקי 9% 25,גרמים,250.00,100 גרם,false,1,4.75,1.9000,true,1,447641
7290003332007,false,קפה נחלה סובחי 250גר,סובחי נחלה ובניו,,קפה אדום עם הל 250 ג,גרמים,250.00,100 גרם,false,1,15.90,6.3600,true,1,448673
7290003332045,false,קפה נחלה אדום ללא הל 250ג',קפה אל נחלה,,קפה אדום בלי הל 250,גרמים,250.00,100 גרם,false,1,15.90,6.3600,true,1,450266
7290003385881,false,במיה ברוטב עגבניות 600 ג' פרי הגליל,"פרי הגליל בע""""מ",IL,במיה ברוטב עגבניות,גרמים,600.00,100 גרם,false,1,10.90,1.8167,true,1,448676
7290003387410,false,בלונס פדים להסרת איפור שלישיה,SEPTONA S.A.,GR,מסיר איפור,Unknown,0.00,Unknown,false,1,19.90,0.0000,true,1,449014
7290003401635,false,"קרם לחות לפתיחת תלתלים נטורל 400 מ""ל",מיוצר עי אמיליה קוסמ,IL,קרם לחות נטורל 400גר,מיליליטרים,400.00,"100 מ""ל",false,1,21.90,5.4750,true,1,450271
7290003424030,false,סלמון פרוס מעושן בוו,,,סלמון פרוס מעושן בוואקום 100 גר,גרמים,100.00,100 גרם,false,,23.90,23.9000,true,1,518802
7290003427154,false,"שמן זית כתית מעולה זיתא 750 מ""ל",זיתא – י.ט.ב תעשיות,IL,"שמן זית זיתא כתית 750 מ""ל",מיליליטרים,750.00,"100 מ""ל",false,1,32.90,4.3867,true,1,449024
7290003438006,false,ממרח אולביה פסטו וצנובר איטלקי 190ג',מיוצר עי קונדיטוריית,IL,אוליביה ממרח פסטו אי,גרמים,180.00,100 גרם,false,1,12.90,7.1667,true,1,516261
7290003438013,false,ממרח זיתים ירוקים 190 ג' אוליביה,קריות זול,IL,ממרח זיתים ירוקים אוליביה 190 גר,גרמים,190.00,100 גרם,false,1,12.90,6.7895,true,1,516259
7290003438020,false,ממרח עגבניות מיובשות 190 ג' אוליביה,מיוצר עי קונדיטוריית,IL,אוליביה ממרח עגבניות,גרמים,190.00,100 גרם,false,1,12.90,6.7895,true,1,516260
7290003438709,false,ממרח אולביה זיתים שחורים וירוקים 190 ג',גוד פוד פרודקטס S.p,IL,אוליביה ממרח זיתים ש,גרמים,190.00,100 גרם,false,1,12.90,6.7895,true,1,516262
7290003444009,false,ריזס חטיף שוקולד 42 גרם,הרשי,US,"שוקולד חלב ""ריזס"" 42 גר",גרמים,42.00,100 גרם,false,1,3.90,9.2857,true,1,473247
7290003450602,false,חרדל אמיתי צהוב בקבוק לחיץ 255 גר,היינץ צפון אמריקה -,US,ממרח חרדל צהוב 255 גר,גרמים,255.00,100 גרם,false,1,9.90,3.8824,true,1,449282
7290003457991,false,מאגדת קורנטו קלאסיק בטעם וניל 6 יח',"גלידת שטראוס בע""מ, ר",IL,קורנטו קלאסיק,גרמים,378.00,100 גרם,false,1,34.90,9.2328,true,1,449763
7290003514007,false,שקדי מרק מאסטר שף 40,מנה Mana,IL,"שקדי מרק ""מנה"" 400 ג",גרמים,400.00,100 גרם,false,1,9.90,2.4750,true,1,447667
7290003525461,false,סלט טונה פקנטי 160 ג' ויליגר,ויליגר,,סלט טונה פיקנטי 160,גרמים,160.00,100 גרם,false,1,5.90,3.6875,true,1,448693
7290003525478,false,סלט טונה ויליגר 160 גרם,"ויליגר, תעשיות בע""מ",IL,"סלט טונה 160 גר""",גרמים,160.00,100 גרם,false,1,5.90,3.6875,true,1,450279
7290003527380,false,דובדובן ללא חרצן 680 ג',גולדסטארקפט,,"דובדבן ""ויליגר"" ללא חרצן 680 גר",גרמים,680.00,100 גרם,false,1,9.90,1.4559,true,1,449290
7290003550753,false,טונה פוסידון בשמן רביעיה *108 ג',"מיוצר עי וליגר בעמ,",IL,רביעיית טונה פוסייד,גרמים,432.00,100 גרם,false,1,23.90,5.5324,true,1,448346
7290003570171,false,מינוט שניצל 300 ג' בלדי,,,שניצל מינוט 300 גר,גרמים,300.00,100 גרם,false,1,24.90,8.3000,true,1,498912
7290003570928,false,קבב בלדי קצביה ארוז קפוא 500ג',בלאדי,IL,קבב בלדי קצביה ארוז 500 גר,גרמים,500.00,100 גרם,false,1,26.90,5.3800,true,1,497414
7290003578108,false,אננס חתיכות ויליפוד 850 ג',טקרנג פינאפל אינדסטר,TH,"אננס חתוך 850 ג""ר",גרמים,850.00,100 גרם,false,1,9.90,1.1647,true,1,448696
7290003578153,false,נתחי טונה בשמן צמחי 160ג' וילי פוד,גולדן פרייז קאנינג א,TH,"טונה ""וילי פוד"" בשמן",גרמים,160.00,100 גרם,false,1,6.50,4.0625,true,1,448197
7290003578160,false,נתחי טונה בהירה במים 160 ג' וילי פוד,טרופיקל,,"טונה ""וילי פוד"" במים",גרמים,160.00,100 גרם,false,1,6.50,4.0625,true,1,448198
7290003578313,false,דובדבנים חמוצים ללא חרצנים 680גר,דל מונטה היילס אס.אי,HU,דובדבן ללא חרצנים 680 גר,גרמים,680.00,100 גרם,false,1,10.90,1.6029,true,1,447676
7290003598311,false,מינוט סטייק חלק ריאה 300 ג',בלדי,IL,מינוט סטייק 300 גר,גרמים,300.00,100 גרם,false,1,34.90,11.6333,true,1,494456
7290003643004,false,"אורז בסמטי קלאסי 1 ק""ג סוגת",האי נאם סי או אל.טי.,IL,"אורז בסמטי 1 ק""ג",קילוגרמים,1.00,"ק""ג",false,1,12.90,12.9000,true,1,449777
7290003643127,false,סוגת אבקת אפיה 10*10 ג',גוד פוד פרודקטס S.p,IL,סוגת אבקת אפיה 10*10,גרמים,100.00,100 גרם,false,1,2.90,2.9000,true,1,448699
7290003643134,false,סוגת סוכר וניל 10 יח*10 גרם,גוד פוד פרודקטס S.p,IL,סוגת סוכר וניל 10 יח,גרמים,100.00,100 גרם,false,1,2.90,2.9000,true,1,448349
7290003643158,false,קורנפלור סוגת 200 גר,המאפיה של הרמן,IL,"קורנפלור 200 ג""ר",גרמים,200.00,100 גרם,false,1,2.90,1.4500,true,1,450285
7290003643165,false,קורנפלור 500 ג' סוגת,,,קונפלור 500 גרם,גרמים,500.00,100 גרם,false,1,5.90,1.1800,true,1,448700
7290003643325,false,קוסקוס בינוני 350 גרם סוגת,קריות זול,IL,"קוסקוס בינוני 350 ג""ר",גרמים,350.00,100 גרם,false,1,4.90,1.4000,true,1,449294
7290003643387,false,"סוכר לבן בצנצנת 1 ק""ג סוגת",האי נאם סי או אל.טי.,IL,סוכר לבן צנצנת,קילוגרמים,1.00,"ק""ג",false,1,8.90,8.9000,true,1,449295
7290003643646,false,"סוכר דמררה קלאסי בצנצנת סוגת 1 ק""ג",האי נאם סי או אל.טי.,IL,סוכר חום דמררה,קילוגרמים,1.00,"ק""ג",false,1,11.90,11.9000,true,1,449779
7290003643684,false,אפונה יבשה סוגת 500 גר',האי נאם סי או אל.טי.,IL,"אפונה 500 ג""ר",גרמים,500.00,100 גרם,false,1,6.90,1.3800,true,1,450287
7290003643707,false,גריסים 500 גרם סוגת,"סוגת תעשיות בע""מ",IL,גריסים 500גר,גרמים,500.00,100 גרם,false,1,5.90,1.1800,true,1,450288
7290003643714,false,חומוס סוגת 500 גרם,האי נאם סי או אל.טי.,IL,חומוס 500גר,גרמים,500.00,100 גרם,false,1,7.90,1.5800,true,1,449296
7290003643738,false,סוגת חיטה 500 גרם,האי נאם סי או אל.טי.,IL,חיטה 500גר,גרמים,500.00,100 גרם,false,1,5.90,1.1800,true,1,448703
7290003643745,false,סוגת כוסמת 500 גרם,האי נאם סי או אל.טי.,IL,"כוסמת 500 ג""ר",גרמים,500.00,100 גרם,false,1,7.90,1.5800,true,1,447679
7290003643752,false,עדשים ירוקים יבש סוגת 500 גר',האי נאם סי או אל.טי.,IL,"עדשים ירוקים 500 ג""ר",גרמים,500.00,100 גרם,false,1,7.90,1.5800,true,1,449035
7290003643769,false,עדשים אדומים יבש סוגת 500 גר',"סוגת תעשיות בע""מ",IL,עדשים אדומים 500גר,גרמים,500.00,100 גרם,false,1,7.90,1.5800,true,1,449780
7290003643776,false,"פופקורן גרעינים סוגת 500 ג' כשל""פ",האי נאם סי או אל.טי.,IL,פופקורן 500גר,גרמים,500.00,100 גרם,false,1,5.90,1.1800,true,1,449781
7290003643783,false,קוקוס סוגת 100 גרם,האי נאם סי או אל.טי.,IL,קוקוס טחון 100גר,גרמים,100.00,100 גרם,false,1,3.90,3.9000,true,1,448350
7290003643806,false,שעועית לבנה יבשה סוגת 500 ג',האי נאם סי או אל.טי.,IL,שעועית לבנה 500גר,גרמים,500.00,100 גרם,false,1,10.90,2.1800,true,1,448202
7290003643813,false,שעועית אדומה יבשה סוגת 500 גר',האי נאם סי או אל.טי.,IL,"שעועית אדומה 500 ג""ר",גרמים,500.00,100 גרם,false,1,10.90,2.1800,true,1,449036
7290003643820,false,חומוס ענק יבש סוגת 500 גרם,Unknown,,"חומוס ענק 500 ג""ר",גרמים,500.00,100 גרם,false,1,9.90,1.9800,true,1,449782
7290003706013,false,שורש פטרוזיליה,ביכורי שדה דרום 2002,IL,שורש פטרוזיליה,Unknown,0.00,Unknown,false,1,4.90,0.0000,true,1,447693
7290003706020,false,ראש סלרי ביכורי שדה ארוז,ביכורי שדה דרום 2002,IL,ראש סלרי,Unknown,0.00,Unknown,false,1,4.90,0.0000,true,1,447694
7290003706037,false,סלרי עלים ארוז 400ג',ביכורי שדה דרום 2002,,עלי סלרי,Unknown,0.00,Unknown,false,1,5.90,0.0000,true,1,449785
7290003715107,false,בוטנים קלופים 400 גר,,,"בוטנים קלופים 400 ג""",גרמים,400.00,100 גרם,false,1,11.90,2.9750,true,1,447696
7290003715299,false,מעורב מובחר זארובי 3,,,מעורב מובחר זארובי 350 גר,גרמים,350.00,100 גרם,false,1,19.90,5.6857,true,1,448366
7290003715329,false,בוטן קלוי בקליפה 350,,,בוטן קלוי בקליפה 350 גר,גרמים,350.00,100 גרם,false,1,10.90,3.1143,true,1,449787
7290003715411,false,צנובר סיני גדול 100,,,צנובר סיני גדול 100,גרמים,100.00,100 גרם,false,1,29.90,29.9000,true,1,450296
7290003715534,false,משמש 250 גר,,,משמש 250 גר,גרמים,250.00,100 גרם,false,1,22.90,9.1600,true,1,448216
7290003715565,false,צימוקים 250 גר,,,צימוקים 250גר,גרמים,250.00,100 גרם,false,1,11.90,4.7600,true,1,449788
7290003715596,false,אגוז מלך 300 גר,,,"אגוז מלך 300 ג""ר",גרמים,300.00,100 גרם,false,1,28.90,9.6333,true,1,449299
7290003715619,false,אננס 200 גר,,,אננס 200 גר,גרמים,200.00,100 גרם,false,1,11.90,5.9500,true,1,449789
7290003715688,false,שקד מלובן 100 גר,,,שקד מלובן,גרמים,100.00,100 גרם,false,1,11.90,11.9000,true,1,450299
7290003715695,false,גרעיני חמניות מקולפי,,,גרעיני חמניות מקולפי,גרמים,100.00,100 גרם,false,1,3.50,3.5000,true,1,449045
7290003715701,false,גרעיני דלעת קלוף 100,,,גרעיני דלעת קלוף,גרמים,100.00,100 גרם,false,1,6.90,6.9000,true,1,449046
7290003715732,false,שקד טחון 100 גר,,,1שקד טחון,גרמים,100.00,100 גרם,false,1,11.90,11.9000,true,1,449300
7290003715749,false,אגוז מלך גרוס 100 גר,,,"אגוז מלך גרוס 100 ג""",גרמים,100.00,100 גרם,false,1,12.90,12.9000,true,1,448217
7290003715787,false,צימוק שחור 250 גר,,,צימוק שחור 250גר,גרמים,250.00,100 גרם,false,1,9.90,3.9600,true,1,446419
7290003715824,false,פרג טחון 100 גר,,,פרג טחון,גרמים,100.00,100 גרם,false,1,4.90,4.9000,true,1,448218
7290003715831,false,אגוז מלך טחון 100 גר,,,"אגוז מלך טחון 100ג""ר",גרמים,100.00,100 גרם,false,1,12.90,12.9000,true,1,449047
7290003715930,false,שומשום 100 גר,,,"שומשום 100 ג""ר",גרמים,100.00,100 גרם,false,1,3.90,3.9000,true,1,449048
7290003715947,false,קוקוס 100 גר,,,"קוקוס 100 ג""ר",גרמים,100.00,100 גרם,false,1,3.90,3.9000,true,1,449302
7290003719259,false,לחם ליבו אקסלוסיבי 1 ק'ג,מאפית י את א ברמן בע,IL,"לחם ""ליבו"" אקסקלוסיב",קילוגרמים,1.00,"ק""ג",false,1,16.90,16.9000,true,1,449792
7290003726141,false,טופו טבעי 300 גרם רובין,ג'נרל מילס סאן אדריא,IL,טופו טבעי 300גר,גרמים,300.00,100 גרם,false,1,13.90,4.6333,true,1,476811
7290003726592,false,טופו מתובל בפסטו במרקם קלאסי,משק וואיילר,IL,טופו משק ויילר בטעם פסטו 300 גר,גרמים,300.00,100 גרם,false,1,12.90,4.3000,true,1,505972
7290003726615,false,טופו הבית משק ויילר,הדקלאים אגודת שיתופי,IL,טופו משק ויילר 300 גר,גרמים,300.00,100 גרם,false,1,12.90,4.3000,true,1,505971
7290003726684,false,טופו חומוס בטעם טבעי 300 ג' משק ויילר,הנסיך- מפעל לייצור ט,IL,טופו חומוס בטעם טבעי 300 גר,גרמים,300.00,100 גרם,false,10,13.90,4.6333,true,1,510666
7290003726745,false,קציצות טופו סלק וייל,משק ויילר,IL,קציצות טופו סלק 400 גרם,גרמים,400.00,100 גרם,false,6,25.90,6.4750,true,1,521609
7290003726752,false,קציצות טופו ברוקולי זוקיני ואפונה,משק ויילר,IL,קציצות טופו ברוקולי זוקיני ואפונה 400 גר,גרמים,400.00,100 גרם,false,6,25.90,6.4750,true,1,521610
7290003726783,false,טופו שניצל בתוספת תי,משק ויילר,IL,שניצל טופו תירס 400 גר,גרמים,420.00,100 גרם,false,1,25.90,6.1667,true,1,524956
7290003726868,false,טופו חומוס בתוספת עגבניות מיובשות 300 ג' משק ויילר,משק וואיילר,IL,טופו חומוס בתוספת עגבניות מיובשות 300 גר,גרמים,300.00,100 גרם,false,10,13.90,4.6333,true,1,523196
7290003744428,false,אובלטים מלוחים דקיקי,,,אובלטים מלוחים דקיקי,גרמים,300.00,100 גרם,false,1,10.90,3.6333,true,1,449052
7290003744831,false,אובלטים עם בצל 300 גר',,,"אובלטים בצל 300 ג""ר",גרמים,300.00,100 גרם,false,1,10.90,3.6333,true,1,449306
7290003744848,false,אובלטים גריל ברביקיו,,,אובלטים גריל ברביקיו,גרמים,300.00,100 גרם,false,1,10.90,3.6333,true,1,450301
7290003744855,false,אובלטים עם שומשום 300 גר,"ברט בע""מ",,אובלטים שומשום 300 ג,גרמים,300.00,100 גרם,false,1,10.90,3.6333,true,1,450302
7290003744862,false,אובלטים עם זעתר 300 גר,,,"אובלטים זעתר 300 ג""ר",גרמים,300.00,100 גרם,false,1,10.90,3.6333,true,1,449307
7290003779499,false,גינגר ארוז 200 גרם,"מרינה פטריות הגליל בע""מ",IL,גינגר ארוז,Unknown,0.00,Unknown,false,1,9.90,0.0000,true,1,448714
7290003781065,false,מלפפון מיני בסגנון צרפתי ויליפוד 680ג',קורהאן,,מלפפון בסגנון ישראלי,גרמים,690.00,100 גרם,false,1,10.90,1.5797,true,1,449053
7290003781850,false,גבינת קשקבל פרוסות 2,,ES,גבינת קשקבל פרוסות 200 גר,גרמים,200.00,100 גרם,false,1,19.90,9.9500,true,1,520181
7290003800414,false,פילה קט פיש מעובד פר,,,"פילה קט פיש מעובד פרמיום קפוא 1 ק""ג",קילוגרמים,1.00,"ק""ג",false,1,32.90,32.9000,true,1,501030
7290003804252,false,תיבולית בנוסח הודי 72 ג' קנור,יוניליוור ישראל מזון,IL,תיבולית הודי קנור 72,גרמים,72.00,100 גרם,false,1,7.90,10.9722,true,1,448222
7290003804320,false,תיבולית שום ופטרוזיליה 72 ג' קנור,יוניליוור ישראל מזון,IL,תיבולית שום קנור 72,גרמים,72.00,100 גרם,false,1,7.90,10.9722,true,1,448223
7290003804368,false,"תיבולית בזיליקום בד""ץ 72 ג' קנור",יוניליוור ישראל מזון,IL,תיבולית בזיליקום קנו,גרמים,72.00,100 גרם,false,1,7.90,10.9722,true,1,449055
7290003804382,false,"תיבולית פטריות בד""ץ 72 ג' קנור",יוניליוור ישראל מזון,IL,תיבולית פיטריות קנור,גרמים,72.00,100 גרם,false,1,7.90,10.9722,true,1,449056
7290003805501,false,"פתית שוודי תלמה בד""צ 300 ג'",יוניליוור ישראל מזון,IL,"פתית שוודי 300 ג""ר",גרמים,300.00,100 גרם,false,1,15.90,5.3000,true,1,448228
7290003805587,false,"פתית חיטה מלאה למה בד""צ 250 ג'",יוניליוור ישראל מזון,IL,פתית חיטה מלאה 250גר,גרמים,250.00,100 גרם,false,1,15.90,6.3600,true,1,449796
7290003807178,false,"רוטב סויה בסגנון סיני 300 מ""ל קנור",אתר חיפה 778,IL,רוטב סויה בסגנון סינ,מיליליטרים,300.00,"100 מ""ל",false,1,10.90,3.6333,true,1,448722
7290003807482,false,רוטב טריאקי 370 ג' קנור,יוניליוור ישראל מזון,IL,"רוטב טריאקי 300 מ""ל",גרמים,370.00,100 גרם,false,1,10.90,2.9459,true,1,449063
7290003864478,false,סרדינים בשמן צמחי ויליפוד 110ג' פתח קל,גולדן פרייז קאנינג א,TH,סרדינים בשמן צמחי 120 גר,גרמים,110.00,100 גרם,false,1,4.90,4.4545,true,1,450313
7290003864485,false,סרדינים ברוטב עגבנ יות ויליפוד 110ג' פתח קל,גולדן פרייז קאנינג א,TH,סרדין ברוטב עגבניות,גרמים,110.00,100 גרם,false,1,4.90,4.4545,true,1,447711
7290003864492,false,סרדינים בשמן צמחי חריף פתח קל ויליפוד 110ג',גולדן פרייז קאנינג א,TH,סרדינים בשמן צמחי חר,גרמים,110.00,100 גרם,false,1,4.90,4.4545,true,1,447712
7290003882922,false,עלי גפן ממולאים באורז ויליפוד 400ג',הזה פלאקספו פוד קו ב,CN,עלי גפן ממולאים באורז 400 גר,גרמים,400.00,100 גרם,false,1,9.90,2.4750,true,1,450314
7290003896141,false,אלמנדוס חטיף ספרדי פ,הדקלאים אגודת שיתופי,IL,אלמנדוס חטיף ספרדי ק,גרמים,200.00,100 גרם,false,1,9.90,4.9500,true,1,448247
7290003903771,false,קפוצ'ינו פחית עלית 200ג',שטראס קפה בי.וי,IL,"קפוצ""ינו רגיל 200 ג""",גרמים,200.00,100 גרם,false,1,24.90,12.4500,true,1,448249
7290003938049,false,נוזל הברקה למדיח הפי,אורומרקטינג,DE,הברקה למדיח הפי 1 ל,ליטרים,1.00,ליטר,false,1,14.90,14.9000,true,1,489890
7290003976560,false,"מטהר אויר אוטו' 250 מ""ל מיסטרי טאצ'",,,מטהר אויר אוטומטי 250 מל מיסטרי טאצ,מיליליטרים,250.00,"100 מ""ל",false,12,11.90,4.7600,true,1,513568
7290003976607,false,גל אקונומיקה סמיכה לבנדר טאצ' לבנדר 4 ל',סאסאטק,IL,גל אקונומיקה סמיכה לבנדר 4 ל טאצ עם פקק,ליטרים,4.00,ליטר,false,6,11.90,2.9750,true,1,513560
7290003976980,false,ג'ל ניקוי כללי ורצפות בתוספת חומץ טאצ 2 ל',,,גל ניקוי כללי ורצפות בתוספת חומץ 2ל טאץ,ליטרים,2.00,ליטר,false,1,16.90,8.4500,true,1,516997
7290003989539,false,לורנצו רביולי במילוי גבינה,מיוצר עי קונדיטוריית,IL,"רביולי גבינה 400 ג""ר",גרמים,400.00,100 גרם,false,1,19.90,4.9750,true,1,449072
7290003989553,false,"פסטה טורטליני פטריות, 400 גרם",מיוצר עי קונדיטוריית,IL,טורטלוני פטריות 400,גרמים,400.00,100 גרם,false,1,19.90,4.9750,true,1,448728
7290004011284,false,ריצ בסיס להכנת קצפת 25% 212מל,ריצ' פרודקטס קורפריי,IL,"בסיס להכנת קצפת ""ריץ",מיליליטרים,212.00,"100 מ""ל",false,1,7.90,3.7264,true,1,450319
7290004011291,false,"קצפת ריץ' בסיס קרטונית 425 מ""ל",ריץ',,"בסיס להכנת קצפת ""ריץ",מיליליטרים,425.00,"100 מ""ל",false,1,14.90,3.5059,true,1,448731
7290004011338,false,"קצפת מתוקה מכונה 250 מ""ל ריץ'",האי נאם סי או אל.טי.,IT,"קצפת ""ריץ"" 250 מ""ל",מיליליטרים,250.00,"100 מ""ל",false,12,11.90,4.7600,true,1,449807
7290004011796,false,קבבונים בקר קפוא אל גאוצ''ו 400ג',"טיבון ויל אחזקות בע""",IL,"קבבונים ""אל גאוצ""ו""",גרמים,400.00,100 גרם,false,1,21.90,5.4750,true,1,448387
7290004011802,false,נקניקיות צ'וריסוס אל גאוצ'ו 400 גר',טיבון ויל אחזקות בעמ,IL,"צ""וריםום ""אל גאוצ""ו""",גרמים,400.00,100 גרם,false,1,21.90,5.4750,true,1,450321
7290004011819,false,המבורגר ריב אל גאוצ'ו 360גרם,האי נאם סי או אל.טי.,IL,"המבורגר ""ריב"" אנטריק",גרמים,360.00,100 גרם,false,1,21.90,6.0833,true,1,448732
7290004011826,false,מיני המבורגר ריב אנט,טיבון ויל אחזקות בעמ,IL,"מיני המבורגר ""ריב"" א",גרמים,360.00,100 גרם,false,1,21.90,6.0833,true,1,447729
7290004026776,true,לחם מחמצת שיפון אגוז,,,לחם מחמצת שיפון אגוזים וצימוקים 550 גר,גרמים,550.00,100 גרם,false,1,17.90,3.2545,true,1,506256
7290004030100,false,מיץ תפוזים ולנסיה סחוט 1 ליטר100%,,,מיץ תפוזים סחוט וולנסיה 1 ל,ליטרים,1.00,ליטר,false,1,15.90,15.9000,true,1,510565
7290004030216,false,פריניב נקטר חמוציות 1ליטר,פריניב בעמ,IL,מיץ חמוציות 1 ל,ליטרים,1.00,ליטר,false,1,15.90,15.9000,true,1,468242
7290004030223,false,פריניב נקטר תפוחים סחוט 1 ליטר,פריניב בעמ,IL,מיץ פריניב תפוח סחוט 1 ל,ליטרים,1.00,ליטר,false,1,16.90,16.9000,true,1,485414
7290004030445,false,פריניב סחוט טבעי תפוזים 1ליטר,פריניב בעמ,IL,"מיץ תפוזים 1 ל""",ליטרים,1.00,ליטר,false,1,15.90,15.9000,true,1,448390
7290004030544,false,פריניב מיץ לימונדה לואיזה ולמון גראס 1 ליטר,פריניב בעמ,IL,משקה לימונדה לואיזה ולמון גראס 1 ל,ליטרים,1.00,ליטר,false,1,15.90,15.9000,true,1,450324
7290004030612,false,פרי ניב מיץ קיוי אגס ללא תוספת סוכר 1ל,פריניב בעמ,IL,מיץ קיווי אגס 90% ללא סוכר 1ל,ליטרים,1.00,ליטר,false,1,15.90,15.9000,true,1,474656
7290004030810,false,פריניב סחוט בננה תפוז 1 ליטר,,,שייק בננה פסיפלורה תפוז ללא סוכר 1 ל,ליטרים,1.00,ליטר,false,1,16.90,16.9000,true,1,447732
7290004030834,false,פריניב מיץ רימונים סחוט 1 ליטר,פריניב בעמ,IL,מיץ רימונים 100% 1 ל,ליטרים,1.00,ליטר,false,1,25.90,25.9000,true,1,448257
7290004033705,false,הבורגריה – 6 לחמניות המבורגר בשקית,מאפית י את א ברמן בע,IL,הבורגריה המבורגר ביג 6 בשקית 600 גר,גרמים,600.00,100 גרם,false,1,16.90,2.8167,true,1,518301
7290004033712,false,לחם עננים מקמח מלא עם פרוסות עבות,מאפית י את א ברמן בע,IL,לחם עננים ברמן מקמח מלא 750 גר,גרמים,750.00,100 גרם,false,1,14.90,1.9867,true,1,521479
7290004033736,false,"עננים לחם לבן בסגנון בריוש עם פרוסות עבות, 500 גרם",מאפית י את א ברמן בע,IL,לחם עננים ברמן בסגנון בריוש 500 גר,גרמים,500.00,100 גרם,false,1,14.90,2.9800,true,1,521481
7290004033750,false,לחמניות עננים מתוקות,מאפית י את א ברמן בע,IL,לחמניות עננים 360 גר,גרמים,360.00,100 גרם,false,1,14.90,4.1389,true,1,527765
7290004033811,false,לחם מיוחד ללא גלוטן 320 גר',מאפית י את א ברמן בע,IL,לחם מיוחד ללא גלוטן 320 גר,גרמים,320.00,100 גרם,false,1,15.90,4.9688,true,1,518304
7290004033835,false,לחמניות לבנות ללא גלוטן 200 גר',מאפית י את א ברמן בע,IL,לחמניות לבנות ללא גלוטן 4 יח 200 גר,גרמים,200.00,100 גרם,false,1,14.90,7.4500,true,1,518306
7290004050788,false,בייקון פרוס 170 גר,ישרקו שיווק מותגי מז,,"בייקון פרוס 170 ג""ר",גרמים,170.00,100 גרם,false,1,49.90,29.3529,true,1,448259
7290004050856,false,סלמי מילאנו פרוס 170,ישרקו שיווק מותגי מז,,סלמי מילאנו פרוס 170,גרמים,170.00,100 גרם,false,1,34.90,20.5294,true,1,448736
7290004050863,false,סלמי הרץ פרוס 170 גר,ישרקו שיווק מותגי מז,,"סלמי הרץ פרוס 170 ג""",גרמים,170.00,100 גרם,false,1,35.90,21.1176,true,1,448737
7290004050870,false,שינקן פולני 200 גר,,,שינקן פולני 200 גר,גרמים,200.00,100 גרם,false,1,32.90,16.4500,true,1,493455
7290004050887,false,פרושוטו פרוס 120 גר,ישרקו שיווק מותגי מז,,פרושוטו פרוס 120 גר,גרמים,120.00,100 גרם,false,1,39.90,33.2500,true,1,448414
7290004050948,false,סלמי כפרית פרוס 170,ישרקו שיווק מותגי מז,,סלמי כפרית פרוס 170,גרמים,170.00,100 גרם,false,1,34.90,20.5294,true,1,449815
7290004050955,false,פטה כבד עוף 170 גר,ישרקו שיווק מותגי מז,,"פטה כבד עוף 170 גר""",גרמים,170.00,100 גרם,false,1,16.90,9.9412,true,1,448260
7290004050986,false,רו בייקון פרוס 170 ג,ישרקו שיווק מותגי מז,,רו בייקון פרוס 170 גר,גרמים,170.00,100 גרם,false,1,59.90,35.2353,true,1,447734
7290004051044,false,סלמי הונגרי פרוס 170,ישרקו שיווק מותגי מז,,סלמי הונגרי פרוס 170,גרמים,170.00,100 גרם,false,1,35.90,21.1176,true,1,447735
7290004051068,false,שינקן מעושן 200 גר,,,שינקן מעושן 200 גר,גרמים,200.00,100 גרם,false,1,32.90,16.4500,true,1,493454
7290004051136,false,סלמי צרפתי פרוס 170,ישרקו שיווק מותגי מז,,סלמי צרפתי פרוס 170,גרמים,170.00,100 גרם,false,1,34.90,20.5294,true,1,450327
7290004051150,false,רו סרוולט פרוס 170 ג,ישרקו שיווק מותגי מז,,רו סרוולט פרוס 170 ג,גרמים,170.00,100 גרם,false,1,34.90,20.5294,true,1,450328
7290004051334,false,פפרוני עגל פרוס 170,ישרקו שיווק מותגי מז,,פפרוני עגל פרוס 170,גרמים,170.00,100 גרם,false,1,34.90,20.5294,true,1,449080
7290004051365,false,קרפצו פרוס 120 גר,ישרקו שיווק מותגי מז,,"קרפצ""ו פרוס 120 ג""ר",גרמים,120.00,100 גרם,false,1,41.90,34.9167,true,1,448261
7290004051419,false,ממרח כבד מיני 220 גר,ישרקו שיווק מותגי מז,,"ממרח כבד מיני 220 ג""",גרמים,220.00,100 גרם,false,1,19.90,9.0455,true,1,448262
7290004051792,false,נקניקיות קוקטייל 900,ישרקו שיווק מותגי מז,,נקניקיות קוקטייל 900,גרמים,900.00,100 גרם,false,1,54.90,6.1000,true,1,449817
7290004052041,false,קבנוס קלאסי 210 גר,ישרקו שיווק מותגי מז,,קבנוס קלאסי,גרמים,210.00,100 גרם,false,1,29.90,14.2381,true,1,448742
7290004052317,false,סלמי פפרוני פרוס 170,ישרקו שיווק מותגי מז,,סלמי פפרוני פרוס 170,גרמים,170.00,100 גרם,false,1,34.90,20.5294,true,1,448744
7290004052690,false,נקניקיות פרגית 600 ג,ישרקו שיווק מותגי מז,,נקניקיות פרגית 600 ג,גרמים,600.00,100 גרם,false,1,22.90,3.8167,true,1,449867
7290004052836,false,שמאלץ אווז 200 גר,ישרקו שיווק מותגי מז,,"שמאלץ אווז 200 גר""",גרמים,200.00,100 גרם,false,1,29.90,14.9500,true,1,448745
7290004054267,false,נקניקיות פרנקפורט 90,ישרקו שיווק מותגי מז,,נקניקיות פרנקפורט 90,גרמים,900.00,100 גרם,false,1,54.90,6.1000,true,1,448281
7290004054649,false,מיני מוסקובסקיה 300,ישרקו שיווק מותגי מז,,מיני מוסקובסקיה 300 גר,גרמים,300.00,100 גרם,false,1,39.90,13.3000,true,1,449082
7290004054885,false,נקניקיות איטלקיות עם,ישרקו שיווק מותגי מז,,נקניקיות איטלקיות עם,גרמים,400.00,100 גרם,false,1,28.90,7.2250,true,1,449823
7290004055271,false,פניני קבנוס רו 160 ג,,,פניני קבנוס רו,גרמים,160.00,100 גרם,false,1,32.90,20.5625,true,1,492770
7290004055745,false,נקניקיות סליבוצניה 6,,,נקניקיות סליבוצניה 600 גר,גרמים,600.00,100 גרם,false,1,34.90,5.8167,true,1,497275
7290004061449,false,שניצל אמריקאי 700 גר,,,שניצל אמריקאי 700 גר,גרמים,700.00,100 גרם,false,1,12.90,1.8429,true,1,449824
7290004061463,false,שניצל עוף אמיתי שומש,,,שניצל עוף אמיתי שומש,גרמים,700.00,100 גרם,false,1,29.90,4.2714,true,1,448418
7290004061487,false,טבעות עוף 700 גר,,,"טבעות עוף 700 גר""",גרמים,700.00,100 גרם,false,1,14.90,2.1286,true,1,449086
7290004061494,false,נגיסי עוף 700 גר,,,"נגיסי עוף 700 גר""",גרמים,700.00,100 גרם,false,1,14.90,2.1286,true,1,447743
7290004063016,false,מלח שולחן מעולה דק 1,האי נאם סי או אל.טי.,IL,"מלח דק 1 ק""ג",קילוגרמים,1.00,"ק""ג",false,1,1.90,1.9000,true,1,449341
7290004063115,false,"מלח מטבח עבה להמלחת בשר ובישול 1 ק""ג 1ק""ג",האי נאם סי או אל.טי.,IL,"מלח עבה 1 ק""ג",קילוגרמים,1.00,"ק""ג",false,1,1.90,1.9000,true,1,448749
7290004064082,false,מטחנה מלח ים טבעי 250 ג',חברת מלח הארץ אילת ב,IL,מלח הארץ טבעי 250 גר,גרמים,250.00,100 גרם,false,1,12.90,5.1600,true,1,484437
7290004064181,false,"תבלין מלח ההימלאיה גס בצנצנת 1 ק""ג",חברת מלח הארץ אילת ב,IL,"מלח ההימלאיה גס בצנצנת 1 ק""ג",קילוגרמים,1.00,"ק""ג",false,1,17.90,17.9000,true,1,495148
7290004064198,false,מטחנת מלח ספייסי- אקסטרא תבלינים 115 ג',,,מטחנת מלח אקסטרא תבלינים הארץ ספייסי 115,גרמים,115.00,100 גרם,false,1,15.90,13.8261,true,1,500610
7290004064228,false,מלח במטחנה אקסטרא תבלינים שום ופלפל 125 גר',,,מטחנת מלח אקסטרא תבלינים הארץ שום ופלפל,גרמים,125.00,100 גרם,false,1,15.90,12.7200,true,1,500611
7290004064297,false,"מלח מועשר ביוד בצנצנת 1 ק""ג",מלח הארץ,IL,"מלח הארץ מעושר ביודבצנצנת 1 ק""ג",קילוגרמים,1.00,"ק""ג",false,1,8.90,8.9000,true,1,505768
7290004064303,false,מלח אטלנטי צנצנת 800 גר',מולינו ניקולי s.p.a,IL,מלח הארץ אטלנטי בצנצנת 800 גר,גרמים,800.00,100 גרם,false,1,19.90,2.4875,true,1,505767
7290004064310,false,מלח פלוס בצל מלחייה 175 גר',,,מלח פלוס בצל מלחייה 175 גר,גרמים,175.00,100 גרם,false,1,9.90,5.6571,true,1,519139
7290004064327,false,מלח פלוס פפריקה מלחייה 175 גר',,,מלח פלוס פפריקה מלחייה 175 גר,גרמים,175.00,100 גרם,false,1,9.90,5.6571,true,1,519140
7290004064358,false,"מלח דק זורם בקלות- קרטון 1 ק""ג",,IL,"מלח הארץ דק זורם בקלות קרטון 1 ק""ג",קילוגרמים,1.00,"ק""ג",false,12,4.90,4.9000,true,1,509438
7290004064365,false,"מלח דק מועשר ביוד- קרטון 1 ק""D",,IL,"מלח הארץ דק מועשר ביוד קרטון 1 ק""ג",קילוגרמים,1.00,"ק""ג",false,12,5.90,5.9000,true,1,509437
7290004064372,false,מטחנת מלח איטלקי- אקסטרא תבלינים 105 ג',,IL,מטחנת מלח אקסטרא תבלינים הארץ איטלקי,גרמים,105.00,100 גרם,false,6,15.90,15.1429,true,1,511937
7290004064389,false,מלח הימלאיה דק מלחייה 250 ג',,,מלח הימלאיה דק מלחייה 250 גר,גרמים,250.00,100 גרם,false,18,9.90,3.9600,true,1,517236
7290004068011,false,יוגורט כבשים בדלי 5% שומן 600 ג' גד,"מיוצר ע""י קוד יצרן M",IL,יוגורט כבשים בדלי 5% 600 גרם,גרמים,600.00,100 גרם,false,1,17.90,2.9833,true,1,476803
7290004068028,false,"יוגורט צזיקי לשתייה 3.5% 500 מ""ל רובין",מיוצר על ידי קוד יצר,IL,ציזיקי 500מל,מיליליטרים,500.00,"100 מ""ל",false,1,9.90,1.9800,true,1,476800
7290004068035,false,"איירן יוגורט לשתייה 3% גד 500 מ""ל","מיוצר ע""י קוד יצרן M",IL,איירן 500מל,מיליליטרים,500.00,"100 מ""ל",false,1,7.90,1.5800,true,1,476801
7290004068172,false,יוגורט עזים בדלי 5% שומן 600 ג' גד,קוד יצרן MKN,IL,יוגורט עיזים בדלי 5% 600 גרם,גרמים,600.00,100 גרם,false,1,17.90,2.9833,true,1,476802
7290004078225,false,"שטיפת פה קולגייט פלקס מינט ירוק 500מ""ל",קולגייט- פלמוליב,PL,מי פה פלאקס ירוק מנטה עדין 500 מל,מיליליטרים,500.00,"100 מ""ל",false,1,29.90,5.9800,true,1,448419
7290004078270,false,נוזל כלים פלמוליב צילינדר לימון 1 ליטר,יבואן ומשווק: ש. שסט,GR,"נוזל כלים ""פלמוליב""",ליטרים,1.00,ליטר,false,1,13.90,13.9000,true,1,448420
7290004078690,false,"אגקס נוזל לניקוי אסלות מרענן 750 מ""ל",הנסיך- מפעל לייצור ט,FR,"אג""קס ג"" ל לשרותים 7",מיליליטרים,750.00,"100 מ""ל",false,1,14.90,1.9867,true,1,448751
7290004078942,false,ליידי ספיד סטיק - דאודורנט ג'ל לאישה 65 גרם,קולגייט פלמוליב,US,"ליידי ספיד סטיק ג""ל",גרמים,63.00,100 גרם,false,1,18.90,30.0000,true,1,449087
7290004091248,false,וזלין פטרוליום אינטנסיב קאר ג'ל 106 גר',"יוניליוור ארה""ב, ג'ו",US,וזלין טהור היפואלרגני,גרמים,106.00,100 גרם,false,1,13.90,13.1132,true,1,448752
7290004091255,false,"ואזלין פטרוליום ג'ל 225מ""ל","יוניליוור ארה""ב, ג'ו",IL,וזלין טהור,מיליליטרים,225.00,"100 מ""ל",false,1,19.90,8.8444,true,1,448753
7290004119010,false,"גבינת שדה מותכת 25%, 500 ג'",,,שדה 500,גרמים,500.00,100 גרם,false,1,12.90,2.5800,true,1,448291
7290004119133,false,כד יוגורט תנובה 6.5% שומן 1.5 ליטר,מיוצר עי קונדיטוריית,IL,יוגורט תנובה 7% 1.5,ליטרים,1.50,ליטר,false,1,17.90,11.9333,true,1,450337
7290004119225,false,יוגורט אננס 3% שומן 150 ג' יופלה,תנובה מרכז שיתופי לש,IL,50 3%יופלה אננס,גרמים,150.00,100 גרם,false,1,4.90,3.2667,true,1,447772
7290004119928,false,מעדן וניל גביע 1.5% שומן 125 ג' קרלו,מחלבת אלון תבור,IL,"קרלו וניל 125 ג""ר",מיליליטרים,125.00,"100 מ""ל",false,1,2.80,2.2400,true,1,447773
7290004119973,false,מעדן שוקו 1.5% שומן 125 ג' קרלו,תנובה מרכז שיתופי לש,IL,"קרלו שוקו 125 מ""ל",גרמים,125.00,100 גרם,false,1,2.90,2.3200,true,1,449345
7290004120061,false,קרלו שוקולד וניל 125,תנובה מרכז שיתופי לש,IL,מעדן קרלו שוניל 3% 1,גרמים,125.00,100 גרם,false,1,2.90,2.3200,true,1,448755
7290004120108,false,יופלה דיאט יוגורט דובדבן %0 גביע 150ג',תנובה מרכז שיתופי לש,IL,יופלה דיאט דובדבן,גרמים,150.00,100 גרם,false,1,4.90,3.2667,true,1,448424
7290004120566,false,גבינה בולגרית 24% 250 ג' פיראוס,קריות זול,IL,גבינה בולגרית פיראוס,גרמים,250.00,100 גרם,false,1,23.90,9.5600,true,1,447775
7290004120573,false,גבינה בולגרית %16 250 ג' פיראוס,תנובה מרכז שיתופי לש,IL,גבינה בולגרית פיראוס,גרמים,250.00,100 גרם,false,1,23.90,9.5600,true,1,448756
7290004120634,false,גבינה בולגרית %5 250 ג' פיראוס,תנובה מרכז שיתופי לש,IL,גבינה בולגרית פיראוס,גרמים,250.00,100 גרם,false,1,23.90,9.5600,true,1,447776
7290004120832,false,חלב תנובה טרי 3% מהדרין כד 2 ל',תנובה מרכז שיתופי לש,IL,חלב שתיה כד 2 ליטר,ליטרים,2.00,ליטר,false,1,12.46,6.2300,true,1,449827
7290004121488,false,יופלה דיאט אפרסק 0% גביע 150 ג',תנובה מרכז שיתופי לש,IL,יופלה דיאט אפרסק,גרמים,150.00,100 גרם,false,1,4.80,3.2000,true,1,448758
7290004121525,false,יופלה מאגדת פרי 4 תות 4 אפרסק 3% 8 יח'*150 ג',תנובה מרכז שיתופי לש,IL,מאגדת 8 יופלה אפרסק,גרמים,1200.00,100 גרם,false,1,31.90,2.6583,true,1,447777
7290004121754,false,יוגורט עוגת גבינה ותות 3% שומן 150 ג' יופלה,תנובה בעמ,IL,יופלה עוגת גבינה ותו,גרמים,150.00,100 גרם,false,1,4.90,3.2667,true,1,450339
7290004121839,false,גבינת פטה כבשים 20% 250 ג' פיראוס,תנובה מרכז שיתופי לש,IL,פטה פיראוס,גרמים,250.00,100 גרם,false,1,27.90,11.1600,true,1,448425
7290004121853,false,גבינה בולגרית בקוביות %5 200 ג' פיראוס,תנובה מרכז שיתופי לש,IL,גבינה בולגרית פיראוס,גרמים,200.00,100 גרם,false,1,21.90,10.9500,true,1,450340
7290004122119,false,פתיתי פרמזן לפסטה %23 100 ג' השף הלבן,פ.פ.ח. שאביט,IL,100 פתיתי פרמזן,גרמים,100.00,100 גרם,false,1,12.90,12.9000,true,1,448760
7290004122195,false,"גבינת גוש חלב פרוס 28%, כשרות מהדרין, 200 ג'",קריות זול,IL,גבינת גוש חלב פרוס 2,גרמים,200.00,100 גרם,false,1,14.90,7.4500,true,1,448426
7290004122270,false,גבינה צהובה פרוס בקופסא %28 200 ג' עמק,תנובה מרכז שיתופי לש,IL,עמק פרוס בקופסא 200,גרמים,200.00,100 גרם,false,1,16.90,8.4500,true,1,450343
7290004122348,false,עמק לייט 9% פרוס בקופסא,תנובה מרכז שיתופי לש,IL,גבינה עמק לייט 9%,גרמים,200.00,100 גרם,false,1,17.90,8.9500,true,1,449346
7290004122676,false,גבינת חמד לייט 5% פיראוס 250 ג',"תנובה,מחלבת טנא נוגה",IL,חמד לייט 5% גביע 250,גרמים,250.00,100 גרם,false,1,17.80,7.1200,true,1,448763
7290004122683,false,חטיף גבינת אצבעות 28% 172 ג' עמק,תנובה מרכז שיתופי לש,IL,אצבעות עמק,גרמים,172.00,100 גרם,false,1,16.90,9.8256,true,1,448427
7290004124205,false,יוגורט דיאט תות %0 שומן 150 ג' יופלה,תנובה מרכז שיתופי לש,IL,יופלה דיאט תות,גרמים,150.00,100 גרם,false,1,4.90,3.2667,true,1,447778
7290004125370,false,שמנת חמוצה מופחתת שומן 9%,תנובה מרכז שיתופי לש,IL,שמנת חמוצה 9% 200 גר,מיליליטרים,200.00,"100 מ""ל",false,1,3.90,1.9500,true,1,448303
7290004125400,false,"שלי אשל 4.5% תנובה 200מ""ל מהדרין",פארייפאבה אגרואינדוס,IL,אשל שלי,מיליליטרים,200.00,"100 מ""ל",false,1,1.69,0.8450,true,1,448431
7290004125417,false,"שלי גיל 3% תנובה 200מ""ל מהדרין",תנובה מרכז שיתופי לש,IL,גיל שלי,מיליליטרים,200.00,"100 מ""ל",false,1,1.51,0.7550,true,1,449350
7290004125455,false,**תנובה שמנת אורגינל מהדרין 15% 200מל,תנובה מרכז שיתופי לש,IL,שמנת חמוצה,מיליליטרים,200.00,"100 מ""ל",false,1,2.40,1.2000,true,1,448764
7290004125462,false,"שמנת אורגינל 15% מהדרין 500 מ""ל",תנובה מרכז שיתופי לש,IL,"שמנת חמוצה 500 גר""",מיליליטרים,500.00,"100 מ""ל",false,1,6.00,1.2000,true,1,449090
7290004125509,false,"שמנת 15% חצי מנה 100 מ""ל תנובה",תנובה מרכז שיתופי לש,IL,"שמנת חמוצה 15% תנובה 100 מ""ל",מיליליטרים,100.00,"100 מ""ל",false,1,1.70,1.7000,true,1,448432
7290004125578,false,משקה סויה מעושר בסידן תנובה 1ל',תנובה מרכז שיתופי לש,IL,משקה סויה בוקר,ליטרים,1.00,ליטר,false,1,9.90,9.9000,true,1,447779
7290004125585,false,משקה סויה וניל תנובה E אלטרנטיב,תנובה מרכז שיתופי לש,IL,משקה סויה וניל,ליטרים,1.00,ליטר,false,1,10.90,10.9000,true,1,448304
7290004125721,false,"שמנת לבישול 15% שומן 250 מ""ל תנובה",תנובה מרכז שיתופי לש,IL,שמנת לבישול 15% השף,מיליליטרים,250.00,"100 מ""ל",false,1,8.50,3.4000,true,1,449351
7290004125738,false,שמנת מתוקה עמידה להקצפה 32% השף הלבן,תנובה מרכז שיתופי לש,IL,שמנת עמידה להקצפה 32,מיליליטרים,250.00,"100 מ""ל",false,1,6.90,2.7600,true,1,448433
7290004125776,false,גבינה צהובה 28% שומן 400 ג' עמק,קריות זול,IL,עמק פרוס 28% 400גר,גרמים,400.00,100 גרם,false,1,29.90,7.4750,true,1,448434
7290004126674,false,פרוסות גבינה חצי קשה 9% שומן 200 ג' עמק,תנובה מרכז שיתופי לש,IL,9% טל העמק,גרמים,200.00,100 גרם,false,1,19.90,9.9500,true,1,450346
7290004126759,false,יופלה דיאט פירות יער %0 גביע 150 ג',תנובה בעמ,IL,יופלה דיאט פירות יער,גרמים,150.00,100 גרם,false,1,4.90,3.2667,true,1,449830
7290004126872,false,משקאות חלב תנובה שוקו בקבוק 250מל,קריות זול,IL,שוק שוקו 250 מל,מיליליטרים,250.00,"100 מ""ל",false,1,5.90,2.3600,true,1,450347
7290004127077,false,קוטג' 3% שומן 250 ג' תנובה,מיוצר עי קונדיטוריית,IL,קוטג 3% 250גר,גרמים,250.00,100 גרם,false,1,5.50,2.2000,true,1,450348
7290004127329,false,קוטג' 5% תנובה 250ג' מהדרין,מיוצר עי קונדיטוריית,IL,"קוטג"" ""תנובה"" 5%",גרמים,250.00,100 גרם,false,1,5.50,2.2000,true,1,447801
7290004127336,false,קוטג' 9% תנובה 250 ג' הדרין,מיוצר עי קונדיטוריית,IL,"קוטג"" ""תנובה"" 9%",גרמים,250.00,100 גרם,false,1,5.50,2.2000,true,1,447802
7290004127800,false,גבינה לבנה 5% שומן 500 ג' תנובה,מיוצר עי קונדיטוריית,IL,גבינה למריחה 5% 500ג,גרמים,500.00,100 גרם,false,1,9.90,1.9800,true,1,450349
7290004127817,false,גבינה לבנה 9% שומן 500 ג' תנובה,מיוצר עי קונדיטוריית,IL,גבינה למריחה 9% 500,גרמים,500.00,100 גרם,false,1,9.90,1.9800,true,1,449352
7290004127862,false,**תנובה גבינה למריחה מהדרין 5% 750ג,תנובה מרכז שיתופי לש,IL,גבינה למריחה 5% 750,גרמים,750.00,100 גרם,false,1,14.90,1.9867,true,1,449831
7290004128333,false,לאבנה על בסיס יוגורט %9 שומן 500 ג' פיראוס,קריות זול,IL,גבינת לאבנה פיראוס 9% 500 גר,גרמים,500.00,100 גרם,false,1,19.90,3.9800,true,1,448766
7290004128340,false,קרם גבינת שמנת %5 בטעם טבעי 200 ג' תנובה,קריות זול,IL,קרם גבינת שמנת טבעי 200 גר,גרמים,200.00,100 גרם,false,1,11.90,5.9500,true,1,450351
7290004128432,false,פתיתים מיוחדים לפיצה על בסיס גבינה 500 ג',תנובה,IL,פתיתים מיוחדים לפיצה,גרמים,500.00,100 גרם,false,1,22.90,4.5800,true,1,450352
7290004129101,false,גבינת שמנת 25% בטעם טבעי 225 ג' נפוליאון,תנובה מרכז שיתופי לש,IL,גבינה נפוליאון,גרמים,225.00,100 גרם,false,1,13.90,6.1778,true,1,448436
7290004129156,false,גבינת שמנת25% עם שום שמיר 225 ג' נפוליאון,תנובה מרכז שיתופי לש,IL,גבינה נפוליאון,גרמים,225.00,100 גרם,false,1,13.90,6.1778,true,1,448437
7290004129767,false,יופלה לבן טבעי מאגדת 3% 8*150מל,מחלבת אלון תבור,IL,יופלה לבן מאגדת שמינ,גרמים,1200.00,100 גרם,false,1,17.90,1.4917,true,1,449834
7290004130695,false,משקאות חלב תנובה אייס קפה בבקבוק 1ל,תנובה מרכז שיתופי לש,IL,שוק אייס קפה 1 ליטר,ליטרים,1.00,ליטר,false,1,11.80,11.8000,true,1,448439
7290004130794,false,משקה סויה טבעי במתיקות מופחתת 1 ליטר,תנובה מרכז שיתופי לש,IL,משקה סויה במתיקות מופחתת 1 ל,ליטרים,1.00,ליטר,false,1,10.90,10.9000,true,1,450354
7290004130916,false,יוגורט 3% פירות יער בשמנת 150 ג' יופלה,תנובה מרכז שיתופי לש,IL,יופלה פירות יער בשמנ,גרמים,150.00,100 גרם,false,1,4.90,3.2667,true,1,447804
7290004131074,false,**חלב תנובה טרי מהדרין קרטון 3% 1ל,תנובה מרכז שיתופי לש,IL,חלב 3%קרטון,ליטרים,1.00,ליטר,false,1,6.23,6.2300,true,1,449096
7290004131432,false,יוגורט ביו 3% שומן 200 ג' יופלה,מיוצר עי קונדיטוריית,IL,יופלה לבן 3%,גרמים,200.00,100 גרם,false,1,3.90,1.9500,true,1,449098
7290004131456,false,יוגורט ביו 1.5% שומן 200 ג' יופלה,מיוצר עי קונדיטוריית,IL,יופלה לבן 1.5%,גרמים,200.00,100 גרם,false,1,3.80,1.9000,true,1,449099
7290004131531,false,משקאות חלב תנובה שוקו בקבוק 1ל,תנובה מרכז שיתופי לש,IL,"שוקו-שוקו 1 ל""",ליטרים,1.00,ליטר,false,1,11.80,11.8000,true,1,448440
7290004131814,false,גבינה צפתית 5% מעודנת 200 ג' פיראוס,פארייפאבה אגרואינדוס,IL,גבינת פיראוס צפתית מ,גרמים,200.00,100 גרם,false,1,14.80,7.4000,true,1,448442
7290004131845,false,גבינת לאבנה 9% שומן 750 ג' פיראוס,תנובה מרכז שיתופי לש,IL,"לבנה ""פיראוס"" 9% 750",גרמים,750.00,100 גרם,false,1,23.90,3.1867,true,1,449101
7290004132552,false,משקה סויה לייט בטעם טבעי טרי 1 ליטר,תנובה מרכז שיתופי לש,IL,משקה סויה טבעי לייט 1 ל,ליטרים,1.00,ליטר,false,1,10.90,10.9000,true,1,448767
7290004132712,false,חטיף אצבעות גבינת מוצרלה 20% 172 ג' עמק,תנובה מרכז שיתופי לש,IL,אצבעות עמק,גרמים,172.00,100 גרם,false,1,16.90,9.8256,true,1,448321
7290004133511,false,יופלה מאגדת לבן 1.5% מעודן 8 יח' * 150 ג',מיוצר עי קונדיטוריית,IL,יופלה לבן מעודן מאגד,גרמים,1200.00,100 גרם,false,1,21.90,1.8250,true,1,448325
7290004134945,false,יוגורט מוקה 3% שומן 150 ג' יופלה,תנובה מרכז שיתופי לש,IL,יופלה מוקה 3%,גרמים,150.00,100 גרם,false,1,4.90,3.2667,true,1,449105
7290004135225,false,מעדן תנובה דיאט שוקולדה 0% 150מל,תנובה מרכז שיתופי לש,IL,מעדן תנובה דיאט שוקו,גרמים,150.00,100 גרם,false,1,3.90,2.6000,true,1,447821
7290004135614,false,גבינה בולגרית מעודנת 5% 250 ג' פיראוס,קריות זול,IL,בולגרית פיראוס מעודנ,גרמים,250.00,100 גרם,false,1,23.90,9.5600,true,1,448445
7290004136154,false,"משקה חלב אייס קפה תנובה בבקבוק 340 מ""ל",גוד פוד פרודקטס S.p,IL,"שוק אייס קפה 340 מ""ל",מיליליטרים,340.00,"100 מ""ל",false,1,5.80,1.7059,true,1,448772
7290004136598,false,מארז הפסקת אוכל עם קורנפלקס ומשקה חלב עמיד בטעם וניל,פארייפאבה אגרואינדוס,IL,מארז הפסקת אוכל,מיליליטרים,150.00,"100 מ""ל",false,1,8.90,5.9333,true,1,449840
7290004136857,false,מעדן גלי בטעם פטל 12,תנובה מרכז שיתופי לש,IL,"ג""לי פטל",גרמים,125.00,100 גרם,false,1,2.50,2.0000,true,1,449362
7290004136864,false,ג'לי תנובה אננס עם חתיכות אננס 125מל,קריות זול,IL,"ג""לי אננס עם חתיכות",גרמים,125.00,100 גרם,false,1,2.90,2.3200,true,1,448447
7290004136871,false,ג'לי תנובה אפרסק עם חתיכות אפרסק 125מל,תנובה מרכז שיתופי לש,IL,"ג""לי אפרסק עם חתיכות",גרמים,125.00,100 גרם,false,1,2.90,2.3200,true,1,448356
7290004137021,false,"שמנת לבישול 10% עמיד השף הלבן 250 מ""ל",תנובה מרכז שיתופי לש,IL,שמנת לבישול מופחתת ש,מיליליטרים,250.00,"100 מ""ל",false,1,8.50,3.4000,true,1,449363
7290004137809,false,לאבנה 5% שומן 250 ג' פיראוס,"תנובה, מחלבת אלון תב",IL,"לאבנה 5% 250 ג""ר",גרמים,250.00,100 גרם,false,1,12.90,5.1600,true,1,449842
7290004146986,false,"נקה 7 - שמפו צבוע כתום 750 מ""ל",אמיליה קוסמטיקס,IL,נקה 7 שמפו לשיער,מיליליטרים,750.00,"100 מ""ל",false,1,11.90,1.5867,true,1,449364
7290004199074,false,סאני פלסטר אינטרסן 5,סאני פלסטר,,פלסטר,Unknown,0.00,Unknown,false,1,7.90,0.0000,true,1,449109
7290004199173,false,כפפות לאטקס 80 יח' EASY TOUCH-M,הדקלאים אגודת שיתופי,TH,כפפות לאטקס,Unknown,0.00,Unknown,false,10,26.90,0.0000,true,1,450358
7290004199180,false,כפפות לאטקס 100 יח' EASY TOUCH- L,הדקלאים אגודת שיתופי,TH,כפפות יח,Unknown,0.00,Unknown,false,10,26.90,0.0000,true,1,449845
7290004199203,false,קיסמ' שיניים מבמבוק מלחיה 300 יח',הדקלאים אגודת שיתופי,CN,קיסמי שיניים מבמבוק 300 גר,יחידה,300.00,יחידה,false,1,4.90,0.0163,true,1,448778
7290004199234,false,כפפות לטקס איזי טאצ,איזי טאצ',TH,"כפפות לאטקס 100 יח""",Unknown,0.00,Unknown,false,10,26.90,0.0000,true,1,449111
7290004199241,false,נרות חימום חסידים 50יח',חסידים,,נרות חימום חסידים בק,Unknown,0.00,Unknown,false,1,13.90,0.0000,true,1,449112
7290004199579,false,פלסטר מעורב 100 יח' - SUNNY PLASTER,הדקלאים אגודת שיתופי,CN,פלסטר מעורב 100 יח,Unknown,0.00,Unknown,false,1,12.90,0.0000,true,1,492221
7290004199777,false,צימרוני אוז' פל' בכוס 300 יח',כוטון סופט,,צימרוני אוזניים,Unknown,0.00,Unknown,false,1,9.90,0.0000,true,1,448449
7290004200077,false,שקית פרסים 2,,,שקית הפתעה,Unknown,0.00,Unknown,false,1,6.90,0.0000,true,1,450360
7290004200947,false,נר מנגן,,,נר מנגן,Unknown,0.00,Unknown,false,1,10.90,0.0000,true,1,449849
7290004221409,false,רוטב חזרת 453 גרם,וובר ספרינגפילד,,רוטב חזרת 453 גר,גרמים,453.00,100 גרם,false,1,24.90,5.4967,true,1,449117
7290004225285,false,גבינה בסגנון דנאבלו 100 ג',האי נאם סי או אל.טי.,DK,גבינה בסגנון דנאבלו 100 גר,גרמים,100.00,100 גרם,false,1,11.90,11.9000,true,1,469116
7290004228415,false,פיצה משפחתית עבה סיציליה 425 ג',האי נאם סי או אל.טי.,IT,פיצה עבה סיציליה שגב 425 גר,גרמים,425.00,100 גרם,false,1,16.90,3.9765,true,1,517064
7290004228804,false,עלי סיגרים ואגרול 3האופים 450 ג',,,עלי סיגר 450 גר,גרמים,450.00,100 גרם,false,1,12.90,2.8667,true,1,524896
7290004230081,false,קציצות עוף ברוטב עגבניות 800 ג' שגב,קרלו,IL,קציצות עוף 800 גר,גרמים,800.00,100 גרם,false,1,24.90,3.1125,true,1,511525
7290004256371,false,ריץ פרוס 400 ג' -צהובה פרוסה,מלקפול אלוורטוסקה,PL,ריץ פרוס 400 גר,גרמים,400.00,100 גרם,false,,17.90,4.4750,true,1,509352
7290004324605,false,"גבינת מון בלאן רוקפור 7%, 120 ג'",האי נאם סי או אל.טי.,IL,גבינה מון בלאן רוקפו,גרמים,120.00,100 גרם,false,1,11.90,9.9167,true,1,450441
7290004324858,false,קבב כבש500 גר טי,"טיבון ויל אחזקות בע""",IL,"קבב כבש 500 ג""ר",גרמים,500.00,100 גרם,false,1,18.90,3.7800,true,1,450442
7290004419042,false,עוגת ברון וואלט עגול,ברון מפעל לייצור עוג,,עוגת וולס עגולה 700גר,גרמים,650.00,100 גרם,false,1,82.90,12.7538,true,1,450470
7290004419134,false,עוגת ברון אוכמניות 5,ברון מפעל לייצור עוג,,"עוגת אוכמניות 500 ג""",גרמים,400.00,100 גרם,false,1,38.90,9.7250,true,1,450475
7290004419165,false,עוגת ברון קרם ברולה,ברון מפעל לייצור עוג,,עוגת קרם ברולה 500 ג,גרמים,500.00,100 גרם,false,1,38.90,7.7800,true,1,450478
7290004492274,false,בייגלה טבעות מלוחות 400 ג',אתר בייגל - Food,IL,"גל - גל 400 ג""ר",גרמים,400.00,100 גרם,false,1,9.90,2.4750,true,1,450489
7290004492762,false,נשנושים תירס ב.בייגל 325 ג',יוניליוור,IL,"""בייגל - בייגל"" נישנ",גרמים,325.00,100 גרם,false,1,10.90,3.3538,true,1,450494
7290004494063,false,יין דלתון פטיט סירה,דלתון,,"יין דלתון פטיט סירה 750 מ""ל D",מיליליטרים,750.00,"100 מ""ל",false,1,59.90,7.9867,true,1,480021
7290004494131,false,יין דלתון קברנה סוביניון גליל,"איי, בי, אינבוו",IL,"יין ""דלתון"" קברנה סו",מיליליטרים,750.00,"100 מ""ל",false,1,59.90,7.9867,true,1,450502
7290004494148,false,יין דלתון מרלו גליל,"איי, בי, אינבוו",IL,יין מרלו-דלתון,מיליליטרים,750.00,"100 מ""ל",false,1,59.90,7.9867,true,1,450503
7290004494179,false,יין דלתון שרדונה 750,"איי, בי, אינבוו",IL,"יין דלתון שרדונה 750 מ""ל",מיליליטרים,750.00,"100 מ""ל",false,1,59.90,7.9867,true,1,480019
7290004494353,false,יין דלתון עלמה לבן 2,יקב דלתון בעמ,IL,"יין עלמה לבן 750 מ""ל",מיליליטרים,750.00,"100 מ""ל",false,1,74.90,9.9867,true,1,481085
7290004494377,false,יין דלתון שיראז גליל,"איי, בי, אינבוו",IL,"יין דלתון שירז 750 מ""ל D",מיליליטרים,750.00,"100 מ""ל",false,1,59.90,7.9867,true,1,480020
7290004502690,false,וודקה פילנדיה 1 ליטר,,,פינלנדיה 1 ליטר,ליטרים,1.00,ליטר,false,1,89.90,89.9000,true,1,450511
7290004502997,false,וודקה פינלנדיה בקבוק,בראון פורמן,FI,וודקה פינלנדיה 500 מ,מיליליטרים,500.00,"100 מ""ל",false,1,49.90,9.9800,true,1,450517
7290004554354,false,גלידת פנטזיה שוקו וניל 1 ל' שטראוס,"גלידת שטראוס בע""מ, ר",IL,פנטזיה וניל שוקו,גרמים,500.00,100 גרם,false,1,21.90,4.3800,true,1,450530
7290004554903,false,"גלידת פנטזיה שוקו וניל 900 מ""ל שטראוס","גלידת שטראוס בע""מ, ר",IL,פנטזיה שוקו וניל פרווה,גרמים,500.00,100 גרם,false,1,21.90,4.3800,true,1,450536
7290004584306,false,רבעיית גמדים בטעם תות בננה * 100 ג' שטראוס,מיוצר עי קונדיטוריית,IL,גבינה לבנה גמדים תות בננה 100 גר רביעיה,גרמים,400.00,100 גרם,false,1,11.20,2.8000,true,1,450561
7290004584351,false,גבינה במרקם שמנת 5% טבעי 200 ג' סימפוניה,"שטראוס בריאות בע""מ",IL,גבינת סימפוניה טבעי,גרמים,200.00,100 גרם,false,1,10.90,5.4500,true,1,450562
7290004584528,false,דנונה ביו יוגורט טבעי 1.5% 200 ג',מיוצר עי קונדיטוריית,IL,יוגורט דנונה ביו 1.5,גרמים,200.00,100 גרם,false,1,3.60,1.8000,true,1,450563
7290004585907,false,דני ועדן וניל 1.5% 125ג' שטראוס,מיוצר עי קונדיטוריית,IL,מעדן דני וניל,גרמים,125.00,100 גרם,false,1,2.60,2.0800,true,1,450565
7290004603175,false,מלח הארץ מלחייה גס 500 גרם,תעשיות מלח לישראל,IL,מלח הים אדום 500גר,גרמים,500.00,100 גרם,false,1,7.90,1.5800,true,1,473969
7290004658953,false,יין פרייבט קולקשן סו,"כד בני דרום בע""מ",IL,יין סוביניון בלאן לב,מיליליטרים,750.00,"100 מ""ל",false,1,39.90,5.3200,true,1,450579
7290004685010,false,לחם 100% שיפון פלוס לחם הארץ 500 גר',מאפית י את א ברמן בע,IL,לחם קל שיפון 100% 500גר,גרמים,500.00,100 גרם,false,1,15.90,3.1800,true,1,469758
7290004685089,false,לחם הארץ לחם חמניות 500 גר',מאפית י את א ברמן בע,IL,לחם חמניות 500 גר,גרמים,500.00,100 גרם,false,1,15.90,3.1800,true,1,468415
7290004685126,false,לחם פומפרניקל לחם הארץ 750 גרם,מאפית י את א ברמן בע,IL,"לחם 5 דגנים 750 גר""",גרמים,750.00,100 גרם,false,1,15.90,2.1200,true,1,450584
7290004685157,false,לחם שיפון 100% 750 גרם לחם הארץ,מאפית י את א ברמן בע,IL,לחם שיפון 100% 750 ג,גרמים,750.00,100 גרם,false,1,15.90,2.1200,true,1,450587
7290004685225,false,לחם פומפרניקל לחם הארץ 750 גרם,מאפית י את א ברמן בע,IL,לחם מקמח שיפון מלא 750,גרמים,750.00,100 גרם,false,1,15.90,2.1200,true,1,450591
7290004685430,false,לחם כוסמין לחם הארץ,מאפית י את א ברמן בע,IL,לחם ברמן כוסמין 100% 750גר,גרמים,750.00,100 גרם,false,1,15.90,2.1200,true,1,491491
7290004685447,false,לחמניות כוסמין 6 יחי' 450 גר',מאפית י את א ברמן בע,IL,לחמניות כוסמין ברמן שישייה,גרמים,450.00,100 גרם,false,1,15.90,3.5333,true,1,507939
7290004685478,false,פיתות כוסמין 10יח 550 גר,מאפית י את א ברמן בע,IL,פיתות כוסמין 10 יח,Unknown,0.00,Unknown,false,1,16.90,0.0000,true,1,523964
7290004731076,false,אל סבון אלוורה כיף 1 ל',טרופיקל דגיל תעשיות,IL,כיף 1ליטר אלוורה,ליטרים,1.00,ליטר,false,1,11.90,11.9000,true,1,450595
7290004731083,false,כיף - סבון ידיים ג'ינסנג 1 ליטר,טרופיקל דגיל תעשיות,IL,"אל סבון כיף ג""נסינג",ליטרים,1.00,ליטר,false,1,11.90,11.9000,true,1,450596
7290004731090,false,אל סבון קמומיל כיף 1 ל',קוסמופארם,IL,כיף 1ל קמומיל,ליטרים,1.00,ליטר,false,1,11.90,11.9000,true,1,450597
7290004731472,false,"אל סבון צבעוני כיף שלישיה* 500 מ""ל",טרופיקל דגיל תעשיות,IL,אלסבון כיף שלישייה צ,מיליליטרים,1500.00,"100 מ""ל",false,1,18.90,1.2600,true,1,450610
7290004731519,false,"מרכך ומבשם מקסימה למייבש אולטרה פרש 750 מ""ל סנו",קריות זול,IL,סנו מקסימה למייבש סנ,מיליליטרים,750.00,"100 מ""ל",false,1,18.90,2.5200,true,1,450612
7290004731564,false,"סנו - מקסימה מרסס למייבש כביסה פריחה כחולה 750 מ""ל",סנו,IL,סנו מקסימה מבשם ומרכך למייבש הכביסה BLUE,מיליליטרים,750.00,"100 מ""ל",false,1,18.90,2.5200,true,1,492641
7290004731670,false,"סנו דואופרש פצ'ולי לבנדר 300 מ""ל","סנו מפעלי ברונוס בע""",IL,מבשם אוויר דואופרש אפרסק ומנדרינה 300 מל,מיליליטרים,300.00,"100 מ""ל",false,1,11.90,3.9667,true,1,450617
7290004737719,false,אספרגוס שלם בצנצנת 330 ג' ולי פוד,קריות זול,CN,אספרגוס שלם מקולף 33,גרמים,330.00,100 גרם,false,1,9.90,3.0000,true,1,450630
7290004846558,false,אצבעות אנטריקוט ארוז,,,אצבעות אנטריקוט 450 גר,גרמים,450.00,100 גרם,false,1,31.90,7.0889,true,1,511727
7290004955397,false,פלדלפיה 110 ג' זארובי,,,פלדלפיה 110 גר,גרמים,110.00,100 גרם,false,1,9.90,9.0000,true,1,519172
7290004955403,false,פפריקה מעושנת 100 ג' זארובי,,,פפריקה מעושנת 100 גר,גרמים,100.00,100 גרם,false,1,9.90,9.9000,true,1,519173
7290004955649,false,פירורי לחם 450 גר,,,פירורי לחם 450 גר,גרמים,450.00,100 גרם,false,1,5.90,1.3111,true,1,509262
7290004955762,false,טחינה 450 גר,,,טחינה 450 גר,גרמים,450.00,100 גרם,false,1,13.90,3.0889,true,1,518748
7290005020162,false,ויסקי בלנטיין בקבוק,פרנו,,"ויסקי בלנטיינס 700 מ""ל",מיליליטרים,700.00,"100 מ""ל",false,1,89.90,12.8429,true,1,450725
7290005020346,false,בקרדי קרטה בלנקה סופ,תאגיד בקרדי,US,"בקרדי לבן 0.75ל""",מיליליטרים,750.00,"100 מ""ל",false,1,109.90,14.6533,true,1,450728
7290005053023,false,רזינקה 1 ליטר,,,"רז""נקה 3% 1ל""",ליטרים,1.00,ליטר,false,1,14.90,14.9000,true,1,450738
7290005053054,false,שמנת 42% יד מרדכי 30,,,"שמנת סליבקי 300 גר""",גרמים,300.00,100 גרם,false,1,14.90,4.9667,true,1,450740
7290005053078,false,קפיר 1ליטר,,,"קפיר 3% 1ל""",ליטרים,1.00,ליטר,false,1,14.90,14.9000,true,1,450741
7290005053085,false,שמנת 15% יד מרדכי 50,,,שמנת חמוצה 15% 500 גר,גרמים,500.00,100 גרם,false,1,11.90,2.3800,true,1,496563
7290005053139,false,ראזנקה דל לקטוז 1ליט,,,ריזנקה ללא סוכר 1 ל,ליטרים,1.00,ליטר,false,1,16.90,16.9000,true,1,502325
7290005068058,false,תירס קל מופחת קלוריות 550 ג' פרי הגליל,"פרי הגליל בע""""מ",IL,גרעיני תירס קל 550 גר,גרמים,550.00,100 גרם,false,1,6.90,1.2545,true,1,450755
7290005068447,false,"גרגרי תירס קל בוואקום ללת""ס פרי גליל 340ג'","פרי הגליל בע""""מ",IL,גרעיני תירס קל 340 גר,גרמים,340.00,100 גרם,false,1,5.90,1.7353,true,1,450756
7290005068492,false,לקט ירקות מעורבים 700 ג' פרי הגליל,"פרי הגליל בע""""מ",IL,לקט ירקות מעורבים 70,גרמים,700.00,100 גרם,false,1,9.90,1.4143,true,1,450757
7290005068553,false,לקט ירקות בורגנדי 700 ג' פרי הגליל,"פרי הגליל בע""""מ",IL,"לקט בורגנדי 700 גר""",גרמים,700.00,100 גרם,false,1,10.90,1.5571,true,1,450758
7290005084355,false,"סנסודיין - משחת שיניים דואל קר זהב 75 מ""ל",גלקסו סמית קליין,GB,משחת שיניים סנסודיין דואל קר 75 מל,מיליליטרים,75.00,"100 מ""ל",false,1,20.90,27.8667,true,1,489566
7290005095061,false,נר נשמה 24 שעות פחית,,,חטיף 0 גר,Unknown,0.00,Unknown,false,1,1.90,0.0000,true,1,500253
7290005095207,false,מנגל גדול,,,מנגל גדול,Unknown,0.00,Unknown,false,4,129.90,0.0000,true,1,513881
7290005095269,false,נרות חימום שקד 50 יח,,,נרות חימום שקד 50 יח,Unknown,0.00,Unknown,false,1,12.90,0.0000,true,1,489370
7290005095351,false,סט קופסאות אחסון 3 י,,,"סט קופסאות אחסון 3 יח 500 מ""ל",Unknown,0.00,Unknown,false,1,11.90,0.0000,true,1,506167
7290005095368,false,סט קופסאות אחסון 3 י,,,סט קופסאות אחסון 3 יח,Unknown,0.00,Unknown,false,1,11.90,0.0000,true,1,506166
7290005095382,false,מוצרי אווירה,"ייוו יופין קנדל בע""מ",,מוצרי אווירה,Unknown,0.00,Unknown,false,1,4.90,0.0000,true,1,450762
7290005095467,false,נרות שבת מס 4 180 גר,,,נרות שבת מס 4 180 גר,גרמים,180.00,100 גרם,false,1,5.90,3.2778,true,1,503627
7290005095474,false,נרות שבת מס 6 180 גר,,,נרות שבת מס 6 180 גר,גרמים,180.00,100 גרם,false,1,5.90,3.2778,true,1,503628
7290005095481,false,נרות שבת מס 8 180 גר,,,נרות שבת מס 8 180 גר,גרמים,180.00,100 גרם,false,1,5.90,3.2778,true,1,503629
7290005095849,false,נרות שבת מס 12 180 ג,,,נרות שבת מס 12 180 גר,גרמים,180.00,100 גרם,false,1,5.90,3.2778,true,1,503631
7290005095931,false,נרות שבת מס 20 180 ג,,,נרות שבת מס 20 180 גר,גרמים,180.00,100 גרם,false,1,5.90,3.2778,true,1,503633
7290005095948,false,חנוכייה בינונית,"יודאיקה סנטר בע""מ",,חנוכייה בינונית,Unknown,0.00,Unknown,false,1,17.90,0.0000,true,1,450767
7290005111761,false,מזון לכלבים בשר בונז,קריות זול,FR,"בונזו בשר 3 ק""ג",קילוגרמים,3.00,"ק""ג",false,1,49.90,16.6333,true,1,450769
7290005113956,false,"מלפפון במלח בטעם פיקנטי 1.7 ק""ג קבוצת יבנה",,,מלפפון במלח בתיבול ביתי פיקנטי 1.7 קג,קילוגרמים,1.70,"ק""ג",false,1,24.90,14.6471,true,1,524841
7290005174551,false,סלט חומוס עם צנוברים 125 ג' אחלה,מיוצר עי קונדיטוריית,IL,סלט חומוס יום יום 12,גרמים,125.00,100 גרם,false,1,4.90,3.9200,true,1,450780
7290005174568,false,חציל אחלה במיונז 125 גר',"שטראוס גרופ בע""מ",IL,סלט חצילים יום יום 1,גרמים,125.00,100 גרם,false,1,4.90,3.9200,true,1,450781
7290005174575,false,טחינה אחלה יום יום משובחת 125ג',מיוצר עי קונדיטוריית,IL,סלט טחינה יום יום 12,גרמים,125.00,100 גרם,false,1,4.90,3.9200,true,1,450782
7290005175428,false,"קמח תירס לל""ג ריבארה 500 ג'",קריות זול,AR,קמח תירס אינסטנט 500,גרמים,500.00,100 גרם,false,1,6.90,1.3800,true,1,450784
7290005197758,false,עוגיות חיוכים שוקו שוקו 150ג',אפיפית נצרת תעשיות ב,IL,"חיוכים שוקו 150 ג""ר",גרמים,150.00,100 גרם,false,1,4.90,3.2667,true,1,450790
7290005199738,false,גומי מאסט בטעם פפרמינט ריח פה נעים פליפטופ 28 ג' עלית,"שטראוס גרופ בע""מ",IL,מסטיק מאסט בטעם פפרמינט 28 גר,גרמים,28.00,100 גרם,false,16,4.50,16.0714,true,1,450801
7290005200786,false,תפוצ'יפס שמנת ובצל 50 גרם,"שטראוס פריטו ליי בע""",IL,"תפוצ""יפס שמנת ובצל 50גר",גרמים,50.00,100 גרם,false,1,3.90,7.8000,true,1,450806
7290005201455,false,קפה נמס ארומה עלית 200 ג',"אינסטנטה בע""מ",IL,"קפה נמס ארומה 200 ג""",גרמים,200.00,100 גרם,false,1,21.90,10.9500,true,1,450810
7290005201882,false,קפה טורקי קלוי וטחון,הנסיך- מפעל לייצור ט,IL,עלית טורקי שקית 200,גרמים,200.00,100 גרם,false,1,14.90,7.4500,true,1,450813
7290005271410,false,ביצים L ארוזות 12 י,גליקסמן שיווק ביצים,,"ביצים 12 יח"" L",Unknown,0.00,Unknown,false,1,12.05,0.0000,true,1,450821
7290005271427,false,ביצים M ארוזות 12 י,גליקסמן שיווק ביצים,,"ביצים 12 יח"" M",Unknown,0.00,Unknown,false,1,11.15,0.0000,true,1,450822
7290005271458,false,ביצים אורגניות 12 יח,גליקסמן שיווק ביצים,,ביצים אורגניות 12 יח,Unknown,0.00,Unknown,false,1,21.90,0.0000,true,1,450823
7290005271465,false,ביצים מידיום אורגני 12 יח',גליקסמן שיווק ביצים,,ביצים אורגניות 12 יח,Unknown,0.00,Unknown,false,1,19.90,0.0000,true,1,450824
7290005271632,false,ביצים אומגה 3 לבן 30,,,ביצים L לבן אומגה 3,Unknown,0.00,Unknown,false,1,41.90,0.0000,true,1,450829
7290005271656,false,ביצים אומגה 3 לבן 20,גליקסמן שיווק ביצים,IL,ביצים אומגה 3 לבן 20 יח XL,Unknown,0.00,Unknown,false,1,34.90,0.0000,true,1,495771
7290005271687,false,ביצים אומגה 3 לארג' 12 יח',גליקסמן שיווק ביצים,,ביצים אומגה 12 יח L,Unknown,0.00,Unknown,false,1,18.90,0.0000,true,1,478222
7290005271755,false,תבנית ביצים L חופש 12יחי,גליקסמן שיווק ביצים,,ביצים L חופש 12 יח,Unknown,0.00,Unknown,false,1,18.90,0.0000,true,1,493839
7290005287206,false,טונה בשמן סטארקיסט 4*160 ג',"סטארקיסט פודור בע""מ",,רביעיית טונה סטארקיס,גרמים,640.00,100 גרם,false,1,24.90,3.8906,true,1,450857
7290005287251,false,טונה במים סטארקיסט 4*160 ג',"איטיליאן פוד, אס.פי.",,רביעיית טונה סטארקיס,גרמים,640.00,100 גרם,false,1,24.90,3.8906,true,1,450859
7290005287510,false,טונה בשמן עם בפלפל חריף 160 ג' סטארקיסט,תאי יוניון גרופ,TH,"טונה ""סטארקיסט"" בשמן",גרמים,160.00,100 גרם,false,1,7.90,4.9375,true,1,450860
7290005287527,false,טונה בשמן עם לימון 160 ג' סטארקיסט,תאי יוניון גרופ,TH,"טונה ""סטארקיסט"" בשמן",גרמים,160.00,100 גרם,false,1,7.90,4.9375,true,1,450861
7290005287534,false,טונה בשמן עישון טבעי 160 ג' סטארקיסט,תאי יוניון גרופ,TH,טונה סטארקיסט בשמן ע,גרמים,160.00,100 גרם,false,1,7.90,4.9375,true,1,450862
7290005296246,false,"פותח סתימות דריין אאוט 946 מ""ל יעקבי",יוליניבר,US,"פותח סתימות בכיור דריין און 946 מ""ל",מיליליטרים,946.00,"100 מ""ל",false,1,29.90,3.1607,true,1,489863
7290005296260,false,"אסטוניש ספריי רסס ונגב לניקוי כללי 750 מ""ל",אסטוניש Astonish,GB,"רסס נגב אסטוניש ירוק/תפוז אדום 750 מ""ל",מיליליטרים,750.00,"100 מ""ל",false,1,14.90,1.9867,true,1,489924
7290005296871,false,מנקה ומבריק רהיטי עץ,,,"מנקה ומבריק רהיטי עץ פוליבוי 375 מ""ל",מיליליטרים,375.00,"100 מ""ל",false,1,15.90,4.2400,true,1,504375
7290005423253,false,"סנו - מקסימה מרסס למייבש כביסה אולטרה פרש 750 מ""ל","סנו מפעלי ברונוס בע""",IL,סנו מקסימה פרש למייב,מיליליטרים,750.00,"100 מ""ל",false,1,18.90,2.5200,true,1,450916
7290005423482,false,"סנו קרם לניקוי כיריים קרמיים 300 מ""ל",מיוצר עי קונדיטוריית,IL,סנו קרם לניקוי כיריי,מיליליטרים,300.00,"100 מ""ל",false,1,14.90,4.9667,true,1,450924
7290005423567,false,מטליות לניקוי כללי בגליל 40 יח' סנו סושי,אסותא תעשיות אלבד בע,IL,סנו סושי 30 בגליל צה,Unknown,0.00,Unknown,false,1,19.90,0.0000,true,1,450929
7290005423734,false,סנו - מקסימה מרכך כביסה אולטרה פרש 4 ליטר,"סנו מפעלי ברונוס בע""",IL,מרכך כביסה סנו מקסימה 4 ל,ליטרים,4.00,ליטר,false,1,21.90,5.4750,true,1,450931
7290005423833,false,סנו פוליויקס פרקט 2 ליטר,"סנו מפעלי ברונוס בע""",IL,סנו פוליויקס פרקט 2 ליטר,ליטרים,2.00,ליטר,false,1,19.90,9.9500,true,1,450932
7290005423871,false,אורביטול שלשות משחת שיניים מנטול מרכז,טרופיקל דגיל תעשיות,IL,אורביטול משחת שיניים,גרמים,435.00,100 גרם,false,1,17.90,4.1149,true,1,450933
7290005423918,false,סנו - מקסימה מרכך כביסה היפואלרגני אלוורה 4 ליטר,קריות זול,IL,מרכך כביסה סנו מקסימ,ליטרים,4.00,ליטר,false,1,21.90,5.4750,true,1,450935
7290005424113,false,מטליות רצפה 4 יח' סנו סושי,עופרטקס,IL,סנו סושי 4 מטליות רי,Unknown,0.00,Unknown,false,1,11.90,0.0000,true,1,450939
7290005424403,false,"אל סבון כיף אצות ים קטיפתי 1ליטר,",טרופיקל דגיל תעשיות,IL,1אלסבון כיף לי,ליטרים,1.00,ליטר,false,1,11.90,11.9000,true,1,450943
7290005424755,false,מטליות ריצפז פלוס לחות לניקוי רצפות דוחה תיקנים 10 יח' סנו,סנו מפעלי ברונוס בעמ,IL,מטליות לחות לניקוי רצפות סנו דוחה תיקני,Unknown,0.00,Unknown,false,1,14.90,0.0000,true,1,499506
7290005425073,false,"סנו דואופרש יסמין עץ סאנדלווד 300 מ""ל","סנו מפעלי ברונוס בע""",IL,סנו דואופרש יסמין עץ,מיליליטרים,300.00,"100 מ""ל",false,1,11.90,3.9667,true,1,450960
7290005425646,false,סנו קליר ספריי אקדח לניקוי והברקת חלונות 1ל',"סנו מפעלי ברונוס בע""",IL,סנו קליר 1 ליטר,ליטרים,1.00,ליטר,false,1,9.90,9.9000,true,1,450975
7290005426230,false,מטלית הפלא לרצפה מיקרופייבר סנו 1יח',קריות זול,IL,סנו סושי מטלית הפלא,Unknown,0.00,Unknown,false,1,11.90,0.0000,true,1,450991
7290005426964,false,סנובון כחול בריח אפרסק 3 יח' * 55 ג',קריות זול,IL,סנובון כחול שלישייה,גרמים,165.00,100 גרם,false,1,14.90,9.0303,true,1,451009
7290005426971,false,סנובון כחול בריח תפוח 3 יח' * 55 ג',קריות זול,IL,סנובון כחול תפוח שלי,גרמים,165.00,100 גרם,false,1,14.90,9.0303,true,1,451010
7290005429279,false,"אבקת כביסה מקסימה אפקט 6 ק""ג סנו",סנו,IL,אבקת כביסה סנו מקסימ,קילוגרמים,6.00,"ק""ג",false,1,49.90,8.3167,true,1,451071
7290005429286,false,"אבקת כביסה מקסימה ביו 6 ק""ג סנו",סנו,IL,אבקת כביסה סנו מקסימ,קילוגרמים,6.00,"ק""ג",false,1,49.90,8.3167,true,1,451072
7290005430480,false,מטלית הפלא מיקרופייבר סנו סושי,קריות זול,CN,סנו סושי מטלית הפלא,Unknown,0.00,Unknown,false,1,7.90,0.0000,true,1,451073
7290005430602,false,"סנו - אוקסיג'ן מרסס מסיר כתמים 750 מ""ל","סנו מפעלי ברונוס בע""",IL,"סנו אוקסיג""ן מסיר כת",מיליליטרים,750.00,"100 מ""ל",false,1,17.90,2.3867,true,1,451078
7290005430671,false,סנו פוליווקס קרמיקה 2ל',סנו מפעלי ברונו בעמ,IL,סנו פוליווקס קרמיקה,ליטרים,2.00,ליטר,false,1,19.90,9.9500,true,1,451083
7290005431159,false,תותים בקצפת לייט 80 ג' עדן,עדן קינוחים,IL,מעדן תותים בקצפת לייט 80 גר,גרמים,80.00,100 גרם,false,12,6.80,8.5000,true,1,451092
7290005431883,false,קינוח מלבי חלבי עדן,עדן קינוחים Eden,IL,קינוח מלבי חלבי 165 גר,גרמים,165.00,100 גרם,false,1,6.90,4.1818,true,1,510102
7290005431906,false,קינוח קדאיף עדן 82 ג,עדן קינוחים Eden,IL,קינוח קדאיף 82 גר,גרמים,82.00,100 גרם,false,1,6.90,8.4146,true,1,510107
7290005431913,false,עוגת גבינה פירורים 92 גרם.,עדן קינוחים Eden,IL,עוגת גבינה פירורים 92 גר,גרמים,92.00,100 גרם,false,1,6.90,7.5000,true,1,510105
7290005431920,false,עוגת גבינה פירורים ללא תוספת סוכר,עדן קינוחים Eden,IL,עוגת גבינה פירורים לייט 78 גר,גרמים,78.00,100 גרם,false,1,6.90,8.8462,true,1,510104
7290005431937,false,קינוח טירמיסו עדן 82,עדן קינוחים Eden,IL,קינוח טירמיסו 82 גר,גרמים,82.00,100 גרם,false,1,6.90,8.4146,true,1,510101
7290005431968,false,מלבי שמנת עדן קינוחי,עדן קינוחים Eden,IL,מלבי שמנת 150 גר,גרמים,150.00,100 גרם,false,12,6.90,4.6000,true,1,512764
7290005509445,false,מיני קוקיס בטעם חמאה 600 גר',כרמית תעשיות ממתקים,IL,מיני עוגיות קוקיס בטעם חמאה 600 גר,גרמים,600.00,100 גרם,false,1,15.90,2.6500,true,1,451114
7290005559587,false,מאפה נקניקיה בבצק מעדנות 800ג',מיוצר עי קונדיטוריית,IL,"מאפה נקניקיה 800 ג""ר",גרמים,800.00,100 גרם,false,1,28.90,3.6125,true,1,451122
7290005559709,false,בורקס פיצה מעדנות 700 ג',"מעדנות בע""מ",IL,"בורקס פיצה 700 ג""ר",גרמים,700.00,100 גרם,false,1,25.90,3.7000,true,1,451124
7290005559907,false,פיצה משפחתית גבינה 500 ג' מעדנות,מיוצר עי קונדיטוריית,IL,פיצה משפחתית גבינה 5,גרמים,500.00,100 גרם,false,1,19.90,3.9800,true,1,451126
7290005559914,false,פיצה משפחתית זיתים 550 ג' מעדנות,מיוצר עי קונדיטוריית,IL,פיצה משפחתית זיתים 550 גר,גרמים,550.00,100 גרם,false,1,19.90,3.6182,true,1,451127
7290005559990,false,בצק פילאס תורכי מעדנות 600 גרם,מיוצר עי קונדיטוריית,IL,בצק פילאס תורכי 600,גרמים,600.00,100 גרם,false,1,19.90,3.3167,true,1,451133
7290005591761,false,דבש טהור מפרחי בר בלחיץ 400 ג' יד מרדכי,מכוורת יד מרדכי שטרא,IL,"דבש טהור לחיץ 400 ג""",גרמים,400.00,100 גרם,false,1,20.90,5.2250,true,1,451140
7290005605994,false,"פאנטה קלאסי בקבוק 350מ""ל",,,פאנטה זכוכית 350,מיליליטרים,350.00,"100 מ""ל",false,1,5.90,1.6857,true,1,490466
7290005651069,false,"לה קט מיקס 2.85 ק""ג",קריות זול,FR,"לה קט מיקס 2.85 ק""ג",קילוגרמים,2.85,"ק""ג",false,1,57.90,20.3158,true,1,451164
7290005651427,false,מעדני בונזו מולטיפק שלישיה * 410 ג',קריות זול,FR,בונזו מולטיפק 3*400,קילוגרמים,1.20,"ק""ג",false,1,21.90,18.2500,true,1,451166
7290005680052,false,או-בה טמפון קלאסי סופר פלוס 32יח',גונסון אנד גונסון,GR,טמפון או. בי. סופר פ,Unknown,0.00,Unknown,false,1,24.90,0.0000,true,1,451168
7290005686436,false,תפוח עץ מיובש ששון ה,"דין שיווק וקליה בע""מ",,תפוח עץ מיובש ששון הקולה 200 גר,גרמים,200.00,100 גרם,false,1,11.90,5.9500,true,1,502770
7290005697524,false,יוגורט עיזים תמרים ב,גלילי,,יוגורט עיזים תמרים ביו 500 מל,מיליליטרים,500.00,"100 מ""ל",false,1,17.90,3.5800,true,1,521712
7290005697548,false,יוגורט עיזים פירות י,גלילי,,יוגורט עיזים פירות יער ביו 500 מל,מיליליטרים,500.00,"100 מ""ל",false,1,17.90,3.5800,true,1,521708
7290005697555,false,יוגורט עיזים טבעי בי,,,יוגורט עיזים טבעי ביו 1 ל,ליטרים,1.00,ליטר,false,1,21.90,21.9000,true,1,521715
7290005697562,false,יוגורט עיזים אפרסק ב,גלילי,,יוגורט עיזים אפרסק ביו 500 מל,מיליליטרים,500.00,"100 מ""ל",false,1,17.90,3.5800,true,1,521709
7290005697579,false,יוגורט עיזים דובדבני,,,יוגורט עיזים דובדבנים ביו 500 מל,מיליליטרים,500.00,"100 מ""ל",false,1,17.90,3.5800,true,1,521711
7290005697647,false,יוגורט עיזים בדלי 70,,,יוגורט עיזים בדלי 700 מל,מיליליטרים,700.00,"100 מ""ל",false,1,21.90,3.1286,true,1,521713
7290005697661,false,יוגורט צאן בדלי 700,,,יוגורט צאן בדלי 700 מל,מיליליטרים,700.00,"100 מ""ל",false,1,21.90,3.1286,true,1,521714
7290005719318,true,רביעיית לחמניות המבו,,,רביעיית לחמניות המבורגר 380 גר,גרמים,380.00,100 גרם,false,1,16.90,4.4474,true,1,523299
7290005786006,false,קרפלך האיש עם השפם 1,שבע-תעשיות בצקים קפו,,קרפלך ידני 600 גר,קילוגרמים,1.00,"ק""ג",false,20,38.90,38.9000,true,1,451185
7290005786068,false,בלינצס גבינה מתוקה ו,שבע-תעשיות בצקים קפו,,בלינצס גבינה מתוקה וצימוקים 600 גר,גרמים,600.00,100 גרם,false,1,32.90,5.4833,true,1,479702
7290005786075,false,קרפלך סאן סאניץ בשר,שבע-תעשיות בצקים קפו,,קרפלך סאן סאניץ בשר עוף 1 קג,קילוגרמים,1.00,"ק""ג",false,1,39.90,39.9000,true,1,479697
7290005786082,false,קרפלך בשר אליטה 1 קג,,,קרפלך בשר אליטה 1 קג,קילוגרמים,1.00,"ק""ג",false,1,43.90,43.9000,true,1,499197
7290005786099,false,קרפלך שבע עגל 1 קג,שבע-תעשיות בצקים קפו,,קרפלך שבע עגל 600 גר,קילוגרמים,1.00,"ק""ג",false,1,39.90,39.9000,true,1,481278
7290005786105,false,קרפלך כבש 1 קג,שבע-תעשיות בצקים קפו,,קרפלך שבע כבש 1 קג,קילוגרמים,1.00,"ק""ג",false,1,43.90,43.9000,true,1,486759
7290005786129,false,בלינצס בשר 600 גר,שבע-תעשיות בצקים קפו,,בלינצס בשר 600 גר,גרמים,600.00,100 גרם,false,1,32.90,5.4833,true,1,479700
7290005786136,false,בלינצס תפוא ופטריות,שבע-תעשיות בצקים קפו,,"בלינצס תפו""א ופטריות 600 גר",גרמים,600.00,100 גרם,false,1,32.90,5.4833,true,1,479701
7290005786204,false,קרפלך ילדים 600 גר,נוריס,,קרפלך ילדים 600 גר,גרמים,600.00,100 גרם,false,1,20.90,3.4833,true,1,467611
7290005786730,false,קרפלך 3 חזרזירים 1 ק,,,"קרפלך 3 חזרזירים 1 ק""ג",קילוגרמים,1.00,"ק""ג",false,1,41.90,41.9000,true,1,504698
7290005786839,false,קרפלך עגל ליליה 1 קג,,,קרפלך עגל ליליה 1 קג,קילוגרמים,1.00,"ק""ג",false,1,36.90,36.9000,true,1,499892
7290005786983,false,קרפלך רווק 1 קג,שבע-תעשיות בצקים קפו,,"קרפלך רווק 1 ק""ג",קילוגרמים,1.00,"ק""ג",false,1,41.90,41.9000,true,1,493661
7290005838002,false,מעדן גבינה ויוגורט בטעם וניל 88 ג' דניאלה,"שטראוס בריאות בע""מ",IL,מעדן גבינה דניאלה,גרמים,88.00,100 גרם,false,1,4.10,4.6591,true,1,451220
7290005838613,false,שטראוס גבינת וניל 3% 125ג,"שטראוס בריאות בע""מ",IL,"סקי וניל 125 ג""ר",גרמים,125.00,100 גרם,false,1,3.70,2.9600,true,1,451222
7290005838972,false,גבינת יום יום 5% שטראוס 125ג',מיוצר עי קונדיטוריית,IL,גבינת סקי יום יום 5%,גרמים,125.00,100 גרם,false,1,3.10,2.4800,true,1,451223
7290005839078,false,"דנונה יוגורט ביו 3% לבן מארז 150X8מ""ל",מיוצר עי קונדיטוריית,IL,מארז דנונה ביו 3% 15,קילוגרמים,1.20,"ק""ג",false,1,16.90,14.0833,true,1,451224
7290005839108,false,סימפוניה 5% עם זיתים 200 ג' שטראוס,"שטראוס בריאות בע""מ",IL,גבינת סימפוניה 5% עם,גרמים,200.00,100 גרם,false,1,10.90,5.4500,true,1,451225
7290005839313,false,"מילקי טופ שוקולד מגולגל 170 מ""ל",מיוצר עי קונדיטוריית,IL,מעדן מילקי טופ מגולגלת 141 גר,גרמים,141.00,100 גרם,false,1,4.70,3.3333,true,1,451226
7290005896415,false,"בירה איגל פחית ירוק 500מ""ל","טמפו משקאות בע""מ",IL,"בירה איגל ירוק פחית 500 מ""ל",מיליליטרים,500.00,"100 מ""ל",false,1,6.90,1.3800,true,1,493144
7290005896439,false,"בירה מכבי בקבוק חוזר 500 מ""ל","טמפו משקאות בע""מ",IL,"בירה ""מכבי"" בק"" חוזר",מיליליטרים,500.00,"100 מ""ל",false,1,7.90,1.5800,true,1,451234
7290005896453,false,"בירה מכבי 7.9% בקבוק חוזר 500מ""ל",טמפו משקאות בע''מ,IL,"בירה ""מכבי"" 7.9% בק"" חוזר 500 מ""ל",מיליליטרים,500.00,"100 מ""ל",false,1,7.90,1.5800,true,1,487812
7290005896460,false,"בירה איגל לאגר חזקה 7.8% 500 מ""ל פחית",Unknown,,"בירה איגל איגל פחית 500 מ""ל",מיליליטרים,500.00,"100 מ""ל",false,1,7.90,1.5800,true,1,495414
7290005896620,false,מים מוגז ' סאן בנדטו ' יחידה,אקווה מינרלה סאן בנד,IT,מים סאן בנדטו מוגז 1,ליטרים,1.50,ליטר,false,1,3.90,2.6000,true,1,451235
7290005896637,false,מים סן בנדטו בודד 1.5 ליטר,אקווה מינרלה סאן בנד,IT,מים סן בנדטו בודד,Unknown,0.00,Unknown,false,1,3.90,0.0000,true,1,451236
7290005896835,false,סאן בנדטו מים מינרלי,טמפו,,שישיית סן בנדטו מוגז,ליטרים,9.00,ליטר,false,1,18.90,2.1000,true,1,451238
7290005938245,false,ממרח פסטו קלאסי פרסקו 220ג' מצונן,מיוצר עי פרסקו חצבה,IL,פסטו קלאסי 220 גר,גרמים,220.00,100 גרם,false,1,18.90,8.5909,true,1,467679
7290005938603,false,טפנד זיתים שחורים 22,פרסקו,,טפנד זיתים שחורים 220 גר,גרמים,220.00,100 גרם,false,1,18.90,8.5909,true,1,467682
7290005938610,false,טפנד זיתים ירוקים 22,פרסקו,,טפנד זיתים ירוקים 220 גר,גרמים,220.00,100 גרם,false,1,17.90,8.1364,true,1,467681
7290005938627,false,ממרח עגבניות מיובשות 220ג',פרסקו חצבה 2006 בעמ,IL,ממרח עגבניות מיובשות 220 גר,גרמים,220.00,100 גרם,false,1,17.90,8.1364,true,1,467683
7290005966088,false,"יין הר חרמון אדום עברית 750 מ""ל",יקב רמת הגולן,IL,"יין ""הר חרמון"" אדום",מיליליטרים,750.00,"100 מ""ל",false,1,32.90,4.3867,true,1,451251
7290005966347,false,יין סוביניון בלאן 750 מ''ל,יקב רמת הגולן,,"יין ""גמלא"" סוביניון",Unknown,0.00,Unknown,false,1,59.90,0.0000,true,1,451254
7290005966422,false,יין ירדן שרדונה 750,יקב רמת הגולן,,"יין ""ירדן"" שרדונה",מיליליטרים,750.00,"100 מ""ל",false,1,64.90,8.6533,true,1,451257
7290005992018,false,"יוגורט עיזים לשתייה 3% 500 מ""ל רובין","מיוצר ע""י קוד יצרן M",IL,יוגורט עיזים 3% 500,גרמים,500.00,100 גרם,false,1,13.90,2.7800,true,1,451268
7290005992575,false,בולגרית למריחה 5% 250 גרם - רבנות,מחלבות גד בעמ,IL,בולגרית למריחה 5% 250גר,גרמים,250.00,100 גרם,false,1,16.90,6.7600,true,1,451271
7290005992735,false,לאבנה 5% שומן 250 ג' גד,הנסיך- מפעל לייצור ט,IL,לבנה טבעי 5% 250 גרם,גרמים,250.00,100 גרם,false,1,12.90,5.1600,true,1,451274
7290005996009,false,סלמי גלילי מעושן 400 ג' יחיעם,,,סלמי גלילי מעושן 400 גר,גרמים,400.00,100 גרם,false,1,24.90,6.2250,true,1,505777
7290005996078,true,סרוולט הונגרי יחיעם,,,סרוולט הונגרי יחיעם 125 גר,גרמים,125.00,100 גרם,false,,24.90,19.9200,true,1,511065
7290005996153,false,נקניקיות צרפתיות פרימיום 280 ג',מעדני יחיעם,IL,נקניקיות צרפתיות פרמיום יחיעם 280 גר,גרמים,280.00,100 גרם,false,1,23.90,8.5357,true,1,509674
7290005996160,false,נקניקיות צ'וריסוס פרימיום 280 ג',פ.פ.ח. שאביט,IL,נקניקיות צוריסו פרמיום יחיעם 280 גר,גרמים,280.00,100 גרם,false,1,23.90,8.5357,true,1,509673
7290005996740,false,סלמי פפרוני יחיעם 300 ג',מעדני יחיעם 1993,IL,סלמי פפרוני 300 גר,גרמים,300.00,100 גרם,false,1,23.90,7.9667,true,1,517914
7290005996825,false,נקניקיות פרימיום בקר,מעדני יחיעם 1993,IL,נקניקיות בקר 280 גר,גרמים,280.00,100 גרם,false,1,24.90,8.8929,true,1,517915
7290006218131,false,מיני סמבוסק מניה עם,מעדני מניה תעשיות בש,,מיני סמבוסק מניה עם בשר 500 גר,גרמים,500.00,100 גרם,false,1,32.90,6.5800,true,1,492521
7290006218872,false,קרפלך ביתי בשר 800 ג,,,קפלצו עם בשר,גרמים,800.00,100 גרם,false,1,28.90,3.6125,true,1,497627
7290006229427,false,"סאן בנדטו מים מהאלפים מארז 500X6מ""ל",קריות זול,,שישיית סן בנדטו 500,ליטרים,3.00,ליטר,false,1,13.90,4.6333,true,1,451279
7290006229588,false,בירה איגל פחית זהב 500 מל',"טמפו משקאות בע""מ",IL,"בירה איגל זהב פחית 500 מ""ל",מיליליטרים,500.00,"100 מ""ל",false,1,6.90,1.3800,true,1,493145
7290006241153,false,אגוזי פקאן סיני 150,Unknown,,"פקאן סיני 150 ג""ר",גרמים,150.00,100 גרם,false,1,21.90,14.6000,true,1,451281
7290006241191,false,אגוזי מלך קליית גת 1,הדקלאים אגודת שיתופי,US,"אגוזי מלך 150 ג""ר",גרמים,150.00,100 גרם,false,1,11.90,7.9333,true,1,451282
7290006241214,false,שקד טבעי קלית גת 200 ג',הדקלאים אגודת שיתופי,IL,"שקד טבעי 200 גר""",גרמים,200.00,100 גרם,false,1,19.90,9.9500,true,1,468642
7290006241504,false,"פריגת קפוא תפוזים 280 מ""ל",פריגת מצוננים,IL,משקה תפוזים מרוכז קפ,גרמים,340.00,100 גרם,false,1,15.90,4.6765,true,1,451286
7290006241535,false,תרכיז מנגו קפוא פריג,היינץ צפון אמריקה מק,IL,"מיץ מנגו קפוא 340 מ""",גרמים,340.00,100 גרם,false,1,15.90,4.6765,true,1,451288
7290006251107,false,תה ויסוצקי צ'אי מסאלה 25 יח',מולינו ניקולי s.p.a,IL,"תה ציאי מסאלה 25 שק""",גרמים,50.00,100 גרם,false,1,16.90,33.8000,true,1,451294
7290006251275,false,תה ויסוצקי ירוק סיני 25יח',קריות זול,IL,"תה ירוק סיני 25 שק""",גרמים,38.00,100 גרם,false,1,24.90,65.5263,true,1,451296
7290006251282,false,תה קרנברי הגן הקסום 25 שקיקים,HIQ FOOD PRODUCTS,IL,"""הגן הקסום"" נפלאות ה",גרמים,75.00,100 גרם,false,1,17.90,23.8667,true,1,451297
7290006251343,false,תה חליטה הגן הקסום פסיפלורה מנגו 25 שקיקים,קריות זול,IL,"""הגן הקסום"" מנגו פסי",גרמים,63.00,100 גרם,false,1,17.90,28.4127,true,1,451298
7290006251374,false,תה ירוק לימונית וגינגר 25 שקיקים ויסוצקי,קריות זול,IL,"תה ירוק לימונית וג""י",גרמים,38.00,100 גרם,false,1,24.90,65.5263,true,1,451299
7290006251589,false,תה ירוק עם עלי נענע 50 שקיקים ויסוצקי,בית ויסוצקי,IL,"תה ירוק נענע 50 שק""",גרמים,75.00,100 גרם,false,1,39.90,53.2000,true,1,451300
7290006256089,false,גאטו נגרו קברנה סובי,יושלם,,גאטו נגרו קברנה,מיליליטרים,750.00,"100 מ""ל",false,1,39.90,5.3200,true,1,451302
7290006256102,false,יין גאטו נגרו מרלו 7,יושלם,,גאטו נגרו מרלו,מיליליטרים,750.00,"100 מ""ל",false,1,39.90,5.3200,true,1,451303
7290006256775,false,יין גאטו נגרו מלבק 7,,,יין מרלו גאטו נגרו,מיליליטרים,750.00,"100 מ""ל",false,1,39.90,5.3200,true,1,450425
7290006265524,false,פטריות חורש,,,פטריות חורש,Unknown,0.00,Unknown,false,1,12.90,0.0000,true,1,451313
7290006265890,false,נבטי גרעיני חמניה יח,"מרינה פטריות הגליל בע""מ",IL,יח נבטי חמניה,Unknown,0.00,Unknown,false,1,7.90,0.0000,true,1,451318
7290006271174,false,ג'חנון לאפיה בתנור מעדנות 700 ג',מיוצר עי קונדיטוריית,IL,"ג""חנון בצק 700 ג""ר",גרמים,700.00,100 גרם,false,1,16.90,2.4143,true,1,451335
7290006271181,false,מעדנות גחנון אפוי 750 גרם,מיוצר עי קונדיטוריית,IL,"ג""חנון אפוי 750 ג""ר",גרמים,750.00,100 גרם,false,1,22.90,3.0533,true,1,451336
7290006271655,false,מיני בורקס גבינה 800 ג' מעדנות,מיוצר עי קונדיטוריית,IL,מיני בורקס גבינה מוז,גרמים,800.00,100 גרם,false,1,22.90,2.8625,true,1,451340
7290006272072,false,חטיפי פיצה בשקית מעדנות 650ג',"מעדנות בע""מ",IL,חטיפי פיצה מוזל 650,גרמים,650.00,100 גרם,false,1,29.90,4.6000,true,1,451343
7290006272430,false,בצק עלים חמאה מעדנות 600 ג',מיוצר עי קונדיטוריית,IL,בצק עלים חמאה 600 גר,גרמים,600.00,100 גרם,false,1,27.90,4.6500,true,1,451344
7290006299215,false,יין מוזס קברנה סובינ,,,יין מוזס קברנה סוביניון חצי יבש 750 מל,מיליליטרים,750.00,"100 מ""ל",false,1,36.90,4.9200,true,1,526777
7290006299239,false,יין גייקוב ריזלינג ח,,,יין גייקוב ריזלינג חצי יבש 750 מל,מיליליטרים,750.00,"100 מ""ל",false,1,36.90,4.9200,true,1,526778
7290006299499,false,יין יושוא פטיט סירה,,,יין יושוא פטיט סירה יבש 750 מל,מיליליטרים,750.00,"100 מ""ל",false,1,36.90,4.9200,true,1,526780
7290006306296,false,רביולי במילוי גבינה לילדים 400 ג' פסטה נונה,פסטנונה רמת דלטון מר,IL,רביולי גבינה לילדים 400 גרי,גרמים,400.00,100 גרם,false,1,23.90,5.9750,true,1,471208
7290006306302,false,רביולי במילוי גבינות פרמזן ריקוטה 400 ג' פסטה נונה,דורום תעשיות מזון ופ,IL,רביולי פרמזן וריקוטה 400 גרי,גרמים,400.00,100 גרם,false,1,23.90,5.9750,true,1,471203
7290006306319,false,רביולי במילוי בטטה 400 ג' פסטה נונה,דורום תעשיות מזון ופ,IL,רביולי בטטה 400 גרי,גרמים,400.00,100 גרם,false,1,23.90,5.9750,true,1,471204
7290006306326,false,רביולי במילוי פטריות וגבינת פרמזן פסטה נונה 400 ג',דורום תעשיות מזון ופ,IL,רביולי פטריות ופרמזן 400 גרי,גרמים,400.00,100 גרם,false,1,23.90,5.9750,true,1,471205
7290006327284,false,סודה לשתיה אוני 1 קג,"ארוז ע""'.י.כהן בע""ם",,"סודה לשתיה ""אוני"" 1",גרמים,1000.00,100 גרם,false,1,14.90,1.4900,true,1,451368
7290006337016,false,בלינציס עם בשר 800 ג,מפעלי אירנה לבצק ממו,,בלינציס עם בשר 800 גר,גרמים,800.00,100 גרם,false,1,34.90,4.3625,true,1,483217
7290006337023,false,בלינציס עם גבינה 800,מפעלי אירנה לבצק ממו,,בלינציס עם גבינה 800 גר,גרמים,800.00,100 גרם,false,1,34.90,4.3625,true,1,483532
7290006337030,false,כרוב/פלפל ממולא 800,מפעלי אירנה לבצק ממו,,כרוב/פלפל ממולא 800 גר,גרמים,800.00,100 גרם,false,1,36.90,4.6125,true,1,483224
7290006337085,false,צבורקי 600 גר,מפעלי אירנה לבצק ממו,,צבורקי 600 גר,גרמים,600.00,100 גרם,false,1,31.90,5.3167,true,1,483223
7290006337115,false,פירושקי עם בשר 600 ג,מפעלי אירנה לבצק ממו,,פירושקי עם בשר 600 גר,גרמים,600.00,100 גרם,false,1,34.90,5.8167,true,1,483225
7290006337214,false,צבורצקי מיני 600 גר,מפעלי אירנה לבצק ממו,,צבורצקי מיני 600 גר,גרמים,600.00,100 גרם,false,18,31.90,5.3167,true,1,507029
7290006337245,false,צבורקי עבודת יד 4 יח,,,צבורקי עבודת יד 4 יח 600 גר,גרמים,600.00,100 גרם,false,1,39.90,6.6500,true,1,527624
7290006337290,false,פירושקי בשר אפוי 600,,,פירושקי בשר אפוי 600 גר,גרמים,600.00,100 גרם,false,18,34.90,5.8167,true,1,522045
7290006337368,false,קרפלך לילדים במילוי,,,כיסונים מטוגנים במילוי כרוב קפוא 600 גר,קילוגרמים,1.00,"ק""ג",false,1,34.90,34.9000,true,1,491411
7290006337375,false,קרפלך מיני במילוי בש,,,"כיסונים מטוגנים במילוי תפו""א ובצל קפוא",קילוגרמים,1.00,"ק""ג",false,1,34.90,34.9000,true,1,491412
7290006337382,false,קרפלך במילוי בשר הוד,,,"כיסונים מטוגנים במילוי תפו""א ופטריות קפו",קילוגרמים,1.00,"ק""ג",false,1,34.90,34.9000,true,1,491413
7290006337399,false,קרפלך במילוי בשר עוף,,,"מאפה מטוגן במילוי תפו""א ופטריות קפוא",קילוגרמים,1.00,"ק""ג",false,1,34.90,34.9000,true,1,491416
7290006337436,false,כיסונים אירישקה 1 קג,,,"כיסונים אירישקה 1 ק""ג",קילוגרמים,1.00,"ק""ג",false,1,21.90,21.9000,true,1,496984
7290006337443,false,כיסוני בשר כבש 1.3 ק,מפעלי אירנה לבצק ממו,,"כיסוני בשר כבש 1.3 ק""ג",קילוגרמים,1.30,"ק""ג",false,1,38.90,29.9231,true,1,483202
7290006337450,false,כיסוני בשר לבן 1.3 ק,מפעלי אירנה לבצק ממו,,"כיסוני בשר לבן 1.3 ק""ג",קילוגרמים,1.30,"ק""ג",false,1,38.90,29.9231,true,1,483203
7290006337467,false,כיסוני בשר דומשניה 1,מפעלי אירנה לבצק ממו,,"כיסוני בשר דומשניה 1.3 ק""ג",קילוגרמים,1.30,"ק""ג",false,1,38.90,29.9231,true,1,483201
7290006337474,false,כיסוני בשר עגל 1.3 ק,מפעלי אירנה לבצק ממו,,"כיסוני בשר עגל/מיני 1.3 ק""ג",קילוגרמים,1.30,"ק""ג",false,1,38.90,29.9231,true,1,483204
7290006337504,false,כיסוני בשר משפחתי 1.,מפעלי אירנה לבצק ממו,,"כיסוני בשר משפחתי 1.3 ק""ג",קילוגרמים,1.30,"ק""ג",false,1,38.90,29.9231,true,1,483205
7290006337535,false,חינקליני 600 גר,,,חינקליני 600 גר,גרמים,600.00,100 גרם,false,20,31.90,5.3167,true,1,513964
7290006337979,false,בצק שמרים 700 גר,מפעלי אירנה לבצק ממו,,כיסוני בשר לחיים 600 גר,גרמים,700.00,100 גרם,false,28,13.90,1.9857,true,1,483199
7290006337993,false,כיסונים אליטניה 1.3,,,"כיסונים אליטניה 1.3 ק""ג",קילוגרמים,1.30,"ק""ג",false,1,44.90,34.5385,true,1,490495
7290006342072,false,גרעין דלעת קלוי ששון,דין שיווק,IL,גרעין דלעת קלוי ששון הקולה 200 גר,גרמים,200.00,100 גרם,false,1,10.90,5.4500,true,1,502670
7290006342089,false,גרעיני חמניה קלויים,דין שיווק,,גרעיני חמניה קלויים ששון הקולה 200 גר,גרמים,200.00,100 גרם,false,1,4.90,2.4500,true,1,502675
7290006342447,false,גרעיני אבטיח ששון הק,דין שיווק,IL,גרעיני אבטיח ששון הקולה 200 גר,גרמים,200.00,100 גרם,false,1,13.90,6.9500,true,1,502671
7290006342553,false,קבוקים עם שומשום ששו,"דין שיווק וקליה בע""מ",,קבוקים עם שומשום ששון הקולה 200 גר,גרמים,200.00,100 גרם,false,1,6.90,3.4500,true,1,502729
7290006342645,false,טורטיה גדולה 840 גר' 12 יח,אלקטי קוראבייכיסיגיד,TR,"טורטיות 25 ס""מ 70 גר",גרמים,840.00,100 גרם,false,1,14.90,1.7738,true,1,502687
7290006358745,false,ביצי דגים תחליף 57 ג,פירסט קוואליטי תרייד,,ביצי דגים תחליף 57 גר,גרמים,57.00,100 גרם,false,1,99.90,175.2632,true,1,450426
7290006359735,false,רוטב לסלט עד העצם 35,קמיליה,IL,עד העצים רוטב לס,מיליליטרים,350.00,"100 מ""ל",false,20,24.90,7.1143,true,1,502905
7290006364142,false,סודה קינלי רביעייה ב,החברה המרכזית למשקאו,,מארז סודה רביעה 1.5,ליטרים,6.00,ליטר,false,1,14.90,2.4833,true,1,451377
7290006374615,false,מזון מלכות מרוכז במיוחד 5.8% 340גר,קריות זול,IL,מזון מלכות בדבש 340,גרמים,340.00,100 גרם,false,1,44.90,13.2059,true,1,451381
7290006374738,false,קונפיטורה תות 340 ג' יד מרדכי,אף.סי תבליני בגליל ב,IL,"קונפיטורת תות 340 ג""",גרמים,340.00,100 גרם,false,1,12.90,3.7941,true,1,451388
7290006376022,false,קורנפלור 200גר פרימי,,,קורנפלור 200 גר,גרמים,200.00,100 גרם,false,1,3.90,1.9500,true,1,509227
7290006376039,false,קוואקר שבולת שועל 500 גרם,,,שיבולת שועל פרמיום הילדה 500 גר,גרמים,500.00,100 גרם,false,1,8.90,1.7800,true,1,451391
7290006376046,false,סוכר דמררה שקית 1 קג,רג'ואן,IL,סוכר דמררה שקית 1 קג,קילוגרמים,1.00,"ק""ג",false,24,10.90,10.9000,true,1,504110
7290006376091,false,סודה לשתייה קרטונית,,,סודה לשתייה קרטונית 50 גר,גרמים,50.00,100 גרם,false,1,2.90,5.8000,true,1,522729
7290006376299,false,שוקו כיף שקית 500 ג',י.כהן,,שוקו כיף 500 גר,גרמים,500.00,100 גרם,false,1,8.90,1.7800,true,1,508236
7290006376343,false,ציפוי לשניצל בטעם ים תיכוני 350ג' שקית,,,ציפוי מתובל לשניצל ים תיכוני 350 גר,גרמים,350.00,100 גרם,false,1,14.90,4.2571,true,1,504107
7290006376626,false,אבקת סוכר מהדרין 100 ג',,,אבקת סוכר 100 גר,גרמים,100.00,100 גרם,false,1,3.90,3.9000,true,1,504106
7290006376688,false,עשיריית סוכר וניל,,,עשיריית סוכר וניל,Unknown,0.00,Unknown,false,1,3.90,0.0000,true,1,451398
7290006376695,false,עשיריית אבקת אפיה 10,,,עשיריית אבקת אפיה,גרמים,100.00,100 גרם,false,1,3.90,3.9000,true,1,451399
7290006376718,false,גלטין לעוגה פרימיום 24 יח,,,אבקת גלטין 12 גר זוג,גרמים,24.00,100 גרם,false,1,10.90,45.4167,true,1,451400
7290006376817,false,שמרים יבשים 33 גר,,,שמרים יבשים 33 גר,גרמים,33.00,100 גרם,false,24,7.90,23.9394,true,1,451401
7290006376862,false,"קפה ""פרימיום"" שלישייה 100 ג""ר",ר.ס.,,קפה טורקי 100 גר שלישייה,גרמים,300.00,100 גרם,false,1,16.90,5.6333,true,1,451402
7290006439031,false,שמן קנולה 1 ל' שוקחה,,,שמן קנולה 1 ל,ליטרים,1.00,ליטר,false,1,14.90,14.9000,true,1,517244
7290006439444,false,"אורז בסמתי ""גולד"" מוזהב 1 ק""ג שוקחה",,,"אורז בסמטי גולד 1 ק""ג",קילוגרמים,1.00,"ק""ג",false,1,11.90,11.9000,true,1,488314
7290006439468,false,עדשים אדומות שוקחה 1,,,"עדשים אדומות שוקחה 1 ק""ג",קילוגרמים,1.00,"ק""ג",false,1,13.90,13.9000,true,1,495627
7290006439475,false,עדשים ירוקות שוקחה 1,,,"עדשים ירוקות שוקחה 1 ק""ג",קילוגרמים,1.00,"ק""ג",false,1,13.90,13.9000,true,1,495626
7290006439482,false,שעועית לבנה שוקחה 1,,,"שעועית לבנה שוקחה 1 ק""ג",קילוגרמים,1.00,"ק""ג",false,1,11.90,11.9000,true,1,495625
7290006439499,false,פופקורן שוקחה 1 קג,,,"פופקורן שוקחה 1 ק""ג",קילוגרמים,1.00,"ק""ג",false,1,11.90,11.9000,true,1,495628
7290006439536,false,חומוס שוקחה 1 קג,,,"חומוס שוקחה 1 ק""ג",קילוגרמים,1.00,"ק""ג",false,1,13.90,13.9000,true,1,495621
7290006439550,false,בורגול שוקחה דק 1 קג,,,"בורגול שוקחה דק 1 ק""ג",קילוגרמים,1.00,"ק""ג",false,1,8.90,8.9000,true,1,495622
7290006439680,false,גריסים שוקחה 1 קג,,,"גריסים שוקחה 1 ק""ג",קילוגרמים,1.00,"ק""ג",false,1,8.90,8.9000,true,1,495637
7290006439697,false,חיטה שוקחה 1 קג,,,"חיטה שוקחה 1 ק""ג",קילוגרמים,1.00,"ק""ג",false,1,8.90,8.9000,true,1,495640
7290006439703,false,אפונה חצאים שוקחה 1,,,"אפונה חצאים שוקחה 1 ק""ג",קילוגרמים,1.00,"ק""ג",false,1,9.90,9.9000,true,1,495634
7290006439710,false,שעועית אדומה שוקחה 1,,,"שעועית אדומה שוקחה 1 ק""ג",קילוגרמים,1.00,"ק""ג",false,1,13.90,13.9000,true,1,495635
7290006439765,false,כוסמת שוקחה 1 קג,,,"כוסמת שוקחה 1 ק""ג",קילוגרמים,1.00,"ק""ג",false,1,13.90,13.9000,true,1,495638
7290006459442,false,מנגל ארוז בקרטון שקד,,,מנגל ארוז בקרטון שקד,Unknown,0.00,Unknown,false,12,39.90,0.0000,true,1,513880
7290006459503,false,כוסות שקופות לבירה 3,,,"כוסות שקופות לבירה 330 מ""ל",Unknown,0.00,Unknown,false,1,8.90,0.0000,true,1,507559
7290006459510,false,נרות חנוכה 44 יח,מנורה,,נרות חנוכה 44 יח,Unknown,0.00,Unknown,false,1,3.90,0.0000,true,1,521626
7290006459527,false,נרות חנוכה לוקס שקד,,,נרות חנוכה מיוחד 45 יח,Unknown,0.00,Unknown,false,1,6.90,0.0000,true,1,509363
7290006459565,false,סט קופסאות אחסון ירו,,,סט קופסאות אחסון ירוק חזק במיוחד 7 יח,Unknown,0.00,Unknown,false,1,69.90,0.0000,true,1,506168
7290006492432,false,גבינת מוצרלה בייבי 18% 300 ג' גד,מחלבות גד בעמ,IL,מוצרלה בייבי 18% 150,גרמים,150.00,100 גרם,false,1,15.90,10.6000,true,1,451417
7290006492616,false,גבינה בולגרית פרוסות 5% 250 ג' גד,DSH עבור מחלבות גד ב,IL,בולגרית 5% פרוסות 250גר,גרמים,250.00,100 גרם,false,1,26.90,10.7600,true,1,451419
7290006492630,false,גליל גד עז 22% 180 גרם - רבנות,מחלבות גד בעמ,IL,גליל גבינת עיזים 26%,גרמים,180.00,100 גרם,false,1,24.90,13.8333,true,1,451420
7290006492685,false,לאבנה עיזים 5% 250 גרם - רובין,מחלבות גד בעמ,IL,לבנה עיזים 3% 250 גר,גרמים,250.00,100 גרם,false,1,17.90,7.1600,true,1,451422
7290006492852,false,גבינת עיזים למריחה 5% שומן 250 ג' גד,קריות זול,IL,גבינת עיזים למריחה 5% 250גר,גרמים,250.00,100 גרם,false,1,16.90,6.7600,true,1,451424
7290006492913,false,לאבנה ציזיקי למריחה 5% שומן 250 ג' גד,מחלבות גד בעמ,IL,לבנה ציזיקי 5% 250 ג,גרמים,250.00,100 גרם,false,1,12.90,5.1600,true,1,451425
7290006494917,false,מרמולייט ופל בטעם שוקולד 180 ג',"איטיליאן פוד, אס.פי.",IL,"וופל ""מרמולייט"" שוקו",גרמים,200.00,100 גרם,false,1,9.90,4.9500,true,1,451437
7290006498052,false,דנונה ביו יוגורט טבעי מהדרין 3% 150 ג',שטראוס גרופ,,דנונה ביו 3% 150 גר,גרמים,150.00,100 גרם,false,1,2.70,1.8000,true,1,451442
7290006511157,false,"פטריות שלמות ויליפוד 400 גרם בד""ץ",אוקצ'מפס אס.איי אויי,PL,"פטריות שלמות ""גולדפו",גרמים,400.00,100 גרם,false,1,7.90,1.9750,true,1,451449
7290006511751,false,פטריות שמפניון חתוך ויליפוד 290X3 ג' בד”צ,לוטס,,פטריות חתוכות 290 גר שלישייה,גרמים,870.00,100 גרם,false,1,11.90,1.3678,true,1,472897
7290006515926,false,מארז משקה קוקטייל אפ,IBBLS,IT,"מארז אפרול 700 מ""ל+ פרו שפריץ",מיליליטרים,700.00,"100 מ""ל",false,1,89.90,12.8429,true,1,507258
7290006546333,false,ציפס קפוא פרי גליל 7,"פרי הגליל בע""""מ",IL,"צ""יפס 700 ג""ר",גרמים,600.00,100 גרם,false,1,9.90,1.6500,true,1,451461
7290006546371,false,במיה 600 ג' פרי הגליל,"פרי הגליל בע""""מ",IL,"במיה 600 גר""",גרמים,600.00,100 גרם,false,1,13.90,2.3167,true,1,451462
7290006546395,false,לקט העונה 800 ג' פרי הגליל,"פרי הגליל בע""""מ",IL,לקט העונה 800 גר,גרמים,800.00,100 גרם,false,1,10.90,1.3625,true,1,451464
7290006546524,false,צי'פס מובחר קפוא פרי גליל 800 ג',"פרי הגליל בע""""מ",IL,"צ""יפס מובחר 800גר",גרמים,800.00,100 גרם,false,1,10.90,1.3625,true,1,451467
7290006546982,false,לקט סיני 800 ג' פרי הגליל,"פרי הגליל בע""""מ",IL,"לקט סיני 800 גר""",גרמים,800.00,100 גרם,false,1,14.90,1.8625,true,1,451477
7290006546999,false,לקט למרק פרי הגליל 800 ג',"פרי הגליל בע""""מ",IL,לקט למרק 800 גרם,גרמים,800.00,100 גרם,false,1,14.90,1.8625,true,1,451478
7290006562906,false,פרמיו הודו וכבש לחתולים,פרמיו Premio,,סטיק הודו וכבש פרמיו 15 גר,גרמים,15.00,100 גרם,false,1,6.90,46.0000,true,1,526679
7290006567048,false,קוסקוס ישראלי מפתול אסם 350ג',"מיוצר ע""י קוד יצרן K",IL,פתיתי קוסקוס ישראלי,גרמים,350.00,100 גרם,false,1,7.90,2.2571,true,1,451484
7290006582539,false,חמוציות מיובשות ששון,דין שיווק,IL,חמוציות מיובשות ששון הקולה 250 גר,גרמים,250.00,100 גרם,false,1,10.90,4.3600,true,1,502685
7290006618078,false,"אסטוניש מרסס ניקוי יסודי 750 מ""ל",אסטוניש Astonish,GB,"מרסס לניקוי מטבח אסטוניש צהוב 750 מ""ל",מיליליטרים,750.00,"100 מ""ל",false,1,14.90,1.9867,true,1,489925
7290006618146,false,"הפי-מדליק פחמים 500 מ""ל",תות תעשיות מזון (201,NL,"מדליק פחמים הפי בקבוק 500 מ""ל",מיליליטרים,500.00,"100 מ""ל",false,1,15.90,3.1800,true,1,489913
7290006618610,false,6 ספוגיות כלים חלבי / בשרי,פלספק,TR,ספוגיות הפי חלבי/בשרי שישייה,Unknown,0.00,Unknown,false,1,7.90,0.0000,true,1,489871
7290006652027,false,במבה מארז 20 יח' *15ג' אסם,מיוצר עי קונדיטוריית,IL,"במבה מולטי פק"" 15 ג""",גרמים,300.00,100 גרם,false,1,22.90,7.6333,true,1,451576
7290006653819,false,קוסקוס דק בשקית אסם,"מיוצר ע""י קוד יצרן K",IL,קוסקוס דק בשקית 350,גרמים,350.00,100 גרם,false,1,7.90,2.2571,true,1,451582
7290006660596,false,קמח עדשים אדומות דגש,אף.סי תבליני בגליל ב,IL,קמח עדשים אדומות דגש 500 גר,גרמים,500.00,100 גרם,false,15,15.90,3.1800,true,1,503965
7290006660602,false,מי קוקוס אורגני גרין,בן טרה ג'וינט סטוק,PH,מי קוקוס גרין קוקו אורגני 1 ליטר,ליטרים,1.00,ליטר,false,12,15.90,15.9000,true,1,503898
7290006664037,false,גמדים דגנים ארוחת בוקר מארז 100X4ג',"שטראוס בריאות בע""מ",IL,רביעיית סופר גמדים ד,מיליליטרים,400.00,"100 מ""ל",false,1,11.20,2.8000,true,1,451585
7290006664051,false,"אקטימל לבן מארז 100X14 מ""ל",מיוצר עי קונדיטוריית,IL,"מארז אקטימל 14חי""",גרמים,1512.00,100 גרם,false,1,29.90,1.9775,true,1,451586
7290006664402,false,גבינה 5% שומן 750 ג' שטראוס,מיוצר עי קונדיטוריית,IL,"גבינת סקי 5% 750 ג""ר",גרמים,750.00,100 גרם,false,1,14.25,1.9000,true,1,451592
7290006664532,false,יוגורט עם תות 3% שומן 150 ג' דנונה,מיוצר עי קונדיטוריית,IL,דנונה תות 1.5%,מיליליטרים,150.00,"100 מ""ל",false,1,3.90,2.6000,true,1,451593
7290006664655,false,"אקטימל לבן טבעי מארז 100X8 מ""ל",מיוצר עי קונדיטוריית,IL,אקטימל טבעי שמינייה,גרמים,864.00,100 גרם,false,1,20.90,2.4190,true,1,451596
7290006664693,false,יוגורט עם אפרסק 3% שומן 150 ג' דנונה,מיוצר עי קונדיטוריית,IL,דנונה אפרסק 1.5%,מיליליטרים,150.00,"100 מ""ל",false,1,3.90,2.6000,true,1,451597
7290006664990,false,דנונה ביו מארז חיסכון 1.5% 8 יח' *150 ג',מיוצר עי קונדיטוריית,IL,מארז דנונה ביו 1.5%,קילוגרמים,1.20,"ק""ג",false,1,16.90,14.0833,true,1,451601
7290006681003,false,גלידה תות לימון סורבה 1.33 ל' קרמיסימו,"גלידת שטראוס בע""מ, ר",IL,קרמיסימו סורבה תות ל,ליטרים,1.33,ליטר,false,1,18.90,14.2105,true,1,451644
7290006681089,false,מאגדת לייט מיני סנדו,"גלידת שטראוס בע""מ, ר",IL,"גלידת מיני סנדוויץ""",גרמים,270.00,100 גרם,false,1,29.90,11.0741,true,1,451646
7290006681553,false,שטראוס קרמבו ווניל 8יח,"גלידת שטראוס בע""מ",IL,"קרמבו וניל 8יח""",גרמים,200.00,100 גרם,false,1,14.90,7.4500,true,1,451649
7290006681560,false,שטראוס קרמבו מוקה 8יח,"גלידת שטראוס בע""מ",IL,"קרמבו מוקה 8 יח""",גרמים,200.00,100 גרם,false,1,14.90,7.4500,true,1,451650
7290006712981,false,"קולגייט משחת שיניים סמיילס לגילאי 6 50 מ""ל",הנסיך- מפעל לייצור ט,PL,"משחת שיניים לילדים """,גרמים,66.00,100 גרם,false,1,12.90,19.5455,true,1,451694
7290006739292,false,נקניק פסטרמה פרגיות ציפוי תירס,נקניק נהריה כשר זוגל,IL,"נקניק תבור 330 ג""ר",גרמים,330.00,100 גרם,false,1,25.90,7.8485,true,1,451728
7290006739346,false,נקניקיות פרגיות טרי 400 גרם זוגלובק,נקניק נהריה כשר זוגל,IL,נקניקיות פרגיות 400,גרמים,400.00,100 גרם,false,1,13.90,3.4750,true,1,451729
7290006739407,false,שניצל תירס לייט 630 ג' זוגלובק,נקניק נהריה כשר זוגל,IL,שניצל תירס לייט 630,גרמים,630.00,100 גרם,false,1,25.90,4.1111,true,1,451731
7290006739414,false,סלמי קוניאק 300 ג' זוגלובק,נקניק נהריה כשר זוגל,IL,"סלמי קוניאק 300 גר""",גרמים,300.00,100 גרם,false,1,25.90,8.6333,true,1,451732
7290006739421,false,סלמי מעושן איטלקי 300 ג' זוגלובק,נקניק נהריה כשר זוגל,IL,"סלמי איטלקי 300 גר""",גרמים,300.00,100 גרם,false,1,25.90,8.6333,true,1,451733
7290006739445,false,שניצל תירס קלאסי 750 ג' זוגלובק,נקניק נהריה כשר זוגל,IL,שניצל תירס קלאסי 750,גרמים,750.00,100 גרם,false,1,25.90,3.4533,true,1,451734
7290006741363,false,"בורקס תפו""א זוגלובק בד""צ 800ג'",מאפיית אריאל וגידרון,IL,"בורקס תפו""א 800 גר",גרמים,800.00,100 גרם,false,1,17.90,2.2375,true,1,451754
7290006741387,false,"מלאווח תימני זוגלובק 700 ג' בד""צ",נקניק נהריה כשר זוגל,IL,מלאווח תימני,גרמים,700.00,100 גרם,false,1,17.90,2.5571,true,1,451755
7290006742278,false,פסטרמה הודו צלויה על לבנים 330 ג' זוגלובק,נקניק נהריה כשר זוגל,IL,פסטרממיה צלויה על לב,גרמים,330.00,100 גרם,false,1,25.90,7.8485,true,1,451766
7290006742292,false,פסטרמה הודו בדבש 330 ג' זוגלובק,נקניק נהריה כשר זוגל,IL,פסטרממיה בדבש 330 גר,גרמים,330.00,100 גרם,false,1,25.90,7.8485,true,1,451768
7290006748072,false,זר פרחים עונתי,Unknown,,זר פרחים,יחידה,1.00,יחידה,false,1,35.00,35.0000,true,1,474712
7290006748096,false,זר פרחים מיוחד,Unknown,,זר פרחים,יחידה,1.00,יחידה,false,1,50.00,50.0000,true,1,474714
7290006748119,false,זר פרחים,Unknown,,זר פרחים,Unknown,0.00,Unknown,false,1,59.00,0.0000,true,1,487633
7290006748133,false,זר פרחים קטן,Unknown,,זר פרחים,יחידה,1.00,יחידה,false,1,25.00,25.0000,true,1,474711
7290006748157,false,זר פרחים בינוני,Unknown,,זר פרחים,יחידה,1.00,יחידה,false,1,30.00,30.0000,true,1,474713
7290006748249,false,זר פרחים 75 שח,Unknown,,זר פרחים 75 שח,Unknown,0.00,Unknown,false,1,75.00,0.0000,true,1,509794
7290006764058,false,"נשר בירה לבנה נשר בקבוק חוזר 500 מ""ל","טמפו משקאות בע""מ",IL,"נשר לבן חוזר 500מ""""ל",מיליליטרים,500.00,"100 מ""ל",false,1,5.90,1.1800,true,1,451780
7290006764065,false,"בירה נשר מאלט בקבוק חוזר 500 מ""ל","טמפו משקאות בע""ם.",IL,נשר מאלט 500 חוזר,מיליליטרים,500.00,"100 מ""ל",false,1,5.70,1.1400,true,1,451781
7290006764072,false,"גולדסטאר בירה בק חוזר 500 מ""ל","טמפו משקאות בע""מ",IL,"בירה גולדסטאר 500מ""""",מיליליטרים,500.00,"100 מ""ל",false,1,7.90,1.5800,true,1,451782
7290006764096,false,בירה איגל בקבוק חוזר 3.8% 500 מל,"טמפו משקאות בע""מ",IL,"בירה איגל בק חוזר 500 מ""ל",מיליליטרים,500.00,"100 מ""ל",false,1,5.90,1.1800,true,1,487147
7290006764157,false,"בירה גולדסטאר לא מסונן חוזר 500 מ""ל",טמפו משקאות בע''מ,IL,"בירה גולדסטאר לא מסונן חוזר 500 מ""ל",מיליליטרים,500.00,"100 מ""ל",false,1,7.90,1.5800,true,1,506992
7290006764737,false,"בירה נשר מאלט דיאט 500 מ""ל חוזר","טמפו משקאות בע""ם.",IL,דיאט נשר מאלט 500 מל,מיליליטרים,500.00,"100 מ""ל",false,1,5.70,1.1400,true,1,451790
7290006765000,false,טורטיות חיטה מלאה 8יח 540 ג',אלקטי קוראבייכיסיגיד,TR,טורטיות חיטה מלאה דין שיווק וקליה 45 גר,גרמים,540.00,100 גרם,false,1,8.90,1.6481,true,1,502688
7290006765772,false,אננס מסוכר מיובש בקו,שקדיה,,אננס מסוכר 200 גר קופסא,גרמים,200.00,100 גרם,false,1,11.90,5.9500,true,1,510014
7290006766014,false,קוקוס מיובש 160 גר ק,,,קוקוס מיובש 160 גר קופסא,גרמים,160.00,100 גרם,false,1,14.90,9.3125,true,1,510020
7290006784308,false,"PURE מבשם אוויר ניחוח חופשה בפרובנס 400 מ""ל",,,מבשם אוויר בניחוח חופשה בפרובנס 400 מל,מיליליטרים,400.00,"100 מ""ל",false,1,9.90,2.4750,true,1,522578
7290006784346,false,"תרסיס לניקוי שטיחים סנט מוריץ 630 מ""ל",קומפלקס כימיקלים,IL,קצף לניקוי שטיחים וריפוד 630 מל,מיליליטרים,630.00,"100 מ""ל",false,1,16.90,2.6825,true,1,477322
7290006784360,false,חלונית לניקוי והברקה 1ל-סנט מוריץ,קומפלקס כימיקלים,IL,ספריי חלונית סנט מוריץ 1 ל,ליטרים,1.00,ליטר,false,1,5.90,5.9000,true,1,451851
7290006784414,false,"PURE מבשם כביסה בניחוח מלון ספא 500 מ""ל",טרסאן,TR,מבשם כביסה בניחוח מלון ספא 500 מל,מיליליטרים,500.00,"100 מ""ל",false,1,11.90,2.3800,true,1,522557
7290006784452,false,"PURE - מבשם כביסה מרסס בניחוח מלון רויאל 500 מ""ל",טרסאן,TR,מבשם כביסה בניחוח מלון רויאל 500 מל,מיליליטרים,500.00,"100 מ""ל",false,1,11.90,2.3800,true,1,522559
7290006784865,false,סנט מוריץ לניקוי משטחי מטבחים מרוכז ועוצמתי 1ל',קומפלקס כימיקלים,IL,ספריי לניקוי יסודי מטבח 1 ל,ליטרים,1.00,ליטר,false,1,9.90,9.9000,true,1,522531
7290006785657,false,בלונים 20 פסטל רחבה,Unknown,,שקית 20 פסטל,Unknown,0.00,Unknown,false,1,8.90,0.0000,true,1,488418
7290006788429,false,"קרליין - נושם סאן רייס דאודורנט רול און לאישה כתום 75 מ""ל",אמיליה קוסמטיקס בעמ,IL,"דאו קרליין נושם רול און כתום 75 מ""ל",מיליליטרים,75.00,"100 מ""ל",false,1,12.90,17.2000,true,1,483972
7290006788443,false,"קרליין - נושם אוקסיג'ן דאודורנט רול און לאישה סגול 75 מ""ל",מולינו ניקולי s.p.a,IL,"דאו קרליין נושם רול און סגול 75 מ""ל",מיליליטרים,75.00,"100 מ""ל",false,1,12.90,17.2000,true,1,483973
7290006788481,false,"קרליין - נושם סאן רייס דאודורנט ספריי לאישה כתום 200 מ""ל",מיוצר עי : אמיליה קו,IL,"דאו קרליין נושם ספריי כתום 200 מ""ל",מיליליטרים,200.00,"100 מ""ל",false,1,12.90,6.4500,true,1,451861
7290006788504,false,"קרליין - נושם אוקסיג'ן דאודורנט ספריי לאישה סגול 200 מ""ל",מיוצר עי : אמיליה קו,IL,"דאו קרליין נושם ספריי סגול 200 מ""ל",מיליליטרים,200.00,"100 מ""ל",false,1,12.90,6.4500,true,1,451862
7290006804907,false,פיתות אסלי קפוא 5 יח' אפיה,פילסברי,,פיתה חמישייה,Unknown,0.00,Unknown,false,50,7.90,0.0000,true,1,451866
7290006805355,false,תערובת להכנת כדורי שוקולד פילסברי 500ג',הדקלאים אגודת שיתופי,IL,פילסברי כדורי שוקולד,גרמים,500.00,100 גרם,false,1,16.90,3.3800,true,1,451867
7290006805850,false,תערובת להכנת פנקייקס 500ג' פילסברי,הדקלאים אגודת שיתופי,IL,תערובת להכנת פנקייקס,גרמים,500.00,100 גרם,false,1,16.90,3.3800,true,1,451868
7290006822192,false,מיץ חמוציות דיאט אושן ספריי 1 ליטר,מבשלות בירה בינלאומי,IL,פריגת דיאט אושן ספרי,ליטרים,1.00,ליטר,false,1,13.90,13.9000,true,1,451884
7290006855404,false,"ברבריא בייטס תמר מג'הול עם קשיו, שקדים ופיסטוק",ברבריא Barbary,,חטיף ברבריא בייטס תמר קשיו שקדים פיסטוק,גרמים,55.00,100 גרם,false,1,6.80,12.3636,true,1,519817
7290006855428,false,חטיף תמר לוז קשיו ושברי פולי קקאו ברבריא בייטס 55 ג',BARBARY,,חטיף ברבריא בייטס תמר לוז קשיו 55 גר,גרמים,55.00,100 גרם,false,1,6.80,12.3636,true,1,519824
7290006855435,false,ברבריא בייטס תמר מג'הול עם שקדים וקקוס בטעם אננס,ברבריא Barbary,,חטיף ברבריא בייטס תמר שקדים קוקוס אננס,גרמים,55.00,100 גרם,false,1,6.80,12.3636,true,1,519818
7290006866363,false,פרימור סחוט אשכולית אדומה 1ל',"גניר (1992) בע""מ",IL,"מיץ ""פרימור"" אשכולית",ליטרים,1.00,ליטר,false,1,16.90,16.9000,true,1,451894
7290006960023,false,כרוב כבוש מאמא מרי,,,כרוב כבוש,גרמים,400.00,100 גרם,false,1,19.90,4.9750,true,1,451914
7290006960047,false,מלפפונים במלח יח 370,,,מלפפון במלח 680 גר,גרמים,680.00,100 גרם,false,1,10.90,1.6029,true,1,509429
7290006960146,false,חזרת מאמא מרי 150 גר,,,פרשמק 200גר,גרמים,150.00,100 גרם,false,1,7.90,5.2667,true,1,505946
7290006960153,false,חרדל מאמא מרי 150 גר,,,איקרה מינטאי,גרמים,150.00,100 גרם,false,1,7.90,5.2667,true,1,505948
7290006960160,false,שום כתוש מאמא מרי 15,,,ממרח קוויאר,גרמים,150.00,100 גרם,false,1,7.90,5.2667,true,1,505947
7290006960351,false,פטריות מסליאטה 400 ג,,,פטריות מסליאטה 400 גר,גרמים,400.00,100 גרם,false,1,25.90,6.4750,true,1,511032
7290006960368,false,פטריות אופיאטה 400 ג,,,"סלט פיקלס 500 גר""",גרמים,400.00,100 גרם,false,1,25.90,6.4750,true,1,511029
7290006960399,false,פטריות במלח יחידה 40,,,פטריות שמפיניון 400 גר,גרמים,400.00,100 גרם,false,1,25.90,6.4750,true,1,511030
7290006960429,false,"מאמא מרי כרוב בולגרי 1 ק""ג",,,כרוב בולגרי 1 קייג,קילוגרמים,1.00,"ק""ג",false,1,19.90,19.9000,true,1,451919
7290006960641,false,סלט אצות ים טבעי 400,,,"סלט אצות ים 350 גר""",גרמים,400.00,100 גרם,false,1,22.90,5.7250,true,1,450436
7290006963314,false,עוגת שטולן קלאסית 75,KuchenMeister GmbH,DE,עוגת שטולן קלאסית 750 גר,גרמים,750.00,100 גרם,false,1,34.90,4.6533,true,1,527890
7290006963321,false,עוגת שטולן עם מרציפן,KuchenMeister GmbH,DE,עוגת שטולן עם מרציפן 750 גר,גרמים,750.00,100 גרם,false,1,37.90,5.0533,true,1,527891
7290006963413,false,עוגת שטולן עם חמאה 5,KuchenMeister GmbH,DE,עוגת שטולן עם חמאה 500 גר,גרמים,500.00,100 גרם,false,1,31.90,6.3800,true,1,527892
7290006963420,false,עוגת שטולן קלאסית 50,,,עוגת שטולן קלאסית 500 גר,גרמים,500.00,100 גרם,false,1,26.90,5.3800,true,1,527893
7290006963437,false,עוגת שטולן עם מרציפן,KuchenMeister GmbH,DE,עוגת שטולן עם מרציפן 500 גר,גרמים,500.00,100 גרם,false,1,28.90,5.7800,true,1,527894
7290006983152,false,קרוטונים מתובלים למרק 400 ג' אסם,עינת תעשיות מזון,IL,קרוטונים מתובלים למר,גרמים,400.00,100 גרם,false,1,17.90,4.4750,true,1,451925
7290006983176,false,אוסם - לחמית שיפון 250 גרם,"אסם השקעות בע""מ",IL,"לחמית שיפון 230 ג""ר",גרמים,230.00,100 גרם,false,1,8.90,3.8696,true,1,451926
7290006983206,false,אסם תערובת פלאפל בקלי קלות 180גר,"אסם השקעות בע""מ",IL,פאלפל בקלי קלות 180,גרמים,180.00,100 גרם,false,1,9.90,5.5000,true,1,451927
7290006983527,false,עוגת הבית תפוחי עץ עם פירורים 400 ג' אסם,מיוצר עי קונדיטוריית,IL,עוגת הבית תפוחי עץ ע,גרמים,400.00,100 גרם,false,1,15.90,3.9750,true,1,451930
7290006983763,false,עוגת הבית שוקולד 400 גרם אסם.,מיוצר עי קונדיטוריית,IL,עוגת הבית שוקולד 400,גרמים,400.00,100 גרם,false,1,12.90,3.2250,true,1,451931
7290006983770,false,עוגת הבית שיש 400 ג' אסם,מיוצר עי קונדיטוריית,IL,"עוגת הבית שיש 400 ג""",גרמים,400.00,100 גרם,false,1,12.90,3.2250,true,1,451932
7290006983787,false,עוגת הבית שוקוציפס 400 גרם אסם,מיוצר עי קונדיטוריית,IL,"עוגת הבית שוקו צ""יפס",גרמים,400.00,100 גרם,false,1,12.90,3.2250,true,1,451933
7290006983794,false,עוגת הבית תפוז 400 ג' אסם,מיוצר עי קונדיטוריית,IL,עוגת הבית תפוז 400 ג,גרמים,400.00,100 גרם,false,1,12.90,3.2250,true,1,451934
7290006992161,false,מטרנה - דייסת קורנפלור פרוביוטי 200 גרם,מולינו ניקולי s.p.a,IL,מטרנה דייסת קרונפלור,גרמים,200.00,100 גרם,false,1,13.90,6.9500,true,1,451940
7290006992192,false,מטרנה - דייסת סולת 200 גרם,קריות זול,IL,דייסת סולת,גרמים,200.00,100 גרם,false,1,13.90,6.9500,true,1,451943
7290006992208,false,מטרנה - דייסת דגנים מעורבים 200 גרם,מטרנה תעשיות ש.מ,IL,דייסת דגנים מעורבים,גרמים,200.00,100 גרם,false,1,13.90,6.9500,true,1,451944
7290006992864,false,"לה קט חתלתולים 2.85 ק""ג",united pet food,FR,"מזון לחתולים לה קט חתלתולים 2.85 ק""ג",קילוגרמים,2.85,"ק""ג",false,1,57.90,20.3158,true,1,485260
7290008000796,false,"כצט - סופרמן משחת שיניים לילדים 50 מ""ל",כצט נוביס,IL,משחת שיניים לילדים כצט 50 מל,מיליליטרים,50.00,"100 מ""ל",false,1,11.90,23.8000,true,1,523257
7290008000826,false,משחת שיניים ילדיים בארביי 50 גרם,כצט נוביס,IL,משחת שיניים לילדים ברבי 50 מל,מיליליטרים,50.00,"100 מ""ל",false,1,11.90,23.8000,true,1,523258
7290008023542,false,סיף פנטסטיק שמפו רצפות כתום 4ל',סיף פנטסטיק Cif Fantastic,IL,"נוזל לניקוי רצפות ""ס",ליטרים,4.00,ליטר,false,1,17.90,4.4750,true,1,451965
7290008116534,false,"מי פה ליסטרין קול מינט 250 מ""ל",,,"מי פה ליסטרין קולמינט 250 מ""ל",מיליליטרים,250.00,"100 מ""ל",false,1,10.90,4.3600,true,1,504853
7290008116558,false,מי פה ליסטרין פרשבור,,,"מי פה ליסטרין פרשבורסט 250 מ""ל",מיליליטרים,250.00,"100 מ""ל",false,1,10.90,4.3600,true,1,504854
7290008116565,false,מי פה ליסטרין פרש בר,ג'ונסון אנד ג'ונסון,IT,"מי פה ליסטרין פרש בורסט 500 מ""ל",מיליליטרים,500.00,"100 מ""ל",false,1,19.90,3.9800,true,1,500435
7290008154222,false,שניצלונים עוף טוב 700 גרם,מולינו ניקולי s.p.a,IL,שניצלונים עוף טוב 70,גרמים,700.00,100 גרם,false,1,14.90,2.1286,true,1,451975
7290008175173,false,חמאה ללא תוספת מלח 200 ג' וליו,ואליו אל.טי.די,FI,"חמאה ""לורפק"" ללא מלח",גרמים,200.00,100 גרם,false,20,13.90,6.9500,true,1,451988
7290008175210,false,גבינת פרמזן מגורדת 90ג' ויליפוד,זנטי אס.איי.,IT,גבינת פרמזן מגורדת 9,גרמים,90.00,100 גרם,false,1,14.90,16.5556,true,1,451989
7290008175814,false,וילי פוד פטריות שמפיניון חתוך בדץ 400ג,"אוקצ'מפ אס, איי אויי",PL,"פטריות חתוך 400 ג""ר",גרמים,400.00,100 גרם,false,1,4.90,1.2250,true,1,451994
7290008228084,false,קרם ידיים אזוורה 100,,,קרם ידיים אזוורה,גרמים,100.00,100 גרם,false,1,11.90,11.9000,true,1,452012
7290008329293,false,סכינים פרימיום שקוף/קרם/לבן/זהב דנטס אר' 50 יח',,,סכינים פרמיום שקוף 5,Unknown,0.00,Unknown,false,1,8.90,0.0000,true,1,452031
7290008329309,false,מזלגות פרמיום שקוף/קרם/לבן/זהב דנטס אר 50 יח,,,מזלגות פרמיום שקוף 5,Unknown,0.00,Unknown,false,1,8.90,0.0000,true,1,452032
7290008329316,false,כפות פרימיום שקוף/קרם/לבן/זהב דנטס 50 יח,,,כפות פרמיום שקוף/קרם 50יח,Unknown,0.00,Unknown,false,1,8.90,0.0000,true,1,452033
7290008329347,false,צלחת צבעונית ענקית 2,,,צלחת צבעונית ענקית 20 יח,Unknown,0.00,Unknown,false,1,14.90,0.0000,true,1,452036
7290008329354,false,צלחות 9 ציבעוני 25 יח,,,צלחת צבעונית 20 יח,Unknown,0.00,Unknown,false,1,9.90,0.0000,true,1,452037
7290008330107,false,מרכך כביסה סגול 4 ל' בדין,יוניליור ישראל טיפוח,IL,מרכך כביסה בדין סגול,ליטרים,4.00,ליטר,false,1,19.90,4.9750,true,1,452043
7290008333115,false,אבקת ג'לטין טהור נטו 28 גרם,ג'ליק פיניור,,אבקת גלטין טהור 28 גר,גרמים,28.00,100 גרם,false,1,10.90,38.9286,true,1,452049
7290008341981,false,טושונקה בקר 400 גר,גוד פוד,,"טושונקה בקר 400 ג""ר",גרמים,400.00,100 גרם,false,1,22.90,5.7250,true,1,452054
7290008343558,false,"סיגרים בשר שלושת האופים 1 ק""ג",שלושת האופים,IL,"סיגרים בשר 1 ק""ג",קילוגרמים,1.00,"ק""ג",false,1,19.90,19.9000,true,1,452056
7290008343565,false,"סיגרים תפו""א 1 ק""ג שלושת האופים",שלושת האופים,IL,"סיגרים תפו""א 1 ק""ג",קילוגרמים,1.00,"ק""ג",false,1,19.90,19.9000,true,1,452057
7290008343572,false,"אגרול סיני 1 ק""ג שלושת האופים",שלושת האופים,IL,אגרול סיני,קילוגרמים,1.00,"ק""ג",false,1,19.90,19.9000,true,1,452058
7290008343602,false,"קובה בשר 1 ק""ג שלושת האופים",שלושת האופים,IL,"קובה בשר 1 ק""ג",קילוגרמים,1.00,"ק""ג",false,1,19.90,19.9000,true,1,452061
7290008343626,false,"כדורי פלאפל 1 ק""ג שלושת האופים",שלושת האופים,IL,"כדורי פלאפל 1 ק""""ג",קילוגרמים,1.00,"ק""ג",false,1,19.90,19.9000,true,1,452063
7290008344272,false,המבורגר 100% 400 ג' טיבון ויל,טיבון ויל אחזקות בעמ,IL,המבורגר אמיתי 100% 4,גרמים,400.00,100 גרם,false,1,18.90,4.7250,true,1,452067
7290008345576,false,"סלט איקרה לבנה, 300 גרם דלידג",כלורוקס אוקלנד,IL,איקרה ביתית לבנה 300,גרמים,300.00,100 גרם,false,6,19.90,6.6333,true,1,452072
7290008345583,false,"סלט איקרה ורודה, 300 גרם דלידג",כלורוקס אוקלנד,IL,איקרה ביתית ורוד 300,גרמים,300.00,100 גרם,false,6,19.90,6.6333,true,1,452073
7290008347211,false,אצבעות דג מצופות נטו,אף.סי תבליני בגליל ב,IL,אצבעות דג 700 גרם,גרמים,700.00,100 גרם,false,1,22.90,3.2714,true,1,452074
7290008409049,false,מיני שניצלונים ושומשום מאמא עוף 500 ג',תנובה גליל שותפות מו,IL,מיני שניצלונים בציפוי שומשום 500 גר,גרמים,500.00,100 גרם,false,1,24.90,4.9800,true,1,468535
7290008409100,false,אצבעות שניצל ציפוי שומשום 700 ג' מאמא עוף,תנובה גליל שותפות מו,IL,אצבעות שניצל ציפוי ש,גרמים,700.00,100 גרם,false,1,31.90,4.5571,true,1,452082
7290008409124,false,מאמא עוף קפוא שניצל ג'ונגל פריך 700 גרם,תנובה גליל שותפות מו,IL,"שניצל ג""ונגל מאמא עו",גרמים,700.00,100 גרם,false,1,31.90,4.5571,true,1,452083
7290008409216,false,מאמא עוף קפוא שניצל דק פריך 700 גרם,תנובה גליל,IL,"שניצל ""מאמא עוף"" דק",גרמים,700.00,100 גרם,false,1,39.90,5.7000,true,1,452085
7290008409315,false,מיני מיני דק שניצלונים בציפוי פריך מאמא עוף 500 ג',תנובה גליל,IL,מיני שניצלונים בציפוי פריך 500 גר,גרמים,500.00,100 גרם,false,1,24.90,4.9800,true,1,468534
7290008409407,false,שניצל דק ציפס מאמא עוף 700 ג',תנובה גליל שותפות מו,IL,שניצל דק בציפוי ציפס,גרמים,700.00,100 גרם,false,1,39.90,5.7000,true,1,452088
7290008409551,false,שניצל עוף אמיתי בציפוי מעודן 700 ג' מאמא עוף,תנובה גליל שותפות מו,IL,שניצל אמיתי מעודן,גרמים,700.00,100 גרם,false,1,39.90,5.7000,true,1,452091
7290008409568,false,שניצל ציפס אמיתי מאמא עוף 700 ג',תנובה גליל שותפות מו,IL,שניצל ציפס אמיתי,גרמים,700.00,100 גרם,false,1,39.90,5.7000,true,1,452092
7290008409582,false,שניצל אמיתי בציפוי ביתי מאמא עוף 700 ג',תנובה גליל שותפות מו,IL,שניצל אמיתי ביתי מאמא עוף 700 גר,גרמים,700.00,100 גרם,false,1,39.90,5.7000,true,1,452094
7290008409605,false,כוכבי עוף מאמא עוף 700 גר',תנובה גליל שותפות מו,IL,כוכבי עוף בציפוי פירורי לחם 700 גר,גרמים,700.00,100 גרם,false,1,31.90,4.5571,true,1,452095
7290008409773,false,קציצות עוף ביתיות מאמא עוף 700 ג',תנובה גליל שותפות מו,IL,קציצות עוף,גרמים,700.00,100 גרם,false,1,31.90,4.5571,true,1,452099
7290008415071,false,חומוס צבר עם טחינה עגול 150ג',צבר,,צבר חומוס עם טחינה 1,גרמים,150.00,100 גרם,false,1,4.90,3.2667,true,1,452109
7290008415514,false,חומוס צבר עם חריף עגול 150ג',סלטי צבר,IL,צבר חומוס עם חריף 15,גרמים,150.00,100 גרם,false,1,4.90,3.2667,true,1,452112
7290008415576,false,צבר חומוס צבר 850גרם,צבר,,חומוס צבר 850גרם,גרמים,850.00,100 גרם,false,1,13.90,1.6353,true,1,452113
7290008443616,false,"מרכך לשיער יבש אדום 750 מ""ל נקה 7",אמיליה קוסמטיקס בעמ,IL,נקה 7 מרכך לשיער יבש,מיליליטרים,750.00,"100 מ""ל",false,1,11.90,1.5867,true,1,452119
7290008443630,false,"נקה 7 - שמפו מתולתל סגול 750 מ""ל",טרופיקל דגיל תעשיות,IL,נקה 7 שמפו לשיער מתו,מיליליטרים,750.00,"100 מ""ל",false,1,11.90,1.5867,true,1,452121
7290008461221,false,סרדין רוברט בשמן חמניות 115 ג',"רמירז, מטוסינוס",PT,"סרדין ""רוברט"" בשמן ח",גרמים,115.00,100 גרם,false,1,7.90,6.8696,true,1,452127
7290008461238,false,סרדין רוברט בשמן חמניות ופלפל חריף 115 ג',"רמירז, מטוסינוס",PT,"סרדין ""רוברט"" בשמן ח",גרמים,115.00,100 גרם,false,1,7.90,6.8696,true,1,452128
7290008461283,false,גבינה טריפל צדר נני,דאוליי צ'סמייקרס,,גבינת טריפל צדר 200 גר,גרמים,200.00,100 גרם,false,1,24.90,12.4500,true,1,491353
7290008462204,false,חרדל דיזון מקורי 380 ג',יוניליבר צרפת,FR,"חרדל ""דיז""ון"" מקורי",גרמים,380.00,100 גרם,false,1,16.90,4.4474,true,1,452130
7290008462259,false,חרדל דיזון חריף מייל,יוניליוור צרפת,FR,"חרדל ""דיז""ון"" גרגרים",גרמים,380.00,100 גרם,false,1,18.90,4.9737,true,1,452131
7290008464024,false,בירה גולדסטאר לא מסונן פחית 500 מל,"טמפו משקאות בע""מ",IL,בירה גולדסטאר לא מסונן פח 500מל,מיליליטרים,500.00,"100 מ""ל",false,1,9.50,1.9000,true,1,473432
7290008464109,false,בירה גולדסטאר לא מסונן מארז 6X330מ:ל,"טמפו משקאות בע""מ",IL,"בירה ""גולדסטאר"" לא מסונן 330 מל",מיליליטרים,330.00,"100 מ""ל",false,1,7.90,2.3939,true,1,470181
7290008464130,false,"בירה גולדסטאר לא מסונן 330X6מ""ל",טמפו,IL,"בירה ""גולדסטאר"" לא מסונן 330 מל שישייה",ליטרים,1.98,ליטר,false,1,39.90,20.1515,true,1,470182
7290008464222,false,"בירה מכבי 7.9% פחית 500 מ""ל","טמפו משקאות בע""מ",IL,"בורה מכבי פח 500 מ""ל",מיליליטרים,500.00,"100 מ""ל",false,1,8.50,1.7000,true,1,479629
7290008464338,false,"בירה מכבי בקבוק ח""פ 330 מ""ל",בירה מכבי,IL,בירה מכבי בקבוק 330,מיליליטרים,330.00,"100 מ""ל",false,1,5.90,1.7879,true,1,452135
7290008464345,false,"בירה גולדסטאר בקבוק 330 מ""ל",טמפו משקאות בע''מ,IL,"בירה גולדסטאר 330 מ""",מיליליטרים,330.00,"100 מ""ל",false,1,6.90,2.0909,true,1,452136
7290008464468,false,"בירה גולדסטאר פחית 500 מ""ל","טמפו משקות בע""מ",IL,בירה גולדסטאר פחית 5,מיליליטרים,500.00,"100 מ""ל",false,1,8.50,1.7000,true,1,452139
7290008464475,false,"בירה מכבי פחית 500 מ""ל","טמפו משקאות בע""מ",IL,בירה מכבי פחית 500 מ,מיליליטרים,500.00,"100 מ""ל",false,1,7.90,1.5800,true,1,452140
7290008464505,false,סאן בנדטו בקבוק פלסטיק 500מל,אקווה מינרלה סאן בנד,IT,"מים סאן בנדטו 500 מ""",מיליליטרים,500.00,"100 מ""ל",false,1,3.90,0.7800,true,1,452141
7290008464604,false,"בירה היינקן פחית 500מ""ל",טמפו משקאות בע''מ,NL,בירה היינקן פחית 500,מיליליטרים,500.00,"100 מ""ל",false,1,9.90,1.9800,true,1,452143
7290008464611,false,"סודה טמפו בקבוק זכוכית 275 מ""ל",טמפו משקאות בעמ,IL,סודה טמפו בק 275 מל,מיליליטרים,275.00,"100 מ""ל",false,24,2.90,1.0545,true,1,516268
7290008464673,false,"בירה גולדסטאר SLOWBREW פחית 10%, 500 מ""ל","טמפו משקאות בע""מ",IL,בירה ויקסה וויטה,מיליליטרים,500.00,"100 מ""ל",false,1,9.50,1.9000,true,1,504009
7290008464697,false,"בירה מכבי 7.9% מארז 330X6 מ""ל",טמפו,,בירה מכבי חזקה 7.9% 330מל שישייה,ליטרים,1.98,ליטר,false,1,35.90,18.1313,true,1,476601
7290008464703,false,"שישיית בירה מכבי 6 *330מ""ל",טמפו,,שישיית מכבי בקבוק 33,ליטרים,1.98,ליטר,false,1,34.90,17.6263,true,1,452144
7290008464734,false,"בירה גולדסטאר SLOW BREW מארז 330X6מ""ל",טמפו משקאות בע''מ,IL,"בירה גולדסטאר סלוב בריו 330 מ""ל שישייה",ליטרים,1.98,ליטר,false,1,42.90,21.6667,true,1,491284
7290008464741,false,"בירה גולדסטאר בק' מארז 330X6מ""ל",קריות זול,IL,שישיית בירה גולדסטאר,ליטרים,1.98,ליטר,false,1,35.90,18.1313,true,1,452147
7290008464796,false,"בירה היינקין ח""פ בקבוק 330X6מ""ל",קריות זול,IL,שישיית בירה היינקן ב,ליטרים,1.98,ליטר,false,1,39.90,20.1515,true,1,452149
7290008482585,false,גלי אינסטנט בטעם משמ,י.כהן,,"אינסטנט ג""לי משמש 85",גרמים,85.00,100 גרם,false,1,5.50,6.4706,true,1,452166
7290008493710,false,פרורי גריסני זהב מאיר בייגל 200 ג',מאיר בייגל,,פירורי גריסני זהב 200גר,גרמים,200.00,100 גרם,false,1,5.90,2.9500,true,1,478927
7290008634533,false,"ספוג+סקוטש עשיריה ""UNISUN""",יוניסן,,ספוג + סקוטש עשירייה,Unknown,0.00,Unknown,false,1,8.90,0.0000,true,1,452194
7290008644112,false,סלט מטבוחה יום יום אחלה 125 ג',"שטראוס גרופ בע""מ",IL,מטבוחה יום יום,גרמים,125.00,100 גרם,false,1,4.90,3.9200,true,1,452206
7290008644235,false,עלי בייבי טעם הטבע 1,שטראוס בריאות ירקות,IL,"עלי בייבי ""שטראוס"" 1",גרמים,120.00,100 גרם,false,8,9.90,8.2500,true,1,452207
7290008644945,false,סלט המושבה שטופים שט,שטראוס בריאות ירקות,IL,"לקט לסלט ""שטראוס"" המ",גרמים,450.00,100 גרם,false,8,11.90,2.6444,true,1,501273
7290008645935,false,חומוס לניגוב אחלה 750 ג',"שטראוס גרופ בע""מ",IL,חומוס אחלה ניגוב 750 גר,גרמים,750.00,100 גרם,false,1,9.90,1.3200,true,1,452213
7290008670005,false,יין רקנאטי גליל עליו,,,יין רקנאטי גליל עליון שרדונה 2017,מיליליטרים,750.00,"100 מ""ל",false,12,55.90,7.4533,true,1,503609
7290008670135,false,ראקנטי סוביניון בלאן,רקנאטי,,יין רקנאטי גליל עליון סוביניון בלאן,מיליליטרים,750.00,"100 מ""ל",false,12,55.90,7.4533,true,1,512083
7290008670302,false,יין רקנאטי רזרב קברנ,רקנאטי,IL,"יין ""רקנאטי רזרב"" קברנה סוביניון 2010",מיליליטרים,750.00,"100 מ""ל",false,1,89.90,11.9867,true,1,470390
7290008670388,false,יין רקנאטי רוזה 2021,רקנאטי,IL,יין רקנאטי רוזה 2021 750 מל,מיליליטרים,750.00,"100 מ""ל",false,1,74.90,9.9867,true,1,525748
7290008670678,false,יין רקנאטי רזרב מרלו,רקנאטי,IL,"יין ""רקנאטי רזרב"" מרלו 2010",מיליליטרים,750.00,"100 מ""ל",false,1,89.90,11.9867,true,1,470389
7290008670876,false,"יין רקנאטי פרנץ בלנד 750 מ""ל",,,יין רקנאטי פרנץ בלנד 2021 750 מל,מיליליטרים,750.00,"100 מ""ל",false,1,74.90,9.9867,true,1,525747
7290008670913,false,רקנאטי גליל עליון קברנה סוביניון,,,יין רקנאטי גליל עליון קברנה סוביניון,מיליליטרים,750.00,"100 מ""ל",false,1,55.90,7.4533,true,1,495888
7290008670920,false,יין רקנאטי גליל עליו,,,"יין רקנאטי גליל עליון מרלו 750 מ""ל",מיליליטרים,750.00,"100 מ""ל",false,1,55.90,7.4533,true,1,496833
7290008670937,false,יין רקנאטי גליל עליו,,,יין רקנאטי גליל עליון שיראז 2017,מיליליטרים,750.00,"100 מ""ל",false,12,55.90,7.4533,true,1,503608
7290008679459,false,כפפות רגישות במיוחד,קריות זול,,כפפות רגישות במיוחד,Unknown,0.00,Unknown,false,1,4.90,0.0000,true,1,452224
7290008679466,false,כפפות הנדי רגישות גדול,קריות זול,,כפפות רגישות במיוחד,Unknown,0.00,Unknown,false,1,4.90,0.0000,true,1,452225
7290008690713,false,פריגת אושן ספריי חמוציות 1ל',מבשלות בירה בינלאומי,IL,פריגת אושן ספריי חמו,ליטרים,1.00,ליטר,false,1,13.90,13.9000,true,1,452240
7290008693134,false,מעדן גבינה ויוגורט בטעם תות 5% שומן 88 ג' דניאלה,"שטראוס בריאות בע""מ",IL,דניאלה תות,גרמים,88.00,100 גרם,false,1,4.10,4.6591,true,1,452241
7290008745239,false,תפוצ'יפס אקסטרא טבעי 50 ג',"שטראוס פריטו ליי בע""",IL,"תפוצ""יפס אקסי טבעי 50גר",גרמים,50.00,100 גרם,false,1,3.90,7.8000,true,1,452251
7290008747547,false,תפוצ'יפס אקסטרא 200גר טבעי,"שטראוס פריטו ליי בע""",IL,"תפוצ""יפס 200 גר""",גרמים,200.00,100 גרם,false,1,10.90,5.4500,true,1,452258
7290008750264,false,גומי מאסט בטעם דובדבן 28 ג' עלית,"שטראוס גרופ בע""מ",IL,מסטיק מאסט בטעם דובדבן 28 גר,גרמים,28.00,100 גרם,false,16,4.50,16.0714,true,1,452265
7290008752244,false,תפוצ'יפס אקסטרא גריל 50 גרם,"שטראוס פריטו ליי בע""",IL,"תפוצ""יפס אקסטרה גריל",גרמים,50.00,100 גרם,false,1,3.90,7.8000,true,1,452270
7290008753111,false,תפוציפס קראנץ מקסיקנ,"שטראוס פריטו ליי בע""",IL,"תפוצ""יפס מקסיקני 50",גרמים,50.00,100 גרם,false,1,3.90,7.8000,true,1,452272
7290008753364,false,דוריטוס גריל עלית 55 ג',שטראוס פריטו ליי בע,IL,"דוריטוס גליל 55 גר""",גרמים,55.00,100 גרם,false,1,3.20,5.8182,true,1,452274
7290008753371,false,דוריטוס נאצו מקסיקני 55ג',STRAUSS-ISRAEL,,דוריטוס נאצו 55 גר,גרמים,55.00,100 גרם,false,48,3.20,5.8182,true,1,452275
7290008753388,false,דוריטוס טבעי עלית 55 ג',שטראוס פריטו ליי בע,IL,"דוריטוס טבעי 55 גר""",גרמים,55.00,100 גרם,false,1,3.20,5.8182,true,1,452276
7290008754040,false,ממרח פרה שוקולד 850 גר - מגדים,STRAUSS-ISRAEL,IL,"ממרח שוקולד ""פרה"" מג",גרמים,850.00,100 גרם,false,1,14.90,1.7529,true,1,452281
7290008754415,false,גומי מאסט בטעם ספירמינט עדין פליפטופ 28 ג' עלית,"שטראוס גרופ בע""מ",IL,מסטיק מאסט ספירמינט עדין 28 גר,גרמים,28.00,100 גרם,false,16,4.50,16.0714,true,1,452283
7290008754422,false,גומי מאסט בטעם פפרמינט קלאסי פליפטופ 28 ג' עלית,"שטראוס גרופ בע""מ",IL,מסטיק מאסט מנטה קלאסי 28 גר,גרמים,28.00,100 גרם,false,16,4.50,16.0714,true,1,452284
7290008757010,false,"שוויפס ביטר למון 250 מ""ל",יפאורה תבורי בעמ,IL,שוופס ביטר למון 250,מיליליטרים,250.00,"100 מ""ל",false,1,5.90,2.3600,true,1,516688
7290008757980,false,נקטר ספרינג רימונים קרטונית 1 ל',"יפאורה תבורי בע""מ",IL,ספרינג רימונים 1 ליט,מיליליטרים,1000.00,"100 מ""ל",false,1,6.90,0.6900,true,1,452296
7290008775816,false,ערגליות שוקו חדש12*300גרם 2020,מיוצר עי קונדיטוריית,IL,ערגליות שוקו 300 גר,גרמים,300.00,100 גרם,false,12,9.90,3.3000,true,1,452300
7290008775823,false,ערגליות תות חדש12*300גרם 2020,מיוצר עי קונדיטוריית,IL,ערגליות תות שדה 300,גרמים,300.00,100 גרם,false,12,9.90,3.3000,true,1,452301
7290008776400,false,צוריסוס עגל 500 גר,,,צוריסוס עגל 500 גר,גרמים,500.00,100 גרם,false,1,29.90,5.9800,true,1,518617
7290008792264,false,מפיות טישיו טאצ' 100יח',"שניב תעשיות נייר בע""",,"מפיות ""טאצ"""" 100 יח""",Unknown,0.00,Unknown,false,1,5.90,0.0000,true,1,452311
7290008801010,false,"יין קברנה סוביניון מרלו פרייוט קולקשן 750 מ""ל",אגודת הכורמים הקאופו,IL,יין קברנה/מרלו אדום,מיליליטרים,750.00,"100 מ""ל",false,1,39.90,5.3200,true,1,452312
7290008801119,false,סלקטד סוביניון בלאן כרמל 750 מל,אגודת הכורמים הקואופ,IL,סוביניון בלאן לבן יבש,מיליליטרים,750.00,"100 מ""ל",false,1,29.90,3.9867,true,1,452313
7290008801157,false,מרלו סלקטד כרמל מזרחי 750 מל,קריות זול,IL,יין מרלו אדום יבש 75,מיליליטרים,750.00,"100 מ""ל",false,1,29.90,3.9867,true,1,452314
7290008801843,false,"יין סלקטד קברנה סובניון 750מ""ל","כד בני דרום בע""מ",IL,יין קברנה סוביניון סלקטד 750 מל,מיליליטרים,750.00,"100 מ""ל",false,1,29.90,3.9867,true,1,452324
7290008801850,false,"יין סלקטד אמרלד ריזלינג 750מ""ל",אגודת הכורמים הקואופ,IL,אמרלד ריזלינג לבן חצ,מיליליטרים,750.00,"100 מ""ל",false,1,29.90,3.9867,true,1,452325
7290008802291,false,"יין מרלו פרייוט קולקשן 750 מ""ל",אגודת הכורמים הקואופ,IL,יין מרלו אדום יבש 75,מיליליטרים,750.00,"100 מ""ל",false,1,39.90,5.3200,true,1,452326
7290008802895,false,יין קברנה סוביניון פרייוט קולקשן,אגודת הכורמים הקאופו,IL,יין קברנה סובניון אד,מיליליטרים,750.00,"100 מ""ל",false,1,39.90,5.3200,true,1,452329
7290008803090,false,"יין מרלו קולקשיין הסדרה האזורית כרמל 750 מ""ל",אגודת הכורמים הקואופ,IL,"יין אדום יבש מרלו ""ג",מיליליטרים,750.00,"100 מ""ל",false,1,59.90,7.9867,true,1,452332
7290008804332,false,שיראז אדום יבש פריווט קולקשיין 750מל,אגודת הכורמים הקואופ,IL,יין שיראז אדום יבש 7,מיליליטרים,750.00,"100 מ""ל",false,1,39.90,5.3200,true,1,452340
7290008804745,false,יין האזורית גוורצטרמ,אגודת הכורמים הקואופ,IL,יין לבן חצי יבש גוור,מיליליטרים,750.00,"100 מ""ל",false,1,59.90,7.9867,true,1,452353
7290008805049,false,סלקטד זינפנדל כרמל מזרחי 750 מל,"כד בני דרום בע""מ",IL,יין זינפנדל סמוק חצי,מיליליטרים,750.00,"100 מ""ל",false,1,29.90,3.9867,true,1,452357
7290008805384,false,"יין סלקטד מוסקטו 750מ""ל",אגודת הכורמים הקואופ,IL,"מוסקטו לבן 750 מ""ל",מיליליטרים,750.00,"100 מ""ל",false,1,29.90,3.9867,true,1,452358
7290008805520,false,"יין סלקטד קברנה מרלו 750מ""ל","כד בני דרום בע""מ",IL,יין קברנה מרלו אדום,מיליליטרים,750.00,"100 מ""ל",false,1,29.90,3.9867,true,1,452359
7290008806961,false,גלידה שוקולד שבבי שוקולד פרה 1.33 ל' קרמיסימו,"גלידת שטראוס בע""מ, ר",IL,קרמיסימו פרה (שוקולד,ליטרים,1.33,ליטר,false,1,18.90,14.2105,true,1,452369
7290008806985,false,נישנושים גלידה שוקו וניל בציפוי שוקולד 60 יח' קרמיסימו,שטראוס גלידות,IL,נשנושים שוקו וניל 60,גרמים,630.00,100 גרם,false,1,44.90,7.1270,true,1,452370
7290008841016,false,פפריקה מתוקה קטן 100 ג' זארובי,,,"פפריקה מתוקה 100 גר""",גרמים,100.00,100 גרם,false,1,9.90,9.9000,true,1,452416
7290008841030,false,פלפל שחור טחון 100 ג' זארובי,,,פלפל שחור טחון 100 ג,גרמים,100.00,100 גרם,false,1,9.90,9.9000,true,1,452418
7290008841047,false,כמון טחון קטן 100 ג' זארובי,,,"כמון טחון 100 ג""ר",גרמים,100.00,100 גרם,false,1,9.90,9.9000,true,1,452419
7290008841061,false,כוסברה טחונה 80 ג' זארובי,,,"כוסברה טחונה 80 ג""ר",גרמים,80.00,100 גרם,false,1,9.90,12.3750,true,1,452421
7290008841085,false,פלפל לבן טחון 90 ג' זארובי,,,פלפל לבן טחון 120 גר,גרמים,90.00,100 גרם,false,1,9.90,11.0000,true,1,452423
7290008841108,false,זעתר ביתי 80 גר,,,"זעתר ביתי 80 גר""",גרמים,80.00,100 גרם,false,1,9.90,12.3750,true,1,452425
7290008841115,false,כורכום טחון קטן 100 ג' זארובי,,,"כורכום טחון 100 גר""",גרמים,100.00,100 גרם,false,1,9.90,9.9000,true,1,452426
7290008841122,false,סומק 110 ג' זארובי,,,"סומק 110 ג""ר",גרמים,110.00,100 גרם,false,1,9.90,9.0000,true,1,452427
7290008841153,false,אגוז מוסקט טחון /שלם 100 ג' זארובי,,,"מוסקט טחון 100 ג""ר",גרמים,100.00,100 גרם,false,1,17.90,17.9000,true,1,452430
7290008841177,false,פלפל אנגלי שלם 80 ג' זארובי,,,"פלפל אנגלי שלם 80 ג""",גרמים,80.00,100 גרם,false,1,9.90,12.3750,true,1,452432
7290008841191,false,שום גבישי 130 ג' זארובי,,,"שום גבישי 130 גר""",גרמים,130.00,100 גרם,false,1,9.90,7.6154,true,1,452434
7290008841221,false,ציפורן שלם במטחנה זכוכית 40 ג' זארובי,,,ציפורן שלם ב מטחנה 40 גר,גרמים,40.00,100 גרם,false,1,9.90,24.7500,true,1,452436
7290008841252,false,תבלין לשווארמה 110 ג' זארובי,,,תבלין לשווארמה 110 ג,גרמים,110.00,100 גרם,false,1,9.90,9.0000,true,1,452438
7290008841269,false,תבלין לסטייק 100 ג' זארובי,,,"תבלין לסטייק 100 גר""",גרמים,100.00,100 גרם,false,1,9.90,9.9000,true,1,452439
7290008841276,false,תבלין על האש 90 ג' זארובי,,,"תבלין על האש 90 ג""ר",גרמים,90.00,100 גרם,false,1,9.90,11.0000,true,1,452440
7290008841337,false,תבלין לדג 100 ג' זארובי,,,"תבלין לדג 100 גר""",גרמים,100.00,100 גרם,false,1,9.90,9.9000,true,1,452445
7290008841344,false,חוואיג` למרק 110 ג' זארובי,,,"חוואיג"" למרק 110 גר""",גרמים,110.00,100 גרם,false,1,9.90,9.0000,true,1,452446
7290008841412,false,זנגוויל מיובש 200 גר,,,זנגוויל מיובש 200 גר,גרמים,200.00,100 גרם,false,1,14.90,7.4500,true,1,452453
7290008841672,false,בננה ציפס 130 גר,,,"בננה צ""יפס 130 ג""ר",גרמים,130.00,100 גרם,false,1,8.90,6.8462,true,1,452458
7290008841788,false,קינמון מקלות 60 גר,,,"קינמון מקלות 60 ג""ר",גרמים,60.00,100 גרם,false,1,9.90,16.5000,true,1,452461
7290008841818,false,פלפל שחור גרוס 100 ג' זארובי,,,פלפל שחור גרוס 100 ג,גרמים,100.00,100 גרם,false,1,9.90,9.9000,true,1,452463
7290008841887,false,קשיו קלוי קופסא 180,,,קשיו קלוי קופסא 180 גר,גרמים,180.00,100 גרם,false,1,14.90,8.2778,true,1,521639
7290008841894,false,אגוז מלך 250 גר,,,אגוז מלך 250 גר,גרמים,250.00,100 גרם,false,1,19.90,7.9600,true,1,523704
7290008841900,false,שזיף מגולען 200 גר,,,שזיף מגולען 200 גרם,גרמים,200.00,100 גרם,false,1,14.90,7.4500,true,1,452467
7290008863001,false,עוגת גינגי בציפוי פי,קונדיטוריה וולפסון,,עוגת גינגי בציפוי פירורים 450 גר 450 גר,גרמים,450.00,100 גרם,false,1,39.90,8.8667,true,1,452473
7290008863049,false,עוגת אריסטוקרט 800גר,קונדיטוריה וולפסון,,עוגת אריסטוקרט 800 גר,גרמים,800.00,100 גרם,false,1,79.90,9.9875,true,1,452475
7290008863063,false,עוגיות עם ריבת חלב(א,קונדיטוריה וולפסון,,עוגת ריבת חלב 600 גר,גרמים,600.00,100 גרם,false,1,46.90,7.8167,true,1,452476
7290008863070,false,אקלרים 350 גר,קונדיטוריה וולפסון,,אקלרים 350 גר,גרמים,350.00,100 גרם,false,1,31.90,9.1143,true,1,453882
7290008863087,false,נשיקות 130 גר,קונדיטוריה וולפסון,,נשיקות 130 גר,גרמים,130.00,100 גרם,false,1,19.90,15.3077,true,1,452477
7290008863100,false,עוגת פראג 600 גר,קונדיטוריה וולפסון,,עוגת פראג 600 גר,גרמים,600.00,100 גרם,false,1,59.90,9.9833,true,1,452478
7290008863117,false,עוגת אריסטוקרט 380גר,קונדיטוריה וולפסון,,עוגת וולפסון 500 גר,גרמים,380.00,100 גרם,false,1,39.90,10.5000,true,1,452479
7290008863179,false,עוגת אריסטוקרט 600גר,קונדיטוריה וולפסון,,עוגת וולפסון 600 גר,גרמים,600.00,100 גרם,false,1,64.90,10.8167,true,1,452482
7290008909761,false,"קרלסברג בקבוק יחיד 330מ""ל",מבשלות בירה בינלאומי,IL,"בירה ""קרלסברג"" 0.33",מיליליטרים,330.00,"100 מ""ל",false,1,7.90,2.3939,true,1,452516
7290008909884,false,"קוקה קולה זירו 350 מ""ל בקבוק זכוכית",החברה המרכזית לייצור,IL,קולה זירו זכוכית 350,מיליליטרים,350.00,"100 מ""ל",false,1,5.90,1.6857,true,1,490467
7290008921077,false,"יין מלבק 750מ""ל",קריות זול,,"יין מלבק 750 מ""ל",מיליליטרים,750.00,"100 מ""ל",false,12,44.90,5.9867,true,1,510373
7290008921084,false,יין רובי קברנה 750 מ,תשבי,,יין רובי קברנה 750 מל,מיליליטרים,750.00,"100 מ""ל",false,1,44.90,5.9867,true,1,517744
7290008921121,false,יין סוביניון בלאן תש,יקבי הבארון – תשבי,IL,"יין סוביניון בלאן תשבי 750 מ""ל",מיליליטרים,750.00,"100 מ""ל",false,1,44.90,5.9867,true,1,504829
7290008921169,false,יין תשבי קברנה סובינ,"יקבי הבארון בע""מ",,יין אדום יבש קברנה ס,מיליליטרים,750.00,"100 מ""ל",false,1,44.90,5.9867,true,1,452524
7290008921176,false,יין תשבי ויניארדס מר,"יקבי הבארון בע""מ",,מרלו אדום יבש,מיליליטרים,750.00,"100 מ""ל",false,1,44.90,5.9867,true,1,452525
7290008921213,false,יין תשבי אסטייט ויונ,יקבי תישבי,IL,"יין ""ויוניה"" לבן 0.75 ל",מיליליטרים,750.00,"100 מ""ל",false,1,54.90,7.3200,true,1,452528
7290008921251,false,קברנה פרנק תישבי 750,יושלם,,יין קברנה פרנק 750מל,מיליליטרים,750.00,"100 מ""ל",false,1,44.90,5.9867,true,1,475409
7290008921268,false,יין תשבי אסטייט קברנ,יקבי הבארון – תשבי,,יין סינגל אסטייט קברנה פרנק 750 מל,מיליליטרים,750.00,"100 מ""ל",false,1,129.90,17.3200,true,1,528648
7290008921275,false,יין תישבי שיראז יבש,יושלם,,"יין ""שיראז"" יבש 0.75ל",מיליליטרים,750.00,"100 מ""ל",false,1,44.90,5.9867,true,1,452530
7290008921299,false,יין תישבי פטיט ורדו,,,יין תישבי פטיט ורוד 750מל,מיליליטרים,750.00,"100 מ""ל",false,1,44.90,5.9867,true,1,478671
7290008921312,false,יין תשבי אסטייט קברנ,יקבי הבארון – תשבי,,קברנה סוביניון אסטייט,מיליליטרים,750.00,"100 מ""ל",false,1,79.90,10.6533,true,1,452531
7290008921329,false,יין מרלו אסטייט 750,יקבי הבארון – תשבי,,יין מרלו אסטייט 0.75 ל,מיליליטרים,750.00,"100 מ""ל",false,1,79.90,10.6533,true,1,452532
7290008921336,false,יין תישבי אסטייט שרד,"יקבי הבארון בע""מ",,תשבי אסטייט שרדונה 2,מיליליטרים,750.00,"100 מ""ל",false,1,54.90,7.3200,true,1,452533
7290008921541,false,יין אסטייט קברנה מרל,,,יין אסטייט קברנה מרלו 0.75 ל,מיליליטרים,750.00,"100 מ""ל",false,1,79.90,10.6533,true,1,480864
7290008921558,false,יין מלבק אסטייט 750,תשבי,,יין מלבק אסטייט 750 מל,מיליליטרים,750.00,"100 מ""ל",false,1,79.90,10.6533,true,1,517743
7290008921602,false,יין פטיט ורדו 2015 א,,,"יין פטיט ורדו 2015 אסטייט 750 מ""ל",מיליליטרים,750.00,"100 מ""ל",false,1,79.90,10.6533,true,1,510309
7290008921633,false,יין תישבי אסטייט פינ,יקבי הבארון,IL,יין פרנץ קולומברד בצ,מיליליטרים,750.00,"100 מ""ל",false,1,54.90,7.3200,true,1,507687
7290008921688,false,יין סינגל אסטייט פטי,תשבי,,יין סינגל אסטייט פטיט סירה 750 מל,מיליליטרים,750.00,"100 מ""ל",false,1,129.90,17.3200,true,1,528649
7290008921718,false,יין תישבי גוורצטרמינ,יושלם,,יין תישבי אסטייט גוורצטרמינר 750 מל,מיליליטרים,750.00,"100 מ""ל",false,1,54.90,7.3200,true,1,466716
7290008921732,false,יין תישבי אסטייט רוז,יקבי תישבי,IL,יין תישבי אסטייט רוזה 750 מל,מיליליטרים,750.00,"100 מ""ל",false,1,54.90,7.3200,true,1,525848
7290008940214,false,גבינת צדר אנגלי כתום,,,גבינת צדר אנגלי כתום 200 גר,גרמים,200.00,100 גרם,false,1,17.90,8.9500,true,1,524897
7290008940221,false,גבינת צדר אנגלי לבן,,,גבינת צדר אנגלי לבן 200 גר,גרמים,200.00,100 גרם,false,1,17.90,8.9500,true,1,524898
7290008961110,false,בשר בקר במיץ טבעי 40,פרוטרי,,בשר בקר במיץ טבעי 40,גרמים,400.00,100 גרם,false,1,21.90,5.4750,true,1,452538
7290008961127,false,טושונקה רוסי 400 גר,גוד פוד ג'.א'.ג'י. ב,,טושונקה רוסי 400גר,גרמים,400.00,100 גרם,false,1,21.90,5.4750,true,1,453884
7290008961134,false,קונפיטורה תות שדה 1.,,UA,לשון בקר פיטריות,קילוגרמים,1.25,"ק""ג",false,1,37.90,30.3200,true,1,500211
7290008961141,false,קונפיטורה משמש 1.25,,UA,טושונקה חזיר,קילוגרמים,1.25,"ק""ג",false,1,37.90,30.3200,true,1,500212
7290008961158,false,קונפיטורה דובדבן 1.2,,,טושונקה עם אפונה,קילוגרמים,1.25,"ק""ג",false,1,37.90,30.3200,true,1,500213
7290008961165,false,קונפיטוקה דובדבנים ל,,UA,טושונקה עם שעועי,קילוגרמים,1.25,"ק""ג",false,1,37.90,30.3200,true,1,500210
7290008961172,false,קונפיטורה דובדבנים מ,,UA,"קונפיטורה דובדבנים מתוקים 1.25 ק""ג",קילוגרמים,1.25,"ק""ג",false,1,37.90,30.3200,true,1,500216
7290008961189,false,טושונקה רוסי פיקנטי,גוד פוד ג'.א'.ג'י. ב,,טושונקה רוסי פיקנטי,גרמים,400.00,100 גרם,false,1,21.90,5.4750,true,1,453885
7290008961271,false,בשר בקר עם כוסמת 400,פרוטרי,,בשר בקר עם כוסמת,גרמים,400.00,100 גרם,false,1,19.90,4.9750,true,1,452539
7290008961370,false,עגבניות מוחמצות פוסו,,,עגבניות מוחמצות פוסולסקי דבור 650 גר,גרמים,650.00,100 גרם,false,1,8.90,1.3692,true,1,520531
7290008961479,false,ריבת שזיפים פוסולסקי,,UA,ענבים במיץ טבעי ללא,קילוגרמים,1.25,"ק""ג",false,1,37.90,30.3200,true,1,507889
7290008961486,false,ריבה קרנית דובדבן פו,פרוטרי,UA,"חלב ממותק 400 ג""ר",קילוגרמים,1.25,"ק""ג",false,1,37.90,30.3200,true,1,452542
7290008961493,false,ריבה אוכמניות שחורות,,UA,סגושונקה ריבת חלב 70,קילוגרמים,1.25,"ק""ג",false,1,37.90,30.3200,true,1,507890
7290008961561,false,קוואקר 500 גר,פרוטרי,,"קוואקר 500 ג""ר",גרמים,500.00,100 גרם,false,1,7.90,1.5800,true,1,452544
7290008961585,false,כוסמת פוסולסקי דבור,סנקי,,כוסמת פוסולסקי דבור 800 גר,גרמים,800.00,100 גרם,false,1,12.90,1.6125,true,1,480679
7290008975780,false,מזון לכלבים מגזע קטן,קריות זול,FR,"בונזו בשר 3 ק""ג",קילוגרמים,3.00,"ק""ג",false,1,49.90,16.6333,true,1,452569
7290010018062,false,טושונקה בקר במיץ טבע,,,טושונקה בקר במיץ טבעי 400 גר,גרמים,400.00,100 גרם,false,1,19.90,4.9750,true,1,472978
7290010018239,false,טושונקה עם כוסמת 400,,,טושונקה עם כוסמת 400 גר,גרמים,400.00,100 גרם,false,1,18.90,4.7250,true,1,500052
7290010018543,false,טושונקה בטעם כפרי 40,,,טושונקה בטעם כפרי 400 גר,גרמים,400.00,100 גרם,false,1,19.90,4.9750,true,1,452682
7290010023141,false,תה לימונענע הגן הקסום 25 שיקיקים,קריות זול,IL,"""הגן הקסום"" לימון נע",גרמים,55.00,100 גרם,false,1,17.90,32.5455,true,1,452685
7290010051502,false,פטרוזיליה ארוזה,,,פטרוזיליה ארוזה,Unknown,0.00,Unknown,false,1,4.90,0.0000,true,1,491124
7290010051519,false,כוסברה ארוזה,,,כוסברה ארוזה,Unknown,0.00,Unknown,false,1,4.90,0.0000,true,1,491122
7290010051526,false,שמיר ארוז,,,שמיר ארוז,Unknown,0.00,Unknown,false,1,4.90,0.0000,true,1,491125
7290010051533,false,נענע ארוזה,,,נענע ארוזה,Unknown,0.00,Unknown,false,1,4.90,0.0000,true,1,491123
7290010051540,false,סלרי עלים,,,סלרי עלים,Unknown,0.00,Unknown,false,1,5.90,0.0000,true,1,491127
7290010051557,false,בצל ירוק,,,בצל ירוק,Unknown,0.00,Unknown,false,1,4.90,0.0000,true,1,491126
7290010051571,false,סלרי ראש,,,סלרי ראש,Unknown,0.00,Unknown,false,1,4.90,0.0000,true,1,491128
7290010051595,false,חסה לבבות קיסר,,,חסה לבבות קיסר,Unknown,0.00,Unknown,false,1,8.90,0.0000,true,1,491142
7290010065271,false,פרינוק - מחית תפוחי עץ 130 גרם,פרינוק,CZ,"""פרינוק"" מחית תפוח ע",גרמים,130.00,100 גרם,false,1,4.90,3.7692,true,1,452714
7290010065301,false,פרינוק - מחית סלט פירות 130 גרם,פרינוק,CZ,"""פרינוק"" מחית סלט פי",גרמים,130.00,100 גרם,false,1,4.90,3.7692,true,1,452717
7290010065332,false,פרינוק - ג'וניור פתוחי עץ ובננה 190 גרם,פרינוק,CZ,"""פרינוק"" ג""וניור מחי",גרמים,190.00,100 גרם,false,1,5.90,3.1053,true,1,452720
7290010065349,false,פרינוק גרבר גוניור סלט פירות 190 גר',כלורוקס אוקלנד,CZ,"""פרינוק"" ג""וניור מחי",גרמים,190.00,100 גרם,false,1,5.90,3.1053,true,1,452721
7290010116980,false,אבקת שוקולית שקית עלית 850 ג',הנסיך- מפעל לייצור ט,IL,שוקולית 850 גר,גרמים,850.00,100 גרם,false,1,17.90,2.1059,true,1,452745
7290010117857,false,דוריטוס חריף אש 55 ג' עלית,STRAUSS-ISRAEL,,דוריטוס חריף אש 55 ג,גרמים,55.00,100 גרם,false,1,3.20,5.8182,true,1,452747
7290010119950,false,דוריטוס חמוץ חריף עלית 55ג',שטראוס גרופ,,דוריטוס חמוץ חריף 55,גרמים,55.00,100 גרם,false,1,3.20,5.8182,true,1,452755
7290010124107,false,סטייקבורגר זהב 400 גר',,,סטייק בורגר 400 גר,גרמים,400.00,100 גרם,false,,19.90,4.9750,true,1,505659
7290010124190,false,שניצל בקר מלינסה 250 ג' אל מטאדור,,,שניצל בקר מלינסה 250 גר,גרמים,250.00,100 גרם,false,,14.90,5.9600,true,1,505661
7290010124213,false,סינטה בקר דק דק אל מטאדור 250 ג',בלאדי,IL,סינטה בקר דק דק 250 גר,גרמים,250.00,100 גרם,false,,19.90,7.9600,true,1,505660
7290010124503,false,שומן כבש מעובד ארוז בלדי 200גר,,,שומן כבש 200 גר,גרמים,200.00,100 גרם,false,1,12.90,6.4500,true,1,467269
7290010154005,false,סחוג תימני ירוק 250 ביטון,תבליני ביטון יוחאי,IL,סחוג תימני 250 גר,גרמים,250.00,100 גרם,false,1,13.90,5.5600,true,1,452788
7290010154012,false,לימון בלאדי - סלט לימון כבוש,תבליני ביטון יוחאי,IL,"""לימון כבוש"" 250 ג""ר",גרמים,250.00,100 גרם,false,1,13.90,5.5600,true,1,452789
7290010154678,false,אריסה מרוקאית ביטון 250 ג' ביטון,תבליני ביטון יוחאי,IL,אריסה מרוקאית 250 גר,גרמים,250.00,100 גרם,false,1,13.90,5.5600,true,1,499469
7290010154685,false,סלט שום כתוש 250 ג' ביטון יוחאי,תבליני ביטון יוחאי,IL,שום כתוש 250 גר,גרמים,250.00,100 גרם,false,1,13.90,5.5600,true,1,499470
7290010173037,false,יין בר הרי גליל רוזה,יקב הרי גליל,,"יין ""יקבי הרי הגליל""",מיליליטרים,750.00,"100 מ""ל",false,1,34.90,4.6533,true,1,472072
7290010173181,false,יין הר גליל אלה אירו,יקב הרי גליל,IL,"יין גליל אלה 750 מ""ל",מיליליטרים,750.00,"100 מ""ל",false,1,54.90,7.3200,true,1,469618
7290010195268,false,פופקורן למיקרו בטעם טבעי מופחת שומן,פופ סטאר,US,פופקורן פופסטאר טבעי מופחת שומן 425 גר,גרמים,425.00,100 גרם,false,1,12.90,3.0353,true,1,452829
7290010237531,false,"פפסי קולה פלסטיק 500 מ""ל","טמפו משקאות בע""ם.",IL,פפסי קולה 0.5 ליטר,מיליליטרים,500.00,"100 מ""ל",false,1,3.90,0.7800,true,1,452843
7290010237548,false,פפסי מקס בקבוק 500 מ``ל,טמפו משקאות בעמ,IL,פפסי מקס 0.5 ליטר,מיליליטרים,500.00,"100 מ""ל",false,1,3.90,0.7800,true,1,452844
7290010237562,false,מירינדה פלסטיק 500מל,"טמפו משקאות בע""מ",IL,מירינדה 0.5 ליטר,מיליליטרים,500.00,"100 מ""ל",false,1,3.90,0.7800,true,1,452845
7290010237586,false,סבן אפ דיאט פלסטיק 500מל,"טמפו משקאות בע""מ",IL,סבן אפ דיאט 0.5 ליטר,מיליליטרים,500.00,"100 מ""ל",false,1,3.90,0.7800,true,1,452847
7290010237685,false,"הייניקן בירה צואר ארוך 330מ""ל",טמפו משקאות בע''מ,IL,בירה הייניקן 330מל צ,מיליליטרים,330.00,"100 מ""ל",false,1,8.90,2.6970,true,1,452851
7290010237784,false,בירה שנדי בתוספת משקה לימון ליים - שישייה,"טמפו משקאות בע""מ",IL,מכבי שנדי שישייה בקב,ליטרים,1.98,ליטר,false,1,33.90,17.1212,true,1,452855
7290010237890,false,"בירה הייניקן בקבוק 500 מ""ל חוזר",טמפו משקאות בע''מ,IL,בירה היינקן בקבוק חו,מיליליטרים,500.00,"100 מ""ל",false,1,8.90,1.7800,true,1,452860
7290010259359,false,וילי פוד נודלס אטר.ביצים להקפצה בדץ 200ג,פוג'יאן לונגהאי אנלי,TH,איטריות להקפצה נודלס,גרמים,200.00,100 גרם,false,1,4.90,2.4500,true,1,452870
7290010259366,false,וילי פוד נודלס אטר.ביצים מסולסל בדץ 200ג,פוג'יאן לונגהאי אנלי,TH,אטריות להקפצה מסולסל,גרמים,200.00,100 גרם,false,1,4.90,2.4500,true,1,452871
7290010259823,false,מנת השף מרק עם נודלס טעם עוף בדץ 70ג,נמצ'או(תאילנד) בעמ,TH,מנת השף מרק עם נודלס,גרמים,70.00,100 גרם,false,1,4.90,7.0000,true,1,452874
7290010259861,false,מנת השף מרק עם נודלס בטעם ירקות בדץ 70ג,קריות זול,TH,מנת השף מרק עם נודלס,גרמים,70.00,100 גרם,false,1,4.90,7.0000,true,1,452878
7290010259977,false,שמן קנולה ויליפוד 1ליטר,וילי פוד,PL,שמן קנולה 1ל,ליטרים,1.00,ליטר,false,1,10.90,10.9000,true,1,452883
7290010259991,false,וילי פוד צנימים בדץ 250ג,קריות זול,PT,צנימים 250גר,גרמים,250.00,100 גרם,false,1,8.90,3.5600,true,1,452884
7290010278916,false,שקית מודפס 10 יח,גמר,,שקית מודפס 10 יח,Unknown,0.00,Unknown,false,1,9.90,0.0000,true,1,488585
7290010300075,false,שמרים נמסים בקופסה 3,ר.ס.,,שמרים נמסים בקופסה 33 גר,גרמים,33.00,100 גרם,false,1,6.90,20.9091,true,1,466785
7290010300211,false,מפת דובדבן ניילון 24 מטר,אשפלסט,,מפת דובדבן ניילון 24,Unknown,0.00,Unknown,false,1,19.90,0.0000,true,1,452909
7290010300389,false,כרית יפניות עבות חמישייה אלפא,שלמה חביב,,"כריות יפניות ""אלפא""",Unknown,0.00,Unknown,false,1,9.90,0.0000,true,1,452916
7290010300501,false,"סוכר חום דמררה נאמן 1 ק""ג",ר.ס.,,"סוכר חום 1ק""""ג שקית",קילוגרמים,1.00,"ק""ג",false,1,10.90,10.9000,true,1,452918
7290010300518,false,נאמן שבולת שועל שקית 500ג,ר.ס.,,קוואקר שיבולת שועל בשקית 500 גר,גרמים,500.00,100 גרם,false,1,9.90,1.9800,true,1,452919
7290010300532,false,חומץ 5% 1 ל,הילל תעשיות,,חומץ 5%,מיליליטרים,1000.00,"100 מ""ל",false,1,4.90,0.4900,true,1,452921
7290010300549,false,מיץ לימון משומר 1 ל,הילל תעשיות,,מיץ לימון משומר 1ל,מיליליטרים,1000.00,"100 מ""ל",false,1,5.90,0.5900,true,1,452922
7290010300563,false,שקיות צליה 10 יח',oylum,,"שקיות צליה 10 יח""",Unknown,0.00,Unknown,false,1,5.90,0.0000,true,1,452924
7290010300570,false,קוקוס טחון 200 גר,ר.ס.,,"קוקוס טחון 200 ג""ר",גרמים,200.00,100 גרם,false,1,8.90,4.4500,true,1,452925
7290010300587,false,שומשום אלפרדו 200ג,ר.ס.,,"שומשום 200 ג""ר",גרמים,200.00,100 גרם,false,1,8.90,4.4500,true,1,452926
7290010300594,false,גלטין טהור 28ג נאמן,ר.ס.,,"ג""לטין בקופסה",גרמים,24.00,100 גרם,false,1,11.90,49.5833,true,1,452927
7290010300662,false,מיכל שקדי מרק 400 גר,"חטיפים מן הטבע בע""""מ",,מיכל שקדי מרק 400 גר,גרמים,400.00,100 גרם,false,1,12.90,3.2250,true,1,480431
7290010300778,false,"סבון נוזלי לגוף אלפא מארז 500X3מ""ל",,,"סבון נוזלי ""חלומית""",Unknown,0.00,Unknown,false,1,16.90,0.0000,true,1,452932
7290010300921,false,סוכר דמררה ארומטי צנ,SUGRAIN,TH,סוכר דמררה ארומטי צנצנת 1 קג,קילוגרמים,1.00,"ק""ג",false,12,12.90,12.9000,true,1,504222
7290010367009,false,שמנת חמוצה 15% 500 ג,,,"שמנת גביע 0.5 ק""ג",גרמים,500.00,100 גרם,false,1,12.90,2.5800,true,1,452967
7290010417162,false,יין גמלא ריזלינג לבן,יקב רמת הגולן,,"יין ""גמלא"" ריזלינג ל",מיליליטרים,750.00,"100 מ""ל",false,1,54.90,7.3200,true,1,452979
7290010429684,false,מארז 2 דבשים מפרחי בר 350 גרם *2,שטראוס גרופ,,שרינק 2 דבש 350 ג,גרמים,700.00,100 גרם,false,1,29.90,4.2714,true,1,452989
7290010471669,false,יוגורט תות עם קורנפלקס מצופה שוקולד ללא גלוטן 3.9%,"שטראוס בריאות בע""מ",IL,דנונה בר תות קורנפלק,גרמים,175.00,100 גרם,false,1,4.50,2.5714,true,1,452992
7290010472307,false,מארז 8 יחידות משקה גמדים בטעם תות בננה,מיוצר עי קונדיטוריית,IL,גמדים לשתיה תות בננה,מיליליטרים,800.00,"100 מ""ל",false,1,19.90,2.4875,true,1,452997
7290010472390,false,מארז 8 יחידות מעדן דני בטעם שוקולד 1.5%,מיוצר עי קונדיטוריית,IL,מארז 8 דני שוקולד,ליטרים,1.00,ליטר,false,1,15.90,15.9000,true,1,452999
7290010513703,false,צ'ופסטיקס צפצפה - 20 יחידות,גולין פנגזו,CN,"מקלות צ""ופסטיק חד פעמיות 20 יח",Unknown,0.00,Unknown,false,1,6.90,0.0000,true,1,453035
7290010513727,false,פנקו פרורי לחם 200 גרם (קינגדאו),קינגדאו גוניון פודס,CN,פנקו-פרורי לחם וומטר,גרמים,200.00,100 גרם,false,1,8.90,4.4500,true,1,470729
7290010548514,false,עשבי תיבול לבישול איטלקי,עיצובים 2020 (3.8),IL,עשבי תיבול לבישול אי,גרמים,70.00,100 גרם,false,1,9.90,14.1429,true,1,453046
7290010562565,false,משמש אוזבקי 400 גר,,,משמש אוזבקי 400 גר,גרמים,400.00,100 גרם,false,1,39.90,9.9750,true,1,525642
7290010589012,false,עוגות וופל במילוי קר,,,עוגות וופל במילוי קרם 315 גר,גרמים,315.00,100 גרם,false,1,29.90,9.4921,true,1,453058
7290010589036,false,עוגות וופל במילוי קר,,,עוגות וופל במילוי קרם 315 גר,גרמים,315.00,100 גרם,false,1,29.90,9.4921,true,1,453060
7290010589043,false,עוגות וופל במילוי קר,,,עוגות וופל במילוי קרם 315 גר,גרמים,315.00,100 גרם,false,1,29.90,9.4921,true,1,453061
7290010589227,false,כדורי וופל בקרם שוקו,,,כדורי וופל בקרם שוקולד 300 גר,גרמים,300.00,100 גרם,false,1,29.90,9.9667,true,1,521483
7290010627004,false,טחינה גולמית מסורתית ירושלים 500 ג',"בראשית ירושלים בע""מ",IL,טחינה ירושלים 500 גר,גרמים,500.00,100 גרם,false,1,13.90,2.7800,true,1,484743
7290010627844,false,טחינה גולמית שומשום מלא ירושלים 500גרם,"בראשית ירושלים בע""מ",IL,טחינה ירושלים מלא 500 גר,גרמים,500.00,100 גרם,false,1,13.90,2.7800,true,1,484742
7290010632152,false,כרית יפנית UNISUN-שלישיה,יוניסן,,שלישיית כריות יפניות,Unknown,0.00,Unknown,false,1,6.90,0.0000,true,1,453076
7290010632787,false,צימרוני אוזניים עץ 300יח',הדקלאים אגודת שיתופי,CN,צימרוני אוזניים 300,Unknown,0.00,Unknown,false,1,4.90,0.0000,true,1,453078
7290010632848,false,ספוג מתכת ג'מבו UNISUN זוג,יוניסן,,"ספוג מתכת ג""מבו זוג",Unknown,0.00,Unknown,false,1,14.90,0.0000,true,1,453082
7290010650019,false,עולש אנדיב בלגי חוות,מרינה פטריות הגליל,IL,אנדיב,Unknown,0.00,Unknown,false,1,14.90,0.0000,true,1,501931
7290010650415,false,עגבניות לחות/מיובשות,ירק הגליל,IL,עגבניות לחות/מיובשות תקוע 200 גר,גרמים,200.00,100 גרם,false,1,14.90,7.4500,true,1,515826
7290010650828,false,פטריות שימאגי לבן/חו,ביכורי שדה דרום 2002,IL,שימגי לבן/חום 150 גר,גרמים,150.00,100 גרם,false,1,12.90,8.6000,true,1,507063
7290010650996,false,פטריות שימגי חומות 1,שנגחאי פינק פוד קומפ,IL,פטריות שימגי חומות 150 גר,גרמים,150.00,100 גרם,false,1,12.90,8.6000,true,1,518698
7290010679010,false,קוקטייל פירות ים 500,,,קוקטייל פירות ים 500,גרמים,500.00,100 גרם,false,1,28.90,5.7800,true,1,453093
7290010679027,false,טבעות קלמרי 500 גר,,,"טבעות קלמרי 500 גר""",גרמים,500.00,100 גרם,false,1,39.90,7.9800,true,1,453094
7290010679034,false,בייבי שרימפס 500 גר,,,"בייבי שרימפס 500 גר""",גרמים,500.00,100 גרם,false,1,32.90,6.5800,true,1,453095
7290010679126,false,שרימפס מקולף 31-40 5,,,שרימפס מקולף 31-40 500 גר,גרמים,500.00,100 גרם,false,1,49.90,9.9800,true,1,453097
7290010679140,false,שרימפס טמפורה 250 גר,,,שרימפס טמפורה 250 גר,גרמים,250.00,100 גרם,false,1,26.90,10.7600,true,1,453098
7290010679256,false,פילה דג ברבוניה 500,אקוואטיק,,פילה דג ברבוניה 500 גר,גרמים,500.00,100 גרם,false,1,34.90,6.9800,true,1,453099
7290010679393,false,שרימפס טמפורה עם רוט,,,שרימפס טמפורה עם רוטב 454גר,גרמים,424.00,100 גרם,false,1,42.90,10.1179,true,1,453101
7290010679409,false,ראשי קלמרי 500 גר,,,"ראשי קלמרי 500 גר""",גרמים,500.00,100 גרם,false,1,26.90,5.3800,true,1,453102
7290010679416,false,שרימפס מקולף 41-50 5,,,שרימפס מקולף 41-50 5,גרמים,500.00,100 גרם,false,1,44.90,8.9800,true,1,453103
7290010679423,false,שרימפס מצופה תפוא 30,,,"שרימפס מצופה תפו""א 300 גר",גרמים,300.00,100 גרם,false,1,25.90,8.6333,true,1,453104
7290010679447,false,הקאו שרימפס 240 גר,,,הקאו שרימפס 240 גר,גרמים,240.00,100 גרם,false,1,25.90,10.7917,true,1,453106
7290010679485,false,שרימפס מקולף 31-40 1,,,שרימפס מקולף 31-40 1 קג,קילוגרמים,1.00,"ק""ג",false,1,94.90,94.9000,true,1,482981
7290010679546,false,דג קט פיש מצופה פירו,אקוואטיק,,דג קט פיש מצופה פירורי לחם 400 גר,גרמים,400.00,100 גרם,false,1,21.90,5.4750,true,1,482466
7290010679553,false,שרימפס מבושל מקולף 4,,,שרימפס מקולף ומבושל,גרמים,500.00,100 גרם,false,1,42.90,8.5800,true,1,453107
7290010679621,false,שרימפס מקולף מבושל 1ק''ג,,,שרימפס מבושל מקולף 4,גרמים,1000.00,100 גרם,false,1,84.90,8.4900,true,1,453110
7290010679669,false,גיוזה פירות ים 240 ג,וין לוק פוד,,גיוזה פירות ים 240 גר,גרמים,240.00,100 גרם,false,1,25.90,10.7917,true,1,482461
7290010679676,false,גיוזה צימחונית 240 ג,וין לוק פוד,,גיוזה צימחונית 240 גר,גרמים,240.00,100 גרם,false,1,25.90,10.7917,true,1,482460
7290010679737,false,שרימפס וויט 26-30 מק,,,שרימפס וויט 26/30 מק,גרמים,1000.00,100 גרם,false,,99.90,9.9900,true,1,453111
7290010679782,false,פופקורן שרימפס 500 ג,פיש וון,,פופקורן שרימפס 500 גר,גרמים,500.00,100 גרם,false,1,49.90,9.9800,true,1,482465
7290010679829,false,שרימפס 16-20 מקולף 1,,,שרימפס 16-20 מקולף בתפזורת 1 קג,קילוגרמים,1.00,"ק""ג",false,1,119.90,119.9000,true,1,471438
7290010679836,false,סטייק דג בסה 1 קג,אינדיאן אושן,,"סטייק דג בסה 1 ק""ג",קילוגרמים,1.00,"ק""ג",false,1,29.90,29.9000,true,1,453113
7290010679904,false,שרימפס מבושל עם ראש,,,שרימפס מבושל עם ראש 500 גר,גרמים,500.00,100 גרם,false,1,34.90,6.9800,true,1,471437
7290010679935,false,פילה דג בסה 1 קג,,,פילה דג בסה 1 קג,קילוגרמים,1.00,"ק""ג",false,1,29.90,29.9000,true,1,471435
7290010679942,false,שרימפס מקולף 51-60 1,VIETNAM CLEAN SEAFOO,,"שרימפס מקולף 51-60 1 ק""ג",קילוגרמים,1.00,"ק""ג",false,1,84.90,84.9000,true,1,480719
7290010679997,false,דים סאם עוף 240 גר,,,דים סאם עוף 240 גר,גרמים,240.00,100 גרם,false,1,25.90,10.7917,true,1,471436
7290010701353,false,רגל קרושה 400 גר,,,"רגל קרושה 400 גר""",גרמים,400.00,100 גרם,false,1,26.90,6.7250,true,1,453122
7290010701360,false,עוף קרוש 400 גר,,,עוף קרוש 400 גרי,גרמים,400.00,100 גרם,false,1,26.90,6.7250,true,1,453123
7290010701377,false,לשון בקר בגל 400 גר,,,"לשון בקר בג""ל 400 גר",גרמים,400.00,100 גרם,false,1,27.90,6.9750,true,1,453124
7290010701384,false,רגל קרושה מעורבת 400,,,רגל קרושה מעורבת 400,גרמים,400.00,100 גרם,false,1,26.90,6.7250,true,1,453125
7290010701391,false,ממרח כבד בקר 220 גר,,,ממרח כבד בקר 220 גר,גרמים,220.00,100 גרם,false,1,16.90,7.6818,true,1,453126
7290010701407,false,ממרח כבד עוף 220 גר,,,ממרח כבד עוף 220 גר,גרמים,220.00,100 גרם,false,1,16.90,7.6818,true,1,453127
7290010701551,false,נקניקיות עוף 1 קג,,,נקניקיות עוף 1 קג,קילוגרמים,1.00,"ק""ג",false,1,25.90,25.9000,true,1,523505
7290010701599,false,טושונקה בשר לבן 340,VELES,,טושונקה בשר לבן 340 גר,גרמים,340.00,100 גרם,false,1,21.90,6.4412,true,1,472931
7290010701605,false,טושונקה בשר בקר 340,VELES,,טושונקה בשר בקר 340 גר,גרמים,340.00,100 גרם,false,1,21.90,6.4412,true,1,472932
7290010701612,false,קורקבן עוף בגל 500 ג,מעדני מניה תעשיות בש,,קורקבן עוף בגל 500 גר,גרמים,500.00,100 גרם,false,1,19.90,3.9800,true,1,499405
7290010701636,false,פטה כבד עוף נקניק 20,,,פטה כבד עוף נקניק 210 גר,גרמים,200.00,100 גרם,false,1,12.90,6.4500,true,1,499409
7290010701711,false,ממרח כבד ביתי 200 גר,,,ממרח כבד ביתי 210 גר,גרמים,200.00,100 גרם,false,1,12.90,6.4500,true,1,499408
7290010701902,false,ממרח כבד בקר נקניק 2,,,ממרח כבד בקר נקניק 210 גר,גרמים,200.00,100 גרם,false,1,12.90,6.4500,true,1,499410
7290010701919,false,פטה כבד צרפתי ביין ל,,,פטה כבד צרפתי ביין לבן 180 גר,גרמים,180.00,100 גרם,false,1,22.90,12.7222,true,1,499407
7290010766949,false,ממרח תחתיות ארטישוק 180ג' אוליביה,אוליביה,IL,ממרח ארטישוק אוליביה 180 גר,גרמים,180.00,100 גרם,false,1,12.90,7.1667,true,1,516263
7290010766956,false,אוליביה ממרח פלפלים מתוקים אדומים 180 גר,אוליביה,IL,ממרח פלפלים קלויים אוליביה 180 גר,גרמים,180.00,100 גרם,false,1,12.90,7.1667,true,1,516264
7290010791538,false,שימורי עוף גורמה לה קט 85 ג',מנדלז סי.אר. פרודקשן,TH,לה קט דליקטס עוף גורמה 85 גר,גרמים,85.00,100 גרם,false,1,5.90,6.9412,true,1,480635
7290010791545,false,שימורי כבד גורמה להקט 85 ג',"הייקיו, תאילנד",TH,לה קט דליקטס פטה כבד עוף 85 גר,גרמים,85.00,100 גרם,false,1,5.90,6.9412,true,1,480637
7290010791552,false,שימורי טונה גורמה לה קט 85 ג',"הייקיו, תאילנד",TH,לה קט דליקטס טונה ברוטב 85 גר,גרמים,85.00,100 גרם,false,1,5.90,6.9412,true,1,480639
7290010791576,false,מזון חתולים דליקטס מ,"הייקיו, תאילנד",TH,לה קט דליקטס דגי אוקינוס 85 גר,גרמים,85.00,100 גרם,false,1,5.90,6.9412,true,1,480638
7290010791583,false,מזון חתולים דליקטס א,מנדלז סי.אר. פרודקשן,TH,לה קט דליקטס דגי אוקינוס וטונה 85 גר,גרמים,85.00,100 גרם,false,1,5.90,6.9412,true,1,480636
7290010814695,false,שוקולד מריר ללא תוספת סוכר וסטהיים,כרמית תעשיות ממתקים,IL,שוקולד מריר ללא סוכר 85 גר,גרמים,85.00,100 גרם,false,1,6.90,8.1176,true,1,453163
7290010814701,false,שוקולד חלב ללא תוספת סוכר וסטהיים,כרמית תעשיות ממתקים,IL,שוקולד חלב ללא סוכר 85 גר,גרמים,85.00,100 גרם,false,1,6.90,8.1176,true,1,453164
7290010838219,false,ממתיק על בסיס צמח הסטיביה - שקיות,תות ממתקי איכות,IL,מרמולייט סטיביה 100 שקיות,Unknown,0.00,Unknown,false,1,29.90,0.0000,true,1,496722
7290010838424,false,ג'ל לניקוי מתקדם בניחוח רענן - מארז זוג,"איטיליאן פוד, אס.פי.",NL,"זוג טואלט דאק ירוק 750 מ""ל",ליטרים,1.50,ליטר,false,1,15.90,10.6000,true,1,453179
7290010838431,false,ג'ל לניקוי מתקדם בניחוח ים - מארז זוג,מיוצר עי קונדיטוריית,NL,טואלט דאק 750 זוג כח,ליטרים,1.50,ליטר,false,1,15.90,10.6000,true,1,453180
7290010839865,false,רוטב רכז רימונים ויליפוד 320 ג',ניו ג'רסי סטאר סנקס,TR,רכז רימונים 320 גרם,גרמים,320.00,100 גרם,false,1,10.90,3.4063,true,1,453200
7290010880058,false,ליקר דובדבנים 500 מל,,,ליקר דובדבנים 500 מל,מיליליטרים,500.00,"100 מ""ל",false,1,69.90,13.9800,true,1,524821
7290010880065,false,ליקר אוכמניות 500 מל,"יקב לביא, גוש עציון",,ליקר אוכמניות 500 מל,מיליליטרים,500.00,"100 מ""ל",false,1,69.90,13.9800,true,1,524820
7290010880089,false,ליקר ריבת חלב 500 מל,,,ליקר ריבת חלב 500 מל,מיליליטרים,500.00,"100 מ""ל",false,1,69.90,13.9800,true,1,524825
7290010880225,false,ליקר שוקולד פיסטוק 5,,,ליקר שוקולד פיסטוק 500 מל,מיליליטרים,500.00,"100 מ""ל",false,1,69.90,13.9800,true,1,524828
7290010880270,false,ליקר שוקולד תפוז 500,,,ליקר שוקולד תפוז 500 מל,מיליליטרים,500.00,"100 מ""ל",false,1,69.90,13.9800,true,1,524823
7290010882632,false,ליקר אספרסו 500 מל,"יקב לביא, גוש עציון",,ליקר אספרסו 500 מל,מיליליטרים,500.00,"100 מ""ל",false,1,69.90,13.9800,true,1,524827
7290010886210,false,"סט 4 זיקוק עבה צבועני 18 ס""מ",,,סט 4 זיקוק עבה צבעוני 18סמ,יחידה,1.00,יחידה,false,1,14.90,14.9000,true,1,476670
7290010886869,false,שקית 5 לבבות משי,גמר,,שקית 5 לבבות משי,Unknown,0.00,Unknown,false,1,9.90,0.0000,true,1,488562
7290010903801,false,אצבעות שניצל בציפוי,,,אצבעות שניצל בציפוי שוםשום 1 קג,קילוגרמים,1.00,"ק""ג",false,1,34.90,34.9000,true,1,514182
7290010945146,false,קוטג' 3% מועשר בסידן טרה 250 ג' מהדרין,קריות זול,IL,"קוטג"" 3% מועשר 250גר",גרמים,250.00,100 גרם,false,1,5.90,2.3600,true,1,453240
7290010945306,false,חלב 3% בקרטון 2 ל' טרה,קריות זול,IL,חלב 3% בקרטון 2 ליטר,ליטרים,2.00,ליטר,false,1,12.46,6.2300,true,1,453241
7290010945450,false,טרה גבינה לבנה מהדרין 3% 250ג,קריות זול,IL,גבינה לבנה 3% 250 גר,גרמים,250.00,100 גרם,false,1,4.90,1.9600,true,1,453244
7290010945481,false,גבינה לבנה 5% שומן 500 ג' טרה,קריות זול,IL,גבינה לבנה 5% 500גרם,גרמים,500.00,100 גרם,false,1,9.90,1.9800,true,1,453245
7290010955602,false,יין רימונים מתוק ריצ,יקב רימון,,יין רימון ריצלי 750מל,מיליליטרים,750.00,"100 מ""ל",false,1,49.90,6.6533,true,1,477970
7290010955619,false,יין רימונים לייטלי ק,יקב רימון,,יין רימון לייטלי 750מל,מיליליטרים,750.00,"100 מ""ל",false,1,49.90,6.6533,true,1,477969
7290010967988,false,חטיף באגסי בטעם פלאפ,א מ חטיפי העמק בעמ,IL,חטיף באגסי בטעם פלאפל 20 גר 20 יח,גרמים,400.00,100 גרם,false,1,14.90,3.7250,true,1,524459
7290011015862,false,"פריגת סירופ דיאט לימונענע 750 מ""ל",סירופ - גבעת חיים,IL,סירופ פריגת דיאט לימון 750 מל,מיליליטרים,750.00,"100 מ""ל",false,1,22.90,3.0533,true,1,453273
7290011015985,false,"מיץ אננס דאיט 750 מ""ל פריגת",סירופ - גבעת חיים,IL,סירופ פריגת דיאט אננס 750 מל,מיליליטרים,750.00,"100 מ""ל",false,1,22.90,3.0533,true,1,480897
7290011017866,false,קוקה קולה קלאסי בפחית,החברה המרכזית לייצור,IL,"קוקה קולה פח 330 מ""ל",מיליליטרים,330.00,"100 מ""ל",false,1,4.90,1.4848,true,1,467675
7290011017873,false,"קוקה קולה זירו פחית 330 מ""ל",החברה המרכזית לייצור,IL,קוקה קולה זירו פחי 330 מל,מיליליטרים,330.00,"100 מ""ל",false,1,4.90,1.4848,true,1,467677
7290011017880,false,דיאט קוקה קולה פחית סליק 330מל,החברה המרכזית לייצור,IL,דייאט קוקה קולה פחי 330 מל,מיליליטרים,330.00,"100 מ""ל",false,1,4.90,1.4848,true,1,467676
7290011018184,false,"אייס תה FUZE TEAאפרסק 500 מ""ל",מבשלות בירה בינלאומי,IL,תה קר נסטי אפרסק 500 מל,מיליליטרים,500.00,"100 מ""ל",false,1,6.90,1.3800,true,1,467635
7290011018368,false,שישיית בירה ויינשטפן,"ויינשטפן, ת.ד 1155 פ",DE,"בירה ויינשטפן 330 מ""ל שישייה",מיליליטרים,1980.00,"100 מ""ל",false,1,59.90,3.0253,true,1,481039
7290011018443,false,"פנטה אורנג פחית סליק 330 מ""ל",החברה המרכזית לייצור,IL,סליק פאנטה אורג 330מל,מיליליטרים,330.00,"100 מ""ל",false,1,4.90,1.4848,true,1,478152
7290011018917,false,קוקה קולה זירו פרידג'פק סליק 6*330מל,החברה המרכזית לייצור,IL,קוקה קולה זירו פח 330 מל מארז שישייה,מיליליטרים,1980.00,"100 מ""ל",false,1,29.90,1.5101,true,1,475094
7290011018924,false,דיאט קוקה קולה פרידג'פק סליק 6*330מל,החברה המרכזית לייצור,IL,קוקה קולה דיאט פח 330 מל מארז שישייה,מיליליטרים,1980.00,"100 מ""ל",false,1,23.90,1.2071,true,1,475095
7290011064020,false,בולגרית למריחה 13% 200 ג' ניצן,גבינות ניצן,,גבינה בולגרית בעיר 200 גר,גרמים,200.00,100 גרם,false,1,16.90,8.4500,true,1,487240
7290011064075,false,מעדן לאבנה ניצן אבו גוש 200 ג',גבינות עמיר ניצן,,גבינה לבנה אבו גוש 200גר,גרמים,200.00,100 גרם,false,1,13.90,6.9500,true,1,474795
7290011064099,false,טאפס פלפלוני שרי ממולאים במעדן גבינה,"ניצן מותגי מזון בע""מ",IL,טאפס שכונתי 125גר,גרמים,125.00,100 גרם,false,1,21.90,17.5200,true,1,472862
7290011081492,false,גלידה בטעם שלושה שוקולדים 1.33ל' קרמיסימו,"גלידת שטראוס בע""מ, ר",IL,קרמיסימו שלושה שוקול,ליטרים,1.33,ליטר,false,1,18.90,14.2105,true,1,453349
7290011081690,false,קרמיסימו פרווה שוקו ציפ+וניל ציפ 1.33ל,"גלידת שטראוס בע""מ, ר",IL,קרמיסימו פרווה וניל,ליטרים,1.33,ליטר,false,1,18.90,14.2105,true,1,453352
7290011090340,false,בייבי מיקס 120 גר,,,בייבי מיקס,גרמים,120.00,100 גרם,false,1,6.90,5.7500,true,1,491133
7290011090357,false,חסה רומית,,,חסה רומית,Unknown,0.00,Unknown,false,1,8.90,0.0000,true,1,491132
7290011090388,false,טימין 40 גר,,,טימין,גרמים,40.00,100 גרם,false,1,4.90,12.2500,true,1,491135
7290011090401,false,חסה משי,,,חסה משי,Unknown,0.00,Unknown,false,1,7.90,0.0000,true,1,491131
7290011090418,false,בזיליקום 40 גר,,,בזיליקום,גרמים,40.00,100 גרם,false,1,4.90,12.2500,true,1,491136
7290011090425,false,אורגנו,,,אורגנו,Unknown,0.00,Unknown,false,1,4.90,0.0000,true,1,491139
7290011090463,false,רוזמרין 40 גר,,,רוזמרין,גרמים,40.00,100 גרם,false,1,4.90,12.2500,true,1,491137
7290011090494,false,חמציץ,,,חמציץ,Unknown,0.00,Unknown,false,1,9.90,0.0000,true,1,491141
7290011090746,false,תרד 120 גר,,,תרד,גרמים,120.00,100 גרם,false,1,7.90,6.5833,true,1,491134
7290011090821,false,שורש פטרוזיליה,,,שורש פטרוזיליה,Unknown,0.00,Unknown,false,1,4.90,0.0000,true,1,491129
7290011090913,false,פלפל צילי,,,פלפל צילי,Unknown,0.00,Unknown,false,1,6.90,0.0000,true,1,513595
7290011090920,false,כרוב סיני,,,כרוב סיני,Unknown,0.00,Unknown,false,1,6.90,0.0000,true,1,491145
7290011090944,false,סלק עלים,,,סלק עלים,Unknown,0.00,Unknown,false,1,5.90,0.0000,true,1,491144
7290011094874,false,חסה לבבות שקית,,,חסה לבבות שקית,Unknown,0.00,Unknown,false,1,7.90,0.0000,true,1,491143
7290011115203,false,אל סבון מוצק מבושם בניחוח עדין קלאסיק - מארז רביעיה,טרופיקל דגיל תעשיות,IL,רביעיית סבון מוצק נק,גרמים,400.00,100 גרם,false,1,11.90,2.9750,true,1,453389
7290011115241,false,אל סבון ארומטי מוצק ורוד ורד ויסמין - מארז רביעיה,גליל כימיקלים בעמ,IL,"רביעיית סבון מוצק ""נ",גרמים,400.00,100 גרם,false,1,11.90,2.9750,true,1,453390
7290011115258,false,אל סבון מוצק מבושם בניחוח עדין קלאסיק - מארז רביעיה,גליל כימיקלים בעמ,IL,"רביעיית סבון מוצק ""נ",גרמים,400.00,100 גרם,false,1,11.90,2.9750,true,1,453391
7290011115265,false,מארז סבון מוצק ארומה אל סבון מועשר בשמנים ארומטיים,גליל כימיקלים בעמ,IL,"רביעיית סבון מוצק ""נ",גרמים,400.00,100 גרם,false,1,11.90,2.9750,true,1,453392
7290011115289,false,אל סבון מוצק מבושם בניחוח עדין קלאסיק - מארז רביעיה,"גליל כימיכלים בע""מ",IL,"רביעיית סבון מוצק ""נ",גרמים,400.00,100 גרם,false,1,11.90,2.9750,true,1,453394
7290011115401,false,אל סבון ארומטי מוצק צהוב קמומיל - רביעייה,נקה 7,IL,"רביעיית סבון מוצק ""נ",Unknown,0.00,Unknown,false,1,11.90,0.0000,true,1,453396
7290011126209,false,תה הגן הקסום תפוח וקינמון - סיידר 25 שקיקים,קריות זול,IL,"""הגן הקסום"" תפוח וקי",גרמים,68.00,100 גרם,false,1,17.90,26.3235,true,1,453398
7290011126452,false,תה הגן הקסום קמומיל ונענע 25 יח',קריות זול,IL,תה קמומיל ונענע 1.5ג,גרמים,38.00,100 גרם,false,1,17.90,47.1053,true,1,453406
7290011126469,false,תה קמומיל ודבש 1.5ג' *25 שקיקים,קריות זול,IL,תה קמומיל ודבש 25 שק,גרמים,38.00,100 גרם,false,1,17.90,47.1053,true,1,453407
7290011126957,false,תה יסוצקי ירוק ארל גריי 25 יח',ויסוצקי ירוק,IL,"תה ""ויסוצקי"" ירוק אר",גרמים,38.00,100 גרם,false,1,24.90,65.5263,true,1,453418
7290011131371,false,מוזלי קראנצ'י שקדים ואגוזים,ויטליאה ניקולה דו,MK,תערובת דגנים מיזלי ק,קילוגרמים,1.00,"ק""ג",false,1,24.90,24.9000,true,1,453420
7290011131388,false,מיזלי קראנץ תפוחים ג,ויטליאה ניקולה דו,MK,תערובת דגנים מיזלי ק,קילוגרמים,1.00,"ק""ג",false,1,24.90,24.9000,true,1,453421
7290011131395,false,מוזלי קראנצ'י 30% פירות,ויטליאה ניקולה דו,MK,"תערובת דגנים מיזלי קראנץ 30% פירות 1 ק""ג",קילוגרמים,1.00,"ק""ג",false,10,24.90,24.9000,true,1,453422
7290011131654,false,מוזלי קראנצ'י ביג מיקס עם פירות ואגוזים,ויטליה ניקולא דו,MK,"מיזלי ביג מיקס 1 ק""ג",קילוגרמים,1.00,"ק""ג",false,1,24.90,24.9000,true,1,479570
7290011131968,false,גרנולה בתוספת שקדים ואגוזים,ויטליה ניקולא דו,MK,"גרנולה אגוזים 1 ק""ג",קילוגרמים,1.00,"ק""ג",false,1,23.90,23.9000,true,1,453430
7290011131975,false,גרנולה בתוספת פירות מיובשים ומסוכרים,ויטליאה ניקולה דו,MK,"גרנולה פירות 1 ק""ג",קילוגרמים,1.00,"ק""ג",false,1,23.90,23.9000,true,1,453431
7290011132507,false,"סודה סן בנדטו מוגז עדין 500מ""ל",אקווה מינרלה סאן בנד,IT,"מים מוגז עדין ""סאןבנ",מיליליטרים,500.00,"100 מ""ל",false,1,3.90,0.7800,true,1,453440
7290011132552,false,רביעיית בירה פאולנר,פאולנר Paulaner,,"רביעיית בירה ""פאולנר",מיליליטרים,1320.00,"100 מ""ל",false,1,39.90,3.0227,true,1,453445
7290011133368,false,בירה שנדי בתוספת משקה תפוח - שישייה,"טמפו משקאות בע""מ",IL,"בירה ""מכבי"" שנדי בטע",ליטרים,1.98,ליטר,false,1,33.90,17.1212,true,1,453455
7290011133375,false,בירה שנדי בתוספת משקה אפרסק - שישייה,"טמפו משקאות בע""מ",IL,מארז בירה מכבי שנדי בטעם אפרסק שישייה,ליטרים,1.98,ליטר,false,1,33.90,17.1212,true,1,453456
7290011142001,false,לחם שיפון 550 גר,מאפיית דואט,,"לחם ""דואט""",גרמים,550.00,100 גרם,false,1,13.90,2.5273,true,1,453466
7290011142018,false,לחם שיפון נבסקי 600,מאפיית דואט,,"לחם שיפון ""נבסקי""",גרמים,600.00,100 גרם,false,1,13.90,2.3167,true,1,453467
7290011142025,false,לחם שיפון כפרי 600 ג,מאפיית דואט,,"לחם שיפון ""אוקראינסק",גרמים,600.00,100 גרם,false,1,13.90,2.3167,true,1,453468
7290011142049,false,לחם ביתי עם סובין לל,מאפיית דואט,,"לחם ""לבריאות""",גרמים,630.00,100 גרם,false,1,14.90,2.3651,true,1,453470
7290011142070,false,לחם שיפון מחמצת 600,מאפיית דואט,,לחם בטעמים,גרמים,600.00,100 גרם,false,1,14.90,2.4833,true,1,453473
7290011142094,false,לחם שיפון פטרובסקי 6,מאפיית דואט,,"לחם שיפון ""פטרובסקי",גרמים,630.00,100 גרם,false,1,15.90,2.5238,true,1,469097
7290011142148,false,לחמניות עם שומשום 45,מאפיית דואט,,לחמים/לחמניות,גרמים,450.00,100 גרם,false,1,13.90,3.0889,true,1,453477
7290011142193,false,לחמניות מתוקות 400 ג,מאפיית דואט,,לחמניות מתוקות,גרמים,400.00,100 גרם,false,1,13.90,3.4750,true,1,453482
7290011142315,false,לחם מרוקאי מסורתי,מאפיית דואט,,פרנה,גרמים,550.00,100 גרם,false,1,15.90,2.8909,true,1,468381
7290011142322,false,פיתה בחבילה 10 יח,מאפיית דואט,,פיתה 10 יח,גרמים,1000.00,100 גרם,false,1,14.90,1.4900,true,1,470148
7290011142407,false,"לחם שבע דגנים 1100 ג""ר",מאפיית דואט,,לחם שבע דגנים 1.1קג,קילוגרמים,1.10,"ק""ג",false,1,18.90,17.1818,true,1,478028
7290011142445,false,לחם כוסמין 620 גר,,,לחם כוסמין 600 גר,גרמים,620.00,100 גרם,false,1,16.90,2.7258,true,1,497624
7290011142513,false,לחם שיפון מיוחד 85% 750 גרי,,,לחם מיוחד 600 גר,גרמים,750.00,100 גרם,false,1,15.90,2.1200,true,1,480848
7290011142551,false,לחם לבן 750 גרי,,,לחם טוסט 750 גר,גרמים,750.00,100 גרם,false,1,15.90,2.1200,true,1,480853
7290011142612,false,לחם בתוספת כוסברה 60,,,לחם שיפון מיוחד 600 גר,גרמים,600.00,100 גרם,false,1,15.90,2.6500,true,1,480849
7290011142650,false,לחם שיפון 100% 900 גר',,,לחם שיפון 100% 900 גר,גרמים,900.00,100 גרם,false,1,17.90,1.9889,true,1,492796
7290011142827,false,פיתה כוסמין 500 גר,,,פיתה כוסמין 500 גר,גרמים,500.00,100 גרם,false,1,16.90,3.3800,true,1,502539
7290011142834,false,פיתה קמח מלא 10 יח',,,פיתה חיטה 500 גר,גרמים,500.00,100 גרם,false,1,15.90,3.1800,true,1,502540
7290011148959,false,פלפל טינקרבל יחידה,"מרינה פטריות הגליל בע""מ",IL,פלפל טינקרבל,Unknown,0.00,Unknown,false,1,6.90,0.0000,true,1,476517
7290011153885,false,נייר אכיל לקישוט עוג,גילרוי,,נייר אכיל ממותג,Unknown,0.00,Unknown,false,1,16.90,0.0000,true,1,453503
7290011174866,false,צ'יפס בטטה 700 ג' פרי הגליל,פרי הגליל,IL,ציפס בטטה פרי הגליל 700 גר,גרמים,700.00,100 גרם,false,1,15.90,2.2714,true,1,489212
7290011194215,false,מעדן גבינה ויוגורט בטעם בננה 5% שומן 88 ג' דניאלה,"שטראוס בריאות בע""מ",IL,דניאלה בננה,גרמים,88.00,100 גרם,false,1,4.10,4.6591,true,1,453523
7290011194246,false,קוטג שטראוס 5% עם סידן 250ג,מיוצר עי קונדיטוריית,IL,"קוטג"" 5% עם סידן 250",גרמים,250.00,100 גרם,false,1,5.80,2.3200,true,1,453524
7290011223038,false,עלים לקרמשניט - בונומי 300גרם,בונומי ס.פ.א,IT,עלים לעוגת קרמשניט ו,גרמים,300.00,100 גרם,false,1,15.90,5.3000,true,1,453537
7290011223045,false,בונומי בישקוטים 200 גרם,בונומי ס.פ.א,IT,בישקוטים 200 גרם,גרמים,200.00,100 גרם,false,1,6.90,3.4500,true,1,453538
7290011223243,false,"טואלט דאק ג'ל לאסלה בניחוח לבנדר 55 מ""ל","איטיליאן פוד, אס.פי.",IT,"ג""""ל לאסלה ""טואלט דא",מיליליטרים,55.00,"100 מ""ל",false,1,9.90,18.0000,true,1,453542
7290011240318,false,"שאטו דה לה מר קברנה סובניון 750 מ""ל.",יקבי ציון,,"יין ""שאטו דה לה מר""",מיליליטרים,750.00,"100 מ""ל",false,1,23.90,3.1867,true,1,453559
7290011240868,false,"יין אדום מבעבע מוסקטו 750 מ""ל",יקבי ציון,IL,יין מוסקט אדם 0.75 ל,מיליליטרים,750.00,"100 מ""ל",false,12,29.90,3.9867,true,1,472215
7290011249250,false,גביעי גלידה אמריקה 24 יח' מעולה,"גילרו בע""מ",,גביעי גלידה אמריקאי,גרמים,120.00,100 גרם,false,1,12.90,10.7500,true,1,490441
7290011312367,false,פטריות מיקס 750 גר,מרינה פטריות הגליל,,פטריות מיקס 750 גרם,גרמים,750.00,100 גרם,false,1,14.90,1.9867,true,1,453613
7290011378028,false,חלבה קלאסית בטעם וניל ללא תוספת סוכר,רושדי תעשיות מזון בע,IL,חלבה בארכה וניל ללא סוכר 350 גר,גרמים,350.00,100 גרם,false,1,15.90,4.5429,true,1,453627
7290011378257,false,חטיף חלבה בטעם וניל ללא תוספת סוכר בתוספת פיסטוק ופקאן,רושדי תעשיות מזון בע,IL,חלבה בארכה פקאן ללא סוכר שביעייה,גרמים,126.00,100 גרם,false,1,11.90,9.4444,true,1,472142
7290011378769,false,בארכה - חטיף בקטנה חלבה וניל 20 גרם * 6,רושדי תעשיות מזון בע,IL,חטיפי חלבה בארכה וניל שביעייה,גרמים,126.00,100 גרם,false,1,11.90,9.4444,true,1,468394
7290011378776,false,חלבה חטיף פיסטוק בארכה בקטנה מארז 126ג',רושדי תעשיות מזון בע,IL,חטיפי חלבה בארכה פיסטוק שביעייה,גרמים,126.00,100 גרם,false,1,11.90,9.4444,true,1,468396
7290011379018,false,פטריות טריות מיקס מרינה זוגי 250X2ג',"מרינה פטריות הגליל בע""מ",IL,פטריות מארז צמד חמד,Unknown,0.00,Unknown,false,1,15.50,0.0000,true,1,453630
7290011434007,false,דבש פרחי בר רמת הגול,,,דבש פרחי בר רמת הגולן 1 קג,קילוגרמים,1.00,"ק""ג",false,1,45.90,45.9000,true,1,528578
7290011434014,false,דבש פרחי בר רמת הגול,,,דבש פרחי בר רמת הגולן 500 גר,גרמים,500.00,100 גרם,false,1,25.90,5.1800,true,1,528577
7290011438142,false,"משקה יטבתה אייס קפה בבקבוק אישי 350 מ""ל",שטראוס גרופ,IL,אייס קפה בבקבוק 350,מיליליטרים,350.00,"100 מ""ל",false,1,6.40,1.8286,true,1,453651
7290011447281,false,תרכובת מזון המשך לפעוטות שלב 2 חלבי,מטרנה תעשיות ש.מ,IL,מטרנה חלבי שלב 2 700,גרמים,700.00,100 גרם,false,1,49.90,7.1286,true,1,453669
7290011489298,false,הדר קרם קרקר חיטה מלאה 250 גרם,אפיפית נצרת,IL,קרקר הדר קרם חיטה מלאה 250 גר,גרמים,250.00,100 גרם,false,1,6.90,2.7600,true,1,467828
7290011489533,false,בייגלה שמיניות עם מל,,,בייגלה הדר שמיניות מלח 300 גר,גרמים,300.00,100 גרם,false,1,5.90,1.9667,true,1,526542
7290011489540,false,בייגלה שמיניות עם שו,,,בייגלה הדר שמיניות עם שומשום 300 גר,גרמים,300.00,100 גרם,false,1,5.90,1.9667,true,1,526541
7290011489595,false,טופז קרקר שומשום 110גר,אפיפית נצרת,IL,קרקר טופז שומשום הדר 110 גר,גרמים,110.00,100 גרם,false,1,3.90,3.5455,true,1,475916
7290011489755,false,בייגלה הדר טבעות מלח,,,בייגלה הדר טבעות מלח 300 גר,גרמים,300.00,100 גרם,false,1,5.90,1.9667,true,1,526543
7290011489762,false,בייגלה הדר טבעות שומ,,,בייגלה הדר טבעות שומשום 300 גר,גרמים,300.00,100 גרם,false,1,5.90,1.9667,true,1,526544
7290011499051,false,פטה כבשים מסורתית 20% בגביע 250 גרם - רובין,MKN עבור מחלבות גד ב,IL,פטה כבשים בגביע 250גר,גרמים,250.00,100 גרם,false,1,25.90,10.3600,true,1,453722
7290011499105,false,גבינה בולגרית מלוחה 5% 250 ג' גד,ג'נרל מילס סאן אדריא,IL,בולגרית בגביע 5% 250גר,גרמים,250.00,100 גרם,false,1,22.90,9.1600,true,1,453723
7290011499112,false,בולגרית מסורתית 16% 250 גרם - רבנות,"מיוצר ע""י dsh",IL,בולגרית 16% בגביע 250גר,גרמים,250.00,100 גרם,false,1,22.90,9.1600,true,1,453724
7290011499129,false,בולגרית מעודנת קוביות קטנות 5% 200 גרם - רבנות,קוד יצרן DSH,IL,קוביות בולגרית 5% 200גר,גרמים,200.00,100 גרם,false,1,21.90,10.9500,true,1,453725
7290011499303,false,גבינת עיזים בולגרית מעודנת 5% 250 גר',ג'נרל מילס סאן אדריא,IL,בולגרית מעודנת 5% עיזים 250גר,גרמים,250.00,100 גרם,false,1,30.90,12.3600,true,1,453729
7290011499327,false,גבינה בולגרית מעודנת 5% 250 גרם - רבנות,מיוצר על ידי DSH עבו,IL,בולגרית מעודנת 5% 250גר,גרמים,250.00,100 גרם,false,1,22.90,9.1600,true,1,453731
7290011499341,false,קשקבל בוואקום 26% 200 גרם - רבנות,הנסיך- מפעל לייצור ט,IL,קשקבל ארוז 22% 250 ג,גרמים,200.00,100 גרם,false,1,26.90,13.4500,true,1,453733
7290011499358,false,פטה עיזים מסורתית 20% בגביע 200 גרם - רובין,מיוצר על ידי קוד יצר,IL,פטה עיזים -בואקום 200גר,גרמים,200.00,100 גרם,false,1,26.90,13.4500,true,1,453734
7290011499365,false,גד חלומי 24% 200 גרם רובין,"מחלבות גד בע""מ",IL,גבינה חלומי 24% 200גר,גרמים,200.00,100 גרם,false,1,21.90,10.9500,true,1,453735
7290011499419,false,גבינה במרקם שמנת בטעם טבעי 5% ניו יורק,מחלבות גד,IL,קרם שמנת טבעי ניו יורק 5% 200 גרם,גרמים,200.00,100 גרם,false,1,13.90,6.9500,true,1,453737
7290011499624,false,שמנת 30% ניו יורק טבעי 200 גרם רבנות,מחלבות גד,IL,שמנת טבעית 30% 200גר,גרמים,200.00,100 גרם,false,1,13.90,6.9500,true,1,476795
7290011499846,false,גבינת ריקוטה פרסקה 9% 300 ג' גד,מחלבות גד בעמ,IL,גבינה ריקוטה פרסקה 300גר,גרמים,300.00,100 גרם,false,1,17.90,5.9667,true,1,476793
7290011499853,false,גבינת שמנת עם זיתים 30% ניו יורק,מחלבות גד (שיווק 199,IL,שמנת זיתים 30% 200גר,גרמים,200.00,100 גרם,false,1,13.90,6.9500,true,1,476797
7290011501556,false,קיווי מיובש 160 גר,,,קיווי מיובש 160 גר,גרמים,160.00,100 גרם,false,1,11.90,7.4375,true,1,510018
7290011505073,false,מטלית הפלא 5 UNISUN יחידות ענק,יוניסן,,"מטלית הפלא ""יוניסאן""",Unknown,0.00,Unknown,false,1,22.90,0.0000,true,1,453745
7290011505141,false,מטלית הפלא לרצפות 2יח' ענק,יוניסן,,מטלית הפלא לריצפה 2,Unknown,0.00,Unknown,false,1,22.90,0.0000,true,1,453747
7290011505493,false,כפות מהודר עבה במיוח,הוסטס,,"כפות חד פעמי 50 יח""",Unknown,0.00,Unknown,false,1,8.90,0.0000,true,1,453754
7290011505509,false,מזלגות מהודר עבה במי,הוסטס Hostess,,מזלגות חד פעמי 50 יח,Unknown,0.00,Unknown,false,1,8.90,0.0000,true,1,453755
7290011505516,false,סכינים מהודר עבה במי,הוסטס Hostess,,סכינים חד פעמי 50 יח,Unknown,0.00,Unknown,false,1,8.90,0.0000,true,1,453756
7290011505790,false,צימרוני אוזניים מפלסטיק 500 יח',קוטון סופט Cotton soft,,צימרוני אוזניים מפלס,Unknown,0.00,Unknown,false,1,14.90,0.0000,true,1,453759
7290011505806,false,קיסמי שיניים דנטאליים מפלסטיק 200 יחידות בחבית,הוסטס Hostess,,קיסמי שיניים דנטאליים,Unknown,0.00,Unknown,false,1,10.90,0.0000,true,1,453760
7290011515683,false,מעדן קפוא אקסטרים Extreme בטעם וניל - 6 יח',תות תעשיות מזון (201,IL,אקסטרים וניל 6 יח,גרמים,342.00,100 גרם,false,1,32.90,9.6199,true,1,453767
7290011515911,false,שלגונים מופחתי קלוריות בטעם ריבת חלב - 6 יח',גלידות נסטלה (נגה גל,IL,לייט ריבת חלב 6יח,גרמים,312.00,100 גרם,false,1,29.90,9.5833,true,1,453768
7290011518561,false,"אקטימל תות משפחתי מארז 14X100מ""ל",מיוצר עי קונדיטוריית,IL,"אקטימל 14 יח"" תות",גרמים,1512.00,100 גרם,false,1,29.90,1.9775,true,1,453771
7290011524548,false,גרגירי חומוס 800 ג' פרי הגליל,"פרי הגליל בע""""מ",IL,גרגירי חומוס 800 גרם,גרמים,800.00,100 גרם,false,1,10.90,1.3625,true,1,453783
7290011524555,false,שעועית לבנה אפויה 800 ג' פרי הגליל,"פרי הגליל בע""""מ",IL,שעועית לבנה מבושלת 8,גרמים,800.00,100 גרם,false,1,10.90,1.3625,true,1,453784
7290011524968,false,פולי סויה מוקפאים Green & Fresh,גרין אנד פרש Green & Fresh,IL,פולי סויה 1 קג,קילוגרמים,1.00,"ק""ג",false,1,14.90,14.9000,true,1,471795
7290011530532,false,מיקס פירות קפואים שייק איט ירוק - 3*150 ג',"הבו-קדו בע""מ",IL,שייק איט ירוק 450 גר,גרמים,450.00,100 גרם,false,1,29.90,6.6444,true,1,512051
7290011530549,false,מיקס פירות קפואים שייק איט ורוד - 3*150 ג',"הבו-קדו בע""מ",IL,שייק איט ורוד 450 גר,גרמים,450.00,100 גרם,false,1,29.90,6.6444,true,1,512049
7290011570507,false,קמח רב תכליתי ללא גלוטן,כרגיל - אשבל,IL,קמח כרגיל ללא גלוטן 450גר,גרמים,450.00,100 גרם,false,1,19.90,4.4222,true,1,476698
7290011575007,false,"הפי מרסס שומר ברק למקלחון 750 מ""ל",מיפא,DE,"ניקוי מקלחון הפי מחליק מים שקוף 750 מ""ל",מיליליטרים,750.00,"100 מ""ל",false,1,19.90,2.6533,true,1,489892
7290011585198,false,כיסונים השף במילוי ב,,,כיסונים השף במילוי בשר 1400 גר,גרמים,1400.00,100 גרם,false,1,46.90,3.3500,true,1,453827
7290011585228,false,כיסונים במילוי בשר 1,,,כיסונים במילוי בשר 1500 גר,גרמים,1500.00,100 גרם,false,1,40.90,2.7267,true,1,453829
7290011585235,false,מיני צבורק במילוי בש,,,מיני צבורק במילוי בשר 600 גר,גרמים,600.00,100 גרם,false,1,31.90,5.3167,true,1,453830
7290011585242,false,צבורקי במילוי בשר וי,,,צבורקי במילוי בשר וירק 600 גר,גרמים,600.00,100 גרם,false,1,31.90,5.3167,true,1,453831
7290011585723,false,כיסונים ביתי במילוי,,,כיסונים ביתי במילוי בשר 900 גר,גרמים,900.00,100 גרם,false,1,31.90,3.5444,true,1,521407
7290011585754,false,כיסונים סיבירסקי במי,,,כיסונים סיבירסקי במילוי בשר 900 גר,גרמים,900.00,100 גרם,false,1,31.90,3.5444,true,1,521408
7290011585778,false,קרפלך במילוי תפוא 70,,,קרפלך במילוי תפוא 700 גר,גרמים,700.00,100 גרם,false,1,20.90,2.9857,true,1,522876
7290011585785,false,צבורקי קלאסי 600 גר,,,צבורקי קלאסי 600 גר,גרמים,600.00,100 גרם,false,,31.90,5.3167,true,1,511013
7290011585815,false,מאפה מטוגן במילוי בש,,,מאפה מטוגן במילוי בשר 600 גר,גרמים,600.00,100 גרם,false,1,31.90,5.3167,true,1,512085
7290011585853,false,בלינצס במילוי בשר 60,,,בלינצס במילוי בשר 600 גר,גרמים,600.00,100 גרם,false,1,31.90,5.3167,true,1,514315
7290011585877,false,בלינצס במילוי תפוא ו,,,"בלינצס במילוי תפו""א ופטריות 600 גר",גרמים,600.00,100 גרם,false,1,31.90,5.3167,true,1,514312
7290011585884,false,בלינצס במילוי תפוע 6,,,"בלינצס במילוי תפו""ע 600 גר",גרמים,600.00,100 גרם,false,1,31.90,5.3167,true,1,514314
7290011585891,false,בלינצס במילוי דובדבן,,,בלינצס במילוי דובדבן 600 גר,גרמים,600.00,100 גרם,false,1,31.90,5.3167,true,1,514313
7290011585914,false,בצק עלים מרודד קלאסי,,,בצק עלים מרודד קלאסי 1 קג,קילוגרמים,1.00,"ק""ג",false,1,21.90,21.9000,true,1,512113
7290011585921,false,בצק שמרים קלאסי 1 קג,,,בצק שמרים קלאסי 1 קג,קילוגרמים,1.00,"ק""ג",false,1,15.90,15.9000,true,1,512114
7290011587079,false,חרדל דיז'ון גרגירים 370 ג' PICCATA,Covinor sas,,חרדל דיזון גרגירים 370גר,גרמים,370.00,100 גרם,false,1,11.90,3.2162,true,1,473640
7290011587222,false,רוטב טריאקי 500 מל,,,רוטב טאריאקי,מיליליטרים,500.00,"100 מ""ל",false,1,10.90,2.1800,true,1,453857
7290011587307,false,תחתיות ארטישוק 400 גר',Egyptian spanish co,,תחתיות ארטישוק,גרמים,400.00,100 גרם,false,1,10.90,2.7250,true,1,453861
7290011587444,false,מוזלי קראנצ'י בתוספת פירות,ויטליה,,"מוזלי קראנצ""י עם פיר",גרמים,600.00,100 גרם,false,1,19.90,3.3167,true,1,453866
7290011587451,false,גרנולה בתוספת פירות ואגוזים,ויטליה,,גרנולה עם פירות ואגו,גרמים,600.00,100 גרם,false,1,19.90,3.3167,true,1,453867
7290011587468,false,מוזלי קראנצ'י בתוספת אגוזים,ויטליה,,"מוזלי קראנצ""י עם אגו",גרמים,600.00,100 גרם,false,1,19.90,3.3167,true,1,453868
7290011587581,false,פילה אנשובי צנצנת תו,Inversiones prisco s,,פילה אנשובי צנצנת תומר 100 גר,גרמים,100.00,100 גרם,false,1,12.90,12.9000,true,1,490948
7290011587598,false,שימורי אנשובי בפח 45 ג' תומר,אינוורסיונס פריסקו,,פילה אנשובי פח 45 גר,גרמים,45.00,100 גרם,false,1,8.90,19.7778,true,1,454831
7290011587710,false,צלפים במי מלח תומר 3,,,"צלפים בחומץ 350 ג""ר",גרמים,350.00,100 גרם,false,1,13.90,3.9714,true,1,454836
7290011587826,false,חרדל דיז'ון תומר 370ג',Covinor sas,,חרדל דיזון 370גר,גרמים,370.00,100 גרם,false,1,11.90,3.2162,true,1,473639
7290011587857,false,עגבניות מיובשות בשמן חמניות ועשבי תיבול,Sunto gida sun ve ti,,עגבניות מיובשות מתובלות 250 גר,גרמים,250.00,100 גרם,false,1,11.90,4.7600,true,1,470751
7290011587963,false,רוטב צ'ילי חריף 700 ג' תומר,Baaeco v food ltd pa,,"רוטב צ""ילי חריף",מיליליטרים,700.00,"100 מ""ל",false,1,10.90,1.5571,true,1,454847
7290011587994,false,רוטב סויה 700 ג' תומר,,,"רוטב סויה 750 מ""ל",מיליליטרים,700.00,"100 מ""ל",false,1,13.90,1.9857,true,1,454848
7290011593087,false,"שמן זית כתית מעולה 750 מ""ל סבא חביב",סאן אויל עיבוד ושיוו,IL,שמן זית סבא חביב בלדי 750 מל,מיליליטרים,750.00,"100 מ""ל",false,12,29.90,3.9867,true,1,454850
7290011598211,false,"סנו - אנטי קאלק מרסס ניקוי כללי 4 ב-1 700 מ""ל",מיוצר עי קונדיטוריית,IL,סנו אנטי קאלק רב שימ,מיליליטרים,700.00,"100 מ""ל",false,1,16.90,2.4143,true,1,454855
7290011598402,false,מרכך כביסה מקסימה מאסק ורוד 4 ל' סנו,סנו מקסימה,IL,"מרכך כביסה ""סנו מקסי",ליטרים,4.00,ליטר,false,1,21.90,5.4750,true,1,454859
7290011607180,false,"קולון 101 לכביסה 1.25 ק""ג",ריקט בנקיזר ( ניר אי,IL,"אבקת כביסה ""קולון 10",קילוגרמים,1.25,"ק""ג",false,1,12.90,10.3200,true,1,454862
7290011607197,false,"אבקת כביסה קולון 5 ק""ג",רקיט בנקיזר,IL,אבקת כביסה קולון 101 5 קג,קילוגרמים,5.00,"ק""ג",false,1,34.90,6.9800,true,1,454863
7290011615260,false,עלי טורטיה 12X20יח' ויליפוד 540ג',מוטלוקל גידה סאנאי ט,TR,טורטיות 540 גרם,גרמים,540.00,100 גרם,false,1,9.90,1.8333,true,1,454874
7290011618025,false,חטיף אורז אפוי לתינוקות בטעם טבעי +6,גואנז'ו יונג וואנט פ,CN,נגיסי אורז לתינוקות בטעם טבעי 50 גר,גרמים,50.00,100 גרם,false,1,11.90,23.8000,true,1,493020
7290011618124,false,חטיף אורז אפוי לתינוקות בטעם ירקות +6,גואנז'ו יונג וואנט פ,CN,נגיסי אורז לתינוקות בטעם ירקות 50 גר,גרמים,50.00,100 גרם,false,1,11.90,23.8000,true,1,493019
7290011644000,false,חטיף מקלות תירס מתוקים,סנקי,,מקלות תירס מתוקים 80,גרמים,80.00,100 גרם,false,1,4.90,6.1250,true,1,454925
7290011644505,false,כבד דג שיבוט 115 גר,יאקן איאצאפי,,כבד דג שיבוט 120 גר,גרמים,115.00,100 גרם,false,24,8.90,7.7391,true,1,499805
7290011695170,false,מפה חד פעמי+צלחות,נ.ש.ם,,מפה חד פעמי+צלחות,Unknown,0.00,Unknown,false,1,11.90,0.0000,true,1,481149
7290011695286,false,קיסם הפלא ורוד 250 יח',YANGCHENG DILING,,"קיסם הפלא 250 ג""ר",Unknown,0.00,Unknown,false,1,10.90,0.0000,true,1,454946
7290011695316,false,נפנף למנגל,אס.די יבוא וישווק,,נפנף מגל,Unknown,0.00,Unknown,false,1,5.90,0.0000,true,1,454948
7290011695385,false,"תמצית רום מהדרין 50 מ""ל",עבדו,,"תמצית רום 50 מ""ל",מיליליטרים,50.00,"100 מ""ל",false,1,3.90,7.8000,true,1,454953
7290011695392,false,תמצית וניל 50 מל,עבדו,,"תמצית וניל 50 מ""ל",מיליליטרים,50.00,"100 מ""ל",false,1,3.90,7.8000,true,1,454954
7290011695408,false,ציפוי מתובל לשניצל 3,עבדו,,ציפוי מתובל לשניצל 350 גר,גרמים,350.00,100 גרם,false,1,13.90,3.9714,true,1,454955
7290011695477,false,דבש לחיץ 350 גר,מכוורת עמק חפר,,"דבש לחיץ 350 גר""",גרמים,350.00,100 גרם,false,1,23.90,6.8286,true,1,454960
7290011695620,false,סירופ מייפל טופ 700ג',מיטב תעשיות,,סירופ מייפל,גרמים,700.00,100 גרם,false,1,12.90,1.8429,true,1,454970
7290011695651,false,צנימים עגולים 300 גרם,S.P.A ניולט,,צנימים עגולים 300 גר,גרמים,300.00,100 גרם,false,1,12.90,4.3000,true,1,454973
7290011695705,false,חמאה בוטנים קרמי אדום 340 ג',QINGDAO OKAY FOOD,,"חמאת בוטנים ""קרמי קר",גרמים,340.00,100 גרם,false,1,9.90,2.9118,true,1,454976
7290011695712,false,חמאת בוטנים עם שברי 510 ג' NEEMAN,SUPER NUTRI,,חמאת בוטנים קרמי/קראנצ 510 גר,גרמים,510.00,100 גרם,false,1,14.90,2.9216,true,1,490755
7290011695859,false,ספוג הפלא אלפא,סדובסקי,,"ספוג הפלא ""אלפא""",Unknown,0.00,Unknown,false,1,9.90,0.0000,true,1,454982
7290011695958,false,"חומץ תפוחים נאמן 750 מ""ל",הילל תעשיות,,חומץ תפוחים 750 מל,מיליליטרים,750.00,"100 מ""ל",false,1,13.90,1.8533,true,1,454987
7290011695972,false,טוסטים טעימים 100 גר,נאמן Neeman,,טוסטים טעימים,גרמים,100.00,100 גרם,false,1,7.90,7.9000,true,1,454988
7290011772468,false,אקונומיקה גוול 4 ל,,,אקונומיקה גוול 4ל,ליטרים,4.00,ליטר,false,1,9.90,2.4750,true,1,479208
7290011800840,false,טחינה בלאדי רפי כהן 400 ג' צבר,סלטי צבר,IL,"טחינה לבנה ""צבר"" 400",גרמים,400.00,100 גרם,false,1,14.90,3.7250,true,1,455042
7290011851606,false,סחלב תערובת הכנה 500 ג',י.כהן,,סחלב 500 גר,גרמים,500.00,100 גרם,false,1,16.90,3.3800,true,1,488038
7290011870225,false,סוללות פוג'יקום AAA רביעייה,פוג'יקום,CN,רביעייה סוללה אצבע פוגיקום AAA,Unknown,0.00,Unknown,false,10,7.90,0.0000,true,1,509818
7290011870256,false,AA סוללות פוגיקום 4 יחידות,פוג'יקום,CN,רביעייה סוללה אצבע פוגיקום AA,Unknown,0.00,Unknown,false,10,7.90,0.0000,true,1,509817
7290011870737,false,סוללה פוגיקום בינוני,פוג'יקום,,זוג סוללה מרובע פוגיקום בינוני C,Unknown,0.00,Unknown,false,1,17.90,0.0000,true,1,514701
7290011876388,false,קציצות עוף ובקר 660 ג' מאמא עוף,תנובה גליל שותפות מו,IL,"קציצות עוף ובקר ""מאמא עוף"" 600גר",גרמים,600.00,100 גרם,false,1,31.90,5.3167,true,1,467998
7290011877101,false,מבשם אוויר נטול גז מאסק,מיוצר עי קונדיטוריית,IL,מטהר אוויר סנומוד,מיליליטרים,150.00,"100 מ""ל",false,1,10.90,7.2667,true,1,455075
7290011877859,false,סנו אינסטלטור חדש פותח סתימות 200ג',מיוצר עי קונדיטוריית,IL,סנו אינסטלטור פותח ס,גרמים,200.00,100 גרם,false,1,13.90,6.9500,true,1,455090
7290011877866,false,אבקת כביסה סנו מקסימה בניחוח Musk,"איי, בי, אינבוו",IL,"אבקת כביסה ""מקסימה""",קילוגרמים,6.00,"ק""ג",false,1,49.90,8.3167,true,1,455091
7290011912635,false,מי פה ליסטרין טאגד פ,,,"מי פה ליסטרין טאגד 250 מ""ל",מיליליטרים,250.00,"100 מ""ל",false,1,10.90,4.3600,true,1,504855
7290011912642,false,מי פה ליסטרין מנטה רענן,ליסטרין Listerine,,"מי פה ליסטרין טאגד 500 מ""ל",מיליליטרים,500.00,"100 מ""ל",false,1,19.90,3.9800,true,1,500436
7290011931162,false,סוכרלייט ממתיק נוזלי על בסיס סוכרלוז,אף.סי תבליני בגליל ב,IL,סוכרלייט נוזלי,מיליליטרים,220.00,"100 מ""ל",false,1,28.90,13.1364,true,1,455145
7290011931193,false,ממתיק על בסיס סוכרלוז כפית לכפית,סוכרזית Sucrazit,IL,סוכרלייט כפית לכפית,גרמים,100.00,100 גרם,false,1,28.90,28.9000,true,1,455146
7290011947309,false,זיתים מצוננים סורי מבוקע ולימון כבוש זיתא 230 ג',זיתא – י.ט.ב תעשיות,IL,זית סורי זיתא מבוקע עם לימון כבוש 220 גר,גרמים,220.00,100 גרם,false,1,13.90,6.3182,true,1,473962
7290011947316,false,זיתא זיתי קלמטה בשמן זית כתית מעולה 215ג,סטאר סנקס,IL,זיתים קלמטה 215 גר,גרמים,215.00,100 גרם,false,1,13.90,6.4651,true,1,478470
7290011947521,false,"שמן זית כתית מעולה 750 מ""ל טעם מודגש זיתא",זיתא,IL,"שמן זית זיתא כתית מעולה בטעם מודגש בד""ץ",מיליליטרים,750.00,"100 מ""ל",false,1,32.90,4.3867,true,1,492293
7290011947743,false,מיקס זית ירוק וזית קלמטה 215 ג' זיתא,ויסוצקי,IL,מיקס זית ירוק וזית קלמטה 215 גר,גרמים,215.00,100 גרם,false,8,13.90,6.4651,true,1,509260
7290011947781,false,מיקס זית ירוק וזית קלמטה ללא גלעין עם שמן זית 190 ג',זיתא,IL,מיקס זית זיתא ללא גלעין עם שמן זית,גרמים,190.00,100 גרם,false,8,13.90,7.3158,true,1,515460
7290011947798,false,זית קלמטה ללא גלעין עם שמן זית כתית 190 ג',זיתא,IL,זית קלמטה זיתא ללא גלעין עם שמן זית,גרמים,190.00,100 גרם,false,8,13.90,7.3158,true,1,515459
7290011947866,false,מיקס זיתים זיתא בפח,זיתא,GR,מיקס זיתים בפח 440 גר,גרמים,440.00,100 גרם,false,1,19.90,4.5227,true,1,515926
7290011947873,false,זית קלמטה בפח זיתא 250 ג',זיתא,GR,זית קלמטה בפח 440 גר,גרמים,440.00,100 גרם,false,1,19.90,4.5227,true,1,515927
7290011947903,false,מיקס זיתים יווני זיתא 215 ג',זיתא,IL,מיקס זיתים יווני 215 גר,גרמים,215.00,100 גרם,false,8,13.90,6.4651,true,1,517745
7290011987268,false,סלמון פרוס 100 גר,,,סלמון פרוס 100 גר,גרמים,100.00,100 גרם,false,1,23.90,23.9000,true,1,455163
7290011987466,false,דג סלמון 200 גר,,,סלמון פרוס 200 גרם,גרמים,200.00,100 גרם,false,1,44.90,22.4500,true,1,455166
7290011996000,false,טעם אסיה אטריות עגבניות 454 ג',טעמי אסיה Taste of Asia,CN,אטריות עגבניות 454 גר,גרמים,454.00,100 גרם,false,20,10.90,2.4009,true,1,455178
7290011996017,false,טעם אסיה אטריות תרד 454 ג',טעמי אסיה Taste of Asia,CN,אטריות תרד 454 גר,גרמים,454.00,100 גרם,false,10,10.90,2.4009,true,1,455179
7290011996031,false,טעם אסיה אטריות בצים 454 ג',טעמי אסיה Taste of Asia,CN,אטריות ביצים 454 גר,גרמים,454.00,100 גרם,false,10,10.90,2.4009,true,1,455180
7290011996062,false,אורז לבן עגול מתאים להכנת סושי,טעמי אסיה Taste of Asia,ES,אורז לסושי 1 קג,קילוגרמים,1.00,"ק""ג",false,15,15.90,15.9000,true,1,455182
7290011996086,false,"רוטב צ''ילי חריף 700 מ""ל",טעמי אסיה Taste of Asia,TH,רוטב צילי חריף 700 מל,מיליליטרים,700.00,"100 מ""ל",false,6,14.90,2.1286,true,1,498352
7290011996109,false,"רוטב צ''ילי מתוק 700 מ""ל",טעמי אסיה Taste of Asia,TH,רוטב צילי מתוק 700 מל,מיליליטרים,700.00,"100 מ""ל",false,6,9.90,1.4143,true,1,494650
7290011996123,false,אצות ים נורי גולד 10 דפים כשר,טעמי אסיה Taste of Asia,CN,אצות נורי גולד 10 דפים,גרמים,25.00,100 גרם,false,10,12.90,51.6000,true,1,491192
7290011996178,false,"רוטב סויה בסגנון יפני 280 מ""ל",guangdong good taste,CN,רוטב סויה בסגנון יפני 300 מל,מיליליטרים,300.00,"100 מ""ל",false,12,13.90,4.6333,true,1,455183
7290011996185,false,"חומץ אורז לבן (לסושי) 250 מ""ל",טעמי אסיה Taste of Asia,CN,חומץ אורז לסושי 250 מל,מיליליטרים,250.00,"100 מ""ל",false,6,9.90,3.9600,true,1,455184
7290011996222,false,נוזל אגוזי קוקוס ללא,טעמי אסיה Taste of Asia,TH,חלב קוקוס 400 מל,מיליליטרים,400.00,"100 מ""ל",false,24,7.90,1.9750,true,1,455185
7290011996277,false,מחצלת עגולה לגלגול סושי,טעמי אסיה Taste of Asia,CN,מחצלת עגולה לסושי,Unknown,0.00,Unknown,false,10,5.90,0.0000,true,1,455186
7290011996499,false,אטריות אורז דקות טעם וריח 400ג',fujian longhai,CN,אטריות אורז דקות 400 גר,גרמים,400.00,100 גרם,false,15,10.90,2.7250,true,1,455189
7290011996529,false,"טעם אסיה אטריות אורז 5 מ""מ 400ג'",טעמי אסיה Taste of Asia,TH,אטריות אורז 400 גר,גרמים,400.00,100 גרם,false,1,12.90,3.2250,true,1,483096
7290011996550,false,טעם אסיה רוטב הויסין 240 ג',קיי.אר.אס.ספייסי פוד,TH,רוטב הויסין 240 גר,גרמים,240.00,100 גרם,false,6,17.90,7.4583,true,1,504835
7290011996567,false,רוטב סאטה 240 גר,קיי.אר.אס.ספייסי פוד,TH,רוטב סאטה 240 גר,גרמים,240.00,100 גרם,false,6,17.90,7.4583,true,1,504834
7290011996581,false,"רוטב חמוץ מתוק 300 מ""ל",טעמי אסיה Taste of Asia,TH,רוטב חמוץ מתוק 300 מל,מיליליטרים,300.00,"100 מ""ל",false,6,12.90,4.3000,true,1,492055
7290011996642,false,טעם אסיה שומשום שחור קלוי 100גר,טעמי אסיה Taste of Asia,CN,שומשום שחור 100 גר,גרמים,100.00,100 גרם,false,12,17.90,17.9000,true,1,492415
7290011996703,false,טעם אסיה אצות וקאמה 100גר,טעמי אסיה Taste of Asia,,אצות וואקמה 100 גר,גרמים,100.00,100 גרם,false,6,21.90,21.9000,true,1,483093
7290011996741,false,"חומץ אורז לסושי כשר 500 מ""ל",טעמי אסיה Taste of Asia,,חומץ אורז לסושי 500 מל,מיליליטרים,500.00,"100 מ""ל",false,1,13.90,2.7800,true,1,502044
7290011996758,false,מזרח מערב קמח טמפורה כשר 500ג',טעמי אסיה Taste of Asia,CN,תערובת קמחים לטמפורה 500 גר,גרמים,500.00,100 גרם,false,12,13.90,2.7800,true,1,483558
7290011996765,false,וואסבי שפורפרת 43 גר,טעמי אסיה Taste of Asia,CN,משחת ואסאבי 43 גר,גרמים,43.00,100 גרם,false,10,12.90,30.0000,true,1,455190
7290011996789,false,פנקו פירורי לחם בסגנון יפני,טעמי אסיה Taste of Asia,CN,פירורי לחם פנקו 200 גר,גרמים,200.00,100 גרם,false,10,8.90,4.4500,true,1,455191
7290011996802,false,אבקת ווסאבי 70 גרם,טעמי אסיה Taste of Asia,CN,אבקת וואסבי 70 גר,גרמים,70.00,100 גרם,false,1,14.90,21.2857,true,1,491190
7290011996888,false,רוטב טריאקי 300 כשר,קיי.אר.אס.ספייסי פוד,TH,רוטב טריאקי 300 מל,מיליליטרים,300.00,"100 מ""ל",false,6,12.90,4.3000,true,1,483091
7290012001994,false,חרדל דיז'ון גרעינים 350 ג' ריין דיזון,ריין דיז'ון reine dijon,FR,"חרדל דיז""ון גרעינים",גרמים,350.00,100 גרם,false,1,10.90,3.1143,true,1,455194
7290012013003,false,עוגת ריזיק 450 גר,,,עוגת קרם 350 גר,גרמים,450.00,100 גרם,false,1,42.90,9.5333,true,1,455195
7290012013010,false,עוגת שמנת 550 גר,,,עוגת שמנת,גרמים,550.00,100 גרם,false,1,46.90,8.5273,true,1,455196
7290012013034,false,עוגה קייבסקי,,,עוגיות,Unknown,0.00,Unknown,false,1,42.90,0.0000,true,1,455198
7290012013041,false,פחזניות,,,פחזניות,Unknown,0.00,Unknown,false,1,42.90,0.0000,true,1,455199
7290012013058,false,עוגיות שמרים העולם ה,,,דובשניות מטולה,גרמים,400.00,100 גרם,false,1,26.90,6.7250,true,1,455200
7290012013065,false,עוגת גבינה קרה 450 ג,,,עוגת גבינה קרה 450 גר,גרמים,450.00,100 גרם,false,1,42.90,9.5333,true,1,455201
7290012013089,false,עוגיות אגוזים עם ריב,,,עוגיות אגוזים עם ריב,גרמים,280.00,100 גרם,false,1,24.90,8.8929,true,1,455203
7290012013225,false,עוגת גבינה עגולה 420,,,עוגת גבינה עגולה 420,גרמים,420.00,100 גרם,false,1,42.90,10.2143,true,1,455209
7290012019012,false,תומר אספרגוס במלח 330 גר,,,אספרגוס לבן שלם 330 גר,גרמים,330.00,100 גרם,false,1,9.90,3.0000,true,1,491039
7290012019258,false,מחית תפוחי עץ רביעיה 4 * 113 ג' תומר,Cherry growers inc,,רביעיית רסק תפוח עץ 113 גרם,גרמים,452.00,100 גרם,false,1,12.90,2.8540,true,1,455222
7290012019265,false,"רסק תפו""ע דיאט תומר מארז 113X4ג'",Cherry growers inc,,רביעיית רסק תפוח עץ,גרמים,452.00,100 גרם,false,1,12.90,2.8540,true,1,455223
7290012019272,false,"רסק תפו""ע וקינמון תומר מארז113X4ג'",Cherry growers inc,,רביעיית מחית תפוח עץ עם קינמון 113 גרם,גרמים,452.00,100 גרם,false,1,12.90,2.8540,true,1,455224
7290012019401,false,נקטר דובדבן 100% ליט,Aromaproduct ltd,,מיץ דובדבן 100% 1 ל,ליטרים,1.00,ליטר,false,1,18.90,18.9000,true,1,472406
7290012022203,false,פריכיות קליליות חיטה,דילייט,,פריכיות קליליות חיטה מלאה 100 גר,גרמים,100.00,100 גרם,false,1,14.00,14.0000,true,1,500371
7290012022227,false,פריכיות קליליות בטעם,דילייט,,פריכיות קליליות בטעם טבעי 70 גר,גרמים,70.00,100 גרם,false,1,12.90,18.4286,true,1,500369
7290012022272,false,פריכיות קליליות קידס,דילייט,,פריכיות קליליות קידס 30 גר,גרמים,30.00,100 גרם,false,1,10.90,36.3333,true,1,500372
7290012030413,false,ביצי שליו 20 יח,,,"ביצי שליו 20 יח""",Unknown,0.00,Unknown,false,1,21.90,0.0000,true,1,455286
7290012031137,false,סיגריות נייט מושיין,פיליפ מוריס,,סיגריות ל.מ.נייט מושיין,Unknown,0.00,Unknown,false,1,26.00,0.0000,false,1,511389
7290012052309,false,"גרנולה תענות עם בננות צימוקים ושקדים 1 ק""ג.",רפאלס,IL,"גרנולה תענוג בננה צימוק ושקד 1 ק""ג",קילוגרמים,1.00,"ק""ג",false,1,24.90,24.9000,true,1,497345
7290012052477,false,תערובת לסלט צוקולומו,רפאלס,IL,תערובת לסלט צוקולומומו מיקס זרעים ותיבול,גרמים,250.00,100 גרם,false,1,17.90,7.1600,true,1,497333
7290012116360,false,פוליויקס לטיפול ברצפות גרניט פורצלן וקרמיקה,"מפעלי סנו ברונוס בע""",IL,סנו פוליויקס גרניט פ,ליטרים,2.00,ליטר,false,1,19.90,9.9500,true,1,455304
7290012116674,false,קרמה מן דאודורנט גל קול 75 מל,קוסמופארם,IL,"דאודורנט ג""ל CREMA M",מיליליטרים,75.00,"100 מ""ל",false,1,14.90,19.8667,true,1,455317
7290012116704,false,דאודורנט ג'ל אנטיפרספירנט אקטיב בלוק Power,קוסמופארם,IL,דאודורנט גל פאוור קרמה מן 70 מל,מיליליטרים,70.00,"100 מ""ל",false,1,14.90,21.2857,true,1,455319
7290012117039,false,מסיר אבנית ומנקה לאמבטיה 00,סנו,IL,"סנו ""00"" לאמבטיה 1 ל",ליטרים,1.00,ליטר,false,1,7.90,7.9000,true,1,455333
7290012117091,false,אבקת -כביסה סנו מקסימה סנסיטיב 6 קג,סנו מקסימה,IL,"אבקת כביסה ""מקסימה ס",גרמים,6000.00,100 גרם,false,1,49.90,0.8317,true,1,455337
7290012117275,false,נוזל רב תכליתי לניקוי ולהברקה מילוי,טרופיקל דגיל תעשיות,IL,סנוקליר שקית מילוי 7,מיליליטרים,750.00,"100 מ""ל",false,1,6.90,0.9200,true,1,455339
7290012117350,false,ריצפז פרש 2 ליטר לילך לבנדר,"סנו מפעלי ברונוס בע""",IL,ריצפז סנו פרש לילך ל,ליטרים,2.00,ליטר,false,1,17.90,8.9500,true,1,455341
7290012117411,false,שמפו וג'ל רחצה לגבר רויבוס Rooibos,קוסמופארם,IL,"ג""ל רחצה ""קרמה מאן""",מיליליטרים,700.00,"100 מ""ל",false,1,18.90,2.7000,true,1,455346
7290012117435,false,"קרמה - שמפו וג'ל רחצה 2 ב-1 אלוורה 700 מ""ל",טרופיקל דגיל תעשיות,IL,"ג""ל רחצה ""קרמה מאן""",מיליליטרים,700.00,"100 מ""ל",false,1,18.90,2.7000,true,1,455348
7290012117558,false,מרכך כביסה קומפקט מאסק ורוד סנו מקסימה 1 ל',"סנו מפעלי ברונוס בע""",IL,"מרכך ""מקסימה"" סופר מ",מיליליטרים,1000.00,"100 מ""ל",false,1,16.90,1.6900,true,1,455353
7290012117732,false,סנו - מקסימה מרכך כביסה קול שחור 4 ליטר,"סנו מפעלי ברונוס בע""",IL,מרכך כביסה סנו מקסימה קול שחור 4 ל,ליטרים,4.00,ליטר,false,1,21.90,5.4750,true,1,455365
7290012117916,false,סנו אינסטלאטור פותח סתימות נוזלי 1 ל',"סנו מפעלי ברונוס בע""",IL,סנו אינסטלטור נוזלי,ליטרים,1.00,ליטר,false,1,26.90,26.9000,true,1,455372
7290012139567,false,ביסקוויט עוף בונזו ג,Ping Yang,,ביסקוויט עוף בונזו גוי 90 גר,גרמים,90.00,100 גרם,false,1,15.90,17.6667,true,1,493109
7290012159039,false,פטריות אורניה 440 גר,דליאן,,פטריות אורניה 440 גר,גרמים,440.00,100 גרם,false,1,9.90,2.2500,true,1,479662
7290012159053,false,פטריות שיטאקי 440 גר,דליאן,,פטריות שיטאקי 440 גר,גרמים,440.00,100 גרם,false,1,9.90,2.2500,true,1,479660
7290012159060,false,פטריות נמקו 440 גר,דליאן,,פטריות נמקו 440 גר,גרמים,440.00,100 גרם,false,1,9.90,2.2500,true,1,479663
7290012159077,false,פטריות צדפה 440 גר,דליאן,,פטריות צדפה 440 גר,גרמים,440.00,100 גרם,false,1,9.90,2.2500,true,1,479661
7290012159275,false,מיונז אמיתי לינה 430,לינה,,מיונז לינה 430 גר,גרמים,430.00,100 גרם,false,1,7.90,1.8372,true,1,483620
7290012159480,false,קאווה גוטה דה מרוויה,,,יין לבן מבעבע קאווה רוטה דה מרוויה 700 מ,מיליליטרים,750.00,"100 מ""ל",false,1,29.90,3.9867,true,1,523803
7290012159497,false,יין לבן יבש מבעבע גוטה דה מרוויה Gota De Maravilla,,,יין לבן מבעבע קאווה רוטה דה מרוויה 700 מ,מיליליטרים,750.00,"100 מ""ל",false,1,29.90,3.9867,true,1,523802
7290012159763,false,ריאזנקה דן 500 מל,,,"ריאז""נקה דן 0.5 ליטר",מיליליטרים,500.00,"100 מ""ל",false,1,9.90,1.9800,true,1,455407
7290012159770,false,קפיר דן 500 מל,,,קפיר דן 0.5 ליטר,מיליליטרים,500.00,"100 מ""ל",false,1,9.90,1.9800,true,1,455408
7290012159787,false,קפיר דן 1 ל,,,קפיר דן 1 ליטר,ליטרים,1.00,ליטר,false,1,15.90,15.9000,true,1,455409
7290012159794,false,ריזנקה דן 1 ל,,,"ריאז""נקה דן 1 ליטר",ליטרים,1.00,ליטר,false,1,15.90,15.9000,true,1,455410
7290012159800,false,ריזנקה דן 2 ל,,,"ריאז""נקה דן 2 ליטר",ליטרים,2.00,ליטר,false,1,24.90,12.4500,true,1,455411
7290012159817,false,קפיר דן 2 ל,,,קפיר דן 2 ליטר,ליטרים,2.00,ליטר,false,1,24.90,12.4500,true,1,455412
7290012159909,false,תחליף גבינה מותכת ינ,,,תחליף גבינה מותכת ינטאר 100 גר,גרמים,100.00,100 גרם,false,1,4.00,4.0000,true,1,455415
7290012173059,false,מנצס 350 גר,,,"מנצ""ס 350 ג""ר",גרמים,350.00,100 גרם,false,1,10.90,3.1143,true,1,455422
7290012173189,false,אגוז פקאן 150 גר,,,אגוז פקאן 150 גר,גרמים,150.00,100 גרם,false,1,22.90,15.2667,true,1,469913
7290012173257,false,צימוק כהה 350 גר,,,צימוק כהה 350גר,גרמים,350.00,100 גרם,false,1,12.90,3.6857,true,1,477340
7290012173271,false,שקד טבעי 350 גר,,,שקד טבעי 350 גר,גרמים,350.00,100 גרם,false,1,28.90,8.2571,true,1,498777
7290012173325,false,בוטנים קלופים קופסא,,,בוטנים קלופים קופסא 350 גר,גרמים,350.00,100 גרם,false,1,16.90,4.8286,true,1,521405
7290012173462,false,פפריקה מתוקה גרוסה 8,,,פפריקה מתוקה גרוסה 80 גרם,גרמים,80.00,100 גרם,false,1,9.90,12.3750,true,1,455430
7290012173493,false,תערובת אגוזים 300 גר,,,תערובת אגוזים 300 גר,גרמים,300.00,100 גרם,false,1,29.90,9.9667,true,1,523703
7290012173615,false,פקאן סיני 150 גר,,,פקאן סיני 150 גר,גרמים,150.00,100 גרם,false,1,14.90,9.9333,true,1,467341
7290012173752,false,שום מעושן במטחנה זכוכית 60 ג' זארובי,,,שום מעושן במטחנה 60 גר,גרמים,60.00,100 גרם,false,1,9.90,16.5000,true,1,518736
7290012173820,false,אגוז פיסטוק 150 גר,,,אגוז פיסטוק 150 גר,גרמים,150.00,100 גרם,false,1,14.90,9.9333,true,1,474660
7290012173837,false,אגוז קשיו קלוי 170 ג,,,אגוז קשיו קלוי 170 גר,גרמים,170.00,100 גרם,false,1,14.90,8.7647,true,1,474659
7290012173882,false,גרענים שחורים זארובי 150ג',,,גרעיני חמניות 350 גר,גרמים,350.00,100 גרם,false,1,10.90,3.1143,true,1,476374
7290012173905,false,מעורב פרמיום 350 גר,,,מעורב פרמיום 350 גר,גרמים,350.00,100 גרם,false,1,34.90,9.9714,true,1,495912
7290012173912,false,חמוציות 300 גר,,,חמוציות 300גר,גרמים,300.00,100 גרם,false,1,12.90,4.3000,true,1,477338
7290012173929,false,אגוז לוז טבעי 170 גר,זארובי,,אגוז לוז טבעי 170 גר,גרמים,170.00,100 גרם,false,1,19.90,11.7059,true,1,485489
7290012173998,false,צימוק בהיר 350 גר,,,צימוק בהיר 350גר,גרמים,350.00,100 גרם,false,1,12.90,3.6857,true,1,477341
7290012191053,false,גפרורים ארוך המנגליס,,,גפרורים ארוך המנגליסט,Unknown,0.00,Unknown,false,1,5.90,0.0000,true,1,506169
7290012193125,false,ממתיק על בסיס סוכרלוז - טבליות,מיוצר עי קונדיטוריית,CN,"סוכרלוז ""מרמולייט"" 1",Unknown,0.00,Unknown,false,1,26.90,0.0000,true,1,455434
7290012193163,false,פמלי אל סבון פרחי בר,אף.סי תבליני בגליל ב,TR,"אל סבון ""פמילי"" פרחי בר ורוד + משאבה 1ל",מיליליטרים,1000.00,"100 מ""ל",false,1,11.90,1.1900,true,1,467576
7290012226014,false,נקניקיות וינר זוגלובק 800 גרם,נקניק נהריה כשר זוגל,,נקניקיות וינר 800 גר,גרמים,800.00,100 גרם,false,1,23.90,2.9875,true,1,455442
7290012226021,false,סלמי מעושן פראג יבש 400 ג' זוגלובק,נקניק נהריה כשר זוגל,IL,סאלמי מעושן פראג 400,גרמים,400.00,100 גרם,false,1,19.90,4.9750,true,1,455443
7290012226120,false,קבנוס זוגלובק 135גר,נקניק נהריה כשר זוגל,IL,"קבנוס 135 גר""",גרמים,135.00,100 גרם,false,1,10.90,8.0741,true,1,455447
7290012226342,false,נקניקיה טבעונית למחבת או לתנור עשירה בחלבון,זוגלו'ס Zoglos,,נקניקיה מן הצומח עשירה בחלבון 460 גר,גרמים,460.00,100 גרם,false,1,25.90,5.6304,true,1,496731
7290012226922,false,קבנוס בטעם שום 135 ג' זוגלובק,נקניק נהריה כשר זוגל,IL,קבנוס בטעם שום 135 ג,גרמים,135.00,100 גרם,false,1,10.90,8.0741,true,1,455451
7290012226939,false,קבנוס עם צ'ילי חריף 135ג' זוגלובק,נקניק נהריה כשר זוגל,IL,"קבנוס בטעם צ""ילי 135",גרמים,135.00,100 גרם,false,1,10.90,8.0741,true,1,455452
7290012226991,false,"נקניקיות עוף באריזת ג''מבו 1.5 ק""ג זוגלובק",נקניק נהריה כשר זוגל,IL,"נקניקיות ג""מבו 1.5 ק",קילוגרמים,1.50,"ק""ג",false,1,26.90,17.9333,true,1,455458
7290012227172,false,חרמן הודו בדבש וברביקיו זוג במארז 600 ג' זוגלובק,נקניק נהריה כשר זוגל,IL,מארז פםטרמה כפרית 300גר + חרמון 300 גר,גרמים,600.00,100 גרם,false,1,26.90,4.4833,true,1,467641
7290012227400,false,נקניקיות עוף זוגלובק 800 גרם,נקניק נהריה כשר זוגל,,נקניקיות עוף 800 גר,גרמים,800.00,100 גרם,false,1,23.90,2.9875,true,1,470817
7290012227912,false,קבנוס עודן 135 ג' זוגלובק,זוגלובק,,קבנוס מעודן 135 גר,גרמים,135.00,100 גרם,false,1,10.90,8.0741,true,1,492790
7290012228124,false,קבנוס סטיקס עם נגיעות מלח ים סדרת ריינהולד'ס,זוגלובק,IL,קבנוס סטיקס זוגלובק 50 גר,גרמים,50.00,100 גרם,false,1,10.90,21.8000,true,1,495671
7290012228261,false,נקנקיות קנקרס הודו ועוף ריינהולד'ס זוגלובק 300 ג',זוגלובק,IL,נקניקיות הודו פרמיום קנקרס 300 גר,גרמים,300.00,100 גרם,false,1,20.90,6.9667,true,1,502281
7290012228278,false,נקנקיות בוקוורסט עוף ובקר ריינהולד'ס 310 ג' זוגלובק,זוגלובק,IL,נקניקיות בוקוורסט הודו 300 גר,גרמים,300.00,100 גרם,false,1,20.90,6.9667,true,1,502282
7290012245176,false,וופל ציפס קריספי 700,אגריסטו,BE,וופל ציפס קריספי 700 גר,גרמים,700.00,100 גרם,false,1,14.90,2.1286,true,1,524957
7290012245183,false,ציפס קריספי קלאסי 70,אגריסטו,BE,ציפס קריספי קלאסי 700 גר,גרמים,700.00,100 גרם,false,1,12.90,1.8429,true,1,524959
7290012245275,false,גולד ציפס בטטה קריספ,אגריסטו,BE,גולד ציפס בטטה קריספי 1 קג,קילוגרמים,1.00,"ק""ג",false,1,29.90,29.9000,true,1,517725
7290012245312,false,"צ'יפס אמריקאי 1.5 ק""ג גולד שארית",יוליניבר,BE,"ציפס אמריקאי גולד 1.5 ק""ג",קילוגרמים,1.50,"ק""ג",false,1,19.90,13.2667,true,1,510290
7290012245329,false,"צ'יפס קלאסי 1.5 ק""ג גולד שארית",יוליניבר,BE,"ציפס קלאסי גולד 1.5 ק""ג",קילוגרמים,1.50,"ק""ג",false,1,19.90,13.2667,true,1,510289
7290012245336,false,"גולד צ'יפס סטייק 1.5 ק""ג גולד שארית",אגריסטו,NL,"סטייק ציפס גולד 1.5 ק""ג",קילוגרמים,1.50,"ק""ג",false,1,19.90,13.2667,true,1,510292
7290012251047,false,קבנוס כפרי 250 גר,,,קבנוס כפרי 250 גר,גרמים,250.00,100 גרם,false,1,19.90,7.9600,true,1,485991
7290012251146,false,מיני סרוולט קופצסקי,ישרקו שיווק מותגי מז,,מיני סרוולט קופציסקי 280 גר,גרמים,280.00,100 גרם,false,1,31.90,11.3929,true,1,478518
7290012251160,false,מיני סרוולט קרמליובס,ישרקו שיווק מותגי מז,,מיני סרוולט קרמליובסקי 360גר,גרמים,360.00,100 גרם,false,1,35.90,9.9722,true,1,478517
7290012251177,false,מיני סרוולט איטלקי 4,ישרקו שיווק מותגי מז,,מיני סרוולט איטלקי 400גר,גרמים,400.00,100 גרם,false,1,49.90,12.4750,true,1,478516
7290012251474,false,שרימפס 26/30 מקולף 500 ג' קפוא,,,שרימפס מקולף 26/30 500גר,גרמים,500.00,100 גרם,false,1,45.90,9.1800,true,1,474869
7290012251481,false,שרימפס מקולף 31-40 5,,,שרימפס מקולף 31/40 500גר,גרמים,500.00,100 גרם,false,1,39.90,7.9800,true,1,474875
7290012251498,false,שרימפס מקולף 41-50 5,,,שרימפס מקולף 41/50 500גר,גרמים,500.00,100 גרם,false,1,39.90,7.9800,true,1,474871
7290012251511,false,דג קט קוביות קפוא 50,,,דג קט קוביות קפוא 500גר,גרמים,500.00,100 גרם,false,1,19.90,3.9800,true,1,474884
7290012306204,false,אורז עגול לפלוב 1 קג,,,"אורז עגול לפלוב 1 ק""ג",קילוגרמים,1.00,"ק""ג",false,1,19.90,19.9000,true,1,492574
7290012306501,false,פריכיות כוסמת 150 גר,כל בו מכבי,,פריכיות כוסמת 150גר,גרמים,150.00,100 גרם,false,1,13.90,9.2667,true,1,475889
7290012306518,false,פריכיות אורז מלא מכב,מכבים,,פריכיות אורז מלא 200 גר,גרמים,200.00,100 גרם,false,14,10.90,5.4500,true,1,516147
7290012306532,false,פריכיות כוסמת עם מלח,כל בו מכבי,,פריכיות כוסמת עם מלח 150גר,גרמים,150.00,100 גרם,false,1,13.90,9.2667,true,1,478331
7290012306587,false,ברבריס מאיין 25 גר,PROFAGROTECHNIKA,,ברבריס מאיין 25גר,גרמים,25.00,100 גרם,false,1,10.90,43.6000,true,1,478328
7290012306624,false,פריכיות כוסמת בתוספת,כל בו מכבי,,פריכיות כוסמת בתוספת תירס 150גר,גרמים,150.00,100 גרם,false,1,13.90,9.2667,true,1,478330
7290012306631,false,פריכיות מלוח אורז מל,מכבים,,פריכיות אורז מלא עם מלח 200 גר,גרמים,200.00,100 גרם,false,14,10.90,5.4500,true,1,516148
7290012309878,false,חלבה פיסטוק ששון הקולה 500 ג',דין שיווק,IL,חלבה פיסטוק 500 גר,גרמים,500.00,100 גרם,false,1,12.90,2.5800,true,1,512668
7290012309892,false,חלבה וניל ששון הקולה 500 ג',אקאר,IL,חלבה וניל 500 גר,גרמים,500.00,100 גרם,false,1,12.90,2.5800,true,1,512669
7290012309939,false,חלבה מסולסלת דין שיווק 500 ג',אף.סי תבליני בגליל ב,IL,חלווה מסולסלת ששון הקולה 500 גר,גרמים,500.00,100 גרם,false,1,14.90,2.9800,true,1,502681
7290012313240,false,יבנה זיתים מיקס ירוק וקלמטה 560 גר',,,מיקס זית ירוק וקלמטה 560 גר,גרמים,560.00,100 גרם,false,1,11.90,2.1250,true,1,513445
7290012313318,false,טחינה שומשום יבנה 50,,,טחינה שומשום יבנה 500 גר,גרמים,500.00,100 גרם,false,1,12.90,2.5800,true,1,528203
7290012313394,false,קוביות מלפפונים במלח 560ג' יבנה,,,מלפפון קוביות במלח 560 גר,גרמים,560.00,100 גרם,false,1,4.90,0.8750,true,1,523515
7290012313417,false,מיקס זיתים 215 גר,,,מיקס זיתים 215 גר,גרמים,215.00,100 גרם,false,1,12.90,6.0000,true,1,524840
7290012313424,false,זיתים קלמטה שלם 215 ג' יבנה,,,זית קלמטה שלם 215 גר,גרמים,215.00,100 גרם,false,1,12.90,6.0000,true,1,524836
7290012313431,false,זיתים מרוקאיים יבשים 215 ג' יבנה,,,זית מרוקאי יבש 215 גר,גרמים,215.00,100 גרם,false,1,12.90,6.0000,true,1,524837
7290012313547,false,זית קלמטה יבנה 560 ג,,,זית קלמטה יבנה 560 גר,גרמים,560.00,100 גרם,false,1,9.90,1.7679,true,1,497229
7290012362026,false,עוגות בזה 500 גר,קונסטנטין שיווק מוצר,,עוגות בזה,גרמים,500.00,100 גרם,false,1,44.90,8.9800,true,1,455531
7290012362064,false,עוגות קוברינסקי עגול,קונסטנטין שיווק מוצר,,עוגות קוברינסקי עגולות 900גר,גרמים,900.00,100 גרם,false,1,89.90,9.9889,true,1,476995
7290012362095,false,גליליות בצק עלים במי,,,גליליות בצק עלים 400 גר,גרמים,350.00,100 גרם,false,1,44.90,12.8286,true,1,502595
7290012404955,false,ספרינג קולקשן נקטר חמוציות 1.25 ל',"יפאורה תבורי בע""מ",IL,נקטר ספרינג קולקשן,מיליליטרים,1250.00,"100 מ""ל",false,1,12.90,1.0320,true,1,455559
7290012404993,false,ספרינג נקטר חמוציות דיאט קולקשיין 1.25ל,"יפאורה תבורי בע""מ",IL,נקטר ספרינג קולקשן,מיליליטרים,1250.00,"100 מ""ל",false,1,12.90,1.0320,true,1,455562
7290012413643,false,תה ויסוצקי ירוק קמומיל 25 יח',ויסוצקי ירוק,IL,תה ירוק קמומיל 25 שק,גרמים,38.00,100 גרם,false,1,24.90,65.5263,true,1,468310
7290012475368,false,מיץ תפוחים גרין פילד אורגני 1 ליטר,,,מיץ תפוחים אורגני 1 ל,ליטרים,1.00,ליטר,false,1,19.90,19.9000,true,1,513841
7290012522581,false,טבעול שניצל תירס ללא גלוטן טבעול 664 גרם,עיצובים 2020 (4.8),IL,"שניצל תירס ""טבעול"" ל",גרמים,664.00,100 גרם,false,1,29.90,4.5030,true,1,455639
7290012561405,false,בצל חצי מטוגן דורות 180 גרם,עיצובים 2020 (3.8),IL,"בצל מוזהב ""דורות"" 18",גרמים,180.00,100 גרם,false,1,9.90,5.5000,true,1,455643
7290012576348,false,שרדונה ספיישל רזרב 7,,,"יין ספיישל שרדונה 750 מ""ל",מיליליטרים,750.00,"100 מ""ל",false,1,74.90,9.9867,true,1,512815
7290012576362,false,קברנה סוביניון ספייש,יקבי ברקן שיווק והפצ,IL,"יין ספיישל רזרב קברנה סוביניון 750 מ""ל",מיליליטרים,750.00,"100 מ""ל",false,1,74.90,9.9867,true,1,483550
7290012576591,false,יין רזרב גוורצטרמינר,יקבי ברקן שיווק והפצ,IL,"יין רזרב גוורצטרמינר 750 מ""ל",מיליליטרים,750.00,"100 מ""ל",false,1,49.90,6.6533,true,1,485437
7290012576607,false,"יין פרימייר אדום קברנה סובניון ומלבק 750 מ""ל","ברקן שיווק והפצה בע""",IL,יין פרימייר קברנה סוביניון ומלבק 750מל,מיליליטרים,750.00,"100 מ""ל",false,1,27.90,3.7200,true,1,475050
7290012576614,false,יין Premieur לבן חצי יבש אמרלד ריזלינג קולומברד,יקבי ברקן שיווק והפצ,IL,יין פרימייר ריזלינג קולומברד 750מל,מיליליטרים,750.00,"100 מ""ל",false,1,27.90,3.7200,true,1,475051
7290012588242,false,"מים מינרלים מיי וואטר כדורגל מארז 500X6מ""ל",נרה קריטיס אס איי בא,GR,"מים מינרליים כדורגל 500 מ""ל שישייה",מיליליטרים,3000.00,"100 מ""ל",false,1,14.90,0.4967,true,1,497130
7290012588259,false,"כדורגל מים מינרלים 500 מ""ל -בודד",נרה קריטיס אס איי בא,GR,"מים מינרליים כדורגל 500 מ""ל",מיליליטרים,500.00,"100 מ""ל",false,1,3.90,0.7800,true,1,497480
7290012602627,false,דבש פרחי בר חוף הכרמל 640 ג',,,"דבש יערה 500 גר""",גרמים,500.00,100 גרם,false,1,31.90,6.3800,true,1,479422
7290012642036,false,פסטה לה פסטה 5 ספגטי,,,ספגטי לה פסטה 400גר,גרמים,400.00,100 גרם,false,1,3.90,0.9750,true,1,476691
7290012642586,false,ערמונים קלופים תומר 100 ג',Tangshan huiyuan foo,,ערמונים קלופים 100 גר,גרמים,10000.00,100 גרם,false,1,6.90,0.0690,true,1,472990
7290012645020,false,"יוגורט עיזים טבעי חלב הארץ 500 מ""ל",חלב הארץ,,יוגורט עיזים חלב הארץ טבעי בק 500 גר,גרמים,500.00,100 גרם,false,1,11.90,2.3800,true,1,487228
7290012645051,false,יוגורט עיזים בגביע 350 ג',חלב הארץ,IL,יוגורט עיזים ביו 350 גר,גרמים,350.00,100 גרם,false,8,11.90,3.4000,true,1,511415
7290012645068,false,גבינה מותכת מחלב עיזים 16% שומן ישראלה 180 ג',"נארז ע""י : א.ג. גילר",IL,גבינה מותכת מחלב עיזים 180 גר,גרמים,180.00,100 גרם,false,1,24.90,13.8333,true,1,517862
7290012645075,false,יוגורט כבשים יווני בגביע 350 גרם,חלב הארץ,IL,יוגורט כבשים יווני 350 גר,גרמים,350.00,100 גרם,false,8,11.90,3.4000,true,1,517828
7290012645112,false,"יוגורט עיזים בדלי חלב הארץ 750מ""ל",מחלבות סוסיא,IL,יוגורט עיזים דלי 750 גרם,גרמים,750.00,100 גרם,false,1,17.90,2.3867,true,1,496740
7290012645129,false,"יוגורט כבשים בדלי חלב הארץ 750מ""ל",מחלבות סוסיא,IL,יוגורט כבשים דלי 750 גרם,גרמים,750.00,100 גרם,false,1,17.90,2.3867,true,1,496739
7290012645174,false,לאבנה עיזים 5% 200 גר',חלב הארץ,IL,גבינת עיזים 200 גר,גרמים,200.00,100 גרם,false,1,13.90,6.9500,true,1,525150
7290012645181,false,לאבנה עיזים 5% חלב ה,חלב הארץ,IL,לאבנה עיזים 200 גר,גרמים,200.00,100 גרם,false,1,13.90,6.9500,true,1,525151
7290012645280,false,"יוגורט כבשים טבעי 2.8% בגביע חלב הארץ 150מ""ל",מחלבות סוסיא,IL,יוגורט כבשים חלב הארץ בסגנון יווני 150ג,גרמים,150.00,100 גרם,false,8,5.20,3.4667,true,1,487226
7290012645297,false,סוסיא יוגורט עיזים ביו 2.8% ט.טבעי 150מל,מחלבות סוסיא,IL,יוגורט עיזים חלב הארץ בטעם טבעי 150 גר,גרמים,150.00,100 גרם,false,1,5.20,3.4667,true,1,487225
7290012697241,false,סוכרזית מהטבע סטיוויה נוזלי 220מל,אף.סי תבליני בגליל ב,IL,"סוכרזית ""סטיוויה ""נוזלי",מיליליטרים,220.00,"100 מ""ל",false,1,28.90,13.1364,true,1,466768
7290012803055,false,ממתיק על בסיס סוכרלוז - שקיות,תות ממתקי איכות,IL,"סוכרלוז ""מרמולייט"" 1",Unknown,0.00,Unknown,false,1,26.90,0.0000,true,1,455716
7290012803215,false,וופל בלגי בטעם שוקולד ללא תוספת סוכר,בטר אנד דיפרנט,IL,טוסו וופל בלגי בטעם שוקולד 200 גר,גרמים,200.00,100 גרם,false,1,9.90,4.9500,true,1,469235
7290012803222,false,וופל בלגי בטעם לימון ללא תוספת סוכר,בטר אנד דיפרנט,IL,טוסו וופל בלגי בטעם לימון 200 גר,גרמים,200.00,100 גרם,false,1,9.90,4.9500,true,1,469236
7290012803765,false,שוקולד מריר ללא תוספת סוכר,אלטינמארקה גידה סאן,TR,טוסו שוקולד מריר 100 גר,גרמים,100.00,100 גרם,false,1,10.90,10.9000,true,1,469233
7290012803772,false,שוקולד חלב ללא תוספת סוכר,אלטינמארקה גידה סאן,TR,טוסו שוקולד חלב 100 גר,גרמים,100.00,100 גרם,false,1,10.90,10.9000,true,1,469232
7290012823237,false,"תחליב רחצה קרמה בריזת ים 700 מ""ל",קוסמופארם,IL,תחליב רחצה קרמה תה ירוק 750מל,מיליליטרים,700.00,"100 מ""ל",false,1,16.90,2.4143,true,1,476551
7290012823381,false,מרכך כביסה מקסימה סנסיטיב מרוכז ורוד 1 ל' סנו,"סנו מפעלי ברונוס בע""",IL,"מרכך כביסה ""סנו מקסי",מיליליטרים,1000.00,"100 מ""ל",false,1,16.90,1.6900,true,1,455747
7290012823541,false,מטליות ריצפז פרש בריח לבנדר 10 יח' סנו,"סנו מפעלי ברונוס בע""",IL,ריצפז פרש מטליות ינק,Unknown,0.00,Unknown,false,1,10.90,0.0000,true,1,455749
7290012823565,false,פוליויקס פרקט מטליות ענק לחות 10יח,דינאמיק תעשיות,IL,סנו פוליווקס פרקט מט,Unknown,0.00,Unknown,false,1,14.90,0.0000,true,1,455751
7290012823602,false,נייר טואלט סופט סילק לבן - מארז 32 גלילים,טרופיקל דגיל תעשיות,IL,נייר טואלט סופט סילק,Unknown,0.00,Unknown,false,1,32.90,0.0000,true,1,455753
7290012850011,false,מחית ביליבד תפוחי עץ 190ג',NOVOFRUCHT SK S.R.O,SK,מחית לתינוקות בלווד תפוחי עץ 190 גר,גרמים,190.00,100 גרם,false,1,5.90,3.1053,true,1,500421
7290012850073,false,בי לאב מחית סלט פירות 190 גר,בילובד Beloved,SK,מחית לתינוקות בלווד סלט פירות 190 גר,גרמים,190.00,100 גרם,false,1,5.90,3.1053,true,1,500423
7290012887017,false,עוגת שמרים 390 גר,,,עוגת שמרים 390 גר,גרמים,390.00,100 גרם,false,1,19.90,5.1026,true,1,455782
7290012887031,false,עוגיות מזורקה באריזה,,,עוגיות מזורקה באריזה,גרמים,270.00,100 גרם,false,1,24.90,9.2222,true,1,511434
7290012899591,false,מלפפון אלפא 7-9 670,,,"מלפפון ""אלפא"" 7-9 670גר",גרמים,670.00,100 גרם,false,1,7.90,1.1791,true,1,467392
7290012899607,false,מלפפון אלפא 10-12 67,,IL,"מלפפון ""אלפא"" 10.-12 670גר",גרמים,670.00,100 גרם,false,12,7.90,1.1791,true,1,467393
7290012899874,false,מלפפון אלפא בחומץ 67,,IL,מלפפון אלפא בחומץ 670 גר,גרמים,670.00,100 גרם,false,12,7.90,1.1791,true,1,513095
7290012901355,false,דודלס ארוחת אטריות עם גבינה 206 גרם,האי נאם סי או אל.טי.,US,ארוחת אטריות נודלס עם גבינה 206 גר,גרמים,206.00,100 גרם,false,1,12.90,6.2621,true,1,502463
7290012911156,false,"רוטב טריאקי שומשום 300 מ""ל",קיי.אר.אס.ספייסי פוד,TH,רוטב טריאקי שומשום 300 מל,מיליליטרים,300.00,"100 מ""ל",false,6,14.90,4.9667,true,1,483090
7290012911170,false,מיסו כהה-מחית פולי סויה,טעמי אסיה Taste of Asia,,מיסו כהה 500 גר,גרמים,500.00,100 גרם,false,1,13.90,2.7800,true,1,492053
7290012911187,false,מיסו בהיר-מחית פולי סויה,טעמי אסיה Taste of Asia,,מיסו בהיר 500 גר,גרמים,500.00,100 גרם,false,10,13.90,2.7800,true,1,492054
7290012911255,false,שיכר שזיפים עם פרי 7,,,שיכר שזיפים עם פרי 750 מל,מיליליטרים,750.00,"100 מ""ל",false,8,39.90,5.3200,true,1,510849
7290012911262,false,"מירין משובח 500 מ""ל",פוקולוקו,CN,מירין משובח 500 מל,מיליליטרים,500.00,"100 מ""ל",false,1,19.90,3.9800,true,1,512375
7290012911293,false,דפי אורז ללא גלוטן 300 ג',טעמי אסיה Taste of Asia,VN,דפי אורז 300 גר,גרמים,300.00,100 גרם,false,10,14.90,4.9667,true,1,483094
7290012911415,false,ממרח קארי ירוק 400ג',קיי אר אס ספייסי פוד,TH,ממרח קארי ירוק 400 גר,גרמים,400.00,100 גרם,false,1,19.90,4.9750,true,1,492416
7290012911422,false,ממרח קארי אדום 400ג',טעמי אסיה Taste of Asia,TH,ממרח קארי אדום 400 גר,גרמים,400.00,100 גרם,false,6,19.90,4.9750,true,1,492417
7290012911439,false,ממרח קארי צהוב 400ג',טעמי אסיה Taste of Asia,TH,ממרח קארי צהוב 400 גר,גרמים,400.00,100 גרם,false,1,19.90,4.9750,true,1,512374
7290012911477,false,קרם קוקוס גולד 400 ג,אסיאטיק אגרו אינדסטר,TH,קרם קוקוס 400 מל,מיליליטרים,400.00,"100 מ""ל",false,24,10.90,2.7250,true,1,483095
7290012911613,false,רצועות צנון יפני כבו,,,רצועות צנון יפני כבוש טקואן 100 גר,גרמים,100.00,100 גרם,false,10,12.90,12.9000,true,1,500336
7290012911675,false,פטריות שיטאקה מיובשות,טעמי אסיה Taste of Asia,IL,פטריות שטאקי 85 גר,גרמים,85.00,100 גרם,false,1,18.90,22.2353,true,1,491613
7290012911729,false,ג'ינג'ר ורוד לסושי 250ג',טעמי אסיה Taste of Asia,CN,גינגיר לסושי 250 גר,גרמים,250.00,100 גרם,false,6,9.90,3.9600,true,1,474837
7290012911804,false,"שמן שומשום כשר 150 מ""ל",גואנגדונג גוד טייסט,SG,שמן שומשום 150 מל,מיליליטרים,150.00,"100 מ""ל",false,12,13.90,9.2667,true,1,483556
7290012911866,false,דפי אורז מרובעים ללא,טעמי אסיה Taste of Asia,VN,דפי אורז מרובעים 300 גר,גרמים,300.00,100 גרם,false,10,14.90,4.9667,true,1,495596
7290012911941,false,רוטב צ'ילי מתוק ללא תוספת סוכר,טעמי אסיה Taste of Asia,TH,רוטב צילי מתוק ללא סוכר 700 מל,מיליליטרים,700.00,"100 מ""ל",false,6,20.90,2.9857,true,1,498353
7290012911965,false,ג'ינג'ר לסושי ללא צבע כשר 250ג',טעמי אסיה Taste of Asia,CN,גינגיר לסושי ללא צבע 250 גר,גרמים,250.00,100 גרם,false,6,9.90,3.9600,true,1,493318
7290012921025,false,מלכה בוטיק בירה בהיר,בירה מלכה בעמ,IL,"בירה ""מלכה"" בהירה 330 מ""ל",מיליליטרים,330.00,"100 מ""ל",false,1,13.90,4.2121,true,1,455799
7290012921032,false,מלכה בוטיק בירה אדמו,בירה מלכה בעמ,IL,"בירה ""מלכה"" אדמונית",מיליליטרים,330.00,"100 מ""ל",false,1,13.90,4.2121,true,1,455800
7290012921063,false,בירה מלכה הינדי בבקבוק,בירה מלכה בעמ,IL,"בירה ""מלכה"" הינדי 330 מ""ל",מיליליטרים,330.00,"100 מ""ל",false,1,13.90,4.2121,true,1,479633
7290012921070,false,בירה מלכה אדמונית 75,,,בירה מלכה אדמונית 750 מל,מיליליטרים,750.00,"100 מ""ל",false,1,29.90,3.9867,true,1,514943
7290012921087,false,בירה מלכה בהירה 750,,,בירה מלכה בהירה 750 מל,מיליליטרים,750.00,"100 מ""ל",false,1,29.90,3.9867,true,1,514942
7290012938405,false,רדיד אלומניום דיימונד 087- עבה במיוחד,,,רדיד אלומיניום דיימונד עבה,Unknown,0.00,Unknown,false,1,16.90,0.0000,true,1,495227
7290012938580,false,"סנסודיין משחת שיניים להלבנה עדינה 75 מ""ל",גלקסוסמית'קליין קונס,GB,משחת שיניים סנסודיין הלבנה עדינה 75 מל,מיליליטרים,75.00,"100 מ""ל",false,1,20.90,27.8667,true,1,489572
7290012938597,false,"סנסודיין משחת שיניים רפיד רליף 75 מ""ל","סמיתקליין ביצ'ם בע""מ",SK,משחת שיניים סנסודיין רפיד רליף 75 מל,מיליליטרים,75.00,"100 מ""ל",false,1,22.90,30.5333,true,1,503697
7290012938740,false,"משחת שיניים פרש מינט מנטה 75מ""ל סנסודיין",גלקסו סמית קליין,GB,משחת שיניים סנסודיין פרש מינט 75 מל,מיליליטרים,75.00,"100 מ""ל",false,1,20.90,27.8667,true,1,503696
7290012956041,false,ערק קעואר 45% ירוק 7,,,"ערק ""קעוואר"" ירוק 0.",מיליליטרים,750.00,"100 מ""ל",false,12,89.90,11.9867,true,1,455815
7290012956737,false,ערק גלילי משובח 700,,,ערק גלילי משובח,מיליליטרים,700.00,"100 מ""ל",false,1,59.90,8.5571,true,1,518664
7290012956768,false,קוקטייל על בסיס ערק,,,קוקטייל על בסיס ערק ופסיפלורה טבעי 500 מ,מיליליטרים,500.00,"100 מ""ל",false,1,59.90,11.9800,true,1,518666
7290012956782,false,קוקטייל על בסיס ערק,,,קוקטייל על בסיס ערק ואננס טבעי 500 מל,מיליליטרים,500.00,"100 מ""ל",false,1,59.90,11.9800,true,1,518667
7290012956843,false,יין אדום יבש גלילי 7,,,יין אדום יבש גלילי 750 מל,מיליליטרים,750.00,"100 מ""ל",false,1,39.90,5.3200,true,1,519178
7290012956850,false,יין אדום יבש גלילי 7,,,יין אדום יבש גלילי 750 מל,מיליליטרים,750.00,"100 מ""ל",false,1,39.90,5.3200,true,1,519177
7290012962448,false,"מדליק פחם נוזלי 250 מ""ל עם פקק ביטחון EASY LIGHT",איזי לייט Easy light,,מדליק פחם נוזלי איזי לייט 250מל,מיליליטרים,250.00,"100 מ""ל",false,1,15.90,6.3600,true,1,475259
7290012962455,false,"רדיד אלומיניום עבה במיוחד 18 מיקרון 50מ'45X ס""מ",הוסטס,,רדיד אלומיניום עבה במיוחד 50מטר,יחידה,1.00,יחידה,false,1,46.90,46.9000,true,1,475258
7290012962493,false,"אטב איטלקי מחוזק 36 יחידות ""הוסטס""",הוסטס,,אטב איטלקי מחוזק הוסטס 36יח,יחידה,1.00,יחידה,false,1,16.90,16.9000,true,1,475881
7290012962561,false,הוסטוס קיסמי שיניים 500 יח',הוסטס Hostess,,קיסמי שיניים 500יח,יחידה,1.00,יחידה,false,1,4.90,4.9000,true,1,476739
7290012962578,false,צימרוני אוזניים עץ בקופסת פלסטיק 300יח',הדקלאים אגודת שיתופי,CN,צימרוני אוזניים עץ 300יח,Unknown,0.00,Unknown,false,1,9.90,0.0000,true,1,475882
7290012962592,false,מדליק פחם אקולוגי מוצק 32 יחידות EASY LIGHT,איזי לייט Easy light,,מדליק פחם אקולוגי 32 יח 165 גר,גרמים,165.00,100 גרם,false,1,9.90,6.0000,true,1,478852
7290012971839,false,כוסמת עם בשר 400 גר,,,כוסמת עם בשר 400 גר,גרמים,400.00,100 גרם,false,1,14.90,3.7250,true,1,490647
7290012983320,false,מלית תמרים כנרת בגבי,מנדלז סי.אר. פרודקשן,IL,מלית תמרים בגביע 450 גר,גרמים,450.00,100 גרם,false,1,5.90,1.3111,true,1,499852
7290012983610,false,תמר כבוש כנרת 500 גר',,,תמר כבוש 500 גר,גרמים,500.00,100 גרם,false,1,12.90,2.5800,true,1,499853
7290012996450,false,הפי מרכך לכביסה מרוכז כחול 1ל',קרלו,BE,מרכך כביסה הפי מרוכז פרחי אביב 1 ל,ליטרים,1.00,ליטר,false,1,12.90,12.9000,true,1,489881
7290012996672,false,הפי סבון לאסלה מבושם זוג,יוליניבר,IT,סבון אסלה כחול צלול 55 גר זוג,גרמים,110.00,100 גרם,false,1,9.90,9.0000,true,1,489866
7290012996702,false,מגן + מבשם דוחה עש בניחוח לבנדר,יעקבי - הפי Hepi,IT,גל מגן עש לבגדים הפי 2 יח,Unknown,0.00,Unknown,false,1,11.90,0.0000,true,1,489868
7290013038432,false,מים מזוככים אקווה נובה,אקווה נובה Aqua Nova,IL,אקווה נובה 2 ליטר,מיליליטרים,2000.00,"100 מ""ל",false,1,3.90,0.1950,true,1,455862
7290013080691,false,מרשמלו 150 גרם,,,מרשמלו 150 גר,גרמים,150.00,100 גרם,false,1,7.90,5.2667,true,1,524461
7290013083661,false,תרכובת מזון המשך לפעוטות שלב 1 Extra Care,מטרנה תעשיות ש.מ,IL,מטרנה אקסטרה קר שלב,גרמים,700.00,100 גרם,false,1,59.90,8.5571,true,1,455865
7290013083678,false,תרכובת מזון המשך לפעוטות שלב 2 Extra Care,מולינו ניקולי s.p.a,IL,מטרנה אקסטרה קר שלב,גרמים,700.00,100 גרם,false,1,59.90,8.5571,true,1,455866
7290013083685,false,תרכובת מזון המשך לפעוטות שלב 3 Extra Care,מטרנה תעשיות ש.מ,IL,מטרנה אקסטרה קר שלב,גרמים,700.00,100 גרם,false,1,59.90,8.5571,true,1,455867
7290013083999,false,חול יורוקיטי קריסטלי 3.8 ל',קינדאו,CN,חול קריסטלי לחתולים,ליטרים,3.80,ליטר,false,1,34.90,9.1842,true,1,455869
7290013107015,false,ממרח בטעם כבד קלאסי,,,ממרח בטעם כבד קלאסי 130 גר,גרמים,130.00,100 גרם,false,1,6.90,5.3077,true,1,527547
7290013107022,false,ממרח בטעם כבד עם שום,,,ממרח בטעם כבד עם שום 130 גר,גרמים,130.00,100 גרם,false,1,6.90,5.3077,true,1,527548
7290013117212,false,בורקס פילו גבינה מעדנות מעדנות 600 ג',מיוצר עי קונדיטוריית,IL,בורקס פילוי במילוי ג,גרמים,600.00,100 גרם,false,1,19.90,3.3167,true,1,455884
7290013117229,false,בורקס פילו תפוא מעדנות 600 גרם,מיוצר עי קונדיטוריית,IL,בורקס פילוי במילוי ת,גרמים,600.00,100 גרם,false,1,19.90,3.3167,true,1,455885
7290013117236,false,בורקס פילו פיצה מעדנות 600 ג',מיוצר עי קונדיטוריית,IL,בורקס פילו פיצה 600,גרמים,600.00,100 גרם,false,1,19.90,3.3167,true,1,455886
7290013117243,false,בורקס פילו בולגרית מעדנות 600 ג',מיוצר עי קונדיטוריית,IL,בורקס פילו בולגרית 6,גרמים,600.00,100 גרם,false,1,19.90,3.3167,true,1,455887
7290013117410,false,בצק פריך מרודד למאפים מתוקים 900 ג' מעדנות,מיוצר עי קונדיטוריית,IL,בצק פריך מתוק 900 גר,גרמים,900.00,100 גרם,false,1,19.90,2.2111,true,1,455890
7290013117427,false,בצק פריך מרודד למאפים מלוחים 900 ג' מעדנות,מיוצר עי קונדיטוריית,IL,בצק פריך מלוח 900 גר,גרמים,900.00,100 גרם,false,1,19.90,2.2111,true,1,455891
7290013117526,false,מעדנות בצק שמרים למאפים מתוקים 900 גרם,"מעדנות בע""מ",IL,בצק שמרים למאפים מתוקים 900 גר,גרמים,900.00,100 גרם,false,1,19.90,2.2111,true,1,455896
7290013121042,false,לחם איטלקי ללא גלוטן,אביב קונדיטוריה מעול,IL,לחם איטלקי 500 גר,גרמים,500.00,100 גרם,false,1,18.90,3.7800,true,1,486905
7290013146755,false,מימונס קצפת 24% 500,,,מימונס קצפת 24% 500 גר,גרמים,500.00,100 גרם,false,1,13.90,2.7800,true,1,518952
7290013146762,false,קצפת לזילוף 24% שומן,,,מימונס קצפת 24% 200 גר,גרמים,200.00,100 גרם,false,1,6.90,3.4500,true,1,518951
7290013153395,false,פריגת סחוט טרי רימונים 1ליטר,פריגת,IL,מיץ רימונים פריגת סחוט 1 ל,ליטרים,1.00,ליטר,false,1,26.90,26.9000,true,1,480243
7290013153418,false,פריגת סחוט לימונענע 1ל',,,מיץ פריגת סחוט לימונענע 1 ל,ליטרים,1.00,ליטר,false,1,18.90,18.9000,true,1,481701
7290013153593,false,רכז פריגת תפוזים מתק,"גת גבעת חיים,",IL,רכז פריגת תפוזים מתקתק 1 ל,ליטרים,1.00,ליטר,false,1,13.90,13.9000,true,1,491658
7290013187215,false,פילה סלמון מנות קפוא,,,פילה סלמון מנות קפוא 800 גר,גרמים,800.00,100 גרם,false,,89.90,11.2375,true,1,520190
7290013187871,false,נקניק סרוולט אוסטרי,,,נקניק סרוולט אוסטרי 170 גר,גרמים,170.00,100 גרם,false,1,35.90,21.1176,true,1,488779
7290013187888,false,נקניק סרוולט רוסקי 1,,,נקניק סרוולט רוסקי 170 גר,גרמים,170.00,100 גרם,false,1,36.90,21.7059,true,1,488780
7290013187949,false,נקניק סרוולט איטלקי,,,נקניק סרוולט איטלקי 170 גר,גרמים,170.00,100 גרם,false,1,24.90,14.6471,true,1,488778
7290013215017,true,פטריות דואט ארוזות,חוות השמפיניון,,פטריות דואט ארוזות,יחידה,1.00,יחידה,false,1,15.50,15.5000,true,1,481270
7290013215062,false,פטריות יער ארוזות,חוות השמפיניון,,פטריות יער ארוזות,Unknown,0.00,Unknown,false,1,12.90,0.0000,true,1,481269
7290013215123,false,פטריות שמפניון למילו,ביכורי שדה דרום 2002,,שישיית השף ביג שמפניון ארוז,Unknown,0.00,Unknown,false,1,17.90,0.0000,true,1,526752
7290013220042,false,מיקס פירות טרופיים 5,א.מ שרון,PL,מיקס פירות טרופיים 500גר,גרמים,500.00,100 גרם,false,1,24.90,4.9800,true,1,471557
7290013220066,false,ענבי שועל קפוא 500 ג,,,ענבי שועל קפוא 500 גר,גרמים,500.00,100 גרם,false,1,24.90,4.9800,true,1,493660
7290013220103,false,דובדבן קפוא 500 גרם,א.מ שרון,PL,דובדבן 500 גר,גרמים,500.00,100 גרם,false,1,19.90,3.9800,true,1,471552
7290013220110,false,פטל אדום קפוא 500 גר,,,פטל אדום קפוא 500 גר,גרמים,500.00,100 גרם,false,1,29.90,5.9800,true,1,471545
7290013220127,false,דומדמנית שחורה קפוא,א.מ שרון,PL,דומדמניות שחורות 500 גר,גרמים,500.00,100 גרם,false,1,19.90,3.9800,true,1,471554
7290013220134,false,מיקס פירות שדה קפוא,א.מ שרון,PL,מיקס פירות שדה 500 גר,גרמים,500.00,100 גרם,false,1,19.90,3.9800,true,1,471555
7290013220196,false,אוכמניות צהובות אובל,,,אוכמניות צהובות אובלפיחה 400 גר,גרמים,400.00,100 גרם,false,1,29.90,7.4750,true,1,473924
7290013220301,false,פטל שחור 500 גר,,,פטל שחור 500 גר,גרמים,500.00,100 גרם,false,1,24.90,4.9800,true,1,471546
7290013220318,false,חמוצית קפוא 400 גרם,א.מ שרון,PL,חמוציות גן 400 גר,גרמים,400.00,100 גרם,false,1,24.90,6.2250,true,1,471547
7290013220349,false,דומדמניות אדומות 500,א.מ שרון,PL,דומדמניות אדומות 500 גר,גרמים,500.00,100 גרם,false,1,19.90,3.9800,true,1,471553
7290013220486,false,תות עץ 400 גר,,,תות עץ 400 גר,גרמים,400.00,100 גרם,false,1,29.90,7.4750,true,1,523902
7290013220899,false,תות שדה קפוא 500 גרם,א.מ שרון,PL,תות שדה קפוא 500 גר,גרמים,500.00,100 גרם,false,1,24.90,4.9800,true,1,475590
7290013220905,false,אוכמניות אדומות 400,,,אוכמניות אדומות 400 גר,גרמים,400.00,100 גרם,false,1,29.90,7.4750,true,1,471551
7290013220912,false,חמוציות יער 400 גר,,,חמוציות יער 400 גר,גרמים,400.00,100 גרם,false,1,29.90,7.4750,true,1,471548
7290013220929,false,אוכמניות כחולות קפוא,א.מ שרון,PL,אוכמניות כחולות 400 גר,גרמים,400.00,100 גרם,false,1,29.90,7.4750,true,1,471550
7290013220950,false,דומדמניות אדומות קפו,,,דומדמניות אדומות קפוא 300 גר,גרמים,300.00,100 גרם,false,1,10.90,3.6333,true,1,487676
7290013220981,false,אוכמניות שחורות 400,,,אוכמניות שחורות 400 גר,גרמים,400.00,100 גרם,false,1,29.90,7.4750,true,1,471549
7290013221001,false,חתיכות אננס קפוא 500,א.מ שרון,PL,אננס קפוא 500 גר,גרמים,500.00,100 גרם,false,1,24.90,4.9800,true,1,499750
7290013221018,false,חתיכות מנגו קפוא 500,א.מ שרון,PL,מנגו קפוא 500 גר,גרמים,500.00,100 גרם,false,1,24.90,4.9800,true,1,499751
7290013267665,false,מאגדת מיני סולרו פירות טרופי 6 יח' 354 ג',"מיוצר ע""י גלידת שטרא",IL,מאגדת מיני סולרו טרופי 295 גר,גרמים,295.00,100 גרם,false,1,23.90,8.1017,true,1,467176
7290013268020,false,סנו - מקסימה מרכך כביסה מרוכז אולטרה פרש 1 ליטר,"סנו מפעלי ברונוס בע""",IL,"מרכך כביסה ""מקסימה""",מיליליטרים,1000.00,"100 מ""ל",false,1,16.90,1.6900,true,1,456004
7290013268242,false,תרכיז ריחני לניקוי רצפות בריח מלון מפנק ריצפז פרש,"סנו מפעלו ברונוס בע""",IL,ריצפז פרש הום מלון מפנק 2 ל,ליטרים,2.00,ליטר,false,8,19.90,9.9500,true,1,510331
7290013268570,false,דאודורנט ספריי אנטיפרספירנט אקטיב בלוק Calm,אמיליה קוסמטיקס,IL,דאודורנט ספריי לגבר קאלם קרמה 200 מל,מיליליטרים,200.00,"100 מ""ל",false,1,14.90,7.4500,true,1,456030
7290013268839,false,סנו פוליויקס פרקט בריח מלון חלומי,סנו פוליויקס,IL,סנו פוליויקס פרקט בניחוח מלון חלומי 2 ל,ליטרים,2.00,ליטר,false,1,19.90,9.9500,true,1,499202
7290013268891,false,מסיר כתמים ג'ל אוקסיג'ן ללא אקונומיקה,"סנו מפעלי ברונוס בע""",IL,"סנו ג""ל ""אוקסיג""ן"" 3",ליטרים,3.00,ליטר,false,1,26.90,8.9667,true,1,456046
7290013268907,false,ג'ל כביסה מרוכז מקסימה Bio cold water,"סנו מפעלי ברונוס בע""",IL,"ג""ל כביסה ""מקסימה"" ק",ליטרים,3.00,ליטר,false,1,28.90,9.6333,true,1,456047
7290013269003,false,מרכך כביסה סופר מרוכז בייבי לתינוקות ולעור רגיש,"סנו מפעלי ברונוס בע""",IL,"מרכך כביסה ""סנו מקסימה"" בייבי 1 ל",מיליליטרים,1000.00,"100 מ""ל",false,1,16.90,1.6900,true,1,456052
7290013269263,false,ג'ל כביסה מרוכז מקסימה בבישום קריסטל נואר,סנו מפעלי ברונוס בעמ,IL,"ג""ל כביסה ""מקסימה"" קריסטל 3 ל",מיליליטרים,3000.00,"100 מ""ל",false,1,28.90,0.9633,true,1,456062
7290013269287,false,סנו - מקסימה ג'ל כביסה מרוכז מאסק 3 ליטר,"סנו מפעלי ברונוס בע""",IL,"ג""ל כביסה ""מקסימה"" מאסק 3 ל",Unknown,0.00,Unknown,false,1,28.90,0.0000,true,1,470237
7290013269621,false,ריצפז פרש לניקוי רצפות בניחוח מלון בוטיק,מיוצר עי קונדיטוריית,IL,תרכיז לניקוי רצפות סנו ריצפז פרש הום 2ל,ליטרים,2.00,ליטר,false,8,19.90,9.9500,true,1,501297
7290013269638,false,ספוג הפלא אקסטרה Extra- מארז 6 יח',סנו סושי,US,"ספוג הפלא אקסטרה ""סנו סושי",Unknown,0.00,Unknown,false,1,10.90,0.0000,true,1,470187
7290013269645,false,מטליות לחות לניקוי הרצפה בניחוח מאסק ריצפז פרש,סנו מפעלי ברונוס בעמ,IL,"מטליות לחות לרצפה ""ריצפז פרש"" מאסק",Unknown,0.00,Unknown,false,1,10.90,0.0000,true,1,471424
7290013269706,false,סנובון ג'ל לניקוי האסלה בניחוח אוקיינוס,סנו,PL,גל לאסלה סנובון בניחוח אוקיינוס,מיליליטרים,55.00,"100 מ""ל",false,1,6.90,12.5455,true,1,475459
7290013269751,false,מטליות לחותריצפז פרש לניקוי ריצפה בניחות מלון בוטיק 10 יח' סנו,טרופיקל דגיל תעשיות,IL,ריצפז מטליות לחות לניקוי הרצפה בניחוח מל,Unknown,0.00,Unknown,false,12,10.90,0.0000,true,1,501296
7290013269867,false,סנו סושי זוג מפות אירוח,מיוצר עי קונדיטוריית,IL,מפות שולחן סנו סושי זוג,Unknown,0.00,Unknown,false,1,9.90,0.0000,true,1,475819
7290013276124,false,בירה נגב אמבר אייל ח,"איי, בי, אינבוו",IL,"בירה נגב אמבר אייל 330 מ""ל",מיליליטרים,330.00,"100 מ""ל",false,1,13.90,4.2121,true,1,504447
7290013284051,false,זיתים פריניר טריו 56,פריניר ( הדס 1987) ב,IL,זיתים פריניר טריו 560 גר,גרמים,560.00,100 גרם,false,1,8.90,1.5893,true,1,489341
7290013284082,false,חרוזית מושחר פריניר,פריניר,,זיתים פריניר חרוזית מושחר 560 גר,גרמים,560.00,100 גרם,false,1,9.90,1.7679,true,1,489343
7290013284136,false,מלפפונים פריניר במלח,פריניר,,מלפפונים פריניר במלח 7-9 560 גר,גרמים,560.00,100 גרם,false,1,5.90,1.0536,true,1,489347
7290013284143,false,מלפפונים פריניר במלח,פריניר,,מלפפונים פריניר במלח 10-12 560 גר,גרמים,560.00,100 גרם,false,1,7.90,1.4107,true,1,489349
7290013284150,false,מלפפונים פריניר במלח,פריניר,,מלפפונים פריניר במלח 13-17 560 גר,גרמים,560.00,100 גרם,false,1,8.90,1.5893,true,1,489351
7290013310064,false,חוט דנטלי בטעם מנטה מצופה שעווה,הוסטס Hostess,,חוט דנטאלי רפואי עם,Unknown,0.00,Unknown,false,1,8.90,0.0000,true,1,456075
7290013310101,false,"שיפודי במבוק ג'מבו 50 יח' עובי 5 מ""מ אורך 30 ס""מ",הדקלאים אגודת שיתופי,CN,שיפודי במבוק גימבו 50יח,יחידה,50.00,יחידה,false,1,5.90,0.1180,true,1,477964
7290013310118,false,"ממחטות כיס שישיה תלת שכבתי ""פנטזיה""",V.P.CO,,ממחטות כיס תלת שכבתי פנטזיה שישייה,Unknown,0.00,Unknown,false,1,5.90,0.0000,true,1,487124
7290013310163,false,מדליק פחם מוצק 40 יח' EASY LIGHT,הדקלאים אגודת שיתופי,DE,מדליק פחם מוצק איזי לייט 40יח,יחידה,1.00,יחידה,false,1,9.90,9.9000,true,1,476738
7290013310378,false,כפפות ניטריל S כחולות ללא אבקה 80 יח' EASY TOUCH,איזי טאץ' Easy touch,,"כפפות ""איסי טאצ"""" כח",יחידה,80.00,יחידה,false,1,27.90,0.3487,true,1,456079
7290013310385,false,כפפות ניטריל M כחולות ללא אבקה 80 יח' EASY TOUCH,איזי טאץ' Easy touch,,"כפפות ""איסי טאצ"""" כח",יחידה,80.00,יחידה,false,1,27.90,0.3487,true,1,456080
7290013310392,false,כפפות ניטריל L כחולות ללא אבקה 80 יח' EASY TOUCH,איזי טאץ' Easy touch,,L כפפות ניטריל איזי טאצ כחולות 80 יח,Unknown,0.00,Unknown,false,10,27.90,0.0000,true,1,456081
7290013310477,false,"שיפודי במבוק ג'מבו שטוחים 40 ס""מ 25 יח'",הוסטס,,שיפודי במבוק גימבו שטוחים 25יח,יחידה,25.00,יחידה,false,1,8.90,0.3560,true,1,477965
7290013358356,false,מאסטר שף - פירורי לחם מוזהבים 320 גרם,מנה י.א בעמ,IL,"פירורי לחם ""מנה""מוזהבים 350 גר",גרמים,320.00,100 גרם,false,1,6.90,2.1563,true,1,468451
7290013358363,false,פירורי לחם פנקו מזוהבים מאסטר שף מנה 300 ג',קריניציה ויטמינה אס,IL,"פירורי לחם ""מנה"" פנקו מוזהבים 300 גר",גרמים,300.00,100 גרם,false,1,9.90,3.3000,true,1,468452
7290013358370,false,פירורי לחם פנקו בטעם שום מאסטר שף 300 ג',"מיוצר ע""י מנה י.א בע",IL,"פירורי לחם ""מנה"" פנקו מוזהבים בטם שום",גרמים,300.00,100 גרם,false,1,9.90,3.3000,true,1,468453
7290013358417,false,"רוטב טיריאקי מאסטר שף אסייאתי 300 מ""ל",קריניציה ויטמינה אס,TH,רוטב טריאקי מאסטר שף 300מל,מיליליטרים,300.00,"100 מ""ל",false,1,11.90,3.9667,true,1,479469
7290013358462,false,"מיני קרוטונים למרק בתיבול שום, בצל ופטרוזיליה","עינת תעשיות מזון, אג",IL,מיני קרוטונים למרק מנה שום בצל 350גר,גרמים,350.00,100 גרם,false,1,18.90,5.4000,true,1,478047
7290013358486,false,פירורי לחם מוזהבים ללא צורך בביצה,"מיוצר ע""י מנה י.א בע",IL,פרורי לחם מאסטר שף 300גר,גרמים,300.00,100 גרם,false,1,7.90,2.6333,true,1,475198
7290013358493,false,"קרם קוקוס מאסטר שף 400 מ""ל",תאי קוקונט פבליק קומ,TH,קרם קוקוס מאסטר שף 400מל,מיליליטרים,400.00,"100 מ""ל",false,1,9.90,2.4750,true,1,479475
7290013358509,false,"מיקסלט גרעינים, קטניות ואגוזים",בטר אנד דיפרנט,IL,חטיפים מיקסלט מאסטר שף 200 גר,גרמים,200.00,100 גרם,false,1,14.90,7.4500,true,1,495680
7290013358516,false,"מיקסלט חמוציות, גרעינים, קטניות ואגוזים",המאפיה של הרמן,IL,חטיפים מיקסלט חמוציות מאסטר שף 200 גר,גרמים,200.00,100 גרם,false,1,14.90,7.4500,true,1,495681
7290013358530,false,מאסטר שף אסייאתי רוטב צ'ילי מתוק 700 מל,קריניציה ויטמינה אס,TH,רוטב צילי מתוק מאסטר שף 700מל,מיליליטרים,700.00,"100 מ""ל",false,1,12.90,1.8429,true,1,479473
7290013358547,false,מאסטר שף אסייאתי רוטב צ'ילי חריף 700 מל,קי אר אס ספייסי פוד,TH,רוטב צילי חריף מאסטר שף 700מל,מיליליטרים,700.00,"100 מ""ל",false,1,9.80,1.4000,true,1,479474
7290013358578,false,מאסטר שף אטריות אורז רחבות 5 ממ 400גר,ליינג טונג רייס פלוו,TH,אטריות אורז מאסטר שף רחבות 400גר,גרמים,400.00,100 גרם,false,1,9.90,2.4750,true,1,479470
7290013358585,false,נודלס ביצים להקפצה מאסטר שף 400 ג',הנסיך- מפעל לייצור ט,CN,נודלס ביצים מאסטר שף 400גר,גרמים,400.00,100 גרם,false,1,9.90,2.4750,true,1,479471
7290013358806,false,פריכיות אורז מאורז חום מלא עם מלח,מנה Mana,IL,מארז זוג פריכיות אורז מנה עם מלח 264 גר,גרמים,264.00,100 גרם,false,1,11.90,4.5076,true,1,485901
7290013366030,true,מלפפון בייבי,ביכורי שדה דרום 2002,,מלפפון בייבי,Unknown,0.00,Unknown,false,1,9.90,0.0000,true,1,505187
7290013381088,false,עמבה הודית נאמן 500 גר',נאמן,,עמבה הודית 500 גר,גרמים,500.00,100 גרם,false,1,9.90,1.9800,true,1,493122
7290013381163,false,"שיפודים רחב שטוח 40 ס""מ 25 יח'",כל גומי,,שיפודים עבים 25 יח,Unknown,0.00,Unknown,false,1,7.90,0.0000,true,1,456105
7290013381194,false,פותח סתימות 220 גר,סטרוכם,,פותח סתימות 220 גרם,גרמים,220.00,100 גרם,false,1,12.90,5.8636,true,1,456106
7290013381217,false,גפרורים ארוכים,י.ד. יבוא,,גפרון ארוך,Unknown,0.00,Unknown,false,1,7.90,0.0000,true,1,456107
7290013381576,false,"רוזטה תרכיז שקדים 1 ליטר בד""צ",הילל תעשיות,IL,רוזטה תרכיז שקדים 1 ל,ליטרים,1.00,ליטר,false,12,21.90,21.9000,true,1,503023
7290013381675,false,"סירופ למלבי נאמן 750מ""ל",הילל תעשיות,IL,"סירופ מלבי 750 מ""ל",מיליליטרים,750.00,"100 מ""ל",false,12,18.90,2.5200,true,1,503024
7290013381767,false,גז למילוי מצתים 260 מ'ל,KOZMO,,"גז למצתים 260 מ""ל",Unknown,0.00,Unknown,false,1,9.90,0.0000,true,1,469032
7290013381897,false,טורטית מקמח חיטה 8 י,GRAFER,,טורטית מקמח חיטה 8 יח,גרמים,320.00,100 גרם,false,1,10.90,3.4063,true,1,472061
7290013381903,false,טורטית גדולות מקמח ח,GRAFER,,טורטית גדולות מקמח חיטה 6 יח,גרמים,372.00,100 גרם,false,1,11.90,3.1989,true,1,472063
7290013381972,false,סרדינים בשמן צמחי 12,Erg Conserve Sarl,,סרדינים בשמן צמחי 125 גר,גרמים,125.00,100 גרם,false,1,5.90,4.7200,true,1,480433
7290013381989,false,סרדינים בשמן פלפל חר,Erg Conserve Sarl,,סרדינים בשמן פלפל חריף 125 גר,גרמים,125.00,100 גרם,false,1,5.90,4.7200,true,1,480434
7290013381996,false,סרדינים בשמן זית 125,Erg Conserve Sarl,,סרדינים בשמן זית 125 גר,גרמים,125.00,100 גרם,false,1,5.90,4.7200,true,1,480435
7290013389077,false,"עלי טורטיה מקמח חיטה 25ס""מ 8יח' תומר 420 ג'",Azteca foods europe,,טורטיית קמח חיטה 6 יח,גרמים,420.00,100 גרם,false,1,6.90,1.6429,true,1,456128
7290013389084,false,טורטיה קמח תירס 320 ג' תומר,Azteca foods europe,,טורטייה קמח תירס 320 גר,גרמים,320.00,100 גרם,false,1,13.90,4.3438,true,1,456129
7290013389114,false,"ניוקי לה פסטה תפו""א תומר 500 ג'",לה פסטה La' Pasta,,"ניוקי תפו""א 500 גר""",גרמים,500.00,100 גרם,false,1,7.90,1.5800,true,1,456130
7290013389145,false,מיני ניוקי 500 ג' לה פסטה,לה פסטה La' Pasta,,"מיני ניוקי 500 גר""",גרמים,500.00,100 גרם,false,1,7.90,1.5800,true,1,456133
7290013389176,false,חומץ בלסמי ממודנה 50,Matildica srl,,"חומץ בלסמי ""ממודנה "" 500 מ""ל",מיליליטרים,500.00,"100 מ""ל",false,1,21.90,4.3800,true,1,466829
7290013389374,false,קמח תירס להכנה מהירה,פיקטה piccata,,"קמח תירס ""פולנטה"" 500 גר",גרמים,500.00,100 גרם,false,1,7.90,1.5800,true,1,470775
7290013389381,false,"קמח תירס פולנטה מולינו 1 ק""ג",פיקטה piccata,,"קמח תירס ""פולנטה"" 1 קג",קילוגרמים,1.00,"ק""ג",false,1,13.90,13.9000,true,1,470776
7290013411013,false,סלט כרוב 1 קג,,,"סלט כרוב 1 ק""ג",קילוגרמים,1.00,"ק""ג",false,1,19.90,19.9000,true,1,485870
7290013411020,false,סלט כרוב גרוזיני 1 ק,,,"סלט כרוב גרוזיני 1 ק""ג",קילוגרמים,1.00,"ק""ג",false,1,21.90,21.9000,true,1,485874
7290013411037,false,סלט כרוב עם חמוציות,,,"סלט כרוב עם חמוציות 1 ק""ג",קילוגרמים,1.00,"ק""ג",false,1,21.90,21.9000,true,1,485871
7290013411105,false,עגבניות אדומות 1 קג,,,"עגבניות אדומות 1 ק""ג",קילוגרמים,1.00,"ק""ג",false,1,25.90,25.9000,true,1,485877
7290013411112,false,עגבניות ירוקות 1 קג,,,"עגבניות ירוקות 1 ק""ג",קילוגרמים,1.00,"ק""ג",false,1,25.90,25.9000,true,1,485878
7290013411143,false,סלט גזר קוריאני 500,,,סלט גזר קוריאני 500 גר,גרמים,500.00,100 גרם,false,1,16.90,3.3800,true,1,485869
7290013411150,false,מלפפון בייבי 1 קג,,,"מלפפון בייבי 1 ק""ג",קילוגרמים,1.00,"ק""ג",false,1,25.90,25.9000,true,1,485863
7290013411167,false,אבטיח 1 קג,,,"אבטיח 1 ק""ג",קילוגרמים,1.00,"ק""ג",false,1,25.90,25.9000,true,1,485860
7290013411198,false,סלטי אסורטי 1 קג,,,"סלטי אסורטי 1 ק""ג",קילוגרמים,1.00,"ק""ג",false,1,25.90,25.9000,true,1,485861
7290013411204,false,סלט כרוב בולגרי 1 קג,,,"סלט כרוב בולגרי 1 ק""ג",קילוגרמים,1.00,"ק""ג",false,1,24.90,24.9000,true,1,485875
7290013411211,false,עגבניות שרי 1 קג,,,"עגבניות שרי 1 ק""ג",קילוגרמים,1.00,"ק""ג",false,1,25.90,25.9000,true,1,485865
7290013411303,false,צימצה ברוטב אדגיקה 1,,,"צמצה ברוטב אדגיקה 1 ק""ג",קילוגרמים,1.00,"ק""ג",false,1,26.90,26.9000,true,1,500820
7290013411518,false,גבינה גאודה בקר הולנ,,,גבינה גאודה בקר הולנדית 200 גר,גרמים,200.00,100 גרם,false,1,15.90,7.9500,true,1,517505
7290013411525,false,גבינה אמנטל שוויצרי,,,גבינה אמנטל שוויצרי 200 גר,גרמים,200.00,100 גרם,false,1,19.90,9.9500,true,1,517506
7290013411532,false,גבינה גאודה עיזים הו,,,גבינה גאודה עיזים הולנדית 200 גר,גרמים,200.00,100 גרם,false,1,26.90,13.4500,true,1,517507
7290013411549,false,גבינה מוצרלה איטלקית,,,גבינה מוצרלה איטלקית 200 גר,גרמים,200.00,100 גרם,false,1,16.90,8.4500,true,1,517508
7290013411556,false,גבינה צדר כתום אנגלי,,,גבינה צדר כתום אנגלי 200 גר,גרמים,200.00,100 גרם,false,1,22.90,11.4500,true,1,517509
7290013411754,false,פטריות שיטאקי 500 גר,,,פטריות שיטאקי 500 גר,גרמים,500.00,100 גרם,false,1,22.90,4.5800,true,1,526185
7290013411778,false,פטריות שמפניון 500 ג,,,פטריות שמפניון 500 גר,גרמים,500.00,100 גרם,false,1,22.90,4.5800,true,1,526183
7290013412966,false,מגבוני תולי רביעייה*72יח,,,מגבונים לחים תולי 72 יח רביעייה,Unknown,0.00,Unknown,false,1,9.90,0.0000,true,1,500450
7290013430083,false,"בירה אלכסנדר בלונד 330 מ""ל",מנדלז סי.אר. פרודקשן,IL,בירה אלכסנדר בלונד 330 מל,מיליליטרים,330.00,"100 מ""ל",false,1,12.90,3.9091,true,1,492401
7290013430090,false,בירה אלכסנדר אמברה AMBREE בירה ישראלית,מנדלז סי.אר. פרודקשן,IL,בירה אלכסנדר אמברה 330 מל,מיליליטרים,330.00,"100 מ""ל",false,1,12.90,3.9091,true,1,492400
7290013430205,false,בירה אלכסנדר בלאק 33,,,בירה אלכסנדר בלאק 330 מל,מיליליטרים,330.00,"100 מ""ל",false,1,12.90,3.9091,true,1,517008
7290013430250,false,"בירה אלכסנדר חיטה ישראלית 330 מ""ל",יקבי כרמל,IL,בירה אלכסנדר חיטה ישראלית 330 מל,מיליליטרים,330.00,"100 מ""ל",false,1,12.90,3.9091,true,1,517005
7290013430403,false,בירה אלכסנדר בלייזר,,,בירה אלכסנדר בלייזר 330 מל,מיליליטרים,330.00,"100 מ""ל",false,1,12.90,3.9091,true,1,517007
7290013440648,false,מאגדת שלגוני אבטיח נסטלה 108X5ג',גלידות נסטלה (נגה גל,IL,קרחונים בטעם אבטיח 5יח,גרמים,540.00,100 גרם,false,1,24.90,4.6111,true,1,475485
7290013451927,false,פריכיות כוסמת ללא תוספת מלח,זן - בר,IL,פריכיות כוסמת ללא מלח 175 גר,גרמים,175.00,100 גרם,false,1,11.90,6.8000,true,1,477671
7290013453075,false,עוגיות שיבולת שועל ט,דני וגלית בעמ,IL,עוגיות שיבולת שועל טחינה סילאן 270 גר,גרמים,270.00,100 גרם,false,1,24.90,9.2222,true,1,512921
7290013453082,false,עוגיות כוסמין שוקוצי,,,עוגיות כוסמין שוקוציפס 230 גר,גרמים,230.00,100 גרם,false,1,24.90,10.8261,true,1,512918
7290013453136,false,עוגיות כוסמין שטרודל תפוחים ללא תוספת סוכר טבעוני,דני וגלית,,עוגיות כוסמין שטרודל תפוחים 230 גר,גרמים,230.00,100 גרם,false,1,24.90,10.8261,true,1,512922
7290013453594,false,עוגיות גרנולה חמוציו,,,עוגיות גרנולה חמוציות וקשיו 230 גר,גרמים,230.00,100 גרם,false,1,24.90,10.8261,true,1,512920
7290013453624,false,עוגיות שוקולדצ'יפס מקמח אורז וקמח שקדים מלא,דני וגלית,,עוגיות קמח שקדים שוקוציפס ללא גלוטן 230,גרמים,230.00,100 גרם,false,1,25.90,11.2609,true,1,512926
7290013472199,false,ערמונים קלוף וקלוי ו.פוד 105 ג',בייג'גג פוינונג,CN,ערמונים קלופים וקלוי 100 גר,גרמים,100.00,100 גרם,false,1,4.90,4.9000,true,1,456167
7290013493002,false,בירה בזלת לאגר פילזנ,יושלם,IL,"בזלת פילזנר 750 מ""ל",מיליליטרים,750.00,"100 מ""ל",false,1,27.90,3.7200,true,1,456195
7290013493026,false,בירה בזלת חיטה 750 מ,יושלם,IL,"בזלת חיטה 750 מ""ל",מיליליטרים,750.00,"100 מ""ל",false,1,27.90,3.7200,true,1,456197
7290013493040,false,בירה בזלת דאבל בוק 7,יושלם,IL,"בירה ""בזלת דאבל בוק""",מיליליטרים,750.00,"100 מ""ל",false,1,27.90,3.7200,true,1,456199
7290013493064,false,בירה בזלת אייל ענברי,יושלם,IL,בזלת אייל ענברי 750,מיליליטרים,750.00,"100 מ""ל",false,1,27.90,3.7200,true,1,456200
7290013531117,false,רוטב פסטה לילדים 240 גרם יכין,"זנלכל בע""מ",IL,"רוטב פסטה לילדים 260 ג""ר",גרמים,240.00,100 גרם,false,1,5.90,2.4583,true,1,469518
7290013531377,false,תורמוס יכין 560 גרם,היינץ צפון אמריקה מק,IL,תורמוס יכין 560 גר,גרמים,560.00,100 גרם,false,1,8.90,1.5893,true,1,497235
7290013531582,false,זיתים מגולענים יכין מארז 3*60 גר',קרלו,IL,זיתים מגולענים יכין 3*200 גר,גרמים,600.00,100 גרם,false,1,13.90,2.3167,true,1,524609
7290013531612,false,רוטב נפוליטנה יכין 240 ג',,,רוטב עגבניות לפסטה נפוליטנה יכין 260 גר,גרמים,240.00,100 גרם,false,1,5.90,2.4583,true,1,497231
7290013531629,false,רוטב פומודורו 240 גרם יכין,היינץ צפון אמריקה מק,IL,רוטב עגבניות לפסטה פומודורו יכין 260 גר,גרמים,240.00,100 גרם,false,1,5.90,2.4583,true,1,497230
7290013531759,false,שעועית אפויה במים 550 ג' יכין,"זנלכל בע""מ",IL,שעועית אפויה במים,גרמים,550.00,100 גרם,false,1,8.90,1.6182,true,1,480724
7290013542144,false,כוסות קרטון 4OZ אר50 יח',,,כוסות נייר 4 אוז 50 יח,Unknown,0.00,Unknown,false,1,5.90,0.0000,true,1,456220
7290013542236,false,כוסות חד פעמי .א'ר 100 יח',,,כוסות חד פעמיות פלסטיק דנטס 100 יח,Unknown,0.00,Unknown,false,1,6.90,0.0000,true,1,456224
7290013542342,false,נייר אפייה ביתי אר 5,,,נייר אפיה ביתי 50 יח,Unknown,0.00,Unknown,false,1,8.90,0.0000,true,1,477328
7290013542533,false,כוס נייר 12OZ אר 50 דנטס,,,כוס נייר 12 אוז 50 יח,Unknown,0.00,Unknown,false,1,16.90,0.0000,true,1,477203
7290013542540,false,תבניות אלומיניום 5,,,תבניות אלומיניום 5,Unknown,0.00,Unknown,false,1,9.90,0.0000,true,1,477233
7290013542588,false,תבניות אלומיניום 8,,,תבניות אלומיניום 8,Unknown,0.00,Unknown,false,1,9.90,0.0000,true,1,477231
7290013542601,false,תבניות אלומיניום אינ,,,תבניות אלומיניום אינגליש 15,Unknown,0.00,Unknown,false,1,9.90,0.0000,true,1,477234
7290013542632,false,מפת שולחן ראנר מעוצב,,,מפת שולחן ראנר מעוצבת 137,Unknown,0.00,Unknown,false,1,6.90,0.0000,true,1,477245
7290013542847,false,כוס בירה 50 מל 40 יח,,,כוס בירה 50 מל 40 יח,Unknown,0.00,Unknown,false,1,16.90,0.0000,true,1,514902
7290013580009,false,המבורגר זהב 400 ג' 12 יח',,,המבורגר זהב 400 גר,גרמים,400.00,100 גרם,false,,19.90,4.9750,true,1,505658
7290013581648,false,מינוט סטייק אל מטאד,,,מינוט סטייק 250 גר,גרמים,250.00,100 גרם,false,1,24.90,9.9600,true,1,527331
7290013585233,false,"ספרייט זירו פחית סליק 330 מ""ל",קוקה קולה Coca Cola,IL,ספרייט זירו פח סליק 330מל,מיליליטרים,330.00,"100 מ""ל",false,1,4.90,1.4848,true,1,479352
7290013585257,false,ספרייט זירו בקבוק 500מל,החברה המרכזית לייצור,IL,ספרייט זירו 500מל,מיליליטרים,500.00,"100 מ""ל",false,1,6.90,1.3800,true,1,479351
7290013585387,false,קוקה קולה זירו בקבוק,החברה המרכזית לייצור,IL,קוקה קולה זירו 1ל,ליטרים,1.00,ליטר,false,1,7.50,7.5000,true,1,478963
7290013585394,false,קוקה קולה קלאסי,החברה המרכזית לייצור,IL,קוקה קולה 1ל,ליטרים,1.00,ליטר,false,1,7.50,7.5000,true,1,478962
7290013608260,false,פרימור מיץ רימונים 100% סחוט טרי 1ל',"גניר (1992) בע""מ",IL,מיץ פרימור רימונים 1ל,ליטרים,1.00,ליטר,false,1,24.90,24.9000,true,1,475032
7290013608864,false,פרימור משקה פירות הדר 1 ליטר בתוספת ויטמין C,"גניר (1992) בע""מ",,מיץ פרימור סחוט פירות הדר בתוספת ויטמין,ליטרים,1.00,ליטר,false,6,16.90,16.9000,true,1,513780
7290013675545,false,שניצל כלי תחבורה מאמא עוף 700 ג',,,שניצל כלי תחבורה מאמא עוף 700 גר,גרמים,700.00,100 גרם,false,1,31.90,4.5571,true,1,498862
7290013675804,false,שניצלונים בטעם טבעות,תנובה גליל שותפות מו,IL,מיני מיני דק טבעות בצל 500 גר,גרמים,500.00,100 גרם,false,14,24.90,4.9800,true,1,515175
7290013710215,false,"שמן פשתן 250 מ""ל",בטרפלקס,IL,שמן פשתן 250מל,מיליליטרים,250.00,"100 מ""ל",false,1,32.90,13.1600,true,1,479155
7290013710239,false,"שמן שומשום 250 מ""ל",בטרפלקס,IL,שמן שומשום 250מל,מיליליטרים,250.00,"100 מ""ל",false,1,32.90,13.1600,true,1,479156
7290013710314,false,סובין חיטה 200 גרם,בטרפלקס,IL,סובין חיטה 200גר,גרמים,200.00,100 גרם,false,1,10.90,5.4500,true,1,479163
7290013710352,false,סובין שיבולת שועל 20,בטרפלקס,IL,סובין שיבולת שועל 200גר,גרמים,200.00,100 גרם,false,1,10.90,5.4500,true,1,479167
7290013710697,false,סובין גדילן 200 גרם,בטרפלקס,IL,סובין גדילן 200 גר,גרמים,200.00,100 גרם,false,1,11.90,5.9500,true,1,492569
7290013713001,false,בירה גמס אמבר אייל ב,"אביר הבר בע""מ",IL,בירה גמס אמבר אייל בק 330 מל,מיליליטרים,330.00,"100 מ""ל",false,1,12.90,3.9091,true,1,515638
7290013713018,false,בירה גמס לאגר כהה בק,,,בירה גמס לאגר כהה בק 330 מל,מיליליטרים,330.00,"100 מ""ל",false,1,12.90,3.9091,true,1,515639
7290013713025,false,בירה ג'מס בקבוקי פיל,"אביר הבר בע""מ",IL,בירה גמס פילס בק 330 מל,מיליליטרים,330.00,"100 מ""ל",false,1,12.90,3.9091,true,1,496445
7290013713032,false,בירה ג'מס בקבוקי חיט,"אביר הבר בע""מ",IL,בירה גמס חיטה בק 330 מל,מיליליטרים,330.00,"100 מ""ל",false,1,12.90,3.9091,true,1,496444
7290013713049,false,בירה גמס חזקה בק 330,"אביר הבר בע""מ",IL,בירה גמס חזקה בק 330 מל,מיליליטרים,330.00,"100 מ""ל",false,1,12.90,3.9091,true,1,496446
7290013713094,false,בירה ג'מס בקבוקי חיט,יקבי כרמל,IL,בירה גמס איי פי איי חזקה בק 330 מל,מיליליטרים,330.00,"100 מ""ל",false,1,12.90,3.9091,true,1,496447
7290013713124,false,בירה ג'מס בקבוקי פיל,"אביר הבר בע""מ",IL,בירה גמס מונדיאל 330 מל,מיליליטרים,330.00,"100 מ""ל",false,24,12.90,3.9091,true,1,528210
7290013720771,false,שרימפס בייבי 500 גר,,,שרימפס בייבי 500גר,גרמים,500.00,100 גרם,false,1,29.90,5.9800,true,1,474870
7290013720801,false,שרימפס מבושל מקולף 800 ג',,,שרימפס מקולף מבשל 1 קג,קילוגרמים,1.00,"ק""ג",false,1,79.90,79.9000,true,1,475200
7290013720924,false,ממרח פטה אווז 140 גר,,,ממרח פטה אווז 140 גר,גרמים,140.00,100 גרם,false,1,15.90,11.3571,true,1,479529
7290013724939,false,חטיף חמוציות בשוקולד מריר 160,דין שיווק,IL,חמוציות בשוקולד מריר שקדיה 140 גר,גרמים,140.00,100 גרם,false,1,9.90,7.0714,true,1,502684
7290013724953,false,חמוציות בשוקולד חלב 160ג,שקדיה,IL,חמוציות בשוקולד חלב שקדיה 140 גר,גרמים,140.00,100 גרם,false,1,9.90,7.0714,true,1,502683
7290013724977,false,משוקולדים צימוק מריר 140 ג' קופסא,"דין שיווק וקליה בע""מ",IL,צימוק בשוקולד מריר שקדיה 140 גר,גרמים,140.00,100 גרם,false,1,9.90,7.0714,true,1,502725
7290013724984,false,חטיף בוטנים בשוקולד מריר 160ג,שקדיה,,בוטנים בציפוי שוקולד מריר שקדיה 160 גר,גרמים,160.00,100 גרם,false,1,9.90,6.1875,true,1,502662
7290013725639,false,רוטב צילי חריף 700 גר' סו שף,"דין שיווק וקליה בע""מ",TH,"רוטב צילי חריף סו שף 700 מ""ל",מיליליטרים,700.00,"100 מ""ל",false,1,11.90,1.7000,true,1,502744
7290013725714,false,רוטב סויה מובחר 623מ''ל,"דין שיווק וקליה בע""מ",,"רוטב סויה בסגנון יפני סו שף 623 מ""ל",מיליליטרים,623.00,"100 מ""ל",false,1,10.90,1.7496,true,1,502739
7290013725820,false,משוקלדים לוז מריר 160 גר' קופסא,"דין שיווק וקליה בע""מ",IL,אגוזי לוז בציפוי שוקולד מריר שקדיה 140 ג,גרמים,140.00,100 גרם,false,1,11.90,8.5000,true,1,502649
7290013725844,false,חטיף שומשום בשוקולד מריר 160ג,"דין שיווק וקליה בע""מ",,שומשום בשוקולד מריר שקדיה 140 גר,גרמים,140.00,100 גרם,false,1,9.90,7.0714,true,1,502747
7290013847102,false,נתחי טונה בהירה בשמן - מארז שלישיה,סטארקיסט Starkist,,שלישיית טונה סטארקיסט 80 גר,גרמים,240.00,100 גרם,false,1,12.90,5.3750,true,1,528682
7290013847454,false,טונה בשמן קנולה סטארקיסט 4*160 ג',קריות זול,,רביעיית טונה סטארקיס בשמן קנולה 160 גר,גרמים,640.00,100 גרם,false,1,24.90,3.8906,true,1,519033
7290013847867,false,מארז זוג טונה בשמן סויה 140 ג' סטארקיסט,טונה ויטנאם קו. אל.ט,IL,זוג טונה סטארקיסט 140 גר,גרמים,280.00,100 גרם,false,1,12.90,4.6071,true,1,528681
7290013848383,false,ג'ל רחצה לגבר 12 שעות של הגנה Active block,טרופיקל דגיל תעשיות,IL,"ג""ל רחצה ""קרמה מן"" אקטיב בלוק 700 מל",מיליליטרים,700.00,"100 מ""ל",false,1,18.90,2.7000,true,1,470188
7290013848611,false,רדיד אלומיניום עבה וחזק 61 מטר,סנו סושי,IL,"רדיד אלומיניום ""סנו סושי"" 61 מטר",Unknown,0.00,Unknown,false,1,36.90,0.0000,true,1,469497
7290013848758,false,סנו - מקסימה ג'ל כביסה מרוכז בייבי 3 ליטר,"סנו מפעלי ברונוס בע""",IL,"ג""ל כביסה ""סנו מקסימה"" מרוכז בייבי סנסיט",ליטרים,3.00,ליטר,false,1,29.90,9.9667,true,1,472182
7290013883407,false,"מרסס דזיטול לחיטוי כללי 750 מ""ל",יעקבי - דזיטול Desytol,ES,"חיטוי כללי מרסס דזיטול 750 מ""ל",מיליליטרים,750.00,"100 מ""ל",false,1,14.90,1.9867,true,1,489873
7290013885081,false,יוגורט 1.5 ל,,,יוגורט 1.5 ל,ליטרים,1.50,ליטר,false,1,29.90,19.9333,true,1,504298
7290013885173,false,יוגורט 850 גר,,,יוגורט 850 גר,גרמים,850.00,100 גרם,false,1,18.90,2.2235,true,1,504297
7290013906052,false,נקניקיות פרגיות טירת צבי 300 גר',הנסיך- מפעל לייצור ט,IL,נקניקיות פרגיות 300 גר,גרמים,300.00,100 גרם,false,1,12.90,4.3000,true,1,469608
7290013906212,false,"נקנקיות וינר טירת 1 ק""ג טירת צבי",הנסיך- מפעל לייצור ט,IL,נקניקיות וינר 1 קג,קילוגרמים,1.00,"ק""ג",false,1,24.90,24.9000,true,1,470362
7290013906441,false,קבנוס טירת צבי 120גר,הנסיך- מפעל לייצור ט,IL,"קבנוס ""טירת צבי"" 120 גר",גרמים,120.00,100 גרם,false,1,11.90,9.9167,true,1,472749
7290013906458,false,קבנוס טעם פיקנטי טירת צבי 120 ג',הנסיך- מפעל לייצור ט,IL,"קבנוס ""טירת צבי"" פיקנטי 120 גר",גרמים,120.00,100 גרם,false,1,11.90,9.9167,true,1,472750
7290013906687,false,פסט' צמד כפרית ברביקיו ודבש 300X2ג' טירת צבי,הנסיך- מפעל לייצור ט,IL,נקניק צמד כפרית ברביקיו דבש 600 גר,גרמים,600.00,100 גרם,false,1,25.90,4.3167,true,1,485501
7290013906694,false,נקניקיות שקית קילו וחצי טירת צבי,הנסיך- מפעל לייצור ט,IL,נקניקיות עוף 1.5 קג,קילוגרמים,1.50,"ק""ג",false,1,35.90,23.9333,true,1,523517
7290013927637,false,חלווה ללא תוספת סוכר 400 גר' אחוה,אחדות ביחר לטחינה חל,IL,חלווה ללא סוכר במגש 400 גר,גרמים,400.00,100 גרם,false,1,15.90,3.9750,true,1,506176
7290014002197,false,ויסוצקי חליטת קמומיל ולימונית 25*1.5ג,ויסוצקי,IL,"חליטות תה ""גן הקסום"" קמומיל ולימונית 25",גרמים,38.00,100 גרם,false,1,17.90,47.1053,true,1,468454
7290014002203,false,תה ויסוצקי חליטת לימונית ולואיזה 20יח',HIQ FOOD PRODUCTS,IL,"חליטות תה""גן הקסום"" לימונית לואיזה 25 שק",גרמים,38.00,100 גרם,false,1,17.90,47.1053,true,1,468397
7290014002944,false,גן קסום חליטת פירות וצמחים חמדת שקד 25 שקיקים,HIQ FOOD PRODUCTS,IL,תה גן קסום חליטת פירות וצמחים 25שק,גרמים,58.00,100 גרם,false,1,17.90,30.8621,true,1,475914
7290014002982,false,תה ירוק לימונית לואיזה בתוספת עלי סטיביה 25 שקיקים,ויסוצקי ירוק,IL,תה ירוק ויסוצקי לימונית לואיזה עלי סטיבי,יחידה,1.00,יחידה,false,1,24.90,24.9000,true,1,473957
7290014046016,false,פסטרמה של פעם דל שומן 2% רכיבים טבעיים,מעדני יחיעם,IL,פסטרמה של פעם 100% 250 גר,גרמים,250.00,100 גרם,false,1,25.90,10.3600,true,1,496703
7290014046047,false,צמד פסטרמות 600 ג' יחיעם,מעדני יחיעם 1993,IL,פסטרמה הודו מעודנת צבר 600גר,גרמים,600.00,100 גרם,false,1,25.90,4.3167,true,1,474673
7290014046436,false,נשנושי קבנוס 125 ג' יחיעם,מעדני יחיעם 1993,IL,נשנושי קבנוס 125 גר,גרמים,125.00,100 גרם,false,1,12.90,10.3200,true,1,470512
7290014046474,false,"נקניקיות עוף 1.5 ק""ג יחיעם",יחיעם,IL,"נקניקיות עוף 1.5 ק""ג",קילוגרמים,1.50,"ק""ג",false,1,26.90,17.9333,true,1,496714
7290014059436,false,"סנסודיין משחת שיניים לשיקום והגנה מלבינה 75 מ""ל",סמית קליין ביצ'ם,GB,משחת שיניים סנסודיין שיקום והגנה 75 מל,מיליליטרים,75.00,"100 מ""ל",false,1,22.90,30.5333,true,1,489575
7290014066359,false,לנדוור-קפסולות אספרסו בלנסד(06) - 10יח'12X יח,האחים פלם הגפן,IL,קפסולות קפה לנדוור אספרסו בלנסד 10 יח,Unknown,0.00,Unknown,false,12,16.90,0.0000,true,1,511249
7290014066373,false,לנדוור-קפסולות אספרסו קלאסיק(09) - 10יח'12X יח,קפה לנדוור,IL,קפסולות קפה לנדוור אספרסו קלאסיק 10 יח,Unknown,0.00,Unknown,false,12,16.90,0.0000,true,1,511251
7290014066441,false,לנדוור-קפסולות אספרסו נטול קפאין(07) - 10יח'12X יח,קפה לנדוור,IL,קפסולות קפה לנדוור אספרסו נטול קפאין 10,Unknown,0.00,Unknown,false,12,16.90,0.0000,true,1,511248
7290014066526,false,לנדוור-קפסולות אספרסו תערובת הבית(11) - 10יח'12X יח,קפה לנדוור,IL,קפסולות קפה לנדוור אספרסו תערובת בית 10,Unknown,0.00,Unknown,false,12,16.90,0.0000,true,1,511254
7290014066533,false,לנדוור-קפסולות אספרסו קלייה כפולה(12) - 10יח'12X יח,לנדוור,IL,קפסולות קפה לנדוור אספרסו קלייה כפולה 10,Unknown,0.00,Unknown,false,12,16.90,0.0000,true,1,511252
7290014079854,false,זוג לבבות חסה ארץ הג,"מרינה פטריות הגליל בע""מ",IL,לבבות חסה ארץ הגליל,Unknown,0.00,Unknown,false,1,7.90,0.0000,true,1,483373
7290014083479,false,גבינת גאודה פרוסות 150 גרם 29% שומן,ג.וילי פוד אינטרנשיו,IL,גבינת גאודה פרוסות 150 גר,גרמים,150.00,100 גרם,false,1,10.90,7.2667,true,1,469039
7290014088719,false,קפה הל סלאח אלדין 25,רג'ואן,IL,קפה הל סלאח אלדין 250 גר,גרמים,250.00,100 גרם,false,24,13.90,5.5600,true,1,501022
7290014088948,false,קקאו 150 גרם 100 %-ח,,,אבקת קקאו 150 גר,גרמים,150.00,100 גרם,false,1,7.90,5.2667,true,1,508517
7290014094260,false,שיני שום קלוף קמעונאי,"מרינה פטריות הגליל בע""מ",IL,שיני שום קלופים 170 גר,גרמים,170.00,100 גרם,false,1,11.90,7.0000,true,1,495831
7290014094352,false,אגוזי מלך בקופסא 200 ג',"דין שיווק וקליה בע""מ",,אגוז מלך טבעי ששון הקולה 200 גר,גרמים,200.00,100 גרם,false,1,14.90,7.4500,true,1,502647
7290014094369,false,ששון הקולה שקד טבעי,"דין שיווק וקליה בע""מ",,שקד טבעי קופסא 200 גר,גרמים,200.00,100 גרם,false,1,19.90,9.9500,true,1,522778
7290014094376,false,שזיפים ללא גלעין ששו,"דין שיווק וקליה בע""מ",,שזיפים ללא גלעין ששון הקולה 330 גר,גרמים,250.00,100 גרם,false,1,17.90,7.1600,true,1,502749
7290014094383,false,משמש מיובש ששון הקול,"דין שיווק וקליה בע""מ",,משמש מיובש ששון הקולה 330 גר,גרמים,250.00,100 גרם,false,1,17.90,7.1600,true,1,502706
7290014094390,false,חמוציות מסוכרות ששון,"דין שיווק וקליה בע""מ",,חמוציות מסוכרות ששון הקולה שקדיה 330 גר,גרמים,250.00,100 גרם,false,1,16.90,6.7600,true,1,502686
7290014094406,false,צימוק לבן 330 ג' בקופסא,"דין שיווק וקליה בע""מ",,צימוק בהיר ששון הקולה 250 גר,גרמים,250.00,100 גרם,false,1,14.90,5.9600,true,1,502724
7290014094482,false,"רוטב צ''ילי חריף 700 מ""ל אהרוני","דין שיווק וקליה בע""מ",,"רוטב צילי חריף אהרוני 700 מ""ל",מיליליטרים,700.00,"100 מ""ל",false,1,13.90,1.9857,true,1,502743
7290014094529,false,"רוטב סויה 300 מ""ל אהרוני",דין שיווק,,"רוטב סויה אהרוני 300 מ""ל",מיליליטרים,300.00,"100 מ""ל",false,1,10.90,3.6333,true,1,504675
7290014094628,false,פקאן טבעי 200 ג' בקופסא,ששון הקולה,,פקאן טבעי 200 גר קופסא,גרמים,200.00,100 גרם,false,1,24.90,12.4500,true,1,510024
7290014094635,false,אגוזי ברזיל טבעי בדץ,,,"אגוזי ברזיל טבעי בד""ץ ששון הקולה 200 גר",גרמים,200.00,100 גרם,false,1,34.90,17.4500,true,1,502648
7290014094642,false,קשיו טבעי גדול בקופס,"דין שיווק וקליה בע""מ",,אגוזי קשיו טבעי ששון הקולה 200 גר,גרמים,200.00,100 גרם,false,1,24.90,12.4500,true,1,502651
7290014094796,false,משמש מיובש ששון הקול,"דין שיווק וקליה בע""מ",,משמש מיובש ששון הקולה 300 גר,גרמים,300.00,100 גרם,false,1,17.90,5.9667,true,1,502707
7290014094826,false,שזיפים מיובשים מגולע,"דין שיווק וקליה בע""מ",,שזיפים מיובשים מגולענים ששון הקולה 300 ג,גרמים,300.00,100 גרם,false,1,14.90,4.9667,true,1,502750
7290014094833,false,צימוקים בהירים ששון,"דין שיווק וקליה בע""מ",,צימוקים בהירים ששון הקולה 300 גר,גרמים,300.00,100 גרם,false,1,11.90,3.9667,true,1,502726
7290014094840,false,צימוקים כהים ששון הק,"דין שיווק וקליה בע""מ",,צימוקים כהים ששון הקולה 300 גר,גרמים,300.00,100 גרם,false,1,10.90,3.6333,true,1,502728
7290014094857,false,פקאן סיני מסוכר ששון,"דין שיווק וקליה בע""מ",IL,פקאן סיני מסוכר ששון הקולה 150 גר,גרמים,150.00,100 גרם,false,1,19.90,13.2667,true,1,502723
7290014094864,false,פיסטוק קלוי ששון הקו,"דין שיווק וקליה בע""מ",IL,פיסטוק קלוי ששון הקולה 170 גר,גרמים,170.00,100 גרם,false,1,15.90,9.3529,true,1,502714
7290014094901,false,פקאן טבעי ששון הקולה,"דין שיווק וקליה בע""מ",IL,פקאן טבעי ששון הקולה 150 גר,גרמים,150.00,100 גרם,false,1,19.90,13.2667,true,1,502722
7290014095946,false,משוקלדים פקאן בשוקולד מריר 140 גרם,"דין שיווק וקליה בע""מ",IL,פקאן בשוקולד מריר שקדיה 140 גר,גרמים,140.00,100 גרם,false,1,9.90,7.0714,true,1,502721
7290014095953,false,משוקלדים פקאן בשוקולד חלב 140 ג',שקדיה גבע בתעשיות עמ,IL,פקאן בשוקולד חלב שקדיה 140 גר,גרמים,140.00,100 גרם,false,1,9.90,7.0714,true,1,502720
7290014126343,false,עוגיות בישקוטים וניל,Bonomi,,ביסקוויט בונמי 200גר,גרמים,200.00,100 גרם,false,1,6.90,3.4500,true,1,479092
7290014126428,false,סוכרלוז סטיביה 150 ג,מיוצר עי קונדיטוריית,CN,סוכרלוז סטיביה 150דג,גרמים,150.00,100 גרם,false,1,29.90,19.9333,true,1,477676
7290014218321,false,בורקס אישי גבינה מעדנות 600 ג',מיוצר עי קונדיטוריית,IL,בורקס אישי מעדנות גבינה 600 גר,גרמים,600.00,100 גרם,false,1,17.90,2.9833,true,1,482801
7290014218338,false,בורקס יפו במילוי תפוחי אדמה,מיוצר עי קונדיטוריית,IL,"בורקס אישי מעדנות תפו""א 600 גר",גרמים,600.00,100 גרם,false,1,17.90,2.9833,true,1,482802
7290014218932,false,חטיפי פיצה בתוספת זיתים 710 ג' מעדנות,מיוצר עי קונדיטוריית,IL,חטיפי פיצה בתוספת זיתים 710 גר,גרמים,710.00,100 גרם,false,1,29.90,4.2113,true,1,506722
7290014256620,false,יין אדום מתוק מבעבע Buzz קריניאנו,יקבי כרמל Carmel Winery,IL,יין בוז קריניאנו 750מל,מיליליטרים,750.00,"100 מ""ל",false,1,29.90,3.9867,true,1,477623
7290014318090,false,מיני ניוקי ללא גלוטן,,,מיני ניוקי ללא גלוטן 500 גר,גרמים,500.00,100 גרם,false,1,15.90,3.1800,true,1,488914
7290014318113,false,ניוקי תפוח אדמה ללא,,,ניוקי תפוח אדמה ללא גלוטן 500 גר,גרמים,500.00,100 גרם,false,1,15.90,3.1800,true,1,488915
7290014318137,false,עגבניות מיובשות בשמן 285 ג' (12),,,עגבניות מיובשות בשמן 285 גר,גרמים,285.00,100 גרם,false,1,19.90,6.9825,true,1,488826
7290014318151,false,ממרח ארטישוק 212 גר,,,ממרח ארטישוק 212 גר,גרמים,212.00,100 גרם,false,1,23.90,11.2736,true,1,488830
7290014318168,false,ממרח פסטו 190 גר,,,ממרח פסטו 190 גר,גרמים,190.00,100 גרם,false,1,13.90,7.3158,true,1,489042
7290014318175,false,ממרח פסטו אדום -עגבניות 190 ג' (12),,,ממרח פסטו אדום עגבניות 190 גר,גרמים,190.00,100 גרם,false,1,17.90,9.4211,true,1,489031
7290014318243,false,פולנטה איטלקית עדינה,,,"פולנטה איטלקית עדינה 1 ק""ג",קילוגרמים,1.00,"ק""ג",false,1,11.90,11.9000,true,1,489009
7290014318250,false,"פולנטה איטלקית מקורית 1 ק""ג (10)",,,"פולנטה איטלקית מקורית 1 ק""ג",קילוגרמים,1.00,"ק""ג",false,1,11.90,11.9000,true,1,489010
7290014318267,false,"שמן כמהין לבן כשר 250 מ""ל (12)",,,"שמן כמהין לבן 250 מ""ל",מיליליטרים,250.00,"100 מ""ל",false,1,59.90,23.9600,true,1,488954
7290014318281,false,מחית פטריות כמהין 5% כשר 90 גר כשר (12),,,מחית פטריות כמהין 5% 90 גר,גרמים,90.00,100 גרם,false,1,44.90,49.8889,true,1,489044
7290014318311,false,מארז שלישיית עגבניות חתוכות דק במיץ עגבניות Rosso,,,עגבניות פולפה 400 גר שלישייה,גרמים,1200.00,100 גרם,false,1,16.90,1.4083,true,1,488827
7290014318410,false,צלפים 190 ג' (12),,,צלפים 190 גר,גרמים,190.00,100 גרם,false,1,21.90,11.5263,true,1,489043
7290014318489,false,בצלצלים בחומץ תפוחים,,,בצלצלים בחומץ תפוחים 318 גר,גרמים,318.00,100 גרם,false,1,19.90,6.2579,true,1,492497
7290014318670,false,רכז רימונים 250 מל,,,"רכז רימונים 250 מ""ל",מיליליטרים,250.00,"100 מ""ל",false,1,24.90,9.9600,true,1,499775
7290014318755,false,סירופ אגבה 660 מל,,,"סירופ אגבה 660 מ""ל",מיליליטרים,660.00,"100 מ""ל",false,1,25.90,3.9242,true,1,508230
7290014318762,false,מיץ רימונים אורגני 9,,,"מיץ רימונים אורגני 946 מ""ל",מיליליטרים,946.00,"100 מ""ל",false,1,22.90,2.4207,true,1,508231
7290014318861,false,קרם קוקוס אורגנני 18,,,"קרם קוקוס אורגני 18% 250 מ""ל",מיליליטרים,250.00,"100 מ""ל",false,1,10.90,4.3600,true,1,508243
7290014318892,false,מיץ סלק אורגני 946 מ,,,"מיץ סלק אורגני 946 מ""ל",מיליליטרים,946.00,"100 מ""ל",false,1,19.90,2.1036,true,1,509782
7290014397279,false,שקיות מזון נשלפות XL גדולות במיוחד,אשפלסט תעשיות,IL,"שקיות מזון ""סנו סושי"" גדולות במיוחד 300",Unknown,0.00,Unknown,false,1,11.90,0.0000,true,1,469500
7290014397767,false,סנו ריצפז פרש הום 2 ליטר בניחוח כותנה-מרכז,"סנו מפעלי ברונוס בע""",IL,"נוזל לניקוי רצפות ""סנו ריצפז פרש הום"" 2ל",ליטרים,2.00,ליטר,false,1,19.90,9.9500,true,1,471421
7290014397781,false,סנו ריצפז פרש הום 2 ליטר בניחוח סבון,סנו פרש Fresh,IL,"נוזל לניקוי רצפות ""סנו ריצפז פרש הום"" 2ל",ליטרים,2.00,ליטר,false,1,19.90,9.9500,true,1,471423
7290014397873,false,מרכך כביסה בבישום עוצמתי ג'נטל בריז,סנו מקסימה,IL,מרכך כביסה סנו מקסימה GENTLE BREEZE,ליטרים,4.00,ליטר,false,6,21.90,5.4750,true,1,508267
7290014440463,false,יין מדבר 22 שרדונה 2,,,יין מדבר 22 שרדונה 2020 750 מל,מיליליטרים,750.00,"100 מ""ל",false,1,39.90,5.3200,true,1,523957
7290014440487,false,יין מדבר 22 קברנה סו,,,יין מדבר 22 קברנה סוביניון 2021 750 מל,מיליליטרים,750.00,"100 מ""ל",false,1,39.90,5.3200,true,1,524643
7290014440494,false,יין מדבר 22 רוזה 750,,,יין מדבר 22 רוזה 750 מל,מיליליטרים,750.00,"100 מ""ל",false,1,39.90,5.3200,true,1,523959
7290014440548,false,יין מדבר 22 קברנה מר,,,יין מדבר 22 קברנה מרלו 750 מל,מיליליטרים,750.00,"100 מ""ל",false,1,39.90,5.3200,true,1,523958
7290014455245,false,גבינת גרנה פדנו משולש 29% 200 גרם בית יוסף,מחלבת סוציאלה מנטובה,IT,גבינה גרנה פדנו משולש 200 גר,גרמים,200.00,100 גרם,false,1,24.90,12.4500,true,1,481859
7290014455252,false,גבינה קשה מגורדת גרנה פדנו 29% שומן,מחלבות גד שיווק 1992,IT,גבינה גרנה פדנו מגורד 100 גר,גרמים,100.00,100 גרם,false,1,12.90,12.9000,true,1,481860
7290014455320,false,גבינה כדורי מוצרלה פרסקה גד 100ג',מחלבות גד בעמ,IL,גבינת מוצרלה כדור 100גר,גרמים,100.00,100 גרם,false,1,9.90,9.9000,true,1,479214
7290014459205,false,"צ'יפס טוגן סטייק תפוגן 1.8 ק""ג",תפוגן,,סטייק ציפס תפוגן 1.8קג,קילוגרמים,1.80,"ק""ג",false,1,24.90,13.8333,true,1,473568
7290014466128,false,"יין הר חרמון אינדיגו 750 מ""ל",מיוצר וממולא על ידי,IL,"יין ""הר חרמון אינדיגו 750 מל",מיליליטרים,750.00,"100 מ""ל",false,1,32.90,4.3867,true,1,469616
7290014466609,false,יין גמלא מרלו 2012 750 מ,יקב רמת הגולן,IL,"יין מרלו גמלא 12 750 מ""ל",מיליליטרים,750.00,"100 מ""ל",false,1,59.90,7.9867,true,1,482672
7290014466890,false,"יין גמלא השמורה קרבנה מרלו 750מ""ל",,,"יין גמלא השמורה קברנה מרלו 750 מ""ל",מיליליטרים,750.00,"100 מ""ל",false,12,59.90,7.9867,true,1,510937
7290014471412,false,"מוזלי בוטנים אגוזים ושקדים 1 ק""ג - 412 ירוק שקדיה",דין שיווק,IL,מוזלי בוטנים אגוזי לוז שקדים וגרעיני חמ,קילוגרמים,1.00,"ק""ג",false,1,19.90,19.9000,true,1,502692
7290014471429,false,"מוזלי עם פירות 1 ק""ג - 429 סגול שקדיה",דין שיווק,IL,"מוזלי צימוק בננה ציפס תמר אננס 1 ק""ג",קילוגרמים,1.00,"ק""ג",false,1,19.90,19.9000,true,1,502694
7290014471436,false,"מיזלי צימוקים תפוח קינמון וגרעיני חמניה שקדיה 1ק""ג",דין שיווק,IL,מוזלי צימוק תפוח קינמון וגרעיני חמנייה,קילוגרמים,1.00,"ק""ג",false,1,19.90,19.9000,true,1,502693
7290014471443,false,"גרנולה צימוקים אגוזים ושקדים1 ק""ג חדש - 443 כתום שקדיה (כתום)",דין שיווק,IL,"גרנולה עם צימוקים אגוזים ושקדים 1 ק""ג",קילוגרמים,1.00,"ק""ג",false,1,21.90,21.9000,true,1,502669
7290014472228,false,תאנים בקופסא 330גרם,"דין שיווק וקליה בע""מ",,תאנים קופסא 250 גר,גרמים,250.00,100 גרם,false,1,19.90,7.9600,true,1,522779
7290014472235,false,פקאן סיני מסוכר בקופ,ששון הקולה,,פקאן סיני 200 גר קופסא,גרמים,200.00,100 גרם,false,1,24.90,12.4500,true,1,510025
7290014472426,false,קונפיטורה דובדבן חמוץ 450 ג' שקדיה,"דין שיווק וקליה בע""מ",IL,קונפיטורה דובדבן חמוץ 70% פרי 450 גר,גרמים,450.00,100 גרם,false,1,11.90,2.6444,true,1,502731
7290014472440,false,קונפיטורה שקדיה תפוז 450 ג',"דין שיווק וקליה בע""מ",IL,קונפיטורה תפוז 70% פרי שקדיה 450 גר,גרמים,450.00,100 גרם,false,1,11.90,2.6444,true,1,502736
7290014472464,false,קונפיטורה משמש 450גר,"דין שיווק וקליה בע""מ",IL,קונפיטורה משמש 70% פרי שקדיה 450 גר,גרמים,450.00,100 גרם,false,1,11.90,2.6444,true,1,502732
7290014472990,false,ממרח 100% שקדים שקדיה 300 ג',דין שיווק,IL,ממרח שקדים 100% 300 גר,גרמים,300.00,100 גרם,false,1,34.90,11.6333,true,1,504673
7290014501232,false,יין בר הרי גליל לבן,יקב הרי גליל,,"יין ""הרי גליל לבן""",מיליליטרים,750.00,"100 מ""ל",false,1,34.90,4.6533,true,1,485499
7290014501843,false,יין הרי גליל מירון 7,יקב הרי גליל,IL,יין הרי גליל מירון 750 מל,מיליליטרים,750.00,"100 מ""ל",false,1,89.90,11.9867,true,1,522036
7290014503137,false,יין דלתון יובלים אדו,"איי, בי, אינבוו",IL,כנען אדום-דלתון 2015,מיליליטרים,750.00,"100 מ""ל",false,1,39.90,5.3200,true,1,488068
7290014503144,false,יין דלתון יובלים לבן,"איי, בי, אינבוו",IL,כנען לבן-דלתון 2015,מיליליטרים,750.00,"100 מ""ל",false,1,39.90,5.3200,true,1,488069
7290014525009,false,חטיף סלים פרוט Slim fruit בטעם יוגורט ובמילוי תפוח,סלים דליס Slim Delis,ES,חטיף מרבה סלים פרוט יוגורט ותפוח,גרמים,182.00,100 גרם,false,1,11.90,6.5385,true,1,478067
7290014525016,false,חטיף סלים פרוט Slim fruit בטעם יוגורט ובמילוי תות שדה,סלים דליס Slim Delis,ES,חטיף מרבה סלים פרוט יוגורט ותות,גרמים,182.00,100 גרם,false,1,11.90,6.5385,true,1,478069
7290014525290,false,חטיף קריספי עם מילוי בטעם תות שדה,סלים דליס Slim Delis,NL,חטיף מרבה סלים דליס קריספי תות 125 גר,גרמים,125.00,100 גרם,false,1,11.90,9.5200,true,1,483807
7290014525306,false,מרבה סלים דליס קריספי אוכמניות 125 גר,סלים דליס Slim Delis,NL,חטיף מרבה סלים דליס קריספי אוכמניות,גרמים,125.00,100 גרם,false,1,11.90,9.5200,true,1,483808
7290014525313,false,מרבה סלים דליס קריספי שוקולד 125 גר,סלים דליס Slim Delis,NL,חטיף מרבה סלים דליס קריספי שוקולד 125 גר,גרמים,125.00,100 גרם,false,1,11.90,9.5200,true,1,483809
7290014525665,false,מרבה על חלל עוגיות קקאו וסוכריות שוק חלב 140 יח',"מרבה בע""מ",NL,מרבה על חלל עוגיות קקאו וסוכריות שוק חלב,Unknown,0.00,Unknown,false,1,9.90,0.0000,true,1,517283
7290014525672,false,מרבה על חלל עוגיות עם סוכריות שוקולד 140 יח',"מרבה בע""מ",NL,מרבה על חלל עוגיות עם סוכריות שוק חלב,Unknown,0.00,Unknown,false,1,9.90,0.0000,true,1,517284
7290014534650,false,פסטה 55 צינור 400 ג' לה פסטה,,,ספגטי לה פסטה צינור 400גר,גרמים,400.00,100 גרם,false,1,3.90,0.9750,true,1,476695
7290014534667,false,פסטה קונכיה 53 400 ג' לה פסטה,,,ספגטי לה פסטה קונכיה 400גר,גרמים,400.00,100 גרם,false,1,3.90,0.9750,true,1,476692
7290014534674,false,ספגטי לה פסטה פרפר 4,,,ספגטי לה פסטה פרפר 400גר,גרמים,400.00,100 גרם,false,1,3.90,0.9750,true,1,476696
7290014534681,false,פסטה בורג 64 400 ג' לה פסטה,,,ספגטי לה פסטה בורג 400גר,גרמים,400.00,100 גרם,false,1,3.90,0.9750,true,1,476694
7290014534698,false,פסטה תלתל 65 400 ג' לה פסטה,,,ספגטי לה פסטה תלתל 400גר,גרמים,400.00,100 גרם,false,1,3.90,0.9750,true,1,476693
7290014534704,false,פסטה 25 אטריות מרק 400 ג' לה פסטה,,,ספגטי לה פסטה אטריות מרק 400גר,גרמים,400.00,100 גרם,false,1,3.90,0.9750,true,1,476697
7290014692299,false,גבינת ברי 125 ג' קסטיאלו ויליפוד,יורו צ'יז Euro Cheese,DK,גבינה ברי 125 גר,גרמים,125.00,100 גרם,false,36,19.90,15.9200,true,1,470960
7290014692305,false,גבינת קממבר 125ג' CASTELLO ויליפוד,הנסיך- מפעל לייצור ט,DK,גבינה קממבר 125 גר,גרמים,125.00,100 גרם,false,36,19.90,15.9200,true,1,470961
7290014692541,false,גבינת מגורדת 500ג' GOLDEN,ג.וילי פוד אינטרנשיו,IL,אמה מגורדת 500 גר,גרמים,500.00,100 גרם,false,1,21.90,4.3800,true,1,470963
7290014692565,false,וילי פוד גרעיני תירס 320 גרם,אקו קונסרויפרי קי.אפ,HU,גרעיני תירס מתוק 320 גר,גרמים,320.00,100 גרם,false,1,5.90,1.8438,true,1,470854
7290014692749,false,שמן זית כתית מעולה ק,אסטיאס בורגס,,"שמן זית כתית מעולה ""קוסטה דורו"" 750 מ""ל",מיליליטרים,750.00,"100 מ""ל",false,1,29.90,3.9867,true,1,472382
7290014692817,false,גבינת מוצרלה מגורדת 200 ג' EURO CHEESE ויליפוד,הנסיך- מפעל לייצור ט,IL,גבינה מוצרלה מגורדת 200 גר,גרמים,200.00,100 גרם,false,1,14.90,7.4500,true,1,470962
7290014693005,false,קמח תפוא 500 גר,לוקס פרודקטס,,"קמח תפו""א 500 גר",גרמים,500.00,100 גרם,false,1,9.90,1.9800,true,1,480266
7290014693012,false,סודה לשתייה 1 קג,לוקס פרודקטס,,"סודה לשתייה 1 ק""ג",קילוגרמים,1.00,"ק""ג",false,1,10.90,10.9000,true,1,480267
7290014693029,false,קורנפלור 500 גר,,,קורנפלור 500 גר,גרמים,500.00,100 גרם,false,1,8.90,1.7800,true,1,514125
7290014693227,false,פלפל שחור שלם 10 גר,,,פלפל שחור שלם 10 גר,גרמים,10.00,100 גרם,false,1,2.90,29.0000,true,1,480438
7290014693326,false,פלפל שחור טחון 20 גר,,,פלפל שחור טחון 20 גר,גרמים,20.00,100 גרם,false,1,2.90,14.5000,true,1,480440
7290014693401,false,תבלין לדג 30 גר,לוקס פרודקטס,,תבלין לדג 30 גר,גרמים,30.00,100 גרם,false,1,2.90,9.6667,true,1,480291
7290014693586,false,תבלין לעוף 100 גר,לוקס פרודקטס,,תבלין לעוף 100 גר,גרמים,100.00,100 גרם,false,1,10.90,10.9000,true,1,480335
7290014693593,false,תבלין קבקזי 100 גר,לוקס פרודקטס,,תבלין קבקזי 100 גר,גרמים,100.00,100 גרם,false,1,10.90,10.9000,true,1,480336
7290014693678,false,קינמון 100 גר,לוקס פרודקטס,,קינמון 100 גר,גרמים,100.00,100 גרם,false,1,10.90,10.9000,true,1,480344
7290014693715,false,טימין 40 גר,לוקס פרודקטס,,טימין 40 גר,גרמים,40.00,100 גרם,false,1,10.90,27.2500,true,1,480348
7290014693753,false,קימל 100 גר,לוקס פרודקטס,,קימל 100 גר,גרמים,100.00,100 גרם,false,1,10.90,10.9000,true,1,480352
7290014693807,false,סודה לשתייה 500 גר,לוקס פרודקטס,,סודה לשתייה 500 גר,גרמים,500.00,100 גרם,false,1,6.90,1.3800,true,1,480268
7290014693821,false,סובין שיבולת שועל 20,לוקס פרודקטס,,סובין שיבולת שועל 200 גר,גרמים,200.00,100 גרם,false,1,11.90,5.9500,true,1,480275
7290014693968,false,מלח גורמה למרק 400 ג,לוקס פרודקטס,,מלח גורמה למרק 400 גר,גרמים,400.00,100 גרם,false,1,15.90,3.9750,true,1,480278
7290014693975,false,מלח גורמה 12 ירקות ו,לוקס פרודקטס,,מלח גורמה 12 ירקות ותבלינים 400 גר,גרמים,400.00,100 גרם,false,1,15.90,3.9750,true,1,480279
7290014712539,false,"יוגורט בקבוק בטעם תות שדה 500 מ""ל הכפר",,,יוגורט בטעם תות שדה 500 מל,מיליליטרים,500.00,"100 מ""ל",false,1,15.90,3.1800,true,1,516700
7290014712546,false,"יוגורט בקבוק בטעם פירות יער 500 מ""ל הכפר",,,יוגורט בטעם פירות יער 500 מל,מיליליטרים,500.00,"100 מ""ל",false,1,15.90,3.1800,true,1,516701
7290014748590,false,מקלוני דגים בציפוי צ,עיצובים 2020 (4.9),IL,דג טוב מקלונים בציפוי צילי 600 גר,גרמים,600.00,100 גרם,false,12,29.90,4.9833,true,1,501788
7290014748613,false,דג טוב מקלוני דגים בציפוי ציפס 600גר,עיצובים 2020 (4.9),IL,דג טוב מקלוני דגים בציפוי ציפס 600 גר,גרמים,600.00,100 גרם,false,12,29.90,4.9833,true,1,501787
7290014748958,false,דג טוב פופקורן מיני אמנון ציפס נ.שלם 400גר,מולינו ניקולי s.p.a,IL,דג מיני אמנון ציפס נתח שלם 400 גר,גרמים,400.00,100 גרם,false,8,34.90,8.7250,true,1,504377
7290014748972,false,דג טוב פופקורן מיני אמנון נתחי שלם 400גר,מולינו ניקולי s.p.a,IL,דג מיני אמנון נתח שלם 400 גר,גרמים,400.00,100 גרם,false,8,34.90,8.7250,true,1,504376
7290014749245,false,ספיישל רצועות שניצל שומשום עוף טוב 600 גרם,מוצרי עוף טוב (2001),IL,עוף טוב ספיישל רצועות שניצל שומשום 600 ג,גרמים,600.00,100 גרם,false,1,36.90,6.1500,true,1,509911
7290014749764,false,עוף טוב שניצל עוף ביתי עדין 700,מוצרי עוף טוב (2001),IL,שניצל עוף ביתי עדין עוף טוב 700 גר,גרמים,700.00,100 גרם,false,12,39.90,5.7000,true,1,511611
7290014749849,false,שניצל דק ענק קריספי שומשום עוף טוב 720 גר',מולינו ניקולי s.p.a,IL,שניצל דק ענק קריספי שומשום עוף טוב 720 ג,גרמים,720.00,100 גרם,false,10,34.90,4.8472,true,1,517396
7290014749863,false,שניצל דק ענק קריספי צ'יפס עוף טוב 720 גר',מוצרי עוף טוב (2001),IL,שניצל דק ענק קריספי ציפס עוף טוב 720 גר,גרמים,720.00,100 גרם,false,10,34.90,4.8472,true,1,517395
7290014749887,false,עוף טוב שניצל עוף דק ענק קריספי קלאסי,מולינו ניקולי s.p.a,IL,שניצל דק ענק קריספי קלאסי עוף טוב 720 גר,גרמים,720.00,100 גרם,false,10,34.90,4.8472,true,1,517394
7290014758100,false,מאגדת יוגורט ביו 3% שומן 8 יח' *150ג' תנובה,מיוצר עי קונדיטוריית,IL,מאגדת שמיניית יוגורט ביו 3% תנובה,גרמים,1200.00,100 גרם,false,1,16.90,1.4083,true,1,469717
7290014758117,false,מאגדת יוגורט ביו 1.5% שומן 8 יח' *150 ג' תנובה,מיוצר עי קונדיטוריית,IL,מאגדת יוגורט*8 1.5% BIO,גרמים,1200.00,100 גרם,false,1,16.90,1.4083,true,1,469716
7290014758148,false,פרוסות גבינה 22% שומן 400 ג' גלבוע,תנובה,IL,גבינה סמי גלבוע 400 גר,גרמים,400.00,100 גרם,false,1,21.80,5.4500,true,1,469228
7290014758162,false,חלב עיזים מלא 3.6% קרטון 1 ל' תנובה,תנובה מרכז שיתופי לש,IL,חלב עיזים מלא 3.6% 1לי,ליטרים,1.00,ליטר,false,1,14.90,14.9000,true,1,471114
7290014758681,false,קוטג' תנובה 1% גביע 250 ג',מיוצר עי קונדיטוריית,IL,קוטגי 1% בגביע 250 גרי,גרמים,250.00,100 גרם,false,1,5.50,2.2000,true,1,469720
7290014759084,false,גבינת שמנת 16% בטעם טבעי 225 ג' נפוליאון,תנובה מרכז שיתופי לש,IL,גבינת שמנת נפוליאון 16% 225 גר,גרמים,225.00,100 גרם,false,1,13.90,6.1778,true,1,472546
7290014759534,false,גבינה בולגרית למריחה טבעי 5% 200 ג' פיראוס,"תנובה, מחלבת תל יוסף",IL,גבינה בולגרית טבעי 200 גר,גרמים,200.00,100 גרם,false,1,13.90,6.9500,true,1,472699
7290014759909,false,פיראוס פטה עזים פיראוס 5% 250גר,"תנובה, מחלבת טנא נוג",IL,גבינה פטה 5% 250גר,גרמים,250.00,100 גרם,false,1,27.80,11.1200,true,1,473593
7290014759978,false,"גבינת קצקבל פלח גלעד 27%, 200 ג'",תנובה,IL,גבינה קצקבל פלח 200גר,גרמים,200.00,100 גרם,false,1,27.90,13.9500,true,1,473434
7290014759985,false,"גבינת פרמזן גבע 23% פלח, 200 ג'",תנובה,IL,גבינה פרמזן פלח 200גר,גרמים,200.00,100 גרם,false,1,23.80,11.9000,true,1,473433
7290014759992,false,גבינת רוקפור גליל פלח 140 ג' תנובה,"תנובה, מחלבת תל יוסף",IL,גבינה רוקפור פלח 140גר,גרמים,140.00,100 גרם,false,1,18.80,13.4286,true,1,473435
7290014760134,false,מעדן סויה בטעם וניל אלטרנטיב,תנובה Alternative,IL,מעדן סויה בטעם וניל 125 גר,גרמים,125.00,100 גרם,false,1,3.90,3.1200,true,1,496079
7290014760141,false,משקה שקדים תנובה E אלטרנטיב,תנובה Alternative,IL,משקה שקדים 1 ל,ליטרים,1.00,ליטר,false,1,12.90,12.9000,true,1,479667
7290014760448,false,גבינה צהובה גלבוע 400 גרם 22% שומן תנובה,מחלבת בית יצחק,IL,גבינת גלבוע 400גר,גרמים,400.00,100 גרם,false,1,23.90,5.9750,true,1,474647
7290014760912,false,פרוסות גבינה 28% שומן 400 ג' גוש חלב,תנובה מרכז שיתופי לש,IL,גבינת גוש חלב 400גר,גרמים,400.00,100 גרם,false,1,26.90,6.7250,true,1,474646
7290014761056,false,מעדן שוקולד חלב מעולה 123 ג' יולו,מיוצר עי קונדיטוריית,IL,מעדן יולו שוקולד חלב מעולה 123גר,גרמים,123.00,100 גרם,false,1,4.90,3.9837,true,1,477686
7290014761063,false,מעדן שוקולד מריר מעולה 123 ג' יולו,מיוצר עי קונדיטוריית,IL,מעדן יולו שוקולד מריר מעולה 123גר,גרמים,123.00,100 גרם,false,1,4.90,3.9837,true,1,477688
7290014761070,false,מעדן שוקולד לבן מעולה 123 ג' יולו,מיוצר עי קונדיטוריית,IL,מעדן יולו שוקולד לבן מעולה 123גר,גרמים,123.00,100 גרם,false,1,4.90,3.9837,true,1,477687
7290014761193,false,יוגורט עם פירות יער 1.5% שומן 125 ג' פרילי,תנובה מרכז שיתופי לש,IL,יוגורט פרילי פירות יער 125גר,גרמים,125.00,100 גרם,false,1,3.90,3.1200,true,1,478260
7290014761414,false,מעדן שכבות שוקולד חלב ולבן 123 ג' יולו,מיוצר עי קונדיטוריית,IL,מעדן יולו שוקולד חלב ולבן 123גר,גרמים,123.00,100 גרם,false,1,4.90,3.9837,true,1,477691
7290014761612,false,מעדן עם שוקולד מריר ולבן 122 ג' יולו,מיוצר עי קונדיטוריית,IL,מעדן יולו שכבות שוקולד מריר לבן 120גר,גרמים,120.00,100 גרם,false,1,4.90,4.0833,true,1,479137
7290014762756,false,נפוליאון גבינת שמנת עם בצל 16% שומן,הרדוף חלב,IL,גבינת שמנת נפוליאון בטעם בצל 225 גר,גרמים,225.00,100 גרם,false,1,13.90,6.1778,true,1,482852
7290014762800,false,מעדן סויה שוקולד גביע 125 גרם אלטרנטיב,תנובה מרכז שיתופי לש,IL,"מעדן סויה בטעם שוקולד בגביע 125 מ""ל",גרמים,125.00,100 גרם,false,1,3.90,3.1200,true,1,493251
7290014762831,false,גבינת שמנת חלפיניו 24% שומן 225 ג' נפוליאון,תנובה מרכז שיתופי לש,IL,גבינת שמנת נפוליאון 25% 225 גר,גרמים,225.00,100 גרם,false,1,13.90,6.1778,true,1,484205
7290014762848,false,גבינה צהובה מגורדת 22% שומן 500 ג' פתיתי גלבוע,גלבוע - תנובה,IL,פתיתי גלבוע 22% 500 גר,גרמים,500.00,100 גרם,false,1,34.90,6.9800,true,1,492744
7290014762909,false,פתיתי מוצרלה 20% שומן 200 ג' השף הלבן,"תנובה, מחלבת תל יוסף",IL,גבינת פתיתי מוצרלה 200 גר,גרמים,200.00,100 גרם,false,1,17.90,8.9500,true,1,483939
7290014763098,false,קרם גבינת שמנת 5% עם פלפל שום ובצל 200 ג' תנובה,תנובה,IL,קרם גבינת שמנת טוסקנה 5% 200 גר,גרמים,200.00,100 גרם,false,1,11.90,5.9500,true,1,483940
7290014763272,false,יוגורט סויה BIO לשתייה תות ובננה אלטרנטיב,תות תעשיות מזון (201,IL,"משקה סויה ביו עם תות ובננה 250 מ""ל",מיליליטרים,250.00,"100 מ""ל",false,1,5.90,2.3600,true,1,484720
7290014785052,false,"רוטב פטריות צמחוני 500 מ""ל",טעמי אסיה Taste of Asia,TH,רוטב פטריות צמחוני 500 מל,מיליליטרים,500.00,"100 מ""ל",false,12,17.90,3.5800,true,1,492058
7290014785113,false,"רוטב טריאקי גדול 500 מ""ל",טעמי אסיה Taste of Asia,TH,רוטב טריאקי 500 מל,מיליליטרים,500.00,"100 מ""ל",false,6,17.90,3.5800,true,1,500331
7290014785441,false,אטריות ביצים מקצועי 450 גר,,,אטריות ביצים 450 גר,גרמים,450.00,100 גרם,false,1,9.90,2.2000,true,1,493734
7290014785458,false,למון גראס ולימונית מ,,,למון גראס ולימונית מיובש 50 גר,גרמים,50.00,100 גרם,false,12,11.90,23.8000,true,1,516420
7290014785465,false,שורש גלנגל מיובש 100,,,שורש גלנגל מיובש 100 גר,גרמים,100.00,100 גרם,false,10,14.90,14.9000,true,1,516421
7290014785489,false,פתיתי פלפל צילי מיוב,,,פתיתי פלפל צילי מיובש 100 גר,גרמים,100.00,100 גרם,false,12,20.90,20.9000,true,1,516422
7290014785564,false,אטריות אודון מוכנות 200 ג',קינגדאן פרימה פודס ק,CN,אטריות אודון מוכנות 200 גר,גרמים,200.00,100 גרם,false,15,4.90,2.4500,true,1,511518
7290014785571,false,"אטריות מוכנות מתאים להקפצה, מרקים ומנות קרות",טעמי אסיה Taste of Asia,,אטריות להקפצה מוכנות 200 גר,גרמים,200.00,100 גרם,false,15,4.90,2.4500,true,1,505973
7290014789913,false,עוגיות אוראו עם מילוי קרם וניל 3 * 176 ג',,,"עוגיות ""אוראו"" ממולאות קרם וניל 176 גר ש",גרמים,528.00,100 גרם,false,1,21.90,4.1477,true,1,472564
7290014791336,false,מים מינרליים מי עדן,יושלם,,מים מינרליים מי עדן 1 ל,ליטרים,1.00,ליטר,false,1,3.90,3.9000,true,1,491552
7290014803206,false,חומץ יין אדום 5% 500,COMTEMP,,"חומץ יין אדום 5% 500 מ""ל",מיליליטרים,500.00,"100 מ""ל",false,1,13.90,2.7800,true,1,482082
7290014803213,false,"חומץ יין לבן 5% 500מ""ל",COMTEMP,,"חומץ יין לבן 5% 500 מ""ל",מיליליטרים,500.00,"100 מ""ל",false,1,13.90,2.7800,true,1,482081
7290014803565,false,צנימים עגולים מחיטה מלאה 300ג',NEWLAT,,צנימים עגולים עם חיטה מלאה 300גר,גרמים,300.00,100 גרם,false,1,12.90,4.3000,true,1,476886
7290014803855,false,ביסקוויט פתי בר 400,Oylum,,ביסקוויט פתי בר 400 גר,גרמים,400.00,100 גרם,false,1,6.90,1.7250,true,1,484340
7290014855434,false,מגבונים בייביסיטר פרפורמנס מבושם רביעיה,בייביסיטר Babysitter,,מגבוני בייביסיטר מבושום 72 יח רביעייה,Unknown,0.00,Unknown,false,1,16.90,0.0000,true,1,500454
7290014855458,false,מגבוני בייביסיטר פרפורמנס ללא בישום מארז 72X4יח',בייביסיטר Babysitter,,מגבוני בייביסיטר ללא בישום 72 יח רביעייה,Unknown,0.00,Unknown,false,1,16.90,0.0000,true,1,500453
7290014860063,false,מקלוני אורז ללא גלוט,Oriental food co. lt,,מקלוני אורז ללא גלוטן 454 גר,גרמים,454.00,100 גרם,false,1,9.90,2.1806,true,1,473200
7290014860070,false,"מקלוני אורז ללא גלוטן 5 מ""מ 454גר' (אור)",ניינטי נודל קו,TH,מקלוני אורז ללא גלוטן 454גר,גרמים,454.00,100 גרם,false,1,10.90,2.4009,true,1,473655
7290014860094,false,מקלוני אורז ללא גלוט,ניינטי נודל קו,TH,מקלוני אורז ללא גלוטן 454גר,גרמים,454.00,100 גרם,false,1,10.90,2.4009,true,1,473656
7290014860155,false,מחצלת במבו שטוחה 24X24 ס'מ,גולין פנגזו,CN,מחצלות עגולות,Unknown,0.00,Unknown,false,1,7.90,0.0000,true,1,470731
7290014860247,false,שבבי אורז מרובעים לל,ליאן תאי רייס,TH,שבבי אורז מרובעים ללאגלוטן 227 גר,גרמים,227.00,100 גרם,false,1,9.90,4.3612,true,1,473202
7290014866256,false,עוגיות בראוניז צימוק,,,עוגיות בראוניז צימוקים ואגוזים 300 גר,גרמים,300.00,100 גרם,false,1,32.90,10.9667,true,1,521485
7290014866966,false,עוגת פאי אקזוטי,,,עוגת פאי אקזוטי,Unknown,0.00,Unknown,false,1,44.90,0.0000,true,1,513147
7290014901315,false,משחת שיניים לשיניים רגישות Extra fresh,סמית קליין ביצ'ם,GB,משחת שיניים סנסודיין אקסטרה פרש 75 מל,מיליליטרים,75.00,"100 מ""ל",false,1,22.90,30.5333,true,1,489573
7290014905160,false,"הפי מטהר אוויר פניני ריח בניחוחות, 130 גרם",יוליניבר,IT,מטהר אוויר הפי פניני ריח 130 גר,גרמים,130.00,100 גרם,false,1,11.90,9.1538,true,1,489872
7290014905207,false,הפי גל לניקוי אסלה 7,אורו,,"גל לניקוי אסלות הפי כחול 750 מ""ל",מיליליטרים,750.00,"100 מ""ל",false,1,7.90,1.0533,true,1,489877
7290014905313,false,דזיטול נוזל מרוכז לחיטוי כללי ולרצפות 1 ליטר,מרקה,ES,מנקה רצפות ומשטחים דזיטול 1 ל,ליטרים,1.00,ליטר,false,1,14.90,14.9000,true,1,492303
7290014905344,false,הפי קצף לניקוי שטיחי,שרווין ויליאמס,US,קצף לשטיחים הפי 623 גר,גרמים,623.00,100 גרם,false,1,23.90,3.8363,true,1,489914
7290014905368,false,מטלית למטבח הפי עוד,פלספק,,מטלית למטבח הפי עוד ועוד בד לבן,Unknown,0.00,Unknown,false,1,9.90,0.0000,true,1,489870
7290014905498,false,הפי - גליל טבליות גם וגם דו צדדי,ג'נרל מילס סאן אדריא,TR,גליל מטליות הפי גם וגם צהוב דו צדדי,Unknown,0.00,Unknown,false,1,12.90,0.0000,true,1,489869
7290014905689,false,"נוזל כלים הפי מרוכז 24% תפוח 750 מ""ל",וונדפוט,BE,"נוזל כלים הפי תפוח ירוק מרוכז 24% 750 מ""",מיליליטרים,750.00,"100 מ""ל",false,1,7.90,1.0533,true,1,489879
7290014905696,false,"נוזל כלים הפי מרוכז 24% לימון 750 מ""ל",וונדפוט,BE,נוזל כלים הפי לימון צהוב מרוכז 24% 750 מ,מיליליטרים,750.00,"100 מ""ל",false,1,7.90,1.0533,true,1,489880
7290014905733,false,"הפי - מרסס להברקת שמשות 750 מ""ל",יוליניבר,TR,"ניקוי חלונות הפי 750 מ""ל",מיליליטרים,750.00,"100 מ""ל",false,1,8.90,1.1867,true,1,489875
7290014905962,false,סבון אסלה הפי בושם 5טיפות ורוד לבנדר נתלה,רלוי,IT,סבון אסלה 4 טיפות 55 גר,גרמים,55.00,100 גרם,false,1,9.90,18.0000,true,1,489867
7290014905979,false,ניקוי מדיח כלים הפי,סאמיט,,"ניקוי מדיח כלים הפי מס 1 354 מ""ל",מיליליטרים,354.00,"100 מ""ל",false,1,19.90,5.6215,true,1,489864
7290014910300,false,בסגנון טבורוג חלבן ל,גימטוס,,בסגנון טבורוג חלבן ליטאי 300 גר,גרמים,300.00,100 גרם,false,1,14.90,4.9667,true,1,486455
7290014910515,false,שפרוטים מעושנים רויא,,,שפרוטים מעושנים 250 גר,גרמים,250.00,100 גרם,false,1,12.90,5.1600,true,1,494927
7290014947023,false,פריכיות כוסמת ללא מל,זן - בר,IL,פריכיות כוסמת ללא מלח 120 גר,גרמים,120.00,100 גרם,false,1,11.90,9.9167,true,1,522733
7290014947047,false,פריכיות כוסמת בתוספת מלח,זן בר המכללה לטבעונו,,פריכיות כוסמת בתוספת מלח 175 גר,גרמים,175.00,100 גרם,false,1,11.90,6.8000,true,1,481260
7290014947092,false,פריכיות תירס עם קצח,,,פריכיות תירס עם קצח 120 גר,גרמים,95.00,100 גרם,false,1,11.90,12.5263,true,1,522734
7290014947207,false,פריכיות כוסמין דקות,זן בר המכללה לטבעונו,IL,פריכיות כוסמין דקות 160 גר,גרמים,160.00,100 גרם,false,1,11.90,7.4375,true,1,518733
7290014947214,false,פריכיות כוסמת דקות 1,זן - בר,IL,פריכיות כוסמת דקות 160 גר,גרמים,160.00,100 גרם,false,1,11.90,7.4375,true,1,518732
7290014967441,false,מארז קפסולות אספרסו,אספרסו מור,,מארז קפסולות אספרסו מור אלטו 10 יח,Unknown,0.00,Unknown,false,1,11.90,0.0000,true,1,484760
7290014967458,false,קפסולות אספרסו מור ק,אספרסו מור,,מארז קפסולות אספרסו מור קרמה 10 יח,Unknown,0.00,Unknown,false,1,11.90,0.0000,true,1,484762
7290014967465,false,מארז קפסולות אספרסו,אספרסו מור,,מארז קפסולות אספרסו מור אינטנסו 10 יח,Unknown,0.00,Unknown,false,1,11.90,0.0000,true,1,484759
7290014967472,false,קפסולות אספרסו מור א,אספרסו מור,,מארז קפסולות אספרסו מור ארומה 10 יח,גרמים,50.00,100 גרם,false,1,11.90,23.8000,true,1,484761
7290014967762,false,מארז 100 קפסולות מיקס טעמים,אספרסו מור,,קפסולות קפה אספרסו מור מיקס 100 יח,Unknown,0.00,Unknown,false,1,79.90,0.0000,true,1,513197
7290014973060,false,סלמון הילטון בוואקום,"הרמס דגים בע""מ",IL,סלמון הילטון 100 גר,גרמים,100.00,100 גרם,false,1,18.90,18.9000,true,1,470987
7290014973077,false,סלמון הילטון בוואקום,הרמס דגים,,סלמון הילטון 200 גר,גרמים,200.00,100 גרם,false,1,36.90,18.4500,true,1,470988
7290014973381,false,ממרח סלמון הרמס 200,"הרמס דגים בע""מ",IL,ממרח סלמון 200 גר,גרמים,200.00,100 גרם,false,1,22.90,11.4500,true,1,524353
7290015009102,false,עלי טורטייה מקמח לבן,,,עלי טורטייה מקמח לבן 360 גרם,גרמים,360.00,100 גרם,false,1,12.90,3.5833,true,1,513361
7290015009119,false,עלי טורטייה מקמח לבן,לווליה,,עלי טורטייה מקמח לבן 420 גרם,גרמים,420.00,100 גרם,false,1,12.90,3.0714,true,1,513362
7290015009126,false,עלי טורטייה מקמח מלא,לווליה,,עלי טורטייה מקמח מלא 420 גרם,גרמים,420.00,100 גרם,false,1,12.90,3.0714,true,1,513363
7290015009171,false,ניוקי תפוחי אדמה דני,,,"ניוקי תפו""א דניאל 300 גר",גרמים,300.00,100 גרם,false,1,7.90,2.6333,true,1,513298
7290015009188,false,ניוקי תפוא דלעת דניא,סיאמה אלימטרי,,"ניוקי תפו""א דלעת דניאל 300 גר",גרמים,300.00,100 גרם,false,1,7.90,2.6333,true,1,513299
7290015009195,false,ניוקי תפוא עגבניות ד,,,"ניוקי תפו""א עגבניות דניאל 300 גר",גרמים,300.00,100 גרם,false,1,7.90,2.6333,true,1,513300
7290015009218,false,ניוקי תפוא ערמונים ד,סיאמה,IT,"ניוקי תפו""א ערמונים דניאל 300 גר",גרמים,300.00,100 גרם,false,1,7.90,2.6333,true,1,513302
7290015009225,false,ריבת חלב מקורית דניא,קארו,,ריבת חלב מקורית בצנצנצ 450 גרם,גרמים,450.00,100 גרם,false,1,19.90,4.4222,true,1,513356
7290015009232,false,רוטב סלסה בינוני צהו,,,רוטב סלסה בינוני צהוב 454 גר,גרמים,454.00,100 גרם,false,1,19.90,4.3833,true,1,526262
7290015009249,false,"רוטב סלסה חריף ארה""ב",לינדסטרי פודס,US,רוטב סלסה חריף אדום 454 גר,גרמים,454.00,100 גרם,false,1,19.90,4.3833,true,1,526264
7290015009256,false,רוטב סלסה רגיל סבורי,לינדסטרי פודס אנד דר,US,רוטב סלסה רגיל ירוק 454 גר,גרמים,454.00,100 גרם,false,1,19.90,4.3833,true,1,526263
7290015009300,false,עלי טורטייה עם קמח ת,,,עלי טורטייה עם קמח תירס 360 גרם,גרמים,360.00,100 גרם,false,1,12.90,3.5833,true,1,513349
7290015009317,false,נאצוס חטיף תירס טבעי,אוקי סנייקס,DK,נאצוס חטיף תירס טבעי 200 גרם,גרמים,200.00,100 גרם,false,1,11.90,5.9500,true,1,513358
7290015009324,false,נאצוס סבוריטו ברביקי,אוקי סנקס,DK,נאצוס חטיף ברביקיו 200 גרם,גרמים,200.00,100 גרם,false,1,11.90,5.9500,true,1,513359
7290015009331,false,חטיף נאצוס חריף סגול,מנדלז סי.אר. פרודקשן,DK,נאצוס חטיף חריף 200 גרם,גרמים,200.00,100 גרם,false,1,11.90,5.9500,true,1,513360
7290015009355,false,רוטב חומץ בלסמי מצומ,,,רוטב חומץ בלסמי מצומצם דניאל 250 מל,מיליליטרים,250.00,"100 מ""ל",false,1,19.90,7.9600,true,1,513304
7290015009362,false,רוטב חומץ בלסמי לבן,,,רוטב חומץ בלסמי לבן מצומצם דניאל 250 מל,מיליליטרים,250.00,"100 מ""ל",false,1,19.90,7.9600,true,1,513305
7290015009386,false,מיץ ליים משומר דניאל,,,מיץ ליים משומר דניאל 946 מל,מיליליטרים,946.00,"100 מ""ל",false,1,19.90,2.1036,true,1,513307
7290015009393,false,זיתים שחורים מגולעני,אידיאל ס.א,GR,זית שחור מגולען מזן קלמטה אידאל 430 גר,גרמים,430.00,100 גרם,false,1,18.90,4.3953,true,1,513297
7290015009409,false,זיתים שחורים מזן טאס,אדיאל ס.א,GR,זית שחור מזן טאסוס במלח 250 גר,גרמים,250.00,100 גרם,false,1,18.90,7.5600,true,1,513309
7290015009447,false,זיתים שחורים שלמים מ,,,זיתים שחורים שלמים מזן קלמטה אידאל 440 ג,גרמים,440.00,100 גרם,false,1,18.90,4.2955,true,1,513306
7290015009454,false,שימורי שעועית לבנה 4,,,שימורי שעועית לבנה 400 גר,גרמים,400.00,100 גרם,false,1,9.90,2.4750,true,1,526253
7290015009461,false,שימורי שעועית שחורה במי מלח,יורקום סרל,IT,שימורי שעועית שחורה 400 גר,גרמים,400.00,100 גרם,false,1,9.90,2.4750,true,1,526254
7290015009478,false,שימורי שעועית אדומה במי מלח,יורקום סרל,IT,שימורי שעועית אדומה 400 גר,גרמים,400.00,100 גרם,false,1,9.90,2.4750,true,1,526255
7290015009485,false,שימורי שעועית לבנה ברוטב עגבניות,,,שימורי שעועית אפויה ברוטב עגבניות 400 גר,גרמים,400.00,100 גרם,false,1,9.90,2.4750,true,1,526256
7290015009508,false,סירופ מייפל טהור זכו,דרק אמבר,US,סירופ מייפל טהור 250 מל,מיליליטרים,250.00,"100 מ""ל",false,1,27.90,11.1600,true,1,526261
7290015009539,false,גבינה פיקורינו רומנו,,,גבינה פיקורינו רומנו 32% כבשים 250 גר,גרמים,250.00,100 גרם,false,1,34.90,13.9600,true,1,526259
7290015009553,false,רוטב אקסטרא חריף מפל,,,רוטב אקסטרא חריף מפולפל קרולינה ריפר 148,מיליליטרים,148.00,"100 מ""ל",false,1,19.90,13.4459,true,1,526265
7290015009560,false,רוטב חריף מפלפל קאיי,,,רוטב חריף מפולפל קאיין 148 מל,מיליליטרים,148.00,"100 מ""ל",false,1,19.90,13.4459,true,1,526266
7290015009584,false,רוטב חריף מפלפל חלפי,,,רוטב חריף מפולפל חלפיניו 148 מל,מיליליטרים,148.00,"100 מ""ל",false,1,19.90,13.4459,true,1,526268
7290015009591,false,רוטב אקסטרא חריף מפל,,,רוטב אקסטרא חריף מפולפל סקורפיון 148 מל,מיליליטרים,148.00,"100 מ""ל",false,1,19.90,13.4459,true,1,526269
7290015009607,false,רוטב אקסטרא חריף מפל,,,רוטב אקסטרא חריף מפולפל נגה גולוקיה 148,מיליליטרים,148.00,"100 מ""ל",false,1,19.90,13.4459,true,1,526270
7290015009614,false,רוטב אקסטרא חריף מפל,,,רוטב אקסטרא חריף מפולפל סקוטש בונט 148 מ,מיליליטרים,148.00,"100 מ""ל",false,1,19.90,13.4459,true,1,526271
7290015039055,false,וילי פוד רוטב צילי חריף בדץ 700מל,הנסיך- מפעל לייצור ט,TH,"רוטב צ""ילי חריף 700 מל",מיליליטרים,700.00,"100 מ""ל",false,1,9.90,1.4143,true,1,472891
7290015039246,false,נתחי טונה בשמן צמחי רביעיה * 160 ג' וילי פוד,וילי פוד,TH,נתחי טונה בשמן 160גר רביעייה,גרמים,640.00,100 גרם,false,1,19.90,3.1094,true,1,476932
7290015039338,false,נתחי טונה במי מלח רביעיה * 160 ג' וילי פוד,וילי פוד,,נתחי טונה במי מלח 160גר רביעייה,גרמים,640.00,100 גרם,false,1,19.90,3.1094,true,1,476933
7290015129121,false,אטריות קונג'אק בתוספת טפיוקה בצורת נודלס,הוויזאי וואנגייה פוד,CN,פסטה נודלס סקיני 270 גר,גרמים,270.00,100 גרם,false,30,10.90,4.0370,true,1,486883
7290015129145,false,אטריות קונג'אק בתוספת טפיוקה בצורת ספגטי,הוויזאי וואנגייה פוד,CN,פסטה ספגטי סקיני 270 גר,גרמים,270.00,100 גרם,false,30,10.90,4.0370,true,1,486885
7290015129220,false,אטריות קונגאק בצורת פתיתים,אף.סי תבליני בגליל ב,CN,פסטה קוסקוס סקיני 270 גר,גרמים,270.00,100 גרם,false,1,10.90,4.0370,true,1,486886
7290015129251,false,אטריות קונג'אק בצורת פטוצ'יני,אף.סי תבליני בגליל ב,CN,פסטה פטוציני סקיני 270 גר,גרמים,270.00,100 גרם,false,1,10.90,4.0370,true,1,486888
7290015129749,false,פסטה שיבולת שועל נוד,הוויזאי וואנגייה,CN,פסטה שיבולת שועל נודלס סקיני 270 גר,גרמים,270.00,100 גרם,false,30,10.90,4.0370,true,1,503969
7290015129756,false,פסטה שיבולת שועל פטו,הוויזאי וואנגייה,CN,פסטה שיבולת שועל פטוציני סקיני 270 גר,גרמים,270.00,100 גרם,false,30,10.90,4.0370,true,1,503968
7290015130127,false,סביבון גדול,,,סביבון גדול,Unknown,0.00,Unknown,false,1,14.90,0.0000,true,1,515647
7290015139250,false,"חופשי שוקולד מריר עם פ.אורז לל""ס 85 גר",כרמית תעשיות ממתקים,IL,שוקולד מריר פצפוצי אורז ללא סוכר 85 גר,גרמים,85.00,100 גרם,false,1,6.90,8.1176,true,1,480378
7290015139267,false,שוקולד מריר עם שקדים ללא תוספת סוכר וסטהיים,כרמית תעשיות ממתקים,IL,שוקולד מריר שקדים ללא סוכר 85 גר,גרמים,85.00,100 גרם,false,1,6.90,8.1176,true,1,480379
7290015139465,false,מיקסים בייגלה מצופה שוקולד חלב 55 גר,כרמית,IL,בייגלה כרמית מיקסים שוקולד חלב 55 גר,גרמים,55.00,100 גרם,false,24,3.90,7.0909,true,1,481295
7290015150088,false,מחית עגבניות גרנד איטליה 700גרם,שוורצקוף& הנקל דיסלד,IT,מחית עגבניות 700 גר,גרמים,700.00,100 גרם,false,1,11.90,1.7000,true,1,486681
7290015150118,false,עגבניות חתוכות דק בלה איטליה 3*400 ג',אמיליאנה קונסרב ס.פ.,IT,עגבניות חתוכות 400גר שלישייה,גרמים,1200.00,100 גרם,false,1,14.90,1.2417,true,1,479096
7290015150200,false,עגבניות חתוכות דק 400 גרם,HIQ FOOD PRODUCTS,IT,עגבניות חתוכות דק גרנד איטליה 400 גר,גרמים,400.00,100 גרם,false,1,5.80,1.4500,true,1,494696
7290015155021,false,פרמיו דנטל מיני 110ג',,,פרמיו דנטל מיני 110 גר,גרמים,110.00,100 גרם,false,1,9.90,9.0000,true,1,525174
7290015155243,false,פרמיו חטיף כריות לתמיכה באנטי -היירבול לחתול 60ג',פרמיו Premio,,פרמיו כריות אנטי היירבול 60 גר,גרמים,60.00,100 גרם,false,1,9.90,16.5000,true,1,525157
7290015155250,false,פרמיו חטיף כריות סלמון 60גר,פרמיו Premio,,פרמיו כריות סלמון 60 גר,גרמים,60.00,100 גרם,false,1,9.90,16.5000,true,1,525156
7290015155274,false,פרמיו כריות עור ופרווה,פרמיו Premio,,פרמיו כריות עור ופרווה 60 גר,גרמים,60.00,100 גרם,false,1,9.90,16.5000,true,1,526681
7290015155410,false,פרמיו חטיף כריות דנטל עם עוף 60ג',פרמיו Premio,,פרמיו כריות דנטל עוף 60 גר,גרמים,60.00,100 גרם,false,1,9.90,16.5000,true,1,525158
7290015155427,false,פרמיו עוף וכבד לחתול,פרמיו Premio,,פרמיו עוף וכבד 15 גר,גרמים,15.00,100 גרם,false,1,6.90,46.0000,true,1,525155
7290015155434,false,פרמיו סלמון ופורל 15 ג',,,פרמיו סלמון ופורל 15 גר,גרמים,15.00,100 גרם,false,1,6.90,46.0000,true,1,525154
7290015155557,false,פרמיו רצועות סושי ברווז 100ג',,,פרמיו רצועות סושי ברווז 100 גר,גרמים,100.00,100 גרם,false,1,14.90,14.9000,true,1,525171
7290015155823,false,מחית תפוחי עץ חטיפטף ללא תוספת סוכר,פרוטה פודיווין איי.א,CZ,פאוץ פרינוק תפוח עץ 120 גר,גרמים,120.00,100 גרם,false,1,4.90,4.0833,true,1,512240
7290015155830,false,מחית תפוחי עץ ובננה חטיפטף ללא תוספת סוכר,פרוטה פודיווין,CZ,פאוץ פרינוק תפוח ובננה 120 גר,גרמים,120.00,100 גרם,false,1,4.90,4.0833,true,1,512241
7290015155847,false,מחית סלט פירות חטיפטף ללא תוספת סוכר,פרוטה פודיווין איי.א,CZ,פאוץ פרינוק סלט פירות 120 גר,גרמים,120.00,100 גרם,false,1,4.90,4.0833,true,1,512242
7290015155885,false,חטיפטף - חטיף אורז אפוי בטעם אוכמניות 28 גרם,,,חטיף טף בטעם אוכמניות 28 גר,גרמים,28.00,100 גרם,false,1,8.90,31.7857,true,1,512246
7290015155892,false,חטיפטף - חטיף אורז אפוי בטעם בננה 28 גרם,,,חטיף טף בטעם בננה 28 גר,גרמים,28.00,100 גרם,false,1,8.90,31.7857,true,1,512247
7290015156769,false,מחית פרינוק פאוץ' תפוח ואוכמניות 120 גרם,,,פאוץ פרינוק תפוח ואוכמניות 120 גר,גרמים,120.00,100 גרם,false,1,4.90,4.0833,true,1,512244
7290015161145,false,קוואקר כוסמין מלא עב,נוטרה זן NutraZen,DK,קוואקר כוסמין מלא עבה 400 גר,גרמים,400.00,100 גרם,false,1,21.90,5.4750,true,1,516693
7290015161213,false,סוכר קוקוס אורגני 30,,,סוכר קוקוס אורגני 300 גר,גרמים,300.00,100 גרם,false,12,14.90,4.9667,true,1,516583
7290015161534,false,קוואקר שיבולת שועל עבה ללא גלוטן - 400 גרם,נוטרה זן NutraZen,DK,קוואקר עבה ללא גלוטן 400 גר,גרמים,400.00,100 גרם,false,1,21.90,5.4750,true,1,511663
7290015161541,false,קוואקר שיבולת שועל אינסטנט ללא גלוטן - 400 גרם,נוטרה זן NutraZen,DK,קוואקר דק ללא גלוטן 400 גר,גרמים,400.00,100 גרם,false,1,21.90,5.4750,true,1,511662
7290015161558,false,קמח שיבולת שועל מלאה אורגני ללא גלוטן,נוטרה זן NutraZen,DK,קמח שיבולת שועל מלאה ללא גלוטן 500 גר,גרמים,500.00,100 גרם,false,1,26.90,5.3800,true,1,511664
7290015161671,false,דגני בוקר שיפון אורג,,,דגני בוקר שיפון אורגני טבעות דבש מילזו,גרמים,200.00,100 גרם,false,1,19.80,9.9000,true,1,511670
7290015161688,false,דגני בוקר שיפון אורג,,,דגני בוקר שיפון אורגני כדורי קקאו מילזו,גרמים,200.00,100 גרם,false,1,19.80,9.9000,true,1,511669
7290015161848,false,פת פריכה אורגנית עם כוסמת וקינואה ללא גלוטן,אקסטרודו בצ'יצה,,פת פריכה אורגנית ללא גלוטן כוסמת וקינואה,גרמים,100.00,100 גרם,false,1,14.90,14.9000,true,1,511655
7290015161855,false,פת פריכה אורגנית עם קינואה וחרובים ללא גלוטן,נוטרה זן NutraZen,,פת פריכה אורגנית ללא גלוטן קינואה חרובים,גרמים,100.00,100 גרם,false,1,14.90,14.9000,true,1,511657
7290015161862,false,פת פריכה אורגנית עם ערמונים ללא גלוטן,אקסטרודו בצ'יצה,,פת פריכה אורגנית ללא גלוטן ערמונים 100 ג,גרמים,100.00,100 גרם,false,1,14.90,14.9000,true,1,511656
7290015161879,false,פת פריכה PRO עדשים אדומות וחומות ללא גלוטן,נוטרה זן NutraZen,,פת פריכה אורגנית פרו ללא גלוטן עדשים,גרמים,100.00,100 גרם,false,1,16.90,16.9000,true,1,511661
7290015164818,false,מחית קארי צהוב 400 ג,Theppadungporn cocon,,מחית קארי צהובה 400גר,גרמים,400.00,100 גרם,false,1,19.90,4.9750,true,1,474094
7290015164832,false,מחית קארי ירוקה מזרח,טאפאדונגפורן קוקינט,TH,מחית קארי ירוקה 400גר,גרמים,400.00,100 גרם,false,1,19.90,4.9750,true,1,474093
7290015164856,false,מחית קארי אדומה מזרח,טאפאדונגפורן קוקינט,TH,מחית קארי אדומה 400גר,גרמים,400.00,100 גרם,false,1,19.90,4.9750,true,1,474092
7290015223898,false,"אסותא ג'ל אלכוהול 500 מ""ל",,,"גל אלכוהול אסותא 500 מ""ל",מיליליטרים,500.00,"100 מ""ל",false,1,16.90,3.3800,true,1,498340
7290015250078,false,בצק עלים צרפתי מרודד,,,בצק עלים צרפתי מרודד 1 קג,קילוגרמים,1.00,"ק""ג",false,10,17.90,17.9000,true,1,512767
7290015320054,false,עןגיות טעם חמאה בארי,,,עוגיות בטעם חמאה 340גר,גרמים,340.00,100 גרם,false,1,10.90,3.2059,true,1,476369
7290015320481,false,שוקולד מריר 60% יעד,,,שוקולד מריר 60% 100 גר,גרמים,100.00,100 גרם,false,45,5.90,5.9000,true,1,511105
7290015325745,false,מגבונים מאשה ודוב 72,,,מגבונים משה ודוב 72 יח רביעייה,Unknown,0.00,Unknown,false,1,11.90,0.0000,true,1,491004
7290015325752,false,אסותא מגבונים לחים רביעיה,,,מגבונים אסותא 72 יח רביעייה,Unknown,0.00,Unknown,false,1,14.90,0.0000,true,1,491005
7290015342001,true,עוגיות בטעמים 500 גר,מאפה מילניום 2000,,עוגיות בטעמים 500 גר,גרמים,500.00,100 גרם,false,1,16.90,3.3800,true,1,483614
7290015342506,true,עוגיות שמרים 450-550,מאפה מילניום 2000,,עוגיות שמרים 450-550 גר,גרמים,450.00,100 גרם,false,1,16.90,3.7556,true,1,493744
7290015342605,true,עוגיות בטעמים ללא סו,מאפה מילניום 2000,,עוגיות בטעמים ללא סוכר 300 גר,גרמים,300.00,100 גרם,false,1,16.90,5.6333,true,1,512090
7290015348072,false,אמיליאנו למברוסקו אדום 750מל,vlmo- גאטטיק,IT,יין מבעבע למברוסקו אמיליאנו אדום 750מל,מיליליטרים,750.00,"100 מ""ל",false,1,29.90,3.9867,true,1,478750
7290015348089,false,"יין למברוסקו/קאווה ביאנקו לבן 750 מ""ל",vi.mo - גאטטיקו,IT,"יין מבעבע למברוסקו ביאנקו לבן 750 מ""ל",מיליליטרים,750.00,"100 מ""ל",false,1,29.90,3.9867,true,1,483613
7290015348096,false,אמיליאנו למברוסקו רוזה 750 מל,,,יין מבעבע למברוסקו אמיליאנו רוזה 750מל,מיליליטרים,750.00,"100 מ""ל",false,1,29.90,3.9867,true,1,478749
7290015348386,false,יין מרום גליל רוזה 7,יקבי ברקן,,"יין מרום גליל רוזה 2015 750 מ""ל",מיליליטרים,750.00,"100 מ""ל",false,1,39.90,5.3200,true,1,484263
7290015350150,false,"יין אדום חצי יבש סגל 750 מ""ל",כרמי צבי - אחים סגל,IL,יין סגל אדום חצי יבש 750 מל,מיליליטרים,750.00,"100 מ""ל",false,12,22.90,3.0533,true,1,512737
7290015360067,false,ייגרייסטר 700 מל + 2,יגרמייסטר,,ייגרמייסטר 0.7ל+2 כוסות,מיליליטרים,700.00,"100 מ""ל",false,1,79.90,11.4143,true,1,473614
7290015437431,false,רכז רימונים תומר 420,תומר,,רכז רימונים תומר 420 גר,גרמים,420.00,100 גרם,false,1,18.90,4.5000,true,1,497242
7290015468107,false,חלב מלא 3.8% 2 ל,,,חלב מלא 3.8% 2 ל,ליטרים,2.00,ליטר,false,1,18.90,9.4500,true,1,514130
7290015468206,false,משקה מצוני 1 ל,ארגמן,,משקה מצוני 1 ל,ליטרים,1.00,ליטר,false,1,13.90,13.9000,true,1,480837
7290015468374,false,קפיר 1 ל,ארגמן,,קפיר 1 ל,ליטרים,1.00,ליטר,false,1,13.90,13.9000,true,1,514133
7290015468817,false,ראזנקה 1 ל,,,ראזנקה 1 ל,ליטרים,1.00,ליטר,false,1,13.90,13.9000,true,1,514131
7290015470094,false,טוסו שוקולד מריר תפוז ללא סוכר 100 ג',ALTINMARKA,TR,טוסו שוקולד מריר תפוז ללא סוכר 100 גר,גרמים,100.00,100 גרם,false,1,10.90,10.9000,true,1,485378
7290015528825,false,צלחת 7 מתכלה אר 25 יח' דנטס,,,"צלחת 7"" מתכלה אריזה 25 יח",Unknown,0.00,Unknown,false,1,7.90,0.0000,true,1,513901
7290015528832,false,צלחת 9 מתכלה אר' 25 יח' דנטס,,,"צלחת 9"" מתכלה אריזה 25 יח",Unknown,0.00,Unknown,false,1,11.90,0.0000,true,1,513902
7290015528849,false,צלחת 10 מתכלה אר' 25 יח' דנטס,,,"צלחת 10"" מתכלה אריזה 25 יח",Unknown,0.00,Unknown,false,1,15.90,0.0000,true,1,513903
7290015528863,false,מרקיה מתכלה אר' 25 יח' דנטס,,,מרקיה מתכלה 340 מל,Unknown,0.00,Unknown,false,1,7.90,0.0000,true,1,513904
7290015528870,false,ליפתנית מתכלה אר' 25 יח' דנטס,,,ליפתנית מתכלה 200 מל,Unknown,0.00,Unknown,false,1,6.90,0.0000,true,1,513905
7290015528955,false,קינוחי פודינג+מכסה אר' 12 יח',,,קינוחי פודינג עם מכסה 12 יח,Unknown,0.00,Unknown,false,1,14.90,0.0000,true,1,487189
7290015537209,false,חומץ לבן 5% 1 ל,רג'ואן,IL,חומץ לבן 5% 1 ל,ליטרים,1.00,ליטר,false,24,4.90,4.9000,true,1,507635
7290015537223,false,חומץ תפוחים 6% 1 ל,רג'ואן,IL,חומץ תפוחים 6% 1 ל,ליטרים,1.00,ליטר,false,24,7.90,7.9000,true,1,507637
7290015537247,false,חומץ טבעי 1 ל,רג'ואן,IL,חומץ טבעי 1 ל,ליטרים,1.00,ליטר,false,24,6.90,6.9000,true,1,507634
7290015597210,false,קורנטו מאגדת פרווה וניל,"גלידת שטראוס בע""מ, ר",IL,מאגדת קורנטו פרווה וניל,גרמים,378.00,100 גרם,false,1,34.90,9.2328,true,1,497472
7290015597326,false,מאגדת אסקימו אייס לייט 10 יח' שטראוס,"גלידת שטראוס בע""מ, ר",IL,מאגדת גלידה אייס לייט 710 גר,גרמים,710.00,100 גרם,false,1,23.90,3.3662,true,1,482126
7290015603195,false,אטריות עם תרד מזרח ו,פוגקן לונגהי אנלידה,CN,אטריות בתוספת תרד 454 גר,גרמים,454.00,100 גרם,false,1,10.90,2.4009,true,1,479509
7290015603201,false,אטריות מחיטה מלאה מז,yan val yun corpora,CN,אטריות חיטה מלאה 454גר,גרמים,454.00,100 גרם,false,1,10.90,2.4009,true,1,480648
7290015603218,false,איטריות בתוספת עגבני,פוגקן לונגהי אנלידה,CN,אטריות בתוספת עגבניו 454 גר,גרמים,454.00,100 גרם,false,1,10.90,2.4009,true,1,486076
7290015603225,false,איטריות בתוספת גזר 4,פוגקן לונגהי אנלידה,CN,אטריות בתוספת גזר 454 גר,גרמים,454.00,100 גרם,false,1,10.90,2.4009,true,1,486074
7290015603232,false,איטריות בתוספת דלעת,פוגקן לונגהי אנלידה,CN,אטריות בתוספת דלעת 454 גר,גרמים,454.00,100 גרם,false,1,10.90,2.4009,true,1,486075
7290015603522,false,נוזל אגוזי קוקוס 5-7,אסי אטיק גרו אינדוסט,TH,נוזל אגוזי קוקוס 400 מל,מיליליטרים,400.00,"100 מ""ל",false,24,6.90,1.7250,true,1,482166
7290015603546,false,"שימורי קרם קוקוס 17-19% 400 מ""ל (ASIATIC)(כ)",אסיאטיק אגרו אינדסטר,TH,"שימורי קרם קוקוס 400 מ""ל",מיליליטרים,400.00,"100 מ""ל",false,1,8.90,2.2250,true,1,499556
7290015603560,false,שימורי קרם קוקוס 400,אסי אטיק גרו אינדוסט,TH,שימורי קרם קוקוס 400 מל,מיליליטרים,400.00,"100 מ""ל",false,1,9.90,2.4750,true,1,482165
7290015603584,false,ג'ינגר לבן כבוש ללא מונוסודיום 160 גרם (כ),לאיווי איפנג פודס קו,CN,"ג""ינג""ר לבן כבוש ללא מונוסודיום 160 גר",גרמים,160.00,100 גרם,false,1,7.90,4.9375,true,1,482326
7290015603591,false,ג'ינגר כבוש ורוד מזר,ננטונג הידה אקוטיק פ,CN,גינגר ורוד כבוש ללא מונוסודיום 160 גר,גרמים,160.00,100 גרם,false,1,7.90,4.9375,true,1,493297
7290015603638,false,אורז קלרוז עגול לסושי 1קג,מינה פונג גרין אגריק,CN,"אורז קרלוז 1 ק""ג",קילוגרמים,1.00,"ק""ג",false,1,12.90,12.9000,true,1,481994
7290015603898,false,חטיף אפונה מצופה בטע,סוזו יואי פודס אל טי,CN,חטיף אפונה וואסבי 100 גר,גרמים,100.00,100 גרם,false,24,9.90,9.9000,true,1,484732
7290015611312,false,מלח גורמה שום ועשבי,,,מלח גורמה שום ועשבי תיבול 400 גר,גרמים,400.00,100 גרם,false,1,15.90,3.9750,true,1,484840
7290015611336,false,מלח גורמה לתיבול דג,,,מלח גורמה לתיבול דג 400 גר,גרמים,400.00,100 גרם,false,1,15.90,3.9750,true,1,484842
7290015611411,false,גריסי תירס 700 גר,,,גריסי תירס 800 גר,גרמים,700.00,100 גרם,false,1,9.90,1.4143,true,1,484831
7290015611428,false,אפונה 800 גר,,,אפונה 800 גר,גרמים,800.00,100 גרם,false,1,9.90,1.2375,true,1,484832
7290015611435,false,גריסי חיטה 800 גר,,,גריסי חיטה 800 גר,גרמים,800.00,100 גרם,false,1,9.90,1.2375,true,1,484833
7290015611459,false,כוסמת 800 גר,,,כוסמת 800 גר,גרמים,800.00,100 גרם,false,1,14.90,1.8625,true,1,485473
7290015611480,false,סודה לשתייה 500 גר,,,סודה לשתייה 500 גר,גרמים,500.00,100 גרם,false,1,8.90,1.7800,true,1,491984
7290015611572,false,מלח לימון 700 גר,,,מלח לימון 700 גר,גרמים,700.00,100 גרם,false,1,29.90,4.2714,true,1,493089
7290015611596,false,אפונה ירוקה 800 גר,,,דוחן 500 גר,גרמים,800.00,100 גרם,false,1,9.90,1.2375,true,1,495712
7290015611602,false,שעועית לבנה 800 גר,,,גריסי פנינה 500 גר,גרמים,800.00,100 גרם,false,1,13.90,1.7375,true,1,495713
7290015611619,false,שעועית אדומה 800 גר,,,גריסי שעורה 350 גר,גרמים,800.00,100 גרם,false,1,13.90,1.7375,true,1,495714
7290015611626,false,אורז יסמין 800 גר,,,גריסי חיטה 350 גר,גרמים,800.00,100 גרם,false,1,12.90,1.6125,true,1,495715
7290015611640,false,חומוס 800 גר,,,אפונה צהובה 500 גר,גרמים,800.00,100 גרם,false,1,10.90,1.3625,true,1,495717
7290015611657,false,פשתן 400 גר,,,פשתן 400 גר,גרמים,400.00,100 גרם,false,1,9.90,2.4750,true,1,495718
7290015611664,false,ציא 400 גר,,,ציא 400 גר,גרמים,400.00,100 גרם,false,1,13.90,3.4750,true,1,495719
7290015611671,false,קינואה 400 גר,,,קינואה 400 גר,גרמים,400.00,100 גרם,false,1,11.90,2.9750,true,1,495720
7290015611695,false,בורגול 800 גר,,,פירה בטעם עוף 32 גר,גרמים,800.00,100 גרם,false,1,9.90,1.2375,true,1,499422
7290015611701,false,סולת 800 גר,,,פירה בטעם בקר 32 גר,גרמים,800.00,100 גרם,false,1,9.90,1.2375,true,1,499423
7290015611961,false,שיבולת שועל 400 גר,,,שיבולת שועל 400 גר,גרמים,400.00,100 גרם,false,1,5.90,1.4750,true,1,499440
7290015652070,false,אגוזי קשיו קלויים שש,דין שיווק,IL,אגוזי קשיו קלויים ששון הקולה 150 גר,גרמים,150.00,100 גרם,false,1,11.90,7.9333,true,1,502652
7290015652087,false,תערובת פיצוחים 150 גר' שקדיה,דין שיווק,IL,תערובת פיצוחים 150 גר,גרמים,150.00,100 גרם,false,1,14.90,9.9333,true,1,507979
7290015652254,false,גרעיני חמניה קלויים 500 ג',דין שיווק,IL,גרעיני חמניה קלויים ששון הקולה 400 גר,גרמים,400.00,100 גרם,false,1,9.90,2.4750,true,1,502676
7290015652261,false,בוטנים קלויים 350 ג' ששון הקולה,דין שיווק,IL,בוטנים קלויים ששון הקולה 300 גר,גרמים,300.00,100 גרם,false,1,9.90,3.3000,true,1,502664
7290015652278,false,תערובת פיצוחים ששון,"דין שיווק וקליה בע""מ",IL,תערובת פיצוחים ששון הקולה 250 גר,גרמים,250.00,100 גרם,false,1,19.90,7.9600,true,1,502767
7290015652285,false,אגוזים קלופים 250 גר,"דין שיווק וקליה בע""מ",IL,אגוזים קלופים 250 גר,גרמים,250.00,100 גרם,false,1,19.90,7.9600,true,1,528658
7290015652292,false,קבוקים עם שומשום 400גר,"דין שיווק וקליה בע""מ",IL,קבוקים עם שומשום ששון הקולה 400 גר,גרמים,400.00,100 גרם,false,1,9.90,2.4750,true,1,502730
7290015652308,false,מנצ'ס ששון הקולה 300,,,מנצס ששון הקולה 300 גר,גרמים,300.00,100 גרם,false,1,9.90,3.3000,true,1,502695
7290015652322,false,בוטנים אמריקאים מצופים 400 ג',דין שיווק,IL,בוטנים אמריקאים מצופים ששון הקולה 400 גר,גרמים,400.00,100 גרם,false,1,9.90,2.4750,true,1,502660
7290015652407,false,פיסטוק קלוי ששון הקו,"דין שיווק וקליה בע""מ",IL,פיסטוק קלוי ששון הקולה 250 גר,גרמים,250.00,100 גרם,false,1,19.90,7.9600,true,1,502715
7290015652582,false,תבלין לחריימה דג אהר,"דין שיווק וקליה בע""מ",IL,תערובת תיבול חריימה דג חריף אהרוני 150 ג,גרמים,150.00,100 גרם,false,1,9.90,6.6000,true,1,502768
7290015652605,false,פיסטוק קלוף דין שיוו,"דין שיווק וקליה בע""מ",,פיסטוק קלוף דין שיווק וקליה 100 גר,גרמים,100.00,100 גרם,false,1,16.90,16.9000,true,1,502716
7290015699730,false,סבון דה מארסיי יעקבי 1.5 ליטר *חדש-,וונדפוט,,נוזל רצפות הפי מבושמת ורוד 1.5 ליטר,ליטרים,1.50,ליטר,false,1,12.90,8.6000,true,1,489893
7290015733427,false,מטרנה דייסת גם וגם וניל פרו12*300ג 2019,מולינו ניקולי s.p.a,IL,מטרנה דייסת גם וגם וניל פרו 300 גר,גרמים,300.00,100 גרם,false,1,18.90,6.3000,true,1,509880
7290015733441,false,מטרנה דייסת גם וגם דגנים פרו 300 גר',מטרנה תעשיות ש.מ,IL,מטרנה דייסת גם וגם דגנים פרו 300 גר,גרמים,300.00,100 גרם,false,1,18.90,6.3000,true,1,509879
7290015781008,false,"יין ויז'ן מרלו 750 מ""ל",יקב טפרברג 1870 בעמ,IL,"יין וויזון מרלו 750 מ""ל",מיליליטרים,750.00,"100 מ""ל",false,1,34.90,4.6533,true,1,480080
7290015781015,false,"יין ויז'ן מלבק 750 מ""ל",יקב טפרברג 1870 בעמ,IL,"יין וויזון מלבק 750 מ""ל",מיליליטרים,750.00,"100 מ""ל",false,1,34.90,4.6533,true,1,480079
7290015781046,false,ויז'ן לבן חצי יבש 750מל,יקב טפרברג 1870 בעמ,IL,"יין וויזון לבן חצי יבש 750 מ""ל",מיליליטרים,750.00,"100 מ""ל",false,1,34.90,4.6533,true,1,480083
7290015781053,false,"יין ויז'ן לבן יבש 750 מ""ל",יקב טפרברג 1870 בעמ,IL,"יין וויזון לבן יבש 750 מ""ל",מיליליטרים,750.00,"100 מ""ל",false,1,34.90,4.6533,true,1,480084
7290015781091,false,"יין ויז'ן קברנה סובניון 750 מ""ל",יקב טפרברג 1870 בעמ,IL,"יין וויזון קברנה סוביניון 750 מ""ל",מיליליטרים,750.00,"100 מ""ל",false,1,34.90,4.6533,true,1,480081
7290015781107,false,"סנגובזה אימפרשיאון 750 מ""ל",יקב טפרברג 1870 בעמ,IL,יין אימפרשיין סנגובזה 750 מל,מיליליטרים,750.00,"100 מ""ל",false,1,44.90,5.9867,true,1,480090
7290015781114,false,"יין אימפרשן מרלו 750 מ""ל",יקב טפרברג 1870 בעמ,IL,יין אימפרשיין מרלו 750 מל,מיליליטרים,750.00,"100 מ""ל",false,1,44.90,5.9867,true,1,480088
7290015781121,false,"קברנה סוביניון אימפרשיאון 750 מ""ל-מרכז",יקב טפרברג 1870 בעמ,IL,יין אימפרשיין קברנה סוביניון 750 מל,מיליליטרים,750.00,"100 מ""ל",false,1,44.90,5.9867,true,1,480091
7290015781138,false,יין שרדונה אימפריישן,יקב טפרברג 1870,,יין אימפרשיין שרדונה 750 מל,מיליליטרים,750.00,"100 מ""ל",false,1,44.90,5.9867,true,1,480094
7290015781169,false,"יין קברנה סוביניון - חצי יבש אימפרשן 750מ""ל",יקב טפרברג 1870 בעמ,IL,יין אימפרשיין חצי יבש 750 מל,מיליליטרים,750.00,"100 מ""ל",false,1,44.90,5.9867,true,1,480092
7290015781282,false,"יין גוורצטמינר אימפרשן 750מ""ל",יקב טפרברג 1870,,יין אימפרשיין גוורצטרמינר 750 מל,מיליליטרים,750.00,"100 מ""ל",false,1,44.90,5.9867,true,1,480095
7290015781299,false,יין שיראז אדום טפמבר,יקב טפרברג 1870 בעמ,IL,"יין וויזון שיראז 750 מ""ל",מיליליטרים,750.00,"100 מ""ל",false,1,34.90,4.6533,true,1,480082
7290015781305,false,"יין אימפרשן סירה 750 מ""ל",יקב טפרברג 1870 בעמ,IL,יין אימפרשיין סירה 750 מל,מיליליטרים,750.00,"100 מ""ל",false,1,44.90,5.9867,true,1,480089
7290015804417,false,עגבניות מרוסקות מתובלות עם שום,טל,,עגבניות מרוסקות טל שום 250 גר,גרמים,250.00,100 גרם,false,1,3.90,1.5600,true,1,482072
7290015804424,false,עגבניות מרוסקות ובזיליקום ועשבי תיבול טל 260 ג',טל,,עגבניות מרוסקות טל בזיליקום 250 גר,גרמים,250.00,100 גרם,false,1,3.90,1.5600,true,1,482071
7290015839013,false,פרסבורג גבינה נתי קפ,נתי שטרודל וינאי בעמ,IL,שטרודל במילוי גבינה 560 גר,גרמים,560.00,100 גרם,false,1,27.90,4.9821,true,1,508530
7290015839020,false,שטרודל במילוי פרג 56,נתי שטרודל וינאי בעמ,IL,שטרודל במילוי פרג 560 גר,גרמים,560.00,100 גרם,false,1,27.90,4.9821,true,1,508529
7290015839075,false,שטרודל גבינה ללא תוס,נתי שטרודל וינאי בעמ,IL,שטרודל גבינה ללא תוספת סוכר קפוא 500 גר,גרמים,500.00,100 גרם,false,1,27.90,5.5800,true,1,514256
7290015839082,false,שטרודל גבינה ואוכמני,נתי שטרודל וינאי בעמ,IL,שטרודל גבינה ואוכמניות קפוא 500 גר,גרמים,500.00,100 גרם,false,1,27.90,5.5800,true,1,514258
7290015839099,false,שטרודל גבינה שוקו קפ,קומפני לה פרוניה,IL,שטרודל גבינה שוקו קפוא 500 גר,גרמים,500.00,100 גרם,false,1,27.90,5.5800,true,1,514259
7290015850018,false,שרימפס טייגר עם ראש,פיש וון,,שרימפס טייגר עם ראש 31/40 500 גר,גרמים,500.00,100 גרם,false,1,42.90,8.5800,true,1,482464
7290015850117,false,סורימי רגלי סרטן 100,סמייל אט פוד,,סורימי רגלי סרטן 100 גר,גרמים,100.00,100 גרם,false,1,7.90,7.9000,true,1,482462
7290015850148,true,דג סמלט 454 גר,Tai Dexi Distribiuto,,דג סמלט 454 גר,גרמים,454.00,100 גרם,false,1,21.90,4.8238,true,1,482469
7290015850230,false,בשר מולים 500 גר,,,בשר מולים 500 גר,גרמים,500.00,100 גרם,false,1,24.90,4.9800,true,1,501059
7290015850407,false,שרימפס מבושל 26-30 1,,,"שרימפס מבושל 26-30 1 ק""ג",קילוגרמים,1.00,"ק""ג",false,1,89.90,89.9000,true,1,499043
7290015850421,false,שרימפס מבושל 16-20 1,,,"שרימפס מבושל 16-20 1 ק""ג",קילוגרמים,1.00,"ק""ג",false,1,114.90,114.9000,true,1,499044
7290015850452,false,גיוזה עוף 240 גר,,,גיוזה עוף 240 גר,גרמים,240.00,100 גרם,false,1,25.90,10.7917,true,1,504827
7290015850483,false,שרימפס קוקטייל קפוא,,,"שרימפס קוקטייל קפוא 1 ק""ג",קילוגרמים,1.00,"ק""ג",false,1,64.90,64.9000,true,1,507045
7290015850490,false,שרימפס קוקטייל מבושל,,,"שרימפס קוקטייל מבושל קפוא 1 ק""ג",קילוגרמים,1.00,"ק""ג",false,1,64.90,64.9000,true,1,507044
7290015850506,false,שרימפס 21-25 עם ראש,,,שרימפס 21-25 עם ראש 1 קג,קילוגרמים,1.00,"ק""ג",false,1,109.90,109.9000,true,1,523989
7290015850520,false,קוביות דג בסה קפוא 5,,,קוביות דג בסה קפוא 500 גר,גרמים,500.00,100 גרם,false,,16.90,3.3800,true,1,510926
7290015850896,false,קלמרי תאילנדי קפוא 1,,,קלמרי תאילנדי קפוא 1 קג,קילוגרמים,1.00,"ק""ג",false,1,99.90,99.9000,true,1,516651
7290015856171,false,בייגלה שמיניות מלח 200 גרם הדר,,,בייגלה הדר שמיניות מלח 200 גר,גרמים,200.00,100 גרם,false,1,3.90,1.9500,true,1,526545
7290015856508,false,חטיפי קרקר עם שומשום 180 גר',הדר,,קרקר הדר חטיפית שומשום 180 גר,גרמים,180.00,100 גרם,false,1,3.90,2.1667,true,1,526538
7290015856515,false,חטיפי קרקר בטעם בצל הדר,,,קרקר הדר חטיפית בצל 180 גר,גרמים,180.00,100 גרם,false,1,3.90,2.1667,true,1,526539
7290015856539,false,חטיפי ביסקוויט בצורת חיות,הדר,,קרקר הדר חטיפית דגים 180 גר,גרמים,180.00,100 גרם,false,1,3.90,2.1667,true,1,526540
7290015856973,false,פתי בר ללא סוכר 150 גר הדר וניל,,,ביסקוויט תה ונילו ללא סוכר 150 גר,גרמים,150.00,100 גרם,false,1,5.90,3.9333,true,1,526551
7290015856980,false,פתי בר ללא סוכר 150 גר הדר שוקו,,,ביסקוויט תה שוקו ללא סוכר 150 גר,גרמים,150.00,100 גרם,false,1,5.90,3.9333,true,1,526552
7290015858106,false,ממרח פסטו ביתי 180 ג' עללחם,"מדשא תעשיות מזון בע""",IL,פסטו ביתי עללחם 180 גר,גרמים,180.00,100 גרם,false,1,17.90,9.9444,true,1,506944
7290015858113,false,ממרח עגבניות מיובשות 180 גרם עללחם,"מדשא תעשיות מזון בע""",IL,ממרח עגבניות מיובשות עללחם 180 גר,גרמים,180.00,100 גרם,false,1,17.90,9.9444,true,1,506949
7290015858144,false,ממרח ארטישוק עלחחם 180 ג',זאביק יצור ושיווק מז,IL,ממרח ארטישוק עללחם 180 גר,גרמים,180.00,100 גרם,false,12,17.90,9.9444,true,1,506943
7290015858175,false,ממרח פלפלים קלויים 180 גרם עללחם,זאביק יצור ושיווק מז,IL,ממרח פלפלים קלויים עללחם 180 גר,גרמים,180.00,100 גרם,false,12,17.90,9.9444,true,1,506948
7290015858212,false,ממרח לימון כבוש עללחם 180 ג',,,ממרח לימון כבוש עללחם 180 גר,גרמים,180.00,100 גרם,false,1,17.90,9.9444,true,1,506947
7290015858229,false,ממרח טפנד זיתי קלמטה 180 גר',"מדשא תעשיות מזון בע""",IL,טפנד זיתי קלמטה עללחם 180 גר,גרמים,180.00,100 גרם,false,1,17.90,9.9444,true,1,506945
7290015858243,false,ממרח צימיצורי עללחם 180 ג',זאביק יצור ושיווק מז,IL,צימיצורי עללחם 180 גר,גרמים,180.00,100 גרם,false,1,17.90,9.9444,true,1,506946
7290015858328,false,ממרח איולי פסטו 295 ג' עללחם,עלית,IL,רוטב איולי פסטו עללחם 295 גר,גרמים,295.00,100 גרם,false,1,15.90,5.3898,true,1,527639
7290015858441,false,ממרח איולי פלפלים 295 ג' עללחם,עלית,IL,רוטב איולי פלפלים עללחם 295 גר,גרמים,295.00,100 גרם,false,1,15.90,5.3898,true,1,527638
7290015858687,false,ממרח איולי שום 295 ג' עללחם,עלית,IL,רוטב איולי שום עללחם 295 גר,גרמים,295.00,100 גרם,false,1,15.90,5.3898,true,1,527641
7290015858694,false,"עללחם איולי שום לימון, 295 גרם",אסם,,רוטב איולי שום לימון עללחם 295 גר,גרמים,295.00,100 גרם,false,1,15.90,5.3898,true,1,527640
7290015888110,false,קינואה לבנה שוקחה 1,,,"קינואה לבנה שוקחה 1 ק""ג",קילוגרמים,1.00,"ק""ג",false,1,21.90,21.9000,true,1,495639
7290015888196,false,שמן חמניות שוקחה 1 ל,,,שמן חמניות שוקחה 1 ל,ליטרים,1.00,ליטר,false,1,14.90,14.9000,true,1,495618
7290015888301,false,שמן חמניות שוקחה 3 ל,אל אל סי פרייקלוטניא,FR,שמן חמניות 3 ל,ליטרים,3.00,ליטר,false,1,43.90,14.6333,true,1,502130
7290015951227,false,יין גמלא סירה 750 מל,יקבי רמת הגולן,IL,"יין גמלא סירה 750 מ""ל",מיליליטרים,750.00,"100 מ""ל",false,1,59.90,7.9867,true,1,507612
7290015968034,false,סבון כחול לאסלה שליש,N.R.J.CO,,סבון כחול לאסלה שלישייה,Unknown,0.00,Unknown,false,1,16.90,0.0000,true,1,486423
7290015968102,false,קיסמי שיניים רפואיים,W.H.J.C.CO,,קיסמי שיניים רפואיים עם חוט דנטאלי 100 י,Unknown,0.00,Unknown,false,1,18.90,0.0000,true,1,486414
7290015968119,false,משטח מיקרופייבר דו צ,T.M.J.T.CO,,משטח מיקרופייבר דו צדדי לייבוש כלים,Unknown,0.00,Unknown,false,1,14.90,0.0000,true,1,486411
7290015968133,false,אטבי פרמיום כחול/לבן,H.J.E,,אטבי פרמיום כחול/לבן 48 יח,Unknown,0.00,Unknown,false,1,18.90,0.0000,true,1,486412
7290015968324,false,נורת לד 12 וולט אור,F.E.CO.LTD,,נורת לד 12 וולט אור לבן,Unknown,0.00,Unknown,false,1,19.90,0.0000,true,1,489185
7290015968355,false,נורת לד נר 5.5 וולט,F.E.CO.LTD,,נורת לד נר 5.5 וולט אור לבן,Unknown,0.00,Unknown,false,1,14.90,0.0000,true,1,489182
7290015968362,false,נורת לד כדור 5.5 וול,F.E.CO.LTD,,נורת לד כדור 5.5 וולט אור לבן,Unknown,0.00,Unknown,false,1,14.90,0.0000,true,1,489183
7290015968584,false,נר נשמה 24 שעות - נרות חסידים,,,נר נשמה 24 שעות,Unknown,0.00,Unknown,false,1,1.90,0.0000,true,1,499198
7290015968768,false,מגבוני טישו משובחים,B.P.CO,,מגבוני טישו משובחים מנייר 100 יח,Unknown,0.00,Unknown,false,1,18.90,0.0000,true,1,494296
7290015968782,false,פדים להסרת איפור במא,S.T.O.CO,,פדים להסרת איפור 80 יח שלישייה,Unknown,0.00,Unknown,false,1,19.90,0.0000,true,1,494297
7290015968805,false,"מפיות מודפסות 33*33 ס""מ הוסטס",W.W.P.CO,CN,חוט דנטאלי רפואי,Unknown,0.00,Unknown,false,24,8.90,0.0000,true,1,494278
7290015968898,false,מפיות מודפסות 20 יח',W.W.P.Co.Ltd,CN,חוט דנטאלי רפואי,Unknown,0.00,Unknown,false,24,8.90,0.0000,true,1,494287
7290015968928,false,"מפיות מודפסות 33*33 ס""מ הוסטס",W.W.P.CO,CN,חוט דנטאלי רפואי,Unknown,0.00,Unknown,false,24,8.90,0.0000,true,1,494290
7290015968966,false,מפיות מודפסות 20 יח',W.W.P.CO,,מפיות מודפסות 20 יח,Unknown,0.00,Unknown,false,1,8.90,0.0000,true,1,494294
7290015989060,false,לחם סמאצני 660 גר,,,לחם סמאצני 660 גר,גרמים,660.00,100 גרם,false,1,16.90,2.5606,true,1,511027
7290015989084,false,לחם בולוטובסקוי פרוס,,,לחם בולוטובסקוי פרוס 450 גר,גרמים,450.00,100 גרם,false,1,13.90,3.0889,true,1,483845
7290015989169,false,לחם בלורוסקי 650 גר,,,לחם בלורוסקי 650 גר,גרמים,650.00,100 גרם,false,1,15.90,2.4462,true,1,483841
7290015989190,false,לחם מינסקי 450 גר,,,לחם מינסקי 450 גר,גרמים,450.00,100 גרם,false,1,15.90,3.5333,true,1,495449
7290015996983,false,סוכרזית סוכרלוז 0קלוריות 130גר,ביסקול בעn,IL,סוכרלוז 0 קלוריות 130 גר,גרמים,100.00,100 גרם,false,1,28.90,28.9000,true,1,499067
7290016006025,false,סודה שוופס בקבוק 500,יפאורה תבורי בעמ,IL,"סודה שוופס 500 מ""ל",מיליליטרים,500.00,"100 מ""ל",false,1,2.90,0.5800,true,1,484601
7290016006292,false,נקטר מנגו בננה מלון קרטונית 1 ל' ספרינג,"יפאורה תבורי בע""מ",IL,ספרינג מנגו בננה מלון 1 ליטר,ליטרים,1.00,ליטר,false,1,6.90,6.9000,true,1,483762
7290016006339,false,מים מינרלים - מארז רביעייה,מופק ממקור בזלתי עדן,IL,מים מינרליים מי עדן 1 ל רביעייה,ליטרים,4.00,ליטר,false,1,12.90,3.2250,true,1,484060
7290016006346,false,שוופס סודה מארז שישייה * 0.5 ל',יפאורה תבורי בעמ,IL,"סודה שוופס אוריגינל 500 מ""ל שישייה",ליטרים,3.00,ליטר,false,1,15.90,5.3000,true,1,483495
7290016028157,false,כוס ליקר 50 יח דנטס,,,כוס ליקר 50 יח,Unknown,0.00,Unknown,false,1,8.90,0.0000,true,1,489122
7290016028836,false,קש מתקפל צבעוני אר' 150 יח' דנטס,,,קש מתקפל צבעוני 150 יח,Unknown,0.00,Unknown,false,1,8.90,0.0000,true,1,487178
7290016035025,false,לחם פשתן ביכורים 450ג',דולפין ספא,IL,לחם פשתן ללא סוכר 450 גר,גרמים,450.00,100 גרם,false,15,25.90,5.7556,true,1,504225
7290016076011,false,לחם כוסמין רגיל,,,לבש ארמני 330 גר,גרמים,330.00,100 גרם,false,1,15.90,4.8182,true,1,509441
7290016077759,false,רוטב היינץ ברביקיו ק,היינץ Heinz,,רוטב היינץ ברביקיו קלאסי 480 גר,גרמים,480.00,100 גרם,false,1,16.90,3.5208,true,1,495063
7290016080551,false,מתבל עגבניות היינץ א,היינץ Heinz,,מתבל עגבניות היינץ אורגני 580 גר,גרמים,580.00,100 גרם,false,1,14.90,2.5690,true,1,487692
7290016082203,false,בירה הגיבור בראון אל,,,"בירה הגיבור בראון אלה 330 מ""ל",מיליליטרים,330.00,"100 מ""ל",false,24,11.90,3.6061,true,1,501815
7290016082210,false,בירה הגיבור חיטה 5.2,,,"בירה הגיבור חיטה 330 מ""ל",מיליליטרים,330.00,"100 מ""ל",false,24,11.90,3.6061,true,1,501813
7290016082241,false,בירה הגיבור איפה 7.3,,,"בירה הגיבור איפה 330 מ""ל",מיליליטרים,330.00,"100 מ""ל",false,24,11.90,3.6061,true,1,501814
7290016087147,false,רוטב פיצה מרגריטה 240 ג' פריניר,,,רוטב עגבניות פריניר לפיצה מרגריטה 240 גר,גרמים,240.00,100 גרם,false,1,5.90,2.4583,true,1,492689
7290016087222,false,רוטב עגבניות לשקשוקה 230 ג' פריניר,פריניר ( הדס 1987) ב,IL,עגבניות מרוסקות פריניר לשקשוקה 230 גר,גרמים,230.00,100 גרם,false,1,5.90,2.5652,true,1,494337
7290016087499,false,עגבניות חתוכות מארז 400X3ג' אריזות ירושלים,פריניר,,עגב חתוך דק פריניר שלישייה,Unknown,0.00,Unknown,false,1,11.90,0.0000,true,1,510906
7290016114300,false,נייר טואלט כפול לילי,חוגלה קימברלי,IL,נייר טואלט לילי לבן דאבל 16 גל,Unknown,0.00,Unknown,false,1,37.90,0.0000,true,1,486359
7290016144017,false,"קמח חיטה מלאה נפלאות 100% 1 ק""ג",קמח מלכים,IL,קמח 100% חיטה 1 קג,קילוגרמים,1.00,"ק""ג",false,1,9.90,9.9000,true,1,525500
7290016144024,false,"קמח כוסמין מלא נפלאות 100% 1 ק""ג","קמח מלכים בע""מ",IL,קמח 100% כוסמין 1 קג,קילוגרמים,1.00,"ק""ג",false,1,14.90,14.9000,true,1,525502
7290016144031,false,"קמח חיטה לבן נפלאות 1 ק""ג",קמח מלכים,IL,קמח חיטה לבן 1 קג,קילוגרמים,1.00,"ק""ג",false,1,6.90,6.9000,true,1,525501
7290016144048,false,"קמח כוסמין לבן נפלאות 1 ק""ג","קמח מלכים בע""מ",IL,קמח כוסמין לבן 1 קג,קילוגרמים,1.00,"ק""ג",false,1,14.90,14.9000,true,1,525503
7290016144062,false,"קמח שיפון מלא נפלאות, 1 ק""ג",קמח מלכים,IL,קמח שיפון מלא 1 קג,קילוגרמים,1.00,"ק""ג",false,1,8.90,8.9000,true,1,525505
7290016144093,false,"קמח לחם נפלאות, 1 ק""ג",קמח מלכים,IL,קמח לחם 1 קג,קילוגרמים,1.00,"ק""ג",false,1,7.90,7.9000,true,1,525508
7290016144116,false,"קמח תופח נפלאות, 1 ק""ג",קמח מלכים,IL,קמח תופח 1 קג,קילוגרמים,1.00,"ק""ג",false,1,8.90,8.9000,true,1,525504
7290016150711,false,Avel -נוזל קוקוס תאילנדי בפחית 400 גרם,,,נוזל קוקוס אבאל פחית 400 גר,גרמים,400.00,100 גרם,false,1,5.90,1.4750,true,1,505056
7290016188585,false,יין מבעבע למברוסקו רוזה חצי יבש,יקב גאקובזי,,"יין מבעבע למברוסקו רוזה חצי יבש 750 מ""ל",מיליליטרים,750.00,"100 מ""ל",false,1,29.90,3.9867,true,1,482241
7290016188592,false,"יין למברוסקו אדום חצי יבש 750 מ""ל","כד בני דרום בע""מ",IT,"יין מבעבע למברוסקו אדום חצי יבש 750 מ""ל",מיליליטרים,750.00,"100 מ""ל",false,1,29.90,3.9867,true,1,482239
7290016188608,false,"יין למברוסקו לבן חצי יבש 750מ""ל",יקב גאקובזי,IT,"יין מבעבע למברוסקו לבן חצי יבש 750 מ""ל",מיליליטרים,750.00,"100 מ""ל",false,1,29.90,3.9867,true,1,482240
7290016197488,false,מטליות מיקרופייבר למשטחים ניקול 3יח',UFO INC,CN,מטליות קסם ניקול לשיש שלישייה,Unknown,0.00,Unknown,false,1,10.90,0.0000,true,1,484948
7290016197495,false,מטלית קסם מיקרופייבר לרצפה ניקול 2יח',חוגלה קימברלי,CN,מטליות קסם ניקול לרצפה מארז זוג,Unknown,0.00,Unknown,false,1,19.90,0.0000,true,1,484333
7290016197839,false,ניקול השקית החזקה 20 יח' XL,אשפלסט תעשיות בעמ,IL,שקיות אשפה חזקות במיוחד 10 יח,Unknown,0.00,Unknown,false,1,24.90,0.0000,true,1,483103
7290016233384,false,גפילטע פיש 7קציצות מהדרין 550ג',,,גפילטע פיש 7 קציצות 555 גר,גרמים,555.00,100 גרם,false,1,14.90,2.6847,true,1,485960
7290016233575,false,שיבולת שועל 600 גר,,,שיבולת שועל 600 גר,גרמים,600.00,100 גרם,false,1,6.90,1.1500,true,1,491037
7290016233711,false,פסטה לינגוויני לה פס,,,לה פסטה לינגוויני 400 גר,גרמים,400.00,100 גרם,false,1,3.90,0.9750,true,1,497816
7290016233995,false,שימורי אנשובי עם שמן זית 45 ג' תומר,Inversiones prisco s,,פילה אנשובי פח שמן זית 45 גר,גרמים,45.00,100 גרם,false,1,8.90,19.7778,true,1,492324
7290016234008,false,אנשובי צנצנת בשמן זית תןמר 100 גר,Inversiones prisco s,,פילה אנשובי צנצנת שמן זית 100 גר,גרמים,100.00,100 גרם,false,1,12.90,12.9000,true,1,492322
7290016245608,false,"לחם משפחתי שחור1.2ק""",,,לחם משפחתי 1100 גר,גרמים,1100.00,100 גרם,false,1,18.90,1.7182,true,1,526658
7290016245615,false,לחם שיפון 100% עם אג,מאפיית טעמי הכפר 201,,לחם שיפון 600 גר,גרמים,600.00,100 גרם,false,1,20.90,3.4833,true,1,526660
7290016245653,false,לחם סנדוויץ חצי משפח,מאפיית טעמי הכפר 201,,לחם סנדוויץ חצי משפחתי 550 גר,גרמים,550.00,100 גרם,false,1,16.90,3.0727,true,1,526659
7290016245769,false,לחם כוסמין 600 גר,,,לחם כוסמין 600 גר,גרמים,600.00,100 גרם,false,1,18.90,3.1500,true,1,526661
7290016245806,false,מארז לחמניות המבורגר,ביכורים,,מארז לחמניות המבורגר 450 גר,גרמים,450.00,100 גרם,false,1,16.90,3.7556,true,1,516459
7290016245844,false,לחם כפרי עם סובין 60,"מאפיית רנטה בע""מ",,לחם כפרי 600 גר,גרמים,600.00,100 גרם,false,1,16.90,2.8167,true,1,526663
7290016245929,false,לחם טחינה עשיר בחלבון 450 ג' ביכורים,מאפיית ביכורים,IL,לחם טחינה עשיר בחלבון 450 גר,גרמים,450.00,100 גרם,false,1,27.90,6.2000,true,1,523490
7290016246018,false,בארכה מיקס פינוקיות חלווה 10*20ג,רושדי תעשיות מזון בע,IL,חלבה בארכה מיקס פינוקיות 20גר עשיריה,גרמים,200.00,100 גרם,false,1,12.90,6.4500,true,1,483322
7290016246025,false,בארכה מיקס פינוקיות חלווה ללא סוכר 10*20ג,רושדי תעשיות מזון בע,IL,חלבה בארכה פינוקיות ללא סוכר 20גר עשיריה,גרמים,200.00,100 גרם,false,1,12.90,6.4500,true,1,483323
7290016246308,false,חלווה בארכה וניל קוקוס,רושדי תעשיות מזון בע,IL,חלבה בארכה וניל קוקוס שביעייה,גרמים,126.00,100 גרם,false,1,11.90,9.4444,true,1,494127
7290016246445,false,טחינה גולמית מעודנת שמשום מלא בארכה 310ג',בארכה,IL,טחינה בארכה מעודנת שומשום מלא 310 גר,גרמים,310.00,100 גרם,false,12,12.90,4.1613,true,1,501107
7290016246452,false,טחינה גולמית מעודנת לימון שום בארכה 310ג',בארכה,IL,טחינה בארכה מעודנת לימון שום 310 גר,גרמים,310.00,100 גרם,false,12,12.90,4.1613,true,1,501106
7290016246490,false,בארכה חלבה קלאסיק 400 גר',,,חלבה בארכה קלאסית 400 גר,גרמים,400.00,100 גרם,false,1,10.90,2.7250,true,1,504939
7290016246711,false,בארכה - טחינה מתובלת גולמית מעודנת משומשום מלא אריסה 310 גרם,בארכה,IL,טחינה גולמית בארכה מעודנת הריסה 310 גר,גרמים,310.00,100 גרם,false,12,12.90,4.1613,true,1,507604
7290016246773,false,טחינה גולמית מתובלת מעודנת בארכה 310 גר',רושדי תעשיות מזון בע,IL,טחינה גולמית בארכה מעודנת זעתר 310 גר,גרמים,310.00,100 גרם,false,12,11.90,3.8387,true,1,515667
7290016276763,false,מעדן שזיף 100% רכיבי פרי ללא סוכר שקדיה 284 ג',שקדיה,IL,מעדן שזיף ללא תוספת סוכר שקדיה 284 גר,גרמים,284.00,100 גרם,false,1,8.90,3.1338,true,1,502702
7290016276787,false,מעדן אננס 100% רכיבי פרי ללא סוכר שקדיה 284 ג',שקדיה,IL,מעדן אננס ללא תוספת סוכר שקדיה 284 גר,גרמים,284.00,100 גרם,false,1,8.90,3.1338,true,1,502697
7290016276794,false,מעדן פירות ללא סוכר שקדיה 284 ג',שקדיה,IL,מעדן תפוז 100% פרי שקדיה 284 גר,גרמים,284.00,100 גרם,false,1,8.90,3.1338,true,1,502704
7290016276800,false,מעדן תפוח עץ 100% רכיבי פרי ללא סוכר שקדיה 284 ג',שקדיה,IL,מעדן תפוח ללא סוכר שקדיה 284 גר,גרמים,284.00,100 גרם,false,1,8.90,3.1338,true,1,502705
7290016319187,false,עוגיות סנדוויץ' בטעם שוקולד במילוי קרם בטעם שוקולד,בטר אנד דיפרנט,IL,טוסו עוגיות סנדוויץ שוקו קרם שוקו זוג,גרמים,300.00,100 גרם,false,1,16.90,5.6333,true,1,513158
7290016319194,false,טוסו מארז זוג עוגיות סנדוויץ ללא סוכר שוקו וניל 300 ג',,,טוסו עוגיות סנדוויץ שוקו קרם וניל זוג,גרמים,300.00,100 גרם,false,1,16.90,5.6333,true,1,513157
7290016319200,false,טוסו מארז זוג עוגיות סנדוויץ אוראו 300 ג',,,טוסו עוגיות סנדוויץ אוראו זוג,גרמים,300.00,100 גרם,false,1,16.90,5.6333,true,1,513159
7290016319309,false,פמלי פרלי 1ליטר מאסק קלאסי+משאבה,הנסיך- מפעל לייצור ט,TR,"אל סבון ""פמילי"" מאסק+משאבה 1 ל",ליטרים,1.00,ליטר,false,1,11.90,11.9000,true,1,487003
7290016321661,false,מגבונים פרש וואנס סנסיטיב קר רביעיה,עלבד משואות יצחק,IL,מגבונים פרש וואנס רביעייה סנסיטיב קר,Unknown,0.00,Unknown,false,1,16.90,0.0000,true,1,506617
7290016321678,false,מגבונים לחים בניחוח מרענן עם תמציות קמומיל ואלוורה,עלבד משואות יצחק,IL,מגבונים לחים פרש וואנס רביעייה,Unknown,0.00,Unknown,false,1,16.90,0.0000,true,1,506616
7290016321883,false,פ.ו נייר טואלט מתכלה ילדים 40יח- שלישייה,עלבד משואות יצחק בעמ,IL,נייר טואלט לח פרשו וואנס לילדים שלישייה,Unknown,0.00,Unknown,false,1,13.90,0.0000,true,1,504401
7290016321890,false,פ.ו נייר טואלט מתכלה מבוגרים 40יח- שלישייה,עלבד משואות יצחק בעמ,IL,נייר טואלט לח פרשו וואנס למבוגרים שלישיי,Unknown,0.00,Unknown,false,1,13.90,0.0000,true,1,504400
7290016370089,false,מלפפון במלח 13-17 יבנה 560 ג',קבוצת יבנה,,מלפפון פיקנטי 13-17 יבנה 560 גר,גרמים,560.00,100 גרם,false,12,9.90,1.7679,true,1,518764
7290016370096,false,זיתים שחורים מיובשים במלח יבנה 340 ג',,,זית מרוקאי גדול 340 גר,גרמים,340.00,100 גרם,false,12,12.90,3.7941,true,1,521373
7290016370119,false,מלפפון בטעם ביתי צנצ,,,מלפפון בטעם ביתי צנצנת 540 גר,גרמים,540.00,100 גרם,false,1,8.90,1.6481,true,1,518689
7290016370225,false,תחתיות ארטישוק יבנה 220 ג',,,תחתיות ארטישוק 400 גר,גרמים,400.00,100 גרם,false,1,7.90,1.9750,true,1,518688
7290016370270,false,זית קלמטה מגולען 560 ג' -יבנה,,,זית קלמטה מגולען יווני 560 גר,גרמים,560.00,100 גרם,false,12,11.90,2.1250,true,1,515778
7290016370300,false,זית קלמטה שלם יבנה 580ג',,,זית קלמטה שלם 580 גר,גרמים,580.00,100 גרם,false,12,14.90,2.5690,true,1,515780
7290016370959,false,חציל קלוי פירה בצנצנת ‏580‏ ג' יבנה,תאי פרזידנט פוד פאבל,IL,חציל קלוי פירה צנצנת 580 גר,גרמים,580.00,100 גרם,false,1,10.90,1.8793,true,1,500323
7290016370973,false,פלפל קלוי גמביה בצנצנת 580 ג' ‏יבנה,קדבורי,IL,פלפל קלוי צנצנת 580 גר,גרמים,580.00,100 גרם,false,1,10.90,1.8793,true,1,500325
7290016372342,false,עגבניות חתוך קוביות גראנד איטליה מארז 400X3ג',גרנד איטליה Grand Italia,,עגבניות חתוכות לקוביות 400 גר שלישייה,גרמים,1200.00,100 גרם,false,1,14.90,1.2417,true,1,494697
7290016372373,false,רסק עגבניות ללא תוספת סוכר ומלח - מארז זוג,גרנד איטליה Grand Italia,,רסק עגבניות גרנד איטליה 135 גר זוג,גרמים,280.00,100 גרם,false,1,7.90,2.8214,true,1,494694
7290016372397,false,"תה ויסוצקי ירוק תפוז,ג'ינגר וכורכום 25 יח'",ויסוצקי ירוק,IL,תה ירוק תפוז גינגר וכורכום 25 שק,גרמים,38.00,100 גרם,false,1,24.90,65.5263,true,1,494417
7290016372458,false,חליטת צמחים לימונית ולואיזה הגן הקסום,קריות זול,,הגן הקסום לימונית ולואיזה 50 שק,גרמים,75.00,100 גרם,false,1,29.90,39.8667,true,1,493040
7290016372489,false,ויסוצקי חליטת ג'ינג'ר ולימון סודות הצמחים 25 שקיקים,HIQ FOOD PRODUCTS,IL,חליטת תה סודות הצמחים אגינגר ולימון 20 ש,Unknown,0.00,Unknown,false,1,17.90,0.0000,true,1,494681
7290016408119,false,טרליני כעכים בטעם קלאסי 225 גר' - בדץ,אפוליה,IL,כעכים טרליני בטעם קלאסי 225 גר,גרמים,225.00,100 גרם,false,1,6.90,3.0667,true,1,491907
7290016408133,false,טרליני כעכים בטעם בצל וזיתים 225 גר' - בדץ,אפוליה,IL,כעכים טרליני בטעם בצל וזיתים 225 ג,גרמים,225.00,100 גרם,false,1,6.90,3.0667,true,1,491911
7290016408140,false,טרליני כעכים בטעם רוטב פיצה 225 גר',,,כעכים טרליני בטעם רוטב פיצה 225 גר,גרמים,225.00,100 גרם,false,1,6.90,3.0667,true,1,491908
7290016408164,false,טרליני כעכים בטעם שום וצי'לי פיקנטי 225 גר' - בדץ,כרמית,,כעכים טרליני בטעם שום וצילי פיקנטי 225 ג,גרמים,225.00,100 גרם,false,1,6.90,3.0667,true,1,491909
7290016408423,false,קרקר עם זיתים שחורים,תות תעשיות מזון (201,LT,קרקר עם זיתים שחורים ושום 130 גר,גרמים,130.00,100 גרם,false,1,6.90,5.3077,true,1,491915
7290016408430,false,קרקר עם תערובת תבלינ,דנוויטה ג'יי. אס. סי,LT,קרקר עם תערובת תבלינים 130 גר,גרמים,130.00,100 גרם,false,1,6.90,5.3077,true,1,491916
7290016408980,false,"מטבעות שוקולד חלב 36 ג' כשל""פ בד""ץ",כרמית,IL,מטבעות שוקולד חלב כרמית 36 גר,גרמים,36.00,100 גרם,false,35,3.90,10.8333,true,1,508414
7290016448399,false,אפונה ירוקה במי מלח,,,אפונה ירוקה במי מלח 685 גר,גרמים,685.00,100 גרם,false,1,11.90,1.7372,true,1,520018
7290016448481,false,כבד דג שיבוט 202 גר,,,כבד דג שיבוט 202 גר,גרמים,202.00,100 גרם,false,1,17.90,8.8614,true,1,504739
7290016448771,false,משקה על בסיס מיץ אפר,,,משקה על בסיס מיץ אפרסק עם זרעי ציה 290 מ,מיליליטרים,290.00,"100 מ""ל",false,24,6.90,2.3793,true,1,510390
7290016448788,false,משקה על בסיס מיץ אננ,,,משקה על בסיס מיץ אננס עם זרעי ציה 290 מל,מיליליטרים,290.00,"100 מ""ל",false,24,6.90,2.3793,true,1,510391
7290016448795,false,משקה על בסיס מיץ פיר,,,משקה על בסיס מיץ פירות עם זרעי ציה 290 מ,מיליליטרים,290.00,"100 מ""ל",false,24,6.90,2.3793,true,1,510392
7290016448801,false,משקה על בסיס מיץ קיו,,,משקה על בסיס מיץ קיווי עם זרעי ציה 290 מ,מיליליטרים,290.00,"100 מ""ל",false,24,6.90,2.3793,true,1,510393
7290016448825,false,"קפה קר NO.1 בטעם וניל צרפתי 250 מ""ל",,,קפה קר בטעם וניל צרפתי 250 מל,מיליליטרים,250.00,"100 מ""ל",false,24,6.90,2.7600,true,1,512363
7290016448832,false,"קפה קר NO.1 בטעם אספרסו 250 מ""ל",,,קפה קר בטעם אספרסו 250 מל,מיליליטרים,250.00,"100 מ""ל",false,24,6.90,2.7600,true,1,512362
7290016448849,false,קפה קר בטעם לאטה מקי,,,קפה קר בטעם לאטה מקיאטו 250 מל,מיליליטרים,250.00,"100 מ""ל",false,24,6.90,2.7600,true,1,512361
7290016448856,false,"קפה קר NO.1 בטעם טרמיסו 250 מ""ל",,,קפה קר בטעם טירמיסן 250 מל,מיליליטרים,250.00,"100 מ""ל",false,24,6.90,2.7600,true,1,512364
7290016448924,false,מקרל אטלנטי ברוטב עג,,,מקרל אטלנטי ברוטב עגבניות ריגה סטאר,גרמים,200.00,100 גרם,false,24,6.90,3.4500,true,1,514732
7290016476606,false,יין רוזה מאליז 750 מ,,,יין רוזה מאליז 750 מל,מיליליטרים,750.00,"100 מ""ל",false,6,79.90,10.6533,true,1,516493
7290016509342,false,סוד שלישייה סבון לאסל כחול אקטיבי אקנומיקה,סוד,,שלישיית סבון אסלה סוד כחול,Unknown,0.00,Unknown,false,1,17.90,0.0000,true,1,523266
7290016509786,false,פרסיל - ג'ל כביסה ירוק 2.50 ליטר,פרסיל Persil,IL,גל כביסה פרסיל ירוק 2.5 ל,ליטרים,2.50,ליטר,false,6,29.90,11.9600,true,1,503698
7290016509809,false,ג'ל מרוכז לכביסה קולור 2.5 ל' פרסיל,פרסיל Persil,IL,גל כביסה פרסיל קולור 2.5 ל,ליטרים,2.50,ליטר,false,6,29.90,11.9600,true,1,503699
7290016509823,false,ג'ל לכביסה לבנה וצבעונית בניחוח רענן,פרסיל Persil,,גל כביסה פרסיל בלו 2.5 ל,ליטרים,2.50,ליטר,false,6,29.90,11.9600,true,1,503700
7290016513028,false,אננס קפוא 250 גר,,,אננס קפוא 250 גר,גרמים,250.00,100 גרם,false,1,15.90,6.3600,true,1,495249
7290016513042,false,אובליפיחה קפוא 250 ג,,,מיקס פירות גן קפוא 250 גר,גרמים,250.00,100 גרם,false,1,15.90,6.3600,true,1,495251
7290016513233,false,אוכמניות אדומות 250,,,אוכמניות אדומות 250 גר,גרמים,250.00,100 גרם,false,1,14.90,5.9600,true,1,488111
7290016513240,false,אוכמניות כחולות 250,,,אוכמניות כחולות 250 גר,גרמים,250.00,100 גרם,false,1,14.90,5.9600,true,1,488112
7290016513257,false,פטל שחור 250 גר,,,פטל שחור 250 גר,גרמים,250.00,100 גרם,false,1,14.90,5.9600,true,1,488108
7290016513264,false,חמוציות בר 250 גר,,,חמוציות בר 250 גר,גרמים,250.00,100 גרם,false,1,14.90,5.9600,true,1,488113
7290016513271,false,חמוציות 250 גר,,,חמוציות 250 גר,גרמים,250.00,100 גרם,false,1,11.90,4.7600,true,1,488109
7290016513288,false,פטל אדום 250 גר,,,פטל אדום 250 גר,גרמים,250.00,100 גרם,false,1,19.90,7.9600,true,1,488114
7290016513295,false,דומדמנית אדומה 250 ג,,,דומדמנית אדומה 250 גר,גרמים,250.00,100 גרם,false,1,11.90,4.7600,true,1,488104
7290016513301,false,דומדמנית שחורה 250 ג,,,דומדמנית שחורה 250 גר,גרמים,250.00,100 גרם,false,1,11.90,4.7600,true,1,488105
7290016513318,false,אוכמניות שחורות 250,,,אוכמניות שחורות 250 גר,גרמים,250.00,100 גרם,false,1,14.90,5.9600,true,1,488115
7290016513325,false,דובדבן 250 גר,,,דובדבן 250 גר,גרמים,250.00,100 גרם,false,1,11.90,4.7600,true,1,488106
7290016513332,false,מיקס פירות 250 גר,,,מיקס פירות 250 גר,גרמים,250.00,100 גרם,false,1,11.90,4.7600,true,1,488107
7290016513349,false,תות שדה 250 גר,,,תות שדה 250 גר,גרמים,250.00,100 גרם,false,1,11.90,4.7600,true,1,488110
7290016523201,false,סטימר עץ 6,Fujian fuzhou tian s,,סטימר עץ 6,Unknown,0.00,Unknown,false,1,34.90,0.0000,true,1,487801
7290016523447,false,אטריות ביצים 300 גרם,פוג'יאן לונגהי אנליד,CN,אטריות ביצים 300 גר,גרמים,300.00,100 גרם,false,1,7.90,2.6333,true,1,493295
7290016523454,false,אטריות עם תרד 300 גר,,,אטריות עם תרד 300 גר,גרמים,300.00,100 גרם,false,1,7.90,2.6333,true,1,493296
7290016580174,false,צלחות 9 צבעומיות דנט,,,צלחות 9 צבעומיות דנטס 100 יח,Unknown,0.00,Unknown,false,1,32.90,0.0000,true,1,497603
7290016580563,false,כוס בירה 330 מל 40 י,,,כוס בירה 330 מל 40 יח,Unknown,0.00,Unknown,false,1,8.90,0.0000,true,1,514901
7290016580785,false,מרקיית פרח קרם עם עי,,,מרקיית פרח קרם עם עיטור זהב 10 יח,Unknown,0.00,Unknown,false,1,19.90,0.0000,true,1,513909
7290016580808,false,צלחת פרח 9 קרם עם עי,,,"צלחת פרח 9"" קרם עם עיטור זהב 10 יח",Unknown,0.00,Unknown,false,1,25.90,0.0000,true,1,513907
7290016580815,false,צלחת פרח 10.25 קרם ע,,,"צלחת פרח 10.25"" קרם עם עיטור זהב 10 יח",Unknown,0.00,Unknown,false,1,29.90,0.0000,true,1,513908
7290016584011,false,חטיפוני גזר 350 גרם,"מרינה פטריות הגליל בע""מ",IL,חטיפוני גזר 350 גר,גרמים,350.00,100 גרם,false,1,9.90,2.8286,true,1,485931
7290016584103,false,גזר צבעוני,,,גזר צבעוני,Unknown,0.00,Unknown,false,1,12.90,0.0000,true,1,514435
7290016584219,false,שעועית ירוקה שלמה טר,חקלאי,IL,שעועית ירוקה שלמה טריה 410 גר,גרמים,410.00,100 גרם,false,1,12.90,3.1463,true,1,514434
7290016607772,false,יין רוזה גליל דלתון,"איי, בי, אינבוו",IL,יין דלתון רוזה גליל 750 מל,מיליליטרים,750.00,"100 מ""ל",false,1,59.90,7.9867,true,1,514785
7290016617207,false,שמיר אדום ירוק ארוז,חקלאי,IL,שמיר אדום ירוק ארוז,Unknown,0.00,Unknown,false,1,4.90,0.0000,true,1,513429
7290016617214,false,כוסברה אדום ירוק ארו,,,כוסברה אדום ירוק ארוז,Unknown,0.00,Unknown,false,1,4.90,0.0000,true,1,513419
7290016617221,false,פטרוזיליה אדום ירוק,,,פטרוזיליה אדום ירוק ארוז,Unknown,0.00,Unknown,false,1,4.90,0.0000,true,1,513426
7290016617238,false,נענע אדום ירוק ארוז,,,נענע אדום ירוק ארוז,Unknown,0.00,Unknown,false,1,4.90,0.0000,true,1,513422
7290016617269,false,סלרי ראש אדום ירוק א,,,סלרי ראש אדום ירוק ארוז,Unknown,0.00,Unknown,false,1,5.90,0.0000,true,1,513424
7290016667042,false,קשיות פסים זברה עבים 20 יח',עבדו,,קשיות פספסים רב פעמי 20 יח,Unknown,0.00,Unknown,false,1,9.90,0.0000,true,1,527341
7290016667059,false,מייפל טהור 100% זכוכית 250 מל,l.p.mapple,,"מייפל טהור 100% 250 מ""ל",מיליליטרים,250.00,"100 מ""ל",false,1,32.90,13.1600,true,1,495899
7290016667066,false,סוכריות לקישוט עוגות 90 ג',מזון דני,,סוכריות לקישוט עוגות 90 גר,גרמים,90.00,100 גרם,false,1,6.90,7.6667,true,1,486972
7290016667073,false,מזרה שוקולד לקישוט עוגה 90 ג',מזון דני,,שוקולד לקישוט עוגה 90 גר,גרמים,90.00,100 גרם,false,1,6.90,7.6667,true,1,486971
7290016667158,false,חרדל דיזון צנצנת 370,קובינור,,חרדל דיזון צנצנת 370 גר,גרמים,370.00,100 גרם,false,1,9.90,2.6757,true,1,489102
7290016667165,false,חרדל דיזון גרגירים 3,קובינור,,חרדל דיזון גרגירים 350 גר,גרמים,350.00,100 גרם,false,1,9.90,2.8286,true,1,489103
7290016667271,false,"משאבה מסיר לאק 150 מ""ל",,,"משאבה מסיר לאק 150 מ""ל",מיליליטרים,150.00,"100 מ""ל",false,1,10.90,7.2667,true,1,492563
7290016667479,false,פריכיות כוסמת מארז גדול 130 ג',פרח תעשיות,,פריכיות כוסמת 130גר,גרמים,130.00,100 גרם,false,1,10.90,8.3846,true,1,499270
7290016667486,false,פריכיות כוסמת דל נתרן 130 ג',פרח תעשיות,,מארז פריכיות כוסמת דל נתרן 130 גר,גרמים,130.00,100 גרם,false,1,10.90,8.3846,true,1,499271
7290016667523,false,סוכריות ענק לעוגה 20,,,סוכריות ענק לעוגה 200 גר,גרמים,200.00,100 גרם,false,1,8.90,4.4500,true,1,509667
7290016667547,false,סילאן לחיץ 100 % טבעי 500 ג',,,סילאן לחיץ 100% טבעי 500 גר,גרמים,500.00,100 גרם,false,1,16.90,3.3800,true,1,510723
7290016667912,false,תבניות מאפין קאפקייק מספר 6,,,תבניות מאפין קאפקייק מס 6,Unknown,0.00,Unknown,false,1,8.90,0.0000,true,1,521254
7290016667936,false,תבניות מאפין קאפקייק מספר 8,,,תבניות קאפקייק,Unknown,0.00,Unknown,false,1,8.90,0.0000,true,1,523494
7290016682038,false,"מיץ תפוזים סחוט 100% טבעי. מפוסטר, מקורר",פריניב,IL,"מיץ תפוזים סחוט טבעי 400 מ""ל",מיליליטרים,400.00,"100 מ""ל",false,1,9.90,2.4750,true,1,510566
7290016682052,false,"משקה קל לימונענע. מפוסטר, מקורר",פריניב,IL,"מיץ לימונענע סחוט טבעי 400 מ""ל",מיליליטרים,400.00,"100 מ""ל",false,1,9.90,2.4750,true,1,510567
7290016682083,false,"פריניב נקטר תות בננה 400 מ""ל",פריניב,,"מיץ תות בננה 400 מ""ל",מיליליטרים,400.00,"100 מ""ל",false,1,9.90,2.4750,true,1,510568
7290016682182,false,פריניב שייק תמר בננה מופחת סוכר 1 ליטר,פריניב בעמ,IL,שייק תמר בננה מופחת סוכר 1 ל,ליטרים,1.00,ליטר,false,1,15.90,15.9000,true,1,490193
7290016682199,false,פריניב שייק תות בננה מופחת סוכר 1 ליטר,פריניב בעמ,IL,שייק תות בננה מופחת סוכר 1 ל,ליטרים,1.00,ליטר,false,1,15.90,15.9000,true,1,490194
7290016682250,false,מיץ תפוז וגזר סחוט 1,,,מיץ פריניב תפוז גזר 1 ל,ליטרים,1.00,ליטר,false,9,15.90,15.9000,true,1,527258
7290016682335,false,מיץ תפוזים 100% סחוט טבעי,פריניב,IL,מיץ תפוזים סחוט 2 ל,ליטרים,2.00,ליטר,false,1,24.90,12.4500,true,1,522361
7290016682342,false,מיץ תפוזים ולנסיה 2 ליטר,פריניב,IL,מיץ תפוז ולנסיה סחוט 2 ל,ליטרים,2.00,ליטר,false,1,26.90,13.4500,true,1,522362
7290016682359,false,מיץ תפוזים שמוטי 2 ליטר,פריניב,IL,מיץ תפוז שמוטי סחוט 2 ל,ליטרים,2.00,ליטר,false,1,26.90,13.4500,true,1,522363
7290016682366,false,מיץ תפוח צלול 2 ליטר,פריניב,IL,מיץ תפוחים צלול 2 ל,ליטרים,2.00,ליטר,false,1,24.90,12.4500,true,1,522364
7290016682373,false,משקה קל לימונדה בלאדי 2 ליטר פריניב,פריניב,IL,מיץ לימונדה בלדי 2 ל,ליטרים,2.00,ליטר,false,1,24.90,12.4500,true,1,522365
7290016682380,false,מיץ לימונדה לואיזה 2 ליטר,פריניב,IL,מיץ לימונדה לואיזה 2 ל,ליטרים,2.00,ליטר,false,1,24.90,12.4500,true,1,522366
7290016682397,false,נקטר פריניב חמוציות,פריניב,IL,נקטר פרי ניב חמוציות 2 ל,ליטרים,2.00,ליטר,false,1,19.90,9.9500,true,1,522367
7290016717044,false,באז משקה מבוסס יין מ,יקבי כרמל,IL,"יין מבעבע באז 750 מ""ל",מיליליטרים,750.00,"100 מ""ל",false,1,29.90,3.9867,true,1,504427
7290016717099,false,"יין כרמל סלקטד אדום חצי יבש, 750 מ""ל",יקבי כרמל Carmel Winery,IL,"יין אדום חצי יבש סלקטד 750 מ""ל",מיליליטרים,750.00,"100 מ""ל",false,1,29.90,3.9867,true,1,487959
7290016717631,false,יין מוסקטו בעל חוזק אלכוהול נמוך פרייבט קולקשן,אגודת הכורמים הקואופ,IL,"יין מבעבע פרייבט קולקשן מוסקטו 750 מ""ל",מיליליטרים,750.00,"100 מ""ל",false,1,39.90,5.3200,true,1,495994
7290016717976,false,יין באזז ספארקלינג א,קריות זול,IL,"משקה מוגז ספארקלינג באז אפרסק 750 מ""ל",מיליליטרים,750.00,"100 מ""ל",false,12,29.90,3.9867,true,1,511452
7290016778908,false,סלמון מעושן אטלנטי 4,,,סלמון מעושן אטלנטי 400 גר,גרמים,400.00,100 גרם,false,1,64.90,16.2250,true,1,491860
7290016823004,false,בזיליקום יח freshlid,"מרינה פטריות הגליל בע""מ",IL,בזיליקום,Unknown,0.00,Unknown,false,1,4.90,0.0000,true,1,491159
7290016823028,false,עירית יח freshlid,"מרינה פטריות הגליל בע""מ",IL,עירית,Unknown,0.00,Unknown,false,1,4.90,0.0000,true,1,491161
7290016823059,false,טימין קורנית ארוז יח,"מרינה פטריות הגליל בע""מ",IL,טימין,Unknown,0.00,Unknown,false,1,4.90,0.0000,true,1,491164
7290016823066,false,רוזמרין יח freshlid,"מרינה פטריות הגליל בע""מ",IL,רוזמרין,Unknown,0.00,Unknown,false,1,4.90,0.0000,true,1,491165
7290016823073,false,מרווה יח freshlid,"מרינה פטריות הגליל בע""מ",IL,מרווה,Unknown,0.00,Unknown,false,1,4.90,0.0000,true,1,491166
7290016823257,false,חסה סלנובה מהדרין יח,"מרינה פטריות הגליל בע""מ",IL,חסה סלנובה,Unknown,0.00,Unknown,false,1,12.90,0.0000,true,1,490375
7290016823349,true,סלק בוואקום 525 גר,ביכורי שדה דרום 2002,,סלק בוואקום 525 גר,גרמים,525.00,100 גרם,false,1,6.90,1.3143,true,1,513835
7290016823523,false,צנונית ארוזה 500 גרם,"מרינה פטריות הגליל בע""מ",IL,צנונית ארוזה,גרמים,500.00,100 גרם,false,1,5.90,1.1800,true,1,499204
7290016866643,false,משחת שיניים פרודונטקס אקסטרה פרש,פרודונטקס Parodontax,SK,משחת שיניים פרודונטקס פרש 75 מל,מיליליטרים,75.00,"100 מ""ל",false,1,29.90,39.8667,true,1,505073
7290016866650,false,"פרודונטקס - משחת שיניים אוריג'ינל 75 מ""ל",פרודונטקס Parodontax,SK,משחת שיניים פרודונטקס אוריגינל 75 מל,מיליליטרים,75.00,"100 מ""ל",false,1,29.90,39.8667,true,1,505075
7290016866674,false,"פרודונטקס - משחת שיניים מלבינה 75 מ""ל",פרודונטקס Parodontax,SK,משחת שיניים פרדונטקס מלבינה 75 מל,מיליליטרים,75.00,"100 מ""ל",false,1,29.90,39.8667,true,1,505076
7290016875102,true,יוגורט עיזים פירות י,,,יוגורט עיזים פירות יער שדה 330 מל,מיליליטרים,330.00,"100 מ""ל",false,,11.90,3.6061,true,1,522030
7290016875119,true,יוגורט עיזים תות שדה,,,יוגורט עיזים תות שדה 330 מל,מיליליטרים,330.00,"100 מ""ל",false,,11.90,3.6061,true,1,522029
7290016875409,true,יוגורט עיזים אפרסק 3,,,יוגורט עיזים אפרסק 330 מל,מיליליטרים,330.00,"100 מ""ל",false,,11.90,3.6061,true,1,522031
7290016883176,false,"מוזלי פתיתי שיבולת שועל עם שוקולד מריר ושבבי קוקוס 1 ק""ג",דין שיווק,MK,מוזלי פתיתי שיבולת שועל עם שוקולד מריר,קילוגרמים,1.00,"ק""ג",false,1,21.90,21.9000,true,1,502691
7290017023182,false,"שוויפס מוגז תפוח פחית סליק 330 מ""ל",,,"משקה מוגז שוופס תפוח פחית סליק 330 מ""ל",מיליליטרים,330.00,"100 מ""ל",false,1,4.90,1.4848,true,1,497609
7290017023199,false,"שוויפס מוגז תות ליים פחית סליק 330 מ""ל",,,משקה מוגז שוופס תות ליים פחית סליק 330 מ,מיליליטרים,330.00,"100 מ""ל",false,1,4.90,1.4848,true,1,497611
7290017023205,false,"שוויפס מוגז ענבים פחית סליק 330 מ""ל",,,"משקה מוגז שוופס ענבים פחית סליק 330 מ""ל",מיליליטרים,330.00,"100 מ""ל",false,1,4.90,1.4848,true,1,497610
7290017023212,false,"שוויפס מוגז פירות תפוח מארז רביעייה* 330 מ""ל",יפאורה תבורי,IL,משקה מוגז שוופס פירות תפוח פחית רביעייה,מיליליטרים,1320.00,"100 מ""ל",false,1,14.90,1.1288,true,1,497606
7290017023229,false,רביעיית פחיות שוופס מוגז פירות תות ליים 330 מל.,יפאורה תבורי,IL,משקה מוגז שוופס פירות תות ליים רביעייה,מיליליטרים,1320.00,"100 מ""ל",false,1,14.90,1.1288,true,1,497607
7290017023236,false,רביעיית פחיות שוופס מוגז פירות ענבים 330 מל.,יפאורה תבורי,IL,משקה מוגז שוופס פירות ענבים פח רביעייה,מיליליטרים,1320.00,"100 מ""ל",false,1,14.90,1.1288,true,1,497608
7290017023663,false,"שוופס מיץ פירות לימונייד פחית מארז 330X4מ""ל",יפאורה תבורי,IL,רביעיית פחיות שוופס מוגז פירות למונייד,מיליליטרים,1320.00,"100 מ""ל",false,1,14.90,1.1288,true,1,499770
7290017031705,false,"סנסודיין - משחת שיניים קלין&פרש 75 מ""ל",DE MICLEN,SK,משחת שיניים סנסודיין 75 מל,מיליליטרים,75.00,"100 מ""ל",false,1,20.90,27.8667,true,1,503695
7290017034065,false,אסותא אבקת כביסה 1.2,,,"אסותא אבקת כביסה 1.25 ק""ג",קילוגרמים,1.25,"ק""ג",false,1,8.90,7.1200,true,1,505123
7290017044019,false,אסותא דלי מטליות לחות לנ.,,,מטליות לחות אסותא לניקוי כללי 400 יח,Unknown,0.00,Unknown,false,1,19.90,0.0000,true,1,491003
7290017044293,false,אסותא מגבוני ריצפה בדלי 50 יח',,,אסותא דלי מטליות לרצפה 50 יח,Unknown,0.00,Unknown,false,6,29.90,0.0000,true,1,514964
7290017058016,false,פילה אנשובי צנצנת עם,Inversiones prisco s,,פילה אנשובי צנצנת עם צלפים 100 גר,גרמים,100.00,100 גרם,false,1,12.90,12.9000,true,1,492323
7290017058092,false,שיבולת שועל שלמים 60,,,שיבולת שועל שלמים 600 גר,גרמים,600.00,100 גרם,false,1,6.90,1.1500,true,1,494167
7290017058139,false,"רביעיית רסק תפו""ע תות שדה",Cherry growers inc,,רביעיית רסק תפוח עץ עם תות שדה 113 גרם,גרמים,452.00,100 גרם,false,1,12.90,2.8540,true,1,495825
7290017058146,false,רסק תפוחי עץ עם אפרסק,Cherry growers inc,,רביעיית רסק תפוח עץ עם אפרסק,גרמים,452.00,100 גרם,false,1,12.90,2.8540,true,1,495824
7290017058177,false,אנשובי עם צ'ילי צנצנת 100 גר,,,אנשובי עם צילי צנצנת 100 גר,גרמים,100.00,100 גרם,false,1,12.90,12.9000,true,1,495765
7290017058689,false,זית שחור טבעי תומר 4,,,זית שחור טבעי 400 גר,גרמים,400.00,100 גרם,false,1,14.90,3.7250,true,1,507166
7290017058832,false,תרסיס שמן חמניות 142,,,תרסיס שמן חמניות 142 גר,גרמים,142.00,100 גרם,false,1,16.90,11.9014,true,1,505252
7290017058856,false,זית קלמטה מגולען צנצ,,,זית קלמטה מגולען צנצנת 355 גר,גרמים,355.00,100 גרם,false,1,15.90,4.4789,true,1,500083
7290017058863,false,תרסיס שמן זית 142 גר,,,תרסיס שמן זית 142 גר,גרמים,142.00,100 גרם,false,1,16.90,11.9014,true,1,505253
7290017062662,false,מרכך כביסה מרוכז כתום טאצ 1ל',,,מרכך כביסה מרוכז כתום טאצ 1 ל,ליטרים,1.00,ליטר,false,12,12.90,12.9000,true,1,516068
7290017062679,false,מרכך כביסה מרוכז צהוב טאצ 1ל',,,מרכך כביסה מרוכז צהוב טאצ 1 ל,ליטרים,1.00,ליטר,false,12,12.90,12.9000,true,1,516070
7290017062693,false,מרכך כביסה מרוכז לבן טאצ 1ל',סאסאטק,IL,מרכך כביסה מרוכז לבן טאצ 1 ל,ליטרים,1.00,ליטר,false,12,12.90,12.9000,true,1,516069
7290017062709,false,מרכך כביסה מרוכז בורדו טאצ 1ל',סאסאטק,IL,מרכך כביסה מרוכז בורדו טאצ 1 ל,ליטרים,1.00,ליטר,false,5,12.90,12.9000,true,1,516064
7290017062716,false,מרכך כביסה מרוכז ורוד טאצ 1ל',סאסאטק,IL,מרכך כביסה מרוכז ורוד טאצ 1 ל,ליטרים,1.00,ליטר,false,5,12.90,12.9000,true,1,516066
7290017062723,false,מרכך כביסה מרוכז ירוק טאצ 1ל',,,מרכך כביסה מרוכז ירוק טאצ 1 ל,ליטרים,1.00,ליטר,false,5,12.90,12.9000,true,1,516067
7290017062747,false,"נוזל כלים 36% תפוח +משאבה 750 מ""ל",,,נוזל כלים תפוח 36% 750 מל טאצ+משאבה,מיליליטרים,750.00,"100 מ""ל",false,1,9.90,1.3200,true,1,515155
7290017062891,false,"קצף לכלים בניחוח תפוח פלירוסול 500 מ""ל טאצ",,,פלירוסול קצף לכלים בניחוח תפוח טאצ 500 מ,מיליליטרים,500.00,"100 מ""ל",false,1,21.90,4.3800,true,1,523164
7290017062914,false,"קצף לכלים בניחוח לימון פלירוסול 500 מ""ל טאצ",,,פלירוסול קצף לכלים בניחוח לימון טאצ 500,מיליליטרים,500.00,"100 מ""ל",false,1,21.90,4.3800,true,1,523163
7290017062921,false,קצף לכלים בניחוח לימ,,,פלירוסול קצף לכלים בניחוח לימון טאצ 500,מיליליטרים,500.00,"100 מ""ל",false,1,12.90,2.5800,true,1,523166
7290017065007,true,גבינה מוצרלה פרוס 22,,,גבינה מוצרלה פרוס 22% 200 גר,גרמים,200.00,100 גרם,false,1,18.90,9.4500,true,1,490283
7290017065137,false,ריקוטה למריחה 5% טבעית 200 גרם - רובין,האי נאם סי או אל.טי.,IL,גבינה למריחה ריקוטה 5% טבעי 200 גר,גרמים,200.00,100 גרם,false,1,9.90,4.9500,true,1,495439
7290017065168,false,גבינה כחלוה 100 גרם בית יוסף,מחלבות גד,DK,גבינה כחולה גד 100 גר,גרמים,100.00,100 גרם,false,1,17.90,17.9000,true,1,498062
7290017065212,false,גבינת קרם מסקרפונה מחלבות גד 250 גר,מיוצר עי קוד יצרן ED,IL,קרם מסקרפונה להקפצה גד 38% 250 גר,גרמים,250.00,100 גרם,false,1,20.90,8.3600,true,1,498065
7290017065236,false,גבינה בולגרית מעודנת 24% גד 250 ג',הנסיך- מפעל לייצור ט,IL,בולגרית מעודנת 24% 250 גר,גרמים,250.00,100 גרם,false,1,22.90,9.1600,true,1,498156
7290017065434,false,פרוסות גבינה גאודה הולנדית חצי קשה 200 גרם בית יוסף,מחלבות גד בעמ,NL,גבינה גאודה בקר פרוסות 200 גר,גרמים,200.00,100 גרם,false,1,21.90,10.9500,true,1,505256
7290017065441,false,גבינה גאודה עיזים פרוסה הולנדית 200 גר',מחלבות גד,NL,גבינה גאודה עיזים פרוסות 200 גר,גרמים,200.00,100 גרם,false,1,32.90,16.4500,true,1,505258
7290017065526,false,קוואטרו פורמאג'י 4 גבינות מגוררות 26%,מחלבות גד בעמ,IL,גבינה קוואטרו פורמאגי 300 גר,גרמים,300.00,100 גרם,false,1,29.90,9.9667,true,1,505262
7290017065588,true,יוגורט יווני 600 גר,,,יוגורט יווני 600 גרם,גרמים,600.00,100 גרם,false,,17.90,2.9833,true,1,511162
7290017065649,true,קרם פטיסייר 250 גר,,,קרם פטיסייר 250 גר,גרמים,250.00,100 גרם,false,,20.90,8.3600,true,1,511159
7290017065731,false,גבינת שמנת 30% ניו יורק +כמהין 200 גרם רבנות,פ.פ.ח. שאביט,IL,גבינת שמנת ניו יורק כמהין 30% 200 גר,גרמים,200.00,100 גרם,false,1,13.90,6.9500,true,1,517472
7290017065878,false,מק אנד צ'יז 200 גרם בית יוסף,מחלבות גד,IL,מק אנד ציז 200 גר,גרמים,200.00,100 גרם,false,1,15.90,7.9500,true,1,524603
7290017065960,false,"רוטב פורצ`יני גד, 200 גרם",מחלבות גד,IL,רוטב פורציני 200 גר,גרמים,200.00,100 גרם,false,1,15.90,7.9500,true,1,528401
7290017088105,false,טיטולי בייביסיטר מידה 3 38 יח,די.פי.אל תעשיות מוצר,IL,חיטולים בייביסיטר נוחות מידה 3 38 יח,Unknown,0.00,Unknown,false,1,29.90,0.0000,true,1,500455
7290017088112,false,טיטלי בייביסיטר מידה 4 36 י ח,די.פי.אל תעשיות מוצר,IL,חיטולים בייביסיטר נוחות מידה 4 36 יח,Unknown,0.00,Unknown,false,1,29.90,0.0000,true,1,500456
7290017088129,false,טיטולי בייביסיטר מידה 4+ 34 יח,די.פי.אל תעשיות מוצר,IL,חיטולים בייביסיטר נוחות מידה 4+ 34 יח,Unknown,0.00,Unknown,false,1,29.90,0.0000,true,1,500457
7290017088136,false,טיטלי בייביסיטר מידה 5 32 יח,די פי אל,,חיטולים בייביסיטר נוחות מידה 5 32 יח,Unknown,0.00,Unknown,false,1,29.90,0.0000,true,1,500458
7290017088143,false,טיטלי בייביסיטר מידה 6 30 יח,די.פי.אל תעשיות מוצר,IL,חיטולים בייביסיטר נוחות מידה 6 30 יח,Unknown,0.00,Unknown,false,1,29.90,0.0000,true,1,500459
7290017088327,false,מגבוני בייביסיטר extra soft ללא בישום 4*64 יח',,,מגבון בייביסיטר ללא בישום,Unknown,0.00,Unknown,false,1,16.90,0.0000,true,1,512081
7290017088778,false,"ALCO CARE ג'ל ידיים 66% אלכוהול 100 מ""ל",,,"גל היגייני לידיים 66% 100 מ""ל",מיליליטרים,100.00,"100 מ""ל",false,1,9.90,9.9000,true,1,511228
7290017088914,false,מגבונים בייביסיטר מבושם 66X6 יח',,,שישיית מגבוני בייביסיטר מבושם 66 יח,Unknown,0.00,Unknown,false,1,17.90,0.0000,true,1,517470
7290017088969,false,חיתולי בייביסיטר ניו בורן מידה 1 42 יח',,,חיתולי בייביסיטר מידה 1 42 יח,Unknown,0.00,Unknown,false,4,29.90,0.0000,true,1,523465
7290017088983,false,חיתולי בייביסיטר ניו בורן מידה 2 38 יחי',,,חיתולי בייביסיטר מידה 2 38 יח,Unknown,0.00,Unknown,false,4,29.90,0.0000,true,1,523466
7290017105550,false,רסק עגבניות מארז 100X4גר',היינץ צפון אמריקה מק,IL,מאגדת רסק עגבניות 100% 4*100 גר,גרמים,400.00,100 גרם,false,8,11.90,2.9750,true,1,513181
7290017105895,false,גרגרי חומוס להכנת חומוס 550 גרם יכין,זנלכל,IL,גרגרי חומוס מסעדות יכין 550 גר,גרמים,550.00,100 גרם,false,12,9.90,1.8000,true,1,513180
7290017106069,false,יכין קוביות סלק 550 ג',היינץ צפון אמריקה מק,IL,קוביות סלק יכין 550 גר,גרמים,550.00,100 גרם,false,1,8.90,1.6182,true,1,511536
7290017121048,false,פלפל צ'ומה 250 גרם עללחם,"מדשא תעשיות מזון בע""",IL,פלפל צומה עללחם 250 גר,גרמים,250.00,100 גרם,false,1,14.90,5.9600,true,1,506950
7290017121086,false,"אריסה ביתית מתוקה עללחם, 250 גרם","מדשא תעשיות מזון בע""",IL,אריסה ביתית מתוקה עללחם 250 גר,גרמים,250.00,100 גרם,false,1,14.90,5.9600,true,1,523195
7290017129495,false,אגו מיקס כדורי תירס מצופים שוקולד חלב 55 גר,כרמית,IL,אגו מיקס כדורי תירס מצופים שוקולד חלב 55,גרמים,55.00,100 גרם,false,24,3.90,7.0909,true,1,495969
7290017129778,false,"שוקולד פרימיום 70% בטעם קפה בד""ץ 100 גר'",כרמית תעשיות ממתקים,IL,עוגיות גרנולה כרמית עם אגוזים 120 גר,גרמים,100.00,100 גרם,false,24,7.90,7.9000,true,1,499737
7290017129822,false,מטבעות שוקולד מריר 36 ג' !..,כרמית,IL,מטבעות שוקולד מריר כרמית 36 גר,גרמים,36.00,100 גרם,false,35,3.90,10.8333,true,1,508415
7290017129846,false,מיני קוקיס בטעם קרמל 600 גר',קריות זול,IL,מיני עוגיות קוקיס בטעם קרמל 600 גר,גרמים,600.00,100 גרם,false,1,15.90,2.6500,true,1,499609
7290017129884,false,חמישיות שוקולד מריר 44% 85 גר*5*12 בקרטון,,,שוקולד מריר כרמית אגו 60% 85 גר חמישייה,גרמים,425.00,100 גרם,false,12,15.90,3.7412,true,1,503302
7290017129983,false,שוקולד צ'יפס לבן פרו,"כד בני דרום בע""מ",IL,שוקו ציפס לבן פרווה 250 גר,גרמים,250.00,100 גרם,false,16,10.90,4.3600,true,1,502045
7290017142005,false,"שמן קוקוס אורגני כתית 320 מ""ל עץ הזית",עץ הזית,,שמן קוקוס עץ הזית אורגני כתית 320 מל,מיליליטרים,320.00,"100 מ""ל",false,1,29.90,9.3437,true,1,491565
7290017142111,false,פתיתי טונה בהירה בשמ,,,פתיתי טונה עץ הזית בהירה בשמן זית טו גו,גרמים,85.00,100 גרם,false,1,9.90,11.6471,true,1,499137
7290017142128,false,"שמן זית כתית מעולה עץ הזית 750 מ""ל",שמן תעשיות,,שמן זית כתית מעולה קלאסי עץ הזית 750 מל,מיליליטרים,750.00,"100 מ""ל",false,1,29.90,3.9867,true,1,496088
7290017142159,false,מארז נתחי טונה בהירה בשמן זית 3*80 ג' עץ הזית,הנסיך- מפעל לייצור ט,TH,נתחי טונה עץ הזית בשמן זית שלישייה,גרמים,240.00,100 גרם,false,1,23.90,9.9583,true,1,512913
7290017142180,false,פילה פרוס ושמן זית בנגיעות טעם לימון ופלפל שחור,"יוניקורד ח.צ בע""מ",TH,פילה טונה עץ הזית בשמן זית לימון ופלפל,גרמים,120.00,100 גרם,false,1,14.90,12.4167,true,1,509410
7290017142203,false,פילה טונה בשמן זית בטעם מעושן עץ המוצר 120 ג',"יוניקורד ח.צ בע""מ",TH,פילה טונה פרוס מעושן עץ הזית בשמן זית,גרמים,120.00,100 גרם,false,1,14.90,12.4167,true,1,509409
7290017142234,false,טונה בטעם מעושן טו גו 85 ג',,,טונה עץ הזית בהירה מעושן טו גו 85 גר,גרמים,85.00,100 גרם,false,1,9.90,11.6471,true,1,519036
7290017142289,false,"תרסיס חמניות ללא גז 200 מ""ל עץ הזית",שמן תעשיות,,תרסיס שמן חמניות עץ הזית 200 מל,מיליליטרים,200.00,"100 מ""ל",false,1,15.90,7.9500,true,1,502955
7290017142388,false,שמן חמניות אומגה 3 פלוס 1 ליטר עץ הזית,עץ הזית,,שמן חמניות עץ הזית פלוס אומגה 1.3 ל,ליטרים,1.00,ליטר,false,1,15.90,15.9000,true,1,507111
7290017142395,false,ארוחה פסטה עם טונה בשמן זית 160 גר',,,פסטה עם טונה טו גו עץ הזית בשמן זית 160,גרמים,160.00,100 גרם,false,1,13.90,8.6875,true,1,509406
7290017142401,false,קינואה לבנה ואדומה עם טונה בשמן זית 160 גרם,ג'נרל מילס סאן אדריא,TH,קינואה עם טונה טו גו עץ הזית בשמן זית,גרמים,160.00,100 גרם,false,1,13.90,8.6875,true,1,514743
7290017142456,false,מארז נתחי טונה בהירה בשמן זית 2 * 160 ג' עץ הזית,עץ הזית,,זוג נתחי טונה עץ הזית בשמן זית 160 גר,גרמים,320.00,100 גרם,false,1,27.90,8.7187,true,1,509407
7290017142500,false,תרסיס שמן זית כתית מעולה בטעם שום 150מל,קומטמפ קומפניה פורטו,IT,תרסיס שמן זית בטעם שום עץ הזית 150 מל,מיליליטרים,150.00,"100 מ""ל",false,1,19.90,13.2667,true,1,525675
7290017142623,false,תרסיס שמן זית כתית ב,,,תרסיס שמן זית בטעם צילי עץ הזית 150 מל,מיליליטרים,150.00,"100 מ""ל",false,1,19.90,13.2667,true,1,525676
7290017189246,false,מיני פנקייק אפוי וופ,,,מיני פנקייק אפוי וופס קפוא 500 גר,גרמים,500.00,100 גרם,false,1,24.90,4.9800,true,1,510284
7290017189253,false,קרפ אפוי וופס קפוא 6,מנדלז סי.אר. פרודקשן,BE,קרפ אפוי וופס קפוא 600 גר,גרמים,600.00,100 גרם,false,1,21.90,3.6500,true,1,510285
7290017189413,false,טבעות בצל גולד רינג,משק ויילר,ES,גולד רינג טבעות בצל 600 גר,גרמים,600.00,100 גרם,false,1,14.90,2.4833,true,1,517726
7290017189529,false,עוגיות כוסמין מלא קו,,,עוגיות כוסמין מלא קוקוס ללא תוספת סוכר,גרמים,230.00,100 גרם,false,1,17.90,7.7826,true,1,520504
7290017189543,false,עוגיות כוסמין מלא גר,,,עוגיות כוסמין מלא גרנולה ללא תוספת סוכר,גרמים,230.00,100 גרם,false,1,17.90,7.7826,true,1,520506
7290017189550,false,עוגיות כוסמין מלא טח,,,עוגיות כוסמין מלא טחינה ללא תוספת סוכר,גרמים,230.00,100 גרם,false,1,17.90,7.7826,true,1,520507
7290017197456,false,אסותא מגבוני נייר טואלט*3,,,מגבוני נייר טואלט אסותא שלישייה,Unknown,0.00,Unknown,false,1,11.90,0.0000,true,1,498341
7290017197579,false,מגבונים לחים אמה לני,,,מגבונים לחים אמה לניקוי כללי לימון 50 יח,Unknown,0.00,Unknown,false,1,9.90,0.0000,true,1,496231
7290017217154,false,"תבנית אלומיניום ענקית 4 יח' 40X34 ס""מ",,,תבנית אלומיניום ענקית 4 יח,Unknown,0.00,Unknown,false,1,11.90,0.0000,true,1,500515
7290017217161,false,"תבנית אלומיניום גדולה 7 יח' 32X34 ס""מ",,,תבנית אלומיניום גדולה 7 יח,Unknown,0.00,Unknown,false,1,11.90,0.0000,true,1,500520
7290017217185,false,"תבנית אלומיניום קטנה 16 יח' 22X16 ס""מ",,,תבנית אלומיניום קטנה 16 יח,Unknown,0.00,Unknown,false,1,11.90,0.0000,true,1,500516
7290017217307,false,נרות חימום ריחניים בניחות ורדים 50יח',T.L.CO.LTD,CN,נרות חימום ריחניים בניחוח ורדים 50 יח,Unknown,0.00,Unknown,false,20,14.90,0.0000,true,1,503520
7290017217390,false,מטליות מיקרופייבר משובחת עם ספווג 4יח,,,מטליות מיקרופייבר משובחת עם ספוג 4 יח,Unknown,0.00,Unknown,false,1,16.90,0.0000,true,1,503011
7290017217413,false,סבון אסלה מבושם בניח,,,סבון אסלה מבושם בניחוח אוקיינוס שלישייה,Unknown,0.00,Unknown,false,1,16.90,0.0000,true,1,500521
7290017217420,false,סבון אסלה מבושם בניח,,,סבון אסלה מבושם בניחוח לימון שלישייה,Unknown,0.00,Unknown,false,1,16.90,0.0000,true,1,500522
7290017217437,false,סבון אסלה מבושם בניח,,,סבון אסלה מבושם בניחוח פרחים שלישייה,Unknown,0.00,Unknown,false,1,16.90,0.0000,true,1,500523
7290017217444,false,סבון אסלה מבושם בניח,,,סבון אסלה מבושם בניחוח לבנדר שלישייה,Unknown,0.00,Unknown,false,1,16.90,0.0000,true,1,500524
7290017217468,false,שקיות אוכל מנייר הוסט 50 יח',קילת,,שקיות אוכל מנייר 50 יח,Unknown,0.00,Unknown,false,1,7.90,0.0000,true,1,505163
7290017217598,false,גלילי עץ אקולוגיים להדלקת פחם 300 ג' EASY LIGHT,,,גלילי עץ אקולוגיים להדלקת פחם 300 גר,גרמים,300.00,100 גרם,false,1,19.90,6.6333,true,1,508103
7290017217611,false,נייר אפייה נשלף בקופסא 50 יח' הוסטס,,PL,נייר אפייה נשלף הוסטס 50 יח,Unknown,0.00,Unknown,false,1,10.90,0.0000,true,1,509115
7290017217680,false,כפפות משק בית אלוורה,איזיטאצ,CN,כפפות משק בית אלוורה M,Unknown,0.00,Unknown,false,1,6.90,0.0000,true,1,513694
7290017217697,false,כפפות משק בית אלוורה,,,כפפות משק בית אלוורה L,Unknown,0.00,Unknown,false,1,6.90,0.0000,true,1,513695
7290017239200,true,סלמון נורווגי פרמיום,,,סלמון נורווגי פרמיום מעושן מטרי 100 גר,גרמים,100.00,100 גרם,false,,18.90,18.9000,true,1,523356
7290017266060,false,וופל קראנץ' שוקו ללא סוכר 175 ג' עלמה,עלמה,,וופל בלגי שוקו ללא סוכר 175 גר,גרמים,175.00,100 גרם,false,1,7.90,4.5143,true,1,496402
7290017289779,false,יין איספייר מלבק מרס,יקב טפרברג,IL,יין איספייר מלבק מרסלן 750 מל,מיליליטרים,750.00,"100 מ""ל",false,1,69.90,9.3200,true,1,517863
7290017289786,false,יין איספייר מריטאז 7,טפרברג,,יין איספייר מריטאז 750 מל,מיליליטרים,750.00,"100 מ""ל",false,1,69.90,9.3200,true,1,519697
7290017289793,false,יין אינספייר גראנש ס,טפרברג,,יין אינספייר גראנש סירה 750 מל,מיליליטרים,750.00,"100 מ""ל",false,1,69.90,9.3200,true,1,519696
7290017297170,false,לקט אסייתי להקפצה פרי הגליל 800 ג',,,לקט אסייתי להקפצה 800 גר,גרמים,800.00,100 גרם,false,1,15.90,1.9875,true,1,515574
7290017297194,false,לקט לקט ירקות לתנור פרי הגליל 800 ג',,,לקט ירקות לתנור 800 גר,גרמים,800.00,100 גרם,false,1,15.90,1.9875,true,1,515576
7290017297323,false,רוטב עגבניות מרוכז 100 גר' 22 BX טל וטרי,"מילוז(1989)בע""""מ",,רסק עגבניות מרוכז טל 100 גר,גרמים,100.00,100 גרם,false,48,1.90,1.9000,true,1,520019
7290017297620,false,רסק עגבניות A2 BX22 טל וטרי 570 גר',"מילוז(1989)בע""""מ",,רסק עגבניות 22% טל 600 גר,גרמים,570.00,100 גרם,false,1,5.90,1.0351,true,1,446745
7290017297637,false,רכז עגבניות A2 BX28 טל וטרי 580 גר',"מילוז(1989)בע""""מ",,רכז עגבניות 580 גר,גרמים,580.00,100 גרם,false,12,5.90,1.0172,true,1,449943
7290017297644,false,ברוקולי קפוא גרין אנד פרש 800 גר',גרין אנד פרש Green & Fresh,,ברוקולי מוקפא גרין פרש 800 גר,גרמים,800.00,100 גרם,false,12,14.90,1.8625,true,1,520213
7290017297682,false,כרובית מקופאות 800 ג' גרין פריש,גרין אנד פרש Green & Fresh,,כרובית גרין פרש 800 גר,גרמים,800.00,100 גרם,false,12,14.90,1.8625,true,1,522663
7290017389011,false,שקדיה מנגו מיובש ללא,שקדיה,IL,מנגו מיובש ללא סוכר 160 גר קופסא,גרמים,160.00,100 גרם,false,1,17.90,11.1875,true,1,510022
7290017389028,false,אננס מיובש ללא סוכר 160 ג' בקופסא,שקדיה,,אננס מיובש ללא סוכר 160 גר קופסא,גרמים,160.00,100 גרם,false,1,17.90,11.1875,true,1,510023
7290017389073,false,שקדיה תות שדה מיובש,שקדיה,IL,תות שדה מיובש 160 גר קופסא,גרמים,160.00,100 גרם,false,1,14.90,9.3125,true,1,510021
7290017426020,false,פחם פרמיום רויאל 9 ק,,,פחם פרמיום רויאל 9 קג,קילוגרמים,9.00,"ק""ג",false,1,69.90,7.7667,true,1,518565
7290017426273,false,מארז שקיות אוכל 300,,,מארז שקיות אוכל 300 יח,Unknown,0.00,Unknown,false,1,11.90,0.0000,true,1,508220
7290017426402,false,טישיו חמישייה,,,טישיו חמישייה,Unknown,0.00,Unknown,false,1,9.90,0.0000,true,1,526081
7290017426426,false,כוסות נייר OZ 4 שקד,,,כוסות נייר OZ שקד 50 יח,Unknown,0.00,Unknown,false,1,7.90,0.0000,true,1,506160
7290017426433,false,כוסות נייר לשתיה 10,,,כוסות נייר 10 OZ שקד 50 יח,Unknown,0.00,Unknown,false,1,12.90,0.0000,true,1,506161
7290017426440,false,כוסות נייר לשתיה 12,,,כוסות נייר OZ 12 שקד 50 יח,Unknown,0.00,Unknown,false,1,16.90,0.0000,true,1,506162
7290017426730,false,כוס נייר+מכסה 9 אוז,,,כוס+מכסה 9 OZ טו גו 16 יח,Unknown,0.00,Unknown,false,1,11.90,0.0000,true,1,508490
7290017426747,false,כוס נייר+מכסה 12 אוז,,,כוס+מכסה 12 OZ טו גו 16 יח,Unknown,0.00,Unknown,false,1,15.90,0.0000,true,1,508491
7290017457574,false,כדוריות סבון נתלה לאסלה בניחוח פרחים - 3 יח',סוד,,שלישיית סבון אסלה סוד פרחים,Unknown,0.00,Unknown,false,1,17.90,0.0000,true,1,523264
7290017457727,false,"סוד - מרכך כביסה מרוכז פרש סקיי 900 מ""ל",הנקל סוד,IL,מרכך כביסה סוד כחול 900 מל,מיליליטרים,900.00,"100 מ""ל",false,1,13.90,1.5444,true,1,523260
7290017457734,false,"סוד - מרכך כביסה מרוכז ווילד רוז 900 מ""ל",הנקל סוד,IL,מרכך כביסה סוד ורוד 900 מל,מיליליטרים,900.00,"100 מ""ל",false,1,13.90,1.5444,true,1,523261
7290017457932,false,סוד מרכך כביסה מרוכז פרש קונטרול כחול,הנקל סוד,IL,מרכך כביסה סוד פרש כחול 900 מל,מיליליטרים,900.00,"100 מ""ל",false,1,13.90,1.5444,true,1,523263
7290017477169,false,קשיו קלוי ששון הקולה,ששון,IL,אגוזי קשיו ששון הקולה 250 גר,גרמים,250.00,100 גרם,false,1,19.90,7.9600,true,1,502653
7290017477596,false,תמר מגהול ענק פרמיום,דין שיווק,IL,תמר מגהול פרמיום 400 גר,גרמים,400.00,100 גרם,false,1,23.90,5.9750,true,1,516165
7290017487014,false,עדשים שחורות שדות בע,,,עדשים שחורות שדות בעמק,Unknown,0.00,Unknown,false,1,11.90,0.0000,true,1,522487
7290017487038,false,נבטים סיניםשדות בעמק,חקלאי,IL,נבטים סינים שדות בעמק,Unknown,0.00,Unknown,false,1,6.90,0.0000,true,1,522479
7290017487045,false,עירית בנספק שדות בעמ,חקלאי,IL,עירית בנספק שדות בעמק,Unknown,0.00,Unknown,false,1,5.90,0.0000,true,1,522461
7290017487076,false,נבטי חמניה שדות בעמק,חקלאי,IL,נבטי חמניה שדות בעמק,Unknown,0.00,Unknown,false,1,11.90,0.0000,true,1,522478
7290017487083,false,נבטוטים שדות בעמק,,,נבטוטים שדות בעמק,Unknown,0.00,Unknown,false,1,11.90,0.0000,true,1,522484
7290017487137,false,אורגנו בנספק שדות בע,חקלאי,IL,אורגנו בנספק שדות בעמק,Unknown,0.00,Unknown,false,1,5.90,0.0000,true,1,522465
7290017487151,false,נבטי אלפלפא שדות בעמ,חקלאי,IL,נבטי אלפלפא שדות בעמק,Unknown,0.00,Unknown,false,1,6.90,0.0000,true,1,522483
7290017487168,false,עלי בייבי שדות בעמק,חקלאי,IL,עלי בייבי שדות בעמק,Unknown,0.00,Unknown,false,1,11.90,0.0000,true,1,522458
7290017487175,false,רוזמרין בנספק שדות ב,חקלאי,IL,רוזמרין בנספק שדות בעמק,Unknown,0.00,Unknown,false,1,5.90,0.0000,true,1,522466
7290017487199,false,נבטי צנונית שדות בעמ,,,נבטי צנונית שדות בעמק,Unknown,0.00,Unknown,false,1,11.90,0.0000,true,1,522480
7290017487205,false,מרווה בנספק שדות בעמ,חקלאי,IL,מרווה בנספק שדות בעמק,Unknown,0.00,Unknown,false,1,5.90,0.0000,true,1,522464
7290017487229,false,קורנית בנספק שדות בע,חקלאי,IL,קורנית בנספק שדות בעמק,Unknown,0.00,Unknown,false,1,5.90,0.0000,true,1,522467
7290017487243,false,נבטי ברוקולי שדות בע,,,נבטי ברוקולי שדות בעמק,Unknown,0.00,Unknown,false,1,11.90,0.0000,true,1,522481
7290017487250,false,נבטי אפונה שדות בעמק,,,נבטי אפונה שדות בעמק,Unknown,0.00,Unknown,false,1,11.90,0.0000,true,1,522482
7290017487267,false,חסה לאליק שדות בעמק,,,חסה לאליק שדות בעמק,Unknown,0.00,Unknown,false,1,14.90,0.0000,true,1,522453
7290017487281,false,קורנית לימון בנספק ש,חקלאי,IL,קורנית לימון בנספק שדות בעמק,Unknown,0.00,Unknown,false,1,5.90,0.0000,true,1,522472
7290017487380,false,נשנושי סלרי שדות בעמ,ביכורי שדה דרום,IL,נשנושי סלרי שדות בעמק,Unknown,0.00,Unknown,false,1,5.90,0.0000,true,1,522474
7290017487403,false,בזיליקום שדות בעמק,חקלאי,IL,בזיליקום שדות בעמק,Unknown,0.00,Unknown,false,1,11.90,0.0000,true,1,522460
7290017487410,false,רוקולה פ/ס(100גרם)-ש,חקלאי,IL,רוקולה שדות בעמק,Unknown,0.00,Unknown,false,1,11.90,0.0000,true,1,522459
7290017487434,false,לוף בשקית יחידה-שדות,חקלאי,IL,לוף בשקית שדות בעמק,Unknown,0.00,Unknown,false,1,9.90,0.0000,true,1,522438
7290017487441,false,בצל ירוק בשקית יחידה,חקלאי,IL,בצל ירוק בשקית שדות בעמק,Unknown,0.00,Unknown,false,1,5.90,0.0000,true,1,522439
7290017487458,false,פזיל/מנגולד בשקית שד,חקלאי,IL,פזיל/מנגולד בשקית שדות בעמק,Unknown,0.00,Unknown,false,1,5.90,0.0000,true,1,522440
7290017487465,false,חסה עגולה בשקית יחיד,חקלאי,IL,חסה עגולה,Unknown,0.00,Unknown,false,1,5.90,0.0000,true,1,525242
7290017487472,false,חסה סלנובה שדות בעמק,חקלאי,IL,חסה סלנובה שדות בעמק,Unknown,0.00,Unknown,false,1,14.90,0.0000,true,1,522450
7290017487489,false,תרד ניו-זילנדי בנספק,חקלאי,IL,תרד ניו זילנדי נספק שדות בעמק,Unknown,0.00,Unknown,false,1,13.90,0.0000,true,1,522456
7290017487502,false,סלרי חתוך שדות בעמק,ביכורי שדה דרום,IL,סלרי חתוך שדות בעמק,Unknown,0.00,Unknown,false,1,6.90,0.0000,true,1,522433
7290017487519,false,חסה ערבית בשקית שדות,חקלאי,IL,חסה ערבית בשקית שדות בעמק,Unknown,0.00,Unknown,false,1,5.90,0.0000,true,1,526514
7290017487526,false,עלי חסה רומית בנספק,חקלאי,IL,עלי חסה רומית בנספק שדות בעמק,Unknown,0.00,Unknown,false,1,11.90,0.0000,true,1,522443
7290017487533,false,שורש פטרוזיליה שדות,ביכורי שדה דרום,IL,שורש פטרוזיליה שדות בעמק,Unknown,0.00,Unknown,false,1,5.90,0.0000,true,1,522463
7290017487557,false,בזיליקום בנספק שדות,חקלאי,IL,בזיליקום בנספק שדות בעמק,Unknown,0.00,Unknown,false,1,5.90,0.0000,true,1,522473
7290017487571,false,לבבות קיסר בנספק שדו,חקלאי,IL,לבבות קיסר בנספק שדות בעמק,Unknown,0.00,Unknown,false,1,11.90,0.0000,true,1,522442
7290017487588,false,חסה לבבות בשקית שדות,חקלאי,IL,חסה לבבות בשקית שדות בעמק,Unknown,0.00,Unknown,false,1,11.90,0.0000,true,1,522441
7290017487595,false,נענע בשקית שדות בעמק,חקלאי,IL,נענע בשקית שדות בעמק,Unknown,0.00,Unknown,false,1,3.90,0.0000,true,1,522444
7290017487601,false,פטרוזיליה בשקית שדות,חקלאי,IL,פטרוזיליה בשקית שדות בעמק,Unknown,0.00,Unknown,false,1,3.90,0.0000,true,1,522446
7290017487618,false,כוסברה בשקית שדות בע,חקלאי,IL,כוסברה בשקית שדות בעמק,Unknown,0.00,Unknown,false,1,3.90,0.0000,true,1,522447
7290017487625,false,שמיר בשקית שדות בעמק,חקלאי,IL,שמיר בשקית שדות בעמק,Unknown,0.00,Unknown,false,1,3.90,0.0000,true,1,522445
7290017487632,false,חסה חמאה שדות בעמק,ביכורי שדה דרום,IL,חסה חמאה שדות בעמק,Unknown,0.00,Unknown,false,1,14.90,0.0000,true,1,522452
7290017487755,false,חמציץ שדות בעמק,,,חמציץ שדות בעמק,Unknown,0.00,Unknown,false,1,11.90,0.0000,true,1,522454
7290017487823,false,סלרי עלים בשקית שדות,חקלאי,IL,סלרי עלים בשקית שדות בעמק,Unknown,0.00,Unknown,false,1,5.90,0.0000,true,1,522436
7290017487830,false,סלרי ראש בשקית יחידה,חקלאי,IL,סלרי ראש בשקית שדות בעמק,Unknown,0.00,Unknown,false,1,5.90,0.0000,true,1,522437
7290017487892,false,צנונית שדות בעמק,חקלאי,IL,צנונית שדות בעמק,Unknown,0.00,Unknown,false,1,5.90,0.0000,true,1,522434
7290017510552,false,נוזל לניקוי כלים בני,,,"אסותא נוזל כלים 750 מ""ל לימון",מיליליטרים,750.00,"100 מ""ל",false,1,7.90,1.0533,true,1,505124
7290017510569,false,נוזל לניקוי כלים בני,,,"אסותא נוזל כלים 750 מ""ל תפוח",מיליליטרים,750.00,"100 מ""ל",false,1,7.90,1.0533,true,1,505125
7290017510576,false,נוזל ניקוי כלים בניח,,,"אסותא נוזל כלים 750 מ""ל רימונים",מיליליטרים,750.00,"100 מ""ל",false,1,7.90,1.0533,true,1,505126
7290017513409,false,תה ירוק סופר פיורפל 25 שקיקים,HIQ FOOD PRODUCTS,IL,תה ירוק SUPER PURPLE,גרמים,87.00,100 גרם,false,8,24.90,28.6207,true,1,506896
7290017513485,false,מחית עגבניות רוסטיקה בלה איטליה 680 ג',היצרן: ס.פ. פודנצנו,IT,מחית עגבניות רוסטיקה 680 גר,גרמים,680.00,100 גרם,false,12,11.90,1.7500,true,1,509132
7290017513775,false,פליפז בייגלה מצופה שוקולד חלב 140 גרם,שוורצקוף& הנקל דיסלד,TR,חטיף בייגלה פליפס מצופה שוקולד חלב 140 ג,גרמים,140.00,100 גרם,false,1,9.90,7.0714,true,1,509439
7290017513782,false,פליפז בייגלה מצופה שוקולד מריר 140 גרם,שוורצקוף& הנקל דיסלד,TR,חטיף בייגלה פליפס מצופה שוקולד מריר 140,גרמים,140.00,100 גרם,false,1,9.90,7.0714,true,1,509440
7290017513867,false,תה ירוק לימונית לואיזה 25 שקיקים בתוספת ויטמין Cּּ+D,ויסוצקי,IL,תה ירוק לימונית לואיזה בתוספת ויטמינים,Unknown,0.00,Unknown,false,8,24.90,0.0000,true,1,513471
7290017516295,false,חטיף פרוטאין חלבון שוקולד ואגוז לוז,פנגיאה,,חטיף פנגיאה פרוטאין אגוז לוז שוקולד,גרמים,50.00,100 גרם,false,1,9.90,19.8000,true,1,511697
7290017516318,false,חטיף פרוטאין בטעם שוקולד,פנגיאה,,חטיף פנגיאה פרוטאין שוקולד,גרמים,50.00,100 גרם,false,1,9.90,19.8000,true,1,511698
7290017516332,false,חטיף פרוטאין עם חמאת בוטנים,פנגיאה,,חטיף פנגיאה פרוטאין חמאת בוטנים,גרמים,50.00,100 גרם,false,1,9.90,19.8000,true,1,511699
7290017516424,false,שוקלד + פנגיאה שוקולד קוקוס ואגוזי לוז 300 גרם,ש.ר רגע בטבע,IL,חטיפי שוקולד פנגיאה קוקוס ואגוזי לוז 300,גרמים,300.00,100 גרם,false,1,29.90,9.9667,true,1,515317
7290017516431,false,שוקלד + פנגיאה שוקולד קוקוס שקדים וקפה 300 גרם,ש.ר רגע בטבע,IL,חטיפי שוקולד פנגיאה קוקוס שקדים וקפה 300,גרמים,300.00,100 גרם,false,1,29.90,9.9667,true,1,515319
7290017516448,false,שוקלד פנגיאה שוקולד קוקוס תמריםשקדים וחרוב 300 גרם,פנגיאה,,חטיפי שוקולד פנגיאה קוקוס תמרים שקדים חר,גרמים,300.00,100 גרם,false,1,29.90,9.9667,true,1,515318
7290017516479,false,חטיף פרוטאין בטעם וניל וקפה,פנגיאה,,חטיף פנגיאה פרוטאין וניל קפה 50 גר,גרמים,50.00,100 גרם,false,1,9.90,19.8000,true,1,514235
7290017516486,false,חטיף פרוטאין בטעם טרופי,פנגיאה,,חטיף פנגיאה פרוטאין חמאת בוטנים,גרמים,50.00,100 גרם,false,1,9.90,19.8000,true,1,514234
7290017516509,false,חטיף פרוטאין בטעם קרמל מלוח,פנגיאה,,חטיף פנגיאה פרוטאין קרמל מלוח 50 גר,גרמים,50.00,100 גרם,false,12,9.90,19.8000,true,1,515658
7290017589565,false,"יין קלאסיק גוורצטרמינר 750 מ""ל.",יקבי ברקן שיווק והפצ,IL,יין קלאסיק גוורץ 750 מל,מיליליטרים,750.00,"100 מ""ל",false,12,32.90,4.3867,true,1,504499
7290017589633,false,יין רזרב קברנה סוביניון Gold Edition,יקבי ברקן Barkan,IL,יין ברקן רזרב קברנה סוביניון גולד,מיליליטרים,750.00,"100 מ""ל",false,12,52.90,7.0533,true,1,504498
7290017599229,false,ממתיק סוכרלוז 200 טבליות סוכרזית,"סוכרזית בע""מ",IL,סוכרלוז 200 טבליות,Unknown,0.00,Unknown,false,15,23.90,0.0000,true,1,521272
7290017599250,false,סוכרזית קלאסי 120 שקיות,ביסקול בע''מ,IL,סוכרזית קלאסי 120 גר,גרמים,120.00,100 גרם,false,1,17.90,14.9167,true,1,525894
7290017599267,false,סוכרלוז 120 שקיות ממתיק שולחני,סוכרזית Sucrazit,IL,סוכרזית סוכרלוז 120 גר,גרמים,120.00,100 גרם,false,1,25.90,21.5833,true,1,525895
7290017599274,false,סוכרזית סטיוויה 120 שקיות,ביסקול בע''מ,IL,סוכרזית סטיביה 120 גר,גרמים,120.00,100 גרם,false,1,36.90,30.7500,true,1,525896
7290017617046,false,נתחי טונה בשמן זית כתית מעולה רביעיה * 140 ג',דרדנל,TR,טונה סטארקיסט בשמן זית 140 גר,גרמים,560.00,100 גרם,false,1,25.90,4.6250,true,1,509671
7290017617411,false,מיקס סלמון עם אורז מלא וירקות 160 ג' סטארקיסט,סטארקיסט Starkist,PL,מיקס סלמון עם אורז וירק סטארקיסט 160 גר,גרמים,160.00,100 גרם,false,1,14.90,9.3125,true,1,524386
7290017617435,false,מיקס סלמון עם עדשים קינואה וירק 160 ג' סטארקיסט,סטארקיסט Starkist,PL,מיקס סלמון עם עדשים וירק סטארקיסט 160 גר,גרמים,160.00,100 גרם,false,1,14.90,9.3125,true,1,524385
7290017628073,false,ביצים XL חופש 20 יח,גליקסמן שיווק ביצים,IL,ביצים XL חופש 20 יח,Unknown,0.00,Unknown,false,1,32.90,0.0000,true,1,502078
7290017631301,true,נקניק דוקטורסקיה מעו,,,נקניק דוקטורסקיה מעושן 400 גר,גרמים,400.00,100 גרם,false,1,19.90,4.9750,true,1,528332
7290017631325,true,נקניק מולוצניה קרמל,,,נקניק מולוצניה קרמל 400 גר,גרמים,400.00,100 גרם,false,1,19.90,4.9750,true,1,528333
7290017631905,false,מעדן בקר עם כבש 400,,,מעדן בשר עם כבש 400 גר,גרמים,400.00,100 גרם,false,1,20.90,5.2250,true,1,503112
7290017637426,false,שמפו למניעת קשקשים M,מיקי בוגנים,,שמפו למניעת קשקשים 500 מל,מיליליטרים,500.00,"100 מ""ל",false,1,24.90,4.9800,true,1,524755
7290017637556,false,שמפו לקרקפת שומנית M,מיקי בוגנים,,שמפו קרקפת שומנית 500 מל,מיליליטרים,500.00,"100 מ""ל",false,1,24.90,4.9800,true,1,524756
7290017637570,false,מרכך לתלתלים מושלמים,מיקי בוגנים,,מרכך לתלתלים מושלמים 500 מל,מיליליטרים,500.00,"100 מ""ל",false,1,24.90,4.9800,true,1,524758
7290017637600,false,מרכך יומיומי זכרונות,מיקי בוגנים,,מרכך יומיומי זכרונות מתוקים 500 מל,מיליליטרים,500.00,"100 מ""ל",false,1,24.90,4.9800,true,1,524760
7290017637624,false,שמפו יומיומי יסמין ק,מיקי בוגנים,,שמפו יומיומי יסמין קסום 500 מל,מיליליטרים,500.00,"100 מ""ל",false,1,24.90,4.9800,true,1,524761
7290017637631,false,מרכך יומיומי יסמין ק,מיקי בוגנים,,מרכך יומיומי יסמין קסום 500 מל,מיליליטרים,500.00,"100 מ""ל",false,1,24.90,4.9800,true,1,524762
7290017641102,false,שוקולד פרימיום 70% ללא סוכר בטעם תפוז 100 גרם,כרמית תעשיות ממתקים,IL,שוקולד מריר אגו פרמיום תפוז 70% ללא סוכ,גרמים,100.00,100 גרם,false,24,8.90,8.9000,true,1,503310
7290017641188,false,קרקר עם שיפון מלא וס,דנוויטה ג'יי. אס. סי,LT,קרקר עם שיפון מלא וסלק 130 גר,גרמים,130.00,100 גרם,false,20,6.90,5.3077,true,1,504875
7290017647166,false,יין גמלא פינו נואר 7,יקב רמת הגולן,,"יין גמלא פינו נואר 750 מ""ל",מיליליטרים,750.00,"100 מ""ל",false,1,59.90,7.9867,true,1,507988
7290017647425,false,יין גמלא קברנה סוביניון 2018 750 מל,יקב רמת הגולן,IL,יין גמלא קברנה סוביניון 2018,מיליליטרים,750.00,"100 מ""ל",false,1,64.90,8.6533,true,1,513195
7290017647722,false,גמלא בלאנקו לבן יבש 750מל,יקב רמת הגולן,IL,יין גמלא בלאנקו 750 מל,מיליליטרים,750.00,"100 מ""ל",false,1,59.90,7.9867,true,1,525631
7290017647760,false,יין ירדן סירה 750 מ,יקב רמת הגולן,IL,יין ירדן סירה 2019 750 מל,מיליליטרים,750.00,"100 מ""ל",false,1,89.90,11.9867,true,1,526360
7290017675015,false,טחינה היונה 450 גרם,היוצר,IL,טחינה היונה 450 גר,גרמים,450.00,100 גרם,false,24,12.90,2.8667,true,1,514233
7290017677811,false,"רוטב סויה קיקומן ללא חומרים משמרים 296 מ""ל",קיקומן פודז אינק,NL,"רוטב סויה קיקומן 296 מ""ל",מיליליטרים,296.00,"100 מ""ל",false,1,12.90,4.3581,true,1,506820
7290017696393,false,בורגר פטריות מן הצומ,מרינה פטריות,IL,בורגר פטריות מן הצומח מרינה 520 גר,גרמים,520.00,100 גרם,false,1,31.90,6.1346,true,1,513444
7290017712130,false,פרמיו פאוץ סלמון קיט,,,פרמיו פאוץ סלמון קיטן 85 גר,גרמים,85.00,100 גרם,false,1,3.90,4.5882,true,1,525161
7290017712161,false,פרמיו פאוץ סלמון בגל,,,פרמיו פאוץ סלמון בגלי 85 גר,גרמים,85.00,100 גרם,false,1,3.90,4.5882,true,1,525159
7290017712239,false,פרמיו פטה עוף לכלב 150ג',פרמיו Premio,DE,פרמיו פטה עוף לכלב 150 גר,גרמים,150.00,100 גרם,false,1,3.90,2.6000,true,1,525176
7290017712260,false,פרמיו פטה סלמון לכלב 150ג',פרמיו Premio,DE,פרמיו פטה סלמון לכלב 150 גר,גרמים,150.00,100 גרם,false,1,3.90,2.6000,true,1,525177
7290017712277,false,פרמיו פטה כבש לכלב 150ג',פרמיו Premio,DE,פרמיו פטה כבש לכלב 150 גר,גרמים,150.00,100 גרם,false,1,3.90,2.6000,true,1,525175
7290017712949,false,פרמיו כריות סטרילייז לחתול,פרמיו Premio,,פרמיו כריות סטרילייז 60 גר,גרמים,60.00,100 גרם,false,1,9.90,16.5000,true,1,526682
7290017715285,false,רסק תפוח עץ עם דובדב,Cherry growers inc,,רביעיית רסק תפוח עץ עם דובדבן 113 גרם,גרמים,452.00,100 גרם,false,1,12.90,2.8540,true,1,507142
7290017715315,false,זית צלוי על הגריל 74,,,זית צלוי על הגריל 740 גר,גרמים,740.00,100 גרם,false,1,19.90,2.6892,true,1,507139
7290017715353,false,זית שחור טאטוס 700 ג,,,זית שחור טאטוס 700 גר,גרמים,700.00,100 גרם,false,1,19.90,2.8429,true,1,507140
7290017715681,false,זית מושחר חרוזית 560 ג' תומר,עדן,IL,זית מושחר חרוזית 560 גר,גרמים,560.00,100 גרם,false,12,8.90,1.5893,true,1,515400
7290017715711,false,זית מנזלינו בינוני 5,,,זית מנזלינו בינוני 560 גר,גרמים,560.00,100 גרם,false,12,6.90,1.2321,true,1,515395
7290017715735,false,זית סורי מבוקע תומר,עדן,IL,זית סורי מבוקע 560 גר,גרמים,560.00,100 גרם,false,12,8.90,1.5893,true,1,515398
7290017715803,false,זית שחור מרינט חתוך,עדן,IL,זית שחור מרינט חתוך 560 גר,גרמים,560.00,100 גרם,false,12,8.90,1.5893,true,1,515401
7290017715889,false,גרנולה עם אגוזים 600,,,גרנולה עם אגוזים 600 גר,גרמים,600.00,100 גרם,false,1,19.90,3.3167,true,1,513096
7290017715964,false,מחית תפוח עץ דיאט עם אפרסק 4*113 ג' תומר,Cherry growers inc,,רביעיית רסק תפוח עץ+אפרסק דיאט,גרמים,452.00,100 גרם,false,12,12.90,2.8540,true,1,514685
7290017744162,false,שפרוטים מעושנים ברוט,,,שפרוטים מעושנים ברוטב עגבניות 250 גר,גרמים,250.00,100 גרם,false,12,12.90,5.1600,true,1,511186
7290017812571,false,מיץ ענבים אדום 100% טבעי 1 ליטר,יקבי כרמל Carmel Winery,IL,מיץ ענבים אדום 100% 1 ליטר,ליטרים,1.00,ליטר,false,1,22.90,22.9000,true,1,510426
7290017812588,false,מיץ ענבים לבן 100% טבעי 1 ליטר,יקבי כרמל Carmel Winery,IL,מיץ ענבים לבן 100% 1 ליטר,ליטרים,1.00,ליטר,false,1,22.90,22.9000,true,1,510427
7290017812830,false,"יין רוזה פרייבט קולקשיין 750 מ""ל","כד בני דרום בע""מ",IL,יין פרייבט קולקשן רוזה יבש 750 מל,מיליליטרים,750.00,"100 מ""ל",false,12,39.90,5.3200,true,1,516167
7290017812847,false,יין סלקטד פרנץ גוורצטרמינר 750 מל,"כד בני דרום בע""מ",IL,יין סלקטד פרנץ גוורצטרמינר 750 מל,מיליליטרים,750.00,"100 מ""ל",false,12,29.90,3.9867,true,1,516168
7290017812885,false,יין קברנה סוביניון בלאן גוורצטרמינר,אגודת הכורמים א.ת אל,IL,יין סובניון בלאן גוורצטרמינר 750 מל,מיליליטרים,750.00,"100 מ""ל",false,12,39.90,5.3200,true,1,517510
7290017870700,false,צלחת 7 מרובעת מתכלה מעץ דקל 10 יח',HINDUSTAN ARECA PROD,IN,"צלחת 7"" מרובעת מתכלה מעץ דקל 10 יח",Unknown,0.00,Unknown,false,1,13.90,0.0000,true,1,523387
7290017870724,false,צלחת 10 מרובעת מתכלה מעץ דקל 10 יח',HINDUSTAN ARECA PROD,IN,"צלחת 10"" מרובעת מתכלה מעץ דקל 10 יח",Unknown,0.00,Unknown,false,1,15.90,0.0000,true,1,523389
7290017870762,false,מגש מלבני מתכלה מעץ דקל 10 יח',HINDUSTAN ARECA PROD,IN,מגש מלבני מתכלה מעץ דקל 10 יח,Unknown,0.00,Unknown,false,1,14.90,0.0000,true,1,523390
7290017871363,false,"סבון ידיים מועשר בשמן מקדמיה פמלי 500 מ""ל יהלום",המאפיה של הרמן,TR,"סבון ידיים פמלי יהלום מעושר בשמן 500 מ""ל",מיליליטרים,500.00,"100 מ""ל",false,1,9.90,1.9800,true,1,510296
7290017871370,false,"סבון ידיים מועשר בשמן אבוקדו פמלי 500 מ""ל יהלום",המאפיה של הרמן,TR,סבון ידיים פמלי יהלום מעושר בשמן אבוקדו,מיליליטרים,500.00,"100 מ""ל",false,1,9.90,1.9800,true,1,510297
7290017871424,false,טוסו חטיף תמרים ובוט,,,חטיף טוסו תמרים בוטנים ללא סוכר וגלוטן,גרמים,140.00,100 גרם,false,1,16.90,12.0714,true,1,508416
7290017871974,false,גלי טוסו בטעם תות שד,קריות זול,IL,גלי טוסו בטעם תות שדה 25 גר,גרמים,25.00,100 גרם,false,24,9.90,39.6000,true,1,515415
7290017872049,false,"פמלי אל סבון בניחוח לוונדר ארומטי- שלישייה 500 מ""ל",אברנסל קוסמטיקס,TR,אל סבון פמלי בניחוח לבנדר ארומטי שלישיה,ליטרים,1.50,ליטר,false,1,14.90,9.9333,true,1,515412
7290017872056,false,"פמלי אל סבון סדרה לבנה- שלישייה 500 מ""ל",אברנסל קוסמטיקס,TR,אל סבון פמילי סדרה לבנה שלישייה,מיליליטרים,500.00,"100 מ""ל",false,1,14.90,2.9800,true,1,515413
7290017872063,false,"פמלי אל סבון ארומתרפי- שלישייה 500 מ""ל",אברנסל קוסמטיקס,TR,פמלי אל סבון ארומתרפי שלישייה,ליטרים,1.50,ליטר,false,1,14.90,9.9333,true,1,515414
7290017872162,false,טוסו עוגיות אגוזי לוז 200 ג',היינץ צפון אמריקה מק,IL,טוסו עוגיות אגוזי לוז 200 גר,גרמים,200.00,100 גרם,false,1,15.90,7.9500,true,1,513169
7290017872193,false,עוגיות שקדים וקינמון ללא תוספת סוכר,היינץ צפון אמריקה מק,IL,טוסו עוגיות שקדים וקינמון 200 גר,גרמים,200.00,100 גרם,false,1,15.90,7.9500,true,1,513170
7290017872667,false,פמלי יהלום סבון ידיי,המאפיה של הרמן,TR,סבון ידיים פמלי יהלום עם בשמן קמומיל 500,מיליליטרים,500.00,"100 מ""ל",false,12,9.90,1.9800,true,1,515410
7290017873169,false,"סבון ידיים מועשר בשמן זית 500 מ""ל יהלום",,TR,סבון ידיים פמלי יהלום שמן זית 500 מל,מיליליטרים,500.00,"100 מ""ל",false,12,9.90,1.9800,true,1,523676
7290017873176,false,"סבון ידיים מועשר בשמן אבוקדו 500 מ""ל יהלום",,TR,סבון ידיים פמלי יהלום שמן אבוקדו 500 מל,מיליליטרים,500.00,"100 מ""ל",false,12,9.90,1.9800,true,1,523675
7290017873183,false,"סבון ידיים בניחות אשכולית אדומה 500 מ""ל יהלום",,TR,סבון ידיים פמלי יהלום אשכולית אדומה 500,מיליליטרים,500.00,"100 מ""ל",false,12,9.90,1.9800,true,1,523674
7290017888019,false,"משקה תפוח רימון סלק גינגיר פרות &ווג 350 מ""ל",פרוט אנד וג' Fruit & Veg,IL,"משקה פרויט & וג תפוח רימון וסלק 350 מ""ל",מיליליטרים,350.00,"100 מ""ל",false,1,6.90,1.9714,true,1,505672
7290017888026,false,"משקה אננס תפוח גזר פרות & ווג 350 מ""ל",פרוט אנד וג' Fruit & Veg,IL,"משקה פרויט & וג אננס תפוח וגזר 350 מ""ל",מיליליטרים,350.00,"100 מ""ל",false,1,6.90,1.9714,true,1,505673
7290017888033,false,"משקה בננה מלון נענע פרות &ווג 350 מ""ל",פרוט אנד וג' Fruit & Veg,IL,"משקה פרויט & וג בננה מלון ונענע 350 מ""ל",מיליליטרים,350.00,"100 מ""ל",false,1,6.90,1.9714,true,1,505674
7290017888071,false,"שוופס מוגז עדין פירות יער 330 מ""ל",,,משקה מוגז שוופס פירות יער פח סליק 330 מל,מיליליטרים,330.00,"100 מ""ל",false,1,4.90,1.4848,true,1,506558
7290017888095,false,"רביעיית פחיות שוופס מוגז עדין פירות יער 330 מ""ל.",יפאורה תבורי,IL,רביעיית פחיות שוופס מוגז עדין פירות יער,מיליליטרים,1320.00,"100 מ""ל",false,1,14.90,1.1288,true,1,505903
7290017888101,false,"שוויפס מוגז עדין אפרסק מארז רביעייה* 330 מ""ל",יפאורה תבורי,IL,רביעיית פחיות שוופס מוגז עדין אפרסק 330,מיליליטרים,1320.00,"100 מ""ל",false,1,14.90,1.1288,true,1,505902
7290017888347,false,מים מינרליים בקבוק ס,"מי עדן בע""מ",,"מים מי עדן 500 מ""ל",מיליליטרים,500.00,"100 מ""ל",false,1,3.90,0.7800,true,1,506470
7290017888354,false,מים מינרליים בקבוק ס,"מי עדן בע""מ",,"מי עדן ספורט 750 מ""ל",מיליליטרים,750.00,"100 מ""ל",false,1,3.90,0.5200,true,1,506350
7290017888361,false,מי עדן בייבי 250 מל,"מי עדן בע""מ",,מי עדן בייבי 250 מל,מיליליטרים,250.00,"100 מ""ל",false,1,2.90,1.1600,true,1,513475
7290017888644,false,"משקה אננס בננה כורכום פרות & ווג 350 מ""ל",פרוט אנד וג' Fruit & Veg,IL,"משקה פרויט & וג אננס בננה כורכום 350 מ""ל",מיליליטרים,350.00,"100 מ""ל",false,1,6.90,1.9714,true,1,511265
7290017888729,false,שוופס סודה בקבוק 1 ל',"יפאורה תבורי בע""מ",IL,סודה שוופס בק 1 ל,ליטרים,1.00,ליטר,false,1,4.90,4.9000,true,1,512147
7290017888972,false,מי עדן 1 ליטר פקק ספורט בודד,מופק ממקור בזלתי עדן,IL,מים מינרליים מי עדן 1 ל,ליטרים,1.00,ליטר,false,1,3.90,3.9000,true,1,512359
7290017907208,false,תערובת קמח רב תכליתי לנמנעים מגלוטן,מנדלז סי.אר. פרודקשן,IL,קמח תמי רב תכילתי ללא גלוטן 500 גר,גרמים,500.00,100 גרם,false,1,18.90,3.7800,true,1,517350
7290017907222,false,תערובת קמח תופח לנמנעים מגלוטן,פוראטוס ישראל,IL,קמח תמי תופח ללא גלוטן 500 גר,גרמים,500.00,100 גרם,false,1,18.90,3.7800,true,1,517351
7290017913100,false,אסותא נוזל רצפות ירו,,,אסותא נוזל רצפות ירוק 4 ל,ליטרים,4.00,ליטר,false,1,14.90,3.7250,true,1,505133
7290017913117,false,אסותא נוזל רצפות צהו,,,אסותא נוזל רצפות צהוב 4 ל,ליטרים,4.00,ליטר,false,1,14.90,3.7250,true,1,505134
7290017913124,false,אסותא אבקת כביסה 8 ק,,,"אסותא אבקת כביסה 8 ק""ג",קילוגרמים,8.00,"ק""ג",false,1,44.90,5.6125,true,1,505122
7290017913148,false,אסותא מרכך כביסה סגו,,,אסותא מרכך כביסה 4 ל סגול,ליטרים,4.00,ליטר,false,1,15.90,3.9750,true,1,505128
7290017913155,false,אסותא מרכך כביסה לבן,,,אסותא מרכך כביסה 4 ל לבן,ליטרים,4.00,ליטר,false,1,15.90,3.9750,true,1,505129
7290017913162,false,אסותא מרכך כביסה כחו,,,אסותא מרכך כביסה 4 ל כחול,ליטרים,4.00,ליטר,false,1,15.90,3.9750,true,1,505130
7290017913179,false,אסותא מרכך כביסה ורו,,,אסותא מרכך כביסה 4 ל ורוד,ליטרים,4.00,ליטר,false,1,15.90,3.9750,true,1,505131
7290017913230,false,גל כביסה אסותא כחול,,,גל כביסה אסותא כחול 3 ל,ליטרים,3.00,ליטר,false,16,24.90,8.3000,true,1,505924
7290017913513,false,סבון מוצק שחור אסותא,,,סבון מוצק שחור אסותא 4 יח,Unknown,0.00,Unknown,false,1,11.90,0.0000,true,1,519799
7290017913728,false,קפסולות מרוכזות לכבי,,,קפסולות מרוכזות לכביסה אסותא,Unknown,0.00,Unknown,false,1,26.90,0.0000,true,1,519800
7290017925318,false,בירה בלו מון בק 330,,,"בירה בלו מון בק 330 מ""ל רביעייה",מיליליטרים,1320.00,"100 מ""ל",false,1,39.90,3.0227,true,1,510613
7290017928043,false,מאיר בייגל גריסיני קראנץ' מלח 175 ג',מאיר בייגל,,בייגל מאיר גריסיני קראנץ מלח 175 גר,גרמים,175.00,100 גרם,false,1,11.90,6.8000,true,1,509987
7290017928210,false,מאיר בייגל בייגלה גדול שומשום 300 גר',מאיר בייגל,,בייגל מאיר גדול שומשום 250 גר,גרמים,250.00,100 גרם,false,1,11.90,4.7600,true,1,509980
7290017928432,false,מאיר בייגל גריסיני קראנץ פרג 175 גר',מאיר בייגל,,בייגל מאיר גריסיני קראנץ פרג 175 גר,גרמים,175.00,100 גרם,false,1,11.90,6.8000,true,1,509988
7290017928449,false,בייגלה שטוחל'ה PRO עם מלח עשיר בחלבון,מאיר בייגל,,בייגל מאיר שטוחלה פרו מלח 170 גר,גרמים,170.00,100 גרם,false,1,11.90,7.0000,true,1,509973
7290017928463,false,סמאש- שבורים בטעם דבש חרדל ובצל 300גרם,מאיר בייגל,,בייגלה סמאש שבורים בטעם דבש חרדל ובצל,גרמים,300.00,100 גרם,false,12,13.90,4.6333,true,1,516615
7290017928609,false,בייגלה טבעות עם שומשום 300גרם- .חדש,מאיר בייגל,,בייגל מאיר טבעות שומשום 300 גר,גרמים,300.00,100 גרם,false,1,11.90,3.9667,true,1,509978
7290017928616,false,מאיר בייגל שטוחהלה שומשום 300 גר',מאיר בייגל,,בייגל מאיר שטוחלה שומשום 300 גר,גרמים,300.00,100 גרם,false,1,11.90,3.9667,true,1,509982
7290017928661,false,סמאש שבורים בטעם צ'דר ובצל 300 גרם,מאיר בייגל,,בייגלה סמאש שבורים בטעם צדר 300 גר,גרמים,300.00,100 גרם,false,12,13.90,4.6333,true,1,516616
7290017928685,false,בייגלה שמיניות עם מלח 400גרם -חדש,מאיר בייגל,IL,בייגל מאיר שמיניות מלח 400 גר,גרמים,400.00,100 גרם,false,1,11.90,2.9750,true,1,520298
7290017928746,false,פירורי בייגלה 200 ג' מאיר בייגל,,IL,פירורי בייגלה מאיר בייגל 200 גר,גרמים,200.00,100 גרם,false,16,6.90,3.4500,true,1,452174
7290017973210,false,משקה ציה ללא סוכר בט,,,משקה ציה ללא סוכר בטעם מנגו 290 מל,מיליליטרים,290.00,"100 מ""ל",false,1,6.90,2.3793,true,1,525428
7290017973227,false,משקה ציה ללא סוכר בט,,,משקה ציה ללא סוכר בטעם אננס 290 מל,מיליליטרים,290.00,"100 מ""ל",false,1,6.90,2.3793,true,1,525431
7290017973418,false,פילה הרינג ברוטב עגב,,,פילה הרינג ברוטב עגבניות ריגה סטאר 200,גרמים,200.00,100 גרם,false,24,6.90,3.4500,true,1,514734
7290017973425,false,פילה הרינג אטלנטי בש,,,פילה הרינג אטלנטי בשמן ריגה סטאר 200 ג,גרמים,200.00,100 גרם,false,24,6.90,3.4500,true,1,514733
7290017973937,false,מיץ פטל ללא תוספת סו,,,מיץ פטל ללא תוספת סוכר 1 ל,ליטרים,1.00,ליטר,false,1,21.90,21.9000,true,1,525444
7290017973975,false,רצועות קלמר מיובש ומ,,,רצועות קלמר מיובש ומומלח עם פלפל צילי 90,גרמים,90.00,100 גרם,false,1,13.90,15.4444,true,1,520205
7290017973982,false,פרוסות דג שיבוט אלבי,,,פרוסות דג שיבוט אלבין מיובש עם צילי 100,גרמים,100.00,100 גרם,false,1,13.90,13.9000,true,1,520207
7290017973999,false,פרוסות דג שיבוט אלבי,,,פרוסות דג שיבוט אלבין מיובש ומומלח 100,גרמים,100.00,100 גרם,false,1,13.90,13.9000,true,1,520206
7290017974514,false,בלינצס בשר 400 גר,,,בלינצס בשר 400 גר,גרמים,400.00,100 גרם,false,1,22.90,5.7250,true,1,514039
7290018045893,false,דגנים במילוי קרם נוגט 480ג' BON & BON,,DE,דגנים במילוי קרם נוגט בון אנד בון מאנד,גרמים,480.00,100 גרם,false,1,23.90,4.9792,true,1,524414
7290018071199,false,"שקיות ריצ'רץ ענק להקפאה 26*28 ס""מ 15 יח'",,,שקיות ריצרץ ענק להקפאה 15 יח,Unknown,0.00,Unknown,false,1,18.90,0.0000,true,1,516929
7290018071205,false,כפפות ניטרו כחולות אלסטיות S 100יח',איזיטאצ,CN,S כפפות ניטרו כחולות ללא אבקה 100 יח,Unknown,0.00,Unknown,false,1,19.90,0.0000,true,1,517961
7290018071229,false,כפפות ניטרו כחולות אלסטיות L ללא אבקה 100יח',איזיטאצ,CN,L כפפות ניטרו כחולות ללא אבקה 100 יח,Unknown,0.00,Unknown,false,1,19.90,0.0000,true,1,517963
7290018071236,false,כפפות ניטרו כחולות אלסטיות XL ללא אבקה 100יח',איזיטאצ,CN,XL כפפות ניטרו כחולות ללא אבקה 100 יח,Unknown,0.00,Unknown,false,1,19.90,0.0000,true,1,517964
7290018071311,false,כיסוי ניילון עם גומי ניצמד 30 יח',אשפלסט,,כיסוי ניילון עם גומי נצמד 30 יח,Unknown,0.00,Unknown,false,1,12.90,0.0000,true,1,518907
7290018071380,false,S כפפות שחורות ללא א,איזי טאצ',,S כפפות שחורות ללא אבקה 100 יח,Unknown,0.00,Unknown,false,10,22.90,0.0000,true,1,521129
7290018091029,false,מקלות פילו תפוחי אדמה מעדנות 450 ג',"מעדנות בע""מ",IL,מקלות פילו תפוח אדמה 450 גר,גרמים,450.00,100 גרם,false,1,18.90,4.2000,true,1,513581
7290018131053,false,קרחוני לימון אננס וולנס מאגדת 10 יח'*70 ג',גלידות נסטלה (נגה גל,IL,מאגדת קרחוני נסטלה לימון אננס 700 גר,גרמים,700.00,100 גרם,false,6,24.90,3.5571,true,1,510575
7290018131855,false,אקסטרים טילון בראוניז בדצ 6*72ג,גלידות נסטלה (נגה גל,IL,אקסטרים בראוניז 6 יח,גרמים,432.00,100 גרם,false,1,32.90,7.6157,true,1,517917
7290018131954,false,קרחון שרבט פרווה לה פרוטה תות שדה ושוקולד מריר,גלידות נסטלה Nestle,IL,מאגדת גלידה לה פרוטה תות שוקולד 5 יח,גרמים,350.00,100 גרם,false,8,29.90,8.5429,true,1,516750
7290018165010,false,"יין ברקן רזרב גולד גוורצטרמינר 750 מ""ל",יקבי ברקן שיווק והפצ,IL,"יין רזרב גולד גווצטרימנר 750 מ""ל",מיליליטרים,750.00,"100 מ""ל",false,12,52.90,7.0533,true,1,510563
7290018165027,false,יין רזרב ברקן גולד ר,יקבי ברקן שיווק והפצ,IL,"יין רזרב גולד רוזה 750 מ""ל",מיליליטרים,750.00,"100 מ""ל",false,12,52.90,7.0533,true,1,510564
7290018165447,false,"יין רזרב גולד מרלו 750 מ""ל",יקבי ברקן שיווק והפצ,IL,יין רזרב גולד מרלו כרם עין זיתים 750 מל,מיליליטרים,750.00,"100 מ""ל",false,12,52.90,7.0533,true,1,515722
7290018192658,false,מארז זוג פטריות פורטובלה ושמפיניון מרינה,"מרינה פטריות הגליל בע""מ",IL,צמד איטלקי,Unknown,0.00,Unknown,false,1,15.50,0.0000,true,1,514392
7290018219287,false,פירורי לחם עם שומשום,,,פירורי לחם עם שומשום 400 גר,גרמים,400.00,100 גרם,false,1,6.90,1.7250,true,1,511910
7290018219294,false,פירורי לחם בתיבול עד,,,פירורי לחם בתיבול עדין 400 גר,גרמים,400.00,100 גרם,false,1,6.90,1.7250,true,1,511911
7290018219362,false,תערובת תיבול מלח ורוזמרין במטחנה 100 ג' זארובי,,,תערובת תיבול מלח ורוזמרין במטחנה 100 גר,גרמים,100.00,100 גרם,false,1,9.90,9.9000,true,1,518742
7290018219386,false,תערובת מלח שום ופלפל שחור שלם במטחנה 90 ג' זארובי,,,תערובת תיבול מלח שום פלפל שחור שלם 100 ג,גרמים,100.00,100 גרם,false,1,9.90,9.9000,true,1,518741
7290018219393,false,תערובת תיבול מלח ופלפל שחור שלם 90 ג' זארובי,,,תערובת תיבול מלח ופלפל שחור שלם 100 גר,גרמים,100.00,100 גרם,false,1,9.90,9.9000,true,1,518740
7290018219584,false,ערמונים אורגניים קלויים קלופים 100 ג' זארובי,,,ערמונים אורגניים קלויים 100 גר,גרמים,100.00,100 גרם,false,1,5.90,5.9000,true,1,523705
7290018219607,false,גרעיני דלעת 200 גר,,,גרעיני דלעת 200 גר,גרמים,200.00,100 גרם,false,1,9.90,4.9500,true,1,511909
7290018219713,false,כוסמת 750 גר,,,כוסמת 750 גר,גרמים,750.00,100 גרם,false,1,10.90,1.4533,true,1,515685
7290018219812,false,פולי קפה אדסו 1 קג,,,פולי קפה אדסו 1 קג,קילוגרמים,1.00,"ק""ג",false,1,49.90,49.9000,true,1,518734
7290018219829,false,פולי קפה 1 קג,,,פולי קפה 1 קג,קילוגרמים,1.00,"ק""ג",false,1,49.90,49.9000,true,1,518735
7290018219966,false,אנטי פסטי 65 ג' זארובי,,,אנטי פסטי 65 גר,גרמים,65.00,100 גרם,false,1,9.90,15.2308,true,1,518743
7290018219973,false,טוסקנה 50 ג' זארובי,,,טוסקנה 50 גר,גרמים,50.00,100 גרם,false,1,9.90,19.8000,true,1,518744
7290018236635,false,צ'ונגו פופקורן מצופה עוף טוב 600 גר',מוצרי עוף טוב (2001),IL,שניצל עוף טוב צונגו פופקורן מצופה 600 גר,גרמים,600.00,100 גרם,false,1,36.90,6.1500,true,1,516083
7290018236659,false,צ'ונגו פופקורן ציפ מתובל 600 ג' עוף טוב,מולינו ניקולי s.p.a,IL,שניצל עוף טוב צונגו פופקורן צילי מתובל,גרמים,600.00,100 גרם,false,1,36.90,6.1500,true,1,516084
7290018249055,false,ממתיק מארז סוויטאנגו 100 יח',,,תחליף סוכר סביטאנגו 100 שק 300 גר,גרמים,300.00,100 גרם,false,1,32.90,10.9667,true,1,515974
7290018249123,false,אינסטנט פודינג סוויטאנגו בטעם וניל,מתבל תעשיות מזון,IL,סביטאנגו פודינג בטעם וניל 50 גר,גרמים,50.00,100 גרם,false,1,11.90,23.8000,true,1,515976
7290018249222,false,ממתיק סוויטנגו אבקה 100 ג',סוויטאנגו Sweetango,,תחליף סוכר סביטאנגו 100 גר,גרמים,100.00,100 גרם,false,1,14.90,14.9000,true,1,515975
7290018249802,false,ממתיק סוויטאנגו צנצנת 280 גרם,סוויטאנגו Sweetango,IL,תחליף סוכר סביטאנגו צנצנת 280 גר,גרמים,280.00,100 גרם,false,1,26.90,9.6071,true,1,515973
7290018254387,false,וופל בריסל קפוא 6 יח,,,וופל בריסל קפוא 6 יח 340 גר,גרמים,340.00,100 גרם,false,1,11.90,3.5000,true,1,524698
7290018254530,false,רביולי במילוי תרד וג,,,רביולי במילוי תרד וגבינה 400 גר,גרמים,400.00,100 גרם,false,1,23.90,5.9750,true,1,524694
7290018282151,false,אסותא סבון נוזלי 500,,,אסותא סבון נוזלי 500 מל משאבה ירוק שלישי,מיליליטרים,1500.00,"100 מ""ל",false,6,12.90,0.8600,true,1,519995
7290018282359,false,אסותא סבון נוזלי 500,,,אסותא סבון נוזלי 500 מל משאבה סגול שלישי,מיליליטרים,1500.00,"100 מ""ל",false,6,12.90,0.8600,true,1,519994
7290018282748,false,אסותא סבון נוזלי 500,,,אסותא סבון נוזלי 500 מל משאבה מעורב שליש,מיליליטרים,1500.00,"100 מ""ל",false,6,12.90,0.8600,true,1,520000
7290018282816,false,מגבונים אסותא להסרת,,,מגבונים אסותא להסרת איפור שלישייה,Unknown,0.00,Unknown,false,12,16.90,0.0000,true,1,521687
7290018294000,false,"יין קינג דויד רוזה 750 מ""ל",קריות זול,IL,יין קינג דויד רוזה 750 מל,מיליליטרים,750.00,"100 מ""ל",false,12,22.90,3.0533,true,1,517831
7290018294192,false,"יין בלנד היינן אדום יבש 750 מ""ל p.c",קריות זול,IL,יין בלנד היינן 750 מל,מיליליטרים,750.00,"100 מ""ל",false,1,39.90,5.3200,true,1,523201
7290018333952,false,חטיף אגוזים רפאלס וחמוציות בדצ 150 גר *12יח,רפאלס,IL,חטיף אגוזים רפאלס חמוציות 150 גר,גרמים,150.00,100 גרם,false,1,15.90,10.6000,true,1,520210
7290018333969,false,חטיף גרנולה רפאלס שקדים וטחינה בדצ 150 גר *12יח,רפאלס,IL,חטיף אגוזים רפאלס שקדים וטחינה 150 גר,גרמים,150.00,100 גרם,false,1,15.90,10.6000,true,1,520211
7290018333976,false,חטיף גרנולה רפאלס קשיו וקוקוס בדצ 150 גר *12יח,רפאלס,,חטיף אגוזים רפאלס קשיו וקוקוס 150 גר,גרמים,150.00,100 גרם,false,1,15.90,10.6000,true,1,520212
7290018351406,false,חזרזר קריזובניק 250,,,חזרזר קריזובניק 250 גר,גרמים,250.00,100 גרם,false,1,11.90,4.7600,true,1,520363
7290018359129,false,פולפה עגבניות חתוכות דק יכין 690 גר',זנלכל,IL,פולטה עגבניות חתוכות דק יכין 690 גר,גרמים,690.00,100 גרם,false,1,8.90,1.2899,true,1,515939
7290018359495,false,תירס מהשדה בלי תוספת סוכר יכין 550 גר',היינץ צפון אמריקה מק,IL,תירס מהשדה ללא סוכר יכין 550 גר,גרמים,550.00,100 גרם,false,1,8.90,1.6182,true,1,515937
7290018359716,false,רוטב פיצה טוסקנה יכין 240 גר',"זנלכל בע""מ",IL,רוטב פיצה טוסקנה 240 גר,מיליליטרים,240.00,"100 מ""ל",false,1,5.90,2.4583,true,1,526389
7290018359877,false,רסק עגבניות טבעי יכי,יכין,IL,רסק עגבניות טבעי 3*200 גר,גרמים,600.00,100 גרם,false,1,14.90,2.4833,true,1,524614
7290018359884,false,שימורי עגבניות פולפה,,,פולפה ליקופן טבעית 2*400 גר,גרמים,800.00,100 גרם,false,1,16.90,2.1125,true,1,524611
7290018359938,false,"רוטב עגבניות לשקשוקה יכין, 400 גרם",יכין,IL,רוטב עגבניות לשקשוקה יכין 400 גר,גרמים,400.00,100 גרם,false,1,11.90,2.9750,true,1,524998
7290018359945,false,חאריפה רוטב פיקנטי מפלפלים וירקות 400גר,יכין,IL,רוטב פיקנטי מפלפלים וירקות יכין 400 גר,גרמים,400.00,100 גרם,false,1,11.90,2.9750,true,1,525001
7290018359952,false,רוטב עגבניות לפסטה יכין 400 גרם,יכין,IL,רוטב עגבניות לפסטה יכין 400 גר,גרמים,400.00,100 גרם,false,1,11.90,2.9750,true,1,525000
7290018359969,false,רוטב עגבניות לפיצה יכין 400 גרם,יכין,IL,רוטב עגבניות לפיצה יכין 400 גר,גרמים,400.00,100 גרם,false,1,11.90,2.9750,true,1,524999
7290018380017,false,מלפפון בחומץ 13-17+ 20 % 670 ג' תומר,,,מלפפון בחומץ תומר 13-17 670 גר,גרמים,670.00,100 גרם,false,1,8.90,1.3284,true,1,512663
7290018380024,false,מלפפון במלח 13-17+ 20 % 670 ג' תומר,,,מלפפון במלח תומר 13-17 670 גר,גרמים,670.00,100 גרם,false,1,8.90,1.3284,true,1,512664
7290018380079,false,אפונת גינה גדולה 550 ג' תומר,,,אפונה תומר 550 גר,גרמים,550.00,100 גרם,false,1,4.90,0.8909,true,1,512661
7290018380215,false,קורנישוון מיני פיקנט,,,קורנישוון מיני פיקנטי 670 גר,גרמים,670.00,100 גרם,false,1,9.90,1.4776,true,1,514684
7290018380222,false,קורנישוון בינוני פיק,,,קורנישוון בינוני פיקנטי 670 גר,גרמים,670.00,100 גרם,false,1,9.90,1.4776,true,1,514683
7290018380253,false,שימורי מזון מלא לכלבים בוגרים עם עוף,באדי Buddy,,מזון לכלב עוף 400 גר,גרמים,400.00,100 גרם,false,24,4.90,1.2250,true,1,515252
7290018380260,false,מזון לכלב עם כבד 415 ג' BUDDY,Effeffe pet food,,מזון לכלב כבד 400 גר,גרמים,400.00,100 גרם,false,24,4.90,1.2250,true,1,515253
7290018380277,false,שימורים מזון מלא לכלבים בוגרים עם בשר אייל,Effeffe pet food,,מזון לכלב בשר ציד 400 גר,גרמים,400.00,100 גרם,false,1,4.90,1.2250,true,1,515251
7290018380284,false,שימורי מזון מלא לחתולים עם בקר,Effeffe pet food,,מזון לחתול בקר 400 גר,גרמים,400.00,100 גרם,false,24,4.90,1.2250,true,1,515257
7290018380307,false,שימורי מזון מלא לחתולים עם כבד,באדי Buddy,,מזון לחתול בשר כבד 400 גר,גרמים,400.00,100 גרם,false,24,4.90,1.2250,true,1,515255
7290018380314,false,שימורי מזון מלא לחתולים עם דגים,Effeffe pet food,,מזון לחתול דגים 400 גר,גרמים,400.00,100 גרם,false,24,4.90,1.2250,true,1,515259
7290018380321,false,שימורי מזון מלא לחתולים עם בשר אייל,Effeffe pet food,,מזון לחתול בשר ציד 400 גר,גרמים,400.00,100 גרם,false,24,4.90,1.2250,true,1,515258
7290018380383,false,שיבולת שועל 510 גר,,,שיבולת שועל 510 גר,גרמים,510.00,100 גרם,false,12,9.90,1.9412,true,1,521252
7290018380482,false,"אורז תאילנדי 1 ק""ג 20X",,,אורז תאילנדי תומר 1 קג,קילוגרמים,1.00,"ק""ג",false,1,6.90,6.9000,true,1,518943
7290018380499,false,אורז יסמין הום מלי ת,,,אורז יסמין הום מלי תומר 1 קג,קילוגרמים,1.00,"ק""ג",false,1,9.90,9.9000,true,1,518945
7290018380505,false,"אורז פרסי לבן ארוך 1 קג ""20X",,,אורז פרסי ארוך תומר 1 קג,קילוגרמים,1.00,"ק""ג",false,1,6.90,6.9000,true,1,518944
7290018380741,false,דפי בצק פילו עגולים 500 גר' X16,,,דפי בצק פילו עגולים 500 גר,גרמים,500.00,100 גרם,false,1,15.90,3.1800,true,1,524862
7290018380802,false,תבשיל הודי חומוס 300,,,תבשיל הודי חומוס 300 גר,גרמים,300.00,100 גרם,false,1,11.90,3.9667,true,1,524864
7290018380819,false,תבשיל הודי חצילים 30,,,תבשיל הודי חצילים 300 גר,גרמים,300.00,100 גרם,false,1,11.90,3.9667,true,1,524865
7290018380871,false,פטיסון כבוש שלם תומר,Polan polsko francus,,פטיסון כבוש שלם תומר 670 גרם,גרמים,670.00,100 גרם,false,1,16.90,2.5224,true,1,521607
7290018400609,false,פיאסטה מקסיקנית 800 ג' סנפרוסט,סנפרוסט,,פיאסטה מקסיקנית סנפרוסט 800 גר,גרמים,800.00,100 גרם,false,12,19.90,2.4875,true,1,515176
7290018400661,false,לקט פאייה בסגנון ספרדי סנפרוסט 800 ג',"סנפרוסט בע""מ",IL,לקט פאייה בסגנון ספרדי סנפרוסט 800 גר,גרמים,800.00,100 גרם,false,12,19.90,2.4875,true,1,519486
7290018440070,false,תרכיז עגבניות בשפורפרת 28BX בלה איטליה 200 ג',בלה איטליה Bella Italia,IT,תרכיז עגבניות בשפורפרת,גרמים,200.00,100 גרם,false,1,8.90,4.4500,true,1,514446
7290018440193,false,בייגלה בציפוי קרם בטעם חמאת בוטנים פליפז 140 גר',שוורצקוף& הנקל דיסלד,TR,בייגלה בציפוי קרם חמאת בוטנים 140 גר,גרמים,140.00,100 גרם,false,8,9.90,7.0714,true,1,515929
7290018440209,false,בייגלה בציפוי פאדג' לבן פליפז 140 גר',שוורצקוף& הנקל דיסלד,TR,בייגלה בציפוי פאדג לבן 140 גר,גרמים,140.00,100 גרם,false,8,9.90,7.0714,true,1,515930
7290018440223,false,חווית הצ'אי- מסאלה עוצמתי,קריות זול,IL,תה חווית צאי מסאלה 25 שק,Unknown,0.00,Unknown,false,1,17.90,0.0000,true,1,520222
7290018440230,false,צ'אי ורדים 25 שק' ויסוצקי,קריות זול,IL,תה חווית צאי ורדים 25 שק,Unknown,0.00,Unknown,false,1,17.90,0.0000,true,1,520224
7290018440247,false,צ'אי שקדים 25 שק' ויסוצקי,קריות זול,IL,תה חווית צאי שקדים 25 שק,Unknown,0.00,Unknown,false,1,17.90,0.0000,true,1,520223
7290018440254,false,צ'אי קרמל מלוח 25 שק' ויסוצקי,קריות זול,IL,תה חווית צאי קרמל מלוח 25 שק,Unknown,0.00,Unknown,false,1,17.90,0.0000,true,1,520225
7290018440384,false,תה ירוק מאטה לימון נענע 25 שק' ויסוצקי,ויסוצקי,IL,תה ירוק מאטה לימון נענע 25 שק,Unknown,0.00,Unknown,false,8,24.90,0.0000,true,1,520215
7290018440391,false,תה ירוק מאטה נענע גוארנה 25 שק' ויסוצקי,ויסוצקי,IL,תה ירוק מאטה נענע גוארנה 25 שק,Unknown,0.00,Unknown,false,8,24.90,0.0000,true,1,520216
7290018440407,false,תה ירוק מאטה קקאו לוז 25 שק' ויסוצקי,ויסוצקי,IL,תה ירוק מאטה קקאו לוז 25 שק,Unknown,0.00,Unknown,false,8,24.90,0.0000,true,1,520214
7290018440476,false,בייגלה מצופה קרם עוגת גבינה ותותים פליפז 140 גר',אולקר מקבוצת פלאדיס,TR,בייגלה פליפז מצופה קרם עוגת גבינה ותות,גרמים,140.00,100 גרם,false,8,9.90,7.0714,true,1,519345
7290018440483,false,בייגלה מצופה קרמל מלוח ושוקולד פליפז 140 גר',שוורצקוף& הנקל דיסלד,TR,בייגלה פליפז מצופה קרמל מלוח ושוקולד 140,גרמים,140.00,100 גרם,false,8,9.90,7.0714,true,1,519344
7290018440896,false,חליטת צמחים ג'ינג'ר וכורכום - אפקט הג'ינג'ר,ויסוצקי,IL,חליטת תה גינגר וכורכום 25 שק,Unknown,0.00,Unknown,false,1,17.90,0.0000,true,1,522749
7290018468319,false,נקניקיה צמחית בסגנון צ'וריסוס 400 ג' טירת צבי,טירת צבי,IL,נקניקיה צמחית בסגנון צוריסוס 400 גר,גרמים,400.00,100 גרם,false,1,39.90,9.9750,true,1,524960
7290018468326,false,נקניקיה צמחית בסגנון אמריקאי 400 ג' טירת צבי,טירת צבי,IL,נקניקיה צמחית בסגנון אמריקאי 400 גר,גרמים,400.00,100 גרם,false,1,39.90,9.9750,true,1,524961
7290018471029,false,"סודה בטעם לימון - מארז 6 בקבוקים 500 מ""ל",יפאורה תבורי בעמ,IL,סודה שוופס לימון 500 מל שישייה,ליטרים,3.00,ליטר,false,1,15.90,5.3000,true,1,515166
7290018471180,false,פרוט&ווג אננס תפוח גזר 1 ליטר,פרוט אנד וג' Fruit & Veg,IL,פרוט ווג אננס תפוח גזר 1 ל,ליטרים,1.00,ליטר,false,1,12.90,12.9000,true,1,517974
7290018471197,false,פרוט&ווג' תפוח בננה מלון נענע 1 ליטר,פרוט אנד וג' Fruit & Veg,IL,פרוט ווג תפוח בננה מלון נענע 1 ל,ליטרים,1.00,ליטר,false,1,12.90,12.9000,true,1,517975
7290018471210,false,ספרינג קרטונית אגס סברס תפוח 1 ליטר,"יפאורה תבורי בע""מ",IL,ספרינג אגס סברס תפוח 1 ל,ליטרים,1.00,ליטר,false,1,6.90,6.9000,true,1,517265
7290018471302,false,"מארז רביעייה שוויפס טוניק 250מ""ל",יפאורה תבורי בעמ,IL,שוופס טוניק 250 מל רביעייה,מיליליטרים,1000.00,"100 מ""ל",false,1,22.90,2.2900,true,1,516552
7290018471319,false,"מארז רביעייה שוויפס ביטר למון 250מ""ל",יפאורה תבורי בעמ,IL,שוופס ביטר למון 250 מל רביעייה,מיליליטרים,1000.00,"100 מ""ל",false,1,22.90,2.2900,true,1,516551
7290018471395,false,פרוט&ווג' תפוח רימון סלק ג'ינג'ר 1 ליטר,פרוט אנד וג' Fruit & Veg,IL,פרוט ווג תפוח רימון סלק גינגר 1 ל,ליטרים,1.00,ליטר,false,1,12.90,12.9000,true,1,517977
7290018471401,false,פרוט&ווג' אננס בננה כורכום 1 ליטר,פרוט אנד וג' Fruit & Veg,IL,פרוט ווג אננס בננה כורכום 1 ל,ליטרים,1.00,ליטר,false,1,12.90,12.9000,true,1,517976
7290018471449,false,ספרינג שייק בננה תמר תפוז קרטונית 1 ליטר,"יפאורה תבורי בע""מ",IL,ספרינג שייק בננה תמר תפוז 1 ל,ליטרים,1.00,ליטר,false,1,10.90,10.9000,true,1,519533
7290018471456,false,ספרינג שייק אננס מנגו פסיפלורה קרטונית 1 ל',"יפאורה תבורי בע""מ",IL,ספרינג שייק אננס מנגו פסיפלורה 1 ל,ליטרים,1.00,ליטר,false,1,10.90,10.9000,true,1,519534
7290018471463,false,תפוזינה נקטר תפוז מנגו קרטונית 1 ליטר,"יפאורה תבורי בע""מ",IL,נקטר תפוזינה תפוז מנגו 1 ל,ליטרים,1.00,ליטר,false,1,6.90,6.9000,true,1,517971
7290018471470,false,תפוזינה נקטר תפוז פסיפלורה קרטונית 1 ליטר,"יפאורה תבורי בע""מ",IL,נקטר תפוזינה תפוז פסיפלורה 1 ל,ליטרים,1.00,ליטר,false,1,6.90,6.9000,true,1,517972
7290018471487,false,תפוזינה נקטר תפוז אננס קרטונית 1 ליטר,"יפאורה תבורי בע""מ",IL,נקטר תפוזינה תפוז אננס 1 ל,ליטרים,1.00,ליטר,false,1,6.90,6.9000,true,1,517970
7290018471494,false,תפוזינה משקה תפוז גזר קרטונית 1 ליטר,"יפאורה תבורי בע""מ",IL,נקטר תפוזינה תפוז גזר 1 ל,ליטרים,1.00,ליטר,false,1,6.90,6.9000,true,1,517973
7290018471616,false,שוופס אינדיאן טוניק 1 ל',"יפאורה תבורי בע""מ",IL,שוופס אינדיאן טוניק 1 ל,ליטרים,1.00,ליטר,false,1,9.90,9.9000,true,1,518899
7290018471623,false,שוופס טוניק אשכוליות ליצ`י 1 ל',"יפאורה תבורי בע""מ",IL,שוופס טוניק אשכוליות ליצי 1 ל,ליטרים,1.00,ליטר,false,1,9.90,9.9000,true,1,518901
7290018471630,false,שוופס טוניק מלפפון ליים 1 ל',"יפאורה תבורי בע""מ",IL,שוופס טוניק מלפפון ליים 1 ל,ליטרים,1.00,ליטר,false,1,9.90,9.9000,true,1,518900
7290018471692,false,ספרינג שייק בננה אננס קוקוס פירות יער קרטונית 1 ליטר,"יפאורה תבורי בע""מ",IL,ספרינג שייק בננה קוקוס פירות יער 1 ל,ליטרים,1.00,ליטר,false,1,10.90,10.9000,true,1,519532
7290018471906,false,שוופס מוגז פירות לימונדה ורודה 1.5 ליטר פיקדון,"יפאורה תבורי בע""מ",IL,מים שוופס מוגז לימונדה ורודה 1.5 ל,ליטרים,1.50,ליטר,false,1,8.90,5.9333,true,1,522220
7290018471913,false,שוופס מוגז פירות תפוחים 1.5 ל',"יפאורה תבורי בע""מ",IL,משקה פירות מוגז שוופס 1.5 ל,ליטרים,1.50,ליטר,false,1,8.90,5.9333,true,1,522221
7290018471920,false,שוופס מוגז פירות ענבים 1.5 ליטר פיקדון,"יפאורה תבורי בע""מ",IL,משקה ענבים מוגז שוופס 1.5 ל,ליטרים,1.50,ליטר,false,1,8.90,5.9333,true,1,522222
7290018471937,false,שוופס מוגז פירות תות ליים 1.5 ליטר פיקדון,"יפאורה תבורי בע""מ",IL,משקה מוגז שוופס תות ליים 1.5 ל,ליטרים,1.50,ליטר,false,1,8.90,5.9333,true,1,522223
7290018471944,false,שוופס מוגז פירות לימונייד 1.5 ליטר פיקדון,"יפאורה תבורי בע""מ",IL,מים שוופס מוגז לימונדה 1.5 ל,ליטרים,1.50,ליטר,false,1,8.90,5.9333,true,1,522224
7290018471951,false,שוופס מוגז פירות אשכולית אדומה 1.5 ליטר פיקדון,"יפאורה תבורי בע""מ",IL,משקה פירות מוגז שוופס 1.5 ל,ליטרים,1.50,ליטר,false,1,8.90,5.9333,true,1,522225
7290018515020,false,סויה מיובשת בצורת כנ,,,סויה מיובשת בצורת כנפי עוף 300 גר,גרמים,300.00,100 גרם,false,1,21.90,7.3000,true,1,517465
7290018516041,false,פרמיו דליקט עוף לחתול,פרמיו Premio,,פרמיו דליקט עוף 56 גר,גרמים,56.00,100 גרם,false,1,9.90,17.6786,true,1,525167
7290018516065,false,פרמיו דליקט טונה וסלמון לחתול,פרמיו Premio,DE,פרמיו דליקט טונה וסלמון 56 גר,גרמים,56.00,100 גרם,false,1,9.90,17.6786,true,1,525168
7290018516324,false,פאוץ תפוח ושבולת שועל 120 ג' פירונק,,,פאוץ פרינוק תפוח ושיבולת שועל 120 גר,גרמים,120.00,100 גרם,false,1,4.90,4.0833,true,1,518693
7290018516331,false,פאוץ תפוח בננה שבולת שועל 120 ג' פירונק,,,פאוץ פרינוק תפוח בננה ושיבולת שועל 120 ג,גרמים,120.00,100 גרם,false,1,4.90,4.0833,true,1,518694
7290018516348,false,מחית פרינוק פאוץ' שיבולת שועל סלט פירות 120 גרם,,,פאוץ פרינוק סלט פירות ושיבולת שועל 120 ג,גרמים,120.00,100 גרם,false,1,4.90,4.0833,true,1,518695
7290018516379,false,מחיט סלט פירות ושבולות שועל 190 ג' פרינוק גוניור,,,גוניור סלט פירות ושיבולת שועל 190 גר,גרמים,190.00,100 גרם,false,1,5.90,3.1053,true,1,523315
7290018516393,false,פרמיו סופרים מיקס לחתול,פרמיו Premio,DE,פרמיו סופרים מיקס 3 קג,קילוגרמים,3.00,"ק""ג",false,1,59.90,19.9667,true,1,525153
7290018516560,false,פרמיו דליקט עוף וסרט,סאטורן,DE,פרמיו דליקט עוף וסרטנים 56 גר,גרמים,56.00,100 גרם,false,1,9.90,17.6786,true,1,526688
7290018516577,false,פרמיו דליקט עוף לחתל,סאטורן,DE,פרמיו דליקט עוף לחתלתול 56 גר,גרמים,56.00,100 גרם,false,1,9.90,17.6786,true,1,526689
7290018516737,false,פרמיו סופרים עוף וכב,,,פרמיו סופרים עוף ובקר לחתול בוגר 3 קג,קילוגרמים,3.00,"ק""ג",false,1,59.90,19.9667,true,1,526676
7290018516744,false,"פרמיו סופרים עוף וסלמון לחתול בוגר 3 ק""ג",,,פרמיו סופרים עוף וסלמון לחתול בוגר 3 קג,קילוגרמים,3.00,"ק""ג",false,1,59.90,19.9667,true,1,526677
7290018516768,false,פרמיו פטה עוף לחתלתו,,,פרמיו עוף לחתלתול במרקם פטה 400 גר,גרמים,400.00,100 גרם,false,1,5.90,1.4750,true,1,526693
7290018516836,false,סטרילייז סלמון לחתול,,,סטרילייז סלמון לחתול בוגר פרמיו 400 גר,גרמים,400.00,100 גרם,false,1,5.90,1.4750,true,1,526698
7290018516942,false,"פרמיו סופרים עופות לכלב בוגר 3 ק""ג",פרמיו Premio,,פרמיו סופרים עופות לכלב בוגר 3 קג,קילוגרמים,3.00,"ק""ג",false,1,49.90,16.6333,true,1,527263
7290018516959,false,"פרמיו סופרים עופות לכלב מגזע ננסי 3 ק""ג",פרמיו Premio,,פרמיו סופרים עופות לכלב מגזע ננסי 3 קג,קילוגרמים,3.00,"ק""ג",false,1,49.90,16.6333,true,1,527262
7290018517024,false,בסיס לפיצה בנוסח איטלקי 4 יח',,,"בסיס לפיצה בנוסח איטלקי 30 ס""מ 4 יח",גרמים,440.00,100 גרם,false,1,11.90,2.7045,true,1,516955
7290018517031,false,טורטיות עם קמח כוסמי,,,"טורטיות בתוספת קמח כוסמין 20 ס""מ 8 יח",גרמים,360.00,100 גרם,false,1,10.90,3.0278,true,1,518223
7290018517147,false,פופקורן למיקרוגל בטעם טבעי 300 ג',RAMSEY,,פופקורן למיקרו בטעם טבעי 298 גר,גרמים,298.00,100 גרם,false,1,10.90,3.6577,true,1,518199
7290018517154,false,פופקורן למיקרוגל חמא,RAMSEY,,פופקורן למיקרו בטעם חמאה,גרמים,300.00,100 גרם,false,1,10.90,3.6333,true,1,518198
7290018517161,false,פופקורן למיקרוגל ליי,RAMSEY,,פופקורן למיקרוגל לייט,גרמים,300.00,100 גרם,false,1,10.90,3.6333,true,1,518200
7290018517215,false,רסק תפוחי עץ ללא תוספת סוכר נאמן 710 ג',,,"רסק תפו""ע ללא תוספת סוכר 710 גר",גרמים,710.00,100 גרם,false,1,10.90,1.5352,true,1,519331
7290018517260,false,זרעי פשתן 100% טבעי הנמל 400 ג',,,זרעי פשתן 100% טבעי 400 גר,גרמים,400.00,100 גרם,false,1,9.90,2.4750,true,1,519333
7290018517277,false,שמן פשתן 100% טבעי 2,,,שמן פשתן 100% טבעי 250 מל,מיליליטרים,250.00,"100 מ""ל",false,1,29.90,11.9600,true,1,519335
7290018517321,false,קוואקר אינסטנט נאמן שקית 500 ג',ר.ס.,,שיבולת שועל בשקית 500 גר,גרמים,500.00,100 גרם,false,1,9.90,1.9800,true,1,524279
7290018517338,false,שלישיה גפרורים רב שי,SUGRAIN,TH,שלישיה גפרורים רב שימושיים,Unknown,0.00,Unknown,false,12,4.90,0.0000,true,1,525698
7290018517529,false,עוגיות קרם סנדוויץ 900 גרם,,,עוגיות קרם סנדוויץ חסכוני 900 גר,גרמים,900.00,100 גרם,false,1,17.90,1.9889,true,1,527336
7290018517536,false,עוגיות קרם סנדוויץ צילינדר 150 גרם,,,עוגיות קרם סנדוויץ צילינדר 150 גר,גרמים,150.00,100 גרם,false,1,4.90,3.2667,true,1,527335
7290018517543,false,"עוגיות וניל ממולאות, 160 גרם",,,עוגיות וניל ממולאות קרם בטעם שוקולד 160,גרמים,160.00,100 גרם,false,1,5.90,3.6875,true,1,527337
7290018517550,false,עוגיות במילוי בטעם שוקולד 160ג',,,עוגיות שוקו ממולאות קרם בטעם שוקולד 160,גרמים,160.00,100 גרם,false,1,5.90,3.6875,true,1,527338
7290018517567,false,צמרוני כותנה לתינוקו,עבדו,,צמרוני כותנה לתינוקות 56 יח בקופסא,Unknown,0.00,Unknown,false,1,5.90,0.0000,true,1,527340
7290018517574,false,צמרוני כותנה מעץ 300,עבדו,,צמרוני כותנה מעץ 300 יח בקופסא,Unknown,0.00,Unknown,false,1,5.90,0.0000,true,1,527339
7290018542439,false,מגש מתכלה מלבני בינו,,,מגש מלבני בינוני מתכלה מעץ דקל 12*8,Unknown,0.00,Unknown,false,1,14.90,0.0000,true,1,523392
7290018542774,false,"צלחת 9"" מתכלה 100 יח",,,"צלחת 9"" מתכלה 100 יח",Unknown,0.00,Unknown,false,1,39.90,0.0000,true,1,523386
7290018614808,false,נתחי טונה בהירה בשמן,,,נתחי טונה בהירה בשמן פאוץ אישי 5 יח,גרמים,295.00,100 גרם,false,1,22.90,7.7627,true,1,523808
7290018652039,false,לה קרמריה קרמל מלוח ונוגט בדצ 1.4 ליטר,גלידות נסטלה,IL,לה קרמריה קרמל מלוח ונוגט 1.4 ל,ליטרים,1.40,ליטר,false,1,21.90,15.6429,true,1,517919
7290018652671,false,גלידה קרמריה שוקולד ווניל 1.4 ליטר,נסטלה,IL,לה קרמריה תו אייל 1.4 ל,ליטרים,1.40,ליטר,false,1,21.90,15.6429,true,1,523184
7290018652688,false,לה קרמריה טרופי ופירות אדומים 1.4 ל' נסטלה,גלידות נסטלה,IL,לה קרמריה טרופי ופירות אדומים 1.4 ל,ליטרים,1.40,ליטר,false,1,21.90,15.6429,true,1,523185
7290018652886,false,מאגדת מצופים שוקו בננה 8 יח-476 ג',גלידות נסטלה,IL,מאגדת מצופים שוקו בננה נסטלה,Unknown,0.00,Unknown,false,6,29.90,0.0000,true,1,524232
7290018677056,false,קוואקר דק אורגני 500,,,קוואקר דק אורגני 500 גר,גרמים,500.00,100 גרם,false,1,10.90,2.1800,true,1,519313
7290018677063,false,קוואקר עבה אורגני 50,,,קוואקר עבה אורגני 500 גר,גרמים,500.00,100 גרם,false,1,10.90,2.1800,true,1,519314
7290018677070,false,קרם קוקוס 18% אורגני,בראנץ' אוף בן טרה אי,IL,קרם קוקוס 18% אורגני טטרה פק 330 מל,מיליליטרים,330.00,"100 מ""ל",false,1,10.90,3.3030,true,1,519312
7290018677087,false,קרם קוקוס נוטרה זן א,,,קרם קוקוס נוטרה זן אורגני ללא גלוטן 1 ל,ליטרים,1.00,ליטר,false,1,24.90,24.9000,true,1,523232
7290018677124,false,גרנולה קראנצ'י חמוציות ודובדבנים ללא גלוטן וללא תוספת סוכר נוטרה זן-300 גרם,נוטרה זון,CZ,גרנולה קראנצ חמוציות נוטרה זן ללא גלוטן,גרמים,300.00,100 גרם,false,1,22.90,7.6333,true,1,523235
7290018677131,false,גרנולה קראנצ'י אגוזים ושקדים ללא גלוטן וללא תוספת סוכר נוטרה זן-300 גרם,נוטרה זון,CZ,גרנולה קראנצ אגוזים נוטרה זן ללא גלוטן,גרמים,300.00,100 גרם,false,1,22.90,7.6333,true,1,523234
7290018677148,false,גרנולה קראנצ'י שוקולד וקוקוס ללא גלוטן וללא תוספת סוכר נוטרה זן-300 גרם,,,גרנולה קראנצ שוקולד נוטרה זן ללא גלוטן,גרמים,300.00,100 גרם,false,1,22.90,7.6333,true,1,523236
7290018677155,false,תערובת קמחים רב תכלי,נוטרה זון,IT,תערובת קמחים רב תכליתית ללא גלוטן 500 ג,גרמים,500.00,100 גרם,false,1,19.90,3.9800,true,1,519311
7290018677162,false,תערובת רב תכליתית לל,נוטרה זון,IT,תערובת רב תכליתית ללא גלוטן על בסיס עמיל,גרמים,500.00,100 גרם,false,1,22.90,4.5800,true,1,519310
7290018677209,false,סירופ מייפל אורגני 2,,,סירופ מייפל אורגני 250 מל,מיליליטרים,250.00,"100 מ""ל",false,1,27.90,11.1600,true,1,523231
7290018710395,false,סוכר דמררה צנצנת 1 ק,,,סוכר דמררה צנצנת 1 קג,קילוגרמים,1.00,"ק""ג",false,1,13.90,13.9000,true,1,522731
7290018724408,false,דגני בוקר נוגט נטורל,"נטורלה גטרנק בע""מ",IL,דגני בוקר נוגט נטורלה 375 גר,גרמים,375.00,100 גרם,false,1,21.90,5.8400,true,1,528260
7290018724415,false,דגני בוקר בראוניז נט,"נטורלה גטרנק בע""מ",IL,דגני בוקר בראוניז נטורלה 375 גר,גרמים,375.00,100 גרם,false,1,21.90,5.8400,true,1,528261
7290018724446,false,פירכיות כוסמת עם שיב,,,פירכיות כוסמת עם שיבולת שועל נטורלה 145,גרמים,145.00,100 גרם,false,1,11.90,8.2069,true,1,527653
7290018724514,false,מחית תפוע נטורלה 90,,,מחית תפוע נטורלה 90 גר,גרמים,90.00,100 גרם,false,1,5.90,6.5556,true,1,528258
7290018724521,false,מחית תפוע ובננה נטור,,,מחית תפוע ובננה נטורלה 90 גר,גרמים,90.00,100 גרם,false,1,5.90,6.5556,true,1,523239
7290018724538,false,מחית תפוע ואגס נטורל,,,מחית תפוע ואגס נטורלה 90 גר,גרמים,90.00,100 גרם,false,1,5.90,6.5556,true,1,523240
7290018724545,false,מחית תפוע בננה ותות,,,מחית תפוע בננה ותות נטורלה 90 גר,גרמים,90.00,100 גרם,false,1,5.90,6.5556,true,1,528259
7290018724552,false,קמח שקדים ללא גלוטן 250 גר',השקד אומנות ומסחר,IL,קמח שקדים ללא גלוטן 250 גר,גרמים,250.00,100 גרם,false,15,19.90,7.9600,true,1,522843
7290018724897,false,"פירורי לחם ""נטורלה"" ללא גלוטן 300 גרם",,,פירורי לחם ללא גלוטן נטורלה 300 גר,גרמים,300.00,100 גרם,false,1,16.90,5.6333,true,1,516690
7290018749005,false,כיסונים עבודת יד בית,,,כיסונים עבודת יד ביתי 600 גר,גרמים,600.00,100 גרם,false,1,31.90,5.3167,true,1,515843
7290018749050,false,חינקלי גאורגי במילוי,,,חינקלי גאורגי במילוי בשר 500 גר,גרמים,500.00,100 גרם,false,1,31.90,6.3800,true,1,517024
7290018749067,false,מנטי קלאסי במילוי בש,,,מנטי קלאסי במילוי בשר 500 גר,גרמים,500.00,100 גרם,false,1,31.90,6.3800,true,1,517022
7290018749098,false,כיסונים עבודת יד בסי,,,כיסונים עבודת יד בסיגנון קווקזי 600 גר,גרמים,500.00,100 גרם,false,1,31.90,6.3800,true,1,520283
7290018749104,false,קרפלך במילוי תפוא וב,,,קרפלך במילוי תפוא ובצל 700 גר,גרמים,700.00,100 גרם,false,1,20.90,2.9857,true,1,522877
7290018749111,false,קרפלך במילוי תפוא ופ,,,קרפלך במילוי תפוא ופטריות 700 גר,גרמים,700.00,100 גרם,false,1,20.90,2.9857,true,1,522878
7290018749135,false,קרפלך במילוי דובדבן,,,קרפלך במילוי דובדבן 500 גר,גרמים,500.00,100 גרם,false,1,31.90,6.3800,true,1,522879
7290018749210,false,מיני כיסונים קלאסי 7,,,מיני כיסונים קלאסי 700 גר,גרמים,700.00,100 גרם,false,1,31.90,4.5571,true,1,526976
7290018749227,false,כיסונים לארוחה טעימה,,,כיסונים לארוחה טעימה 1 קג,קילוגרמים,1.00,"ק""ג",false,1,29.90,29.9000,true,1,527846
7290018770023,false,שמן זית כתית מעולה ק,,,שמן זית כתית מעולה קורניאקי 750 מל,מיליליטרים,750.00,"100 מ""ל",false,1,39.90,5.3200,true,1,517414
7290018770245,false,זית ירוק מגולען בטעם,,,זית ירוק מגולען בטעם רוזמרין 190 גר,גרמים,190.00,100 גרם,false,1,12.90,6.7895,true,1,528186
7290018770252,false,זית ירוק מגולען בטעם,,,זית ירוק מגולען בטעם שום 190 גר,גרמים,190.00,100 גרם,false,1,12.90,6.7895,true,1,528187
7290018770269,false,זית קלמטה עם שמן זית,,,זית קלמטה 215 גר,גרמים,215.00,100 גרם,false,1,12.90,6.0000,true,1,528188
7290018770276,false,זית עריביקה עם שמן ז,,,זית עריביקה 215 גר,גרמים,215.00,100 גרם,false,1,12.90,6.0000,true,1,528189
7290018792841,false,אבקת קקאו טבעי 150ג גאנה,גאנס לודרס,IL,אבקת קקאו טבעי 150 גר,גרמים,150.00,100 גרם,false,1,9.90,6.6000,true,1,525491
7290018792858,false,אבקת קקאו טבעי 500גרם,,,אבקת קקאו טבעי 500 גר,גרמים,500.00,100 גרם,false,1,24.90,4.9800,true,1,525492
7290018825020,true,תפוח אדמה לבן גורמה,ביכורי שדה דרום 2002,,תפוח אדמה לבן גורמה דוד משה,קילוגרמים,1.00,"ק""ג",true,,6.90,6.9000,true,1,520284
7290018825624,true,תפוח אדמה לבן גורמה,ביכורי שדה דרום 2002,,תפוח אדמה לבן גורמה ציפס הולנדי,קילוגרמים,1.00,"ק""ג",true,,6.90,6.9000,true,1,521236
7290018878224,false,מיני קוקיס בטעם שוקולד 600גר*6בקרט,Carmit,,מיני עוגיות קוקיס בטעם שוקולד 600 גר,גרמים,600.00,100 גרם,false,1,15.90,2.6500,true,1,525732
7290018889305,false,עוגה קריסטלית לב רד וולוט חלבי 225 ג' נטלי,,,קריסטלית לב רד וולוט חלבי 225 גר,גרמים,225.00,100 גרם,false,1,22.90,10.1778,true,1,525307
7290018889404,false,עוגת פס רד וולוט נטלי 550 ג' נטלי,,,פס רד וולוט 550 גר,גרמים,550.00,100 גרם,false,1,43.90,7.9818,true,1,525309
7290018889473,false,עוגה קריסטלית לב מוס גבינה מצופה פררו רושה 170ג' נטלי,,,קריסטלית לב מוס גבינה מצופה פררו 170 גר,גרמים,170.00,100 גרם,false,1,22.90,13.4706,true,1,525308
7290018893005,false,"חטיפי בייגלה אפוי בטעם חרדל ודבש, 160 גרם",צ'וקטה Chocketa,RO,בייגלה צוקטה שטוח חרדל ודבש 160 גר,גרמים,160.00,100 גרם,false,12,6.90,4.3125,true,1,520690
7290018893036,false,עוגיות סנדוויץ' בטעם שוקולד ממולאות קרם בטעם וניל,צ'וקטה Chocketa,ES,ביסקוויט שוקולד מילוי וניל צוקטה 176 גר,גרמים,176.00,100 גרם,false,1,5.90,3.3523,true,1,520692
7290018893081,false,עוגות מגולגלות במילוי קרם חלבי וציפוי בטעם שוקולד,צ'וקטה Chocketa,,עוגה אישית צוקטה מגולגלת חלב 222 גר,גרמים,222.00,100 גרם,false,1,8.90,4.0090,true,1,520280
7290018893098,false,צ'וקטה ביסקוויט מצופה שוקולד חלב 100 גרם משולש K,צ'וקטה Chocketa,,ביסקוויט מצופה שוקולד חלב צוקטה 100 גר,גרמים,100.00,100 גרם,false,1,6.90,6.9000,true,1,526525
7290018893104,false,צ'וקטה ביסקוויט מצופה שוקולד מריר 100 גרם משולש K,צ'וקטה Chocketa,,ביסקוויט מצופה שוקולד מריר צוקטה 100 גר,גרמים,100.00,100 גרם,false,1,6.90,6.9000,true,1,526526
7290018893135,false,מקלות אפויים בתוספת מלח Salty,צ'וקטה Chocketa,,צוקטה גריסיני מלח 120 גר,גרמים,120.00,100 גרם,false,1,7.90,6.5833,true,1,526598
7290018893142,false,מקלות אפויים בתוספת שמן זית Salty,צ'וקטה Chocketa,,צוקטה גריסיני שמן זית 120 גר,גרמים,120.00,100 גרם,false,1,7.90,6.5833,true,1,526600
7290018893258,false,צ'וקטה עוגות אישיות קרם קרמל 300 ג',צ'וקטה Chocketa,,עוגות אישיות צוקטה בטעם קרמל 300 גר,גרמים,300.00,100 גרם,false,12,11.90,3.9667,true,1,519667
7290018893289,false,עוגות מגולגלות בטעם קקאו - 6 יחידות במארז,צ'וקטה Chocketa,,עוגה אישית צוקטה מגולגלת קקאו 222 גר,גרמים,222.00,100 גרם,false,1,8.90,4.0090,true,1,520279
7290018893296,false,עוגיות חמאה מצופות שוקולד חלב בעיטור שוקולד לבן,צ'וקטה Chocketa,BE,עוגיות מיני חמאה מצופות צוקטה 100 גר,גרמים,100.00,100 גרם,false,12,7.80,7.8000,true,1,522980
7290018893340,false,מקלות אפויים בתוספת שומשום Salty,צ'וקטה Chocketa,,צוקטה גריסיני שומשום 120 גר,גרמים,120.00,100 גרם,false,1,7.90,6.5833,true,1,526599
7290018893456,false,צ'וקטה מארז עוגות אישיות במילוי קרם ובציפוי שוקולד 10*30ג,פרדי קונדטוריה אס.פי,IT,עוגות אישיות חלב צוקטה 300 גר,גרמים,300.00,100 גרם,false,12,11.90,3.9667,true,1,519666
7290018893609,false,שוקולד מריר פרימיום 85% 100 גרם איגוד רבנים,צ'וקטה Chocketa,ES,שוקולד צקטה מריר 85% 100 גר,גרמים,100.00,100 גרם,false,20,8.90,8.9000,true,1,521787
7290018893654,false,חטיפי בייגלה דקיקים ופריכים מלח צ'וקטה 200 ג',צ'וקטה Chocketa,RO,בייגלה צוקטה בתוספת מלח 200 גר,גרמים,200.00,100 גרם,false,1,6.90,3.4500,true,1,520278
7290018893746,false,בייגלה עגבניות ועשבי תיבול 180 גר,SC ALKA TRADING CO S,RO,בייגלה צוקטה עגבניות ועשבי תיבול 180 גר,גרמים,180.00,100 גרם,false,12,6.90,3.8333,true,1,526721
7290018893753,false,צ'וקטה וופל חמאה בטעם לימון 100 ג,,,עלי וופל חמאה דקים לימון צוקטה 100 גר,גרמים,100.00,100 גרם,false,1,9.90,9.9000,true,1,526382
7290018893807,false,צ'וקטה - שוקולד מריר שלישייה 3 * 100 גרם,צ'וקטה Chocketa,,שוקולד מריר 60% צוקטה 300 גר,גרמים,300.00,100 גרם,false,1,12.90,4.3000,true,1,520691
7290018893852,false,חטיפי בייגלה דקיקים ופריכים שומשום צ'וקטה 200 ג',צ'וקטה Chocketa,RO,בייגלה צוקטה בתוספת שומשום 200 גר,גרמים,200.00,100 גרם,false,1,6.90,3.4500,true,1,520277
7290018893906,false,עוגיות סנדוויץ' במילוי קרם בטעם וניל,צ'וקטה Chocketa,,עוגיות סנדוויץ וניל צוקטה 250 גר,גרמים,250.00,100 גרם,false,1,6.90,2.7600,true,1,526524
7290018893951,false,עוגיות וופל חמאה קינמון 100 ג',,BE,עוגיות וופל חמאה קינמון צוקטה 100 גר,גרמים,100.00,100 גרם,false,12,9.90,9.9000,true,1,526720
7290018894002,false,בלקוני וופל קוביות קקאו 250 גרם חלבי OU,בלקוני Balconi,IT,וופל קוביות קקאו בלקוני 250 גר,גרמים,250.00,100 גרם,false,1,10.90,4.3600,true,1,528341
7290018894446,false,שוקולד חלב במילוי קר,,,שוקולד חלב במילוי קרם בוטנים 126 גר,גרמים,126.00,100 גרם,false,1,10.90,8.6508,true,1,528338
7290018894804,false,וופלים במילוי קרם אגוזי לוז - חלבי,בלקוני Balconi,IT,וופל אגוזי לוז בלקוני 175 גר,גרמים,175.00,100 גרם,false,1,7.90,4.5143,true,1,528343
7290018925065,false,פרימור מיץ תפוזים סחוט 2 ליטר,פרימור,IL,מיץ תפוזים סחוט פרימור 2 ל,ליטרים,2.00,ליטר,false,4,29.90,14.9500,true,1,522537
7290018925072,false,פרימור מיץ לימונענע סחוט 2 ליטר,פרימור,IL,משקה קל לימונים ונענע פרימור 2 ל,ליטרים,2.00,ליטר,false,4,29.90,14.9500,true,1,522539
7290018925089,false,פרימור מיץ תפוח עץ צלול 2 ליטר,גניר,IL,מיץ תפוחים צלול מיוצר מרכז פרימור 2 ל,ליטרים,2.00,ליטר,false,4,29.90,14.9500,true,1,522538
7290018972021,false,קיינד א קבב מזרחי 40,,,קיינד א קבב מזרחי 400 גר,גרמים,400.00,100 גרם,false,12,19.90,4.9750,true,1,523034
7290018972038,false,שווארמה 400 ג' קיינד,,,קיינד א שווארמה 400 גר,גרמים,400.00,100 גרם,false,12,19.90,4.9750,true,1,523035
7290018972069,false,קיינד א בולונז 450 ג,,,קיינד א בולונז 450 גר,גרמים,450.00,100 גרם,false,12,19.90,4.4222,true,1,523036
7290018972076,false,קיינד א צילי קון קרנ,,,קיינד א צילי קון קרנה 400 גר,גרמים,400.00,100 גרם,false,12,19.90,4.9750,true,1,523037
7290018972083,false,שוארמה בטורטיה 360 ג' קיינד,,,קיינד א שווארמה בטורטיה 360 גר,גרמים,360.00,100 גרם,false,12,21.90,6.0833,true,1,523038
7290018972144,false,שניצל תירס 500 גר,,,שניצל תירס 500 גר,גרמים,500.00,100 גרם,false,1,16.90,3.3800,true,1,522658
7290018972182,false,פלאפל 500 גר,,,פלאפל 500 גר,גרמים,500.00,100 גרם,false,1,16.90,3.3800,true,1,522659
7290018972199,false,שניצל צמחי 500 גר,,,שניצל צמחי 500 גר,גרמים,500.00,100 גרם,false,1,16.90,3.3800,true,1,522657
7290018972366,false,"פרוזן אדממה 1 ק""ג",,,אדממה 1 קג,קילוגרמים,1.00,"ק""ג",false,10,15.90,15.9000,true,1,523502
7290018972496,false,מיני עראיס 400ג' קיינד,,,קיינד א מיני עראיס 400 גר,גרמים,400.00,100 גרם,false,12,21.90,5.4750,true,1,523039
7290018972762,false,נודלס טעם עוף להכנה מהירה 72 גרם,,,נודלס מנה חמה עוף 72 גר,גרמים,72.00,100 גרם,false,1,5.90,8.1944,true,1,524866
7290018972779,false,נודלס טעם בקר להכנה,,,נודלס מנה חמה בקר 72 גר,גרמים,72.00,100 גרם,false,1,5.90,8.1944,true,1,524868
7290018972786,false,נודלס טעם ירקות להכנה מהירה 72 גרם,,,נודלס מנה חמה ירקות 72 גר,גרמים,72.00,100 גרם,false,1,5.90,8.1944,true,1,524867
7290018989005,false,יכין פולפה טבעית 400*3 גר,זנלכל,IL,פולפה טבעית 3*400 גר,גרמים,1200.00,100 גרם,false,1,16.90,1.4083,true,1,524612
7290018989081,false,חומוס הבית להכנת חומוס טרי יכין,זנלכל,IL,חומוס הבית להכנת חומוס טרי 410 גר,גרמים,410.00,100 גרם,false,1,7.90,1.9268,true,1,524997
7290018989128,false,סירופ בטעם ענבים יכין 1 ליטר,זנלכל,IL,סירופ בטעם ענבים יכין 1 ל,ליטרים,1.00,ליטר,false,1,19.90,19.9000,true,1,524996
7290018989135,false,סירופ בטעם פטל יכין 1 ליטר,זנלכל,IL,סירופ בטעם פטל יכין 1 ל,ליטרים,1.00,ליטר,false,1,19.90,19.9000,true,1,524995
7290019003182,false,בצל שאלוט שדות בעמק,,,בצל שאלוט שדות בעמק,Unknown,0.00,Unknown,false,1,14.90,0.0000,true,1,522490
7290019003199,false,גינגר שדות בעמק,חקלאי,IL,גינגר שדות בעמק,Unknown,0.00,Unknown,false,1,14.90,0.0000,true,1,522491
7290019003274,false,כרוב סיני שדות בעמק,,,כרוב סיני שדות בעמק,Unknown,0.00,Unknown,false,1,11.90,0.0000,true,1,522494
7290019056027,false,שוופס מוגז פירות תפוחים ללא סוכר 1.5 ליטר פיקדון,"יפאורה תבורי בע""מ",IL,משקה פירות מוגז שוופס תפוח ללא סוכר 1.5,ליטרים,1.50,ליטר,false,1,8.90,5.9333,true,1,522226
7290019056034,false,שוופס מוגז פירות אננס ללא סוכר 1.5 ליטר פיקדון,"יפאורה תבורי בע""מ",IL,משקה פירות מוגז אננס 1.5 ל,ליטרים,1.50,ליטר,false,1,8.90,5.9333,true,1,522227
7290019056041,false,שוופס מוגז פירות לימונייד ללא סוכר 1.5 ליטר פיקדון,"יפאורה תבורי בע""מ",IL,משקה פירות מוגז שוופס למונייד ללא סוכר,ליטרים,1.50,ליטר,false,1,8.90,5.9333,true,1,522228
7290019056058,false,שוופס מוגז עדין תפוח ליים 1.5 ליטר פיקדון,"יפאורה תבורי בע""מ",IL,שוופס מוגז עדין תפוח 1.5 ל,ליטרים,1.50,ליטר,false,1,8.90,5.9333,true,1,522214
7290019056065,false,שוופס מוגז עדין פירות יער 1.5 ליטר פיקדון,"יפאורה תבורי בע""מ",IL,שוופס מוגז עדין פירות יער 1.5 ל,ליטרים,1.50,ליטר,false,1,8.90,5.9333,true,1,522215
7290019056072,false,שוופס מוגז עדין אננס 1.5 ליטר פיקדון,"יפאורה תבורי בע""מ",IL,מים שוופס מוגז עדין אננס 1.5 ל,מיליליטרים,1500.00,"100 מ""ל",false,1,8.90,0.5933,true,1,522216
7290019056089,false,שוופס מוגז עדין ענבי ריזלינג 1.5 ליטר פיקדון,"יפאורה תבורי בע""מ",IL,שוופס מוגז עדין ריזלינג 1.5 ל,ליטרים,1.50,ליטר,false,1,8.90,5.9333,true,1,522217
7290019056096,false,שוופס מוגז עדין אפרסק 1.5 ליטר פיקדון,"יפאורה תבורי בע""מ",IL,שוופס מוגז עדין אפרסק 1.5 ל,ליטרים,1.50,ליטר,false,1,8.90,5.9333,true,1,522218
7290019056133,false,שוופס סודה נענע ליים 1.5 ליטר בק' בודד,"יפאורה תבורי בע""מ",IL,סודה שוופס נענע ליים 1.5ל,ליטרים,1.50,ליטר,false,1,3.90,2.6000,true,1,522209
7290019056157,false,שוופס סודה פירות יער 1.5 ליטר בק' בודד פיקדון,,,סודה שוופס פירות יער 1.5 ל,ליטרים,1.50,ליטר,false,1,3.90,2.6000,true,1,522213
7290019056164,false,שוופס סודה 1.5 ליטר רביעייה פיקדון,"יפאורה תבורי בע""מ",IL,שוופס סודה 1.5 ל רביעיה,ליטרים,6.00,ליטר,false,1,11.90,1.9833,true,1,522204
7290019056171,false,שוופס סודה לימון 1.5 ליטר רביעייה פיקדון,"יפאורה תבורי בע""מ",IL,סודה שוופס לימון 1.5 ל רביעיה,ליטרים,6.00,ליטר,false,1,11.90,1.9833,true,1,522206
7290019056188,false,שוופס סודה נענע ליים 1.5 ליטר רביעייה פיקדון,"יפאורה תבורי בע""מ",IL,סודה שוופס נענע ליים 1.5 ל רביעיה,ליטרים,6.00,ליטר,false,1,11.90,1.9833,true,1,522208
7290019056201,false,שוופס סודה פירות יער 1.5 ליטר רביעייה פיקדון,"יפאורה תבורי בע""מ",IL,סודה שוופס פירות יער 1.5 ל רביעיה,ליטרים,6.00,ליטר,false,1,11.90,1.9833,true,1,522212
7290019056232,false,משקה מוגז בטעם ליים מוחיטו 1.5 ל' שוופס,"יפאורה תבורי בע""מ",IL,שוופס ליים מוחיטו 1.5 ל,ליטרים,1.50,ליטר,false,1,8.90,5.9333,true,1,522219
7290019056249,false,שוופס מים בטעמים ענבים 1.5 ליטר פיקדון,"יפאורה תבורי בע""מ",IL,מים שוופס ענבים 1.5 ל,ליטרים,1.50,ליטר,false,1,7.90,5.2667,true,1,522199
7290019056256,false,שוופס מים בטעמים תפוחים 1.5 ליטר פיקדון,"יפאורה תבורי בע""מ",IL,מים שוופס ווטר בטעם תפוח 1.5 ל,מיליליטרים,1500.00,"100 מ""ל",false,1,7.90,0.5267,true,1,522200
7290019056263,false,שוופס מים בטעמים אפרסק 1.5 ליטר פיקדון,"יפאורה תבורי בע""מ",IL,מים שוופס אפרסק 1.5 ל,ליטרים,1.50,ליטר,false,1,7.90,5.2667,true,1,522201
7290019056270,false,שוופס מים בטעמים פירות יער 1.5 ליטר פיקדון,"יפאורה תבורי בע""מ",IL,מים שוופס פירות יער 1.5 ל,ליטרים,1.50,ליטר,false,1,7.90,5.2667,true,1,522202
7290019056287,false,שוופס מים בטעמים אפרסק ללא סוכר 1.5 ליטר פיקדון,"יפאורה תבורי בע""מ",IL,משקה שוופס ווטר אפרסק 0 קולוריות 1.5 ל,ליטרים,1.50,ליטר,false,1,7.90,5.2667,true,1,522203
7290019056294,false,שוופס ג'ינג'ר אייל 1.5 ליטר פיקדון,"יפאורה תבורי בע""מ",IL,שוופס גינגר 1.5 לי,ליטרים,1.50,ליטר,false,1,13.90,9.2667,true,1,522237
7290019056300,false,משקה בטעם ביטר לימון 1.5 ל' שוויפס,"יפאורה תבורי בע""מ",IL,שוופס ביטר 1.5 ל,ליטרים,1.50,ליטר,false,1,13.90,9.2667,true,1,522238
7290019056317,false,שוופס ראשן 1.5 ליטר פיקדון,"יפאורה תבורי בע""מ",IL,שוופס רוסציאן 1.5 ל,ליטרים,1.50,ליטר,false,1,13.90,9.2667,true,1,522239
7290019056324,false,שוופס טוניק 1.5 ליטר פיקדון,"יפאורה תבורי בע""מ",IL,שוופס טוניק 1.5 ל,ליטרים,1.50,ליטר,false,1,13.90,9.2667,true,1,522240
7290019056331,false,שוופס טוניק ללא סוכר 1.5 ליטר פיקדון,"יפאורה תבורי בע""מ",IL,שוופס טוניק ללא סוכר 1.5 ל,ליטרים,1.50,ליטר,false,1,13.90,9.2667,true,1,522241
7290019056355,false,משקה בטעם לימונענע עם חתיכות פרי,"יפאורה תבורי בע""מ",IL,משקה תפוזינה מיקס לימונענע 1.5 ל,ליטרים,1.50,ליטר,false,1,8.90,5.9333,true,1,522180
7290019056362,false,תפוזינה ענבים 1.5 ליטר פיקדון,"יפאורה תבורי בע""מ",IL,תפוזינה ענבים 1.5 ל,ליטרים,1.50,ליטר,false,1,8.90,5.9333,true,1,522181
7290019056379,false,תפוזינה תפוזים 1.5 ליטר פיקדון,"יפאורה תבורי בע""מ",IL,תפוזינה תפוזים 1.5 ל,ליטרים,1.50,ליטר,false,1,8.90,5.9333,true,1,522182
7290019056386,false,פתוזינה אשכולית 1.5 ליטר פיקדון,"יפאורה תבורי בע""מ",IL,תפוזינה אשכולית 1.5 ל,ליטרים,1.50,ליטר,false,1,8.90,5.9333,true,1,522183
7290019056393,false,תפוזינה תות בננה 1.5 ליטר פיקדון,"יפאורה תבורי בע""מ",IL,תפוזינה תות בננה 1.5 ל,ליטרים,1.50,ליטר,false,1,8.90,5.9333,true,1,522184
7290019056409,false,תפוזינה מנגו 1.5 ליטר פיקדון,"יפאורה תבורי בע""מ",IL,משקה תפוזינה בטעם מנגו 1.5 ל,ליטרים,1.50,ליטר,false,1,8.90,5.9333,true,1,522185
7290019056416,false,מיץ בטעם לימונדה ורודה 1.5 ל' תפוזינה,"יפאורה תבורי בע""מ",IL,תפוזינה לימונדה 1.5 ל,ליטרים,1.50,ליטר,false,1,8.90,5.9333,true,1,522186
7290019056423,false,מיץ בטעם תפוח רענן 1.5ל' תפוזינה,"יפאורה תבורי בע""מ",IL,משקה תפוזינה תפוח 1.5 ל,ליטרים,1.50,ליטר,false,1,8.90,5.9333,true,1,522187
7290019056430,false,תפוזינה תפוזים לייט 1.5 ליטר פיקדון,"יפאורה תבורי בע""מ",IL,תפוזינה תפוזים דיאט 1.5 ל,ליטרים,1.50,ליטר,false,1,8.90,5.9333,true,1,522188
7290019056478,false,ספרינג טי קר אפרסק 1.5ליטר פיקדון,"יפאורה תבורי בע""מ",IL,תה ספרינג אפרסק 1.5 ל,ליטרים,1.50,ליטר,false,1,7.90,5.2667,true,1,522190
7290019056485,false,ספריג תה ירוק לימון לואיזה 1.5 ליטר פיקדון,"יפאורה תבורי בע""מ",IL,תה ספרינג תה ירוק 1.5 ל,מיליליטרים,1500.00,"100 מ""ל",false,1,7.90,0.5267,true,1,522191
7290019056492,false,ספרינג תה מנגו אפרסק 1.5 ליטר פיקדון,"יפאורה תבורי בע""מ",IL,תה ספרינג מנגו אפרסק 1.5 ל,ליטרים,1.50,ליטר,false,1,7.90,5.2667,true,1,522192
7290019056508,false,פרוט ווטר ענבים 1.5 ליטר פיקדון,"יפאורה תבורי בע""מ",IL,משקה פרויט ווטר ענבים 1.5 ל,ליטרים,1.50,ליטר,false,1,8.90,5.9333,true,1,522194
7290019056515,false,פרוט ווטר אננס 1.5 ליטר פיקדון,"יפאורה תבורי בע""מ",IL,משקה פרויט ווטר אננס 1.5 ל,ליטרים,1.50,ליטר,false,1,8.90,5.9333,true,1,522195
7290019056522,false,פרוט ווטר תות 1.5 ליטר פיקדון,"יפאורה תבורי בע""מ",IL,משקה פרויט ווטר תות 1.5 ל,ליטרים,1.50,ליטר,false,1,8.90,5.9333,true,1,522196
7290019056539,false,פרוט ווטר אפרסק 1.5 ליטר פיקדון,"יפאורה תבורי בע""מ",IL,משקה פרויט ווטר אפרסק 1.5 ל,ליטרים,1.50,ליטר,false,1,8.90,5.9333,true,1,522197
7290019056546,false,פרוט ווטר אבטיח 1.5 ליטר פיקדון,"יפאורה תבורי בע""מ",IL,משקה פרויט ווטר אבטיח 1.5 ל,ליטרים,1.50,ליטר,false,1,8.90,5.9333,true,1,522198
7290019056553,false,עין גדי מים מינרלים 2 ליטר*6 יח',עין גדי מים מינרליים,IL,מים מינרלים עין גדי 2 ל שישיה,ליטרים,12.00,ליטר,false,1,12.90,1.0750,true,1,522257
7290019056577,false,ספרינג מנגו 1.5 ליטר פיקדון,"יפאורה תבורי בע""מ",IL,ספרינג מנגו 1.5 ל,מיליליטרים,1500.00,"100 מ""ל",false,1,8.90,0.5933,true,1,522170
7290019056584,false,ספרינג תפוזים 1.5 ליטר פיקדון,"יפאורה תבורי בע""מ",IL,ספרינג תפוז 1.5 ל,מיליליטרים,1500.00,"100 מ""ל",false,1,8.90,0.5933,true,1,522631
7290019056591,false,ספרינג ענבים 1.5 ליטר פיקדון,"יפאורה תבורי בע""מ",IL,ספרינג ענבים 1.5 ל,מיליליטרים,1500.00,"100 מ""ל",false,1,8.90,0.5933,true,1,522171
7290019056607,false,ספרינג תפוחים 1.5 ליטר פיקדון,"יפאורה תבורי בע""מ",IL,ספרינג תפוחים 1.5 ל,מיליליטרים,1500.00,"100 מ""ל",false,1,8.90,0.5933,true,1,522172
7290019056614,false,ספרינג אפרסק 1.5 ליטר פיקדון,"יפאורה תבורי בע""מ",IL,ספרינג אפרסק 1.5 ל,ליטרים,1.50,ליטר,false,1,8.90,5.9333,true,1,522173
7290019056621,false,ספרינג פירות טרופיים 1.5 ליטר פיקדון,"יפאורה תבורי בע""מ",IL,ספרינג פירות קיץ טרופי 1.5 ל,מיליליטרים,1500.00,"100 מ""ל",false,1,8.90,0.5933,true,1,522174
7290019056638,false,ספרינג תות בננה 1.5 ליטר פיקדון,"יפאורה תבורי בע""מ",IL,ספרינג תות בננה 1.5 ל,מיליליטרים,1500.00,"100 מ""ל",false,1,8.90,0.5933,true,1,522175
7290019056645,false,ספרחנג אגס תפוח סברס 1.5 ליטר פיקדון,"יפאורה תבורי בע""מ",IL,ספרינג אגס סברס תפוח 1.5 ל,מיליליטרים,1500.00,"100 מ""ל",false,1,8.90,0.5933,true,1,522176
7290019056652,false,ספרינג אננס בננה 1.5 ליטר פיקדון,"יפאורה תבורי בע""מ",IL,ספרינג אננס בננה 1.5 ל,מיליליטרים,1500.00,"100 מ""ל",false,1,8.90,0.5933,true,1,522177
7290019056669,false,ספרינג תפוחים גיאט 1.5 ליטר פיקדון,"יפאורה תבורי בע""מ",IL,ספרינג תפוחים דיאט 1.5 ל,מיליליטרים,1500.00,"100 מ""ל",false,1,8.90,0.5933,true,1,522178
7290019056676,false,מיץ דיאט בטעם אשכוליות ואננס 1.5ל' ספרינג,"יפאורה תבורי בע""מ",IL,ספרינג אשכוליות אננס 1.5 ל,מיליליטרים,1500.00,"100 מ""ל",false,1,8.90,0.5933,true,1,522179
7290019056720,false,קריסטל מיץ ענבים 2 ליטר פיקדון,יפאורה תבורי,IL,קריסטל ענבים,ליטרים,2.00,ליטר,false,1,7.90,3.9500,true,1,522242
7290019056737,false,מיץ בטעם אשכוליות 2 ל' קריסטל,יפאורה תבורי,IL,קריסטל אשכוליות,ליטרים,2.00,ליטר,false,1,7.90,3.9500,true,1,522243
7290019056744,false,קריסטל מיץ תפוזים 2 ליטר פיקדון,יפאורה תבורי,IL,קריסטל תפוזים,ליטרים,2.00,ליטר,false,1,7.90,3.9500,true,1,522244
7290019056751,false,קריסטל מיץ אשכוליות דיאט 2 ליטר פיקדון,יפאורה תבורי,IL,אשכול דיאט קריסטל 2 ל,ליטרים,2.00,ליטר,false,1,7.90,3.9500,true,1,522245
7290019056775,false,קריסטל מוגז ענבים 2 ליטר פיקדון,יפאורה תבורי,IL,קריסטל ענבים,ליטרים,2.00,ליטר,false,1,7.90,3.9500,true,1,522247
7290019056782,false,משקה מוגז בטעם לימון ליים 2 ל' קריסטל,יפאורה תבורי,IL,קריסטל לימון ליי,ליטרים,2.00,ליטר,false,1,7.90,3.9500,true,1,522248
7290019056799,false,קריסטל מוגז אקזוטי 2 ליטר פיקדון,יפאורה תבורי,IL,קריסטל אקזוטי מוגז,ליטרים,2.00,ליטר,false,1,7.90,3.9500,true,1,522249
7290019056805,false,קריסטל מוגז תפוחים 2 ליטר פיקדון,יפאורה תבורי,IL,קריסטל תפוחים,ליטרים,2.00,ליטר,false,1,7.90,3.9500,true,1,522250
7290019056812,false,קריסטל מוגז מנטה 2 ליטר פיקדון,יפאורה תבורי,IL,קריסטל מנטה,ליטרים,2.00,ליטר,false,1,7.90,3.9500,true,1,522251
7290019056829,false,קריסטל מוגז תפוזים 2 ליטר פיקדון,קריות זול,,קריסטל תפוז 2 ל,ליטרים,2.00,ליטר,false,1,7.90,3.9500,true,1,522252
7290019056850,false,ספרינג תה אפרסק דיאט 1.5 ליטר פיקדון,"יפאורה תבורי בע""מ",IL,תה ספרינג דיאט אפרסק 1.5 ל,מיליליטרים,1500.00,"100 מ""ל",false,1,7.90,0.5267,true,1,522193
7290019056881,false,מי סודה שוויפס 1.5ל',"יפאורה תבורי בע""מ",IL,שוופס סודה 1.5 ל,ליטרים,6.00,ליטר,false,1,3.90,0.6500,true,1,524138
7290019056942,false,מים מינרליים טבעיים,יפאורה,IL,מים מינרליים טבעיים עין גדי 2 ל,ליטרים,2.00,ליטר,false,1,3.90,1.9500,true,1,522622
7290019056966,false,מי עדן בקבוק פיקדון 1.5 ליטר,"מי עדן בע""מ",IL,מי עדן 1.5 ל,ליטרים,1.50,ליטר,false,1,3.90,2.6000,true,1,522621
7290019056973,false,מי עדן 1.5 ליטר שישייה פיקדון,מופק ממקור בזלתי עדן,IL,מים מינרלים מי עדן 1.5 ל שישיה,ליטרים,9.00,ליטר,false,1,12.90,1.4333,true,1,522168
7290019153078,false,"שוופס ביטר למון לייט, 1.5 ליטר פקדון","יפאורה תבורי בע""מ",IL,שוופס ביטר למון לייט 1.5 ל,ליטרים,1.50,ליטר,false,1,13.90,9.2667,true,1,523025
7290019153085,false,"שוופס ללא סוכר מוחיטו, 1.5 ליטר פקדון","יפאורה תבורי בע""מ",IL,שוופס ליים מוחיטו ללא סוכר 1.5 ל,ליטרים,1.50,ליטר,false,1,8.90,5.9333,true,1,523024
7290019153252,false,שוופס סודה תפוח 1.5 ליטר רביעייה פיקדון,"יפאורה תבורי בע""מ",IL,שוופס סודה תפוח 1.5 ל רביעיה,ליטרים,6.00,ליטר,false,1,11.90,1.9833,true,1,524733
7290019153269,false,שוופס סודה אננס 1.5 ליטר רביעייה פיקדון,"יפאורה תבורי בע""מ",IL,שוופס סודה אננס 1.5 ל רביעיה,ליטרים,6.00,ליטר,false,1,11.90,1.9833,true,1,524732
7290019153306,false,סודה שוויפס בטעם תפוח 1.5ל,"יפאורה תבורי בע""מ",,שוופס סודה תפוח 1.5 ל,ליטרים,1.50,ליטר,false,1,3.90,2.6000,true,1,525886
7290019153344,false,מיץ בטעם סנגרייה 1.5 ל' תפוזינה,"יפאורה תבורי בע""מ",IL,תפוזינה סנגרייה 1.5 ל,ליטרים,1.50,ליטר,false,1,8.90,5.9333,true,1,524728
7290019153351,false,מיץ בטעם פינק אוזו 1.5 ל' תפוזינה,"יפאורה תבורי בע""מ",IL,תפוזינה פינק אוזו 1.5 ל,ליטרים,1.50,ליטר,false,1,8.90,5.9333,true,1,524729
7290019153375,false,מיץ בטעם מוחיטו 1.5 ל' תפוזינה,"יפאורה תבורי בע""מ",IL,תפוזינה מוחיטו 1.5 ל,ליטרים,1.50,ליטר,false,1,8.90,5.9333,true,1,524730
7290019153566,false,ספרינג רימון אוכמניות דובדבן 1.5 ליטר,יפאורה תבורי,IL,ספרינג רימון אוכמניות דובדבן 1.5 ל,מיליליטרים,1500.00,"100 מ""ל",false,1,8.90,0.5933,true,1,526411
7290019167020,false,עוגת גבינה עם פירות יער לייט 80 ג' קינוחי עדן,עדן קינוחים Eden,,קינוח עוגת גבינה פירות יער לייט 82 גר,גרמים,82.00,100 גרם,false,12,6.90,8.4146,true,1,527261
7290019167037,false,תותים בקצפת 82 ג' קינוחי עדן,עדן קינוחים Eden,,קינוח תותים בקצפת עדן 82 גר,גרמים,82.00,100 גרם,false,12,6.90,8.4146,true,1,527259
7290019167044,false,קצפת עם קרם בייגלה מתוק מלוח 82 ג' עדן,עדן קינוחים Eden,,קינוח קצפת עם קרם בייגלה מתוק מלוח 82 גר,גרמים,82.00,100 גרם,false,12,6.90,8.4146,true,1,527260
7290019176039,false,פילה טונה בשמן קנולה,,,פילה טונה בשמן קנולה פלפל לימון 160 גר,גרמים,160.00,100 גרם,false,1,15.90,9.9375,true,1,521904
7290019176046,false,פילה טונה בשמן זית 1,,,פילה טונה בשמן זית 160 גר,גרמים,160.00,100 גרם,false,1,16.90,10.5625,true,1,521908
7290019176060,false,שמן חמניות מזוכך חמנ,,,שמן חמניות מזוכך חמניית זהב 1 ל,ליטרים,1.00,ליטר,false,1,17.90,17.9000,true,1,525712
7290019176077,false,שמן חמניות מזוכך טיפ,,,שמן חמניות מזוכך טיפת שמש 1 ל,ליטרים,1.00,ליטר,false,1,17.90,17.9000,true,1,525711
7290019226093,false,אננס חתוך תומר 565 ג,,,אננס חתוך תומר 565 גר,גרמים,565.00,100 גרם,false,1,7.90,1.3982,true,1,525071
7290019226109,false,אננס פרוס תומר 565 ג,,,אננס פרוס תומר 565 גר,גרמים,565.00,100 גרם,false,1,7.90,1.3982,true,1,525072
7290019226123,false,קניידלך כופתאות מצה,,,קניידלך כופתאות מצה מוקפאים 400 גר,גרמים,400.00,100 גרם,false,12,19.90,4.9750,true,1,523503
7290019226239,false,פורל ים מעושן 100 ג' טרוט,,,פורל ים מעושן 100 גר,גרמים,100.00,100 גרם,false,1,18.90,18.9000,true,1,528182
7290019232155,false,"חליטת ""לילה טוב"" קמומיל לבנדר ו25 שקיקים ויסוצקי",ויסוצקי,IL,תה ויסוצקי לילה טוב קמומיל לבנדר 25 שק,Unknown,0.00,Unknown,false,1,24.90,0.0000,true,1,527660
7290019232162,false,"חליטת ""לילה טוב"" קמומיל מליסה 25 שקיקים ויסוצקי",ויסוצקי,IL,תה ויסוצקי לילה טוב קמומיל מליסה 25 שק,Unknown,0.00,Unknown,false,1,24.90,0.0000,true,1,527661
7290019232179,false,תה ירוק נענע STAY WELL שקיקים 25 ויסוצקי,ויסוצקי,IL,תה ויסוצקי סטיי וואל נענע 25 שק,Unknown,0.00,Unknown,false,1,24.90,0.0000,true,1,527657
7290019232186,false,תה ירוק לימונית לואיזהSTAY WELL 25 שקיקים ויסוצקי,ויסוצקי,IL,תה ויסוצקי סטיי וול לימונית לואיזה 25 שק,Unknown,0.00,Unknown,false,1,24.90,0.0000,true,1,527658
7290019232193,false,תה ירוק לימונית ג'ינג'ר STAY WELL שקיקים 25 ויסוצקי,ויסוצקי,IL,תה ויסוצקי סטיי וואל לימונית גינגר 25 שק,Unknown,0.00,Unknown,false,1,24.90,0.0000,true,1,527659
7290019232353,false,תה ירוק סיני 50 שקיקים ויסוצקי,ויסוצקי,IL,תה ירוק סיני 50 שק,גרמים,75.00,100 גרם,false,12,39.90,53.2000,true,1,525487
7290019232377,false,"תה צאי וניל הל 50 גרם, 25 שקיקים",קריות זול,IL,תה חווית צאי וניל הל 25 שק,Unknown,0.00,Unknown,false,8,17.90,0.0000,true,1,527666
7290019232384,false,"תה צאי מוקה 50 גרם, 25 שקיקים",קריות זול,IL,תה חווית צאי מוקה 25 שק,Unknown,0.00,Unknown,false,8,17.90,0.0000,true,1,527667
7290019232803,false,הולגריין ביסקוויט+קרם חלב ושוקולד חלב 300 גרם רבנות,פלאדיס,TR,ביסקוויט הולגריין קרם חלב ושוקולד 300 גר,גרמים,300.00,100 גרם,false,1,10.90,3.6333,true,1,525493
7290019232827,false,הולגריין ביסקוויט במילוי אגוזי לוז 300 גרם רבנות,"אולקר ביסקווי סנאי,",TR,ביסקוויט הולגריין במילוי אגוזי לוז 300 ג,גרמים,300.00,100 גרם,false,1,10.90,3.6333,true,1,525495
7290019232834,false,בייגלה מצופה קרם עוגיות ושוקולד 140 גרם פליפז - רבנות,אולקר מקבוצת פלאדיס,TR,בייגלה פליפז מצופה קרם עוגיות שוקולד 140,גרמים,140.00,100 גרם,false,8,9.90,7.0714,true,1,525446
7290019233008,false,רוטב עגבניות עם קוביות ארטישוק ושמן זית 420ג ויסוצקי,זיתא,IT,רוטב עגבניות שקשוקה ארטישוק 420 גר,גרמים,420.00,100 גרם,false,1,13.90,3.3095,true,1,525498
7290019233015,false,רוטב שקשוקה תבשיל ירקות עם שמן זית כתית מעולה 420ג זיתא,זיתא,IT,שקשוקה ירוקה תבשיל ירקות 420 גר,גרמים,420.00,100 גרם,false,1,13.90,3.3095,true,1,525496
7290019233022,false,שקשוקה חצילים רוטב עגבניות עם קוביות חצילים צלויים,זיתא,IT,רוטב עגבניות שקשוקה חצילים 420 גר,גרמים,420.00,100 גרם,false,1,13.90,3.3095,true,1,525497
7290019233039,false,שקשוקה קלאסית- רוטב עגבניות עם קוביות פלפלים צלויים,זיתא,IT,רוטב עגבניות שקשוקה קלאסית 420 גר,גרמים,420.00,100 גרם,false,1,13.90,3.3095,true,1,525499
7290019233046,false,זיתא זית קלמטה בלונד 215 גר',זיתא,IL,זית קלמטה בלונד מרינד עם שמן זית 215 גר,גרמים,215.00,100 גרם,false,1,13.90,6.4651,true,1,522747
7290019297161,false,טורטיות ראפ מקמח תירס 540 ג' 12 יח',,TR,טורטיות ראפ מקמח תירס 45 גר,גרמים,450.00,100 גרם,false,1,8.90,1.9778,true,1,502690
7290019297239,false,צימוק חום 330גר קופס,"דין שיווק וקליה בע""מ",,צימוק חום קופסא 250 גר,גרמים,250.00,100 גרם,false,1,12.90,5.1600,true,1,522776
7290019297246,false,שזיף מיובש עם גרעין,"דין שיווק וקליה בע""מ",,שזיף מיובש עם גרעין ששון הקולה 250 גר,גרמים,250.00,100 גרם,false,1,17.90,7.1600,true,1,502748
7290019297406,false,מעדן דובדובן ללא סוכר שקדיה 284 ג',,,מעדן דובדבן 100% פרי שקדיה 284 גר,גרמים,284.00,100 גרם,false,1,8.90,3.1338,true,1,502699
7290019297413,false,מעדן אפרסק ללא סוכר שקדיה 284 ג',,CN,מעדן אפרסק 100% פרי שקדיה 284 גר,גרמים,284.00,100 גרם,false,1,8.90,3.1338,true,1,502698
7290019297420,false,מעדן תות שדה ללא סוכר שקדיה 284 ג',,CN,מעדן תות שדה 100% פרי שקדיה 284 גר,גרמים,284.00,100 גרם,false,1,8.90,3.1338,true,1,502703
7290019297437,false,מעדן אוכמניות ללא סוכר שקדיה 284 ג',,CN,מעדן אוכמניות ללא תוספת סוכר שקדיה 284 ג,גרמים,284.00,100 גרם,false,1,8.90,3.1338,true,1,502696
7290019297536,false,חמאת בוטנים עם שברי בוטנים Crazy or Nuts,דין שיווק,,חמאת בוטנים עם שברי בוטנים 510 גר,גרמים,510.00,100 גרם,false,1,11.90,2.3333,true,1,507976
7290019297635,false,שקדים קלויים ששון הק,"דין שיווק וקליה בע""מ",IL,שקד קלוי ששון קלוי 150 גר,גרמים,150.00,100 גרם,false,1,14.90,9.9333,true,1,502753
7290019302315,false,"באזז אבטיח מלון 750 מ""ל",יקבי כרמל,IL,יין מבעבע באזז אבטיח מלון 750 מל,מיליליטרים,750.00,"100 מ""ל",false,12,29.90,3.9867,true,1,525548
7290019302636,false,מארז רביעיית קרומבאכ,,,מארז רביעיית קרומבאכר+כוס 330 מל,מיליליטרים,1320.00,"100 מ""ל",false,1,24.90,1.8864,true,1,527790
7290019443124,false,בירה נגב אואזיס 330,הכרם משקאות חריפים ב,IL,בירה נגב אואזיס 330 מל,מיליליטרים,330.00,"100 מ""ל",false,1,13.90,4.2121,true,1,526340
7290019462149,false,נבטים צוות לעניין,,,נבטים צוות לעניין,Unknown,0.00,Unknown,false,1,9.90,0.0000,true,1,528402
7290021288720,false,פחלווה גרוזינית 450,,,פחלבה גרוזינית 450גר,גרמים,450.00,100 גרם,false,1,29.90,6.6444,true,1,473563
7290030944860,false,סטייק דג לשנון אטלנט,,,סטייק דג לשנון אטלנטי פלטוס 1 קג,קילוגרמים,1.00,"ק""ג",false,1,84.90,84.9000,true,1,516258
7290030947526,false,דג מויבה מעושן 200 ג,,,דג מויבה מעושן 200 גר,גרמים,200.00,100 גרם,false,1,13.90,6.9500,true,1,526815
7290030947694,false,פילה הרינג מעושן 200,,,פילה הרינג מעושן 200 גר,גרמים,200.00,100 גרם,false,1,13.90,6.9500,true,1,526816
7290055090801,false,שוקולד לבן ללא סוכר כרמית 85ג',כרמית תעשיות ממתקים,IL,שוקולד לבן ללא סוכר 85 גר,גרמים,85.00,100 גרם,false,1,6.90,8.1176,true,1,491962
7290067642005,false,גולדסטאר סלואו בריאו,טמפו,IL,"בירה גולדסטאר סלוב בריו 330 מ""ל",מיליליטרים,330.00,"100 מ""ל",false,1,7.90,2.3939,true,1,492043
7290089617074,false,פטריות מסליאטה מוחמצ,,CN,פטריות מסליאטה מוחמצות 680 גר,גרמים,680.00,100 גרם,false,6,14.90,2.1912,true,1,516570
7290089617142,false,פטריות אופיאטה מוחמצ,,CN,פטריות אופיאטה מוחמצות 680 גר,גרמים,680.00,100 גרם,false,6,14.90,2.1912,true,1,516568
7290089617388,false,פטריות בורוביצקי מוח,,CN,פטריות בורוביצקי מוחמצות 680 גר,גרמים,680.00,100 גרם,false,6,14.90,2.1912,true,1,516569
7290100235324,false,בונז'ור עוגת בריוש גבינה 500ג',בונז'ור,IL,עוגת בריוש גבינה 550גר,גרמים,550.00,100 גרם,false,1,24.90,4.5273,true,1,474198
7290100235553,false,בונז'ור עוגת בריוש תפוח עם אגוזים 550 ג',בונז'ור,IL,עוגת בריוש תפוח עם אגוז 550גר,גרמים,550.00,100 גרם,false,1,24.90,4.5273,true,1,474199
7290100240137,false,"תרסיס למייבש כביסה כחול 500 מ""ל בדין","זוהר דליה, קיבוץ דלי",IL,"תרסיס ""בדין"" כחול 50",מיליליטרים,500.00,"100 מ""ל",false,1,16.90,3.3800,true,1,456318
7290100240144,false,"תרסיס למייבש כביסה ורוד 500 מ""ל בדין","זוהר דליה, קיבוץ דלי",IL,"תרסיס ""בדין"" ורוד 50",מיליליטרים,500.00,"100 מ""ל",false,1,16.90,3.3800,true,1,456319
7290100240632,false,"פתית 6 דגנים תלמה 250 גר בד""צ",יוניליוור ישראל מזון,IL,פתית 6 דגנים 250 גרם,גרמים,250.00,100 גרם,false,1,15.90,6.3600,true,1,456326
7290100240656,false,"פתית שיפון תלמה 300ג' בד""צ",יוניליוור ישראל מזון,IL,פתית שיפון 300 גרם,גרמים,300.00,100 גרם,false,1,15.90,5.3000,true,1,456327
7290100243084,false,מיונז אמיתי הלמנס 789 ג',"יונילוור ארה""ב",,מיונז אמיתי הלמנס 789 גר,גרמים,789.00,100 גרם,false,1,22.90,2.9024,true,1,456361
7290100243671,false,מרכך כביסה אקסטרא בניחוח יסמין מרענן,יוניליוור סנאיי וי ט,TR,"מרכך כביסה ""בדין"" אק",מיליליטרים,960.00,"100 מ""ל",false,1,14.90,1.5521,true,1,456375
7290100249598,false,"רוטב לבישול שום ודבש קנור 320ג' בד""צ",יוניליוור ישראל מזון,IL,רוטב לעוף שום ודבר 320 גר,גרמים,320.00,100 גרם,false,1,10.90,3.4063,true,1,456512
7290100249659,false,רוטב לעוף צ'ילי ושום 320 ג' קנור,יוניליוור ישראל מזון,IL,"רוטב לעוף צ""ילי שום",גרמים,320.00,100 גרם,false,1,10.90,3.4063,true,1,456518
7290100341803,false,חטיף לכלבים בונזו עו,ביופט,IL,חטיף לכלבים בונזו עוף דנטליים 20גר,גרמים,20.00,100 גרם,false,1,4.90,24.5000,true,1,479395
7290100412343,false,קוויק מגבונים לניקוי כללי בניחוח לימון 50 יח',,,מגבונים לניקוי כללי קוויק בריח לימון 50,Unknown,0.00,Unknown,false,1,8.90,0.0000,true,1,500441
7290100412435,false,מגבונים לניקוי כללי בריח פרחי בר קוויק 50 יח',,,מגבונים לניקוי כללי קוויק בריח פרחי בר,Unknown,0.00,Unknown,false,1,8.90,0.0000,true,1,500443
7290100412442,false,קוויק מגבונים לניקוי שירותים ואמבטיה מנטה 50יח',,,מגבונים לניקוי שרותים ואמבט קוויק מנטה,Unknown,0.00,Unknown,false,1,8.90,0.0000,true,1,500444
7290100412459,false,קוויק לניקוי שירותים ואמבטיה - בריח לוונדר 50 יח,,,מגבונים לניקוי שרותים ואמבט קוויק לוונדר,Unknown,0.00,Unknown,false,1,8.90,0.0000,true,1,500445
7290100412466,false,מגבונים קוויק לניקוי וחיטוי רצפות בניחוח לימון 10 יח',,,מגבונים לחים קוויק לניקוי רצפות לימון 10,Unknown,0.00,Unknown,false,1,10.90,0.0000,true,1,510548
7290100412756,false,"קרם ידיים לעור יבש פרחי בר ד""ר עור 100 מ""ל","ד""ר עור DOCTOR OR",,קרם ידיים דוקטור אור פרחי בר,Unknown,0.00,Unknown,false,1,10.90,0.0000,true,1,500474
7290100412770,false,"ד""ר עור - תחליב רחצה קלאסי בניחוח מאסק 700 מ""ל","ד""ר עור DOCTOR OR",,"תחליב רחצה קלאסי דוקטור אור מאסק 700 מ""ל",מיליליטרים,700.00,"100 מ""ל",false,1,14.90,2.1286,true,1,500469
7290100412787,false,"ד""ר עור - תחליב רחצה קלאסי בניחוח פריחת הכותנה 700 מ""ל","ד""ר עור DOCTOR OR",,"תחליב רחצה קלאסי דוקטור אור פרח 700 מ""ל",מיליליטרים,700.00,"100 מ""ל",false,1,14.90,2.1286,true,1,500470
7290100412794,false,פילינג עדין לפנים קלאסי בניחוח מאסק,"ד""ר עור DOCTOR OR",,פילינג ניקוי פנים קלאסי דוקטור אור מאסק,מיליליטרים,150.00,"100 מ""ל",false,1,18.90,12.6000,true,1,500476
7290100570234,false,אביזרי מטבח,,,אביזרי מטבח,Unknown,0.00,Unknown,false,1,12.90,0.0000,true,1,479048
7290100570463,false,אביזרי מטבח,,,אביזרי מטבח,יחידה,1.00,יחידה,false,1,35.90,35.9000,true,1,475825
7290100570708,false,אביזרי מטבח,,,אביזרי מטבח,יחידה,1.00,יחידה,false,1,99.90,99.9000,true,1,475824
7290100571279,false,אביזרי מטבח,,,אביזרי מטבח,יחידה,1.00,יחידה,false,1,39.90,39.9000,true,1,475822
7290100572146,false,כ.סט מקפיאון,,,אביזרי מטבח,Unknown,0.00,Unknown,false,1,24.90,0.0000,true,1,471445
7290100572368,false,אביזרי מטבח,,,אביזרי מטבח,Unknown,0.00,Unknown,false,1,19.90,0.0000,true,1,471444
7290100572702,false,אביזרי מטבח ב-11.00,,,אביזרי מטבח,Unknown,0.00,Unknown,false,1,10.90,0.0000,true,1,471442
7290100573396,false,אביזרי מטבח.,,,אביזרי מטבח,Unknown,0.00,Unknown,false,1,9.90,0.0000,true,1,471441
7290100573716,false,שקית זילוף טרמיסו,,,אביזרי מטבח,Unknown,0.00,Unknown,false,1,14.90,0.0000,true,1,479047
7290100575055,false,אביזרי מטבח.,,,אביזרי מטבח,Unknown,0.00,Unknown,false,1,29.90,0.0000,true,1,500902
7290100659090,false,פרי חטיפים ללא סוכר מארז 5 תמרים וקינמו,טבעית מוצרים מן הטבע,IL,חטיף אנרגיה,גרמים,110.00,100 גרם,false,1,16.90,15.3636,true,1,456547
7290100680650,false,מנה חמה נודלס-אטריות ירקות טעם תאילנדי אסם 76 ג',THAI PRESIDENT FOODS,TH,מנה חמה נודלס - אטרי,גרמים,76.00,100 גרם,false,1,6.90,9.0789,true,1,456553
7290100680667,false,מנה חמה נודלס-אטריות+ירקות טעם סצ'ואן,THAI PRESIDENT FOODS,TH,מנה חמה נודלס - אטרי,גרמים,77.00,100 גרם,false,1,6.90,8.9610,true,1,456554
7290100680711,false,פירורית זהב אסם זהב 350ג',עינת תעשיות מזון,IL,"פירורית זהב 350 ג""ר",גרמים,350.00,100 גרם,false,1,8.90,2.5429,true,1,456556
7290100680728,false,פירורית רגילה שקית 350 גרם,מיוצר עי קונדיטוריית,IL,"פירורית 350 ג""ר",גרמים,350.00,100 גרם,false,1,7.90,2.2571,true,1,456557
7290100681015,false,פודינג אינסטנט ריבת חלב 84 ג' אסם,מיוצר עי קונדיטוריית,IL,פודינג אינסטנט ריבת,גרמים,84.00,100 גרם,false,1,5.40,6.4286,true,1,456560
7290100681503,false,עסיס סירופ לימונענע דיאטטי 1 ליטר,בית-השיטה עסיס תעשיו,IL,"""עסיס"" סירופ לימונענ",ליטרים,1.00,ליטר,false,1,17.90,17.9000,true,1,456567
7290100681510,false,עסיס סירופ אשכולית אדומה דיאטטי 1 ליטר,בית-השיטה עסיס תעשיו,IL,"""עסיס"" סירופ אשכולית",ליטרים,1.00,ליטר,false,1,17.90,17.9000,true,1,456568
7290100683880,false,אבקה להכנת פירה 260 ג' אסם,"אסם השקעות בע""מ",IL,"אוסם פירה 260 ג""ר",גרמים,260.00,100 גרם,false,1,13.90,5.3462,true,1,456586
7290100685136,false,"מרק בטעם עוף 1 ק""ג אסם","אסם השקעות בע""מ",IL,אבקת מרק בטעם עוף 1 קג,קילוגרמים,1.00,"ק""ג",false,1,15.90,15.9000,true,1,456599
7290100685341,false,מרק בטעם עוף זך רכיבים טבעיים 400 ג' אסם,"אסם השקעות בע""מ",IL,אבקת מרק בטעם עוף זך,גרמים,400.00,100 גרם,false,1,15.90,3.9750,true,1,456602
7290100686164,false,ביסלי ברביקיו מארז 6 יח' * 35 ג' אסם,מיוצר עי קונדיטוריית,IL,ביסלי ברביקיו מולטיפ,גרמים,210.00,100 גרם,false,1,12.90,6.1429,true,1,456611
7290100686171,false,ביסלי גריל מארז 6 יח' * 35 ג' אסם,"אסם השקעות בע""מ",IL,ביסלי גריל מולטיפק 6,גרמים,210.00,100 גרם,false,1,12.90,6.1429,true,1,456612
7290100687109,false,במבה במילוי קרם נוגט 60ג' אסם,"אסם השקעות בע""מ",IL,במבה במילוי קרם נוגט,גרמים,60.00,100 גרם,false,1,4.90,8.1667,true,1,456616
7290100688618,false,גביעי גלידה ממותקים בטעם שוקו 24 יח',גילרו,IL,גביעי גלידה ממותקים,גרמים,85.00,100 גרם,false,1,15.90,18.7059,true,1,456624
7290100689301,false,אבקת מרק עוף זך עדיף אסם 400 גר',"אסם השקעות בע""מ",IL,מרק טעם עוף זך - עדי,גרמים,400.00,100 גרם,false,1,14.90,3.7250,true,1,456630
7290100700020,false,סוגת גריסי פנינה 500גרם,האי נאם סי או אל.טי.,IL,גריסי פנינה 500 גר,גרמים,500.00,100 גרם,false,1,5.90,1.1800,true,1,456647
7290100700068,false,סוגת שעועית צבעונית 500גרם,,,שעועית צבעונית,גרמים,500.00,100 גרם,false,1,7.90,1.5800,true,1,456648
7290100700075,false,פירורי לחם מוזהבים 200 ג' סוגת,"סוגת תעשיות בע""מ",IL,פירורי לחם מוזהב 200,גרמים,200.00,100 גרם,false,1,3.90,1.9500,true,1,456649
7290100700242,false,"אורז מלא עגול סוגת 1 ק""ג","סוגת תעשיות בע""מ",IL,"אורז מלא עגול 1 ק""ג",קילוגרמים,1.00,"ק""ג",false,1,9.90,9.9000,true,1,456650
7290100700273,false,קינואה סוגת 500 גרם,האי נאם סי או אל.טי.,IL,קינואה 500 גר,גרמים,500.00,100 גרם,false,1,12.90,2.5800,true,1,456652
7290100700297,false,עדשים שחורות סוגת 500 ג',,,עדשים מנומרות 500 גר,גרמים,500.00,100 גרם,false,1,7.90,1.5800,true,1,470406
7290100700310,false,"כוסמת 1ק""ג סוגת",,,כוסמת 1 קג,קילוגרמים,1.00,"ק""ג",false,1,15.90,15.9000,true,1,456653
7290100700372,false,"סוגת אורז בסמטי מלא 1 ק""ג",האי נאם סי או אל.טי.,IL,"אורז בסמטי מלא 1 ק""ג",קילוגרמים,1.00,"ק""ג",false,1,12.90,12.9000,true,1,456656
7290100700389,false,"אורז אדום סוגת 1 ק""ג",סוגת תעשיות,IL,"אורז אדום 1 ק""ג",קילוגרמים,1.00,"ק""ג",false,1,12.90,12.9000,true,1,456657
7290100700396,false,"סוגת אורז יסמין קלאסי 1 ק""ג",האי נאם סי או אל.טי.,IL,אורז יסמין קלאסי 1 ק,קילוגרמים,1.00,"ק""ג",false,1,11.90,11.9000,true,1,456658
7290100700563,false,אורז מיקס קלאסי 1 ק',סוגת תעשיות,IL,אורז מיקס 1 קג סוגת,קילוגרמים,1.00,"ק""ג",false,1,12.90,12.9000,true,1,456664
7290100700587,false,סוגת בורגול 500 גרם,האי נאם סי או אל.טי.,IL,"בורגול 500 גר""",גרמים,500.00,100 גרם,false,1,5.90,1.1800,true,1,456665
7290100701126,false,שעועית מש סוגת 500גר,סוגת,IL,שעועית מש 500 גרם,גרמים,500.00,100 גרם,false,1,10.90,2.1800,true,1,456695
7290100701140,false,"אורז ריזוטו 1 ק""ג סוגת","סוגת תעשיות בע""מ",IL,אורז ריזוטו ארבוריו,קילוגרמים,1.00,"ק""ג",false,1,13.90,13.9000,true,1,456696
7290100701157,false,אורז להכנת סושי סוגת,Unknown,,"אורז סושי 1 ק""ג",קילוגרמים,1.00,"ק""ג",false,1,13.90,13.9000,true,1,456697
7290100701300,false,סוגת קינואה אדומה 500גרם,Unknown,,קינואה אדומה 500 גרם,גרמים,500.00,100 גרם,false,1,12.90,2.5800,true,1,456704
7290100701331,false,קמח רב תכליתי שטיבל קמח חיטה לבן בהיר,"שטיבל בע""מ - טחנות ק",IL,"קמח רב תכליתי 1 ק""ג",גרמים,1000.00,100 גרם,false,1,6.90,0.6900,true,1,456706
7290100701348,false,"קמח שיפון מלא 1ק""ג סוגת",טחנות קמח שטיבל באר,IL,"קמח שיפון מלא 1 ק""ג",גרמים,1000.00,100 גרם,false,1,6.90,0.6900,true,1,456707
7290100701386,false,קמח לחלה קמח חיטה לבן שטיבל,"שטיבל בע""מ - טחנות ק",IL,"קמח לחלה 1 ק""ג",גרמים,1000.00,100 גרם,false,1,6.90,0.6900,true,1,456709
7290100701409,false,קמח תירס סוגת 500 גר,,,קמח תירס 500גר,גרמים,500.00,100 גרם,false,1,5.90,1.1800,true,1,473065
7290100701454,false,גרישה - בורגול דק,"סוגת תעשיות בע""מ",IL,גרישה 500 גרם,קילוגרמים,0.50,"ק""ג",false,1,5.90,11.8000,true,1,456711
7290100701577,false,קמח לחם קמח חיטה לבן שטיבל,שטיבל טחנות קמח,IL,"קמח לחם 1 ק""ג",גרמים,1000.00,100 גרם,false,1,6.90,0.6900,true,1,456712
7290100701874,false,"קמח כוסמין 1 ק""ג סוגת",טחנות קמח שטיבל באר,IL,"קמח סוגת כוסמין מלא 1 ק""ג",קילוגרמים,1.00,"ק""ג",false,1,14.90,14.9000,true,1,486955
7290100701881,false,קמח פיצה ופוקצ'ה- קמח חיטה לבן בהיר שטיבל,"שטיבל בע""מ - טחנת קמ",IL,"קמח פיצה ופוקצ""ה 1 ק",גרמים,1000.00,100 גרם,false,1,6.90,0.6900,true,1,456729
7290100702277,false,קוסקוס עבה סוגת 350 גר',סוגת,IL,"קוסקוס עבה 350 ג""ר",גרמים,350.00,100 גרם,false,1,4.90,1.4000,true,1,468225
7290100702284,false,קוסקוס מלא סוגת 350 גרם,סוגת,IL,"קוסקוס מלא 350 ג""ר",גרמים,350.00,100 גרם,false,1,4.90,1.4000,true,1,468226
7290100702314,false,סוגת שעועית שחורה 500 גרם,,,שעועית שחור 500 גר,גרמים,500.00,100 גרם,false,1,7.90,1.5800,true,1,469545
7290100702383,false,"קמח תופח סוגת 1 ק""ג",שטיבל טחנות קמח,IL,קמח תופח 1 קג,קילוגרמים,1.00,"ק""ג",false,1,6.90,6.9000,true,1,468975
7290100702604,false,פולנטה מהירת הכנה סוגת 500 ג',,,פולנטה 500גר,גרמים,500.00,100 גרם,false,1,10.90,2.1800,true,1,473066
7290100702611,false,פתיתים אפויים אורז סוגת 500 ג',אסיף,,פתיתים אפויים אורז 500 גר,גרמים,500.00,100 גרם,false,1,5.90,1.1800,true,1,471035
7290100702628,false,פתיתים אפויים קוסקוס סוגת 500 ג',יושלם,,פתיתים אפויים קוסוקס 500 גר,גרמים,500.00,100 גרם,false,1,5.90,1.1800,true,1,471036
7290100702642,false,פתיתים אפויים טבעת 500 ג' סוגת,,,פתיתים אפויים טבעות 500 גר,גרמים,500.00,100 גרם,false,1,5.90,1.1800,true,1,471038
7290100702659,false,פתיתים אפויים מקמח מלא סוגת 400ג',,,פתיתים אפויים מקמח מלא 400 גר,גרמים,400.00,100 גרם,false,1,5.90,1.4750,true,1,471039
7290100702666,false,פתיתים אפויים עם בצל 400 ג' סוגת,,,פתיתים אפויים עם בצל 400 גר,גרמים,400.00,100 גרם,false,1,5.90,1.4750,true,1,471040
7290100702673,false,פתיתים אפויים 3 צבעים 400 ג' סוגת,,,פתיתים אפויים 3 בצעים 400 גר,גרמים,400.00,100 גרם,false,1,5.90,1.4750,true,1,471041
7290100702741,false,"סוכר חום בהיר בצנצנת 1 ק""ג סוגת",סוגת,IL,סוכר חום בהיר צנצנת 1קג,קילוגרמים,1.00,"ק""ג",false,1,11.90,11.9000,true,1,474252
7290100702987,false,פתיתי שיבולת שועל דק סוגת 500ג',סוגת תעשיות,,שיבולת שועל 500 גר,גרמים,500.00,100 גרם,false,1,5.90,1.1800,true,1,483269
7290100702994,false,סוגת סוכר דמררה קלאסי בשקית 500 גרם,"סוגת תעשיות בע""מ",IL,סוכר דמררה קלאסי 500 גר,גרמים,500.00,100 גרם,false,1,5.90,1.1800,true,1,480499
7290100703007,false,עדשים שחורות בלוגה סוגת 500 גר',האי נאם סי או אל.טי.,IL,עדשים שחורות בלוגה 500 גר,גרמים,500.00,100 גרם,false,1,7.90,1.5800,true,1,480500
7290100703434,false,בורגול חום סוגת 500 ג',,,בורגול חום סוגת 500 גר,גרמים,500.00,100 גרם,false,1,5.90,1.1800,true,1,485166
7290100703458,false,כוסמת לא קלוי 500 ג' סוגת,,,כוסמת לא קלויה 500 גר,גרמים,500.00,100 גרם,false,1,7.90,1.5800,true,1,486688
7290100703533,false,קמח קסם תערובת קמח עם שמרים,"שטיבל בע""מ",IL,"קמח קסם סוגת 1 ק""ג",קילוגרמים,1.00,"ק""ג",false,1,8.90,8.9000,true,1,489189
7290100703557,false,"קמח פוקצ'ה 1ק""ג סוגת",קריות זול,,"קמח פוקצה 1 ק""ג",קילוגרמים,1.00,"ק""ג",false,1,6.90,6.9000,true,1,487823
7290100703564,false,פתיתי שיבולת שועל עבה סוגת 500 ג',,,שיבולת שועל עבה 500 גר,גרמים,500.00,100 גרם,false,1,5.90,1.1800,true,1,487822
7290100703625,false,קמח חיטה לבן ללא צורך בניפוי,סוגת,,"קמח סוגת לבן ללא ניפוי 1 ק""ג",קילוגרמים,1.00,"ק""ג",false,1,7.90,7.9000,true,1,490977
7290100703632,false,קמח חיטה מלא ללא צורך בניפוי,סוגת,,"קמח סוגת מלא ללא ניפוי 1 ק""ג",קילוגרמים,1.00,"ק""ג",false,1,7.90,7.9000,true,1,490973
7290100703649,false,"קמח מלא 80% חיטה ללא ניפוי סוגת 1ק""ג",סוגת,,"קמח סוגת מלא חיטה 80% ללא ניפוי 1 ק""ג",קילוגרמים,1.00,"ק""ג",false,1,7.90,7.9000,true,1,490976
7290100703847,false,קוביות סוכר לבן 500 ג' סוגת,,,קוביות סוכר לבן 500 גר,גרמים,500.00,100 גרם,false,1,9.90,1.9800,true,1,495548
7290100703854,false,קוביות סוכר לבן דמררה 500 ג' סוגת,,,קוביות סוכר דמררה 500 גר,גרמים,500.00,100 גרם,false,1,9.90,1.9800,true,1,495549
7290100703861,false,"קמח תערובת קסם לחלה 1 ק""ג סוגת",סוגת,IL,"קמח תערובת קסם לחלה 1 ק""ג",קילוגרמים,1.00,"ק""ג",false,1,8.90,8.9000,true,1,493207
7290100703908,false,סוכר דמררה סוגת בשקי,,,סוכר חום דמררה סוגת 1 קג,קילוגרמים,1.00,"ק""ג",false,1,10.90,10.9000,true,1,494270
7290100703922,false,פופקורן להכנה במיקרוגל בטעם טבעי - מארז 6 שקיות,סוגת,,מארז פופקורן למיקרו טבעי 5+1 540 גר,גרמים,540.00,100 גרם,false,1,9.90,1.8333,true,1,498291
7290100703953,false,קוקוס סוגת 500 ג',,,קוקוס 500 גר,גרמים,500.00,100 גרם,false,1,9.90,1.9800,true,1,496506
7290100703960,false,שומשום 500 ג' סוגת,,,שומשום 500 גר,גרמים,500.00,100 גרם,false,1,9.90,1.9800,true,1,496505
7290100704578,false,קמח סוגת כוסמין לבן,,,קמח סוגת כוסמין לבן תופח 1 קג,קילוגרמים,1.00,"ק""ג",false,1,14.90,14.9000,true,1,519656
7290100704615,false,סוכר לבן דק דק בצנצנת 500 ג',סוגת,,סוכר לבן דק דק בצנצנת 500 גר,גרמים,500.00,100 גרם,false,1,7.90,1.5800,true,1,520221
7290100704622,false,סוכר דמררה דק דק בצנצנת 500 ג',סוגת,,סוכר דמררה דק דק בצנצנת 500 גר,גרמים,500.00,100 גרם,false,1,8.90,1.7800,true,1,520220
7290100704684,false,"קמח שמרים כוסמין סוגת רב תכליתי 1 ק""ג סוגת",,,קמח שמרים כוסמין 1 קג,קילוגרמים,1.00,"ק""ג",false,1,19.90,19.9000,true,1,525240
7290100704691,false,אורז אדום סוגת 500,סוגת,IL,אורז אדום 500 גר,גרמים,500.00,100 גרם,false,1,9.90,1.9800,true,1,528673
7290100704707,false,אורז מיקס סוגת 500,סוגת,IL,אורז מיקס 500 גר,גרמים,500.00,100 גרם,false,1,9.90,1.9800,true,1,528674
7290100858592,false,אבקת קקאו עלית שקית 150 ג',הנסיך- מפעל לייצור ט,IL,"קקאו עלית 150 ג""ר",גרמים,150.00,100 גרם,false,1,9.90,6.6000,true,1,456771
7290100858608,false,אבקת קקאו עלית שקית 500 ג',שטראוס גרופ,IL,"קקאו עלית 500 ג""ר",גרמים,500.00,100 גרם,false,1,23.90,4.7800,true,1,456772
7290100924457,false,כדוריות סבון נתלה לאסלה לימון רענן - 3 יח',הנקל סוד,HU,שלישיית סבון אסלה סוד לימון,Unknown,0.00,Unknown,false,1,17.90,0.0000,true,1,523267
7290100924464,false,כדוריות סבון נתלה לאסלה עם אקונומיקה - 3 יח',הנקל סוד,HU,שלישיית סבון אסלה סוד אקונומיקה,Unknown,0.00,Unknown,false,1,17.90,0.0000,true,1,523265
7290100926598,false,"פרסיל אבקת כביסה 5 ק""ג",פרסיל Persil,IL,אבקת כביסה פרסיל 5 קג,קילוגרמים,5.00,"ק""ג",false,1,44.90,8.9800,true,1,456857
7290100927717,false,"פרסיל קולור אבקת כביסה 5 ק""ג -מרכז",פרסיל Persil,IL,אבקת כביסה פרסיל קולור 5 קג,קילוגרמים,5.00,"ק""ג",false,1,44.90,8.9800,true,1,456861
7290100941416,false,יין פורט גראמס טאוני,,,"יין פורט גראמס טאוני אדום 750 מ""ל",מיליליטרים,750.00,"100 מ""ל",false,1,69.90,9.3200,true,1,490156
7290101486688,false,פרי חטיפי בריאות מארז 5 דגנים עם שוקולד,טבעית מוצרים מן הטבע,IL,פרי חטיפי בריאות מאר,גרמים,110.00,100 גרם,false,1,16.90,15.3636,true,1,456910
7290101488323,false,ליידי ספיד סטיק - דאודורנט סטיק לאישה ללא סימן ירוק סטיק 65 גרם,ליידי ספיד סטיק Lady Speed Stick,BY,"דאודורנט ""ליידי ספיד סטיק ללא סימן ירוק",Unknown,0.00,Unknown,false,1,18.90,0.0000,true,1,456921
7290101501480,false,מיקס פטריות ארוזות,ביכורי שדה דרום 2002,,מיקס פטריות ארוזות,Unknown,0.00,Unknown,false,1,19.90,0.0000,true,1,476988
7290101551027,false,קפסולות קפה אספרסו חזק במיוחד 14 עלית 10 יח',הנסיך- מפעל לייצור ט,IL,קפסולות קפה עלית חזק במיוחד 50 גר,גרמים,50.00,100 גרם,false,1,15.90,31.8000,true,1,503550
7290101551263,false,סילאן טבעי ללא תוספת סוכר,"פוליבה בע""מ",IL,סילאן יד מרדכי טבעי 700 גר,גרמים,700.00,100 גרם,false,6,21.90,3.1286,true,1,500623
7290101551300,false,סילאן טבעי ללא תוספת סוכר בקבוק לחיץ,"פוליבה בע""מ",IL,סילאן יד מרדכי טבעי לחיץ 380 גר,גרמים,380.00,100 גרם,false,12,14.90,3.9211,true,1,500624
7290101551539,false,יוגורט PRO בטעם אפרסק 0% 20 גרם חלבון בגביע,דנונה - שטראוס,IL,יוגורט דנונה פרו 20 אפרסק 200 גר,גרמים,200.00,100 גרם,false,12,5.90,2.9500,true,1,501549
7290101551577,false,קוואקר שיבות שועל פחית מארז 2*500 גר',קואקר אוטס,GB,מארז זוג קוואקר שיבולת שועל פחית 500 גר,גרמים,500.00,100 גרם,false,12,24.90,4.9800,true,1,501020
7290101551584,false,תפוצ'יפס קידס מארז 10 יח' * 20 ג',"שטראוס פריטו ליי בע""",IL,מארז תפוציפס קידס 20 גר 10 יח,גרמים,200.00,100 גרם,false,1,13.90,6.9500,true,1,501017
7290101551614,false,חטיף צ'יטוס קראנץ בטעם גבינה - מארז 8 יח',הנסיך- מפעל לייצור ט,IL,מארז ציטוס קראנץ גבינה 30 גר 8 יח,גרמים,240.00,100 גרם,false,1,13.90,5.7917,true,1,501019
7290101551638,false,חטיף צ'יטוס כאפה בטעם קטשופ - מארז 10 יח',"שטראוס פריטו ליי בע""",IL,מארז ציטוס כאפה 20 גר 10 יח,גרמים,200.00,100 גרם,false,1,13.90,6.9500,true,1,501015
7290101812166,false,נקניקיות צוריסוס מצו,,,נקניקיות צוריסוס מצונן 700 גר,גרמים,700.00,100 גרם,false,1,56.90,8.1286,true,1,501758
7290101812340,false,פטרוצאן מצונן מזרע 7,,,פטרוצאן מצונן מזרע 700 גר,גרמים,700.00,100 גרם,false,,59.90,8.5571,true,1,503106
7290101812883,false,נקניקיות כבש מצונן 7,,,נקניקיות כבש מצונן 700 גר,גרמים,700.00,100 גרם,false,1,36.90,5.2714,true,1,506591
7290101812890,false,נקניקיות מרגז מצונן,,,נקניקיות מרגז מצונן 700 גר,גרמים,700.00,100 גרם,false,1,44.90,6.4143,true,1,506590
7290101812920,false,נקניקיות בוואריה 700,ישרקו שיווק מותגי מז,,נקניקיות בוואריה 700 גרם,גרמים,700.00,100 גרם,false,1,59.90,8.5571,true,1,506107
7290101863410,false,"סיליט ניקוי עוצמתי מכיל אקונומיקה 750 מ""ל",סיליט באנג Cillit Bang,PL,סיליט ספריי אקונומיק,מיליליטרים,750.00,"100 מ""ל",false,1,12.90,1.7200,true,1,456960
7290101864127,false,"ספריי להסרת כתמים 750 מ""ל וניש קליה",קליה וניש Kalia Vanish,IL,"ספריי ""וניש קליה"" 750 מל",מיליליטרים,750.00,"100 מ""ל",false,1,16.90,2.2533,true,1,456964
7290101865261,false,"פיניש נוזל הברקה 800 מ""ל",רקיט בנקיזר,PL,"נוזל הברקה למדיח ""פי",מיליליטרים,800.00,"100 מ""ל",false,1,19.90,2.4875,true,1,456972
7290101866633,false,ווניש קליה ג`ל להסרת כתמים 3 ל',קליה וניש Kalia Vanish,IL,"ג""ל מסיר כתמים ""וניש קליה "" 3ל",ליטרים,3.00,ליטר,false,1,29.90,9.9667,true,1,467947
7290101866787,false,מסיר כתמים ומלבין לכביסה לבנה 3 ל וניש קליה,קליה וניש Kalia Vanish,PL,"נוזל להסרת כתמים ""קליה לבן"" 3ל",ליטרים,3.00,ליטר,false,1,29.90,9.9667,true,1,467946
7290101868958,false,"פיניש נוזל הברקה למדיח בניחוח לימון 500 מ""ל",רקיט בנקיזר,PL,נוזל הברקה פיניש לימון 800מל,מיליליטרים,800.00,"100 מ""ל",false,12,19.90,2.4875,true,1,477024
7290101869702,false,"ג 'ל פיניש AIO MAX מרוכז למדיח 600מ""ל",פיניש רקיט בנקיזר,,"גל למדיח פיניש 600 מ""ל",מיליליטרים,600.00,"100 מ""ל",false,1,29.90,4.9833,true,1,482016
7290101869719,false,ג'ל מרוכז למדיח פיניש all in one max בניחוח לימון,פיניש רקיט בנקיזר,PL,"גל למדיח פיניש לימון 600 מ""ל",מיליליטרים,600.00,"100 מ""ל",false,1,29.90,4.9833,true,1,482017
7290101869788,false,מילוי למכשיר ספריי אוטומטי אואזיס,איירוויק Air Wick,GB,פרשמטיק מילוי תלת מימד אואזיס,Unknown,0.00,Unknown,false,1,14.90,0.0000,true,1,485208
7290101869795,false,מילוי למכשיר ספריי אוטומטי חלום ליל קיץ,איירוויק Air Wick,GB,פרשמטיק מילוי תלת מימד חלום ליל קיץ,Unknown,0.00,Unknown,false,1,14.90,0.0000,true,1,485209
7290101952176,false,מארז קבנוס ציידים 20,,,מארז קבנוס ציידים 200 גר,גרמים,200.00,100 גרם,false,1,26.90,13.4500,true,1,526798
7290101952657,false,נקניקיות פטרוצאן אמי,,,נקניקיות פטרוצן אמיתי קפוא 700 גר,גרמים,700.00,100 גרם,false,1,51.90,7.4143,true,1,499697
7290101980919,false,שלישיית ביצי שוקולד פיניאס ופרב ***לא פעיל***,זאיני,,שלישיית ביצי שוקולד,Unknown,0.00,Unknown,false,1,14.90,0.0000,true,1,456998
7290101981657,false,בקבוק פקק עגול מיקי,,,בקבוק פקק עגול מיקי,Unknown,0.00,Unknown,false,1,20.90,0.0000,true,1,457001
7290101982203,false,מימייה ספייס נסיכות,סטור,,מימייה ספייס נסיכות,Unknown,0.00,Unknown,false,1,28.90,0.0000,true,1,457009
7290101985778,false,צמד ספריי נחש 16 מל,פאן טיים,,צמד ספריי נחש,מיליליטרים,16.00,"100 מ""ל",false,1,8.90,55.6250,true,1,488535
7290101998877,false,תותח קונפטי סמי הכבא,,,תותח קונפטי סמי הכבאי,Unknown,0.00,Unknown,false,1,9.90,0.0000,true,1,481981
7290101999638,false,נרות מטה כוכבים הלו,סודי,,נרות מטה כוכבים הלו קיטי,Unknown,0.00,Unknown,false,1,6.90,0.0000,true,1,488465
7290102003808,false,נר גמבו מאויירים דרד,סודי,,נר ג`מבו מאויירים דרדסים,Unknown,0.00,Unknown,false,1,6.90,0.0000,true,1,488454
7290102030330,false,תפוצ'יפס קראנצ' בטעם מקסיקני,"שטראוס פריטו ליי בע""",IL,"תפוצ""יפס קראנץ מקסיק",גרמים,200.00,100 גרם,false,1,10.90,5.4500,true,1,457034
7290102031276,false,מארז 8 יחידות אקטימל משקה יוגורט בטעם תות בננה,מיוצר עי קונדיטוריית,IL,שמיניית אקטימל תות ב,גרמים,864.00,100 גרם,false,1,20.90,2.4190,true,1,457039
7290102032334,false,אבקה להכנת משקה קפה בטעם וניל,STRAUSS-ISRAEL,IL,קפה נמס עלית בטעם ונ,גרמים,200.00,100 גרם,false,1,23.90,11.9500,true,1,457040
7290102060764,false,מארז זוג מברשות שיניים מרידול,יבואן ומשווק: ש. שסט,CH,"מברשת שיניים ""מרידול",Unknown,0.00,Unknown,false,10,34.90,0.0000,true,1,506484
7290102060979,false,"אלמקס משחת שיניים משפחתי 100 מ""ל",יבואן ומשווק: ש. שסט,PL,"משחת שיניים ""אלמקס""",מיליליטרים,100.00,"100 מ""ל",false,1,17.90,17.9000,true,1,457077
7290102062195,false,"אלמקס משחת שיניים אלמקס גוניור 75 מ""ל",יבואן ומשווק: ש. שסט,PE,משחת שיניים אלמקס גיוניור 75 מייל,מיליליטרים,75.00,"100 מ""ל",false,1,14.90,19.8667,true,1,471253
7290102300815,false,גבינת צדר כתומה פרוס,שבינגטון,GB,גבינת צדר כתומה פרוסה 200 גר,גרמים,200.00,100 גרם,false,1,29.90,14.9500,true,1,491366
7290102300822,false,גבינה צ'דר אנגלית כתומה 200 ג',דאולי צ'יסמייקרס,GB,"גבינת ""צידר"" אנגלית כתומה 200 גר",גרמים,200.00,100 גרם,false,1,24.90,12.4500,true,1,466953
7290102300860,false,גבינת צ'דר אנגלי לבן 35%,דאוליי צ'יסמייקרס,GB,"גבינת ""צידר"" אנגלית 200 גר",גרמים,200.00,100 גרם,false,1,24.90,12.4500,true,1,466952
7290102302246,false,גבינת גאודה 200 גרם,מיוצר עי קונדיטוריית,NL,גבינת גאודה 200 גר,גרמים,200.00,100 גרם,false,1,26.90,13.4500,true,1,491368
7290102302987,false,פרוסות מוצר על בסיס שמן קוקס,קריניציה ויטמינה אס,DE,גאיה בסגנון צדר פרוסות 150 גר,גרמים,150.00,100 גרם,false,1,22.90,15.2667,true,1,516033
7290102303878,false,חמאת נורמנדי קלאסית,אלוויר,FR,חמאת נורמנדי קלאסית 200 גר,גרמים,200.00,100 גרם,false,1,19.90,9.9500,true,1,524635
7290102390427,false,יוגורט ביו עם קציפת תות 3% שומן 150 ג' מולר,מולר Muller,IL,יוגורט מולר תות 150 מל,מיליליטרים,150.00,"100 מ""ל",false,1,4.90,3.2667,true,1,457084
7290102390465,false,יוגורט ביו עם קציפת אפרסק ופסיפלורה 3% שומן 150 ג' מולר,מולר Muller,IL,"יוגורט ""מולר"" אפרסק",מיליליטרים,150.00,"100 מ""ל",false,1,4.90,3.2667,true,1,457086
7290102390489,false,יוגורט ביו עם קציפת לימון 3% שומן 150 ג' מולר,מולר Muller,IL,"יוגורט ""מולר"" לימון",מיליליטרים,150.00,"100 מ""ל",false,1,4.90,3.2667,true,1,457087
7290102391301,false,"יוגורט ביו 1.7%טבעי מולר 150מ""ל",,,"יוגורט ""מולר"" ביאנקו",מיליליטרים,150.00,"100 מ""ל",false,1,2.10,1.4000,true,1,457090
7290102391844,false,יוגורט ביו עם קציפת פירות יער3% שומן 150 ג' מולר,מולר Muller,IL,"יוגורט ""מולר"" פרי די",מיליליטרים,150.00,"100 מ""ל",false,1,4.90,3.2667,true,1,457094
7290102392049,false,גבינה תבור לאפייה 5% 500 ג' צוריאל,מחלבת משק צוריאל,IL,תבור לאפיה 5% 500 גר,גרמים,500.00,100 גרם,false,1,24.90,4.9800,true,1,457097
7290102392094,false,חלב עיזים 4.1% צוריאל 1 ל' קרטון,מילקו תעשיות בעמ,IL,חלב עיזים בקרטון 1 ל,מיליליטרים,1000.00,"100 מ""ל",false,1,15.90,1.5900,true,1,457099
7290102393039,false,מולר מיקס יוגורט קרמי בתוספת פצפוצי שוקולד 170 ג',קריות זול,IL,יוגורט מיקס עם פצפוצי שוקולד מולר 150 גר,גרמים,150.00,100 גרם,false,1,5.90,3.9333,true,1,457127
7290102393060,false,מיקס יוגורט גליליות וופל קרם אגוזים 170 ג' מולר,קריות זול,IL,"יוגורט ""מולר"" מיקס ק",גרמים,170.00,100 גרם,false,1,5.90,3.4706,true,1,457128
7290102393169,false,סימפלי פרוט יוגורט תות 3% שומן 150 ג' מולר,מולר Muller,IL,"יוגורט ""מולר"" סימפלי",גרמים,150.00,100 גרם,false,1,5.50,3.6667,true,1,457137
7290102393176,false,סימפלי פרוט יוגורט אפרסק 3% שומן 150 ג' מולר,מילקו תעשיות בעמ,IL,"יוגורט ""מולר"" סימפלי",גרמים,150.00,100 גרם,false,1,5.50,3.6667,true,1,457138
7290102393190,false,סימפלי פרוט פירות היער 3% שומן 150 ג' מולר,מילקו תעשיות בעמ,IL,"יוגורט ""מולר"" סימפלי",גרמים,150.00,100 גרם,false,1,5.50,3.6667,true,1,457140
7290102393268,false,**טרה גבינה לבנה אריזת חיסכון 5% 750ג,טרה,IL,"גבינה לבנה ""טרה"" 5%",גרמים,750.00,100 גרם,false,1,14.90,1.9867,true,1,457144
7290102393299,false,יוגורט עיזים לשתייה 3% שומן 500 ג' צוריאל,מיוצר עי קוד יצרן HG,IL,יוגורט עיזים לשתייה,גרמים,500.00,100 גרם,false,1,12.90,2.5800,true,1,457145
7290102393848,false,יוגורט עיזים ביו 2.4% תות צוריאל 150ג',משק צוריאל,IL,יוגורט עיזים תות 150,גרמים,150.00,100 גרם,false,1,6.50,4.3333,true,1,457162
7290102393855,false,יוגורט עיזים 2.5% אפרסק צוריאל 150ג',מחלבת משק צוריאל,IL,יוגורט עיזים אפרסק 1,גרמים,150.00,100 גרם,false,1,6.50,4.3333,true,1,457163
7290102393947,false,סימפלי פרוט יוגורט בטעם קיווי 3% שומן 150 ג' מולר,מילקו תעשיות בעמ,IL,מולר סימפלי פרוט בטע,גרמים,150.00,100 גרם,false,1,5.50,3.6667,true,1,457167
7290102394081,false,מולר מיקס יוגורט קרמי עם קורנפלקס מצופה שוקולד,מילקו תעשייה בעמ,IL,יוגורט מולר מיקס קרמי קורנפלקס מצופה 170,גרמים,170.00,100 גרם,false,1,5.90,3.4706,true,1,457178
7290102394258,false,גבינת מה עז 9% שומן צוריאל 180 ג',מחלבת משק צוריאל,IL,"מה עז 180 גר"" 9% שומ",גרמים,180.00,100 גרם,false,1,24.90,13.8333,true,1,457185
7290102394463,false,נעם גבינה צהובה וואקום 28% 500גרם,Unknown,IL,גבינה צהובה 28% פרוס 500 גרי,גרמים,500.00,100 גרם,false,1,29.90,5.9800,true,1,471118
7290102394821,false,נעם גבינה צהובה דק דק פ.ח 28% 200גר,מילקו תעשיות בעמ,IL,גבינה צהובה דק דק 28,גרמים,200.00,100 גרם,false,1,16.90,8.4500,true,1,457198
7290102394845,false,פרוסות גבינת נעם מופחתת שומן 9%,מילקו תעשיות בעמ,IL,גבינה צהובה אדם לייט,גרמים,200.00,100 גרם,false,1,17.90,8.9500,true,1,457199
7290102395101,false,גבינה עם ממרח שוקולד 200ג' טרה,מילקו תעשיות בעמ,IL,ממרח גבינה ושוקולד 200 גר,גרמים,200.00,100 גרם,false,1,11.90,5.9500,true,1,473224
7290102395217,false,מאגדת שמיניה מולר במתיקות מעודנת 1.2% 8*150 ג',מולר Muller,IL,מאגדת שמיניית מולר במתיקות מעודנת 1.2%,קילוגרמים,1.20,"ק""ג",false,1,19.90,16.5833,true,1,469139
7290102395224,false,מארז 8 גביעים יוגורט ביו בטעם טבעי 1.7%,מולר Muller,IL,"מאגדת שמיניית ""מולר"" נטורל 1.7%",גרמים,1200.00,100 גרם,false,1,18.90,1.5750,true,1,469140
7290102395231,false,מולר נטורל 2.8% ביאנקו מאגדת 8 יח' * 150 ג',מולר Muller,IL,"מאגדת שמיניית ""מולר"" נטורל 2.8%",גרמים,1200.00,100 גרם,false,1,18.90,1.5750,true,1,469141
7290102395262,false,מארז 8 גביעים יוגורט בטעם תות שדה ואפרסק 3% Simply Fruit,מולר Muller,IL,מולר סימפלי פרוט מאג,גרמים,1200.00,100 גרם,false,1,29.90,2.4917,true,1,469677
7290102395378,false,גבינה צהובה נועם 28% וואקום פרוס 360ג',טרה,IL,גבינה צהובה 28% 360גרי,גרמים,360.00,100 גרם,false,1,21.90,6.0833,true,1,471117
7290102395439,false,מארז 8 גביעים יוגורט בטעם פירות יער וקיווי 3% Simply Fruit,מילקו תעשיות בעמ,IL,מולר סימפלי פרוט מאגדת שמינייה,גרמים,1200.00,100 גרם,false,1,29.90,2.4917,true,1,469678
7290102395446,false,מעדן חלב בטעם וניל עם קצפת 123 ג' טרה,טרה,IL,"מעדן ""מו"" וניל עם קצפת 142גר",גרמים,123.00,100 גרם,false,1,2.90,2.3577,true,1,469092
7290102395477,false,מעדן חלב בטעם שוקולד עם קצפת 123 ג' טרה,Unknown,IL,"מעדן ""מו"" שוקולד עם קצפת 123 גר",גרמים,123.00,100 גרם,false,1,2.90,2.3577,true,1,469090
7290102395521,false,"שמנת לבישול 15% שומן 500 מ""ל טרה",מילקו תעשיות בעמ,IL,שמנת לבישול 15% 500מל,מיליליטרים,500.00,"100 מ""ל",false,1,16.90,3.3800,true,1,474256
7290102396399,false,מארז 8 יחידות מעדן חלב בטעם שוקולד 1.5%,טרה,IL,מעדן שוקולד100 גר שמינייה,גרמים,800.00,100 גרם,false,1,14.90,1.8625,true,1,475312
7290102396405,false,מארז 8 יחידות מעדן חלב בטעם וניל 1.5%,טרה,IL,מעדן וניל 100 גר שמינייה,גרמים,800.00,100 גרם,false,1,14.90,1.8625,true,1,475313
7290102396436,false,מעדן שוקולד 1.5% שומן 125 ג' טרה,טרה,IL,מעדן מוו פונץ שוקולד 125גר,גרמים,125.00,100 גרם,false,1,2.90,2.3200,true,1,475134
7290102396443,false,מעדן וניל 1.5% שומן 125 ג' טרה,טרה,IL,מעדן מוו פונץ ווניל 125גר,גרמים,125.00,100 גרם,false,1,2.90,2.3200,true,1,475135
7290102396580,false,מעדן שוקולד ומוס שוקולד 123 ג' טרה,טרה,IL,מעדן מוו שוקולד ומוס שוקולד 123 גר,גרמים,123.00,100 גרם,false,1,2.90,2.3577,true,1,475314
7290102396597,false,מעדן חלב עם מוס בטעם שוקו וניל,טרה,IL,מעדן מוו וניל ומוס שוקולד 123 גר,גרמים,123.00,100 גרם,false,1,2.90,2.3577,true,1,475315
7290102396665,true,גבינה נעם פרוסות 15%,,,גבינה נעם 15% 200 גר,גרמים,200.00,100 גרם,false,1,16.90,8.4500,true,1,480870
7290102396672,true,גבינה נעם 9% 360 גר,,,גבינה נעם 9% 360 גר,גרמים,360.00,100 גרם,false,1,27.90,7.7500,true,1,480871
7290102396719,false,יוגורט ביו עם תות שדה 0% Simply Fruit,מולר Muller,IL,יוגורט מולר סימפלי תות 0% 150גר,גרמים,150.00,100 גרם,false,1,5.50,3.6667,true,1,477045
7290102396726,false,מולר סימפלי פרוט אפרסק 0% 150מל,טרה,IL,יוגורט מולר סימפלי אפרסק 0% 150גר,גרמים,150.00,100 גרם,false,1,4.90,3.2667,true,1,477046
7290102396740,false,מארז 8 גביעים יוגורט בטעם תות שדה ואפרסק 0% Simply Fruit,מילקו תעשיות בעמ,IL,יוגורט מולר סימפלי תות אפרסק 0% מארז,גרמים,1200.00,100 גרם,false,1,29.90,2.4917,true,1,477048
7290102397204,true,גבינה נעם פרוסות 22%,,,גבינה נעם 22% 200 גר,גרמים,200.00,100 גרם,false,1,16.90,8.4500,true,1,480869
7290102397310,false,מעדן מיני בטעם שוקולד קצפת מוו מאגדת 8 יח' * 70 ג',טרה,IL,מיני מעדן מוו שוקולד קצפת 70 גר שמינייה,גרמים,560.00,100 גרם,false,1,13.90,2.4821,true,1,483357
7290102397334,false,גבינה בולגרית 5% צוריאל גליל 250ג',מחלבת משק צוריאל,IL,בולגרית גלילית 5% בגביע 250 גר,גרמים,250.00,100 גרם,false,1,21.90,8.7600,true,1,482580
7290102397464,false,יוגורט ביו בתוספת גרעינים אגוזים וחמוציות 170 ג' מולר,מולר Muller,IL,יוגורט מולר נטורל פקאן גרעינים וחמוציות,גרמים,170.00,100 גרם,false,1,5.90,3.4706,true,1,490761
7290102397600,false,מיקס יוגורט בתוספת שקדים ובוטנים מקורמלים 170 ג' מולר,מילקו תעשייה בעמ,IL,יוגורט מולר מיקס שקדים ובוטנים בקרמל,גרמים,170.00,100 גרם,false,1,5.90,3.4706,true,1,485180
7290102397617,false,יוגורט ביו קרמי עם כדורים מצופים שוקולד חום לבן,מולר Muller,IL,יוגורט מולר מיקס קליק,גרמים,170.00,100 גרם,false,1,5.90,3.4706,true,1,485181
7290102397679,false,קוטג' וחצי 5% טרה 375 ג',Unknown,IL,קוטג וחצי 5% 375 גר,גרמים,375.00,100 גרם,false,1,8.50,2.2667,true,1,523686
7290102397730,false,פרוסות גבינה אמנטל חצי קשה 30% שומן 200 ג' נעם,Unknown,IL,גבינה אמנטל נעם 200 גר,גרמים,200.00,100 גרם,false,1,18.90,9.4500,true,1,491615
7290102397747,false,פרוסות גבינת מוצרלה נעם מחלב בקר 22%,טרה,IL,גבינה מוצרלה נעם 200 גר,גרמים,200.00,100 גרם,false,1,19.90,9.9500,true,1,491614
7290102397891,false,גבינת מותכת 18% צוריאל 100ג',משק צוריאל,IL,גבינה מותכת צוריאל 100 גר,גרמים,100.00,100 גרם,false,1,7.90,7.9000,true,1,490762
7290102398065,false,**חלב בקרטון 2 ליטר 3% מהדרין - טרה,Unknown,IL,חלב 3% בקרטון 2 ליטר,ליטרים,2.00,ליטר,false,1,12.46,6.2300,true,1,492799
7290102398331,false,חלב דל לקטוז 2% מועשר בויטמין D,טרה,IL,חלב מועשר דל לקטוז 1 ל,ליטרים,1.00,ליטר,false,1,7.90,7.9000,true,1,496400
7290102398560,false,שוקו מעושר בבקבוק 1ל' טרה,מילקו תעשיות בעמ,IL,שוקו טרה מועשר בק 1 ל,ליטרים,1.00,ליטר,false,1,11.90,11.9000,true,1,499899
7290102398614,false,משקה חלב בטעם בננה 1 ליטר טרה,מילקו תעשיות בעמ,IL,משקה חלב טרה בטעם בננה בק 1 ל,ליטרים,1.00,ליטר,false,1,11.90,11.9000,true,1,499900
7290102398638,false,משקה חלב בטעם מוקה 1 ליטר טרה,מילקו תעשיות בעמ,IL,משקה חלב טרה בטעם מוקה בק 1 ל,ליטרים,1.00,ליטר,false,1,11.90,11.9000,true,1,499901
7290102398669,false,משקה חלב עם קפה אייס קפוצ'ינו 1.5%,מילקו תעשיות בעמ,IL,משקה אייס קפוצינו טרה בק 1 ל,ליטרים,1.00,ליטר,false,1,11.90,11.9000,true,1,511810
7290102398805,false,משקה סויה - וניל 1 ליטר משק צוריאל,משק צוריאל,IT,משקה סויה בטעם וניל 1 ל,ליטרים,1.00,ליטר,false,1,10.90,10.9000,true,1,523687
7290102399048,false,פרוסות גבינת קשקבל נעם 200 ג' טרה,טרה,IL,גבינה קשקבל נעם פתיחה חוזרת 200 גר,גרמים,200.00,100 גרם,false,1,22.90,11.4500,true,1,504987
7290102399635,false,"מולר פרופ יוגורט ביו עם קציפת קוקוס ואננס 150 מ""ל",מולר Muller,IL,יוגורט מולר פרופ קוקוס אננס 4.1%,מיליליטרים,150.00,"100 מ""ל",false,1,4.90,3.2667,true,1,511812
7290102399697,false,סימפלי פרוט מנגו 1.5% שומן 150 ג' מולר,מילקו,IL,יוגורט מולר סימפלי פרוט 1.5% מנגו,גרמים,150.00,100 גרם,false,1,4.90,3.2667,true,1,508037
7290102399772,false,ממרח חמאת מולר ושמן לפתית במליחות עדינה,Molkerei Weihensteph,DE,מולר ספרדבל ממרח חמאה במליחות עדינה 250,גרמים,250.00,100 גרם,false,1,17.90,7.1600,true,1,512649
7290102399789,false,ממרח חמאת מולר ושמן לפתית ללא תוספת מלח,Molkerei Weihensteph,DE,מולר ספרדבל ממרח חמאה ללא מלח 250 גר,גרמים,250.00,100 גרם,false,1,17.90,7.1600,true,1,512650
7290102399796,false,מעדן יוגורט לבן מועשר בחלבון 200 ג' מולר אקטיב,מולר Muller,IL,יוגורט מולר אקטיב לבן מועשר 200 גר,גרמים,200.00,100 גרם,false,24,5.90,2.9500,true,1,510485
7290102399802,false,יוגורט עם תות מולר אקטיב מועשר בחלבון 200 גר',מולר Muller,IL,יוגורט מולר תות מועשר 200 גר,גרמים,200.00,100 גרם,false,24,5.90,2.9500,true,1,510479
7290102399819,false,יוגורט עם פירות יער מולר אקטיב מועשר בחלבון 200 גר',מולר Muller,IL,יוגורט מולר פירות יער מועשר 200 גר,גרמים,200.00,100 גרם,false,24,5.90,2.9500,true,1,510483
7290102399857,false,"יוגורט אקטיב עם תות 0% , 20 גרם חלבון בגביע",מולר Muller,IL,מולר אקטיב יוגורט מועשר בחלבון תות 0%,גרמים,200.00,100 גרם,false,1,5.90,2.9500,true,1,512653
7290102601547,false,כפיות פרמיום שקוף/קרם/לבן/זהב א'ר 50 דנטס,,,כפיות פרמיום שקוף/קרם 50יח,Unknown,0.00,Unknown,false,1,8.90,0.0000,true,1,477213
7290102840939,false,תערובת להכנה מהירה עוגת בראוניס 600ג',י.כהן,,אבקה להכנת עוגת בראו,גרמים,600.00,100 גרם,false,1,15.90,2.6500,true,1,457248
7290102842346,false,סוויט לוז ממתיק דל קלוריות,י.כהן,,ממתיק על בסיס סוכרלוז סוויט לוז 100 שק,Unknown,0.00,Unknown,false,1,20.90,0.0000,true,1,457264
7290102842360,false,תערובת להכנת סופלה בטעם שוקולד בלגי,י.כהן Kahan's,,תערובת להכנת סופלה ש,גרמים,250.00,100 גרם,false,1,15.90,6.3600,true,1,457265
7290103120658,false,דאודורנט סטיק ג'ל לגבר Cool Night 24/7,הנסיך- מפעל לייצור ט,US,"ספיד סטיק 24/7 ג""ל ש",Unknown,0.00,Unknown,false,1,18.90,0.0000,true,1,457267
7290103124601,false,"תחליב רחצה נוזל חלב ודבש משאבה 750מ""ל פלמוליב",הנסיך- מפעל לייצור ט,TR,"סבון נוזלי פלמוליב חלב ודבש 750 מ""ל",מיליליטרים,750.00,"100 מ""ל",false,1,18.90,2.5200,true,1,457273
7290103128739,false,בלונס צימרוני אוזניים לתינוק 50 יח',הנסיך- מפעל לייצור ט,GR,מקלות אוזניים בלוס לתינוקות 50יח,יחידה,50.00,יחידה,false,1,6.90,0.1380,true,1,475196
7290103400194,false,כרוב לבן חתוך טעם הט,"טרופיקל דגיל בע""מ אז",IL,כרוב לבן טעם הטבע 400 גר,גרמים,400.00,100 גרם,false,8,8.90,2.2250,true,1,501279
7290103400255,false,לקט לסלט קולסלאו בשקית,"טרופיקל דגיל בע""מ אז",IL,סלט קולסלאו טעם הטבע 400 גר,גרמים,400.00,100 גרם,false,8,8.90,2.2250,true,1,501278
7290103401429,false,עלית אוריגינס קצב ברזילאי 200ג,הנסיך- מפעל לייצור ט,IL,"קפה ""קצב ברזילאי"" 20",גרמים,200.00,100 גרם,false,1,24.90,12.4500,true,1,457299
7290103404758,false,כרוב אדום במיונז אחל,מיוצר עי קונדיטוריית,IL,"סלט כרוב 120 גר""",גרמים,120.00,100 גרם,false,1,4.90,4.0833,true,1,457334
7290103408206,false,עלי חסה ערבית שטופים,שטראוס בריאות ירקות,IL,עלי חסה ערבית שטופים,גרמים,250.00,100 גרם,false,8,9.90,3.9600,true,1,501289
7290103681173,false,"יין תבור הר קברנה סוביניון 750 מ""ל",מיוצר על ידי יקב תבו,IL,"יין תבור הר קברנה סוביניון 750 מ""ל",מיליליטרים,750.00,"100 מ""ל",false,1,35.90,4.7867,true,1,507263
7290103681180,false,"יין תבור הר מרלו 750 מ""ל",מיוצר על ידי יקב תבו,IL,"יין תבור הר מרלו 750 מ""ל",מיליליטרים,750.00,"100 מ""ל",false,1,35.90,4.7867,true,1,507261
7290103681210,false,"יין תבור הר יין שרדונה 2018 750 מ""ל",מיוצר על ידי יקב תבו,IL,"יין תבור הר שרדונה 750 מ""ל",מיליליטרים,750.00,"100 מ""ל",false,1,35.90,4.7867,true,1,507264
7290103681227,false,"יין תבור הר גיוורצטרמינר 750 מ""ל",מיוצר על ידי יקב תבו,IL,"יין תבור הר גוורצטרמינר 750 מ""ל",מיליליטרים,750.00,"100 מ""ל",false,1,35.90,4.7867,true,1,507265
7290103681234,false,יין תבור הר רוזה 750,,,"יין תבור הר רוזה 750 מ""ל",מיליליטרים,750.00,"100 מ""ל",false,1,35.90,4.7867,true,1,507266
7290103681241,false,יין תבור הר מוסקטו 7,תבור TABOR,IL,"יין תבור הר מוסקטו 750 מ""ל",מיליליטרים,750.00,"100 מ""ל",false,1,35.90,4.7867,true,1,507267
7290103681623,false,יין תבור הר מוסקטו ר,יקבי תבור,IL,"יין תבור הר מוסקטו רוזה 750 מ""ל",מיליליטרים,750.00,"100 מ""ל",false,12,35.90,4.7867,true,1,512581
7290103700034,false,מטליות מגבת טאצ בגלי,שניב תעשיות,,מטליות מגבת טאצ בגליל,Unknown,0.00,Unknown,false,1,17.90,0.0000,true,1,457389
7290103700041,false,טאצ' מטליות רב שימושיות מארז תשיעייה,,,מטליות זיז טאצ רב שימושי מארז 9 יח,Unknown,0.00,Unknown,false,1,8.90,0.0000,true,1,457390
7290103700072,false,טאצ' סחבות זיגוג לרצפה שלישיה,,,מטליות זיג זג לרצפה טאצ 3 יח,Unknown,0.00,Unknown,false,1,8.90,0.0000,true,1,457391
7290103700195,false,שאפו רדיד אלומיניום צר 30*7.5 2יח',"שניב תעשיות נייר בע""",,רדיד אלומיניום טאצ קצר זוג 15 מטר,Unknown,0.00,Unknown,false,1,10.90,0.0000,true,1,457392
7290103700225,false,טאצ רדיד אלומיניום ארוך זוג,שניב תעשיות,,רדיד אלומיניום טאצ ארוך זוג 15 מטר,Unknown,0.00,Unknown,false,1,14.90,0.0000,true,1,457393
7290103700324,false,שאפו זוג שקיות אוכל מתכלות בקרטון 300יח',,,שקיות אוכל טאצ 150 יח זוג,Unknown,0.00,Unknown,false,1,12.90,0.0000,true,1,485727
7290103700331,false,שאפו שקית אוכל רב תכ,,,שקיות אוכל טאצ 250 יח,Unknown,0.00,Unknown,false,1,13.90,0.0000,true,1,457399
7290103700379,false,כריות קרצוף טאצ' 3 יח',"שניב תעשיות נייר בע""",,כריות קרצוף טאצ שלישייה,Unknown,0.00,Unknown,false,1,9.90,0.0000,true,1,457400
7290103700386,false,כריות יפניות טאצ' מארז 6יח',"שניב תעשיות נייר בע""",,כריות יפניות טאצ שישייה,Unknown,0.00,Unknown,false,1,9.90,0.0000,true,1,457401
7290103700393,false,טאצ' כריות יפניות עבות עם תעלות 4 יח',"שניב תעשיות נייר בע""",,כריות טאצ קרצוף 4 יח,Unknown,0.00,Unknown,false,1,8.90,0.0000,true,1,493958
7290103700652,false,טאצ' ספוג הפלא מארז שישייה,"שניב תעשיות נייר בע""",,מארז ספוג הפלא טאצ שישייה,יחידה,1.00,יחידה,false,1,9.90,9.9000,true,1,466743
7290103701017,false,נייר אפייה נשלף טאצ 50 יחידות כשלפ,"שניב תעשיות נייר בע""",,נייר אפייה טאצ,יחידה,1.00,יחידה,false,1,8.90,8.9000,true,1,474612
7290103701093,false,טאצ' מטליות מיקרופייבר לרצפה 2 יח',"שניב תעשיות נייר בע""",,מטליות מיקרופייבר טאצי לרצפה 2יח,לא מנהל יחידת מידה,0.00,לא מנהל יחידת מידה,false,1,15.90,0.0000,true,1,476416
7290103701130,false,טאצ' מטליות מיקרופייבר לניקוי כללי 7 יח',,,מטליות מיקרופייבר טאצי לניקוי כללי 7יח,לא מנהל יחידת מידה,0.00,לא מנהל יחידת מידה,false,1,15.90,0.0000,true,1,476415
7290103701147,false,רדיד אלומיניום טאצ' 7.5מטר,שניב תעשיות,,רדיד אלומיניום טאצ 60 מטר,מטרים,60.00,מטר,false,1,32.90,0.5483,true,1,480687
7290103701161,false,טאצ' ניילון נצמד 150מ'',שניב תעשיות,,ניילון נצמד טאצ 150 מטר,מטרים,150.00,מטר,false,1,19.90,0.1327,true,1,480695
7290103701178,false,ספוג הפלא טאצ בלוק,שניב תעשיות,,ספוג הפלא טאצ בלוק,יחידה,1.00,יחידה,false,1,6.90,6.9000,true,1,480684
7290103702243,false,טאצ אשפתון עבה במיוח,,,טאצ אשפתון עבה במיוחד עם ידיות שטו 25 יח,Unknown,0.00,Unknown,false,1,15.90,0.0000,true,1,515130
7290103702298,false,טאצ' אשפתון עבה בגליל 77*90 50 יח',"שניב תעשיות נייר בע""",,אשפתון טאצ עבה 50 יח,יחידה,50.00,יחידה,false,1,12.90,0.2580,true,1,480865
7290103702304,false,טאצ' אשפתון עבה במיוחד 35 יח',"שניב תעשיות נייר בע""",,אשפתון טאצ עבה,Unknown,0.00,Unknown,false,1,16.90,0.0000,true,1,480691
7290103702311,false,ממחטות טישיו כיס טאצ,"שניב תעשיות נייר בע""",,ממחטות אף טאצ כיס מנטול,Unknown,0.00,Unknown,false,1,7.90,0.0000,true,1,484955
7290103702328,false,שקיות אשפה עבות במיו,"שניב תעשיות נייר בע""",,אשפתון טאצ עבה וחזק 25 יח,יחידה,25.00,יחידה,false,1,16.90,0.6760,true,1,480692
7290103702526,false,ממחטות בקופסא טאצ' 1,סאסאטק,IL,ממחטות אף טאצ 100 יח,Unknown,0.00,Unknown,false,1,5.90,0.0000,true,1,484953
7290103702649,false,מארז חמישייה מגבוני טישו דו שכבתי,שניב,IL,ממחטות אף טאצ עדן חמישייה,Unknown,0.00,Unknown,false,1,10.90,0.0000,true,1,484952
7290103702779,false,מפיות אירוח טאצ` 15,,,מפיות טאצ 150 יח,Unknown,0.00,Unknown,false,1,6.90,0.0000,true,1,501256
7290103703080,false,טאצ זוג שקיות אשפה ע,,,שקיות אשפה 90*78 זוג עם שרוך טאצ 20 יח,Unknown,0.00,Unknown,false,1,22.90,0.0000,true,1,523121
7290103703219,false,דלי מטליות לחות לניקוי כללי בניחוח לימון טאצ',,,טאצ מטליות לחות לניקוי כללי דלי לימון,Unknown,0.00,Unknown,false,1,18.90,0.0000,true,1,513830
7290103703226,false,מטליות לחות לניקוי כ,,,מטליות לחות טאצ לניקוי כללי,Unknown,0.00,Unknown,false,1,8.90,0.0000,true,1,499911
7290103703233,false,מטליות טאצ' לחות תפוח לניקוי כללי דלי,,,טאצ מטליות לחות לניקוי כללי דלי תפוח,Unknown,0.00,Unknown,false,1,18.90,0.0000,true,1,513831
7290103703240,false,מטליות לחות לריצפה טאצ',,,מטליות לחות טאצ לניקוי כללי,Unknown,0.00,Unknown,false,1,9.90,0.0000,true,1,499912
7290103703370,false,טאצ מגבוני טואלט לחים מארז שלישיה,,,מטליות לחות טאצ לניקוי כללי,Unknown,0.00,Unknown,false,1,14.90,0.0000,true,1,499913
7290103703394,false,טאצ' ניילון נצמד זוגות,,,ניילון ניצמד זוגות טאצ,Unknown,0.00,Unknown,false,1,10.90,0.0000,true,1,523149
7290103704063,false,נייר טואלט טאצ מהדורת כדור פורח 48 יחי,,,נייר טואלט טאצ כדור פורח 48 גל,Unknown,0.00,Unknown,false,1,36.90,0.0000,true,1,515133
7290103704155,false,נייר מגבת טאצ' 6 גלילים מהדורת 2021,"שניב תעשיות נייר בע""",IL,מגבות נייר טאצ 6 יח,Unknown,0.00,Unknown,false,1,10.90,0.0000,true,1,519132
7290103704568,false,נייר טואלט טאצ 40 גל,,,נייר טואלט טאצ 40 גל,Unknown,0.00,Unknown,false,1,34.90,0.0000,true,1,517798
7290103704674,false,רדיד אלומיניום קומפקט 16 50 מ' טאצ',,,רדיד אלומיניום 50 מטר טאצ,Unknown,0.00,Unknown,false,1,34.90,0.0000,true,1,523148
7290103704681,false,שקיות קוקי גדולות טא,,,שקיות קוקי גדולות טאצ 10 יח,Unknown,0.00,Unknown,false,1,3.90,0.0000,true,1,524752
7290103704698,false,שקיות קוקי ענקיות טא,,,שקיות קוקי ענקיות טאצ 5 יח,Unknown,0.00,Unknown,false,1,3.90,0.0000,true,1,524753
7290103746001,false,ממחטות טאצ' 5*100 צץ רץ (19*195),"שניב תעשיות נייר בע""",,"ממחטות ""טאצ"" חמישייה",Unknown,0.00,Unknown,false,1,11.90,0.0000,true,1,457410
7290104061417,false,חומוס טחינה אחלה 400 ג',"שטראוס גרופ בע""מ",IL,חומוס טחינה 400 גר,גרמים,400.00,100 גרם,false,1,10.90,2.7250,true,1,457426
7290104061424,false,חומוס אחלה עם זעתר 400 ג',מיוצר עי קונדיטוריית,IL,חומוס זעתר 400 גר,גרמים,400.00,100 גרם,false,1,10.90,2.7250,true,1,457427
7290104061431,false,חומוס אחלה עם צנובר 400 ג',"שטראוס גרופ בע""מ",IL,חומוס צנובר 400 גר,גרמים,400.00,100 גרם,false,1,10.90,2.7250,true,1,457428
7290104061448,false,חומוס עם חריף 400 ג' אחלה,מיוצר עי קונדיטוריית,IL,חומוס חריף 400 גר,גרמים,400.00,100 גרם,false,1,10.90,2.7250,true,1,457429
7290104062599,false,מארז 8 יחידות מעדן גמדים בטעמי תות ובננה,STRAUSS-ISRAEL,IL,גמדים בכפית 8 תות בננה דיסני,גרמים,800.00,100 גרם,false,1,18.90,2.3625,true,1,457434
7290104064012,false,חטיף פסק זמן שוקולד לבן 36 ג' עלית,שולן צ'יקולטה גידה ס,TR,חטיף פסק זמן גוד 2 לבן 36 גר,גרמים,36.00,100 גרם,false,20,4.90,13.6111,true,1,457446
7290104065187,false,אבקה להכנת משקה קפה בטעם מוקה,STRAUSS-ISRAEL,IL,קפה נמס בטעם מוקה 20,גרמים,200.00,100 גרם,false,1,23.90,11.9500,true,1,457456
7290104065934,false,שטראוס עלי רוקט 150ג,שטראוס בריאות ירקות,IL,עלי רוקט טעם הטבע 150 גר,גרמים,150.00,100 גרם,false,8,9.90,6.6000,true,1,501291
7290104067679,false,טחינה אחלה 400 גרם,מיוצר עי קונדיטוריית,IL,טחינה אחלה 400 גרי,גרמים,400.00,100 גרם,false,1,10.90,2.7250,true,1,472643
7290104067693,false,אחלה חומוס עם חריף 150 גרם,מיוצר עי קונדיטוריית,IL,"חומוס ""אחלה"" חריף 150 גר",גרמים,150.00,100 גרם,false,1,5.90,3.9333,true,1,472766
7290104068539,false,גומי מאסט בטעם מלון ואבטיח 28 ג' עלית,"שטראוס גרופ בע""מ",IL,מסטיק מאסט מלון ואבטיח 28 גר,גרמים,28.00,100 גרם,false,16,4.50,16.0714,true,1,457495
7290104068546,false,גומי מאסט בטעם לימון קולה ללא סוכר 28 ג' עלית,"שטראוס גרופ בע""מ",IL,מסטיק מאסט בטעם קולה קרח ולימון 28 גר,גרמים,28.00,100 גרם,false,16,4.50,16.0714,true,1,457496
7290104501661,false,אינסטנט פודינג בטעם וניל צרפתי,מיוצר עי קונדיטוריית,IL,פודינג בטעם וניל צרפ,גרמים,80.00,100 גרם,false,1,5.40,6.7500,true,1,457522
7290104508189,false,גביעי וופל ממותקים לגלידה 24 יח',בטר אנד דיפרנט,IL,גביעי גלידה ממותקים,גרמים,95.00,100 גרם,false,1,12.90,13.5789,true,1,457568
7290104508202,false,גביעי גלידה אמריקאים 24 יח' אסם 120 ג',"גילרו בע""מ",IL,גביעי גלידה אמריקאים,גרמים,120.00,100 גרם,false,1,12.90,10.7500,true,1,457569
7290104508943,false,במבה אריזת חסכון 200 גרם,"אסם השקעות בע""מ",IL,"במבה כתומה 200 גר""",גרמים,200.00,100 גרם,false,1,9.90,4.9500,true,1,457579
7290104509353,false,בונז'ור עוגת בריוש פרג 550 ג',בונז'ור,IL,עוגת בריוש פרג 550גר,גרמים,550.00,100 גרם,false,1,24.90,4.5273,true,1,474200
7290104570513,false,תמר מג'הול 1 ק'ג בד',פרי וירק טמרה ושותפי,IL,תמר מגהול 1קג,קילוגרמים,1.00,"ק""ג",false,1,15.90,15.9000,true,1,473011
7290104720499,false,מארז 8 יחידות מעדן דני בטעם וניל 1.5%,מיוצר עי קונדיטוריית,IL,מארז דני וניל 20% הנ,מיליליטרים,1000.00,"100 מ""ל",false,1,15.90,1.5900,true,1,457587
7290104721533,false,רצועות פלפלים קלויים אחלה 400 ג',מיוצר עי קונדיטוריית,IL,רצועות פלפלים קלויים,גרמים,400.00,100 גרם,false,1,14.90,3.7250,true,1,457602
7290104721953,false,לקט סלט מסולסלים 7 סוגי עלים,תות תעשיות מזון (201,IL,לקט מסולסלים טעם הטבע 350 גר,גרמים,350.00,100 גרם,false,1,12.90,3.6857,true,1,502427
7290104722530,false,תפוצ'יפס בטעם שמנת ובצל,"שטראוס פריטו ליי בע""",IL,"תפוצ""יפס שמנת בצל 20",גרמים,200.00,100 גרם,false,1,10.90,5.4500,true,1,457617
7290104726262,false,מארז 4 יחידות דני לשתייה בטעם שוקולד + קשים,מיוצר עי קונדיטוריית,IL,דני שלוק 4 שוקולד דיסני V1,גרמים,500.00,100 גרם,false,1,10.90,2.1800,true,1,457679
7290104726712,false,מארז 8 יחידות מעדן מילקי בטעם שוקולד עם קצפת,"שטראוס גרופ בע""מ",IL,מעדן מילקי מארז שמיניה,גרמים,1064.00,100 גרם,false,1,19.90,1.8703,true,1,469759
7290104728310,false,"שמנת עמידה לקצפת 38% שומן 250 מ""ל יוטבתה",מחלבת יטבתה,IL,שמנת עמידה לקצפת 38%,מיליליטרים,250.00,"100 מ""ל",false,1,6.47,2.5880,true,1,457712
7290104729003,false,"יד מרדכי - שמן זית כתית מעולה 2 קלאסי 750 מ""ל",מכוורת יד מרדכי שטרא,IL,שמן זית כתית מעולה 750 מל,מיליליטרים,750.00,"100 מ""ל",false,1,32.90,4.3867,true,1,457731
7290104729010,false,"לבן בטעם תות 3% יוטבתה 100 מ""ל",STRAUSS-ISRAEL,IL,"לבן בטעם תות 130 מ""ל",מיליליטרים,100.00,"100 מ""ל",false,1,1.40,1.4000,true,1,457732
7290104960239,false,"תחליב רחצה נקה 7 ארומה לבן 750 מ""ל",טרופיקל דגיל תעשיות,IL,"תחליב רחצה נקה 7 לבן קמומיל 750 מ""ל",מיליליטרים,750.00,"100 מ""ל",false,1,11.90,1.5867,true,1,481549
7290104960246,false,"נקה 7 - תחליב רחצה ורד ויסמין 750 מ""ל",אמיליה קוסמטיקס,IL,"תחליב רחצה נקה 7 ורוד יסמין 750 מ""ל",מיליליטרים,750.00,"100 מ""ל",false,1,11.90,1.5867,true,1,481548
7290104960253,false,"תחליב רחצה נקה 7 לבנדר סגול 750מ""ל",טרופיקל דגיל תעשיות,IL,"תחליב רחצה נקה 7 סגול לבנדר 750 מ""ל",מיליליטרים,750.00,"100 מ""ל",false,1,11.90,1.5867,true,1,481550
7290104960338,false,"נקה 7 תחליב רחצה ארומה אלוורה ותה ירוק 750מ""ל",אמיליה קוסמטיקס,IL,"תחליב רחצה נקה 7 ירוק אלוורה 750 מ""ל",מיליליטרים,750.00,"100 מ""ל",false,1,11.90,1.5867,true,1,481547
7290104960352,false,"נקה 7 תחליב רחצה ארומה שקד וניל 750מ""ל",אמיליה קוסמטיקס,IL,"תחליב רחצה נקה 7 וניל שקד 750 מ""ל",מיליליטרים,750.00,"100 מ""ל",false,1,11.90,1.5867,true,1,481551
7290104961205,false,"נקה 7 תחליב רחצה מגע קטיפה מ""לפפון קיווי 750 מ""ל",טרופיקל דגיל תעשיות,IL,"תחליב רחצה נקה 7 מלפפון ליים 750 מ""ל",מיליליטרים,750.00,"100 מ""ל",false,1,11.90,1.5867,true,1,481552
7290104961243,false,"נקה 7 תחליב רחצה מגע קטיפה קוקוס ליים 750 מ""ל",ג'נרל מילס סאן אדריא,IL,"תחליב רחצה נקה 7 קוקוס יסמין 750 מ""ל",מיליליטרים,750.00,"100 מ""ל",false,1,11.90,1.5867,true,1,481553
7290104961250,false,"נקה 7 תחליב רחצה מגע קטיפה וניל מאסק 750 מ""ל",טרופיקל דגיל תעשיות,IL,"תחליב רחצה נקה 7 וניל מאסק 750 מ""ל",מיליליטרים,750.00,"100 מ""ל",false,1,11.90,1.5867,true,1,481554
7290104961526,false,דאודורנט ספריי גוף טיטניום קלאסיק Titanium Classic,אמיליה קוסמטיקס,IL,"דאו טיטניום ספריי קלאסי 150 מ""ל",מיליליטרים,150.00,"100 מ""ל",false,1,12.90,8.6000,true,1,483975
7290104961540,false,דאודורנט ספריי גוף טיטניום מטאל Titanium Metal,אמיליה קוסמטיקס,IL,"דאו טיטניום ספריי מטאל 150 מ""ל",מיליליטרים,150.00,"100 מ""ל",false,1,12.90,8.6000,true,1,483974
7290104961557,false,"טיטניום - דאודורנט ספריי לגבר בלו 150 מ""ל",אמיליה קוסמטיקס,IL,"דאו טיטניום ספריי 150 מ""ל",מיליליטרים,150.00,"100 מ""ל",false,1,12.90,8.6000,true,1,486486
7290104961878,false,"שמפו לשיער קרטין אינטנס פורמולה 400 מ""ל נטורל",נטורל פורמולה Natural Formula,IL,"שמפו ""נטורל קרטין אינטנס"" 400 מל",מיליליטרים,400.00,"100 מ""ל",false,1,29.90,7.4750,true,1,469515
7290104961885,false,מרכך קרטין טהור לשיער שעבר החלקה או עיצוב בחום,נטורל פורמולה Natural Formula,IL,"מרכך ""נטורל קרטין אינטנס"" 400 מל",מיליליטרים,400.00,"100 מ""ל",false,1,29.90,7.4750,true,1,469516
7290104962684,false,"קרליין - נושם דאודורנט רול און לאישה ללא אלומיניום 75 מ""ל",אמיליה קוסמטיקס,IL,"דאו קרליין נושם רול און 0% 75 מ""ל",מיליליטרים,75.00,"100 מ""ל",false,1,12.90,17.2000,true,1,483968
7290104962844,false,"שמפו אמפולה לטיפול אינטנסיבי לשיער יבש, צבוע ופגום",נטורל פורמולה Natural Formula,,"שמפו נטורל פורמולה אמפולה 400 מ""ל",מיליליטרים,400.00,"100 מ""ל",false,1,29.90,7.4750,true,1,479734
7290104962851,false,"מרכך אמפולה לטיפול אינטנסיבי לשיער יבש, צבוע ופגום",נטורל פורמולה Natural Formula,,"מרכך נטורל פורמולה אמפולה 400 מ""ל",מיליליטרים,400.00,"100 מ""ל",false,1,29.90,7.4750,true,1,479735
7290104963001,false,מגבונים סופטקר בניחוח עדין רביעיה,סופטקר Softcare,,מגבונים לחים סופטקר בניחוח עדן רביעייה,Unknown,0.00,Unknown,false,1,18.90,0.0000,true,1,484159
7290104963018,false,סופטקר רביעיית מגבונים ללא בישום,סופטקר Softcare,,מגבונים לחים סופטקר ללא בישום רביעייה,Unknown,0.00,Unknown,false,1,16.90,0.0000,true,1,484160
7290104963650,false,סופטקר - שמפו אל דמע 1 ליטר,סופטקר Softcare,,שמפו סופטקר אלדמע 1 ל,ליטרים,1.00,ליטר,false,1,16.90,16.9000,true,1,484663
7290105360250,false,קפסולות 09 עשיר וארומטי למכונת נספרסו עלית 10יח',הנסיך- מפעל לייצור ט,IL,קפסולות בטעם מקיאטו 50 גר,גרמים,50.00,100 גרם,false,1,15.90,31.8000,true,1,469302
7290105360328,false,קפסולות אספרסו חזק למכונות נספרסו 10 יח',הנסיך- מפעל לייצור ט,IL,קפסולות למכונת אספרסו בטעם אספרסו חזק 50,גרמים,50.00,100 גרם,false,1,15.90,31.8000,true,1,469300
7290105360335,false,קפסולות קפה אספרסו עדין וקטיפתי,הנסיך- מפעל לייצור ט,IL,קפסולות למכונת אספרסו בטעם אספרסו 50 גר,גרמים,50.00,100 גרם,false,1,15.90,31.8000,true,1,469301
7290105360878,false,תפוצ'יפס מארז 4 יח' *50ג',"שטראוס פריטו ליי בע""",IL,תפוציפס טבעי 50גר מארז רביעייה,גרמים,200.00,100 גרם,false,1,11.90,5.9500,true,1,475555
7290105362339,false,"שמנת לבישול 15% 250 מ""ל יטבתה מהדרין",מחלבת יטבתה,IL,"שמנת ""יטבתה"" לבישול",מיליליטרים,250.00,"100 מ""ל",false,1,7.90,3.1600,true,1,457761
7290105363602,false,כיף כף - מקלות קלאסי 40 גרם,"איי, בי, אינבוו",TR,שוקולד כיף כף מקלות קלאסי 42 גר,גרמים,40.00,100 גרם,false,1,4.90,12.2500,true,1,468584
7290105364289,false,כיף כף - מקלות פצפוצים 40 גרם,"איי, בי, אינבוו",TR,שוקולד כיף כף מקלות פצפוצים 42 גר,גרמים,40.00,100 גרם,false,1,4.90,12.2500,true,1,468585
7290105364302,false,"עלית חטיף שוקולד כיף כף מקלות אגוזים, 40 גרם","איי, בי, אינבוו",TR,שוקולד כיף כף מקלות אגוזים 42 גר,גרמים,42.00,100 גרם,false,1,4.90,11.6667,true,1,468583
7290105364678,false,משקה אקטיביה בטעם אפרסק 1.3% שומן 265 ג' דנונה,מיוצר עי קונדיטוריית,IL,משקה אקטיביה בטעם אפ,גרמים,265.00,100 גרם,false,1,4.90,1.8491,true,1,457788
7290105366023,false,חציל אחלה בטעם כבד 400 גר' אחלה,מיוצר עי קונדיטוריית,IL,"סלט ""אחלה"" חציל בטעם",גרמים,400.00,100 גרם,false,1,14.90,3.7250,true,1,457795
7290105366993,false,סימפוניה גבינה במרקם שמנת פלפל שיפקה חריף 5%,"שטראוס בריאות בע""מ",IL,"גבינת ""סימפוניה"" פלפל שיפקה חריף 200 גר",גרמים,200.00,100 גרם,false,1,10.90,5.4500,true,1,472753
7290105368225,false,חומוס עם פלפל שיפקה אחלה 400 ג',מיוצר עי קונדיטוריית,IL,חומוס אחלה עם פלפל שיפקה,גרמים,400.00,100 גרם,false,1,10.90,2.7250,true,1,467359
7290105368331,false,מעדן מילקי בטעם תות עם קצפת,מחלבת אחיהוד,IL,"מילקי תות 170 מ""ל",גרמים,133.00,100 גרם,false,1,2.90,2.1805,true,1,466981
7290105368904,false,"שמנת מתוקה להקצפה 32% שומן 250 מ""ל יוטבתה",מחלבת יטבתה,IL,שמנת מתוקה 32% 258 גר,גרמים,258.00,100 גרם,false,1,7.60,2.9457,true,1,467956
7290105368928,false,"שמנת 9% שומן 200 מ""ל יוטבתה",מחלבת יטבתה,IL,"שמנת ""יטבתה"" 9% 200מ",מיליליטרים,200.00,"100 מ""ל",false,1,3.10,1.5500,true,1,457817
7290105369130,false,סימפוניה גבינה במרקם שמנת בצל ירוק 5%,"שטראוס בריאות בע""מ",IL,"גבינת קרם ""סימפוניה"" עם בצל ירוק 5% 200",גרמים,200.00,100 גרם,false,1,10.90,5.4500,true,1,469325
7290105430441,false,תחליב רחצה סחלב שחור וקרם לחות Naturals משאבה,הנסיך- מפעל לייצור ט,TR,"סבון נוזלי פלמוליב סחלב שחור 750 מ""ל",מיליליטרים,750.00,"100 מ""ל",false,1,18.90,2.5200,true,1,482918
7290105430458,false,תחליב רחצה מועשר בשקדים וקרם לחות Naturals משאבה,הנסיך- מפעל לייצור ט,TR,"סבון נוזלי פלמוליב שקדים 750 מ""ל",מיליליטרים,750.00,"100 מ""ל",false,1,18.90,2.5200,true,1,482917
7290105431516,false,פרי חטיפי בריאות מארז 5 תמרים בוטנים,טבעית מוצרים מן הטבע,IL,פרי חטיפי בריאות תמרים בוטנים,גרמים,125.00,100 גרם,false,1,16.90,13.5200,true,1,476280
7290105434050,false,ספיד סטיק - דאודורנט סטיק לגבר XL ירוק רגיולר 85 גרם,ספיד סטיק Speed Stick,,דאודורנט גל 24/7 ספיד סטיק 85 גר,Unknown,0.00,Unknown,false,1,18.90,0.0000,true,1,525636
7290105434067,false,ספיד סטיק - דאודורנט סטיק לגבר XL אושן סרף 85 גרם,קולגייט פלמוליב,BY,דאודורנט גל 24/7 ספיד סטיק 85 גר,Unknown,0.00,Unknown,false,1,18.90,0.0000,true,1,525637
7290105436382,false,פריי חטיף תמרים וקשיו מארז 125ג',טבעית מוצרים מן הטבע,IL,פרי חטיפי בריאות תמרים,גרמים,125.00,100 גרם,false,1,16.90,13.5200,true,1,476278
7290105439499,false,מיונז הולנדי 481 ג' מאסטר שף,רמיה סי.וי. הולנד,NL,מיונז מאסטר שף הולנדי 481 גר,גרמים,483.00,100 גרם,false,1,10.90,2.2567,true,1,483100
7290105439505,false,קרם בטעם מיונז לייט מנה 479 ג' מאסטר שף,רמיה סי.וי. הולנד,NL,מיונז מאסטר שף לייט 479 גר,גרמים,521.00,100 גרם,false,1,9.90,1.9002,true,1,487662
7290105439581,false,חרדל דיז'ון צרפתי 370ג' מ.שף,סאס קווינור,FR,חרדל דיזון מאסטר שף 370 גר,גרמים,370.00,100 גרם,false,1,9.90,2.6757,true,1,483101
7290105474049,false,מעדן מוס לה קט עוף 1,,,מעדן מוס לה קט עוף 155 גר,גרמים,155.00,100 גרם,false,1,5.90,3.8065,true,1,474703
7290105474056,false,מעדן מוס לה קט סלמון,,,מעדן מוס לה קט סלמון 155 גר,גרמים,155.00,100 גרם,false,1,5.90,3.8065,true,1,474704
7290105474063,false,מעדן מוס לה קט כבד 1,יו פי אף,FR,מעדן מוס לה קט כבד 155 גר,גרמים,155.00,100 גרם,false,1,5.90,3.8065,true,1,474706
7290105474070,false,מעדן מוס לה קט טונה,,,מעדן מוס לה קט טונה 155 גר,גרמים,155.00,100 גרם,false,1,5.90,3.8065,true,1,474705
7290105474124,false,מזון לכלבים בונזו מז,united pet food,FR,"בונזו בשר 12 ק""ג",קילוגרמים,12.00,"ק""ג",false,1,119.90,9.9917,true,1,473842
7290105475787,false,לה קט מארז שימורי שלישיה *400 ג',,,מעדני לה קט נתחונים בגלי 3*40,גרמים,1200.00,100 גרם,false,1,23.90,1.9917,true,1,483024
7290105479679,false,מזון לכלב בוגר בקר ו,,FR,"בונזו בקר וכבד 12 ק""ג",קילוגרמים,12.00,"ק""ג",false,1,119.90,9.9917,true,1,500632
7290105500151,false,וודקה פינלנדיה בקבוק,"אלטיה קורפ, הלסינקי,",FI,"וודקה ""פינלנדיה"" 0.7 ל",מיליליטרים,700.00,"100 מ""ל",false,1,59.90,8.5571,true,1,468132
7290105500236,false,וויסקי ג'ק דניאלס מס' 7 Brand No,ג'ק דניאלס Jack Daniel's,US,ויסקי גק דניאלס 700 מל,מיליליטרים,700.00,"100 מ""ל",false,6,109.90,15.7000,true,1,469284
7290105500748,false,וויסקי פיימוס גראוס The Famouse Grouse,מתיו גלוג אנד סאן,GB,"וויסקי ""פיימוס גראוס"" 700 מל",מיליליטרים,700.00,"100 מ""ל",false,1,79.90,11.4143,true,1,472007
7290105500953,false,"וויסקי ג'ק דניאלס דבש 700 מ""ל",ג'ק דניאל'ס,BE,וויסקי גיק דניאלס דבש 700מל,מיליליטרים,700.00,"100 מ""ל",false,1,109.90,15.7000,true,1,473749
7290105501547,false,מארז וודקה גריי גוס,בקרדי מרטיני,FR,וודקה גריי גוס 700 מל פלוס כוס מתכת,מיליליטרים,700.00,"100 מ""ל",false,6,119.90,17.1286,true,1,521637
7290105691224,false,פריכונים חטיפי טורטיה שום בצל 60 ג' אוסם,"מיוצר ע""י PT, משווק",IL,חטיפי טורטייה בטעם ש,גרמים,60.00,100 גרם,false,1,6.90,11.5000,true,1,457849
7290105691248,false,פריכונים חטיפי טורטיה תירס 60 ג' אוסם,"מיוצר ע""י PT, משווק",IL,חטיפי טורטייה בטעם ת,גרמים,60.00,100 גרם,false,1,6.90,11.5000,true,1,457850
7290105691712,false,עוגיות הפסקת קפה חיטה מלאה אסם 230 גר',היינץ צפון אמריקה מק,IL,עוגיות הפסקת קפה 230,גרמים,230.00,100 גרם,false,1,9.90,4.3043,true,1,457855
7290105691897,false,קוסקוס פלוס עם קמח חיטה מלא,"מיוצר ע""י קוד יצרן K",IL,קוסקוס עם חיטה מלאה,גרמים,350.00,100 גרם,false,1,8.90,2.5429,true,1,457860
7290105691934,false,"קמח שמרים 1ק""ג אוסם",תאי פרזידנט פוד פאבל,IL,קמח שמרים 1 קג,קילוגרמים,1.00,"ק""ג",false,1,9.90,9.9000,true,1,467531
7290105693341,false,במבה מארז 10 יח' * 25 ג' אסם,"אסם השקעות בע""מ",IL,במבה אריזת עשירייה,גרמים,250.00,100 גרם,false,1,15.90,6.3600,true,1,472775
7290105693952,false,פירורית זהב אסם זהב שומשום 200 ג',מיוצר עי קונדיטוריית,IL,פירורית זהב עם שומשום 200 גר,גרמים,200.00,100 גרם,false,1,6.50,3.2500,true,1,466724
7290105694614,false,פסטה ספגטי מהיר הכנה 500ג' אסם,פסטה זארה,IT,"ספגטי ""אסם"" מהיר הכנה 500 גר",גרמים,500.00,100 גרם,false,1,6.90,1.3800,true,1,467669
7290105694928,false,אבקת מרק בצל רכיבים טבעיים 220 ג' אסם,"אסם השקעות בע""מ",IL,אבקת מרק בצל במיכל 220 גר,גרמים,220.00,100 גרם,false,1,14.90,6.7727,true,1,467881
7290105695024,false,אסם פתיתים אפויים אורז עם אטריות 500 גר,"אסם השקעות בע""מ",IL,פתיתים אפויים אורז עם אטריות 500 גר,גרמים,500.00,100 גרם,false,1,7.90,1.5800,true,1,468765
7290105695321,false,עוגת שוקולד בראוניז פאדג' 380 ג',מיוצר עי קונדיטוריית,IL,עוגת בראוניס פאדג 380 גר,גרמים,380.00,100 גרם,false,1,15.90,4.1842,true,1,468893
7290105962331,false,זחוק אדום תימני מקורי חריף מאוד,קריניסה ויטמין אס אי,IL,סחוג חריף מאוד 220 גר,גרמים,220.00,100 גרם,false,1,11.90,5.4091,true,1,468580
7290105962980,false,כרוב אדום במיונז 400 ג' אחלה,מיוצר עי קונדיטוריית,IL,"כרוב אדום ""אחלה"" 400 גר",גרמים,400.00,100 גרם,false,1,10.90,2.7250,true,1,466984
7290105962997,false,חצילים אחלה במיונז 400 גר',"שטראוס גרופ בע""מ",IL,"חצילים במיונז ""אחלה"" 400 גר",גרמים,400.00,100 גרם,false,1,10.90,2.7250,true,1,466983
7290105963000,false,מטבוחה אחלה 400 גרם,מיוצר עי קונדיטוריית,IL,"מטבוחה ""אחלה"" 400 גר",גרמים,400.00,100 גרם,false,1,10.90,2.7250,true,1,466982
7290105964564,false,אחלה חומוס אחלה 400ג,מיוצר עי קונדיטוריית,IL,חומוס אחלה 400 גר,גרמים,400.00,100 גרם,false,1,7.90,1.9750,true,1,468111
7290105965738,false,יוגורט לשתיה בטעם תות בננה267 ג' דנונה,מיוצר עי קונדיטוריית,IL,יוגורט דנונה לשתייה תות בננה 267מל,מיליליטרים,267.00,"100 מ""ל",false,1,5.00,1.8727,true,1,473977
7290105966469,false,"חומץ בלסמי יד מרדכי 250מ""ל",אצטייה ג'וזפה קרמוני,IT,"חומץ בלסמי ""יד מרדכי"" 250 מל",מיליליטרים,250.00,"100 מ""ל",false,1,14.90,5.9600,true,1,469912
7290105968098,false,סלט קולסלאו אחלה 500 ג',אחלה - שטראוס,IL,"סלט ""אחלה"" קולסלאו 500 גר",גרמים,500.00,100 גרם,false,1,14.90,2.9800,true,1,468355
7290105968654,false,רביולי בטטה פרווה פסטה נונה 400 ג',מיוצר עי קונדיטוריית,IL,רביולי בטטה 400 גר,גרמים,400.00,100 גרם,false,1,19.90,4.9750,true,1,468110
7290105968777,false,פריכיות עם תחתית שוקולד מריר 70 ג' אנרגי,"טחנת האבן תעשיות בע""",IL,"פריכיות ""אנרגי"" תחתית שוקולד מריר 70 גר",גרמים,70.00,100 גרם,false,1,7.90,11.2857,true,1,470253
7290106520066,false,רבע לשבע במילוי קרם אגוזים ובציפוי שוקולד חלב,הגביע מוצרי וופלים ב,IL,"גלילי וופל ""רבע לשבע"" בציפוי שוקולד במיל",גרמים,160.00,100 גרם,false,1,10.90,6.8125,true,1,468586
7290106520288,false,יוגורט פרו חלבון עם תות 2.4% שומן 150 ג' דנונה,"שטראוס בריאות בע""מ",IL,יוגורט דנונה פרו בטעם תות 150 גר,גרמים,150.00,100 גרם,false,1,4.60,3.0667,true,1,483181
7290106520905,false,סלט טורקי עם פלפל קל,"שטראוס גרופ בע""מ",IL,"סלט טורקי ""אחלה"" 400 גר",גרמים,400.00,100 גרם,false,1,14.90,3.7250,true,1,469699
7290106520912,false,"שמנת לבישול 9% 250 מ""ל יטבתה",מחלבת יטבתה,IL,"שמנת לבישול ""יטבתה"" 9%",מיליליטרים,250.00,"100 מ""ל",false,1,7.90,3.1600,true,1,470273
7290106521049,false,קוביות סלק אחלה 400 גר',מיוצר עי קונדיטוריית,IL,"קוביות סלק ""אחלה"" 400 גר",גרמים,400.00,100 גרם,false,1,14.90,3.7250,true,1,472235
7290106521926,false,שקית קפה טורקי 150 ג' עלית,עלית,,קפה טורקי עלית 150 גר,גרמים,150.00,100 גרם,false,35,10.90,7.2667,true,1,511891
7290106524439,false,תפוצ'יפס טבעי פופס 60גר',"שטראוס פריטו ליי בע""",IL,חטיף תפוציפס פופס 60 גר,גרמים,60.00,100 גרם,false,1,3.90,6.5000,true,1,496052
7290106525320,false,אבקת שוקולית לאפייה קופסא 500ג' עלית,הנסיך- מפעל לייצור ט,IL,שוקולית עלית לאפיה 500גר,גרמים,500.00,100 גרם,false,1,14.90,2.9800,true,1,476113
7290106525399,false,קפסולות 06 ברזיל למכונות נספרסו עלית 10יח',הנסיך- מפעל לייצור ט,IL,קפסולות קפה עלית ברזיל 06 למכונת נספרסו,גרמים,50.00,100 גרם,false,1,15.90,31.8000,true,1,484737
7290106526822,false,פריכיות אורז עם תחתית שוקולד חלב 80 ג' אנרגי,"טחנת האבן תעשיות בע""",IL,פריכיות אנרגי תחתית שוקולד חלב 80 גר,גרמים,80.00,100 גרם,false,1,7.90,9.8750,true,1,473114
7290106528567,false,דוריטוס גריל עלית 185 ג',הנסיך- מפעל לייצור ט,IL,חטיף דוריטוס גריל 185 גר,גרמים,185.00,100 גרם,false,1,6.90,3.7297,true,1,483788
7290106528628,false,דוריטוס טבעי עלית 185 ג',"שטראוס פריטו ליי בע""",IL,חטיף דוריטוס טבעי 185 גר,גרמים,185.00,100 גרם,false,12,6.90,3.7297,true,1,483789
7290106528949,false,סלט ערוגות טעם הטבע,שטראוס בריאות ירקות,IL,סלט ערוגות טעם הטבע 450 גר,גרמים,450.00,100 גרם,false,8,12.50,2.7778,true,1,501275
7290106571921,false,עוגיות פיטנס עוגיות חמוציות 180 גר',מיוצר עי קונדיטוריית,IL,עוגיות אסם חמוציות 180גר,גרמים,180.00,100 גרם,false,1,10.90,6.0556,true,1,474802
7290106572027,false,אוסם - לחמית חמישה דגנים 190 גרם,"אסם השקעות בע""מ",IL,לחמית קרקר חמישה דגנים 190 גר,גרמים,190.00,100 גרם,false,1,8.90,4.6842,true,1,468764
7290106572614,false,חטיף דובונים פיצה 40,Unknown,,חטיף דובונים פיצה 40 גר,גרמים,40.00,100 גרם,false,1,4.90,12.2500,true,1,470528
7290106572959,false,מארז אפרופו חטיף תירס 5 יחידות,אסם תעשיות,IL,אפרופו מארז חמישייה,גרמים,125.00,100 גרם,false,1,11.90,9.5200,true,1,470153
7290106573598,false,צבר חומוס לבנוני 400גרם,סלטי צבר,IL,"חומוס ""צבר"" לבנוני 400 גר",גרמים,400.00,100 גרם,false,1,11.90,2.9750,true,1,471028
7290106573628,false,צבר חומוס עם טחינה 400גר,סלטי צבר,IL,"חומוס ""צבר"" עם טחינה 400 גר",גרמים,400.00,100 גרם,false,1,11.90,2.9750,true,1,471026
7290106573642,false,צבר חומוס צנובר 400גרם,סלטי צבר,IL,"חומוס ""צבר"" צנובר 400 גר",גרמים,400.00,100 גרם,false,1,11.90,2.9750,true,1,471031
7290106574793,false,עוגת הבית שוקו שוקוצ''יפס 350 ג' אסם,מיוצר עי קונדיטוריית,IL,עוגת הבית סופלה בטעם שוקולד 340 גר,גרמים,340.00,100 גרם,false,1,12.90,3.7941,true,1,471625
7290106574953,false,בייגלה שטוחים כעכים שטוחים עם שומשום,מיוצר עי קונדיטוריית,IL,בייגלה שטוחים שומשום 300 גר,גרמים,300.00,100 גרם,false,1,9.90,3.3000,true,1,472153
7290106574977,false,בייגלה שטוחים כעכים שטוחים עם מלח,מיוצר עי קונדיטוריית,IL,בייגלה שטוחים עם מלח 300 גר,גרמים,300.00,100 גרם,false,1,9.90,3.3000,true,1,472155
7290106575011,false,פתיתים אפויים פלוס חיטה מלאה 400 ג' אסם,מיוצר עי קונדיטוריית,IL,פתיתים אפויים + חיטה מלאה 400 גר,גרמים,400.00,100 גרם,false,1,7.90,1.9750,true,1,471943
7290106575332,false,פתיתים אפויים פלוס בורגול 400 ג' אסם,"מיוצר ע""י קוד יצרן K",IL,פתיתים אפויים + בורגול 400 גר,גרמים,400.00,100 גרם,false,1,7.90,1.9750,true,1,471942
7290106575431,false,עוגת הבית סופלה בטעם שוקוניל 340 ג' אסם,מיוצר עי קונדיטוריית,IL,עוגת הבית סופלה בטעם שוקו וניל 340 גר,גרמים,340.00,100 גרם,false,1,12.90,3.7941,true,1,472422
7290106576513,false,סלט חומוס צבר 400 גר,סלטי צבר,IL,"סלט ""צבר"" חומוס 400 גר",גרמים,400.00,100 גרם,false,1,9.90,2.4750,true,1,472721
7290106576537,false,צבר חומוס מסעדה 700 גר,סלטי צבר,IL,"חומוס מסעדה ""צבר"" 700 גר",גרמים,700.00,100 גרם,false,1,10.90,1.5571,true,1,472151
7290106576810,false,גלידה לה קרמריה ריבת חלב 1.4 ל' נסטלה,המאפיה של הרמן,IL,לה קרמריה ריבת חלב,ליטרים,1.40,ליטר,false,1,21.90,15.6429,true,1,475504
7290106576834,false,גלידה לה קרמריה פונטש בננה1.4 ל' נסטלה,תות תעשיות מזון (201,IL,לה קרמריה וניל פונטש בננה,גרמים,700.00,100 גרם,false,1,21.90,3.1286,true,1,475511
7290106576858,false,גלידה לה קרמריה תותים בשמנת 1.4 ל' נסטלה,המאפיה של הרמן,IL,לה קרמריה תותים בשמנת,ליטרים,1.40,ליטר,false,1,21.90,15.6429,true,1,475506
7290106576919,false,גלידה קרמריה סורבה תות לימון 1.4 ליטר,המאפיה של הרמן,IL,לה קרמריה סורבה תות לימון,גרמים,840.00,100 גרם,false,1,21.90,2.6071,true,1,475514
7290106576957,false,"לה קרמריה גלידת שוקו וניל פליק פרווה כשל""פ 1.4",תות תעשיות מזון (201,IL,לה קרמריה שוקו וניל פליק פרווה,ליטרים,1.40,ליטר,false,1,21.90,15.6429,true,1,475515
7290106576971,false,גלידה לה קרמריה שוקולד בלגי 1.4 ל' נסטלה,תות תעשיות מזון (201,IL,לה קרמריה שוקולד בלגי,ליטרים,1.40,ליטר,false,1,21.90,15.6429,true,1,475505
7290106576995,false,גלידה סורבה לה קרמריה תות מנגו לייט 1.4 ל' נסטלה,המאפיה של הרמן,IL,לה קרמריה לייט סורבה תות מנגו,ליטרים,1.40,ליטר,false,1,21.90,15.6429,true,1,475512
7290106577039,false,גלידה לה קרמריה שוקו וניל פליק 1.4 ל' נסטלה,תות תעשיות מזון (201,IL,לה קרמריה שוקו וניל פליק,ליטרים,1.40,ליטר,false,1,21.90,15.6429,true,1,475507
7290106577282,false,צבר טחינה מרובע 400גרם,סלטי צבר,IL,"טחינה ""צבר"" 400 גר",גרמים,400.00,100 גרם,false,1,12.90,3.2250,true,1,472436
7290106577527,false,סלט קולסלאו כרוב לבן וגזר 400 ג' צבר,סלטי צבר,IL,"כרוב קולסלאו ""צבר"" 400 גר",גרמים,400.00,100 גרם,false,1,12.90,3.2250,true,1,472443
7290106577541,false,כרוב אדום מרובע 400 ג' צבר,סלטי צבר,IL,"כרוב אדום ""צבר"" 400 גר",גרמים,400.00,100 גרם,false,1,12.90,3.2250,true,1,472442
7290106578692,false,אוסם - במבה ביסלי מיקס 80 גרם,פרו מן יו פתרונות אר,IL,חטיף ביסלי במבה מיקס 80גר,גרמים,80.00,100 גרם,false,1,4.90,6.1250,true,1,474149
7290106578821,false,הבית עוגת שמרים קלאסית בטעם שוקולד 350גר.,מיוצר עי קונדיטוריית,IL,עוגת הבית שמרים טעם שוקולד 350 גר,גרמים,350.00,100 גרם,false,1,15.90,4.5429,true,1,472799
7290106652996,false,כיף כף מקלות קוקוס חלבי 40 גר',SOLEN CIKOLATA GIDA,TR,חטיף כיף כף מקלות קוקוס 40 גר,גרמים,40.00,100 גרם,false,1,4.90,12.2500,true,1,471777
7290106653689,false,לקט לסלט בסגנון אסייתי,שטראוס בריאות ירקות,IL,לקט לסלט אסייתי טעם הטבע 350 גר,גרמים,350.00,100 גרם,false,8,9.90,2.8286,true,1,501280
7290106654099,false,מילקי CAKE עוגות אישיות במילוי קרם חלב,STRAUSS-ISRAEL,,עוגת מילקי קרם חלב 272 גר שמינייה,גרמים,272.00,100 גרם,false,1,19.90,7.3162,true,1,483179
7290106658479,false,עלית וופל בטעם טורטית אגוזים 360גר,"שטראוס גרופ בע""מ",IL,חטיף טורטית מגדים 40 גר,גרמים,40.00,100 גרם,false,1,3.90,9.7500,true,1,485706
7290106662025,false,תפוצ'יפס טבעי מלח פלפל 50 ג',"שטראוס פריטו ליי בע""",IL,חטיף תפוציפס טבעי מלח פלפל 50 גר,גרמים,50.00,100 גרם,false,1,3.90,7.8000,true,1,485423
7290106663091,false,לאבנה טבעי 9% שטראוס 500ג',הדקלאים אגודת שיתופי,IL,לאבנה 9% 500 גר,גרמים,500.00,100 גרם,false,1,18.90,3.7800,true,1,482224
7290106663183,false,צ'יטוס חטיף טעם גבינה 65ג,,,חטיף ציטוס גבינה 65 גר,גרמים,65.00,100 גרם,false,1,4.30,6.6154,true,1,491172
7290106663558,false,"רוטב טריאקי ורימון יד מרדכי 280מ""ל",אף.סי תבליני בגליל ב,IL,"רוטב יד מרדכי טריאקי רימון 280 מ""ל",גרמים,320.00,100 גרם,false,1,13.90,4.3438,true,1,480406
7290106664067,false,לאבנה עם שמן זית וזעתר 10% שטראוס 400 ג',הדקלאים אגודת שיתופי,IL,לבאנה עם שמן זית וזעתר 10% 400 גר,גרמים,400.00,100 גרם,false,1,14.90,3.7250,true,1,482223
7290106664555,false,"רוטב שמנת עם עגבניות 9% שומן 250 מ""ל יוטבתה",מחלבת יטבתה,IL,"רוטב שמנת יטבתה עגבניות 9% 250 מ""ל",מיליליטרים,250.00,"100 מ""ל",false,1,10.90,4.3600,true,1,481835
7290106666788,false,עלית - סוכריות נוסטלגיה דבש ממולאות 80 גרם,פלזנסקי,IL,סוכריות עלית ממולאות בטעם דבש 80 גר,גרמים,80.00,100 גרם,false,1,4.90,6.1250,true,1,479979
7290106667266,false,דוריטוס חמוץ חריף עלית 185 ג',הנסיך- מפעל לייצור ט,IL,חטיף דוריטוס חמוץ חריף 185 גר,גרמים,185.00,100 גרם,false,1,6.90,3.7297,true,1,483786
7290106668133,false,שוקולית שקית 400 גר,,,שוקולית עלית שק 400 גר,גרמים,400.00,100 גרם,false,1,11.90,2.9750,true,1,484023
7290106668577,false,"מיץ לימון טבעי יד מרדכי 250 מ""ל",האי נאם סי או אל.טי.,IT,"מיץ לימון יד מרדכי טבעי 250 מ""ל",מיליליטרים,250.00,"100 מ""ל",false,1,7.90,3.1600,true,1,480403
7290106668713,false,יוגורט עם פירות יער 3% שומן 150 ג' דנונה,מיוצר עי קונדיטוריית,IL,יוגורט דנונה פירות יער 150 גר,גרמים,150.00,100 גרם,false,1,3.90,2.6000,true,1,480385
7290106721807,false,אחלה סלט חציל פיקנטי מהדרין 400ג,"שטראוס גרופ בע""מ",IL,סלט חציל פיקנטי אחלה 400 גר,גרמים,400.00,100 גרם,false,1,10.90,2.7250,true,1,478356
7290106721913,false,מסטיק מאסט MUST ללא סוכר בטעם מנטה מרעננת,"שטראוס גרופ בע""מ",IL,מסטיק מאסט בטעם מנטה 66 גר,גרמים,66.00,100 גרם,false,12,9.90,15.0000,true,1,479983
7290106721920,false,צנצנת מסטיק מאסט בטעם ספירמינט עדין 66 ג' עלית,"שטראוס גרופ בע""מ.",IL,מסטיק מאסט מנטה עדינה 66 גר,גרמים,66.00,100 גרם,false,12,9.90,15.0000,true,1,479982
7290106723689,false,עלי תרד בייבי שטראוס,שטראוס בריאות ירקות,IL,עלי תרד בייבי טעם הטבע 200 גר,גרמים,200.00,100 גרם,false,8,9.90,4.9500,true,1,501292
7290106725874,false,"סירופ מייפל טהור יד מרדכי 236 מ""ל",יד מרדכי,,"סירופ מייפל יד מרדכי טבעי 236 מ""ל",מיליליטרים,236.00,"100 מ""ל",false,1,39.90,16.9068,true,1,482256
7290106726178,false,יוגורט PRO עם פירות יער 2.4% 10 גרם חלבון בגביע,מיוצר עי קונדיטוריית,IL,יוגורט דנונה פרו פירות יער 150 גר,גרמים,150.00,100 גרם,false,1,4.60,3.0667,true,1,482210
7290106727984,false,כיף כף פצפוצים ושוקולד 135 ג',שולן צ'יקולטה גידה ס,TR,"חטיפי ביסקוויט ""כיף כף"" פצפצים 135 גר",גרמים,135.00,100 גרם,false,1,9.90,7.3333,true,1,486128
7290107020572,false,יין אלכסנדר סנדרו בל,,,"יין אלכסנדר סנדרו בלנד 2017 750 מ""ל",מיליליטרים,750.00,"100 מ""ל",false,1,99.90,13.3200,true,1,510370
7290107169219,false,חול לחתולים קריסטל 3,,,"חול לחתולים קריסטל 3.6 ק""ג",קילוגרמים,3.60,"ק""ג",false,1,29.90,8.3056,true,1,506552
7290107280013,false,מגבונים ליטופים ללא בושם חמישיה,,,מגבונים לחים ליטופים לא מבושם חמישייה,Unknown,0.00,Unknown,false,1,18.90,0.0000,true,1,483916
7290107280020,false,מטליות לחות סנו סושי לניקוי כללי שלישיה *50 יח',טרופיקל דגיל- תעשיות,IL,מגבונים לחים סנו סושי לניקוי כללי שלישיה,Unknown,0.00,Unknown,false,1,18.90,0.0000,true,1,473191
7290107280129,false,שקיות אשפה חזקות גדולות במיוחד XXL,אשפלסט תעשיות,IL,שקיות אשפה סנו סושי חזקות גדולות 20יח,יחידה,20.00,יחידה,false,1,23.90,1.1950,true,1,478382
7290107280341,false,ריצפז מטליות לחות לניקוי הרצפה בניחוח מלון מפנק,"סנו מפעלי ברונוס סע""",IL,ריצפז מטליות לחות מלון מפנק,Unknown,0.00,Unknown,false,12,10.90,0.0000,true,1,510332
7290107280396,false,"סנו - ג'ט מרסס לניקוי יסודי במטבח 750 מ""ל","סנו מפעלי ברונוס בע""",IL,"נוזל ניקוי ""סנו ג""ט"" למטבח 750 מל",מיליליטרים,750.00,"100 מ""ל",false,1,10.90,1.4533,true,1,472982
7290107280549,false,"סנו - K400 קוטל זבובים ויתושים 300 מ""ל","סנו מפעלי ברונוס בע""",IL,תרסיס סנו קיי400 300 מל,מיליליטרים,300.00,"100 מ""ל",false,1,11.90,3.9667,true,1,483579
7290107280563,false,אוקסיג'ן ג'ל לכביסה בייבי 3ל',"איי, בי, אינבוו",IL,מסיר כתמים סנו אוקסיגין בייבי 3ל,ליטרים,3.00,ליטר,false,1,26.90,8.9667,true,1,476549
7290107280570,false,סנו - מקסימה ג'ל כביסה מרוכז לכביסה צבעונית 3 ליטר,מיוצר עי קונדיטוריית,IL,גיל כביסה סנו מקסימה לכביסה צבעונית 3ל,ליטרים,3.00,ליטר,false,1,28.90,9.6333,true,1,476548
7290107280662,false,"סנו מקסימה בייבי אבקת לכביסה 1.25 ק""ג",,,א.כביסה סנו מקסימה בייבי 1.25 קג,קילוגרמים,1.25,"ק""ג",false,1,17.90,14.3200,true,1,481158
7290107280709,false,"סנו ספארק נוזל הברקה למדיח 700 מ""ל","סנו מפעלי ברונוס בע""",IL,נוזל הברקה למדיח סנו ספארק 900 מל,מיליליטרים,900.00,"100 מ""ל",false,1,14.90,1.6556,true,1,479343
7290107280716,false,מלח למדיח להגנה מפני אבנית סנו ספארק Spark,סנו,IL,מלח למדיח סנו ספארק 2 קג,קילוגרמים,2.00,"ק""ג",false,1,11.90,5.9500,true,1,479344
7290107280754,false,נוזל כלים סנו ספארק Spark היפואלרגני פריחת השקד,סנו,IL,נוזל כלים ספארק היפואלרגי 700מל,מיליליטרים,700.00,"100 מ""ל",false,1,7.90,1.1286,true,1,477849
7290107280761,false,נוזל לניקוי כלים בניחוח לימון רענן סנו ספארק Spark,מיוצר עי קונדיטוריית,IL,נוזל כלים ספארק לימון משאבה 1ל,ליטרים,1.00,ליטר,false,12,10.90,10.9000,true,1,477853
7290107645584,false,אבקת מרק עוף אמיתי רכיבים טבעיים 400 גרם - רבנות,יוניליוור ישראל מזון,IL,מרק קנור עוף אמיתי טבעי 400 גר,גרמים,400.00,100 גרם,false,1,21.90,5.4750,true,1,497505
7290107645591,false,אבקת מרק בטעם עוף 100% רכיבים טבעיים 400 גרם,יוניליוור ישראל מזון,IL,מרק קנור בטעם עוף אמיתי טבעי 400 גר,גרמים,400.00,100 גרם,false,1,14.90,3.7250,true,1,497508
7290107646062,false,אבקת מרק בצל רכיבים טבעיים קנור 400 ג',יוניליוור ישראל מזון,IL,מרק קנור בצל אמיתי טבעי 400 גר,גרמים,400.00,100 גרם,false,1,21.90,5.4750,true,1,497507
7290107646147,false,חטיף דגנים שוגי קורנפלקס שישייה * 26 ג',יוניליוור ישראל מזון,IL,חטיף תלמה שוגי קורנפלקס 156 גר שישייה,גרמים,156.00,100 גרם,false,1,11.90,7.6282,true,1,497499
7290107646154,false,חטיף דגנים קוקומן פצפוצים טעם שוקו שישיה* 21 ג',יוניליוור ישראל מזון,IL,חטיף תלמה קוקומן שוקו 126 גר שישייה,גרמים,126.00,100 גרם,false,1,11.90,9.4444,true,1,497500
7290107646376,false,סיף מגבוני סיף לניקוי כללי 50יח-מרכז,עלבד משואות יצחק בעמ,IL,סיף מטליות לחות לניקוי כללי,Unknown,0.00,Unknown,false,1,8.90,0.0000,true,1,492845
7290107646826,false,שוגי חטיף פתיתי תירס קלויים בטעם שוקולד,יוניליוור ישראל מזון,IL,חטיף תלמה שוגי שוקו 156 גר שישייה,גרמים,156.00,100 גרם,false,1,11.90,7.6282,true,1,497501
7290107646833,false,חטיף שוגי שוקולד לבן וחלב מארז 6 יח' * 23 ג',יוניליוור ישראל מזון,IL,חטיף תלמה שוגי שוקולד לבן וחלב שישייה,גרמים,138.00,100 גרם,false,1,11.90,8.6232,true,1,497502
7290107646895,false,קנור - רוטב פסטה נפוליטנה 415 גרם חתם סופר,קונסורזיו קאסאלאסקו,IT,רוטב פסטה נפוליטנה 415,גרמים,415.00,100 גרם,false,1,12.90,3.1084,true,1,494911
7290107646918,false,רוטב עגבניות ופלפלים לשקשוקה 415 ג' קנור,קונסורזיו קאסאלאסקו,IT,רוטב שקשוקה 415 גר,גרמים,415.00,100 גרם,false,1,12.90,3.1084,true,1,494913
7290107646963,false,ממרח ספייסי מיו 250גרם,,,מיונז מתובל עם פלפל צילי 250 גר,גרמים,250.00,100 גרם,false,1,7.90,3.1600,true,1,496043
7290107646970,false,ממרח איולי שום 250 גרם,,,מיונז מתובל עם שום 250 גר,גרמים,250.00,100 גרם,false,1,7.90,3.1600,true,1,496042
7290107647731,false,קוקומן חום לבן בטעם שוקולד ווניל,אתר שפע,,דגני בוקר קוקומן חום לבן בדצ 375 גר,גרמים,375.00,100 גרם,false,1,18.90,5.0400,true,1,494043
7290107647816,false,ברנפלקס ללא סוכר בדצ 500גרם***,יוניליוור ישראל מזון,IL,ברנפלקס ללא סוכר 500,גרמים,500.00,100 גרם,false,1,19.90,3.9800,true,1,495813
7290107647823,false,תלמה ברנפלקס 500 גרם,יוניליוור ישראל מזון,IL,"ברנפלקס 500 ג""ר בד""צ",גרמים,500.00,100 גרם,false,1,19.90,3.9800,true,1,495812
7290107647854,false,"שוגי מופחת סוכר תלמה 500 ג' בד""צ",יוניליוור ישראל מזון,IL,שוגי בדצ 500 גר,גרמים,500.00,100 גרם,false,1,16.90,3.3800,true,1,494048
7290107648943,false,ברנפלקס קרנצים מייפל 375 ג' תלמה,יוניליוור שפע ישראל,IL,ברנפלקס קרנצים מייפל 375 גר,גרמים,375.00,100 גרם,false,12,19.90,5.3067,true,1,498805
7290107648974,false,רוטב עגבניות בזיליקום 415 ג' קינור,יוניליוור,IT,רוטב לפסטה קנור בזיליקום 415 גר,גרמים,415.00,100 גרם,false,6,12.90,3.1084,true,1,502051
7290107648981,false,רוטב עגבניות קלאסי פומודורו 415 ג' קנור,מיוצר עי קונסורזייו,IT,רוטב לפסטה קנור פומודורו 415 גר,גרמים,415.00,100 גרם,false,1,12.90,3.1084,true,1,497504
7290107649605,false,שוקולד חלב עם קורנפלקס ופצפוצים,מיוצר עי קונדיטוריית,IL,טבלת שוקולד קליק קורנפלקס 85 גר,גרמים,85.00,100 גרם,false,1,5.90,6.9412,true,1,498446
7290107649858,false,טילון מגנוםלבן -גלידת שמנת,"מיוצר ע""י גלידת שטרא",IL,טילון מגנום לבן,Unknown,0.00,Unknown,false,20,9.90,0.0000,true,1,516886
7290107796002,false,נפטון שלישיית נורות לד 10W E27,,,שלישיית נורות לד 10 וואט נפטון,Unknown,0.00,Unknown,false,1,19.90,0.0000,true,1,521255
7290107798990,false,נורת לד 7 וואט הברגה,,,נורת לד 7 וואט הברגה דקה נר,Unknown,0.00,Unknown,false,1,6.90,0.0000,true,1,521256
7290107871297,false,אוסם - מיני פריכונים עשבי תיבול 25 גרם,"מיוצר ע""י PT, משווק",IL,מיני פריכונים אסם עשבי תיבול 25גר,גרמים,25.00,100 גרם,false,1,3.90,15.6000,true,1,477705
7290107871990,false,פסטה צינורות 500 ג' אסם,פסטה זארה,IT,"פסטה צינורות 500 ג""ר",גרמים,500.00,100 גרם,false,1,5.90,1.1800,true,1,475939
7290107874441,false,פריכונים מיני בצל מקורמל אסם 25ג',"מיוצר ע""י PT, משווק",IL,מיני פריכונים אסם בצל מקורמל 25גר,גרמים,25.00,100 גרם,false,1,3.90,15.6000,true,1,477706
7290107874502,false,ביסלי גריל מארז 4 יח' * 55 ג' אסם,מיוצר עי קונדיטוריית,IL,ביסלי אסם גריל 55גר מארז רביעייה,גרמים,220.00,100 גרם,false,1,11.90,5.4091,true,1,478777
7290107875158,false,במבה קלאסי מארז 4 יח' *60ג' אסם,מיוצר עי קונדיטוריית,IL,מארז במבה קלאסי 60גר,גרמים,240.00,100 גרם,false,1,11.90,4.9583,true,1,477703
7290107875271,false,ביסלי ברביקיו מארז 4 יח' * 55 ג' אסם,,,ביסלי אסם ברביקיו 55 גר מארז רביעייה,גרמים,220.00,100 גרם,false,1,11.90,5.4091,true,1,484471
7290107875400,false,גלידה לה קרמריה פיסטוק מוקה 1.4 ל' נסטלה,המאפיה של הרמן,IL,לה קרמריה מוקה פיסטוק 1.4ל,ליטרים,1.40,ליטר,false,1,21.90,15.6429,true,1,478023
7290107875820,false,קרוטונים אפויים בתיבול ביתי אוסם 180 ג',עינת תעשיות מזון,IL,קרוטונים אפויים אסם בתיבול ביתי 180גר,גרמים,180.00,100 גרם,false,1,10.90,6.0556,true,1,478778
7290107877619,false,מארז במבה במילוי קרם נוגט 5*30ג' אסם,אסם תעשיות,IL,במבה אסם נוגט 30גר 5 יח,גרמים,150.00,100 גרם,false,1,12.90,8.6000,true,1,481844
7290107879521,false,קרחוני לה פרוטה La Frutta תות שדה - 5 יח',גלידות נסטלה Nestle,IL,גלידה לה פרוטה תות 5 יח,גרמים,350.00,100 גרם,false,1,24.90,7.1143,true,1,484089
7290107879569,false,קרחון לה פרוטה שרבט מנגו מאגדת 5יח',גלידות נסטלה Nestle,IL,גלידה לה פרוטה מנגו 5 יח,גרמים,350.00,100 גרם,false,1,24.90,7.1143,true,1,484090
7290107930321,false,קונפיטורה דובדבן יד מרדכי 340 ג',בית אל מזון,IL,קונפיטורה יד מרדכי דובדבן 340 גר,גרמים,340.00,100 גרם,false,1,12.90,3.7941,true,1,481259
7290107931397,false,כיף כף פצפוצים ביסקוויט 40ג',שולן צ'יקולטה גידה ס,TR,חטיף עלית כיף כף פצפצים 40 גר,גרמים,40.00,100 גרם,false,1,4.90,12.2500,true,1,484411
7290107932080,false,חלב בבקבוק 3% שומן 1 ל' יוטבתה,מחלבת יטבתה,IL,חלב יטבתה מעושר 3% בק 1 ל,ליטרים,1.00,ליטר,false,1,7.70,7.7000,true,1,482204
7290107932134,false,חלב בבקבוק 1% שומן 1 ל' יוטבתה,מחלבת יטבתה,IL,חלב יטבתה מעושר 1% בק 1 ל,ליטרים,1.00,ליטר,false,1,7.70,7.7000,true,1,482205
7290107933155,false,לקט סלנובה טעם הטבע,שטראוס בריאות ירקות,IL,לקט סלנובה טעם הטבע 200 גר,גרמים,200.00,100 גרם,false,8,13.90,6.9500,true,1,501293
7290107934473,false,מארז 8 יח' אקטיביה יוגורט קרמי 1.5% שומן,דנונה - שטראוס,IL,"יוגורט ""אקטיביה"" 1.5% 150 גר שמינייה",גרמים,1200.00,100 גרם,false,1,20.90,1.7417,true,1,481569
7290107936309,false,דנונה יוגורט 7% יווני לבן 130 ג',"שטראוס בריאות בע""מ",IL,יוגורט דנונה יווני לבן 130 גר,גרמים,130.00,100 גרם,false,1,3.50,2.6923,true,1,487577
7290107936460,false,מארז 8 יח' דנכול משקה יוגורט בטעם מעודן,מיוצר עי קונדיטוריית,IL,משקה יוגורט דנכול מעודן 800 גר שמינייה,גרמים,800.00,100 גרם,false,1,29.90,3.7375,true,1,484012
7290107936958,false,עד חצות ביסקוויט אצבעות שוקולד 125 גרם,הדקלאים אגודת שיתופי,FR,ביסקוויט עד חצות אצבעות 125 גר,גרמים,125.00,100 גרם,false,1,11.90,9.5200,true,1,495076
7290107936965,false,עד חצות עוגיות עיגולים 225 גר',ביסקווטרי עוגיות סנט,FR,ביסקוויט עד חצות עיגולים 225 גר,גרמים,225.00,100 גרם,false,1,11.90,5.2889,true,1,495077
7290107937542,false,משקה יוגורט אקטיביה עם תות 1.2% שומן,מיוצר עי קונדיטוריית,IL,משקה אקטיביה תות 1.2% 265 גר,גרמים,265.00,100 גרם,false,1,4.90,1.8491,true,1,484715
7290107937627,false,מסטיק מאסט Must קוביות ללא סוכר בטעם מנטה עדינה,אסקום קונפקשיין,DE,מסטיק מאסט מנטה עדינה קוביות 58 גר,גרמים,58.00,100 גרם,false,12,9.90,17.0690,true,1,487560
7290107937634,false,צנצנית מסטיק מאסט קוביות פפירמינט 58 ג' עלית,אסקום קונפקשיין,DE,מסטיק מאסט מנטה קוביות 58 גר,גרמים,58.00,100 גרם,false,12,9.90,17.0690,true,1,487559
7290107937641,false,מסטיק בצנצנת קוביות בזוקה 58 ג',אסקום קונפקשיין,DE,מסטיק בזוקה ללא סוכר 58 גר,גרמים,58.00,100 גרם,false,1,9.90,17.0690,true,1,487557
7290107937856,false,קפסולות 11חזק למכונות נספרסו עלית 10יח',הנסיך- מפעל לייצור ט,IL,קפסולות עלית מס 11 50 גר,גרמים,50.00,100 גרם,false,1,15.90,31.8000,true,1,487256
7290107938396,false,"אקטימל משקה פרוביוטי תות 100X8 מ""ל",מיוצר עי קונדיטוריית,IL,משקה יוגורט תות אקטימל 108 גר 8 יח,גרמים,864.00,100 גרם,false,1,20.90,2.4190,true,1,485692
7290107939027,false,גזר דק דק ירקות שטרא,שטראוס בריאות ירקות,IL,גזר דק דק טעם הטבע 250 גר,גרמים,250.00,100 גרם,false,8,5.90,2.3600,true,1,501276
7290107940467,false,אקטיביה יוגורט 1.5% שומן 200 ג' דנונה,מיוצר עי קונדיטוריית,IL,יוגורט אקטיביה 1.5% 200 גר,גרמים,200.00,100 גרם,false,1,3.90,1.9500,true,1,485681
7290107941259,false,עדשים ירוקות מבושלות,הורקסה לס לגונס דה ס,IL,עדשים ירוקות מבושלות טעם הטבע 475 גר,גרמים,475.00,100 גרם,false,12,9.90,2.0842,true,1,501282
7290107941266,false,שעועית אדומה שטראוס,הורקסה לס לגונס דה ס,IL,שעועית אדומה מבושלת טעם הטבע 475 גר,גרמים,475.00,100 גרם,false,12,12.90,2.7158,true,1,501284
7290107941273,false,חומוס מבושל טעם הטבע,הורקסה לס לגונס דה ס,IL,חומוס מבושל טעם הטבע 475 גר,גרמים,475.00,100 גרם,false,12,9.90,2.0842,true,1,501283
7290107943192,false,"שמנת חמוצה מהערבה 27% שומן 200 מ""ל יטבתה",יטבתה,,שמנת חמוצה יטבתה מהערבה 27% 390 גר,מיליליטרים,200.00,"100 מ""ל",false,1,3.90,1.9500,true,1,494968
7290107944472,false,סימפוניה גבינה במרקם שמנת 5% שום שמיר,"שטראוס בריאות בע""מ",IL,גבינת שמנת סימפוניה שום שמיר 5% 200 גר,גרמים,200.00,100 גרם,false,1,10.90,5.4500,true,1,488061
7290107945165,false,קונפיטורה משמש יד מרדכי 340 ג',אף.סי תבליני בגליל ב,IL,קונפיטורה יד מרדכי משמש 340 גר,גרמים,340.00,100 גרם,false,1,12.90,3.7941,true,1,490350
7290107950190,false,מעדן חלב דל קלוריות בטעם שוקולד מריר 0.5% שומן,מיוצר עי קונדיטוריית,IL,מעדן שטראוס דיאט שוקולד מריר 130 גר,גרמים,130.00,100 גרם,false,1,3.20,2.4615,true,1,487576
7290107950206,false,מעדן חלב דל קלוריות בטעם שוקולד 0% שומן,מיוצר עי קונדיטוריית,IL,מעדן שטראוס דיאט שוקולד 130 גר,גרמים,130.00,100 גרם,false,1,3.20,2.4615,true,1,487575
7290107951104,false,בפלות ופלים ארוכים בטעם שוקולד,"א.ג. גילרו בע""מ",IL,בפלות עלית שוקולד 200 גר,גרמים,200.00,100 גרם,false,1,4.90,2.4500,true,1,488141
7290107951715,false,צנצנת מסטיק מאסט קוביות בטעם ענבים 58 ג' עלית,אסקום קונפקשיין,IL,מסטיק מאסט בטעם ענבים קוביות 58 גר,גרמים,58.00,100 גרם,false,12,9.90,17.0690,true,1,490346
7290107953559,false,קפה טורקי עלית לדרך שקיות 24X7ג',הנסיך- מפעל לייצור ט,IL,"קפה טורקי ""עלית"" לדרך 168 גר",גרמים,168.00,100 גרם,false,1,18.90,11.2500,true,1,489721
7290107954709,false,קונפיטורה יד מרדכי פירות יער 340 ג',יד מרדכי,IL,קונפיטורה יד מרדכי פירות יער 340 גר,גרמים,340.00,100 גרם,false,1,12.90,3.7941,true,1,492596
7290107956543,false,דבש טהור מפרחי בר 900 ג' יד מרדכי,STRAUSS-ISRAEL,,דבש טהור 900 גר,גרמים,900.00,100 גרם,false,1,39.90,4.4333,true,1,507463
7290107956642,false,"תרסיס שמן זית יד מרדכי 150 מ""ל",פארייפאבה אגרואינדוס,ES,תרסיס שמן זית יד מרדכי 150 גר,מיליליטרים,150.00,"100 מ""ל",false,1,17.90,11.9333,true,1,496419
7290107956901,false,קפסולות אגוזי לוז למוכנת נספרסו,עלית,,קפסולות עלית אספרסו בטעם אגוזים 150 גר,גרמים,50.00,100 גרם,false,1,15.90,31.8000,true,1,495749
7290107956932,false,קפסולות 12 אינדונזיה למכונות NESPRESSO,שטראוס קפה בי.וי,IL,קפסולות קפה עלית אינדונזיה 100 גר,גרמים,50.00,100 גרם,false,1,15.90,31.8000,true,1,495080
7290107957069,false,צנצנת מסטיק בטעם אוכמניות 66 ג' עלמה,"שטראוס גרופ בע""מ",IL,גומי לעיסה עלמה בטעם אוכמניות 66 גר,גרמים,66.00,100 גרם,false,1,9.90,15.0000,true,1,495078
7290107957076,false,צנצנת מסטיק בטעם ספירמינט 66 ג' עלמה,"שטראוס גרופ בע""מ",IL,גומי לעיסה עלמה בטעם ספירמינט 66 גר,גרמים,66.00,100 גרם,false,1,9.90,15.0000,true,1,495079
7290107957113,false,סימפוניה 5% זיתים פיקנטיים 200 ג' שטראוס,קריות זול,,גבינת שמנת סימפוניה 5% זיתים פיקנטיים,גרמים,200.00,100 גרם,false,12,10.90,5.4500,true,1,501542
7290107957991,false,מילקי CAKE מיניס קרם חלב בציפוי שוקולד חלב שקית 16X9ג',בובארד איטליה אס.פי.,IT,עוגיות אישי מילקי קייק מיניס במילוי קרם,גרמים,144.00,100 גרם,false,1,14.90,10.3472,true,1,500252
7290107958035,false,יוגורט במתיקות מעודנת 2% ללא תוספת סוכר- מארז 8 יח,דנונה - שטראוס,IL,יוגורט דנונה מתיקות מעודנת לא סוכר 8 יח,גרמים,1200.00,100 גרם,false,1,17.90,1.4917,true,1,495651
7290107958639,false,מטבוחה אחלה מרוקאית חריפה 400 גר',מיוצר עי קונדיטוריית,IL,מטבוחה מרוקאית חריפה אחלה 400 גר,גרמים,400.00,100 גרם,false,1,14.90,3.7250,true,1,495665
7290107973014,false,פלמוליב סבון ידיים חלב ודבש 300 מ'ל,הנסיך- מפעל לייצור ט,TR,"סבון ידיים פלמוליב חלב ודבש 300 מ""ל",מיליליטרים,300.00,"100 מ""ל",false,1,10.90,3.6333,true,1,485910
7290107973038,false,"פלמוליב סבון ידיים אקווריום 300 מ""ל",הנסיך- מפעל לייצור ט,IT,"סבון ידיים פלמוליב אקווריום 300 מ""ל",מיליליטרים,300.00,"100 מ""ל",false,1,10.90,3.6333,true,1,485909
7290107973793,false,שימורי עגבניות שלמות 400 ג' מאסטר שף,פראנו אריקו ופיגלי ס,IT,עגבניות שלמות מנה 400 גר,גרמים,400.00,100 גרם,false,1,4.90,1.2250,true,1,486473
7290107973809,false,שימורי עגבניות קוביות 400 ג' מאסטר שף,פראנו אריקו ופיגלי ס,IT,עגבניות קוביות מנה 400 גר,גרמים,400.00,100 גרם,false,1,4.90,1.2250,true,1,486474
7290107973861,false,מאסטר שף - עגבניות קצוצות דק שלישיה 400 גרם * 3,קונסרזיו קאסאלאסקו ד,IT,עגבניות מנה קצוצות דק 400 גר שלישייה,גרמים,1200.00,100 גרם,false,1,14.90,1.2417,true,1,486475
7290107974066,false,"עלי טורטיה קמח מלא 20ס""מ 8יח' מאסטר שף 320ג'",אלקטי קורביישיסי,DE,עלי טורטיה מאסטר שף קמח מלא 320 גר,גרמים,320.00,100 גרם,false,1,8.90,2.7813,true,1,484809
7290107974073,false,עלי טורטיה קמח לבן מאסטר שף 320ג',הנסיך- מפעל לייצור ט,DE,עלי טורטיה מאסטר שף קמח לבן 320 גר,גרמים,320.00,100 גרם,false,1,8.90,2.7813,true,1,484808
7290107974080,false,טורטיות קמח לבן מנה 840 ג',הדקלאים אגודת שיתופי,DE,עלי טורטיה מאסטר שף קמח לבן 840 גר,גרמים,756.00,100 גרם,false,1,15.90,2.1032,true,1,484810
7290107974301,false,ליידי ספיד סטיק - דאודורנט ג'ל לאישה אלוורה 45 גרם,ליידי ספיד סטיק Lady Speed Stick,US,ליידי ספיד סטיק אלוורה גל,Unknown,0.00,Unknown,false,1,18.90,0.0000,true,1,492175
7290107974806,false,"מאסטר שף - אורז בסמטי 1 ק""ג",דווה סינג שיהם,,"אורז בסמטי מנה 1 ק""ג",קילוגרמים,1.00,"ק""ג",false,1,11.90,11.9000,true,1,489422
7290107974820,false,ממרח מתובל ספייסי מאסטר שף 248 ג',מאסטר שף,,מיונז מאסטר שף מתובל ספייסי 252 גר,גרמים,248.00,100 גרם,false,1,7.90,3.1855,true,1,487664
7290107974837,false,ממרח מתובל שום מאסטר שף 253ג',מאסטר שף,,מיונז מאסטר שף מתובל שום 253 גר,גרמים,246.00,100 גרם,false,1,7.90,3.2114,true,1,487663
7290107975544,false,"קולגייט משחת שיניים סמיילס ברבי לגילאי 6 50מ""ל",קולגייט פלמוליב,PL,"משחת שיניים קולגייט ברבי סמיילס 50 מ""ל",מיליליטרים,50.00,"100 מ""ל",false,1,12.90,25.8000,true,1,491250
7290107976848,false,פלמוליב סבון מוצק קמומיל 4*90 ג',קולגייט פלמוליב,,סבון פלמוליב קמומיל 90 גר רביעייה,גרמים,360.00,100 גרם,false,1,15.90,4.4167,true,1,494939
7290107976916,false,פלמוליב סבון ידיים חלב זייתים 300מל,פלמוליב Palmolive,,"סבון ידיים פלמוליב חלב זיתים 300 מ""ל",מיליליטרים,300.00,"100 מ""ל",false,1,10.90,3.6333,true,1,493895
7290107977456,false,"פלמוליב - ג'ל רחצה ושמפו ספורט לגבר 750 מ""ל",קולגייט פלמוליב,TR,"גל רחצה ושמפו ספורט פלמוליב לגבר 750 מ""ל",מיליליטרים,750.00,"100 מ""ל",false,12,18.90,2.5200,true,1,507967
7290107978330,false,מאסטר שף אטריות דקות 400 ג',הדקלאים אגודת שיתופי,PL,אטריות מאסטר שף דקות 400 גר,גרמים,400.00,100 גרם,false,1,5.90,1.4750,true,1,492693
7290107978347,false,מאסטר שף אטריות ביניניות 400 ג',הדקלאים אגודת שיתופי,PL,אטריות מאסטר שף בינוניות 400 גר,גרמים,400.00,100 גרם,false,1,5.90,1.4750,true,1,492694
7290107978453,false,חטיף קראנצ'וס גריל 5,קראנצ'וס,IL,קראנצוס מנה גריל 70 גר,גרמים,70.00,100 גרם,false,1,3.90,5.5714,true,1,493970
7290108073218,false,בועות סבון ספיידרמן,דולקפ,,"בועות סבון ספיידרמן 60 מ""ל",מיליליטרים,60.00,"100 מ""ל",false,1,2.90,4.8333,true,1,488502
7290108079333,false,מארז בלונים על מקל ל,,,בלונים על מקל יום הולדת צבעוני,Unknown,0.00,Unknown,false,1,29.90,0.0000,true,1,489080
7290108201437,false,אבקת כביסה קולון 101,,,"אבקת כביסה קולון ""101"" 2.5 ק""ג",קילוגרמים,2.50,"ק""ג",false,1,24.90,9.9600,true,1,491268
7290108201864,false,קולון קפסולות ג'ל כביסה 28 יח,קולון Colon,,קפסולות גל קולון 28 יח,גרמים,607.00,100 גרם,false,1,24.90,4.1021,true,1,499343
7290108350128,false,סנו סושי שקיות אשפה חזקות במיוחד 40 יח',מיוצר עי קונדיטוריית,IL,שקיות אשפה סנו סושי חזקות במיוחד 40יח,יחידה,40.00,יחידה,false,1,24.90,0.6225,true,1,478383
7290108350203,false,כריות קרצוף אקסטרה חזקות עם ספוג מקציף - 6 יח',סנו סושי,US,כריות קרצוף סנו סושי עם ספוג מקציף 6 יח,Unknown,0.00,Unknown,false,1,9.90,0.0000,true,1,485263
7290108350210,false,סנו סושי שקיות אשפה חזקות 30 יח' XL,מיוצר עי קונדיטוריית,IL,שקיות אשפה סנו סושי חזקות במיוחד,Unknown,0.00,Unknown,false,1,24.90,0.0000,true,1,482051
7290108350531,false,סנו ספארק נוזל כלים בניחוח קלאסי עם משאבה 1 ל',מיוצר עי קונדיטוריית,IL,נוזל כלים סנו ספארק קלאסי 1 ל,ליטרים,1.00,ליטר,false,1,10.90,10.9000,true,1,480413
7290108350548,false,סנו ספארק נוזל כלים בניחוח לבנדר עם משאבה 1 ל',מיוצר עי קונדיטוריית,IL,נוזל כלים סנו ספארק לבנדר 1 ל,ליטרים,1.00,ליטר,false,1,10.90,10.9000,true,1,480414
7290108350555,false,נוזל כלים סנו ספארק Spark היפואלרגני פריחת השקד,סנו,IL,נוזל כלים סנו ספארק שקד 1 ל,ליטרים,1.00,ליטר,false,1,10.90,10.9000,true,1,480415
7290108350586,false,נוזל לניקוי כלים סנו ספארק Spark בניחוח לימון רענן,סנו,,נוזל כלים סנו ספארק 1.5 ל,ליטרים,1.50,ליטר,false,1,14.90,9.9333,true,1,483963
7290108350623,false,מרכך כביסה סופר מרוכז סופט סילק מקסימה 1 ל' סנו,"סנו מפעלי ברונוס בע""",IL,"מרכך כביסה ""מקסימה"" סופר מרוכז SOFT SILK",ליטרים,1.00,ליטר,false,1,16.90,16.9000,true,1,485046
7290108350715,false,"סנו פורטה FREE נוזל מרוכז להסרת שומנים 750 מ""ל",,,"מסיר שומנים סנו פורטה פרי 750 מ""ל",מיליליטרים,750.00,"100 מ""ל",false,1,14.90,1.9867,true,1,488010
7290108351507,false,מרכך כביסה מקסימה סופט סילק 4 ל' סנו,סנו מקסימה,IL,מרכך כביסה סנו מקסימה 4 ל,ליטרים,4.00,ליטר,false,1,21.90,5.4750,true,1,488202
7290108351514,false,מרכך כביסה בבישום עוצמתי פריחה כחולה,סנו מקסימה,IL,מרכך כביסה סנו מקסימה 4 ל,ליטרים,4.00,ליטר,false,1,21.90,5.4750,true,1,488201
7290108351613,false,סנו ריצפז פרש הום 2 ליטר בניחוח מלון חלומי,"סנו מפעלי ברונוס בע""",IL,נוזל לניקוי רצפות סנו ריצפז פרש הום 2ל,ליטרים,2.00,ליטר,false,1,19.90,9.9500,true,1,491487
7290108351699,false,סנו - ג'ט מטליות לחות לניקוי כללי בתוספת חומץ לבנדר שלישיה,סנו מפעלי ברונוס על,IL,מטליות סנו לחות לניקוי כללי+חומץ שלישיי,Unknown,0.00,Unknown,false,1,18.90,0.0000,true,1,503280
7290108351774,false,"סנו מתז לניקוי וטיפול במוצרי עור 500מ""ל",,,"סנו מתז לניקוי וטיפול במוצרי עור 500 מ""ל",מיליליטרים,500.00,"100 מ""ל",false,12,29.90,5.9800,true,1,503607
7290108351804,false,סנו - מקסימה מרכך כביסה מרוכז ג'נטל בריז 1 ליטר,מיוצר עי קונדיטוריית,IL,מרכך מקסימה סופר מרוכז GENTLE BREEZE,ליטרים,1.00,ליטר,false,12,16.90,16.9000,true,1,506915
7290108351811,false,מקסימה מרכך כביסה סופר מרוכז פלור טאצ' 1 ליטר,מיוצר עי קונדיטוריית,IL,מרכך מקסימה סופר מרוכז FLORAL TOUCH,ליטרים,1.00,ליטר,false,1,16.90,16.9000,true,1,506914
7290108351835,false,מרכך כביסה בבישום עוצמתי פלורל טאצ',מיוצר עי קונדיטוריית,IL,מרכך כביסה סנו מקסימה FLORAL TOUCH,ליטרים,4.00,ליטר,false,6,21.90,5.4750,true,1,508266
7290108352009,false,סנו ספארק קפסולות למדיח כלים 50 יח',טרופיקל דגיל תעשיות,PL,קפסולות למדיח כלים סנו ספארק 50 יח,Unknown,0.00,Unknown,false,12,44.90,0.0000,true,1,511117
7290108352092,false,משחת שיניים אורביטול פרוטקטיב סולט בטעם מנטה,ג'נרל מילס סאן אדריא,IL,משחת שיניים אורביטול מלח 145 גר,גרמים,145.00,100 גרם,false,1,17.90,12.3448,true,1,513017
7290108352207,false,קפסולות כביסה מקסימה פלורל 40 יח' סנו,טרופיקל דגיל תעשיות,IL,קפסולות לכביסה מקסימה בניחוח פלורל בורסט,Unknown,0.00,Unknown,false,1,29.90,0.0000,true,1,511783
7290108352214,false,סנו - מקסימה קפסולות כביסה בניחוח בריזה מרעננת 40 יח',טרופיקל דגיל תעשיות,IL,קפסולות לכביסה מקסימה בניחוח פרש בריז 40,Unknown,0.00,Unknown,false,1,29.90,0.0000,true,1,511782
7290108352290,false,שלישיית מטליות לחיטוי ולניקוי לחדר האמבטיה,מיוצר עי קונדיטוריית,IL,שלישיית מטליות לחיטוי וניקוי יסודי אמבטי,Unknown,0.00,Unknown,false,8,19.90,0.0000,true,1,511091
7290108352450,false,ריצפז פרש הום בניחוח מרכך כביסה בלו בלוסום,סנו מפעלי ברונוס בעמ,IL,סנו ריצפז פרש הום בלו בלוסום 2 ל,ליטרים,2.00,ליטר,false,1,19.90,9.9500,true,1,527346
7290108352535,false,סנו - מקסימה דפי בישום לחים למייבש הכביסה בניחוח מרכך כביסה,סנו מקסימה,IL,דפים למייבש מקסימה,Unknown,0.00,Unknown,false,1,12.90,0.0000,true,1,527371
7290108352566,false,מרכך כביסה בבישום עוצמתי 4 ל' סנו מקסינה,"סנו מפעלי ברונוס בע""",IL,מרכך כביסה גוי 4 ל,ליטרים,4.00,ליטר,false,1,21.90,5.4750,true,1,527347
7290108352573,false,מרכך כביסה מקסימה בבישום עוצמתי 4 ל' סנו,סנו,IL,מרכך כביסה מקסימה קלאם 4 ל,ליטרים,4.00,ליטר,false,1,21.90,5.4750,true,1,527349
7290108352641,false,סנו סושי מטלית הפלא לניקוי כללי במארז שלישייה,סנו מפעלי ברונוס.,CN,סנו סושי מטליות הפלא לניקוי כללי שלישיה,Unknown,0.00,Unknown,false,1,13.90,0.0000,true,1,492637
7290108352672,false,מטלית הפלא לריצפה זוג סנו סושי,סנו מפעלי ברונוס.,CN,סנו סושי צמד מטליות הפלא לרצפה,Unknown,0.00,Unknown,false,1,19.90,0.0000,true,1,492638
7290108352801,false,"שקיות אשפה S לפחים קטנים 56*45 ס""מ בניחוח עדין","סנו מפעלי ברונוס בע""",IL,שקיות אשפה לפחים קטנים סנו סושי 100 יח,Unknown,0.00,Unknown,false,1,19.90,0.0000,true,1,499285
7290108352849,false,שלישיית מטליות הפלא לניקוי כללי דקור סנו סושי,טרופיקל דגיל תעשיות,CN,סנו סושי מטליות הפלא לניקוי כללי שלישיה,Unknown,0.00,Unknown,false,12,13.90,0.0000,true,1,516637
7290108352900,false,סנו סושי מגבות הפלא גליל כפול 6 גלילים,סנו מפעלי ברונוס בעמ,IL,סנו סושי מגבות הפלא,Unknown,0.00,Unknown,false,1,22.90,0.0000,true,1,506071
7290108353006,false,שקיות מזון נקשרות סנו סושי 250 יח',מיוצר עי קונדיטוריית,CN,שקיות אוכל סנו סושי XL נקשרות 250 יח,Unknown,0.00,Unknown,false,24,11.90,0.0000,true,1,506070
7290108353419,false,צמד מברשות שיניים עם סיבי הלבנה ספירליים,,,צמד מברשת שיניים אורביטול וויטנינג,Unknown,0.00,Unknown,false,1,19.90,0.0000,true,1,510689
7290108353501,false,סנו סושי שקיות אשפה עם ידיות 25 יח' XXL,טרופיקל דגיל תעשיות,TR,שקיות אשפה סנו סושי עם ידיות 25 יח,Unknown,0.00,Unknown,false,1,19.90,0.0000,true,1,510344
7290108353518,false,"תבניות אלומיניום עם ידיות אחיזה 34*29 ס""מ",קריניסה ויטמין אס אי,CN,2 תבניות +ידית XL,Unknown,0.00,Unknown,false,24,10.90,0.0000,true,1,510335
7290108353525,false,תבניות אלומיניום עם ידיות אחיזה 25*20,קריניסה ויטמין אס אי,CN,4 תבניות +ידית L,Unknown,0.00,Unknown,false,24,10.90,0.0000,true,1,510336
7290108353532,false,"שקיות אשפה נשלפות עם שרוך 65*54 ס""מ L",סנו סושי,IL,שקיות אשפה סנו סושי עם שרוך 100 יח,Unknown,0.00,Unknown,false,1,29.90,0.0000,true,1,510343
7290108353556,false,נייר טואלט סופט שלוש שכבות 32 גלילים סנו,טרופיקל דגיל תעשיות,IL,נייר טואלט סנו סופט 3 שכבות 32 גל,Unknown,0.00,Unknown,false,1,44.90,0.0000,true,1,511786
7290108353891,false,"קרמה - דאודורנט רול און לאישה קרמה מאסק 75 מ""ל","קוסמופארם בע""מ",IL,קרמה רול און מאסק 75 מל,מיליליטרים,75.00,"100 מ""ל",false,1,12.90,17.2000,true,1,514219
7290108353907,false,"קרמה - דאודורנט רול און לאישה קרמה קלאסי 75 מ""ל","קוסמופארם בע""מ",IL,קרמה רולאון קלאסי 75 מל,מיליליטרים,75.00,"100 מ""ל",false,1,12.90,17.2000,true,1,514220
7290108353990,false,"קרמה - קרם גוף קרמה מאסק 500 מ""ל",טרופיקל דגיל תעשיות,IL,קרם גוף קרמה מאסק 500 מל,מיליליטרים,500.00,"100 מ""ל",false,1,24.90,4.9800,true,1,516658
7290108354065,false,"קרמה - מן ג'ל רחצה פילינג 700 מ""ל",קוסמופארם בע''מ,IL,גל רחצה לגבר פילינג 700 מל,מיליליטרים,700.00,"100 מ""ל",false,1,18.90,2.7000,true,1,523107
7290108354270,false,מרכך כביסה מרוכז בבישום עוצמתי 1 ל' סנו מקסימה,מיוצר עי קונדיטוריית,IL,מרכך כביסה מקסימה בניחוח קאלם 1 ל,ליטרים,1.00,ליטר,false,1,16.90,16.9000,true,1,523294
7290108354485,false,"קרליין - מרכך 10 שמן ארגן 700 מ""ל",סנו,IL,מרכך 10 קרליין ארגן 700 מל,מיליליטרים,700.00,"100 מ""ל",false,12,12.90,1.8429,true,1,523905
7290108354911,false,"שמפו, ג'ל רחצה וגילוח מועשר בתמצית אלוורה",טרופיקל דגיל תעשיות,IL,"שמפו/גל רחצה וגילוח 700 מ""ל",מיליליטרים,700.00,"100 מ""ל",false,1,18.90,2.7000,true,1,511095
7290108355000,false,"שמפו מיניונים לילדים נקה 7 750 מ""ל",נקה 7,,"שמפו מיניונים נקה 7 קידס 750 מ""ל",מיליליטרים,750.00,"100 מ""ל",false,1,11.90,1.5867,true,1,483599
7290108355017,false,"נקה 7 - מרכך לשיער מיניונים 750 מ""ל",נקה 7,,"מרכך מיניונים נקה 7 קידס 750 מ""ל",מיליליטרים,750.00,"100 מ""ל",false,1,11.90,1.5867,true,1,483600
7290108355031,false,"נקה 7 אלסבון קידס מיניונים 750 מ""ל",נקה 7,,"אל סבון מיניונים נקה 7 קידס 750 מ""ל",מיליליטרים,750.00,"100 מ""ל",false,1,11.90,1.5867,true,1,483598
7290108355208,false,"שמפו קרטין אינטנס למניעת קשקשים נטורל 400 מ""ל",נטורל פורמולה Natural Formula,IL,שמפו נטורל קרטין אינטנס למניעת קשקשים,מיליליטרים,400.00,"100 מ""ל",false,1,29.90,7.4750,true,1,495984
7290108355253,false,"נקה 7 - ג'ל רחצה אקסטרה פרש לגבר 750 מ""ל",,,גל רחצה נקה 7 לגבר 750 מל,מיליליטרים,750.00,"100 מ""ל",false,12,11.90,1.5867,true,1,501064
7290108355260,false,"נקה 7-שמפו 3ב1 שמפו ג'ל רחצה וסבון פנים לגבר 750 מ""ל",גוד פוד פרודקטס S.p,IL,שמפו גל רחצה וסבון פנים 750 מל,מיליליטרים,750.00,"100 מ""ל",false,12,11.90,1.5867,true,1,501063
7290108355307,false,"נקה 7 - שמפו סירוק קל רוזמרין 750 מ""ל",גוד פוד פרודקטס S.p,IL,"שמפו נקה 7 לסירוק קל 750 מ""ל",מיליליטרים,750.00,"100 מ""ל",false,1,13.90,1.8533,true,1,506976
7290108355468,false,"קרמה דאודורנט רול און נרולי ומגנוליה 75 מ""ל",קרמה Crema,IL,קרמה רול און נרולי ומגנוליה 75 מל,מיליליטרים,75.00,"100 מ""ל",false,1,12.90,17.2000,true,1,514223
7290108355802,false,"תחליב רחצה קרמה ורד ווניל 700 מ""ל",גוד פוד פרודקטס S.p,IL,תחליב רחצה קרמה ורד וניל 700 מל,מיליליטרים,700.00,"100 מ""ל",false,1,16.90,2.4143,true,1,514227
7290108355949,false,"תחליב רחצה קרמה נרולי ומגנוליה 700 מ""ל",קוסמופארם בעמ,IL,תחליב רחצה קרמה נרולי ומגנוליה 700 מל,מיליליטרים,700.00,"100 מ""ל",false,1,16.90,2.4143,true,1,514229
7290108356106,false,"תחליב רחצה כיף שקדים 700 מ""ל",קריות זול,IL,"תחליב רחצה כיף שקד 700 מ""ל",מיליליטרים,700.00,"100 מ""ל",false,12,11.90,1.7000,true,1,503077
7290108356113,false,"כיף תחליב רחצה דבש 700 מ""ל-מרכז",קוסמופארם בעמ,IL,"תחליב רחצה כיף דבש 700 מ""ל",מיליליטרים,700.00,"100 מ""ל",false,12,11.90,1.7000,true,1,503076
7290108356137,false,"כיף - תחליב רחצה לבנדר 700 מ""ל",קריות זול,IL,"תחליב רחצה כיף לבנדר 700 מ""ל",מיליליטרים,700.00,"100 מ""ל",false,12,11.90,1.7000,true,1,503078
7290108356151,false,"תחליב רחצה כיף מאסק יסמין 700 מ""ל",גוד פוד פרודקטס S.p,IL,"תחליב רחצה כיף מאסק יסמין 700 מ""ל",מיליליטרים,700.00,"100 מ""ל",false,12,11.90,1.7000,true,1,503081
7290108356168,false,"כיף - תחליב רחצה אוקיינוס 700 מ""ל",גוד פוד פרודקטס S.p,IL,"תחליב רחצה כיף אוקיינוס 700 מ""ל",מיליליטרים,700.00,"100 מ""ל",false,12,11.90,1.7000,true,1,503080
7290108356229,false,ג'ל גילוח לכל סוגי העור מועשר בפחם פעיל,טרופיקל דגיל תעשיות,TR,"גל גילוח קרבון פאוור קרמה מן 200 מ""ל",מיליליטרים,200.00,"100 מ""ל",false,1,12.90,6.4500,true,1,511094
7290108356489,false,"כיף - תחליב רחצה אפרסק וחמאת מורומורו 700 מ""ל",קוסמופארם,IL,תחליב רחצה כיף אפרסק חמאת מורומורו 700,מיליליטרים,700.00,"100 מ""ל",false,1,11.90,1.7000,true,1,523930
7290108356519,false,קרליין שמפו 10למניעת קשקשים 700מל,קרליין Careline,IL,שמפו 10 לשיער רגיל קרליין 700 מל,מיליליטרים,700.00,"100 מ""ל",false,1,12.90,1.8429,true,1,523907
7290108356526,false,"קרליין - שמפו 10 לשיער יבש 700 מ""ל",קרליין Careline,IL,שמפו 10 לשיער יבש קרליין 700 מל,מיליליטרים,700.00,"100 מ""ל",false,1,12.90,1.8429,true,1,523908
7290108356533,false,"שמפו 10 לשיער מתולתל 700 מ""ל קרליין",קרליין Careline,IL,שמפו 10 לשיער מתולתל קרליין 700 מל,מיליליטרים,700.00,"100 מ""ל",false,1,12.90,1.8429,true,1,523909
7290108356540,false,"שמפו 10 לשיער צבוע 700 מ""ל קרליין",סנו,IL,שמפו 10 לשיער צבוע קרליין 700 מל,מיליליטרים,700.00,"100 מ""ל",false,1,12.90,1.8429,true,1,523910
7290108356564,false,"קרליין - מרכך 10 לשיער רגיל 700 מ""ל",קרליין Careline,IL,מרכך 10 לשיער רגיל קרליין 700 מל,מיליליטרים,700.00,"100 מ""ל",false,1,12.90,1.8429,true,1,523911
7290108356571,false,"קרליין - מרכך 10 לשיער יבש 700 מ""ל",קרליין Careline,IL,מרכך 10 לשיער יבש קרליין 700 מל,מיליליטרים,700.00,"100 מ""ל",false,1,12.90,1.8429,true,1,523912
7290108356854,false,מגבוני בייבי כיף בניוח עדין מארז חמישייה,בייבי כיף Baby,IL,מגבוני בייבי כיף בניחוח עדין חמישייה,Unknown,0.00,Unknown,false,1,19.90,0.0000,true,1,516653
7290108356861,false,מגבוני בייבי כיף ללא בישום מארז חמישייה,בייבי כיף Baby,IL,מגבוני בייבי כיף ללא בישום חמישייה,Unknown,0.00,Unknown,false,1,19.90,0.0000,true,1,516654
7290108357004,false,"שמפו כיף ורד ושמן קוקוי 700 מ""ל",טרופיקל דגיל תעשיות,IL,שמפו כיף לשיער וורד ושמן קוקי 700 גר,מיליליטרים,700.00,"100 מ""ל",false,12,11.90,1.7000,true,1,510337
7290108357011,false,"מרכך כיף ורד ושמן קוקוי 700 מ""ל",טרופיקל דגיל תעשיות,IL,מרכך כיף לשיער וורד ושמן קוקי 700 גר,מיליליטרים,700.00,"100 מ""ל",false,12,11.90,1.7000,true,1,510338
7290108357226,false,"אוקסיגן POWER אבקה לכביסה לבנה והסרת כתמים 1.4 ק""ג סנו",,IL,אבקה עוצמתית להסרת כתמים סנו אוקסיגן 1.4,קילוגרמים,1.40,"ק""ג",false,1,29.90,21.3571,true,1,527378
7290108357240,false,"אוקסיג'ן פאוור תוסף להסרת כתמים קשים 1.4 ק""ג",סנו,IL,אבקה עוצמתית להסרת כתמים סנו אוקסיגן 1.4,קילוגרמים,1.40,"ק""ג",false,1,29.90,21.3571,true,1,527379
7290108357394,false,"תחליב רחצה קרמה חלב ודבש 700 מ""ל",קוסמופארם,IL,תחליב רחצה קרמה חלב ודבש 700 מל,מיליליטרים,700.00,"100 מ""ל",false,1,16.90,2.4143,true,1,527345
7290108357400,false,"תחליב רחצה קרמה לבנדר ואקליפטוס 700 מ""ל",קרמה Crema,,תחליב רחצה קרמה לבנדר ואקליפטוס 700 מל,מיליליטרים,700.00,"100 מ""ל",false,1,16.90,2.4143,true,1,514230
7290108357493,false,"תחליב רחצה קרמה וניל ופלפל ורוד 700 מ""ל",גוד פוד פרודקטס S.p,IL,תחליב רחצה קרמה וניל ופלפל ורוד 700 מל,מיליליטרים,700.00,"100 מ""ל",false,1,16.90,2.4143,true,1,527344
7290108357653,false,סבון ג'ל לאסלה בניחוח אוקיינוס 3 יח' סנו,קריות זול,,סנובון בניחוח אוקיינוס שלישייה,Unknown,0.00,Unknown,false,12,14.90,0.0000,true,1,528351
7290108357707,false,"כיף שמפו לשיער רגיל-תפוח זרעי צ'יה 700 מ""ל",גוד פוד פרודקטס S.p,IL,שמפו כיף לשיער רגיל תפוח זרעי ציה 700 גר,מיליליטרים,700.00,"100 מ""ל",false,1,11.90,1.7000,true,1,504171
7290108357714,false,"כיף שמפו לשיער יבש -רימונים ושמן ארגן 700 מ""ל",גוד פוד פרודקטס S.p,IL,שמפו כיף לשיער יבש רימונים ושמן ארגן 700,מיליליטרים,700.00,"100 מ""ל",false,1,11.90,1.7000,true,1,504173
7290108357769,false,"מרכך לשיער רגיל תפוח וזרעי צ'יה 700 מ""ל כיף",גוד פוד פרודקטס S.p,IL,מרכך כיף לשיער רגיל תפוח זרעי ציה 700 גר,מיליליטרים,700.00,"100 מ""ל",false,1,11.90,1.7000,true,1,504172
7290108357776,false,"כיף מרכך לשיער יבש -רימונים ושמן ארגן 700 מ""ל",גוד פוד פרודקטס S.p,IL,מרכך כיף לשיער יבש רימונים ושמן ארגן 700,מיליליטרים,700.00,"100 מ""ל",false,1,11.90,1.7000,true,1,504174
7290108357875,false,"כיף - שמפו לחות מוגברת עם אפרסק וחמאת מורומורו 700 מ""ל",קוסמופארם,IL,שמפו כיף לחות מוגברת אפרסק חמאת מורומורו,מיליליטרים,700.00,"100 מ""ל",false,1,11.90,1.7000,true,1,523928
7290108357882,false,"כיף - מרכך לחות מוגברת עם אפרסק וחמאת מורומורו 700 מ""ל",קוסמופארם,IL,מרכך כיף לחות מוגברת אפרסק חמאת מורומורו,מיליליטרים,700.00,"100 מ""ל",false,1,11.90,1.7000,true,1,523929
7290108358124,false,דפי בישום לחים למייבש הכביסה בניחוח מרכך כביסה 20 יח' מקסימה,,IL,דפי בישום למייבש,Unknown,0.00,Unknown,false,1,12.90,0.0000,true,1,527372
7290108359176,false,סופט ממחטות אף 3 שכבות 200יח,סנו,,זוג ממחטות אף סופט לושן 3 שכבות,Unknown,0.00,Unknown,false,48,14.90,0.0000,true,1,528350
7290108359985,false,סנו - ז'אוול מרסס קצף לניקוי וחינו בניחוח פריחה לבנה 1 ליטר,סנו ז'אוול Javel,IL,מרסס אקונומיקה פריחה לבנה סנו גאוול,ליטרים,1.00,ליטר,false,1,16.90,16.9000,true,1,523109
7290108500264,false,נתחי טונה בהירה בשמן 95 / 65 ג,גולדן פרייז,TH,נתחי טונה וילי פוד בשמן צמחי 95 גר,גרמים,95.00,100 גרם,false,1,3.90,4.1053,true,1,486426
7290108500677,false,כבד דג שיבוט מעושן בשמן הדג,"איטיליאן פוד, אס.פי.",IT,כבד דג שיבוט בשמן הדג 115 גר,גרמים,115.00,100 גרם,false,1,8.90,7.7391,true,1,500385
7290108501346,false,גבינה מגורדת גאודה 500 גר',Euro יורו מחלבות אירופה,IL,גבינה גאודה מגורדת 500 גר,גרמים,500.00,100 גרם,false,1,24.90,4.9800,true,1,494052
7290108501360,false,גבינת צ'דר בשלה 200גרם MATURED ORANGE,Wyke Farms,,גבינה צדר בשלה 200 גר,גרמים,200.00,100 גרם,false,1,19.90,9.9500,true,1,496284
7290108501490,false,גבינה מוצרלה פרוסות ו.פוד 150ג',,,גבינה מוצרלה פרוסות 150 גר,גרמים,150.00,100 גרם,false,1,15.90,10.6000,true,1,496291
7290108501964,false,חטיף אגוזים וצימוקים הפי נאטס מארז 35X4ג',וילי פוד,GR,חטיף,גרמים,140.00,100 גרם,false,12,14.90,10.6429,true,1,498646
7290108501971,false,חטיף בוטנים ומשמש הפי נאטס מארז 35X4ג',וילי פוד,GR,חטיף הפי נוטס שקדים ומשמש 140 גר 4 יח,גרמים,140.00,100 גרם,false,1,14.90,10.6429,true,1,498647
7290108501988,false,חטיף שקדים וחמוציות הפי נוטס מארז 35X4ג',וילי פוד,GR,חטיף,גרמים,140.00,100 גרם,false,12,14.90,10.6429,true,1,498645
7290108502305,false,גבינת גרדה פדנו משולש 150 גר`וילי פוד,וילי פוד,IT,גבינה גרנה פדנו משולש 150 גר,גרמים,150.00,100 גרם,false,1,23.90,15.9333,true,1,502097
7290108502329,false,מארז נתחי טונה בהירה בשמן זית כתית,וילי פוד,,רביעיית נתחי טונה בשמן זית 160 גר,גרמים,640.00,100 גרם,false,1,26.90,4.2031,true,1,500384
7290108502541,false,גבינת שמנת טבעי 200ג' EURO CHEESE,קסוס אל פסטור,TR,גבינת שמנת בטעם טבעי 200 גר,גרמים,200.00,100 גרם,false,12,11.90,5.9500,true,1,500849
7290108502558,false,גבינת שמנת לייט טבעי 200ג' EURO CHEESE,קסוס אל פסטור,TW,גבינת שמנת לייט בטעם טבעי 200 גר,גרמים,200.00,100 גרם,false,12,11.90,5.9500,true,1,500853
7290108502589,false,גבינת שמנת שום 200גרם - EURO CHEESE,קסוס אל פסטור,DE,גבינת שמנת עם שום 200 גר,גרמים,200.00,100 גרם,false,12,11.90,5.9500,true,1,500851
7290108502725,false,גבינת גאודה פרוסות 400 גר`וילי פוד,Euro יורו מחלבות אירופה,,גבינת גאודה פרוסות 400 גר,גרמים,400.00,100 גרם,false,1,19.90,4.9750,true,1,500343
7290108502862,false,מלפפונים כבושים במלח 18-25קטנים מאוד 600ג',וילי פוד,TR,מלפפון כבוש במלח 18-25 קטנים מאוד 600 גר,גרמים,600.00,100 גרם,false,1,12.90,2.1500,true,1,501243
7290108503043,false,תפוחונים חטיף פלחים מיובשים מארז 22X4ג',ינטאי זונגקאן פוד קו,CN,"מארז תפוחונים תפו""ע מיובשים 4 יח",גרמים,88.00,100 גרם,false,1,14.90,16.9318,true,1,502096
7290108503067,false,פרמזנו משולש ויליפוד,וילי פוד,IL,גבינה פרמזנו משולש 150 גר,גרמים,150.00,100 גרם,false,1,18.90,12.6000,true,1,502100
7290108503159,false,גבינה כחולה עם עובש 100 גר,קסוס אל פסטור,ES,גבינה כחולה עם עובש 31% 100 גר,גרמים,100.00,100 גרם,false,1,13.90,13.9000,true,1,502102
7290108503814,false,גבינה מותכת למריחה 200 ג',לוטס,,גבינה מותכת למריחה 200 גר,גרמים,200.00,100 גרם,false,1,12.90,6.4500,true,1,504065
7290108503982,true,פרוסות גבינה בטעם צד,,,פרוסות גבינה בטעם צדר לכריכים וטוסטים,גרמים,150.00,100 גרם,false,,10.90,7.2667,true,1,505535
7290108503999,true,פרוסות גבינה בטעם גא,,,פרוסות גבינה בטעם גאודה לכריכים וטוסטים,גרמים,150.00,100 גרם,false,,10.90,7.2667,true,1,505536
7290108504002,true,פרוסות גבינה לייט 9%,,,פרוסות גבינה לייט 9% לכריכים וטוסטים,גרמים,150.00,100 גרם,false,,10.90,7.2667,true,1,505534
7290108504279,true,גבינה קשקבל צאנק 150,,,גבינה קשקבל צאנק 150 גר,גרמים,150.00,100 גרם,false,,19.90,13.2667,true,1,505545
7290108504293,true,גבינה מנצגו צאנק 150,,,גבינה מנצגו צאנק 150 גר,גרמים,150.00,100 גרם,false,,19.90,13.2667,true,1,505547
7290108504330,false,מעדן חלב שוקולד אגוז,,,מעדן חלב שוקולד אגוזים 100 גר רביעייה,גרמים,100.00,100 גרם,false,1,2.90,2.9000,true,1,508314
7290108504378,false,גבינת שמנת עם זיתים 200 ג' - EURO CHEESE,אטלסר ואלפרי,DE,גבינת שמנת זיתים 200 גר,גרמים,200.00,100 גרם,false,12,11.90,5.9500,true,1,508277
7290108504392,false,גבינת שמנת לייט עם זיתים 200 ג' - EURO CHEESE,אטלסר ואלפרי,TW,גבינת שמנת לייט זיתים 200 גר,גרמים,200.00,100 גרם,false,12,11.90,5.9500,true,1,508279
7290108504699,false,נתחי טונה בשמן קנולה רביעיה * 160 ג' וילי פוד,וילי פוד,,נתחי טונה בשמן קנולה 160 גר רביעייה,גרמים,640.00,100 גרם,false,12,19.90,3.1094,true,1,506958
7290108505092,false,"יוגורט בטעם טבעי 10% שומן 1 ק""ג",דלתא פודס,GR,יוגורט בטעם טבעי 10% 1 קג,קילוגרמים,1.00,"ק""ג",false,6,24.90,24.9000,true,1,511650
7290108505153,false,יוגורט בטעם טבעי 2% שומן 150 ג',Euro יורו מחלבות אירופה,GR,יוגורט בטעם טבעי 10% 150 גר,גרמים,150.00,100 גרם,false,6,5.90,3.9333,true,1,511639
7290108505160,false,יוגורט+אגסים 150 גרם 4% שומן - דלתא,Euro יורו מחלבות אירופה,GR,יוגורט אגס 4% 150 גר,גרמים,150.00,100 גרם,false,6,5.90,3.9333,true,1,511645
7290108505177,false,יוגורט עם אננס 0% שומן 150 ג',Euro יורו מחלבות אירופה,GR,יוגורט אננס 0% 150 גר,גרמים,150.00,100 גרם,false,6,5.90,3.9333,true,1,511644
7290108505184,false,יוגורט עם קוקוס 5% שומן 150 ג',Euro יורו מחלבות אירופה,GR,יוגורט עם קוקוס 5% 150 גר,גרמים,150.00,100 גרם,false,6,5.90,3.9333,true,1,511647
7290108505191,false,יוגורט עם פצפוצי שוקולד 5% שומן 150 ג',Euro יורו מחלבות אירופה,GR,יוגורט עם פצפוצי שוקולד 5% 150 גר,גרמים,150.00,100 גרם,false,6,5.90,3.9333,true,1,511646
7290108505207,false,יוגורט עם אוכמניות 0% שומן 150 ג',Euro יורו מחלבות אירופה,GR,יוגורט אוכמניות 0% 150 גר,גרמים,150.00,100 גרם,false,6,5.90,3.9333,true,1,511642
7290108505214,false,יוגורט עם אפרסק 0% שומן 150 ג',Euro יורו מחלבות אירופה,GR,יוגורט אפרסק 0% 150 גר,גרמים,150.00,100 גרם,false,6,5.90,3.9333,true,1,511643
7290108505689,false,גבינת גרנה פדנו מגור,זנאטי,IT,גבינה גרנה פדנו מגורדת 100 גר,גרמים,100.00,100 גרם,false,1,9.90,9.9000,true,1,509945
7290108505719,false,גבינת מוצרלה מגורדת 25%,יורו צ'יז Euro Cheese,TR,גבינה מוצרלה מגורדת 25% 200 גר,גרמים,200.00,100 גרם,false,12,14.90,7.4500,true,1,511634
7290108505726,false,גבינה חצי קשה-אצבעות,סאסו פטוראגס קומטויס,TR,גבינה אצבעות חצי קשה 25% 200 גר,גרמים,200.00,100 גרם,false,12,14.90,7.4500,true,1,511632
7290108505733,false,צמות - גבינה חצי קשה 25% שומן 200 ג',אונטד גידה,TR,גבינה צמות חצי קשה 25% 200 גר,גרמים,200.00,100 גרם,false,12,14.90,7.4500,true,1,511631
7290108505740,false,גבינת קשקבל קשה למחצה 25% שומן,Euro יורו מחלבות אירופה,TR,גבינה קשקבל חצי קשה 25% 200 גר,גרמים,200.00,100 גרם,false,12,14.90,7.4500,true,1,511633
7290108506488,false,סופלה שוקולד קפוא 200 ג',ארמה גרופ,TR,סופלה שוקולד קפוא 200 גר,גרמים,200.00,100 גרם,false,12,12.90,6.4500,true,1,511196
7290108506532,false,גליליות וופל במילוי קרם בטעם אגוזי לוז 400ג' ויליפוד,,GR,גליליות וופל במילוי קרם אגוזי לוז 400 גר,גרמים,400.00,100 גרם,false,12,14.90,3.7250,true,1,511638
7290108506624,true,גבינה עיזים צאנק 150,,,גבינה עיזים צאנק 150 גר,גרמים,150.00,100 גרם,false,8,19.90,13.2667,true,1,516757
7290108506815,false,גליליות וופל במילוי קרם קרמל מלוח 400ג' ויליפוד,,GR,גליליות וופל במילוי קרם קרמל מלוח 400 גר,גרמים,400.00,100 גרם,false,12,14.90,3.7250,true,1,511637
7290108507010,false,מאפה בורקס מים תורכי - תרד וגבינה 300 ג',וילי פוד,TR,מאפה בורקס מים תורכי תרד וגבינה 300 גר,גרמים,300.00,100 גרם,false,1,14.90,4.9667,true,1,512943
7290108507072,false,שבבי גבינת גרנה פדנו,זנאתי,IT,שבבי גבינה גרנד פדנו 100 גר,גרמים,100.00,100 גרם,false,20,9.90,9.9000,true,1,516411
7290108507911,true,קינואה עם טונה וירקו,,,קינואה עם טונה וירקות 160 גר,גרמים,160.00,100 גרם,false,,12.90,8.0625,true,1,517485
7290108508031,false,ויליפוד אננס שלם 830 גרם,אנגס פארם,VN,אננס שלם 830 גר,גרמים,830.00,100 גרם,false,1,10.90,1.3133,true,1,527017
7290108508369,false,גבינת שערות צ'יז לונ,אונטד גידה,TR,גבינה ציז לונג 200 גר,גרמים,200.00,100 גרם,false,12,19.90,9.9500,true,1,516452
7290108508451,true,משקה יוגורט טבעי 3.2,,,משקה יוגורט טבעי 3.2% 200 מל,מיליליטרים,200.00,"100 מ""ל",false,,4.90,2.4500,true,1,517481
7290108508499,true,משקה איירן בסגנון טו,,,משקה איירן בסגנון טורקי 293 מל,מיליליטרים,293.00,"100 מ""ל",false,,4.90,1.6724,true,1,517477
7290108508888,true,ביסקוויט פתי בר 500,,,ביסקוויט פתי בר 500 גר,גרמים,500.00,100 גרם,false,12,6.90,1.3800,true,1,516785
7290108508970,false,תה גרבה 500 גרם,אוסוואלדי קרוז בואנס,,תה גרבה 500 גר,גרמים,500.00,100 גרם,false,1,16.90,3.3800,true,1,518717
7290108509090,false,גבינה מותכת משולשים 14% שומן יורו 200 ג',,,גבינה מותכת משולשים 200 גר,גרמים,200.00,100 גרם,false,1,14.90,7.4500,true,1,519155
7290108509106,false,"גבינה בולגרית מעודנת בקוביות 13% שומן 200 ג' חת""ס פ""ת",קוליוס,TW,גבינה בולגרית מעודנת קוביות 200 גר,גרמים,200.00,100 גרם,false,1,11.90,5.9500,true,1,519159
7290108509113,false,"גבינה בולגרית מעודנת 18% שומן 250 גרם חת""ס פ""ת",Euro יורו מחלבות אירופה,TR,גבינה בולגרית מעודנת 250 גר,גרמים,250.00,100 גרם,false,1,11.90,4.7600,true,1,519157
7290108509182,false,גבינת פטה 17% שומן יורו 250 ג',,,גבינת פטה 250 גר,גרמים,250.00,100 גרם,false,1,13.90,5.5600,true,1,519160
7290108509212,false,ויליפוד חטיף אורז אפוי בטעם ירקות לתינוקות 50 גר',,,חטיף אורז אפוי בטעם ירקות לתינוקות 50 ג,גרמים,50.00,100 גרם,false,12,11.90,23.8000,true,1,521820
7290108509229,false,חטיף אורז אפוי - בננה לתינוקות 50 גרם,,,חטיף אורז אפוי בטעם בננה לתינוקות 50 גר,גרמים,50.00,100 גרם,false,12,11.90,23.8000,true,1,521819
7290108509250,true,אנטיפסטי ארטישוק 530,,,אנטיפסטי ארטישוק 530 גר,מיליליטרים,530.00,"100 מ""ל",false,1,19.90,3.7547,true,1,518590
7290108509267,true,ארוחת פסטה עם רוטב ג,,,ארוחת פסטה עם רוטב גבינה 206 גר,גרמים,206.00,100 גרם,false,1,9.90,4.8058,true,1,518599
7290108509359,false,פופקורן בציפוי בטעם קרמל 90 ג' ויליפוד,סנרו ס.א,UA,פופקורן בציפוי בטעם קרמל 90 גר,גרמים,90.00,100 גרם,false,12,7.90,8.7778,true,1,521812
7290108509403,true,חלווה טורקית קלאסית,,,חלבה טורקית קלאסית 350 גר,גרמים,350.00,100 גרם,false,1,11.90,3.4000,true,1,518596
7290108509410,true,חלווה טורקית עם קקאו,,,חלבה טורקית עם קקאו 350 גר,גרמים,350.00,100 גרם,false,1,11.90,3.4000,true,1,518598
7290108509434,true,טחינה 500 גר,,,טחינה 500 גר,גרמים,500.00,100 גרם,false,1,11.90,2.3800,true,1,518595
7290108509571,false,גבינה מלוחה עם צ'ילי ופפריקה 24% 153גרם,,GR,גבינה מלוחה עם צילי ופפריקה 153 גר,גרמים,153.00,100 גרם,false,1,14.90,9.7386,true,1,527799
7290108509588,false,גבינה מלוחה עם עשבי תיבול 24% 153גרם,,GR,גבינה מלוחה עם עשבי תיבול 153 גר,גרמים,153.00,100 גרם,false,1,14.90,9.7386,true,1,527798
7290108509595,false,גבינה מלוחה עם ריחן 24% 153גרם,,GR,גבינה מלוחה עם עגבניות מיובשות וריחן 153,גרמים,153.00,100 גרם,false,1,14.90,9.7386,true,1,527797
7290108509670,false,זיתים ירוקים ממולאים,,,זיתים ירוקים ממולאים פלפל אדום 820 גר,גרמים,820.00,100 גרם,false,1,19.90,2.4268,true,1,519164
7290108509700,false,אורז פרסי דאווט 1 קג,אל טי פוד,IN,אורז פרסי דאווט 1 קג,קילוגרמים,1.00,"ק""ג",false,1,9.90,9.9000,true,1,519357
7290108509762,false,חמאת בוטנים 340 גרם בית יוסף,,,חמאת בוטנים 340 גר,גרמים,340.00,100 גרם,false,12,9.90,2.9118,true,1,521809
7290108509793,false,גליליות וופל במילוי שוקולד מריר 400 גרם חלבי,,GR,גליליות וופל במילוי שוקולד מריר 400 גר,גרמים,400.00,100 גרם,false,12,14.90,3.7250,true,1,523334
7290108509816,false,גבינת בייבי מוצרלה 2,אונטד גידה,TR,גבינת בייבי מוצרלה 22% 200 גר,גרמים,200.00,100 גרם,false,1,14.90,7.4500,true,1,519162
7290108509984,false,"רוטב סויה 300 מ""ל וילי פוד",,,רוטב סויה 300 מל,מיליליטרים,300.00,"100 מ""ל",false,1,8.90,2.9667,true,1,523055
7290108509991,false,"רוטב טריאקי 300 מ""ל וילי פוד",,,רוטב טריאקי 300 מל,מיליליטרים,300.00,"100 מ""ל",false,1,8.90,2.9667,true,1,523056
7290108620108,false,"יין קברנה סוביניון אימפריאל 750 מ""ל",יקבי ציון,IL,יין אימפריאל קברנה סוביניון 750 מל,מיליליטרים,750.00,"100 מ""ל",false,12,29.90,3.9867,true,1,513787
7290108620115,false,"יין אימפריאל מרלו 750 מ""ל",יקבי ציון,IL,יין אימפריאל מרלו 750 מל,מיליליטרים,750.00,"100 מ""ל",false,12,29.90,3.9867,true,1,513788
7290108620160,false,"יין אימפריאל סוביניון בלאן 750 מ""ל",יקבי ציון,IL,יין אימפריאל סוביניון בלאן 750 מל,מיליליטרים,750.00,"100 מ""ל",false,12,29.90,3.9867,true,1,513790
7290108620207,false,"יין אימפריאל ריזלינג גוורצטרמינר 750 מ""ל",יקבי ציון,IL,יין אימפריאל ריזלינג גוורצטרמינר 750 מל,מיליליטרים,750.00,"100 מ""ל",false,12,29.90,3.9867,true,1,513791
7290108620313,false,יין אימפריאל רוזה 37,,,יין אימפריאל רוזה 375 מל,מיליליטרים,375.00,"100 מ""ל",false,1,17.90,4.7733,true,1,522711
7290109351025,false,מלך החומוס חומוסטחינה 40% טחינה גולמית,סלטי צבר,IL,צבר חומוסטחינה 400 גר,גרמים,400.00,100 גרם,false,1,13.90,3.4750,true,1,482258
7290109351957,false,פריכיות אורז מלא פיטנס עם שכבת שוקולד חלב,סנורייס בלגיום אן. ו,BE,פריכיות פיטנס שוקולד חלב 100 גר,גרמים,100.00,100 גרם,false,1,7.90,7.9000,true,1,487950
7290109351971,false,פריכיות דגנים פיטנס מצופות שוקולד חלב,נסטלה Nestle,IL,פריכיות פיטנס בר שוקולד חלב 84 גר,גרמים,84.00,100 גרם,false,1,12.90,15.3571,true,1,485339
7290109354972,false,אוסם - פתי בר וניל חלבי ללא גלוטן 200 גרם,מיוצר עי קונדיטוריית,IL,"פתי בר קלאסי ללא גלוטן 200 ג""ר",גרמים,200.00,100 גרם,false,1,9.90,4.9500,true,1,485368
7290109354996,false,פתי בר ללא גלוטן שוקו אוסם 200 ג',מיוצר עי קונדיטוריית,IL,"פתי בר שוקו ללא גלוטן 200 ג""ר",גרמים,200.00,100 גרם,false,1,9.90,4.9500,true,1,485369
7290109358260,false,טבעול נקניקיות עם חלבון 664 גר',עיצובים 2020 (4.8),IL,נקניקיות טבעול עם חלבון 600 גר,גרמים,600.00,100 גרם,false,1,29.90,4.9833,true,1,492602
7290109358284,false,שניצל תירס עם 50% תוספת חלבון,עיצובים 2020 (4.8),IL,שניצל תירס טבעול עם חלבון 664 גר,גרמים,664.00,100 גרם,false,1,29.90,4.5030,true,1,492601
7290109358482,false,עוגיות קרמוגית במילוי קרם בטעם חלבה,היינץ צפון אמריקה מק,IL,קרמוגית אסם במילוי חלווה 200 גר,גרמים,200.00,100 גרם,false,1,9.90,4.9500,true,1,503128
7290109358765,false,דגני בוקר רולס 450 ג' קראנץ',"אסם השקעות בע""מ",IL,דגני בוקר קראנץ רולס 450 גר,גרמים,450.00,100 גרם,false,1,21.90,4.8667,true,1,491514
7290109580050,false,נקניקיות צ'וריסוס וונדרס 0% בשר טבעוני ללא גלוטן,זוגלובק וונדרס Wonders,IL,נקניקיות צוריסוס וונדרס 226 גר,גרמים,226.00,100 גרם,false,1,29.90,13.2301,true,1,518628
7290109580098,false,קבנוס בטעם סרירצ'ה 135 ג' זוגלובק,זוגלובק,IL,קבנוס בטעם סרירצה 135 גר,גרמים,135.00,100 גרם,false,1,10.90,8.0741,true,1,523310
7290109580104,false,פסטרמה פרימיום רוסטביף 150 גר',זוגלובק,IL,רוסטביף פרימיום 150 גר,גרמים,150.00,100 גרם,false,1,24.90,16.6000,true,1,523307
7290109580135,false,פרימיום קורנדביף זוגלובק 180 ג',זוגלובק,IL,קורנדביף פרימיום 180 גר,גרמים,180.00,100 גרם,false,1,24.90,13.8333,true,1,523309
7290109580210,false,נקנקיות ריינהולד'ס הצרפתיה זוגלובק 300 ג',זוגלובק,IL,נקניקיות ריינהולדס הצרפתיה 300 גר,גרמים,300.00,100 גרם,false,1,20.90,6.9667,true,1,520320
7290109580227,false,נקניקיות עוף ובקר בסגנון ברלינאי קאריוורסט,זוגלובק,IL,נקניקיות ריינהולדס קאריוורסט 300 גר,גרמים,300.00,100 גרם,false,1,20.90,6.9667,true,1,520321
7290109580234,false,"נקניקיות מרגז חריפות וונדרס 0% בשר, טבעוני",זוגלובק וונדרס Wonders,IL,נקניקיות מרגז וונדרס 226 גר,גרמים,226.00,100 גרם,false,1,29.90,13.2301,true,1,523303
7290109580241,false,נאגטס מן הצומח 500 ג' זוגלובק,זוגלובק טבע,IL,נאגטס מן הצומח 500 גר,גרמים,500.00,100 גרם,false,1,22.90,4.5800,true,1,525260
7290109580319,false,"בורגר וונדרס 0% בשר , טבעוני",זוגלובק וונדרס Wonders,IL,בורגר וונדרס 280 גר,גרמים,280.00,100 גרם,false,1,29.90,10.6786,true,1,523304
7290109920146,false,"דורגול מסיר אבנית מקומקומים 750 מ""ל",דורינג,,"מסיר אבנית מקומקום דורגול 750 מ""ל",מיליליטרים,750.00,"100 מ""ל",false,1,19.90,2.6533,true,1,489912
7290109920153,false,"מלבין לכביסה לבנה לובן צח, 790 גרם יעקבי",יעקבי,,מלבין לכביסה לבנה וויט ברייט 790 מל,מיליליטרים,790.00,"100 מ""ל",false,1,25.90,3.2785,true,1,519394
7290109920313,false,"אסטוניש מרסס לניקוי חלונות 750 מ""ל",יעקבי- אסטוניש Astonish,,"אסטוניש מרסס מבריק שמשות 750 מ""ל",מיליליטרים,750.00,"100 מ""ל",false,1,14.90,1.9867,true,1,495390
7290109920597,false,"אסטוניש - מרסס לניקוי המקלחון 750 מ""ל",יעקבי- אסטוניש Astonish,,"אסטוניש מרסס למקלחון 750 מ""ל",מיליליטרים,750.00,"100 מ""ל",false,1,14.90,1.9867,true,1,495392
7290109920603,false,"אסטוניש קרם לניקוי במטבח 500מ""ל",אסטוניש,GB,"קרם מטבח אסטוניש 500 מ""ל",מיליליטרים,500.00,"100 מ""ל",false,1,14.90,2.9800,true,1,496969
7290109920627,false,"אסטוניש קרם ואקונומיקה לניקוי אמבטיות 500 מ""ל",אסטוניש,GB,"קרם אמבטיה עם אקונומיקה אסטוניש 500 מ""ל",מיליליטרים,500.00,"100 מ""ל",false,1,14.90,2.9800,true,1,496968
7290109920658,false,"אסטוניש - מרסס אנטי בקטריאלי למטבח 750 מ""ל",אסטוניש,,"אסטוניש מרסס אנטי בקטריאלי למטבח 750 מ""ל",מיליליטרים,750.00,"100 מ""ל",false,1,14.90,1.9867,true,1,495393
7290109920665,false,"אסטוניש - מרסס מסיר אוכל שרוף במטבח 750 מ""ל",יעקבי- אסטוניש Astonish,,"אסטוניש מרסס מסיר אוכל שרוף במטבח 750 מ""",מיליליטרים,750.00,"100 מ""ל",false,1,14.90,1.9867,true,1,495394
7290109920757,false,הפי מרכך לכביסה מרוכז ורדים 1ל',מיפא,,מרכך כביסה הפי מרוכז ורדים 1 ל,ליטרים,1.00,ליטר,false,1,12.90,12.9000,true,1,495387
7290109920825,false,צמד-דורגול אספרסו + דורגול מקציף חלב מתנה,מרקה,CH,ניקוי והסרת אבנית למכונת אספרסו דורגול,מיליליטרים,500.00,"100 מ""ל",false,1,29.90,5.9800,true,1,502936
7290109920849,false,"אסטוניש - מרסס לניקוי כללי בניחוח תפוז 750 מ""ל",יעקבי- אסטוניש Astonish,,אסטוניש מרסס תפוז לניקוי רב תכליתי 750 מ,מיליליטרים,750.00,"100 מ""ל",false,1,14.90,1.9867,true,1,495395
7290109920870,false,הפי מיוחד לכביסה שחורה וכהה,,,גל כביסה הפי מיוחד לבגדי שחור וכהה 1 ל,ליטרים,1.00,ליטר,false,1,14.90,14.9000,true,1,499748
7290109920917,false,"הפי ג'ל אסלות עם כלור 750 מ""ל",אורו,,"גל לניקוי אסלות הפי עם כלור 750 מ""ל",מיליליטרים,750.00,"100 מ""ל",false,1,7.90,1.0533,true,1,499635
7290109921129,false,מרכך כביסה סופר מרוכז בניחות סיגליות 1 ל' יעקבי,מיפא,,מרכך כביסה הפי מרוכז סיגליות 1 ל,ליטרים,1.00,ליטר,false,1,12.90,12.9000,true,1,499636
7290109921303,false,טורבול סופג לחות 2 מגשיות,טורבול,SE,טורבול סלים סופג לחות 2 מגשיות,Unknown,0.00,Unknown,false,1,29.90,0.0000,true,1,517270
7290109921334,false,יעקבי דפי כביסה אידא,מרקה,ES,דפי בד לכביסה אידאל פרוטקט 15 יח,Unknown,0.00,Unknown,false,1,15.90,0.0000,true,1,504254
7290109921372,false,אסטוניש משחה לניקוי תנורים ספוג 250 ג',אסטוניש,GB,משחה לתנורים אסטוניש+ספוג,Unknown,0.00,Unknown,false,1,15.90,0.0000,true,1,505183
7290109921488,false,"דורגול לניקוי וחיטוי מכונת הכביסה 500 מ""ל",דורינג,DE,"מסיר אבנית למכונת כביסה דורגול 500 מ""ל",מיליליטרים,500.00,"100 מ""ל",false,1,29.90,5.9800,true,1,507169
7290109921686,false,מטליות לחות פוליבוי לניקוי רהיטים 24 יח',,,מטליות לניקוי רהיטים פוליבוי 24 יח,Unknown,0.00,Unknown,false,1,11.90,0.0000,true,1,510430
7290109921723,false,"דורגול ג'ל לאסלה 750 מ""ל",,,דורגול גל לאסלה 750 מל,מיליליטרים,750.00,"100 מ""ל",false,1,19.90,2.6533,true,1,517271
7290109921952,false,הפי ג'ל לכל כביסה ירוק 2.5ל',,,גל כביסה הפי סופרו אקטיב 3 ל,ליטרים,3.00,ליטר,false,1,24.90,8.3000,true,1,519397
7290109921976,false,הפי ג'ל כביסה היפואלרגני 2.5 ל',,,גל כביסה הפי סופרו בייבי 3 ל,ליטרים,3.00,ליטר,false,1,24.90,8.3000,true,1,519395
7290109922881,false,מרסס למטבח דורגול 60,,,מרסס למטבח דורגול 600 מל,מיליליטרים,600.00,"100 מ""ל",false,1,24.90,4.1500,true,1,523699
7290109922898,false,ספריי דזיטול רב תכלי,,,ספריי דזיטול רב תכליתי רסס וחטא 400 מל,מיליליטרים,400.00,"100 מ""ל",false,1,14.90,3.7250,true,1,522501
7290109922911,false,דזיטול חיטוי נעליים מפטריות חיידקים וריחות 150מל,,,דזיטול לחיטוי נעליים מפטריות חיידקים,מיליליטרים,150.00,"100 מ""ל",false,1,19.90,13.2667,true,1,522502
7290109923093,false,"אסטוניש - קרם כיריים הלוגן ומיקרו 500 מ""ל",,,קרם לכיריים הלוגן ואינדוקציה אסטוניש 500,גרמים,500.00,100 גרם,false,1,19.90,3.9800,true,1,523693
7290109923147,false,"פלא של אקונומיקה 750 מ""ל אסטוניש",יעקבי- אסטוניש Astonish,,מרסס פלא של אקונומיקה אסטוניש 500 מל,מיליליטרים,750.00,"100 מ""ל",false,1,16.90,2.2533,true,1,523694
7290110110024,false,"פאנטה תות פחית סליק 330מ""ל",,,"פאנטה תות 330 מ""ל",מיליליטרים,330.00,"100 מ""ל",false,1,4.90,1.4848,true,1,493129
7290110110277,false,סיידר תפוחים מוגז - מארז רביעייה,"קרלסברג קרואטיה , יב",HR,"סיידר סומרסבי 330 מ""ל רביעייה",ליטרים,1.32,ליטר,false,1,35.90,27.1970,true,1,498838
7290110110369,false,בירה קרלסברג לומה LUMA שישייה,מבשלות בירה בינלאומי,IL,בירה קרלסברג לומה 330 מל שישייה,מיליליטרים,1980.00,"100 מ""ל",false,1,45.90,2.3182,true,1,512564
7290110110574,false,"קוקה קולה זירו לימון פחית 330 מ""ל",החברה המרכזית לייצור,IL,"סליק קולה זירו לימון פח 330 מ""ל",מיליליטרים,330.00,"100 מ""ל",false,1,4.90,1.4848,true,1,499119
7290110110659,false,"ספרייט לימון ליים פחית 330מ""ל",החברה המרכזית לייצור,IL,"סליק ספרייט 330 מ""ל",מיליליטרים,330.00,"100 מ""ל",false,1,4.90,1.4848,true,1,498129
7290110110703,false,"ספרייט 6 פחיות *330 מ""ל FRIDGE-PACK",קוקה קולה,IL,מארז ספרייט פח FRIDGE-PACK שישייה,מיליליטרים,1980.00,"100 מ""ל",false,1,23.90,1.2071,true,1,498128
7290110111809,false,"מארז פאנטה אורנג' 330 מ""ל * 6 יח'",החברה המרכזית לייצור,IL,פאנטה אורנג פח 330 מל מארז שישייה,מיליליטרים,1980.00,"100 מ""ל",false,1,23.90,1.2071,true,1,506052
7290110113261,false,נקטר אושן ספריי 19 קלוריות חמוציות 1 ליטר,קריות זול,IL,נקטר אושן ספריי 1 ל,ליטרים,1.00,ליטר,false,1,13.90,13.9000,true,1,517810
7290110113421,false,בירה קרלסברג לומה 33,מבשלות בירה בינלאומי,IL,בירה קרלסברג לומה 300 מל,מיליליטרים,330.00,"100 מ""ל",false,1,9.90,3.0000,true,1,513007
7290110113476,false,בירה קרלסברג ללא אלכוהול - שישייה,קרלסברג רומניהיבואן:,RO,"בירה קרלסברג ללא אלכוהול 330 מ""ל שישייה",מיליליטרים,1980.00,"100 מ""ל",false,1,29.90,1.5101,true,1,510732
7290110113605,false,בירה שקמה בק איי 330,מבשלות בירה בינלאומי,IL,בירה שקמה בק 330 מל,מיליליטרים,330.00,"100 מ""ל",false,1,13.90,4.2121,true,1,524718
7290110113629,false,בירה שקמה אייל ענברי,מבשלות בירה בינלאומי,IL,בירה שקמה אייל ענברי בק 330 מל,מיליליטרים,330.00,"100 מ""ל",false,1,13.90,4.2121,true,1,524719
7290110113636,false,בירה שקמה מרצן לאגר,מבשלות בירה בינלאומי,IL,בירה שקמה מרצן לטגר בק 330 מל,מיליליטרים,330.00,"100 מ""ל",false,1,13.90,4.2121,true,1,524720
7290110114787,false,נביעות + תפוח 1.5 ליטר פיקדון,נביעות טבע הגליל בעמ,IL,מים בטעם תפוח נביעות+ 1.5 ל,ליטרים,1.50,ליטר,false,1,9.90,6.6000,true,1,522102
7290110114794,false,נביעות + אפרסק 1.5 ליטר פיקדון,"נביעות טבע הגליל בע""",IL,מים בטעם אפרסק נביעות+ 1.5 ל,ליטרים,1.50,ליטר,false,1,9.90,6.6000,true,1,522103
7290110114800,false,נביעות + ענבים 1.5 ליטר פיקדון,"נביעות טבע הגליל בע""",IL,מים בטעם ענבים נביעות+ 1.5 ל,ליטרים,1.50,ליטר,false,1,9.90,6.6000,true,1,522104
7290110114824,false,נביעות+רכיבי פרי אבטיח 1.5 ליטר פיקדון,"נביעות טבע הגליל בע""",IL,נביעות+ רכיבי פרי אבטיח 1.5 ל,ליטרים,1.50,ליטר,false,1,9.90,6.6000,true,1,522106
7290110114855,false,"נביעות מים מינרליים, שישיה 6 * 1.5 ליטר פקדון",נביעות טבע הגליל בעמ,IL,מים מינרליים נביעות 1.5 ל שישיה,ליטרים,9.00,ליטר,false,1,12.90,1.4333,true,1,522109
7290110114886,false,מיץ סחוט קלמנטינה 2 ל' פריגת,גת,IL,מיץ סחוט קלמנטינה פריגת 2 ל,ליטרים,2.00,ליטר,false,1,29.90,14.9500,true,1,521641
7290110114893,false,מיץ סחוט תפוז 2 ל' פריגת,פריגת,IL,מיץ סחוט תפוזים פריגת 2 ל,ליטרים,2.00,ליטר,false,1,29.90,14.9500,true,1,521642
7290110114909,false,100% מיץ תפוחים צלול עשוי מרכז,היינץ צפון אמריקה מק,IL,מיץ פריגת סחוט תפוח צלול 2 ל,ליטרים,2.00,ליטר,false,1,29.90,14.9500,true,1,521643
7290110114916,false,מיץ סחוט לימונענע 2 ל' פריגת,פריגת,IL,מיץ פריגת סחוט לימונענע 2 ל,ליטרים,2.00,ליטר,false,1,29.90,14.9500,true,1,521644
7290110114954,false,מיץ תפוזים מתקתקים 100% 2 ל' פריגת,פריגת,IL,משקה פריגת תפוזים מתקתק 100% 2 ל,ליטרים,2.00,ליטר,false,1,24.90,12.4500,true,1,521640
7290110114961,false,מיץ בטעם תפוזים 1.5ל' פריגת,מבשלות בירה בינלאומי,IL,פריגת תפוזים 1.5 ליט,ליטרים,1.50,ליטר,false,1,8.90,5.9333,true,1,522111
7290110114985,false,פריגת אשכולית 1.5 ליטר פיקדון,מבשלות בירה בינלאומי,IL,פריגת אשכוליות 1.5 ל,ליטרים,1.50,ליטר,false,1,8.90,5.9333,true,1,522113
7290110114992,false,פריגת light אשכולית 1.5 ליטר פיקדון,מבשלות בירה בינלאומי,IL,משקה קל אשכולית דיאט פריגת 1.5 ל,ליטרים,1.50,ליטר,false,1,8.90,5.9333,true,1,522101
7290110115005,false,פריגת ענבים 1.5 ליטר פיקדון,מבשלות בירה בינלאומי,IL,פריגת ענבים 1.5 ל,ליטרים,1.50,ליטר,false,1,8.90,5.9333,true,1,522114
7290110115036,false,פריגת מנגו 1.5 ליטר פיקדון,מבשלות בירה בינלאומי,IL,פריגת מנגו 1.5 ל,ליטרים,1.50,ליטר,false,1,8.90,5.9333,true,1,522117
7290110115043,false,פריגת לימונענע 1.5 ליטר פיקדון,מבשלות בירה בינלאומי,IL,משקה פריגת לימונענע 1.5ל,ליטרים,1.50,ליטר,false,1,8.90,5.9333,true,1,522118
7290110115050,false,פריגת מיקס תות בננה 1.5 ליטר פיקדון,מבשלות בירה בינלאומי,IL,פריגת תות בננה 1.5 ל,ליטרים,1.50,ליטר,false,1,8.90,5.9333,true,1,522119
7290110115081,false,פריגת צלול ענבים 1.5 ליטר פיקדון,מבשלות בירה לישראל ב,IL,פריגת צלול ענבים 1.5 ל,ליטרים,1.50,ליטר,false,1,8.90,5.9333,true,1,522124
7290110115104,false,פריגת צלול אפרסק 1.5 ליטר פיקדון,מבשלות בירה בינלאומי,IL,פריגת צלול אפרסק 1.5 ל,ליטרים,1.50,ליטר,false,1,8.90,5.9333,true,1,522126
7290110115111,false,פריגת צלול אננס 1.5 ליטר פיקדון,מבשלות בירה לישראל ב,IL,פריגת צלול אננס 1.5 ל,ליטרים,1.50,ליטר,false,1,8.90,5.9333,true,1,522127
7290110115128,false,פריגת צלול בטעם לימונענע 1.5 ליטר פיקדון,מבשלות בירה לישראל ב,IL,פריגת צלול לימונענע 1.5 ל,ליטרים,1.50,ליטר,false,1,8.90,5.9333,true,1,522128
7290110115180,false,מים מינרליים נביעות,"נביעות טבע הגליל בע""",IL,מים מינרליים נביעות 1.5 ל,ליטרים,1.50,ליטר,false,1,3.90,2.6000,true,1,522637
7290110115203,false,קוקה קולה 1.5 ליטר פיקדון,קוקה קולה Coca Cola,IL,קוקה קולה 1.5 ל,ליטרים,1.50,ליטר,false,1,8.90,5.9333,true,1,522134
7290110115210,false,דיאט קוקה קולה 1.5 ליטר פיקדון,קוקה קולה Coca Cola,IL,דיאט קוקה קולה 1.5 ל,ליטרים,1.50,ליטר,false,1,8.90,5.9333,true,1,522135
7290110115234,false,קולה ZERO נטול 1.5 ליטר פיקדון,החברה המרכזית לייצור,IL,קולה זירו נטול 1.5 ל,ליטרים,1.50,ליטר,false,1,8.90,5.9333,true,1,522137
7290110115241,false,קוקה קולה זירו לימון 1.5 ליטר,החברה המרכזית לייצור,IL,קולה זירו לימון 1.5 ל,ליטרים,1.50,ליטר,false,1,8.90,5.9333,true,1,522138
7290110115258,false,קולה ZERO מנגו 1.5 ליטר פיקדון,החברה המרכזית לייצור,IL,קוקה קולה זירו מנגו 1.5 ל,ליטרים,1.50,ליטר,false,1,8.90,5.9333,true,1,522139
7290110115265,false,ספרייט 1.5 ליטר LIME פיקדון,החברה המרכזית לייצור,IL,ספרייט ליים 1.5 ל,ליטרים,1.50,ליטר,false,1,8.90,5.9333,true,1,522145
7290110115272,false,ZERO ספרייט זירו 1.5 ליטר פיקדון,החברה המרכזית לייצור,IL,ספרייט זירו 1.5 ל,ליטרים,1.50,ליטר,false,1,8.90,5.9333,true,1,522146
7290110115289,false,ספרייט 19 קל' לימון-נענע 1.5 ליטר פיקדון,החברה המרכזית לייצור,IL,ספרייט לימון נענע 1.5 ל,ליטרים,1.50,ליטר,false,1,8.90,5.9333,true,1,522149
7290110115296,false,פאנטה אורנג' 1.5 ליטר פיקדון,החברה המרכזית לייצור,IL,פאנטה אורנג 1.5 ליט,מיליליטרים,1500.00,"100 מ""ל",false,1,8.90,0.5933,true,1,522150
7290110115302,false,פאנטה ZERO אורנג' 1.5 ליטר פיקדון,החברה המרכזית לייצור,IL,פאנטה זירו אורנג 1.5 ל,ליטרים,1.50,ליטר,false,1,8.90,5.9333,true,1,522151
7290110115319,false,פאנטה אקזוטיק 1.5 ליטר פיקדון,החברה המרכזית לייצור,IL,פאנטה אקזוטיק 1.5 ל,ליטרים,1.50,ליטר,false,1,8.90,5.9333,true,1,522153
7290110115333,false,פאנטה תות 1.5 ליטר פיקדון,החברה המרכזית לייצור,IL,פאנטה תות 1.5 ל,מיליליטרים,1500.00,"100 מ""ל",false,1,8.90,0.5933,true,1,522155
7290110115340,false,פאנטה ענבים 1.5 ליטר פיקדון,קוקה קולה,IL,פאנטה ענבים 1.5 ל,ליטרים,1.50,ליטר,false,1,8.90,5.9333,true,1,522156
7290110115364,false,קוקה קולה שישיות 1.5 ליטר פיקדון,החברה המרכזית לייצור,IL,קוקה קולה 1.5 ל שישיה,ליטרים,9.00,ליטר,false,1,46.90,5.2111,true,1,522140
7290110115395,false,ZERO ספרייט שישיות 1.5 ליטר פיקדון,החברה המרכזית לייצור,IL,ספרייט זירו 1.5 ל שישיה,ליטרים,9.00,ליטר,false,1,44.90,4.9889,true,1,522148
7290110115401,false,קינלי סודה שישייה 1.5 ליטר פיקדון,החברה המרכזית לייצור,IL,סודה קינלי 1.5 ל שישיה,ליטרים,9.00,ליטר,false,1,15.90,1.7667,true,1,522159
7290110115418,false,מארז שישייה קוקה קולה זירו 1.5 ל',החברה המרכזית לייצור,IL,קוקה קולה זירו דל קלוריות 1.5 ל שישיה,ליטרים,9.00,ליטר,false,1,44.90,4.9889,true,1,522142
7290110115449,false,אייס תה בטעם מנגו אננס 1.5ל' FUZE TEA,מבשלות בירה בינלאומי,IL,תה קר פיוז מנגו אננס 1.5ל,מיליליטרים,1500.00,"100 מ""ל",false,1,8.90,0.5933,true,1,522162
7290110115456,false,"תה קר בטעם אפרסק 19 קלוריות ב- 100 מ""ל",מבשלות בירה בינלאומי,IL,תה קר פיוז טי אפרסק 1.5 ל,מיליליטרים,1500.00,"100 מ""ל",false,1,8.90,0.5933,true,1,522163
7290110115463,false,אייס תה בטעם אפרסק 1.5ל' FUZE TEA,מבשלות בירה בינלאומי,IL,תה קר פיוז אפרסק 1.5ל,מיליליטרים,1500.00,"100 מ""ל",false,1,8.90,0.5933,true,1,522164
7290110115494,false,אייס תה בטעם ענבים 1.5ל' FUZE TEA,מבשלות בירה בינלאומי,IL,תה קר פיוז ענבים 1.5ל,מיליליטרים,1500.00,"100 מ""ל",false,1,8.90,0.5933,true,1,522167
7290110115531,false,פאנטה ZERO תפוח 1.5 ליטר פיקדון,החברה המרכזית לייצור,IL,פאנטה זירו תפוח 1.5 ל,מיליליטרים,1500.00,"100 מ""ל",false,1,8.90,0.5933,true,1,522152
7290110115586,false,פריגת תפוזים 40% פחות סוכר 1.5 ליטר פיקדון,מבשלות בירה בינלאומי,IL,משקה קל פריגת תפוזים 19 קל 1.5 ל,ליטרים,1.50,ליטר,false,1,8.90,5.9333,true,1,522121
7290110115593,false,פריגת אשכוליות 40% פחות סוכר 1.5 ליטר פיקדון,מבשלות בירה בינלאומי,IL,משקה קל פריגת אשכוליות 19 קל 1.5 ל,ליטרים,1.50,ליטר,false,1,8.90,5.9333,true,1,522122
7290110115616,false,FUZE tea zero גרין אננס 1.5 ליטר פיקדון,מבשלות בירה בינלאומי,IL,תה קר פיוז טי ירוק זירו אננס 1.5 ל,ליטרים,1.50,ליטר,false,1,8.90,5.9333,true,1,522261
7290110115623,false,משקה פיוז טי זירו ZERO בטעם אפרסק,מבשלות בירה בינלאומי,IL,תה קר פיוז טי זירו אפרסק 1.5 ל,מיליליטרים,1500.00,"100 מ""ל",false,1,8.90,0.5933,true,1,522260
7290110115821,false,"ספרייט לימון, 1.5 ליטר פקדון",כלורוקס אוקלנד,IL,ספרייט לימון ליים 1.5 ל,ליטרים,1.50,ליטר,false,1,8.90,5.9333,true,1,524923
7290110115838,false,"ספרייט זירו, 1.5 ליטר פקדון","אינסטנטה בע""מ",IL,ספרייט זירו 1.5 ל,ליטרים,1.50,ליטר,false,1,8.90,5.9333,true,1,522861
7290110115845,false,קוקה קולה 1.5 ליטר פיקדון,"אינסטנטה בע""מ",IL,קוקה קולה 1.5 ל,ליטרים,1.50,ליטר,false,1,8.90,5.9333,true,1,522519
7290110115852,false,קוקה קולה דיאט בקבוק,תות תעשיות מזון (201,IL,קוקה קולה דיאט 1.5 ל,ליטרים,1.50,ליטר,false,1,8.90,5.9333,true,1,522623
7290110115869,false,קוקה קולה זירו 1.5 ליטר פיקדון,תות תעשיות מזון (201,IL,קוקה קולה זירו 1.5 ל,ליטרים,1.50,ליטר,false,1,8.90,5.9333,true,1,522591
7290110115876,false,סודה קינלי 1.5 ליטר,"אינסטנטה בע""מ",IL,סודה קינלי 1.5 ל,ליטרים,1.50,ליטר,false,1,4.50,3.0000,true,1,526359
7290110115890,false,מים מינרליים נביעות,נביעות,,מים מינרליים נביעות 500 מל,מיליליטרים,500.00,"100 מ""ל",false,1,3.90,0.7800,true,1,526358
7290110115906,false,"מים מינרלים GO TO נביעות 755 מ""ל",נביעות,,מים מינרליים נביעות 755 מל,מיליליטרים,755.00,"100 מ""ל",false,1,3.90,0.5166,true,1,526344
7290110115913,false,"משקה ספורט איזוטוני זירו בטעם אננס 500 מ""ל פאוורייד",Caslino al Piano pla,IT,משקה ספורט זירו בטעם אננס פאוורייד 500,מיליליטרים,500.00,"100 מ""ל",false,1,9.90,1.9800,true,1,524717
7290110116033,false,וודקה קטל וואן 750 מ,,,וודקה קטל וואן 750 מל,מיליליטרים,750.00,"100 מ""ל",false,1,99.90,13.3200,true,1,528347
7290110116064,false,פאנטה ZERO פירות ירוק 1.5 ליטר פיקדון,החברה המרכזית לייצור,IL,פאנטה זירו פירות ירוק 1.5 ל,מיליליטרים,1500.00,"100 מ""ל",false,1,8.90,0.5933,true,1,525542
7290110116101,false,מארז ליקר בייליס 750,,,מארז ליקר בייליס 750 מל+טרפלס שוקולד,מיליליטרים,750.00,"100 מ""ל",false,1,89.90,11.9867,true,1,526849
7290110116125,false,סירופ בטעם פטל במתיק,סירופ גבעת חיים,IL,סירופ בטעם פטל 750 מל,מיליליטרים,750.00,"100 מ""ל",false,1,19.90,2.6533,true,1,526159
7290110116132,false,"מיץ לימון 750 מ""ל פריגת",סירופ גבעת חיים,IL,סירופ בטעם לימון 750 מל,מיליליטרים,750.00,"100 מ""ל",false,1,19.90,2.6533,true,1,526158
7290110116149,false,"מיץ ענבים 750 מ""ל פריגת",סירופ גבעת חיים,IL,סירופ בטעם ענבים 750 מל,מיליליטרים,750.00,"100 מ""ל",false,1,19.90,2.6533,true,1,526157
7290110116156,false,נביעות+ רכיבי פרי מנגו פסיפלורה 1.5 ליטר,נביעות,IL,נביעות+ רכיבי פרי מנגו פסיפלורה 1.5 ל,ליטרים,1.50,ליטר,false,12,9.90,6.6000,true,1,526147
7290110116170,false,נביעות+ רכיבי פרי קוקוס אננס 1.5 ליטר,נביעות,IL,נביעות+ רכיבי פרי אננס קוקוס 1.5 ל,ליטרים,1.50,ליטר,false,12,9.90,6.6000,true,1,526146
7290110116194,false,"מים לימון ליים 0 קלוריות, 1.5 ל נביעות","נביעות טבע הגליל בע""",IL,נביעות+ סדרת 0 קלוריות לימון ליים 1.5 ל,ליטרים,1.50,ליטר,false,12,9.90,6.6000,true,1,526145
7290110116392,false,מיץ תפוזים 750 מל פריגת,סירופ גבעת חיים,IL,סירופ בטעם תפוזים 750 מל,מיליליטרים,750.00,"100 מ""ל",false,1,19.90,2.6533,true,1,526160
7290110116484,false,מיץ סחוט תות בננה 1 ל' פריגת,Unknown,IL,מיקס תות בננה סחוט 1 ל,ליטרים,1.00,ליטר,false,1,18.90,18.9000,true,1,527802
7290110116491,false,מיץ סחוט אפרסק משמש 1 ל' פריגת,Unknown,IL,מיקס אפרסק משמש סחוט 1 ל,ליטרים,1.00,ליטר,false,1,18.90,18.9000,true,1,527803
7290110116507,false,מיץ מיקס אננה בננה אגס 1 ל' פריגת,גת,IL,מיקס אננס בננה אגס סחוט 1 ל,ליטרים,1.00,ליטר,false,1,18.90,18.9000,true,1,527804
7290110116552,false,ספרייט לימון היט 1.5 ליטר LIME פיקדון,החברה המרכזית לייצור,IL,ספרייט למון היט 1.5 ל,ליטרים,1.50,ליטר,false,1,8.90,5.9333,true,1,527855
7290110116569,false,"ספרייט זירו ZERO בק LEMON HIT, 1.5 ליטר",החברה המרכזית לייצור,IL,ספרייט זירו למון היט 1.5 ל,ליטרים,1.50,ליטר,false,1,8.90,5.9333,true,1,527854
7290110116637,false,בירה שקמה חיטה מעוננת Bitter Wheat,שקמה,,בירה שקמה ביטר וויט בק 330 מל,מיליליטרים,330.00,"100 מ""ל",false,1,13.90,4.2121,true,1,526718
7290110320591,false,גבינה בולגרית מעודנת 16%,פיראוס,IL,גבינה בולגרית 16% מעודנת 250 גר,גרמים,250.00,100 גרם,false,1,21.80,8.7200,true,1,491698
7290110320850,false,פתיתים גבינה חצי קשה מגורדת 28% שומן,תנובה מרכז שיתופי לש,IL,פתיתי עמק 200 גר,גרמים,200.00,100 גרם,false,1,17.90,8.9500,true,1,492742
7290110320867,false,פתיתים גבינה חצי קשה מגורדת 28% שומן,תנובה מרכז שיתופי לש,IL,פתיתי עמק למאפים 28% 500 גר,גרמים,500.00,100 גרם,false,1,37.90,7.5800,true,1,492743
7290110321031,false,מעדן חלב GO יוגורט מועשר בחלבון טבעי 200 ג' יופלה,"תנובה, מחלבת אלון תב",IL,יוגורט יופלה גו 200 גרם,גרמים,200.00,100 גרם,false,1,5.90,2.9500,true,1,493985
7290110321277,false,קוטג' בקטנה % 5 100 ג' תנובה,פארייפאבה אגרואינדוס,IL,קוטג בקטנה תנובה 5% 100 גר,גרמים,100.00,100 גרם,false,1,2.60,2.6000,true,1,496081
7290110321284,false,קוטג' בקטנה 9% 100 ג' תנובה,פארייפאבה אגרואינדוס,IL,קוטג בקטנה תנובה 9% 100 גר,גרמים,100.00,100 גרם,false,1,2.60,2.6000,true,1,496082
7290110321680,false,יוגורט GO בטעם תות 20 גרם חלבון בגביע,מיוצר עי קונדיטוריית,IL,יוגורט יופלה גו תות 200 גר,גרמים,200.00,100 גרם,false,1,5.90,2.9500,true,1,496648
7290110321697,false,יוגורט GO בטעם אפרסק 20 גרם חלבון בגביע,מיוצר עי קונדיטוריית,IL,יוגורט יופלה גו אפרסק 200 גר,גרמים,200.00,100 גרם,false,1,5.80,2.9000,true,1,496649
7290110321703,false,יוגורט GO בטעם פירות יער 20 גרם חלבון בגביע,מיוצר עי קונדיטוריית,IL,יוגורט יופלה גו פירות יער 200 גר,גרמים,200.00,100 גרם,false,1,5.90,2.9500,true,1,499004
7290110321789,false,גבינת מסקרפונה 38% השף הלבן 250 ג',תנובה,IL,גבינת מסקרפונה השף הלבן 38% 250 גר,גרמים,250.00,100 גרם,false,1,18.80,7.5200,true,1,498118
7290110322014,false,טופו בטעם טבעי תנובה ALTERNATIVE,שוורצקוף& הנקל דיסלד,IL,טופו תנובה טבעי 300 גר,גרמים,300.00,100 גרם,false,1,12.90,4.3000,true,1,499525
7290110322021,false,טופו עם בזיליקום תנובה ALTERNATIVE,שוורצקוף& הנקל דיסלד,IL,טופו תנובה בזיליקום 300 גר,גרמים,300.00,100 גרם,false,1,12.90,4.3000,true,1,499487
7290110322038,false,טופו פיקנטי תנובה ALTERNATIVE,תנובה Alternative,IL,טופו תנובה פיקנטי 300 גר,גרמים,300.00,100 גרם,false,1,11.80,3.9333,true,1,499526
7290110322946,false,יופלה טיוב יוגורט במרקם חלק בטעם תות בננה כשרות רבנות 348 ג',,,יוגורט יופלה בטעם תות בננה 348 גר,גרמים,348.00,100 גרם,false,1,12.90,3.7069,true,1,501839
7290110323301,false,טל העמק בסגנון אמנטל 32% שומן 200 גרם,עמק - תנובה,IL,טל העמק פרוס 32% 200 גר,גרמים,200.00,100 גרם,false,18,19.90,9.9500,true,1,503747
7290110323585,false,יופלה יוגורט עם דובדבן מופחת קלוריות 200 ג' GO,יופלה Yoplait,,יוגורט יופלה גו דובדבן מופחת קלוריות,גרמים,200.00,100 גרם,false,1,5.90,2.9500,true,1,503017
7290110323592,false,יופלה יוגורט עם אפרסק מופחת קלוריות 200 ג' GO,יופלה Yoplait,,יוגורט יופלה גו אפרסק מופחת קלוריות,גרמים,200.00,100 גרם,false,1,5.90,2.9500,true,1,503018
7290110323714,false,משקה קוקוס שקדים תנובה E אלטרנטיב,מיוצר עי קונדיטוריית,IL,משקה קוקוס שקדים 1 ל,ליטרים,1.00,ליטר,false,1,12.90,12.9000,true,1,503582
7290110324353,false,יוגורט GO לייט בטעם אננס 20 גרם חלבון בגביע,"תנובה בע""מ",IL,יוגורט יופלה גו לייט בטעם אננס 200 גר,גרמים,200.00,100 גרם,false,24,5.90,2.9500,true,1,506115
7290110324551,false,יופלה טיוב יוגורט במרקם חלק בטעם תות 348 ג',יופלה Yoplait,IL,יוגורט יופלה טיוב במרקם תות 348 גר,גרמים,348.00,100 גרם,false,1,12.90,3.7069,true,1,505425
7290110324711,false,ממרח סויה בטעם טבעי 9% שומן אלטרנטיב,מיוצר עי קונדיטוריית,IL,ממרח סויה 9% בטעם טבעי 250 גר,גרמים,250.00,100 גרם,false,24,9.80,3.9200,true,1,506480
7290110324728,false,ממרח סויה עם שום שמיר 9% שומן אלטרנטיב,מיוצר עי קונדיטוריית,IL,ממרח סויה 9% שום שמיר 250 גר,גרמים,250.00,100 גרם,false,24,9.80,3.9200,true,1,506481
7290110324841,false,מעדן שקדים עם שוקולד מריר אלטרנטיב,מיוצר עי קונדיטוריית,IL,מעדן שקדים עם שוקולד מריר 125 גר,גרמים,125.00,100 גרם,false,1,3.90,3.1200,true,1,510097
7290110324858,false,מעדן שקדים בטעם אגוזי לוז אלטרנטיב,מיוצר עי קונדיטוריית,IL,מעדן שקדים בטעם אגוז לוז 125 גר,גרמים,125.00,100 גרם,false,1,3.80,3.0400,true,1,510098
7290110324872,false,גבינה צהובה גלבוע 5% שומן 200 גרם,גלבוע - תנובה,IL,גלבוע פרוס 5% 200 גר,גרמים,200.00,100 גרם,false,18,18.90,9.4500,true,1,509825
7290110324926,false,משקה סויה ללא תוספת סוכר E אלטרנטיב,תנובה מרכז שיתופי לש,IL,משקה סויה ללא תוספת סוכר 1 ל,ליטרים,1.00,ליטר,false,16,10.90,10.9000,true,1,508362
7290110325114,false,"משקה יוגורט יופלה גו לייט תות בננה 250 מ""ל - רבנות",מיוצר עי קונדיטוריית,IL,משקה יוגורט גו לייט תות בננה 250 גר,גרמים,250.00,100 גרם,false,30,6.90,2.7600,true,1,507460
7290110325121,false,משקה יוגורט יופלה גו לייט מנגו אננס,"תנובה בע""מ",IL,משקה יוגורט גו לייט מנגו אננס 250 גר,גרמים,250.00,100 גרם,false,30,6.90,2.7600,true,1,507468
7290110325169,false,פרוסות גבינת גאודה 30%,תנובה,IL,גבינה גאודה פרוסות 170 גר,גרמים,170.00,100 גרם,false,1,19.90,11.7059,true,1,511269
7290110325305,false,מעדן סויה GO מועשר בחלבון במתיקות מעודנת,מיוצר עי קונדיטוריית,IL,מעדן סויה גו במתיקות מעודנת 200 גר,מיליליטרים,200.00,"100 מ""ל",false,36,5.90,2.9500,true,1,509252
7290110325312,false,מעדן סויה GO מועשר בחלבון בטעם תות,"תנובה בע""מ",IL,"מעדן סויה בטעם תות בגביע 125 מ""ל",מיליליטרים,200.00,"100 מ""ל",false,36,5.90,2.9500,true,1,509251
7290110325619,false,משקה שיבולת שועל תנובה E אלטרנטיב,מיוצר עי קונדיטוריית,IL,משקה שיבולת שועל 1 ל,ליטרים,1.00,ליטר,false,16,12.90,12.9000,true,1,510446
7290110325701,false,פיראוס צזיקי יווני 9% שומן על בסיס יוגורט,גוד פוד פרודקטס S.p,IL,צזיקי יווני פיראוס 9% 250 גר,גרמים,250.00,100 גרם,false,18,12.90,5.1600,true,1,511113
7290110325879,false,פתיתי גאודה 200 ג' תנובה,תנובה- השף הלבן,IL,פתיתי גבינה גאודה 200 גר,גרמים,200.00,100 גרם,false,1,16.80,8.4000,true,1,511270
7290110325893,false,משקה חלב GO מועשר בחלבון בטעם אייס קפה,מיוצר עי קונדיטוריית,IL,"משקה חלב תנובה גו אייס קפה 340 מ""ל",מיליליטרים,340.00,"100 מ""ל",false,20,8.50,2.5000,true,1,510443
7290110326210,false,יופלה און טופ פצפוצים 157 גרם.,מיוצר עי קונדיטוריית,IL,יוגורט יופלה און טופ פצפוצים 157 גר,גרמים,157.00,100 גרם,false,1,4.90,3.1210,true,1,511271
7290110326227,false,יוגורט און טופ קורנפלקס 157 ג' יופלה,מיוצר עי קונדיטוריית,IL,יוגורט יופלה און טופ קורנפלקס 157 גר,גרמים,157.00,100 גרם,false,1,4.90,3.1210,true,1,511273
7290110326234,false,יוגורט און טופ כוכבים 157 ג' יופלה,מיוצר עי קונדיטוריית,IL,יוגורט יופלה און טופ כוכבים 157 גר,גרמים,157.00,100 גרם,false,1,4.90,3.1210,true,1,511272
7290110326241,false,יופלה און טופ גרנולה 157 גרם.,מיוצר עי קונדיטוריית,IL,יוגורט יופלה און טופ גרנולה 157 גר,גרמים,157.00,100 גרם,false,1,4.90,3.1210,true,1,511274
7290110327033,false,משקה סויה גו מועשר בחלבון במתיקות מופחתת 1 ליטר,מיוצר עי קונדיטוריית,IL,משקה סויה תנובה גו מועשר בחלבון במתיקות,ליטרים,1.00,ליטר,false,16,12.80,12.8000,true,1,513852
7290110327163,false,מעדן חלב גו בטעם שוק,תנובה בעמ,IL,מעדן חלב גו בטעם שוקולד 150 גר,גרמים,150.00,100 גרם,false,1,5.90,3.9333,true,1,517778
7290110327514,false,משקה שיבולת שועל בטעם אגוזי לוז 1 ליטר אלטרנטיב,תנובה מרכז שיתופי לש,IL,משקה שיבולת שועל בטעם אגוזי לוז 1 ל,ליטרים,1.00,ליטר,false,16,12.90,12.9000,true,1,519489
7290110327545,false,מעדן און טופ תות פצפוצים מצופים שוקולד 157ג' יופלה,מיוצר עי קונדיטוריית,IL,יוגורט יופלה און טופ תות פצפוצי שוקולד,גרמים,157.00,100 גרם,false,1,4.90,3.1210,true,1,515547
7290110328016,false,משקה סויה מועשר בחלבון בטעם אגוזי לוז 250 גרם,תנובה מרכז שיתופי לש,IL,משקה סויה מועשר בחלבון אגוזי לוז 250 גר,גרמים,250.00,100 גרם,false,,5.90,2.3600,true,1,516749
7290110328504,false,טריו - מיקס גבינות מוצרלה סקנדינבית וגאודה 300 גרם,מיוצר עי קונדיטוריית,IL,מיקס מוצרלה/סקנדינבית וגאודה 300 גר,גרמים,300.00,100 גרם,false,1,26.90,8.9667,true,1,517333
7290110328627,false,יוגורט יופלה GO במרקם סמיך בטעם בננה קרמל 0%,מיוצר עי קונדיטוריית,IL,יוגורט יופלה גו במרקם סמיך בננה קרמל 0%,גרמים,200.00,100 גרם,false,12,5.90,2.9500,true,1,518585
7290110328764,false,יוגורט יופלה GO במרקם סמיך עם תות 0%,מיוצר עי קונדיטוריית,IL,יוגורט יופלה גו במרקם סמיך תות 0% 200 גר,גרמים,200.00,100 גרם,false,12,5.90,2.9500,true,1,518587
7290110328771,false,יוגורט יופלה GO במרקם סמיך עם פירות יער 0%,מיוצר עי קונדיטוריית,IL,יוגורט יופלה גו במרקם סמיך פירות יער 0%,גרמים,200.00,100 גרם,false,12,5.90,2.9500,true,1,518586
7290110328788,false,יוגורט יופלה GO במרקם סמיך בטעם אפרסק 0%,תנובה מרכז שיתופי לש,IL,יוגורט יופלה גו במרקם סמיך אפרסק 0% 200,גרמים,200.00,100 גרם,false,12,5.90,2.9500,true,1,518584
7290110329136,false,מעדן חלב מעושר בחלבון בטעם שוקולד 120 ג' GO,תנובה מרכז שיתופי לש,IL,מעדן חלב גו בטעם שוקולד 12ג חלבון 120 גר,גרמים,120.00,100 גרם,false,20,4.90,4.0833,true,1,521524
7290110329143,false,מעדן חלב מעושר בחלבון בטעם וניל גביע 120 ג' GO,תנובה מרכז שיתופי לש,IL,מעדן חלב גו בטעם וניל 12ג חלבון 120 גר,גרמים,120.00,100 גרם,false,20,4.90,4.0833,true,1,521522
7290110329266,false,יוגורט תנובה מחלב עיזים מלא תנובה 140 ג',קריות זול,IL,יוגורט תנובה מחלב עיזים מלא 140 גר,גרמים,140.00,100 גרם,false,1,5.90,4.2143,true,1,519487
7290110329273,false,יוגורט מחלב עיזים מלא תנובה 750 ג',תנובה,IL,יוגורט תנובה מחלב עיזים מלא 750 גר,גרמים,750.00,100 גרם,false,1,19.90,2.6533,true,1,519488
7290110329303,false,פרוסות צהובה 200 גרם אלטרנטיב אלטרנטיב,תנובה Alternative,IL,פרוסות בטעם צהובה קלאסית אלטרנטיב 200 גר,גרמים,200.00,100 גרם,false,1,22.90,11.4500,true,1,519492
7290110329426,false,טופו טבעי 250 ג'+רוטב קרם קוקוס קארי פיקנטי 60 ג' אלטרנטיב,תנובה,IL,טופו תנובה טבעי עם רוטב קרם קוקוס 310 גר,גרמים,310.00,100 גרם,false,1,13.90,4.4839,true,1,525556
7290110329433,false,טופו טבעי 250 גרם עם רוטב סוצ'אן 60 מל,תנובה,IL,טופו תנובה טבעי עם רוטב סצואן 310 גר,גרמים,310.00,100 גרם,false,1,13.90,4.4839,true,1,525557
7290110329686,false,"משקה חלב בטעם עוגיות 340 מ""ל GO",מיוצר עי קונדיטוריית,IL,משקה חלב תנובה גו בטעם עוגיות 340 מל,מיליליטרים,340.00,"100 מ""ל",false,20,8.50,2.5000,true,1,521521
7290110329716,false,משקה קפה קר בטעם קפוצ'ינו 230 ג' תנובה,תנובה מרכז שיתופי לש,IL,משקה קפה קר בטעם קפוצינו 230 מל,מיליליטרים,230.00,"100 מ""ל",false,1,6.90,3.0000,true,1,524305
7290110329723,false,משקה קפה קר בטעם לאטה 230 ג' תנובה,תנובה מרכז שיתופי לש,IL,משקה קפה קר בטעם לאטה 230 מל,מיליליטרים,230.00,"100 מ""ל",false,1,6.90,3.0000,true,1,524307
7290110329730,false,"משקה חלב עם שוקולד וקפה בסגנון לאטה 2.7%  230 מ""ל תנובה",תנובה מרכז שיתופי לש,IL,משקה חלב עם שוקולד וקפה בסגנון לאטה,מיליליטרים,230.00,"100 מ""ל",false,1,6.90,3.0000,true,1,524306
7290110329792,false,יוגורט סויה BIO Alternative אפרסק 150 ג' תנובה,מיוצר עי קונדיטוריית,IL,מעדן סויה ביו אפרסק 150 גר,גרמים,150.00,100 גרם,false,1,4.90,3.2667,true,1,523031
7290110329808,false,יוגורט סויה BIO Alternative תות 150 ג' תנובה,מיוצר עי קונדיטוריית,IL,מעדן סויה ביו תות 150 גר,גרמים,150.00,100 גרם,false,1,4.90,3.2667,true,1,523030
7290110329815,false,סויה BIO מתיקות מעודנת גביע 150 גרם אלטרנטיב,מיוצר עי קונדיטוריית,IL,מעדן סויה ביו מתיקות מעודנת 150 גר,גרמים,150.00,100 גרם,false,1,3.90,2.6000,true,1,523029
7290110329822,false,יוגורט סויה BIO Alternative פירות יער 150 ג' תנובה,מיוצר עי קונדיטוריית,IL,מעדן סויה ביו פירות יער 150 גר,גרמים,150.00,100 גרם,false,1,4.90,3.2667,true,1,523028
7290110329846,false,יוגורט סויה BIO Alternative בטעם טבעי 150 ג' תנובה,תנובה Alternative,IL,מעדן סויה ביו טבעי 150 גר,גרמים,150.00,100 גרם,false,1,4.90,3.2667,true,1,523032
7290110329914,false,מאגדת משקה שיבולת שועל ושקדים 100 גרם*6 יח' ביו אלטרנטיב,תנובה מרכז שיתופי לש,IL,שישיית משקה שיבולת שועל שקדים אלטרנטיב,גרמים,600.00,100 גרם,false,1,17.90,2.9833,true,1,525554
7290110550219,false,מטבעות שוקולד לבן לאפיה 400 ג עלית,שטראוס,IL,מטבעות שוקולד חלב לאפיה 400 גר,גרמים,400.00,100 גרם,false,1,34.90,8.7250,true,1,524403
7290110550394,false,שוקולד PERFECT BITE קרם אגוזים ושברי אגוזים 234 ג' עלית,"שטראוס גרופ בע""מ",IL,שוקולד פרפקט בייט קרם ושברי אגוז 234 ג,גרמים,234.00,100 גרם,false,15,17.90,7.6496,true,1,521278
7290110551254,false,נשנושי תירס טעם הטבע,,,נשנושי תירס טעם הטבע 600 גר,גרמים,600.00,100 גרם,false,1,15.90,2.6500,true,1,527322
7290110552121,false,יוגורט בתוספת סידן וויטמין ד 100 ג' דנונה,,,היוגורט הראשון שלי 100 גר,גרמים,100.00,100 גרם,false,1,2.50,2.5000,true,1,524347
7290110552220,false,יוגורט PRO בטעם תות 0% סוכר לבן 20 גרם חלבון בגביע,"שטראוס בריאות בע""מ",IL,יוגורט דנונה פרו 20 תות ללא סוכר 200 גר,גרמים,200.00,100 גרם,false,12,5.90,2.9500,true,1,522700
7290110552237,false,יוגורט פרו בטעם אפרסק מנגו ללא סוכר 200 ג' דנונה,"שטראוס בריאות בע""מ",IL,יוגורט דנונה פרו 20 אפרסק מנגו ללס 200 ג,גרמים,200.00,100 גרם,false,12,5.90,2.9500,true,1,522701
7290110553012,false,"מארז קפה פלטניום קלאסיק וריפיל כשל""פ 250 גר",שטראוס קפה בי.וי.,IL,מארז פלטינום קלאסיק עם ריפיל פסח 250 גר,גרמים,250.00,100 גרם,false,6,24.90,9.9600,true,1,523854
7290110553029,false,"אנרג'י קריספס-פריכיות חומוס, עדשים ואפונה עם קייל וסלק","פרח תעשיו מזון בע""מ",IL,פריכיות חלבון קייל חומוס ומלח 60 גר,גרמים,60.00,100 גרם,false,1,10.90,18.1667,true,1,523758
7290110553036,false,קריספס-פריכיות עם אפונה ובטטה סגולה בטעם בצל מקורמל,"פרח תעשיו מזון בע""מ",IL,פריכיות חלבון בטטה סגולה ובצל 60 גר,גרמים,60.00,100 גרם,false,1,10.90,18.1667,true,1,523759
7290110553098,false,"אנרג'י מיקס תערובת צימוקים, אגוזים ושוקולד חלב",אנרג'י Energy - שטראוס,,מיקס אגוזים אנרגי 100 גר,גרמים,100.00,100 גרם,false,1,17.90,17.9000,true,1,526377
7290110553173,false,אנרג'י - פריכיות בטעם קרמל 40 גרם,סאנורייס בלגיום,IL,פריכיות אנרגי בטעם קרמל 40 גר,גרמים,40.00,100 גרם,false,1,6.90,17.2500,true,1,526789
7290110553180,false,אנרג'י - פריכיות בטעם תפוח קינמון 40 גרם,סאנורייס בלגיום,IL,פריכיות אנרגי בטעם תפוח קינמון 40 גר,גרמים,40.00,100 גרם,false,1,6.90,17.2500,true,1,526790
7290110553340,false,נמס מילקשייק- אבקה להכנת משקה קר בטעם מלבי,עלית,,אייס נמס מילקשייק מלבי 200 גר,גרמים,200.00,100 גרם,false,8,15.90,7.9500,true,1,525092
7290110554101,false,"יד מרדכי מייפל בפאוץ' 125 מ""ל",,,סירופ מייפל טבעי בפאוץ 125 מל,מיליליטרים,125.00,"100 מ""ל",false,1,19.90,15.9200,true,1,524404
7290110554118,false,נודלס מלזי חריף עם טופו וירקות ברוטב קארי ירוק,"טרופיקל דגיל בע""מ אז",IL,נודלס בסגנון מלזי חריף דלישס 350 גר,גרמים,350.00,100 גרם,false,1,26.90,7.6857,true,1,520618
7290110554125,false,נודלס סצ'ואן חריף 350 ג' דלישס,אוכל ביתי ניר עציון,IL,נודלס בסגנון סצואן חריף דלישס 350 גר,גרמים,350.00,100 גרם,false,1,26.90,7.6857,true,1,520619
7290110554262,false,חלבית מלבין קפה חלבי 350 ג' עלית,,,מלבין קפה 350 גר,גרמים,350.00,100 גרם,false,1,24.90,7.1143,true,1,523760
7290110554422,false,רוטב עגבניות ופלפלים לשקשוקה 350 גר' יד מרדכי,אימילאנה,IT,רוטב עגבניות ופלפלים לשקשוקה יד מרדכי,גרמים,350.00,100 גרם,false,1,10.90,3.1143,true,1,523179
7290110554460,false,ציטוס קראנץ צ'דר חלפיניו 65 ג' עלית,,,חטיף ציטוס קראנץ צדר חלפיניו 65 גר,גרמים,65.00,100 גרם,false,48,4.30,6.6154,true,1,525012
7290110554583,false,מארז חטיפי צ'יטוס פאפס בטעם גבינה - 10 יחידות,שטראוס,IL,מארז חטיף ציטוס פאפס גבינה 20 גר 10 יח,גרמים,200.00,100 גרם,false,8,13.90,6.9500,true,1,522841
7290110554699,false,"קפה עולה קפסולות אספרסו קלייה איטית וכהה מאוד, 10 * 50 ג'",שטראוס קפה בי.וי.,IL,קפסולות קפה בתי קליה עולה 50 גר,גרמים,50.00,100 גרם,false,1,19.90,39.8000,true,1,526788
7290110554705,false,"קפסולות קפה יונילקו אספרסו קלוי וטחון, 10 * 50 ג'",שטראוס קפה בי.וי.,IL,קפסולות קפה בתי קליה יוניקו 50 גר,גרמים,50.00,100 גרם,false,1,19.90,39.8000,true,1,526786
7290110554729,false,קפסולות עלית אספרסו 04 תואמות למכונות NESPRESSO,שטראוס קפה בי.וי,IL,קפסולות קפה אספרסו 04,גרמים,50.00,100 גרם,false,1,15.90,31.8000,true,1,524473
7290110554798,false,פולי אספרסו עשירים וארומטיים עוצמה 08 250 ג' עלית,שטראוס קפה בי.וי,IL,פולי אספרסו עוצמה 08 250 גר,גרמים,250.00,100 גרם,false,1,24.90,9.9600,true,1,523761
7290110555009,false,מארז זוג רוטב פסאטה 2* 350 ג' יד מרדכי,אימילאנה,IT,מחית עגבניות פסאטה זוגות 700 גר,גרמים,700.00,100 גרם,false,1,14.90,2.1286,true,1,524405
7290110555078,false,לאבנה עם שמן זית ועשבי תיבול 250 גר',"מחלבות בר בכפר בע""מ",IL,לאבנה עם שמן זית ועשבי תיבול 250 גר,גרמים,250.00,100 גרם,false,1,10.90,4.3600,true,1,524349
7290110555092,false,לאבנה+שמן זית וצ'ילי 250 גרם,"מחלבות בר בכפר בע""מ",IL,לאבנה עם שמן זית וצילי 250 גר,גרמים,250.00,100 גרם,false,1,10.90,4.3600,true,1,524350
7290110555306,false,רבע לשבע טבעוני סינמון באן 25ג' עלית,הגביע מוצרי וופלים ב,IL,רבע לשבע סינמון באן 125 גר,גרמים,125.00,100 גרם,false,14,10.90,8.7200,true,1,525252
7290110556242,false,"שוקולד מריר פרווה 100 גר' בד""ץ תוצרת חוץ","שטראוס גרופ בע""מ.",IL,שוקולד מריר פרה 100 גר,גרמים,100.00,100 גרם,false,1,5.50,5.5000,true,1,526848
7290110557027,false,חומוס עשיר 50% טחינה גולמית 400 ג' אחלה,מיוצר עי קונדיטוריית,IL,חומוס 50% טחינה 400 גר,גרמים,400.00,100 גרם,false,20,13.90,3.4750,true,1,522536
7290110557102,false,מעדן חלב עם שוקולד מועשר בחלבון 150 ג' שטראוס,מיוצר עי קונדיטוריית,IL,מעדן חלב עם שוקולד מועשר בחלבון 150 גר,גרמים,150.00,100 גרם,false,1,4.90,3.2667,true,1,520017
7290110557133,false,מעדן הגולן וניל 125 ג' שטראוס,מיוצר עי קונדיטוריית,IL,מעדן הגולן וניל 125 גר,גרמים,125.00,100 גרם,false,24,2.90,2.3200,true,1,521290
7290110557478,false,חומוס גלילי במרקם מעודן 600 גרם,שטראוס,IL,חומוס גלילי אחלה 600 גר,גרמים,600.00,100 גרם,false,6,13.90,2.3167,true,1,523561
7290110558130,false,אקטיביה עם שיבולת שועל ודבש 150 ג' דנונה,"שטראוס בריאות בע""מ",IL,יוגורט אקטיביה עם שיבולת שועל ודבש 150 ג,גרמים,150.00,100 גרם,false,24,4.60,3.0667,true,1,525095
7290110558154,false,דנונה לייט אנד פרי עוגת תפוחים 150ג דנונה,"שטראוס בריאות בע""מ",IL,דנונה לייט אנד פרי עוגת תפוחים 150 גר,גרמים,150.00,100 גרם,false,24,4.90,3.2667,true,1,526372
7290110558215,false,"דנונה קראנצ`פיסטוק עם פיצפוץ לבן קראנצי פיסטוק, 173 גרם","שטראוס בריאות בע""מ",IL,דנונה קראנצ פיסטוק עם פצפוץ לבן 173 גר,גרמים,173.00,100 גרם,false,12,4.50,2.6012,true,1,527622
7290110558222,false,"וואו יוגורט עם שכבה בטעם בנופי פאי 5.4%, 150ג דנונה","שטראוס בריאות בע""מ",IL,יוגורט דנונה בנופי פאי 150 גר,גרמים,150.00,100 גרם,false,12,4.60,3.0667,true,1,526368
7290110558239,false,"וואו יוגורט עם שכבה בטעם קראק פאי 5.4%, 150 ג דנונה","שטראוס בריאות בע""מ",IL,יוגורט דנונה קראק פאי 150 גר,גרמים,150.00,100 גרם,false,12,4.60,3.0667,true,1,526369
7290110558253,false,"דנונה ריפרש בננה אננס וצ`יה, 250 גרם","שטראוס בריאות בע""מ",IL,משקה דנונה ריפרש בננה אננס וציה 250 גר,גרמים,250.00,100 גרם,false,12,5.90,2.3600,true,1,525091
7290110558284,false,יוגורט ביו מולטי 200 ג' דנונה,"שטראוס בריאות בע""מ",IL,יוגורט דנונה ביו מולטי 200 גר,גרמים,200.00,100 גרם,false,24,3.90,1.9500,true,1,525699
7290110558307,false,יוגורט דנונה PRO עם שיבולת שועל במתיקות מעודנת,"שטראוס בריאות בע""מ",IL,יוגורט דנונה פרו 20 גר עם שיבולת שועל,גרמים,200.00,100 גרם,false,12,5.90,2.9500,true,1,524328
7290110558314,false,דנונה פרו 20 ג' חלבון ללא סוכר פיסטוק 200 גרם,"שטראוס בריאות בע""מ",IL,דנונה פרו 20 גר ללא סוכר פיסטוק 200 גר,גרמים,200.00,100 גרם,false,12,5.90,2.9500,true,1,526371
7290110558338,false,יוגורט PRO בטעם מתיקות מעודנת 1.5% שומן,"שטראוס בריאות בע""מ",IL,יוגורט דנונה פרו 25 גר חלבון 200 גר,גרמים,200.00,100 גרם,false,12,5.90,2.9500,true,1,524329
7290110558666,false,מעדן גבינה בטעם תפוח 88 ג' דניאלה,"שטראוס בריאות בע""מ",IL,מעדן גבינה דניאלה בטעם תפוח 88 גר,גרמים,88.00,100 גרם,false,24,4.10,4.6591,true,1,527618
7290110559007,false,"שועועית חומה טעם הטבע קופסה, 380 גרם",,,שעועית חומה טעם הטבע 380 גר,גרמים,380.00,100 גרם,false,16,6.90,1.8158,true,1,526364
7290110559014,false,שעועית שחורה טעם הטבע 380ג שטראוס,,,שעועית שחורה טעם הטבע 380 גר,גרמים,380.00,100 גרם,false,16,6.90,1.8158,true,1,526363
7290110559748,false,ריל - מאגדת שקדים קוקוס ושוקולד מריר 35 גרם * 3,ואמואליס פודס,GR,מאגדת רייל שקד קוקוס שוקולד מריר 105 גר,גרמים,105.00,100 גרם,false,1,16.90,16.0952,true,1,525891
7290110559755,false,ריל - מאגדת בוטנים פיסטוק וחמוציות 35 גרם * 3,ואמואליס פודס,GR,מאגדת רייל בוטנים פיסטוק חמוציות 105 גר,גרמים,105.00,100 גרם,false,1,16.90,16.0952,true,1,525890
7290110559762,false,ריל - מאגדת אגוזים תמרם קוקוס 35 גרם * 3,ואמואליס פודס,GR,מאגדת רייל אגוזים תמרים קוקוס 105 גר,גרמים,105.00,100 גרם,false,1,16.90,16.0952,true,1,525889
7290110560300,false,"הפריכיות הטעימות חומוס, עדשים שחורות, קינואה ופלפל שחור",אנרג'י Energy - שטראוס,IL,פריכיות משולש אנרגי פלפל שחור 30 גר,גרמים,30.00,100 גרם,false,1,5.90,19.6667,true,1,502957
7290110560317,false,"הפריכיות הטעימות חומוס, עדשים שחורות, קינואה ומלח ים","פרח תעשיו מזון בע""מ",IL,פריכיות משולש אנרגי מלח ים 30 גר,גרמים,30.00,100 גרם,false,1,5.90,19.6667,true,1,502958
7290110560324,false,"הפריכיות הטעימות תפו""א, אורז, אפונה ומלח ים","פרח תעשיו מזון בע""מ",IL,פריכיות משולש אנרגי אפונה ירוקה 30 גר,גרמים,30.00,100 גרם,false,1,5.90,19.6667,true,1,502959
7290110561352,false,דנונה יוגורט ביו פרוביוטי 3% דל לקטוז 150ג',"שטראוס בריאות בע""מ",IL,יוגורט דנונה דל לקטוז 200 גר,גרמים,200.00,100 גרם,false,1,3.60,1.8000,true,1,498544
7290110561604,false,מארז 8 יחידות מעדן גמדים בטעם תות בננה,שטראוס,IL,מעדן מילקי מוס לבן קצפת קפוצינו 81 גר,גרמים,800.00,100 גרם,false,6,18.90,2.3625,true,1,496736
7290110563431,false,"משקה קפה קר בסגנון קלאסי 230 מ""ל 1.6% יוטבתה",האי נאם סי או אל.טי.,AT,"משקה אייס קפה יטבתה בסגנון קלאסי 230 מ""ל",מיליליטרים,230.00,"100 מ""ל",false,1,7.90,3.4348,true,1,504283
7290110563448,false,"משקה קפה קר בסגנון מעודן 230 מ""ל 1.6% יוטבתה",האי נאם סי או אל.טי.,AT,"משקה אייס קפה יטבתה בסגנון מעודן 230 מ""ל",מיליליטרים,230.00,"100 מ""ל",false,1,7.90,3.4348,true,1,504282
7290110563462,false,חלב בבקבוק נטול לקטוז 2% יטבתה 1 ל',מחלבת יטבתה,IL,חלב נטול לקטוז 2% 1 ל,ליטרים,1.00,ליטר,false,1,8.50,8.5000,true,1,504806
7290110564339,false,חומוס אחלה הסידרה המובחר 30% טחינה 400 גר',מיוצר עי קונדיטוריית,IL,חומוס אחלה עשיר 30% טחינה 400 גר,גרמים,400.00,100 גרם,false,1,13.90,3.4750,true,1,496744
7290110564360,false,חומוס אחלה הסידרה המובחר 40% טחינה 400 גר',מיוצר עי קונדיטוריית,IL,מעדן מילקי מוס לבן קצפת קפוצינו 81 גר,גרמים,400.00,100 גרם,false,6,13.90,3.4750,true,1,496745
7290110564414,false,חומוס אחלה הסידרה המובחר 30% טחינה 600 גר',מיוצר עי קונדיטוריית,IL,מעדן מילקי מוס לבן קצפת קפוצינו 81 גר,גרמים,600.00,100 גרם,false,6,14.90,2.4833,true,1,496746
7290110564742,false,"משקה קפה קר בסגנון חזק 230 מ""ל 1.2% יוטבתה",האי נאם סי או אל.טי.,AT,"משקה אייס קפה יטבתה חזק 230 מ""ל",מיליליטרים,230.00,"100 מ""ל",false,1,7.90,3.4348,true,1,504281
7290110565435,false,ג'לי לימבו פטל חלבי שטראוס 125ג',STRAUSS-ISRAEL,,"ג""לי לימבו בטעם פטל",גרמים,125.00,100 גרם,false,1,2.00,1.6000,true,1,496532
7290110565527,false,יוגורט PRO פרו 1.5% 20 גרם חלבון בגביע,"שטראוס בריאות בע""מ",IL,יוגורט דנונה פרו עשיר בחלבון 200 גר,גרמים,200.00,100 גרם,false,1,5.90,2.9500,true,1,495649
7290110565572,false,מנות אישיות קפה טורקי לדרך עם הל,שטראוס קפה בי.וי,IL,מארז קפה טורקי עלית לדרך עם הל 168 גר,גרמים,168.00,100 גרם,false,14,18.90,11.2500,true,1,506757
7290110566043,false,יוגורט 4.5% שומן 3 ל' שטראוס,"מחלבות בר בכפר בע""מ",IL,יוגורט טבעי 4.5% 3 ליטר,ליטרים,3.00,ליטר,false,1,28.50,9.5000,true,1,499257
7290110566623,false,קפסולות קולומביה עלית 08 למכונת נספרסו מארז 5X10ג',שטראוס קפה בי.וי,IL,קפסולות קולומביה 50 גר,גרמים,50.00,100 גרם,false,1,15.90,31.8000,true,1,499652
7290110566975,false,דנונה פרו יוגורט 0% תות עשיר בחלבון 200ג',"שטראוס בריאות בע""מ",IL,יוגורט דנונה פרו תות 200 גר,גרמים,200.00,100 גרם,false,1,5.90,2.9500,true,1,497923
7290110567057,false,צנצנת מסטיק מאסט קוביות מנטה חזקה 66 ג' עלית,STRAUSS-ISRAEL,,מסטיק מאסט מנטה חזקה 66 גר,גרמים,66.00,100 גרם,false,12,9.90,15.0000,true,1,502007
7290110568238,false,"קצפת צמחית 21% שומן 250 מ""ל יוטבתה",מחלבת יטבתה,IL,"שמנת עמידה לקצפת 38% יטבתה 500 מ""ל",גרמים,250.00,100 גרם,false,1,7.90,3.1600,true,1,499671
7290110568511,false,קונפיטורה פירות יער במתיקות מעודנת 265 ג' יד מרדכי,קריות זול,FR,קונפיטורת פירות יער יד מרדכי 265 גר,גרמים,265.00,100 גרם,false,6,12.90,4.8679,true,1,505381
7290110568559,false,דוריטוס עלית מארז חמוץ חריף 10 יח' *25 ג',שטראוס פריטוליי,IL,מארז דוריטוס חמוץ חריף 25 גר עשירייה,גרמים,250.00,100 גרם,false,1,13.90,5.5600,true,1,499551
7290110568627,false,עלית - פסק זמן רול שוקולד חלב עם קרם אגוזים 26 גרם,STRAUSS-ISRAEL,,פסק זמן רול שוקולד חלב עם קרם אגוזים 28,גרמים,28.00,100 גרם,false,48,3.90,13.9286,true,1,502574
7290110570125,false,"משקה קפה קר בטעם אייריש קרים230 מ""ל יוטבתה",אנסטל מילק kg,AT,קפה קר בטעם אייריש קרים 230 מל,מיליליטרים,230.00,"100 מ""ל",false,10,7.90,3.4348,true,1,527617
7290110570224,false,משקה קפה קר בטעם עוגיות 230ג' יוטבתה,אנסטל מילק kg,AT,משקה קפה קר יטבתה בטעם עוגיות 230 מל,מיליליטרים,230.00,"100 מ""ל",false,10,7.90,3.4348,true,1,524942
7290110570576,false,פולי אספרסו עשירים וארומטיים עוצמה 10 500 ג' עלית,,,פולי אספרסו עוצמה 10 500 גר,גרמים,500.00,100 גרם,false,1,44.90,8.9800,true,1,523763
7290110571184,false,עדשים חומות טעם הטבע 380ג שטראוס,,,עדשים חומות טעם הטבע 380 גר,גרמים,380.00,100 גרם,false,16,6.90,1.8158,true,1,526365
7290110571375,false,"אנרג'י מיקס תערובת צימוקים, תמרים, טופי ושברי פקאן",אנרג'י Energy - שטראוס,,שקדים קוקוס ושוקולד אנרגי 100 גר,גרמים,100.00,100 גרם,false,1,17.90,17.9000,true,1,526379
7290110571382,false,מעדן חלב בטעם וניל מעושר בחלבון 150 ג' שטראוס,"שטראוס בריאות בע""מ",IL,מעדן חלב בטעם וניל מועשר בחלבון 150 גר,גרמים,150.00,100 גרם,false,12,4.90,3.2667,true,1,523559
7290110571405,false,עלית - מיני פינוקיות בגביע פסק זמן 180 גרם,עלית,IL,מיני פינוקיות בגביע פסק זמן 180 גר,גרמים,180.00,100 גרם,false,12,10.90,6.0556,true,1,527026
7290110571412,false,מיני פינוקיות - פאדג' שוקולד בגביע 180 גרם,עלית,IL,מיני פינוקיות בגביע פאדג 180 גר,גרמים,180.00,100 גרם,false,12,10.90,6.0556,true,1,527027
7290110572129,false,כיף כף מקלות שוקולד לבן 40 ג' עלית,עלית,,חטיף כיף כף מקלות שוקולד לבן 40 גר,גרמים,40.00,100 גרם,false,1,4.90,12.2500,true,1,527611
7290110572884,false,"קפסולות קפה מספר 20 למכונת אספרס אספרסו, 50 גרם",שטראוס קפה בי.וי.,IL,קפסולות קפה אספרסו 50 גר,גרמים,50.00,100 גרם,false,1,15.90,31.8000,true,1,527612
7290110572969,false,כיף כף פצפצים עקרם לבן 40ג' עלית,שולן צ'יקולטה גידה ס,TR,חטיף כיף כף פצפצים קרם לבן 40 גר,גרמים,40.00,100 גרם,false,12,4.90,12.2500,true,1,526362
7290110572976,false,כיף כף פצפצים בגביע במילוי קרם בטעם שוקולד לבן,שולן צ'יקולטה גידה ס,TR,חטיף כיף כף פצפצים קרם לבן 135 גר,גרמים,135.00,100 גרם,false,24,9.90,7.3333,true,1,526361
7290110576318,false,מאגדת שלישיית שוקולד אגוז לבן 300 ג' עלית,עלית,FR,שלישיית שוקולד אגוז לבן 100 גר,גרמים,300.00,100 גרם,false,1,24.90,8.3000,true,1,526785
7290110576356,false,"שוקולד ספלנדיד מריר 64% - חלבי , מפולי קקאו מפרו",קימ'ס גריפלנן,BE,שוקולד ספלנדיד מריר פרו 100 גר,גרמים,100.00,100 גרם,false,1,8.90,8.9000,true,1,525887
7290110576363,false,"שוקולד ספלנדיד מריר 80% חלבי ,פולי קקאו מאוגנדה",קימ'ס גריפלנן,BE,שוקולד ספלנדיד מריר אוגנדה 100 גר,גרמים,100.00,100 גרם,false,1,8.90,8.9000,true,1,525888
7290110576370,false,מארז שלישייה שוקולד מריר חלבי עם אגוזי לוז,עלית,FR,שלישיית שוקולד אגוז מריר 100 גר,גרמים,300.00,100 גרם,false,1,24.90,8.3000,true,1,526784
7290110576387,false,מאגדת שלישיית שוקולד אגוז חלב 300 ג' עלית,שטראוס,IL,שלישיית שוקולד אגוז חלב 100 גר,גרמים,300.00,100 גרם,false,1,24.90,8.3000,true,1,526783
7290110576752,false,טבלאות שוקולד ספלנדיד מריר 70% 100 ג' עלית,קימ'ס גריפלנן,BE,שוקולד ספלנדיד מריר 70% 100 גר,גרמים,100.00,100 גרם,false,1,9.90,9.9000,true,1,527613
7290110576776,false,טבלאות שוקולד ספלנדיד מריר 85% 100 ג' עלית,קימ'ס גריפלנן,BE,שוקולד ספלנדיד מריר 85% 100 גר,גרמים,100.00,100 גרם,false,1,9.90,9.9000,true,1,527614
7290110576790,false,סקי בטעם מוקה 125 ג' שטראוס,"שטראוס בריאות בע""מ",IL,מעדן גבינה סקי בטעם מוקה 125 גר,גרמים,125.00,100 גרם,false,24,3.70,2.9600,true,1,526855
7290110576851,false,"גמדים לשתיה סלט פירות 8 יח' *100מ""ל",קריות זול,IL,גמדים לשתיה סלט פירות שמינייה,מיליליטרים,864.00,"100 מ""ל",false,6,19.90,2.3032,true,1,527620
7290110576868,false,רבעיית גמדים סלט פירוט * 100 ג' שטראוס,קריות זול,IL,גבינה לבנה גמדים סלט פירות 100 גר רביעיה,גרמים,400.00,100 גרם,false,12,11.20,2.8000,true,1,527621
7290110577230,false,משקה חלב בטעם פיסטוק יטבתה 1 ליטר,מחלבת יטבתה,IL,משקה חלב בטעם פיסטוק 1 ל,ליטרים,1.00,ליטר,false,12,11.90,11.9000,true,1,527615
7290110577247,false,"יטבתה משקה חלב-פיסטוק בבקבוק 350 מ""ל",מחלבת יטבתה,IL,משקה חלב בטעם פיסטוק 350 מל,מיליליטרים,350.00,"100 מ""ל",false,6,6.40,1.8286,true,1,527616
7290110577711,false,"משקה שייק חלבון מי גבינה עם אפרסק ומנגו350מ""ל יטבתה",מחלבת יטבתה,IL,שייק חלבון מי גבינה אפרסק ומנגו 350 מל,מיליליטרים,350.00,"100 מ""ל",false,6,7.90,2.2571,true,1,528791
7290110577728,false,"משקה שייק חלבון מי גבינה עם פירות יער 350מ""ל יטבתה",מחלבת יטבתה,IL,שייק חלבון מי גבינה פירות יער 350 מל,מיליליטרים,350.00,"100 מ""ל",false,6,7.90,2.2571,true,1,528792
7290111092985,false,מגב'וני ביביסיטר רבעיה מהדורה מעוצבת,,,מגבוני בייביסיטר ללא בישום 66 יח רביעייה,Unknown,0.00,Unknown,false,6,16.90,0.0000,true,1,526193
7290111093470,false,"קוויק מסיר הפלא ספוגית להסרת כתמים, 3 יחידות",,,מסיר הפלא קוויק ספוגית להסרת כתמים,Unknown,0.00,Unknown,false,1,9.90,0.0000,true,1,525088
7290111093760,false,קוויק מגבונים לניקוי רצפה בניחוח מרכך כביסה 10 יח',,,מגבונים לחים קוויק לניקוי רצפות מרכך 10,Unknown,0.00,Unknown,false,12,10.90,0.0000,true,1,523469
7290111094613,false,מגבונים לניקוי משקפיים 10 יח' I-CARE,,,מגבונים I-CARE לניקוי משקפיים 24 יח,Unknown,0.00,Unknown,false,24,7.90,0.0000,true,1,503611
7290111097546,false,מגבונים ניקוי כללי למשטחים בניחוח מרכך כביסה 50 יח' קוויק,,,מגבונים לניקוי כללי קוויק בניחוח מרכך 50,Unknown,0.00,Unknown,false,18,8.90,0.0000,true,1,523470
7290111287008,false,בקבוק טריטן שקוף ירו,,,"בקבוק טריטן שקוף ירוק 708 מ""ל",Unknown,0.00,Unknown,false,1,24.90,0.0000,true,1,493702
7290111340178,false,מטליות לחות ניקול לניקוי כללי בניחוח מרכך כביסה 50 יח',ניקול,,מטליות לחות לניקוי כללי דוחה אבק 50 יח,Unknown,0.00,Unknown,false,1,10.90,0.0000,true,1,492849
7290111340185,false,מטליות לחות ניקול לניקוי רצפות בניחוח מרכך 10 יח',ניקול,,מטליות לחות רצפה בניחוח מרכך כביסה 10 יח,Unknown,0.00,Unknown,false,1,10.90,0.0000,true,1,492850
7290111340956,false,ניקול מטליות לחות לרצפה בניחוח פריחה לבנה,עלבד,,מטליות לחות רצפה ספא בניחוח מרכך כביסה,Unknown,0.00,Unknown,false,12,10.90,0.0000,true,1,496645
7290111341366,false,מפיות אירוח חד שכבתי 30/30 150 יח',חוגלה קימברלי,SK,מפיות אירוח 150 יח זוג ניקול,Unknown,0.00,Unknown,false,1,7.90,0.0000,true,1,507370
7290111341984,false,לילי - מגבוני נייר טואלט לח פיור רביעייה,קימברלי,GB,נייר טואלט לח לילי רביעייה,Unknown,0.00,Unknown,false,1,19.90,0.0000,true,1,508224
7290111341991,false,מגבוני טואלט לח סופרים לילי 48 יח',עלבד,,נייר טואלט לח לילי סופרים 48 יח,Unknown,0.00,Unknown,false,1,7.90,0.0000,true,1,506463
7290111342004,false,נייר טואלט לח קידס 56 יח' לילי,עלבד,,נייר טואלט לח לילי קידס 56 יח,Unknown,0.00,Unknown,false,1,7.90,0.0000,true,1,506462
7290111342042,false,כריות יפניות לניקוי וקרצוף אנטיבקטריאלי,פלסטו פוליש,IL,כריות יפניות אנטיבקטריאלי ניקול,Unknown,0.00,Unknown,false,1,10.90,0.0000,true,1,510559
7290111342059,false,מטליות לחות לניקוי משטחים אנטיבקטריאלי,ניקול,IL,מטליות לחות אנטיבקטריאלי ניקול,Unknown,0.00,Unknown,false,1,10.90,0.0000,true,1,510561
7290111343797,false,מטליות לחות לניקוי חלונות 48 יח' ניקול,עלבד,IL,מטליות לחות לניקוי חלונות,Unknown,0.00,Unknown,false,1,9.80,0.0000,true,1,513752
7290111343841,false,ספוגית הקסם נירוסטה - מארז 3 יחידות,ניקול,CN,ספוגית הקסם נירוסטה ניקול 3 יח,Unknown,0.00,Unknown,false,1,10.90,0.0000,true,1,513755
7290111343858,false,מטליות לחות לרצפה אנטיבקטריאלי 10 יחי',עלבד משואות יצחק,IL,מטליות לחות לניקוי וחיטוי הרצפה אנטיבקטר,Unknown,0.00,Unknown,false,1,10.90,0.0000,true,1,512331
7290111344145,false,מטילות מיקרופייבר אנטיבקטריאליות לרצפה 2 יחי',,,מטליות מיקרופייבר לרצפה מארז זוג,Unknown,0.00,Unknown,false,1,21.90,0.0000,true,1,517967
7290111344206,false,האגיס נטורל קר מגבונים לחים בבישום עדין רביעייה,חוגלה קימברלי,IL,רביעיית מגבוני האגיס נטורל קייר מבושם,Unknown,0.00,Unknown,false,1,21.90,0.0000,true,1,522025
7290111344916,false,ניקול כריות יפניות אנטיבקטריאליות 6 יח,,,כריות יפניות אנטיבקטריאליות ניקול 6 יח,Unknown,0.00,Unknown,false,1,10.80,0.0000,true,1,518025
7290111346125,false,מארז שלישייה מגבוני דיילי קר ללא בישום *56 יח' האגיס,קימברלי,IL,מגבוני האגיס דיילי קר שלישייה,Unknown,0.00,Unknown,false,1,15.90,0.0000,true,1,525682
7290111346132,false,מארז שלישייה מגבוני סנסטיב קר ללא בישום *56 יח' האגיס,עלבד,IL,מגבוני האגיס דיילי קר סנסטיב שלישייה,Unknown,0.00,Unknown,false,1,15.90,0.0000,true,1,525683
7290111346293,false,מגבת נייר ניקול שישייה מהדורת חג,קימברלי קלארק,IL,נייר מגבת מהדורה 6 יח,Unknown,0.00,Unknown,false,1,11.90,0.0000,true,1,524665
7290111346347,false,מגבוני אף אוריגינל סופט חמישיה קלינקס,קימברלי,IL,טישו קלינקס אוריגינל 5 יח,Unknown,0.00,Unknown,false,1,15.90,0.0000,true,1,526527
7290111350047,false,תמרים ללא חרצנים 500 גר',טעמי הגליל,IL,תמרים מגולענים 500 גר,גרמים,500.00,100 גרם,false,1,12.90,2.5800,true,1,519529
7290111350726,false,נאצוס הופופ בטעם מקסיקני 322ג',הוט פופ Hot pop,US,חטיף תירס נאצוס בסגנון מקסיקני 322 גר,גרמים,322.00,100 גרם,false,1,15.90,4.9379,true,1,506004
7290111350740,false,הוט פופ קידס טבעי+מלח 500 ג' +5 גביעים,פופז בעמ,US,הוטפופ קידס פופקורן 500 גרם,גרמים,500.00,100 גרם,false,1,15.90,3.1800,true,1,512329
7290111353437,false,חטיף בטטה ומלח ים 120 גרם הוט פופ,קריות זול,,חטיף בטטה ומלח 120 גר,גרמים,120.00,100 גרם,false,1,14.90,12.4167,true,1,516495
7290111353444,false,חטיף בטטות ומלח ים 120 גרם הוט פופ,קריות זול,,חטיף בטטות ומלח 120 גר,גרמים,120.00,100 גרם,false,1,14.90,12.4167,true,1,516496
7290111353451,false,חטיף ירקות שורש ומלח ים 120 גרם הוט פופ,קריות זול,,חטיף ירקות שורש ומלח 120 גר,גרמים,120.00,100 גרם,false,1,14.90,12.4167,true,1,516497
7290111353550,false,חמאת בוטנים טבעית 350ג',,,חמאת בוטנים 300 גר,גרמים,300.00,100 גרם,false,1,15.90,5.3000,true,1,516498
7290111353680,false,גרעיני חמניה קליית ג,,,גרעיני חמניה קליית גת 350 גר,גרמים,350.00,100 גרם,false,12,11.90,3.4000,true,1,521386
7290111354120,false,ממרח חלווה 300 גר,,,ממרח חלווה 300 גר,גרמים,300.00,100 גרם,false,1,15.90,5.3000,true,1,525100
7290111355011,false,מארז שי לקריסמס 850,,,מארז שי לקריסמס 850 גר,גרמים,850.00,100 גרם,false,1,84.90,9.9882,true,1,528586
7290111563492,false,סלט מטבוחה חריפה מרובע 400 ג' צבר,סלטי צבר,IL,סלטי צבר מטבוחה חריפה 400 גר,גרמים,400.00,100 גרם,false,1,12.90,3.2250,true,1,498184
7290111564277,false,פריכיות דקות ונימוחות 3 דגנים פיטנס Fitness,פרח תעשיות,IL,פריכיות פיטנס 3 דגנים דקות 120 גר,גרמים,120.00,100 גרם,false,1,9.90,8.2500,true,1,492612
7290111564291,false,פריכיות דקות ונימוחות 3 דגנים וקינואה פיטנס Fitness,פרח תעשיות,IL,פריכיות פיטנס דקות עם קינואה 120 גר,גרמים,120.00,100 גרם,false,1,9.90,8.2500,true,1,492613
7290111564727,false,עוגיות אסם קרמוגית וקרם אגוזים אסם 200ג',מיוצר עי קונדיטוריית,IL,עוגיות קרמוגית במילוי קרם אגוזים 200 גר,גרמים,200.00,100 גרם,false,1,9.90,4.9500,true,1,495745
7290111564956,false,ביסלי במבה מיקס 200 ג' אסם,פרו מן יו פתרונות אר,IL,ביסלי במבה מיקס 200 גר,גרמים,200.00,100 גרם,false,18,9.90,4.9500,true,1,498166
7290111565038,false,"לה קרמריה וניל קוקילידה בד""צ 1.4 ל'",המאפיה של הרמן,IL,לה קרמריה וניל קוקילידה 1.4 ל,ליטרים,1.40,ליטר,false,1,21.90,15.6429,true,1,498827
7290111566103,false,טבעול פלאפל מרכיבים ביתיים בלבד 590 ג',עיצובים 2020 (4.8),IL,פלאפל ביתי טבעול 590 גר,גרמים,590.00,100 גרם,false,1,29.90,5.0678,true,1,496901
7290111566240,false,טבעול שניצל דק בטעם צילי חריף 564 ג',עיצובים 2020 (4.8),IL,טבעול שניצל דק בטעם צילי חריף 564 גר,גרמים,564.00,100 גרם,false,1,29.90,5.3014,true,1,496895
7290111566271,false,טבעול חטיפי תירס 657 גר',עיצובים 2020 (4.8),IL,חטיפי תירס טבעול 657 גר,גרמים,657.00,100 גרם,false,1,29.90,4.5510,true,1,496918
7290111566318,false,טבעול שניצל דק מן הצומח 564 גר',עיצובים 2020 (4.8),IL,טבעול שניצל דק מן הצומח 564 גר,גרמים,564.00,100 גרם,false,1,29.90,5.3014,true,1,496894
7290111566332,false,טבעול נקניקיות וינר צמחוניות 680 גר',עיצובים 2020 (4.8),IL,טבעול נקניקיה וינר 680 גר,גרמים,680.00,100 גרם,false,1,29.90,4.3971,true,1,496896
7290111566417,false,טחון צמחוני עם המון חלבון,עיצובים 2020 (4.8),IL,טבעול טחון מן הצומח 400 גר,גרמים,500.00,100 גרם,false,1,29.90,5.9800,true,1,496909
7290111566547,false,טבעול חזה בגריל צמחוני 99 קלוריות 560ג',עיצובים 2020 (4.8),IL,טבעול חזה בגריל צמחי,גרמים,560.00,100 גרם,false,1,29.90,5.3393,true,1,496907
7290111566561,false,טבעול שניצל ברוקולי 99 קלוריות 560גר',עיצובים 2020 (4.8),IL,שניצל ברוקולי טבעול 560 גר,גרמים,560.00,100 גרם,false,1,29.90,5.3393,true,1,496903
7290111566585,false,טבעול שניצל צמחוני 99 קלוריות 650 גר',עיצובים 2020 (4.8),IL,טבעול שניצל מן הצומח 650 גר,גרמים,650.00,100 גרם,false,1,29.90,4.6000,true,1,496906
7290111566660,false,טבעול קציצות עדשים כתומות 530 גר',עיצובים 2020 (4.8),IL,טבעול קציצות עדשים 530 גר,גרמים,530.00,100 גרם,false,1,29.90,5.6415,true,1,496899
7290111566691,false,טבעול שניצל תרד 99 קלוריות 560 גר',עיצובים 2020 (4.8),IL,שניצל תרד טבעול 99 קלוריות 560 גר,גרמים,560.00,100 גרם,false,1,29.90,5.3393,true,1,496904
7290111566714,false,טבעול המבורגר צמחוני 99 קלוריות 600 גר',עיצובים 2020 (4.8),IL,טבעול המבורגר לייט 600 גר,גרמים,600.00,100 גרם,false,1,29.90,4.9833,true,1,496905
7290111566752,false,טבעול שניצל תירס 99 קלוריות 693 גר',עיצובים 2020 (4.8),IL,שניצל תירס לייט טבעול 693 גר,גרמים,693.00,100 גרם,false,1,29.90,4.3146,true,1,496902
7290111566776,false,טבעול נקניקיות קוקטייל צמחוניות 680 גר',עיצובים 2020 (4.8),IL,טבעול נקניקיה קוקטייל 680 גר,גרמים,680.00,100 גרם,false,1,29.90,4.3971,true,1,496897
7290111568206,false,"מיקס ביסלי, אפרופו ופיצוחים מתובלים",פרו מן יו פתרונות אר,IL,ביסלי פארטי מיקס 150 גר,גרמים,150.00,100 גרם,false,1,7.90,5.2667,true,1,498165
7290111568251,false,אטריות נודלס להקפצה אסם אסייתי 350 גר',תאי פרזידנטפוד,TH,אטריות נודלס אסם להקפצה 350 גר,גרמים,350.00,100 גרם,false,1,9.90,2.8286,true,1,498432
7290111568275,false,אטריות נודלס אורז רחבות אסם אסייתי 300גרם,תאי פרזידנט,TH,אטריות נודלס אסם אורז רחבות 300 גר,גרמים,300.00,100 גרם,false,1,9.90,3.3000,true,1,498431
7290111568961,false,בייגלה טבעות מלח 400 ג' אסם,אסם,IL,בייגלה טבעות מלח 400 גר,גרמים,400.00,100 גרם,false,1,9.90,2.4750,true,1,499637
7290111873041,false,אצבעות שוקולד ממולא בקרם חלב 50 ג'- מפרץ הרפתקאות,,,שוקולד מפרץ הרפתקאות ממולא קרם חלב,גרמים,50.00,100 גרם,false,1,4.90,9.8000,true,1,500980
7290111930799,false,קראנצ'וס טעם בצל 55גר,מנה,IL,קראנצוס מנה בצל 70 גר,גרמים,70.00,100 גרם,false,1,3.90,5.5714,true,1,493972
7290111930805,false,קראנצ'וס טעם ברביקיו 55 גר',חברת מנה בעמ,IL,קראנצוס מנה ברביקיו 70 גר,גרמים,70.00,100 גרם,false,1,3.90,5.5714,true,1,493973
7290111930850,false,קראנצ'וס טעם פיצה 55גר',קראנצ'וס,IL,קראנצוס מנה פיצה 70 גר,גרמים,70.00,100 גרם,false,1,3.90,5.5714,true,1,493974
7290111930898,false,פוף כוכבים גריל אמריקאי 40 גר',פוף POOF,IL,חטיף פוף כוכבים גריל אמריקאי 40 גר,גרמים,40.00,100 גרם,false,1,4.90,12.2500,true,1,494933
7290111930904,false,פוף כוכבים בצל 40 גר',פוף POOF,IL,חטיף פוף כוכבים בצל 40 גר,גרמים,40.00,100 גרם,false,1,4.90,12.2500,true,1,494934
7290111930911,false,פוף חטיף לבבות קלאסי 40 ג',פוף POOF,IL,חטיף פוף לבבות קלאסי 40 גר,גרמים,40.00,100 גרם,false,1,4.90,12.2500,true,1,494930
7290111930928,false,פוף חטיף לבבות גריל 40 ג',פוף POOF,IL,חטיף פוף לבבות גריל 40 גר,גרמים,40.00,100 גרם,false,1,4.90,12.2500,true,1,494931
7290111930935,false,פוף חטיף טבעות קלאסי 40 ג',פוף POOF,IL,חטיף פוף טבעות קלאסי 40 גר,גרמים,40.00,100 גרם,false,1,4.90,12.2500,true,1,494932
7290111932502,false,"קולגייט משחת שיניים אופטיק וייט אקספרט 75 מ""ל",קולגייט Colgate,MX,משחת שיניים קולגייט אופטיק וויט אקספרט,מיליליטרים,75.00,"100 מ""ל",false,48,27.90,37.2000,true,1,500561
7290111932786,false,"בלונס - ג'ל לניקוי הפנים רגיל יבש 250 מ""ל",,,גל לניקוי פנים בלונס רגיל יבש 250 מל,מיליליטרים,250.00,"100 מ""ל",false,1,19.90,7.9600,true,1,527521
7290111932793,false,גל לניקוי פנים בלונס,,,גל לניקוי פנים בלונס שמן מעורב 250 מל,מיליליטרים,250.00,"100 מ""ל",false,1,19.90,7.9600,true,1,527522
7290111932823,false,"בלונס - קרם גוף במרקם מוס לבן 150 מ""ל",,,קרם גוף בלונס במרקם מוס מעושר בפינגרליים,מיליליטרים,150.00,"100 מ""ל",false,1,19.90,13.2667,true,1,527520
7290111933462,false,"רוטב צ'ילי מתוק מאסטר שף 300 מ""ל",סיטי פוד,,"רוטב צילי מתוק מאסטר שף 300 מ""ל",מיליליטרים,300.00,"100 מ""ל",false,1,9.90,3.3000,true,1,497736
7290111933547,false,פירורי גריסיני מאסטר,מנה,IL,פירורי גריסיני מאסטר שף 200 גר,גרמים,200.00,100 גרם,false,20,5.80,2.9000,true,1,512228
7290111933554,false,עגבניות איטלקיות קוביות - מארז שלישיה,פראנו אנריקו ופיגלי,IT,עגבניות מאסטר שף קוביות 400 גר שלישייה,גרמים,1200.00,100 גרם,false,8,14.90,1.2417,true,1,500563
7290111935923,false,מאסטר שף זיתים חרוזית 370 ג',אסיטורנס קזורלה,ES,זיתים חרוזית מאסטר שף 370 גר,גרמים,370.00,100 גרם,false,12,7.90,2.1351,true,1,505812
7290111935961,false,מאסטר שף מחית עגבניות 690 ג',קליסה,IT,מחית עגבניות מאסטר שף 690 גר,גרמים,690.00,100 גרם,false,12,9.90,1.4348,true,1,505111
7290111937729,false,"בלונס - קרם גוף שקדים 200 מ""ל",,,קרם גוף בלונס שקדים 200 מל,מיליליטרים,200.00,"100 מ""ל",false,1,19.90,9.9500,true,1,527518
7290111938481,false,רוטב סויה בהירה מאסט,מאסטר שף,TH,"מאסטר שף רוטב סויה בהירה 300 מ""ל",מיליליטרים,300.00,"100 מ""ל",false,1,9.90,3.3000,true,1,511991
7290111938498,false,"מאסטר שף רוטב סויה בהירה 700 מ""ל כשלפ",תאי סופרים,TH,"רוטב סויה בהירה מאסטר שף 700 מ""ל",מיליליטרים,700.00,"100 מ""ל",false,12,12.90,1.8429,true,1,509394
7290111939181,false,כיסוי ניילון עם גומי במגוון גדלים,קוקי,CN,ניילון נצמד קוקי עם גומי מיקס 20 יח,Unknown,0.00,Unknown,false,1,9.90,0.0000,true,1,510255
7290112000736,false,טבליות למדיח Power All In One,פיניש Finish,,טבליות פיניש אול אין וואן 80 יח,גרמים,1280.00,100 גרם,false,1,59.90,4.6797,true,1,499345
7290112001023,false,"אירוויק ספרי אוטמטי מילוי תענוגות האביב 250 מ""ל",איירוויק Air Wick,,אירוויק מילוי פרשמטיק פיור תענוגות האביב,מיליליטרים,250.00,"100 מ""ל",false,1,14.90,5.9600,true,1,502894
7290112001030,false,"אירוויק ספרי אוטמטי מילוי פריחת הדובדבן 250 מ""ל",איירוויק Air Wick,,אירוויק מילוי פרשמטיק פיור פריחת הדובדבן,Unknown,0.00,Unknown,false,1,14.90,0.0000,true,1,502895
7290112001122,false,טבליות למדיח אול אין ואן 52 יח',פיניש,,טבליות למדיח פיניש אול ין ואן 52 יח,Unknown,0.00,Unknown,false,1,37.90,0.0000,true,1,504899
7290112001436,false,"פיניש מנקה ומחדש בניחוח לימון 250 מ""ל",רקיט בנקיזר,PL,פיניש מנקה ומחדש בניחוח לימון,Unknown,0.00,Unknown,false,1,14.90,0.0000,true,1,513603
7290112002099,false,ג'ל כביסה מרוכז קולון 101 קלאסי,רקיט בנקיזר,IL,גל כביסה קולון כחול 2.5 ל,ליטרים,2.50,ליטר,false,1,24.90,9.9600,true,1,509159
7290112002112,false,ג'ל כביסה מרוכז קולון 101 בניחוח ורדים,רקיט בנקיזר,IL,גל כביסה קולון בניחוח ורדים ורוד 2.5 ל,ליטרים,2.50,ליטר,false,1,24.90,9.9600,true,1,509158
7290112002136,false,ג'ל כביסה מרוכז קולון 101 קלאסי,רקיט בנקיזר,IL,גל כביסה קולון כחול 4 ל,ליטרים,4.00,ליטר,false,1,35.90,8.9750,true,1,509658
7290112002150,false,ג'ל כביסה מרוכז קולון 101 בניחוח ורדים,קולון Colon,,קולון גל 4 ל בניחוח ורדים,ליטרים,4.00,ליטר,false,1,35.90,8.9750,true,1,513601
7290112002167,false,ג'ל כביסה מרוכז קולון 101 בניחוח פריחה מרענן,קולון Colon,,קולון גל 4 ל ירוק בניחוח מרנען,ליטרים,4.00,ליטר,false,1,35.90,8.9750,true,1,513602
7290112003140,false,"אירוויק ספרי אוטמטי מילוי מנגו מרענן 250 מ""ל",,,אירוויק מילוי פרשמטיק פיור בניחוח מנגו,Unknown,0.00,Unknown,false,12,14.90,0.0000,true,1,516765
7290112003188,false,קולון קפסולות ג'ל כביסה 60יח,רקיט בנקיזר,IT,קולון גל קפסולות 60 יח,Unknown,0.00,Unknown,false,1,49.90,0.0000,true,1,514436
7290112003959,false,וניש מסיר כתמים אבקה לכביסה צבעונית 470 גרם,רקיט בנקיזר,IT,אבקה להסרת כתמים וניש ורוד 470 גר,גרמים,470.00,100 גרם,false,12,14.80,3.1489,true,1,521380
7290112003966,false,וניש מסיר כתמים אבקה לכביסה לבנה 470 גרם,רקיט בנקיזר,IT,אבקה להסרת כתמים וניש לבן הלבנה 470 גר,גרמים,470.00,100 גרם,false,12,14.80,3.1489,true,1,521381
7290112004161,false,"ספריי אוטמטי מילוי בניחוח סנטורל 250 מ""ל אירוויק",,,אירוויק מילוי פרשמטיק פיור בניחוח עשבי,Unknown,0.00,Unknown,false,1,14.90,0.0000,true,1,524597
7290112004413,false,"אבקה מסיר כתמים לכביסה לבנה 750 מ""ל וניש",רקיט בנקיזר,PL,וניש אוקסי ספריי לבן להסרת כתמים 750 מל,מיליליטרים,750.00,"100 מ""ל",false,1,16.90,2.2533,true,1,524596
7290112004611,false,"וניש קליה ג'ל מרוכז לטיפול נקודתי בכתמים 200 מ""ל",רקיט בנקיזר,PT,גל מרוכז לטיפול בכתמים וניש 200 מל,מיליליטרים,200.00,"100 מ""ל",false,1,16.90,8.4500,true,1,523511
7290112004703,false,ג'ל וניש שקוף לכביסה צבעונית ועדינה 750מל',,,גל ורוד שקוף וניש 750 מל,מיליליטרים,750.00,"100 מ""ל",false,1,19.90,2.6533,true,1,527772
7290112004710,false,"ג'ל וניש שקוף לכביסה לבנה ועדינה 750 מ""ל",,,גל לבן שקוף וניש 750 מל,מיליליטרים,750.00,"100 מ""ל",false,1,19.90,2.6533,true,1,527773
7290112004963,false,"פיניש אולטימייט קפסולות לניקוי כלים במדיח, 25 יחידות",רקיט בנקיזר,PL,קפסולות פיניש אולטימיט 25 יח,Unknown,0.00,Unknown,false,1,39.90,0.0000,true,1,526739
7290112005052,false,וניש תוסף כביסה רב תכליתי לבגדים לבנים,קליה וניש Kalia Vanish,IT,אבקה לבן וניש גולד אריזת חיסכון 1.5 קג,קילוגרמים,1.50,"ק""ג",false,1,39.90,26.6000,true,1,527771
7290112005083,false,וניש תוסף כביסה רב תכליתי לכביסה צבעונית,קליה וניש Kalia Vanish,IT,אבקה ורוד וניש גולד אריזת חיסכון 1.5 קג,קילוגרמים,1.50,"ק""ג",false,1,39.90,26.6000,true,1,527770
7290112190635,false,מגבונים לחים ירוק 72,,,מגבונים לחים ירוק 72 יח,Unknown,0.00,Unknown,false,1,3.90,0.0000,true,1,523270
7290112330352,false,"יוגורט PRO בטעם וניל 0% , 20 גרם חלבון בגביע","שטראוס בריאות בע""מ",IL,יוגורט דנונה פרו וניל 0% 200 גר,גרמים,200.00,100 גרם,false,12,5.90,2.9500,true,1,506043
7290112330390,false,יוגורט PRO בטעם פירות יער 0% 20 גרם חלבון בגביע,"שטראוס בריאות בע""מ",IL,יוגורט דנונה פרו פירות יער0% 200 גר,גרמים,200.00,100 גרם,false,12,5.90,2.9500,true,1,506044
7290112330420,false,דנונה פרו לבן 2.9% שומן 150 ג',מיוצר עי קונדיטוריית,IL,יוגורט דנונה פרו לבן 2.9% 150 גר,גרמים,150.00,100 גרם,false,24,4.80,3.2000,true,1,504231
7290112332585,false,"פריכיות תפו""א, אורז בתיבול סלק ומלח חי 30 גר'","פרח תעשיו מזון בע""מ",IL,"פריכיות משולש תפו""א/אורז סלק ומלח ים 30",גרמים,30.00,100 גרם,false,24,5.90,19.6667,true,1,506425
7290112332691,false,עוגיות קרם אגוזים פסק זמן 200 ג' עלית,הגביע מוצרי ופלים בע,IL,עוגיות עלית קרם פסק זמן 200 גר,גרמים,200.00,100 גרם,false,14,10.90,5.4500,true,1,506780
7290112334305,false,סלט כרובית בטחינה אחלה 330 ג',STRAUSS-ISRAEL,IL,סלט כרובית בטחינה 330 גר,גרמים,330.00,100 גרם,false,6,14.90,4.5152,true,1,503382
7290112334749,false,קפה טורקי שקית 10% תוספת 200 ג' עלית,שטראוס קפה בי.וי,IL,קפה טורקי עלית שקית תוספת 10%,גרמים,220.00,100 גרם,false,24,14.90,6.7727,true,1,506557
7290112335050,false,כשלפ מרשמלו ווסטהיים 150 ג',"טחנת האבן תעשיות בע""",IL,"מרשמלו עלית בטעם וניל 150 גר כשל""פ",גרמים,150.00,100 גרם,false,1,5.90,3.9333,true,1,505050
7290112335487,false,פריכיות טעימות קצח ודגנים 135 ג' שטראוס,אנרג'י Energy - שטראוס,IL,הפריכיות הטעימות קצח ודגנים 135 גר,גרמים,135.00,100 גרם,false,12,11.90,8.8148,true,1,506033
7290112335494,false,הפריכיות הטעימות תפוחי אדמה בטעם פוטטוס,"פרח תעשיות מזון בע""מ",IL,הפריכיות הטעימות פוטטוס 135 גר,גרמים,135.00,100 גרם,false,12,11.90,8.8148,true,1,506032
7290112335500,false,"הפריכיות הטעימות חומוס, אורז, עדשים שחורות וקינואה",אנרג'י Energy - שטראוס,IL,הפריכיות הטעימות חלבון 135 גר,גרמים,135.00,100 גרם,false,12,11.90,8.8148,true,1,506035
7290112336613,false,עוגיות עד חצות סנדוויץ 135 ג' עלית,STRAUSS-ISRAEL,,עוגיות סנדוויץ עד חצות 135 גר,גרמים,135.00,100 גרם,false,24,11.90,8.8148,true,1,509763
7290112336637,false,סוכריות מאסט Must ללא סוכר יוגורט תות ואוכניות,MIESZKO S.A - MS. JO,PL,סוכריות מאסט יוגורט תות אוכמניות ללא סוכ,גרמים,80.00,100 גרם,false,12,6.90,8.6250,true,1,508028
7290112336644,false,סוכריות מאסט ללא סוכר לימון 80 ג' עלית,MIESZKO S.A - MS. JO,PL,סוכריות מאסט לימון ללא סוכר 80 גר,גרמים,80.00,100 גרם,false,12,6.90,8.6250,true,1,508029
7290112336651,false,סוכריות מאסט ללא סוכר ריבת חלב 80 ג' עלית,MIESZKO S.A - MS. JO,PL,סוכריות מאסט ריבת חלב ללא סוכר 80 גר,גרמים,80.00,100 גרם,false,12,6.90,8.6250,true,1,508032
7290112336712,false,יוגורט PRO לבן 0% 21 גרם חלבון בגביע,"שטראוס בריאות בע""מ",IL,יוגורט דנונה פרו 21 0% 200 גר,גרמים,200.00,100 גרם,false,1,5.90,2.9500,true,1,504805
7290112337474,false,סוכריות מאסט ללא סוכר פטל לימון 80 ג' עלית,MIESZKO S.A - MS. JO,PL,סוכריות מאסט פטל לימון ללא סוכר 80 גר,גרמים,80.00,100 גרם,false,12,6.90,8.6250,true,1,508030
7290112337481,false,סוכריות מאסט ללא סוכר קפצ''ינו 80 ג' עלית,MIESZKO S.A - MS. JO,PL,סוכריות מאסט קפוצינו ללא סוכר 80 גר,גרמים,80.00,100 גרם,false,12,6.90,8.6250,true,1,508031
7290112338877,false,מעדן גבינה בטעם תות 3% 125ג' סקי,"שטראוס בריאות בע""מ",IL,מעדן גבינה סקי תות 125 גר,גרמים,125.00,100 גרם,false,24,3.70,2.9600,true,1,503379
7290112339171,false,מעדן מילקי מוס שוקול,מיוצר עי קונדיטוריית,IL,מעדן מילקי מוס שוקולד וקצפת 81 גר,גרמים,81.00,100 גרם,false,24,3.40,4.1975,true,1,503383
7290112339362,false,דנונה לייט אנד פריי בטעם קפוצינו 150 גר',דנונה - שטראוס,IL,יוגורט דנונה לייט אנד פריי בטעם קפוצינו,גרמים,150.00,100 גרם,false,24,4.90,3.2667,true,1,508972
7290112339867,false,גמדים לדרך גבינה לבנה עם מחית תות,שטראוס,IL,גבינה לבנה גמדים סקוויז תות לדרך 100 גר,גרמים,100.00,100 גרם,false,1,5.90,5.9000,true,1,504275
7290112339874,false,גמדים לדרך גבינה לבנה עם מחיות תות ובננה,שטראוס,IL,גבינה לבנה גמדים סקוויז תות בננה לדרך,גרמים,100.00,100 גרם,false,1,5.90,5.9000,true,1,504276
7290112340122,false,הפריכיות הטעימות 3 דגנים 135 גרם.,אנרג'י Energy - שטראוס,IL,הפריכיות הטעימות 3 דגנים 135 גר,גרמים,135.00,100 גרם,false,12,11.90,8.8148,true,1,506034
7290112340245,false,צנצנת מסטיק מאסט בטעם דובדבן 66 ג' עלית,"שטראוס גרופ בע""מ",IL,מסטיק מאסט דובדבן בצנצנת 66 גר,גרמים,66.00,100 גרם,false,12,9.90,15.0000,true,1,505379
7290112340252,false,צנצנת מסטיק מאסט בטעם אבטיח מלון 66 ג' עלית,"שטראוס גרופ בע""מ",IL,מסטיק מאסט אבטיח מלון 66 גר,גרמים,66.00,100 גרם,false,12,9.90,15.0000,true,1,505378
7290112340276,false,עוגיות קרם קפה נמס 200 ג' עלית,הגביע מוצרי ופלים בע,IL,עוגיות עלית קרם קפה 200 גר,גרמים,200.00,100 גרם,false,14,10.90,5.4500,true,1,506781
7290112341556,false,אקטיביה עם צ'יה ותות 150 ג' דנונה,דנונה - שטראוס,IL,יוגורט אקטיביה עם ציה ותות 150 גר,גרמים,150.00,100 גרם,false,24,4.60,3.0667,true,1,508001
7290112341679,false,אקטיביה 3% שומן 200 ג' דנונה,מיוצר עי קונדיטוריית,IL,יוגורט אקטיביה 3% 200 גר,גרמים,200.00,100 גרם,false,24,3.90,1.9500,true,1,508003
7290112341686,false,מארז שמיניה אקטיביה 3% 150 ג',מיוצר עי קונדיטוריית,IL,מארז אקטיביה 3% 150 גר שמינייה,גרמים,1200.00,100 גרם,false,3,20.90,1.7417,true,1,507997
7290112342102,false,סימפוניה גבינה במרקם שמנת בצל מקורמל 5%,"שטראוס בריאות בע""מ",IL,גבינת שמנת סימפוניה בצל מקורמל 5% 200 ג,גרמים,200.00,100 גרם,false,12,10.90,5.4500,true,1,510315
7290112342270,false,קפה פלטינום אינטנס מחוזק ב- 10% אספרסו,שטראוס קפה בי.וי,IL,קפה אינטנס 10% אספרסו 125 גר,גרמים,125.00,100 גרם,false,1,19.90,15.9200,true,1,508246
7290112342515,false,דוריטוס צ'יזי טוויסט 55 גר',STRAUSS-ISRAEL,,דוריטוס קול ראנצ 55 גר,גרמים,55.00,100 גרם,false,48,3.20,5.8182,true,1,509803
7290112343260,false,"יטבתה רוטב שמנת קלאסי 9% שומן 260 מ""ל",STRAUSS-ISRAEL,IL,רוטב שמנת קלאסי יטבתה 260 גר,גרמים,260.00,100 גרם,false,18,10.90,4.1923,true,1,509730
7290112343420,false,"משקה חלב עם דגנים מלאים ובננה פרו יטבתה 350מ""ל",מחלבת יטבתה,IL,"משקה חלב יטבתה פרו ארוחת בוקר 350 מ""ל",מיליליטרים,350.00,"100 מ""ל",false,6,7.90,2.2571,true,1,509725
7290112343499,false,חטיף צ'יטוס פאפס אפוי בטעם גבינה,"שטראוס פריטו ליי בע""",IL,ציטוס פאפס בטעם גבינה 55 גר,גרמים,55.00,100 גרם,false,48,3.40,6.1818,true,1,520246
7290112343512,false,חטיף ציטוס פאפס בטעם,"שטראוס פריטו ליי בע""",IL,חטיף ציטוס פאפס בטעם גבינה 160 גר,גרמים,160.00,100 גרם,false,9,6.90,4.3125,true,1,520247
7290112344564,false,רביולי גבינה קלאסי שטראוס 400 ג',מיוצר עי קונדיטוריית,IL,רביולי גבינה קידס 400 גר,גרמים,400.00,100 גרם,false,6,19.90,4.9750,true,1,508011
7290112344724,false,מעדן בטעם שוקולד בלונדי 170 ג' מילקי,מיוצר עי קונדיטוריית,IL,מעדן מילקי בטעם שוקולד בלונדי 170 גר,גרמים,170.00,100 גרם,false,24,3.40,2.0000,true,1,509733
7290112344755,false,מילקי שוקולד 26% פחות סוכר 135 גרם,מיוצר עי קונדיטוריית,IL,מילקי 26% פחות סוכר 135 גר,גרמים,135.00,100 גרם,false,24,2.90,2.1481,true,1,516277
7290112344786,false,קפה פלטינום קלאסיק 200 ג' עלית,שטראוס קפה בי.וי.,IL,קפה פלטינום קלאסיק 200 גר,גרמים,200.00,100 גרם,false,6,24.90,12.4500,true,1,510638
7290112344953,false,סימפוניה חציל קלוי גבינה במקרם שמנת 5%,"שטראוס בריאות בע""מ",IL,גבינת שמנת סימפוניה חציל קלוי 200 גר,גרמים,200.00,100 גרם,false,12,10.90,5.4500,true,1,515523
7290112345219,false,מארז קפה ברזילאי 25 סטיקים פלטינום 50 ג',עלית,,מארז קפה נמס עלית פלטינום 50 גר 25 יח,גרמים,50.00,100 גרם,false,24,10.90,21.8000,true,1,509773
7290112346360,false,בפלות אחת אחת ופל בטעם שוקולד מצופה שוקולד,הגביע מוצרי וופלים ב,GR,בפלות אחת אחת בציפוי שוקולד 240 גר,גרמים,180.00,100 גרם,false,10,13.90,7.7222,true,1,523766
7290112346537,false,עוגיות פינוקיות בטעם טורטית 200 ג' עלית,הגביע מוצרי ופלים בע,IL,פינוקיות עוגיות עלית בטעם טורטית 200 גר,גרמים,200.00,100 גרם,false,14,10.90,5.4500,true,1,509761
7290112346629,false,דנונה בר יוגורט+קורנפלקס מצופה שוקולד חלב ולבן 172 גרם,דנונה - שטראוס,IL,יוגורט עם קורנפלקס מצופה שוקולד חלב ולבן,גרמים,172.00,100 גרם,false,24,4.50,2.6163,true,1,512571
7290112346773,false,יוגורט בטעם וניל 0% לייט אנד פרי 10 גרם חלבון בגביע,מיוצר עי קונדיטוריית,IL,יוגורט דנונה לייט אנד פריי וניל עם חלבון,גרמים,150.00,100 גרם,false,24,4.90,3.2667,true,1,516596
7290112346797,false,יוגורט אקטיביה עם שיבולת שועל ושזיף 2.5%,מיוצר עי קונדיטוריית,IL,יוגורט אקטיביה שיבולת שועל ושזיף 150 גר,גרמים,150.00,100 גרם,false,24,4.60,3.0667,true,1,511417
7290112346827,false,"אקטימל ויטמין C פטל 8*100 מ""ל",קריות זול,IL,אקטימל ויטמין סי פטל שמינייה,גרמים,864.00,100 גרם,false,1,20.90,2.4190,true,1,515534
7290112347008,false,גמדים לדרך גבינה לבנה עם מחית תות ושיבולת שועל,מיוצר עי קונדיטוריית,IL,גמדים ארוחת בוקר תות סקוויז 100 גר,גרמים,100.00,100 גרם,false,7,5.90,5.9000,true,1,509721
7290112347473,false,דנונה לייט אנד פריי תות ואפרסק מאגדת 8 יח' * 150 ג',מיוצר עי קונדיטוריית,IL,יוגורט דנונה לייט אנד פריי תות אפרסק 8,גרמים,1200.00,100 גרם,false,3,26.90,2.2417,true,1,508973
7290112348142,false,שעועית לבנה 380 גר' בקופסה טעם הטבע,שטראוס טעם הטבע,,שעועית לבנה 380 גר,גרמים,380.00,100 גרם,false,1,6.90,1.8158,true,1,512068
7290112348616,false,עלית - קפה נמס אגוזי לוז 100 גרם,עלית,,קפה נמס אגוזי לוז 100 גר,גרמים,100.00,100 גרם,false,8,15.90,15.9000,true,1,514081
7290112348999,false,פריכיות טעימות תירס דקות 135 גר',Unknown,IL,הפריכיות הטעימות תירס דקות 135 גר,גרמים,135.00,100 גרם,false,18,11.90,8.8148,true,1,516287
7290112349316,false,מסטיק בזוקה פופים ממולא בטעם תות ללא סוכר,רוג'ר אנד רוג'ר,DE,מסטיק בזוקה ביג פופים בטעם תות 86 גר,גרמים,86.00,100 גרם,false,12,14.90,17.3256,true,1,511428
7290112349606,false,מעדן גבינה ויוגורט תות בננה 88 ג' דניאלה,"שטראוס בריאות בע""מ",IL,מעדן גבינה דניאלה תות בננה 88 גר,גרמים,88.00,100 גרם,false,24,4.10,4.6591,true,1,522696
7290112349705,false,פומודורו רוטב עגבניות קלאסי לפסטה 350 גר' יד מרדכי,אמיליאנה קונסרב סוסי,IT,רוטב עגבניות פומודורו לפסטה יד מרדכי,גרמים,350.00,100 גרם,false,1,10.90,3.1143,true,1,510651
7290112349736,false,בזיליקום רוטב עגבניות לפסטה 350 גר' יד מרדכי,אמיליאנה קונסרב סוסי,IT,רוטב עגבניות לפסטה בזיליקום יד מרדכי,גרמים,350.00,100 גרם,false,1,10.90,3.1143,true,1,510650
7290112349750,false,פיצה רוטב עגבניות לפיצה 350 גר' יד מרדכי,אימילאנה,IT,רוטב עגבניות לפיצה יד מרדכי 350 גר,גרמים,350.00,100 גרם,false,1,10.90,3.1143,true,1,510648
7290112349897,false,מסטיק מאסט Must קוביות בטעם מנטה ללא סוכר,רוג'ר אנד רוג'ר,DE,מסטיק מאסט קוביות מנטה 86 גר,גרמים,86.00,100 גרם,false,12,14.90,17.3256,true,1,511429
7290112350275,false,קפסולות LUNGO למכונות נספרסו 55 גר',שטראוס קפה בי.וי,IL,קפסולות קפה עלית לונגו 55 גר,גרמים,55.00,100 גרם,false,12,15.90,28.9091,true,1,510637
7290112350312,false,קפסולות 15 קפה יותר למכונות נספרסו עלית 10יח',הנסיך- מפעל לייצור ט,IL,קפסולות קפה עלית חזק במיוחד 50 גר,גרמים,50.00,100 גרם,false,1,15.90,31.8000,true,1,512569
7290112351067,false,סילאן טבעי 100% תמר מג'הול ללא תוספת סוכר,יד מרדכי,,סילאן יד מרדכי טבעי לחיץ 630 גר,גרמים,630.00,100 גרם,false,9,25.90,4.1111,true,1,511410
7290112351104,false,שוקולד פרה ממולא פיצפוצי אורז 100 ג' עלית,STRAUSS-ISRAEL,IL,שוקולד פרה פיצפוצי אורז 100 גר,גרמים,100.00,100 גרם,false,12,5.50,5.5000,true,1,511895
7290112351128,false,שוקולד פרה סוכריות קופצות 100 ג' עלית,"שטראוס גרופ בע""מ",IL,שוקולד פרה סוכריות קופצות 100 גר,גרמים,100.00,100 גרם,false,12,5.50,5.5000,true,1,513476
7290112351463,false,שלישיית סוכריות מאסט FRESH פטל לימון 45 ג' עלית,עלית,,שלישייה סוכריות בטעם פטל ולימון 45 גר,גרמים,45.00,100 גרם,false,8,9.90,22.0000,true,1,512628
7290112351470,false,סוכריות ללא סוכר בטעם תות רימון מאסט פרש,עלית,,שלישייה סוכריות בטעם רימון תות 45 גר,גרמים,45.00,100 גרם,false,8,9.90,22.0000,true,1,512629
7290112353887,false,"משקה קפה קר בטעם אגוזים יטבתה 230 מ""ל",האי נאם סי או אל.טי.,AT,משקה אייס קפה יטבתה בטעם אגוזים 230 מל,מיליליטרים,230.00,"100 מ""ל",false,1,7.90,3.4348,true,1,513226
7290112354211,false,פיצה מרגריטה 300 ג' דלישס,סקרלינפיצה אס. אר. א,IT,פיצה מרגריטה קפוא דלישס 400 גר,גרמים,400.00,100 גרם,false,1,25.90,6.4750,true,1,520612
7290112354228,false,פיצה מרגריטה עם זיתים,שטראוס דלישס,,פיצה זיתים קפוא דלישס 400 גר,גרמים,400.00,100 גרם,false,1,25.90,6.4750,true,1,520615
7290112354945,false,חטיף תפוצ'יפס WAVY בטעם טבעי,שטראוס פריטו ליי בע”,IL,חטיף תפוציפס טבעי 50 גר,גרמים,50.00,100 גרם,false,1,3.90,7.8000,true,1,527412
7290112354952,false,"תפוציפס WAVY בטעם פפריקה , 50 גרם",שטראוס פריטו ליי בע”,IL,חטיף תפוציפס בטעם פפריקה 50 גר,גרמים,50.00,100 גרם,false,1,3.90,7.8000,true,1,527413
7290112355027,false,יוגורט פרו בטעם קרמל מלוח 200 ג' דנונה,"שטראוס בריאות בע""מ",IL,יוגורט דנונה פרו קרמל מלוח 200 גר,גרמים,200.00,100 גרם,false,12,5.90,2.9500,true,1,516275
7290112355102,false,גמדים פאוץ סלט פירות 100 ג' שטראוס,"שטראוס בריאות בע""מ",IL,גמדים פאוץ סלט פירות 100 גר,גרמים,100.00,100 גרם,false,7,5.90,5.9000,true,1,516549
7290112355393,false,"יטבתה רוטב שמנת+בטטה 9% שומן 250 מ""ל",מחלבת יטבתה,IL,רוטב שמנת יטבתה עם בטטה 260 גר,גרמים,260.00,100 גרם,false,18,10.90,4.1923,true,1,526854
7290112355812,false,מעדן מילקי עם טופ קורנפלקס מצופה שוקולד,"שטראוס גרופ בע""מ",IL,מעדן מילקי טופ קורנפלקס מעורב 157 גר,גרמים,157.00,100 גרם,false,24,4.70,2.9936,true,1,519616
7290112355867,false,מילקי קצפת טופ פיצפוץ 86 גרם,"שטראוס גרופ בע""מ",IL,מעדן מילקי קצפת טופ פיצפוץ 86 גר,גרמים,86.00,100 גרם,false,20,3.90,4.5349,true,1,521291
7290112356536,false,אבקת קקאו עלית 150+10% גר',הנסיך- מפעל לייצור ט,IL,קקאו עלית 150 גר+10%,גרמים,165.00,100 גרם,false,1,9.90,6.0000,true,1,513765
7290112357045,false,עגבניות איטלקיות מרוסקות 390 גר' בקופסה טעם הטבע,שטראוס טעם הטבע,IT,עגבניות איטלקיות מרוסקות 390 גר,גרמים,390.00,100 גרם,false,1,6.90,1.7692,true,1,512073
7290112357069,false,מחית עגבניות איטלקיות בקופסה 500 גר' טעם הטבע,שטראוס טעם הטבע,IT,מחית עגבניות איטלקיות 390 גר,גרמים,390.00,100 גרם,false,1,6.90,1.7692,true,1,512074
7290112357076,false,קוביות עגבניות איטלקיות 390 גר' בקופסה טעם הטבע,שטראוס טעם הטבע,,קוביות עגבניות איטלקיות 390 גר,גרמים,390.00,100 גרם,false,16,6.90,1.7692,true,1,513848
7290112357083,false,אפונת גינה טעם הטבע 380 גר' בקופסה,שטראוס טעם הטבע,,אפונה גינה 380 גר,גרמים,380.00,100 גרם,false,1,6.90,1.8158,true,1,512071
7290112357106,false,שעועית אדומה 380 גר' בקופסה טעם הטבע,שטראוס טעם הטבע,,שעועית אדומה 380 גר,גרמים,380.00,100 גרם,false,1,6.90,1.8158,true,1,512069
7290112357113,false,גרגרי חומוס בקופסה 380 גר' טעם הטבע,שטראוס טעם הטבע,IT,גרגרי חומוס 380 גר,גרמים,380.00,100 גרם,false,1,6.90,1.8158,true,1,512070
7290112357892,false,סוכריות ללא סוכר בטעם מנטה מאסט פרש,עלית,,שלישייה סוכריות מנטה 45 גר,גרמים,45.00,100 גרם,false,8,9.90,22.0000,true,1,512627
7290112358004,false,חטיף שוקולד פסק זמן,שולן צ'יקולטה גידה ס,TR,פסק זמן קראנץ 32 גר,גרמים,32.00,100 גרם,false,1,4.90,15.3125,true,1,515530
7290112358127,false,דנונה פרו חלבון+מגנזיום- וניל ועוגיות 200 גרם,מיוצר עי קונדיטוריית,IL,יוגורט דנונה פרו 20 גר עם מגנזיום 200 גר,גרמים,200.00,100 גרם,false,1,5.90,2.9500,true,1,515525
7290112358219,false,יד מרדכי רוטב צ'ילי מתוק 300 גרם,אף.סי תבליני בגליל ב,IL,רוטב יד מרדכי צילי מתוק 300 גר,גרמים,300.00,100 גרם,false,1,13.90,4.6333,true,1,513216
7290112358233,false,יד מרדכי רוטב צילי חריף 300גרם,יד מרדכי,,רוטב יד מרדכי צילי חריף 300 גר,גרמים,300.00,100 גרם,false,1,13.90,4.6333,true,1,513484
7290112358240,false,יד מרדכי רוטב גריל 300 גרם,יד מרדכי,,רוטב יד מרדכי גריל 300 גר,גרמים,300.00,100 גרם,false,9,13.90,4.6333,true,1,511893
7290112358257,false,רוטב לעוף עם שזיפים יד מרדכי 300 גר',יד מרדכי,,רוטב יד מרדכי עוף עם שזיפים 300 גר,גרמים,300.00,100 גרם,false,9,13.90,4.6333,true,1,511892
7290112358431,false,עד חצות דאבל ביסקוויט עם שוקולד חלב -8 אריזות אישיות,הדקלאים אגודת שיתופי,FR,ביסקויט עד חצות דאבל 200 גר,גרמים,200.00,100 גרם,false,10,11.90,5.9500,true,1,517819
7290112358554,false,"קפה נמס עלית לדרך, 50 גרם 10 יח'",שטראוס רומניה,RO,מארז קפה נמס עלית לדרך 50 גר,גרמים,50.00,100 גרם,false,12,10.90,21.8000,true,1,513968
7290112359353,false,קפה טורקי קלוי וטחון אלדין,STRAUSS-ISRAEL,IL,קפה טורקי אלדין 200 גר,גרמים,200.00,100 גרם,false,24,17.90,8.9500,true,1,525703
7290112490032,false,"נמס בכוס תירס קנור בד""ץ, זוגי 22.5X2 גרם,",יוניליוור,IL,נמס בכוס תירס,גרמים,45.00,100 גרם,false,72,6.90,15.3333,true,1,500878
7290112490209,false,נמס בכוס מרק עגבניות עם קרוטונים רכיבים טבעיים,יוניליוור,,נמס בכוס עגבניות 56 גר,גרמים,56.00,100 גרם,false,1,6.90,12.3214,true,1,499472
7290112490216,false,נמס בכוס מרק עוף עם קרוטונים רכיבים טבעיים,יוניליוור,,נמס בכוס בטעם עוף 48 גר,גרמים,48.00,100 גרם,false,1,6.90,14.3750,true,1,499474
7290112490230,false,נמס בכוס אפונה רכיבים טבעיים 50 ג' קנור,יוניליוור,,נמס בכוס אפונה 50 גר,גרמים,50.00,100 גרם,false,1,6.90,13.8000,true,1,499473
7290112490582,false,חרדל דיזון צרפתי 350 ג' הלמנס,הלמנס hellmann's,,חרדל דיזון הלמנס 350 גר,גרמים,350.00,100 גרם,false,1,12.90,3.6857,true,1,499873
7290112490599,false,חרדל צרפתי עם גרגרים שלמים 350ג',הלמנס hellmann's,,חרדל צרפתי עם גרגרים הלמנס 350 גר,גרמים,350.00,100 גרם,false,1,12.90,3.6857,true,1,499883
7290112490650,false,# 778 קונפיטורת תות כשלפ 340גר,קונפיטורות לה-ארדניי,BE,קונפיטורה 778 תות שדה 340 גר,גרמים,340.00,100 גרם,false,1,11.90,3.5000,true,1,499874
7290112490728,false,מרק עשיר ירקות עם בורגול רכיבים טבעיים 95 ג' קנור,יוניליוור ישראל מזון,IL,מרק עשיר ירקות בורגול רכיבים טבעי,גרמים,95.00,100 גרם,false,60,12.90,13.5789,true,1,500884
7290112490735,false,מרק עשיר עגבניות פסטה ר.טבעי קנור 105ג',יוניליוור,IL,מרק עשיר עגבניות פסטה רכיבים טבעי,גרמים,105.00,100 גרם,false,60,12.90,12.2857,true,1,500883
7290112490742,false,מרק עשיר פטריות עם גריסים רכיבים טבעיים 104 ג' קנור,יוניליוור,IL,מרק עשיר פטריות גריסים רכיבים טבע,גרמים,104.00,100 גרם,false,60,12.90,12.4038,true,1,500881
7290112490759,false,מרק עשיר עוף עם אטריות רכיבים טבעיים 74 ג' קנור,יוניליוור,IL,מרק עשיר עוף אטריות רכיבים טבעי,גרמים,74.00,100 גרם,false,60,12.90,17.4324,true,1,500882
7290112490827,false,"תרסיס למייבש כביסה בייבי 500 מ""ל בדין","זוהר דליה, קיבוץ דלי",IL,"תרסיס בדין למייבש בייבי 500 מ""ל",מיליליטרים,500.00,"100 מ""ל",false,12,16.90,3.3800,true,1,500889
7290112490896,false,"קנור רוטב צ'ילי חריף 370 מ""ל PAL",אתר חיפה 778,,רוטב צילי חריף קנור 370 גר,גרמים,370.00,100 גרם,false,12,10.90,2.9459,true,1,502891
7290112491558,false,שוקולד מריר פרווה מארז 100X6 גר',אתר צפת טבלאות ותעשי,IL,מאגדת שוקולד מריר ורד הגליל שישייה,גרמים,600.00,100 גרם,false,1,19.90,3.3167,true,1,504888
7290112491701,false,ברנפלקס בטעם וניל מעודן 20% חלבון Extra Protein,יוניליוור ישראל מזון,IL,דגני בוקר ברנפלקס אקסטרה פייבר חלבון 375,גרמים,375.00,100 גרם,false,1,21.90,5.8400,true,1,504967
7290112491770,false,בייגלה דקים דקים מלח ב.בייגל 300 גר',בייגל את בייגל מזון,IL,בייגל דקים דקים מלח 300 גר,גרמים,300.00,100 גרם,false,12,9.90,3.3000,true,1,503346
7290112491787,false,בייגלה דקים דקים שומשום ב.בייגל 300 גר',בייגל בייגל BB,IL,בייגל דקים דקים שומשום 300 גר,גרמים,300.00,100 גרם,false,12,9.90,3.3000,true,1,503344
7290112491794,false,בייגלה דקים דקים שמנת בצל 300 גר',בייגל בייגל BB,IL,בייגל דקים דקים שמנת בצל 300 גר,גרמים,300.00,100 גרם,false,12,9.90,3.3000,true,1,503403
7290112492449,false,"פינוק - שמפו לשיער רגיל 700 מ""ל",יוניליוור ישראל טיפו,IL,פינוק שמפו לשיער רגיל 700 מל,מיליליטרים,700.00,"100 מ""ל",false,12,10.90,1.5571,true,1,511795
7290112492456,false,"פינוק - פינוק לשיער יבש 700 מ""ל",יוניליוור ישראל טיפו,IL,פינוק שמפו לשיער יבש 700 מל,מיליליטרים,700.00,"100 מ""ל",false,12,10.90,1.5571,true,1,511796
7290112492463,false,"שמפו ומרכך לשיער רגיל 700 מ""ל פינוק",יוניליוור ישראל טיפו,IL,פונוק 2 ב-1 לשיער רגיל 700 מל,מיליליטרים,700.00,"100 מ""ל",false,12,10.90,1.5571,true,1,511797
7290112492487,false,"שמפו שמן מרוקאי 700 מ""ל פינוק",יוניליוור ישראל טיפו,IL,שמפו פינוק שמן מרוקאי 700 מל,מיליליטרים,700.00,"100 מ""ל",false,12,10.90,1.5571,true,1,511798
7290112492500,false,"פינוק - שמפו שמן קוקוס 700 מ""ל","יוניליור ישראל, טיפו",IL,פינוק שמפו שמן קוקוס 700 מל,מיליליטרים,700.00,"100 מ""ל",false,12,10.90,1.5571,true,1,511799
7290112492531,false,"מרכך לשיער רגיל 700 מ""ל פינוק",יוניליוור,IL,"מרכך לשיער רגיל פינוק 700 מ""ל",מיליליטרים,700.00,"100 מ""ל",false,12,10.90,1.5571,true,1,509613
7290112492548,false,"פינוק - מרכך לשיער יבש 700 מ""ל",יוניליוור,IL,"מרכך פינוק לשיער יבש 700 מ""ל",מיליליטרים,700.00,"100 מ""ל",false,12,10.90,1.5571,true,1,509617
7290112492579,false,"פינוק - מרכך שמן קוקוס 700 מ""ל",יוניליוור,IL,"פינוק מרכך שמן קוקוס 700 מ""ל",מיליליטרים,700.00,"100 מ""ל",false,12,10.90,1.5571,true,1,509615
7290112492593,false,"פינוק - תחליב רחצה ניחוח פינוק 700 מ""ל",יוניליוור,IL,"תחליב רחצה פינוק קלאסי 700 מ""ל",מיליליטרים,700.00,"100 מ""ל",false,12,9.90,1.4143,true,1,509608
7290112492609,false,"פינוק - תחליב רחצה לבנדר וניל 700 מ""ל",יוניליוור,IL,"תחליב רחצה פינוק לבנדר ווניל 700 מ""ל",מיליליטרים,700.00,"100 מ""ל",false,12,9.90,1.4143,true,1,509610
7290112492630,false,"שמפו וג'ל רחצה וסבון פנים לגבר 700 מ""ל פינוק",יוניליוור,IL,"פינוק לגבר 3ב-1 700 מ""ל",מיליליטרים,700.00,"100 מ""ל",false,12,10.90,1.5571,true,1,509611
7290112492647,false,"פינוק לגבר 3 ב1 שמפו ג'ל רחצה וסבון פנים 700 מ""ל",יוניליוור,IL,"פינוק לגבר 3ב1 ספורט 700 מ""ל",מיליליטרים,700.00,"100 מ""ל",false,12,10.90,1.5571,true,1,509609
7290112492715,false,"פינוק שמפו ללא דמעות לסירוק קל לילדים 700 מ""ל",יוניליוור,IL,פינוק שמפו ללא דמעות לסירוק קל לילדים,מיליליטרים,700.00,"100 מ""ל",false,12,12.90,1.8429,true,1,512787
7290112492753,false,"פינוק לילדים אל סבון לרחצה 700 מ""ל",יוניליוור,IL,"פינוק אל סבון לילדים 700 מ""ל",מיליליטרים,700.00,"100 מ""ל",false,12,12.90,1.8429,true,1,512789
7290112492821,false,סיף מגבונים ניקוי כללי מאסק 50 יח',עלבד משואות יצחק בעמ,IL,סיף מגבוני ניקוי כללי מאסק 50 יח,Unknown,0.00,Unknown,false,18,8.90,0.0000,true,1,504626
7290112492982,false,"אבקת מרק פטריות כשל""פ 100% רכיבים טבעיים 400 גרם",יוניליוור ישראל מזון,IL,מרק קנור פטריות רכיבים טבעיים 400 גרם,גרמים,400.00,100 גרם,false,6,21.90,5.4750,true,1,509593
7290112492999,false,מרק בטעם עוף קנור 400 ג' צנצנת,יוניליוור ישראל מזון,IL,מרק קנור טעם עוף 400 גרם,גרמים,400.00,100 גרם,false,12,14.90,3.7250,true,1,509594
7290112493088,false,נמס בכוס עדשים מרק רכיבים טבעיים קנור 54 ג',יוניליוור,IL,מרק קנור נמס בכוס עדשים רכיבים טבעיים,גרמים,54.00,100 גרם,false,72,6.90,12.7778,true,1,506963
7290112493095,false,נמס בכוס מרק עגבניות חריף רכיבים טבעיים קנור 48 ג',יוניליוור,IL,מרק קנור נמס בכוס עגבניות חריף רכיבים ט,גרמים,54.00,100 גרם,false,72,6.90,12.7778,true,1,506964
7290112493293,false,קנור - נמס ירקות וקרוטונים ר.טבעי 44 גרם,יוניליוור,IL,קנור נמס בכוס ירקות רכיבים טבעיים,גרמים,44.00,100 גרם,false,72,6.90,15.6818,true,1,507032
7290112493316,false,מרק אפונה רכיבים טבעיים 117 ג' קנור,יוניליוור,IL,מרק היום אפונה 100% רכיבים טבעיים,גרמים,117.00,100 גרם,false,60,12.90,11.0256,true,1,506962
7290112493927,false,גלידה בטעם ריבת חלב 1.33ל' קרמיסימו,"גלידת שטראוס בע""מ, ר",IL,קרמיסימו ריבת חלב 1.33 ליטר,ליטרים,1.33,ליטר,false,6,18.90,14.2105,true,1,509622
7290112493934,false,גלידה וניל צרפתי 1.33ל' קרמיסימו,"גלידת שטראוס בע""מ, ר",IL,קרמיסימו וניל 1.33 ליטר,ליטרים,1.33,ליטר,false,6,18.90,14.2105,true,1,509619
7290112493965,false,גלידה מסטיגם 1.33ל'קרמיסימו,"גלידת שטראוס בע""מ, ר",IL,קרמיסימו מסטיגם 1.33 ליטר,ליטרים,1.33,ליטר,false,6,18.90,14.2105,true,1,509621
7290112494016,false,מיונז מופחת שומן תלמה 500 גר',יוניליוור,IL,מיונז תלמה מופחת שומן 500 גר,גרמים,500.00,100 גרם,false,1,11.90,2.3800,true,1,506242
7290112494153,false,תיבולית בטעם צלי קנור 72 ג',יוניליוור ישראל מזון,IL,תיבולית צלי קנור 72 גרם,גרמים,72.00,100 גרם,false,144,7.90,10.9722,true,1,509569
7290112494221,false,קליק - ביסקויט תפזורת 65 גרם,יוניליוור ישראל מזון,IL,קליק ביסקויט 65 גר,גרמים,65.00,100 גרם,false,1,5.90,9.0769,true,1,508384
7290112494238,false,קליק - כדורים חלב תפזורת 65 גרם,יוניליוור ישראל מזון,IL,קליק כדורים 65 גר,גרמים,65.00,100 גרם,false,1,5.90,9.0769,true,1,508380
7290112494276,false,קליק - כריות תפזורת 65 גרם,יוניליוור ישראל מזון,IL,קליק כריות 65 גר,גרמים,65.00,100 גרם,false,1,5.90,9.0769,true,1,508382
7290112494283,false,קליק - מעורב חום לבן תפזורת 65 גרם,יוניליוור ישראל מזון,IL,קליק חום לבן 65 גר,גרמים,65.00,100 גרם,false,1,5.90,9.0769,true,1,508381
7290112494313,false,קליק - קורנפלקס תפזורת 65 גרם,יוניליוור ישראל מזון,IL,קליק קורנפלקס 65 גר,גרמים,65.00,100 גרם,false,1,5.90,9.0769,true,1,508383
7290112494344,false,קורנפלקס כספי אלופים תלמה850 גר',יוניליוור שפע ישראל,IL,קורנפלקס של אלופים 850 גר,גרמים,850.00,100 גרם,false,8,18.90,2.2235,true,1,510933
7290112494351,false,תלמה קורנפלקס של אלופים 850 ג',יוניליוור שפע ישראל,IL,קורנפלקס של אלופים 850 גר,גרמים,850.00,100 גרם,false,8,18.90,2.2235,true,1,510932
7290112494382,false,פירה בטעם ביתי - מוכן ברגע,יוניליוור ישראל מזון,IL,פירה בטעם ביתי 260 גרם,גרמים,260.00,100 גרם,false,24,11.90,4.5769,true,1,509563
7290112494610,false,קנור רוטב פיקנטי לדג 415 ג',קונסורזיו קאסאלאסקו,IT,רוטב פיקנטי לדג 415 גרם,גרמים,415.00,100 גרם,false,6,12.90,3.1084,true,1,509564
7290112494795,false,"ג'ל לכביסה לבנה וצבעונית בניחוח בדין כחול 2.5 ק""ג","זוהר דליה, קיבוץ דלי",IL,גל כביסה בדין כחול 2.5 ליטר,ליטרים,2.50,ליטר,false,1,29.90,11.9600,true,1,509059
7290112494801,false,ג'ל לכביסה לבנה וצבעונית ורוד 2.5 ל' בדין,זוהר דליה,IL,גל כביסה בדין ורוד 2.5 ליטר,ליטרים,2.50,ליטר,false,1,29.90,11.9600,true,1,509060
7290112494825,false,תרחיץ פנים לעור רגיש מכיל 25% קרם לחות,דאב Dove,IL,תרחיץ פנים דאב לעור רגיש 180 מל,מיליליטרים,180.00,"100 מ""ל",false,12,13.90,7.7222,true,1,515162
7290112494832,false,"דאב - תרחיץ פנים לעור רגיל 180 מ""ל",דאב,IL,תרחיץ פנים דאב רגיל 180 מל,מיליליטרים,180.00,"100 מ""ל",false,12,13.90,7.7222,true,1,515163
7290112495006,false,כריות - כריות נוגט 686 גרם,יוניליוור שפע ישראל,IL,כריות נוגט 686 גר,גרמים,686.00,100 גרם,false,1,24.90,3.6297,true,1,508367
7290112495020,false,כריות צוקולדה תלמה 686 גר'.,יוניליוור שפע ישראל,IL,כריות צוקולדה 686 גר,גרמים,686.00,100 גרם,false,1,24.90,3.6297,true,1,508368
7290112495037,false,דגני בוקר בטעם שוקולד כדורים 375 ג' קוקומן,יוניליוור שפע ישראל,IL,קוקומן כדורים 375 גר,גרמים,375.00,100 גרם,false,1,18.90,5.0400,true,1,508369
7290112495044,false,קוקומן פצפוצים בטעם שוקולד,יוניליור שפע ישראל ב,IL,קוקומן פיצפוצים 375 גר,גרמים,375.00,100 גרם,false,1,18.90,5.0400,true,1,508370
7290112495105,false,נשנושים חטיף בטעם שמנת בצל,בייגל את בייגל מזון,IL,נשנושים שמנת בצל 260 גר,גרמים,260.00,100 גרם,false,1,10.90,4.1923,true,1,508378
7290112495112,false,נשנושים זעתר ב.בייגל 260ג',בייגל את בייגל מזון,IL,נשנושים זעתר 260 גר,גרמים,260.00,100 גרם,false,1,10.90,4.1923,true,1,508379
7290112495150,false,נשנושי קרקר עיגולים מלוחים 300 גר',בייגל את בייגל מזון,IL,נשנושי קרקר עיגולים מלוחים 300 גר,גרמים,300.00,100 גרם,false,1,10.90,3.6333,true,1,508373
7290112495167,false,נשנושים משולש שומשום 300ג' ב.בייגל,בייגל את בייגל מזון,IL,נשנושי קרקר משולשי שומשום 300 גר,גרמים,300.00,100 גרם,false,1,10.90,3.6333,true,1,508375
7290112495174,false,נשנושים קוקטייל שומשום 300ג' ב.בייגל,בייגל את בייגל מזון,IL,נשנושי קרקר קוקטייל שומשום 300 גר,גרמים,300.00,100 גרם,false,1,10.90,3.6333,true,1,508376
7290112495228,false,"קורנפלקס דבש תלמה 448 ג' בד""צ",יוניליוור שפע ישראל,IL,קורנפלקס דבש 448 גר,גרמים,448.00,100 גרם,false,1,17.90,3.9955,true,1,508371
7290112495280,false,ריבועי ברנפלקס קינמון 400 ג',יוניליוור,IL,ריבועי ברנפלקס קינמון 400 גרם,גרמים,400.00,100 גרם,false,12,19.90,4.9750,true,1,510118
7290112495433,false,דגני דליפקאן תוספת אגוזי פקאן ושקדים 400 גר,יוניליור שפע ישראל ב,IL,דליפקאן 400 גר,גרמים,400.00,100 גרם,false,1,21.90,5.4750,true,1,507657
7290112495747,false,רוטב צ''ילי מתוק כ 70% פחות סוכר 340 ג' קנור,יוניליוור ישראל מזון,IL,"רוטב צ""ילי מופחת סוכר 340 גר",גרמים,340.00,100 גרם,false,12,10.90,3.2059,true,1,510111
7290112495754,false,רוטב לסלט אלף האיים הלמנס 305 גר',יוניליוור ישראל מזון,IL,רוטב הלמנס אלף האיים 305 גרם,גרמים,305.00,100 גרם,false,12,10.90,3.5738,true,1,510124
7290112495761,false,רוטב אלף האיים לייט חמץ הלמנס 305 ג',יוניליוור ישראל מזון,IL,רוטב הלמנס אלף האיים לייט 305 גרם,גרמים,305.00,100 גרם,false,12,10.90,3.5738,true,1,510123
7290112495785,false,רוטב לסלט שום הלמנס 300ג,יוניליוור ישראל מזון,IL,רוטב הלמנס שום 300 גרם,גרמים,300.00,100 גרם,false,12,10.90,3.6333,true,1,510121
7290112495792,false,רוטב שום לייט 300 ג' הלמנס,יוניליוור ישראל מזון,IL,רוטב הלמנס לסלט שום לייט 300 גרם,גרמים,300.00,100 גרם,false,12,10.90,3.6333,true,1,510120
7290112495808,false,"הלמנס רוטב חרדל ודבש 290 מ""ל",יוניליוור ישראל מזון,IL,רוטב הלמנס חרדל ודבש 305 גרם,גרמים,305.00,100 גרם,false,12,10.90,3.5738,true,1,510122
7290112495815,false,רוטב סלט חרדל דבש לייט הלמנס 305ג',יוניליוור ישראל מזון,IL,רוטב הלמנס חרדל ודבש לייט 305 גרם,גרמים,305.00,100 גרם,false,12,10.90,3.5738,true,1,510125
7290112495938,false,קרקר משפחתי 6 דגנים 250 ג',"מיוצר ע""י קוד יצרן A",IL,קרקר 6 דגנים בייגל בייגל 250 גרם,גרמים,250.00,100 גרם,false,12,7.90,3.1600,true,1,510113
7290112495976,false,פרכיות פתיתבציפוי שוקולד חלב 35 גר',גוד פוד פרודקטס Sp.z,PL,פתית פריכיות תירס מצופות שוקולד חלב 35 ג,גרמים,35.00,100 גרם,false,30,4.90,14.0000,true,1,512042
7290112495983,false,פרכיות פתיתבציפוי שוקולד חלב ושבבי קרמל מלוח 39 גר',גוד פוד פרודקטס Sp.z,PL,פתית פריכיות תירס שוקולד וקרמל 39 גרם,גרמים,39.00,100 גרם,false,30,4.90,12.5641,true,1,512041
7290112496027,false,"סירופ שוקולד 580 מ""ל אפיכל",יוניליוור ישראל מזון,IL,סירופ שוקולד 580 גרם,גרמים,580.00,100 גרם,false,12,11.90,2.0517,true,1,510137
7290112496034,false,סירופ מייפל אפיכל 580 גרם,יוניליוור ישראל מזון,IL,סירופ מייפל 580 גרם,גרמים,580.00,100 גרם,false,12,11.90,2.0517,true,1,510136
7290112496218,false,קנור רוטב טריאקי הפחתה של מעל 50% סוכר ונתרן 310 ג',יוניליוור,IL,רוטב טריאקי הפחתה של מעל 50% סוכר ונתרן,גרמים,340.00,100 גרם,false,12,10.90,3.2059,true,1,511792
7290112496270,false,"פתית צ'יפס תפו""א עם עגבניות ועשבי תיבול 22 גר'",JLM גלובל פודס37 דרך,GB,"פתית ציפס תפו""א 22 גר",גרמים,22.00,100 גרם,false,1,3.90,17.7273,true,1,513804
7290112496287,false,פתית - צ'יפס בטטה בטעם טבעי 21 גרם,JLM גלובל פודס37 דרך,GB,"פתית ציפס תפו""א 22 גר",גרמים,22.00,100 גרם,false,1,3.90,17.7273,true,1,513805
7290112496294,false,חטיף פתית צ'יפס עם אפונה ירוקה צהובה וצ'ילי,JLM גלובל פודס37 דרך,GB,"פתית ציפס תפו""א 22 גר",גרמים,22.00,100 גרם,false,1,3.90,17.7273,true,1,513806
7290112496430,false,קנור נמס בכוס אקסטרה עגבניות+אטריות 37 גרם - רבנות,יוניליוור ישראל מזון,IL,נמס בכוס אקסטרה עגבניות 37 גר,גרמים,37.00,100 גרם,false,1,4.30,11.6216,true,1,521338
7290112496447,false,נמס בכוס אקסטרה טעם עוף עם המון אטריות 27ג',יוניליוור ישראל מזון,IL,נמס בכוס אקסטרה טעם עוף 27 גר,גרמים,27.00,100 גרם,false,1,4.30,15.9259,true,1,521339
7290112496461,false,נמס בכוס אקסטרה מרק ירקות עם המון אטריות,יוניליוור ישראל מזון,IL,נמס בכוס אקסטרה ירקות 32 גרם,גרמים,32.00,100 גרם,false,120,4.30,13.4375,true,1,517267
7290112497000,false,סיף - פנטסטיק ניקוי רב תכליתי 1 ליטר,"זוהר דליה, קיבוץ דלי",IL,פנטסטיק סיף ניקוי כללי בניחוח לימון 1 ל,ליטרים,1.00,ליטר,false,12,11.90,11.9000,true,1,511803
7290112497031,false,רוטב עגבניות לקציצות קנור 415 ג',יוניליוור,IT,רוטב עגבניות לקציצות 415 גרם,גרמים,415.00,100 גרם,false,6,12.90,3.1084,true,1,518534
7290112497123,false,תערובת להכנת מעדן בטעם סחלב,יוניליוור ישראל מזון,IL,סחלב קנור 112 גר,גרמים,112.00,100 גרם,false,12,12.90,11.5179,true,1,515978
7290112497710,false,"פינוק - שמפו אל דמע בייבי 700 מ""ל",יוניליוור,IL,שמפו פינוק אל דנע תינוק 700 מל,מיליליטרים,700.00,"100 מ""ל",false,1,16.90,2.4143,true,1,525946
7290112497994,false,גרנולה פרוטאין בתוספת חלבון ואגוזים תלמה 300 ג',יוניליוור,IL,גרנולה תלמה פרוטאין אגוזים 300 גרם,גרמים,300.00,100 גרם,false,10,15.90,5.3000,true,1,517951
7290112498007,false,גרנולה פרוטאין בתוספת חלבון שקדים וחמוציות תלמה 300 ג',יוניליוור,IL,גרנולה תלמה פרוטאין חמוציות שקדים 300 גר,גרמים,300.00,100 גרם,false,10,15.90,5.3000,true,1,517952
7290112498267,false,"אל סבון ידיים נוזלי קלאסי פינוק 950 מ""ל",קוסטר אירוסול ולף סנ,IL,סבון ידיים נוזלי קלאסי פינוק 950 מל,מיליליטרים,950.00,"100 מ""ל",false,1,11.90,1.2526,true,1,519003
7290112498274,false,"אל סבון לידיים לבנדר ווניל פינוק 950 מ""ל",יוניליוור ישראל טיפו,IL,סבון ידיים נוזלי לבנדר פינוק 950 מל,מיליליטרים,950.00,"100 מ""ל",false,1,11.90,1.2526,true,1,519004
7290112498281,false,"אל סבון לידיים בתוספת שמן קוקוס פינוק 950 מ""ל",יוניליוור ישראל טיפו,IL,סבון ידיים נוזלי קוקוס פינוק 950 מל,מיליליטרים,950.00,"100 מ""ל",false,1,11.90,1.2526,true,1,519005
7290112498298,false,"אל סבון ליידים בתוספת שמן מרוקאי פינוק 950 מ""ל",קוסטר אירוסול ולף סנ,TR,סבון ידיים נוזלי מרוקאי פינוק 950 מל,מיליליטרים,950.00,"100 מ""ל",false,1,11.90,1.2526,true,1,519006
7290112498441,false,רוטב אסייתי למוקפץ קנור 370 גרם,אתר חיפה 778,,רוטב קנור אסייתי למוקפץ 370 גרם,גרמים,370.00,100 גרם,false,12,10.90,2.9459,true,1,517954
7290112498526,false,פתית צ'יפס עם בטטה סגולה בטעם שמנת ובצל,JLM גלובל פודס37 דרך,GB,פתית ציפס בטטה סגולה שמנת בצל 22 גר,גרמים,22.00,100 גרם,false,1,3.90,17.7273,true,1,519280
7290112498748,false,מאגדת מיני סולרו ותות 350ג',"מיוצר ע""י גלידת שטרא",IL,מאגדת מיני סולרו תות 350 גר,גרמים,350.00,100 גרם,false,1,23.90,6.8286,true,1,516936
7290112498885,false,מאגדת גודי'ז תותים ושוקולד לבן 235ג',מנדלז סי.אר. פרודקשן,IL,מאגדת גודיז תותים ושוקולד לבן 240 גר,גרמים,240.00,100 גרם,false,8,23.90,9.9583,true,1,517392
7290112498915,false,מאגדת מיני מגנום שקדים מובחרים 250 ג',"מיוצר ע""י גלידת שטרא",IL,מאגדת מיני מגנום שקדים מובחרים 250 גר,גרמים,250.00,100 גרם,false,8,27.90,11.1600,true,1,518711
7290112498922,false,מאגדת מיני מגנום שוקולד לבן 250 ג',"מיוצר ע""י גלידת שטרא",IL,מאגדת מיני מגנום לבן 250 גר,גרמים,250.00,100 גרם,false,8,27.90,11.1600,true,1,518712
7290112499097,false,"מאגדת מיני מגנום מריר כשל""פ","מיוצר ע""י גלידת שטרא",IL,מאגדת מיני מגנום מריר 240 גר,גרמים,240.00,100 גרם,false,8,27.90,11.6250,true,1,522041
7290112499127,false,מגנום שוקולד לבן תות 77 ג' שטראוס,"מיוצר ע""י גלידת שטרא",IL,שלגון גלידה לבן ותות 77 גר,גרמים,77.00,100 גרם,false,30,9.90,12.8571,true,1,523120
7290112499189,false,"גלידת קרמיסימו חד קרן וניל תות, 1.33 ליטר","גלידת שטראוס בע""מ, ר",IL,קרמיסימו חד קרן 1.33 ל,ליטרים,1.33,ליטר,false,6,18.90,14.2105,true,1,526156
7290112499219,false,מאגדת מיני גודיז פיסטוק ושוקולד 235 ג' שטראוס,"גלידת שטראוס בע""מ, ר",IL,מאגדת גלידות גודיז פיסטוק שוקולד 235 גר,גרמים,235.00,100 גרם,false,8,23.90,10.1702,true,1,523832
7290112499226,false,קרמיסימו גלידונית מונדיאל,שטראוס גרופ גלידות,IL,נשנושים מונדיאל 630 גר,גרמים,630.00,100 גרם,false,1,44.90,7.1270,true,1,528384
7290112499448,false,"פינוק מרכך שיער שמן מרוקאי 700 מ""ל",יוניליוור ישראל טיפו,IL,מרכך לשיער שמן מרוקאי פינוק 700 מל,מיליליטרים,700.00,"100 מ""ל",false,12,10.90,1.5571,true,1,518543
7290112499455,false,"תחליב רחצה שמן מרוקאי פינוק 700 מ""ל",יוניליוור ישראל טיפו,IL,תחליב רחצה פינוק מרוקאי 700 מל,מיליליטרים,700.00,"100 מ""ל",false,12,9.90,1.4143,true,1,518537
7290112499462,false,תחליב רחצה פינוק בתוספת שמן קוקוס,יוניליוור ישראל טיפו,IL,תחליב רחצה פינוק שמן קוקוס 700 מל,מיליליטרים,700.00,"100 מ""ל",false,12,9.90,1.4143,true,1,518538
7290112499479,false,"פינוק - שמפו בתוספת קרטין 700 מ""ל",יוניליוור,,פינוק שמפו בתוספת קרטין 700 מל,מיליליטרים,700.00,"100 מ""ל",false,12,10.90,1.5571,true,1,516957
7290112499486,false,"פינוק - מרכך בתוספת קרטין 700 מ""ל",יוניליוור,IL,"מרכך פינוק בתוספת קרטין 700 מ""ל",מיליליטרים,700.00,"100 מ""ל",false,12,10.90,1.5571,true,1,516959
7290112499639,false,טילון סופר מגנום וניל צ'יפ ושוקולד 110 ג',"מיוצר ע""י גלידת שטרא",IL,טילון מגנום וניל ציה ושוקולד,Unknown,0.00,Unknown,false,20,9.90,0.0000,true,1,516887
7290112499677,false,מגנום לבן אימפלס פסח 120מל,"מיוצר ע""י גלידת שטרא",IL,גלידה מגנום שוקולד לבן,Unknown,0.00,Unknown,false,20,9.90,0.0000,true,1,516883
7290112499776,false,מאגדת גלידת גודיז שלגון אישי  240 ג',"גלידת שטראוס בע""מ, ר",IL,מאגדת גלידות 3 שוקולדים 350 גר,גרמים,350.00,100 גרם,false,8,23.90,6.8286,true,1,511464
7290112499837,false,מגנום דואט שוקולד עם נוגט 90 ג',"מיוצר ע""י גלידת שטרא",IL,גלידה מגנום דואט שוקולד נוגט,Unknown,0.00,Unknown,false,20,9.90,0.0000,true,1,516882
7290112499844,false,מאגדת מיני מגנום דואט שוקולד עם נוגט 5 יח' שטראוס,"מיוצר ע""י גלידת שטרא",IL,מיני מגנום דאבל חמישייה 310 גר,גרמים,310.00,100 גרם,false,8,27.90,9.0000,true,1,510110
7290112499943,false,מאגדת מיני מגנום קלאסיק שוקולד 5 יח' שטראוס,"מיוצר ע""י גלידת שטרא",IL,מיני מגנום שוקו וניל חמישייה 250 גר,גרמים,250.00,100 גרם,false,8,27.90,11.1600,true,1,510108
7290112499974,false,מאגדת מיני פסק זמן על מקל,"גלידת שטראוס בע""מ, ר",IL,מאגדת מיני פסק זמן 280 גרם,גרמים,280.00,100 גרם,false,8,27.90,9.9643,true,1,512047
7290112770004,true,צימיצורי 250 גר,,,צימיצורי 250 גרם,גרמים,250.00,100 גרם,false,1,10.90,4.3600,true,1,497280
7290112770011,true,סלט פלפלים קלויים 40,,,סלט פלפלים קלויים 400 גרם,גרמים,400.00,100 גרם,false,1,15.90,3.9750,true,1,497281
7290112770035,true,סלסה פלפלים 250 גר,,,סלסה פלפלים 250 גרם,גרמים,250.00,100 גרם,false,1,10.90,4.3600,true,1,497283
7290112770042,true,מוס סלמון מעושן 250,,,מוס סלמון מעושן 250 גרם,גרמים,250.00,100 גרם,false,1,19.90,7.9600,true,1,497284
7290112770059,true,מטבוחה 400 גר,,,מטבוחה 400 גרם,גרמים,400.00,100 גרם,false,1,12.90,3.2250,true,1,497285
7290112770066,true,פלפלים חריפים 250 גר,,,פלפלים חריפים 250 גרם,גרמים,250.00,100 גרם,false,1,12.90,5.1600,true,1,497286
7290112770073,true,חציל רומני 400 גר,,,חציל רומני 400 גרם,גרמים,400.00,100 גרם,false,1,14.90,3.7250,true,1,497287
7290112770080,true,חומוס ביתי 400 גר,,,חומוס ביתי 400 גרם,גרמים,400.00,100 גרם,false,1,12.90,3.2250,true,1,497288
7290112770103,true,סלט גזר אסייתי 400 ג,,,סלט גזר אסייתי 400 גרם,גרמים,400.00,100 גרם,false,1,12.90,3.2250,true,1,497290
7290112770110,true,חציל במיונז 400 גר,,,חציל במיונז 400 גרם,גרמים,400.00,100 גרם,false,1,14.90,3.7250,true,1,497291
7290112770127,true,חציל בטחינה 400 גר,,,חציל בטחינה 400 גרם,גרמים,400.00,100 גרם,false,1,14.90,3.7250,true,1,497292
7290112770141,true,סלט סלק ושורשים 400,,,סלט סלק ושורשים 400 גרם,גרמים,400.00,100 גרם,false,1,13.90,3.4750,true,1,497294
7290112770158,true,חמוצים סינים 400 גר,,,חמוצים סינים 400 גר,גרמים,400.00,100 גרם,false,1,12.90,3.2250,true,1,496448
7290112770257,true,פשטידת בטטה 600 גר,,,פשטידת בטטה 600 גר,גרמים,600.00,100 גרם,false,1,36.90,6.1500,true,1,498584
7290112770264,true,פשטידת פלפלים 600 גר,,,פשטידת פלפלים 600 גר,גרמים,600.00,100 גרם,false,1,36.90,6.1500,true,1,498586
7290112770271,true,פשטידת בצל 600 גר,,,פשטידת בצל 600 גר,גרמים,600.00,100 גרם,false,1,36.90,6.1500,true,1,498585
7290112770288,true,פשטידת ברוקולי 600 ג,,,פשטידת ברוקולי 600 גר,גרמים,600.00,100 גרם,false,1,36.90,6.1500,true,1,498587
7290112770325,true,פשטידת פטריות 600 גר,,,פשטידה פטריות 600 גר,גרמים,600.00,100 גרם,false,1,36.90,6.1500,true,1,498589
7290112770332,true,סלט כרוב אדום 400 גר,,,סלט כרוב אדום 400 גרם,גרמים,400.00,100 גרם,false,1,13.90,3.4750,true,1,499907
7290112770349,true,סלט קולסלאו 400 גר,,,סלט קולסלאו 400 גרם,גרמים,400.00,100 גרם,false,1,12.90,3.2250,true,1,499908
7290112770356,true,סלט טורקי 400 גר,,,סלט טורקי 400 גרם,גרמים,400.00,100 גרם,false,1,13.90,3.4750,true,1,499909
7290112770387,true,סלט אבוקדו וביצים 40,,,סלט אבוקדו וביצים 400 גרם,גרמים,400.00,100 גרם,false,1,19.90,4.9750,true,1,503529
7290112770400,true,פשטידת תרד 600 גר,,,פשטידת תרד 600 גר,גרמים,600.00,100 גרם,false,1,36.90,6.1500,true,1,503528
7290112770868,true,סלט תירס 400 גר,,,סלט תירס 400 גרם,גרמים,400.00,100 גרם,false,1,12.90,3.2250,true,1,510371
7290112770875,true,מרק בורשט 400 גר,,,מרק בורשט 400 גרם,גרמים,400.00,100 גרם,false,,19.90,4.9750,true,1,510735
7290112770882,true,מרק פטריות 400 גר,,,מרק פטריות 400 גר,גרמים,400.00,100 גרם,false,,15.00,3.7500,true,1,510734
7290112770899,true,מרק גולש 400 גר,,,מרק גולש 400 גרם,גרמים,400.00,100 גרם,false,,19.90,4.9750,true,1,510738
7290112770943,true,סלט משוויה 400 גרם,,,סלט משוויה 400 גרם,גרמים,400.00,100 גרם,false,1,14.90,3.7250,true,1,511409
7290112770981,false,סלסה ירוקה חריפה אש,,,סלסה ירוקה חריפה אש 250 גר,גרמים,250.00,100 גרם,false,1,9.90,3.9600,true,1,517707
7290112771018,false,חציל מטוגן בטחינה 40,,,חציל מטוגן בטחינה 400 גר,גרמים,400.00,100 גרם,false,1,14.90,3.7250,true,1,517710
7290112771032,false,חצילים ופלפלים קלויי,,,חצילים ופלפלים קלויים 400 גר,גרמים,400.00,100 גרם,false,1,14.90,3.7250,true,1,517712
7290112771056,false,מרק תאילנדי עם פירות,,,מרק תאילנדי עם פירות ים 400 גר,גרמים,400.00,100 גרם,false,1,22.90,5.7250,true,1,518843
7290112771377,false,סלט תפוא אוליביה 400,,,סלט תפוא אוליביה 400 גר,גרמים,400.00,100 גרם,false,1,15.90,3.9750,true,1,524708
7290112771384,false,סלט הרינג ברוטב חרדל,,,סלט הרינג ברוטב חרדל 250 גר,גרמים,250.00,100 גרם,false,1,14.90,5.9600,true,1,524709
7290112771391,false,שום קונפי 250 גר,,,שום קונפי 250 גר,גרמים,250.00,100 גרם,false,1,19.90,7.9600,true,1,524976
7290112771414,true,קובה סלק 400 גר,,,קובה סלק 400 גר,גרמים,400.00,100 גרם,false,,19.90,4.9750,true,1,528375
7290112771421,true,קובה חמוסטה 400 גר,,,קובה חמוסטה 400 גר,גרמים,400.00,100 גרם,false,,19.90,4.9750,true,1,528376
7290112771438,true,קובה דלעת 400 גר,,,קובה דלעת 400 גר,גרמים,400.00,100 גרם,false,,19.90,4.9750,true,1,528377
7290112960115,false,אסם שקדי מרק 30% קמח חיטה מלא 12*350גרם,אסם,IL,שקדי מרק 30% קמח חיטה מלא 350 גר,גרמים,350.00,100 גרם,false,12,12.90,3.6857,true,1,501442
7290112961266,false,בייגלה כפיות פיזור איטלקי 300 ג' אסם,Unknown,IL,בייגלה כפיות פיזור איטלקי 300 גר,גרמים,300.00,100 גרם,false,1,9.90,3.3000,true,1,505419
7290112961327,false,בייגלה כפיות פיזור כפרי 300 ג' אסם,Unknown,IL,בייגלה כפיות פיזור כפרי 300 גר,גרמים,300.00,100 גרם,false,1,9.90,3.3000,true,1,505420
7290112961372,false,פיטנס חטיפי פריכיות דגנים עם קינמון,"פרח תעשיות מזון בע""מ",IL,חטיפי פריכיות דקות פיטנס קינמון 60 גר,גרמים,60.00,100 גרם,false,12,8.90,14.8333,true,1,505945
7290112961440,false,פיטנס בר פריכיות שוקולד מריר 84 גר',כרמית,IL,פריכיות פיטנס בר שוקולד מריר 84 גר,גרמים,84.00,100 גרם,false,12,12.90,15.3571,true,1,512098
7290112961464,false,פיטנס חטיפי פריכיות דגנים וחומוס מתובלות,"פרח תעשיות מזון בע""מ",IL,חטיפי פריכיות דקות פיטנס מתובלות 60 גר,גרמים,60.00,100 גרם,false,12,8.90,14.8333,true,1,505944
7290112961754,false,עוגיות שוקולד ציפס עם קרם בטעם אגוזים,מיוצר עי קונדיטוריית,IL,עוגיות שוקוציפס אסם עם קרם אגוזים 220 גר,גרמים,220.00,100 גרם,false,1,9.90,4.5000,true,1,503129
7290112962287,false,טבעול שווארמה טבעונית 6*450 גרם,מיוצר עי קונדיטוריית,IL,שווארמה צמחונית טבעול 450 גר,גרמים,450.00,100 גרם,false,1,29.90,6.6444,true,1,519069
7290112962546,false,ארטיק לה פרוטה מלון תפוח מאגדת 443 גר',שוורצקוף& הנקל דיסלד,IL,גלידה לה פרוטה מלון תפוח 5 יח,גרמים,350.00,100 גרם,false,8,24.90,7.1143,true,1,503713
7290112963918,false,חטיפי קרקר דק רוזמרין 140 ג' פיטנס,נסטלה Nestle,IL,קרקר פיטנס דק רוזמרין 140 גר,גרמים,140.00,100 גרם,false,1,10.90,7.7857,true,1,506775
7290112964410,false,רוטב אוסם אלף האיים לסלט 290 ג' אסם,Unknown,IL,רוטב אלף האיים 290 גר,גרמים,290.00,100 גרם,false,1,10.90,3.7586,true,1,506767
7290112964434,false,רוטב לסלט קיסר 295 ג' אוסם,אסם,IL,"רוטב לסלט קיסר 295 מ""ל",גרמים,295.00,100 גרם,false,1,10.90,3.6949,true,1,506761
7290112964472,false,רוטב שום לסלט 290 ג' אסם,Unknown,IL,"רוטב שום לסלט 290 מ""ל",גרמים,290.00,100 גרם,false,1,10.90,3.7586,true,1,506760
7290112964564,false,רוטב אלף האיים לייט לסלט 310 ג' אסם,אסם,IL,"רוטב אלף האיים לייט 295 מ""ל",גרמים,310.00,100 גרם,false,1,10.90,3.5161,true,1,506763
7290112964601,false,רוטב בנוסח סצ'ואן הסדרה האסייתית,"אסם השקעות בע""מ",IL,"רוטב אסם בנוסח סצואן 290 מ""ל",גרמים,360.00,100 גרם,false,9,13.90,3.8611,true,1,506075
7290112964724,false,טבעול המבורגרטבעוני 580 גר',מיוצר עי קונדיטוריית,IL,טבעול המבורגר טיבעוני 580 גר,גרמים,580.00,100 גרם,false,1,29.90,5.1552,true,1,506773
7290112965103,false,תבשיל קוסקוס עם ירקות 146 גר',אסם,,קוסקוס עם ירקות 146 גר,גרמים,146.00,100 גרם,false,1,9.90,6.7808,true,1,509889
7290112965141,false,תבשיל פתיתים אפויים עם ירקות 130 גר',אסם,IL,פתיתים אפויים עם ירקות 130 גר,גרמים,130.00,100 גרם,false,1,9.90,7.6154,true,1,509888
7290112965240,false,מרק נמס בטעם עגבניות זוג * 44 ג' אסם,Unknown,IL,מרק נמס אסם עגבניות 60 גר זוג,גרמים,60.00,100 גרם,false,1,5.90,9.8333,true,1,509885
7290112965288,false,אוסם - מרק נמס ירקות זוג 28 גרם * 2,Unknown,IL,זוג מרק נמס ירקות אסם 30 גר,גרמים,56.00,100 גרם,false,1,5.90,10.5357,true,1,515238
7290112965301,false,זוג מרק נמס בטעם עוף עם שקדי מרק רגע חם,Unknown,IL,מרק נמס אסם בטעם עוף 52 גר זוג,גרמים,52.00,100 גרם,false,1,5.90,11.3462,true,1,509883
7290112965325,false,תבשיל אורז ספרדי אוסם 140 גרם,אסם,IL,אורז ספרדי 140 גר,גרמים,140.00,100 גרם,false,1,9.90,7.0714,true,1,509887
7290112965363,false,קציצות קינואה וברוקולי,מיוצר עי קונדיטוריית,IL,קציצות קינואה וברוקולי טבעול 525 גר,גרמים,525.00,100 גרם,false,1,29.90,5.6952,true,1,519070
7290112965660,false,פיטנס - חטיף מולטיגריין מלח פלפל 25 גרם,מיוצר עי קונדיטוריית,IL,פיטנס חטיף מולטיגריין מלח פלפל 25 גר,גרמים,25.00,100 גרם,false,24,4.90,19.6000,true,1,515188
7290112965684,false,פיטנס - חטיף מולטיגריין עשבי תיבול 25 גרם,מיוצר עי קונדיטוריית,IL,פיטנס חטיף מולטיגריין עשבי תיבול 25 גר,גרמים,25.00,100 גרם,false,24,4.90,19.6000,true,1,515189
7290112965707,false,פיטנס - חטיף מולטיגריין צילי מעודן 25 גרם,"אסם השקעות בע""מ",IL,פיטנס חטיף מולטיגריין צילי מעודן 25 גר,גרמים,25.00,100 גרם,false,24,4.90,19.6000,true,1,515190
7290112965745,false,אוסם - ביסלי פריסטייל בצל מעושן 60 גרם,"אסם השקעות בע""מ",IL,ביסלי פריסטייל בצל מעושן 60 גר,גרמים,60.00,100 גרם,false,24,3.90,6.5000,true,1,518831
7290112965783,false,אוסם - ביסלי פריסטייל על האש 60 גרם,"אסם השקעות בע""מ",IL,ביסלי פריסטייל על האש 60 גר,גרמים,60.00,100 גרם,false,24,3.90,6.5000,true,1,518832
7290112965806,false,אוסם - ביסלי פריסטייל חמוץ חריף 60 גרם,Unknown,IL,ביסלי פריסטייל חמוץ חריף 60 גר,גרמים,60.00,100 גרם,false,24,3.90,6.5000,true,1,518830
7290112965868,false,קרם קרקר במלחיות מעודנת 250 גר' אסם,אסם,,קרם קרקר במליחות מעודנת 250 גר,גרמים,250.00,100 גרם,false,1,9.90,3.9600,true,1,509895
7290112965905,false,בייגלה שמיניות במליחות מעודנת אסם 400 גר',מיוצר עי קונדיטוריית,IL,בייגלה שמיניות במליחות מעודנת 400 גר,גרמים,400.00,100 גרם,false,1,9.90,2.4750,true,1,509906
7290112965943,false,טבעול נאגטס ירקות ירוקים 500 גר',טבעול תעשיות מזון בע,IL,טבעול נאגטס ירקות ירוקים 500 גר,גרמים,500.00,100 גרם,false,6,29.90,5.9800,true,1,511606
7290112965967,false,טבעול נאגטס ירקות כתומים 500 גר',טבעול תעשיות מזון בע,IL,טבעול נאגטס ירקות כתומים 500 גר,גרמים,500.00,100 גרם,false,6,29.90,5.9800,true,1,511604
7290112966094,false,עוגת הבית בטעם תפוז - פחות סוכר,מיוצר עי קונדיטוריית,IL,עוגת הבית תפוז מופחת סוכר 400 גר,גרמים,400.00,100 גרם,false,1,12.90,3.2250,true,1,509898
7290112966247,false,לחמית כוסמין 200 ג' אסם,אסם יקנעם,IL,לחמית כוסמין 200 גר,גרמים,200.00,100 גרם,false,12,9.90,4.9500,true,1,512606
7290112966445,false,במבה מתוקה אריזה גדולה 100 ג' אסם,"אסם השקעות בע""מ",IL,במבה מתוקה אריזה גדולה 100 גר,גרמים,100.00,100 גרם,false,40,7.90,7.9000,true,1,508108
7290112966728,false,צבר טחינה בלאדי פלפלים חריפים 350 גר',שוורצקוף& הנקל דיסלד,IL,טחינה צבר בלדי פלפלים חריפים 350 גר,גרמים,350.00,100 גרם,false,1,14.90,4.2571,true,1,508216
7290112966780,false,טחינה באלדי עם חציל קלוי צבר 350 גר',שוורצקוף& הנקל דיסלד,IL,טחינה צבר בלדי עם חציל קלוי 350 גר,גרמים,350.00,100 גרם,false,1,14.90,4.2571,true,1,508212
7290112966803,false,פודינג אינסטנט שוקולד 88 ג' אסם,"אסם השקעות בע""מ",IL,פודינג אינסטנט בטעם שוקולד 88 גר,גרמים,88.00,100 גרם,false,1,5.40,6.1364,true,1,509877
7290112966841,false,פודינג בטעם שוקולד מריר 90 ג' אסם,מיוצר עי קונדיטוריית,IL,פודינג אינסטנט בטעם שוקולד מריר 90 גר,גרמים,90.00,100 גרם,false,1,5.40,6.0000,true,1,509878
7290112967114,false,חטיפי פריכיות פיטנס קטניות ופלפל 60 גר',"פרח תעשיות מזון בע""מ",IL,חטיפי פריכיות פיטנס קטניות ופלפל 60 גר,גרמים,60.00,100 גרם,false,12,8.90,14.8333,true,1,511592
7290112967138,false,בייגלה שמיניות ללא גלוטן 250 גר' אסם,מיוצר עי קונדיטוריית,IL,בייגלה שמיניות ללא גלוטן 250 גר,גרמים,250.00,100 גרם,false,1,10.90,4.3600,true,1,509875
7290112967381,false,פיטנס חטיפי פריכיות קטניות ומלח ים 60 גר',"פרח תעשיות מזון בע""מ",IL,חטיפי פריכיות פיטנס קטניות ומלח 60 גר,גרמים,60.00,100 גרם,false,12,8.90,14.8333,true,1,511591
7290112967572,false,"אסם רוטב ברביקיו 290 מ""ל אסם",אסם,IL,"רוטב ברביקיו 290 מ""ל",גרמים,335.00,100 גרם,false,1,10.90,3.2537,true,1,509876
7290112968340,false,חומוס תבלינים צבר 400 גרם,שוורצקוף& הנקל דיסלד,IL,חומוס צבר גרוס גס גס 400 גר,גרמים,400.00,100 גרם,false,6,13.90,3.4750,true,1,510437
7290112968807,false,פיטנס - קרקר דק סלק 140 גרם,מפעל אסם יקנעם,IL,קרקר פיטנס דק סלק 140 גר,גרמים,140.00,100 גרם,false,12,10.90,7.7857,true,1,515181
7290112968821,false,פיטנס - קרקר דק בטטה 140 גרם,מפעל אסם יקנעם,IL,קרקר פיטנס דק בטטה 140 גר,גרמים,140.00,100 גרם,false,12,10.90,7.7857,true,1,515182
7290112969286,false,אסם בישולים רוטב חרדל ודבש 330 גר'.,"אסם השקעות בע""מ",IL,רוטב בישולים חרדל ודבש 330 גר,גרמים,330.00,100 גרם,false,1,14.90,4.5152,true,1,515626
7290113190375,false,סילאן סירופ תמרים טב,שקדיה,TR,סילאן טבעי שקדיה 900 גר,גרמים,900.00,100 גרם,false,1,18.90,2.1000,true,1,507977
7290113190757,false,חלבה תלתלים בטעם וני,,,חלבה תלתלים מסולסלת בטעם וניל 400 גר,גרמים,400.00,100 גרם,false,1,14.90,3.7250,true,1,507970
7290113190771,false,חלבה תלתלים בטעם שוק,,,חלבה תלתלים בטעם שוקו וניל 400 גר,גרמים,400.00,100 גרם,false,1,14.90,3.7250,true,1,507971
7290113190863,false,סילאן טבעי לחיץ שקדי,שקדיה,IL,סילאן טבעי לחיץ 385 גר,גרמים,385.00,100 גרם,false,1,14.90,3.8701,true,1,518325
7290113192157,false,אגוז ברזיל קלופים 15,דין שיווק,,אגוז ברזיל קלופים 150 גר,גרמים,150.00,100 גרם,false,1,18.90,12.6000,true,1,510033
7290113192164,false,אגוזי קשיו קלופים ששון הקולה 150 ג',דין שיווק,,אגוזי קשיו קלופים 150 גר,גרמים,150.00,100 גרם,false,1,16.90,11.2667,true,1,510031
7290113192171,false,מיקס אגוזים שקדים וחמוציות 150 גר',דין שיווק,IL,מיקס אגוזים שקדים וחמוציות 150 גר,גרמים,150.00,100 גרם,false,1,16.90,11.2667,true,1,510032
7290113192201,false,תערובת להכנת סחלב 500 ג',דין שיווק,IL,פינוק סחלב 500 גר קרטון,גרמים,500.00,100 גרם,false,1,12.90,2.5800,true,1,512912
7290113192218,false,תערובת להכנת מלבי 500 גרם,דין שיווק,IL,פינוק מלבי 500 גר קרטון,גרמים,500.00,100 גרם,false,1,12.90,2.5800,true,1,512911
7290113192300,false,זיתים חרוזית מושחר A2 בית השיטה 275 גר',בית השיטה,IL,חרוזית מושחר בית השיטה 275 גר,גרמים,560.00,100 גרם,false,12,10.90,1.9464,true,1,511984
7290113192324,false,זיתים ירוקים שלמים בינוניים,בית השיטה,IL,זית ירוק בית השיטה 340 גר,גרמים,560.00,100 גרם,false,12,9.90,1.7679,true,1,511986
7290113192331,false,זיתים ירוק גדול A2 בית השיטה 340ג',בית השיטה,IL,זית ירוק גדול בית השיטה 340 גר,גרמים,560.00,100 גרם,false,12,9.90,1.7679,true,1,511987
7290113192355,false,חרוזית זיתים ירוקים ללא גלעין 275 ג' בית השיטה,בית השיטה,IL,חרוזית ירוק בית השיטה 275 גר,גרמים,560.00,100 גרם,false,12,10.90,1.9464,true,1,511989
7290113192362,false,טבעות זיתים ירוקים 280 ג' בית השיטה,בית השיטה,IL,טבעות זיתים ירק בית השיטה 280 גר,גרמים,560.00,100 גרם,false,12,10.90,1.9464,true,1,511990
7290113192386,false,זיתים סורי מבוקע A2 בית השיטה 340ג',בית השיטה,IL,זית סורי מבוקע בית השיטה 340 גר,גרמים,560.00,100 גרם,false,12,10.90,1.9464,true,1,511996
7290113192393,false,בית השיטה קוקטייל זיתים א2 336גר',בית השיטה,IL,קוקטייל זיתים בית השיטה 336 גר,גרמים,560.00,100 גרם,false,12,11.90,2.1250,true,1,511998
7290113192478,false,בית השיטה מלפפונים במלח בינוני 10-12 320 גרם,בית השיטה,IL,מלפפון במלח 10-12 בית השיטה 320 גר,גרמים,560.00,100 גרם,false,12,7.90,1.4107,true,1,512007
7290113192492,false,בית השיטה מלפפונים בחומץ קטנים 1317 290 גרם,בית השיטה,IL,מלפפון חומץ 13-17 בית השיטה 290 גר,גרמים,560.00,100 גרם,false,12,10.90,1.9464,true,1,512009
7290113192508,false,בית השיטה מלפפונים במלח קטן 1317 320 גרם,בית השיטה,IL,בית השיטה מלפפון במלח 13-17 320 גר,גרמים,560.00,100 גרם,false,12,10.90,1.9464,true,1,512010
7290113192515,false,בית השיטה מלפפונים במלח קטן מאוד 1825 320 גרם,בית השיטה,IL,מלפפון מלח 18-25 בית השיטה 320 גר,גרמים,560.00,100 גרם,false,12,12.90,2.3036,true,1,512011
7290113192522,false,בית השיטה מלפפונים בחומץ קטן מאוד 1825 290 גרם,בית השיטה,IL,מלפפון חומץ 18-25 בית השיטה 290 גר,גרמים,560.00,100 גרם,false,12,12.90,2.3036,true,1,512012
7290113192539,false,בית השיטה מלפפונים במלח גדול 79 320 גרם,בית השיטה,IL,מלפפון בית השיטה מלח 7-9 320 גר,גרמים,560.00,100 גרם,false,12,6.90,1.2321,true,1,512013
7290113192546,false,בית השיטה מלפפונים בחומץ גדול 79 290 גרם,בית השיטה,IL,מלפפון חומץ 7-9 בית השיטה 290 גר,גרמים,560.00,100 גרם,false,12,6.90,1.2321,true,1,512014
7290113192560,false,בית השיטה פלפל שיפקה חריף כבוש 230 גרם,בית השיטה,IL,פלפל שיפקה בית השיטה 230 גר,גרמים,560.00,100 גרם,false,12,7.90,1.4107,true,1,512016
7290113192577,false,בית השיטה כרוב כבוש חתוך 430 גרם,בית השיטה,IL,כרוב כבוש בית השיטה 430 גר,גרמים,560.00,100 גרם,false,12,7.90,1.4107,true,1,512017
7290113192881,false,"טורטיה חיטה מופחת קלוריות, קוטר 20 ס""מ - 6 יח'",דין שיווק,IL,טורטיה חיטה מופחת קלוריות 6 יח 270 גר,גרמים,270.00,100 גרם,false,1,9.90,3.6667,true,1,525624
7290113192997,false,בית השיטה זית מרוקאי 340 גר',בית השיטה,IL,זית מרוקאי בית השיטה 340 גר,גרמים,340.00,100 גרם,false,12,13.90,4.0882,true,1,510954
7290113193000,false,בית השיטהפלפל שיפקונית 230 גר',שוורצקוף& הנקל דיסלד,IL,פלפל שיפקונית בית השיטה 230 גר,גרמים,560.00,100 גרם,false,12,11.90,2.1250,true,1,510955
7290113193031,false,חרוזית קלמטה - זיתים שחורים ללא גלעין קלמטה,שוורצקוף& הנקל דיסלד,IL,חרוזית קלמטה בית השיטה 275 גר,גרמים,560.00,100 גרם,false,12,13.90,2.4821,true,1,510953
7290113193321,false,"שמן זית כתית מעולה בית השיטה 750 מ""ל",בית השיטה,IL,שמן זית בית השיטה 750 מל,מיליליטרים,750.00,"100 מ""ל",false,1,31.90,4.2533,true,1,512613
7290113193406,false,"קוקטייל טבעות זיתים - זיתים ירוקים, שחורים מרינד",בית השיטה,IL,טבעות קוקטייל זיתים בית השיטה 280 גר,גרמים,560.00,100 גרם,false,12,13.90,2.4821,true,1,511614
7290113193673,false,זיתים שחורים יבשים במלח 400 ג',,,זיתים שחורים יבשים במלח 400 גר,גרמים,400.00,100 גרם,false,1,14.90,3.7250,true,1,513110
7290113195042,false,מלפפון חמוץ במלח כבישה ביתית בית השיטה 750 גר',שוורצקוף& הנקל דיסלד,IL,מלפפון במלח כבישה ביתית 750 גר,גרמים,1500.00,100 גרם,false,1,24.90,1.6600,true,1,516086
7290113195356,false,שמן קנולה מזוכך בית,בית השיטה,,שמן קנולה בית השיטה 1 ל,ליטרים,1.00,ליטר,false,1,13.90,13.9000,true,1,519659
7290113195363,false,שמן חמניות מזוכך בית,בית השיטה,,שמן חמניות בית השיטה 1 ל,ליטרים,1.00,ליטר,false,1,13.90,13.9000,true,1,519660
7290113195967,false,שיבולת שועל שקדיה פח,דין שיווק,IL,שיבולת שועל להכנה מהירה 500 גר,גרמים,500.00,100 גרם,false,1,9.90,1.9800,true,1,518313
7290113196414,false,"אורז בסמטי שקדיה 1 ק""ג",קריות זול,IN,אורז בסמטי 1 קג,קילוגרמים,1.00,"ק""ג",false,1,11.90,11.9000,true,1,520289
7290113196759,false,ירקות מעורבים בסגנון מזרחי בטעם ביתי,בית השיטה,IL,ירקות מעורבים בית השיטה פלסטיק 750 גר,גרמים,750.00,100 גרם,false,1,29.90,3.9867,true,1,519056
7290113197169,false,חמאת בוטנים טבעית שק,,,חמאת בוטנים טבעית 450 גר,גרמים,450.00,100 גרם,false,1,16.90,3.7556,true,1,525084
7290113197176,false,חמאת בוטנים טבעית עם,,,חמאת בוטנים טבעית עם שברי בוטנים 450 גר,גרמים,510.00,100 גרם,false,1,16.90,3.3137,true,1,525085
7290113198067,false,פקאן מצופה שוקולד לב,"דין שיווק וקליה בע""מ",IL,פקאן מצופה שוקולד לבן 150 גר,גרמים,150.00,100 גרם,false,1,14.90,9.9333,true,1,519679
7290113198074,false,פקאן מצופה שוקולד שי,דין שיווק,IL,פקאן מצופה שוקולד שיש 150 גר,גרמים,150.00,100 גרם,false,1,14.90,9.9333,true,1,519682
7290113199323,false,טורטיה מיני 150ג' שקדיה,,TR,טורטיה מיני 150 גר,גרמים,150.00,100 גרם,false,1,4.90,3.2667,true,1,525616
7290113199385,false,פרכיות כוסמת דקות בת,,,פרכיות כוסמת דקות בתוספת מלח 100 גר,גרמים,100.00,100 גרם,false,1,9.90,9.9000,true,1,524488
7290113199675,false,גרנולה שיבולת שועל עם צימוק אגוז ושקד 500ג' שקדיה,,,גרנולה שיבולת שועל צימוק ושקד 500 גר,גרמים,500.00,100 גרם,false,1,12.90,2.5800,true,1,525076
7290113199767,false,ממרח 100% שקדים שקדי,פפאיינס,TW,ממרח 100% שקדים 300 גר,גרמים,300.00,100 גרם,false,1,29.90,9.9667,true,1,525083
7290113199774,false,ממרח 100% בוטנים שקד,פפאיינס,TW,ממרח 100% בוטנים 300 גר,גרמים,300.00,100 גרם,false,1,14.90,4.9667,true,1,525081
7290113199781,false,ממרח 100% מיקס אגוזי,פפאיינס,TW,ממרח 100% אגוזים ובוטנים 200 גר,גרמים,200.00,100 גרם,false,1,15.90,7.9500,true,1,525082
7290113199798,false,ממרח 100% אגוזי קשיו,פפאיינס,TW,ממרח 100% אגוזי קשיו 200 גר,גרמים,200.00,100 גרם,false,1,25.90,12.9500,true,1,525080
7290113199880,false,טורטיה בתוספת קמח כוסמין ושיבולת שועל 360 ג' שקדיה,,TR,טורטיה בתוספת קמח כוסמין ושיבולת שועל,גרמים,360.00,100 גרם,false,1,10.90,3.0278,true,1,527111
7290113300224,false,פאוצ' לה קט סלמון ברוטב 85 ג',"ביופט- מזון לבע""ח",FR,שימורים לחתולים לה קט פאונץ סלמון ברוטב,גרמים,85.00,100 גרם,false,1,4.90,5.7647,true,1,509994
7290113300231,false,פאוצ' לה קט בקר ג'לי 85 ג',"ביופט- מזון לבע""ח",FR,שימורים לחתולים לה קט פאונץ בקר בגלי 85,גרמים,85.00,100 גרם,false,1,4.90,5.7647,true,1,509995
7290113300262,false,פאוצ' לה קט טונה ג'לי 85 ג',"ביופט- מזון לבע""ח",,שימורים לחתולים לה קט פאונץ טונה בגלי,גרמים,85.00,100 גרם,false,1,4.90,5.7647,true,1,509996
7290113596795,false,תותח קונפטי מטאלי שח,,,"תותח קונפטי מטאלי שחור 40 ס""מ",Unknown,0.00,Unknown,false,1,9.90,0.0000,true,1,509207
7290113660311,false,פחם אמריקאי גריל גרי,GRILL,,"פחם אמריקאי גריל- גריל 2 ק""ג",קילוגרמים,2.00,"ק""ג",false,1,29.90,14.9500,true,1,504906
7290113660441,false,שקיות אשפה שרוך 75/9,אור שני,,שקיות אשפה שרוך 75/90 40 יח,Unknown,0.00,Unknown,false,1,29.90,0.0000,true,1,504912
7290113660571,false,אשפח שקיות נשלפות שר,אור שני,,אשפח שקיות נשלפות שרוך 60 יח,Unknown,0.00,Unknown,false,1,14.90,0.0000,true,1,504913
7290113660700,false,תבניות נייר לאפייה,קורקינט,,תבניות נייר לאפייה,Unknown,0.00,Unknown,false,1,10.90,0.0000,true,1,506850
7290113660939,false,גליל מפת שולחן שקוף,,,גליל מפת שולחן שקוף,Unknown,0.00,Unknown,false,1,13.90,0.0000,true,1,504915
7290113660977,false,מפת שולחן ויסקוזה לב,א.מ.פ.ק,,מפת שולחן ויסקוזה לבן,Unknown,0.00,Unknown,false,1,5.90,0.0000,true,1,511075
7290113660984,false,נייר לעטיפת סנדוויץ,אור שני,,נייר לעטיפת סנדוויץ,Unknown,0.00,Unknown,false,1,7.90,0.0000,true,1,502299
7290113661042,false,צלחת 7 קטן צבעוני 25,Rainbow,,"צלחת 7"" קטן צבעוני 25 יח",Unknown,0.00,Unknown,false,1,6.90,0.0000,true,1,502487
7290113661059,false,צלחת 9 גדול צבעוני 2,Rainbow,,"צלחת 9"" גדול צבעוני 25 יח",Unknown,0.00,Unknown,false,1,10.90,0.0000,true,1,502488
7290113661066,false,צלחת 10 ענק צבעוני 2,Rainbow,,"צלחת 10"" ענק צבעוני 25 יח",Unknown,0.00,Unknown,false,1,16.90,0.0000,true,1,502489
7290113661073,false,מרקיה צבעוני 25 יח,Rainbow,,מרקיה צבעוני 25 יח,Unknown,0.00,Unknown,false,1,7.90,0.0000,true,1,502490
7290113661080,false,לפתניות צבעוני 25 יח,,,לפתניות צבעוני 25 יח,Unknown,0.00,Unknown,false,1,4.90,0.0000,true,1,502491
7290113661103,false,מגש אובלי שטוח צבעונ,Rainbow,,מגש אובלי שטוח צבעוני 25 יח,יחידה,25.00,יחידה,false,1,16.90,0.6760,true,1,502493
7290113661721,false,קינוחיות כוס פרח 20,,,קינוחיות כוס פרח 20 יח,Unknown,0.00,Unknown,false,1,13.90,0.0000,true,1,513913
7290113661738,false,קינוחיות כוס מלבני מ,,,קינוחיות כוס מלבני מעוטר 12 יח,Unknown,0.00,Unknown,false,1,13.90,0.0000,true,1,513914
7290113661790,false,תבנית אלומיניום 10 י,,,תבנית אלומיניום 10 יח,Unknown,0.00,Unknown,false,1,19.90,0.0000,true,1,506012
7290113661806,false,תבנית אלומיניום ענק,,,תבנית אלומיניום ענק 18 יח,Unknown,0.00,Unknown,false,1,19.90,0.0000,true,1,506013
7290113661837,false,תבנית אלומיניום בינו,,,תבנית אלומיניום בינוני 30 יח,Unknown,0.00,Unknown,false,1,19.90,0.0000,true,1,506016
7290113661851,false,תבנית אלומיניום עגול,,,תבנית אלומיניום עגול 12 יח,Unknown,0.00,Unknown,false,1,19.90,0.0000,true,1,506018
7290113662230,false,צימרוני עץ בשקית 300,עיסאוי,,צימרוני עץ בשקית 300 יח,Unknown,0.00,Unknown,false,1,3.90,0.0000,true,1,508096
7290113662377,false,נייר אפיה 50 דף,,,נייר אפיה 50 דף,Unknown,0.00,Unknown,false,1,9.90,0.0000,true,1,520244
7290113662636,false,מגבוני תינוק 72 יח ר,,,רביעיית מגבוני תינוק 72 יח,Unknown,0.00,Unknown,false,1,10.90,0.0000,true,1,517932
7290113662841,false,כוסות מעוטרות דוגמת,,,כוסות מעוטרות דוגמת שיש 40 יח,Unknown,0.00,Unknown,false,1,9.90,0.0000,true,1,520243
7290113662896,false,"צלחת 9"" בייסיק 50 יח",,,"צלחת 9"" בייסיק 50 יח",Unknown,0.00,Unknown,false,1,19.90,0.0000,true,1,523519
7290114151832,false,אלכוגל 70% 100 מל,,,אלכוגל 70% 100 מל,מיליליטרים,100.00,"100 מ""ל",false,1,14.90,14.9000,true,1,511329
7290114310215,false,"**טרה שמנת מתוקה 38% 250 מ""ל בקבוק.",מילקו תעשיות בעמ,IL,שמנת מתוקה 38% 250 מל בקבוק,מיליליטרים,250.00,"100 מ""ל",false,12,6.47,2.5880,true,1,511559
7290114310222,false,חלב 1.5 ליטר 3% מועשר בסידן וויטמין D.,מילקו תעשיות בעמ,IL,חלב מועשר בסידן 3% 1.5 ל,ליטרים,1.50,ליטר,false,1,12.90,8.6000,true,1,512651
7290114310239,false,חלב טרה נטול לקטוז מועשר בוויטמין D 2% 1.5 ל',מילקו תעשיות בעמ,IL,חלב נטול לקטוז מועשר בויטמין 2% 1.5 ל,ליטרים,1.50,ליטר,false,1,12.90,8.6000,true,1,512652
7290114310246,false,גבינת גרנה פדנו מחלב בקר 29%,מחלבת משק צוריאל,IL,גרנה פדנו צאנק 125 גר,גרמים,125.00,100 גרם,false,1,19.90,15.9200,true,1,515568
7290114310338,false,צפתית מעודנת 5% 225 גר' משק צוריאל,מחלבת משק צוריאל,IL,צפתית מעודנת 5% 225 גר,גרמים,225.00,100 גרם,false,1,17.90,7.9556,true,1,515570
7290114310536,false,יוגורט לייט מעושר בחלבון בטעם וניל מולר 200 ג',מולר Muller,IL,יוגורט לייט מעושר חלבון בטעם וניל 200 גר,גרמים,200.00,100 גרם,false,1,5.90,2.9500,true,1,516718
7290114310550,false,פטה עיזים מעודנת בגביע 5% 200 ג',משק צוריאל,IL,פטה עיזים מעודנת 5% 200 גר,גרמים,200.00,100 גרם,false,1,24.90,12.4500,true,1,517832
7290114310574,false,גבינת קרם שמנת עיזים 5% 200 גרם צוריאל,משק צוריאל,IL,גבינת קרם שמנת עיזים 5% 200 גר,גרמים,200.00,100 גרם,false,1,14.90,7.4500,true,1,517833
7290114310611,false,"משקה חלב בננה בבקבוק פקק ספורט טרה 250 מ""ל",Unknown,IL,משקה חלב בננה 250 מל,מיליליטרים,250.00,"100 מ""ל",false,1,5.90,2.3600,true,1,517835
7290114310628,false,משקה חלב בטעם וניל עוגיות 1.5% שומן,מילקו תעשיות בעמ,IL,משקה חלב בטעם וניל עוגיות טרה בק 1 ל,ליטרים,1.00,ליטר,false,12,11.90,11.9000,true,1,517700
7290114310673,false,גבינת לאבנה 9% 250 גרם,טרה,IL,לאבנה 9% 250 גר,גרמים,250.00,100 גרם,false,1,12.90,5.1600,true,1,517239
7290114310895,false,סימפלי מולר מאגדת שמינייה מנגו תות 1.5% 150X8 גר',מולר Muller,IL,שמיניית יוגורט סימפלי מנגו תות 1.5% מולר,גרמים,1200.00,100 גרם,false,1,29.90,2.4917,true,1,520191
7290114311038,false,שמנת מתוקה עמידה 32% 250מל בקבוק,מילקו,IL,שמנת מתוקה להקפצה 32% טרה 250 גר,גרמים,250.00,100 גרם,false,1,7.90,3.1600,true,1,524368
7290114311069,false,יוגורט לבן מועשר בחלבון 0% שומן 200 גרם muller active,מולר Muller,IL,יוגורט מולר אקטיב 0% מועשר בחלבון 150 גר,גרמים,150.00,100 גרם,false,24,5.90,3.9333,true,1,523656
7290114311076,false,"חמאת מולר צהובה עם שום, 200 גרם",מולר Muller,IL,חמאה צהובה עם שום מולר 200 גר,גרמים,200.00,100 גרם,false,30,11.90,5.9500,true,1,524230
7290114311298,false,יוגורט קציפת תות בננה מלון 150 ג' מולר,מולר Muller,IL,יוגורט מולר פרופ תות בננה מלון 150 גר,מיליליטרים,150.00,"100 מ""ל",false,1,4.90,3.2667,true,1,525291
7290114311304,false,יוגורט קציפת מנגו פסיפלורה בננה 150 ג' מולר,מולר Muller,IL,יוגורט מולר פרופ מנגו פסיפלורה בננה 150,מיליליטרים,150.00,"100 מ""ל",false,1,4.90,3.2667,true,1,525292
7290114311328,false,חלב נטול לקטוז 2% שומן מועשר בויטמין D,ג'י.אר.אמ.גרופו אלימ,IL,חלב מועשר 2% נטול לקטוז 1 ל,ליטרים,1.00,ליטר,false,1,7.90,7.9000,true,1,526225
7290114311359,false,יוגורט עם קציפת מנגו 3% שומן פרופ 150 ג' מולר,מולר Muller,IL,יוגורט מולר פרופ מנגו 150 גר,מיליליטרים,150.00,"100 מ""ל",false,1,4.90,3.2667,true,1,525293
7290114311434,false,"מולר אקטיב בטעם קרמל מלוח 0% שומן, 200 גרם",מולר Muller,IL,יוגורט מולר אקטיב בטעם קרמל מלוח 200 גר,גרמים,200.00,100 גרם,false,1,5.90,2.9500,true,1,527135
7290114311441,false,"מולר אקטיב בטעם עוגיות חמאה 0% שומן, 200 גרם",מולר Muller,IL,יוגורט מולר אקטיב בטעם עוגיות חמאה 200 ג,גרמים,200.00,100 גרם,false,1,5.90,2.9500,true,1,527136
7290114311458,false,"חלב מועשר 3% וויטמין קרטון, 1 ל טרה",Unknown,IL,חלב מועשר 3% ויטמין די 1 ל,ליטרים,1.00,ליטר,false,12,7.70,7.7000,true,1,526629
7290114311496,false,"חלב מועשר 1% שומן קרטון, 1 ל טרה",Unknown,IL,חלב מועשר 1% 1 ל,ליטרים,1.00,ליטר,false,1,7.70,7.7000,true,1,526628
7290114311502,false,"משקה חלב בקבוק בטעם סחלב, 1 ליטר",מילקו תעשיות בעמ,IL,משקה חלב בטעם סחלב 1 ל,ליטרים,1.00,ליטר,false,1,11.90,11.9000,true,1,527134
7290114600927,false,עלי טורטיה חיטה מלאה מאסטר שף 320 ג',אלקטי קורביישיסי,ES,עלי טורטיה מאסטר שף חיטה מלאה 320 גר,גרמים,320.00,100 גרם,false,16,8.90,2.7813,true,1,514279
7290114600941,false,מיונז מאסטר שף מיונז לחיץ 435 ג',קפה לנדוור,NL,מיונז לחיץ מאסטר שף 435 גר,גרמים,435.00,100 גרם,false,1,14.90,3.4253,true,1,513071
7290114600989,false,"רוטב אלף האיים מאסטר שף 250 מ""ל",קפה לנדוור,,רוטב אלף האיים מאסטר שף 250 מל,מיליליטרים,250.00,"100 מ""ל",false,1,9.90,3.9600,true,1,513070
7290114602778,false,פרי סלייסים צ'יפס ירקות שורש 90 ג',,,פרי סלייסים ציפס ירקות שורש 90 גר,גרמים,90.00,100 גרם,false,1,12.90,14.3333,true,1,518511
7290114602785,false,פרי סלייסים צ'יפס בננה מלוח 90 ג',,,פרי סלייסים ציפס בננה מלוח 90 גר,גרמים,90.00,100 גרם,false,1,12.90,14.3333,true,1,518510
7290114603034,false,"פרי גרנולה אגוזים צימוקים וחמוציות, 300 ג'","אפקט טבעי בע""מ",IL,גרנולה פרי אגוזים וצימוקים 300 גר,גרמים,300.00,100 גרם,false,15,11.80,3.9333,true,1,521780
7290114603508,false,"רוטב להקצפה מאסטר שף 300 מ""ל",מאסטר שף,TH,"רוטב להקפצה מאסטר שף 300 מ""ל",מיליליטרים,300.00,"100 מ""ל",false,12,9.90,3.3000,true,1,514280
7290114603515,false,רוטב קארי אדום מאסטר שף 340 ג',תאי סופרים,TH,מאסטר שף רוטב קארי אדום 340 גר,גרמים,340.00,100 גרם,false,1,12.80,3.7647,true,1,515262
7290114604116,false,מקלוני אוזניים כותנה 500 יח' עננים,,,מקלוני כותנה 500 יח,Unknown,0.00,Unknown,false,1,8.80,0.0000,true,1,518816
7290114604864,false,קוסקוס דק מאסטר שף 350 ג',דוידוביץ,IL,קוסקוס דק מאסטר שף 350 גר,גרמים,350.00,100 גרם,false,1,5.90,1.6857,true,1,515799
7290114604871,false,קוסקוס בינוני מאסטר שף 350 ג',דוידוביץ,IL,קוסקוס בינוני מאסטר שף 350 גר,גרמים,350.00,100 גרם,false,1,5.90,1.6857,true,1,515798
7290114604895,false,ממרח ספייסי לחיץ 446 גר' מאסטר שף,מאסטר שף,NL,ממרח ספייסי לחיץ מאסטר שף 446 גר,גרמים,446.00,100 גרם,false,1,14.90,3.3408,true,1,517878
7290114604901,false,ממרח שום לחיץ מאסטר שף444 ג',מאסטר שף,NL,ממרח שום לחיץ מאסטר שף 444 גר,גרמים,444.00,100 גרם,false,1,14.90,3.3559,true,1,517879
7290114604925,false,"מאסטר שף אסייאתי קרם קוקוס לייט 400 מ""ל","תאי קוקונאט חברה בע""",TH,קרם קוקוס לייט מאסטר שף 400 מל,מיליליטרים,400.00,"100 מ""ל",false,24,9.90,2.4750,true,1,520120
7290114604949,false,רוטב ברביקיו מאסטר שף 524 ג',רמיה סי.וי. הולנד,NL,רוטב ברביקיו מאסטר שף 524 גר,גרמים,524.00,100 גרם,false,1,12.90,2.4618,true,1,517883
7290114604963,false,פירורי מתובלים מאסטר שף 230 ג',מאסטר שף,IL,פירורים מתובלים מאסטר שף 230 גר,גרמים,230.00,100 גרם,false,20,6.90,3.0000,true,1,516236
7290114605557,false,נייר עטיפה לסנדוויץ קוקי 80 יח',כרמל,CN,קוקי נייר עטיפה לסנדוויץ,Unknown,0.00,Unknown,false,1,12.90,0.0000,true,1,517285
7290114606530,false,רוטב בטעם מיונז וקטשופ מאסטר שף 515 ג',מאסטר שף,NL,רוטב בטעם מיונז וקטשופ מאסטר שף 515 גר,גרמים,515.00,100 גרם,false,1,14.90,2.8932,true,1,517881
7290114606547,false,מיונז עם פטריות כמהין מאסטר שף 242 ג',מאסטר שף,NL,מיונז עם פטריות כמהין מאסטר שף 242 גר,גרמים,242.00,100 גרם,false,1,14.90,6.1570,true,1,517880
7290114606554,false,מיונז מופחת קלוריות בקבוק לחיץ,מאסטר שף,NL,ממרח מיונז לייט לחיץ מאסטר שף 470 גר,גרמים,470.00,100 גרם,false,1,14.90,3.1702,true,1,517882
7290114606578,false,מאסטר שף שקדי מרק 400 גר,,,שקדי מרק מאסטר שף 400 גר,גרמים,400.00,100 גרם,false,1,9.90,2.4750,true,1,519823
7290114606592,false,רוטב סויה מסורתית 46% פולי סויה מאסטר שף 620 ג',קריניציה ויטמינה אס,TH,רוטב סויה מאסטר שף מסורתית 620 גר,גרמים,620.00,100 גרם,false,1,15.90,2.5645,true,1,518773
7290114608633,false,"דפי אצה מאסטר שף, 25 גרם",מאסטר שף,,דפי אצה מאסטר שף 25 גר,גרמים,25.00,100 גרם,false,1,11.90,47.6000,true,1,522984
7290114608640,false,קרוטונים לסלט כוסמין מאסטר שף 260 גר',EinatFood,IL,קרוטונים לסלט כוסמין מאסטר שף 260 גר,גרמים,260.00,100 גרם,false,12,18.90,7.2692,true,1,519458
7290114608695,false,מיונז עם ווסאבי 241 ג' מאסטר שף,רמיה סי.וי,NL,מיונז עם ווסאבי מאסטר שף 241 גר,גרמים,241.00,100 גרם,false,6,14.90,6.1826,true,1,520121
7290115180275,false,סיגריות אייקוס טורקי,פיליפ מוריס,IL,סיגריות אייקוס טורקיז,Unknown,0.00,Unknown,false,1,27.00,0.0000,false,1,518705
7290115190014,false,סיגריות מרלבורו רד קצר בוקס,פיליפ מוריס,,מרלבורו רד,Unknown,0.00,Unknown,false,1,36.00,0.0000,false,1,514717
7290115190076,false,סיגריות מרלבורו גולד ארוך 100 בוקס,פיליפ מוריס,,מלבורו גולד ארוך,Unknown,0.00,Unknown,false,1,36.00,0.0000,false,1,515618
7290115190090,false,סיגריות מרלבורו גולד קצר בוקס,פיליפ מוריס,,מרלבורו גולד,Unknown,0.00,Unknown,false,1,36.00,0.0000,false,1,514706
7290115190137,false,מלברו עדין פיין טאץ 7.1,פיליפ מוריס,,מרלבורו פיין טאץ,Unknown,0.00,Unknown,false,1,31.00,0.0000,false,1,514716
7290115190151,false,סיגריות מרלבורו טאץP,פיליפ מוריס,,מרלבורו טאץ,Unknown,0.00,Unknown,false,1,31.00,0.0000,false,1,514713
7290115190175,false,סיגריות פרלמנט (חפיס,פיליפ מוריס,,פרלמנט סופר סלימס,Unknown,0.00,Unknown,false,1,41.00,0.0000,false,1,514103
7290115190199,false,סיגריות פרלמנט (חפיס,פיליפ מוריס,,פרלמנט רגיל ארוך RCB,Unknown,0.00,Unknown,false,1,41.00,0.0000,false,1,517910
7290115190212,false,סיגריות פרלמנט בלו ארוך,פיליפ מוריס,,פרלמנט בלו,Unknown,0.00,Unknown,false,1,41.00,0.0000,false,1,514708
7290115190236,false,סיגריות פרלמנט קצר בלו,פיליפ מוריס,,פרלמנט בלו,Unknown,0.00,Unknown,false,1,41.00,0.0000,false,1,514707
7290115190250,false,סיגריות פרלמנט נייטP,פיליפ מוריס,,פרלמנט רגיל קצר,Unknown,0.00,Unknown,false,1,41.00,0.0000,false,1,514106
7290115190335,false,ל.מ כחול לייבל ארוך,פיליפ מוריס,,ל.מ כחול לייבל ארוך,Unknown,0.00,Unknown,false,1,30.00,0.0000,false,1,518016
7290115190359,false,סיגריות ל.מ בלוPP חפ,פיליפ מוריס,,ל.מ כחול לייבל קצר,Unknown,0.00,Unknown,false,1,31.00,0.0000,false,1,514104
7290115190373,false,סיגריות ל.מ. קפסולהP,פיליפ מוריס,,סיגריות ל.מ קפסולה,Unknown,0.00,Unknown,false,1,31.00,0.0000,false,1,514715
7290115190397,false,סיגריות LM רד לייבל קצר,פיליפ מוריס,,ל.מ אדום לייבל קצר,Unknown,0.00,Unknown,false,1,31.00,0.0000,false,1,514101
7290115190410,false,סיגריות ל.מ סילברPP,פיליפ מוריס,,ל.מ סילבר,Unknown,0.00,Unknown,false,1,31.00,0.0000,false,1,514709
7290115190472,false,סיגריות נקסט פיין אדג',פיליפ מוריס,,סיגריות נקסט פיין אדג,Unknown,0.00,Unknown,false,1,27.00,0.0000,false,1,516029
7290115190496,false,סיגריות נקסט פיין 10,פיליפ מוריס,IL,נקסט לייט ארוך,Unknown,0.00,Unknown,false,1,30.00,0.0000,false,1,516767
7290115190519,false,סיגריות נקסט פיין חפ,פיליפ מוריס,,נקסט פיין,Unknown,0.00,Unknown,false,1,30.00,0.0000,false,1,514710
7290115190571,false,סיגריות נקסט לילךPP,פיליפ מוריס,,נקסט לילך,Unknown,0.00,Unknown,false,1,30.00,0.0000,false,1,514102
7290115190595,false,סיגריות נקסט אוריגינ,פיליפ מוריס,,נקסט אורגינל,Unknown,0.00,Unknown,false,1,30.00,0.0000,false,1,514705
7290115190892,false,סיגריות מרלבורו פיוז,פיליפ מוריס,IL,סיגריות מרלבורו פיוזן קפסולה,Unknown,0.00,Unknown,false,1,29.00,0.0000,false,1,518942
7290115190939,false,אל.אם קפסולות קליק חפיסה,פיליפ מוריס,,סיגריות ל.מ קליק קפסולה,Unknown,0.00,Unknown,false,1,27.00,0.0000,false,1,521243
7290115200003,false,פתי בר פינוקי וניל 220 גר' אסם,תאי פרזידנט פוד פאבל,PL,פתי בר פינוקי וניל 220 גרם,גרמים,220.00,100 גרם,false,16,9.90,4.5000,true,1,513184
7290115200027,false,פתי בר פינוקי שוקו 220 גר' אסם.,קריות זול,PL,פתי בר פינוקי שוקו 220 גרם,גרמים,220.00,100 גרם,false,16,9.90,4.5000,true,1,513185
7290115200676,false,עוגיות קרמוגית במילוי קרם בטעם קרמל מלוח,היינץ צפון אמריקה מק,IL,עוגיות קרמוגית קרמל מלוח 200 גר,גרמים,200.00,100 גרם,false,12,9.90,4.9500,true,1,514064
7290115201031,false,אסם פתיבר דובי שוקולד 175 גר',טרופיקל דגיל תעשיות,PL,פתי בר דובי שוקולד 175 גר,גרמים,175.00,100 גרם,false,16,9.90,5.6571,true,1,517347
7290115201550,false,ביסלי קרנבל מיקס 150 ג' אסם,פרו מן יו פתרונות אר,IL,ביסלי קרנבל מיקס 150 גר,גרמים,150.00,100 גרם,false,24,7.90,5.2667,true,1,515184
7290115201703,false,ביסלי בטעם ברביקיו 200 ג' אסם,מיוצר עי קונדיטוריית,IL,ביסלי ברביקיו 200 גר,גרמים,200.00,100 גרם,false,25,7.90,3.9500,true,1,515187
7290115201727,false,ביסלי בטעם בצל 200 ג' אסם,מיוצר עי קונדיטוריית,IL,ביסלי בצל 200 גר,גרמים,200.00,100 גרם,false,25,7.90,3.9500,true,1,515186
7290115202236,false,טבעול טופו קראנצים 470 גר',עיצובים 2020 (4.8),IL,טופו קראנציים טבעול 470 גר,גרמים,470.00,100 גרם,false,6,29.90,6.3617,true,1,519063
7290115202434,false,חומוס עם זעתר צבר 375 ג',ג'נרל מילס סאן אדריא,IL,חומוס זעתר צבר 375 גר,גרמים,375.00,100 גרם,false,1,11.90,3.1733,true,1,517406
7290115202816,false,מנה חמה פאוצ' נדלס טעם עוף 70 ג' אסם,Unknown,,מנה חמה פאוצ אטריות בטעם עוף 70 גר,גרמים,70.00,100 גרם,false,1,4.90,7.0000,true,1,517441
7290115202847,false,מנה חמה פאוצ' נדלס ספייסי אסם 70 ג',Unknown,,מנה חמה פאוצ אטריות ספייסי 70 גר,גרמים,70.00,100 גרם,false,1,4.90,7.0000,true,1,517442
7290115202939,false,מנה חמה רייס נודלס עוף פטריות 50 ג' אסם,מיוצר עי קונדיטוריית,TH,מנה חמה רייס נודלס עוף פטריות 50 גר,גרמים,50.00,100 גרם,false,1,8.90,17.8000,true,1,521370
7290115203295,false,פרפקטו פסטה ריציאולי מהדורה 12*500גרם,אסם פרפקטו Perfecto,IT,פרפקטו פסטה ריציאולי 500 גר,גרמים,500.00,100 גרם,false,12,9.90,1.9800,true,1,517403
7290115203486,false,פירורית בטעם ביסלי גריל אסם 200 גר',קיבוץ עינת,IL,פירורית בטעם ביסלי גריל 200 גר,גרמים,200.00,100 גרם,false,1,6.50,3.2500,true,1,518246
7290115203806,false,"רוטב בסיס לבישול אסם 290 מ""ל","אסם השקעות בע""מ",IL,רוטב בסיס 290 מל,מיליליטרים,290.00,"100 מ""ל",false,1,13.90,4.7931,true,1,520492
7290115204018,false,מנה חמה איטלקי פסטה בסגנון אלפרדו 60 ג' אסם,נסטלה,IL,מנה חמה פסטה בסגנון אלפרדו 60 גר,גרמים,60.00,100 גרם,false,1,6.90,11.5000,true,1,518244
7290115204056,false,אסם קטשופ מופחת סוכר 690 גר',קריות זול,IL,קטשופ אסם מופחת סוכר 690 גר,גרמים,690.00,100 גרם,false,9,10.90,1.5797,true,1,519068
7290115204698,false,בייגלה שטוחים שומשום בטעם ביסלי גריל 300 ג' אסם,מיוצר עי קונדיטוריית,IL,בייגלה שטוחים שומשום בטעם ביסלי גריל 300,גרמים,300.00,100 גרם,false,1,9.90,3.3000,true,1,519613
7290115205022,false,אוסם - שקדי מרק מקלונים 350 גרם,אסם,IL,שקדי מרק מקלונים 350 גר,גרמים,350.00,100 גרם,false,1,9.90,2.8286,true,1,520491
7290115205121,false,פיטנס בר פרכיות יוגורט תות 84*12 גר',כרמית,,פריכיות פיטנס בר יוגורט תות 84 גר,גרמים,84.00,100 גרם,false,12,12.90,15.3571,true,1,521349
7290115205176,false,פיטנס - קרקר דק כפרי פיטנס 140 גרם,נסטלה Nestle,IL,קרקר פיטנס דק כפרי 140 גר,גרמים,140.00,100 גרם,false,12,10.90,7.7857,true,1,521348
7290115206531,false,אסם קרמוגית במילוי קרם בייגלה 12*200 גרם,אסם-נסטלה,IL,עוגיות קרמוגית במילוי קרם בייגלה 200 גר,גרמים,200.00,100 גרם,false,12,9.90,4.9500,true,1,521090
7290115207941,false,סירופ אננס 1 ל' ויטמינצ'יק,בית-השיטה עסיס תעשיו,IL,ויטמינציק אננס 1 ל,ליטרים,1.00,ליטר,false,1,19.90,19.9000,true,1,523204
7290115207965,false,סירופ מנגו ואפרסק 1 ל' ויטמינצ'יק,בית-השיטה עסיס תעשיו,IL,ויטמינציק מנגו אפרסק 1 ל,ליטרים,1.00,ליטר,false,1,19.90,19.9000,true,1,523207
7290115207989,false,סירופ לימון 1 ל' ויטמינצ'יק,בית-השיטה עסיס תעשיו,IL,ויטמינציק לימון 1 ל,ליטרים,1.00,ליטר,false,1,19.90,19.9000,true,1,523205
7290115208009,false,סירופ ענבים 1ל' ויטמינצ'יק,בית-השיטה עסיס תעשיו,IL,ויטמינציק ענבים 1 ל,ליטרים,1.00,ליטר,false,1,19.90,19.9000,true,1,523208
7290115208047,false,סירופ פטל 1 ל' ויטמינצ'יק,בית-השיטה עסיס תעשיו,IL,ויטמינציק פטל 1 ל,ליטרים,1.00,ליטר,false,1,19.90,19.9000,true,1,523203
7290115208061,false,סירופ תפוח 1ל' ויטמינצ'יק,בית השיטה עסיס תעשיו,IL,ויטמינציק תפוח 1 ל,ליטרים,1.00,ליטר,false,1,19.90,19.9000,true,1,523206
7290115208849,false,"מנה חמה פסטה מוקרמת ט.עוף בד""צ 55גר",קריות זול,IL,מנה חמה פירה בטטה 51 גר,גרמים,51.00,100 גרם,false,12,6.90,13.5294,true,1,527272
7290115254006,false,סוכריות נסיכה 120 גר,,,סוכריות נסיכה 120 גר,גרמים,120.00,100 גרם,false,12,19.90,16.5833,true,1,521693
7290115254105,false,סוכריות פרוזן 120 גר,,,סוכריות פרוזן 120 גר,גרמים,120.00,100 גרם,false,12,19.90,16.5833,true,1,521694
7290115254136,false,סוכריות נשיקות 120 ג,,,סוכריות נשיקות 120 גר,גרמים,120.00,100 גרם,false,12,19.90,16.5833,true,1,521700
7290115254174,false,סוכריות חד קרן 120 ג,,,סוכריות חד קרן 120 גר,גרמים,120.00,100 גרם,false,12,19.90,16.5833,true,1,521701
7290115254181,false,סוכריות מסיבת פסטל 1,,,סוכריות מסיבת פסטל 120 גר,גרמים,120.00,100 גרם,false,12,19.90,16.5833,true,1,521702
7290115254594,false,סוכריות צבעוניות קלא,,,סוכריות צבעוניות קלאסי 120 גר,גרמים,120.00,100 גרם,false,12,19.90,16.5833,true,1,521695
7290115670684,false,גרנולה שיבולת שועל עם אגוזי לוז,אנרג'י Energy - שטראוס,,גרנולה אגוזים 400 גר,גרמים,400.00,100 גרם,false,1,14.90,3.7250,true,1,517847
7290115670691,false,גרנולה שיבולת שועל עם פירות יער,אנרג'י Energy - שטראוס,CZ,גרנולה פירות יער 400 גר,גרמים,400.00,100 גרם,false,1,14.90,3.7250,true,1,517848
7290115670707,false,גרנולה שיבולת שועל עם שוקולד ואגוזי לוז,אנרג'י Energy - שטראוס,CZ,גרנולה שוקולד ואגוזים 400 גר,גרמים,400.00,100 גרם,false,1,14.90,3.7250,true,1,517849
7290115671155,false,שלישיית סוכריות FRESH ענבים 45 ג' בזוקה,ALPRO,,שלישיית סוכריות פרש ענבים 15 גר,גרמים,45.00,100 גרם,false,4,9.90,22.0000,true,1,522772
7290115671339,false,מיני פינוקיות בראוניז בייגל בוטן עלית 180 ג' עלית,הגביע מוצרי ופלים בע,IL,מיני פינוקיות בראוניז בייגל בוטן 180 גר,גרמים,180.00,100 גרם,false,12,10.90,6.0556,true,1,519588
7290115671346,false,מיני פינוקיות טופי קרמל מלוח 180 ג' עלית,הגביע מוצרי ופלים בע,IL,מיני פינוקיות טופי קרמל מלוח 180 גר,גרמים,180.00,100 גרם,false,12,10.90,6.0556,true,1,519589
7290115671353,false,מיני פינוקיות עוגיות קקאו במילוי קרם בטעם וניל,עלית,IL,מיני פינוקיות שחור לבן 180 גר,גרמים,180.00,100 גרם,false,12,10.90,6.0556,true,1,522775
7290115671421,false,פולי אספרסו עשירים וארומטיים עוצמה 10 250 ג' עלית,שטראוס קפה בי.וי,IL,פולי אספרסו עוצמה 10 250 גר,גרמים,250.00,100 גרם,false,1,24.90,9.9600,true,1,523762
7290115675696,false,דגני בוקר קראנצ'ים שיבולת שועל עם אגוזים ושקדים,גלידות שטראוס,IL,קוואקר אגוזים 375 גר,גרמים,375.00,100 גרם,false,6,19.90,5.3067,true,1,519212
7290115675702,false,דגני בוקר קראנצ'ים שיבולת שועל עם פירות מיובשים,גלידות שטראוס,IL,קוואקר פירות 375 גר,גרמים,375.00,100 גרם,false,6,19.90,5.3067,true,1,519213
7290115675719,false,דגני בוקר קראנצ'ים שיבולת שועל וחתיכות שוקולד מריר,קוואקר Quaker,IL,קוואקר שוקולד 375 גר,גרמים,375.00,100 גרם,false,6,19.90,5.3067,true,1,519214
7290115675986,false,יוגורט עם אגוזי לוז ושקדים בקרמל מלוח 4.5%,"שטראוס בריאות בע""מ",IL,דנונה בר עם אגוזים מקורמלים 173 גר,גרמים,173.00,100 גרם,false,12,4.50,2.6012,true,1,516548
7290115676037,false,דנונה ריפרש יוגורט עם תות ודומדמניות 1.6% שומן,מיוצר עי קונדיטוריית,IL,משקה דנונה ריפרש תות דומדמניות 250 גר,גרמים,250.00,100 גרם,false,1,5.90,2.3600,true,1,518486
7290115676051,false,"אקטיביה משקה+שיבולת שועל במתיקות מעודנת 250 מ""ל",מיוצר עי קונדיטוריית,IL,משקה אקטיביה מתיקות מעודנת 265 גר,גרמים,265.00,100 גרם,false,12,4.90,1.8491,true,1,521289
7290115676082,false,משקה דנונה פרו 20 יוגורט תות 255 ג' רבנות,"שטראוס בריאות בע""מ.",IL,משקה יוגורט דנונה פרו תות 255 גר,גרמים,255.00,100 גרם,false,12,6.90,2.7059,true,1,518444
7290115676099,false,משקה דנונה פרו 20 יוגורט וניל 255 ג' רבנות,"שטראוס בריאות בע""מ.",IL,משקה יוגורט דנונה פרו וניל 255 גר,גרמים,255.00,100 גרם,false,12,6.90,2.7059,true,1,518443
7290115676341,false,אריזות דבש אישיות טו גו 18 * 162 ג' יד מרדכי,קריות זול,IL,דבש טהור 18 יח 9 גר 162 גר,גרמים,162.00,100 גרם,false,1,19.90,12.2840,true,1,525892
7290115677089,false,קונפיטורה תפוח וקינמון יד מרדכי 340 ג',"ב.א מזון בע""מ",IL,קונפיטורה יד מרדכי תפוח וקינמון 340 גר,גרמים,340.00,100 גרם,false,6,12.90,3.7941,true,1,519599
7290115677140,false,"תפוצ'יפס WAVY פפריקה, 200 ג'",שטראוס פריטו ליי בע”,IL,חטיף תפוציפס בטעם פפריקה 200 גר,גרמים,200.00,100 גרם,false,12,10.90,5.4500,true,1,527415
7290115677362,false,נודלס טריאקי 350 ג' דלישס,"טרופיקל דגיל בע""מ אז",IL,נודלס טריאקי עם ירקות וסויה דלישס 350 גר,גרמים,350.00,100 גרם,false,1,26.90,7.6857,true,1,520620
7290115677409,false,אורז קארי צהוב עם ירקות ברוטב קארי וקרם קוקוס,אוכל ביתי ניר עציון,IL,אורז קארי צהוב עם ירקות דלישס 350 גר,גרמים,350.00,100 גרם,false,1,26.90,7.6857,true,1,520616
7290115677676,false,חומוס עשיר בטחינה גולמית עם מלא חריף 400 גר אחלה,,,חומוס הסדרה המובחרת בתוספת חריף 400 גר,גרמים,400.00,100 גרם,false,6,13.90,3.4750,true,1,516602
7290115677904,false,חומוס פלפלים חריף 235 גרם אחלה,מיוצר עי קונדיטוריית,IL,חומוס פלפלים חריף 235 גר,גרמים,235.00,100 גרם,false,1,10.90,4.6383,true,1,517864
7290115677966,false,ממרח אבוקדו 200 ג' שטראוס,סנטה אירפואטו,MX,ממרח אבוקדו 200 גר,גרמים,200.00,100 גרם,false,1,14.90,7.4500,true,1,520273
7290115678222,false,מארז 8 גביעים יוגורט Greek בסגנון יווני 6.5% שומן,דנונה - שטראוס,IL,מארז שמיניית יוגורט יווני,Unknown,0.00,Unknown,false,1,24.90,0.0000,true,1,518485
7290115678376,false,מעדן הגולן שוקולד 125 גרם,מיוצר עי קונדיטוריית,IL,מעדן הגולן שוקולד 125 גר,גרמים,125.00,100 גרם,false,24,2.90,2.3200,true,1,519605
7290115678383,false,מעדן הגולן שוקולד מריר 125 גר,מיוצר עי קונדיטוריית,IL,מעדן הגולן שוקולד מריר 125 גר,גרמים,125.00,100 גרם,false,24,2.90,2.3200,true,1,519604
7290115678635,false,נשנושי גבינה -גבינת שמנת 16%+כעכים שטוחים עם מלח,"מחלבת טבע עז בע""מ",IL,נשנושי גבינה 16% עם כעכים שטוחים 67 גר,גרמים,67.00,100 גרם,false,1,9.90,14.7761,true,1,525729
7290115678642,false,נשנושי גבינה 16% עם חטיף אפוי עם זיתים 67 ג' שטראוס,"מחלבת טבע עז בע""מ",IL,נשנושי גבינה 16% עם חטיף אפוי 67 גר,גרמים,67.00,100 גרם,false,1,9.90,14.7761,true,1,525728
7290115678970,false,מארז סוכריות FRESH בטעם בזוקה עלית 3*15 ג',,,שלישיית סוכריות פרש בטעם בזוקה 45 גר,גרמים,45.00,100 גרם,false,4,9.90,22.0000,true,1,519597
7290116530062,false,הלמנס לסלט ויניגרט 295 גרם,הלמנס hellmann's,IL,רוטב הלמנס ויניגרט 295 גר,גרמים,295.00,100 גרם,false,12,10.90,3.6949,true,1,519032
7290116530147,false,"תחליב רחצה שייק פירות יער ירוקים ומאצה פינוק 700 מ""ל",יוניליוור ישראל טיפו,IL,תחליב רחצה פינוק פירות יער 700 מל,מיליליטרים,700.00,"100 מ""ל",false,12,9.90,1.4143,true,1,518539
7290116530161,false,"תחליב רחצה שייק אננס , מלון וחלב פינוק 700 מ""ל",יוניליוור ישראל טיפו,IL,תחליב רחצה פינוק אננס 700 מל,מיליליטרים,700.00,"100 מ""ל",false,12,9.90,1.4143,true,1,518541
7290116530185,false,דגני בוקר דלישקד קרמל מלוח 400 ג' תלמה,יוניליוור שפע ישראל,IL,דלישקד תלמה 400 גר,גרמים,400.00,100 גרם,false,12,21.90,5.4750,true,1,520375
7290116530482,false,מארז קורנפלקס של אלופים 5*30 ג' תלמה,פרו מן-יו פתרנות ארי,IL,קורנפלקס אלופים חמישייה 150 גר,גרמים,150.00,100 גרם,false,1,11.90,7.9333,true,1,520364
7290116530871,false,מיקס נשנושים 240 ג' בייגל בייגל,בייגל בייגל BB,IL,נשנושים מיקס 240 גר,גרמים,240.00,100 גרם,false,1,10.90,4.5417,true,1,518535
7290116530888,false,ג'ל לכביסה לבנה וצבעונית פינוק כחול בדין 2.5 ל',"זוהר דליה, קיבוץ דלי",IL,גל כביסה בדין פינוק קלאסי 2.5 ל,ליטרים,2.50,ליטר,false,6,29.90,11.9600,true,1,519286
7290116531045,false,"דליפקאן ללא גלוטן כשל""פ, 350 גרם","מולינו ניקולי S.p.A,",IT,דליפקאן ללא גלוטן 350 גר,גרמים,350.00,100 גרם,false,1,19.90,5.6857,true,1,523831
7290116531090,false,דג-דג חטיף אפוי במליחות מעודנת 250 גרם,"דרך השוקולד 1, צפת 1",IL,חטיף דגדג במליחות מעודנת 250 גר,גרמים,250.00,100 גרם,false,1,9.90,3.9600,true,1,523011
7290116531311,false,קליק - חטיף אוקי בלאק שוקולד לבן 35 גרם,יוניליוור ישראל מזון,IL,חטיף קליק אוקי בלאק שוקולד לבן 35 גר,גרמים,35.00,100 גרם,false,24,4.90,14.0000,true,1,525182
7290116531328,false,קליק - חטיף אוקי בלאק שוקולד חלב 35 גרם,יוניליוור ישראל מזון,IL,חטיף קליק אוקי בלאק שוקולד חלב 35 גר,גרמים,35.00,100 גרם,false,24,4.90,14.0000,true,1,525183
7290116531496,false,דגני בוקר קינמונים 375 ג' תלמה,נאוג'אזיס נווזיס UAB,LT,קינמונים 375 גר,גרמים,375.00,100 גרם,false,10,18.90,5.0400,true,1,523688
7290116531762,false,בדין - דפים למייבש כביסה ורוד 40 יחידות,קריות זול,US,בדין דפים למייבש ורוד,Unknown,0.00,Unknown,false,12,17.90,0.0000,true,1,524737
7290116531779,false,בדין - דפים למייבש כביסה כחול 40 יחידות,קריות זול,US,בדין דפים למייבש כחול,Unknown,0.00,Unknown,false,1,17.90,0.0000,true,1,524738
7290116531793,false,הלמנס רוטב לסלט קיסר 295 גרם,יוניליוור ישראל מזון,IL,רוטב הלמנס קיסר 295 גר,גרמים,295.00,100 גרם,false,12,10.90,3.6949,true,1,521340
7290116531885,false,הלמנס ממרח טבעוני 500 גרם,יוניליוור ישראל מזון,IL,ממרח הלמנס טבעוני 500 גר,גרמים,500.00,100 גרם,false,8,12.90,2.5800,true,1,525945
7290116531908,false,רוטב מרינדה לגריל 340 ג' קנור,אתר חיפה 778,,רוטב מרינדה על האש 340 גר,גרמים,340.00,100 גרם,false,12,10.90,3.2059,true,1,523689
7290116531977,false,"דאו ספריי סקייט וורדים 150 מ""ל אקס",יוניליוור,GB,דאו ספריי אקס אקסייט 150 מל,מיליליטרים,150.00,"100 מ""ל",false,6,14.90,9.9333,true,1,526727
7290116532240,false,קליק טבלה שוקולד חלב פצפוצי דגנים ועוגי 85 גרם רבנות,אתר צפת טבלאות ותעשי,IL,שוקולד קליק חלב פצפוצי דגנים ועוגיות 85,גרמים,85.00,100 גרם,false,12,5.90,6.9412,true,1,525184
7290116532264,false,מאגדת גודיז פרי אפרסק יוגורט בציפוי 300 ג' שטראוס,"גלידת שטראוס בע""מ, ר",IL,מאגדת גלידות גודיז יוגורט אפרסק 342 גר,גרמים,300.00,100 גרם,false,8,23.90,7.9667,true,1,523833
7290116532271,false,סנדוויץ לייט גודיז שוקולד וניל 270 ג' שטראוס,"גלידת שטראוס בע""מ, ר",IL,מאגדת גלידות גודיז מיני סנדוויץ 320 גר,גרמים,270.00,100 גרם,false,6,26.90,9.9630,true,1,523836
7290116532387,false,"אל סבון ידיים נוזלי חמאת שיאה 950 מ""ל פינוק",,,סבון ידיים נוזלי חמאת שיאה פינוק 950 מל,מיליליטרים,950.00,"100 מ""ל",false,12,11.90,1.2526,true,1,523692
7290116532394,false,"אל סבון ידיים נוזלי חמאת קקאו 950 מ""ל פינוק",,,סבון ידיים נוזלי חמאת קקאו פינוק 950 מל,מיליליטרים,950.00,"100 מ""ל",false,12,11.90,1.2526,true,1,523691
7290116532462,false,גלידת שמנת קליק בטעמי שוקולד בננה 384 ג' שטראוס,"גלידת שטראוס בע""מ, ר",IL,גלידה קליק שוקולד בננה 384 גר,גרמים,384.00,100 גרם,false,1,19.90,5.1823,true,1,525271
7290116532479,false,קליק גלידת שמנת בטעמי שוקולד לבן עוגיות 384 ג' שטראוס,"גלידת שטראוס בע""מ, ר",IL,גלידה קליק שוקולד לבן עוגיות 384 גר,גרמים,384.00,100 גרם,false,1,19.90,5.1823,true,1,525270
7290116532486,false,גלידת שמנת קליק בטעמי וניל קרמל מלוח 384 ג' שטראוס,"גלידת שטראוס בע""מ, ר",IL,גלידה קליק וניל קרמל 384 גר,גרמים,384.00,100 גרם,false,1,19.90,5.1823,true,1,525269
7290116532585,false,דגני בוקר ברנפלקס קרנצ'ים בטעם דבש וקינמון,יוניליוור שפע ישראל,IL,קרנצים ברנפלקס דבש קינמון 400 גר,גרמים,400.00,100 גרם,false,12,19.90,4.9750,true,1,525220
7290116532721,false,רוטב הלמנס ישראלי לסלט לימון וזעתר 305 ג,יוניליוור,IL,רוטב הלמנס לסלט ישראלי 295 גר,גרמים,295.00,100 גרם,false,12,10.90,3.6949,true,1,526726
7290116532738,false,רוטב לסלט הלמנס איטלקי בז' ואורגנו 305 ג,יוניליוור,IL,רוטב הלמנס לסלט איטלקי 295 גר,גרמים,295.00,100 גרם,false,12,10.90,3.6949,true,1,526725
7290116532769,false,"גרנולה פרוטאין בתוספת חלבון, תפוח וקינמון",יוניליוור,IL,גרנולה תלמה פרוטאין תפוח וקינמון 300 גר,גרמים,300.00,100 גרם,false,10,15.90,5.3000,true,1,525445
7290116533094,false,"פינוק שמפו שיער בניחוח ורדים לבנים 700 מ""ל",יוניליוור,,פינוק שמפו בניחוח וורדים לבנים 700 מל,מיליליטרים,700.00,"100 מ""ל",false,12,10.90,1.5571,true,1,526734
7290116533100,false,"פינוק מרכך שיער בניחוח ורדים לבנים 700 מ""ל",יוניליוור,IL,מרכך בניחוח וורדים לבנים פינוק 700 מל,מיליליטרים,700.00,"100 מ""ל",false,12,10.90,1.5571,true,1,526735
7290116533117,false,"פינוק - תחליב רחצה בניחוח ורדים לבנים 700 מ""ל",יוניליוור,IL,תחליב רחצה פינוק וורדים לבנים 700 מל,מיליליטרים,700.00,"100 מ""ל",false,12,9.90,1.4143,true,1,526733
7290116533230,false,דגני בוקר דליאגוז 40,תלמה,IL,דגני בוקר דליאגוז 400 גר,גרמים,400.00,100 גרם,false,12,21.90,5.4750,true,1,528679
7290116930282,false,ארוחה בקטנה לאבנה עם קרקרים 150ג' תנובה,תנובה,IL,ארוחה בקטנה לאבנה עם קרקרים 150 גר,גרמים,150.00,100 גרם,false,1,7.90,5.2667,true,1,526553
7290116930435,false,יוגורט יופלה GO במרקם סמיך עם דובדבן 0%,תנובה מרכז שיתופי לש,IL,יוגורט גו במרקם סמיך 0% דובדבן 200 גר,גרמים,200.00,100 גרם,false,12,5.90,2.9500,true,1,524310
7290116930459,false,"משקה SHAKE בננה אננס וקוקוס 230 מ""ל יופלה",יופלה Yoplait,IL,יופלה סנייק בננה אננס וקוקוס 230 מל,מיליליטרים,230.00,"100 מ""ל",false,1,7.90,3.4348,true,1,525553
7290116930466,false,"משקה SHAKE בננה מנגן פסיפלורה והל 230 מ""ל יופלה",יופלה Yoplait,IL,יופלה סנייק מנגו בננה פסיפלורה הל 230 מל,מיליליטרים,230.00,"100 מ""ל",false,1,7.90,3.4348,true,1,525552
7290116930480,false,"משקה SHAKE בננה קיווי תפוח 230 מ""ל יופלה",יופלה Yoplait,IL,יופלה סנייק בננה קיווי תפוח 230 מל,מיליליטרים,230.00,"100 מ""ל",false,1,7.90,3.4348,true,1,525551
7290116930626,false,ארוחה בקטנה ציזיקי עם קרקרים 150ג' תנובה,תנובה,IL,ארוחה בקטנה ציזיקי עם קרקרים 150 גר,גרמים,150.00,100 גרם,false,1,7.90,5.2667,true,1,526554
7290116930701,false,מעדן חלב GO מועשר בחלבון בטעם קרמל מלוח,תנובה מרכז שיתופי לש,IL,מעדן חלב גו בטעם קרמל מלוח 120 גר,גרמים,120.00,100 גרם,false,20,4.90,4.0833,true,1,525549
7290116930725,false,סויה BIO קוקוס גביע 150 גרם אלטרנטיב,תנובה בעמ,IL,מעדן סויה ביו קוקוס 150 גר,גרמים,150.00,100 גרם,false,1,4.50,3.0000,true,1,526142
7290116930954,false,יוגורט טעם פאי תפוחים 3% 150 ג' יופלה,"תנובה בע""מ",IL,יופלה בטעם פאי תפוחים 3% 150 גר,גרמים,150.00,100 גרם,false,1,4.90,3.2667,true,1,527662
7290116931081,false,מעדן סויה - טופי קרמל 125 גרם אלטרנטיב,תנובה מרכז שיתופי לש,IL,מעדן סויה בטעם טופי קרמל 125 גר,גרמים,125.00,100 גרם,false,1,3.90,3.1200,true,1,526555
7290117260029,false,קונפיטורה דובדבנים 380 ג' ויליפוד,וילי פוד,,קונפיטורה דובדבנים 380 גר,גרמים,380.00,100 גרם,false,12,9.90,2.6053,true,1,521808
7290117260050,false,קונפיטורה חבושים 380 ג' ויליפוד,וילי פוד,,קונפיטורה חבושים 380 גר,גרמים,380.00,100 גרם,false,12,9.90,2.6053,true,1,521806
7290117260098,false,חטיף גבינה לבנה בטעם,,,חטיף גבינה בטעם וניל בציפוי שוקולד 120 ג,גרמים,120.00,100 גרם,false,1,11.90,9.9167,true,1,526306
7290117260227,false,קפה טורקי אמיתי 100 גר',,,קפה טורקי אמיתי מטורקיה 100 גר,גרמים,100.00,100 גרם,false,1,5.90,5.9000,true,1,523053
7290117260401,false,גבינת מוצרלה מגורדת 25% שומן 500 ג' יורו,MEVGAL,TR,גבינת מוצרלה מגורדת 500 גר,גרמים,500.00,100 גרם,false,1,29.90,5.9800,true,1,523060
7290117260456,false,גבינה בולגרית מעודנת למריחה עם זיתים 5% שומן 200 ג' יורו,,,גבינה בולגרית למריחה 5% זיתים 200 גר,גרמים,200.00,100 גרם,false,1,9.90,4.9500,true,1,524625
7290117260470,false,גבינה בולגרית מעודנת למריחה עם שום 5% שומן 200 ג' יורו,,,גבינה בולגרית למריחה 5% שום 200 גר,גרמים,200.00,100 גרם,false,1,9.90,4.9500,true,1,524624
7290117260821,false,גבינת כבשים צ'אנק עם פטריות כמהין 150 ג' אל פסטור,,,גבינת כבשים צאנק עם פטריות כמהין 150 גר,גרמים,150.00,100 גרם,false,8,27.90,18.6000,true,1,521821
7290117260906,false,פופקורן בטעם פירות 90 ג' ויליפוד,אלאלסי,UA,פופקורן בטעם פירות 90 גר,גרמים,90.00,100 גרם,false,12,7.90,8.7778,true,1,523343
7290117260920,false,קרקרים ללא גלוטן 125 ג' ויליפוד,ארמנדומודיאה אס.אר.א,IT,קרקרים ללא גלוטן 125 גר,גרמים,125.00,100 גרם,false,,9.90,7.9200,true,1,523947
7290117260937,false,קרקרים עם עגבניות ואורגנו ללא גלוטן 125 ג' ויליפוד,ארמנדומודיאה אס.אר.א,IT,קרקרים עגבניות ואורגנו ללא גלוטן 125 גר,גרמים,125.00,100 גרם,false,,9.90,7.9200,true,1,523948
7290117260944,false,מיני גריסיני+שמן זית ללא גלוטן 125 גרם חלב נוכרי,וילי פוד,,מיני גריסיני עם שמן זית ללא גלוטן 125 גר,גרמים,125.00,100 גרם,false,,9.90,7.9200,true,1,523946
7290117260951,false,ביסקוויטים ופירות הדר ללא גלוטן 125 ג' ויליפוד,וילי פוד,,ביסקוויט פירות הדר ללא גלוטן 125 גר,גרמים,125.00,100 גרם,false,,9.90,7.9200,true,1,523950
7290117260968,false,ביסקוויטים ללא גלוטן 125 ג' ויליפוד,וילי פוד,,ביסקוויט ללא גלוטן 125 גר,גרמים,125.00,100 גרם,false,,9.90,7.9200,true,1,523949
7290117261002,true,זיתי קלמטה במי מלח 3,,,זיתי קלמטה במי מלח 350 גר,גרמים,350.00,100 גרם,false,1,8.90,2.5429,true,1,525522
7290117261033,true,זיתים שחורים מיובשים,,,זיתים שחורים מיובשים בסגנון טאסוס 200 גר,גרמים,200.00,100 גרם,false,1,8.90,4.4500,true,1,525527
7290117261057,false,זוג קינוחים בטעם קרם עוגיות 140ג',,,זוג קינוחים בטעם קרם עוגיות 140 גר,גרמים,140.00,100 גרם,false,1,9.90,7.0714,true,1,524622
7290117261101,false,זוג קינוחים בטעם שוקולד ואגוזי לוז 140ג',,,זוג קינוחים בטעם שוקולד ואגוזים 140 גר,גרמים,140.00,100 גרם,false,1,9.90,7.0714,true,1,524620
7290117261118,false,זוג קינוחים בטעם שוקולד בציפוי שוקולד חלב 140ג',Euro יורו מחלבות אירופה,,זוג קינוחים בטעם שוקולד מצופה 140 גר,גרמים,140.00,100 גרם,false,1,9.90,7.0714,true,1,524618
7290117261132,false,זוג קינוחים בטעם קרמל מלוח 70*2 גרם יור,,,זוג קינוחים בטעם קרמל מלוח 140 גר,גרמים,140.00,100 גרם,false,1,9.90,7.0714,true,1,524616
7290117261354,false,גבינת ריקוטה 200ג5%שומן,באלבן גידה סנאי,TR,גבינת ריקוטה 5% 200 גר,גרמים,200.00,100 גרם,false,1,9.90,4.9500,true,1,526315
7290117261927,false,גבינת פקורינו מחלב כ,,,גבינת פקורינו מחלב כבשים צאנק 150 גר,גרמים,150.00,100 גרם,false,1,19.90,13.2667,true,1,525515
7290117262054,true,וופל במילוי שוקולד ש,,,וופל במילוי שוקולד שוויצרי 200 גר,גרמים,200.00,100 גרם,false,1,11.90,5.9500,true,1,525520
7290117262160,false,גבינה כפרית חצי קשה 200ג' 20%שומן,,,גבינה כפרית חצי קשה 200 גר,גרמים,200.00,100 גרם,false,1,14.90,7.4500,true,1,527801
7290117380178,false,"סוויט פוף שוקולד חלב, 50 גרם","טחנת האבן תעשיות בע""",IL,סוויט פוף שוקולד חלב 50 גר,גרמים,50.00,100 גרם,false,1,4.90,9.8000,true,1,525015
7290117380185,false,סוויט פוף שוקולד חלב,"טחנת האבן תעשיות בע""",IL,סוויט פוף שוקולד חלב לבן 50 גר,גרמים,50.00,100 גרם,false,1,4.90,9.8000,true,1,525016
7290117380192,false,פוף קראנצ' בטעם גריל 60 גר',מנה,IL,חטיף פוף קראנץ בטעם גריל 60 גרם,גרמים,60.00,100 גרם,false,1,4.90,8.1667,true,1,521629
7290117380208,false,פוף קראנצ' בטעם חמוץ חריף 60 גר',מנה,IL,חטיף פוף קראנץ בטעם חמוץ חריף 60 גרם,גרמים,60.00,100 גרם,false,1,4.90,8.1667,true,1,521630
7290117380215,false,פוף קראנצ' בטעם טאקו 60 גר',מנה,IL,חטיף פוף קראנץ בטעם טאקו 60 גרם,גרמים,60.00,100 גרם,false,1,4.90,8.1667,true,1,521631
7290117380864,false,עוגות בראוניס אישיות בטעם שוקולד 120 ג' סלים דליס פייבר,הלמה הלום,NL,חטיף מרבה סלים דליס פייבר שוקולד 120 גר,גרמים,120.00,100 גרם,false,1,11.90,9.9167,true,1,524935
7290117380871,false,עוגות אישיות בטעם אוכמניות 120 ג' סלים דליס פייבר,הלמה הלום,NL,חטיף מרבה סלים דליס פייבר אוכמניות 120 ג,גרמים,120.00,100 גרם,false,1,11.90,9.9167,true,1,524933
7290117380888,false,עוגיות סנדוויץ' מרבה 140 ג' טייק אווי,,,עוגיות סנדוויץ מרבה 140 גר,גרמים,140.00,100 גרם,false,1,9.90,7.0714,true,1,526601
7290117381182,false,רוטב סרירציה מאסטר ש,,,רוטב סרירצה מאסטר שף 360 מל,מיליליטרים,360.00,"100 מ""ל",false,1,14.90,4.1389,true,1,527587
7290117381205,false,שמן שומשום מאסטר שף,,,שמן שומשום מאסטר שף 370 מל,מיליליטרים,370.00,"100 מ""ל",false,1,24.90,6.7297,true,1,527586
7290117381229,false,פוף פריכיות מצופות שוקולד חלב 70 ג,,,פריכיות מצופות שוקולד חלב פוף 70 גר,גרמים,70.00,100 גרם,false,1,7.90,11.2857,true,1,526522
7290117381236,false,פוף פריכיות מצופות שוקולד מריר 70 ג,,,פריכיות מצופות שוקולד מריר פוף 70 גר,גרמים,70.00,100 גרם,false,1,7.90,11.2857,true,1,526521
7290117381243,false,פוף פריכיות מצופות שוקולד חלב ותות 70 ג,,,פריכיות מצופות שוקולד חלב ותות פוף 70 גר,גרמים,70.00,100 גרם,false,1,7.90,11.2857,true,1,526519
7290117381250,false,פוף פריכיות מצופות שוקולד מריר ותפוז 70 ג,,,פריכיות מצופות שוקולד מריר ותפוז פוף 70,גרמים,70.00,100 גרם,false,1,7.90,11.2857,true,1,526520
7290117560334,true,קופון ציפר,,,קופון ציפר,Unknown,0.00,Unknown,false,1,0.01,0.0000,true,1,520449
7290117560341,true,קופון ציפר,,,קופון ציפר,Unknown,0.00,Unknown,false,1,0.01,0.0000,true,1,520450
7290117560358,true,קופון ציפר,,,קופון ציפר,Unknown,0.00,Unknown,false,1,0.01,0.0000,true,1,520451
7290117560365,true,קופון ציפר,,,קופון ציפר,Unknown,0.00,Unknown,false,1,0.01,0.0000,true,1,520452
7290117560372,true,קופון ציפר,,,קופון ציפר,Unknown,0.00,Unknown,false,1,0.01,0.0000,true,1,520453
7290117560389,true,קופון ציפר,,,קופון ציפר,Unknown,0.00,Unknown,false,1,0.01,0.0000,true,1,520454
7290117560396,true,קופון ציפר,,,קופון ציפר,Unknown,0.00,Unknown,false,1,0.01,0.0000,true,1,520455
7290117560402,true,קופון ציפר,,,קופון ציפר,Unknown,0.00,Unknown,false,1,0.01,0.0000,true,1,520456
7290117560419,true,קופון ציפר,,,קופון ציפר,Unknown,0.00,Unknown,false,1,0.01,0.0000,true,1,520457
7290117560426,true,קופון ציפר,,,קופון ציפר,Unknown,0.00,Unknown,false,1,0.01,0.0000,true,1,520458
7290117560433,true,קופון ציפר,,,קופון ציפר,Unknown,0.00,Unknown,false,1,0.01,0.0000,true,1,520459
7290117560440,true,קופון ציפר,,,קופון ציפר,Unknown,0.00,Unknown,false,1,0.01,0.0000,true,1,520460
7290117560457,true,קופון ציפר,,,קופון ציפר,Unknown,0.00,Unknown,false,1,0.01,0.0000,true,1,520461
7290117560464,true,קופון ציפר,,,קופון ציפר,Unknown,0.00,Unknown,false,1,0.01,0.0000,true,1,520462
7290117560471,true,קופון ציפר,,,קופון ציפר,Unknown,0.00,Unknown,false,1,0.01,0.0000,true,1,520463
7290117560488,true,קופון ציפר,,,קופון ציפר,Unknown,0.00,Unknown,false,1,0.01,0.0000,true,1,520464
7290117560525,true,קופון ציפר,,,קופון ציפר,Unknown,0.00,Unknown,false,1,0.01,0.0000,true,1,520468
7290117560532,true,קופון ציפר,,,קופון ציפר,Unknown,0.00,Unknown,false,1,0.01,0.0000,true,1,520469
7290117560549,true,קופון ציפר,,,קופון ציפר,Unknown,0.00,Unknown,false,1,0.01,0.0000,true,1,520470
7290117560563,true,קופון ציפר,,,קופון ציפר,Unknown,0.00,Unknown,false,1,0.01,0.0000,true,1,520472
7290117560570,true,קופון ציפר,,,קופון ציפר,Unknown,0.00,Unknown,false,1,0.01,0.0000,true,1,520473
7290117560594,true,קופון ציפר,,,קופון ציפר,Unknown,0.00,Unknown,false,1,0.01,0.0000,true,1,520475
7290117560600,true,קופון ציפר,,,קופון ציפר,Unknown,0.00,Unknown,false,1,0.01,0.0000,true,1,520476
7290117560624,true,קופון ציפר,,,קופון ציפר,Unknown,0.00,Unknown,false,1,0.01,0.0000,true,1,520478
7290117560631,true,קופון ציפר,,,קופון ציפר,Unknown,0.00,Unknown,false,1,0.01,0.0000,true,1,520479
7290117560655,true,קופון ציפר,,,קופון ציפר,Unknown,0.00,Unknown,false,1,0.01,0.0000,true,1,520480
7290117560662,true,קופון ציפר,,,קופון ציפר,Unknown,0.00,Unknown,false,1,0.01,0.0000,true,1,520482
7290117560679,true,קופון ציפר,,,קופון ציפר,Unknown,0.00,Unknown,false,1,0.01,0.0000,true,1,520483
7290117560686,true,קופון ציפר,,,קופון ציפר,Unknown,0.00,Unknown,false,1,0.01,0.0000,true,1,520487
7290117560693,true,קופון ציפר,,,קופון ציפר,Unknown,0.00,Unknown,false,1,0.01,0.0000,true,1,520481
7290117560716,true,קופון ציפר,,,קופון ציפר,Unknown,0.00,Unknown,false,1,0.01,0.0000,true,1,520486
7290117560723,true,קופון ציפר,,,קופון ציפר,Unknown,0.00,Unknown,false,1,0.01,0.0000,true,1,520488
7290117560730,true,קופון ציפר,,,קופון ציפר,Unknown,0.00,Unknown,false,1,0.01,0.0000,true,1,521144
7290117560747,true,קופון ציפר,,,קופון ציפר,Unknown,0.00,Unknown,false,1,0.01,0.0000,true,1,521168
7290117560754,true,קופון ציפר,,,קופון ציפר,Unknown,0.00,Unknown,false,1,0.01,0.0000,true,1,521169
7290117560761,true,קופון ציפר,,,קופון ציפר,Unknown,0.00,Unknown,false,1,0.01,0.0000,true,1,521170
7290117560778,true,קופון ציפר,,,קופון ציפר,Unknown,0.00,Unknown,false,1,0.01,0.0000,true,1,521171
7290117560785,true,קופון ציפר,,,קופון ציפר,Unknown,0.00,Unknown,false,1,0.01,0.0000,true,1,521172
7290117560792,true,קופון ציפר,,,קופון ציפר,Unknown,0.00,Unknown,false,1,0.01,0.0000,true,1,521173
7290117560808,true,קופון ציפר,,,קופון ציפר,Unknown,0.00,Unknown,false,1,0.01,0.0000,true,1,521174
7290117560822,true,קופון ציפר,,,קופון ציפר,Unknown,0.00,Unknown,false,1,0.01,0.0000,true,1,521176
7290117560839,true,קופון ציפר,,,קופון ציפר,Unknown,0.00,Unknown,false,1,0.01,0.0000,true,1,521177
7290117560846,true,קופון ציפר,,,קופון ציפר,Unknown,0.00,Unknown,false,1,0.01,0.0000,true,1,521178
7290117560853,true,קופון ציפר,,,קופון ציפר,Unknown,0.00,Unknown,false,1,0.01,0.0000,true,1,521179
7290117560860,true,קופון ציפר,,,קופון ציפר,Unknown,0.00,Unknown,false,1,0.01,0.0000,true,1,521180
7290117560877,true,קופון ציפר,,,קופון ציפר,Unknown,0.00,Unknown,false,1,0.01,0.0000,true,1,521181
7290117560884,true,קופון ציפר,,,קופון ציפר,Unknown,0.00,Unknown,false,1,0.01,0.0000,true,1,521182
7290117560891,true,קופון ציפר,,,קופון ציפר,Unknown,0.00,Unknown,false,1,0.01,0.0000,true,1,521183
7290117560907,true,קופון ציפר,,,קופון ציפר,Unknown,0.00,Unknown,false,1,0.01,0.0000,true,1,521188
7290117560914,true,קופון ציפר,,,קופון ציפר,Unknown,0.00,Unknown,false,1,0.01,0.0000,true,1,521185
7290117560921,true,קופון ציפר,,,קופון ציפר,Unknown,0.00,Unknown,false,1,0.01,0.0000,true,1,521186
7290117560952,true,קופון ציפר,,,קופון ציפר,Unknown,0.00,Unknown,false,1,0.01,0.0000,true,1,521281
7290117560969,true,קופון ציפר,,,קופון ציפר,Unknown,0.00,Unknown,false,1,0.01,0.0000,true,1,521282
7290117560976,true,קופון ציפר,,,קופון ציפר,Unknown,0.00,Unknown,false,1,0.01,0.0000,true,1,521283
7290117560983,true,קופון ציפר,,,קופון ציפר,Unknown,0.00,Unknown,false,1,0.01,0.0000,true,1,521284
7290117560990,true,קופון ציפר,,,קופון ציפר,Unknown,0.00,Unknown,false,1,0.01,0.0000,true,1,521285
7290117561003,true,קופון ציפר,,,קופון ציפר,Unknown,0.00,Unknown,false,1,0.01,0.0000,true,1,521286
7290117561010,true,קופון ציפר,,,קופון ציפר,Unknown,0.00,Unknown,false,1,0.01,0.0000,true,1,521495
7290117561027,true,קופון ציפר,,,קופון ציפר,Unknown,0.00,Unknown,false,1,0.01,0.0000,true,1,521496
7290117561034,true,קופון ציפר,,,קופון ציפר,Unknown,0.00,Unknown,false,1,0.01,0.0000,true,1,521497
7290117561041,true,קופון ציפר,,,קופון ציפר,Unknown,0.00,Unknown,false,1,0.01,0.0000,true,1,521498
7290117561058,true,קופון ציפר,,,קופון ציפר,Unknown,0.00,Unknown,false,1,0.01,0.0000,true,1,521499
7290117561065,true,קופון ציפר,,,קופון ציפר,Unknown,0.00,Unknown,false,1,0.01,0.0000,true,1,521500
7290117561072,true,קופון ציפר,,,קופון ציפר,Unknown,0.00,Unknown,false,1,0.01,0.0000,true,1,521501
7290117561089,true,קופון ציפר,,,קופון ציפר,Unknown,0.00,Unknown,false,1,0.01,0.0000,true,1,521502
7290117561096,true,קופון ציפר,,,קופון ציפר,Unknown,0.00,Unknown,false,1,0.01,0.0000,true,1,521503
7290117561102,true,קופון ציפר,,,קופון ציפר,Unknown,0.00,Unknown,false,1,0.01,0.0000,true,1,521504
7290117561119,true,קופון ציפר,,,קופון ציפר,Unknown,0.00,Unknown,false,1,0.01,0.0000,true,1,521505
7290117561126,true,קופון ציפר,,,קופון ציפר,Unknown,0.00,Unknown,false,1,0.01,0.0000,true,1,521506
7290117561133,true,קופון ציפר,,,קופון ציפר,Unknown,0.00,Unknown,false,1,0.01,0.0000,true,1,521507
7290117561140,true,קופון ציפר,,,קופון ציפר,Unknown,0.00,Unknown,false,1,0.01,0.0000,true,1,521508
7290117561157,true,קופון ציפר,,,קופון ציפר,Unknown,0.00,Unknown,false,1,0.01,0.0000,true,1,521509
7290117561164,true,קופון ציפר,,,קופון ציפר,Unknown,0.00,Unknown,false,1,0.01,0.0000,true,1,521510
7290117561171,true,קופון ציפר,,,קופון ציפר,Unknown,0.00,Unknown,false,1,0.01,0.0000,true,1,521511
7290117561188,true,קופון ציפר,,,קופון ציפר,Unknown,0.00,Unknown,false,1,0.01,0.0000,true,1,521512
7290117561195,true,קופון ציפר,,,קופון ציפר,Unknown,0.00,Unknown,false,1,0.01,0.0000,true,1,521513
7290117561201,true,קופון ציפר,,,קופון ציפר,Unknown,0.00,Unknown,false,1,0.01,0.0000,true,1,521514
7290117561218,true,קופון ציפר,,,קופון ציפר,Unknown,0.00,Unknown,false,1,0.01,0.0000,true,1,521515
7290117561225,true,קופון ציפר,,,קופון ציפר,Unknown,0.00,Unknown,false,1,0.01,0.0000,true,1,521516
7290117561232,true,קופון ציפר,,,קופון ציפר,Unknown,0.00,Unknown,false,1,0.01,0.0000,true,1,521517
7290117561249,true,קופון ציפר,,,קופון ציפר,Unknown,0.00,Unknown,false,1,0.01,0.0000,true,1,521518
7290117561256,true,קופון ציפר,,,קופון ציפר,Unknown,0.00,Unknown,false,1,0.01,0.0000,true,1,522265
7290117561263,true,קופון ציפר,,,קופון ציפר,Unknown,0.00,Unknown,false,1,0.01,0.0000,true,1,522266
7290117561270,true,קופון ציפר,,,קופון ציפר,Unknown,0.00,Unknown,false,1,0.01,0.0000,true,1,522267
7290117561294,true,קופון ציפר,,,קופון ציפר,Unknown,0.00,Unknown,false,1,0.01,0.0000,true,1,522269
7290117561355,true,קופון ציפר,,,קופון ציפר,Unknown,0.00,Unknown,false,1,0.01,0.0000,true,1,522275
7290117561362,true,קופון ציפר,,,קופון ציפר,Unknown,0.00,Unknown,false,1,0.01,0.0000,true,1,522276
7290117561379,true,קופון ציפר,,,קופון ציפר,Unknown,0.00,Unknown,false,1,0.01,0.0000,true,1,522277
7290117561386,true,קופון ציפר,,,קופון ציפר,Unknown,0.00,Unknown,false,1,0.01,0.0000,true,1,522278
7290117561393,true,קופון ציפר,,,קופון ציפר,Unknown,0.00,Unknown,false,1,0.01,0.0000,true,1,522279
7290117561409,true,קופון ציפר,,,קופון ציפר,Unknown,0.00,Unknown,false,1,0.01,0.0000,true,1,522280
7290117561416,true,קופון ציפר,,,קופון ציפר,Unknown,0.00,Unknown,false,1,0.01,0.0000,true,1,522281
7290117561423,true,קופון ציפר,,,קופון ציפר,Unknown,0.00,Unknown,false,1,0.01,0.0000,true,1,522282
7290117561430,true,קופון ציפר,,,קופון ציפר,Unknown,0.00,Unknown,false,1,0.01,0.0000,true,1,522283
7290117561447,true,קופון ציפר,,,קופון ציפר,Unknown,0.00,Unknown,false,1,0.01,0.0000,true,1,522284
7290117561454,true,קופון ציפר,,,קופון ציפר,Unknown,0.00,Unknown,false,1,0.01,0.0000,true,1,522285
7290117561461,true,קופון ציפר,,,קופון ציפר,Unknown,0.00,Unknown,false,1,0.01,0.0000,true,1,522286
7290117561478,true,קופון ציפר,,,קופון ציפר,Unknown,0.00,Unknown,false,1,0.01,0.0000,true,1,522287
7290117561485,true,קופון ציפר,,,קופון ציפר,Unknown,0.00,Unknown,false,1,0.01,0.0000,true,1,522288
7290117561492,true,קופון ציפר,,,קופון ציפר,Unknown,0.00,Unknown,false,1,0.01,0.0000,true,1,522289
7290117561508,true,קופון ציפר,,,קופון ציפר,Unknown,0.00,Unknown,false,1,0.01,0.0000,true,1,522290
7290117561515,true,קופון ציפר,,,קופון ציפר,Unknown,0.00,Unknown,false,1,0.01,0.0000,true,1,522291
7290117561522,true,קופון ציפר,,,קופון ציפר,Unknown,0.00,Unknown,false,1,0.01,0.0000,true,1,522292
7290117561539,true,קופון ציפר,,,קופון ציפר,Unknown,0.00,Unknown,false,1,0.01,0.0000,true,1,522293
7290117561546,true,קופון ציפר,,,קופון ציפר,Unknown,0.00,Unknown,false,1,0.01,0.0000,true,1,522294
7290117561553,true,קופון ציפר,,,קופון ציפר,Unknown,0.00,Unknown,false,1,0.01,0.0000,true,1,522295
7290117561560,true,קופון ציפר,,,קופון ציפר,Unknown,0.00,Unknown,false,1,0.01,0.0000,true,1,522296
7290117561577,true,קופון ציפר,,,קופון ציפר,Unknown,0.00,Unknown,false,1,0.01,0.0000,true,1,522297
7290117561584,true,קופון ציפר,,,קופון ציפר,Unknown,0.00,Unknown,false,1,0.01,0.0000,true,1,522298
7290117561591,true,קופון ציפר,,,קופון ציפר,Unknown,0.00,Unknown,false,1,0.01,0.0000,true,1,522299
7290117561607,true,קופון ציפר,,,קופון ציפר,Unknown,0.00,Unknown,false,1,0.01,0.0000,true,1,522300
7290117561614,true,קופון ציפר,,,קופון ציפר,Unknown,0.00,Unknown,false,1,0.01,0.0000,true,1,522301
7290117561621,true,קופון ציפר,,,קופון ציפר,Unknown,0.00,Unknown,false,1,0.01,0.0000,true,1,522302
7290117561638,true,קופון ציפר,,,קופון ציפר,Unknown,0.00,Unknown,false,1,0.01,0.0000,true,1,522303
7290117561645,true,קופון ציפר,,,קופון ציפר,Unknown,0.00,Unknown,false,1,0.01,0.0000,true,1,522304
7290117561652,true,קופון ציפר,,,קופון ציפר,Unknown,0.00,Unknown,false,1,0.01,0.0000,true,1,522305
7290117561669,true,קופון ציפר,,,קופון ציפר,Unknown,0.00,Unknown,false,1,0.01,0.0000,true,1,522306
7290117561676,true,קופון ציפר,,,קופון ציפר,Unknown,0.00,Unknown,false,1,0.01,0.0000,true,1,522307
7290117561683,true,קופון ציפר,,,קופון ציפר,Unknown,0.00,Unknown,false,1,0.01,0.0000,true,1,522308
7290117561690,true,קופון ציפר,,,קופון ציפר,Unknown,0.00,Unknown,false,1,0.01,0.0000,true,1,522309
7290117561706,true,קופון ציפר,,,קופון ציפר,Unknown,0.00,Unknown,false,1,0.01,0.0000,true,1,522310
7290117561713,true,קופון ציפר,,,קופון ציפר,Unknown,0.00,Unknown,false,1,0.01,0.0000,true,1,522311
7290117561720,true,קופון ציפר,,,קופון ציפר,Unknown,0.00,Unknown,false,1,0.01,0.0000,true,1,522312
7290117561737,true,קופון ציפר,,,קופון ציפר,Unknown,0.00,Unknown,false,1,0.01,0.0000,true,1,522313
7290117561744,true,קופון ציפר,,,קופון ציפר,Unknown,0.00,Unknown,false,1,0.01,0.0000,true,1,522314
7290117561751,true,קופון ציפר,,,קופון ציפר,Unknown,0.00,Unknown,false,1,0.01,0.0000,true,1,522315
7290117561768,true,קופון ציפר,,,קופון ציפר,Unknown,0.00,Unknown,false,1,0.01,0.0000,true,1,522316
7290117561775,true,קופון ציפר,,,קופון ציפר,Unknown,0.00,Unknown,false,1,0.01,0.0000,true,1,522317
7290117561782,true,קופון ציפר,,,קופון ציפר,Unknown,0.00,Unknown,false,1,0.01,0.0000,true,1,522372
7290117561799,true,קופון ציפר,,,קופון ציפר,Unknown,0.00,Unknown,false,1,0.01,0.0000,true,1,522373
7290117561805,true,קופון ציפר,,,קופון ציפר,Unknown,0.00,Unknown,false,1,0.01,0.0000,true,1,522318
7290117561812,true,קופון ציפר,,,קופון ציפר,Unknown,0.00,Unknown,false,1,0.01,0.0000,true,1,522319
7290117561829,true,קופון ציפר,,,קופון ציפר,Unknown,0.00,Unknown,false,1,0.01,0.0000,true,1,522320
7290117561836,true,קופון ציפר,,,קופון ציפר,Unknown,0.00,Unknown,false,1,0.01,0.0000,true,1,522321
7290117561843,true,קופון ציפר,,,קופון ציפר,Unknown,0.00,Unknown,false,1,0.01,0.0000,true,1,522322
7290117561850,true,קופון ציפר,,,קופון ציפר,Unknown,0.00,Unknown,false,1,0.01,0.0000,true,1,522323
7290117561867,true,קופון ציפר,,,קופון ציפר,Unknown,0.00,Unknown,false,1,0.01,0.0000,true,1,522324
7290117561881,true,קופון ציפר,,,קופון ציפר,Unknown,0.00,Unknown,false,1,0.01,0.0000,true,1,522326
7290117561898,true,קופון ציפר,,,קופון ציפר,Unknown,0.00,Unknown,false,1,0.01,0.0000,true,1,522327
7290117561911,true,קופון ציפר,,,קופון ציפר,Unknown,0.00,Unknown,false,1,0.01,0.0000,true,1,522329
7290117561928,true,קופון ציפר,,,קופון ציפר,Unknown,0.00,Unknown,false,1,0.01,0.0000,true,1,522330
7290117561935,true,קופון ציפר,,,קופון ציפר,Unknown,0.00,Unknown,false,1,0.01,0.0000,true,1,522331
7290117561942,true,קופון ציפר,,,קופון ציפר,Unknown,0.00,Unknown,false,1,0.01,0.0000,true,1,522332
7290117561959,true,קופון ציפר,,,קופון ציפר,Unknown,0.00,Unknown,false,1,0.01,0.0000,true,1,522333
7290117561966,true,קופון ציפר,,,קופון ציפר,Unknown,0.00,Unknown,false,1,0.01,0.0000,true,1,522334
7290117561973,true,קופון ציפר,,,קופון ציפר,Unknown,0.00,Unknown,false,1,0.01,0.0000,true,1,522335
7290117561980,true,קופון ציפר,,,קופון ציפר,Unknown,0.00,Unknown,false,1,0.01,0.0000,true,1,522336
7290117561997,true,קופון ציפר,,,קופון ציפר,Unknown,0.00,Unknown,false,1,0.01,0.0000,true,1,522337
7290117562000,true,קופון ציפר,,,קופון ציפר,Unknown,0.00,Unknown,false,1,0.01,0.0000,true,1,522338
7290117562017,true,קופון ציפר,,,קופון ציפר,Unknown,0.00,Unknown,false,1,0.01,0.0000,true,1,522339
7290117562024,true,קופון ציפר,,,קופון ציפר,Unknown,0.00,Unknown,false,1,0.01,0.0000,true,1,522340
7290117562031,true,קופון ציפר,,,קופון ציפר,Unknown,0.00,Unknown,false,1,0.01,0.0000,true,1,522341
7290117562048,true,קופון ציפר,,,קופון ציפר,Unknown,0.00,Unknown,false,1,0.01,0.0000,true,1,522342
7290117562055,true,קופון ציפר,,,קופון ציפר,Unknown,0.00,Unknown,false,1,0.01,0.0000,true,1,522343
7290117562062,true,קופון ציפר,,,קופון ציפר,Unknown,0.00,Unknown,false,1,0.01,0.0000,true,1,522344
7290117562079,true,קופון ציפר,,,קופון ציפר,Unknown,0.00,Unknown,false,1,0.01,0.0000,true,1,522345
7290117562086,true,קופון ציפר,,,קופון ציפר,Unknown,0.00,Unknown,false,1,0.01,0.0000,true,1,522346
7290117562093,true,קופון ציפר,,,קופון ציפר,Unknown,0.00,Unknown,false,1,0.01,0.0000,true,1,522347
7290117562109,true,קופון ציפר,,,קופון ציפר,Unknown,0.00,Unknown,false,1,0.01,0.0000,true,1,522348
7290117562116,true,קופון ציפר,,,קופון ציפר,Unknown,0.00,Unknown,false,1,0.01,0.0000,true,1,522349
7290117562123,true,קופון ציפר,,,קופון ציפר,Unknown,0.00,Unknown,false,1,0.01,0.0000,true,1,522350
7290117562130,true,קופון ציפר,,,קופון ציפר,Unknown,0.00,Unknown,false,1,0.01,0.0000,true,1,522351
7290117562147,true,קופון ציפר,,,קופון ציפר,Unknown,0.00,Unknown,false,1,0.01,0.0000,true,1,522352
7290117562154,true,קופון ציפר,,,קופון ציפר,Unknown,0.00,Unknown,false,1,0.01,0.0000,true,1,522371
7290117562161,true,קופון ציפר,,,קופון ציפר,Unknown,0.00,Unknown,false,1,0.01,0.0000,true,1,522832
7290117562178,true,קופון ציפר,,,קופון ציפר,Unknown,0.00,Unknown,false,1,0.01,0.0000,true,1,522833
7290117562185,true,קופון ציפר,,,קופון ציפר,Unknown,0.00,Unknown,false,1,0.01,0.0000,true,1,522834
7290117562192,true,קופון ציפר,,,קופון ציפר,Unknown,0.00,Unknown,false,1,0.01,0.0000,true,1,522835
7290117562208,true,קופון ציפר,,,קופון ציפר,Unknown,0.00,Unknown,false,1,0.01,0.0000,true,1,522780
7290117562215,true,קופון ציפר,,,קופון ציפר,Unknown,0.00,Unknown,false,1,0.01,0.0000,true,1,522781
7290117562222,true,קופון ציפר,,,קופון ציפר,Unknown,0.00,Unknown,false,1,0.01,0.0000,true,1,522782
7290117562239,true,קופון ציפר,,,קופון ציפר,Unknown,0.00,Unknown,false,1,0.01,0.0000,true,1,522783
7290117562246,true,קופון ציפר,,,קופון ציפר,Unknown,0.00,Unknown,false,1,0.01,0.0000,true,1,522784
7290117562253,true,קופון ציפר,,,קופון ציפר,Unknown,0.00,Unknown,false,1,0.01,0.0000,true,1,522785
7290117562260,true,קופון ציפר,,,קופון ציפר,Unknown,0.00,Unknown,false,1,0.01,0.0000,true,1,522786
7290117562277,true,קופון ציפר,,,קופון ציפר,Unknown,0.00,Unknown,false,1,0.01,0.0000,true,1,522787
7290117562284,true,קופון ציפר,,,קופון ציפר,Unknown,0.00,Unknown,false,1,0.01,0.0000,true,1,522788
7290117562291,true,קופון ציפר,,,קופון ציפר,Unknown,0.00,Unknown,false,1,0.01,0.0000,true,1,522789
7290117562307,true,קופון ציפר,,,קופון ציפר,Unknown,0.00,Unknown,false,1,0.01,0.0000,true,1,522790
7290117562314,true,קופון ציפר,,,קופון ציפר,Unknown,0.00,Unknown,false,1,0.01,0.0000,true,1,522791
7290117562321,true,קופון ציפר,,,קופון ציפר,Unknown,0.00,Unknown,false,1,0.01,0.0000,true,1,522831
7290117562338,true,קופון ציפר,,,קופון ציפר,Unknown,0.00,Unknown,false,1,0.01,0.0000,true,1,522792
7290117562345,true,קופון ציפר,,,קופון ציפר,Unknown,0.00,Unknown,false,1,0.01,0.0000,true,1,522793
7290117562352,true,קופון ציפר,,,קופון ציפר,Unknown,0.00,Unknown,false,1,0.01,0.0000,true,1,522794
7290117562369,true,קופון ציפר,,,קופון ציפר,Unknown,0.00,Unknown,false,1,0.01,0.0000,true,1,522795
7290117562376,true,קופון ציפר,,,קופון ציפר,Unknown,0.00,Unknown,false,1,0.01,0.0000,true,1,522796
7290117562383,true,קופון ציפר,,,קופון ציפר,Unknown,0.00,Unknown,false,1,0.01,0.0000,true,1,522798
7290117562390,true,קופון ציפר,,,קופון ציפר,Unknown,0.00,Unknown,false,1,0.01,0.0000,true,1,522799
7290117562406,true,קופון ציפר,,,קופון ציפר,Unknown,0.00,Unknown,false,1,0.01,0.0000,true,1,522800
7290117562420,true,קופון ציפר,,,קופון ציפר,Unknown,0.00,Unknown,false,1,0.01,0.0000,true,1,522802
7290117562437,true,קופון ציפר,,,קופון ציפר,Unknown,0.00,Unknown,false,1,0.01,0.0000,true,1,522803
7290117562451,true,קופון ציפר,,,קופון ציפר,Unknown,0.00,Unknown,false,1,0.01,0.0000,true,1,522805
7290117562468,true,קופון ציפר,,,קופון ציפר,Unknown,0.00,Unknown,false,1,0.01,0.0000,true,1,522806
7290117562475,true,קופון ציפר,,,קופון ציפר,Unknown,0.00,Unknown,false,1,0.01,0.0000,true,1,522807
7290117562482,true,קופון ציפר,,,קופון ציפר,Unknown,0.00,Unknown,false,1,0.01,0.0000,true,1,522809
7290117562499,true,קופון ציפר,,,קופון ציפר,Unknown,0.00,Unknown,false,1,0.01,0.0000,true,1,522810
7290117562505,true,קופון ציפר,,,קופון ציפר,Unknown,0.00,Unknown,false,1,0.01,0.0000,true,1,522811
7290117562512,true,קופון ציפר,,,קופון ציפר,Unknown,0.00,Unknown,false,1,0.01,0.0000,true,1,522812
7290117562529,true,קופון ציפר,,,קופון ציפר,Unknown,0.00,Unknown,false,1,0.01,0.0000,true,1,522813
7290117562543,true,קופון ציפר,,,קופון ציפר,Unknown,0.00,Unknown,false,1,0.01,0.0000,true,1,522815
7290117562550,true,קופון ציפר,,,קופון ציפר,Unknown,0.00,Unknown,false,1,0.01,0.0000,true,1,522816
7290117564899,true,קופון ציפר,,,קופון ציפר,Unknown,0.00,Unknown,false,1,0.01,0.0000,true,1,524588
7290117569320,true,קופון ציפר,,,קופון ציפר,Unknown,0.00,Unknown,false,1,0.01,0.0000,true,1,528198
7290117569672,true,קופון ציפר,,,קופון ציפר,Unknown,0.00,Unknown,false,1,0.01,0.0000,true,1,528199
7290117900932,false,גרעיני אבטיח קלויים,,,גרעיני אבטיח קלויים 130 גר,גרמים,130.00,100 גרם,false,1,9.90,7.6154,true,1,524476
7290117900949,false,בוטנים מצופים אמריקא,,,בוטנים מצופים אמריקאים 250 גר,גרמים,250.00,100 גרם,false,1,9.90,3.9600,true,1,524475
7290117900970,false,שקדים קלויים 180 גר,,,שקדים קלויים 180 גר,גרמים,180.00,100 גרם,false,1,14.90,8.2778,true,1,524479
7290117901007,false,פיסטוק קלוי 130 גרם,,,פיסטוק קלוי 130 גר,גרמים,130.00,100 גרם,false,1,14.90,11.4615,true,1,524482
7290117901014,false,קשיו קלוי 160 גרם,,,קשיו קלוי 160 גר,גרמים,160.00,100 גרם,false,1,14.90,9.3125,true,1,524483
7290117901052,false,שקדים קלופים 180 גר,,,שקדים קלופים 180 גר,גרמים,180.00,100 גרם,false,1,14.90,8.2778,true,1,524485
7290117901175,false,שקדים קלופים 250 ג' ששון הקולה,"דין שיווק וקליה בע""מ",,שקד טבעי 250 גר,גרמים,250.00,100 גרם,false,1,19.90,7.9600,true,1,528659
7290117901182,false,בוטן קליפה קלוי 350 ג' ששון הקולה,,,בוטן בקליפה קלוי 350 גר,גרמים,350.00,100 גרם,false,1,9.90,2.8286,true,1,528656
7290118350002,false,כוסות לשתייה חמה 16,,,כוסות לשתייה חמה 16 אוז 25 יח,Unknown,0.00,Unknown,false,1,11.90,0.0000,true,1,527500
7290118350361,false,כוסות לשתייה קרה 50,,,כוסות לשתייה קרה 50 יח,Unknown,0.00,Unknown,false,1,4.90,0.0000,true,1,527501
7290165456320,false,לחם לטישסקי 700 גר,ארדי שיווק וסיטונאות,,לחם לטישסקי 750 גר,גרמים,700.00,100 גרם,false,1,13.90,1.9857,true,1,467934
7290165456412,false,לחם ליטאי עם תוספות,ארדי שיווק וסיטונאות,,"לחם ליטאי עם תוספות 1.1 ק""ג",גרמים,1100.00,100 גרם,false,1,16.90,1.5364,true,1,471113
7290166887215,false,לחם שיפון מיוחד פרוס,,,לחם שיפון מיוחד פרוס 350 גר,גרמים,350.00,100 גרם,false,1,9.90,2.8286,true,1,522604
7290166887239,false,לחם שיפון מיוחד גרעי,,,לחם שיפון מיוחד גרעיני חמניות פרוס 350 ג,גרמים,350.00,100 גרם,false,1,11.90,3.4000,true,1,522605
7290207474831,false,וופל בסיס לעוגה,,,וופל בסיס לעוגה,Unknown,0.00,Unknown,false,1,13.90,0.0000,true,1,457894
7296051099015,false,מצת אלקטרונית לגז בצבעים,,,מצית גז בשלל צבעים,Unknown,0.00,Unknown,false,1,8.90,0.0000,false,1,497482
7296150000028,false,עלי גפן ממולאים באור,אקמר,,עלי גפן ממולאים 425 גר,גרמים,425.00,100 גרם,false,12,14.90,3.5059,true,1,488276
7297488097995,false,גרנולה דבש ללא גלוטן,תות תעשיות מזון (201,IL,גרנולה דבש דגש 250 גר,גרמים,250.00,100 גרם,false,1,12.90,5.1600,true,1,486874
7297488098152,false,דגש קמח חומוס ללא גל,אף.סי תבליני בגליל ב,IL,קמח חומוס 500 גר,גרמים,500.00,100 גרם,false,1,14.90,2.9800,true,1,486897
7297488098169,false,דגש קמח תירס ללא גלו,תבליני העליון 2007 ב,IL,קמח תירס דגש 500 גר,גרמים,500.00,100 גרם,false,15,8.90,1.7800,true,1,503953
7297488098176,false,קמח סויה ללא גלוטן ד,אף.סי. תבליני הגליל,IL,קמח סויה 500 גר,גרמים,500.00,100 גרם,false,1,8.90,1.7800,true,1,486898
7297488098183,false,קמח אורז לבן ללא גלו,תבליני העליון 2007 ב,IL,קמח אורז דגש 500 גר,גרמים,500.00,100 גרם,false,1,9.90,1.9800,true,1,486899
7297488098190,false,קמח אורז מלא ללא גלוטן,אף.סי תבליני בגליל ב,IL,קמח אורז מלא 500 גר,גרמים,500.00,100 גרם,false,1,11.90,2.3800,true,1,486901
7297488098213,false,קמח קינואה ללא גלוטן,תבליני העליון 2007 ב,IL,קמח קינואה דגש 500 גר,גרמים,500.00,100 גרם,false,15,22.90,4.5800,true,1,503954
7297488098220,false,קמח תפוח אדמה ללא גלוטן,תות תעשיות מזון (201,IL,"קמח תפו""א 500 גר",גרמים,500.00,100 גרם,false,1,9.90,1.9800,true,1,486900
7297488098282,false,דגש אבקת מרק בטעם עו,אף.סי. תבליני הגליל,IL,אבקת מרק דגש בטעם עוף 500 גר,גרמים,500.00,100 גרם,false,12,16.90,3.3800,true,1,503955
7297488098305,false,קמח שקדים ללא גלוטן,תות תעשיות מזון (201,IL,קמח שקדים דגש 250 גר,גרמים,250.00,100 גרם,false,1,24.90,9.9600,true,1,503956
7297488098398,false,"קסנטאן גאם - משפר לישה ומרקם, משפר אפיה",דגש- דוכן גן שמואל,,קסנטאן גאם דגש 300 גר,גרמים,300.00,100 גרם,false,12,37.90,12.6333,true,1,503957
7297488098688,false,פצפוצי אורז מלא ללא,,,פצפוצי אורז דגש מלא ללא סוכר ומלח 450 גר,גרמים,450.00,100 גרם,false,10,19.90,4.4222,true,1,503946
7297488099821,false,גרנולה ללא תוספת סוכר לנמנעים מגלוטן,תות תעשיות מזון (201,IL,גרנולה דגש ללא סוכר 250 גר,גרמים,250.00,100 גרם,false,1,13.90,5.5600,true,1,487105
7297488199590,false,פצפוצי אורז לבן תפוח ללא גלוטן,דגש- דוכן גן שמואל,IL,פצפוצי אורז דגש 450 גר,גרמים,450.00,100 גרם,false,10,19.90,4.4222,true,1,503947
7297488199606,false,פצפוצי אורז תפוח ללא תוספת סוכר ומלח ללא גלוטן,דגש- דוכן גן שמואל,IL,פצפוצי אורז דגש קל 450 גר,גרמים,450.00,100 גרם,false,10,19.90,4.4222,true,1,503948
7297488199620,false,פצפוצי אורז מלא תפוח ללא גלוטן,דגש- דוכן גן שמואל,IL,פצפוצי אורז דגש מלא 450 גר,גרמים,450.00,100 גרם,false,10,19.90,4.4222,true,1,503949
7297488199682,false,קמח כוסמת ללא גלוטן,תות תעשיות מזון (201,IL,קמח כוסמת דגש 500 גר,גרמים,500.00,100 גרם,false,15,10.90,2.1800,true,1,503959
7312040017683,false,וודקה אבסולוט בקבוק,חברת אבסולוט,SE,וודקה אבסולוט 0.7 ל,מיליליטרים,700.00,"100 מ""ל",false,1,69.90,9.9857,true,1,470900
7393714508102,false,סיידר קופרברג אגסים,BEVERAGES FOODS & SE,UA,"סיידר קופרברג אגסים 330 מ""ל",מיליליטרים,330.00,"100 מ""ל",false,12,9.90,3.0000,true,1,504439
7393714509604,false,סיידר קופרברג תפוח ב,BEVERAGES FOODS & SE,UA,"סיידר קופרברג תפוח 330 מ""ל",מיליליטרים,330.00,"100 מ""ל",false,12,9.90,3.0000,true,1,504441
7394376620294,false,משקה שיבולת שועל וני,איי אם פי אס איי תעש,NL,משקה שיבולת שועל בטעם וניל 1 ל,ליטרים,1.00,ליטר,false,6,15.90,15.9000,true,1,527590
7441000720605,false,לבבות דקל בצנצנת 410,אינקופלמיטו אס. אי,EC,לבבות דקל 410 גר,גרמים,410.00,100 גרם,false,1,17.90,4.3659,true,1,513282
7501013101348,false,"נקטר 100% JUMEX מנגו 473 מ""ל",חומקס קומר קומרסאליז,MX,"נקטר גומקס מנגו 473 מ""ל",מיליליטרים,473.00,"100 מ""ל",false,12,8.90,1.8816,true,1,508175
7501013101355,false,"נקטר אפרסק ג'ומקס 473 מ""ל",חומקס קומר קומרסאליז,MX,"נקטר גומקס אפרסק 473 מ""ל",מיליליטרים,473.00,"100 מ""ל",false,12,8.90,1.8816,true,1,508173
7501013101362,false,"משקה קוקוס אננס ג'ומקס 473 מ""ל",חומקס קומר קומרסאליז,MX,"משקה גומקס קוקוס אננס 473 מ""ל",מיליליטרים,473.00,"100 מ""ל",false,12,8.90,1.8816,true,1,508176
7501013122039,false,ג'ומקס מיץ מנגו קרטונית ליטר תריסר,חומקס קומר קומרסאליז,MX,נקטר גיומקס מנגו קרטונית 1 ל,ליטרים,1.00,ליטר,false,12,9.90,9.9000,true,1,508181
7501013122053,false,ג'ומקס מיץ אפרסק קרטונית ליטר תריסר,חומקס קומר קומרסאליז,MX,נקטר גיומקס אפרסק קרטונית 1 ל,ליטרים,1.00,ליטר,false,12,9.90,9.9000,true,1,508179
7501013122114,false,"נקטר משקה אננס בקרטונית ג'ומקס, 1 ל'",חומקס קומר קומרסאליז,MX,משקה גיומקס אננס קרטונית 1 ל,ליטרים,1.00,ליטר,false,12,9.90,9.9000,true,1,508180
7501013122190,false,ג'ומקס מיץ תפוחים קרטונית ליטר תריסר,חומקס קומר קומרסאליז,MX,משקה גיומקס תפוחים קרטונית 1 ל,ליטרים,1.00,ליטר,false,12,9.90,9.9000,true,1,508183
7501013122992,false,ג'ומקס מיץ קוקוס אננס קרטונית ליטר תריסר,חומקס קומר קומרסאליז,MX,משקה גיומקס קוקוס אננס קרטונית 1 ל,ליטרים,1.00,ליטר,false,12,9.90,9.9000,true,1,508182
7501013138047,false,ג'ומקס פרסקו רימונים קרטונית ליטר תריסר,COMERCIALIZADORA ELO,,נקטר יוניקו פרסקו רמונים 1ל,ליטרים,1.00,ליטר,false,1,9.90,9.9000,true,1,477740
7501013138184,false,יוניקו פרסקו משקה חמוציות קרטונית 1 ל',חומקס קומר קומרסאליז,MX,נקטר יוניקו פרסקו חמוציות 1ל,ליטרים,1.00,ליטר,false,1,9.90,9.9000,true,1,477739
7501035042131,false,טקילה קוארבו גולד 70,,,"טקילה קוארבו גולד 700 מ""ל",מיליליטרים,700.00,"100 מ""ל",false,1,89.90,12.8429,true,1,492630
7501035042308,false,טקילה קוארבו סילבר 7,,,"טקילה קוארבו סילבר 700 מ""ל",מיליליטרים,700.00,"100 מ""ל",false,1,89.90,12.8429,true,1,492737
7501049936945,false,"שישיית בירה סול 330 מ""ל",היינקן,NL,שישיית בירה סול 0.33,ליטרים,1.98,ליטר,false,1,39.90,20.1515,true,1,511477
7501064191398,false,שישיית בירה קורונה אקסטרא *355 מל,קריניציה ויטמינה אס,MX,"בירה קורונה 355 מ""ל שישייה",מיליליטרים,2130.00,"100 מ""ל",false,1,34.90,1.6385,true,1,506409
7509546061160,false,"משחת שיניים לילדים מיניונים 2-5 75 מ""ל קולגייט",CP UK,MX,משחת שיניים קולגייט לילדים מיניונים 2-5,מיליליטרים,75.00,"100 מ""ל",false,1,14.90,19.8667,true,1,519493
7509546061665,false,דאודורנט סטיק ג'ל לגבר 24/7 אקסטרים אינטנס,קולגייט פלמוליב,US,דאו ספיד סטיק אקסטרים אינסנס גל 85 גר,גרמים,85.00,100 גרם,false,12,18.90,22.2353,true,1,528320
7509546063515,false,ליידי ספיד סטיק -סטיק פרו 5 ספריי 150 מל,קולגייט פלמוליב,BY,ליידי ספיד סטיק פרו 5 ספריי 150 מל,מיליליטרים,150.00,"100 מ""ל",false,12,14.90,9.9333,true,1,528321
7509546666846,false,"קולגייט טוטאל משחת שיניים פחם 75 מ""ל",קולגייט פלמוליב,MX,משחת שיניים קולגייט טוטל פחם 75 מל,מיליליטרים,75.00,"100 מ""ל",false,48,19.90,26.5333,true,1,518494
7509546678702,false,קולגייט משחת שיניים טוטל אנטי טרטר 100 מ,קולגייט-פלמוליב,BR,משחת שיניים טוטאל אנטי טרטר 100 מל,מיליליטרים,100.00,"100 מ""ל",false,48,15.90,15.9000,true,1,526384
7610008005384,false,בונ רגוסה בלונד 400,,,בונ רגוסה בלונד 400 גר,גרמים,400.00,100 גרם,false,6,49.90,12.4750,true,1,513396
7610008059073,false,טבלת שוקולד רגוסה קלאסי 100 ג',,,שוק רגוזה פרלין ואגוזי לוז קלאסי 100 גר,גרמים,100.00,100 גרם,false,1,19.90,19.9000,true,1,514127
7610008059080,false,טבלת שוקולד מריר רגוסה 100 ג',,,שוק מריר רגוזה נויר טראפל ואגוזי לוז 100,גרמים,100.00,100 גרם,false,1,19.90,19.9000,true,1,514128
7610008059103,false,טבלת שוקולד חלב טורינו 100 ג',,,שוקולד לבן שוויצרי טורינו 100 גר,גרמים,100.00,100 גרם,false,18,18.90,18.9000,true,1,514129
7610008641506,false,שוקולד מריר שוויצרי,,,שוקולד מריר שוויצרי טורינו 100 גר,גרמים,100.00,100 גרם,false,18,18.90,18.9000,true,1,506731
7610008708506,false,בונ רגוסה מריר 400 ג,,,בונ רגוסה מריר 400 גר,גרמים,400.00,100 גרם,false,6,49.90,12.4750,true,1,513395
7610008709008,false,בונ רגוסה קלאסיק 400,,,בונ רגוסה קלאסיק 400 גר,גרמים,400.00,100 גרם,false,6,49.90,12.4750,true,1,513394
7610113011652,false,"בקרדי בריזר תפוח 275 מ""ל בקבוק",בקרדי בריזר Bacardi Breezer,BE,בקרדי בריזר תפוח בק 275 מל,מיליליטרים,275.00,"100 מ""ל",false,24,14.90,5.4182,true,1,511920
7610243004463,false,"דורגול - מרסס להסרת אבנית במקלחון 600 מ""ל",יעקבי- דורגול Durgol,CH,"מסיר אבנית דורגול 500 מ""ל",מיליליטרים,500.00,"100 מ""ל",false,1,19.90,3.9800,true,1,493126
7610400010481,false,שוקולד לינדט אקסלנס,לינדט Lindt,FR,"שוקולד ""לינדט אקסלנס",גרמים,100.00,100 גרם,false,20,15.90,15.9000,true,1,461428
7610400014632,false,שוקולד שויצרי לבן בו,לינדט Lindt,CH,"שוקולד ""לינדור"" לבן",גרמים,100.00,100 גרם,false,1,15.90,15.9000,true,1,461434
7610400014649,false,שוקולד חלב במילוי קרם רך,לינדט ושפרונגלי,CH,"שוקולד ""לינדור"" חלב",גרמים,100.00,100 גרם,false,1,15.90,15.9000,true,1,461435
7610400068369,false,שוקולד חלב במילוי קרם אגוזים,לינדט ושפרונגלי,CH,"שוקולד ""לינדור"" עם א",גרמים,100.00,100 גרם,false,1,15.90,15.9000,true,1,461437
7610400074155,false,שוקולד מריר במילוי קרם,"לינדט ושפרונגלי, CH-",CH,"שוקולד ""לינדור"" בודד",גרמים,100.00,100 גרם,false,1,15.90,15.9000,true,1,461448
7610400075770,false,שוקולד מריר עם אגוזי לוז שלמים,לינדט ושפרונגלי,CH,שוקולד לינדט לה גרנד מריר אגוזים 150 גר,גרמים,150.00,100 גרם,false,1,24.90,16.6000,true,1,461449
7610400075787,false,שוקולד חלב עם אגוזי לוז שלמים,"לינדט ושפרונגלי, קיל",CH,"שוקולד ""לינדט"" לה גרנד 150 גר",גרמים,150.00,100 גרם,false,1,24.90,16.6000,true,1,461450
7610400085946,false,שוקולד לינדט לגרנד ש,לינדט,,שוקולד לינדט לגרנד שקדים ומלח 150 גר,גרמים,150.00,100 גרם,false,15,24.90,16.6000,true,1,507992
7610400086202,false,שוקולד מריר לה גרנד עם אוכמניות וחמוציות,לינדט Lindt,,שוקולד לינדט לגרנד בלו 150 גר,גרמים,150.00,100 גרם,false,1,24.90,16.6000,true,1,495012
7610400091060,false,שוקולד מריר לינדט אקסלנס בתוספת תפוז ושקדים,לינדט ושפרונגלי,,שוקולד לינדט אקסלנס אורנג 100 גר,גרמים,100.00,100 גרם,false,1,15.90,15.9000,true,1,511884
7610700002681,false,ריקולה סוכריות ללא סוכר בטעם צמחים 50 גר',,,סוכריות ריקולה צמחים ללא סוכר 50 גר,גרמים,50.00,100 גרם,false,1,12.90,25.8000,true,1,524903
7610700009956,false,ריקולה ללא ת.סוכר 50 ג'-סמבוקוס,,,סוכריות ריקולה פרחי סמבוקוס ללא סוכר 50,גרמים,50.00,100 גרם,false,1,12.90,25.8000,true,1,524904
7610700012642,false,ריקולה לימון מנטה שקית 70,ריקולה,CH,סוכריות ריקולה לימון 70 גר,גרמים,70.00,100 גרם,false,1,9.90,14.1429,true,1,524900
7610700013083,false,ריקולה ס.לל'ס מנטה 50 גרם,,,סוכריות ריקולה מרעננת ללא סוכר 50 גר,גרמים,50.00,100 גרם,false,1,12.90,25.8000,true,1,524902
7610700607046,false,סוכריות צמחים לימון ומנטה ללא תוספת סוכר,ריקולה Ricola,,"סוכריות ""ריקולה"" בטע",גרמים,50.00,100 גרם,false,1,12.90,25.8000,true,1,461456
7610700607077,false,סוכריות צמחים תפוז ומנטה ללא תוספת סוכר,ריקולה Ricola,,"סוכריות ""ריקולה"" ללא",גרמים,50.00,100 גרם,false,1,12.90,25.8000,true,1,461457
7613030979647,false,דגני בוקר טריקס פירות עולם היורה 480 ג',ג'נרל מילס סאן אדריא,IL,דגני בוקר טריקס 480 גר,גרמים,480.00,100 גרם,false,1,21.90,4.5625,true,1,498170
7613032045753,false,פיטנס - דגני בוקר שוקולד 375 גרם,נסטלה צרפת איטנקורט,FR,פיטנס שוקולד,גרמים,375.00,100 גרם,false,1,19.90,5.3067,true,1,461467
7613033548192,false,פיטנס - דגני בוקר שוקולד מריר 375 גרם,נסטלה צרפת איטנקורט,FR,"דגני בוקר ""פיטנס"" שו",גרמים,375.00,100 גרם,false,1,19.90,5.3067,true,1,461481
7613035027022,false,מזון לכלבים קטנים גורים פורינה ONE,פורינה Purina,,אוכל כלבים מיני פורינה ONE גור עוף 800 ג,גרמים,800.00,100 גרם,false,8,34.90,4.3625,true,1,508935
7613035379817,false,דנטלייף חטיף דנטלי לכלבים מגזע קטן - 4 יחידות,פורינה Purina,US,דנטלייף גזע קטן 115 גר,גרמים,115.00,100 גרם,false,1,14.90,12.9565,true,1,521788
7613035614482,false,מזון לגור חתולים בטעם עוף פורינה ONE,פורינה Purina,US,אוכל חתולים פורינה ONE לגורים 800 גר,גרמים,800.00,100 גרם,false,8,39.90,4.9875,true,1,508929
7613035622623,false,פיטנס - גרנולה שקדים ודבש 300 גרם,שוורצקוף& הנקל דיסלד,LT,גרנולה פיטנס שקדים ודבש 300 גר,גרמים,300.00,100 גרם,false,1,13.90,4.6333,true,1,483611
7613035807778,false,פרפקטו רוטב עגבניות לבולונז 400 ג' אסם,אסם פרפקטו Perfecto,ES,רוטב עגבניות פרפקטו לבולונז 400 גר,גרמים,400.00,100 גרם,false,1,8.90,2.2250,true,1,485849
7613035809109,false,פרפקטו רוטב עגבניות ובזיליקום 400 ג'אסם,אסם פרפקטו Perfecto,ES,רוטב פרפקטו עגבניות ובזיליקום 400 גר,גרמים,400.00,100 גרם,false,1,8.90,2.2250,true,1,485852
7613035809123,false,פרפקטו רוטב עגבניות עם פלפלים 400 ג' אסם,אסם פרפקטו Perfecto,ES,רוטב עגבניות פרפקטו עם פלפל 400 גר,גרמים,400.00,100 גרם,false,1,8.90,2.2250,true,1,485851
7613035809857,false,פרפקטו רוטב עגבניות לפסטה ולבישול 400 ג' אסם,אסם פרפקטו Perfecto,ES,רוטב עגבניות פרפקטו לפסטה 400 גר,גרמים,400.00,100 גרם,false,1,8.90,2.2250,true,1,485850
7613036105545,false,דוגלי בטעם בקר גזע ק,נסטלה פורינה באק הונ,HU,"אוכל לכלבים ""דוגלי 3 קג""",קילוגרמים,3.00,"ק""ג",false,1,49.90,16.6333,true,1,493633
7613036105576,false,דוגלי עוף לכלבים בוגרים,נסטלה פורינה באק הונ,HU,אוכל לכלבים דוגלי 3 קג,קילוגרמים,3.00,"ק""ג",false,1,49.90,16.6333,true,1,493634
7613036105606,false,דוגלי בקר לכלבים בוגרים,נסטלה פורינה באק הונ,HU,אוכל לכלבים דוגלי 3 קג,קילוגרמים,3.00,"ק""ג",false,1,49.90,16.6333,true,1,493635
7613036105651,false,"דוגלי בקר לכלבים בוגרים 12 ק""ג",נסטלה פורינה באק הונ,,אוכל לכלבים דוגלי 12 קג,קילוגרמים,12.00,"ק""ג",false,1,119.90,9.9917,true,1,493637
7613036288958,false,אוכל לכלבים דוגלי אק,נסטלה פורינה באק הונ,HU,"אוכל לכלבים דוגלי אקטיב 3 ק""ג",קילוגרמים,3.00,"ק""ג",false,1,49.90,16.6333,true,1,496922
7613036387798,false,פיטנס דגנים מלאים ואורז פתיתים ויוגורט 350ג',נסטלה צרפת איטנקורט,FR,דגני בוקר פיטנס יוגורט 350 גר,גרמים,350.00,100 גרם,false,1,19.90,5.6857,true,1,494129
7613036725286,false,דנטלייף חטיף דנטלי לחתול בטעם סלמון,פורינה Purina,US,דנטלייף חתול בטעם סלמון 140 גר,גרמים,140.00,100 גרם,false,1,10.90,7.7857,true,1,521791
7613036725309,false,דנטלייף חטיף דנטלי לחתול בטעם עוף,פורינה Purina,US,דנטלייף חתול בטעם עוף 140 גר,גרמים,140.00,100 גרם,false,1,10.90,7.7857,true,1,521790
7613036737623,false,דגני בוקר קראנץ מקס,,,דגני בוקר קראנץ מקס 450 גר,גרמים,450.00,100 גרם,false,1,21.90,4.8667,true,1,501879
7613036760195,true,קפסולות דולצה גוסטו,ארבלה,,קפסולות דולצה גוסטו אספרס 112 גר,גרמים,112.00,100 גרם,false,1,28.90,25.8036,true,1,504532
7613036867870,true,קפסולות דולצה גוסטו,ארבלה,,קפסולות דולצה גוסטו אספרס בריסטה 112 גר,גרמים,112.00,100 גרם,false,3,28.90,25.8036,true,1,504533
7613036880534,false,גרבר מחית ירקות מעורבים מטרנה 190 גר',נסטלה פולסקה אס.איי,PL,גרבר מחית מרק ירקות מעורבים 190 גר,גרמים,190.00,100 גרם,false,1,6.90,3.6316,true,1,509893
7613036976671,false,פריסקיז - פאוץ עוף ברוטב 85 גרם,יו פי אף,FR,מזון לחתולים פריסקיז פאוצ עוף 85 גר,גרמים,85.00,100 גרם,false,26,4.90,5.7647,true,1,513448
7613036976695,false,פריסקיז - פאוץ בקר ברוטב 85 גרם,נסטלה פורינה הונגריה,HU,מזון לחתולים פריסקיז פאוצ בקר 85 גר,גרמים,85.00,100 גרם,false,26,4.90,5.7647,true,1,513447
7613036976718,false,פריסקיז - פאוץ ברווז ברוטב 85 גרם,יו פי אף,FR,מזון לחתולים פריסקיז פאוצ ברווז 85 גר,גרמים,85.00,100 גרם,false,26,4.90,5.7647,true,1,513449
7613037012200,false,גרבר - מחית תפוח מנגו גזר פאוץ 90 גרם,כלורוקס אוקלנד,ES,"מחית תפו""ע מנגו גזר פאוץ 90 גר",גרמים,90.00,100 גרם,false,16,5.90,6.5556,true,1,510453
7613037204889,false,סטארבקס - פולי קפה אספרסו 450 גרם,Unknown,IL,סטארבקס פולי קפה אספרסו 450 גר,גרמים,450.00,100 גרם,false,1,49.90,11.0889,true,1,517438
7613037686906,false,פיטנס - דגני בוקר שקדים ודבש 355 גרם,נסטלה צרפת איטנקורט,FR,פיטנס שקדים ודבש 355 גר,גרמים,355.00,100 גרם,false,1,19.90,5.6056,true,1,509873
7613037811629,false,דגני בוקר קורנפלקס גו פרי 500 גר',שוורצקוף& הנקל דיסלד,IL,קורנפלקס נסטלה גו פרי 500 גר,גרמים,500.00,100 גרם,false,1,12.90,2.5800,true,1,510982
7613038257716,false,רביעיית קיט קט צאנקי,,,רביעיית קיט קט צאנקי 4*40 גר,גרמים,160.00,100 גרם,false,24,9.90,6.1875,true,1,526090
7613038268262,false,דגני בוקר צ'יריוס דבש ושקדים במתיקות מעודנת,נסטלה פולין דגני בוק,FR,האני נאט ציריוס 410 גר,גרמים,410.00,100 גרם,false,14,19.90,4.8537,true,1,511710
7613039547731,false,גרבר - מחית תפוח משמש פאוץ 90 גרם,כלורוקס אוקלנד,IL,"מחית תפו""ע משמש פאוץ 90 גר",גרמים,90.00,100 גרם,false,16,5.90,6.5556,true,1,513771
7613039770450,false,סנסשיונל בורגר טבעול 226 ג',ג'נרל מילס סאן אדריא,IL,טבעול סנסשיונל בורגר 226 גר,גרמים,226.00,100 גרם,false,10,29.90,13.2301,true,1,514078
7613039771174,false,טחון צמחוני סנסשיונל מינס,ג'נרל מילס סאן אדריא,IL,טבעול טחון צמחוני 400 גר,גרמים,400.00,100 גרם,false,6,29.90,7.4750,true,1,514079
7613039879382,false,גרבר - מחית תפוחי עץ 190 גרם,מטרנה,PL,"גרבר מחית תפו""ע 190 גר",גרמים,190.00,100 גרם,false,12,6.90,3.6316,true,1,516702
7613287008497,false,סטארבקס - פולי קפה פייק פלייס 450 גרם,Unknown,IL,סטארבקס פולי קפה פייק פלייס 450 גר,גרמים,450.00,100 גרם,false,1,49.90,11.0889,true,1,517439
7613287155894,false,"גרבר - מחית אפרסק כל""פ פאוץ 90 גרם",גרבר Gerber,IL,מחית אפרסק פאוץ 90 גר,גרמים,90.00,100 גרם,false,16,5.90,6.5556,true,1,517001
7613287155924,false,מטרנה מחית תפוח וגזר פאוץ' 90 גר',גרבר Gerber,IL,מחית תפוח גזר פאוץ 90 גר,גרמים,90.00,100 גרם,false,16,5.90,6.5556,true,1,517004
7613287181411,false,מחית סלט פירות ויטמינצ'יק 110 ג',"טרופיקל דגיל בע""מ אז",IL,מחית ויטמינציק סלט פירות 110 גר,גרמים,110.00,100 גרם,false,1,5.90,5.3636,true,1,519850
7613287182357,false,מחית אגס תפוח ופירות יער ויטמינצ'יק 110 ג',,,מחית ויטמינציק אגס תפוח פירות יער 110 גר,גרמים,110.00,100 גרם,false,1,5.90,5.3636,true,1,519851
7613287182425,false,מחית בננה תפוח ותות ויטמינצ'יק 110 ג',"טרופיקל דגיל בע""מ אז",IL,מחית ויטמינציק בננה תפוח ותות 110 גר,גרמים,110.00,100 גרם,false,1,5.90,5.3636,true,1,519848
7613287186928,false,קפסולות סטארבקס ברקפסט רוסט 12 יח',נסטלה שוויץ - קפה,CH,קפסולות סטארבקס ברקפסט רוסט 56 גר,גרמים,56.00,100 גרם,false,12,21.90,39.1071,true,1,519065
7613287302373,false,קפסולות סטארבקס איטלאן סטייל רוסט 57*10גר',נסטלה שוויץ - קפה,IL,קפסולות סטארבקס רוסט 56 גרם,גרמים,56.00,100 גרם,false,12,21.90,39.1071,true,1,517408
7613287325808,false,אוסם - דיפ אנד ספרד מטבל איולי שום 295 גרם,נסטלה פולין,PL,רוטב איולי שום לחיץ אסם 295 גר,גרמים,295.00,100 גרם,false,1,12.90,4.3729,true,1,520675
7613287325822,false,אוסם - דיפ אנד ספרד מטבל מיקס 295 גרם,אסם,PL,רוטב מיקס לחיץ 295 גר,גרמים,295.00,100 גרם,false,1,12.90,4.3729,true,1,520677
7613287325853,false,אוסם - דיפ אנד ספרד מטבל איולי ספייסי 295 גרם,נסטלה פולין,PL,רוטב ספייסי איולי לחיץ 295 גר,גרמים,295.00,100 גרם,false,1,12.90,4.3729,true,1,520676
7613287325952,false,אוסם - דיפ אנד ספרד מטבל ברבקיו 345 גרם,דפטונה פולין,PL,רוטב ברביקיו לחיץ 345 גר,גרמים,345.00,100 גרם,false,1,12.90,3.7391,true,1,520680
7613287325983,false,אוסם - דיפ אנד ספרד מטבל סלסה 335 גרם,דפטונה פולין,PL,רוטב סלסה לחיץ 335 גר,גרמים,335.00,100 גרם,false,1,12.90,3.8507,true,1,520679
7613287394323,false,אסם מולטי צ'יריוס 14*600 גרם 2021,פרומבראפ - אנגליה,GB,דגני בוקר מולטי ציריוס 600 גר,גרמים,600.00,100 גרם,false,14,21.90,3.6500,true,1,519062
7613287476494,false,אוסם - דיפ אנד ספרד מיונז בסגנון צרפתי 280 גרם,נסטלה פולין,PL,מיונז לחיץ 280 גר,גרמים,280.00,100 גרם,false,1,12.90,4.6071,true,1,520678
7613287476678,false,דגני בוקר סינימיניס צ'ורוס נסטלה 360 ג',נסטלה אוונקה,PT,דגני בוקר סיני מיניס צורוס 360 גר,גרמים,360.00,100 גרם,false,12,21.90,6.0833,true,1,519585
7613287525789,false,מים מינרלים פריה שיש,,,מים מינרלים פריה שישייה 500 מל,מיליליטרים,3000.00,"100 מ""ל",false,1,30.90,1.0300,true,1,521152
7613287855640,false,סטארבקס קפסולות גוואטמלה 52ג אסם,נסטלה שוויץ - קפה,IL,קפסולות סטארבקס אספרסו גוואטמלה 52 גר,גרמים,52.00,100 גרם,false,12,21.90,42.1154,true,1,526668
7614500010013,false,טובלרון - שוקולד חלב קלאסי 100 גרם,,,"טובלרון חלב 100 ג""ר",גרמים,100.00,100 גרם,false,1,9.90,9.9000,true,1,461487
7614500010310,false,שוקולד בר לבן 100 ג' טובלרון,,,"בר טובלרון לבן 100 ג""ר",גרמים,100.00,100 גרם,false,20,9.90,9.9000,true,1,461488
7617400098358,false,וופל קרם אגוזים ושוק,,,וופל קרם אגוזים ושוקולד חלב טרופינו 100,גרמים,100.00,100 גרם,false,1,9.90,9.9000,true,1,528220
7617400098839,false,וופל קרם קוקוס ושוקו,,,וופל קרם קוקוס ושוקולד לבן טרופינו 75 גר,גרמים,75.00,100 גרם,false,1,9.90,13.2000,true,1,528221
7622200009084,false,מילקה טבלאות שוקולד ממולא בסקויט 300 גר,,,שוקולד מילקה שוקו ביסקוויט 300 גר,גרמים,300.00,100 גרם,false,1,15.90,5.3000,true,1,515603
7622201050757,false,שוקולד מילקה טבלת חלב עם קרמל 100 ג',מילקה Milka,,"שוקולד ""מילקה"" חלב ע",גרמים,100.00,100 גרם,false,1,5.90,5.9000,true,1,461526
7622201098452,false,מילקה - שוקולד חום לבן 100 גרם,מונדלייז,DE,שוקולד מילקה הפי קאו 100 גר,גרמים,100.00,100 גרם,false,1,5.90,5.9000,true,1,510093
7622201098483,false,שוקולד מילקה חלב מיל,,,שוקולד מילקה חלב מילוי קרם אוורירי 90,גרמים,90.00,100 גרם,false,1,5.90,6.5556,true,1,512776
7622201137052,false,אוראו מיני קוקיס - עוגיות שוקולד צ'יפס ותחתית מצופה שוקולד חלב,מונדלז אספנה גלטאס פ,ES,מילקה מיני קוקיז 110 גר,גרמים,110.00,100 גרם,false,1,8.90,8.0909,true,1,516914
7622201401900,false,עוגיות מילקה סנסיישן אוראו 156 גר',מונדלז פולסקה פרודקש,PL,עוגיות סנסיישן אוראו מילקה 156 גר,גרמים,156.00,100 גרם,false,1,9.90,6.3462,true,1,514324
7622201424350,false,שוקולד חלב מובחר קר,,,שוקולד חלב מובחר קריסמס קדבורי 135 גר,גרמים,135.00,100 גרם,false,1,21.90,16.2222,true,1,528237
7622201425982,false,שוקולד חלב מובחר קר,,,שוקולד חלב מובחר קריסמס קדבורי 89 גר,גרמים,89.00,100 גרם,false,1,12.90,14.4944,true,1,528238
7622201502515,false,מילקה - עוגיות קוקי לופ 132 גרם,גיורי קייקס קייאפטי,HU,עוגיות מילקה קוקי לופ 132 גר,גרמים,132.00,100 גרם,false,12,9.90,7.5000,true,1,520407
7622201638948,false,שוקולד נוסיני 270 ג' מילקה,,AT,שוקולד מילקה נוסיני 270 גר,גרמים,270.00,100 גרם,false,13,15.90,5.8889,true,1,526460
7622201801809,false,מילקה- שוק' חלב עם אגוזים 100 גר' חדש,מנדלז דויצ'לנד סנקס,DE,שוקולד מילקה חלב שברי אגוזים 100 גר,גרמים,100.00,100 גרם,false,1,5.90,5.9000,true,1,519197
7622201802394,false,שוקולד מילקה טבלה חלב 100 ג',מנדלז דויצ'לנד סנקס,DE,שוקולד חלב מילקה 100 גר,גרמים,100.00,100 גרם,false,1,5.90,5.9000,true,1,519195
7622201808631,false,מיני עוגיות אוראו במילוי קרם בטעם וניל,פי.טי. מונדלז אינדונ,ID,מיני עוגיות אוראו בטעם וניל בכוס 67 גר,גרמים,67.00,100 גרם,false,1,5.90,8.8060,true,1,519199
7622201813390,false,וופל במילוי קרם קקאו בציפוי שוקולד חלב,מונדליז סי.אר. ביסקו,,וופל מילקה במילוי קרם קקאו 150 גר,גרמים,150.00,100 גרם,false,1,9.90,6.6000,true,1,517774
7622201817008,false,שוקולד חלב עוגיות ספ,,,שוקולד חלב עוגיות ספקלו קוטדור 170 גר,גרמים,170.00,100 גרם,false,10,19.90,11.7059,true,1,523887
7622210078131,false,מילקה שוקולד חלב במילוי קרם שמנת 100 ג',מנדלז דויצ'לנד סנקס,DE,מילקה שוקולד חלב עם דאיים 100 גר,גרמים,100.00,100 גרם,false,1,5.90,5.9000,true,1,491889
7622210117762,false,"קוטדור בונבונירה בושה, 200 גרם כשל""פ",קראפט,,בונ קוטדור 200 גר,גרמים,200.00,100 גרם,false,12,17.90,8.9500,true,1,515605
7622210137234,false,עוגיות אוראו עם דאבל קרם וניל 170 ג',אוראו Oreo,,עוגיות אוראו עם דאבל קרם וניל 170 גר,גרמים,170.00,100 גרם,false,1,8.90,5.2353,true,1,486361
7622210163899,false,שוקולד חלב במילוי סוכריות עדשים,מונדלז דויצ'לנד סנקס,DE,שוקולד חלב מילקה עם עדשים 100 גר,גרמים,100.00,100 גרם,false,1,5.90,5.9000,true,1,487415
7622210229502,false,שוקולד קוטדור בושה מ,,BE,שוקולד קוטדור בושה מיני 1 קג,קילוגרמים,1.00,"ק""ג",false,1,79.90,79.9000,true,1,527133
7622210240200,false,שוקולד מילקה אוראו 300 גרם,,,שוקולד מילקה אוראו 300 גר,גרמים,300.00,100 גרם,false,1,15.90,5.3000,true,1,512028
7622210295965,false,מילקה קייק אנד שוק 1,,,מילקה קייק אנד שוק 175 גר,גרמים,175.00,100 גרם,false,1,11.90,6.8000,true,1,517240
7622210453327,false,עוגיות שוקוצ'יפס במילוי שוקולד סנסיישן,מנדלז פולסקה פרודקשן,PL,עוגיות מילקה סנסיישן 156 גר,גרמים,156.00,100 גרם,false,1,9.90,6.3462,true,1,495066
7622210597915,false,פרלינים לבבות שוקולד חלב ממולא קרם נוגט,מונדלז בולגריה פרודק,BG,מילקה לבבות פרלינים 110 גר,גרמים,110.00,100 גרם,false,1,11.90,10.8182,true,1,513049
7622210607287,false,עוגיות מיני אוראו שו,מונדולז,,מארז עוגיות מיני אוראו שוקו עשירייה 204 גר,גרמים,204.00,100 גרם,false,1,16.90,8.2843,true,1,512689
7622210624284,false,קדבורי אוראו מצופה שוק' 204ג',,,קדבורי אוראו מצופה שוקולד 204 גר,גרמים,204.00,100 גרם,false,1,12.90,6.3235,true,1,525749
7622210635105,false,"עוגיות אוראו תות, 154 גרם",מונדלז אספנה גאלטס פ,ES,עוגיות אוראו בטעם תות 154 גר,גרמים,154.00,100 גרם,false,1,7.90,5.1299,true,1,507479
7622210638021,false,מיני עוגיות אוראו קראנצ'י בייטס מצופים,מונדלז אספניה ג'לאטס,ES,עוגיות אוראו ביס קראנצי בציפוי שוקולד,גרמים,110.00,100 גרם,false,1,7.90,7.1818,true,1,514328
7622210640062,false,גבינת עם פלפל חלפיניו למריחה פילדלפיה 175 ג',מונדלייז,DE,ממרח גבינה פילדלפיה למריחה פלפל חלפינו,גרמים,175.00,100 גרם,false,1,14.90,8.5143,true,1,517062
7622210690883,false,טבלאת שוקולד חלב מונדיאל 270 ג' מילקה,,,שוקולד מילקה מונדיאל 270 גר,גרמים,270.00,100 גרם,false,1,15.90,5.8889,true,1,528244
7622210748997,false,פירורי אוראו 300 גר,,,פירורי אוראו 300 גר,גרמים,300.00,100 גרם,false,1,9.90,3.3000,true,1,525753
7622210826053,false,שוקולד מילקה אוראו סנדוויץ 92 גר',גיאורי קאקסז קייאףטי,HU,שוקולד מילקה אוראו סנדוויץ 92 גר,גרמים,92.00,100 גרם,false,1,5.90,6.4130,true,1,514325
7622210835338,false,עוגיות אוראו בטעם בראוניז,מנדלז אספנה גאלטס פר,ES,עוגיות אוראו בראוניז 176 גר,גרמים,176.00,100 גרם,false,1,8.90,5.0568,true,1,498565
7622210999108,false,שוקולד מילקה אוראו,,,שוקולד מילקה אוראו 100 גר,גרמים,100.00,100 גרם,false,1,5.90,5.9000,true,1,511074
7622210999368,false,שוקולד מילקה יוגורט,,,שוקולד מילקה יוגורט תות 100 גר,גרמים,100.00,100 גרם,false,1,5.90,5.9000,true,1,510092
7622210999535,false,שוקולד מילקה אקסטרה,מונדלייז,DE,שוקולד מילקה אקסטרה שוקולד 100 גר,גרמים,100.00,100 גרם,false,1,5.90,5.9000,true,1,511433
7622210999597,false,שוקולד מילקה אגוזים,מונדלייז,DE,שוקולד מילקה אגוזים שלמים 100 גר,גרמים,100.00,100 גרם,false,1,5.90,5.9000,true,1,510193
7622300107949,false,טובלרון שוקולד חלב ע,,,טובלרון צימוק 100 גר,גרמים,100.00,100 גרם,false,1,9.90,9.9000,true,1,512694
7622300134532,false,מילקה טופי ואגוזי לוז 300 ג',,,שוקולד מילקה טופי ואגוזי לוז 300 גר,גרמים,300.00,100 גרם,false,1,15.90,5.3000,true,1,515602
7622300270506,false,מילקה גריינס - עוגיות שיבולת שועל מצופות שוקולד 168 ג',מונדלז פולסקה פרודקש,PL,"עוגיות ""מילקה גריינס",גרמים,168.00,100 גרם,false,1,9.90,5.8929,true,1,461531
7622300340285,false,גבינת שמנת 22% שומן 175 ג' פילדלפיה,מונדלז דויצ'לנד פרוד,DE,ממרח גבינה פילדלפיה 22% 175 גר,גרמים,175.00,100 גרם,false,1,14.90,8.5143,true,1,498873
7622300340292,false,גבינת שמנת 11% שומן 175 ג' פילדלפיה,מונדלז דויצ'לנד פרוד,DE,ממרח גבינה פילדלפיה 11% 175 גר,גרמים,175.00,100 גרם,false,1,14.90,8.5143,true,1,498874
7622300434472,false,עוגיות גאפה שוקו מוס מילקה 128ג',,,מילקה גאפה שוקו 128 גר,גרמים,128.00,100 גרם,false,24,6.90,5.3906,true,1,516319
7622300495046,false,מילקה אקסטרא קקאו 100 ג',מנדלז דויצ'לנד סנקס,DE,"שוקולד ""מילקה"" אקסטרה קקאו 100 גר",גרמים,100.00,100 גרם,false,1,5.90,5.9000,true,1,469268
7622300498429,false,טבלת שוקולד ממולא תות 100ג' מילקה,מונדלייז,DE,"שוקולד ""מילקה"" יוגורט תות 100 גר",גרמים,100.00,100 גרם,false,1,5.90,5.9000,true,1,470925
7622300503079,false,"מילקה, עוגיות ביסקוויט מצופות שוקולד - 200 גרם",מונדלז פולסקה פרודקש,PL,"עוגיות ""מילקה מו"" מצ",גרמים,200.00,100 גרם,false,1,9.90,4.9500,true,1,461534
7622300617820,false,שוקלד מילקה טבלת חלב אוראו 100ג',מנדלז דויצ'לנד סנקס,DE,"שוקולד ""מילקה"" אוראו 100 גר",גרמים,100.00,100 גרם,false,1,5.90,5.9000,true,1,469267
7622300733520,false,מיניונט חלב קרם פרלי,,,מיניונט חלב קרם פרלין קוטדור 210 גר,גרמים,210.00,100 גרם,false,1,24.90,11.8571,true,1,524508
7622300756383,false,ממרח גבינת עם שוקולד מילקה פילדלפיה 175 ג',מונדלייז,DE,ממרח גבינה פילדלפיה עם ממרח שוקולד מילקה,גרמים,175.00,100 גרם,false,1,14.90,8.5143,true,1,517061
7622300756413,false,גבינת פילדלפיה 20% שומן עם תבלינים 175 ג',מונדלז דויצ'לנד פרוד,DE,ממרח גבינה פילדלפיה עם תבלינים 20% 175 ג,גרמים,175.00,100 גרם,false,1,14.90,8.5143,true,1,498875
7622300761363,false,עוגיות אוראו מיני כוסות בטעם שוקו 67 ג',פי.טי. מונדלז אינדונ,ID,עוגיות מיני אוראו קרם שוקולד 67 גר,גרמים,67.00,100 גרם,false,1,5.90,8.8060,true,1,485953
7622300813208,false,עוגיות XL אגוזים 184 ג' מילקה,,,עוגיות מילקה אגוז 184 גר,גרמים,184.00,100 גרם,false,10,11.90,6.4674,true,1,515807
7622400005190,false,שוקולד חלב ושוקולד לבן Happy Cow,מנדלז דויצ'לנד סנקס,DE,שוקולד מילקה שוקולד חלב 100גר,גרמים,100.00,100 גרם,false,1,5.90,5.9000,true,1,477988
7630477891592,false,קפסולות האוס בלנד לונגו עוצמה 8 - 10 יח',נסטלה שוויץ - קפה,CH,קפסולות סטארבקס האוס בלנד 57 גרם,גרמים,57.00,100 גרם,false,12,21.90,38.4211,true,1,513187
7630477891615,false,קפסולות קפה סומטרה עוצמה 10 - 10 יח',נסטלה שוויץ - קפה,CH,קפסולות סטארבקס סומטרה 55 גרם,גרמים,55.00,100 גרם,false,12,21.90,39.8182,true,1,513191
7630477891639,false,קפסולות קפה ורונה עוצמה 10 - 10 יח',נסטלה שוויץ - קפה,CH,קפסולות סטארבקס ורונה 55 גרם,גרמים,55.00,100 גרם,false,12,21.90,39.8182,true,1,513192
7630477891714,false,סטארבקס - קפסולות אספרסו 57 גרם * 10,נסטלה שוויץ - קפה,CH,קפסולות סטארבקס אספרסו 57 גרם,גרמים,57.00,100 גרם,false,12,21.90,38.4211,true,1,513194
7630477891738,false,סטארבקס - קפסולות אספרסו בלונד 53 גרם * 10,נסטלה שוויץ - קפה,CH,קפסולות סטארבקס אספרסו בלונד 53 גרם,גרמים,53.00,100 גרם,false,12,21.90,41.3208,true,1,513190
7702018321520,false,דאודורנט סטיק לגבר Pro G Arctic ice,תות ממתקי איכות,US,"דאודורנט ""ג""ילט"" סטיק",Unknown,0.00,Unknown,false,1,19.90,0.0000,true,1,470217
7702018357871,false,ג'ל גילוח ג'ילט פרוג,,,גל גילוח פרוגלייד 2 ב1 לעור רגיש,מיליליטרים,170.00,"100 מ""ל",false,1,24.90,14.6471,true,1,486289
7702024074625,false,פיטנס - חטיפי קרקר חיטה מלאה 234 גרם,קומסטיבלס לה רוזה אס,CO,חטיפי קרקר פיטנס חיטה מלאה 234 גר,גרמים,234.00,100 גרם,false,1,10.90,4.6581,true,1,499599
7702024258322,false,"חטיפי קרקר עם חיטה מלאה, צ'יה וזרעי פשתן פיטנס",נסטלה Nestle,CO,קרקר פיטנס חטיפי ציה ופשתן 234 גר,גרמים,234.00,100 גרם,false,24,10.90,4.6581,true,1,515183
7702174066631,false,לקקן פין פופ 10 יח' 170 גר' וסטהיים,הדקלאים אגודת שיתופי,CO,לקקן פין פופ 12 יח,Unknown,0.00,Unknown,false,1,8.90,0.0000,true,1,474401
7702174068826,false,סוכריות לקקן במילוי טופי בטעמי יוגורט פירות,הדקלאים אגודת שיתופי,CO,לקקן יוגטה פירות 12 יח,Unknown,0.00,Unknown,false,1,8.90,0.0000,true,1,474405
7702174068833,false,סוכריות לקקן במילוי טופי בטעמי גלידת פירות,הדקלאים אגודת שיתופי,CO,לקקן יוגטה גלידה 12 יח,Unknown,0.00,Unknown,false,1,8.90,0.0000,true,1,474404
7702174070201,false,סוכריות לקקן במילוי טופי בטעם מסטיק,הדקלאים אגודת שיתופי,CO,"לקקן ""יוגטה"" 12 יח",Unknown,0.00,Unknown,false,1,8.90,0.0000,true,1,470415
7790040420076,false,בונבון מיני אלפחורס 117 גר',,,מיני עוגיות סנדוויץ אלפחורס 117 גר,גרמים,117.00,100 גרם,false,1,11.90,10.1709,true,1,524157
7790387120219,false,תה טאראגווי גרבה מאט,,,תה טאראגווי גרבה מאטה 500 גר,גרמים,500.00,100 גרם,false,10,24.90,4.9800,true,1,522957
7790580421663,false,"בון בון ריבת חלב וקרמל, 288 גרם",ארקור,AR,בון בון דולצה דה לצה קרם קרמל וריבת חלב,גרמים,288.00,100 גרם,false,1,26.90,9.3403,true,1,524155
7791875005353,false,ריבת חלב הוואנה 450,,,ריבת חלב הוואנה 450 גר,גרמים,450.00,100 גרם,false,1,18.90,4.2000,true,1,523756
7794450002570,false,יין קאטנה קברנה 750,,,יין קאטנה קברנה 750 מל,מיליליטרים,750.00,"100 מ""ל",false,1,69.90,9.3200,true,1,524666
7794450008077,false,יין אלאמוס שרדנה 750,קאטנה זפאטה,,יין קאטנה זאפאטה שרדנה 0.75ל,מיליליטרים,750.00,"100 מ""ל",false,1,44.90,5.9867,true,1,473181
7794450008084,false,יין אלאמוס מאלבק 750,קאטנה זפאטה,,יין קאטנה זאפאטה מאלבק 0.75ל,מיליליטרים,750.00,"100 מ""ל",false,1,44.90,5.9867,true,1,468644
7798074863708,false,יין פורטילו דולצה לב,,,יין פורטילו דולצה לבן מתוק 750 מל,מיליליטרים,750.00,"100 מ""ל",false,1,39.90,5.3200,true,1,524259
7798130463514,false,יין ארגנטו מלבק כרם,,,יין ארגנטו מלבק כרם יחידני אדום יבש 750,מיליליטרים,750.00,"100 מ""ל",false,6,79.90,10.6533,true,1,523006
7798159560096,false,יין ארגנטו קלאסיק קב,,,יין ארגנטו קלאסיק קברנה סוביניון אדום,מיליליטרים,750.00,"100 מ""ל",false,6,39.90,5.3200,true,1,513747
7798159560126,false,יין ארגנטו קלאסיק מל,,,יין ארגנטו קלאסיק מלבן אדום יבש 750 מל,מיליליטרים,750.00,"100 מ""ל",false,1,39.90,5.3200,true,1,511555
7798159560157,false,יין ארגנטו קלאסיק פי,,,יין ארגנטו קלאסיק פינו גריגין לבן יבש,מיליליטרים,750.00,"100 מ""ל",false,1,39.90,5.3200,true,1,511556
7804320087016,false,יין קסילרו דל דיאבלו,קונצ'ה אי טורו,,"יין קסילרו דל דיאבלו קרמנרה רזרב 750 מ""ל",מיליליטרים,750.00,"100 מ""ל",false,1,54.90,7.3200,true,1,508533
7804320256900,false,יין קסילרו דל דיאבלו,קונצ'ה אי טורו,,"יין קסילרו דל דיאבלו שרדונה 750 מ""ל",מיליליטרים,750.00,"100 מ""ל",false,1,54.90,7.3200,true,1,492736
7804320303178,false,יין קסילרו דל דיאבלו,קונצ'ה אי טורו,,יין קסילרו דל דיאבלו קברנה סוביניון 750,מיליליטרים,750.00,"100 מ""ל",false,1,54.90,7.3200,true,1,492734
7804320746104,false,יין קונצה אי טורו דא,,,יין קונצה אי טורו דארק רד 750 מל,מיליליטרים,750.00,"100 מ""ל",false,1,74.90,9.9867,true,1,525744
7804320750552,false,יין קונצה אי טורו קב,,,יין קונצה אי טורו קברנה סוביניון 750 מל,מיליליטרים,750.00,"100 מ""ל",false,1,74.90,9.9867,true,1,525745
7804414000877,false,יין דון חוליו צרלו 7,לואיס פליפה אדוארדס,,יין מרלו דון חוליו א,מיליליטרים,750.00,"100 מ""ל",false,1,29.90,3.9867,true,1,465053
7804414001614,false,יין דון חוליו שיראז,לואיס פליפה אדוארדס,,דון חוליו שיראז,מיליליטרים,750.00,"100 מ""ל",false,1,29.90,3.9867,true,1,465055
7860001950093,false,דלי לפופקורן בינוני,,,דלי לפופקורן בינוני,Unknown,0.00,Unknown,false,1,14.90,0.0000,true,1,489514
7860001952370,false,סוגרים 15,,,סוגרים 15,Unknown,0.00,Unknown,false,1,9.90,0.0000,true,1,488332
7861500002740,false,בירה לף בראון בקבוק,מנדלז סי.אר. פרודקשן,BE,בירה לף בראון בק 330 מל,מיליליטרים,330.00,"100 מ""ל",false,1,10.90,3.3030,true,1,524389
7869126548611,false,קישוט שק לבקבוק סנטה,,,קישוט שק לבקבוק סנטה/אייל/איש שלג,Unknown,0.00,Unknown,false,1,14.90,0.0000,true,1,520784
7890202102458,false,פופיון זהב פס אדום ל,,,פופיון זהב פס אדום לתלייה 36*36 סמ,Unknown,0.00,Unknown,false,1,14.90,0.0000,true,1,520029
7890202102502,false,בובת סנטה/איש שלג זו,,,בובת סנטה/איש שלג זוהר 30*16 סמ,Unknown,0.00,Unknown,false,1,39.90,0.0000,true,1,520039
7890202102564,false,כפפות סנטה ציור אייל,,,כפפות סנטה ציור אייל לקישוט 13*7 סמ,Unknown,0.00,Unknown,false,1,14.90,0.0000,true,1,520045
7890202102670,false,כוכב לראש עץ כסף תחר,,,כוכב לראש עץ כסף תחרה כחול ואדום 20 סמ,Unknown,0.00,Unknown,false,1,9.90,0.0000,true,1,520054
7890202102731,false,שלישיית כדורים שקופי,,,שלישיית כדורים שקופים מרי כריסמס לקישוט,Unknown,0.00,Unknown,false,1,29.90,0.0000,true,1,520059
7890202102748,false,שלישיית כדורים תלת מ,,,שלישיית כדורים תלת מימד 8 סמ לקישוט,Unknown,0.00,Unknown,false,1,19.90,0.0000,true,1,521675
7890202102939,false,שלושה פופיונים כסף/ז,,,שלושה פופיונים כסף/זהב/אדום 20 סמ,Unknown,0.00,Unknown,false,1,29.90,0.0000,true,1,520099
7890202102946,false,פופיון כסף/זהב/אדום,,,פופיון כסף/זהב/אדום 30 סמ,Unknown,0.00,Unknown,false,1,29.90,0.0000,true,1,520100
7890202102953,false,פרח אדום וזהב 27 סמ,,,פרח אדום וזהב 27 סמ לקישוט,Unknown,0.00,Unknown,false,1,12.90,0.0000,true,1,520101
7890202102984,false,זוג כוכבים 11 סמ לקי,,,זוג כוכבים 11 סמ לקישוט,Unknown,0.00,Unknown,false,1,19.90,0.0000,true,1,520104
7890202103059,false,דוב לבן עומד עם שרשר,,CN,דוב לבן עומד עם שרשרת אצטרובלים,Unknown,0.00,Unknown,false,1,49.90,0.0000,true,1,520111
7890305606518,false,מטריה משפטים בינונית,,,מטריה משפטים בינונית 55 סמ,Unknown,0.00,Unknown,false,1,29.90,0.0000,true,1,520663
7890305606525,false,מטריה לבבות בינונית,,,מטריה לבבות בינונית 55 סמ,Unknown,0.00,Unknown,false,1,29.90,0.0000,true,1,520662
7890305606532,false,מטריה בינונית 55 סמ,,,מטריה בינונית 55 סמ,Unknown,0.00,Unknown,false,1,29.90,0.0000,true,1,520661
7891024027998,false,"קולגייט מי פה טוטאל אנטי טרטר 500 מ""ל",קולגייט פלמוליב,,מי פה קולגייט טוטאל אנטי טרטר 500 מל,מיליליטרים,500.00,"100 מ""ל",false,1,29.90,5.9800,true,1,526383
7891024124826,false,קולגייט משחת אופטיק ספרקלינג וייט 75מל,הנסיך- מפעל לייצור ט,BR,"משחת שיניים ""קולגייט"" אופטיק וייט 75 מל",מיליליטרים,75.00,"100 מ""ל",false,1,19.90,26.5333,true,1,473214
8000020000280,false,וורמוט צינזנו אסטי 7,,,"צ""ינזנו מבעבע אסטי 0",מיליליטרים,750.00,"100 מ""ל",false,1,54.90,7.3200,true,1,458051
8000020000365,false,ורמוט צינזאנו ביאנקו,דויד קמפרי,IT,"צ""ינזנו ורמוט ביאנקו",מיליליטרים,750.00,"100 מ""ל",false,1,34.90,4.6533,true,1,458052
8000020000389,false,וורמוט צינזנו אקסטרה,,,"צ""ינזנו ורמוט אקסטרה דריי",מיליליטרים,750.00,"100 מ""ל",false,1,34.90,4.6533,true,1,470657
8000020004226,false,יין מבעבע צינזנו סקו,DAVIDE CAMPARI,,"יין מבעבע צינזנו סקו 750 מ""ל",מיליליטרים,750.00,"100 מ""ל",false,1,49.90,6.6533,true,1,497989
8000020005247,false,יין מבעבע צינזנו גרנ,,,"יין מבעבע צ""ינזנו גרנד דולצה 750 מ""ל",מיליליטרים,750.00,"100 מ""ל",false,1,39.90,5.3200,true,1,458053
8000020006381,false,יין מבעבע צינזנו רוז,,,"צ""ינזנו מבעבע רוזה 0",מיליליטרים,750.00,"100 מ""ל",false,1,54.90,7.3200,true,1,458054
8000040001106,false,"קאמפרי ביטר אפרטיף 700 מ""ל",קמפרי,,קמפרי 700 מל,מיליליטרים,700.00,"100 מ""ל",false,1,89.90,12.8429,true,1,472154
8000040500012,false,ויסקי ווילד טרקי בור,אוסטין ניקולס,,"וויסקי ווילד טרקי בורבון 81 700 מ""ל",מיליליטרים,700.00,"100 מ""ל",false,1,99.90,14.2714,true,1,482470
8000040630269,false,ויסקי גלן גראנט סקוט,,,"ויסקי גלן גראנט סקוטי 12 שנים 700 מ""ל",מיליליטרים,700.00,"100 מ""ל",false,1,159.90,22.8429,true,1,498608
8000060100247,false,ברנדי רומנה ויציה 70,montenegro,,ברנדי רומנה ויציה 700 מל,מיליליטרים,700.00,"100 מ""ל",false,1,84.90,12.1286,true,1,458058
8000070010680,false,קפסולות לאווצה ויגורוסו 12 10 יח',לאוג'י לוואצה אס.פי.,IT,קפסולות קפה לוואצה ויגורוסו 10 יח,Unknown,0.00,Unknown,false,1,16.90,0.0000,true,1,517068
8000070012219,false,פולי קפה אורו לוואצה,,,קפה ערביקה 250 גרם,גרמים,250.00,100 גרם,false,1,39.90,15.9600,true,1,518013
8000070027398,false,פולי קפה קרמה קלאסיק,,,קפה ארומטי 500 גרם,גרמים,500.00,100 גרם,false,1,69.90,13.9800,true,1,518012
8000070036321,false,פולי קפה רוסה 500 גר,,,פולי קפה רוסה 500 גר,גרמים,500.00,100 גרם,false,1,69.90,13.9800,true,1,524284
8000070038974,false,פולי קפה קרמה אה גוס,,,קפה אספרסו 1 קג,קילוגרמים,1.00,"ק""ג",false,1,109.90,109.9000,true,1,518011
8000070053465,false,קפסולות קפה אספרסו אורו דרגת חוזק 8,לוואצה Lavazza,IT,קפסולות לוואצה אורו חוזק 8,גרמים,50.00,100 גרם,false,1,19.90,39.8000,true,1,528039
8000070053472,false,קפסולות קרמה גוסטו קלאסיקו חוזק 12 57 ג' לוואצה,לוואצה Lavazza,IT,קפסולות לוואצה קרמה גוסטו חוזק 12,גרמים,57.00,100 גרם,false,1,19.90,34.9123,true,1,528035
8000070055254,false,קפסולות קרמה גוסטו פורטה חוזק 13 55 ג' לוואצה,לוואצה Lavazza,,קפסולות לוואצה קרמה גוסטו חוזק 13,גרמים,55.00,100 גרם,false,1,19.90,36.1818,true,1,528036
8000070059832,false,קפסולות קרמה גוסטו ריקו חוזק 11 55 ג' לוואצה,לוואצה Lavazza,,קפסולות לוואצה קרמה גוסטו חוזק 11,גרמים,55.00,100 גרם,false,1,19.90,36.1818,true,1,528034
8000070081000,false,קפסולות קפה לוואצה הרמניקו 50 ג' 8,לאוג'י לוואצה אס.פי.,IT,קפסולות קפה לוואצה הרמוניקו 8,Unknown,0.00,Unknown,false,1,16.90,0.0000,true,1,507523
8000070081017,false,קפסולות קפה לוואצה דיצ'ו NCC 10,לאוג'י לוואצה אס.פי.,IT,קפסולות קפה לוואצה דיצו 10,Unknown,0.00,Unknown,false,1,16.90,0.0000,true,1,507524
8000113003402,false,"קמח תירס בוואקום 1 ק""ג",מולינו ניקולי אס.פי.,IT,קמח תירס בוואקום 1 ק,קילוגרמים,1.00,"ק""ג",false,1,15.90,15.9000,true,1,458066
8000215204219,false,משקה ואורז אורגני וי,בטר אנד דיפרנט,IT,משקה ואורז אורגני ויטריז 1 ל,ליטרים,1.00,ליטר,false,10,12.90,12.9000,true,1,499516
8000215204240,false,משקה אורז עם שקדים אורגני,בטר אנד דיפרנט,IT,משקה שקדים ואורז אורגני ויטריז 1 ל,ליטרים,1.00,ליטר,false,10,12.90,12.9000,true,1,499515
8000215204264,false,משקה אורז אורגני ויט,בטר אנד דיפרנט,IT,"משקה אורז אישי 200 מ""ל",מיליליטרים,200.00,"100 מ""ל",false,24,3.90,1.9500,true,1,503866
8000215204271,false,משקה שקדים ואורז איש,"נטורפוד בע""מ",IT,"משקה שקדים ואורז אישי 200 מ""ל",מיליליטרים,200.00,"100 מ""ל",false,24,3.90,1.9500,true,1,503865
8000215204370,false,תחליף שמנת צמחי לביש,ויטריז,IT,תחליף שמנת לבישול ויטריז צמחי אורגני 200,מיליליטרים,200.00,"100 מ""ל",false,18,5.90,2.9500,true,1,503867
8000215204394,false,משקה אורז ואגוזי לוז אורגני,בטר אנד דיפרנט,US,משקה אגוזי לוז ואורז אורגני 1 ל,ליטרים,1.00,ליטר,false,10,16.90,16.9000,true,1,503864
8000215204554,false,משקה אורז עם קוקוס אורגני,ויטריז Vitariz,,משקה אורז קוקוס אורגני 1 ל,ליטרים,1.00,ליטר,false,10,12.90,12.9000,true,1,503863
8000215204714,false,משקה שיבולת שועל אור,בטר אנד דיפרנט,IT,משקה שיבולת שועל אורגני פרימבנה 1 ל,ליטרים,1.00,ליטר,false,10,12.90,12.9000,true,1,499517
8000300162905,false,שוקולד נסטלה מריר 15,,,שוקולד נסטלה מריר 150 גר,גרמים,150.00,100 גרם,false,1,14.90,9.9333,true,1,525913
8000300162929,false,שוקולד נסטלה חלב 150,,,שוקולד נסטלה חלב 150 גר,גרמים,150.00,100 גרם,false,1,14.90,9.9333,true,1,525912
8000350001124,false,חטיף עוגיה פריכה קרם,,,חטיף עוגיה פריכה קרם אגוז וישנזי 125 גר,גרמים,125.00,100 גרם,false,1,9.90,7.9200,true,1,524971
8000350001148,false,חטיף עוגיה פריכה קרם,,,חטיף עוגיה פריכה קרם קאסטרד וישנזי 125 ג,גרמים,125.00,100 גרם,false,1,9.90,7.9200,true,1,524972
8000350004491,false,עוגיות ביס פריכות קר,Vicenzi S.p.A.,IT,עוגיות ביס פריכות קרם חלבי וישנזי 125 גר,גרמים,125.00,100 גרם,false,1,9.90,7.9200,true,1,524968
8000350004781,false,עוגיות ביס קרם שוקול,Vicenzi S.p.A.,IT,עוגיות ביס קרם שוקולד וישנזי 125 גר,גרמים,125.00,100 גרם,false,1,9.90,7.9200,true,1,524967
8000350005351,false,עוגיות פרחים עם מחית,,,עוגיות פרחים עם מחית פטל וישנזי 120 גר,גרמים,120.00,100 גרם,false,1,9.90,8.2500,true,1,524966
8000350007393,false,עוגיות וישנזי במילוי,קריות זול,IT,עוגיות במילוי קרם וניל וישנזי 150 גר,גרמים,150.00,100 גרם,false,1,9.90,6.6000,true,1,524970
8000353004184,false,ליקר אגוזי לוז לוקסר,,,ליקר אגוזי לוז לוקסרדו אנגיולטו 700מל,מיליליטרים,700.00,"100 מ""ל",false,1,99.90,14.2714,true,1,477460
8000353006386,false,ליקר לוקסרדו לימונצל,,,ליקר לוקסרדו לימונצלו 700מל,מיליליטרים,700.00,"100 מ""ל",false,1,99.90,14.2714,true,1,477457
8000353200029,false,ליקר דובדבנים לוקסרד,,,ליקר דובדבנים לוקסרדו סאן מורלקו 700מל,מיליליטרים,700.00,"100 מ""ל",false,1,99.90,14.2714,true,1,477458
8000380003723,false,גרנד פטיסרי עוגיות וופל אגוזים 100ג',קריניציה ויטמינה אס,IT,וופל שוקולד גרנד פטי,גרמים,100.00,100 גרם,false,1,11.90,11.9000,true,1,458075
8000380003754,false,עוגיות וופל קפה קפוצ'ינו 100 גרם לואקר,"כד בני דרום בע""מ",IT,גרנד פטיסרי קפוצינו 100 גר,גרמים,100.00,100 גרם,false,1,11.90,11.9000,true,1,518548
8000380003761,false,וופל גרנדה פטיסרי קוקוס שוקולד 100ג',קריניציה ויטמינה אס,IT,וופל שוקולד גרנד פטי,גרמים,100.00,100 גרם,false,1,11.90,11.9000,true,1,458076
8000380004676,false,קוביות וופל סנדוויץ Sandwich עם וניל וחלב,"א. לואקר, קונפקט ג'י",AT,"וופל וניל 200 ג""ר",גרמים,200.00,100 גרם,false,1,10.90,5.4500,true,1,458079
8000380004881,false,וופל קוארדטיני לואקר קוביות טרמיסו 220ג',קריניציה ויטמינה אס,IT,קואדרטיני טרמיסו 250,גרמים,220.00,100 גרם,false,1,13.90,6.3182,true,1,458082
8000380004911,false,קוביות וופל קואדרטיני Quadratini קרם אגוזים,קריניציה ויטמינה אס,AT,קואדרטיני אגוז 250 ג,גרמים,250.00,100 גרם,false,1,13.90,5.5600,true,1,458083
8000380004966,false,וופל קוארדטיני לואקר קוביות שוקולד 250ג',קריניציה ויטמינה אס,AT,קואדרטיני קקאו 250 ג,גרמים,250.00,100 גרם,false,1,13.90,5.5600,true,1,458085
8000380007219,false,וופל לואקר אגוז קלאסי 175ג',קריות זול,AT,וופל לואקר אגוז 175,גרמים,175.00,100 גרם,false,1,10.90,6.2286,true,1,458088
8000380007257,false,וופל גרנדה מצופה שוקולד 200ג',קריניציה ויטמינה אס,IT,"וופל גרדנה 200 ג""ר",גרמים,200.00,100 גרם,false,1,13.90,6.9500,true,1,458089
8000380007271,false,וופל לואקר קרם חלב 175ג',לואקר Loacker,AT,וופל לואקר חלב 175 ג,גרמים,175.00,100 גרם,false,1,10.90,6.2286,true,1,458091
8000380142484,false,קוביות וופל קואדרטיני Quadratini בטעם שוקולד מריר,"אינסטנטה בע""מ",AT,וופל לואקר קוואדרטיני 250 גרם,גרמים,250.00,100 גרם,false,1,13.90,5.5600,true,1,458094
8000380144044,false,וופל גרדנה לואקר שוקולד 200ג',"א. לואקר , AG/SpA, ו",IT,"גרדנה שוקולד 200 ג""ר",גרמים,200.00,100 גרם,false,1,13.90,6.9500,true,1,458095
8000380148035,false,וופל אגוזי לוג שוקולד מריר גראן פטיסרי Gran Pasticceria,קריניציה ויטמינה אס,IT,וופל גרנד פטיסרי מריר אגוז 100 גר,גרמים,100.00,100 גרם,false,1,11.90,11.9000,true,1,458096
8000380152704,false,וופל אצבעות גרדנה חטיפי אגוז שוקו' 125גר,"אינסטנטה בע""מ",IT,חטיפי אצבעות גרנדה אגוז 125 גר,גרמים,125.00,100 גרם,false,1,16.90,13.5200,true,1,467538
8000380152728,false,וופל גרדנה אצבעות שוקו 125ג',"אינסטנטה בע""מ",IT,"חטיפי אצבעות ""גרנדה"" שוקולד 125 גר",גרמים,125.00,100 גרם,false,1,16.90,13.5200,true,1,467539
8000380156573,false,"פרלין שוקולד חלב, מריר ולבן Rose",קריניציה ויטמינה אס,IT,שוקולד ורד הדולמיטים 150גר,גרמים,150.00,100 גרם,false,1,21.90,14.6000,true,1,475421
8000380157570,false,וופל קלאסי לואקר 262,,,וופל לואקר אגוז 262.5 גר,גרמים,263.00,100 גרם,false,1,10.90,4.1445,true,1,516047
8000380157587,false,וופל שוקולד לואקר 26,,,וופל לואקר שוקולד 262.5 גר,גרמים,263.00,100 גרם,false,1,10.90,4.1445,true,1,516048
8000380180721,false,וופל לואקר קקאו וקרם חלב 175ג',קריניציה ויטמינה אס,AT,וופל לואקר קלאסיק שוקו חלב 175 גר,גרמים,175.00,100 גרם,false,1,10.90,6.2286,true,1,484894
8000380180837,false,וופל שוקולד לבן וקוקוס גראן פטיסרי Gran Pasticceria,"אינסטנטה בע""מ",IT,וופל לואקר גרנד פטיסרי קוקוס 100 גר,גרמים,100.00,100 גרם,false,1,11.90,11.9000,true,1,486656
8000380181032,false,"לואקר גרדנה חטיפי אצבעות אגוזים ושוקולד לבן, 125 גרם","אינסטנטה בע""מ",IT,"חטיפי אצבעות ""גרנדה"" לבן 125 גרם",גרמים,125.00,100 גרם,false,1,16.90,13.5200,true,1,518021
8000380205523,false,וופל קלאסיק בטעם חמאת בוטנים,לואקר Loacker,AT,וופל לואקר קלאסיק חמאת בוטנים 175 גר,גרמים,175.00,100 גרם,false,18,10.90,6.2286,true,1,524288
8000380206896,false,וופל גרדנה בטעם חמאת בוטנים מצופה,לואקר Loacker,,וופל גרדנה חמאת בוטנים 200 גר,גרמים,200.00,100 גרם,false,10,13.90,6.9500,true,1,524286
8000420000491,false,יין מבעבע אסטי לבן מ,,,יין מבעבע אסטי לבן מתוק 750מל,מיליליטרים,750.00,"100 מ""ל",false,1,49.90,6.6533,true,1,476939
8000420000538,false,יין מבעבע ברוט לבן י,GANCIA,,יין מבעבע ברוט לבן יבש 750מל,מיליליטרים,750.00,"100 מ""ל",false,1,49.90,6.6533,true,1,476940
8000420019158,false,יין מבעבע יבש מאוד ג,,,יין מבעבע יבש מאוד גאנציה פרוסקו רוזה,מיליליטרים,750.00,"100 מ""ל",false,1,49.90,6.6533,true,1,518730
8000420201300,false,וורמונט גנציה ביאנק,GANCIA,,וורמונט גנציה ביאנק לבן 700 מל,מיליליטרים,700.00,"100 מ""ל",false,1,39.90,5.7000,true,1,468973
8000420501295,false,וורמונט רוסו אדום מת,GANCIA,,וורמונט רוסו אדום מתוק 1ל,ליטרים,1.00,ליטר,false,1,39.90,39.9000,true,1,476943
8000420742193,false,יין מבעבע פרוסקו לבן,GANCIA,,יין מבעבע פרוסקו לבן יבש 750מל,מיליליטרים,750.00,"100 מ""ל",false,1,49.90,6.6533,true,1,476941
8000420864321,false,וורמונט דרי אקסטרה ל,GANCIA,,וורמונט דרי אקסטרה לבן יבש 1ל,ליטרים,1.00,ליטר,false,1,39.90,39.9000,true,1,476944
8000500018828,false,שוקולד חצי מטר 300 ג' קינדר,קינדר Kinder,IT,שוקולד קינדר 24 יח,גרמים,300.00,100 גרם,false,1,19.90,6.6333,true,1,494339
8000500026731,false,שוקולד ביצי הפתעה קינדר שלישייה,קריות זול,IT,ביצת הפתעה קינדר סופרייז שלישייה,Unknown,0.00,Unknown,false,1,15.90,0.0000,true,1,458111
8000500028124,false,"קינדר ג'וי, שלישיה 3 * 20 גרם",קריות זול,,ביצת הפתעה קינדר גוי שלישייה,גרמים,60.00,100 גרם,false,1,15.90,26.5000,true,1,458112
8000500029350,false,מארז וופל מצופה 3יח' *43 גרם קינדר בואנו,קינדר Kinder,PL,חטיף קינדר בואנו שלישייה,גרמים,129.00,100 גרם,false,1,10.90,8.4496,true,1,458113
8000500037874,false,בונבוניירה פררו רושה 200ג',קריות זול,IT,בונבוניירה פררו רושר 200 גר,גרמים,200.00,100 גרם,false,1,25.90,12.9500,true,1,458116
8000500071083,false,אצבעות שוקולד קינדר Kinder שש עשרה יחידות,קינדר Kinder,IT,שוקולד אצבעות קינדר 200 גר,גרמים,200.00,100 גרם,false,1,13.90,6.9500,true,1,458119
8000500121436,false,מארז קינדר בואנו Kinder Bueno לבן שלוש יחידות,קינדר Kinder,PL,חטיף קינדר בואנו לבן שלישייה,גרמים,117.00,100 גרם,false,1,10.90,9.3162,true,1,458121
8000500167656,false,קינדר שוקולד עם דגנים סיריאל 94 ג',,,שוקולד עם דגנים קינדר רביעייה 94 גר,גרמים,94.00,100 גרם,false,24,8.90,9.4681,true,1,508993
8000500227848,false,נוטלה - בי רדי אצבעות ביסקוויט במילוי שוקולד 6 יח' * 22 גרם,Unknown,,חטיף עוגיות נוטלה בי ראדי,גרמים,132.00,100 גרם,false,1,11.90,9.0152,true,1,492748
8000500247167,false,פררו רושה קולקשיין 269ג',פררו,DE,בונבוניירת פררו קולקשן 269 גר,גרמים,269.00,100 גרם,false,1,44.90,16.6914,true,1,492771
8000500249352,false,קינדר בואנו מיני מיקס שקית 205 ג',קינדר Kinder,PL,חטיף קינדר בואנו מיני מיקס 205 גר,גרמים,205.00,100 גרם,false,1,19.90,9.7073,true,1,493534
8000500256213,false,קינדר שוקולד מיני בשקית.,קדבורי,IT,שוקולד מיני קינדר 120 גר,גרמים,120.00,100 גרם,false,1,10.90,9.0833,true,1,503336
8000500266557,false,ביצת שוקולד קינדר ענ,,,ביצת שוקולד קינדר ענקית קריסמס בנות 220,גרמים,220.00,100 גרם,false,1,79.90,36.3182,true,1,527823
8000500266564,false,ביצת שוקולד קינדר ענ,,,ביצת שוקולד קינדר ענקית קריסמס בנים 220,גרמים,220.00,100 גרם,false,1,79.90,36.3182,true,1,527822
8000500267103,false,קינדר דליס שוקול' אישי מארז 10 יח' 420 גר',קינדר Kinder,,עוגיות קינדר דליס 420 גר,גרמים,390.00,100 גרם,false,1,19.90,5.1026,true,1,492847
8000500269169,false,קינדר קארדס Kinder Cards - חמישייה,קריות זול,IT,מארז פררו קינדר קארד 128 גר,גרמים,128.00,100 גרם,false,1,13.90,10.8594,true,1,518995
8000500294345,false,שוקולד איש שלג פררו,,,איש שלג שוקולד פררו רושר 90 גר,גרמים,90.00,100 גרם,false,18,14.90,16.5556,true,1,508994
8000500310397,false,נוטלה עוגיות נוטלה בגליל 12יח' - NUTELLA BISCUITTS,קריות זול,,נוטלה ביסקוויט 166 גר,גרמים,166.00,100 גרם,false,1,13.90,8.3735,true,1,528617
8000500353738,false,רביעיה סוכריות בטעם מנטה חזק 4 * 16 ג' טחק טק,פררו,ZA,סוכריות טיק טק מנטה חזק רביעייה,גרמים,64.00,100 גרם,false,12,9.90,15.4688,true,1,515315
8000500359815,false,שוקולד מריר מילוי קרם אגוזים 90 ג' פררו רושר,,,שוקולד מריר קרם אגוזים פררו רושר 90 גר,גרמים,90.00,100 גרם,false,14,16.90,18.7778,true,1,523877
8000500359884,false,שוקולד לבן ממולא קרם אגוזים 90 ג' פררו רושר,,,שוקולד לבן קרם אגוזים פררו רושר 90 גר,גרמים,90.00,100 גרם,false,14,16.90,18.7778,true,1,523876
8000500360262,false,שוקולד קינדר חנוכיה.,,,קינדר חנוכיה 135 גר,גרמים,135.00,100 גרם,false,1,17.90,13.2593,true,1,515522
8000500363515,false,גלידה פררו רושר מריר,,,גלידה פררו רושר מריר 200 גר,גרמים,200.00,100 גרם,false,1,32.90,16.4500,true,1,518690
8000500363539,false,גלידה פררו רושר קלאס,,,גלידה פררו רושר קלאסיק 200 גר,גרמים,200.00,100 גרם,false,1,32.90,16.4500,true,1,518691
8000500366073,false,נוטלה עוגיות נוטלה בשקית 20 יח'- NUTELLA BISCUITTS,נוטלה Nutella,,נוטלה ביסקוויט 276 גר,גרמים,276.00,100 גרם,false,1,19.90,7.2101,true,1,528618
8000500370551,false,תיק קינדר קריסמס מיק,,,תיק קינדר קריסמס מיקס 193 גר,גרמים,193.00,100 גרם,false,1,44.90,23.2642,true,1,527828
8000500371435,false,מגף קינדר קריסמס מיק,,,מגף קינדר קריסמס מיקס 219 גר,גרמים,219.00,100 גרם,false,1,79.90,36.4840,true,1,527826
8000500384664,false,גלידת קינדר במילוי א,,,גלידת קינדר במילוי אגוזים רביעייה 248 גר,גרמים,248.00,100 גרם,false,1,42.90,17.2984,true,1,526333
8000500384718,false,גלידת קינדר שוקולד ל,,,גלידת קינדר שוקולד לבן רביעייה 248 גר,גרמים,248.00,100 גרם,false,1,42.90,17.2984,true,1,526332
8000500386941,false,"ממרח קקאו עם אגוזי לוז, 900 גרם",קדבורי,IT,ממרח שוקולד נוטלה 900 גר,גרמים,900.00,100 גרם,false,1,28.90,3.2111,true,1,524474
8000500390993,false,שקית קינדר קריסמס מי,,,שקית קינדר קריסמס מיני מיקס 54 גר,גרמים,54.00,100 גרם,false,1,15.90,29.4444,true,1,527821
8000570048022,false,וורמוט מרטיני פיירו,בקרדי מרטיני,IT,"מרטיני פיירו 750 מ""ל",מיליליטרים,750.00,"100 מ""ל",false,6,44.90,5.9867,true,1,505650
8000570283607,false,מרטיני אסטי Asti יין לבן מתוק מבעבע,מרטיני Martini,IT,"יין מבעבע מרטיני מתוק 750 מ""ל",מיליליטרים,750.00,"100 מ""ל",false,1,64.90,8.6533,true,1,502512
8000570812708,false,יין מבעבע מרטיני רוז,,,יין מבעבע מרטיני רוזה,מיליליטרים,750.00,"100 מ""ל",false,1,64.90,8.6533,true,1,495977
8000698036642,false,בונבוניירת אלינור 45,HDI FELETTI,,בונבוניירת אלינור 450גר,גרמים,450.00,100 גרם,false,1,69.90,15.5333,true,1,467478
8001090016003,false,טבליות למדיח הכל באחד,פרוקטר & גמבל,FR,טבליות למדיח כלים פיירי 84 יח,גרמים,1135.00,100 גרם,false,1,54.90,4.8370,true,1,487653
8001090222428,false,"הרבל אסנסס - שמפו חלב קוקוס 400 מ""ל",הרבל אסנס Herbal Essences,,"שמפו הרבל אסנסס חלב קוקוס 400 מ""ל",מיליליטרים,400.00,"100 מ""ל",false,1,19.90,4.9750,true,1,506569
8001090222541,false,"הרבל אסנסס שמפו תות שדה ומנטה 400 מ""ל",הרבל אסנס Herbal Essences,,"שמפו הרבל אסנסס תות שדה ומנטה 400 מ""ל",מיליליטרים,400.00,"100 מ""ל",false,1,19.90,4.9750,true,1,506570
8001090222572,false,"הרבל אסנסס מרכך תות שדה ומנטה 400 מ""ל",הרבל אסנס Herbal Essences,,"מרכך הרבל אסנסס תות שדה ומנטה 400 מ""ל",מיליליטרים,400.00,"100 מ""ל",false,1,19.90,4.9750,true,1,506574
8001090222725,false,"הרבל אסנסס - שמפו שמן מורינגה 400 מ""ל",הרבל אסנס Herbal Essences,,"שמפו הרבל אסנסס שמן מורינגה 400 מ""ל",מיליליטרים,400.00,"100 מ""ל",false,1,19.90,4.9750,true,1,506572
8001090222756,false,"הרבל אסנסס - מרכך שמן מורינגה 400 מ""ל",הרבל אסנס Herbal Essences,,"מרכך הרבל אסנסס שמן מורינגה 400 מ""ל",מיליליטרים,400.00,"100 מ""ל",false,1,19.90,4.9750,true,1,506576
8001090222879,false,"הרבל אסנסס - מרכך שיקום שמן ארגן 400 מ""ל",הרבל אסנס Herbal Essences,,"מרכך הרבל אסנסס שיקום שמן ארגן 400 מ""ל",מיליליטרים,400.00,"100 מ""ל",false,1,19.90,4.9750,true,1,506575
8001090290830,false,"משחת שיניים אורל בי 3D white פנינה בוהקת 75 מ""ל",פרוקטר & גמבל,DE,משחת שיניים אורל בי פנינה בוהקת,מיליליטרים,75.00,"100 מ""ל",false,1,24.90,33.2000,true,1,518978
8001090290939,false,"משחת שיניים אורל בי 3D white לבן בוהק 500 מ""ל",פרוקטר & גמבל,DE,משחת שיניים אורל בי לבן בוהק,מיליליטרים,75.00,"100 מ""ל",false,1,24.90,33.2000,true,1,518977
8001090316103,false,קפסולות לכתמים קשים 45 יח' אריאל,,FR,קפסולות לכביסה אריאל כתמים קשים 45 יח,גרמים,1303.00,100 גרם,false,2,59.90,4.5971,true,1,526461
8001090336491,false,טיטולי פמפרס בייבי דריי מידה 4+ 31 יח',פרוקטר אנד גמבל,DE,חיטולי פמפרס בייבי דריי מידה 4+ 31 יח,Unknown,0.00,Unknown,false,1,37.90,0.0000,true,1,509194
8001090336521,false,טיטולי פמפרס בייבי דריי מידה 5 30 יח',פרוקטר אנד גמבל,DE,חיטולי פמפרס בייבי דריי מידה 5 30 יח,Unknown,0.00,Unknown,false,1,37.90,0.0000,true,1,509195
8001090336606,false,טיטולי פמפרס בייבי דריי מידה 6 26 יח',פרוקטר אנד גמבל,DE,חיטולי פמפרס בייבי דריי מידה 6 26 יח,Unknown,0.00,Unknown,false,1,37.90,0.0000,true,1,509196
8001090493637,false,"הד אנד שולדרס שמפו אולטרא טוטאל קר 450 מ""ל",הד אנד שולדרס H&S,,"שמפו האד אנד שולדרס אולטרה טוטל 450 מ""ל",מיליליטרים,450.00,"100 מ""ל",false,1,19.90,4.4222,true,1,493947
8001090580122,false,"הד אנד שולדרס שמפו סופרים משקם 400 מ""ל",הד אנד שולדרס H&S,,"שמפו האד אנד שולדרס סופרים משקם 400 מ""ל",מיליליטרים,400.00,"100 מ""ל",false,1,19.90,4.9750,true,1,504341
8001090678225,false,"שולדרס מרכך סופרים משקם 275מ""ל",הד אנד שולדרס H&S,RO,"מרכך האד אנד שולדרס סופרים משקם 275 מ""ל",מיליליטרים,275.00,"100 מ""ל",false,1,17.90,6.5091,true,1,504344
8001090678614,false,"שמפו סופרים לחות הד אנד שולדרס 400 מ""ל",הד אנד שולדרס H&S,,"שמפו האד אנד שולדרס סופרים לחות 400 מ""ל",מיליליטרים,400.00,"100 מ""ל",false,1,19.90,4.9750,true,1,504342
8001090721099,false,טבליות ג'ל לכביסה 3 ב-1 בניחוח אביב הרים,פרוקטר אנד גמבל,FR,קפסולות לכביסה אריאל 27 יח,גרמים,729.00,100 גרם,false,1,31.90,4.3759,true,1,499336
8001090721129,false,אריאל קפסולות לכביסה קולור 27 יח,פרוקטר אנד גמבל,FR,קפסולות לכביסה קולור אריאל 27 יח,גרמים,729.00,100 גרם,false,1,31.90,4.3759,true,1,499337
8001090734044,false,מגני תחתון אולוויז לארג' בניחוח רענן,אולוויז Always,,מגן תחתון אולוויז מגה פק לארג פרש 64 יח,Unknown,0.00,Unknown,false,1,18.90,0.0000,true,1,497091
8001090740717,false,מגני תחתון אולוויז נורמל עם ניחוח רענן Fresh Scent,אולוויז Always,,מגן תחתון אולוויז נורמל מגה פק פרש 76 יח,Unknown,0.00,Unknown,false,1,18.90,0.0000,true,1,497106
8001090745903,false,"טייד אלפיין פרש 4 ק""ג אבקה",פרוקטר אנד גמבל,,"אבקת כביסה טייד אלפיין פרש 4 ק""ג",קילוגרמים,4.00,"ק""ג",false,1,29.90,7.4750,true,1,509190
8001090748638,false,מרכך כביסה לנור מרוכ,,,מרכך כביסה לנור מרוכז קיס 1 ל,ליטרים,1.00,ליטר,false,1,24.90,24.9000,true,1,506578
8001090832450,false,"שמפו פנטן נוסחה קלאסית 660 מ""ל",פרוקטר & גמבל,RO,פנטן שמפו נוסחה קלאסית 660 מל,מיליליטרים,660.00,"100 מ""ל",false,1,19.90,3.0152,true,1,515588
8001090832535,false,"שמפו פנטן שמן מרוקאי משקם 660 מ""ל",פרוקטר & גמבל,RO,פנטן שמפו שמן מרוקאי משקם 660 מל,מיליליטרים,660.00,"100 מ""ל",false,1,19.90,3.0152,true,1,515589
8001090832573,false,"שמפו פנטן לחות מוגברת 660 מ""ל",פרוקטר & גמבל,RO,פנטן שמפו שמן לחות מוגברת 660 מל,מיליליטרים,660.00,"100 מ""ל",false,1,19.90,3.0152,true,1,515590
8001090832610,false,"שמפו פנטן למגע רך כמשי 660 מ""ל",פנטן Pantene,,פנטן שמפו למגע רך כמשי 660 מל,מיליליטרים,660.00,"100 מ""ל",false,1,19.90,3.0152,true,1,515591
8001090832696,false,"פנטן שמפו לתלתלים מושלמים 660 מ""ל",פנטן Pantene,,פנטן שמפו לתלתלים מושלמים 660 מל,מיליליטרים,660.00,"100 מ""ל",false,1,19.90,3.0152,true,1,515592
8001090832818,false,מרכך פנטן הנוסחה הקלאסית לשיער רגיל ומעורב,פרוקטר & גמבל,RO,פנטן מרכך נוסחה קלאסית 660 מל,מיליליטרים,660.00,"100 מ""ל",false,1,19.90,3.0152,true,1,515595
8001090832856,false,"פנטן קונדישנר מרוקאי משקם 660 מ""ל",פרוקטר & גמבל,RO,פנטן מרכך מרוקאי משקם 660 מל,מיליליטרים,660.00,"100 מ""ל",false,1,19.90,3.0152,true,1,515596
8001090832894,false,"פנטן קונדישנר לחות מוגברת 660 מ""ל",פרוקטר & גמבל,RO,פנטן מרכך לחות מוגברת 660 מל,מיליליטרים,660.00,"100 מ""ל",false,1,19.90,3.0152,true,1,515597
8001090832931,false,"פנטן קונדישנר למגע רך כמשי 660 מ""ל",פנטן Pantene,,פנטן מרכך למגע רך כמשי 660 מל,מיליליטרים,660.00,"100 מ""ל",false,1,19.90,3.0152,true,1,515598
8001090832979,false,"פנטן מרכך לתלתלים מושלמים 660 מ""ל",פנטן Pantene,,פנטן מרכך לתלתלים מושלמים 660 מל,מיליליטרים,660.00,"100 מ""ל",false,1,19.90,3.0152,true,1,515599
8001090833051,false,"פנטן מרכך הזנת קרטין 660 מ""ל",פנטן Pantene,,פנטן מרכך הזנת קרטין 660 מל,מיליליטרים,660.00,"100 מ""ל",false,1,19.90,3.0152,true,1,515600
8001090833136,false,אריאל ג'ל כביסה בייבי 2.255 ליטר,אריאל Ariel,FR,גל כביסה אריאל בייבי 2.25 ל,ליטרים,2.25,ליטר,false,4,29.90,13.2889,true,1,502998
8001090833167,false,אריאל ג'ל כביסה ניחוח הרים 2.365 ליטר,פרוקטור אנד גמבל,FR,גל כביסה אריאל ניחוח הרים 2.36 ל,ליטרים,2.36,ליטר,false,4,29.90,12.6695,true,1,502996
8001090833198,false,אריאל ג'ל כביסה ניחוח מרענן 2.365 ליטר,פרוקטור אנד גמבל,FR,גל כביסה אריאל ניחוח מרענן 2.36 ל,ליטרים,2.36,ליטר,false,4,29.90,12.6695,true,1,502995
8001090833228,false,אריאל ג'ל כביסה קולור 2.365 ליטר,אריאל Ariel,FR,גל כביסה אריאל קולור 2.36 ל,ליטרים,2.36,ליטר,false,4,29.90,12.6695,true,1,502997
8001090833259,false,ג'ל כביסה בניחוח הרים,אריאל Ariel,FR,גל כביסה אריאל ניחוח הרים 3.74 ל,ליטרים,3.74,ליטר,false,3,39.90,10.6684,true,1,502999
8001090886385,false,לנור כדוריות הבושם בניחוח רענן 140 גר,פרוקטר אנד גמבל,GB,מרכך כביסה לינור כדוריות הריח בניחוח רענ,גרמים,140.00,100 גרם,false,6,19.90,14.2143,true,1,514321
8001090886460,false,לנור כדוריות הבושם בניחוח אביבי 140 גר,פרוקטר אנד גמבל,GB,מרכך כביסה לינור כדוריות הריח בניחוח אבי,גרמים,140.00,100 גרם,false,6,19.90,14.2143,true,1,506580
8001090899194,false,תחבושות אולוויז פלטינום נורמל 24 יח',אולוויז Always,,תחבושות אולוויז פלטינום נורמל 24 יח,Unknown,0.00,Unknown,false,1,19.90,0.0000,true,1,509178
8001090899224,false,תחבושות אולוויז פלטינום לונג 20 יח',אולוויז Always,,תחבושות אולוויז פלטינום לונג 20 יח,Unknown,0.00,Unknown,false,1,19.90,0.0000,true,1,509179
8001090899255,false,תחבושות אולוויז פלטינום לילה 16 יח',Unknown,,תחבושות אולוויז פלטינום לילה 16 יח,Unknown,0.00,Unknown,false,1,19.90,0.0000,true,1,509180
8001090899286,false,תחבושות אולוויז פלטינום לילה בטוח 14 יח',אולוויז Always,,תחבושות אולוויז פלטינום לילה בטוח 14 יח,Unknown,0.00,Unknown,false,1,19.90,0.0000,true,1,509181
8001090961907,false,אבקת כביסה אריאל שוש,פרוקטר אנד גמבל,,"אבקת כביסה אריאל שושן צחור 9 ק""ג",קילוגרמים,9.00,"ק""ג",false,1,69.90,7.7667,true,1,509188
8001090961938,false,אבקת כביסה אריאל קול,פרוקטר אנד גמבל,,"אבקת כביסה אריאל קולור 9 ק""ג",קילוגרמים,9.00,"ק""ג",false,1,69.90,7.7667,true,1,509189
8001090992338,false,טבליות למדיח פיירי פלטינום פלוס,פרוקטר & גמבל,FR,קפסולות למדיח פיירי פלטינום פלוס 50 יח,Unknown,0.00,Unknown,false,3,54.90,0.0000,true,1,511103
8001110016303,false,ליקר אמרטו דיסרונו 7,,,"ליקר אמרטו דיסרונו 700 מ""ל",מיליליטרים,700.00,"100 מ""ל",false,1,79.90,11.4143,true,1,492841
8001160000888,false,"גטורייד משקה ספורט תפוז 500 מ""ל",,,משקה אנרגיה גטורייד ספורט תפוז בק 500 מל,מיליליטרים,500.00,"100 מ""ל",false,1,9.90,1.9800,true,1,509148
8001160001786,false,"משקה אנרגיה גטורייד ספורט כחול 500מ""ל",סאן בנדטו אס פי איי,IT,משקה אנרגיה גטורייד ספורט כחול בק 500 מל,מיליליטרים,500.00,"100 מ""ל",false,1,9.90,1.9800,true,1,509147
8001160001892,false,"משקה אנרגיה גטורייד ספורט תפוז אדום 500מ""ל",פפסיקו בוואדג' איטלי,IT,משקה אנרגיה גטורייד ספורט תפוז אדום בק,מיליליטרים,500.00,"100 מ""ל",false,1,9.90,1.9800,true,1,509149
8001250201003,false,קנלוני דה ציקו 250 ג,דה צ'אקו DE CECCO,,קנלוני דה ציקו 250 גר,גרמים,250.00,100 גרם,false,1,14.90,5.9600,true,1,489733
8001250511140,false,דפי לזניה ביצים תרד,,,דפי לזניה ביצים תרד דה ציקו 114 גר,גרמים,114.00,100 גרם,false,1,19.90,17.4561,true,1,489736
8001561015580,false,ריבת בצל אדום איטלקי,,,ריבת בצל אדום איטלקית 300 גרם,גרמים,300.00,100 גרם,false,1,29.90,9.9667,true,1,513350
8001561301706,false,טונה בהירה בשמן זית(,קליפו קונסרב,IT,טונה שמן זית פח 160 גרם,גרמים,160.00,100 גרם,false,1,16.90,10.5625,true,1,513352
8001620011935,false,מים מינרלים מוגזים שישייה בקבוק אישי,אקווה מינרלה סאן בנד,IT,"מים מוגז עדין ""סאן ב",ליטרים,3.00,ליטר,false,1,13.90,4.6333,true,1,458152
8001620017456,false,"מים מינרלים שישיה ספורט סאן בנדטו 500 מ""ל",סאן בנדטו San Benedetto,,"מים מינרל סאן בנדטו ספורט 500 מ""ל שישייה",מיליליטרים,3000.00,"100 מ""ל",false,1,15.90,0.5300,true,1,500609
8001660101757,false,יין רופינו קיאנטי 75,,,יין רופינו קיאנטי,מיליליטרים,750.00,"100 מ""ל",false,1,44.90,5.9867,true,1,458154
8001660126750,false,יין רופינו אורבייטו,,,יין רופינו אורבייטו קלאסיקו 0.75לי,מיליליטרים,750.00,"100 מ""ל",false,1,44.90,5.9867,true,1,471273
8001720414360,false,פנדורו לימונצלו 750,,,פנדורו לימונצלו 750 גר,גרמים,750.00,100 גרם,false,16,69.90,9.3200,true,1,494554
8001720415848,false,פנדורו קלאסיק 700 גר,,,פנדורו קלאסיק 700 גר,גרמים,700.00,100 גרם,false,16,55.90,7.9857,true,1,527896
8001720416401,false,פנדורו קרם שמנת ופיצ,,,פנדורו קרם שמנת ופיצפוצי שוקולד באולי,גרמים,750.00,100 גרם,false,16,69.90,9.3200,true,1,521161
8001720425717,false,פנתוני קרם פיסטוק ופ,,,פנתוני קרם פיסטוק ופיצפוצי שוקול באולי,גרמים,750.00,100 גרם,false,16,79.90,10.6533,true,1,521163
8001720425847,false,פנתוני קלאסיק 700 גר,BAULI,,פנתוני קלאסיק 700 גר,גרמים,700.00,100 גרם,false,16,55.90,7.9857,true,1,527897
8001841062624,false,מארז מגבוני פמפרס ללא בישום - רביעייה,פרוקטר אנד גמבל.,DE,מגבוני פמפרס פרש 52 יח רביעייה,Unknown,0.00,Unknown,false,3,19.90,0.0000,true,1,515772
8001841077949,false,מארז מגבוני פמפרס בניחוח מרענן - רביעייה,פרוקטר אנד גמבל,DE,מגבונים פמפרס פרש 52 יח רביעייה,Unknown,0.00,Unknown,false,1,19.90,0.0000,true,1,507478
8001841137179,false,"ה&ש קונדישנר-הנוסחה הקלאסית 275 מ""ל",פרוקטר אנד גמבל,RO,מרכך הד אנד שולדרס הנוסחה הקלאסית 275 מל,מיליליטרים,275.00,"100 מ""ל",false,6,17.90,6.5091,true,1,507470
8001841137216,false,"קונדישנר למגע רך כמשי הד אנד שולדרס 275 מ""ל",הד אנד שולדרס H&S,RO,"מרכך הד אנד שולדרס למגע רך כמשי 400 מ""ל",מיליליטרים,275.00,"100 מ""ל",false,6,17.90,6.5091,true,1,507471
8001841427126,false,מגן תחתון אולוויז מגה פק פרו פרש נורמל 64 יחי,פרוקטר & גמבל,DE,מגן תחתון אולוויז מגה פק פרו פרש נורמל,Unknown,0.00,Unknown,false,4,18.90,0.0000,true,1,512325
8001841500799,false,"הרבל אסנסס - שמפו ללא סולפטים אלוורה ומנגו 380 מ""ל",הרבל אסנס Herbal Essences,FR,שמפו הרבל אסנס אלוורה ומנגו 380 מל,מיליליטרים,380.00,"100 מ""ל",false,6,19.90,5.2368,true,1,515782
8001841500942,false,"הרבל אסנסס - שמפו ללא סולפטים אלוורה ובמבוק 380 מ""ל",הרבל אסנס Herbal Essences,FR,שמפו הרבל אסנס אלוורה ובמבוק 380 מל,מיליליטרים,380.00,"100 מ""ל",false,6,19.90,5.2368,true,1,515783
8001841502298,false,"הרבל אסנסס - מרכך ללא סולפטים אלוורה ומנגו 275 מ""ל",הרבל אסנס Herbal Essences,FR,מרכך הרבל אסנס אלוורה ומנגו 275 מל,מיליליטרים,275.00,"100 מ""ל",false,6,19.90,7.2364,true,1,515784
8001841502601,false,"הרבל אסנסס - מרכך ללא סולפטים אלוורה ובמבוק 275 מ""ל",הרבל אסנס Herbal Essences,FR,מרכך הרבל אסנס אלוורה ובמבוק 275 מל,מיליליטרים,275.00,"100 מ""ל",false,6,19.90,7.2364,true,1,515785
8001841669465,false,אריאל קפסולות לכביסהבניחוח לנור 24 יח',פרוקטר אנד גמבל,FR,קפסולות אריאל בניחוח לנור 24 יח,Unknown,0.00,Unknown,false,1,31.90,0.0000,true,1,516469
8001841680989,false,מגן תחתון אולוויז מגה פק פרו פרש לארג' 60 יחי,פרוקטר & גמבל,DE,מגן תחתון אולוויז מגה פק פרו פרש לארג,Unknown,0.00,Unknown,false,4,18.90,0.0000,true,1,512326
8001841716312,false,הד אנד שולדרס ג'ל רחצה ושמפו ספורט 360מל,"פרוקטר אנד גמבל, צרפ",FR,גל רחצה ושמפו שולדרס ספורט 360 מל,מיליליטרים,360.00,"100 מ""ל",false,1,19.90,5.5278,true,1,518980
8001841716596,false,"הד אנד שולדרס ג'ל רחצה ושמפו מרענן 360 מ""ל","נארז ע""י : א.ג. גילר",FR,גל רחצה ושמפו שולדרס מרענן 360 מל,מיליליטרים,360.00,"100 מ""ל",false,1,19.90,5.5278,true,1,518982
8001841893990,false,פיירי טבליות למדיח פלטינום פלוס - מארז 30 יח',פיירי Fairy,,טבליות למדיח פיירי פלטינום פלוס 30 יח,Unknown,0.00,Unknown,false,4,39.90,0.0000,true,1,515776
8001841941929,false,תחבושות אולוייז וליו,פרוקטר אנד גמבל,,תחבושות אולוייז וליו פק לילה אקסטרא 16 י,Unknown,0.00,Unknown,false,8,19.90,0.0000,true,1,519035
8001841958460,false,פיירי טבליות למדיח אורגינל הכל באחד - מארז 48 יח',פרוקטר אנד גמבל,BE,טבליות למדיח כלים פיירי 48 יח,Unknown,0.00,Unknown,false,4,39.90,0.0000,true,1,515774
8001841960081,false,פיירי טבליות למדיח פלטינום הכל באחד - מארז 37 יח',פרוקטר אנד גמבל,BE,טבליות למדיח כלים פיירי פלטינום 37 יח,Unknown,0.00,Unknown,false,4,39.90,0.0000,true,1,515775
8001860251085,false,משקה חלב אורז קוקוס,,,משקה חלב אורז קוקוס אורגני סקוטי 1 ל,ליטרים,1.00,ליטר,false,1,13.90,13.9000,true,1,525459
8001876550028,false,חומץ יין לבן קולוויט,DE NIGRIS,IT,"חומץ יין ""קולאויטה""",מיליליטרים,500.00,"100 מ""ל",false,6,21.90,4.3800,true,1,458171
8001876552459,false,חומץ בלסמי מדנה מיוש,DE NIGRIS,IT,"חומץ בלסמי מדנה מיושן קולוויטה 250 מ""ל",מיליליטרים,250.00,"100 מ""ל",false,6,39.90,15.9600,true,1,502853
8001876552541,false,חומץ בלסמי לבן קולוו,DE NIGRIS,IT,"חומץ בלסמי ""קולאיטה""",מיליליטרים,500.00,"100 מ""ל",false,6,26.90,5.3800,true,1,458175
8001900234054,false,יין מבעבע למברוסקו ר,קאויקיולי,,יין מבעבע למברוסקו רוזה,מיליליטרים,750.00,"100 מ""ל",false,1,27.90,3.7200,true,1,458179
8001900527057,false,יין מבעבע למברוסקו א,קאויקיולי,,יין מבעבע למברוסקו אדום,מיליליטרים,750.00,"100 מ""ל",false,1,27.90,3.7200,true,1,458180
8001929228492,false,בלה טבולה - רוסו 1 ל,cantin riunit,,בלה טבולה - רוסו 1 ל,מיליליטרים,750.00,"100 מ""ל",false,1,35.90,4.7867,true,1,458186
8001931120944,false,"פסטה קן לציפור דק, 500 גרם",GUACCI,,פסטה קן לציפור דק 500 גר,גרמים,500.00,100 גרם,false,1,8.90,1.7800,true,1,493121
8001931120982,false,פסטה עבה 500 גרם קן לציפור - טליאטלה,GUACCI,,פסטה קן לציפור עבה 500 גר,גרמים,500.00,100 גרם,false,1,8.90,1.7800,true,1,493120
8001931121002,false,פסטה קן לציפור רחב 500 גר,GUACCI,,פסטה קן לציפור עבה במיוחד 500 גר,גרמים,500.00,100 גרם,false,1,8.90,1.7800,true,1,501782
8001935221401,false,יין איטלקי וילה אדום,אנטינורי,,יין איטלקי וילה אדום,Unknown,0.00,Unknown,false,1,79.90,0.0000,true,1,470912
8001935353201,false,יין וילה אנטינורי לב,אנטינורי,,יין וילה אנטינורי לבן 0.75ל,מיליליטרים,750.00,"100 מ""ל",false,1,59.90,7.9867,true,1,473179
8002205319903,false,מזון לחתולים בוגרים בטעם עוף פורינה ONE,פורינה Purina,US,אוכל חתולים פורינה ONE לבוגרים עוף 800 ג,גרמים,800.00,100 גרם,false,8,39.90,4.9875,true,1,508930
8002213004068,false,קמח לפיצה ורוד 1 קג,,,"קמח לפיצה ורוד 1 ק""ג",קילוגרמים,1.00,"ק""ג",false,1,11.90,11.9000,true,1,488977
8002213011301,false,קמח לפסטה כחול 1 קג,,,"קמח לפסטה כחול 1 ק""ג",קילוגרמים,1.00,"ק""ג",false,1,14.90,14.9000,true,1,504381
8002230000012,false,מארז משקה קוקטייל אפ,אלכוהול (איי.בי.בי),,ליקר אפרול 1ל,ליטרים,1.00,ליטר,false,1,99.90,99.9000,true,1,481514
8002235004091,false,יין זונין פרוסקו 750,,,יין זונין פרוסקו 750 מל,מיליליטרים,750.00,"100 מ""ל",false,1,44.90,5.9867,true,1,523735
8002235006811,false,יין זונין לוגאנה לבן,,IT,יין זונין לוגאנה לבן 750 מל,מיליליטרים,750.00,"100 מ""ל",false,6,59.90,7.9867,true,1,526409
8002235009348,false,יין זונין פראלטמורה,,IT,יין זונין פראלטמורה אפולו פיאנו לבן 750,מיליליטרים,750.00,"100 מ""ל",false,6,44.90,5.9867,true,1,526375
8002235022965,false,יין זונין רוזה אלטמו,,IT,יין זונין רוזה אלטמורה זינזולה 750 מל,מיליליטרים,750.00,"100 מ""ל",false,6,59.90,7.9867,true,1,526410
8002235041225,false,יין קיילי מינוג פרוס,,,יין קיילי מינוג פרוסקו 750 מל,מיליליטרים,750.00,"100 מ""ל",false,1,79.90,10.6533,true,1,524980
8002235795258,false,יין זונין אסטי 750 מ,,,יין זונין אסטי 750 מל,מיליליטרים,750.00,"100 מ""ל",false,1,44.90,5.9867,true,1,523737
8002270015656,false,מים מינרלים סן פלגרי,סן פלגרינו ס.פ.א לוק,IT,"סאן פלגרינו 750מ""""ל",מיליליטרים,750.00,"100 מ""ל",false,1,10.20,1.3600,true,1,458193
8002270436581,false,סאן פלגרינו מים מוגז,סן-פלגרינו,,"מים מוגזים סאן פלגרינו 500 מ""ל שישייה",מיליליטרים,3000.00,"100 מ""ל",false,1,30.90,1.0300,true,1,495897
8002270846472,false,סן פלגרינו פלאסטיק ב,סן פלגרינו,IT,"מים מינרליים ""סאן פלגרינו"" 0.5 ל",מיליליטרים,500.00,"100 מ""ל",false,1,5.90,1.1800,true,1,468287
8002270866524,false,סאן פלנגרינו מים מינ,סן פלגרינו San Pellegrino,IT,מים מינרלים סן פלגרינו 1ל,ליטרים,1.00,ליטר,false,1,9.90,9.9000,true,1,479416
8002371000650,false,קרואסון במילוי ריבת,,,קרואסון במילוי ריבת משמש 250 גר,גרמים,250.00,100 גרם,false,1,12.90,5.1600,true,1,527041
8002371004061,false,קרואסון במילוי קרם ב,,,קרואסון במילוי קרם ביגוסטו 250 גר,גרמים,250.00,100 גרם,false,1,12.90,5.1600,true,1,527042
8002371007888,false,קוראסון עם קרם שוקול,,,קוראסון במילוי קרם שוקולד ללא סוכר 300 ג,גרמים,300.00,100 גרם,false,1,18.90,6.3000,true,1,527038
8002371007895,false,קוראסון במילוי ריבת,,,קוראסון במילוי ריבת משמש ללא סוכר 300 גר,גרמים,300.00,100 גרם,false,1,18.90,6.3000,true,1,527039
8002371007901,false,קוראסון עם קרם פטיסי,,,קוראסון עם מילוי קרם,גרמים,300.00,100 גרם,false,1,18.90,6.3000,true,1,527040
8002450202005,false,ורדי ספרקלטיני אסאי Verdi acai Sparkletini,בוסקה Bosca,,משקה כהלי ורדי אסאי בוסקה 750מל,מיליליטרים,750.00,"100 מ""ל",false,1,24.90,3.3200,true,1,478655
8002450203002,false,משקה כהלי מוגז ורדי,בוסקה,,"משקה כהלי מוגז ורדי אבטיח 750 מ""ל",מיליליטרים,750.00,"100 מ""ל",false,1,24.90,3.3200,true,1,504728
8002450208007,false,ורדי גרין אפל ספרקלטיני,בוסקה Bosca,,משקה כהלי מוגז ורדי גריו אפל 750 מל,מיליליטרים,750.00,"100 מ""ל",false,1,24.90,3.3200,true,1,458199
8002450208304,false,משקה כהלי מוגז ורדי,בוסקה,,"ימשקה כהלי מוגז ורדי גוורצטרמינר 750 מ""ל",מיליליטרים,750.00,"100 מ""ל",false,1,24.90,3.3200,true,1,506999
8002650000364,false,פולי קפה אספרסו סקאו,,,פולי קפה אספרסו סקאוולה גראן בר פחית 250,גרמים,250.00,100 גרם,false,1,29.90,11.9600,true,1,527400
8002650001361,false,קפה אספרסו סקאוולה ג,,,קפה אספרסו סקאוולה גראן קרמה טחון 250 גר,גרמים,250.00,100 גרם,false,1,24.90,9.9600,true,1,527402
8002650001378,false,קפה אספרסו סקאוולה ג,,,קפה אספרסו סקאוולה גראן גוסטו טחון 250 ג,גרמים,250.00,100 גרם,false,1,24.90,9.9600,true,1,527403
8002650005086,false,קפסולות אספרסו סקאוו,,,קפסולות אספרסו סקאוולה אינטנסו 30 יח,Unknown,0.00,Unknown,false,1,29.90,0.0000,true,1,527399
8002650005093,false,קפסולות אספרסו סקאוו,,,קפסולות אספרסו סקאוולה בלה קרמה 30 יח,Unknown,0.00,Unknown,false,1,29.90,0.0000,true,1,527397
8002650005109,false,קפסולות אספרסו סקאוו,,,קפסולות אספרסו סקאוולה גראן קרו 30 יח,Unknown,0.00,Unknown,false,1,29.90,0.0000,true,1,527398
8002650007615,false,קפסולות אספרסו סקאוו,,,קפסולות אספרסו סקאוולה נטול קפאין 10 יח,Unknown,0.00,Unknown,false,1,13.90,0.0000,true,1,527393
8002650007738,false,קפסולות אספרסו סקאוו,,,קפסולות אספרסו סקאוולה איטנסו 10 יח,Unknown,0.00,Unknown,false,1,13.90,0.0000,true,1,527396
8002650007745,false,קפסולות אספרסו סקאוו,,,קפסולות אספרסו סקאוולה בלה קרמה 10 יח,Unknown,0.00,Unknown,false,1,13.90,0.0000,true,1,527394
8002650007752,false,קפסולות אספרסו סקאוו,,,קפסולות אספרסו סקאוולה גראן קרו 10 יח,Unknown,0.00,Unknown,false,1,13.90,0.0000,true,1,527395
8002650008087,false,קפה אספרסו סקאוולה א,,,קפה אספרסו סקאוולה אורו טחון פחית 250 גר,גרמים,250.00,100 גרם,false,1,29.90,11.9600,true,1,527401
8002670504286,false,"מיני בורגר, 180 ג' GUSTARE",,,גרנרולו מיני בורגר 6*30 גר,גרמים,180.00,100 גרם,false,8,24.90,13.8333,true,1,523041
8002734001843,false,צנימים חיטה מלאה 320,,,צנימים חיטה מלאה 320 גר,גרמים,320.00,100 גרם,false,1,13.90,4.3438,true,1,524011
8002793000504,false,יין פיציני קיאנטי כת,,,יין פיציני קיאנטי כתום 750 מל,מיליליטרים,750.00,"100 מ""ל",false,1,34.90,4.6533,true,1,485425
8002793000986,false,יין אורבייטו קלאסיק,,,יין אורבייטו קלאסיק 750 מל,מיליליטרים,750.00,"100 מ""ל",false,1,34.90,4.6533,true,1,485427
8002793005370,false,יין ממורו רוסו 750 מ,,,יין ממורו רוסו 750 מל,מיליליטרים,750.00,"100 מ""ל",false,1,49.90,6.6533,true,1,485428
8002793015164,false,יין פיציני אפסימנטו,,,"יין פיציני אפסימנטו פולייה 750 מ""ל",מיליליטרים,750.00,"100 מ""ל",false,1,59.90,7.9867,true,1,508287
8002793018776,false,יין פראפאסו פרימיטיב,,,יין פראפאסו פרימיטיבו די מנדורייה 750 מל,מיליליטרים,750.00,"100 מ""ל",false,1,59.90,7.9867,true,1,518896
8002793021196,false,יין אדום חצי יבש פיצ,,,יין אדום חצי יבש פיציני פינוקיו 750 מל,מיליליטרים,750.00,"100 מ""ל",false,1,44.90,5.9867,true,1,526515
8002793959239,false,יין פיציני קיאנטי קל,,,יין פיציני קיאנטי קלאסיק 750 מל,מיליליטרים,750.00,"100 מ""ל",false,1,59.90,7.9867,true,1,485430
8002793959789,false,יין פינו גריגיו 750,,,יין פינו גריגיו 750 מל,מיליליטרים,750.00,"100 מ""ל",false,1,34.90,4.6533,true,1,485426
8002795002254,false,גיבנה מסקרפונה איטלקי 500 ג',,,גבינה לבנה מסקרפונה איטלקי 35.5% 500 גר,גרמים,500.00,100 גרם,false,1,39.90,7.9800,true,1,512915
8002795002469,false,גיבנה מסקרפונה איטלקי 200 ג',,,גבינה לבנה מסקרפונה איטלקי 35.5% 200 גר,גרמים,200.00,100 גרם,false,1,19.90,9.9500,true,1,512914
8002795002742,false,גבינה לבנה ריקוטה איטלקית 500 ג',,,גבינה לבנה ריקוטה איטלקי 5% 500 גר,גרמים,500.00,100 גרם,false,1,29.90,5.9800,true,1,512916
8003007800842,false,פסטה קונקיליוני צבעו,,IT,פסטה קונקיליוני 500 גר,גרמים,500.00,100 גרם,false,1,12.90,2.5800,true,1,488846
8003007810001,false,פתיתים פנטה 4 טעמים,,IT,פסטה פנטה 4 טעמים 500 גר,גרמים,500.00,100 גרם,false,1,12.90,2.5800,true,1,488845
8003007816683,false,פסטה ארמוניקה לבבות,,IT,פסטה ארמוניקה 4 טעמים 500 גר,גרמים,500.00,100 גרם,false,1,12.90,2.5800,true,1,488902
8003007825661,false,פסטה פנטזיה חצי מטר,,IT,פסטה פנטזיה מארז חצי מטר 4*250 גרם,קילוגרמים,1.00,"ק""ג",false,1,39.90,39.9000,true,1,518000
8003115851705,false,פנתוני סוויט איטלי 5,BISCOTTIFICIO PRIMAV,IT,פנתוני סוויט איטלי 500 גר,גרמים,500.00,100 גרם,false,12,39.90,7.9800,true,1,515249
8003115852047,false,פנתוני סוויט איטלי 9,BISCOTTIFICIO PRIMAV,IT,פנתוני סוויט איטלי 908 גר,גרמים,908.00,100 גרם,false,1,59.90,6.5969,true,1,515247
8003115852344,false,פינטא פנתוני קרם שוק,DECO,IT,פינטא פנתוני קרם שוקולד בשברי שוקולד,גרמים,750.00,100 גרם,false,12,64.90,8.6533,true,1,521164
8003115852603,false,פנדורו סוויט איטלי 7,PINETA,IT,פנדורו סוויט איטלי 750 גר,גרמים,750.00,100 גרם,false,12,59.90,7.9867,true,1,515250
8003405002558,false,וודקה רוברטו קוואלי,מזקקה פרנקולי,,"וודקה רוברטו קוואלי 700 מ""ל",מיליליטרים,700.00,"100 מ""ל",false,1,129.90,18.5571,true,1,484608
8003405006044,false,וודקה קאוולי מנגו 1,,IT,וודקה קאוולי מנגו 1 ל,ליטרים,1.00,ליטר,false,6,159.90,159.9000,true,1,510594
8003405006051,false,וודקה קאוולי אסאי 1,,IT,וודקה קאוולי אסאי 1 ל,ליטרים,1.00,ליטר,false,6,159.90,159.9000,true,1,510595
8003405006853,false,וודקה רוברטו קאוולי,,IT,וודקה רוברטו קאוולי מוחיטו 1 ל,ליטרים,1.00,ליטר,false,6,159.90,159.9000,true,1,522844
8003740003050,false,ספגטי אריגי קפליני 5,,,ספגטי אריגי קפליני 500 גר,גרמים,500.00,100 גרם,false,1,6.50,1.3000,true,1,512768
8003740005054,false,ספגטי אריגי 500 גר,,,ספגטי אריגי 500 גר,גרמים,500.00,100 גרם,false,1,6.50,1.3000,true,1,510055
8003740005801,false,ספגטי חיטה מלאה אריג,,,ספגטי חיטה מלאה אריגי 500 גר,גרמים,500.00,100 גרם,false,1,6.50,1.3000,true,1,498570
8003740007058,false,ספגטי אריגי לינגווינ,,,ספגטי אריגי לינגוויני 500 גר,גרמים,500.00,100 גרם,false,1,6.50,1.3000,true,1,510054
8003740014063,false,פסטה אריגי בוקטיני 5,,,פסטה אריגי בוקטיני 500 גר,גרמים,500.00,100 גרם,false,1,6.50,1.3000,true,1,519250
8003740024079,false,פסטה אריגי טורטיליונ,,,פסטה אריגי טורטיליוני 500 גר,גרמים,500.00,100 גרם,false,1,6.50,1.3000,true,1,510051
8003740031077,false,פסטה אריגי פנה ריגטה,,,פסטה אריגי פנה ריגטה 500 גר,גרמים,500.00,100 גרם,false,1,6.50,1.3000,true,1,510048
8003740031886,false,פסטה אריגי פנה חיטה,,,פסטה פאנה רגטה מלאה אריגאי איטליה 500 גר,גרמים,500.00,100 גרם,false,1,6.50,1.3000,true,1,498571
8003740036072,false,פסטה אריגי פוזילי 50,,,פסטה אריגי פוזילי 500 גר,גרמים,500.00,100 גרם,false,1,6.50,1.3000,true,1,510050
8003740036805,false,פסטה אריגי פוזילי חי,,,פסטה פוזילי חיטה מלאה אריגאי איטליה 500,גרמים,500.00,100 גרם,false,1,6.50,1.3000,true,1,498572
8003740037079,false,פסטה אריגי פוזליני 5,,IT,פסטה אריגי פוזליני 500 גר,גרמים,500.00,100 גרם,false,1,6.50,1.3000,true,1,510049
8003740039073,false,פסטה אריגי קונציליונ,,,פסטה אריגי קונציליוני 500 גר,גרמים,500.00,100 גרם,false,1,6.50,1.3000,true,1,510052
8003740047078,false,פסטה אריגי קרסטה 500,,,פסטה אריגי קרסטה 500 גר,גרמים,500.00,100 גרם,false,1,6.50,1.3000,true,1,512381
8003740050306,false,פסטה אריגי פוזילי טר,,,פסטה אריגי פוזילי טריקולור 500 גר,גרמים,500.00,100 גרם,false,1,6.90,1.3800,true,1,511719
8003740058081,false,ספגטי אריגי פרפלה 50,,,ספגטי אריגי פרפלה 500 גר,גרמים,500.00,100 גרם,false,1,6.50,1.3000,true,1,510056
8003740060602,false,פסטה פרפלה טריקולור,,,פסטה פרפלה טריקולור 500 גר,גרמים,500.00,100 גרם,false,1,6.50,1.3000,true,1,528208
8003740067199,false,רביולי עם גבינה אריג,,,רביולי עם גבינה אריגי 250 גר,גרמים,250.00,100 גרם,false,1,12.90,5.1600,true,1,527118
8003740067281,false,קנלוני אריגי 250 גר,,,קנלוני אריגי 250 גר,גרמים,250.00,100 גרם,false,1,8.90,3.5600,true,1,511850
8003740077075,false,פסטה אריגי ביאווטה 5,,,פסטה אריגי ביאווטה 500 גר,גרמים,500.00,100 גרם,false,1,6.50,1.3000,true,1,512270
8003740102074,false,פסטה אריגי אלפבטו 50,,,פסטה אריגי אלפבטו 500 גר,גרמים,500.00,100 גרם,false,1,6.50,1.3000,true,1,512269
8003740131074,false,פדליני אטריות למרק א,,,פסטה אריגי פידליני 500 גר,גרמים,500.00,100 גרם,false,1,6.50,1.3000,true,1,515759
8003740190071,false,פסטה אריגי אמוריני 5,,,פסטה אריגי אמוריני 500 גר,גרמים,500.00,100 גרם,false,1,6.50,1.3000,true,1,512560
8003740191009,false,דפי לזניה אריגי 500,,,דפי לזניה אריגי 500 גר,גרמים,500.00,100 גרם,false,1,12.90,2.5800,true,1,510057
8003740660666,false,פסטו אדום 190 גר,,,פסטו עגבניות 190 גר,גרמים,190.00,100 גרם,false,1,12.90,6.7895,true,1,513446
8003740660765,false,פסטו ירוק 190 גר,,,פסטו ירוק 190 גר,גרמים,190.00,100 גרם,false,1,12.90,6.7895,true,1,510062
8003740662462,false,עגבניות מרוסקות אריג,,,עגבניות מרוסקות אריגי 680 גר,גרמים,680.00,100 גרם,false,1,10.90,1.6029,true,1,527121
8003740667467,false,רוטב פסטה בזיליקום א,,,רוטב פסטה בזיליקום אריגי 320 גר,גרמים,320.00,100 גרם,false,1,9.90,3.0938,true,1,510059
8003740667566,false,רוטב פסטה ארבייאטה א,,,רוטב פסטה ארבייאטה אריגי 320 גר,גרמים,320.00,100 גרם,false,1,9.90,3.0938,true,1,510060
8003740669263,false,רוטב בולונז צמחי ארי,,,רוטב בולונז צמחי אריגי 320 גר,גרמים,320.00,100 גרם,false,1,10.90,3.4063,true,1,519251
8003740669362,false,רוטב פטריות אריגי 32,,,רוטב פטריות אריגי 320 גר,גרמים,320.00,100 גרם,false,1,10.90,3.4063,true,1,526226
8003753158556,false,אילי קפסולות אספרסו קלאסיקו 10 יח' 57 גרם,ג'ייקובס דאו אגרבטס,FR,קפסולות אילי אספרסו קלאסיקו 10 יח,גרמים,57.00,100 גרם,false,1,23.90,41.9298,true,1,517803
8003753158587,false,אילי קפסולות אספרסו פורטה 10 יח' 57 גרם,ג'ייקובס דאו אגרבטס,FR,קפסולות אילי אספרסו פורטה 10 יח,גרמים,57.00,100 גרם,false,1,23.90,41.9298,true,1,517805
8003753158617,false,אילי קפסולות אספרסו לונגו קלאסיקו 10 יח' 57 גרם,ג'ייקובס דאו אגרבטס,FR,קפסולות אילי אספרסו לונגו קלאסיקו 10 יח,גרמים,57.00,100 גרם,false,1,23.90,41.9298,true,1,517806
8003753900438,false,קפה טחון לאספרסו קליה בינונית,קפה לנדוור,,קפה אילי-אספרסו טחון,גרמים,250.00,100 גרם,false,1,39.90,15.9600,true,1,458239
8003753900469,false,קפה אספרסו טחון בפחי,קפה לנדוור,IL,קפה אילי אספרסו טחון,גרמים,250.00,100 גרם,false,1,39.90,15.9600,true,1,458240
8004030022010,false,ירקות גינה עם טונה ריו מרה אינסלטיסימי 160 ג',"בולטון אלימנטרי בע""מ",IT,טונה ריו מארה אינסלטיסימי ירקות גינה 160,גרמים,160.00,100 גרם,false,1,16.90,10.5625,true,1,492171
8004030026018,false,"מקסיקני עם טונה ריו מרה אינסלטיסימי, 160 ג'","בולטון אלימנטרי בע""מ",IT,טונה ריו מארה אינסלטיסימי מקסיקני 160 גר,גרמים,160.00,100 גרם,false,1,16.90,10.5625,true,1,492170
8004030044005,false,נתחי טונה בשמן זית ריו מרה 160 ג',"בולטון אלימנטרי בע""מ",IT,"טונה ריו מרה בשמן זית 160 ג""",גרמים,160.00,100 גרם,false,1,17.90,11.1875,true,1,458255
8004030102033,false,טונה בשמן זית עם מיץ לימון ופלפל שחור - מארז 3 יח',בולטון אלימנטרי,IT,טונה ריו מרה בשמן עם לימון ופלפל שלישיה,גרמים,240.00,100 גרם,false,1,26.90,11.2083,true,1,502591
8004030177000,false,טונה בשמן זית וצ'ילי ריו מרה מארז 80X3 גר',ריו מארה Rio Mare,,טונה ריו מרה בשמן זית עם צילי 80גר שלישי,גרמים,240.00,100 גרם,false,1,26.90,11.2083,true,1,498618
8004030180000,false,ריו מרה טונה בשמן זי,בולטון אלימנטרי,IT,טונה ריו מרה בשמן זית כתית 80 גר שלישיה,גרמים,240.00,100 גרם,false,1,26.90,11.2083,true,1,525641
8004030344938,false,טונה בשמן זית ריו מרה שלישיה * 80 ג',"בולטון אלימנטרי בע""מ",IT,טונה ריו מרה בשמן זית 80גר שלישיה,גרמים,240.00,100 גרם,false,1,26.90,11.2083,true,1,477789
8004030845046,false,טונה עם ירקות בתוספת עם אורז ריו מרה אינסלטיסימי 160 ג',בולטון אלימנטרי,IT,טונה ריו מארה אינסלטיסימי עם אורז 160 גר,גרמים,160.00,100 גרם,false,36,16.90,10.5625,true,1,505031
8004123002509,false,שמן זרעי ענבים מזוכך,,,שמן זרעי ענבים מזוכך 1 ליטר,ליטרים,1.00,ליטר,false,1,34.90,34.9000,true,1,513353
8004123004893,false,שמן מתובל טעם פטריות,,,"שמן מתובל טעם פטריות כמהין 250 מ""ל",מיליליטרים,250.00,"100 מ""ל",false,1,29.90,11.9600,true,1,513355
8004123010726,false,שמן זית כתית מעולה ב,,,"שמן זית כתית מעולה 750 מ""ל",מיליליטרים,750.00,"100 מ""ל",false,1,39.90,5.3200,true,1,513354
8004160208100,false,וורמוט יבש ברברו 1 ל,montenegro,,וורמוט יבש ברברו 1 ל,ליטרים,1.00,ליטר,false,1,34.90,34.9000,true,1,458258
8004160521308,false,יין מבעבע מונדורו אס,MONDORO,IT,"יין מבעבע מונדורו אסייסטי 750 מ""ל",מיליליטרים,750.00,"100 מ""ל",false,6,64.90,8.6533,true,1,502126
8004160660304,false,ליקר פרנגליקו 700 מל,דויד קמפרי,IT,"ליקר פרנגליקו 700 מ""ל",מיליליטרים,700.00,"100 מ""ל",false,1,109.80,15.6857,true,1,492937
8004645405109,false,יין טומאסי אדוראטו א,,,יין טומאסי אדוראטו אפסיונטו 750 מל,מיליליטרים,750.00,"100 מ""ל",false,1,59.90,7.9867,true,1,523044
8004708018963,false,מלח אפור אטלנטי במטח,ארומה דה טוסקנה,,מלח אפור אטלנטי במטחנה 70 גר,גרמים,70.00,100 גרם,false,1,14.90,21.2857,true,1,519775
8004708048779,false,מלח ורוד במטחנה גדול,,,מלח ורוד במטחנה גדולה 190 גר,גרמים,190.00,100 גרם,false,1,29.90,15.7368,true,1,524464
8004708048816,false,פלפל 4 עונות במטחנה,,,פלפל 4 עונות במטחנה גדולה 85 גר,גרמים,85.00,100 גרם,false,1,29.90,35.1765,true,1,524463
8004730000028,false,יין מרסלה וקיו פלורי,,,"יין מרסלה וקיו פלוריו סופריורה 750 מ""ל",מיליליטרים,750.00,"100 מ""ל",false,1,49.90,6.6533,true,1,490215
8004800005502,false,וופל מיני רול גלילי ופל במילוי קרם קקאו- 125 ג' לאגו,לגו גרופ ס.פ.א.,IT,גלילי וופל קרם קקאו לאגו 125 גר,גרמים,125.00,100 גרם,false,1,9.90,7.9200,true,1,527656
8004800005526,false,וופל מיני רול גלילי ופל במילוי קרם קוקוס- 125 ג' לאגו,לגו גרופ ס.פ.א.,IT,גלילי וופל קרם קוקוס לאגו 125 גר,גרמים,125.00,100 גרם,false,1,9.90,7.9200,true,1,527655
8005110170300,false,עגבניות מרוסקות חתוכות מוטי MUTTI שלישיה *400,מוטי Mutti,IT,עגבניות מרוסקות מוטי 400 גר שלישייה,גרמים,1200.00,100 גרם,false,1,16.90,1.4083,true,1,489809
8005110171215,false,עגבניות חתוכות 690 POLPAPEZZI ג' (כחול) MUTTI,"איי, בי, אינבוו",IT,עגבניות מוטי חתוכות 690 גר,גרמים,690.00,100 גרם,false,1,14.90,2.1594,true,1,489808
8005110191015,false,רסק עגבניות ובזיליקום 700 ג' (ירוק) MUTTI,"איי, בי, אינבוו",IT,רסק עגבניות ובזיליקום מוטי ירוק 700 גר,גרמים,700.00,100 גרם,false,1,12.90,1.8429,true,1,495229
8005200256587,false,משקה תה בטעם אפרסק 1.5ל' NESTEA,מפעל סאנפלגרינו S.P.,IT,תה קר נסטי אפרסק 1.5 ל,ליטרים,1.50,ליטר,false,1,8.90,5.9333,true,1,522098
8005200286584,false,משקה תה בטעם מנגו אננס 1.5 ל' NESTEA,מפעל סאנפלגרינו S.P.,IT,תה קר נסטי מנגו אננס 1.5 ל,ליטרים,1.50,ליטר,false,1,8.90,5.9333,true,1,522099
8005200316588,false,משקה תה דיאט בטעם אפרסק 1.5ל' NESTEA,מפעל סאנפלגרינו s.p.,IT,תה קר נסטי דיאט אפרסק 1.5 ל,ליטרים,1.50,ליטר,false,1,8.90,5.9333,true,1,522100
8005268020175,false,שעועית אדומה במי מלח,,,שעועית אדומה במי מלח 400 גר,גרמים,400.00,100 גרם,false,12,6.90,1.7250,true,1,516630
8005380070027,false,עוגת רולדה במילוי קר,,,עוגת רולדה במילוי קרם פירות 200 גר,גרמים,200.00,100 גרם,false,1,7.90,3.9500,true,1,525906
8005380070041,false,עוגת רולדה במילוי קר,,,עוגת רולדה במילוי קרם אגוזי לוז 200 גר,גרמים,200.00,100 גרם,false,1,7.90,3.9500,true,1,525908
8005469951452,false,ממרח אנשובי עם שמן ח,בנדטו סקלייה סרל,IT,ממרח אנשובי איטלקי 60 גר,גרמים,60.00,100 גרם,false,1,11.90,19.8333,true,1,513318
8005469981602,false,פילה אנשובי איטלקי ש,,,פילה אנשובי איטלקי שמן חמניות 75 גר,גרמים,75.00,100 גרם,false,1,13.90,18.5333,true,1,513320
8005840096703,false,"קינוח קפוא בטעם שמנת וניל 1 ק""ג SORBETTIERA",,,מעדן קפוא שמנת קקאו וניל קפה 1 ק,קילוגרמים,1.00,"ק""ג",false,1,39.90,39.9000,true,1,523844
8005840096710,false,"קינוח קפוא בטעם אגוזים 1 ק""ג SORBETTIERA",,,מעדן קפוא אגוז לוז קקאו פנקוטה וניל 1 ק,קילוגרמים,1.00,"ק""ג",false,1,39.90,39.9000,true,1,523843
8006050090239,false,חומץ בלסמי ממודנה מא,יבואן ומשווק: ש. שסט,IT,"חומץ בלסמי ממודנה מאצטי אורגינל 500 מ""ל",מיליליטרים,500.00,"100 מ""ל",false,12,25.90,5.1800,true,1,503945
8006227000399,false,סמנצאטו לחם מחמצת פר,,,לחם פרוס לבן סמנצאטו 400 גר,גרמים,400.00,100 גרם,false,1,14.90,3.7250,true,1,517931
8006227000405,false,סמנצאטו לחם מחמצת פר,,,לחם פרוס חיטה מלאה סמנצאטו 400 גר,גרמים,400.00,100 גרם,false,1,14.90,3.7250,true,1,517929
8006227000870,false,סמנצאטו כיכר לחם חיט,,,סמנצאטו כיכר לחם חיטת דורום 350 גר,גרמים,350.00,100 גרם,false,1,14.90,4.2571,true,1,517928
8006227001389,false,סמנצאטו לחם מחמצת קמ,רו. מאר ס.ר.ל,IT,לחם מלא עם שמן זית ללא קשה סמנצאטו 400 ג,גרמים,400.00,100 גרם,false,1,19.90,4.9750,true,1,518994
8006290803521,false,מים מינרליים מוגזים,,,מים מינרליים מוגזים פררלה 750 מל,מיליליטרים,750.00,"100 מ""ל",false,1,8.90,1.1867,true,1,514861
8006423220072,false,שוקולד סנטה קטן 500,HDI SORINI,,שוקולד סנטה קטן 500 גר,גרמים,500.00,100 גרם,false,1,36.90,7.3800,true,1,468686
8006423301856,false,בונבוניירה דפילה סור,HDI SORINI,,"בונבוניירות ""דפילה""",גרמים,450.00,100 גרם,false,1,79.90,17.7556,true,1,458368
8006423460034,false,בונבוניירה סוריני קר,הולדינג דולסיירה,IT,בונבוניירה סוריני קרימי 184 גר,גרמים,184.00,100 גרם,false,1,59.90,32.5543,true,1,505194
8006423461666,false,בונבוניירה סוריני קו,,,בונבוניירה סוריני קווין 430 גר,גרמים,430.00,100 גרם,false,1,79.90,18.5814,true,1,505195
8006423462397,false,בונבוניירות לב מיוחד,HDI SORINI,IT,בונבוניירות לב מיוחד,גרמים,475.00,100 גרם,false,1,69.90,14.7158,true,1,458383
8006423462458,false,בונ קריסמס פח מעבדה,,,בונ קריסמס פח מעבדה 400 גר,גרמים,400.00,100 גרם,false,1,69.90,17.4750,true,1,501945
8006423464889,false,בונבוניירה סוריני מנ,HDI SORINI,,בונבוניירות פח מניפה,גרמים,400.00,100 גרם,false,1,69.90,17.4750,true,1,458387
8006423466388,false,בונ סוריני תיק זהב/כ,SORINI-Holding Dolci,IT,בונ תיק גליטר זהב/כסף 150 גר סוריני,גרמים,150.00,100 גרם,false,6,39.90,26.6000,true,1,513126
8006423466456,false,בונ אליזבטה 3 צבעים,,,בונ אליזבטה 3 צבעים 184 גר סוריני,גרמים,184.00,100 גרם,false,6,54.90,29.8370,true,1,513124
8006423467866,false,בונ קריסמס טיפאני 18,,,בונ קריסמס טיפאני 180 גר,גרמים,180.00,100 גרם,false,1,17.90,9.9444,true,1,527880
8006423469624,false,בונבוניירה סוריני ונ,HDI SORINI,,בונבוניירות ונציה,גרמים,300.00,100 גרם,false,1,54.90,18.3000,true,1,458395
8006540091906,false,כדוריות הבושם בניחוח אריאל 140 ג' לנור,פרוקטר אנד גמבל,GB,כדוריות הבושם בניחוח אריאל לנור 140 גר,גרמים,140.00,100 גרם,false,6,19.90,14.2143,true,1,520406
8006540110317,false,שמפו מינרלס ביוטין + במבוק לשיער חזק וארוך,פנטן Pantene,RO,פנטן שמפו מיראקלס במבוק 400 מל,מיליליטרים,400.00,"100 מ""ל",false,6,19.90,4.9750,true,1,518620
8006540112793,false,"מרכך כביסה מרוכז בניחוח יסמין לנור 900 מ""ל",פרוקטר & גמבל,FR,מרכך כביסה לנור מרוכז בניחוח יסמין 900 מ,מיליליטרים,900.00,"100 מ""ל",false,1,16.90,1.8778,true,1,517769
8006540112823,false,"לנור מרכך כביסה מרוכז בניחוח האוקיינוס 900 מ""ל",פרוקטר אנד גמבל,FR,מרכך כביסה לנור מרוכז בניחוח האוקיינוס,מיליליטרים,900.00,"100 מ""ל",false,1,16.90,1.8778,true,1,517768
8006540112854,false,"מרכך כביסה מרוכז בניחוח סחלב לנור 900 מ""ל",פרוקטר & גמבל,FR,מרכך כביסה לנור מרוכז בניחוח סחלב 900 מל,מיליליטרים,900.00,"100 מ""ל",false,1,16.90,1.8778,true,1,517770
8006540383018,false,טבליות למדיח פלטינום דיפ קלין 23 יח פיירי,,BE,טבליות למדיח פיירי פלטינום פלוס 23 יח,Unknown,0.00,Unknown,false,5,39.90,0.0000,true,1,525841
8006540383087,false,טבליות פיירי פלטינום,פרוקטר & גמבל,FR,טבליות למדיח פיירי פלטינום פלוס 42 יח,Unknown,0.00,Unknown,false,4,54.90,0.0000,true,1,525842
8006540404850,false,תחבושות אלוויז דיסקר,פרוקטר & גמבל,DE,תחבושות אולוויז דיסקרט לונג 10 יח,Unknown,0.00,Unknown,false,5,19.90,0.0000,true,1,526464
8006540404898,false,תחבושות אלוויז דיסקר,פרוקטר & גמבל,DE,תחבושות אולוויז דיסקרט לונג פלוס 8 יח,Unknown,0.00,Unknown,false,5,19.90,0.0000,true,1,526463
8006540404935,false,תחבושות אלוויז דיסקר,פרוקטר & גמבל,DE,תחבושות אולוויז דיסקרט נורמל 12 יח,Unknown,0.00,Unknown,false,12,19.90,0.0000,true,1,526465
8006540405031,false,תחבושות אלוויז דיסקר,פרוקטר & גמבל,DE,תחבושות אולוויז דיסקרט סמול פלוס 16 יח,Unknown,0.00,Unknown,false,8,19.90,0.0000,true,1,526466
8006540425930,false,קפסולות לכתמים קשים 24 יח' אריאל,פרוקטר אנד גמבל,FR,קפסולות אריאל לכתמים קשים 24 יח,Unknown,0.00,Unknown,false,3,31.90,0.0000,true,1,522042
8006540463550,false,טבליות פיירי פלטינום,פרוקטר & גמבל,BE,טבליות למדיח כלים פיירי פלטינום 63 יח,Unknown,0.00,Unknown,false,4,54.90,0.0000,true,1,525840
8006540495186,false,"לנור מרכך כביסה בניחוח בייבי 900 מ""ל",פרוקטר & גמבל,FR,מרכך כביסה לנור בייבי 900 מל,מיליליטרים,900.00,"100 מ""ל",false,1,16.90,1.8778,true,1,525217
8006540495216,false,"מרכך כביסה בניחוח אמאטיסט 900 מ""ל לנור",פרוקטר & גמבל,FR,מרכך כביסה לנור אמאטיסט 900 מל,מיליליטרים,900.00,"100 מ""ל",false,1,16.90,1.8778,true,1,525218
8006540495247,false,"לנור מרכך כביסה בניחוח פרחי בר 900 מ""ל",פרוקטר & גמבל,FR,מרכך כביסה לנור פרחי בר 900 מל,מיליליטרים,900.00,"100 מ""ל",false,1,16.90,1.8778,true,1,525219
8006540566701,false,אריאל ג'ל כביסה להסרת כתמים קשים 1.925 ליטר,,IT,גל כביסה אריאל כתמים קשים 1.925 ל,ליטרים,1.93,ליטר,false,4,29.90,15.4922,true,1,526462
8006922010464,false,מעדן בטעם שמנת וקפה,,,מעדן בטעם שמנת וקפה 500 גר,גרמים,500.00,100 גרם,false,1,29.90,5.9800,true,1,525629
8006922010471,false,מעדן בטעם שוקולד 500,,,מעדן בטעם שוקולד 500 גר,גרמים,500.00,100 גרם,false,1,29.90,5.9800,true,1,525628
8006922019078,false,מעדן בטעם קרמל מלוח,,,מעדן בטעם קרמל מלוח 1 קג,קילוגרמים,1.00,"ק""ג",false,1,44.90,44.9000,true,1,525625
8006922019399,false,מעדן בטעם פיסטוק שוק,,,מעדן בטעם פיסטוק שוקולד וקפה 1 קג,קילוגרמים,1.00,"ק""ג",false,1,44.90,44.9000,true,1,528356
8006922084410,false,גלידה משפחתית בטעם שמנת עם פיסטוקים סיווירו מאריה 2 ל',,,"גלידה חלבית בטעם פיסטוק 1 ק""ג",קילוגרמים,1.00,"ק""ג",false,1,44.90,44.9000,true,1,496539
8006922085073,false,מעדן בטעם עוגיות ושק,,,מעדן בטעם עוגיות ושקדים 1 קג,קילוגרמים,1.00,"ק""ג",false,1,44.90,44.9000,true,1,525626
8006922085325,false,גלידה משפחתית בטעם שמנת עם סירופ קרמל סיווירו מאריה 2 ל',,,גלידה חלבית בטעם קרמל עם קרמל ושוקולד 1,קילוגרמים,1.00,"ק""ג",false,4,44.90,44.9000,true,1,496538
8006922085356,false,גלידה משפחתית בטעם שמנת עם דובדבנים סיווירו מאריה 2 ל',,,"גלידה חלבית בטעם שמנת עם דובדבן 1 ק""ג",קילוגרמים,1.00,"ק""ג",false,1,44.90,44.9000,true,1,496536
8006922085363,false,גלידה משפחתית בטעם שמנת עם שוקולד סיווירו מאריה 2 ל',,,מעדן קפוא בטעם שוקולד עם חתיכות שוקולד 1 קג,קילוגרמים,1.00,"ק""ג",false,1,44.90,44.9000,true,1,499140
8007041000206,false,ממרח עגבניות מיובשות,,,ממרח עגבניות מיובשות 150 גרם,גרמים,150.00,100 גרם,false,1,14.90,9.9333,true,1,517988
8007150901623,false,שמן זרעי ענבים 1 ליטר +1/2 ליטר במארז,,,מארז זוג שמן זרעי ענבים 1.5 ל,ליטרים,1.50,ליטר,false,1,54.90,36.6000,true,1,493783
8007150905621,false,שמן זית אולאיטליה 1ליטר,,,שמן זית 1 ל,ליטרים,1.00,ליטר,false,9,49.90,49.9000,true,1,503041
8007150909551,false,שמן בוטנים 1 ל,,,שמן בוטנים 1 ליטר,ליטרים,1.00,ליטר,false,1,39.90,39.9000,true,1,488948
8007153006943,false,שמן זית כתית מעולה 7,,,שמן זית כתית מעולה 750 מל,מיליליטרים,750.00,"100 מ""ל",false,1,34.90,4.6533,true,1,513898
8007153006950,false,שמן זית כתית מעולה 1,,,שמן זית כתית מעולה 1 ל,ליטרים,1.00,ליטר,false,1,44.90,44.9000,true,1,513879
8007153007117,false,שמן זית כתית מעולה פ,,,שמן זית כתית מעולה פירותי וארומטי 1 ל,ליטרים,1.00,ליטר,false,1,44.90,44.9000,true,1,521205
8007153007124,false,שמן זית כתית מעולה פ,,,שמן זית כתית מעולה פירותי מעודן 1 ל,ליטרים,1.00,ליטר,false,1,44.90,44.9000,true,1,521193
8007153034113,false,שמן זרעי ענבים פרציו,,,שמן זרעי ענבים פרציוני 1 ל,ליטרים,1.00,ליטר,false,1,29.90,29.9000,true,1,515758
8007178120310,false,חומץ בלסמי ד'מודנה Giacobazzi,פטורייה ג'יאקובאזי ס,IT,"חומץ בלסמי ג""קובז 50",מיליליטרים,500.00,"100 מ""ל",false,1,21.90,4.3800,true,1,458399
8007520010801,false,חול לחתולים מורנדו 5,,,"חול לחתולים מורנדו 5 ק""ג",קילוגרמים,5.00,"ק""ג",false,1,34.90,6.9800,true,1,502358
8007520010825,false,חול לחתולים מורנדו ר,,,"חול לחתולים מורנדו ריח אורנים אנטי 5 ק""ג",קילוגרמים,5.00,"ק""ג",false,1,34.90,6.9800,true,1,502359
8007520011105,false,אוכל לכלב בטעם עוף הודו 405 גרם,,,שימורי כלב עוף הודו,גרמים,405.00,100 גרם,false,1,4.90,1.2099,true,1,458435
8007520011204,false,אוכל לכלב בטעם בקר 405 גרם,,,"שימורים לכלבים ""מור",גרמים,405.00,100 גרם,false,1,4.90,1.2099,true,1,458436
8007520011211,false,אוכל לכלב בטעם בקר וירקות 405 גרם,,,"שימורים לכלבים ""מור",גרמים,405.00,100 גרם,false,1,4.90,1.2099,true,1,458437
8007520011259,false,אוכל לכלב בטעם בשר ציד 405 גרם,,,שימורי כלב בשר ציד 4,גרמים,405.00,100 גרם,false,1,4.90,1.2099,true,1,458438
8007520012126,false,אוכל לחתול בטעם בקר 405 גרם,,,"שימורים לחתולים ""מור",גרמים,405.00,100 גרם,false,1,4.90,1.2099,true,1,458439
8007520012133,false,אוכל לחתול בטעם חתול ציד 405 גרם,,,שימורי חתול בשר צייד,גרמים,405.00,100 גרם,false,1,4.90,1.2099,true,1,458440
8007520012157,false,אוכל לחתול בטעם סלמון 405 גרם,,,שימורי חתול סלמון 40,גרמים,405.00,100 גרם,false,1,4.90,1.2099,true,1,458441
8007520012249,false,אוכל לחתול בטעם דג 405 גרם,,,שימורי חתול דג 405 ג,גרמים,405.00,100 גרם,false,1,4.90,1.2099,true,1,458444
8007520012416,false,אוכל לחתול בטעם כבש וגזר 405 גרם,,,שימורי מור לחתולים כבש וגזר 405 גר,גרמים,405.00,100 גרם,false,1,4.90,1.2099,true,1,492378
8007520012423,false,פטה לחתולים מיגליאור,,,"שימורים לחתולים ""מור",גרמים,400.00,100 גרם,false,1,5.90,1.4750,true,1,458445
8007520012430,false,פטה לחתולים מיגליאור,,,"שימורים לחתולים ""מור",גרמים,400.00,100 גרם,false,1,5.90,1.4750,true,1,458446
8007520012447,false,פטה לחתולים מיגליאור,,,אוכל לחתולים פטה סלו,גרמים,400.00,100 גרם,false,1,5.90,1.4750,true,1,458447
8007520012454,false,פטה לחתולים מיגליאור,,,אוכל לחתולים פטה עוף,גרמים,400.00,100 גרם,false,1,5.90,1.4750,true,1,458448
8007520013017,false,מעדן לחתול בטעם סלומון 100 גרם,מיגליאור Miglior,,שימורי מעדן לחתול סלמון 100 גר,גרמים,100.00,100 גרם,false,1,4.90,4.9000,true,1,458449
8007520013024,false,מעדן לחתול בטעם כבש וכבד 100 גרם,מיגליאור Miglior,,"שימורי מעדן לחתול ""מ",גרמים,100.00,100 גרם,false,1,4.90,4.9000,true,1,458450
8007520013031,false,מעדן לחתול בטעם בשר וצייד 100 גרם,,,"שימורי מעדן לחתול ""מ",גרמים,100.00,100 גרם,false,1,4.90,4.9000,true,1,458451
8007520013055,false,מעדן לחתול בטעם עוף וארנבת 100 גרם,,,שימורי מעדן לחתול ארנבת 100 גר,גרמים,100.00,100 גרם,false,1,4.90,4.9000,true,1,458452
8007520013062,false,מעדן לחתול בטעם בקר ולב 100 גרם,מיגליאור Miglior,,שימורי מעדן לחתול בקר ולב 100 גר,גרמים,100.00,100 גרם,false,1,4.90,4.9000,true,1,458453
8007520014014,false,מזון לחתולים נתחים ב,,,מזון לחתולים נתחים בקר וגזר פאוץ 100 גר,גרמים,100.00,100 גרם,false,1,3.90,3.9000,true,1,504534
8007520014021,false,מזון לחתולים נתחים ע,,,מזון לחתולים נתחים עוף והודו פאוץ 100 גר,גרמים,100.00,100 גרם,false,1,3.90,3.9000,true,1,504535
8007520014038,false,פאוץ מיגליור לחתול נ,,,מזון לחתולים נתחים סלמון וטונה פאוץ 100ג,גרמים,100.00,100 גרם,false,1,3.90,3.9000,true,1,504536
8007520014601,false,מיגליור לחתול מסורס,,,מיגליורגטו מוס עוף/חזיר לחתול מסורס 85 ג,גרמים,85.00,100 גרם,false,1,5.90,6.9412,true,1,516897
8007520014618,false,מיגליורגטו מוס בקר ל,,,מיגליורגטו מוס בקר לחתול מסורס 85 גר,גרמים,85.00,100 גרם,false,1,5.90,6.9412,true,1,516514
8007520014625,false,מיגליורגטו מוס דגים,,,מיגליורגטו מוס דגים לחתול מסורס 85 גר,גרמים,85.00,100 גרם,false,1,5.90,6.9412,true,1,516513
8007520014632,false,מיגליורגטו מוס ארנבת,,,מיגליורגטו מוס ארנבת לחתול מסורס 85 גר,גרמים,85.00,100 גרם,false,1,5.90,6.9412,true,1,516512
8007520096003,false,מזון לכלבים מור מיק,מורנדו,IT,מזון לכלבים מור מיקס ירקות 4 קג,קילוגרמים,4.00,"ק""ג",false,1,49.90,12.4750,true,1,524200
8007520096010,false,מזון לכלבים מור פרופ,,,מזון לכלבים מור פרופ גור 4 קג,קילוגרמים,4.00,"ק""ג",false,1,49.90,12.4750,true,1,511788
8007520099875,false,"שק אוכל איכותי לחתול 2 ק""ג בקר ועוף",,,"מזון לחתול ""מור"" בקר ועוף 2קג",קילוגרמים,2.00,"ק""ג",false,1,45.90,22.9500,true,1,467219
8007520099950,false,מזון לכלב גורים מור,,,"מזון לכלבי גורים ""מו",קילוגרמים,15.00,"ק""ג",false,1,179.90,11.9933,true,1,458474
8007520100021,false,"שק אוכל איכותי לחתול 2 ק""ג דגים",,,"מזון לחתול ""מור"" דגים 2קג",קילוגרמים,2.00,"ק""ג",false,1,45.90,22.9500,true,1,467218
8007520105415,false,מזון לחתולים מור קרו,,,מזון לחתולים מור קרוקט עוף 4 קג,קילוגרמים,4.00,"ק""ג",false,1,59.90,14.9750,true,1,511787
8007537000543,false,טורטיליה ציפס טבעי 4,,,טורטיליה ציפס טבעי 450 גר,גרמים,450.00,100 גרם,false,14,24.90,5.5333,true,1,500907
8007537005203,false,טורטיליה נאצוס ציפס,,,טורטיליה נאצוס ציפס עגול 450 גר,גרמים,450.00,100 גרם,false,14,24.90,5.5333,true,1,500906
8007537005920,false,פרמיום ציפס מלח ים 3,,,פרמיום ציפס מלח ים 300 גר,גרמים,300.00,100 גרם,false,16,24.90,8.3000,true,1,500911
8007537005937,false,פרמיום ציפס פלפל שחו,,,פרמיום ציפס פלפל שחור ומלח ים 300 גר,גרמים,300.00,100 גרם,false,16,24.90,8.3000,true,1,500910
8007537006538,false,טורטיליה ציפס תירס כ,,,טורטיליה ציפס תירס כחול 300 גר,גרמים,300.00,100 גרם,false,14,24.90,8.3000,true,1,500908
8008164002016,false,גלידה גלטי שמנת אגוז,,,גלידה גלטי שמנת אגוזי לוז ושוקולד 1 קג,קילוגרמים,1.00,"ק""ג",false,1,39.90,39.9000,true,1,515762
8008164002344,false,גלידה גלטי אגוזי לוז,,,גלידה גלטי אגוזי לוז ושוקולד 1 קג,קילוגרמים,1.00,"ק""ג",false,1,39.90,39.9000,true,1,515763
8008164002399,false,גלידה משפחתית דובדבן,,,גלידה גלטי דובדבן שחור 1 קג,קילוגרמים,1.00,"ק""ג",false,1,39.90,39.9000,true,1,515764
8008164002412,false,גלידה משפחתית טירמיס,,,גלידה גלטי טירמיסו 1 קג,קילוגרמים,1.00,"ק""ג",false,1,39.90,39.9000,true,1,515765
8008164002580,false,גלידה גלטי ריבת חלב,,,גלידה גלטי ריבת חלב 1 קג,קילוגרמים,1.00,"ק""ג",false,1,39.90,39.9000,true,1,515761
8008245004861,false,ממרח חלב עם אגוזי לוז 300ג M?venpick,יבואן ומשווק: ש. שסט,IT,ממרח אגוזי לוז עם חלב 300 גר,גרמים,300.00,100 גרם,false,1,16.90,5.6333,true,1,516574
8008429299120,false,בונ פירמידה קריסמס 2,LA SUISSA,IT,בונ פירמידה כריסמס 200 גר,גרמים,200.00,100 גרם,false,8,36.90,18.4500,true,1,501947
8008440249425,false,בירה אסהי בקבוק 330,פרונרי,IT,"בירה אסהי בק 330 מ""ל",מיליליטרים,330.00,"100 מ""ל",false,1,9.90,3.0000,true,1,507431
8008440522016,false,בירה פרוני מארז שישי,פרונרי,IT,בירה פרוני 5.1% 330 מל שישייה,מיליליטרים,1980.00,"100 מ""ל",false,1,39.90,2.0152,true,1,522024
8008620009313,false,קריץ-קרקר מלוח 250 ג',,,קרקר מלוח 250 גר,גרמים,250.00,100 גרם,false,12,8.90,3.5600,true,1,458487
8008620063032,false,קריץ-קרקר שמן זית רוזמרין 250 ג',,,קרקרים עם שמן זית ור,גרמים,250.00,100 גרם,false,12,9.90,3.9600,true,1,515204
8008620063056,false,קריץ-קרקר עגבניות ובזיליקום 250 ג',,,קריץ קרקר עגבניות ובזיליקום 250 גר,גרמים,250.00,100 גרם,false,12,9.90,3.9600,true,1,515217
8008660210014,false,מעדן פרי משמש 100% רכיבי פרי,קריניציה ויטמינה אס,IT,מעדן ריבת משמש 300 גר,גרמים,300.00,100 גרם,false,1,13.90,4.6333,true,1,484430
8008660210021,false,מעדן פרי דובדבן 100% רכיבי פרי,שוורצקוף& הנקל דיסלד,IT,מעדן ריבת דובדבן 300 גר,גרמים,320.00,100 גרם,false,1,13.90,4.3438,true,1,484429
8008660210038,false,מעדן פרי תות שדה 100% רכיבי פרי,קריניציה ויטמינה אס,IT,מעדן ריבת תות שדה 300 גר,גרמים,300.00,100 גרם,false,1,13.90,4.6333,true,1,484432
8008660210045,false,מעדן פרי פירות יער 100% רכיבי פרי,שוורצקוף& הנקל דיסלד,IT,מעדן ריבת פירות יער 300 גר,גרמים,300.00,100 גרם,false,1,13.90,4.6333,true,1,484431
8008660210052,false,מעדן פרי תפוז 100% מנז&גאסר 300ג',מנז אנד גאסר Menz&Gasser,IT,מעדן פרי תפוז 320 גר,גרמים,320.00,100 גרם,false,12,13.90,4.3438,true,1,502047
8008685000676,false,מקלות לחם עם שומשום,,,מקלות לחם עם שומשום 100 גר,גרמים,100.00,100 גרם,false,1,8.90,8.9000,true,1,526113
8008685003233,false,מקלות לחם עם זיתים 1,,,מקלות לחם עם זיתים 120 גר,גרמים,120.00,100 גרם,false,1,8.90,7.4167,true,1,526109
8008685003240,false,מקלות לחם עם מלח ים,,,מקלות לחם עם מלח ים 120 גר,גרמים,120.00,100 גרם,false,1,8.90,7.4167,true,1,526110
8008857601090,false,פסטה קנלוני רג'יה 250 גר',פסטה רג'יה Pasta Reggia,,קנלוני 250 גר,גרמים,250.00,100 גרם,false,1,7.90,3.1600,true,1,500585
8009470006613,false,מעדן טונה וסלמון כתום להשאט 80 גר',,,מעדן לחתול להשאט טונה וסלמון 80 גר,גרמים,80.00,100 גרם,false,48,6.90,8.6250,true,1,516113
8009470006637,false,מעדן טונה וסורימי ורוד להשאט 80 גר',,,מעדן לחתול להשאט טונה וסורימי 80 גר,גרמים,80.00,100 גרם,false,48,6.90,8.6250,true,1,516112
8009470006651,false,מעדן טונה וגזר ירוק להשאט 80 גר',,,מעדן לחתול להשאט טונה וגזר 80 גר,גרמים,80.00,100 גרם,false,48,6.90,8.6250,true,1,516111
8009470009010,false,סימבה שימורים לכלבים בשר 415 ג',אמ.או.אן.ג'י.אי.אמונ,,אוכל כלבים סימבה בשר 415 גר,גרמים,415.00,100 גרם,false,1,4.90,1.1807,true,1,492552
8009470009027,false,סימבה שימורים לכלבים עוף והודו 415 ג',אמ.או.אן.ג'י.אי.אמונ,,אוכל כלבים סימבה עוף והודו 415 גר,גרמים,415.00,100 גרם,false,1,4.90,1.1807,true,1,492555
8009470009072,false,סימבה שימורי חתולים בטעם עוף 415ג',אמ.או.אן.ג'י.אי.אמונ,,אוכל לחתולים סימבה עוף 415 גר,גרמים,415.00,100 גרם,false,1,4.90,1.1807,true,1,492558
8009470009096,false,סימבה שימורי חתולים טעם דגים וטונה 415ג',אמ.או.אן.ג'י.אי.אמונ,,אוכל לחתולים סימבה דג 415 גר,גרמים,415.00,100 גרם,false,1,4.90,1.1807,true,1,492556
8009470009171,false,סימבה שימורים לכלבים צייד 415 ג',אמ.או.אן.ג'י.אי.אמונ,IT,אוכל כלבים סימבה בשר צייד 415 גר,גרמים,415.00,100 גרם,false,1,4.90,1.1807,true,1,492553
8009470009218,false,מעדן לחתול בשר 100 ג' סימבה,,,מעדן לחתולים סימבה בשר 100 גר,גרמים,100.00,100 גרם,false,1,4.90,4.9000,true,1,498241
8009470009355,false,סימבה פאוץ עוף 100 ג,חטיפים מן הטבע,,סימבה פאוץ עוף 100 גר,גרמים,100.00,100 גרם,false,1,4.90,4.9000,true,1,525694
8009470009423,false,מעדן טונה וגזר ירוק להשאט 80 גר',,,מעדן לחתול להשאט ירוק טונה וגזר 80 גר,גרמים,80.00,100 גרם,false,48,6.90,8.6250,true,1,518202
8009470009430,false,מעדן טונה וסורימי ורוד להשאט 80 גר',,,מעדן לחתול להשאט ורוד טונה וסורימי 80 גר,גרמים,80.00,100 גרם,false,48,6.90,8.6250,true,1,518203
8009470009447,false,מעדן טונה וסלמון כתום להשאט 80 גר',,,מעדן לחתול להשאט כתום טונה וסלמון 80 גר,גרמים,80.00,100 גרם,false,48,6.90,8.6250,true,1,518204
8009470009461,false,מעדן טונה ועוף צהוב להשאט 80 גר',,,מעדן לחתול להשאט צהוב טונה ועוף 80 גר,גרמים,80.00,100 גרם,false,48,6.90,8.6250,true,1,518205
8009470009539,false,אוכל לחתולים סימבה צ,אמ.או.אן.ג'י.אי.אמונ,,אוכל לחתולים סימבה צייד 415 גר,גרמים,415.00,100 גרם,false,1,4.90,1.1807,true,1,492559
8009470009546,false,סימבה שימורי חתולים בטעם כבש 500ג',אמ.או.אן.ג'י.אי.אמונ,,אוכל לחתולים סימבה כבש 415 גר,גרמים,415.00,100 גרם,false,1,4.90,1.1807,true,1,492557
8009470009560,false,"סימבה מזון לכלבים 4 ק""ג בטעם בקר",אמ.או.אן.ג'י.אי.אמונ,IT,"אוכל כלבים סימבה בקר 4 ק""ג",קילוגרמים,4.00,"ק""ג",false,1,39.90,9.9750,true,1,492551
8009470009812,false,"סימבה מזון לכלבים בטעם עוף 4 ק""ג",אמ.או.אן.ג'י.אי.אמונ,IT,"אוכל כלבים סימבה עוף 4 ק""ג",קילוגרמים,4.00,"ק""ג",false,1,39.90,9.9750,true,1,492550
8009470016063,false,"סימבה מזון לחתולים עוף 2 ק""ג",אמ.או.אן.ג'י.אי.אמונ,,"אוכל לחתולים סימבה עוף 2 ק""ג",קילוגרמים,2.00,"ק""ג",false,1,34.90,17.4500,true,1,492561
8009915000039,false,פסטה תירס קפיליני ללא גלוטן,לה וואניציאני La Venezian,,פסטה קפליני ללא גלוטן 250 גר,גרמים,250.00,100 גרם,false,1,13.90,5.5600,true,1,488934
8009915000251,false,ספגטי לה וניצאן ללא גלוטן 250 ג',,,ספגטי לה וניצאן ללא גלוטן 250 גר,גרמים,250.00,100 גרם,false,1,13.90,5.5600,true,1,510512
8009915000282,false,פסטה פטוציני ללא גלו,,,פסטה פטוציני ללא גלוטן 250 גר,גרמים,250.00,100 גרם,false,1,13.90,5.5600,true,1,488933
8009915001227,false,פסטה תירס פנה ללא גלוטן,לה וואניציאני La Venezian,,פסטה פנה ללא גלוטן 250 גר,גרמים,250.00,100 גרם,false,1,13.90,5.5600,true,1,488931
8009915001340,false,פסטה תירס אליקה ללא גלוטן,לה וואניציאני La Venezian,,פסטה אליקה ללא גלוטן 250 גר,גרמים,250.00,100 גרם,false,1,13.90,5.5600,true,1,488932
8009915004150,false,ביסקוויט קמח תירס שו,מולינו דה פירו,IT,ביסקוויט קמח תירס שוקולד ואגוז ללא גלוט,גרמים,250.00,100 גרם,false,1,15.90,6.3600,true,1,493788
8009915004167,false,ביסקוויט מקמח תירס ק,מולים די פיירו ס.פ.א,IT,ביסקוויט מקמח תירס קוקוס ללא גלוטן 250,גרמים,250.00,100 גרם,false,1,15.90,6.3600,true,1,493789
8009915004211,false,ביסקוויט מקמח תירס ע,מולינו דה פירו,IT,ביסקוויט מקמח תירס עם שוקולד ציפס 250 גר,גרמים,250.00,100 גרם,false,1,15.90,6.3600,true,1,528386
8009915008714,false,לזניה מקמח תירס ואורז ללא גלוטן 250 גר (12),,,לזניה מקמח תירס ואורז ללא גלוטן 250 גר,גרמים,250.00,100 גרם,false,1,15.90,6.3600,true,1,488942
8009915008905,false,מיני גריסיני ללא גלו,מולינו דה פירו,,מיני גריסיני ללא גלוטן עם שמן זית 250 גר,גרמים,250.00,100 גרם,false,1,16.90,6.7600,true,1,488936
8009915008912,false,מיני גריסיני ללג זרע,מולינו דה פירו,,מיני גריסיני ללא גלוטן עם זרעי ציה ושומש,גרמים,250.00,100 גרם,false,1,16.90,6.7600,true,1,488937
8009915008950,false,מיני גריסיני ללא גלו,מולינו דה פירו,,מיני גריסיני ללא גלוטן עם רוזמרין 250 גר,גרמים,250.00,100 גרם,false,1,16.90,6.7600,true,1,488938
8010024006003,false,חמאת שקדים השקד 100%,,,חמאת שקדים השקד 100% 250 גר,גרמים,250.00,100 גרם,false,12,28.90,11.5600,true,1,503861
8010024006010,false,חמאת שקדים השקד 100%,תות תעשיות מזון (201,IT,חמאת שקדים השקד 100% 350 גר,גרמים,350.00,100 גרם,false,12,37.90,10.8286,true,1,503860
8011033011279,false,"קוסקוס מרקש 1 ק""ג",,,קוסקוס 1 קג,קילוגרמים,1.00,"ק""ג",false,1,15.90,15.9000,true,1,525622
8013399145278,false,סוכריות ג'לי בטעם ליקריץ ללא תוספת סוכר,דיאטורל Dietorelle,IT,סט דיטורל ליקוריש רך 70 גר,גרמים,70.00,100 גרם,false,1,9.90,14.1429,true,1,512261
8013399145315,false,סוכריות ג'לי ללא סוכר בטעם תות,דיאטורל Dietorelle,IT,סט דיטורל תות שקית רך 70 גר,גרמים,70.00,100 גרם,false,1,9.90,14.1429,true,1,512260
8015997000911,false,מאריני- בישקוטים 200 ג',Biscottificio Verona,,בישקוטים מאריני 200 גר,גרמים,200.00,100 גרם,false,1,6.90,3.4500,true,1,479947
8016608003215,false,יין קיאנטי לה קיאנטי,איטליה לה קיאנטי ג'י,,"יין ""קיאנטי "" סנטה ט",מיליליטרים,750.00,"100 מ""ל",false,1,39.90,5.3200,true,1,461585
8016608003437,false,יין קיאנטי לה קיאנטי,איטליה לה קיאנטי ג'י,,"יין ""קיאנטי "" לוגיה",Unknown,0.00,Unknown,false,1,39.90,0.0000,true,1,461586
8017746202010,false,יין קיאנטי פוגיו סו,,,"יין קיאנטי פוגיו סו וינצי 750 מ""ל",מיליליטרים,750.00,"100 מ""ל",false,1,39.90,5.3200,true,1,496590
8017746286539,false,יין קיאנטי בקש פוגיו,סלבדורי,,"יין קיאנטי בקש פוגיו סו וינצי 750 מ""ל",מיליליטרים,750.00,"100 מ""ל",false,1,44.90,5.9867,true,1,498273
8017938005122,false,חומץ תפוחים אורגני 7,מריה לוצ'יה מלצ'יורי,IT,"חומץ תפוחים אורגני 750 מ""ל",מיליליטרים,750.00,"100 מ""ל",false,12,16.90,2.2533,true,1,503880
8018075001237,false,יין מתובל מבעבע חצי,,IT,יין מתובל מבעבע חצי מתוק פרגולינו מוחיטו,מיליליטרים,330.00,"100 מ""ל",false,24,11.90,3.6061,true,1,523483
8018075001299,false,יין מתובל מבעבע פרגו,,IT,יין מתובל מבעבע פרגולינו קוקטייל שפריץ,מיליליטרים,330.00,"100 מ""ל",false,24,11.90,3.6061,true,1,523484
8018075001312,false,יין מתובל מבעבע פרגו,,IT,יין מתובל מבעבע פרגולינו פינה קולדה 330,מיליליטרים,330.00,"100 מ""ל",false,24,11.90,3.6061,true,1,523485
8019428000013,false,משקה אורז אורגני 1 ל,,,משקה אורז אורגני 1 ליטר,ליטרים,1.00,ליטר,false,1,11.90,11.9000,true,1,488995
8019428000099,false,משקה אורז אורגני שקד,,,משקה אורז אורגני שקדים 1 ליטר,ליטרים,1.00,ליטר,false,1,11.90,11.9000,true,1,488996
8019428000105,false,משקה שיבולת שועל אור,,,משקה שיבולת שועל 1 ליטר,ליטרים,1.00,ליטר,false,1,11.90,11.9000,true,1,488997
8019428005018,false,תחליף שמנת לבישול על,,,תחליף שמנת לבישול בסיס אורז אורגני 200 מ,מיליליטרים,200.00,"100 מ""ל",false,1,7.90,3.9500,true,1,493785
8019428007272,false,משקה שקדים אורגני 3%,,,משקה שקדים אורגני 3% במתיקות מעודנת 1 ל,ליטרים,1.00,ליטר,false,1,14.90,14.9000,true,1,488999
8019428007289,false,משקה שקדים אורגני 3%,,,משקה שקדים אורגני 3% ללא תוספת סוכר 1 ל,ליטרים,1.00,ליטר,false,1,14.90,14.9000,true,1,489000
8019428007364,false,משקה קוקוס 1 ל,,,משקה קוקוס 1 ל,ליטרים,1.00,ליטר,false,12,14.90,14.9000,true,1,509744
8021423011499,false,רבעי ארטישוק על הגריל בשמן חמניות 510 ג' (12),אהלרומנה,,רבעי ארטישוק על הגריל בשמן חמניות 510 ג,גרמים,510.00,100 גרם,false,1,34.90,6.8431,true,1,488829
8022470213386,false,דרגיה פריסקו שקד חלב,ITALIANA CONFETTI-PR,,דרגיה פריסקו שקד חלב 500גר,גרמים,500.00,100 גרם,false,1,34.90,6.9800,true,1,473539
8022470213393,false,דרגיה פריסקו שקד מרי,ITALIANA CONFETTI-PR,,דרגיה פריסקו שקד מריר 500גר,גרמים,500.00,100 גרם,false,1,34.90,6.9800,true,1,473538
8022470213416,false,דרגיה פריסקו לוז חלב,ITALIANA CONFETTI-PR,,דרגיה פריסקו לוז חלב 500גר,גרמים,500.00,100 גרם,false,1,34.90,6.9800,true,1,473541
8022470213423,false,דרגיה פריסקו לוז מרי,ITALIANA CONFETTI-PR,,דרגיה פריסקו לוז מריר 500גר,גרמים,500.00,100 גרם,false,1,34.90,6.9800,true,1,473537
8022470213485,false,דרגיה פריסקו דובדבן,ITALIANA CONFETTI-PR,,דרגיה פריסקו דובדבן מריר 500גר,גרמים,500.00,100 גרם,false,1,34.90,6.9800,true,1,473540
8022470213492,false,דרגיה פריסקו דובדבן,ITALIANA CONFETTI-PR,,דרגיה פריסקו דובדבן לבן 500גר,גרמים,500.00,100 גרם,false,1,34.90,6.9800,true,1,473546
8022470226379,false,דרזה מקסטרים קשיו מר,ITALIANA CONFETTI-PR,BE,"דרזה ""מקסטרים"" קשיו מריר 500גר",גרמים,500.00,100 גרם,false,1,34.90,6.9800,true,1,476148
8022470253115,false,דרגיה פריסקו אגוז מל,ITALIANA CONFETTI-PR,IT,דרגיה פריסקו אגוז מלך בשוקולד חלב 500 גר,גרמים,500.00,100 גרם,false,1,34.90,6.9800,true,1,516025
8023354060911,false,יין פרימיטיבו אורגני,,,יין פרימיטיבו אורגני נוטה רוסה 750 מל,מיליליטרים,750.00,"100 מ""ל",false,1,44.90,5.9867,true,1,519728
8023492000091,false,שוקולד דיגנארו גנדוי,די ג'י דולצאריה,,שוקולד דיגנארו גנדויה חלב עם אגוזים 150,גרמים,150.00,100 גרם,false,1,14.90,9.9333,true,1,487114
8023492000336,false,שוקולד מריר דיגנארו,די ג'י דולצאריה,,שוקולד מריר דיגנארו עם אגוזים 150 גר,גרמים,150.00,100 גרם,false,1,14.90,9.9333,true,1,487115
8023492000671,false,שוקולד מריר די גי עם,Dg3 dolciaria,IT,שוקולד מריר די גי עם אגוזים ותפוז 150 גר,גרמים,150.00,100 גרם,false,1,14.90,9.9333,true,1,492548
8023492000695,false,סטיק שוקולד גנדויה ע,Dg3 dolciaria,IT,שוקולד די גי גנדויה עם אגוזים ופולי קפה,גרמים,150.00,100 גרם,false,1,14.90,9.9333,true,1,492549
8023492003665,false,סטיק שוקולד גנדויה ע,Dg3 dolciaria,IT,שוקולד גנדויה די גי אגוז וצימוק 150 גר,גרמים,150.00,100 גרם,false,1,14.90,9.9333,true,1,525003
8023492004495,false,טבלאות שוקולד חלב עם,Dg3 dolciaria,IT,שוקולד חלב עם אגוזי לוז 225 גר,גרמים,225.00,100 גרם,false,1,12.90,5.7333,true,1,523669
8023492004501,false,שוקולד מריר אגוזי לו,Dg3 dolciaria,IT,שוקולד מריר אגוזי לוז 225 גר,גרמים,225.00,100 גרם,false,1,12.90,5.7333,true,1,523667
8023492004518,false,שוקולד מריר עם שקדים,Dg3 dolciaria,IT,שוקולד מריר עם שקדים 225 גר,גרמים,225.00,100 גרם,false,1,12.90,5.7333,true,1,523670
8023492004525,false,שוקולד מריר עם חמוצי,Dg3 dolciaria,IT,שוקולד מריר עם חמוציות 225 גר,גרמים,225.00,100 גרם,false,1,12.90,5.7333,true,1,523668
8024985000062,false,נטורה נובה - מחית תפ,"נטורפוד בע""מ",IT,מחית תפוח נטורה נובה אורגנית 100% 200 גר,גרמים,200.00,100 גרם,false,12,8.90,4.4500,true,1,503882
8024985000086,false,מחית תפוח בננה אורגנ,"נטורפוד בע""מ",IT,מחית תפוח בננה אורגנית 100% 200 גר,גרמים,200.00,100 גרם,false,12,8.90,4.4500,true,1,503884
8024985000116,false,מחית אוכמניות אורגני,"נטורפוד בע""מ",IT,מחית תפוח אוכמניות אורגנית 100% 200 גר,גרמים,200.00,100 גרם,false,12,8.90,4.4500,true,1,503886
8024985002783,false,סמוצ'י תפוח גזר דלעת אורגני,נטורה נובה Natura Nuova,,סמוזי נטורה נובה גזר דלעת אורגני 100 גר,גרמים,100.00,100 גרם,false,18,5.90,5.9000,true,1,499518
8024985004299,false,סמוזי נטורה נובה אגס,,,סמוזי נטורה נובה אגס 400 גר רביעייה,גרמים,400.00,100 גרם,false,14,18.90,4.7250,true,1,503894
8024985004695,false,סמוזי נטורה נובה בננ,נטורה נובה,IT,סמוזי נטורה נובה בננה 400 גר רביעייה,גרמים,400.00,100 גרם,false,14,18.90,4.7250,true,1,503891
8024985005234,false,סמוזי תפוח אפרסק מנג,נטורה נובה,IT,סמוזי נטורה נובה מנגו אפרסק אורגני 100 ג,גרמים,100.00,100 גרם,false,18,5.90,5.9000,true,1,499520
8024985005296,false,סמוזי נטורה נובה אגס,,,סמוזי נטורה נובה אגס בננה וקינואה אורגני,גרמים,120.00,100 גרם,false,8,6.90,5.7500,true,1,503889
8024985005302,false,סמוזי נטורה נובה תפו,,,סמוזי נטורה נובה תפוח רימון אסאי אורגני,גרמים,120.00,100 גרם,false,8,6.90,5.7500,true,1,503888
8024985006309,false,סמוזי נטורה נובה מנג,נטורה נובה,IT,סמוזי נטורה נובה מנגו 400 גר רביעייה,גרמים,400.00,100 גרם,false,14,18.90,4.7250,true,1,503893
8024985008037,false,סמוזי נטורה נובה תפו,"נטורפוד בע""מ",IT,סמוזי נטורה נובה תפוח אורגני 100 ג,גרמים,100.00,100 גרם,false,18,5.90,5.9000,true,1,499521
8024985008051,false,סמוצ'י בטעם פירות אדומים,נטורה נובה Natura Nuova,IT,סמוזי נטורה נובה פירות אדומים אורגני,גרמים,100.00,100 גרם,false,18,5.90,5.9000,true,1,499523
8026327430124,false,ממחטות אף כיס 10 יח,,,"ממחטות אף כיס 10 יח""",יחידה,10.00,יחידה,false,1,6.90,0.6900,true,1,461620
8032523530452,false,ממרח פיסטוק 200 גר,,,ממרח פיסטוק 200 גרם,גרמים,200.00,100 גרם,false,1,34.90,17.4500,true,1,517986
8032523531015,false,ממרח פסטו פיסטוק אלת,,,ממרח פסטו פיסטוק אלת הבטנה 190 גר,גרמים,190.00,100 גרם,false,1,39.90,21.0000,true,1,517985
8032755322481,false,ביסקוויט במילוי בטעם,,,ביסקוויט במילוי בטעם תפוחי עץ 250 גר,גרמים,250.00,100 גרם,false,1,13.90,5.5600,true,1,525910
8032793151425,false,יין טלאמונטי טרבי טר,,,יין טלאמונטי טרבי טראביאנו 750 מל,מיליליטרים,750.00,"100 מ""ל",false,1,42.90,5.7200,true,1,519087
8032793153320,false,יין טלאמונטי מודה מו,,,יין טלאמונטי מודה מונטפולצינו דאברוצו,מיליליטרים,750.00,"100 מ""ל",false,1,42.90,5.7200,true,1,519086
8032793342458,false,עגבניות מרוסקות דק ומסוננות בבקבוק 700 ג',פומי Pomi,,עגבניות מרוסקות דק בקבוק 700 מל,מיליליטרים,700.00,"100 מ""ל",false,1,11.90,1.7000,true,1,512253
8032793344292,false,עגבניות חתוכות דק פו,פומי Pomi,,עגבניות חתוכות דק בקבוק 700 גר,גרמים,700.00,100 גרם,false,1,11.90,1.7000,true,1,512254
8032793344520,false,תרכיז עגבניות רסק עגבניות מרוכז מאוד,פומי Pomi,,רסק עגבניות מרוכז מאוד 200 גר,גרמים,200.00,100 גרם,false,1,7.90,3.9500,true,1,514184
8032804431287,false,אטריות אורז מלא אורגניות ללא גלוטן,פליסיה Felicia Bio,,ספגטי פליסיה אורז מלא אורגני קופסא 400גר,גרמים,400.00,100 גרם,false,12,12.90,3.2250,true,1,503931
8032804432031,false,פסטה פליסיה פנה אורז,,,פסטה פליסיה פנה אורז מלא אורגני קופסא,גרמים,340.00,100 גרם,false,12,11.90,3.5000,true,1,503932
8032804435636,false,אטריות פוזילי אורגניות 4 דגנים ללא גלוטן,פליסיה Felicia Bio,,פסטה פליסיה פוזילי 4 דגנים אורגני קופסא,גרמים,340.00,100 גרם,false,12,11.90,3.5000,true,1,503934
8032804435643,false,אטריות פוזילי אורז מלא,פליסיה Felicia Bio,,פסטה פליסיה פוזילי אורז מלא אורגני קופסא,גרמים,340.00,100 גרם,false,12,11.90,3.5000,true,1,503933
8032880800243,false,פיקניק הפתעה 50 גרם-איגוד רבנים,"הוסטה איטליה, ס.ר.ל.",IT,"פיקניק הפתעה 50 ג""ר",גרמים,50.00,100 גרם,false,1,7.90,15.8000,true,1,461626
8033028910015,false,שעועית ברוטב עגבניות,,,שעועית ברוטב עגבניות 400 גר,גרמים,400.00,100 גרם,false,12,6.90,1.7250,true,1,516631
8033028910022,false,שעועית חמאה לימובסקי,,,שעועית חמאה לימובסקיה 400 גר,גרמים,400.00,100 גרם,false,24,6.90,1.7250,true,1,516629
8033028910053,false,שעועית לבנה במי מלח,,,שעועית לבנה במי מלח 400 גר,גרמים,400.00,100 גרם,false,12,6.90,1.7250,true,1,516628
8033116407502,false,יין מתובל מבעבע חצי,,,יין מתובל מבעבע חצי מתוק פרגולינו ביאנקו,מיליליטרים,330.00,"100 מ""ל",false,24,11.90,3.6061,true,1,513685
8033116407519,false,יין מתובל מבעבע חצי,,,יין מתובל מבעבע חצי מתוק פרגולינו רוסו,מיליליטרים,330.00,"100 מ""ל",false,24,11.90,3.6061,true,1,513686
8033413430708,false,ליקר למונצ'ילו וילה מסה,וילה מסה,,ליקר לימונצלו וילה מסה 700מל,מיליליטרים,700.00,"100 מ""ל",false,1,99.90,14.2714,true,1,476542
8034023209272,false,ארטישוק א-לה רומנה ב,אהלרומנה,,ארטישוק א-לה רומנה בשמן חמניות 510 גר,גרמים,510.00,100 גרם,false,1,34.90,6.8431,true,1,488828
8034048531143,true,ציפית לכרית כריסמס ח,,IL,ציפית לכרית כריסמס חגיגית,Unknown,0.00,Unknown,false,1,14.90,0.0000,true,1,514412
8034097872730,false,פנתוני גנדויה 750 גר,BAULI,IT,פנתוני מוטה 750 גר,גרמים,750.00,100 גרם,false,16,69.90,9.3200,true,1,515248
8034097876417,false,פנתוני גרן קרימוזו 8,BAULI,,פנתוני גרן קרימוזו 800 גר,גרמים,800.00,100 גרם,false,16,83.90,10.4875,true,1,527898
8034141060106,false,וורמוט ביאנקו גראן ט,,,"וורמוט ""גראן טורינו""",מיליליטרים,1000.00,"100 מ""ל",false,1,34.90,3.4900,true,1,461636
8034141060120,false,וורמוט רוסו גראן טור,,,"וורמוט ""גראן טורינו""",מיליליטרים,1000.00,"100 מ""ל",false,1,34.90,3.4900,true,1,461637
8034141060175,false,יין מבעבע גראן טורינ,,,יין מבעבע גראן טורינו,מיליליטרים,750.00,"100 מ""ל",false,1,44.90,5.9867,true,1,468421
8050705431106,false,עוגיות במילוי קרם בט,,,עוגיות במילוי קרם בטעם שוקולד 300 גר,גרמים,300.00,100 גרם,false,1,18.90,6.3000,true,1,520588
8050705431120,false,עוגיות במילוי קרם בט,,,עוגיות במילוי קרם בטעם תות שדה 300 גר,גרמים,300.00,100 גרם,false,1,18.90,6.3000,true,1,520590
8050705431144,false,עוגיות במילוי קרם בט,,,עוגיות במילוי קרם בטעם בננה 300 גר,גרמים,300.00,100 גרם,false,1,18.90,6.3000,true,1,520587
8050705431168,false,עוגיות במילוי קרם בט,,,עוגיות במילוי קרם בטעם דובדבן 300 גר,גרמים,300.00,100 גרם,false,1,18.90,6.3000,true,1,520589
8050705432202,false,עוגיות בטעם שוקולד ע,,,עוגיות בטעם שוקולד עם פתיתי קוקוס 300 גר,גרמים,300.00,100 גרם,false,1,18.90,6.3000,true,1,510529
8050705432219,false,עוגיות בטעם קפה עם ק,,,עוגיות בטעם קפה עם קרם חלב 300 גר,גרמים,300.00,100 גרם,false,1,18.90,6.3000,true,1,510530
8050705434466,false,מאפה קרואסון קורנטו,,,מאפה קרואסון קורנטו מילוי פירות 300 גר,גרמים,300.00,100 גרם,false,1,14.90,4.9667,true,1,520586
8050705434541,false,עוגיות קרם קקאו ובצי,,,עוגיות קרם קקאו ובציפוי שוקולד 240 גר,גרמים,240.00,100 גרם,false,1,13.90,5.7917,true,1,523982
8050705434756,false,עוגה ממולאת קרם טירמ,,,עוגה ממולאת קרם טירמיסו 300 גר,גרמים,300.00,100 גרם,false,1,16.90,5.6333,true,1,523979
8050705435890,false,עוגה עם קרם בטעם לימ,,,עוגה עם קרם בטעם לימון 300 גר,גרמים,300.00,100 גרם,false,1,22.90,7.6333,true,1,523977
8050705435913,false,עוגה עם קרם שוקולד 3,,,עוגה עם קרם שוקולד 300 גר,גרמים,300.00,100 גרם,false,1,22.90,7.6333,true,1,523975
8050705435944,false,עוגת רולדה קרם קקאו,,,עוגת רולדה קרם קקאו ואגוז לוז 300 גר,גרמים,300.00,100 גרם,false,1,16.90,5.6333,true,1,523985
8050705436194,false,עוגת פאי מאסימו במיל,,,עוגת פאי מאסימו במילוי קרם קקאו אגוז לוז,גרמים,350.00,100 גרם,false,1,16.90,4.8286,true,1,523970
8050705436255,false,טארטלט מאסימו במילוי,,,טארטלט מאסימו במילוי קרם קקאו אגוז 240 ג,גרמים,240.00,100 גרם,false,1,14.90,6.2083,true,1,523974
8051407911170,false,יין מבעבע פרוסקו לבן,,,"יין מבעבע פרוסקו לבן יבש 700 מ""ל",מיליליטרים,700.00,"100 מ""ל",false,1,44.90,6.4143,true,1,501261
8051407911439,false,יין קאבוטה וולפולצלה,,IT,יין קאבוטה וולפולצלה אדום יבש 750 מל,מיליליטרים,750.00,"100 מ""ל",false,1,69.90,9.3200,true,1,527793
8052021063405,false,גרלנדה במגוון צבעים,,CN,גרלנדה במגוון צבעים 2מ*5סמ,Unknown,0.00,Unknown,false,1,3.90,0.0000,true,1,520751
8052021063443,false,גרלנדה לבן אולטרה 2מ,,,גרלנדה לבן אולטרה 2מ*8סמ,Unknown,0.00,Unknown,false,1,6.90,0.0000,true,1,520786
8052021063474,false,גרלנדה במגוון צבעים,,,גרלנדה במגוון צבעים 2מ*11סמ,Unknown,0.00,Unknown,false,1,6.90,0.0000,true,1,520757
8052021063580,false,גרלנדה במגוון צבעים,,,גרלנדה במגוון צבעים 2מ*5סמ,Unknown,0.00,Unknown,false,1,3.90,0.0000,true,1,520765
8052021063597,false,גרלנדה במגוון צבעים,,,גרלנדה במגוון צבעים 2מ*10סמ,Unknown,0.00,Unknown,false,1,5.90,0.0000,true,1,520766
8055002120159,false,מחית פטריות כמהין לב,,,מחית פטריות כמהין לבנה קפריאני 80 גר,גרמים,80.00,100 גרם,false,1,29.90,37.3750,true,1,527533
8055002120203,false,חמאת כמהין לבנה קפרי,,,חמאת כמהין לבנה קפריאני 80 גר,גרמים,80.00,100 גרם,false,1,29.90,37.3750,true,1,527532
8076800195019,false,ברילה - צ.א ספגטי מס1 קפליני 500 גרם,ברילה גי.אי.אר פרטלי,IT,פסטה ברילה 500,גרמים,500.00,100 גרם,false,1,6.90,1.3800,true,1,461663
8076800195033,false,ברילה - צ.א ספגטיני מס3 חדש 500 גרם,ברילה גי.אי.אר פרטלי,IT,ספגטיני ברילה 500 גר,גרמים,500.00,100 גרם,false,1,6.90,1.3800,true,1,461664
8076800195057,false,ברילה - צ.א ספגטי מס5 חדש 500 גרם,ברילה גי.אי.אר פרטלי,IT,ספגטי ברילה מס 5 500 גר,גרמים,500.00,100 גרם,false,1,6.90,1.3800,true,1,461665
8076800195132,false,ברילה - צ.א בבטה מס13 500 גרם,ברילה גי.אי.אר פרטלי,IT,ספגטי ברילה,גרמים,500.00,100 גרם,false,1,6.90,1.3800,true,1,461666
8076800315097,false,ברילה - צ.א בוקטיני מס9 500 גרם,ברילה גי.אי.אר פרטלי,IT,"פסטה ""ברילה"" בוקטיני",גרמים,500.00,100 גרם,false,1,6.90,1.3800,true,1,461667
8076802085738,false,ברילה - צ.ק פנה רגטה חדש 500 גרם,ברילה גי.אי.אר פרטלי,IT,"פסטה ""ברילה"" פנה רגט",גרמים,500.00,100 גרם,false,1,6.90,1.3800,true,1,461669
8076802085837,false,ברילה - צ.ק טורטליוני מס83 500 גרם,הנסיך- מפעל לייצור ט,IT,פסטה ברילה צינור 500 גר,גרמים,500.00,100 גרם,false,15,6.90,1.3800,true,1,461670
8076802085981,false,ברילה - צ.ק פוזילי חדש 500 גרם,ברילה גי.אי.אר פרטלי,IT,פסטה ברילה פוזילי 500 גר,גרמים,500.00,100 גרם,false,1,6.90,1.3800,true,1,461674
8076808050440,false,ברילה פסטה מקרוני מס 44 500 גר,ברילה Barilla,IT,"פסטה ""ברילה"" מקרוני",גרמים,500.00,100 גרם,false,1,6.90,1.3800,true,1,461676
8076808060654,false,ברילה - צ.ק פרפלה חדש 500 גרם,ברילה גי.אי.אר פרטלי,IT,"פסטה ""ברילה"" פרפלה",גרמים,500.00,100 גרם,false,1,6.90,1.3800,true,1,461677
8076808150072,false,ברילה - צ.א ספגטוני מס7 חדש 500 גרם,ברילה גי.אי.אר פרטלי,IT,"ספגטי ""ברילה"" עבה מס",גרמים,500.00,100 גרם,false,1,6.90,1.3800,true,1,461679
8076809512268,false,ברילה - צ.ק גירנדולה חדש 500 גרם,ברילה גי.אי.אר פרטלי,IT,"פסטה ""ברילה"" גירנדול",גרמים,500.00,100 גרם,false,1,6.90,1.3800,true,1,461681
8076809513654,false,בסיס רוטב עגבניות לבולונז 400 ג' ברילה,ברילה גי.אי.אר פרטלי,IT,"רוטב ""ברילה"" בסיס עג",גרמים,400.00,100 גרם,false,1,12.90,3.2250,true,1,461684
8076809513692,false,רוטב פסטה ברילה נפוליטנה 400ג',ברילה גי.אי.אר פרטלי,IT,"רוטב ""ברילה"" נפוליטנ",גרמים,400.00,100 גרם,false,1,12.90,3.2250,true,1,461685
8076809513739,false,רוטב פסטה ברילה בזיליקום 400 ג',ברילה גי.אי.אר פרטלי,IT,"רוטב ""ברילה"" בזיליקו",גרמים,400.00,100 גרם,false,1,12.90,3.2250,true,1,461686
8076809514774,false,ברילה איטריות ביצים פפרדלה 250ג',ברילה גי.אי.אר פרטלי,IT,"פסטה ""ברילה"" פפרדלה",גרמים,250.00,100 גרם,false,1,18.90,7.5600,true,1,461687
8076809515115,false,טורטליני ריקוטה ותרד,,,טורטליני ריקוטה ותרד 250 גר,גרמים,250.00,100 גרם,false,1,21.90,8.7600,true,1,523322
8076809523547,false,רוטב פסטו עם עגבניות,,,רוטב פסטו עם עגבניות ובלסמי 200 גר,גרמים,200.00,100 גרם,false,1,24.90,12.4500,true,1,523320
8076809523561,false,רוטב עגבניות עם עשבי תיבול 400 ג' ברילה,ברילה גי.אי.אר פרטלי,IT,"400 רוטב ""ברילה"" בטעם פי",גרמים,400.00,100 גרם,false,1,12.90,3.2250,true,1,461690
8076809523714,false,"פסטה ברילה טליאטלה, 500 ג'","ש. שסטוביץ בע""מ",IT,"פסטה ""ברילה"" טליאטלה",גרמים,500.00,100 גרם,false,1,22.90,4.5800,true,1,461692
8076809523738,false,פסטה ברילה לזניה 500ג',ברילה גי.אי.אר פרטלי,IT,"לזניה ""ברילה""",גרמים,500.00,100 גרם,false,1,21.90,4.3800,true,1,461693
8076809529419,false,ספגטי מחיטה מלאה מס' 5 500 ג' ברילה,ברילה גי. אי. אר פרט,IT,"ספגטי ""ברילה"" חיטה מ",גרמים,500.00,100 גרם,false,1,13.90,2.7800,true,1,461694
8076809529433,false,ברילה פנטה רגטה מחיטה מלאה 500ג',"ש. שסטוביץ בע""מ",IT,"פנטה רגטה ""ברילה"" חי",גרמים,500.00,100 גרם,false,1,13.90,2.7800,true,1,461695
8076809545440,false,אטריות ללא גלוטין ברילה 400ג',ברילה ג'.אי.אר פרטלי,IT,פסטה ברילה אטריות ללא גלוטן 400 גר,גרמים,400.00,100 גרם,false,1,14.90,3.7250,true,1,481558
8076809545457,false,פסטה צינורות ללא גלוטין ברילה 400ג',ברילה ג'.אי.אר פרטלי,IT,פסטה ברילה צינורות ללא גלוטן 400 גר,גרמים,400.00,100 גרם,false,1,14.90,3.7250,true,1,481559
8076809545464,false,פסטה ספירלי ללא גלוטין ברילה 400ג',מולינו אנדריאני אס.א,IT,פסטה ברילה ספירלי ללא גלוטן 400 גר,גרמים,400.00,100 גרם,false,1,14.90,3.7250,true,1,481560
8076809547956,false,ברילה - צ.ק קיפרי 500 גרם,ברילה ג'.אי.אר פרטלי,IT,פסטה ברילה קיפרי 500 גר,גרמים,500.00,100 גרם,false,14,6.90,1.3800,true,1,511242
8076809569118,false,רוטב עגבניות עם צ'ילי ברילה,,,רוטב ברילה ארביאטה 400 גר,גרמים,400.00,100 גרם,false,1,12.90,3.2250,true,1,517357
8076809572828,false,מולינו ביאנקו - טרלוסי עגולות פריכות 350 גרם,,,עוגיות טרלוצי 350 גר,גרמים,350.00,100 גרם,false,1,16.90,4.8286,true,1,517694
8076809572873,false,מולינו ביאנקו - ביאנקו גלטי עם פתיתי סוכר 350 גרם,,,עוגיות חמאה מסוכרות 350 גר,גרמים,350.00,100 גרם,false,1,16.90,4.8286,true,1,517692
8076809578998,false,ברילה - צ.ק. סטלינה 500 גרם,ברילה Barilla,,פסטה ברילה סטלינה 500 גר,גרמים,500.00,100 גרם,false,1,6.90,1.3800,true,1,518372
8076809580762,false,רוטב פסטו בזיליקום ע,,,רוטב פסטו בזיליקום עם גבית פרמזן 190 גר,גרמים,190.00,100 גרם,false,1,24.90,13.1053,true,1,524939
8216305933154,false,מארז כדורים אדומים ו,,,מארז כדורים אדומים ושקופים תלת מימד,Unknown,0.00,Unknown,false,1,99.90,0.0000,true,1,521591
8216305933185,false,מארז כדורים תלת מימד,,,מארז כדורים תלת מימד שקופים עם הפתעה,Unknown,0.00,Unknown,false,1,99.90,0.0000,true,1,521588
8410024700015,false,ליקר מליבו 700 מל,,,"ליקר מליבו 700 מ""ל",מיליליטרים,700.00,"100 מ""ל",false,1,95.90,13.7000,true,1,498411
8410028228706,false,ברנדי מרקיז דה מיסה,ויליאמס אנד המברט,,ברנדי מרקיז דה מיסה,מיליליטרים,700.00,"100 מ""ל",false,1,79.90,11.4143,true,1,461707
8410076600622,false,חטיפי גרנולה Crunchy שיבולת שועל מלאה ושבבי שוקולד מריר,ג'נרל מילס סאן אדריא,ES,חטיף נייטשר ואלי קראנץ שבבי שוקולד,גרמים,210.00,100 גרם,false,1,14.90,7.0952,true,1,469825
8410076610379,false,נייטשר ואלי פרוטאין בוטנים ושבבי שוקולד 160 ג',סריילטו ספיין פודס,ES,חטיף נייטשר ואלי פרוטאין בוטנים שבבי שוק,Unknown,0.00,Unknown,false,1,19.90,0.0000,true,1,507521
8410076610386,false,נייטשר ואלי פרוטאין בוטנים עם ציפוי בטעם קרמל מלוח 160 ג',סריילטו ספיין פודס,ES,חטיף נייטשר ואלי פרוטאין בוטנים קרמל מלו,גרמים,160.00,100 גרם,false,1,19.90,12.4375,true,1,507522
8410076610508,false,"נייטשר וואלי צ'ואי שוקולד מריר בוטנים ושקדים, חמישיה 5 * 30 גרם",נייצ'ר ואלי Nature Valley,,נייטשר ואלי צאוי שוקולד מריר בוטנים ושקד,גרמים,150.00,100 גרם,false,1,14.90,9.9333,true,1,487808
8410076621009,false,עוגות אישיות בטעם קרמל עם חתיכות בטעם קרמל מלוח,"גלאטס סירו בע""מ",ES,חטיף פייבר 1 בטעם קרמל מלוח 120 גר,גרמים,120.00,100 גרם,false,5,14.90,12.4167,true,1,516044
8410104039134,false,"פיניש מנקה ומחדש מדיח 250מ""ל",הדקלאים אגודת שיתופי,PL,פיניש מנקה ומחדש מדי,מיליליטרים,250.00,"100 מ""ל",false,1,14.90,5.9600,true,1,461719
8410104045111,false,"פיניש מלח למדיח כלים 2ק""ג",פ.פ.ח. שאביט,IL,"מלח למדיח פיניש 2 ק""",קילוגרמים,2.00,"ק""ג",false,1,14.90,7.4500,true,1,511407
8410104437268,false,פיניש מפיג ריח למדיח רגיל,רקיט בנקיזר,PL,פיניש סטופ לריח,Unknown,0.00,Unknown,false,1,14.90,0.0000,true,1,471605
8410113000071,false,ברנדי טורס 10 700 מל,,,ברנדי טורס 10 700 מל,מיליליטרים,700.00,"100 מ""ל",false,1,94.90,13.5571,true,1,519724
8410113001122,false,יין ויניה אזמרלדה 75,,,יין ויניה אזמרלדה 750 מל,מיליליטרים,750.00,"100 מ""ל",false,6,54.90,7.3200,true,1,516489
8410113003089,false,יין קורונאס 750 מל,,,יין קורונאס 750 מל,מיליליטרים,750.00,"100 מ""ל",false,6,54.90,7.3200,true,1,516491
8410128768324,false,משקה ויוה סוי שקדים קרטונים 1 ל',ויוה סוי Viva Soy,,משקה שקדים ויוה סוי קרטונית 1 ל,ליטרים,1.00,ליטר,false,1,12.90,12.9000,true,1,511482
8410128768355,false,משקה ויוה סוי סויה קרטונים 1 ל',ויוה סוי Viva Soy,,משקה סויה ויוה סוי קרטונית 1 ל,ליטרים,1.00,ליטר,false,1,11.90,11.9000,true,1,511479
8410128783587,false,ויוה סוי שיבולת שועל,,,משקה שיבולת שועל וי סוי קרטונית 1 ל,ליטרים,1.00,ליטר,false,6,12.90,12.9000,true,1,525485
8410128785734,false,משקה סויה בריסטה ויו,,,משקה סויה בריסטה ויוה סוי קרטונית 1 ל,ליטרים,1.00,ליטר,false,6,11.90,11.9000,true,1,526751
8410134002580,false,זיתים ירוקים עם טונה,אנגל קמצ'ו אלימנטסיו,,זיתים ירוקים עם טונה 300 גר,גרמים,300.00,100 גרם,false,1,8.90,2.9667,true,1,475926
8410134016839,false,זיתים ירוקים עם סלמו,אנגל קמצ'ו אלימנטסיו,,זיתים ירוקים עם סלמון 300 גר,גרמים,300.00,100 גרם,false,1,8.90,2.9667,true,1,475927
8410134119509,false,זיתים שחורים 350 גר,אנגל קמצ'ו אלימנטסיו,,זיתים שחורים 350 גר,גרמים,350.00,100 גרם,false,1,8.90,2.5429,true,1,479099
8410161511253,false,ברנדי דה חרז רומטה 7,רומטה,,"ברנדי דה חרז רומטה 700 מ""ל",מיליליטרים,700.00,"100 מ""ל",false,1,74.90,10.7000,true,1,481277
8410179002651,false,זיתים שחורים מגולעני,,,"זיתים שחורים בלי חרצנים 350 מ""ל",גרמים,314.00,100 גרם,false,1,9.90,3.1529,true,1,495170
8410179002767,false,זיתים ירוקים עם אנשו,,,זיתים ירוקים עם אנשובי 300 גר,מיליליטרים,300.00,"100 מ""ל",false,12,9.90,3.3000,true,1,461729
8410179002798,false,זיתים ירוקים ממולאים,,,זיתים ירוקים עם לימון 314 מל,גרמים,314.00,100 גרם,false,1,9.90,3.1529,true,1,469884
8410179002804,false,זיתים ירוקים ממולאים,,,זיתים ירוקים עם גבינה 300 גר,גרמים,314.00,100 גרם,false,1,9.90,3.1529,true,1,461731
8410179002828,false,זיתים ירוקים עם סלמו,,,זיתים ירוקים עם סלמון 300 גר,גרמים,300.00,100 גרם,false,12,9.90,3.3000,true,1,461732
8410179002873,false,זיתים ירוקים ממולאים,,,זיתים ירוקים ממולאים בשרימפס 300 גר,מיליליטרים,300.00,"100 מ""ל",false,12,9.90,3.3000,true,1,461734
8410179002880,false,זיתים ירוקים ממולאים,,,זיתים ירוקים ממולאים בלובסטר 300 גר,מיליליטרים,300.00,"100 מ""ל",false,12,9.90,3.3000,true,1,461735
8410182420114,false,בצלצלי פנינה בחומץ ד,דליסיאס,,בצלצלי פנינה בחומץ 370 מל,מיליליטרים,370.00,"100 מ""ל",false,1,9.90,2.6757,true,1,513313
8410261151625,false,יין סנגריה 1.5 ל,,,"יין ""סנגריה"" 1.5 ליט",מיליליטרים,1500.00,"100 מ""ל",false,1,22.90,1.5267,true,1,461756
8410300104612,false,קוביות למרק גלינה בל,,,"קוביות למרק ""גלינה בלנקה"" בטעם פטריות 8",Unknown,0.00,Unknown,false,1,12.90,0.0000,true,1,469177
8410300207665,false,קוביות למרק גלינה בל,,,"קוביות למרק ""גלינה בלנקה"" בטעם עוף 8 יח",Unknown,0.00,Unknown,false,1,12.90,0.0000,true,1,469179
8410300233954,false,מרק גלינה בלנקה להכנ,,,"מרק ""גלינה בלנקה"" להכנה מהירה בטעם עוף",גרמים,15.00,100 גרם,false,1,3.90,26.0000,true,1,461763
8410300233961,false,מרק גלינה בלנקה להכנ,,,"מרק ""גלינה בלנקה"" להכנה מהירה בטעם עוף",גרמים,15.00,100 גרם,false,1,3.90,26.0000,true,1,461764
8410300233978,false,מרק גלינה בלנקה להכנ,,,"מרק ""גלינה בלנקה"" להכנה מהירה בטעם שמפני",גרמים,15.00,100 גרם,false,1,3.90,26.0000,true,1,461765
8410300233985,false,מרק גלינה בלנקה להכנ,,,"מרק ""גלינה בלנקה"" להכנה מהירה בטעם פטריו",גרמים,15.00,100 גרם,false,1,3.90,26.0000,true,1,461766
8410300238164,false,קוביות למרק גלינה בל,,,"קוביות למרק ""גלינה בלנקה"" בטעם עוף עם יר",Unknown,0.00,Unknown,false,1,12.90,0.0000,true,1,469178
8410300340232,false,קוביות למרק גלינה בל,,,"קוביות למרק ""גלינה בלנקה"" בטעם בקר על עצ",Unknown,0.00,Unknown,false,1,12.90,0.0000,true,1,469175
8410300351382,false,קוביות מרק עוף ללא מ,יורופוד,,קוביות מרק עוף ללא מלח 8 גר,גרמים,8.00,100 גרם,false,1,12.90,161.2500,true,1,486327
8410342004796,false,שוקולד מריר 85% ללא סוכר טוראס 100ג',צ'יקולטס טוארס,ES,שוקולד מריר טוראס 85% ללא סוכר 100 גר,גרמים,100.00,100 גרם,false,12,14.90,14.9000,true,1,507915
8410342004987,false,"טוראס-שוקולד מריר 72% קפה ללת""ס 100ג",,,שוקולד מריר טוראס 72% ללא סוכר 100 גר,גרמים,100.00,100 גרם,false,12,14.90,14.9000,true,1,507914
8410342007063,false,שוקולד מריר95% ללא תוספת סוכר טוראס 100 ג',,,שוקולד מריר טוראס 95% ללא סוכר 100 גר,גרמים,100.00,100 גרם,false,12,16.90,16.9000,true,1,519351
8410376006070,false,בסקוויט גולון מריה 800 ג',,,"ביסקוויט ""גולון"" מר""",גרמים,800.00,100 גרם,false,10,11.90,1.4875,true,1,461790
8410376009392,false,ביסקוויט חיטה מלאה ל,גאלטס גלון סא,ES,גולון ביסקוויט מחיטה,גרמים,170.00,100 גרם,false,1,10.90,6.4118,true,1,461794
8410376009408,false,גולון דורדה ביסקוויט זהב ללא סוכר 330 ג',GULLON,,גולון דורדה ביסקוויט,גרמים,330.00,100 גרם,false,1,17.90,5.4242,true,1,461795
8410376010701,false,גולון ביסקוויט מרי ללא סוכר 400 ג',תות תעשיות מזון (201,ES,גולון ביסקוויט מרי ל,גרמים,400.00,100 גרם,false,1,16.90,4.2250,true,1,461797
8410376013191,false,קרקר פיק קוקטייל גול,GULLON,,"קרקר פיק קוקטייל ""גו",גרמים,350.00,100 גרם,false,12,15.90,4.5429,true,1,461802
8410376014051,false,קרקר פיק מיניס גולון,GULLON,,קרקר פיק מיניס גולון 350 גר,גרמים,350.00,100 גרם,false,12,13.90,3.9714,true,1,510046
8410376014068,false,קרקר פיק דגים גולון,GULLON,,קרקר פיק דגים גולון 350 גר,גרמים,350.00,100 גרם,false,12,13.90,3.9714,true,1,510047
8410376016789,false,דיאגסטיב ביסקויט חיטה מלאה גולון 400 ג',,,ביסקוויט גולון חיטה מלאה 400 גר,גרמים,400.00,100 גרם,false,20,12.90,3.2250,true,1,502792
8410376017342,false,עוגיות שוקו ציפס -200-ללא גלוטן,גולון,,"עוגיות שוקו צ""יפס לל",גרמים,200.00,100 גרם,false,1,19.90,9.9500,true,1,461807
8410376023831,false,גולן ביסקוויט מחיטה מלאה ללא סוכר 400 ג',גולון,,גולן ביסקוויט מחיטה,גרמים,400.00,100 גרם,false,1,15.90,3.9750,true,1,461811
8410376028416,false,ביסקוויט סנדוויץ גול,,,ביסקוויט סנדוויץ גולון 252 גר,גרמים,252.00,100 גרם,false,1,9.90,3.9286,true,1,516867
8410376031898,false,ביסקויט טווינז סנדוו,,,עוגיות גולון טווינס קרם 176 גר,גרמים,176.00,100 גרם,false,1,5.90,3.3523,true,1,514029
8410376032581,false,גולון-עוגיות באטרפליי 495 ג',GULLON,,עוגיות גולון באטרפליי 495 גר,גרמים,495.00,100 גרם,false,10,10.90,2.2020,true,1,484976
8410376033267,false,גולון ביסקוויט דגנים ללא סוכר 410 ג',,,ביסקוויט גולון דגנים ללא סוכר 410 גר,גרמים,410.00,100 גרם,false,15,16.90,4.1220,true,1,502791
8410376036862,false,מגה סנדוויץ וניל גולון 500ג,GULLON,,גולון מגה דואו וניל 500 גר,גרמים,500.00,100 גרם,false,20,9.90,1.9800,true,1,508095
8410376037302,false,קרקר במליחות עדינה גולון 100 ג',,,קרקר גולון פיק מלח 100 גר,גרמים,100.00,100 גרם,false,24,2.90,2.9000,true,1,509055
8410376037784,false,גולון סנדוויץ שוקולד ללא סוכר 250 ג',תות תעשיות מזון (201,ES,ביסקוויט גולון סנדוויץ שוקו ללא סוכר 250,גרמים,250.00,100 גרם,false,18,14.90,5.9600,true,1,502794
8410376042481,false,ביסקוויט קרם יוגורט 220ג',גלטס גולון,,ביסקוויט גולון קרם יוגורט ללא סוכר,גרמים,220.00,100 גרם,false,1,14.90,6.7727,true,1,481866
8410376044393,false,גולון עוגיות ללא תוספת סוכר 125 ג',,,עוגיות שוקולד גולון ללא סוכר 210 גר,גרמים,210.00,100 גרם,false,10,18.90,9.0000,true,1,502789
8410376044409,false,גולון מגה סנדוויץ שוקו 500ג,GULLON,,ביסקוויט גולון דואו שוקו 500 גר,גרמים,500.00,100 גרם,false,20,9.90,1.9800,true,1,483498
8410376047509,false,טוסטדה ללא תוספת סוכ,גלטס גולון,,ביסקוויט גולון ללא סוכר 400 גר,גרמים,400.00,100 גרם,false,1,16.90,4.2250,true,1,497883
8410376052596,false,גולון עוגיות ללא גלו,,,גולון עוגיות ללא גלוטן אוונה תפוז 180 גר,גרמים,180.00,100 גרם,false,1,10.90,6.0556,true,1,518516
8410376057270,false,גולון-ביסקוויט ל.סוכר עם ש.מריר 150 גר',,,ביסקוויט גולון ללא סוכר שוקולד מריר 150,גרמים,150.00,100 גרם,false,1,16.90,11.2667,true,1,511313
8410376059397,false,גולון- וופל שוקולד ללא תוספת סוכר 180 ג',,,גולון וופל שוקולד ללא תוספת סוכר 180 גר,גרמים,180.00,100 גרם,false,12,16.90,9.3889,true,1,515671
8410376060461,false,עוגיות גולון דיאגסטי,,,עוגיות גולון דיאגסטיב תפוז 280 גר,גרמים,280.00,100 גרם,false,1,9.90,3.5357,true,1,519360
8410441211002,false,יין פאוסטינו אדום 75,,,"יין פאוסטינו אדום 750 מ""ל",מיליליטרים,750.00,"100 מ""ל",false,1,49.90,6.6533,true,1,490109
8410441231000,false,יין פאוסטינו לבן 750,,,"יין פאוסטינו לבן 750 מ""ל",מיליליטרים,750.00,"100 מ""ל",false,1,49.90,6.6533,true,1,490110
8410644120118,false,יין מבעבע קווה 1861,,,"יין מבעבע ""קווה 1861"" ספרדי 750 מל",מיליליטרים,750.00,"100 מ""ל",false,1,29.90,3.9867,true,1,470956
8410644611203,false,יין קאווה איבריקה לבן יבש Cava Iberica,יוסף מסאקס ס.ל.,ES,יין מבעבע קאווה וידה לבן,מיליליטרים,750.00,"100 מ""ל",false,1,32.90,4.3867,true,1,461820
8410644611210,false,יין קאווה איבריקה לבן חצי יבש Cava Iberica,יוסף מסאקס ס.ל.,ES,יין מבעבע קאווה וידה לבן,מיליליטרים,750.00,"100 מ""ל",false,1,32.90,4.3867,true,1,461821
8410655000423,false,רביעיית בירה סאן מיג,,,רביעיית בירה סאן מיגל פילסנר 330 מל,מיליליטרים,1320.00,"100 מ""ל",false,1,24.90,1.8864,true,1,479073
8410655002458,false,בירה סאן מיגל ללא גל,SAN MIGUEL,,בירה סאן מיגל ללא גלוטן 330 מל,מיליליטרים,330.00,"100 מ""ל",false,1,10.90,3.3030,true,1,524686
8410702004312,false,יין ויניה לאנזאר אדו,ספרד פליקס סוליס,,"יין ""וינייה לאנזר"" ק",ליטרים,1.00,ליטר,false,1,24.90,24.9000,true,1,461822
8410702005012,false,יין סנגריה פניאסול 1,ספרד פליקס סוליס,,יין סינגריה פניאסול 1ל,ליטרים,1.00,ליטר,false,1,14.90,14.9000,true,1,475415
8410702039802,false,יין סנגריה לבן פניאס,ספרד פליקס סוליס,,יין סינגריה לבן פניאסול 1ל,ליטרים,1.00,ליטר,false,1,14.90,14.9000,true,1,490100
8410707001255,false,נקטר פירות אדומים לל,,,נקטר פירות אדומים ללא תוספת סוכר 1 ל,ליטרים,1.00,ליטר,false,1,9.90,9.9000,true,1,524908
8410707004768,false,משקה חמוציות ללא סוכ,,,משקה חמוציות ללא סוכר 1 ל,ליטרים,1.00,ליטר,false,1,9.90,9.9000,true,1,523827
8410707106158,false,מיץ עגבניות 100% גוב,,,מיץ עגבניות 100% גובר 1 ל,ליטרים,1.00,ליטר,false,1,9.90,9.9000,true,1,523822
8410793001764,false,בירה אסטרייה דאם - מארז רביעייה,אסטרייה Estrella,,בירה אסטרייה דאם 330 מל רביעייה,מיליליטרים,1320.00,"100 מ""ל",false,1,29.90,2.2652,true,1,526719
8410793262936,false,בירה ללא גלוטן אסטרי,"סי סי דאם, אס.אל, בר",ES,"בירה דאם דאורה ללא גלוטן 330 מ""ל",מיליליטרים,330.00,"100 מ""ל",false,1,10.90,3.3030,true,1,481828
8411210006065,false,לבבות ארטישוק במי מל,,,לבבות ארטישוק במי מלח 400 גר,גרמים,400.00,100 גרם,false,,12.90,3.2250,true,1,517654
8411327521017,false,רביעיית בירה סאן מיג,,,רביעיית בירה סאן מיגל פילסנר 330 מל+כוס,מיליליטרים,1320.00,"100 מ""ל",false,1,24.90,1.8864,true,1,520789
8411423041105,false,יין סרו אניון קריאנז,ספרד בודגס אולארה,,יין סרו אניון קריאנזה 0.75ל,מיליליטרים,750.00,"100 מ""ל",false,1,54.90,7.3200,true,1,473183
8413376022965,false,גבינת עיזים רכה 29% שומן 110 ג',,,גבינת עיזים פאסטור 29% 110 גר,גרמים,110.00,100 גרם,false,1,14.90,13.5455,true,1,495107
8413376024839,false,גבינת עיזים רכה עם עשבי תיבול 29% שומן 110 ג',,,גבינת עיזים פאסטור עם עשבי תיבול 29%,גרמים,110.00,100 גרם,false,1,14.90,13.5455,true,1,495108
8413529851039,false,יין ויניה אלברדי רזר,ספרד בודגס אולארה,,יין ויניה אלברדי רזרבה אדום,Unknown,0.00,Unknown,false,1,84.90,0.0000,true,1,470915
8413664511447,false,פאפאס ארגנטה ברוסקטה שום ופטרוזיליה 150 ג',,,פאפאס ארגנטה ברוסקטה שום ופטרוזיליה,גרמים,150.00,100 גרם,false,12,10.90,7.2667,true,1,461839
8413664511706,false,פאפאס ארגנטה ברוסקטה עגבניות 150 ג',,,פאפאס ארגנטה ברוסקטה עגבניות ואורגנו,גרמים,150.00,100 גרם,false,12,10.90,7.2667,true,1,461842
8413664611956,false,פאפאס ארגנטה ציפס עם,,,פאפאס ארגנטה ציפס עם עשבי תיבול 160 גר,גרמים,160.00,100 גרם,false,12,17.90,11.1875,true,1,522916
8413664811844,false,פאפאס ארגנטה ציפס עם,,,פאפאס ארגנטה ציפס עם שמן זית 160 גר,גרמים,160.00,100 גרם,false,12,19.90,12.4375,true,1,516356
8413664811905,false,פאפאס ארגנטה ציפס עם,,,פאפאס ארגנטה ציפס עם שמן זית קינואה מלח,גרמים,150.00,100 גרם,false,12,17.90,11.9333,true,1,516357
8413831140326,false,יין מבעבע קאווה פריו,קסניוס,,יין מבעבע קאווה פריול ברוט,מיליליטרים,750.00,"100 מ""ל",false,1,29.90,3.9867,true,1,461844
8413831140371,false,יין קאווה פריול סמי,קובידיס,,"יין קאווה פריול סמי סקו 750 מ""ל",מיליליטרים,750.00,"100 מ""ל",false,1,29.90,3.9867,true,1,481815
8414825337838,false,יין מרטין קודאס מארה,,,יין מרטין קודאס מארה 750 מל,מיליליטרים,750.00,"100 מ""ל",false,1,59.90,7.9867,true,1,519091
8414825338163,false,יין מרטין קודאס פיזר,,,יין מרטין קודאס פיזראס דה אוטרו 750 מל,מיליליטרים,750.00,"100 מ""ל",false,1,59.90,7.9867,true,1,519092
8414825338316,false,יין מרטין קודאס אלבר,,,יין מרטין קודאס אלבריניו מרייטה 750 מל,מיליליטרים,750.00,"100 מ""ל",false,1,59.90,7.9867,true,1,519090
8420708012822,true,גבינה קשקבל בשלה 200,סאן רינגשטה,,גבינה קשקבל בשלה 200 גר,גרמים,200.00,100 גרם,false,1,24.90,12.4500,true,1,481540
8420708018817,false,מנצגו בשלה 150 גרם נ,האי נאם סי או אל.טי.,ES,גבינת מנצגו 150 גר,גרמים,150.00,100 גרם,false,1,29.90,19.9333,true,1,491380
8420822130600,false,"ספריי סופר מסיר שומנים 750מ""ל יעקבי",יעקבי,,מסיר שומנים סופר 750 מל,מיליליטרים,750.00,"100 מ""ל",false,1,15.90,2.1200,true,1,522506
8420822130624,false,"ספריי סופר מסיר כתמים 750מ""ל יעקבי",יעקבי,,מסיר כתמים סופר 750 מל,מיליליטרים,750.00,"100 מ""ל",false,1,19.90,2.6533,true,1,522505
8420878580800,false,עוגת אוראו 350 גר,,,עוגת אוראו 350 גר,גרמים,350.00,100 גרם,false,1,34.90,9.9714,true,1,525772
8420878580817,false,עוגת פילדלפיה 350 גר,,,עוגת פילדלפיה 350 גר,גרמים,350.00,100 גרם,false,1,34.90,9.9714,true,1,525770
8420878585744,false,עוגת מילקה 350 גר,,,עוגת מילקה 350 גר,גרמים,350.00,100 גרם,false,1,34.90,9.9714,true,1,525773
8423207206488,false,מרבה סלים דליס שוקולד חלב 120 גרם,אף.סי תבליני בגליל ב,ES,חטיף מרבה סלים דליס שוקולד חלב,גרמים,120.00,100 גרם,false,1,11.90,9.9167,true,1,478064
8423207206495,false,מרבה סלים דליס שוקולד מריר 120 גרם,אף.סי תבליני בגליל ב,ES,חטיף מרבה סלים דליס שוקולד מריר,גרמים,120.00,100 גרם,false,1,11.90,9.9167,true,1,478065
8423207206501,false,חטיף מרבה סלים דליס חצי מצופה 78ג',סלים דליס Slim Delis,ES,חטיף מרבה סלים דליס חצי מצופה,גרמים,78.00,100 גרם,false,1,11.90,15.2564,true,1,478066
8423207207362,false,סלים דליס חטיף דגנים שוקולד לבן 120 ג',ביסנצ'ורי אס.אל.יו,ES,חטיף מרבה סלים דליס,גרמים,120.00,100 גרם,false,1,11.90,9.9167,true,1,478070
8423207208260,false,מרבה סלים דליס שוקולד חלב ללא גלוטן חדש,ביסנצ'ורי אס.אל.יו,ES,חטיף מרבה סלים דליס חלב ללא גלוטן,גרמים,78.00,100 גרם,false,1,11.90,15.2564,true,1,480742
8423207208680,false,מרבה סלים דליס לילדים עם שוקולד חלב חדש,ביסנצ'ורי אס.אל.יו,ES,חטיף מרבה סלים דליס לילדים עם שוקולד חלב,גרמים,120.00,100 גרם,false,1,11.90,9.9167,true,1,484108
8423207208697,false,מרבה סלים דליס לילדים עם שוקולד לבן חדש,ביסנצ'ורי אס.אל.יו,ES,חטיף מרבה סלים דליס חלב לילדים,גרמים,120.00,100 גרם,false,1,11.90,9.9167,true,1,482982
8423207210287,false,מרבה סלים דליס שוקולד לבן בטעם יוגורט 120 ג',סלים דליס Slim Delis,,חטיף סלים דליס מצופה שוקולד לבן בטעם יוג,גרמים,120.00,100 גרם,false,16,11.90,9.9167,true,1,501137
8423207210928,false,חטיף דגנים מצופה שוקולד חלב ואגוזי לוז - 5 במארז,ביסנצ'ורי אס.אל.יו,ES,חטיף סלים דליס טופינג אגוזי לוז 90 גר,גרמים,90.00,100 גרם,false,16,11.90,13.2222,true,1,513405
8423207210966,false,חטיף רב דגנים מצופה שוקולד לבן קוקוס ולימון,אף.סי תבליני בגליל ב,ES,חטיף סלים דליס טופינג קוקוס לימון 90 גר,גרמים,90.00,100 גרם,false,16,11.90,13.2222,true,1,513404
8423207210980,false,סלים דליס טופינג קליפת תפוז 90 ג',מרבה,ES,חטיף סלים דליס טופינג קליפת תפוז 90 גר,גרמים,90.00,100 גרם,false,16,11.90,13.2222,true,1,513407
8423371005085,false,משפחתי מיקס פיקנטי ס,Unknown,ES,מיקס פיקנטי 100 גר,גרמים,100.00,100 גרם,false,1,9.90,9.9000,true,1,513577
8423453905692,false,בירה ווילדר לאגר פחי,ווילדר,ES,"בירה ווילדר לאגר פחית 500 מ""ל",מיליליטרים,500.00,"100 מ""ל",false,24,6.90,1.3800,true,1,504288
8423453905739,false,מארז בירה ווילדר לאג,פונט סאלם וולנסיה ספ,ES,"בירה ווילדר לאגר בק 330 מ""ל שישייה",מיליליטרים,1980.00,"100 מ""ל",false,4,34.90,1.7626,true,1,504292
8425206000081,false,ריבת חלב מרדל 450 גר,כלורוקס אוקלנד,ES,ריבת חלב מרדל 450 גר,גרמים,450.00,100 גרם,false,1,19.90,4.4222,true,1,512250
8425206000142,false,מרדל ריבת חלב בבקבוק לחיץ 370 ג',,,ריבת חלב בקבוק לחיץ 370 גר,גרמים,370.00,100 גרם,false,1,19.90,5.3784,true,1,512251
8436011151844,false,מזון לכלבים בוגרים נ,,,"מזון לכלבים בוגרים נוטריבסט 3 ק""ג",קילוגרמים,3.00,"ק""ג",false,1,59.90,19.9667,true,1,490134
8436011151899,false,מזון לחתולים נוטריבס,,,"מזון לחתולים נוטריבסט 2 ק""ג",קילוגרמים,2.00,"ק""ג",false,1,49.90,24.9500,true,1,493749
8436011151905,false,מזון לחתולים נוטריבס,,,מזון לחתולים נוטריבסט סנסיטיב סלמון אורז,קילוגרמים,2.00,"ק""ג",false,1,49.90,24.9500,true,1,493750
8436011151912,false,מזון לחתולים נוטריבס,,,"מזון לחתולים נוטריבסט בוגר 2 ק""ג",קילוגרמים,2.00,"ק""ג",false,1,49.90,24.9500,true,1,493751
8436024290042,false,זיתים עם שקדים 300 ג,,,זיתים עם שקדים 300 גר,גרמים,300.00,100 גרם,false,12,10.90,3.6333,true,1,517536
8436024290073,false,זיתים עם שרימפס 300,,,זיתים עם שרימפס 300 גר,גרמים,300.00,100 גרם,false,1,10.90,3.6333,true,1,517539
8436536181753,false,יין לבן יבש ריאו דה,,,יין לבן יבש ריאו דה לונה 750 מל,מיליליטרים,750.00,"100 מ""ל",false,1,39.90,5.3200,true,1,528594
8436536181760,false,יין אדום יבש ריאו דה,,,יין אדום יבש ריאו דה לונה 750 מל,מיליליטרים,750.00,"100 מ""ל",false,1,49.90,6.6533,true,1,528595
8436536181784,false,יין אדום יבש גראנד ר,,,יין אדום יבש גראנד רזרב ריאו דה לונה,מיליליטרים,750.00,"100 מ""ל",false,1,59.90,7.9867,true,1,528596
8436536181791,false,יין אדום יבש גראנד ר,,,יין אדום יבש גראנד רזרב ריאו דה לונה,מיליליטרים,750.00,"100 מ""ל",false,1,59.90,7.9867,true,1,528597
8436536182637,false,יין אדום יבש ריאו דה,,,יין אדום יבש ריאו דה לונה 750 מל,מיליליטרים,750.00,"100 מ""ל",false,1,39.90,5.3200,true,1,528593
8436575292205,false,ארטיק חמשושים מאגדת 15*12 גר',שוורצקוף& הנקל דיסלד,IL,מאגדת חמשושים נסטלה,גרמים,180.00,100 גרם,false,6,21.90,12.1667,true,1,504752
8437000906209,false,טורטייה קמח חיטה 320,Azteca foods europe,,טורטייה קמח חיטה 320 גר,גרמים,320.00,100 גרם,false,1,6.90,2.1563,true,1,461897
8437008915456,false,עלי טורטיה 5 דגנים 8,יכין,,עלי טורטיה 5 דגנים 8 יח,גרמים,320.00,100 גרם,false,1,6.90,2.1563,true,1,497236
8437850502552,true,בובת סנטה 52 סמ,,,בובת סנטה 52 סמ,Unknown,0.00,Unknown,false,1,49.90,0.0000,true,1,493519
8445290427120,false,דגני פיטנס Fitness שוקולד מריר ובננה,נסטלה צרפת איטנקורט,,פיטנס שוקולד מריר ובננה 330 גר,גרמים,330.00,100 גרם,false,16,19.90,6.0303,true,1,526667
8501110080231,false,רום הוואנה קלאב 3 שנ,,,"רום הוואנה קלאב 3 שנים 700 מ""ל",מיליליטרים,700.00,"100 מ""ל",false,1,134.80,19.2571,true,1,498809
8593868000050,false,בירה סטארופרמן פרמיו,,,בירה סטרופראמן לאגר,מיליליטרים,500.00,"100 מ""ל",false,1,8.90,1.7800,true,1,461931
8593868000302,false,בירה סטארופרמן פרמיו,,,בירה סטרופראמן בקבוק,מיליליטרים,500.00,"100 מ""ל",false,1,10.90,2.1800,true,1,461932
8593868002368,false,בירה סטארופראמן אנפי,,,בירה סטארופראמן אנפילטר בק 500 מל,מיליליטרים,500.00,"100 מ""ל",false,1,10.90,2.1800,true,1,511449
8593868006014,false,בירה בלו מון פחית 50,"איי, בי, אינבוו",CZ,בירה בלו מון פחית 500 מל,מיליליטרים,500.00,"100 מ""ל",false,24,12.90,2.5800,true,1,516486
8594006931328,false,בירה פרימטור וויצן 5,,,"בירה פרימטור וויצן 500 מ""ל",מיליליטרים,500.00,"100 מ""ל",false,1,10.90,2.1800,true,1,496861
8594009923429,false,בירה קרושוביצה בהירה,,,"בירה קרושוביצה בהירה פח 500 מ""ל",מיליליטרים,500.00,"100 מ""ל",false,1,9.90,1.9800,true,1,461941
8594071650018,false,עוגת דבש מרלנקה קלאס,Marlenka,,עוגת דבש מרלנקה קלאסיק 800 גר,גרמים,800.00,100 גרם,false,1,74.90,9.3625,true,1,475668
8594071650025,false,עוגת דבש מרלנקה בטעם,Marlenka,,עוגת דבש מרלנקה בטעם קקאו 800 גר,גרמים,800.00,100 גרם,false,1,74.90,9.3625,true,1,475810
8594071650292,false,עוגיות דבש מרלנקה 23,Marlenka,,עוגיות דבש מרלנקה 235 גר,גרמים,235.00,100 גרם,false,1,34.90,14.8511,true,1,475669
8594071650308,false,עוגיות דבש מרלנקה בט,Marlenka,,עוגיות דבש מרלנקה בטעם קקאו 235 גר,גרמים,235.00,100 גרם,false,1,34.90,14.8511,true,1,475671
8594071650452,false,עוגת דבש מרלנקה בטעם,Marlenka,,עוגת דבש מרלנקה בטעם לימון 800 גר,גרמים,800.00,100 גרם,false,1,74.90,9.3625,true,1,475667
8594071650483,false,עוגיות דבש מרלנקה בט,Marlenka,,עוגיות דבש מרלנקה בטעם לימון 235 גר,גרמים,235.00,100 גרם,false,1,34.90,14.8511,true,1,475670
8594071650711,false,עוגת נפוליאון מרלנקה,Marlenka,,עוגת נפוליאון מרלנקה 300 גר,גרמים,300.00,100 גרם,false,1,34.90,11.6333,true,1,479669
8594071650841,false,פחזניות מרלנקה 250 ג,,,פחזניות מרלנקה 250 גר,גרמים,250.00,100 גרם,false,1,34.90,13.9600,true,1,483574
8594071650858,false,רולדה מרלנקה עם אוכמ,,,רולדה מרלנקה עם אוכמניות 300 גר,גרמים,300.00,100 גרם,false,1,36.90,12.3000,true,1,483575
8594071650865,false,רולדה מרלנקה עם פטל,,,רולדה מרלנקה עם פטל 300 גר,גרמים,300.00,100 גרם,false,1,36.90,12.3000,true,1,483576
8594071650896,false,עוגיות דבש מרלנקה לל,,,עוגיות דבש מרלנקה ללא גלוטן 235 גר,גרמים,235.00,100 גרם,false,1,36.90,15.7021,true,1,492996
8594071651381,false,עוגת נפוליאון קקאו מ,Marlenka,,עוגת נפוליאון קקאו מרלנקה,גרמים,300.00,100 גרם,false,1,34.90,11.6333,true,1,507357
8594071651435,false,עוגיות דבש קינמון 23,,,עוגיות דבש קינמון 235 גר,גרמים,235.00,100 גרם,false,1,34.90,14.8511,true,1,519740
8594071651497,false,עוגת מרלנקה בטעם משמ,Marlenka,,עוגת מרלנקה בטעם משמש 800 גר,גרמים,800.00,100 גרם,false,1,74.90,9.3625,true,1,512827
8594071651749,false,עוגיות אישיות בטעם מ,Marlenka,,עוגיות אישיות בטעם משמש 235 גר,גרמים,235.00,100 גרם,false,1,34.90,14.8511,true,1,512828
8594200060015,false,בירה צסקה פינטה 568,,,בירה צסקה פינטה 568 מל,מיליליטרים,568.00,"100 מ""ל",false,1,8.90,1.5669,true,1,525539
8594403110111,false,בירה באדוויזר לאגר 5,BUDVIZER BUDVAR,,בירה באדוויזר לאגר 500 מל,מיליליטרים,500.00,"100 מ""ל",false,1,10.90,2.1800,true,1,461944
8594403150827,false,בירה באדוויזר דארק ל,BUDVIZER BUDVAR,,בירה באדוויזר דארק לאגר 500 מל,מיליליטרים,500.00,"100 מ""ל",false,1,10.90,2.1800,true,1,461946
8594403707649,false,בירה באדוויזר דארק ל,Bud?jovick? Budvar,,בירה באדוויזר דארק לאגר פחית 500 מל,מיליליטרים,500.00,"100 מ""ל",false,24,7.90,1.5800,true,1,524292
8594403707977,false,בירה באדוויזר לאגר פ,Bud?jovick? Budvar,,בירה באדוויזר לאגר פחית 500 מל,מיליליטרים,500.00,"100 מ""ל",false,24,7.90,1.5800,true,1,525152
8594404001418,false,בירה קוזל כהה בקבוק,פילזנסקי,CZ,בירה קוזל כהה בק 500 מל,מיליליטרים,500.00,"100 מ""ל",false,1,8.50,1.7000,true,1,461948
8594404115115,false,בירה פילזנר אורקוול,פילזן,CZ,"בירה ""פילזנר אורקול"" פחית 500 מל",מיליליטרים,500.00,"100 מ""ל",false,1,9.90,1.9800,true,1,461953
8594405105429,false,ליקר בחרובקה 700 מל,,,"ליקר בחרובקה 700 מ""ל",מיליליטרים,700.00,"100 מ""ל",false,1,99.90,14.2714,true,1,484561
8606018615827,false,גלידת וניל עם שברי עוגיות אוראו 480 ג',נסטלה,IL,גלידה פיינט אוראו 480 מל,מיליליטרים,480.00,"100 מ""ל",false,1,17.90,3.7292,true,1,523180
8606018615841,false,גלידת וניל עם ליבת שוקולד חלב 480 ג' מילקה,נסטלה,IL,גלידה פיינט מילקה וניל שוקולד 480 מל,מיליליטרים,480.00,"100 מ""ל",false,1,17.90,3.7292,true,1,523181
8606018615865,false,גלידת קרמל ליבת שוקולד 480 ג' מילקה,נסטלה,IL,גלידה פיינט מילקה קרמל שוקולד 480 מל,מיליליטרים,480.00,"100 מ""ל",false,1,17.90,3.7292,true,1,523182
8606109023593,false,מיץ פרוויטה תפוע ואג,,IL,"מיץ פרוויטה תפו""ע ואגס 750 מל",מיליליטרים,750.00,"100 מ""ל",false,1,10.90,1.4533,true,1,513149
8606109023609,false,מיץ פרוויטה תפוע ודו,,IL,"מיץ פרוויטה תפו""ע ודובדבן חמוץ 750 מל",מיליליטרים,750.00,"100 מ""ל",false,1,10.90,1.4533,true,1,513150
8606109023623,false,מיץ פרוויטה תפוע ולי,,IL,"מיץ פרוויטה תפו""ע ולימון ליים 750 מל",מיליליטרים,750.00,"100 מ""ל",false,1,10.90,1.4533,true,1,513152
8606109023647,false,מיץ פרוויטה תפוע וסל,,IL,"מיץ פרוויטה תפו""ע וסלק 750 מל",מיליליטרים,750.00,"100 מ""ל",false,1,10.90,1.4533,true,1,513153
8606109023715,false,מיץ פרוויטה תפוע ואפ,,,"מיץ פרוויטה תפו""ע ואפרסק 750 מל",מיליליטרים,750.00,"100 מ""ל",false,1,10.90,1.4533,true,1,515128
8606109023722,false,מיץ פרוויטה תפוע ומש,,,"מיץ פרוויטה תפו""ע ומשמש 750 מל",מיליליטרים,750.00,"100 מ""ל",false,1,10.90,1.4533,true,1,515127
8606109023999,false,מיץ פרוויטה תפוע ושז,,,מיץ פרוויטה תפוע ושזיפים 750 מל,מיליליטרים,750.00,"100 מ""ל",false,1,10.90,1.4533,true,1,524802
8680202110824,false,שמרים לאפיה יבשים נמסים אינסטנט,,,שמרים נמסים בוואקום,גרמים,125.00,100 גרם,false,1,5.90,4.7200,true,1,471789
8680202110848,false,שמרים לאפיה יבשים נמסים אינסטנט,DOSU MAYA,,"שמרים נמסים 455 גר""",גרמים,455.00,100 גרם,false,1,13.90,3.0549,true,1,471788
8681823380054,false,כוסות לשתיה חמה 50 י,,,כוסות לשתיה חמה 50 יח,Unknown,0.00,Unknown,false,1,9.90,0.0000,true,1,506259
8683130008355,false,מיונז הלמנס שום לחיץ 400*8 גר',יוניליוור ישראל שיוו,TR,מיונז הלמנס שום לחיץ 400 גר,גרמים,400.00,100 גרם,false,8,12.90,3.2250,true,1,520370
8683130008935,false,ממרח קטשיונז הלמנס ל,יוניליוור ישראל שיוו,TR,קטשיונז הלמנס 425 גר,גרמים,425.00,100 גרם,false,8,12.90,3.0353,true,1,523008
8683130012666,false,מגנום דאבל לבן ועוגיות 95 מל,"מיוצר ע""י יונילוור ס",TR,גלידת מגנום דאבל לבן עוגיות,גרמים,74.00,100 גרם,false,20,9.90,13.3784,true,1,523835
8683130025581,false,"בדין - מרכך כביסה אקסטרא ענבר 960 מ""ל",יונילוור - תורכיה,TR,מרכך כביסה בדין אקסטרה ענבר 960 מל,מיליליטרים,960.00,"100 מ""ל",false,16,14.90,1.5521,true,1,526153
8690504081913,false,ביסקוויטים חיטה מלאה מצופה.,"אולקר ביסקווי סנאי,",TR,עוגיות מקוויטיס טינס מצופה שוקולד חלב,גרמים,150.00,100 גרם,false,1,9.90,6.6000,true,1,498220
8690504081920,false,טינס מצופה שוקולד מריר 150ג',"אולקר ביסקווי סנאי,",TR,עוגיות מקוויטיס טינס מצופה שוקולד מריר,גרמים,150.00,100 גרם,false,1,9.90,6.6000,true,1,498219
8690504081937,false,טינס מצופה חלב וקפוצינו 150ג',"אולקר ביסקווי סנאי,",TR,עוגיות מקוויטיס טינס שוקולד חלב וקפוצינו,גרמים,150.00,100 גרם,false,1,9.90,6.6000,true,1,498221
8690504153740,false,שוקולד מריר במילוי קרם בטעם שוקולד מריר,ביסקוט ביסקווי סילבר,TR,זית ירוק זיתא מגולען עם צילי חריף 330 גר,גרמים,86.00,100 גרם,false,18,14.90,17.3256,true,1,499355
8690504153849,false,שוקולד חלב במילוי קרם בטעם פרלין אגוזים,"אולקר מקבוצת פלאדיס,",TR,שוקולד חלב גודיבה קרם אגוזים 83 גר,גרמים,83.00,100 גרם,false,1,14.90,17.9518,true,1,499356
8690530007147,false,סלפאק מגבות מטבח קומפורט 2 שכבות,,,מגבות מטבח סלפאק שישייה,Unknown,0.00,Unknown,false,1,13.90,0.0000,true,1,511155
8690530015043,false,סלפאק מגבות מטבח שישיה 3 שכבות,איפק,,מגבות מטבח סלפאק שישייה,Unknown,0.00,Unknown,false,4,18.90,0.0000,true,1,503826
8690530016514,false,מפיות סלפאק 2 שכבות 75 יח',,,מפיות סלפאק 2 שכבות 75 יח,Unknown,0.00,Unknown,false,1,7.90,0.0000,true,1,522512
8690530029330,false,מפיות קולקשן מודפס 20 יח' סלפק,,,מפיות סלפאק קולקשיין צבעוניות 20 יח,Unknown,0.00,Unknown,false,1,5.90,0.0000,true,1,522511
8690530032866,false,מפיות סלפאק קומפורט חד שכבתיות 100,,,מפיות סלפאק קומפורט חד שכבתיות 100 יח,Unknown,0.00,Unknown,false,1,5.90,0.0000,true,1,522513
8690530032880,false,מפיות סלפאק קומפורט חד שכבתיות 200,,,מפיות סלפאק קומפורט חד שכבתיות 200 יח,Unknown,0.00,Unknown,false,1,10.90,0.0000,true,1,522514
8690530036727,false,ממחטות סלפאק 100 יח,,,ממחטות סלפאק 100 יח,Unknown,0.00,Unknown,false,1,7.90,0.0000,true,1,524117
8690530036741,false,ממחטות בוטיק סלפאק,,,ממחטות בוטיק סלפאק,Unknown,0.00,Unknown,false,1,5.90,0.0000,true,1,524118
8690530151345,false,ממחטות סלפאק פרמיום עשריות מנטול,,,ממחטות סלפאק פרמיום 4 שכבות מנטול/ירוק,Unknown,0.00,Unknown,false,1,9.90,0.0000,true,1,500264
8690530151352,false,ממחטות סלפאק פרמיום עשריות פרחים,,,ממחטות סלפאק פרמיום עשריות פרחים,Unknown,0.00,Unknown,false,1,9.90,0.0000,true,1,507692
8690530274471,false,נייר טואלט סלפאק קומפורט 2 שכבות 32,,TR,נייר טואלט סלפאק דו שכבתי 32 גל 100%,Unknown,0.00,Unknown,false,1,39.90,0.0000,true,1,500161
8690530284463,false,נייר טואלט 3 שכבות 32 גלילים סלפאק,,TR,נייר טואלט סלפאק 3 שכבות 32 גלילים,Unknown,0.00,Unknown,false,1,49.90,0.0000,true,1,501540
8690530324824,false,נייר טואלט סלפאק 3 שכבות 32 גלילים ריחני,,,נייר טואלט סלפאק 3 שכבות 32 גלילים,Unknown,0.00,Unknown,false,1,49.90,0.0000,true,1,510945
8690530324930,false,נייר טואלט דו שכבתי 32 גליל SILEN,איפק,,נייר טואלט דו-שכבתי 32 גל SILEN,Unknown,0.00,Unknown,false,1,33.90,0.0000,true,1,500160
8690530615120,false,שישיית מגבות מטבח סילין,,,מגבות מטבח סילאן שישייה,Unknown,0.00,Unknown,false,1,11.90,0.0000,true,1,500163
8690558010006,false,נקטר דובדבן דימס 1 ל,,,נקטר דובדבן 1 ליטר,ליטרים,1.00,ליטר,false,1,8.90,8.9000,true,1,505013
8690558010020,false,נקטר אפרסק דימס 1 ל,,,נקטר אפרסק 1 ליטר,ליטרים,1.00,ליטר,false,12,8.90,8.9000,true,1,505014
8690558010044,false,נקטר תפוזים 40% דימס,,,נקטר תפוזים 1 ליטר,ליטרים,1.00,ליטר,false,1,8.90,8.9000,true,1,505015
8690558013236,false,נקטר פרוטמיקס דימס 1,,,נקטר מיקס צהוב 1 ליט,ליטרים,1.00,ליטר,false,12,8.90,8.9000,true,1,505016
8690637073373,false,תה ארל גריי בטעם ברגמוט ליפטון 25 שקיקים,יונילוור - תורכיה,TR,"תה ""ליפטון"" ארל גריי25שקיות",גרמים,50.00,100 גרם,false,1,8.90,17.8000,true,1,462023
8690637073434,false,תה ליפטון ארל גריי 100 שקיקים,ליפטון Lipton,,"תה ""ליפטון"" ארל גריי",גרמים,200.00,100 גרם,false,1,21.90,10.9500,true,1,462024
8690637503856,false,ממרח הלמנס כ- 40% פחות שומן לעומת מיונז,הלמנס hellmann's,TR,ממרח הלמנס בק לחיץ 355 גר,גרמים,355.00,100 גרם,false,8,12.90,3.6338,true,1,515979
8690637505607,false,בדין אקסטרה מרכך כביסה בניחוח פינוק כחול,יוניליוור סנאיי וי ט,TR,מרכך כביסה בדין אקסטרה פינוק קלאסי 960,מיליליטרים,960.00,"100 מ""ל",false,16,14.90,1.5521,true,1,519287
8690637505614,false,"מרכך כביסה אקסטרא פינוק קוקוס 960 מ""ל בדין",יוניליוור סנאיי וי ט,TR,מרכך כביסה בדין אקסטרה פינוק קוקוס 960 מ,מיליליטרים,960.00,"100 מ""ל",false,16,14.90,1.5521,true,1,519288
8690637555084,false,"בדין - מרכך כביסה אקסטרה לבן 960 מ""ל",יוניליוור סנאיי וי ט,TR,"מרכך כביסה ""בדין"" אקסטרה תפוז 960מל",מיליליטרים,960.00,"100 מ""ל",false,1,14.90,1.5521,true,1,462048
8690637688195,false,ליפטון תה ירוק מעטפות קלאסי 30 ג',יונילוור - תורכיה,TR,תה ירוק קלאסי 30גר,גרמים,30.00,100 גרם,false,1,16.90,56.3333,true,1,475026
8690637704376,false,שמפו יום יומי לשיער רגיל,יוניליוור טורקיה. אז,TR,שמפו דאב יום יומי 600מל,מיליליטרים,600.00,"100 מ""ל",false,1,15.90,2.6500,true,1,477571
8690637704390,false,"מרכך לשיער רגיל 600 מ""ל דאב",יוניליוור טורקיה. אז,TR,מרכך דאב יום יומי 600מל,מיליליטרים,600.00,"100 מ""ל",false,1,15.90,2.6500,true,1,477572
8690637835643,false,תה ליפטון ירוק לואיזה לימונית 20יח',יונילוור - תורכיה,TR,תה ירוק לואיזה ולימונית 30 גר,גרמים,30.00,100 גרם,false,1,16.90,56.3333,true,1,493756
8690637842382,false,מגנום דאבל פרי יער 85 ג',"מיוצר ע""י יונילוור ס",TR,גלידת מגנום דאבל פרי יער,Unknown,0.00,Unknown,false,1,9.90,0.0000,true,1,497589
8690637842399,false,מאגדת מגנום מיני דאבל פרי יער שוקולד 6 יח' נסטלה,יוניליוור סנאי וי סי,TR,שלגון שמנת בטעם וניל מצופה עם פירות יער,גרמים,379.00,100 גרם,false,1,27.90,7.3615,true,1,497469
8690637858734,false,"סיף - ג'ל אקונומיקה לימון 750 מ""ל",יונילוור טורקיה,TR,"סיף גל אקונומיקה לימון 750 מ""ל",מיליליטרים,750.00,"100 מ""ל",false,1,10.90,1.4533,true,1,499879
8690637858758,false,"סיף ג'ל אקונומיקה אורנים 750 מ""ל",יוניליוור,,"סיף גל אקונומיקה אורנים 750 מ""ל",מיליליטרים,750.00,"100 מ""ל",false,1,10.90,1.4533,true,1,499880
8690637865589,false,"דאב תרחיץ ידיים בניחוח מלפפונים 500 מ""ל",,,"סבון ידיים דאב מלפפון 500 מ""ל",מיליליטרים,500.00,"100 מ""ל",false,1,14.90,2.9800,true,1,504646
8690637866654,false,תה ירוק קלאסי ליפטון 50 שקיקים 75ג',,,תה ירוק ויסוצקי קלאסי 50 יח,Unknown,0.00,Unknown,false,1,24.90,0.0000,true,1,503399
8690637871245,false,הלמנס מיונז אמיתי 395 גר' בקבוק לחיץ.,יוניליוור,TR,מיונז הלמנס אמיתי לחיץ 395 גר,גרמים,395.00,100 גרם,false,8,12.90,3.2658,true,1,505671
8690637890666,false,מאגדת מגנום מיני דאבל פיסטוק 6 יח' שטראוס,יוניליוור סנאיי וי ט,TR,מאגדת מגנום דאבל פיסטוק 282 גר,גרמים,282.00,100 גרם,false,4,27.90,9.8936,true,1,505408
8690637916977,false,מרכך עם שמן קוקוס וכורכום למראה שיער משוקם,יונילוור - תורכיה,TR,מרכך דאב קוקוס 600 מל,מיליליטרים,600.00,"100 מ""ל",false,16,15.90,2.6500,true,1,506965
8690637946301,false,"בדין - מרכך כביסה אקסטרא בייביי כחול 960 מ""ל",יוניליוור סנאיי וי ט,TR,מרכך כביסה בדין אקסטרה בייבי כחל 960 מל,מיליליטרים,960.00,"100 מ""ל",false,16,14.90,1.5521,true,1,511794
8690637946318,false,"בדין מרכך כביסה אקסטרא בייבי צהוב 960מ""ל",יוניליוור סנאיי וי ט,TR,מרכך כביסה בדין אקסטרה בייבי,מיליליטרים,960.00,"100 מ""ל",false,16,14.90,1.5521,true,1,511793
8690637971310,false,"מרכך כביסה אקסטרה בניחוח יערת הדבש 960 מ""ל בדין",יוניליוור סנאיי וי ט,TR,מרכך כביסה בדין אקסטרה יערת דבש 960 מל,מיליליטרים,960.00,"100 מ""ל",false,16,14.90,1.5521,true,1,514001
8690637976995,false,"בדין - מרכך כביסה אקסטרא ורוד סחלבים פראי 960 מ""ל",יוניליוור סנאיי וי ט,TR,מרכך כביסה בדין אקסטרה ורוד 960 מל,מיליליטרים,960.00,"100 מ""ל",false,16,14.90,1.5521,true,1,514002
8690637987298,false,"ספריי לניקוי כללי ללא אקונומיקה 750 מ""ל",יוניליוור,TR,ספריי דומסטוס אלוורה 750 מל,מיליליטרים,750.00,"100 מ""ל",false,1,11.90,1.5867,true,1,516895
8690637989612,false,מאגדת מגנום מיני דאבל דולצ'ה גולד 246 ג',יונילוור סנאיי וי טי,TR,מאגדת מיני מגנום דאבל דולצה גולד 246 גר,גרמים,246.00,100 גרם,false,4,27.90,11.3415,true,1,517391
8690637989629,false,מגנום דאבל דולצ'ה גולד63ג',יונילוור סנאיי וי טי,TR,גלידת מגנום דאבל דולצה גולד אימפלס,גרמים,63.00,100 גרם,false,20,9.90,15.7143,true,1,517393
8690757002376,false,"משחה להברקת נעליים עם ספוג 50 SILVERמ""ל-צבע שחור",סילבר Silver,,משחה להברקת נעליים צבע שחור עם ספוג 50מל,יחידה,1.00,יחידה,false,1,6.90,6.9000,true,1,476741
8690757002444,false,"נוזל להברקת נעליים שחור 75 SILVERמ""ל",סילבר Silver,,נוזל להברקת נעליים שחור 75מל,יחידה,1.00,יחידה,false,1,7.90,7.9000,true,1,476746
8690757002475,false,ספוג להברקת נעליים גדול SILVER -נטורל,סילבר Silver,,נוזל להברקת נעליים גדול,יחידה,1.00,יחידה,false,1,7.90,7.9000,true,1,476749
8690758961030,false,צמר גפן כדורי אסותא,,,צמר גפן כדורי אסותא 100 יח,Unknown,0.00,Unknown,false,15,8.90,0.0000,true,1,521690
8690766156367,false,שוקולד גודייבה חלב מעולה 90 גר,"אולקר מקבוצת פלאדיס,",TR,שוקולד גודיבה חלב מעולה 90 גר,גרמים,90.00,100 גרם,false,1,14.90,16.5556,true,1,509932
8690766156374,false,שוקולד גודייבה מריר 72% מוצרי קקאו 90 גר,"אולקר מקבוצת פלאדיס,",TR,שוקולד גודיבה מריר מעולה 72% 90 גר,גרמים,90.00,100 גרם,false,1,14.90,16.5556,true,1,509934
8690766156381,false,שוקולד גודייבה מריר מעולה 90% קקאו 90 גר,"אולקר מקבוצת פלאדיס,",TR,שוקולד גודיבה מריר מעולה 90% 90 גר,גרמים,90.00,100 גרם,false,1,14.90,16.5556,true,1,509935
8690766156398,false,שוקולד חלב מעולה בתוספת שברי שקדים קלויים דבש ומלח 90ג',"אולקר מקבוצת פלאדיס,",TR,שוקולד גודיבה חלב מעולה עם שקדים דבש,גרמים,90.00,100 גרם,false,1,14.90,16.5556,true,1,509937
8690766156404,false,שוקולד מריר מעולה גודייבה תפוז אדום 90 גרם,גודייבה,TR,שוקולד גודיבה מריר מעולה בטעם תפוז אדום,גרמים,90.00,100 גרם,false,1,14.90,16.5556,true,1,509933
8690766156411,false,שוקולד מריר מעולה בטעם פלפל ורוד עם חתיכות תות מסוכר 90ג',"אולקר מקבוצת פלאדיס,",TR,שוקולד גודיבה מריר מעולה בטעם פלפל תות,גרמים,90.00,100 גרם,false,1,14.90,16.5556,true,1,509936
8690777203012,false,פלפל ירוק כבוש לא חריף סארה 600ג',יוליניבר,TR,פלפל ירוק כבוש ללא ח,גרמים,600.00,100 גרם,false,1,11.90,1.9833,true,1,462060
8690777204071,false,פלפלים כבושים - חריפים,יוליניבר,TR,"פלפל חריף 640 גר""",גרמים,640.00,100 גרם,false,1,11.90,1.8594,true,1,462061
8690777206051,false,חצילים קלויים על האש סארה 650 גר',קוראהן פזלרמה וי דיס,TR,חציל קלוי על האש 650,גרמים,650.00,100 גרם,false,1,11.90,1.8308,true,1,462063
8690777221405,false,פלפל אדום קלוי על האש סארה 650גרם,קוראהן פזלרמה וי דיס,TR,פלפל אדום קלוי על הא,גרמים,650.00,100 גרם,false,1,11.90,1.8308,true,1,462065
8690784516440,false,"דאק נוזל ג'ל לניקוי מתקדם בניחות לבנדר 750 מ""ל",SC Jonson,,"דאק גל לניקוי מתקדם בניחוח לבנדר 750 מ""ל",מיליליטרים,750.00,"100 מ""ל",false,1,9.90,1.3200,true,1,496483
8690784614665,false,סבון דאק לניקוי אסלה בניחוח ים נתלה,טואלט דאק Toilet Duck,PL,סבון דאק ניקוי אסלה בניחוח ים,Unknown,0.00,Unknown,false,1,5.90,0.0000,true,1,499838
8690784616775,false,סבון ניקוי לאסלה דאק 4ב-1 בלו,טואלט דאק Toilet Duck,,ניקוי אסלה דאק אקווה בלו 4 ב 1,Unknown,0.00,Unknown,false,12,7.90,0.0000,true,1,503328
8690784711777,false,דאק סבון אקטיבי בתוספת אקונומיקה מקציפה בניחוח ים,טואלט דאק Toilet Duck,,סבון נוזלי אקטי דאק ניקוי אסלה בניחוח ים,Unknown,0.00,Unknown,false,1,5.90,0.0000,true,1,506619
8690792016512,false,ריבת פטל שחור 700 גר,,,ריבת פטל שחור 700 גר,גרמים,700.00,100 גרם,false,1,19.90,2.8429,true,1,525144
8690792027785,false,ריבת דובדבן 700 גר,,,ריבת דובדבן 700 גר,גרמים,700.00,100 גרם,false,1,19.90,2.8429,true,1,525148
8690792027792,false,ריבת תות 700 גר,,,ריבת תות 700 גר,גרמים,700.00,100 גרם,false,1,19.90,2.8429,true,1,525146
8690799021595,false,ריבת תות 1 קג,בוזטופרק גידה סאנאי,,"ריבת תות 1 ק""ג",קילוגרמים,1.00,"ק""ג",false,1,22.90,22.9000,true,1,467501
8690799021618,false,ריבת דובדבן 1 קג,בוזטופרק גידה סאנאי,,"ריבת דובדבן 1 ק""ג",קילוגרמים,1.00,"ק""ג",false,1,22.90,22.9000,true,1,467498
8690799021625,false,ריבת פירות יער 1 קג,בוזטופרק גידה סאנאי,,"ריבת פירות יער 1 ק""ג",קילוגרמים,1.00,"ק""ג",false,1,22.90,22.9000,true,1,467499
8690799021847,false,ריבת משמש 1 קג,בוזטופרק גידה סאנאי,,"ריבת משמש 1 ק""ג",קילוגרמים,1.00,"ק""ג",false,6,22.90,22.9000,true,1,471947
8690799021854,false,ריבת אוכמניות שחורות,בוזטופרק גידה סאנאי,,"ריבת אוכמניות 1 ק""ג",קילוגרמים,1.00,"ק""ג",false,6,22.90,22.9000,true,1,471946
8690799022875,false,ריבת שזיפים 1 קג,בוזטופרק גידה סאנאי,,"ריבת שזיפים 1 ק""ג",קילוגרמים,1.00,"ק""ג",false,6,22.90,22.9000,true,1,506629
8690799022899,false,ריבת תפוזים מתין 1 ק,בוזטופרק גידה סאנאי,,"ריבת תפוזים 1 ק""ג",קילוגרמים,1.00,"ק""ג",false,6,22.90,22.9000,true,1,508906
8690799023018,false,ריבת דובדבנים לבנים,בוזטופרק גידה סאנאי,,ריבת דובדבנים לבנים 1 קג,קילוגרמים,1.00,"ק""ג",false,6,22.90,22.9000,true,1,514262
8690799023025,false,ריבת משמש עם תפוזים,בוזטופרק גידה סאנאי,,ריבת משמש עם תפוזים 1 קג,קילוגרמים,1.00,"ק""ג",false,6,22.90,22.9000,true,1,514263
8690799023216,false,ריבת תות שדה ודובדבן,,,ריבת תות שדה ודובדבן,Unknown,0.00,Unknown,false,1,22.90,0.0000,true,1,524982
8691058141238,false,ערמונים שלמים קלויים וקלופים 100 ג' Avel,,,ערמונים אבאל שלמים קלויים וקלופים 100 גר,גרמים,100.00,100 גרם,false,1,4.90,4.9000,true,1,496360
8691530924670,false,סירופ רימונים נטורסא,נטורסן,TR,סירופ רימונים נטורסאן 345 גרם,גרמים,345.00,100 גרם,false,1,19.90,5.7681,true,1,513357
8691707036014,false,ממתק אוזמו ביצת הפתע,,,ממתק אוזמו ביצת הפתעה 20 גר,גרמים,20.00,100 גרם,false,1,4.90,24.5000,true,1,526636
8691707066035,false,ממתק אוזמו בורגר 40,,,ממתק אוזמו בורגר 40 גר,גרמים,40.00,100 גרם,false,1,3.90,9.7500,true,1,526630
8691707088006,false,ממתק אוזמו גו 30 גר,,,ממתק אוזמו גו 30 גר,גרמים,30.00,100 גרם,false,1,4.90,16.3333,true,1,526637
8691707590042,false,ממתק אוזמו טילון 3+1,,,ממתק אוזמו טילון 3+1 100 גר,גרמים,100.00,100 גרם,false,1,6.90,6.9000,true,1,526641
8693495051255,false,זוג מברשות שיניים מוזהבות Slimsoft Mikrolince,קולגייט - פלמוליב,CN,זוג מברשות שיניים קולגייט סלים סופט זהב,Unknown,0.00,Unknown,false,1,29.90,0.0000,true,1,493966
8693495052177,false,תחליב רחצה זיתים ואלוורה,קולגייט פלמוליב,TR,"סבון נוזלי פלמוליב זיתים 750 מ""ל",מיליליטרים,750.00,"100 מ""ל",false,1,18.90,2.5200,true,1,496103
8693495052931,false,זוג מברשות שיניים אדוונסט 360 לניקוי כל חלל הפה,קולגייט פלמוליב,CN,זוג מברשות שיניים קולגייט 360 אדוונס,Unknown,0.00,Unknown,false,12,29.90,0.0000,true,1,506486
8694732009381,false,סבון לאסלה אסותא בני,,,סבון לאסלה אסותא בניחוח אורנים שלישייה,Unknown,0.00,Unknown,false,1,9.90,0.0000,true,1,510493
8695876200818,false,בוטנים קלויים עם מלח,,,בוטנים קלויים עם מלח 150 גר,גרמים,150.00,100 גרם,false,1,9.90,6.6000,true,1,526229
8697040108975,false,אסותא סבון נוזלי להיגיינה אישית 1/12,,,"סבון נוזלי אסותא להיגיינה אישית 400 מ""ל",מיליליטרים,400.00,"100 מ""ל",false,1,21.90,5.4750,true,1,486248
8697040108982,false,אסותא סבון נוזלי לש.אינטמ,,,"סבון נוזלי אסותא נשי יום יומי 400 מ""ל",מיליליטרים,400.00,"100 מ""ל",false,1,21.90,5.4750,true,1,486249
8697040109323,false,אסותא סבון מוצק להיגיינה,אטש סונמז,,סבון אסוטא 100 גר,גרמים,100.00,100 גרם,false,1,5.90,5.9000,true,1,481351
8697040109859,false,אסותא סבון נוזלי משא,,,אסותא סבון נוזלי 1 ל משאבה סגול,ליטרים,1.00,ליטר,false,12,9.90,9.9000,true,1,514954
8697040109866,false,אסותא סבון נוזלי משא,,,אסותא סבון נוזלי 1 ל משאבה ירוק,ליטרים,1.00,ליטר,false,12,9.90,9.9000,true,1,514955
8697040109873,false,אסותא סבון נוזלי משא,,,אסותא סבון נוזלי 1 ל משאבה כחול,ליטרים,1.00,ליטר,false,12,9.90,9.9000,true,1,514956
8697040109880,false,אסותא סבון נוזלי משא,,,אסותא סבון נוזלי 1 ל משאבה כתום,ליטרים,1.00,ליטר,false,12,9.90,9.9000,true,1,514957
8697040109897,false,אסותא סבון נוזלי משא,,,אסותא סבון נוזלי 1 ל משאבה צהוב,ליטרים,1.00,ליטר,false,12,9.90,9.9000,true,1,514958
8697040109903,false,אסותא גל רחצה אלוורה,,,אסותא גל רחצה אלוורה 700 מל,מיליליטרים,700.00,"100 מ""ל",false,12,10.90,1.5571,true,1,514959
8697040109934,false,אסותא גל רחצה קוקוס,,,אסותא גל רחצה קוקוס 700 מל,מיליליטרים,700.00,"100 מ""ל",false,12,10.90,1.5571,true,1,514962
8697040109941,false,אסותא גל רחצה ורדים,,,אסותא גל רחצה ורדים 700 מל,מיליליטרים,700.00,"100 מ""ל",false,12,10.90,1.5571,true,1,514963
8697040109958,false,שמפו לשיער רגיל אסות,,,שמפו לשיער רגיל אסותא 700 מל,מיליליטרים,700.00,"100 מ""ל",false,1,10.90,1.5571,true,1,519790
8697040110053,false,גל רחצה שקדים אסותא,,,גל רחצה שקדים אסותא 700 מל,מיליליטרים,700.00,"100 מ""ל",false,1,10.90,1.5571,true,1,519788
8697040110060,false,גל רחצה יוגורט וניל,,,גל רחצה יוגורט וניל אסותא 700 מל,מיליליטרים,700.00,"100 מ""ל",false,1,10.90,1.5571,true,1,519789
8697406274702,false,עגבניות מרוסקות פאסט,חטיפים מן הטבע,,עגבניות מרוסקות פאסטה 700 גר,גרמים,700.00,100 גרם,false,1,8.90,1.2714,true,1,525695
8697418280104,false,עלי טורטייה 1.1 קג,,,"עלי טורטייה 1.1 ק""ג",קילוגרמים,1.10,"ק""ג",false,1,27.90,25.3636,true,1,513365
8697418280173,false,עלי טורטייה מחיטה מל,פרינסס גידה,TR,עלי טורטייה מחיטה מלאה 840 גרם,גרמים,840.00,100 גרם,false,1,24.90,2.9643,true,1,513366
8697418280333,false,שערות קדאיף מיובשות,פרנסס און וה,TR,שערות קדאיף יבש 500 גר,גרמים,500.00,100 גרם,false,1,19.90,3.9800,true,1,513280
8697418280487,false,עלי טורטייה עם קמח ת,פצקה אזורו,TR,עלי טורטייה עם קמח תירס 540 גרם,גרמים,540.00,100 גרם,false,1,19.90,3.6852,true,1,513364
8697420671747,false,זית ירוק מגולען צרוב,,,זית ירוק מגולען צרוב בעשבי תיבול 400 גר,גרמים,400.00,100 גרם,false,12,31.90,7.9750,true,1,523116
8697431460217,false,קונפיטורה 70% תפוזים 450 ג' FRUPPA,פרוטנגו Fruitango,,קונפיטורת תפוזים 70%,גרמים,450.00,100 גרם,false,1,12.90,2.8667,true,1,465231
8697431460378,false,קונפיטורה70% שזיף 450 ג' FRUPPA,פרוטנגו Fruitango,,קונפיטורה שזיפים 70%,גרמים,450.00,100 גרם,false,1,12.90,2.8667,true,1,465234
8697431925143,false,קונפיטורה 70% פירות יער 450 ג' FRUPPA,פרוטנגו Fruitango,,קונפיטורה פירות יער 450 גר,גרמים,450.00,100 גרם,false,1,12.90,2.8667,true,1,476356
8697530910743,false,סיגריות פאל מאל כחול קצר מטאליק,Unknown,,פאל מאל כחול,Unknown,0.00,Unknown,false,1,30.00,0.0000,false,1,465255
8697530910750,false,סיגריות פאל מאל כחול ארוך האוס,Unknown,,פאל מאל כחול ארוך,Unknown,0.00,Unknown,false,1,30.00,0.0000,false,1,465256
8697530910781,false,סיגריות פאל מאל אדום מטאליק,גלוברנדס,,פאל מאל אדום,Unknown,0.00,Unknown,false,1,30.00,0.0000,false,1,465259
8697659224042,false,מטהר אוויר 400 מ'ל OCEAN,אטאק,,"מטהר אוויר אושן 400 מ""ל",מיליליטרים,400.00,"100 מ""ל",false,1,10.90,2.7250,true,1,489939
8697659224066,false,מטהר אוויר 400 מ'ל TROPICAL,אטאק,,"מטהר אוויר טרופיקל 400 מ""ל",מיליליטרים,400.00,"100 מ""ל",false,1,10.90,2.7250,true,1,489940
8697659225179,false,מטהר אוויר עלי נענע,ATAK,,"מטהר אוויר עלי נענע פירות יער 250 מ""ל",מיליליטרים,250.00,"100 מ""ל",false,1,12.90,5.1600,true,1,492306
8697659225186,false,"מטהר אויר כותנה 250 מ""ל",כפרי בריא,TR,"מטהר אוויר יעקובי משב הכותנה 250 מ""ל",מיליליטרים,250.00,"100 מ""ל",false,1,12.90,5.1600,true,1,492304
8697659229818,false,מטהר אוויר יעקובי פר,ATAK,,מטהר אוויר יעקובי פרש מור פטל ותאנה,מיליליטרים,250.00,"100 מ""ל",false,1,12.90,5.1600,true,1,500860
8697659229825,false,מטהר אוויר יעקובי פר,ATAK,,מטהר אוויר יעקובי פרש מור וניל וסחלב 250,מיליליטרים,250.00,"100 מ""ל",false,1,12.90,5.1600,true,1,500861
8697659229832,false,"פרש אנד מור מילוי למטהר אוויר - ווניל ועץ פראי, 250 מ""ל",ATAK,,מטהר אוויר יעקובי פרש מור וניל ועץ פראי,מיליליטרים,250.00,"100 מ""ל",false,1,12.90,5.1600,true,1,500862
8697659243166,false,מטהר אוויר פרש מור פ,רלוי,,מטהר אוויר פרש מור פרחי גינה 300 מל,מיליליטרים,300.00,"100 מ""ל",false,1,11.90,3.9667,true,1,519403
8697659244385,false,מילוי מטהר אוויר בני,,,מילוי מטהר אוויר בניחוח ורדים אסותא,Unknown,0.00,Unknown,false,1,8.90,0.0000,true,1,519802
8697659244408,false,מילוי מטהר אוויר בני,,,מילוי מטהר אוויר בניחוח יסמין אסותא,Unknown,0.00,Unknown,false,1,8.90,0.0000,true,1,519803
8697659244415,false,מילוי מטהר אוויר בני,,,מילוי מטהר אוויר בניחוח ויולט אסותא,Unknown,0.00,Unknown,false,1,8.90,0.0000,true,1,519804
8697659244538,false,ספריי מטהר אוויר אנט,,,ספריי מטהר אוויר אנטי טבק אסותא 300 מל,מיליליטרים,300.00,"100 מ""ל",false,1,9.90,3.3000,true,1,519815
8697826469092,false,טורטיה קטנה 540 גר' 12יח,דין שיווק,TR,"טורטיות ראפ בקוטר 20 ס""מ 45 גר",גרמים,540.00,100 גרם,false,1,8.90,1.6481,true,1,502689
8698313521538,false,גלידת שמנת בין שכבות,,,גלידת שמנת בין שכבות ביסקוויט 99 גר,גרמים,99.00,100 גרם,false,1,9.90,10.0000,true,1,523847
8698683781600,false,מגבוני טישו 1200 יח,,,מגבוני טישו 1200 יח רביעייה,Unknown,0.00,Unknown,false,1,11.90,0.0000,true,1,494374
8699141057138,false,ממתק אוזמו הופו 90 ג,,,ממתק אוזמו הופו 90 גר,גרמים,90.00,100 גרם,false,1,6.90,7.6667,true,1,526638
8699141058098,false,אוזמו אוגובוגו 30 גר,,,אוזמו אוגובוגו 30 גר,גרמים,30.00,100 גרם,false,1,1.90,6.3333,true,1,526651
8699141157104,false,ממתק אוזמו הופו 40 ג,,,ממתק אוזמו הופו 40 גר,גרמים,40.00,100 גרם,false,1,3.90,9.7500,true,1,526632
8699433690968,false,חומץ בלסמי 500 מל,,,חומץ בלסמי 500 מל,מיליליטרים,500.00,"100 מ""ל",false,1,12.90,2.5800,true,1,523318
8710418111213,false,עוגיות טעם חמאה ספרי,CONTINENTAL BAKERIES,,עוגיות טעם חמאה ספריטס 400 גר,גרמים,400.00,100 גרם,false,1,10.90,2.7250,true,1,465301
8710448569879,false,מיונז לחיץ רמייה 750,,,"מיונז לחיץ רמייה 750 מ""ל",מיליליטרים,750.00,"100 מ""ל",false,1,19.90,2.6533,true,1,510405
8710448580089,false,מיונז לחיץ רמייה 500,,,"מיונז לחיץ רמייה 500 מ""ל",מיליליטרים,500.00,"100 מ""ל",false,1,12.90,2.5800,true,1,510404
8710448588733,false,רוטב לסלט עשבי תיבול,,,רוטב לסלט עשבי תיבול רמייה 500 גר,גרמים,500.00,100 גרם,false,1,12.90,2.5800,true,1,510419
8710448588740,false,רוטב חרדל דבש רמייה,וואן האוטן,,"רוטב חרדל דבש רמייה 500 מ""ל",מיליליטרים,500.00,"100 מ""ל",false,1,12.90,2.5800,true,1,510417
8710448588764,false,רוטב לסלט עשבי תיבול,,,רוטב לסלט עשבי תיבול רמייה 500 גר,גרמים,500.00,100 גרם,false,1,12.90,2.5800,true,1,513115
8710448588771,false,רוטב איטלקי לסלט רמי,וואן האוטן,,"רוטב איטלקי לסלט רמייה 500 מ""ל",מיליליטרים,500.00,"100 מ""ל",false,1,12.90,2.5800,true,1,510418
8710448588788,false,רוטב קיסר רמיה 500 מ,,,רוטב קיסר רמיה 500 מל,מיליליטרים,500.00,"100 מ""ל",false,1,12.90,2.5800,true,1,517201
8710448593713,false,חרדל לחיץ רמייה 375,,,חרדל לחיץ רמייה 375 גר,גרמים,375.00,100 גרם,false,1,10.90,2.9067,true,1,517221
8710448595175,false,רוטב ברביקיו מעושן ב,,,"רוטב ברביקיו מעושן בלאק גק 450 מ""ל",מיליליטרים,450.00,"100 מ""ל",false,1,17.90,3.9778,true,1,510406
8710448595182,false,רוטב ברביקיו מעושן ד,,,רוטב ברביקיו מעושן דבש דלתון 450 מל,מיליליטרים,450.00,"100 מ""ל",false,1,18.90,4.2000,true,1,510407
8710448632696,false,רוטב אלף האיים רמיה,,,רוטב אלף האיים רמיה 500 מל,מיליליטרים,500.00,"100 מ""ל",false,1,12.90,2.5800,true,1,517202
8710448634331,false,מיונז ללא ביצים טבעו,,,מיונז ללא ביצים טבעוני רמייה 350 גר,גרמים,350.00,100 גרם,false,1,12.90,3.6857,true,1,510423
8710448634669,false,רוטב אנדלוס 650 מל,,,רוטב אנדלוס 650 מל,מיליליטרים,650.00,"100 מ""ל",false,1,19.90,3.0615,true,1,520509
8710448635239,false,מיונז כמהין לחיץ רמי,,,מיונז כמהין לחיץ רמייה 300 מל,מיליליטרים,300.00,"100 מ""ל",false,1,14.90,4.9667,true,1,517220
8710448692737,false,קטשופ לחיץ קטן רמיה,,,קטשופ לחיץ קטן רמיה 300 מל,מיליליטרים,300.00,"100 מ""ל",false,1,8.90,2.9667,true,1,517207
8710448692744,false,קטשופ קארי קטן רמיה,,,קטשופ קארי קטן רמיה 300 מל,מיליליטרים,300.00,"100 מ""ל",false,1,8.90,2.9667,true,1,517208
8710488190439,false,כרוב כבוש הולנד 850,,,כרוב כבוש הולנד 850 גר,גרמים,850.00,100 גרם,false,1,14.90,1.7529,true,1,517231
8710502064814,false,עוגיות שוקולד ציפס במרקם רך 175 ג',בנקטבקריי מרבה בי.וי,NL,עוגיות מרבה שוקולד ציפס במרקם רך,גרמים,175.00,100 גרם,false,1,8.90,5.0857,true,1,487162
8710502139017,false,עוגיות מרבה טריפל שוקולד שוקוצ'יפס 180ג',בנקטבקריי מרבה בי.וי,NL,"עוגיות מרבה""טריפל שוקולד צ""יפס 180 גר",גרמים,180.00,100 גרם,false,1,8.90,4.9444,true,1,465310
8710502194801,false,עוגיות שוקולד צ'יפס במרקם רך עם פירות יער,בנקטבקריי מרבה בי.וי,NL,עוגיות מרבה שוקולד ציפס פירות יער 175 גר,מיליליטרים,175.00,"100 מ""ל",false,1,8.90,5.0857,true,1,485912
8710502279003,false,עוגיות שוקולד צ'יפס מצופות 49% 180 ג' מרבה פטיסרי,,GR,עוגיות מרבה פטיסרי במילוי קרם אגוזים 200,גרמים,200.00,100 גרם,false,1,10.90,5.4500,true,1,525019
8710502279010,false,מרבה עוגיות שוקולד צ'יפס מצופות שוקולד 175 ג',"מרבה בע""מ",NL,עוגיות מרבה שוקולד ציפס מצופה 175 גר,גרמים,175.00,100 גרם,false,1,8.90,5.0857,true,1,515791
8710502405204,false,מרבה עוגיות שוקוציפס ממולא קרם שוקולד 175ג',קריניציה ויטמינה אס,NL,"עוגיות ""מרבה"" ממולאות קרם שוקולד 225 גר",גרמים,175.00,100 גרם,false,1,8.90,5.0857,true,1,472376
8710502470028,false,עוגיות שוקולד צ'יפס ממולאות בקרם נוגט,קריניציה ויטמינה אס,NL,עוגיות מרבה נוגטלי 225 גר,גרמים,160.00,100 גרם,false,1,8.90,5.5625,true,1,465313
8710522957769,false,מיונז בלגי צנצנת קאל,,,מיונז בלגי צנצנת קאלווה 650 מל,מיליליטרים,650.00,"100 מ""ל",false,1,24.90,3.8308,true,1,520391
8710739494897,false,וופל טוסט 12 יח 250,,,וופל טוסט 12 יח 250 גר,גרמים,250.00,100 גרם,false,12,12.90,5.1600,true,1,509057
8710847860829,false,"רקסונה - דאודורנט רול און לאישה כותנה 50 מ""ל",יוניליוור,,דאודורנט רקסונה רולאון כותנה 50 מל,מיליליטרים,50.00,"100 מ""ל",false,1,11.90,23.8000,true,1,511820
8710847942679,false,"טרזמה - שמפו שמן המפ 400 מ""ל",יוניליוור,PL,שמפו טרזמה שמן המפ 400 מל,מיליליטרים,400.00,"100 מ""ל",false,6,15.90,3.9750,true,1,519190
8710908326691,false,"דאב תחליב רחצה פיסטוק 750 מ""ל","יוניליוור גרמניה, gm",DE,"תחליב רחצה דאב אדמונית 750 מ""ל",מיליליטרים,750.00,"100 מ""ל",false,1,19.90,2.6533,true,1,483826
8710912637493,false,גבינה מעושנת פריקו קטן,פריזלנד,,גבינה מעושן קטן 200 גר,גרמים,200.00,100 גרם,false,1,24.90,12.4500,true,1,464924
8711000360606,false,קפסולות אספרסו רוז עוצמה 7,לור L'OR,FR,קפסולות קפה לור אספרסו רוז 10 יח,Unknown,0.00,Unknown,false,10,19.90,0.0000,true,1,511743
8711000362570,false,קפסולות אספרסו פורזה עוצמה 9,גיקובס דאו אגברטס צר,FR,קפסולות קפה לור אספרסו פורזה 10 יח,Unknown,0.00,Unknown,false,10,19.90,0.0000,true,1,501096
8711000362617,false,קפסולות אספרסו לונגו פרופונדו עוצמה 8,יוניליוור גרמניה Gm,FR,קפסולות קפה לור אספרסו לונגו 10 יח,Unknown,0.00,Unknown,false,10,19.90,0.0000,true,1,501098
8711000362631,false,קפסולות אספרסו אוניקס עוצמה 12,יוניליוור גרמניה Gm,FR,קפסולות קפה לור אספרסו אוניקס 10 יח,Unknown,0.00,Unknown,false,10,19.90,0.0000,true,1,501094
8711000362655,false,לור קפסולות קפה אספרסו אור אבס 52ג,קראפט,FR,קפסולות קפה לור אספרסו אבסולו 10 יח,Unknown,0.00,Unknown,false,10,19.90,0.0000,true,1,511742
8711000362679,false,קפסולות אספרסו קולומביה 10*52 ג' LOR,קריניציה ויטמינה אס,FR,קפסולות קפה לור אספרסו קולומביה 10 יח,Unknown,0.00,Unknown,false,8,19.90,0.0000,true,1,506582
8711000362747,false,קפסולות אספרסו ריסטרטו 10* 52 ג' LOR,גיקובס דאו אגברטס צר,FR,קפסולות קפה לור אספרסו ריסטרטו 10 יח,Unknown,0.00,Unknown,false,10,19.90,0.0000,true,1,501095
8711000371176,false,קפסולות קפה אספרסו קלאסיקו 10*52 ג' ג'ייקובס,קריניציה ויטמינה אס,FR,קפסולות קפה גייקובס אספרסו קלאסיקו 52 ג,גרמים,52.00,100 גרם,false,10,14.90,28.6538,true,1,503406
8711000371183,false,קפסולות קפה אספרסו אינטנסו 10*52 ג' ג'ייקובס,קריניציה ויטמינה אס,FR,קפסולות קפה גייקובס אספרסו אינטנסו 52 ג,גרמים,52.00,100 גרם,false,10,14.90,28.6538,true,1,503407
8711000371206,false,קפסולות קפה אספרסו ריסטרטו 10*52 ג' ג'ייקובס,קריניציה ויטמינה אס,FR,קפסולות קפה גייקובס אספרסו ריסטרטו 52 ג,גרמים,52.00,100 גרם,false,10,14.90,28.6538,true,1,503594
8711000371244,false,קפסולות קפה אספרסו לונגו 10*52 ג' ג'ייקובס,ג'ייקובס Jacobs,FR,קפסולות קפה לור אספרסו לונגו 10 יח,Unknown,0.00,Unknown,false,10,14.90,0.0000,true,1,509772
8711000397466,false,לור קפסולות קפה אספרסו ריסטרטו נטול קפאין,קריניציה ויטמינה אס,FR,קפסולות קפה לור אספרסו נטול קפאין 52 גר,גרמים,52.00,100 גרם,false,10,19.90,38.2692,true,1,503588
8711000431108,false,לור קפסולות קפה אספרסו הודו 52 גר,"ג'ייקובס דאו אגרבטס,",FR,קפסולות קפה לור אספרסו הודו 10 יח,Unknown,0.00,Unknown,false,10,19.90,0.0000,true,1,506584
8711000471296,false,לור קפסולות קפה אספרסו 13 אול 52ג,קראפט,FR,קפסולות קפה לור אספרסו אולטימו 10 יח,Unknown,0.00,Unknown,false,10,19.90,0.0000,true,1,511741
8711000472040,false,קפסולות קפה סלקשיין 10*52 ג' ג'ייקובס,ג'ייקובס Jacobs,FR,קפסולות קפה גייקובס אספרסו סלקשיין,גרמים,52.00,100 גרם,false,10,14.90,28.6538,true,1,519443
8711000495933,false,קפסולות קפה קלייה כהה 52ג' ג'ייקובס,JDE,FR,קפסולות קפה גייקובס בריסטה קלייה כהה 52,גרמים,52.00,100 גרם,false,10,16.90,32.5000,true,1,525847
8711000497050,false,קפסולות קפה קולומביה 52 ג' ג'ייקובס,JDE,FR,קפסולות קפה גייקובס בריסטה קולומביה 52 ג,גרמים,52.00,100 גרם,false,10,16.90,32.5000,true,1,525846
8711200425990,false,חמאת בוטנים קאלווה ל,יוניקורן פיקלס,NL,חמאת בוטנים קאלווה 350 גר,גרמים,350.00,100 גרם,false,1,16.90,4.8286,true,1,510702
8711200426034,false,חמאת בוטנים קאלווה ק,יוניקורן פיקלס,NL,חמאת בוטנים קאלווה קראנצ 350 גר,גרמים,350.00,100 גרם,false,1,16.90,4.8286,true,1,510400
8711200443789,false,חרדל גרגרים בקבוק לח,,FR,"חרדל גרגרים בקבוק לחיץ 235 מ""ל",גרמים,240.00,100 גרם,false,1,16.90,7.0417,true,1,504787
8711200443802,false,חרדל דיזון בקבוק לחי,,FR,"חרדל דיזון בקבוק לחיץ 235 מ""ל",מיליליטרים,235.00,"100 מ""ל",false,1,16.90,7.1915,true,1,504786
8711271101595,false,בצלי אמסטרדם 370 מל,,,בצלי אמסטרדם 370 מל,מיליליטרים,370.00,"100 מ""ל",false,1,14.90,4.0270,true,1,520518
8711327475618,false,פיינט וניל קלאסיק 260 ג' מגנום,"מפעל גלידות בווספרם,",HU,מגנום פיינט וניל קלאסיק 440 מל,מיליליטרים,440.00,"100 מ""ל",false,1,21.90,4.9773,true,1,516294
8711327475663,false,מגנום פיינט וניל שוקולד לבן 440X8מל,"מפעל גלידות בווספרם,",HU,מגנום פיינט וניל שוקולד לבן 440 מל,מיליליטרים,440.00,"100 מ""ל",false,1,21.90,4.9773,true,1,516292
8711327475717,false,מגנום פיינט וניל שקדים 440X8מל,"מפעל גלידות בווספרם,",HU,מגנום פיינט וניל שקדים 440 מל,מיליליטרים,440.00,"100 מ""ל",false,1,21.90,4.9773,true,1,516293
8711327475762,false,מגנום פיינט שוקולד לבן עוגיות 440X8מל,"מפעל גלידות בווספרם,",HU,מגנום פיינט שוקולד ךבן עוגיות 440 מל,מיליליטרים,440.00,"100 מ""ל",false,1,21.90,4.9773,true,1,516295
8711406137192,false,בירה לה טראפ טריפל 7,,,בירה לה טראפ טריפל 750מל,מיליליטרים,750.00,"100 מ""ל",false,1,29.90,3.9867,true,1,479091
8711700665834,false,דאב סבון מוצק מלפפון 6 יח'* 100 ג',יוניליוור גרמניה (בו,DE,סבון מוצק דאב מלפפונים שישייה,יחידה,1.00,יחידה,false,1,19.90,19.9000,true,1,466850
8712000050146,false,"בירה הייניקן 0% אלכהול 330 מ""ל -בודד","מבשלת היינקן, ריטבלד",NL,"בירה היינקן 330 מ""ל",מיליליטרים,330.00,"100 מ""ל",false,1,5.90,1.7879,true,1,498005
8712000051099,false,"בירה הייניקן 0% אלכהול 330 מ""ל*6 יח'",פארייפאבה אגרואינדוס,NL,"בירה היינקן 0%330 מ""ל שישייה",מיליליטרים,1980.00,"100 מ""ל",false,1,32.90,1.6616,true,1,497307
8712561594608,false,"דאב תחליב רחיצה להזנה עמוקה 750 מ""ל","יוניליוור גרמניה, Gm",DE,"תחליב רחצה דאב להזנה עמוקה 750 מ""ל",מיליליטרים,750.00,"100 מ""ל",false,1,19.90,2.6533,true,1,480164
8712561611411,false,תחליב רחצה מזין בניחוח מלפפון ותה ירוק,"יוניליוור גרמניה, Gm",DE,"תחליב רחצה דאב תה ירוק ומלפפון 750 מ""ל",מיליליטרים,750.00,"100 מ""ל",false,1,19.90,2.6533,true,1,480165
8712561626286,false,"דאב תחליב רחצה זוהר כמשי 750 מ""ל",יוניליוור,DE,"תחליב רחצה דאב זוהר כמשי 750 מ""ל",מיליליטרים,750.00,"100 מ""ל",false,1,19.90,2.6533,true,1,480166
8712561631570,false,"דאב סבון נוזלי חלב קוקוס 750מ""ל",יוניליוור,DE,"תחליב רחצה דאב חלב קוקוס 750 מ""ל",מיליליטרים,750.00,"100 מ""ל",false,1,19.90,2.6533,true,1,480167
8713800135248,false,סוכריות גומי יין רד,,,סוכריות גומי יין רד בנד 280 גר,גרמים,280.00,100 גרם,false,1,16.90,6.0357,true,1,527539
8714599104316,false,ג'ייקובס קפה שחור קלוי וטחון טורקי 200ג',ג'ייקובס Jacobs,,קפה שחור גייקובס קלוי וטחון טורקי 200 גר,גרמים,200.00,100 גרם,false,1,16.90,8.4500,true,1,509215
8714599410530,false,ג'ייקובס קרוננג שקית ריפיל 200ג',גייקובס,UA,קפה גייקובס קרוננג שקית 200 גר,גרמים,200.00,100 גרם,false,1,21.90,10.9500,true,1,493949
8714599410806,false,קפה נמס קרוננג בשקית עם סגירה חוזרת,ג'ייקובס Jacobs,RU,קפה גייקובס קרוננג ריפיל 160 גר עם סרירה,גרמים,160.00,100 גרם,false,9,19.90,12.4375,true,1,503593
8714599412336,false,קפה נמס בריסטה אמריקנו קלוי וטחון 160 ג' ג'ייקובס,ג'ייקובס דאו אגברטס,RU,קפה גייקובס בריסטה 160 גר,גרמים,160.00,100 גרם,false,1,27.90,17.4375,true,1,519439
8714599513781,false,קפה נמס גולד מיובש בהקפאה 200 ג' ג'ייקובס,אל.אל. סי ג''יקובס ד,RU,"יעקובס גולד מיובש בהקפאה 200 גר כשל""פ",גרמים,200.00,100 גרם,false,1,24.90,12.4500,true,1,482891
8714599513835,false,קפה ג'יקובס נטול קופאין מיובש בהקפאה 200 ג',ג'ייקובס Jacobs,,קפה יעקובס נטול קופאין 200 גר,גרמים,200.00,100 גרם,false,1,32.90,16.4500,true,1,485257
8714599513866,false,"ג'ייקובס קרוננג מיובש בהקפאה כשל""פ 200 ג'",אל.אל.סי גייקובס דאו,UA,"יעקובס קרוננג מיובש בהקפאה 200 גר כשל""פ",גרמים,200.00,100 גרם,false,1,26.90,13.4500,true,1,482890
8714789177229,false,מברשת שיניים אקסטרה קלין מדיום - מארז רביעיה,הנסיך- מפעל לייצור ט,CN,"מברשת שיניים ""קולגיי",Unknown,0.00,Unknown,false,1,9.90,0.0000,true,1,465402
8714789218465,false,קולגייט מברשת שיניים 360 סופט זוג,הנסיך- מפעל לייצור ט,CN,"מברשת שיניים ""קולגיי",Unknown,0.00,Unknown,false,1,29.90,0.0000,true,1,465407
8714789303925,false,מברשת שיניים 360 Sensitive אקסטרא סופט - מארז זוג,קולגייט- פלמוליב,CH,"מברשת שיניים ""קולגיי",Unknown,0.00,Unknown,false,1,29.90,0.0000,true,1,465414
8714789402918,false,נוזל לניקוי כללי ולרצפה בניחוח פרחי בר,הנסיך- מפעל לייצור ט,GR,נוזל לניקוי כללי פרחים אדומים 1.5 ל,ליטרים,1.50,ליטר,false,1,17.90,11.9333,true,1,465417
8714789402932,false,נוזל לניקוי כללי ולרצפה בניחוח ורדים,הנסיך- מפעל לייצור ט,GR,נוזל לניקוי כללי פרחים ורד 1.5 ל,ליטרים,1.50,ליטר,false,,17.90,11.9333,true,1,465418
8714789402970,false,נוזל לניקוי כללי ולרצפה בניחוח פרחי אביב,הנסיך- מפעל לייצור ט,GR,"נוזל לניקוי כללי ""אג",ליטרים,1.50,ליטר,false,1,17.90,11.9333,true,1,465419
8714789450315,false,נוזל כלים בניחוח פריחת הלימון,הנסיך- מפעל לייצור ט,GR,נוזל כלים פלמוליב לימון 1.5ל,ליטרים,1.50,ליטר,false,1,14.90,9.9333,true,1,477768
8714789834467,false,פלמוליב נ.כלים 1.5 ליטר-מרכז,פלמוליב Palmolive,GR,נוזל כלים פלמוליב קלאסי 1.5ל,ליטרים,1.50,ליטר,false,1,14.90,9.9333,true,1,477767
8714789930848,false,"משחת שיניים אופטיק וויט אינסטנט 75 מ""ל קולגייט",הנסיך- מפעל לייצור ט,PL,"משחת שיניים ""קולגייט"" אופטיק וייט 75 מל",מיליליטרים,75.00,"100 מ""ל",false,1,19.90,26.5333,true,1,476273
8715035520301,false,פונזו רוטב יפני מסורתי מבוסס על רוטב סויה ולימון,קיקומן פודז יורופ בי,NL,רוטב קיקומן פונזו יפני מבוסס על רוטב סוי,מיליליטרים,250.00,"100 מ""ל",false,8,19.90,7.9600,true,1,505684
8715700110141,false,מיונז קרמי היינץ צנצנת 460ג',ה.י.היינץ הולדינג בי,NL,רוטב פסטו סאקלה בזיליקום עם גבינה 190 גר,גרמים,460.00,100 גרם,false,8,11.90,2.5870,true,1,495067
8715700110158,false,מיונז לייט היינץ צנצנת 490 גר',ה.י.היינץ הולדינג בי,NL,ממרח היינץ לייט צנצנת 490 גר,גרמים,490.00,100 גרם,false,1,11.90,2.4286,true,1,495068
8715700117805,false,"קטשופ היינץ מתבל עגבניות ללא תוספת סוכר ומלח 425 מ""ל",ה.י היינץ הולדינג בי,NL,"מתבל עגבניות היינץ ללא סוכר ומלח 425 מ""ל",מיליליטרים,425.00,"100 מ""ל",false,10,10.90,2.5647,true,1,510717
8715700416021,false,ממרח סנדוויץ מלפפוני,,,ממרח סנדוויץ מלפפונים היינץ 300 גר,גרמים,300.00,100 גרם,false,1,15.90,5.3000,true,1,510412
8715700419695,false,רוטב היינץ ברביקיו מ,היינץ Heinz,,רוטב היינץ ברביקיו מתוק 500 גר,גרמים,500.00,100 גרם,false,1,16.90,3.3800,true,1,495065
8715700419732,false,מתבל עגבניות היינץ 7,ה.י. היינץ,NL,קטשופ היינץ 700 גר,גרמים,700.00,100 גרם,false,1,11.90,1.7000,true,1,474695
8715700421032,false,ממרח סנדוויץ טבעי הי,,,ממרח סנדוויץ טבעי היינץ 300 גר,גרמים,300.00,100 גרם,false,1,15.90,5.3000,true,1,510413
8715700421322,false,רוטב ברביקיו עם צ'ילי,היינץ Heinz,,רוטב היינץ ברביקיו צילי 490 גר,גרמים,490.00,100 גרם,false,1,16.90,3.4490,true,1,495064
8715700422473,false,ממרח מיונז ללא חומרים משמרים 395 ג' היינץ,היינץ Heinz,NL,ממרח היינץ לחיץ 395 גר,גרמים,395.00,100 גרם,false,1,14.90,3.7722,true,1,488224
8715700423906,false,קטשופ מתובל עגבניות 50% פחות סוכר 555ג' היינץ,היינץ צפון אמריקה מק,NL,מתבל עגבניות היינץ 50% פחות סוכר 555 גר,גרמים,550.00,100 גרם,false,1,10.90,1.9818,true,1,497107
8716000968951,false,ליקר ביצים בולס 500,קוימנס,,ליקר ביצים בולס 500,מיליליטרים,500.00,"100 מ""ל",false,1,59.90,11.9800,true,1,504438
8716695413873,false,רסק תפוע 720 גר,,,"רסק תפו""ע 720 גר",גרמים,720.00,100 גרם,false,1,10.90,1.5139,true,1,511099
8716695882877,false,רסק תפוח ללא סוכר 36,,,רסק תפוח ללא סוכר 360 גר,גרמים,360.00,100 גרם,false,1,7.90,2.1944,true,1,520516
8717038900562,false,וודקה פורטי סופר פרי,מזקקת גורגיבסקי,IL,"וודקה פורטי 750 מ""ל כשל""פ",מיליליטרים,750.00,"100 מ""ל",false,1,89.90,11.9867,true,1,483567
8717163607305,false,סבון מוצק גרגירים 4 *100 ג' דאב,יוניליוור גרמניה (בו,DE,רביעיית סבון דאב גרג,גרמים,400.00,100 גרם,false,1,12.90,3.2250,true,1,465459
8717163647226,false,"ספריי גוף בלאק 150 מ""ל אקס",ארנסט. רחוב קומבינצק,TR,"דאו ספריי אקס בלאק 150 מ""ל",מיליליטרים,150.00,"100 מ""ל",false,6,14.90,9.9333,true,1,506523
8717163647233,false,"אקס ספריי גוף בלאק נייט 150 מ""ל",ארנסט. רחוב קומבינצק,RU,דאודורנט אקס ספריי בלאק נייט 150 מל,מיליליטרים,150.00,"100 מ""ל",false,1,11.90,7.9333,true,1,512191
8717163647240,false,"אקס דאודורנט ספריי גוף לגבר שוקולד 150 מ""ל",ארנסט. רחוב קומבינצק,TR,"דאודורנט אקס ספריי שוקולד150 מ""ל",מיליליטרים,150.00,"100 מ""ל",false,6,11.90,7.9333,true,1,506524
8717163647257,false,"אקס ספריי גוף גולד 150 מ""ל",יוניליוור,,דאודורנט אקס ספריי גולד 150 מל,מיליליטרים,150.00,"100 מ""ל",false,1,11.90,7.9333,true,1,511818
8717163647264,false,"אקס ספריי גוף אייס צ'יל 150 מ""ל",יוניליוור,GB,"דאו אקס אייס צילי ספריי לגבר 150 מ""ל",מיליליטרים,150.00,"100 מ""ל",false,6,14.90,9.9333,true,1,505688
8717163648667,false,"אקס 2ב-ג' רחצה אייס צ'יל400 מ""ל",יוניליוור,GB,"גל רחצה אקס לגבר אייס ציל 400 מ""ל",מיליליטרים,400.00,"100 מ""ל",false,12,9.90,2.4750,true,1,504628
8717163655825,false,"רקסונה דאו' ספריי לנשים בניחוח כותנה, 150 מ""ל",יוניליוור,,דאודורנט רקסונה ספריי כותנה 150 מל,מיליליטרים,150.00,"100 מ""ל",false,1,11.90,7.9333,true,1,511817
8717163663493,false,"רקסונה - דאודורנט ספריי לגבר קובלט דריי 150 מ""ל",יוניליוור,,דאודורנט רקסונה מן ספריי קובלט דריי 150,מיליליטרים,150.00,"100 מ""ל",false,1,11.90,7.9333,true,1,511816
8717163711668,false,"דאודורנט רקסונה ספריי נשים טלק 150 מ""ל",יוניליוור,,דאודורנט רקסונה ספריי טלק 150 מל,מיליליטרים,150.00,"100 מ""ל",false,1,11.90,7.9333,true,1,511815
8717644390566,false,סבון מוצק ירוק מלפפון 4* 100 ג' דאב,יוניליוור גרמניה (בו,DE,"סבון מוצק ""דאב"" ירוק",גרמים,400.00,100 גרם,false,1,12.90,3.2250,true,1,465461
8717677336593,false,טוניס שוקולד חלב 180 גרם רבנות - נוכרי,טוניס Tony's,,שוקולד חלב טוניס 180 גר,גרמים,180.00,100 גרם,false,1,19.90,11.0556,true,1,523550
8717677336616,false,טוניס שוקולד מריר+שקדים ומלח 180 גרם רבנות - נוכרי,אלפרד ריטר,NL,שוקולד מריר שקדים ומלח טוניס 180 גר,גרמים,180.00,100 גרם,false,1,19.90,11.0556,true,1,523554
8717677336630,false,שוקולד חלב מעולה שקדים ודבש 180 גרם,אלפרד ריטר,NL,שוקולד חלב עם שקדים ודבש טוניס 180 גר,גרמים,180.00,100 גרם,false,1,19.90,11.0556,true,1,523552
8717677336661,false,טוניס שוקולד מריר מעולה 70% 180 גרם רבנות - נוכרי,אלפרד ריטר,NL,שוקולד מריר טוניס 180 גר,גרמים,180.00,100 גרם,false,1,19.90,11.0556,true,1,523553
8717903961254,false,רוטב טורקי שווארמה 2,,,רוטב טורקי שווארמה 265 מל,מיליליטרים,265.00,"100 מ""ל",false,1,12.90,4.8679,true,1,517204
8717903962459,false,רוטב נורווגי חרדל שמ,,,רוטב נורווגי חרדל שמיר 265 מל,מיליליטרים,265.00,"100 מ""ל",false,1,12.90,4.8679,true,1,517205
8718104900028,false,בירה רואיל דאצ 12% פ,,,"בירה רואיל דאצ 12% פח 500 מ""ל",מיליליטרים,500.00,"100 מ""ל",false,1,8.90,1.7800,true,1,496295
8718104903159,false,בירה רואיל דאצ 14% פ,,,"בירה רואיל דאצ 14% פח 500 מ""ל",מיליליטרים,500.00,"100 מ""ל",false,1,9.90,1.9800,true,1,496296
8718104903326,false,בירה רואיל דאצ 16% פ,,,"בירה רואיל דאצ 16% פח 500 מ""ל",מיליליטרים,500.00,"100 מ""ל",false,1,10.90,2.1800,true,1,496297
8718104917767,false,בירה בהירה מונסטר אי,,,בירה בהירה מונסטר איבי בלונד 500 מל,מיליליטרים,500.00,"100 מ""ל",false,1,9.90,1.9800,true,1,528364
8718104917774,false,בירה כהה מונסטר איבי,,,בירה כהה מונסטר איבי דאבל 500 מל,מיליליטרים,500.00,"100 מ""ל",false,1,9.90,1.9800,true,1,528365
8718114734484,false,מיונז מיילי 320 גרם,MAILLE,,מיונז מיילי 320 גר,גרמים,320.00,100 גרם,false,1,18.90,5.9062,true,1,496844
8718700495522,true,בסגנון גאודה פרוס 15,,,בסגנון גאודה פרוס 150 גר,גרמים,150.00,100 גרם,false,1,8.90,5.9333,true,1,500042
8718700495539,true,בסגנון אמנטל פרוס 15,,,בסגנון אמנטל פרוס 150 גר,גרמים,150.00,100 גרם,false,1,8.90,5.9333,true,1,500043
8718951079205,false,"קולגייט סנסיטיב פרו רליף רפיר פריוונט 75 מ""ל",קולגייט Colgate,,מש שיניים קולגייט סנסיטיב פרו ריליף רפיר,מיליליטרים,75.00,"100 מ""ל",false,1,19.90,26.5333,true,1,491248
8718951160897,false,תרסיס ניקוי אופטימל 7 מכיל אקונומיקה,קולגייט פלמוליב,GR,"אקונומיקה אגקס אופטימל 7 500 מ""ל",מיליליטרים,500.00,"100 מ""ל",false,1,12.80,2.5600,true,1,492704
8718951166288,false,משחת שיניים Max White קריסטלים לבנים,הנסיך- מפעל לייצור ט,PL,"משחת שיניים קולגייט מקס וייט 125 מ""ל",מיליליטרים,125.00,"100 מ""ל",false,12,16.90,13.5200,true,1,502349
8718951166561,false,משחת שיניים לרעננות מוגברת max fresh cooling crystals,הנסיך- מפעל לייצור ט,PL,"משחת שיניים קולגייט מקס פרש כחול 125 מ""ל",מיליליטרים,125.00,"100 מ""ל",false,12,16.90,13.5200,true,1,502348
8718951176874,false,"קולגייט מי פה מיניון 250 מ""ל",קולגייט-פלמוליב,PL,מי פה קולגייט מיניון 250 מל,מיליליטרים,250.00,"100 מ""ל",false,1,14.90,5.9600,true,1,519495
8718951236790,false,"קולגייט טוטאל משחת שיניים קלין מינט לפה בריא 100 מ""ל",קולגייט Colgate,PL,משחת שיניים קולגייט קלין מינט לפה בריא י,מיליליטרים,100.00,"100 מ""ל",false,48,15.90,15.9000,true,1,503465
8718951236806,false,"קולגייט טוטאל הלבנה להסרת כתמים מהשן 100 מ""ל",קולגייט Colgate,PL,משחת שיניים סמסייעת בהסרת כתמים משטח שן,מיליליטרים,100.00,"100 מ""ל",false,48,15.90,15.9000,true,1,503464
8718951236813,false,"קולגייט טוטאל משחת שיניים ניקוי מתקדם לפה בריא יותר 100 מ""ל",קולגייט Colgate,PL,משחת שיניים קולגייט טוטל ניקוי מתקדם 100,מיליליטרים,100.00,"100 מ""ל",false,48,15.90,15.9000,true,1,503463
8718951240742,false,"קולגייט טוטאל משחת שיניים פסים מרעננים 100 מ""ל",קולגייט Colgate,PL,משחת שיניים קולגייט פסים מרעננים לפה ברי,מיליליטרים,100.00,"100 מ""ל",false,48,15.90,15.9000,true,1,503466
8718951264618,false,"קולגייט אופטיק וייט פחם צ'רקול משחת שיניים, 75 מ""ל",קולגייט-פלמוליב,PL,מ שיניים קולגייט אופטיק וויטן פחם פעיל,מיליליטרים,75.00,"100 מ""ל",false,48,27.90,37.2000,true,1,511809
8718951286733,false,"קולגייט אופטיק וייט לסטינג וויט 75 מ""ל",קולגייט Colgate,PL,מ שיניים קולגייט אופטיק וייט לסטינג 75 מ,מיליליטרים,75.00,"100 מ""ל",false,48,27.90,37.2000,true,1,520117
8718951289833,false,פלמוליב סבון מוצק לומינוס 4*90 ג',קולגייט פלמוליב,TR,סבון מוצק פלמוליב לומינוס רביעייה,גרמים,360.00,100 גרם,false,18,15.90,4.4167,true,1,509393
8718951314023,false,"תחליב רחצה אפרסק 750 מ""ל פלמוליב",,,תחליב רחצה פלמוליב נטורלס אפרסק 750 מל,מיליליטרים,750.00,"100 מ""ל",false,1,18.90,2.5200,true,1,521635
8718951315303,false,משחת שיניים קולגייט הגנה מקסימלית - מארז זוג,קולגייט-פלמוליב,PL,משחת שיניים קולגייט זוג,Unknown,0.00,Unknown,false,1,19.90,0.0000,true,1,512279
8718951319806,false,פלמוליב לגבר ג'ל רחצה ושמפו מרענן 750 מל,פלמוליב Palmolive,TR,"גל רחצה ושמפו מרענן פלמוליב לגבר 750 מ""ל",מיליליטרים,750.00,"100 מ""ל",false,12,18.90,2.5200,true,1,510759
8718951333048,false,"פלמוליב סבון לידיים למטבח, 300 מ""ל",הנסיך- מפעל לייצור ט,IT,סבון ידיים פלמוליב למטבח 300 מל,מיליליטרים,300.00,"100 מ""ל",false,1,10.90,3.6333,true,1,517021
8718951334120,false,"מרכך כביסה מרוכז סופלין לבנדר 650 מ""ל",CP UK,GR,מרכך כביסה סופלין מרוכז לבנדר 650 מל,מיליליטרים,650.00,"100 מ""ל",false,12,10.90,1.6769,true,1,514306
8718951338098,false,ליידי ספיד רול און פ,,IT,ליידי ספיד רול און פאודר פרש 50 מל,מיליליטרים,50.00,"100 מ""ל",false,12,18.90,37.8000,true,1,528318
8718951338128,false,"ליידי ספיד סטיק רול און שאוור פרש 50 מ""ל",Colgate - Mexico,,ליידי ספיד סטיק רול און שאוור פרש 50 מל,מיליליטרים,50.00,"100 מ""ל",false,1,13.80,27.6000,true,1,519455
8718951338364,false,"אגקס תגריד פיור הום תפוח 500 מ""ל",,GR,אגקס טריגר פיור הום תפוח 500 מל,מיליליטרים,500.00,"100 מ""ל",false,12,15.90,3.1800,true,1,514275
8718951338395,false,"אגקס תגריד פיור הום סמבוק שחור 500 מ""ל",,GR,אגקס טריגר פיור הום סמבוק שחור 500 מל,מיליליטרים,500.00,"100 מ""ל",false,12,15.90,3.1800,true,1,514276
8718951365865,false,מברשת עם סיבי פחם בצפיפות גבוהה קולגייט,קולגייט פלמוליב,CN,זוג מברשות שיניים קולגייט סיבי פחם,Unknown,0.00,Unknown,false,12,29.90,0.0000,true,1,518777
8718951370135,false,"סבון נוזלי ארומה סנסיישן גלואו 750 מ""ל פלמוליב",קולגייט פלמוליב,TR,סבון נוזלי פלמוליב ארומה סנסיישן גלואו,מיליליטרים,750.00,"100 מ""ל",false,12,18.90,2.5200,true,1,512834
8718951382718,false,"פלמוליב ג'ל רחצה חימר התחדשות 750 מ""ל",קולגייט פלמוליב,TR,גל רחצה פלמוליב חימר התחדשות 750 מל,מיליליטרים,750.00,"100 מ""ל",false,12,18.90,2.5200,true,1,513412
8718951385290,false,אגקס לניקוי כללי כחול 2 ל',קולגייט פלמוליב,GR,נוזל לניקוי כללי אגקס 2 ל,ליטרים,2.00,ליטר,false,1,21.90,10.9500,true,1,516434
8718951391314,false,"טריגר אנטי בקטריאלי אגקס , 500 מ""ל",אג'קס Ajax,GR,אגקס טריגר אנטי בקטריאלי 500 מל,מיליליטרים,500.00,"100 מ""ל",false,12,15.90,3.1800,true,1,516707
8718951409798,false,זוג מברשות שיניים מקס וויט פחם קולגייט,הנסיך- מפעל לייצור ט,CN,זוג מברשת שיניים מקס וויט פחם,Unknown,0.00,Unknown,false,12,22.90,0.0000,true,1,518495
8718951415836,false,"מי פה פלאקס פחם קולגייט 500 מ""ל",קולגייט Colgate,PL,מי פה קולגייט פלאקס פחם 500 מל,מיליליטרים,500.00,"100 מ""ל",false,1,29.90,5.9800,true,1,518774
8718951428492,false,"ג'ל רחצה לגבר 4 ב -1 מועשר בפחם פלמוליב 750 מ""ל",CP - Turkey+60,TR,סבון רחצה פלמוליב לגבר 4 ב 1 פחם 750 מל,מיליליטרים,750.00,"100 מ""ל",false,12,18.90,2.5200,true,1,522979
8718951428522,false,"פלמוליב סבון רחצה לגבר 4 ב-1 המפ 750 מ""ל",CP - Turkey+60,TR,סבון רחצה פלמוליב לגבר 4 ב 1 750 מל,מיליליטרים,750.00,"100 מ""ל",false,12,18.90,2.5200,true,1,520689
8718951431614,false,"סבון רחצה סו פירם מינרלים 750 מ""ל פלמוליב",קולגייט פלמוליב,TR,סבון רחצה פלמוליב סו פירם מינרלים 750 מל,מיליליטרים,750.00,"100 מ""ל",false,12,18.90,2.5200,true,1,520118
8718951433120,false,"קולגייט טוטאל ג'וניור 7-12 50 מ""ל",קולגייט פלמוליב,PL,קולגייט טוטאל גוניור 50 מל,מיליליטרים,50.00,"100 מ""ל",false,1,14.90,29.8000,true,1,526518
8718951466371,false,משחת שיניים מרידול 7,קריות זול,PL,משחת שיניים מרידול 75 מל,מיליליטרים,75.00,"100 מ""ל",false,1,17.90,23.8667,true,1,526475
8718951470323,false,קולגייט מברשת סופט פואם פחם 2יח,קולגייט פלמוליב,CN,מברשות שיניים סופט פואם פחם זוג,Unknown,0.00,Unknown,false,12,29.90,0.0000,true,1,525638
8718951477384,false,"קולגייט משחת שיניים טוטאל ג'ל מתקדם פיור 75 מ""ל",קולגייט פלמוליב,PL,משחת שיניים קולגייט טוטל גל 75 מל,מיליליטרים,75.00,"100 מ""ל",false,48,19.90,26.5333,true,1,522982
8718951498754,false,שישיית מברשות שיניים סופר פלקסי קולגייט,קולגייט פלמוליב,VN,מברשת שיניים קולגייט שישייה,Unknown,0.00,Unknown,false,1,19.90,0.0000,true,1,525014
8718951509627,false,"משחת שיניים אופטיק וויט לאוהבי קפה 75 מ""ל קולגייט",קולגייט פלמוליב,PL,מ שיניים קולגייט אופטיק וייט לאוהבי קפה,מיליליטרים,75.00,"100 מ""ל",false,48,27.90,37.2000,true,1,524359
8719128110325,false,"סירופ סודה סטרים לימונדה 500 מ""ל",,,"סירופ סודה סטרים לימונדה 500 מ""ל",מיליליטרים,500.00,"100 מ""ל",false,1,22.90,4.5800,true,1,496502
8719128110349,false,"סירופ פטל פירות יער סודה, 500 מ""ל",סודהסטרים sodastream,,"סירופ סודה סטרים פירות יער 500 מ""ל",מיליליטרים,500.00,"100 מ""ל",false,1,22.90,4.5800,true,1,496500
8719128110387,false,"סירופ דיאט אשכולית אדומה סודה, 500 מ""ל",,,סירופ סודה סטרים דיאט אשכולית אדומה 500,מיליליטרים,500.00,"100 מ""ל",false,1,22.90,4.5800,true,1,496499
8719128117232,false,סירופ פפסי סודה סטרי,סודה סטרים,IL,סירופ פפסי 440 מל,מיליליטרים,440.00,"100 מ""ל",false,1,22.90,5.2045,true,1,518210
8719128117249,false,"סירופ פפסי מקס – 440 מ""ל",סודה סטרים,IL,סירופ פפסי מקס 440 מל,מיליליטרים,440.00,"100 מ""ל",false,1,22.90,5.2045,true,1,518209
8719128117263,false,"סירופ מירינדה – 440 מ""ל",סודה סטרים,IL,סירופ מירינדה 440 מל,מיליליטרים,440.00,"100 מ""ל",false,1,22.90,5.2045,true,1,518213
8719128117294,false,"דיאט – 440 מ""ל 7UPסירופ",סודה סטרים,IL,סירופ סבן אפ דיאט 440 מל,מיליליטרים,440.00,"100 מ""ל",false,1,22.90,5.2045,true,1,518212
8719200998001,false,מרגרינה לאפיה ובישול בלי מלח 200 ג' בלו בנד,מיוצר עי קונדיטוריית,IL,בלובנד בלי מלח 200 גרם,גרמים,200.00,100 גרם,false,60,4.50,2.2500,true,1,509578
8719200998018,false,מחמאה מרגרינה בטעם חמאה 200 ג' בלו בנד,פארייפאבה אגרואינדוס,IL,מחמאה בלובנד 200 גרם,גרמים,200.00,100 גרם,false,60,4.80,2.4000,true,1,509588
8719200998032,false,מזולה גלורי טעם חמאה 250ג',פארייפאבה אגרואינדוס,IL,מזולה גלורי טעם חמאה 250 גרם,גרמים,250.00,100 גרם,false,48,10.50,4.2000,true,1,509585
8719200998049,false,מרגרינה מזולה בטעם טבעי,פארייפאבה אגרואינדוס,IL,מזולה גלורי רגיל 250 גרם,גרמים,250.00,100 גרם,false,48,9.70,3.8800,true,1,509582
8719200998094,false,מרגרינה מזולה בטעם טבעי ללא תוספת מלח,"מיוצר ע""י יוניליוור",IL,מזולה לאפיה ללא מלח 200 גרם,גרמים,200.00,100 גרם,false,60,6.50,3.2500,true,1,509587
8720039760141,false,בירה רויאל דאץ 5% לא,יונייטד דאץ' ברוורי,NL,בירה רויאל דאץ 5% לאגר 500 מל,מיליליטרים,500.00,"100 מ""ל",false,24,6.90,1.3800,true,1,522974
8720039761261,false,בירה חזקה קראפט נאשי,,,בירה חזקה קראפט נאשיון אימפריאל 330 מל,מיליליטרים,330.00,"100 מ""ל",false,1,9.90,3.0000,true,1,528368
8720039761278,false,בירה בהירה קראפט נאש,,,בירה בהירה קראפט נאשיון סיישן 330 מל,מיליליטרים,330.00,"100 מ""ל",false,1,9.90,3.0000,true,1,528366
8720039761292,false,בירה בהירה לאגר קראפ,,,בירה בהירה לאגר קראפט נאשיון 330 מל,מיליליטרים,330.00,"100 מ""ל",false,1,9.90,3.0000,true,1,528367
8720100012445,false,בקרסלנד וופל טוסט בל,דה בנקט גרופ,,בקרסלנד וופל טוסט בל,גרמים,250.00,100 גרם,false,1,12.90,5.1600,true,1,465472
8720181046605,false,דאב - דאודורנט ספריי לאישה אורגינל כחול 150מל,Unknown,,דאו ספריי דאב אוריגינל 150 מל,מיליליטרים,150.00,"100 מ""ל",false,1,15.90,10.6000,true,1,518763
8720182256362,false,סבון מוצק קלאסי 90X6 ג דאב,יוניליוור גרמניה (בו,DE,אל סבון מוצק דאב קלאסי 540 גר שישיה,גרמים,540.00,100 גרם,false,1,19.90,3.6852,true,1,528677
8720182286604,false,רוטב ברביקיו דבש לחי,,,רוטב ברביקיו דבש לחיץ קאלווה 250 מל,מיליליטרים,250.00,"100 מ""ל",false,1,16.90,6.7600,true,1,526388
8720608014958,false,ילו לייבל תה שחור 15,יונילוור הודו,,תה ליפטון 100 שק,גרמים,150.00,100 גרם,false,12,11.90,7.9333,true,1,526723
8801043025256,false,נודלס שין חריף בקערה,,,נודלס שין חריף בקערה 114 גר,גרמים,114.00,100 גרם,false,1,18.90,16.5789,true,1,526357
8801043028158,false,נודלס בטעם קימצי בכו,,,נודלס בטעם קימצי בכוס 75 גר,גרמים,75.00,100 גרם,false,1,12.90,17.2000,true,1,526349
8801043029353,false,נודלס אודון טמפורה ב,,,נודלס אודון טמפורה בכוס 75 גר,גרמים,75.00,100 גרם,false,1,14.90,19.8667,true,1,526353
8801043031011,false,נודלס שין חריף בכוס,,,נודלס שין חריף בכוס 68 גר,גרמים,68.00,100 גרם,false,1,12.90,18.9706,true,1,526348
8801043049566,false,נודלס שין חריף מאוד,,,נודלס שין חריף מאוד בכוס 68 גר,גרמים,68.00,100 גרם,false,1,12.90,18.9706,true,1,526350
8801043053167,false,נודלס שין חריף מאוד,,,נודלס שין חריף מאוד 120 גר,גרמים,120.00,100 גרם,false,1,10.90,9.0833,true,1,526345
8801043055604,false,נודלס חריף בקערה כחו,,,נודלס חריף בקערה כחול 100 גר,גרמים,100.00,100 גרם,false,1,16.90,16.9000,true,1,526355
8801043055628,false,נודלס קימצי בקערה כח,,,נודלס קימצי בקערה כחול 100 גר,גרמים,100.00,100 גרם,false,1,16.90,16.9000,true,1,526356
8801043157735,false,נודלס אנסונג חריף בש,,,נודלס אנסונג חריף בשקית 125 גר,גרמים,125.00,100 גרם,false,1,12.90,10.3200,true,1,526351
8801043157742,false,נודלס בטעם קימצי שקי,,,נודלס בטעם קימצי שקית 120 גר,גרמים,120.00,100 גרם,false,1,10.90,9.0833,true,1,526347
8801043157759,false,נודלס צמפונג פירות י,,,נודלס צמפונג פירות ים פיקנטי 124 גר,גרמים,124.00,100 גרם,false,1,14.90,12.0161,true,1,526354
8801055707966,false,קפה טייסטר צו'יס נס קפה בריסטה 180ג',נסטלה קוריאה - קפה,IL,"קפה טסטר צ""ויס בריסטה 180 גר",גרמים,180.00,100 גרם,false,1,29.90,16.6111,true,1,484847
8801055708772,false,קפה טייסטר צ'ויס 200גר+50גר' מארז,נסטלה קוריאה - קפה,IL,מארז קפה טסטר צויס 200 גר+50 גר,גרמים,200.00,100 גרם,false,8,29.90,14.9500,true,1,506853
8801055709434,false,קפה נמס טייסטר צ'ויס קולומביה 100 גר',לוטה נסטלה קוריאה,KR,נסקפה טסטרס צויס קולמביה 100 גר,גרמים,100.00,100 גרם,false,1,24.90,24.9000,true,1,519757
8801055709458,false,אבקה להכנת משקה קפה בטעם קפוצ'ינו קרמל,נסטלה קוריאה - קפה,,נס קפה קפוצינו בטעם קרמל 170 גר,גרמים,170.00,100 גרם,false,1,19.90,11.7059,true,1,524150
8801055709465,false,אבקה להכנת משקה קפה בטעם קפוצ'ינו וניל,נסטלה קוריאה - קפה,DE,נס קפה קפוצינו בטעם וניל 185 גר,גרמים,185.00,100 גרם,false,1,19.90,10.7568,true,1,524151
8801055709472,false,נסטלה - נסקפה קפוצ'ינו קלאסי 12.50 גרם * 10,נסטלה קוריאה - קפה,DE,נס קפה קפוצינו קלאסיק 125 גר,גרמים,125.00,100 גרם,false,1,19.90,15.9200,true,1,524152
8801055709489,false,אבקה להכנת משקה קפה בטעם קפוצ'ינו אגוזים,נסטלה קוריאה - קפה,,נסקפה קפוצינו בטעם אגוזים 180 גר,גרמים,180.00,100 גרם,false,1,19.90,11.0556,true,1,524153
8801085020301,false,אטריות נאמן אודון 20,Alpha international,,אטריות נאמן אודון 200גר,גרמים,200.00,100 גרם,false,1,6.90,3.4500,true,1,474081
8802241131664,false,חטיף אצות קלויות עם מלח ים Laverland Crunch,טעמי אסיה Taste of Asia,,חטיף אצות ים קלויות עם מלח 40 גר,גרמים,40.00,100 גרם,false,18,32.90,82.2500,true,1,492854
8802241131671,false,חטיף אצות ים בטעם וו,,,חטיף אצות ים בטעם וואסאבי 4.5 גר 9 יח,Unknown,0.00,Unknown,false,18,39.90,0.0000,true,1,498357
8802241132821,false,חטיף אצות קלויות עם מלח 3 * 13.5 ג',"מאן גו'ן פוד בע""מ",,חטיף אצות קלויות עם מלח 13.5 גר,גרמים,14.00,100 גרם,false,32,14.90,106.4286,true,1,496477
8809168840471,false,חטיף אצות מיובשות מז,Theppadungporn cocon,KR,חטיף אצות מיובשות 4.5 גר*9 יח,Unknown,0.00,Unknown,false,1,24.90,0.0000,true,1,516896
8850025000026,false,"משקה מי קוקוס 1000 מ""ל -ללא גלוטן",,,משקה מי קוקוס 1 ל,ליטרים,1.00,ליטר,false,12,25.90,25.9000,true,1,487976
8850180040028,false,קמח טמפורה להכנת בלי,קרנחם אוטאי פחרה,TH,טמפורה 500גר,גרמים,500.00,100 גרם,false,1,10.90,2.1800,true,1,474103
8850206280049,false,רוטב צ'ילי חריף צ'יל,,,רוטב צילי חריף 250 גר,גרמים,250.00,100 גרם,false,12,17.90,7.1600,true,1,521296
8850291105531,false,חטיף אצות ים עם שקדי,,,חטיף אצות ים עם שקדים פרוסים 40 גר,גרמים,40.00,100 גרם,false,1,12.90,32.2500,true,1,517525
8850291105548,false,חטיף אצות ים עם שקדי,,,חטיף אצות ים עם שקדים פרוסים פיקנטי 40 ג,גרמים,40.00,100 גרם,false,1,12.90,32.2500,true,1,517528
8850291105555,false,חטיף אצות ים עם גרעי,,,חטיף אצות ים עם גרעיני דלעת ושומשום 40 ג,גרמים,40.00,100 גרם,false,1,12.90,32.2500,true,1,517527
8850291105562,false,חטיף אצות ים עם שומש,,,חטיף אצות ים עם שומשום 40 גר,גרמים,40.00,100 גרם,false,1,12.90,32.2500,true,1,517526
8850367300266,false,תערובת חמשת תבלינים,Theppadungporn cocon,,תערובת חמשת תבלינים 50 גר,גרמים,50.00,100 גרם,false,1,9.90,19.8000,true,1,474098
8850367990443,false,רוטב לסלט בסגנון אסי,Theppadungporn cocon,,רוטב לסלט בסגנון אסיאטי 285מל,מיליליטרים,285.00,"100 מ""ל",false,1,11.90,4.1754,true,1,478399
8850367992164,false,קרם קוקוס ללא גלוטן,טאפ פאד ונגפורן,CN,קרם קוקוס 250גר,גרמים,250.00,100 גרם,false,1,7.90,3.1600,true,1,478397
8850367992898,false,רוטב לסלט עם לימון ג,,,רוטב לסלט עם לימון גראס ללא גלוטן 285 מל,מיליליטרים,285.00,"100 מ""ל",false,1,14.90,5.2281,true,1,486764
8850389105825,false,סאפה אלוורה ענבים 1ליטר,סאפה פובליק קומפני ל,TH,משקה סאפה בטעם ענבים 1ל,ליטרים,1.00,ליטר,false,1,13.90,13.9000,true,1,468646
8850389105832,false,משקה אלוורה בטעם תפוחים,סאפה פובליק קומפני ל,TH,משקה סאפה בטעם תפוחים 1ל,ליטרים,1.00,ליטר,false,1,13.90,13.9000,true,1,477718
8850389105849,false,משקה אלוורה בטעם אפרסק,סאפה פובליק קומפני ל,TH,משקה סאפה בטעם אפרסק 1ל,ליטרים,1.00,ליטר,false,1,13.90,13.9000,true,1,477719
8850389115336,false,סאפה מלון בקבוק תריסר 1ל',סאפה פובליק קומפני ל,TH,נקטר סאפה בטעם מלון 1 ל,ליטרים,1.00,ליטר,false,1,13.90,13.9000,true,1,497132
8850521151215,false,קמח אורז דביק 400 גר,Oriental food co. lt,,קמח אורז דביק 400 גר,גרמים,400.00,100 גרם,false,1,9.90,2.4750,true,1,465597
8850521950849,false,אטריות אורז ללא גלוט,Oriental food co. lt,TH,"שימורי קרם קוקוס 400 מ""ל",גרמים,400.00,100 גרם,false,30,9.90,2.4750,true,1,499557
8850854002239,false,רוטב סויה מתוק 700 מ,,,רוטב סויה מתוק 700 מל,מיליליטרים,700.00,"100 מ""ל",false,12,14.90,2.1286,true,1,516428
8851019210117,false,פוקי מקלות שוקולד חלב 47 גר' 1/120,,,מקלות פוקי שוקולד חלב 47 גר,גרמים,47.00,100 גרם,false,1,7.90,16.8085,true,1,520383
8851019210124,false,מקלות פוקי תות 45 גר,,,מקלות פוקי תות 45 גר,גרמים,45.00,100 גרם,false,1,7.90,17.5556,true,1,520384
8851019210193,false,פוקי מקלות שוקולד בננה 42 גר' 1/120,,,מקלות פוקי שוקולד בננה 42 גר,גרמים,42.00,100 גרם,false,1,7.90,18.8095,true,1,520385
8851019210223,false,מקלות פוקי תה ירוק מ,,,מקלות פוקי תה ירוק מאצה 33 גר,גרמים,33.00,100 גרם,false,1,7.90,23.9394,true,1,520386
8851019210292,false,פוקי מקלות לבן+עוגיות 40 גר' 1/120,,,מקלות פוקי לבן ועוגיות 40 גר,גרמים,40.00,100 גרם,false,1,7.90,19.7500,true,1,520387
8851613101378,false,משקה קוקוס ארוי-די,כלורוקס אוקלנד,TH,חלב קוקוס 250 מל,מיליליטרים,250.00,"100 מ""ל",false,1,9.90,3.9600,true,1,512235
8851613101385,false,"חלב קוקוס ארוי-די קרטון 500מ""ל",תאי אגרי פוד פובליק,TH,חלב קוקוס 500 מל,מיליליטרים,500.00,"100 מ""ל",false,1,12.90,2.5800,true,1,512234
8852633020403,false,פניני טפיוקה מזרח ומ,Super J Internationa,TH,פניני טפיוקה 500גר,גרמים,500.00,100 גרם,false,1,13.90,2.7800,true,1,474086
8852633119039,false,אסיה רוטב דגים 300 מ,טעמי אסיה Taste of Asia,,רוטב דגים 300 מל,מיליליטרים,300.00,"100 מ""ל",false,6,10.90,3.6333,true,1,484320
8852633119077,false,רוטב דגים 700 מל,,,רוטב דגים 700 מל,מיליליטרים,700.00,"100 מ""ל",false,1,13.90,1.9857,true,1,504151
8852633520408,false,סוכר דקלים 400 גר,Super J Internationa,,סוכר דקלים 400גר,גרמים,400.00,100 גרם,false,1,15.90,3.9750,true,1,474085
8853602001263,false,קמח אורז דביק 500 גר,lhian thai rice verm,CN,קמח אורז דביק 500 גר,גרמים,500.00,100 גרם,false,10,10.90,2.1800,true,1,508518
8853662056098,false,סריראצה רוטב צילי חר,,,סריראצה רוטב צילי חריף עם שום 455 מל,מיליליטרים,455.00,"100 מ""ל",false,1,21.90,4.8132,true,1,517995
8853662056661,false,"רוטב סריראצ''ה מיו 455 מ""ל",,,"רוטב סריראצה מיו 455 מ""ל",מיליליטרים,455.00,"100 מ""ל",false,1,21.90,4.8132,true,1,495524
8853662056982,false,"רוטב סריראצ'ה צ'ילי ירוק חריף 455 מ""ל",,,"רוטב סריראצה צילי ירוק חריף 455 מ""ל",מיליליטרים,455.00,"100 מ""ל",false,1,21.90,4.8132,true,1,495527
8853662057019,false,"רוטב סריראצ'ה צ'ילי צהוב חריף 455 מ""ל",,,"רוטב סריראצה צילי צהוב חריף 455 מ""ל",מיליליטרים,455.00,"100 מ""ל",false,1,21.90,4.8132,true,1,495526
8853662060316,false,סריראצה רוטב צילי חר,,,סריראצה רוטב צילי חריף עם קרם קוקוס 455מ,מיליליטרים,455.00,"100 מ""ל",false,1,21.90,4.8132,true,1,517997
8853662060385,false,"רוטב סריראצ'ה שחור רוטב על בסיס צ'ילי 455 מ""ל",,,סריראצה שחור רוטב על בסיס צילי 455 מל,מיליליטרים,455.00,"100 מ""ל",false,1,21.90,4.8132,true,1,517996
8853662060569,false,רוטב סריראצה חמוץ מת,,,רוטב סריראצה חמוץ מתוק 455 מל,מיליליטרים,455.00,"100 מ""ל",false,1,21.90,4.8132,true,1,528388
8854661001850,false,קוקטייל פירות ים 500,,,קוקטייל פירות ים 500,גרמים,500.00,100 גרם,false,1,28.90,5.7800,true,1,465638
8854661003212,false,בשר מולים מבושלים 50,,,בשר מולים מבושלים 50,גרמים,500.00,100 גרם,false,1,23.90,4.7800,true,1,465645
8854661003786,false,שרימפס מבושל עם ראש 500 ג',,,שרימפס מבושל עם ראש,גרמים,500.00,100 גרם,false,1,29.90,5.9800,true,1,465647
8854661009726,false,שרימפס טמפורה 300 גר,,,שרימפס טמפורה 300גר,גרמים,300.00,100 גרם,false,1,29.90,9.9667,true,1,474930
8854692001515,false,רוטב צילי חריף 700 מ,,,"רוטב צ""ילי חריף 700",מיליליטרים,700.00,"100 מ""ל",false,1,12.90,1.8429,true,1,465655
8855301214395,false,שימורי סרדינים טבעי,גולדן פריזה קנינג,,שימורי סרדינים טבעי בתוספת שמן 240 גר,גרמים,240.00,100 גרם,false,1,8.90,3.7083,true,1,514267
8855301214418,false,סרדינים בשמן צמחי 24,גולדן פריזה קנינג,,שימורי סרדינים בשמן צמחי 240 גר,גרמים,240.00,100 גרם,false,1,8.90,3.7083,true,1,514268
8855301214425,false,שימורי דג מקרל ברוטב,גולדן פריזה קנינג,,שימורי דג מקרל ברוטב עגבניות 240 גר,גרמים,240.00,100 גרם,false,24,8.90,3.7083,true,1,514266
8855301214432,false,שימורי סרדינים ברוטב,גולדן פריזה קנינג,,שימורי סרדינים ברוטב עגבניות 240 גר,גרמים,240.00,100 גרם,false,1,8.90,3.7083,true,1,514269
8855301214449,false,שימורי דג מקרל שמן צ,גולדן פריזה קנינג,,שימורי דג מקרל שמן צמחי 240 גר,גרמים,240.00,100 גרם,false,24,8.90,3.7083,true,1,514265
8855301214463,false,שימורי דג מקרל במי מ,גולדן פריזה קנינג,,שימורי דג מקרל במי מלח 240 גר,גרמים,240.00,100 גרם,false,24,8.90,3.7083,true,1,514264
8857101301008,false,רוטב צילי מתוק 700 מ,פאן אינטר,TH,רוטב צילי מתוק 700 ג,מיליליטרים,700.00,"100 מ""ל",false,1,9.90,1.4143,true,1,465663
8857106430529,false,אטריות אורז עם עלי ת,,,אטריות אורז עם עלי תות 250 גר,גרמים,250.00,100 גרם,false,1,8.90,3.5600,true,1,517888
8858271002870,false,רוטב פאד תאי 250 מ'ל - מקסצ'אפ,"ייאן וואל יון בע""מ",TH,"רוטב פאד תאי מקסצ""א 250 מ""ל",מיליליטרים,250.00,"100 מ""ל",false,1,12.90,5.1600,true,1,465675
8858271002887,false,רוטב טריאקי מזרח ומע,דאנינג יוה פודס קו,TH,"רוטב טריאקי מקסצ""אפ 250 מ""ל",מיליליטרים,250.00,"100 מ""ל",false,1,12.90,5.1600,true,1,465676
8858271003020,false,רוטב סויה פורמולה 1 - 700 מ'ל מקסצ'אפ,יאן ונזל יון,TH,"רוטב סויה פורמולה 700 מ""ל",מיליליטרים,700.00,"100 מ""ל",false,1,15.90,2.2714,true,1,465677
8858271003044,false,רוטב סויה פורמולה 70,Yan Wal Yun Corpora,,"רוטב סויה פורמולה 700 מ""ל",מיליליטרים,700.00,"100 מ""ל",false,1,15.90,2.2714,true,1,465678
8858271003075,false,רוטב סויה מתוקה מקסצ,דאנינג יוה פודס קו,TH,"רוטב סויה מתוקה מקסצופ 700 מ""ל",מיליליטרים,700.00,"100 מ""ל",false,1,19.90,2.8429,true,1,465680
8858271003136,false,רוטב פטריות צמחוני 2,Yan Wal Yun Corpora,,"רוטב פטריות צמחוני 250 מ""ל",מיליליטרים,250.00,"100 מ""ל",false,1,12.90,5.1600,true,1,465682
8858271003174,false,רוטב שזיפים מקסצאפ 7,Yan Wal Yun Corpora,,"רוטב שזיפים מקסצ""אפ 700 מ""ל",מיליליטרים,700.00,"100 מ""ל",false,1,15.90,2.2714,true,1,465683
8858271003938,false,רוטב קארי ירוק מקסצא,"ייאן וואל יון בע""מ",TH,"רוטב קארי ירוק מקסצןפ 250 מ""ל",מיליליטרים,250.00,"100 מ""ל",false,1,12.90,5.1600,true,1,465685
8858271003945,false,רוטב קארי צהוב מקסצא,Yan Wal Yun Corpora,,רוטב קארי צהוב מקסצאפ 250 מל,מיליליטרים,250.00,"100 מ""ל",false,12,12.90,5.1600,true,1,515827
8858271004034,false,רוטב צילי חריף מקסצו,דאנינג יוה פודס קו,TH,"רוטב ציילי חריף מקסצופ 700 מ""ל",מיליליטרים,700.00,"100 מ""ל",false,1,15.90,2.2714,true,1,465686
8858271004126,false,רוטב חמוץ מתוק מקסצו,יאן ונזל יון,TH,"רוטב חמוץ מתוק מקסצופ 700 מ""ל",מיליליטרים,700.00,"100 מ""ל",false,1,15.90,2.2714,true,1,465688
8858271004300,false,רוטב טריאקי מקסצא'פ,דאנינג יוה פודס קו,CN,רוטב טריאקי 700 מל,מיליליטרים,700.00,"100 מ""ל",false,1,19.90,2.8429,true,1,468399
8858271004423,false,רוטב בישול בטעם טום,Yan Wal Yun Corpora,,"רוטב ""טום ם"" מקסציאפ 250 מל",מיליליטרים,250.00,"100 מ""ל",false,1,12.90,5.1600,true,1,467586
8858271004799,false,רוטב צ'ילי מתוק מזרח,יאן ונזל יון,TH,"רוטב צילי מתוק 700 מ""ל",מיליליטרים,700.00,"100 מ""ל",false,1,12.90,1.8429,true,1,473658
8858271005499,false,רוטב ברביקיו מקצאפ 2,,,"רוטב ברביקיו 250 מ""ל מקצאפ",מיליליטרים,250.00,"100 מ""ל",false,1,11.90,4.7600,true,1,495778
8858271005772,false,רוטב סויה מקסצ'פ ללא,יאן ונזל יון,TH,"רוטב סויה ללא גלוטן 300 מ""ל",מיליליטרים,300.00,"100 מ""ל",false,1,16.90,5.6333,true,1,493770
8858744800019,false,ממרח קארי ירוק 50 גר,קנוקוואן פוד פרודקטס,TH,מחית קארי ירוק 50 גר,גרמים,50.00,100 גרם,false,12,6.90,13.8000,true,1,504944
8858744800033,false,מחית קארי פאנאנג 50,,,מחית קארי פאנאנג 50 גר,גרמים,50.00,100 גרם,false,12,6.90,13.8000,true,1,510848
8858744800057,false,ממרח טום יאם 30 גר,קנוקוואן פוד פרודקטס,,מחית טום יאם 30 גר,גרמים,30.00,100 גרם,false,12,6.90,23.0000,true,1,504837
8858744800064,false,ממרח קארי אדום 50 גר,קנוקוואן פוד פרודקטס,TH,מחית קארי אדום 50 גר,גרמים,50.00,100 גרם,false,12,6.90,13.8000,true,1,510847
8858744800088,false,ממרח קארי מסאמן 50 ג,קנוקוואן פוד פרודקטס,,מחית קארי מאסמן 50 גר,גרמים,50.00,100 גרם,false,12,6.90,13.8000,true,1,504836
8859103400697,false,דג בברית צנינית צהוב,,,דג בברית צנינית צהובה פסים מיובש 100 גר,גרמים,100.00,100 גרם,false,1,13.90,13.9000,true,1,484202
8859103400727,false,דג ברקודה עם צילי מל,,,דג ברקודה עם צילי מלוח מיובש 100 גר,גרמים,100.00,100 גרם,false,1,13.90,13.9000,true,1,484203
8859103400734,false,דג צנינון מלוח מיובש,,,דג צנינון מלוח מיובש 100 גר,גרמים,100.00,100 גרם,false,1,13.90,13.9000,true,1,484201
8859103401199,false,דג ברקודה מלוח מיובש,,,דג ברקודה מלוח מיובש 100 גר,גרמים,100.00,100 גרם,false,1,13.90,13.9000,true,1,492331
8859103401342,false,דג חקליל ארנה 100 גר,,,דג חקליל ארנה 100 גר,גרמים,100.00,100 גרם,false,1,16.90,16.9000,true,1,497689
8859103401984,false,דג צלופח מטוגן מלוח,,,דג צלופח מטוגן מלוח מיובש 80 גר,גרמים,80.00,100 גרם,false,1,13.90,17.3750,true,1,503039
8859103401991,false,דג צלופח מטוגן עם צי,,,דג צלופח מטוגן עם צילי מלוח מיובש 80 גר,גרמים,80.00,100 גרם,false,1,13.90,17.3750,true,1,503040
8866442264668,true,מפת כריסמס מניילון א,,IL,מפת כריסמס מניילון ארוזה,Unknown,0.00,Unknown,false,1,9.90,0.0000,true,1,520778
8884561462017,false,דובי לבן מחבק לב 25,,,"דובי לבן מחבק לב 25 ס""מ",Unknown,0.00,Unknown,false,1,29.90,0.0000,true,1,508171
8886303210504,false,רוטב קארה קרם קוקונט,ג'ומא,ID,חרדל דיזון גרגירים 350 גר,גרמים,500.00,100 גרם,false,12,14.90,2.9800,true,1,496219
8886303210542,false,רוטב קארה קרם קוקונט,ג'ומא,ID,חרדל דיזון גרגירים 350 גר,גרמים,400.00,100 גרם,false,24,9.90,2.4750,true,1,496218
8888021200256,false,סוללות אנרגייזר שמינ,יצרן: אנרג'ייזר סינג,SG,סוללות אנרגייזר שמינייה AA,Unknown,0.00,Unknown,false,1,24.90,0.0000,true,1,465696
8888021200720,false,סוללת אנרגייזר שמיני,יצרן: אנרג'ייזר סינג,SG,סוללת אנרגייזר שמינייה AAA,Unknown,0.00,Unknown,false,1,24.90,0.0000,true,1,465697
8888056701117,false,נודלס אינסטנט בטעם ע,,,נודלס אינסטנט בטעם עוף 425 גר,גרמים,425.00,100 גרם,false,1,23.90,5.6235,true,1,519962
8888056702220,false,נודלס אינסטנט טעם בק,,,נודלס אינסטנט טעם בקר 425 גר,גרמים,425.00,100 גרם,false,1,23.90,5.6235,true,1,527527
8888056703333,false,נודלס אינסטנט טעם חס,,,נודלס אינסטנט טעם חסילונים 425 גר,גרמים,425.00,100 גרם,false,1,23.90,5.6235,true,1,527526
8888056704446,false,נודלס אינסטנט טעם סר,,,נודלס אינסטנט טעם סרטנים 425 גר,גרמים,425.00,100 גרם,false,1,23.90,5.6235,true,1,527525
8888056706662,false,נודלס אינסטנט בטעם פ,,,נודלס אינסטנט בטעם פטריות 425 גר,גרמים,425.00,100 גרם,false,1,23.90,5.6235,true,1,519964
8888111030053,false,"מיץ אננס SW טבעי מארז 240X4מ""ל פרימיום",S&W,PH,"מיץ אננס SW רביעייה 240 מ""ל",מיליליטרים,960.00,"100 מ""ל",false,1,14.90,1.5521,true,1,506562
8888757103005,false,"שמן שומשום 300 מ""ל",,,שמן שומשום 300 מל,מיליליטרים,300.00,"100 מ""ל",false,1,18.90,6.3000,true,1,512248
8901138500306,false,משחת שיניים איורודית עם פלואוריד מן הטבע,הימלאיה Himalaya,IN,משחת שיניים הימלאיה 100 גר,גרמים,100.00,100 גרם,false,1,15.90,15.9000,true,1,500427
8901138825577,false,"משחת שיניים הימלאיה להגנה מושלמת 75 מ""ל",הימלאיה Himalaya,IN,"משחת שיניים הימלאיה להגנה מושלמת 75 מ""ל",מיליליטרים,75.00,"100 מ""ל",false,1,15.90,21.2000,true,1,500428
8901138825591,false,"משחת שיניים הימלאיה מלבינה 75 מ""ל",הימלאיה Himalaya,IN,"משחת שיניים הימלאיה מלבינה 75 מ""ל",מיליליטרים,75.00,"100 מ""ל",false,1,15.90,21.2000,true,1,500429
8901138825614,false,"משחת שיניים הימלאיה מינט פרש 75 מ""ל",,,"משחת שיניים הימלאיה מינט פרש 75 מ""ל",מיליליטרים,75.00,"100 מ""ל",false,1,15.90,21.2000,true,1,500431
8901537024014,false,"אורז בסמטי מובחר 1 ק""ג - דוואט) יורה דיעה",הנסיך- מפעל לייצור ט,IN,"אורז בסמטי ""דאווט"" 1",קילוגרמים,1.00,"ק""ג",false,1,12.90,12.9000,true,1,466695
8901537076679,false,"אורז בסמטי חום מלא 1 ק""ג דאוואט",האי נאם סי או אל.טי.,IN,"אורז בסמטי דוואט חום מלא 1 ק""ג",קילוגרמים,1.00,"ק""ג",false,1,14.90,14.9000,true,1,498652
8906000596999,false,"אורז בסמתי מלא 1ק""ג שוקחה","אינסטנטה בע""מ",IN,"אורז בסמטי מלא 1 ק""ג",קילוגרמים,1.00,"ק""ג",false,1,11.90,11.9000,true,1,488312
8906118240388,false,קורנישונים כבושים 68,אנגל קמצ'ו אלימנטסיו,,קורנישונים כבושים 680 גר,גרמים,680.00,100 גרם,false,1,11.90,1.7500,true,1,524985
8906118240432,false,מלפפונים כבושים 1 ל,,,מלפפונים כבושים 1 ל,ליטרים,1.00,ליטר,false,1,16.90,16.9000,true,1,527829
8908000959361,false,קורנישונים כבושים בח,,,קורנישונים כבושים בחומץ 680 גר,גרמים,680.00,100 גרם,false,1,11.90,1.7500,true,1,483478
8908000959613,false,מלפפונים כבושים 680,קאן אגריטך פרייבט למ,,מלפפונים כבושים 680 גר,גרמים,680.00,100 גרם,false,1,14.90,2.1912,true,1,486406
8908001017213,false,חטיף תירס בטעם טבעי,,,חטיף תירס בטעם טבעי 150 גר,גרמים,150.00,100 גרם,false,1,13.90,9.2667,true,1,525475
8908001017558,false,חטיף תירס בטעם צילי,,,חטיף תירס בטעם צילי מתוק 150 גר,גרמים,150.00,100 גרם,false,1,13.90,9.2667,true,1,525477
8934878081736,false,אטריות אורז 450 גר,Chanh Khang Company,,אטריות אורז 450גר,מיליליטרים,450.00,"100 מ""ל",false,1,10.90,2.4222,true,1,474089
8934878081811,false,"דפי אורז 22 ס""מ 400 גר'(Trav) ללא גלוטן",דאנינג יוה פודס קו,CN,דפי אורז 400 גר,גרמים,400.00,100 גרם,false,1,16.90,4.2250,true,1,471349
8936018435164,false,דג יבש פרפר 90 גר,,,דג יבש פרפר 90 גר,גרמים,90.00,100 גרם,false,1,9.90,11.0000,true,1,495254
8936018435256,false,דג ירח מלוח מיובש תכ,,,דג ירח מלוח מיובש תכלת 100 גר,גרמים,100.00,100 גרם,false,30,13.90,13.9000,true,1,511569
8936018435263,false,דג אופירית מלוח מיוב,,,דג אופירית מלוח מיובש אדום 100 גר,גרמים,100.00,100 גרם,false,30,13.90,13.9000,true,1,511570
8936018435270,false,דג ברקודה מלוח מיובש,,,דג ברקודה מלוח מיובש כתום 100 גר,גרמים,100.00,100 גרם,false,30,13.90,13.9000,true,1,511571
8936018435287,false,דג ברקודה צילי מלוח,,,דג ברקודה צילי מלוח חום 100 גר,גרמים,100.00,100 גרם,false,30,13.90,13.9000,true,1,511572
8938535541366,false,דפי אורז צבעוניים לל,CHANH KHANG COMPANY,VN,דפי אורז צבעוניים 400 גר,גרמים,400.00,100 גרם,false,1,14.90,3.7250,true,1,517887
8997206332016,false,סוכר קוקוס אורגני Co Co Sugar,,,סוכר קוקוס אורגני 454 גר,גרמים,454.00,100 גרם,false,12,18.90,4.1630,true,1,503881
9000331607788,false,וופל לבבות בטעם רום,,,וופל לבבות בטעם רום מאנר 300 גר,גרמים,300.00,100 גרם,false,1,21.90,7.3000,true,1,521363
9001414041116,false,פלפל שחור קוטניה 36,,,פלפל שחור קוטניה 36 גר,גרמים,36.00,100 גרם,false,1,15.90,44.1667,true,1,484267
9001414043967,false,פלפלים מיקס קוטניה 3,,,פלפלים מיקס קוטניה 35 גר,גרמים,35.00,100 גרם,false,4,15.90,45.4286,true,1,508476
9001414441633,false,מלח הימולאי קוטניה 8,,,מלח הימולאי קוטניה 88 גר,גרמים,88.00,100 גרם,false,1,15.90,18.0682,true,1,494341
9002859011061,false,מקלות גונץ אפויים עם,GUNZ WARENHANDELS,,מקלות גונץ אפויים עם מלח ים 250גר,גרמים,250.00,100 גרם,false,1,16.90,6.7600,true,1,478871
9002859042799,false,שוק מוצרט שקית 280ג גונץ,Gunz BV,,מוצרט גונץ שקית 300 גר,גרמים,300.00,100 גרם,false,1,36.90,12.3000,true,1,480811
9002859044694,false,דפדפי שוקולד גונץ מנ,Gunz BV,,דפדפי שוקולד גונץ מנטה 200 גר,גרמים,200.00,100 גרם,false,1,16.90,8.4500,true,1,481863
9002859047121,false,משקה מוגז בטעם תפוחי,GUNZ WARENHANDELS,,"משקה מוגז בטעם תפוחים לילדים 750 מ""ל",מיליליטרים,750.00,"100 מ""ל",false,1,23.90,3.1867,true,1,468609
9002859047145,false,משקה מוגז בטעם תפוח,GUNZ WARENHANDELS,,"משקה מוגז בטעם תפוח תות לילדים 750 מ""ל",מיליליטרים,750.00,"100 מ""ל",false,1,23.90,3.1867,true,1,468608
9002859049200,false,תבלין פרובנס במטחנה,Gunz,,תבלין פרובנס במטחנה גונץ ניקו מיקס 40 גר,גרמים,40.00,100 גרם,false,1,12.90,32.2500,true,1,484978
9002859049224,false,תבלין פלפלים במטחנה,Gunz,,תבלין פלפלים במטחנה גונץ ניקו מיקס 45 גר,גרמים,45.00,100 גרם,false,1,14.90,33.1111,true,1,484977
9002859049248,false,תבלין פלפל שחור במטח,Gunz,,תבלין פלפל שחור במטחנה גונץ ניקו 50 גר,גרמים,50.00,100 גרם,false,1,14.90,29.8000,true,1,484982
9002859049354,false,גונץ חטיף טבעות בצל,,,גונץ חטיף טבעות בצל 125 גר,גרמים,125.00,100 גרם,false,20,9.90,7.9200,true,1,516009
9002859049422,false,תיבול לפיצה במטחנה ג,Gunz,,תיבול לפיצה במטחנה גונץ ניקו 35 גר,גרמים,35.00,100 גרם,false,1,12.90,36.8571,true,1,484985
9002859050183,false,גונץ טורטילה ציפס בט,,,גונץ טורטילה ציפס בטעם צילי 200 גר,גרמים,200.00,100 גרם,false,22,10.90,5.4500,true,1,516000
9002859050367,false,גונץ בובות סנטה קטנו,GUNZ WARENHANDELS,,"בובות סנטה קטנות ""גו",גרמים,100.00,100 גרם,false,1,10.90,10.9000,true,1,458663
9002859050381,false,גונץ מיקס סנטה גדול,GUNZ WARENHANDELS,,"מיקס סנטה גדול ""גונץ",גרמים,100.00,100 גרם,false,1,10.90,10.9000,true,1,458664
9002859050725,false,תפזורת סנטה ברשת 100,GUNZ WARENHANDELS,,סנטה גונץ ברשת 100גר,גרמים,100.00,100 גרם,false,1,10.90,10.9000,true,1,476477
9002859054099,false,מוצרט-שוקולד ממולא 300ג',Gunz BV,,שוקולד מוצרט משושה 300 גר,גרמים,300.00,100 גרם,false,1,36.90,12.3000,true,1,480810
9002859056963,false,אנשי שלג משוקולד ברש,GUNZ WARENHANDELS,,אנשי שלג גונץ שוקולד ברשת 100גר,גרמים,100.00,100 גרם,false,1,10.90,10.9000,true,1,476487
9002859058172,false,גונץ-בננה ציפוי שוקולד מריר 300ג',GUNZ WARENHANDELS,AT,"אצבעות בננה ""גונץ"" בציפוי שוקולד מריר",גרמים,300.00,100 גרם,false,1,16.90,5.6333,true,1,467422
9002859058578,false,מרשמלו טוויסט גונץ 1,,,מרשמלו טוויסט גונץ 100 גר,גרמים,100.00,100 גרם,false,1,6.90,6.9000,true,1,524724
9002859061240,false,שבבי בצל מטוגן 250 ג,,,שבבי בצל מטוגן 250 גר,גרמים,250.00,100 גרם,false,20,10.90,4.3600,true,1,506728
9002859064982,false,שוקולד קריסמס גונץ ח,GUNZ WARENHANDELS,,שוקולד קריסמס גונץ חמישייה 75גר,גרמים,75.00,100 גרם,false,1,8.90,11.8667,true,1,476486
9002859066894,false,מרציפן מצופה שוקולד גונץ 100 ג',Gunz,,חטיף גונץ מרציפן מצופה שוקולד 100 גר,גרמים,100.00,100 גרם,false,1,9.90,9.9000,true,1,484975
9002859067570,false,דפדפי שוקולד תפוז גו,GUNZ WARENHANDELS,,"דפדפי שוקולד תפוז ""גונץ"" 200 גר",גרמים,200.00,100 גרם,false,1,16.90,8.4500,true,1,468624
9002859067907,false,גונץ עוגיות עם קרם וניל ומשמש 380ג',Gunz,,עוגיות גונץ עם קרם וניל ומשמש 380 גר,גרמים,380.00,100 גרם,false,1,17.90,4.7105,true,1,480801
9002859070921,false,גונץ-בוטנים קלוים עם מלח 150 ג',,,גונץ בוטנים קלויים עם מלח 150 גר,גרמים,150.00,100 גרם,false,1,7.90,5.2667,true,1,512997
9002859071911,false,סנטה גונץ שוקולד חלב,GUNZ WARENHANDELS,,סנטה גונץ שוקולד חלב 100גר,גרמים,100.00,100 גרם,false,1,11.90,11.9000,true,1,476485
9002859072086,false,מקלות גונץ אפויים עם,GUNZ WARENHANDELS,,מקלות גונץ אפויים עם רוזמרין 250 גר,גרמים,250.00,100 גרם,false,12,16.90,6.7600,true,1,527408
9002859072741,false,מלח היאלייה במטחנה ג,Gunz,,מלח היאלייה במטחנה גונץ ניקו 95 גר,גרמים,95.00,100 גרם,false,1,12.90,13.5789,true,1,484979
9002859080777,false,שוקולד גונץ לוח שנה,GUNZ WARENHANDELS,,שוקולד גונץ לוח שנה לקריסמס 75 גר,גרמים,75.00,100 גרם,false,1,10.90,14.5333,true,1,481143
9002859081590,false,שוקולד גונץ סנטה על,GUNZ WARENHANDELS,,שוקולד גונץ סנטה על מקל 90 גר שישייה,גרמים,540.00,100 גרם,false,1,10.90,2.0185,true,1,481139
9002859087295,false,גונץ- בונבונירה פרלינים אדום 400 גר,,,בונבוניירה גונץ פרלינים אדום 400 גר,גרמים,400.00,100 גרם,false,1,24.90,6.2250,true,1,483490
9002859088490,false,גונץ עוגיות אוכמניות 380ג',Gunz,,עוגיות גונץ עם קרם אוכמניות 380 גר,גרמים,380.00,100 גרם,false,1,15.90,4.1842,true,1,480800
9002859092657,false,גונץ-בננה ציפוי מריר 150 ג',Gunz,,"בננה ""גונץ"" ציפוי שוקולד מריר 150 גר",גרמים,150.00,100 גרם,false,1,8.90,5.9333,true,1,486148
9002859093876,false,גונץ עוגיות עם קרם שוקולד ודבדבן 380ג',GUNZ WARENHANDELS,,עוגיות גונץ עם קרם שוקולד ודובדבן 380 גר,גרמים,380.00,100 גרם,false,1,15.90,4.1842,true,1,491186
9002859097997,false,בובת סנטה עם פרליני,,,בובת סנטה עם פרליני שוקולד גונץ 60 גר,גרמים,60.00,100 גרם,false,1,39.90,66.5000,true,1,493889
9002859100536,false,בונבוניירה אצבעות שו,,,בונ אצבעות שוקולד מוצרט גונץ 200 גר,גרמים,200.00,100 גרם,false,1,15.90,7.9500,true,1,496323
9002859101021,false,מקלות גונץ אפויים בט,GUNZ WARENHANDELS,,מקלות גונץ אפויים בטעם פיצה 250 גר,גרמים,250.00,100 גרם,false,12,16.90,6.7600,true,1,527407
9002859104091,false,כדור קריסמס ממולא בפ,,,כדורי קריסמס ממולא בפרלינים גונץ 30 גר,גרמים,30.00,100 גרם,false,20,17.90,59.6667,true,1,508592
9002859107399,false,תבלין מיקס לבשר במטח,Gunz,,תבלין מיקס לבשר במטחנה גונץ ניקו 55 גר,גרמים,55.00,100 גרם,false,6,14.90,27.0909,true,1,507690
9002859110139,false,גונץ ארומה מיקס תבלי,,,גונץ ארומה מיקס תבלינים 300 גר,גרמים,300.00,100 גרם,false,1,9.90,3.3000,true,1,512994
9002859110153,false,גונץ-עוגיות עם קרם תות 380 ג',Gunz,,עוגיות גונץ קרם תות 380 גר,גרמים,380.00,100 גרם,false,9,15.90,4.1842,true,1,516644
9002859110252,false,גונץ מוצרט שוק מריר,,,גונץ מוצרט שוק מריר בטעם טראפל ומרציפן,גרמים,143.00,100 גרם,false,1,12.90,9.0210,true,1,512995
9002859113758,false,סנטה פרליני שוקולד ח,,,סנטה פרליני שוקולד חלב גונץ 100 גר,גרמים,100.00,100 גרם,false,6,14.90,14.9000,true,1,521320
9002859114595,false,גונץ מקלות בייגלה עם,,,גונץ מקלות בייגלה עם שומשום 160 גר,גרמים,160.00,100 גרם,false,1,14.90,9.3125,true,1,526134
9003100120037,false,בירה קייזר פחית 500,,,בירה קייזר פחית 500 מל+,מיליליטרים,500.00,"100 מ""ל",false,1,9.90,1.9800,true,1,526823
9003400304939,false,בירה שטיגל וויז חיטה,מבשלת שטיגל,,"בירה שטיגל וויז חיטה 500 מ""ל",מיליליטרים,500.00,"100 מ""ל",false,1,10.90,2.1800,true,1,488501
9003400393032,false,בירה הל שטיגל בפחית,,,בירה שטיגל הל פח 500 מל,מיליליטרים,500.00,"100 מ""ל",false,1,8.90,1.7800,true,1,524169
9003402655084,false,בירה שטיגל רדלר פטל,,,בירה שטיגל רדלר פטל פח 500 מל,מיליליטרים,500.00,"100 מ""ל",false,1,7.90,1.5800,true,1,520955
9003402660088,false,פחית בירה שטיגל גולדברו Goldbrau,שטיגל Stiegl,LV,"בירה שטיגל גולד בראו פח 500 מ""ל",מיליליטרים,500.00,"100 מ""ל",false,1,8.90,1.7800,true,1,499772
9003402663089,false,בירה שטיגל רדלר אשכו,,,"בירה שטיגל רדלר אשכוליות פח 500 מ""ל",מיליליטרים,500.00,"100 מ""ל",false,1,7.90,1.5800,true,1,499773
9003402664079,false,בירה שטיגל רדלר לימו,,,בירה שטיגל רדלר לימון פח 500 מל,מיליליטרים,500.00,"100 מ""ל",false,1,7.90,1.5800,true,1,520883
9005835312718,false,"קלרו פירמידה מלח למדיח כלים 1 ק""ג CLARO",יעקבי,AT,"מלח אקולוגי למדיח קלרו פירמידה 1 ק""ג",קילוגרמים,1.00,"ק""ג",false,1,14.90,14.9000,true,1,508089
9005835312732,false,"קלרו נוזל הברקה למדיח כלים 500 מ""ל CLARO",יעקבי,AT,"נוזל הברקה קלרו מזרז ייבוש למדיח 500 מ""ל",מיליליטרים,500.00,"100 מ""ל",false,1,14.90,2.9800,true,1,508090
9005835312756,false,"קלרו ניקוי יסודי למדיח כלים 250 מ""ל CLARO",יעקבי,AT,"נוזל לניקוי יסודי קלרו למדיח 250 מ""ל",מיליליטרים,250.00,"100 מ""ל",false,1,14.90,5.9600,true,1,508091
9005835313609,false,קלרו טבליות למדיח כלים 15 יחידות CLARO,,,קלרו טבליות למדיח כלים 15 יח,Unknown,0.00,Unknown,false,1,9.90,0.0000,true,1,522500
9005835313661,false,טבליות ניקוי וחיטוי למדיח99.9% קלרו 30 יח',רלוי,,קלרו טבליות ניקוי וחיטוי למדיח 99.9% 30,Unknown,0.00,Unknown,false,1,29.90,0.0000,true,1,519399
9008700111546,false,נקטר דובדבן חמוץ Happy Day,Rauch fruchtsafte gm,,נקטר דובדבן 1 ליטר,ליטרים,1.00,ליטר,false,1,12.90,12.9000,true,1,458685
9008700128575,false,נקטר פסיפלורה 1 ל' RAUCH,ראוך Rauch,,נקטר ראוך פסיפלורה 1 ליטר,ליטרים,1.00,ליטר,false,1,12.90,12.9000,true,1,490055
9008700128971,false,מיץ קרנברי ראוך 1 לי,ראוך Rauch,,מיץ קרנברי ראוך 1 לי,ליטרים,1.00,ליטר,false,1,12.90,12.9000,true,1,458686
9008700146982,false,נקטר פירות אדומים רא,Rauch fruchtsafte gm,,"מיץ ""ראוך"" מולטיוויט",Unknown,0.00,Unknown,false,1,12.90,0.0000,true,1,458688
9013100011563,false,ליקר מוצארט שוקולד ק,,,ליקר מוצארט שוקולד קפה 500 מל,מיליליטרים,500.00,"100 מ""ל",false,1,79.90,15.9800,true,1,524644
9013100040280,false,ליקר מוצארט קרם שוקו,,,ליקר מוצארט קרם שוקולד בלאק 500 מל,מיליליטרים,500.00,"100 מ""ל",false,1,79.90,15.9800,true,1,513646
9015340100458,false,"רביעית מיץ בטעם תפוח 200 מ""ל WMIST",,,רביעיית מיץ בטעם תפוח 200 מל,מיליליטרים,800.00,"100 מ""ל",false,1,9.90,1.2375,true,1,526645
9015340100472,false,"רביעית מיץ בטעם פטל 4*200 מ""ל WMIST",,,רביעיית מיץ בטעם פטל 200 מל,מיליליטרים,800.00,"100 מ""ל",false,1,9.90,1.2375,true,1,526643
9015340101301,false,"רביעית מיץ בטעם תות 200 מ""ל WMIST",,,רביעיית מיץ בטעם תות 200 מל,מיליליטרים,800.00,"100 מ""ל",false,1,9.90,1.2375,true,1,527792
9015340103794,false,"רביעיה מיץ בטעם אננס אקזוטי 200 מ""ל WMIST",,,רביעיית מיץ בטעם אננס אקזוטי 200 מל,מיליליטרים,800.00,"100 מ""ל",false,1,9.90,1.2375,true,1,526642
9028800139493,false,בירה זיפפר פחית 500,,,בירה זיפפר פחית 500 מל,מיליליטרים,500.00,"100 מ""ל",false,1,9.90,1.9800,true,1,526822
9028800627679,false,בירה אדלוויס פחית 50,,,בירה אדלוויס פחית 500 מל,מיליליטרים,500.00,"100 מ""ל",false,1,9.90,1.9800,true,1,525317
9028800639962,false,אדלוויס הפרטובה בירת,,,"בירה אדלווייס 500 מ""ל",מיליליטרים,500.00,"100 מ""ל",false,1,10.90,2.1800,true,1,473674
9100006910509,false,שמיכה זוגית 230*200,,,סט מצעים זוגי 230*200 סמ במגוון צבעים,Unknown,0.00,Unknown,false,1,119.90,0.0000,true,1,520748
9310072028743,false,טים טם Tim Tam וופל שוקולד קלאסי,"ארנוטס ביסקוויטס בע""",AU,חטיף ביסקוויט טים טם,גרמים,200.00,100 גרם,false,1,19.90,9.9500,true,1,483875
9310072028750,false,טים טם Tim Tam וופל שוקולד ציפוי כפול,"ארנוטס ביסקוויטס בע""",AU,חטיף ביסקוויט טים טם,גרמים,200.00,100 גרם,false,1,19.90,9.9500,true,1,483433
9312631129991,false,תה ארל גרי זהב 100 ש,דילמח,,"תה ארל גריי 100 גר""",Unknown,0.00,Unknown,false,1,39.90,0.0000,true,1,462162
9312631143737,false,תה ירוק דילמח 100 שק,דילמח,,"תה ירוק 100 שק""",גרמים,150.00,100 גרם,false,12,24.90,16.6000,true,1,462176
9312631801118,false,תה פרמיום שחור סלקשן,דילמח,,"תה ""פרמיום"" שחור סלקשן 200 גר",גרמים,200.00,100 גרם,false,24,19.90,9.9500,true,1,469358
9322969000015,false,פריכיות תירס בטעם אורגינל ריל פודס 150 ג',אף.סי תבליני בגליל ב,AU,פריכיות תירס אורגינל 150 גר,גרמים,150.00,100 גרם,false,1,11.90,7.9333,true,1,469237
9322969000022,false,פריכיות תירס עם סויה וזרעי פשתן ללא גלוטן,אף.סי תבליני בגליל ב,AU,פריכיות תירס עם סויה וזרעי פשתן 150 גר,גרמים,150.00,100 גרם,false,1,11.90,7.9333,true,1,469238
9322969000039,false,פריכיות תירס עם 4דגנים מלאים 150ג',,AU,פריכיות תירס עם 4 דגנים מלאים 150 גר,גרמים,150.00,100 גרם,false,6,11.90,7.9333,true,1,500608
9322969000046,false,פריכיות תירס שומשום אורגני ריל פודס 150 ג',אף.סי תבליני בגליל ב,AU,פריכיות תירס עם שומשום 150 גר,גרמים,150.00,100 גרם,false,1,11.90,7.9333,true,1,469239
9324054906394,false,כלורוקס - מגבוני אקספרט פלופאק 30 יח',,,מגבוני כלורוקס אקספרט פלופטק 30 יח,Unknown,0.00,Unknown,false,1,10.90,0.0000,true,1,520295
9414416305528,false,יין פרייבט בין סובינ,,,"יין פרייבט בין סוביניון בלאן 750 מ""ל",מיליליטרים,750.00,"100 מ""ל",false,1,74.90,9.9867,true,1,506494
9414416501876,false,יין פרייבט בין שרדונ,,,"יין פרייבט בין שרדונה 750 מ""ל",מיליליטרים,750.00,"100 מ""ל",false,1,74.90,9.9867,true,1,506495
9414897010904,false,מול ניו זילנדי על חצ,,,מול ניו זילנדי על חצי צדף 1 קג,קילוגרמים,1.00,"ק""ג",false,1,64.90,64.9000,true,1,462188
9421018071492,false,יין מאד האוס סוביניו,,,"יין מאד האוס סוביניון בלאן 750 מ""ל",מיליליטרים,750.00,"100 מ""ל",false,1,54.90,7.3200,true,1,510138
9556771006921,false,קפוצינו אונו מומנטו,,MY,קפוצינו אונו מומנטו 20 שק,גרמים,510.00,100 גרם,false,12,24.90,4.8824,true,1,521718
9720006678751,false,כבד דגים פתיחה קלה 1,AYTEL,,כבד דגים פתיחה קלה 1,גרמים,110.00,100 גרם,false,1,8.90,8.0909,true,1,465717
