code,internal_code,name,manufacturer_name,manufacture_country,manufacturer_item_description,unit_qty,quantity,unit_of_measure,weighted,qty_in_package,price,unit_of_measure_price,allow_discount,status,item_id
40052403,false,חטיף קיט קאט אצבעות41ג,נסטלה,DE,חטיף קיט קאט,גרמים,41.00,100 גרם,false,1,4.50,10.98,true,1,
40084107,false,ביצת קינדר הפתעה 20 גרם,פררו אס.פי.אי,IT,ביצת הפתעה,גרמים,20.00,100 גרם,false,1,6.60,33.00,true,1,
40111216,false,חטיף באונטי 57 גרם,מרס הולנד בי.וי.,NL,חטיף באונטי,גרמים,57.00,100 גרם,false,0,4.60,8.07,true,1,
40144061,false,חטיף וופל קנופרס 25 גרם,שטורק,DE,חטיף וופל,גרמים,25.00,100 גרם,false,1,3.60,14.40,true,1,
42101666,false,איירוייבז HP אקליפטוס35ג,ריגלי,GB,מסטיק איירווייבז,גרמים,35.00,100 גרם,false,1,6.50,18.57,true,1,
42188889,false,מסטיק פייב אבטיח סטיקס40,ריגלי צרפת,FR,מסטיק 5 אבטיח,גרמים,40.00,100 גרם,false,0,7.40,18.50,true,1,
52070082,false,פאלמאל סופר סלמס ויולט ח,BAT,CH,פאל מאל סופר,יחידה,1.00,יחידה,false,1,31.50,31.50,false,1,
54051140,false,מעדן סויה ט.וניל 125*4גר,אלפרו C.V.A,BE,מעדן סויה 4 יח',גרמים,500.00,100 גרם,false,0,19.80,3.96,true,1,
59039549,false,ווג מנטה חפיסה,bat,PL,ווג מנטה,יחידה,1.00,יחידה,false,0,39.00,39.00,false,1,
59068907,false,פאלמאל כחול דמי סלימס חפ,BAT,PL,פאל מאל כחול דמי,יחידה,1.00,יחידה,false,1,27.00,27.00,false,1,
59085645,false,דאו.דאב רול און אסאי 50,"יוניליוור אנגליה, דרך קו",GB,דאודורנט דאב,מיליליטרים,50.00,"100 מ""ל",false,1,15.90,31.80,true,1,
59455240,false,ווג לילך חפיסה,bat,PL,ווג לילך,יחידה,1.00,יחידה,false,0,39.00,39.00,false,1,
72940754,false,"מילקי בטעם וניל 170 מ""ל","שטראוס גרופ בע""\מ",IL,מילקי טעם וניל,מיליליטרים,170.00,"100 מ""ל",false,0,2.90,1.71,true,1,
72940761,false,"מילקי בטעם שוקולד 170מ""ל","שטראוס גרופ בע""\מ",IL,מילקי טעם שוקולד,מיליליטרים,170.00,"100 מ""ל",false,0,2.90,1.71,true,1,
72940952,false,"מילקי אקסטרה קצפת 170מ""ל","שטראוס גרופ בע""\מ",IL,מילקי אקסטרה,מיליליטרים,170.00,"100 מ""ל",false,0,4.10,2.41,true,1,
72941041,false,מיני מילקי ט.שוקולד90מל,"שטראוס גרופ בע""\מ",IL,מיני מילקי,מיליליטרים,90.00,"100 מ""ל",false,0,2.10,2.33,true,1,
72945308,false,קוביות שמרים לחים אפיה50,"פאקא תעשיות בע""\מ",IL,קוביות שמרים,גרמים,50.00,100 גרם,false,0,4.00,8.00,true,1,
72961506,false,פרילי תות 1.5% 125 גרם,מחלבת אלון תבור,IL,פרילי תות,גרמים,125.00,100 גרם,false,0,3.70,2.96,true,1,
72961520,false,פרילי אננס 1.5% 125 גרם,מחלבת אלון תבור,IL,פרילי אננס 1.5%,גרמים,125.00,100 גרם,false,0,3.70,2.96,true,1,
72961544,false,באדי תות 3% 125 גרם,מחלבת אלון תבור,IL,מעדן באדי תות 3%,גרמים,125.00,100 גרם,false,0,3.00,2.40,true,1,
72964422,false,"יוגורט תנובה 4.5% 200מ""ל",תנובה,IL,יוגורט תנובה4.5%,מיליליטרים,200.00,"100 מ""ל",false,0,3.00,1.50,true,1,
72984000,false,גולף סילבר ארוך,,,גולף סילבר ארוך,יחידה,1.00,יחידה,false,0,30.00,30.00,false,1,
72986370,false,"גל.וניל צרפתי כשל""פ",מוצרי איכות אמריקאיים,IL,גלידה בן & ג'ריס,מיליליטרים,500.00,"100 מ""ל",false,0,23.90,4.78,true,1,
72986424,false,"גל.קרם עוגיות 500 מ""ל",מוצרי איכות אמריקאיים בע,IL,גלידה בן & ג'ר,מיליליטרים,500.00,"100 מ""ל",false,0,23.90,4.78,true,1,
72986448,false,"גל.טופי קראנץ 500 מ""ל",מוצרי איכות אמריקאיים בע,IL,גלידה בן & ג'ר,מיליליטרים,500.00,"100 מ""ל",false,0,23.90,4.78,true,1,
72986455,false,גלידת שוקולד פאדג'אגוזים,מוצרי איכות אמריקאיים בע,IL,גלידה בן & ג'ר,מיליליטרים,500.00,"100 מ""ל",false,0,23.90,4.78,true,1,
72986479,false,"גל.צ'אנקי מאנקי כשל""פ",מוצרי איכות אמריקאיים בע,IL,גלידה בן & ג'ר,מיליליטרים,500.00,"100 מ""ל",false,0,23.90,4.78,true,1,
72989425,false,גלידה שוקולד בראוניס 500,מוצרי איכות אמריקאיים בע,IL,גלידה בן & ג'ר,מיליליטרים,500.00,"100 מ""ל",false,0,23.90,4.78,true,1,
72991404,false,סגריות אירופה,,IL,סגריות אירופה,יחידה,1.00,יחידה,false,0,29.00,29.00,false,1,
72991459,false,גולף 80,,IL,גולף 80,יחידה,1.00,יחידה,false,0,30.00,30.00,false,1,
72991466,false,גולף ארוך סופט,,IL,גולף ארוך סופט,יחידה,1.00,יחידה,false,0,30.00,30.00,false,1,
72991886,false,גלידת דולצ'ה דה לצ'ה,מוצרי איכות אמריקאיים בע,IL,גלידה בן & ג'ר,מיליליטרים,500.00,"100 מ""ל",false,0,23.90,4.78,true,1,
72993637,false,דני שוקולד 1.5% 125 גרם,"שטראוס גרופ בע""\מ",IL,דני שוקולד 1.5%,גרמים,125.00,100 גרם,false,0,2.70,2.16,true,1,
72994061,false,פסק זמן 2 גוד 36 גרם,שולן צ'\יקולטה גידה סאן.,TR,פסק זמן 2 גוד,גרמים,36.00,100 גרם,false,0,5.50,15.28,true,1,
78009226,false,דאו.דאב סטיק אורגינל50ג,יוניליוור,PH,דאו.דאב,גרמים,50.00,100 גרם,false,0,15.90,31.80,true,1,
80042556,false,עגבניות חתוכות דק 400גרם,,IT,עגבניות חתוכות,גרמים,400.00,100 גרם,false,0,6.80,1.70,true,1,
80042563,false,מחית עגבניות,,IT,מחית עגבניות,גרמים,700.00,100 גרם,false,0,12.80,1.83,true,1,
80050025,false,סוכריות טיק-טק תפוז16גרם,פררו,ZA,טיק טק תפוז,גרמים,16.00,100 גרם,false,0,3.50,21.88,true,1,
80050124,false,טיק טק סוכריות מנטה16גרם,פררו,ZA,סוכריות טיק טק,גרמים,16.00,100 גרם,false,0,3.50,21.88,true,1,
80050278,false,פררו רושה שלשה 38 גרם,פררו,IT,פררו רושה שלשה,גרמים,37.00,100 גרם,false,0,5.90,15.95,true,1,
80052760,false,קינדר בואנו 2 * 21.5 גרם,פררו,PL,קינדר בואנו זוג,גרמים,43.00,100 גרם,false,0,4.90,11.40,true,1,
80136194,false,הפי היפו אגוזי לוז 23*5ג,פררו,DE,חטיף הפי היפו5יח,גרמים,115.00,100 גרם,false,1,13.90,12.09,true,1,
80176800,false,נוטלה ממרח שוקולד 750 גר,פררו,IT,ממרח נוטלה,גרמים,750.00,100 גרם,false,0,26.90,3.59,true,1,
80177173,false,ממרח נוטלה 350 גרם,פררו,IT,ממרח נוטלה,גרמים,350.00,100 גרם,false,0,15.90,4.54,true,1,
80177609,false,אצבעות שוקולד קינדר50גרם,פררו,IT,אצבעות קינדר,גרמים,50.00,100 גרם,false,0,5.00,10.00,true,1,
80273561,false,פלפל שחור במטחנה 45 גרם,דרוגיה ואלימנטרי אס.אר.א,IT,פלפל שחור,גרמים,45.00,100 גרם,false,0,13.80,30.67,true,1,
80273592,false,פלפל 4 העונות במטחנה 35ג,דרוגיה ואלימנטרי אס.אר.א,IT,פלפל,גרמים,35.00,100 גרם,false,0,13.80,39.43,true,1,
80273639,false,מלח ים במטחנה 90 גרם,דרוגיה ואלימנטרי אס.אר.א,IT,מלח ים במטחנה,גרמים,90.00,100 גרם,false,0,13.80,15.33,true,1,
80310167,false,קינדר מקסי שישיה126( גר),פררו,DE,קינדר מקסי,גרמים,126.00,100 גרם,false,0,11.20,8.89,true,1,
80310891,false,ביצת הפתעה קינדר ג'וי20ג,פררו,ZA,ביצת הפתעה,גרמים,20.00,100 גרם,false,0,6.40,32.00,true,1,
80761761,false,קינדר בואנו לבן 19.5*2גר,פררו,PL,קינדר בואנו לבן,גרמים,39.00,100 גרם,false,0,4.90,12.56,true,1,
80773429,false,מסטיק מנטוס בקבוק תות60ג,"פרפטי ואן מלה ג'\ידה,סאן",TR,מנטוס בקבוק,גרמים,60.00,100 גרם,false,1,10.90,18.17,true,1,
80773443,false,מסטיק  מנטה עדינה בקבוק,"פרפטי ואן מלה ג'\ידה,סאן",TR,מסטיק מנטוס,גרמים,60.00,100 גרם,false,1,10.90,18.17,true,1,
80790990,false,מסטיק פירות מנטה בקבוק,"פרפטי ואן מלה ג'\ידה,סאן",TR,מסטיק מנטוס,גרמים,60.00,100 גרם,false,1,10.90,18.17,true,1,
80820970,false,וופל טורטינה קרם קרמל21ג,לואקר,IT,וופל טורטינה,גרמים,21.00,100 גרם,false,1,5.00,23.81,true,1,
80831402,false,"סוכ.מנטה עדינה לל""ס21ג",פרפטי ואן מלה,NL,סוכריות מנטה,גרמים,21.00,100 גרם,false,1,6.90,32.86,true,1,
80843184,false,מסטיק פיורפרש ענבים60גר,,TR,מסטיק מנטוס,גרמים,60.00,100 גרם,false,1,10.90,18.17,true,1,
80854753,false,"סוכ.מנטוס מנטה לל""ס21גרם",פרפטי ואן מלה,NL,סוכריות מנטוס,גרמים,21.00,100 גרם,false,1,6.90,32.86,true,1,
80864295,false,מנטוס פיורוויט מנטה עדין,"פרפטי ואן מלה ג'ידה,סאן",TR,מנטוס פיור וויט,גרמים,60.00,100 גרם,false,1,10.90,18.17,true,1,
80874652,false,קינדר קארדס 25.6 גרם,,IT,קינדר קארדס,גרמים,26.00,100 גרם,false,1,4.30,16.54,true,1,
80896081,false,מסטיק מנטוס אבטיח60גרם,"פרפטי ואן מלה ג'\ידה,סאן",TR,מנטוס בקבוק,גרמים,60.00,100 גרם,false,1,10.90,18.17,true,1,
80913467,false,מסטיק מנטוס מנטה בקבוק60,פרפטי ואן מלה,TR,מסטיק מנטוס,גרמים,60.00,100 גרם,false,1,10.90,18.17,true,1,
80926481,false,מסטיק מנטוס אבטיח90גרם,"פרפטי ואן מלה ג'ידה,סאן",TR,מסטיק מנטוס,גרמים,90.00,100 גרם,false,1,18.60,20.67,true,1,
80945468,false,מנטוס פיורוויט מנטה מתוק,"פרפטי ואן מלה ג'ידה,סאן",TR,מנטוס פיור וויט,גרמים,60.00,100 גרם,false,1,10.90,18.17,true,1,
80974215,false,מסטיק מנטוס תות בקבוק90ג,"פרפטי ואן מלה ג'ידה,סאן",TR,מסטיק מנטוס,גרמים,90.00,100 גרם,false,1,18.60,20.67,true,1,
80979128,false,מסטיק פיורפרש דובדבן60ג,,TR,מסטיק מנטוס,גרמים,60.00,100 גרם,false,1,10.90,18.17,true,1,
80982470,false,מסטיק מנטוס מנטה חזקה60ג,,TR,מסטיק מנטוס,גרמים,60.00,100 גרם,false,1,10.90,18.17,true,1,
80986348,false,מנטוס פיור וויט מנטה60ג,"פרפטי ואן מלה ג'ידה,סאן",TR,מנטוס פיור וויט,גרמים,60.00,100 גרם,false,1,10.90,18.17,true,1,
87108538,false,מנטוס תות גליל 37.5 גר,פרפטי ואן מלה ברדה,NL,מנטוס תות,גרמים,37.00,100 גרם,false,0,4.00,10.81,true,1,
87108712,false,מנטוס טעם פירות4יח37.5Xג,פרפטי ואן מלה,NL,מנטוס פירות 4,גרמים,150.00,100 גרם,false,0,11.90,7.93,true,1,
87354041,false,סוכ.מנטוס ט.דובדבן37.5ג,,NL,סוכריות מנטוס,גרמים,37.00,100 גרם,false,1,4.00,10.81,true,1,
90087011,true,מיץ 100% תפוחי עץ 1 ליטר,ראוך פרוכטסאפטה,AT,"מיץ תפו""ע",ליטרים,1.00,ליטר,false,1,13.10,13.10,true,1,
90087066,true,מיץ 100% תפוזים 1 ליטר,ראוך פרוכטסאפטה,HU,מיץ תפוזים,ליטרים,1.00,ליטר,false,0,13.10,13.10,true,1,
90162602,true,רד בול משקה אנרגיה פח250,רד בול,AT,רד בול,מיליליטרים,250.00,"100 מ""ל",false,0,8.20,3.28,true,1,
8112100298,false,שמן שומשום,,TW,שמן שומשום,מיליליטרים,185.00,"100 מ""ל",false,0,15.90,8.59,true,1,
11182700954,false,שעועית שחורה 439 גרם,האנאובר פודס קורפורשיין,US,שעועית שחורה439ג,גרמים,439.00,100 גרם,false,1,10.90,2.48,true,1,
11210000094,false,"רוטב טבסקו 60 מ""ל",ניצן,US,רוטב טבסקו,מיליליטרים,60.00,"100 מ""ל",false,0,12.80,21.33,true,1,
16000423534,false,קראנצי שיבולת ושוקולד5יח,ג'נרל מילס סאן אדריאן,ES,חטיף נייצ'ר ואלי,גרמים,210.00,100 גרם,false,0,21.90,10.43,true,1,
16000548404,false,חטיף נייטשר וואלי דבש5יח,ג'נרל מילס סאן אדריאן,ES,חטיף נייטשר ואלי,גרמים,210.00,100 גרם,false,0,21.90,10.43,true,1,
16000548503,false,נייטשר וואלי מייפל 5יח,ג'נרל מילס סאן אדריאן,ES,חטיף נייטשר ואלי,גרמים,210.00,100 גרם,false,0,21.90,10.43,true,1,
16000548602,false,נייטשר וואלי קינמון 5יח,ג'נרל מילס סאן אדריאן,ES,חטיף נייטשר ואלי,גרמים,210.00,100 גרם,false,0,21.90,10.43,true,1,
16000548909,false,חט.נייטשר וואלי מעורב5יח,ג'נרל מילס סאן אדריאן,ES,חטיף נייטשר ואלי,גרמים,210.00,100 גרם,false,0,21.90,10.43,true,1,
22200956932,false,ספיד סטיק ג'ל 24/7 כחול,קולגייט פלמוליב,US,דאודורנט ג'ל,גרמים,85.00,100 גרם,false,0,17.90,21.06,true,1,
22200956949,false,ספיד סטיק ג'ל24/7- כתום,קולגייט פלמוליב,US,דאודורנט,גרמים,85.00,100 גרם,false,0,17.90,21.06,true,1,
25675120037,false,םרג 100 תות םעטב םיצוצמח,ירוג,NL,חמצוצים תות,גרמים,100.00,100 גרם,false,0,9.90,9.90,true,1,
25675120068,false,םרג100 הלוק םעטב םיצוצמח,ירוג,NL,חמצוצים קולה,גרמים,100.00,100 גרם,false,0,9.90,9.90,true,1,
25700005698,false,זיפלוק שקיות אחסון 24 יח,,US,שקיות אחסון,יחידה,1.00,יחידה,false,1,14.90,14.90,true,1,
30000315989,false,קואקר פרוטאין חמוציות372,קוואקר אוטס קומפני,US,קוואקר פרוטאין,גרמים,372.00,100 גרם,false,1,23.00,6.18,true,1,
31290140107,false,שוקולד מריר 72% סטיקס90ג,"אולקר מקבוצת פלאדיס, ציק",TR,שוקולד גודייבה,גרמים,90.00,100 גרם,false,1,15.90,17.67,true,1,
34000312177,false,סירופ שוקולד 680 גרם,הרשי,US,סירופ שוקולד,גרמים,680.00,100 גרם,false,0,20.30,2.99,true,1,
34000544028,false,טוויזלרס ממתק טעם תות198,,US,טוויזלרס טעם תות,גרמים,198.00,100 גרם,false,0,8.80,4.44,true,1,
36000516890,false,קלינקס לושן 3 שכבות120יח,חוגלה קימברלי,US,קלינקס לושן,יחידה,1.00,יחידה,false,1,19.90,19.90,true,1,
37600207188,false,חמאת בוטנים קלאסי 462גרם,הורמל,US,חמאת בוטנים,גרמים,462.00,100 גרם,false,0,20.90,4.52,true,1,
37600207256,false,חמאת בוטנים+שברי בוטנ462,הורמל,US,חמאת בוטנים,גרמים,462.00,100 גרם,false,0,20.90,4.52,true,1,
38000138638,false,פרינגלס פיצה 158 גרם,פרינגלס מנופקצ'ורינג קונ,US,פרינגלס פיצה,גרמים,158.00,100 גרם,false,1,10.60,6.71,true,1,
38000232152,false,פרינגלס ברביקיו 158 גרם,פרינגלס מנופקצ'ורינג קומ,US,פרינגלס ברביקיו,גרמים,158.00,100 גרם,false,1,10.60,6.71,true,1,
38000232169,false,פרינגלס מידי אורגינל67ג,פרינגלס מנופקצ'ורינג קונ,US,פרינגלס אורגינל,גרמים,67.00,100 גרם,false,1,5.90,8.81,true,1,
38000232176,false,פרינגלס שמנת בצל 158 גרם,פרינגלס מנופקצ'ורינג קונ,US,פרינגלס שמנת בצל,גרמים,158.00,100 גרם,false,1,10.60,6.71,true,1,
38000232183,false,פרינגלס אורגינל 149 גרם,פרינגלס מנופקצ'ורינג קונ,US,פרינגלס אורגינל,גרמים,149.00,100 גרם,false,1,10.60,7.11,true,1,
38000845253,false,פרינגלס מידי שמנת בצל71ג,פרינגלס מנופקצ'ורינג קונ,US,פרינגלס שמנת בצל,גרמים,71.00,100 גרם,false,1,5.90,8.31,true,1,
38527591053,false,דגנים מרובעים קינמון412ג,קוואקר אוטס קומפני,US,דגנים מרובעים,גרמים,412.00,100 גרם,false,0,22.70,5.51,true,1,
38527591060,false,דגנים מרובעים קוואקר412ג,קוואקר אוטס קומפני,US,דגנים מרובעים,גרמים,412.00,100 גרם,false,0,22.70,5.51,true,1,
40000512943,false,מ&מ'ס שוקולד 303 גרם,מרס,US,עדשים מ&מ'ס,גרמים,303.00,100 גרם,false,1,21.90,7.23,true,1,
40000514480,false,עדשי מ&מ'ס שוקולד 48 גרם,מרס,US,עדשי מ&מ'ס,גרמים,48.00,100 גרם,false,1,5.50,11.46,true,1,
40000514510,false,עדשי מ&מ'ס בוטנים 49 גרם,מרס,US,עדשי מ&מ'ס,גרמים,49.00,100 גרם,false,1,5.50,11.22,true,1,
40000555391,false,עדשי מ&מ'ס בראוניז 40גרם,מרס,US,עדשי מ&מ'ס,גרמים,40.00,100 גרם,false,1,5.50,13.75,true,1,
42400108153,false,דגנים ממותקים ט.פירות354,,US,דגנים ממותקים,גרמים,354.00,100 גרם,false,1,23.70,6.69,true,1,
46214731552,false,עוגיות שוקולד צ'יפס225גר,"מרבה בע""\מ",NL,עוגיות ש.צ'יפס,גרמים,225.00,100 גרם,false,0,10.90,4.84,true,1,
50000170180,false,פריסקיז עוף ברוטב 156גרם,נסטלה פורינה,US,פריסקיז לחתול,גרמים,156.00,100 גרם,false,0,6.60,4.23,true,1,
50000429042,false,פנסי פיסט כבד ועוף 85גרם,נסטלה פורינה,US,פנסי פיסט חתול,גרמים,85.00,100 גרם,false,0,6.50,7.65,true,1,
50000429448,false,פנסי פיסט סלמון לחתול85ג,נסטלה פורינה,US,פנסי פיסט לחתול,גרמים,85.00,100 גרם,false,0,6.50,7.65,true,1,
56594009998,false,ניוואה סבון מוצק 90*4 ג,ביירסדורף,DE,ניוואה סבון מוצק,גרמים,360.00,100 גרם,false,1,16.90,4.69,true,1,
64144090051,false,"תרסיס שמן קנולה 148 מ""ל",קונגרה,US,תרסיס שמן קנולה,מיליליטרים,148.00,"100 מ""ל",false,0,21.00,14.19,true,1,
70177077563,false,תה ארל גריי 25 שק2*גר,אר. טווינינגס אנד קומפני,PL,תה ארל גריי,גרמים,50.00,100 גרם,false,1,19.90,39.80,true,1,
70177077693,false,תה אינגליש ברקפסט 25 שקי,אר. טווינינגס אנד קומפני,PL,תה אינגליש ברקפס,גרמים,50.00,100 גרם,false,1,19.90,39.80,true,1,
70177078904,false,תה אינגליש ברקפסט 50 שקי,אר. טווינינגס אנד קומפני,PL,תה אינגליש ברקפס,גרמים,100.00,100 גרם,false,1,27.90,27.90,true,1,
70177086664,false,תה ירוק טהור 25 שקיקים,אר. טווינינגס אנד קומפני,PL,תה ירוק טהור,גרמים,50.00,100 גרם,false,1,21.90,43.80,true,1,
72600062320,false,חטיף גבינה בטעם פיצה198ג,הר פודסn\,US,חטיף גבינה,גרמים,198.00,100 גרם,false,1,24.90,12.58,true,1,
73490151934,false,"מיץ ענבים קדם 650 מ""ל",קדם פוד פרודקטסn\,US,מיץ ענבים,מיליליטרים,650.00,"100 מ""ל",false,0,17.90,2.75,true,1,
76840001774,false,בצק עוגיות שוקולד צ'פס,מוצרי איכות אמריקאיים בע,IL,בצק עוגיות שוקול,מיליליטרים,500.00,"100 מ""ל",false,1,23.90,4.78,true,1,
76840100156,false,גלידה צ'רי גרסיה 500מל,מוצרי איכות אמריקאיים בע,IL,גלידה צ'רי גרסיה,מיליליטרים,500.00,"100 מ""ל",false,0,23.90,4.78,true,1,
76840100583,false,גלידת וניל עם בצק עוגיות,מוצרי איכות אמריקאיים בע,IL,גל.בןאנדג'ריס,מיליליטרים,473.00,"100 מ""ל",false,0,23.90,5.05,true,1,
76840400218,false,גל.עוגת גבינה עם תות 420,מוצרי איכות אמריקאיים בע,IL,גל.עוגת גבינ.תות,גרמים,420.00,100 גרם,false,0,23.90,5.69,true,1,
76840620029,false,"גלידה תות 500 מ""ל",מוצרי איכות אמריקאיים בע,IL,גלידה בן & ג'ר,מיליליטרים,500.00,"100 מ""ל",false,0,23.90,4.78,true,1,
77245110610,false,סוכריות מאסט מנטה 80 גרם,עלית,PL,סוכריות מאסט,גרמים,80.00,100 גרם,false,0,8.90,11.13,true,1,
77975036976,false,מתבל עגבניות סניידרס439ג,סניידרס אוף האנובר,US,מתבל עגבניות,גרמים,439.00,100 גרם,false,1,14.90,3.40,true,1,
77975094631,false,בייגלה סנדוויץ ט.צ'דר226,סניידרס לאנס,US,בייגלה סניידרס,גרמים,226.00,100 גרם,false,1,17.70,7.83,true,1,
77975094761,false,שברי בייגלה בטעם צ'דר340,סניידרס אוף האנובר,US,חטיף סניידרס,גרמים,340.00,100 גרם,false,1,17.70,5.21,true,1,
77975094778,false,שברי בייגלה דבש חרדל340ג,סניידרס אוף האנובר,US,סניידרס דבש חרדל,גרמים,340.00,100 גרם,false,1,17.70,5.21,true,1,
80432402931,false,וויסקי שיבס,,SE,וויסקי שיבס,מיליליטרים,700.00,"100 מ""ל",false,0,139.90,19.99,true,1,
87752005644,false,יין ברטנורה מוסקטו 750מל,יקב פסגות,IT,יין מוסקטו,מיליליטרים,750.00,"100 מ""ל",false,0,54.90,7.32,true,1,
87752028711,false,ברטנורא רוזטו מבעבע250מל,ארלדיקה,IT,רוזטו מבעבע פחית,מיליליטרים,250.00,"100 מ""ל",false,1,18.90,7.56,true,1,
605453120277,false,מקלות סורימי קפוא 454גרם,,US,מקלות סורימי,גרמים,454.00,100 גרם,false,1,34.90,7.69,true,1,
608614255535,false,פופקורן בטעם  קרמל מלוח,מג'\יקס סום תעשיות מזון,IL,פופקורנס קרמל,גרמים,50.00,100 גרם,false,1,5.40,10.80,true,1,
613008742409,false,אריזונה אפרסק בקבוק 1ל,"נטורלה גטרנק בע""\מn\",BG,אריזונה אפרסק,ליטרים,1.00,ליטר,false,1,12.80,12.80,true,1,
613008755461,false,אריזונה אוכמניות בקבוק1ל,"נטורלה גטרנק בע""\מn\",BG,אריזונה אוכמניות,ליטרים,1.00,ליטר,false,1,12.80,12.80,true,1,
628154383659,false,דגני פרוטי פבלס 311 גרם,,US,דגני פרוטי פבלס,גרמים,311.00,100 גרם,false,1,23.70,7.62,true,1,
645173911038,false,מלפפונים קורנישונים670גר,קלמן אינדיה פי וי סי,IN,מלפפ.קורנישונים,גרמים,670.00,100 גרם,false,0,10.90,1.63,true,1,
649660432020,false,שזיף מיובש נטול גלעין567,היל ויו פקינג קומפני,US,שזיף מיובש,גרמים,567.00,100 גרם,false,1,29.90,5.27,true,1,
724049694562,false,"אופוריה אדפ לאשה100מ""ל",,FR,אופוריה 100 לאשה,מיליליטרים,100.00,"100 מ""ל",false,0,159.00,159.00,true,1,
724049694685,false,נרסיסו אדט לאישה 100 מל,,FR,נרסיסו אדט לאישה,מיליליטרים,100.00,"100 מ""ל",false,0,269.00,269.00,true,1,
724049694708,false,פלור מאסק לאישה 100 מל,,FR,פלור מאסק לאישה,מיליליטרים,100.00,"100 מ""ל",false,0,279.00,279.00,true,1,
728229123811,false,צ'יפס ירקות ים תיכוני110,היין סלסטיאל גרופ,HN,צ'יפס מתובל,גרמים,110.00,100 גרם,false,0,15.90,14.45,true,1,
733353400561,false,"יין שרדונה פחית 250 מ""ל",,IT,יין שרדונה פחית,מיליליטרים,250.00,"100 מ""ל",false,1,18.90,7.56,true,1,
768404001640,false,"גלידה בטעם קפה 500 מ""ל",מוצרי איכות אמריקאיים בע,IL,גלידת בן & ג'ריס,מיליליטרים,500.00,"100 מ""ל",false,0,23.90,4.78,true,1,
801541512324,false,טולסי כורכום ג'ינגר25שק,אורגניק אינדיה,IN,טולסי 25 שק.,גרמים,47.00,100 גרם,false,1,17.90,38.09,true,1,
818570007066,false,תמצית וניל טהור ווטקינס,ג'י.אר. ווטקינס,US,תמצית וניל טהור,מיליליטרים,29.00,"100 מ""ל",false,1,32.90,113.45,true,1,
835811003441,false,תבניות מחולקות+מכסה 5 יח,,CN,תבניות מחולקות,יחידה,1.00,יחידה,false,1,12.90,12.90,true,1,
835811007494,false,ג'לטין טהור מדגים 14*2 ג,גואנגדונג מיניאנג,TW,ג'לטין טהור,גרמים,28.00,100 גרם,false,0,11.30,40.36,true,1,
839762000658,false,נקטר גויאבה איילנד 1 ל',אדיר,EG,נקטר איילנד,ליטרים,1.00,ליטר,false,0,12.50,12.50,true,1,
854571007070,false,חט.קינואה שוקולד+אוכמנ57,אנדרקובר שוקולד,US,חטיף קינואה,גרמים,57.00,100 גרם,false,1,14.90,26.14,true,1,
855074007086,false,פלפלון ביס בשקית,קטיף.,IL,פלפלון ביס בשקית,גרמים,200.00,100 גרם,false,1,8.90,4.45,true,1,
856591000062,false,עוגיות מזרחיות מלח400גרם,מאפיית יוסף ושמחה עבאדי,IL,עוגיות מזרחיות,גרמים,400.00,100 גרם,false,0,14.90,3.73,true,1,
856591000109,false,עוגיות מזרחיות פריכות400,מאפיית יוסף ושמחה עבאדי,IL,עוגיות מזרחיות,גרמים,400.00,100 גרם,false,0,14.90,3.73,true,1,
866206000233,false,חט.קינואה שוקולד+מלח57גר,אנדרקובר שוקולד,US,חטיף קינואה,גרמים,57.00,100 גרם,false,1,14.90,26.14,true,1,
884912129512,false,דגני קוקו פבלס 311 גרם,,US,דגני קוקו פבלס,גרמים,311.00,100 גרם,false,1,23.70,7.62,true,1,
884912342737,false,דגני תירס וופל קריספ326ג,פוסט,US,דגני וופל קריספ,גרמים,326.00,100 גרם,false,1,23.70,7.27,true,1,
884912359155,false,האני באנצס רוסטד 340 גרם,,US,האני באנצס רוסטד,גרמים,340.00,100 גרם,false,1,24.90,7.32,true,1,
884912359162,false,פוסט הני בנצ'ס אלמונד340,,US,דגני הני בנצ'ס,גרמים,340.00,100 גרם,false,1,24.90,7.32,true,1,
884912359483,false,האני בנצ'ס+חתיכות תות312,,US,דגני האני בנצ'ס,גרמים,312.00,100 גרם,false,1,24.90,7.98,true,1,
884912365200,false,דגני  בוקר אוראו 311 גרם,,US,דגני  בוקר אוראו,גרמים,311.00,100 גרם,false,1,25.90,8.33,true,1,
1230000068314,false,טחון מן הצומח ביונד מיט,זנברגן וורלד פינסט מיט ב,NL,טחון מן הצומח בי,גרמים,300.00,100 גרם,false,1,39.90,13.30,true,1,
1230000116022,false,המבורגר ביונד מיט מארז,ביונד מיט קליפורניה ארהב,US,המבורגר ביונד מי,גרמים,226.00,100 גרם,false,1,32.90,14.55,true,1,
3014260240226,false,קצף גילוח ג'ילט רגיש200מ,ג'\ילט,GB,קצף גילוח ג'ילט,מיליליטרים,200.00,"100 מ""ל",false,0,16.40,8.20,true,1,
3046920028004,false,שוק.מריר לינדט 70% 100ג,לינדט ושפרונגלי,FR,שוקולד אקסלנס,גרמים,100.00,100 גרם,false,0,16.90,16.90,true,1,
3046920028363,false,שוק.מריר לינדט 85% 100ג,לינדט ושפרונגלי,FR,שוקולד לינדט 85%,גרמים,100.00,100 גרם,false,0,16.90,16.90,true,1,
3046920028721,false,שוק.מריר לינדט 99% 50גרם,לינדט ושפרונגלי,FR,שוקולד אקסלנס,גרמים,50.00,100 גרם,false,1,16.90,33.80,true,1,
3046920028752,false,שוק.מריר לינדט מנטה 100ג,לינדט ושפרונגלי,FR,שוקולד לינדט,גרמים,100.00,100 גרם,false,0,16.90,16.90,true,1,
3046920029681,false,שוק.מילד 85% אקסלנס100גר,לינדט ושפרונגלי,DE,שוקולד אקסלנס,גרמים,100.00,100 גרם,false,1,16.90,16.90,true,1,
3059943015128,false,אירוויק נטול גז לבנדר345,רקיט בנקיזר,PL,אירוויק מבשם,מיליליטרים,345.00,"100 מ""ל",false,0,15.90,4.61,true,1,
3059943016507,false,מטהר ספריי לבנדר 240מל,רקיט בנקיזר,GB,אירויק ספריי,מיליליטרים,240.00,"100 מ""ל",false,0,11.90,4.96,true,1,
3059944021197,false,ויט קרם להסרת שיער 400מל,רקיט בנקיזר,FR,מסיר שיער ויט,מיליליטרים,400.00,"100 מ""ל",false,0,41.90,10.48,true,1,
3073781161663,false,מותכת לה וואש קירי 8 יח,,FR,לה וואש קירי,גרמים,128.00,100 גרם,false,1,13.90,10.86,true,1,
3083681142983,false,שעועית עדינה  קפוא,בונדואל פרוספקטיב אנד די,PT,שעועית עדינה קפו,גרמים,600.00,100 גרם,false,1,23.90,3.98,true,1,
3083681143041,false,גרעיני תירס קפואים,בונדואל פרוספקטיב אנד די,PT,גרעיני תירס קפוא,גרמים,600.00,100 גרם,false,1,16.90,2.82,true,1,
3161911229199,false,חמאה רכה 250 גרם,אלוויר,FR,חמאה רכה,גרמים,250.00,100 גרם,false,0,21.90,8.76,true,1,
3161911366429,false,חמאה מלוחה רכה 250גרם,אלוויר,FR,חמאה רכה מלוחה,גרמים,250.00,100 גרם,false,0,21.90,8.76,true,1,
3387390320244,false,דגני בוקר פיטנס+פירות375,סי. פי. צרפת,FR,דגני פיטנס,גרמים,375.00,100 גרם,false,0,22.90,6.11,true,1,
3387390525960,false,קראנץ' דגני בוקר 500 גרם,סי. פי. צרפת,FR,קראנץ דגני בוקר,גרמים,500.00,100 גרם,false,0,25.00,5.00,true,1,
3387390730852,false,דגני בוקר פיטנס 375 גרם,סי. פי. צרפת,FR,דגני פיטנס,גרמים,375.00,100 גרם,false,0,22.90,6.11,true,1,
3501271140039,false,טופי חמוצ.ט.פטל קולה150ג,,FR,טופי חמוץ פטל,גרמים,150.00,100 גרם,false,1,16.90,11.27,true,1,
3501271213047,false,טופי חמוץ תפוח תות150גרם,,FR,טופי חמוץ תפוח,גרמים,150.00,100 גרם,false,1,16.90,11.27,true,1,
3501275590458,false,סוכריות חמוצות שרוך1802ג,,FR,סוכריות חמוצות,גרמים,180.00,100 גרם,false,1,16.90,9.39,true,1,
3501275590465,false,סוכריות חמוצות שטוחים180,,FR,סוכריות חמוצות,גרמים,180.00,100 גרם,false,1,16.90,9.39,true,1,
3525490011116,false,"קברנה לה ג'אמל 750 מ""ל",בדט קלמנט,FR,קברנה לה ג'אמל,מיליליטרים,750.00,"100 מ""ל",false,1,54.90,7.32,true,1,
3574660239829,false,קרם ידיים ניוטרוג'ינה 75,ג'ונסון,FR,קרם ידיים קליל,מיליליטרים,75.00,"100 מ""ל",false,0,29.90,39.87,true,1,
3574660333466,false,32טמפ. או-בה פרוקומפ.מינ,"ש. שסטוביץ בע""\מ",DE,טמפוני או-בה,יחידה,1.00,יחידה,false,0,28.90,28.90,true,1,
3574660464429,false,76 קרפרי אוורירי מגה פק,ג'\ונסון אנד ג'\ונסון,GR,מגן תחתון קרפרי,יחידה,1.00,יחידה,false,0,19.90,19.90,true,1,
3574660514643,false,"קרם רב""ש ניוטרוג'ינה 300",ג'ונסונס בייבי,FR,"קרם רב""ש",מיליליטרים,300.00,"100 מ""ל",false,0,26.90,8.97,true,1,
3574661485201,false,או בה פרוקומפורט סופר32י,OB,FR,או בה פרוקומפורט,יחידה,1.00,יחידה,false,1,28.90,28.90,true,1,
3574661485218,false,או בה פרוקומפורט נורמל32,"ש. שסטוביץ בע""\מ",GR,או בה פרוקומפורט,יחידה,1.00,יחידה,false,1,28.90,28.90,true,1,
3574661487328,false,מגן תחתון קרפרי 56 יח',ג'\ונסון אנד ג'\ונסון,GR,מגני תחתון קרפרי,יחידה,1.00,יחידה,false,1,18.90,18.90,true,1,
3574661487632,false,קרפרי מגן לארג' פלוס64יח,ג'\ונסון אנד ג'\ונסון,GR,קרפרי מגני תחתון,יחידה,1.00,יחידה,false,1,19.90,19.90,true,1,
3574661491806,false,מי פה ליסטרין וייט 500מל,ג'ונסון,IT,מי פה ליסטרין,מיליליטרים,500.00,"100 מ""ל",false,1,24.90,4.98,true,1,
3574661501901,false,שטיפה אינטימית קרפרימ200,קולגייט פלמוליב,IT,שטיפה אינטימית,מיליליטרים,200.00,"100 מ""ל",false,1,21.90,10.95,true,1,
3574661610344,false,"ניוטרוג'נה קרם רב""ש 300מ",גונסון אנד גונסון סנטה ב,FR,ניוטרוג'ינה קרם,מיליליטרים,300.00,"100 מ""ל",false,1,26.90,8.97,true,1,
3600521720219,false,פעולה משולשת קרם לילה,"קרלסרו, גרמניה",DE,קרם לילה,מיליליטרים,50.00,"100 מ""ל",false,0,49.90,99.80,true,1,
3600523652280,false,שמפו אלביב 6 שמנים,קוסמטיקס,TR,אלביב שמפו,מיליליטרים,550.00,"100 מ""ל",false,1,17.90,3.25,true,1,
3600523652297,false,מרכך אלביב 6 שמנים,קוסמטיקס,TR,אלביב מרכך,מיליליטרים,550.00,"100 מ""ל",false,1,17.90,3.25,true,1,
3600523782567,false,שמפו אלביב דרים לונג500מ,קוסמטיקס,FR,אלביב שמפו,מיליליטרים,500.00,"100 מ""ל",false,1,17.90,3.58,true,1,
3600523782581,false,מרכך אלביב דרים לונג,קוסמטיקס,FR,אלביב מרכך,מיליליטרים,500.00,"100 מ""ל",false,1,17.90,3.58,true,1,
3600523953677,false,"דרמו רויטליפט לחות50 מ""ל","קרלסרו, גרמניה",DE,דרמו רויטליפט לח,מיליליטרים,50.00,"100 מ""ל",false,1,64.90,129.80,true,1,
3600524051334,false,אלביב מרכך היאלורונית400,RAMOUILLET,FR,אלביב מרכך,מיליליטרים,400.00,"100 מ""ל",false,1,18.90,4.73,true,1,
3600541029323,false,ESSENTIALS מסיר איפור,סופרויאל,FR,ESSENTIALS מסיר,מיליליטרים,200.00,"100 מ""ל",false,0,25.00,12.50,true,1,
3600541402270,false,"דאודורנט ספריי פרש 150מ""",סופרוקוס,FR,דאו.גרנייה,מיליליטרים,150.00,"100 מ""ל",false,0,11.90,7.94,true,1,
3600541740006,false,דאו ספריי אקשן קונטרול,סופרוקוס,FR,דאו.גרנייה,מיליליטרים,150.00,"100 מ""ל",false,1,11.90,7.94,true,1,
3600541928275,false,מים מיסלריים דו-פאזי400מ,"קוסמופול, פולין",PL,מים מיסלריים דו,מיליליטרים,400.00,"100 מ""ל",false,1,30.00,7.50,true,1,
3600542365796,false,בוטניקל ג'ל ניקוי 200 מל,לוריאל,PL,בוטניקל ג'ל ניקו,מיליליטרים,200.00,"100 מ""ל",false,1,25.00,12.50,true,1,
3600542375801,false,פיור אקטיב 3 ב1 פחם150מל,גרנייה,FR,פיור אקטיב 3 ב 1,מיליליטרים,150.00,"100 מ""ל",false,1,30.00,20.00,true,1,
3600542421676,false,פרוקטיס היירפוד מרכך בננ,"אינטרביוטי קוסמטיק בע""\מ",IL,פרוקטיס היירפוד,מיליליטרים,350.00,"100 מ""ל",false,1,14.90,4.25,true,1,
3600542421683,false,פרוקטיס היירפוד שמפו בננ,"אינטרביוטי קוסמטיק בע""\מ",IL,פרוקטיס היירפוד,מיליליטרים,350.00,"100 מ""ל",false,1,14.90,4.25,true,1,
3608580730255,false,קונפיטורת משמש 370 גרם,,FR,קונפיטורת משמש,גרמים,370.00,100 גרם,false,1,20.90,5.65,true,1,
3661163990545,false,דאו.אדידס A3 אינטנסיב200,אגריפק אס איי,PT,דאודורנט אדידס,מיליליטרים,200.00,"100 מ""ל",false,0,17.90,8.95,true,1,
4000415851705,false,שוקולד נוגט 100 גרם,"לודוויג שוקולד בע""\מ",DE,שוקולד נוגט,גרמים,100.00,100 גרם,false,0,6.90,6.90,true,1,
4000415856601,false,שוקולד לבן 100 גרם,"לודוויג שוקולד בע""\מ",DE,שוקולד לבן,גרמים,100.00,100 גרם,false,1,6.90,6.90,true,1,
4000417019004,false,שוק.ריטר חלב אגוז שלם100,אלפרד ריטר,DE,שוקולד ריטר,גרמים,100.00,100 גרם,false,0,11.90,11.90,true,1,
4000417025005,false,שוק.ריטר עם מרציפן 100גר,אלפרד ריטר,DE,שוקולד ריטר,גרמים,100.00,100 גרם,false,0,9.90,9.90,true,1,
4000417101211,false,חטיף אמיצ'לי ק.אגוז150ג,,AT,חטיף אמיצ'לי,גרמים,150.00,100 גרם,false,1,18.90,12.60,true,1,
4000417222008,false,שוק.חלב ריטר שברי אגו100,אלפרד ריטר,DE,שוקולד ריטר,גרמים,100.00,100 גרם,false,1,9.90,9.90,true,1,
4000417224002,false,שוק.ריטר מריר אגוזים100ג,אלפרד ריטר,DE,שוקולד ריטר,גרמים,100.00,100 גרם,false,0,11.90,11.90,true,1,
4000417708007,false,שוקולד ריטר מריר שקד100ג,אלפרד ריטר,DE,שוקולד ריטר,גרמים,100.00,100 גרם,false,1,11.90,11.90,true,1,
4000539280726,false,שוק.מריר לינדט70%מילד100,לינדט ושפרונגלי,DE,שוקולד אקסלנס,גרמים,100.00,100 גרם,false,1,16.90,16.90,true,1,
4000539280740,false,שוק.מריר לינדט 78% 100ג,לינדט ושפרונגלי קילשברג,DE,שוקולד אקסלנס,גרמים,100.00,100 גרם,false,1,16.90,16.90,true,1,
4000607850004,false,שוקולד חלב 100 גרם,"לודוויג שוקולד בע""\מ",DE,שוקולד חלב,גרמים,100.00,100 גרם,false,0,6.90,6.90,true,1,
4000607852008,false,שוקולד מריר 100 גרם,"לודוויג שוקולד בע""\מ",DE,שוקולד מריר,גרמים,100.00,100 גרם,false,0,6.90,6.90,true,1,
4000607854606,false,שוקולד ילדים 100 גרם,"לודוויג שוקולד בע""\מ",DE,שוקולד ילדים,גרמים,100.00,100 גרם,false,1,6.90,6.90,true,1,
4005808890507,false,קרם לחות ניוואה סופט200מ,HELLAS BEIERSDORF,ES,קרם ניוואה סופט,מיליליטרים,200.00,"100 מ""ל",false,0,21.90,10.95,true,1,
4005900828088,false,ניוואה רולאון פרש לגבר50,HELLAS BEIERSDORF,DE,דאודורנט ניוואה,מיליליטרים,50.00,"100 מ""ל",false,0,15.00,30.00,true,1,
4005900845733,false,"דאו.ספריי פרש 150 מ""ל",,DE,דאודורנט ניוואה,מיליליטרים,150.00,"100 מ""ל",false,1,15.00,10.00,true,1,
4008102002867,false,מילפורד משקה לימון400גרם,O.T.G,DE,משקה לימון,גרמים,400.00,100 גרם,false,0,16.80,4.20,true,1,
4008287051032,false,בירה קרומבאכר פחית 500 מ,קרומבאכר,DE,בירה קרומבאכר,מיליליטרים,500.00,"100 מ""ל",false,1,10.90,2.18,true,1,
4008287762020,false,בירה קרומבאכר חיטה בק500,קרומבאכר,DE,בירה קרומבאכר,מיליליטרים,500.00,"100 מ""ל",false,0,11.20,2.24,true,1,
4008500006337,false,אוטן פמלי קייר סטיק 50 מ,אס.סי.ג'ונסון מידרכט,IT,אוטן סטיק,מיליליטרים,50.00,"100 מ""ל",false,0,20.70,41.40,true,1,
4008717501007,false,תערובת שתילה  5 ליטר 800,German Klasmann-Deilmann,DE,תערובת שתילה,גרמים,800.00,100 גרם,false,1,14.90,1.86,true,1,
4009300524588,false,חליטת פירות יער20שקיק3*ג,טיקנה,DE,חליטת פירות יער,גרמים,60.00,100 גרם,false,0,14.90,24.83,true,1,
4009300524625,false,חליטת צ'אי מאסלה20שק2*גר,טיקנה,DE,חליטת צ'אי מאסלה,גרמים,40.00,100 גרם,false,0,14.90,37.25,true,1,
4009300525684,false,חליטת לימון ג'ינג'ר20שק,טיקנה,DE,חליטת לימון,גרמים,35.00,100 גרם,false,0,14.90,42.57,true,1,
4009300529538,false,חליטת פירות לימון 20שק',,DE,חליטת פירות,גרמים,50.00,100 גרם,false,1,17.90,35.80,true,1,
4009300529552,false,חליטת פירות אפרסק20שק,,DE,חליטת פירות,גרמים,50.00,100 גרם,false,1,17.90,35.80,true,1,
4009900013581,false,מסטיק סטיקס ספירמינט 5יח,ריגלי צרפת,FR,מסטיק סטיקס,גרמים,65.00,100 גרם,false,0,11.50,17.69,true,1,
4009900385824,false,מסטיק סטיקס פפרמינט 5 יח,ריגלי צרפת,FR,מסטיק סטיקס,גרמים,65.00,100 גרם,false,0,11.50,17.69,true,1,
4009900402965,false,אורביט וייט פירות 64גרם,ריגלי פולין,PL,אורביט בקבוקון,גרמים,64.00,100 גרם,false,0,11.90,18.59,true,1,
4009900403023,false,מסטיק אורביט ויט מנטה64ג,ריגלי פולין,PL,אורביט בקבוקון,גרמים,64.00,100 גרם,false,0,11.90,18.59,true,1,
4009900420129,false,אורביט פפרמינט בקבוקון64,,PL,אורביט פפרמינט,גרמים,64.00,100 גרם,false,1,11.90,18.59,true,1,
4009900426039,false,מסטיק איירוויבז מנטה64ג,ריגלי פולין,PL,מסטיק איירוויבז,גרמים,64.00,100 גרם,false,1,11.90,18.59,true,1,
4009900426121,false,מסטיק איירוויבז אוכמנ64ג,ריגלי פולין,PL,מסטיק איירוויבז,גרמים,64.00,100 גרם,false,1,11.90,18.59,true,1,
4009900455299,false,סוכריות סקיטלס פירות174ג,ריגלי ממתקים,CZ,סוכריות סקיטלס,גרמים,174.00,100 גרם,false,0,9.80,5.63,true,1,
4009900479998,false,אורביט אוכמניות בקבוק64ג,ריגלי פולין,PL,אורביט בקבוקון,גרמים,64.00,100 גרם,false,0,11.90,18.59,true,1,
4009900482417,false,אורביט באבל מינט בקבוק64,ריגלי פולין,PL,אורביט באבל מינט,גרמים,64.00,100 גרם,false,0,11.90,18.59,true,1,
4009900484060,false,מסטיק בקבוק M פפרמינט84ג,ריגלי פולין,PL,אורביט בקבוק,גרמים,84.00,100 גרם,false,0,14.90,17.74,true,1,
4009900484091,false,מסטיק בקבוק M ספירמינ84,ריגלי פולין,PL,אורביט בקבוק,גרמים,84.00,100 גרם,false,0,14.90,17.74,true,1,
4009900484305,false,מסטיק בקבוקMסוויטמינט84ג,ריגלי,GB,אורביט בקבוק,גרמים,84.00,100 גרם,false,0,14.90,17.74,true,1,
4009900491044,false,איירוויבז Mאוכמניות 84גר,,PL,מסטיק איירוויבז,גרמים,84.00,100 גרם,false,1,14.90,17.74,true,1,
4009900509770,false,מסטיק בקבוק M תות 84 גרם,ריגלי,GB,אורביט בקבוק,גרמים,84.00,100 גרם,false,1,14.90,17.74,true,1,
4009900531122,false,מסטיק אורביט ספירמינט64ג,,PL,אורביט ספירמינט,גרמים,64.00,100 גרם,false,1,11.90,18.59,true,1,
4009900534611,false,איירויבז מנטה+מלון64גרם,,IL,מסטיק אייוויבז,גרמים,64.00,100 גרם,false,1,11.90,18.59,true,1,
4009900535519,false,אורביט רפרשרס ספירמי15.6,ריגלי,PL,אורביט רפרשרס,גרמים,15.00,100 גרם,false,1,4.30,28.67,true,1,
4009900535823,false,אורביט רפרשרס בטעם15.6ג,,PL,מסטיק אורביט,גרמים,15.00,100 גרם,false,1,4.30,28.67,true,1,
4009900536257,false,אורביט רפרשרס ספירמינט67,ריגלי פולין,PL,אורביט רפרשרס,גרמים,67.00,100 גרם,false,1,13.00,19.40,true,1,
4009900536288,false,אורביט רפרשרס פפרמינט67ג,ריגלי,PL,אורביט רפרשרס,גרמים,67.00,100 גרם,false,1,13.00,19.40,true,1,
4009900539685,false,מסטיק פייב באונס מנטה61ג,ריגלי בעמ רוסיה,PL,מסטיק פייב,גרמים,61.00,100 גרם,false,1,12.90,21.15,true,1,
4009900539746,false,פייב באונס ט.אבטיח61.8,ריגלי בעמ רוסיה,PL,מסטיק פייב,גרמים,61.00,100 גרם,false,1,12.90,21.15,true,1,
4009900540551,false,אורביט רפרשרס טרופיקל67ג,,PL,אורביט רפרשרס,גרמים,67.00,100 גרם,false,1,13.00,19.40,true,1,
4011100002227,false,מיני באונטי בשקית 403גרם,מרס הולנד בי.וי.,NL,מיני באונטי,גרמים,403.00,100 גרם,false,0,24.90,6.18,true,1,
4011800628512,false,קורני חט.דגנים+שוקולד6יח,Schwartauer,DE,קורני חטיף דגנים,גרמים,150.00,100 גרם,false,0,13.90,9.27,true,1,
4011800630515,false,קורני 6חט.דגנים+שוק+בננה,Schwartauer,DE,קורני חטיף דגנים,גרמים,150.00,100 גרם,false,0,13.90,9.27,true,1,
4011800633516,false,6קורני+שוק.מריר58% קקאו,Schwartauer,DE,קורני חטיף דגנים,גרמים,138.00,100 גרם,false,0,13.90,10.07,true,1,
4014400901191,false,בונבוניירה מרסי 250 גרם,אוגוסט שטורק,DE,בונבוניירת מרסי,גרמים,250.00,100 גרם,false,0,29.90,11.96,true,1,
4014400907902,false,סוכ.וורטר ל.סוכר בוקס42ג,שטורק,DE,סוכריות וורטר,גרמים,42.00,100 גרם,false,0,7.10,16.90,true,1,
4014400910063,false,סוכריות חמאה וורטר135גרם,אוגוסט שטורק,DE,סוכריות וורטר,גרמים,135.00,100 גרם,false,0,9.50,7.04,true,1,
4014400914696,false,סוכ.חמאה וורטר ל.סוכר80ג,אוגוסט שטורק,DE,סוכריות וורטר,גרמים,80.00,100 גרם,false,0,9.50,11.88,true,1,
4014400920857,false,"סוכ.וורטר לל""ס שוקולד70ג",אוגוסט שטורק,DE,סוכריות וורטר,גרמים,70.00,100 גרם,false,1,9.50,13.57,true,1,
4014400923711,false,טופיפי 125 גרם,אוגוסט שטורק,DE,טופיפי,גרמים,125.00,100 גרם,false,1,13.90,11.12,true,1,
4014400925319,false,ורטר פופקורן קרמל 140גר,,DE,ממתק קרמל ורטר,גרמים,140.00,100 גרם,false,1,16.50,11.79,true,1,
4015000280372,false,דאו.רול און FA ספורט 50,הנקל סוד,DE,דאודורנט FA,מיליליטרים,50.00,"100 מ""ל",false,0,11.90,23.80,true,1,
4015000519915,false,דאו.ספריי פינק פשיין 200,הנקל סוד,TR,דאודורנט FA,מיליליטרים,200.00,"100 מ""ל",false,0,10.90,5.45,true,1,
4015000615921,false,דאו.ספרי FA ספורט גבר200,הנקל סוד,TR,דאודורנט FA,מיליליטרים,200.00,"100 מ""ל",false,0,10.90,5.45,true,1,
4015400564034,false,מגן תח.אולוייז +L מגה פק,פרוקטר אנד גמבל,DE,מגן תחתון אולויז,יחידה,1.00,יחידה,false,0,22.90,22.90,true,1,
4015400564454,false,68מגני תח.אולוייז מגה L,פרוקטר אנד גמבל,DE,מגן תחתון אולויז,יחידה,1.00,יחידה,false,0,22.90,22.90,true,1,
4015400681670,false,18תחב.אולוייז לילה בטוח,פרוקטר אנד גמבל,UA,תחבושות אולוייז,יחידה,1.00,יחידה,false,0,23.90,23.90,true,1,
4015400690313,false,18טמפקס קומפאק פרל רגולר,פרוקטר אנד גמבל,HU,טמפקס,יחידה,1.00,יחידה,false,1,24.90,24.90,true,1,
4015400731719,false,20 תח.אולוייז דואו לילה,פרוקטר אנד גמבל,UA,תחבושות אולוייז,יחידה,1.00,יחידה,false,1,23.90,23.90,true,1,
4015400746812,false,80מגני תח.אולוייז מגה פק,פרוקטר אנד גמבל,UA,מגן תחתון אולויז,יחידה,1.00,יחידה,false,1,22.90,22.90,true,1,
4015400755241,false,28תח.אולוייז דואו נורמל+,פרוקטר אנד גמבל,UA,תחבושות אולוייז,יחידה,1.00,יחידה,false,1,23.90,23.90,true,1,
4015400755487,false,24 תח.אולוייז דואו לונג,פרוקטר אנד גמבל,UA,תחבושות אולוייז,יחידה,1.00,יחידה,false,1,23.90,23.90,true,1,
4015400990482,false,אב.כביסה אריאל קולור 3קג,פרוקטר אנד גמבל,TR,אבקת אריאל קולור,קילוגרמים,3.00,"ק""ג",false,1,31.90,10.64,true,1,
4015600763251,false,שמפו הד&שולדרס קלאסי600מ,פרוקטר אנד גמבל,RO,שמפו הד&שולדרס,מיליליטרים,600.00,"100 מ""ל",false,0,21.90,3.65,true,1,
4015600763299,false,"הד&שולדרס 2ב1- 600 מ""ל",פרוקטר אנד גמבל,RO,שמפו הד&שולדרס,מיליליטרים,600.00,"100 מ""ל",false,0,21.90,3.65,true,1,
4015600807436,false,דאו.ג'ל - PB-CW גילט75מל,,PL,דאודורנט ג'ל,מיליליטרים,75.00,"100 מ""ל",false,0,26.90,35.87,true,1,
4017100198151,false,עוג.סנדוויץ היט וניל220ג,באלסן,PL,עוגיות סנדוויץ,גרמים,220.00,100 גרם,false,1,9.90,4.50,true,1,
4017100219900,false,גלילי ופל חלב וופלטן100ג,חברת באלסן,DE,בלזן וופלטן,גרמים,100.00,100 גרם,false,0,11.90,11.90,true,1,
4017100364112,false,עוג.סנדוויץ היט קקאו220ג,באלסן,PL,עוגיות סנדוויץ,גרמים,220.00,100 גרם,false,1,9.90,4.50,true,1,
4018344564627,false,פילה הרינג ברוטב פלפל200,,LV,פילה הרינג ברוטב,גרמים,200.00,100 גרם,false,1,11.90,5.95,true,1,
4022025001905,false,בלו ווין מבעבע זהב 750מל,היי סישל סוהן טראבן,DE,בלו ווין מבעבע,מיליליטרים,750.00,"100 מ""ל",false,1,54.90,7.32,true,1,
4022025002100,false,בלו ויין מבעבע רוזה750מל,היי סישל סוהן טראבן,DE,בלו ויין מבעבע,מיליליטרים,750.00,"100 מ""ל",false,1,54.90,7.32,true,1,
4025700001962,false,שוקולד לבן מילקה 100 גרם,מונדלייז,UA,שוקולד לבן,גרמים,100.00,100 גרם,false,1,7.90,7.90,true,1,
4033100013348,false,אל די ארוך חפיסה,jti,TR,אל די ארוך,יחידה,1.00,יחידה,false,0,28.50,28.50,false,1,
4033100024252,false,וינסטון אקווה חפיסה,jti,CH,ווינסטון אקווה,יחידה,1.00,יחידה,false,0,32.00,32.00,false,1,
4033634066070,false,קרקר קמח כוסמין200,,DE,קרקר קמח כוסמין,גרמים,200.00,100 גרם,false,1,16.90,8.45,true,1,
4066600999614,false,"בירה פאולנר חיטה 500 מ""ל",מבשלת פאולנר,DE,בירה פאולנר חיטה,מיליליטרים,500.00,"100 מ""ל",false,1,12.90,2.58,true,1,
4072700003649,false,בירה פרנסיסקאנר,,DE,בירה פרנסיסקאנר,מיליליטרים,500.00,"100 מ""ל",false,0,12.90,2.58,true,1,
4084500065536,false,פנטן קרם לחות מוגברת 300,פרוקטר אנד גמבל,FR,קרם לשיער פנטן,מיליליטרים,300.00,"100 מ""ל",false,0,17.90,5.97,true,1,
4084500088917,false,פיירי לכלים לימון650מל,פרוקטר אנד גמבל,GB,פיירי נוזל לכלים,מיליליטרים,650.00,"100 מ""ל",false,0,10.90,1.68,true,1,
4084500149526,false,טייד ג'ל כביסה 2.48 ליטר,פרוקטר אנד גמבל,FR,טייד ג'ל,ליטרים,2.48,ליטר,false,0,28.50,11.49,true,1,
4101730002718,false,מוצרט 5 כדורים 100 גרם,,DE,מוצרט 5 כדורים,גרמים,100.00,100 גרם,false,1,12.90,12.90,true,1,
4603400000043,false,וודקה רוסקי,,RU,וודקה רוסקי,מיליליטרים,700.00,"100 מ""ל",false,0,64.90,9.28,true,1,
4603928000976,false,"וודקה בלוגה 700 מ""ל",מרינסקי ליקרו-וודאצ'\ני,RU,וודקה בלוגה,מיליליטרים,700.00,"100 מ""ל",false,1,129.90,18.56,true,1,
4607001779650,false,קפה נמס ג'קובס גולד 190ג,,RU,קפה נמס ג'קובס,גרמים,190.00,100 גרם,false,1,28.00,14.74,true,1,
4710068001692,false,"מאסטר קפה לאטה 240 מ""ל",תאיט מרקטינג אנד דיסטריב,TW,מאסטר קפה,מיליליטרים,240.00,"100 מ""ל",false,0,8.50,3.54,true,1,
4710068001715,false,מאסטר קפה,,TW,מאסטר קפה,מיליליטרים,240.00,"100 מ""ל",false,0,8.50,3.54,true,1,
4710068001739,false,מאסטר קפה,,TW,מאסטר קפה,מיליליטרים,240.00,"100 מ""ל",false,0,8.50,3.54,true,1,
4751003924010,false,טונה+ירקות ט.מקסיקני185ג,,LV,טונה עם ירקות,גרמים,185.00,100 גרם,false,1,13.90,7.51,true,1,
4751007730938,false,שפרוטים מעושנים 240 גרם,פודסטוק,LV,שפרוטים מעושנים,גרמים,240.00,100 גרם,false,1,12.70,5.29,true,1,
4751007733212,false,פילה סלמון ברוטב חרדל170,KARAVELLA,LV,פילה סלמון ברוטב,גרמים,170.00,100 גרם,false,1,12.90,7.59,true,1,
4751007733991,false,סלמון במיץ טבעי 200 גרם,KARAVELLA,LV,סלמון במיץ טבעי,גרמים,200.00,100 גרם,false,1,12.90,6.45,true,1,
4751007738095,false,דג סלמון בטעם מקסיקני220,,LV,דג סלמון+ירקות,גרמים,220.00,100 גרם,false,1,12.90,5.86,true,1,
4751007738101,false,דג סלמון סגנון איטלקי220,,LV,דג סלמון+ירקות,גרמים,220.00,100 גרם,false,1,12.90,5.86,true,1,
4800888219510,false,"דאו סטיק מלפפונים50 מ""ל",יוניליוור,PH,דאודורנט דאב,גרמים,50.00,100 גרם,false,1,15.90,31.80,true,1,
4860019001414,false,מים מינרליים,,GE,מים מינרליים,מיליליטרים,750.00,"100 מ""ל",false,0,9.70,1.29,true,1,
4891228430061,false,10 סכיני גילוח עם אלוורה,"ש. שסטוביץ בע""\מ",CN,סכיני גילוח 10יח,יחידה,1.00,יחידה,false,0,25.90,25.90,true,1,
4903001904192,false,"רוטב סויה יאמאסה 500 מ""ל",יאמאסה,JP,רוטב סויה יאמאסה,מיליליטרים,500.00,"100 מ""ל",false,0,17.90,3.58,true,1,
4903001930993,false,"רוטב טריאקי יאמאסה500מ""ל",יאמאסה,JP,רוטב טריאקי,מיליליטרים,500.00,"100 מ""ל",false,1,17.90,3.58,true,1,
5000054353300,false,פריסקיז פטה סלמון 156 גר,נסטלה פורינה,US,פריסקיז פטה,גרמים,156.00,100 גרם,false,1,6.60,4.23,true,1,
5000127163195,false,קלוג'ס ספיישל K 500 גרם,קלוג'ס,GB,קלוג'ס ספיישלK,גרמים,500.00,100 גרם,false,0,25.90,5.18,true,1,
5000146401568,false,וולייט 10 דפים שומרי צבע,איטליה,IT,וולייט דפים,יחידה,1.00,יחידה,false,0,15.90,15.90,true,1,
5000157143365,false,מתבל ט.מיונז וקטשופ425גר,"פודליצקי ספ.ז.או.או,",PL,מתבל ט.מיונז,גרמים,425.00,100 גרם,false,1,15.90,3.74,true,1,
5000159020312,false,שוקולד מלטיזרס 37 גרם,,NL,שוקולד מלטיזרס,גרמים,37.00,100 גרם,false,1,5.50,14.86,true,1,
5000159376655,false,סוכריות סקיטלס פירות38ג,ריגלי ממתקים,CZ,סוכריות סקיטלס,גרמים,38.00,100 גרם,false,0,3.40,8.95,true,1,
5000159376792,false,סוכריות סקיטלס חמוץ 38 ג,ריגלי ממתקים,CZ,סוכריות סקיטלס,גרמים,38.00,100 גרם,false,0,3.40,8.95,true,1,
5000159407236,false,חטיף מרס 51 גרם,מרס הולנד בי.וי.,NL,חטיף מרס,גרמים,51.00,100 גרם,false,0,4.60,9.02,true,1,
5000159409179,false,מיני סניקרס בשקית 403 גר,מרס הולנד בי.וי.,NL,מיני סניקרס,גרמים,403.00,100 גרם,false,0,24.90,6.18,true,1,
5000159442572,false,מיני טוויקס בשקית 403גרם,מרס,DE,מיני טוויקס,גרמים,403.00,100 גרם,false,0,24.90,6.18,true,1,
5000159452540,false,חטיפי סניקרס 5 * 50 גרם,מרס הולנד בי.וי.,NL,חטיפי סניקרס,גרמים,250.00,100 גרם,false,1,12.90,5.16,true,1,
5000159452663,false,חטיפי מרס 5 * 45 גרם,,NL,חטיפי מרס,גרמים,225.00,100 גרם,false,1,12.90,5.73,true,1,
5000159459228,false,חטיף טוויקס 50 גרם,מרס,NL,חטיף טוויקס,גרמים,50.00,100 גרם,false,0,4.60,9.20,true,1,
5000159461122,false,חטיף סניקרס 50 גרם,מרס הולנד בי.וי.,NL,חטיף סניקרס,גרמים,50.00,100 גרם,false,0,4.60,9.20,true,1,
5000159538626,false,חטיפי טוויקס 5 * 40 גרם,,NL,חטיפי טוויקס,גרמים,200.00,100 גרם,false,1,12.90,6.45,true,1,
5000189974579,false,קיט קאט מיני 200 גרם,נסטלה גרמניה,DE,קיט קאט מיני,גרמים,200.00,100 גרם,false,0,15.90,7.95,true,1,
5000204658125,false,קיווי נוזל נעליים חום75מ,ג'ונסון,PL,קיווי נוזל,מיליליטרים,75.00,"100 מ""ל",false,0,17.30,23.07,true,1,
5000204661392,false,"קיווי משחה שחורה 100 מ""ל",ג'ונסון,ID,קיווי משחה שחורה,מיליליטרים,100.00,"100 מ""ל",false,1,9.90,9.90,true,1,
5000213014905,false,"בירה גינס פחית 440 מ""ל",קרלסברג ישראל,IE,בירה גינס פחית,מיליליטרים,440.00,"100 מ""ל",false,0,16.90,3.84,true,1,
5000267014234,false,וויסקי ג'וני ווקר אדום,ג'ון ווקר ובניו,GB,ג'וני ווקר אדום,מיליליטרים,700.00,"100 מ""ל",false,0,81.50,11.64,true,1,
5000267024233,false,וויסקי ג'וני ווקר שחור,ג'וני ווקר ובניו,GB,ויסקי ג'וני ווקר,מיליליטרים,700.00,"100 מ""ל",false,0,129.90,18.56,true,1,
5000394137486,false,4דורסל אופטימוםAA,דורסל,BE,דורסל אופטימום,יחידה,1.00,יחידה,false,1,24.90,24.90,true,1,
5000394137516,false,4דורסל אופטימוםAAA,דורסל,BE,דורסל אופטימום,יחידה,1.00,יחידה,false,1,24.90,24.90,true,1,
5000394140820,false,6דורסל פלוס פאוור AA,דורסל,BE,דורסל פלוס פאוור,יחידה,1.00,יחידה,false,1,19.90,19.90,true,1,
5000394141209,false,6דורסל פלוס פאוור AAA,דיפלומט,BE,דורסל פלוס פאוור,יחידה,1.00,יחידה,false,1,19.90,19.90,true,1,
5000394141827,false,סוללה דורסל C פלוס 2יח,דורסל,US,סוללה דורסל C,יחידה,1.00,יחידה,false,1,32.90,32.90,true,1,
5000396037548,false,ביסק.מצופה שוק.מריר200ג,יונייטד ביסקוויטס,GB,ביסקוויט מקויטיס,גרמים,200.00,100 גרם,false,1,11.90,5.95,true,1,
5000396037944,false,ביסקוויט מקוויטיס 250 גר,יונייטד ביסקוויטס,GB,ביסקוויט מקויטיס,גרמים,250.00,100 גרם,false,1,10.90,4.36,true,1,
5010026515933,false,מוזלי פירות+אגוזים750גרם,,GB,מוזלי מורנפלייק,גרמים,750.00,100 גרם,false,1,25.90,3.45,true,1,
5010182997680,false,"רייד קוטל זוחלים 300 מ""ל",אס.סי.ג'ונסון מידרכט,NL,רייד נמלים,מיליליטרים,300.00,"100 מ""ל",false,0,16.90,5.63,true,1,
5010182997918,false,דאק ג'ל אסלה ניחוח ים 55,DEOFLOR,IT,דאק ג'ל לאסלה,מיליליטרים,55.00,"100 מ""ל",false,0,11.50,20.91,true,1,
5010327000046,false,"וויסקי גרנטס 700 מ""ל","וויליאם גראנט ובניו בע""\",GB,וויסקי גרנט'ס,מיליליטרים,700.00,"100 מ""ל",false,0,79.90,11.41,true,1,
5010677551397,false,"בריזר למון ליים 275 מ""ל","בקרדי בע""מ",BE,בריזר למון ליים,מיליליטרים,275.00,"100 מ""ל",false,1,15.90,5.78,true,1,
5010677552387,false,בריזר ט.אננס בקבוק 275מל,בקרדי בעמ,BE,בריזר בטעם אננס,מיליליטרים,275.00,"100 מ""ל",false,0,15.90,5.78,true,1,
5010677554398,false,"בריזר אבטיח בקבוק 275מ""ל",בקרדי בעמ,BE,בריזר אבטיח,מיליליטרים,275.00,"100 מ""ל",false,0,15.90,5.78,true,1,
5011157630281,false,"אורז טילדה המשלי 1 ק""ג",טילדה,GB,אורז טילדה המשלי,קילוגרמים,1.00,"ק""ג",false,0,25.90,25.90,true,1,
5011348008479,false,"בירה קינג גובלין 500 מ""ל",מבשלת וויצ'ווד,GB,בירה קינג גובלין,מיליליטרים,500.00,"100 מ""ל",false,1,16.90,3.38,true,1,
5014271002675,false,מעדן תפוח וקינמון 284 גר,סאן דלפור - שמבור,FR,מעדן תפוח קינמון,גרמים,284.00,100 גרם,false,1,22.90,8.06,true,1,
5014271330426,false,מעדן אוכמניות כחולות284ג,סאן דלפור - שמבור,FR,מעדן אוכמניות,גרמים,284.00,100 גרם,false,0,22.90,8.06,true,1,
5014271350424,false,מעדן ארבעה פירות 284 גרם,סאן דלפור - שמבור,FR,מעדן 4 פירות,גרמים,284.00,100 גרם,false,0,22.90,8.06,true,1,
5014271360423,false,מעד.תפוז ללא תוס.סוכר284,סאן דלפור - שמבור,FR,מעדן תפוזים,גרמים,284.00,100 גרם,false,0,22.90,8.06,true,1,
5014271400426,false,מעדן תות שדה 284 גרם,סאן דלפור - שמבור,FR,מעדן תות שדה,גרמים,284.00,100 גרם,false,0,22.90,8.06,true,1,
5014271560427,false,מעדן תפוז+ג'ינג'ר 284גרם,סאן דלפור - שמבור,FR,מעדן תפוז+גינג'ר,גרמים,284.00,100 גרם,false,0,22.90,8.06,true,1,
5020628000126,false,סיידר תפוחים אלכוהולי500,ת'אצרס,GB,סיידר תפוחים,מיליליטרים,500.00,"100 מ""ל",false,1,10.90,2.18,true,1,
5024546366609,false,וויסקי לאודרס,,GB,וויסקי לאודרס,מיליליטרים,700.00,"100 מ""ל",false,0,99.10,14.16,true,1,
5026489484785,false,חט.קינואה ט.שמנת+עירית30,איט ריל,GB,חטיף קינואה,גרמים,30.00,100 גרם,false,1,10.00,33.33,true,1,
5029053032658,false,ממחטות קלינקס 9*8 יחידות,חוגלה קימברלי,IT,קלינקס שמיניה,יחידה,1.00,יחידה,false,1,8.60,8.60,true,1,
5029053510828,false,קוטקס תחבושות סופר 22 יח,חוגלה קימברלי,CZ,תחבושות קוטקס,יחידה,1.00,יחידה,false,0,20.90,20.90,true,1,
5029053535227,false,16טמפו.קוטקס מוליך נורמ.,קימברלי קלארק,CZ,טמפוני קוטקס,יחידה,1.00,יחידה,false,0,24.00,24.00,true,1,
5029053578309,false,קלינקס אולטרה סופט 48 דף,,GB,קלינקס אולטרה,יחידה,1.00,יחידה,false,1,8.90,8.90,true,1,
5029054220085,false,מגבונים לרך נולד 56*4 יח,חוגלה קימברלי,GB,מגבונים לרך נולד,יחידה,1.00,יחידה,false,1,31.90,31.90,true,1,
5035766060253,false,"בירה מרפיס סטאוט 500 מ""ל",הייניקן,GB,בירה מרפיס,מיליליטרים,500.00,"100 מ""ל",false,0,13.90,2.78,true,1,
5053827193368,false,קלוגס ברנפלקס 500 גרם,קלוגס קומפני אוף גרייט ב,GB,קלוגס ברנפלקס,גרמים,500.00,100 גרם,false,1,23.90,4.78,true,1,
5060517886486,false,מונסטר אנרג'י פחית 500 מ,energy Monster סרביה,RS,מונסטר אנרג'י,מיליליטרים,500.00,"100 מ""ל",false,1,7.90,1.58,true,1,
5060517886516,false,מונסטר אנרג'י זירו 500 מ,energy Monster סרביה,RS,מונסטר אנרג'י,מיליליטרים,500.00,"100 מ""ל",false,1,7.90,1.58,true,1,
5060639128051,false,מונסטר אנרג'י אולטרה500מ,energy Monster סרביה,RS,מונסטר אולטרה,מיליליטרים,500.00,"100 מ""ל",false,1,7.90,1.58,true,1,
5060751219033,false,מונסטר אנרג'י פרדייס500מ,energy Monster סרביה,RS,מונסטר אנרג'י,מיליליטרים,500.00,"100 מ""ל",false,1,7.90,1.58,true,1,
5201004020338,false,גלילי וופל רולס קלאסי400,א.ג פאפאגופולוס,GR,גלילי וופל קפריס,גרמים,400.00,100 גרם,false,1,20.90,5.23,true,1,
5201178801054,false,"קרם ניוואה 250 מ""ל",HELLAS BEIERSDORF,DE,ניוואה קרם לחות,מיליליטרים,250.00,"100 מ""ל",false,0,21.90,8.76,true,1,
5201263006340,false,DAY EVERYתחבושות נורמל18,,GR,תחבושות נורמל,יחידה,1.00,יחידה,false,1,12.90,12.90,true,1,
5201263006357,false,DAY EVERYתחבושות סופר18י,,GR,תחבושות סופר,יחידה,1.00,יחידה,false,1,12.90,12.90,true,1,
5201263006364,false,DAY EVERYתחבושות מקסי18י,,GR,תחבושות מקסי,יחידה,1.00,יחידה,false,1,12.90,12.90,true,1,
5201263011474,false,DAY EVERYמגן תח לארג30יח,,GR,מגני תחתון לארג',יחידה,1.00,יחידה,false,1,12.90,12.90,true,1,
5201340003385,false,טונה מעושנת שמן צמחי160ג,,GR,טונה מעושנת בשמן,גרמים,160.00,100 גרם,false,1,15.90,9.94,true,1,
5201340026704,false,טונה מעושנת פיקנטית160גר,,GR,טונה מעושנת,גרמים,160.00,100 גרם,false,1,15.90,9.94,true,1,
5201583750411,false,סוכריות ט.לימון+סטיביה32,,GR,סוכריות זירו,גרמים,32.00,100 גרם,false,1,7.50,23.44,true,1,
5201583751111,false,סוכריות אספרסו+סטיביה32ג,,GR,סוכריות זירו,גרמים,32.00,100 גרם,false,1,7.50,23.44,true,1,
5201583751418,false,סוכ.אייס בלו+סטיביה32גרם,,GR,סוכריות זירו,גרמים,32.00,100 גרם,false,1,7.50,23.44,true,1,
5201583752118,false,סוכריות ממולא שוק.חמאה36,,GR,סוכריות זירו,גרמים,36.00,100 גרם,false,1,7.50,20.83,true,1,
5201583752415,false,סוכריות ממולא שוק.תפוז36,,GR,סוכריות זירו,גרמים,36.00,100 גרם,false,1,7.50,20.83,true,1,
5201940010110,false,זיתים שחורים,,GR,זיתים שחורים,גרמים,454.00,100 גרם,false,0,17.90,3.94,true,1,
5208049002473,false,קנט ארוך חפיסה,BAT,TR,קנט ארוך,יחידה,1.00,יחידה,false,1,38.00,38.00,false,1,
5391523057936,false,סימילאק גולד שלב 2 700 ג,ABBOT,IE,סימילאק גולד,גרמים,700.00,100 גרם,false,1,71.90,10.27,true,1,
5391523057943,false,סימילאק גולד שלב 3 700 ג,ABBOT,IE,סימילאק גולד,גרמים,700.00,100 גרם,false,1,71.90,10.27,true,1,
5391523058070,false,סימילאק אדבנס+ שלב3 700ג,ABBOT,IE,סימילאק אדבנס,גרמים,700.00,100 גרם,false,1,65.90,9.41,true,1,
5391523058087,false,סימילאק אדבנס+ שלב2 700ג,ABBOT,IE,סימילאק אדבנס,גרמים,700.00,100 גרם,false,1,65.90,9.41,true,1,
5410076933129,false,אריאל שושן צחור 3קג,P&G,CZ,אריאל שושן צחור,קילוגרמים,3.00,"ק""ג",false,0,31.90,10.64,true,1,
5410103161617,false,ACTIVE TRIPLE קרם לחות,"קרלסרו, גרמניה",DE,קרם לחות עור יבש,מיליליטרים,50.00,"100 מ""ל",false,0,49.90,99.80,true,1,
5410126006087,false,ביסקוויט בטעם קרמל 700 ג,לוטוס ביקרי,BE,ביסקוויט לוטוס,גרמים,700.00,100 גרם,false,0,31.60,4.51,true,1,
5410126106183,false,ביסקוויט לוטוס ארוז 50יח,לוטוס ביקרי,BE,ביסקוויט לוטוס,גרמים,312.00,100 גרם,false,0,16.90,5.41,true,1,
5410126116953,false,ממרח ביסקוויט לוטוס 400ג,לוטוס ביקרי,BE,ממרח ביסקוויט,גרמים,400.00,100 גרם,false,0,25.20,6.30,true,1,
5410126666038,false,ביסקוויט לוטוס קרמל279ג,לוטוס ביקרי,BE,ביסקוויט לוטוס,גרמים,279.00,100 גרם,false,1,13.90,4.98,true,1,
5410126716016,false,ביסקוויט לוטוס ט.קרמל250,לוטוס ביקרי,BE,ביסקויט לוטוס,גרמים,250.00,100 גרם,false,0,12.70,5.08,true,1,
5410173210055,false,קפה לפילטר,,BE,קפה לפילטר,גרמים,70.00,100 גרם,false,0,18.90,27.00,true,1,
5410228267515,false,"בירה באדוויזר 330*6 מ""ל","איי, בי, אינבוו",GB,בירה באדוויזר6בק,ליטרים,1.98,ליטר,false,1,27.90,14.09,true,1,
5410316983693,false,"אייס סמירנוף בק275. מ""ל",דיאג'ו,IT,אייס סמירנוף,מיליליטרים,275.00,"100 מ""ל",false,0,13.90,5.05,true,1,
5410769100081,false,"בירה לה שוף בקבוק330מ""ל",דובל מורטגט,BE,בירה לה שוף,מיליליטרים,330.00,"100 מ""ל",false,1,15.90,4.82,true,1,
5410769800097,false,בירה צ'רי שוף בקבוק330מ,דובל מורטגט,BE,בירה צ'רי שוף,מיליליטרים,330.00,"100 מ""ל",false,1,15.90,4.82,true,1,
5411081003654,false,בירה קסטיל רוז',,BE,בירה קסטיל רוז',מיליליטרים,330.00,"100 מ""ל",false,0,12.90,3.91,true,1,
5411081008192,false,בירה קסטיל רוז' פחית330מ,ואן הונסברוק,BE,קסטיל רוז' פחית,מיליליטרים,330.00,"100 מ""ל",false,1,12.90,3.91,true,1,
5411081008420,false,"בירה שושנע פחית 330 מ""ל",מבשלת קסטל ואן הונסברוק,BE,בירה שושנע פחית,מיליליטרים,330.00,"100 מ""ל",false,1,12.90,3.91,true,1,
5411188081852,false,משקה סויה בטעם וניל 1 ל,אלפרו C.V.A,BE,משקה סויה וניל,ליטרים,1.00,ליטר,false,0,17.50,17.50,true,1,
5411188096108,false,"שמנת צמחית לבישול 250מ""ל",אלפרו C.V.A,BE,שמנת צמחית,מיליליטרים,250.00,"100 מ""ל",false,0,10.80,4.32,true,1,
5411188106159,false,משקה סויה מופחת שומן 1 ל,אלפרו C.V.A,BE,משקה סויה אלפרו,ליטרים,1.00,ליטר,false,0,14.90,14.90,true,1,
5411188110835,false,משקה שקדים אלפרו 1 ליטר,אלפרו C.V.A,BE,משקה שקדים אלפרו,ליטרים,1.00,ליטר,false,0,16.80,16.80,true,1,
5411188112709,false,"משקה שקדים ללת""ס אלפרו1ל",אלפרו C.V.A,BE,משקה שקדים אלפרו,ליטרים,1.00,ליטר,false,0,16.80,16.80,true,1,
5411188115434,false,משקה סויה בריסטה אלפרו1ל,אלפרו C.V.A,BE,משקה סויה בריסטה,ליטרים,1.00,ליטר,false,1,17.50,17.50,true,1,
5411188115472,false,משקה סויה אלפרו 1 ליטר,אלפרו C.V.A,BE,משקה סויה אלפרו,ליטרים,1.00,ליטר,false,1,14.90,14.90,true,1,
5411188120742,false,משקה שקדים טעם וניל 1 ל,אלפרו C.V.A,BE,משקה שקדים וניל,ליטרים,1.00,ליטר,false,1,16.80,16.80,true,1,
5411188121923,false,משקה סויה אלפרו 3 * 250מ,אלפרו C.V.A,BE,משקה סויה 3 יח,מיליליטרים,750.00,"100 מ""ל",false,1,15.90,2.12,true,1,
5411188121978,false,משקה סויה ט.שוקולד250*3מ,אלפרו C.V.A,BE,משקה סויה 3 יח,מיליליטרים,750.00,"100 מ""ל",false,1,15.90,2.12,true,1,
5411188122661,false,"משקה שקד.לא קלוי ללת""ס1ל",אלפרו C.V.A,BE,משקה שקדים אלפרו,ליטרים,1.00,ליטר,false,1,16.80,16.80,true,1,
5411188124689,false,"משקה ש.שועל ללת""ס1 ליטר",אלפרו C.V.A,BE,משקה ש.שועל,ליטרים,1.00,ליטר,false,1,16.80,16.80,true,1,
5411188124726,false,משקה ש.שועל שקדים 1 ל,אלפרו C.V.A,BE,משקה שיבולת שועל,ליטרים,1.00,ליטר,false,1,16.80,16.80,true,1,
5411188127697,false,משקה ש.שועל בריסטה 1 ל,אלפרו C.V.A,BE,משקה שיבולת שועל,ליטרים,1.00,ליטר,false,1,16.80,16.80,true,1,
5411188129899,false,משקה שקדים בריסטה 1 ל,אלפרו C.V.A,BE,משקה שקדים אלפרו,ליטרים,1.00,ליטר,false,1,16.80,16.80,true,1,
5411188133490,false,משקה סויה קפה קרמל 250מל,אלפרו C.V.A,BE,משקה סויה קפה,מיליליטרים,250.00,"100 מ""ל",false,1,8.90,3.56,true,1,
5411188134985,false,משקה שיבולת שועל3.5% 1 ל,אלפרו C.V.A,BE,משקה שיבולת שועל,ליטרים,1.00,ליטר,false,1,15.90,15.90,true,1,
5411188135005,false,משקה שיבולת שועל 1.8% 1ל,אלפרו C.V.A,BE,משקה שיבולת שועל,ליטרים,1.00,ליטר,false,1,15.90,15.90,true,1,
5411188513483,false,"אלפרו לבישול סויה 250 מ""",אלפרו C.V.A,BE,אלפרו לבישול,מיליליטרים,250.00,"100 מ""ל",false,1,11.90,4.76,true,1,
5411188543398,false,"משקה סויה לל""ס אלפרו 1 ל",אלפרו C.V.A,BE,משקה סויה אלפרו,ליטרים,1.00,ליטר,false,1,14.90,14.90,true,1,
5411616148546,false,בירה מרטנס גולד פח500מל,מבשלת מרטנס,BE,בירה מרטנס גולד,מיליליטרים,500.00,"100 מ""ל",false,0,7.50,1.50,true,1,
5412956221203,false,שוקו.חלב קרמל+מלח180גרם,KIMS,BE,שוקולד חלב,גרמים,180.00,100 גרם,false,1,17.90,9.94,true,1,
5601008200444,false,עוג.גודיס שוקולד חלב150ג,"ש. שסטוביץ בע""\מ",PT,עוגיות גודיס,גרמים,150.00,100 גרם,false,0,7.90,5.27,true,1,
5601008200468,false,עוגי.גודיס שוקולד לבן150,מרבה,PT,עוגיות גודיס,גרמים,150.00,100 גרם,false,0,7.90,5.27,true,1,
5604912415041,false,סרדינים בשמן חמניות125גר,קונסרבס פורטוגל נורטה לי,PT,סרדינים בשמן,גרמים,125.00,100 גרם,false,1,7.50,6.00,true,1,
5701932026964,false,הוטפופ טעם טבעי100*6ג,פופז,US,פופקורן הוטפופ,גרמים,600.00,100 גרם,false,0,16.90,2.82,true,1,
5701932026971,false,הוטפופ טעם חמאה100*6גר,פופז,US,הוטפופ טעם חמאה,גרמים,600.00,100 גרם,false,0,16.90,2.82,true,1,
5701932026995,false,הוטפופ ט.טבעי מופחת שומן,פופז,US,הוטפופ טעם טבעי,גרמים,510.00,100 גרם,false,0,16.90,3.31,true,1,
5710840210013,false,באלי לבן סופר עדין 40גרם,סקמדינביין טובקו,DK,באלי לבן,גרמים,40.00,100 גרם,false,1,99.00,247.50,false,1,
5711953106583,false,ארלה גב.שמנת טעם טבעי200,ארלה פודס אמבה,DK,ארלה גבינת שמנת,גרמים,200.00,100 גרם,false,1,16.90,8.45,true,1,
5740900403215,false,ממרח לורפק עם מלח 250 גר,ארלה פודס אמבה,DK,ממרח לורפק,גרמים,250.00,100 גרם,false,1,17.90,7.16,true,1,
5740900403222,false,ממרח לורפק+מלח מופחת250ג,ארלה פודס אמבה,DK,ממרח לורפק,גרמים,250.00,100 גרם,false,1,17.90,7.16,true,1,
5740900403246,false,ממרח לורפק ללא מלח500גרם,ארלה פודס אמבה,DK,ממרח לורפק,גרמים,500.00,100 גרם,false,1,29.80,5.96,true,1,
5740900403253,false,ממרח  לורפק עם מלח 500 ג,ארלה פודס אמבה,DK,ממרח לורפק,גרמים,500.00,100 גרם,false,1,29.80,5.96,true,1,
5740900403864,false,לורפק חמאה עם מלח 200 גר,ארלה פודס אמבה,DK,חמאת לורפק,גרמים,200.00,100 גרם,false,1,12.90,6.45,true,1,
5900020012814,false,נסקוויק דגני בוקר 500גרם,סי. פי. פולין,PL,דגני נסקוויק,גרמים,500.00,100 גרם,false,0,28.70,5.74,true,1,
5900020015174,false,פיטנס חטיף דגנים שוק6.יח,סי. פי. פולין,PL,חטיפי פיטנס 6 יח,גרמים,141.00,100 גרם,false,0,17.90,12.70,true,1,
5900020018908,false,פיטנס חט.דגנים ק.עוגיות6,סי. פי. פולין,PL,חטיפי פיטנס 6 יח,גרמים,141.00,100 גרם,false,0,17.90,12.70,true,1,
5900020020710,false,קראנץ' בר שוקו וניל25*6ג,סי. פי. פולין,PL,קראנץ' חטיפים,גרמים,150.00,100 גרם,false,0,17.30,11.53,true,1,
5900020022325,false,חטיף דגנים סיני מיניס6יח,סי. פי. פולין,PL,חטיפי סיני מיניס,גרמים,150.00,100 גרם,false,0,17.30,11.53,true,1,
5900020024817,false,חט.דגנים בר דליס שוק.לבן,סי. פי. פולין,PL,חטיף דגנים פיטנס,גרמים,135.00,100 גרם,false,1,17.90,13.26,true,1,
5900020025807,false,סיני מיניס 375 גרם,סי. פי. פולין,PL,סיני מיניס,גרמים,375.00,100 גרם,false,1,13.90,3.71,true,1,
5900020026552,false,האני נאט צ'יריוס 625גרם,סי. פי. צרפת,FR,האני נאט צ'יריוס,גרמים,625.00,100 גרם,false,1,27.90,4.46,true,1,
5900020034021,false,חטיפי דגנים שוק.בננה 6יח,סי. פי. פולין,PL,חטיפי פיטנס 6 יח,גרמים,141.00,100 גרם,false,1,17.90,12.70,true,1,
5900020034991,false,קראנץ צדפים שוקולד 450ג,סי. פי. פולין,PL,דגני קראנץ צדפים,גרמים,450.00,100 גרם,false,1,27.90,6.20,true,1,
5900020036407,false,ליון דגני שוקולד+קרמל480,סי.פי פולין,PL,ליון דגני בוקר,גרמים,480.00,100 גרם,false,1,26.90,5.60,true,1,
5900020037916,false,צ'יריוס שיבולת שועל375גר,סי פי פולין,PL,צ'יריוס שיבולת,גרמים,375.00,100 גרם,false,1,16.90,4.51,true,1,
5900020039590,false,חטיף פיטנס דגנים קלאסי6י,סי פי פולין,PL,חטיפי פיטנס 6 יח,גרמים,141.00,100 גרם,false,1,17.90,12.70,true,1,
5900020039620,false,חטיף פיטנס שקדים ודבש6יח,סי. פי. פולין,PL,חטיפי פיטנס 6 יח,גרמים,138.00,100 גרם,false,1,17.90,12.97,true,1,
5900627063233,false,פיניש AIO הכל ב1 50 טב',רקיט בנקיזר,PL,פיניש AIO,יחידה,1.00,יחידה,false,1,36.90,36.90,true,1,
5901414200411,false,היט מיניס שוקו 130 גרם,בלזן,PL,היט מיניס שוקו,גרמים,130.00,100 גרם,false,0,6.90,5.31,true,1,
5902198160403,false,משקה אנרגיה TEN XL,"טמפו משקאות בע""\מ",IL,משקה אנרגיה,מיליליטרים,250.00,"100 מ""ל",false,1,4.90,1.96,true,1,
5904941751920,false,בלו דיי משקה אנרגיה250מ,אקו - ביט,PL,בלו דיי משקה,מיליליטרים,250.00,"100 מ""ל",false,0,4.20,1.68,true,1,
5906485301012,false,משקה אנרגיה XL,,IL,משקה אנרגיה XL,מיליליטרים,250.00,"100 מ""ל",false,0,4.90,1.96,true,1,
6001067017523,false,מברשת שיניים ילדים גיל+6,קולגייט- פלמוליב,CN,מברשת שיניים,יחידה,1.00,יחידה,false,0,11.90,11.90,true,1,
6001067017530,false,מברשת ילדים באטמן/ברבי,קולגייט- פלמוליב,CN,מברשת לילדים,יחידה,1.00,יחידה,false,0,11.90,11.90,true,1,
6008165271192,false,פאלמאל אדום ארוך חפיסה,bat,TR,פאלמאל אדום ארוך,יחידה,1.00,יחידה,false,0,31.50,31.50,false,1,
6009188004828,false,קיט קט צ'אנקי לבן 40 גרם,נסטלה בולגריה,BG,קיט קט צ'אנקי,גרמים,40.00,100 גרם,false,1,4.50,11.25,true,1,
6111094000013,false,"קוסקוס דארי 1 ק""ג",דארי קוספאט אס. איי. או,MA,קוסקוס דארי,קילוגרמים,1.00,"ק""ג",false,1,18.90,18.90,true,1,
6111094000242,false,קוסקוס דארי דק 500 גרם,דארי קוספאט אס. איי. או,MA,קוסקוס דארי דק,גרמים,500.00,100 גרם,false,1,10.90,2.18,true,1,
6111094000259,false,קוסקוס דארי בינוני500גרם,דארי קוספאט אס. איי. או,MA,קוסקוס דארי,גרמים,500.00,100 גרם,false,1,10.90,2.18,true,1,
6910191800287,false,אצות ים נורי,,CN,אצות ים נורי,גרמים,28.00,100 גרם,false,0,13.90,49.64,true,1,
6935325410118,false,שום יבוא,קטיף.,XX,שום יבוא,גרמים,190.00,100 גרם,false,0,6.90,3.63,true,1,
6974640730167,false,פטריות שיטאקה מיובשות100,CO FOOD FOREST .ZHEJIANG,CN,פטריות שיטאקה,גרמים,100.00,100 גרם,false,1,15.90,15.90,true,1,
7271730901261,false,ארוחת אטריות,,US,ארוחת אטריות,גרמים,156.00,100 גרם,false,0,11.80,7.56,true,1,
7280109394412,false,מארז גיפט קארד מהודר,,CN,מארז גיפטקארד,יחידה,1.00,יחידה,false,1,6.00,6.00,true,1,
7290000000022,true,עגבניה,קטיף.,IL,עגבניה,קילוגרמים,0.00,"ק""ג",true,0,7.90,7.90,true,1,
7290000000046,true,מלפפון,קטיף.,IL,מלפפונים,קילוגרמים,0.00,"ק""ג",true,0,7.90,7.90,true,1,
7290000000053,true,קישואים,קטיף.,IL,קישואים,קילוגרמים,0.00,"ק""ג",true,0,9.90,9.90,true,1,
7290000000084,true,פלפל ירוק בהיר,שותפות מזרחי,IL,פלפל ירוק בהיר,קילוגרמים,0.00,"ק""ג",true,0,10.90,10.90,true,1,
7290000000091,true,פלפל אדום,קטיף.,IL,פלפל אדום,קילוגרמים,0.00,"ק""ג",true,0,10.90,10.90,true,1,
7290000000107,true,פלפל ירוק כהה,קטיף.,IL,פלפל ירוק כהה,קילוגרמים,0.00,"ק""ג",true,0,9.90,9.90,true,1,
7290000000114,true,חציל,קטיף.,IL,חצילים,קילוגרמים,0.00,"ק""ג",true,0,8.90,8.90,true,1,
7290000000121,true,גזר ארוז,קטיף.,IL,גזר ארוז,קילוגרמים,0.00,"ק""ג",true,0,5.90,5.90,true,1,
7290000000138,true,כרוב לבן,קטיף.,IL,כרוב לבן,קילוגרמים,0.00,"ק""ג",true,0,5.90,5.90,true,1,
7290000000145,true,כרוב אדום,קטיף.,IL,כרוב אדום,קילוגרמים,0.00,"ק""ג",true,0,5.90,5.90,true,1,
7290000000176,true,כרובית,קטיף.,IL,כרובית,קילוגרמים,0.00,"ק""ג",true,0,11.90,11.90,true,1,
7290000000183,true,סלק,קטיף.,IL,סלק,קילוגרמים,0.00,"ק""ג",true,0,5.90,5.90,true,1,
7290000000220,true,קולורבי,קטיף.,IL,קולורבי,קילוגרמים,0.00,"ק""ג",true,0,9.90,9.90,true,1,
7290000000282,true,חסה ערבית,,IL,חסה ערבית,יחידה,1.00,יחידה,false,0,5.90,5.90,true,1,
7290000000411,true,שום מארז,קטיף.,XX,שום מארז,גרמים,190.00,100 גרם,false,0,6.90,3.63,true,1,
7290000000428,true,בטטה מובחר,קטיף.,IL,בטטה,קילוגרמים,0.00,"ק""ג",true,0,10.90,10.90,true,1,
7290000000435,true,סלרי עלים יחידה,,IL,סלרי עלים,יחידה,1.00,יחידה,false,0,6.90,6.90,true,1,
7290000000466,true,בצל ירוק יחידה,,IL,בצל ירוק,יחידה,1.00,יחידה,false,0,6.90,6.90,true,1,
7290000000480,true,בצל יבש,קטיף.,IL,בצל יבש,קילוגרמים,0.00,"ק""ג",true,0,4.90,4.90,true,1,
7290000000503,true,תפוח אדמה קטן ארוז,קטיף.,IL,"תפו""א קטן ארוז",קילוגרמים,0.00,"ק""ג",true,0,7.90,7.90,true,1,
7290000000510,true,פטרוזיליה,,IL,פטרוזיליה,יחידה,1.00,יחידה,false,0,4.90,4.90,true,1,
7290000000527,true,שמיר  יחידה,,IL,שמיר,יחידה,1.00,יחידה,false,0,4.90,4.90,true,1,
7290000000541,true,שורש  פטרוזיליה,,IL,שורש,יחידה,1.00,יחידה,false,0,6.90,6.90,true,1,
7290000000558,true,כוסברה יחידה,,IL,כוסברה,יחידה,1.00,יחידה,false,0,4.90,4.90,true,1,
7290000000565,true,נענע יחידה,,IL,נענע,יחידה,1.00,יחידה,false,0,4.90,4.90,true,1,
7290000000572,true,שומר,קטיף.,IL,שומר,קילוגרמים,0.00,"ק""ג",true,0,9.90,9.90,true,1,
7290000000589,true,"ארטישוק/תפו""א ירושלמי",קטיף.,IL,"ארטישוק/תפו""א",קילוגרמים,0.00,"ק""ג",true,0,15.90,15.90,true,1,
7290000000596,true,תפוח אדמה לבן תפזורת,קטיף.,IL,תפוח אדמה תפזורת,קילוגרמים,0.00,"ק""ג",true,0,5.90,5.90,true,1,
7290000000619,true,פלפל חריף,שותפות מזרחי,IL,פלפל חריף,קילוגרמים,0.00,"ק""ג",true,0,10.90,10.90,true,1,
7290000000633,true,עירית יחידה,,IL,עירית יחידה,יחידה,1.00,יחידה,false,0,6.90,6.90,true,1,
7290000000701,true,פטריות שמפניון למילוי,קטיף.,IL,שמפניון למילוי,קילוגרמים,0.00,"ק""ג",true,0,36.90,36.90,true,1,
7290000000718,true,פטריות חורש,קטיף.,IL,פטריות חורש,קילוגרמים,0.00,"ק""ג",true,0,36.90,36.90,true,1,
7290000000732,true,דלורית,קטיף.,IL,דלורית,קילוגרמים,0.00,"ק""ג",true,0,7.90,7.90,true,1,
7290000000794,true,סלרי קצוץ יחידה,יראון עבודות חקלאיות,IL,גבעולי סלרי,יחידה,1.00,יחידה,false,0,6.90,6.90,true,1,
7290000000824,true,קשוא ירוק )זוקיני(,קטיף.,IL,קשוא ירוק,קילוגרמים,0.00,"ק""ג",true,0,9.90,9.90,true,1,
7290000000848,true,תירס קלוף ארוז,קטיף.,IL,תירס קלוף ארוז,קילוגרמים,0.00,"ק""ג",true,0,9.90,9.90,true,1,
7290000000855,true,פלפל צהוב,קטיף.,IL,פלפל צהוב,קילוגרמים,0.00,"ק""ג",true,0,10.90,10.90,true,1,
7290000000930,true,קישוא עגול,קטיף.,IL,קישוא עגול,קילוגרמים,0.00,"ק""ג",true,0,14.90,14.90,true,1,
7290000000954,true,רוקט ג.נחל חידה,קטיף.,IL,רוקט+ג.נחל-יח,יחידה,1.00,יחידה,false,0,6.90,6.90,true,1,
7290000001029,true,פלפל צילי יחידה,קטיף.,IL,פילפל צילי יח,יחידה,1.00,יחידה,false,0,6.90,6.90,true,1,
7290000001036,true,בצל יבש אדום,קטיף.,XX,בצל יבש אדום,קילוגרמים,0.00,"ק""ג",true,0,7.90,7.90,true,1,
7290000001050,true,בזיליקום יחידה,,IL,בזיליקום  יחידה,יחידה,1.00,יחידה,false,0,6.50,6.50,true,1,
7290000001661,true,גזר תפזורת,קטיף.,IL,גזר תפזורת,קילוגרמים,0.00,"ק""ג",true,0,5.90,5.90,true,1,
7290000001692,true,תפוח אדמה אדום ארוז,קטיף.,IL,תפוא אדום ארוז,קילוגרמים,0.00,"ק""ג",true,0,5.90,5.90,true,1,
7290000001715,true,תפוח אדמה לבן ארוז,קטיף.,IL,תפוח אדמה לבן,קילוגרמים,0.00,"ק""ג",true,0,4.90,4.90,true,1,
7290000001722,true,תפוח אדמה אדום תפזורת,קטיף.,IL,"תפו""א אדום תפז'",קילוגרמים,0.00,"ק""ג",true,0,6.90,6.90,true,1,
7290000002026,true,לחם אחיד 750 גרם,מאפית ברמן,IL,לחם אחיד,גרמים,750.00,100 גרם,false,0,5.10,0.68,true,1,
7290000002040,true,חלה רגילה 500 גרם,מאפית ברמן,IL,חלה רגילה,גרמים,500.00,100 גרם,false,0,5.10,1.02,true,1,
7290000002071,true,חלה קלועה רגילה 500 גרם,מאפית ברמן,IL,חלה קלועה רגילה,גרמים,500.00,100 גרם,false,0,5.10,1.02,true,1,
7290000016023,true,גבינה גאודה,,NL,גבינה גאודה,קילוגרמים,0.00,"ק""ג",true,0,130.00,130.00,true,1,
7290000016030,true,גבינה עזים,,NL,גבינה עזים,קילוגרמים,0.00,"ק""ג",true,0,148.00,148.00,true,1,
7290000023816,false,ברקן קלאסיק א.ריזלינג750,יקבי ברקן שיווק והפצה בע,IL,ריזלינג קלאסיק,מיליליטרים,750.00,"100 מ""ל",false,0,33.90,4.52,true,1,
7290000023823,false,קלאסיק סוביניון בלאן750מ,יקבי ברקן שיווק והפצה בע,IL,סוביניון בלאן,מיליליטרים,750.00,"100 מ""ל",false,0,33.90,4.52,true,1,
7290000023977,false,"ברקן קלאסיק מרלו 750 מ""ל",יקבי ברקן שיווק והפצה בע,IL,מרלו קלאסיק,מיליליטרים,750.00,"100 מ""ל",false,0,33.90,4.52,true,1,
7290000024202,false,"ברקן רזרב קברנה 750 מ""ל",ברקן שיווק והפצה בעמ,IL,ברקן רזרב,מיליליטרים,750.00,"100 מ""ל",false,0,49.90,6.65,true,1,
7290000024240,false,"ברקן רזרב שרדונה 750 מ""ל",יקבי ברקן,IL,יין ברקן שרדונה,מיליליטרים,750.00,"100 מ""ל",false,0,49.90,6.65,true,1,
7290000024264,false,"ברקן רזרב מרלו 750 מ""ל","כרמי צבי - אחים סגל בע""\",IL,מרלו רזרב,מיליליטרים,750.00,"100 מ""ל",false,0,49.90,6.65,true,1,
7290000034256,false,ביסקוויט תירוש 175 גרם,מגדנית הדר,IL,ביסקוויט תירוש,גרמים,175.00,100 גרם,false,0,6.90,3.94,true,1,
7290000040042,false,יוגורט יופלה תות3% 150גר,תנובה בעמ,IL,יופלה תות 3%,גרמים,150.00,100 גרם,false,0,5.20,3.47,true,1,
7290000040066,false,יופלה דובדבן3% 150 גרם,תנובה בעמ,IL,יופלה דובדבן3%,גרמים,150.00,100 גרם,false,0,5.20,3.47,true,1,
7290000040080,false,יוגורט יופלה אפרסק3% 150,תנובה בעמ,IL,יופלה אפרסק3%,גרמים,150.00,100 גרם,false,0,5.20,3.47,true,1,
7290000040301,false,עין גדי קממבר24% 125 גר,תנובה,IL,עין גדי קממבר,גרמים,125.00,100 גרם,false,0,20.60,16.48,true,1,
7290000040318,false,גבי. עדי ברי רכה24% 125ג,תנובה,IL,גבינת עדי ברי24%,גרמים,125.00,100 גרם,false,0,21.60,17.28,true,1,
7290000040462,false,טוסטי גבינה 23% 200 גרם,תנובה,IL,טוסטי,גרמים,200.00,100 גרם,false,0,18.10,9.05,true,1,
7290000040974,false,חלב טרי 2% דל לקטוז 1 ל,תנובה,IL,חלב טרי דל לקטוז,ליטרים,1.00,ליטר,false,0,7.20,7.20,true,1,
7290000041858,false,שמנת חמוצה15% מועשרת200,מחלבת יטבתה,IL,שמנת חמוצה יטבתה,מיליליטרים,200.00,"100 מ""ל",false,0,2.40,1.20,true,1,
7290000042008,false,חלב מפוסטר 3%שקית 1 ל',תנובה,IL,חלב 3% בשקית,ליטרים,1.00,ליטר,false,0,5.43,5.43,true,1,
7290000042015,false,חלב 3% מהדרין שקית 1 ל',,IL,חלב 3% שקית,ליטרים,1.00,ליטר,false,0,5.43,5.43,true,1,
7290000042435,false,חלב מפוסטר 1% בקרטון 1ל',תנובה,IL,חלב 1% בקרטון,ליטרים,1.00,ליטר,false,0,5.86,5.86,true,1,
7290000042503,false,חלב עמיד הומוגני 3% 1 ל',תנובה,IL,חלב עמיד 3%,ליטרים,1.00,ליטר,false,0,7.10,7.10,true,1,
7290000042640,false,"חלב עמיד 3% שומן 250 מ""ל",תנובה,IL,חלב עמיד 3% שומן,מיליליטרים,250.00,"100 מ""ל",false,0,2.70,1.08,true,1,
7290000042855,false,"שוקו בשקית יטבתה 225מ""ל",יטבתה,IL,שוקו בשקית,מיליליטרים,225.00,"100 מ""ל",false,0,2.60,1.16,true,1,
7290000043012,false,"שוקו עמיד 250 מ""ל",תנובה,IL,שוקו עמיד,מיליליטרים,250.00,"100 מ""ל",false,0,4.60,1.84,true,1,
7290000043814,false,שמנת עמידה לקצפת38% 250מ,תנובה,IL,שמנת עמידה לקצפת,מיליליטרים,250.00,"100 מ""ל",false,0,6.47,2.59,true,1,
7290000043890,false,רויון 1.5% בקרטון 1ל,תנובה,IL,רויון בקרטון1.5%,ליטרים,1.00,ליטר,false,0,11.30,11.30,true,1,
7290000043944,false,יוגורט בכד 4% 1.5 ל',מחלבת אלון תבור,IL,יוגורט בכד 4%,ליטרים,1.50,ליטר,false,0,16.90,11.27,true,1,
7290000045917,false,גבינת פרומעז 23% 200ג,תנובה,IL,גבינת פרומעז,גרמים,200.00,100 גרם,false,0,27.60,13.80,true,1,
7290000046020,false,גב.גלבוע 22% במשקל,תנובה,IL,גבינת גלבוע 22%,קילוגרמים,0.00,"ק""ג",true,0,42.58,42.58,true,1,
7290000046327,false,גב.גלבוע פרוסות22% 200גר,תנובה,IL,גבינת גלבוע פרוס,גרמים,200.00,100 גרם,false,0,13.20,6.60,true,1,
7290000046501,false,גב.טל העמק32% במשקל,תנובה,IL,גבינת טל העמק,קילוגרמים,0.00,"ק""ג",true,0,58.00,58.00,true,1,
7290000046563,false,גבינת פרמז'ן 23% במשקל,תנובה,IL,גבינת פרמז'ן 23%,גרמים,0.00,"ק""ג",true,0,114.00,114.00,true,1,
7290000047027,false,גב.קשקבל / גלעד27% משקל,תנובה,IL,גב.קשקבל /גלעד,קילוגרמים,0.00,"ק""ג",true,0,128.00,128.00,true,1,
7290000047034,false,גבינת רוקפור 26%כבש משקל,תנובה,IL,גבינת רוקפור,קילוגרמים,0.00,"ק""ג",true,0,130.00,130.00,true,1,
7290000047485,false,גב.בולגרית 24%במשקל,תנובה,IL,גבינה בולגרית,קילוגרמים,0.00,"ק""ג",true,0,62.00,62.00,true,1,
7290000047546,false,גב.כנען 5% 500 גרם,תנובה,IL,גבינת כנען 5%,גרמים,500.00,100 גרם,false,0,15.90,3.18,true,1,
7290000047621,false,גב5%.שומן כשר מהדרין250ג,מחלבת אלון תבור,IL,גבינה %5 מהדרי,גרמים,250.00,100 גרם,false,0,4.98,1.99,true,1,
7290000048185,false,גב.לבנה רכה 5% שומן 250ג,מחלבת אלון תבור,IL,גבינה לבנה 5%,גרמים,250.00,100 גרם,false,0,4.98,1.99,true,1,
7290000048192,false,גב.לבנה רכה 9% 250 גרם,מחלבת אלון תבור,IL,גבינה לבנה 9%,גרמים,250.00,100 גרם,false,0,4.80,1.92,true,1,
7290000048413,false,גב.חמד פיראוס16% 250 גר,תנובה,IL,גבינה מלוחה 16%,גרמים,250.00,100 גרם,false,0,14.90,5.96,true,1,
7290000048437,false,גבי. צפתית פיראוס5% 200ג,תנובה,IL,גבינה צפתית 5%,גרמים,200.00,100 גרם,false,0,15.90,7.95,true,1,
7290000051307,false,מארז הפסקת אוכל עוגי,תנובה,IL,מארז הפסקת אוכל,יחידה,1.00,יחידה,false,0,9.90,9.90,true,1,
7290000051352,false,חלב של פעם מלא3.6%-4% 1ל,תנובה,IL,חלב של פעם מלא,ליטרים,1.00,ליטר,false,0,7.40,7.40,true,1,
7290000051376,false,יופלה דיאט אננס 0% 150גר,תנובה בעמ,IL,יופלה דיאט אננס,גרמים,150.00,100 גרם,false,0,5.20,3.47,true,1,
7290000052311,false,עמק 15% פרוס בקופסא 200ג,תנובה,IL,עמק 15% פרוס,גרמים,200.00,100 גרם,false,0,16.60,8.30,true,1,
7290000052649,false,לאבנה פיראוס 5% 500 גרם,תנובה,IL,לאבנה פיראוס 5%,גרמים,500.00,100 גרם,false,0,21.90,4.38,true,1,
7290000055015,false,פיראוס פטה כבשים 5% 250ג,תנובה,IL,פטה כבשים פיראוס,גרמים,250.00,100 גרם,false,0,30.00,12.00,true,1,
7290000055329,false,משקה יוגורט תות-מלון250ג,תנובה בעמ,IL,משקה יוגורט,גרמים,250.00,100 גרם,false,0,6.00,2.40,true,1,
7290000055336,false,משקה יוגורט בננ.אפרסק250,תנובה בעמ,IL,משקה יוגורט,גרמים,250.00,100 גרם,false,0,6.00,2.40,true,1,
7290000055343,false,משקה יוגורט טרופי 250גרם,תנובה בעמ,IL,משקה יוגורט,גרמים,250.00,100 גרם,false,0,6.00,2.40,true,1,
7290000055350,false,גבינת עמק 28% חריץ במשקל,תנובה,IL,גבינת עמק 28%,קילוגרמים,0.00,"ק""ג",true,1,44.79,44.79,true,1,
7290000055893,false,חמאה מהדרין 200 גרם,,IL,חמאה מהדרין,גרמים,200.00,100 גרם,false,0,7.80,3.90,true,1,
7290000056784,false,פטה כבשים5% משקל,,IL,פטה כבשים5% משקל,קילוגרמים,0.00,"ק""ג",true,0,119.00,119.00,true,1,
7290000056845,false,חלב טרי הומוגני3% 1.5ל',תנובה,IL,חלב תנובה 3%,ליטרים,1.50,ליטר,false,0,9.34,6.23,true,1,
7290000056883,false,יופלה 3% טעמים 150*8גרם,תנובה בעמ,IL,יופלה 8 יח במארז,קילוגרמים,1.20,"ק""ג",false,0,32.30,26.92,true,1,
7290000056890,false,יופלה אננס/דובד0% 150*8ג,תנובה בעמ,IL,יופלה 0% 8 יח,קילוגרמים,1.20,"ק""ג",false,0,32.30,26.92,true,1,
7290000056951,false,שמנת לבישול 15%,,IL,שמנת לבישול 15%,מיליליטרים,500.00,"100 מ""ל",false,0,16.50,3.30,true,1,
7290000057088,false,גבינת עמק דק דק 28% 200ג,תנובה,IL,עמק דק28% 200גרם,גרמים,200.00,100 גרם,false,0,16.60,8.30,true,1,
7290000057118,false,גבינת עמק פרוסה,,IL,גבינת עמק פרוסה,גרמים,400.00,100 גרם,false,0,23.10,5.78,true,1,
7290000057132,false,יוגורט תנובה1.5%,,IL,יוגורט תנובה1.5%,גרמים,200.00,100 גרם,false,0,3.20,1.60,true,1,
7290000058047,false,"שמנת להקצפה 38% 500 מ""ל",תנובה,IL,משמנת להקצפה 38%,מיליליטרים,500.00,"100 מ""ל",false,0,12.94,2.59,true,1,
7290000060071,false,חטיפ.פריכונים ט.טבעי80גר,"פרח תעשיות מזון בע""מ.",IL,חטיפי פריכונים,גרמים,80.00,100 גרם,false,0,8.20,10.25,true,1,
7290000060163,false,אטריות דקות 400 גרם,"אסם השקעות בע""מ",IL,אטריות דקות,גרמים,400.00,100 גרם,false,0,6.90,1.73,true,1,
7290000060200,false,פתיתים אפויים קוסקוס500ג,"אסם השקעות בע""מ",IL,פתיתים אפויים,גרמים,500.00,100 גרם,false,0,6.90,1.38,true,1,
7290000060217,false,פסטה מקרוני 7 500 גרם,פסטה זארה,IT,פסטה מקרוני 7,גרמים,500.00,100 גרם,false,0,6.50,1.30,true,1,
7290000060248,false,פסטה אסם תלתלים 500 גרם,פסטה זארה,IT,פסטה תלתלים,גרמים,500.00,100 גרם,false,0,6.50,1.30,true,1,
7290000060316,false,ספגטי פרפקטו  500 גרם,פסטה זארה,IT,ספגטי פרפקטו,גרמים,500.00,100 גרם,false,0,6.90,1.38,true,1,
7290000060781,false,פסטה מסולסלת אסם 500 גרם,פסטה זארה,IT,פסטה מסולסלת,גרמים,500.00,100 גרם,false,0,6.50,1.30,true,1,
7290000060828,false,פסטה קרניים בינוניות500ג,פסטה זארה,IT,פסטה קרניים,גרמים,500.00,100 גרם,false,0,6.50,1.30,true,1,
7290000060842,false,פסטה צדפים גדולים 500 גר,פסטה זארה,IT,פסטה צדפים אסם,גרמים,500.00,100 גרם,false,0,6.50,1.30,true,1,
7290000060880,false,פסטה ספגטי מס 8 אסם 500ג,פסטה זארה,IT,ספגטי מס' 8,גרמים,500.00,100 גרם,false,0,6.50,1.30,true,1,
7290000060903,false,פתיתים אפויים אורז 500 ג,"אסם השקעות בע""\מ",IL,פתיתים אפויים,גרמים,500.00,100 גרם,false,0,6.90,1.38,true,1,
7290000060958,false,אטריות בינוניות 400 גרם,"אסם השקעות בע""\מ",IL,אטריות בינוניות,גרמים,400.00,100 גרם,false,0,6.90,1.73,true,1,
7290000060965,false,אטריות רחבות 400 גרם,"אסם השקעות בע""\מ",IL,אטריות רחבות,גרמים,400.00,100 גרם,false,0,6.90,1.73,true,1,
7290000061061,false,קרקר בטעם בצל 250 גרם,"אסם השקעות בע""\מ",IL,קרקר בטעם בצל,גרמים,250.00,100 גרם,false,0,11.60,4.64,true,1,
7290000061245,false,עוג.שוקוצ'יפס ממולאות220,"אסם השקעות בע""\מ",IL,עוגיות ש.צ'יפס,גרמים,220.00,100 גרם,false,0,12.30,5.59,true,1,
7290000062952,false,מיני קרוטונים מתובל 250ג,עינת תעשיות,IL,מיני קרוטונים,גרמים,250.00,100 גרם,false,0,16.20,6.48,true,1,
7290000063102,false,קמח תופח מאליו 350 גרם,"אסם השקעות בע""\מ",IL,קמח תופח מאליו,גרמים,350.00,100 גרם,false,0,5.80,1.66,true,1,
7290000063133,false,שקדי מרק רכיבים טבעי100ג,"אסם השקעות בע""מ",IL,שקדי מרק אסם,גרמים,100.00,100 גרם,false,0,6.70,6.70,true,1,
7290000063140,false,שקדי מרק רכיבים טבעי400ג,"אסם השקעות בע""מ",IL,שקדי מרק אסם,גרמים,400.00,100 גרם,false,0,10.00,2.50,true,1,
7290000063157,false,"קמח תופח מאליו 1 ק""ג","אסם השקעות בע""\מ",IL,קמח תופח מאליו,קילוגרמים,1.00,"ק""ג",false,0,10.30,10.30,true,1,
7290000064758,false,קוסקוס בינוני 350 גרם,קוסקוס מזון,IL,קוסקוס בינוני,גרמים,350.00,100 גרם,false,0,8.80,2.51,true,1,
7290000064871,false,מנה חמה פירה בצל 56 גרם,"אסם השקעות בע""מ",IL,מנה חמה פירה,גרמים,56.00,100 גרם,false,0,6.90,12.32,true,1,
7290000065090,false,מיני קרוטונים מתובל400 ג,עינת תעשיות,IL,מיני קרוטונים,גרמים,400.00,100 גרם,false,0,26.50,6.63,true,1,
7290000065335,false,מנה חמה פירה עם ירקות55ג,"אסם השקעות בע""מ",IL,מנה חמה פירה,גרמים,55.00,100 גרם,false,0,6.90,12.55,true,1,
7290000065557,false,מ.חמה קוסקוס עם ירקות 84,"אסם השקעות בע""מ",IL,מנה חמה קוסקוס,גרמים,84.00,100 גרם,false,0,6.90,8.21,true,1,
7290000065977,false,פריכונים תירס+שומשום 80ג,"פרח תעשיות מזון בע""מ.",IL,פריכונים תירס,גרמים,80.00,100 גרם,false,0,8.20,10.25,true,1,
7290000066141,false,ביסלי גריל 70 גרם,"אסם השקעות בע""\מ",IL,ביסלי גריל,גרמים,70.00,100 גרם,false,0,4.50,6.43,true,1,
7290000066172,false,ביסלי פיצה 70 גרם,"אסם השקעות בע""\מ",IL,ביסלי פיצה,גרמים,70.00,100 גרם,false,0,4.50,6.43,true,1,
7290000066196,false,ביסלי גריל 200 גרם,"אסם השקעות בע""\מ",IL,ביסלי גריל,גרמים,200.00,100 גרם,false,0,7.90,3.95,true,1,
7290000066264,false,דובונים-חטיפים מלוחים40ג,"אסם השקעות בע""\מ",IL,חטיפי דובונים,גרמים,40.00,100 גרם,false,0,4.90,12.25,true,1,
7290000066295,false,במבה מתוקה 30 גרם,"אסם השקעות בע""\מ",IL,במבה מתוקה,גרמים,30.00,100 גרם,false,0,2.90,9.67,true,1,
7290000066318,false,במבה 80 גרם,"אסם השקעות בע""\מ",IL,במבה,גרמים,80.00,100 גרם,false,0,4.90,6.13,true,1,
7290000066332,false,אפרופו 50 גרם,"אסם השקעות בע""\מ",IL,חטיף אפרופו,גרמים,50.00,100 גרם,false,0,5.80,11.60,true,1,
7290000066349,false,אפרופו 100 גרם,"אסם השקעות בע""\מ",IL,אפרופו חטיף תירס,גרמים,100.00,100 גרם,false,0,9.30,9.30,true,1,
7290000066431,false,פופקו בטעם חמאה ודבש80גר,"אסם השקעות בע""\מ",IL,חטיף פופקו,גרמים,80.00,100 גרם,false,0,5.50,6.88,true,1,
7290000067544,false,פירורית זהב 200 גרם,עינת תעשיות,IL,פירורית זהב,גרמים,200.00,100 גרם,false,0,7.50,3.75,true,1,
7290000067599,false,מנה חמה ספגטי בולונז 65ג,"אסם השקעות בע""\מ",IL,מנה חמה בולונז,גרמים,65.00,100 גרם,false,0,6.90,10.62,true,1,
7290000068138,false,אינסטנט פודינג וניל 80גר,"אסם השקעות בע""מ",IL,אינסטנט פודינג,גרמים,80.00,100 גרם,false,0,5.70,7.13,true,1,
7290000068190,false,ג'לי בטעם תות 90 גרם,"אסם השקעות בע""\מ",IL,ג'לי בטעם תות,גרמים,90.00,100 גרם,false,0,7.50,8.33,true,1,
7290000068343,false,פריכונים מאורז מלא 140גר,"פרח תעשיות מזון בע""מ.",IL,פריכונים מאורז,גרמים,140.00,100 גרם,false,0,9.00,6.43,true,1,
7290000068701,false,שקדי מרק במיכל 400 גרם,"אסם השקעות בע""מ",IL,שקדי מרק במיכל,גרמים,400.00,100 גרם,false,0,17.10,4.28,true,1,
7290000068770,false,"במבה יום הולדת 80ג בד""צ","אסם השקעות בע""\מ",IL,במבה יום הולדת,גרמים,80.00,100 גרם,false,0,4.90,6.13,true,1,
7290000068787,false,"במבה יום הולדת 25ג בד""צ","אסם השקעות בע""\מ",IL,במבה יום הולדת,גרמים,25.00,100 גרם,false,0,2.50,10.00,true,1,
7290000069258,false,פנה ריגאטה פרפקטו 500 גר,פסטה זארה,IT,פנה ריגאטה,גרמים,500.00,100 גרם,false,0,6.90,1.38,true,1,
7290000069364,false,פריכונים-אורז דל נתרן140,"פרח תעשיות מזון בע""מ.",IL,פריכונים מאורז,גרמים,140.00,100 גרם,false,0,9.00,6.43,true,1,
7290000070308,false,מרק עוף אמיתי 400 גרם,"אסם השקעות בע""\מ",IL,מרק עוף אמיתי,גרמים,400.00,100 גרם,false,0,17.90,4.48,true,1,
7290000070322,false,מרק פטריות ר.טבעיים400גר,"אסם השקעות בע""\מ",IL,מרק פטריות אסם,גרמים,400.00,100 גרם,false,0,20.90,5.23,true,1,
7290000070353,false,מרק בצל רכיבים טבעיים400,"אסם השקעות בע""\מ",IL,מרק בצל אסם,גרמים,400.00,100 גרם,false,0,20.90,5.23,true,1,
7290000070384,false,מרק בטעם עוף זך עדיף400ג,"אסם השקעות בע""\מ",IL,מרק בטעם עוף,גרמים,400.00,100 גרם,false,0,16.90,4.23,true,1,
7290000071008,false,בייגלה שטוח מלח 60 גרם,"אסם השקעות בע""\מ",IL,בייגלה שטוחים,גרמים,60.00,100 גרם,false,0,3.70,6.17,true,1,
7290000072067,false,במבה במילוי קרם חלווה60ג,אסם,IL,במבה במילוי חלוה,גרמים,60.00,100 גרם,false,0,4.90,8.17,true,1,
7290000072241,false,"רוטב פיצה 290 מ""ל","אסם השקעות בע""\מ",IL,רוטב לפיצה אסם,מיליליטרים,290.00,"100 מ""ל",false,0,11.90,4.10,true,1,
7290000072623,false,קטשופ בקבוק לחיץ 750 גרם,"אסם השקעות בע""מ",IL,קטשופ בקבוק לחיץ,גרמים,750.00,100 גרם,false,0,12.50,1.67,true,1,
7290000072753,false,קפה נמס טסטרס צ'ויס200ג,לוטה נסטלה קוריאה,KR,קפה טסטרס צ'ויס,גרמים,200.00,100 גרם,false,0,32.90,16.45,true,1,
7290000072777,false,טסטרס צ'ויס נט.קפאין200ג,לוטה נסטלה קוריאה,KR,קפה טסטרס צויס,גרמים,200.00,100 גרם,false,0,39.60,19.80,true,1,
7290000072968,false,סיני מיניס 500 גרם,סי. פי. פולין,PL,דגני נסטלה,גרמים,500.00,100 גרם,false,0,27.70,5.54,true,1,
7290000073125,false,מ.חמה פסטה ברוטב עגבניות,"אסם השקעות בע""\מ",IL,מנה חמה פסטה,גרמים,62.00,100 גרם,false,0,6.90,11.13,true,1,
7290000073415,false,מ.חמה פסטה ברוטב פיצה,"אסם השקעות בע""\מ",IL,מנה חמה פסטה,גרמים,61.00,100 גרם,false,0,6.90,11.31,true,1,
7290000073750,false,מ.חמה נודלס טעם עוף70גרם,PUB FOODS PRESIDENT THAI,TH,מנה חמה נודלס,גרמים,70.00,100 גרם,false,0,6.90,9.86,true,1,
7290000073767,false,מ.חמה נודלס טעם בקר70ג,PUB FOODS PRESIDENT THAI,TH,מנה חמה נודלס,גרמים,70.00,100 גרם,false,0,6.90,9.86,true,1,
7290000074184,false,ביסקוויט פתי בר 500 גרם,"אסם השקעות בע""\מ",IL,ביסקוויט פתי בר,גרמים,500.00,100 גרם,false,0,12.00,2.40,true,1,
7290000074245,false,קרם קרקר 250 גרם,"אסם השקעות בע""\מ",IL,קרם קרקר אסם,גרמים,250.00,100 גרם,false,0,11.60,4.64,true,1,
7290000074252,false,קרקר שומשום 250 גרם,"אסם השקעות בע""\מ",IL,קרקר שומשום אסם,גרמים,250.00,100 גרם,false,0,11.20,4.48,true,1,
7290000074276,false,קרקר פיקנטי 250 גרם,"אסם השקעות בע""\מ",IL,קרקר פיקנטי אסם,גרמים,250.00,100 גרם,false,0,11.60,4.64,true,1,
7290000074375,false,קרקר זהב 150 גרם,"אסם השקעות בע""\מ",IL,קרקר זהב אסם,גרמים,150.00,100 גרם,false,0,8.10,5.40,true,1,
7290000074481,false,לחמית אגוזים 160 גרם,"אסם השקעות בע""\מ",IL,לחמית אגוזים,גרמים,160.00,100 גרם,false,0,11.60,7.25,true,1,
7290000075693,false,עוגת שמרים בריוש שוקו360,"אסם השקעות בע""\מ",IL,עוגת בריוש,גרמים,360.00,100 גרם,false,0,18.50,5.14,true,1,
7290000076126,false,בייגלה שמיניות קטנות80גר,"אסם השקעות בע""\מ",IL,בייגלה שמיניות,גרמים,80.00,100 גרם,false,0,3.70,4.63,true,1,
7290000076133,false,בייגלה שמיניות קטנות400ג,"אסם השקעות בע""\מ",IL,בייגלה שמיניות,גרמים,400.00,100 גרם,false,0,11.90,2.98,true,1,
7290000077017,false,קרמוגית ממולא שוקו200.גר,"אסם השקעות בע""\מ",IL,קרמוגית שוקולד,גרמים,200.00,100 גרם,false,0,12.70,6.35,true,1,
7290000077253,false,לחמית כפרית 190 גרם,"אסם השקעות בע""\מ",IL,לחמית כפרית,גרמים,190.00,100 גרם,false,0,11.60,6.11,true,1,
7290000078212,false,קרוטונים מתובלים 250גרם,עינת תעשיות,IL,קרוטונים מתובל,גרמים,250.00,100 גרם,false,0,15.80,6.32,true,1,
7290000078762,false,חטיפי פריכונים עם דבש80ג,הרטו,GB,חטיפי פריכונים,גרמים,80.00,100 גרם,false,0,8.20,10.25,true,1,
7290000090832,true,בייגל אמריקאי רגיל,גידרון,IL,בייגל אמריקאי,יחידה,1.00,יחידה,false,0,4.70,4.70,true,1,
7290000091808,true,בייגל שמינייה,גידרון,IL,בייגל שמינייה,יחידה,1.00,יחידה,false,0,4.70,4.70,true,1,
7290000093031,true,לחם ג'בטה,גידרון,IL,לחם ג'בטה,יחידה,1.00,יחידה,false,0,8.50,8.50,true,1,
7290000094168,true,בייגל אמריקאי כפרי,גידרון,IL,בייגל אמריקאי כפ,יחידה,1.00,יחידה,false,0,4.70,4.70,true,1,
7290000094199,true,לחם חצי ג'בטה,גידרון,IL,חצי ג'בטה לבן,יחידה,1.00,יחידה,false,0,4.70,4.70,true,1,
7290000094373,true,לחם חצי ג'בטה כפרי,גידרון,IL,לחם חצי ג'בטה,יחידה,1.00,יחידה,false,0,4.70,4.70,true,1,
7290000094663,true,לחמניה גידרול כפרי,גדרון סהרון,IL,לחמניה גידרול,יחידה,1.00,יחידה,false,0,5.90,5.90,true,1,
7290000096032,true,חצי בגט,גידרון,IL,חצי בגט,יחידה,1.00,יחידה,false,0,4.10,4.10,true,1,
7290000096414,true,מארז 6 סופגניות גדולות .,גידרון,IL,סופגניה גדולה6יח,יחידה,1.00,יחידה,false,6,19.90,19.90,true,1,
7290000097237,true,בגט 280 גרם,גידרון,IL,בגט גדרון,יחידה,1.00,יחידה,false,0,5.20,5.20,true,1,
7290000097596,true,לחמנית 1/3 באגט,גידרון,IL,לחמנית בגט,יחידה,1.00,יחידה,false,0,3.20,3.20,true,1,
7290000097633,true,לחמניית קשר,גידרון,IL,לחמניית קשר,יחידה,1.00,יחידה,false,0,3.90,3.90,true,1,
7290000097657,true,לחמניית חלה,גידרון,IL,לחמניית חלה,יחידה,1.00,יחידה,false,0,4.70,4.70,true,1,
7290000098296,true,לחמניית אצבע,גידרון,IL,לחמניית אצבע,יחידה,1.00,יחידה,false,0,2.60,2.60,true,1,
7290000099125,true,"תפו""ע פינק ליידי אורגני",,IT,"תפו""ע פינק אורגנ",קילוגרמים,0.00,"ק""ג",true,1,25.90,25.90,true,1,
7290000099248,true,בורקס גבינה חלבי במשקל,גידרון,IL,בורקס גבינה חלבי,קילוגרמים,0.00,"ק""ג",true,0,42.00,42.00,true,1,
7290000099255,true,בורקס תפוח אדמה מחיר לקג,גידרון,IL,בורקס תפוח אדמה,קילוגרמים,0.00,"ק""ג",true,0,42.00,42.00,true,1,
7290000099415,true,רוגלך במשקל,גידרון,IL,רוגלך במשקל,קילוגרמים,0.00,"ק""ג",true,0,42.00,42.00,true,1,
7290000099477,true,קרואסון ביס שוקולד במשקל,גידרון,IL,קרואסון שוקולד,קילוגרמים,0.00,"ק""ג",true,0,42.00,42.00,true,1,
7290000099828,true,קוקיס שוקולד מריר במשקל,גידרון,IL,קוקיס שוקולד חלב,קילוגרמים,0.00,"ק""ג",true,0,52.00,52.00,true,1,
7290000099835,true,קוקיס+שבבי שוקולד חלבי,גידרון,IL,קוקיס שוק.חלבי,קילוגרמים,0.00,"ק""ג",true,0,52.00,52.00,true,1,
7290000099927,true,בורקיטס חלבי במשקל,גידרון,IL,בורקיטס חלבי,קילוגרמים,0.00,"ק""ג",true,0,42.00,42.00,true,1,
7290000100593,false,אנטיפסטי לתנור 600 גרם 6,"סנפרוסט בע""\מ",IL,אנטיפסטי לתנור,גרמים,600.00,100 גרם,false,1,24.90,4.15,true,1,
7290000101132,false,לקט קטניות לחמין 800גרם,"סנפרוסט בע""\מ",IL,לקט קטניות לחמין,גרמים,800.00,100 גרם,false,1,24.90,3.11,true,1,
7290000101927,false,אוכמניות כחולות קפוא300ג,"סנפרוסט בע""\מ",IL,אוכמניות קפואות,גרמים,300.00,100 גרם,false,1,19.90,6.63,true,1,
7290000103433,false,לקט ירקות לתנור 800גרם,"סנפרוסט בע""\מ",IL,לקט ירקות לתנור,גרמים,800.00,100 גרם,false,1,24.90,3.11,true,1,
7290000103471,false,מיני ברוקולי קפוא 600גרם,"סנפרוסט בע""\מ",IL,מיני ברוקולי,גרמים,600.00,100 גרם,false,14,19.90,3.32,true,1,
7290000103730,false,לקט להקפצה פסטה פוזילי,"סנפרוסט בע""\מ",IL,לקט להקפצה,גרמים,800.00,100 גרם,false,0,26.40,3.30,true,1,
7290000103815,false,לקט להקפצה תאילנדי 800גר,"סנפרוסט בע""\מ",IL,לקט תאילנדי,גרמים,800.00,100 גרם,false,0,26.40,3.30,true,1,
7290000104072,false,עדשים ירוקות מבושלות 800,"סנפרוסט בע""\מ",IL,עדשים ירוקות,גרמים,800.00,100 גרם,false,0,21.70,2.71,true,1,
7290000104201,false,אפונה עדינה 600 גרם,"סנפרוסט בע""\מ",IL,אפונה עדינה קפוא,גרמים,600.00,100 גרם,false,0,19.90,3.32,true,1,
7290000104218,false,במיה מוקפאת 600 גרם,"סנפרוסט בע""\מ",IL,במיה מוקפאת,גרמים,600.00,100 גרם,false,0,17.90,2.98,true,1,
7290000104676,false,אפונה ירוקה מוקפאת 800גר,"סנפרוסט בע""\מ",IL,אפונה ירוקה קפוא,גרמים,800.00,100 גרם,false,0,19.90,2.49,true,1,
7290000104690,false,תירס גרעינים מוקפא 800 ג,"סנפרוסט בע""\מ",IL,גרעיני תירס קפוא,גרמים,800.00,100 גרם,false,0,19.90,2.49,true,1,
7290000104706,false,גזר גמדי מוקפא 800 גרם,"סנפרוסט בע""\מ",IL,גזר גמדי מוקפא,גרמים,800.00,100 גרם,false,0,19.40,2.43,true,1,
7290000104713,false,פול ירוק מוקפא 800 גרם,"סנפרוסט בע""\מ",IL,פול ירוק מוקפא,גרמים,800.00,100 גרם,false,0,26.60,3.33,true,1,
7290000104720,false,שעועית ירוקה חתוכה 800 ג,"סנפרוסט בע""\מ",IL,שעועית ירוקה,גרמים,800.00,100 גרם,false,0,20.90,2.61,true,1,
7290000104737,false,שעועית צהובה חתוכה 800 ג,"סנפרוסט בע""\מ",IL,שעועית צהובה,גרמים,800.00,100 גרם,false,0,20.60,2.58,true,1,
7290000104744,false,כרובית מוקפאת 800 גרם,"סנפרוסט בע""\מ",IL,כרובית מוקפאת,גרמים,800.00,100 גרם,false,0,28.00,3.50,true,1,
7290000104775,false,מדליוני תרד קפוא 800 גרם,"סנפרוסט בע""\מ",IL,מדליוני תרד קפ,גרמים,800.00,100 גרם,false,0,27.80,3.48,true,1,
7290000104799,false,שעועית לבנה מבושלת 800גר,"סנפרוסט בע""\מ",IL,שעועית לבנה,גרמים,800.00,100 גרם,false,0,21.70,2.71,true,1,
7290000104805,false,גרגרי חומוס מבושל 800גרם,"סנפרוסט בע""\מ",IL,גרגרי חומוס קפוא,גרמים,800.00,100 גרם,false,0,21.70,2.71,true,1,
7290000104829,false,"קלחוני תירס 1 ק""ג","סנפרוסט בע""\מ",IL,קלחוני תירס קפוא,קילוגרמים,1.00,"ק""ג",false,0,22.30,22.30,true,1,
7290000104881,false,אפונה וגזר 800 גרם,"סנפרוסט בע""\מ",IL,אפונה וגזר קפוא,גרמים,800.00,100 גרם,false,0,17.90,2.24,true,1,
7290000104911,false,לקט נורמנדי 800 גרם,"סנפרוסט בע""\מ",IL,לקט נורמנדי קפוא,גרמים,800.00,100 גרם,false,0,24.90,3.11,true,1,
7290000107189,false,ארטישוק תחתיות 400 גרם,"סנפרוסט בע""\מ",IL,תחתיות ארטישוק,גרמים,400.00,100 גרם,false,0,24.70,6.18,true,1,
7290000107295,false,תפרחות ברוקולי 800 גרם,"סנפרוסט בע""\מ",IL,ברוקולי מוקפא,גרמים,800.00,100 גרם,false,0,28.90,3.61,true,1,
7290000107615,false,אסייתית צבעונית ועשירה 8,"סנפרוסט בע""\מ",IL,אסייתית צבעונית,גרמים,800.00,100 גרם,false,1,26.40,3.30,true,1,
7290000112220,false,טחינה גולמית 100% 500 גר,"רושדי תעשיות מזון בע""\מ",IL,טחינה גולמית,גרמים,500.00,100 גרם,false,0,15.90,3.18,true,1,
7290000112497,false,מ.עשיר עוף איטר.קנור68גר,יוניליוור ישראל מזון בע\,IL,מרק עוף איטריות,גרמים,68.00,100 גרם,false,0,10.20,15.00,true,1,
7290000112503,false,מרק עשיר ירקות קנור 61גר,יוניליוור ישראל מזון בע\,IL,מרק ירקות קנור,גרמים,61.00,100 גרם,false,0,10.20,16.72,true,1,
7290000112619,false,מרק עוף קנור 400 גרם,יוניליוור ישראל מזון בע\,IL,מרק עוף אמיתי,גרמים,400.00,100 גרם,false,0,15.90,3.98,true,1,
7290000116204,false,מרק דגש טעם עוף שקית 1קג,יוניליוור ישראל מזון בע\,IL,מרק דגש טעם עוף,קילוגרמים,1.00,"ק""ג",false,0,16.90,16.90,true,1,
7290000116884,false,רוטב ברביקיו קנור350 גרם,יוניליוור ישראל מזון בע\,IL,רוטב ברביקיו,גרמים,350.00,100 גרם,false,0,12.50,3.57,true,1,
7290000117720,false,מרק נמס בכוס פטריות 43גר,יוניליוור ישראל מזון בע\,IL,מרק נמס בכוס,גרמים,43.00,100 גרם,false,0,7.80,18.14,true,1,
7290000118277,false,קניידלך כופתאות מצה65*2ג,יוניליוור ישראל מזון בע\,IL,אבקה לקניידלך,גרמים,130.00,100 גרם,false,0,11.80,9.08,true,1,
7290000120836,false,מיונז אמיתי הלמנס 394 גר,יוניליוור,CA,מיונז אמיתי הלמנ,גרמים,394.00,100 גרם,false,0,12.80,3.25,true,1,
7290000120874,false,ממרח מופחת קלור.לייט424ג,יוניליוור,US,ממרח הלמנס,גרמים,424.00,100 גרם,false,0,12.80,3.02,true,1,
7290000122830,false,רוטב סצ'ואן סיני קנור300,יוניליוור ישראל מזון בע\,IL,רוטב סצ'ואן סיני,גרמים,370.00,100 גרם,false,0,12.50,3.38,true,1,
7290000125251,false,בדין שמפו לכביסה עדינה2ל,"זוהר דליה, קיבוץ דליה, 1",IL,בדין שמפו לכביסה,ליטרים,2.00,ליטר,false,0,25.90,12.95,true,1,
7290000129457,false,רוטב פטריות 28 גרם,יוניליוור ישראל מזון בע\,IL,רוטב פטריות,גרמים,28.00,100 גרם,false,0,4.60,16.43,true,1,
7290000134307,false,קינמון טחון 50 גרם,תבליני טעם וריח,IL,קינמון טחון,גרמים,50.00,100 גרם,false,0,6.90,13.80,true,1,
7290000134314,false,תיבול לפיצה 120 גרם,תבליני טעם וריח,IL,תיבול לפיצה,גרמים,120.00,100 גרם,false,0,11.80,9.83,true,1,
7290000134376,false,פפריקה מתוקה בשמן 90 גרם,תבליני טעם וריח,IL,פפריקה מתוקה,גרמים,90.00,100 גרם,false,0,11.90,13.22,true,1,
7290000134833,false,כמון טחון 100 גרם,תבליני טעם וריח,IL,כמון טחון,גרמים,100.00,100 גרם,false,0,11.90,11.90,true,1,
7290000134840,false,כורכום טחון 100 גרם,תבליני טעם וריח,IL,כורכום טחון,גרמים,100.00,100 גרם,false,0,11.90,11.90,true,1,
7290000134857,false,פפריקה מתוקה במיכל100גרם,תבליני טעם וריח,IL,פפריקה במיכל,גרמים,100.00,100 גרם,false,0,11.90,11.90,true,1,
7290000134871,false,פלפל שחור במיכל 100 גרם,תבליני טעם וריח,IL,פלפל שחור במיכ,גרמים,100.00,100 גרם,false,0,15.00,15.00,true,1,
7290000135052,false,"TEN XL בטעם מנגו 250 מ""ל","טמפו משקאות בע""\מ",IL,TEN XL בטעם מנגו,מיליליטרים,250.00,"100 מ""ל",false,1,4.90,1.96,true,1,
7290000136141,false,פפסי קולה 1.5 ליטר,"טמפו משקאות בע""\מ",IL,פפסי קולה,ליטרים,1.50,ליטר,false,0,8.10,5.40,true,1,
7290000136158,false,פפסי מקס 1.5 ליטר,"טמפו משקאות בע""\מ",IL,פפסי מקס,ליטרים,1.50,ליטר,false,0,8.10,5.40,true,1,
7290000136165,false,מירינדה 1.5 ליטר,"טמפו משקאות בע""\מ",IL,מירינדה תפוזי,ליטרים,1.50,ליטר,false,0,8.30,5.53,true,1,
7290000136172,false,סבן אפ 1.5 ליטר,"טמפו משקאות בע""\מ",IL,סבן אפ,ליטרים,1.50,ליטר,false,0,8.30,5.53,true,1,
7290000136189,false,דיאט סבן אפ 1.5 ליטר,"טמפו משקאות בע""\ם.",IL,דיאט סבן אפ,ליטרים,1.50,ליטר,false,0,8.30,5.53,true,1,
7290000136240,false,מי סודה טמפו 1.5 ליטר,"טמפו משקאות בע""\מ",IL,מי סודה טמפו,ליטרים,1.50,ליטר,false,0,4.90,3.27,true,1,
7290000136288,false,סירופ סיידר גליל תפוח330,"טמפו משקאות בע""\מ",IL,סירופ סיידר גליל,מיליליטרים,330.00,"100 מ""ל",false,1,14.90,4.52,true,1,
7290000136295,false,סירופ סיידר הגליל פטל330,"טמפו משקאות בע""\מ",IL,סירופ סיידר גליל,מיליליטרים,330.00,"100 מ""ל",false,1,14.90,4.52,true,1,
7290000136523,false,ג'אמפ ענבים 1.5 ליטר,"טמפו משקאות בע""\ם.",IL,ג'אמפ ענבים,ליטרים,1.50,ליטר,false,0,8.50,5.67,true,1,
7290000136561,false,ג'אמפ תות בננה 1.5 ליטר,"טמפו משקאות בע""\מ",IL,ג'אמפ תות בננ,ליטרים,1.50,ליטר,false,0,8.50,5.67,true,1,
7290000136585,false,ג'אמפ תפוזים 1.5 ליטר,"טמפו משקאות בע""\ם.",IL,ג'אמפ תפוזים,ליטרים,1.50,ליטר,false,0,8.50,5.67,true,1,
7290000136608,false,ג'אמפ תפוחים 1.5 ליטר,"טמפו משקאות בע""\ם.",IL,ג'אמפ תפוחים,ליטרים,1.50,ליטר,false,0,8.50,5.67,true,1,
7290000136646,false,בירה נשר מאלט 1.5 ליטר,"טמפו משקאות בע""\מ",IL,נשר מאלט,ליטרים,1.50,ליטר,false,0,10.00,6.67,true,1,
7290000136653,false,בירה נשר מאלט דיאט 1.5 ל,"טמפו משקאות בע""\מ",IL,נשר מאלט דיאט,ליטרים,1.50,ליטר,false,0,9.50,6.33,true,1,
7290000136691,false,סבן אפ 1.5*6 ליטר,טמפו,IL,סבן אפ 1.5*6ל,ליטרים,9.00,ליטר,false,0,40.90,4.54,true,1,
7290000136769,false,פפסי קולה 1.5*6 ליטר,"טמפו משקאות בע""\מ",IL,פפסי קולה 1.5*6ל,ליטרים,9.00,ליטר,false,0,38.90,4.32,true,1,
7290000136776,false,פפסי מקס 1.5*6 ליטר,טמפו,IL,פפסי מקס1.5*6ל,ליטרים,9.00,ליטר,false,0,41.10,4.57,true,1,
7290000136790,false,סודה טמפו 1.5*6 ליטר,"טמפו משקאות בע""\מ",IL,סודה טמפו1.5*6ל,ליטרים,9.00,ליטר,false,0,19.70,2.19,true,1,
7290000136868,false,מים מינרל.סאן בנדטו1.5*6,אקווה מינרלה סאן בנדטו ב,IT,סאן בנדטו1.5*6ל,ליטרים,9.00,ליטר,false,0,20.90,2.32,true,1,
7290000137513,false,גלידונית וניל 60יח 630גר,"גלידת שטראוס בע""\מ, רחוב",IL,גלידונית,גרמים,630.00,100 גרם,false,0,49.90,7.92,true,1,
7290000137643,false,מאגדת טעמקור משפ8'יח 52,"גלידת שטראוס בע""\מ, רחוב",IL,מאגד טעמקור משפ',גרמים,400.00,100 גרם,false,0,44.50,11.13,true,1,
7290000143200,false,מרכך הוואי לשיער יבש700מ,טרופיקל דגיל,IL,מרכך שיער הוואי,מיליליטרים,700.00,"100 מ""ל",false,0,10.90,1.56,true,1,
7290000143217,false,שמפו הוואי שיער יבש 700מ,טרופיקל דגיל,IL,שמפו הוואי,מיליליטרים,700.00,"100 מ""ל",false,0,10.90,1.56,true,1,
7290000144160,false,שמן זית כתית ארומתי750מל,שמן תעשיות בעמ,IT,שמן זית,מיליליטרים,750.00,"100 מ""ל",false,0,33.90,4.52,true,1,
7290000144474,false,שמן קנולה+נוגדי חימצון1ל,שמן תעשיות בעמ,EE,שמן קנולה,ליטרים,1.00,ליטר,false,0,16.90,16.90,true,1,
7290000146645,false,סבון הוואי שחור 100*4גרם,טרופיקל דגיל,IL,סבון הוואי 4 יח,גרמים,400.00,100 גרם,false,0,13.90,3.48,true,1,
7290000146652,false,סבון הוואי ורוד 100*4גרם,טרופיקל דגיל,PL,סבון הוואי 4 יח,גרמים,400.00,100 גרם,false,0,13.90,3.48,true,1,
7290000146676,false,סבון הוואי לגבר 100*4גרם,טרופיקל דגיל,PL,סבון הוואי 4 יח,גרמים,400.00,100 גרם,false,0,13.90,3.48,true,1,
7290000146928,false,משחת טום וג'רי ענבים 50מ,טרופיקל דגיל,IL,משחת טום וג'רי,מיליליטרים,50.00,"100 מ""ל",false,0,9.60,19.20,true,1,
7290000149615,false,סבון נקה 7 לתינוק100*4 ג,נקה,IL,נקה 7 סבון 4 יח,גרמים,400.00,100 גרם,false,0,15.00,3.75,true,1,
7290000149905,false,טקסטיל נוזל לכביסה 1ליטר,סנו מפעלי ברונוס בעמ,IL,נוזל כביס טקסטיל,ליטרים,1.00,ליטר,false,0,14.80,14.80,true,1,
7290000150956,false,מקלוני קבנוס 160 גרם,מוצרי עוף טוב (2001) בע\,IL,מקלוני קבנוס,גרמים,160.00,100 גרם,false,0,12.90,8.06,true,1,
7290000152288,false,נקניקיות עוף 400 גרם,מוצרי עוף טוב (2001) בע\,IL,נקניקיות עוף,גרמים,400.00,100 גרם,false,0,16.10,4.03,true,1,
7290000168173,false,ברנפלקס קרנצ'ים 375 גרם,יוניליוור,IL,ברנפלקס קרנצ'ים,גרמים,375.00,100 גרם,false,0,19.90,5.31,true,1,
7290000169538,false,נמס בכוס עגבנ.וקרוטונים,יוניליוור ישראל מזון בע\,IL,נמס בכוס,גרמים,62.00,100 גרם,false,0,7.80,12.58,true,1,
7290000169798,false,עוגי 20% פחות סוכר 500גר,"יוניליוור שפע ישראל בע""\",IL,עוגי מופחת סוכר,גרמים,500.00,100 גרם,false,0,24.10,4.82,true,1,
7290000174723,false,שוקולית בפחית עלית 500גר,שטראוס קפה בי.וי.,IL,שוקולית,גרמים,500.00,100 גרם,false,0,13.90,2.78,true,1,
7290000176062,false,קפה טורקי בצלופן 100 גרם,שטראוס קפה בי.ויn\.,IL,קפה טורקי בצלופן,גרמים,100.00,100 גרם,false,0,9.50,9.50,true,1,
7290000176079,false,קפה טורקי עם הל 100 גרם,שטראוס קפה בי.ויn\.,IL,קפה טורקי עם הל,גרמים,100.00,100 גרם,false,0,9.90,9.90,true,1,
7290000176413,false,קפה נמס 50 גרם,שטראוס קפה בי.וי,IL,קפה נמס,גרמים,50.00,100 גרם,false,0,10.90,21.80,true,1,
7290000176420,false,קפה נמס 200 גרם,שטראוס קפה בי.וי,IL,קפה נמס,גרמים,200.00,100 גרם,false,0,21.90,10.95,true,1,
7290000176475,false,האג נטול קופאין 200 גרם,עלית,VN,קפה נמס האג,גרמים,200.00,100 גרם,false,0,37.00,18.50,true,1,
7290000178707,false,תפוצ'יפס בטעם טבעי 50 גר,"שטראוס פריטו ליי בע""\מ )",IL,חטיף תפוצ'יפס,גרמים,50.00,100 גרם,false,0,4.30,8.60,true,1,
7290000178721,false,תפוצי'פס טבעי 200 גרם,"שטראוס פריטו ליי בע""\מ )",IL,תפוצי'פס טבעי,גרמים,200.00,100 גרם,false,0,10.90,5.45,true,1,
7290000187860,false,לילי נ.טואלט לח פיור56יח,חוגלה קימברלי,IL,נייר טואלט לח,יחידה,1.00,יחידה,false,0,8.90,8.90,true,1,
7290000187938,false,נייר טואלט לילי פסטל32גל,חוגלה קימברלי,IL,נייר טואלט פסטל,מטרים,588.00,100 מטר,false,0,41.90,7.13,true,1,
7290000188355,false,מגבות נייר ניקול 6גלילים,קימברלי-קלארק,IL,מגבות ניקול,מטרים,65.00,מטר,false,0,12.90,0.20,true,1,
7290000188591,false,קוטקס מגן תחתון יאנג,חוגלה קימברלי,CN,מגן תחתון קוטקס,יחידה,1.00,יחידה,false,0,21.90,21.90,true,1,
7290000189192,false,ניקול מגבת רב שימושית,קימברלי קלארק,CO,מטליות נייר,מטרים,18.00,מטר,false,0,17.60,0.98,true,1,
7290000189260,false,תבניות אלומי חזקות ועבות,סין,CN,תבניות מלבניות,יחידה,1.00,יחידה,false,0,10.90,10.90,true,1,
7290000189482,false,תבניות קרטון מרובעות,חוגלה קימברלי,IL,תבניות קרטון,יחידה,1.00,יחידה,false,0,11.40,11.40,true,1,
7290000190853,false,נייר טואלט לילי פיור30גל,חוגלה קימברלי,IL,נייר טואלט לילי,מטרים,537.00,100 מטר,false,0,41.90,7.80,true,1,
7290000191539,false,מגבוני לילי צבעוני90*5יח,חוגלה קימברלי,IL,מגבוני לילי 90*5,יחידה,1.00,יחידה,false,0,15.90,15.90,true,1,
7290000191546,false,מגבוני לילי צבעוני 90*3י,חוגלה קימברלי,IL,לילי צבעוני90*3,יחידה,1.00,יחידה,false,0,10.90,10.90,true,1,
7290000191645,false,האגיס אקסטרה קר מידה NB,חוגלה קימברלי,US,חיתולי האגיס,יחידה,1.00,יחידה,false,0,35.60,35.60,true,1,
7290000193083,false,תחבושות נובה לי 28 יח',חוגלה קימברלי,CZ,תחבושות נובה לי,יחידה,1.00,יחידה,false,0,11.50,11.50,true,1,
7290000195537,false,מגב.האגיס ללא בישום 64*4,חוגלה קימברלי,IL,מגבונים האגיס 4י,יחידה,1.00,יחידה,false,0,23.90,23.90,true,1,
7290000195773,false,מגבוני האגיס אלוורה 64*4,חוגלה קימברלי,IL,מגבונים האגיס 4י,יחידה,1.00,יחידה,false,0,23.90,23.90,true,1,
7290000197425,false,האגיס פרידום דריי מידה 3,חוגלה קימברלי,IL,חיתולי האגיס,יחידה,1.00,יחידה,false,0,45.90,45.90,true,1,
7290000197456,false,האגיס פרידום דריי מידה 4,חוגלה קימברלי,IL,חיתולי האגיס,יחידה,1.00,יחידה,false,0,45.90,45.90,true,1,
7290000197463,false,האגיס פרידום דריי +4,חוגלה קימברלי,IL,חיתולי האגיס,יחידה,1.00,יחידה,false,0,45.90,45.90,true,1,
7290000197548,false,האגיס פרידום דריי מידה 5,חוגלה קימברלי,IL,חיתולי האגיס,יחידה,1.00,יחידה,false,0,45.90,45.90,true,1,
7290000197678,false,האגיס פרידום דריי מידה 6,חוגלה קימברלי,IL,חיתולי האגיס,יחידה,1.00,יחידה,false,0,45.90,45.90,true,1,
7290000197883,false,תבניות אלומיניום גדולות,חוגלה קימברלי,CN,תבניות אלומיניום,יחידה,1.00,יחידה,false,0,9.90,9.90,true,1,
7290000205762,false,האגיס אקסטרה קר מידה 3,חוגלה קימברלי,CZ,חיתולי האגיס,יחידה,1.00,יחידה,false,1,54.90,54.90,true,1,
7290000205915,false,האגיס אקסטרה קר מידה 4,חוגלה קימברלי,CZ,חיתולי האגיס,יחידה,1.00,יחידה,false,1,54.90,54.90,true,1,
7290000207162,false,רוטב עגבניות 22% 100 גרם,"זנלכל בע""\מ",IL,רוטב עגבניות,גרמים,100.00,100 גרם,false,0,2.90,2.90,true,1,
7290000208022,false,עגבניות מרוסקות 800 גרם,"זנלכל בע""\מ",IL,עגבניות מרוסקות,גרמים,800.00,100 גרם,false,0,9.90,1.24,true,1,
7290000208114,false,אפונה וגזר 550 גרם,"זנלכל בע""\מ",IL,אפונה וגזר,גרמים,550.00,100 גרם,false,0,8.90,1.62,true,1,
7290000208138,false,סירופ ענבים דיאט1ל' יכין,"זנלכל בע""\מ",IL,סירופ דיאט ענבים,ליטרים,1.00,ליטר,false,0,17.90,17.90,true,1,
7290000208145,false,תירס לייט יכין 550 גרם,"זנלכל בע""\מ",IL,תירס לייט יכין,גרמים,550.00,100 גרם,false,0,9.90,1.80,true,1,
7290000208213,false,שעוע.אפויה+רוטב עגב580גר,"זנלכל בע""\מ",IL,שעועית ברוטב,גרמים,580.00,100 גרם,false,0,9.90,1.71,true,1,
7290000208336,false,רוטב עגבניות 22% 240 גרם,"זנלכל בע""\מ",IL,רוטב עגבניות,גרמים,240.00,100 גרם,false,0,4.90,2.04,true,1,
7290000208404,false,פול מצרי 550 גרם,"זנלכל בע""\מ",IL,פול מצרי,גרמים,550.00,100 גרם,false,0,8.90,1.62,true,1,
7290000208428,false,חומוס שלם יכין 550 גרם,"זנלכל בע""\מ",IL,חומוס שלם,גרמים,560.00,100 גרם,false,0,8.90,1.59,true,1,
7290000208855,false,רוטב פסטה 240 גרם,"זנלכל בע""\מ",IL,רוטב פסטה,גרמים,240.00,100 גרם,false,0,6.90,2.88,true,1,
7290000208947,false,עגבניות קצוצות 240 גרם,"זנלכל בע""\מ",IL,עגבניות קצוצות,גרמים,240.00,100 גרם,false,0,6.90,2.88,true,1,
7290000209371,false,תירס גרעינים 165*3 גרם,"זנלכל בע""\מ",IL,תירס גרעינים 3יח,גרמים,495.00,100 גרם,false,1,14.90,3.01,true,1,
7290000209388,false,תירס לייט 165*3 גרם,"זנלכל בע""\מ",IL,תירס לייט 3 יח,גרמים,495.00,100 גרם,false,0,14.90,3.01,true,1,
7290000209517,false,סירופ דיאט לימון 1 ליטר,"זנלכל בע""\מ",IL,סירופ דיאט לימון,ליטרים,1.00,ליטר,false,0,17.90,17.90,true,1,
7290000209524,false,סירופ דיאט פטל 1 ל' יכין,"זנלכל בע""\מ",IL,סירופ פטל דיאט,ליטרים,1.00,ליטר,false,0,17.90,17.90,true,1,
7290000209555,false,סירופ תפוחי עץ דיאט 1 ל',"זנלכל בע""\מ",IL,"סירופ תפו""ע דיאט",ליטרים,1.00,ליטר,false,0,17.90,17.90,true,1,
7290000209722,false,רוטב עגבניות פריכוז580ג,"זנלכל בע""\מ",IL,רוטב עגבניות,גרמים,580.00,100 גרם,false,0,11.90,2.05,true,1,
7290000209913,false,קוביות עגבניות 240 גרם,"זנלכל בע""\מ",IL,קוביות עגבניות,גרמים,240.00,100 גרם,false,0,6.90,2.88,true,1,
7290000209944,false,בסיס לשקשוקה 240גרם,"זנלכל בע""\מ",IL,בסיס לשקשוקה,גרמים,240.00,100 גרם,false,0,6.90,2.88,true,1,
7290000209951,false,רוטב עגבניות לפיצה240גרם,"זנלכל בע""\מ",IL,רוטב עגבניות,גרמים,240.00,100 גרם,false,0,6.90,2.88,true,1,
7290000211374,false,"קמח חיטה מלא סוגת 1 ק""ג",סוגת,IL,קמח חיטה מלא,קילוגרמים,1.00,"ק""ג",false,0,8.90,8.90,true,1,
7290000211381,false,"סוכר חום כהה סוגת 1 ק""ג",סוגת,ZA,סוכר חום כהה,קילוגרמים,1.00,"ק""ג",false,0,13.90,13.90,true,1,
7290000211442,false,"אורז פרסי קלאסי 1ק""ג","סוגת תעשיות בע""\מ",IL,אורז פרסי קלאסי,קילוגרמים,1.00,"ק""ג",false,0,10.90,10.90,true,1,
7290000211985,false,"אורז עגול 1 ק""ג","סוגת תעשיות בע""\מ",IL,אורז עגול סוגת,קילוגרמים,1.00,"ק""ג",false,0,9.90,9.90,true,1,
7290000238029,false,"בצק עלים 1 ק""ג","מעדנות בע""\מ",IL,בצק עלים מרודד,קילוגרמים,1.00,"ק""ג",false,0,24.90,24.90,true,1,
7290000238036,false,מלווח מעדנות 700 גרם,"מעדנות בע""\מ",IL,מלווח מעדנית,גרמים,700.00,100 גרם,false,0,18.90,2.70,true,1,
7290000238173,false,בורקס גבינה 800 גרם,"מעדנות בע""\מ",IL,בורקס גבינה קפוא,גרמים,800.00,100 גרם,false,0,22.70,2.84,true,1,
7290000238180,false,"בורקס תפו""א 800 גרם","מעדנות בע""\מ",IL,"בורקס תפו""א קפוא",גרמים,800.00,100 גרם,false,0,21.70,2.71,true,1,
7290000240541,false,ריבועי בצק עלים 800 גרם,"מעדנות בע""\מ",IL,ריבועי בצק עלים,גרמים,800.00,100 גרם,false,0,26.40,3.30,true,1,
7290000243566,false,"שמן קנולה מועשר 750 מ""ל",סקנולה,EE,שמן קנולה מועשר,מיליליטרים,750.00,"100 מ""ל",false,0,12.90,1.72,true,1,
7290000244761,false,"קרם ידיים ולווטה 100 מ""ל",טרופיקל דגיל,IL,קרם ידיים ולווטה,מיליליטרים,100.00,"100 מ""ל",false,0,11.90,11.90,true,1,
7290000245294,false,"אבקת כביסה פרסיל 2.5 ק""ג","הנקל סוד בע""\מ",IL,אבקת כביסה פרסיל,קילוגרמים,2.50,"ק""ג",false,0,22.90,9.16,true,1,
7290000245508,false,אבקת סוד שושן מרענן1.25,"הנקל סוד בע""\מ",IL,אבקת כביסה סוד,קילוגרמים,1.25,"ק""ג",false,0,12.90,10.32,true,1,
7290000253220,false,שוקולד צ'יפס חום 260 גרם,,IL,שוקולד צ'יפס,גרמים,260.00,100 גרם,false,0,12.90,4.96,true,1,
7290000253251,false,שוקולד צ'יפס לבן 250 גרם,,IL,שוקו צ'יפס לבן,גרמים,250.00,100 גרם,false,0,12.90,5.16,true,1,
7290000262031,false,נייר טואלט מולט 32 גליל,קימברלי-קלארק,IL,נייר טואלט,מטרים,562.00,100 מטר,false,0,29.90,5.32,true,1,
7290000263359,false,האגיס אקסטרה קר שלב1,חוגלה קימברלי,IL,חיתולי האגיס,יחידה,1.00,יחידה,false,0,35.60,35.60,true,1,
7290000267043,false,שקד מולבן פרוס100ג'שקדיה,שקדיה,IL,שקד מולבן פרוס,גרמים,100.00,100 גרם,false,0,13.80,13.80,true,1,
7290000267609,false,פיסטוק חלבי קלוף 150גרם,שקדיה,IL,פיסטוק חלבי קלוף,גרמים,150.00,100 גרם,false,0,29.60,19.73,true,1,
7290000267616,false,צנובר 100גרם,שקדיה,IL,צנובר,גרמים,100.00,100 גרם,false,0,29.60,29.60,true,1,
7290000272443,false,סירופ תפוז דיאט 1 ליטר,בית-השיטה עסיס תעשיות מז,IL,סירופ דיאט תפוז,ליטרים,1.00,ליטר,false,0,17.90,17.90,true,1,
7290000272696,false,מיץ לימון משומר-עסיס 1ל',בית-השיטה עסיס תעשיות מז,IL,מיץ לימון משומר,ליטרים,1.00,ליטר,false,0,11.50,11.50,true,1,
7290000272726,false,חומץ 5% 1 ליטר,בית-השיטה עסיס תעשיות מז,IL,חומץ 5%,ליטרים,1.00,ליטר,false,0,7.30,7.30,true,1,
7290000286228,false,ספוגיות לניקוי כלים 6 יח,סנו מפעלי ברונו בעמ,IL,ספוגיות לכלים6יח,יחידה,1.00,יחידה,false,0,11.30,11.30,true,1,
7290000286297,false,סנו אנטיקאלק מסיר אבן700,סנו מפעלי ברונוס בעמ,IL,סנו מסיר אבן,מיליליטרים,700.00,"100 מ""ל",false,0,12.90,1.84,true,1,
7290000286761,false,ניילון נצמד 30*2 מטר,סנו,CN,צמד ניילון נצמד,מטרים,60.00,מטר,false,0,11.90,0.20,true,1,
7290000288024,false,סנו ג'אוול לימון 4 ליטר,"סנו מפעלי ברונוס בע""מ",IL,סנו JAVEL אקונומ,ליטרים,4.00,ליטר,false,0,17.90,4.48,true,1,
7290000288048,false,סנו ג'אוול מרסס לבנדר 1ל,"סנו מפעלי ברונוס בע""מ",IL,סנו ג'אוול לבנדר,ליטרים,1.00,ליטר,false,0,19.90,19.90,true,1,
7290000288079,false,סנו ג'אוול לימון 2 ליטר,"סנו מפעלי ברונוס בע""מ",IL,סנו JAVEL מלבין,ליטרים,2.00,ליטר,false,0,13.60,6.80,true,1,
7290000288109,false,אבקת מקסימה ג'אבל 1.25קג,סנו מפעלי ברונוס בעמ,IL,א.כביסה מקסימה,קילוגרמים,1.25,"ק""ג",false,0,16.90,13.52,true,1,
7290000288352,false,300-K קוטל חרק/.זוחל630מ,"סנו מפעלי ברונוס בע""מ",IL,300-K קוטל חרק,מיליליטרים,630.00,"100 מ""ל",false,0,23.00,3.65,true,1,
7290000289069,false,סנו ג'אוול מרסס לימון 1ל,"סנו מפעלי ברונוס בע""מ",IL,סנו ג'אוול מרסס,ליטרים,1.00,ליטר,false,0,19.90,19.90,true,1,
7290000289380,false,"ג'ל לאסלה ג'אוול 750 מ""ל",סנו מפעלי ברונוס בעמ,IL,ג'ל לאסלה ג'אוול,מיליליטרים,750.00,"100 מ""ל",false,0,12.90,1.72,true,1,
7290000289496,false,ג'אוול ג'ל קרם לימון750מ,"סנו מפעלי ברונוס בע""\מ",IL,ג'אוול ג'ל קרם,מיליליטרים,750.00,"100 מ""ל",false,0,12.90,1.72,true,1,
7290000291932,false,סנובון נוזלי לבנדר 750מל,"סנו מפעלי ברונוס בע""מ",IL,סנובון נוזלי,מיליליטרים,750.00,"100 מ""ל",false,0,9.90,1.32,true,1,
7290000292137,false,"סנו לניקוי עור 500 מ""ל",סנו מפעלי ברונוס בעמ,IL,סנו לניקוי עור,מיליליטרים,500.00,"100 מ""ל",false,0,32.60,6.52,true,1,
7290000292557,false,סנומט נוזלי45לילות-מילוי,סנו,IT,נוזל מילוי סנו,מיליליטרים,35.00,"100 מ""ל",false,0,18.50,52.86,true,1,
7290000292687,false,סנובון כחול שלישיה55*3גר,סנו מפעלי ברונו בעמ,IL,סנובון כחול 3 יח,גרמים,165.00,100 גרם,false,0,17.90,10.85,true,1,
7290000292939,false,אקווה בלו למיכל אסלה100ג,סנו מפעלי ברונוס בעמ,IL,אקווה בלו לאסלה,גרמים,100.00,100 גרם,false,0,15.00,15.00,true,1,
7290000293516,false,סנו סופג לחות במיכל 340ג,"סנו מפעלי ברונוס בע""\מ",IL,סנו סופג לחות,גרמים,340.00,100 גרם,false,0,29.60,8.71,true,1,
7290000295503,false,סושי זוג שקיות אוכל150*2,סנו,CN,שקיות אוכל צמד,יחידה,1.00,יחידה,false,0,14.50,14.50,true,1,
7290000295541,false,סנו סושי 75רב מגבת ג'מבו,סנו מפעלי ברונוס בעמ,IL,סנו סושי רב מגבת,מטרים,21.00,מטר,false,0,17.90,0.85,true,1,
7290000295558,false,2רדידי אלומיניום0.3*7.5מ,סנו,TR,צמד רדידי אלומינ,מטרים,15.00,מטר,false,0,10.90,0.73,true,1,
7290000295572,false,"מנקה אסלות ""00"" 750*2מל",סנו מפעלי ברונוס בעמ,IL,צמד מנקה אסלות,ליטרים,1.50,ליטר,false,0,19.70,13.13,true,1,
7290000300900,false,שניצל תירס 750 גרם,טבעול,IL,שניצל תירס טבעול,גרמים,750.00,100 גרם,false,0,27.90,3.72,true,1,
7290000302027,false,טיים רד פאקט,"דובק בע""מ",IL,טיים רד,יחידה,1.00,יחידה,false,0,286.00,286.00,false,1,
7290000303598,false,שעועית אפויה+רוטב 570 גר,פרי הגליל בעמ,IL,שעועית ברוטב,גרמים,570.00,100 גרם,false,0,8.50,1.49,true,1,
7290000303604,false,חומוס שלם 550 גרם,פרי הגליל בעמ,IL,חומוס שלם,גרמים,550.00,100 גרם,false,0,8.90,1.62,true,1,
7290000305882,false,אס ירקות עם דגים+רוטב120,סטארקיסט,TR,אס דגים+ירקות,גרמים,120.00,100 גרם,false,0,6.90,5.75,true,1,
7290000307015,false,אפונת גינה בינונית 550 ג,פרי הגליל בעמ,IL,אפונת גינה,גרמים,550.00,100 גרם,false,0,8.90,1.62,true,1,
7290000307046,false,אפונת גינה וגזר 550 גרם,פרי הגליל בעמ,IL,אפונת גינה וגזר,גרמים,550.00,100 גרם,false,0,8.90,1.62,true,1,
7290000307220,false,גרעיני תירס ואקום 340 גר,פרי הגליל בעמ,IL,גרעיני תירס,גרמים,340.00,100 גרם,false,0,6.90,2.03,true,1,
7290000307237,false,גרעיני תירס מתוק 550 גרם,פרי הגליל בעמ,IL,גרעיני תירס,גרמים,550.00,100 גרם,false,0,8.90,1.62,true,1,
7290000307343,false,שעועית ירוקה חתוכה 550 ג,פרי הגליל בעמ,IL,שעועית ירוקה,גרמים,550.00,100 גרם,false,0,8.00,1.45,true,1,
7290000313160,false,עוגיות שוקולד זהבה 250גר,"הגביע מוצרי וופלים בע""\מ",IL,עוגיות זהבה,גרמים,250.00,100 גרם,false,0,8.90,3.56,true,1,
7290000313290,false,נודלס אטריות מסולסל200גר,טאי רזידנט,TH,אטריות נודלס,גרמים,200.00,100 גרם,false,0,11.90,5.95,true,1,
7290000315126,false,ציר עוף קנור 300 גרם,יוניליוור ישראל מזון בע\,IL,ציר עוף קנור,גרמים,300.00,100 גרם,false,0,27.80,9.27,true,1,
7290000315133,false,ציר בקר 300 גרם,יוניליוור ישראל מזון בע\,IL,ציר בקר,גרמים,300.00,100 גרם,false,0,27.80,9.27,true,1,
7290000318127,false,"נקניקיות ""ביס"" 380 גרם",יחיעם,IL,"נקניקיות ""ביס""",גרמים,380.00,100 גרם,false,0,12.90,3.39,true,1,
7290000318479,false,פרושוטו עגל 100 גרם,מעדני יחיעם,IL,פרושוטו,גרמים,100.00,100 גרם,false,0,29.90,29.90,true,1,
7290000318677,false,סלמי סרוולט 150 גרם,יחיעם,IL,סלמי סרוולט,גרמים,150.00,100 גרם,false,0,25.60,17.07,true,1,
7290000318707,false,נקניק סלמי מעושן 500 גר,יחיעם,IL,סלמי מעושן 500 ג,גרמים,500.00,100 גרם,false,1,32.90,6.58,true,1,
7290000318943,false,פסטרמה של פעם 200 גרם,מעדני יחיעם,IL,פסטרמה של פעם,גרמים,200.00,100 גרם,false,0,23.90,11.95,true,1,
7290000319124,false,סלמי סרוולט 250 גרם,יחיעם,IL,סלמי סרוולט,גרמים,250.00,100 גרם,false,0,38.90,15.56,true,1,
7290000319520,false,סלמי צרפתי 100 גרם,יחיעם,IL,סלמי צרפתי,גרמים,100.00,100 גרם,false,0,22.90,22.90,true,1,
7290000319803,false,קבנוס קלאסי 125גרם,מעדני יחיעם,IL,קבנוס קלאסי,גרמים,125.00,100 גרם,false,5,14.90,11.92,true,1,
7290000341071,false,מרכך כביסה בדין בייבי 2ל,יוניליוור ישראל טיפוח אי,IL,מרכך כביסה בייבי,ליטרים,2.00,ליטר,false,0,16.90,8.45,true,1,
7290000342856,false,מרכך כביסה בדין כחול 4 ל,יוניליור ישראל טיפוח איש,IL,מרכך כביסה בדין,ליטרים,4.00,ליטר,false,0,21.90,5.48,true,1,
7290000345116,false,תה ירוק עלים 125 גרם,תה ויסוצקי,IL,תה ירוק עלים,גרמים,125.00,100 גרם,false,0,16.40,13.12,true,1,
7290000345208,false,תה ויסוצקי 25שק* 1 גרם,ויסוצקי,IL,תה ויסוצקי מעודן,גרמים,25.00,100 גרם,false,0,7.40,29.60,true,1,
7290000345260,false,תה ויסוצקי 25שק1.5*גרם,תה ויסוצקי,IL,תה ויסוצקי,גרמים,37.00,100 גרם,false,0,8.00,21.62,true,1,
7290000345277,false,תה ויסוצקי 50שק1.5* גרם,תה ויסוצקי,IL,תה ויסוצקי 50 שק,גרמים,75.00,100 גרם,false,0,13.80,18.40,true,1,
7290000345284,false,תה קלאסיק 100שק1.5*גרם,תה ויסוצקי,IL,תה ויסוצקי ירוק,גרמים,150.00,100 גרם,false,0,17.90,11.93,true,1,
7290000345291,false,תה ארל גריי 25שק1.5*גרם,ויסוצקי,IL,תה ארל גריי,גרמים,37.00,100 גרם,false,0,18.20,49.19,true,1,
7290000345307,false,תה ארל גריי 50 שק1.5*גרם,תה ויסוצקי,IL,תה ארל גריי 50שק,גרמים,75.00,100 גרם,false,0,32.90,43.87,true,1,
7290000345536,false,תה נענע 25 שק1.5* גרם,תה ויסוצקי,IL,תה נענע,גרמים,37.00,100 גרם,false,0,19.90,53.78,true,1,
7290000346021,false,חליטת קמומיל 50 שק* 1.5ג,בית ויסוצקי,IL,חליטת קמומיל,גרמים,75.00,100 גרם,false,0,36.90,49.20,true,1,
7290000346120,false,חליטת קסם הקינמון25ש2.5*,ויסוצקי,IL,חליטת קינמון,גרמים,62.00,100 גרם,false,0,19.90,32.10,true,1,
7290000346144,false,חליטה עינוגי התפוח25ש3*ג,ויסוצקי,IL,חליטת פירות,גרמים,67.00,100 גרם,false,0,19.90,29.70,true,1,
7290000346199,false,תה פירות יער 25שק2.7*גר,ויסוצקי,IL,חליטת פירות היער,גרמים,67.00,100 גרם,false,0,19.90,29.70,true,1,
7290000346205,false,חל.קמומיל-גן קסום25ש1.5*,ויסוצקי,IL,חליטת קמומיל,גרמים,37.00,100 גרם,false,0,19.90,53.78,true,1,
7290000347738,false,תה ירוק עם נענע 1.5*25גר,ויסוצקי,IL,תה ירוק נענע,גרמים,37.00,100 גרם,false,0,26.90,72.70,true,1,
7290000347752,false,תה ירוק+לימונ.ולואיזה25ש,ויסוצקי,IL,תה ירוק לימונית,גרמים,37.00,100 גרם,false,0,26.90,72.70,true,1,
7290000363011,false,נקניק קוניאק מובחר משקל,טיב טירת צבי 2000,IL,נקניק קוניאק,קילוגרמים,0.00,"ק""ג",true,0,79.00,79.00,true,1,
7290000363202,false,נקניק סלמי גליל 600 גרם,טיב טירת צבי 2000,IL,נקניק סלמי גליל,גרמים,600.00,100 גרם,false,0,31.90,5.32,true,1,
7290000363462,false,מעושן איטלקי משקל,טירת צבי,IL,מעושן איטלקי,קילוגרמים,0.00,"ק""ג",true,0,79.00,79.00,true,1,
7290000363486,false,נקניק תה במשקל,טירת צבי,IL,נקניק תה,קילוגרמים,0.00,"ק""ג",true,0,58.00,58.00,true,1,
7290000364261,false,סלסולי כתף בקר 120 גרם,טיב טירת צבי 2000,IL,דקניקים כתף בקר,גרמים,120.00,100 גרם,false,0,17.90,14.92,true,1,
7290000364285,false,סלסולי פסטרמה הודו 120גר,טיב טירת צבי 2000,IL,דקניקים פסטרמה,גרמים,120.00,100 גרם,false,0,17.90,14.92,true,1,
7290000364292,false,סלסולי פסטרמה גחלים 120ג,טיב טירת צבי 2000,IL,דקמיקים פסטרמה,גרמים,120.00,100 גרם,false,0,17.90,14.92,true,1,
7290000364858,false,"נקניקיות עוף בואקום 1ק""ג",טיב טירת צבי 2000,IL,נקניקיות עוף,קילוגרמים,1.00,"ק""ג",false,0,25.90,25.90,true,1,
7290000364872,false,נקניקיות עוף 400 גרם,טיב טירת צבי 2000,IL,נקניקיות עוף,גרמים,400.00,100 גרם,false,0,14.90,3.73,true,1,
7290000365046,false,כתף בקר מעושן במשקל,טירת צבי,IL,כתף בקר מעושן,קילוגרמים,0.00,"ק""ג",true,0,107.00,107.00,true,1,
7290000365398,false,חזה הודו בדבש במשקל,טירת צבי,IL,חזה הודו בדבש,קילוגרמים,0.00,"ק""ג",true,0,89.00,89.00,true,1,
7290000365909,false,"פסטרמה הודו מעושנת ק""ג",טירת צבי,IL,פסטרמה הודו מעוש,קילוגרמים,0.00,"ק""ג",true,0,89.00,89.00,true,1,
7290000365954,false,פסטרמה על גחלים משקל,טירת צבי,IL,פסטרמה על גחלי,קילוגרמים,0.00,"ק""ג",true,0,89.00,89.00,true,1,
7290000367590,false,פסטרמה כפרית+סלמי 400*2ג,טיב טירת צבי 2000,IL,צמד כפרי נקניקים,גרמים,800.00,100 גרם,false,0,29.90,3.74,true,1,
7290000379258,false,חלת קונדיטוריה ארוזה500ג,מאפיית שלמה א. אנג'\ל בע,IL,חלת קונדיטוריה,גרמים,500.00,100 גרם,false,0,15.90,3.18,true,1,
7290000408316,false,יוגורט ביו 3% דנונה 200ג,"שטראוס בריאות בע""\מ",IL,יוגורט ביו 3%,גרמים,200.00,100 גרם,false,0,3.70,1.85,true,1,
7290000408354,false,דנונה בר פצפוצים 173 גרם,"שטראוס בריאות בע""\מ",IL,דנונה בר פצפוצים,גרמים,173.00,100 גרם,false,0,4.80,2.77,true,1,
7290000412481,false,"מנקה אסלות ""00"" 1 ליטר",סנו מפעלי ברונוס בעמ,IL,"מנקה אסלות 00""",ליטרים,1.00,ליטר,false,0,8.90,8.90,true,1,
7290000416021,false,ממרח בטעם שוקולד 500גר,השחר העולה,IL,ממרח השחר,גרמים,500.00,100 גרם,false,0,14.90,2.98,true,1,
7290000416045,false,ממרח בטעם שוקולד השחר1קג,השחר העולה,IL,ממרח השחר,קילוגרמים,1.00,"ק""ג",false,0,26.90,26.90,true,1,
7290000416618,false,"ממרח טעם שוקולד בד""ץ400ג",השחר,IL,ממרח בטעם שוקולד,גרמים,400.00,100 גרם,false,0,13.90,3.48,true,1,
7290000416809,false,ממרח השחר חצי חצי 350גרם,השחר העולה,IL,ממרח חצי חצי,גרמים,350.00,100 גרם,false,1,12.90,3.69,true,1,
7290000416922,false,ממרח חלב 350 גרם,השחר העולה,IL,ממרח חלב,גרמים,350.00,100 גרם,false,1,12.90,3.69,true,1,
7290000419107,false,קפה שחור לנדוור 100 גרם,"קפה לנדוור בע""\מ",IL,קפה שחור לנדוור,גרמים,100.00,100 גרם,false,0,9.90,9.90,true,1,
7290000419114,false,קפה טחון טורקי לנדור200ג,"קפה לנדוור בע""\מ",IL,קפה שחור לנדוור,גרמים,200.00,100 גרם,false,0,18.30,9.15,true,1,
7290000419893,false,קפה לנדור לבוקר טחון100ג,"קפה לנדוור בע""\מ",IL,קפה שחור לבוקר,גרמים,100.00,100 גרם,false,0,9.90,9.90,true,1,
7290000419909,false,קפה שחור חזק לנדוור 100ג,קפה לנדוור,IL,קפה שחור חזק,גרמים,100.00,100 גרם,false,0,9.90,9.90,true,1,
7290000420325,false,גרע.תירס טבעי-מיקרו100*5,פרסטון פארמס,US,פופקורן למיקרו,גרמים,500.00,100 גרם,false,0,14.90,2.98,true,1,
7290000420332,false,פופקורן חמאה מיקרו100*5ג,פרסטון פארמס,US,פופקורן למיקרו,גרמים,500.00,100 גרם,false,0,14.90,2.98,true,1,
7290000446547,false,חמאת בוטנים,,IL,חמאת בוטנים,גרמים,350.00,100 גרם,false,0,16.20,4.63,true,1,
7290000446776,false,פיצפוצי אורז מלא,,IL,פיצפוצי אורז מלא,גרמים,450.00,100 גרם,false,0,21.90,4.87,true,1,
7290000449128,false,פנטסטיק רגיל 4 ליטר,יוניליוור ישראל טיפוח אי,IL,פנטסטיק לניקוי,ליטרים,4.00,ליטר,false,0,25.10,6.28,true,1,
7290000453019,false,שמרית-שמרים לחים 50 גרם,"פאקא תעשיות בע""\מ",IL,שמרית-שמרים טרי,גרמים,50.00,100 גרם,false,0,4.90,9.80,true,1,
7290000453200,false,בלילה מצוננת לפנקייק750ג,,DE,בלילה לפנקייק,גרמים,750.00,100 גרם,false,1,22.90,3.05,true,1,
7290000453309,false,בצק לפיצה ללא גלוטן230ג,,FR,בצק לפיצה,גרמים,230.00,100 גרם,false,1,23.90,10.39,true,1,
7290000453408,false,בצק פיצה דק מצונן 415 גר,,FR,בצק פיצה מצונן,גרמים,415.00,100 גרם,false,1,18.50,4.46,true,1,
7290000453415,false,בצק עלים לאפייה מצונן300,,FR,בצק עלים מצונן,גרמים,300.00,100 גרם,false,1,16.90,5.63,true,1,
7290000453422,false,בצק פילו לאפייה מצונן300,,GR,בצק פילו מצונן,גרמים,300.00,100 גרם,false,1,16.90,5.63,true,1,
7290000453446,false,פיצה קראסט שמרית 500 גרם,,FR,בצק שמרים מצונן,גרמים,500.00,100 גרם,false,1,14.90,2.98,true,1,
7290000453484,false,בצק קדאיף 350 גרם,,GR,בצק קדאיף,גרמים,350.00,100 גרם,false,1,16.90,4.83,true,1,
7290000453866,false,נטורינה קוקוס 200 גרם,פאקא,DK,נטורינה קוקוס,גרמים,200.00,100 גרם,false,1,8.50,4.25,true,1,
7290000461625,false,בייגלה שמיניות עם מלח400,בייגל את בייגל מזון 198),IL,בייגלה שמיניות,גרמים,400.00,100 גרם,false,0,12.20,3.05,true,1,
7290000461656,false,בייגלה מקלות עם מלח400ג,בייגל את בייגל מזון 198),IL,בייגלה מקלות,גרמים,400.00,100 גרם,false,0,12.20,3.05,true,1,
7290000461700,false,בייגלה שמינ.גדול.מלוח400,בייגל את בייגל מזון 198),IL,בייגלה גדול,גרמים,400.00,100 גרם,false,0,14.90,3.73,true,1,
7290000462141,false,זחוק אדום חריף מאוד 150ג,"זהבי הכרם בע""\מ",IL,זחוק אדום חריף,גרמים,150.00,100 גרם,false,0,8.90,5.93,true,1,
7290000462172,false,סחוג זהבי ירוק 150 גרם,"זהבי הכרם בע""\מ",IL,סחוג זהבי ירוק,גרמים,150.00,100 גרם,false,0,8.90,5.93,true,1,
7290000467320,false,מלך חומוס אבו מרוואן400ג,סלטי צבר,IL,מלך החומוס צבר,גרמים,400.00,100 גרם,false,0,14.90,3.73,true,1,
7290000474090,false,חלב הומוגני 1% קרטון 1 ל,מילקו תעשיות בעמ,IL,חלב טרי טרה 1%,ליטרים,1.00,ליטר,false,0,5.86,5.86,true,1,
7290000474502,false,גבינה לבנה 5% טרה 250 גר,טרה,IL,גבינה לבנה 5%,גרמים,250.00,100 גרם,false,0,4.98,1.99,true,1,
7290000480107,false,קוואקר שיבולת שועל פח500,קואקר אוטס,GB,קוואקר שיבולת,גרמים,500.00,100 גרם,false,0,15.00,3.00,true,1,
7290000480442,false,קוואקר באריזת אלומינ500ג,עלית,IL,קוואקר,גרמים,500.00,100 גרם,false,0,14.80,2.96,true,1,
7290000481029,false,פיתות בטעם ביתי 10 יחידו,דגנית עין בר תעשיות מזון,IL,פיתות בטעם ביתי,יחידה,1.00,יחידה,false,1,12.90,12.90,true,1,
7290000481043,false,פיתות כוסמין 10 * 70 גרם,דגנית עין בר תעשיות מזון,IL,פיתות כוסמין10יח,גרמים,700.00,100 גרם,false,1,16.90,2.41,true,1,
7290000481074,false,לחם טריו מלא 750 גרם,דגנית עין בר תעשיות מזון,IL,לחם טריו מלא,גרמים,750.00,100 גרם,false,1,17.90,2.39,true,1,
7290000481531,false,לחמניות חיטה מלאה75*10גר,דגנית עין בר תעשיות מזון,IL,10לחמניות ח.מלאה,גרמים,750.00,100 גרם,false,0,14.90,1.99,true,1,
7290000481883,false,לחמניות אצבע 75*10 גרם,דגנית עין בר תעשיות מזון,IL,לחמניות אצבע10יח,גרמים,750.00,100 גרם,false,0,14.90,1.99,true,1,
7290000482071,false,קוקי שקיות אפיה 20 יחי,"ש. שסטוביץ בע""\מ",IL,קוקי שקיות אפיה,יחידה,1.00,יחידה,false,0,19.90,19.90,true,1,
7290000490601,false,גלידל וניל 8 יחידות,פלקו בעמ,IL,גלידל וניל 8יח,גרמים,400.00,100 גרם,false,0,34.90,8.73,true,1,
7290000490762,false,גלידל שוקו 8 יחי,פלקו בעמ,IL,גלידל שוקו 8יח,גרמים,400.00,100 גרם,false,0,34.90,8.73,true,1,
7290000493176,false,רוטב צלי לבשר בשקית22ג,"אסם השקעות בע""\מ",IL,רוטב צלי לבשר,גרמים,22.00,100 גרם,false,0,4.70,21.36,true,1,
7290000493183,false,רוטב פטריות לבשר-אבקה30ג,"אסם השקעות בע""\מ",IL,רוטב פטריות,גרמים,30.00,100 גרם,false,0,4.00,13.33,true,1,
7290000497044,false,לחם ברמן אקטיב 750 גרם,"י.את.א.ברמן בע""\מ",IL,לחם ברמן אקטיב,גרמים,750.00,100 גרם,false,0,17.50,2.33,true,1,
7290000497228,false,לחמניות רגילות 75*6 גרם,"י.את.א.ברמן בע""\מ",IL,6 לחמניות בשקית,גרמים,450.00,100 גרם,false,0,12.50,2.78,true,1,
7290000497273,false,לחמניות אקטיב 75*6 גרם,"י.את.א.ברמן בע""\מ",IL,6 לחמניות אקטיב,גרמים,450.00,100 גרם,false,1,14.50,3.22,true,1,
7290000497303,false,לחמניות מקמח מלא 75*6 גר,"י.את.א.ברמן בע""\מ",IL,6לחמניות קמח מלא,גרמים,450.00,100 גרם,false,0,13.50,3.00,true,1,
7290000497426,false,לחם ברמן לעניין פלוס500ג,"י.את.א.ברמן בע""\מ",IL,לחם ברמן לעניין+,גרמים,500.00,100 גרם,false,0,16.50,3.30,true,1,
7290000497488,false,חלה פלוס ברמן 500 גרם,"י.את.א.ברמן בע""\מ",IL,חלה פלוס ברמן,גרמים,500.00,100 גרם,false,0,16.50,3.30,true,1,
7290000497570,false,לחם דגנים פלוס 500 גרם,"י.את.א.ברמן בע""\מ",IL,לחם דגנים פלוס,גרמים,500.00,100 גרם,false,0,16.50,3.30,true,1,
7290000498003,false,לחם E-FREE קמח חיטה750ג,מאפית ברמן,IL,לחם מקמח חיטה,גרמים,750.00,100 גרם,false,1,17.50,2.33,true,1,
7290000498034,false,לחם E-FREEקמח כוסמי750ג,מאפית ברמן,IL,לחם מקמח כוסמין,גרמים,750.00,100 גרם,false,1,17.50,2.33,true,1,
7290000504049,false,סוכרזית 1200 טבליות,ביסקול בע''מ,IL,סוכרזית טבליות,גרמים,98.00,100 גרם,false,0,21.90,22.35,true,1,
7290000518220,false,סוכרה דיאט 100 שקיות,מתוק וקל,IL,סוכרה דיאט,גרמים,80.00,100 גרם,false,1,29.90,37.38,true,1,
7290000521008,false,יין אדום יבש של סגל750מל,"כרמי צבי - אחים סגל בע""\",IL,יין סגל אדום,מיליליטרים,750.00,"100 מ""ל",false,0,21.90,2.92,true,1,
7290000521404,false,"קברנה מרום גליל 750 מ""ל",יינות סגל,IL,קברנה מרום גליל,מיליליטרים,750.00,"100 מ""ל",false,0,33.90,4.52,true,1,
7290000522142,false,חלב הרים טהור 3% 1 ליטר,"מחלבות רמה""ג",IL,חלב הרים טהור,ליטרים,1.00,ליטר,false,0,8.90,8.90,true,1,
7290000522166,false,חלב הרים נטול לקטוז3% 1ל,מחלבות רמת הגולן,IL,חלב הרים 1 ליטר,ליטרים,1.00,ליטר,false,0,11.50,11.50,true,1,
7290000522272,false,"שמנת לקפה 10% 500מ""ל",מחלבות רמת הגולן,IL,שמנת לקפה,מיליליטרים,500.00,"100 מ""ל",false,0,9.90,1.98,true,1,
7290000523125,false,מלח ים יבש 250 גרם,"חברת מלח הארץ אילת בע""\מ",IL,מלח ים יבש,גרמים,250.00,100 גרם,false,0,6.70,2.68,true,1,
7290000523224,false,מלח ים דק 500 גרם,"חברת מלח הארץ אילת בע""\מ",IL,מלח ים דק,גרמים,500.00,100 גרם,false,0,8.40,1.68,true,1,
7290000523514,false,מלח יבש דל נתרן 250 גרם,"חברת מלח הארץ אילת בע""\מ",IL,מלח דל נתרן,גרמים,250.00,100 גרם,false,0,11.00,4.40,true,1,
7290000523804,false,"מלח הארץ עדין צנצנת 1ק""ג","חברת מלח הארץ אילת בע""\מ",IL,מלח הארץ עדין,קילוגרמים,1.00,"ק""ג",false,0,7.30,7.30,true,1,
7290000523811,false,"מלח הארץ גס צנצנת 1 ק""ג","חברת מלח הארץ אילת בע""\מ",IL,מלח הארץ גס,קילוגרמים,1.00,"ק""ג",false,0,7.30,7.30,true,1,
7290000525969,false,מיץ תפוזים סחוט 1 ליטר,גניר,IL,מיץ תפוזים סחוט,ליטרים,1.00,ליטר,false,0,17.20,17.20,true,1,
7290000530024,false,נקניק תה מעושן רחב במשקל,זוגלובק,IL,נקניק תה מעושן,קילוגרמים,0.00,"ק""ג",true,0,56.00,56.00,true,1,
7290000530048,false,סלמי פפרוני במשקל,זוגלובק,IL,סלמי פפרוני,גרמים,0.00,"ק""ג",true,0,62.00,62.00,true,1,
7290000530062,false,נקניק מעושן איטלקי במשקל,זוגלובק,IL,נקניק איטלקי,קילוגרמים,0.00,"ק""ג",true,0,87.00,87.00,true,1,
7290000530086,false,נקניק מעושן7000- 600 גרם,זוגלובק,IL,נקניק מעושן,גרמים,600.00,100 גרם,false,0,39.00,6.50,true,1,
7290000530109,false,קבנוס בואקום 180X2 גרם,זוגלובק,IL,זוג קבנוס בואקום,גרמים,360.00,100 גרם,false,0,28.70,7.97,true,1,
7290000530116,false,נקניק סלמי בשן 470 גרם,זוגלובק,IL,נקניק סלמי בשן,גרמים,470.00,100 גרם,false,0,26.90,5.72,true,1,
7290000530178,false,נקניק קוניאק במשקל,זוגלובק,IL,נקניק קוניאק,קילוגרמים,0.00,"ק""ג",true,0,92.00,92.00,true,1,
7290000530260,false,נקניק מרטדלה רחב במשקל,זוגלובק,IL,נקניק מרטדלה,קילוגרמים,0.00,"ק""ג",true,0,40.00,40.00,true,1,
7290000530369,false,גולן ח.הודו מעוש.שלם משק,זוגלובק,IL,גולן חזה הודו,קילוגרמים,0.00,"ק""ג",true,0,89.00,89.00,true,1,
7290000530444,false,כתף בקר מעושן אורלנדו,זוגלובק,IL,כתף בקר מעושן,קילוגרמים,0.00,"ק""ג",true,0,122.00,122.00,true,1,
7290000530598,false,נקניקיות וינר 500 גרם,זוגלובק,IL,נקניקיות וינר,גרמים,500.00,100 גרם,false,0,18.30,3.66,true,1,
7290000530703,false,פסטרמה חרמון+תה 400+400ג,זוגלובק,IL,מארז חרמון+תה,גרמים,800.00,100 גרם,false,0,34.40,4.30,true,1,
7290000531410,false,"פסטרמה בדבש טהור ק""ג",זוגלובק,IL,פסטרמה בדבש טהור,קילוגרמים,0.00,"ק""ג",true,0,89.00,89.00,true,1,
7290000532400,false,חזה הודו ברביקיו במשקל,זוגלובק,IL,חזה הודו ברבקי,קילוגרמים,0.00,"ק""ג",true,0,89.00,89.00,true,1,
7290000532721,false,כתף בקר בפלפל טורו במשקל,זוגלובק,IL,כתף בקר בפלפל,קילוגרמים,0.00,"ק""ג",true,0,122.00,122.00,true,1,
7290000533353,false,"בצק עלים 1 ק""ג",זוגלובק,IL,בצק עלים,גרמים,1000.00,100 גרם,false,0,16.90,1.69,true,1,
7290000534718,false,חזה הודו תבור דל שומן מש,זוגלובק,IL,חזה הודו תבור,קילוגרמים,0.00,"ק""ג",true,0,89.00,89.00,true,1,
7290000536743,false,קריספי סטיקס תירס 500גרם,זוגלובק,IL,קריספי סטיקסתירס,גרמים,500.00,100 גרם,false,0,19.70,3.94,true,1,
7290000537566,false,נקניקיות עוף 400 גרם,זוגלובק,IL,נקניקיות עוף,גרמים,400.00,100 גרם,false,0,13.90,3.48,true,1,
7290000537603,false,"נקניקיות עוף טריות 1 ק""ג",זוגלובק,IL,נקניקיות עוף,קילוגרמים,1.00,"ק""ג",false,0,29.90,29.90,true,1,
7290000551197,false,לשון קפואה קג,טיבון ויל - נטו,PY,לשון קפואה קג,קילוגרמים,0.00,"ק""ג",true,0,49.90,49.90,true,1,
7290000552569,false,סטייקבורגר 400 גרם,"טיבון ויל אחזקות בע""\מ",IL,סטייקבורגר,גרמים,400.00,100 גרם,false,0,23.90,5.98,true,1,
7290000554006,false,קשקבל 26% משולש במשקל,מחלבות גד,IL,גבינת קשקבל,קילוגרמים,0.00,"ק""ג",true,0,134.00,134.00,true,1,
7290000554402,false,מלבי 160 גרם,"מיוצר ע""\י קוד יצרן EDNK",IL,מלבי,גרמים,160.00,100 גרם,false,0,6.00,3.75,true,1,
7290000554457,false,גבינה צפתית5% שומן 350ג,"מחלבות גד בע""\מ",IL,גבינה צפתית5%,גרמים,350.00,100 גרם,false,0,22.50,6.43,true,1,
7290000554471,false,גבינת מוצרלה 22% 180 גרם,"מחלבות גד בע""\מ",IL,גבינת מוצרלה 22%,גרמים,180.00,100 גרם,false,0,18.50,10.28,true,1,
7290000554532,false,גב.צפתית מעודנת5% 200גרם,"מחלבות גד בע""\מ",IL,צפתית מעודנת 5%,גרמים,200.00,100 גרם,false,0,15.90,7.95,true,1,
7290000554600,false,גבי.מוצרלה מגורדת22% 300,מחלבות גד,IL,מוצרלה מגורדת,גרמים,300.00,100 גרם,false,0,25.50,8.50,true,1,
7290000554624,false,ירח מתוק מעד.חלב+אורז150,"מיוצר ע""\י קוד יצרן EDNK",IL,מעדן חלב ואורז,גרמים,150.00,100 גרם,false,0,6.00,4.00,true,1,
7290000554655,false,מוצרלה מעושנת גד,,IL,מוצרלה מעושנת גד,קילוגרמים,0.00,"ק""ג",true,0,86.00,86.00,true,1,
7290000554686,false,לבנה בשמן זית+זעתר5% 250,מחלבות גד,IL,לאבנה בשמן זית5%,גרמים,250.00,100 גרם,false,0,15.50,6.20,true,1,
7290000554792,false,גבינה בולגרית 5%במשקל,מחלבות גד,IL,גבינה בולגרית 5%,קילוגרמים,0.00,"ק""ג",true,0,64.00,64.00,true,1,
7290000554815,false,מוצרלה בגליל 22% במשקל,מחלבות גד,IL,גבינת מוצרלה,גרמים,0.00,"ק""ג",true,0,88.00,88.00,true,1,
7290000554822,false,ריקוטה גד 5% שומן 250 גר,מחלבות גד,IL,גבינת ריקוטה 5%,גרמים,250.00,100 גרם,false,0,15.90,6.36,true,1,
7290000554839,false,גבינה מסקרפונה 40% 250 ג,מחלבות גד,IL,גבינה מסקרפונה,גרמים,250.00,100 גרם,false,0,21.90,8.76,true,1,
7290000554969,false,גב.שמנת 30%שומן במשקל,מחלבות גד,IL,גבינת שמנת 30%,קילוגרמים,0.00,"ק""ג",true,0,52.00,52.00,true,1,
7290000554976,false,גבינת שמנת זית,,IL,גבינת שמנת זית,גרמים,0.00,"ק""ג",true,0,52.00,52.00,true,1,
7290000560533,false,ג'ל גילוח אדג' לעור רגיל,אנרג'ייזר,US,אדג' ג'ל לגילוח,גרמים,198.00,100 גרם,false,0,16.90,8.54,true,1,
7290000560540,false,אדג' פרו ג'ל רגיש 198 גר,אנרג'ייזר,US,אדג' ג'ל לגילוח,גרמים,198.00,100 גרם,false,0,16.90,8.54,true,1,
7290000571294,false,גאודה מעושנת,,IL,גאודה מעושנת,קילוגרמים,0.00,"ק""ג",true,0,109.00,109.00,true,1,
7290000571393,false,יוגורמה,,IL,יוגורמה,גרמים,140.00,100 גרם,false,0,6.50,4.64,true,1,
7290000572628,false,"ח.חלווה לייט ללת""ס25*11ג","אחדות בע""מ א.ת. ברקן",IL,חטיף חלווה לייט,גרמים,275.00,100 גרם,false,0,13.50,4.91,true,1,
7290000574066,false,לחם מלא פלוס שיפון 750 ג,דגנית עין בר תעשיות מזון,IL,לחם מלא,גרמים,750.00,100 גרם,false,0,15.90,2.12,true,1,
7290000574141,false,לחם חיטה מלא 750 גרם,דגנית עין בר תעשיות מזון,IL,לחם חיטה מלא,גרמים,750.00,100 גרם,false,0,14.90,1.99,true,1,
7290000574172,false,לחם קל מחיטה מלאה 750גרם,דגנית עין בר תעשיות מזון,IL,לחם קל חיטה מלאה,גרמים,750.00,100 גרם,false,0,15.90,2.12,true,1,
7290000574257,false,לחם שחור קל פרוס 750 גרם,מאפ. דגנית עין-בר,IL,לחם שחור קל פר,גרמים,750.00,100 גרם,false,0,14.90,1.99,true,1,
7290000574370,false,לחם שיפון קל 750 גרם,דגנית עין בר תעשיות מזון,IL,לחם שיפון קל,גרמים,750.00,100 גרם,false,0,16.40,2.19,true,1,
7290000574455,false,לחם חיטה מלא +כוסמין750ג,,IL,לחם חיטה מלא,גרמים,750.00,100 גרם,false,1,15.50,2.07,true,1,
7290000612904,false,חזה הודו טרי ארוז,עוף עוז,IL,חזה הודו טרי,קילוגרמים,0.00,"ק""ג",true,0,34.90,34.90,true,1,
7290000644783,false,נתחי פילה סלמון קפוא קג,,DK,נתחי פילה סלמון,קילוגרמים,0.00,"ק""ג",true,0,89.90,89.90,true,1,
7290000652177,false,נתחי נסיכת הנילוס קפוא ק,MORE,IL,נתחי נסיכת הנילו,קילוגרמים,0.00,"ק""ג",true,1,79.90,79.90,true,1,
7290000658926,false,פילה מרלוזה קפוא ללא עור,,AR,פילה מרלוזה קפוא,קילוגרמים,0.00,"ק""ג",true,1,32.90,32.90,true,1,
7290000659312,false,פילה סלמון ממותג קפוא קג,תנובה,IL,פילה סלמון,קילוגרמים,0.00,"ק""ג",true,0,79.90,79.90,true,1,
7290000662817,false,סלמון מעושן 100 גרם,,IL,סלמון מעושן,גרמים,100.00,100 גרם,false,1,21.90,21.90,true,1,
7290000663098,false,שווארמה ריב אנטריקוט,CHEF TNUVA,IL,שווארמה ריב אנטר,גרמים,300.00,100 גרם,false,1,36.90,12.30,true,1,
7290000663104,false,שווארמה פרגית 300 גרם,CHEF TNUVA,IL,שווארמה פרגית,גרמים,300.00,100 גרם,false,1,36.90,12.30,true,1,
7290000663135,false,קוביות סלמון קפוא 300 גר,"צ'\ילה, Ll MONTT, PUERTO",CL,קוביות סלמון קפו,גרמים,300.00,100 גרם,false,1,32.90,10.97,true,1,
7290000688084,false,מי עדן פקק ספורטאים500מל,מי עדן,IL,מי עדן פקק ספורט,מיליליטרים,500.00,"100 מ""ל",false,0,3.20,0.64,true,1,
7290000688381,false,מים מינרליים מי עדן500*6,"מופק ממקור בזלתי עדן ,1",IL,מי עדן אישי 6 בק,ליטרים,3.00,ליטר,false,0,15.90,5.30,true,1,
7290000692227,false,פלמוליב לשטיפת כלים 1 ל',קולגייט פלמוליב,GR,פלמוליב לכלים,ליטרים,1.00,ליטר,false,0,14.90,14.90,true,1,
7290000803180,false,שטיפה דנטלית מרידול 400מ,קולגייט פלמוליב,CH,שטיפה מרידול,מיליליטרים,400.00,"100 מ""ל",false,0,26.90,6.73,true,1,
7290000910994,true,פסטרמה ונקניק-קצוות משקל,שונות,IL,פסטרמה ונקניק,קילוגרמים,0.00,"ק""ג",true,0,29.00,29.00,true,1,
7290000918075,true,טחון בקר+ כבש במשקל,שונות,IL,טחוןבקר+כבש,קילוגרמים,0.00,"ק""ג",true,0,74.90,74.90,true,1,
7290000928388,true,צלי כתף טרי קג,שונות,IL,צלי כתף טרי,קילוגרמים,0.00,"ק""ג",true,0,99.90,99.90,true,1,
7290000928531,true,סינטה טרי )עצמי(קג,שונות,IL,סינטה טרי,קילוגרמים,0.00,"ק""ג",true,0,159.90,159.90,true,1,
7290000928548,true,פילה בקר טרי קג,שונות,IL,פילה בקר טרי,קילוגרמים,0.00,"ק""ג",true,0,229.90,229.90,true,1,
7290000928562,true,שיטל טרי ed,שונות,IL,שיטל טרי,קילוגרמים,0.00,"ק""ג",true,0,99.90,99.90,true,1,
7290000928586,true,וייס ברטן טרי )עצמי( מחי,שונות,IL,וייסברטן טרי,קילוגרמים,0.00,"ק""ג",true,0,89.90,89.90,true,1,
7290000928593,true,צאך טרי קג,שונות,IL,צאך טרי,קילוגרמים,0.00,"ק""ג",true,0,89.90,89.90,true,1,
7290000928630,true,כבד בקר לצלייה במשקל,שונות,IL,כבד בקר לצלייה,קילוגרמים,0.00,"ק""ג",true,0,29.90,29.90,true,1,
7290000928654,true,לשון טרי קג,שונות,IL,לשון טרי,קילוגרמים,0.00,"ק""ג",true,0,59.90,59.90,true,1,
7290000928739,true,צלעות טלה טרי )עצמי( מחי,שונות,IL,צלעות טלה טרי,קילוגרמים,0.00,"ק""ג",true,0,189.90,189.90,true,1,
7290000928746,true,כתף טלה טרי )עצמי( מחיר,שונות,IL,כתף טלה טרי,קילוגרמים,0.00,"ק""ג",true,0,124.90,124.90,true,1,
7290000928753,true,חזה כבש טרי עצמי קג,שונות,IL,חזה כבש טרי,קילוגרמים,0.00,"ק""ג",true,0,64.90,64.90,true,1,
7290000928760,true,שומן כבש טרי(עצמי) משקל,שונות,IL,שומן כבש טרי,קילוגרמים,0.00,"ק""ג",true,0,99.90,99.90,true,1,
7290000928777,true,צוואר כבש טרי (עצמי)משקל,שונות,IL,צוואר כבש טרי,קילוגרמים,0.00,"ק""ג",true,0,79.90,79.90,true,1,
7290000933740,true,בשר טחון טרי פרמיום קג,פניסקו,AR,בשר טחון פרמיום,קילוגרמים,0.00,"ק""ג",true,1,49.90,49.90,true,1,
7290000935775,true,פילה אמנון קפוא )מקוצר(,שונות,IL,פילה אמנון קפוא,קילוגרמים,0.00,"ק""ג",true,0,32.90,32.90,true,1,
7290000942315,true,כרוב אדום אורגני,,IL,כרוב אדום אורגני,קילוגרמים,0.00,"ק""ג",true,0,12.90,12.90,true,1,
7290000960272,true,עגבניה אורגנית,,IL,עגבניה אורגנית,קילוגרמים,0.00,"ק""ג",true,0,15.90,15.90,true,1,
7290000960548,true,מלפפון אורגני,,IL,מלפפון אורגני,קילוגרמים,0.00,"ק""ג",true,0,7.90,7.90,true,1,
7290000960906,true,בצל יבש אורגני,,IL,בצל יבש אורגני,קילוגרמים,0.00,"ק""ג",true,0,9.90,9.90,true,1,
7290000961514,true,שומית - יח',,IL,שומית - יח',יחידה,1.00,יחידה,false,0,6.90,6.90,true,1,
7290000961552,true,פלפל כתום,קטיף.,IL,פלפל כתום,קילוגרמים,0.00,"ק""ג",true,0,10.90,10.90,true,1,
7290000961606,true,שורש גינגר,קטיף.,XX,שורש גינגר,קילוגרמים,0.00,"ק""ג",true,0,31.90,31.90,true,1,
7290000961804,true,דלעת ארוזה,קטיף.,IL,דלעת ארוזה,קילוגרמים,0.00,"ק""ג",true,0,10.90,10.90,true,1,
7290000962474,true,חציל בלדי,קטיף.,IL,חציל בלדי,קילוגרמים,0.00,"ק""ג",true,0,9.90,9.90,true,1,
7290000962535,true,רוזמרין יחידה,קטיף.,IL,רוזמרין  יחידה,יחידה,1.00,יחידה,false,0,6.90,6.90,true,1,
7290000962559,true,קורנית  יחידה,,IL,קורנית  יחידה,יחידה,1.00,יחידה,false,0,6.90,6.90,true,1,
7290000962580,true,מרווה יחידה,,IL,מרווה יחידה,יחידה,1.00,יחידה,false,0,6.90,6.90,true,1,
7290000963136,true,תפוח עץ מוזהב 65,קטיף.,XX,תפוח עץ מוזהב,קילוגרמים,0.00,"ק""ג",true,0,11.90,11.90,true,1,
7290000963228,true,תפוח עץ יונתן 65,קטיף.,XX,תפוח יונתן,קילוגרמים,0.00,"ק""ג",true,0,11.90,11.90,true,1,
7290000963297,true,תפוח עץ סטרקינג 65,קטיף.,XX,תפוח סטרקינג,קילוגרמים,0.00,"ק""ג",true,0,11.90,11.90,true,1,
7290000963310,true,תפוח עץ קנזי יבוא,קטיף.,IT,"תפו""ע קנזי",קילוגרמים,0.00,"ק""ג",true,0,15.90,15.90,true,1,
7290000963341,true,אגס אסיאתי,קטיף.,CN,אגס אסיאתי,קילוגרמים,0.00,"ק""ג",true,0,16.90,16.90,true,1,
7290000963365,true,תפוח עץ פינקריספי 65,קטיף.,XX,"תפו""ע פינקריספי",קילוגרמים,0.00,"ק""ג",true,0,16.90,16.90,true,1,
7290000963372,true,תפוח עץ פינקריספי 70,קטיף.,XX,תפוח עץ פינקריספ,קילוגרמים,0.00,"ק""ג",true,0,16.90,16.90,true,1,
7290000963419,true,תפוח עץ גאלה 65,קטיף.,XX,תפוח עץ גאלה,קילוגרמים,0.00,"ק""ג",true,0,11.90,11.90,true,1,
7290000963518,true,תפוח עץ סמיט 70,קטיף.,XX,תפוח עץ סמיט,קילוגרמים,0.00,"ק""ג",true,0,11.90,11.90,true,1,
7290000963563,true,תפוח עץ סמיט65,קטיף.,XX,תפוח עץ סמיט,קילוגרמים,0.00,"ק""ג",true,0,11.90,11.90,true,1,
7290000964096,true,אפרסמון קרמבו,קטיף.,IL,אפרסמון קרמבו,קילוגרמים,0.00,"ק""ג",true,0,14.90,14.90,true,1,
7290000964300,true,תפוז,קטיף.,IL,תפוז,קילוגרמים,0.00,"ק""ג",true,0,6.90,6.90,true,1,
7290000964348,true,תפוז ברשת למיץ,קטיף.,IL,תפוז ברשת למיץ,קילוגרמים,0.00,"ק""ג",true,0,5.90,5.90,true,1,
7290000964379,true,אשכולית לבנה,קטיף.,IL,אשכולית לבנה,קילוגרמים,0.00,"ק""ג",true,0,6.90,6.90,true,1,
7290000964393,true,אשכולית אדומה,קטיף.,IL,אשכולית אדומה,קילוגרמים,0.00,"ק""ג",true,0,6.90,6.90,true,1,
7290000964461,true,פומלית,קטיף.,IL,פומלית,קילוגרמים,0.00,"ק""ג",true,0,6.90,6.90,true,1,
7290000964492,true,לימון תפזורת,קטיף.,IL,לימון,קילוגרמים,0.00,"ק""ג",true,0,7.90,7.90,true,1,
7290000964508,true,תפוז גדול,קטיף.,IL,תפוזים מובחרים,קילוגרמים,0.00,"ק""ג",true,0,6.90,6.90,true,1,
7290000964560,true,קלמנטינה,קטיף.,IL,קלמנטינה,קילוגרמים,0.00,"ק""ג",true,0,6.90,6.90,true,1,
7290000964775,true,בננה,קטיף.,IL,בננה,קילוגרמים,0.00,"ק""ג",true,0,8.90,8.90,true,1,
7290000964829,true,אגס ספדונה 55,קטיף.,IL,אגס ספדונה,קילוגרמים,0.00,"ק""ג",true,0,13.90,13.90,true,1,
7290000964966,true,אבוקדו ארוז ברשת,קטיף.,IL,אבוקדו ארוז ברשת,קילוגרמים,0.00,"ק""ג",true,0,9.90,9.90,true,1,
7290000964980,true,אבוקדו,קטיף.,IL,אבוקדו,קילוגרמים,0.00,"ק""ג",true,0,11.90,11.90,true,1,
7290000965055,true,מלון מובחר,קטיף.,IL,מלון מובחר,קילוגרמים,0.00,"ק""ג",true,0,7.90,7.90,true,1,
7290000965062,true,מלון ספרדי,קטיף.,IL,מלון ספרדי,קילוגרמים,0.00,"ק""ג",true,0,7.90,7.90,true,1,
7290000965154,true,פיטאיה,קטיף.,IL,פיטאיה,קילוגרמים,0.00,"ק""ג",true,0,39.90,39.90,true,1,
7290000965482,true,אגס אורגני,,IT,אגס אורגני,קילוגרמים,0.00,"ק""ג",true,0,22.90,22.90,true,1,
7290000965765,true,תפוחזהוב אורגנ,,IT,תפוחזהוב אורגנ,קילוגרמים,0.00,"ק""ג",true,0,20.90,20.90,true,1,
7290000965772,true,בננה אורגנית,,IL,בננה אורגנית,קילוגרמים,0.00,"ק""ג",true,0,12.90,12.90,true,1,
7290000966328,true,אפרסמון סיני65,קטיף.,IL,אפרסמון סיני,קילוגרמים,0.00,"ק""ג",true,0,14.90,14.90,true,1,
7290000966564,true,רימון,קטיף.,IL,רימון,קילוגרמים,0.00,"ק""ג",true,0,8.90,8.90,true,1,
7290000966618,true,גויאבות,קטיף.,IL,גויאבות,קילוגרמים,0.00,"ק""ג",true,0,19.90,19.90,true,1,
7290000966656,true,קיווי מובחר שקיל,קטיף.,IL,קיווי,קילוגרמים,0.00,"ק""ג",true,0,13.90,13.90,true,1,
7290000966670,true,אנונה,קטיף.,IL,אנונה,קילוגרמים,0.00,"ק""ג",true,0,20.90,20.90,true,1,
7290000967684,true,בננה מובחרת,קטיף.,IL,בננה מובחרת,קילוגרמים,0.00,"ק""ג",true,0,8.90,8.90,true,1,
7290000979427,true,עגבניה שרי כתום יחידה,,IL,עגבניה שרי כתום,יחידה,1.00,יחידה,false,1,10.90,10.90,true,1,
7290000982939,true,כרישה )לוף( יחידה,קטיף.,IL,כרישה )לוף(,יחידה,1.00,יחידה,false,0,9.90,9.90,true,1,
7290000986678,true,קישוא בהיר אורגנ,,IL,קישוא בהיר אורגנ,קילוגרמים,0.00,"ק""ג",true,0,16.90,16.90,true,1,
7290000986913,true,מנגו פרימיום,קטיף.,IL,מנגו פרימיום,קילוגרמים,0.00,"ק""ג",true,0,6.90,6.90,true,1,
7290000992563,true,דלעת ערמונים,קטיף.,IL,דלעת ערמונים,קילוגרמים,0.00,"ק""ג",true,0,14.90,14.90,true,1,
7290000992594,true,מצוננים חיסול מלאי,פרסקו,IL,מצוננים חיסול,יחידה,1.00,יחידה,false,0,5.90,5.90,true,1,
7290000992839,true,מלון גולדן סוויט-צהוב,קטיף.,IL,מלון גולדן סוויט,קילוגרמים,0.00,"ק""ג",true,0,7.90,7.90,true,1,
7290000993461,true,עגבניה שרי צהוב,קטיף.,IL,עגבניה שרי צהובה,גרמים,460.00,100 גרם,false,0,10.90,2.37,true,1,
7290000993560,true,עגבניה שרי שוקו,קטיף.,IL,שרי שוקו,גרמים,480.00,100 גרם,false,0,10.90,2.27,true,1,
7290000995021,true,תפוח  גאלה אורגנ,,IT,תפוח  גאלה אורגנ,קילוגרמים,0.00,"ק""ג",true,0,20.90,20.90,true,1,
7290000995175,true,בזיליקום אדום יחידה,,IL,בזיליקום אדום,יחידה,1.00,יחידה,false,0,6.50,6.50,true,1,
7290000995441,true,קייל,קטיף.,IL,קייל,גרמים,250.00,100 גרם,false,0,12.90,5.16,true,1,
7290001006337,false,חזה הודו בדבש שופרסל,עוף טוב,IL,חזה הודו בדבש,קילוגרמים,0.00,"ק""ג",true,1,75.00,75.00,true,1,
7290001006344,false,חזה הודו ברביקיו שופרסל,עוף טוב,IL,חזה הודו ברביקיו,קילוגרמים,0.00,"ק""ג",true,1,75.00,75.00,true,1,
7290001006368,false,פסטרמה איטלקית שופרסל,עוף טוב,IL,פסטרמה איטלקית,קילוגרמים,0.00,"ק""ג",true,1,75.00,75.00,true,1,
7290001006375,false,פסטרמה מקסיקני שופרסל,עוף טוב,IL,פסטרמה מקסיקני,קילוגרמים,0.00,"ק""ג",true,1,75.00,75.00,true,1,
7290001123775,false,שווארמה פרגיות מוכן 500,טיבון ויל - נטו,IL,שווארמה פרגית,גרמים,500.00,100 גרם,false,0,25.90,5.18,true,1,
7290001123782,false,שווארמה הודו מוכן 500 גר,,IL,שווארמה הודו,גרמים,500.00,100 גרם,false,0,26.90,5.38,true,1,
7290001136287,false,"שמפו נקה 7 רגיל 750 מ""ל",אמיליה קוסמטיקס,IL,שמפו נקה 7,מיליליטרים,750.00,"100 מ""ל",false,0,12.50,1.67,true,1,
7290001136683,false,"מרכך נקה 7 ס""ש 750 מ""ל",אמיליה קוסמטיקס בעמ,IL,קונדישינר נקה 7,מיליליטרים,750.00,"100 מ""ל",false,0,12.50,1.67,true,1,
7290001209356,false,כרעיים עוף טרי ארוז עטרה,שונות,IL,כרעיים ע.טרי עטר,קילוגרמים,0.00,"ק""ג",true,0,34.90,34.90,true,1,
7290001209370,false,ירכיים עוף טרי ארוז עטרה,שונות,IL,ירכיים ע.טרי עטר,קילוגרמים,0.00,"ק""ג",true,0,34.90,34.90,true,1,
7290001209387,false,שוקיים עוף טרי ארוז עטרה,שונות,IL,שוקיים עוף טרי ע,קילוגרמים,0.00,"ק""ג",true,0,37.90,37.90,true,1,
7290001216040,false,טחינה גולמית אל ארז 500ג,אגס ירוק מסחר ושירותים,IL,טחינה גולמית,גרמים,500.00,100 גרם,false,0,18.90,3.78,true,1,
7290001216231,false,טחינה מלאה 500 גרם,א.ג.ס ירוק בעמ,IL,טחינה מלאה,גרמים,500.00,100 גרם,false,0,20.00,4.00,true,1,
7290001231932,false,וינסטון כחול קצר חפיסה,jti,CH,וינסטון כחול קצר,יחידה,1.00,יחידה,false,0,34.50,34.50,false,1,
7290001247068,false,נקטר ספרינג תות-בננה 1ל',"יפאורה תבורי בע""\מ",IL,נקטר תות בננה,ליטרים,1.00,ליטר,false,0,7.60,7.60,true,1,
7290001247082,false,נקטר עגבניות ספרינג 1 ל',"יפאורה תבורי בע""\מ",IL,נקטר עגבניות,ליטרים,1.00,ליטר,false,0,7.20,7.20,true,1,
7290001247099,false,נקטר ספרינג מנגו 1 ליטר,"יפאורה תבורי בע""\מ",IL,נקטר ספרינג מנגו,ליטרים,1.00,ליטר,false,0,7.60,7.60,true,1,
7290001247105,false,נקטר ספרינג אפרסק 1 ליטר,"יפאורה תבורי בע""\מ",IL,נקטר אפרסק,ליטרים,1.00,ליטר,false,0,7.60,7.60,true,1,
7290001247112,false,נקטר ספרינג לימונענע 1ל',"יפאורה תבורי בע""\מ",IL,משקה לימונענע,ליטרים,1.00,ליטר,false,0,7.60,7.60,true,1,
7290001247129,false,נקטר ספרינג תפוזים 1ליטר,"יפאורה תבורי בע""\מ",IL,נקטר ספרינג תפוז,ליטרים,1.00,ליטר,false,0,7.60,7.60,true,1,
7290001247143,false,נקטר ספרינג תפוחים 1ליטר,"יפאורה תבורי בע""\מ",IL,נקטר ספרינג תפוח,ליטרים,1.00,ליטר,false,0,7.60,7.60,true,1,
7290001258255,false,משולש גבינת גאודה28%משקל,גבינות משק יעקבס,IL,גבינת גאודה,קילוגרמים,0.00,"ק""ג",true,0,119.00,119.00,true,1,
7290001258262,false,משולש גאודה ע.תיבול משקל,גבינות משק יעקבס,IL,גאודה עשבי תיבול,קילוגרמים,0.00,"ק""ג",true,0,119.00,119.00,true,1,
7290001258378,false,גבינת חלומי במשקל,גבינות משק יעקבס,IL,גבינת חלומי משקל,קילוגרמים,0.00,"ק""ג",true,1,109.00,109.00,true,1,
7290001258446,false,יוגורט כבשים 5% 850גרם,משק יעקבס,IL,יוגורט כבשים5%,גרמים,850.00,100 גרם,false,0,23.90,2.81,true,1,
7290001258583,false,משולש גבינת מנצ'גו במשקל,משק יעקבס,IL,גבינת מנצ'גו,קילוגרמים,0.00,"ק""ג",true,1,159.00,159.00,true,1,
7290001258668,false,גבינת עז מה 250 גרם,משק יעקבס,IL,גבינת עז מה,גרמים,250.00,100 גרם,false,0,18.50,7.40,true,1,
7290001258682,false,"יוגורט עיזים 500 מ""ל",משק יעקבס,IL,יוגורט עיזים,מיליליטרים,500.00,"100 מ""ל",false,0,16.90,3.38,true,1,
7290001274583,false,גלידל שוקו פקאן 900,"פלקו בע""\מ, חברה ישראלית",IL,גלידל פקאן,מיליליטרים,900.00,"100 מ""ל",false,0,23.90,2.66,true,1,
7290001305058,false,סב.נוז.פלמול.חלב דבש500מ,קולגייט פלמוליב,TR,סב.נוזלי פלמוליב,מיליליטרים,500.00,"100 מ""ל",false,0,17.90,3.58,true,1,
7290001305188,false,פלמוליב לכלים צהוב 750מל,קולגייט פלמוליב,GR,פלמוליב לכלים,מיליליטרים,750.00,"100 מ""ל",false,0,12.90,1.72,true,1,
7290001312995,false,באגט,גידרון,IL,באגט,יחידה,1.00,יחידה,false,0,5.20,5.20,true,1,
7290001327791,false,קרמיסימו טעם וניל עוגיות,"גלידת שטראוס בע""\מ, רחוב",IL,קרמיסימו טעם וני,ליטרים,1.33,ליטר,false,0,21.90,16.47,true,1,
7290001407547,false,טחינה פי 6 שומש.מלא 500ג,"רושדי תעשיות מזון בע""\מ",IL,טחינה שומשום מלא,גרמים,500.00,100 גרם,false,1,17.90,3.58,true,1,
7290001407769,false,טחינה שומש.מלא בארכה500ג,"רושדי תעשיות מזון בע""\מ",IL,טחינה שומשום,גרמים,500.00,100 גרם,false,0,19.20,3.84,true,1,
7290001407844,false,חלבה וניל בארכה 350 גרם,"רושדי תעשיות מזון בע""\מ",IL,חלבה וניל,גרמים,350.00,100 גרם,false,0,17.90,5.11,true,1,
7290001476208,false,ברי פקאן משולש,,IL,ברי פקאן משולש,קילוגרמים,0.00,"ק""ג",true,0,139.00,139.00,true,1,
7290001491010,false,תה ירוק יסמין25שק1.5Xגרם,ויסוצקי,IL,תה ירוק יסמין,גרמים,37.00,100 גרם,false,0,26.90,72.70,true,1,
7290001491096,false,תה ירוק לימונ+לואיזה50שק,ויסוצקי,IL,תה ירוק לימונית,גרמים,75.00,100 גרם,false,0,48.50,64.67,true,1,
7290001516263,false,שניצל הודו טרי פרימיום ק,מילועוף,IL,שניצל הודו טרי,קילוגרמים,0.00,"ק""ג",true,1,44.90,44.90,true,1,
7290001552049,false,קוסקוס מרוקאי 800גרם,מטעמי פאר,IL,קוסקוס מרוקאי,גרמים,800.00,100 גרם,false,0,17.90,2.24,true,1,
7290001594377,false,"פריגת תפוזים 500 מ""ל",מבשלות בירה בינלאומיות ב,IL,פריגת תפוזים,מיליליטרים,500.00,"100 מ""ל",false,0,7.70,1.54,true,1,
7290001594568,false,"בירה קרלסברג בפחית500מ""ל",מבשלות בירה בינלאומיות ב,RO,בירה קרלסברג פח,מיליליטרים,500.00,"100 מ""ל",false,0,9.90,1.98,true,1,
7290001594575,false,"בירה טובורג פחית 500 מ""ל",מבשלות בירה בינלאומיות ב,IL,בירה טובורג פחית,מיליליטרים,500.00,"100 מ""ל",false,0,9.90,1.98,true,1,
7290001594810,false,"מאלטי בקבוקים 330*6 מ""ל",מבשלות בירה בינלאומיות ב,IL,מאלטי בקבוק 6 יח,ליטרים,1.98,ליטר,false,0,29.90,15.10,true,1,
7290001594858,false,בירה טובורג רד בק330*6מל,מבשלות בירה בינלאומיות ב,IL,טובורג רד 6 יח,ליטרים,1.98,ליטר,false,0,32.90,16.61,true,1,
7290001594865,false,"בירה קרלסברג בק330*6 מ""ל",מבשלות בירה בינלאומיות ב,IL,בירה קרלסברג 6יח,ליטרים,1.98,ליטר,false,0,32.90,16.62,true,1,
7290001598085,false,"לחם משפחתי 1.1 ק""ג",מאפית יוסף בראון,IL,לחם קסטן משפחתי,קילוגרמים,1.10,"ק""ג",false,0,17.90,16.27,true,1,
7290001598528,false,לחם כוסמין מלא 450 גרם,מאפיית יוסף ברון בעמ,IL,לחם כוסמין מלא,גרמים,450.00,100 גרם,false,1,18.90,4.20,true,1,
7290001598580,false,פיתות כוסמין מלא 372 גרם,מאפיית יוסף ברון בעמ,IL,פיתות כוסמין מלא,גרמים,372.00,100 גרם,false,1,17.90,4.81,true,1,
7290001713921,false,אקונומיקה בלאנקו4ליטר,קומפלקס כימיקלים בעמ,IL,אקונומיקה בלאנקו,ליטרים,4.00,ליטר,false,1,10.90,2.73,true,1,
7290001780428,false,גלידיאט שוקו+ 6יח',גלידות נסטלה )נגה גלידות,IL,מארז גלידיאט,גרמים,360.00,100 גרם,false,0,32.90,9.14,true,1,
7290001791349,false,פיסגה אקונומיקה ריחנית4ל,"סנו מפעלי ברונוס בע""מ",IL,אקונומיקה פיסגה,ליטרים,4.00,ליטר,false,0,11.90,2.98,true,1,
7290001817728,false,צ'יטוס כאפה 55 גרם,"שטראוס פריטו ליי בע""\מ )",IL,צ'יטוס כפאה,גרמים,55.00,100 גרם,false,0,3.60,6.55,true,1,
7290001873458,false,סטייקבורגר בלאק אנגוס 32,טיבון ויל אחזקות בעמ,IL,סטייקבורגר בלאק,גרמים,320.00,100 גרם,false,1,26.90,8.41,true,1,
7290001873472,false,"קבב  בלאק אנגוס 320 גרם,",טיבון ויל אחזקות בעמ,IL,קבב בלאק אנגוס,גרמים,320.00,100 גרם,false,1,26.90,8.41,true,1,
7290001873489,false,קרפצ'יו בלאק אנגוס 120 ג,טיבון ויל אחזקות בעמ,IL,קרפצ'יו בלאק אנג,גרמים,120.00,100 גרם,false,1,19.90,16.58,true,1,
7290001875315,false,שניצל דק טרי פרימיום קג,עוף עוז,IL,שניצל דק פרימיום,קילוגרמים,0.00,"ק""ג",true,1,44.90,44.90,true,1,
7290001875346,false,כרעיים עוף טרי פרימיום ק,עוף עוז,IL,כרעיים פרימיום ט,קילוגרמים,0.00,"ק""ג",true,1,34.90,34.90,true,1,
7290001875353,false,שוקיים עוף טרי פרימיום ק,עוף עוז,IL,שוקיים פרמיום טר,קילוגרמים,0.00,"ק""ג",true,1,37.90,37.90,true,1,
7290001875377,false,פרגיות עוף טרי פרימיום ק,עוף עוז,IL,פרגיות פרימיום,קילוגרמים,0.00,"ק""ג",true,1,69.90,69.90,true,1,
7290001879184,false,פרגיות עוף טרי ארוז,מילועוף,IL,פרגיות עוף טרי,קילוגרמים,0.00,"ק""ג",true,0,64.90,64.90,true,1,
7290001879627,false,פילה עוף טרי ארוז,מילועוף,IL,פילה עוף טרי,קילוגרמים,0.00,"ק""ג",true,0,34.90,34.90,true,1,
7290001902301,false,חלה מתוקה קלועה 450 גרם,גידרון,IL,חלה מתוקה קלוע,יחידה,1.00,יחידה,false,0,13.50,13.50,true,1,
7290001902325,false,חלה קלועה  שופרסל,גידרון,IL,חלה קלועה שופרסל,יחידה,1.00,יחידה,false,0,13.50,13.50,true,1,
7290001902677,false,לחמניה מקמח מלא,גידרון,IL,לחמניה מקמח מלא,יחידה,1.00,יחידה,false,0,3.90,3.90,true,1,
7290001902776,false,לחמנית עם דגנים קפוא,גידרון,IL,לחמנית עם דגנים,יחידה,1.00,יחידה,false,0,5.50,5.50,true,1,
7290001989746,false,מקרל מעושן שלם משקל,סלטי שמיר,IL,מקרל מעושן,קילוגרמים,0.00,"ק""ג",true,1,109.00,109.00,true,1,
7290001990148,false,"סוכר גולדן קלאסי 1 ק""ג","סוגת תעשיות בע""\מ",IL,סוכר גולדן,קילוגרמים,1.00,"ק""ג",false,0,13.90,13.90,true,1,
7290001990278,false,"שעועית לבנה 1 ק""ג","סוגת תעשיות בע""\מ",IL,שעועית לבנה,קילוגרמים,1.00,"ק""ג",false,0,19.90,19.90,true,1,
7290001990407,false,"עדשים ירוקות 1 ק""ג","סוגת תעשיות בע""\מ",IL,עדשים ירוקות,קילוגרמים,1.00,"ק""ג",false,0,15.90,15.90,true,1,
7290001990421,false,"גרעיני תירס 1 ק""ג","סוגת תעשיות בע""\מ",IL,"פופקורן 1 ק""ג",קילוגרמים,1.00,"ק""ג",false,0,10.80,10.80,true,1,
7290002007371,false,פירורי לחם 500 גרם,הנמל,IL,פירורי לחם,גרמים,500.00,100 גרם,false,0,7.90,1.58,true,1,
7290002008040,false,"מקלות לשיפודים30ס""מ100יח","הנמל אריזות ושיווק בע""\מ",IL,מקלות לשיפודים,יחידה,1.00,יחידה,false,0,3.90,3.90,true,1,
7290002008309,false,100עטרות חום בקופסא מס4',"הנמל אריזות ושיווק בע""\מ",IL,עטרות בקופסה,יחידה,1.00,יחידה,false,0,4.90,4.90,true,1,
7290002008934,false,סוכריות לקישוט 200 גרם,הנמל,IL,סוכריות לקישוט,גרמים,200.00,100 גרם,false,0,9.00,4.50,true,1,
7290002019114,false,תרכיז עגבנ.פ.ניר28% 580ג,פרי ניר,IL,תרכיז עגבניות,גרמים,580.00,100 גרם,false,0,7.90,1.36,true,1,
7290002019763,false,עגבנ.מרוסקות פרי ניר800ג,פרי ניר,IL,עגבניות מרוסקות,גרמים,800.00,100 גרם,false,0,7.90,0.99,true,1,
7290002019787,false,רוטב עגבניות מרוכז260גר,פרי ניר,IL,רוטב עגבניות,גרמים,260.00,100 גרם,false,0,4.20,1.62,true,1,
7290002019794,false,רסק עגבניות מרוכז100גר,פרי ניר,IL,רוטב עגבניות,גרמים,100.00,100 גרם,false,0,2.10,2.10,true,1,
7290002020189,false,סופגניה מיני רגילה+ריבה,גידרון,IL,סופגניה מיני,גרמים,35.00,100 גרם,false,0,3.90,11.14,true,1,
7290002020868,false,מארז בייגל רומני 3יח,גידרון,,3 ביגלה רומני,יחידה,1.00,יחידה,false,0,13.90,13.90,true,1,
7290002026341,false,ציפס בטטה 500 גרם,מוצרי איכות אמריקאיים,CA,ציפס בטטה,גרמים,500.00,100 גרם,false,12,17.90,3.58,true,1,
7290002026358,false,ציפס בטטה זיג זג 500 גרם,מוצרי איכות אמריקאיים,CA,ציפס בטטה זיג זג,גרמים,500.00,100 גרם,false,1,17.90,3.58,true,1,
7290002026365,false,טבעות בצל 500 גרם,פספרוסט,BE,טבעות בצל,גרמים,500.00,100 גרם,false,20,11.90,2.38,true,1,
7290002026402,false,בלינצ'ס גבינה קפוא 350גר,מוצרי איכות אמריקאיים בע,IL,בלינצ'ס גבינה,גרמים,350.00,100 גרם,false,0,13.90,3.97,true,1,
7290002026440,false,פרצלס קפוא 280 גרם,מוצרי איכות אמריקאיים בע,IL,פרצלס קפוא 280גר,גרמים,280.00,100 גרם,false,0,12.90,4.61,true,1,
7290002026587,false,וופל בלגי חם מהמקפיא,ביסקוטר ת.ס הרנטיס,BE,וופל בלגי חם,גרמים,280.00,100 גרם,false,1,15.90,5.68,true,1,
7290002037125,false,חלה פרוסה 500 גרם,מאפית ודש,IL,חלה פרוסה,גרמים,500.00,100 גרם,false,0,11.00,2.20,true,1,
7290002037309,false,לחמניות המבורגר 50*8 גרם,"י.את.א.ברמן בע""\מ",IL,8לחמניות המבורגר,גרמים,400.00,100 גרם,false,0,12.50,3.13,true,1,
7290002037637,false,חליות מתוקות 4 יח',מאפית ודש,IL,חליות מתוקות 4יח,גרמים,350.00,100 גרם,false,0,14.50,4.14,true,1,
7290002040019,false,קוסקוס רגיל 350 גרם,קוסקוס מזון,IL,קוסקוס רגיל,גרמים,350.00,100 גרם,false,0,5.90,1.69,true,1,
7290002040064,false,קוסקוס דק 350 גרם,קוסקוס מזון,IL,קוסקוס דק,גרמים,350.00,100 גרם,false,0,5.90,1.69,true,1,
7290002040071,false,קוסקוס עבה 350 גרם,קוסקוס מזון,IL,קוסקוס עבה,גרמים,350.00,100 גרם,false,0,5.90,1.69,true,1,
7290002040088,false,קוסקוס מלא 350 גרם,קוסקוס מזון,IL,קוסקוס מלא,גרמים,350.00,100 גרם,false,0,6.90,1.97,true,1,
7290002043072,false,פריכוני אורז בשוק.חלב70ג,נוהלס ג'\י אס סי.,BG,פריכונים מצופים,גרמים,70.00,100 גרם,false,1,9.50,13.57,true,1,
7290002043096,false,פריכוני אורז בשוק.לבן70ג,נוהלס ג'\י אס סי.,BG,פריכונים מצופים,גרמים,70.00,100 גרם,false,1,9.50,13.57,true,1,
7290002043188,false,צ'יפס אורז צ'ילי חריף60ג,נוהלס ג'\י אס סי.,BG,צ'יפס אורז מלא,גרמים,60.00,100 גרם,false,1,7.50,12.50,true,1,
7290002043218,false,צ'יפס אורז חום מלח ים60ג,נוהלס ג'\י אס סי.,BG,צ'יפס אורז מלא,גרמים,60.00,100 גרם,false,1,7.50,12.50,true,1,
7290002043232,false,ציפס אורז טקסס ברביקי120,נוהלס ג'\י אס סי.,BG,צ'יפס אורז מלא,גרמים,120.00,100 גרם,false,1,12.90,10.75,true,1,
7290002043348,false,ציפס אורז צ'יה וקינואה60,נוהלס ג'\י אס סי.,BG,צ'יפס אורז מלא,גרמים,60.00,100 גרם,false,1,8.50,14.17,true,1,
7290002043379,false,צ'יפס עדשים שחור+חלבון60,נוהלס ג'\י אס סי.,BG,צ'יפס אורז מלא,גרמים,60.00,100 גרם,false,1,8.50,14.17,true,1,
7290002043591,false,צ'יפס אורז חום פפריקה120,נוהלס ג'\י אס סי.,BG,צ'יפס אורז מלא,גרמים,120.00,100 גרם,false,1,12.90,10.75,true,1,
7290002043782,false,צ'יפס אורז טקסס ברביק60,נוהלס ג'\י אס סי.,BG,צ'יפס אורז מלא,גרמים,60.00,100 גרם,false,1,7.50,12.50,true,1,
7290002053538,false,נודלס ביצים 100+400 גרם,פ.פ.ה טאביט ספn\,PL,נודלס ביצים,גרמים,500.00,100 גרם,false,1,14.90,2.98,true,1,
7290002057031,false,זיתים מבוקעים פיקנטי540ג,קבוצת יבנה,IL,זיתים מבוקע פיקנ,גרמים,540.00,100 גרם,false,0,9.90,1.83,true,1,
7290002057048,false,זית סורי מבוקע 540 גרם,קבוצת יבנה,IL,זית סורי מבוקע,גרמים,540.00,100 גרם,false,0,12.00,2.22,true,1,
7290002057093,false,זית מנזנילו ירוק גדול540,קבוצת יבנה,IL,זית מנזנילו יר,גרמים,540.00,100 גרם,false,0,10.50,1.94,true,1,
7290002057123,false,זית ירוק חרוזית ל.גלע540,קבוצת יבנה,IL,זית חרוזית,גרמים,540.00,100 גרם,false,0,9.90,1.83,true,1,
7290002057161,false,זית חתוך במרינד 540 גרם,קבוצת יבנה,IL,זית חתוך במרינד,גרמים,540.00,100 גרם,false,0,10.90,2.02,true,1,
7290002057185,false,טבעות זיתים ירוקים540גרם,קבוצת יבנה,IL,טבעות זיתים,גרמים,540.00,100 גרם,false,0,9.90,1.83,true,1,
7290002057352,false,מלפפונים 7-9 במלח 540גרם,קבוצת יבנה מוצרי מזון,IL,מלפפון במלח 7-9,גרמים,540.00,100 גרם,false,0,7.60,1.41,true,1,
7290002057369,false,מלפפון במלח 10-12 540גרם,קבוצת יבנה,IL,מלפפונים במלח,גרמים,540.00,100 גרם,false,0,8.90,1.65,true,1,
7290002057376,false,מלפ. במלח קטן13-17 540גר,קבוצת יבנה,IL,מלפפונים במלח,גרמים,540.00,100 גרם,false,0,9.90,1.83,true,1,
7290002057383,false,מלפפון במלח 18-25 540גרם,קבוצת יבנה,IL,מלפפונים במלח,גרמים,540.00,100 גרם,false,0,13.90,2.57,true,1,
7290002057451,false,מלפפונים בחומץ 7-9 540גר,קבוצת יבנה מוצרי מזון,IL,מלפפונים בחומץ,גרמים,540.00,100 גרם,false,0,7.60,1.41,true,1,
7290002057468,false,מלפפון בחומץ 10-12 540גר,קבוצת יבנה,IL,מלפפון בחומץ,גרמים,540.00,100 גרם,false,0,8.90,1.65,true,1,
7290002057482,false,מלפפון בחומץ 18-25 540גר,קבוצת יבנה,IL,מלפפונים בחומץ,גרמים,540.00,100 גרם,false,0,13.90,2.57,true,1,
7290002057604,false,פלפל חריף שיפקה 540 גרם,קבוצת יבנה,IL,פלפל חריף שיפקה,גרמים,540.00,100 גרם,false,0,5.90,1.09,true,1,
7290002065555,false,לחמניות בשקית 75*6 גרם,מאפיית שלמה א. אנג'\ל בע,IL,6 לחמניות בשקית,גרמים,450.00,100 גרם,false,0,11.90,2.64,true,1,
7290002065616,false,לחם שיפון גרעינים 750גרם,מאפיית שלמה א. אנג'\ל בע,IL,לחם שיפון,גרמים,750.00,100 גרם,false,0,14.90,1.99,true,1,
7290002109372,false,בורקס פילו גבינה בולגרית,"שגמור בע""מ",IL,בורקס פילו גבינה,גרמים,700.00,100 גרם,false,0,21.90,3.12,true,1,
7290002109488,false,קבב אמיתי 100% 440גרם,"טיבון ויל אחזקות בע""\מ",IL,קבב אמיתי 440גרם,גרמים,440.00,100 גרם,false,0,22.50,5.11,true,1,
7290002129479,false,פיצה איטלקית דקה 320גרם,סוילה אס.אר.אל,IT,פיצה איטלקית דקה,גרמים,320.00,100 גרם,false,1,16.90,5.28,true,1,
7290002132011,false,עוגיות מזרחיות שומשום400,מאפיית יוסף ושמחה עבאדי,IL,עוגיות מזרחיות,גרמים,400.00,100 גרם,false,0,14.90,3.73,true,1,
7290002133070,false,גב.קשקבל טורקי צאן22%משק,מחלבת השומרון,IL,גבינת קשקבל,קילוגרמים,0.00,"ק""ג",true,0,123.00,123.00,true,1,
7290002133506,false,יוג.של פעם חלב עיזים400ג,מחלבת השומרון,IL,יוגורט של פעם,גרמים,400.00,100 גרם,false,0,13.90,3.48,true,1,
7290002133537,false,יוגורט של פעם עיזים 180ג,מחלבת השומרון,IL,יוגורט של פעם,גרמים,180.00,100 גרם,false,0,6.80,3.78,true,1,
7290002204169,false,מארז אגס נאשי,בראשית,IL,מארז רביעיית נאש,קילוגרמים,0.00,"ק""ג",true,1,16.90,16.90,true,1,
7290002253006,false,שום כתוש דורות 200 גרם,דורות,IL,שום טרי כתוש,גרמים,200.00,100 גרם,false,0,17.90,8.95,true,1,
7290002253105,false,דורות שום במגשית 80 גרם,דורות,IL,שום כתוש קפוא,גרמים,80.00,100 גרם,false,0,14.90,18.63,true,1,
7290002253150,false,דורותבזיליקום קצוץ מגשית,דורות,IL,דורות בזיליקום,גרמים,70.00,100 גרם,false,0,11.90,17.00,true,1,
7290002253181,false,דורות כוסברה קצוצה מגשית,דורות,IL,דורות כוסברה,גרמים,70.00,100 גרם,false,0,11.90,17.00,true,1,
7290002253198,false,גינג'ר כתוש קפוא מגשית70,דורות,IL,גינג'ר כתוש קפוא,גרמים,70.00,100 גרם,false,0,11.90,17.00,true,1,
7290002281436,false,סטייק טונה ע.עור80%דג קפ,דלידג - נטו,VN,סטייק טונה בהירה,קילוגרמים,0.00,"ק""ג",true,1,54.90,54.90,true,1,
7290002281979,false,שריר מס' 8 חלק קפוא קג,פניסקו,AR,שריר מס8 קפוא,קילוגרמים,0.00,"ק""ג",true,1,34.90,34.90,true,1,
7290002285816,false,שניצל פרימ' טרי אר' עטרה,נטו,IL,שניצל פרימיום טר,קילוגרמים,0.00,"ק""ג",true,1,44.90,44.90,true,1,
7290002317654,false,זיתים ירוקים נובו ענק700,שימורי מוטולה בעמ,IL,זיתים ירוקים,גרמים,700.00,100 גרם,false,1,11.90,1.70,true,1,
7290002317746,false,זיתים שחורים גדול גרם560,שימורי מוטולה בעמ,IL,זיתים שחורים,גרמים,560.00,100 גרם,false,1,10.90,1.95,true,1,
7290002327028,false,ג'חנון 650 גרם,אופרה,IL,ג'חנון 650 גרם,גרמים,650.00,100 גרם,false,0,19.90,3.06,true,1,
7290002327042,false,"בורקס תפו""א 800 גרם",אופרה,IL,"בורקס תפו""א",גרמים,800.00,100 גרם,false,0,21.90,2.74,true,1,
7290002327059,false,"בצק עלים 1 ק""ג",אופרה,IL,בצק עלים מרודד,קילוגרמים,1.00,"ק""ג",false,0,22.90,22.90,true,1,
7290002327073,false,בורקס גבינה 800 גרם,אופרה,IL,בורקס גבינה,גרמים,800.00,100 גרם,false,0,24.90,3.11,true,1,
7290002327912,false,בורקס מיני גבינה 700 גרם,אופרה,IL,מיני בורקס גבינה,גרמים,700.00,100 גרם,false,0,24.90,3.55,true,1,
7290002331124,false,נביעות טעם תפוח עדין500מ,נביעות טבע הגליל בעמ,IL,נביעות תפוח,מיליליטרים,500.00,"100 מ""ל",false,0,7.50,1.50,true,1,
7290002331155,false,נביעות ט.אפרסק עדין 500מ,נביעות טבע הגליל בעמ,IL,נביעות אפרסק,מיליליטרים,500.00,"100 מ""ל",false,0,7.50,1.50,true,1,
7290002331360,false,נביעות פקק טו גו 500*6מל,נביעות טבע,IL,נביעות ספורט 6יח,ליטרים,3.00,ליטר,false,0,14.90,4.97,true,1,
7290002331490,false,נביעות מים מינרלים 1 ל,נביעות טבע הגליל בעמ,IL,מים נביעות,ליטרים,1.00,ליטר,false,0,3.90,3.90,true,1,
7290002345015,false,סינטה דק דק אל גאוצו 250,"טיבון ויל אחזקות בע""\מ",IL,סינטה דק דק,גרמים,250.00,100 גרם,false,1,29.90,11.96,true,1,
7290002345022,false,אנטריקוט דק דק אל גאוצו,"טיבון ויל אחזקות בע""\מ",IL,אנטריקוט דק דק,גרמים,250.00,100 גרם,false,1,28.90,11.56,true,1,
7290002345060,false,גב.מאסדם הולנדי 29% משקל,סר קאשנדל בי.וי,NL,גבינת מאסדם,קילוגרמים,0.00,"ק""ג",true,1,89.00,89.00,true,1,
7290002345077,false,שניצל בקר דקדק אלגאוצו 2,"טיבון ויל אחזקות בע""\מ",IL,שניצל בקר דקדק,גרמים,250.00,100 גרם,false,1,22.90,9.16,true,1,
7290002345121,false,אסאדו דק דק אל גאוצו,"טיבון ויל אחזקות בע""\מ",IL,אסאדו דקדק,גרמים,250.00,100 גרם,false,1,27.90,11.16,true,1,
7290002345282,false,נתחי פילה סלמון דלידג קג,,IL,נתחי פילה סלמון,קילוגרמים,0.00,"ק""ג",true,1,89.90,89.90,true,1,
7290002353836,false,סרדינ.בשמן זית רוברט125ג,קונסרבס פורטוגל נורטה,PT,סרדינים בשמן זית,גרמים,115.00,100 גרם,false,0,9.90,8.61,true,1,
7290002360155,false,חליטת שומר 20 * 2 גרם,טיקנה,DE,חליטת שומר,גרמים,40.00,100 גרם,false,0,14.90,37.25,true,1,
7290002360285,false,חליטת קמומיל 20 שק1.5*ג,טיקנה,DE,חליטת קמומיל,גרמים,30.00,100 גרם,false,0,14.90,49.67,true,1,
7290002371540,false,קורנדביף 120 גרם,טיב טירת צבי 2000,IL,קורנדביף,גרמים,120.00,100 גרם,false,0,17.90,14.92,true,1,
7290002371571,false,פסטרמה פרגיות לבגט במשקל,טירת צבי,IL,פסטרמה פרגיות,קילוגרמים,0.00,"ק""ג",true,0,89.00,89.00,true,1,
7290002374640,false,שמן קנולה פלוס אומגה3 1ל,סקנולה,EE,שמן קנולה פלוס,ליטרים,1.00,ליטר,false,0,17.90,17.90,true,1,
7290002385455,false,בולגרית מעודנת 24% במשקל,מחלבות גד,IL,בולגרית מעודנת,קילוגרמים,0.00,"ק""ג",true,1,62.00,62.00,true,1,
7290002385738,false,מנצ'גו משולש,,,מנצ'גו משולש,קילוגרמים,0.00,"ק""ג",true,0,141.00,141.00,true,1,
7290002385745,false,פקורינו משולש,,,פקורינו משולש,קילוגרמים,0.00,"ק""ג",true,0,141.00,141.00,true,1,
7290002439981,false,קלאסיקו קבב בקר אלגאוצ'ו,"טיבון ויל אחזקות בע""\מ",IL,קלאסיקו קבב,גרמים,400.00,100 גרם,false,1,25.90,6.48,true,1,
7290002447139,false,מארז רצועות להקפצה א.א ק,תנובה,IL,מארז רצועות א.אד,קילוגרמים,0.00,"ק""ג",true,0,89.90,89.90,true,1,
7290002447146,false,שניצל עגל א.אדום טריארוז,תנובה,IL,שניצל עגל ארוז,קילוגרמים,0.00,"ק""ג",true,0,99.90,99.90,true,1,
7290002447504,false,לשון עגל טרי א.א במשקל,תנובה,IL,לשון עגל טרי,קילוגרמים,0.00,"ק""ג",true,0,59.90,59.90,true,1,
7290002472193,false,עוגת מאפין שוקו 550 גרם,,IL,מאפין בטעם שוקו,יחידה,1.00,יחידה,false,0,20.00,20.00,true,1,
7290002472254,false,עוגת מאפין אגוזים 550גרם,,IL,מאפין אגוזים,יחידה,1.00,יחידה,false,0,20.00,20.00,true,1,
7290002472261,false,"עוגת מאפין תפו""ע 550 גרם",,IL,מאפין תפוח עץ,גרמים,500.00,100 גרם,false,0,20.00,4.00,true,1,
7290002472629,false,עוגת שמרים שוקולד,,IL,עוג.שמרים שוקולד,גרמים,460.00,100 גרם,false,0,24.00,5.22,true,1,
7290002472759,false,עוגת מאפין עם דבש,,IL,מאפין עם דבש,גרמים,450.00,100 גרם,false,0,21.90,4.87,true,1,
7290002472841,false,עוגת סבתא שוקולד 850 גרם,,IL,עוגת סבתא שוקו,גרמים,730.00,100 גרם,false,0,29.50,4.04,true,1,
7290002507109,false,צלי כתף טרי אמריקאי קג,,IL,צלי כתף טרי,קילוגרמים,0.00,"ק""ג",true,1,99.90,99.90,true,1,
7290002507123,false,שריר טרי אמריקאי קג,,IL,שריר טרי אמריקאי,קילוגרמים,0.00,"ק""ג",true,1,69.90,69.90,true,1,
7290002507604,false,פיצה השף מאיטלה שגב 320,סוילה אס.אר.אל,IT,פיצה השף שגב,גרמים,320.00,100 גרם,false,1,22.90,7.16,true,1,
7290002511236,false,בולגרית מעודנת5% במשקל,מחלבת מושבה,IL,בולגרית מעודנת5%,קילוגרמים,0.00,"ק""ג",true,0,55.00,55.00,true,1,
7290002511427,false,אצבעות שוקולד וניל במשקל,מחלבת מושבה,IL,אצבעות שוקולד,קילוגרמים,0.00,"ק""ג",true,0,75.00,75.00,true,1,
7290002515333,false,אל סבון קמיל סנסיטיב500,פישר מעבדות פרמצבטיות בע,IL,אלסבון קמיל בלו,מיליליטרים,500.00,"100 מ""ל",false,0,18.90,3.78,true,1,
7290002517733,false,קצח 40 גרם,תבליני טעם וריח,IL,קצח,גרמים,40.00,100 גרם,false,0,7.00,17.50,true,1,
7290002542780,false,בירה סטלה ארטואה330*6מל,"אינבב, ברוורייפליין",BE,סטלה ארטואה 6 יח,ליטרים,1.98,ליטר,false,1,34.90,17.63,true,1,
7290002543046,false,פרוסטיס 750 גרם,קלוג'ס,ES,פרוסטיס 750 גרם,גרמים,750.00,100 גרם,false,0,21.90,2.92,true,1,
7290002543237,false,קלוג'ס קורנפלקס 750 גרם,קלוגס קומפני אוף גרייט ב,GB,קורנפלקס קלוגס,גרמים,750.00,100 גרם,false,0,16.90,2.25,true,1,
7290002551003,false,טונה סטארקיסט בשמן 160 ג,סטארקיסט,IL,טונה סטארקיסט,גרמים,160.00,100 גרם,false,0,8.20,5.13,true,1,
7290002577492,false,פילה דג הרינג בשמן 240גר,,IL,פילה הרינג,גרמים,240.00,100 גרם,false,1,27.90,11.63,true,1,
7290002577508,false,פילה הרינג בשמן+בצל 240ג,דלידג - נטו,IL,פילה הרניג,גרמים,240.00,100 גרם,false,1,27.90,11.63,true,1,
7290002603481,false,פיצההשף מאיטליה פסטועגבנ,שגב,IT,פיצה שף מאיטליה,גרמים,200.00,100 גרם,false,1,18.90,9.45,true,1,
7290002603504,false,פיצתהשף מאיטליה שרי ובצל,שגב,IT,פיצת השף מאיטליה,גרמים,220.00,100 גרם,false,1,18.90,8.59,true,1,
7290002627098,false,פיצה ביס עם 100% גבינה,שגמור ייצור ושווק מוצרי,IL,פיצפיצה ביס עם 1,גרמים,350.00,100 גרם,false,1,19.90,5.69,true,1,
7290002649175,false,גרון הודו טרי ארוז קג,יסכה,IL,גרון הודו טרי אר,קילוגרמים,0.00,"ק""ג",true,1,29.90,29.90,true,1,
7290002649205,false,שווארמה הודו טרי ארוז נק,יסכה,IL,שווארמה הודו טרי,קילוגרמים,0.00,"ק""ג",true,1,74.90,74.90,true,1,
7290002649267,false,שוק הודו מפורק טרי ארוז,יסכה,IL,שוק הודו מפורק ט,קילוגרמים,0.00,"ק""ג",true,1,54.90,54.90,true,1,
7290002649274,false,נתחי חזה הודו טרי ארוז ק,יסכה,IL,תחי חזה הודו טרי,קילוגרמים,0.00,"ק""ג",true,1,29.90,29.90,true,1,
7290002649328,false,זוג עופיוניםטרי ארוז,יסכה,IL,זוג עופיונים טרי,קילוגרמים,0.00,"ק""ג",true,1,49.90,49.90,true,1,
7290002651116,false,ג'חנון חמסי 5יח 1קג,מאפיית אריאל,IL,ג'חנון חמסי,גרמים,1000.00,100 גרם,false,0,19.90,1.99,true,1,
7290002651123,false,מלווח חמסי 5יח 1קג,מאפיית אריאל,IL,מלווח חמסי,גרמים,1000.00,100 גרם,false,0,19.90,1.99,true,1,
7290002661115,false,"לחם הולנדי 1 ק""ג",מאפית ודש,IL,לחם הולנדי,קילוגרמים,1.00,"ק""ג",false,0,20.90,20.90,true,1,
7290002661153,false,"לחם דני קל 1 ק""ג","י.את.א.ברמן בע""\מ",IL,לחם דני קל,גרמים,1000.00,100 גרם,false,0,19.50,1.95,true,1,
7290002661856,false,מיני קרוטונים מתובל350גר,צ'\וייסר פודס ל.טי.די.,GB,מיני קרוטונים,גרמים,350.00,100 גרם,false,1,17.90,5.11,true,1,
7290002661863,false,קרוטונים מתובלים למרק350,צ'\וייסר פודס ל.טי.די.,GB,קרוטונים מתובלים,גרמים,350.00,100 גרם,false,1,17.90,5.11,true,1,
7290002685029,false,כרעיים עוף טרי שופרסל,קורניש,IL,כרעיים עוף טרי,קילוגרמים,0.00,"ק""ג",true,1,29.90,29.90,true,1,
7290002692393,false,שמן קנולה מועשר 1 ליטר,סקנולה,EE,שמן קנולה מועשר,ליטרים,1.00,ליטר,false,0,16.90,16.90,true,1,
7290002692478,false,שמ.זית כתית מעול.מעוד750,שמן תעשיות בעמ,IT,שמן זית,מיליליטרים,750.00,"100 מ""ל",false,0,33.90,4.52,true,1,
7290002692768,false,"תרסיס שמן קנולה 200 מ""ל",קומפניה,IT,תרסיס שמן קנולה,מיליליטרים,200.00,"100 מ""ל",false,0,15.90,7.95,true,1,
7290002692782,false,"תרסיס שמן זית 148 מ""ל",קומפניה,IT,תרסיס שמן זית,מיליליטרים,148.00,"100 מ""ל",false,0,15.90,10.74,true,1,
7290002715504,false,מג'יק נודלס,,SG,מג'יק נודלס,גרמים,70.00,100 גרם,false,0,5.00,7.14,true,1,
7290002715511,false,מג'יק אטריות,,SG,מג'יק אטריות,גרמים,70.00,100 גרם,false,0,5.00,7.14,true,1,
7290002715528,false,מג'יק אטריות,,SG,מג'יק אטריות,גרמים,70.00,100 גרם,false,0,5.00,7.14,true,1,
7290002715580,false,מג'יק נודלס,,SG,מג'יק נודלס,גרמים,70.00,100 גרם,false,0,5.00,7.14,true,1,
7290002730262,false,פלמוליב קלאסי ירוק 750מל,קולגייט פלמוליב,GR,פלמוליב לכלים,מיליליטרים,750.00,"100 מ""ל",false,0,12.90,1.72,true,1,
7290002730675,false,"משחת קולגייט אדום 100מ""ל",קולגייט פלמוליב,PL,משחת שיניים,מיליליטרים,100.00,"100 מ""ל",false,0,10.90,10.90,true,1,
7290002752332,false,סוכ.מנטוס טעם פירות37.5ג,מנטוס,NL,סוכריות מנטוס,גרמים,37.00,100 גרם,false,0,4.00,10.81,true,1,
7290002752349,false,סוכ. מנטוס מנטה 37.5 גרם,פרפטי ואן מלה,NL,סוכריות מנטוס,גרמים,37.00,100 גרם,false,0,4.00,10.81,true,1,
7290002752493,false,סוכ.טיק טק מנטה 16*4 גרם,פררו,ZA,סוכריות טיק טק,גרמים,64.00,100 גרם,false,0,12.00,18.75,true,1,
7290002757139,false,מלווח 700 גרם,אופרה,IL,מלווח 700 גרם,גרמים,700.00,100 גרם,false,0,16.90,2.41,true,1,
7290002759393,false,סופגניה מיני רגילה 8יח',גידרון,IL,סופגניות מיני 8י,יחידה,1.00,יחידה,false,0,19.90,19.90,true,1,
7290002759409,false,סופגניה מיני מצופה 8יח',גידרון,IL,סופג.מיני מצופה8,יחידה,1.00,יחידה,false,0,32.90,32.90,true,1,
7290002759522,false,מארז4 לחמניית חלה מתוקה,גידרון,,לחמנ.חלה מתוקה 4,יחידה,1.00,יחידה,false,0,13.90,13.90,true,1,
7290002766056,false,עגבניה שרי תמר,קטיף.,IL,עגבניה שרי תמר,גרמים,460.00,100 גרם,false,1,10.90,2.37,true,1,
7290002771111,false,קפה אל נח'לה עם הל250גרם,קפה אל נח'לה,IL,קפה עם הל,גרמים,250.00,100 גרם,false,0,18.50,7.40,true,1,
7290002787501,false,פילה סלמון קפוא נורווגי,סלאריס אי אס אבלורוגן,NO,פילה סלמון קפוא,קילוגרמים,0.00,"ק""ג",true,1,79.90,79.90,true,1,
7290002814078,false,אנטרטיק לניקוי אמבטיה1ל,קומפלקס כימיקלים,IL,אנטרטיק לאמבט,ליטרים,1.00,ליטר,false,0,7.90,7.90,true,1,
7290002814160,false,מסיר שומנים סנט מוריץ 1ל,קומפלקס כימיקלים בעמ,IL,מסיר שומנים,ליטרים,1.00,ליטר,false,1,18.90,18.90,true,1,
7290002814290,false,קצף אקונומיקה בלאנקו 1 ל,קומפלקס כימיקלים בעמ,IL,קצף אקונומיקה,ליטרים,1.00,ליטר,false,1,11.90,11.90,true,1,
7290002814528,false,נוזל לאסלה מס' 1 1 ליטר,קומפלקס כימיקלים בעמ,IL,נוזל לאסלה מס' 1,ליטרים,1.00,ליטר,false,0,6.90,6.90,true,1,
7290002824183,false,גב.סקי משפחתי5%שומן500ג,"שטראוס בריאות בע""\מ",IL,גבינת סקי 5%,גרמים,500.00,100 גרם,false,0,9.96,1.99,true,1,
7290002824466,false,יוגורט ביו 0% דנונה 200ג,"שטראוס בריאות בע""\מ",IL,יוגורט ביו 0%,גרמים,200.00,100 גרם,false,0,3.70,1.85,true,1,
7290002824640,false,גב.סקי5%לבנה מעודנת250ג,"שטראוס בריאות בע""\מ",IL,גבינת סקי 5%,גרמים,250.00,100 גרם,false,0,4.98,1.99,true,1,
7290002825722,false,כרוב אדום אחלה 500 גרם,"שטראוס גרופ בע""\מ",IL,סלט כרוב אחלה,גרמים,500.00,100 גרם,false,0,15.90,3.18,true,1,
7290002862000,false,אריסה תוניסאית 250 גרם,הררית מזון בעמ,IL,אריסה תוניסאית,גרמים,250.00,100 גרם,false,0,10.90,4.36,true,1,
7290002862017,false,שום כתוש 250 גרם,הררית מזון בעמ,IL,שום כתוש,גרמים,250.00,100 גרם,false,0,10.90,4.36,true,1,
7290002862093,false,חזרת 250 גרם,הררית מזון בעמ,IL,חזרת,גרמים,250.00,100 גרם,false,0,10.90,4.36,true,1,
7290002862109,false,פירורי לחם מוזהבים 400 ג,"הררית מזון בע""מ",ES,פירורי לחם מוזהב,גרמים,400.00,100 גרם,false,1,6.90,1.73,true,1,
7290002862369,false,עמבה בצנצנת,,IL,עמבה בצנצנת,גרמים,250.00,100 גרם,false,0,10.90,4.36,true,1,
7290002871248,false,"טובורג רד בק.חוזר 500מ""ל",מבשלות בירה בינלאומיות ב,IL,בירה טובורג רד,מיליליטרים,500.00,"100 מ""ל",false,0,9.50,1.90,true,1,
7290002871361,false,בירה קרלסברג בק.חוזר500מ,מבשלות בירה בינלאומיות ב,IL,בירה קרלסברג,מיליליטרים,500.00,"100 מ""ל",false,0,9.60,1.92,true,1,
7290002881803,false,שמן קנולה מזוכך 1 ליטר,,BE,שמן קנולה מזוכך,ליטרים,1.00,ליטר,false,1,11.90,11.90,true,1,
7290002900436,false,פסטרמה איטלקי מילנו משקל,טירת צבי,,פסטרמה איטלקית,קילוגרמים,0.00,"ק""ג",true,0,89.00,89.00,true,1,
7290002904694,false,דאו.טיטניום תרסיס 180 מל,אמיליה קוסמטיקס בעמ,IL,דאודורנט טיטניום,מיליליטרים,180.00,"100 מ""ל",false,0,16.90,9.39,true,1,
7290002939108,false,חזה עוף טרי ארוז עטרה לק,שונות,IL,חזה עוף טרי עטרה,קילוגרמים,0.00,"ק""ג",true,0,34.90,34.90,true,1,
7290002987963,false,"חומוס אחלה 1 ק""ג","שטראוס גרופ בע""\מ",IL,"חומוס אחלה 1 ק""ג",קילוגרמים,1.00,"ק""ג",false,0,14.90,14.90,true,1,
7290003009183,false,"סירופ תפוחים דיאט 750מ""ל",גת,IL,סירופ תפוחים,מיליליטרים,750.00,"100 מ""ל",false,0,25.90,3.45,true,1,
7290003009596,false,סירופ אשכוליות דיאט750מל,גת,IL,סירופ אשכוליות,מיליליטרים,750.00,"100 מ""ל",false,0,25.90,3.45,true,1,
7290003009640,false,מיץ תפוזים סחוט 1 ליטר,גת,IL,מיץ תפוזים סחוט,ליטרים,1.00,ליטר,false,0,14.90,14.90,true,1,
7290003026036,false,אל סבון סנסיטיב קמיל 1 ל,פישר מעבדות פרמצבטיות בע,IL,אל סבון קמיל בלו,ליטרים,1.00,ליטר,false,0,34.90,34.90,true,1,
7290003029181,false,שוקו יטבתה בבקבוק 1 ליטר,מחלבת יטבתה,IL,שוקו יטבתה,ליטרים,1.00,ליטר,false,0,12.00,12.00,true,1,
7290003029372,false,משקה חלב בננה בקבוק 1 ל',מחלבת יטבתה,IL,משקה חלב בננה,ליטרים,1.00,ליטר,false,0,12.00,12.00,true,1,
7290003029389,false,משקה בננה יטבתה+פקק 250מ,מחלבת יטבתה,IL,משקה בננה,מיליליטרים,250.00,"100 מ""ל",false,0,5.60,2.24,true,1,
7290003029433,false,שוקו יטבתה+פקק נשלף 250מ,מחלבת יטבתה,IL,שוקו יטבתה,מיליליטרים,250.00,"100 מ""ל",false,0,5.60,2.24,true,1,
7290003029532,false,מוקה יטבתה בקבוק 2% 1ל,מחלבת יטבתה,IL,מוקה יטבתה בקבוק,ליטרים,1.00,ליטר,false,0,12.00,12.00,true,1,
7290003029792,false,שוקו יטבתה מארז 225*8 מל,מחלבת יטבתה,IL,שקיות שוקו 8 יח',ליטרים,1.80,ליטר,false,0,19.90,11.06,true,1,
7290003029815,false,חלב מועשר יטבתה 3%כד 2ל',מחלבת יטבתה,IL,חלב מועשר יטבתה,ליטרים,2.00,ליטר,false,0,15.60,7.80,true,1,
7290003029907,false,אייס קפה יטבתה 2% 1ל,מחלבת יטבתה,IL,אייס קפה יטבתה,ליטרים,1.00,ליטר,false,0,12.00,12.00,true,1,
7290003054657,false,חרדל אקסטרא פורטה 370גרם,ריין דיג'ון,FR,חרדל דיז'ון,גרמים,370.00,100 גרם,false,0,13.10,3.54,true,1,
7290003069590,false,פילה סול קפוא 1קג יח,נטו,CN,פילה סול קפוא,גרמים,1000.00,100 גרם,false,0,30.90,3.09,true,1,
7290003069682,false,בצק פילאס 500 גרם,"שגמור בע""\מ",IL,בצק פילאס,גרמים,500.00,100 גרם,false,0,19.90,3.98,true,1,
7290003072200,false,פסטרמה בסגנון מקסיקני,טירת צבי,IL,פסטרמה בסגנון מק,קילוגרמים,0.00,"ק""ג",true,1,89.00,89.00,true,1,
7290003072965,false,קבנוס חריף מעושן 120 גרם,טיב טירת צבי 2000,IL,קבנוס חריף מעושן,גרמים,120.00,100 גרם,false,1,12.90,10.75,true,1,
7290003072972,false,קבנוס בתיבול שום 120 גרם,טיב טירת צבי 2000,IL,קבנוס בתיבול שום,גרמים,120.00,100 גרם,false,1,12.90,10.75,true,1,
7290003107216,false,"קמח לבן 1 ק""ג",טחנת קמח דגן לישראל,IL,קמח לבן,קילוגרמים,1.00,"ק""ג",false,0,6.70,6.70,true,1,
7290003107223,false,"סולת 1 ק""ג",טחנת קמח דגן לישראל,IL,סולת,קילוגרמים,1.00,"ק""ג",false,0,6.90,6.90,true,1,
7290003107247,false,שמרים יבשים אינסטנט33גרם,שטיבל,IL,שמרים יבשים,גרמים,33.00,100 גרם,false,0,6.90,20.91,true,1,
7290003107360,false,קמח לבן בהיר ללא ניפוי1ק,"שטיבל בע""מ",IL,קמח לבן בהיר,קילוגרמים,1.00,"ק""ג",false,1,9.90,9.90,true,1,
7290003115594,false,כנפי עוף טרי ארוז דיל,מילועוף,IL,כנפיים עוף טרי,קילוגרמים,0.00,"ק""ג",true,0,12.90,12.90,true,1,
7290003121083,false,ארוחת נודלס ט.בשר מגיק85,טאט הוי פוד,SG,ארוחת נודלס,גרמים,85.00,100 גרם,false,0,4.40,5.18,true,1,
7290003121106,false,ארוחת נודלס,,SG,ארוחת נודלס,גרמים,85.00,100 גרם,false,0,4.40,5.18,true,1,
7290003137190,false,קוקטייל טרי ארוז,מילועוף,IL,קוקטייל עוף טרי,קילוגרמים,0.00,"ק""ג",true,0,29.90,29.90,true,1,
7290003158591,false,מארז4יח לחמניית חלה קלה,גידרון,,לחמניה חלה קלה 4,יחידה,1.00,יחידה,false,0,13.90,13.90,true,1,
7290003185719,false,קבב רומני 500 גרם,טיבון ויל אחזקות בעמ,IL,קבב רומני,גרמים,500.00,100 גרם,false,0,21.90,4.38,true,1,
7290003185726,false,קבב מזרחי 500 גרם,טיבון ויל אחזקות בעמ,IL,קבב מזרחי,גרמים,500.00,100 גרם,false,0,21.90,4.38,true,1,
7290003189076,false,פיצרלה מגורדת22% 500 גרם,צי תעשיות מזון יבנה,IL,פיצרלה מגורדת,גרמים,500.00,100 גרם,false,0,21.90,4.38,true,1,
7290003189274,false,צהובה מעושנת במשקל,צי תעשיות מזון יבנה,IL,צהובה מעושנת,קילוגרמים,0.00,"ק""ג",true,0,46.00,46.00,true,1,
7290003220526,false,"רוטב צ'ילי חריף 700 מ""ל",תאי פרידה אינדסטרי,TH,רוטב צ'ילי חריף,מיליליטרים,700.00,"100 מ""ל",false,0,13.90,1.99,true,1,
7290003220595,false,"אורז לסושי 1 ק""ג",,IL,אורז לסושי,קילוגרמים,1.00,"ק""ג",false,0,13.90,13.90,true,1,
7290003229116,false,פסטרמה הודו בדבש 400 גרם,טיב טירת צבי 2000,IL,פסטרמה הודו בדבש,גרמים,400.00,100 גרם,false,0,27.90,6.98,true,1,
7290003229123,false,פסטרמה על גחלים 400 גרם,טיב טירת צבי 2000,IL,פסטרמה על גחלים,גרמים,400.00,100 גרם,false,0,27.90,6.98,true,1,
7290003229147,false,סלמי איטלקי 300 גרם,טיב טירת צבי 2000,IL,סלמי איטלקי,גרמים,300.00,100 גרם,false,0,28.90,9.64,true,1,
7290003229154,false,סלמי קוניאק 300 גרם,טיב טירת צבי 2000,IL,סלמי קוניאק,גרמים,300.00,100 גרם,false,0,28.90,9.63,true,1,
7290003229192,false,פסטרמה כתף בקר מעושן 400,טיב טירת צבי 2000,IL,פסטרמה כתף בקר,גרמים,400.00,100 גרם,false,0,31.90,7.98,true,1,
7290003268252,false,לחם חיטה מלא לילדים750ג,דגנית עין בר תעשיות מזון,IL,לחם חיטה מלא,גרמים,750.00,100 גרם,false,1,14.90,1.99,true,1,
7290003321155,false,דנונה בר פקאן 183 גרם,"שטראוס בריאות בע""\מ",IL,דנונה בר פקאן,גרמים,183.00,100 גרם,false,0,4.80,2.62,true,1,
7290003332007,false,קפה שחור עם הל 250 גרם,קפה אל נח'לה,IL,קפה שחור,גרמים,250.00,100 גרם,false,0,15.50,6.20,true,1,
7290003387205,false,דאו.ספיד סטיק לגבר 56 גר,קולגייט פלמוליב,US,דאודורנט סטיק,גרמים,56.00,100 גרם,false,0,17.90,31.97,true,1,
7290003401369,false,קרם לחות לשיער חוחובה400,קרליין,IL,קרם לחות לשיער,מיליליטרים,400.00,"100 מ""ל",false,0,22.90,5.73,true,1,
7290003411238,false,שמרים יבשים 500 גרם,הנמל,BE,שמרים יבשים,גרמים,500.00,100 גרם,false,0,15.90,3.18,true,1,
7290003411313,false,מפת אירועים רב פעמית 120,,IL,מפה רב פעמית 0,יחידה,1.00,יחידה,false,0,8.90,8.90,true,1,
7290003411993,false,גפרורים 10 יח',הנמל,SE,גפרורים,יחידה,1.00,יחידה,false,0,3.70,3.70,true,1,
7290003423909,false,חטיף שוק.לבן שברי עוג43.,,US,חטיף שוקולד לבן,גרמים,43.00,100 גרם,false,0,4.90,11.40,true,1,
7290003427154,false,"שמן זית כתית מעולה750מ""ל",זיתא תעשיות שמן זיתt\,IL,שמן זית כתית,מיליליטרים,750.00,"100 מ""ל",false,0,35.90,4.79,true,1,
7290003438006,false,רוטב פסטו אוליביה 180 גר,אוליביה,IL,רוטב פסטו,גרמים,180.00,100 גרם,false,0,14.50,8.06,true,1,
7290003438013,false,ממרח זיתים ירוקים 190גרם,אוליביה,IL,ממרח זיתים,גרמים,190.00,100 גרם,false,0,14.50,7.63,true,1,
7290003438020,false,ממרח עגבניות מיובשות190ג,אוליביה,IL,ממרח עגבניות,גרמים,190.00,100 גרם,false,0,14.50,7.63,true,1,
7290003438709,false,ממרח זיתים שחורים 190גרם,אוליביה גורמה בעמ,IL,ממרח זיתים,גרמים,190.00,100 גרם,false,0,14.50,7.63,true,1,
7290003444009,false,חט.שוקו.חלב+חמאת בוטנ42ג,הרשי,US,חטיף שוקולד חלב,גרמים,42.00,100 גרם,false,0,3.90,9.29,true,1,
7290003450602,false,ממרח חרדל צהוב 255 גרם,היינץ,US,ממרח חרדל צהוב,גרמים,255.00,100 גרם,false,0,10.90,4.27,true,1,
7290003495078,false,מארז4 בייגל אמריקאי כפרי,מאפ גדרון,IL,4 בייגלה כפרי,יחידה,1.00,יחידה,false,0,13.90,13.90,true,1,
7290003495825,false,בייגלה טוסט לבן,,IL,בייגלה טוסט לבן,יחידה,1.00,יחידה,false,0,13.90,13.90,true,1,
7290003514007,false,שקדי מרק 400 גרם,מנה,IL,שקדי מרק מנה,גרמים,400.00,100 גרם,false,0,9.80,2.45,true,1,
7290003521166,false,קרם רוזמרין לילדים סרקל,פישר מעבדות פרמצבטיות בע,IL,סרקל קרם רוזמרין,מיליליטרים,325.00,"100 מ""ל",false,0,26.90,8.28,true,1,
7290003521197,false,מתיר קשרים לילדים סרקל,פישר מעבדות פרמצבטיות בע,IL,סרקל מתיר קשרים,מיליליטרים,340.00,"100 מ""ל",false,0,26.90,7.91,true,1,
7290003525461,false,סלט טונה פיקנטי,,IL,סלט טונה פיקנטי,גרמים,160.00,100 גרם,false,0,6.30,3.94,true,1,
7290003525478,false,סלט טונה,,IL,סלט טונה,גרמים,160.00,100 גרם,false,0,6.30,3.94,true,1,
7290003643004,false,אורז בסמטי קלאסי בשקית1ק,"סוגת תעשיות בע""\מ",IL,אורז בסמטי קלאסי,קילוגרמים,1.00,"ק""ג",false,0,14.90,14.90,true,1,
7290003643325,false,קוסקוס בינוני,"אסיף תעשיות מזון בע""\מ",IL,קוסקוס בינוני,גרמים,350.00,100 גרם,false,0,5.90,1.69,true,1,
7290003643387,false,"סוכר לבן צנצנת 1 ק""ג","סוגת תעשיות בע""\מ",IL,סוכר לבן צנצנת,קילוגרמים,1.00,"ק""ג",false,0,8.90,8.90,true,1,
7290003643646,false,"סוכר דמררה צנצנת 1 ק""ג","סוגת תעשיות בע""\מ",IL,סוכר דמררה,קילוגרמים,1.00,"ק""ג",false,0,14.20,14.20,true,1,
7290003643684,false,אפונה 500 גרם,"סוגת תעשיות בע""\מ",IL,אפונה 500 גרם,גרמים,500.00,100 גרם,false,0,6.80,1.36,true,1,
7290003643738,false,חיטה 500 גרם,"סוגת תעשיות בע""\מ",IL,חיטה 500 גרם,גרמים,500.00,100 גרם,false,0,6.80,1.36,true,1,
7290003643745,false,כוסמת 500 גרם,"סוגת תעשיות בע""\מ",IL,כוסמת,גרמים,500.00,100 גרם,false,0,7.90,1.58,true,1,
7290003643752,false,עדשים ירוקות 500 גרם,"סוגת תעשיות בע""\מ",IL,עדשים ירוקות,גרמים,500.00,100 גרם,false,0,8.50,1.70,true,1,
7290003643769,false,עדשים אדומות 500 גרם,"סוגת תעשיות בע""\מ",IL,עדשים אדומות,גרמים,500.00,100 גרם,false,0,8.90,1.78,true,1,
7290003643820,false,חומוס ענק סוגת 500 גרם,"סוגת תעשיות בע""\מ",IL,חומוס ענק,גרמים,500.00,100 גרם,false,0,10.90,2.18,true,1,
7290003681792,false,סוכריות טופי ט.פירות850ג,מיה תעשיות מזון מ.ת.מ. ב,IL,סוכריות טופי,גרמים,850.00,100 גרם,false,0,16.90,1.99,true,1,
7290003726011,false,טופו במרקם רך,,IL,טופו במרקם רך,גרמים,300.00,100 גרם,false,0,13.00,4.33,true,1,
7290003726110,false,טופו אורגני,,IL,טופו אורגני,גרמים,300.00,100 גרם,false,0,14.50,4.83,true,1,
7290003726615,false,טופו ויילר 300 גרם,"משק ווילר בע""\מ",IL,טופו ויילר,גרמים,300.00,100 גרם,false,1,13.00,4.33,true,1,
7290003744428,false,אובלטים+קימל שקית 300 גר,"ברט בע""מ",IL,אובלטים מלוחים,גרמים,300.00,100 גרם,false,0,12.50,4.17,true,1,
7290003804252,false,תיבול.קנור לאורז-הודי72ג,יוניליוור ישראל מזון בע\,IL,תיבוליות קנור,גרמים,72.00,100 גרם,false,0,10.40,14.44,true,1,
7290003804320,false,תיבול.קנור שום+פטרוזיל72,יוניליוור ישראל מזון בע\,IL,תיבוליות קנור,גרמים,72.00,100 גרם,false,0,10.40,14.44,true,1,
7290003804382,false,תיבולית קנור פיטריות72גר,יוניליוור ישראל מזון בע\,IL,תיבוליות פטריות,גרמים,72.00,100 גרם,false,0,10.40,14.44,true,1,
7290003805501,false,פתית חסכוני שוודית 300גר,יוניליוור ישראל מזון בע\,IL,פתית קרקר שוודי,גרמים,300.00,100 גרם,false,0,18.70,6.23,true,1,
7290003807178,false,רוטב סויה סגנון סיני300מ,יוניליוור ישראל מזון בע\,IL,רוטב סויה,מיליליטרים,300.00,"100 מ""ל",false,0,12.50,4.17,true,1,
7290003864478,false,סרדין בשמן סויה,,TH,סרדין בשמן סויה,גרמים,110.00,100 גרם,false,0,6.30,5.73,true,1,
7290003864485,false,סרדינים ברוטב,,TH,סרדינים ברוטב,גרמים,110.00,100 גרם,false,0,6.30,5.73,true,1,
7290003864492,false,סרדין פיקנטי,,TH,סרדין פיקנטי,גרמים,110.00,100 גרם,false,0,6.30,5.73,true,1,
7290003882922,false,עלי גפן ממולאים,,CN,עלי גפן ממולאים,גרמים,400.00,100 גרם,false,0,9.90,2.48,true,1,
7290003956012,false,פטאקי 18% במשקל,מחלבת השומרון,IL,פטאקי 18% במשקל,קילוגרמים,0.00,"ק""ג",true,0,40.00,40.00,true,1,
7290003989096,false,חציל פיקנטי אחלה 500 גרם,"שטראוס גרופ בע""\מ",IL,חציל פיקנטי אחלה,גרמים,500.00,100 גרם,false,0,15.90,3.18,true,1,
7290003989539,false,רביולי עם גבינה 400 גרם,"שטראוס גרופ בע""\מ",IL,רביולי גבינה,גרמים,400.00,100 גרם,false,0,21.70,5.43,true,1,
7290003989553,false,טורטליני עם פטריות 400גר,"שטראוס גרופ בע""\מ",IL,טורטליני פטריות,גרמים,400.00,100 גרם,false,0,21.70,5.43,true,1,
7290004011284,false,"ריצ' להכנת קצפת 212 מ""ל",נטו,US,ריצ' להכנת קצפת,מיליליטרים,212.00,"100 מ""ל",false,0,9.30,4.39,true,1,
7290004011338,false,"קצפת ריצ' במיכל 250 מ""ל",נטו,IT,קצפת ריצ' במיכל,מיליליטרים,250.00,"100 מ""ל",false,0,12.90,5.16,true,1,
7290004011819,false,המבורגר ריב אל גאוצ'ו 60,אלגרצ'ו,IL,המבורגר ריב,גרמים,360.00,100 גרם,false,0,24.90,6.92,true,1,
7290004011826,false,מיני המבורגר אלגאוצו320,טיבון ויל אחזקות בעמ,IL,מיני המבורגר,גרמים,320.00,100 גרם,false,0,25.90,8.09,true,1,
7290004030100,false,מיץ תפוזים ולנסיה 1 ליטר,,IL,מיץ תפוזי ולנסיה,ליטרים,1.00,ליטר,false,1,16.80,16.80,true,1,
7290004030216,false,נקטר חמוציות 1 ליטר,פריניב בעמ,IL,נקטר חמוציות,ליטרים,1.00,ליטר,false,1,14.20,14.20,true,1,
7290004030445,false,מיץ תפוזים סחוט,,IL,מיץ תפוזים סחוט,ליטרים,1.00,ליטר,false,0,15.80,15.80,true,1,
7290004030612,false,משקה תפוח קיווי,,IL,משקה תפוח קיווי,ליטרים,1.00,ליטר,false,0,16.10,16.10,true,1,
7290004030810,false,מיץ תפוז בננה פסיפלורה1ל,פריניב בעמ,IL,מיץ פריניב,מיליליטרים,1000.00,"100 מ""ל",false,1,18.90,1.89,true,1,
7290004030834,false,מיץ רימונים,,IL,מיץ רימונים,ליטרים,1.00,ליטר,false,0,25.30,25.30,true,1,
7290004033705,false,לחמניות הבורגריה 100*6ג,"י.את.א.ברמן בע""\מ",IL,לחמניות 6 יח',גרמים,600.00,100 גרם,false,1,14.90,2.48,true,1,
7290004033712,false,לחם  עננים מקמח מלא750ג,"י.את.א.ברמן בע""\מ",IL,לחם  מקמח מלא,גרמים,750.00,100 גרם,false,1,16.50,2.20,true,1,
7290004033729,false,לחם עננים מקמח כוסמן750,"י.את.א.ברמן בע""\מ",IL,לחם כוסמין,גרמים,750.00,100 גרם,false,1,17.50,2.33,true,1,
7290004033736,false,לחם עננים סגנון בריוש500,"י.את.א.ברמן בע""\מ",IL,לחם עננים בריוש,גרמים,500.00,100 גרם,false,1,16.50,3.30,true,1,
7290004043108,false,עדשי מ&מ'ס שוקולד 89 גרם,מרס,US,עדשי מ&מ'ס,גרמים,89.00,100 גרם,false,1,7.50,8.43,true,1,
7290004064174,false,"מלח דק הימלאיה 1 ק""ג","חברת מלח הארץ אילת בע""\מ",PK,מלח דק הימלאיה,קילוגרמים,1.00,"ק""ג",false,1,18.90,18.90,true,1,
7290004064181,false,"מלח גס הימלאיה 1 ק""ג","חברת מלח הארץ אילת בע""\מ",PK,מלח גס הימלאיה,קילוגרמים,1.00,"ק""ג",false,1,18.90,18.90,true,1,
7290004064228,false,מטחנת מלח שום ופלפל 125ג,"חברת מלח הארץ אילת בע""\מ",IL,מטחנת מלח מתובל,גרמים,125.00,100 גרם,false,1,17.90,14.32,true,1,
7290004064297,false,מלח מועשר ביוד צנצנת 1קג,"חברת מלח הארץ אילת בע""\מ",IL,מלח מועשר ביוד,קילוגרמים,1.00,"ק""ג",false,1,9.90,9.90,true,1,
7290004064372,false,מטחנת מלח איטל.אקסטרה105,"חברת מלח הארץ בע""\מ",IL,מטחנת מלח איטלקי,גרמים,105.00,100 גרם,false,1,17.90,17.05,true,1,
7290004064389,false,מלח הימלאיה דק מלחיה250ג,"חברת מלח הארץ אילת בע""\מ",IL,מלח הימלאיה דק,גרמים,250.00,100 גרם,false,1,11.90,4.76,true,1,
7290004068028,false,ציזיקי לשתיה,,IL,ציזיקי לשתיה,מיליליטרים,500.00,"100 מ""ל",false,0,10.20,2.04,true,1,
7290004068035,false,אירן משקה יוגורט,,IL,אירן משקה יוגורט,מיליליטרים,500.00,"100 מ""ל",false,0,9.20,1.84,true,1,
7290004068172,false,יוגורט עזים בדלי,,IL,יוגורט עזים בדלי,גרמים,600.00,100 גרם,false,0,18.30,3.05,true,1,
7290004068912,false,גרנה פדנו משולש במשקל,מחלבות גד,IL,גרנה פדנו מעדניה,קילוגרמים,0.00,"ק""ג",true,1,129.00,129.00,true,1,
7290004078270,false,פלמוליב לכלים לימון1ליטר,קולגייט פלמוליב,GR,פלמוליב לכלים,ליטרים,1.00,ליטר,false,0,14.90,14.90,true,1,
7290004119133,false,יוגורט בכד6.5%  1.5 ליטר,מחלבת אלון תבור,IL,יוגורט בכד,ליטרים,1.50,ליטר,false,0,17.80,11.87,true,1,
7290004119225,false,יופלה אננס 3% 150 גרם,תנובה בעמ,IL,יופלה אננס 3%,גרמים,150.00,100 גרם,false,0,5.20,3.47,true,1,
7290004119928,false,מעדן קרלו וניל 3% 125 גר,מחלבת אלון תבור,IL,מעדן קרלו וניל3%,גרמים,125.00,100 גרם,false,0,3.00,2.40,true,1,
7290004120061,false,"מעדן קרלו שוניל3% 125מ""ל",מחלבת אלון תבור,IL,מעדן קרלו שוניל,גרמים,125.00,100 גרם,false,0,3.10,2.48,true,1,
7290004120108,false,יופלה דובדבן 0% 150 גרם,תנובה בעמ,IL,יופלה דיאט 0%,גרמים,150.00,100 גרם,false,0,5.20,3.47,true,1,
7290004120566,false,גב.בולגרית פיראוס24% 250,תנובה,IL,גבינה בולגרית24%,גרמים,250.00,100 גרם,false,0,25.00,10.00,true,1,
7290004120573,false,גב.בולגרית פיראוס16% 250,תנובה,IL,גבינה בולגרית16%,גרמים,250.00,100 גרם,false,0,25.00,10.00,true,1,
7290004120634,false,גב.בולגרית פיראוס5% 250ג,תנובה,IL,גבינה בולגרית5%,גרמים,250.00,100 גרם,false,0,24.90,9.96,true,1,
7290004120832,false,חלב שתיה 3%,,IL,חלב שתיה 3%,ליטרים,2.00,ליטר,false,0,12.46,6.23,true,1,
7290004121839,false,גבינת פטה פיראוס20% 250ג,תנובה,IL,פטה כבשים פיראוס,גרמים,250.00,100 גרם,false,0,30.00,12.00,true,1,
7290004122119,false,פתיתי פרמזן לפסטה 100גרם,תנובה,IL,פתיתי פרמזן,גרמים,100.00,100 גרם,false,0,13.90,13.90,true,1,
7290004122195,false,גוש חלב פרוס28% 200מהדרי,תנובה,IL,גבינה גוש חלב,גרמים,200.00,100 גרם,false,0,14.90,7.45,true,1,
7290004122270,false,עמק פרוס סגירה חוזרת 200,תנובה,IL,גבינת עמק פרוס,גרמים,200.00,100 גרם,false,0,16.60,8.30,true,1,
7290004122348,false,גבינת עמק 9% פרוס 200 גר,תנובה,IL,גבינת עמק 9%,גרמים,200.00,100 גרם,false,0,16.90,8.45,true,1,
7290004122607,false,גבינת עמק לייט 9% במשקל,תנובה,IL,גבינת עמק לייט9%,קילוגרמים,0.00,"ק""ג",true,0,72.00,72.00,true,1,
7290004122676,false,גבינת חמד לייט 5% 250 גר,תנובה,IL,גבינת חמד לייט5%,גרמים,250.00,100 גרם,false,0,14.90,5.96,true,1,
7290004122683,false,אצבעות עמק חטיף גבינה172,תנובה,IL,אצבעות עמק,גרמים,172.00,100 גרם,false,0,17.10,9.94,true,1,
7290004124205,false,יופלה דיאט תות0% 150 גר,תנובה בעמ,IL,יופלה דיאט תות0%,גרמים,150.00,100 גרם,false,0,5.20,3.47,true,1,
7290004125370,false,שמנת חמוצה 9% שומן 200מל,תנובה,IL,שמנת חמוצה 9%,מיליליטרים,200.00,"100 מ""ל",false,0,3.70,1.85,true,1,
7290004125400,false,"אשל מהדרין 4.5% 200 מ""ל",תנובה,IL,אשל 4.5% שומן,מיליליטרים,200.00,"100 מ""ל",false,0,1.69,0.85,true,1,
7290004125417,false,"גיל 3% מהדרין 200מ""ל",תנובה,IL,גיל לבן 3%שומן,מיליליטרים,200.00,"100 מ""ל",false,0,1.51,0.76,true,1,
7290004125455,false,שמנת תנובה 15%שומן200מל,תנובה,IL,שמנת תנובה 15%,מיליליטרים,200.00,"100 מ""ל",false,0,2.40,1.20,true,1,
7290004125462,false,שמנת חמוצה 15%שומן500מל,תנובה,IL,שמנת חמוצה 15%,מיליליטרים,500.00,"100 מ""ל",false,0,6.00,1.20,true,1,
7290004125509,false,שמנת חמוצה15% חצי מנה100,תנובה,IL,שמנת חמוצה 15%,מיליליטרים,100.00,"100 מ""ל",false,0,1.70,1.70,true,1,
7290004125578,false,משקה סויה 1 ליטר,סוי מג'יק,IL,משקה סויה,ליטרים,1.00,ליטר,false,0,11.90,11.90,true,1,
7290004125585,false,משקה סויה בטעם וניל 1 לי,סוי מג'יק,IL,משקה סויה וניל,ליטרים,1.00,ליטר,false,0,11.90,11.90,true,1,
7290004125721,false,שמנת בישול-15%שף לבן250מ,תנובה,IL,שמנת לבישול15%,מיליליטרים,250.00,"100 מ""ל",false,0,8.30,3.32,true,1,
7290004125738,false,שמנת להקצפה-32%שף לבן250,תנובה,IL,שמנת להקצפה32%,מיליליטרים,250.00,"100 מ""ל",false,0,6.90,2.76,true,1,
7290004125776,false,גב.עמק פרוס 28%קופסא400ג,תנובה,IL,גבינת עמק פרוס,גרמים,400.00,100 גרם,false,0,30.50,7.63,true,1,
7290004126650,false,גבינה צפתית 5% משקל,תנובה,IL,גבינה צפתית 5%,קילוגרמים,0.00,"ק""ג",true,0,60.00,60.00,true,1,
7290004126674,false,גבינה טל העמק לייט 200גר,תנובה,IL,גבינה טל העמק,גרמים,200.00,100 גרם,false,0,18.80,9.40,true,1,
7290004126759,false,יופלה פירות יער0% 150 גר,תנובה בעמ,IL,יופלה דיאט,גרמים,150.00,100 גרם,false,0,5.20,3.47,true,1,
7290004126872,false,"שוקו תנובה בקבוק 250 מ""ל",תנובה,IL,שוקו בקבוק,מיליליטרים,250.00,"100 מ""ל",false,0,5.80,2.32,true,1,
7290004127077,false,קוטג' תנובה 3% שומן 250,מחלבת אלון תבור,IL,קוטג' 3% שומן,גרמים,250.00,100 גרם,false,0,5.70,2.28,true,1,
7290004127329,false,קוטג' 5% 250 גרם בעלז,מחלבת אלון תבור,IL,קוטג' תנובה 5%,גרמים,250.00,100 גרם,false,0,5.70,2.28,true,1,
7290004127336,false,קוטג' תנובה 9% שומן 250ג,מחלבת אלון תבור,IL,קוטג' תנובה 9%,גרמים,250.00,100 גרם,false,0,5.70,2.28,true,1,
7290004127800,false,גב.לבנה 5% שומן 500 גרם,מחלבת אלון תבור,IL,גבינה לבנה 5%,גרמים,500.00,100 גרם,false,0,9.96,1.99,true,1,
7290004127817,false,גב.לבנה 9% שומן 500 גרם,מחלבת אלון תבור,IL,גבינה לבנה 9%,גרמים,500.00,100 גרם,false,0,9.50,1.90,true,1,
7290004127916,false,גבינה תנובה0.5%שומן 500ג,מחלבת אלון תבור,IL,גבינה 0.5%,גרמים,500.00,100 גרם,false,0,9.50,1.90,true,1,
7290004128333,false,לאבנה 9% פיראוס 500 גרם,תנובה,IL,לאבנה פיראוס 9%,גרמים,500.00,100 גרם,false,0,21.90,4.38,true,1,
7290004128401,false,פטה פיראוס 20%,,IL,פטה פיראוס 20%,קילוגרמים,0.00,"ק""ג",true,0,113.00,113.00,true,1,
7290004129101,false,גב.נפולאון טעם טבעי 225ג,מחלבת אלון תבור,IL,גבינת נפוליאון,גרמים,225.00,100 גרם,false,0,15.00,6.67,true,1,
7290004129156,false,גב.נפולאון שום-שמיר 225ג,מחלבת אלון תבור,IL,גבינת נפוליאון,גרמים,225.00,100 גרם,false,0,15.00,6.67,true,1,
7290004129767,false,יופלה לבן 3% 150*8גרם,מחלבת אלון תבור,IL,יופלה לבן  3%,קילוגרמים,1.20,"ק""ג",false,0,18.40,15.33,true,1,
7290004130794,false,משקה סויה במתיקות מופחתת,סוי מג'יק,IL,משקה סויה,ליטרים,1.00,ליטר,false,0,11.50,11.50,true,1,
7290004130916,false,יופלה פירות יער+שמנת150ג,תנובה בעמ,IL,יופלה פירות יער,גרמים,150.00,100 גרם,false,0,5.20,3.47,true,1,
7290004131074,false,חלב בקרטון 3% שומן 1 ל',,IL,חלב בקרטון 3%,ליטרים,1.00,ליטר,false,0,6.23,6.23,true,1,
7290004131456,false,יופלה לבן 1.5% 200 גרם,מחלבת אלון תבור,IL,יופלה לבן 1.5%,גרמים,200.00,100 גרם,false,0,4.00,2.00,true,1,
7290004131531,false,שוקו תנובה בקבוק 1 ליטר,תנובה,IL,שוקו בקבוק,ליטרים,1.00,ליטר,false,0,13.20,13.20,true,1,
7290004131814,false,פיראוס צפתית מעוד5% 200ג,תנובה,IL,צפתית 5% פיראוס,גרמים,200.00,100 גרם,false,0,15.90,7.95,true,1,
7290004132552,false,משקה סויה לייט 1ל,סוי מג'יק,IL,משקה סויה,ליטרים,1.00,ליטר,false,0,11.90,11.90,true,1,
7290004132712,false,אצבעות גב.מוצרלה 21.5*8ג,תנובה,IL,אצבעות מוצרלה,גרמים,172.00,100 גרם,false,0,17.40,10.12,true,1,
7290004133511,false,יופלה לבן מעוד1.5% 150*8,מחלבת אלון תבור,IL,יופלה מעודן 8 יח,קילוגרמים,1.20,"ק""ג",false,0,20.90,17.42,true,1,
7290004134945,false,יופלה מוקה 3% שומן 150 ג,תנובה בעמ,IL,יופלה מוקה 3%,גרמים,150.00,100 גרם,false,0,5.20,3.47,true,1,
7290004135225,false,מעדן דיאט שוקולד0.2% 150,מחלבת אלון תבור,IL,מעדן דיאט שוקולד,גרמים,150.00,100 גרם,false,0,4.00,2.67,true,1,
7290004135324,false,בולגרית מעודנת 5% משקל,תנובה,IL,פיראוס בולגרית,קילוגרמים,0.00,"ק""ג",true,0,52.00,52.00,true,1,
7290004135614,false,בולג.מעוד.פיראוס 5% 250ג,תנובה,IL,בולגרית מעודנת5%,גרמים,250.00,100 גרם,false,0,22.60,9.04,true,1,
7290004136598,false,מארז הפסקת אוכל,תנובה,IL,חלב עם דגנים,יחידה,1.00,יחידה,false,0,9.90,9.90,true,1,
7290004136857,false,מעדן ג'לי פטל 125 גרם,סוי מג'יק,IL,מעדן ג'לי פטל,גרמים,125.00,100 גרם,false,0,2.70,2.16,true,1,
7290004136864,false,מעדן ג'לי אננס+חתיכות125,סוי מג'יק,IL,מעדן ג'לי אננס,גרמים,125.00,100 גרם,false,0,2.90,2.32,true,1,
7290004136871,false,מעדן ג'לי אפרסק+חתיכ125.,סוי מג'יק,IL,מעדן ג'לי אפרסק,גרמים,125.00,100 גרם,false,0,2.90,2.32,true,1,
7290004137021,false,שמנת לבישול 10%שומן250מ,תנובה,IL,שמנת לבישול10%,מיליליטרים,250.00,"100 מ""ל",false,0,8.30,3.32,true,1,
7290004137311,false,גבינת עמק 9% 400 גרם,תנובה,IL,גבינת עמק 9%,גרמים,400.00,100 גרם,false,0,30.90,7.73,true,1,
7290004150129,false,טחינה ביתית 300 גרם,"סלטי שמיר 2006 בע""\מ",IL,טחינה ביתית,גרמים,300.00,100 גרם,false,1,15.90,5.30,true,1,
7290004150143,false,חציל במיונז 300 גרם,"סלטי שמיר 2006 בע""\מ",IL,חציל במיונז,גרמים,300.00,100 גרם,false,1,15.90,5.30,true,1,
7290004150150,false,חציל בטחינה 300 גרם,"סלטי שמיר 2006 בע""\מ",IL,חציל בטחינה,גרמים,300.00,100 גרם,false,1,15.90,5.30,true,1,
7290004150167,false,"תפו""א במיונז","סלטי שמיר 2006 בע""\מ",IL,"תפו""א במיונז",גרמים,300.00,100 גרם,false,1,15.90,5.30,true,1,
7290004150181,false,סלט חמוצים סיני 300 גרם,"סלטי שמיר 2006 בע""\מ",IL,חמוצים סיני,גרמים,300.00,100 גרם,false,1,15.90,5.30,true,1,
7290004150204,false,מטבוחה 300 גרם,"סלטי שמיר 2006 בע""\מ",IL,מטבוחה,גרמים,300.00,100 גרם,false,1,15.90,5.30,true,1,
7290004150211,false,תורכי איסטנבול 300 ג,"סלטי שמיר 2006 בע""\מ",IL,תורכי איסטנבול,גרמים,300.00,100 גרם,false,1,15.90,5.30,true,1,
7290004150228,false,כרוב אדום,"סלטי שמיר 2006 בע""\מ",IL,כרוב אדום,גרמים,300.00,100 גרם,false,1,15.90,5.30,true,1,
7290004150235,false,חומוס עם חריף 300 גרם,"סלטי שמיר 2006 בע""\מ",IL,חומוס עם חריף,גרמים,300.00,100 גרם,false,1,15.90,5.30,true,1,
7290004150372,false,חומוס עם וואסבי 300 גרם,"סלטי שמיר 2006 בע""\מ",IL,חומוס עם וואסבי,גרמים,300.00,100 גרם,false,1,15.90,5.30,true,1,
7290004165017,false,"רסק תפו""ע ללת""ס 560 גרם","זנלכל בע""\מ",IL,"רסק תפו""ע ללת""ס",גרמים,560.00,100 גרם,false,0,8.90,1.59,true,1,
7290004170066,false,לחם כוסמין 470 גרם,גידרון,IL,לחם כוסמין,גרמים,470.00,100 גרם,false,1,19.90,4.23,true,1,
7290004170080,false,קרנץ שוקולד קינמון 450גר,,IL,עוגת קראנץ,גרמים,450.00,100 גרם,false,1,28.50,6.33,true,1,
7290004170097,false,עוגת קרנץ' שוקולד 450גרם,,IL,עוגת קרנץ שוקולד,גרמים,450.00,100 גרם,false,1,28.50,6.33,true,1,
7290004219079,false,לבבות דקל פרוסות 400 גרם,אלימנטוס אי קונסרבס דל א,EC,לבבות דקל פרוס,גרמים,400.00,100 גרם,false,0,11.50,2.88,true,1,
7290004225025,false,סגנון פטה,,IL,סגנון פטה,קילוגרמים,0.00,"ק""ג",true,0,39.00,39.00,true,1,
7290004225278,false,בסגנון דנבלו,,IL,בסגנון דנבלו,קילוגרמים,0.00,"ק""ג",true,0,69.00,69.00,true,1,
7290004225285,false,בסגנון דנאבלו,,DK,בסגנון דנאבלו,גרמים,100.00,100 גרם,false,0,12.90,12.90,true,1,
7290004230104,false,קציצות בקר ברוטב עגבניות,טיבון ויל אחזקות בעמ,IL,קציצות בקר ברוטב,גרמים,800.00,100 גרם,false,14,32.90,4.11,true,1,
7290004230357,false,מקלות בורקס פילו בטטה,שגב,IL,מקלות בורקס,גרמים,600.00,100 גרם,false,0,21.90,3.65,true,1,
7290004230364,false,מקלות בורקס פילו צרפתי 6,נטו,IL,מקלות בורקס פילו,גרמים,600.00,100 גרם,false,0,21.90,3.65,true,1,
7290004256180,false,גאודה הולנדית30.3% משקל,וויסר קאשנדל בי.וי,NL,גבינת גאודה,קילוגרמים,0.00,"ק""ג",true,1,109.00,109.00,true,1,
7290004256197,false,גאודה הולנד עז30.6%משקל,וויסר קאשנדל בי.וי,NL,גאודה עיזים,קילוגרמים,0.00,"ק""ג",true,1,139.00,139.00,true,1,
7290004324858,false,קבב בטעם כבש 500 גרם,טיבון ויל - נטו,IL,קבב בטעם כבש,גרמים,500.00,100 גרם,false,0,21.90,4.38,true,1,
7290004480332,false,גבינת גאודה30%משולש משקל,מחלבות גד,IL,גבינת גאודה,קילוגרמים,0.00,"ק""ג",true,1,115.00,115.00,true,1,
7290004480349,false,גאודה עיזים30%משולש משקל,מחלבות גד,IL,גאודה עיזים,קילוגרמים,0.00,"ק""ג",true,1,134.00,134.00,true,1,
7290004494148,false,"דלתון גליל מרלו 750 מ""ל","יקב דלתון בע""\מ",IL,מרלו דלתון,מיליליטרים,750.00,"100 מ""ל",false,0,59.90,7.98,true,1,
7290004504229,false,מוצרי מאפה פרימיום לקג,גידרון,IL,מאפה פרימיום,קילוגרמים,0.00,"ק""ג",true,1,42.00,42.00,true,1,
7290004504755,false,לחם שיפון קפוא 550 גרם,גידרון,IL,לחם שיפון,יחידה,1.00,יחידה,false,1,10.50,10.50,true,1,
7290004504762,false,לחם קמח מלא קפוא 550 גרם,גידרון,IL,לחם קמח מלא,גרמים,550.00,100 גרם,false,1,10.50,1.91,true,1,
7290004554354,false,גל.פנטסיה שוקו-וניל חלבי,"גלידת שטראוס בע""\מ, רחוב",IL,"גלידת ""פנטסיה""",ליטרים,1.00,ליטר,false,0,26.50,26.50,true,1,
7290004554903,false,גל.פנטזיה פרווה 1 ליטר,"גלידת שטראוס בע""\מ, רחוב",IL,גל.פנטזיה פרווה,מיליליטרים,1000.00,"100 מ""ל",false,0,26.50,2.65,true,1,
7290004584351,false,גב.סימפוניה 5% 200 גרם,"שטראוס בריאות בע""\מ",IL,גבינת סימפוניה,גרמים,200.00,100 גרם,false,0,12.40,6.20,true,1,
7290004584528,false,יוגורט ביו 1.7%דנונה200ג,"שטראוס בריאות בע""\מ",IL,יוגורט ביו 1.7%,גרמים,200.00,100 גרם,false,0,3.70,1.85,true,1,
7290004585907,false,דני וניל 1.5% שומן 125 ג,"שטראוס גרופ בע""\מ",IL,דני וניל 1.5%,גרמים,125.00,100 גרם,false,0,2.70,2.16,true,1,
7290004603175,false,מלח ים גס 500 גרם,"חברת מלח הארץ אילת בע""\מ",IL,מלח ים גס,גרמים,500.00,100 גרם,false,0,8.40,1.68,true,1,
7290004639006,false,קוסקוס ביתי מוקפא 800 גר,מטעמי פאר,IL,קוסקוס מוקפא,גרמים,800.00,100 גרם,false,0,17.90,2.24,true,1,
7290004658953,false,"סוביניון בלאן P.C 750מ""ל",יקבי כרמל,IL,סוביניון בלאן,מיליליטרים,750.00,"100 מ""ל",false,0,39.90,5.32,true,1,
7290004658960,false,"אמרלד ריזלינג P.C 750מ""ל",אגודת הכורמים הקואופרטיב,IL,אמרלד ריזלינג,מיליליטרים,750.00,"100 מ""ל",false,0,39.90,5.32,true,1,
7290004685010,false,שיפון פלוס לחם הארץ 500ג,"י.את.א.ברמן בע""\מ",IL,לחם שיפון פלוס,גרמים,500.00,100 גרם,false,0,17.90,3.58,true,1,
7290004685089,false,לחם חמניות 500 גרם,מאפית ברמן,IL,לחם חמניות,גרמים,500.00,100 גרם,false,0,17.90,3.58,true,1,
7290004685126,false,לחם הארץ חמישה דגנים750ג,"י.את.א.ברמן בע""\מ",IL,לחם הארץ 5 דגנים,גרמים,750.00,100 גרם,false,0,17.90,2.39,true,1,
7290004685157,false,לחם שיפון 100%פרוס 750ג,"י.את.א.ברמן בע""\מ",IL,לחם שיפון פרוס,גרמים,750.00,100 גרם,false,0,17.90,2.39,true,1,
7290004685195,false,לחם 10 דגנים פרוס 750גרם,"י.את.א.ברמן בע""\מ",IL,לחם 10 דגנים,גרמים,750.00,100 גרם,false,0,17.90,2.39,true,1,
7290004685225,false,לחם פומפרניקל 750 גרם,"י.את.א.ברמן בע""\מ",IL,לחם פומפרניקל,גרמים,750.00,100 גרם,false,0,17.90,2.39,true,1,
7290004685430,false,לחם הארץ כוסמין100% 500ג,"י.את.א.ברמן בע""\מ",IL,לחם הארץ כוסמין,גרמים,500.00,100 גרם,false,1,17.90,3.58,true,1,
7290004685447,false,לחמניות כוסמין 6יח 450ג,מאפית ברמן מקבוצת י. את,IL,לחמניות כוסמין,גרמים,450.00,100 גרם,false,1,16.50,3.67,true,1,
7290004725600,false,גבינה סקנדינבית31% משקל,תנובה,IL,גבינה סקנדינבית,קילוגרמים,0.00,"ק""ג",true,1,78.00,78.00,true,1,
7290004725846,false,גאודה קולקשיין במשקל,תנובה,IL,גבינת גאודה,קילוגרמים,0.00,"ק""ג",true,1,79.00,79.00,true,1,
7290004731083,false,אל סבון כיף ג'ינסנג1ליטר,קוסמופארם בע'\'\מ,IL,אל סבון כיף,ליטרים,1.00,ליטר,false,0,12.90,12.90,true,1,
7290004731472,false,אלסבון כיף צבעוני 500*3מ,קוסמופארם בע'\'\מ,IL,אלסבון כיף 3 יח,ליטרים,1.50,ליטר,false,0,19.90,13.26,true,1,
7290004731670,false,דואו פרש פצ'ולי לבנדר300,"סנו מפעלי ברונוס בע""\מ",IL,סנו דואו פרש,מיליליטרים,300.00,"100 מ""ל",false,0,12.90,4.30,true,1,
7290004737719,false,אספרגוס מקולף,,CN,אספרגוס מקולף,גרמים,330.00,100 גרם,false,0,10.90,3.30,true,1,
7290004846909,false,המבורגר אסאדו 400 גרם,המבורגר אסאדו מוצר בשר ב,IL,המבורגר אסאדו,גרמים,400.00,100 גרם,false,1,31.90,7.98,true,1,
7290004846916,false,המבורגר אנטריקוט 400 גרם,"זהר בשר עופות ובשר בע""\מ",IL,המבורגר אנטריקוט,גרמים,400.00,100 גרם,false,1,31.90,7.98,true,1,
7290004859664,false,עוף שלם טרי ארוז,מילועוף,IL,עוף שלם טרי ארוז,קילוגרמים,0.00,"ק""ג",true,0,19.90,19.90,true,1,
7290004859671,false,חזה עוף טרי ארוז,מילועוף,IL,חזה עוף טרי,קילוגרמים,0.00,"ק""ג",true,0,34.90,34.90,true,1,
7290004859688,false,כרעי עוף טרי ארוז,מילועוף,IL,כרעי עוף טרי,קילוגרמים,0.00,"ק""ג",true,0,29.90,29.90,true,1,
7290004859695,false,ירכי עוף טרי ארוז,מילועוף,IL,ירכיים עוף טרי,קילוגרמים,0.00,"ק""ג",true,0,29.90,29.90,true,1,
7290004859701,false,שוקי עוף טרי ארוז,מילועוף,IL,שוקיים עוף טרי,קילוגרמים,0.00,"ק""ג",true,0,34.90,34.90,true,1,
7290004859725,false,כבד עוף טרי ארוז,מילועוף,IL,כבד עוף ארוז,קילוגרמים,0.00,"ק""ג",true,0,21.90,21.90,true,1,
7290004859756,false,שניצל עוף טרי ארוז,מילועוף,IL,שניצל עוף טרי,קילוגרמים,0.00,"ק""ג",true,0,37.90,37.90,true,1,
7290004861025,false,גבינה בולגרית 5% במשקל,מחלבת מושבה,IL,גבינה בולגרית,קילוגרמים,0.00,"ק""ג",true,0,60.00,60.00,true,1,
7290004861285,false,טבורוג 9% במשקל,מחלבת מושבה,IL,טבורוג 9%,קילוגרמים,0.00,"ק""ג",true,0,45.00,45.00,true,1,
7290004982355,false,טריפל צ'דר במשקל,כושר דיירי,GB,גבינת צ'דר,קילוגרמים,0.00,"ק""ג",true,1,140.00,140.00,true,1,
7290004982393,false,גבינת ברס בלו,,FR,גבינת ברס בלו,קילוגרמים,0.00,"ק""ג",true,0,198.00,198.00,true,1,
7290005008481,false,דאו.ספיד סטיק ג'ל ספורט,קולגייט פלמוליב,US,ספיד סטיק ג'ל,גרמים,85.00,100 גרם,false,0,15.90,18.71,true,1,
7290005068058,false,תירס קל 550 גרם,פרי הגליל בעמ,IL,תירס קל,גרמים,550.00,100 גרם,false,0,8.90,1.62,true,1,
7290005082962,false,פרצל אפוי .,גידרון,IL,פרצל,יחידה,1.00,יחידה,false,0,5.90,5.90,true,1,
7290005082979,false,חלה דגנים קלועה 560 גרם,גידרון,IL,חלה דגנים קלועה,גרמים,560.00,100 גרם,false,0,13.50,2.41,true,1,
7290005084355,false,משח.סנסודיין דואל קייר75,MICLEN DE,GB,משחת שיניים,מיליליטרים,75.00,"100 מ""ל",false,0,22.90,30.53,true,1,
7290005095245,false,נרות שבת 72 יחידות,HQP,CN,נרות שבת,יחידה,1.00,יחידה,false,0,30.30,30.30,true,1,
7290005095344,false,נר נשמה שבועי,סין,CN,נר נשמה שבועי,יחידה,1.00,יחידה,false,1,12.90,12.90,true,1,
7290005095405,false,נר נשמה 72 שעות,סין,CN,נר נשמה 72שעות,יחידה,1.00,יחידה,false,0,5.90,5.90,true,1,
7290005095443,false,נר נשמה 48 שעות,,IL,נר נשמה 48 שעות,יחידה,1.00,יחידה,false,0,6.40,6.40,true,1,
7290005095474,false,נרות שבת 6 יחידות,HQP,CN,נרות שבת,יחידה,1.00,יחידה,false,1,4.70,4.70,true,1,
7290005095801,false,עמבה,,IL,עמבה,גרמים,500.00,100 גרם,false,0,17.50,3.50,true,1,
7290005095931,false,נרות שבת 20 יחידות,משווק על ידי HQP,CN,נרות שבת,יחידה,1.00,יחידה,false,1,4.70,4.70,true,1,
7290005113222,false,מיקס זיתים,,IL,מיקס זיתים,גרמים,340.00,100 גרם,false,0,11.60,3.41,true,1,
7290005174513,false,חציל במיונז אחלה 500 גרם,"שטראוס גרופ בע""\מ",IL,סלט חציל מיונז,גרמים,500.00,100 גרם,false,0,16.90,3.38,true,1,
7290005174551,false,חומוס יום יום 125 גרם,"שטראוס גרופ בע""\מ",IL,חומוס יום יום,גרמים,125.00,100 גרם,false,0,5.70,4.56,true,1,
7290005174575,false,טחינה יום יום 125 גרם,"שטראוס גרופ בע""\מ",IL,טחינה יום יום,גרמים,125.00,100 גרם,false,0,5.70,4.56,true,1,
7290005200786,false,תפוצ'יפס ט.שמנת ובצל50גר,"שטראוס פריטו ליי בע""\מ )",IL,תפוצ'יפס שמנת,גרמים,50.00,100 גרם,false,0,4.30,8.60,true,1,
7290005201882,false,קפה טורקי בצלופן 200 גרם,שטראוס קפה בי.ויn\.,IL,קפה טורקי בצלופן,גרמים,200.00,100 גרם,false,0,17.90,8.95,true,1,
7290005287206,false,טונה סטארקיסט בשמן160*4ג,סטארקיסט,VN,טונה סטארקיסט4יח,גרמים,640.00,100 גרם,false,0,25.90,4.05,true,1,
7290005287251,false,טונה סטארקיסט במים160*4ג,סטארקיסט,VN,טונה סטארקיסט4יח,גרמים,640.00,100 גרם,false,0,25.90,4.05,true,1,
7290005287657,false,ממרח טונה סטארקיסט160גרם,סטארקיסט,TH,ממרח טונה,גרמים,160.00,100 גרם,false,0,6.50,4.06,true,1,
7290005296260,false,"אסטוניש רסס ונגב 750 מ""ל",אסטוניש,GB,אסטוניש רסס נגב,מיליליטרים,750.00,"100 מ""ל",false,0,14.90,1.99,true,1,
7290005423253,false,"מקסימה למייבש פרש 750מ""ל","סנו מפעלי ברונוס בע""\מ",IL,מקסימה למייבש,מיליליטרים,750.00,"100 מ""ל",false,0,15.90,2.12,true,1,
7290005423635,false,ריצפז פלוס דוחה תיקנים2ל,סנו מפעלי ברונוס בעמ,IL,ריצפז דוחה חרקים,ליטרים,2.00,ליטר,false,0,25.90,12.95,true,1,
7290005423833,false,פוליויקס פרקט 2 ליטר,"סנו מפעלי ברונוס בע""\מ",IL,פוליויקס פרקט,ליטרים,2.00,ליטר,false,0,24.90,12.45,true,1,
7290005424403,false,אל סבון כיף אצות ים1ליטר,קוסמופארם בע'\'\מ,IL,אל סבון כיף,ליטרים,1.00,ליטר,false,0,12.90,12.90,true,1,
7290005424700,false,סנו פורטה פלוס 1 ליטר,"סנו מפעלי ברונוס בע""\מ",IL,סנו פורטה פלוס,ליטרים,1.00,ליטר,false,1,19.90,19.90,true,1,
7290005425110,false,מחטא ומשמיד חיידקים750,"סנו מפעלי ברונוס בע""\מ",IL,מחטא משטחים סנו,מיליליטרים,750.00,"100 מ""ל",false,1,16.90,2.25,true,1,
7290005425196,false,אבקת מקסימה סנסיטיב2.5קג,סנו מפעלי ברונוס בעמ,IL,אבקת כביסה,קילוגרמים,2.50,"ק""ג",false,0,28.90,11.56,true,1,
7290005425646,false,סנוקליר ניקוי חלונות 1ל',"סנו מפעלי ברונוס בע""\מ",IL,סנוקליר 1 ליטר,ליטרים,1.00,ליטר,false,0,11.10,11.10,true,1,
7290005426568,false,ק.לחות קרמה שיער רגיל400,קוסמופארם בע'\'\מ,IL,קרם לחות קרמה,מיליליטרים,400.00,"100 מ""ל",false,0,20.80,5.20,true,1,
7290005430602,false,אוקסיג'ן מ.כתמים,,IL,אוקסיג'ן מ.כתמים,מיליליטרים,750.00,"100 מ""ל",false,0,15.90,2.12,true,1,
7290005431159,false,תותים בקצפת לייט 80 גרם,עדן קינוחים,IL,תותים בקצפת לייט,גרמים,80.00,100 גרם,false,1,7.70,9.63,true,1,
7290005431883,false,מלבי חלבי 165 גרם,עדן קינוחים,IL,מלבי,גרמים,165.00,100 גרם,false,1,7.70,4.67,true,1,
7290005431906,false,קדאיף 82 גרם,עדן קינוחים,IL,קדאיף,גרמים,82.00,100 גרם,false,1,7.70,9.39,true,1,
7290005431913,false,עוגת גבינה פירורים 92 גר,עדן קינוחים,IL,עוגת גבינה,גרמים,92.00,100 גרם,false,1,7.70,8.37,true,1,
7290005431968,false,מלבי שמנת 150 גרם,עדן קינוחים,IL,מלבי שמנת,גרמים,150.00,100 גרם,false,1,7.70,5.13,true,1,
7290005559587,false,מאפה נקניקיות 800 גרם,"מעדנות בע""\מ",IL,מאפה נקניקיות,גרמים,800.00,100 גרם,false,0,32.40,4.05,true,1,
7290005559907,false,פיצה משפחתית גבינה 500גר,"מעדנות בע""\מ",IL,פיצה משפחתית,גרמים,500.00,100 גרם,false,0,24.90,4.98,true,1,
7290005559914,false,פיצה משפחתית זיתים 550גר,"מעדנות בע""\מ",IL,פיצה משפחתית,גרמים,550.00,100 גרם,false,0,25.90,4.71,true,1,
7290005559990,false,בצק פילאס תורקי 600 גרם,"מעדנות בע""\מ",IL,בצק פילאס תורכי,גרמים,600.00,100 גרם,false,0,25.90,4.32,true,1,
7290005569029,false,שום קלוף 170גרם,יגור חקלאות ועסקים,IL,שום קלוף 170גרם,גרמים,170.00,100 גרם,false,0,10.90,6.41,true,1,
7290005590207,false,עוף שלם טרי ארוז שלי קג,עוף הגליל,IL,עוף שלם טרי,קילוגרמים,0.00,"ק""ג",true,1,19.90,19.90,true,1,
7290005590214,false,כרעיים עוף טרי ארוז שלי,עוף הגליל,IL,כרעיים עוף טרי,קילוגרמים,0.00,"ק""ג",true,1,29.90,29.90,true,1,
7290005590221,false,קוקטייל עוף ארוז שלי קג,עוף הגליל,IL,קוקטייל עוף טרי,קילוגרמים,0.00,"ק""ג",true,1,29.90,29.90,true,1,
7290005590238,false,שוקיים עוף טרי ארוז שלי,עוף הגליל,IL,שוקיים עוף טרי,קילוגרמים,0.00,"ק""ג",true,1,34.90,34.90,true,1,
7290005590269,false,פילה עוף טרי ארוז שלי לק,עוף הגליל,IL,פילה עוף טרי,קילוגרמים,0.00,"ק""ג",true,1,34.90,34.90,true,1,
7290005590283,false,שווארמה עוף טרי ארוז שלי,עוף הגליל,IL,שווארמה עוף טרי,קילוגרמים,0.00,"ק""ג",true,1,64.90,64.90,true,1,
7290005590320,false,חזה עוף טרי ארוז שלי קג,עוף הגליל,IL,חזה עוף טרי,קילוגרמים,0.00,"ק""ג",true,1,34.90,34.90,true,1,
7290005678318,false,ענבים אוטום קריספ,קטיף.,IL,ענב אוטום קריספ,קילוגרמים,0.00,"ק""ג",true,1,26.90,26.90,true,1,
7290005678387,false,ענב אוטום רויאל -שחור,מושב לכיש,IL,ענב אוטום-שחור,קילוגרמים,0.00,"ק""ג",true,0,23.90,23.90,true,1,
7290005678417,false,ענבים ווינטר קינג,קטיף.,IL,ענב ווינטר קינג,קילוגרמים,0.00,"ק""ג",true,1,26.90,26.90,true,1,
7290005678585,false,ענבים סקרלוטה ללא חרצן,מושב לכיש,IL,ענבים סקרלוטה,קילוגרמים,0.00,"ק""ג",true,0,17.90,17.90,true,1,
7290005678868,false,פלפל חריף חלפיניו,קטיף.,IL,פלפל חריף חלפיני,גרמים,200.00,100 גרם,false,1,9.90,4.95,true,1,
7290005680052,false,טמפוני או-בה סופר + 32יח,ג'ונסון,GR,טמפוני או-בה,יחידה,1.00,יחידה,false,0,25.90,25.90,true,1,
7290005838002,false,דניאלה מעדן גבינה 88 גרם,"שטראוס גרופ בע""\מ",IL,מעדן דניאלה,גרמים,88.00,100 גרם,false,0,4.30,4.89,true,1,
7290005838613,false,סקי מעדן גבינה וניל 125ג,"שטראוס בריאות בע""\מ",IL,סקי מעדן גבינה,גרמים,125.00,100 גרם,false,0,3.70,2.96,true,1,
7290005838972,false,גב.סקי 5% 125 גרם,"שטראוס בריאות בע""\מ",IL,גבינת סקי,גרמים,125.00,100 גרם,false,0,3.30,2.64,true,1,
7290005839078,false,דנונה ביו 3% 150*8 גרם,"שטראוס בריאות בע""\מ",IL,דנונה ביו 8 יח,קילוגרמים,1.20,"ק""ג",false,0,17.60,14.67,true,1,
7290005839108,false,גב.סימפוניה +5%זיתים200ג,"שטראוס בריאות בע""\מ",IL,גבינת סימפוניה,גרמים,200.00,100 גרם,false,0,12.40,6.20,true,1,
7290005839313,false,מילקי טופ שוקול.מגולג170,"שטראוס גרופ בע""\מ",IL,מילקי טופ,מיליליטרים,170.00,"100 מ""ל",false,0,5.00,2.94,true,1,
7290005896439,false,בירה מכבי,,IL,בירה מכבי,מיליליטרים,500.00,"100 מ""ל",false,0,7.00,1.40,true,1,
7290005938245,false,פסטו קלאסי 220 גרם,נטו,IL,פסטו קלאסי,גרמים,220.00,100 גרם,false,0,19.90,9.05,true,1,
7290005992018,false,יוגורט עיזים מלא 3% 500מ,"מיוצר ע""\י קוד יצרן MKN",IL,יוגורט חלב עיזים,מיליליטרים,500.00,"100 מ""ל",false,0,13.10,2.62,true,1,
7290005992247,false,חלומי גד,,IL,חלומי גד,קילוגרמים,0.00,"ק""ג",true,0,92.00,92.00,true,1,
7290005992575,false,גב.בולגרית למריחה5% 250ג,מחלבות גד,IL,בולגרית למריחה,גרמים,250.00,100 גרם,false,0,18.20,7.28,true,1,
7290005992735,false,גבינת לאבנה 5%שומן 250ג,"מחלבות גד בע""\מ",IL,גבינת לאבנה גד5%,גרמים,250.00,100 גרם,false,0,12.90,5.16,true,1,
7290005992858,false,פטה עיזים5% משקל,,IL,פטה עיזים5% משקל,קילוגרמים,0.00,"ק""ג",true,0,134.00,134.00,true,1,
7290005992872,false,גב.צפתית במים 5% במשקל,מחלבות גד,IL,גבינה צפתית 5%,קילוגרמים,0.00,"ק""ג",true,0,68.00,68.00,true,1,
7290005992889,false,גב.שמנת שום שמיר 30%משקל,מחלבות גד,IL,גבינת שמנת שום,קילוגרמים,0.00,"ק""ג",true,0,52.00,52.00,true,1,
7290005996979,false,סלמי פרח 200 גרם,מעדני יחיעם (1993) בעמ,IL,סלמי פרח 200 גרם,גרמים,200.00,100 גרם,false,1,27.90,13.95,true,1,
7290006199027,false,שלגון וניל מצופה תות,פלקו בעמ,IL,שלגוני וניל מצופ,גרמים,600.00,100 גרם,false,0,34.90,5.82,true,1,
7290006199218,false,גלידל קפוצ'ינו 8יח,פלקו בעמ,IL,גלידל קפוצ'ינו,גרמים,400.00,100 גרם,false,0,34.90,8.73,true,1,
7290006251107,false,תה מסאלה צ'אי 25שק2*גרם,תה ויסוצקי,IL,תה צ'אי מסאלה,גרמים,50.00,100 גרם,false,0,19.90,39.80,true,1,
7290006251275,false,תה ירוק סיני25 שק1.5Xגרם,ויסוצקי,IL,תה ירוק סיני,גרמים,37.00,100 גרם,false,0,26.90,72.70,true,1,
7290006251282,false,חליטת קרנברי ג.קסום25ש3*,ויסוצקי,IL,חליטת חמוציות,גרמים,75.00,100 גרם,false,0,19.90,26.53,true,1,
7290006251374,false,תה ירוק לימונית+ג'ינגר25,ויסוצקי,IL,תה ירוק לימונית,גרמים,37.00,100 גרם,false,0,26.90,72.70,true,1,
7290006251589,false,תה ירוק נענע 50שק1.5*גרם,בית ויסוצקי,IL,תה ירוק נענע,גרמים,75.00,100 גרם,false,0,48.50,64.67,true,1,
7290006256775,false,"גאטו נגרו מלבק 750 מ""ל",פינקה לה סליה,AR,גאטו נגרו מלבק,מיליליטרים,750.00,"100 מ""ל",false,0,44.90,5.99,true,1,
7290006271174,false,ג'חנון בצק מעדנות 700גרם,"מעדנות בע""\מ",IL,ג'חנון בצק,גרמים,700.00,100 גרם,false,0,20.60,2.94,true,1,
7290006271181,false,ג'חנון אפוי מעדנות 750גר,"מעדנות בע""\מ",IL,ג'חנון אפוי,גרמים,750.00,100 גרם,false,0,28.70,3.83,true,1,
7290006271655,false,מיני בורקס גבינה 800 גרם,"מעדנות בע""\מ",IL,מיני בורקס גבינה,גרמים,800.00,100 גרם,false,1,28.90,3.61,true,1,
7290006272072,false,חטיפי פיצה גבינה 650 ג ק,"מעדנות בע""\מ",IL,חטיפי פיצה גבינה,גרמים,650.00,100 גרם,false,1,36.90,5.68,true,1,
7290006272430,false,בצק עלים חמאה 600 גרם,"מעדנות בע""\מ",IL,בצק עלים חמאה,גרמים,600.00,100 גרם,false,0,31.60,5.27,true,1,
7290006306302,false,רביולי פרמזן ריקוטה400גר,דורום תעשיות מזון ופסטה,IL,רביולי גבינה,גרמים,400.00,100 גרם,false,0,25.90,6.48,true,1,
7290006374738,false,קונפיטורה תות 340 גרם,"ב.א. מזון בע""\מ",IL,קונפיטורה תות,גרמים,340.00,100 גרם,false,0,15.80,4.65,true,1,
7290006391025,false,ביגלה ירושלמי,גידרון,IL,ביגלה ירושלמי,יחידה,1.00,יחידה,false,0,5.90,5.90,true,1,
7290006492432,false,גבינה מוצרלה בייבי 150גר,מחלבות גד,IL,גבינה מוצרלה,גרמים,150.00,100 גרם,false,0,15.30,10.20,true,1,
7290006492616,false,פרוסות גב. בולגר5%. 250ג,מחלבות גד,IL,גבינה בולגרית,גרמים,250.00,100 גרם,false,0,27.50,11.00,true,1,
7290006492685,false,לאבנה עיזים 5%שומן 250גר,מחלבות גד,IL,לאבנה עיזים גד,גרמים,250.00,100 גרם,false,0,18.80,7.52,true,1,
7290006492852,false,גבינה לבנה 5% עיזים 250ג,מחלבות גד,IL,גבינת עיזים גד,גרמים,250.00,100 גרם,false,0,18.50,7.40,true,1,
7290006492913,false,ציזיקי למריחה,,IL,ציזיקי למריחה,גרמים,250.00,100 גרם,false,0,14.90,5.96,true,1,
7290006511157,false,פטריות שלמות,,PL,פטריות שלמות,גרמים,400.00,100 גרם,false,0,8.90,2.23,true,1,
7290006567048,false,פתיתי קוסקוס 350 גרם,קוסקוס מזון,IL,פתיתי קוסקוס,גרמים,350.00,100 גרם,false,0,8.80,2.51,true,1,
7290006618078,false,אסטוניש מרסס למטבח 750מ,אסטוניש,GB,אסטוניש מרסס,מיליליטרים,750.00,"100 מ""ל",false,0,14.90,1.99,true,1,
7290006618146,false,הפי מדליק פחם נוזלי 500מ,פרייק,NL,הפי מדליק פחם,מיליליטרים,500.00,"100 מ""ל",false,0,20.30,4.06,true,1,
7290006644480,false,"תפוזינה תפוז 500 מ""ל","יפאורה תבורי בע""\מ",IL,תפוזינה תפוז,מיליליטרים,500.00,"100 מ""ל",false,0,5.90,1.18,true,1,
7290006644510,false,"תפוזינה ענבים 500 מ""ל","יפאורה תבורי בע""\מ",IL,תפוזינה ענבים,מיליליטרים,500.00,"100 מ""ל",false,0,5.90,1.18,true,1,
7290006644527,false,"תפוזינה תות בננה 500 מ""ל","יפאורה תבורי בע""\מ",IL,תפוזינה תות בננה,מיליליטרים,500.00,"100 מ""ל",false,0,5.90,1.18,true,1,
7290006652027,false,במבה מארז 20 * 15 גרם,"אסם השקעות בע""\מ",IL,במבה 20 יח',גרמים,300.00,100 גרם,false,0,25.90,8.63,true,1,
7290006653765,false,פטוציני פרפקטו 500 גרם,פסטה זארה,IT,פטוציני פרפקטו,גרמים,500.00,100 גרם,false,0,6.90,1.38,true,1,
7290006653819,false,קוסקוס דק 350 גרם,קוסקוס מזון,IL,קוסקוס דק,גרמים,350.00,100 גרם,false,0,8.80,2.51,true,1,
7290006664051,false,"אקטימל לבן 100*14 מ""ל","שטראוס בריאות בע""\מ",IL,אקטימל מארז14יח',ליטרים,1.40,ליטר,false,0,32.60,23.29,true,1,
7290006664402,false,גבינת סקי5% 750 גרם,"שטראוס בריאות בע""\מ",IL,גבינת סקי5%,גרמים,750.00,100 גרם,false,0,14.94,1.99,true,1,
7290006664532,false,דנונה תות 3% 150 גרם,"שטראוס גרופ בע""\מ",IL,דנונה תות 3%,גרמים,150.00,100 גרם,false,0,3.90,2.60,true,1,
7290006664655,false,"אקטימל לבן 100*8 מ""ל","שטראוס גרופ בע""\מ",IL,אקטימל לבן 8 יח,מיליליטרים,800.00,"100 מ""ל",false,0,22.70,2.84,true,1,
7290006664693,false,דנונה אפרסק 3% 150 גרם,"שטראוס גרופ בע""\מ",IL,דנונה אפרסק %3,גרמים,150.00,100 גרם,false,0,3.90,2.60,true,1,
7290006664990,false,דנונה ביו 1.7% 150*8גרם,"שטראוס גרופ בע""\מ",IL,דנונה ביו 8 יח',קילוגרמים,1.20,"ק""ג",false,0,17.60,14.67,true,1,
7290006666307,false,סלט חומוס 300 גרם,סלטי משני,IL,סלט חומוס,גרמים,300.00,100 גרם,false,0,13.90,4.63,true,1,
7290006666314,false,סלט טחינה אטרף 300 גרם,סלטי משני,IL,סלט טחינה משני,גרמים,300.00,100 גרם,false,0,13.90,4.63,true,1,
7290006666338,false,סלט טחינה ירוקה 300 גרם,סלטי משני,IL,סלט טחינה ירוקה,גרמים,300.00,100 גרם,false,0,15.80,5.27,true,1,
7290006666345,false,סלט חציל במיונז 300 גרם,סלטי משני,IL,סלט חציל במיונז,גרמים,300.00,100 גרם,false,0,21.70,7.23,true,1,
7290006666444,false,סלט מטבוחה 300 גרם,סלטי משני,IL,סלט מטבוחה,גרמים,300.00,100 גרם,false,0,21.70,7.23,true,1,
7290006666451,false,סלט סלסלה 300 גרם,סלטי משני,IL,סלט סלסלה,גרמים,300.00,100 גרם,false,0,20.50,6.83,true,1,
7290006666529,false,סלט פלפל מרוקאי 300 גרם,סלטי משני,IL,סלט פלפל מרוקאי,גרמים,300.00,100 גרם,false,0,22.90,7.63,true,1,
7290006681003,false,קרמיסימו פרווה תות לימון,"גלידת שטראוס בע""\מ, רחוב",IL,קרמיסימו פרווה ת,ליטרים,1.33,ליטר,false,0,21.90,16.47,true,1,
7290006707369,false,כרעי עוף טרי ארוז,עוף טוב,IL,כרעי עוף טרי,קילוגרמים,0.00,"ק""ג",true,0,29.90,29.90,true,1,
7290006707376,false,ירכי עוף טרי ארוז,עוף טוב,IL,ירכיים עוף טרי,קילוגרמים,0.00,"ק""ג",true,0,29.90,29.90,true,1,
7290006708847,false,חזה עוף טרי חצוי ארוז קג,עוף טוב,IL,חזה עוף טרי,קילוגרמים,0.00,"ק""ג",true,1,34.90,34.90,true,1,
7290006739247,false,פסטרמה איטלקית במשקל,זוגלובק,IL,פסטרמה איטלקית,קילוגרמים,0.00,"ק""ג",true,0,89.00,89.00,true,1,
7290006739414,false,סלמי קוניאק 300 גרם,זוגלובק,IL,סלמי קוניאק,גרמים,300.00,100 גרם,false,0,32.70,10.90,true,1,
7290006739445,false,שניצל תירס קלאסי 750 גרם,זוגלובק,IL,שניצל תירס,גרמים,750.00,100 גרם,false,0,28.70,3.83,true,1,
7290006742179,false,קבב מזרחי 400 גרם,זוגלובק,IL,קבב מזרחי,גרמים,400.00,100 גרם,false,0,22.90,5.73,true,1,
7290006742292,false,פסטרמה בדבש 330 גרם,זוגלובק,IL,פסטרמה בדבש,גרמים,330.00,100 גרם,false,0,29.90,9.06,true,1,
7290006748072,false,1 ע צ י ץ,פרחי ליידי דיאן,IL,1 ע צ י ץ,יחידה,1.00,יחידה,false,0,35.00,35.00,true,1,
7290006748089,false,תבלין 1 יחידה,,IL,תבלין 1,יחידה,1.00,יחידה,false,0,9.90,9.90,true,1,
7290006748096,false,זר סחלב,פרחי ליידי דיאן,IL,זר סחלב,יחידה,1.00,יחידה,false,0,50.00,50.00,true,1,
7290006748119,false,זר פרחים גרברה יחידה,שונות,IL,זר גרברה,יחידה,1.00,יחידה,false,0,59.00,59.00,true,1,
7290006748133,false,זר פרחים בינוני,פרחי ליידי דיאן,IL,זר פרחים בינוני,יחידה,1.00,יחידה,false,0,25.00,25.00,true,1,
7290006748157,false,זר מיוחד,פרחי ליידי דיאן,IL,זר מיוחד,יחידה,1.00,יחידה,false,0,30.00,30.00,true,1,
7290006748911,false,עציץ קטן יחידה,שונות,IL,עציץ קטן,יחידה,1.00,יחידה,false,1,12.00,12.00,true,1,
7290006748928,false,עציץ בינוני יחידה,שונות,IL,עציץ בינוני,יחידה,1.00,יחידה,false,1,27.00,27.00,true,1,
7290006748935,false,עציץ גדול יחידה,שונות,IL,עציץ גדול יחידה,יחידה,1.00,יחידה,false,1,44.00,44.00,true,1,
7290006748959,false,עציץ קטן 2 יחידה,שונות,IL,עציץ קטן 2,יחידה,1.00,יחידה,false,1,17.00,17.00,true,1,
7290006748966,false,עציץ בינוני 2 יחידה,שונות,IL,עציץ בינוני 2,יחידה,1.00,יחידה,false,1,22.00,22.00,true,1,
7290006748973,false,עציץ בינוני 3 יחידה,שונות,IL,עציץ בינוני 3,יחידה,1.00,יחידה,false,1,35.00,35.00,true,1,
7290006764065,false,בירה נשר מאלט בק.חוזר500,"טמפו משקאות בע""\ם.",IL,בירה נשר מאלט,מיליליטרים,500.00,"100 מ""ל",false,0,5.50,1.10,true,1,
7290006764096,false,בירה איגל בקבוק חוזר500מ,"טמפו משקאות בע""\מ",IL,בירה איגל,מיליליטרים,500.00,"100 מ""ל",false,1,6.90,1.38,true,1,
7290006764485,false,בירה נשר מאלט בקב330*6.מ,"טמפו משקאות בע""\ם.",IL,נשר מאלט 6 יח,ליטרים,1.98,ליטר,false,0,33.90,17.12,true,1,
7290006788399,false,דאו.קרליין רולאון נושם75,אמיליה קוסמטיקס בעמ,IL,דאודורנט קרליין,מיליליטרים,75.00,"100 מ""ל",false,0,14.90,19.87,true,1,
7290006788405,false,דאו.קרליין רולאון בורדו,מיוצר עי : אמיליה קוסמטי,IL,דאודורנט קרליין,מיליליטרים,75.00,"100 מ""ל",false,0,14.90,19.87,true,1,
7290006788429,false,דאו.קרליין רולאון כתום75,אמיליה קוסמטיקס בעמ,IL,דאודורנט קרליין,מיליליטרים,75.00,"100 מ""ל",false,0,14.90,19.87,true,1,
7290006788436,false,דאו.קרליין רולאון ורוד75,קרליין,IL,דאודורנט קרליין,מיליליטרים,75.00,"100 מ""ל",false,0,14.90,19.87,true,1,
7290006788443,false,דאו.קרליין רולאון סגול75,אמיליה קוסמטיקס בעמ,IL,דאודורנט קרליין,מיליליטרים,75.00,"100 מ""ל",false,0,14.90,19.87,true,1,
7290006788467,false,דאו.קרליין ספרי אקטיב200,מיוצר עי : אמיליה קוסמטי,IL,דאודורנט קרליין,מיליליטרים,200.00,"100 מ""ל",false,0,13.90,6.95,true,1,
7290006788481,false,דאו.קרליין 200SUNRISE,מיוצר עי : אמיליה קוסמטי,IL,דאודורנט קרליין,מיליליטרים,200.00,"100 מ""ל",false,0,13.90,6.95,true,1,
7290006788504,false,דאו.קרליין ספריי סגול200,מיוצר עי : אמיליה קוסמטי,IL,דאודורנט קרליין,מיליליטרים,200.00,"100 מ""ל",false,0,13.90,6.95,true,1,
7290006788559,false,דאו.טיטניום בלו ספריי180,אמיליה קוסמטיקס בעמ,IL,דאודורנט טיטניום,מיליליטרים,180.00,"100 מ""ל",false,0,16.90,9.39,true,1,
7290006983176,false,לחמית שיפון 230 גרם,"אסם השקעות בע""\מ",IL,לחמית שיפון אסם,גרמים,230.00,100 גרם,false,0,9.90,4.30,true,1,
7290006983763,false,עוגה בטעם שוקולד 400 גרם,"אסם השקעות בע""\מ",IL,עוגת שוקולד,גרמים,400.00,100 גרם,false,0,13.40,3.35,true,1,
7290006983770,false,עוגת הבית שיש אסם 400 גר,"אסם השקעות בע""\מ",IL,עוגת שיש,גרמים,400.00,100 גרם,false,0,13.40,3.35,true,1,
7290006983787,false,עוגת שוקולד צ'יפס 400 גר,"אסם השקעות בע""\מ",IL,עוגת שוקוצ'יפס,גרמים,400.00,100 גרם,false,0,13.40,3.35,true,1,
7290006983794,false,עוגת הבית תפוז 400 גרם,"אסם השקעות בע""\מ",IL,עוגת תפוז,גרמים,400.00,100 גרם,false,0,13.40,3.35,true,1,
7290006992161,false,דייסת קורנפלור 200 גרם,מטרנה תעשיות ש.מ,IL,דייסת מטרנה,גרמים,200.00,100 גרם,false,0,16.80,8.40,true,1,
7290006992390,false,דייסת וניל מטרנה 200 גרם,מטרנה תעשיות ש.מ,IL,דייסת וניל מטרנה,גרמים,200.00,100 גרם,false,0,16.80,8.40,true,1,
7290008116541,false,ליסטרין קול מינט 500מל,ג'\ונסון אנד ג'\ונסון,IT,מי פה ליסטרין,מיליליטרים,500.00,"100 מ""ל",false,0,18.90,3.78,true,1,
7290008116565,false,"מי פה ליסטרין פרש 500מ""ל",ג'\ונסון אנד ג'\ונסון,IT,מי פה ליסטרין,מיליליטרים,500.00,"100 מ""ל",false,0,18.90,3.78,true,1,
7290008154222,false,שניצלונים 700 גרם,"מוצרי עוף טוב (2001) בע""",IL,שניצלונים 700ג,גרמים,700.00,100 גרם,false,0,21.90,3.13,true,1,
7290008175814,false,פטריות חתוכות,,PL,פטריות חתוכות,גרמים,400.00,100 גרם,false,0,4.90,1.23,true,1,
7290008190909,false,מיני קוקיס שוק.צ'יפס600ג,כרמית,IL,מיני קוקיס,גרמים,600.00,100 גרם,false,0,19.90,3.32,true,1,
7290008340618,false,סלמון מעושן מצונן 100 גר,ויליגר תעשיות בעמ,IL,סלמון מעושן,גרמים,100.00,100 גרם,false,0,22.90,22.90,true,1,
7290008343466,false,בצק פילו 500 גרם,"שגמור בע""מ",IL,בצק פילו 500 גרם,גרמים,500.00,100 גרם,false,0,23.90,4.78,true,1,
7290008343558,false,סיגרים בשר 1 ק'ג שלושת,"שלושת האופים בע""\מ",IL,סיגרים פיקנטי,קילוגרמים,1.00,"ק""ג",false,0,23.90,23.90,true,1,
7290008343565,false,סיגרים תפו'א 1 ק'ג שלוש,"שלושת האופים בע""\מ",IL,"סיגרים תפו""א",קילוגרמים,1.00,"ק""ג",false,0,23.90,23.90,true,1,
7290008343602,false,קובה בשר מטוגן 1 ק'ג של,"שלושת האופים בע""\מ",IL,קובה במילוי בשר,קילוגרמים,1.00,"ק""ג",false,0,23.90,23.90,true,1,
7290008343619,false,"פסטלים תפו""א 1קג משלוש י","שלושת האופים בע""\מ",IL,"פסטלים תפו""א",קילוגרמים,1.00,"ק""ג",false,0,23.90,23.90,true,1,
7290008343626,false,פלאפל 1קג,"שלושת האופים בע""\מ",IL,פלאפל 1 ק'ג,גרמים,1000.00,100 גרם,false,0,23.90,2.39,true,1,
7290008344258,false,המבורגר מזרחי 400 גרם,"טיבון ויל אחזקות בע""\מ",IL,המבורגר מזרחי,גרמים,400.00,100 גרם,false,0,23.90,5.98,true,1,
7290008344272,false,המבורגר 100% 400 גרם,טיבון ויל אחזקות בעמ,IL,המבורגר בקר,גרמים,400.00,100 גרם,false,0,23.90,5.98,true,1,
7290008345132,false,הרינג כבוש 240 גרם,דלידג - נטו,IL,הרינג כבוש,גרמים,240.00,100 גרם,false,0,27.90,11.63,true,1,
7290008345170,false,מקרל חצאים במשקל,דלידג - נטו,IL,מקרל מעושן,קילוגרמים,0.00,"ק""ג",true,0,115.00,115.00,true,1,
7290008345576,false,איקרה ביתית לבנה 300 גרם,דלידג - נטו,IL,איקרה ביתית לבנה,גרמים,300.00,100 גרם,false,0,21.90,7.30,true,1,
7290008345583,false,איקרה ביתית ורודה 300 גר,דלידג - נטו,IL,איקרה ביתית,גרמים,300.00,100 גרם,false,0,21.90,7.30,true,1,
7290008347211,false,אצבעות דג 700 גרם,דלידג - נטו,IL,אצבעות דג,גרמים,700.00,100 גרם,false,0,26.90,3.84,true,1,
7290008409049,false,מיני דק שניצל שומשום,תנובה גליל שותפות מוגבלת,IL,שניצל מיני דק,גרמים,500.00,100 גרם,false,0,29.50,5.90,true,1,
7290008409100,false,אצבעות שניצל בשומשום 700,תנובה גליל שותפות מוגבלת,IL,אצבעות שניצל,גרמים,700.00,100 גרם,false,0,37.90,5.41,true,1,
7290008409216,false,שניצל דק דק פריך 700 גרם,תנובה,IL,שניצל דק דק פריך,גרמים,700.00,100 גרם,false,0,42.90,6.13,true,1,
7290008409223,false,שניצל דק מתובל 700 גרם,תנובה גליל שותפות מוגבלת,IL,שניצל דק מתובל,גרמים,700.00,100 גרם,false,0,42.90,6.13,true,1,
7290008409315,false,מיני דק שניצלונים 500גרם,תנובה,IL,מיני דק שניצלוני,גרמים,500.00,100 גרם,false,0,29.50,5.90,true,1,
7290008409407,false,שניצל דק בציפוי צ'יפס 00,תנובה גליל שותפות מוגבלת,IL,שניצל דק צ'יפס,גרמים,700.00,100 גרם,false,0,42.90,6.13,true,1,
7290008409551,false,שניצל עוף אמיתי מעודן700,תנובה גליל שותפות מוגבלת,IL,שניצל עוף אמיתי,גרמים,700.00,100 גרם,false,0,44.50,6.36,true,1,
7290008409582,false,שניצל אמיתי ביתי 700 גרם,תנובה גליל שותפות מוגבלת,IL,שניצל אמיתי ביתי,גרמים,700.00,100 גרם,false,0,44.50,6.36,true,1,
7290008461047,false,גבינת ברי,,FR,גבינת ברי,קילוגרמים,0.00,"ק""ג",true,0,178.00,178.00,true,1,
7290008461221,false,סרדין רוברט,,PT,סרדין רוברט,גרמים,120.00,100 גרם,false,0,7.90,6.58,true,1,
7290008462204,false,םרג 380 ןו'זיד לדרח,וטנ,FR,חרדל דיז'ון,גרמים,380.00,100 גרם,false,0,13.90,3.66,true,1,
7290008462259,false,חרדל דיז'ון,,FR,חרדל דיז'ון,גרמים,380.00,100 גרם,false,0,14.90,3.92,true,1,
7290008464130,false,בירה גולדסטאר6יח,,IL,בירה גולדסטאר6יח,ליטרים,1.98,ליטר,false,0,32.90,16.61,true,1,
7290008464406,false,"פפסי מקס פחית 330 מ""ל","טמפו משקאות בע""מ",IL,פפסי מקס פחית,מיליליטרים,330.00,"100 מ""ל",false,0,6.90,2.09,true,1,
7290008464468,false,בירה גולדסטאר פחית 500מל,"טמפו משקות בע""\מ",IL,בירה גולדסטאר,מיליליטרים,500.00,"100 מ""ל",false,0,9.30,1.86,true,1,
7290008464475,false,"בירה מכבי פחית 500 מ""ל","טמפו משקאות בע""\מ",IL,בירה מכבי פחית,מיליליטרים,500.00,"100 מ""ל",false,0,8.50,1.70,true,1,
7290008464673,false,גולדסטאר BREW SLOW פח500,"טמפו משקאות בע""\מ",IL,גולדסטאר סלו ברו,מיליליטרים,500.00,"100 מ""ל",false,1,10.90,2.18,true,1,
7290008464697,false,בירה מכבי 6 יח,,IL,בירה מכבי 6 יח,ליטרים,1.98,ליטר,false,0,29.90,15.10,true,1,
7290008464741,false,"בירה גולדסטאר בק330*6מ""ל","טמפו משקאות בע""\מ",IL,גולדסטאר 6 יח',ליטרים,1.98,ליטר,false,0,24.90,12.58,true,1,
7290008470759,false,מסטיק אורביט ספירמינט104,ריגלי,FR,מסטיק אורביט 8יח,גרמים,104.00,100 גרם,false,0,16.10,15.48,true,1,
7290008493413,false,פירורי גריסיני 200 גרם,מאיר בייגל,IL,פירורי גריסיני,גרמים,200.00,100 גרם,false,0,7.50,3.75,true,1,
7290008493710,false,פירורי גריסיני זהב 200ג,מאיר בייגל,IL,פירורי גריסיני,גרמים,200.00,100 גרם,false,1,7.50,3.75,true,1,
7290008644112,false,סלט מטבוחה יום יום 125גר,"שטראוס גרופ בע""\מ",IL,מטבוחה יום יום,גרמים,125.00,100 גרם,false,0,5.70,4.56,true,1,
7290008644235,false,עלי בייבי 120גרם-שטראוס,שטראוס בריאות ירקות טריי,IL,עלי בייבי,גרמים,120.00,100 גרם,false,0,10.90,9.08,true,1,
7290008644945,false,סלט המושבה 450גרם-שטראוס,שטראוס בריאות ירקות טריי,IL,סלט המושבה,גרמים,450.00,100 גרם,false,0,13.90,3.09,true,1,
7290008645935,false,חומוס אחלה 750 גרם,"שטראוס גרופ בע""\מ",IL,חומוס אחלה,גרמים,750.00,100 גרם,false,0,11.90,1.59,true,1,
7290008670012,false,קברנה סוביניון,,IL,קברנה סוביניון,מיליליטרים,750.00,"100 מ""ל",false,0,51.90,6.92,true,1,
7290008679428,false,זוג כפפות בית,,TW,זוג כפפות בית,יחידה,1.00,יחידה,false,0,6.70,6.70,true,1,
7290008693134,false,דניאלה תות מוקצף5% 88גרם,"שטראוס גרופ בע""\מ",IL,דניאלה תות מוקצף,גרמים,88.00,100 גרם,false,0,4.30,4.89,true,1,
7290008713900,false,לחם שיפון עגול 750 גרם,מאפיית אנג'\ל אורנים מאפ,IL,לחם שיפון עגול,גרמים,750.00,100 גרם,false,0,14.90,1.99,true,1,
7290008745239,false,תפוצ'יפס קראנצ' טעם טבעי,"שטראוס פריטו ליי בע""\מ )",IL,תפוצ'יפס קראנצ',גרמים,50.00,100 גרם,false,0,4.30,8.60,true,1,
7290008750264,false,מסטיק דובדבן מגדים 28גרם,עלית,IL,מסטיק מאסט,גרמים,28.00,100 גרם,false,0,4.60,16.43,true,1,
7290008753111,false,תפוצ'יפס מקסיקני 50 גרם,"שטראוס פריטו ליי בע""\מ )",IL,תפוצ'יפס קראנצ',גרמים,50.00,100 גרם,false,0,4.30,8.60,true,1,
7290008754415,false,מאסט LL עדין ספירמינט28ג,עלית,IL,מסטיק מאסט LL,גרמים,28.00,100 גרם,false,0,4.60,16.43,true,1,
7290008757034,false,"שוופס סודה חד פעמי250מ""ל",יפאורה תבורי בעמ,IL,מי סודה,מיליליטרים,250.00,"100 מ""ל",false,0,4.30,1.72,true,1,
7290008775816,false,ערגליות שוקו 300 גרם,"אסם השקעות בע""\מ",IL,ערגליות שוקו,גרמים,300.00,100 גרם,false,0,11.50,3.83,true,1,
7290008775823,false,ערגליות תות 300 גרם,"אסם השקעות בע""\מ",IL,ערגליות תות,גרמים,300.00,100 גרם,false,0,11.50,3.83,true,1,
7290008801010,false,קברנה מרלו P.C,,IL,קברנה מרלו P.C,מיליליטרים,750.00,"100 מ""ל",false,0,39.90,5.32,true,1,
7290008801157,false,מרלו סלקטד,,IL,מרלו סלקטד,מיליליטרים,750.00,"100 מ""ל",false,0,29.90,3.99,true,1,
7290008801850,false,אמרלד ריזלינג סלקטד750מל,אגודת הכורמים הקואופרטיב,IL,אמרלד ריזלינג,מיליליטרים,750.00,"100 מ""ל",false,0,29.90,3.99,true,1,
7290008802291,false,"מרלו P.C 750 מ""ל",אגודת הכורמים הקואופרטיב,IL,מרלו P.C,מיליליטרים,750.00,"100 מ""ל",false,0,39.90,5.32,true,1,
7290008802512,false,"יין אדום יבש וינו 750מ""ל",יקבי כרמל,IL,יין אדום יבש,מיליליטרים,750.00,"100 מ""ל",false,0,22.90,3.05,true,1,
7290008802529,false,"וינו לבן חצי יבש 750 מ""ל",יקבי כרמל,IL,יין לבן יבש וינו,מיליליטרים,750.00,"100 מ""ל",false,0,22.90,3.05,true,1,
7290008804332,false,"שיראז אדום יבש 750P.Cמ""ל",אגודת הכורמים הקואופרטיב,IL,שיראז אדום יבש,מיליליטרים,750.00,"100 מ""ל",false,0,39.90,5.32,true,1,
7290008805384,false,"סלקטד מוסקטו 750 מ""ל",אגודת הכורמים הקואופרטיב,IL,סלקטד מוסקטו,מיליליטרים,750.00,"100 מ""ל",false,0,29.90,3.99,true,1,
7290008805520,false,קברנה מרלו סלקטד,,IL,קברנה מרלו סלקטד,מיליליטרים,750.00,"100 מ""ל",false,0,29.90,3.99,true,1,
7290008806961,false,קרמיסימו טעם שוקולד צ'יפ,"גלידת שטראוס בע""\מ, רחוב",IL,קרמיסימו שוקולד,ליטרים,1.33,ליטר,false,0,21.90,16.47,true,1,
7290008806985,false,נשנושי שוקווניל פרווה60י,"גלידת שטראוס בע""\מ, רחוב",IL,נשנושי שוקווניל,גרמים,630.00,100 גרם,false,0,49.90,7.92,true,1,
7290008866019,false,ברי עיזים בייבי28% משקל,משק יעקבס,IL,ברי עיזים בייבי,קילוגרמים,0.00,"ק""ג",true,1,159.00,159.00,true,1,
7290008866033,false,מארז גאודה עיזים30% משקל,משק יעקבס,IL,מארז גאודה עיזים,קילוגרמים,0.00,"ק""ג",true,1,159.00,159.00,true,1,
7290009011043,true,פילה אמנון טרי שופרסל קג,דגת הארץ,IL,פילה אמנון טרי,קילוגרמים,0.00,"ק""ג",true,1,89.90,89.90,true,1,
7290009011050,true,פילה בורי טרי שופרסל לקג,דגת הארץ,IL,פילה בורי טרי,קילוגרמים,0.00,"ק""ג",true,1,97.90,97.90,true,1,
7290009011111,true,דניס שלם טרי שופרסל לקג,דגת הארץ,IL,דניס שלם טרי,קילוגרמים,0.00,"ק""ג",true,1,84.90,84.90,true,1,
7290009011128,true,נתחי סלמון טרי שופרסל לק,דגת הארץ,IL,נתחי סלמון טרי ש,קילוגרמים,0.00,"ק""ג",true,1,119.90,119.90,true,1,
7290009011395,true,כרעיים פרימיום שופרסל לק,תנובה,IL,כרעיים פרימיום,קילוגרמים,0.00,"ק""ג",true,1,34.90,34.90,true,1,
7290009011418,true,פרגיות פרימיום שופרסל לק,תנובה,IL,פרגיות פרימיום,קילוגרמים,0.00,"ק""ג",true,1,69.90,69.90,true,1,
7290009011494,true,שניצל דק פרימיום,,IL,שניצל דק פרימיום,קילוגרמים,0.00,"ק""ג",true,1,44.90,44.90,true,1,
7290009012811,true,זוג עופיונים טבעוף טרי ק,טבעוף,IL,זוג עופיונים טרי,קילוגרמים,0.00,"ק""ג",true,1,49.90,49.90,true,1,
7290009012828,true,חזה עוף טרי פרימיום קג,עוף עוז,IL,חזה עוף טרי פרימ,קילוגרמים,0.00,"ק""ג",true,1,39.90,39.90,true,1,
7290009012835,true,שניצל דק טרי פרימיום קג,עוף עוז,IL,שניצל דק פרימיום,קילוגרמים,0.00,"ק""ג",true,1,44.90,44.90,true,1,
7290009012842,true,פילה עוף טרי פרימיום קג,עוף עוז,IL,פילה פרימיום טרי,קילוגרמים,0.00,"ק""ג",true,1,49.90,49.90,true,1,
7290009013023,true,"פילה דניס טרי ארוז ק""ג",דגת הארץ,IL,פילה דניס טרי,קילוגרמים,0.00,"ק""ג",true,1,124.90,124.90,true,1,
7290009017038,true,נקניק סלמי בסגנון צרפתי,מעדני יחיעם,IL,סלמי צרפתי,קילוגרמים,0.00,"ק""ג",true,1,130.00,130.00,true,1,
7290009017052,true,איטלקי מפולפל שופרסל,מעדני יחיעם,IL,איטלקי מפולפל,קילוגרמים,0.00,"ק""ג",true,1,66.00,66.00,true,1,
7290009017069,true,נקניק סלמי סרוולד,מעדני יחיעם,IL,סלמי סרוולד,קילוגרמים,0.00,"ק""ג",true,1,130.00,130.00,true,1,
7290009017076,true,נקניק סלמי תה שופרסל,מעדני יחיעם,IL,סלמי תה,קילוגרמים,0.00,"ק""ג",true,1,49.00,49.00,true,1,
7290009137293,true,גב.פרמזן30% שופרסל במשקל,אמברוסי,IT,גבינת פרמזן,קילוגרמים,0.00,"ק""ג",true,1,83.00,83.00,true,1,
7290009137408,true,מיקס דונאטס 4 יח,סטוקסון,PL,מיקס דונאטס 4 יח,יחידה,1.00,יחידה,false,1,19.90,19.90,true,1,
7290009137415,true,מיקס דונאטס 6 יח,סטוקסון,PL,מיקס דונאטס 6 יח,יחידה,1.00,יחידה,false,1,27.90,27.90,true,1,
7290009137705,true,סופגניה מיני ללא ריבה4י,גידרון,IL,סופגניה מיני 4יח,יחידה,1.00,יחידה,false,1,12.90,12.90,true,1,
7290009137712,true,סופגניה מיני ללא ריבה 8י,גידרון,IL,סופגניה מיני 8יח,יחידה,1.00,יחידה,false,1,19.90,19.90,true,1,
7290009137736,true,סופגניה גדולה ללא ריבה6י,גידרון,IL,סופגניה רגילה6יח,יחידה,1.00,יחידה,false,1,19.90,19.90,true,1,
7290009137750,true,גבינה צהובה28% במשקל,MLEKOVITA,PL,גבינה צהובה 28%,קילוגרמים,0.00,"ק""ג",true,1,27.00,27.00,true,1,
7290009137804,true,מוצרלה שופרסל במשקל,קיוסריה,ES,מוצרלה שופרסל,קילוגרמים,0.00,"ק""ג",true,1,55.00,55.00,true,1,
7290009137897,true,אבוקדו במשקל,,IL,אבקודו גליל,קילוגרמים,0.00,"ק""ג",true,1,9.90,9.90,true,1,
7290009144772,true,בשר טחון טרי יבוא קג,,IL,בשר טחון טרי,קילוגרמים,0.00,"ק""ג",true,1,39.90,39.90,true,1,
7290009165142,true,שיפודי פרגיות קפוא 500 ג,,IL,שיפודי פרגיות,גרמים,500.00,100 גרם,false,1,44.90,8.98,true,1,
7290009391282,true,פילהאמנון7-9ע.עור100%דג,הויזונג ביילו גוושי,CN,פילה אמנון קפוא,קילוגרמים,0.00,"ק""ג",true,0,34.90,34.90,true,1,
7290009391336,true,פילה אמנון קפוא 80% קג,XINTAISHENG HAINAN,CN,פילה אמנון קפוא,קילוגרמים,0.00,"ק""ג",true,0,32.90,32.90,true,1,
7290009391619,true,כרעיים עוף טרי פרמיום קג,מילועוף,IL,כרעיים עוף טרי,קילוגרמים,0.00,"ק""ג",true,1,34.90,34.90,true,1,
7290009391626,true,שוקיים עוף טרי פרמיום קג,מילועוף,IL,שוקיים פרמיום,קילוגרמים,0.00,"ק""ג",true,1,37.90,37.90,true,1,
7290009391633,true,פרגיות טרי פרימיום שופרס,מילועוף,IL,פרגיות פרמיום טר,קילוגרמים,0.00,"ק""ג",true,1,69.90,69.90,true,1,
7290009391640,true,כנפיים עוף פרמיום שופרסל,מילועוף,IL,כנפיים פרמיום טר,קילוגרמים,0.00,"ק""ג",true,1,14.90,14.90,true,1,
7290009391657,true,שניצל עוף דק פרימיום שופ,מילועוף,IL,שניצל דק פרמיום,קילוגרמים,0.00,"ק""ג",true,1,44.90,44.90,true,1,
7290009391664,true,פילה עוף טרי פרמיום שופר,מילועוף,IL,פילה פרמיום טרי,קילוגרמים,0.00,"ק""ג",true,1,49.90,49.90,true,1,
7290009391688,true,חזה עוף טרי פרמיום שופרס,מילועוף,IL,חזה פרמיום טרי,קילוגרמים,0.00,"ק""ג",true,1,39.90,39.90,true,1,
7290009391701,true,סלמי קוניאק קג,מעדני יחיעם,IL,סלמי קוניאק קג,קילוגרמים,0.00,"ק""ג",true,1,66.00,66.00,true,1,
7290009391985,true,פילה ברמונדי טרי קג,דגת הארץ,IL,פילה ברמונדי טרי,קילוגרמים,0.00,"ק""ג",true,0,124.90,124.90,true,1,
7290009392012,true,פילה לברק טרי ארוז קג,דגת הארץ,IL,פילה לברק טרי,קילוגרמים,0.00,"ק""ג",true,0,139.90,139.90,true,1,
7290009392050,true,פילה אמנון ללא עור קפוא,,CN,פילה אמנון ללא ע,קילוגרמים,0.00,"ק""ג",true,0,39.90,39.90,true,1,
7290009392692,true,צלעות טרי מוכשר יבוא קג,,XX,צלעות טרי,קילוגרמים,0.00,"ק""ג",true,0,69.90,69.90,true,1,
7290009392722,true,צלי כתף טרי מוכשר יבוא ק,,XX,צלי כתף טרי,קילוגרמים,0.00,"ק""ג",true,0,89.90,89.90,true,1,
7290009392838,true,צלעות טרי חלק יבוא קג,,XX,צלעות טרי,קילוגרמים,0.00,"ק""ג",true,0,69.90,69.90,true,1,
7290009392876,true,צלי כתף טרי חלק יבוא קג,,XX,צלי כתף טרי,קילוגרמים,0.00,"ק""ג",true,0,89.90,89.90,true,1,
7290009393118,true,אנטריקוט טרי חלק אנגוס ק,,AR,אנטריקוט טרי אנג,קילוגרמים,0.00,"ק""ג",true,0,169.90,169.90,true,1,
7290009393262,true,צלעות טרי חלק אנגוס קג,,AR,צלעות טרי אנגוס,קילוגרמים,0.00,"ק""ג",true,1,79.90,79.90,true,1,
7290009393651,true,נתח קצבים סרעפת(עצמי) קג,שונות,IL,נתח קצבים,קילוגרמים,0.00,"ק""ג",true,0,119.90,119.90,true,1,
7290009397642,true,חמישיית מאפין שוקו 200גר,,IL,חמישיית מאפין,גרמים,5.00,100 גרם,false,0,10.90,218.00,true,1,
7290009397697,true,מאפין שוקו צ'יפס5יח200'ג,,IL,חמישיית מאפין,גרמים,5.00,100 גרם,false,0,10.90,218.00,true,1,
7290009398021,true,לחמניית ביס באגט,גידרון,IL,לחמניית ביס באגט,יחידה,1.00,יחידה,false,0,1.80,1.80,true,1,
7290009398120,true,מארז לחמניית קשר קלה 5יח,גידרון,IL,לחמניה קשר קלה 5,יחידה,1.00,יחידה,false,0,13.90,13.90,true,1,
7290009398281,true,פיתות אסליות 100*10 גרם,,IL,פיתות 10 יח,גרמים,1000.00,100 גרם,false,0,13.90,1.39,true,1,
7290009398618,true,סופגניה גדולה רגילה יח',גידרון,IL,סופגניה רגילה,גרמים,80.00,100 גרם,false,0,5.90,7.38,true,1,
7290009398687,true,דונאט,גידרון,IL,דונאט,יחידה,1.00,יחידה,false,0,7.50,7.50,true,1,
7290009398847,true,לחמניית חלה מתוקה,גידרון,IL,לחמניית חלה מתוק,יחידה,1.00,יחידה,false,0,4.70,4.70,true,1,
7290009399165,true,לחמניה קלה,גידרון,IL,לחמניה קלה,יחידה,1.00,יחידה,false,0,3.90,3.90,true,1,
7290009399707,true,מארז 4יח לחמניה גידרול,גדרון סהרון,IL,לחמניה גידרול 4,יחידה,1.00,יחידה,false,0,13.90,13.90,true,1,
7290009399790,true,לחמניית קשר קלה,גידרון,IL,לחמניה קלה קשר,יחידה,1.00,יחידה,false,0,3.90,3.90,true,1,
7290009399868,true,לחמניית חלה קלה,גידרון,IL,לחמניה חלה קלה,יחידה,1.00,יחידה,false,0,4.70,4.70,true,1,
7290009804010,true,כנפי עוף טרי ארוז עצמי,.,IL,כנפי עוף טרי,קילוגרמים,0.00,"ק""ג",true,1,12.90,12.90,true,1,
7290009819144,true,נתחי הודו טרי ארוז עצמי,.,IL,נתחי הודו טרי,קילוגרמים,0.00,"ק""ג",true,1,29.90,29.90,true,1,
7290009819175,true,שוארמה הודו נ.טרי א.עצמי,.,IL,שוארמה הודו טרי,קילוגרמים,0.00,"ק""ג",true,1,74.90,74.90,true,1,
7290009819267,true,חזה הודו נ.טרי ארוז עצמי,.,IL,חזה הודו טרי,קילוגרמים,0.00,"ק""ג",true,1,34.90,34.90,true,1,
7290009819274,true,שוק הודו מפורק טרי א.עצמ,.,IL,שוק הודו מפורק,קילוגרמים,0.00,"ק""ג",true,1,54.90,54.90,true,1,
7290009950717,true,סופגניה גדולה מצופה יח',גידרון,IL,סופגניה מצופה,יחידה,1.00,יחידה,false,0,7.90,7.90,true,1,
7290009950724,true,סופגניה מיני מצופה,גידרון,IL,סופגנ.מיני מצופה,יחידה,1.00,יחידה,false,0,5.90,5.90,true,1,
7290009951639,true,סופגניה גדולה מצופה 6יח',גידרון,IL,סופגניה מצופה6יח,יחידה,1.00,יחידה,false,0,32.90,32.90,true,1,
7290009951899,true,מאפה מלוח משקל,גידרון,IL,מאפה מלוח חלבי,קילוגרמים,0.00,"ק""ג",true,0,42.00,42.00,true,1,
7290009951912,true,מאפה מתוק משקל,גידרון,IL,מאפה מתוק,קילוגרמים,0.00,"ק""ג",true,0,42.00,42.00,true,1,
7290009952308,true,מארז 4יח לחמניית דגנים י,גידרון,IL,לחמניה דגנים 4יח,יחידה,1.00,יחידה,false,0,13.90,13.90,true,1,
7290009952315,true,מארז בייגל אמריקאי4יח,גידרון,IL,4בייגלה אמרקאי,יחידה,1.00,יחידה,false,0,13.90,13.90,true,1,
7290009952339,true,מארז8 לחמניות אצבע יח,גידרון,IL,לחמניה אצבע 8יח,יחידה,1.00,יחידה,false,0,11.90,11.90,true,1,
7290009952346,true,מארז לחמניית חלה 4יח,גידרון,IL,לחמניה חלה 4יח,יחידה,1.00,יחידה,false,0,13.90,13.90,true,1,
7290009952377,true,מארז 5יח לחמנית קשר,גידרון,IL,לחמניה קשר 5יח,יחידה,1.00,יחידה,false,0,13.90,13.90,true,1,
7290009953916,true,גבינת צ'דר כתומה,,GB,גבינת צ'דר כתומה,קילוגרמים,0.00,"ק""ג",true,0,140.00,140.00,true,1,
7290009954241,true,נועם ג.צהובה22%חריץ משקל,טרופיקל דגיל תעשיות קוסמ,IL,גבינת נועם 22%,קילוגרמים,0.00,"ק""ג",true,0,42.58,42.58,true,1,
7290009954258,true,נועם ג.צהובה28%חריץ משקל,י. מלכי מוצרים,IL,גבינת נועם 28%,קילוגרמים,0.00,"ק""ג",true,0,44.79,44.79,true,1,
7290009955002,true,מים מצוננים1.5ל,,IL,מים מצוננים1.5ל,ליטרים,1.50,ליטר,false,0,8.00,5.33,true,1,
7290009955019,true,משקה מצונן 1.5ל,,IL,משקה מצונן 1.5ל,ליטרים,1.50,ליטר,false,0,12.00,8.00,true,1,
7290009956139,true,גבינת גאודה 31.2% במשקל,ROUVEEN,NL,גבינת גאודה,קילוגרמים,0.00,"ק""ג",true,1,99.00,99.00,true,1,
7290009956177,true,גב.עיזים הולנדית 30.6%,ROUVEEN,NL,גבינת עיזים,קילוגרמים,0.00,"ק""ג",true,1,119.00,119.00,true,1,
7290009957358,true,גרנו פדנו שופרסל 29%משקל,אמברוסי,IL,גרנו פדנו,קילוגרמים,0.00,"ק""ג",true,1,119.00,119.00,true,1,
7290009957396,true,גבינת שמנת25%שופרסל משקל,גבינות משק יעקבס,IL,גבינת שמנת במשקל,קילוגרמים,0.00,"ק""ג",true,1,44.00,44.00,true,1,
7290009957402,true,גב.שמנת שום שמיר במשקל,גבינות משק יעקבס,IL,גבינת שמנת במשקל,קילוגרמים,0.00,"ק""ג",true,1,44.00,44.00,true,1,
7290009957419,true,בייבי מוצרלה18%שופר משקל,גבינות משק יעקבס,IL,בייבי מוצרלה,קילוגרמים,0.00,"ק""ג",true,1,79.00,79.00,true,1,
7290009957426,true,כדור מוצרלה שופרסל במשקל,גבינות משק יעקבס,IL,כדור  מוצרלה,קילוגרמים,0.00,"ק""ג",true,1,79.00,79.00,true,1,
7290009957525,true,סופגניה מיני מצופה 4יח,גידרון,IL,4סופגניה מיני,יחידה,1.00,יחידה,false,1,19.90,19.90,true,1,
7290009957532,true,סופגניה מיני רגילה 4יח',גידרון,IL,סופגניה מיני 4יח,יחידה,1.00,יחידה,false,1,12.90,12.90,true,1,
7290009957808,true,מאפה  פרצל יחידה,אס.פי.דז.או.או.,PL,מאפה  פרצל,יחידה,1.00,יחידה,false,1,5.30,5.30,true,1,
7290009958232,true,קשקבל שופרסל משקל,אל פסטור,ES,קשקבל שופרסל,קילוגרמים,0.00,"ק""ג",true,1,115.00,115.00,true,1,
7290009958256,true,איבריקו שופרסל משקל,אל פסטור,ES,איבריקו שופרסל,קילוגרמים,0.00,"ק""ג",true,1,115.00,115.00,true,1,
7290009958263,true,מנצגו שופרסל משקל,אל פסטור,ES,מנצגו שופרסל,קילוגרמים,0.00,"ק""ג",true,1,115.00,115.00,true,1,
7290009958522,true,גבינת ברי במשקל,פטור'ז,FR,גבינת ברי במשקל,קילוגרמים,0.00,"ק""ג",true,1,99.00,99.00,true,1,
7290009958584,true,בולגרית 5% שופרסל משקל,מחלבות רמת הגולן,IL,בולגרית 5% משקל,קילוגרמים,0.00,"ק""ג",true,1,62.00,62.00,true,1,
7290009958591,true,בולגרית 16% שופרסל משקל,מחלבות רמת הגולן,IL,בולגרית 16% משקל,קילוגרמים,0.00,"ק""ג",true,1,63.00,63.00,true,1,
7290009958607,true,צפתית מעודנת5% משקל שופר,מחלבות רמת הגולן,IL,צפתית מעודנת 5%,קילוגרמים,0.00,"ק""ג",true,1,62.00,62.00,true,1,
7290010002023,false,כורכום הודי טחון 100 גרם,א.ל ייצור ושיווק תבלינים,IL,כורכום טחון,גרמים,100.00,100 גרם,false,0,12.90,12.90,true,1,
7290010002122,false,פפריקה הונגרית מתוקה100ג,א.ל ייצור ושיווק תבלינים,IL,פפריקה הונגרית,גרמים,100.00,100 גרם,false,0,12.90,12.90,true,1,
7290010002139,false,פפריקה הונגרית חריפה100ג,א.ל ייצור ושיווק תבלינים,IL,פפריקה הונגרית,גרמים,100.00,100 גרם,false,0,12.90,12.90,true,1,
7290010002146,false,פפריקה מרוקאית מתוקה100ג,א.ל ייצור ושיווק תבלינים,IL,פפריקה מרוקאית,גרמים,100.00,100 גרם,false,0,12.90,12.90,true,1,
7290010002207,false,קינמון טחון 100 גרם,א.ל ייצור ושיווק תבלינים,IL,קינמון טחון,גרמים,100.00,100 גרם,false,0,11.00,11.00,true,1,
7290010002320,false,תבלין גריל עוף 100 גרם,א.ל ייצור ושיווק תבלינים,IL,תבלין גריל עוף,גרמים,100.00,100 גרם,false,0,12.90,12.90,true,1,
7290010002382,false,אורגנו 40 גרם,א.ל ייצור ושיווק תבלינים,IL,אורגנו,גרמים,40.00,100 גרם,false,0,11.00,27.50,true,1,
7290010002399,false,בזיליקום 40 גרם,א.ל ייצור ושיווק תבלינים,IL,בזיליקום(ריחן),גרמים,40.00,100 גרם,false,0,11.00,27.50,true,1,
7290010023141,false,חל.לימונענע גן קסום25שק',ויסוצקי,IL,חליטת לימונענע,גרמים,55.00,100 גרם,false,0,19.90,36.18,true,1,
7290010045006,false,עוגיות חמאה פריכות200גרם,,IL,עוגיות חמאה,גרמים,200.00,100 גרם,false,0,19.90,9.95,true,1,
7290010045068,false,עוגיות הנסיכה 250 גרם,,IL,עוגיות הנסיכה,גרמים,250.00,100 גרם,false,0,19.90,7.96,true,1,
7290010065295,false,"פרינוק מחית תפו""ע+בננ130",פרינוק,CZ,פרינוק מחית,גרמים,130.00,100 גרם,false,0,5.20,4.00,true,1,
7290010065332,false,"פרינוק ג'ונ.תפו""ע+בננ190",פרינוק,CZ,פריניוק ג'וניור,גרמים,190.00,100 גרם,false,0,6.90,3.63,true,1,
7290010066025,false,נתחי טונה בהירה בשמן158ג,תעשיות פילטונה,IL,נתחי טונה בשמן,גרמים,158.00,100 גרם,false,0,7.10,4.49,true,1,
7290010066513,false,טונה בשמן צמחי 158*4 גרם,תעשיות פילטונה,IL,טונה בשמן 4 יח,גרמים,632.00,100 גרם,false,0,25.90,4.10,true,1,
7290010066575,false,טונה במי מלח 158*4 גרם,תעשיות פילטונה,IL,טונה במי מלח 4יח,גרמים,632.00,100 גרם,false,0,25.90,4.10,true,1,
7290010066582,false,טונה בשמן קנולה 158*4 גר,תעשיות פילטונה,IL,טונה בשמן 4 יח,גרמים,632.00,100 גרם,false,0,25.90,4.10,true,1,
7290010066599,false,טונה בשמן זית 158*4 גרם,תעשיות פילטונה,IL,טונה בשמן זית4יח,גרמים,632.00,100 גרם,false,0,30.90,4.89,true,1,
7290010116980,false,שוקולית 850 גרם,שטראוס קפה בי.וי.,IL,שוקולית עלית,גרמים,850.00,100 גרם,false,0,19.50,2.29,true,1,
7290010117864,false,דוריטוס בטעם חריף אש70גר,"שטראוס פריטו ליי בע""\מ )",IL,דוריטוס חריף,גרמים,70.00,100 גרם,false,0,4.10,5.86,true,1,
7290010129027,false,עוגיות מרוקאיות 600 גרם,דולצ'ה ויטה,IL,עוגיות מרוקאיות,גרמים,600.00,100 גרם,false,0,20.90,3.48,true,1,
7290010129553,false,עוג.מערוד רולדה תמרים600,ק.א. ומשווק בבלעדיות על,IL,עוגיות רולדה,גרמים,600.00,100 גרם,false,1,20.90,3.48,true,1,
7290010154012,false,לימון בלאדי 250 גרם,נטו,IL,לימון בלאדי,גרמים,250.00,100 גרם,false,0,15.90,6.36,true,1,
7290010154029,false,אריסה מתוקה 250 גרם,נטו,IL,אריסה מתוקה,גרמים,250.00,100 גרם,false,0,15.90,6.36,true,1,
7290010154678,false,אריסה מרוקאית 250 גרם,תבליני ביטון יוחאי,IL,אריסה מרוקאית,גרמים,250.00,100 גרם,false,1,15.90,6.36,true,1,
7290010237531,false,פפסי בקבוק,,IL,פפסי בקבוק,מיליליטרים,500.00,"100 מ""ל",false,0,5.10,1.02,true,1,
7290010237890,false,בירה הייניקן בק.חוזר500מ,טמפו משקאות בע''מ,IL,בירה הייניקן,מיליליטרים,500.00,"100 מ""ל",false,0,10.00,2.00,true,1,
7290010259359,false,נודלס ביצים,,CN,נודלס ביצים,גרמים,200.00,100 גרם,false,0,5.90,2.95,true,1,
7290010259366,false,נודלס ביצים,,CN,נודלס ביצים,גרמים,200.00,100 גרם,false,0,5.90,2.95,true,1,
7290010259823,false,מנת השף נודלס,,TH,מנת השף נודלס,גרמים,70.00,100 גרם,false,0,5.90,8.43,true,1,
7290010259830,false,מנת השף נודלס,,TH,מנת השף נודלס,גרמים,70.00,100 גרם,false,0,5.90,8.43,true,1,
7290010259847,false,מנת השף נודלס,,TH,מנת השף נודלס,גרמים,70.00,100 גרם,false,0,5.90,8.43,true,1,
7290010259854,false,מנת השף נודלס,,TH,מנת השף נודלס,גרמים,70.00,100 גרם,false,0,5.90,8.43,true,1,
7290010259861,false,מנת השף נודלס,,TH,מנת השף נודלס,גרמים,70.00,100 גרם,false,0,5.90,8.43,true,1,
7290010259977,false,שמן קנולה מזוכך 1 ליטר,זאקלאדי,PL,שמן קנולה מזוכך,ליטרים,1.00,ליטר,false,0,11.90,11.90,true,1,
7290010429554,false,"שמן זית 2 קלאסי 750מ""ל",מכוורת יד מרדכי שטראוס ב,IL,שמן זית 2 קלאסי,מיליליטרים,750.00,"100 מ""ל",false,0,37.90,5.05,true,1,
7290010471669,false,דנונה בר תות קורנפ175.גר,"שטראוס בריאות בע""\מ",IL,דנונה בר תות,גרמים,175.00,100 גרם,false,0,4.80,2.74,true,1,
7290010472307,false,גמדים לשתיה תות בננ100*8,"שטראוס בריאות בע""\מ",IL,גמדים לשתיה 8 יח,מיליליטרים,800.00,"100 מ""ל",false,0,20.90,2.61,true,1,
7290010513703,false,צ'ופסטיקס צפצפה,,IL,צ'ופסטיקס צפצפה,יחידה,1.00,יחידה,false,0,7.90,7.90,true,1,
7290010513727,false,פנקו פרוי לחם,,CN,פנקו פרוי לחם,גרמים,200.00,100 גרם,false,0,8.90,4.45,true,1,
7290010548514,false,דורות עשבי תיבול איטלקי,דורות,IL,דורותעשבי תיבול,גרמים,70.00,100 גרם,false,0,11.90,17.00,true,1,
7290010582341,false,אפרסמון קרמבו ארוז,מור פירות השרון,IL,אפרסמון קרמבו,קילוגרמים,0.00,"ק""ג",true,1,14.90,14.90,true,1,
7290010609079,false,טרופיקש 10 יח,,IL,טרופיקש 10 יח,ליטרים,2.00,ליטר,false,0,16.30,8.15,true,1,
7290010627004,false,טחינה ירושלים 500 גרם,"טחינה ירושלים בע""מ",IL,טחינה ירושלים,גרמים,500.00,100 גרם,false,0,16.90,3.38,true,1,
7290010627844,false,טחינה מלאה ירושלים 500 ג,"טחינה ירושליים בע""מ",IL,טחינה מלאה,גרמים,500.00,100 גרם,false,1,16.90,3.38,true,1,
7290010650033,false,בצלצלי שאלוט,קטיף.,NL,בצלצלי שאלוט,גרמים,350.00,100 גרם,false,0,15.00,4.29,true,1,
7290010650194,false,שורש גינגר טרי ארוז,תקוע,CN,שורש גינגר טרי,גרמים,250.00,100 גרם,false,0,11.90,4.76,true,1,
7290010650415,false,עגבניה לחה,חוות פטריות תקוע,TR,עגבניה לחה,גרמים,200.00,100 גרם,false,0,14.90,7.45,true,1,
7290010650668,false,למון גראס יחידה,,IL,למון גראס יחידה,יחידה,1.00,יחידה,false,1,12.90,12.90,true,1,
7290010650828,false,פטריות שי-מג'י לבנות 150,שנגחאי פינק פוד קומפני,CN,פטריות שי-מג'י,גרמים,150.00,100 גרם,false,1,12.90,8.60,true,1,
7290010650996,false,פטריות שי-מג'י חומות 150,שנגחאי פינק פוד קומפני,CN,פטריות שי-מג'י,גרמים,150.00,100 גרם,false,1,12.90,8.60,true,1,
7290010748860,false,ק.ידיים אפקטיב קר יבש150,פישר מעבדות פרמצבטיות בע,IL,קרם ידיים,מיליליטרים,150.00,"100 מ""ל",false,0,12.90,8.60,true,1,
7290010777099,false,פיתות במרקם מיוחד 100*8ג,פיתה אקספרס,IL,פיתות אקספרס 8יח,גרמים,800.00,100 גרם,false,1,11.90,1.49,true,1,
7290010777150,false,פיתות 100%חיטה מלא 8יח',פיתה אקספרס,IL,פיתות ריבוע,גרמים,900.00,100 גרם,false,0,13.90,1.54,true,1,
7290010777297,false,פיתות ביס 12יח' 600גרם,פיתה אקספרס,IL,פיתות ביס,גרמים,600.00,100 גרם,false,0,13.90,2.32,true,1,
7290010777358,false,פיתה100% כוסמין 50*8 גרם,פיתה אקספרס,IL,פיתות כוסמין 8יח,גרמים,400.00,100 גרם,false,1,16.90,4.23,true,1,
7290010777488,false,פיתה מחמצת 10 יחידות300ג,פיתה אקספרס,IL,פיתה מחמצת,גרמים,300.00,100 גרם,false,1,17.90,5.97,true,1,
7290010777525,false,פיתות100% כוסמין 50*6 גר,,IL,פיתות כוסמין מלא,גרמים,300.00,100 גרם,false,1,17.90,5.97,true,1,
7290010814695,false,"שוקולד מריר ללת""ס 85 גרם","כרמית תעשיות ממתקים בע""\",IL,שוקולד מריר,גרמים,85.00,100 גרם,false,0,6.90,8.12,true,1,
7290010838219,false,ממתיק סטיביה 100שק,"קיפל טבליות וממתיקים בע""",IL,ממתיק מרמולייט,גרמים,100.00,100 גרם,false,0,32.90,32.90,true,1,
7290010838431,false,דאק לאסלה ניחוח ים750*2מ,אס.סי.ג'ונסון מידרכט,NL,דאק לאסלה זוג,ליטרים,1.50,ליטר,false,0,20.90,13.93,true,1,
7290010883370,false,סנו סושי כפפות אלוורה M,סנו,CN,סנו סוש כפפות,יחידה,1.00,יחידה,false,0,12.10,12.10,true,1,
7290010931330,false,סלט מטבוחה 500 גרם,"שטראוס גרופ בע""\מ",IL,סלט מטבוחה אחלה,גרמים,500.00,100 גרם,false,0,14.90,2.98,true,1,
7290010945481,false,גבינה לבנה 5% 500 גרם,טרה,IL,גבינה לבנה 5%,גרמים,500.00,100 גרם,false,0,9.96,1.99,true,1,
7290010970100,false,שמן שומשום כבישה קרה250מ,"ג.מ טעם הארץ בע""\ם",IL,שמן שומשום,מיליליטרים,250.00,"100 מ""ל",false,1,32.60,13.04,true,1,
7290010970261,false,"חומץ תפוחי עץ 500 מ""ל","ג.מ טעם הארץ בע""\ם",IL,חומץ תפוחי עץ,מיליליטרים,500.00,"100 מ""ל",false,0,17.60,3.52,true,1,
7290010970551,false,"שמן אבוקדו 250 מ""ל","ג.מ טעם הארץ בע""\ם",IL,שמן אבוקדו,מיליליטרים,250.00,"100 מ""ל",false,1,32.60,13.04,true,1,
7290010970766,false,"מי ורדים 250 מ""ל","ג.מ טעם הארץ בע""\ם",IL,מי ורדים,מיליליטרים,250.00,"100 מ""ל",false,1,11.90,4.76,true,1,
7290010970773,false,סילאן טבעי לחיץ 350 גרם,"ג.מ טעם הארץ בע""\ם",IL,סילאן טבעי,גרמים,350.00,100 גרם,false,1,15.90,4.54,true,1,
7290011017866,false,"פחית קוקה קולה 330 מ""ל",החברה המרכזית לייצור משק,IL,קוקה קולה פחית,מיליליטרים,330.00,"100 מ""ל",false,0,5.40,1.64,true,1,
7290011017873,false,פחית קוקה קולה זירו330מל,החברה המרכזית לייצור משק,IL,קולה זירו,מיליליטרים,330.00,"100 מ""ל",false,0,5.40,1.64,true,1,
7290011017880,false,פחית קוקה קולה דיאט330מ,החברה המרכזית לייצור משק,IL,קוקה קולה דיאט,מיליליטרים,330.00,"100 מ""ל",false,0,5.40,1.64,true,1,
7290011018184,false,פיוז תה אפרסק,,IL,פיוז תה אפרסק,מיליליטרים,500.00,"100 מ""ל",false,0,8.80,1.76,true,1,
7290011026066,false,שמפו ומרכך לילדים סרקל1ל,פישר מעבדות פרמצבטיות בע,IL,סרקל 2 ב1-,ליטרים,1.00,ליטר,false,0,31.90,31.90,true,1,
7290011051358,false,"שוופס סודה לימון 250 מ""ל",יפאורה תבורי בעמ,IL,שוופס סודה לימון,מיליליטרים,250.00,"100 מ""ל",false,1,4.30,1.72,true,1,
7290011081492,false,קרמיסימו שלושה שוקולדים,"גלידת שטראוס בע""\מ, רחוב",IL,קרמיסימו שוקולדי,ליטרים,1.33,ליטר,false,0,21.90,16.47,true,1,
7290011110109,false,תירס לבן מתוק יחידה,"יגור חקלאות בע""מ",IL,תירס לבן מתוק,יחידה,1.00,יחידה,false,1,17.90,17.90,true,1,
7290011115258,false,סבון נקה 7 ירוק 100*4 גר,גליל כימיקלים בעמ,IL,נקה 7 סבון 4 יח,גרמים,400.00,100 גרם,false,0,15.00,3.75,true,1,
7290011126209,false,גן קסום תפוח+קינמון 25שק,ויסוצקי,IL,חליטת תפוח קנמון,גרמים,67.00,100 גרם,false,0,19.90,29.70,true,1,
7290011126452,false,חליטת קמומיל+נענע25ש1.5*,ויסוצקי,IL,חליטת קמומיל,גרמים,37.00,100 גרם,false,0,19.90,53.78,true,1,
7290011126469,false,חל.קמומיל+דבש גן קסום25ש,ויסוצקי,IL,חליטת קמומיל+דבש,גרמים,37.00,100 גרם,false,0,19.90,53.78,true,1,
7290011131371,false,מוזלי קראנצ'י בוטנ+שקד1ק,וויטליה,MK,מוזלי קראנצ'י,קילוגרמים,1.00,"ק""ג",false,0,28.90,28.90,true,1,
7290011131395,false,מוזלי 30% פירות גרין 1קג,וויטליה,MK,מוזלי 30% פירות,קילוגרמים,1.00,"ק""ג",false,0,28.90,28.90,true,1,
7290011131616,false,מוזלי אגוזים מופח.שומן1ק,ויטליאה ניקולה דו.,MK,מוזלי אגוזים,קילוגרמים,1.00,"ק""ג",false,0,28.90,28.90,true,1,
7290011133375,false,"מכבי שנדי אפרסק 330*6מ""ל","טמפו משקאות בע""מ",IL,מכבי שנדי 6 יח,ליטרים,1.98,ליטר,false,0,29.90,15.10,true,1,
7290011133634,false,"פפסי מקס פחית 330*6מ""ל","טמפו משקאות בע""\מ",IL,פפסי מקס 6 פחיות,ליטרים,1.98,ליטר,false,1,19.90,10.05,true,1,
7290011148935,false,מלפפון בייבי,קטיף.,IL,מלפפון בייבי,גרמים,350.00,100 גרם,false,0,10.90,3.11,true,1,
7290011154035,false,"תרכיז תפוחים סחוט 500מ""ל",,IL,תרכיז תפוחים,מיליליטרים,500.00,"100 מ""ל",false,1,21.50,4.30,true,1,
7290011154080,false,"תרכיז תפוחים צלול 500מ""ל",,IL,תרכיז תפוחים,מיליליטרים,500.00,"100 מ""ל",false,0,21.50,4.30,true,1,
7290011194215,false,דניאלה בננה 88 גרם,"שטראוס גרופ בע""\מ",IL,דניאלה בננה,גרמים,88.00,100 גרם,false,0,4.30,4.89,true,1,
7290011194246,false,קוטג' 5% שומן 250 גרם,"שטראוס בריאות בע""\מ",IL,קוטג' 5% שומן,גרמים,250.00,100 גרם,false,0,6.00,2.40,true,1,
7290011235178,false,חסה אייסברג יחידה,קטיף.,IL,חסה אייסברג,יחידה,1.00,יחידה,false,1,7.90,7.90,true,1,
7290011239336,false,"חלבה מחרום ללת""ס 400 גרם",מחרום,IL,חלבה מחרום,גרמים,400.00,100 גרם,false,1,21.90,5.48,true,1,
7290011239343,false,חלבה מחרום 400 גרם,מחרום,IL,חלבה מחרום,גרמים,400.00,100 גרם,false,1,21.90,5.48,true,1,
7290011332983,false,מגבונאף קמיל בלו,פישר מעבדות פרמצבטיות בע,IL,מגבונאף קמיל בלו,יחידה,1.00,יחידה,false,0,24.90,24.90,true,1,
7290011378028,false,"חלבה וניל ללת""ס 350 גרם","רושדי תעשיות מזון בע""\מ",IL,"חלבה ללת""ס",גרמים,350.00,100 גרם,false,0,18.90,5.40,true,1,
7290011435226,false,דבש לחיץ מפרחי בר 650גרם,מכוורת יד מרדכי שטראוס ב,IL,דבש בקבוק לחיץ,גרמים,650.00,100 גרם,false,0,36.90,5.68,true,1,
7290011438142,false,"משקה חלב בטעם קפה 350מ""ל",מחלבת יטבתה,IL,משקה חלב קפה,מיליליטרים,350.00,"100 מ""ל",false,0,6.50,1.86,true,1,
7290011447267,false,מטרנה חלבי שלב 1 700ג,מטרנה תעשיות ש.מ,IL,מטרנה חלבי,גרמים,700.00,100 גרם,false,0,51.90,7.41,true,1,
7290011447281,false,מטרנה חלבי שלב 2 700ג,מטרנה תעשיות ש.מ,IL,מטרנה חלבי שלב 2,גרמים,700.00,100 גרם,false,0,51.90,7.41,true,1,
7290011447304,false,מטרנה חלבי שלב 3 700ג,מטרנה תעשיות ש.מ,IL,מטרנה חלבי שלב 3,גרמים,700.00,100 גרם,false,0,51.90,7.41,true,1,
7290011499051,false,פטה כבשים 20% 250ג,מחלבות גד,IL,פטה כבשים,גרמים,250.00,100 גרם,false,0,26.90,10.76,true,1,
7290011499105,false,גבינה בולגרית 5% 250 גרם,מחלבות גד,IL,גבינה בולגרית 5%,גרמים,250.00,100 גרם,false,0,23.30,9.32,true,1,
7290011499129,false,קוב.בולג.מעודנת 5% 200ג,קוד יצרן DSH,IL,קוביות בולגרית,גרמים,200.00,100 גרם,false,0,23.60,11.80,true,1,
7290011499303,false,פטה מעודנת עיזים5% 250ג,מחלבות גד,IL,פטה מעודנת עיזים,גרמים,250.00,100 גרם,false,0,30.90,12.36,true,1,
7290011499327,false,גב.בולגרית מעודנת5% 250ג,מחלבות גד,IL,בולגרית מעודנת5%,גרמים,250.00,100 גרם,false,0,23.90,9.56,true,1,
7290011499358,false,פטה עיזים 20% שומן 200 ג,מחלבות גד,IL,פטה עיזים20%,גרמים,200.00,100 גרם,false,0,27.90,13.95,true,1,
7290011499365,false,חלומי גד גב.קשה 24% 200ג,"מחלבות גד בע""\מ",IL,חלומי גד 24%,גרמים,200.00,100 גרם,false,0,21.90,10.95,true,1,
7290011499419,false,גב.שמנת ט.טבעי5% 200גרם,מחלבות גד,IL,גבינת שמנת גד5%,גרמים,200.00,100 גרם,false,0,11.80,5.90,true,1,
7290011499624,false,גבינת שמנת 30% טבעי200גר,מחלבות גד,IL,גבינת שמנת 30%,גרמים,200.00,100 גרם,false,0,13.40,6.70,true,1,
7290011499846,false,ריקוטה פרסקה 9%,,IL,ריקוטה פרסקה 9%,גרמים,300.00,100 גרם,false,0,19.00,6.33,true,1,
7290011501617,false,חמוציות דל סוכר250ג שקדי,,IL,חמוציות דל סוכר,גרמים,250.00,100 גרם,false,0,20.70,8.28,true,1,
7290011515683,false,מאגדת אקסטרים וניל 6יח,גלידות נסטלה,IL,מאגדת אקסטרים,גרמים,432.00,100 גרם,false,0,37.90,8.77,true,1,
7290011515911,false,מאגדת לייט ריבת חלב,גלידות נסטלה )נגה גלידות,IL,מאגדת לייט,גרמים,312.00,100 גרם,false,0,32.90,10.54,true,1,
7290011518561,false,"אקטימל תות 100*14 מ""ל","שטראוס בריאות בע""\מ",IL,אקטימל מארז14יח',ליטרים,1.40,ליטר,false,0,32.60,23.29,true,1,
7290011530549,false,שייק איט ורוד,,IL,שייק איט ורוד,גרמים,450.00,100 גרם,false,1,34.90,7.76,true,1,
7290011575250,false,הפי ספוג להברקת נעליים,מרקה,ES,ספוג הברקת נעלים,יחידה,1.00,יחידה,false,0,9.90,9.90,true,1,
7290011587581,false,פילה אנשובי צנצנת 100גרם,אינוורסינס פריסקו,PE,פילה אנשובי,גרמים,100.00,100 גרם,false,1,12.90,12.90,true,1,
7290011587710,false,צלפים במי מלח 350 גרם,,TR,צלפים במי מלח,גרמים,350.00,100 גרם,false,1,9.90,2.83,true,1,
7290011607180,false,א.כביסה קולון 1.25 קג,רקיט בנקיזר,IL,אבקת כביסה קולון,קילוגרמים,1.25,"ק""ג",false,0,14.90,11.92,true,1,
7290011615277,false,עלי טורטייה,,TR,עלי טורטייה,גרמים,840.00,100 גרם,false,0,16.90,2.01,true,1,
7290011618216,false,בייבי ביס טעם בננה 50 גר,want-want,CN,בייבי ביס,גרמים,50.00,100 גרם,false,0,14.90,29.80,true,1,
7290011622428,false,כתמטמינים חטיף בריאות45ג,אשבל,IL,חטיף בריאות,גרמים,45.00,100 גרם,false,0,6.70,14.89,true,1,
7290011668570,false,חגיגת גרנולה פ.יבשים500ג,אפקט טבעי,IL,חגיגת גרנולה,גרמים,500.00,100 גרם,false,0,26.90,5.38,true,1,
7290011668587,false,גרנולה עשירה 500 גרם,אפקט טבעי,IL,גרנולה עשירה,גרמים,500.00,100 גרם,false,0,26.90,5.38,true,1,
7290011765088,false,ג'ל גילוח לעור רגיל 200,אביאפ,TR,ג'ל גילוח קרמה,מיליליטרים,200.00,"100 מ""ל",false,0,16.90,8.45,true,1,
7290011765118,false,קצף גילוח לעור עדין 200מ,קוסמופארם,TR,קצף גילוח עדין,מיליליטרים,200.00,"100 מ""ל",false,0,11.30,5.65,true,1,
7290011765446,false,משחה אורביטול ענבים 70 ג,טרופיקל דגיל תעשיות קוסמ,IL,משחת שיניים,גרמים,70.00,100 גרם,false,0,8.90,12.71,true,1,
7290011800840,false,טחינה בלאדי רפי כהן 400ג,סלטי צבר,IL,סלט טחינה בלאדי,גרמים,400.00,100 גרם,false,0,17.90,4.48,true,1,
7290011860271,false,ביסבול טבעי 700 גרם,"תעשיות תפוגן בע""\מ",IL,ביסבול טבעי,גרמים,700.00,100 גרם,false,0,17.80,2.54,true,1,
7290011876494,false,שניצל עוף ותירס 750 גרם,תנובה,IL,שניצל עוף ותירס,גרמים,750.00,100 גרם,false,0,39.90,5.32,true,1,
7290011877859,false,סנו אינסטלטור 200 גרם,סנו מפעלי ברונוס בעמ,IL,סנו אינסטלטור,גרמים,200.00,100 גרם,false,0,15.90,7.95,true,1,
7290011947309,false,זיתים סורי+לימון כבוש230,,IL,זית סורי,גרמים,230.00,100 גרם,false,0,14.90,6.48,true,1,
7290011947316,false,זיתים קלמטה בשמן זית 215,זיתא,IL,זיתי קלמטה,גרמים,215.00,100 גרם,false,1,14.90,6.93,true,1,
7290011947521,false,שמן זית כתית מודגש 750מל,זיתא,IL,שמן זית כתית,מיליליטרים,750.00,"100 מ""ל",false,1,35.90,4.79,true,1,
7290011947743,false,מיקס זית ירוק/קלמטה215גר,,IL,מיקס זיתים,גרמים,215.00,100 גרם,false,1,14.90,6.93,true,1,
7290011947781,false,מיקס זית ירוק וקלמטה190ג,,IL,מיקס זית ירוק,גרמים,190.00,100 גרם,false,1,14.90,7.84,true,1,
7290011947798,false,זית קלמטה ללא גלעין190גר,,IL,זית קלמטה,גרמים,190.00,100 גרם,false,1,14.90,7.84,true,1,
7290011964689,false,תיבול על האש 100 גרם,תבליני טעם וריח,IL,תיבול על האש,גרמים,100.00,100 גרם,false,0,10.90,10.90,true,1,
7290012001994,false,חרדל דיז'ון ריין 350 גרם,ריין דיג'ון,FR,חרדל דיז'ון ריין,גרמים,350.00,100 גרם,false,0,13.10,3.74,true,1,
7290012019036,false,שיני שום כבושים בחומץ330,ליני דשן פוד,CN,שיני שום כבושים,גרמים,330.00,100 גרם,false,1,12.90,3.91,true,1,
7290012019258,false,"רסק תפו""ע 4 * 113 גרם",אינדיאן סאמר קו אופ אינק,US,"רסק תפו""ע 4 יח",גרמים,452.00,100 גרם,false,0,11.90,2.63,true,1,
7290012019265,false,"רסק תפו""ע ללת""ס 113*4 גר",אינדיאן סאמר קו אופ אינק,US,"רסק תפו""ע ללת""ס",גרמים,452.00,100 גרם,false,0,11.90,2.63,true,1,
7290012022005,false,קריספיות טבעי,דילייט,IL,קריספיות טבעי,גרמים,60.00,100 גרם,false,0,13.90,23.17,true,1,
7290012022050,false,קריספיות מרובה דגנים 75ג,דילייט,IL,קריספיות דגנים,גרמים,75.00,100 גרם,false,0,15.90,21.20,true,1,
7290012022067,false,קריספיות קידס 30 גרם,דילייט,IL,קריספיות קידס,גרמים,30.00,100 גרם,false,0,12.90,43.00,true,1,
7290012086113,false,עגבניה שרי אשכולות מובחר,קטיף.,IL,שרי אשכולות,גרמים,460.00,100 גרם,false,0,10.90,2.37,true,1,
7290012116551,false,"סנו אנטי קאלק רב""ש 2ליטר",סנו מפעלי ברונוס בעמ,IL,סנו אנטי קאלק,ליטרים,2.00,ליטר,false,0,24.30,12.15,true,1,
7290012117428,false,קרמה ג'ל רח.ושמפו גבר700,קוסמופארם בע'\'\מ,IL,קרמה ג'ל רחצה,מיליליטרים,700.00,"100 מ""ל",false,0,15.90,2.27,true,1,
7290012117534,false,מרכ.מקסימה ס.מרוכז קול1ל,"סנו מפעלי ברונוס בע""\מ",IL,מקסימה ס.מרוכז,ליטרים,1.00,ליטר,false,0,18.90,18.90,true,1,
7290012117541,false,מרכך מרוכז מקסימה זן 1 ל,סנו מפעלי ברונוס בעמ,IL,מקסימה מרכך,ליטרים,1.00,ליטר,false,0,18.90,18.90,true,1,
7290012117558,false,מרכ.מקסימה ס.מרוכז מסק1ל,"סנו מפעלי ברונוס בע""\מ",IL,מקסימה ס.מרוכז,ליטרים,1.00,ליטר,false,0,18.90,18.90,true,1,
7290012117916,false,אינסטלטור נוזלי,,IL,אינסטלטור נוזלי,ליטרים,1.00,ליטר,false,0,29.90,29.90,true,1,
7290012159275,false,מיונז לינה,,LT,מיונז לינה,גרמים,430.00,100 גרם,false,0,12.90,3.00,true,1,
7290012226120,false,קבנוס 135 גרם,זוגלובק,IL,קבנוס,גרמים,135.00,100 גרם,false,0,12.90,9.56,true,1,
7290012226342,false,נקנקיה טבעונית 460 גרם,זוגלובק,IL,נקניקיה טבעונית,גרמים,460.00,100 גרם,false,1,31.90,6.93,true,1,
7290012226922,false,קבנוס בטעם שום 135 גרם,זוגלובק,IL,קבנוס בטעם שום,גרמים,135.00,100 גרם,false,0,12.90,9.56,true,1,
7290012226939,false,קבנוס בטעם צ'ילי 135 גרם,זוגלובק,IL,קבנוס בטעם צ'ילי,גרמים,135.00,100 גרם,false,0,12.90,9.56,true,1,
7290012226991,false,"נקניקיות ג'מבו 1.5 ק""ג",זוגלובק,IL,נקניקיות ג'מבו,גרמים,1500.00,100 גרם,false,0,32.90,2.19,true,1,
7290012227912,false,קבנוס מעודן 135 גרם,זוגלובק,IL,קבנוס מעודן,גרמים,135.00,100 גרם,false,1,12.90,9.56,true,1,
7290012227974,false,פסטרמה בדבש דק דק דק,זוגלובק,IL,פסטרמה בדבש דק,גרמים,120.00,100 גרם,false,1,14.90,12.42,true,1,
7290012228261,false,נקניקיות הודו פרמיום קנק,זוגלובק,IL,נקניקיות קנקרס ה,גרמים,300.00,100 גרם,false,1,23.90,7.97,true,1,
7290012244018,false,עוג.מוס ר.חלב+שוק.לבן1קג,גידרון,IL,עוגת מוס,יחידה,1.00,יחידה,false,0,72.90,72.90,true,1,
7290012244278,false,עוגת היער השחור-פרווה720,גידרון,IL,עוגת היער השחור,גרמים,720.00,100 גרם,false,0,72.90,10.12,true,1,
7290012313141,false,פרוסות מלפפונים,,IL,פרוסות מלפפונים,גרמים,540.00,100 גרם,false,0,7.90,1.46,true,1,
7290012313431,false,זית מרוקאי המסיק 215 גרם,קבוצת יבנה,IL,זית מרוקאי המסיק,גרמים,215.00,100 גרם,false,1,13.90,6.47,true,1,
7290012313448,false,זית מעדניה מתוב.המסיק215,קבוצת יבנה,IL,זית מעדניה מתובל,גרמים,215.00,100 גרם,false,1,13.90,6.47,true,1,
7290012313554,false,עלי גפן ממולאים אורז400ג,קבוצת יבנה,TR,עלי גפן ממולאים,גרמים,400.00,100 גרם,false,1,9.90,2.48,true,1,
7290012372100,false,"קמח חיטה 80% 1 ק""ג","סופר קמח רובינפלד בע""מ",IL,קמח חיטה,קילוגרמים,1.00,"ק""ג",false,0,11.90,11.90,true,1,
7290012372124,false,"קמח כוסמין 100% 1 ק""ג","סופר קמח רובינפלד בע""מ",IL,קמח כוסמין,קילוגרמים,1.00,"ק""ג",false,1,18.90,18.90,true,1,
7290012372155,false,"קמח כוסמין 80% 1 ק""ג","סופר קמח רובינפלד בע""מ",IL,קמח כוסמין,קילוגרמים,1.00,"ק""ג",false,1,18.90,18.90,true,1,
7290012372247,false,קמח כוסמין לבן מנופה 1קג,"סופר קמח רובינפלד בע""מ",IL,קמח כוסמין,קילוגרמים,1.00,"ק""ג",false,1,18.90,18.90,true,1,
7290012404955,false,ספרינג קולקש.חמוציות1.25,"יפאורה תבורי בע""\מ",IL,ספרינג חמוציות,ליטרים,1.25,ליטר,false,0,13.90,11.12,true,1,
7290012413636,false,תה ירוק צ'אי מסאלה 25שק',ויסוצקי,IL,תה ירוק צ'אי,גרמים,38.00,100 גרם,false,0,26.90,70.79,true,1,
7290012413643,false,תה ירוק קמומיל 25שק1.5*ג,בית ויסוצקי,IL,תה ירוק קמומיל,גרמים,37.00,100 גרם,false,0,26.90,72.70,true,1,
7290012491474,false,מאמי קר שמפו לילדים 400מ,לה קרים,IL,שמפו לילדים,מיליליטרים,400.00,"100 מ""ל",false,0,33.90,8.48,true,1,
7290012522581,false,שניצל תירס טבעול ל.גלוטן,טבעול,IL,שניצל תירס,גרמים,664.00,100 גרם,false,0,25.90,3.90,true,1,
7290012576607,false,"קברנה פרמייר 750 מ""ל",יקבי ברקן,IL,פרמייר קברנה,מיליליטרים,750.00,"100 מ""ל",false,0,28.90,3.85,true,1,
7290012576614,false,"ריזלינג פרמייר 750 מ""ל",יקבי ברקן שיווק והפצה בע,IL,פרמייר ריזלינג,מיליליטרים,750.00,"100 מ""ל",false,0,28.90,3.85,true,1,
7290012642852,false,פלפל אדום קלוי 540 גרם,סאטקו,BG,פלל אדום קלוי,גרמים,540.00,100 גרם,false,0,13.90,2.57,true,1,
7290012645112,false,יוגורט עיזים בדלי 750גרם,מחלבת סוסיא,IL,יוגורט עיזים,גרמים,750.00,100 גרם,false,1,21.50,2.87,true,1,
7290012645389,false,יוגורט עיזים לשתיה 1 ל',מחלבת סוסיא,IL,יוגורט עיזים,ליטרים,1.00,ליטר,false,0,23.50,23.50,true,1,
7290012823381,false,מקסימה ס.מרוכז סנסטיב 1ל,"סנו מפעלי ברונוס בע""\מ",IL,מרכך כביסה,ליטרים,1.00,ליטר,false,0,18.90,18.90,true,1,
7290012823923,false,מ.מקסימה פרפיום גולדן750,סנו מפעלי ברונוס בעמ,IL,מקסימה פרפיום,מיליליטרים,750.00,"100 מ""ל",false,0,18.90,2.52,true,1,
7290012823947,false,מ.מקסימה פרפיום קריסט750,סנו מפעלי ברונוס בעמ,IL,מקסימה פרפיום,מיליליטרים,750.00,"100 מ""ל",false,0,18.90,2.52,true,1,
7290012884986,false,"ציפס לתנור 1.5 ק""ג","תעשיות תפוגן בע""\מ",IL,ציפס לתנור,קילוגרמים,1.50,"ק""ג",false,0,29.90,19.93,true,1,
7290012901355,false,ארוחת מקרוני עם גבינה206,הנדריקס פודס,US,ארוחת מקרוני,גרמים,206.00,100 גרם,false,1,12.90,6.26,true,1,
7290012901959,false,ארוחת פסטה+רוטב גבינה156,הנדריקס פודס,US,ארוחת פסטה,גרמים,156.00,100 גרם,false,1,12.90,8.27,true,1,
7290012901973,false,שעועית אדומה 400 גרם,יורוקום אס.אר.אל,IT,שעועית אדומה,גרמים,400.00,100 גרם,false,1,10.90,2.73,true,1,
7290012921025,false,"בירה מלכה בהירה 330 מ""ל",בירה מלכה,IL,בירה מלכה בהירה,מיליליטרים,330.00,"100 מ""ל",false,0,14.90,4.52,true,1,
7290012921032,false,"בירה מלכה אדמונית 330מ""ל",בירה מלכה,IL,בירה מלכה,מיליליטרים,330.00,"100 מ""ל",false,0,14.90,4.52,true,1,
7290012921056,false,בירה מלכה,,IL,בירה מלכה,מיליליטרים,330.00,"100 מ""ל",false,0,14.90,4.52,true,1,
7290012938405,false,רדיד אלומיניום רחב דיימו,ריינולדס,CN,רדיד אלומיניום,מטרים,7600.00,מטר,false,0,14.90,0.00,true,1,
7290012962578,false,300צמרוני אוזניים בקופסא,LTD CO S.T.O,CN,צימרוני אוזניים,יחידה,1.00,יחידה,false,0,7.90,7.90,true,1,
7290013027399,false,לחם מלא+100%שיפון-קל750ג,מאפיית שלמה א. אנג'\ל בע,IL,אנג'ל -100קל,גרמים,750.00,100 גרם,false,0,15.90,2.12,true,1,
7290013068361,false,"שמן זית אליעד 750 מ""ל",אליעד,IL,שמן זית,מיליליטרים,750.00,"100 מ""ל",false,0,38.90,5.19,true,1,
7290013068705,false,שמן זית ישראלי כתית750מ,אליעד,IL,"שמן זית 750 מ""ל",מיליליטרים,750.00,"100 מ""ל",false,0,38.90,5.19,true,1,
7290013083661,false,מטרנה אקסטרה קר שלב1 700,מטרנה תעשיות ש.מ,IL,מטרנה אקסטרה קר,גרמים,700.00,100 גרם,false,0,61.90,8.84,true,1,
7290013083678,false,מטרנה אקסטרה קר שלב2 700,מטרנה תעשיות ש.מ,IL,מטרנה אקסטרה קר,גרמים,700.00,100 גרם,false,0,61.90,8.84,true,1,
7290013083685,false,מטרנה אקסטרה קר שלב3 700,מטרנה תעשיות ש.מ,IL,מטרנה אקסטרה קר,גרמים,700.00,100 גרם,false,0,61.90,8.84,true,1,
7290013117212,false,בורקס פילו גבינה 600 גרם,"מעדנות בע""\מ",IL,בורקס גבינה,גרמים,600.00,100 גרם,false,0,23.90,3.98,true,1,
7290013117243,false,בורקס פילו בולגרית 600 ג,"מעדנות בע""\מ",IL,בורקס בולגרית,גרמים,600.00,100 גרם,false,0,23.90,3.98,true,1,
7290013117410,false,בצק פריך מתוק 450X2 900,"מעדנות בע""\מ",IL,בצק פריך,גרמים,900.00,100 גרם,false,0,26.40,2.93,true,1,
7290013117427,false,בצק פריך מלוח 450X2גרם 0,"מעדנות בע""\מ",IL,בצק פריך,גרמים,900.00,100 גרם,false,0,26.40,2.93,true,1,
7290013117526,false,בצק שמרים למאפים מתוקים,"מעדנות בע""\מ",IL,בצק שמרים,גרמים,900.00,100 גרם,false,0,25.70,2.86,true,1,
7290013146724,false,אייס קפה 350 גרם,,IL,אייס קפה,גרמים,350.00,100 גרם,false,1,19.70,5.63,true,1,
7290013146762,false,קצפת צמחית מעודנ24% 200מ,,BG,קצפת צמחית,מיליליטרים,200.00,"100 מ""ל",false,1,8.90,4.45,true,1,
7290013268020,false,מקסימה סופר מרוכז פרש 1ל,"סנו מפעלי ברונוס בע""\מ",IL,מרכך כביסה,ליטרים,1.00,ליטר,false,0,18.90,18.90,true,1,
7290013268242,false,ריצפז פרש מלון מפנק 2 ל,"סנו מפעלו ברונוס בע""\מ",IL,ריצפז פרש הום,ליטרים,2.00,ליטר,false,1,21.90,10.95,true,1,
7290013268891,false,אוקסיג'ן ג'ל 3ליטר,"סנו מפעלי ברונוס בע""\מ",IL,אוקסיג'ן ג'ל,ליטרים,3.00,ליטר,false,0,25.90,8.64,true,1,
7290013268983,false,מרכך בישום עוצמתי ג'וי1ל,"סנו מפעלי ברונוס בע""\מ",IL,מרכך מרוכז ג'וי,ליטרים,1.00,ליטר,false,1,18.90,18.90,true,1,
7290013268990,false,מקסימה מרכך מרוכז ביו1ל,"סנו מפעלי ברונוס בע""\מ",IL,מקסימה מרכך,ליטרים,1.00,ליטר,false,0,18.90,18.90,true,1,
7290013269003,false,מקסימה מרכך בייבי 1 ליטר,"סנו מפעלי ברונוס בע""\מ",IL,מקסימה מרכך,ליטרים,1.00,ליטר,false,0,19.90,19.90,true,1,
7290013269287,false,מקסימה ג'ל כביסה מאסק3ל,"סנו מפעלי ברונוס בע""\מ",IL,ג'ל כביסה מרוכז,ליטרים,3.00,ליטר,false,0,35.60,11.87,true,1,
7290013269621,false,ריצפז פרש הום בוטיק 2ל,סנו מפעלי ברונוס בעמ,IL,ריצפז פרש הום,ליטרים,2.00,ליטר,false,1,21.90,10.95,true,1,
7290013284112,false,זיתים ירוקים,,IL,זיתים ירוקים,גרמים,560.00,100 גרם,false,0,9.40,1.68,true,1,
7290013284143,false,מלפפונים במלח,,IL,מלפפונים במלח,גרמים,560.00,100 גרם,false,0,7.80,1.39,true,1,
7290013284310,false,רוטב פסטה,,IL,רוטב פסטה,גרמים,240.00,100 גרם,false,0,6.50,2.71,true,1,
7290013366085,false,תירס מתוק במיוחד,כרמלים שדות חדשים,IL,תירס מתוק במיוחד,גרמים,800.00,100 גרם,false,1,19.90,2.49,true,1,
7290013366108,false,אספרגוס ירוק,כרמלים שדות חדשים,IL,אספרגוס ירוק,גרמים,400.00,100 גרם,false,1,31.90,7.98,true,1,
7290013430250,false,בירה אלכסנדר חיטה 330 מל,אלכסנדר,IL,בירה אלכסנדר,מיליליטרים,330.00,"100 מ""ל",false,1,12.90,3.91,true,1,
7290013430304,false,"אלכסנדר גרין 330 מ""ל",אלכסנדר,IL,בירה אלכסנדר,מיליליטרים,330.00,"100 מ""ל",false,1,12.90,3.91,true,1,
7290013430403,false,בירה אלכסנדר בלייזר330מל,אלכסנדר,IL,בירה אלכסנדר,מיליליטרים,330.00,"100 מ""ל",false,1,12.90,3.91,true,1,
7290013440648,false,מאגדת אבטיח 5יח,גלידות נסטלה )נגה גלידות,IL,מאגדת אבטיח,גרמים,540.00,100 גרם,false,0,27.90,5.17,true,1,
7290013531346,false,סירופ דיאט לימונענע 1ל,"זנלכל בע""\מ",IL,סירופ  לימונענע,ליטרים,1.00,ליטר,false,1,17.90,17.90,true,1,
7290013585233,false,"ספרייט זירו 330 מ""ל",קוקה קולה,IL,ספרייט זירו,מיליליטרים,330.00,"100 מ""ל",false,1,5.40,1.64,true,1,
7290013585387,false,קולה זירו 1 ליטר,החברה המרכזית לייצור משק,IL,קולה זירו,ליטרים,1.00,ליטר,false,1,7.20,7.20,true,1,
7290013585394,false,קוקה קולה 1 ליטר,החברה המרכזית לייצור משק,IL,קוקה קולה,ליטרים,1.00,ליטר,false,1,7.50,7.50,true,1,
7290013608260,false,מיץ רימונים סחוט טרי 1ל',גניר,IL,מיץ רימונים,ליטרים,1.00,ליטר,false,0,26.70,26.70,true,1,
7290013652157,false,מגב.מסירי איפור רגיל30*3,פישר מעבדות פרמצבטיות בע,IL,מגבונים 3 יח,יחידה,1.00,יחידה,false,0,19.90,19.90,true,1,
7290013675545,false,שניצל כלי תחבורה 700 גרם,תנובה גליל שותפות מוגבלת,IL,שניצל כליתחבורה,גרמים,700.00,100 גרם,false,1,37.90,5.41,true,1,
7290013683632,false,עוגת קצפת עם אגוזים1.3קג,גידרון,IL,עוגת קצפת,קילוגרמים,1.30,"ק""ג",false,0,94.90,73.00,true,1,
7290013787392,false,רביולי במילוי גבינות,דודו איטליאן פרודקטס בע\,IL,רביולי במילוי גב,גרמים,330.00,100 גרם,false,1,28.90,8.76,true,1,
7290013787408,false,רביולי בטטה 330 גרם,דודו איטליאן פרודקטס בע\,IL,רביולי בטטה,גרמים,330.00,100 גרם,false,1,28.90,8.76,true,1,
7290013787415,false,רביולי תרד וריקוטה,דודו איטליאן פרודקטס בע\,IL,רביולי תרד וריקו,גרמים,330.00,100 גרם,false,1,28.90,8.76,true,1,
7290013787422,false,פלין פטריות בטעם כמהין,דודו איטליאן פרודקטס בע\,IL,פלין פטריות בטעם,גרמים,330.00,100 גרם,false,1,28.90,8.76,true,1,
7290013847454,false,טונה סטארקיסט קנולה160*4,"טונה ויאטנם קו,. אל.טי.ד",VN,טונה בשמן 4 יח,גרמים,640.00,100 גרם,false,1,25.90,4.05,true,1,
7290013848345,false,מטליות לחיטוי 50*3 יח',סנו מפעלי ברונוס בעמ,IL,מטליות ניקוי 3יח,יחידה,1.00,יחידה,false,1,21.90,21.90,true,1,
7290013848420,false,דאו.ג'ל אקטיב ספורט 70 מ,קוסמופארם בעמ,IL,דאו.ג'ל ספורט,מיליליטרים,70.00,"100 מ""ל",false,0,18.90,27.00,true,1,
7290013861955,false,תערובת פיצוחים 200גרם,שקדיה,IL,תערובת פיצוחים,גרמים,200.00,100 גרם,false,0,24.70,12.35,true,1,
7290013906052,false,נקניקיות פרגיות 300 גרם,טיב טירת צבי 2000,IL,נקניקיות פרגיות,גרמים,300.00,100 גרם,false,0,15.00,5.00,true,1,
7290013906205,false,פסטרמה שום וצ'ילי 400 גר,טיב טירת צבי 2000,IL,פסטרמה שום+צ'לי,גרמים,400.00,100 גרם,false,0,27.90,6.98,true,1,
7290013906212,false,"נקניקיות וינר 1 ק""ג",טיב טירת צבי 2000,IL,נקניקיות וינר,קילוגרמים,1.00,"ק""ג",false,0,25.90,25.90,true,1,
7290013906489,false,חטיפי קבנוס 120 גרם,טיב טירת צבי 2000,IL,חטיפי קבנוס,גרמים,120.00,100 גרם,false,0,12.90,10.75,true,1,
7290013906687,false,צמד כפרי ברביקיו 600גרם,טיב טירת צבי 2000,IL,צמד כפרי ברביקיו,גרמים,600.00,100 גרם,false,8,31.90,5.32,true,1,
7290013906694,false,"נקניקיות עוף 1.5 ק""ג 150",טיב טירת צבי 2000,IL,נקניקיות עוף 1.5,גרמים,1500.00,100 גרם,false,1,39.90,2.66,true,1,
7290014002197,false,חליטת קמומיל ולימונית25ש,ויסוצקי,IL,חליטת קמומיל,גרמים,75.00,100 גרם,false,0,19.90,26.53,true,1,
7290014002203,false,חליטת לימונית לואיזה 25ש,ויסוצקי,IL,חליטת לימונית,גרמים,75.00,100 גרם,false,0,19.90,26.53,true,1,
7290014002944,false,חליטת חמדת שקד גן קסום25,ויסוצקי,IL,חליטת חמדת שקד,גרמים,57.00,100 גרם,false,0,19.90,34.91,true,1,
7290014046016,false,פסטרמה של פעם 250גרם,יחיעם,IL,פסטרמה של פעם,גרמים,250.00,100 גרם,false,0,27.90,11.16,true,1,
7290014046580,false,פסטרמה הודו מעודנת עלהאש,יחיעם,IL,פסטרמה הודו מעוד,גרמים,300.00,100 גרם,false,1,22.90,7.63,true,1,
7290014059085,false,משחת סנסודיין לשיקום75מ,MICLEN DE,GB,משחת סנסודיין,מיליליטרים,75.00,"100 מ""ל",false,0,26.90,35.87,true,1,
7290014066366,false,קפסולות ריסטרטו 8 50 גרם,,IL,קפסולות לנדוור,גרמים,50.00,100 גרם,false,1,16.40,32.80,true,1,
7290014066373,false,קפסולות קלאסיק 9 50 גרם,,IL,קפסולות לנדוור,גרמים,50.00,100 גרם,false,1,16.40,32.80,true,1,
7290014066380,false,קפסולות סופרימו10 50גרם,,IL,קפסולות לנדוור,גרמים,50.00,100 גרם,false,1,16.40,32.80,true,1,
7290014066533,false,קפסולות קליה כפולה12 50ג,,IL,קפסולות לנדוור,גרמים,50.00,100 גרם,false,1,12.90,25.80,true,1,
7290014066915,false,קפה טורקי לנדוור100*4גרם,לנדוור,IL,קפה טורקי 4 יח,גרמים,400.00,100 גרם,false,1,25.90,6.48,true,1,
7290014083479,false,גבינת גאודה,,IL,גבינת גאודה,גרמים,150.00,100 גרם,false,0,11.90,7.93,true,1,
7290014095021,false,אגוז מלך טבעי150ג שקדיה,שקדיה,IL,אגוז מלך קלוף,גרמים,150.00,100 גרם,false,0,14.90,9.93,true,1,
7290014095052,false,פקאן מסוכר 150גרם,שקדיה,IL,פקאן מסוכר,גרמים,150.00,100 גרם,false,1,19.70,13.13,true,1,
7290014095861,false,שבולת שועל דקה 500 גרם,שקדיה,IL,שיבולת שועל,גרמים,500.00,100 גרם,false,0,7.90,1.58,true,1,
7290014217201,false,סומק מיכל 45 גרם,תבליני טעם וריח,IL,סומק במיכל,גרמים,45.00,100 גרם,false,1,7.00,15.56,true,1,
7290014217225,false,גריל עוף במיכל 120 גרם,תבליני טעם וריח,IL,גריל עוף,גרמים,120.00,100 גרם,false,0,11.80,9.83,true,1,
7290014217263,false,תערובת תיבול לפרגיות100ג,תבליני טעם וריח,IL,תערובת לפרגיות,גרמים,100.00,100 גרם,false,1,11.90,11.90,true,1,
7290014217362,false,תיבול לקציצות 100 גרם,תבליני טעם וריח,IL,תיבול לקציצות,גרמים,100.00,100 גרם,false,0,11.80,11.80,true,1,
7290014217478,false,תער.עשבי תיבול איטלקי30ג,תבליני טעם וריח,IL,תערובת תבלינים,גרמים,30.00,100 גרם,false,1,10.90,36.33,true,1,
7290014217492,false,תערובת תיבול פילדלפיה100,תבליני טעם וריח,IL,תערובת תבלינים,גרמים,100.00,100 גרם,false,1,11.90,11.90,true,1,
7290014218321,false,בורקס יפו גבינה 600גרם,"מעדנות בע""\מ",IL,בורקס יפו גבינה,גרמים,600.00,100 גרם,false,1,19.90,3.32,true,1,
7290014218932,false,חטיפי פיצה בתוספת זיתים,"מעדנות בע""\מ",IL,חטיפי פיצה בתוספ,גרמים,710.00,100 גרם,false,1,37.90,5.34,true,1,
7290014241589,false,מיקס אגוזים 150גרם,פיצוחי הטיב,IL,מיקס אגוזים,גרמים,150.00,100 גרם,false,0,16.90,11.27,true,1,
7290014256637,false,מוסקטו מבעבע באזז 750 מל,יקבי כרמל,IL,מוסקטו באזז,מיליליטרים,750.00,"100 מ""ל",false,0,29.90,3.99,true,1,
7290014321007,false,"שמן קוקוס אורגני 350 מ""ל",Serendipol,LK,שמן קוקוס אורגני,מיליליטרים,350.00,"100 מ""ל",false,0,33.70,9.63,true,1,
7290014397729,false,אקונומיקה פיסגה,,IL,אקונומיקה פיסגה,ליטרים,2.00,ליטר,false,0,11.50,5.75,true,1,
7290014397835,false,סנומט סמארט,,IT,סנומט סמארט,יחידה,1.00,יחידה,false,0,37.00,37.00,true,1,
7290014455252,false,גרנה פדנו מגורדת 100 גרם,,IT,גבינה גרנה פדנו,גרמים,100.00,100 גרם,false,1,12.90,12.90,true,1,
7290014455320,false,כדור מוצרלה פרסקה 100גרם,מחלבות גד,IL,מוצרלה פרסקה,גרמים,100.00,100 גרם,false,1,10.20,10.20,true,1,
7290014455467,false,מעדן שיבולת שועל 150 גרם,מחלבות גד,IL,מעדן שיבולת שועל,גרמים,150.00,100 גרם,false,1,6.00,4.00,true,1,
7290014455610,false,יוגורט עיזים +תות 125גרם,מחלבות גד,IL,יוגורט עיזים,גרמים,125.00,100 גרם,false,1,6.70,5.36,true,1,
7290014459373,false,"ציפס קראנצי לתנור 1.5ק""ג","תעשיות תפוגן בע""\מ",IL,ציפס קראנצי,גרמים,1500.00,100 גרם,false,1,28.90,1.93,true,1,
7290014466128,false,"אינדיגו הר חרמון 750 מ""ל",מיוצר וממולא על ידי יקב,IL,הר חרמון אינדיגו,מיליליטרים,750.00,"100 מ""ל",false,0,31.90,4.25,true,1,
7290014525016,false,סלים פרוט יוגורט תות 5י,סלים פרוטס,ES,חטיפי דגנים מרבה,גרמים,182.00,100 גרם,false,0,12.90,7.09,true,1,
7290014578777,false,קוקוס תאילנדי,,TH,קוקוס תאילנדי,יחידה,1.00,יחידה,false,0,17.90,17.90,true,1,
7290014692299,false,גבינת ברי,,DK,גבינת ברי,גרמים,125.00,100 גרם,false,0,21.10,16.88,true,1,
7290014692305,false,קממבר,,DK,קממבר,גרמים,125.00,100 גרם,false,0,21.10,16.88,true,1,
7290014749764,false,שניצל עוף ביתי עדין כזה,מוצרי עוף טוב (2001) בע\,IL,שניצל עוף ביתי ע,גרמים,700.00,100 גרם,false,1,47.90,6.84,true,1,
7290014749863,false,שניצל עוף דקענק צ'יפס,מוצרי עוף טוב (2001) בע\,IL,שניצל עוף דקענק,גרמים,720.00,100 גרם,false,1,44.90,6.24,true,1,
7290014749887,false,שניצל עוף דקענק קלאסי,מוצרי עוף טוב (2001) בע\,IL,שניצל עוף דק ענק,גרמים,720.00,100 גרם,false,1,44.90,6.24,true,1,
7290014758100,false,יוגורט ביו 8 יח,,IL,יוגורט ביו 8 יח,קילוגרמים,1.20,"ק""ג",false,0,17.30,14.42,true,1,
7290014758117,false,יוגורט ביו 8 יח,,IL,יוגורט ביו 8 יח,קילוגרמים,1.20,"ק""ג",false,0,17.30,14.42,true,1,
7290014758162,false,חלב עיזים מלא 1ל,,IL,חלב עיזים מלא 1ל,ליטרים,1.00,ליטר,false,0,15.70,15.70,true,1,
7290014759084,false,גבינת נפוליאון,,IL,גבינת נפוליאון,גרמים,225.00,100 גרם,false,0,15.00,6.67,true,1,
7290014759978,false,גבינת קשקבל / גלעד 200גר,תנובה,IL,גב.קשקבל / גלעד,גרמים,200.00,100 גרם,false,0,28.50,14.25,true,1,
7290014759985,false,גבינת פרמזן / גבע 200 גר,תנובה,IL,גבינת פרמזן/גבע,גרמים,200.00,100 גרם,false,0,27.50,13.75,true,1,
7290014759992,false,רוקפור גליל26% כבשים140ג,תנובה,IL,קולאז' רוקפור,גרמים,140.00,100 גרם,false,0,20.00,14.29,true,1,
7290014760134,false,מעדן סויה בטעם וניל 125ג,,IL,מעדן סויה וניל,גרמים,125.00,100 גרם,false,1,4.70,3.76,true,1,
7290014760141,false,משקה שקדים טרי 1 ליטר,סוי מג'יק,IL,משקה שקדים,ליטרים,1.00,ליטר,false,1,14.80,14.80,true,1,
7290014760448,false,גבינת גלבוע 22% 400 גרם,תנובה,IL,גבינת גלבוע,גרמים,400.00,100 גרם,false,1,24.00,6.00,true,1,
7290014761056,false,יולו שוקולד חלב,,IL,יולו שוקולד חלב,גרמים,123.00,100 גרם,false,0,5.00,4.07,true,1,
7290014761063,false,יולו שוקולד מריר,,IL,יולו שוקולד מריר,גרמים,123.00,100 גרם,false,0,5.00,4.07,true,1,
7290014761070,false,יולו שוקולד לבן,,IL,יולו שוקולד לבן,גרמים,123.00,100 גרם,false,0,5.00,4.07,true,1,
7290014761414,false,יולו שכבות שוקו.,,IL,יולו שכבות שוקו.,גרמים,123.00,100 גרם,false,0,5.00,4.07,true,1,
7290014761612,false,יולו שכבות שוקו.מריר122ג,מחלבת אלון תבור,IL,יולו שכבות שוקו.,גרמים,122.00,100 גרם,false,1,5.00,4.10,true,1,
7290014762800,false,מעדן סויה טעם שוקולד125ג,סוי מג'יק,IL,מעדן סויה ט.שוקו,גרמים,125.00,100 גרם,false,1,4.70,3.76,true,1,
7290014762909,false,פתיתי מוצרלה 200 גרם,תנובה,IL,פתיתי מוצרלה200ג,גרמים,200.00,100 גרם,false,1,17.90,8.95,true,1,
7290014763272,false,משקה סויה ביו תות בנ250מ,סוי מג'יק,IL,משקה סויה ביו,מיליליטרים,250.00,"100 מ""ל",false,1,6.90,2.76,true,1,
7290014791091,false,"שוופס לימונייד 500 מ""ל",יפאורה שותפות מובגלת לשי,IL,שוופס לימונייד,מיליליטרים,500.00,"100 מ""ל",false,0,6.30,1.26,true,1,
7290014855434,false,מגבו.בייביסיטר מבושם72*4,די.פי.אל,IL,מגבונים לחים 4יח,יחידה,1.00,יחידה,false,1,16.90,16.90,true,1,
7290014855458,false,מגבונ.ללא בישום 72*4יח,די.פי.אל,IL,מגבונים לחים 4יח,יחידה,1.00,יחידה,false,1,16.90,16.90,true,1,
7290014890206,false,קרם פרש שמנת 40% 250ג,משק יעקבס,IL,קרם פרש,גרמים,250.00,100 גרם,false,1,16.50,6.60,true,1,
7290014901254,false,"מרכך קרטין סטייל 750 מ""ל",א.ל ארמן,IL,מרכך קרטין,מיליליטרים,750.00,"100 מ""ל",false,0,26.90,3.59,true,1,
7290014940901,false,לחם פשוט מלא 750 גרם,מאפיית שלמה א. אנג'\ל בע,IL,לחם מלא,גרמים,750.00,100 גרם,false,1,15.90,2.12,true,1,
7290014962538,false,משחת טפטפים מנטה 50מל,כצט,IL,משחת שיניים,מיליליטרים,50.00,"100 מ""ל",false,0,12.90,25.80,true,1,
7290015009300,false,עלי טורטייה מקמח תירס360,פרינסס,TR,עלי טורטייה,גרמים,360.00,100 גרם,false,1,15.90,4.42,true,1,
7290015009317,false,נאצ'וס תירס טבעי 200 גרם,אוקיי סנקס,DK,נאצ'וס תירס טבעי,גרמים,200.00,100 גרם,false,1,14.50,7.25,true,1,
7290015009324,false,נאצ'וס ברביקיו 200 גרם,אוקיי סנקס,DK,נאצ'וס ברביקיו,גרמים,200.00,100 גרם,false,1,14.50,7.25,true,1,
7290015039338,false,נתחי טונה במים,,TH,נתחי טונה במים,גרמים,640.00,100 גרם,false,0,22.90,3.58,true,1,
7290015055000,false,עגבניה שרי ליקופ,,IL,עגבניה שרי ליקופ,גרמים,460.00,100 גרם,false,0,10.90,2.37,true,1,
7290015139267,false,"שוק.מריר שקדים ללת""ס85גר","כרמית תעשיות ממתקים בע""\",IL,שוקולד מריר,גרמים,85.00,100 גרם,false,1,6.90,8.12,true,1,
7290015150088,false,מחית עגבניות קלה 700 גרם,ויסוצקי,IT,מחית עגבניות,גרמים,700.00,100 גרם,false,1,12.80,1.83,true,1,
7290015150118,false,עגבניות חתוכות דק400*3ג,ויסוצקי,IT,עגבניות חתוכות,קילוגרמים,1.20,"ק""ג",false,1,19.50,16.25,true,1,
7290015150590,false,תה ירוק ג'ינג'ר חריף25שק,ויסוצקי,IL,תה ירוק ויסוצקי,גרמים,37.00,100 גרם,false,1,26.90,72.70,true,1,
7290015150903,false,תה ירוק קינמון ודבש 25שק,ויסוצקי,IL,תה ירוק ויסוצקי,גרמים,37.00,100 גרם,false,1,26.90,72.70,true,1,
7290015155823,false,חטיפטף פרינוק תפוח 120 ג,פרוטה פודיווין,CZ,חטיפטף פרינוק,גרמים,120.00,100 גרם,false,1,6.50,5.42,true,1,
7290015155847,false,חטיפטף פרינוק פירות120ג,פרוטה פודיווין,CZ,חטיפטף פרינוק,גרמים,120.00,100 גרם,false,1,6.50,5.42,true,1,
7290015156769,false,פאוץ' פרינוק תפוח ואוכמנ,,CZ,פאוץ' פרינוק תפו,גרמים,120.00,100 גרם,false,1,6.50,5.42,true,1,
7290015156813,false,חטיפטף פירות מעורבים120ג,,CZ,חטיפטף פרינוק,גרמים,120.00,100 גרם,false,1,6.50,5.42,true,1,
7290015324007,false,פלפל שחור גרוס בשקית80ג,תבליני טעם וריח,IL,פלפל שחור גרוס,גרמים,80.00,100 גרם,false,0,11.90,14.88,true,1,
7290015324014,false,פלפל שחור טחון בשקית80ג,תבליני טעם וריח,IL,פלפל שחור טחון,גרמים,80.00,100 גרם,false,0,11.90,14.88,true,1,
7290015324052,false,פפריקה מתוקה בשקית 80גרם,תבליני טעם וריח,IL,פפריקה מתוקה,גרמים,80.00,100 גרם,false,0,6.90,8.63,true,1,
7290015324069,false,גריל עוף בשקית 80 גרם,תבליני טעם וריח,IL,גריל עוף,גרמים,80.00,100 גרם,false,0,6.80,8.50,true,1,
7290015324083,false,מלח לימון בשקית 80 גרם,תבליני טעם וריח,IL,מלח לימון,גרמים,80.00,100 גרם,false,0,6.80,8.50,true,1,
7290015324090,false,כמון בשקית 80 גרם,תבליני טעם וריח,IL,כמון,גרמים,80.00,100 גרם,false,0,6.90,8.63,true,1,
7290015324106,false,כורכום בשקית 80 גרם,תבליני טעם וריח,IL,כורכום,גרמים,80.00,100 גרם,false,0,6.90,8.63,true,1,
7290015366663,false,משחה אקווה פרש עדין100,MICLEN DE,SK,משחה אקווה פרש,מיליליטרים,100.00,"100 מ""ל",false,1,7.90,7.90,true,1,
7290015599023,false,צהובה טבעונית,,GR,צהובה טבעונית,גרמים,200.00,100 גרם,false,0,24.70,12.35,true,1,
7290015599504,false,ממרח טעם חמאה אורגני225ג,דראגסבייאק,DK,ממרח טעם חמאה,גרמים,225.00,100 גרם,false,1,19.90,8.84,true,1,
7290015603560,false,"קרם קוקוס 20-22% 400 מ""ל",אסיאטיק אגרו אינדוסטרי,TH,קרם קוקוס,מיליליטרים,400.00,"100 מ""ל",false,1,10.90,2.73,true,1,
7290015644426,false,לחם מחמצת חיטה מלאה 600ג,מאפיית שלמה,IL,לחם מחמצת,גרמים,600.00,100 גרם,false,1,18.90,3.15,true,1,
7290015726115,false,לחם שאור קמח מלא אפוי670,מאפ גדרון,IL,לחם שאור קמח מלא,גרמים,670.00,100 גרם,false,11,17.90,2.67,true,1,
7290015726481,false,עוגת פס מוס שני שוקולדים,גידרון,IL,עוגת פס דואט,גרמים,550.00,100 גרם,false,1,49.90,9.07,true,1,
7290015726504,false,עוגת פס מוס ריבת חלב650ג,גידרון,IL,עוגת פס מוס,גרמים,650.00,100 גרם,false,1,49.90,7.68,true,1,
7290015726528,false,עוגת פס מוס טירמיסו,,IL,עוגת פס טירמיסו,גרמים,550.00,100 גרם,false,1,49.90,9.07,true,1,
7290015726559,false,עוגת דבש תפוח ואגוזים,גידרון,IL,עוגת דבש תפוח,גרמים,500.00,100 גרם,false,1,31.90,6.38,true,1,
7290015726764,false,עוגיות כעכים מלוחים 500ג,,IL,עוגיות כעכים,גרמים,500.00,100 גרם,false,1,17.90,3.58,true,1,
7290015733120,false,מטרנה גולד שלב1 700 גרם,נסטלה,IL,מטרנה גולד,גרמים,700.00,100 גרם,false,1,74.90,10.70,true,1,
7290015733939,false,"מטרנה AR בד""ץ 700 גרם",מטרנה תעשיות ש.מ.,IL,מטרנה AR,גרמים,700.00,100 גרם,false,1,79.60,11.37,false,1,
7290015781008,false,"יין ויז'ן מרלו 750 מ""ל","יקב טפרברג 1870 בע""מ",IL,יין ויז'ן מרלו,מיליליטרים,750.00,"100 מ""ל",false,1,42.90,5.72,true,1,
7290015781015,false,"יין ויז'ן מלבק 750 מ""ל","יקב טפרברג 1870 בע""מ",IL,יין ויז'ין מלבק,מיליליטרים,750.00,"100 מ""ל",false,1,42.90,5.72,true,1,
7290015781046,false,יין ויז'ן לבן חצי יבש750,"יקב טפרברג 1870 בע""מ",IL,יין ויז'ן לבן,מיליליטרים,750.00,"100 מ""ל",false,1,42.90,5.72,true,1,
7290015781053,false,יין ויז'ן לבן יבש 750 מל,"יקב טפרברג 1870 בע""מ",IL,יין ויז'ן לבן,מיליליטרים,750.00,"100 מ""ל",false,1,42.90,5.72,true,1,
7290015781091,false,"קברנה ויז'ן 750 מ""ל","יקב טפרברג 1870 בע""מ",IL,קברנה ויז'ן,מיליליטרים,750.00,"100 מ""ל",false,1,42.90,5.72,true,1,
7290015781121,false,"קברנה אימפרשן 750 מ""ל","יקב טפרברג 1870 בע""מ",IL,יין קברנה,מיליליטרים,750.00,"100 מ""ל",false,1,44.90,5.99,true,1,
7290015781152,false,"יין רוזה אימפרשן 750 מ""ל","יקב טפרברג 1870 בע""מ",IL,יין רוזה,מיליליטרים,750.00,"100 מ""ל",false,1,44.90,5.99,true,1,
7290015781275,false,"מוסקטו לבן מתוק 750 מ""ל","יקב טפרברג 1870 בע""מ",IL,מוסקטו לבן מתוק,מיליליטרים,750.00,"100 מ""ל",false,1,42.90,5.72,true,1,
7290015781299,false,"יין ויז'ן שיראז 750 מ""ל","יקב טפרברג 1870 בע""מ",IL,יין ויז'ן שיראז,מיליליטרים,750.00,"100 מ""ל",false,1,42.90,5.72,true,1,
7290015856621,false,ביסקוויט תירוש קרמל175גר,מגדנית הדר,IL,ביסקוויט תירוש,גרמים,175.00,100 גרם,false,1,6.90,3.94,true,1,
7290015856737,false,ח.אפונה טעם פלפל שחור50ג,אפיפית,IL,חטיף אפונה,גרמים,50.00,100 גרם,false,1,5.90,11.80,true,1,
7290015858106,false,פסטו ביתי 180 גרם,"מדשא תעשיות מזון בע""\מ",IL,פסטו ביתי,גרמים,180.00,100 גרם,false,1,17.90,9.94,true,1,
7290015858113,false,ממרח עגבניות מיובשות180,"מדשא תעשיות מזון בע""\מ",IL,ממרח עגבניות,גרמים,180.00,100 גרם,false,1,17.90,9.94,true,1,
7290016006346,false,"שוופס סודה 500*6 מ""ל",יפאורה תבורי בעמ,IL,שוופס סודה,ליטרים,3.00,ליטר,false,1,15.70,5.23,true,1,
7290016087123,false,רוטב עגב.מתובל קלאסי240ג,פריניר,IL,רוטב עגבניות,גרמים,240.00,100 גרם,false,1,6.50,2.71,true,1,
7290016096491,false,טונה בהירה שמן צמחי80*3ג,תעשיות פילטונה,IL,3טונה בשמן צמחי,גרמים,240.00,100 גרם,false,1,13.90,5.79,true,1,
7290016096507,false,טונה בשמן קנולה80*3 גרם,תעשיות פילטונה,IL,3טונה בשמן קנולה,גרמים,240.00,100 גרם,false,1,13.90,5.79,true,1,
7290016096934,false,סלט טונה פילטונה 160*2ג,תעשיות פילטונה,IL,סלט טונה 2 יח,גרמים,320.00,100 גרם,false,1,12.90,4.03,true,1,
7290016197488,false,מטלית למשטחים 3יח,INC UFO,CN,מטלית למשטחים,יחידה,1.00,יחידה,false,1,12.90,12.90,true,1,
7290016217711,false,איקרה לבנה 200 גרם,,IL,איקרה לבנה,גרמים,200.00,100 גרם,false,1,17.90,8.95,true,1,
7290016217728,false,איקרה אדומה 200 גרם,,IL,איקרה אדומה,גרמים,200.00,100 גרם,false,1,17.90,8.95,true,1,
7290016233995,false,פילה אנשובי בשמן זית45גר,אינוורסינס פריסקו,PE,אנשובי בשמן זית,גרמים,45.00,100 גרם,false,1,7.90,17.56,true,1,
7290016234008,false,אנשובי בשמן זית צנצנ100ג,אינוורסינס פריסקו,PE,אנשובי בשמן זית,גרמים,100.00,100 גרם,false,1,12.90,12.90,true,1,
7290016245615,false,לחם שיפון 900 גרם,ביכורים,IL,לחם שיפון,גרמים,900.00,100 גרם,false,1,20.90,2.32,true,1,
7290016245653,false,לחם שיפון מלא 550 גרם,"ביכורים מזון ומאפה בע""\מ",IL,לחם שיפון מלא,גרמים,550.00,100 גרם,false,1,18.90,3.44,true,1,
7290016245769,false,לחם כוסמין 600 גרם,ביכורים,IL,לחם כוסמין,גרמים,600.00,100 גרם,false,1,18.90,3.15,true,1,
7290016245806,false,לחמניות המבוגר כוסמין4יח,"ביכורים מזון ומאפה בע""\מ",IL,לחמניות המבוגר,גרמים,350.00,100 גרם,false,1,16.90,4.83,true,1,
7290016246018,false,חלבה מיקס פינוקיות20*10ג,"רושדי תעשיות מזון בע""\מ",IL,חלבה בארכה מיקס,גרמים,200.00,100 גרם,false,1,13.90,6.95,true,1,
7290016246292,false,חטיף חלבה וניל לוז 18*7ג,"רושדי תעשיות מזון בע""\מ",IL,חטיפי חלבה,גרמים,126.00,100 גרם,false,1,14.50,11.51,true,1,
7290016246445,false,טחינה מעודנת שומש.מלא310,"רושדי תעשיות מזון בע""\מ",IL,טחינה מעודנת,גרמים,310.00,100 גרם,false,1,13.90,4.48,true,1,
7290016246711,false,טחינה מעודנת בארכה310גרם,"רושדי תעשיות מזון בע""\מ",IL,טחינה מעודנת,גרמים,310.00,100 גרם,false,1,13.90,4.48,true,1,
7290016273090,false,סוכריה על מקל בטעמים31גר,,US,סוכריה על מקל,גרמים,31.00,100 גרם,false,1,5.00,16.13,true,1,
7290016314762,false,פרובנציאל מטיאס 200 גרם,,IL,פרובנציאל מטיאס,גרמים,200.00,100 גרם,false,1,22.90,11.45,true,1,
7290016314779,false,פילה מטיאס הולנדי 200גרם,,IL,פילה מטיאס,גרמים,200.00,100 גרם,false,1,22.90,11.45,true,1,
7290016314786,false,הרינג כבוש עם בצל 220 גר,,IL,הרינג כבוש,גרמים,220.00,100 גרם,false,1,22.90,10.41,true,1,
7290016314793,false,מקרל מעושן פרוס בשמן190ג,,IL,מקרל מעושן,גרמים,190.00,100 גרם,false,1,22.90,12.05,true,1,
7290016314809,false,סלט סלמון עם מיונז 200 ג,,IL,סלט סלמון,גרמים,200.00,100 גרם,false,1,22.90,11.45,true,1,
7290016314823,false,סלט מטיאס עם מיונז 200 ג,,IL,סלט מטיאס,גרמים,200.00,100 גרם,false,1,22.90,11.45,true,1,
7290016314830,false,גרבדלקס סלמון 100 גרם,,IL,גרבדלקס סלמון,גרמים,100.00,100 גרם,false,1,20.90,20.90,true,1,
7290016314847,false,סלמון מובחר 100גרם,,IL,סלמון מובחר,גרמים,100.00,100 גרם,false,1,20.90,20.90,true,1,
7290016321548,false,16 רצועות שעווה קמומיל,VIOKOX,ES,רצועות שעווה לגו,יחידה,1.00,יחידה,false,1,26.90,26.90,true,1,
7290016321661,false,64*4 פרש וואנס ללא בישום,עלבד משואות יצחק,IL,פרש וואנס 4יח,יחידה,1.00,יחידה,false,1,16.90,16.90,true,1,
7290016329278,false,מגבונים לתינוק קמיל בלו,פישר מעבדות פרמצבטיות בע,IL,מגבונים קמיל בלו,יחידה,1.00,יחידה,false,1,21.90,21.90,true,1,
7290016370904,false,זיתים ירוקים חרוזית430גר,קבוצת יבנה,IL,זיתים חרוזית,גרמים,430.00,100 גרם,false,1,7.90,1.84,true,1,
7290016370959,false,חציל קלוי על האש 530 גרם,קבוצת יבנה,GR,חציל קלוי על האש,גרמים,530.00,100 גרם,false,1,11.90,2.25,true,1,
7290016370973,false,פלפל אדום קלוי 540 גרם,קבוצת יבנה,GR,פלפל אדום קלוי,גרמים,540.00,100 גרם,false,1,11.90,2.20,true,1,
7290016372373,false,רסק עגבניות 140*2 גרם,ויסוצקי,IT,רסק עגבניות 2 יח,גרמים,280.00,100 גרם,false,1,8.90,3.18,true,1,
7290016437508,false,נייר טואלט מולט 24ג כפול,קימברלי-קלארק,IL,נייר טואלט מולט,מטרים,860.00,100 מטר,false,1,43.90,5.10,true,1,
7290016497243,false,ביגלה רומני 150גרם,גידרון,IL,ביגלה רומני,גרמים,150.00,100 גרם,false,1,5.80,3.87,true,1,
7290016497519,false,בייגל טוסט לבן,גידרון,IL,בייגלה טוסט לבן,גרמים,150.00,100 גרם,false,1,4.70,3.13,true,1,
7290016497526,false,בגט אותנטי לבן אפוי 280ג,מאפ גדרון,IL,בגט אותנטי לבן,גרמים,280.00,100 גרם,false,1,8.50,3.04,true,1,
7290016509786,false,ג'ל כביסה פרסיל 2.5 ליטר,"הנקל סוד בע""\מ",IL,ג'ל כביסה פרסיל,ליטרים,2.50,ליטר,false,1,36.90,14.76,true,1,
7290016509809,false,ג'ל כב.פרסיל קולור 2.5 ל,"הנקל סוד בע""\מ",IL,ג'ל כביסה פרסיל,ליטרים,2.50,ליטר,false,1,36.90,14.76,true,1,
7290016509830,false,ג'ל כב.פרסיל בייבי 2.5 ל,"הנקל סוד בע""\מ",IL,ג'ל כביסה בייבי,ליטרים,2.50,ליטר,false,1,36.90,14.76,true,1,
7290016545647,false,בירה קראפטי חזקה10% 330מ,"מבשלת הארץ בע""מ",IL,בירה קראפטי חזקה,מיליליטרים,330.00,"100 מ""ל",false,1,12.90,3.91,true,1,
7290016545678,false,"בירה קראפטי אמבר 330 מ""ל","מבשלת הארץ בע""מ",IL,בירה קראפטי אמבר,מיליליטרים,330.00,"100 מ""ל",false,1,12.90,3.91,true,1,
7290016682182,false,שייק תמר בננ.פחות סוכרל1,פריניב בעמ,IL,שייק תמר בננה,מיליליטרים,1000.00,"100 מ""ל",false,1,14.50,1.45,true,1,
7290016682243,false,מיץ 100%אשכולית אדומה 1ל,,IL,מיץ אשכולית אדומ,ליטרים,1.00,ליטר,false,1,16.10,16.10,true,1,
7290016682335,false,מיץ תפוזים סחוט 2 ליטר,,IL,מיץ תפוזים סחוט,ליטרים,2.00,ליטר,false,0,26.90,13.45,true,1,
7290016682342,false,מיץ תפוזים סחוט ולנסיה2ל,,IL,מיץ תפוזים סחוט,ליטרים,2.00,ליטר,false,0,25.90,12.95,true,1,
7290016682359,false,מיץ תפוזים סחוט שמוטי2ל,,IL,מיץ תפוזים סחוט,ליטרים,2.00,ליטר,false,0,25.90,12.95,true,1,
7290016682366,false,מיץ תפוח עץ צלול 2 ליטר,,IL,מיץ תפוח עץ,ליטרים,2.00,ליטר,false,0,26.90,13.45,true,1,
7290016682373,false,משקה קל לימונדה בלדי 2ל,,IL,משקה קל מצנון,ליטרים,2.00,ליטר,false,0,26.90,13.45,true,1,
7290016682380,false,משקה קל לימונדה לואיזה2ל,,IL,משקה קל מצנון,ליטרים,2.00,ליטר,false,0,26.90,13.45,true,1,
7290016866643,false,"משחה פרודונטקס פרש 75מ""ל",MICLEN DE,SK,משחה פרודונטקס,מיליליטרים,75.00,"100 מ""ל",false,1,32.90,43.87,true,1,
7290016967074,false,לחם אנג'ל חיטה מלאה750ג,מאפיית שלמה א. אנג'\ל בע,IL,אנג'ל חיטה מלאה,גרמים,750.00,100 גרם,false,1,17.90,2.39,true,1,
7290016967456,false,לחם מחמצת כוסמין 600 גרם,מאפיית שלמה א.אנג'\ל,IL,לחם מחמצת,גרמים,600.00,100 גרם,false,1,18.90,3.15,true,1,
7290016980103,false,בייבי בטטה שקיל,קטיף.,IL,בייבי בטטה,קילוגרמים,0.00,"ק""ג",true,1,9.90,9.90,true,1,
7290017023861,false,שוופס סודה לימון250*4מל,יפאורה תבורי בעמ,IL,שוופס סודה 4 יח,ליטרים,1.00,ליטר,false,1,12.90,12.90,true,1,
7290017046044,false,עוגיות מרוקאיות עגולות,,IL,עוגיות מרוקאיות,גרמים,500.00,100 גרם,false,1,17.90,3.58,true,1,
7290017046068,false,עוגיות שיבולת שועל 500 ג,,IL,עוגיות ש.שועל,גרמים,500.00,100 גרם,false,1,18.90,3.78,true,1,
7290017046075,false,"עוגיות ש.שועל ללת""ס 500ג",,IL,עוגיות ש.שועל,גרמים,500.00,100 גרם,false,1,18.90,3.78,true,1,
7290017046112,false,עוגיות כתר ריבה,,IL,עוגיות כתר,גרמים,500.00,100 גרם,false,1,17.90,3.58,true,1,
7290017046129,false,עוגיות דמקה 500 גרם,,IL,עוגיות דמקה,גרמים,500.00,100 גרם,false,1,17.90,3.58,true,1,
7290017046136,false,עוגיות פרסה,,IL,עוגיות פרסה,גרמים,500.00,100 גרם,false,1,17.90,3.58,true,1,
7290017065007,false,מוצרלה פרוסות22% 150 גרם,מחלבות גד,IL,מוצרלה פרוסות,גרמים,150.00,100 גרם,false,1,19.50,13.00,true,1,
7290017065137,false,ריקוטה למריחה 5% 200 גרם,מחלבות גד,IL,ריקוטה למריחה,גרמים,200.00,100 גרם,false,1,10.70,5.35,true,1,
7290017065212,false,קרם מסקרפונה 38% 250 גרם,מחלבות גד,IL,קרם מסקרפונה,גרמים,250.00,100 גרם,false,1,18.50,7.40,true,1,
7290017065526,false,קוואטרו פורמאגי 300 גרם,"מחלבות גד בע""\מ",IL,קוואטרו פורמאגי,גרמים,300.00,100 גרם,false,1,29.90,9.97,true,1,
7290017065649,false,קרם פטיסייר 250 גרם,"מחלבות גד בע""\מ",IL,קרם פטיסייר,גרמים,250.00,100 גרם,false,1,19.90,7.96,true,1,
7290017065786,false,צ'דר 200 גרם,"מחלבות גד בע""\מ",GB,גבינת צ'דר,גרמים,200.00,100 גרם,false,1,22.90,11.45,true,1,
7290017105468,false,אפונה קטנה 200*3 גרם,"זנלכל בע""\מ",IL,אפונה קטנה 3 יח,גרמים,600.00,100 גרם,false,1,14.90,2.48,true,1,
7290017105895,false,גרג.חומוס הכנה ביתית560ג,זנלכל,IL,גרגרי חומוס,גרמים,560.00,100 גרם,false,1,9.90,1.77,true,1,
7290017142005,false,"שמן קוקוס אורגני 320 מ""ל",אקספולנקה,LK,שמן קוקוס אורגני,מיליליטרים,320.00,"100 מ""ל",false,1,31.90,9.97,true,1,
7290017142111,false,טונה טו גו בשמן זית 85 ג,יוניקורד ח.צ בעמ,TH,פתיתי טונה,גרמים,85.00,100 גרם,false,1,8.90,10.47,true,1,
7290017142128,false,שמ.זית כתית מעול.קלאס750,שמן תעשיות בעמ,IT,שמן זית כתית,מיליליטרים,750.00,"100 מ""ל",false,1,33.90,4.52,true,1,
7290017142159,false,טונה בהירה בשמן זית80*3ג,יוניקורד ח.צ בעמ,TH,טונה בהירה,גרמים,240.00,100 גרם,false,1,24.90,10.38,true,1,
7290017142203,false,פילה טונה פרוס מעושן120ג,יוניקורד ח.צ בעמ,TH,פילה טונה פרוס,גרמים,120.00,100 גרם,false,1,15.90,13.25,true,1,
7290017142289,false,תרסיס שמן חמניות מזוכ200,קומפניה,IT,תרסיס שמן חמניות,מיליליטרים,200.00,"100 מ""ל",false,1,15.90,7.95,true,1,
7290017142395,false,פסטה+טונה בשמן זית 160ג,יוניקורד ח.צ בעמ,TH,פסטה עם טונה,גרמים,160.00,100 גרם,false,1,14.90,9.31,true,1,
7290017142456,false,נתחי טונה בשמן זית160*2ג,יוניקורד ח.צ בעמ,TH,טונה בשמן זית2יח,גרמים,320.00,100 גרם,false,1,28.90,9.03,true,1,
7290017142487,false,בורגול עם טונה וחומוס160,יוניקורד ח.צ בעמ,TH,בורגול עם טונה,גרמים,160.00,100 גרם,false,1,14.90,9.31,true,1,
7290017217314,false,נרות חימום הדרים 50 יח,LTD T.G.C,CN,נרות חימום,יחידה,1.00,יחידה,false,1,13.90,13.90,true,1,
7290017217321,false,נרות חימום לבנדר 50 יח,LTD T.G.C,CN,נרות חימום,יחידה,1.00,יחידה,false,1,11.90,11.90,true,1,
7290017304885,false,לחם שיפון מלא פרוס 750גר,מאפיית שלמה א. אנג'\ל בע,IL,לחם שיפון מלא,גרמים,750.00,100 גרם,false,1,17.90,2.39,true,1,
7290017457925,false,מרכך פרש ורוד 900 מל,,IL,סוד מרכך ורוד,מיליליטרים,900.00,"100 מ""ל",false,1,14.90,1.66,true,1,
7290017513409,false,תה ירוק סופר סגול1.5*25ג,ויסוצקי,IL,תה ירוק,גרמים,37.00,100 גרם,false,1,26.90,72.70,true,1,
7290017513775,false,בייגלה מצופה שוק.חלב140ג,אולקר מקבוצת פלאדיס,TR,בייגלה מצופה,גרמים,140.00,100 גרם,false,1,9.90,7.07,true,1,
7290017513829,false,תה ירוק ל.ג'ינג'ר+ויטמ25,ויסוצקי,IL,תה ירוק+ויטמינים,גרמים,37.00,100 גרם,false,1,26.90,72.70,true,1,
7290017513867,false,תה ירוק ל.לואיזה+ויטמי25,ויסוצקי,IL,תה ירוק+ויטמינים,גרמים,37.00,100 גרם,false,1,26.90,72.70,true,1,
7290017589633,false,"קברנה רזרב גולד 750 מ""ל",יקבי ברקן,IL,קברנה רזרב גולד,מיליליטרים,750.00,"100 מ""ל",false,1,54.90,7.32,true,1,
7290017599267,false,סוכרזית סוכרלוז 120שקיות,ביסקול בע''מ,IL,סוכרזית סוכרלוז,גרמים,120.00,100 גרם,false,1,25.90,21.58,true,1,
7290017617091,false,מיקס טו גו פתית+טונה185ג,דרדנל אוננטאס גידה,TR,מיקס טו גו טונה,גרמים,185.00,100 גרם,false,1,11.90,6.43,true,1,
7290017617107,false,מיקס טו גו 4דגנ+טונה185ג,דרדנל אוננטאס גידה,TR,מיקס טו גו טונה,גרמים,185.00,100 גרם,false,1,11.90,6.43,true,1,
7290017617428,false,מיקס סלמון+פסטה ברוטב160,גראאל אס איי,PL,מיקס סלמון,גרמים,160.00,100 גרם,false,1,15.90,9.94,true,1,
7290017617435,false,מיקס סלמון+עדש.וקינוא160,גראאל אס איי,PL,מיקס סלמון,גרמים,160.00,100 גרם,false,1,15.90,9.94,true,1,
7290017618111,false,עוג.מלבן טריפל שוקולד180,,IL,עוגיות לחמי,גרמים,180.00,100 גרם,false,1,19.90,11.06,true,1,
7290017637570,false,MBמרכך לשיער מתולתל500מ,סאסא קוסמטיקס,IL,MB מרכך לשיער,מיליליטרים,500.00,"100 מ""ל",false,1,24.90,4.98,true,1,
7290017637594,false,"MB שמפו לשיער SM 500 מ""ל",סאסא קוסמטיקס,IL,MB שמפו לשיער,מיליליטרים,500.00,"100 מ""ל",false,1,24.90,4.98,true,1,
7290017637624,false,MB שמפו לשיער יסמין500מ,סאסא קוסמטיקס,IL,MB שמפו יסמין,מיליליטרים,500.00,"100 מ""ל",false,1,24.90,4.98,true,1,
7290017637631,false,MB מרכך לשיער יסמין500מ,סאסא קוסמטיקס,IL,MB מרכך יסמין,מיליליטרים,500.00,"100 מ""ל",false,1,24.90,4.98,true,1,
7290017677804,false,"רוטב סויה קיקומן 444 מ""ל",קיקומן פודז אינק,US,רוטב סויה קיקומן,מיליליטרים,444.00,"100 מ""ל",false,1,21.90,4.93,true,1,
7290017812052,false,שיראז-קברנה אקסלנס 750מל,יקבי כרמל,IL,שיראז-קברנה,מיליליטרים,750.00,"100 מ""ל",false,1,29.90,3.99,true,1,
7290017812069,false,ריזלינג-שרדונה אקסלנס750,יקבי כרמל,IL,ריזלינג-שרדונה,מיליליטרים,750.00,"100 מ""ל",false,1,29.90,3.99,true,1,
7290017812571,false,מיץ ענבים תירוש אדום 1 ל,יקבי כרמל,IL,תירוש כרמל אדום,ליטרים,1.00,ליטר,false,1,21.90,21.90,true,1,
7290017812588,false,תירוש מיץ ענבים לבן 1 ל',יקבי כרמל,IL,מיץ תירוש לבן,ליטרים,1.00,ליטר,false,1,21.90,21.90,true,1,
7290017812656,false,כרמל תירוש מבעבע אדום750,ג'\קובז'\י איי.אי פיגלי,IL,תירוש מבעבע אדום,מיליליטרים,750.00,"100 מ""ל",false,1,23.90,3.19,true,1,
7290017812977,false,"באזז בטעם אננס 750 מ""ל",יקבי כרמל,IL,באזז בטעם אננס,מיליליטרים,750.00,"100 מ""ל",false,1,29.90,3.99,true,1,
7290017871950,false,מגבוני נייר טואלט 40*3יח,עלבד משואות יצחק,IL,מגבוני נ.טואלט,יחידה,1.00,יחידה,false,1,13.90,13.90,true,1,
7290017871998,false,פודינג אינסטנט וניל 30ג,אשבל,IL,פודינג אינסטנט,גרמים,30.00,100 גרם,false,1,11.90,39.67,true,1,
7290017872018,false,פרש וואנס- קרם החתלה לתי,,IL,פרש וואנס קרם הח,מיליליטרים,100.00,"100 מ""ל",false,1,12.90,12.90,true,1,
7290017888026,false,פרוט&וג' אננ.תפוח גזר350,יפאורה תבורי בעמ,IL,משקה פרוט&וג',מיליליטרים,350.00,"100 מ""ל",false,1,8.60,2.46,true,1,
7290017888644,false,פרוט&וג' אננ.בננ.כורכ350,,IL,משקה פרוט&וג',מיליליטרים,350.00,"100 מ""ל",false,1,8.60,2.46,true,1,
7290017888729,false,סודה שוופס 1 ליטר,"יפאורה תבורי בע""\מ",IL,סודה שוופס,ליטרים,1.00,ליטר,false,1,4.90,4.90,true,1,
7290017888972,false,מי עדן ספורט פקק 1 ליטר,"מופק ממקור בזלתי עדן ,1",IL,מי עדן ספורט,ליטרים,1.00,ליטר,false,1,5.20,5.20,true,1,
7290017928036,false,גריסיני שומשום 175 גרם,מאיר בייגל,IL,גריסיני שומשום,גרמים,175.00,100 גרם,false,1,12.90,7.37,true,1,
7290017928043,false,גריסיני קראנץ עם מלח175ג,מאיר בייגל,IL,גריסיני קראנץ,גרמים,175.00,100 גרם,false,1,12.90,7.37,true,1,
7290017928098,false,בייגלה שטוחל'ה מלח 330גר,מאיר בייגל,IL,בייגלה שטוחל'ה,גרמים,330.00,100 גרם,false,1,12.90,3.91,true,1,
7290017928227,false,בייגלה שטוחלה פינוקים300,מאיר בייגל,IL,בייגלה שטוחלה,גרמים,300.00,100 גרם,false,1,12.90,4.30,true,1,
7290017928463,false,שברי בייגלה,,,שברי בייגלה,יחידה,1.00,יחידה,false,0,11.90,11.90,true,1,
7290017928616,false,בייגלה שטוחלה שומשום300ג,מאיר בייגל,IL,בייגלה שטוחלה,גרמים,300.00,100 גרם,false,1,12.90,4.30,true,1,
7290017928661,false,שברי בייגלה,,,שברי בייגלה,יחידה,1.00,יחידה,false,0,11.90,11.90,true,1,
7290017928685,false,בייגלה שמיניות מלח 400 ג,מאיר בייגל,IL,בייגלה שמיניות,גרמים,400.00,100 גרם,false,1,12.90,3.23,true,1,
7290017928746,false,פירורי בייגלה 200 גרם,מאיר בייגל,IL,פירורי בייגלה,גרמים,200.00,100 גרם,false,1,7.90,3.95,true,1,
7290017928807,false,בייגלה אצבעות שומשום300ג,מאיר בייגל,IL,בייגלה אצבעות,גרמים,300.00,100 גרם,false,1,12.90,4.30,true,1,
7290017928821,false,גריסיני קלאסי 200 גרם,מאיר בייגל,IL,גריסיני קלאסי,גרמים,200.00,100 גרם,false,1,12.90,6.45,true,1,
7290017947105,false,לחם בסגנון אמריקה 500 גר,מאפיית שלמה א. אנג'\ל בע,IL,לחם סגנון אמריקה,גרמים,500.00,100 גרם,false,1,15.90,3.18,true,1,
7290017947464,false,פיתות כוסמין 8יח 400 גרם,מאפיית שלמה א.אנג'\ל בע\,IL,פיתות כוסמין,גרמים,400.00,100 גרם,false,1,17.90,4.48,true,1,
7290017947495,false,לחמנ.כוסמין אנג'ל6יח450ג,,,לחמניות כוסמין6*,יחידה,1.00,יחידה,false,0,16.90,16.90,true,1,
7290017947891,false,לחם כוסמין+חיטה מלאה750ג,מאפיית שלמה א. אנג'\ל בע,IL,אנג'ל  כוסמין,גרמים,750.00,100 גרם,false,1,17.90,2.39,true,1,
7290017947921,false,לחמנ.המבורגר אמריקה75*6ג,מאפיית שלמה א. אנג'\ל בע,IL,לחמניות המבורגר,גרמים,450.00,100 גרם,false,1,15.90,3.53,true,1,
7290017947938,false,לחמניות מיני המבורגר400ג,מאפיית שלמה א. אנג'\ל בע,IL,לחמניות המבורגר,גרמים,400.00,100 גרם,false,1,15.90,3.98,true,1,
7290018045084,false,דגנים במילוי ק.בראוני480,,DE,דגנים במילוי קרם,גרמים,480.00,100 גרם,false,1,21.90,4.57,true,1,
7290018045497,false,דגנים במילוי ק.שוקולד480,,DE,דגנים במילוי,גרמים,480.00,100 גרם,false,1,21.90,4.57,true,1,
7290018045893,false,דגנים במילוי קרם נוגט480,,DE,דגנים במילוי קרם,גרמים,480.00,100 גרם,false,1,21.90,4.57,true,1,
7290018091029,false,מקלות פילו תפוחי אדמה,"מעדנות בע""\מ",IL,מקלותפילו ת.אדמה,גרמים,450.00,100 גרם,false,1,21.90,4.87,true,1,
7290018091876,false,מאפה פילו גבינה 320 גרם,"מעדנות בע""\מ",IL,מאפה פילו גבינה,גרמים,320.00,100 גרם,false,1,21.90,6.84,true,1,
7290018098486,false,פיצה מרגריטה לל.לקטוז350,"אופק מן הטבע בע""\מ",IL,פיצה ללא לקטוז,גרמים,350.00,100 גרם,false,1,22.90,6.54,true,1,
7290018098493,false,פיצה זיתים ללא לקטוז350ג,"אופק מן הטבע בע""\מ",IL,פיצה משפחתית,גרמים,350.00,100 גרם,false,1,22.90,6.54,true,1,
7290018131756,false,מאגדת וניל מצופה תות 440,גלידות נסטלה )נגה גלידות,IL,מאגדת וניל מצופה,גרמים,440.00,100 גרם,false,1,31.90,7.25,true,1,
7290018132340,false,מטרנה גולד שלב 1 700 גרם,מטרנה תעשיות ש.מ.,IL,מטרנה גולד שלב 1,גרמים,700.00,100 גרם,false,1,74.90,10.70,true,1,
7290018156780,false,אלכו קרם היגיינת ידיים75,,IL,אלכו קרם ג'ל,מיליליטרים,75.00,"100 מ""ל",false,1,21.90,29.20,true,1,
7290018165010,false,גוורצטרמינר רזרב גולד750,יקבי ברקן שיווק והפצה בע,IL,גוורצ רזרב גולד,מיליליטרים,750.00,"100 מ""ל",false,1,54.90,7.32,true,1,
7290018236659,false,צ'ונגו  פופקורן בציפוי,מוצרי עוף טוב (2001) בע\,IL,צ'ונגו  פופקורן,גרמים,600.00,100 גרם,false,1,39.90,6.65,true,1,
7290018237281,false,נקניק סלמי ירדן 550 גרם,מוצרי עוף טוב (2001) בע\,IL,נקניק סלמי ירדן,גרמים,550.00,100 גרם,false,1,23.90,4.34,true,1,
7290018237410,false,פסטרמה במעשנה מנתח שלם,מוצרי עוף טוב (2001) בע\,IL,פסטרמה במעשנה,גרמים,300.00,100 גרם,false,1,29.90,9.97,true,1,
7290018237939,false,שניצלונים בציפוי שומשום,מוצרי עוף טוב (2001) בע\,IL,שניצלונים בציפוי,גרמים,700.00,100 גרם,false,1,21.90,3.13,true,1,
7290018249154,false,ממרח קקאו אגוזי לוז350ג,אחדות,IL,ממרח קקאו,גרמים,350.00,100 גרם,false,1,33.90,9.69,true,1,
7290018249802,false,סוויטאנגו 280גרם,מתבל תעשיות מזון,IL,סוויטאנגו,גרמים,280.00,100 גרם,false,1,28.90,10.32,true,1,
7290018285145,false,קוסקוס מחיטת דורום 500גר,,IT,קוסקוס,גרמים,500.00,100 גרם,false,1,10.90,2.18,true,1,
7290018294208,false,"יין אדום סלקטד 750 מ""ל",יקבי כרמל,IL,יין אדום סלקטד,מיליליטרים,750.00,"100 מ""ל",false,1,29.90,3.99,true,1,
7290018294901,false,"מונלייט אדום 750 מ""ל",יקבי כרמל,IL,מונלייט אדום,מיליליטרים,750.00,"100 מ""ל",false,1,37.90,5.05,true,1,
7290018294918,false,מונלייט סמוק מבעבע 750מל,יקבי כרמל,IL,מונלייט סמוק,מיליליטרים,750.00,"100 מ""ל",false,1,37.90,5.05,true,1,
7290018359686,false,הקיסר חומוס ענק 550 גרם,"זנלכל בע""\מ",IL,חומוס ענק,גרמים,550.00,100 גרם,false,1,9.90,1.80,true,1,
7290018359884,false,פולפה ליקופן טבעית400*2ג,זנלכל,IL,פולפה ליקופן 2יח,גרמים,800.00,100 גרם,false,1,10.00,1.25,true,1,
7290018359938,false,רוטב שקשוקה יכין 400 גרם,זנלכל,IL,רוטב שקשוקה,גרמים,400.00,100 גרם,false,1,12.50,3.13,true,1,
7290018359945,false,חאריפה רוטב פיקנטי 400 ג,זנלכל,IL,חאריפה,גרמים,400.00,100 גרם,false,1,12.50,3.13,true,1,
7290018359969,false,רוטב פיצה יכין 400 גרם,זנלכל,IL,רוטב פיצה,גרמים,400.00,100 גרם,false,1,12.50,3.13,true,1,
7290018380727,false,דפי בצק פילו עגול 400גרם,,TR,דפי בצק פילו,גרמים,400.00,100 גרם,false,1,15.90,3.98,true,1,
7290018380741,false,דפי בצק פילו עגולים 500,,TR,דפי בצק פילו,גרמים,500.00,100 גרם,false,1,15.90,3.18,true,1,
7290018394021,false,פטריות מלך היער,חוות פטריות תקוע,CN,פטריות מלך היער,גרמים,150.00,100 גרם,false,1,12.90,8.60,true,1,
7290018400807,false,טברנה יוונית 800 גרם,סנפרוסט בעמ,IL,טברנה יוונית,גרמים,800.00,100 גרם,false,1,24.90,3.11,true,1,
7290018440209,false,בייגלה מצופה,אולקר מקבוצת פלאדיס,,בייגלה מצופה,יחידה,1.00,יחידה,false,0,9.90,9.90,true,1,
7290018440223,false,צ'אי מסאלה עוצמתי2*25גרם,,IL,צ'אי מסאלה,גרמים,50.00,100 גרם,false,1,18.90,37.80,true,1,
7290018440230,false,צ'אי ורדים 25 * 2 גרם,,IL,צ'אי ורדים,גרמים,50.00,100 גרם,false,1,18.90,37.80,true,1,
7290018440254,false,צ'אי קרמל מלוח 25 * 2גרם,,IL,צ'\אי קרמל מלוח,גרמים,50.00,100 גרם,false,1,18.90,37.80,true,1,
7290018440438,false,טונה בשמן זית 65*3 גרם,"קאלוו קונסרבס ס.ל.יו. ,",ES,טונה בשמן זית3יח,גרמים,195.00,100 גרם,false,1,23.90,12.25,true,1,
7290018440490,false,סלט טונה עם קוסקוס 150 ג,"קאלוו קונסרבס ס.ל.יו. ,",ES,סלט טונה+קוסקוס,גרמים,150.00,100 גרם,false,1,13.90,9.27,true,1,
7290018440513,false,סלט קליפורניה+טונה150ג,"קאלוו קונסרבס ס.ל.יו. ,",ES,סלט קליפורניה,גרמים,150.00,100 גרם,false,1,13.90,9.27,true,1,
7290018440575,false,תה ירוק לימונ+לואיזה25+5,ויסוצקי,IL,תה ירוק לימונית,גרמים,48.00,100 גרם,false,1,26.90,56.04,true,1,
7290018440896,false,חליטת ג'ינג'ר וכורכום25ש,ויסוצקי,IL,חליטת ג'ינג'ר,גרמים,50.00,100 גרם,false,1,19.90,39.80,true,1,
7290018468302,false,נקניקיות צמחיות מרגז 400,,IL,נקניקיות צמחיות,גרמים,400.00,100 גרם,false,1,41.90,10.48,true,1,
7290018468418,false,פסטרמה צמחונית מפולפל120,טיב טירת צבי 2000,IL,פסטרמה צמחונית,גרמים,120.00,100 גרם,false,1,15.90,13.25,true,1,
7290018471029,false,שוופס סודה לימון 500*6מל,יפאורה תבורי בעמ,IL,שוופס סודה 6 יח,ליטרים,3.00,ליטר,false,1,15.70,5.23,true,1,
7290018471135,false,ספרינג בננה תמר תפוז330מ,"יפאורה תבורי בע""\מ",IL,ספרינג שייק,מיליליטרים,330.00,"100 מ""ל",false,1,7.60,2.30,true,1,
7290018471142,false,ספרינג בננה אננס 330מל,"יפאורה תבורי בע""\מ",IL,ספרינג שייק בננה,מיליליטרים,330.00,"100 מ""ל",false,1,7.60,2.30,true,1,
7290018471180,false,פרוט&ווג אננס תפוח גזר1ל,יפאורה תבורי בעמ,IL,מיץ פרוט & ווג',ליטרים,1.00,ליטר,false,1,14.10,14.10,true,1,
7290018471210,false,ספרינג אגס תפוח סברס 1 ל,"יפאורה תבורי בע""\מ",IL,ספרינג 1 ליטר,ליטרים,1.00,ליטר,false,1,7.60,7.60,true,1,
7290018471401,false,פרוט&ווג אננ.בננ.כורכו1ל,יפאורה תבורי בעמ,IL,מיץ פרוט & ווג',ליטרים,1.00,ליטר,false,1,14.10,14.10,true,1,
7290018471449,false,ספרינג בננה תמר תפוז 1 ל,"יפאורה תבורי בע""\מ",IL,ספרינג שייק,ליטרים,1.00,ליטר,false,1,14.10,14.10,true,1,
7290018471470,false,תפוזינה תפוז פסיפלורה1ל,"יפאורה תבורי בע""\מ",IL,תפוזינה enjoy,ליטרים,1.00,ליטר,false,1,7.90,7.90,true,1,
7290018471616,false,שוופס טוניק אינדיאן 1ל',"יפאורה תבורי בע""\מ",IL,שוופס טוניק אינד,ליטרים,1.00,ליטר,false,1,10.10,10.10,true,1,
7290018471623,false,שוופס טוניק אשכול.ליצי1ל,"יפאורה תבורי בע""\מ",IL,שוופס טוניק,ליטרים,1.00,ליטר,false,1,10.10,10.10,true,1,
7290018471722,false,משקה אלוורה קינג ליצ'י1ל,OKF,KR,משקה אלוורה ליצי,ליטרים,1.00,ליטר,false,1,14.10,14.10,true,1,
7290018471906,false,שוופס לימונדה ורודה1.5ל,"יפאורה תבורי בע""\מ",IL,שוופס לימונדה,ליטרים,1.50,ליטר,false,0,9.50,6.33,true,1,
7290018471913,false,שוופס מוגז תפוחים1.5ל',"יפאורה תבורי בע""\מ",IL,שוופס תפוחים,ליטרים,1.50,ליטר,false,0,9.50,6.33,true,1,
7290018471920,false,שוופס מוגז ענבים 1.5ליטר,"יפאורה תבורי בע""\מ",IL,שוופס ענבים,ליטרים,1.50,ליטר,false,0,9.50,6.33,true,1,
7290018471937,false,שוופס מוגז תות ליים 1.5ל,"יפאורה תבורי בע""\מ",IL,שוופס מוגז תו,ליטרים,1.50,ליטר,false,0,9.50,6.33,true,1,
7290018471944,false,שוופס מוגז לימונייד 1.5ל,"יפאורה תבורי בע""\מ",IL,שוופס לימוניי,ליטרים,1.50,ליטר,false,0,9.50,6.33,true,1,
7290018471951,false,שוופס מוגז אשכולית אדומה,"יפאורה תבורי בע""\מ",IL,שוופס אשכולית,ליטרים,1.50,ליטר,false,0,9.50,6.33,true,1,
7290018493052,false,ק.ידים אפקטיב אבוקדו100מ,"ד""ר שר",IL,קרם ידיים,מיליליטרים,100.00,"100 מ""ל",false,1,15.90,15.90,true,1,
7290018500361,false,לחם אחיד פרוס 900 גרם,מאפיית שלמה א. אנג'\ל בע,IL,לחם אחיד פרוס,גרמים,900.00,100 גרם,false,1,8.50,0.94,true,1,
7290018516324,false,"פרינוק פאוצ' ת""פ ושיב120",פרוטה פודיווין,CZ,פרינוק,גרמים,120.00,100 גרם,false,1,6.50,5.42,true,1,
7290018516331,false,"פרינוק פאוצ' ת""פ בננה120",פרוטה פודיווין,CZ,פרינוק,גרמים,120.00,100 גרם,false,1,6.50,5.42,true,1,
7290018516348,false,פרינוק פאוצ' סלט פירו120,פרוטה פודיווין,CZ,פרינוק,גרמים,120.00,100 גרם,false,1,6.50,5.42,true,1,
7290018516379,false,פרינוק פירות ושיבולת190ג,פרוטה פודיווין,CZ,פרינוק ארוחת סלט,גרמים,190.00,100 גרם,false,1,6.90,3.63,true,1,
7290018540329,false,פיתה פיתה 8 * 100 גרם,מאפיית שלמה א. אנג'\ל בע,IL,פיתה פיתה 8 יח,גרמים,800.00,100 גרם,false,1,13.90,1.74,true,1,
7290018540817,false,לחם מחמצת כוסמין 500 גרם,,IL,לחם מחמצת כוסמין,גרמים,500.00,100 גרם,false,1,19.90,3.98,true,1,
7290018540824,false,לחם מחמצת כפרי 500 גרם,,IL,לחם מחמצת כפרי,גרמים,500.00,100 גרם,false,1,18.90,3.78,true,1,
7290018540831,false,לחם מחמצת ח.מלאה+גרעי500,,IL,לחם מחמצת,גרמים,500.00,100 גרם,false,1,18.90,3.78,true,1,
7290018556276,false,רויאל טעם רוזטה שקדים750,פיירוואטר,IL,רויאל ט.רוזטה,מיליליטרים,750.00,"100 מ""ל",false,1,36.90,4.92,true,1,
7290018652671,false,לה קרמריה שוקו וניל,,IL,לה קרמריה שוקו ו,ליטרים,1.40,ליטר,false,1,21.90,15.65,true,1,
7290018652886,false,מאגדת שוקו בננה מצופים,,IL,מאגדת שוקו בננה,גרמים,476.00,100 גרם,false,1,31.90,6.70,true,1,
7290018652909,false,מאגדת קפה שוקולד ופקאן,,IL,מאגדת קפה שוקולד,גרמים,215.00,100 גרם,false,1,29.90,13.91,true,1,
7290018703496,false,חט.חלבון ט.בננה טופי60גר,,NL,חטיף חלבון,גרמים,60.00,100 גרם,false,1,13.90,23.17,true,1,
7290018732007,false,האס חטיפי אבוקדו,,,האס חטיפי אבוקדו,יחידה,1.00,יחידה,false,0,12.90,12.90,true,1,
7290018792841,false,אבקת קקאו טבעי 150 גרם,,IL,אבקת קקאו טבעי,גרמים,150.00,100 גרם,false,1,10.90,7.27,true,1,
7290018825020,false,תפוח אדמה לבן גורמה,חבל מעון,IL,"תפו""א לבן גורמה",קילוגרמים,0.00,"ק""ג",true,1,7.90,7.90,true,1,
7290018825815,false,תפוח אדמהלבן בייבי גורמה,חבל מעון,IL,"תפו""א בייבי גורמ",קילוגרמים,0.00,"ק""ג",true,1,7.90,7.90,true,1,
7290018893500,false,עוגיות סנדביץ שוקו 180גר,,ES,עוגיות סנדביץ,גרמים,180.00,100 גרם,false,1,5.90,3.28,true,1,
7290018893852,false,בייגלה בתוספת שומשום200ג,,RO,בייגלה עם שומשום,גרמים,200.00,100 גרם,false,1,7.50,3.75,true,1,
7290018893906,false,עוגיות סנדביץ וניל 250גר,,ES,עוגיות סנדביץ,גרמים,250.00,100 גרם,false,1,7.60,3.04,true,1,
7290018925065,false,מיץ תפוזים סחוט 2 ליטר,גניר,IL,מיץ תפוזים סחוט,ליטרים,2.00,ליטר,false,1,27.90,13.95,true,1,
7290018925089,false,מיץ מרכז תפוחים צלול 2 ל,גניר,IL,מיץ תפוחי עץ,ליטרים,2.00,ליטר,false,1,27.90,13.95,true,1,
7290018989128,false,סירופ בטעם ענבים 1 ליטר,"זנלכל בע""\מ",IL,סירופ בטעם ענבים,ליטרים,1.00,ליטר,false,1,21.90,21.90,true,1,
7290018989135,false,סירופ בטעם פטל 1 ליטר,"זנלכל בע""\מ",IL,סירופ בטעם פטל,ליטרים,1.00,ליטר,false,1,21.90,21.90,true,1,
7290019014614,false,"מרכך כביסה בלו 900 מ""ל",סאסא טק,IL,מרכך כביסה בלו,מיליליטרים,900.00,"100 מ""ל",false,1,19.90,2.21,true,1,
7290019014621,false,"מרכך כביסה לגונה 900 מ""ל",סאסא טק,IL,מרכך כביסה לגונה,מיליליטרים,900.00,"100 מ""ל",false,1,19.90,2.21,true,1,
7290019014638,false,מרכך כביסה פרש וויט 900,סאסא טק,IL,מרכך כביסה פרש,מיליליטרים,900.00,"100 מ""ל",false,1,19.90,2.21,true,1,
7290019014645,false,"מסיר כתמים טנקס 500 מ""ל",סאסא טק,IL,מסיר כתמים TNX,מיליליטרים,500.00,"100 מ""ל",false,1,24.90,4.98,true,1,
7290019014652,false,מרכך כביסה בייבי לאב900מ,סאסא טק,IL,מרכך כביסה בייבי,מיליליטרים,900.00,"100 מ""ל",false,1,24.90,2.77,true,1,
7290019014669,false,ג'ל לכביסה צבעונית 1.35ל,סאסא טק,IL,ג'ל לכביסה ירוק,ליטרים,1.35,ליטר,false,1,29.90,22.15,true,1,
7290019014676,false,ג'ל לכביסה לבנה 1.35 ל,סאסא טק,IL,ג'ל לכביסה לבנה,ליטרים,1.35,ליטר,false,1,29.90,22.15,true,1,
7290019014737,false,"מבשם בדים ביץ קלאב500מ""ל",סאסא טק,IL,מבשם בדים קלאב,מיליליטרים,500.00,"100 מ""ל",false,1,19.90,3.98,true,1,
7290019014751,false,ניקוי כלים24% פלאוור750מ,סאסא טק,IL,ניקוי כלים 24%,מיליליטרים,750.00,"100 מ""ל",false,1,14.90,1.99,true,1,
7290019014768,false,"ניקוי כלים 24% 750מ""ל",סאסא טק,IL,ניקוי כלים 24%,מיליליטרים,750.00,"100 מ""ל",false,1,14.90,1.99,true,1,
7290019014782,false,מרסס אקונומיקה לבנדר750מ,סאסא טק,IL,מרסס אקונומיקה,מיליליטרים,750.00,"100 מ""ל",false,1,16.90,2.25,true,1,
7290019014805,false,"מרסס מנקה ריפודים 500מ""ל",סאסא טק,IL,מרסס מנקה ריפוד,מיליליטרים,500.00,"100 מ""ל",false,1,24.90,4.98,true,1,
7290019014850,false,"תרסיס דוחה מים 400 מ""ל",סאסא טק,IL,תרסיס דוחה מים,מיליליטרים,400.00,"100 מ""ל",false,1,26.90,6.73,true,1,
7290019014867,false,"תרסיס מסיר דיו+דבק400מ""ל",סאסא טק,IL,תרסיס מסיר דיו,מיליליטרים,400.00,"100 מ""ל",false,1,26.90,6.73,true,1,
7290019014874,false,נוזל רצפות אוריאנטל1.35ל,סאסא טק,IL,נוזל רצפות,ליטרים,1.35,ליטר,false,1,24.90,18.44,true,1,
7290019014973,false,מבשם בדים בייבי לאב500מ,סאסא טק,IL,מבשם בדים בייבי,מיליליטרים,500.00,"100 מ""ל",false,1,19.90,3.98,true,1,
7290019031741,false,"סוכר לבן 1 ק""ג",פולסקי,PL,סוכר לבן,קילוגרמים,1.00,"ק""ג",false,1,4.90,4.90,true,1,
7290019041450,false,משמש מיובש 250גרם,,TR,משמש מיובש250ג,גרמים,250.00,100 גרם,false,1,19.90,7.96,true,1,
7290019056027,false,שוופס ללא סוכר תפוח1.5ל,"יפאורה תבורי בע""\מ",IL,שוופס ללא סוכ,ליטרים,1.50,ליטר,false,0,8.90,5.93,true,1,
7290019056041,false,שוופס למונייד ל.סוכר1.5ל,יפאורה תבורי,IL,שוופס למונייד,ליטרים,1.50,ליטר,false,0,8.90,5.93,true,1,
7290019056058,false,שוופס מוגז עדין תפוח1.5ל,"יפאורה תבורי בע""\מ",IL,שוופס מוגז תפוח,ליטרים,1.50,ליטר,false,0,8.90,5.93,true,1,
7290019056065,false,שוופס מוגז עדין פ.יער1.5,"יפאורה תבורי בע""\מ",IL,שוופס מוגז,ליטרים,1.50,ליטר,false,0,8.90,5.93,true,1,
7290019056072,false,שוופס מוגז עדין אננס1.5ל,יפאורה תבורי בעמ,IL,שוופס מוגז עד,ליטרים,1.50,ליטר,false,0,8.90,5.93,true,1,
7290019056089,false,שוופס מוגז עדין ריזל1.5ל,"יפאורה תבורי בע""\מ",IL,שוופס מוגז,ליטרים,1.50,ליטר,false,0,8.90,5.93,true,1,
7290019056096,false,שוופס מוגז עדין אפרסק1.5,"יפאורה תבורי בע""\מ",IL,שוופס אפרסק,ליטרים,1.50,ליטר,false,0,8.90,5.93,true,1,
7290019056119,false,שוופס מי סודה 1.5 ליטר,"יפאורה תבורי בע""\מ",IL,שוופס מי סודה,ליטרים,1.50,ליטר,false,0,4.40,2.93,true,1,
7290019056164,false,שוופס סודה 1.5*4 ליטר,"יפאורה תבורי בע""\מ",IL,שוופס סודה1.5*4ל,ליטרים,6.00,ליטר,false,0,13.10,2.18,true,1,
7290019056171,false,שוופס סודה לימון 1.5*4 ל,"יפאורה תבורי בע""\מ",IL,סודה לימון 1.5*4,ליטרים,6.00,ליטר,false,0,13.10,2.18,true,1,
7290019056232,false,שוופס ליים מוחיטו 1.5 ל,"יפאורה תבורי בע""\מ",IL,שוופס ליים מו,ליטרים,1.50,ליטר,false,0,9.50,6.33,true,1,
7290019056249,false,שוופס מים טעם ענבים 1.5ל,יפאורה תבורי בעמ,IL,מים בטעם ענבי,ליטרים,1.50,ליטר,false,0,9.00,6.00,true,1,
7290019056263,false,שוופס מים טעם אפרסק 1.5ל,יפאורה תבורי בעמ,IL,שוופס מים אפר,ליטרים,1.50,ליטר,false,0,9.00,6.00,true,1,
7290019056270,false,מים טעם פירות יער 1.5 ל,"יפאורה תבורי בע""\מ",IL,מים פירות יער,ליטרים,1.50,ליטר,false,0,9.00,6.00,true,1,
7290019056294,false,שוופס ג'ינג'ר 1.5 ליטר,"יפאורה תבורי בע""\מ",IL,שוופס ג'ינג'ר,ליטרים,1.50,ליטר,false,0,12.70,8.47,true,1,
7290019056300,false,שוופס ביטר לימון 1.5ליטר,"יפאורה תבורי בע""\מ",IL,שוופס ביטר לי,ליטרים,1.50,ליטר,false,0,12.70,8.47,true,1,
7290019056317,false,שוופס ראש'ן 1.5 ליטר,"יפאורה תבורי בע""\מ",IL,שוופס ראש'ן,ליטרים,1.50,ליטר,false,0,12.70,8.47,true,1,
7290019056324,false,שוופס טוניק 1.5 ליטר,"יפאורה תבורי בע""\מ",IL,שוופס מי טוני,ליטרים,1.50,ליטר,false,0,12.70,8.47,true,1,
7290019056331,false,שוופס טוניק ללא סוכר1.5ל,יפאורה תבורי בעמ,IL,מי טוניק ל.סו,ליטרים,1.50,ליטר,false,0,11.90,7.93,true,1,
7290019056355,false,תפוזינה לימונדה נענע1.5ל,"יפאורה תבורי בע""\מ",IL,תפוזינה לימונ,ליטרים,1.50,ליטר,false,0,9.30,6.20,true,1,
7290019056362,false,"תפוזינה משק""ל ענבים1.5ל","יפאורה תבורי בע""\מ",IL,תפוזינה ענבים,ליטרים,1.50,ליטר,false,0,9.30,6.20,true,1,
7290019056379,false,תפוזינה משקה קל תפוז1.5ל,"יפאורה תבורי בע""\מ",IL,תפוזינה תפוזי,ליטרים,1.50,ליטר,false,0,9.30,6.20,true,1,
7290019056393,false,תפוזינה תות בננה 1.5ליטר,"יפאורה תבורי בע""\מ",IL,תפוזינה תות ב,ליטרים,1.50,ליטר,false,0,9.30,6.20,true,1,
7290019056409,false,תפוזינה מנגו עסיס 1.5 ל',"יפאורה תבורי בע""\מ",IL,תפוזינה מנגו,ליטרים,1.50,ליטר,false,0,9.30,6.20,true,1,
7290019056430,false,תפוזינה תפוזים לייט1.5ל,"יפאורה תבורי בע""\מ",IL,תפוזינה לייט,ליטרים,1.50,ליטר,false,0,8.90,5.93,true,1,
7290019056478,false,תה ספרינג אפרסק 1.5 ליטר,"יפאורה תבורי בע""\מ",IL,ספרינג תה אפר,ליטרים,1.50,ליטר,false,0,8.90,5.93,true,1,
7290019056485,false,תה ספרינג ירוק לימון1.5ל,"יפאורה תבורי בע""\מ",IL,תה ספרינג ירו,ליטרים,1.50,ליטר,false,0,8.90,5.93,true,1,
7290019056508,false,פרוט ווטר ענבים 1.5 ליטר,"יפאורה תבורי בע""\מ",IL,פרוט ווטר ענב,ליטרים,1.50,ליטר,false,0,9.30,6.20,true,1,
7290019056515,false,פרוט ווטר אננס 1.5 ליטר,"יפאורה תבורי בע""\מ",IL,פרוט ווטר אננ,ליטרים,1.50,ליטר,false,0,9.30,6.20,true,1,
7290019056522,false,פרוט ווטר תות 1.5 ליטר,"יפאורה תבורי בע""\מ",IL,פרוט ווטר תות,ליטרים,1.50,ליטר,false,0,9.30,6.20,true,1,
7290019056539,false,פרוט ווטר אפרסק 1.5 ליטר,"יפאורה תבורי בע""\מ",IL,פרוט ווטר אפר,ליטרים,1.50,ליטר,false,0,9.30,6.20,true,1,
7290019056546,false,פרוט ווטר אבטיח 1.5 ליטר,"יפאורה תבורי בע""\מ",IL,פרוט ווטר אבט,ליטרים,1.50,ליטר,false,0,9.30,6.20,true,1,
7290019056553,false,עין גדי מים מינרל. 2*6 ל,עין גדי מיים מינרלים,IL,מים עין גדי2*6ל,ליטרים,12.00,ליטר,false,0,13.80,1.15,true,1,
7290019056560,false,מים מינרלים עין גדי 2 ל',עין גדי מיים מינרלים,IL,מים מינרלים,ליטרים,2.00,ליטר,false,0,3.80,1.90,true,1,
7290019056577,false,ספרינג משקה מנגו 1.5 ל',"יפאורה תבורי בע""\מ",IL,ספרינג מנגו,ליטרים,1.50,ליטר,false,0,9.20,6.13,true,1,
7290019056584,false,ספרינג משקה תפוזים 1.5ל',"יפאורה תבורי בע""\מ",IL,ספרינג תפוזים,ליטרים,1.50,ליטר,false,0,9.20,6.13,true,1,
7290019056591,false,ספרינג ענבים 1.5 ליטר,"יפאורה תבורי בע""\מ",IL,ספרינג ענבים,ליטרים,1.50,ליטר,false,0,9.20,6.13,true,1,
7290019056607,false,ספרינג מיץ תפוחים 1.5 ל',"יפאורה תבורי בע""\מ",IL,ספרינג תפוחים,ליטרים,1.50,ליטר,false,0,9.20,6.13,true,1,
7290019056614,false,ספרינג משקה אפרסק 1.5 ל',"יפאורה תבורי בע""\מ",IL,ספרינג אפרסק,ליטרים,1.50,ליטר,false,0,9.20,6.13,true,1,
7290019056621,false,ספרינג פירות טרופיים1.5ל,"יפאורה תבורי בע""\מ",IL,משקה ספרינג,ליטרים,1.50,ליטר,false,0,9.20,6.13,true,1,
7290019056638,false,ספרינג תות-בננה 1.5 ליטר,"יפאורה תבורי בע""\מ",IL,ספרינג תות בנ,ליטרים,1.50,ליטר,false,0,9.20,6.13,true,1,
7290019056645,false,ספרינג אגס סברס תפוח1.5ל,"יפאורה תבורי בע""\מ",IL,משקה ספרינג,ליטרים,1.50,ליטר,false,0,9.20,6.13,true,1,
7290019056669,false,ספרינג תפוחים לייט 1.5 ל,"יפאורה תבורי בע""\מ",IL,ספרינג תפוח ל,ליטרים,1.50,ליטר,false,0,8.60,5.73,true,1,
7290019056676,false,ספרינג אשכולית/אננס לייט,"יפאורה תבורי בע""\מ",IL,ספרינג לייט,ליטרים,1.50,ליטר,false,0,8.60,5.73,true,1,
7290019056959,false,מי-עדן מים מינרלים 1.5 ל,"מופק ממקור בזלתי עדן ,1",IL,מי עדן 1.5 לי,ליטרים,1.50,ליטר,false,0,5.20,3.47,true,1,
7290019056973,false,מים מינרליים מי עדן1.5*6,"מופק ממקור בזלתי עדן ,1",IL,מי עדן 1.5*6ל,ליטרים,9.00,ליטר,false,0,14.90,1.66,true,1,
7290019075479,false,קמיל בלו שמפו לתינוק 1ל,פישר מעבדות פרמצבטיות בע,IL,שמפו לתינוק,ליטרים,1.00,ליטר,false,1,24.90,24.90,true,1,
7290019075899,false,קמיל בלו סופט א.סבון1ל,פישר מעבדות פרמצבטיות בע,IL,א.סבון קמיל בלו,ליטרים,1.00,ליטר,false,1,34.90,34.90,true,1,
7290019153078,false,שוופס ביטר למון לייט1.5ל,"יפאורה תבורי בע""\מ",IL,שוופס ביטר למון,ליטרים,1.50,ליטר,false,1,11.90,7.93,true,1,
7290019153085,false,"שוופס מוחיטו לל""ס 1.5 ל","יפאורה תבורי בע""\מ",IL,שוופס מוחיטו ללס,ליטרים,1.50,ליטר,false,1,9.20,6.13,true,1,
7290019153313,false,פרוט& ווג' תפוח אוכמנ350,יפאורה תבורי בעמ,IL,משקה פרוט&וג',מיליליטרים,350.00,"100 מ""ל",false,1,8.60,2.46,true,1,
7290019153344,false,תפוזינה סנגרייה 1.5 ליטר,"יפאורה תבורי בע""\מ",IL,תפוזינה סנגרייה,ליטרים,1.50,ליטר,false,1,9.30,6.20,true,1,
7290019153375,false,תפוזינה מוחיטו 1.5 ליטר,"יפאורה תבורי בע""\מ",IL,תפוזינה מוחיטו,ליטרים,1.50,ליטר,false,1,9.30,6.20,true,1,
7290019204107,false,פסטרמה בטעם אווז 320 גרם,עוף טוב,IL,פסטרמה בטעם אווז,גרמים,320.00,100 גרם,false,1,26.90,8.40,true,1,
7290019204305,false,פסטרמה ברביקיו 350 גרם,עוף טוב,IL,פסטרמה ברביקיו,גרמים,350.00,100 גרם,false,1,26.90,7.68,true,1,
7290019232155,false,חליטת קמומיל לבנדר 25שק,ויסוצקי,IL,חליטת קמומיל,גרמים,50.00,100 גרם,false,1,24.90,49.80,true,1,
7290019232162,false,חליטת קמומיל מליסה 25 שק,ויסוצקי,IL,חליטת קמומיל,גרמים,50.00,100 גרם,false,1,24.90,49.80,true,1,
7290019232179,false,תה ירוק נענע 25 שקיקים,ויסוצקי,IL,תה ירוק נענע,גרמים,37.00,100 גרם,false,1,24.90,67.30,true,1,
7290019232186,false,תה ירוק לימונית לואיזה25,ויסוצקי,IL,תה ירוק לימונית,גרמים,37.00,100 גרם,false,1,24.90,67.30,true,1,
7290019232193,false,תה ירוק לימונית ג'ינג25ש,ויסוצקי,IL,תה ירוק לימונית,גרמים,37.00,100 גרם,false,1,24.90,67.30,true,1,
7290019232803,false,ביסקוויט קרם+שוק.חלב300ג,"אולקר ביסקווי סנאי, א.ס.",TR,ביסקוויט עם קרם,גרמים,300.00,100 גרם,false,1,12.90,4.30,true,1,
7290019232827,false,ביסקוויט+קרם אגוז לוז300,"אולקר ביסקווי סנאי, א.ס.",TR,ביסקוויט עם קרם,גרמים,300.00,100 גרם,false,1,12.90,4.30,true,1,
7290019233008,false,רוטב שקשוקה ארטישוק420גר,,IT,רוטב לשקשוקה,גרמים,420.00,100 גרם,false,1,14.90,3.55,true,1,
7290019233015,false,רוטב שקשוקה ירוקה 420 גר,,IT,רוטב לשקשוקה,גרמים,420.00,100 גרם,false,1,14.90,3.55,true,1,
7290019233039,false,רוטב שקשוקה קלאסית 420 ג,,IT,רוטב לשקשוקה,גרמים,420.00,100 גרם,false,1,14.90,3.55,true,1,
7290019274087,false,"ארוסול קצף לאסלות 400מ""ל",סאסא טק,IL,ארוסול קצף ניקוי,מיליליטרים,400.00,"100 מ""ל",false,1,19.90,4.98,true,1,
7290019297222,false,פולי סויה אדממה 450גרם,שקדיה,IL,פולי סויה אדממה,גרמים,450.00,100 גרם,false,0,12.90,2.87,true,1,
7290019297444,false,פקאן טבעי 100גרם,שקדיה,IL,פקאן טבעי 100גרם,גרמים,100.00,100 גרם,false,1,17.90,17.90,true,1,
7290019302377,false,"למברוסקו וילה אדום750מ""ל",ג'קובזי איי. אי פיגילי ג,IT,למברוסקו וילה,מיליליטרים,750.00,"100 מ""ל",false,1,31.90,4.25,true,1,
7290019302384,false,"למברוסקו וילה רוזה750מ""ל",ג'קובזי איי. אי פיגילי ג,IT,למברוסקו וילה,מיליליטרים,750.00,"100 מ""ל",false,1,31.90,4.25,true,1,
7290019302391,false,"למברוסקו וילה לבן 750מ""ל",,IT,למברוסקו וילה,מיליליטרים,750.00,"100 מ""ל",false,1,31.90,4.25,true,1,
7290100240144,false,בדין תרסיס מייבש ורוד500,"זוהר דליה, קיבוץ דליה, 1",IL,תרסיס למייבש,מיליליטרים,500.00,"100 מ""ל",false,0,19.90,3.98,true,1,
7290100243671,false,"בדין אקסטרה כחול 960 מ""ל",יוניליוור סנאיי וי טיקאר,TR,מרכך כביסה בדין,מיליליטרים,960.00,"100 מ""ל",false,0,17.90,1.86,true,1,
7290100245231,false,נמס בכוס ט.עוף ש.מרק50גר,יוניליוור,IL,נמס בכוס ט.עוף,גרמים,50.00,100 גרם,false,0,7.80,15.60,true,1,
7290100249598,false,רוטב לעוף שום ודבש320גרם,יוניליוור ישראל מזון בע\,IL,רוטב לעוף,גרמים,320.00,100 גרם,false,0,11.90,3.72,true,1,
7290100249659,false,רוטב לעוף צ'ילי שום320גר,יוניליוור ישראל מזון בע\,IL,רוטב לעוף,גרמים,320.00,100 גרם,false,0,11.90,3.72,true,1,
7290100412800,false,תחליב רחצה עור יבש 700 מ,אמיליה,IL,תחליב רחצה,מיליליטרים,700.00,"100 מ""ל",false,1,19.90,2.84,true,1,
7290100412831,false,תחליב רח.אנטיאיג'נג700,אמיליה,IL,תחליב רחצה,מיליליטרים,700.00,"100 מ""ל",false,1,19.90,2.84,true,1,
7290100658338,false,פלמוליב אוקסי כחול 750מל,קולגייט פלמוליב,GR,פלמוליב לכלים,מיליליטרים,750.00,"100 מ""ל",false,0,12.90,1.72,true,1,
7290100680650,false,מנה חמה נודלס תאילנדי76ג,PUB FOODS PRESIDENT THAI,TH,מנה חמה אסם,גרמים,76.00,100 גרם,false,0,6.90,9.08,true,1,
7290100680667,false,מנה חמה נודלס סצ'ואן76גר,PUB FOODS PRESIDENT THAI,TH,מנה חמה נודלס,גרמים,76.00,100 גרם,false,0,6.90,9.08,true,1,
7290100680711,false,פירורית זהב,עינת תעשיות,IL,פירורית זהב אסם,גרמים,350.00,100 גרם,false,0,9.50,2.71,true,1,
7290100681015,false,אינסטנ.פודינג ריבת חלב84,"אסם השקעות בע""מ",IL,אינסטנט פודינג,גרמים,84.00,100 גרם,false,0,5.70,6.79,true,1,
7290100681503,false,סירופ לימונענע דיאט 1 ל',בית-השיטה עסיס תעשיות מז,IL,סירופ דיאט,ליטרים,1.00,ליטר,false,0,17.90,17.90,true,1,
7290100685136,false,"מרק טעם עוף פרווה 1 ק""ג","אסם השקעות בע""\מ",IL,מרק טעם עוף,קילוגרמים,1.00,"ק""ג",false,0,15.90,15.90,true,1,
7290100685334,false,מרק עוף רכיבים טבעיים400,"אסם השקעות בע""\מ",IL,מרק עוף אמיתי,גרמים,400.00,100 גרם,false,0,25.60,6.40,true,1,
7290100685341,false,מרק ט.עוף רכ' טבעיים400ג,"אסם השקעות בע""\מ",IL,מרק טעם עוף,גרמים,400.00,100 גרם,false,0,18.90,4.73,true,1,
7290100686171,false,ביסלי גריל 6 * 35 גרם,"אסם השקעות בע""\מ",IL,ביסלי מארז 6 יח,גרמים,210.00,100 גרם,false,0,14.50,6.90,true,1,
7290100689301,false,מרק בטעם עוף זך 400גר,"אסם השקעות בע""\מ",IL,מרק בטעם עוף זך,גרמים,400.00,100 גרם,false,0,16.90,4.23,true,1,
7290100700020,false,גריסי פנינה 500 גרם,"סוגת תעשיות בע""\מ",IL,גריסי פנינה,גרמים,500.00,100 גרם,false,0,6.80,1.36,true,1,
7290100700075,false,פירורי לחם מוזהבים200ג,"סוגת תעשיות בע""\מ",IL,פירורי לחם מוזהב,גרמים,200.00,100 גרם,false,0,4.60,2.30,true,1,
7290100700242,false,"אורז מלא עגול סוגת 1 ק""ג","סוגת תעשיות בע""\מ",IL,אורז מלא עגול,קילוגרמים,1.00,"ק""ג",false,0,9.90,9.90,true,1,
7290100700372,false,"אורז בסמטי מלא 1 ק""ג","סוגת תעשיות בע""\מ",IL,אורז בסמטי מלא,קילוגרמים,1.00,"ק""ג",false,0,14.90,14.90,true,1,
7290100700396,false,"אורז יסמין קלאסי 1 ק""ג","סוגת תעשיות בע""\מ",IL,אורז יסמין סוגת,קילוגרמים,1.00,"ק""ג",false,0,12.40,12.40,true,1,
7290100700419,false,"בורגול 1 ק""ג","סוגת תעשיות בע""\מ",IL,"בורגול 1 ק""ג",קילוגרמים,1.00,"ק""ג",false,0,8.40,8.40,true,1,
7290100700587,false,בורגול 500 גרם,"סוגת תעשיות בע""\מ",IL,בורגול 500 גרם,גרמים,500.00,100 גרם,false,0,6.80,1.36,true,1,
7290100701157,false,"אורז להכנת סושי 1 ק""ג","סוגת תעשיות בע""\מ",IL,אורז להכנת סושי,קילוגרמים,1.00,"ק""ג",false,0,14.80,14.80,true,1,
7290100701331,false,"קמח רב תכליתי 1 ק""ג","שטיבל בע""\מ - טחנות קמח",IL,קמח רב תכליתי,קילוגרמים,1.00,"ק""ג",false,0,8.90,8.90,true,1,
7290100701577,false,"קמח לחם 1 ק""ג",טחנות קמח שטיבל באר שבע,IL,"קמח לחם 1 ק""ג",קילוגרמים,1.00,"ק""ג",false,0,8.90,8.90,true,1,
7290100701881,false,"קמח פיצה 1 ק""ג","שטיבל בע""\מ - טחנת קמח",IL,קמח פיצה,קילוגרמים,1.00,"ק""ג",false,0,8.90,8.90,true,1,
7290100702260,false,קוסקוס דק,"אסיף תעשיות מזון בע""\מ",IL,קוסקוס דק,גרמים,350.00,100 גרם,false,0,5.90,1.69,true,1,
7290100702383,false,"קמח תופח 1 ק""ג","שטיבל בע""\מ - טחנות קמח",IL,"קמח תופח 1 ק""ג",קילוגרמים,1.00,"ק""ג",false,0,8.90,8.90,true,1,
7290100702611,false,פתיתים אפויים אורז500גרם,"אסיף תעשיות מזון בע""\מ",IL,פתיתים סוגת,גרמים,500.00,100 גרם,false,0,5.20,1.04,true,1,
7290100702628,false,פתיתים אפויים קוסקוס500ג,"אסיף תעשיות מזון בע""\מ",IL,פתיתים סוגת,גרמים,500.00,100 גרם,false,0,5.20,1.04,true,1,
7290100703007,false,עדשים שחורות בלוגה 500ג,"סוגת תעשיות בע""\מ",IL,עדשים שחורות,גרמים,500.00,100 גרם,false,1,9.90,1.98,true,1,
7290100703861,false,קמח תערובת קסם לחלה 1קג,"שטיבל בע""\מ - טחנות קמח",IL,קמח קסם,קילוגרמים,1.00,"ק""ג",false,1,8.90,8.90,true,1,
7290100704516,false,חומוס מיני 500 גרם,"סוגת תעשיות בע""\מ",IL,חומוס מיני,גרמים,500.00,100 גרם,false,1,6.90,1.38,true,1,
7290100704615,false,סוכר לבן דק דק בצנצנת500,"סוגת תעשיות בע""\מ",IL,סוכר לבן דק דק,גרמים,500.00,100 גרם,false,1,8.90,1.78,true,1,
7290100704622,false,סוכר דמררה דק דק בצנצנת,"סוגת תעשיות בע""\מ",IL,סוכר דמררה דק דק,גרמים,500.00,100 גרם,false,1,8.90,1.78,true,1,
7290100704660,false,קינואה מיקס 500 גרם,"סוגת תעשיות בע""\מ",IL,קינואה מיקס,גרמים,500.00,100 גרם,false,1,16.90,3.38,true,1,
7290100850909,false,דוריטוס נאצ'ו 70 גרם,"שטראוס פריטו ליי  בע""\מ",IL,דוריטוס נאצ'ו,גרמים,70.00,100 גרם,false,0,4.10,5.86,true,1,
7290100850916,false,דוריטוס חמוץ חריף 70 גרם,"שטראוס פריטו ליי בע""\מ )",IL,דוריטוס חמוץ ח,גרמים,70.00,100 גרם,false,0,4.10,5.86,true,1,
7290100850923,false,דוריטוס גריל 70 גרם,"שטראוס פריטו ליי בע""\מ )",IL,דוריטוס גריל,גרמים,70.00,100 גרם,false,0,4.10,5.86,true,1,
7290100852606,false,קפה טורקי 100*4 גרם,שטראוס קפה בי.וי.,IL,קפה טורקי 4 יח,גרמים,400.00,100 גרם,false,0,32.90,8.23,true,1,
7290100858592,false,קקאו עלית 150 גרם,עלית,IL,קקאו עלית,גרמים,150.00,100 גרם,false,0,10.20,6.80,true,1,
7290100924457,false,סבון אסלה סוד לימון50*3ג,הנקל,RS,סבון אסלה 3 יח,גרמים,150.00,100 גרם,false,1,19.90,13.27,true,1,
7290100925669,false,קולור קאצ'ר 10 דפים,"הנקל סוד בע""\מ",IE,דפי קולור קאצ'ר,יחידה,1.00,יחידה,false,1,13.90,13.90,true,1,
7290100947975,false,שרדונה טורס דה אספניה750,בומד,ES,שרדונה,מיליליטרים,750.00,"100 מ""ל",false,1,39.90,5.32,true,1,
7290101112228,false,מאגדת גלידל פרי אננס 8יח,פלקו בעמ,IL,מאגדת גלידל פרי,גרמים,640.00,100 גרם,false,48,26.90,4.20,true,1,
7290101112921,false,מאגדת גלידל פירות טרופים,פלקו בעמ,IL,מאגדת גלידל פרי,גרמים,640.00,100 גרם,false,1,26.90,4.20,true,1,
7290101113157,false,מאגדת גלידל וניל עוגיות,"פלקו בע""\מ, חברה ישראלית",IL,מאגדת גלידל וניל,גרמים,312.00,100 גרם,false,1,27.90,8.94,true,1,
7290101113591,false,מאגדת טילון יולו עוגיות,הגלידות של פלדמן,IL,מאגדת טילון יולו,גרמים,400.00,100 גרם,false,1,27.90,6.98,true,1,
7290101113751,false,מאגדת שלגון יולו בלונדי,,IL,מאגדת שלגון יולו,גרמים,200.00,100 גרם,false,1,22.90,11.45,true,1,
7290101113805,false,מאגדת יופלה שייק פרי תות,,IL,מאגדת יופלה שייק,גרמים,350.00,100 גרם,false,1,22.90,6.54,true,1,
7290101113812,false,מאגדת יופלהשייק קוקוס,פלקו,IL,מאגדת יופלהשייק,גרמים,350.00,100 גרם,false,1,22.90,6.54,true,1,
7290101113904,false,מנבו וניל 12 * 24 גרם,,IL,מנבו וניל,גרמים,288.00,100 גרם,false,1,24.90,8.65,true,1,
7290101488323,false,ליידי ספיד סטיק סגול 65ג,קולגייט פלמוליב,US,ליידי ספיד סטיק,גרמים,65.00,100 גרם,false,0,17.90,27.54,true,1,
7290101551027,false,"קפסולות מס' 14 כשל""פ50ג",שטראוס קפה בי.וי,IL,קפסולות מס' 14,גרמים,50.00,100 גרם,false,1,18.90,37.80,true,1,
7290101551539,false,דנונה פרו+חלבון אפרסק200,"שטראוס בריאות בע""מ",IL,דנונה פרו אפרסק,גרמים,200.00,100 גרם,false,1,6.20,3.10,true,1,
7290101551584,false,תפוצ'יפס קידס 20*10 גרם,"שטראוס פריטו ליי בע""מ )פ",IL,תפוצ'יפס קידס10*,גרמים,200.00,100 גרם,false,1,15.90,7.95,true,1,
7290101551614,false,צ'יטוס קראנצ' גבינה30*8ג,"שטראוס פריטו ליי בע""מ )פ",IL,צ'יטוס גבינה 8יח,גרמים,240.00,100 גרם,false,1,14.50,6.04,true,1,
7290101551638,false,צ'יטוס כאפה מארז 20*10 ג,"שטראוס פריטו ליי בע""מ )פ",IL,צ'יטוס כאפה 10יח,גרמים,200.00,100 גרם,false,1,13.50,6.75,true,1,
7290101863410,false,סיליט אקונומיקה ספריי750,רקיט בנקיזר,PL,סילים ספריי,מיליליטרים,750.00,"100 מ""ל",false,0,16.90,2.25,true,1,
7290101864127,false,מסיר כתמים קליה750מ,רקיט בנקיזר,IL,קליה ספריי,מיליליטרים,750.00,"100 מ""ל",false,0,16.90,2.25,true,1,
7290101865261,false,"פיניש נוזל הברקה 800 מ""ל",רקיט בנקיזר,PL,פיניש נוזל הברקה,מיליליטרים,800.00,"100 מ""ל",false,0,20.90,2.61,true,1,
7290101869726,false,פיניש ג'ל למדיח 1ל,רקיט בנקיזר,PL,פיניש ג'ל למדיח,ליטרים,1.00,ליטר,false,1,44.90,44.90,true,1,
7290101869825,false,איירוויק מילוי אואזיס19מ,רקיט בנקיזר,CN,אירוויק מילוי,מיליליטרים,19.00,"100 מ""ל",false,1,17.90,94.21,true,1,
7290102030330,false,תפוצ'יפס מקסיקני 200 גרם,"שטראוס פריטו ליי בע""\מ )",IL,תפוצ'יפס,גרמים,200.00,100 גרם,false,0,10.90,5.45,true,1,
7290102060979,false,"משחה שיניים אלמקס 100מ""ל",קולגייט- פלמוליב,PL,משחת שיניים,מיליליטרים,100.00,"100 מ""ל",false,0,16.90,16.90,true,1,
7290102062195,false,"משחת אלמקס ג'וניור 75מ""ל",קולגייט- פלמוליב,PE,משחת אלמקס,מיליליטרים,75.00,"100 מ""ל",false,0,13.90,18.53,true,1,
7290102303977,false,גושי טונה בשמן זית 140 ג,קונסרבס פורטוגל נורטה,PT,טונה בשמן זית,גרמים,140.00,100 גרם,false,1,12.90,9.21,true,1,
7290102392254,false,חלב 1% בקרטון 2 ליטר,מילקו תעשיות בעמ,IL,חלב 1% בקרטון,ליטרים,2.00,ליטר,false,0,11.72,5.86,true,1,
7290102393268,false,גבינה לבנה 5% 750 גרם,טרה,IL,גבינה לבנה 5%,גרמים,750.00,100 גרם,false,0,14.94,1.99,true,1,
7290102398065,false,חלב 3% בקרטון מהדרין 2ל',טרה,IL,חלב 3% בקרטון,ליטרים,2.00,ליטר,false,1,12.46,6.23,true,1,
7290102398072,false,חלב 3% בקרטון מהדרין 1 ל,טרה,IL,חלב 3% בקרטון,ליטרים,1.00,ליטר,false,1,6.23,6.23,true,1,
7290103120658,false,ספיד סטיק ג'ל 24/7 שחור,קולגייט פלמוליב,US,דאודורנט,גרמים,85.00,100 גרם,false,0,17.90,21.06,true,1,
7290103124601,false,פלמוליב חלב ודבש משאב750,קולגייט פלמוליב,TR,סבון פלמוליב,מיליליטרים,750.00,"100 מ""ל",false,0,21.90,2.92,true,1,
7290103401429,false,קפה פלטינום ברזילאי 200,עלית,IL,קפה פלטינום,גרמים,200.00,100 גרם,false,0,28.90,14.45,true,1,
7290103404758,false,סלט כרוב אדום יום יום120,"שטראוס גרופ בע""\מ",IL,כרוב אדום אחלה,גרמים,120.00,100 גרם,false,0,5.40,4.50,true,1,
7290103408206,false,חסה ערבית שטוף250גרם,שטראוס בריאות ירקות טריי,IL,חסה ערבית250ג',גרמים,250.00,100 גרם,false,0,11.90,4.76,true,1,
7290103681180,false,"מרלו הר תבור 750 מ""ל",מיוצר על ידי יקב תבור,IL,מרלו הר תבור,מיליליטרים,750.00,"100 מ""ל",false,1,38.90,5.19,true,1,
7290103681197,false,"שיראז הר תבור 750 מ""ל",מיוצר על ידי יקב תבור,IL,יין שיראז הר,מיליליטרים,750.00,"100 מ""ל",false,1,38.90,5.19,true,1,
7290103681241,false,"מוסקטו הר תבור 750 מ""ל",יקב תבור,IL,מוסקטו הר תבור,מיליליטרים,750.00,"100 מ""ל",false,1,38.90,5.19,true,1,
7290103681364,false,"קברנה תבור 750 מ""ל",מיוצר על ידי יקב תבור,IL,קברנה תבור,מיליליטרים,750.00,"100 מ""ל",false,1,63.50,8.47,true,1,
7290103681371,false,"מרלו תבור 750 מ""ל",מיוצר על ידי יקב תבור,IL,מרלו תבור,מיליליטרים,750.00,"100 מ""ל",false,1,63.50,8.47,true,1,
7290103704957,false,מגבות נייר 3 שכבות ענק3ג,,IL,מגבות 3גלילי ענק,מטרים,57.00,מטר,false,1,19.90,0.35,true,1,
7290103704964,false,נייר טואלט 3 שכבות 9 גל,,IL,נייר טואלט 9 גל,מטרים,277.00,מטר,false,1,34.90,0.13,true,1,
7290104061417,false,חומוס עם טחינה אחלה 400ג,"שטראוס גרופ בע""\מ",IL,חומוס טחינה אחלה,גרמים,400.00,100 גרם,false,0,11.90,2.98,true,1,
7290104061431,false,חומוס עם צנובר אחלה 400ג,"שטראוס גרופ בע""\מ",IL,חומוס צנובר אחלה,גרמים,400.00,100 גרם,false,0,11.90,2.98,true,1,
7290104061448,false,חומוס עם חריף אחלה 400 ג,"שטראוס גרופ בע""\מ",IL,חומוס חריף אחלה,גרמים,400.00,100 גרם,false,0,11.90,2.98,true,1,
7290104066566,false,טחינה אחלה 500 גרם,"שטראוס גרופ בע""\מ",IL,טחינה אחלה 500גר,גרמים,500.00,100 גרם,false,0,15.90,3.18,true,1,
7290104068539,false,מאסט LL מלון ואבטיח 28גר,עלית,IL,מסטיק מאסט,גרמים,28.00,100 גרם,false,0,4.60,16.43,true,1,
7290104500572,false,אפרופו איטליאנו 50 גרם,"אסם השקעות בע""\מ",IL,אפרופו איטליאנו,גרמים,50.00,100 גרם,false,0,5.80,11.60,true,1,
7290104504228,false,מיני דובונים 20*5 גרם,"אסם השקעות בע""\מ",IL,מיני דובונים 5יח,גרמים,100.00,100 גרם,false,0,14.70,14.70,true,1,
7290104508943,false,במבה חטיף בוטנים 200 גרם,"אסם השקעות בע""\מ",IL,במבה חטיף בוטנים,גרמים,200.00,100 גרם,false,0,9.10,4.55,true,1,
7290104722530,false,תפוצ'יפס שמנת בצל 200גרם,"שטראוס פריטו ליי בע""\מ )",IL,תפוצ'יפס שמנת,גרמים,200.00,100 גרם,false,0,10.90,5.45,true,1,
7290104726262,false,דני שלוק שוקולד 125*4גרם,"שטראוס גרופ בע""\מ",IL,דני שלוק 4 יח,גרמים,500.00,100 גרם,false,0,11.50,2.30,true,1,
7290104726712,false,מארז מילקי ט.שוקולד170*8,"שטראוס גרופ בע""\מ",IL,מארז מילקי 8 יח',ליטרים,1.36,ליטר,false,0,21.20,15.59,true,1,
7290104728310,false,שמנת לקצפת 38% 250 גרם,מחלבת יטבתה,IL,שמנת לקצפת 38%,גרמים,250.00,100 גרם,false,0,6.47,2.59,true,1,
7290104852176,false,נר נשמה פחית,,IL,נר נשמה פחית,יחידה,1.00,יחידה,false,0,2.50,2.50,true,1,
7290104960253,false,סבון נקה7 ארומה לבנדר750,טרופיקל דגיל תעשיות קוסמ,IL,תחליב רחצה נקה 7,מיליליטרים,750.00,"100 מ""ל",false,0,11.90,1.59,true,1,
7290104961878,false,"שמפו קרטין נטורל 400 מ""ל",קוסמופארם בע'\'\מ,IL,שמפו קרטין,מיליליטרים,400.00,"100 מ""ל",false,0,30.00,7.50,true,1,
7290104962073,false,דאו.טיטניום,,IL,דאו.טיטניום,מיליליטרים,180.00,"100 מ""ל",false,0,16.90,9.39,true,1,
7290104962110,false,"דאו.קרליין  לנערות200מ""ל",מיוצר עי : אמיליה קוסמטי,IL,ספריי נושם,מיליליטרים,200.00,"100 מ""ל",false,0,13.90,6.95,true,1,
7290104962134,false,דאו. קרליין רול און נושם,מיוצר עי : אמיליה קוסמטי,IL,רול און נושם,מיליליטרים,75.00,"100 מ""ל",false,0,14.90,19.87,true,1,
7290104963001,false,מגבונים סופטקר עדין72*4,טרופיקל דגיל,IL,מגבונים סופטקר,יחידה,1.00,יחידה,false,1,17.90,17.90,true,1,
7290104963223,false,סופטקר אל סבון קלאסי 1 ל,קוסמופארם בע'\'\מ,IL,סופטקר אל סבון,ליטרים,1.00,ליטר,false,1,19.90,19.90,true,1,
7290105360250,false,קפסולות קפה מס' 9 50 גרם,שטראוס קפה בי.וי.,IL,קפסולות קפה,גרמים,50.00,100 גרם,false,0,18.90,37.80,true,1,
7290105360328,false,קפסולות מס' 10 50 גרם,שטראוס קפה בי.וי.,IL,קפסולות מס' 10,גרמים,50.00,100 גרם,false,0,18.90,37.80,true,1,
7290105360335,false,קפסולות מס' 7 50 גרם,שטראוס קפה בי.וי.,IL,קפסולות מס' 7,גרמים,50.00,100 גרם,false,0,18.90,37.80,true,1,
7290105360755,false,"שמן זית 3 חזק 750 מ""ל",מכוורת יד מרדכי שטראוס ב,IL,שמו זית 3 חזק,מיליליטרים,750.00,"100 מ""ל",false,0,37.90,5.05,true,1,
7290105360762,false,"שמן זית 1 עדין 750 מ""ל",מכוורת יד מרדכי שטראוס ב,IL,שמן זית 1 עדין,מיליליטרים,750.00,"100 מ""ל",false,0,37.90,5.05,true,1,
7290105360878,false,תפוצ'יפס 50*4 גרם,"שטראוס פריטו ליי בע""\מ )",IL,תפוצ'יפס 4 יח,גרמים,200.00,100 גרם,false,0,12.50,6.25,true,1,
7290105362339,false,שמנת לבישול15%מהדרין250,מחלבת יטבתה,IL,שמנת לבישול 15%,מיליליטרים,250.00,"100 מ""ל",false,0,8.60,3.44,true,1,
7290105363602,false,כיף כף מקלות קלאסי 40 גר,עלית,TR,כיף כף מקלות,גרמים,40.00,100 גרם,false,0,5.20,13.00,true,1,
7290105364289,false,כיף כף מקלות פצפוצים40גר,עלית,TR,כיף כף מקלות,גרמים,40.00,100 גרם,false,0,5.20,13.00,true,1,
7290105364302,false,כיף כף מקלות אגוזים42גרם,עלית,TR,כיף כף מקלות,גרמים,42.00,100 גרם,false,0,5.20,12.38,true,1,
7290105366023,false,חציל בטעם כבד 400 גרם,"שטראוס גרופ בע""\מ",IL,חציל בטעם כבד,גרמים,400.00,100 גרם,false,0,16.90,4.23,true,1,
7290105366047,false,טחינה לבנה 400 גרם,"שטראוס גרופ בע""\מ",IL,טחינה לבנה,גרמים,400.00,100 גרם,false,0,16.90,4.23,true,1,
7290105366993,false,סימפוניה שיפקה חריף200,שטראוס,IL,סימפוניה פלפל,גרמים,200.00,100 גרם,false,0,12.40,6.20,true,1,
7290105368225,false,חומוס עם פלפל שיפקה 400ג,שטראוס,IL,חומוס עם פלפל,גרמים,400.00,100 גרם,false,0,11.90,2.98,true,1,
7290105368331,false,"מילקי בטעם תות 170 מ""ל",שטראוס,IL,מילקי טעם תות,מיליליטרים,170.00,"100 מ""ל",false,0,2.90,1.71,true,1,
7290105368904,false,שמנת מתוקה להקצפה32% 250,מחלבת יטבתה,IL,שמנת מתוקה32%,מיליליטרים,250.00,"100 מ""ל",false,0,7.80,3.12,true,1,
7290105368928,false,שמנת 9% יטבתה מהדרין200מ,מחלבת יטבתה,IL,שמנת 9% יטבתה,מיליליטרים,200.00,"100 מ""ל",false,0,3.20,1.60,true,1,
7290105430458,false,סבון פלמוליב שקדים 750 מ,קולגייט פלמוליב,TR,סבון פלמוליב,מיליליטרים,750.00,"100 מ""ל",false,0,21.90,2.92,true,1,
7290105431516,false,חטיפי FREE תמר+בוטנים5יח,טבעית מוצרים מן הטבע בעמ,IL,חטיפי FREE,גרמים,125.00,100 גרם,false,0,17.90,14.32,true,1,
7290105439499,false,מיונז מאסטר שף 481 גרם,רמיה סי.וי.הולנד,NL,מיונז מאסטר שף,גרמים,481.00,100 גרם,false,1,11.90,2.47,true,1,
7290105439505,false,ממרח מופחת קלוריות521ג,רמיה סי.וי.הולנד,NL,ממרח מופחת,גרמים,521.00,100 גרם,false,1,11.90,2.29,true,1,
7290105500151,false,וודקה פינלנדיה,,FI,וודקה פינלנדיה,מיליליטרים,700.00,"100 מ""ל",false,0,59.90,8.55,true,1,
7290105691224,false,קריספי טורטיה שום בצל60ג,"פרח תעשיות מזון בע""מ.",IL,קריספי טורטיה,גרמים,60.00,100 גרם,false,0,8.10,13.50,true,1,
7290105691248,false,קריספי טורטיה תירס 60 גר,"פרח תעשיות מזון בע""מ.",IL,קריספי טורטיה,גרמים,60.00,100 גרם,false,0,8.10,13.50,true,1,
7290105691934,false,"קמח שמרים 1 ק""ג",תחנת קמח המפרץ,IL,"קמח שמרים 1 ק""ג",קילוגרמים,1.00,"ק""ג",false,0,10.80,10.80,true,1,
7290105693341,false,במבה 25*10 גרם,"אסם השקעות בע""\מ",IL,במבה 10 יח,גרמים,250.00,100 גרם,false,0,17.90,7.16,true,1,
7290105694928,false,מרק בצל רכיבים טבעיים220,"אסם השקעות בע""\מ",IL,מרק בצל,גרמים,220.00,100 גרם,false,0,17.90,8.14,true,1,
7290105962331,false,סחוג חריף מאוד זהבי220ג,"זהבי הכרם בע""\מ",IL,סחוג חריף זהבי,גרמים,220.00,100 גרם,false,0,12.40,5.64,true,1,
7290105964564,false,חומוס אחלה 400 גרם,"שטראוס גרופ בע""\מ",IL,סלט חומוס אחלה,גרמים,400.00,100 גרם,false,1,9.50,2.38,true,1,
7290105965738,false,דנונה לשתיה תות בננה267ג,"שטראוס גרופ בע""\מ",IL,דנונה לשתיה,גרמים,267.00,100 גרם,false,0,5.30,1.99,true,1,
7290105968654,false,רביולי בטטה פרווה 400 גר,"שטראוס גרופ בע""\מ",IL,רביולי בטטה 400ג,גרמים,400.00,100 גרם,false,0,21.70,5.43,true,1,
7290105968777,false,פריכיות תחתית שוק.מריר70,"שטראוס גרופ בע""\מ",IL,פריכיות + שוקולד,גרמים,70.00,100 גרם,false,0,8.90,12.71,true,1,
7290106268555,false,"LEGEND א.ד.ט לגבר 100 מ""",מונבלאן,FR,LEGEND אדט לגבר,מיליליטרים,100.00,"100 מ""ל",false,1,139.00,139.00,true,1,
7290106520288,false,יוגורט דנונה פרו תות150ג,"שטראוס גרופ בע""\מ",IL,דנונה WOW תות,גרמים,150.00,100 גרם,false,1,4.90,3.27,true,1,
7290106524439,false,תפוצ'יפס פופס טבעי 60גרם,"שטראוס פריטו ליי בע""\מ )",IL,תפוצ'יפס פופס,גרמים,60.00,100 גרם,false,1,4.30,7.17,true,1,
7290106525399,false,קפסולות ברזיל 06 50 גרם,שטראוס קפה בי.וי.,IL,קפסולות קפה,גרמים,50.00,100 גרם,false,1,18.90,37.80,true,1,
7290106525405,false,קפסולות נטול מס' 7 50גרם,שטראוס קפה בי.וי.,IL,קפסולות נטול מס7,גרמים,50.00,100 גרם,false,0,18.90,37.80,true,1,
7290106526822,false,פריכיות תחתית חלב 80גרם,"שטראוס גרופ בע""\מ",IL,פריכיות,גרמים,80.00,100 גרם,false,0,8.90,11.13,true,1,
7290106528567,false,דוריטוס גריל 185 גרם,"שטראוס פריטו ליי בע""\מ )",IL,דוריטוס גריל,גרמים,185.00,100 גרם,false,1,8.40,4.54,true,1,
7290106528628,false,דוריטוס Dippas טבעי185ג,"שטראוס פריטו ליי בע""\מ )",IL,דוריטוס Dippas,גרמים,185.00,100 גרם,false,1,8.40,4.54,true,1,
7290106572959,false,אפרופו קלאסי מארז 25*5גר,"אסם השקעות בע""\מ",IL,אפרופו 5 יח,גרמים,125.00,100 גרם,false,0,13.90,11.12,true,1,
7290106573277,false,חט.קריספי טאפאס זיתים150,"אסם השקעות בע""\מ",IL,חטיפי קריספי,גרמים,150.00,100 גרם,false,0,13.40,8.93,true,1,
7290106574953,false,בייגלה שטוחים שומשום300ג,"אסם השקעות בע""\מ",IL,בייגלה שטוחים,גרמים,300.00,100 גרם,false,0,11.90,3.97,true,1,
7290106574977,false,בייגלה שטוחים מלח300גרם,"אסם השקעות בע""\מ",IL,בייגלה שטוחים,גרמים,300.00,100 גרם,false,0,11.90,3.97,true,1,
7290106575332,false,פתיתים פלוס בורגול 400 ג,קוסקוס מזון,IL,פתיתים פלוס,גרמים,400.00,100 גרם,false,0,6.90,1.72,true,1,
7290106576537,false,חומוס מסעדה צבר 700גרם,סלטי צבר,IL,חומוס מסעדה צבר,גרמים,700.00,100 גרם,false,0,13.10,1.87,true,1,
7290106576797,false,לה קרמריה וניל איטלקי,גלידות נסטלה,IL,לה קרמריה וניל,ליטרים,1.40,ליטר,false,0,21.90,15.65,true,1,
7290106576834,false,לה קרמריה פונש בננה,גלידות נסטלה,IL,לה קרמריה,ליטרים,1.40,ליטר,false,0,21.90,15.65,true,1,
7290106576919,false,לה קרמריה סורבה,גלידות נסטלה )נגה גלידות,IL,לח קרמריה,ליטרים,1.40,ליטר,false,0,21.90,15.65,true,1,
7290106576971,false,לה קרמריה שוקולד בלגי .1,גלידות נסטלה,IL,לה קרמריה,ליטרים,1.40,ליטר,false,0,21.90,15.65,true,1,
7290106577039,false,לה קרמריה וניל+שוק,גלידות נסטלה,IL,לא קרמריה,ליטרים,1.40,ליטר,false,0,21.90,15.65,true,1,
7290106578821,false,עוגת שמרים שוקולד 350גרם,"אסם השקעות בע""\מ",IL,עוגת שמרים,גרמים,350.00,100 גרם,false,0,18.50,5.29,true,1,
7290106652996,false,כיף כף מקלות קוקוס40ג,שולן צ'יקולטה,TR,כיף כף מקלות,יחידה,1.00,יחידה,false,0,5.20,5.20,true,1,
7290106653689,false,לקט לסלט אסייאתי 350גרם,שטראוס בריאות ירקות טריי,IL,לקט לסלט אסייאתי,גרמים,350.00,100 גרם,false,1,10.90,3.11,true,1,
7290106654099,false,מילקי קייק 34*8 גרם,בובארד איטליה אס.פי.איי,IT,מילקי קייק 8 יח',גרמים,272.00,100 גרם,false,1,20.90,7.68,true,1,
7290106656727,false,חיוכים שוקולד 600 גרם,"אפיפית נצרת (1971) בע""\מ",IL,חיוכים שוקולד,גרמים,600.00,100 גרם,false,0,18.70,3.12,true,1,
7290106663121,false,מילקי קייק 34 גרם,בובארד איטליה אס.פי.איי,IT,מילקי קייק,גרמים,34.00,100 גרם,false,1,3.10,9.12,true,1,
7290106664067,false,לאבנה ש.זית וזעתר10% 400,"מחלבות בר בכפר בע""\מ",IL,לאבנה שמן זית,גרמים,400.00,100 גרם,false,1,15.60,3.90,true,1,
7290106664562,false,רוטב שמנת+פטריות 9% 200מ,יטבתה,IL,רוטב שמנת פטריות,מיליליטרים,250.00,"100 מ""ל",false,1,11.30,4.52,true,1,
7290106667266,false,דוריטוס חמוץ חריף 185גרם,"שטראוס פריטו ליי בע""\מ )",IL,דוריטוס,גרמים,185.00,100 גרם,false,1,8.40,4.54,true,1,
7290106669857,false,קפסולות אספרסו וניל 50גר,שטראוס קפה בי.וי.,IL,קפסולות וניל,גרמים,50.00,100 גרם,false,1,18.90,37.80,true,1,
7290106720626,false,ציטוס גבינה 80 גרם,"שטראוס פריטו ליי בע""\מ )",IL,ציטוס גבינה,גרמים,80.00,100 גרם,false,1,5.20,6.50,true,1,
7290106721913,false,מסטיק מרעננת מגדים 66גרם,עלית,IL,מסטיק מרעננת,גרמים,66.00,100 גרם,false,1,11.50,17.42,true,1,
7290106721920,false,מסטיק ספירמינט צ'יקלט66ג,"שטראוס גרופ בע""\מ.",IL,מסטיק ספירמינט,גרמים,66.00,100 גרם,false,1,11.50,17.42,true,1,
7290106726178,false,דנונה פרו פירות יער150ג,"שטראוס גרופ בע""\מ",IL,דנונה WOW פ.יער,גרמים,150.00,100 גרם,false,1,4.90,3.27,true,1,
7290106727984,false,כיף כף פצפצים בגביע135ג,שולן צ'\יקולטה גידה סאן.,TR,כיף כף פצפצים,גרמים,135.00,100 גרם,false,1,11.50,8.52,true,1,
7290106770577,false,ממרח חלבה 350 גרם,אלמנדוס,IL,ממרח חלבה,גרמים,350.00,100 גרם,false,1,14.90,4.26,true,1,
7290106772472,false,ממרח אגוזי לוז+קקאו350גר,אלמנדוס,IL,ממרח אגוזי לוז,גרמים,350.00,100 גרם,false,1,14.90,4.26,true,1,
7290106774292,false,שוקולד מריר 70% קקאו500ג,,IL,שוקולד מריר 70%,גרמים,500.00,100 גרם,false,1,39.90,7.98,true,1,
7290106774308,false,שוקולד חלב 500 גרם,,IL,שוקולד חלב,גרמים,500.00,100 גרם,false,1,39.90,7.98,true,1,
7290106775053,false,מחית נוגט פרווה 400 גרם,,IL,מחית נוגט פרווה,גרמים,400.00,100 גרם,false,1,25.90,6.48,true,1,
7290107280020,false,מטליות לחות מארז,,IL,מטליות לחות מארז,יחידה,1.00,יחידה,false,0,19.90,19.90,true,1,
7290107280099,false,מגבוני נייר טואלט48*3יח,סנו,IL,מגבוני נייר לחים,יחידה,1.00,יחידה,false,0,18.90,18.90,true,1,
7290107280341,false,מטליות ריצפז מלון מפנק10,"סנו, ח.צ 520032988",IL,מטליות ריצפז,יחידה,1.00,יחידה,false,1,12.90,12.90,true,1,
7290107280389,false,מתז ג'ט לאמבט,,IL,מתז ג'ט לאמבט,מיליליטרים,750.00,"100 מ""ל",false,0,15.90,2.12,true,1,
7290107280396,false,מתז ג'ט למטבח,,IL,מתז ג'ט למטבח,מיליליטרים,750.00,"100 מ""ל",false,0,13.90,1.85,true,1,
7290107280570,false,ג'ל כביסה,,IL,ג'ל כביסה,ליטרים,3.00,ליטר,false,0,35.60,11.87,true,1,
7290107280600,false,ספארק טבליות למדיח 100יח,גרופה אינקו,PL,ספארק טב' למדיח,יחידה,1.00,יחידה,false,1,56.90,56.90,true,1,
7290107280709,false,ספארק נוזל הברקה 700מל,"סנו מפעלי ברונוס בע""\מ",IL,נוזל הברקה למדיח,מיליליטרים,700.00,"100 מ""ל",false,1,18.90,2.70,true,1,
7290107280723,false,נוזל לכלים לימון 700מל,סנו,IL,נוזל לכלים לימון,מיליליטרים,700.00,"100 מ""ל",false,0,11.80,1.69,true,1,
7290107280747,false,"נוזל לכלים קלאסי 700מ""ל",סנו,IL,נוזל לכלים קלאסי,מיליליטרים,700.00,"100 מ""ל",false,0,11.80,1.69,true,1,
7290107280761,false,ספארק לימון+משאבה 1ל,סנו מפעלי ברונוס בעמ,IL,נוזל כלים לימון,ליטרים,1.00,ליטר,false,0,12.90,12.90,true,1,
7290107536042,false,מארז גיפט קארד מרובע ניי,,IL,מארז גיפטקארד,יחידה,1.00,יחידה,false,1,6.00,6.00,true,1,
7290107645584,false,מרק עוף אמיתי ר.טבעים400,יוניליוור ישראל מזון בע\,IL,מרק עוף אמיתי,גרמים,400.00,100 גרם,false,1,20.90,5.23,true,1,
7290107646062,false,מרק בצל רכיבים טבעיים400,יוניליוור ישראל מזון בע\,IL,מרק בצל,גרמים,400.00,100 גרם,false,1,29.50,7.38,true,1,
7290107646826,false,חטיפי שוגי שוקו 26*6גרם,יוניליוור ישראל מזון בעמ,IL,חטיפי שוגי 6 יח,גרמים,156.00,100 גרם,false,1,14.90,9.55,true,1,
7290107647731,false,קוקומן חום לבן 375 גרם,יוניליוור ישראל מזון בעמ,IL,קוקומן חום לבן,גרמים,375.00,100 גרם,false,1,23.40,6.24,true,1,
7290107647854,false,דגני בוקר שוגי 500 גרם,יוניליוור ישראל מזון בעמ,IL,דגני בוקר שוגי,גרמים,500.00,100 גרם,false,1,22.90,4.58,true,1,
7290107779302,false,זרעי ברוקולי ירוק 20זרעי,"גדות אגרו בע""\מ",IL,ברוקולי ירוק,יחידה,1.00,יחידה,false,1,9.90,9.90,true,1,
7290107779319,false,זרעי ברוקולי סגול,"גדות אגרו בע""\מ",IL,זרעי ברוקולי,יחידה,1.00,יחידה,false,1,9.90,9.90,true,1,
7290107779630,false,זרעי עלי בייבי קייל,"גדות אגרו בע""\מ",IL,עלי בייבי קייל,יחידה,1.00,יחידה,false,1,9.90,9.90,true,1,
7290107871532,false,מאגדת קרח מילון דובד750,גלידות נסטלה )נגה גלידות,IL,מאגדת קרח,גרמים,750.00,100 גרם,false,7,21.90,2.92,true,1,
7290107871990,false,פסטה צינורות 500 גרם,פסטה זארה,IT,פסטה צינורות,גרמים,500.00,100 גרם,false,0,6.50,1.30,true,1,
7290107877619,false,במבה מילוי קרם נוגט30*5ג,"אסם השקעות בע""\מ",IL,במבה נוגט 5 יח,גרמים,150.00,100 גרם,false,1,14.50,9.67,true,1,
7290107879521,false,מאגדת לה פרוטה תות 5יח,גלידות נסטלה )נגה גלידות,IL,מאגדת לה פרוטה,גרמים,350.00,100 גרם,false,1,29.90,8.54,true,1,
7290107879569,false,מאגדת לה פרוטה מנגו 5יח,גלידות נסטלה )נגה גלידות,IL,מאגדת לה פרוטה,גרמים,350.00,100 גרם,false,1,29.90,8.54,true,1,
7290107931397,false,כיף כף פצפצים 40 גרם,שולן צ'\יקולטה גידה סאן.,TR,כיף כף פצפצים,גרמים,40.00,100 גרם,false,1,5.50,13.75,true,1,
7290107932080,false,חלב מועשר3% בקבוק 1ליטר,מחלבת יטבתה,IL,חלב מועשר 3%,ליטרים,1.00,ליטר,false,1,7.90,7.90,true,1,
7290107932134,false,חלב מועשר1% בקבוק 1ליטר,מחלבת יטבתה,IL,חלב מועשר 1%,ליטרים,1.00,ליטר,false,1,7.90,7.90,true,1,
7290107933155,false,לקט סלנובה 200גרם,שטראוס בריאות ירקות טריי,IL,לקט סלנובה,גרמים,200.00,100 גרם,false,1,13.90,6.95,true,1,
7290107933193,false,סלק מבושל 500גרם,שטראוס,IL,סלק מבושל 500גרם,גרמים,500.00,100 גרם,false,1,8.90,1.78,true,1,
7290107934473,false,יוג.אקטיביה1.5% 150*8מ,"שטראוס גרופ בע""\מ",IL,אקטביה 1.5% 8 יח,ליטרים,1.20,ליטר,false,1,21.50,17.92,true,1,
7290107936309,false,יוגורט יווני לבן6.5% 130,"שטראוס גרופ בע""\מ",IL,יוגורט יווני,גרמים,130.00,100 גרם,false,1,3.50,2.69,true,1,
7290107936460,false,דנכול בטעם מעודן 100*8גר,"שטראוס גרופ בע""\מ",IL,דנכול מעודן 8 יח,גרמים,800.00,100 גרם,false,1,30.50,3.81,true,1,
7290107937542,false,משקה אקטיביה תות1.2% 265,"שטראוס גרופ בע""\מ",IL,משקה אקטביה תות,גרמים,265.00,100 גרם,false,1,5.10,1.92,true,1,
7290107937627,false,קוביות ספירמינט צנצנת58ג,אסקום קונפקשיין,DE,קוביות מסטיק,גרמים,58.00,100 גרם,false,1,11.50,19.83,true,1,
7290107937634,false,קוביות פפרמינט צנצנת 58ג,אסקום קונפקשיין,DE,קוביות מסטיק,גרמים,58.00,100 גרם,false,1,11.50,19.83,true,1,
7290107937641,false,מסטיק בזוקה קוביות צנצ58,עלית,DE,קוביות מסטיק,גרמים,58.00,100 גרם,false,1,11.50,19.83,true,1,
7290107937856,false,קפסולות מס' 11 50 גרם,שטראוס קפה בי.וי,IL,קפסולות עלית,גרמים,50.00,100 גרם,false,1,18.90,37.80,true,1,
7290107938396,false,"מארז אקטימל תות 100*8מ""ל","שטראוס בריאות בע""\מ",IL,אקטימל תות 8יח',מיליליטרים,800.00,"100 מ""ל",false,1,22.70,2.84,true,1,
7290107940467,false,אקטיביה 1.5% 200 גרם,"שטראוס גרופ בע""\מ",IL,אקטיביה 1.5%,גרמים,200.00,100 גרם,false,1,4.20,2.10,true,1,
7290107941259,false,עדשים ירוקות מבושלות 475,שטראוס,ES,עדשים ירוקות,גרמים,475.00,100 גרם,false,1,12.90,2.72,true,1,
7290107944472,false,סימפוניה שום שמיר5% 200ג,"שטראוס בריאות בע""\מ",IL,גבינת סימפוניה,גרמים,200.00,100 גרם,false,1,12.40,6.20,true,1,
7290107950190,false,מעדן דיאט שוקולד מריר130,"שטראוס גרופ בע""\מ",IL,מעדן דיאט שוקולד,גרמים,130.00,100 גרם,false,1,3.40,2.62,true,1,
7290107950206,false,מעדן דיאט שוקולד 130 גרם,"שטראוס גרופ בע""\מ",IL,מעדן דיאט שוקולד,גרמים,130.00,100 גרם,false,1,3.40,2.62,true,1,
7290107951104,false,בפלות בטעם שוקולד 200גרם,"א.ג. גילרו בע""\מ",IL,בפלות טעם שוקולד,גרמים,200.00,100 גרם,false,1,5.40,2.70,true,1,
7290107953559,false,קפה טורקי לדרך 24 * 7 גר,שטראוס קפה בי.וי.,IL,קפה טורקי לדרך,גרמים,168.00,100 גרם,false,1,19.90,11.85,true,1,
7290107954976,false,משקה פרו קפה יטבתה350מ,מחלבת יטבתה,DE,משקה פרו קפה,מיליליטרים,350.00,"100 מ""ל",false,1,6.90,1.97,true,1,
7290107956895,false,קפסולות אספרסו קרמל50גרם,שטראוס קפה בי.וי,IL,קפסולות אספרסו,גרמים,50.00,100 גרם,false,1,18.90,37.80,true,1,
7290107956925,false,קפסולות אוגנדה 13 50 גרם,שטראוס קפה בי.וי.,IL,קפסולות קפה,גרמים,50.00,100 גרם,false,1,18.90,37.80,true,1,
7290107956932,false,קפסולות אינדונזיה מס12,שטראוס קפה בי.וי.,IL,קפסולות אינדונזי,גרמים,50.00,100 גרם,false,1,18.90,37.80,true,1,
7290107957991,false,מילקי קייק מיניס 144 גרם,בובארד איטליה אס.פי.איי,IT,מילקי קייק מיניס,גרמים,144.00,100 גרם,false,1,15.50,10.76,true,1,
7290107958035,false,דנונה מתיקות מעודנת150*8,"שטראוס גרופ בע""\מ",IL,דנונה מעודן 8 יח,קילוגרמים,1.20,"ק""ג",false,1,19.30,16.08,true,1,
7290107973014,false,סב.ידיים פלמוליב דבש300מ,קולגייט-פלמוליב,TR,סבון ידיים,מיליליטרים,300.00,"100 מ""ל",false,1,11.90,3.97,true,1,
7290107975360,false,ליידי ספיד סטיק פיור פרש,קולגייט פלמוליב,US,ליידי ספיד סטיק,גרמים,45.00,100 גרם,false,1,17.90,39.78,true,1,
7290107978323,false,איטריות דקיקות 400 גרם,פי.פי.איג' ארטלקס,PL,איטריות דקיקות,גרמים,400.00,100 גרם,false,1,6.90,1.73,true,1,
7290107978347,false,איטריות בינוניות 400 גרם,פי.פי.איג' ארטלקס,PL,איטריות בינוניות,גרמים,400.00,100 גרם,false,1,6.90,1.73,true,1,
7290107978453,false,קראנצ'וס גריל 55 גרם,מנה,IL,קראנצ'וס גריל,גרמים,55.00,100 גרם,false,1,3.90,7.09,true,1,
7290107978637,false,"משחת מרידול 75 מ""ל",קולגייט פלמוליב,PL,משחת מרידול,מיליליטרים,75.00,"100 מ""ל",false,1,20.90,27.87,true,1,
7290108350531,false,ספארק לכלים קלאסי+משאבה,סנו מפעלי ברונוס בעמ,IL,ספארק לכלים,ליטרים,1.00,ליטר,false,1,12.90,12.90,true,1,
7290108350616,false,מרכך מקסימה בלו 1 ליטר,"סנו מפעלי ברונוס בע""\מ",IL,מרכך מקסימה,ליטרים,1.00,ליטר,false,1,18.90,18.90,true,1,
7290108350623,false,מרכך מקסימה סופט סילק1ל,"סנו מפעלי ברונוס בע""\מ",IL,מרכך מקסימה,ליטרים,1.00,ליטר,false,1,18.90,18.90,true,1,
7290108351156,false,סנו ג'ט רצפות חומץ 1.5ל,"סנו מפעלי ברונוס בע""\מ",IL,סנו ג'ט פלוס,ליטרים,1.50,ליטר,false,1,10.90,7.26,true,1,
7290108351552,false,סנו ג'ט בתוספת חומץ750מל,"סנו מפעלי ברונוס בע""\מ",IL,סנו ג'ט עם חומץ,מיליליטרים,750.00,"100 מ""ל",false,1,10.90,1.45,true,1,
7290108351583,false,סנו ג'ט מנקה אסלות 750מל,סנו מפעלי ברונו בעמ,IL,סנו ג'ט לאסלות,מיליליטרים,750.00,"100 מ""ל",false,1,10.90,1.46,true,1,
7290108351613,false,ריצפז פרש הום בית מלון2ל,"סנו מפעלי ברונוס בע""\מ",IL,ריצפז פרש הום,ליטרים,2.00,ליטר,false,1,21.90,10.95,true,1,
7290108351859,false,פוראבר בושם לכביסה600מל,סנו,IL,בושם לכביסה,מיליליטרים,600.00,"100 מ""ל",false,1,23.90,3.98,true,1,
7290108351972,false,מבשם לבית מלון בוטיק200מ,סנו מפעלי ברונוס בעמ,IL,מבשם אוויר לבית,מיליליטרים,200.00,"100 מ""ל",false,1,12.90,6.45,true,1,
7290108352092,false,מש.אורביטול פרוטקטיב145ג,טרופיקל דגיל תעשיות קוסמ,IL,משחת אורביטול,גרמים,145.00,100 גרם,false,1,10.90,7.51,true,1,
7290108352290,false,מטליות לחיטוי אמבטיה50*3,סנו מפעלי ברונוס בעמ,IL,מטליות חיטוי99%,יחידה,1.00,יחידה,false,1,20.90,20.90,true,1,
7290108352344,false,סנו פרש מילוי 250מל,סנו מפעלי ברונוס בעמ,IL,סנו פרש מילוי,מיליליטרים,250.00,"100 מ""ל",false,1,13.90,5.56,true,1,
7290108352450,false,ריצפז פרש הום ריח מרכך2ל,סנו מפעלי ברונוס בעמ,IL,ריצפז פרש הום,ליטרים,2.00,ליטר,false,1,21.90,10.95,true,1,
7290108352641,false,מטלית הפלא 3 יחידות,,CN,מטליות הפלא 3 יח,יחידה,1.00,יחידה,false,1,14.90,14.90,true,1,
7290108352672,false,מטליות לרצפה סנו סושי2יח,,CN,מטליות לרצפה 2יח,יחידה,1.00,יחידה,false,1,19.90,19.90,true,1,
7290108352795,false,שקיות מזון M זיפר 50 יח',פיין ונטג,CN,שקיות מזון זיפר,יחידה,1.00,יחידה,false,1,10.90,10.90,true,1,
7290108352894,false,סנו סושי מפת שולחן חגיגי,שואוגאנג,CN,מפת שולחן חגיגית,יחידה,1.00,יחידה,false,1,7.90,7.90,true,1,
7290108353068,false,2כרית קרצוף סיבי נירוסטה,פושן קלינינג,CN,כריות קרצוף 2 יח,יחידה,1.00,יחידה,false,1,11.90,11.90,true,1,
7290108353099,false,ממחטות אף סופט 5 * 100יח,איימי פייפר,CN,ממחטות סופט מארז,יחידה,1.00,יחידה,false,1,13.90,13.90,true,1,
7290108353372,false,2 מברשות 12000 סיבים פחם,"קוסמופארם בע""\מ",CN,מברשות שיניים2יח,יחידה,1.00,יחידה,false,1,31.90,31.90,true,1,
7290108353440,false,2 מברשות 12000 סיבים,Plastic Z.H.T,CN,מברשות שיניים2יח,יחידה,1.00,יחידה,false,1,31.90,31.90,true,1,
7290108353723,false,"קרמה ת.רחצה חימר 500מ""ל","קוסמופארם בע""\מn\",IL,תחליב רחצה קרמה,מיליליטרים,500.00,"100 מ""ל",false,1,14.90,2.98,true,1,
7290108353747,false,תחליב רחצה אירוודה600מ,"קוסמופארם בע""\מ",IL,קרמה תחליב רחצה,מיליליטרים,600.00,"100 מ""ל",false,1,19.90,3.32,true,1,
7290108353815,false,"תחליב רחצה מדיטציה600מ""ל","קוסמופארם בע""\מ",IL,קרמה תחליב רחצה,מיליליטרים,600.00,"100 מ""ל",false,1,19.90,3.32,true,1,
7290108353891,false,דאו.קרמה רול און מאסק75מ,"קוסמופארם בע""\מ",IL,דאודורנט קרמה,מיליליטרים,75.00,"100 מ""ל",false,1,15.90,21.20,true,1,
7290108353907,false,דאו.קרמה רול און קלאסי75,"קוסמופארם בע""\מ",IL,דאודורנט קרמה,מיליליטרים,75.00,"100 מ""ל",false,1,15.90,21.20,true,1,
7290108353990,false,קרם גוף קרמה מאסק 500 מל,קוסמופארם בע'\'\מ,IL,קרם גוף מאסק,מיליליטרים,500.00,"100 מ""ל",false,1,21.90,4.38,true,1,
7290108354263,false,משחה אורביטול חד קרן 70,טרופיקל דגיל תעשיות קוסמ,IL,משחה אורביטול +6,מיליליטרים,70.00,"100 מ""ל",false,1,8.90,12.71,true,1,
7290108354713,false,תחליב רחצה קרמה קלאס500מ,"קוסמופארם בע""\מn\",IL,תחליב רחצה קרמה,מיליליטרים,500.00,"100 מ""ל",false,1,14.90,2.98,true,1,
7290108354751,false,סנו ג'ט בתוספת סודה750מל,"סנו מפעלי ברונוס בע""\מ",IL,סנו ג'ט עם סודה,מיליליטרים,750.00,"100 מ""ל",false,1,10.90,1.45,true,1,
7290108354973,false,סב.ידיים קרמה ורד 300מל,"קוסמופארם בע""\מ",IL,סבון ידיים קרמה,מיליליטרים,300.00,"100 מ""ל",false,1,10.90,3.63,true,1,
7290108355055,false,נט.פורמולה לחות+גלייז400,אמיליה קוסמטיקס,IL,לחות נט.פורמולה,מיליליטרים,400.00,"100 מ""ל",false,1,29.90,7.48,true,1,
7290108355178,false,קרמה ק.ידיים חמאת שיא100,,IL,קרמה קרם ידיים,מיליליטרים,100.00,"100 מ""ל",false,1,11.90,11.90,true,1,
7290108355192,false,"מרכך קרטין נטורל 400 מ""ל",קוסמופארם,IL,מרכך נטורל פורמו,מיליליטרים,400.00,"100 מ""ל",false,1,29.90,7.48,true,1,
7290108355536,false,"דאו.קרמה ורד וניל 150מ""ל",מיוצר עי : אמיליה קוסמטי,TR,דאודורנט קרמה,מיליליטרים,150.00,"100 מ""ל",false,1,16.90,11.27,true,1,
7290108355802,false,תח.רחצה קרמה ורד וניל700,קוסמופארם בעמ,IL,תחליב רחצה קרמה,מיליליטרים,700.00,"100 מ""ל",false,1,17.90,2.56,true,1,
7290108356106,false,כיף תחליב רחצה שקדים700מ,קוסמופארם,IL,כיף תחליב רחצה,מיליליטרים,700.00,"100 מ""ל",false,1,12.90,1.84,true,1,
7290108356113,false,כיף תחליב רח.חלב ודבש700,קוסמופארם,IL,כיף תחליב רחצה,מיליליטרים,700.00,"100 מ""ל",false,1,12.90,1.84,true,1,
7290108356229,false,"ג'ל גילוח מטהר,קרבון 200",אביאפ,TR,ג'ל גילוח מטהר,מיליליטרים,200.00,"100 מ""ל",false,1,16.90,8.45,true,1,
7290108356519,false,שמפו 10 לשיער רגיל 700מל,"קוסמופארם בע""\מ",IL,שמפו 10 קרליין,מיליליטרים,700.00,"100 מ""ל",false,1,14.90,2.13,true,1,
7290108356526,false,שמפו 10 לשיער יבש 700 מל,"קוסמופארם בע""\מ",IL,שמפו 10 קרליין,מיליליטרים,700.00,"100 מ""ל",false,1,14.90,2.13,true,1,
7290108357097,false,דאו. ספריי ביו וולווט150,קוסטר אירוסול,CZ,דאו.ספריי ביו,מיליליטרים,150.00,"100 מ""ל",false,1,16.90,11.27,true,1,
7290108357271,false,סנובון עם חמצן פעיל750מל,סנו מפעלי ברונוס בעמ,IL,סנובון עם חמצן,מיליליטרים,750.00,"100 מ""ל",false,1,11.90,1.59,true,1,
7290108357295,false,מסיר כתמים  לכביסה 750מל,סנו,IL,אוקסיג'ן מסיר,מיליליטרים,750.00,"100 מ""ל",false,1,15.90,2.12,true,1,
7290108357707,false,כיף שמפו לשיער רגיל 700מ,קוסמופארם,IL,כיף שמפו,מיליליטרים,700.00,"100 מ""ל",false,1,13.90,1.99,true,1,
7290108357714,false,כיף שמפו לשיער יבש700מ,קוסמופארם,IL,כיף שמפו,מיליליטרים,700.00,"100 מ""ל",false,1,13.90,1.99,true,1,
7290108357769,false,כיף מרכך לשיער רגיל700מל,קוסמופארם,IL,כיף מרכך שיער,מיליליטרים,700.00,"100 מ""ל",false,1,13.90,1.99,true,1,
7290108357776,false,כיף מרכך לשיער יבש 700מל,קוסמופארם,IL,כיף מרכך שיער,מיליליטרים,700.00,"100 מ""ל",false,1,13.90,1.99,true,1,
7290108357851,false,כיף ג'ל רח.בשמן קוקוס700,"קוסמופארם בע""\מ",IL,כיף ג'ל רחצה,מיליליטרים,700.00,"100 מ""ל",false,1,12.90,1.84,true,1,
7290108357868,false,כיף ג'ל רחצה מקדמיה 700,"קוסמופארם בע""\מ",IL,כיף ג'ל רחצה,מיליליטרים,700.00,"100 מ""ל",false,1,12.90,1.84,true,1,
7290108358070,false,תחליב רחצה קרמה קלאס700מ,קוסמופארם בעמ,IL,קרמה תחליב רחצה,מיליליטרים,700.00,"100 מ""ל",false,1,17.90,2.56,true,1,
7290108359077,false,סנו סופט 3שכבות 120יח,"סנו מפעלו ברונוס בע""\מ",EG,סופט לושן ממחטות,יחידה,1.00,יחידה,false,1,14.90,14.90,true,1,
7290108359824,false,"בייבי כיף קרם גוף 500מ""ל",קוסמופארם,IL,קרם גוף בייבי,מיליליטרים,500.00,"100 מ""ל",false,1,26.90,5.38,true,1,
7290108359879,false,בייבי כיף אל סבון 750מ,קוסמופארם,IL,בייבי כיף אלסבון,מיליליטרים,750.00,"100 מ""ל",false,1,18.90,2.52,true,1,
7290108359985,false,ג'אוול קצף ניקוי 1 ליטר,,IL,ג'אוול קצף ניקוי,ליטרים,1.00,ליטר,false,1,19.90,19.90,true,1,
7290108500677,false,כבד דג שיבוט מעושן 115גר,אקרבורג,IS,כבד גד שיבוט,גרמים,115.00,100 גרם,false,1,11.00,9.57,true,1,
7290108502541,false,גבינת שמנת 24% 200 גרם,,TR,גבינת שמנת,גרמים,200.00,100 גרם,false,1,13.50,6.75,true,1,
7290108503999,false,פרוסות גבינה גאודה 150גר,,ES,פרוסות גבינה,גרמים,150.00,100 גרם,false,1,12.90,8.60,true,1,
7290108506426,false,סימיט בייגלה עם שומשום,גידה,TR,סימיט בייגלה,גרמים,400.00,100 גרם,false,1,10.90,2.73,true,1,
7290108507188,false,כנאפה תורכית משפחתית קפו,,TR,כנאפה תורכית משפ,גרמים,658.00,100 גרם,false,1,31.90,4.85,true,1,
7290108508130,false,עגבנ.איטלקיות מרוסקות390,סאק,IT,עגבניות מרוסקות,גרמים,390.00,100 גרם,false,1,9.90,2.54,true,1,
7290108509588,false,גבינה מלוחה+עשב.תיבול153,,GR,גבינה מלוחה,גרמים,153.00,100 גרם,false,1,17.90,11.70,true,1,
7290109351025,false,חומוסטחינה צבר 400 גרם,סלטי צבר,IL,חומוסטחינה צבר,גרמים,400.00,100 גרם,false,1,14.90,3.73,true,1,
7290109351957,false,פריכיות שוקולד פיטנס100ג,הרטו,BE,פריכיות פיטנס,גרמים,100.00,100 גרם,false,1,8.90,8.90,true,1,
7290109351971,false,פיטנס פריכיות שוק.חלב84ג,CA,IL,פיטנס בר פריכיות,גרמים,84.00,100 גרם,false,1,14.50,17.26,true,1,
7290109352916,false,פיטנס פריכיות שוק.לבן84ג,כרמית,IL,פיטנס בר פריכיות,גרמים,84.00,100 גרם,false,1,14.50,17.26,true,1,
7290109354057,false,מאגדת לה פרוטה תפוז אננס,נסטלה,IL,מאגדת לה פרוטה,גרמים,350.00,100 גרם,false,1,29.90,8.54,true,1,
7290109354101,false,לחמית ללא גלוטן 200 גרם,אסם,IL,לחמית ללא גלוטן,גרמים,200.00,100 גרם,false,1,10.90,5.45,true,1,
7290109354972,false,פתי בר ל.גלוטן קלאסי200ג,"אסם השקעות בע""\מ",IL,פתי בר ללא גלוטן,גרמים,200.00,100 גרם,false,1,11.50,5.75,true,1,
7290109358482,false,קרמוגית במילוי חלבה200גר,"הגביע מוצרי וופלים בע""\מ",IL,קרמוגית חלבה,גרמים,200.00,100 גרם,false,1,12.70,6.35,true,1,
7290109358765,false,קראנץ' רולס 450 גרם,"אסם השקעות בע""\מ",IL,קראנץ' רולס,גרמים,450.00,100 גרם,false,1,27.90,6.20,true,1,
7290109580104,false,רוסטביף פרימיום 150 גרם,,IL,רוסטביף פרימיום,גרמים,150.00,100 גרם,false,1,24.90,16.60,true,1,
7290109580111,false,צלעות אסאדו מעושנות,,IL,צלעות אסאדו מעוש,גרמים,120.00,100 גרם,false,1,24.90,20.75,true,1,
7290109580135,false,קורנדביף  פרימיום 180 גר,,IL,קורנדביף  פרימיו,גרמים,180.00,100 גרם,false,1,24.90,13.83,true,1,
7290109580241,false,נאגטס מן הצומח 500 גרם,,IL,נאגטס מן הצומח,קילוגרמים,0.50,"ק""ג",false,1,24.90,49.80,true,1,
7290109580319,false,וונדרס בורגר 280 גרם,,IL,וונדרס בורגר,גרמים,280.00,100 גרם,false,1,34.90,12.46,true,1,
7290109580449,false,סלמי בטעם כמהין פרימיום,,IL,סלמי בטעם כמהין,גרמים,180.00,100 גרם,false,1,24.90,13.83,true,1,
7290109923147,false,"אסטוניש מרסס 750 מ""ל",אסטוניש,GB,אסטוניש מרסס,מיליליטרים,750.00,"100 מ""ל",false,1,15.90,2.12,true,1,
7290110110369,false,קרלסברג לומה 6בק* 330מל,מבשלות בירה בינלאומיות ב,IL,קרלסברג לומה 6יח,ליטרים,1.98,ליטר,false,1,39.90,20.15,true,1,
7290110110574,false,פחית קולה זירו לימון330מ,החברה המרכזית לייצור משק,IL,פחית קולה זירו,מיליליטרים,330.00,"100 מ""ל",false,1,5.40,1.64,true,1,
7290110114787,false,נביעות+טעם תפוח 1.5 ליטר,נביעות טבע הגליל בעמ,IL,נביעות+תפוח,ליטרים,1.50,ליטר,false,0,10.50,7.00,true,1,
7290110114794,false,נביעות+טעם אפרסק 1.5ליטר,"נביעות טבע הגליל בע""\מ ,",IL,נביעות+אפרסק,ליטרים,1.50,ליטר,false,0,10.50,7.00,true,1,
7290110114800,false,נביעות+טעם ענבים 1.5ליטר,"נביעות טבע הגליל בע""\מ",IL,נביעות+ענבים,ליטרים,1.50,ליטר,false,0,10.50,7.00,true,1,
7290110114893,false,מיץ תפוזים סחוט טבעי 2 ל,גת,IL,מיץ תפוזים,ליטרים,2.00,ליטר,false,0,24.90,12.45,true,1,
7290110114954,false,מיץ 100% רכז תפוזים 2 לי,גת,IL,מיץ תפוזים,ליטרים,2.00,ליטר,false,0,22.00,11.00,true,1,
7290110114961,false,פריגת תפוזים 1.5 ליטר,מבשלות בירה בינלאומיות ב,IL,פריגת תפוזים,ליטרים,1.50,ליטר,false,0,9.90,6.60,true,1,
7290110114985,false,פריגת אשכוליות 1.5 ליטר,מבשלות בירה בינלאומיות ב,IL,פריגת אשכוליו,ליטרים,1.50,ליטר,false,0,9.90,6.60,true,1,
7290110114992,false,פריגת אשכוליות לייט 1.5,מבשלות בירה בינלאומיות ב,IL,פריגת  אשכולי,ליטרים,1.50,ליטר,false,0,9.50,6.33,true,1,
7290110115005,false,פריגת ענבים 1.5 ליטר,מבשלות בירה בינלאומיות ב,IL,פריגת ענבים,ליטרים,1.50,ליטר,false,0,9.90,6.60,true,1,
7290110115036,false,פריגת מנגו 1.5 ליטר,מבשלות בירה בינלאומיות ב,IL,פריגת מנגו,ליטרים,1.50,ליטר,false,0,9.90,6.60,true,1,
7290110115043,false,פריגת לימונענע 1.5 ליטר,מבשלות בירה בינלאומיות ב,IL,"משק""ל פריגת",ליטרים,1.50,ליטר,false,0,9.90,6.60,true,1,
7290110115050,false,פריגת מיקס תות-בננה1.5ל,מבשלות בירה בינלאומיות ב,IL,פריגת תות בננ,ליטרים,1.50,ליטר,false,0,9.90,6.60,true,1,
7290110115081,false,פריגת צלול ענבים 1.5ליטר,"מבשלות בירה לישראל בע""\מ",IL,פריגת צלול ענ,ליטרים,1.50,ליטר,false,0,8.90,5.93,true,1,
7290110115111,false,פריגת צלול אננס 1.5 ליטר,"מבשלות בירה לישראל בע""\מ",IL,פריגת צלול אנ,ליטרים,1.50,ליטר,false,0,8.90,5.93,true,1,
7290110115128,false,פריגת צלול לימוננע 1.5 ל,"מבשלות בירה לישראל בע""\מ",IL,פריגת צלול,ליטרים,1.50,ליטר,false,0,8.90,5.93,true,1,
7290110115203,false,קוקה קולה בקבוק 1.5 ליטר,החברה המרכזית לייצור משק,IL,קוקה קולה,ליטרים,1.50,ליטר,false,0,9.20,6.13,true,1,
7290110115210,false,קולה דיאט בקבוק 1.5 ל',החברה המרכזית לייצור משק,IL,קוקה קולה דיא,ליטרים,1.50,ליטר,false,0,8.90,5.93,true,1,
7290110115227,false,קוקה קולה זירו 1.5 ליטר,החברה המרכזית לייצור משק,IL,קוקה קולה זיר,ליטרים,1.50,ליטר,false,0,9.50,6.33,true,1,
7290110115234,false,קולה זירו נטול קפאין1.5ל,החברה המרכזית לייצור משק,IL,קולה זירו נטו,ליטרים,1.50,ליטר,false,0,9.50,6.33,true,1,
7290110115241,false,קולה זירו לימון 1.5 ליטר,החברה המרכזית לייצור משק,IL,קולה זירו לימ,ליטרים,1.50,ליטר,false,0,9.50,6.33,true,1,
7290110115258,false,קולה זירו מנגו 1.5 ליטר,החברה המרכזית לייצור משק,IL,קולה זירו מנג,ליטרים,1.50,ליטר,false,0,9.50,6.33,true,1,
7290110115265,false,ספרייט ליים 1.5 ליטר,החברה המרכזית לייצור משק,IL,ספרייט ליים,ליטרים,1.50,ליטר,false,0,9.20,6.13,true,1,
7290110115272,false,ספרייט זירו 1.5 ליטר,החברה המרכזית לייצור משק,IL,ספרייט זירו,ליטרים,1.50,ליטר,false,0,9.50,6.33,true,1,
7290110115302,false,פאנטה זירו ט.אורנג' 1.5ל,החברה המרכזית לייצור משק,IL,פאנטה זירו או,ליטרים,1.50,ליטר,false,0,10.00,6.67,true,1,
7290110115319,false,פאנטה אקזוטי 1.5 ליטר,החברה המרכזית לייצור משק,IL,פאנטה אקזוטי,ליטרים,1.50,ליטר,false,0,10.00,6.67,true,1,
7290110115333,false,פאנטה תות 1.5 ליטר,החברה המרכזית לייצור משק,IL,פאנטה תות,ליטרים,1.50,ליטר,false,0,10.00,6.67,true,1,
7290110115340,false,פאנטה ענבים 1.5 ליטר,החברה המרכזית לייצור משק,IL,פאנטה ענבים,ליטרים,1.50,ליטר,false,0,10.00,6.67,true,1,
7290110115364,false,קוקה קולה 1.5*6 ליטר,החברה המרכזית לייצור משק,IL,קוקה קולה1.5*6ל,ליטרים,9.00,ליטר,false,0,52.90,5.88,true,1,
7290110115371,false,קוקה קולה דיאט 1.5*6ל,החברה המרכזית לייצור משק,IL,קולה דיאט1.5*6ל,ליטרים,9.00,ליטר,false,0,49.90,5.54,true,1,
7290110115388,false,ספרייט ליים 1.5*6 ליטר,החברה המרכזית לייצור משק,IL,ספרייט ליים1.5*6,ליטרים,9.00,ליטר,false,0,47.90,5.33,true,1,
7290110115395,false,ספרייט זירו 1.5*6 ליטר,החברה המרכזית לייצור משק,IL,ספרייט זירו1.5*6,ליטרים,9.00,ליטר,false,0,45.90,5.10,true,1,
7290110115401,false,קינלי סודה 1.5*6 ליטר,החברה המרכזית לייצור משק,IL,קינלי סודה1.5*6ל,ליטרים,9.00,ליטר,false,0,16.90,1.88,true,1,
7290110115418,false,קוקה קולה זירו 1.5*6 ל',החברה המרכזית לייצור משק,IL,קולה זירו1.5*6ל,ליטרים,9.00,ליטר,false,0,49.90,5.54,true,1,
7290110115425,false,פיוז תה גרין לימ.נענ1.5ל,מבשלות בירה בינלאומיות ב,IL,פיוז תה לימון,ליטרים,1.50,ליטר,false,0,9.90,6.60,true,1,
7290110115449,false,פיוז תה מנגו אננס 1.5ל,מבשלות בירה בינלאומיות ב,IL,תה מנגו אננס,ליטרים,1.50,ליטר,false,0,10.20,6.80,true,1,
7290110115456,false,פיוז תה אפרסק19 קלור1.5.,מבשלות בירה בינלאומיות ב,IL,פיוז תה אפרסק,ליטרים,1.50,ליטר,false,0,9.90,6.60,true,1,
7290110115463,false,פיוז תה קר אפרסק 1.5ליטר,מבשלות בירה בינלאומיות ב,IL,פיוז תה אפרסק,ליטרים,1.50,ליטר,false,0,10.20,6.80,true,1,
7290110115494,false,פיוז תה ענבים 1.5 ליטר,מבשלות בירה בינלאומית בע,IL,פיוז תה ענבים,ליטרים,1.50,ליטר,false,0,10.20,6.80,true,1,
7290110115531,false,פאנטה זירו טעם תפוח 1.5ל,החברה המרכזית לייצור משק,IL,פאנטה זירו תפ,ליטרים,1.50,ליטר,false,0,10.00,6.67,true,1,
7290110115616,false,פיוז תה אננס זירו 1.5 ל',מבשלות בירה בינלאומיות ב,IL,פיוז תה אננס,ליטרים,1.50,ליטר,false,1,9.90,6.60,true,1,
7290110115623,false,פיוז תה אפרסק זירו 1.5 ל,מבשלות בירה בינלאומיות ב,IL,פיוז תה אפרסק,ליטרים,1.50,ליטר,false,1,9.90,6.60,true,1,
7290110116040,false,פאנטה זירו כחול 1.5 ליטר,החברה המרכזית לייצור משק,IL,פאנטה ZERO כחול,ליטרים,1.50,ליטר,false,1,10.00,6.67,true,1,
7290110116064,false,פאנטה זירו ירוק 1.5 ליטר,החברה המרכזית לייצור משק,IL,פאנטה זירו ירוק,ליטרים,1.50,ליטר,false,1,10.00,6.67,true,1,
7290110116194,false,נביעות+למון ליים0קלור1.5,"נביעות טבע הגליל בע""\מ",IL,נביעות+למון ליים,ליטרים,1.50,ליטר,false,1,10.50,7.00,true,1,
7290110116217,false,נביעות+אשכול 0קלוריות1.5,"נביעות טבע הגליל בע""\מ",IL,נביעות+אשכולית,ליטרים,1.50,ליטר,false,1,10.50,7.00,true,1,
7290110116385,false,קולה זירו אבטיח תות330מ,החברה המרכזית לייצור משק,IL,קולה זירו אבטיח,מיליליטרים,330.00,"100 מ""ל",false,1,5.40,1.64,true,1,
7290110116569,false,ספרייט זירו למון היט1.5ל,החברה המרכזית לייצור משק,IL,ספרייט זירו למון,ליטרים,1.50,ליטר,false,1,9.50,6.33,true,1,
7290110320683,false,משקה יוגורט תות 107*8ג,מחלבת אלון תבור,IL,משקה יוגורט 8 יח,גרמים,856.00,100 גרם,false,1,17.40,2.03,true,1,
7290110320850,false,פתיתי עמק 28% 200 גרם,תנובה,IL,פתיתי עמק,גרמים,200.00,100 גרם,false,1,15.90,7.95,true,1,
7290110320867,false,פתיתי עמק 28% 500גרם,תנובה,IL,פתיתי עמק,גרמים,500.00,100 גרם,false,1,35.00,7.00,true,1,
7290110320935,false,פרוסות מוצרלה 150 גרם,תנובה,IL,פרוסות מוצרלה,גרמים,150.00,100 גרם,false,1,17.90,11.93,true,1,
7290110321031,false,יופלהGOמועשר בחלבון 200ג,תנובה,IL,יופלה GO יוגורט,גרמים,200.00,100 גרם,false,1,6.30,3.15,true,1,
7290110321277,false,קוטג' בקטנה 5% 100 גרם,תנובה,IL,קוטג' בקטנה 5%,גרמים,100.00,100 גרם,false,1,2.70,2.70,true,1,
7290110321284,false,קוטג' בקטנה 9% 100 גרם,תנובה,IL,קוטג' בקטנה 9%,גרמים,100.00,100 גרם,false,1,2.70,2.70,true,1,
7290110321680,false,יופלה GO תות 200 גרם,מחלבת אלון תבור,IL,יופלה GO יוגורט,גרמים,200.00,100 גרם,false,1,5.90,2.95,true,1,
7290110321697,false,יופלה GO אפרסק 200 גרם,מחלבת אלון תבור,IL,יופלה GO יוגורט,גרמים,200.00,100 גרם,false,1,5.90,2.95,true,1,
7290110321789,false,מסקרפונה השף הלבן 250 גר,תנובה,IL,גבינת מסקרפונה,גרמים,250.00,100 גרם,false,1,21.60,8.64,true,1,
7290110322014,false,טופו בטעם טבעי 300 גרם,א.י.ן תעשיות,IL,טופו טבעי300 גרם,גרמים,300.00,100 גרם,false,1,12.90,4.30,true,1,
7290110322021,false,טופו בזיליקום 300 גרם,א.י.ן תעשיות,IL,טופו בזיליקום,גרמים,300.00,100 גרם,false,1,12.90,4.30,true,1,
7290110322038,false,טופו פיקנטי 300 גרם,א.י.ן תעשיות,IL,טופו פיקנטי,גרמים,300.00,100 גרם,false,1,12.90,4.30,true,1,
7290110322946,false,יופלה טיוב תות בננה58*6ג,תנובה בעמ,IL,יופלה טיוב 6 יח,גרמים,348.00,100 גרם,false,1,13.90,3.99,true,1,
7290110323073,false,משקה יוגוGO תות-פטל 250מ,תנובה,IL,משקה יוגורט GO,מיליליטרים,250.00,"100 מ""ל",false,1,6.70,2.68,true,1,
7290110323301,false,גבינת טל העמק 32% 200 גר,,IL,גבינת טל העמק,גרמים,200.00,100 גרם,false,1,19.90,9.95,true,1,
7290110323585,false,יופלה GO דובדבן0.7% 200ג,תנובה בעמ,IL,יופלה GO דובדבן,גרמים,200.00,100 גרם,false,1,5.90,2.95,true,1,
7290110323592,false,יופלה GO אפרסק0.7% 200ג,תנובה בעמ,IL,יופלה GO אפרסק,גרמים,200.00,100 גרם,false,1,5.90,2.95,true,1,
7290110323714,false,משקה קוקוס שקדים 1 ליטר,תנובה בעמ,IL,משקה קוקוס שקדים,ליטרים,1.00,ליטר,false,1,14.80,14.80,true,1,
7290110324551,false,יופלה טיוב תות  58*6ג,"תנובה בע""\מ",IL,יופלה טיוב תות,גרמים,348.00,100 גרם,false,1,13.90,3.99,true,1,
7290110324711,false,ממרח סויה9% טעם טבעי250ג,"תנובה בע""\מ",IL,ממרח סויה 9%,גרמים,250.00,100 גרם,false,1,10.90,4.36,true,1,
7290110324728,false,ממרח סויה 9%שום שמיר250ג,"תנובה בע""\מ",IL,ממרח סויה 9%,גרמים,250.00,100 גרם,false,1,10.90,4.36,true,1,
7290110324841,false,מעדן שקדים שוקולד מריר12,תנובה בעמ,IL,מעדן שקדים,גרמים,125.00,100 גרם,false,1,4.50,3.60,true,1,
7290110324858,false,מעדן שקדים אגוזי לוז125ג,תנובה בעמ,IL,מעדן שקדים,גרמים,125.00,100 גרם,false,1,4.50,3.60,true,1,
7290110324872,false,גבינת גלבוע 5% פרוסות 20,תנובה,IL,גלבוע 5%פרוסות,גרמים,200.00,100 גרם,false,1,18.90,9.45,true,1,
7290110324926,false,"משקה סויה ללת""ס 1 ליטר","תנובה בע""\מ",IL,"משקה סויה ללת""ס",ליטרים,1.00,ליטר,false,1,11.90,11.90,true,1,
7290110325114,false,משקה יוגורט GO לייט תות,"תנובה בע""\מ",IL,משקה יוגורט GO,מיליליטרים,250.00,"100 מ""ל",false,1,6.90,2.76,true,1,
7290110325169,false,פרוסות גאודה 170 גרם,,IL,פרוסות גאודה,גרמים,170.00,100 גרם,false,1,19.90,11.71,true,1,
7290110325305,false,מעדן סויה ביו במתיקות200,תנובה,IL,מעדן גו סויה,גרמים,200.00,100 גרם,false,1,5.90,2.95,true,1,
7290110325312,false,מעדן סויה ביו טעם תות200,"תנובה בע""\מ",IL,מעדן סויה ביו,גרמים,200.00,100 גרם,false,1,5.90,2.95,true,1,
7290110325510,false,יופלה טיוב וניל 6יח58*גר,"תנובה בע""\מ",IL,יופלה טיוב וניל,גרמים,348.00,100 גרם,false,1,13.90,3.99,true,1,
7290110325619,false,משקה שיבולת שועל 1 ליטר,"תנובה בע""\מ",IL,משקה שיבולת שועל,ליטרים,1.00,ליטר,false,1,14.80,14.80,true,1,
7290110325893,false,"אייס קפה GO תנובה 340מ""ל","תנובה בע""\מ",IL,אייס קפה GO,מיליליטרים,340.00,"100 מ""ל",false,1,7.90,2.32,true,1,
7290110326210,false,יופלה און טופ פצפוצים157,מחלבת אלון תבור,IL,יופלה און טופ,גרמים,157.00,100 גרם,false,1,5.50,3.50,true,1,
7290110326227,false,יופלה און טופ קורנפלק157,מחלבת אלון תבור,IL,יופלה און טופ,גרמים,157.00,100 גרם,false,1,5.50,3.50,true,1,
7290110326234,false,יופלה און טופ כוכבים157ג,מחלבת אלון תבור,IL,יופלה און טופ,גרמים,157.00,100 גרם,false,1,5.50,3.50,true,1,
7290110326333,false,פרוסות גב.סקנדינבית 170ג,תנובה,IL,גבינה סקנדינבית,גרמים,170.00,100 גרם,false,1,19.90,11.71,true,1,
7290110327064,false,אייס קפה ש.שועל קרמל 1ל,,IL,אייס קפה ש.שועל,ליטרים,1.00,ליטר,false,1,13.90,13.90,true,1,
7290110327545,false,יופלה אונטופ תות+פצפו157,תנובה בעמ,IL,יופלה און טופ,גרמים,157.00,100 גרם,false,1,5.50,3.50,true,1,
7290110327798,false,חטיף חלבון גו ט.שוקולד60,"בלמונט קונפקציות בע""\מ.",US,חטיף חלבון,גרמים,60.00,100 גרם,false,1,13.90,23.17,true,1,
7290110327811,false,חטיף חלבון גו ט.קוקוס60ג,"בלמונט קונפקציות בע""\מ.",US,חטיף חלבון,גרמים,60.00,100 גרם,false,1,13.90,23.17,true,1,
7290110328504,false,טריו פתיתים מיקס גבינ300,"תנובה בע""\מ",IL,טריו פתיתי גבינה,גרמים,300.00,100 גרם,false,1,28.90,9.63,true,1,
7290110328610,false,משקה אורז ושקדים 1 ליטר,תנובה בעמ,IL,משקה אורז ושקדים,ליטרים,1.00,ליטר,false,1,14.80,14.80,true,1,
7290110328627,false,יוג.גו קרמי בננה קרמל200,תנובה בעמ,IL,יוגורט גו קרמי,גרמים,200.00,100 גרם,false,1,5.90,2.95,true,1,
7290110328641,false,טופו טבעי 500 גרם,,IL,טופו טבעי,גרמים,500.00,100 גרם,false,1,19.90,3.98,true,1,
7290110328764,false,יוגורט גו קרמי תות0% 200,תנובה בעמ,IL,יוגורט גו קרמי,גרמים,200.00,100 גרם,false,1,5.90,2.95,true,1,
7290110328771,false,יוגורט גו קרמי פ.יער200ג,תנובה בעמ,IL,יוגורט גו קרמי,גרמים,200.00,100 גרם,false,1,5.90,2.95,true,1,
7290110328788,false,יוג.גו קרמי אפרסק0% 200ג,תנובה בעמ,IL,יוגורט גו סמיך,גרמים,200.00,100 גרם,false,1,5.90,2.95,true,1,
7290110329136,false,מעדן חלב גו שוקןלד 120גר,"תנובה בע""\מ",IL,מעדן חלב גו,גרמים,120.00,100 גרם,false,1,5.30,4.42,true,1,
7290110329143,false,מעדן חלב גו וניל 120גרם,"תנובה בע""\מ",IL,מעדן חלב גו,גרמים,120.00,100 גרם,false,1,5.30,4.42,true,1,
7290110329303,false,פרוסות צהובה קלאסית 200,,IL,פרוסות צהובה,גרמים,200.00,100 גרם,false,1,22.90,11.45,true,1,
7290110329433,false,טופו תוספת רוטב סצואן310,,IL,טופו בטעם סצ'ואן,גרמים,310.00,100 גרם,false,1,14.90,4.81,true,1,
7290110329686,false,"משקה חלב GO עוגיות340מ""ל","תנובה בע""\מ",IL,משקה חלב GO,מיליליטרים,340.00,"100 מ""ל",false,1,7.90,2.32,true,1,
7290110329716,false,משקה קפה קר קפוצ'ינו230ג,"תנובה בע""\מ",IL,משקה קפה קר,גרמים,230.00,100 גרם,false,1,8.90,3.87,true,1,
7290110329723,false,משקה קפה קר לאטה230גרם,"תנובה בע""\מ",IL,משקה קפה קר לאטה,גרמים,230.00,100 גרם,false,1,8.90,3.87,true,1,
7290110329792,false,מעדן סויה ביו אפרסק150ג,"תנובה בע""\מ",IL,מעדן סויה ביו,גרמים,150.00,100 גרם,false,1,5.50,3.67,true,1,
7290110329808,false,מעדן סויה ביו תות 150 גר,"תנובה בע""\מ",IL,מעדן סויה ביו,גרמים,150.00,100 גרם,false,1,5.50,3.67,true,1,
7290110329815,false,מעדן סויה ביו מעודנת150ג,"תנובה בע""\מ",IL,מעדן סויה ביו,גרמים,150.00,100 גרם,false,1,5.50,3.67,true,1,
7290110329822,false,מעדן סויה ביו פ.יער150גר,"תנובה בע""\מ",IL,מעדן סויה ביו,גרמים,150.00,100 גרם,false,1,5.50,3.67,true,1,
7290110329839,false,פרוסות צהובה ט.זיתים200,"תנובה בע""\מ",IL,פרוסות צהובה,גרמים,200.00,100 גרם,false,1,22.90,11.45,true,1,
7290110329846,false,מעדן סויה ביו טבעי 150 ג,"תנובה בע""\מ",IL,מעדן ביו טבעי,גרמים,150.00,100 גרם,false,1,5.50,3.67,true,1,
7290110329914,false,משקה ש.שועל ושקדים100*6ג,תנובה בעמ,IL,משקה שיבולת שועל,גרמים,600.00,100 גרם,false,1,20.90,3.48,true,1,
7290110552121,false,היוגורט הראשון שלי 100 ג,"שטראוס בריאות בע""\מ",IL,היוגורט הראשון,גרמים,100.00,100 גרם,false,1,2.90,2.90,true,1,
7290110552220,false,דנונ.פרו ללא סוכר תות200,"שטראוס בריאות בע""\מ",IL,דנונה פרו חלבון,גרמים,200.00,100 גרם,false,1,6.20,3.10,true,1,
7290110552237,false,דנונה פרו אפרסק מנגו200ג,"שטראוס בריאות בע""\מ",IL,דנונה פרו חלבון,גרמים,200.00,100 גרם,false,1,6.20,3.10,true,1,
7290110552817,false,מסטיק בטעם גלידה לימון58,אסקום קונפקשיין,DE,מסטיק מאסט,גרמים,58.00,100 גרם,false,1,11.50,19.83,true,1,
7290110553425,false,קפה נמס 200 גרם + 20%,שטראוס קפה בי.וי,IL,קפה נמס,גרמים,240.00,100 גרם,false,1,21.90,9.13,true,1,
7290110554095,false,דבש לחיץ 440 גרם,מכוורת יד מרדכי שטראוס ב,IL,דבש לחיץ,גרמים,440.00,100 גרם,false,1,25.90,5.89,true,1,
7290110554118,false,נודלס בסגנון  מלזי חריף,אוכל ביתי ניר עציון,IL,נודלס מלזי חריף,גרמים,350.00,100 גרם,false,1,24.90,7.12,true,1,
7290110554125,false,נודלס בסגנון סצ'ואן חריף,אוכל ביתי ניר עציון,IL,נודלס בסגנון סצ',גרמים,350.00,100 גרם,false,1,24.90,7.12,true,1,
7290110554583,false,צ'יטוס PUFFS גבינה20*10ג,"שטראוס פריטו ליי בע""\מ )",IL,צ'יטוס פאפס 10יח,גרמים,200.00,100 גרם,false,1,13.50,6.75,true,1,
7290110554705,false,קפסולות ב.קליה יוניקו50ג,שטראוס קפה בי.וי.,IL,קפסולות בית קליה,גרמים,50.00,100 גרם,false,1,20.90,41.80,true,1,
7290110554712,false,קפסולות בית קליה נחת50גר,שטראוס קפה בי.וי.,IL,קפסולות בית קליה,גרמים,50.00,100 גרם,false,1,20.90,41.80,true,1,
7290110555078,false,לאבנה שמן זית+ע.תיבול250,"מחלבות בר בכפר בע""\מ",IL,לאבנה,גרמים,250.00,100 גרם,false,1,11.00,4.40,true,1,
7290110555092,false,לאבנה שמן זית וצ'ילי250ג,"מחלבות בר בכפר בע""\מ",IL,לאבנה,גרמים,250.00,100 גרם,false,1,11.00,4.40,true,1,
7290110555603,false,שוקולוטה ספלנדיד 360 גרם,עלית,GR,שוקולוטה ספלנדיד,גרמים,360.00,100 גרם,false,1,24.90,6.92,true,1,
7290110556242,false,שוקולד פרה מריר פרווה100,נטרה סנט אטיין,FR,שוקולד פרה מריר,גרמים,100.00,100 גרם,false,1,6.00,6.00,true,1,
7290110557102,false,מעדן חלב שוקולד מועשר150,"שטראוס גרופ בע""\מ",IL,מעדן שוקולד פרו,גרמים,150.00,100 גרם,false,1,5.50,3.67,true,1,
7290110557133,false,מעדן הגולן וניל 125 גרם,"שטראוס בריאות בע""\מ",IL,מעדן הגולן וניל,גרמים,125.00,100 גרם,false,1,3.40,2.72,true,1,
7290110557317,false,יוגורט הראשון ש.שועל100ג,"שטראוס בריאות בע""\מ",IL,היוגורט הראשון,גרמים,100.00,100 גרם,false,1,2.90,2.90,true,1,
7290110558130,false,אקטיביה ש.שועל ודבש150גר,"שטראוס בריאות בע""\מ",IL,אקטיביה,גרמים,150.00,100 גרם,false,1,4.70,3.13,true,1,
7290110558154,false,דנונה לייט עוגת תפוח150ג,"שטראוס בריאות בע""\מ",IL,דנונה לייט,גרמים,150.00,100 גרם,false,1,4.90,3.27,true,1,
7290110558222,false,דנונה WOW בנופי פאי150ג,"שטראוס בריאות בע""\מ",IL,דנונה WOW בנופי,גרמים,150.00,100 גרם,false,1,4.90,3.27,true,1,
7290110558239,false,דנונה WOW קראק פאי 150גר,"שטראוס בריאות בע""\מ",IL,דנונה WOW,גרמים,150.00,100 גרם,false,1,4.90,3.27,true,1,
7290110558253,false,דנונה ריפרש אננס בננה250,"שטראוס בריאות בע""\מ",IL,יוגורט ריפרש,גרמים,250.00,100 גרם,false,1,6.20,2.48,true,1,
7290110558284,false,דנונה ביו מולטי 200 גרם,"שטראוס בריאות בע""\מ",IL,דנונה ביו מולטי,גרמים,200.00,100 גרם,false,1,4.50,2.25,true,1,
7290110558307,false,דנונה פרו+20 ש.שועל200גר,"שטראוס בריאות בע""\מ",IL,דנונה פרו פלוס,גרמים,200.00,100 גרם,false,1,6.70,3.35,true,1,
7290110558314,false,דנונה פרו ל.סוכר פיסט200,"שטראוס בריאות בע""\מ",IL,דנונה פרו,גרמים,200.00,100 גרם,false,1,6.20,3.10,true,1,
7290110558338,false,דנונה פרו 25ג חלבון200ג,"שטראוס בריאות בע""\מ",IL,דנונה פרו,גרמים,200.00,100 גרם,false,1,6.20,3.10,true,1,
7290110558666,false,דניאלה בטעם תפוח 88 גרם,"שטראוס בריאות בע""\מ",IL,דניאלה בטעם תפוח,גרמים,88.00,100 גרם,false,1,4.30,4.89,true,1,
7290110559748,false,חטיף שקדים שוק.קוקוס35*3,"ואמואליס פודס אס.איי,",GR,חטיפי ריל אנרגי,גרמים,105.00,100 גרם,false,1,13.90,13.24,true,1,
7290110559755,false,חט.פיסטוק חמוצ.בוטן35*3ג,"ואמואליס פודס אס.איי,",GR,חטיפי ריל אנרגי,גרמים,105.00,100 גרם,false,1,13.90,13.24,true,1,
7290110560300,false,פריכיות פלפל שחור30 גרם,פרח,IL,פריכיות אנרג'י,גרמים,30.00,100 גרם,false,1,5.50,18.33,true,1,
7290110560317,false,פריכיות משולש מלח ים30גר,פרח,IL,פריכיות אנרג'י,גרמים,30.00,100 גרם,false,1,5.50,18.33,true,1,
7290110560324,false,פריכיות משולשות+אפונה30ג,פרח,IL,פריכיות אנרג'י,גרמים,30.00,100 גרם,false,1,5.50,18.33,true,1,
7290110561352,false,דנונה דל לקטוז 200 גרם,"שטראוס בריאות בע""\מ",IL,דנונה דל לקטוז,גרמים,200.00,100 גרם,false,1,3.70,1.85,true,1,
7290110561604,false,גמדים תות בננה 100*8 גרם,"שטראוס בריאות בע""\מ",IL,גמדים תות בננה8י,גרמים,800.00,100 גרם,false,1,19.50,2.44,true,1,
7290110563431,false,אייס קפה 1.6% קלאסי 230מ,אנסטל מילק kg,AT,משקה אייס קפה,מיליליטרים,230.00,"100 מ""ל",false,1,7.90,3.43,true,1,
7290110563448,false,אייס קפה 1.6% מעודן 230מ,אנסטל מילק kg,AT,משקה אייס קפה,מיליליטרים,230.00,"100 מ""ל",false,1,7.90,3.43,true,1,
7290110563462,false,חלב נטול לקטוז 2% 1 ליטר,מחלבת יטבתה,IL,חלב נטול לקטוז,ליטרים,1.00,ליטר,false,1,8.50,8.50,true,1,
7290110564339,false,חומוס עשיר ב30% טחינה400,"שטראוס גרופ בע""\מ",IL,חומוס בטחינה,גרמים,400.00,100 גרם,false,1,14.90,3.73,true,1,
7290110564360,false,חומוס עשיר ב40% טחינה400,"שטראוס גרופ בע""\מ",IL,חומוס בטחינה,גרמים,400.00,100 גרם,false,1,14.90,3.73,true,1,
7290110565527,false,דנונה פרו 20ג חלבון 200ג,"שטראוס גרופ בע""\מ",IL,דנונה פרו חלבון,גרמים,200.00,100 גרם,false,1,6.20,3.10,true,1,
7290110566975,false,דנונ.פרו20ג חלבון תות200,"שטראוס בריאות בע""\מ",IL,דנונה פרו חלבון,גרמים,200.00,100 גרם,false,1,6.20,3.10,true,1,
7290110568559,false,דוריטוס חמוץ חריף 25*10ג,"שטראוס פריטו ליי בע""מ )פ",IL,דוריטוס 10 יח,גרמים,250.00,100 גרם,false,1,14.90,5.96,true,1,
7290110570224,false,"משקה קפה קר עוגיות230מ""ל",אנסטל מילק kg,AT,משקה קפה קר,מיליליטרים,230.00,"100 מ""ל",false,1,7.90,3.43,true,1,
7290110571382,false,מעדן בטעם וניל מועשר150ג,"שטראוס בריאות בע""\מ",IL,מעדן פרו,גרמים,150.00,100 גרם,false,1,5.50,3.67,true,1,
7290110572129,false,כיף כף מקלות שוק.לבן40ג,שולן צ'יקולטה,TR,כיף כף מקלות,גרמים,40.00,100 גרם,false,1,5.20,13.00,true,1,
7290110572884,false,קפסולות קפה מס 20 50 גרם,שטראוס קפה בי.וי.,IL,קפסולות קפה,גרמים,50.00,100 גרם,false,1,18.90,37.80,true,1,
7290110572969,false,כיף כף פצפצים קרם לבן40ג,שולן צ'\יקולטה גידה סאן.,TR,כיף כף פצפצים,גרמים,40.00,100 גרם,false,1,5.50,13.75,true,1,
7290110576356,false,ספלנדיד מריר פרו64% 100ג,קימ'\ס גריפלנן,BE,שוקולד ספלנדיד,גרמים,100.00,100 גרם,false,1,9.90,9.90,true,1,
7290110576363,false,ספלנדיד 80%מר.אוגנדה100ג,קימ'\ס גריפלנן,BE,שוקולד ספלנדיד,גרמים,100.00,100 גרם,false,1,9.90,9.90,true,1,
7290110576387,false,שוקולד חלב אגוז שלם100*3,דיפה,FR,שוקולד אגוז 3 יח,גרמים,300.00,100 גרם,false,1,28.50,9.50,true,1,
7290110576752,false,שוק.ספלנדיד מריר70% 100ג,קימ'\ס גריפלנן,BE,שוקולד ספלנדיד,גרמים,100.00,100 גרם,false,1,12.50,12.50,true,1,
7290110576776,false,שוק.ספלנדיד מריר85% 100ג,קימ'\ס גריפלנן,BE,שוקולד ספלנדיד,גרמים,100.00,100 גרם,false,1,12.50,12.50,true,1,
7290110576790,false,סקי בטעם מוקה 3% 125 גרם,"שטראוס בריאות בע""\מ",IL,סקי בטעם מוקה,גרמים,125.00,100 גרם,false,1,3.70,2.96,true,1,
7290110576868,false,גמדים סלט פירות 100*4גרם,"שטראוס בריאות בע""\מ",IL,גמדים 4 יח,גרמים,400.00,100 גרם,false,1,10.00,2.50,true,1,
7290110577230,false,משקה חלב פיסטוק 1 ליטר,מחלבת יטבתה,IL,משקה חלב פיסטוק,ליטרים,1.00,ליטר,false,1,12.00,12.00,true,1,
7290111341984,false,לילי לח פיור מארז 4,עלבד,IL,נייר טואלט לח4יח,יחידה,1.00,יחידה,false,1,22.00,22.00,true,1,
7290111341991,false,לילי לח סופרים 48 יח,חוגלה קימברלי,IL,נייר טואלט לח,יחידה,1.00,יחידה,false,1,8.90,8.90,true,1,
7290111342042,false,כרית יפנית אנטיבקטריאלית,,IL,כריות יפניות,יחידה,1.00,יחידה,false,1,12.90,12.90,true,1,
7290111342059,false,מטליות לחות לחיטוי 50 יח,,IL,מטליות לחות50יח,יחידה,1.00,יחידה,false,1,15.90,15.90,true,1,
7290111342073,false,מטלית מקרופיבר אנטיבקטרי,,CN,מטליות מקרופייבר,יחידה,1.00,יחידה,false,1,16.90,16.90,true,1,
7290111342738,false,לילי לח קידס מארז 4,,IL,נייר טואלט לח4יח,יחידה,1.00,יחידה,false,1,22.00,22.00,true,1,
7290111343117,false,קלינקס לושן ממחטות70*2,,IL,קלינקס ממחטות,יחידה,1.00,יחידה,false,1,12.90,12.90,true,1,
7290111344145,false,מטלית רצפה אנטיבקטראלי 2,,CN,מטלית רצפה,יחידה,1.00,יחידה,false,1,31.90,31.90,true,1,
7290111344206,false,מגבונים האגיס נטורל4*64,,IL,מגבונים האגיס 4*,יחידה,1.00,יחידה,false,1,23.90,23.90,true,1,
7290111344459,false,תחבושות נייט א.לונג 18יח,,CN,תחבושות נייט,יחידה,1.00,יחידה,false,1,20.90,20.90,true,1,
7290111344503,false,36האגיס אקסטרה קר +4,,CZ,האגיס אקסטרה קר,יחידה,1.00,יחידה,false,1,54.90,54.90,true,1,
7290111344732,false,קלינקס אלרגי קומפורט70*2,,IL,קלינקס זוג,יחידה,1.00,יחידה,false,1,16.90,16.90,true,1,
7290111344824,false,52מגן תחתון אנטיבקטרי,,CN,מגן תחתון קוטקס,יחידה,1.00,יחידה,false,1,21.90,21.90,true,1,
7290111344831,false,60מגן תחתון קוטקס נורמל,,CN,מגן תחתון קוטקס,יחידה,1.00,יחידה,false,1,21.90,21.90,true,1,
7290111345890,false,נייר טואלט גליל ענק24 יח,קימברלי-קלארק,IL,נייר טואלט מולט,יחידה,1.00,יחידה,false,1,49.90,49.90,true,1,
7290111350719,false,נאצ'וס בסגנון מסעדות322ג,,US,חטיף נאצ'וס,גרמים,322.00,100 גרם,false,1,17.90,5.56,true,1,
7290111350726,false,נאצ'וס בסגנון מקסיקני322,,US,חטיף נאצ'וס,גרמים,322.00,100 גרם,false,1,17.90,5.56,true,1,
7290111350740,false,הוטפופ מלח5+ גביעים100*5,פופז,US,הוטפופ טבעי 5 יח,גרמים,500.00,100 גרם,false,1,16.90,3.38,true,1,
7290111352966,false,סוכ.חמוצות ממולאות 250גר,סאדאט,TR,סוכריות ממולאות,גרמים,250.00,100 גרם,false,1,7.90,3.16,true,1,
7290111353079,false,סוכ.גומי דובונים 180 גרם,סאדאט גידא,TR,סוכריות גומי,גרמים,180.00,100 גרם,false,1,10.90,6.06,true,1,
7290111564239,false,"מאגדת מיני קראנץ 275 ג""ר",גלידות נסטלה )נגה גלידות,IL,מאגדת מיני קראנץ,גרמים,275.00,100 גרם,false,1,31.90,11.60,true,1,
7290111564277,false,פריכיות דק.פיטנס3דגנ120ג,פרח תעשיות בעמ,IL,פריכיות פיטנס,גרמים,120.00,100 גרם,false,1,11.90,9.92,true,1,
7290111564291,false,פריכיות דקות+קינואה120גר,פרח תעשיות בעמ,IL,פריכיות פיטנס,גרמים,120.00,100 גרם,false,1,11.90,9.92,true,1,
7290111564956,false,ביסלי במבה מיקס 200 גרם,פרו מן יו פתרונות אריזה,IL,ביסלי במבה מיקס,גרמים,200.00,100 גרם,false,1,9.10,4.55,true,1,
7290111565038,false,לה קרמריה קוקילידה 1.4 ל,גלידות נסטלה,IL,להקרמריה קוקיליד,ליטרים,1.40,ליטר,false,1,21.90,15.65,true,1,
7290111566103,false,פלאפל מרכיבים ביתיים 590,טבעול,IL,פלאפל ביתי,גרמים,590.00,100 גרם,false,1,34.90,5.92,true,1,
7290111566127,false,מאגדת אוראו 198 גרם,נסטלה,IT,מאגדת אוראו,גרמים,198.00,100 גרם,false,1,24.90,12.58,true,1,
7290111566271,false,חטיפי תירס טבעול 657 גרם,טבעול,IL,חטיפי תירס טבעול,גרמים,657.00,100 גרם,false,1,31.90,4.86,true,1,
7290111566417,false,טחון צמחוני טבעול 500 גר,טבעול,IL,טחון צמחוני טבעו,גרמים,500.00,100 גרם,false,1,34.90,6.98,true,1,
7290111566585,false,שניצל צמחוני 99 קלוריות,טבעול,IL,שניצל צמחוני,גרמים,650.00,100 גרם,false,1,34.90,5.37,true,1,
7290111566691,false,שניצל תרד 99 קלוריות 560,טבעול,IL,שניצל תרד 99 קלו,גרמים,560.00,100 גרם,false,1,34.90,6.23,true,1,
7290111568275,false,נודלס אטריות אורז רחב300,תאי פרזידנט,TH,נודלס אטריות,גרמים,300.00,100 גרם,false,1,11.90,3.97,true,1,
7290111930799,false,קראנצ'וס בצל 55 גרם,מנה,IL,קראנצ'וס בצל,גרמים,55.00,100 גרם,false,1,3.90,7.09,true,1,
7290111930805,false,קראנצ'וס ברביקיו 55 גרם,מנה,IL,קראנצ'וס ברביקיו,גרמים,55.00,100 גרם,false,1,3.90,7.09,true,1,
7290111930850,false,קראנצ'וס פיצה 70 גרם,מנה,IL,קראנצ'וס פיצה,גרמים,70.00,100 גרם,false,1,3.90,5.57,true,1,
7290111930911,false,פוף לבבות רגיל 40 גרם,מנה,IL,פוף לבבות רגיל,גרמים,40.00,100 גרם,false,1,4.40,11.00,true,1,
7290111930935,false,פוף טבעות קלאסי 40 גרם,מנה,IL,פוף טבעות,גרמים,40.00,100 גרם,false,1,4.40,11.00,true,1,
7290111936296,false,סבון פלמוליב סנסיישן 750,קולגייט פלמוליב,TR,סבון פלמוליב,מיליליטרים,750.00,"100 מ""ל",false,1,21.90,2.92,true,1,
7290111936487,false,קולגייט טוטל הלבנה 100*2,,PL,משחת קולגייט,מיליליטרים,200.00,"100 מ""ל",false,1,29.90,14.95,true,1,
7290112000385,false,ספריי ניקוי וחיטוי למטבח,רקיט בנקיזר,PL,דטול ספריי למטבח,מיליליטרים,750.00,"100 מ""ל",false,1,12.90,1.72,true,1,
7290112000736,false,פיניש טבליות הכל ב1 80יח,רקיט בנקיזר,PL,פיניש 80 טבליות,יחידה,1.00,יחידה,false,1,61.90,61.90,true,1,
7290112000798,false,דטול מחטא משטח.לימון750מ,רקיט בנקיזר,GB,דטול מחטא משטחים,מיליליטרים,750.00,"100 מ""ל",false,1,12.90,1.72,true,1,
7290112001733,false,40רצועות שעווה עור רגיל,רקיט בנקיזר,FR,רצועות שעווה,יחידה,1.00,יחידה,false,1,44.90,44.90,true,1,
7290112003263,false,אבקת קולון מאסק 1.25קג,זהר דליה,IL,אבקת קולון מאסק,קילוגרמים,1.25,"ק""ג",false,1,14.90,11.92,true,1,
7290112004109,false,דטול מגבונים 60*3יח,רקיט בנקיזר,PL,דטול מגבונים 3יח,יחידה,1.00,יחידה,false,1,22.90,22.90,true,1,
7290112005045,false,וניש אבקה לכביסה לבנה480,רקיט בנקיזר,IT,וניש אבקה לכביסה,גרמים,480.00,100 גרם,false,1,16.90,3.52,true,1,
7290112005076,false,וניש תוסף לכביסה 480גר,רקיט בנקיזר,IT,וניש אבקה לכביסה,גרמים,480.00,100 גרם,false,1,16.90,3.52,true,1,
7290112330352,false,דנונה פרו 20 וניל0% 200ג,"שטראוס בריאות בע""\מ",IL,דנונה פרו20 וניל,גרמים,200.00,100 גרם,false,1,6.20,3.10,true,1,
7290112330390,false,דנונה פרו 20פ.יער0% 200ג,"שטראוס בריאות בע""\מ",IL,דנונה פרו 0%,גרמים,200.00,100 גרם,false,1,6.20,3.10,true,1,
7290112332585,false,"פריכיות תפו""א,אורז30 גרם",פרח,IL,"פריכיות תפו""א",גרמים,30.00,100 גרם,false,1,5.50,18.33,true,1,
7290112332691,false,פינוקיות קרם פסק זמן200ג,"הגביע מוצרי וופלים בע""\מ",IL,פינוקיות פסק זמן,גרמים,200.00,100 גרם,false,1,11.90,5.95,true,1,
7290112334596,false,שוקולית 850 גרם + 10%,שטראוס קפה בי.וי.,IL,שוקולית,גרמים,935.00,100 גרם,false,1,19.50,2.09,true,1,
7290112335500,false,פריכיות טעימות חלבון135ג,"פרח תעשיות מזון בע""\מ",IL,פריכיות טעימות,גרמים,135.00,100 גרם,false,1,12.90,9.56,true,1,
7290112336613,false,עד חצות סנדוויץ 135 גרם,ביסקוויט,FR,עד חצות סנדוויץ,גרמים,135.00,100 גרם,false,1,11.90,8.81,true,1,
7290112336644,false,סוכריות מאסט לימון 80גרם,מיישקו,PL,סוכריות מאסט,גרמים,80.00,100 גרם,false,1,8.90,11.13,true,1,
7290112336712,false,דנונה פרו 21 חלבון0% 200,"שטראוס גרופ בע""\מ",IL,דנונה פרו 21,גרמים,200.00,100 גרם,false,1,6.20,3.10,true,1,
7290112337474,false,סוכריות מאסט פטל לימון80,מיישקו,PL,סוכריות מאסט,גרמים,80.00,100 גרם,false,1,8.90,11.13,true,1,
7290112338877,false,סקי תות 125 גרם,"שטראוס בריאות בע""\מ",IL,סקי תות,גרמים,125.00,100 גרם,false,1,3.70,2.96,true,1,
7290112339171,false,מילקי מוס שוקולד 81 גרם,"שטראוס גרופ בע""\מ",IL,מילקי מוס שוקולד,גרמים,81.00,100 גרם,false,1,3.70,4.57,true,1,
7290112339867,false,גמדים סקוויז לדרך תות100,"שטראוס בריאות בע""\מ",IL,גמדים לדרך,גרמים,100.00,100 גרם,false,1,5.90,5.90,true,1,
7290112339874,false,גמדים לדרך תות בננה100ג,"שטראוס בריאות בע""\מ",IL,גמדים לדרך,גרמים,100.00,100 גרם,false,1,5.90,5.90,true,1,
7290112340122,false,פריכיות טעימות 3דגנים135,"פרח תעשיות מזון בע""\מ",IL,פריכיות טעימות,גרמים,135.00,100 גרם,false,1,12.90,9.56,true,1,
7290112340245,false,מסטיק דובדבן צנצנת 66גרם,"שטראוס גרופ בע""\מ",IL,מסטיק דובדבן,גרמים,66.00,100 גרם,false,1,11.50,17.42,true,1,
7290112340252,false,מסטיק אבטיח מלון צנצנת66,"שטראוס גרופ בע""\מ",IL,מסטיק אבטיח מלון,גרמים,66.00,100 גרם,false,1,11.50,17.42,true,1,
7290112340276,false,פינוקיות קרם קפה נמס200ג,"הגביע מוצרי וופלים בע""\מ",IL,פינוקיות קרם קפה,גרמים,200.00,100 גרם,false,1,11.90,5.95,true,1,
7290112340900,false,קפה טורקי האג,שטראוס קפה בי.וי,,קפה טורקי האג,יחידה,1.00,יחידה,false,0,27.50,27.50,true,1,
7290112341556,false,אקטיביה עם צ'יה ותות150ג,"שטראוס בריאות בע""\מ",IL,אקטיביה פרי,גרמים,150.00,100 גרם,false,1,4.70,3.13,true,1,
7290112341679,false,אקטיביה 3% שומן 200 גרם,"שטראוס בריאות בע""\מ",IL,אקטיביה 3%,גרמים,200.00,100 גרם,false,1,4.20,2.10,true,1,
7290112341686,false,אקטיביה 3% מארז 150*8 גר,"שטראוס בריאות בע""\מ",IL,אקטיביה מארז 8יח,קילוגרמים,1.20,"ק""ג",false,1,21.50,17.92,true,1,
7290112342270,false,פלטינום אינטנס 10% 125ג,שטראוס קפה בי.וי,IL,קפה פלטינום,גרמים,125.00,100 גרם,false,1,20.00,16.00,true,1,
7290112343260,false,רוטב שמנת קלאסי 260 גרם,מחלבת יטבתה,IL,רוטב שמנת קלאסי,גרמים,260.00,100 גרם,false,1,11.30,4.35,true,1,
7290112343499,false,חטיף puffs צ'יטוס 55 גרם,"שטראוס פריטו ליי בע""\מ )",IL,חטיף צ'יטוס puff,גרמים,55.00,100 גרם,false,1,3.60,6.55,true,1,
7290112343512,false,חטיף puffs צ'יטוס 160ג,"שטראוס פריטו ליי בע""\מ )",IL,חטיף ציטוסpuffs,גרמים,160.00,100 גרם,false,1,8.90,5.56,true,1,
7290112344410,false,דבש טהור 400 גרם,מכוורת יד מרדכי שטראוס ב,IL,דבש טהור,גרמים,400.00,100 גרם,false,1,24.00,6.00,true,1,
7290112344564,false,רביולי גבינה קידס 400 גר,"שטראוס גרופ בע""\מ",IL,רביולי גבינה,גרמים,400.00,100 גרם,false,1,21.70,5.43,true,1,
7290112344724,false,מילקי בלונדי 133 גרם,"שטראוס גרופ בע""\מ",IL,מילקי בלונדי,גרמים,133.00,100 גרם,false,1,3.70,2.78,true,1,
7290112344755,false,מילקי עם26% פחות סוכר135,"שטראוס גרופ בע""\מ",IL,מילקי,גרמים,135.00,100 גרם,false,1,2.90,2.15,true,1,
7290112344786,false,קפה פלטינום קלאסיק200גרם,שטראוס קפה בי.וי.,IL,קפה נמס פלטינום,גרמים,200.00,100 גרם,false,1,28.90,14.45,true,1,
7290112346360,false,בפלות אחת אחת 180 גרם,טוטיז-בינגו סיאי,GR,בפלות אחת אחת,גרמים,180.00,100 גרם,false,1,14.90,8.28,true,1,
7290112346537,false,פינוקיות בטעם טורטית200ג,"הגביע מוצרי ופלים בע""\מ",IL,פינוקיות טורטית,גרמים,200.00,100 גרם,false,1,11.90,5.95,true,1,
7290112346629,false,דנונה בר קורנפלקס 172ג,"שטראוס בריאות בע""\מ",IL,דנונה בר,גרמים,172.00,100 גרם,false,1,4.80,2.79,true,1,
7290112346773,false,דנונה לייט פריי וניל150ג,"שטראוס בריאות בע""\מ",IL,דנונה לייט וניל,גרמים,150.00,100 גרם,false,1,4.90,3.27,false,1,
7290112346797,false,אקטיביה ש.שועל שזיף150גר,"שטראוס בריאות בע""\מ",IL,אקטיביה שזיף,גרמים,150.00,100 גרם,false,1,4.70,3.13,true,1,
7290112346827,false,אקטימל ויטמיןC פטל100*8מ,"שטראוס בריאות בע""\מ",IL,אקטימל ויטמין C,מיליליטרים,800.00,"100 מ""ל",false,1,22.70,2.84,true,1,
7290112347008,false,גמדים ארוחת בוקר תות100ג,"שטראוס בריאות בע""\מ",IL,גמדים ארוחת בוקר,גרמים,100.00,100 גרם,false,1,5.90,5.90,true,1,
7290112348142,false,שעועית לבנה 380 גרם,קונסרב איטליה,IT,שעועית לבנה,גרמים,380.00,100 גרם,false,1,7.90,2.08,true,1,
7290112349538,false,קפה טורקי עלית 160 גרם,שטראוס קפה בי.וי.,IL,קפה טורקי עלית,גרמים,160.00,100 גרם,false,1,13.90,8.69,true,1,
7290112349606,false,דניאלה תות בננה 88 גרם,"שטראוס בריאות בע""\מ",IL,דניאלה תות בננה,גרמים,88.00,100 גרם,false,1,4.30,4.89,true,1,
7290112349897,false,מסטיק מאסט מנטה 86 גרם,אסקום קונפקשיין,DE,מסטיק מאסט מנטה,גרמים,86.00,100 גרם,false,1,13.90,16.16,true,1,
7290112350312,false,קפסולות קפה מס' 15 50גרם,שטראוס קפה בי.וי,IL,קפסולות קפה,גרמים,50.00,100 גרם,false,1,18.90,37.80,true,1,
7290112353887,false,קפה קר אגוזים יטבתה 230מ,אנסטל מילק kg,AT,קפה קר יטבתה,מיליליטרים,230.00,"100 מ""ל",false,1,7.90,3.43,true,1,
7290112354204,false,דלישס ספגטי עגבניות 280,גסטרונומיה פרוסט אס. אר.,IL,דלישס ספגטי עגבנ,גרמים,280.00,100 גרם,false,1,23.90,8.54,true,1,
7290112354235,false,דלישס ברקטה פיצה 300 גר,סקרלינפיצה אס. אר. אל. א,IL,דלישס ברקטה פיצ,גרמים,300.00,100 גרם,false,1,27.90,9.30,true,1,
7290112354969,false,תפוצ'יפס WAVY ט.טבעי200ג,עלית,IL,תפוצ'יפס,גרמים,200.00,100 גרם,false,1,10.90,5.45,true,1,
7290112355027,false,דנונה פרו20 קרמל מלוח200,"שטראוס בריאות בע""\מ",IL,דנונה פרו קרמל,גרמים,200.00,100 גרם,false,1,6.20,3.10,true,1,
7290112355102,false,גמדים לדרך סלט פירות100ג,"שטראוס בריאות בע""\מ",IL,גמדים לדרך,גרמים,100.00,100 גרם,false,1,5.90,5.90,false,1,
7290112355263,false,רוטב שמנת עם שוקולד260ג,מחלבת יטבתה,IL,רוטב שמנת,גרמים,265.00,100 גרם,false,1,11.30,4.26,true,1,
7290112355386,false,רוטב שמנת קרמל מלוח260גר,מחלבת יטבתה,IL,רוטב שמנת,גרמים,260.00,100 גרם,false,1,11.30,4.35,true,1,
7290112355393,false,רוטב שמנת עם בטטה 257 גר,מחלבת יטבתה,IL,רוטב שמנת בטטה,גרמים,257.00,100 גרם,false,1,11.30,4.40,true,1,
7290112357106,false,שעועית אדומה 380 גרם,קונסרב איטליה,IT,שעועית אדומה,גרמים,380.00,100 גרם,false,1,7.90,2.08,true,1,
7290112357113,false,גרגרי חומוס 380 גרם,קונסרב איטליה,IT,גרגרי חומוס,גרמים,380.00,100 גרם,false,1,7.90,2.08,true,1,
7290112358004,false,חטיף פסק זמן קראנץ' 32גר,שולן צ'\יקולטה גידה סאן.,TR,חטיף פסק זמן,גרמים,32.00,100 גרם,false,1,5.50,17.19,true,1,
7290112358127,false,דנונה פרו20ג+מגנזיום200ג,"שטראוס בריאות בע""\מ",IL,דנונ.פרו+מגנזיום,גרמים,200.00,100 גרם,false,1,6.70,3.35,true,1,
7290112490032,false,נמס בכוס תירס 45 גרם,יוניליוור ישראל מזון בע\,IL,נמס בכוס תירס,גרמים,45.00,100 גרם,false,1,7.80,17.33,true,1,
7290112490209,false,נמס בכוס עגבניות ר. טבעי,יוניליוור ישראל מזון בעמ,IL,מרק נמס בכוס,גרמים,56.00,100 גרם,false,1,7.80,13.93,true,1,
7290112490216,false,נמס בכוס ט.עוף ר. טבעיים,יוניליוור ישראל מזון בעמ,IL,מרק נמס בכוס,גרמים,48.00,100 גרם,false,1,7.80,16.25,true,1,
7290112490230,false,נמס בכוס אפונה ר. טבעיים,יוניליוור ישראל מזון בעמ,IL,מרק נמס בכוס,גרמים,50.00,100 גרם,false,1,7.80,15.60,true,1,
7290112490728,false,מרק עשיר ירקות רכ.טבעי95,יוניליוור ישראל מזון בעמ,IL,מרק עשיר ירקות,גרמים,95.00,100 גרם,false,1,12.50,13.16,true,1,
7290112490735,false,מרק עשיר עגבנ.ר.טבעים105,יוניליוור ישראל מזון בעמ,IL,מרק עשיר עגבניות,גרמים,105.00,100 גרם,false,1,12.50,11.90,true,1,
7290112490759,false,מרק היום עוף רכ.טבעי74גר,יוניליוור ישראל מזון בעמ,IL,מרק היום עוף,גרמים,74.00,100 גרם,false,1,12.50,16.89,true,1,
7290112491701,false,ברנפלקס אקסטרה חלבון375ג,יוניליוור ישראל מזון בעמ,IL,ברנפלקס אקסטרה,גרמים,375.00,100 גרם,false,1,20.90,5.57,true,1,
7290112492449,false,שמפו לשיער רגיל700מ,יוניליוור ישראל טיפוח אי,IL,שמפו לשיער רגיל,מיליליטרים,700.00,"100 מ""ל",false,1,12.90,1.84,true,1,
7290112492456,false,שמפו פינוק יבש /פגום 700,יוניליוור ישראל טיפוח אי,IL,שמפו לשיער יבש,מיליליטרים,700.00,"100 מ""ל",false,1,12.90,1.84,true,1,
7290112492463,false,שמפו ומרכך 2 ב1- רגיל700,יוניליוור,IL,פינוק שמפו+מרכך,מיליליטרים,700.00,"100 מ""ל",false,0,12.90,1.84,true,1,
7290112492593,false,תח.רחצה פינוק קלאסי700מ,יוניליוור ישראל טיפוח אי,IL,תחליב רחצה פינוק,מיליליטרים,700.00,"100 מ""ל",false,1,12.90,1.84,true,1,
7290112492715,false,שמפו פינוק לסירוק קל700מ,יוניליוור ישראל טיפוח אי,IL,שמפו פינוק ילדים,מיליליטרים,700.00,"100 מ""ל",false,1,14.90,2.13,true,1,
7290112492746,false,מרכך פינוק לסירוק קל700מ,יוניליוור ישראל טיפוח אי,IL,מרכך פינוק ילדים,מיליליטרים,700.00,"100 מ""ל",false,1,14.90,2.13,true,1,
7290112492982,false,מרק פטריות רכיב.טבעים400,יוניליוור ישראל מזון בע\,IL,מרק פטריות,גרמים,400.00,100 גרם,false,1,29.50,7.38,true,1,
7290112492999,false,מרק טעם עוף 400 גרם,יוניליוור ישראל מזון בע\,IL,מרק בטעם עוף,גרמים,400.00,100 גרם,false,1,13.90,3.48,true,1,
7290112493293,false,נמס בכוס ירקות ר.טבעי44ג,יוניליוור ישראל מזון בעמ,IL,נמס בכוס,גרמים,44.00,100 גרם,false,1,7.80,17.73,true,1,
7290112493316,false,מרק עשיר אפונה ר.טבעי117,יוניליוור ישראל מזון בעמ,IL,מרק עשיר אפונה,גרמים,117.00,100 גרם,false,1,12.50,10.68,true,1,
7290112493927,false,קרמיסימו ריבת חלב 1.33 ל,"גלידת שטראוס בע""\מ, רחוב",IL,קרמיסימו ריבת חל,ליטרים,1.33,ליטר,false,1,21.90,16.47,true,1,
7290112494153,false,תיבוליות ניחוח צלי 72 גר,יוניליוור ישראל מזון בע\,IL,תיבוליות לצלי,גרמים,72.00,100 גרם,false,1,10.40,14.44,true,1,
7290112494382,false,פירה בטעם ביתי 130*2 גרם,יוניליוור ישראל מזון בע\,IL,פירה בטעם ביתי,גרמים,260.00,100 גרם,false,1,12.70,4.88,true,1,
7290112494795,false,בדין ג'ל לכביסה כחול2.5ל,"זוהר דליה, קיבוץ דליה, 1",IL,בדין ג'ל כביסה,ליטרים,2.50,ליטר,false,1,35.90,14.36,true,1,
7290112494818,false,בדין ג'ל כביסה בייבי2.5ל,זוהר דליה,IL,בדין ג'ל כביסה,ליטרים,2.50,ליטר,false,1,35.90,14.36,true,1,
7290112495037,false,קוקומן כדורים 375 גרם,יוניליוור שפע ישראל בעמ,IL,קוקומן כדורים,גרמים,375.00,100 גרם,false,1,21.90,5.84,true,1,
7290112495044,false,קוקומן פצפוצים 375 גרם,"יוניליור שפע ישראל בע""\מ",IL,קוקומן פצפוצים,גרמים,375.00,100 גרם,false,1,21.90,5.84,true,1,
7290112495105,false,נשנושים ט.שמנת+בצל260ג,בייגל את בייגל מזון 198),IL,נשנושים שמנת בצל,גרמים,260.00,100 גרם,false,1,13.90,5.35,true,1,
7290112495112,false,נשנושים זעתר 260 גרם,בייגל את בייגל מזון 198),IL,נשנושים זעתר,גרמים,260.00,100 גרם,false,1,13.90,5.35,true,1,
7290112495150,false,נשנושי קרקר מלוח 300 גרם,בייגל את בייגל מזון 198),IL,נשנושי קרקר,גרמים,300.00,100 גרם,false,1,14.50,4.83,true,1,
7290112495280,false,ברנפלקס ריבועי קינמון400,"יוניליוור שפע ישראל בע""\",IL,ברנפלקס קינמון,גרמים,400.00,100 גרם,false,1,19.90,4.98,true,1,
7290112495754,false,רוטב לסלט אלף האיים305גר,יוניליוור ישראל מזון בעמ,IL,רוטב אלף האיים,גרמים,305.00,100 גרם,false,1,11.90,3.90,true,1,
7290112495785,false,רוטב שום לסלט 300 גרם,יוניליוור ישראל מזון בעמ,IL,רוטב שום לסלט,גרמים,300.00,100 גרם,false,1,11.90,3.97,true,1,
7290112495792,false,רוטב לסלט שום לייט300גר,יוניליוור ישראל מזון בעמ,IL,רוטב שום לייט,גרמים,300.00,100 גרם,false,1,11.90,3.97,true,1,
7290112495976,false,פריכיות פתית מצופה שוק35,"גוד פוד פרודקטס ,Sp.zo.o",PL,פריכיות מצופות,גרמים,35.00,100 גרם,false,1,5.90,16.86,true,1,
7290112496287,false,פתית צ'יפס עם בטטה21גרם,JLM גלובל פודסn37\ דרך א,GB,פתית צ'יפס,גרמים,21.00,100 גרם,false,1,5.50,26.19,true,1,
7290112496294,false,פתית צ'יפס עם אפונה 22גר,JLM גלובל פודסn37\ דרך א,GB,פתית צ'יפס,גרמים,22.00,100 גרם,false,1,5.50,25.00,true,1,
7290112496430,false,נמס בכוס עגבנ.אקסטרה37גר,יוניליוור ישראל מזון בע\,IL,נמס בכוס אקסטרה,גרמים,37.00,100 גרם,false,1,4.90,13.24,true,1,
7290112496447,false,נמס בכוס ט.עוף אקסטרה27ג,יוניליוור ישראל מזון בע\,IL,נמס בכוס,גרמים,27.00,100 גרם,false,1,4.90,18.15,true,1,
7290112496461,false,נמס בכוס אקסטרה ירקות32ג,יוניליוור ישראל מזון בע\,IL,נמס בכוס אקסטרה,גרמים,32.00,100 גרם,false,1,4.90,15.31,true,1,
7290112497505,false,קרם גוף וזלין אלוורה600מ,"יוניליוור, ג'פרסון סיטי,",US,קרם גוף ואזלין,מיליליטרים,600.00,"100 מ""ל",false,1,19.90,3.32,true,1,
7290112497727,false,בייבי אל סבון אל דמע700מ,יוניליוור ישראלn\טיפוח א,IL,אל סבון בייבי,מיליליטרים,700.00,"100 מ""ל",false,1,16.90,2.41,true,1,
7290112498267,false,אל סבון ידיים קלאסי 950,,IL,אל סבון פינוק,מיליליטרים,950.00,"100 מ""ל",false,1,11.90,1.25,true,1,
7290112498526,false,פתית צ'יפס+בטטה סגולה22ג,JLM גלובל פודסn37\ דרך א,GB,פתית צ'יפס בטטה,גרמים,22.00,100 גרם,false,1,5.50,25.00,true,1,
7290112498915,false,מאגדת מיני מגנום שקדים מ,"מיוצר ע""\י גלידת שטראוס",IL,מיני מגנום שקדים,גרמים,250.00,100 גרם,false,1,29.90,11.96,true,1,
7290112498922,false,מאגדת מיני מגנום לבן 5 י,"מיוצר ע""\י גלידת שטראוס",IL,מאגדת מיני מגנום,גרמים,250.00,100 גרם,false,1,29.90,11.96,true,1,
7290112499844,false,מאגדת מיני מגנום דואט יח,"מיוצר ע""\י גלידת שטראוס",IL,מאגדת מגנום מיני,גרמים,310.00,100 גרם,false,1,29.90,9.65,true,1,
7290112499943,false,מאגדת מיני מגנום קלאסיק,"מיוצר ע""\י גלידת שטראוס",IL,מאגדת מיני מגנום,גרמים,250.00,100 גרם,false,1,29.90,11.96,true,1,
7290112961372,false,פיטנס פריכיות קינמון,"פרח תעשיות מזון בע""\מ",IL,פיטנס פריכיות,גרמים,60.00,100 גרם,false,1,9.90,16.50,true,1,
7290112961440,false,פריכיות שוק.מריר פיטנס84,כרמית,IL,פריכיות פיטנס,גרמים,84.00,100 גרם,false,1,14.50,17.26,true,1,
7290112961464,false,חטיפי פריכיות מתובלות60ג,"פרח תעשיות מזון בע""\מ",IL,חטיפי פריכיות,גרמים,60.00,100 גרם,false,1,9.90,16.50,true,1,
7290112962546,false,לה פרוטה מלון תפוח 350 ג,נגה גלידות,IL,מאגדת לה פרוטה,גרמים,350.00,100 גרם,false,1,29.90,8.54,true,1,
7290112963918,false,קרקר דק רוזמרין פיטנס140,אסם,IL,קרקר דק פיטנס,גרמים,140.00,100 גרם,false,1,13.90,9.93,true,1,
7290112964410,false,רוטב אלף האיים 290 גרם,אסם,IL,רוטב אלף האיים,גרמים,290.00,100 גרם,false,1,12.10,4.17,true,1,
7290112964564,false,רוטב אלף האיים לייט295ג,אסם,IL,רוטב אלף האיים,גרמים,295.00,100 גרם,false,1,12.10,4.10,true,1,
7290112965288,false,מרק נמס ירקות 2 * 28 גרם,אסם,IL,זוג מרק נמס,גרמים,56.00,100 גרם,false,1,6.50,11.61,true,1,
7290112965325,false,תבשיל אורז סג.ספרדי140גר,אסם,IL,תבשיל אורז,גרמים,140.00,100 גרם,false,1,13.10,9.36,true,1,
7290112965660,false,חטיף פיטנס מלח+פלפל25גר,"אסם השקעות בע""\מ",IL,חטיף פיטנס מלח,גרמים,25.00,100 גרם,false,1,5.50,22.00,true,1,
7290112965684,false,חטיף פיטנס עשבי תיבול25ג,"אסם השקעות בע""\מ",IL,חטיף פיטנס,גרמים,25.00,100 גרם,false,1,5.50,22.00,true,1,
7290112965707,false,חטיף פיטנס צ'ילי 25 גרם,"אסם השקעות בע""\מ",IL,חטיף פיטנס צ'ילי,גרמים,25.00,100 גרם,false,1,5.50,22.00,true,1,
7290112965967,false,נאגטס ירקות כתומים,"טבעול תעשיות מזון בע""\מ",IL,נאגטס ירקות כתומ,גרמים,500.00,100 גרם,false,1,34.90,6.98,true,1,
7290112966803,false,אינסטנט פודינג שוקולד88ג,"אסם השקעות בע""\מ",IL,פודינג שוקולד,גרמים,88.00,100 גרם,false,1,5.70,6.48,true,1,
7290112966841,false,פודינג ט.שוקולד מריר90גר,"אסם השקעות בע""\מ",IL,פודינג שוקולד,גרמים,90.00,100 גרם,false,1,5.70,6.33,true,1,
7290112967381,false,חט.פריכיות קטניות+מלח60ג,"פרח תעשיות מזון בע""\מ",IL,חטיפי פריכיות,גרמים,60.00,100 גרם,false,1,9.90,16.50,true,1,
7290112968821,false,קרקר דק פיטנס בטטה 140גר,אסם,IL,קרקר דק פיטנס,גרמים,140.00,100 גרם,false,1,13.90,9.93,true,1,
7290113192324,false,זיתים ירוקים בינוני 560ג,בית-השיטה עסיס תעשיות מז,IL,זיתים ירוקים,גרמים,560.00,100 גרם,false,1,11.70,2.09,true,1,
7290113192331,false,זיתים ירוקים גדולים 560ג,בית-השיטה עסיס תעשיות מז,IL,זיתים ירוק גדול,גרמים,560.00,100 גרם,false,1,10.70,1.91,true,1,
7290113192348,false,זיתים ירוקים בטעם שום560,בית-השיטה עסיס תעשיות מז,IL,זיתים טעם שום,גרמים,560.00,100 גרם,false,1,8.90,1.59,true,1,
7290113192355,false,זיתים חרוזית 560 גרם,בית-השיטה עסיס תעשיות מז,IL,זיתים חרוזית,גרמים,560.00,100 גרם,false,1,10.70,1.91,true,1,
7290113192362,false,טבעות זיתים ירוקים 560 ג,בית-השיטה עסיס תעשיות מז,IL,טבעות זיתים ירוק,גרמים,560.00,100 גרם,false,1,11.90,2.13,true,1,
7290113192393,false,קוקטייל זיתים 560 גרם,בית-השיטה עסיס תעשיות מז,IL,קוקטייל זיתים,גרמים,560.00,100 גרם,false,1,12.70,2.27,true,1,
7290113192478,false,מלפפונים 10-12 במלח 560ג,בית-השיטה עסיס תעשיות מז,IL,מלפפונים במלח,גרמים,560.00,100 גרם,false,1,8.60,1.54,true,1,
7290113192485,false,מלפפונים חומץ10-12 560 ג,בית-השיטה עסיס תעשיות מז,IL,מלפפונים בחומץ,גרמים,560.00,100 גרם,false,1,8.60,1.54,true,1,
7290113192492,false,מלפפ.חומץ קטן13-17 560 ג,בית-השיטה עסיס תעשיות מז,IL,מלפפונים בחומץ,גרמים,560.00,100 גרם,false,1,12.40,2.21,true,1,
7290113192508,false,מלפפונ.מלח קטן13-17 560ג,בית-השיטה עסיס תעשיות מז,IL,מלפפונים מלח קטן,גרמים,560.00,100 גרם,false,1,12.40,2.21,true,1,
7290113192515,false,מלפפון במלח 18-25 560 גר,בית-השיטה עסיס תעשיות מז,IL,מלפפון במלח,גרמים,560.00,100 גרם,false,1,13.90,2.48,true,1,
7290113192522,false,מלפפונים בחומץ 18-25 560,בית-השיטה עסיס תעשיות מז,IL,מלפפונים בחומץ,גרמים,560.00,100 גרם,false,1,13.90,2.48,true,1,
7290113192539,false,מלפפון במלח 7-9 560 גרם,בית-השיטה עסיס תעשיות מז,IL,מלפפון במלח,גרמים,560.00,100 גרם,false,1,7.90,1.41,true,1,
7290113192553,false,מלפפ.מלח בלאדי קטנים560ג,בית-השיטה עסיס תעשיות מז,IL,מלפפונים במלח,גרמים,560.00,100 גרם,false,1,11.90,2.13,true,1,
7290113192560,false,פלפל שיפקה 560 גרם,בית-השיטה עסיס תעשיות מז,IL,פלפל שיפקה חריף,גרמים,560.00,100 גרם,false,1,6.90,1.24,true,1,
7290113192577,false,כרוב כבוש בית השיטה 560,"בית-השיטה תעשיות בע""\מ",IL,כרוב כבוש,גרמים,560.00,100 גרם,false,1,9.20,1.64,true,1,
7290113193406,false,טבעות קוקטייל זיתים 560ג,"בית השיטה תעשיות בע""\מ",IL,טבעות זיתים,גרמים,560.00,100 גרם,false,1,11.90,2.13,true,1,
7290113194090,false,טבעות זיתי קלמטה 560 גרם,בית השיטה תעשיות בעמ,IL,טבעות זיתי קלמטה,גרמים,560.00,100 גרם,false,1,13.90,2.48,true,1,
7290113560055,false,"פרודונטקס מי פה 500 מ""ל","מאסטרפוד אוסטריה בע""מ",GB,פרודונטקס מי פה,מיליליטרים,500.00,"100 מ""ל",false,1,31.90,6.38,true,1,
7290113620056,false,"שמן זית כתית 750 מ""ל",,ES,שמן זית כתית,מיליליטרים,750.00,"100 מ""ל",false,1,34.90,4.65,true,1,
7290114310215,false,שמנת מתוקה38% בקבוק250מל,מילקו תעשיות בעמ,IL,שמנת מתוקה 38%,מיליליטרים,250.00,"100 מ""ל",false,1,6.47,2.59,true,1,
7290114320238,false,גליל טבעוני גב.עיזים160ג,מאמא קיו,IL,גליל טבעוני,גרמים,160.00,100 גרם,false,1,16.90,10.56,true,1,
7290114320269,false,גליל טבעוני ט.פלפל קלוי,מאמא קיו,IL,גליל טבעוני,גרמים,160.00,100 גרם,false,1,16.90,10.56,true,1,
7290114603768,false,"אג'קס לשירותים 750*2 מ""ל",קולגייט פלמוליב,FR,אג'קס לאסלה 2 יח,מיליליטרים,1500.00,"100 מ""ל",false,1,25.90,1.73,true,1,
7290114604949,false,רוטב ברביקיו 524 גרם,,NL,רוטב ברביקיו,גרמים,524.00,100 גרם,false,1,11.90,2.27,true,1,
7290114821469,false,כבד דג מעושן מיץ טבעי120,,IS,כבד דג מעושן,גרמים,120.00,100 גרם,false,1,14.90,12.42,true,1,
7290115190007,false,מרלבורו רד קצר פאקט,פיליפ מוריס,TR,מרלבורו רד קצר,יחידה,1.00,יחידה,false,1,354.00,354.00,false,1,
7290115190014,false,מרלבורו רד קצר חפיסה,פיליפ מוריס,IL,מרלבורו רד קצר,יחידה,1.00,יחידה,false,1,37.00,37.00,false,1,
7290115190021,false,מרלבורו רד קצר סופט פאקט,פיליפ מוריס,IL,מרלבורו רד קצר,יחידה,1.00,יחידה,false,1,330.00,330.00,false,1,
7290115190038,false,מרלבורו רד קצר סופט חפ',פיליפ מוריס,IL,מרלבורו רד סופט,יחידה,1.00,יחידה,false,1,35.00,35.00,false,1,
7290115190090,false,מרלבורו גולד קצר חפיסה,פיליפ מוריס,US,מרלבורו גולד קצר,יחידה,1.00,יחידה,false,1,37.00,37.00,false,1,
7290115190137,false,מרלבורו פיין טאץ' חפיסה,פיליפ מוריס,IL,מרלבורו פיין טאץ,יחידה,1.00,יחידה,false,1,34.50,34.50,false,1,
7290115190151,false,מרלבורו גולד טאץ' חפיסה,פיליפ מוריס,IL,מרלבורו גולד טאץ,יחידה,1.00,יחידה,false,1,34.50,34.50,false,1,
7290115190199,false,פרלמנט נייט ארוך חפיסה,פיליפ מוריס,TR,פרלמנט נייט ארוך,יחידה,1.00,יחידה,false,1,43.00,43.00,false,1,
7290115190212,false,פרלמנט בלו ארוך חפיסה,פיליפ מוריס,PL,פרלמנט בלו ארוך,יחידה,1.00,יחידה,false,1,43.00,43.00,false,1,
7290115190236,false,פרלמנט בלו קצר חפיסה,פיליפ מוריס,IL,פרלמנט בלו קצר,יחידה,1.00,יחידה,false,1,43.00,43.00,false,1,
7290115190250,false,פרלמנט נייט קצר חפיסה,פיליפ מוריס,US,פרלמנט נייט קצר,יחידה,1.00,יחידה,false,1,43.00,43.00,false,1,
7290115190335,false,אל אם בלו ארוך חפיסה,פיליפ מוריס,TR,אל אם בלו ארוך,יחידה,1.00,יחידה,false,1,35.00,35.00,false,1,
7290115190359,false,אל אם בלו קצר חפיסה,פיליפ מוריס,US,אל אם בלו קצר,יחידה,1.00,יחידה,false,1,35.00,35.00,false,1,
7290115190373,false,אל אמ פורוורד חפיסה,פיליפ מוריס,TR,אל אמ פורוורד חפ,יחידה,1.00,יחידה,false,1,35.00,35.00,false,1,
7290115190434,false,אל אם וויב סלימס חפיסה,פיליפ מוריס,US,אל אם וויב סלימס,יחידה,1.00,יחידה,false,1,35.00,35.00,false,1,
7290115190458,false,נקסט אדג' חפיסה,פיליפ מוריס,TR,נקסט אדג',יחידה,1.00,יחידה,false,1,27.00,27.00,false,1,
7290115190472,false,נקסט פיין אדג' חפיסה,,,נקסט פיין אדג',יחידה,1.00,יחידה,false,0,27.00,27.00,true,1,
7290115190489,false,נקסט פיין ארוך פאקט,פיליפ מוריס,TR,נקסט פיין ארוך,יחידה,1.00,יחידה,false,1,283.00,283.00,false,1,
7290115190496,false,נקסט פיין ארוך חפיסה,פיליפ מוריס,IL,נקסט פיין ארוך,יחידה,1.00,יחידה,false,1,33.50,33.50,false,1,
7290115190519,false,נקסט פיין חפיסה,פיליפ מוריס,PL,נקסט פיין חפ,יחידה,1.00,יחידה,false,1,33.50,33.50,false,1,
7290115190533,false,נקסט ריסס ארוך חפיסה,פיליפ מוריס,TR,נקסט ריסס ארוך,יחידה,1.00,יחידה,false,1,31.00,31.00,false,1,
7290115190571,false,נקסט לילך חפיסה,פיליפ מוריס,US,נקסט לילך,יחידה,1.00,יחידה,false,1,33.50,33.50,false,1,
7290115200003,false,פתיבר פינוקי וניל 220גרם,GERARD DR,PL,פתיבר פינוקים,גרמים,220.00,100 גרם,false,1,11.90,5.41,true,1,
7290115200027,false,פתי בר פינוקי שוקו 220ג,GERARD DR,PL,פתיבר פינוקים,גרמים,220.00,100 גרם,false,1,11.90,5.41,true,1,
7290115200713,false,במבה קלאסי 5 * 50 ג,"אסם השקעות בע""\מ",IL,במבה קלאסי 5 יח,גרמים,250.00,100 גרם,false,1,12.90,5.16,true,1,
7290115200881,false,בייגלה שטוח שומ.מעודן300,"אסם השקעות בע""\מ",IL,בייגלה שטוחים,גרמים,300.00,100 גרם,false,1,11.90,3.97,true,1,
7290115201031,false,אסם פתיבר דובי שוקולד175,"ד""\ר ג'\ררד",PL,פתיבר דובי שוקול,גרמים,175.00,100 גרם,false,1,11.90,6.80,true,1,
7290115201451,false,לביבות בטטה קארי 455 גרם,טבעול )מקבוצת אסם השקעות,IL,לביבות בטטה קארי,גרמים,455.00,100 גרם,false,1,36.90,8.11,true,1,
7290115201680,false,ביסלי ברביקיו 70 גרם,"אסם השקעות בע""\מ",IL,ביסלי ברביקיו,גרמים,70.00,100 גרם,false,1,4.50,6.43,true,1,
7290115201703,false,ביסלי ברביקיו 200 גרם,אסם,IL,ביסלי ברביקיו,גרמים,200.00,100 גרם,false,1,7.90,3.95,true,1,
7290115201727,false,ביסלי בצל 200 גרם,אסם,IL,ביסלי בצל,גרמים,200.00,100 גרם,false,1,7.90,3.95,true,1,
7290115201741,false,ביסלי בצל 70 גרם,"אסם השקעות בע""\מ",IL,ביסלי בצל,גרמים,70.00,100 גרם,false,1,4.50,6.43,true,1,
7290115202212,false,לביבות סלק 434 גרם,טבעול )מקבוצת אסם השקעות,IL,לביבות סלק,גרמים,434.00,100 גרם,false,1,36.90,8.50,true,1,
7290115202236,false,טופו קראנצ'ים 470 גרם,טבעול,IL,טופו קראנצ'ים,גרמים,470.00,100 גרם,false,1,34.90,7.43,true,1,
7290115202786,false,מנה חמה פאוצ נודלס בקר70,תאי פרזידנט,TH,מנה חמה פאוצ',גרמים,70.00,100 גרם,false,1,5.90,8.43,true,1,
7290115202816,false,מנה חמה פאוצ נודלס 70 גר,תאי פרזידנט,TH,מנה חמה פאוצ',גרמים,70.00,100 גרם,false,1,5.90,8.43,true,1,
7290115202847,false,מ.חמה פאוצ נודלס ספייס70,תאי פרזידנט,TH,מנה חמה פאוצ',גרמים,70.00,100 גרם,false,1,5.90,8.43,true,1,
7290115204056,false,קטשופ מופחת סוכר 690 גרם,אסם,IL,קטשופ מופחת סוכר,גרמים,690.00,100 גרם,false,1,12.50,1.81,true,1,
7290115204155,false,סחוג אדום צבר,פרסקו,IL,סחוג אדום צבר,גרמים,190.00,100 גרם,false,1,12.90,6.79,true,1,
7290115204186,false,פסטו צבר 190 גרם,פרסקו,IL,פסטו צבר,גרמים,190.00,100 גרם,false,1,15.90,8.37,true,1,
7290115205527,false,חטיף פיטנס עם עדשים25גרם,"אסם השקעות בע""\מ",IL,חטיף פיטנס,גרמים,25.00,100 גרם,false,1,5.50,22.00,true,1,
7290115205695,false,בצק פיצה מצונן 460 גרם,נסטלה סוויס )שוויץ(,CH,בצק פיצה מצונן,גרמים,460.00,100 גרם,false,1,16.50,3.59,true,1,
7290115207620,false,רוטב סויה קלאסי אסם333גר,"אסם השקעות בע""\מ",IL,רוטב סויה קלאסי,גרמים,333.00,100 גרם,false,1,10.90,3.27,true,1,
7290115207682,false,רוטב סויה סיני 330 גרם,"אסם השקעות בע""\מ",IL,רוטב סויה סיני,גרמים,330.00,100 גרם,false,1,11.90,3.61,true,1,
7290115207811,false,נקניקיות טבעוניות 418 ג,"טבעול תעשיות מזון בע""\מ",IL,נקניקיות טבעוני,גרמים,418.00,100 גרם,false,1,36.90,8.83,true,1,
7290115207965,false,ויטמינצ'יק מנגו אפרסק1ל,בית-השיטה עסיס תעשיות מז,IL,ויטמינצ'יק מנגו,ליטרים,1.00,ליטר,false,1,22.90,22.90,true,1,
7290115207989,false,ויטמינצ'יק לימון 1 ליטר,בית-השיטה עסיס תעשיות מז,IL,ויטמינצ'יק לימון,ליטרים,1.00,ליטר,false,1,22.90,22.90,true,1,
7290115208009,false,ויטמינצ'יק ענבים 1 ליטר,בית-השיטה עסיס תעשיות מז,IL,ויטמינצ'יק ענבים,ליטרים,1.00,ליטר,false,1,22.90,22.90,true,1,
7290115208047,false,ויטמינצ'יק פטל 1 ליטר,בית-השיטה עסיס תעשיות מז,IL,ויטמינצ'יק פטל,ליטרים,1.00,ליטר,false,1,22.90,22.90,true,1,
7290115208061,false,ויטמינצ'יק תפוח 1 ליטר,בית השיטה עסיס תעשיות מז,IL,ויטמינצ'יק תפוח,ליטרים,1.00,ליטר,false,1,22.90,22.90,true,1,
7290115208344,false,בייגלה כפיות שמנת בצל300,"אסם השקעות בע""\מ",IL,בייגלה כפיות,גרמים,300.00,100 גרם,false,1,11.90,3.97,true,1,
7290115208801,false,לחמית דבש ואגוזים 190גרם,אסם,IL,לחמית דבש ואגוזי,גרמים,190.00,100 גרם,false,1,11.60,6.11,true,1,
7290115209198,false,במבה אוורירית 80 גרם,אסם השקעות בעמ,IL,במבה אוורירית,גרמים,80.00,100 גרם,false,1,4.90,6.13,true,1,
7290115209358,false,במבה במילוי בראוניז 60גר,"אסם השקעות בע""\מ",IL,במבה בראוניז,גרמים,60.00,100 גרם,false,1,4.90,8.17,true,1,
7290115209372,false,במבה במילוי בראוניז150גר,"אסם השקעות בע""\מ",IL,במבה במילוי בראו,גרמים,150.00,100 גרם,false,1,11.50,7.67,true,1,
7290115480009,false,סוד מרכך פרש קונטרול900מ,,IL,סוד מרכך פרש,מיליליטרים,900.00,"100 מ""ל",false,1,14.90,1.66,true,1,
7290115671223,false,מסטיק פאן אבטיח מנגו58ג,אסקום קונפקשיין,DE,מסטיק מאסט,גרמים,58.00,100 גרם,false,1,11.50,19.83,true,1,
7290115671339,false,מיני פינוקיות בייגל180ג,"הגביע מוצרי ופלים בע""\מ",IL,מיני פינוקיות,גרמים,180.00,100 גרם,false,1,11.90,6.61,true,1,
7290115674736,false,חטיף גריסיני חרדל+דבש170,"אלאדין בייקרס בע""\מ",US,חטיף גריסיני,גרמים,170.00,100 גרם,false,1,16.40,9.65,true,1,
7290115675696,false,דגני בוקר קרוזלי אגוז375,וויטפול,PL,דגני קוואקר,גרמים,375.00,100 גרם,false,1,22.70,6.05,true,1,
7290115675986,false,דנונה בר אגוזים קרמל173ג,"שטראוס בריאות בע""\מ",IL,יוגורט בר,גרמים,173.00,100 גרם,false,1,4.80,2.77,false,1,
7290115676037,false,יוגורט תות דומדמניות250ג,"שטראוס בריאות בע""\מ",IL,יוגורט דנונה,גרמים,250.00,100 גרם,false,1,6.20,2.48,true,1,
7290115676051,false,משקה אקטיביה ש.שועל265גר,"שטראוס בריאות בע""\מ",IL,משקה אקטיביה,גרמים,265.00,100 גרם,false,1,5.10,1.92,true,1,
7290115676082,false,משקה דנונה פרו20 תות255ג,"שטראוס בריאות בע""\מ.",IL,משקה דנונה פרו,גרמים,255.00,100 גרם,false,1,7.50,2.94,true,1,
7290115676099,false,משקה דנונה פרו20 וניל255,"שטראוס בריאות בע""\מ.",IL,משקה דנונה פרו,גרמים,255.00,100 גרם,false,1,7.50,2.94,true,1,
7290115676273,false,קקאו עלית10%+ 500 גרם,שטראוס קפה בי.וי.,IL,קקאו עלית,גרמים,550.00,100 גרם,false,1,26.90,4.89,true,1,
7290115677423,false,דלישס אורז קארי ירוק חרי,אוכל ביתי ניר עציון,IL,דלישס אורז קארי,גרמים,350.00,100 גרם,false,1,24.90,7.12,true,1,
7290115677966,false,ממרח אבוקדו 200 גרם,סנטה אירפואטו,MX,ממרח אבוקדו,גרמים,200.00,100 גרם,false,1,15.90,7.95,true,1,
7290115678222,false,דנונה יווני מארז 130*8 ג,"שטראוס בריאות בע""\מ",IL,דנונה יווני 8 יח,קילוגרמים,1.04,"ק""ג",false,1,26.90,25.87,true,1,
7290115678376,false,מעדן הגולן שוקולד 125 גר,"שטראוס בריאות בע""\מ",IL,מעדן הגולן,גרמים,125.00,100 גרם,false,1,3.40,2.72,true,1,
7290115678635,false,נשנושי גבינה16% כעכים67ג,"מחלבת טבע עז בע""\מ",IL,נשנושי גבינה,גרמים,67.00,100 גרם,false,1,10.90,16.27,true,1,
7290115679915,false,פיצה מבצק עם דלעת,אליסה פוד אס.אר. אל,IL,דלישס פיצה מבצק,גרמים,320.00,100 גרם,false,1,21.90,6.84,true,1,
7290116530185,false,דגני בוקר דלישקד קרמל400,"יוניליוור שפע ישראל בע""\",IL,דלישקד קרמל,גרמים,400.00,100 גרם,false,1,22.70,5.68,true,1,
7290116530871,false,חט.נשנושים מיקס+בייגל240,"דרך השוקולד ,1 צפת 13404",IL,חטיף נשנושים,גרמים,240.00,100 גרם,false,1,13.90,5.79,true,1,
7290116530888,false,בדין ג'ל כביסה פינוק2.5ל,"זוהר דליה, קיבוץ דליה, 1",IL,ג'ל כביסה בדין,ליטרים,2.50,ליטר,false,1,35.90,14.36,true,1,
7290116531069,false,מרק בצל רכיבים טבעי225ג,יוניליוור ישראל מזון בע\,IL,מרק בצל,גרמים,225.00,100 גרם,false,1,15.90,7.07,true,1,
7290116531076,false,מרק פטריות רכיב טבעי225ג,יוניליוור ישראל מזון בע\,IL,מרק פטריות,גרמים,225.00,100 גרם,false,1,15.90,7.07,true,1,
7290116531083,false,ברנפלקס ט.דבש+שקדים400גר,"יוניליוור שפע ישראל בע""\",IL,ברנפלקס טעם דבש,גרמים,400.00,100 גרם,false,1,19.90,4.98,true,1,
7290116531090,false,דגדג חטיף אפוי 250 גרם,"דרך השוקולד ,1 צפת 13404",IL,דגדג חטיף אפוי,גרמים,250.00,100 גרם,false,1,9.90,3.96,true,1,
7290116531779,false,דפי מרכך למייבש כחול40יח,,US,דפים למייבש,יחידה,1.00,יחידה,false,1,21.00,21.00,true,1,
7290116531793,false,רוטב לסלט קיסר 295 גרם,יוניליוור ישראל מזון בע\,IL,רוטב לסלט קיסר,גרמים,295.00,100 גרם,false,1,11.90,4.03,true,1,
7290116532219,false,קורנפלקס בטעם תות 448גרם,"יוניליוור שפע ישראל בע""\",IL,קורנפלקס תות,גרמים,448.00,100 גרם,false,1,19.70,4.40,true,1,
7290116532462,false,קליק גלידה שוקולד בננה,"גלידת שטראוס בע""\מ, רחוב",IL,"קליק גלידה 520מ""",מיליליטרים,520.00,"100 מ""ל",false,1,21.90,4.21,true,1,
7290116532486,false,קליק גלידה וניל קרמל520מ,"גלידת שטראוס בע""\מ, רחוב",IL,קליק גלידה וניל,מיליליטרים,520.00,"100 מ""ל",false,1,21.90,4.21,true,1,
7290116532875,false,בייבי אל סבון לתינוק900מ,יוניליוור ישראלn\טיפוח א,IL,אל סבון לתינוק,מיליליטרים,900.00,"100 מ""ל",false,1,20.90,2.32,true,1,
7290116532882,false,נשנושים איירביס בצל155ג,"דרך השוקולד ,1 צפת 13404",IL,נשנושים איירביס,גרמים,155.00,100 גרם,false,1,13.90,8.97,true,1,
7290116532905,false,נשנוש.איירביס ברביק155ג,"דרך השוקולד ,1 צפת 13404",IL,נשנושים איירביס,גרמים,155.00,100 גרם,false,1,13.90,8.97,true,1,
7290116930282,false,לאבנה 9% עם קרקרים 150 ג,,IL,לאבנה,גרמים,150.00,100 גרם,false,1,9.90,6.60,true,1,
7290116930435,false,יוגורט גו סמיך דובדבן200,"תנובה בע""\מ",IL,יוגורט גו סמיך,גרמים,200.00,100 גרם,false,1,5.90,2.95,true,1,
7290116930459,false,שייק בננה אננס קוקס230מל,תנובה בעמ,IL,יופלה שייק,מיליליטרים,230.00,"100 מ""ל",false,1,8.90,3.87,true,1,
7290116930466,false,שייק מנגו בננה פסיפלו230,תנובה בעמ,IL,יופלה שייק,מיליליטרים,230.00,"100 מ""ל",false,1,8.90,3.87,true,1,
7290116930480,false,שייק בננה קיוי תפוח230מל,תנובה בעמ,IL,יופלה שייק,מיליליטרים,230.00,"100 מ""ל",false,1,8.90,3.87,true,1,
7290116930565,false,תה קר+חלב צ'אי מסאלה230מ,תנובה בעמ,IL,משקה תה קר+חלב,מיליליטרים,230.00,"100 מ""ל",false,1,8.90,3.87,true,1,
7290116930701,false,מעדן חלב גו בטעם קרמל120,תנובה בעמ,IL,מעדן חלב גו,גרמים,120.00,100 גרם,false,1,5.30,4.42,true,1,
7290116930725,false,מעדן סויה ביו קוקוס150ג,תנובה בעמ,IL,מעדן סויה ביו,גרמים,150.00,100 גרם,false,1,5.50,3.67,true,1,
7290116930954,false,יופלה פאי תפוחים3% 150גר,"תנובה בע""\מ",IL,יופלה פאי תפוחים,גרמים,150.00,100 גרם,false,1,5.20,3.47,true,1,
7290116931081,false,מעדן סויה טופי קרמל 125ג,תנובה בעמ,IL,מעדן סויה טופי,גרמים,125.00,100 גרם,false,1,4.70,3.76,true,1,
7290116931104,false,יופלה גו סמיך אננס 200 ג,תנובה בעמ,IL,יופלה גו סמיך,גרמים,200.00,100 גרם,false,1,5.90,2.95,true,1,
7290117260449,false,בולגרית מעודנ5%למריחה200,אם.בי.טורקיה,TR,בולגרית למריחה,גרמים,200.00,100 גרם,false,1,13.00,6.50,true,1,
7290117260470,false,בולגרית למריחה 5%שום200ג,אם.בי.טורקיה,TR,בולגרית למריחה,גרמים,200.00,100 גרם,false,1,13.00,6.50,true,1,
7290117260562,false,חמאה בגביע 225 גרם,,TR,חמאה בגביע,גרמים,225.00,100 גרם,false,1,17.90,7.96,true,1,
7290117260685,false,תן בו מיקס סמבה 230 גרם,,DK,תן בו מיקס סמבה,גרמים,230.00,100 גרם,false,1,21.90,9.52,true,1,
7290117260807,false,תן בו בציפוי שוק.לבן12יח,,DK,תן בו שוקולד12יח,גרמים,300.00,100 גרם,false,1,21.90,7.30,true,1,
7290117260975,false,זיתי קלמטה מגולען 300 גר,סיוארס אס.איי,TR,זית קלמטה מגולען,גרמים,300.00,100 גרם,false,1,9.90,3.30,true,1,
7290117261002,false,זיתי קלמטה במי מלח 350 ג,סיוארס אס.איי,TR,זיתי קלמטה,גרמים,350.00,100 גרם,false,1,9.90,2.83,true,1,
7290117261019,false,זית ירוק ממולא פלפל 300ג,סיוארס אס.איי,TR,זיתים ירוקים,גרמים,300.00,100 גרם,false,1,9.90,3.30,true,1,
7290117261347,false,תן בו שוק.לבן וקוקוס300ג,,DK,תן בו שוקולד12יח,גרמים,300.00,100 גרם,false,1,21.90,7.30,true,1,
7290117261354,false,גבינת ריקוטה5% 200 גרם,גידה,TR,גבינת ריקוטה,גרמים,200.00,100 גרם,false,1,10.90,5.45,true,1,
7290117261583,false,סרדינ.מעושן שמן קנולה185,גולדן פרייז קאנינג אל.טי,LV,סרדינים בריסלינג,גרמים,185.00,100 גרם,false,1,13.90,7.51,true,1,
7290117261590,false,סרדינים מעושן שמן זית185,גולדן פרייז קאנינג אל.טי,LV,סרדינים בריסלינג,גרמים,185.00,100 גרם,false,1,13.90,7.51,true,1,
7290117261859,false,מיני מאפים במילוי תרד וג,,TR,מיני מאפים במילו,גרמים,480.00,100 גרם,false,1,10.90,2.27,true,1,
7290117261866,false,"מיני מאפים במילוי תפוח""א",,TR,מיני מאפים במילו,גרמים,480.00,100 גרם,false,1,10.90,2.27,true,1,
7290117261873,false,מאפה פריך במילוי גבינה,,TR,מאפה פריך במילוי,גרמים,520.00,100 גרם,false,1,10.90,2.10,true,1,
7290117261897,false,מאפה פריך במילוי תרד,,TR,מאפה פריך במילוי,גרמים,520.00,100 גרם,false,1,10.90,2.10,true,1,
7290117261989,false,גבינת מנורי רכה43% 170גר,סאסו פטוראגס קומטויס אף,GR,גבינת מנורי,גרמים,170.00,100 גרם,false,1,18.90,11.12,true,1,
7290117262054,false,גלילי וופל מילוי שוקו200,,GR,גלילי וופל ממולא,גרמים,200.00,100 גרם,false,1,10.90,5.45,true,1,
7290117262290,false,חטיף שוקולד פרלינים 50ג,,TR,חטיף שוקולד,גרמים,50.00,100 גרם,false,1,5.90,11.80,true,1,
7290117262306,false,חטיף קורנפלקס מצופה 50 ג,,TR,חטיף שוקולד,גרמים,50.00,100 גרם,false,1,5.90,11.80,true,1,
7290117262313,false,חטיף דגנים פריכים 50 גרם,,TR,חטיף דגנים פריכי,גרמים,50.00,100 גרם,false,1,5.90,11.80,true,1,
7290117262320,false,חטיף ביסקוויט מצופה 40גר,,TR,חטיפי שוקולד,גרמים,40.00,100 גרם,false,1,5.90,14.75,true,1,
7290117382219,false,קולגייט מארז מיניונים,"מעצמה בקהילה בע""\מ",IL,קולגייט מארז ילד,יחידה,1.00,יחידה,false,1,36.90,36.90,true,1,
7290117860090,false,מרכך מטפח לשיער רגיל700מ,"טרופיקל דגיל בע""\מ",IL,מרכך מטפח לשיער,מיליליטרים,700.00,"100 מ""ל",false,1,15.90,2.27,true,1,
7290117860199,false,שמפו מעניק לחות שיער יבש,"טרופיקל דגיל בע""\מ",IL,שמפו הוואי,מיליליטרים,700.00,"100 מ""ל",false,1,15.90,2.27,true,1,
7290117860243,false,מרכך לחות שיער יבש700מל,טרופיקל דגיל,IL,מרכך הוואי,מיליליטרים,700.00,"100 מ""ל",false,1,15.90,2.27,true,1,
7296073005742,false,עוג.סנדוויץ וניל שופר150,"אחים פפושדו ובניהם בע""\מ",IL,עוגיות סנדוויץ,גרמים,150.00,100 גרם,false,0,4.90,3.27,true,1,
7296073005841,false,אפונה ירוקה שופרסל500גרם,מיה,IL,אפונה ירוקה,גרמים,500.00,100 גרם,false,0,6.50,1.30,true,1,
7296073005858,false,בורגול שופרסל 500 גרם,מיה,IL,בורגול,גרמים,500.00,100 גרם,false,0,5.60,1.12,true,1,
7296073005902,false,כוסמת שופרסל 500 גרם,מיה,IL,כוסמת שופרסל,גרמים,500.00,100 גרם,false,0,6.90,1.38,true,1,
7296073005919,false,עדשים ירוקות שופרסל500ג,מיה,IL,עדשים ירוקות,גרמים,500.00,100 גרם,false,0,7.50,1.50,true,1,
7296073005926,false,עדשים אדומות שופרסל500גר,מיה,IL,עדשים אדומות,גרמים,500.00,100 גרם,false,0,7.50,1.50,true,1,
7296073005957,false,שעועית לבנה שופרסל500גרם,מיה,IL,שעועית לבנה,גרמים,500.00,100 גרם,false,0,10.80,2.16,true,1,
7296073006053,false,פרג שופרסל 100 גרם,,IL,פרג שופרסל,גרמים,100.00,100 גרם,false,1,5.80,5.80,true,1,
7296073006060,false,חומוס לבן ענק שופרסל 1קג,מיה,IL,חומוס לבן ענק,קילוגרמים,1.00,"ק""ג",false,0,13.90,13.90,true,1,
7296073006114,false,"עדשים ירוקות שופרסל 1ק""ג",מיה,IL,עדשים ירוקות,קילוגרמים,1.00,"ק""ג",false,0,11.90,11.90,true,1,
7296073006121,false,"עדשים אדומות שופרסל 1ק""ג",מיה,IL,עדשים אדומות,קילוגרמים,1.00,"ק""ג",false,0,11.90,11.90,true,1,
7296073006176,false,"סוכר שופרסל 1 ק""ג","סוגת תעשיות בע""\מ",IL,סוכר לבן,קילוגרמים,1.00,"ק""ג",false,0,4.90,4.90,true,1,
7296073006381,false,זיתים ירוקים בינוניים,שופרסל,IL,זיתים ירוקים,גרמים,560.00,100 גרם,false,0,7.30,1.30,true,1,
7296073006398,false,זיתים ירוקים גדולים,שופרסל,IL,זיתי מנזנילו,גרמים,560.00,100 גרם,false,0,7.80,1.39,true,1,
7296073006404,false,מלפפונים במלח גדולים 7-9,בני דרום,IL,מלפפון במלח 7-9,גרמים,560.00,100 גרם,false,0,7.50,1.34,true,1,
7296073006411,false,מלפפונים במלח בינוניים,בני דרום,IL,מלפפונים במלח,גרמים,560.00,100 גרם,false,0,7.80,1.39,true,1,
7296073006435,false,מלפפונים במלח קטנים מאוד,שופרסל,IL,מלפפון במלח,גרמים,560.00,100 גרם,false,0,12.30,2.20,true,1,
7296073006497,false,גביעי גלידה שופרסל 30יח',"א.ג. גילרו בע""\מ",IL,גביעי גלידה,גרמים,115.00,100 גרם,false,0,10.90,9.48,true,1,
7296073006640,false,מלפפונים במלח ט.ביתי1.65,שופרסל,IL,מלפפון במלח ביתי,קילוגרמים,1.65,"ק""ג",false,0,27.90,16.91,true,1,
7296073011101,false,קוסקוס עבה שופרסל 350גרם,"אסיף תעשיות מזון בע""\מ",IL,קוסקוס עבה,גרמים,350.00,100 גרם,false,0,5.20,1.49,true,1,
7296073011194,false,פוסיליני טריקולור 500 גר,שופרסל,IT,פסטה טריקולור,גרמים,500.00,100 גרם,false,0,6.80,1.36,true,1,
7296073011217,false,פסטה פנה ריגטה 500 גרם,שופרסל,IT,פסטה פנה ריגטה,גרמים,500.00,100 גרם,false,0,4.90,0.98,true,1,
7296073011224,false,פסטה פוסילי 500 גרם,שופרסל,IT,פסטה פוסילי,גרמים,500.00,100 גרם,false,0,4.90,0.98,true,1,
7296073011248,false,פסטה פרפלה 500 גרם,שופרסל,IT,פסטה פרפלה,גרמים,500.00,100 גרם,false,0,4.90,0.98,true,1,
7296073012009,false,קוסקוס בינוני שופרסל350ג,"אסיף תעשיות מזון בע""\מ",IL,קוסקוס בינוני,גרמים,350.00,100 גרם,false,0,5.20,1.49,true,1,
7296073013082,false,חרוזי זיתים ירוקים,שופרסל,IL,חרוזי זיתים,קילוגרמים,1.25,"ק""ג",false,0,17.50,14.00,true,1,
7296073020356,false,150כוס שתייה קרה בייסיק,שופרסל,IL,"כוסות שתייה חד""פ",יחידה,1.00,יחידה,false,0,17.90,17.90,true,1,
7296073020370,false,צלחת גדולה BASIC 100 יח',שופרסל,IL,צלחות גדולות,יחידה,1.00,יחידה,false,0,30.90,30.90,true,1,
7296073020394,false,"קערית מרק  BASIC 50 יח,'",שופרסל,IL,"קעריות מרק חד""פ",יחידה,1.00,יחידה,false,0,19.90,19.90,true,1,
7296073020936,false,פטריות שמפיניון חתוכ400ג,פרוצ'אמפ,NL,פטריות חתוכות,גרמים,400.00,100 גרם,false,0,4.60,1.15,true,1,
7296073021568,false,"קמח חיטה לבן בהיר 1 ק""ג",שופרסל,IL,קמח לבן,קילוגרמים,1.00,"ק""ג",false,0,4.90,4.90,true,1,
7296073021575,false,"קמח תופח 1 ק""ג",שופרסל,IL,קמח תופח,קילוגרמים,1.00,"ק""ג",false,0,7.50,7.50,true,1,
7296073021582,false,סולת חיטה,שופרסל,IL,סולת חיטה,קילוגרמים,1.00,"ק""ג",false,0,4.90,4.90,true,1,
7296073048992,false,פסטרמה בדבש שופרסל 300גר,,IL,פסטרמה בדבש,גרמים,300.00,100 גרם,false,0,23.90,7.97,true,1,
7296073049029,false,כתף בקר שופרסל 300 גרם,מעדני יחיעם,IL,כתף בקר,גרמים,300.00,100 גרם,false,0,29.60,9.87,true,1,
7296073049043,false,פסטרמה ברבקיו שופרסל300ג,,IL,פסטרמה ברבקיו,גרמים,300.00,100 גרם,false,0,23.90,7.97,true,1,
7296073049135,false,אטריות ביצים דקות שופ200,שיבולים בני דרום,IL,אטריות ביצים,גרמים,200.00,100 גרם,false,0,7.90,3.95,true,1,
7296073049654,false,טבעות זיתים ירוקים,שופרסל,IL,טבעות זיתים,גרמים,560.00,100 גרם,false,0,9.60,1.71,true,1,
7296073053743,false,פסטה קונקיליוני 500 גרם,שופרסל,IL,פסטה קונקיליוני,גרמים,500.00,100 גרם,false,0,4.90,0.98,true,1,
7296073053750,false,פסטה לומקה 500 גרם,שופרסל,IT,פסטה לומקה ריגטה,גרמים,500.00,100 גרם,false,0,4.90,0.98,true,1,
7296073058984,false,גרנולה קראנץ פירות+אג400,בריגן קי ג'י,DE,גרנולה קראנץ,גרמים,400.00,100 גרם,false,0,17.90,4.48,true,1,
7296073058991,false,מוזלי 500 גרם,בריגן קי ג'י,DE,מוזלי,גרמים,500.00,100 גרם,false,0,17.90,3.58,true,1,
7296073059691,false,"צלחת גדולה BASIC 50 יח,'",שופרסל,IL,צלחות גדולות,יחידה,1.00,יחידה,false,0,17.90,17.90,true,1,
7296073059707,false,"צלחת קטנה BASIC 50 יח,'",שופרסל,IL,"צלחות קטנות חד""פ",יחידה,1.00,יחידה,false,0,14.90,14.90,true,1,
7296073064367,false,"בורקס תפו""א שופרסל 800 ג",שופרסל,IL,"800 בורקס תפו""א",גרמים,800.00,100 גרם,false,0,17.90,2.24,true,1,
7296073064398,false,בורקס גבינה שופרסל 800 ג,מאפ גדרון,IL,בורקס גבינה800,גרמים,800.00,100 גרם,false,0,19.90,2.49,true,1,
7296073066354,false,חטיפי חלווה שופרסל 250 ג,"אחדות בע""מ א.ת. ברקן",IL,חטיפי חלווה,גרמים,250.00,100 גרם,false,0,11.20,4.48,true,1,
7296073074434,false,ביסקוויטים פתי בר גדול,שופרסל,IL,פתיבר גדול,גרמים,500.00,100 גרם,false,0,9.50,1.90,true,1,
7296073074441,false,פתי בר גדול בטעם שוקו,שופרסל,IL,פתי בר גדול שוקו,גרמים,500.00,100 גרם,false,0,9.50,1.90,true,1,
7296073074649,false,קנלוני שופרסל 250 גרם,שופרסל,IT,קנלוני שופרסל,גרמים,250.00,100 גרם,false,0,10.20,4.08,true,1,
7296073078579,false,דבש טבעי מפרחי שדה 350 ג,שופרסל,IL,דבש טבעי,גרמים,350.00,100 גרם,false,0,18.90,5.40,true,1,
7296073078609,false,"דבש טבעי שופרסל 1 ק""ג",מכוורת עמק חפר,IL,דבש טבעי,קילוגרמים,1.00,"ק""ג",false,0,41.90,41.90,true,1,
7296073078821,false,4 כריות יפניות שופרסל,פלסטו פוליש,IL,כריות יפניות,יחידה,1.00,יחידה,false,0,8.90,8.90,true,1,
7296073078838,false,6 כריות יפניות שופרסל,פלסטו פוליש,IL,כריות יפניות,יחידה,1.00,יחידה,false,0,9.70,9.70,true,1,
7296073078883,false,מטליות לניקוי כללי,שופרסל,IL,מטליות לניקוי,יחידה,1.00,יחידה,false,0,9.90,9.90,true,1,
7296073079019,false,פריכיות דק.קצח 100ג שופר,"פרח תעשיות מזון בע""\מ",IL,פריכיות דקות,גרמים,100.00,100 גרם,false,0,7.90,7.90,true,1,
7296073079040,false,פריכ.אורז מיני ט.זעתר50ג,"פרח תעשיות מזון בע""\מ",IL,פריכיות אורז,גרמים,50.00,100 גרם,false,0,8.90,17.80,true,1,
7296073079873,false,רוטב עגבנ.מרוכז מאוד580ג,פריניר,IL,תרכיז עגבניות,גרמים,580.00,100 גרם,false,0,6.30,1.09,true,1,
7296073079880,false,רוטב עגבנ.מרוכז22% 570ג,פריניר,IL,רוטב עגבניות,גרמים,570.00,100 גרם,false,0,6.10,1.07,true,1,
7296073079903,false,רוטב עגבניות 22%שופר100ג,פריניר,IL,רוטב עגבניות,גרמים,100.00,100 גרם,false,0,1.90,1.90,true,1,
7296073080497,false,שעועית אפויה שופרסל 580ג,פרי גליל,IL,שעועית אפויה,גרמים,580.00,100 גרם,false,0,7.50,1.29,true,1,
7296073080503,false,אפונה ירוקה בינונית 550ג,פרי גליל,IL,אפונה ירוקה,גרמים,550.00,100 גרם,false,0,6.90,1.25,true,1,
7296073080534,false,גרעיני תירס מתוק 550 גרם,פרי גליל,IL,גרעיני תירס מתוק,גרמים,550.00,100 גרם,false,0,6.90,1.25,true,1,
7296073080541,false,אפונה וגזר שופרסל 550 גר,פרי גליל,IL,אפונה וגזר,גרמים,550.00,100 גרם,false,0,6.90,1.25,true,1,
7296073080558,false,תירס לייט שופרסל 550 גרם,פרי גליל,IL,תירס לייט,גרמים,550.00,100 גרם,false,0,7.90,1.44,true,1,
7296073081449,false,פירורי לחם מוזהבים,"חטיפים מן הטבע בע""\מ",IL,פירורי לחם,גרמים,200.00,100 גרם,false,0,4.20,2.10,true,1,
7296073081456,false,פירורי לחם לבן שופרסל200,"חטיפים מן הטבע בע""\מ",IL,פירורי לחם לבן,גרמים,200.00,100 גרם,false,0,5.50,2.75,true,1,
7296073081661,false,מזון יבש לכלבים שופר3.קג,סנשיין מילס,US,מזון יבש לכלבים,קילוגרמים,3.00,"ק""ג",false,0,39.60,13.20,true,1,
7296073081692,false,מזון יבש לחתול שופרסל3קג,Tuffy's,US,מזון לחתולים,קילוגרמים,3.00,"ק""ג",false,0,48.50,16.17,true,1,
7296073087175,false,ריבת תות שופרסל 370 גרם,LTD 99 CIMA,BG,ריבת תות שדה,גרמים,370.00,100 גרם,false,0,11.90,3.22,true,1,
7296073087182,false,ריבת מישמש שופרסל 370גרם,LTD 99 CIMA,BG,ריבת מישמש,גרמים,370.00,100 גרם,false,0,11.90,3.22,true,1,
7296073087205,false,ריבת אוכמניות שופרסל370ג,LTD 99 CIMA,BG,ריבת אוכמניות,גרמים,370.00,100 גרם,false,0,11.90,3.22,true,1,
7296073087243,false,קונפ.דובדבנים שופרסל370ג,LTD 99 CIMA,BG,קונפ.דובדבנים,גרמים,370.00,100 גרם,false,0,13.50,3.65,true,1,
7296073087250,false,קונפ.אוכמניות שופרסל370ג,LTD 99 CIMA,BG,קונפ.אוכמניות,גרמים,370.00,100 גרם,false,0,13.50,3.65,true,1,
7296073091226,false,פופקורן גרעינים שופר1.קג,מיה,IL,פופקורן גרעינים,קילוגרמים,1.00,"ק""ג",false,0,9.80,9.80,true,1,
7296073091462,false,פיסטוק קלוי וממולח 200ג,ששון,IL,פיסטוק קלוי,גרמים,200.00,100 גרם,false,0,23.90,11.95,true,1,
7296073091547,false,צימוקים בהירים 400גרם,ששון,IL,צימוק בהיר,גרמים,400.00,100 גרם,false,0,23.90,5.98,true,1,
7296073091554,false,צימוקים כהים 400 גרם,ששון,IL,צימוקים כהים,גרמים,400.00,100 גרם,false,0,19.90,4.98,true,1,
7296073091646,false,צנוברים קלופים 100גרם,ששון,CN,צנוברים קלופים,גרמים,100.00,100 גרם,false,0,26.90,26.90,true,1,
7296073091677,false,חמוציות מיובשות 250ג,ששון,US,חמוציות 250גרם,גרמים,250.00,100 גרם,false,0,11.90,4.76,true,1,
7296073094463,false,חלווה שיש שופרסל 400 גרם,"אחדות בע""מ א.ת. ברקן",IL,חלווה שיש,גרמים,400.00,100 גרם,false,0,14.10,3.53,true,1,
7296073094746,false,חלווה וניל שופרסל 400גרם,"אחדות בע""מ א.ת. ברקן",IL,חלווה וניל,גרמים,400.00,100 גרם,false,0,14.10,3.53,true,1,
7296073094753,false,חלווה וניל שופרסל 500 גר,"אחדות בע""מ א.ת. ברקן",IL,חלווה וניל,גרמים,500.00,100 גרם,false,0,13.90,2.78,true,1,
7296073095583,false,"אצטון שופרסל 100 מ""ל","ש. שוורץ )באר שבע( בע""\מ",IL,אצטון BE,מיליליטרים,100.00,"100 מ""ל",false,0,3.90,3.90,true,1,
7296073095910,false,דבש לחיץ שופרסל 350 גרם,מכוורת עמק חפר,IL,דבש טבעי לחיץ,גרמים,350.00,100 גרם,false,0,24.70,7.06,true,1,
7296073098263,false,גזר גמדי מוקפא 800 גרם,פרי גליל,IL,גזר גמדי מוקפא,גרמים,800.00,100 גרם,false,0,13.90,1.74,true,1,
7296073098287,false,לקט בורגונדי שופרסל 800,פרי גליל,IL,לקט בורגונדי,גרמים,800.00,100 גרם,false,0,16.90,2.12,true,1,
7296073098294,false,ברוקולי מוקפא שופרסל 800,פרי גליל,IL,ברוקולי 800 גר,גרמים,800.00,100 גרם,false,0,18.90,2.37,true,1,
7296073103813,false,תפוח אדמה לבן ארוז,,IL,"תפו""א לבן ארוז",קילוגרמים,0.00,"ק""ג",true,0,4.90,4.90,true,1,
7296073103820,false,תפוחי אדמה לטיגון,,IL,"תפו""א  לטיגון",קילוגרמים,0.00,"ק""ג",true,0,5.90,5.90,true,1,
7296073106074,false,פסטה טליאטלה 500 גרם,שופרסל,IT,פסטה טליאטלה,גרמים,500.00,100 גרם,false,0,10.90,2.18,true,1,
7296073106098,false,פריכיות דק.כוסמת שופר100,"פרח תעשיות מזון בע""\מ",IL,פריכיות כוסמת,גרמים,100.00,100 גרם,false,0,7.90,7.90,true,1,
7296073107408,false,גרנולה שוקו.פקאן שופר400,בריגן קי ג'י,DE,גרנולה שוקולד,גרמים,400.00,100 גרם,false,0,17.90,4.48,true,1,
7296073107989,false,גרעיני תירס שופרסל 800 ג,פרי גליל,IL,גרעיני תירס,גרמים,800.00,100 גרם,false,0,14.90,1.87,true,1,
7296073107996,false,פול ירוק שופרסל 800 גרם,פרי גליל,GB,פול ירוק,גרמים,800.00,100 גרם,false,0,18.90,2.36,true,1,
7296073108085,false,שעועית צהובה חתוכה שופרס,פרי גליל,IL,שעועית צהובה,גרמים,800.00,100 גרם,false,0,19.00,2.38,true,1,
7296073108108,false,לקט ירקות מעורבים שופרסל,פרי גליל,IL,לקט ירקות מעור,גרמים,800.00,100 גרם,false,0,14.90,1.86,true,1,
7296073108146,false,תחתיות ארטישוק שופרסל400,,EG,תחתיות ארטישוק,גרמים,400.00,100 גרם,false,0,13.90,3.48,true,1,
7296073108269,false,עלי חסה ערבית שטופים,פרסקו,IL,עלי חסה ערבית,גרמים,250.00,100 גרם,false,0,10.90,4.36,true,1,
7296073108313,false,סלט קולסלאו שטוף 400גרם,פרסקו,IL,סלט קולסלאו שטוף,גרמים,400.00,100 גרם,false,0,8.90,2.23,true,1,
7296073108320,false,שבבי גזר שטופים 400גרם,,IL,שבבי גזר שטופים,גרמים,400.00,100 גרם,false,0,8.90,2.23,true,1,
7296073108344,false,לקט קלאסי שטוף350גרם,פרסקו,IL,לקט קלאסי שטוף,גרמים,350.00,100 גרם,false,0,11.90,3.40,true,1,
7296073108351,false,חסה אייסברג שטופה 300גרם,פרסקו,IL,חסה אייסברג שטוף,גרמים,300.00,100 גרם,false,0,10.90,3.63,true,1,
7296073108368,false,לקט הגינה שטוף 300גרם,,IL,לקט הגינה שטוף,גרמים,300.00,100 גרם,false,0,11.90,3.97,true,1,
7296073108375,false,כרוב לבן שטוף לאכילה400ג,פרסקו,IL,כרוב לבן שטוף,גרמים,400.00,100 גרם,false,0,8.50,2.13,true,1,
7296073108443,false,"קמח חיטה מלא 1 ק""ג",שופרסל,IL,קמח חיטה מלא,קילוגרמים,1.00,"ק""ג",false,0,7.50,7.50,true,1,
7296073112457,false,קוסקוס חיטה מלא.שופר350ג,אסיף תעשיות מזון,IL,קוסקוס,גרמים,350.00,100 גרם,false,0,6.20,1.77,true,1,
7296073112471,false,ספגטי מקמח חיטה מלא 500ג,שופרסל,IT,ספגטי מקמח מלא,גרמים,500.00,100 גרם,false,0,8.70,1.74,true,1,
7296073112617,false,6 ספוג.לניקוי מופלא שופר,"סדובסקי בע""\מ",IL,ספוגית ניקוי,יחידה,1.00,יחידה,false,0,9.90,9.90,true,1,
7296073116769,false,קוקוס טחון שופרסל 100גרם,מיה,IL,קוקוס טחון,גרמים,100.00,100 גרם,false,0,4.90,4.90,true,1,
7296073116783,false,שומשום שופרסל 100 גרם,מיה,IL,שומשום שופרסל,גרמים,100.00,100 גרם,false,0,4.20,4.20,true,1,
7296073116813,false,קמח תירס שופרסל 400 גרם,מיה תעשיות מזון,IL,קמח תירס,גרמים,400.00,100 גרם,false,0,5.90,1.48,true,1,
7296073116820,false,"קמח תפו""א שופרסל 500 גרם",מיה,IL,"קמח תפו""א",גרמים,500.00,100 גרם,false,0,6.90,1.38,true,1,
7296073116837,false,קוואקר שופרסל קופסא500ג,בריגן קי ג'י,DE,קוואקר שופרסל,גרמים,500.00,100 גרם,false,0,10.90,2.18,true,1,
7296073117872,false,חרוזי זיתים מושחר שופ560,קבוצת יבנה מוצרי מזון,IL,חרוזי זיתים,גרמים,540.00,100 גרם,false,0,8.80,1.63,true,1,
7296073118770,false,עלי בייבי שטופים 300גרם,פרסקו,IL,עלי בייבי שטופים,גרמים,300.00,100 גרם,false,0,14.90,4.97,true,1,
7296073122258,false,תערובת אגוזים 200גשופרסל,ששון,IL,תערובת אגוזים,גרמים,200.00,100 גרם,false,0,23.90,11.95,true,1,
7296073122296,false,פסטרמה מסורתית שופר300.ג,,IL,פסטרמה מסורתית,גרמים,300.00,100 גרם,false,0,22.90,7.63,true,1,
7296073122333,false,שקדי מרק רכיבים טבעי400ג,שופרסל,IL,שקדי מרק בשקית,גרמים,400.00,100 גרם,false,0,8.90,2.23,true,1,
7296073123729,false,"תמצית וניל שופרסל 50 מ""ל",מיה,IL,תמצית וניל,מיליליטרים,50.00,"100 מ""ל",false,0,4.50,9.00,true,1,
7296073124160,false,שום כתוש קפוא במגשית,שופרסל,IL,שום קפוא במגשית,גרמים,80.00,100 גרם,false,0,12.90,16.13,true,1,
7296073124177,false,שום כתוש קפוא בצנצנת,שופרסל,IL,שום כתוש,גרמים,200.00,100 גרם,false,0,16.90,8.45,true,1,
7296073124375,false,פירורי לחם מחיטה מלאה,שופרסל,IL,פירורי לחם,גרמים,200.00,100 גרם,false,0,7.50,3.75,true,1,
7296073124382,false,ספגטיני מספר 3 500 גרם,שופרסל,IT,ספגטיני מספר 3,גרמים,500.00,100 גרם,false,0,4.90,0.98,true,1,
7296073124399,false,ספגטי מס 5 500 גרם,שופרסל,IT,ספגטי מספר 5,גרמים,500.00,100 גרם,false,0,4.90,0.98,true,1,
7296073125303,false,מלפפונים בחומץ 7-9 560גר,קבוצת יבנה מוצרי מזון,IL,מלפפונים בחומץ,גרמים,560.00,100 גרם,false,0,7.50,1.34,true,1,
7296073125327,false,מלפפונים בינוני בחומץ560,קבוצת יבנה מוצרי מזון,IL,מלפפונים בחומץ,גרמים,560.00,100 גרם,false,0,7.80,1.39,true,1,
7296073125341,false,מלפפונים בחומץ18-25 540ג,קבוצת יבנה מוצרי מזון,IL,מלפפונים בחומץ,גרמים,540.00,100 גרם,false,0,12.30,2.28,true,1,
7296073125358,false,מלפפ.במלח7-9שופר560ג20%+,,IL,מלפפונים במלח,גרמים,650.00,100 גרם,false,0,7.50,1.15,true,1,
7296073129431,false,פתיתים קוסקוס שופרסל500ג,"אסיף תעשיות מזון בע""\מ",IL,פתיתים קוסקוס,גרמים,500.00,100 גרם,false,0,5.20,1.04,true,1,
7296073129448,false,פתיתים טבעות שופרסל500גר,"אסיף תעשיות מזון בע""\מ",IL,פתיתים טבעות,גרמים,500.00,100 גרם,false,0,5.20,1.04,true,1,
7296073129455,false,פתיתים אורז שופרסל 500גר,"אסיף תעשיות מזון בע""\מ",IL,פתיתים אורז,גרמים,500.00,100 גרם,false,0,5.20,1.04,true,1,
7296073129462,false,פתיתים לבבות שופרסל500גר,"אסיף תעשיות מזון בע""\מ",IL,פתיתים לבבות,גרמים,500.00,100 גרם,false,0,5.20,1.04,true,1,
7296073129479,false,פתיתים כוכבים 500 גרם,אסיף תעשיות מזון,IL,פתיתים כוכבים,גרמים,500.00,100 גרם,false,0,5.20,1.04,true,1,
7296073130499,false,"מיץ לימון שופרסל 200 מ""ל",סי פרווידר,IT,מיץ לימון שופרסל,מיליליטרים,200.00,"100 מ""ל",false,0,6.40,3.20,true,1,
7296073132400,false,"מיץ לימון שופרסל 500 מ""ל",סי פרווידר,IT,מיץ לימון,מיליליטרים,500.00,"100 מ""ל",false,0,7.90,1.58,true,1,
7296073132806,false,חרוזי זיתים שופרסל560גרם,קבוצת יבנה מוצרי מזון,IL,חרוזי זיתים,גרמים,560.00,100 גרם,false,0,9.80,1.75,true,1,
7296073132820,false,סלק בואקום 500 גרם,שופרסל,ES,סלק בואקום 500ג,גרמים,500.00,100 גרם,false,0,8.90,1.78,true,1,
7296073132936,false,עוגת מאפין שיש שופרסל400,גידרון,IL,עוגת מאפין,גרמים,400.00,100 גרם,false,0,11.90,2.98,true,1,
7296073132943,false,עוגת מאפין שוק.שופרסל400,גידרון,IL,עוגת מאפין,גרמים,400.00,100 גרם,false,0,11.90,2.98,true,1,
7296073132950,false,עוגת מאפין וניל שופר400ג,גידרון,IL,עוגת מאפין,גרמים,400.00,100 גרם,false,0,11.90,2.98,true,1,
7296073132974,false,צלחת לבן ELEGANT ענק 25,,IL,צלחות ענקיות,יחידה,1.00,יחידה,false,0,24.90,24.90,true,1,
7296073132998,false,צלחת קטנה לבנה ELEGANT 9,,IL,צלחות קטנות,יחידה,1.00,יחידה,false,0,12.90,12.90,true,1,
7296073133056,false,צלחת קרם ELEGAN ענק,,IL,צלחות קרם ענקיות,יחידה,1.00,יחידה,false,0,24.90,24.90,true,1,
7296073133063,false,צלחת קרם ELEGANT גדולה,,IL,צלחות גדולות,יחידה,1.00,יחידה,false,0,17.90,17.90,true,1,
7296073133070,false,צלחות קטנות קרם שופרסל 2,,IL,צלחות קטנות,יחידה,1.00,יחידה,false,0,12.90,12.90,true,1,
7296073133087,false,קעריות מרק קרם ELEGANT 2,שופרסל,IL,קעריות מרק,יחידה,1.00,יחידה,false,0,12.90,12.90,true,1,
7296073134442,false,קרקר חיטה שופרסל 300 גרם,שופרסל,CZ,קרקר חיטה,גרמים,300.00,100 גרם,false,0,14.50,4.83,true,1,
7296073134459,false,קרקר פריך שוודי 300 גרם,שופרסל,CZ,קרקר שוודי,גרמים,300.00,100 גרם,false,0,14.50,4.83,true,1,
7296073134534,false,קפה טורקי,שופרסל,IL,קפה טורקי,גרמים,100.00,100 גרם,false,0,5.90,5.90,true,1,
7296073134541,false,מארז קפה טורקי 3 * 100גר,שופרסל,IL,מארז קפה טורקי,גרמים,300.00,100 גרם,false,0,16.60,5.53,true,1,
7296073140184,false,עוגת מאפין תפוז שופר400ג,גידרון,IL,עוגת מאפין תפוז,גרמים,400.00,100 גרם,false,0,11.90,2.98,true,1,
7296073140801,false,חטיף חלבה וניל שופרסל100,"אחדות בע""מ א.ת. ברקן",IL,חטיף חלבה שופרסל,גרמים,100.00,100 גרם,false,0,3.20,3.20,true,1,
7296073140993,false,28 תחבושות נורמל+ שופרסל,קוראטקס,DE,תחבושות שופרסל,יחידה,1.00,יחידה,false,0,13.50,13.50,true,1,
7296073141143,false,שוקולד חלב שופרסל100 גרם,"שוקולד פריי בע""מ",CH,שוקולד חלב,גרמים,100.00,100 גרם,false,0,5.60,5.60,true,1,
7296073141150,false,שוקולד מריר שוויצרי100ג,"שוקולד פריי בע""מ",CH,שוקולד מריר,גרמים,100.00,100 גרם,false,0,5.60,5.60,true,1,
7296073143437,false,"ברנפלקס ללת""ס",בריגן קי ג'י,DE,"ברנפלקס ללת""ס",גרמים,500.00,100 גרם,false,0,20.90,4.18,true,1,
7296073143727,false,פתיתים אפויים 3 צבעים500,"אסיף תעשיות מזון בע""\מ",IL,פתיתים 3 צבעים,גרמים,500.00,100 גרם,false,0,6.70,1.34,true,1,
7296073146940,false,שוק.אוורירי חלב שופר100ג,"שוקולד פריי בע""מ",CH,שוקולד אוורירי,גרמים,100.00,100 גרם,false,0,6.20,6.20,true,1,
7296073146957,false,שוק.חלב שברי אגוז לוז100,שופרסל,CH,שוקולד חלב אגוז,גרמים,100.00,100 גרם,false,0,5.80,5.80,true,1,
7296073150442,false,תערובת לכדורי שוקולד500ג,"י.כהן בע""מ",IL,תערובת לכדורים,גרמים,500.00,100 גרם,false,0,16.00,3.20,true,1,
7296073151463,false,פריכיות דקות דל נתרן100ג,"פרח תעשיות מזון בע""\מ",IL,פריכיות דקות,גרמים,100.00,100 גרם,false,0,7.90,7.90,true,1,
7296073151548,false,מלח בישול גס שופרסל 1 קג,מלח הארץ אילת,IL,מלח בישול גס,קילוגרמים,1.00,"ק""ג",false,0,2.07,2.07,true,1,
7296073151555,false,מלח שולחן דק שופרסל 1 קג,מלח הארץ אילת,IL,מלח שולחן דק,קילוגרמים,1.00,"ק""ג",false,0,2.07,2.07,true,1,
7296073152453,false,קפה טורקי באריזת ואקום,שופרסל,IL,קפה טורקי בואקום,גרמים,200.00,100 גרם,false,0,16.10,8.05,true,1,
7296073153238,false,גזר ארוז שופרסל,,IL,גזר ארוז שופרסל,קילוגרמים,0.00,"ק""ג",true,0,5.90,5.90,true,1,
7296073153290,false,מזון לחתול מיקס שופרסל3ק,Tuffy's,GB,מזון לחתולים,קילוגרמים,3.00,"ק""ג",false,0,52.90,17.63,true,1,
7296073153337,false,מקרוני 500 גרם,שופרסל,IL,מקרוני,גרמים,500.00,100 גרם,false,0,4.90,0.98,true,1,
7296073153849,false,זוג רדידי אלומיניום 7.2X,שופרסל,IL,רדידי אלומיניום,מטרים,15.00,מטר,false,0,9.90,0.66,true,1,
7296073156246,false,עוגת בראוניס ש.צ'יפס400ג,גידרון,IL,עוגת בראוניס,גרמים,400.00,100 גרם,false,0,15.90,3.98,true,1,
7296073156611,false,שוקולד מריר 60% קקאו100ג,"שוקולד פריי בע""מ",CH,שוקולד מריר 60%,גרמים,100.00,100 גרם,false,0,7.40,7.40,true,1,
7296073160663,false,פסטה פוסיליני מהירה500גר,שופרסל,IT,פסטה פוסיליני,גרמים,500.00,100 גרם,false,0,7.10,1.42,true,1,
7296073160670,false,פסטה גנצ'טי מהיר.הכנה500,שופרסל,IT,פסטה גנצ'טי,גרמים,500.00,100 גרם,false,0,7.10,1.42,true,1,
7296073161479,false,פריכיות דקות תירס 100 גר,שופרסל,IL,פריכיות תירס,גרמים,100.00,100 גרם,false,0,7.90,7.90,true,1,
7296073161493,false,שוק.מריר60%שופרסל 100*2ג,"שוקולד פריי בע""מ",CH,שוקולד מריר זוג,גרמים,200.00,100 גרם,false,0,14.20,7.10,true,1,
7296073161509,false,שוק.חלב אגוזי לוז100*3גר,"שוקולד פריי בע""מ",CH,שוקולד אגוז 3 יח,גרמים,300.00,100 גרם,false,0,21.00,7.00,true,1,
7296073161516,false,שוק.מריר+אגוזים שלמ100*3,שופרסל,CH,שוקולד אגוז 3 יח,גרמים,300.00,100 גרם,false,0,21.00,7.00,true,1,
7296073162001,false,עוג.קרם אגוז לוז שופר150,,IT,עוגיות קרם אגוז,גרמים,150.00,100 גרם,false,0,8.90,5.93,true,1,
7296073163084,false,נקניקיות וינר 400 גרם,מעדני יחיעם,IL,נקניקיות וינר,גרמים,400.00,100 גרם,false,0,11.90,2.98,true,1,
7296073163107,false,"נקניקיות וינר 1.5 ק""ג",שופרסל,IL,נקניקיות וינר,קילוגרמים,1.50,"ק""ג",false,0,29.90,19.93,true,1,
7296073163114,false,נקניקיות מיני שופרסל600ג,,IL,נקניקיות מיני,גרמים,600.00,100 גרם,false,0,17.90,2.98,true,1,
7296073169543,false,מטליות רב שימושיות,שופרסל,IL,"מטליות רב""ש",יחידה,1.00,יחידה,false,0,18.90,18.90,true,1,
7296073169550,false,3 מטליות מיקרופייבר שופר,שופרסל,CN,מטליות מיקרופיבר,יחידה,1.00,יחידה,false,0,14.80,14.80,true,1,
7296073170839,false,שוקולד לבן שוויצרי 100גר,"שוקולד פריי בע""מ",CH,שוקולד לבן,גרמים,100.00,100 גרם,false,0,5.60,5.60,true,1,
7296073170860,false,צ'יפס קלאסי 1.5 קג,"תעשיות תפוגן בע""\מ",IL,צ'יפס קלאסי,קילוגרמים,1.50,"ק""ג",false,0,24.90,16.60,true,1,
7296073173045,false,דבש טבעי בק.לחיץ500גר,שופרסל,IL,דבש לחיץ שופרסל,גרמים,500.00,100 גרם,false,0,30.20,6.04,true,1,
7296073173199,false,אפונה ירוקה עדינה שופרסל,שופרסל,BE,אפונה עדינה,גרמים,600.00,100 גרם,false,0,13.90,2.32,true,1,
7296073173205,false,שעועית ירוקה עדינה שופרס,ARDO,BE,שעועית ירוקה,גרמים,600.00,100 גרם,false,0,14.90,2.48,true,1,
7296073173229,false,שעועית ירוקה חתוכה שופרס,ARDO,BE,שעועית ירוקה,גרמים,800.00,100 גרם,false,0,14.90,1.86,true,1,
7296073173304,false,"קמח לאפיית לחם 1 ק""ג",שופרסל,IL,קמח לאפיית לחם,קילוגרמים,1.00,"ק""ג",false,0,7.50,7.50,true,1,
7296073173311,false,"קמח תופח מועשר 1 ק""ג",שופרסל,IL,קמח תופח מועשר,קילוגרמים,1.00,"ק""ג",false,0,7.50,7.50,true,1,
7296073179863,false,דבש טבעי לחיץ 250 גרם,שופרסל,IL,דבש טבעי לחיץ,גרמים,250.00,100 גרם,false,0,16.90,6.76,true,1,
7296073180203,false,עלי רוקט שטופים 150גרם,פרסקו,IL,עלי רוקט150ג',גרמים,150.00,100 גרם,false,0,10.90,7.27,true,1,
7296073180210,false,עלי תרד בייבי שטופים400ג,פרסקו,IL,עלי תרד בייבי,גרמים,400.00,100 גרם,false,0,12.90,3.23,true,1,
7296073180548,false,אגוזי מלך קלוף טבעי 150ג,ששון,US,א.מלך טבעי קלוף,גרמים,150.00,100 גרם,false,0,13.90,9.27,true,1,
7296073180630,false,מטליות לחות לרצפה 10יח,טרופיקל דגיל,IL,מטליות לחות,יחידה,1.00,יחידה,false,0,10.90,10.90,true,1,
7296073180944,false,מטלית רצפה,,CN,מטלית רצפה,יחידה,1.00,יחידה,false,0,9.90,9.90,true,1,
7296073187363,false,פחם דרום אמריקאי,,PY,פחם דרום אמריקאי,קילוגרמים,2.00,"ק""ג",false,0,14.90,7.45,true,1,
7296073189671,false,גרעיני דלעת קלופים 150ג,ששון,CN,גרעין דלעת קלוף,גרמים,150.00,100 גרם,false,0,13.90,9.27,true,1,
7296073189688,false,ג.חמניה קלוף150ג שופרסל,ששון,IL,גרעין חמניה 150ג,גרמים,150.00,100 גרם,false,0,6.80,4.53,true,1,
7296073191261,false,תחתיות ארטישוק שופר390גר,Raal El Conservas,ES,תחתיות ארטישוק,גרמים,390.00,100 גרם,false,0,9.90,2.54,true,1,
7296073192633,false,שעועית לבנה שופרסל 800גר,פרי גליל,IL,שעועית לבנה,גרמים,800.00,100 גרם,false,0,16.90,2.11,true,1,
7296073192657,false,גרגרי חומוס שופרסל 800גר,,IL,גרגרי חומוס,גרמים,800.00,100 גרם,false,0,13.90,1.74,true,1,
7296073193791,false,ברוקולי שטוף 400גרם,פרסקו,IL,ברוקולי שטוף,גרמים,400.00,100 גרם,false,0,15.90,3.98,true,1,
7296073195252,false,פריכיות אורז מלא,"פרח תעשיות מזון בע""\מ",IL,פריכיות אורז מלא,גרמים,100.00,100 גרם,false,0,8.50,8.50,true,1,
7296073195894,false,אטריות דקיקות שופרסל400ג,שיבולים בני דרום,IL,אטריות דקיקות,גרמים,400.00,100 גרם,false,0,5.90,1.48,true,1,
7296073195900,false,אטריות דקות שופרסל 400ג,שיבולים בני דרום,IL,אטריות דקות,גרמים,400.00,100 גרם,false,0,5.90,1.48,true,1,
7296073197461,false,שוקולד חלב 3 יח,,CH,שוקולד חלב 3 יח,גרמים,300.00,100 גרם,false,0,14.90,4.97,true,1,
7296073197478,false,שוקולד מריר שוויצרי100*3,,CH,שוקולד מריר 3 יח,גרמים,300.00,100 גרם,false,0,14.90,4.97,true,1,
7296073199014,false,נודלס דק להקפצה 400 גרם,INDUSTRY ANLIDA LONGHAI FUJIAN,CN,נודלס דק להקפצה,גרמים,400.00,100 גרם,false,0,11.50,2.88,true,1,
7296073201410,false,נודלס רחב להקפצה 400ג,פרוצ'אמפ,CN,נודלס בינוני,גרמים,400.00,100 גרם,false,0,11.50,2.88,true,1,
7296073202479,false,שוקולד מריר 6 יח,,CH,שוקולד מריר 6 יח,גרמים,600.00,100 גרם,false,0,25.20,4.20,true,1,
7296073204640,false,בוטן אמריקאי200ג שופרסל,ששון,IL,בוטנים אמריקאים,גרמים,200.00,100 גרם,false,0,7.90,3.95,true,1,
7296073205081,false,מיונז,,IL,מיונז,גרמים,500.00,100 גרם,false,0,8.90,1.78,true,1,
7296073205111,false,"ניוקי תפו""א",,IT,"ניוקי תפו""א",גרמים,500.00,100 גרם,false,0,10.00,2.00,true,1,
7296073205456,false,פנה מלא אורגני,,IT,פנה מלא אורגני,גרמים,500.00,100 גרם,false,0,10.90,2.18,true,1,
7296073205616,false,תמר מג'הול אורגני גרין1ק,אלסקה,IL,תמר מג'הול גרין,קילוגרמים,1.00,"ק""ג",false,0,22.90,22.90,true,1,
7296073205708,false,רוט.פסט.בזיליקום אורג350,אלת'אה אס.פי.איי,IT,רוטב פסטה,גרמים,350.00,100 גרם,false,0,10.00,2.86,true,1,
7296073206095,false,סירופ אגבה,,MX,סירופ אגבה,גרמים,330.00,100 גרם,false,0,17.90,5.42,true,1,
7296073206682,false,טונה בשמן קנולה 160*4ג,"תעשיות פילטונה בע""מ",IL,טונה בשמן 4 יח,גרמים,640.00,100 גרם,false,0,22.90,3.58,true,1,
7296073207078,false,בוטן קלוף קלוי וממולח300,ששון,IL,בוטן קלוף קלוי,גרמים,300.00,100 גרם,false,0,11.90,3.96,true,1,
7296073209225,false,"3ספוגיות קירצוף 9*72 ס""מ",פלסטו פוליש,IL,ספוגיות קירצוף,יחידה,1.00,יחידה,false,0,9.10,9.10,true,1,
7296073209249,false,ספגיות קירצוף 6 יחידות,פלסטו פוליש,IL,ספוגיות קירצוף,יחידה,1.00,יחידה,false,0,5.70,5.70,true,1,
7296073209829,false,פטריות חתוכות דל נתרן400,פרוצ'אמפ,NL,פטריות חתוכות,גרמים,400.00,100 גרם,false,0,7.50,1.88,true,1,
7296073211624,false,פילה אמנון קפוא,,CN,פילה אמנון קפוא,קילוגרמים,0.00,"ק""ג",true,0,32.90,32.90,true,1,
7296073211969,false,וופל בלגי שוקולד 200 גרם,"גילרו בע""\מ",IL,וופל בלגי שוקולד,גרמים,200.00,100 גרם,false,0,4.60,2.30,true,1,
7296073214137,false,פלחי אפרסק,,CN,פלחי אפרסק,גרמים,820.00,100 גרם,false,0,9.90,1.21,true,1,
7296073215820,false,כורכום טחון,,IL,כורכום טחון,גרמים,100.00,100 גרם,false,0,7.90,7.90,true,1,
7296073215844,false,כורכום טחון,,IL,כורכום טחון,גרמים,40.00,100 גרם,false,0,6.90,17.25,true,1,
7296073215851,false,כורכום במיכל,,IL,כורכום במיכל,גרמים,100.00,100 גרם,false,0,11.30,11.30,true,1,
7296073215882,false,כמון טחון,,IL,כמון טחון,גרמים,40.00,100 גרם,false,0,8.30,20.75,true,1,
7296073215899,false,כמון טחון,,IL,כמון טחון,גרמים,100.00,100 גרם,false,0,11.90,11.90,true,1,
7296073215912,false,קנמון טחון,,IL,קנמון טחון,גרמים,100.00,100 גרם,false,0,7.90,7.90,true,1,
7296073215943,false,אורגנו בשקית,,IL,אורגנו בשקית,גרמים,20.00,100 גרם,false,0,6.30,31.50,true,1,
7296073215967,false,שוםגבישי,,IL,שוםגבישי,גרמים,100.00,100 גרם,false,0,11.00,11.00,true,1,
7296073216001,false,תערובת תיבול עוף,,IL,תערובת תיבול עוף,גרמים,100.00,100 גרם,false,0,8.30,8.30,true,1,
7296073216018,false,תערובת תיבול,,IL,תערובת תיבול,גרמים,100.00,100 גרם,false,0,8.00,8.00,true,1,
7296073216025,false,תערובת תיבול,,IL,תערובת תיבול,גרמים,100.00,100 גרם,false,0,11.30,11.30,true,1,
7296073216032,false,תערובת גריל עוף,,IL,תערובת גריל עוף,גרמים,150.00,100 גרם,false,0,12.90,8.60,true,1,
7296073216063,false,חוואג' למרק,,IL,חוואג' למרק,גרמים,100.00,100 גרם,false,0,9.50,9.50,true,1,
7296073216070,false,פטרוזיליה תבלין,,IL,פטרוזיליה תבלין,גרמים,20.00,100 גרם,false,0,7.90,39.50,true,1,
7296073216094,false,בהרט,,IL,בהרט,גרמים,100.00,100 גרם,false,0,8.10,8.10,true,1,
7296073216100,false,צ'ילי כתוש,,IL,צ'ילי כתוש,גרמים,25.00,100 גרם,false,0,6.90,27.60,true,1,
7296073216124,false,בזיליקום תבלין,,IL,בזיליקום תבלין,גרמים,30.00,100 גרם,false,0,5.90,19.67,true,1,
7296073216131,false,טימין,,IL,טימין,גרמים,20.00,100 גרם,false,0,7.30,36.50,true,1,
7296073216155,false,פלפל שחור,,IL,פלפל שחור,גרמים,40.00,100 גרם,false,0,11.20,28.00,true,1,
7296073216162,false,פלפל שחור,,IL,פלפל שחור,גרמים,100.00,100 גרם,false,0,13.90,13.90,true,1,
7296073216193,false,פלפל שחור,,IL,פלפל שחור,גרמים,90.00,100 גרם,false,0,14.90,16.56,true,1,
7296073216209,false,פלפל שחור,,IL,פלפל שחור,גרמים,35.00,100 גרם,false,0,10.90,31.14,true,1,
7296073216223,false,פפריקה מתוקה,,IL,פפריקה מתוקה,גרמים,80.00,100 גרם,false,0,5.90,7.38,true,1,
7296073216230,false,פפריקה מתוקה,,IL,פפריקה מתוקה,גרמים,40.00,100 גרם,false,0,8.40,21.00,true,1,
7296073216247,false,פפריקה מתוקה,,IL,פפריקה מתוקה,גרמים,100.00,100 גרם,false,0,10.90,10.90,true,1,
7296073216278,false,פפריקה מרוקאית,,IL,פפריקה מרוקאית,גרמים,90.00,100 גרם,false,0,9.90,11.00,true,1,
7296073216292,false,פפריקה חריפה,,IL,פפריקה חריפה,גרמים,80.00,100 גרם,false,0,5.90,7.38,true,1,
7296073216308,false,פפריקה חריפה,,IL,פפריקה חריפה,גרמים,100.00,100 גרם,false,0,10.90,10.90,true,1,
7296073216315,false,מלח לימון,,IL,מלח לימון,גרמים,100.00,100 גרם,false,0,7.60,7.60,true,1,
7296073218159,false,תיבול לקציצות,,IL,תיבול לקציצות,גרמים,100.00,100 גרם,false,0,6.90,6.90,true,1,
7296073218234,false,סוכר קנים חום,,IL,סוכר קנים חום,קילוגרמים,1.00,"ק""ג",false,0,10.00,10.00,true,1,
7296073218661,false,מטליות לרצפה 3יח,,CN,מטליות לרצפה 3יח,יחידה,1.00,יחידה,false,0,16.90,16.90,true,1,
7296073218807,false,בישקוטים,,IT,בישקוטים,גרמים,200.00,100 גרם,false,0,8.20,4.10,true,1,
7296073219118,false,אבקת כביסה,,IL,אבקת כביסה,קילוגרמים,2.50,"ק""ג",false,0,24.90,9.96,true,1,
7296073219255,false,קפה נמס,,IL,קפה נמס,גרמים,200.00,100 גרם,false,0,14.90,7.45,true,1,
7296073219262,false,קפה טורקי עם הל,,IL,קפה טורקי עם הל,גרמים,100.00,100 גרם,false,0,6.70,6.70,true,1,
7296073219347,false,לחם אחיד פרוס750ג שופרסל,מאפית ברמן,IL,לחם אחיד פרוס,גרמים,750.00,100 גרם,false,0,7.10,0.95,true,1,
7296073219606,false,כדורי דגנים,,LT,כדורי דגנים,גרמים,500.00,100 גרם,false,0,12.90,2.58,true,1,
7296073219880,false,פודינג שוקולד,,IL,פודינג שוקולד,גרמים,95.00,100 גרם,false,0,5.20,5.47,true,1,
7296073219897,false,פודינג וניל,,IL,פודינג וניל,גרמים,80.00,100 גרם,false,0,5.20,6.50,true,1,
7296073219903,false,ג'לי פטל,,IL,ג'לי פטל,גרמים,85.00,100 גרם,false,0,5.80,6.82,true,1,
7296073219927,false,ג'לי תות,,IL,ג'לי תות,גרמים,85.00,100 גרם,false,0,5.80,6.82,true,1,
7296073220008,false,ממתיק סוכרלוז 100 שקיות,"ביסקול בע""מ",IL,ממתיק סוכרלוז,גרמים,100.00,100 גרם,false,0,19.90,19.90,true,1,
7296073220022,false,אבקת קקאו,,IL,אבקת קקאו,גרמים,150.00,100 גרם,false,0,8.50,5.67,true,1,
7296073220121,false,חטיפי קרח,,IL,חטיפי קרח,ליטרים,0.07,ליטר,false,0,14.40,205.71,true,1,
7296073220275,false,ופלים בטעם שוקולד 500 גר,"מנעמים תעשיות מזון בע""\מ",IL,ופל טעם שוקולד,גרמים,500.00,100 גרם,false,0,11.90,2.38,true,1,
7296073220282,false,ופלים לימון שופרסל500גר,"מנעמים תעשיות מזון בע""\מ",IL,ופל טעם לימון,גרמים,500.00,100 גרם,false,0,11.90,2.38,true,1,
7296073220398,false,חטיפי קרח,,IL,חטיפי קרח,מיליליטרים,800.00,"100 מ""ל",false,0,9.90,1.24,true,1,
7296073220442,false,דובדבן קפוא שופרסל 300גר,d.o.o Lukowa,RS,דובדבן,גרמים,300.00,100 גרם,false,0,16.90,5.63,true,1,
7296073221319,false,"כף קרם 100 יח,' 2 גרם",,IL,כפות חד פעמיות,יחידה,1.00,יחידה,false,0,14.90,14.90,true,1,
7296073221326,false,"כפית קרם 100 יח,' 1.4גרם",,TR,"מארז כפיות ח""פ",יחידה,1.00,יחידה,false,0,14.90,14.90,true,1,
7296073221333,false,"מזלג קרם 100 יח,' 2 גרם",,IL,"מזלגות קרם ח""פ",יחידה,1.00,יחידה,false,0,14.90,14.90,true,1,
7296073221340,false,"סכין קרם 100 יח,' 2 גרם",,IL,סכינים עבים קרם,יחידה,1.00,יחידה,false,0,14.90,14.90,true,1,
7296073221630,false,שמן קנולה שופרסל 1 ליטר,בוקרלמן,DE,שמן קנולה,ליטרים,1.00,ליטר,false,0,10.90,10.90,true,1,
7296073221791,false,ופלים בטעם אגוזים 400 גר,"מנעמים תעשיות מזון בע""\מ",IL,ופל אגוזים,גרמים,400.00,100 גרם,false,0,11.90,2.98,true,1,
7296073222231,false,פסטרמה בדבש דק דק 140 גר,,IL,פסטרמה בדבש,גרמים,140.00,100 גרם,false,0,11.90,8.50,true,1,
7296073222255,false,סלמי מעושן שופרסל 400 גר,מעדני יחיעם,IL,סלמי מעושן,גרמים,400.00,100 גרם,false,0,19.90,4.98,true,1,
7296073222279,false,נקניקיות וינר שופרסל 1קג,מעדני יחיעם,IL,נקניקיות וינר,קילוגרמים,1.00,"ק""ג",false,0,24.90,24.90,true,1,
7296073222309,false,ג'חנון קפוא שופרסל 650 ג,אופרה,IL,ג'חנון קפוא שופר,גרמים,650.00,100 גרם,false,0,15.90,2.45,true,1,
7296073222316,false,ג'חנון אפוי שופרסל 650ג,אופרה,IL,ג'חנון אפוי שופר,גרמים,650.00,100 גרם,false,0,18.90,2.91,true,1,
7296073222323,false,מלווח קפוא שופרסל700ג,אופרה,IL,מלווח קפוא שופרס,גרמים,700.00,100 גרם,false,0,14.90,2.13,true,1,
7296073223009,false,שמן זית,,IT,שמן זית,מיליליטרים,750.00,"100 מ""ל",false,0,29.90,3.99,true,1,
7296073223993,false,מזון חתולים,,FR,מזון חתולים,גרמים,400.00,100 גרם,false,0,8.00,2.00,true,1,
7296073224006,false,מזון חתולים,,FR,מזון חתולים,גרמים,400.00,100 גרם,false,0,8.00,2.00,true,1,
7296073224013,false,מזון חתולים,,FR,מזון חתולים,גרמים,400.00,100 גרם,false,0,8.00,2.00,true,1,
7296073224020,false,מזון חתולים,,FR,מזון חתולים,גרמים,400.00,100 גרם,false,0,8.00,2.00,true,1,
7296073224037,false,מזון כלבים,,FR,מזון כלבים,גרמים,400.00,100 גרם,false,0,7.90,1.98,true,1,
7296073224204,false,שמן זית,,IT,שמן זית,ליטרים,1.00,ליטר,false,0,44.90,44.90,true,1,
7296073224563,false,סלט טחינה שופרסל 400 גרם,סלטי שמיר,IL,סלט טחינה,גרמים,400.00,100 גרם,false,0,11.90,2.98,true,1,
7296073224570,false,חומוס אסלי שופרסל 400גרם,סלטי שמיר,IL,חומוס אסלי,גרמים,400.00,100 גרם,false,0,10.90,2.73,true,1,
7296073224594,false,סלט חציל במיונז שופר400ג,סלטי שמיר,IL,סלט חצילים מיונז,גרמים,400.00,100 גרם,false,0,11.90,2.98,true,1,
7296073224600,false,"חומוס שופרסל 1 ק""ג",סלטי שמיר,IL,סלט חומוס,קילוגרמים,1.00,"ק""ג",false,0,13.90,13.90,true,1,
7296073224815,false,מרכך מרוכז כחול,,IL,מרכך מרוכז כחול,ליטרים,1.00,ליטר,false,0,11.90,11.90,true,1,
7296073224839,false,מרכך מרוכז לבן,,IL,מרכך מרוכז לבן,ליטרים,1.00,ליטר,false,0,11.90,11.90,true,1,
7296073224846,false,מרכך מרוכז סגול,,IL,מרכך מרוכז סגול,ליטרים,1.00,ליטר,false,0,11.90,11.90,true,1,
7296073224891,false,אפונה ירוקה קפואה שופרסל,,BE,אפונה ירוקה,גרמים,800.00,100 גרם,false,0,14.90,1.86,true,1,
7296073225010,false,ריבועי דגנים+קינמון500גר,פודס,LT,ריבועי דגנים,גרמים,500.00,100 גרם,false,0,12.90,2.58,true,1,
7296073225072,false,לחמניות שופרסל 75*6 גרם,מאפיית שלמה א. אנג'\ל בע,IL,לחמניות 6 יחידות,גרמים,450.00,100 גרם,false,0,12.90,2.87,true,1,
7296073225256,false,גרעין חמנייה קליית עפולה,ששון,IL,גרעין חמנייה,גרמים,200.00,100 גרם,false,0,7.80,3.90,true,1,
7296073225492,false,רוטב עגבני.מרוכז22% 260ג,פריניר,IL,רוטב עגבניות,גרמים,260.00,100 גרם,false,0,3.60,1.38,true,1,
7296073225508,false,כוס שתיה חמה גדולה 300מל,,CN,כוסות קפה גדולות,יחידה,1.00,יחידה,false,0,18.90,18.90,true,1,
7296073225515,false,"מכסים לכוסות קפה ח""פ 50",,CN,מכסים לכוסות קפה,יחידה,1.00,יחידה,false,0,9.90,9.90,true,1,
7296073225560,false,"וופל ט.שוקולד ללת""ס 200ג","מנעמים תעשיות מזון בע""\מ",IL,"ופל שוקולד ללת""ס",גרמים,200.00,100 גרם,false,0,6.50,3.25,true,1,
7296073225751,false,חציל בטחינה 400 גרם,סלטי שמיר,IL,סלט חציל בטחינה,גרמים,400.00,100 גרם,false,0,11.90,2.98,true,1,
7296073225768,false,סלט מטבוחה שופרסל 400גרם,סלטי שמיר,IL,סלט מטבוחה,גרמים,400.00,100 גרם,false,0,11.90,2.98,true,1,
7296073225775,false,רצועות סלק שופרסל 400גרם,סלטי שמיר,IL,סלט סלק שופרסל,גרמים,400.00,100 גרם,false,0,11.90,2.98,true,1,
7296073226529,false,וופל קוביות שוקולד 250גר,בלקוני,IT,וופל קוביות,גרמים,250.00,100 גרם,false,0,11.90,4.76,true,1,
7296073229650,false,סירופ טעם שוקולד,,IL,סירופ טעם שוקולד,גרמים,600.00,100 גרם,false,0,12.90,2.15,true,1,
7296073229667,false,סירופ טעם מייפל,,IL,סירופ טעם מייפל,גרמים,600.00,100 גרם,false,0,12.90,2.15,true,1,
7296073229674,false,פסטה לינגוויני 500 גרם,,IT,פסטה לינגוויני,גרמים,500.00,100 גרם,false,1,4.90,0.98,true,1,
7296073230021,false,מנקה רצפות כחול 2 ליטר,קליר כימיקלים,IL,מנקה רצפות כחול,ליטרים,2.00,ליטר,false,0,15.90,7.95,true,1,
7296073230038,false,מנקה רצפות ורוד 2 ליטר,קליר כימיקלים,IL,מנקה רצפות,ליטרים,2.00,ליטר,false,0,15.90,7.95,true,1,
7296073230045,false,מנקה רצפות סגול 2 ליטר,קליר כימיקלים,IL,מנקה רצפות,ליטרים,2.00,ליטר,false,0,15.90,7.95,true,1,
7296073230106,false,"סלט תפו""א שופרסל 400 גרם",שופרסל,IL,"סלט תפו""א",גרמים,400.00,100 גרם,false,0,11.90,2.98,true,1,
7296073230113,false,לפתן פירות בסירופ קל225ג,,CN,לפתן פירות,גרמים,225.00,100 גרם,false,0,5.60,2.49,true,1,
7296073230410,false,כוס שתיה חמה,,CN,כוס שתיה חמה,יחידה,1.00,יחידה,false,0,14.90,14.90,true,1,
7296073230427,false,כפות שקופות,,IL,כפות שקופות,יחידה,1.00,יחידה,false,0,14.90,14.90,true,1,
7296073230632,false,דגני טבעות דבש 500 גרם,UAB FOODS CERERA,LT,טבעות דבש,גרמים,500.00,100 גרם,false,0,12.90,2.58,true,1,
7296073230656,false,מגבות נייר 6 גלילים,"שניב תעשיות נייר בע""\מ",IL,מגבות נייר,מטרים,63.00,מטר,false,0,10.90,0.17,true,1,
7296073230663,false,מגבות נייר8גל,"שניב תעשיות נייר בע""\מ",IL,מגבות נייר,מטרים,8.00,מטר,false,0,14.90,1.86,true,1,
7296073230885,false,גלילי ופל במלוי אגוז100ג,"מנעמים תעשיות מזון בע""\מ",IL,גלילי וופל,גרמים,100.00,100 גרם,false,1,5.90,5.90,true,1,
7296073230892,false,כוסות שתייה,,CN,כוסות שתייה,יחידה,1.00,יחידה,false,0,21.90,21.90,true,1,
7296073231240,false,חט.פריכיות שוקו חלב18*5ג,בנליין פודס,RS,חטיף פריכיות,גרמים,90.00,100 גרם,false,1,10.90,12.11,true,1,
7296073231264,false,חט.פריכיות שוקו תות18*5,בנליין פודס,RS,חטיף פריכיות,גרמים,90.00,100 גרם,false,1,10.90,12.11,true,1,
7296073231554,false,חלב 3% בקרטון שופרסל 1ל,מחלבות רמת הגולן,IL,חלב 3% קרטון 1ל',ליטרים,1.00,ליטר,false,1,6.10,6.10,true,1,
7296073231561,false,"שמנת להקצפה 38% 250מ""ל",מחלבות רמת הגולן,IL,שמנת להקצפה 38%,מיליליטרים,250.00,"100 מ""ל",false,1,6.30,2.52,true,1,
7296073231691,false,חט.פריכיות שוקו תפוז18*5,בנליין פודס,RS,חטיף פריכיות,גרמים,90.00,100 גרם,false,1,10.90,12.11,true,1,
7296073231769,false,חול לחתולים נטול ריח10ק,,TR,חול לחתלים,קילוגרמים,10.00,"ק""ג",false,1,54.90,5.49,true,1,
7296073232377,false,חלב1% נטול לקטוז גרין1ל,מחלבת רמת-הגולן,IL,חלב נטול לקטוז,ליטרים,1.00,ליטר,false,1,8.90,8.90,true,1,
7296073236603,false,"שמנת לבישול 15% 250 מ""ל",מחלבת רמת-הגולן,IL,שמנת לבישול 15%,מיליליטרים,250.00,"100 מ""ל",false,1,7.40,2.96,true,1,
7296073236887,false,סלט גזר מרוקאי 400 גרם,סלטי שמיר,IL,סלט גזר מרוקאי,גרמים,400.00,100 גרם,false,1,11.90,2.98,true,1,
7296073236931,false,קליונז מופחת שומן,מיטב,IL,קליונז,גרמים,500.00,100 גרם,false,1,9.90,1.98,true,1,
7296073237204,false,סכיני גילוח רב''פ גבר4יח,,US,"סכין גילוח ר""פ",יחידה,1.00,יחידה,false,1,29.90,29.90,true,1,
7296073237525,false,לפתן פירות מעורבים820 גר,CANNED QIWWEI LINYI,CN,לפתן פירות,גרמים,820.00,100 גרם,false,1,9.90,1.21,true,1,
7296073237631,false,שוקולד מריר פרימיום 81%,פריי )שוקולד(,CH,שוקולד מריר 81%,גרמים,100.00,100 גרם,false,1,10.90,10.90,true,1,
7296073237655,false,שוק.מריר 72% קקאו 100 גר,"שוקולד פריי בע""מ",CH,שוקולד מריר 72%,גרמים,100.00,100 גרם,false,1,10.90,10.90,true,1,
7296073237662,false,שוק72%. מריר תפוז 100גרם,פריי )שוקולד(,CH,שוקולד מריר תפוז,גרמים,100.00,100 גרם,false,1,10.90,10.90,true,1,
7296073237686,false,שוקולד חלב+אגוזי לוז100ג,פריי )שוקולד(,CH,שוקולד אגוזי לוז,גרמים,100.00,100 גרם,false,1,10.90,10.90,true,1,
7296073238515,false,ספוג לטקס משולש 4 יח,TECHONGGIES TAIKONE,CN,ספוג לטקס משולש,יחידה,1.00,יחידה,false,1,14.90,14.90,true,1,
7296073239093,false,מספריים מבריק לעור יח,TECHONGGIES TAIKONE,CN,מספריים מבריק,יחידה,1.00,יחידה,false,1,29.90,29.90,true,1,
7296073239239,false,כוסות קפה מנייר 50יח,,CN,כוסות שתיה חמה,יחידה,1.00,יחידה,false,1,17.90,17.90,true,1,
7296073239666,false,ספוג קונג'ק לניקוי פנים,TECHONGGIES TAIKONE,CN,ספוג קונג'ק,יחידה,1.00,יחידה,false,1,29.90,29.90,true,1,
7296073239956,false,כוס שתיה חמה אספרסו120מל,,CN,כוסות שתיה חמה,יחידה,1.00,יחידה,false,1,9.90,9.90,true,1,
7296073240853,false,"וופלים בטעם שוקולד 1 ק""ג","מנעמים תעשיות מזון בע""\מ",IL,ופלים שוקולד,קילוגרמים,1.00,"ק""ג",false,1,18.90,18.90,true,1,
7296073241324,false,פרוסות אננס בסירופ קל850,CANNING FRUIT KUIBURI,TH,פרוסות אננס,גרמים,850.00,100 גרם,false,1,9.90,1.16,true,1,
7296073243076,false,"12כ.שתיה חמה 240מ""ל+מכסה",,CN,כוסות קפה + מכסה,יחידה,1.00,יחידה,false,1,11.90,11.90,true,1,
7296073243359,false,ביצים M שופרסל 12 יחידות,גליקסמן,IL,ביצים 12יחידות M,יחידה,1.00,יחידה,false,1,11.15,11.15,true,1,
7296073243366,false,ביצים L שופרסל 12 יחידות,גליקסמן,IL,ביצים 12 יחידותL,יחידה,1.00,יחידה,false,1,12.05,12.05,true,1,
7296073243731,false,ריבת חלב 400 גרם,מיה,IL,ריבת חלב,גרמים,400.00,100 גרם,false,1,13.90,3.48,true,1,
7296073243854,false,כוסות שתייה מעוטר זהב,,IL,כוסות שתייה,יחידה,1.00,יחידה,false,1,18.90,18.90,true,1,
7296073244769,false,"סוכר חום דמררה צנצ. 1ק""ג","סוגת תעשיות בע""מ",IL,סוכר חום דמררה,קילוגרמים,1.00,"ק""ג",false,1,11.50,11.50,true,1,
7296073244899,false,טחינה מתובלת 500 גרם,,IL,טחינה מתובלת,גרמים,500.00,100 גרם,false,1,13.90,2.78,true,1,
7296073244905,false,טחינה משומשום מלא 500גרם,,IL,טחינה שומשום מלא,גרמים,500.00,100 גרם,false,1,13.90,2.78,true,1,
7296073246053,false,כרובית קפואה 800 גרם,פרי גליל,IL,כרובית קפואה,גרמים,800.00,100 גרם,false,1,14.90,1.86,true,1,
7296073246060,false,פולי סויה בקליפה 450 גרם,HEBEI,CN,פולי סויה,גרמים,450.00,100 גרם,false,1,12.90,2.87,true,1,
7296073246367,false,תות שדה קפוא 300 גרם,,RS,תות שדה קפוא,גרמים,300.00,100 גרם,false,12,16.90,5.63,true,1,
7296073246640,false,חתיכות אננס בסירופ קל227,CANNING FRUIT KUIBURI,TH,חתיכות אננס,גרמים,227.00,100 גרם,false,1,3.90,1.72,true,1,
7296073247517,false,רביולי בטטה 300 גרם,פסטה נונה,IL,רביולי בטטה,גרמים,300.00,100 גרם,false,1,13.90,4.63,true,1,
7296073254164,false,"דג.בוקר נוגט לל""ג 375 גר",נייס פוד,IT,דגני בוקר נוגט,גרמים,375.00,100 גרם,false,1,16.90,4.51,true,1,
7296073254256,false,ערמונים אורגניים גרין100,CO FOODS LIYUAN HEBEI,CN,ערמונים אורגניים,גרמים,100.00,100 גרם,false,1,8.90,8.90,true,1,
7296073261384,false,"אל סבון  מעורב 500*3 מ""ל",טאהא קימיה,TR,אל סבון נוזלי3יח,ליטרים,1.50,ליטר,false,1,12.90,8.60,true,1,
7296073261551,false,קוקטייל פירות טרופיים850,קיובורי,TH,קוקטייל פירות,גרמים,850.00,100 גרם,false,1,10.90,1.28,true,1,
7296073262947,false,פסטה קזרצ'ה 400 גרם,שופרסל,IT,פסטה קזרצ'ה,גרמים,400.00,100 גרם,false,1,7.90,1.98,true,1,
7296073262954,false,פסטה מאפלדה 400 גרם,שופרסל,IT,פסטה מאפלדה,גרמים,400.00,100 גרם,false,1,7.90,1.98,true,1,
7296073262961,false,גרנולה דואט שוקו אגוז400,בריגן קי ג'י,DE,גרנולה פרימיום,גרמים,400.00,100 גרם,false,1,19.90,4.98,true,1,
7296073262978,false,גרנולה טריפל אגוזים 400ג,בריגן קי ג'י,DE,גרנולה פרימיום,גרמים,400.00,100 גרם,false,1,19.90,4.98,true,1,
7296073263500,false,קוסקוס עם ירקות 650גרם,סי.אי.פי מבוא חורון,IL,קוסקוס עם ירקות,גרמים,650.00,100 גרם,false,1,23.90,3.67,true,1,
7296073265184,false,שקית אשפה ריחנית גדולה,גליל כימיקלים,IL,שקיות אשפה,יחידה,1.00,יחידה,false,1,19.90,19.90,true,1,
7296073265351,false,ספגטי ללא גלוטן 400 גרם,SPA MENNUCCI PASTIFICI,IT,ספגטי ללא גלוטן,גרמים,400.00,100 גרם,false,1,11.90,2.98,true,1,
7296073266112,false,מפות שולחן עבות מניילון,,IL,מפות שולחן 8 יח,יחידה,1.00,יחידה,false,1,9.90,9.90,true,1,
7296073266266,false,קוקטייל פירות 113*4 גרם,FOODS HUIXANG JIANGSU,CN,קוקטייל פירות,גרמים,452.00,100 גרם,false,1,10.90,2.41,true,1,
7296073266273,false,לפתן אננס 4 * 113 גרם,FOODS HUIXANG JIANGSU,CN,לפתן אננס,גרמים,452.00,100 גרם,false,1,10.90,2.41,true,1,
7296073266303,false,"רסק תפוחים ללת""ס 113*4 ג",FOODS HUIXANG JIANGSU,CN,רסק תפוחי עץ,גרמים,452.00,100 גרם,false,1,10.90,2.41,true,1,
7296073266976,false,חטיף בוטנים ללא גלוטן80ג,סנקי,IL,חטיף בוטנים,גרמים,80.00,100 גרם,false,1,4.80,6.00,true,1,
7296073266990,false,מחית תפוחי עץ שופרסל190ג,שופרסל,CZ,מחית תפוחי עץ,גרמים,190.00,100 גרם,false,1,4.90,2.58,true,1,
7296073267188,false,צמר גפן רפואי 100 גרם,SANAVI A.P,TR,צמר גפן רפואי,גרמים,100.00,100 גרם,false,1,6.90,6.90,true,1,
7296073267355,false,ממתיק סטיביה 100 שקיות,"ביסקול בע""מ",IL,ממתיק סטיביה,גרמים,100.00,100 גרם,false,1,28.90,28.90,true,1,
7296073268925,false,נייר טואלט דו שכבתי16גל,שניב תעשיות נייר,IL,נייר טואלט,מטרים,573.00,100 מטר,false,1,34.90,6.09,true,1,
7296073270157,false,לקט הכפר 400גרם,"פרסקו חצבה 2006 בע""\מ",IL,לקט הכפר,גרמים,400.00,100 גרם,false,1,11.90,2.98,true,1,
7296073270287,false,תבנית אלומיניום אינגליש,,IL,תבניות אינגליש,יחידה,1.00,יחידה,false,1,14.90,14.90,true,1,
7296073270294,false,תבנית אלומיניום מוארכת 9,,IL,תבניות מלבניות,יחידה,1.00,יחידה,false,1,14.90,14.90,true,1,
7296073270300,false,תבנית אלומיניום קטנה 15י,,IL,תבניות אלומיניום,יחידה,1.00,יחידה,false,1,14.90,14.90,true,1,
7296073270317,false,תבנית אלומיניום עגולה 7,,IL,תבניות עגולות,יחידה,1.00,יחידה,false,1,14.90,14.90,true,1,
7296073270324,false,תבנית אלומיניום גדולה 7י,,IL,תבניות אלומיניום,יחידה,1.00,יחידה,false,1,14.90,14.90,true,1,
7296073270331,false,תבנית אלומיניום ענקית 5י,,IL,תבניות ענקיות,יחידה,1.00,יחידה,false,1,14.90,14.90,true,1,
7296073270348,false,תבנית אלומיניום קטנה 10י,,IL,תבניות קטנות,יחידה,1.00,יחידה,false,1,14.90,14.90,true,1,
7296073270973,false,לחם אחיד פרוס שופרסל 750,דגנית עין בר,IL,לחם אחיד פרוס,גרמים,750.00,100 גרם,false,1,7.10,0.95,true,1,
7296073270980,false,"ופל בטעם לימון ללת""ס200ג",מנעמים,IL,"ופל לימון ללת""ס",גרמים,200.00,100 גרם,false,1,6.50,3.25,true,1,
7296073271550,false,ממרח עגבניות מיובשות190ג,SPA POLLI F.LLI,IT,ממרח עגבניות,גרמים,190.00,100 גרם,false,1,12.90,6.79,true,1,
7296073273196,false,קציצות ברוטב עגבניות620ג,סי.אי.פי מבוא חורון,IL,קציצות ברוטב,גרמים,620.00,100 גרם,false,1,37.90,6.11,true,1,
7296073273226,false,גפילטע פיש 400 גרם,"דג עים בע""מ",IL,גפילטע פיש מצונן,גרמים,400.00,100 גרם,false,1,32.90,8.23,true,1,
7296073275114,false,גבינה גאודה פרוס שופר150,ROUVEEN,NL,גבינה גאודה,גרמים,150.00,100 גרם,false,1,18.90,12.60,true,1,
7296073275138,false,גבינת עיזים פרוס שופר150,,US,גבינת עיזים,גרמים,150.00,100 גרם,false,1,21.90,14.60,true,1,
7296073277248,false,מגבונים ללא בישום 64*5יח,דינמיק,IL,מגבונים לחים 5יח,יחידה,1.00,יחידה,false,1,22.90,22.90,true,1,
7296073277255,false,מארז מגבונים לחים 6 יח,דינמיק,IL,מארז מגבוניםלחים,יחידה,1.00,יחידה,false,1,19.90,19.90,true,1,
7296073277286,false,לקט להקפצה בווק 500גרם,,IL,לקט להקפצה,גרמים,500.00,100 גרם,false,1,15.90,3.18,true,1,
7296073277903,false,ופל מצ.שוק.גרין21.5*3ל.ג,הלווה ופלבקרי,NL,וופל מצופה,גרמים,64.00,100 גרם,false,1,9.90,15.47,true,1,
7296073281696,false,מגבוני טואלט לילד 40*3יח,,IL,"מגבוני נ""ט לילד",יחידה,1.00,יחידה,false,1,11.90,11.90,true,1,
7296073281702,false,מגבוני נייר טואלט לחים,דינמיק תעשיות מגבונים,IL,מגבוני נייר לחים,יחידה,1.00,יחידה,false,1,12.10,12.10,true,1,
7296073281863,false,שמפו לשיער מוחלק שופרסל,"א.מ.ש.י תעשיות בע""מ",IL,שמפו לשיער מוחלק,מיליליטרים,750.00,"100 מ""ל",false,1,19.90,2.65,true,1,
7296073281887,false,מרכך לשיער יבש 750מל,"א.מ.ש.י תעשיות בע""מ",IL,מרכך לשיער יבש,מיליליטרים,750.00,"100 מ""ל",false,1,19.90,2.65,true,1,
7296073281931,false,"מסכה לשיער מוחלק 500 מ""ל","א.מ.ש.י תעשיות בע""מ",IL,מסכה לשיער יבש,מיליליטרים,500.00,"100 מ""ל",false,1,34.90,6.98,true,1,
7296073283720,false,נקניקיות הודו ועוף,זוגלובק,IL,נקנ' הודו ועוף,גרמים,300.00,100 גרם,false,1,19.90,6.63,true,1,
7296073283805,false,חתיכות אננס קפוא 300גרם,d.o.o Lukowa,RS,חתיכות אננס קפוא,גרמים,300.00,100 גרם,false,1,16.90,5.63,true,1,
7296073283812,false,קוביות  מנגו קפוא 300 ג,d.o.o Lukowa,RS,קוביות  מנגו,גרמים,300.00,100 גרם,false,1,16.90,5.63,true,1,
7296073283829,false,מיקס פירות טרופי קפוא 30,d.o.o Lukowa,RS,מיקס פירות טרופי,גרמים,300.00,100 גרם,false,1,16.90,5.63,true,1,
7296073285267,false,"סכין שקוף עבה ח""פ 100 יח",,CN,סכינים שקופים,יחידה,1.00,יחידה,false,1,17.90,17.90,true,1,
7296073285274,false,"מזלג שקוף עבה ח""פ 100 יח",,CN,מזלגות שקופים,יחידה,1.00,יחידה,false,1,17.90,17.90,true,1,
7296073285298,false,"כף שקוף עבה ח""פ 100 יח",,CN,כפות שקופות,יחידה,1.00,יחידה,false,1,17.90,17.90,true,1,
7296073285397,false,נר נשמה 24 שעות יחידה,CANDLE ITBRIGHT,CN,נר נשמה 24 שעות,יחידה,1.00,יחידה,false,1,2.50,2.50,true,1,
7296073285403,false,נרות חימום בשקית 50 יח,CANDLE ITBRIGHT,CN,נרות חימום בשקית,יחידה,1.00,יחידה,false,1,11.90,11.90,true,1,
7296073285410,false,נרות חימום בשקית 100 יחי,CANDLE ITBRIGHT,CN,נרות חימום בשקית,יחידה,1.00,יחידה,false,1,21.90,21.90,true,1,
7296073286011,false,אורז פרסי זיפר שופרסל1קג,ltd co produce Uthai,TH,אורז פרסי,קילוגרמים,1.00,"ק""ג",false,1,7.90,7.90,true,1,
7296073286035,false,"אורז תאילנדי זיפר 1 ק""ג",ltd co produce Uthai,TH,אורז תאילנדי,קילוגרמים,1.00,"ק""ג",false,1,6.50,6.50,true,1,
7296073286042,false,אורז יסמין זיפר שופרסל1ק,ltd co produce Uthai,TH,אורז יסמין,קילוגרמים,1.00,"ק""ג",false,1,10.90,10.90,true,1,
7296073286066,false,אורז בסמטי זיפר שופרסל1ק,SETIA LAL CHAMAN,IN,אורז בסמטי,קילוגרמים,1.00,"ק""ג",false,1,13.90,13.90,true,1,
7296073286073,false,"אורז בסמטי בצנצנת 1 ק""ג",SETIA LAL CHAMAN,IN,אורז בסמטי,קילוגרמים,1.00,"ק""ג",false,1,14.90,14.90,true,1,
7296073286349,false,שקיות אשפה חזקות L 55 יח,אשפלסט,IL,שקיות אשפה,יחידה,1.00,יחידה,false,1,19.90,19.90,true,1,
7296073286363,false,שקית ענקית לאשפה משרדית,אשפלסט,IL,שקיות אשפה,יחידה,1.00,יחידה,false,1,14.90,14.90,true,1,
7296073286394,false,שקיות אשפה חזקות L 100,אשפלסט,IL,שקיות אשפה,יחידה,1.00,יחידה,false,1,37.90,37.90,true,1,
7296073286417,false,שק.אשפה חזקות גדולות60יח,אשפלסט,IL,שקיות אשפה 60 יח,יחידה,1.00,יחידה,false,1,20.90,20.90,true,1,
7296073286493,false,צמד פטריות פורטובלה ושמפ,מרינה,IL,צמד פטריות פורטו,גרמים,420.00,100 גרם,false,1,16.90,4.02,true,1,
7296073286509,false,פטריות שמפניון,,IL,פטריות שמפניון,גרמים,220.00,100 גרם,false,1,9.90,4.50,true,1,
7296073288756,false,תירס ארוז,קטיף.,IL,תירס ארוז,קילוגרמים,0.00,"ק""ג",true,1,9.90,9.90,true,1,
7296073289715,false,מגבוני אף עדינים תינוק30,שופרסל,IL,מגבוני אף לתינוק,יחידה,1.00,יחידה,false,1,9.90,9.90,true,1,
7296073289739,false,שקיות צליה שופרסל 10 יח,,TR,שקיות צליה,יחידה,1.00,יחידה,false,1,5.90,5.90,true,1,
7296073289746,false,50 מגבונים לניקוי כללי,דינמיק תעשיות מגבונים,IL,מגבונים לניקוי,יחידה,1.00,יחידה,false,1,9.90,9.90,true,1,
7296073290827,false,פלפלים ירוקים כבושים650ג,בלו גלו,TR,פלפלים ירוקים,גרמים,650.00,100 גרם,false,1,11.90,1.83,true,1,
7296073290858,false,"קרם קוקוס שופרסל 400 מ""ל",COCONUT THAI,TH,קרם קוקוס,מיליליטרים,400.00,"100 מ""ל",false,1,7.50,1.88,true,1,
7296073291077,false,משטחי החתלה שופרסל 10יח,PAKTEN,TR,משטחי החתלה,יחידה,1.00,יחידה,false,1,16.90,16.90,true,1,
7296073291084,false,עוגיות דניות עם חמאה 150,BAKERY JACOBSENS,DK,עוגיות חמאה בפח,גרמים,150.00,100 גרם,false,1,13.90,9.27,true,1,
7296073291244,false,חומץ 5%,מיטב,IL,חומץ 5%,ליטרים,1.00,ליטר,false,1,6.50,6.50,true,1,
7296073291251,false,מיץ לימון משומר 1 ליטר,,IL,מיץ לימון משומר,ליטרים,1.00,ליטר,false,1,8.90,8.90,true,1,
7296073291916,false,ניוקי שופרסל 500גרם,ALIMENTARI CLEMME,IT,ניוקי שופרסל,גרמים,500.00,100 גרם,false,1,11.90,2.38,true,1,
7296073291992,false,חסה סלנובה הידרופונית,כרמלים שדות חדשים,IL,חסה סלנובה,גרמים,160.00,100 גרם,false,1,12.90,8.06,true,1,
7296073292012,false,אננס ראש,קטיף.,IL,אננס ראש,קילוגרמים,0.00,"ק""ג",true,1,29.90,29.90,true,1,
7296073292210,false,במיה שופרסל 600 גרם,פרי גליל,EG,במיה 600 גרם,גרמים,600.00,100 גרם,false,1,13.90,2.32,true,1,
7296073292807,false,תפוח אדמה זני השף,גידולי אגו,IL,"תפו""א זני השף",קילוגרמים,0.00,"ק""ג",true,1,7.90,7.90,true,1,
7296073292913,false,פירורי לחם לבן זיפר350גר,חטיפים מן הטבע,IL,פירורי לחם לבן,גרמים,350.00,100 גרם,false,1,7.50,2.14,true,1,
7296073293729,false,מיץ תפוחים אורגני גרין1ל,אקילאה,IT,מיץ תפוחים,ליטרים,1.00,ליטר,false,1,18.90,18.90,true,1,
7296073294788,false,פירורי לחם ללא גלוטן250ג,אשבל מזון פונקציונלי בע\,IL,פירורי לחם,גרמים,250.00,100 גרם,false,1,16.90,6.76,true,1,
7296073295228,false,מפיות תלת שכבתי 20יחידות,,IL,מפיות,יחידה,1.00,יחידה,false,1,7.50,7.50,true,1,
7296073295655,false,"שוק.חלב ללת""ס שופרסל100ג",,IT,"שוקולד חלב ללת""ס",גרמים,100.00,100 גרם,false,1,6.90,6.90,true,1,
7296073295662,false,"שוק.מריר ללת""ס שופרסל100",,IT,שוקולד מריר ללתס,גרמים,100.00,100 גרם,false,1,6.90,6.90,true,1,
7296073295679,false,"שוק.אגוז ללת""ס שופרסל100",,IT,שוקולד אגוז ללתס,גרמים,100.00,100 גרם,false,1,7.90,7.90,true,1,
7296073296744,false,שמרים יבשים 500 גרם,,TR,שמרים יבשים,גרמים,500.00,100 גרם,false,1,14.90,2.98,true,1,
7296073296751,false,שמרים יבשים 125 גרם,,TR,שמרים יבשים,גרמים,125.00,100 גרם,false,1,4.50,3.60,true,1,
7296073296935,false,חליטת תפוח וקינמון 60גרם,,IL,חליטת תפוח+קינמו,גרמים,60.00,100 גרם,false,1,14.90,24.83,true,1,
7296073296959,false,חליט.ג'ינגר שומר אשכול60,עדנים,IL,חליטת ג'ינג'ר,גרמים,60.00,100 גרם,false,1,14.90,24.83,true,1,
7296073296966,false,חליטת צמחים ארץ ישראל25ג,,IL,חליטת ארץ ישראל,גרמים,25.00,100 גרם,false,1,14.90,59.60,true,1,
7296073319801,false,עגב.מרוסק אורגני גרין690,פרוטאגל,IT,עגבניות מרוסקות,גרמים,690.00,100 גרם,false,1,12.90,1.87,true,1,
7296073320388,false,עלי בייבי 120גרם,,IL,עלי בייבי 120גרם,גרמים,120.00,100 גרם,false,1,10.90,9.08,true,1,
7296073320395,false,עלי תרד בייבי 200גרם,,IL,עלי תרד בייבי,גרמים,200.00,100 גרם,false,1,8.90,4.45,true,1,
7296073320401,false,לקט בסגנון איטלקי 300גרם,"פרסקו חצבה 2006 בע""\מ",IL,לקט סגנון איטלקי,גרמים,300.00,100 גרם,false,1,11.90,3.97,true,1,
7296073321200,false,אבקת אפיה שופרסל 10*10גר,א.ל ייצור ושיווק תבלינים,IL,אבקת אפיה 10 יח,גרמים,100.00,100 גרם,false,1,3.30,3.30,true,1,
7296073321217,false,סוכר וניל 10 * 10 גרם,א.ל ייצור ושיווק תבלינים,IL,סוכר וניל 10 יח,גרמים,100.00,100 גרם,false,1,3.40,3.40,true,1,
7296073321231,false,אבקת סוכר שופרסל 100 גרם,א.ל ייצור ושיווק תבלינים,IL,אבקת סוכר שופרסל,גרמים,100.00,100 גרם,false,1,2.50,2.50,true,1,
7296073321446,false,סבון כחול לאסלה 50*3 גרם,קומפלקס כימיקלים בעמ,IL,3סבון כחול לאסלה,גרמים,150.00,100 גרם,false,1,12.90,8.60,true,1,
7296073321521,false,מינוט אנטריקוט דק דק 300,בלדי,IL,מינוט אנטריקוטדק,גרמים,300.00,100 גרם,false,1,31.90,10.63,true,1,
7296073322979,false,בוטנים מצופים קלויים50ג,ששון ושות'\ )ש.ת. תעשיות,IL,בוטנים אמריקאים,גרמים,50.00,100 גרם,false,1,2.50,5.00,true,1,
7296073323006,false,תה שחור שופרסל1.5*100 גר,עדנים,IL,תה שחור 100 שק.,גרמים,150.00,100 גרם,false,1,9.90,6.60,true,1,
7296073323020,false,תה ירוק יסמין 37.5 גרם,עדנים,IL,תה ירוק יסמין,גרמים,37.00,100 גרם,false,1,10.90,29.46,true,1,
7296073323037,false,תה ירוק נענע 37.5 גרם,עדנים,IL,תה ירוק נענע,גרמים,37.00,100 גרם,false,1,10.90,29.46,true,1,
7296073323044,false,תה ירוק לימונ.לואיזה37.5,עדנים,IL,תה ירוק לימונית,גרמים,37.00,100 גרם,false,1,10.90,29.46,true,1,
7296073323143,false,חסה סלנובה הידרופונית,יגור חקלאות ועסקים,IL,חסה סלנובה,גרמים,160.00,100 גרם,false,1,12.90,8.06,true,1,
7296073323228,false,שקדים מולבנים גרוסים100ג,,US,שקד מולבן גרוס,גרמים,100.00,100 גרם,false,1,13.90,13.90,true,1,
7296073323235,false,בוטנים גרוסים 100 גרם,,IL,בוטנים גרוסים,גרמים,100.00,100 גרם,false,1,5.90,5.90,true,1,
7296073323242,false,אגוזי מלך טחונים 100גרם,,IL,אגוז מלך 100גרם,גרמים,100.00,100 גרם,false,1,12.90,12.90,true,1,
7296073323433,false,"סירופ מייפל טבעי 250 מ""ל",קופדקס,DK,סירופ מייפל,מיליליטרים,250.00,"100 מ""ל",false,1,22.90,9.16,true,1,
7296073323587,false,עגבניה שרי וויטני,עידו נחום,IL,שרי וויטני,גרמים,460.00,100 גרם,false,1,10.90,2.37,true,1,
7296073323648,false,פריפלצת מחית בננ.תות120ג,גו פרוסלבה,ES,מחית פירות,גרמים,120.00,100 גרם,false,1,4.90,4.08,true,1,
7296073323662,false,פריפלצת מיקס פירות120ג,גו פרוסלבה,ES,מחית פירות,גרמים,120.00,100 גרם,false,1,4.90,4.08,true,1,
7296073323693,false,פריפלצת מחית תפוח 120 גר,גו פרוסלבה,ES,מחית פירות,גרמים,120.00,100 גרם,false,1,4.90,4.08,true,1,
7296073324850,false,צמד פטריות פורטובלה,,IL,פטריות פורטובלו,גרמים,420.00,100 גרם,false,1,16.90,4.02,true,1,
7296073324867,false,פטריות סטייק פורטובלה,,IL,פ.סטייק פורטובלה,גרמים,320.00,100 גרם,false,1,16.90,5.28,true,1,
7296073325239,false,רדיד אלומיניום 16מיקרון,,CN,רדיד אלומיניום,מטרים,60.00,מטר,false,1,29.00,0.48,true,1,
7296073328902,false,תמר מג'הול יבש 400גרם,,IL,תמר מגהול יבש,גרמים,400.00,100 גרם,false,1,13.90,3.48,true,1,
7296073330936,false,פינצטה אפורה קצה ישר,BE NOW,CN,פינצטה ישרה אפור,יחידה,1.00,יחידה,false,0,19.90,19.90,true,1,
7296073331056,false,קוצץ קטן,BE NOW,CN,קוצץ קטן,יחידה,1.00,יחידה,false,0,8.90,8.90,true,1,
7296073331261,false,פצירת אקריל,BE NOW,CN,פצירת אקריל,יחידה,1.00,יחידה,false,0,8.90,8.90,true,1,
7296073331278,false,"פצירת מתכת ""7 ידית שחורה",BE NOW,CN,"פצירת מתכת ""7",יחידה,1.00,יחידה,false,0,14.90,14.90,true,1,
7296073331308,false,"פצירת קרטון ""14 8 יח'",BE NOW,CN,8 פצירות קרטון,יחידה,1.00,יחידה,false,0,14.90,14.90,true,1,
7296073331612,false,מברשת שיער מטקה שחורה,BE NOW,CN,מברשת מטקה שחורה,יחידה,1.00,יחידה,false,0,29.90,29.90,true,1,
7296073331810,false,מברשת שיער ספרים מקצועית,BE NOW,CN,מברשת שיער ספרים,יחידה,1.00,יחידה,false,0,29.90,29.90,true,1,
7296073340096,false,שמפו מפרץ הרפתקאות 1ליטר,,TR,שמפו לילדים,ליטרים,1.00,ליטר,false,1,16.90,16.90,true,1,
7296073340102,false,אלסבון מ.הרפתקאות כחול1ל,אמיליה קוסמטיקס,TR,אל סבון בנים,ליטרים,1.00,ליטר,false,1,16.90,16.90,true,1,
7296073341444,false,חומץ תפוחים אורגני מלא5%,,ES,חומץ תפוחים,מיליליטרים,750.00,"100 מ""ל",false,1,19.90,2.65,true,1,
7296073342328,false,שקדים מולבנים פרוסים100ג,,US,שקד מולבן פרוס,גרמים,100.00,100 גרם,false,1,13.90,13.90,true,1,
7296073342496,false,דלעת ארוזה,קטיף.,IL,דלעת ארוזה,קילוגרמים,0.00,"ק""ג",true,1,10.90,10.90,true,1,
7296073342915,false,פרושוטו בקר 80 גרם,מעדני יחיעם,IL,פרושוטו 80גרם,גרמים,80.00,100 גרם,false,1,18.90,23.63,true,1,
7296073342939,false,סלמי צרפתי 120גרם,מעדני יחיעם,IL,סלמי צרפתי120גרם,גרמים,120.00,100 גרם,false,1,16.90,14.08,true,1,
7296073342946,false,סלמי סרוולט 120גרם,מעדני יחיעם,IL,סלמי סרוולט,גרמים,120.00,100 גרם,false,1,16.90,14.08,true,1,
7296073342953,false,כתף בקר מפולפל 100 גרם,מעדני יחיעם,IL,כתף בקר 100גרם,גרמים,100.00,100 גרם,false,1,18.90,18.90,true,1,
7296073342960,false,מינוט שניצל עוף דק דק,בלדי,IL,מינוט שניצל עוף,גרמים,300.00,100 גרם,false,1,21.90,7.30,true,1,
7296073342977,false,מינוט שווארמה דק דק 300,בלדי,IL,מינוט שואארמה,גרמים,300.00,100 גרם,false,1,26.90,8.97,true,1,
7296073343134,false,אלסבון מ.הרפתקאות ורוד1ל,אמיליה קוסמטיקס,TR,אל סבון ורוד,ליטרים,1.00,ליטר,false,1,16.90,16.90,true,1,
7296073343202,false,פריכיות כוסמת שופרסל160ג,פרח תעשיות מזון,IL,פריכיות כוסמת,גרמים,160.00,100 גרם,false,1,9.90,6.19,true,1,
7296073343219,false,פריכיות אורז מלא 310 גרם,פרח תעשיות מזון,IL,פריכיות שופרסל,גרמים,310.00,100 גרם,false,1,16.90,5.45,true,1,
7296073344469,false,שבבי שוקולד מריר 250 גרם,מיה,IL,שבבי שוקולד,גרמים,250.00,100 גרם,false,1,10.90,4.36,true,1,
7296073345091,false,ג'בטות ללא גלוטן 120*3 ג,גידרון,IL,ג'בטה ל.גלוטן3יח,גרמים,360.00,100 גרם,false,1,17.90,4.97,true,1,
7296073345107,false,לחמניות המבורגר ל.ג90*4ג,גידרון,IL,לחמניות המבורגר,גרמים,360.00,100 גרם,false,1,15.90,4.42,true,1,
7296073345121,false,לחמניות ללא גלוטן  90*4ג,גידרון,IL,לחמניות אצבע,גרמים,360.00,100 גרם,false,1,15.90,4.42,true,1,
7296073345138,false,לחמניות ביס ל.גלוטן8*45ג,גידרון,IL,לחמניות ביס 8 יח,גרמים,360.00,100 גרם,false,1,15.90,4.42,true,1,
7296073345206,false,מבריק הפלא 3 יחידות,אלבגינו,PL,מבריק הפלא,יחידה,1.00,יחידה,false,1,10.90,10.90,true,1,
7296073345299,false,משחת שיניים מלבינה 100מל,,BG,משחת שיניים,מיליליטרים,100.00,"100 מ""ל",false,1,10.90,10.90,true,1,
7296073345305,false,משחת שיניים פרופ+הרבל100,,BG,משחת שיניים הרבל,מיליליטרים,100.00,"100 מ""ל",false,1,8.90,8.90,true,1,
7296073345312,false,"משחת שיניים פרש 100 מ""ל",,BG,משחת שיניים,מיליליטרים,100.00,"100 מ""ל",false,1,8.90,8.90,true,1,
7296073345336,false,משחת שיניים לילדים 2-6,שופרסל,BG,משחת שיניים KIDS,מיליליטרים,50.00,"100 מ""ל",false,1,9.90,19.80,true,1,
7296073345381,false,מברשות שיניים 3 יחידות,,TR,מברשות שיניים3יח,יחידה,1.00,יחידה,false,1,13.90,13.90,true,1,
7296073345398,false,מברשת שיניים מבריקה,,TR,מברשת שיניים,יחידה,1.00,יחידה,false,1,12.90,12.90,true,1,
7296073345459,false,קיסמים עם חוט בשקית50יח,,CN,קיסמים עם חוט,יחידה,1.00,יחידה,false,1,9.90,9.90,true,1,
7296073345732,false,טופו אורגני 300 גרם,"משק ויילר בע""\מ",IL,טופו אורגני,גרמים,300.00,100 גרם,false,1,9.90,3.30,true,1,
7296073345749,false,טופו רך גרין 300 גרם,כפרי בריא משק ויילר,IL,טופו רך,גרמים,300.00,100 גרם,false,1,8.90,2.97,true,1,
7296073345763,false,טופו טעם טבעי  300 גרם,כפרי בריא משק ויילר,IL,טופו  טעם טבעי,גרמים,300.00,100 גרם,false,1,8.90,2.97,true,1,
7296073345787,false,בייגלה שמיניות מלוח200ג,,IL,בייגלה שמיניות,גרמים,200.00,100 גרם,false,1,4.90,2.45,true,1,
7296073346333,false,עוגות אישיות קרם חלב350ג,קסליני,IT,עוגות אישיות,גרמים,350.00,100 גרם,false,1,14.90,4.26,true,1,
7296073346340,false,עוגות אישיות קרם שוקו350,קסליני,IT,עוגות אישיות,גרמים,350.00,100 גרם,false,1,14.90,4.26,true,1,
7296073346760,false,שקיות אשפה XXL 2*10,אשפלסט,IL,שקיות אשפה,יחידה,1.00,יחידה,false,1,22.90,22.90,true,1,
7296073346777,false,שקיות רב שימושיות 300 יח,אשפלסט,IL,שקיות רב שימושי,יחידה,1.00,יחידה,false,1,13.50,13.50,true,1,
7296073347453,false,פטרוזליה יחידה,תנובות לכיש,IL,פטרוזליה,יחידה,1.00,יחידה,false,1,4.90,4.90,true,1,
7296073347460,false,שמיר יחידה,תנובות לכיש,IL,שמיר,יחידה,1.00,יחידה,false,1,4.90,4.90,true,1,
7296073347477,false,כוסברה,תנובות לכיש,IL,כוסברה,יחידה,1.00,יחידה,false,1,4.90,4.90,true,1,
7296073347484,false,נענע,תנובות לכיש,IL,נענע,יחידה,1.00,יחידה,false,1,4.90,4.90,true,1,
7296073348023,false,שבבי שקדים מולבנים 100ג,,US,שבבי שקד מולבן,גרמים,100.00,100 גרם,false,1,13.90,13.90,true,1,
7296073348238,false,מטהר אויר נטול גז לבנדר,,IL,מטהר אויר נ.גז,מיליליטרים,350.00,"100 מ""ל",false,1,11.90,3.40,true,1,
7296073349396,false,דובדבנים חמוצים סירופ680,,HU,דובדבנים חמוצים,גרמים,680.00,100 גרם,false,1,12.90,1.90,true,1,
7296073352822,false,מפיות דו שכבתי 50 יחידות,,IL,מפיות אירוח,יחידה,1.00,יחידה,false,1,7.90,7.90,true,1,
7296073352846,false,"מפיות חד שכבתי 100 יח,'",,IL,מפיות,יחידה,1.00,יחידה,false,1,7.90,7.90,true,1,
7296073352853,false,מפיות לבן 150יחידות,,IL,מפיות חד שכבתי,יחידה,1.00,יחידה,false,1,7.90,7.90,true,1,
7296073352860,false,"מפיות בדיספנסר 100 יח,'",,IL,מפיות בדיספנסר,יחידה,1.00,יחידה,false,1,4.90,4.90,true,1,
7296073359234,false,גרעיני תירס מתוק 340 גרם,,HU,גרעיני תירס מתוק,גרמים,340.00,100 גרם,false,1,5.90,1.74,true,1,
7296073359265,false,28 תחבושות לנערות נורמל,,DE,תחבושות לנערות,יחידה,1.00,יחידה,false,1,13.50,13.50,true,1,
7296073359272,false,24תחבושות לנערות סופר,,DE,תחבושות לנערות,יחידה,1.00,יחידה,false,1,13.50,13.50,true,1,
7296073359838,false,עוגיות מקלות מרוקאיות500,גידרון,IL,עוגיות מרוקאיות,גרמים,500.00,100 גרם,false,1,16.90,3.38,true,1,
7296073359883,false,עוגיות פרפריות 500 גרם,,IL,עוגיות פרפריות,גרמים,500.00,100 גרם,false,1,16.90,3.38,true,1,
7296073359920,false,עוגיות שוקוצ'יפס 500 גרם,,IL,עוגיות שוקוצ'יפס,גרמים,500.00,100 גרם,false,1,16.90,3.38,true,1,
7296073362036,false,אבקת שוקו מפרץ ההרפתקאות,,IL,אבקת שוקו,גרמים,500.00,100 גרם,false,1,11.80,2.36,true,1,
7296073362425,false,עדשים שחורות מונבטות,נבטי איילון,IL,עדשים שחורות,יחידה,1.00,יחידה,false,1,8.90,8.90,true,1,
7296073362647,false,אקונומיקה סמיכה מבושמת4ל,קומפלקס כימיקלים,IL,אקונומיקה סמיכה,ליטרים,4.00,ליטר,false,1,14.90,3.73,true,1,
7296073362739,false,חמאת בוטנים 510 גרם,,IN,חמאת בוטנים,גרמים,510.00,100 גרם,false,1,14.90,2.92,true,1,
7296073362746,false,חמאת בוטנים שב.בוטנים510,,IN,חמאת בוטנים,גרמים,510.00,100 גרם,false,1,14.90,2.92,true,1,
7296073362777,false,סלרי עלים,תנובות לכיש,IL,סלרי עלים,יחידה,1.00,יחידה,false,1,6.90,6.90,true,1,
7296073362784,false,סלרי ראש,תנובות לכיש,IL,סלרי ראש,יחידה,1.00,יחידה,false,1,6.90,6.90,true,1,
7296073362791,false,שורש פטרוזיליה,תנובות לכיש,IL,שורש פטרוזיליה,יחידה,1.00,יחידה,false,1,6.90,6.90,true,1,
7296073362807,false,פזיל / מנגולד יחידה,תנובות לכיש,IL,פזיל / מנגולד,יחידה,1.00,יחידה,false,1,6.90,6.90,true,1,
7296073362821,false,סב.ידיים בצבעי פסטל500*3,טאהא קימיה,TR,סבון ידיים 3 יח,ליטרים,1.50,ליטר,false,1,14.90,9.93,true,1,
7296073362890,false,בייבי גאודה 31% 280 גרם,הנרי ויליך,NL,בייבי גאודה,גרמים,280.00,100 גרם,false,1,33.90,12.11,true,1,
7296073362944,false,אבקת אפיה שופרסל 10*10 י,,IL,אבקת אפיה 10 יח,גרמים,100.00,100 גרם,false,1,3.30,3.30,true,1,
7296073362951,false,סוכר וניל שופרסל 10*10גר,"י. כהן בע""\מ",IL,סוכר וניל  10 יח,גרמים,100.00,100 גרם,false,1,3.40,3.40,true,1,
7296073362975,false,אבקת סוכר שופרסל 100 גרם,ר.ס-.חברה ליבוא וייצור מ,IL,אבקת סוכר,גרמים,100.00,100 גרם,false,1,2.50,2.50,true,1,
7296073364177,false,"שקיות זיפר 20*20 ס""מ",,CN,שקיות זיפר 50יח,יחידה,1.00,יחידה,false,1,10.90,10.90,true,1,
7296073364375,false,חיטה זיפר שופרסל 500 גרם,מיה,IL,חיטה,גרמים,500.00,100 גרם,false,1,6.00,1.20,true,1,
7296073364399,false,עדשים ירוקות זיפר 500גרם,,IL,עדשים ירוקות,גרמים,500.00,100 גרם,false,1,7.50,1.50,true,1,
7296073364467,false,שעועית מעורבת זיפר 500גר,,IL,שעועית מעורבת,גרמים,500.00,100 גרם,false,1,14.80,2.96,true,1,
7296073364481,false,"אפונה ירוקה זיפר 1 ק""ג",,IL,אפונה ירוקה,קילוגרמים,1.00,"ק""ג",false,1,8.80,8.80,true,1,
7296073364511,false,"חיטה זיפר שופרסל 1 ק""ג",מיה,IL,חיטה,קילוגרמים,1.00,"ק""ג",false,1,8.80,8.80,true,1,
7296073364542,false,"אורז לבן עגול זיפר 1 ק""ג",,IL,אורז לבן עגול,קילוגרמים,1.00,"ק""ג",false,1,8.40,8.40,true,1,
7296073364573,false,פופקורן באריזת זיפר,מיה,IL,פופקורן,גרמים,500.00,100 גרם,false,1,5.90,1.18,true,1,
7296073364597,false,שעועית מש זיפר שופרסל500,,IL,שעועית מש,גרמים,500.00,100 גרם,false,1,11.30,2.26,true,1,
7296073364634,false,שעועית בובס זיפר400גרם,מיה,IL,שעועית בובס,גרמים,400.00,100 גרם,false,1,14.80,3.70,true,1,
7296073364641,false,שעועית אדומה זיפר 500גרם,מיה,IL,שעועית אדומה,גרמים,500.00,100 גרם,false,1,10.20,2.04,true,1,
7296073364719,false,משחת שיניים לילדים גיל 6,MENUFACLURER,BG,משחת שיניים לילד,מיליליטרים,50.00,"100 מ""ל",false,1,9.90,19.80,true,1,
7296073365099,false,"כוס גדולה לאירוח 330 מ""ל",,CN,כוסות גדולות,יחידה,1.00,יחידה,false,1,17.90,17.90,true,1,
7296073365266,false,בייבי גאודה פסטו 280 גרם,הנרי ויליך,NL,בייבי גאודה פסטו,גרמים,280.00,100 גרם,false,1,33.90,12.11,true,1,
7296073365747,false,מאגדת מצופים שוקולד 8 יח,גלידות פלדמן,IL,מאגדת מצופים שוק,גרמים,560.00,100 גרם,false,1,18.90,3.37,true,1,
7296073365754,false,מאגדת גביע ופל וניל 260,גלידות פלדמן,IL,מאגדת גביע ופל,גרמים,260.00,100 גרם,false,1,19.90,7.65,true,1,
7296073365792,false,מאגדת מיני בר וניל 5 יח,גלידות פלדמן,IL,מאגדת מיני בר,גרמים,300.00,100 גרם,false,1,23.90,7.97,true,1,
7296073365808,false,מאגדת מיני ברשוקולד 5 יח,גלידות פלדמן,IL,מאגדת מיני בר,גרמים,300.00,100 גרם,false,1,23.90,7.97,true,1,
7296073366898,false,גבינת קממבר 200 גרם,,FR,גבינת קמבבר,גרמים,200.00,100 גרם,false,1,22.90,11.45,true,1,
7296073367154,false,נקניקיות מרגז 400 גרם,טיבון ויל אחזקות בעמ,IL,נקניקיות מרגז,גרמים,400.00,100 גרם,false,1,19.90,4.98,true,1,
7296073367314,false,נגיסי סלמון בצורת חתול50,,CN,חטיף לחתול,גרמים,50.00,100 גרם,false,1,10.90,21.80,true,1,
7296073367338,false,חטיף לחתול נגיסי ברווז,,CN,חטיף לחתול,גרמים,50.00,100 גרם,false,1,10.90,21.80,true,1,
7296073368229,false,טחינה אורגנית מלאה 500 ג,,IL,טחינה אורגנית,גרמים,500.00,100 גרם,false,1,16.90,3.38,true,1,
7296073368465,false,פיצה מרגריטה 320 גרם,סוילה אס.אר.אל,IT,פיצה מרגריטה,יחידה,1.00,יחידה,false,1,17.90,17.90,true,1,
7296073368472,false,פיצה מרגריטה עם זיתים יר,סוילה אס.אר.אל,IT,פיצה מרגריטה עם,גרמים,340.00,100 גרם,false,1,17.90,5.26,true,1,
7296073368496,false,אורז בסמטי בסגנון מרוקאי,,IL,אורז בסמטי מתובל,גרמים,400.00,100 גרם,false,1,12.90,3.23,true,1,
7296073368502,false,אורז בסמטי בסגנון בוכרי,,IL,אורז בסמטי מתובל,גרמים,400.00,100 גרם,false,1,12.90,3.23,true,1,
7296073368519,false,אורז בסמטי בתיבול ירקות,,IL,אורז בסמטי מתובל,גרמים,400.00,100 גרם,false,1,12.90,3.23,true,1,
7296073368830,false,טורטיות מקמח חיטה 320 גר,,RS,טורטייה,גרמים,320.00,100 גרם,false,1,9.90,3.09,true,1,
7296073368861,false,קוואקר דק מהיר הכנה500ג,,IL,קוואקר דק,גרמים,500.00,100 גרם,false,1,8.90,1.78,true,1,
7296073368878,false,קוואקר עבה 500 גרם,,IL,קוואקר עבה,גרמים,500.00,100 גרם,false,1,8.90,1.78,true,1,
7296073368908,false,לקט דגנים וכוסמת,,IL,לקט דגנים וכוסמת,גרמים,500.00,100 גרם,false,1,10.90,2.18,true,1,
7296073368915,false,לקט דגנים לקדירה 500 גרם,,IL,לקט לקדירה,גרמים,500.00,100 גרם,false,1,10.90,2.18,true,1,
7296073369639,false,ערמונים קלופים קלויים100,,CN,ערמונים קלופים,גרמים,100.00,100 גרם,false,1,6.90,6.90,true,1,
7296073372059,false,קפסולות אתיופיה לנספר50ג,DELICA,CH,קפסולות אתיופיה,גרמים,50.00,100 גרם,false,1,15.90,31.80,true,1,
7296073372073,false,קפסולות מס DOPPIO 11,DELICA,CH,קפסולות דפיו,גרמים,50.00,100 גרם,false,1,15.90,31.80,true,1,
7296073372080,false,קפסולות מס LUNGO 6,DELICA,CH,קפסולות לונגו,גרמים,50.00,100 גרם,false,1,15.90,31.80,true,1,
7296073372097,false,קפסולות קולומביה 50 גרם,DELICA,CH,קפסולות קולומביה,גרמים,50.00,100 גרם,false,1,15.90,31.80,true,1,
7296073372103,false,קפסולות מס RISTRETTO 10,DELICA,CH,קפסולות ריסטרטו,גרמים,50.00,100 גרם,false,1,15.90,31.80,true,1,
7296073372110,false,קפסולות מס MACCHITO 9,DELICA,CH,קפסולות מקיאטו,גרמים,50.00,100 גרם,false,1,15.90,31.80,true,1,
7296073372271,false,שמנת לבישול נ.לקטוז250מל,,IL,שמנת לבישול15%,מיליליטרים,250.00,"100 מ""ל",false,1,7.90,3.16,true,1,
7296073372486,false,משקה אורז שקדים אורגני1ל,ליקואטס וגטאלס,ES,משקה אורז שקדים,ליטרים,1.00,ליטר,false,1,12.90,12.90,true,1,
7296073372509,false,משקה אורז אורגני 1 ליטר,ליקואטס וגטאלס,ES,משקה אורז אורגני,ליטרים,1.00,ליטר,false,1,12.90,12.90,true,1,
7296073372516,false,"משקה סויה אורגני ללת""ס1ל",ליקואטס וגטאלס,ES,משקה סויה אורגני,ליטרים,1.00,ליטר,false,1,12.90,12.90,true,1,
7296073372530,false,"משקה שקדים ללת""ס 1 ליטר",ליקואטס וגטאלס,ES,"משקה שקדים ללת""ס",ליטרים,1.00,ליטר,false,1,12.90,12.90,true,1,
7296073372547,false,משקה ש.שועל שקדים 1 ליטר,ליקואטס וגטאלס,ES,משקה שיבולת שועל,ליטרים,1.00,ליטר,false,1,12.90,12.90,true,1,
7296073372554,false,משקה ש.שועל אורגני 1ליטר,ליקואטס וגטאלס,ES,משקה שיבולת שועל,ליטרים,1.00,ליטר,false,1,12.90,12.90,true,1,
7296073373421,false,קצף אקונומיקה 1 ליטר,קומפלקס כימיקלים,IL,קצף אקונומיקה,ליטרים,1.00,ליטר,false,1,10.00,10.00,true,1,
7296073373438,false,נ.טואלט תלת שכבתי 32גליל,,IL,נ.טואלט ת.שכבתי,מטרים,523.00,100 מטר,false,1,42.90,8.20,true,1,
7296073373476,false,ברוקולי ארוז,,IL,ברוקולי ארוז,גרמים,350.00,100 גרם,false,1,10.90,3.11,true,1,
7296073376286,false,מברשת שיניים ילדים2-5,,TR,מברשת שיניים,יחידה,1.00,יחידה,false,1,10.90,10.90,true,1,
7296073377214,false,חסה לבבות קיסר,,IL,חסה לבבות קיסר,גרמים,400.00,100 גרם,false,1,10.90,2.73,true,1,
7296073377269,false,פולי סויה אדממה 454 גרם,,CN,פולי סויה אדממה,גרמים,454.00,100 גרם,false,1,12.90,2.84,true,1,
7296073379263,false,מרכך מרוכז DIVING DEEP,,IL,מרכך מרוכז ספא,ליטרים,1.00,ליטר,false,1,12.90,12.90,true,1,
7296073379331,false,רוטב לסלט ויניגרט חרדל,,IL,ויניגרט חרדל,גרמים,280.00,100 גרם,false,1,12.90,4.61,true,1,
7296073379348,false,רוטב לסלט ויניגרט הדרים,,IL,רוטב לסלט הדרים,גרמים,300.00,100 גרם,false,1,12.90,4.30,true,1,
7296073379362,false,רוטב לסלט קיסר,,IL,רוטב לסלט קיסר,מיליליטרים,280.00,"100 מ""ל",false,1,12.90,4.61,true,1,
7296073379379,false,רוטב לסלט לימונענע,,IL,רוטב לימונענע,גרמים,280.00,100 גרם,false,1,12.90,4.61,true,1,
7296073380153,false,עגבניה שרי מנומר,עידו נחום,IL,שרי מנומר,גרמים,460.00,100 גרם,false,1,10.90,2.37,true,1,
7296073380825,false,Be ג'ל רחצה מקדמיה 700מ,קוסמטיקס,TR,Be ג'ל רחצה,מיליליטרים,700.00,"100 מ""ל",false,1,13.90,1.99,true,1,
7296073380832,false,Be ג'ל רחצה אורכידאה 700,קוסמטיקס,TR,Be ג'ל רחצה,מיליליטרים,700.00,"100 מ""ל",false,1,13.90,1.99,true,1,
7296073380887,false,דאו לגבר,,,דאו לגבר,יחידה,1.00,יחידה,false,0,10.00,10.00,true,1,
7296073380931,false,ג'ל אלכוהול 70%בניחוח ים,,TR,ג'ל אלכוהול 70%ב,מיליליטרים,500.00,"100 מ""ל",false,1,14.90,2.98,true,1,
7296073381174,false,מברשת ספרים עם שיער .,BE NOW,CN,מברשת ספרים,יחידה,1.00,יחידה,false,1,34.90,34.90,true,1,
7296073381228,false,"תחליב רחצה Rose 700 מ""ל",שופרסל,TR,תחליב רחצה,מיליליטרים,700.00,"100 מ""ל",false,1,12.90,1.84,true,1,
7296073381235,false,תחליב רחצה Vanilla  700מ,שופרסל,TR,תחליב רחצה,מיליליטרים,700.00,"100 מ""ל",false,1,12.90,1.84,true,1,
7296073381242,false,"תחליב רחצה Cotton700מ""",שופרסל,TR,תחליב רחצה,מיליליטרים,700.00,"100 מ""ל",false,1,12.90,1.84,true,1,
7296073382386,false,שוקולד מריר 75% 100 גרם,"שוקולד פריי בע""מ",CH,שוקולד מריר 75%,גרמים,100.00,100 גרם,false,1,10.90,10.90,true,1,
7296073382416,false,שוקולד מריר 90% 100 גרם,"שוקולד פריי בע""מ",CH,שוקולד מריר 90%,גרמים,100.00,100 גרם,false,1,10.90,10.90,true,1,
7296073383604,false,חליטת קמומיל ולימונית25ש,,IL,חליטת קמומיל,גרמים,37.00,100 גרם,false,1,10.90,29.46,true,1,
7296073383611,false,תה קמומיל ונענע 38 גרם,,IL,חליטת קמומיל,גרמים,38.00,100 גרם,false,1,10.90,28.69,true,1,
7296073383635,false,חליטת יער 50 גרם,,IL,חליטת יער,גרמים,50.00,100 גרם,false,1,10.90,21.80,true,1,
7296073383642,false,חליטת כורכום וג'ינג'ר 50,,IL,חליטת כורכום,גרמים,50.00,100 גרם,false,1,10.90,21.80,true,1,
7296073384434,false,קציצות סג.גפילטע פיש350ג,,IL,קציצות עם דגים,גרמים,350.00,100 גרם,false,1,14.90,4.26,true,1,
7296073384526,false,ג'ל כביסה מרוכז סגול3ל,,IL,ג'ל כביסה מרוכז,ליטרים,3.00,ליטר,false,1,28.90,9.63,true,1,
7296073385752,false,קשיו קלויים ומומלח200ג,פיצוחי ציון,IL,קשיו קלוי ומומלח,גרמים,200.00,100 גרם,false,1,23.90,11.95,true,1,
7296073385769,false,פיסטוק קלוי וממולח 200ג,פיצוחי ציון,IL,פיסטוק קלוי,גרמים,200.00,100 גרם,false,1,23.90,11.95,true,1,
7296073386018,false,אגוזי מלך קלוף טבעי 150ג,פיצוחי ציון,US,אגוזי מלך טבעי,גרמים,150.00,100 גרם,false,1,13.90,9.27,true,1,
7296073386087,false,שקדים קלופים 200 גרם,פיצוחי ציון,IL,שקדים קלופים,גרמים,200.00,100 גרם,false,1,18.90,9.45,true,1,
7296073386100,false,בוטן קלוף קלוי וממולח300,פיצוחי ציון,IL,בוטן קלוף קלוי,גרמים,300.00,100 גרם,false,1,11.90,3.96,true,1,
7296073386131,false,אגוזי קשיו קלופים טבעיים,פיצוחי ציון,IL,אגוזי קשיו טבעי,גרמים,200.00,100 גרם,false,1,23.90,11.95,true,1,
7296073386148,false,גרעין חמניה קלוי וממולח,פיצוחי ציון,IL,גרעין חמניה קלוי,גרמים,150.00,100 גרם,false,1,7.80,5.20,true,1,
7296073386247,false,עלי גפן ממולא.אורז 400 ג,אגה אזיר איסק סאניי,TR,עלי גפן ממולאים,גרמים,400.00,100 גרם,false,1,8.70,2.18,true,1,
7296073386414,false,נוזל לניקוי חלונות 1ליטר,,IL,נוזל לחלונות,ליטרים,1.00,ליטר,false,1,8.90,8.90,true,1,
7296073387299,false,פלפל ננסי פיקנטי 670 גרם,,TR,פלפל ננסי פיקנטי,גרמים,670.00,100 גרם,false,1,12.90,1.93,true,1,
7296073387404,false,בצק עוגיות טריפל שוקולד,FOODS BAXTERS,AU,בצק עוגיות טריפל,גרמים,300.00,100 גרם,false,1,16.90,5.63,true,1,
7296073388531,false,ביצי הפתעה 20*3ג LOL,,IT,ביצי הפתעה LOL,גרמים,60.00,100 גרם,false,1,13.90,23.17,true,1,
7296073388548,false,ביצי הפתעה PJMASK 20*3ג,,IT,ביצי הפתעה PJ,גרמים,60.00,100 גרם,false,1,13.90,23.17,true,1,
7296073388555,false,חליטת קמומיל 32.5 גרם,,IL,חליטת קמומיל,גרמים,32.00,100 גרם,false,1,10.90,34.06,true,1,
7296073388722,false,שמפו ש.רגיל ביוטין700מל,,TR,שמפו לשיער רגיל,מיליליטרים,700.00,"100 מ""ל",false,1,10.90,1.56,true,1,
7296073388739,false,שמפו קוקוס לשיער שמן700מ,,TR,שמפו לשיער שמן,מיליליטרים,700.00,"100 מ""ל",false,1,10.90,1.56,true,1,
7296073388777,false,מרכך ש.רגיל ביוטין700מל,,TR,מרכך לשיער רגיל,מיליליטרים,700.00,"100 מ""ל",false,1,10.90,1.56,true,1,
7296073388845,false,שוק.מריר+קרם פירות100ג,"שוקולד פריי בע""מ",CH,שוקולד ממולא,גרמים,100.00,100 גרם,false,1,10.90,10.90,true,1,
7296073388852,false,שוק.חלב עם קרם דובדבן100,,CH,שוקולד חלב ממולא,גרמים,100.00,100 גרם,false,1,10.90,10.90,true,1,
7296073389422,false,"שמן זית אורגני 750 מ""ל",,IT,שמן זית אורגני,מיליליטרים,750.00,"100 מ""ל",false,1,29.90,3.98,true,1,
7296073389927,false,חטיפי חלבון קקאו 4 יח,,PL,חטיפי חלבון 4 יח,גרמים,160.00,100 גרם,false,1,22.90,14.31,true,1,
7296073389941,false,חטיפי חלבון קרמל מלוח4יח,,PL,חטיפי חלבון 4 יח,גרמים,160.00,100 גרם,false,1,22.90,14.31,true,1,
7296073389996,false,פריכיות קטנ.בציפוי חלב60,NETHERLANDS SANORICE,NL,פריכיות קטנות,גרמים,60.00,100 גרם,false,1,7.90,13.17,true,1,
7296073390008,false,פרכיות מצופות שוק.מריר60,NETHERLANDS SANORICE,NL,פריכיות מצופות,גרמים,60.00,100 גרם,false,1,7.90,13.17,true,1,
7296073390015,false,פרכיות ציפוי שוק.קוקוס60,NETHERLANDS SANORICE,NL,פריכיות קטנות,גרמים,60.00,100 גרם,false,1,7.90,13.17,true,1,
7296073390206,false,עינוגי פקאן שופרסל 400 ג,בריגן קי ג'י,DE,עינוגי פקאן,גרמים,400.00,100 גרם,false,1,19.90,4.98,true,1,
7296073390213,false,ברנפלקס שופרסל 500 גרם,בריגן קי. ג'י,DE,ברנפלקס,גרמים,500.00,100 גרם,false,1,17.90,3.58,true,1,
7296073390275,false,לאבנה בקר5% שופרסל 200ג,,IL,לאבנה שופרסל,גרמים,200.00,100 גרם,false,1,9.90,4.95,true,1,
7296073390282,false,כדור מוצרלה שופרסל 200 ג,,IL,כדור מוצרלה,גרמים,200.00,100 גרם,false,1,8.90,4.45,true,1,
7296073390299,false,בייבי מוצרלה שופרסל150ג,,IL,בייבי מוצרלה,גרמים,200.00,100 גרם,false,1,12.90,6.45,true,1,
7296073390305,false,גבינת שמנת זיתים25% 200ג,,IL,גבינת שמנת זיתים,גרמים,200.00,100 גרם,false,1,10.90,5.45,true,1,
7296073390312,false,גב.שמנת שום שמיר25% 200ג,,IL,גב.שמנת שום שמיר,גרמים,200.00,100 גרם,false,1,10.90,5.45,true,1,
7296073390329,false,גבינת שמנת25% שופרסל200ג,,IL,גבינת שמנת,גרמים,200.00,100 גרם,false,1,10.90,5.45,true,1,
7296073390534,false,מטען קיר ראש כפול  2.1A,,CN,מטען קיר ראש,יחידה,1.00,יחידה,false,1,29.90,29.90,true,1,
7296073390602,false,כבל   2M   Type-C *,,CN,כבל   Type-C   2,יחידה,1.00,יחידה,false,1,29.90,29.90,true,1,
7296073390640,false,כבל  אייפון 2M,,CN,כבל  אייפון 2M,יחידה,1.00,יחידה,false,1,29.90,29.90,true,1,
7296073390664,false,כבל  1.2M   AUX,,CN,כבל  1.2M   AUX,יחידה,1.00,יחידה,false,1,14.90,14.90,true,1,
7296073390701,false,אוזניות סטריאו,בסט סין,CN,אוזניות סטריאו,יחידה,1.00,יחידה,false,1,34.90,34.90,true,1,
7296073390916,false,שווארמה מג'דרה 550 גרם,סי.אי.פי מבוא חורון,IL,שווארמה מג'דרה,גרמים,550.00,100 גרם,false,1,37.90,6.89,true,1,
7296073390923,false,נודלס עוף שופרסל 550 גרם,סי.אי.פי מבוא חורון,IL,נודלס עוף,גרמים,550.00,100 גרם,false,1,37.90,6.89,true,1,
7296073390930,false,עוף סצ'ואן שופרסל 550 גר,סי.אי.פי מבוא חורון,IL,עוף סצ'ואן,גרמים,550.00,100 גרם,false,1,37.90,6.89,true,1,
7296073390947,false,חטיף פרכיות שוק.מריר18*5,בנליין פודס,RS,חטיפי פריכיות,גרמים,90.00,100 גרם,false,1,10.90,12.11,true,1,
7296073391661,false,מטליות מיקרופייבר גדול2י,סין,CN,מטליות לרצפה 2יח,יחידה,1.00,יחידה,false,1,19.90,19.90,true,1,
7296073392682,false,ממחטות טישו פרימיום 270,שניב תעשיות נייר,IL,ממחטות פרימיום,יחידה,1.00,יחידה,false,1,17.90,17.90,true,1,
7296073392934,false,נייר טואלט גליל כפול24יח,,IL,נייר טואלט 24 גל,מטרים,860.00,100 מטר,false,1,46.90,5.45,true,1,
7296073393108,false,קפה נמס קלאסי 200 גרם,,ES,קפה נמס קלאסי,גרמים,200.00,100 גרם,false,1,20.90,10.45,true,1,
7296073393115,false,קפה נמס  ערביקה 200 גרם,,ES,קפה נמס  ערביקה,גרמים,200.00,100 גרם,false,1,20.90,10.45,true,1,
7296073393580,false,פת פריכה ל.גלוטן200ג,,CZ,פת פריכה ל.גלוטן,גרמים,200.00,100 גרם,false,1,10.00,5.00,true,1,
7296073393610,false,נוזל כלים 24% לימון 750מ,קומפלקס כימיקלים בעמ,IL,נוזל כלים לימון,מיליליטרים,750.00,"100 מ""ל",false,1,10.90,1.45,true,1,
7296073393627,false,נוזל כלים תפוח 24% 750מל,,IL,נוזל כלים תפוח,מיליליטרים,750.00,"100 מ""ל",false,1,10.90,1.45,true,1,
7296073393634,false,נוזל כלים לימון+משאבה1ל,,IL,נוזל כלים לימון,ליטרים,1.00,ליטר,false,1,11.90,11.90,true,1,
7296073393641,false,נוזל כלים תפוח+משאבה 1ל,,IL,נוזל כלים תפוח,ליטרים,1.00,ליטר,false,1,11.90,11.90,true,1,
7296073394662,false,אבוקדו בשל מוכן לאכילה,"מור בריאות בע""מ",IL,אבוקדו בשל,יחידה,1.00,יחידה,false,1,9.90,9.90,true,1,
7296073395157,false,משקה אנרגיהFIREשופרסל250,אקו וויט,PL,משקה אנרגיה,מיליליטרים,250.00,"100 מ""ל",false,1,3.60,1.44,true,1,
7296073395201,false,טונה בשמן זית+לימון190גר,,ES,טונה בשמן זית,גרמים,190.00,100 גרם,false,1,24.90,13.11,true,1,
7296073396314,false,בייבי גאודה עיזים 280 גר,,NL,בייבי גאודה,גרמים,280.00,100 גרם,false,1,36.90,13.18,true,1,
7296073396642,false,מאגדת שרבט אבטיח עלמקל,,IL,מאגדת שרבט אבטיח,גרמים,500.00,100 גרם,false,1,21.90,4.38,true,1,
7296073396666,false,כדורי שוקו מופחת סוכר450,,LT,דגני בוקר,גרמים,450.00,100 גרם,false,1,12.90,2.87,true,1,
7296073396819,false,אייס קפה קר אספרסו 250מ,ברגלנד מילך,AT,אייס קפה אספרסו,מיליליטרים,250.00,"100 מ""ל",false,1,6.60,2.64,true,1,
7296073396826,false,"אייס קפה קר לאטה 250 מ""ל",ברגלנד מילך,AT,אייס קפה קר לאטה,מיליליטרים,250.00,"100 מ""ל",false,1,6.60,2.64,true,1,
7296073396833,false,אייס קפה קר קפוצינו 250מ,ברגלנד מילך,AT,אייס קפה קפוצינו,מיליליטרים,250.00,"100 מ""ל",false,1,6.60,2.64,true,1,
7296073396840,false,לימון בלאדי,א.ל. ייצור ושיווק תבליני,IL,לימון בלאדי,גרמים,250.00,100 גרם,false,1,13.90,5.56,true,1,
7296073396857,false,אריסה מתוקה שופרסל 250 ג,א.ל. ייצור ושיווק תבליני,IL,אריסה מתוקה,גרמים,250.00,100 גרם,false,1,13.90,5.56,true,1,
7296073396888,false,אריסה חריפה,,IL,אריסה חריפה,גרמים,250.00,100 גרם,false,1,13.90,5.56,true,1,
7296073396895,false,סלט שום כתוש,א.ל. ייצור ושיווק תבליני,IL,סלט שום כתוש,גרמים,250.00,100 גרם,false,1,13.90,5.56,true,1,
7296073397304,false,מברשת מגהץ יחידה,TYF סחר,CN,מברשת מגהץ,יחידה,1.00,יחידה,false,1,4.90,4.90,true,1,
7296073397328,false,מברשת ניקוי אסלה יחידה,TYF סחר,CN,מברשת ניקוי אסלה,יחידה,1.00,יחידה,false,1,4.90,4.90,true,1,
7296073397335,false,רולר כפול יחידה,TYF סחר,CN,רולר כפול,יחידה,1.00,יחידה,false,1,12.90,12.90,true,1,
7296073397908,false,שבבי פקאן טבעי 100גרם,,ZA,שבבי פקאן טבעי,גרמים,100.00,100 גרם,false,1,13.90,13.90,true,1,
7296073397915,false,שבבי פקאן סיני 100גרם,,IL,שבבי פקאן סיני,גרמים,100.00,100 גרם,false,1,13.90,13.90,true,1,
7296073398042,false,50כוס שתיה קרה מעוטר לבן,,IL,כוסות שתייה,יחידה,1.00,יחידה,false,1,18.90,18.90,true,1,
7296073398141,false,תפוחונים ללא גלוטן22 גרם,,CN,"תפוחונים לל""ג",גרמים,22.00,100 גרם,false,1,4.50,20.45,true,1,
7296073398318,false,טורטיה עם זרעי צ'יה320ג,,RS,טורטיה,גרמים,320.00,100 גרם,false,1,10.90,3.41,true,1,
7296073398509,false,אצבעות שוקולד שופרסל200ג,,FR,אצבעות שוקולד,גרמים,200.00,100 גרם,false,1,11.90,5.95,true,1,
7296073398646,false,סלט טונה עם ירקות 250 גר,,IL,סלט טונה,גרמים,250.00,100 גרם,false,1,19.90,7.96,true,1,
7296073398660,false,סלט חציל תאילנדי 250 גרם,,IL,סלט חציל תאילנדי,גרמים,250.00,100 גרם,false,1,13.90,5.56,true,1,
7296073398684,false,חציל במיונז שופרסל 250 ג,,IL,סלט במיונז,גרמים,250.00,100 גרם,false,1,12.90,5.16,true,1,
7296073398691,false,חומוס אבו גוש שופרסל 250,,IL,חומוס אבו גוש,גרמים,250.00,100 גרם,false,1,12.90,5.16,true,1,
7296073398707,false,חומוס מסבחה שופרסל 250 ג,,IL,חומוס מסבחה,גרמים,250.00,100 גרם,false,1,12.90,5.16,true,1,
7296073398837,false,קפסולות לונגו8 נספרסו50ג,DELICA,CH,קפסולות לונגו,גרמים,50.00,100 גרם,false,1,15.90,31.80,true,1,
7296073398875,false,קרם קרקר 250 גרם,"אפיפית נצרת (1971) בע""\מ",IL,קרם קרקר,גרמים,250.00,100 גרם,false,1,8.70,3.48,true,1,
7296073398936,false,מגב לחלון יחידה,TYF סחר,IT,מגב לחלון,יחידה,1.00,יחידה,false,1,8.00,8.00,true,1,
7296073398974,false,רביעיית סוללות AA,בסט סין,CN,רביעיית סוללותAA,יחידה,1.00,יחידה,false,1,9.90,9.90,true,1,
7296073398981,false,רביעיית סוללות AAA,בסט סין,CN,רביעיית סוללות,יחידה,1.00,יחידה,false,1,9.90,9.90,true,1,
7296073399544,false,חלב נטול לקטוז2% 1 ליטר,מחלבות רמת הגולן,IL,חלב נטול לקטוז,ליטרים,1.00,ליטר,false,1,8.90,8.90,true,1,
7296073399551,false,שמיניית סוללות +AAרביעיה,,CN,שמיניית סוללות,יחידה,1.00,יחידה,false,1,19.90,19.90,true,1,
7296073400028,false,מבשם כביסה ספא כחול750מל,,IL,מבשם כביסה ספא,מיליליטרים,750.00,"100 מ""ל",false,1,10.90,1.46,true,1,
7296073400097,false,מטאטא לינאה יחידה,TYF סחר,IT,מטאטא לינאה,יחידה,1.00,יחידה,false,1,19.90,19.90,true,1,
7296073400103,false,מטאטא אנטי שוק יחידה,מיקסליר,IT,מטאטא,יחידה,1.00,יחידה,false,1,21.90,21.90,true,1,
7296073400134,false,יעה+מברשת יח,נינגבו ארט,CN,יעה+מברשת,יחידה,1.00,יחידה,false,1,9.90,9.90,true,1,
7296073400141,false,יעה יח,נינגבו ארט,CN,יעה,יחידה,1.00,יחידה,false,1,5.90,5.90,true,1,
7296073400172,false,יעה+מקל מתקפל יח,מיקסליר,IT,יעה+מקל מתקפל יח,יחידה,1.00,יחידה,false,1,14.90,14.90,true,1,
7296073400196,false,דלי אוולי 15 ליטר יח,מיקסליר,IT,דלי 15 ליטר,יחידה,1.00,יחידה,false,1,19.90,19.90,true,1,
7296073400219,false,מקל 1.3 מטר יח,מיקסליר,IT,מקל 1.3 מטר יח,יחידה,1.00,יחידה,false,1,6.90,6.90,true,1,
7296073401063,false,שמן חמניות 1 ליטר,ברוקלמן,DE,שמן חמניות,ליטרים,1.00,ליטר,false,1,13.90,13.90,true,1,
7296073401568,false,סלט טחינה שופרסל 250 גרם,"סלטי שמיר 2006 בע""\מ",IL,סלט טחינה,גרמים,250.00,100 גרם,false,1,12.90,5.16,true,1,
7296073401575,false,חומוס מסעדות שופרסל250ג,"סלטי שמיר 2006 בע""\מ",IL,חומוס מסעדות,גרמים,250.00,100 גרם,false,1,12.90,5.16,true,1,
7296073402824,false,גלידת וניל עם שוקולד,פלקו,IL,גלידת וניל,ליטרים,1.40,ליטר,false,1,19.90,14.21,true,1,
7296073402879,false,גלידת שוקו נוגט,פלקו,IL,גלידת שוקו נוגט,ליטרים,1.40,ליטר,false,1,19.90,14.21,true,1,
7296073402886,false,גלידת וניל של פעם,פלקו,IL,גלידת וניל,ליטרים,1.40,ליטר,false,1,19.90,14.21,true,1,
7296073402893,false,גלידת וניל קפוצ'ינו,פלקו,IL,גלידת וניל קפוצ',ליטרים,1.40,ליטר,false,1,19.90,14.21,true,1,
7296073403234,false,ביצי שוקולד מיני PJ 122,,IT,ביצי שוקולד pj,גרמים,122.00,100 גרם,false,1,11.90,9.75,true,1,
7296073403241,false,ביצי שוק.מיני מ.הרפתק122,,IT,ביצי שוקולד מיני,גרמים,122.00,100 גרם,false,1,11.90,9.75,true,1,
7296073404156,false,איטריות רחבות שופרסל400ג,,CN,איטריות רחבות,גרמים,400.00,100 גרם,false,1,11.50,2.88,true,1,
7296073404194,false,מיונז אמיתי לחיץ 395 גרם,ACESUR,ES,מיונז לחיץ,גרמים,395.00,100 גרם,false,1,10.00,2.53,true,1,
7296073404200,false,ממרח מופחת קלוריות 409 ג,ACESUR,ES,ממרח לחיץ,גרמים,409.00,100 גרם,false,1,10.00,2.45,true,1,
7296073404279,false,"צלחת גדולה 1 ק""ג כ66- יח",,GR,צלחות גדולות,קילוגרמים,1.00,"ק""ג",false,1,44.90,44.90,true,1,
7296073404712,false,איטר.אורז רחב שופרסל400ג,,CN,איטריות אורז רחב,גרמים,400.00,100 גרם,false,1,11.50,2.88,true,1,
7296073404729,false,איט.אורז צרות שופרסל400ג,,CN,איטריות אורז צר,גרמים,400.00,100 גרם,false,1,11.50,2.88,true,1,
7296073404736,false,פרכיות קטנ.מצופה תפוז60ג,NETHERLANDS SANORICE,NL,פרכיות קטנות,גרמים,60.00,100 גרם,false,1,7.90,13.17,true,1,
7296073404903,false,מיץ לימון טבעי זכוכית250,פולנגי,IT,מיץ לימון טבעי,מיליליטרים,250.00,"100 מ""ל",false,1,6.90,2.76,true,1,
7296073405467,false,שקיות אשפה חזקות XL 20י,,IL,שקיות אשפה,יחידה,1.00,יחידה,false,1,22.90,22.90,true,1,
7296073405481,false,שקיות אשפה חזקות XL 25,,IL,שקיות אשפה,יחידה,1.00,יחידה,false,1,22.90,22.90,true,1,
7296073405498,false,שקיות אשפה חזקות גדולות,,IL,שקיות אשפה,יחידה,1.00,יחידה,false,1,21.90,21.90,true,1,
7296073405771,false,אטבי כביסה 24 יחידות,PRC,CN,אטבי כביסה,יחידה,1.00,יחידה,false,1,9.90,9.90,true,1,
7296073405863,false,טחינה גול.מעודנת טבעי310,אר.ג'\י.אם תעשיות מזון ב,IL,טחינה גולמית,גרמים,310.00,100 גרם,false,1,11.90,3.84,true,1,
7296073405870,false,טחינה גולמית טעם שום310ג,אר.ג'\י.אם תעשיות מזון ב,IL,טחינה גולמית שום,גרמים,310.00,100 גרם,false,1,11.90,3.84,true,1,
7296073406600,false,צ'יפס בטטה סגולה ובטטה85,,ES,צ'יפס בטטה סגולה,גרמים,85.00,100 גרם,false,1,10.00,11.77,true,1,
7296073407560,false,תמר סופר עסיסי,קטיף.,IL,תמר מגהול עסיסי,גרמים,500.00,100 גרם,false,1,29.90,5.98,true,1,
7296073408734,false,טירמיסו 82*2 גרם,,IL,טירמיסו 2 יחידות,גרמים,164.00,100 גרם,false,1,12.90,7.87,true,1,
7296073408789,false,מלבי שמנת 160*2 גרם,,IL,מלבי חלבי 2 יח',גרמים,320.00,100 גרם,false,1,12.90,4.03,true,1,
7296073408819,false,כדורי דגנים שוקולד50גרם,,LT,כדוגרי דגנים,גרמים,50.00,100 גרם,false,1,4.90,9.80,true,1,
7296073408826,false,טבעות דגנים עם דבש 50 גר,,LT,טבעות דגנים,גרמים,50.00,100 גרם,false,1,4.90,9.80,true,1,
7296073408833,false,ריבועי דגנים+קינמון 50גר,,LT,ריבועי דגנים,גרמים,50.00,100 גרם,false,1,4.90,9.80,true,1,
7296073408840,false,כדורי דגנים במתיקות 50 ג,,LT,כדורי דגנים,גרמים,50.00,100 גרם,false,1,4.90,9.80,true,1,
7296073408888,false,נייר אפייה 50 יחידות,,IL,נייר אפייה,יחידה,1.00,יחידה,false,1,10.90,10.90,true,1,
7296073408901,false,כפפות M לטקס עם אבקה,WEIFANG,CN,כפפות לטקס,יחידה,1.00,יחידה,false,1,29.90,29.90,true,1,
7296073408918,false,כפפות L לטקס 100,WEIFANG,CN,כפפות לטקס,יחידה,1.00,יחידה,false,1,29.90,29.90,true,1,
7296073409113,false,פופקורן טבעי 5 * 100 גרם,AST נובולוג,BG,פופקורן למיקרוגל,גרמים,500.00,100 גרם,false,1,12.90,2.58,true,1,
7296073409120,false,פופקורן מופחת שומן85*5גר,AST נובולוג,BG,פופקורן למיקרוגל,גרמים,425.00,100 גרם,false,1,12.90,3.04,true,1,
7296073409144,false,מגבונים לחיטוי 50*3 יח',טרופיקל דגיל,IL,מגבונים לחיטוי,יחידה,1.00,יחידה,false,1,15.90,15.90,true,1,
7296073409649,false,גב.עיזים הולנד שופרסל200,B.V KAAS HAZELEGER,NL,גבינת עיזים,גרמים,200.00,100 גרם,false,1,26.90,13.45,true,1,
7296073409663,false,גאודה הולנדי פרוס34% 150,B.V KAAS HAZELEGER,NL,גבינת גאודה,גרמים,150.00,100 גרם,false,1,18.90,12.60,true,1,
7296073409670,false,גב.עיזים פרוס שופרסל150ג,B.V KAAS HAZELEGER,NL,גבינת עיזים,גרמים,150.00,100 גרם,false,1,21.90,14.60,true,1,
7296073409731,false,צמד פטריות שמפניון,מרינה,IL,צמד פטריות,גרמים,420.00,100 גרם,false,1,16.90,4.02,true,1,
7296073409892,false,מגשית כוסברה שופרסל,דורות,IL,מגשית כוסברה שופ,גרמים,70.00,100 גרם,false,1,10.90,15.57,true,1,
7296073409908,false,מגשית בזיליקום שופרסל,דורות,IL,מגשית בזיליקום ש,גרמים,70.00,100 גרם,false,1,10.90,15.57,true,1,
7296073410584,false,ביצים חופש L שופרסל 12יח,,,ביצים חופש12יח L,יחידה,1.00,יחידה,false,0,21.50,21.50,true,1,
7296073410614,false,ביצים אומגהL שופרסל 12יח,,,ביצים אומגה12יחL,יחידה,1.00,יחידה,false,0,23.50,23.50,true,1,
7296073411215,false,מרכך כביסה פרחי בר 1ל,,IL,מרכך כביסה מרוכז,ליטרים,1.00,ליטר,false,1,14.90,14.90,true,1,
7296073411222,false,מרכך כביסה פריחת אביב 1ל,"סאסאטק אגש""ח בע""מ",IL,מרכך כביסה מרוכז,ליטרים,1.00,ליטר,false,1,14.90,14.90,true,1,
7296073411246,false,מרכך מרוכז יסמין/לילך1ל,,IL,מרכך כביסה מרוכז,ליטרים,1.00,ליטר,false,1,14.90,14.90,true,1,
7296073413233,false,חסה עגולה ארוזה,"משק אסף פרחי בע""מ",IL,חסה עגולה,גרמים,200.00,100 גרם,false,1,7.90,3.95,true,1,
7296073413257,false,חסה לבבות,"משק אסף פרחי בע""מ",IL,חסה לבבות,גרמים,350.00,100 גרם,false,1,10.90,3.11,true,1,
7296073413325,false,ביסקוויט שוקולד חלב150גר,,ES,ביסקוויט שוקולד,גרמים,150.00,100 גרם,false,1,9.90,6.60,true,1,
7296073413332,false,ביסקוויט שוקולד מריר150ג,,ES,ביסקוויט שוקולד,גרמים,150.00,100 גרם,false,1,9.90,6.60,true,1,
7296073413349,false,ביסקוויט שוקולד לבן150ג,,ES,ביסקוויט שוקולד,גרמים,150.00,100 גרם,false,1,9.90,6.60,true,1,
7296073413356,false,קפסולות roast dark ג50,DELICA,CH,קפסולות dark,גרמים,50.00,100 גרם,false,1,15.90,31.80,true,1,
7296073413363,false,מברשת לשירותים יסמין יחי,TYF סחר,CN,מברשת לשירותים,יחידה,1.00,יחידה,false,1,14.90,14.90,true,1,
7296073413424,false,צנונית,חבל מעון,IL,צנונית,גרמים,400.00,100 גרם,false,1,6.90,1.73,true,1,
7296073413721,false,שוקולד מריר 77% פרו100ג,פריי )שוקולד(,CH,שוקולד מריר 77%,גרמים,100.00,100 גרם,false,1,10.90,10.90,true,1,
7296073413769,false,שוקולד מריר 83% 100גרם,פריי )שוקולד(,CH,שוקולד מריר,גרמים,100.00,100 גרם,false,1,10.90,10.90,true,1,
7296073413844,false,צמד הודו עוף+סלמי 800 גר,,IL,צמדהודועוף+סלמי,גרמים,800.00,100 גרם,false,1,27.90,3.49,true,1,
7296073414278,false,עגבניות חתוכות דק 400*3ג,פריניר,IL,עגבניות חתוכות3*,קילוגרמים,1.20,"ק""ג",false,1,12.90,10.75,true,1,
7296073414759,false,שמנת מתוקה24%להקצפה250מל,מחלבת רמת-הגולן,IL,שמנת מתוקה,מיליליטרים,250.00,"100 מ""ל",false,1,6.30,2.52,true,1,
7296073414971,false,נוזל כלים פרחי בר 1ליטר,,IL,נוזל כלים פרח בר,ליטרים,1.00,ליטר,false,1,11.90,11.90,true,1,
7296073414988,false,פלפלים ממולאים שופרסל400,אגה אזיר איסק סאניי,TR,פלפלים ממולאים,גרמים,400.00,100 גרם,false,1,8.90,2.23,true,1,
7296073414995,false,חצילים ממולאים שופרסל400,אגה אזיר איסק סאניי,TR,חצילים ממולאים,גרמים,400.00,100 גרם,false,1,8.90,2.23,true,1,
7296073415053,false,שוק.חלב+קרם אגוז לוז100ג,,CH,שוקולד ממולא קרם,גרמים,100.00,100 גרם,false,1,10.90,10.90,true,1,
7296073415077,false,28תחבושות נורמל עם כנפי,קוראטקס,DE,תחבושות B,יחידה,1.00,יחידה,false,1,13.50,13.50,true,1,
7296073415084,false,2תחבושות סופר+ עם כנפיים,קוראטקס,DE,תחבושות B,יחידה,1.00,יחידה,false,1,13.50,13.50,true,1,
7296073415114,false,מגני תחתון נורמל 60 יח,קוראטקס,DE,מגני תחתון B,יחידה,1.00,יחידה,false,1,13.90,13.90,true,1,
7296073415138,false,44 מגני תחתון לונג,קוראטקס,DE,מגני תחתון B,יחידה,1.00,יחידה,false,1,13.90,13.90,true,1,
7296073416036,false,פופקורן בטעם חמאה100*5גר,AST נובולוג,BG,פופקורן למיקרוגל,גרמים,500.00,100 גרם,false,1,12.90,2.58,true,1,
7296073417422,false,מלפפון בייבי,משק גל,IL,מלפפון בייבי,גרמים,350.00,100 גרם,false,1,10.90,3.11,true,1,
7296073417439,false,קישוא זוקיני,משק גל,IL,קישוא זוקיני,קילוגרמים,0.00,"ק""ג",true,1,12.90,12.90,true,1,
7296073420675,false,ביצי הפתעה יוניקורן20*3ג,SPA ZAINI LUIGI,IT,ביצי הפתעה יוניק,גרמים,60.00,100 גרם,false,1,13.90,23.17,true,1,
7296073421719,false,"מגב רצפה 40ס""מ יחידה",מיקסליר,IT,"מגב רצפה 40ס""מ",יחידה,1.00,יחידה,false,1,10.90,10.90,true,1,
7296073421801,false,גבינת פרמזן30% 200ג שופר,אמברוסי,IT,גבינת פרמזן,גרמים,200.00,100 גרם,false,1,25.90,12.95,true,1,
7296073421825,false,גרנה פדנו29%שופרסל200ג,אמברוסי,IT,גרנה פדנו,גרמים,200.00,100 גרם,false,1,26.90,13.45,true,1,
7296073421832,false,גרנה פדנו מגורדת29% 100ג,אמברוסי,IT,גרנה פדנו מגורדת,גרמים,100.00,100 גרם,false,1,9.90,9.90,true,1,
7296073422211,false,שעועית ירוקה טרייה שטופה,גיזרונים,IL,שעועית ירוקה טרי,גרמים,410.00,100 גרם,false,1,15.90,3.88,true,1,
7296073422617,false,נבטי אלפלפא 120גרם,נבטי איילון,IL,נבטי אלפלפא,גרמים,120.00,100 גרם,false,1,7.90,6.58,true,1,
7296073422624,false,נבטי חמניות 150גרם,נבטי איילון,IL,נבטי חמניות,גרמים,150.00,100 גרם,false,1,8.90,5.93,true,1,
7296073422655,false,נבטים סיניים 220גרם,נבטי איילון,IL,נבטים סיניים,גרמים,220.00,100 גרם,false,1,7.90,3.59,true,1,
7296073422693,false,אנדיב / עולש,חוות תקוע,IL,אנדיב / עולש,גרמים,220.00,100 גרם,false,1,12.90,5.86,true,1,
7296073423126,false,לקט עלי סלנובה ועלי בייב,"פרסקו חצבה 2006 בע""\מ",IL,לקטסלנובה ובייבי,גרמים,200.00,100 גרם,false,1,12.90,6.45,true,1,
7296073423133,false,עלי חסה סלנובה שטופים,"פרסקו חצבה 2006 בע""\מ",IL,עלי חסה סלנובה,גרמים,200.00,100 גרם,false,1,12.90,6.45,true,1,
7296073423447,false,חטיף אגס 20 גרם,נוביפרוטס,PT,חטיף אגס,גרמים,20.00,100 גרם,false,1,4.90,24.50,true,1,
7296073423454,false,חטיף תפוח אדום 20 גרם,נוביפרוטס,PT,חטיף תפוח אדום,גרמים,20.00,100 גרם,false,1,4.90,24.50,true,1,
7296073423461,false,חטיף תפוח עץ וקינמון20ג,נוביפרוטס,PT,חטיף תפוח עץ,גרמים,12.00,100 גרם,false,1,4.90,40.83,true,1,
7296073423478,false,חטיף קוקוס מיובש 20 גרם,נוביפרוטס,PT,חטיף קוקוס,גרמים,20.00,100 גרם,false,1,4.90,24.50,true,1,
7296073423645,false,פתי בר שופרסל 300 גרם,BV BISCUIT PALLY,NL,פתי בר,גרמים,300.00,100 גרם,false,1,4.90,1.63,true,1,
7296073423652,false,קרקרים בסגנון איטלקי180ג,יורוסנאקס,IT,חטיפי מיני קרקר,גרמים,180.00,100 גרם,false,1,8.90,4.94,true,1,
7296073423669,false,קרקר שמן זית וזיתים180גר,יורוסנאקס,IT,חטיפי מיני קרקר,גרמים,180.00,100 גרם,false,1,8.90,4.94,true,1,
7296073423676,false,קרקרים מיני רוזמרין180ג,יורוסנאקס,IT,חטיפי מיני קרקר,גרמים,180.00,100 גרם,false,1,8.90,4.94,true,1,
7296073424574,false,תערובת סופלה 250 גרם,"י. כהן בע""\מ",IL,תערובת סופלה,גרמים,250.00,100 גרם,false,1,15.90,6.36,true,1,
7296073424697,false,קוואקר ש.שועל בפחית500ג,ZO SP. POLSER,AE,קוואקר ש.שועל פח,גרמים,500.00,100 גרם,false,1,10.90,2.18,true,1,
7296073426523,false,חלב אורגני גרין 3% 1 ל,מחלבות רמת הגולן,IL,חלב אורגני גרין,ליטרים,1.00,ליטר,false,1,10.90,10.90,true,1,
7296073426530,false,חלב אורגני גרין 1% 1ליטר,מחלבות רמת הגולן,IL,חלב אורגני גרין,ליטרים,1.00,ליטר,false,1,10.90,10.90,true,1,
7296073427810,false,מטליות רצפה לוונדר10יח,פלסטו פוליש,IL,מטליות לרצפה,יחידה,1.00,יחידה,false,1,10.90,10.90,true,1,
7296073428497,false,בורקס פטריות שופרסל 800,גידרון,IL,בורקס פטריות,גרמים,800.00,100 גרם,false,1,19.90,2.49,true,1,
7296073428503,false,אקונומיקה בישום עוצמתי4ל,סאסאטק,IL,אקונומיקה מבושמת,ליטרים,4.00,ליטר,false,1,16.90,4.23,true,1,
7296073428541,false,מיקס פירות יער חדש 300 ג,D.O.O LAKI,RS,מיקס פירות יער,גרמים,300.00,100 גרם,false,1,16.90,5.63,true,1,
7296073429012,false,מנקה ומבשם רצפות אדום 2ל,ספידי תעשיות,IL,מנקה ומבשם רצפות,ליטרים,2.00,ליטר,false,1,15.00,7.50,true,1,
7296073429210,false,מסיר אבנית למקלחון 1 ל,"סאסאטק אגש""ח בע""מ",IL,מסיר אבנית מרסס,ליטרים,1.00,ליטר,false,1,14.90,14.90,true,1,
7296073429258,false,חיטוי+חומץ לאמבט מרסס750,"סאסאטק אגש""ח בע""מ",IL,חיטוי לאמבט מרסס,מיליליטרים,750.00,"100 מ""ל",false,1,14.90,1.99,true,1,
7296073429753,false,ניילון נצמד בחיתוך קל,,CN,ניילון נצמד,מטרים,150.00,מטר,false,1,20.00,0.14,true,1,
7296073429890,false,"אורז בסמטי שופרסל 1 ק""ג",צמן,IN,אורז בסמטי,קילוגרמים,1.00,"ק""ג",false,1,11.90,11.90,true,1,
7296073430599,false,קפסולות מס 14 לנספרסו50ג,DELICA,CH,קפסולות מס 14,גרמים,50.00,100 גרם,false,1,15.90,31.80,true,1,
7296073430605,false,קפסולות מס 13 לנספרסו50ג,DELICA,CH,קפסולות מס 13,גרמים,50.00,100 גרם,false,1,15.90,31.80,true,1,
7296073431114,false,רביולי תרד פרימיום 300 ג,פסטה נונה,IL,רביולי תרד פרימי,גרמים,300.00,100 גרם,false,1,19.90,6.63,true,1,
7296073431121,false,רביולי גבינה פרימיום 300,פסטה נונה,IL,רביולי גבינה פרי,גרמים,300.00,100 גרם,false,1,19.90,6.63,true,1,
7296073431138,false,רביולי בטטה פרימ,,,רביולי בטטה פרימ,יחידה,1.00,יחידה,false,0,19.90,19.90,true,1,
7296073431152,false,מיקס עגבניה שרי,עידו נחום,IL,מיקס עגבניות שרי,גרמים,460.00,100 גרם,false,1,10.90,2.37,true,1,
7296073431565,false,"צלחת קנה סוכר ""10 25 יחי",,CN,צלחות מקנה סוכר,יחידה,1.00,יחידה,false,1,17.90,17.90,true,1,
7296073431572,false,"צלחת קנה סוכר ""9 25 יחי",,CN,צלחת קנה סוכר,יחידה,1.00,יחידה,false,1,14.90,14.90,true,1,
7296073431589,false,"צלחת קנה סוכר ""7 25 יחי",,CN,צלחת קנה סוכר,יחידה,1.00,יחידה,false,1,9.90,9.90,true,1,
7296073431596,false,מרקייה קנה סוכר 25 יחידו,,CN,מרקיות מקנה סוכר,יחידה,1.00,יחידה,false,1,14.90,14.90,true,1,
7296073431879,false,עוגת מאפין שוקו צ'יפס500,גידרון,IL,מאפין שוקוצ'יפס,גרמים,500.00,100 גרם,false,1,20.00,4.00,true,1,
7296073431886,false,עוגת מאפין שוקולד 500גרם,גידרון,IL,מאפין טעם שוקו,גרמים,500.00,100 גרם,false,1,20.00,4.00,true,1,
7296073431893,false,עוגת מאפין אגוזים 500גרם,,IL,מאפין אגוזים,גרמים,550.00,100 גרם,false,1,20.00,3.63,true,1,
7296073431909,false,עוגת מאפין תפוח עץ500גרם,גידרון,IL,מאפין תפוח  עץ,גרמים,500.00,100 גרם,false,1,20.00,4.00,true,1,
7296073432104,false,עוגת מוס שוקולד שכבות900,גידרון,IL,עוגת מוס,גרמים,900.00,100 גרם,false,1,72.90,8.10,true,1,
7296073432197,false,מוס שוק.קלאסי פרווה 880ג,גידרון,IL,עוגת מוס שוקולד,גרמים,880.00,100 גרם,false,1,79.50,9.03,true,1,
7296073432210,false,עוגת פס מוס בלגי פרווה .,גידרון,IL,עוגת מוס בלגי,יחידה,1.00,יחידה,false,1,49.90,49.90,true,1,
7296073432319,false,סופלה שוקולד 150*2גרם,גידרון,IL,סופלה שוקולד,גרמים,300.00,100 גרם,false,1,22.90,7.63,true,1,
7296073432326,false,מטלית אנטיבקטראל למשטחים,LTD Y.B.T.C,CN,מטלית למשטחים,יחידה,1.00,יחידה,false,1,6.90,6.90,true,1,
7296073432937,false,מטליות אנטיבקטריאליות2יח,סדובסקי,CN,מטליות מיקרו,יחידה,1.00,יחידה,false,1,12.90,12.90,true,1,
7296073432944,false,סט מטליות מיקרופייבר5יח,סדובסקי,CN,סט מטליות מיקרו,יחידה,1.00,יחידה,false,1,16.90,16.90,true,1,
7296073440062,false,מרכך כביסה מרוכז ורוד2לי,גליל כימיקלים,IL,מרכך כביסה ורוד,ליטרים,2.00,ליטר,false,1,19.90,9.95,true,1,
7296073440079,false,מרכך כביסה מרוכז לבן2ליט,גליל כימיקלים,IL,מרכך מרוכז לבן,ליטרים,2.00,ליטר,false,1,19.90,9.95,true,1,
7296073440109,false,קפסולות לכביסה 36 יחידות,גליל כימיקלים בעמ,IL,קפסולות לכביסה,יחידה,1.00,יחידה,false,1,34.00,34.00,true,1,
7296073440956,false,קינואה שופרסל זיפר 500 ג,"הנמל אריזות ושיווק בע""\מ",PE,קינואה זיפר,גרמים,500.00,100 גרם,false,1,15.90,3.18,true,1,
7296073440963,false,"קינואה שופרסל זיפר 1 ק""ג","הנמל אריזות ושיווק בע""\מ",PE,קינואה זיפר,קילוגרמים,1.00,"ק""ג",false,1,24.90,24.90,true,1,
7296073441083,false,חמוציות ברכז תפוחים 200ג,ששון,US,חמוציות ברכז תפו,גרמים,200.00,100 גרם,false,1,16.90,8.45,true,1,
7296073441335,false,פריכיות אורז מלא 110 גרם,"פרח תעשיות מזון בע""\מ",IL,פריכיות אורז מלא,גרמים,110.00,100 גרם,false,1,6.90,6.27,true,1,
7296073441366,false,פריכיות חומוס וקינואה110,"פרח תעשיות מזון בע""\מ",IL,פריכיות חומוס,גרמים,110.00,100 גרם,false,1,10.90,9.91,true,1,
7296073441373,false,פריכיות חומוס וצ'יה110ג,"פרח תעשיות מזון בע""\מ",IL,פריכיות חומוס,גרמים,110.00,100 גרם,false,1,10.90,9.91,true,1,
7296073441625,false,ג'ל רחצה לגבר,,,ג'ל רחצה לגבר,יחידה,1.00,יחידה,false,0,8.90,8.90,true,1,
7296073441885,false,כריות יפניות אנטיבקטריאל,פלסטו פוליש,IL,כריות יפניות,יחידה,1.00,יחידה,false,1,10.90,10.90,true,1,
7296073442219,false,כדורי דגנים חום לבן500גר,CERERA,LT,כדורי דגנים,גרמים,500.00,100 גרם,false,1,12.90,2.58,true,1,
7296073442226,false,צדפים דגנים ט.שוקולד500ג,CERERA,LT,דגנים צדפים,גרמים,500.00,100 גרם,false,1,12.90,2.58,true,1,
7296073442240,false,כדורי דגנים חום לבן 50גר,CERERA,LT,כדורי דגנים,גרמים,50.00,100 גרם,false,1,4.90,9.80,true,1,
7296073442257,false,צדפים דגנים ט.שוקולד50ג,CERERA,LT,צדפים דגנים,גרמים,50.00,100 גרם,false,1,4.90,9.80,true,1,
7296073444220,false,42 חיתולים שלב 4 שופרסל,די.פי.אל תעשיות מוצרים ח,IL,חיתולים שופרסל,יחידה,1.00,יחידה,false,1,29.90,29.90,true,1,
7296073444237,false,40חיתולים שלב 4+ שופרסל,די.פי.אל תעשיות מוצרים ח,IL,חיתולים שופרסל,יחידה,1.00,יחידה,false,1,29.90,29.90,true,1,
7296073444244,false,34 חיתולים שלב 5 שופרסל,די.פי.אל תעשיות מוצרים ח,IL,חיתולים שופרסל,יחידה,1.00,יחידה,false,1,29.90,29.90,true,1,
7296073445166,false,במיה קפואה 600 גרם,INDUSTRY FOOD FOR SILVA,IL,במיה 600 גרם,גרמים,600.00,100 גרם,false,1,13.90,2.32,true,1,
7296073445401,false,"תרחיץ פנים גרגירי150 מ""ל",קוסמטיקס,TR,תרחיץ פנים מיסלר,מיליליטרים,150.00,"100 מ""ל",false,1,11.90,7.93,true,1,
7296073445517,false,סבון ידיים Starburst 500,,,סבון ידיים+משאבה,יחידה,1.00,יחידה,false,0,11.90,11.90,true,1,
7296073445678,false,קצף אקונומיקה לוונדר 1 ל,קומפלקס כימיקלים,IL,קצף אקונומיקה,ליטרים,1.00,ליטר,false,1,10.00,10.00,true,1,
7296073445708,false,מחית תפוח אפרסק בננה 90ג,DELAFRUIT,ES,מחית מיקס פירות,גרמים,90.00,100 גרם,false,1,4.90,5.44,true,1,
7296073446279,false,ממרח שקדים 300 גרם,ג'י אנד ג'י,IL,ממרח  שקדים,גרמים,300.00,100 גרם,false,1,29.90,9.97,true,1,
7296073446996,false,גביעי ופל גלידריה שחור88,גילרו,IL,גביעי גלידריה,גרמים,88.00,100 גרם,false,1,13.90,15.80,true,1,
7296073447108,false,קמח עמילן ללא גלוטן500,,IT,קמח בסיס עמילן,גרמים,500.00,100 גרם,false,1,14.90,2.98,true,1,
7296073447528,false,קרקר עגבניות ובזיליקו105,אלביסקו,GR,קרקר עגבניות,גרמים,105.00,100 גרם,false,1,7.90,7.52,true,1,
7296073447535,false,קרקר תרד ושמיר 105 גרם,אלביסקו,GR,קרקר תרד ושמיר,גרמים,105.00,100 גרם,false,1,7.90,7.52,true,1,
7296073447917,false,מגבונים לחיטוי וניקוי400,סאסאטק,IL,מגבונים לחיטוי,יחידה,1.00,יחידה,false,1,32.90,32.90,true,1,
7296073447955,false,גלידה בטעם טירמיסו,פלקו,IL,גלידת טירמיסו,ליטרים,1.40,ליטר,false,1,19.90,14.21,true,1,
7296073448105,false,חטיף ש.שועל+קינמון42*5ג,"אפקטבעי בע""\מ",IL,חטיף שבולת שועל,גרמים,210.00,100 גרם,false,1,13.90,6.62,true,1,
7296073448112,false,חטיף ש.שועל+דבש42*5ג,"אפקטבעי בע""\מ",IL,חטיף שבולת שועל,גרמים,210.00,100 גרם,false,1,13.90,6.62,true,1,
7296073448129,false,חטיף ש.שועל+מייפל42*5ג,"אפקטבעי בע""\מ",IL,חטיף שבולת שועל,גרמים,210.00,100 גרם,false,1,13.90,6.62,true,1,
7296073448136,false,חטיף ש.שועל שוק.מריר42*5,"אפקטבעי בע""\מ",IL,חטיף שבולת שועל,גרמים,210.00,100 גרם,false,1,13.90,6.62,true,1,
7296073448150,false,מברשת בקבוקים,פולסוס,CN,מברשת בקבוקים,יחידה,1.00,יחידה,false,1,10.90,10.90,true,1,
7296073448488,false,"Be שמפו לילדים 700 מ""ל",BFF,TR,Be שמפו לילדים,מיליליטרים,700.00,"100 מ""ל",false,1,10.90,1.56,true,1,
7296073449041,false,רביולי ארטישוק וגבינות,דורום תעשיות מזון ופסטה,IL,רביולי ארטישוק,גרמים,300.00,100 גרם,false,1,19.90,6.63,true,1,
7296073449508,false,מגבוני ניו בורן 64*4,דינמיק,IL,מגבוני ניו בורן,יחידה,1.00,יחידה,false,1,19.90,19.90,true,1,
7296073449515,false,מגבונים עם שמן שקדים64*4,דינמיק,IL,מגבוני בייבי,יחידה,1.00,יחידה,false,1,19.90,19.90,true,1,
7296073449522,false,"סבון קוביה ורוד 500 מ""ל",טאהא קימיה,TR,סבון קוביה ורוד,מיליליטרים,500.00,"100 מ""ל",false,1,9.90,1.98,true,1,
7296073449539,false,"סבון קוביה כחול 500 מ""ל",טאהא קימיה,TR,סבון קוביה כחול,מיליליטרים,500.00,"100 מ""ל",false,1,9.90,1.98,true,1,
7296073449881,false,מגבות נייר גליל כפול 6יח,שניב תעשיות נייר,IL,מגבות נייר,מטרים,130.00,מטר,false,1,19.90,0.15,true,1,
7296073450320,false,מנגו תות תמר קפוא לשייק,D.O.O LAKI,RS,מנגו תות תמר קפו,גרמים,450.00,100 גרם,false,1,21.90,4.87,true,1,
7296073450726,false,פריכי.משולש פלפל שחור30ג,"פרח תעשיות מזון בע""\מ",IL,פריכיות משולשים,גרמים,30.00,100 גרם,false,1,4.90,16.33,true,1,
7296073450733,false,פריכיות משולש ברביקיו30ג,"פרח תעשיות מזון בע""\מ",IL,פריכיות משולשים,גרמים,30.00,100 גרם,false,1,4.90,16.33,true,1,
7296073450740,false,פריכיות משולשים ט.טבעי30,"פרח תעשיות מזון בע""\מ",IL,פריכיות משולשים,גרמים,30.00,100 גרם,false,1,4.90,16.33,true,1,
7296073450771,false,לקט קפוא דלעת גזר גמדי,פרי גליל,IL,לקט קפוא דלעת גז,גרמים,800.00,100 גרם,false,1,19.90,2.49,true,1,
7296073451044,false,3 מפות אל בד חלק 120*180,,CN,מפות אל בד,יחידה,1.00,יחידה,false,1,19.90,19.90,true,1,
7296073451501,false,"בורקס תפו""א ללא גלוטן500",גידרון,IL,"בורקס תפו""א",גרמים,500.00,100 גרם,false,1,24.90,4.98,true,1,
7296073451518,false,בורקס גבינה ל.גלוטן500ג,גידרון,IL,בורקס גבינה,גרמים,500.00,100 גרם,false,1,24.90,4.98,true,1,
7296073451914,false,פסטו בזיליקום שופרסל,"פרסקו חצבה 2006 בע""\מ",IL,פסטו בזיליקום שו,גרמים,180.00,100 גרם,false,1,14.90,8.28,true,1,
7296073451921,false,פסטו כוסברה שופרסל,"פרסקו חצבה 2006 בע""\מ",IL,פסטו כוסברה שופר,גרמים,180.00,100 גרם,false,1,14.90,8.28,true,1,
7296073451945,false,טפנד זיתים ירוקים שופרסל,"פרסקו חצבה 2006 בע""\מ",IL,טפנד זיתים ירוקי,גרמים,180.00,100 גרם,false,1,14.90,8.28,true,1,
7296073451983,false,ממרח קרם ארטישוק שופרסל,"פרסקו חצבה 2006 בע""\מ",IL,ממרח קרם ארטישוק,גרמים,180.00,100 גרם,false,1,14.90,8.28,true,1,
7296073451990,false,ממרח צ'ימיצ'ורי שופרסל,"פרסקו חצבה 2006 בע""\מ",IL,ממרח צ'ימיצ'ורי,גרמים,180.00,100 גרם,false,1,14.90,8.28,true,1,
7296073452386,false,אושפלו פרגית 550 גרם,סי.אי.פי מבוא חורון,IL,אושפלו פרגית,גרמים,500.00,100 גרם,false,1,37.90,7.58,true,1,
7296073452546,false,אוכמניות כחולות קפואות 3,D.O.O LUKOWA,RS,אוכמניות כחולות,גרמים,300.00,100 גרם,false,1,16.90,5.63,true,1,
7296073452577,false,מרשמלו ורוד לבן 180 גרם,"כרמית מזון בע""\מ",IL,מרשמלו ורוד לבן,גרמים,180.00,100 גרם,false,1,6.90,3.83,true,1,
7296073452584,false,מרשמלו טוויסטר 180 גרם,"כרמית מזון בע""\מ",IL,מרשמלו טוויסטר,גרמים,180.00,100 גרם,false,1,6.90,3.83,true,1,
7296073452645,false,גזר צבעוני,גזר שליט,IL,גזר צבעוני,גרמים,630.00,100 גרם,false,1,7.90,1.25,true,1,
7296073453932,false,אורז בסגנון מקסיקני250ג,מניופקטר,FR,תבשיל אורז,גרמים,250.00,100 גרם,false,1,8.90,3.56,true,1,
7296073453956,false,אורז בסגנון הודי 250 גרם,מניופקטר,FR,אורז בסגנון הודי,גרמים,250.00,100 גרם,false,1,8.90,3.56,true,1,
7296073453970,false,שניצל עוף אמיתי מעודן,מילועוף,IL,שניצל עוף אמיתי,גרמים,700.00,100 גרם,false,1,29.90,4.27,true,1,
7296073453994,false,שניצל עוף דק בציפוי פריך,מילועוף,IL,שניצל עוף דק בצי,גרמים,700.00,100 גרם,false,1,29.90,4.27,true,1,
7296073454274,false,יוגורט BIO אורגני3% 180ג,מחלבות רמת הגולן,IL,יוגורט ביו 3%,גרמים,180.00,100 גרם,false,1,4.70,2.61,true,1,
7296073454434,false,זית קלמטה גדול מגולען70ג,מניופקטר,GR,זיתים קלמטה,גרמים,70.00,100 גרם,false,1,6.90,9.86,true,1,
7296073454441,false,זית ירוק ממולא שום70ג,מניופקטר,GR,זיתים ממולאים,גרמים,70.00,100 גרם,false,1,6.90,9.86,true,1,
7296073454465,false,זית ירוק ממול.פלפ.אדום70,מניופקטר,GR,זיתים ממולאים,גרמים,70.00,100 גרם,false,1,6.90,9.86,true,1,
7296073454472,false,מיקס זיתים שחור וירוק70ג,מניופקטר,GR,מיקס זיתים,גרמים,70.00,100 גרם,false,1,6.90,9.86,true,1,
7296073454885,false,נייר אפייה 100יח 38X42סמ,,PL,נייר אפייה,יחידה,1.00,יחידה,false,1,21.90,21.90,true,1,
7296073455356,false,טרליני בטעם טבעי 400 גרם,ATLANTE,IT,טרליני בטעם טבעי,גרמים,400.00,100 גרם,false,1,12.90,3.23,true,1,
7296073455387,false,טרליני עם שומר 400 גרם,ATLANTE,IT,טרליני עם שומר,גרמים,400.00,100 גרם,false,1,12.90,3.23,true,1,
7296073455400,false,טרליני חריף עם צ'ילי400ג,ATLANTE,IT,טרליני חריף,גרמים,400.00,100 גרם,false,1,12.90,3.23,true,1,
7296073455417,false,טרליני בטעם בצל 400 גרם,ATLANTE,IT,טרליני בטעם בצל,גרמים,400.00,100 גרם,false,1,12.90,3.23,true,1,
7296073456360,false,עוגת גבינה פרורים 92*2גר,עדן קינוחים,IL,עוגת גבינה זוג,גרמים,184.00,100 גרם,false,1,12.90,7.01,true,1,
7296073457237,false,שוקולד עם עוגיות 100 גרם,דליקה,CH,שוקולד עם עוגיות,גרמים,100.00,100 גרם,false,1,6.20,6.20,true,1,
7296073457244,false,שוקולד חלב קורנפלקס 100ג,דליקה,CH,שוקולד חלב,גרמים,100.00,100 גרם,false,1,6.20,6.20,true,1,
7296073457268,false,שוקולד חלב+נוגט וקרמל100,דליקה,CH,שוקולד חלב,גרמים,100.00,100 גרם,false,1,6.20,6.20,true,1,
7296073457381,false,לחמנ.המבורגר 8 יח שופרסל,מאפית ברמן,IL,לחמניות המבורגר,גרמים,448.00,100 גרם,false,1,11.90,2.66,true,1,
7296073457572,false,עוגת גבינה אוכמניות92*2ג,עדן קינוחים,IL,עוגת גבינה זוג,גרמים,184.00,100 גרם,false,1,12.90,7.01,true,1,
7296073457619,false,מחית תפוח דלעת ופשתן 90ג,DELAFRUIT,ES,מחית תפוח דלעת,גרמים,90.00,100 גרם,false,1,4.90,5.44,true,1,
7296073457992,false,שורש גינגר טרי ארוז,POMMER,IL,שורש גינגר טרי,גרמים,250.00,100 גרם,false,1,10.90,4.36,true,1,
7296073458029,false,יוגורט BIO אורגני1801.5%,מחלבות רמת הגולן,IL,יוגורט ביו 1.5%,גרמים,180.00,100 גרם,false,1,4.70,2.61,true,1,
7296073458036,false,תירס גמדי שלם במי מלח425,מאנפאקטור,TH,תירס גמדי שלם,גרמים,425.00,100 גרם,false,1,6.90,1.62,true,1,
7296073459286,false,"שמפו לתינוק 750 מ""ל",BFF,TR,שמפו לתינוק,מיליליטרים,750.00,"100 מ""ל",false,1,17.90,2.39,true,1,
7296073459309,false,ציפס בטטה זיגזג שופרסל,"תעשיות תפוגן בע""\מ",IL,ציפס בטטה זיגזג,גרמים,500.00,100 גרם,false,1,17.90,3.58,true,1,
7296073461968,false,בייגלה עם בצל מקורמל 200,אלקה קו,RO,בייגלה עם בצל,גרמים,200.00,100 גרם,false,1,10.90,5.45,true,1,
7296073461975,false,בייגלה עם דבש 200 גרם,אלקה קו,RO,בייגלה עם דבש,גרמים,200.00,100 גרם,false,1,10.90,5.45,true,1,
7296073461982,false,בייגלה עם עגבניות 200גרם,אלקה קו,RO,בייגלה +עגבניות,גרמים,200.00,100 גרם,false,1,10.90,5.45,true,1,
7296073472797,false,"קמח חיטה לבן מנופה 1 ק""ג","שטיבל בע""\מ",IL,קמח לבן מנופה,קילוגרמים,1.00,"ק""ג",false,1,7.90,7.90,true,1,
7296073472827,false,"קמח תופח לבן מנופה 1 ק""ג","שטיבל בע""\מ",IL,קמח תופח מנופה,קילוגרמים,1.00,"ק""ג",false,1,8.90,8.90,true,1,
7296073472841,false,"קמח חיטה מלא מנופה 1 ק""ג","שטיבל בע""\מ",IL,קמח חיטה מלאה,קילוגרמים,1.00,"ק""ג",false,1,8.90,8.90,true,1,
7296073472896,false,"קמח כוסמין מנופה 1 ק""ג","שטיבל בע""\מ",IL,קמח כוסמין מנופה,קילוגרמים,1.00,"ק""ג",false,1,13.90,13.90,true,1,
7296073473466,false,סילאן אורגני לחיץ  470 ג,,AE,סילאן אורגני,גרמים,470.00,100 גרם,false,1,19.90,4.23,true,1,
7296073473497,false,בולגרית מעודנת 5% 250 גר,מחלבות רמת הגולן,IL,בולגרית מעודנת,גרמים,250.00,100 גרם,false,1,17.90,7.16,true,1,
7296073473503,false,בולגרית 5% שופרסל 250 גר,מחלבות רמת הגולן,IL,גבינה בולגרית,גרמים,250.00,100 גרם,false,1,17.90,7.16,true,1,
7296073473510,false,בולגרית 16% שופרסל 250 ג,מחלבות רמת הגולן,IL,גבינה בולגרית,גרמים,250.00,100 גרם,false,1,17.90,7.16,true,1,
7296073473589,false,פיתה ציפס בטעם פיצה 90 ג,SRL ONE,IT,פיתה צ'יפס,גרמים,90.00,100 גרם,false,1,6.50,7.22,true,1,
7296073473596,false,פיתה ציפס בטעם טבעי 90 ג,SRL ONE,IT,פיתה ציפס,גרמים,90.00,100 גרם,false,1,6.50,7.22,true,1,
7296073473602,false,פיתה ציפס בטעם פפריקה90ג,SRL ONE,IT,פיתה צ'יפס,גרמים,90.00,100 גרם,false,1,6.50,7.22,true,1,
7296073473619,false,"צלחת דקל עגול 25 ס""מ 10",,IN,צלחת דקל,יחידה,1.00,יחידה,false,1,19.90,19.90,true,1,
7296073473671,false,עוגת תפוזים ללא גלוטן350,גידרון,IL,עוגת תפוזים,גרמים,350.00,100 גרם,false,1,20.90,5.97,true,1,
7296073473886,false,משקה סויה מתוק.מעודן1ל,,ES,משקה סויה אורגני,ליטרים,1.00,ליטר,false,1,12.90,12.90,true,1,
7296073473909,false,תרסיס שמן קנולה שופר150מ,מאנפקטור,ES,תרסיס שמן,מיליליטרים,150.00,"100 מ""ל",false,1,15.90,10.60,true,1,
7296073473916,false,תרסיס שמן זית כתית 150 מ,מאנפקטור,ES,תרסיס שמן,מיליליטרים,150.00,"100 מ""ל",false,1,15.90,10.60,true,1,
7296073473923,false,תרסיס שמן בטעם חמאה 150,מאנפקטור,ES,תרסיס שמן,מיליליטרים,150.00,"100 מ""ל",false,1,12.90,8.60,true,1,
7296073484004,false,שמן קנולה מזוכך 1 ליטר,בורחס,ES,שמן קנולה מזוכך,ליטרים,1.00,ליטר,false,1,10.90,10.90,true,1,
7296073484059,false,שמן סויה שופרסל 1 ליטר,סובנה,PT,שמן סויה,ליטרים,1.00,ליטר,false,1,11.90,11.90,true,1,
7296073484240,false,שקיות אוכל 150*2 יחידות,אשפלסט,IL,שקיות אוכל זוג,יחידה,1.00,יחידה,false,1,11.90,11.90,true,1,
7296073484332,false,קפסולות קפה 14 יחידות,DELICA,CH,סט 14 קפסולות,יחידה,1.00,יחידה,false,1,15.90,15.90,true,1,
7296073484479,false,קפסולות לכביסה22 יחידות,גליל כימיקלים בעמ,IL,קפסולות לכביסה,יחידה,1.00,יחידה,false,1,20.90,20.90,true,1,
7296073484585,false,גאודה עזים יישון שנה200ג,הנרי ויליך,NL,גאודה עיזים,גרמים,200.00,100 גרם,false,1,26.90,13.45,true,1,
7296073484783,false,תמצית וניל לאפייה 30 מל,מיה,IL,תמצית וניל אמיתי,מיליליטרים,30.00,"100 מ""ל",false,1,22.90,76.33,true,1,
7296073484981,false,קרם קוקוס 24%-22% 500מל,תאי קוקונט אל טי די,TH,קרם קוקוס,מיליליטרים,500.00,"100 מ""ל",false,1,9.90,1.98,true,1,
7296073484998,false,נוזל קוקוס 18%-17% 500גר,תאי קוקונט אל טי די,TH,נוזל קוקוס,מיליליטרים,500.00,"100 מ""ל",false,1,9.90,1.98,true,1,
7296073485001,false,קצפת קוקוס 500 גרם,תאי קוקונט אל טי די,TH,קצפת קוקוס,מיליליטרים,400.00,"100 מ""ל",false,1,12.90,3.23,true,1,
7296073485018,false,מיוקטשופ 430 גרם,אסיור,ES,מיוקטשופ,גרמים,430.00,100 גרם,false,1,10.90,2.53,true,1,
7296073485049,false,מחית עגבניות קלה 690 גרם,מאנפקטור,IT,מחית עגבניות,גרמים,690.00,100 גרם,false,1,10.90,1.58,true,1,
7296073495758,false,חסה לאליק הידרופונית,יגור חקלאות ועסקים,IL,חסה לאליק הידרופ,גרמים,190.00,100 גרם,false,1,12.90,6.79,true,1,
7296073495819,false,סבון לאסלה 50*3 גרם,רנקסאן פלסטיק סונגר סאן,TR,סבון לאסלה,גרמים,150.00,100 גרם,false,1,10.90,7.27,true,1,
7296073495857,false,טופו אורגני רך 300 גרם,"משק ויילר בע""\מ",IL,טופו אורגני,גרמים,300.00,100 גרם,false,1,9.90,3.30,true,1,
7296073496113,false,בצק פילו 500 גרם,ARABATZIS,GR,בצק פילו 500 גרם,גרמים,500.00,100 גרם,false,1,12.90,2.58,true,1,
7296073496144,false,זית ירוק נטולי גלעין390ג,"בית השיטה תעשיות בע""\מ",IL,זיתים ירוקים,גרמים,390.00,100 גרם,false,1,7.90,2.03,true,1,
7296073496151,false,זית קלמטה נטולי גלעין560,"בית השיטה תעשיות בע""\מ",IL,זיתי קלמטה,גרמים,560.00,100 גרם,false,1,11.90,2.13,true,1,
7296073496168,false,זיתים מרוקאי 340 גרם,"בית השיטה תעשיות בע""\מ",IL,זיתים מרוקאי,גרמים,340.00,100 גרם,false,1,11.90,3.50,true,1,
7296073496304,false,WOW קראנץ קרמל מלוח 90גר,INNOVATION WAWI,DE,WOW קראנץ קרמל,גרמים,90.00,100 גרם,false,1,9.90,11.00,true,1,
7296073496311,false,WOW קראנץ קרמל/טופי 90גר,INNOVATION WAWI,DE,WOW קראנץ ט.קרמל,גרמים,90.00,100 גרם,false,1,9.90,11.00,true,1,
7296073496328,false,WOW מריר נוגט ולוז 90גרם,INNOVATION WAWI,DE,WOW מריר נוגט,גרמים,90.00,100 גרם,false,1,9.90,11.00,true,1,
7296073496335,false,טבלת קראנץ בטעם תפוז 90,INNOVATION WAWI,DE,WOW שוקולד תפוז,גרמים,90.00,100 גרם,false,1,9.90,11.00,true,1,
7296073496489,false,שעועית אדומה מושרית מבוש,פרי גליל,IL,שעועית אדומה מבו,גרמים,800.00,100 גרם,false,1,17.90,2.24,true,1,
7296073496496,false,עדשים ירוקות מבושלות 800,פרי גליל,IL,עדשים ירוקות מבו,גרמים,800.00,100 גרם,false,1,17.90,2.24,true,1,
7296073496816,false,עגבניות מרוסקות400*3ג,S.P.A DAVIA,IT,עגבניות מרוסק3יח,קילוגרמים,1.20,"ק""ג",false,1,18.90,15.75,true,1,
7296073496823,false,עגבניות אורג.קוביות400ג,S.P.A DAVIA,IT,עגבניות אורגניות,גרמים,400.00,100 גרם,false,1,3.90,0.98,true,1,
7296073497257,false,תערובת להכנת פיצה 300 גר,"י. כהן בע""\מ",IL,תערובת הכנת פיצה,גרמים,300.00,100 גרם,false,1,15.90,5.30,true,1,
7296073497264,false,תערובת להכנת פרצל 300 גר,"י. כהן בע""\מ",IL,תערובת הכנת פרצל,גרמים,300.00,100 גרם,false,1,15.90,5.30,true,1,
7296073497301,false,חטיף סויה קריספי 150גרם,ששון ושות,CN,חטיף סויה קריספי,גרמים,150.00,100 גרם,false,1,12.90,8.60,true,1,
7296073497615,false,עוגיות קרמבו וניל 200 גר,"אפיפית נצרת (1971) בע""\מ",IL,עוגיות בטעם וניל,גרמים,200.00,100 גרם,false,1,5.90,2.95,true,1,
7296073497622,false,עוגיות קרמבו שוקו 200 גר,"אפיפית נצרת (1971) בע""\מ",IL,עוגיות בטעם שוקו,גרמים,200.00,100 גרם,false,1,5.90,2.95,true,1,
7296073497639,false,ביסקוויט חיות 180 גרם,"אפיפית נצרת (1971) בע""\מ",IL,ביסקוויט חיות,גרמים,180.00,100 גרם,false,1,5.90,3.28,true,1,
7296073497752,false,מארז קפסולות קפה,DELICA,CH,קפסולות קפה,יחידה,1.00,יחידה,false,1,15.90,15.90,true,1,
7296073497813,false,סילאן אורגני 900 גרם,FACTORY DATES BARAKAH AL,AE,סילאן אורגני,גרמים,900.00,100 גרם,false,1,25.90,2.88,true,1,
7296073513629,false,מגבוני ניקוי עם חומץ50יח,עלבד,IL,מגבוני ניקוי,יחידה,1.00,יחידה,false,1,9.90,9.90,true,1,
7296073514541,false,ברזלית 6 יחידות,"סדובסקי בע""\מ",CN,ברזלית 6 יחידות,יחידה,1.00,יחידה,false,1,15.20,15.20,true,1,
7296073514848,false,שזיף מגולען באריזת זיפר,PEYMAN,TR,שזיף מגולען,גרמים,200.00,100 גרם,false,1,14.90,7.45,true,1,
7296073514855,false,משמש מיובש באריזת זיפר,PEYMAN,TR,משמש מיובש,גרמים,200.00,100 גרם,false,1,14.90,7.45,true,1,
7296073515104,false,סירופ סילאן בצנצנת 900 ג,"טעמי הגליל בע""\מ",IL,סירופ סילאן,גרמים,900.00,100 גרם,false,1,15.80,1.76,true,1,
7296073515128,false,סירופ סילאן לחיץ 360 גרם,"טעמי הגליל בע""\מ",IL,סילאן בקבוק לחיץ,גרמים,360.00,100 גרם,false,1,13.40,3.72,true,1,
7296073515135,false,מלית תמרים 450 גרם,"טעמי הגליל בע""\מ",IL,מלית תמרים,גרמים,450.00,100 גרם,false,1,5.90,1.31,true,1,
7296073515234,false,שורש כורכום יחידה,POMMER,IL,שורש כורכום,גרמים,120.00,100 גרם,false,1,11.90,9.92,true,1,
7296073515241,false,פרמג'יאנו רג'יאנו 150 גר,פורגרנה,IT,פרמג'יאנו רגיאנו,גרמים,150.00,100 גרם,false,1,28.90,19.27,true,1,
7296073515623,false,גבינה צהובה 28% 200 גרם,MLEKOVITA,PL,גבינה צהובה,גרמים,200.00,100 גרם,false,1,6.60,3.30,true,1,
7296073515630,false,גבינה צהובה 28% 400 גרם,MLEKOVITA,PL,גבינה צהובה,גרמים,400.00,100 גרם,false,1,13.20,3.30,true,1,
7296073515722,false,נבטי עדשים ירוקות יחידה,נבטי איילון,IL,נבטי עדשים ירוקו,יחידה,1.00,יחידה,false,1,6.90,6.90,true,1,
7296073515746,false,מלבי שמנת 150*2גרם,עדן קינוחים,IL,מלבי שמנת,גרמים,300.00,100 גרם,false,1,12.90,4.30,true,1,
7296073516019,false,דגנים ציפוי שוק.לבן65ג,נטורל קייקס,IL,דגנים בציפוי ללג,גרמים,65.00,100 גרם,false,1,9.90,15.23,true,1,
7296073516026,false,דגנים בציפוי שוקולד 65ג,נטורל קייקס,IL,דגנים בציפוי,גרמים,65.00,100 גרם,false,1,9.90,15.23,true,1,
7296073516187,false,רוקט 100גרם,בשמת,IL,רוקט,גרמים,100.00,100 גרם,false,1,9.90,9.90,true,1,
7296073516194,false,בזיליקום 100 גרם,בשמת,IL,בזיליקום,גרמים,100.00,100 גרם,false,1,9.90,9.90,true,1,
7296073526483,false,קפה טורקי 4 * 85 גרם,רוני רג'ואן ושות,IL,קפה טורקי 4 יח,גרמים,340.00,100 גרם,false,1,14.90,4.39,true,1,
7296073526520,false,בישקוטים ללא גלוטן 125 ג,ויסנזי,IT,בישקוטים ל.גלוטן,גרמים,125.00,100 גרם,false,1,15.90,12.72,true,1,
7296073526926,false,פרל שמפו לשיער צבוע500מל,א.משי תעשיות,IL,שמפו פרל לשיער,מיליליטרים,500.00,"100 מ""ל",false,1,19.90,3.98,true,1,
7296073527282,false,תירוש מיץ ענבים אדום750מ,כרם מהדרין,IL,תירוש מיץ ענבים,מיליליטרים,750.00,"100 מ""ל",false,1,13.90,1.85,true,1,
7296073527299,false,תירוש מיץ ענבים אדום 1 ל,כרם מהדרין,IL,תירוש מיץ ענבים,ליטרים,1.00,ליטר,false,1,15.50,15.50,true,1,
7296073527374,false,גבינת גאודה מגורדת 400גר,ויליפוד,IL,גאודה מגורדת,גרמים,400.00,100 גרם,false,1,25.90,6.48,true,1,
7296073527428,false,אגוז ברזיל 150גרם,דין שיווק,IL,אגוז ברזיל 150גר,גרמים,150.00,100 גרם,false,1,18.90,12.60,true,1,
7296073528562,false,"בצק עלים 1 ק""ג",ARABATZIS,GR,בצק עלים,קילוגרמים,1.00,"ק""ג",false,1,16.90,16.90,true,1,
7296073528692,false,מלח ים טבעי שופרסל 500 ג,אינפוסה,ES,מלח ים,גרמים,500.00,100 גרם,false,1,6.90,1.38,true,1,
7296073528760,false,קיסמי אוזניים עץ שק100יח,אל ואי טי,CN,קיסמי אוזניים,יחידה,1.00,יחידה,false,1,2.50,2.50,true,1,
7296073528791,false,קיסמי אוזניים פלסטיק300י,אס טי או,CN,קיסמי אוזניים,יחידה,1.00,יחידה,false,1,9.50,9.50,true,1,
7296073528807,false,קיסמי אוזניים פלסטיק400י,אס טי או,CN,קיסמי אוזניים,יחידה,1.00,יחידה,false,1,10.90,10.90,true,1,
7296073528814,false,קיסמי אוזניים פלסטיק100י,אס טי או,CN,קיסמי אוזניים,יחידה,1.00,יחידה,false,1,2.50,2.50,true,1,
7296073529095,false,כוסברה לתיבול 180גרם,"פרסקו חצבה 2006 בע""\מ",IL,כוסברה לתיבול,גרמים,180.00,100 גרם,false,1,10.90,6.06,true,1,
7296073529101,false,פטרוזיליה לתיבול 180גרם,"פרסקו חצבה 2006 בע""\מ",IL,פטרוזיליה לתיבול,גרמים,180.00,100 גרם,false,1,10.90,6.06,true,1,
7296073529415,false,פונדנט שוקולד קפוא180גרם,SAS POMONE,FR,פונדנט שוקולד,גרמים,180.00,100 גרם,false,1,13.90,7.72,true,1,
7296073529439,false,"כוסמת קלויה 1 ק""ג",מיה,IL,כוסמת קלויה,קילוגרמים,1.00,"ק""ג",false,1,12.90,12.90,true,1,
7296073529453,false,עדשים שחור בלוגה 500 גרם,מיה,IL,עדשים שחורות,גרמים,500.00,100 גרם,false,1,8.90,1.78,true,1,
7296073529460,false,לקט לחמין 500 גרם,מיה,IL,לקט לחמין,גרמים,500.00,100 גרם,false,1,10.90,2.18,true,1,
7296073529972,false,"יין קידוש גפן 750 מ""ל",כרם מהדרין,IL,יין קידוש גפן,מיליליטרים,750.00,"100 מ""ל",false,1,16.90,2.25,true,1,
7296073530091,false,קורנפלור 200 גרם,מיה,IL,קורנפלור 200 גרם,גרמים,200.00,100 גרם,false,1,4.00,2.00,true,1,
7296073530107,false,קורנפלור 500 גרם,מיה,IL,קורנפלור 500 גרם,גרמים,500.00,100 גרם,false,1,5.90,1.18,true,1,
7296073530336,false,תירס גמדי חתוך 425 גרם,מאנפאקטור,TH,תירס גמדי חתוך,גרמים,425.00,100 גרם,false,1,6.90,1.62,true,1,
7296073530350,false,סילאן פרימיום 900 גרם,"טעמי הגליל בע""\מ",IL,סילאן פרימיום,גרמים,900.00,100 גרם,false,1,22.90,2.54,true,1,
7296073530374,false,טחינה אורגנית גרין 500 ג,אחדות,IL,טחינה אורגנית,גרמים,500.00,100 גרם,false,1,10.00,2.00,true,1,
7296073530381,false,טחינה אורגנית מלאה500ג,אחדות,IL,טחינה אורגנית,גרמים,500.00,100 גרם,false,1,10.00,2.00,true,1,
7296073530398,false,קמח כוסמין לבן מנופה 1קג,"שטיבל בע""\מ",IL,קמח כוסמין לבן,קילוגרמים,1.00,"ק""ג",false,1,15.90,15.90,true,1,
7296073531050,false,ספוג הפלא+שכבה ירוקה 6יח,"סדובסקי בע""\מ",IL,ספוג הפלא 6 יח,יחידה,1.00,יחידה,false,1,8.90,8.90,true,1,
7296073531265,false,פדים להסרת איפור 80 יח,LTD CO S.T.O,TR,פדים להסרת איפור,יחידה,1.00,יחידה,false,1,8.50,8.50,true,1,
7296073531272,false,פדים להסרת איפור 3*80יח,LTD CO S.T.O,TR,פדים מסיר איפור,יחידה,1.00,יחידה,false,1,19.90,19.90,true,1,
7296073531289,false,פדים להסרת איפור אובלי40,LTD CO S.T.O,TR,פדים להסרת איפור,יחידה,1.00,יחידה,false,1,7.90,7.90,true,1,
7296073531302,false,קפסול.קפה ט.אגוזי לוז50ג,דליקה,CH,קפסולות קפה,גרמים,10.00,100 גרם,false,1,15.90,159.00,true,1,
7296073531333,false,דגני בוקר בטעם נוגט686ג,"נטורל קייקס בע""\מ",IL,דגני בוקר נוגט,גרמים,686.00,100 גרם,false,1,19.90,2.90,true,1,
7296073531340,false,דגני בוקר בטעם וניל686ג,"נטורל קייקס בע""\מ",IL,דגני בוקר וניל,גרמים,686.00,100 גרם,false,1,19.90,2.90,true,1,
7296073531357,false,דגני בוקר ט.וניל דארק686,"נטורל קייקס בע""\מ",IL,דגני בוקר וניל,גרמים,686.00,100 גרם,false,1,19.90,2.90,true,1,
7296073531371,false,קינואה מעורבת 400 גרם,מיה,IL,קינואה מעורבת,גרמים,400.00,100 גרם,false,1,13.90,3.48,true,1,
7296073552758,false,סבון נוזלי מעוצב שחור500,טאהא קימיה,TR,סבון נוזלי,מיליליטרים,500.00,"100 מ""ל",false,1,11.90,2.38,true,1,
7296073552796,false,רביולי גבינות קפוא 330 ג,זוקה,IL,רביולי גבינות,גרמים,330.00,100 גרם,false,1,19.90,6.03,true,1,
7296073552963,false,מ.טואלט גיבורים לילד40*3,דינמיק תעשיות מגבונים,IL,מגבוני נ.טואלט,יחידה,1.00,יחידה,false,1,11.90,11.90,true,1,
7296073552970,false,ריזוטו טוסקנה 280 גרם,טרויג'אנו,ES,ריזוטו טוסקנה,גרמים,280.00,100 גרם,false,1,12.90,4.61,true,1,
7296073552987,false,קוסקוס ים תיכוני 280 גרם,טרויג'אנו,ES,קוסקוס ים תיכוני,גרמים,300.00,100 גרם,false,1,12.90,4.30,true,1,
7296073552994,false,ריזוטו ים תיכוני 280 גרם,טרויג'אנו,ES,ריזוטו ים תיכוני,גרמים,280.00,100 גרם,false,1,12.90,4.61,true,1,
7296073553007,false,קוסקוס מרוקאי 300 גרם,טרויג'אנו,ES,קוסקוס מרוקאי,גרמים,300.00,100 גרם,false,1,12.90,4.30,true,1,
7296073553045,false,קבבוני אנגוס 400 גרם,"טיבון ויל אחזקות בע""\מ",IL,קבבוני  אנגוס,גרמים,400.00,100 גרם,false,1,24.90,6.23,true,1,
7296073553069,false,קבב  אנגוס 400 גרם,"טיבון ויל אחזקות בע""\מ",IL,קבב אנגוס,גרמים,400.00,100 גרם,false,1,24.90,6.23,true,1,
7296073553076,false,קבבונים עם שומן כבש,"טיבון ויל אחזקות בע""\מ",IL,קבבונים עם שומן,גרמים,400.00,100 גרם,false,1,24.90,6.23,true,1,
7296073553083,false,המבורגר אנגוס 400 גרם,"טיבון ויל אחזקות בע""\מ",IL,המבורגר אנגוס,גרמים,400.00,100 גרם,false,1,24.90,6.23,true,1,
7296073553274,false,טורטיה חיטה 320 גרם,דליברדס יורופ,ES,טורטיה חיטה,גרמים,320.00,100 גרם,false,1,9.90,3.09,true,1,
7296073553281,false,טורטיה חיטה מלאה 320 גרם,דליברדס יורופ,ES,טורטיה חיטה מלאה,גרמים,320.00,100 גרם,false,1,9.90,3.09,true,1,
7296073553298,false,טורטיה עם צ'יה 320 גרם,דליברדס יורופ,ES,טורטיה עם צ'יה,גרמים,320.00,100 גרם,false,1,10.90,3.41,true,1,
7296073553304,false,טורטיה חיטה 780 גרם,דליברדס יורופ,ES,טורטיה חיטה,גרמים,780.00,100 גרם,false,1,15.90,2.04,true,1,
7296073553915,false,קממבר אגוזים 130 גרם,"מחלבת טבע עז בע""\מ",IL,קממבר אגוזים,גרמים,130.00,100 גרם,false,1,20.90,16.08,true,1,
7296073553922,false,ברי כבשים 130 גרם,"מחלבת טבע עז בע""\מ",IL,ברי כבשים,גרמים,130.00,100 גרם,false,1,20.90,16.08,true,1,
7296073554073,false,פיצה מרגריטה פרימיום,SRL PIZZA MEGIC,IT,פיצה מרגריטה,גרמים,400.00,100 גרם,false,1,26.90,6.73,true,1,
7296073554103,false,עוגת גב.פירורים לייט78*2,עדן קינוחים,IL,עוגת גבינה לייט,גרמים,2.00,100 גרם,false,1,12.90,645.00,true,1,
7296073564683,false,BE אל סבון מאסק 1ליטר,טאהא קימיה,TR,BE אל סבון,ליטרים,1.00,ליטר,false,1,12.90,12.90,true,1,
7296073564690,false,BE אל סבון לבנדר 1 ליטר,טאהא קימיה,TR,BE אל סבון,ליטרים,1.00,ליטר,false,1,12.90,12.90,true,1,
7296073565116,false,מטלית מיקורופייבר לרצפה,סדובסקי,CN,מטלית מקרופייבר,יחידה,1.00,יחידה,false,1,10.90,10.90,true,1,
7296073565550,false,קצפיות מרנג וניל 180 גרם,"אחדות ביח""ר לטחינה",IL,קצפיות מרנג וניל,גרמים,180.00,100 גרם,false,1,13.90,7.72,true,1,
7296073565567,false,קצפיות מרנג טעם תות 180ג,"אחדות ביח""ר לטחינה",IL,קצפיות מרנג תות,גרמים,180.00,100 גרם,false,1,13.90,7.72,true,1,
7296073578161,false,כפפות לטקס S 100 יחידות,COMPANY DR.BOO,TH,כפפות לטקס S,יחידה,1.00,יחידה,false,1,29.90,29.90,true,1,
7296073579106,false,גליל עזים 120 גרם,"מחלבת טבע עז בע""\מ",IL,גליל עזים,גרמים,120.00,100 גרם,false,1,17.90,14.92,true,1,
7296073579113,false,גליל עזים בציפוי זעתר120,"מחלבת טבע עז בע""\מ",IL,גליל עזים זעתר,גרמים,120.00,100 גרם,false,1,17.90,14.92,true,1,
7296073579120,false,גליל עזים בציפוי פלפל120,"מחלבת טבע עז בע""\מ",IL,גליל עזים פלפל,גרמים,120.00,100 גרם,false,1,17.90,14.92,true,1,
7296073579649,false,לחם אחיד פרוס שופרסל900ג,מאפיית שלמה א. אנג'\ל בע,IL,לחם אחיד פרוס,גרמים,900.00,100 גרם,false,1,8.30,0.92,true,1,
7296073579748,false,כוס שתייה כוכבים זהב 50,,CN,כוס שתיה,יחידה,1.00,יחידה,false,1,10.00,10.00,true,1,
7296073579755,false,צלחת PP קרם 40 יחידות,,CN,צלחת חד פעמית,יחידה,1.00,יחידה,false,1,25.00,25.00,true,1,
7297084000702,false,"צלחות דקל מרובעת 25 ס""מ",,IN,צלחת דקל,יחידה,1.00,יחידה,false,1,19.90,19.90,true,1,
7297084000757,false,"צלחות דקל מרובעת 15 ס""מ",,IN,צלחת דקל,יחידה,1.00,יחידה,false,1,14.90,14.90,true,1,
7297084000771,false,"צלחות דקל מרובעת 20 ס""מ",,IN,צלחת דקל,יחידה,1.00,יחידה,false,1,15.90,15.90,true,1,
7394376123337,false,משקה ש.שועל אורגני 1ל,טרנסומס פוד,SE,משקה שיבולת שועל,ליטרים,1.00,ליטר,false,1,14.90,14.90,true,1,
7394376615832,false,משקה ש.שועל טעם שוקולד1ל,טרנסומס פוד,SE,משקה שיבולת שועל,ליטרים,1.00,ליטר,false,1,16.90,16.90,true,1,
7394376616778,false,משקה שבולת שועל בריסטנ1ל,,SE,משקה שיבולת שועל,ליטרים,1.00,ליטר,false,1,16.90,16.90,true,1,
7501013122039,false,ג'ומקס משקה מנגו קרטון1ל,חומקס קומר קומרסאליזדורה,MX,משקה ג'ומקס מנגו,ליטרים,1.00,ליטר,false,1,11.10,11.10,true,1,
7501013122190,false,ג'ומקס משקה תפוח קרטון1ל,חומקס קומר קומרסאליזדורה,MX,משקה ג'ומקס תפוח,ליטרים,1.00,ליטר,false,1,11.10,11.10,true,1,
7501013122992,false,ג'ומקס משקה קוקוס אננס1ל,חומקס קומר קומרסאליזדורה,MX,משקה קוקוס אננס,ליטרים,1.00,ליטר,false,1,11.10,11.10,true,1,
7501013138184,false,יוניקו פרסקו חמוציות 1 ל,חומקס קומר קומרסאליזדורה,MX,משקה חמוציות,ליטרים,1.00,ליטר,false,1,11.50,11.50,true,1,
7501049936945,false,"בירה סול 330*6 מ""ל",היינקן,NL,בירה סול 6 יח',ליטרים,1.98,ליטר,false,1,32.90,16.61,true,1,
7501064191398,false,"בירה קורונה 6 * 355 מ""ל",סרבסריה מודלו,MX,בירה קורונה 6 יח,ליטרים,2.13,ליטר,false,1,39.90,18.73,true,1,
7509546061160,false,קולגייט מינייונים ברבי75,קולגייט פלמוליב,MX,קולגייט מינייוני,מיליליטרים,75.00,"100 מ""ל",false,1,14.90,19.87,true,1,
7509546061672,false,דאו.ספיד סטיק אקסטרים50ג,קולגייט פלמוליב,US,דאו.ספיד סטיק,גרמים,50.00,100 גרם,false,1,17.90,35.80,true,1,
7509546666846,false,משחת שיניים טוטאל פחם75מ,,MX,טוטאל פחם,מיליליטרים,75.00,"100 מ""ל",false,1,21.90,29.20,true,1,
7610113011652,false,"בריזר טעם תפוח 275 מ""ל",בקרדי בעמ,BE,בריזר טעם תפוח,מיליליטרים,275.00,"100 מ""ל",false,1,15.90,5.78,true,1,
7610400014649,false,שוק.לינדור חלב 100 גרם,לינדט ושפרונגלי,CH,שוקולד לינדט,גרמים,100.00,100 גרם,false,0,14.90,14.90,true,1,
7610400075770,false,שוק.לינדט מריר אג.לוז150,לינדט ושפרונגלי,CH,שוקולד לגרנד,גרמים,150.00,100 גרם,false,1,24.90,16.60,true,1,
7610400091060,false,שוק.מריר לינדט תפוז 100ג,לינדט ושפרונגלי,CH,שוקולד לינדט,גרמים,100.00,100 גרם,false,1,16.90,16.90,true,1,
7613030979647,false,טריקס דגנים ט.פירות 480ג,ג'נרל מילס,CL,טריקס בטעם פירות,גרמים,480.00,100 גרם,false,1,28.90,6.02,true,1,
7613032045753,false,דגנ.בוקר פיטנס שוקולד375,סי. פי. צרפת,FR,פיטנס שוקולד,גרמים,375.00,100 גרם,false,0,22.90,6.11,true,1,
7613033548192,false,פיטנס שוקולד מריר 375גרם,סי. פי. צרפת,FR,פיטנס שוקולד,גרמים,375.00,100 גרם,false,0,22.90,6.11,true,1,
7613035635845,false,גרנולה שוקולד פיטנס 300ג,נסטלה,LT,גרנולה פיטנס,גרמים,300.00,100 גרם,false,1,15.90,5.30,true,1,
7613035807778,false,רוטב עגבניות לבולונז400ג,נסטלה ספרד,ES,רוטב עגבניות,גרמים,400.00,100 גרם,false,1,7.90,1.98,true,1,
7613035809109,false,רוטב עגבניות+בזיליקום400,נסטלה ספרד,ES,רוטב עגבניות,גרמים,400.00,100 גרם,false,1,7.90,1.98,true,1,
7613036105545,false,"דוגלי גזע קטן 3 ק""ג",נסטלה פורינה,HU,דוגלי גזע קטן,קילוגרמים,3.00,"ק""ג",false,1,52.60,17.53,true,1,
7613036387798,false,דגני פיטנס יוגורט 350 גר,סי. פי. צרפת,FR,דגני פיטנס,גרמים,350.00,100 גרם,false,1,22.90,6.54,true,1,
7613036737623,false,דגני בוקר קראנץ' מקס410ג,סי. פי. צרפת,FR,דגני בוקר קראנץ',גרמים,410.00,100 גרם,false,1,27.90,6.80,true,1,
7613036867870,false,קפסולות נסקפה בריסטה112ג,נסטלה ספרד,ES,קפסולות נסקפה,גרמים,128.00,100 גרם,false,1,28.90,22.58,true,1,
7613036880534,false,מחית מרק ירקות 190 גרם,נסטלה פולסקה אס.איי,PL,מחית מרק ירקות,גרמים,190.00,100 גרם,false,1,6.90,3.63,true,1,
7613037012200,false,גרבר תפוח מנגו פאוץ90ג,פורסלבה,ES,גרבר תפוח פאוץ',גרמים,90.00,100 גרם,false,1,6.90,7.67,true,1,
7613037686906,false,פיטנס שקדים ודבש 355 גרם,סי. פי. צרפת,FR,פיטנס שקדים ודבש,גרמים,355.00,100 גרם,false,1,22.90,6.45,true,1,
7613037687132,false,פיטנס שקדים ודבש 585 גרם,סי. פי. צרפת,FR,פיטנס שקדים ודבש,גרמים,585.00,100 גרם,false,1,27.50,4.70,true,1,
7613037811629,false,גו פרי קורנפלקס 500 גרם,סי. פי. אנגליה,GB,גו פרי קורנפלקס,גרמים,500.00,100 גרם,false,1,14.90,2.98,true,1,
7613038268262,false,האני נאט צ'יריוס 410 גרם,סי. פי. צרפת,FR,האני נאט צ'יריוס,גרמים,410.00,100 גרם,false,1,21.90,5.34,true,1,
7613038451954,false,קראנץ שוקו.פחות סוכר410ג,סי. פי. צרפת,FR,קראנץ שוקולד,גרמים,410.00,100 גרם,false,1,23.90,5.83,true,1,
7613039547922,false,פאוץ גרבר תפוח+בנ+אגס90ג,פורסלבה,ES,פאוץ גרבר אגס,גרמים,90.00,100 גרם,false,1,6.90,7.67,true,1,
7613039770450,false,סנסשיונל בורגר צמחוני,"טבעול צ'\כיה בע""\מ",CZ,סנסשיונל בורגר,גרמים,226.00,100 גרם,false,1,37.90,16.77,true,1,
7613039879382,false,גרבר תפוח עץ 190 גרם,נסטלה פולסקה אס.איי,PL,גרבר מחי תפוח עץ,גרמים,190.00,100 גרם,false,1,6.90,3.63,false,1,
7613039880807,false,גרבר תפוח גזר 190 גרם,נסטלה פולסקה אס.איי,PL,גרבר תפוח גזר,גרמים,190.00,100 גרם,false,1,6.90,3.63,false,1,
7613287008497,false,פולי קפה Starbucks פלייס,נסטלה נספרסו,PT,פולי קפהStarbuck,גרמים,450.00,100 גרם,false,1,55.00,12.22,true,1,
7613287155924,false,גרבר מחית תפוח גזר 90 גר,נסטלה פולסקה אס.איי,PL,גרבר תפוח,גרמים,90.00,100 גרם,false,1,6.90,7.67,true,1,
7613287325808,false,מתבל איולי עם שום 295 גר,נסטלה פולין,PL,מתבל איולי שום,גרמים,295.00,100 גרם,false,1,14.90,5.05,true,1,
7613287325822,false,מתבל ט.מיונז וקטשופ295 ג,אסם,PL,מתבל מיונז,גרמים,295.00,100 גרם,false,1,14.90,5.05,true,1,
7613287394323,false,מולטי צ'יריוס 600 גרם,CPU,GB,מולטי צ'יריוס,גרמים,600.00,100 גרם,false,1,25.90,4.32,true,1,
7613287476494,false,מתבל מיונז סג.צרפתי280גר,נסטלה פולין,PL,מתבל מיונז,גרמים,280.00,100 גרם,false,1,14.90,5.32,true,1,
7613287476678,false,סיני מיניס צ'ורוס 360גרם,סי. פי. פולין,PT,סיני מיניס צורוס,גרמים,360.00,100 גרם,false,1,27.70,7.69,true,1,
7614500035788,false,טובלרון חלב 200 גרם,מונדלייז,CH,טובלרון חלב,גרמים,200.00,100 גרם,false,0,19.80,9.90,true,1,
7616500553460,false,שוקולד מריר תפוז 100 גרם,צוקולאט פריי אייץגיץ,CH,שוקולד מריר,גרמים,100.00,100 גרם,false,0,10.00,10.00,true,1,
7616500553484,false,שוקולד מריר 78% 100 גרם,צוקולאט פריי אייץגיץ,CH,שוקולד מריר,גרמים,100.00,100 גרם,false,0,10.00,10.00,true,1,
7616500647268,false,שוקולד מריר+אגוזים180גר,"שוקולד פריי בע""מ",CH,שוקולד מריר,גרמים,180.00,100 גרם,false,0,14.90,8.28,true,1,
7616500912922,false,שוקובלוק מריר 100 גרם,"שוקולד פריי בע""מ",CH,שוקובלוק מריר,גרמים,100.00,100 גרם,false,1,9.90,9.90,true,1,
7617014149293,false,קפסולות קפה,,CH,קפסולות קפה,גרמים,96.00,100 גרם,false,0,29.60,30.83,true,1,
7617014149354,false,קפסולות קפה,,CH,קפסולות קפה,גרמים,96.00,100 גרם,false,0,29.60,30.83,true,1,
7617014149408,false,קפסולות קפה,,CH,קפסולות קפה,גרמים,96.00,100 גרם,false,0,29.60,30.83,true,1,
7622010001858,false,עוג.אוראו קרם וניל 176ג,פי אר ג'\יי אס אי מנדלז,UA,עוגיות אוראו,גרמים,176.00,100 גרם,false,1,10.20,5.80,true,1,
7622201137052,false,מיני קוקיז מילקה 110 גרם,מונדלייז,ES,מיני קוקיז מילקה,גרמים,110.00,100 גרם,false,1,9.90,9.00,true,1,
7622201401900,false,עוג.מילקה סנס.אוראו 156ג,,PL,עוגיות מילקה,גרמים,156.00,100 גרם,false,1,12.90,8.27,true,1,
7622201521493,false,פילדלפיה שום+ע.ת12% 150ג,מונדולז,ES,גבינת פילדלפיה,גרמים,150.00,100 גרם,false,1,12.90,8.60,true,1,
7622201798154,false,גבינת פילדלפיה 13% 150גר,מונדולז,ES,גבינת פילדלפיה,גרמים,150.00,100 גרם,false,1,15.90,10.60,true,1,
7622201801809,false,שוק.חלב אגוזים מילקה100ג,מנדלז דויצ'\לנד סנקס פרו,DE,שוקולד מילקה,גרמים,100.00,100 גרם,false,1,7.90,7.90,true,1,
7622201802363,false,שוק.מילקה אגוז/צימוק100ג,מנדלז דויצ'\לנד סנקס פרו,DE,שוקולד מילקה,גרמים,100.00,100 גרם,false,1,7.90,7.90,true,1,
7622201802394,false,שוקולד חלב מילקה 100 גרם,מנדלז דויצ'\לנד סנקס פרו,DE,שוקולד חלב מילקה,גרמים,100.00,100 גרם,false,1,7.90,7.90,true,1,
7622201808631,false,עוגיות מיני אוראו וניל67,מונדלייז,ID,עוגיות אוראו מינ,גרמים,67.00,100 גרם,false,1,8.90,13.28,true,1,
7622201813390,false,וופל ממולא מילקה 150 גרם,מונדליז סי.אר. ביסקוויט,CZ,וופל ממולא מילקה,גרמים,150.00,100 גרם,false,1,12.90,8.60,true,1,
7622201819170,false,שוקו.מילקה דארק שקדים85ג,מונדלייז,DE,שוקולד מילקה,גרמים,85.00,100 גרם,false,1,8.50,10.00,true,1,
7622210078131,false,שוקולד מילקה דיים 100גרם,מנדלז דויצ'\לנד סנקס פרו,DE,שוקולד מילקה,גרמים,100.00,100 גרם,false,1,7.90,7.90,true,1,
7622210453327,false,עוג.מילקה סנסיישנס 156 ג,מונדלייז,PL,עוגיות מילקה,גרמים,156.00,100 גרם,false,1,12.90,8.27,true,1,
7622210464729,false,עוגיות אוראו גולדן 154גר,מונדלייז,CZ,עוגיות אוראו,גרמים,154.00,100 גרם,false,1,6.90,4.48,true,1,
7622210637994,false,עוג.אוראו ביס אורגינל110,,ES,עוגיות אוראו,גרמים,110.00,100 גרם,false,1,10.90,9.91,true,1,
7622210638021,false,עוגיות אוראו ביס שוקו110,,ES,עוגיות אוראו,גרמים,110.00,100 גרם,false,1,10.90,9.91,true,1,
7622210690883,false,שוקולד חלב מונדיאל 270גר,מונדלייז,AT,שוקולד מונדיאל,גרמים,270.00,100 גרם,false,1,15.90,5.89,true,1,
7622210826053,false,שוקולד אוראו סנדוויץ92גר,מונדלייז,HU,שוקולד מילקה,גרמים,92.00,100 גרם,false,1,7.90,8.59,true,1,
7622210835338,false,עוגיות אוראו בראוניז176ג,מונדלייז,ES,עוגיות אוראו,גרמים,176.00,100 גרם,false,1,10.20,5.80,true,1,
7622300270506,false,עוגיות ש.שועל שוקולד168ג,מונדלייז,PL,עוגיות מילקה,גרמים,168.00,100 גרם,false,0,12.90,7.68,true,1,
7622300489427,false,אוראו מצופה שוק.לבן246ג,מונדלייז,ES,עוגיות אוראו,גרמים,246.00,100 גרם,false,1,19.90,8.09,true,1,
7622300489434,false,אוראו מצופה שוק.חלב246ג,מונדלייז,ES,עוגיות אוראו,גרמים,246.00,100 גרם,false,1,19.90,8.09,true,1,
7622300503079,false,ביסקוויט מצופה שוקו200גר,מונדלייז,PL,ביסקוויט מצופה,גרמים,200.00,100 גרם,false,0,12.90,6.45,true,1,
7622300617820,false,שוקולד מילקה אוראו 100 ג,מנדלז דויצ'\לנד סנקס פרו,DE,שוקולד מילקה,גרמים,100.00,100 גרם,false,0,7.90,7.90,true,1,
7622400005190,false,שוקולד מילקה חום לבן100ג,מנדלז דויצ'\לנד סנקס פרו,DE,שוקולד מילקה,גרמים,100.00,100 גרם,false,0,7.90,7.90,true,1,
7630477891592,false,קפסולות Starbucksהאוס57ג,נסטלה נספרסו,CH,קפסולות Starbuck,גרמים,57.00,100 גרם,false,1,22.90,40.18,true,1,
7630477891615,false,קפסולות Starbucks סומטרה,נסטלה נספרסו,CH,קפסולות Starbuck,גרמים,55.00,100 גרם,false,1,22.90,41.64,true,1,
7630477891639,false,קפסולות Starbucks ורונה,נסטלה נספרסו,CH,קפסולות Starbuck,גרמים,55.00,100 גרם,false,1,22.90,41.64,true,1,
7630477891677,false,קפסStarbucks. פלייס53ג,נסטלה נספרסו,CH,קפסולות Starbuck,גרמים,53.00,100 גרם,false,1,22.90,43.21,true,1,
7630477891714,false,קפסולות Starbucks אספרסו,נסטלה נספרסו,CH,קפסולות Starbuck,גרמים,57.00,100 גרם,false,1,22.90,40.18,true,1,
7630477891738,false,קפסStarbucks. בלונד53גר,נסטלה נספרסו,CH,קפסולות Starbuck,גרמים,53.00,100 גרם,false,1,22.90,43.21,true,1,
7702018978106,false,"דאו.קליר ג'ל A.L 70 מ""ל",פרוקטר אנד גמבל,PL,דאו.קליר ג'ל,מיליליטרים,70.00,"100 מ""ל",false,0,15.90,22.71,true,1,
7702024258322,false,חטיפי קרקר צ'יה+פשתן156ג,אסם,CO,חטיפי קרקר,גרמים,156.00,100 גרם,false,1,13.90,8.91,true,1,
7702174068833,false,יוגטה אייס קרים בשקית216,אלדור,CO,לקקן יוגטה,גרמים,204.00,100 גרם,false,0,10.90,5.34,true,1,
7792860006218,false,בייבי דול לקקן 24 גרם,לרטייר,AR,בייבי דול לקקן,גרמים,24.00,100 גרם,false,0,2.50,10.42,true,1,
7798304600042,false,אוכמניות טריות,K.F,AR,אוכמניות טריות,גרמים,125.00,100 גרם,false,1,14.90,11.92,true,1,
7798304603128,false,אוכמניות טריות 312גרם,KF,AR,אוכמניות טריות,יחידה,1.00,יחידה,false,1,29.90,29.90,true,1,
7798382150019,false,אוכמניות טריות 125גרם,FRUITS BASIN PARANA,AR,אוכמניות טריות,גרמים,125.00,100 גרם,false,1,14.90,11.92,true,1,
7804414000884,false,"דון חוליו שרדונה 750 מ""ל",,CL,דון חוליו שרדו,מיליליטרים,750.00,"100 מ""ל",false,0,33.90,4.52,true,1,
7891024124826,false,קולגייט אופטיק וייט 75מל,קולגייט פלמוליב,BR,משחת קולגייט,מיליליטרים,75.00,"100 מ""ל",false,0,22.90,30.53,true,1,
8000070003798,false,קפסולות קפה דליסיוזו8 1י,,IT,קפסולות קפה,גרמים,120.00,100 גרם,false,1,29.90,24.92,true,1,
8000070003880,false,קפסולות קפה קרמה דולצ'ה6,,IT,קפסולות קפה,גרמים,128.00,100 גרם,false,1,29.90,23.36,true,1,
8000070012219,false,פולי קפה אורו 250 גרם,לאוג'י לוואצה אס.פי.אי,IT,פולי קפה,גרמים,250.00,100 גרם,false,0,42.90,17.16,true,1,
8000070038868,false,קפה קרמה גוסטו 8 250 גרם,לאוג'י לוואצה אס.פי.אי,IT,קפה לוואצה,גרמים,250.00,100 גרם,false,0,33.90,13.56,true,1,
8000070047129,false,קפסולות לוואצה פסיונלה54,,IT,קפסולות לוואצ'ה,גרמים,405.00,100 גרם,false,1,69.90,17.26,true,1,
8000070081000,false,קפסול.אספרסו דרגה 8 50גר,לאוג'\י לוואצה אס.פי.אי,IT,קפסולות קפה,גרמים,50.00,100 גרם,false,1,17.90,35.80,true,1,
8000070081017,false,קפסולו.אספרסו דרגה10 ג50,לאוג'\י לוואצה אס.פי.אי,IT,קפסולות קפה,גרמים,50.00,100 גרם,false,1,20.90,41.80,true,1,
8000113003402,false,קמח תירס,,IT,קמח תירס,קילוגרמים,1.00,"ק""ג",false,0,16.90,16.90,true,1,
8000380004669,false,וופל לואקר קקאו 200 גרם,לואקר,AT,וופל לואקר קקאו,גרמים,200.00,100 גרם,false,0,14.20,7.10,true,1,
8000380004676,false,ופלים לואקר וניל 200 גרם,לואקר,AT,ופלים לואקר,גרמים,200.00,100 גרם,false,0,14.20,7.10,true,1,
8000380004881,false,ופלים קואדרטיני טירמ220ג,א. לואקר,IT,ופל קואדרטיני,גרמים,220.00,100 גרם,false,0,15.20,6.91,true,1,
8000380004911,false,ופלים קואדרטיני אגוז250ג,א. לואקר,AT,ופל קואדרטיני,גרמים,250.00,100 גרם,false,0,15.20,6.08,true,1,
8000380004942,false,וופלים קאודרטיני וניל250,א. לואקר,AT,וופלים קאודרטיני,גרמים,250.00,100 גרם,false,0,15.20,6.08,true,1,
8000380004966,false,ופלים קואדרטיני קקאו250ג,א. לואקר,AT,ופל קואדרטיני,גרמים,250.00,100 גרם,false,0,15.20,6.08,true,1,
8000380005598,false,וופל טורטינה מריר 125גרם,א. לואקר אס. פי. אי-אי.,IT,וופל טורטינה,גרמים,125.00,100 גרם,false,0,18.50,14.80,true,1,
8000380007219,false,ופלים לואקר ט.אגוזים175ג,א. לואקר,AT,ופלים לואקר,גרמים,175.00,100 גרם,false,0,12.70,7.26,true,1,
8000380007257,false,ופלים גרדנה 200 גרם,א. לואקר,IT,ופלים גרדנה,גרמים,200.00,100 גרם,false,0,15.10,7.55,true,1,
8000380007264,false,ופלים לואקר ט.קקאו 175גר,א. לואקר,AT,ופלים לואקר,גרמים,175.00,100 גרם,false,0,12.70,7.26,true,1,
8000380106028,false,וופל טורטינה אורגינל125ג,א. לואקר,IT,וופל טורטינה,גרמים,125.00,100 גרם,false,0,18.50,14.80,true,1,
8000380153534,false,טורטינה שוקולד לבן 125גר,א. לואקר אס. פי. אי-אי.,IT,טורטינה לבן,גרמים,125.00,100 גרם,false,0,18.50,14.80,true,1,
8000380180745,false,ופל קואדרטיני שוק/חלב250,לואקר,AT,וופל קואדרטיני,גרמים,250.00,100 גרם,false,1,15.20,6.08,true,1,
8000380201396,false,וופל טורטינה קרם קרמל126,א. לואקר,AT,וופל טורטינה,גרמים,126.00,100 גרם,false,1,18.50,14.68,true,1,
8000380205400,false,ופל קואדרטיני חמ.בוטנ250,א. לואקר,AT,וופל קואדרטיני,גרמים,250.00,100 גרם,false,1,15.20,6.08,true,1,
8000380206896,false,ופלים גרדנה חמ.בוטנים200,א. לואקר,IT,ופלים גרדנה,גרמים,200.00,100 גרם,false,1,15.10,7.55,true,1,
8000500023624,false,חטיף קינדר הפי היפו 5יח',פררו,DE,קינדר הפי היפו,גרמים,102.00,100 גרם,false,0,13.90,13.63,true,1,
8000500023976,false,בונ.רפאלו 150 גרם,פררו - אלבה,PL,בונבונ.רפאלו,גרמים,150.00,100 גרם,false,0,18.70,12.47,true,1,
8000500026731,false,ביצי הפתעה קינדר 20*3 גר,פררו,IT,ביצי הפתעה קינדר,גרמים,60.00,100 גרם,false,1,16.00,26.67,true,1,
8000500028124,false,ביצי הפתעה קינדר ג'וי3יח,פררו,ZA,קינדר ג'וי 3יח,גרמים,60.00,100 גרם,false,0,16.00,26.67,true,1,
8000500029350,false,קינדר בואנו 43*3 גרם,פררו,PL,קינדר בואנו,גרמים,129.00,100 גרם,false,0,11.90,9.22,true,1,
8000500037874,false,בונ.פררו רושה 200 גרם,פררו,IT,בונבוניירה רושה,גרמים,200.00,100 גרם,false,0,24.90,12.45,true,1,
8000500071083,false,שוקולד קינדר 200 גרם,פררו,IT,שוקולד חלב קינדר,גרמים,200.00,100 גרם,false,0,14.50,7.25,true,1,
8000500121436,false,קינדר בואנו לבן 39*3 גרם,פררו,PL,קינדר בואנו לבן,גרמים,117.00,100 גרם,false,0,11.90,10.17,true,1,
8000500167656,false,קינדר שוקולד עם דגנים94ג,פררו,IT,קינדר שוקולד,גרמים,94.00,100 גרם,false,1,7.90,8.40,true,1,
8000500224281,false,נוטלה בי רדי 22 גרם,פררו,IT,נוטלה בי רדי,גרמים,22.00,100 גרם,false,1,4.30,19.55,true,1,
8000500227848,false,נוטלה בי רדי 132 גרם,פררו,IT,נוטלה בי רדי,גרמים,132.00,100 גרם,false,1,13.50,10.23,true,1,
8000500247150,false,פררו רושה קולקשיין 172גר,פררו,DE,פררו רושה,גרמים,172.00,100 גרם,false,1,27.90,16.22,true,1,
8000500249352,false,קינדר בואנו מיני מיקס205,פררו,PL,קינדר בואנו מיני,גרמים,205.00,100 גרם,false,1,19.90,9.71,true,1,
8000500256213,false,שוקולד מיני קינדר 120גרם,פררו,IT,שוקולד מיני,גרמים,120.00,100 גרם,false,1,11.20,9.33,true,1,
8000500267103,false,עוגות אישי.קינדר דליס390,פררו,IT,עוגות קינדר דליס,גרמים,390.00,100 גרם,false,1,17.90,4.59,true,1,
8000500269169,false,קינדר קארדס 128 גרם,,IT,קינדר קארדס,גרמים,128.00,100 גרם,false,1,13.90,10.86,true,1,
8000500328750,false,בונ.פררו רונואר 138 גרם,,DE,בונבוניירה פררו,גרמים,138.00,100 גרם,false,1,29.50,21.38,true,1,
8000500386941,false,ממרח קקאו+אגוזי לוז900גר,,IT,ממרח קקאו+אגוזים,גרמים,900.00,100 גרם,false,1,30.90,3.43,true,1,
8001090184412,false,פיירי לכלים לימון 900 מל,פרוקטר אנד גמבל,GB,פיירי לכלים,מיליליטרים,900.00,"100 מ""ל",false,1,12.50,1.39,true,1,
8001090222848,false,שמפו הרבל שמן ארגן400מ,פרוקטר אנד גמבל,FR,שמפו הרבל אסנס,מיליליטרים,400.00,"100 מ""ל",false,1,17.90,4.48,true,1,
8001090336491,false,31פמפרס בייבי דריי שלב+4,פרוקטר אנד גמבל,DE,פמפרס בייבי,יחידה,1.00,יחידה,false,1,36.90,36.90,true,1,
8001090336521,false,30פמפרס בייבי דריי שלב5,פרוקטר אנד גמבל,DE,פמפרס בייבי,יחידה,1.00,יחידה,false,1,36.90,36.90,true,1,
8001090336606,false,26פמפרס בייבי דריי שלב6,פרוקטר אנד גמבל,DE,פמפרס בייבי,יחידה,1.00,יחידה,false,1,36.90,36.90,true,1,
8001090364319,false,טייד קפס אפקט פיירי37יח,פרוקטר & גמבל,FR,טייד קפסולות,יחידה,1.00,יחידה,false,1,59.90,59.90,true,1,
8001090379368,false,34פמפרס פרימיוםVP מידה4,P&G,PL,פמפרס פרימיום,יחידה,1.00,יחידה,false,1,34.50,34.50,true,1,
8001090379399,false,30פמפרס פרימיוםVP מידה5,P&G,PL,פמפרס פרימיום,יחידה,1.00,יחידה,false,1,34.50,34.50,true,1,
8001090734044,false,64מגני תח.אולוויז מגה L,פרוקטר & גמבל,DE,מגן תחתון אולווי,יחידה,1.00,יחידה,false,1,22.90,22.90,true,1,
8001090740717,false,76מגני תח.אולוויז מגה N,פרוקטר אנד גמבל )ראה קוד,UA,מגן תחתון אולווי,יחידה,1.00,יחידה,false,1,22.90,22.90,true,1,
8001090832450,false,"שמפו פנטן קלאסי 660 מ""ל",פרוקטר & גמבל,RO,שמפו פנטן,מיליליטרים,660.00,"100 מ""ל",false,1,22.90,3.47,true,1,
8001090832573,false,שמפו פנטן לחות מוגברת660,פרוקטר אנד גמבל,RO,שמפו פנטן,מיליליטרים,660.00,"100 מ""ל",false,1,22.90,3.47,true,1,
8001090832818,false,"מרכך פנטן קלאסי 660 מ""ל",פרוקטר אנד גמבל,RO,מרכך פנטן,מיליליטרים,660.00,"100 מ""ל",false,1,22.90,3.47,true,1,
8001090832894,false,מרכך פנטן לחות מוגברת660,פרוקטר אנד גמבל,RO,מרכך פנטן,מיליליטרים,660.00,"100 מ""ל",false,1,22.90,3.47,true,1,
8001090833136,false,אריאל ג'ל בייבי 2.255ל,פרוקטור אנד גמבל,FR,ג'ל כביסה בייבי,ליטרים,2.25,ליטר,false,1,36.90,16.40,true,1,
8001090833167,false,אריאל ג'ל נ.הרים 2.365לי,פרוקטור אנד גמבל,FR,אריאל ג'ל כביסה,ליטרים,2.37,ליטר,false,1,36.90,15.57,true,1,
8001090883490,false,הד&שולדרס קולור פרפקט400,פרוקטר אנד גמבל,FR,הד&שולדרס קולור,מיליליטרים,400.00,"100 מ""ל",false,1,18.90,4.73,true,1,
8001090899071,false,12אולוויז פלטינום נורמל,,DE,תחבושות אולוויז,יחידה,1.00,יחידה,false,1,11.90,11.90,true,1,
8001090899132,false,8אולוויז פלטינום לילה,,DE,תחבושות אולווייז,יחידה,1.00,יחידה,false,1,11.90,11.90,true,1,
8001090899224,false,20 אולוויז פלטינום לונג,פרוקטר אנד גמבל,DE,תחבושות אולוייז,יחידה,1.00,יחידה,false,1,19.90,19.90,true,1,
8001090899286,false,14אולוויז פלטינום לילה,פרוקטר אנד גמבל,UA,תחבושות אולוויז,יחידה,1.00,יחידה,false,1,19.90,19.90,true,1,
8001090992338,false,פיירי פלטינום פלוס 50 טב,פרוקטר אנד גמבל,BE,פיירי טב' למדיח,יחידה,1.00,יחידה,false,1,59.90,59.90,true,1,
8001620011935,false,סאן בנדטו 6 יח',,IT,סאן בנדטו 6 יח',ליטרים,3.00,ליטר,false,0,15.90,5.30,true,1,
8001620015629,false,פרוטה תפוז אדום 400 מל,אקווה מינרלה סאן בנדטו ב,IT,פרוטה תפוז אדום,מיליליטרים,400.00,"100 מ""ל",false,1,8.30,2.08,true,1,
8001620015636,false,"משקה פרוטה פירות 400 מ""ל",אקווה מינרלה סאן בנדטו ב,IT,משקה פרוטה,מיליליטרים,400.00,"100 מ""ל",false,1,8.30,2.08,true,1,
8001620018408,false,"פרוטה מנגו תפוח 400 מ""ל",אקווה מינרלה סאן בנדטו ב,IT,פרוטה מנגו תפוח,מיליליטרים,400.00,"100 מ""ל",false,1,8.30,2.08,true,1,
8001800012738,false,פולי קפה קורטינה 250 גרם,,IT,פולי קפה קורטינה,גרמים,250.00,100 גרם,false,1,49.90,19.96,true,1,
8001800012776,false,פולי קפה קורטינה,,,פולי קפה קורטינה,יחידה,1.00,יחידה,false,0,79.90,79.90,true,1,
8001800012790,false,פולי קפה אמלפי,,,פולי קפה אמלפי,יחידה,1.00,יחידה,false,0,79.90,79.90,true,1,
8001841006833,false,מבשם בניחוח אביבי 210ג,פרוקטר אנד גמבל,GB,לנור מבשם כביסה,גרמים,210.00,100 גרם,false,1,29.90,14.24,true,1,
8001841053806,false,9תחבוש.אולוויז עבות לילה,פרוקטר אנד גמבל,DE,תחבושות אולוויז,יחידה,1.00,יחידה,false,1,13.90,13.90,true,1,
8001841077949,false,מגבוני פמפרס פרש 52*4 יח,פרוקטר אנד גמבל,DE,מגבוני פמפרס 4יח,יחידה,1.00,יחידה,false,1,17.90,17.90,true,1,
8001841105093,false,26 פמפרס פרימיום שלב 6,פרוקטר אנד גמבל,US,פמפרס,יחידה,1.00,יחידה,false,1,34.50,34.50,true,1,
8001841410524,false,שמפו הד&שולדרס קוקוס600מ,פרוקטר אנד גמבל,RO,שמפו הד&שולדרס,מיליליטרים,600.00,"100 מ""ל",false,1,21.90,3.65,true,1,
8001841625188,false,פיירי פלטינום לימון515מל,פרוקטר אנד גמבל,GB,פיירי נוזל כלים,מיליליטרים,515.00,"100 מ""ל",false,1,12.50,2.43,true,1,
8001841669519,false,אריאל קפסולות ג'ל 55יח,פרוקטר אנד גמבל,FR,קפסולות לכביסה,יחידה,1.00,יחידה,false,1,72.90,72.90,true,1,
8002450204009,false,"ורדי אפרסק 750 מ""ל",בוסקה,IT,ורדי אפרסק,מיליליטרים,750.00,"100 מ""ל",false,0,24.90,3.32,true,1,
8002450205006,false,"ורדי תות שדה 750 מ""ל",בוסקה,IT,ורדי תות שדה,מיליליטרים,750.00,"100 מ""ל",false,1,24.90,3.32,true,1,
8002450209004,false,"ורדי רוזה 750 מ""ל",בוסקה,IT,ורדי רוזה,מיליליטרים,750.00,"100 מ""ל",false,1,24.90,3.32,true,1,
8003130129544,false,חטיפי תפוח אדמה זיגזג50ג,סן קרלו,IT,חטיפי תפוח אדמה,גרמים,50.00,100 גרם,false,1,5.90,11.80,true,1,
8003440997871,false,מסטיק פיורפרש תות 200גרם,,TR,מסטיק מנטוס,גרמים,200.00,100 גרם,false,1,22.00,11.00,true,1,
8004030022010,false,ירקות גינה עם טונה160גרם,"בולטון אלימנטרי בע""\מ",IT,ירקות עם טונה,גרמים,160.00,100 גרם,false,1,16.90,10.56,true,1,
8004030026018,false,סלט מקסיקני עם טונה 160ג,"בולטון אלימנטרי בע""\מ",IT,סלט עם טונה,גרמים,160.00,100 גרם,false,1,16.90,10.56,true,1,
8004030081024,false,טונה בשמן זית ופלפל160גר,"בולטון אלימנטרי בע""\מ",IT,טונה בשמן זית,גרמים,160.00,100 גרם,false,0,18.70,11.69,true,1,
8004030102033,false,טונה ריו שמן זית+לימ80*3,,IT,טונה ריו מרה 3יח,גרמים,240.00,100 גרם,false,1,28.70,11.96,true,1,
8004030177000,false,טונה בשמן זית+צ'ילי80*3ג,,IT,טונה ריו מרה 3יח,גרמים,240.00,100 גרם,false,1,28.70,11.96,true,1,
8004690050507,false,פטוצ'יני לה מוליזנה 500ג,לה מוליסנה,IT,פסטה פטוצ'יני,גרמים,500.00,100 גרם,false,1,8.90,1.78,true,1,
8004690052044,false,פסטה פנה ריגטה 500 גרם,לה מוליזנה קמפובאסן,IT,פנה ריגטה,גרמים,500.00,100 גרם,false,1,8.90,1.78,true,1,
8004690052846,false,פוזילי לה מוליזנה 500 גר,לה מוליסנה,IT,פסטה פוזילי,גרמים,500.00,100 גרם,false,1,8.90,1.78,true,1,
8004690053195,false,פסטה ריגוטיני 500 גרם,לה מוליזנה קמפובאסן,IT,פסטה לה מוליזנה,גרמים,500.00,100 גרם,false,1,8.90,1.78,true,1,
8004690057308,false,פסטה רדיאטורי 500 גרם,לה מוליסנה,IT,פסטה רדיאטורי,גרמים,500.00,100 גרם,false,1,8.90,1.78,true,1,
8004690101513,false,פסטה קוואדרטו 500 גרם,לה מוליזנה קמפובאסן,IT,פסטה קוואדרטו,גרמים,500.00,100 גרם,false,1,8.90,1.78,true,1,
8004690106600,false,פרפלה לה מוליזינה 500 גר,לה מוליזנה קמפובאסן,IT,פסטה לה מוליזנה,גרמים,500.00,100 גרם,false,0,8.90,1.78,true,1,
8004708048793,false,פלפל שחור במטחנה 95 גרם,דרוגיה ואלימנטרי אס.אר.א,IT,פלפל שחור במטחנה,גרמים,95.00,100 גרם,false,1,30.90,32.53,true,1,
8004800000064,false,גלילי וופל קרם קקאו100ג,לגו גרופ ס.פ.א.,IT,גלילי וופל לאגו,גרמים,100.00,100 גרם,false,1,13.90,13.90,true,1,
8004800000071,false,גלילי ופל ק.אגוז לוז100ג,לגו גרופ ס.פ.א.,IT,גלילי וופל לאגו,גרמים,100.00,100 גרם,false,1,13.90,13.90,true,1,
8004800004802,false,גלילי וופל קרם דומדמנ100,לגו גרופ ס.פ.א.,IT,גלילי וופל לאגו,גרמים,100.00,100 גרם,false,1,13.90,13.90,true,1,
8004800004819,false,וופלים במילוי ק.פסיפלו98,לגו גרופ ס.פ.א.,IT,וופלים במילוי,גרמים,110.00,100 גרם,false,1,13.90,12.64,true,1,
8005110002533,false,רוטב פסטה עגבנ.דטרינ400,מוטי אס.פי.אי,IT,רוטב לפסטה,גרמים,400.00,100 גרם,false,1,13.90,3.48,false,1,
8005110002557,false,רוטב מעגבנ.רומא לפסטה400,מוטי אס.פי.אי,IT,רוטב לפסטה,גרמים,400.00,100 גרם,false,1,13.90,3.48,false,1,
8005110060007,false,עגבניות מקולפות,,IT,עגבניות מקולפות,גרמים,400.00,100 גרם,false,0,7.20,1.80,true,1,
8005110171215,false,עגבניות חתוכות 690 גרם,מוטי,IT,עגבניות חתוכות,גרמים,690.00,100 גרם,false,0,15.90,2.30,true,1,
8005110191015,false,מחית עגבניות קלה+בזיל700,מוטי,IT,מחית עגבניות קלה,גרמים,700.00,100 גרם,false,0,13.90,1.99,true,1,
8005110200014,false,רכז עגבניות מוטי 210 גרם,מוטי אס.פי.איי,IT,רכז עגבניות,גרמים,210.00,100 גרם,false,0,7.90,3.76,true,1,
8005110551253,false,רוטב לפיצה 400 גרם,מוטי,IT,רוטב לפיצה,גרמים,400.00,100 גרם,false,1,9.90,2.48,true,1,
8005852750112,false,שזיר מעדן עוף 85 גרם,,TH,שזיר מעדן עוף,גרמים,85.00,100 גרם,false,0,6.00,7.06,true,1,
8005852750150,false,שזיר מעדן סלמון 85 גרם,,TH,שזיר מוס סלמון,גרמים,85.00,100 גרם,false,0,6.00,7.06,true,1,
8005852750549,false,שזיר לחתול בקר ועוף 85גר,,TH,שזיר בקר ועוף,גרמים,85.00,100 גרם,false,0,6.00,7.06,true,1,
8006227001389,false,לחם קמח מלא ללא קשה400ג,מורטו,IT,לחם ללא קשה,גרמים,400.00,100 גרם,false,1,19.90,4.98,true,1,
8006227270945,false,לחם לבן ללא קשה 250 גרם,,IT,לחם ללא קשה,גרמים,250.00,100 גרם,false,1,17.90,7.16,true,1,
8006540091937,false,לנור מבשם ריח אריאל210,פטר קרמר עבור פרוקטור אנ,GB,לנור  מבשם כביסה,גרמים,210.00,100 גרם,false,1,29.90,14.24,true,1,
8006540110317,false,שמפו פנטן מיראקלס 400מ,,RO,פנטן מיראקלס,גרמים,400.00,100 גרם,false,1,17.90,4.48,true,1,
8006540112823,false,לנור מרכך מרוכז900מל,פרוקטר אנד גמבל,US,לנור מרכך מרוכז,מיליליטרים,900.00,"100 מ""ל",false,1,15.90,1.77,true,1,
8006540112854,false,לנור מרכך ניחוח סחלב900,פרוקטר אנד גמבל,US,לנור מרכך מרוכז,מיליליטרים,900.00,"100 מ""ל",false,1,15.90,1.77,true,1,
8006540157374,false,פנטן מיראקלס במבוק 275מ,,FR,פנטן מיראקלס,מיליליטרים,275.00,"100 מ""ל",false,1,17.90,6.51,true,1,
8006540221464,false,מגן תחתון אולוויז נורמל,,DE,מגן תחתון אולווי,יחידה,1.00,יחידה,false,1,17.90,17.90,true,1,
8006540385029,false,"הד&שולדרס מן 2ב1 540מ""ל",URLATI GAMBLE & PROCTER,RO,הד&שולדרס מן 2ב1,מיליליטרים,540.00,"100 מ""ל",false,1,21.90,4.05,true,1,
8006540463550,false,פיירי פלטינום 63טבליות,פרוקטר אנד גמבל,BE,פיירי טבליות,יחידה,1.00,יחידה,false,1,59.90,59.90,true,1,
8006540491539,false,פיירי פלטינום אורגינל,פרוקטר אנד גמבל,GB,פיירי פלטינום,מיליליטרים,780.00,"100 מ""ל",false,1,12.50,1.60,true,1,
8006540495247,false,"לנור מרכך פרחי בר900 מ""ל",פרוקטר אנד גמבל,FR,מרכך כביסה לנור,מיליליטרים,900.00,"100 מ""ל",false,1,15.90,1.77,true,1,
8007178120310,false,"חומץ בלסמי גקובזי 500מ""ל",ג'אקובזי,IT,חומץ בלסמי,מיליליטרים,500.00,"100 מ""ל",false,0,22.90,4.58,true,1,
8008245004847,false,ממרח אגוזי לוז וקקאו300ג,נאטקו,IT,ממרח אגוזי לוז,גרמים,300.00,100 גרם,false,1,13.90,4.63,true,1,
8008245004861,false,ממרח חלב עם אגוזי לוז300,נאטקו,IT,ממרח אגוזי לוז,גרמים,300.00,100 גרם,false,1,13.90,4.63,true,1,
8008343200486,false,פסטה רומו פוזילי 500 גרם,רומו,IT,פסטה רומו,גרמים,500.00,100 גרם,false,1,9.90,1.98,true,1,
8014515330059,false,עגבניות שלמות מקולפות400,שופרסל-ייבוא,IT,עגבניות שלמות,גרמים,400.00,100 גרם,false,0,6.70,1.68,true,1,
8014515330196,false,עגבניות מרוסקות 400 גרם,אמיליאנה קונסרב סוסייטה,IT,עגבניות מרוסקות,גרמים,400.00,100 גרם,false,1,6.70,1.68,true,1,
8014515330738,false,קוביות עגבניות פומו400גר,שופרסל-ייבוא,IT,קוביות עגבניות,גרמים,400.00,100 גרם,false,0,6.70,1.68,true,1,
8014601026354,false,"קמח פיצה שף קאפוטו 1 ק""ג",אנטימו קפוטו אס.אר.אל,IT,קמח פיצה שף,קילוגרמים,1.00,"ק""ג",false,1,13.90,13.90,true,1,
8032793342458,false,עגבניות מרוסקות דק 700גר,קונסוריזיו קאסאלסקו דל פ,IT,עגבניות מרוסקות,גרמים,700.00,100 גרם,false,1,11.90,1.70,true,1,
8076800195033,false,ספגטיני מס' 3 500 גרם,ברילה גי.אי.אר פרטלי ס.פ,IT,ספגטיני מס' 3,גרמים,500.00,100 גרם,false,0,7.90,1.58,true,1,
8076800195057,false,ספגטי מס' 5 ברילה500גר,ברילה גי.אי.אר פרטלי ס.פ,IT,ספגטי מס 5 ברילה,גרמים,500.00,100 גרם,false,0,7.90,1.58,true,1,
8076802085738,false,פנה ריגטה מס73' 500 גרם,ברילה גי.אי.אר פרטלי ס.פ,IT,פנה ריגטה ברילה,גרמים,500.00,100 גרם,false,0,7.90,1.58,true,1,
8076802085936,false,קונצ'יליה ריגטי 500 גרם,ברילה גי.אי.אר פרטלי ס.פ,IT,קונצ'יליה,גרמים,500.00,100 גרם,false,0,7.90,1.58,true,1,
8076802085981,false,פסטה פוזילי מס98' 500גרם,ברילה גי.אי.אר פרטלי ס.פ,IT,פוזילי ברילה,גרמים,500.00,100 גרם,false,0,7.90,1.58,true,1,
8076808050440,false,פסטה מקרוני מס44' 500 גר,ברילה,IT,מקרוני ברילה,גרמים,500.00,100 גרם,false,0,7.90,1.58,true,1,
8076808060654,false,פסטה פרפלה מס65' 500 גרם,ברילה גי.אי.אר פרטלי ס.פ,IT,פסטה פרפלה ברילה,גרמים,500.00,100 גרם,false,0,7.90,1.58,true,1,
8076808150072,false,ספגטי מס' 7 500 גרם,ברילה גי.אי.אר פרטלי ס.פ,IT,ספגטי ברילה,גרמים,500.00,100 גרם,false,0,7.90,1.58,true,1,
8076809512268,false,פסטה גירנדולה מס34' 500ג,ברילה גי.אי.אר פרטלי ס.פ,IT,פסטה גירנדולה,גרמים,500.00,100 גרם,false,0,7.90,1.58,true,1,
8076809513395,false,רוטב פומודורו ברילה 400ג,ברילה גי.אי.אר פרטלי ס.פ,IT,רוטב עגבניות,גרמים,400.00,100 גרם,false,0,13.90,3.48,true,1,
8076809513692,false,רוטב לפסטה נפוליטנה400גר,ברילה גי.אי.אר פרטלי ס.פ,IT,רוטב לפסטה,גרמים,400.00,100 גרם,false,0,13.90,3.48,true,1,
8076809513739,false,רוטב בזיליקום ברילה400גר,ברילה גי.אי.אר פרטלי ס.פ,IT,רוטב בזיליקום,גרמים,400.00,100 גרם,false,0,13.90,3.48,true,1,
8076809547956,false,ברילה קיפרי 500 גרם,,IT,ברילה קיפרי,גרמים,500.00,100 גרם,false,1,7.90,1.58,true,1,
8076809578998,false,ברילה צ.ק סטלינה 500  גר,ברילה גי. אי. אר פרטלי ס,IT,ברילה צ.ק סטלינה,גרמים,500.00,100 גרם,false,1,7.90,1.58,true,1,
8076809580496,false,ברילה צ.מ פפירי 450 גרם,"ש.שסטוביץ בע""\מ",IT,ברילה צ.מ פפירי,גרמים,450.00,100 גרם,false,1,13.90,3.09,true,1,
8121300206946,false,טרוביה סטיביה ממתיק1*80ג,קארגיל,US,ממתיק טרוביה,גרמים,80.00,100 גרם,false,1,29.90,37.38,true,1,
8121300207004,false,טרוביה סטיביה בצנצנת270ג,קארגיל,US,טרוביה בצנצנת,גרמים,270.00,100 גרם,false,1,34.90,12.93,true,1,
8410076600622,false,קראנץ שבבי שוקולד 210ג,ג'נרל מילס סאן אדריאן,ES,נייצר וואלי שוקו,גרמים,210.00,100 גרם,false,0,21.90,10.43,true,1,
8410076610379,false,נייטשר פרוטאין שוקו40*4ג,ג'נרל מילס,ES,נייטשר וואלי,גרמים,160.00,100 גרם,false,1,26.90,16.81,true,1,
8410076610386,false,נייטשר פרוטאין קרמל40*4ג,ג'\נרל מילס סאן אדריאן S,ES,נייטשר וואלי 4יח,גרמים,160.00,100 גרם,false,1,26.90,16.81,true,1,
8410076610492,false,נייטשר ואלי צ'ואי בוטנ5י,ג'נרל מילס,GB,חטיפי צ'ואי 5 יח,גרמים,150.00,100 גרם,false,1,21.90,14.60,true,1,
8410076610508,false,נייטשר ואלי צ'ואי שוקו5י,ג'נרל מילס,GB,חטיפי צ'ואי 5 יח,גרמים,150.00,100 גרם,false,1,21.90,14.60,true,1,
8410076621009,false,חט.פייבר 1 קרמל מלוח24*5,"גלאטס סירו בע""\מ",ES,חטיפי פייבר 1,גרמים,120.00,100 גרם,false,1,14.90,12.41,true,1,
8410076621047,false,חטיפי פייבר1 שוקולד24*5ג,"גלאטס סירו בע""\מ",ES,חטיפי פייבר 1,גרמים,120.00,100 גרם,false,1,14.90,12.41,true,1,
8410104045111,false,"פיניש מלח למדיח 2 ק""ג",רקיט בנקיזר,IL,מלח למדיח,קילוגרמים,2.00,"ק""ג",false,0,16.90,8.45,true,1,
8410179000411,false,שמן צמחי E+Dויטמין 1ל,PONTU BORGES ACEITES,ES,שמן צמחי מועשר,ליטרים,1.00,ליטר,false,1,14.90,14.90,true,1,
8410179010809,false,שמן קנולה בורחס 1 ליטר,בורחס,ES,שמן קנולה,ליטרים,1.00,ליטר,false,1,13.90,13.90,true,1,
8410179014814,false,שמן צמחיE+ויטמין 1ליטר,PONTU BORGES ACEITES,ES,שמן צמחי מועשר,ליטרים,1.00,ליטר,false,1,14.90,14.90,true,1,
8410179014821,false,שמן קנולה + E ויטמין 1ל,PONTU BORGES ACEITES,ES,שמן קנולה,ליטרים,1.00,ליטר,false,1,14.90,14.90,true,1,
8410179018027,false,שמן קלונה מועשר 1 ליטר,FOO BRANDED BORGES,ES,שמן קנולה מועשר,ליטרים,1.00,ליטר,false,1,14.90,14.90,true,1,
8410179018034,false,שמן חמניות מועשר 1 ליטר,FOO BRANDED BORGES,ES,שמן חמניות,ליטרים,1.00,ליטר,false,1,14.90,14.90,true,1,
8410179100043,false,שמן זית כתית מעולה 750מל,,ES,שמן זית כתית,מיליליטרים,750.00,"100 מ""ל",false,0,34.90,4.65,true,1,
8410179100944,false,"שמן זית אוחיבלנקה 750מ""ל",בורחס,ES,שמן זית,מיליליטרים,750.00,"100 מ""ל",false,0,34.90,4.65,true,1,
8420822130600,false,"7-KH מסיר שומנים 750 מ""ל",,ES,מתאים למשטחי אכי,מיליליטרים,750.00,"100 מ""ל",false,1,18.90,2.52,true,1,
8423207206488,false,סלים דליס מצופה שוקולד6י,סלים דליס,ES,חטיפי דגנים מרבה,גרמים,120.00,100 גרם,false,0,12.90,10.75,true,1,
8423207206495,false,סלים דליס שוקולד מריר6י,סלים דליס,ES,חטיפי דגנים מרבה,גרמים,120.00,100 גרם,false,0,12.90,10.75,true,1,
8423207206501,false,סלים דליס רב דגנים חלב6י,סלים דליס,ES,חטיפי דגנים מרבה,גרמים,120.00,100 גרם,false,0,12.90,10.75,true,1,
8423207208680,false,סלים דליס ילדים ש.חלב6יח,סלים דליס,ES,סלים דליס 6 יח,גרמים,120.00,100 גרם,false,1,12.90,10.75,true,1,
8423207208703,false,סלים דליס שוקו.מריר 6 יח,סלים דליס,ES,סלים דליס 6 יח,גרמים,120.00,100 גרם,false,1,12.90,10.75,true,1,
8423207208871,false,פריכיות תירס ט.טבעי 130ג,ביסנצורי,ES,פריכיות תירס,גרמים,130.00,100 גרם,false,1,10.90,8.38,true,1,
8423207208888,false,פריכיות תירס עגבניות123ג,ביסנצורי,ES,פריכיות תירס,גרמים,123.00,100 גרם,false,1,10.90,8.86,true,1,
8423371005085,false,מיקס פיקנטי 100 גרם,,ES,מיקס פיקנטי,גרמים,100.00,100 גרם,false,1,10.90,10.90,true,1,
8425206000081,false,ריבת חלב,,ES,ריבת חלב,גרמים,450.00,100 גרם,false,0,21.90,4.87,true,1,
8427030005010,false,"סימילאק AR תמ""ל 375 גרם",אבוט לבורטוריס ס.א.,ES,סימילאק AR,גרמים,375.00,100 גרם,false,0,48.40,12.91,true,1,
8427030007281,false,סימילאק קומפורט HMOשלב1-,ABBOT,ES,סימילאק קומפורט,גרמים,820.00,100 גרם,false,1,104.90,12.79,true,1,
8427030007298,false,סימילאק קומפורט HMOשלב2-,אבוט לבורטוריס ס.א.,ES,סימילאק קומפורט,גרמים,820.00,100 גרם,false,1,104.90,12.79,true,1,
8435495805168,false,אבקת כביסה תינוקלין 1.25,סארוהאן,TR,א.כביסה תינוקלין,גרמים,1250.00,100 גרם,false,1,23.90,1.91,true,1,
8435495807636,false,תינוקלין ג'ל כביסה 2 ל',סארוהאן,TR,תינוקלין ג'ל,ליטרים,2.00,ליטר,false,1,34.90,17.45,true,1,
8436037791550,false,קרם ליפטינג לפניםSPF30 3,RNB,ES,קרם ליפטינג לפני,מיליליטרים,50.00,"100 מ""ל",false,1,24.90,49.80,true,1,
8436037791802,false,"קרם ידיים אלוורה 125 מ""ל",RNB,ES,קרם ידיים,מיליליטרים,125.00,"100 מ""ל",false,1,8.90,7.12,true,1,
8436037792946,false,קרם שמן גוף אוריגינל250מ,,ES,קרם גוף,מיליליטרים,250.00,"100 מ""ל",false,1,13.90,5.56,true,1,
8436037792960,false,"קרם רב""ש בפחית 70 מ""ל",RNB,ES,קרם רב שימושי,מיליליטרים,70.00,"100 מ""ל",false,1,10.00,14.29,true,1,
8436037793011,false,"קרם רב""ש עם שמן זית 250",RNB,ES,קרם גוף,מיליליטרים,250.00,"100 מ""ל",false,1,15.00,6.00,true,1,
8436575292205,false,מאגדת חמשושים 180 גרם,גלידות נסטלה )נגה גלידות,IL,מאגדת חמשושים,גרמים,180.00,100 גרם,false,1,19.90,11.05,true,1,
8445290427120,false,דגני בוקר שוק+בננה330ג,סי.פי. צרפת,FR,דגני בוקר פיטנס,גרמים,330.00,100 גרם,false,1,22.90,6.94,true,1,
8594404001418,false,בירה קוזל כהה בק.חוזר500,,CZ,בירה קוזל כהה,מיליליטרים,500.00,"100 מ""ל",false,1,8.90,1.78,true,1,
8606018615827,false,פיינט אוראו 300 גרם,,RS,פיינט אוראו,גרמים,300.00,100 גרם,false,1,21.90,7.30,true,1,
8606018615841,false,פיינט מילקה וניל ליבת שו,,RS,פיינט מילקה וניל,גרמים,300.00,100 גרם,false,1,21.90,7.30,true,1,
8606018615865,false,פיינט מילקה קרמל 300 גרם,,RS,פיינט מילקה קרמל,גרמים,300.00,100 גרם,false,1,21.90,7.30,true,1,
8606109023715,false,"פרוויטה תפו""ע אפרסקים750",פרובישקה,RS,"פרוויטה תפו""ע",מיליליטרים,750.00,"100 מ""ל",false,1,11.90,1.58,true,1,
8683130025574,false,"מרכך בדין לבנדר960 מ""ל",יבוא ושיווק: יוניליוור י,TR,מרכך בדין לבנדר,מיליליטרים,960.00,"100 מ""ל",false,1,17.90,1.86,true,1,
8683130025581,false,"מרכך בדין ענבר 960 מ""ל",יבוא ושיווק: יוניליוור י,TR,מרכך בדין אקסטרה,מיליליטרים,960.00,"100 מ""ל",false,1,17.90,1.86,true,1,
8683323063024,false,ממתק בטעם תותי פרוטי220ג,סאדאט,TR,ממתק בטעם תותי,גרמים,220.00,100 גרם,false,1,7.90,3.59,true,1,
8690504153740,false,שוקולד מריר קרם גנאש 86ג,גודייבה,TR,שוקולד מריר קרם,גרמים,86.00,100 גרם,false,1,15.90,18.49,true,1,
8690504153849,false,שוקולד חלב קרם אגוזים83ג,גודייבה,TR,שוקולד חלב,גרמים,83.00,100 גרם,false,1,15.90,19.16,true,1,
8690526009292,false,חטיף בוטנים נוגט קרמל28ג,"GIDA ETI , טורקיה n\",TR,חטיף בוטנים נוגט,גרמים,28.00,100 גרם,false,1,4.50,16.07,true,1,
8690526019147,false,וופל עם קרם אגוז לוז142,"GIDA ETI , טורקיה n\",TR,וופל קרם אגוזים,גרמים,142.00,100 גרם,false,1,8.50,5.99,true,1,
8690526019154,false,וופל קקאו+קרם קקאו142גר,"GIDA ETI , טורקיה n\",TR,וופל קרם קקאו,גרמים,142.00,100 גרם,false,1,8.50,5.99,true,1,
8690526029207,false,וופל קרם קקאו+בוטנים29*5,אתי גידה סאנאי וה טיק .A,TR,וופל אתי 5 יח,גרמים,145.00,100 גרם,false,1,9.90,6.83,true,1,
8690530036727,false,ממחטות 3שכ.מקסי סלפאק100,,TR,ממחטות מקסי,יחידה,1.00,יחידה,false,1,10.90,10.90,true,1,
8690637504426,false,סיף קרם ניקוי לימון 500מ,יוניליוור סנאיי וי טיקאר,TR,קרם ניקוי סיף,מיליליטרים,500.00,"100 מ""ל",false,1,12.70,2.54,true,1,
8690637505607,false,מרכך כביסה פינוק960מל,יוניליוור סנאיי וי טיקאר,TR,מרכך כביסה בדין,מיליליטרים,960.00,"100 מ""ל",false,1,17.90,1.86,true,1,
8690637555084,false,בדין אקסטרא פריחת התפוז,יוניליוור סנאיי וי טיקאר,TR,מרכך בדין אקסטרא,מיליליטרים,960.00,"100 מ""ל",false,0,17.90,1.86,true,1,
8690637835643,false,תה ירוק לימונית לואיז20ש,,TR,תה ירוק ליפטון,גרמים,30.00,100 גרם,false,1,17.30,57.67,true,1,
8690637842399,false,מגנום מיני דאבל פרי+שוקו,שטראוס,TR,מגנום מיני דאבל,גרמים,323.00,100 גרם,false,1,31.90,9.88,true,1,
8690637865596,false,דאב סבון ידיים לחות500מ,,TR,דאב סבון ידיים,מיליליטרים,500.00,"100 מ""ל",false,1,19.90,3.98,true,1,
8690637946301,false,בדין אקסטרא בייבי 960 מל,יוניליוור סנאיי וי טיקאר,TR,בדין מרכך בייבי,מיליליטרים,960.00,"100 מ""ל",false,1,17.90,1.86,true,1,
8690637946318,false,בדין אקסטרא בייבי טלק960,יוניליוור סנאיי וי טיקאר,TR,מרכך בדין בייבי,מיליליטרים,960.00,"100 מ""ל",false,1,17.90,1.86,true,1,
8690637971310,false,בדין מרכך יערת הדבש960מל,יוניליוור סנאיי וי טיקאר,TR,בדין מרכך אקסטרה,מיליליטרים,960.00,"100 מ""ל",false,1,17.90,1.86,true,1,
8690637976995,false,בדין ורוד סחלבים960מל,יוניליוור סנאיי וי טיקאר,TR,בדין אקסטרה ורוד,מיליליטרים,960.00,"100 מ""ל",false,1,17.90,1.86,true,1,
8690637989612,false,מגנום מיני דולצ'ה גולד,יונילוור סנאיי וי טיג'\,TR,מגנום מיני דולצ',גרמים,246.00,100 גרם,false,1,31.90,12.97,true,1,
8690637994029,false,בדין מרכך ורוד 1.44ל,יוניליוור סנאיי וי טיקאר,TR,מרכך כביסה מרוכז,ליטרים,1.44,ליטר,false,1,22.90,15.90,true,1,
8690637994036,false,בדין מרכך כחול  1.44ל,יוניליוור סנאיי וי טיקאר,TR,מרכך כביסה מרוכז,ליטרים,1.44,ליטר,false,1,22.90,15.90,true,1,
8690766156367,false,שוקולד חלב גודייבה 90 גר,גודייבה,TR,שוקולד גודייבה,גרמים,90.00,100 גרם,false,1,15.90,17.67,true,1,
8690766156374,false,שוק.מריר 72% קקאו90גר,גודייבה,TR,שוקולד גודייבה,גרמים,90.00,100 גרם,false,1,15.90,17.67,true,1,
8690766156381,false,שוק.מריר 90% קקאו 90 גרם,גודייבה,TR,שוקולד גודייבה,גרמים,90.00,100 גרם,false,1,15.90,17.67,true,1,
8690770322598,false,שמרים יבשים 125 גרם,הנמל,TR,שמרים יבשים,גרמים,125.00,100 גרם,false,0,5.30,4.24,true,1,
8690777206051,false,חציל קלוי,,TR,חציל קלוי,גרמים,650.00,100 גרם,false,0,12.90,1.98,true,1,
8690777221405,false,פלפל אדום קלוי,,TR,פלפל אדום קלוי,גרמים,650.00,100 גרם,false,0,12.90,1.98,true,1,
8690784516440,false,דאק נוזל ג'ל לבנדר 750מל,"אס.סי.ג'\ונסון מידרכט, ה",NL,דאק נוזל ג'ל,מיליליטרים,750.00,"100 מ""ל",false,1,8.90,1.19,true,1,
8690946190006,false,פסטה פנה 500 גרם,,TR,פסטה פנה,גרמים,500.00,100 גרם,false,1,4.00,0.80,true,1,
8690946250014,false,פסטה ספגטי 500 גרם,מוטלו,TR,פסטה ספגטי,גרמים,500.00,100 גרם,false,1,4.00,0.80,true,1,
8690946250168,false,פסטה פוסילי 500 גרם,מוטלו,TR,פסטה פוסילי,גרמים,500.00,100 גרם,false,1,4.00,0.80,true,1,
8690946250182,false,פסטה קונכיות גדולות500גר,מוטלו,TR,פסטה קונכיות,גרמים,500.00,100 גרם,false,1,4.00,0.80,true,1,
8690946250205,false,פסטה לינגוויני 500 גרם,מוטלו,TR,פסטה לינגוויני,גרמים,500.00,100 גרם,false,1,4.00,0.80,true,1,
8693323085100,false,ממתק חמוץ שטיח פירות100ג,סאדאט,TR,ממתק חמוץ,גרמים,100.00,100 גרם,false,1,4.50,4.50,true,1,
8693495041461,false,2מברשות סלים סופט פחם,קולגייט פלמוליב,CN,זוג מברשות,יחידה,1.00,יחידה,false,0,31.90,31.90,true,1,
8693495053693,false,מברשות 360 קולגייט 4 יח,,CN,מברשות 360 4 יח,יחידה,1.00,יחידה,false,1,36.90,36.90,true,1,
8697530910750,false,פאלמאל כחול ארוך חפיסה,bat,TR,פאלמאל כחול ארוך,יחידה,1.00,יחידה,false,0,31.50,31.50,false,1,
8710428005762,false,סימילאק צמחי שלב2 400 גר,ABBOT,NL,סימילאק  צמחי,גרמים,400.00,100 גרם,false,0,46.70,11.68,true,1,
8710428017000,false,פדיאשור ונילה850,ABBOT,NL,פדיאשור ונילה,גרמים,850.00,100 גרם,false,1,79.90,9.40,true,1,
8710502064814,false,עוג.שוקוציפס מרקם רך175ג,בנקטבקריי מרבה בי.וי,NL,עוגיות מרבה,גרמים,175.00,100 גרם,false,1,10.90,6.23,true,1,
8710502100864,false,עוגיות דאבל שוקולד 200 ג,"מרבה בע""\מ",NL,עוגיות מרבה,גרמים,200.00,100 גרם,false,1,11.90,5.95,true,1,
8710502260032,false,עוגיות שוקולד צ'יפס150ג,בנקטבקריי מרבה בי.וי,NL,עוגיות שוקולד,גרמים,150.00,100 גרם,false,0,7.90,5.27,true,1,
8710502279010,false,עוגיות מרבה,,,עוגיות מרבה,יחידה,1.00,יחידה,false,0,10.90,10.90,true,1,
8710502470035,false,עוגיות נוגטלי קר.אגוז200,"מרבה בע""\מ",NL,עוגיות מרבה,גרמים,200.00,100 גרם,false,1,11.90,5.95,true,1,
8710522584200,false,תח.רחצה דאב ורדים500מ,"יוניליוור גרמניה, Gmbh &",DE,תחליב רחצה דאב,מיליליטרים,500.00,"100 מ""ל",false,1,16.90,3.38,true,1,
8710908404184,false,דאו.דאב 0% אלומיניום150מ,יוניליוור,IT,דאודורנט דאב,מיליליטרים,150.00,"100 מ""ל",false,1,14.90,9.93,true,1,
8711000362631,false,קפסולות לור 12 אוניקס52ג,גיקובס דאו אגברטס צרפת,FR,קפסולות לור,גרמים,52.00,100 גרם,false,1,19.90,38.27,true,1,
8711000362747,false,קפסולות לור 11 ריסטרטו52,גיקובס דאו אגברטס צרפת,FR,קפסולות לור,גרמים,52.00,100 גרם,false,1,19.90,38.27,true,1,
8711000371183,false,קפסולות קפה אינטנסו52גרם,ג'ייקובס דאו אגברטס צרפת,FR,קפסולות ג'קובס,גרמים,52.00,100 גרם,false,1,17.90,34.42,true,1,
8711000371206,false,קפסולות קפה12 ריסטרטו52ג,ג'ייקובס דאו אגברטס צרפת,FR,קפסולות ג'קובס,גרמים,52.00,100 גרם,false,1,17.90,34.42,true,1,
8711000471296,false,קפסולות לור 13 אולטימו52,ג'\ייקובס דאו אגרבטס צרפ,FR,קפסולות לור,גרמים,52.00,100 גרם,false,1,19.90,38.27,true,1,
8711327475618,false,גלידה מגנום וניל קלאסיק,"מפעל גלידות בווספרם, רחו",,גלידה מגנום וני,מיליליטרים,440.00,"100 מ""ל",false,0,23.90,5.43,true,1,
8711327475663,false,גל מגנום וניל שוקלד לבן,"מפעל גלידות בווספרם, רחו",,גל מגנום וניל שו,מיליליטרים,440.00,"100 מ""ל",false,0,23.90,5.43,true,1,
8711327475717,false,גלידה מגנום וניל שקדים,"מפעל גלידות בווספרם, רחו",,גלידה מגנום וניל,מיליליטרים,440.00,"100 מ""ל",false,0,23.90,5.43,true,1,
8711327475762,false,גלידה מגנום לבן עוגיות,,,גלידה מגנום לבן,מיליליטרים,440.00,"100 מ""ל",false,0,23.90,5.43,true,1,
8712400802512,false,נוטרילון שלב2- 800 גרם,נוטרישיה קאלק,NL,נוטרילון שלב2-,גרמים,800.00,100 גרם,false,0,69.90,8.74,true,1,
8712400802536,false,נוטרילון שלב3- 800 גרם,נוטרישיה קאלק,NL,נוטרילון שלב3-,גרמים,800.00,100 גרם,false,0,69.90,8.74,true,1,
8712561594608,false,תח.רחצה להזנה עמוקה 750מ,"יוניליוור גרמניה, Gmbh &",DE,תחליב רחצה דאב,מיליליטרים,750.00,"100 מ""ל",false,1,16.90,2.25,true,1,
8712561611411,false,תח.רחצה דאב תה ירוק 750מ,"יוניליוור גרמניה, Gmbh &",DE,תחליב רחצה דאב,מיליליטרים,750.00,"100 מ""ל",false,1,16.90,2.25,true,1,
8714599104316,false,קפה שחור קלוי טחון200ג,אל.אל.סי ג'\ייקובס דאו א,RU,קפה שחור ג'קובס,גרמים,200.00,100 גרם,false,1,16.90,8.45,true,1,
8714599410806,false,קפה ג'קובס קרוננג שקי160,ג'יי.די.אי.,RU,קפה ג'קובס שקית,גרמים,160.00,100 גרם,false,1,18.90,11.81,true,1,
8714599412336,false,קפה בריסטה אמריקנו160ג,ג'\ייקובס דאו אגברטס רוס,RU,קפה ג'קובס,גרמים,160.00,100 גרם,false,1,29.50,18.44,true,1,
8714599512159,false,קפה נמס ג'קובס מונארך190,,RU,קפה נמס ג'קובס,גרמים,190.00,100 גרם,false,1,24.90,13.11,true,1,
8714599513835,false,קפה ג'קובס נט.קופאין200ג,*ג'יי.די.אי,DE,קפה ג'קובס נטול,גרמים,200.00,100 גרם,false,1,39.90,19.95,true,1,
8714789177229,false,4 מב.קולגייט אקסטרה קלין,קולגייט פלמוליב,CN,4 מברשות שיניים,יחידה,1.00,יחידה,false,0,11.90,11.90,true,1,
8714789402918,false,אג'קס חג.פרחים אדום 1.5ל,קולגייט פלמוליב,GR,אג'קס לניקוי,ליטרים,1.50,ליטר,false,0,22.90,15.27,true,1,
8714800004114,false,בירה 8.6% חזקה,,NL,בירה 8.6% חזקה,מיליליטרים,500.00,"100 מ""ל",false,0,8.90,1.78,true,1,
8715700110141,false,ממרח היינץ צנצנת 460 גרם,ה.י.היינץ הולדינג בי.וי,NL,ממרח היינץ,גרמים,460.00,100 גרם,false,1,12.90,2.80,true,1,
8715700117805,false,"מתבל עגבנ.ללת""ס ומלח425ג","ה.י היינץ הולדינג בי.וי,",NL,מתבל עגבניות,גרמים,425.00,100 גרם,false,1,11.90,2.80,true,1,
8715700120874,false,קטשופ שום היינץ 460 גרם,ה.י.היינץ הולדינג בי.וי,NL,קטשופ שום היינץ,גרמים,460.00,100 גרם,false,1,11.90,2.59,true,1,
8715700419732,false,מתבל עגבניות היינץ700גרם,היינץ,NL,מתבל עגבניות,גרמים,700.00,100 גרם,false,0,13.90,1.99,true,1,
8715700422473,false,ממרח היינץ מיכל לחיץ395ג,היינץ,NL,ממרח היינץ,גרמים,395.00,100 גרם,false,1,15.90,4.03,true,1,
8715700423906,false,מתבל עגב.מופ.סוכר/מלח550,היינץ,NL,מתבל עגבניות,גרמים,555.00,100 גרם,false,1,11.90,2.14,true,1,
8717163628812,false,"טרזמה מסכה להחלקה300 מ""ל","יוניליוור פולין, רחוב קר",PL,טרזמה מסכה משקמת,מיליליטרים,300.00,"100 מ""ל",false,1,31.90,10.63,true,1,
8717163647226,false,דאו ספריי גוף בלאק 150 מ,יוניליוור אנגליה,TR,אקס ספריי,מיליליטרים,150.00,"100 מ""ל",false,1,17.90,11.93,true,1,
8717163658314,false,דאב מיסלריים עור רגיש500,יוניליוור גרמניה Gmbh &,DE,תחליב רחצה דאב,מיליליטרים,500.00,"100 מ""ל",false,1,19.90,3.98,true,1,
8717163705988,false,"דאו.רקסונה אלוורה 150מ""ל",יוניליוור,GB,דאו.רקסונה ספריי,מיליליטרים,150.00,"100 מ""ל",false,1,15.90,10.60,true,1,
8717163714850,false,דאו.דאב ספריי קוקוס 150מ,"קוסטר אירוסול, גבזה 4140",TR,דאודורנט דאב,מיליליטרים,150.00,"100 מ""ל",false,1,14.90,9.93,true,1,
8717163859759,false,דאו ספריי וורקאאוט 50 מ,"יוניליוור אנגליה, דרך קו",GB,דאודורנט רקסונה,מיליליטרים,150.00,"100 מ""ל",false,1,15.90,10.60,true,1,
8717344160025,false,דומדמניות 125גרם,BERRUE FRUITFUK FRESH BE,EC,דומדמניות 125גרם,גרמים,125.00,100 גרם,false,1,23.90,19.12,true,1,
8717677336593,false,שוקולד חלב מעולה 180 גרם,אלפרד ריטר,NL,שוקולד חלב מעולה,גרמים,180.00,100 גרם,false,1,19.90,11.06,true,1,
8717677336616,false,שוקולד מריר שקדים+מלח180,אלפרד ריטר,NL,שוקולד מריר,גרמים,180.00,100 גרם,false,1,19.90,11.06,true,1,
8717677338436,false,שוקולד חלב+אגוזי לוז180ג,אלפרד ריטר,NL,שוקולד חלב מעולה,גרמים,180.00,100 גרם,false,1,19.90,11.06,true,1,
8718951030206,false,משחת קולגייט סנסטיב 75 מ,קולגייט פלמוליב,PL,משחת קולגייט,מיליליטרים,75.00,"100 מ""ל",false,1,19.90,26.53,true,1,
8718951166288,false,מש.קולגייט מקס וייט125מל,קולגייט פלמוליב,PL,משחת קולגייט מקס,מיליליטרים,125.00,"100 מ""ל",false,1,18.90,15.12,true,1,
8718951166561,false,קולגייט מקס פרש כחול125מ,קולגייט פלמוליב,PL,משחת קולגייט מקס,מיליליטרים,125.00,"100 מ""ל",false,1,18.90,15.12,true,1,
8718951236790,false,קולגייט טוטל קלין 100 מל,קולגייט פלמוליב,PL,קולגייט טוטל,מיליליטרים,100.00,"100 מ""ל",false,1,18.90,18.90,true,1,
8718951236806,false,קולגייט טוטל להלבנה 100מ,,PL,קולגייט טוטל,מיליליטרים,100.00,"100 מ""ל",false,1,18.90,18.90,true,1,
8718951264618,false,"אופטיק וייט פחם 75 מ""ל",קולגייט פלמוליב,PL,משחת קולגייט,מיליליטרים,75.00,"100 מ""ל",false,1,26.90,35.87,true,1,
8718951315303,false,משחת קולגייט אדום 100*2מ,,PL,משחת קולגייט 2יח,מיליליטרים,200.00,"100 מ""ל",false,1,19.90,9.95,true,1,
8718951381292,false,משחת מקס דיטוקס פואם125,,PL,משחת מקס דיטוקס,מיליליטרים,125.00,"100 מ""ל",false,1,22.90,18.32,true,1,
8718951382787,false,מש.אופטיק ווייט חימר75מל,,PL,משחת אופטיק חימר,מיליליטרים,75.00,"100 מ""ל",false,1,26.90,35.87,true,1,
8718951385290,false,אג'קס 7פעולות 2ליטר,קולגייט פלמוליב,GR,אג'קס ניקוי כללי,ליטרים,2.00,ליטר,false,1,24.90,12.45,true,1,
8718951400474,false,תחליב רחצה קמליה+שקד750מ,קולגייט פלמוליב,TR,תחליב רחצה שקדים,מיליליטרים,750.00,"100 מ""ל",false,1,21.90,2.92,true,1,
8718951409798,false,2 מברשת שיניים וייט פחם,"ש. שסטוביץ בע""\מ",CN,מברשת שיניים פחם,יחידה,1.00,יחידה,false,1,28.90,28.90,true,1,
8718951477384,false,מש.קולגייט טוטאל ג'ל75מל,,PL,משחת טוטאל ג'ל,מיליליטרים,75.00,"100 מ""ל",false,1,21.90,29.20,true,1,
8718951509627,false,"קולגייט לאוהבי קפה 75מ""ל",,PL,קולגייט משחה,מיליליטרים,75.00,"100 מ""ל",false,1,26.90,35.87,true,1,
8719200998001,false,"מרגרינה בלובנד ללת""מ200ג",יוניליוור ישראל מזון בע\,IL,מרגרינה בלובנד,גרמים,200.00,100 גרם,false,1,4.70,2.35,true,1,
8719200998018,false,מרגרינה בטעם חמאה200גרם,"מיוצר ע""\י יוניליוור ישר",IL,מחמאה מרגרינה,גרמים,200.00,100 גרם,false,1,5.00,2.50,true,1,
8719200998032,false,מזולה בטעם חמאה 250 גרם,"מיוצר ע""\י יוניליוור ישר",IL,מזולה טעם חמאה,גרמים,250.00,100 גרם,false,1,10.90,4.36,true,1,
8720181046605,false,דאו.דאב ספריי אורגינל150,"קוסטר אירוסול, גבזה 4140",TR,דאודורנט דאב,מיליליטרים,150.00,"100 מ""ל",false,1,14.90,9.93,true,1,
8720181046612,false,דאב רול און אורגינל 50מל,"יוניליוור אנגליה, דרך קו",GB,דאב רול און,מיליליטרים,50.00,"100 מ""ל",false,1,15.90,31.80,true,1,
8720182253194,false,אל סבון מוצק מלפפון90*6ג,יוניליוור,DE,סבון מוצק 6יח,גרמים,540.00,100 גרם,false,1,17.90,3.32,true,1,
8720182256362,false,דאב סבון מוצק קלאסי90*6ג,יוניליוור,DE,סבון מוצק 6יח,גרמים,540.00,100 גרם,false,1,17.90,3.32,true,1,
8801055707966,false,טסטרס צ'וייס בריסטה180ג,לוטה נסטלה קוריאה,KR,טסטרס צ'וייס,גרמים,180.00,100 גרם,false,1,32.90,18.28,true,1,
8801055709434,false,טסטרס צ'וייס קולומבי100,לוטה נסטלה קוריאה,KR,קפה טסטרס צ'ויס,גרמים,100.00,100 גרם,false,1,25.90,25.90,true,1,
8801055709465,false,נסקפה קפוצ'ינו וניל185ג,לוטה נסטלה קוריאה,KR,קפוצ'ינו וניל,גרמים,185.00,100 גרם,false,1,21.10,11.41,true,1,
8801055709472,false,נסקפה קפוצינו קלאסיק125ג,לוטה נסטלה קוריאה,KR,נס קפה קפוצ'ינו,גרמים,125.00,100 גרם,false,1,21.10,16.88,true,1,
8809168840471,false,חטיף אצות מיובשות 4.5*9ג,INC GLOBAL JK,KR,חטיף אצית,גרמים,40.00,100 גרם,false,1,24.90,62.25,true,1,
8850161166204,false,"קרם קוקוס 500 מ""ל",אמפווה,TH,קרם קוקוס,מיליליטרים,500.00,"100 מ""ל",false,1,11.90,2.38,true,1,
8850180040028,false,טמפורה,,TH,טמפורה,גרמים,500.00,100 גרם,false,0,11.90,2.38,true,1,
8850206250592,false,רוטב צ'ילי סיראצה 530גרם,יאן וואל יון קו.לטד,TH,רוטב צ'ילי סיראצ,גרמים,530.00,100 גרם,false,1,19.90,3.75,true,1,
8850389103128,false,משקה סאפה תפוח,,TH,משקה סאפה תפוח,מיליליטרים,300.00,"100 מ""ל",false,0,7.90,2.63,true,1,
8850389105832,false,סאפה אלוורה ט.תפוחים 1ל,סאפה פובליק קומפני לימיט,TH,סאפה תפוחים,ליטרים,1.00,ליטר,false,0,14.90,14.90,true,1,
8850389105849,false,סאפה אלוורה טעם אפרסק 1ל,סאפה פובליק קומפני לימיט,TH,סאפה אפרסק,ליטרים,1.00,ליטר,false,0,14.90,14.90,true,1,
8850632604259,false,יוגטה חמוץ מקלות תות 50ג,סאאדת,TH,יוגטה ממתק חמוץ,גרמים,50.00,100 גרם,false,0,5.30,10.60,true,1,
8850632604372,false,יוגטה חמוץ שטיח תות 50גר,סאאדת,TH,יוגטה ממתק חמוץ,גרמים,50.00,100 גרם,false,0,5.30,10.60,true,1,
8850632604402,false,יוגטה חמוץ שטיח מעורב50ג,סאאדת,TH,יוגטה ממתק חמוץ,גרמים,50.00,100 גרם,false,0,5.30,10.60,true,1,
8854761070114,false,צ'אבה משקה אפרסק מנגו1ל,,TH,משקה אפרסק מנגו,ליטרים,1.00,ליטר,false,1,15.10,15.10,true,1,
8854761120116,false,צ'אבה משקה אננס 1 ליטר,,TH,משקה אננס,ליטרים,1.00,ליטר,false,1,15.10,15.10,true,1,
8858271002870,false,רוטב פאד תאי,,TH,רוטב פאד תאי,מיליליטרים,250.00,"100 מ""ל",false,0,13.90,5.56,true,1,
8858271002887,false,רוטב טריאקי מקסצ'אפ 250מ,יאן ואל יון,TH,רוטב טריאקי,מיליליטרים,250.00,"100 מ""ל",false,1,12.90,5.16,true,1,
8858271004126,false,רוטב חמוץ מתוק,,TH,רוטב חמוץ מתוק,מיליליטרים,700.00,"100 מ""ל",false,0,17.90,2.56,true,1,
8858271004300,false,רוטב טריאקי,,TH,רוטב טריאקי,מיליליטרים,700.00,"100 מ""ל",false,0,21.90,3.13,true,1,
8901537024014,false,אורז בסמטי דאווט,,IN,אורז בסמטי דאווט,קילוגרמים,1.00,"ק""ג",false,0,14.90,14.90,true,1,
8934878081811,false,דפים אורז למילוי,,VN,דפים אורז למילוי,גרמים,400.00,100 גרם,false,0,13.90,3.48,true,1,
9000101380255,false,פרסיל דיסקס מנטרל ריח22ק,,HU,פרסילקפסולות,יחידה,1.00,יחידה,false,1,38.40,38.40,true,1,
9000101418163,false,ברף בניחוח תפוח50*3 גרם,הנקל,RS,ברף לאסלה 3 יח,גרמים,150.00,100 גרם,false,1,16.90,11.26,true,1,
9000101511635,false,פרסיל דיסקס סנסיטיב 22יח,הנקל,HU,פרסיל דיסקס,יחידה,1.00,יחידה,false,1,38.40,38.40,true,1,
9000101537550,false,פרסיל פאוור קאפס 52 יח,הנקל,HU,פרסיל פאוור קאפס,יחידה,1.00,יחידה,false,1,51.90,51.90,true,1,
9002975393836,false,סוכריות הריבו,"האריבו , ג'\י.אם.בי.אייץ",,סוכריות הריבו,יחידה,1.00,יחידה,false,0,7.90,7.90,true,1,
9002975393843,false,סוכריות הריבו,"האריבו , ג'\י.אם.בי.אייץ",,סוכריות הריבו,יחידה,1.00,יחידה,false,0,7.90,7.90,true,1,
9002975393850,false,סוכריות הריבו,"האריבו , ג'\י.אם.בי.אייץ",,סוכריות הריבו,יחידה,1.00,יחידה,false,0,7.90,7.90,true,1,
9044400851672,false,בובת פז טעם פירות 3+1,,HU,בובת פז ט.פירות,יחידה,1.00,יחידה,false,1,11.90,11.90,true,1,
9120025839896,false,חטיף מילקה מצונן 120 גרם,,IT,חטיף מילקה מצונן,גרמים,120.00,100 גרם,false,1,16.00,13.33,true,1,
9120097310583,false,חטיף שוקו בננה מצונן120ג,,IT,חטיף שוקו מצונן,גרמים,120.00,100 גרם,false,1,16.00,13.33,true,1,
9310072028743,false,טים טם אורגינל 200 גרם,ספץ תעשיות,AU,טים טם אורגינל,גרמים,200.00,100 גרם,false,1,21.70,10.85,true,1,
9310072028750,false,טים טם דאבל 200 גרם,ספץ תעשיות,AU,טים טם דאבל,גרמים,200.00,100 גרם,false,1,21.70,10.85,true,1,
9322969000015,false,פריכיות תירס 150 גרם,אלגם גיל,AU,פריכיות תירס,גרמים,150.00,100 גרם,false,0,14.00,9.33,true,1,
