code,internal_code,name,manufacturer_name,manufacture_country,manufacturer_item_description,unit_qty,quantity,unit_of_measure,weighted,qty_in_package,price,unit_of_measure_price,allow_discount,status,item_id
13,true,עגבניות שרי אשכול,,,עגבניות שרי אשכול,קילוגרמים,1.00,"ק""ג",true,,17.90,17.9000,true,1,2702
16,true,עגבניות שרי לובלו,,,עגבניות שרי וורוד,קילוגרמים,1.00,"ק""ג",true,,24.90,24.9000,true,1,25213
17,true,עגבניה מגי,,,עגבניה מגי,קילוגרמים,1.00,"ק""ג",true,,16.90,16.9000,true,1,12038
21,true,עגבניות שרי צהוב,,,עגבניות שרי צהוב,קילוגרמים,1.00,"ק""ג",true,,24.90,24.9000,true,1,16027
61,true,פטריות שמפיניון,,,פטריות שמפיניון,קילוגרמים,1.00,"ק""ג",true,,41.90,41.9000,true,1,2311
71,true,צנון,,,צנון,קילוגרמים,1.00,"ק""ג",true,,7.90,7.9000,true,1,2566
156,true,פלפל כתום,,,פלפל כתום,קילוגרמים,1.00,"ק""ג",true,,12.90,12.9000,true,1,2579
157,true,פלפל שושקה,,,פלפל שושקה,קילוגרמים,1.00,"ק""ג",true,,14.90,14.9000,true,1,2580
160,true,לפת,,,לפת,קילוגרמים,1.00,"ק""ג",true,,8.90,8.9000,true,1,2581
169,true,דלעת ערמונים,,,דלעת ערמונים,קילוגרמים,1.00,"ק""ג",true,,15.90,15.9000,true,1,3676
182,true,קישוא כרעה,,,קישוא כרעה,קילוגרמים,1.00,"ק""ג",true,,11.90,11.9000,true,1,2763
191,true,שעועית ירוקה,,,שעועית ירוקה,קילוגרמים,1.00,"ק""ג",true,,29.90,29.9000,true,1,2586
195,true,לוביה,,,לוביה,קילוגרמים,1.00,"ק""ג",true,,39.90,39.9000,true,1,24912
200,true,תירס ארוז,,,תירס ארוז,קילוגרמים,1.00,"ק""ג",true,,8.90,8.9000,true,1,2587
210,true,שום לח,,,שום לח,קילוגרמים,1.00,"ק""ג",true,,21.90,21.9000,true,1,2589
221,true,ארטישוק,,,ארטישוק,קילוגרמים,1.00,"ק""ג",true,,22.90,22.9000,true,1,2590
240,true,פול ירוק,,,פול ירוק,קילוגרמים,1.00,"ק""ג",true,,12.90,12.9000,true,1,2291
265,true,פלפל רומרו,,,פלפל רומרו,קילוגרמים,1.00,"ק""ג",true,,14.90,14.9000,true,1,2594
292,true,בטטה קסביה,,,בטטה קסביה,קילוגרמים,1.00,"ק""ג",true,,16.90,16.9000,true,1,2597
319,true,אבטיח מיני,,,אבטיח מיני,קילוגרמים,1.00,"ק""ג",true,,7.90,7.9000,true,1,2700
340,true,פטרוזיליה,,,פטרוזיליה,Each,0.00,Each,false,,4.00,0.0000,true,1,2602
341,true,שמיר,,,שמיר,Each,0.00,Each,false,,4.00,0.0000,true,1,2603
374,true,פטריות שמפניון ארוז,,,פטריות שמפניון ארוז,Each,0.00,Each,false,,9.90,0.0000,true,1,3779
500,true,תפוז,,,תפוז,קילוגרמים,1.00,"ק""ג",true,,7.90,7.9000,true,1,2610
501,true,תפוז סיני,,,תפוז סיני,קילוגרמים,1.00,"ק""ג",true,,10.90,10.9000,true,1,2611
513,true,קלמנטינות,,,קלמנטינות,קילוגרמים,1.00,"ק""ג",true,,8.90,8.9000,true,1,2888
520,true,אשכוליות,,,אשכוליות,קילוגרמים,1.00,"ק""ג",true,,7.90,7.9000,true,1,2614
525,true,פומלית,,,פומלית,קילוגרמים,1.00,"ק""ג",true,,5.90,5.9000,true,1,2615
546,true,קוקוס יחידה,,,קוקוס יחידה,Unknown,0.00,Unknown,false,1,5.90,0.0000,true,1,2885
561,true,אבוקדו,,,אבוקדו,קילוגרמים,1.00,"ק""ג",true,,14.90,14.9000,true,1,2618
570,true,רימון,,,רימון,קילוגרמים,1.00,"ק""ג",true,,12.90,12.9000,true,1,2619
573,true,פומלה,,,פומלה,קילוגרמים,1.00,"ק""ג",true,,8.90,8.9000,true,1,2498
610,true,סברס,,,סברס,קילוגרמים,1.00,"ק""ג",true,,34.90,34.9000,true,1,2623
620,true,גויאבות,,,גויאבות,קילוגרמים,1.00,"ק""ג",true,,19.90,19.9000,true,1,2626
660,true,מנגו,,,מנגו,קילוגרמים,1.00,"ק""ג",true,,14.90,14.9000,true,1,2628
683,true,אפרסמון קרמבו,,,אפרסמון קרמבו,קילוגרמים,1.00,"ק""ג",true,,15.90,15.9000,true,1,11052
687,true,פפיה,,,פפיה,קילוגרמים,1.00,"ק""ג",true,,19.90,19.9000,true,1,2631
756,true,תפוח עץ קריספ פינק,,,תפוח עץ קריספ פינק,קילוגרמים,1.00,"ק""ג",true,,19.90,19.9000,true,1,1012
851,true,שזיף אדום,,,שזיף אדום,קילוגרמים,1.00,"ק""ג",true,,16.90,16.9000,true,1,2638
852,true,שזיף שגיב,,,שזיף שגיב,קילוגרמים,1.00,"ק""ג",true,,15.90,15.9000,true,1,2717
855,true,שזיף צהוב,,,שזיף צהוב,קילוגרמים,1.00,"ק""ג",true,,21.90,21.9000,true,1,2701
862,true,לימון סיני,,,לימון ננסי סיני,קילוגרמים,1.00,"ק""ג",true,,10.90,10.9000,true,1,24949
867,true,פטיה ורודה יח,,,פטיה ורודה יח,Each,0.00,Each,false,,16.90,0.0000,true,1,12655
870,true,משמש,,,משמש,קילוגרמים,1.00,"ק""ג",true,,22.90,22.9000,true,1,24908
880,true,קובו,,,קובו,קילוגרמים,1.00,"ק""ג",true,,24.90,24.9000,true,1,16574
890,true,תמר צהוב,,,תמר צהוב,קילוגרמים,1.00,"ק""ג",true,,16.90,16.9000,true,1,2734
1010,true,דמי פקדון 0.60 שח זו,,,דמי פקדון 0.60 שח זו,Each,0.00,Each,false,,0.60,0.0000,true,1,1900
1060,true,דמי פקדון 3.60 שח תר,,,דמי פקדון 3.60 שח תר,Each,0.00,Each,false,,3.60,0.0000,true,1,4993
4545,true,שתיה קרה בטעמים 1.5,,,שתיה קרה בטעמים 1.5,Each,0.00,Each,false,,11.00,0.0000,true,1,379
6246,true,מארז 3 יח פיתה פרנה,בונז'ור,,לחמנית המבורגר מיני10 יח,Unknown,0.00,Unknown,false,1,16.90,0.0000,true,1,27003
9933,true,עלי גפן ממולאים,,,פילה סלמון,קילוגרמים,1.00,"ק""ג",true,,55.00,55.0000,true,1,38183
11000,true,שקית בד רב פעמית לוג,,,שקית בד רב פעמית לוג,Each,0.00,Each,false,,5.00,0.0000,true,1,2030
12000,true,צידנית סטופמרקט,,,צידנית סטופמרקט,Each,0.00,Each,false,,10.00,0.0000,true,1,3375
23007,true,ברנדי שטוק 84 750 מ,,,ברנדי שטוק 84 750 מ,Each,0.00,Each,false,,79.00,0.0000,true,1,1241
23083,true,ערק אשקלון 700 מל,,,ערק אשקלון 700 מל,Each,0.00,Each,false,,55.00,0.0000,true,1,12066
40042,true,יופלה 3% תות 150 גר,,,יופלה 3% תות 150 גר,Each,0.00,Each,false,,5.50,0.0000,true,1,976
40080,true,יופלה 3% אפרסק 150 ג,,,יופלה 3% אפרסק 150 ג,Each,0.00,Each,false,,5.50,0.0000,true,1,973
40301,true,גב.קולאז קממבר עין ג,,,גב.קולאז קממבר עין ג,Each,0.00,Each,false,,21.90,0.0000,true,1,347
40318,true,קולאז ברי 125 גרם,,,קולאז ברי 125 גרם,Each,0.00,Each,false,,21.90,0.0000,true,1,345
41872,true,לבן 3% גביע 200 מל,,,לבן 3% גביע 200 מל,Each,0.00,Each,false,,2.30,0.0000,true,1,1026
42404,true,חלב מועשר יטבתה 3% ב,,,חלב מועשר יטבתה 3% ב,Each,0.00,Each,false,,6.10,0.0000,true,1,1082
42503,true,חלב עמיד 3% קרטון 1,,,חלב עמיד 3% קרטון 1,Each,0.00,Each,false,,8.90,0.0000,true,1,1077
42541,true,חלב עמיד 1% קרטון 1,,,חלב עמיד 1% קרטון 1,Each,0.00,Each,false,,9.90,0.0000,true,1,1078
42640,true,חלב עמיד 3% קרטון 25,,,חלב עמיד 3% קרטון 25,Each,0.00,Each,false,,3.50,0.0000,true,1,1079
42855,true,שוקו יטבתה שקית 225,,,שוקו יטבתה שקית 225,Each,0.00,Each,false,,3.00,0.0000,true,1,147
43890,true,משקה רוויון 1.5 % בק,,,משקה רוויון 1.5 % בק,Each,0.00,Each,false,,12.50,0.0000,true,1,1772
43944,true,יוגורט 4% 1.5 ליטר,,,יוגורט 4% 1.5 ליטר,Each,0.00,Each,false,,18.50,0.0000,true,1,965
44248,true,משקה רוויון 1.5% גבי,,,משקה רוויון 1.5% גבי,Each,0.00,Each,false,,7.90,0.0000,true,1,273
44712,true,פרילי תות 500 גרם,,,פרילי תות 500 גרם,Each,0.00,Each,false,,11.90,0.0000,true,1,563
44743,true,"פרילי אננס 500 מ""ל",,,"פרילי אננס 500 מ""ל",Each,0.00,Each,false,,11.90,0.0000,true,1,562
44880,true,באדי תות500 מל,,,באדי תות500 מל,Each,0.00,Each,false,,9.50,0.0000,true,1,1381
45573,true,גבינה מותכת נעמה 200,,,גבינה מותכת נעמה 200,Each,0.00,Each,false,,16.50,0.0000,true,1,754
45580,true,גבינה מותכת חורש 240,,,גבינה מותכת חורש 240,Each,0.00,Each,false,,19.90,0.0000,true,1,1060
45917,true,גבינת פרומעז קולאז ע,,,גבינת פרומעז קולאז ע,Each,0.00,Each,false,,26.90,0.0000,true,1,478
47485,true,גבינה בולגרית במשקל,,,גבינה בולגרית במשקל,קילוגרמים,1.00,"ק""ג",true,,65.00,65.0000,true,1,1270
47621,true,גבינה למריחה 5% 250,,,גבינה למריחה 5% 250,Each,0.00,Each,false,,4.98,0.0000,true,1,1774
48307,true,גבינת קוטג 5% עם זית,,,גבינת קוטג 5% עם זית,Each,0.00,Each,false,,5.90,0.0000,true,1,1288
48413,true,גב.מלוחה חמד פיראוס,,,גב.מלוחה חמד פיראוס,Each,0.00,Each,false,,18.90,0.0000,true,1,1089
48437,true,צפתית פיראוס 5% 200,,,צפתית פיראוס 5% 200,Each,0.00,Each,false,,15.90,0.0000,true,1,326
49458,true,גבינה פטה עיזים 16%,,,גבינה פטה עיזים 16%,Each,0.00,Each,false,,29.90,0.0000,true,1,1391
50300,true,גבינה 5% למריחה 125,,,גבינה 5% למריחה 125,Each,0.00,Each,false,,2.49,0.0000,true,1,12300
50454,true,יוגורט יופלה אפרסק 5,,,יוגורט יופלה אפרסק 5,Each,0.00,Each,false,,13.50,0.0000,true,1,6674
51307,true,מארז הפסקת אוכל חלב+,,,מארז הפסקת אוכל חלב+,Each,0.00,Each,false,,9.50,0.0000,true,1,6974
51352,true,חלב של פעם מלא 1 ל,,,חלב של פעם מלא 1 ל,Each,0.00,Each,false,,7.90,0.0000,true,1,6939
51376,true,דיאט יופלה 0% אננס ס,,,דיאט יופלה 0% אננס ס,Each,0.00,Each,false,,5.50,0.0000,true,1,7137
51710,true,לאבנה פיראוס עם שמן,,,לאבנה פיראוס עם שמן,Each,0.00,Each,false,,14.50,0.0000,true,1,7136
52304,true,משקה מוקה שוק 340 מל,,,משקה מוקה שוק 340 מל,Each,0.00,Each,false,,7.50,0.0000,true,1,7585
52311,true,גב.עמק 15% פרוסה בקו,,,גב.עמק 15% פרוסה בקו,Each,0.00,Each,false,,17.50,0.0000,true,1,7709
52649,true,לבנה 5% פיראוס 500 ג,,,לבנה 5% פיראוס 500 ג,Each,0.00,Each,false,,21.90,0.0000,true,1,7401
52717,true,גבינת קוטג 5% 250 גר,,,גבינת קוטג 5% 250 גר,Each,0.00,Each,false,,5.80,0.0000,true,1,10039
55015,true,גבינת פטה כבשים פירא,,,גבינת פטה כבשים פירא,Each,0.00,Each,false,,29.90,0.0000,true,1,8190
55206,true,גבינה לבנה עם בצל מט,,,גבינה לבנה עם בצל מט,Each,0.00,Each,false,,6.50,0.0000,true,1,8362
55329,true,משקה יוגורט יופלה תו,,,משקה יוגורט יופלה תו,Each,0.00,Each,false,,5.90,0.0000,true,1,8342
55336,true,משקה יוגורט יופלה בנ,,,משקה יוגורט יופלה בנ,Each,0.00,Each,false,,5.90,0.0000,true,1,8343
55343,true,משקה יוגורט יופלה טר,,,משקה יוגורט יופלה טר,Each,0.00,Each,false,,5.90,0.0000,true,1,8344
56272,true,גבינה לבנה עם זיתים,,,גבינה לבנה עם זיתים,Each,0.00,Each,false,,6.50,0.0000,true,1,8363
56753,true,עמק פרוס בקופסא 200,,,עמק פרוס בקופסא 200,Each,0.00,Each,false,,17.50,0.0000,true,1,26420
56883,true,מאגדת 8 יופלה פירות,,,מאגדת 8 יופלה פירות,Each,0.00,Each,false,,31.90,0.0000,true,1,8766
56890,true,מאגדת דיאט יופלה שמי,,,מאגדת דיאט יופלה שמי,Each,0.00,Each,false,,31.90,0.0000,true,1,8854
56906,true,מאגדת יופלה לבן 1.5%,,,מאגדת יופלה לבן 1.5%,Each,0.00,Each,false,,18.50,0.0000,true,1,8807
56951,true,שמנת לבישול 15% 500מ,,,שמנת לבישול 15% 500מ,Each,0.00,Each,false,,18.90,0.0000,true,1,9247
56968,true,שמנת מתוקה 38% להקצפ,,,שמנת מתוקה 38% להקצפ,Each,0.00,Each,false,,12.94,0.0000,true,1,9248
57088,true,גבינת עמק דק 200 גר,,,גבינת עמק דק 200 גר,Each,0.00,Each,false,,17.50,0.0000,true,1,9183
57118,true,עמק פרוסות 400 גרם ס,,,עמק פרוסות 400 גרם ס,Each,0.00,Each,false,,23.90,0.0000,true,1,9124
57552,true,דיאט יופלה עוגת גבינ,,,דיאט יופלה עוגת גבינ,Each,0.00,Each,false,,5.50,0.0000,true,1,9830
58030,true,משקה יוגורט יופלה שט,,,משקה יוגורט יופלה שט,Each,0.00,Each,false,,20.90,0.0000,true,1,9481
60071,true,חטיפי פריכונים טעם ט,,,חטיפי פריכונים טעם ט,Each,0.00,Each,false,,7.90,0.0000,true,1,2032
60088,true,בייגלה מקלות מלוחים,,,בייגלה מקלות מלוחים,Each,0.00,Each,false,,11.50,0.0000,true,1,1207
60156,true,איטריות ביצים דקיקות,,,איטריות ביצים דקיקות,Each,0.00,Each,false,,7.90,0.0000,true,1,1333
60217,true,מקרוני אסם 500 גרם,,,מקרוני אסם 500 גרם,Each,0.00,Each,false,,6.50,0.0000,true,1,472
60248,true,פסטה אסם תלתלים 500,,,פסטה אסם תלתלים 500,Each,0.00,Each,false,,6.50,0.0000,true,1,31
60316,true,ספגטי פרפקטו 500 ג,,,ספגטי פרפקטו 500 ג,Each,0.00,Each,false,,7.50,0.0000,true,1,277
60323,true,פסטה פרפקטו-ספגטיני,,,פסטה פרפקטו-ספגטיני,Each,0.00,Each,false,,7.50,0.0000,true,1,278
60330,true,פסטה פרפקטו ספירלי 5,,,פסטה פרפקטו ספירלי 5,Each,0.00,Each,false,,7.50,0.0000,true,1,279
60491,true,פסטה פרפקטו-קיפרי רי,,,פסטה פרפקטו-קיפרי רי,Each,0.00,Each,false,,7.50,0.0000,true,1,282
60538,true,פסטה פרפקטו-פתיתים נ,,,פסטה פרפקטו-פתיתים נ,Each,0.00,Each,false,,7.50,0.0000,true,1,281
60576,true,פתיתים אפויים אוסם כ,,,פתיתים אפויים אוסם כ,Each,0.00,Each,false,,7.90,0.0000,true,1,295
60828,true,פסטה אסם קרניים בנונ,,,פסטה אסם קרניים בנונ,Each,0.00,Each,false,,6.50,0.0000,true,1,477
60842,true,פסטה אסם צדפים גדולי,,,פסטה אסם צדפים גדולי,Each,0.00,Each,false,,6.50,0.0000,true,1,475
60965,true,אטריות אסם רחבות 400,,,אטריות אסם רחבות 400,Each,0.00,Each,false,,7.50,0.0000,true,1,930
60972,true,אטריות אסם דקיקות 4,,,אטריות אסם דקיקות 4,Each,0.00,Each,false,,7.50,0.0000,true,1,929
61085,true,רוטב צילי מתוק 290 מ,,,רוטב צילי מתוק 290 מ,Each,0.00,Each,false,,11.90,0.0000,true,1,2007
61108,true,רוטב טריאקי 290 מל,,,רוטב טריאקי 290 מל,Each,0.00,Each,false,,11.90,0.0000,true,1,2006
61245,true,עוגיות שוקוציפס ממול,,,עוגיות שוקוציפס ממול,Each,0.00,Each,false,,12.00,0.0000,true,1,2475
61450,true,פתיתים אפויים אוסם,,,פתיתים אפויים אוסם,Each,0.00,Each,false,,7.90,0.0000,true,1,6808
61764,true,נסקפה רד מאג 200 גרם,,,נסקפה רד מאג 200 גרם,Each,0.00,Each,false,,22.90,0.0000,true,1,186
62952,true,מיני קרוטונים למרק ו,,,מיני קרוטונים למרק ו,Each,0.00,Each,false,,15.90,0.0000,true,1,6054
63102,true,קמח תופח מאליו אסם 3,,,קמח תופח מאליו אסם 3,Each,0.00,Each,false,,5.30,0.0000,true,1,195
64871,true,מנה חמה אסם פירה בצל,,,מנה חמה אסם פירה בצל,Each,0.00,Each,false,,6.90,0.0000,true,1,2259
65557,true,מנה חמה קוסקוס ירקות,,,מנה חמה קוסקוס ירקות,Each,0.00,Each,false,,6.90,0.0000,true,1,855
65977,true,חטיפי פריכונים תירס,,,חטיפי פריכונים תירס,Each,0.00,Each,false,,7.90,0.0000,true,1,7563
66172,true,חטיף ביסלי פיצה 70 ג,,,חטיף ביסלי פיצה 70 ג,Each,0.00,Each,false,,4.50,0.0000,true,1,1215
66196,true,חטיף ביסלי גריל 200,,,חטיף ביסלי גריל 200,Each,0.00,Each,false,,9.10,0.0000,true,1,1212
66264,true,חטיף תפוא דובונים 40,,,חטיף תפוא דובונים 40,Each,0.00,Each,false,,4.90,0.0000,true,1,1159
66349,true,חטיף תירס אפרופו 100,,,חטיף תירס אפרופו 100,Each,0.00,Each,false,,9.00,0.0000,true,1,1362
67407,true,פירורית מתובלת 200 ג,,,פירורית מתובלת 200 ג,Each,0.00,Each,false,,6.50,0.0000,true,1,441
67537,true,חטיף ביסלי גריל 70 ג,,,חטיף ביסלי גריל 70 ג,Each,0.00,Each,false,,4.50,0.0000,true,1,6626
67544,true,פירורית זהב 200 גרם,,,פירורית זהב 200 גרם,Each,0.00,Each,false,,6.50,0.0000,true,1,30
67568,true,חטיף ביסלי ברביקיו 7,,,חטיף ביסלי ברביקיו 7,Each,0.00,Each,false,,4.50,0.0000,true,1,6628
67599,true,מנה חמה אסם ספגטי בו,,,מנה חמה אסם ספגטי בו,Each,0.00,Each,false,,6.90,0.0000,true,1,851
68190,true,גלי אסם תות שדה 85 ג,,,גלי אסם תות שדה 85 ג,Each,0.00,Each,false,,6.90,0.0000,true,1,1257
68206,true,גלי אסם משמש 85 גר,,,גלי אסם משמש 85 גר,Each,0.00,Each,false,,6.90,0.0000,true,1,1255
68237,true,גלי אסם פטל 85 גר,,,גלי אסם פטל 85 גר,Each,0.00,Each,false,,6.90,0.0000,true,1,1256
68282,true,מנה חמה פירה תפוא עם,,,מנה חמה פירה תפוא עם,Each,0.00,Each,false,,6.90,0.0000,true,1,6630
68343,true,פריכונים מאורז מלא 1,,,פריכונים מאורז מלא 1,Each,0.00,Each,false,,7.90,0.0000,true,1,32
68701,true,שקדי מרק אסם במיכל,,,שקדי מרק אסם במיכל,Each,0.00,Each,false,,16.90,0.0000,true,1,84
68770,true,חטיף במבה יום הולדת,,,חטיף במבה יום הולדת,Each,0.00,Each,false,,5.00,0.0000,true,1,1226
69968,true,קמח עוגה תופח מאליו,,,קמח עוגה תופח מאליו,Each,0.00,Each,false,,7.90,0.0000,true,1,1741
70308,true,מרק עוף אמיתי 400 גר,,,מרק עוף אמיתי 400 גר,Each,0.00,Each,false,,20.90,0.0000,true,1,1443
70322,true,אבקת מרק פטריות 400,,,אבקת מרק פטריות 400,Each,0.00,Each,false,,21.90,0.0000,true,1,1444
70353,true,אבקת מרק בצל ר.טבעיי,,,אבקת מרק בצל ר.טבעיי,Each,0.00,Each,false,,21.90,0.0000,true,1,1441
70919,true,בייגלה רשתות מלוח 40,,,בייגלה רשתות מלוח 40,Each,0.00,Each,false,,13.90,0.0000,true,1,109
71008,true,בייגלה שטוחים מלוח 6,,,בייגלה שטוחים מלוח 6,Each,0.00,Each,false,,3.80,0.0000,true,1,8054
72067,true,חטיף במבה במילוי חלב,,,חטיף במבה במילוי חלב,Each,0.00,Each,false,,5.00,0.0000,true,1,7255
72227,true,רוטב סויה סגנון סיני,,,רוטב סויה סגנון סיני,Each,0.00,Each,false,,11.90,0.0000,true,1,104
72753,true,נסקפה טסטר צויס 200,,,נסקפה טסטר צויס 200,Each,0.00,Each,false,,33.90,0.0000,true,1,955
72968,true,דגני סיני מיניס קינמ,,,דגני סיני מיניס קינמ,Each,0.00,Each,false,,22.90,0.0000,true,1,641
73125,true,מנה חמה פסטה עם עגבנ,,,מנה חמה פסטה עם עגבנ,Each,0.00,Each,false,,6.90,0.0000,true,1,848
73415,true,מנה חמה אסם פסטה ברו,,,מנה חמה אסם פסטה ברו,Each,0.00,Each,false,,6.90,0.0000,true,1,854
73699,true,סלט חומוס צבר150 גרם,,,סלט חומוס צבר150 גרם,Each,0.00,Each,false,,5.40,0.0000,true,1,543
73750,true,מנה חמה נודלס ירקות,,,מנה חמה נודלס ירקות,Each,0.00,Each,false,,6.90,0.0000,true,1,850
73767,true,מנה חמה נודלס ירקות,,,מנה חמה נודלס ירקות,Each,0.00,Each,false,,6.90,0.0000,true,1,852
73774,true,מנה חמה נודלס אטריות,,,מנה חמה נודלס אטריות,Each,0.00,Each,false,,6.90,0.0000,true,1,849
74245,true,קרם קרקר 250 גרם,,,קרם קרקר 250 גרם,Each,0.00,Each,false,,9.90,0.0000,true,1,253
74252,true,קרקר שומשום 250 גרם,,,קרקר שומשום 250 גרם,Each,0.00,Each,false,,8.90,0.0000,true,1,264
74276,true,קרקר פיקנטי 250 גרם,,,קרקר פיקנטי 250 גרם,Each,0.00,Each,false,,9.90,0.0000,true,1,1103
75693,true,עוגת הבית שמרים בריו,,,עוגת הבית שמרים בריו,Each,0.00,Each,false,,16.90,0.0000,true,1,7159
76645,true,טוסטעים פת קלויה ח.מ,,,טוסטעים פת קלויה ח.מ,Each,0.00,Each,false,,10.50,0.0000,true,1,7413
77017,true,עוגיות קרמוגית במילו,,,עוגיות קרמוגית במילו,Each,0.00,Each,false,,12.00,0.0000,true,1,255
77253,true,לחמית כפרית 190 גר,,,לחמית כפרית 190 גר,Each,0.00,Each,false,,10.90,0.0000,true,1,7651
77925,true,טוסטעים צנימים עגולי,,,טוסטעים צנימים עגולי,Each,0.00,Each,false,,10.50,0.0000,true,1,7412
78212,true,קרוטונים מתובלים אסם,,,קרוטונים מתובלים אסם,Each,0.00,Each,false,,15.90,0.0000,true,1,235
80758,true,טוסטעים פת קלויה 100,,,טוסטעים פת קלויה 100,Each,0.00,Each,false,,10.50,0.0000,true,1,1127
80765,true,טוסטעים פת קלויה&שומ,,,טוסטעים פת קלויה&שומ,Each,0.00,Each,false,,10.50,0.0000,true,1,1128
81663,true,בייגלה טבעות שומשום,,,בייגלה טבעות שומשום,Each,0.00,Each,false,,11.50,0.0000,true,1,1206
85180,true,ביסקויט פתי בר וניל,,,ביסקויט פתי בר וניל,Each,0.00,Each,false,,10.90,0.0000,true,1,24716
101132,true,לקט לחמין 800 גרם סנ,,,לקט לחמין 800 גרם סנ,Each,0.00,Each,false,,22.90,0.0000,true,1,1148
103433,true,לקט ירקות לתנור 800,,,לקט ירקות לתנור 800,Each,0.00,Each,false,,22.90,0.0000,true,1,16476
103488,true,ארטישוק ירושלמי 400,,,ארטישוק ירושלמי 400,Each,0.00,Each,false,,22.90,0.0000,true,1,16478
103730,true,לקט להקפצה עם פסטה פ,,,לקט להקפצה עם פסטה פ,Each,0.00,Each,false,,24.50,0.0000,true,1,7377
103815,true,לקט בסגנון תאילנדי ל,,,לקט בסגנון תאילנדי ל,Each,0.00,Each,false,,24.50,0.0000,true,1,8527
104072,true,עדשים ירוקות מבושלות,,,עדשים ירוקות מבושלות,Each,0.00,Each,false,,20.90,0.0000,true,1,7983
104201,true,אפונה עדינה 600 גרם,,,אפונה עדינה 600 גרם,Each,0.00,Each,false,,18.90,0.0000,true,1,2803
104218,true,במיה 600 גרם,,,במיה 600 גרם,Each,0.00,Each,false,,16.90,0.0000,true,1,2802
104683,true,שעועית שלמה 800 גרם,,,שעועית שלמה 800 גרם,Each,0.00,Each,false,,20.90,0.0000,true,1,74
104706,true,גזר גמדי 800 גרם,,,גזר גמדי 800 גרם,Each,0.00,Each,false,,17.90,0.0000,true,1,1299
104720,true,שעועית ירוקה חתוכה 8,,,שעועית ירוקה חתוכה 8,Each,0.00,Each,false,,18.90,0.0000,true,1,69
104737,true,שעועית צהובה חתוכה 8,,,שעועית צהובה חתוכה 8,Each,0.00,Each,false,,18.90,0.0000,true,1,73
104744,true,כרובית 800 גרם,,,כרובית 800 גרם,Each,0.00,Each,false,,24.50,0.0000,true,1,1014
104751,true,כרוב ניצנים 800 גרם,,,כרוב ניצנים 800 גרם,Each,0.00,Each,false,,24.90,0.0000,true,1,1013
104836,true,שעועית עדינה שלמה600,,,שעועית עדינה שלמה600,Each,0.00,Each,false,,22.50,0.0000,true,1,3754
104874,true,לקט לקוסקוס 800 גרם,,,לקט לקוסקוס 800 גרם,Each,0.00,Each,false,,22.90,0.0000,true,1,2236
104904,true,לקט ירקות מעורבים 80,,,לקט ירקות מעורבים 80,Each,0.00,Each,false,,22.90,0.0000,true,1,903
107615,true,מנה אסייטית צבעונית,,,מנה אסייטית צבעונית,Each,0.00,Each,false,,24.50,0.0000,true,1,28869
107622,true,לקט פסטה וירקות א-לה,,,לקט פסטה וירקות א-לה,Each,0.00,Each,false,,24.50,0.0000,true,1,28870
107677,true,שעועית עדינה שלמה צה,,,שעועית עדינה שלמה צה,Each,0.00,Each,false,,22.50,0.0000,true,1,9464
110844,true,חטיף כיפלי גריל 70 ג,,,חטיף כיפלי גריל 70 ג,Each,0.00,Each,false,,6.50,0.0000,true,1,1734
110851,true,חטיף כיפלי בצל 70 גר,,,חטיף כיפלי בצל 70 גר,Each,0.00,Each,false,,6.50,0.0000,true,1,1733
111063,true,ממרח מיונז אמיתי 250,,,ממרח מיונז אמיתי 250,Each,0.00,Each,false,,7.50,0.0000,true,1,769
111117,true,מרכך בדין 4 ליטר לבן,,,מרכך בדין 4 ליטר לבן,Each,0.00,Each,false,,22.90,0.0000,true,1,2796
111353,true,ממרח מיונז אמיתי 1 ק,,,ממרח מיונז אמיתי 1 ק,Each,0.00,Each,false,,19.90,0.0000,true,1,768
111360,true,חרדל אמיתי 250 גרם,,,חרדל אמיתי 250 גרם,Each,0.00,Each,false,,7.90,0.0000,true,1,1095
111384,true,חרדל אמיתי 550 גרם,,,חרדל אמיתי 550 גרם,Each,0.00,Each,false,,10.90,0.0000,true,1,12
114187,true,נוזל לניקוי כללי סיף,,,נוזל לניקוי כללי סיף,Each,0.00,Each,false,,19.90,0.0000,true,1,2929
116884,true,רוטב קנור ברביקיו 34,,,רוטב קנור ברביקיו 34,Each,0.00,Each,false,,12.90,0.0000,true,1,3164
116921,true,רוטב קנור צילי מתוק,,,רוטב קנור צילי מתוק,Each,0.00,Each,false,,12.90,0.0000,true,1,3163
117171,true,מרק טעם עוף דל קל 48,,,מרק טעם עוף דל קל 48,Each,0.00,Each,false,,7.60,0.0000,true,1,709
118352,true,תערובת לטקס 170 ג,,,תערובת לטקס 170 ג,Each,0.00,Each,false,,16.90,0.0000,true,1,892
121093,true,גבינה מון בלאן שוויצ,,,גבינה מון בלאן שוויצ,Each,0.00,Each,false,,10.00,0.0000,true,1,1278
121147,true,מון בלאן פיקנטי 120,,,מון בלאן פיקנטי 120,Each,0.00,Each,false,,10.00,0.0000,true,1,931
121154,true,גבינת מון בלאן סלומו,,,גבינת מון בלאן סלומו,Each,0.00,Each,false,,10.00,0.0000,true,1,1284
121239,true,ממרח מיוקל 5% שומן 5,,,ממרח מיוקל 5% שומן 5,Each,0.00,Each,false,,12.90,0.0000,true,1,3670
122830,true,רוטב קנור סצואן 370,,,רוטב קנור סצואן 370,Each,0.00,Each,false,,12.90,0.0000,true,1,3826
125251,true,נוזל לכביסה עדינה 2,,,נוזל לכביסה עדינה 2,Each,0.00,Each,false,,26.90,0.0000,true,1,3871
129785,true,מרכך בדין 4 ליטר ירו,,,מרכך בדין 4 ליטר ירו,Each,0.00,Each,false,,22.90,0.0000,true,1,2649
130606,true,קמח מצה רגיל 200 גר,,,קמח מצה רגיל 200 גר,Each,0.00,Each,false,,3.60,0.0000,true,1,5603
133645,true,מש.שיניים אורביטול ש,,,מש.שיניים אורביטול ש,Each,0.00,Each,false,,18.90,0.0000,true,1,4098
134147,true,מוסקט טחון 40 גר מיכ,,,מוסקט טחון 40 גר מיכ,Each,0.00,Each,false,,14.90,0.0000,true,1,783
134307,true,קינמון טחון 50 גר שק,,,קינמון טחון 50 גר שק,Each,0.00,Each,false,,6.50,0.0000,true,1,75
134352,true,קינמון טחון 90 גר מי,,,קינמון טחון 90 גר מי,Each,0.00,Each,false,,9.90,0.0000,true,1,2324
134550,true,עלי דפנה 20 גר שקית,,,עלי דפנה 20 גר שקית,Each,0.00,Each,false,,6.50,0.0000,true,1,76
134673,true,זנגביל 30 גר מיכל קט,,,זנגביל 30 גר מיכל קט,Each,0.00,Each,false,,6.90,0.0000,true,1,5051
134833,true,כמון טחון 100 ג מיכל,,,כמון טחון 100 ג מיכל,Each,0.00,Each,false,,9.90,0.0000,true,1,778
134840,true,כורכום טחון 100 ג מי,,,כורכום טחון 100 ג מי,Each,0.00,Each,false,,9.90,0.0000,true,1,777
134857,true,פפריקה מתוקה 100 גר,,,פפריקה מתוקה 100 גר,Each,0.00,Each,false,,9.90,0.0000,true,1,780
134871,true,פלפל שחור טחון 100 ג,,,פלפל שחור טחון 100 ג,Each,0.00,Each,false,,13.90,0.0000,true,1,785
134970,true,חוואיג 100 גר מיכל ג,,,חוואיג 100 גר מיכל ג,Each,0.00,Each,false,,9.90,0.0000,true,1,776
134987,true,פלפל שחור גרוס90ג מי,,,פלפל שחור גרוס90ג מי,Each,0.00,Each,false,,13.90,0.0000,true,1,782
137643,true,מאגדת טעמקור 8 יח,,,מאגדת טעמקור 8 יח,Each,0.00,Each,false,,34.90,0.0000,true,1,962
143194,true,שמפו ומרכך הוואי 2 ב,,,שמפו ומרכך הוואי 2 ב,Each,0.00,Each,false,,8.90,0.0000,true,1,2228
143286,true,מרכך הוואי לשיער רגי,,,מרכך הוואי לשיער רגי,Each,0.00,Each,false,,8.90,0.0000,true,1,2788
146652,true,סבון ההואי מוצק רביע,,,סבון ההואי מוצק רביע,Each,0.00,Each,false,,11.90,0.0000,true,1,3482
146669,true,סבון ההואי מוצק רביע,,,סבון ההואי מוצק רביע,Each,0.00,Each,false,,11.90,0.0000,true,1,3483
146683,true,סבון ההואי מוצק רביע,,,סבון ההואי מוצק רביע,Each,0.00,Each,false,,11.90,0.0000,true,1,3485
146928,true,משחת שינים ענבים 60,,,משחת שינים ענבים 60,Each,0.00,Each,false,,7.90,0.0000,true,1,4028
149615,true,מארז 4 יח סבון נקה 7,,,מארז 4 יח סבון נקה 7,Each,0.00,Each,false,,11.90,0.0000,true,1,5599
149844,true,סינטבון חתול,,,סינטבון חתול,Each,0.00,Each,false,,8.90,0.0000,true,1,638
149851,true,סינטבון חתול כפול,,,סינטבון חתול כפול,Each,0.00,Each,false,,11.90,0.0000,true,1,3738
149905,true,טקסטיל שמפו 1 ליטר,,,טקסטיל שמפו 1 ליטר,Each,0.00,Each,false,,16.90,0.0000,true,1,964
150956,true,מקלוני קבנוס עוף טוב,,,מקלוני קבנוס עוף טוב,Each,0.00,Each,false,,10.90,0.0000,true,1,8110
151281,true,פסטרמה ברביקיו דל שו,,,פסטרמה ברביקיו דל שו,Each,0.00,Each,false,,19.90,0.0000,true,1,9092
151601,true,פסטרמה בדבש עוף טוב,,,פסטרמה בדבש עוף טוב,Each,0.00,Each,false,,19.90,0.0000,true,1,9091
152288,true,נקניקיות עוף עוף טוב,,,נקניקיות עוף עוף טוב,Each,0.00,Each,false,,15.00,0.0000,true,1,583
152943,true,מארז פסטרמה+סלמי 700,,,מארז פסטרמה+סלמי 700,Each,0.00,Each,false,,25.90,0.0000,true,1,8552
158105,true,שניצל עוף מיני דינוז,,,שניצל עוף מיני דינוז,Each,0.00,Each,false,,29.90,0.0000,true,1,9561
166605,true,נוזל לניקוי כללי סיף,,,נוזל לניקוי כללי סיף,Each,0.00,Each,false,,19.90,0.0000,true,1,9743
176413,true,קפה נמס אבקתי 50 גרם,,,קפה נמס אבקתי 50 גרם,Each,0.00,Each,false,,8.90,0.0000,true,1,218
176468,true,קפה נמס האג אבקתי 50,,,קפה נמס האג אבקתי 50,Each,0.00,Each,false,,11.00,0.0000,true,1,1172
176475,true,קפה נמס האג אבקתי 20,,,קפה נמס האג אבקתי 20,Each,0.00,Each,false,,37.90,0.0000,true,1,1171
178707,true,חטיף תפוציפס 50 גרם,,,חטיף תפוציפס 50 גרם,Each,0.00,Each,false,,4.30,0.0000,true,1,1510
181103,true,ביסקויט עד חצות שוקו,,,ביסקויט עד חצות שוקו,Each,0.00,Each,false,,13.90,0.0000,true,1,536
186535,true,נייר טואלט לילי טריו,,,נייר טואלט לילי טריו,Each,0.00,Each,false,,45.90,0.0000,true,1,12674
187921,true,נייר טואלט לילי לבן,,,נייר טואלט לילי לבן,Each,0.00,Each,false,,43.90,0.0000,true,1,6225
187938,true,נייר טואלט לילי פסטל,,,נייר טואלט לילי פסטל,Each,0.00,Each,false,,43.90,0.0000,true,1,6226
187952,true,נייר טואלט לילי טריו,,,נייר טואלט לילי טריו,Each,0.00,Each,false,,45.90,0.0000,true,1,6227
188553,true,מגן תחתון קוטקס סילק,,,מגן תחתון קוטקס סילק,Each,0.00,Each,false,,21.90,0.0000,true,1,8079
188591,true,מגן תחתון קוטקס סילק,,,מגן תחתון קוטקס סילק,Each,0.00,Each,false,,21.90,0.0000,true,1,8081
189079,true,תבניות אלומיניום עבה,,,תבניות אלומיניום עבה,Each,0.00,Each,false,,12.90,0.0000,true,1,13019
189277,true,תבניות אלומיניום עבה,,,תבניות אלומיניום עבה,Each,0.00,Each,false,,12.90,0.0000,true,1,13018
189482,true,תבנית אפיה ניקול מקר,,,תבנית אפיה ניקול מקר,Each,0.00,Each,false,,13.90,0.0000,true,1,7397
189505,true,תבנית אפיה ניקול מקר,,,תבנית אפיה ניקול מקר,Each,0.00,Each,false,,13.90,0.0000,true,1,7399
191225,true,חיתולי האגיס ניו בור,,,חיתולי האגיס ניו בור,Each,0.00,Each,false,,29.90,0.0000,true,1,14286
191539,true,מגבוני אף לילי צבעונ,,,מגבוני אף לילי צבעונ,Each,0.00,Each,false,,16.90,0.0000,true,1,2797
191645,true,חיתולי האגיס ניו בור,,,חיתולי האגיס ניו בור,Each,0.00,Each,false,,29.90,0.0000,true,1,10089
191652,true,מארז 3 מגבוני אף קלי,,,מארז 3 מגבוני אף קלי,Each,0.00,Each,false,,15.90,0.0000,true,1,5702
191966,true,מגבון נייר טואלט לח,,,מגבון נייר טואלט לח,Each,0.00,Each,false,,8.90,0.0000,true,1,8587
194837,true,שקיות מזון גדולות עם,,,שקיות מזון גדולות עם,Each,0.00,Each,false,,12.90,0.0000,true,1,12324
195216,true,נייר אפיה נשלף 50יח,,,נייר אפיה נשלף 50יח,Each,0.00,Each,false,,11.90,0.0000,true,1,33828
195452,true,מגבוני האגיס דיספנסר,,,מגבוני האגיס דיספנסר,Each,0.00,Each,false,,12.90,0.0000,true,1,916
196039,true,זוג מפות ניקול 2 יח,,,זוג מפות ניקול 2 יח,Each,0.00,Each,false,,13.90,0.0000,true,1,871
197012,true,שקיות ניקול ריץ רץ 1,,,שקיות ניקול ריץ רץ 1,Each,0.00,Each,false,,16.90,0.0000,true,1,603
197029,true,שקיות ניקול ריץ רץ 2,,,שקיות ניקול ריץ רץ 2,Each,0.00,Each,false,,16.90,0.0000,true,1,604
197081,true,ניילון נצמד 150 מטר,,,ניילון נצמד 150 מטר,Each,0.00,Each,false,,27.90,0.0000,true,1,3622
197340,true,זוג רדיד אלומיניום א,,,זוג רדיד אלומיניום א,Each,0.00,Each,false,,19.90,0.0000,true,1,1305
197432,true,זוג שקיות אוכל סנדבי,,,זוג שקיות אוכל סנדבי,Each,0.00,Each,false,,16.90,0.0000,true,1,689
197456,true,חיתולי האגיס פרידום,,,חיתולי האגיס פרידום,Each,0.00,Each,false,,42.90,0.0000,true,1,1745
197463,true,חיתולי האגיס פרידום,,,חיתולי האגיס פרידום,Each,0.00,Each,false,,42.90,0.0000,true,1,14006
197470,true,"זוג שקיות רב""ש + 50",,,"זוג שקיות רב""ש + 50",Each,0.00,Each,false,,16.90,0.0000,true,1,669
197548,true,חיתולי האגיס פרידום,,,חיתולי האגיס פרידום,Each,0.00,Each,false,,42.90,0.0000,true,1,14007
197654,true,שקיות אשפה ניקול ענק,,,שקיות אשפה ניקול ענק,Each,0.00,Each,false,,20.90,0.0000,true,1,2338
197678,true,חיתולי האגיס פרידום,,,חיתולי האגיס פרידום,Each,0.00,Each,false,,42.90,0.0000,true,1,14008
197753,true,ניילון נצמד אנטיבקטר,,,ניילון נצמד אנטיבקטר,Each,0.00,Each,false,,13.90,0.0000,true,1,2308
197883,true,מגשית אלומיניום 100,,,מגשית אלומיניום 100,Each,0.00,Each,false,,10.90,0.0000,true,1,3066
199313,true,תחבושות קוטקס יאנג 2,,,תחבושות קוטקס יאנג 2,Each,0.00,Each,false,,19.90,0.0000,true,1,5497
204147,true,כרית יפנית 2ב1 רביעי,,,כרית יפנית 2ב1 רביעי,Each,0.00,Each,false,,13.90,0.0000,true,1,4658
204611,true,ספוגית הקסם 6 יח ניק,,,ספוגית הקסם 6 יח ניק,Each,0.00,Each,false,,13.90,0.0000,true,1,3063
205526,true,נוזל לריצפה פסגה 2 ל,,,נוזל לריצפה פסגה 2 ל,Each,0.00,Each,false,,12.90,0.0000,true,1,435
205915,true,חיתולי האגיס אקסטרה,,,חיתולי האגיס אקסטרה,Each,0.00,Each,false,,49.90,0.0000,true,1,15017
207438,true,עגבניות קוביות במיץ,,,עגבניות קוביות במיץ,Each,0.00,Each,false,,9.90,0.0000,true,1,5823
208138,true,סירופ דיאט ענבים יכי,,,סירופ דיאט ענבים יכי,Each,0.00,Each,false,,17.90,0.0000,true,1,4806
208213,true,שעועית אפויה ברוטב א,,,שעועית אפויה ברוטב א,Each,0.00,Each,false,,8.90,0.0000,true,1,63
208220,true,שעועית אפויה ברוטב צ,,,שעועית אפויה ברוטב צ,Each,0.00,Each,false,,9.90,0.0000,true,1,298
208251,true,שעועית ירוקה א/2 יכי,,,שעועית ירוקה א/2 יכי,Each,0.00,Each,false,,9.90,0.0000,true,1,67
208268,true,שעועית צהובה א/2 יכי,,,שעועית צהובה א/2 יכי,Each,0.00,Each,false,,9.90,0.0000,true,1,72
208428,true,חומוס גרעינים א/2 יכ,,,חומוס גרעינים א/2 יכ,Each,0.00,Each,false,,8.90,0.0000,true,1,1053
208800,true,תירס ואקום קיד400 ג,,,תירס ואקום קיד400 ג,Each,0.00,Each,false,,6.90,0.0000,true,1,7616
208893,true,תירס גרעינים ואקום ל,,,תירס גרעינים ואקום ל,Each,0.00,Each,false,,6.90,0.0000,true,1,7617
209371,true,תירס גרעינים שלישייה,,,תירס גרעינים שלישייה,Each,0.00,Each,false,,14.90,0.0000,true,1,13285
209388,true,תירס גרעינים לייט של,,,תירס גרעינים לייט של,Each,0.00,Each,false,,14.90,0.0000,true,1,13286
209524,true,סירופ דיאט פטל יכין,,,סירופ דיאט פטל יכין,Each,0.00,Each,false,,17.90,0.0000,true,1,646
209555,true,סירופ דיאט תפוחי עץ,,,סירופ דיאט תפוחי עץ,Each,0.00,Each,false,,17.90,0.0000,true,1,648
209579,true,סירופ דיאט אננס יכין,,,סירופ דיאט אננס יכין,Each,0.00,Each,false,,17.90,0.0000,true,1,642
211169,true,אורז תאילנדי סוגת 1,,,אורז תאילנדי סוגת 1,Each,0.00,Each,false,,7.50,0.0000,true,1,2382
211381,true,סוכר חום בקרטון 1 קג,,,סוכר חום בקרטון 1 קג,Each,0.00,Each,false,,15.90,0.0000,true,1,612
211626,true,אורז חיש סוגת 1 קג,,,אורז חיש סוגת 1 קג,Each,0.00,Each,false,,12.90,0.0000,true,1,2381
211985,true,אורז עגול 1 קג סוגת,,,אורז עגול 1 קג סוגת,Each,0.00,Each,false,,10.90,0.0000,true,1,1325
214115,true,מרק עוף ויטה בצנצנת,,,מרק עוף ויטה בצנצנת,Each,0.00,Each,false,,10.90,0.0000,true,1,713
238036,true,מלווח עגול 700 גרם,,,מלווח עגול 700 גרם,Each,0.00,Each,false,,17.90,0.0000,true,1,812
244280,true,משחת גילוח 80 ג מקצי,,,משחת גילוח 80 ג מקצי,Each,0.00,Each,false,,9.90,0.0000,true,1,20
245072,true,מרכך כביסה סוד סופט,,,מרכך כביסה סוד סופט,Each,0.00,Each,false,,18.90,0.0000,true,1,3018
245157,true,מרכך כביסה סוד סופט,,,מרכך כביסה סוד סופט,Each,0.00,Each,false,,18.90,0.0000,true,1,3195
245270,true,פרסיל סופרה ירוק 1.2,,,פרסיל סופרה ירוק 1.2,Each,0.00,Each,false,,15.90,0.0000,true,1,2754
245287,true,א.כביסה פרסיל קולור,,,א.כביסה פרסיל קולור,Each,0.00,Each,false,,15.90,0.0000,true,1,2755
245782,true,מרכך כביסה סוד סופט,,,מרכך כביסה סוד סופט,Each,0.00,Each,false,,18.90,0.0000,true,1,617
245799,true,מרכך כביסה סוד סופט,,,מרכך כביסה סוד סופט,Each,0.00,Each,false,,18.90,0.0000,true,1,618
253572,true,סוכריות לקישות חום 8,,,סוכריות לקישות חום 8,Each,0.00,Each,false,,4.90,0.0000,true,1,29431
267500,true,בונבוניירה קליפות הד,,,בונבוניירה קליפות הד,Each,0.00,Each,false,,11.50,0.0000,true,1,5872
267586,true,גרעיני חמניה מקולפים,,,גרעיני חמניה מקולפים,Each,0.00,Each,false,,5.90,0.0000,true,1,5496
267678,true,גרעיני דלעת מקולפים,,,גרעיני דלעת מקולפים,Each,0.00,Each,false,,8.90,0.0000,true,1,5495
272443,true,סירופ דיאט תפוז 1 ל,,,סירופ דיאט תפוז 1 ל,Each,0.00,Each,false,,17.90,0.0000,true,1,659
272467,true,סירופ דיאט פטל 1 ל,,,סירופ דיאט פטל 1 ל,Each,0.00,Each,false,,17.90,0.0000,true,1,657
272696,true,עסיס מיץ לימון משומר,,,עסיס מיץ לימון משומר,Each,0.00,Each,false,,11.90,0.0000,true,1,574
286228,true,כרית לניקוי סנו סושי,,,כרית לניקוי סנו סושי,Each,0.00,Each,false,,12.90,0.0000,true,1,485
286297,true,מסיר אבן מקומקום סנו,,,מסיר אבן מקומקום סנו,Each,0.00,Each,false,,9.90,0.0000,true,1,703
286549,true,מטלית לכל סנו סושי 9,,,מטלית לכל סנו סושי 9,Each,0.00,Each,false,,12.90,0.0000,true,1,1009
286594,true,סנו איקס לימון במיכל,,,סנו איקס לימון במיכל,Each,0.00,Each,false,,10.90,0.0000,true,1,2523
286877,true,סנו רב מתכת,,,סנו רב מתכת,Each,0.00,Each,false,,25.90,0.0000,true,1,487
286891,true,נוזל ריצפה מגן קריסט,,,נוזל ריצפה מגן קריסט,Each,0.00,Each,false,,22.90,0.0000,true,1,702
286921,true,סנוקל רסס כבס 750 מל,,,סנוקל רסס כבס 750 מל,Each,0.00,Each,false,,14.90,0.0000,true,1,2200
287102,true,שמפו לניקוי שטיחים ס,,,שמפו לניקוי שטיחים ס,Each,0.00,Each,false,,21.90,0.0000,true,1,490
287195,true,ספריי לניקוי רהיטים,,,ספריי לניקוי רהיטים,Each,0.00,Each,false,,14.90,0.0000,true,1,489
287355,true,סנו סופר פוליש 1 ליט,,,סנו סופר פוליש 1 ליט,Each,0.00,Each,false,,21.90,0.0000,true,1,483
287409,true,סבון אסלה סנובון שלי,,,סבון אסלה סנובון שלי,Each,0.00,Each,false,,11.90,0.0000,true,1,494
287492,true,סנובון נוזלי לימון 7,,,סנובון נוזלי לימון 7,Each,0.00,Each,false,,10.90,0.0000,true,1,493
287621,true,נוזל אסלה סנו אנטי,,,נוזל אסלה סנו אנטי,Each,0.00,Each,false,,10.90,0.0000,true,1,2519
288048,true,סנו זאול מרסס מונבלא,,,סנו זאול מרסס מונבלא,Each,0.00,Each,false,,18.90,0.0000,true,1,696
288079,true,סנו זאוול לימון 2 לי,,,סנו זאוול לימון 2 לי,Each,0.00,Each,false,,9.90,0.0000,true,1,1199
288086,true,אבקת ניקוי סנו זאוול,,,אבקת ניקוי סנו זאוול,Each,0.00,Each,false,,11.90,0.0000,true,1,2199
288109,true,אב.כביסה מקסימה זאוו,,,אב.כביסה מקסימה זאוו,Each,0.00,Each,false,,13.90,0.0000,true,1,89
288291,true,טבליות סנומט נגד יתו,,,טבליות סנומט נגד יתו,Each,0.00,Each,false,,12.90,0.0000,true,1,496
288390,true,קיי 600 קוטל יתושים,,,קיי 600 קוטל יתושים,Each,0.00,Each,false,,21.90,0.0000,true,1,1396
288444,true,סנו די נוזל+משאבה,,,סנו די נוזל+משאבה,Each,0.00,Each,false,,17.90,0.0000,true,1,700
288642,true,מרכך כביסה סנומקסימה,,,מרכך כביסה סנומקסימה,Each,0.00,Each,false,,22.90,0.0000,true,1,682
288727,true,אב.כביסה מקסימה מאסק,,,אב.כביסה מקסימה מאסק,Each,0.00,Each,false,,13.90,0.0000,true,1,90
288840,true,מים מזוקקים 2 ליטר,,,מים מזוקקים 2 ליטר,Each,0.00,Each,false,,12.90,0.0000,true,1,792
289380,true,סנו זאוול לאסלות גל,,,סנו זאוול לאסלות גל,Each,0.00,Each,false,,11.90,0.0000,true,1,697
289496,true,סנו זאוול גל קרם לימ,,,סנו זאוול גל קרם לימ,Each,0.00,Each,false,,12.90,0.0000,true,1,2526
289748,true,מסיר שומנים סנו פורט,,,מסיר שומנים סנו פורט,Each,0.00,Each,false,,14.90,0.0000,true,1,486
291857,true,נוזל רצפה פוליוקס 2,,,נוזל רצפה פוליוקס 2,Each,0.00,Each,false,,19.90,0.0000,true,1,411
291932,true,סנובון נוזלי בניחוח,,,סנובון נוזלי בניחוח,Each,0.00,Each,false,,10.90,0.0000,true,1,492
291956,true,סנו זאוול לבנדר 1 לי,,,סנו זאוול לבנדר 1 לי,Each,0.00,Each,false,,8.90,0.0000,true,1,692
291963,true,סנו זאוול סמיכה 1 לי,,,סנו זאוול סמיכה 1 לי,Each,0.00,Each,false,,8.90,0.0000,true,1,690
292311,true,נוזל רצפה פוליויקס ס,,,נוזל רצפה פוליויקס ס,Each,0.00,Each,false,,19.90,0.0000,true,1,412
292533,true,גל לניקוי סנו כחול 1,,,גל לניקוי סנו כחול 1,Each,0.00,Each,false,,17.90,0.0000,true,1,2512
292687,true,סבון אסלה סנובון כחו,,,סבון אסלה סנובון כחו,Each,0.00,Each,false,,14.90,0.0000,true,1,491
292694,true,סנו מגן קריסטל 2 ל,,,סנו מגן קריסטל 2 ל,Each,0.00,Each,false,,39.90,0.0000,true,1,3396
293073,true,מרכך כביסה סנומקסימה,,,מרכך כביסה סנומקסימה,Each,0.00,Each,false,,22.90,0.0000,true,1,681
293516,true,סנו סופג לחות קופסא,,,סנו סופג לחות קופסא,Each,0.00,Each,false,,27.90,0.0000,true,1,2531
293530,true,סנו סופג לחות מילוי,,,סנו סופג לחות מילוי,Each,0.00,Each,false,,14.90,0.0000,true,1,2532
293820,true,גל רחצה קרמה אקטיב ב,,,גל רחצה קרמה אקטיב ב,Each,0.00,Each,false,,16.90,0.0000,true,1,24301
293943,true,מסיר אבנית וחלודה א,,,מסיר אבנית וחלודה א,Each,0.00,Each,false,,16.90,0.0000,true,1,1346
294773,true,סנו זאוול מונבלאן 4,,,סנו זאוול מונבלאן 4,Each,0.00,Each,false,,16.90,0.0000,true,1,694
295299,true,כרית ניקוי אקטיב סנו,,,כרית ניקוי אקטיב סנו,Each,0.00,Each,false,,12.90,0.0000,true,1,2549
295336,true,אב.כביסה מקסימה סנסי,,,אב.כביסה מקסימה סנסי,Each,0.00,Each,false,,13.90,0.0000,true,1,91
295343,true,אב.כביסה מקסימה ביו,,,אב.כביסה מקסימה ביו,Each,0.00,Each,false,,13.90,0.0000,true,1,92
295404,true,שקית אשפה 60 יח סנו,,,שקית אשפה 60 יח סנו,Each,0.00,Each,false,,21.90,0.0000,true,1,2509
295503,true,זוג שקיות סנדוויץ סנ,,,זוג שקיות סנדוויץ סנ,Each,0.00,Each,false,,14.90,0.0000,true,1,85
295541,true,רב מגבת סנו סושי גמב,,,רב מגבת סנו סושי גמב,Each,0.00,Each,false,,17.90,0.0000,true,1,267
295558,true,זוג רדיד אלומיניום ק,,,זוג רדיד אלומיניום ק,Each,0.00,Each,false,,12.90,0.0000,true,1,2545
295565,true,זוג רדיד אלומיניום ס,,,זוג רדיד אלומיניום ס,Each,0.00,Each,false,,21.90,0.0000,true,1,313
295589,true,בייבי כיף טלק לתינוק,,,בייבי כיף טלק לתינוק,Each,0.00,Each,false,,16.90,0.0000,true,1,3400
300900,true,שניצל תירס טבעול 750,,,שניצל תירס טבעול 750,Each,0.00,Each,false,,29.90,0.0000,true,1,56
311128,true,עוגיות מן טעם חמאה 3,,,עוגיות מן טעם חמאה 3,Each,0.00,Each,false,,7.90,0.0000,true,1,11066
311203,true,וופל שוקו מן 200 גר,,,וופל שוקו מן 200 גר,Each,0.00,Each,false,,5.50,0.0000,true,1,4781
311210,true,וופל לימון מן 200 גר,,,וופל לימון מן 200 גר,Each,0.00,Each,false,,5.50,0.0000,true,1,12915
311227,true,וופל קפה מן 200 גר,,,וופל קפה מן 200 גר,Each,0.00,Each,false,,5.50,0.0000,true,1,12913
311708,true,עוגיות מן חיטה מלאה,,,עוגיות מן חיטה מלאה,Each,0.00,Each,false,,7.90,0.0000,true,1,4783
311715,true,עוגיות מן טעם שוקו 3,,,עוגיות מן טעם שוקו 3,Each,0.00,Each,false,,7.90,0.0000,true,1,4784
311722,true,עוגיות מן כוכבים 300,,,עוגיות מן כוכבים 300,Each,0.00,Each,false,,7.90,0.0000,true,1,11068
313160,true,עוגיות זהבה ושלושת ה,,,עוגיות זהבה ושלושת ה,Each,0.00,Each,false,,8.60,0.0000,true,1,1864
315133,true,ציר בקר קנור 300 גרם,,,ציר בקר קנור 300 גרם,Each,0.00,Each,false,,25.90,0.0000,true,1,4536
315140,true,קורנפלקס מלא 500 גר,,,קורנפלקס מלא 500 גר,Each,0.00,Each,false,,22.90,0.0000,true,1,11331
318127,true,נקניקיות ביס 380 גרם,,,נקניקיות ביס 380 גרם,Each,0.00,Each,false,,11.90,0.0000,true,1,3292
318479,true,נקניק פרושוטו עגל 10,,,נקניק פרושוטו עגל 10,Each,0.00,Each,false,,25.90,0.0000,true,1,4088
318677,true,נקניק סלמי סרוולט 15,,,נקניק סלמי סרוולט 15,Each,0.00,Each,false,,23.90,0.0000,true,1,5589
318707,true,נקניק סלמי מעושן יח,,,נקניק סלמי מעושן יח,Each,0.00,Each,false,,29.90,0.0000,true,1,24930
319063,true,כתף בקר מעושן בציפוי,,,כתף בקר מעושן בציפוי,Each,0.00,Each,false,,25.90,0.0000,true,1,3291
319124,true,סלמי סרוולט 250 ג,,,סלמי סרוולט 250 ג,Each,0.00,Each,false,,33.90,0.0000,true,1,3288
319803,true,קבנוס קלאסי 125 גרם,,,קבנוס קלאסי 125 גרם,Each,0.00,Each,false,,12.90,0.0000,true,1,13793
319834,true,קבנוס פפרוני 125 גרם,,,קבנוס פפרוני 125 גרם,Each,0.00,Each,false,,12.90,0.0000,true,1,13794
327693,true,סודה פירות יער 1.5 ל,,,סודה פירות יער 1.5 ל,Each,0.00,Each,false,,4.50,0.0000,true,1,961
334325,true,מארז 3 יח ציפס מיקרו,,,מארז 3 יח ציפס מיקרו,Each,0.00,Each,false,,15.90,0.0000,true,1,2105
334684,true,טבעות בצל תפוגן 700,,,טבעות בצל תפוגן 700,Each,0.00,Each,false,,17.90,0.0000,true,1,1104
336282,true,סיידר 330 מל צלול בק,,,סיידר 330 מל צלול בק,Each,0.00,Each,false,,7.90,0.0000,true,1,5563
339566,true,מרכך בדין 4 ליטר ורו,,,מרכך בדין 4 ליטר ורו,Each,0.00,Each,false,,22.90,0.0000,true,1,675
341071,true,מרכך בייבי בדין 2 לי,,,מרכך בייבי בדין 2 לי,Each,0.00,Each,false,,20.90,0.0000,true,1,678
342832,true,מרכך בדין 4 ליטר צהו,,,מרכך בדין 4 ליטר צהו,Each,0.00,Each,false,,22.90,0.0000,true,1,677
342856,true,מרכך בדין 4 ליטר כחו,,,מרכך בדין 4 ליטר כחו,Each,0.00,Each,false,,22.90,0.0000,true,1,676
345055,true,תה ארל גריי 100 גרם,,,תה ארל גריי 100 גרם,Each,0.00,Each,false,,14.90,0.0000,true,1,1471
345215,true,תה קלאסיק 1 גר 100 ש,,,תה קלאסיק 1 גר 100 ש,Each,0.00,Each,false,,18.90,0.0000,true,1,1469
345260,true,תה קלאסיק 25/1.5,,,תה קלאסיק 25/1.5,Each,0.00,Each,false,,7.30,0.0000,true,1,1406
345277,true,תה קלאסיק 1.5 גר 50,,,תה קלאסיק 1.5 גר 50,Each,0.00,Each,false,,13.90,0.0000,true,1,1415
345536,true,תה פירות נענע 1.5 ג,,,תה פירות נענע 1.5 ג,Each,0.00,Each,false,,17.90,0.0000,true,1,1459
346137,true,תה גן הקסום הילולי פ,,,תה גן הקסום הילולי פ,Each,0.00,Each,false,,19.50,0.0000,true,1,1461
346168,true,תה גן הקסום שומר 1.5,,,תה גן הקסום שומר 1.5,Each,0.00,Each,false,,19.50,0.0000,true,1,3888
346199,true,תה גן הקסום פירות יע,,,תה גן הקסום פירות יע,Each,0.00,Each,false,,19.50,0.0000,true,1,1465
346205,true,תה גן הקסום קמומיל 1,,,תה גן הקסום קמומיל 1,Each,0.00,Each,false,,19.50,0.0000,true,1,1466
346229,true,תה גן הקסום ורד הבר,,,תה גן הקסום ורד הבר,Each,0.00,Each,false,,19.50,0.0000,true,1,1462
346960,true,תה פירות נענע 1.5 ג,,,תה פירות נענע 1.5 ג,Each,0.00,Each,false,,31.90,0.0000,true,1,1458
347738,true,תה ירוק נענע 1.5 ג 2,,,תה ירוק נענע 1.5 ג 2,Each,0.00,Each,false,,24.90,0.0000,true,1,1455
347752,true,תה ירוק לימונית לואי,,,תה ירוק לימונית לואי,Each,0.00,Each,false,,24.90,0.0000,true,1,1454
363363,true,קבנוס מיוחד 160 ג טי,,,קבנוס מיוחד 160 ג טי,Each,0.00,Each,false,,13.90,0.0000,true,1,3384
363899,true,נקניקיות פיקנטיות 40,,,נקניקיות פיקנטיות 40,Each,0.00,Each,false,,11.90,0.0000,true,1,3390
364261,true,סלסולי כתף בקר 120 ג,,,סלסולי כתף בקר 120 ג,Each,0.00,Each,false,,15.90,0.0000,true,1,7655
364278,true,סלסולי סלמי איטלקי מ,,,סלסולי סלמי איטלקי מ,Each,0.00,Each,false,,15.90,0.0000,true,1,7656
364285,true,סלסולי פסטרמה הודו 1,,,סלסולי פסטרמה הודו 1,Each,0.00,Each,false,,15.90,0.0000,true,1,7657
364759,true,נקניקיות קרנצ וינר 5,,,נקניקיות קרנצ וינר 5,Each,0.00,Each,false,,18.90,0.0000,true,1,3386
364803,true,נקניקיות קרנץ אמריקא,,,נקניקיות קרנץ אמריקא,Each,0.00,Each,false,,29.90,0.0000,true,1,3387
364810,true,נקניקיות קרנץ אמריקא,,,נקניקיות קרנץ אמריקא,Each,0.00,Each,false,,29.90,0.0000,true,1,3388
364872,true,נקניקיות עוף 400 גרם,,,נקניקיות עוף 400 גרם,Each,0.00,Each,false,,11.90,0.0000,true,1,3385
412481,true,נוזל לניקוי אסלות 00,,,נוזל לניקוי אסלות 00,Each,0.00,Each,false,,7.90,0.0000,true,1,861
416809,true,ממרח שחר חצי חצי 350,,,ממרח שחר חצי חצי 350,Each,0.00,Each,false,,12.90,0.0000,true,1,21334
416854,true,קקאו השחר 150 גר בשק,,,קקאו השחר 150 גר בשק,Each,0.00,Each,false,,12.60,0.0000,true,1,5335
420332,true,פופקורן פופסטאר חמאה,,,פופקורן פופסטאר חמאה,Each,0.00,Each,false,,14.90,0.0000,true,1,414
420417,true,שקיות אשפה 60 יח גלי,,,שקיות אשפה 60 יח גלי,Each,0.00,Each,false,,17.90,0.0000,true,1,1749
432120,true,נרות חנוכה 44 יחידות,,,נרות חנוכה 44 יחידות,Each,0.00,Each,false,,3.90,0.0000,true,1,17139
432182,true,נר נשמה 24 שעות,,,נר נשמה 24 שעות,Each,0.00,Each,false,,3.90,0.0000,true,1,14695
432335,true,נר זכרון 72 שעות,,,נר זכרון 72 שעות,Each,0.00,Each,false,,8.50,0.0000,true,1,14696
442013,true,שטיפה אינטימית פמינה,,,שטיפה אינטימית פמינה,Each,0.00,Each,false,,23.90,0.0000,true,1,7926
442044,true,שטיפה אינטימית פמינה,,,שטיפה אינטימית פמינה,Each,0.00,Each,false,,26.90,0.0000,true,1,8572
442310,true,משחה בייבי סקין 100,,,משחה בייבי סקין 100,Each,0.00,Each,false,,11.90,0.0000,true,1,9804
449128,true,נוזל לניקוי כללי סיף,,,נוזל לניקוי כללי סיף,Each,0.00,Each,false,,19.90,0.0000,true,1,456
453019,true,שימרית 50 גר,,,שימרית 50 גר,Each,0.00,Each,false,,5.40,0.0000,true,1,46
453125,true,שמרית+משפר אפיה 50 ג,,,שמרית+משפר אפיה 50 ג,Each,0.00,Each,false,,8.60,0.0000,true,1,47
453408,true,בצק פיצה דק שמרית מ,,,בצק פיצה דק שמרית מ,Each,0.00,Each,false,,15.90,0.0000,true,1,30251
453415,true,בצק עלים שמרית מצונן,,,בצק עלים שמרית מצונן,Each,0.00,Each,false,,15.90,0.0000,true,1,30248
453422,true,בצק פילו שמרית מצונן,,,בצק פילו שמרית מצונן,Each,0.00,Each,false,,15.90,0.0000,true,1,30249
453439,true,בצק פריך מתוק שמרית,,,בצק פריך מתוק שמרית,Each,0.00,Each,false,,15.90,0.0000,true,1,30250
453781,true,שמרים יבשים שימרית ב,,,שמרים יבשים שימרית ב,Each,0.00,Each,false,,6.90,0.0000,true,1,24261
453798,true,שמרים יבשים אקטיביים,,,שמרים יבשים אקטיביים,Each,0.00,Each,false,,14.90,0.0000,true,1,15900
461007,true,גבינה מגורדת במשקל,,,גבינה מגורדת במשקל,קילוגרמים,1.00,"ק""ג",true,,50.00,50.0000,true,1,8
461625,true,בייגלה שמיניות 400 ג,,,בייגלה שמיניות 400 ג,Each,0.00,Each,false,,10.90,0.0000,true,1,1205
461656,true,בייגלה אחד אחד 400 ג,,,בייגלה אחד אחד 400 ג,Each,0.00,Each,false,,10.90,0.0000,true,1,1202
461700,true,בייגלה גדול גדול 400,,,בייגלה גדול גדול 400,Each,0.00,Each,false,,14.90,0.0000,true,1,1203
461793,true,בייגלה ארוך ארוך 150,,,בייגלה ארוך ארוך 150,Each,0.00,Each,false,,6.50,0.0000,true,1,667
462103,true,סחוג תימני אדום חריף,,,סחוג תימני אדום חריף,Each,0.00,Each,false,,9.90,0.0000,true,1,624
462141,true,סחוג אדום חריף מאוד,,,סחוג אדום חריף מאוד,Each,0.00,Each,false,,9.90,0.0000,true,1,6749
462172,true,סחוג תימני ירוק חריף,,,סחוג תימני ירוק חריף,Each,0.00,Each,false,,9.90,0.0000,true,1,625
462981,true,זחוק חריף אש 150גרם,,,זחוק חריף אש 150גרם,Each,0.00,Each,false,,9.90,0.0000,true,1,33926
467320,true,סלט חומוס אבו מרוואן,,,סלט חומוס אבו מרוואן,Each,0.00,Each,false,,14.90,0.0000,true,1,11950
474373,true,שמנת חמוצה 15% 200 מ,,,שמנת חמוצה 15% 200 מ,Each,0.00,Each,false,,2.40,0.0000,true,1,3369
474502,true,גבינה לבנה 5% 250 גר,,,גבינה לבנה 5% 250 גר,Each,0.00,Each,false,,4.98,0.0000,true,1,4506
474540,true,גבינה טוב טעם 3% 250,,,גבינה טוב טעם 3% 250,Each,0.00,Each,false,,11.90,0.0000,true,1,3371
480107,true,קוואקר שיבולת שועל 5,,,קוואקר שיבולת שועל 5,Each,0.00,Each,false,,14.90,0.0000,true,1,338
480442,true,קואקר שבולת שועל 500,,,קואקר שבולת שועל 500,Each,0.00,Each,false,,13.50,0.0000,true,1,339
482033,true,שקיות צליה קוקי ענק,,,שקיות צליה קוקי ענק,Each,0.00,Each,false,,11.90,0.0000,true,1,389
483412,true,טיפטופים המרשלג 60 ג,,,טיפטופים המרשלג 60 ג,Each,0.00,Each,false,,14.90,0.0000,true,1,963
490625,true,מאגדת 8יח שלגון שוקו,,,מאגדת 8יח שלגון שוקו,Each,0.00,Each,false,,26.90,0.0000,true,1,15957
490717,true,מאגדת שלגון גלית 8 י,,,מאגדת שלגון גלית 8 י,Each,0.00,Each,false,,21.90,0.0000,true,1,4552
490762,true,מאגדת שלגון גלידל שו,,,מאגדת שלגון גלידל שו,Each,0.00,Each,false,,29.90,0.0000,true,1,4038
493183,true,אבקת רוטב פטריות 30,,,אבקת רוטב פטריות 30,Each,0.00,Each,false,,4.50,0.0000,true,1,1740
504209,true,ממתיק סוויט דיאטיפ נ,,,ממתיק סוויט דיאטיפ נ,Each,0.00,Each,false,,18.90,0.0000,true,1,1162
518121,true,מתוק וקל 50 שקיות,,,מתוק וקל 50 שקיות,Each,0.00,Each,false,,5.90,0.0000,true,1,735
518152,true,מתוק וקל זהב 25 שקיו,,,מתוק וקל זהב 25 שקיו,Each,0.00,Each,false,,6.90,0.0000,true,1,733
518176,true,מתוק וקל ענק 250 שקי,,,מתוק וקל ענק 250 שקי,Each,0.00,Each,false,,21.90,0.0000,true,1,734
518220,true,סוכרה דיאט מתוק וקל,,,סוכרה דיאט מתוק וקל,Each,0.00,Each,false,,25.00,0.0000,true,1,18722
518251,true,מתוק וקל זהב 100 שקי,,,מתוק וקל זהב 100 שקי,Each,0.00,Each,false,,13.90,0.0000,true,1,732
523125,true,מלח ים יבש הארץ 250,,,מלח ים יבש הארץ 250,Each,0.00,Each,false,,5.90,0.0000,true,1,814
523224,true,מלח ים יבש הארץ 500,,,מלח ים יבש הארץ 500,Each,0.00,Each,false,,8.90,0.0000,true,1,815
523514,true,מלח ים הארץ דל נתרן,,,מלח ים הארץ דל נתרן,Each,0.00,Each,false,,11.50,0.0000,true,1,816
523521,true,מלח ים הארץ מועשר בי,,,מלח ים הארץ מועשר בי,Each,0.00,Each,false,,6.90,0.0000,true,1,3362
523804,true,מלח עדין הארץ 1 קג צ,,,מלח עדין הארץ 1 קג צ,Each,0.00,Each,false,,8.00,0.0000,true,1,6365
525969,true,מיץ תפוזים סחוט 1 לי,,,מיץ תפוזים סחוט 1 לי,Each,0.00,Each,false,,15.90,0.0000,true,1,1505
554686,true,לבנה עם שמן זית וזעת,,,לבנה עם שמן זית וזעת,Each,0.00,Each,false,,16.90,0.0000,true,1,1029
554754,true,מוצרלה גד קטן במים ב,,,מוצרלה גד קטן במים ב,קילוגרמים,1.00,"ק""ג",true,,115.00,115.0000,true,1,2130
554792,true,גבינה בולגרית 5% במש,,,גבינה בולגרית 5% במש,קילוגרמים,1.00,"ק""ג",true,,69.00,69.0000,true,1,418
554976,true,גבינת שמנת 30% זיתים,,,גבינת שמנת 30% זיתים,קילוגרמים,1.00,"ק""ג",true,,55.00,55.0000,true,1,1282
554983,true,גבינה לאבנה גד במשקל,,,גבינה לאבנה גד במשקל,קילוגרמים,1.00,"ק""ג",true,,50.00,50.0000,true,1,1027
572536,true,חלבה אחווה וניל 400,,,חלבה אחווה וניל 400,Each,0.00,Each,false,,12.90,0.0000,true,1,2774
572543,true,חלבה אחווה שוקו וניל,,,חלבה אחווה שוקו וניל,Each,0.00,Each,false,,12.90,0.0000,true,1,2775
572628,true,חטיף חלבה אחווה לייט,,,חטיף חלבה אחווה לייט,Each,0.00,Each,false,,14.90,0.0000,true,1,2777
572673,true,חטיף חלבה אחווה אישי,,,חטיף חלבה אחווה אישי,Each,0.00,Each,false,,14.90,0.0000,true,1,2778
679440,true,משחה לתינוק קמיל בלו,,,משחה לתינוק קמיל בלו,Each,0.00,Each,false,,14.90,0.0000,true,1,5641
688503,true,שישיית מים מינרלים מ,,,שישיית מים מינרלים מ,Each,0.00,Each,false,,16.90,0.0000,true,1,3113
692203,true,נוזל לניקוי כללי אגק,,,נוזל לניקוי כללי אגק,Each,0.00,Each,false,,23.90,0.0000,true,1,1451
692210,true,נוזל לניקוי כללי אגק,,,נוזל לניקוי כללי אגק,Each,0.00,Each,false,,23.90,0.0000,true,1,1450
692227,true,נוזל כלים פלמוליב צי,,,נוזל כלים פלמוליב צי,Each,0.00,Each,false,,13.50,0.0000,true,1,446
692456,true,זוג נוזל לניקוי חלונ,,,זוג נוזל לניקוי חלונ,Each,0.00,Each,false,,25.90,0.0000,true,1,1448
901503,true,אוסובוקו עגל טרי עם,,,אוסובוקו עגל טרי עם,קילוגרמים,1.00,"ק""ג",true,,70.00,70.0000,true,1,2184
901534,true,צך עגל טרי,,,צך עגל טרי,קילוגרמים,1.00,"ק""ג",true,,85.00,85.0000,true,1,2186
903545,true,גבינה צהובה 28% נעם,,,גבינה צהובה 28% נעם,קילוגרמים,1.00,"ק""ג",true,,44.79,44.7900,true,1,2417
903583,true,גבינת גאודה עיזים במ,הנרי בליך,,גבינת גאודה עיזים במ,קילוגרמים,1.00,"ק""ג",true,,149.00,149.0000,true,1,2935
903774,true,גבינת עיזים קברה יין,,,גבינת עיזים קברה יין,קילוגרמים,1.00,"ק""ג",true,,189.00,189.0000,true,1,3041
906980,true,חבילת שי מגש עץ אובל,,,חבילת שי מגש עץ אובלי,Unknown,0.00,Unknown,false,1,130.00,0.0000,true,1,29458
910000,true,עוף טרי שלם,,,עוף טרי שלם,קילוגרמים,1.00,"ק""ג",true,,19.90,19.9000,true,1,2832
910017,true,עוף טרי מפורק,,,עוף טרי מפורק,קילוגרמים,1.00,"ק""ג",true,,20.90,20.9000,true,1,2833
910062,true,בשר עוף טחון טרי,,,בשר עוף טחון טרי,קילוגרמים,1.00,"ק""ג",true,,36.90,36.9000,true,1,2837
910116,true,ירך עוף טרי,,,ירך עוף טרי,קילוגרמים,1.00,"ק""ג",true,,28.90,28.9000,true,1,2840
910192,true,כבד עוף טרי,,,כבד עוף טרי,קילוגרמים,1.00,"ק""ג",true,,19.90,19.9000,true,1,2846
910277,true,חזה הודו טרי,,,חזה הודו טרי,קילוגרמים,1.00,"ק""ג",true,,34.90,34.9000,true,1,2852
910390,true,גרון הודו טרי,,,גרון הודו טרי,קילוגרמים,1.00,"ק""ג",true,,29.90,29.9000,true,1,2863
910420,true,שווארמה הודו טרי,,,שווארמה הודו טרי,קילוגרמים,1.00,"ק""ג",true,,69.90,69.9000,true,1,2865
911069,true,צלי כתף עגל טרי,,,צלי כתף עגל טרי,קילוגרמים,1.00,"ק""ג",true,,90.00,90.0000,true,1,3417
911137,true,בשר וייסברטן עגל טרי,,,בשר וייסברטן עגל טרי,קילוגרמים,1.00,"ק""ג",true,,85.00,85.0000,true,1,1784
911243,true,שניצל דק דק טרי,,,שניצל דק דק טרי,קילוגרמים,1.00,"ק""ג",true,,42.90,42.9000,true,1,3802
911748,true,גבינת צדר במשקל,שווינגטון,,גבינת צדר במשקל,קילוגרמים,1.00,"ק""ג",true,,99.00,99.0000,true,1,4265
911823,true,כתף עגל טרי,,,כתף עגל טרי,קילוגרמים,1.00,"ק""ג",true,,85.00,85.0000,true,1,3526
911847,true,אסאדו עגל טרי,,,אסאדו עגל טרי,קילוגרמים,1.00,"ק""ג",true,,69.90,69.9000,true,1,3527
920047,true,גבינה צהובה נעם 22%,,,גבינה צהובה נעם 22%,קילוגרמים,1.00,"ק""ג",true,,42.58,42.5800,true,1,3438
930220,true,צלעות/ צוואר עגל טרי,,,צלעות/ צוואר עגל טרי,קילוגרמים,1.00,"ק""ג",true,,85.00,85.0000,true,1,3450
930282,true,לשון עגל טרי,,,לשון עגל טרי,קילוגרמים,1.00,"ק""ג",true,,60.00,60.0000,true,1,3903
930299,true,טבעות פילה עגל טרי,,,טבעות פילה עגל טרי,קילוגרמים,1.00,"ק""ג",true,,270.00,270.0000,true,1,3904
960425,true,גבינה צהובה נעם 9% ב,,,גבינה צהובה נעם 9% ב,קילוגרמים,1.00,"ק""ג",true,,85.00,85.0000,true,1,3551
961118,true,גבינת פרמזאנו ריגאנו,,,גבינת פרמזאנו ריגאנו,קילוגרמים,1.00,"ק""ג",true,,159.00,159.0000,true,1,3712
971063,true,מארז מחולק עם חלון,,,מארז סלסלה עגולה מעוצבת,Unknown,0.00,Unknown,false,1,140.00,0.0000,true,1,29454
971070,true,חבילת שי סיר יציקה 2,,,חבילת שי סיר יציקה 28 סמ,Unknown,0.00,Unknown,false,1,199.00,0.0000,true,1,29462
971087,true,חבילת שי סל ראטו ענק,,,חבילת שי סל ראטו ענק,Unknown,0.00,Unknown,false,1,250.00,0.0000,true,1,29463
975047,true,גבינת סנט אגור במשקל,בונגראן,,גבינת סנט אגור במשקל,קילוגרמים,1.00,"ק""ג",true,,199.00,199.0000,true,1,4561
999951,true,בולגרית קלאסית 16% ב,,,בולגרית קלאסית 16% ב,קילוגרמים,1.00,"ק""ג",true,,55.00,55.0000,true,1,2112
1045169,true,מיץ תפוחים צלול 1 לי,,,מיץ תפוחים צלול 1 לי,Each,0.00,Each,false,,15.90,0.0000,true,1,1509
1045763,true,מיץ תפוחים צלול סחוט,,,מיץ תפוחים צלול סחוט,Each,0.00,Each,false,,24.20,0.0000,true,1,803
1121054,true,מארז נקניק צמד חמד 7,,,מארז נקניק צמד חמד 7,Each,0.00,Each,false,,25.90,0.0000,true,1,3286
1121672,true,פסטרמה מעודנת בפפריק,,,פסטרמה מעודנת בפפריק,Each,0.00,Each,false,,21.90,0.0000,true,1,9469
1121931,true,קבנוס מקסיקני דק דק,,,קבנוס מקסיקני דק דק,Each,0.00,Each,false,,12.90,0.0000,true,1,9502
1121979,true,נקניק סלמי הרץ 150 ג,,,נקניק סלמי הרץ 150 ג,Each,0.00,Each,false,,23.90,0.0000,true,1,8749
1123775,true,שווארמה פרגיות 500 ג,,,שווארמה פרגיות 500 ג,Each,0.00,Each,false,,24.90,0.0000,true,1,136
1123782,true,שווארמה הודו 500 גרם,,,שווארמה הודו 500 גרם,Each,0.00,Each,false,,24.90,0.0000,true,1,135
1124536,true,מגיק בכוס תירס 70 גר,,,מגיק בכוס תירס 70 גר,Each,0.00,Each,false,,4.90,0.0000,true,1,920
1136287,true,נקה 7 שמפו 750 מל רג,,,נקה 7 שמפו 750 מל רג,Each,0.00,Each,false,,12.90,0.0000,true,1,2674
1136294,true,נקה 7 שמפו 750 מל יב,,,נקה 7 שמפו 750 מל יב,Each,0.00,Each,false,,12.90,0.0000,true,1,2673
1136300,true,נקה 7 שמפו 750 מל לס,,,נקה 7 שמפו 750 מל לס,Each,0.00,Each,false,,12.90,0.0000,true,1,2676
1136799,true,אלסבון נקה 7 ארומה 1,,,אלסבון נקה 7 ארומה 1,Each,0.00,Each,false,,12.90,0.0000,true,1,594
1247068,true,נקטר ספרינג תות בננה,,,נקטר ספרינג תות בננה,Each,0.00,Each,false,,7.50,0.0000,true,1,512
1247099,true,נקטר ספרינג מנגו 1 ל,,,נקטר ספרינג מנגו 1 ל,Each,0.00,Each,false,,7.50,0.0000,true,1,510
1247105,true,נקטר ספרינג אפרסק 1,,,נקטר ספרינג אפרסק 1,Each,0.00,Each,false,,7.50,0.0000,true,1,508
1258101,true,גבינת גאודה טבעית במ,,,גבינת גאודה טבעית במ,קילוגרמים,1.00,"ק""ג",true,,89.00,89.0000,true,1,1260
1258163,true,גבינת סנט מור במשקל,,,גבינת סנט מור במשקל,קילוגרמים,1.00,"ק""ג",true,,120.00,120.0000,true,1,500
1258170,true,גבינת רוקפור במשקל,,,גבינת רוקפור במשקל,קילוגרמים,1.00,"ק""ג",true,,139.00,139.0000,true,1,113
1258385,true,גבינת מוצרלה כדורים,,,גבינת מוצרלה כדורים,קילוגרמים,1.00,"ק""ג",true,,75.00,75.0000,true,1,16
1258422,true,גבינת קשקבל במשקל,,,גבינת קשקבל במשקל,קילוגרמים,1.00,"ק""ג",true,,119.00,119.0000,true,1,5910
1258446,true,יוגורט כבשים 850 מל,,,יוגורט כבשים 850 מל,Each,0.00,Each,false,,18.90,0.0000,true,1,2207
1258453,true,גבינת קממברט אגוזים,,,גבינת קממברט אגוזים,קילוגרמים,1.00,"ק""ג",true,,115.00,115.0000,true,1,3134
1258552,true,לאבנה בקר 250 גרם יע,,,לאבנה בקר 250 גרם יע,Each,0.00,Each,false,,8.90,0.0000,true,1,28061
1258729,true,לאבנה עיזים 250 גר,,,לאבנה עיזים 250 גר,Each,0.00,Each,false,,18.50,0.0000,true,1,7009
1258798,true,גבינת פטה כבשים 250,,,גבינת פטה כבשים 250,Each,0.00,Each,false,,27.50,0.0000,true,1,9284
1258811,true,גבינת מוצרלה בייבי ב,,,גבינת מוצרלה בייבי ב,קילוגרמים,1.00,"ק""ג",true,,79.00,79.0000,true,1,21068
1305058,true,פלמוליב סבון נוזלי,,,פלמוליב סבון נוזלי,Each,0.00,Each,false,,16.90,0.0000,true,1,443
1305188,true,נוזל כלים פלמוליב לי,,,נוזל כלים פלמוליב לי,Each,0.00,Each,false,,11.90,0.0000,true,1,449
1327180,true,גל.קרמיסימו וניל 1.3,,,גל.קרמיסימו וניל 1.3,Each,0.00,Each,false,,22.90,0.0000,true,1,256
1327791,true,גל.קרמיסימו עם עוגיו,,,גל.קרמיסימו עם עוגיו,Each,0.00,Each,false,,22.90,0.0000,true,1,258
1338407,true,קרם הגנה סקין גארד ג,,,קרם הגנה סקין גארד ג,Each,0.00,Each,false,,19.90,0.0000,true,1,522
1343845,true,גרנולה פירות 1 קג שק,,,גרנולה פירות 1 קג שק,Each,0.00,Each,false,,20.90,0.0000,true,1,3359
1407134,true,פרוסות חלבה קלאסית ו,,,פרוסות חלבה קלאסית ו,Each,0.00,Each,false,,15.00,0.0000,true,1,10101
1407820,true,חלבה שאמית קלאסית 35,,,חלבה שאמית קלאסית 35,Each,0.00,Each,false,,15.90,0.0000,true,1,4899
1407837,true,חלבה שאמית קקאו 350,,,חלבה שאמית קקאו 350,Each,0.00,Each,false,,15.90,0.0000,true,1,4901
1407936,true,טחינה בארכה מעודנת 3,,,טחינה בארכה מעודנת 3,Each,0.00,Each,false,,12.90,0.0000,true,1,16214
1419618,true,וופל עלמה שוקו 200 ג,,,וופל עלמה שוקו 200 ג,Each,0.00,Each,false,,3.90,0.0000,true,1,8616
1419779,true,וופל עלמה קלאסי שוקו,,,וופל עלמה קלאסי שוקו,Each,0.00,Each,false,,3.90,0.0000,true,1,8592
1419793,true,גביעי גלידה מגולגלים,,,גביעי גלידה מגולגלים,Each,0.00,Each,false,,11.90,0.0000,true,1,10374
1419892,true,וופל עלמה קלאסי לימו,,,וופל עלמה קלאסי לימו,Each,0.00,Each,false,,3.90,0.0000,true,1,8591
1485019,true,גבינת שמנת 5% טבעי 2,,,גבינת שמנת 5% טבעי 2,Each,0.00,Each,false,,11.90,0.0000,true,1,4508
1485026,true,גבינת שמנת 5% זיתים,,,גבינת שמנת 5% זיתים,Each,0.00,Each,false,,11.90,0.0000,true,1,3370
1485033,true,גבינת שמנת 5% שום שמ,,,גבינת שמנת 5% שום שמ,Each,0.00,Each,false,,11.90,0.0000,true,1,5140
1491010,true,תה ירוק יסמין 1.5 ג,,,תה ירוק יסמין 1.5 ג,Each,0.00,Each,false,,24.90,0.0000,true,1,1453
1491096,true,תה ירוק לימונית/לואי,,,תה ירוק לימונית/לואי,Each,0.00,Each,false,,45.90,0.0000,true,1,1452
1515310,true,כרית קרצוף יפני 6יח,,,כרית קרצוף יפני 6יח,Each,0.00,Each,false,,12.90,0.0000,true,1,4168
1515631,true,ספוג קרצוף ארוך 3יח,,,ספוג קרצוף ארוך 3יח,Each,0.00,Each,false,,9.90,0.0000,true,1,501
1567708,true,נקניקיות וינר 400 גר,,,נקניקיות וינר 400 גר,Each,0.00,Each,false,,11.90,0.0000,true,1,15944
1567760,true,פסטרמה של פעם 300ג ל,,,פסטרמה של פעם 300ג ל,Each,0.00,Each,false,,25.90,0.0000,true,1,16277
1567791,true,פסטרמה רומנית 250גר,,,פסטרמה רומנית 250גר,Each,0.00,Each,false,,25.90,0.0000,true,1,16278
1567807,true,כתף בקר מעושן 250גר,,,כתף בקר מעושן 250גר,Each,0.00,Each,false,,25.90,0.0000,true,1,16279
1567814,true,נק.סלמי מעושן איטלקי,,,נק.סלמי מעושן איטלקי,Each,0.00,Each,false,,21.90,0.0000,true,1,16274
1594230,true,קינלי סודה 250 פקדון,,,קינלי סודה 250 פקדון,Each,0.00,Each,false,,5.50,0.0000,true,1,1897
1594575,true,בירה טובורג פח 500 פ,,,בירה טובורג פח 500 פ,Each,0.00,Each,false,,8.90,0.0000,true,1,1115
1594810,true,מארז 6 בירה מאלטי בק,,,מארז 6 בירה מאלטי בק,Each,0.00,Each,false,,32.90,0.0000,true,1,1113
1594858,true,מארז 6 בירה טובורג ר,,,מארז 6 בירה טובורג ר,Each,0.00,Each,false,,34.90,0.0000,true,1,1111
1670071,true,כפות לבנות 100 יח חד,,,כפות לבנות 100 יח חד,Each,0.00,Each,false,,15.90,0.0000,true,1,1861
1670255,true,כוסות קרטון חד פעמי,,,כוסות קרטון חד פעמי,Each,0.00,Each,false,,8.90,0.0000,true,1,21058
1670668,true,שקיות קרחונית 12 יח,,,שקיות קרחונית 12 יח,Each,0.00,Each,false,,4.90,0.0000,true,1,7940
1713488,true,נוזל חלונות 5 ליטר,,,נוזל חלונות 5 ליטר,Each,0.00,Each,false,,11.90,0.0000,true,1,30841
1738412,true,מועך שום פלנרו,,,מועך שום פלנרו,Each,0.00,Each,false,,15.90,0.0000,true,1,6105
1780428,true,מאגדת שלגון דיאט שוק,,,מאגדת שלגון דיאט שוק,Each,0.00,Each,false,,29.90,0.0000,true,1,3490
1791363,true,מ.אויר סנו פרש אוטומ,,,מ.אויר סנו פרש אוטומ,Each,0.00,Each,false,,14.90,0.0000,true,1,4609
1817063,true,סוכ.טופי פירות מזל ו,,,סוכ.טופי פירות מזל ו,Each,0.00,Each,false,,20.00,0.0000,true,1,4147
1817377,true,חטיף ציטוס איקס עיגו,,,חטיף ציטוס איקס עיגו,Each,0.00,Each,false,,3.60,0.0000,true,1,297
1817728,true,חטיף ציטוס כאפה 55 ג,,,חטיף ציטוס כאפה 55 ג,Each,0.00,Each,false,,3.60,0.0000,true,1,2080
1973233,true,מגבוני קמיל בלו סנסט,,,מגבוני קמיל בלו סנסט,Each,0.00,Each,false,,10.90,0.0000,true,1,5658
1975992,true,בירה ויינשטפן 330 מל,,,בירה ויינשטפן 330 מל,Each,0.00,Each,false,,14.90,0.0000,true,1,10074
1990148,true,סוכר גולדן קלאסי צנצ,,,סוכר גולדן קלאסי צנצ,Each,0.00,Each,false,,13.90,0.0000,true,1,5028
1990261,true,חומוס סוגת 1 קג,,,חומוס סוגת 1 קג,Each,0.00,Each,false,,15.90,0.0000,true,1,5275
1990377,true,שעועית בובס סוגת 500,,,שעועית בובס סוגת 500,Each,0.00,Each,false,,12.90,0.0000,true,1,2827
2000266,true,שעוות התפוח למיקרוגל,,,שעוות התפוח למיקרוגל,Each,0.00,Each,false,,21.90,0.0000,true,1,2072
2003168,true,מארז 3 יח קרם ידיים,,,מארז 3 יח קרם ידיים,Each,0.00,Each,false,,17.90,0.0000,true,1,6836
2007357,true,שקיות צליה 10 יח,,,שקיות צליה 10 יח,Each,0.00,Each,false,,4.90,0.0000,true,1,86
2007623,true,כוסות ליין 50 יח,,,כוסות ליין 50 יח,Each,0.00,Each,false,,5.90,0.0000,true,1,987
2007944,true,כפפות לטקס לארג 100,,,כפפות לטקס לארג 100,Each,0.00,Each,false,,19.90,0.0000,true,1,4238
2007975,true,צלחות קטנות 50 יח,,,צלחות קטנות 50 יח,Each,0.00,Each,false,,10.90,0.0000,true,1,309
2007999,true,צלחות חד פעמי גדולות,,,צלחות חד פעמי גדולות,Each,0.00,Each,false,,16.90,0.0000,true,1,306
2008002,true,כפפות לטקס מדיום 100,,,כפפות לטקס מדיום 100,Each,0.00,Each,false,,19.90,0.0000,true,1,303
2008040,true,שיפודים 30 סמ 100 יח,,,שיפודים 30 סמ 100 יח,Each,0.00,Each,false,,3.90,0.0000,true,1,171
2008118,true,צמרונים עץ 100 יח בש,,,צמרונים עץ 100 יח בש,Each,0.00,Each,false,,1.20,0.0000,true,1,318
2008149,true,מדליק פחם מוצק,,,מדליק פחם מוצק,Each,0.00,Each,false,,6.90,0.0000,true,1,926
2008170,true,עטרות חום 3,,,עטרות חום 3,Each,0.00,Each,false,,4.90,0.0000,true,1,547
2008262,true,מצע נושם לפירות ירקו,,,מצע נושם לפירות ירקו,Each,0.00,Each,false,,9.90,0.0000,true,1,2390
2008354,true,מפת נילון 8 יח,,,מפת נילון 8 יח,Each,0.00,Each,false,,8.90,0.0000,true,1,876
2008507,true,נייר לאפיה 50 יח,,,נייר לאפיה 50 יח,Each,0.00,Each,false,,9.90,0.0000,true,1,748
2008576,true,מפיות מפיון 100 יח ק,,,מפיות מפיון 100 יח ק,Each,0.00,Each,false,,3.50,0.0000,true,1,873
2008651,true,קמח תפוח אדמה 500 גר,,,קמח תפוח אדמה 500 גר,Each,0.00,Each,false,,5.90,0.0000,true,1,198
2008668,true,צמרונים קלירי 200 יח,,,צמרונים קלירי 200 יח,Each,0.00,Each,false,,5.00,0.0000,true,1,319
2008989,true,קישקשים 225 יח,,,קישקשים 225 יח,Each,0.00,Each,false,,10.90,0.0000,true,1,2285
2026341,true,ציפס בטטה 500 גרם,,,ציפס בטטה 500 גרם,Each,0.00,Each,false,,16.90,0.0000,true,1,13227
2026587,true,וופל בלגי בראנץ אנד,,,וופל בלגי בראנץ אנד,Each,0.00,Each,false,,15.50,0.0000,true,1,31977
2037309,true,מארז 2+6 לחמניה המבו,,,מארז 2+6 לחמניה המבו,Each,0.00,Each,false,,14.90,0.0000,true,1,891
2037637,true,מארז 4 חליה מתוקה 90,,,מארז 4 חליה מתוקה 90,Each,0.00,Each,false,,13.90,0.0000,true,1,1414
2053088,true,אטריות ביצים מס 8 או,,,אטריות ביצים מס 8 או,Each,0.00,Each,false,,7.90,0.0000,true,1,7764
2053095,true,אטריות ביצים מס 10 א,,,אטריות ביצים מס 10 א,Each,0.00,Each,false,,7.90,0.0000,true,1,1330
2053101,true,אטריות ביצים מס 12 א,,,אטריות ביצים מס 12 א,Each,0.00,Each,false,,7.90,0.0000,true,1,1331
2053118,true,אטריות ביצים מס 14 א,,,אטריות ביצים מס 14 א,Each,0.00,Each,false,,7.90,0.0000,true,1,1332
2053538,true,איטריות נודלס תאילנד,,,איטריות נודלס תאילנד,Each,0.00,Each,false,,13.90,0.0000,true,1,29245
2057031,true,זית ירוק מבוקע פיקנט,,,זית ירוק מבוקע פיקנט,Each,0.00,Each,false,,9.90,0.0000,true,1,3983
2057048,true,זית ירוק סורי מבוקע,,,זית ירוק סורי מבוקע,Each,0.00,Each,false,,11.50,0.0000,true,1,3979
2057161,true,זית שחור מרינט ביין,,,זית שחור מרינט ביין,Each,0.00,Each,false,,9.90,0.0000,true,1,3981
2057352,true,מלפפון במלח 7-9 א/2,,,מלפפון במלח 7-9 א/2,Each,0.00,Each,false,,6.90,0.0000,true,1,3907
2057376,true,מלפפון במלח 13-17 א/,,,מלפפון במלח 13-17 א/,Each,0.00,Each,false,,10.50,0.0000,true,1,3810
2057703,true,חציל אקסטרה א/2 יבנה,,,חציל אקסטרה א/2 יבנה,Each,0.00,Each,false,,6.90,0.0000,true,1,3975
2057734,true,זית חרוזית שחור יבנה,,,זית חרוזית שחור יבנה,Each,0.00,Each,false,,9.90,0.0000,true,1,4350
2057871,true,זית חרוזית ירוק 540,,,זית חרוזית ירוק 540,Each,0.00,Each,false,,9.90,0.0000,true,1,4140
2077268,true,מיני קציצות דג לבישו,,,מיני קציצות דג לבישו,Each,0.00,Each,false,,22.20,0.0000,true,1,8946
2107385,true,גבינת עיזים קשה מהעז,,,גבינת עיזים קשה מהעז,Each,0.00,Each,false,,25.90,0.0000,true,1,5159
2107798,true,גבינה בולגרית בקר 5%,,,גבינה בולגרית בקר 5%,Each,0.00,Each,false,,24.90,0.0000,true,1,1389
2107965,true,גבינת טבורוג 5% כפר,,,גבינת טבורוג 5% כפר,Each,0.00,Each,false,,24.90,0.0000,true,1,1884
2109372,true,בורקס פילו אצבעות בו,,,בורקס פילו אצבעות בו,Each,0.00,Each,false,,20.90,0.0000,true,1,9483
2109488,true,קבב אמיתי 100% טיבונ,,,קבב אמיתי 100% טיבונ,Each,0.00,Each,false,,15.90,0.0000,true,1,9280
2129455,true,פיצה איטלקית אקס אל,,,פיצה איטלקית אקס אל,Each,0.00,Each,false,,20.90,0.0000,true,1,20223
2129479,true,פיצה איטלקית דקה 320,,,פיצה איטלקית דקה 320,Each,0.00,Each,false,,15.90,0.0000,true,1,18376
2129486,true,פיצה זיתים דקה איטלק,,,פיצה זיתים דקה איטלק,Each,0.00,Each,false,,16.90,0.0000,true,1,19257
2129790,true,כתף בקר טרי יבוא,,,כתף בקר טרי יבוא,קילוגרמים,1.00,"ק""ג",true,,79.90,79.9000,true,1,18003
2129806,true,צלי כתף טרי יבוא,,,צלי כתף טרי יבוא,קילוגרמים,1.00,"ק""ג",true,,84.90,84.9000,true,1,18004
2133148,true,צפתית רכה שומרון במש,,,צפתית רכה שומרון במש,קילוגרמים,1.00,"ק""ג",true,,45.00,45.0000,true,1,2175
2133506,true,יוגורט 4% חלב עיזים,,,יוגורט 4% חלב עיזים,Each,0.00,Each,false,,13.90,0.0000,true,1,7193
2133520,true,יוגורט 3% של פעם 400,,,יוגורט 3% של פעם 400,Each,0.00,Each,false,,10.90,0.0000,true,1,2179
2133537,true,יוגורט 4% מחלב עיזים,,,יוגורט 4% מחלב עיזים,Each,0.00,Each,false,,6.50,0.0000,true,1,7196
2133612,true,יוגורט יווני 180 גר,,,יוגורט יווני 180 גר,Each,0.00,Each,false,,5.90,0.0000,true,1,7198
2133858,true,גבינה בולגרית צאן 25,,,גבינה בולגרית צאן 25,Each,0.00,Each,false,,24.90,0.0000,true,1,7225
2133940,true,יוגורט 4% מחלב כבשים,,,יוגורט 4% מחלב כבשים,Each,0.00,Each,false,,6.50,0.0000,true,1,7197
2157830,true,קוביות גולש 100% עגל,,,קוביות גולש 100% עגל,Each,0.00,Each,false,,44.90,0.0000,true,1,15179
2196617,true,רוטב חרדל ודבש משק ל,,,רוטב חרדל ודבש משק ל,Each,0.00,Each,false,,23.90,0.0000,true,1,6479
2196822,true,רוטב דבש שום לימון ש,,,רוטב דבש שום לימון ש,Each,0.00,Each,false,,23.90,0.0000,true,1,4594
2232964,true,פירורים לציפוי פז לל,,,פירורים לציפוי פז לל,Each,0.00,Each,false,,27.90,0.0000,true,1,7743
2232995,true,פירורים לציפוי פז לל,,,פירורים לציפוי פז לל,Each,0.00,Each,false,,27.90,0.0000,true,1,6773
2253013,true,ראש שום 400גר דורות,,,ראש שום 400גר דורות,Each,0.00,Each,false,,24.90,0.0000,true,1,30571
2253150,true,בזיליקום טרי קצוץ דו,,,בזיליקום טרי קצוץ דו,Each,0.00,Each,false,,11.90,0.0000,true,1,1409
2253174,true,שמיר טרי קצוץ דורות,,,שמיר טרי קצוץ דורות,Each,0.00,Each,false,,11.90,0.0000,true,1,176
2253181,true,כוסברה קצוצה דורות 7,,,כוסברה קצוצה דורות 7,Each,0.00,Each,false,,11.90,0.0000,true,1,2800
2253198,true,גינגר טרי כתוש 90 גר,,,גינגר טרי כתוש 90 גר,Each,0.00,Each,false,,10.90,0.0000,true,1,3750
2253235,true,רוטב פסטו דורות 160,,,רוטב פסטו דורות 160,Each,0.00,Each,false,,12.90,0.0000,true,1,13627
2253495,true,תבלין לטחינה ביתית ד,,,תבלין לטחינה ביתית ד,Each,0.00,Each,false,,11.90,0.0000,true,1,26002
2259572,true,כפפות ספונטקס רוזה ז,,,כפפות ספונטקס רוזה ז,Each,0.00,Each,false,,8.50,0.0000,true,1,998
2259657,true,דיאמונד אלומיניום 85,,,דיאמונד אלומיניום 85,Each,0.00,Each,false,,27.90,0.0000,true,1,1968
2281382,true,נתחי פילה סלמון קפוא,,,נתחי פילה סלמון קפוא,קילוגרמים,1.00,"ק""ג",true,,89.00,89.0000,true,1,25796
2281405,true,מארז 2 יח סלט סלמון,,,מארז 2 יח סלט סלמון,Each,0.00,Each,false,,9.90,0.0000,true,1,26665
2327028,true,גחנון 650 גר שלושת ה,,,גחנון 650 גר שלושת ה,Each,0.00,Each,false,,16.90,0.0000,true,1,1251
2327066,true,קונכיות בצק 625 גר ש,,,קונכיות בצק 625 גר ש,Each,0.00,Each,false,,24.90,0.0000,true,1,362
2327073,true,בורקס גבינה 800 גרם,,,בורקס גבינה 800 גרם,Each,0.00,Each,false,,20.90,0.0000,true,1,1402
2331094,true,מים מינרלים נביעות ט,,,מים מינרלים נביעות ט,Each,0.00,Each,false,,5.00,0.0000,true,1,2693
2331162,true,נביעות 1.5 ליטר לא ק,,,נביעות 1.5 ליטר לא ק,Each,0.00,Each,false,,3.90,0.0000,true,1,2194
2331483,true,מים מינרלים נביעות ב,,,מים מינרלים נביעות ב,Each,0.00,Each,false,,15.90,0.0000,true,1,11338
2331490,true,מים מינרלים נביעות 1,,,מים מינרלים נביעות 1,Each,0.00,Each,false,,3.90,0.0000,true,1,11806
2345015,true,פרוסות סטייק סינטה ד,,,פרוסות סטייק סינטה ד,Each,0.00,Each,false,,18.90,0.0000,true,1,20846
2345282,true,נתחי פילה סלמון קפוא,,,נתחי פילה סלמון קפוא,קילוגרמים,1.00,"ק""ג",true,,89.00,89.0000,true,1,21299
2345435,true,פילה מרלוזה ארגנטינא,,,פילה מרלוזה ארגנטינא,קילוגרמים,1.00,"ק""ג",true,,33.00,33.0000,true,1,22728
2348160,true,תירס גמדי שלם צעיר 4,,,תירס גמדי שלם צעיר 4,Each,0.00,Each,false,,6.90,0.0000,true,1,1844
2348238,true,לפתן אננס חתוך ויליג,,,לפתן אננס חתוך ויליג,Each,0.00,Each,false,,9.90,0.0000,true,1,1348
2348306,true,לפתן קוקטייל פירות ט,,,לפתן קוקטייל פירות ט,Each,0.00,Each,false,,9.90,0.0000,true,1,384
2348573,true,אטריות אורז ויליגר 3,,,אטריות אורז ויליגר 3,Each,0.00,Each,false,,8.90,0.0000,true,1,1906
2349013,true,גל פיתיון להדברת נמל,,,גל פיתיון להדברת נמל,Each,0.00,Each,false,,39.90,0.0000,true,1,28726
2360124,true,תה פומפדור ורד הבר 2,,,תה פומפדור ורד הבר 2,Each,0.00,Each,false,,15.90,0.0000,true,1,2792
2360155,true,תה פומפדור שומר 20 י,,,תה פומפדור שומר 20 י,Each,0.00,Each,false,,15.90,0.0000,true,1,2249
2360278,true,תה פומפדור מנטה 20 י,,,תה פומפדור מנטה 20 י,Each,0.00,Each,false,,15.90,0.0000,true,1,2250
2371526,true,סלסולי פסטרמה שום וצ,,,סלסולי פסטרמה שום וצ,Each,0.00,Each,false,,15.90,0.0000,true,1,11373
2371533,true,סלסולי פסטרמה דבש 12,,,סלסולי פסטרמה דבש 12,Each,0.00,Each,false,,15.90,0.0000,true,1,11375
2371540,true,נקניק קורנדביף 120גר,,,נקניק קורנדביף 120גר,Each,0.00,Each,false,,15.90,0.0000,true,1,11374
2371854,true,נקניקיות חריפות 1 קג,,,נקניקיות חריפות 1 קג,Each,0.00,Each,false,,28.90,0.0000,true,1,6038
2371939,true,נקניק סלמי סרוולד צר,,,נקניק סלמי סרוולד צר,Each,0.00,Each,false,,23.90,0.0000,true,1,6293
2439530,true,סינטה בקר טרי אזול א,,,סינטה בקר טרי ארגנטיני,קילוגרמים,1.00,"ק""ג",true,,150.00,150.0000,true,1,39084
2439578,true,צלעות אונטריפ חלק טר,,,צלעות אונטריפ חלק טר,קילוגרמים,1.00,"ק""ג",true,,85.00,85.0000,true,1,33752
2439745,true,גבינת גאודה עיזים במ,,,גבינת גאודה עיזים במ,קילוגרמים,1.00,"ק""ג",true,,159.00,159.0000,true,1,14459
2448723,true,חטיף עוף רך לכלב 100,,,חטיף עוף רך לכלב 100,Each,0.00,Each,false,,25.20,0.0000,true,1,8886
2475125,true,גפילטע פיש מיטל 8 יח,,,גפילטע פיש מיטל 8 יח,Each,0.00,Each,false,,22.90,0.0000,true,1,23662
2475170,true,גפילטע פיש מיטל 6 יח,,,גפילטע פיש מיטל 6 יח,Each,0.00,Each,false,,22.90,0.0000,true,1,772
2478256,true,חזה אווז קפוא,,,חזה אווז קפוא,קילוגרמים,1.00,"ק""ג",true,,230.00,230.0000,true,1,11761
2478263,true,שוק אווז קפוא,,,שוק אווז קפוא,קילוגרמים,1.00,"ק""ג",true,,110.00,110.0000,true,1,10794
2481423,true,מסננת רשת 12 פלנרו,,,מסננת רשת 12 פלנרו,Each,0.00,Each,false,,11.90,0.0000,true,1,6122
2507284,true,שניצל דג מצופה 700 ג,,,שניצל דג מצופה 700 ג,Each,0.00,Each,false,,26.90,0.0000,true,1,26400
2507451,true,קציצות דג סלמון לביש,,,קציצות דג סלמון לביש,Each,0.00,Each,false,,29.90,0.0000,true,1,19251
2515364,true,אלסבון קמיל בלו קלאס,,,אלסבון קמיל בלו קלאס,Each,0.00,Each,false,,16.90,0.0000,true,1,5640
2517290,true,קינמון טחון 40 גר מי,,,קינמון טחון 40 גר מי,Each,0.00,Each,false,,6.90,0.0000,true,1,5054
2517801,true,צילי כתוש חריף 30 גר,,,צילי כתוש חריף 30 גר,Each,0.00,Each,false,,6.90,0.0000,true,1,5048
2542506,true,בירה קורונה בק 355 מ,,,בירה קורונה בק 355 מ,Each,0.00,Each,false,,7.90,0.0000,true,1,7689
2577508,true,פילה דג הרינג מלוח ב,,,פילה דג הרינג מלוח ב,Each,0.00,Each,false,,25.90,0.0000,true,1,17547
2603474,true,פיצת השף שגב רוטב פט,,,פיצת השף שגב רוטב פט,Each,0.00,Each,false,,16.90,0.0000,true,1,21054
2603481,true,פיצת השף שגב פסטו וע,,,פיצת השף שגב פסטו וע,Each,0.00,Each,false,,16.90,0.0000,true,1,21056
2603498,true,פיצת השף שגב אנטיפסט,,,פיצת השף שגב אנטיפסט,Each,0.00,Each,false,,16.90,0.0000,true,1,21055
2627210,true,גפילטע פיש דלידג 7 ק,,,גפילטע פיש דלידג 7 ק,Each,0.00,Each,false,,12.90,0.0000,true,1,29859
2657866,true,פילה דג אמנון 7-9 קפ,,,פילה דג אמנון 7-9 קפ,קילוגרמים,1.00,"ק""ג",true,,28.00,28.0000,true,1,7931
2661153,true,לחם דני קל 1 קג,,,לחם דני קל 1 קג,Each,0.00,Each,false,,16.90,0.0000,true,1,7192
2661177,true,לחם כנעני 750גר ברמן,,,לחם כנעני 750גר ברמן,Each,0.00,Each,false,,14.90,0.0000,true,1,11436
2706731,true,רצועות פילה נסיכת הנ,,,רצועות פילה נסיכת הנ,קילוגרמים,1.00,"ק""ג",true,,75.00,75.0000,true,1,10990
2715504,true,מגיק בכוס מרק עוף 70,,,מגיק בכוס מרק עוף 70,Each,0.00,Each,false,,4.90,0.0000,true,1,1370
2715511,true,מגיק בכוס בשר 70 גרם,,,מגיק בכוס בשר 70 גרם,Each,0.00,Each,false,,4.90,0.0000,true,1,1371
2715528,true,מגיק בכוס ירקות 70 ג,,,מגיק בכוס ירקות 70 ג,Each,0.00,Each,false,,4.90,0.0000,true,1,1372
2715580,true,מגיק בכוס סיני 70 גר,,,מגיק בכוס סיני 70 גר,Each,0.00,Each,false,,4.90,0.0000,true,1,640
2730262,true,נוזל כלים פלמוליב קל,,,נוזל כלים פלמוליב קל,Each,0.00,Each,false,,11.90,0.0000,true,1,445
2730675,true,מש.שיניים קולגייט אד,,,מש.שיניים קולגייט אד,Each,0.00,Each,false,,11.90,0.0000,true,1,358
2730811,true,מש.שיניים קולגייט גל,,,מש.שיניים קולגייט גל,Each,0.00,Each,false,,12.90,0.0000,true,1,350
2730958,true,מארז 4 סבון מוצק פל,,,מארז 4 סבון מוצק פל,Each,0.00,Each,false,,16.90,0.0000,true,1,598
2752493,true,סוכריות טיק טק מנטה,,,סוכריות טיק טק מנטה,Each,0.00,Each,false,,10.00,0.0000,true,1,958
2757511,true,קציצות דג לבישול 750,,,קציצות דג לבישול 750,Each,0.00,Each,false,,31.90,0.0000,true,1,6926
2757528,true,בורקס פילו תפוח אדמה,,,בורקס פילו תפוח אדמה,Each,0.00,Each,false,,20.90,0.0000,true,1,6928
2757542,true,איטריות קדאיף 400 גר,,,איטריות קדאיף 400 גר,Each,0.00,Each,false,,20.90,0.0000,true,1,11894
2757672,true,המבורגר 400 גר,,,המבורגר 400 גר,Each,0.00,Each,false,,12.50,0.0000,true,1,6969
2766056,true,עגבניות שרי ווטני/תמ,,,עגבניות שרי ויטני,יחידה,1.00,יחידה,false,1,10.90,10.9000,true,1,16010
2771104,true,קפה נחלה עם הל 500 ג,,,קפה נחלה עם הל 500 ג,Each,0.00,Each,false,,31.90,0.0000,true,1,209
2771111,true,קפה נחלה עם הל 250 ג,,,קפה נחלה עם הל 250 ג,Each,0.00,Each,false,,16.90,0.0000,true,1,211
2771128,true,קפה נחלה 250 גרם,,,קפה נחלה 250 גרם,Each,0.00,Each,false,,16.90,0.0000,true,1,34
2771326,true,קפסולות קפה נחלה עם,,,קפסולות קפה נחלה עם,Each,0.00,Each,false,,18.90,0.0000,true,1,26189
2775317,true,פילה זהובון קפוא 1 ק,,,פילה זהובון קפוא 1 ק,Each,0.00,Each,false,,26.90,0.0000,true,1,7423
2787884,true,מקלות בורקס פילו תפו,,,מקלות בורקס פילו תפו,Each,0.00,Each,false,,20.90,0.0000,true,1,14017
2793304,true,מיכל סודה סטרים בארי,,,מיכל סודה סטרים בארי,Each,0.00,Each,false,,109.90,0.0000,true,1,12186
2805151,true,נוזל ריצפה סיף סחלב,,,נוזל ריצפה סיף סחלב,Each,0.00,Each,false,,19.90,0.0000,true,1,39
2808398,true,חומץ תפוחים 473 מל,,,חומץ תפוחים 473 מל,Each,0.00,Each,false,,10.90,0.0000,true,1,2160
2808527,true,חומץ תפוחים 946 מל,,,חומץ תפוחים 946 מל,Each,0.00,Each,false,,15.90,0.0000,true,1,3759
2814016,true,מסיר שומנים קר סנט,,,מסיר שומנים קר סנט,Each,0.00,Each,false,,13.90,0.0000,true,1,29879
2814603,true,מסיר שומנים קר מבושם,,,מסיר שומנים קר מבושם,Each,0.00,Each,false,,11.90,0.0000,true,1,29883
2814894,true,קצף ניקוי אקונומיקה,,,קצף ניקוי אקונומיקה,Each,0.00,Each,false,,9.90,0.0000,true,1,30334
2824466,true,יוגורט לבן 0% 200 גר,,,יוגורט לבן 0% 200 גר,Each,0.00,Each,false,,3.80,0.0000,true,1,969
2830184,true,פילה דג לברק יפני,,,פילה דג לברק יפני,קילוגרמים,1.00,"ק""ג",true,,51.90,51.9000,true,1,9242
2830245,true,פילה דג לברק יפני,,,פילה דג לברק יפני,קילוגרמים,1.00,"ק""ג",true,,51.90,51.9000,true,1,18841
2830948,true,גבינת מון בלאן עיזים,,,גבינת מון בלאן עיזים,Each,0.00,Each,false,,10.00,0.0000,true,1,7771
2842163,true,טונה לבנה יולה 185 ג,,,טונה לבנה יולה 185 ג,Each,0.00,Each,false,,12.90,0.0000,true,1,1791
2842293,true,סרדין מינרבה חריף 12,,,סרדין מינרבה חריף 12,Each,0.00,Each,false,,6.90,0.0000,true,1,2930
2842309,true,סרדין מינרבה בשמן 12,,,סרדין מינרבה בשמן 12,Each,0.00,Each,false,,6.90,0.0000,true,1,2931
2842415,true,פילה אנשובי אמיתי יו,,,פילה אנשובי אמיתי יו,Each,0.00,Each,false,,6.90,0.0000,true,1,3873
2866916,true,פילה סלמון ארוז טרי,,,פילה סלמון ארוז טרי במגשית,קילוגרמים,1.00,"ק""ג",true,,139.90,139.9000,true,1,14519
2868996,true,גבינת קוטג 5% מועשר,,,גבינת קוטג 5% מועשר,Each,0.00,Each,false,,6.00,0.0000,true,1,4346
2879237,true,חטיף טורטילה סומבררו,,,חטיף טורטילה סומבררו,Each,0.00,Each,false,,11.50,0.0000,true,1,1800
2879282,true,טורטילה חטיף סומבררו,,,טורטילה חטיף סומבררו,Each,0.00,Each,false,,11.50,0.0000,true,1,1799
2879299,true,מלפפונים גרין ואלי צ,,,מלפפונים גרין ואלי צ,Each,0.00,Each,false,,19.90,0.0000,true,1,3205
2879305,true,מלפפונים גרין ואלי כ,,,מלפפונים גרין ואלי כ,Each,0.00,Each,false,,21.90,0.0000,true,1,3206
2879435,true,כרוב כבוש גרין ואלי,,,כרוב כבוש גרין ואלי,Each,0.00,Each,false,,17.90,0.0000,true,1,1796
2879459,true,סלק כבוש גרין ואלי,,,סלק כבוש גרין ואלי,Each,0.00,Each,false,,15.50,0.0000,true,1,1797
2881551,true,עלי גפן ממולאים באור,,,עלי גפן ממולאים באור,Each,0.00,Each,false,,8.90,0.0000,true,1,6348
2900566,true,פסטרמה ברביקיו דלת ש,,,פסטרמה ברביקיו דלת ש,Each,0.00,Each,false,,29.90,0.0000,true,1,4482
2904694,true,דאו.ספריי טיטניום 18,,,דאו.ספריי טיטניום 18,Each,0.00,Each,false,,17.90,0.0000,true,1,951
2921233,true,קרבונה ספריי לכתמים,,,קרבונה ספריי לכתמים,Each,0.00,Each,false,,26.90,0.0000,true,1,234
2921240,true,שמפוזר קרבונה אדום,,,שמפוזר קרבונה אדום,Each,0.00,Each,false,,29.90,0.0000,true,1,36
2921349,true,סופר גלו 3 דבק מהיר,,,סופר גלו 3 דבק מהיר,Each,0.00,Each,false,,16.90,0.0000,true,1,1805
2929130,true,גבינת דנאבלו במשקל,,,גבינת דנאבלו במשקל,קילוגרמים,1.00,"ק""ג",true,,89.00,89.0000,true,1,11603
2929635,true,טונה בשמן צמחי ויליג,,,טונה בשמן צמחי ויליג,Each,0.00,Each,false,,5.70,0.0000,true,1,12456
2954040,true,שמן תירס שוקחה 1 ליט,,,שמן תירס שוקחה 1 ליט,Each,0.00,Each,false,,16.90,0.0000,true,1,5116
2954200,true,אורז יסמין שוקחה 1 ק,,,אורז יסמין שוקחה 1 ק,Each,0.00,Each,false,,11.90,0.0000,true,1,4739
2954392,true,תמצית חרובים 450 גרם,,,תמצית חרובים 450 גרם,Each,0.00,Each,false,,13.90,0.0000,true,1,4074
2971009,true,קמח שטיבל רגיל 1 קג,,,קמח שטיבל רגיל 1 קג,Each,0.00,Each,false,,4.50,0.0000,true,1,2709
2986652,true,ביסקויט פתי בר שוקו,,,ביסקויט פתי בר שוקו,Each,0.00,Each,false,,10.90,0.0000,true,1,24717
2987963,true,סלט חומוס אחלה 1 קג,,,סלט חומוס אחלה 1 קג,Each,0.00,Each,false,,13.90,0.0000,true,1,1050
3009183,true,סירופ דיאט פריגת תפו,,,סירופ דיאט פריגת תפו,Each,0.00,Each,false,,25.90,0.0000,true,1,627
3009572,true,סירופ פריגת תפוזים 1,,,סירופ פריגת תפוזים 1,Each,0.00,Each,false,,35.90,0.0000,true,1,4344
3009596,true,סירופ דיאט פריגת אשכ,,,סירופ דיאט פריגת אשכ,Each,0.00,Each,false,,25.90,0.0000,true,1,4343
3009619,true,סירופ פריגת ענבים 1.,,,סירופ פריגת ענבים 1.,Each,0.00,Each,false,,35.90,0.0000,true,1,628
3009640,true,מיץ תפוז סחוט טרי 1,,,מיץ תפוז סחוט טרי 1,Each,0.00,Each,false,,13.90,0.0000,true,1,800
3015627,true,נוזל רצפה ריצפז פרש,,,נוזל רצפה ריצפז פרש,Each,0.00,Each,false,,16.90,0.0000,true,1,4605
3015634,true,נוזל רצפה ריצפז פרש,,,נוזל רצפה ריצפז פרש,Each,0.00,Each,false,,16.90,0.0000,true,1,4606
3015641,true,נוזל רצפה ריצפז פרש,,,נוזל רצפה ריצפז פרש,Each,0.00,Each,false,,16.90,0.0000,true,1,4607
3026029,true,שמפו קמיל בלו סנסטיי,,,שמפו קמיל בלו סנסטיי,Each,0.00,Each,false,,18.90,0.0000,true,1,4738
3026234,true,תחליב לתינוק קמיל בל,,,תחליב לתינוק קמיל בל,Each,0.00,Each,false,,19.90,0.0000,true,1,203
3029181,true,שוקו יטבתה בקבוק 1 ל,,,שוקו יטבתה בקבוק 1 ל,Each,0.00,Each,false,,12.10,0.0000,true,1,144
3029372,true,משקה חלב בננה 1 ליטר,,,משקה חלב בננה 1 ליטר,Each,0.00,Each,false,,12.10,0.0000,true,1,1994
3029389,true,משקה בננה פקק 250 מל,,,משקה בננה פקק 250 מל,Each,0.00,Each,false,,5.80,0.0000,true,1,728
3029532,true,מוקה קפה בק 1 ליטר,,,מוקה קפה בק 1 ליטר,Each,0.00,Each,false,,12.10,0.0000,true,1,2484
3072804,true,פסטרמה של פעם 200גר,,,פסטרמה של פעם 200גר,Each,0.00,Each,false,,23.90,0.0000,true,1,30038
3072811,true,נקניקיות בראטוורסט,,,נקניקיות בראטוורסט,Each,0.00,Each,false,,23.90,0.0000,true,1,29974
3072828,true,נקניקיות פרנקפורטר,,,נקניקיות פרנקפורטר,Each,0.00,Each,false,,23.90,0.0000,true,1,29972
3072835,true,נקניקיות קנאקוורסט,,,נקניקיות קנאקוורסט,Each,0.00,Each,false,,23.90,0.0000,true,1,29973
3072842,true,חזה אווז 100גר טירת,,,חזה אווז 100גר טירת,Each,0.00,Each,false,,23.90,0.0000,true,1,31643
3072859,true,נקניק רוסטביף 120גר,,,נקניק רוסטביף 120גר,Each,0.00,Each,false,,23.90,0.0000,true,1,32317
3102891,true,שקיות צליה הוסטס 10,,,שקיות צליה הוסטס 10,Each,0.00,Each,false,,5.90,0.0000,true,1,18639
3102976,true,צימרוני אוזניים 200י,,,צימרוני אוזניים 200י,Each,0.00,Each,false,,4.50,0.0000,true,1,18666
3109265,true,עוגיות מרוקאיות 400,,,עוגיות מרוקאיות 400,Each,0.00,Each,false,,18.00,0.0000,true,1,2659
3121083,true,מגיק טעם בשר שקית 85,,,מגיק טעם בשר שקית 85,Each,0.00,Each,false,,2.90,0.0000,true,1,742
3121090,true,מגיק טעם ירקות שקית,,,מגיק טעם ירקות שקית,Each,0.00,Each,false,,2.90,0.0000,true,1,710
3121106,true,מגיק טעם עוף שקית 85,,,מגיק טעם עוף שקית 85,Each,0.00,Each,false,,2.90,0.0000,true,1,714
3126712,true,יוגורט עיזים 3% ביו,,,יוגורט עיזים 3% ביו,Each,0.00,Each,false,,6.50,0.0000,true,1,868
3126958,true,גבינת טופו טבעי בואק,,,גבינת טופו טבעי בואק,Each,0.00,Each,false,,13.90,0.0000,true,1,1146
3141159,true,מרשמלו יוגטה 180 גר,,,מרשמלו יוגטה 180 גר,Each,0.00,Each,false,,5.90,0.0000,true,1,9951
3143276,true,מרשמלו רול יוגטה 180,,,מרשמלו רול יוגטה 180,Each,0.00,Each,false,,5.90,0.0000,true,1,11328
3185719,true,קבב רומני 500 גרם,,,קבב רומני 500 גרם,Each,0.00,Each,false,,15.90,0.0000,true,1,336
3189045,true,צהובה טובה הולנדית ב,,,צהובה טובה הולנדית ב,קילוגרמים,1.00,"ק""ג",true,,30.00,30.0000,true,1,4787
3189274,true,צהובה טובה מעושנת במ,,,צהובה טובה מעושנת במ,קילוגרמים,1.00,"ק""ג",true,,30.00,30.0000,true,1,5617
3219766,true,טורבול מילוי שלישיה,,,טורבול מילוי שלישיה,Each,0.00,Each,false,,39.90,0.0000,true,1,2346
3220717,true,אצות נורי ווק 10 יח,,,אצות נורי ווק 10 יח,Each,0.00,Each,false,,9.90,0.0000,true,1,12766
3220779,true,מקלוני אורז 3 ממ ווק,,,מקלוני אורז 3 ממ ווק,Each,0.00,Each,false,,9.90,0.0000,true,1,12764
3220786,true,מקלוני אורז 5 ממ ווק,,,מקלוני אורז 5 ממ ווק,Each,0.00,Each,false,,9.90,0.0000,true,1,12765
3220939,true,מקלוני אורז ווק דקיפ,,,מקלוני אורז ווק דקיפ,Each,0.00,Each,false,,9.90,0.0000,true,1,12762
3224128,true,כיסונים תפוחי אדמה 8,,,כיסונים תפוחי אדמה 8,Each,0.00,Each,false,,19.90,0.0000,true,1,4800
3224180,true,פטל שחור 300 ג קפוא,,,פטל שחור 300 ג קפוא,Each,0.00,Each,false,,13.90,0.0000,true,1,4701
3224333,true,דובדבן חמוץ 300 ג קפ,,,דובדבן חמוץ 300 ג קפ,Each,0.00,Each,false,,14.90,0.0000,true,1,4704
3224487,true,כיסונים בשר 1 קג מאמ,,,כיסונים בשר 1 קג מאמ,Each,0.00,Each,false,,27.90,0.0000,true,1,4802
3224500,true,אוכמניות שחורות 300,,,אוכמניות שחורות 300,Each,0.00,Each,false,,21.90,0.0000,true,1,6076
3224555,true,פטל אדום 300 גר,,,פטל אדום 300 גר,Each,0.00,Each,false,,24.90,0.0000,true,1,5818
3229109,true,פסטרמה בפפריקה 400 ג,,,פסטרמה בפפריקה 400 ג,Each,0.00,Each,false,,29.90,0.0000,true,1,3376
3229116,true,פסטרמה בדבש 400 ג,,,פסטרמה בדבש 400 ג,Each,0.00,Each,false,,29.90,0.0000,true,1,3377
3229123,true,פסטרמה על גחלים 400,,,פסטרמה על גחלים 400,Each,0.00,Each,false,,29.90,0.0000,true,1,3378
3229147,true,נקניק סלמי איטלקי 30,,,נקניק סלמי איטלקי 30,Each,0.00,Each,false,,27.90,0.0000,true,1,3381
3229154,true,נקניק סלמי קוניאק מו,,,נקניק סלמי קוניאק מו,Each,0.00,Each,false,,27.90,0.0000,true,1,3380
3229192,true,כתף בקר מעושן 400 ג,,,כתף בקר מעושן 400 ג,Each,0.00,Each,false,,29.90,0.0000,true,1,3379
3229208,true,פסטרמה ספרדית 360 ג,,,פסטרמה ספרדית 360 ג,Each,0.00,Each,false,,29.90,0.0000,true,1,4484
3229215,true,פסטרמה איטלקית 360 ג,,,פסטרמה איטלקית 360 ג,Each,0.00,Each,false,,29.90,0.0000,true,1,4483
3229222,true,נקניק סלמי תה משובח,,,נקניק סלמי תה משובח,Each,0.00,Each,false,,22.90,0.0000,true,1,7842
3387205,true,דאו.ספיד סטיק רגיל ב,,,דאו.ספיד סטיק רגיל ב,Each,0.00,Each,false,,15.90,0.0000,true,1,860
3387373,true,דאו.ספיד סטיק רגיל ב,,,דאו.ספיד סטיק רגיל ב,Each,0.00,Each,false,,15.90,0.0000,true,1,503
3401376,true,קרם לחות קלאסי אלוור,,,קרם לחות קלאסי אלוור,Each,0.00,Each,false,,19.90,0.0000,true,1,248
3401420,true,קרם לחות קלאסי סיליק,,,קרם לחות קלאסי סיליק,Each,0.00,Each,false,,19.90,0.0000,true,1,247
3411009,true,כפפות לטקס סמול 100,,,כפפות לטקס סמול 100,Each,0.00,Each,false,,19.90,0.0000,true,1,4260
3411313,true,מפות על בד,,,מפות על בד,Each,0.00,Each,false,,7.50,0.0000,true,1,872
3411405,true,נר נשמה להבית,,,נר נשמה להבית,Each,0.00,Each,false,,2.50,0.0000,true,1,13139
3411566,true,צמרונים אוזניים מעץ,,,צמרונים אוזניים מעץ,Each,0.00,Each,false,,2.50,0.0000,true,1,4619
3411573,true,צלחות עמוקות 30 יח,,,צלחות עמוקות 30 יח,Each,0.00,Each,false,,19.90,0.0000,true,1,308
3411689,true,צלחות ליפתן לבן 25 י,,,צלחות ליפתן לבן 25 י,Each,0.00,Each,false,,6.90,0.0000,true,1,307
3411696,true,מרקיות לבן 25 יח,,,מרקיות לבן 25 יח,Each,0.00,Each,false,,10.90,0.0000,true,1,716
3411726,true,קסמי שיניים מלחיה 30,,,קסמי שיניים מלחיה 30,Each,0.00,Each,false,,3.70,0.0000,true,1,208
3411948,true,צמר גפן 100 גרם,,,צמר גפן 100 גרם,Each,0.00,Each,false,,4.90,0.0000,true,1,315
3427208,true,שמן זית זיתא כנען750,,,שמן זית זיתא כנען750,Each,0.00,Each,false,,37.90,0.0000,true,1,4493
3438075,true,חרוסת מצונן 210גרם א,,,חרוסת מצונן 210גרם א,Each,0.00,Each,false,,10.90,0.0000,true,1,15571
3438082,true,חזרת 180גר אוליביה,,,חזרת 180גר אוליביה,Each,0.00,Each,false,,12.90,0.0000,true,1,11557
3457991,true,מאגדת קורנטו קלאסיק,,,מאגדת קורנטו קלאסיק,Each,0.00,Each,false,,34.90,0.0000,true,1,392
3525461,true,סלט טונה פיקנטי וילי,,,סלט טונה פיקנטי וילי,Each,0.00,Each,false,,5.50,0.0000,true,1,2047
3525478,true,סלט טונה ויליגר 160,,,סלט טונה ויליגר 160,Each,0.00,Each,false,,5.20,0.0000,true,1,2046
3525904,true,מארז 3 יח סלט טונה פ,,,מארז 3 יח סלט טונה פ,Each,0.00,Each,false,,15.90,0.0000,true,1,5534
3526871,true,מארז 3 יח פטריות חתו,,,מארז 3 יח פטריות חתו,Each,0.00,Each,false,,11.90,0.0000,true,1,6978
3578061,true,לבבות דקל שלמים 400,,,לבבות דקל שלמים 400,Each,0.00,Each,false,,13.90,0.0000,true,1,1024
3578108,true,לפתן אננס חתוך ויליפ,,,לפתן אננס חתוך ויליפ,Each,0.00,Each,false,,9.90,0.0000,true,1,1347
3578177,true,תירס גמדי 410 גרם,,,תירס גמדי 410 גרם,Each,0.00,Each,false,,8.50,0.0000,true,1,1486
3578313,true,לפתן דובדבן ללא חרצן,,,לפתן דובדבן ללא חרצן,Each,0.00,Each,false,,10.90,0.0000,true,1,1158
3578672,true,שמן חמניות 1 ליטר וי,,,שמן חמניות 1 ליטר וי,Each,0.00,Each,false,,11.90,0.0000,true,1,180
3578931,true,גבינה חצי רכה 20% רא,,,גבינה חצי רכה 20% רא,קילוגרמים,1.00,"ק""ג",true,,99.00,99.0000,true,1,12864
3608089,true,משקה קל ספרינג תות ב,,,משקה קל ספרינג תות ב,Each,0.00,Each,false,,8.60,0.0000,true,1,2412
3643127,true,אבקת אפיה 10 יח סוגת,,,אבקת אפיה 10 יח סוגת,Each,0.00,Each,false,,2.50,0.0000,true,1,5030
3643134,true,סוכר וניל 10 יח סוגת,,,סוכר וניל 10 יח סוגת,Each,0.00,Each,false,,2.50,0.0000,true,1,5029
3643172,true,אבקת סוכר 100 גר סוג,,,אבקת סוכר 100 גר סוג,Each,0.00,Each,false,,2.50,0.0000,true,1,5031
3643325,true,קוסקוס בינוני 350 גר,,,קוסקוס בינוני 350 גר,Each,0.00,Each,false,,5.90,0.0000,true,1,4382
3643783,true,קוקוס סוגת 100 גרם,,,קוקוס סוגת 100 גרם,Each,0.00,Each,false,,4.50,0.0000,true,1,1922
3719259,true,לחם אקסלוסיבי 1 קג ל,,,לחם אקסלוסיבי 1 קג ל,Each,0.00,Each,false,,16.90,0.0000,true,1,5886
3726592,true,טופו ויילר בטעם פסטו,,,טופו ויילר בטעם פסטו,Each,0.00,Each,false,,13.90,0.0000,true,1,28461
3726615,true,טופו ויילר במרקם קשה,,,טופו ויילר במרקם קשה,Each,0.00,Each,false,,13.90,0.0000,true,1,28460
3726684,true,טופו חומוס בטעם טבעי,,,טופו חומוס בטעם טבעי,Each,0.00,Each,false,,12.90,0.0000,true,1,32413
3781065,true,מלפפונים בסגנון צרפת,,,מלפפונים בסגנון צרפת,Each,0.00,Each,false,,10.90,0.0000,true,1,831
3781652,true,צלפים במלח 350 גרם,,,צלפים במלח 350 גרם,Each,0.00,Each,false,,9.90,0.0000,true,1,27062
3804252,true,תיבולית נוסח הודי 80,,,תיבולית נוסח הודי 80,Each,0.00,Each,false,,10.90,0.0000,true,1,1430
3804320,true,תיבולית שום פטרוזיל,,,תיבולית שום פטרוזיל,Each,0.00,Each,false,,10.90,0.0000,true,1,1433
3805129,true,תערובת פירה בטעם בית,,,תערובת פירה בטעם בית,Each,0.00,Each,false,,14.90,0.0000,true,1,438
3805501,true,פתית שבדי חסכוני 300,,,פתית שבדי חסכוני 300,Each,0.00,Each,false,,16.90,0.0000,true,1,291
3807482,true,רוטב קנור טריאקי 300,,,רוטב קנור טריאקי 300,Each,0.00,Each,false,,12.90,0.0000,true,1,5451
3882014,true,פלפלים כבושים 1.7 קג,,,פלפלים כבושים 1.7 קג,Each,0.00,Each,false,,18.90,0.0000,true,1,453
3882502,true,שמן תירס 1 לי וילי פ,,,שמן תירס 1 לי וילי פ,Each,0.00,Each,false,,12.90,0.0000,true,1,226
3903771,true,קפה נמס קפוצינו רגיל,,,קפה נמס קפוצינו רגיל,Each,0.00,Each,false,,24.90,0.0000,true,1,220
3903788,true,קפה נמס קפוצינו וניל,,,קפה נמס קפוצינו וניל,Each,0.00,Each,false,,24.90,0.0000,true,1,219
3938049,true,נוזל הברקה למדיח הפי,,,נוזל הברקה למדיח הפי,Each,0.00,Each,false,,17.90,0.0000,true,1,744
3989539,true,פסטה רביולי גבינה 40,,,פסטה רביולי גבינה 40,Each,0.00,Each,false,,19.90,0.0000,true,1,269
3989553,true,פסטה טורטלוני פטריות,,,פסטה טורטלוני פטריות,Each,0.00,Each,false,,19.90,0.0000,true,1,1147
4011291,true,קצפת להקצפה ריץ 425,,,קצפת להקצפה ריץ 425,Each,0.00,Each,false,,10.90,0.0000,true,1,7264
4011352,true,מארז 3 יח קצפת להכנה,,,מארז 3 יח קצפת להכנה,Each,0.00,Each,false,,19.90,0.0000,true,1,26782
4011796,true,קבבונים אל גאוצו 400,,,קבבונים אל גאוצו 400,Each,0.00,Each,false,,22.90,0.0000,true,1,7714
4011802,true,נקניקיות צוריסוס אל,,,נקניקיות צוריסוס אל,Each,0.00,Each,false,,22.90,0.0000,true,1,7715
4030018,true,מיץ לימון סחוט לסלטי,,,מיץ לימון סחוט לסלטי,Each,0.00,Each,false,,9.90,0.0000,true,1,23220
4030100,true,מיץ תפוזים ולנסיה 1ל,,,מיץ תפוזים ולנסיה 1ל,Each,0.00,Each,false,,15.50,0.0000,true,1,32670
4030216,true,מיץ חמוציות 1 ליטר פ,,,מיץ חמוציות 1 ליטר פ,Each,0.00,Each,false,,15.50,0.0000,true,1,23231
4030810,true,משקה שייק בננה פסיפל,,,משקה שייק בננה פסיפל,Each,0.00,Each,false,,16.90,0.0000,true,1,23248
4030834,true,מיץ רימון סחוט 1ליטר,,,מיץ רימון סחוט 1ליטר,Each,0.00,Each,false,,21.90,0.0000,true,1,23232
4063153,true,מלח ים אטלנטי טבעי 1,,,מלח ים אטלנטי טבעי 1,Each,0.00,Each,false,,20.00,0.0000,true,1,7919
4064280,true,מלח הארץ מופחת נתרן,,,מלח הארץ מופחת נתרן,Each,0.00,Each,false,,16.90,0.0000,true,1,28877
4064297,true,מלח ים הארץ מועשר בי,,,מלח ים הארץ מועשר בי,Each,0.00,Each,false,,9.90,0.0000,true,1,28876
4064303,true,מלח הארץ אטלנטי 800,,,מלח הארץ אטלנטי 800,Each,0.00,Each,false,,16.90,0.0000,true,1,28912
4064358,true,מלח ים דק 1 קג בקרט,,,מלח ים דק 1 קג בקרט,Each,0.00,Each,false,,5.00,0.0000,true,1,31452
4064365,true,מלח ים דק מועשר ביוד,,,מלח ים דק מועשר ביוד,Each,0.00,Each,false,,5.90,0.0000,true,1,31451
4068011,true,יוגורט כבשים 5% 600,,,יוגורט כבשים 5% 600,Each,0.00,Each,false,,18.90,0.0000,true,1,9813
4068028,true,יוגורט צזיקי לשתיה 5,,,יוגורט צזיקי לשתיה 5,Each,0.00,Each,false,,10.90,0.0000,true,1,10229
4068035,true,יוגורט איירן 3% 500,,,יוגורט איירן 3% 500,Each,0.00,Each,false,,9.90,0.0000,true,1,10230
4068172,true,יוגורט עיזים 5% בדלי,,,יוגורט עיזים 5% בדלי,Each,0.00,Each,false,,18.90,0.0000,true,1,10316
4078225,true,מי פה פלקס מנטה עדין,,,מי פה פלקס מנטה עדין,Each,0.00,Each,false,,24.90,0.0000,true,1,766
4078270,true,נוזל כלים פלמוליב צי,,,נוזל כלים פלמוליב צי,Each,0.00,Each,false,,13.50,0.0000,true,1,447
4078690,true,נוזל לשרותים אגקס רע,,,נוזל לשרותים אגקס רע,Each,0.00,Each,false,,11.90,0.0000,true,1,1447
4119133,true,יוגורט 6.5% 1.5 ליטר,,,יוגורט 6.5% 1.5 ליטר,Each,0.00,Each,false,,18.90,0.0000,true,1,1773
4119225,true,יופלה 3% אננס 150 גר,,,יופלה 3% אננס 150 גר,Each,0.00,Each,false,,5.50,0.0000,true,1,1752
4119928,true,קרלו וניל 125 גר,,,קרלו וניל 125 גר,Each,0.00,Each,false,,3.30,0.0000,true,1,237
4119973,true,קרלו שוקו 125 גר,,,קרלו שוקו 125 גר,Each,0.00,Each,false,,3.30,0.0000,true,1,239
4120566,true,גבינה בולגרית פיראוס,,,גבינה בולגרית פיראוס,Each,0.00,Each,false,,23.90,0.0000,true,1,1268
4120573,true,גבינה בולגרית פיראוס,,,גבינה בולגרית פיראוס,Each,0.00,Each,false,,23.90,0.0000,true,1,1267
4120634,true,גבינה בולגרית פיראוס,,,גבינה בולגרית פיראוס,Each,0.00,Each,false,,23.90,0.0000,true,1,1269
4121488,true,ד.יופלה אפרסק 150 גם,,,ד.יופלה אפרסק 150 גם,Each,0.00,Each,false,,5.50,0.0000,true,1,2049
4121754,true,יופלה 3% עוגת גבינה&,,,יופלה 3% עוגת גבינה&,Each,0.00,Each,false,,5.50,0.0000,true,1,1850
4121839,true,גבינת פטה כבשים 20%,,,גבינת פטה כבשים 20%,Each,0.00,Each,false,,28.90,0.0000,true,1,2314
4121853,true,פיראוס קוביות בולגרי,,,פיראוס קוביות בולגרי,Each,0.00,Each,false,,21.90,0.0000,true,1,2502
4122676,true,גב.מלוחה חמד לייט 5%,,,גב.מלוחה חמד לייט 5%,Each,0.00,Each,false,,18.90,0.0000,true,1,4869
4122683,true,אצבעות גבינת עמק 172,,,אצבעות גבינת עמק 172,Each,0.00,Each,false,,17.50,0.0000,true,1,5521
4124205,true,מעדן יופלה דיאט תות,,,מעדן יופלה דיאט תות,Each,0.00,Each,false,,5.50,0.0000,true,1,1119
4124847,true,קצפת צמחית 500 מל הש,,,קצפת צמחית 500 מל הש,Each,0.00,Each,false,,17.50,0.0000,true,1,4499
4125462,true,שמנת חמוצה 15% 500 מ,,,שמנת חמוצה 15% 500 מ,Each,0.00,Each,false,,6.00,0.0000,true,1,229
4125721,true,שמנת לבישול 15% השף,,,שמנת לבישול 15% השף,Each,0.00,Each,false,,9.50,0.0000,true,1,230
4126674,true,טל העמק לייט 200 גרם,,,טל העמק לייט 200 גרם,Each,0.00,Each,false,,19.90,0.0000,true,1,2884
4126759,true,ד.יופלה פירות יער 15,,,ד.יופלה פירות יער 15,Each,0.00,Each,false,,5.50,0.0000,true,1,1118
4126872,true,שוקו שוק 250 מל בבק,,,שוקו שוק 250 מל בבק,Each,0.00,Each,false,,6.50,0.0000,true,1,4614
4127077,true,גבינת קוטג 3% 250 גר,,,גבינת קוטג 3% 250 גר,Each,0.00,Each,false,,5.80,0.0000,true,1,2883
4127817,true,גבינה לבנה 9% למריחה,,,גבינה לבנה 9% למריחה,Each,0.00,Each,false,,10.90,0.0000,true,1,1276
4128333,true,לבנה 9% 500 גרם,,,לבנה 9% 500 גרם,Each,0.00,Each,false,,21.90,0.0000,true,1,1878
4128340,true,גבינת שמנת 5% טעם טב,,,גבינת שמנת 5% טעם טב,Each,0.00,Each,false,,12.50,0.0000,true,1,2798
4128432,true,פתיתי גבינה מיוחדים,,,פתיתי גבינה מיוחדים,Each,0.00,Each,false,,24.90,0.0000,true,1,6052
4129101,true,גב.שמנת נפוליאון טבע,,,גב.שמנת נפוליאון טבע,Each,0.00,Each,false,,14.50,0.0000,true,1,757
4129545,true,גבינה למריחה 3% 250,,,גבינה למריחה 3% 250,Each,0.00,Each,false,,5.50,0.0000,true,1,3062
4129736,true,יופלה מעודן 1.5% 200,,,יופלה מעודן 1.5% 200,Each,0.00,Each,false,,4.90,0.0000,true,1,3729
4129767,true,מאגדת יופלה לבן 3% ש,,,מאגדת יופלה לבן 3% ש,Each,0.00,Each,false,,18.50,0.0000,true,1,3730
4130695,true,משקה אייס קפה שוק בב,,,משקה אייס קפה שוק בב,Each,0.00,Each,false,,13.50,0.0000,true,1,6134
4130916,true,יופלה פירות יער בשמנ,,,יופלה פירות יער בשמנ,Each,0.00,Each,false,,5.50,0.0000,true,1,4496
4131227,true,גבינה לבנה 3% למריחה,,,גבינה לבנה 3% למריחה,Each,0.00,Each,false,,10.90,0.0000,true,1,3926
4131531,true,שוק שוקו 30%פחות סוכ,,,שוק שוקו 30%פחות סוכ,Each,0.00,Each,false,,13.50,0.0000,true,1,4169
4131814,true,גבינת פיראוס צפתית מ,,,גבינת פיראוס צפתית מ,Each,0.00,Each,false,,15.90,0.0000,true,1,3990
4132712,true,אצבעות גבינה מוצרלה,,,אצבעות גבינה מוצרלה,Each,0.00,Each,false,,17.90,0.0000,true,1,3908
4133511,true,מאגדת יופלה לבן 1.5%,,,מאגדת יופלה לבן 1.5%,Each,0.00,Each,false,,20.90,0.0000,true,1,3964
4133900,true,קצפת צמחית 250 מל הש,,,קצפת צמחית 250 מל הש,Each,0.00,Each,false,,9.50,0.0000,true,1,4498
4135324,true,גב.בולגרית פיראוס מע,,,גב.בולגרית פיראוס מע,קילוגרמים,1.00,"ק""ג",true,,65.00,65.0000,true,1,4822
4136154,true,משקה אייס קפה שוק 34,,,משקה אייס קפה שוק 34,Each,0.00,Each,false,,7.50,0.0000,true,1,5920
4136598,true,מארז הפסקת אוכל חלב+,,,מארז הפסקת אוכל חלב+,Each,0.00,Each,false,,9.50,0.0000,true,1,5601
4136857,true,מעדן גלי פטל 125 גרם,,,מעדן גלי פטל 125 גרם,Each,0.00,Each,false,,2.90,0.0000,true,1,5575
4137021,true,שמנת לבישול 10% מופח,,,שמנת לבישול 10% מופח,Each,0.00,Each,false,,9.50,0.0000,true,1,6031
4199166,true,כפפות לאטקס איזי טאצ,,,כפפות לאטקס איזי טאצ,Each,0.00,Each,false,,24.90,0.0000,true,1,1001
4199173,true,כפפות לאטקס איזי טאצ,,,כפפות לאטקס איזי טאצ,Each,0.00,Each,false,,24.90,0.0000,true,1,999
4199180,true,כפפות לאטקס איזי טאצ,,,כפפות לאטקס איזי טאצ,Each,0.00,Each,false,,24.90,0.0000,true,1,1000
4199784,true,כפפות לאטקס 100יח אי,,,כפפות לאטקס 100יח אי,Each,0.00,Each,false,,17.90,0.0000,true,1,33533
4199791,true,כפפות לאטקס 100יח אי,,,כפפות לאטקס 100יח אי,Each,0.00,Each,false,,17.90,0.0000,true,1,33532
4199807,true,כפפות לאטקס 100יח אי,,,כפפות לאטקס 100יח אי,Each,0.00,Each,false,,17.90,0.0000,true,1,33531
4200336,true,בלונים מודפסים,,,בלונים מודפסים,Each,0.00,Each,false,,10.90,0.0000,true,1,4723
4200930,true,זיקוק עבה 2 בשקית,,,זיקוק עבה 2 בשקית,Each,0.00,Each,false,,8.90,0.0000,true,1,1047
4219284,true,אנשובי עגול בצנצנת 8,,,אנשובי עגול בצנצנת 8,Each,0.00,Each,false,,10.90,0.0000,true,1,1351
4219819,true,מלבין קפה קומפלטה הו,,,מלבין קפה קומפלטה הו,Each,0.00,Each,false,,11.90,0.0000,true,1,17
4230364,true,בורקס מקלות פילו גבי,,,בורקס מקלות פילו גבי,Each,0.00,Each,false,,16.90,0.0000,true,1,10323
4230722,true,זוג דג דניס טרי שלם,,,זוג דג דניס טרי שלם,Each,0.00,Each,false,,45.00,0.0000,true,1,18502
4230944,true,מקלות בורקס פילו גבי,,,מקלות בורקס פילו גבי,Each,0.00,Each,false,,20.90,0.0000,true,1,10578
4256753,true,עלי סיגר מרוקאי 450ג,,,עלי סיגר מרוקאי 450ג,Each,0.00,Each,false,,13.90,0.0000,true,1,28202
4324858,true,קבב כבש 500 גרם,,,קבב כבש 500 גרם,Each,0.00,Each,false,,15.90,0.0000,true,1,334
4339401,true,המבורגר אורז עדשים 4,,,המבורגר אורז עדשים 4,Each,0.00,Each,false,,25.90,0.0000,true,1,6145
4339432,true,סייטן קפוא טבעי 500,,,סייטן קפוא טבעי 500,Each,0.00,Each,false,,17.90,0.0000,true,1,9150
4339630,true,נקניק טבעי סייטן 350,,,נקניק טבעי סייטן 350,Each,0.00,Each,false,,19.90,0.0000,true,1,9155
4339777,true,סייטן טחון בולונז 35,,,סייטן טחון בולונז 35,Each,0.00,Each,false,,25.90,0.0000,true,1,11535
4339838,true,קבב מהצומח 350 גר טב,,,קבב מהצומח 350 גר טב,Each,0.00,Each,false,,25.90,0.0000,true,1,11536
4339937,true,סייטן טבע דלי אמרנט,,,סייטן טבע דלי אמרנט,Each,0.00,Each,false,,19.90,0.0000,true,1,13660
4339944,true,סיגרים במילוי סייטן,,,סיגרים במילוי סייטן,Each,0.00,Each,false,,28.90,0.0000,true,1,23880
4339975,true,קובה מטוגן סייטן טבע,,,קובה מטוגן סייטן טבע,Each,0.00,Each,false,,28.90,0.0000,true,1,13859
4485191,true,עוף טבעי שלם טרי במג,,,עוף טבעי שלם טרי במג,קילוגרמים,1.00,"ק""ג",true,,25.90,25.9000,true,1,10420
4485207,true,חזה עוף טבעי טרי במג,,,חזה עוף טבעי טרי במג,קילוגרמים,1.00,"ק""ג",true,,39.90,39.9000,true,1,10421
4485221,true,שניצל עוף טבעי טרי ב,,,שניצל עוף טבעי טרי ב,קילוגרמים,1.00,"ק""ג",true,,46.90,46.9000,true,1,10423
4485238,true,סטייק פרגית עוף טבעי,,,סטייק פרגית עוף טבעי,קילוגרמים,1.00,"ק""ג",true,,69.90,69.9000,true,1,10424
4485245,true,כרעיים עוף טבעי טרי,,,כרעיים עוף טבעי טרי,קילוגרמים,1.00,"ק""ג",true,,36.90,36.9000,true,1,10425
4485276,true,כנפיים עוף טבעי טרי,,,כנפיים עוף טבעי טרי,קילוגרמים,1.00,"ק""ג",true,,14.90,14.9000,true,1,10456
4492762,true,נשנושים תירס 325 גרם,,,נשנושים תירס 325 גרם,Each,0.00,Each,false,,12.90,0.0000,true,1,591
4536039,true,כפפות ספונטקס רוזה ז,,,כפפות ספונטקס רוזה ז,Each,0.00,Each,false,,8.50,0.0000,true,1,3078
4536060,true,כפפות דלפין 2 צבעים,,,כפפות דלפין 2 צבעים,Each,0.00,Each,false,,11.90,0.0000,true,1,3517
4554354,true,גלידה פנטסיה שוקו ונ,,,גלידה פנטסיה שוקו ונ,Each,0.00,Each,false,,19.90,0.0000,true,1,458
4554903,true,גלידה פנטסיה שוקו ונ,,,גלידה פנטסיה שוקו ונ,Each,0.00,Each,false,,19.90,0.0000,true,1,457
4584306,true,מארז 4 יח סופר גמדים,,,מארז 4 יח סופר גמדים,Each,0.00,Each,false,,11.90,0.0000,true,1,622
4584528,true,יוגורט דנונה ביו 1.5,,,יוגורט דנונה ביו 1.5,Each,0.00,Each,false,,3.80,0.0000,true,1,967
4658953,true,יין סובניון בלאן פי.,,,יין סובניון בלאן פי.,Each,0.00,Each,false,,45.00,0.0000,true,1,601
4658960,true,יין אמרלד ריזלינג פי,,,יין אמרלד ריזלינג פי,Each,0.00,Each,false,,45.00,0.0000,true,1,1344
4685447,true,מארז לחמניות כוסמין,,,מארז לחמניות כוסמין,Each,0.00,Each,false,,15.90,0.0000,true,1,30176
4725600,true,גבינה סקנדינבית במשק,,,גבינה סקנדינבית במשק,קילוגרמים,1.00,"ק""ג",true,,89.00,89.0000,true,1,17297
4731083,true,אלסבון כיף גינסנג 1,,,אלסבון כיף גינסנג 1,Each,0.00,Each,false,,12.90,0.0000,true,1,4054
4731090,true,אלסבון כיף קמומיל 1,,,אלסבון כיף קמומיל 1,Each,0.00,Each,false,,12.90,0.0000,true,1,4055
4731410,true,סנו סושי סקוטש ענק י,,,סנו סושי סקוטש ענק י,Each,0.00,Each,false,,10.90,0.0000,true,1,4052
4731472,true,מארז 3יח אלסבון כיף,,,מארז 3יח אלסבון כיף,Each,0.00,Each,false,,19.90,0.0000,true,1,4056
4731519,true,סנו מקסימה למייבש 75,,,סנו מקסימה למייבש 75,Each,0.00,Each,false,,18.90,0.0000,true,1,4047
4731564,true,סנו מקסימה למייבש בל,,,סנו מקסימה למייבש בל,Each,0.00,Each,false,,18.90,0.0000,true,1,19463
4731670,true,מ.אוויר סנו דואופרש,,,מ.אוויר סנו דואופרש,Each,0.00,Each,false,,12.90,0.0000,true,1,4045
4737719,true,אספרגוס שלם מקולף 33,,,אספרגוס שלם מקולף 33,Each,0.00,Each,false,,11.90,0.0000,true,1,1354
4905004,true,משקה קוקה קולה בטעם,,,משקה קוקה קולה בטעם,Each,0.00,Each,false,,6.50,0.0000,true,1,23205
4982409,true,גבינת סנט אלברה במשק,,,גבינת סנט אלברה במשק,קילוגרמים,1.00,"ק""ג",true,,179.00,179.0000,true,1,499
5008184,true,פלמוליב סבון נוזלי,,,פלמוליב סבון נוזלי,Each,0.00,Each,false,,16.90,0.0000,true,1,448
5008191,true,פלמוליב סבון נוזלי,,,פלמוליב סבון נוזלי,Each,0.00,Each,false,,16.90,0.0000,true,1,593
5040641,true,ערמונים ארוזים 1 קג,,,ערמונים ארוזים 1 קג,Each,0.00,Each,false,,19.90,0.0000,true,1,17168
5040993,true,ערמונים קלויים קלופי,,,ערמונים קלויים קלופי,Each,0.00,Each,false,,5.90,0.0000,true,1,15126
5079238,true,גבינת בולגרית עיזים,,,גבינת בולגרית עיזים,קילוגרמים,1.00,"ק""ג",true,,100.00,100.0000,true,1,11744
5079344,true,גבינת מוצרלה נעם במש,,,גבינת מוצרלה נעם במש,קילוגרמים,1.00,"ק""ג",true,,75.00,75.0000,true,1,32505
5084737,true,משחה בייבי סקין ללא,,,משחה בייבי סקין ללא,Each,0.00,Each,false,,11.90,0.0000,true,1,9803
5174551,true,חומוס יום יום 125 גר,,,חומוס יום יום 125 גר,Each,0.00,Each,false,,5.50,0.0000,true,1,1054
5174568,true,חצילים יום יום 125 ג,,,חצילים יום יום 125 ג,Each,0.00,Each,false,,5.50,0.0000,true,1,1094
5174575,true,טחינה יום יום 125 גר,,,טחינה יום יום 125 גר,Each,0.00,Each,false,,5.50,0.0000,true,1,948
5175428,true,קמח תירס אינסטנט 500,,,קמח תירס אינסטנט 500,Each,0.00,Each,false,,6.20,0.0000,true,1,197
5197758,true,ביסקויט חיוכים שוקו,,,ביסקויט חיוכים שוקו,Each,0.00,Each,false,,5.50,0.0000,true,1,1067
5199578,true,קפה נמס פלטינום נטול,,,קפה נמס פלטינום נטול,Each,0.00,Each,false,,34.90,0.0000,true,1,444
5199738,true,מסטיק מאסט לריח הפה,,,מסטיק מאסט לריח הפה,Each,0.00,Each,false,,5.00,0.0000,true,1,910
5200908,true,שוק.פרה קראנץ חלב בי,,,שוק.פרה קראנץ חלב בי,Each,0.00,Each,false,,6.50,0.0000,true,1,159
5230035,true,צלחות גדולות חד פעמי,,,צלחות גדולות חד פעמי,Each,0.00,Each,false,,18.90,0.0000,true,1,310
5230066,true,צלחות לפתן חד פעמי 2,,,צלחות לפתן חד פעמי 2,Each,0.00,Each,false,,4.90,0.0000,true,1,14587
5271427,true,ביצה בינוני 12יח מדי,,,ביצה בינוני 12יח מדי,Each,0.00,Each,false,,11.15,0.0000,true,1,17871
5271458,true,ביצים אורגניות לארג,,,ביצים אורגניות לארג,Each,0.00,Each,false,,22.90,0.0000,true,1,17882
5271465,true,ביצים אורגניות מדיום,,,ביצים אורגניות מדיום,Each,0.00,Each,false,,21.90,0.0000,true,1,17883
5271656,true,ביצים אומגה 3 אקס אל,,,ביצים אומגה 3 אקס אל,Each,0.00,Each,false,,34.90,0.0000,true,1,17877
5271687,true,ביצים אומגה 3 לארג 1,,,ביצים אומגה 3 לארג 1,Each,0.00,Each,false,,20.90,0.0000,true,1,17879
5271755,true,ביצי חופש לארג 12 יח,,,ביצי חופש לארג 12 יח,Each,0.00,Each,false,,19.90,0.0000,true,1,17884
5271762,true,ביצי חופש מדיום 12 י,,,ביצי חופש מדיום 12 י,Each,0.00,Each,false,,18.90,0.0000,true,1,17885
5271779,true,ביצה גדול 30 יח לארג,,,ביצה גדול 30 יח לארג,Each,0.00,Each,false,,30.12,0.0000,true,1,17875
5271786,true,ביצה בינוני 30 יח מד,,,ביצה בינוני 30 יח מד,Each,0.00,Each,false,,27.87,0.0000,true,1,17874
5287510,true,טונה סטארקיסט בשמן,,,טונה סטארקיסט בשמן,Each,0.00,Each,false,,7.90,0.0000,true,1,5804
5296246,true,פותח סתימות צנרת יעק,,,פותח סתימות צנרת יעק,Each,0.00,Each,false,,29.90,0.0000,true,1,416
5296871,true,נוזל פוליבוי לניקוי,,,נוזל פוליבוי לניקוי,Each,0.00,Each,false,,15.90,0.0000,true,1,3658
5326585,true,פסטו בזיליקום 180גרם,,,פסטו בזיליקום 180גרם,Each,0.00,Each,false,,12.90,0.0000,true,1,23154
5384837,true,מיץ לימון 500 מל,,,מיץ לימון 500 מל,Each,0.00,Each,false,,7.90,0.0000,true,1,797
5423055,true,סנו פורטה פלוס 1ליטר,,,סנו פורטה פלוס 1ליטר,Each,0.00,Each,false,,18.90,0.0000,true,1,27248
5423253,true,סנו מקסימה למייבש 75,,,סנו מקסימה למייבש 75,Each,0.00,Each,false,,18.90,0.0000,true,1,668
5423420,true,סנו משמיד עש מבושם,,,סנו משמיד עש מבושם,Each,0.00,Each,false,,18.90,0.0000,true,1,727
5423499,true,סנו נירוסטה לניקוי,,,סנו נירוסטה לניקוי,Each,0.00,Each,false,,19.90,0.0000,true,1,705
5423505,true,אורביטול מי פה הלבנה,,,אורביטול מי פה הלבנה,Each,0.00,Each,false,,19.90,0.0000,true,1,1320
5423567,true,מטלית סנו סושי גליל,,,מטלית סנו סושי גליל,Each,0.00,Each,false,,20.90,0.0000,true,1,1750
5423734,true,מרכך כביסה סנומקסימה,,,מרכך כביסה סנומקסימה,Each,0.00,Each,false,,22.90,0.0000,true,1,679
5423833,true,נוזל רצפה פוליויקס פ,,,נוזל רצפה פוליויקס פ,Each,0.00,Each,false,,19.90,0.0000,true,1,409
5424700,true,סנו פורטה פלוס להסרת,,,סנו פורטה פלוס להסרת,Each,0.00,Each,false,,18.90,0.0000,true,1,23457
5424755,true,מטליות לחות דוחה תיק,,,מטליות לחות דוחה תיק,Each,0.00,Each,false,,15.90,0.0000,true,1,23390
5424762,true,ריצפז פלוס ווקס דוחה,,,ריצפז פלוס ווקס דוחה,Each,0.00,Each,false,,28.90,0.0000,true,1,3697
5424809,true,סנו סושי סקוטש ענק א,,,סנו סושי סקוטש ענק א,Each,0.00,Each,false,,10.90,0.0000,true,1,516
5425714,true,סנו שמפו שטיחים פלוס,,,סנו שמפו שטיחים פלוס,Each,0.00,Each,false,,25.90,0.0000,true,1,2530
5426186,true,כרית קרצוף סנו סושי,,,כרית קרצוף סנו סושי,Each,0.00,Each,false,,19.90,0.0000,true,1,3129
5426193,true,ספוג הפלא סנו סושי ש,,,ספוג הפלא סנו סושי ש,Each,0.00,Each,false,,12.90,0.0000,true,1,3048
5426230,true,מטלית הפלא לריצפה סנ,,,מטלית הפלא לריצפה סנ,Each,0.00,Each,false,,12.90,0.0000,true,1,2547
5426391,true,מטהר אוויר סנומוד דו,,,מטהר אוויר סנומוד דו,Each,0.00,Each,false,,12.90,0.0000,true,1,2515
5426735,true,אב.כביסה מקסימה 1.25,,,אב.כביסה מקסימה 1.25,Each,0.00,Each,false,,13.90,0.0000,true,1,3210
5429279,true,אב.כביסה סנו מקסימה,,,אב.כביסה סנו מקסימה,Each,0.00,Each,false,,51.90,0.0000,true,1,3212
5429286,true,אב.כביסה סנו מקסימה,,,אב.כביסה סנו מקסימה,Each,0.00,Each,false,,51.90,0.0000,true,1,3213
5430480,true,מטלית הפלא סנו סושי,,,מטלית הפלא סנו סושי,Each,0.00,Each,false,,7.90,0.0000,true,1,2546
5430602,true,מסיר כתמים סנו אוקסי,,,מסיר כתמים סנו אוקסי,Each,0.00,Each,false,,17.90,0.0000,true,1,686
5431883,true,מלבי עדן קינוחים 165,,,מלבי עדן קינוחים 165,Each,0.00,Each,false,,6.90,0.0000,true,1,31423
5431890,true,בוואריה עדן קינוחים,,,בוואריה עדן קינוחים,Each,0.00,Each,false,,6.90,0.0000,true,1,31421
5431906,true,קדאיף עדן קינוחים 82,,,קדאיף עדן קינוחים 82,Each,0.00,Each,false,,6.90,0.0000,true,1,31426
5431913,true,עוגת גבינה פירורים,,,עוגת גבינה פירורים,Each,0.00,Each,false,,6.90,0.0000,true,1,31425
5431920,true,עוגת גבינה פירורים ל,,,עוגת גבינה פירורים ל,Each,0.00,Each,false,,6.90,0.0000,true,1,31424
5431937,true,טירמיסו עדן קינוחים,,,טירמיסו עדן קינוחים,Each,0.00,Each,false,,6.90,0.0000,true,1,31422
5431968,true,מלבי שמנת עדן קינוחי,,,מלבי שמנת עדן קינוחי,Each,0.00,Each,false,,7.90,0.0000,true,1,33887
5477669,true,סבון נוזלי דרמפון מו,,,סבון נוזלי דרמפון מו,Each,0.00,Each,false,,17.90,0.0000,true,1,1170
5559709,true,בורקס פיצה 700 גרם,,,בורקס פיצה 700 גרם,Each,0.00,Each,false,,27.50,0.0000,true,1,1404
5564253,true,משקה קל ספרינג אגס ס,,,משקה קל ספרינג אגס ס,Each,0.00,Each,false,,8.60,0.0000,true,1,2409
5589492,true,חטיף חיטה תפוחה ודבש,,,חטיף חיטה תפוחה ודבש,Each,0.00,Each,false,,7.00,0.0000,true,1,14235
5591761,true,דבש טהור לחיץ 400 גר,,,דבש טהור לחיץ 400 גר,Each,0.00,Each,false,,24.90,0.0000,true,1,1155
5604652,true,פאנטה ענבים 1.5 ליטר,,,פאנטה ענבים 1.5 ליטר,Each,0.00,Each,false,,9.30,0.0000,true,1,580
5678318,true,ענבים לבנים אוטם קרי,,,ענבים לבנים אוטם קריספ,קילוגרמים,1.00,"ק""ג",true,,29.90,29.9000,true,1,23994
5678417,true,ענבים לבנים ווינטר ק,,,ענבים לבנים ווינטר קינג טלי,קילוגרמים,1.00,"ק""ג",true,,29.90,29.9000,true,1,51459
5678585,true,ענב טלי סקרלוטה אדום,,,ענב סקרלוטה,קילוגרמים,1.00,"ק""ג",true,,25.90,25.9000,true,1,21012
5697128,true,גבינת תום עיזים בורד,,,גבינת תום עיזים בורד,קילוגרמים,1.00,"ק""ג",true,,180.00,180.0000,true,1,11142
5697272,true,גבינת תום עיזים מונפ,,,גבינת תום עיזים מונפ,קילוגרמים,1.00,"ק""ג",true,,199.00,199.0000,true,1,11149
5697289,true,גבינת תום עיזים מורב,,,גבינת תום עיזים מורב,קילוגרמים,1.00,"ק""ג",true,,199.00,199.0000,true,1,11150
5697296,true,גבינת תום עיזים בורד,,,גבינת תום עיזים בורד,קילוגרמים,1.00,"ק""ג",true,,199.00,199.0000,true,1,11151
5697326,true,גבינת פקורינו במשקל,,,גבינת פקורינו במשקל,קילוגרמים,1.00,"ק""ג",true,,199.00,199.0000,true,1,11153
5697333,true,גבינת קממבר עיזים במ,,,גבינת קממבר עיזים במ,קילוגרמים,1.00,"ק""ג",true,,179.90,179.9000,true,1,11154
5697340,true,גבינת ברי עיזים טבעי,,,גבינת ברי עיזים טבעי,קילוגרמים,1.00,"ק""ג",true,,179.90,179.9000,true,1,11155
5697357,true,גבינת ולנסי עיזים פי,,,גבינת ולנסי עיזים פי,קילוגרמים,1.00,"ק""ג",true,,199.90,199.9000,true,1,11156
5697364,true,גבינת פרובנס עיזים ע,,,גבינת פרובנס עיזים ע,קילוגרמים,1.00,"ק""ג",true,,199.90,199.9000,true,1,11157
5697371,true,גבינת קממבר בקר פטרי,,,גבינת קממבר בקר פטרי,קילוגרמים,1.00,"ק""ג",true,,199.00,199.0000,true,1,11158
5697388,true,גבינת קממבר גלילי במ,,,גבינת קממבר גלילי במ,קילוגרמים,1.00,"ק""ג",true,,149.00,149.0000,true,1,13272
5697395,true,גבינת ברי גלילי במשק,,,גבינת ברי גלילי במשק,קילוגרמים,1.00,"ק""ג",true,,149.00,149.0000,true,1,13273
5697517,true,יוגורט עיזים טבעי בי,,,יוגורט עיזים טבעי בי,Each,0.00,Each,false,,15.90,0.0000,true,1,14428
5697524,true,יוגורט עיזים תמרים ב,,,יוגורט עיזים תמרים ב,Each,0.00,Each,false,,15.90,0.0000,true,1,14429
5697531,true,יוגורט עיזים תות ביו,,,יוגורט עיזים תות ביו,Each,0.00,Each,false,,15.90,0.0000,true,1,14430
5697548,true,יוגורט עיזים פירות י,,,יוגורט עיזים פירות י,Each,0.00,Each,false,,15.90,0.0000,true,1,14431
5697555,true,יוגורט עיזים ביו טבע,,,יוגורט עיזים ביו טבע,Each,0.00,Each,false,,19.90,0.0000,true,1,18400
5697562,true,יוגורט עיזים אפרסק ב,,,יוגורט עיזים אפרסק ב,Each,0.00,Each,false,,15.90,0.0000,true,1,14432
5697630,true,יוגורט עיזים תאנים ב,,,יוגורט עיזים תאנים ב,Each,0.00,Each,false,,15.90,0.0000,true,1,16859
5736353,true,גבינת פרמזאנו ריגאנו,,,גבינת פרמזאנו ריגאנו,קילוגרמים,1.00,"ק""ג",true,,159.00,159.0000,true,1,30634
5811128,true,בייגלה מקמח כוסמין ע,,,בייגלה מקמח כוסמין ע,Each,0.00,Each,false,,14.90,0.0000,true,1,29204
5826016,true,גבינת גאודה עיזים מי,,,גבינת גאודה עיזים מי,קילוגרמים,1.00,"ק""ג",true,,119.00,119.0000,true,1,26534
5826054,true,גבינת גאודה כבשים מו,,,גבינת גאודה כבשים מו,קילוגרמים,1.00,"ק""ג",true,,179.00,179.0000,true,1,26538
5826092,true,גבינת גאודה כמהין במ,,,גבינת גאודה כמהין במ,קילוגרמים,1.00,"ק""ג",true,,199.00,199.0000,true,1,26542
5826108,true,גבינת פסטו ירוק במשק,,,גבינת פסטו ירוק במשק,קילוגרמים,1.00,"ק""ג",true,,125.00,125.0000,true,1,26543
5826139,true,גבינת גאודה צילי במש,,,גבינת גאודה צילי במש,קילוגרמים,1.00,"ק""ג",true,,99.00,99.0000,true,1,32135
5826153,true,גבינת מסדאם במשקל,,,גבינת מסדאם במשקל,קילוגרמים,1.00,"ק""ג",true,,69.00,69.0000,true,1,26547
5826245,true,גבינת גאודה עיזים כמ,,,גבינת גאודה עיזים כמ,קילוגרמים,1.00,"ק""ג",true,,199.00,199.0000,true,1,28717
5826504,true,גבינת בושה עיזים במש,,,גבינת בושה עיזים במש,קילוגרמים,1.00,"ק""ג",true,,139.00,139.0000,true,1,32167
5838613,true,גבינת סקי וניל 125 ג,,,גבינת סקי וניל 125 ג,Each,0.00,Each,false,,4.10,0.0000,true,1,518
5839078,true,מארז 8 דנונה ביו טבע,,,מארז 8 דנונה ביו טבע,Each,0.00,Each,false,,18.20,0.0000,true,1,1767
5938238,true,ממרח צימיצורי 220 ג,,,ממרח צימיצורי 220 ג,Each,0.00,Each,false,,18.90,0.0000,true,1,3913
5938245,true,ממרח פסטו קלאסי 220,,,ממרח פסטו קלאסי 220,Each,0.00,Each,false,,18.90,0.0000,true,1,3912
5938603,true,טפנד זיתים שחורים 22,,,טפנד זיתים שחורים 22,Each,0.00,Each,false,,16.90,0.0000,true,1,7239
5938610,true,טפנד זיתים ירוקים 22,,,טפנד זיתים ירוקים 22,Each,0.00,Each,false,,18.90,0.0000,true,1,7240
5966033,true,יין ירדן הר חרמון לב,,,יין ירדן הר חרמון לב,Each,0.00,Each,false,,40.00,0.0000,true,1,1765
5966088,true,יין ירדן הר חרמון אד,,,יין ירדן הר חרמון אד,Each,0.00,Each,false,,40.00,0.0000,true,1,982
5966422,true,יין ירדן שרדונה 750,,,יין ירדן שרדונה 750,Each,0.00,Each,false,,65.00,0.0000,true,1,2294
5981821,true,זוג גלילי קרח לבקבוק,,,זוג גלילי קרח לבקבוק,Each,0.00,Each,false,,22.90,0.0000,true,1,6093
5992018,true,יוגורט עיזים 3% בק.,,,יוגורט עיזים 3% בק.,Each,0.00,Each,false,,13.90,0.0000,true,1,970
5992247,true,גבינת חלומי במשקל,,,גבינת חלומי במשקל,קילוגרמים,1.00,"ק""ג",true,,125.00,125.0000,true,1,9750
5992667,true,גבינה בולגרית 5% במש,,,גבינה בולגרית 5% במש,קילוגרמים,1.00,"ק""ג",true,,69.00,69.0000,true,1,1748
5992735,true,לבנה טבעית גד 5% 25,,,לבנה טבעית גד 5% 25,Each,0.00,Each,false,,13.90,0.0000,true,1,1999
5992858,true,גבינת פטה עיזים במשק,,,גבינת פטה עיזים במשק,קילוגרמים,1.00,"ק""ג",true,,145.00,145.0000,true,1,2396
5992957,true,גבינת פטה עיזים במשק,,,גבינת פטה עיזים במשק,קילוגרמים,1.00,"ק""ג",true,,125.00,125.0000,true,1,2455
5996009,true,נקניק סלמי גלילי מעו,,,נקניק סלמי גלילי מעו,Each,0.00,Each,false,,21.90,0.0000,true,1,28030
5996078,true,נקניק סלמי הונגרי 12,,,נקניק סלמי הונגרי 12,Each,0.00,Each,false,,25.90,0.0000,true,1,32692
5996153,true,נקניקיות צרפתיות 280,,,נקניקיות צרפתיות 280,Each,0.00,Each,false,,22.90,0.0000,true,1,31270
5996160,true,נקניקיות צוריסו 280ג,,,נקניקיות צוריסו 280ג,Each,0.00,Each,false,,22.90,0.0000,true,1,31269
5996221,true,פסטרמה של פעם דק דק,,,פסטרמה של פעם דק דק,Each,0.00,Each,false,,10.90,0.0000,true,1,33632
5996276,true,פסטרמה ברביקיו דק דק,,,פסטרמה ברביקיו דק דק,Each,0.00,Each,false,,10.90,0.0000,true,1,33633
6199027,true,מאגדת גלידל וניל פטל,,,מאגדת גלידל וניל פטל,Each,0.00,Each,false,,29.90,0.0000,true,1,4040
6199218,true,מאגדת שלגון גלידל קפ,,,מאגדת שלגון גלידל קפ,Each,0.00,Each,false,,29.90,0.0000,true,1,4039
6229427,true,מארז 6יח מים סן בנדט,,,מארז 6יח מים סן בנדט,Each,0.00,Each,false,,12.90,0.0000,true,1,3093
6241085,true,מיץ קלמנטינות סחוטרי,,,מיץ קלמנטינות סחוטרי,Each,0.00,Each,false,,27.60,0.0000,true,1,2066
6241535,true,תרכיז קפוא גת פרייז,,,תרכיז קפוא גת פרייז,Each,0.00,Each,false,,13.90,0.0000,true,1,2496
6241689,true,תרכיז קפוא גת פרייז,,,תרכיז קפוא גת פרייז,Each,0.00,Each,false,,13.90,0.0000,true,1,2887
6251343,true,תה גן הקסום פסיפלורה,,,תה גן הקסום פסיפלורה,Each,0.00,Each,false,,19.50,0.0000,true,1,2726
6251374,true,תה ירוק לימונית גינג,,,תה ירוק לימונית גינג,Each,0.00,Each,false,,24.90,0.0000,true,1,3098
6251589,true,תה ירוק נענע 1.5 ג 5,,,תה ירוק נענע 1.5 ג 5,Each,0.00,Each,false,,45.90,0.0000,true,1,2497
6271174,true,גחנון בצק 700 גרם,,,גחנון בצק 700 גרם,Each,0.00,Each,false,,19.90,0.0000,true,1,2647
6271181,true,גחנון אפוי 750 גרם,,,גחנון אפוי 750 גרם,Each,0.00,Each,false,,25.00,0.0000,true,1,2648
6306296,true,פסטה רביולי גבינה לי,,,פסטה רביולי גבינה לי,Each,0.00,Each,false,,25.90,0.0000,true,1,8245
6306302,true,פסטה רביולי גבינה ופ,,,פסטה רביולי גבינה ופ,Each,0.00,Each,false,,25.90,0.0000,true,1,4359
6306319,true,פסטה רביולי בטטה 400,,,פסטה רביולי בטטה 400,Each,0.00,Each,false,,25.90,0.0000,true,1,4360
6306326,true,פסטה רביולי פטריות 4,,,פסטה רביולי פטריות 4,Each,0.00,Each,false,,25.90,0.0000,true,1,4361
6342072,true,גרעין לבן ששון הקולה,,,גרעין לבן ששון הקולה,Each,0.00,Each,false,,7.90,0.0000,true,1,3405
6362209,true,יין דרך ארץ ק.סוביני,,,יין דרך ארץ ק.סוביני,Each,0.00,Each,false,,35.00,0.0000,true,1,2767
6374653,true,דבש לייט 350 גר יד מ,,,דבש לייט 350 גר יד מ,Each,0.00,Each,false,,25.90,0.0000,true,1,2948
6439444,true,אורז בסמטי גולד 1 קג,,,אורז בסמטי גולד 1 קג,Each,0.00,Each,false,,11.90,0.0000,true,1,18977
6439482,true,שעועית לבנה שוקחה 1,,,שעועית לבנה שוקחה 1,Each,0.00,Each,false,,13.90,0.0000,true,1,26202
6439499,true,פופקורן שוקחה 1 קג,,,פופקורן שוקחה 1 קג,Each,0.00,Each,false,,11.90,0.0000,true,1,26195
6439536,true,חומוס שוקחה 1 קג,,,חומוס שוקחה 1 קג,Each,0.00,Each,false,,13.90,0.0000,true,1,26296
6439581,true,תורמוס מתוק שוקחה 1,,,תורמוס מתוק שוקחה 1,Each,0.00,Each,false,,11.90,0.0000,true,1,15119
6439598,true,פריקה שוקחה 800 גרם,,,פריקה שוקחה 800 גרם,Each,0.00,Each,false,,13.90,0.0000,true,1,15121
6439703,true,אפונה ירוקה חצאים שו,,,אפונה ירוקה חצאים שו,Each,0.00,Each,false,,9.90,0.0000,true,1,26205
6439710,true,שעועית אדומה שוקחה 1,,,שעועית אדומה שוקחה 1,Each,0.00,Each,false,,13.90,0.0000,true,1,26297
6439765,true,כוסמת שוקחה 1 קג,,,כוסמת שוקחה 1 קג,Each,0.00,Each,false,,13.90,0.0000,true,1,26207
6492685,true,לבנה 5% עיזים 250 גר,,,לבנה 5% עיזים 250 גר,Each,0.00,Each,false,,18.90,0.0000,true,1,4373
6492852,true,גבינת עיזים 5% לבנה,,,גבינת עיזים 5% לבנה,Each,0.00,Each,false,,18.90,0.0000,true,1,4629
6511683,true,פולי סויה קפוא 454 ג,,,פולי סויה קפוא 454 ג,Each,0.00,Each,false,,10.00,0.0000,true,1,3701
6511904,true,גבינת אדם כדור במשקל,,,גבינת אדם כדור במשקל,קילוגרמים,1.00,"ק""ג",true,,69.00,69.0000,true,1,32143
6567048,true,פתיתי אסם קוסקוס ישר,,,פתיתי אסם קוסקוס ישר,Each,0.00,Each,false,,7.90,0.0000,true,1,3680
6618078,true,אסטוניש מרסס לניקוי,,,אסטוניש מרסס לניקוי,Each,0.00,Each,false,,13.90,0.0000,true,1,3661
6618085,true,אסטוניש מרסס לניקוי,,,אסטוניש מרסס לניקוי,Each,0.00,Each,false,,13.90,0.0000,true,1,3660
6618146,true,הפי נוזל מדליק פחמים,,,הפי נוזל מדליק פחמים,Each,0.00,Each,false,,15.90,0.0000,true,1,3656
6618665,true,מטלית גילדה לרכב הפי,,,מטלית גילדה לרכב הפי,Each,0.00,Each,false,,24.90,0.0000,true,1,12020
6644480,true,משקה תפוזינה תפוזים,,,משקה תפוזינה תפוזים,Each,0.00,Each,false,,7.90,0.0000,true,1,14939
6644510,true,משקה תפוזינה ענבים 5,,,משקה תפוזינה ענבים 5,Each,0.00,Each,false,,7.90,0.0000,true,1,14941
6644527,true,משקה תפוזינה תות בננ,,,משקה תפוזינה תות בננ,Each,0.00,Each,false,,7.90,0.0000,true,1,14943
6651570,true,אלסבון/שמפו קמיל בלו,,,אלסבון/שמפו קמיל בלו,Each,0.00,Each,false,,18.90,0.0000,true,1,5642
6653819,true,קוסקוס אסם אמיתי דק,,,קוסקוס אסם אמיתי דק,Each,0.00,Each,false,,7.90,0.0000,true,1,3509
6660596,true,קמח עדשים אדומות דגש,,,קמח עדשים אדומות דגש,Each,0.00,Each,false,,17.90,0.0000,true,1,26160
6664051,true,משקה אקטימל טבעי 14,,,משקה אקטימל טבעי 14,Each,0.00,Each,false,,33.80,0.0000,true,1,3665
6664310,true,גבינה לבנה סקי 3% 25,,,גבינה לבנה סקי 3% 25,Each,0.00,Each,false,,5.10,0.0000,true,1,2941
6664402,true,גבינת סקי 5% 750 גרם,,,גבינת סקי 5% 750 גרם,Each,0.00,Each,false,,14.94,0.0000,true,1,3070
6664532,true,דנונה פרי 3% תות 150,,,דנונה פרי 3% תות 150,Each,0.00,Each,false,,3.70,0.0000,true,1,3132
6664693,true,דנונה פרי 3% אפרסק 1,,,דנונה פרי 3% אפרסק 1,Each,0.00,Each,false,,3.70,0.0000,true,1,3202
6681003,true,גל.קרמיסימו תות לימו,,,גל.קרמיסימו תות לימו,Each,0.00,Each,false,,22.90,0.0000,true,1,3011
6681553,true,קרמבו וניל 8 יח שטרא,,,קרמבו וניל 8 יח שטרא,Each,0.00,Each,false,,15.90,0.0000,true,1,3540
6681560,true,קרמבו מוקה 8 יח שטרא,,,קרמבו מוקה 8 יח שטרא,Each,0.00,Each,false,,15.90,0.0000,true,1,3541
6712684,true,דאו.ספיד סטיק כחול 2,,,דאו.ספיד סטיק כחול 2,Each,0.00,Each,false,,15.90,0.0000,true,1,3478
6724472,true,טחינה אורגנית 500 גר,,,טחינה אורגנית 500 גר,Each,0.00,Each,false,,17.90,0.0000,true,1,6141
6724496,true,טחינה שומשום אורגנית,,,טחינה שומשום אורגנית,Each,0.00,Each,false,,17.90,0.0000,true,1,6142
6764485,true,מארז 6 בירה נשר מאלט,,,מארז 6 בירה נשר מאלט,Each,0.00,Each,false,,35.90,0.0000,true,1,2986
6784360,true,נוזל חלונות סנט מורי,,,נוזל חלונות סנט מורי,Each,0.00,Each,false,,5.90,0.0000,true,1,29881
6788429,true,קרליין דאו רול און כ,,,קרליין דאו רול און כ,Each,0.00,Each,false,,12.90,0.0000,true,1,2970
6788436,true,קרליין דאו רול און ו,,,קרליין דאו רול און ו,Each,0.00,Each,false,,12.90,0.0000,true,1,2971
6788443,true,קרליין דאו רול און ס,,,קרליין דאו רול און ס,Each,0.00,Each,false,,12.90,0.0000,true,1,2972
6822192,true,משקה חמוציות דיאט או,,,משקה חמוציות דיאט או,Each,0.00,Each,false,,11.90,0.0000,true,1,3108
6822857,true,בירה דיאט מאלטי בק 1,,,בירה דיאט מאלטי בק 1,Each,0.00,Each,false,,8.60,0.0000,true,1,4060
6866363,true,מיץ אשכליות אדומות ס,,,מיץ אשכליות אדומות ס,Each,0.00,Each,false,,15.90,0.0000,true,1,4837
6983152,true,קרוטונים מתובלים אסם,,,קרוטונים מתובלים אסם,Each,0.00,Each,false,,18.90,0.0000,true,1,3787
6983176,true,לחמית שיפון 230 גרם,,,לחמית שיפון 230 גרם,Each,0.00,Each,false,,9.50,0.0000,true,1,3165
6983206,true,פלאפל בקלי קלות 180,,,פלאפל בקלי קלות 180,Each,0.00,Each,false,,10.90,0.0000,true,1,3374
6983770,true,עוגת הבית שיש 400 גר,,,עוגת הבית שיש 400 גר,Each,0.00,Each,false,,12.90,0.0000,true,1,3155
6983787,true,עוגת הבית שוקוציפס 4,,,עוגת הבית שוקוציפס 4,Each,0.00,Each,false,,12.90,0.0000,true,1,3109
6983794,true,עוגת הבית תפוז 400 ג,,,עוגת הבית תפוז 400 ג,Each,0.00,Each,false,,12.90,0.0000,true,1,3110
6992390,true,דייסת מטרנה וניל 200,,,דייסת מטרנה וניל 200,Each,0.00,Each,false,,15.90,0.0000,true,1,4112
8000239,true,שטיפה אינטימית פמינה,,,שטיפה אינטימית פמינה,Each,0.00,Each,false,,26.90,0.0000,true,1,7558
8000246,true,שטיפה אינטימית פמינה,,,שטיפה אינטימית פמינה,Each,0.00,Each,false,,26.90,0.0000,true,1,7557
8000796,true,משחת שיניים סופרמן י,,,משחת שיניים סופרמן י,Each,0.00,Each,false,,12.90,0.0000,true,1,10558
8000826,true,מש.שיניים ברבי לילדי,,,מש.שיניים ברבי לילדי,Each,0.00,Each,false,,12.90,0.0000,true,1,4156
8023542,true,נוזל רצפה סיף יסמין,,,נוזל רצפה סיף יסמין,Each,0.00,Each,false,,19.90,0.0000,true,1,2217
8104050,true,שטיפה אינטימית פמינה,,,שטיפה אינטימית פמינה,Each,0.00,Each,false,,23.90,0.0000,true,1,7556
8175210,true,גבינת פרמזן מגורדת 9,,,גבינת פרמזן מגורדת 9,Each,0.00,Each,false,,16.90,0.0000,true,1,3112
8268455,true,קיווי בראשית ארוז בק,,,קיווי ארוז בקופסא,Unknown,0.00,Unknown,false,1,11.90,0.0000,true,1,33578
8330107,true,מרכך בדין 4 ליטר סגו,,,מרכך בדין 4 ליטר סגו,Each,0.00,Each,false,,22.90,0.0000,true,1,1384
8335553,true,קובה בשר 600 גרם שלו,,,קובה בשר 600 גרם שלו,Each,0.00,Each,false,,12.90,0.0000,true,1,2267
8335560,true,סיגרים בשר 600 גרם ש,,,סיגרים בשר 600 גרם ש,Each,0.00,Each,false,,12.90,0.0000,true,1,2265
8335577,true,פסטלים תפוא 600 גרם,,,פסטלים תפוא 600 גרם,Each,0.00,Each,false,,12.90,0.0000,true,1,2263
8336925,true,פחם 2 קג טיבון ויל,,,פחם 2 קג טיבון ויל,Each,0.00,Each,false,,17.90,0.0000,true,1,2430
8343466,true,בצק פילו 500 גרם,,,בצק פילו 500 גרם,Each,0.00,Each,false,,20.90,0.0000,true,1,3877
8343510,true,מיני גחנון אפוי 650,,,מיני גחנון אפוי 650,Each,0.00,Each,false,,20.90,0.0000,true,1,3237
8344272,true,המבורגר אמיתי 400 גר,,,המבורגר אמיתי 400 גר,Each,0.00,Each,false,,15.90,0.0000,true,1,2684
8345132,true,פילה הרינג כבוש 240,,,פילה הרינג כבוש 240,Each,0.00,Each,false,,25.90,0.0000,true,1,2712
8345576,true,איקרה ביתית לבנה 300,,,איקרה ביתית לבנה 300,Each,0.00,Each,false,,21.90,0.0000,true,1,3153
8345583,true,איקרה ביתית ורודה 30,,,איקרה ביתית ורודה 30,Each,0.00,Each,false,,21.90,0.0000,true,1,3154
8403627,true,גבינת בימסטר אידג במ,,,גבינת בימסטר אידג במ,קילוגרמים,1.00,"ק""ג",true,,169.00,169.0000,true,1,33261
8403641,true,גבינת בימסטר רויאל ב,,,גבינת בימסטר רויאל ב,קילוגרמים,1.00,"ק""ג",true,,189.00,189.0000,true,1,33262
8403672,true,גבינת קומטה שמיניות,,,גבינת קומטה שמיניות,קילוגרמים,1.00,"ק""ג",true,,189.00,189.0000,true,1,24394
8403733,true,גבינת פיקורינו רומנו,,,גבינת פיקורינו רומנו,קילוגרמים,1.00,"ק""ג",true,,189.00,189.0000,true,1,28280
8403771,true,גבינת פלור דה אלפס ב,,,גבינת פלור דה אלפס ב,קילוגרמים,1.00,"ק""ג",true,,219.00,219.0000,true,1,28277
8403788,true,גבינת פורמזה דה פינו,,,גבינת פורמזה דה פינו,קילוגרמים,1.00,"ק""ג",true,,149.00,149.0000,true,1,28279
8403917,true,גבינת גאודה פסטו ירו,הנרי בליך,NL,גבינת גאודה פסטו ירוק במשקל,קילוגרמים,1.00,"ק""ג",true,,149.00,149.0000,false,1,31800
8403924,true,גבינת גאודה פסטו אדו,הנרי בליך,NL,גבינת גאודה פסטו אדום במשקל,קילוגרמים,1.00,"ק""ג",true,,149.00,149.0000,false,1,31799
8403931,true,גבינת גאודה כמון במש,הנרי בליך,NL,גבינת גאודה כמון במשקל,קילוגרמים,1.00,"ק""ג",true,,149.00,149.0000,false,1,31802
8409049,true,שניצלונים מיני מיני,,,שניצלונים מיני מיני,Each,0.00,Each,false,,29.90,0.0000,true,1,9814
8409100,true,אצבעות שניצל בציפוי,,,אצבעות שניצל בציפוי,Each,0.00,Each,false,,36.90,0.0000,true,1,4107
8409124,true,שניצל עוף גונגל 700,,,שניצל עוף גונגל 700,Each,0.00,Each,false,,36.90,0.0000,true,1,4128
8409216,true,שניצל דק דק פריך 700,,,שניצל דק דק פריך 700,Each,0.00,Each,false,,45.00,0.0000,true,1,6782
8409315,true,שניצלונים מיני מיני,,,שניצלונים מיני מיני,Each,0.00,Each,false,,29.90,0.0000,true,1,3111
8409605,true,כוכבי עוף מעודן 700,,,כוכבי עוף מעודן 700,Each,0.00,Each,false,,36.90,0.0000,true,1,2235
8415071,true,סלט חומוס עם טחינה צ,,,סלט חומוס עם טחינה צ,Each,0.00,Each,false,,5.40,0.0000,true,1,2305
8415514,true,סלט חומוס עם חריף צב,,,סלט חומוס עם חריף צב,Each,0.00,Each,false,,5.40,0.0000,true,1,2500
8443616,true,נקה 7 מרכך 750 מל יב,,,נקה 7 מרכך 750 מל יב,Each,0.00,Each,false,,12.90,0.0000,true,1,2989
8464024,true,בירה גולדסטאר לא מסו,,,בירה גולדסטאר לא מסו,Each,0.00,Each,false,,10.00,0.0000,true,1,11734
8464130,true,מארז 6יח גולדסטאר לא,,,מארז 6יח גולדסטאר לא,Each,0.00,Each,false,,32.90,0.0000,true,1,10308
8464222,true,בירה מכבי 7.9% פחית,,,בירה מכבי 7.9% פחית,Each,0.00,Each,false,,8.90,0.0000,true,1,13723
8464475,true,בירה מכבי פחית 500 מ,,,בירה מכבי פחית 500 מ,Each,0.00,Each,false,,8.90,0.0000,true,1,809
8464505,true,סן בנדטו 500 מל פקדו,,,סן בנדטו 500 מל פקדו,Each,0.00,Each,false,,5.00,0.0000,true,1,3094
8464628,true,ביטר למון 275 מל פקד,,,ביטר למון 275 מל פקד,Each,0.00,Each,false,,5.30,0.0000,true,1,23471
8464673,true,בירה גולדסטאר סלו בר,,,בירה גולדסטאר סלו בר,Each,0.00,Each,false,,10.00,0.0000,true,1,26354
8464703,true,מארז 6יח בירה מכבי ב,,,מארז 6יח בירה מכבי ב,Each,0.00,Each,false,,34.90,0.0000,true,1,808
8464734,true,מארז 6יח גולדסטאר סל,,,מארז 6יח גולדסטאר סל,Each,0.00,Each,false,,36.90,0.0000,true,1,908
8498203,true,גבינת מונטשגו 12 חוד,,,גבינת מונטשגו 12 חוד,קילוגרמים,1.00,"ק""ג",true,,180.00,180.0000,true,1,34412
8498210,true,גבינת כבשים פטריות כ,,,גבינת כבשים פטריות כ,קילוגרמים,1.00,"ק""ג",true,,250.00,250.0000,true,1,34376
8498234,true,גבינת עיזים ביין במש,,,גבינת עיזים ביין במש,קילוגרמים,1.00,"ק""ג",true,,169.00,169.0000,true,1,34415
8498531,true,גבינת גאודה עיזים כמ,,,גבינת גאודה עיזים כמ,קילוגרמים,1.00,"ק""ג",true,,249.00,249.0000,true,1,34381
8498661,true,גבינה אפנזלר שחור במ,,,גבינה אפנזלר שחור במ,קילוגרמים,1.00,"ק""ג",true,,249.00,249.0000,true,1,34410
8498678,true,גבינת אפנזלר סופיריי,,,גבינת אפנזלר סופיריי,קילוגרמים,1.00,"ק""ג",true,,279.00,279.0000,true,1,34387
8498685,true,גבינת גרוייר שוויצרי,,,גבינת גרוייר שוויצרי,קילוגרמים,1.00,"ק""ג",true,,249.00,249.0000,true,1,34384
8498692,true,גבינת גרוייר רזרב במ,,,גבינת גרוייר רזרב במ,קילוגרמים,1.00,"ק""ג",true,,229.00,229.0000,true,1,34383
8498708,true,גבינת גרוייר במשקל,,,גבינת גרוייר במשקל,קילוגרמים,1.00,"ק""ג",true,,199.00,199.0000,true,1,34399
8498807,true,גבינת גאודה בקר הולנ,,,גבינת גאודה בקר הולנ,קילוגרמים,1.00,"ק""ג",true,,69.00,69.0000,true,1,34395
8498821,true,גבינת גאודה עיזים הו,,,גבינת גאודה עיזים הו,קילוגרמים,1.00,"ק""ג",true,,119.00,119.0000,true,1,34394
8498845,true,גבינת גאודה עיזים במ,,,גבינת גאודה עיזים במ,קילוגרמים,1.00,"ק""ג",true,,169.00,169.0000,true,1,34413
8498913,true,גבינת לנדנה רוסו עיז,,,גבינת לנדנה רוסו עיז,קילוגרמים,1.00,"ק""ג",true,,189.00,189.0000,true,1,34404
8498937,true,גבינת לנדנה במשקל,,,גבינת לנדנה במשקל,קילוגרמים,1.00,"ק""ג",true,,209.00,209.0000,true,1,34420
8498944,true,גבינת גאודה קרמלה במ,,,גבינת גאודה קרמלה במ,קילוגרמים,1.00,"ק""ג",true,,169.00,169.0000,true,1,34390
8498951,true,גבינת גאודה מייפל וו,,,גבינת גאודה מייפל וו,קילוגרמים,1.00,"ק""ג",true,,169.00,169.0000,true,1,34389
8535212,true,ציפס טוגן זיגזג תפוג,,,ציפס טוגן זיגזג תפוג,Each,0.00,Each,false,,11.90,0.0000,true,1,2358
8609531,true,נייר אפיה 50 יח,,,נייר אפיה 50 יח,Each,0.00,Each,false,,8.90,0.0000,true,1,13385
8634243,true,ממרקות ברזל יוניסאן,,,ממרקות ברזל יוניסאן,Each,0.00,Each,false,,3.90,0.0000,true,1,20962
8634700,true,כפפות לאטקס 100יח אי,,,כפפות לאטקס 100יח אי,Each,0.00,Each,false,,17.90,0.0000,true,1,33534
8670142,true,יין רקאנטי יסמין אדו,,,יין רקאנטי יסמין אדו,Each,0.00,Each,false,,45.00,0.0000,true,1,3072
8670159,true,יין רקאנטי יסמין לבן,,,יין רקאנטי יסמין לבן,Each,0.00,Each,false,,45.00,0.0000,true,1,3073
8670388,true,יין רקנאטי 2007 רוזה,,,יין רקנאטי 2007 רוזה,Each,0.00,Each,false,,70.00,0.0000,true,1,5007
8670678,true,יין רקנאטי רזרב מרלו,,,יין רקנאטי רזרב מרלו,Each,0.00,Each,false,,85.00,0.0000,true,1,10049
8670852,true,יין רקנאטי יונתן אדו,,,יין רקנאטי יונתן אדו,Each,0.00,Each,false,,45.00,0.0000,true,1,18183
8670869,true,יין רקנאטי יונתן לבן,,,יין רקנאטי יונתן לבן,Each,0.00,Each,false,,45.00,0.0000,true,1,18180
8670913,true,יין רקאנטי קברנה סוב,,,יין רקאנטי קברנה סוב,Each,0.00,Each,false,,60.00,0.0000,true,1,21053
8670920,true,יין רקאנטי מרלו 2017,,,יין רקאנטי מרלו 2017,Each,0.00,Each,false,,60.00,0.0000,true,1,21543
8679411,true,כפפות הנדי לבית-קטן,,,כפפות הנדי לבית-קטן,Each,0.00,Each,false,,6.90,0.0000,true,1,2124
8679435,true,כפפות הנדי לבית גדול,,,כפפות הנדי לבית גדול,Each,0.00,Each,false,,6.90,0.0000,true,1,2126
8679442,true,כפפות הנדי רגישות במ,,,כפפות הנדי רגישות במ,Each,0.00,Each,false,,8.50,0.0000,true,1,2121
8679459,true,כפפות הנדי רגישות במ,,,כפפות הנדי רגישות במ,Each,0.00,Each,false,,8.50,0.0000,true,1,2122
8679466,true,כפפות הנדי רגישות במ,,,כפפות הנדי רגישות במ,Each,0.00,Each,false,,8.50,0.0000,true,1,2123
8690713,true,משקה חמוציות אושן ספ,,,משקה חמוציות אושן ספ,Each,0.00,Each,false,,12.70,0.0000,true,1,2694
8745239,true,תפוציפס טבעי 50 גרם,,,תפוציפס טבעי 50 גרם,Each,0.00,Each,false,,4.30,0.0000,true,1,1879
8747431,true,שוקולד פרה במילוי תו,,,שוקולד פרה במילוי תו,Each,0.00,Each,false,,5.00,0.0000,true,1,1841
8747547,true,חטיף תפוציפס אקסטרא,,,חטיף תפוציפס אקסטרא,Each,0.00,Each,false,,11.00,0.0000,true,1,1880
8750264,true,מסטיק מאסט דובדבן 28,,,מסטיק מאסט דובדבן 28,Each,0.00,Each,false,,5.00,0.0000,true,1,2205
8752244,true,תפוציפס אקסטרא גריל,,,תפוציפס אקסטרא גריל,Each,0.00,Each,false,,4.30,0.0000,true,1,2730
8753876,true,וופל גבינה פירורים 3,,,וופל גבינה פירורים 3,Each,0.00,Each,false,,16.00,0.0000,true,1,3176
8754422,true,מסטיק מאסט מנטה קלאס,,,מסטיק מאסט מנטה קלאס,Each,0.00,Each,false,,5.00,0.0000,true,1,4586
8757010,true,משקה שוופס ביטר 250,,,משקה שוופס ביטר 250,Each,0.00,Each,false,,5.90,0.0000,true,1,4288
8757027,true,משקה שוופס מי טוניק,,,משקה שוופס מי טוניק,Each,0.00,Each,false,,5.90,0.0000,true,1,4289
8757034,true,שוופס סודה 250 מל פי,,,שוופס סודה 250 מל פי,Each,0.00,Each,false,,3.90,0.0000,true,1,3793
8775816,true,ערגליות שוקו 300 גרם,,,ערגליות שוקו 300 גרם,Each,0.00,Each,false,,10.90,0.0000,true,1,1908
8801010,true,יין קברנה/מרלו פי.סי,,,יין קברנה/מרלו פי.סי,Each,0.00,Each,false,,45.00,0.0000,true,1,337
8801119,true,יין סלקטד סובניון בל,,,יין סלקטד סובניון בל,Each,0.00,Each,false,,35.00,0.0000,true,1,602
8801157,true,יין סלקטד מרלו 750 מ,,,יין סלקטד מרלו 750 מ,Each,0.00,Each,false,,35.00,0.0000,true,1,684
8801522,true,יין קונקורד קינג דוי,,,יין קונקורד קינג דוי,Each,0.00,Each,false,,25.00,0.0000,true,1,374
8801546,true,יין מוסקט מתוק ק.דיו,,,יין מוסקט מתוק ק.דיו,Each,0.00,Each,false,,25.00,0.0000,true,1,935
8801843,true,יין סלקטד קברנה סובנ,,,יין סלקטד קברנה סובנ,Each,0.00,Each,false,,35.00,0.0000,true,1,1732
8801850,true,יין סלקטד אמרלד ריזל,,,יין סלקטד אמרלד ריזל,Each,0.00,Each,false,,35.00,0.0000,true,1,1345
8802291,true,יין מרלו פי.סי 750 מ,,,יין מרלו פי.סי 750 מ,Each,0.00,Each,false,,45.00,0.0000,true,1,1735
8804332,true,יין שיראז פי.סי 750,,,יין שיראז פי.סי 750,Each,0.00,Each,false,,45.00,0.0000,true,1,4666
8805049,true,יין סלקטד רוזה 750 מ,,,יין סלקטד רוזה 750 מ,Each,0.00,Each,false,,35.00,0.0000,true,1,2908
8805384,true,יין מוסקטו סלקטד 750,,,יין מוסקטו סלקטד 750,Each,0.00,Each,false,,35.00,0.0000,true,1,3669
8805520,true,יין סלקטד קברנה/מרלו,,,יין סלקטד קברנה/מרלו,Each,0.00,Each,false,,35.00,0.0000,true,1,4404
8815710,true,מלחיה ניקל מרובעת,,,מלחיה ניקל מרובעת,Each,0.00,Each,false,,4.90,0.0000,true,1,6118
8846332,true,שמן זית חלוצה 3 ל,,,שמן זית חלוצה 3 ל,Each,0.00,Each,false,,145.00,0.0000,true,1,10163
8849661,true,ממרח עגבניות מיובשות,,,ממרח עגבניות מיובשות,Each,0.00,Each,false,,12.90,0.0000,true,1,23152
8849838,true,טפנד זיתים 180גרם או,,,טפנד זיתים 180גרם או,Each,0.00,Each,false,,12.90,0.0000,true,1,23151
8849845,true,אריסה פיקנטית 180גרם,,,אריסה פיקנטית 180גרם,Each,0.00,Each,false,,12.90,0.0000,true,1,23153
8921596,true,יין מרלו קינוח 500 מ,,,יין מרלו קינוח 500 מ,Each,0.00,Each,false,,110.00,0.0000,true,1,21184
8940153,true,גבינת פילדלפיה במשקל,,,גבינת פילדלפיה במשקל קרם ציז,קילוגרמים,1.00,"ק""ג",true,,60.00,60.0000,true,1,47313
32147230,true,מיץ לימון סיציליה200,,,מיץ לימון סיציליה200,Each,0.00,Each,false,,7.50,0.0000,true,1,6228
40099132,true,מסטיק הובה בובה צאנק,,,מסטיק הובה בובה צאנק,Each,0.00,Each,false,,3.00,0.0000,true,1,34127
40173351,false,"בירה מייסלס חיטה אורגינל 500 מ""ל",מייסלס Maisel's,DE,בירה מייזל חיטה אורגינל 500מל בק. פקדון,מיליליטרים,500.00,"100 מ""ל",false,20,11.90,2.3800,true,1,35159
42061939,true,בירה בקס 500מל בקבוק,,,בירה בקס 500מל בקבוק,Each,0.00,Each,false,,10.00,0.0000,true,1,20984
42123866,true,מסטיק הובה בובה טעם,,,מסטיק הובה בובה טעם,Each,0.00,Each,false,,3.00,0.0000,true,1,34120
42134978,false,סרגל מרציפן סנטה ארסמי כאסטן 100 גר,Erasmi & Carstens Gm,DE,מרציפן סנטה בסרגל 100 גרם,גרמים,100.00,100 גרם,false,1,11.90,11.9000,true,1,24441
42182115,true,מסטיק פייב ספירמינט,,,מסטיק פייב ספירמינט,Each,0.00,Each,false,,6.90,0.0000,true,1,34122
42188889,true,מסטיק סטיקס פייב אבט,,,מסטיק סטיקס פייב אבט,Each,0.00,Each,false,,6.90,0.0000,true,1,34124
42288923,false,ניוואה דאו רול און פרש פלאוור לאשה,beiersdorf,DE,דאודורנט ניוואה פרש פלאוור רול און 50מל,Unknown,0.00,Unknown,false,1,15.90,0.0000,true,1,22937
50204830,false,אוטן פלוס תרסיס דוחה יתושים וחרקים,אוטן Autan,IL,אוטן אקטיב תרסיס ללא גז נגד יתושים 100 מ,מיליליטרים,10000.00,"100 מ""ל",false,1,19.90,0.1990,true,1,3991
54051140,true,מעדן סויה אלפרו וניל,,,מעדן סויה אלפרו וניל,Each,0.00,Each,false,,17.90,0.0000,true,1,5483
54051157,true,מעדו סויה אלפרו שוקו,,,מעדו סויה אלפרו שוקו,Each,0.00,Each,false,,17.90,0.0000,true,1,5482
59013662,false,דאב דאו רולאון קקאו והיביסקוס 50 מל,"יוניליוור אנגליה, דרך קו",GB,דאודורנט דאב רול און קקאו 50מל,Unknown,0.00,Unknown,false,1,16.90,0.0000,true,1,36026
59085645,false,דאב דאודורנט רול און בניחוח אסאי 50 מל,"יוניליוור אנגליה, דרך קו",GB,דאודורנט דאב רולאון אסאי 50מל,Unknown,0.00,Unknown,false,1,16.90,0.0000,true,1,40301
72909799,true,חטיף קליק מלוי נוגט,,,חטיף קליק מלוי נוגט,Each,0.00,Each,false,,5.00,0.0000,true,1,2871
72917329,true,חטיף אגוזי 45 גר,,,חטיף אגוזי 45 גר,Each,0.00,Each,false,,5.00,0.0000,true,1,1618
72917367,true,חטיף טעמי 40 גר,,,חטיף טעמי 40 גר,Each,0.00,Each,false,,5.00,0.0000,true,1,1619
72940754,true,מעדן מילקי וניל 135,,,מעדן מילקי וניל 135,Each,0.00,Each,false,,2.90,0.0000,true,1,1623
72940952,true,מילקי פי 2 קצפת 111,,,מילקי פי 2 קצפת 111,Each,0.00,Each,false,,4.00,0.0000,true,1,2429
72940976,true,סלט כרוב אדום 250 גר,,,סלט כרוב אדום 250 גר,Each,0.00,Each,false,,8.90,0.0000,true,1,2063
72940983,true,סלט חומוס 250 גר אחל,,,סלט חומוס 250 גר אחל,Each,0.00,Each,false,,8.90,0.0000,true,1,2068
72941041,true,מילקי מיני שוקולד 71,,,מילקי מיני שוקולד 71,Each,0.00,Each,false,,2.00,0.0000,true,1,1946
72945308,true,שמרים קוביות 50 גרם,,,שמרים קוביות 50 גרם,Each,0.00,Each,false,,4.20,0.0000,true,1,1625
72961506,true,פרילי תות 125 גר,,,פרילי תות 125 גר,Each,0.00,Each,false,,3.90,0.0000,true,1,1627
72961544,true,באדי תות125 גר,,,באדי תות125 גר,Each,0.00,Each,false,,3.50,0.0000,true,1,1630
72964422,true,יוגורט 4.5% 200 מל,,,יוגורט 4.5% 200 מל,Each,0.00,Each,false,,2.90,0.0000,true,1,1635
72983225,true,מעדן מילקי הפוך 123,,,מעדן מילקי הפוך 123,Each,0.00,Each,false,,4.00,0.0000,true,1,3684
72986370,true,גל.וניל בן אנד גריס,,,גל.וניל בן אנד גריס,Each,0.00,Each,false,,19.90,0.0000,true,1,3026
72986424,true,גל.קרם עוגיות בן אנד,,,גל.קרם עוגיות בן אנד,Each,0.00,Each,false,,19.90,0.0000,true,1,3027
72986448,true,גל.טופי קראנץ בן אנד,,,גל.טופי קראנץ בן אנד,Each,0.00,Each,false,,19.90,0.0000,true,1,3028
72986455,true,גל.ניו יורק סופר בן,,,גל.ניו יורק סופר בן,Each,0.00,Each,false,,19.90,0.0000,true,1,3029
72986479,true,גל.צאנקי בן אנד גריס,,,גל.צאנקי בן אנד גריס,Each,0.00,Each,false,,19.90,0.0000,true,1,3030
72989425,true,גל.שוקולד בראוניס בן,,,גל.שוקולד בראוניס בן,Each,0.00,Each,false,,19.90,0.0000,true,1,3749
72991886,true,גל.דולצה דה לצה בן א,,,גל.דולצה דה לצה בן א,Each,0.00,Each,false,,19.90,0.0000,true,1,3031
72993637,true,מעדן דני שוקולד 125,,,מעדן דני שוקולד 125,Each,0.00,Each,false,,2.70,0.0000,true,1,6022
72994061,true,חטיף פסק זמן טו גווד,,,חטיף פסק זמן טו גווד,Each,0.00,Each,false,,6.10,0.0000,true,1,7997
72994221,false,פסק זמן גלילית אגוזים מגדים,שטראוס גרופ,,חטיף פסק זמן גלילית אגוזים 40 גר,Unknown,0.00,Unknown,false,1,6.00,0.0000,true,1,19066
76106071,true,מיץ ליים סיציליה 200,,,מיץ ליים סיציליה 200,Each,0.00,Each,false,,7.50,0.0000,true,1,31181
80050278,true,חטיף רושה שלישיה,,,חטיף רושה שלישיה,Each,0.00,Each,false,,6.10,0.0000,true,1,1663
80052487,true,חטיף רפאלו שלישיה,,,חטיף רפאלו שלישיה,Each,0.00,Each,false,,5.00,0.0000,true,1,1665
80052760,false,קינדר בואנו Kinder Bueno עם חלב ואגוזי לוז,פררו - אלבה,PL,חטיף קינדר בואנו יחידה,Unknown,0.00,Unknown,false,1,4.00,0.0000,true,1,1666
80094746,false,זוג פנקוטה שוקולד אי,,IT,מארז 2יח פודינג עם שוקולד איטלקי 100גר,גרמים,200.00,100 גרם,false,1,6.90,3.4500,true,1,46784
80094753,false,זוג פודינג וניל איטל,,IT,מארז 2יח פודינג וניל איטלקי 100גר,גרמים,200.00,100 גרם,false,1,6.90,3.4500,true,1,41144
80094883,false,פנקוטה עם קרמל איטלקי 2*100 גרם,,IT,מארז 2יח פנקוטה קרמל איטלקי 90גר,גרמים,180.00,100 גרם,false,1,6.90,3.8333,true,1,41141
80094890,false,זוג פנקוטה שוקולד אי,,IT,מארז 2יח פנקוטה עם שוקולד איטלקי 90גר,גרמים,180.00,100 גרם,false,1,6.90,3.8333,true,1,46783
80136194,true,חטיף הפי היפו קרם אג,,,חטיף הפי היפו קרם אג,Each,0.00,Each,false,,12.90,0.0000,true,1,20722
80176732,true,חטיף הפי היפו יחידה,,,חטיף הפי היפו יחידה,Each,0.00,Each,false,,3.90,0.0000,true,1,6024
80176800,true,ממרח נוטלה 750 גרם,,,ממרח נוטלה 750 גרם,Each,0.00,Each,false,,25.90,0.0000,true,1,1668
80177616,true,שוקולד קינדר אצבעות,,,שוקולד קינדר אצבעות,Each,0.00,Each,false,,7.50,0.0000,true,1,1671
80227816,true,בצלצלי פנינה פונטי 3,,,בצלצלי פנינה פונטי 3,Each,0.00,Each,false,,17.90,0.0000,true,1,7222
80227823,true,אנטיפסטי בצלים בחומץ,,,אנטיפסטי בצלים בחומץ,Each,0.00,Each,false,,17.90,0.0000,true,1,6607
80273561,false,פלפל שחור במטחנה 45 גר ארומה דה טוסקנה,דרוגיה ואלימנטרי אס.אר.א,IT,תבלין פלפל שחור 45 ג מטחנה טוסקנה,Unknown,0.00,Unknown,false,1,13.90,0.0000,true,1,1672
80273592,false,פלפל ארבע עונות 30 גר ארומה דה טוסקנה,דרוגיה ואלימנטרי אס.אר.א,IT,תבלין פלפל 4 עונות 45 ג במטחנה טוסקנה,Unknown,0.00,Unknown,false,1,13.90,0.0000,true,1,1673
80273639,false,מלח ים במטחנה 90 גר ארומה דה טוסקנה,דרוגיה ואלימנטרי אס.אר.א,IT,תבלין מלח ים 90 ג במטחנה טוסקנה,Unknown,0.00,Unknown,false,1,13.90,0.0000,true,1,1674
80273660,false,שום במטחנה 50 גר ארומה דה טוסקנה,דרוגיה ואלימנטרי אס.אר.א,IT,תבלון שום 30 ג במטחנה טוסקנה,Unknown,0.00,Unknown,false,1,13.90,0.0000,true,1,1675
80273677,false,צילי במטחנה 20 גר ארומה דה טוסקנה,דרוגיה ואלימנטרי אס.אר.א,IT,תסבלין צילי 20 ג במטחנה טוסקנה,Unknown,0.00,Unknown,false,1,13.90,0.0000,true,1,1676
80273684,false,תערובת עשבי פרובנס במטחנה 20 גר ארומה דה,דרוגריה ואלימנטרי אס,IT,תערובת עשבי פרובנס במטחנה טוסקנה,Unknown,0.00,Unknown,false,1,13.90,0.0000,true,1,1677
80310549,true,חטיף הפי היפו אגוזי,,,חטיף הפי היפו אגוזי,Each,0.00,Each,false,,3.90,0.0000,true,1,26747
80650874,false,שום ופטרוזיליה טוסקנ,דרוגריה ואלימנטרי אס,,תיבולגורמה שום ופטרוזיליה 80 ג מטחנה טוס,Unknown,0.00,Unknown,false,1,13.90,0.0000,true,1,1683
80651000,false,שום צילי במטחנה 30 גרם ארומה דה טוסקנה,דרוגיה ואלימנטרי אס.אר.א,IT,תבלין שום וצילי 30 ג במטחנה טוסקנה,Unknown,0.00,Unknown,false,1,13.90,0.0000,true,1,1685
80651017,false,תערובת עשבי טוסקנה במטחנה 15 ארומה דה טו,דרוגריה ואלימנטרי אס,IT,תערובת עשבי טוסקנה 16 ג במטחנה טוסקנה,Unknown,0.00,Unknown,false,1,13.90,0.0000,true,1,1686
80718499,true,מלפפונים פונטי חמוץ,,,מלפפונים פונטי חמוץ,Each,0.00,Each,false,,19.90,0.0000,true,1,7221
80724353,false,ארטישוק פונטי מתובל,מודנצטי ויה פראדה,IT,ארטישוק מתובל פונטי 280 גר,גרמים,280.00,100 גרם,false,1,19.90,7.1071,true,1,6608
80761761,false,קינדר בואנו לבן בודד 39 גרם,ליימן שליסל,PL,חטיף קינדר בואנו לבן יחידה,Unknown,0.00,Unknown,false,1,4.00,0.0000,true,1,8195
80768838,false,מסטיק מנטוס וויט ביג פירות ומנטה 105 ג',פרפטי ואן מלה,TR,מנטוס וויט ביג פירות 70 יח,יחידה,70.00,יחידה,false,1,18.00,0.2571,true,1,17420
80773429,false,מנטוס בקבוק מעוגל - מסטיק ללא סוכר בטעם תות 60 גרם,"פרפטי ואן מלה ג'\ידה,סאן",TR,מנטוס פיור מעוגל תות 60 גר,Unknown,0.00,Unknown,false,1,10.00,0.0000,true,1,21517
80773443,false,מנטוס בקבוק מעוגל - מסטיק ללא סוכר בטעם מנטה 60 גרם,"פרפטי ואן מלה ג'\ידה,סאן",TR,מנטוס פיור מעוגל פירות מנטה 60 גר,Unknown,0.00,Unknown,false,1,10.00,0.0000,true,1,19053
80780595,false,מסטיק מנטוס ביג בבקבוק מעוגל טעם מנטה-עדינה 90 ג',פרפטי ואן מלה הולנד,TR,מנטוס פיור ביג מעוגל מנטה עדינה,Unknown,0.00,Unknown,false,1,18.00,0.0000,true,1,19055
80790990,false,מסטיק מנטוס בבקבוק מעוגל בטעם פירות -מנטה 60 ג',"פרפטי ואן מלה ג'\ידה,סאן",TR,מנטוס פיור מעוגל מנטה עדינה 60 גר,Unknown,0.00,Unknown,false,1,10.00,0.0000,true,1,19052
80794233,false,מסטיק מנטוס ביג בבקבוק מעוגל טעם מנטה 90 ג',פרפטי ואן מלה הולנד,TR,מנטוס פיור ביג מעוגל מנטה,Unknown,0.00,Unknown,false,1,18.00,0.0000,true,1,19054
80804697,false,מסטיק וויט White בטעם מנטה מתוקה ללא סוכר,פרפטי ואן מלה,TR,מנטוס וויט ביג מנטה מתוקה 70 יח,יחידה,70.00,יחידה,false,1,18.00,0.2571,true,1,17419
80831402,false,סוכריות מנטוס מנטה עדינה 30 יח' ללא סוכר CLEAN BREATH,פרפטי ואן מלה,NL,סוכריות מנטוס מנטה עדינה ל.ס.21 גר,Unknown,0.00,Unknown,false,1,6.90,0.0000,true,1,33214
80832560,false,סוכריות מנטוס פירות יער 21 ג' ללא סוכר CLEAN BREATH,פרפטי ואן מלה,TR,סוכריות מנטוס פירות יער ל.ס. 21 גר,Unknown,0.00,Unknown,false,1,6.90,0.0000,true,1,49374
80843184,false,מנטוס מסטיק פיור פרש בטעם ענבים 60גר,פרפטי ואן מלה הולנד,TR,מנטוס פיור מעוגל ענבים 60 גר,Unknown,0.00,Unknown,false,1,10.00,0.0000,true,1,40236
80854753,false,סוכריות מנטוס מנטה 30 יח' ללא סוכר CLEAN BREATH,פרפטי ואן מלה,NL,סוכריות מנטוס ל.ס 21גר אוויר נקי,Unknown,0.00,Unknown,false,1,6.90,0.0000,true,1,33213
80864295,false,סוכריות פיור וויט טעם מנטה עדינה 60 ג' מנטוס,"פרפטי ואן מלה ג'ידה,סאן",TR,מסטיק מנטוס וויט פיור מנטה עדינה 60 גר,גרמים,60.00,100 גרם,false,1,10.00,16.6667,true,1,45108
80896081,false,מנטוס בקבוק מעוגל - מסטיק ללא סוכר בטעם אבטיח 60 גרם,"פרפטי ואן מלה ג'\ידה,סאן",TR,מנטוס פיור מעוגל אבטיח 60 גר,Unknown,0.00,Unknown,false,1,10.00,0.0000,true,1,21518
80913467,false,מנטוס בקבוק מעוגל - מסטיק ללא סוכר בטעם מנטה,פרפטי ואן מלה הולנד,TR,מנטוס פיור מעוגל מנטה 60 גר,Unknown,0.00,Unknown,false,1,10.00,0.0000,true,1,19051
80926481,false,מסטיק מנטוס פיור פרש בבקבוק בינוני בטעם אבטיח 90ג',"פרפטי ואן מלה ג'ידה,סאן",TR,מנטוס פיור ביג מעוגל אבטיח,Unknown,0.00,Unknown,false,1,18.00,0.0000,true,1,24703
80929277,false,מסטיק מנטוס פיור וויט מנטה עדינה 150 גר,"פרפטי ואן מלה ג'ידה,סאן",TR,מסטיק מנטוס וויט מנטה עדינה 150 גרם,Unknown,0.00,Unknown,false,1,18.00,0.0000,true,1,48356
80936848,true,סוכריות טיק טק תות ש,,,סוכריות טיק טק תות ש,Each,0.00,Each,false,,3.80,0.0000,true,1,11659
80945468,false,סוכריות פיור וויט טעם מנטה מתוקה 60 ג' מנטוס,"פרפטי ואן מלה ג'ידה,סאן",TR,מסטיק מנטוס וויט פיור מנטה מתוקה 60 גר,גרמים,60.00,100 גרם,false,1,10.00,16.6667,true,1,45109
80979128,false,מנטוס מסטיק בקבוק מעוגל בטעם דובדבן,פרפטי ואן מלה הולנד,TR,מנטוס פיור מעוגל דובדבן 60 גר,Unknown,0.00,Unknown,false,1,10.00,0.0000,true,1,40235
80986348,false,סוכריות פיור וויט טעם מנטה 60 ג' מנטוס,"פרפטי ואן מלה ג'ידה,סאן",TR,מסטיק מנטוס וויט פיור מנטה 60 גר,גרמים,60.00,100 גרם,false,1,10.00,16.6667,true,1,45107
80995128,false,מנטוס בקבוק עגול בטעם הדרים בתוספת ויטמינים 60 גרם,פרפטי ואן מלה הולנד,TR,מסטיק מנטוס מעוגל טעם הדרים 60 גר,Unknown,0.00,Unknown,false,1,10.00,0.0000,true,1,51000
87108019,false,סוכריות מנטוס מנטה37.5גר,פרפטי ואן מלה,NL,סוכריות מנטוס מנטה בגליל,Unknown,0.00,Unknown,false,1,3.50,0.0000,true,1,32442
90034107,true,בירה שטיגל גולדברו 5,,,בירה שטיגל גולדברו 5,Each,0.00,Each,false,,11.90,0.0000,true,1,16623
90162602,false,רד בול משקה אנרגיה פקדון 30 אג,רד בול ג'י.אם.בי. אץ,IL,משקה אנרגיה רד בול 250 מל פיקדון,מיליליטרים,250.00,"100 מ""ל",false,24,6.50,2.6000,true,1,28272
90162800,false,רד בול משקה אנרגיה ללא סוכר פקדון 30 אג,רד בול ג'י.אם.בי. אץ,AT,משקה אנרגיה רד בול ללא סוכר 250מל פיקדון,מיליליטרים,250.00,"100 מ""ל",false,1,6.50,2.6000,true,1,28273
90424038,false,משקה אנרגיה רד בול י,REDBULL,AT,משקה אנרגיה רד בול יילו 250מל פיקדון,מיליליטרים,250.00,"100 מ""ל",false,1,6.50,2.6000,true,1,28288
90446269,false,"משקה רד בול אבטיח מוגז פחית 250 מ""ל",ראון פרוכטסאפה,AT,משקה אנרגיה רד בול אבטיח 250 מל פיקדון,מיליליטרים,250.00,"100 מ""ל",false,24,6.50,2.6000,true,1,39200
96033531,false,"דאו דאב רול און רימונים ולואיזה 50 מ""ל",יוניליוור פארם,GB,דאודורנט דאב רולאון רימונים 50מל,Unknown,0.00,Unknown,false,1,16.90,0.0000,true,1,49437
96130339,false,"דאב - דאודורנט רול און לאישה 0% אלומיניום 50 מ""ל",יוניליוור פיליפינים,GB,דאודורנט דאב רולאון אורגינל 0% 50מל,Unknown,0.00,Unknown,false,1,16.90,0.0000,true,1,40302
96198100,false,פישרמס לימון דבש ללא סוכר,,,סוכריות פישרמנס דבש לימון ללא סוכר 25 גר,Unknown,0.00,Unknown,false,1,6.90,0.0000,true,1,38674
96198117,false,פישרמנס ספירמינטס ללא סוכר,,GB,סוכריות פישרמנס ספירמינט ללא סוכר 25 גר,Unknown,0.00,Unknown,false,1,6.90,0.0000,true,1,38677
96198124,false,פישרמנס דובדבן ללא סוכר - אדום לבן,,,סוכריות פישרמנס דובדבן ללא סוכר 25 גר,Unknown,0.00,Unknown,false,1,6.90,0.0000,true,1,38675
96198155,false,פישרמנס אקליפטוס ללא סוכר - כחול לבן,,,סוכריות פישרמנס מנטה ללא סוכר 25 גר,Unknown,0.00,Unknown,false,1,6.90,0.0000,true,1,38673
8112100298,false,"שמן שומשום טהור מזרח ומערב 185 מ""ל",Flavor full foods in,TW,שמן שומשום 185 מל,מיליליטרים,185.00,"100 מ""ל",false,1,14.90,8.0541,true,1,1704
9073102314,true,גל.קוקוס בן אנד גריס,,,גל.קוקוס בן אנד גריס,Each,0.00,Each,false,,19.90,0.0000,true,1,5578
9800800056,true,חטיף נוטלה טו גו 52,,,חטיף נוטלה טו גו 52,Each,0.00,Each,false,,5.90,0.0000,true,1,17089
10900678148,false,דיאמונד רדיד אלומיניום נון סטיק,דיימונד,CN,רדיד אלומיניום דיאמונד נון סטיק 5מטר,מטרים,5.00,מטר,false,24,15.90,3.1800,true,1,46490
11182170603,true,שעועית גדולה חמאה 43,,,שעועית גדולה חמאה 43,Each,0.00,Each,false,,14.00,0.0000,true,1,5254
11182700923,true,שעועית אדומה בהירה 4,,,שעועית אדומה בהירה 4,Each,0.00,Each,false,,10.90,0.0000,true,1,7785
11182700930,true,שעועית אדומה כהה 439,,,שעועית אדומה כהה 439,Each,0.00,Each,false,,10.90,0.0000,true,1,7786
11182700954,true,שעועית שחורה 439 גר,,,שעועית שחורה 439 גר,Each,0.00,Each,false,,10.90,0.0000,true,1,7783
11182701388,true,שעועית קינג פינטו439,,,שעועית קינג פינטו439,Each,0.00,Each,false,,10.90,0.0000,true,1,21557
11210000094,true,רוטב טבסקו 60 מל,,,רוטב טבסקו 60 מל,Each,0.00,Each,false,,10.90,0.0000,true,1,4453
11210002500,true,רוטב טבסקו באפלו 150,,,רוטב טבסקו באפלו 150,Each,0.00,Each,false,,21.90,0.0000,true,1,10287
11210006508,true,רוטב טבסקו הבאנרו 60,,,רוטב טבסקו הבאנרו 60,Each,0.00,Each,false,,15.90,0.0000,true,1,3693
11210007253,true,רוטב טבסקו עם שום 60,,,רוטב טבסקו עם שום 60,Each,0.00,Each,false,,10.90,0.0000,true,1,2471
11210009387,true,רוטב טבסקו ירוק 60 מ,,,רוטב טבסקו ירוק 60 מ,Each,0.00,Each,false,,10.90,0.0000,true,1,2470
11210618503,true,רוטב טבסקו סקורפיון,,,רוטב טבסקו סקורפיון,Each,0.00,Each,false,,15.90,0.0000,true,1,33064
11210698055,false,רוטב טבסקו סרירציה 566 גרם,מקאילהייני קו,US,רוטב טבסקו סיראצה חריף 566 מל,מיליליטרים,566.00,"100 מ""ל",false,1,29.90,5.2827,true,1,20411
13300280676,false,תערובת פנקייק הנגרי,ג'.מ. סמאקר,,תערובת פנקייק הנגרי גאק קלאסי 907 גרם,גרמים,907.00,100 גרם,false,1,29.90,3.2966,true,1,37410
14100074120,false,פפרידג' פארם עוגיות מילאנו 170 גרם,פפרידג פראם,,עוג. מילנו סנדביץ שוקולד 170 גרם,גרמים,170.00,100 גרם,false,1,22.90,13.4706,true,1,1983
14100074359,false,עוגיות מילאנו סנדביץ,פפרידג פראם,,עוג. מילנו סנדביץ תפוז 198 גרם,גרמים,198.00,100 גרם,false,1,22.90,11.5657,true,1,7106
14100075226,false,עוגיות מילאנו שוקוצי,פפרידג פראם,,עוג.שוקו ציפס שוקולד לבן מקדמיה 206 גר,גרמים,206.00,100 גרם,false,1,22.90,11.1165,true,1,7109
14100077084,false,עוגיות פפרידג פקאן מריר [ירוק],פפרידג פראם,US,עוגיות שוקו ציפס צאנק פקאן 206 גר,גרמים,206.00,100 גרם,false,1,22.90,11.1165,true,1,50240
14100077121,false,פפרידג' פארם עוגיות סוסליטו שוקולד חלב מקדמיה 204 גרם,פפרידג פראם,,עוג.שוקו ציפס קרנץ מקדמיה 206 גר,גרמים,206.00,100 גרם,false,1,22.90,11.1165,true,1,1512
14100078609,false,עוגיות דאבל שוקולד פ,פפרידג פראם,,עוגיות קראנץ מריר פפרידג 220 גר,גרמים,220.00,100 גרם,false,1,22.90,10.4091,true,1,7108
14100082033,false,עוגיות פפרידג בראוניז רכות קפטיבה (אדום),פפרידג פראם,,עוג.שוקו ציפס בראוניס 244 גר,גרמים,244.00,100 גרם,false,1,22.90,9.3852,true,1,7107
16000182424,false,חטיף נייטשר ואלי קרם,ג'נראל מילס,,חטיף נייטשר ואלי קרם שדקים שברי שקד 4 יח,Unknown,0.00,Unknown,false,1,17.90,0.0000,true,1,40242
16000185517,false,דגני בוקר פייבר וואן עתירי סובין FIBRE1,בטר אנד דיפרנט,US,דגני פייבר וואן 555 גרם,גרמים,555.00,100 גרם,false,1,21.90,3.9459,true,1,47222
16000281684,false,חטיפי גרנולה קראנצ'י עם פקאן נייצ'ר ואלי 5*42 גרם,ליימן מותגים,US,חטיף דגנים קראנצי פקאן 5 יח,גרמים,210.00,100 גרם,false,1,17.90,8.5238,true,1,6065
16000423534,false,חטיפי גרנולה קראנצ'י עם שיבולת שועל ושוקולד מריר נייצ'ר ואלי 5*42 גרם,ג'נרל מילס סאן אדריאן,ES,חטיף דגנים נייטשר וואלי 5יח ש.ש.שוקולד,גרמים,210.00,100 גרם,false,1,17.90,8.5238,true,1,8243
16000548404,false,חטיפי גרנולה קראנצ'י עם שיבולת שועל ודבש נייצ'ר ואלי 5*42 גרם,ג'נרל מילס סאן אדריאן,ES,חטיף דגנים קראנצי 5יח שיבולת שועל 210 ג,גרמים,210.00,100 גרם,false,1,17.90,8.5238,true,1,2875
16000548503,false,חטיפי גרנולה קראנצ'י עם מייפל וסוכר חום נייצ'ר ואלי 5*42 גרם,ג'נרל מילס סאן אדריאן,ES,חטיף דגנים קראנצי מייפל ס.חום210גר נ.ואל,גרמים,210.00,100 גרם,false,1,17.90,8.5238,true,1,2876
16000548602,false,חטיפי גרנולה קראנצ'י קינמון נייצ'ר ואלי 5*24 גרם,ג'נרל מילס סאן אדריאן,ES,ח.דגנים קראנצי נ.ואלי קינמון 210 גר,גרמים,210.00,100 גרם,false,1,17.90,8.5238,true,1,2877
16000548909,false,חטיפי גרנולה קראנצ'י במגוון טעמים נייצ'ר ואלי 5*42 גרם,ג'נרל מילס סאן אדריאן,ES,חטיף דגנים קראנצי 5יח בריאות מעורב 210ג,גרמים,210.00,100 גרם,false,1,17.90,8.5238,true,1,2878
16229001711,false,מי קוקוס ארוי די ללא,תאי אגרי פוד,,מי קוקוס ארוי די ללא סוכר 400 מל,מיליליטרים,400.00,"100 מ""ל",false,1,11.90,2.9750,true,1,3675
16229902506,false,קרם קוקוס ארוי די לל,תאי אגרי פוד,,קרם קוקוס ארוי די ללא סוכר 400 מל,מיליליטרים,400.00,"100 מ""ל",false,1,11.90,2.9750,true,1,26139
16229906191,true,מחית קארי ירוק ארוי,,,מחית קארי ירוק ארוי,Each,0.00,Each,false,,17.00,0.0000,true,1,10996
16229906436,true,מחית קארי צהוב 400 ג,,,מחית קארי צהוב 400 ג,Each,0.00,Each,false,,17.00,0.0000,true,1,10997
16229917593,false,מי קוקוס 100% פוקו 3,ויט וורלד קומפני,VN,מי קוקוס 100% פוקו 330 מל,מיליליטרים,330.00,"100 מ""ל",false,1,9.90,3.0000,true,1,18526
16229917609,false,"מי קוקוס עם רימון 330מ""ל",ויט וורלד קומפני,VN,מי קוקוס 100% עם רימונים 330 מל,מיליליטרים,330.00,"100 מ""ל",false,1,9.90,3.0000,true,1,28125
16229917616,false,"מי קוקוס בתוספת גויאבה 330 מ""ל",ויט וורלד קומפני,VN,מי קוקוס 100% עם גויאבה פוקו 330 מל,מיליליטרים,330.00,"100 מ""ל",false,1,9.90,3.0000,true,1,18529
16229917630,false,"מי קוקוס בתוספת אננס 330 מ""ל",ויט וורלד קומפני,VN,מי קוקוס 100% עם אננס פוקו 330 מל,מיליליטרים,330.00,"100 מ""ל",false,1,9.90,3.0000,true,1,18530
16229917647,false,"מי קוקוס בתוספת מנגו 330 מ""ל",ויט וורלד קומפני,VN,מי קוקוס 100% עם מנגו פוקו 330 מל,מיליליטרים,330.00,"100 מ""ל",false,1,9.90,3.0000,true,1,18528
16229917654,false,"מי קוקוס בתוספת ליצי 330 מ""ל",ויט וורלד קומפני,VN,מי קוקוס 100% עם ליצי פוקו 330 מל,מיליליטרים,330.00,"100 מ""ל",false,1,9.90,3.0000,true,1,18527
16229918361,true,רוטב קארי ירוק 250 מ,,,רוטב קארי ירוק 250 מ,Each,0.00,Each,false,,10.90,0.0000,true,1,26668
16500980322,true,S.O.Sצמר פלדה עם חומ,,,S.O.Sצמר פלדה עם חומ,Each,0.00,Each,false,,13.90,0.0000,true,1,1513
17252500004,true,סירופ שוקולד בוסקו 6,,,סירופ שוקולד בוסקו 6,Each,0.00,Each,false,,20.90,0.0000,true,1,10354
17252502244,true,סירופ מייפל בוסקו 70,,,סירופ מייפל בוסקו 70,Each,0.00,Each,false,,20.90,0.0000,true,1,6837
18000701223,false,"פילסברי, עוגה בטעם שוקולד, תערובת להכנת עוגה בטעם שוקולד. 500 גרם",הדקלאים אגודת שיתופי,IL,תערובת לעוגת שוקולד 517 גרם,גרמים,517.00,100 גרם,false,1,18.90,3.6557,true,1,1514
18000766413,false,"פילסברי, עוגה בטעם שוקולד, תערובת להכנת עוגה בטעם שוקולד. 550 גרם.",הדקלאים אגודת שיתופי,IL,תערובת לבראוניס 552 גרם,גרמים,552.00,100 גרם,false,1,18.90,3.4239,true,1,1982
21200010231,true,סרט דבק מגיק חד פעמי,,,סרט דבק מגיק חד פעמי,Each,0.00,Each,false,,10.00,0.0000,true,1,14867
21200010538,true,גליל דבק דו צדדי,,,גליל דבק דו צדדי,Each,0.00,Each,false,,19.90,0.0000,true,1,14868
21200013393,true,דבק דו צדדי ספוגי לב,,,דבק דו צדדי ספוגי לב,Each,0.00,Each,false,,29.90,0.0000,true,1,14876
21200471032,true,דבק דו צדדי ספוגי חז,,,דבק דו צדדי ספוגי חז,Each,0.00,Each,false,,29.90,0.0000,true,1,16669
21200492891,true,גליל ניירות דביקים 3,,,גליל ניירות דביקים 3,Each,0.00,Each,false,,17.90,0.0000,true,1,14858
21200572357,true,כרית קרצוף 3יח לניקו,,,כרית קרצוף 3יח לניקו,Each,0.00,Each,false,,14.90,0.0000,true,1,14861
21723339994,false,"רוטב דגים 300מ""ל (טיפרוס) (כ)",טאנג סאנג ראר קי,TH,רוטב דגים טיפארוס 300 מל,מיליליטרים,300.00,"100 מ""ל",false,1,9.90,3.3000,true,1,50103
22224200837,true,ממתק ליקריץ שחור וול,,,ממתק ליקריץ שחור וול,Each,0.00,Each,false,,12.90,0.0000,true,1,10513
22314015037,false,ממרח ערמונים בצנצנת,,FR,ממרח ערמונים בצנצנת 250 גרם צרפת,גרמים,250.00,100 גרם,false,12,22.90,9.1600,true,1,38139
24000335238,true,סירופ מולסה בלאקסטרא,,,סירופ מולסה בלאקסטרא,Each,0.00,Each,false,,26.90,0.0000,true,1,7156
24100226429,true,קרקר ציז היט אורגינל,,,קרקר ציז היט אורגינל,Each,0.00,Each,false,,10.90,0.0000,true,1,15198
24100228775,false,קרקר ציז היט צאדר לב,קיבלר,,קרקר ציז היט צאדר לבן 127 גר,גרמים,127.00,100 גרם,false,1,10.00,7.8740,true,1,15975
24100577163,false,סנשיין ציז איט סנאק מיקס 127 גרם,"קלוגס בריטניה בע""ם",US,קרקר קיבלר ציז איט סנק 127 גר,גרמים,127.00,100 גרם,false,1,14.90,11.7323,true,1,17570
24100577217,false,ציז איט דאבל ציז מיק,"קלוגס בריטניה בע""ם",US,קרקר קיבלר ציז דאבל סנק 129 גר,גרמים,129.00,100 גרם,false,1,14.90,11.5504,true,1,18956
24463061095,false,רוטב פלפל צ'ילי חריף לחיץ 435 ג' סריראצה,הוי פונג פודס,,רוטב חריף סיראצה 435 גר,גרמים,435.00,100 גרם,false,1,32.90,7.5632,true,1,7933
25675120020,false,סאוור סטיקס Sour Sticks בטעם אוכמניות,פשקז Paskesz,NL,מקלות חמצוצים פטל100גר,גרמים,100.00,100 גרם,false,1,8.90,8.9000,true,1,3467
25675120037,true,מקלות חמצוצים תות 10,,,מקלות חמצוצים תות 10,Each,0.00,Each,false,,8.90,0.0000,true,1,3469
25675120044,true,מקלות חמצוצים תפוח ע,,,מקלות חמצוצים תפוח ע,Each,0.00,Each,false,,8.90,0.0000,true,1,3470
25675120068,true,מקלות חמצוצים קולה 1,,,מקלות חמצוצים קולה 1,Each,0.00,Each,false,,8.90,0.0000,true,1,3468
25675120105,false,פשקז חמצוצים בטעם דובדבן 100 גרם,פאסין,NL,מקלות חמצוצים דובדבן חמוץ 100גר,גרמים,100.00,100 גרם,false,1,8.90,8.9000,true,1,12285
25675122185,true,חטיפי פירות פשקס פרו,,,חטיפי פירות פשקס פרו,Each,0.00,Each,false,,12.90,0.0000,true,1,29978
25675122208,false,פשקס פרוט סנאק בטעם פירות יער 142 גרם,,US,חטיפי פירות פשקס פרוט פירות יער 142גרם,גרמים,142.00,100 גרם,false,12,12.90,9.0845,true,1,29979
25675122253,true,חטיפי פירות פשקס פרו,,,חטיפי פירות פשקס פרו,Each,0.00,Each,false,,12.90,0.0000,true,1,29980
25675124790,true,מיני מרשמלו צבעוני,,,מיני מרשמלו צבעוני,Each,0.00,Each,false,,15.90,0.0000,true,1,30008
25675124813,true,מרשמלו צבעוני גדול,,,מרשמלו צבעוני גדול,Each,0.00,Each,false,,15.90,0.0000,true,1,31651
25675301108,true,מקלות חמוצוצים תות 5,,,מקלות חמוצוצים תות 5,Each,0.00,Each,false,,4.90,0.0000,true,1,1516
25675301153,true,מקלות חמוצוצים פטל 5,,,מקלות חמוצוצים פטל 5,Each,0.00,Each,false,,4.90,0.0000,true,1,4297
25675301184,true,מקלות חמוצוצים קולה,,,מקלות חמוצוצים קולה,Each,0.00,Each,false,,4.90,0.0000,true,1,3193
25675301207,true,מקלות חמוצוצים תפוח,,,מקלות חמוצוצים תפוח,Each,0.00,Each,false,,4.90,0.0000,true,1,1517
25700005650,false,שקיות הקפאה גדולות- 14 יח' זיפלוק,אס.סי.גונסון ובניו,US,שקיות הקפאה זיפלוק גדולות 14יח,יחידה,14.00,יחידה,false,12,13.90,0.9929,true,1,36894
25700005674,false,זיפלוק שקיות אחסון סליידר גדולות 15 יחידות,אס.סי.ג'\ונסון מידרכט,US,שקיות אחסון זיפלוק סליידר גדולות 15יח,יחידה,15.00,יחידה,false,12,12.90,0.8600,true,1,36895
25700005681,false,זיפלוק שקיות אחסון סליידר בינוניות 20 יחידות,אס.סי גונוסון,US,שקיות איחסון זיפלוק סליידר בינוניות 20יח,יחידה,20.00,יחידה,false,12,12.90,0.6450,true,1,36896
25700005698,false,זיפלוק שקיות אחסון בינוניות 24 יחידות,אס.סי.גונסון ובניו,US,שקיות איחסון זיפלוק בינוניות 24יח,יחידה,24.00,יחידה,false,12,13.90,0.5792,true,1,36892
27000390146,true,רוטב עגבניות האנט 42,,,רוטב עגבניות האנט 42,Each,0.00,Each,false,,11.50,0.0000,true,1,4254
27379005658,false,עוגת שמרים מיני פנטו,BISCOTTIFICIO PRIMAV,IT,עוגת פנטוני מיני 100 גר סוויסאיטלי,גרמים,100.00,100 גרם,false,1,12.90,12.9000,true,1,5749
29801025203,true,עוגיות חמאה באטרס קר,,,עוגיות חמאה באטרס קר,Each,0.00,Each,false,,18.90,0.0000,true,1,6380
30000315958,true,קואקר פרוטאין בננה א,,,קואקר פרוטאין בננה א,Each,0.00,Each,false,,22.90,0.0000,true,1,28387
30000315989,true,קואקר פרוטאין חמוציו,,,קואקר פרוטאין חמוציו,Each,0.00,Each,false,,22.90,0.0000,true,1,28386
30100211471,false,קרקר סנדוויץ קיבלר צ,קיבלר,,קרקר סנדוויץ קיבלר צאדר 612 גר 12 יח,גרמים,612.00,100 גרם,false,1,38.90,6.3562,true,1,15111
30100211631,false,קרקר סנדוויץ קיבלר צ,קיבלר,,קרקר סנדוויץ קיבלר צאדר לבן 612 גר 12 יח,גרמים,612.00,100 גרם,false,1,38.90,6.3562,true,1,15112
30100472414,false,סנדוויץ קרקר קלאב צדר 311 גרם,קיבלר,,קרקר סנדוויץ קיבלר צאדר שמיניה 311 גר,גרמים,311.00,100 גרם,false,1,26.90,8.6495,true,1,30398
30100487180,false,קיבלר 8 סנדוויץ קרקר גבינה וצדר 311 גרם,קיבלר,,קרקר קיבלר גבינת צאדר311 גר שמיניה,גרמים,311.00,100 גרם,false,1,26.90,8.6495,true,1,30399
31290140107,false,גודייבה אצבעות שוקולד 72% 90 גרם,"אולקר מקבוצת פלאדיס, ציק",TR,שוקולד גודאיבה סטיקס 72% מריר 90 גר,Unknown,0.00,Unknown,false,18,14.90,0.0000,true,1,35101
31290140176,false,שוקולוד מריר בתוספת שקדים שוקולד גודייבה פינגרס,"אולקר מקבוצת פלאדיס, ציק",TR,שוקולד גודאיבה סטיקס מריר שקד 90 גר,Unknown,0.00,Unknown,false,18,14.90,0.0000,true,1,35102
31290140190,false,גודייבה אצבעות שוקולד מריר עם נגיעות מלח ים 90 גרם,"אולקר מקבוצת פלאדיס, ציק",TR,שוקולד גודאיבה סטיקס מלח ים 90 גר,Unknown,0.00,Unknown,false,18,14.90,0.0000,true,1,35103
31290140237,false,גודייבה אצבעות שוקולד חלב 90 גרם,"אולקר מקבוצת פלאדיס, ציק",TR,שוקולד גודאיבה סטיקס חלב 90 גר,Unknown,0.00,Unknown,false,18,14.90,0.0000,true,1,35105
31290760220,false,בונבוניירה גודאיבה ד,עבאדי,,בונבוניירה גודאיבה דומס אגוזים 280 גרם,גרמים,280.00,100 גרם,false,1,32.90,11.7500,true,1,40595
33617000026,true,פת פריכה ואזה קלה מק,,,פת פריכה ואזה קלה מק,Each,0.00,Each,false,,15.90,0.0000,true,1,10961
33617000309,true,פת פריכה ואזה קלה זר,,,פת פריכה ואזה קלה זר,Each,0.00,Each,false,,15.90,0.0000,true,1,12123
33617322616,false,פת פריכה מקמח שיפון ואזה 270 גרם,כלורוקס אוקלנד,SE,פת פריכה ואזה קלה מקמח שיפון 270 גר,גרמים,270.00,100 גרם,false,1,15.90,5.8889,true,1,8712
33617340610,true,פת פריכה ואזה מקמח ש,,,פת פריכה ואזה מקמח ש,Each,0.00,Each,false,,15.90,0.0000,true,1,8711
34000148301,false,הרשי נטיפי שוקולד מריר לאפייה 340 גר,ליימן מותגים,US,נטיפי שוקולד מריר הרשי לאפיה 340 גר,גרמים,340.00,100 גרם,false,1,20.00,5.8824,true,1,19502
34000196173,false,הרשי טבלה XL בטעם שוקולד לבן עם שברי עוגיות 113 גרם,ליימן מותגים,US,שוקולד הרשי קוקיס אנד קרים 113 גר,גרמים,113.00,100 גרם,false,1,8.90,7.8761,true,1,14714
34000442652,false,ריזס טבלה בטעם שוקולד ממולאת קרם בוטנים 120 גרם,ליימן מותגים,US,שוקולד הרשי ריסז 120 גר,גרמים,120.00,100 גרם,false,1,8.90,7.4167,true,1,14715
34000446001,false,ריזס מיניאטורס- חטיף שוקולד במילוי חמאת בוטנים 150 גרם,ליימן מותגים,,חטיפי שוקולד הרשי ריזס מינס 100 גר,גרמים,100.00,100 גרם,false,1,10.90,10.9000,true,1,11400
34000470228,false,ריזס מיניס חטיף שוקולד במילוי חמאת בוטנים 70 גרם,הרשי,US,חטיפי שוקולד הרשיז ריזס מיני 70 גר,Unknown,0.00,Unknown,false,1,6.50,0.0000,true,1,11399
34000470563,false,ריסז מיניס באריזה משפחתית 215 גרם,ליימן מותגים,US,הרשי ריסז מיניס 215 גרם,גרמים,215.00,100 גרם,false,8,19.90,9.2558,true,1,29310
34000544431,false,ממתקי הרשיז טוויזלרס טעם דובדבן 172 גרם,ליימן מותגים,US,סוכיות טוויזלר דובדבן 172 גרם,גרמים,172.00,100 גרם,false,12,8.90,5.1744,true,1,44122
34000996643,false,הרשי דרופס באריזה משפחתית 215 גרם,ליימן מותגים,US,סוכריות הרשי דרופס 215 גרם,גרמים,215.00,100 גרם,false,8,19.90,9.2558,true,1,29309
35000689535,true,זוג מב.שיניים קולגיי,,,זוג מב.שיניים קולגיי,Each,0.00,Each,false,,27.90,0.0000,true,1,6912
36000516876,false,ממחטות נייר קלינקס לושן 3 שכבות 75 דף,חוגלה קימברלי,US,מגבוני אף קלינקס לושן 75 יח שלוש שכבות,יחידה,75.00,יחידה,false,1,12.90,0.1720,true,1,30974
36000516890,true,מגבוני אף קלינקס לוש,,,מגבוני אף קלינקס לוש,Each,0.00,Each,false,,14.90,0.0000,true,1,30975
37600207188,false,חמאת בוטנים קלאסי סקיפי 462 גרם,חברת המזון אלגוד,US,חמאת בוטנים סקיפי קלאסי 462 גר,גרמים,462.00,100 גרם,false,1,20.90,4.5238,true,1,12275
37600207287,false,סקיפי חמאת בוטנים בטעם דבש 462 גרם,חברת המזון אלגוד.,US,חמאת בוטנים סקיפי עם דבש 462 גר,גרמים,462.00,100 גרם,false,1,20.90,4.5238,true,1,12277
38000138607,false,פרינגלס מלח ווינגרט 158 גרם,פרינגלס מנופקצ'ורינג,US,חטיף תפוא פרינגלס מלח וחומץ 158 גר,גרמים,158.00,100 גרם,false,1,10.90,6.8987,true,1,37028
38000138720,true,חטיף תפוא פרינגלס רא,,,חטיף תפוא פרינגלס רא,Each,0.00,Each,false,,10.90,0.0000,true,1,24122
38000138874,true,חטיף תפוא פרינגלס חל,,,חטיף תפוא פרינגלס חל,Each,0.00,Each,false,,10.90,0.0000,true,1,17980
38000169663,false,פרינגלס אורגינל מגה 194 גר',פרינגלס מניופקצ'\ורינג ק,US,חטיף פרינגלס קלאסי מגה פק 194 גרם,גרמים,194.00,100 גרם,false,1,11.90,6.1340,true,1,36738
38000183928,false,פרינגלס חרדל ודבש 158 גרם,פרינגלס מניופקצ'ורינ,US,חטיף תפוא פרינגלס חרדל ודבש 158 גר,גרמים,158.00,100 גרם,false,1,10.90,6.8987,true,1,36076
38000197840,false,פרינגלס גלי בטעם חריף מתוק 137 ג',פרינגלס מניופקצ'\ורינג ק,US,חטיף פרינגלס גלי חריף מתוק 130 גרם,גרמים,130.00,100 גרם,false,1,10.90,8.3846,true,1,36739
38000202278,false,חטיף צ'יפס גלי בטעם אורגינל מלוח,פרינגלס מניופקצ'\ורינג ק,US,חטיף תפוא פרינגלס חרדל ודבש 158 גר,גרמים,130.00,100 גרם,false,1,10.90,8.3846,true,1,33810
38000232152,true,חטיף תפוא פרינגלס בר,,,חטיף תפוא פרינגלס בר,Each,0.00,Each,false,,10.90,0.0000,true,1,32210
38000232169,true,חטיף פרינגלס מידי או,,,חטיף פרינגלס מידי או,Each,0.00,Each,false,,5.50,0.0000,true,1,32211
38000232176,true,חטיף תפוא פרינגלס בצ,,,חטיף תפוא פרינגלס בצ,Each,0.00,Each,false,,10.90,0.0000,true,1,32209
38000232183,true,חטיף תפוא פרינגלס או,,,חטיף תפוא פרינגלס או,Each,0.00,Each,false,,10.90,0.0000,true,1,32208
38527591053,false,קואקר דגנים מרובעים שיבולת שועל וקינמון,קוואקר אוטס קומפני,US,ד.בוקר קואקר מרובעים קינמון 412 ג,גרמים,412.00,100 גרם,false,1,17.90,4.3447,true,1,9125
38527591060,false,דגני קוואקר מרובעים Quaker Squares עם סוכר חום,קוואקר אוטס קומפני,US,ד.בוקר קואקר מרובעים 412 ג,גרמים,412.00,100 גרם,false,1,17.90,4.3447,true,1,9126
38900779238,true,מיץ אננס דולי רביעיי,,,מיץ אננס דולי רביעיי,Each,0.00,Each,false,,15.90,0.0000,true,1,9430
39000008006,true,קונכיות מתירס לבן למ,,,קונכיות מתירס לבן למ,Each,0.00,Each,false,,21.90,0.0000,true,1,19865
39000008051,false,טורטיה אורטגה ארוחת טאקו קיט,בי אנד ג'י,US,אורטגה טאקו דינר 12 יח,יחידה,1.00,יחידה,false,1,33.90,33.9000,true,1,9587
39000008204,false,אורטגה תיבול לטאקו 3,בי אנד ג'י,,אורטגה תיבול לטאקו 35 גרם,Unknown,0.00,Unknown,false,24,10.00,0.0000,true,1,7364
39000008907,true,רוטב לטאקו אוטגה 226,,,רוטב לטאקו אוטגה 226,Each,0.00,Each,false,,17.50,0.0000,true,1,7363
39000010351,false,פלפל חלפיניו בצנצנת אורטגה 340 גרם,בי אנד ג'י,,פלפל חלפנו פרוס אורטגה 354 גר צנצנת,מיליליטרים,354.00,"100 מ""ל",false,1,19.90,5.6215,true,1,15329
40000512943,false,סוכריות אם אנד אמס M&M שוקולד חלב,M&M אם אנד אם,US,שוקולד אם אנד אם 300 גרם,גרמים,300.00,100 גרם,false,,19.90,6.6333,true,1,34111
40000513056,false,מ&מ חמאת בוטנים 300 גרם,General,US,שוקולד בוטנים אם אנד אם 300 גרם,גרמים,300.00,100 גרם,false,,19.90,6.6333,true,1,34110
40000513568,false,סוכריות אם אנד אמס M&M שוקולד חלב,M&M אם אנד אם,US,שוקולד אם אנד אם 155 גרם,גרמים,155.00,100 גרם,false,,11.90,7.6774,true,1,34109
40000513582,false,בוטנים אריזה גדולה M&M's,מארס,US,שוקולד בוטנים אם אנד אם 155 גרם,גרמים,155.00,100 גרם,false,,11.90,7.6774,true,1,34107
40000513629,false,M&M's חמאת בוטנים אריזה גדולה 152 גרם,מארס,US,שוקולד חמאת בוטנים אם אנד אם 155 גרם,גרמים,155.00,100 גרם,false,,11.90,7.6774,true,1,34108
40000514480,false,M&M אריזה קטנה's שוקולד אריזה קטנה 48 גרם,M&M אם אנד אם,US,רסוכריות אם אנד אמס שוקולד48 גר,Unknown,0.00,Unknown,false,,5.00,0.0000,true,1,34114
40000514510,false,M&M אריזה קטנה's בוטנים אריזה קטנה 49 גרם,M&M אם אנד אם,US,שוקולד בוטנים אם אנד אם 49 גר,Unknown,0.00,Unknown,false,,5.00,0.0000,true,1,34112
41143028681,false,צימוקים בקופסא סאן מייד 400 גר',,US,צימוקים סאן מייד 400 גרם בקופסא,גרמים,400.00,100 גרם,false,12,22.90,5.7250,true,1,35373
41143049419,false,דומדמניות מיובשות סא,,US,דומדומניות מיובשות סאן מייד 227גרם,גרמים,227.00,100 גרם,false,12,26.90,11.8502,true,1,35376
41143072004,false,תאנים מוזהבות מיובשות סאן מייד 170 גר',,US,תאנים מוזהבות מיובשות סאן מייד 170גרם,גרמים,170.00,100 גרם,false,12,26.90,15.8235,true,1,35375
41143072400,false,תאנים מיובשות סאן מייד 198 גר',,US,תאנים מיובשות סאן מייד 198 גרם,גרמים,198.00,100 גרם,false,12,26.90,13.5859,true,1,35374
41143299081,false,שזיפים מגולענים סאן מייד 198 גר',,US,שזיף מגולען סאן מייד 198 גר,גרמים,198.00,100 גרם,false,12,19.90,10.0505,true,1,35378
41152232017,true,רוטב קרנברי גל רובי,,,רוטב קרנברי גל רובי,Each,0.00,Each,false,,14.50,0.0000,true,1,3123
41190017522,false,רוטב וושסטר שופרייט,,US,רוטב וושסטר שופרייט 296 מל,מיליליטרים,296.00,"100 מ""ל",false,12,16.90,5.7095,true,1,41046
41190045600,true,ד.בוקר פיצפוצי אורז,,,ד.בוקר פיצפוצי אורז,Each,0.00,Each,false,,28.90,0.0000,true,1,7272
41190052837,true,ד.בוקר רייזן בראן530,,,ד.בוקר רייזן בראן530,Each,0.00,Each,false,,25.00,0.0000,true,1,15990
41190064564,false,שופרייט סלסה חריפה 439 גרם,ווקפרן פוד קורפ,US,רוטב סלסה שופרייט חריף 454 ג,גרמים,454.00,100 גרם,false,12,19.90,4.3833,true,1,38148
41255431515,true,מלית מילוי פאי טעם ל,,,מלית מילוי פאי טעם ל,Each,0.00,Each,false,,26.00,0.0000,true,1,10516
41335000501,false,רוטב ומרינדה איטלקי 473 גר,קנס פודס,,רוטב קנס איטלקי מרינדה 473 גר,גרמים,473.00,100 גרם,false,1,29.90,6.3214,true,1,7190
41335000549,false,"רוטב ראנצ בטרמילק קנז 473 מ""ל",קנס פודס,,רוטב קנס ראנץ באטר מילק 473 גר,גרמים,473.00,100 גרם,false,1,29.90,6.3214,true,1,16189
41335000594,false,רוטב סלט קיסר 473 גר קנז,קנס פודס,,רוטב קנס קיסר 473 מל,מיליליטרים,473.00,"100 מ""ל",false,1,29.90,6.3214,true,1,9705
41335000631,false,"רוטב ראנצ לייט ענק 473 מ""ל קנז",קנס פודס,,רוטב קנס ראנץ לייט 473 מל,מיליליטרים,473.00,"100 מ""ל",false,1,29.90,6.3214,true,1,10814
41335001294,false,קנז רוטב ויניגרט בלסמי 473 גר,קנס פודס,,רוטב קנס וינגרט בלסמי 473 מל,מיליליטרים,473.00,"100 מ""ל",false,1,29.90,6.3214,true,1,17888
41390001079,false,"רוטב סויה קיקומן מופחת נתרן 444 מ""ל",קיקומן פודז אינק,US,רוטב סויה מופחת נתרן קיקומן 444 מל,מיליליטרים,444.00,"100 מ""ל",false,1,20.90,4.7072,true,1,13834
41390001451,false,רוטב סויה קיקומן 1.2 קילו,קיקומן פודז אינק,US,רוטב סויה קיקומן 1.2 ליטר,ליטרים,1.20,ליטר,false,1,46.90,39.0833,true,1,1558
41390010309,false,"רוטב טריאקי קיקומן 444 מ""ל",קיקומן פודז אינק,US,רוטב טריאקי קיקומן 444 מל,מיליליטרים,444.00,"100 מ""ל",false,1,20.90,4.7072,true,1,13835
41421177452,true,רוטב היקורי מעושן מר,,,רוטב היקורי מעושן מר,Each,0.00,Each,false,,17.90,0.0000,true,1,12948
41500000299,true,חרדל פרנצס דבש דיזון,,,חרדל פרנצס דבש דיזון,Each,0.00,Each,false,,19.90,0.0000,true,1,30538
41500000428,true,חרדל פרנצס חום חריף,,,חרדל פרנצס חום חריף,Each,0.00,Each,false,,19.90,0.0000,true,1,30537
41500013107,false,רוטב וורצסטר פרנצס29,רקיט בנקיזר,US,רוטב וורצסטר פרנצס 296 מל,מיליליטרים,296.00,"100 מ""ל",false,1,20.00,6.7568,true,1,32796
41500013183,false,רוטב סויה וורצסטר פרנצס גדול,,US,רוטב וורצסטר פרנשס 443 מל,מיליליטרים,448.00,"100 מ""ל",false,6,26.90,6.0045,true,1,48392
41500745107,false,"אמריקן גורנן רד הוט 354 מ""ל כנפיים",,US,רוטב רד הוט באפלו לכנפיים 354 ג,Unknown,0.00,Unknown,false,1,27.90,0.0000,true,1,50484
41500805016,true,רוטב רד הוט חריף 148,,,רוטב רד הוט חריף 148,Each,0.00,Each,false,,13.90,0.0000,true,1,4194
41500805023,false,"רוטב פלפל רד האט 354 מ""ל",רקיט בנקיזר,,רוטב רד הוט קלאסי 354 מל,מיליליטרים,354.00,"100 מ""ל",false,1,27.90,7.8814,true,1,3758
41500818467,false,"פרנצ רוטב ווסטר מופחת נתרן 443 מ""ל",,US,רוטב וורצסטר פרנשס דל נתרן 443 מל,מיליליטרים,448.00,"100 מ""ל",false,6,26.90,6.0045,true,1,48393
41501008034,true,קונכיות מתירס אורטגה,,,קונכיות מתירס אורטגה,Each,0.00,Each,false,,21.90,0.0000,true,1,15993
41501012055,false,אורטגה טאקו מתירס כחול 140 גרם,בי אנד ג'י,,אורטגה טאקו מתירס כחול 12 יח 140 גר,גרמים,140.00,100 גרם,false,1,25.90,18.5000,true,1,21275
41501519455,false,אורטגה טאקו SHELL מקסיקני 140 גרם,בי אנד ג'י,,טאקו אורטגה מתירס צהוב 140 גרם,גרמים,140.00,100 גרם,false,1,24.90,17.7857,true,1,51433
41501520277,false,אורטגה טאקו מתירס כחול 117 גרם,בי אנד ג'י,US,טאקו אורטגה מתירס כחול 117 גרם,גרמים,117.00,100 גרם,false,12,25.90,22.1368,true,1,51432
41570113059,true,משקה חלב שקדים אורגי,,,משקה חלב שקדים אורגי,Each,0.00,Each,false,,19.90,0.0000,true,1,25810
41570113066,true,משקה חלב שקדים ללא ס,,,משקה חלב שקדים ללא ס,Each,0.00,Each,false,,19.90,0.0000,true,1,25811
41570113080,true,משקה חלב שקדים בטעם,,,משקה חלב שקדים בטעם,Each,0.00,Each,false,,19.90,0.0000,true,1,25813
41570113103,true,משקה חלב שקדים בריסט,,,משקה חלב שקדים בריסט,Each,0.00,Each,false,,22.90,0.0000,true,1,25814
41740000806,false,"גולד בורשט 710 מ""ל Borscht",גולד פיור פוד,US,בורשט גולדס 710 מל,מיליליטרים,710.00,"100 מ""ל",false,1,19.90,2.8028,true,1,7021
42400108153,false,דגני בוקר צבעוניים בטעם פירות טוטי פרוטיס,פוסט ארצות הברית,US,דגני פוסט טוטי פרוטי 354 גר,גרמים,354.00,100 גרם,false,14,22.90,6.4689,true,1,37496
44600300580,false,כלורוקס קלין אפ פרש נוזל לניקוי רב תכלית,כלורוקס אוקלנד,US,כלורקס קלין אפ פרש מרסס 946 מל,מיליליטרים,946.00,"100 מ""ל",false,1,19.90,2.1036,true,1,36959
44738219068,false,במבושוט רצועות 565 ג,Theppadungporn cocon,TH,במבושוט רצועות 565 גר,גרמים,565.00,100 גרם,false,24,13.90,2.4602,true,1,11878
44738219563,false,במבושוט חצאים במים 5,Theppadungporn cocon,TH,במבושוט חצאים 565 גר,גרמים,565.00,100 גרם,false,24,13.90,2.4602,true,1,37547
44935000216,false,חטיף קטל ציפס ראוט 1,,US,חטיף קטל ציפס ראוט 11 ברביקיו 170 גרם,גרמים,170.00,100 גרם,false,12,19.90,11.7059,true,1,40388
44935000414,false,חטיף קטל ציפס ראוט 1,,US,חטיף קטל ציפס ראוט 11 מלח וחומץ170 גרם,גרמים,170.00,100 גרם,false,12,19.90,11.7059,true,1,40394
44935000612,false,חטיף קטל ציפס ראוט 1,,US,חטיף קטל ציפס ראוט 11 שמנת ובצל170 גרם,גרמים,170.00,100 גרם,false,12,19.90,11.7059,true,1,40391
46214372250,true,עוגיות שוקוציפס מרבה,,,עוגיות שוקוציפס מרבה,Each,0.00,Each,false,,10.90,0.0000,true,1,1563
46214382259,true,עוגיות שוקוציפס מרבה,,,עוגיות שוקוציפס מרבה,Each,0.00,Each,false,,10.90,0.0000,true,1,1564
46214731552,true,עוגיות שוקוציפס מרבה,,,עוגיות שוקוציפס מרבה,Each,0.00,Each,false,,10.90,0.0000,true,1,1565
48256214758,false,מסיר כתמים קשים לכביסה לבנה וצבעונית,יעקבי- אסטוניש Astonish,GB,אסטוניש אבקת הפלא לכביסה 1 קג,קילוגרמים,1.00,"ק""ג",false,1,25.90,25.9000,true,1,3789
49568010342,false,ממרח טבעוני לסנדוויץ סלט,ארת' איילנד,US,מיונז טבעוני 340 גרם,גרמים,340.00,100 גרם,false,1,24.90,7.3235,true,1,17786
49568200347,false,ממרח טבענ.מופחת שומן340ג,ארת' איילנד,US,מיונז טבעוני מופחת שומן 340 גרם,גרמים,340.00,100 גרם,false,1,24.90,7.3235,true,1,17785
50000015474,false,"מזון חתולים פריסקיז מעדני הים 1.43 ק""ג",פריסקיז,US,מזון חתולים פריסקיז מעדני הים 1.43 קג,קילוגרמים,1.43,"ק""ג",false,1,38.90,27.2028,true,1,38612
50000084500,true,מזון חתולים פריסקיז,,,מזון חתולים פריסקיז,Each,0.00,Each,false,,38.90,0.0000,true,1,4111
50000100347,true,מזון חתולים פריסקיז,,,מזון חתולים פריסקיז,Each,0.00,Each,false,,38.90,0.0000,true,1,4332
50000168583,false,"מזון חתולים פריסקיז אקסטרא קראנץ 1.43 ק""ג","פורינה ארה""\ב",US,מזון חתולים פריסקיז אקסטרא קראנץ 1.43 קג,קילוגרמים,1.43,"ק""ג",false,1,38.90,27.2028,true,1,38614
50000170180,true,מזון חתולים פריסקיז,,,מזון חתולים פריסקיז,Each,0.00,Each,false,,6.50,0.0000,true,1,7210
50000225224,true,מזון חתולים פריסקיז,,,מזון חתולים פריסקיז,Each,0.00,Each,false,,6.50,0.0000,true,1,15631
50000237951,false,פריסקיז פארטי מיקס מיקס גריל קראנץ10*60גרם,נסטלה פורינה פטקר ארצות,US,פריסקיז פארטי מיקס גריל קראנץ 60 גר,Unknown,0.00,Unknown,false,10,11.90,0.0000,true,1,50205
50000292592,true,מזון חתולים פנסי פיס,,,מזון חתולים פנסי פיס,Each,0.00,Each,false,,6.50,0.0000,true,1,15745
50000292615,true,מזון חתולים פנסי פיס,,,מזון חתולים פנסי פיס,Each,0.00,Each,false,,6.50,0.0000,true,1,15744
50000397587,true,אבקה שוקו חם נסטלה ש,,,אבקה שוקו חם נסטלה ש,Each,0.00,Each,false,,22.90,0.0000,true,1,21256
50000421541,false,פריסקיז בודד דגי אוקיאנוס וטונה,נסטלה פורינה USA קר,US,מזון חתולים פריסקיז מיקס גריל 156 גר,גרמים,156.00,100 גרם,false,1,6.50,4.1667,true,1,7211
50000423347,false,פריסקיז לח סלמון 156 גרם,נסטלה פורינה USA קר,US,מזון חתולים פריסקיז סלומון 156 גר,גרמים,156.00,100 גרם,false,1,6.50,4.1667,true,1,7208
50000429042,true,מזון חתולים פנסי פיס,,,מזון חתולים פנסי פיס,Each,0.00,Each,false,,6.50,0.0000,true,1,4540
50000429646,true,מזון חתולים פנסי פיס,,,מזון חתולים פנסי פיס,Each,0.00,Each,false,,6.50,0.0000,true,1,1810
50000574414,false,"""פריסקיז פארטי מיקס פיקניק קראנץ 60 גרם",נסטלה פורינה פטקר ארצות,US,פריסקיז פארטי מיקס פיקניק קראנץ 60 גר,Unknown,0.00,Unknown,false,10,11.90,0.0000,true,1,50207
50000578238,false,"""פריסקיז פארטי מיקס קרייזי צ'יז 60 גרם",נסטלה פורינה פטקר ארצות,US,פריסקיז פארטי מיקס קרייזי ציז 60 גר,Unknown,0.00,Unknown,false,10,11.90,0.0000,true,1,50208
51000002846,false,מיץ ירקות V8 אורגינל,INTERNATIONAL AMERIC,IL,מיץ ירקות ויטמין 8 946 מל פיקדון,מיליליטרים,946.00,"100 מ""ל",false,1,20.00,2.1142,true,1,4171
51131978393,true,זוג דבק סופר גלו גל,,,זוג דבק סופר גלו גל,Each,0.00,Each,false,,18.90,0.0000,true,1,14869
51135807514,true,דבק סופר גלו 4 שפופר,,,דבק סופר גלו 4 שפופר,Each,0.00,Each,false,,15.90,0.0000,true,1,14878
51141234892,false,גליל ניירות דביקים 60 יחיודות סקוטש ברייט,3m,,גליל ניירות דביקים 60 דף סקוטש ברייט,יחידה,60.00,יחידה,false,1,25.90,0.4317,true,1,41104
51141314990,true,מתלה אמבט דמוי ניקל,,,מתלה אמבט דמוי ניקל,Each,0.00,Each,false,,25.90,0.0000,true,1,14882
51141334455,false,גליל דבק דו צדדי,3m,,גליל דבק דו צדדי,יחידה,1.00,יחידה,false,1,19.90,19.9000,true,1,40542
51141917733,true,דבק סופר גלו בקבוק פ,,,דבק סופר גלו בקבוק פ,Each,0.00,Each,false,,20.90,0.0000,true,1,14877
52000324860,false,"משקה ספורט בטעם מרענן ""גטורייד"" 591 מ""ל",פפסי קולה ג'נרל בוטל,US,משקה גטורייד מרענן 590 מל פיקדון,מיליליטרים,590.00,"100 מ""ל",false,1,10.90,1.8475,true,1,19086
52100002460,true,תערובת לעוף מונטריאו,,,תערובת לעוף מונטריאו,Each,0.00,Each,false,,19.90,0.0000,true,1,23221
52100002477,true,תבלין קרי הודי מקורמ,,,תבלין קרי הודי מקורמ,Each,0.00,Each,false,,18.90,0.0000,true,1,23217
52100002613,true,כורכום טחון מקורמיק,,,כורכום טחון מקורמיק,Each,0.00,Each,false,,18.90,0.0000,true,1,23238
52100004389,true,קנמון טחון מקורמיק 6,,,קנמון טחון מקורמיק 6,Each,0.00,Each,false,,19.90,0.0000,true,1,27152
52100006260,true,אבקת שום מקורמיק 88.,,,אבקת שום מקורמיק 88.,Each,0.00,Each,false,,27.90,0.0000,true,1,23227
52100006468,true,אבקת בצל מקורמיק 56.,,,אבקת בצל מקורמיק 56.,Each,0.00,Each,false,,18.90,0.0000,true,1,23241
52100006765,true,פלפל אדום מקורמיק 42,,,פלפל אדום מקורמיק 42,Each,0.00,Each,false,,18.90,0.0000,true,1,23244
52100006987,true,עלי דפנה מקורמיק 3.4,,,עלי דפנה מקורמיק 3.4,Each,0.00,Each,false,,18.90,0.0000,true,1,23246
52100030043,true,פלפל שחור טחון גס מק,,,פלפל שחור טחון גס מק,Each,0.00,Each,false,,19.90,0.0000,true,1,23222
52100036670,false,מלח הימליה ורוד במטחנה 70 גר,מקורמיק,US,מלח הימליה ורוד מקורמיק מטחנה 70 גר,Unknown,0.00,Unknown,false,1,18.90,0.0000,true,1,27151
52100041155,true,תערובת מקורמיק מלח ה,,,תערובת מקורמיק מלח ה,Each,0.00,Each,false,,24.90,0.0000,true,1,27147
52100070766,false,תמצית מייפל מקורמיק,מקורמיק,,תמצית מייפל מקורמיק 29 מל,Unknown,0.00,Unknown,false,1,16.90,0.0000,true,1,38204
52100070995,true,תמצית וניל מקורמיק 2,,,תמצית וניל מקורמיק 2,Each,0.00,Each,false,,10.90,0.0000,true,1,23213
52100634586,false,תערובת תיבול שום ומלח ים במטחנה 44 גר,מקרומיק תבלינים,FR,תבלין מלח שום 44 גר במטחנה,Unknown,0.00,Unknown,false,1,19.90,0.0000,true,1,8163
52100746029,false,מלח ים מקורמיק 60 ג,מקרומיק תבלינים,FR,מלח מקורמיק 60 ג במטחנה,Unknown,0.00,Unknown,false,1,18.90,0.0000,true,1,5584
55369901284,true,מארז 4יח רסק תפוע מנ,,,מארז 4יח רסק תפוע מנ,Each,0.00,Each,false,,16.00,0.0000,true,1,12997
55369901673,true,מארז 4יח רסק תפוע אפ,,,מארז 4יח רסק תפוע אפ,Each,0.00,Each,false,,16.00,0.0000,true,1,8569
55369901703,true,מארז 4יח רסק תפוע תו,,,מארז 4יח רסק תפוע תו,Each,0.00,Each,false,,16.00,0.0000,true,1,8568
55369902342,false,אפלסנקס צנצנת רסק תפוחי עץ ממותק בסגנון ביתי 680 גרם עברית,לייהי אורצ'רדס,CA,רסק תפוח עץ ביתי 709 גר צנצנת,גרמים,709.00,100 גרם,false,1,16.00,2.2567,true,1,4315
55369902557,true,מארז 4יח רסק תפוע בי,,,מארז 4יח רסק תפוע בי,Each,0.00,Each,false,,16.00,0.0000,true,1,5968
55369902564,true,מארז 4 יח רסק תפוע ל,,,מארז 4 יח רסק תפוע ל,Each,0.00,Each,false,,16.00,0.0000,true,1,5967
55369903295,true,רסק תפוע ללא סוכר652,,,רסק תפוע ללא סוכר652,Each,0.00,Each,false,,16.00,0.0000,true,1,14893
55500012046,false,כלורוקס קלין אפ מרסס נוזל לניקוי רב תכלי,כלורוקס אוקלנד,US,כלורקס קלין אפ מרסס 946 מל,מיליליטרים,946.00,"100 מ""ל",false,1,19.90,2.1036,true,1,2398
57000009403,false,רוטב לסטייק היינץ 40,היינץ,,רוטב לסטייק היינץ 425 מל,מיליליטרים,425.00,"100 מ""ל",false,1,17.90,4.2118,true,1,6069
63435703274,true,נייר טואלט רויאל אול,,,נייר טואלט רויאל אול,Each,0.00,Each,false,,34.90,0.0000,true,1,30055
63435711033,true,ממחטות אף רויאל טישו,,,ממחטות אף רויאל טישו,Each,0.00,Each,false,,9.90,0.0000,true,1,15895
63435730034,true,מפיות נייר 3 שכבות ר,,,מפיות נייר 3 שכבות ר,Each,0.00,Each,false,,14.90,0.0000,true,1,14812
65627019712,true,ביסקוויט ספקולס דה ר,,,ביסקוויט ספקולס דה ר,Each,0.00,Each,false,,8.90,0.0000,true,1,32112
69145102000,true,עוגיות קנטוציני שקדי,,,עוגיות קנטוציני שקדי,Each,0.00,Each,false,,14.90,0.0000,true,1,14456
70177077693,true,תה ברקפסט טווינינגס,,,תה ברקפסט טווינינגס,Each,0.00,Each,false,,18.90,0.0000,true,1,13515
70177078744,true,תה אינגלש ברקפסט טוו,,,תה אינגלש ברקפסט טוו,Each,0.00,Each,false,,19.90,0.0000,true,1,15629
70177078904,true,תה אינגליש ברקפסט טו,,,תה אינגליש ברקפסט טו,Each,0.00,Each,false,,34.90,0.0000,true,1,15438
70177084738,false,טווינינגס שחור רד פרוט 50 גרם,אר.טווינינג אנד קומפני א,PL,תה טווינינגס שחור פירות אדומים 25 שקיקים,יחידה,25.00,יחידה,false,1,18.90,0.7560,true,1,41209
70177084769,false,תה שחור ונילה טווינגס 50 גרם,אר.טווינינג אנד קומפני א,PL,תה טווינינגס שחור ונילה 25 שקיקים,יחידה,25.00,יחידה,false,1,18.90,0.7560,true,1,41207
70177086664,true,תה ירוק טהור טווינינ,,,תה ירוק טהור טווינינ,Each,0.00,Each,false,,19.90,0.0000,true,1,7142
70177120948,false,טווינינגס שחור אפל & סינמון 50 גרם,אר.טווינינג אנד קומפני א,PL,תה טווינינגס שחור תפוח קינמון 25 שקיקים,יחידה,25.00,יחידה,false,1,18.90,0.7560,true,1,41208
70177173173,true,תה ירוק ארל גריי טוו,,,תה ירוק ארל גריי טוו,Each,0.00,Each,false,,19.90,0.0000,true,1,16257
70177173746,true,תה ירוק דבש ו למון ט,,,תה ירוק דבש ו למון ט,Each,0.00,Each,false,,19.90,0.0000,true,1,15977
70177175221,true,תה ירוק גינגר טוויני,,,תה ירוק גינגר טוויני,Each,0.00,Each,false,,19.90,0.0000,true,1,23274
70177176914,true,תה ארל גריי טווינינג,,,תה ארל גריי טווינינג,Each,0.00,Each,false,,19.90,0.0000,true,1,26671
70177177744,true,חליטת מנטה טווינינגס,,,חליטת מנטה טווינינגס,Each,0.00,Each,false,,17.90,0.0000,true,1,23285
70221011116,false,טובלרון - שוקולד חלב 100 גרם,טובלרון Toblerone,CH,שוקולד טובלרון חלב 100 ג,גרמים,100.00,100 גרם,false,1,6.90,6.9000,true,1,1995
70577000383,true,כוסמת שלמה מקולפת 36,,,כוסמת שלמה מקולפת 36,Each,0.00,Each,false,,23.50,0.0000,true,1,1617
70970471254,true,סוכריות מייק אנד איי,,,סוכריות מייק אנד איי,Each,0.00,Each,false,,10.00,0.0000,true,1,10528
70970471261,true,סוכריות מייק אנד איי,,,סוכריות מייק אנד איי,Each,0.00,Each,false,,10.00,0.0000,true,1,10529
70970471278,true,סוכריות מייק אייק פ,,,סוכריות מייק אייק פ,Each,0.00,Each,false,,10.00,0.0000,true,1,15028
70970473562,true,סוכריות מייק אנד איי,,,סוכריות מייק אנד איי,Each,0.00,Each,false,,10.00,0.0000,true,1,22609
70970473609,true,סוכריות מייק אנד איי,,,סוכריות מייק אנד איי,Each,0.00,Each,false,,10.00,0.0000,true,1,28171
71570001667,false,גלי בלי סוכריות 20 טעמים 70 גרם,ג'לי בלי קינדי,TH,סוכריות גלי בלי מעורב 70 גרם,Unknown,0.00,Unknown,false,1,11.90,0.0000,true,1,26131
71570001841,false,גלי בלי סוכריות בטעמים חמוצים 70 גרם,ג'לי בלי קינדי,TH,סוכריות גלי בלי חמוץ 70 גר,Unknown,0.00,Unknown,false,1,11.90,0.0000,true,1,21558
71570001858,false,גלי בלי סוכריות מיקס פירות 70 גרם,ג'לי בלי קינדי,TH,סוכריות גלי בלי מיקס פירות 70 גרם,Unknown,0.00,Unknown,false,1,11.90,0.0000,true,1,26133
72600005846,true,חטיף טורטייה דיפר תי,,,חטיף טורטייה דיפר תי,Each,0.00,Each,false,,28.90,0.0000,true,1,12772
72600007130,false,הר חטיף תפוח אדמה חלפינו חריף 170 גרם,הר פודס,US,חטיף הר ציפס חלפיניו חריף 170 גר,גרמים,145.00,100 גרם,false,1,22.90,15.7931,true,1,20424
72600009257,true,חטיף טורטייה ציפס תי,,,חטיף טורטייה ציפס תי,Each,0.00,Each,false,,24.90,0.0000,true,1,12773
72600062306,true,חטיף גבינה הר ציפס כ,,,חטיף גבינה הר ציפס כ,Each,0.00,Each,false,,24.90,0.0000,true,1,12063
72600062320,true,חטיף גבינה הר ציפס פ,,,חטיף גבינה הר ציפס פ,Each,0.00,Each,false,,24.90,0.0000,true,1,16705
73490129919,true,ביסקויט קסטה הדר 250,,,ביסקויט קסטה הדר 250,Each,0.00,Each,false,,5.50,0.0000,true,1,4092
73575295003,true,חומץ אורז מתובל מיצק,,,חומץ אורז מתובל מיצק,Each,0.00,Each,false,,22.50,0.0000,true,1,13116
73970102043,true,משקה דובדבן שחור דר,,,משקה דובדבן שחור דר,Each,0.00,Each,false,,10.50,0.0000,true,1,3257
73970102067,true,משקה מוגז רוט ביר 35,,,משקה מוגז רוט ביר 35,Each,0.00,Each,false,,10.50,0.0000,true,1,3256
74261021333,true,רוטב סויה מיושן תמרי,,,רוטב סויה מיושן תמרי,Each,0.00,Each,false,,37.90,0.0000,true,1,8090
74261110334,true,רוטב סויה תמרי 1 ל,,,רוטב סויה תמרי 1 ל,Each,0.00,Each,false,,35.90,0.0000,true,1,3756
74261130103,true,רוטב טריאקי תמרי כתו,,,רוטב טריאקי תמרי כתו,Each,0.00,Each,false,,18.90,0.0000,true,1,1638
74261130165,true,רוטב טריאקי תמרי כת,,,רוטב טריאקי תמרי כת,Each,0.00,Each,false,,28.90,0.0000,true,1,8092
74261140201,true,רוטב סויה תמרי 500 מ,,,רוטב סויה תמרי 500 מ,Each,0.00,Each,false,,23.50,0.0000,true,1,1886
74261150101,true,רוטב סויה תמרי 296 מ,,,רוטב סויה תמרי 296 מ,Each,0.00,Each,false,,16.90,0.0000,true,1,3757
74261150163,false,רוטב סויה תמרי דל נת,מנדרין סוי סוס,,רוטב סויה תמרי דל נתרן 500 מל,מיליליטרים,500.00,"100 מ""ל",false,1,27.90,5.5800,true,1,41083
74261155106,false,רוטב וושסטר טבעוני 2,,,רוטב וורצסטר טבעוני 296 מל,מיליליטרים,296.00,"100 מ""ל",false,1,21.90,7.3986,true,1,36689
74261201339,true,רוטב סויה תמרי דל נת,,,רוטב סויה תמרי דל נת,Each,0.00,Each,false,,37.90,0.0000,true,1,4587
74261202008,true,רוטב סויה תמרי דל נת,,,רוטב סויה תמרי דל נת,Each,0.00,Each,false,,18.90,0.0000,true,1,26140
74570004003,false,גלידה בטעם וניל 473 ג' האגן דאז,האגן-דאז,FR,גלידה האגן דאז פיינט וניל,גרמים,417.00,100 גרם,false,1,22.90,5.4916,true,1,3915
74570024001,false,גלידה בטעם תות שדה 473 ג' האגן דאז,האגן-דאז,FR,גלידה האגן דאז פיינט תות שדה,גרמים,417.00,100 גרם,false,1,22.90,5.4916,true,1,3916
74570174003,false,גלידה בטעם אגוזי מקדמיה 473 ג' האגן דאז,האגן-דאז,FR,גלידה האגן דאז פיינט אגוזי מקדמיה,מיליליטרים,473.00,"100 מ""ל",false,1,22.90,4.8414,true,1,3918
74570274000,false,גלידה בטעם קרם עוגיות 473 ג' האגן דאז,האגן-דאז,FR,גלידה האגן דאז פיינט קרם עוגיות,מיליליטרים,473.00,"100 מ""ל",false,1,22.90,4.8414,true,1,3919
74570610051,false,גלידה בטעם שוקולד בלגי 473 ג' האגן דאז,האגן-דאז,FR,גלידה האגן דאז פיינט שוקולד בלגי,גרמים,417.00,100 גרם,false,1,22.90,5.4916,true,1,3917
74680001961,false,רוטב טרטר עם רליש מת,ווברס,,רוטב טרטר עם ריליש לחיץ 295 מל,מיליליטרים,295.00,"100 מ""ל",false,1,22.00,7.4576,true,1,5485
74680008519,false,וובר מיונז בופאלו לחיץ 311 גרם,ווברס,,מיונז לחיץ ווברס באפלו311 גר,גרמים,311.00,100 גרם,false,1,23.90,7.6849,true,1,11006
74680008526,false,וובר מיונז שום לחיץ 311 גרם,ווברס,,מיונז לחיץ ווברס שום קלוי 311 גר,גרמים,311.00,100 גרם,false,1,23.90,7.6849,true,1,11004
74680008557,false,וובר מיונז ציפוטל 311 גרם,ווברס,,מיונז לחיץ ווברס ציפוטלה 311 גר,גרמים,311.00,100 גרם,false,1,23.90,7.6849,true,1,11007
74680008571,false,ממרח מיונז לחיץ וובר,ווברס,,מיונז לחיץ ווברס סרירצה 311 גר,גרמים,311.00,100 גרם,false,1,23.90,7.6849,true,1,18737
75039007979,true,רוטב פסטה מריה בזילי,,,רוטב פסטה מריה בזילי,Each,0.00,Each,false,,17.90,0.0000,true,1,24191
75039008013,true,רוטב פסטה מריה 680 ג,,,רוטב פסטה מריה 680 ג,Each,0.00,Each,false,,17.90,0.0000,true,1,24190
75810021354,true,רוטב סויה תמרי סאן ג,,,רוטב סויה תמרי סאן ג,Each,0.00,Each,false,,38.90,0.0000,true,1,10033
76840001767,true,גל. בן אנד גריס חמאת,,,גל. בן אנד גריס חמאת,Each,0.00,Each,false,,19.90,0.0000,true,1,32397
76840001774,true,גל. בן אנד גריס בצק,,,גל. בן אנד גריס בצק,Each,0.00,Each,false,,19.90,0.0000,true,1,32396
76840002306,false,חטיף בצק עוגיות בן א,בן אנד גריס,US,חטיף בצק עוגיות 227גר בן אנד גריס,גרמים,227.00,100 גרם,false,8,22.90,10.0881,true,1,41211
76840002542,true,גלידה בן אנד גריס פי,,,גלידה בן אנד גריס פי,Each,0.00,Each,false,,19.90,0.0000,true,1,33611
76840002566,true,גל.בן אנד גריס ל.חלב,,,גל.בן אנד גריס ל.חלב,Each,0.00,Each,false,,29.90,0.0000,true,1,33612
76840100156,false,"בן אנד גריס גלידת צרי גרסיה 500 מ""ל",מוצרי איכות אמריקאיים בע,IL,גל. בן אנד גריס דובדבנים פאדג 473 מל,מיליליטרים,473.00,"100 מ""ל",false,1,19.90,4.2072,true,1,3058
76840100989,true,גלידב בן אנד גריס פי,,,גלידב בן אנד גריס פי,Each,0.00,Each,false,,19.90,0.0000,true,1,26632
76840102051,true,גלידה בן אנד גריס קי,,,גלידה בן אנד גריס קי,Each,0.00,Each,false,,19.90,0.0000,true,1,31002
76840400027,true,גל.שוקולד בן אנד גרי,,,גל.שוקולד בן אנד גרי,Each,0.00,Each,false,,19.90,0.0000,true,1,3035
76840400218,true,גל.תות שדה בן אנד ג,,,גל.תות שדה בן אנד ג,Each,0.00,Each,false,,19.90,0.0000,true,1,11525
76840551941,true,גל. בן אנד גריס עוגת,,,גל. בן אנד גריס עוגת,Each,0.00,Each,false,,19.90,0.0000,true,1,21810
77343000233,false,נרות חימום אורה 50 יחי',"מנורה שי נר בע""מ",IL,נרות חימום 50 יח בשקית יצוא,Unknown,0.00,Unknown,false,1,10.90,0.0000,true,1,7168
77975010167,false,סניידרס חטיף מקלוני חיטה בתוספת דבש 340.2 גרם,סניידרס אוף האנובר,US,בייגלה סניידרס טוויסט עם דבש 340 גרם,גרמים,340.00,100 גרם,false,1,16.90,4.9706,true,1,20811
77975036976,false,מטבל עגבניות בחריפות עדינה סניידרס 439 ג',סניידרס אוף האנובר,US,סלסה סניידרס חריף עדין 439 גר,גרמים,439.00,100 גרם,false,1,16.90,3.8497,true,1,15803
77975036983,false,מטבל עגבניות בחריפות סניידרס 439 ג',סניידרס אוף האנובר,US,סלסה סניידרס חריף439 גר,גרמים,439.00,100 גרם,false,1,16.90,3.8497,true,1,15802
77975088234,false,סניידרס שברי בגיילה בטעם חלפיניו 340 ג',סניידרס אוף האנובר,US,שברי בייגלה חלפיניו 340 גרם,גרמים,340.00,100 גרם,false,1,16.90,4.9706,true,1,8474
77975091975,false,סנדוויץ' בייגלה סניידרס במילוי קרם בטעם פיצה 226.8 גר',ליימן מותגים,US,בייגלה סניידרס סנדוויף פיצה228.6 גרם,גרמים,229.00,100 גרם,false,12,16.90,7.3799,true,1,30333
77975093085,false,"בייגלה מצופה כעכים בציפוי שוקולד חלב, 141 ג סניידרס",סניידרס Snyder's,US,בייגלה סניידרס מצופה שוקולד חלב 141 גרם,גרמים,141.00,100 גרם,false,1,16.90,11.9858,true,1,49615
77975093108,false,"בייגלה מצופה כעכים בציפוי בטעם שוקולד לבן, 141 ג סניידרס",סניידרס Snyder's,US,בייגלה סניידרס מצופה שוקולד לבן 141 גרם,גרמים,141.00,100 גרם,false,1,16.90,11.9858,true,1,49616
77975094624,false,"סניידרס סנדוויץ בייגלה במילוי חמאת בוטנים , 226 ג'",סניידרס Snyder's,US,שברי בייגלה סניידרס במילוי ח.בוטנים280ג,גרמים,280.00,100 גרם,false,1,16.90,6.0357,true,1,35968
77975094761,false,סניידרס חטיפים על בסיס קמח חיטה בטעם גבינת צ'דר,סניידרס אוף האנובר,US,שברי בייגלה סניידרס צדר 340 גרם,גרמים,340.00,100 גרם,false,1,16.90,4.9706,true,1,38769
77975094778,false,שברי בייגלה סניידרס בטעם דבש חרדל 340 גר,סניידרס אוף האנובר,US,שברי בייגלה סיידרס דבש חרדל 340 גר,גרמים,340.00,100 גרם,false,1,16.90,4.9706,true,1,39525
77975095157,false,סניידרס שברי בייגלה בטעם חלפיניו 318 גרם,סניידרס Snyder's,US,שברי בייגלה סניידרס חלפיניו 318 גרם,גרמים,318.00,100 גרם,false,1,16.90,5.3145,true,1,48351
78300098362,true,טמפונים פלייטקס רגול,,,טמפונים פלייטקס רגול,Each,0.00,Each,false,,26.90,0.0000,true,1,26016
78300098379,true,טמפונים פלייטקס רגול,,,טמפונים פלייטקס רגול,Each,0.00,Each,false,,26.90,0.0000,true,1,26015
78300098393,true,טמפונים פלייטקס סופר,,,טמפונים פלייטקס סופר,Each,0.00,Each,false,,26.90,0.0000,true,1,26018
78895120318,false,רוטב למוקפץ עם סויה ושום 50 גרם LKK,לי קום קי פודס,CN,רוטב למוקפץ סויה ושום 50 גרם לי קום ק,Unknown,0.00,Unknown,false,12,6.90,0.0000,true,1,47262
78895121896,false,רוטב למוקפץ עם עגבניות ושום 70 ג' LKK,לי קום קי פודס,CN,רוטב למוקפץ עגבניות ושום70 גרם לי קום ק,Unknown,0.00,Unknown,false,12,6.90,0.0000,true,1,47267
78895131178,false,רוטב למוקפץ עם סויה ודבש 70 גרם LKK,לי קום קי פודס,CN,רוטב למוקפץ דבש וסויה 70 גרם לי קום ק,Unknown,0.00,Unknown,false,12,6.90,0.0000,true,1,47263
78895138603,false,רוטב למוקפץ חמוץ מתוק 60 גרם LKK,לי קום קי פודס,CN,רוטב למוקפץ חמוץ מתוק 60 גרם לי קום ק,Unknown,0.00,Unknown,false,12,6.90,0.0000,true,1,47266
78895148299,false,רוטב למוקפץ להכנת עוף קונג פאו 60 ג' LKK,לי קום קי פודס,CN,רוטב למוקפץ עוף קונג פאו 60 גרם לי קום ק,Unknown,0.00,Unknown,false,12,6.90,0.0000,true,1,47264
78895153453,false,רוטב סויה בהיר LEE KUM KEE,לי קום קיי Lee kum kee,CN,רוטב סויה בהיר לי קום קי 250 מל,מיליליטרים,250.00,"100 מ""ל",false,12,11.90,4.7600,true,1,35672
78895153460,false,רוטב סויה כהה לי קום,לי קום קיי Lee kum kee,CN,רוטב סויה כהה לי קום קי 250 מל,מיליליטרים,250.00,"100 מ""ל",false,12,12.90,5.1600,true,1,35673
79927080112,true,בייגלה מקלות חלולים,,,בייגלה מקלות חלולים,Each,0.00,Each,false,,19.90,0.0000,true,1,27932
79927081119,true,בייגלה מקלות חלולים,,,בייגלה מקלות חלולים,Each,0.00,Each,false,,19.90,0.0000,true,1,27931
79927102111,true,בייגלה מקלות חלולים,,,בייגלה מקלות חלולים,Each,0.00,Each,false,,16.90,0.0000,true,1,27930
84213017420,false,מסטמכר מיסלי אורגני עם אגוזים וצימוקים 500 גרם,מרום את קונפינו,DE,תערובת מיסלי אורגני אגוזים צימוקים 500ג,גרמים,500.00,100 גרם,false,1,17.90,3.5800,true,1,1710
84213017475,false,מסטמכר מיסלי אורגני עם פירות יבשים 500 גרם,מרום את קונפינו,DE,תערובת מיסלי אורגני עם פירות 500 ג,גרמים,500.00,100 גרם,false,1,17.90,3.5800,true,1,1711
84213017499,false,מסטמכר מיסלי אורגני עם פירות יער 500 גרם,מרום את קונפינו,DE,תערובת מיסלי אורגני פירות יער 500 ג,גרמים,500.00,100 גרם,false,1,17.90,3.5800,true,1,1712
84909007087,true,גרגירי טפיוקה שופרא,,,גרגירי טפיוקה שופרא,Each,0.00,Each,false,,8.50,0.0000,true,1,10994
85696607207,false,טופו מורינו במרקם רך {סגול}340 גרם כשר,פסיפיק נוטרישונל פוד,US,טופו רך מוריגאנא ללא גלוטן לייט 349 גר,גרמים,349.00,100 גרם,false,12,12.90,3.6963,true,1,24395
85696608044,true,טופו ללא גלוטן 349 ג,,,טופו ללא גלוטן 349 ג,Each,0.00,Each,false,,11.90,0.0000,true,1,12846
87000006928,false,"רום קפטן מורגן בלאק 750 מ""ל",אלכוהול (איי.בי.בי),,קפטיין מורגן כהה 750 מל פקדון,מיליליטרים,75000.00,"100 מ""ל",false,1,89.00,0.1187,true,1,40804
88586001338,false,יין סירה טו ויינז קו,"ארה""ב סיינט מישל ווי",,יין שיראז טו ויינז קולומביה 750 מל פיקדו,מיליליטרים,750.00,"100 מ""ל",false,1,45.00,6.0000,true,1,6468
88586403866,false,יין שרדונה טו ויינז,"ארה""ב סיינט מישל ווי",,יין שרדונה טו ויינז קולומביה750מל פיקדו,מיליליטרים,750.00,"100 מ""ל",false,1,45.00,6.0000,true,1,6472
89041081056,false,שמן סויה בתיבול צילי,Flavor full foods in,TW,שמן סויה בתיבול צילי 185 מל,מיליליטרים,185.00,"100 מ""ל",false,1,11.90,6.4324,true,1,4353
89397344300,false,דיניקולה רוטב פסטה עגבניות ובזיל 737 גרם,ג'יאובני פוד אינק,US,רוטב פסטה דיניקולה עם בזיליקום 737 גר,גרמים,737.00,100 גרם,false,12,16.90,2.2931,true,1,1793
89397344348,false,דיניקולה רוטב פסטה עם שום קלוי 737 גרם,ג'יאובני פוד אינק,US,רוטב פסטה דיניקולה עם שום קלוי 737 מל,מיליליטרים,737.00,"100 מ""ל",false,12,16.90,2.2931,true,1,1795
89397344362,false,רוטב דיניקולה פסטה בטעם מרינדה 737 גרם,ג'יאובני פוד אינק,US,רוטב פסטה דיניקולה מרינדה 737 מל,מיליליטרים,737.00,"100 מ""ל",false,12,16.90,2.2931,true,1,8585
93133737325,false,רוטב טריאקי שומשום עברית 566 גרם,אקזוטיק סאוס,US,רוטב טרייאקי מייקי שומשום 566 מל,מיליליטרים,566.00,"100 מ""ל",false,1,44.90,7.9329,true,1,8154
96086000072,false,מצת סובין 400 גרם לפסח,מצות אביב,IL,מצות עם סובין 400 ג אביב,גרמים,400.00,100 גרם,false,1,16.90,4.2250,true,1,3930
305210416383,true,קרם תחליב גוף וזלין,,,קרם תחליב גוף וזלין,Each,0.00,Each,false,,23.90,0.0000,true,1,20626
305213079004,true,קרם תחליב גוף וזלין,,,קרם תחליב גוף וזלין,Each,0.00,Each,false,,23.90,0.0000,true,1,20624
308910525744,false,אטריות אורז דקות 454 גרם ורמיצ'לי (כ),ליאן תאי רייס,TH,אטריות אורז דקות 454 ג,גרמים,454.00,100 גרם,false,1,10.90,2.4009,true,1,48175
350007641028,false,משחת שיניים 2 ב-1 הלבנה קולגייט 130 ג',קולגייט Colgate,MX,משחת שיניים קולגייט 130גר 2ב1 הלבנה,מיליליטרים,130.00,"100 מ""ל",false,12,19.90,15.3077,true,1,38039
350007641646,false,משחת שיניים ומי פה 2 ב-1 לנשימה רעננה,קולגייט Colgate,MX,משחת שיניים קולגייט 130גר 2ב1 רעננות,מיליליטרים,130.00,"100 מ""ל",false,12,19.90,15.3077,true,1,38038
608614327836,true,פריכיות כוסמת כורכום,,,פריכיות כוסמת כורכום,Each,0.00,Each,false,,12.90,0.0000,true,1,26265
611745285685,false,אבוקדו בשל מארז 2יחידות,"מור בריאות בע""מ",IL,אבוקדו בשל ארוז יח,Unknown,0.00,Unknown,false,1,9.90,0.0000,true,1,18277
613008742348,false,בקבוק אריזונה ג'נסינג ודבש 1 ליטר,"נטורלה גטרנק בע""\מn\",BG,משקה תה אריזונה גינסנג דבש 1ל בק.פקדון,ליטרים,1.00,ליטר,false,1,11.90,11.9000,true,1,35149
613008742409,false,בקבוק אריזונה אפרסק 1 ליטר,"נטורלה גטרנק בע""\מn\",DE,משקה תה אריזונה אפרסק 1ליטר בק.פקדון,ליטרים,1.00,ליטר,false,1,11.90,11.9000,true,1,35148
613008753290,true,משקה תה אריזונה אפרס,,,משקה תה אריזונה אפרס,Each,0.00,Each,false,,7.90,0.0000,true,1,28033
613008753351,true,משקה תה אריזונה רימו,,,משקה תה אריזונה רימו,Each,0.00,Each,false,,7.90,0.0000,true,1,28031
613008753382,true,משקה תה אריזונה אוכמ,,,משקה תה אריזונה אוכמ,Each,0.00,Each,false,,7.90,0.0000,true,1,28032
613008755461,false,בקבוק אריזונה אוכמניות 1 ליטר,"נטורלה גטרנק בע""\מn\",BG,משקה תה אריזונה אוכמניות 1ליטר בק.פקדון,ליטרים,1.00,ליטר,false,1,11.90,11.9000,true,1,35147
628154383659,false,דגני בוקר פרוטי פבלס פוסט 311 גרם,פוסט ארצות הברית,US,דגני פוסט פרוטי פבלס 311 גרם,גרמים,311.00,100 גרם,false,14,22.90,7.3633,true,1,48391
633824102201,false,"וודקה ואן גוך מלון 750 מ""ל",מזקקת קוימאנס טילבורג,NL,וודקה ואן גוך מלון 750 מל פקדון,מיליליטרים,750.00,"100 מ""ל",false,1,139.00,18.5333,true,1,30100
633824111838,false,"וודקה וואן גוך בטעם אננס, 750 מ''ל",מזקקת קוימאנס טילבורג,NL,וודקה ואן גוך אננס 750 מל פקדון,מיליליטרים,750.00,"100 מ""ל",false,1,139.00,18.5333,true,1,30099
637793000940,true,ריבה תפוז זינזר מקיי,,,ריבה תפוז זינזר מקיי,Each,0.00,Each,false,,20.00,0.0000,true,1,8013
637793024540,true,ריבת פטל שחור מקייס,,,ריבת פטל שחור מקייס,Each,0.00,Each,false,,20.00,0.0000,true,1,15991
638060269435,false,זוג ספוגים ללכלוך חז,3m,ES,זוג ספוגים ללכלוך חזק במיוחד סקוטש ברייט,יחידה,2.00,יחידה,false,12,12.90,6.4500,true,1,31976
639138513238,true,פילה הרינג מעושן 190,,,פילה הרינג מעושן 190,Each,0.00,Each,false,,12.90,0.0000,true,1,5460
639138527617,true,הרינג עגבניות ניו רו,,,הרינג עגבניות ניו רו,Each,0.00,Each,false,,12.90,0.0000,true,1,5462
639138527631,true,פילה הרינג ברוטב חרד,,,פילה הרינג ברוטב חרד,Each,0.00,Each,false,,12.90,0.0000,true,1,5461
644209307494,true,דנקן תערובת עוגת ילו,,,דנקן תערובת עוגת ילו,Each,0.00,Each,false,,19.50,0.0000,true,1,18168
644209307579,true,דנקן תערובת עוגת שוק,,,דנקן תערובת עוגת שוק,Each,0.00,Each,false,,19.50,0.0000,true,1,15976
644209311316,true,דנקן תערובת עוגת ברא,,,דנקן תערובת עוגת ברא,Each,0.00,Each,false,,21.90,0.0000,true,1,11295
644209332472,true,דנקן תערובת עוגת ברא,,,דנקן תערובת עוגת ברא,Each,0.00,Each,false,,26.90,0.0000,true,1,21259
644209405923,true,קרם וניל דנקן מוקצף,,,קרם וניל דנקן מוקצף,Each,0.00,Each,false,,21.90,0.0000,true,1,14561
644209405930,true,קרם שוקולד דנקן מוקצ,,,קרם שוקולד דנקן מוקצ,Each,0.00,Each,false,,21.90,0.0000,true,1,14560
644209405947,true,ציפוי דנקן לעוגה קרם,,,ציפוי דנקן לעוגה קרם,Each,0.00,Each,false,,21.90,0.0000,true,1,18189
644209420957,true,דנקן תערובת עוגת ברא,,,דנקן תערובת עוגת ברא,Each,0.00,Each,false,,22.90,0.0000,true,1,7274
649660013281,false,"היל ויו מיצוי מיץ שזיפים מיובשים 946 מ""ל",היל ויו,,מיץ שזיפים ללא סוכר 946מל היל ויו,מיליליטרים,946.00,"100 מ""ל",false,1,19.90,2.1036,true,1,15521
649660432020,true,שזיפים מיובשים ללא ג,,,שזיפים מיובשים ללא ג,Each,0.00,Each,false,,29.90,0.0000,true,1,15567
651080153515,true,קיסמי שיניים עם חוט,,,קיסמי שיניים עם חוט,Each,0.00,Each,false,,11.90,0.0000,true,1,21043
651080647519,true,קיסמי שיניים עם חוט,,,קיסמי שיניים עם חוט,Each,0.00,Each,false,,11.90,0.0000,true,1,19347
666522900053,false,ציברס ריבת דובדבנים שחורות 340 גרם,היסטון סוויטס ספרדס,,ריבת דומדומניות צייברס 340 גרם,גרמים,340.00,100 גרם,false,1,21.90,6.4412,true,1,22005
666522900084,false,ריבת גינגר צייברס340,היסטון סוויטס ספרדס,,ריבת גינגר צייברס340 גרם,גרמים,340.00,100 גרם,false,1,21.90,6.4412,true,1,22003
666522900091,false,צ`יברס מרמלדת תפוזים בסגנון אנגלי 340 גר,היסטון סוויטס ספרדס,,ריבת תפוז אנגלי צייברס 340 גרם,גרמים,340.00,100 גרם,false,1,21.90,6.4412,true,1,22004
666522900138,false,ריבה פודינג לימון 320 גרם,היסטון סוויטס ספרדס,,ריבת קרם לימון צייברס 320 גרם,גרמים,320.00,100 גרם,false,1,21.90,6.8437,true,1,22002
686412282984,false,נתחי טונה לבנה בשמן זית 220 גרם ORTIZ,אורטיז ORTIZ,ES,טונה אורטיז לבנה בשמן זית 220 גר צנצנת,גרמים,220.00,100 גרם,false,1,44.90,20.4091,true,1,34594
690903901117,false,מועך תפוא נירוסטה עי,,,מועך תפוא נירוסטה עילית,יחידה,1.00,יחידה,false,1,24.90,24.9000,true,1,36210
690903901544,false,כף סינון נירוסטה עיל,,,כף סינון נירוסטה עילית,יחידה,1.00,יחידה,false,1,24.90,24.9000,true,1,36209
693493008389,false,מעדן טבעוני פומאז יו,,IL,מעדן טבעוני פומאז יוגורט שקדים 120גר,גרמים,120.00,100 גרם,false,8,10.90,9.0833,true,1,39409
693493116671,false,מסכות כירורגיות 50 י,,,מארז 50יח מסכות פנים כירוגיות 3 שכבות,יחידה,50.00,יחידה,false,1,9.90,0.1980,true,1,45978
707595100114,false,פלפלים אדומים קלויים 480 ג' NESTOS,NESTOS,GR,פלפל אדום קלוי 480גרם נסטוס,גרמים,480.00,100 גרם,false,1,15.90,3.3125,true,1,17032
717273504875,true,ממרח מיונז ללא ביצים,,,ממרח מיונז ללא ביצים,Each,0.00,Each,false,,22.90,0.0000,true,1,15932
723830000100,false,"לגוניטאס ח""פ 355 מ""ל IPA בירה",מבשלת לגוניטאס,US,בירה לגוניטאס איי פי אי 355מל בק.פקדון,מיליליטרים,355.00,"100 מ""ל",false,24,12.90,3.6338,true,1,37013
723830770010,false,"לגוניטאס ח""פ 355 מ""ל DAYTIME בירה",מבשלת לגוניטאס,US,בירה לגוניטאס איי פי אי דאיי טיים 355מל,מיליליטרים,355.00,"100 מ""ל",false,24,12.90,3.6338,true,1,37014
728229123590,false,טרה אורגינל חטיף על בסיס ירקות שורש בטעם טבעי 110 גרם,הונדורס צ'יפס יצור א,HN,חטיף טרה ירקות אקזוטים 110 ג,גרמים,110.00,100 גרם,false,1,16.90,15.3636,true,1,4696
728229123811,false,טרה חטיף על בסיס ירקות שורש בתיבול ים תיכוני 110 גרם,הונדורס צ'יפס יצור א,HN,חטיף טרה מירקות אקזוטים מתובל 110 ג,גרמים,110.00,100 גרם,false,1,16.90,15.3636,true,1,4870
728229124764,false,טרה חטיף על בסיס בטטה עם מלח ים 110 גרם,היין פיוצ'ור נטורל פ,IN,חטיף טרה בטטה מלח ים 110 ג,גרמים,110.00,100 גרם,false,1,16.90,15.3636,true,1,24157
728229124771,false,טרה חטיף על בסיס בטטה בטעם ברביקיו 110 גרם,היין פיוצ'ור נטורל פ,IN,חטיף טרה מבטטה טעם ברביקו 110 ג,גרמים,110.00,100 גרם,false,1,16.90,15.3636,true,1,15195
728229124795,false,"חטיף טרה בטטה כשל""פ 110 גר",היין סלסטייאל גרופ,US,חטיף טרה בטטה 110 ג כשלפ,גרמים,110.00,100 גרם,false,1,16.90,15.3636,true,1,21426
728229130154,false,טרה חטיף על בסיס בטטה וסלק בטעם טבעי 110 גרם,הונדורס צ'יפס יצור א,HN,חטיף טרה בטטה וסלק 110 ג,גרמים,110.00,100 גרם,false,1,16.90,15.3636,true,1,7065
729612380033,true,גלילוני וופל בולרו ק,,,גלילוני וופל בולרו ק,Each,0.00,Each,false,,13.90,0.0000,true,1,1962
753182340302,true,אבקת וואסבי 35 גר קי,,,אבקת וואסבי 35 גר קי,Each,0.00,Each,false,,15.00,0.0000,true,1,10392
761720051108,true,סירופ קארו בהיר 453,,,סירופ קארו בהיר 453,Each,0.00,Each,false,,28.90,0.0000,true,1,3216
761720988183,true,אבקת אפיה ללא אלומינ,,,אבקת אפיה ללא אלומינ,Each,0.00,Each,false,,24.90,0.0000,true,1,22006
764793213336,false,יין פונצי ויניו ורדה,,PT,יין פונצי ויניו ורדה בלאן 750 מל,מיליליטרים,750.00,"100 מ""ל",false,6,45.00,6.0000,true,1,39576
768404001640,true,גל.קפה בן אנד גריס 5,,,גל.קפה בן אנד גריס 5,Each,0.00,Each,false,,19.90,0.0000,true,1,6896
769904000997,true,שקדי מרק 200 גר ללא,,,שקדי מרק 200 גר ללא,Each,0.00,Each,false,,14.90,0.0000,true,1,8032
770009010484,true,עטרות לאפיה לא מולבנ,,,עטרות לאפיה לא מולבנ,Each,0.00,Each,false,,14.90,0.0000,true,1,11039
770009250262,true,שקיות אוכל מנייר 100,,,שקיות אוכל מנייר 100,Each,0.00,Each,false,,21.90,0.0000,true,1,10482
777915888299,true,רוטב סויה אקיטה ללא,,,רוטב סויה אקיטה ללא,Each,0.00,Each,false,,18.90,0.0000,true,1,4253
786150000281,false,"שישייה בירה לף בראון בקבוק 330X6 מ""ל","אינבב, ברוורייפליין",BE,מארז 6יח בירה לף בראון 330מל בק.פקדון,מיליליטרים,1980.00,"100 מ""ל",false,1,47.90,2.4192,true,1,47841
810044130126,false,ספוג ניקוי סקרופ מאמ,,US,ספוג ניקוי סקרופ מאמי,יחידה,1.00,יחידה,false,24,17.90,17.9000,true,1,50348
810044130133,false,ספוג ניקוי סקרופ דאד,,US,ספוג ניקוי סקרופ דאדי,יחידה,1.00,יחידה,false,24,17.90,17.9000,true,1,50347
810165010260,false,סוכריות אורגניות על מקל חמוצות 85 גרם,,IL,סוכריות על מקל אורגניות חמוצות 85גר,Unknown,0.00,Unknown,false,1,19.90,0.0000,true,1,50459
810165011953,false,סוכריות על מקל אורגנ,,IL,סוכריות על מקל אורגניות ויטמין סי 85גר,Unknown,0.00,Unknown,false,1,19.90,0.0000,true,1,50458
812130020496,true,טרוביה סטיביה תערובת,,,טרוביה סטיביה תערובת,Each,0.00,Each,false,,24.90,0.0000,true,1,31339
819046000086,false,אינקה ציפס בטטה 142 גרם,אינקה קורפ אס.אי.אל,PE,חטיף אינקה ציפס בטטה 142 גר,גרמים,142.00,100 גרם,false,1,16.90,11.9014,true,1,18792
819046001274,false,אינקה ציפס ירקות שורש טרופיים 142 גר,Global Gourmet Produ,,חטיף אינקה ציפס ירקות שורש טרופי 142 גר,גרמים,142.00,100 גרם,false,1,16.90,11.9014,true,1,47432
835811000235,true,סכינים מסיבי עץ 20יח,,,סכינים מסיבי עץ 20יח,Each,0.00,Each,false,,12.90,0.0000,true,1,33513
835811000259,true,מזלגות מסיבי עץ 20יח,,,מזלגות מסיבי עץ 20יח,Each,0.00,Each,false,,12.90,0.0000,true,1,33514
835811000396,true,נייר אפיה תבנית מאור,,,נייר אפיה תבנית מאור,Each,0.00,Each,false,,11.90,0.0000,true,1,32085
835811000433,true,סכינים חד פעמי עבה,,,סכינים חד פעמי עבה,Each,0.00,Each,false,,21.90,0.0000,true,1,27173
835811000495,true,קערה תבור מרובע 1.8,,,קערה תבור מרובע 1.8,Each,0.00,Each,false,,8.90,0.0000,true,1,30182
835811000907,true,כוסות יין חד פעמי מע,,,כוסות יין חד פעמי מע,Each,0.00,Each,false,,12.90,0.0000,true,1,33512
835811001232,false,"נייר אפיה לתבנית עגולה 26 ס""מ - מארז 10 ניירות",האנג טונג,CN,נייר אפיה עגול 10יח קוטר 26,יחידה,10.00,יחידה,false,24,12.90,1.2900,true,1,35436
835811001638,true,מזלגות מיני חד פעמי,,,מזלגות מיני חד פעמי,Each,0.00,Each,false,,4.90,0.0000,true,1,15473
835811001645,true,כפיות מיני חד פעמי,,,כפיות מיני חד פעמי,Each,0.00,Each,false,,4.90,0.0000,true,1,15474
835811001652,true,כוסות חד פעמי לשתיה,,,כוסות חד פעמי לשתיה,Each,0.00,Each,false,,12.90,0.0000,true,1,15475
835811001676,true,תבניות אלומיניום מלב,,,תבניות אלומיניום מלב,Each,0.00,Each,false,,10.90,0.0000,true,1,23460
835811001782,true,זוג מזלג הגשה חד פעמ,,,זוג מזלג הגשה חד פעמ,Each,0.00,Each,false,,2.90,0.0000,true,1,13675
835811002000,true,כוס שתיה קרה פרימיום,,,כוס שתיה קרה פרימיום,Each,0.00,Each,false,,21.90,0.0000,true,1,18925
835811002093,true,מגש כוכב חד פעמי 33,,,מגש כוכב חד פעמי 33,Each,0.00,Each,false,,12.90,0.0000,true,1,18289
835811002116,true,מגש כוכב חד פעמי 27,,,מגש כוכב חד פעמי 27,Each,0.00,Each,false,,7.90,0.0000,true,1,18287
835811003823,true,קופסאות אחסון מלבן 1,,,קופסאות אחסון מלבן 1,Each,0.00,Each,false,,14.90,0.0000,true,1,22647
835811003830,true,גביעי אחסון 1ליטר 6י,,,גביעי אחסון 1ליטר 6י,Each,0.00,Each,false,,14.90,0.0000,true,1,22646
835811003847,true,גביעי אחסון 500מל עג,,,גביעי אחסון 500מל עג,Each,0.00,Each,false,,14.90,0.0000,true,1,22645
835811003854,true,גביעי אחסון 250מל עג,,,גביעי אחסון 250מל עג,Each,0.00,Each,false,,11.90,0.0000,true,1,22644
835811004455,true,קישקשים מנייר 125יח,,,קישקשים מנייר 125יח,Each,0.00,Each,false,,9.90,0.0000,true,1,32084
835811004684,true,עטרות מס 3 אלומ. לאפ,,,עטרות מס 3 אלומ. לאפ,Each,0.00,Each,false,,8.90,0.0000,true,1,10876
835811004691,true,עטרות מס 2 אלומ. לאפ,,,עטרות מס 2 אלומ. לאפ,Each,0.00,Each,false,,7.50,0.0000,true,1,10875
835811005018,true,כוס קריסטל יהלום 50,,,כוס קריסטל יהלום 50,Each,0.00,Each,false,,14.90,0.0000,true,1,8718
835811005193,true,מגש עגול 14 אינש פסי,,,מגש עגול 14 אינש פסי,Each,0.00,Each,false,,13.90,0.0000,true,1,9214
835811005339,false,זוג שקיות אוכל ארוז בקרטון הנמל,,,שקיות אוכל בקרטון מארז 2יח 150יח,יחידה,300.00,יחידה,false,1,8.90,0.0297,true,1,11369
835811005704,true,נייר עטיפה לכריכים 1,,,נייר עטיפה לכריכים 1,Each,0.00,Each,false,,9.90,0.0000,true,1,8132
835811005810,true,תבניות אלומ. מרובע ק,,,תבניות אלומ. מרובע ק,Each,0.00,Each,false,,10.90,0.0000,true,1,10431
835811005940,true,תבניות אלומיניום גדו,,,תבניות אלומיניום גדו,Each,0.00,Each,false,,10.90,0.0000,true,1,10430
835811005957,true,תבניות אלומיניום קטנ,,,תבניות אלומיניום קטנ,Each,0.00,Each,false,,10.90,0.0000,true,1,10429
835811006435,true,תב. אלומיניום מלבן ע,,,תב. אלומיניום מלבן ע,Each,0.00,Each,false,,10.90,0.0000,true,1,12581
835811006534,true,כוסות קרטון 16 אונז,,,כוסות קרטון 16 אונז,Each,0.00,Each,false,,23.90,0.0000,true,1,12053
835811006695,true,תבניות קוקוטים לאפיה,,,תבניות קוקוטים לאפיה,Each,0.00,Each,false,,8.90,0.0000,true,1,11365
835811007166,true,כוסות קפה+מכסה לדרך,,,כוסות קפה+מכסה לדרך,Each,0.00,Each,false,,13.90,0.0000,true,1,8392
835811007357,true,צלחות סלטינות אובלי,,,צלחות סלטינות אובלי,Each,0.00,Each,false,,8.90,0.0000,true,1,8391
835811007562,true,תבניות קרטון אינגליש,,,תבניות קרטון אינגליש,Each,0.00,Each,false,,9.90,0.0000,true,1,3948
835811008132,true,מארז 6 יח ספוגי מתכת,,,מארז 6 יח ספוגי מתכת,Each,0.00,Each,false,,13.90,0.0000,true,1,6518
835811008347,true,גפרור ענק,,,גפרור ענק,Each,0.00,Each,false,,5.90,0.0000,true,1,8299
835811008699,true,כפות עבות במיוחד 50,,,כפות עבות במיוחד 50,Each,0.00,Each,false,,21.90,0.0000,true,1,8417
835811008927,true,כוס ויסקי גבוהה 10 י,,,כוס ויסקי גבוהה 10 י,Each,0.00,Each,false,,16.90,0.0000,true,1,8415
835811008934,true,מזלג עבה במיוחד 50 י,,,מזלג עבה במיוחד 50 י,Each,0.00,Each,false,,21.90,0.0000,true,1,8394
835811008958,true,כפיות עבה במיוחד 50,,,כפיות עבה במיוחד 50,Each,0.00,Each,false,,21.90,0.0000,true,1,8395
835811008989,true,כוסות מקרטון 12 אונז,,,כוסות מקרטון 12 אונז,Each,0.00,Each,false,,19.90,0.0000,true,1,8193
835811008996,true,כוסות מקרטון 10 אונז,,,כוסות מקרטון 10 אונז,Each,0.00,Each,false,,18.90,0.0000,true,1,6360
835811009016,true,כוסות מקרטון 4 אונז,,,כוסות מקרטון 4 אונז,Each,0.00,Each,false,,8.90,0.0000,true,1,6359
835811009023,true,כוסות מקרטון 8 אונז,,,כוסות מקרטון 8 אונז,Each,0.00,Each,false,,13.90,0.0000,true,1,8194
835811009184,true,צלחת אלגנט ענקית 18,,,צלחת אלגנט ענקית 18,Each,0.00,Each,false,,54.90,0.0000,true,1,8406
835811009214,true,צלחת אלגנט 7.5 סמ קט,,,צלחת אלגנט 7.5 סמ קט,Each,0.00,Each,false,,34.90,0.0000,true,1,8404
835811009238,true,שיפודי ענק שטוח במבו,,,שיפודי ענק שטוח במבו,Each,0.00,Each,false,,7.50,0.0000,true,1,8385
835811009313,true,כוס לשמפנייה 12 יח 5,,,כוס לשמפנייה 12 יח 5,Each,0.00,Each,false,,14.90,0.0000,true,1,8401
835811009412,true,צלחות קטנות צבעוני מ,,,צלחות קטנות צבעוני מ,Each,0.00,Each,false,,12.90,0.0000,true,1,6739
835811009429,true,צלחות גדולות צבעוני,,,צלחות גדולות צבעוני,Each,0.00,Each,false,,16.90,0.0000,true,1,6738
835811009436,true,צלחות ענק צבעוני מעו,,,צלחות ענק צבעוני מעו,Each,0.00,Each,false,,21.90,0.0000,true,1,6737
835811009696,true,כוס יין מרובעת 24 יח,,,כוס יין מרובעת 24 יח,Each,0.00,Each,false,,12.90,0.0000,true,1,8413
835811009795,true,כוס מרובעת 10 אונס 2,,,כוס מרובעת 10 אונס 2,Each,0.00,Each,false,,22.90,0.0000,true,1,8412
838913000127,false,מחית פירות דיביס להק,פיירטק הולדינג,,מחית פירות דיביס להקפאה 400 מל אורגני,גרמים,400.00,100 גרם,false,1,24.90,6.2250,true,1,47825
841058006633,false,"אדג' ג'יל גילוח מועשר בשיבולת שועל 198 מ""ל",אנרג'ייזר,US,גל גילוח אדג מועשר בשיבולת שועל 210גר,גרמים,210.00,100 גרם,false,1,17.90,8.5238,true,1,35813
850004207093,false,תחליף בשר טחון ביונד,,,תחליף בשר טחון ביונד מיט 453 גר,גרמים,453.00,100 גרם,false,12,34.90,7.7042,true,1,35397
850004207789,false,בשר מיטבולס 290 ג' ביונד מיט,תאי פרזידנט פוד פאבל,US,כדורי מיטבולס ביונד מיט 290גר דיפלומט,גרמים,290.00,100 גרם,false,8,34.90,12.0345,true,1,39915
850006036028,false,מאפה חיטה מקלונים בטעם סלק בצל 400 ג' עבאדי,עבאדי,IL,מקלונים לניגוב עבאדי סלק ובצל 400 גרם,גרמים,400.00,100 גרם,false,1,18.90,4.7250,true,1,48195
851621000043,false,"בירה בלאנק 1664 בק בודד 330 מ""ל",,,בירה 1664 330מל בק. פקדון,מיליליטרים,330.00,"100 מ""ל",false,1,10.00,3.0303,true,1,28800
852629004750,false,רביעיית נקניקיות חרי,תאי פרזידנט פוד פאבל,US,נקניקיות חריפות ביונד מיט 4יח 100גר,גרמים,400.00,100 גרם,false,8,29.90,7.4750,true,1,39557
852629004774,false,נקניקיות ביונד מיט רביעייה 400 גר,סווג ריבר ביונד מיט ארהב,US,נקניקיות ביונד מיט 4יח 100גר,גרמים,400.00,100 גרם,false,8,29.90,7.4750,true,1,39556
856591000055,true,עוגיות עבאדי קריספי,,,עוגיות עבאדי קריספי,Each,0.00,Each,false,,18.90,0.0000,true,1,16263
856591000062,true,עוגיות עבאדי מלוח 40,,,עוגיות עבאדי מלוח 40,Each,0.00,Each,false,,18.90,0.0000,true,1,3885
856591000109,true,עוגיות מזרחיות פריך,,,עוגיות מזרחיות פריך,Each,0.00,Each,false,,18.90,0.0000,true,1,7436
856591000512,false,עוגיות מזרחיות מקלונים עם שומשום עבאדי 400 גרם,מאפיית יוסף ושמחה עבאדי,IL,מקלונים עבאדי לניגוב טעם טבעי 400 גרם,גרמים,400.00,100 גרם,false,1,18.90,4.7250,true,1,7435
856591000918,false,מארז שמיניית חטיף טבעי עבאדי,עבאדי,IL,מארז 8 יח חטיף טבעי עבאדי 40 גרם,גרמים,320.00,100 גרם,false,12,14.90,4.6563,true,1,39629
856591000949,false,עבאדי קטנטנים מאפה חיטה מלוח 350ג גר',עבאדי,IL,עבאדי קטנטנים מלוח 350 גרם,גרמים,350.00,100 גרם,false,15,17.90,5.1143,true,1,40606
856591000956,false,עוגיות קטנטנים של עבאדי טעם גריל 350 גרם,עבאדי,IL,עבאדי קטנטנים טעם גריל 350 גרם,גרמים,350.00,100 גרם,false,15,17.90,5.1143,true,1,48197
856591000970,false,מאפה חיטה עבאדי מקלונים בטעם חריף 400 גר,עבאדי,IL,מקלונים לניגוב עבאדי טעם חריף 400 גרם,גרמים,400.00,100 גרם,false,1,18.90,4.7250,true,1,48196
857527008640,false,חמאת חומוס בטעם קרימ,,,חמאת חומוס בטעם קרימי 284 גר פילד,גרמים,284.00,100 גרם,false,1,19.90,7.0070,true,1,40867
857527008657,false,חמאת חומוס בטעם צורו,,,חמאת חומוס בטעם צורו קינמון 284 גר פילד,גרמים,284.00,100 גרם,false,1,19.90,7.0070,true,1,40865
859547004084,false,ספוג ניקוי לימון פרש סקראב דדי,סקראב דאבי,VN,ספוג ניקוי סקרופ דאדי לימון,יחידה,1.00,יחידה,false,24,17.90,17.9000,true,1,47429
859547004329,false,ספוג ניקוי צבעוני סקראב דדי Scrub Daddy,סקארקיסט,VN,ספוג ניקוי סקרופ דאדי,יחידה,1.00,יחידה,false,24,17.90,17.9000,true,1,47426
859547004466,false,קירצוף וספוג ניקוי SCRUB DADDY,סקראב דאבי,VN,ספוג ניקוי סקרופ מאמי,יחידה,1.00,יחידה,false,24,17.90,17.9000,true,1,47427
859547004688,false,ספוג קרצוף סקראב דדי,,US,ספוג ניקוי סקרופ דודי,יחידה,1.00,יחידה,false,12,17.90,17.9000,true,1,47428
877300000777,true,ממרח צימיצורי נפטון,,,ממרח צימיצורי נפטון,Each,0.00,Each,false,,11.90,0.0000,true,1,17193
884912002372,true,ד.בוקר פוסט קרנברי ס,,,ד.בוקר פוסט קרנברי ס,Each,0.00,Each,false,,24.90,0.0000,true,1,9601
884912004710,true,ד.בוקר פוסט גרייפ נא,,,ד.בוקר פוסט גרייפ נא,Each,0.00,Each,false,,21.90,0.0000,true,1,14198
884912126115,true,ד.בוקר פוסט גריט גרי,,,ד.בוקר פוסט גריט גרי,Each,0.00,Each,false,,24.90,0.0000,true,1,7729
884912180629,true,ד.בוקר פוסט מרובעים,,,ד.בוקר פוסט מרובעים,Each,0.00,Each,false,,21.90,0.0000,true,1,14193
884912288745,false,פוסט קוקו פבלס 425 גרם,פוסט קונסומר ברנדס,US,דגני פוסט קקאו פבלס 425 גר,גרמים,425.00,100 גרם,false,1,22.90,5.3882,true,1,23745
884912359155,false,דגני בוקר האני באנצ'ס האני רוסטד פוסט 340 גרם,פוסט ארצות הברית,US,דגני פוסט האני באנצס רוסטד 340 גרם,גרמים,340.00,100 גרם,false,12,22.90,6.7353,true,1,48388
884912359162,false,האני באנצ' דגני בוקר עם שקדים פוסט 411 גרם,פוסט ארצות הברית,US,דגני פוסט האני באנצס שקדים 340 גרם,גרמים,340.00,100 גרם,false,12,22.90,6.7353,true,1,48387
884912359414,false,דגני בוקר האני באנצ'ס קינמון פוסט 340 גרם,פוסט ארצות הברית,US,דגני פוסט האני באנצס קינמון 340 גרם,גרמים,340.00,100 גרם,false,12,22.90,6.7353,true,1,48383
884912359421,false,דגני בוקר האני באנצ'ס מייפל ופקאן פוסט 340 גרם,פוסט ארצות הברית,US,דגני פוסט האני באנצס מייפל פקאן 340 גרם,גרמים,340.00,100 גרם,false,12,22.90,6.7353,true,1,48385
884912359483,false,דגני בוקר האני באנצ'ס תות פוסט 311 גרם,פוסט ארצות הברית,US,דגני פוסט האני באנצס תות 311 גרם,גרמים,311.00,100 גרם,false,12,22.90,7.3633,true,1,48384
884912365200,false,דגני בוקר אוראו שחור ולבן 311 גרם,פוסט ארצות הברית,US,דגני בוקר פוסט אוראו 311 גרם,גרמים,311.00,100 גרם,false,8,19.90,6.3987,true,1,50518
884912365217,false,דגני בוקר אוראו הדור הבא 311 גרם.,פוסט ארצות הברית,US,דגני בוקר פוסט אוראו 311 גרם,גרמים,311.00,100 גרם,false,8,20.90,6.7203,true,1,38196
884912377142,false,דגני בוקר האני באנצס וניל 340 ג' POST,פוסט ארצות הברית,US,דגני פוסט האני באנצס וניל 340 גרם,גרמים,340.00,100 גרם,false,12,22.90,6.7353,true,1,48386
885320010577,false,גו גו אטריות קינואה אורז טבעוני בטעם גבינה- אלבו 170 גרם,קומפניה,CA,תבשיל אורז וקינואה מאק 170 גרם,גרמים,170.00,100 גרם,false,12,21.90,12.8824,true,1,45574
885320010584,false,אורז+קינואה שלס טבעונ170,קומפניה,CA,תבשיל אורז וקינואה טבעונית 170 גרם,גרמים,170.00,100 גרם,false,12,21.90,12.8824,true,1,45573
885320010676,false,תבשיל אטריות גוגו טב,,CA,תבשיל אטריות גוגו טבעוני עדשים בטעם גבינ,גרמים,156.00,100 גרם,false,12,21.90,14.0385,true,1,47824
888849001224,true,חטיף חלבון קווסט סמו,,,חטיף חלבון קווסט סמו,Each,0.00,Each,false,,16.90,0.0000,true,1,32487
898193001252,false,בונומלי - חליטת קמומיל 28 גרם,הייר ליבינג,IT,בונומלי חליטת קמומיל אורגני 25 גר,יחידה,1.00,יחידה,false,4,15.90,15.9000,true,1,50767
1230000068116,false,המבורגר טבעוני ביונד,תאי פרזידנט פוד פאבל,US,המבורגר ביונד מיט מארז זוג 113גר,גרמים,226.00,100 גרם,false,8,39.90,17.6549,true,1,34417
1230000068314,false,בשר טחון מהצומח ביונד מיט 300 גרם,זנברגן וורלד פינסט מיט ב,NL,תחליף בשר טחון ביונד מיט 300 גר,גרמים,300.00,100 גרם,false,8,29.90,9.9667,true,1,39925
3012999150496,false,ליקר ברדינה קרם קסיס,ברדינה,,ליקר ברדינה קרם קסיס דיזו 700 מל פקדון,מיליליטרים,700.00,"100 מ""ל",false,1,55.00,7.8571,true,1,8779
3014260048723,true,מברשת שיניים אורל בי,,,מברשת שיניים אורל בי,Each,0.00,Each,false,,12.90,0.0000,true,1,19518
3014260240226,true,קצף גילוח גילט לעור,,,קצף גילוח גילט לעור,Each,0.00,Each,false,,15.90,0.0000,true,1,7149
3014260280772,true,חוט דנטלי אורל בי מנ,,,חוט דנטלי אורל בי מנ,Each,0.00,Each,false,,16.90,0.0000,true,1,5734
3014260836665,true,מארז זוג מברשת שיניי,,,מארז זוג מברשת שיניי,Each,0.00,Each,false,,34.90,0.0000,true,1,16789
3027030012541,false,תערובת להכנת קרם פטי,,FR,תערובת להכנת קרם פטיסייר 125 גר,גרמים,125.00,100 גרם,false,10,13.90,11.1200,true,1,45251
3027030012800,false,תערובת פלן אלזה פרנס,,FR,תערובת פלן אלזה פרנס וניל 250 גרם,גרמים,250.00,100 גרם,false,10,21.90,8.7600,true,1,47975
3027030028665,false,תערובת להכנת פלן וני,,FR,תערובת להכנת פלן וניל 180 גר,גרמים,180.00,100 גרם,false,10,15.90,8.8333,true,1,40795
3029330032120,true,מארז 4יח לחמניות מקס,,,מארז 4יח לחמניות מקס,Each,0.00,Each,false,,15.90,0.0000,true,1,30018
3029330072577,false,לחם לבן פאן לסנדוויץ,JACQUET,FR,לחם לבן פאן לסנדוויץ 550 גרם,גרמים,550.00,100 גרם,false,15,15.90,2.8909,true,1,44628
3029330072584,false,לחם מלא פאן לסנדוויצ,JACQUET,FR,לחם מלא פאן לסנדוויץ 550 גרם,גרמים,550.00,100 גרם,false,15,15.90,2.8909,true,1,44629
3035542004206,false,ליקר תפוזים קואנטרו700מל,רמי קואנטרו,FR,ליקר קואנטרו 750 מל פקדון,מיליליטרים,750.00,"100 מ""ל",false,1,150.00,20.0000,true,1,8706
3045140105526,false,מילקה מאגדת שוקולד מילקה חלב 5*100 גרם,מנדלז דויצ'\לנד סנקס פרו,DE,מאגדת 5 יח שוקולד מילקה חלב 100 גרם,גרמים,500.00,100 גרם,false,10,27.90,5.5800,true,1,38301
3045201106004,true,מסיר כתמים אידיאל כד,,,מסיר כתמים אידיאל כד,Each,0.00,Each,false,,22.90,0.0000,true,1,9297
3045201107001,true,מסיר כתמים אידיאל כד,,,מסיר כתמים אידיאל כד,Each,0.00,Each,false,,22.90,0.0000,true,1,9296
3045206312257,false,דזיטול מגבונים לכל משטח מחטא ומשמיד,יעקבי - דזיטול Desytol,ES,מגבוני דזיטול נגד חיידקים 24 יח,יחידה,24.00,יחידה,false,1,12.90,0.5375,true,1,9300
3045206360609,false,"דזיטול נוזל מחטא בגדים בכביסה, 1 ליטר",רלוי,ES,נוזל דזיטול מחטא בגדים בכביסה 1ליטר,ליטרים,1.00,ליטר,false,12,19.90,19.9000,true,1,46634
3046920010801,true,שוקולד לינדט אקסלנס,,,שוקולד לינדט אקסלנס,Each,0.00,Each,false,,16.90,0.0000,true,1,19124
3046920010856,true,שוקולד לינדט אקסלנס,,,שוקולד לינדט אקסלנס,Each,0.00,Each,false,,16.90,0.0000,true,1,31892
3046920016377,false,לינדט שוקולד אקסלנס מריר 100% קקאו 50 גר,לינדט ושפרונגלי,DE,שוקולד לינדט אקסלנס 100%ריר 50 גרם,Unknown,0.00,Unknown,false,1,16.90,0.0000,true,1,35167
3046920027281,true,שוקולד לינדט אקסלנס,,,שוקולד לינדט אקסלנס,Each,0.00,Each,false,,16.90,0.0000,true,1,14153
3046920029681,false,לינדט שוקולד אקסלנס מילד 85% קקאו 100 גר,לינדט ושפרונגלי,DE,שוקולד לינדט אקסלנס מילד85%מריר100 גרם,גרמים,100.00,100 גרם,false,1,16.90,16.9000,true,1,34858
3049614083983,false,שמפניה וו קליקו רוזה,Veuve Clicquot,,יין רוזה קליקו 750 מל באריזת מתנה,מיליליטרים,750.00,"100 מ""ל",false,1,399.00,53.2000,true,1,12611
3059943015128,true,מטהר אוויר אירוויק נ,,,מטהר אוויר אירוויק נ,Each,0.00,Each,false,,14.90,0.0000,true,1,7670
3059943016507,true,מ.אוויר אירוויק ספרי,,,מ.אוויר אירוויק ספרי,Each,0.00,Each,false,,10.90,0.0000,true,1,8183
3059943016569,true,מ.אוויר אירוויק ספרי,,,מ.אוויר אירוויק ספרי,Each,0.00,Each,false,,10.90,0.0000,true,1,8182
3068320103389,false,"מים מינרלים אוויאן 750 מ""ל זכוכית",,,מים מינרלים אויאן 750 מל זכוכית,מיליליטרים,750.00,"100 מ""ל",false,1,12.90,1.7200,true,1,8157
3068320127576,false,מים מינרלים אוויאן מבעבע 750 מל זכוכית,,,מים מינרלים אויאן מוגז 750מל בק.זכוכית,מיליליטרים,750.00,"100 מ""ל",false,1,12.90,1.7200,true,1,50297
3073780538442,false,גבינה לה וואש קירי ספרידי ממרח,"מפעלי גבינות ""ביל",,ממרח גבינת לואש קירי200 גרם,גרמים,200.00,100 גרם,false,1,18.90,9.4500,true,1,3100
3073780574242,false,גבינה לואש קירי 16 יח' 240 ג',,,גבינת לואש קירי מותכת 16 יח 240 גר,גרמים,240.00,100 גרם,false,1,22.90,9.5417,true,1,2278
3073780591591,false,גבינה לה וואש קירי 12 192 גרם,"מפעלי גבינות ""ביל",,גבינת לואש קירי מותכת 12 יח 192 גר,גרמים,192.00,100 גרם,false,1,17.90,9.3229,true,1,45177
3073780593083,false,גבינה לואש קירי 32 יח' 480 ג',"מפעלי גבינות ""ביל",,גבינת לואש קירי מותכת 32 יח 480גר,גרמים,480.00,100 גרם,false,1,42.90,8.9375,true,1,2280
3073780828628,false,גבינה בייבי בל אדום 120ג,מחלבות בל,FR,גבינת בייבי בל אדום 120 גר,גרמים,120.00,100 גרם,false,1,19.90,16.5833,true,1,7862
3073780839631,true,גבינת קירי מותכת 6 י,,,גבינת קירי מותכת 6 י,Each,0.00,Each,false,,12.90,0.0000,true,1,11698
3073781003338,true,גבינת לואש קירי לייט,,,גבינת לואש קירי לייט,Each,0.00,Each,false,,13.90,0.0000,true,1,11699
3073781010725,false,ממרח גבינת שמנת קירי,"מפעלי גבינות ""ביל",,ממרח גבינת קירי 200 גרם צנצנת,גרמים,200.00,100 גרם,false,1,21.90,10.9500,true,1,11290
3073781122596,false,ממרח גבינה לה וואש קירי בגביע 270 גרם,"מפעלי גבינות ""ביל",,ממרח גבינת לואש קירי 270 גרם בכוס,גרמים,270.00,100 גרם,false,1,24.90,9.2222,true,1,32684
3073781162790,false,גבינה מותכת בייבי בל 120 גרם,מחלבות בל,FR,גבינת בייבי בל אדום 120 גר,גרמים,120.00,100 גרם,false,1,17.90,14.9167,true,1,48527
3073781177220,false,גבינת בייבי בל רול 102 ג,מחלבות בל,FR,גבינת בייבי בל רול 102גר,גרמים,102.00,100 גרם,false,8,17.90,17.5490,true,1,49948
3090291119403,false,נורמנטל פרוסות 150 גרם,סבנסיה,FR,גבינת נורמנטל 150גר פרוס איל דה פרנס,גרמים,150.00,100 גרם,false,8,22.90,15.2667,true,1,39446
3092718605216,false,סירופ טסייר דובדבן 6,טסר,,סירופ טייסר דובדבן 600 מל צרפת,מיליליטרים,600.00,"100 מ""ל",false,1,25.90,4.3167,true,1,50197
3092718627881,false,סירופ צרפת טסייר מנט,טסר,,סירופ טסייר טעם מנטה 600מל צרפת,מיליליטרים,600.00,"100 מ""ל",false,1,25.90,4.3167,true,1,48484
3092718628260,false,סירופ טעם פטל גרנדין,טסר,,סירופ טעם פטל גרנדין 600מל טסייר צרפת,מיליליטרים,600.00,"100 מ""ל",false,1,25.90,4.3167,true,1,49295
3124480186584,false,משקה אוהזיס טרופיקל,,FR,משקה אוהזיס טרופיקל 330מל פירות יער פחית,מיליליטרים,330.00,"100 מ""ל",false,24,7.90,2.3939,true,1,49320
3124480186676,false,משקה אוהזיס טרופיקל,,FR,משקה אוהזיס טרופיקל 330מל פירות יער פחית,מיליליטרים,330.00,"100 מ""ל",false,24,7.90,2.3939,true,1,28668
3134375003513,true,דבק כללי חזק במיוחד,,,דבק כללי חזק במיוחד,Each,0.00,Each,false,,16.90,0.0000,true,1,14879
3155700000212,true,שמן אגוזי 500 מל לא,,,שמן אגוזי 500 מל לא,Each,0.00,Each,false,,44.90,0.0000,true,1,15472
3155700000700,true,שמן אגוזי מלך 1 ל לא,,,שמן אגוזי מלך 1 ל לא,Each,0.00,Each,false,,64.90,0.0000,true,1,13879
3159560595000,false,יין רוזה דאנזו קאלוו,צרפת גראן שה דה פראנ,,יין רוזה דאנזו קאלווה 750מל פקדון,מיליליטרים,750.00,"100 מ""ל",false,1,45.00,6.0000,true,1,10251
3161420002535,false,סנט רמי נפוליאון ברנ,רמי קואנטרו,,ברנדי סנט רמי איקס או 700 מל פקדון,מיליליטרים,700.00,"100 מ""ל",false,1,99.90,14.2714,true,1,8721
3161712996108,false,גבינת מיני קממבר 125,סבנסיה,FR,גבינת מיני קממבר 125גרם איל דה פרנס,גרמים,125.00,100 גרם,false,12,24.90,19.9200,true,1,39443
3161712996146,false,גבינת מיני ברי 125גר,סבנסיה,FR,גבינת מיני ברי 125גרם איל דה פרנס,גרמים,125.00,100 גרם,false,12,24.90,19.9200,true,1,39442
3161712996153,false,מיני ברי כחולה 125 גרם,סבנסיה,FR,גבינת מיני ברי כחולה 125גרם איל דה פרנס,גרמים,125.00,100 גרם,false,12,24.90,19.9200,true,1,39444
3161911229199,false,חמאה צרפתית רכה למריחה אל & ויר 250 גרם,אלל אה וויר,FR,חמאה רכה אלויר 250 גרם,גרמים,250.00,100 גרם,false,1,19.90,7.9600,true,1,1525
3161911366429,false,חמאה צרפתית מלוחה רכה למריחה אלוויר 250 גר',ארזינא,FR,חמאה רכה מלוחה אלויר 250 גרם,גרמים,250.00,100 גרם,false,1,19.90,7.9600,true,1,1954
3161911393210,false,אלוויר חמאת נורמנדי מלוחה 200 גרם,אלוויר,FR,חמאת נורמנדי מלוחה 200גר אלוויר,גרמים,200.00,100 גרם,false,40,17.90,8.9500,true,1,48102
3174660097995,true,קוביות סוכר חום 750,,,קוביות סוכר חום 750,Each,0.00,Each,false,,29.90,0.0000,true,1,13455
3175460000017,false,גבינת בורסאן שום ועשבי תיבול 150 גר,השחר,FR,גבינת בורסן שום ועשבי תיבול 150 גרם,גרמים,150.00,100 גרם,false,1,18.90,12.6000,true,1,5763
3175460000062,false,גבינת בורסאן פלפל שחור 150 גרם,השחר,FR,גבינת בורסן פלפל 150 גרם,גרמים,150.00,100 גרם,false,1,18.90,12.6000,true,1,4479
3175460000864,false,גבינת בורסאן טבעי 150 גר,Unknown,FR,גבינת בורסן טבעי 150 גרם,גרמים,150.00,100 גרם,false,1,18.90,12.6000,true,1,2983
3175460030083,false,גבינת בורסאן בצל ועירית 150 גר,השחר,FR,גבינת בורסן בצל ועירית 150 גרם,גרמים,150.00,100 גרם,false,1,18.90,12.6000,true,1,4555
3176580111935,true,גבינת ברי איל דפרנס,,,גבינת ברי איל דפרנס,קילוגרמים,1.00,"ק""ג",true,,159.00,159.0000,true,1,27257
3176780033891,false,יין קווה סוביניון בל,צרפת גראן שה דה פראנ,,יין קווה סוביניון בלאן קיווי 750מל פקדון,מיליליטרים,750.00,"100 מ""ל",false,1,40.00,5.3333,true,1,10683
3178530402353,false,עוגות מיני מדלן קלאסי סאן מישל 175 גרם,סאן מישל ביסוויט,FR,עוגיות מדלן רכות סן מישל 175 גרם,גרמים,175.00,100 גרם,false,1,11.90,6.8000,true,1,17109
3178530407938,false,עוגיות מיני מדליין עם שוקוצ'יפס סאן מישל 175 גרם,סאן מישל,FR,עוגיות מיני מדליין סן מישל 175גרם,גרמים,175.00,100 גרם,false,1,11.90,6.8000,true,1,17107
3178530411478,false,ביסקוויטים גאלט עם חמאה ומלח ים,סן מישל St Michel,FR,עוגיות גאלט חמאה סנט מישל קלאסי 150 גרם,גרמים,150.00,100 גרם,false,1,14.90,9.9333,true,1,17103
3178530417357,false,בראוניז שוקולד לבן סנט מישל 210 גרם,סן מישל,FR,עוגת אישית סנט מישל בראוניז לבן210גרם,גרמים,210.00,100 גרם,false,12,17.90,8.5238,true,1,38452
3178530417418,false,דונאט עם שוקולד צ'יפס 180 גרם סן מישל,סן מישל St Michel,FR,עוגיות סן מישל דונאט שוקוציפס180 גרם,גרמים,180.00,100 גרם,false,12,16.90,9.3889,true,1,31532
3179732348913,true,מים מינרלים פרייה 1,,,מים מינרלים פרייה 1,Each,0.00,Each,false,,10.90,0.0000,true,1,6904
3179732348944,true,מארז 6יח מים פרייה,,,מארז 6יח מים פרייה,Each,0.00,Each,false,,45.00,0.0000,true,1,6940
3183280028036,true,מלח ים גס אטלנטי 1 ק,,,מלח ים גס אטלנטי 1 ק,Each,0.00,Each,false,,16.90,0.0000,true,1,30051
3225820056380,false,יין שאטו פילו בורדו,שאטו פילו,FR,יין שאטו פילו בורדו 750 מל,מיליליטרים,750.00,"100 מ""ל",false,6,60.00,8.0000,true,1,39245
3252920012305,false,חמאה 250גרם לה גאל,,GR,חמאה 250גרם לה גאל,גרמים,250.00,100 גרם,false,,22.90,9.1600,true,1,36763
3252920022502,false,גבינת שמנת טבעי 150ג,,,גבינת שמנת טבעי 150גר לה גל,גרמים,150.00,100 גרם,false,,13.90,9.2667,true,1,36749
3252920022526,false,גבינת שמנת עשבי תיבו,,,גבינת שמנת עשבי תיבול 150גר לה גל,גרמים,150.00,100 גרם,false,,13.90,9.2667,true,1,36751
3254550033217,false,סנט מור גבינת ברי איסיני 220 גרם,אף.סי תבליני בגליל ב,FR,גבינת ברי איסיני 220 גרם,גרמים,220.00,100 גרם,false,1,26.90,12.2273,true,1,14158
3254550033279,false,גבינת קממבר 250 גרם סנט מר,איסיני סנט מור,FR,גבינת קממבר איסיני 250 גרם,גרמים,250.00,100 גרם,false,1,26.90,10.7600,true,1,14159
3270620001757,false,"קוניאק VS לואי רוייה 700 מ""ל",,,קוניאק לואי רוייה וי אס 700 מל,מיליליטרים,700.00,"100 מ""ל",false,1,129.00,18.4286,true,1,22741
3272770003148,false,שברו עיזים טבעי 150 גר,מיוצר עי קונדיטוריית,FR,גבינת שברו עיזים פרמידה 150 ג,גרמים,150.00,100 גרם,false,1,21.90,14.6000,true,1,3456
3274932102003,false,חמאה 250גרם לה גאל,,GR,חמאה 250גרם לה גאל,גרמים,250.00,100 גרם,false,,22.90,9.1600,true,1,37393
3279370101106,true,מעדן סלק 500 גרם,,,מעדן סלק 500 גרם,Each,0.00,Each,false,,5.90,0.0000,true,1,9825
3296180000160,true,יין פרין קוט דה רון,,,יין פרין קוט דה רון,Each,0.00,Each,false,,60.00,0.0000,true,1,6706
3296180004250,false,יין פרובנס מירבל רוז,,,יין מירבל רוזה יבש 750 מל פקדון,מיליליטרים,750.00,"100 מ""ל",false,1,115.00,15.3333,true,1,11520
3296180007794,true,יין פרובנס מירבאל סט,,,יין פרובנס מירבאל סט,Each,0.00,Each,false,,80.00,0.0000,true,1,29920
3335121604934,true,חרדל צאטל חלק 370 גר,,,חרדל צאטל חלק 370 גר,Each,0.00,Each,false,,10.00,0.0000,true,1,4903
3341501000173,true,גבינת סנט אגור במשקל,,,גבינת סנט אגור במשקל,קילוגרמים,1.00,"ק""ג",true,,199.00,199.0000,true,1,1956
3387390320244,true,דגני פיטנס עם פירות,,,דגני פיטנס עם פירות,Each,0.00,Each,false,,19.90,0.0000,true,1,4149
3415581117110,false,"האגן דאז שמנת קרמל ובסקוויטים 500 מ""ל",האגן-דאז,FR,גלידה האגן דאז פיינט קרמל וביסקויט,גרמים,430.00,100 גרם,false,1,22.90,5.3256,true,1,7964
3415581187113,false,גלידה בטעם וניל בראוניס 473 ג' האגן דאז,האגן-דאז,FR,גלידה האגן דאז פיינט וניל בראוניס,מיליליטרים,500.00,"100 מ""ל",false,1,22.90,4.5800,true,1,3923
3415587149924,false,האגן דאז פיינט בראוניז מקיאטו,האגן דאז,FR,גלידה האגן דאז בראוני מקיאטו 386גר,גרמים,386.00,100 גרם,false,8,22.90,5.9326,true,1,33065
3415587404054,false,שלגון האגן דאז שוקולד ושקדים,האגן דאז,FR,שלגון האגן דאז שוקולד ושקדים,יחידה,1.00,יחידה,false,1,10.00,10.0000,true,1,26905
3415587405181,false,שלגון תות שדה ושוקולד,האגן דאז,FR,שלגון האגן דאז תות שדה,יחידה,1.00,יחידה,false,1,10.00,10.0000,true,1,26906
3417840007514,true,יין סאנסר דומיין דה,,,יין סאנסר דומיין דה,Each,0.00,Each,false,,80.00,0.0000,true,1,34372
3428681000978,true,קוניאק דופוי וי אס 7,,,קוניאק דופוי וי אס 7,Each,0.00,Each,false,,150.00,0.0000,true,1,29313
3436802170417,true,יין שבלי ברוקרד פרמי,,,יין שבלי ברוקרד פרמי,Each,0.00,Each,false,,179.00,0.0000,true,1,15643
3436804100412,true,יין שבלי סנט קלייר ב,,,יין שבלי סנט קלייר ב,Each,0.00,Each,false,,100.00,0.0000,true,1,14505
3443092000119,false,יין בורגון לבן שבלי,צרפת רנייר,,יין לבן שבלי רנייאר 750 מל פקדון,מיליליטרים,750.00,"100 מ""ל",false,1,110.00,14.6667,true,1,8966
3443620012324,false,יין שבלי פאבר 750 מל,,FR,יין שבלי פאבר 750 מל,מיליליטרים,750.00,"100 מ""ל",false,6,110.00,14.6667,true,1,35926
3445850070778,true,מלח ים אטלנטי 1 קג,,,מלח ים אטלנטי 1 קג,Each,0.00,Each,false,,20.00,0.0000,true,1,7952
3451790476945,false,קרם ציז במשקל,אלוויר,,קרם ציז במשקל,קילוגרמים,1.00,"ק""ג",true,,69.00,69.0000,true,1,6929
3451790940217,false,חמאה אלויר גורמה גליל250,אלוויר,FR,חמאה רכה אלוויר גליל גורמה 250 גרם,גרמים,250.00,100 גרם,false,1,18.90,7.5600,true,1,38082
3451790940729,false,חמאה גורמה מלוח גליל250ג,אלוויר,FR,חמאה מלוחה אלוויר בגליל גורמה 250 גרם,גרמים,250.00,100 גרם,false,1,18.90,7.5600,true,1,38083
3455720750433,false,יין שמפנייה רוזה אלכ,צרפת אלכסנדר בונה,,יין פרל רוזה ברוט אלכסנדר בונה 750 מל,מיליליטרים,750.00,"100 מ""ל",false,1,180.00,24.0000,true,1,12808
3455720750457,false,שמפניה בלאן דה נואר,צרפת אלכסנדר בונה,,יין בלאן דה נואר אלכסנדר 750 מל פקדון,מיליליטרים,750.00,"100 מ""ל",false,1,155.00,20.6667,true,1,8864
3455720750495,false,"גרנד רזרב ברוט אלכנסדר בונה 750 מ""ל",צרפת אלכסנדר בונה,,יין גרנד רזרב ברוט אלכסנדר 750מל פקדון,מיליליטרים,750.00,"100 מ""ל",false,1,155.00,20.6667,true,1,8865
3480341002685,false,טרטר אפרטיף בסגנון פרובנס 101 גר,בונגראן,,גבינת טרטר אפרטיף בנוסח פרובנס 100 גרם,גרמים,100.00,100 גרם,false,1,19.90,19.9000,true,1,28166
3480341002692,false,טרטר אפרטיף בסגנון איטלקי 100 גר,בונגראן,,גבינת טרטר אפרטיף בנוסח איטלקי 100 גרם,גרמים,100.00,100 גרם,false,1,19.90,19.9000,true,1,28165
3523230025638,false,"גבינת עיזים בושה טבעי, 125 גרם",אוריאל,FR,גבינת בושה עיזים טבעי 125 גר,גרמים,125.00,100 גרם,false,1,19.90,15.9200,true,1,9798
3523230025652,false,"גבינת מיני בושה עם שום ועשי תיבול ועשבי, 125 גרם",סואניון,FR,גבינת בושה עיזים 125 גרם,גרמים,125.00,100 גרם,false,1,19.90,15.9200,true,1,16018
3523230026826,false,"גבינת עיזים למריחה פירמידה, 140 גרם",סואניון,FR,גבינת פירמידה עיזים טבעי 140גרם,גרמים,140.00,100 גרם,false,1,19.90,14.2143,true,1,16017
3523230026888,false,"גבינת עיזים שום ועשבי תיבול למריחה פירמידה, 140 גרם",סואניון SOIGNON,FR,גבינת פירמידה עיזים שום ועשבי תיבול 140ג,גרמים,140.00,100 גרם,false,1,19.90,14.2143,true,1,16016
3523230032278,false,גבינת עיזים למריחה 150 גרם,אוריאל,FR,גבינת עיזים למריחה 150 גרם,גרמים,150.00,100 גרם,false,1,19.90,13.2667,true,1,14493
3523230038959,false,גב.בושה עיזים מפוחם125גר,אוריאל,FR,גבינת בושה מפוחם 125 גרם,גרמים,125.00,100 גרם,false,1,19.90,15.9200,true,1,32801
3523230045827,false,גבינת סנט מור עיזים160גר,סואניון,FR,גבינת סנט מור עיזים 160 גרם,גרמים,160.00,100 גרם,false,1,26.90,16.8125,true,1,21666
3525490010119,true,יין לה גומלייה סובינ,,,יין לה גומלייה סובינ,Each,0.00,Each,false,,60.00,0.0000,true,1,10178
3525490098476,false,יין לה בלה אנגל רוזה,,FR,יין לה בלה אנגל רוזה 750 מל,מיליליטרים,750.00,"100 מ""ל",false,6,45.00,6.0000,true,1,45660
3535926010002,false,יין לואי זאדו שאבלי,וויליאם פאבר,FR,יין לואי זאדו שאבלי 750 מל פקדון,מיליליטרים,750.00,"100 מ""ל",false,6,125.00,16.6667,true,1,3529
3572809021212,false,יין שאטונף דו פאפ טר,צרפת דומיין דה לה סו,,יין שאטונף דו פאפ טראדיסיון 750 מל,מיליליטרים,750.00,"100 מ""ל",false,1,180.00,24.0000,true,1,12943
3574660058857,true,שמן בייבי גונסונס,,,שמן בייבי גונסונס,Each,0.00,Each,false,,32.90,0.0000,true,1,27678
3574660464337,true,מגן תחתון קרפרי מגה,,,מגן תחתון קרפרי מגה,Each,0.00,Each,false,,21.90,0.0000,true,1,6811
3574660464368,true,מגן תחתון קרפרי מגה,,,מגן תחתון קרפרי מגה,Each,0.00,Each,false,,21.90,0.0000,true,1,6812
3574660464429,true,מגן תחתון קרפרי מגה,,,מגן תחתון קרפרי מגה,Each,0.00,Each,false,,21.90,0.0000,true,1,6810
3574661003924,false,שטיפת פה טוטאל קר בטעם מנטה צלול,ג'\ונסון אנד ג'\ונסון,IT,נוזל שטיפת פה ליסטרין טוטל קר 500מל,מיליליטרים,500.00,"100 מ""ל",false,1,22.90,4.5800,true,1,26221
3574661183916,false,"תחליב לחות מזין לעור רגיל עד יבש LPM 400 מ""ל",,FR,תחליב גוף לה פטיט ח.שיאה אלוורה 400מל,מיליליטרים,400.00,"100 מ""ל",false,1,14.90,3.7250,true,1,25944
3574661487328,true,מגן תחתון קרפרי רגיל,,,מגן תחתון קרפרי רגיל,Each,0.00,Each,false,,18.90,0.0000,true,1,29300
3574661487632,true,מגן תחתון קרפרי מגה,,,מגן תחתון קרפרי מגה,Each,0.00,Each,false,,21.90,0.0000,true,1,29305
3574661491806,false,מי פה אדבנס וויט מנטה מסירה כתמים קשים,ג'\ונסון אנד ג'\ונסון,IT,נוזל שטיפת פה ליסטרין אדוונס הלבנה 500מל,מיליליטרים,500.00,"100 מ""ל",false,1,22.90,4.5800,true,1,37474
3574661552804,true,מגן תחתון קרפרי אלוו,,,מגן תחתון קרפרי אלוו,Each,0.00,Each,false,,18.90,0.0000,true,1,33238
3574661552811,false,מגן תחתון קרפרי כותון אוורירי 56 יחידות,הדקלאים אגודת שיתופי,GR,מגן תחתון קרפרי כותון אוורירי 56 יח,יחידה,56.00,יחידה,false,5,18.90,0.3375,true,1,33236
3574661554884,true,מגן תחתון קרפרי רגיל,,,מגן תחתון קרפרי רגיל,Each,0.00,Each,false,,18.90,0.0000,true,1,33240
3574661643359,false,ליסטרין נטורלס שטיפת פה אנאמל פרוטקט,ג'\ונסון אנד ג'\ונסון,IT,מי פה ליסטרין נטורלס אינמאל 500מל,מיליליטרים,500.00,"100 מ""ל",false,1,22.90,4.5800,true,1,47765
3574661650029,false,ליסטרין שטיפת פה להגנה על החניכיים בטעם מעודן,ג'\ונסון אנד ג'\ונסון,IT,מי פה ליסטרין נטורלס גאם 500מל,מיליליטרים,500.00,"100 מ""ל",false,1,22.90,4.5800,true,1,47766
3574669907682,true,טלק בייבי גונסונס,,,טלק בייבי גונסונס,Each,0.00,Each,false,,32.90,0.0000,true,1,27670
3574669907729,false,גונסונס בייבי שמפו לתינוק 750 מל,גונסון אנד גונסון,IT,שמפו בייבי גונסונס גולד 750מל חדש,מיליליטרים,750.00,"100 מ""ל",false,1,21.90,2.9200,true,1,49271
3600521720219,false,קרם פנים לילה עם פעולה משולשת לכל סוגי העור,"קרלסרו, גרמניה",DE,קרם לחות לוריאל פעולה משולשת לילה 50מל,Unknown,0.00,Unknown,false,1,39.90,0.0000,true,1,47039
3600522344032,false,לוריאל - אלביב מסכה טוטאל ריפר 300,kozmetik canan,DE,מסכת שיער אלביב 300מל טוטל רפייר לוריאל,מיליליטרים,300.00,"100 מ""ל",false,1,24.90,8.3000,true,1,47034
3600522344070,false,לוריאל - אלביב מסכה קולור פרוטקט 300,"לוריאל ישראל בע""מ",DE,מסכת שיער אלביב 300מל קולור פרוטק לוריאל,מיליליטרים,300.00,"100 מ""ל",false,1,24.90,8.3000,true,1,46773
3600522550204,false,קרם אנטי-אייג'ינג יום אייג' ספשיאליסט +55,"קרלסרו, גרמניה",DE,קרם יום לוריאל דרמו 50פלוס 55מל,Unknown,0.00,Unknown,false,1,54.90,0.0000,true,1,46775
3600523642489,false,מסכת הזנה אינטנסיבית 6 שמנים לשיער יבש,לוריאל - אלביב Elvive,DE,מסכת שיער אלביב 300מל שמנים לוריאל,מיליליטרים,300.00,"100 מ""ל",false,1,24.90,8.3000,true,1,46772
3600523651870,false,שמפו לחיזוק סיב השערה לכל סוגי השיער,לוריאל - אלביב Elvive,TR,שמפו אלביב 500מל פול רזיסט לוריאל,מיליליטרים,500.00,"100 מ""ל",false,1,14.90,2.9800,true,1,47035
3600523651900,false,מרכך לחיזוק סיב השערה לכל סוגי השיער,לוריאל - אלביב Elvive,TR,מרכך אלביב 550מל פול רזיסט לוריאל,מיליליטרים,550.00,"100 מ""ל",false,1,14.90,2.7091,true,1,47036
3600523652280,false,"לוריאל אלביב שמפו מועשר ב 6 שמנים, 550 מ""ל",לוריאל - אלביב Elvive,TR,שמפו אלביב 550מל 6 שמנים לוריאל,מיליליטרים,550.00,"100 מ""ל",false,1,14.90,2.7091,true,1,46770
3600523652297,false,"מרכך לשיער אלביב זהב 6 שמנים , 550 מ""ל",לוריאל - אלביב Elvive,TR,מרכך שיער אלביב 550מל 6 שמנים לוריאל,מיליליטרים,550.00,"100 מ""ל",false,1,14.90,2.7091,true,1,46765
3600523782567,false,"לוריאל - אלביב שמפו דרים לונג 500 מ""ל",לוריאל - אלביב Elvive,FR,שמפו אלביב 500מל דרים לונג לוריאל,מיליליטרים,500.00,"100 מ""ל",false,1,14.90,2.9800,true,1,46769
3600523782574,false,לוריאל - אלביב מסכה דרים לונג 300,לוריאל - אלביב Elvive,DE,מסכת שיער אלביב 300מלדרים לונג לוריאל,מיליליטרים,300.00,"100 מ""ל",false,1,24.90,8.3000,true,1,46771
3600523782581,false,מרכך מתיר קשרים לשיער ארוך ופגום Dream Long,לוריאל - אלביב Elvive,FR,מרכך שיער אלביב 500מל דרים לונג לוריאל,מיליליטרים,500.00,"100 מ""ל",false,1,14.90,2.9800,true,1,46767
3600540928863,false,גרניה מיניראל רול און קליר אינויזיבל,קוסמופול,FR,דאודורנט גרנייה רול און אינבזיבל קליר50מ,Unknown,0.00,Unknown,false,6,15.90,0.0000,true,1,47044
3600541033399,false,גרניה מינראל ספריי קול,לוריאל ישראל קוסמטיקס בע,FR,דאודורנט גרנייה ספריי אינביזביל קול 150מ,Unknown,0.00,Unknown,false,6,15.90,0.0000,true,1,47047
3600541253667,false,"גרנייה - דאודורנט ספריי לאישה אינביזיבל BWC (ורוד) 150 מ""ל","לוריאל ישראל בע""מ",FR,דאודורנט גרנייה ספריי אינביזביל ורוד 150,Unknown,0.00,Unknown,false,6,15.90,0.0000,true,1,47046
3600541382930,false,גרנייה - מים מיסלרים לכל סוגי העור,"קוסמופול, פולין",PL,מסיר איפור גרנייה מיסלר מים ורוד 400מל,מיליליטרים,400.00,"100 מ""ל",false,6,27.90,6.9750,true,1,47042
3600541448476,false,גרניה מינראל רול און דריי קונטרול,"לוריאל ישראל בע""מ",FR,דאודורנט גרנייה רול און אינבזיבל 50מל,Unknown,0.00,Unknown,false,6,15.90,0.0000,true,1,47043
3600541928275,false,מי פנים מיסלריים דו-פאזיים מסיר איפור עמיד במים,"קוסמופול, פולין",PL,מסיר איפור גרנייה מיסלר מים דו פרזי 400מ,מיליליטרים,400.00,"100 מ""ל",false,6,27.90,6.9750,true,1,47041
3600542385251,false,"גרנייה - דאודורנט רול און לאישה פרוטקשן 6 כותנה (ורוד) 50 מ""ל",גרנייה Garnier,FR,דאודורנט גרנייה רול און פרוטקשן6 50מל,Unknown,0.00,Unknown,false,6,15.90,0.0000,true,1,47045
3607340717635,true,גל רחצה אדידס אייס ד,,,גל רחצה אדידס אייס ד,Each,0.00,Each,false,,10.90,0.0000,true,1,21948
3607343817547,false,"אדידס - דאודורנט ספריי לגבר קליימקול 150 מ""ל",קולפ,PT,דאודורנט אדידס ספריי קליימקול לגבר 150מל,מיליליטרים,150.00,"100 מ""ל",false,1,14.90,9.9333,true,1,35825
3607345265117,false,"אדידס - דאודורנט ספריי לגבר טים פורס 150 מ""ל",מיוצר עי קונדיטוריית,ES,דאודורנט פיוזן ספריי גוף טים פורס 150מל,מיליליטרים,150.00,"100 מ""ל",false,1,19.90,13.2667,true,1,18410
3607347320449,true,גל רחצה אדידס ספורט,,,גל רחצה אדידס ספורט,Each,0.00,Each,false,,10.90,0.0000,true,1,21946
3607347415343,false,דאו רול און לאישה אדידס קול אנד קר 50 מל,,PT,דאודורנט אדידס רול און קונטרול 55 גרם,Unknown,0.00,Unknown,false,24,14.90,0.0000,true,1,29389
3607347415589,false,"אדידס - דאודורנט רול און לאישה פרש קול אנד קר 50 מ""ל",קוטדור,ES,דאודורנט אדידס רול און פרש 55 גר נשים,Unknown,0.00,Unknown,false,24,14.90,0.0000,true,1,29391
3607347918981,false,"אדידס - דאודורנט רול און לאישה קול אנד קר 6 ב-1 50 מ""ל",דנשר,ES,דאודורנט אדידס רול און 6ב1 55 גר נשים,Unknown,0.00,Unknown,false,24,14.90,0.0000,true,1,29390
3607349687458,false,"דאו' ספריי לגבר קול דריי פרש 150מ""ל",קולפ,PT,דאודורנט אדידס ספריי גבר קול דריי פרש150,מיליליטרים,150.00,"100 מ""ל",false,1,14.90,9.9333,true,1,35828
3608580071389,false,ממרח ערמונים 370 גרם BONNE MAMAN,בון מאמא,FR,ממרח ערמונים בון מאמא 370 גרם,גרמים,370.00,100 גרם,false,6,25.90,7.0000,true,1,39992
3608580075646,false,קונפיטורה בטעם שזיפים 370 גר BONNE MAMAN,בון מאמא,FR,קונפיטורה שזיפים בון מאמא 370 גרם,גרמים,370.00,100 גרם,false,6,17.90,4.8378,true,1,39991
3608580077343,false,ממרח בון מאמא קרמל מ,בון מאמא,FR,ממרח בון מאמא קרמל מלוח 220 גרם,גרמים,220.00,100 גרם,false,6,24.90,11.3182,true,1,46543
3608580730231,true,קונפיטורה תות בון מא,,,קונפיטורה תות בון מא,Each,0.00,Each,false,,17.90,0.0000,true,1,15786
3608580730248,true,קונפיטורה דובדבן בון,,,קונפיטורה דובדבן בון,Each,0.00,Each,false,,17.90,0.0000,true,1,15787
3608580730279,false,מרמלדת תפוזים 370 גר BONNE MAMAN,,FR,קונפיטורה מרמלדת תפוז בון מאמא 370 גרם,גרמים,370.00,100 גרם,false,1,17.90,4.8378,true,1,35079
3608580730323,true,קונפיטורה פטל בון מא,,,קונפיטורה פטל בון מא,Each,0.00,Each,false,,17.90,0.0000,true,1,15788
3614221653715,true,גל רחצה אדידס קליימק,,,גל רחצה אדידס קליימק,Each,0.00,Each,false,,10.90,0.0000,true,1,21947
3614223736003,false,"אדידס - דאודורנט ספריי לגבר אדיפיור 150 מ""ל",איגפק אס.איי,PT,דאודורנט אדידס ספריי אדיפיור לגבר 150מל,מיליליטרים,150.00,"100 מ""ל",false,1,14.90,9.9333,true,1,35826
3614223736485,false,אדידס דאודורנט ספריי לגבר אדיפיור- ללא מלחי אלומניום 200 מל,אדידס Adidas,PT,דאודורנט אדידס ספריי אדיפיור 200מל,מיליליטרים,200.00,"100 מ""ל",false,1,19.90,9.9500,true,1,23182
3614223736836,false,"אדידס - דאורודנט ספריי לאישה אדיפיור 150 מ""ל",קוטי,PT,דאודורנט אדידס ספריי אדיפיור 150מל אישה,מיליליטרים,150.00,"100 מ""ל",false,24,19.90,13.2667,true,1,23183
3614224050986,false,"אדידס - דאודורנט ספריי לגבר אדיפאוור 72 שעות 150 מ""ל","ב.א מזון בע""מ",PT,דאודורנט אדידס ספריי אדיפיור 72ש גבר150מ,מיליליטרים,150.00,"100 מ""ל",false,1,14.90,9.9333,true,1,35827
3614224051235,false,אדידס דאודורנט ספריי גברים אדיפוואר 200מל,אדידס Adidas,PT,דאודורנט אדידס ספריי אדיפאוור לגבר200,מיליליטרים,200.00,"100 מ""ל",false,1,19.90,9.9500,true,1,27594
3614224056537,false,"דאו ספריי לנשים אדידס אדיפוואר 150 מ""ל",COLEPCCL,PT,דאודורנט אדידס ספריי אדיפאוור אישה 150מל,מיליליטרים,150.00,"100 מ""ל",false,1,19.90,13.2667,true,1,27592
3661163991146,false,"אדידס - דאודורנט ספריי לאישה קול אנד קר פרש 150 מ""ל",מיוצר עי קונדיטוריית,PT,דאודורנט אדידס ספריי קול אנד קר לאישה150,מיליליטרים,150.00,"100 מ""ל",false,1,19.90,13.2667,true,1,19223
3661163991580,false,"אדידס - דאודורנט ספריי לאישה קול אנד קר 6 ב-1 150 מ""ל",מיוצר עי קונדיטוריית,PT,דאודורנט אדידס ספריי קול 6ב1 לאישה150,מיליליטרים,150.00,"100 מ""ל",false,1,19.90,13.2667,true,1,19224
3662444002759,true,מארז 8יח לחמניות שוק,,,מארז 8יח לחמניות שוק,Each,0.00,Each,false,,17.90,0.0000,true,1,30040
3662444002766,true,לחם בריוש צרפתי פרוס,,,לחם בריוש צרפתי פרוס,Each,0.00,Each,false,,20.90,0.0000,true,1,26138
3662444002773,true,לחם בריוש צרפתי פרוס,,,לחם בריוש צרפתי פרוס,Each,0.00,Each,false,,19.90,0.0000,true,1,26137
3760040422954,false,יין פול מאס רזרב מלב,צרפת פול מאס,,יין אסטייט מאלבק פול מאס 750מל פקדון,מיליליטרים,750.00,"100 מ""ל",false,1,60.00,8.0000,true,1,11132
3760040427836,true,יין רוזה וינייה דה נ,,,יין רוזה וינייה דה נ,Each,0.00,Each,false,,60.00,0.0000,true,1,12809
3760080780687,true,זוג מקל וניל 6 גרם ו,,,זוג מקל וניל 6 גרם ו,Each,0.00,Each,false,,54.90,0.0000,true,1,28921
3760125946719,false,רוזה כשר אור דה לה קסטינל,ג'נרל מילס סאן אדריא,FR,יין רוזה אור פרובאנס כשר 750 מל,מיליליטרים,750.00,"100 מ""ל",false,6,60.00,8.0000,true,1,38003
3770001900032,true,יין מוסקארה סבר מיין,,,יין מוסקארה סבר מיין,Each,0.00,Each,false,,45.00,0.0000,true,1,19344
3800864005619,false,"כוס מאג אל.איי 270 מ""ל",,CN,ספל מאג לוס אנגלס,Unknown,0.00,Unknown,false,1,5.90,0.0000,true,1,30369
4000417025005,false,שוקולד מריר במילוי מרציפן ריטר ספורט 100 גרם,ריטר ספורט Ritter sport,DE,שוקולד ריטר עם מרצפן 100 ג,גרמים,100.00,100 גרם,false,1,8.90,8.9000,true,1,4357
4000417101211,false,גלילי וופל עם קרם אגוזי לוז בציפוי שוקולד חלב,אמיצ'לי Amicelli,AT,גלילי ופל אמיצלי קרם אגוזים 150 גרם,גרמים,150.00,100 גרם,false,1,18.90,12.6000,true,1,50175
4000417101310,false,אימצ'לי-גלילי וופל עם קרם קקאו 150 גרם,צ'וקטה,,גלילי ופל אמיצלי קרם קקאו 150 גרם,גרמים,150.00,100 גרם,false,1,17.90,11.9333,true,1,50806
4000417211002,false,שוקולד חלב מעולה ממולא קרם קרמל מוקצף ושברי שקדים מומלחים,ריטר ספורט Ritter sport,DE,שוקולד ריטר מוס קרמל שברי שקדים 100 ג,גרמים,100.00,100 גרם,false,1,8.90,8.9000,true,1,16955
4000417212009,false,ריטר ספורט שוקולד מריר מעולה עם שקדים קצוצים וקליפות תפוז מסוכרות,ריטר ספורט Ritter sport,DE,שוקולד ריטר מריר תפוז שקד 100 ג,גרמים,100.00,100 גרם,false,1,8.90,8.9000,true,1,26393
4000417216007,false,שוקולד ריטר קרם יוגו,RITTER SPORT,,שוקולד ריטר קרם יוגורט ואגוזים 100 גרם,גרמים,100.00,100 גרם,false,1,8.90,8.9000,true,1,35748
4000417222008,false,שוקולד ריטר ספורט חלב+שברי אגוזים 100 גרם חלב נוכרי,ריטר ספורט Ritter sport,DE,שוקולד ריטר חלב שברי אגוזים 100 ג,גרמים,100.00,100 גרם,false,1,8.90,8.9000,true,1,16680
4000417294005,false,שוקולד ריטר מוס קקאו 100 גרם חלב נוכרי,ריטר ספורט Ritter sport,DE,שוקולד ריטר מילוי קרם מוקצף 100 ג,גרמים,100.00,100 גרם,false,1,8.90,8.9000,true,1,10697
4000417298003,false,שוקולד ריטר ספורט קוקוס 100 גרם חלב נוכרי,ריטר ספורט Ritter sport,DE,שוקולד ריטר ספורט קוקוס 100 ג,גרמים,100.00,100 גרם,false,1,8.90,8.9000,true,1,10918
4000417328205,false,שוקולד מיני ריטר אגו,ריטר,DE,שוקולד מיני ריטר אגוז שלם 116 גרם,גרמים,116.00,100 גרם,false,1,17.90,15.4310,true,1,45544
4000417450302,false,שוקולד חלב ומריר ריטר ספורט מונדיאל 183ג,ריטר,DE,מארז מיקס שוקולד ריטר ספורט מונדיאל183גר,גרמים,183.00,100 גרם,false,1,20.90,11.4208,true,1,50802
4000417626417,false,שוקולד חלב חמוציות ממותקות ושברי אגוזי לוז,ריטר,,שוקולד ריטר חמוציות ואגוז לוז 100 ג,גרמים,100.00,100 גרם,false,1,8.90,8.9000,true,1,50805
4000417707000,false,שוקולד חלב מעולה עם שברי קשיו קלוי ומומלח,ריטר ספורט Ritter sport,DE,שוקולד ריטר חלב קשיו שלם 100 ג,גרמים,100.00,100 גרם,false,1,10.90,10.9000,true,1,46940
4000417708007,false,"שוקולד ריטר ספורט מריר שקד, 100 גרם",ריטר ספורט Ritter sport,DE,שוקולד ריטר מריר שקד שלם 100 ג,גרמים,100.00,100 גרם,false,1,10.90,10.9000,true,1,46941
4000539280726,false,שוקולד לינדט אקסלנס מילד 70% 100 גר,לינדט ושפרונגלי,DE,שוקולד לינדט אקסלנס70%מילד100 גרם,גרמים,100.00,100 גרם,false,1,16.90,16.9000,true,1,49674
4000539280740,false,לינדט אקסלנס 78% מוצקי קקאו 100 גרם,לינדט ושפרונגלי קילשברג,DE,שוקולד לינדט אקסלנס78%מריר100 גרם,גרמים,100.00,100 גרם,false,1,16.90,16.9000,true,1,49890
4000576027933,false,צימרונים לאוזניים גאן קרול 200 יח,וו.פלץ,DE,צמרוני אוזניים 200יח גאן קרול,יחידה,200.00,יחידה,false,24,7.90,0.0395,true,1,39619
4000576399405,true,פדים לאיפור גאן קרול,,,פדים לאיפור גאן קרול,Each,0.00,Each,false,,9.90,0.0000,true,1,20556
4000576481889,true,צמרוני אוזניים לתינו,,,צמרוני אוזניים לתינו,Each,0.00,Each,false,,6.90,0.0000,true,1,20557
4000576722654,true,זוג פדים להסרת איפור,,,זוג פדים להסרת איפור,Each,0.00,Each,false,,14.90,0.0000,true,1,19004
4000869032569,true,מטהר אוויר מוצק הפי,,,מטהר אוויר מוצק הפי,Each,0.00,Each,false,,6.90,0.0000,true,1,3414
4001499162916,true,נוזל כלים אקולוגי סו,,,נוזל כלים אקולוגי סו,Each,0.00,Each,false,,16.90,0.0000,true,1,20850
4001499185267,true,נוזל לניקוי אסלות לב,,,נוזל לניקוי אסלות לב,Each,0.00,Each,false,,18.90,0.0000,true,1,14217
4001499909153,true,מרסס לניקוי כללי 500,,,מרסס לניקוי כללי 500,Each,0.00,Each,false,,22.90,0.0000,true,1,14226
4001499944505,true,נוזל כלים אקולוגי פט,,,נוזל כלים אקולוגי פט,Each,0.00,Each,false,,16.90,0.0000,true,1,26228
4001518003800,false,טורינוס מקלות פריכים עם פלפל ומלח 125 גרם,גריסון,DE,טורינוס מקלות פריכים פלפל שחור ומלח 125,גרמים,125.00,100 גרם,false,8,14.90,11.9200,true,1,38169
4001518003817,false,מקלות פריכים עם גבינת גאודה 125 ג' טורינוס,גריסון,DE,טורינוס מקלות פריכים גבינת גאדה 125 גרם,גרמים,125.00,100 גרם,false,8,14.90,11.9200,true,1,38171
4001518106112,false,טורינוס מקלות פריכים עם רוזמרין 125 גרם,גריסון,DE,טורינוס מקלות פריכים רוזמרין 125 גרם,גרמים,125.00,100 גרם,false,8,14.90,11.9200,true,1,38170
4001518115190,false,ביסקוויט עם שוקו+דגני147,גריסון,DE,ביסקויט במילוי קרם חלב 147 גרם,גרמים,147.00,100 גרם,false,6,15.90,10.8163,true,1,46546
4002448017684,true,ספריי להסרת אבנית סי,,,ספריי להסרת אבנית סי,Each,0.00,Each,false,,13.90,0.0000,true,1,3735
4002448019480,true,מסיר שומנים סיליט בא,,,מסיר שומנים סיליט בא,Each,0.00,Each,false,,13.90,0.0000,true,1,4371
4002590000022,false,סוכריות קלפני פירות יער אוכמניות 150 ג',ליימן מותגים,DE,סוכריות קלפני אוכמניות 150 גרם,גרמים,150.00,100 גרם,false,1,10.00,6.6667,true,1,1530
4002590000046,false,סוכריות בטעם מנטה מרענן קלפני 150 גרם,ליימן מותגים,DE,סוכריות קלפני מרענן 150 גרם,גרמים,150.00,100 גרם,false,1,10.00,6.6667,true,1,1532
4002590000626,false,סוכריות קלפני דובדבן,ליימן מותגים,,סוכריות קלפני דובדבן 150 גרם,גרמים,150.00,100 גרם,false,1,10.00,6.6667,true,1,50209
4002590000633,false,קלפני סוכריות קשות בטעם פירות,ליימן מותגים,DE,סוכריות קלפני פירות 150 גרם,גרמים,150.00,100 גרם,false,1,10.00,6.6667,true,1,1533
4002590703541,false,קלפני סוכריות קשות בטעם תות,ליימן מותגים,DE,סוכריות קלפני תות 150 גרם,גרמים,150.00,100 גרם,false,1,10.00,6.6667,true,1,13712
4002631025069,true,בירה פילזנר קוניגסבכ,,,בירה פילזנר קוניגסבכ,Each,0.00,Each,false,,7.90,0.0000,true,1,13267
4002720008300,true,פולי קפה מליטה 1 קג,,,פולי קפה מליטה 1 קג,Each,0.00,Each,false,,100.00,0.0000,true,1,5457
4004666042004,true,מרסס מלרוד מסיר ומשמ,,,מרסס מלרוד מסיר ומשמ,Each,0.00,Each,false,,39.90,0.0000,true,1,1535
4004666111656,false,"ג'ל פעיל להשמדת עובש 250 מ""ל מרלוד",מלרוד,DE,מלרוד גל להשמדת עובש 250מל,מיליליטרים,250.00,"100 מ""ל",false,6,29.90,11.9600,true,1,46640
4004666111663,false,"מלרוד שפורפרת להלבנת מרווחים 90 מ""ל",מלרוד,DE,מלרוד להלבנת מרווחים בין חרסינות 90מל,Unknown,0.00,Unknown,false,12,27.90,0.0000,true,1,46639
4005808124787,true,תחליב רחצה ניוואה,,,תחליב רחצה ניוואה,Each,0.00,Each,false,,15.90,0.0000,true,1,31483
4005808128631,true,גל רחצה ניוואה לגבר,,,גל רחצה ניוואה לגבר,Each,0.00,Each,false,,15.90,0.0000,true,1,31484
4005808293469,false,"ניוואה - דאודורנט ספריי לגבר יבש 150 מ""ל",BEIERSDORF MANUFACTU,DE,דאודורנט ניוואה ספריי יבש לגבר 150 מל,גרמים,150.00,100 גרם,false,1,15.90,10.6000,true,1,45416
4005808366392,true,שפתון לבלו כחול בליס,,,שפתון לבלו כחול בליס,Each,0.00,Each,false,,11.90,0.0000,true,1,23884
4005808368280,true,שפתון לבלו שרי ללא,,,שפתון לבלו שרי ללא,Each,0.00,Each,false,,11.90,0.0000,true,1,23435
4005808813063,true,תחליב לחות ניוואה לע,,,תחליב לחות ניוואה לע,Each,0.00,Each,false,,49.90,0.0000,true,1,22958
4005808817405,true,גל גילוח ניוואה לעור,,,גל גילוח ניוואה לעור,Each,0.00,Each,false,,16.90,0.0000,true,1,31492
4005808850907,false,לבלו הידרו קר בליסטר 5.5מל,ביירסדורף,DE,שפתון לבלו הידרו קר,יחידה,1.00,יחידה,false,1,11.90,11.9000,true,1,35900
4005808890507,false,"ניוואה סופט קרם לחות 200 מ""ל",ניוואה Nivea,ES,קרם ניוואה סופט 200מל,גרמים,250.00,100 גרם,false,1,29.90,11.9600,true,1,1536
4005900036483,false,"ניוואה - דאודורנט ספריי לגבר שקוף בלק וווי 150 מ""ל",בטר אנד דיפרנט,DE,דאודורנט ניוואה ספריי בלק אנד וויט 150מל,מיליליטרים,150.00,"100 מ""ל",false,1,15.90,10.6000,true,1,22939
4005900036506,true,דאודורנט ניוואה רול,,,דאודורנט ניוואה רול,Each,0.00,Each,false,,15.90,0.0000,true,1,22942
4005900036568,false,ניוואה דאודורנט רולאון ספריי לאישה בלק אנד וויט 150 מ''ל,ביירסדורף AG,DE,דאודורנט ניוואה ספריי בלק אנד לאישה150מל,מיליליטרים,150.00,"100 מ""ל",false,1,15.90,10.6000,true,1,22946
4005900431776,false,לבלו שפתון וניל בליסטר,ביירסדורף,DE,שפתון לבלו וניל,יחידה,1.00,יחידה,false,1,11.90,11.9000,true,1,35899
4005900494924,false,"ניוואה - דאודורנט ספריי לאישה דריי פרש אישה 150 מ""ל",ביירסדורף,DE,דאודורנט ניוואה פרש דריי לאישה 150מל,מיליליטרים,150.00,"100 מ""ל",false,1,15.90,10.6000,true,1,31486
4005900513045,false,"ניוואה - דאודורנט ספריי לגבר דיפ 150 מ""ל",ביירסדורף,DE,דאודורנט ניוואה ספריי לגבר דיפ 150 מל,גרמים,150.00,100 גרם,false,1,15.90,10.6000,true,1,24679
4005900513069,true,דאודורנט ניוואה רול,,,דאודורנט ניוואה רול,Each,0.00,Each,false,,15.90,0.0000,true,1,24680
4005900521262,true,גל רחצה ניוואה לגבר,,,גל רחצה ניוואה לגבר,Each,0.00,Each,false,,15.90,0.0000,true,1,24677
4005900555915,false,"ניוואה - תחליב רחצה קוקוס וחוחובה 750 מ""ל",ביירסדורף AG,DE,תחליב רחצה ניוואה 750מל קוקוס,מיליליטרים,750.00,"100 מ""ל",false,1,15.90,2.1200,true,1,37606
4005900648181,false,"ניוואה - תחליב רחצה אלוורה 750 מ""ל",ביירסדורף AG,DE,תחליב רחצה ניוואה 750מל אלוורה,מיליליטרים,750.00,"100 מ""ל",false,1,15.90,2.1200,true,1,40352
4005900683878,false,לבלו סקראב שפתון פילינג אלוורה בליסטר,ביירסדורף,DE,שפתון לבלו אלוורה סקראב,יחידה,1.00,יחידה,false,1,11.90,11.9000,true,1,35897
4005900683908,false,לבלו סקראב שפתון פילינג רוז היפ בליסטר,ביירסדורף,DE,שפתון לבלו ווילד רוז סקראב,יחידה,1.00,יחידה,false,1,11.90,11.9000,true,1,35898
4005900816016,false,"ניוואה - דאודורנט ספריי לאישה פרש טבעי לאישה 150 מ""ל",טרופיקל דגיל תעשיות,DE,דאודורנט ניוואה ספריי פרש לאישה150מל,מיליליטרים,150.00,"100 מ""ל",false,1,15.90,10.6000,true,1,22947
4005900816115,true,דאודורנט ניוואה רול,,,דאודורנט ניוואה רול,Each,0.00,Each,false,,15.90,0.0000,true,1,2298
4005900828088,true,דאודורנט ניוואה רול,,,דאודורנט ניוואה רול,Each,0.00,Each,false,,15.90,0.0000,true,1,22941
4005900833723,false,"ניוואה - פאוור פרש ג'ל רחצה לגבר 500 מ""ל",HELLAS BEIERSDORF,DE,גל רחצה ניוואה לגבר פאוור ריפרש 500מל,מיליליטרים,500.00,"100 מ""ל",false,1,15.90,3.1800,true,1,41151
4005900978950,false,לבלו - דובדבן שפתון לחות מטפח מהדורת נסיכות דיסני,ביירסדורף,DE,שפתון לבלו דיסני דובדבן אריאל,יחידה,1.00,יחידה,false,1,11.90,11.9000,true,1,50795
4005900978967,false,לבלו - וניל שפתון לחות מטפח מהדורת נסיכות דיסני,ביירסדורף,DE,שפתון לבלו דיסני וניל אלזה,יחידה,1.00,יחידה,false,1,11.90,11.9000,true,1,50796
4006387084554,true,קנקן בריטה מרלה לבן,,,קנקן בריטה מרלה לבן,Each,0.00,Each,false,,139.00,0.0000,true,1,22528
4006387097370,true,קנקן בריטה סטרטרפק ס,,,קנקן בריטה סטרטרפק ס,Each,0.00,Each,false,,169.00,0.0000,true,1,30952
4006508123094,true,נייר פילטר מס 2 מליט,,,נייר פילטר מס 2 מליט,Each,0.00,Each,false,,11.50,0.0000,true,1,17091
4006814000751,false,סנטה בודד עם כובע 80 גר,WAWI GROUP,DE,שוקולד סנטה עם קובע 80 גרם,Unknown,0.00,Unknown,false,1,12.90,0.0000,true,1,26088
4006814000874,false,סנטה בודד עם כובע וכיס 200 גר WAWI,WAWI GROUP,DE,שוקולד סנטה כובע וכיס200 ג ואוי,גרמים,200.00,100 גרם,false,1,27.90,13.9500,true,1,14498
4006814071003,true,מארז סנטה קלאוז 100,,,מארז סנטה קלאוז 100,Each,0.00,Each,false,,10.90,0.0000,true,1,11060
4006814072000,true,מארז סנטה קלאוז 200,,,מארז סנטה קלאוז 200,Each,0.00,Each,false,,17.90,0.0000,true,1,11061
4007519050713,true,שקיות אשפה פלי 25יח,,,שקיות אשפה פלי 25יח,Each,0.00,Each,false,,11.90,0.0000,true,1,14801
4007519050720,true,שקיות אשפה פלי 20יח,,,שקיות אשפה פלי 20יח,Each,0.00,Each,false,,11.90,0.0000,true,1,14802
4007519050744,true,שקיות אשפה פלי 10יח,,,שקיות אשפה פלי 10יח,Each,0.00,Each,false,,11.90,0.0000,true,1,14803
4007519086224,true,שקיות אשפה ריחניות פ,,,שקיות אשפה ריחניות פ,Each,0.00,Each,false,,12.90,0.0000,true,1,14804
4007519086248,true,שקיות אשפה ריחניות פ,,,שקיות אשפה ריחניות פ,Each,0.00,Each,false,,12.90,0.0000,true,1,14805
4007519086262,true,שקיות אשפה ריחניות פ,,,שקיות אשפה ריחניות פ,Each,0.00,Each,false,,12.90,0.0000,true,1,15242
4007745058804,true,מיונז אורגני נטורפוד,,,מיונז אורגני נטורפוד,Each,0.00,Each,false,,21.90,0.0000,true,1,16321
4007745058811,false,חרדל צרפתי חלק אורגני 200 גרם,נטורפוד,DE,חרדל צרפתי חלק אורגני 145 גרם,מיליליטרים,200.00,"100 מ""ל",false,1,13.90,6.9500,true,1,16319
4007993020264,true,מאגדת שלגון טובלרון,,,מאגדת שלגון טובלרון,Each,0.00,Each,false,,38.90,0.0000,true,1,26587
4008287051032,false,בירה קרומבאכר פילס 0.50 ליטר פחית,מנדלז סי.אר. פרודקשן,DE,בירה קרומבאכר פילס 500מל פח.פקדון,מיליליטרים,500.00,"100 מ""ל",false,1,10.00,2.0000,true,1,39536
4008287058161,false,בירה קרומבאכר פילס 4.8% שישיה 6 * 330 מל,מנדלז סי.אר. פרודקשן,DE,מארז 6יח בירה קרומבאכר פילס 330מל בק.פקד,מיליליטרים,1980.00,"100 מ""ל",false,1,34.90,1.7626,true,1,39532
4008287762020,false,בירה קרומבאכר חיטה 0.50 ליטר בקבוק,קרומבכר בראורי,DE,בירה קרומבאכר חיטה 500מל בק.פקדון,מיליליטרים,500.00,"100 מ""ל",false,1,11.90,2.3800,true,1,8653
4008287905786,false,בירה קרומבאכר חיטה 5.3% פחית 500 מל,מנדלז סי.אר. פרודקשן,DE,בירה קרומבאכר חיטה 500מל פח.פקדון,מיליליטרים,500.00,"100 מ""ל",false,1,10.00,2.0000,true,1,39535
4008400170428,true,בונבוניירה פררו רושר,,,בונבוניירה פררו רושר,Each,0.00,Each,false,,17.90,0.0000,true,1,26347
4008400203829,false,שוקולד קינדר סנטה 15,פררו,IT,שוקולד קינדר סנטה 150 גרם,גרמים,150.00,100 גרם,false,14,19.90,13.2667,true,1,51390
4008400208220,true,שוקולד קינדר הפי 102,,,שוקולד קינדר הפי 102,Each,0.00,Each,false,,9.90,0.0000,true,1,31512
4008400230726,false,קינדר ביצת הפתעה מקסי 100 גרם,פררו,IT,ביצת הפתעה קינדר מקסי 100 גרה,גרמים,100.00,100 גרם,false,1,19.90,19.9000,true,1,17088
4008400290423,false,עוגת ספוג במילוי חלבי מצופה שוקולד מריר ק'נדר פינגווי 120 ג',פררו טורקיה צ'\יקולטה וו,TR,מארז4יח עוגת ספוג קינדר פינגווין 30גר,גרמים,120.00,100 גרם,false,1,13.90,11.5833,true,1,39546
4008400511825,false,שוקולד קינדר בצורת סנטה קלאוס 110 גרם,פררו,IT,שוקולד קינדר סנטה 110 גרם,גרמים,110.00,100 גרם,false,14,22.90,20.8182,true,1,51392
4008500006337,false,"אוטן פמילי קייר סטיק 50מ""ל",אס.סי.ג'ונסון מידרכט,IT,אוטן אקטיב סטיק 50 מל,Unknown,0.00,Unknown,false,1,19.90,0.0000,true,1,3992
4009300522935,true,תה פומפדור ירוק לימו,,,תה פומפדור ירוק לימו,Each,0.00,Each,false,,17.90,0.0000,true,1,6389
4009300522966,true,תה פומפדור ירוק נענע,,,תה פומפדור ירוק נענע,Each,0.00,Each,false,,17.90,0.0000,true,1,6390
4009300524588,true,תה פומפדור חליטת פיר,,,תה פומפדור חליטת פיר,Each,0.00,Each,false,,15.90,0.0000,true,1,7056
4009300524625,false,תה צ'אי מסאלה פומפדור 20 יחידות,פומפדור Pompadour,DE,תה פומפדור צאי מסאלה 20 יח,יחידה,20.00,יחידה,false,1,15.90,0.7950,true,1,7057
4009300525011,true,תה פומפדור ירוק תפוז,,,תה פומפדור ירוק תפוז,Each,0.00,Each,false,,17.90,0.0000,true,1,8702
4009300525684,true,תה פומפדור לימון גינ,,,תה פומפדור לימון גינ,Each,0.00,Each,false,,15.90,0.0000,true,1,9778
4009300526438,true,תה פומפדור ירוק קלא,,,תה פומפדור ירוק קלא,Each,0.00,Each,false,,17.90,0.0000,true,1,12534
4009300527909,true,תה פומפדור גינגר כור,,,תה פומפדור גינגר כור,Each,0.00,Each,false,,15.90,0.0000,true,1,21116
4009300528821,true,תה פומפדור ירוק גינג,,,תה פומפדור ירוק גינג,Each,0.00,Each,false,,17.90,0.0000,true,1,28099
4009300528845,true,תה פומפדור ירוק לימו,,,תה פומפדור ירוק לימו,Each,0.00,Each,false,,17.90,0.0000,true,1,28098
4009300529514,false,תה חליטת פומפדור פירות אוכמניות 20 יח,TEEKANNE- POMPADOU,DE,תה פומפדור חליטת פירות אוכמניות 20 יח,יחידה,20.00,יחידה,false,10,15.90,0.7950,true,1,49219
4009300529538,false,תה חליטת פומפדור פירות לימון 20 יח,TEEKANNE- POMPADOU,DE,תה פומפדור חליטת פירות לימון 20 יח,יחידה,20.00,יחידה,false,10,15.90,0.7950,true,1,49217
4009300529552,false,תה חליטת פומפדור פירות אפרסק 20 יח,TEEKANNE- POMPADOU,DE,תה פומפדור חליטת פירות אפרסק 20 יח,יחידה,20.00,יחידה,false,10,15.90,0.7950,true,1,49218
4009300529576,false,תה חליטת פומפדור פירות רימונים 20 יח,TEEKANNE- POMPADOU,DE,תה פומפדור רימונים 20 יח,יחידה,20.00,יחידה,false,10,15.90,0.7950,true,1,40874
4009309022399,true,כרוב כבוש אורגני נטו,,,כרוב כבוש אורגני נטו,Each,0.00,Each,false,,15.90,0.0000,true,1,16325
4009309740422,true,רסק תפוחים 700 גרם,,,רסק תפוחים 700 גרם,Each,0.00,Each,false,,17.90,0.0000,true,1,28772
4009309742426,true,רסק תפוח מנגו אורגני,,,רסק תפוח מנגו אורגני,Each,0.00,Each,false,,17.90,0.0000,true,1,28773
4009900013581,true,מארז5יח אורביט סטיקס,,,מארז5יח אורביט סטיקס,Each,0.00,Each,false,,10.00,0.0000,true,1,34100
4009900379564,true,מסטיק הובה בובה טייפ,,,מסטיק הובה בובה טייפ,Each,0.00,Each,false,,6.90,0.0000,true,1,34095
4009900385824,true,מארז5יח אורביט סטיקס,,,מארז5יח אורביט סטיקס,Each,0.00,Each,false,,10.00,0.0000,true,1,34099
4009900402965,true,מסטיק אורביט וויט טע,,,מסטיק אורביט וויט טע,Each,0.00,Each,false,,10.00,0.0000,true,1,34098
4009900403023,true,מסטיק אורביט וויט טע,,,מסטיק אורביט וויט טע,Each,0.00,Each,false,,10.00,0.0000,true,1,34097
4009900406918,true,מסטיק הובה בובה טייפ,,,מסטיק הובה בובה טייפ,Each,0.00,Each,false,,6.90,0.0000,true,1,34096
4009900420129,true,מסטיק אורביט פרופשונ,,,מסטיק אורביט פרופשונ,Each,0.00,Each,false,,10.00,0.0000,true,1,34104
4009900426121,false,מסטיק אורביט איירוויז בקבוקון אוכמניות 64ג',איירוויבס Airwaves,PL,מסטיק איירוויבז אוכמניות דאבל,Unknown,0.00,Unknown,false,1,10.00,0.0000,true,1,34105
4009900455299,false,"סוכרית ג'לי אדומה 174 גרם ""סקיטלס""",ריגלי ממתקים,CZ,סוכריות סקיטלס פירות 174 גר,גרמים,174.00,100 גרם,false,1,8.90,5.1149,true,1,34101
4009900465304,false,סוכריות סקיטלס פירות חמוצים 174 גרם,ריגלי ממתקים,CZ,סוכריות סקיטלס חמוצים 174 גר,גרמים,174.00,100 גרם,false,1,8.90,5.1149,true,1,34102
4009900479998,true,מסטיק אורביט אוכמניו,,,מסטיק אורביט אוכמניו,Each,0.00,Each,false,,10.00,0.0000,true,1,34132
4009900482417,true,מסטיק אורביט בבלמינט,,,מסטיק אורביט בבלמינט,Each,0.00,Each,false,,10.00,0.0000,true,1,34128
4009900483803,false,מסטיק איירובס מנטה אקליפטוס בקבוקון 60יח',איירוויבס Airwaves,PL,מסטיק אורביט מנטה אקליפטוס 60 יח,Unknown,0.00,Unknown,false,1,13.90,0.0000,true,1,34144
4009900484060,true,אורביט פרופשיונל פפר,,,אורביט פרופשיונל פפר,Each,0.00,Each,false,,13.90,0.0000,true,1,34129
4009900484305,true,אורביט פרופשיונל סוו,,,אורביט פרופשיונל סוו,Each,0.00,Each,false,,13.90,0.0000,true,1,34131
4009900491044,false,מסטיק איירובס אוכמניות בקבוקון 60יח',איירוויבס Airwaves,PL,מסטיק אורביט אירוובס אוכמניות 60 יח,Unknown,0.00,Unknown,false,1,13.90,0.0000,true,1,34145
4009900496247,true,מסטיק אורביט בבלמינט,,,מסטיק אורביט בבלמינט,Each,0.00,Each,false,,13.90,0.0000,true,1,34142
4009900504218,true,מסטיק אורביט תפוז בק,,,מסטיק אורביט תפוז בק,Each,0.00,Each,false,,10.00,0.0000,true,1,34133
4009900509770,true,אורביט תות בקבוק 60,,,אורביט תות בקבוק 60,Each,0.00,Each,false,,13.90,0.0000,true,1,34143
4009900512329,false,פייב בוקס מסטיק מנטה 69 גרם,ריגלי בעמ רוסיה,RU,מסטיק פייב ספירמינט בקבוק,Unknown,0.00,Unknown,false,1,10.00,0.0000,true,1,34155
4009900531122,true,מסטיק אורביט פרופשונ,,,מסטיק אורביט פרופשונ,Each,0.00,Each,false,,10.00,0.0000,true,1,34137
4009900531573,false,סוכריות סקיטלס סמודיס בטעמי יוגורט ופירות,סקיטלס Skittles,CZ,סוכריות סקיטלס סמודיס 174 גר,גרמים,174.00,100 גרם,false,1,8.90,5.1149,true,1,34153
4009900532327,false,סוכריות סקיטלס סמודיס בטעמי יוגורט ופירות,ריגלי ממתקים,CZ,סוכריות סקיטלס סמוד 38 גר,Unknown,0.00,Unknown,false,1,3.00,0.0000,true,1,34151
4009900534581,false,איירוויבס בקבוקון דובדבן ומנטה 46 מלבני,Unknown,IL,מסטיק איירוויבז טעם דובדבן,Unknown,0.00,Unknown,false,1,10.00,0.0000,true,1,34700
4009900534611,false,מסטיק איירוויבז בקבוקון בטעם מלון ומנטה,ריגלי,IL,מסטיק איירוויבז מלון מנטה בקבוק,Unknown,0.00,Unknown,false,1,10.00,0.0000,true,1,34146
4009900534918,false,סקיטלס גאיינט פירות 141 גרם,ריגלי,CZ,סוכריות סקיטלס ענקיות פירות 141 גר,גרמים,141.00,100 גרם,false,1,8.90,6.3121,true,1,39348
4009900535519,false,מסטיק אורביט רפרשרס ספירמינט ללא סוכר 15.6גר',אורביט,PL,מסטיק אורביט רפרשרס ספירמינט אישי,Unknown,0.00,Unknown,false,16,3.90,0.0000,true,1,37798
4009900535540,false,מסטיק אורביט רפרשרס פפרמינט ללא סוכר 15.6גר',אורביט,PL,מסטיק אורביט רפרשרס פפירמינט אישי,Unknown,0.00,Unknown,false,16,3.90,0.0000,true,1,37799
4009900535823,false,מסטיק אורביט רפרשרס באבלמינט ללא סוכר 15.6גר',אורביט,PL,מסטיק אורביט רפרשרס באבלמינט אישי,Unknown,0.00,Unknown,false,16,3.90,0.0000,true,1,37800
4009900536257,false,מסטיק אורביט רפרשרס ספירמינט בקבוקון ללא סוכר 67 גר',מרס ריגלי קונפקשונרי,PL,מסטיק אורביט רפרשרס ספירמנט בקבוקון 67 ג,Unknown,0.00,Unknown,false,6,11.90,0.0000,true,1,37795
4009900536288,false,מסטיק אורביט רפרשרס פפרמינט בקבוקון ללא סוכר 67 גר',מרס ריגלי קונפקשונרי,PL,מסטיק אורביט רפרשרס פפירמנט בקבוקון 67 ג,Unknown,0.00,Unknown,false,6,11.90,0.0000,true,1,37796
4009900536486,false,מסטיק אורביט רפרשרס באבלמינט בקבוקון ללא סוכר 67 גר',מרס ריגלי קונפקשונרי,PL,מסטיק אורביט רפרשרס באבלמינט בקבוקון67 ג,Unknown,0.00,Unknown,false,6,11.90,0.0000,true,1,37797
4009900539340,false,סוכריות סקיטלס ג'יינט סאוור 141 גרם,מרס ריגלי קונפקשונרי,CZ,סוכריות סקיטלס ענקיות חמוצות 141 גר,גרמים,141.00,100 גרם,false,1,8.90,6.3121,true,1,46620
4009900539401,false,מסטיק פייב באונס בטעם מנטה HP,Unknown,PL,מסטיק פייב באונס מנטה 14.4 גרם,Unknown,0.00,Unknown,false,16,3.90,0.0000,true,1,48211
4009900539432,false,מסטיק פייב באונס בטעם אבטיח HP,Unknown,PL,מסטיק פייב באונס אבטיח 14.4 גרם,Unknown,0.00,Unknown,false,16,3.90,0.0000,true,1,48212
4009900539685,false,"מסטיק פייב באונס בטעם מנטה בקבוקון, 61.8 גרם",ריגלי בעמ רוסיה,PL,מסטיק פייב באונס מנטה בקבוקון 61.8 גרם,Unknown,0.00,Unknown,false,6,11.90,0.0000,true,1,48209
4009900539746,false,"מסטיק פייב באונס בטעם אבטיח בקבוקון, 61.8 גרם",ריגלי בעמ רוסיה,PL,מסטיק פייב באונס אבטיח בקבוקון 61.8 גרם,Unknown,0.00,Unknown,false,6,11.90,0.0000,true,1,48210
4009900540551,false,מסטיק אורביט רפרשרס טרופיקל בקבוקון ללא סוכר,מרס פולין,PL,מסטיק אורביט רפרשרס טרופיקל 67 ג,Unknown,0.00,Unknown,false,6,11.90,0.0000,true,1,47245
4010442411056,false,פרוסות בננה אורגני פ,,DE,פרוסות בננה אורגני פארמרס150גרם,גרמים,150.00,100 גרם,false,12,18.90,12.6000,true,1,30126
4011100001220,true,חטיפי מיני מרס 408 ג,,,חטיפי מיני מרס 408 ג,Each,0.00,Each,false,,19.90,0.0000,true,1,11800
4011800528416,true,חטיף קורני בייס מתוק,,,חטיף קורני בייס מתוק,Each,0.00,Each,false,,11.90,0.0000,true,1,30992
4011800567613,true,חטיף קורני מילק שוקו,,,חטיף קורני מילק שוקו,Each,0.00,Each,false,,11.90,0.0000,true,1,12283
4011800568610,true,חטיף קורני מילק קלאס,,,חטיף קורני מילק קלאס,Each,0.00,Each,false,,11.90,0.0000,true,1,12282
4011800577810,false,מארז חטיפי קורני פרי נוגט 120 גרם,Schwartauer,DE,חטיף קורני פרי נוגט 6 יח 150 גר,גרמים,150.00,100 גרם,false,10,11.90,7.9333,true,1,45649
4011800628512,true,חטיף קורני בייס שוקו,,,חטיף קורני בייס שוקו,Each,0.00,Each,false,,11.90,0.0000,true,1,11818
4011800629519,true,חטיף קורני בייס אגוז,,,חטיף קורני בייס אגוז,Each,0.00,Each,false,,11.90,0.0000,true,1,11822
4011800630515,true,חטיף קורני בייס שוקו,,,חטיף קורני בייס שוקו,Each,0.00,Each,false,,11.90,0.0000,true,1,11819
4011800632519,true,חטיף קורני בייס קוקו,,,חטיף קורני בייס קוקו,Each,0.00,Each,false,,11.90,0.0000,true,1,11821
4011800633516,true,חטיף קורני בייס שוקו,,,חטיף קורני בייס שוקו,Each,0.00,Each,false,,11.90,0.0000,true,1,11820
4011800635510,true,חטיף קורני פרי אגוז,,,חטיף קורני פרי אגוז,Each,0.00,Each,false,,11.90,0.0000,true,1,11825
4011800636517,true,חטיף קורני פרי שוקול,,,חטיף קורני פרי שוקול,Each,0.00,Each,false,,11.90,0.0000,true,1,11823
4013227013414,false,פינה קולדה Surfers pina colada,קוימנס רויאל,DE,ליקר פינה קולדה 70 750 מל פיקדון,מיליליטרים,750.00,"100 מ""ל",false,1,45.00,6.0000,true,1,10500
4014086024245,true,בירה חיטה גרלסבורג,,,בירה חיטה גרלסבורג,Each,0.00,Each,false,,7.90,0.0000,true,1,13268
4014400901191,false,בונבונריית מרסי מבחר ממתקי שוקולד 250 גרם,ליימן מותגים,DE,בונבוניירה מרסי 250 גרם,גרמים,250.00,100 גרם,false,1,22.90,9.1600,true,1,2036
4014400901405,false,בונבונריית מרסי מבחר ממתקי שוקולד חלב 250 גרם,קריניציה ויטמינה אס,DE,בונבוניירה מרסי חלב 250 גרם,גרמים,250.00,100 גרם,false,1,22.90,9.1600,true,1,4648
4014400901412,false,בונבוניירה שוקולד מריר מרסי 250 גרם,תות ממתקי איכות,DE,בונבוניירה מרסי מריר 250 גרם,גרמים,250.00,100 גרם,false,1,22.90,9.1600,true,1,4649
4014400903409,false,בונבוניירה שוקולד אגוזים טופיפי 250 גרם,קריניציה ויטמינה אס,DE,בונבוניירה טופיפי 250 גרם,גרמים,250.00,100 גרם,false,1,22.90,9.1600,true,1,1539
4014400904277,false,סוכריות בטעם מנטה אייס פרש סטורק 425 גרם,תות ממתקי איכות,DE,סוכריות אייס פרש 425 ג שקית,גרמים,425.00,100 גרם,false,1,15.90,3.7412,true,1,3186
4014400904307,false,סוכריות בטעם פירות קליפורניה סטורק 425 גרם,קריניציה ויטמינה אס,DE,סוכריות קליפורניה 425 ג שקית,גרמים,425.00,100 גרם,false,1,15.90,3.7412,true,1,2334
4014400904376,false,סוכריות טופי בטעם שוקולד סטורק 325 גרם,קריניציה ויטמינה אס,DE,סוכריות שוקולדן 325 ג שקית,גרמים,325.00,100 גרם,false,1,15.90,4.8923,true,1,1540
4014400904390,false,סוכריות טופי ממולא חלב סטורק 325 גרם,קריניציה ויטמינה אס,DE,סוכריות וולמיש 325 ג שקית,גרמים,325.00,100 גרם,false,1,15.90,4.8923,true,1,1541
4014400907902,false,"וורטרס אורגינל סוכריות חמאה ללא סוכר בקופסה
42 גרם",תות ממתקי איכות,DE,סוכ.וורטר ללא סוכר 42 גר בקופסא,Unknown,0.00,Unknown,false,1,6.90,0.0000,true,1,7744
4014400909692,false,וורטרס אורגינל סוכריות חמאה ללא סוכר בטעם קפוצי'ינו בקופסה 42 גרם,קריניציה ויטמינה אס,DE,סוכ.וורטר קפה ללא סוכר 42 גר בקופסא,Unknown,0.00,Unknown,false,1,6.90,0.0000,true,1,9193
4014400910063,false,סוכריות חמאה וורטרס אורגינל 135 גרם,וורטר'ס אורגינל,DE,סוכריות וורטר 135 גר בשקית,גרמים,135.00,100 גרם,false,1,9.90,7.3333,true,1,7766
4014400914696,false,וורטרס אורגינל סוכריות ללא סוכר 80 גרם,ליימן מותגים,DE,סוכריות וורטר ללא סוכר 80גר בשקית,גרמים,80.00,100 גרם,false,1,9.90,12.3750,true,1,8082
4014400920857,false,וורטר אורגינל ללא סוכר בטעם שוקולד-שקית 70 גרם,קריניציה ויטמינה אס,DE,סוכריות וורטר שוקולד ל.סוכר70גר,Unknown,0.00,Unknown,false,1,9.90,0.0000,true,1,13713
4014400923711,false,בונבוניירה שוקולד אגוזים טופיפי 125 גרם,ליימן מותגים,DE,בונבוניירה טופיפי 125 גרם,גרמים,125.00,100 גרם,false,1,14.00,11.2000,true,1,18071
4014400925319,false,וורטרס אורגינל פופקורן קרמל 140 גרם,וורטרס Werther's,DE,פופקורן וורטר עם קרמל 140 גרם,גרמים,140.00,100 גרם,false,12,15.90,11.3571,true,1,34064
4014400929010,false,וופל מיני קנופרס 200 גר 10 גר*20 יחידות,אוגוסט שטורק,DE,וופל מימי קנופרס אישי 200 גרם 20 יח,גרמים,200.00,100 גרם,false,12,19.90,9.9500,true,1,48358
4014522180306,false,בודטה-סוכריות אורגני מנטול אקליפטוס 75ג',,DE,סוכריות טעם אקליפטוס אטרגני בודטה 75גר,גרמים,75.00,100 גרם,false,12,8.90,11.8667,true,1,30915
4014600397381,true,סוכריות וולמינט אבטי,,,סוכריות וולמינט אבטי,Each,0.00,Each,false,,7.90,0.0000,true,1,20481
4014600397633,true,סוכריות וולמינט מנטה,,,סוכריות וולמינט מנטה,Each,0.00,Each,false,,7.90,0.0000,true,1,20480
4015000031394,true,ספטיל שפורפרת להסרת,,,ספטיל שפורפרת להסרת,Each,0.00,Each,false,,15.90,0.0000,true,1,1542
4015000280211,true,דאו פה רול און קאריב,,,דאו פה רול און קאריב,Each,0.00,Each,false,,11.90,0.0000,true,1,1543
4015000519915,true,דאו פה ספריי ספייסי,,,דאו פה ספריי ספייסי,Each,0.00,Each,false,,11.90,0.0000,true,1,4925
4015000615884,true,דאו פה ספריי קריביאן,,,דאו פה ספריי קריביאן,Each,0.00,Each,false,,11.90,0.0000,true,1,1545
4015000615891,true,דאו פה ספריי כחול 20,,,דאו פה ספריי כחול 20,Each,0.00,Each,false,,11.90,0.0000,true,1,1546
4015400564034,false,מגן תחתון אולוויז מגה פק לונג פלוס 58 יחידות,פרוקטר אנד גמבל,DE,מגן תחתון אולדייז מגה פק לונג פלוס 58 יח,יחידה,58.00,יחידה,false,1,17.90,0.3086,true,1,10315
4015400564454,false,מגני תחתון אולוויז לארג' עם ניחוח מגה פק,פרוקטר אנד גמבל,DE,מגן תחתון אולדייז מגה פק לארג 68 יח,יחידה,68.00,יחידה,false,1,17.90,0.2632,true,1,10314
4015400629368,false,תחבושות אולוויז דיסקרט סמול פלוס 16 יח לבריחת שתן,פרוקטר אנד גמבל,DE,תחבושות אולוויז דיסקרט סמול פלוס 16יח,יחידה,16.00,יחידה,false,1,19.90,1.2437,true,1,23961
4015400681670,true,תחבושות אולוויז לילה,,,תחבושות אולוויז לילה,Each,0.00,Each,false,,17.90,0.0000,true,1,14433
4015400690313,true,טמפון טמפקס פרל רגול,,,טמפון טמפקס פרל רגול,Each,0.00,Each,false,,25.90,0.0000,true,1,17396
4015400690405,true,טמפון טמפקס פרל סופר,,,טמפון טמפקס פרל סופר,Each,0.00,Each,false,,25.90,0.0000,true,1,17397
4015400690498,true,טמפון טמפקס פרל סופר,,,טמפון טמפקס פרל סופר,Each,0.00,Each,false,,25.90,0.0000,true,1,17398
4015400731719,true,תחבושות אולוויז לילה,,,תחבושות אולוויז לילה,Each,0.00,Each,false,,17.90,0.0000,true,1,16462
4015400746812,false,מגני תחתון אולוויז נורמל עם ניחוח מגה פק,פרוקטר אנד גמבל,UA,מגן תחתון אולדייז מגה פק נורמל 80 יח,יחידה,80.00,יחידה,false,1,17.90,0.2237,true,1,16786
4015400990482,true,אב.כביסה אריאל קולור,,,אב.כביסה אריאל קולור,Each,0.00,Each,false,,39.90,0.0000,true,1,15479
4015600762742,true,שמפו הד אנד שולדרס ק,,,שמפו הד אנד שולדרס ק,Each,0.00,Each,false,,24.90,0.0000,true,1,10866
4015600762780,true,שמפו הד אנד שולדרס 2,,,שמפו הד אנד שולדרס 2,Each,0.00,Each,false,,24.90,0.0000,true,1,10867
4015600762940,true,שמפו הד אנד שולדרס ת,,,שמפו הד אנד שולדרס ת,Each,0.00,Each,false,,24.90,0.0000,true,1,11124
4015600763022,true,שמפו הד אנד שולדרס מ,,,שמפו הד אנד שולדרס מ,Each,0.00,Each,false,,24.90,0.0000,true,1,11600
4015600807436,false,"ג'ילט - דאודורנט ג'ל לגבר כדוריות קול וויב 75 מ""ל",פרוקטר אנד גמבל,GB,דאודורנט גילט פאוור בידס 75מל קול וואייב,Unknown,0.00,Unknown,false,1,27.90,0.0000,true,1,28198
4015600807573,false,"ג'ילט - דאודורנט ג'ל לגבר כדוריות פאוור ראש 75 מ""ל",פרוקטר אנד גמבל,GB,דאודורנט גילט פאוור בידס 75מל פאור ראש,Unknown,0.00,Unknown,false,1,27.90,0.0000,true,1,28199
4017100198151,false,בלזן היט ביסקוויט עם מלית קרם בטעם וניל (41%) 220 גרם,הדקלאים אגודת שיתופי,PL,ביסקויט היט סנדוויץ וניל 220 גר,גרמים,220.00,100 גרם,false,1,7.90,3.5909,true,1,13737
4017100219900,false,בלזן וופלטן וופל מגולגל מצופה שוקולד חלב 100 גרם,הדקלאים אגודת שיתופי,DE,גלילי וופלטן שוקולד חלב 100 גר,גרמים,100.00,100 גרם,false,1,9.90,9.9000,true,1,1553
4017100290503,false,ביסקוויט מצופה שוקולד בטעם תפוז בלזן 125 גרם,בלזן פולסקה,PL,ביסקויט בלזן שוקולד חלב תפוז 125 גר,גרמים,125.00,100 גרם,false,1,9.90,7.9200,true,1,48101
4017100364112,false,בלזן היט בסקוויט סנדביץ עם מלית קרם בטעם שוקולד קקאו (41%) 220 גרם,הדקלאים אגודת שיתופי,PL,ביסקויט היט סנדוויץ קקאו 220 גר,גרמים,220.00,100 גרם,false,1,7.90,3.5909,true,1,13367
4018722100188,true,אלב גולד אטריות כוסמ,,,אלב גולד אטריות כוסמ,Each,0.00,Each,false,,15.90,0.0000,true,1,28764
4018722102656,true,אלב גולד ספגטי כוסמי,,,אלב גולד ספגטי כוסמי,Each,0.00,Each,false,,16.90,0.0000,true,1,28766
4018722303459,true,אלב גולד מקרוני כוסמ,,,אלב גולד מקרוני כוסמ,Each,0.00,Each,false,,11.90,0.0000,true,1,28767
4019400444464,true,בונ. ברנדי+שרי ברנדי,,,בונ. ברנדי+שרי ברנדי,Each,0.00,Each,false,,11.90,0.0000,true,1,30636
4022025250006,true,יין בלו נאן אותנטיק,,,יין בלו נאן אותנטיק,Each,0.00,Each,false,,40.00,0.0000,true,1,2465
4025700001962,true,שוקולד מילקה לבן 100,,,שוקולד מילקה לבן 100,Each,0.00,Each,false,,6.90,0.0000,true,1,32894
4044551056839,false,יין גוורצטמינר 750 מ,,,יין גוורצטמינר 750 מל,מיליליטרים,750.00,"100 מ""ל",false,1,45.00,6.0000,true,1,19395
4044889000054,false,ויואני-שוקולד אורגני מריר 85% 100 גר,אקופינה,DE,שוקולד ויואני 85% מריר אורגני 100 גרם,גרמים,100.00,100 גרם,false,1,16.90,16.9000,true,1,19859
4044889002904,false,ויואני-שוקולד מריר אורגני 99% 80 גרם,אקופינה,DE,שוקולד ויואני 99% מריר אורגני 80 גרם,Unknown,0.00,Unknown,false,1,16.90,0.0000,true,1,19858
4044889004106,false,ויואני-שוקולד אורגני מריר 100% 100 גר,,,שוקולד ויואני 100% מריר אורגני 100 גרם,גרמים,80.00,100 גרם,false,1,16.90,21.1250,true,1,33700
4046719114306,true,דבק רב שימושי בשפופר,,,דבק רב שימושי בשפופר,Each,0.00,Each,false,,16.90,0.0000,true,1,14870
4046719603237,true,ספוגיות מתכת סקוטש ב,,,ספוגיות מתכת סקוטש ב,Each,0.00,Each,false,,8.90,0.0000,true,1,30814
4049366003115,false,יין גוורצטרמינר קווה,צרפת גראן שה דה פראנ,,יין גוורצטרמינר קווה קיווי 750 מל,מיליליטרים,750.00,"100 מ""ל",false,1,40.00,5.3333,true,1,31746
4052197000017,true,בירה בנדיקטינר 500מל,,,בירה בנדיקטינר 500מל,Each,0.00,Each,false,,12.90,0.0000,true,1,16814
4052197000369,false,שישיית בירה בנדיקטינר חיטה 330 מל*6,בנדיקטינר וויצבראו,DE,מארז 6יח בירה בנדקטינר 330מל פקדון בקבוק,מיליליטרים,1980.00,"100 מ""ל",false,1,39.90,2.0152,true,1,16817
4052197000390,true,בירה בנדקטינר חבית 5,,,בירה בנדקטינר חבית 5,Each,0.00,Each,false,,99.00,0.0000,true,1,16816
4052197001366,true,בירה בנדקטינר 500מל,,,בירה בנדקטינר 500מל,Each,0.00,Each,false,,10.00,0.0000,true,1,16820
4052197002806,true,מארז 4יח בירה בנדקטי,,,מארז 4יח בירה בנדקטי,Each,0.00,Each,false,,34.30,0.0000,true,1,18251
4053700292455,true,ויט רצועות שעווה תמצ,,,ויט רצועות שעווה תמצ,Each,0.00,Each,false,,21.90,0.0000,true,1,6829
4061445096689,false,קפה דוידוף מגורען 100 גר ESPRESSO 57,"טשיבו, אספי.זד.או.או",PL,קפה נמס דווידוף 57 אספרסו 100 ג,גרמים,100.00,100 גרם,false,6,21.90,21.9000,true,1,33597
4061445096702,false,קפה דוידוף מגורען 100 גר FINE AROMA,"טשיבו, אספי.זד.או.או",PL,קפה נמס דווידוף ארומה מעודנת 100 ג,גרמים,100.00,100 גרם,false,6,21.90,21.9000,true,1,33596
4061445096726,false,קפה דוידוף מגורען 100 גר RICH AROMA,"טשיבו, אספי.זד.או.או",PL,קפה נמס דווידוף ארומה עשירה100גר,גרמים,100.00,100 גרם,false,6,21.90,21.9000,true,1,33595
4066600601920,true,בירה פאולנר 500מל פח,,,בירה פאולנר 500מל פח,Each,0.00,Each,false,,12.90,0.0000,true,1,31619
4066600999614,true,בירה פאולנר 500 מל פ,,,בירה פאולנר 500 מל פ,Each,0.00,Each,false,,12.90,0.0000,true,1,18113
4072700003649,true,בירה פרנסיס קנר מעונ,,,בירה פרנסיס קנר מעונ,Each,0.00,Each,false,,12.90,0.0000,true,1,6924
4084500065536,true,קרם לחות פנטן לחות מ,,,קרם לחות פנטן לחות מ,Each,0.00,Each,false,,23.90,0.0000,true,1,13845
4084500065598,true,קרם לחות פנטן לתלתלי,,,קרם לחות פנטן לתלתלי,Each,0.00,Each,false,,23.90,0.0000,true,1,14133
4084500472020,false,"ג'ילט - דאודורנט ג'ל לגבר קליר ספורט 70 מ""ל",פרוקטר אנד גמבל,IL,דאודורונט קליר גל 70מל ספורט NPI,Unknown,0.00,Unknown,false,6,14.90,0.0000,true,1,39403
4084500739253,false,"אוראל בי משחת שיניים- להלבנה לובן מהודר 75 מ""ל",פרוקטר אנד גמבל,DE,משחת שיניים אורל בי לובן מהודר 75מל,Unknown,0.00,Unknown,false,1,19.90,0.0000,true,1,40127
4084500853553,true,נוזל כלים פיירי אורג,,,נוזל כלים פיירי אורג,Each,0.00,Each,false,,11.90,0.0000,true,1,14438
4084500853836,true,נוזל כלים פיירי ורדי,,,נוזל כלים פיירי ורדי,Each,0.00,Each,false,,11.90,0.0000,true,1,14442
4100130924002,false,בירה בקס ללא אלכוהול,,DE,בירה בקס 6יח 275 מל ללא אלכוהול בק.פקדון,מיליליטרים,1650.00,"100 מ""ל",false,1,24.90,1.5091,true,1,38008
4100130937163,true,מארז 6 יח בירה בקס,,,מארז 6 יח בירה בקס,Each,0.00,Each,false,,27.90,0.0000,true,1,14323
4100470106700,true,חומץ תפוחים 750מל נט,,,חומץ תפוחים 750מל נט,Each,0.00,Each,false,,19.90,0.0000,true,1,19492
4102430003418,true,מארז 4יח בירה ביטבור,,,מארז 4יח בירה ביטבור,Each,0.00,Each,false,,29.90,0.0000,true,1,18252
4102430013615,true,מארז 6יח בירה ביטבור,,,מארז 6יח בירה ביטבור,Each,0.00,Each,false,,34.90,0.0000,true,1,16810
4105120623941,true,בירה ויינשטפן 500 מל,,,בירה ויינשטפן 500 מל,Each,0.00,Each,false,,12.90,0.0000,true,1,21846
4105120624412,true,בירה ויינשטפן ויטוס,,,בירה ויינשטפן ויטוס,Each,0.00,Each,false,,12.90,0.0000,true,1,28122
4210201176688,false,אורל בי ראש חשמלי סנסיטיב 4 יחידות,פרוקטר אנד גמבל,DE,ראש למב.שינים חשמלית אורל בי סנסטיב 4יח,Unknown,0.00,Unknown,false,1,79.90,0.0000,true,1,48019
4210201181477,true,ראשי מברשת אורל בי,,,ראשי מברשת אורל בי,Each,0.00,Each,false,,79.90,0.0000,true,1,23722
4210201181538,true,ראשי מברשת אורל בי,,,ראשי מברשת אורל בי,Each,0.00,Each,false,,79.90,0.0000,true,1,23723
4210201262183,true,מברשת שיניים חשמלית,,,מברשת שיניים חשמלית,Each,0.00,Each,false,,89.90,0.0000,true,1,32589
4210201320111,false,אורל בי מברשת חשמלית נטענת לילדים-ספיידר,"מיוצר עבור בראון, גרמניה",DE,מברשת שיניים חשמלית אורל בי ילדים ספיידר,יחידה,1.00,יחידה,false,1,89.90,89.9000,true,1,46888
4210201360742,false,אורל בי ראש חשמלי פלקסי סופט 4 יחידות,פרוקטר אנד גמבל,DE,ראש למב.שינים חשמלית אורל בי נ.יסודי 4יח,Unknown,0.00,Unknown,false,1,79.90,0.0000,true,1,48018
4210201365334,false,אורל בי ראש חשמלי סיבי פחם ארבע יחידות,פרוקטר אנד גמבל,DE,ראש למב.שינים חשמלית אורל בי פחם 4יח,Unknown,0.00,Unknown,false,1,79.90,0.0000,true,1,46445
4210201388470,false,אורל בי ראש חשמלי לילדים ספיידרמן 4 יחיד,פרוקטר אנד גמבל,DE,ראשי מברשת אורל בי חשמלית ילדים ספיי 4יח,יחידה,4.00,יחידה,false,1,79.90,19.9750,true,1,46861
4250231145056,true,שוקולד הלורן מאדאם פ,,,שוקולד הלורן מאדאם פ,Each,0.00,Each,false,,11.90,0.0000,true,1,28913
4251039439712,false,מצת גז טורבו דגם גרא,,,מצת גז טורבו דגם גראס,יחידה,1.00,יחידה,false,1,18.90,18.9000,true,1,47231
4260134390194,false,"בירת לאגר קירין איצ'בן 330 מ""ל",,,בירה קירין איציבן 330 מל בקבוק,מיליליטרים,330.00,"100 מ""ל",false,1,10.00,3.0303,true,1,36581
4260147890513,true,איטריות ביצים דקות א,,,איטריות ביצים דקות א,Each,0.00,Each,false,,9.90,0.0000,true,1,8822
4260147890551,true,איטריות ביצים רצועות,,,איטריות ביצים רצועות,Each,0.00,Each,false,,9.90,0.0000,true,1,8820
4260399984503,false,מדליק פחם מוצק 48 קוביות,Unknown,IL,מדליק פחם מוצק 48 יחידות,יחידה,48.00,יחידה,false,1,6.90,0.1438,true,1,49264
4560198160055,false,טקואן צנון יפני קינג,Qingdao Sun-growing,,טקואן צנון יפני קינגדאו 500 גר,גרמים,500.00,100 גרם,false,20,25.90,5.1800,true,1,50100
4600659010854,false,"וודקה סטוליצ'ניה 700 מ""ל",איי. אס. לטבייאס בלזם,LV,וודקה סטוליצניה 40% 700 מל פקדון,מיליליטרים,700.00,"100 מ""ל",false,1,59.90,8.5571,true,1,1562
4600659011059,false,וודקה סטוליצניה אדום,אס פי איי SPI (סטולי,LV,וודקה סטוליצניה אדום 1 ליטר פקדון,ליטרים,1.00,ליטר,false,1,89.00,89.0000,true,1,8708
4607001414445,true,תחתיות טארטלט למילוי,,,תחתיות טארטלט למילוי,Each,0.00,Each,false,,10.90,0.0000,true,1,14393
4607001778400,false,קפה נמס גקובס מונארך,מונדליז,RU,קפה נמס גקובס מונארך 3ב1 חזק 288 גרם,גרמים,288.00,100 גרם,false,10,19.90,6.9097,true,1,36584
4607065411312,true,שימורי פטריות אופיאט,אנשן אנ ן-אם פודס קו,CN,שימורי פטריות אופיאט,Each,0.00,Each,false,,15.90,0.0000,true,1,27937
4607065411343,true,שימורי פטריות אסורטי,אנשן אנ ן-אם פודס קו,CN,שימורי פטריות אסורטי,Each,0.00,Each,false,,15.90,0.0000,true,1,27940
4607109409619,true,טבליות למדיח פיניש ה,,,טבליות למדיח פיניש ה,Each,0.00,Each,false,,24.90,0.0000,true,1,16094
4640018993343,false,פיניש קוואנטום קפסולות ג'ל למדיח כלים 30 יח',רקיט בנקיזר,PL,טבליות פיניש קואנטום למדיח 30 טבליות,יחידה,30.00,יחידה,false,7,34.90,1.1633,true,1,32836
4640018993350,false,פיניש קוואנטום קפסולות ג'ל למדיח כלים לימון 30 יח',רקיט בנקיזר,PL,טבליות פיניש קואנטום לימון למדיח 30 יח,יחידה,30.00,יחידה,false,7,34.90,1.1633,true,1,32837
4640018993398,true,טבליות פיניש קואנטום,,,טבליות פיניש קואנטום,Each,0.00,Each,false,,59.90,0.0000,true,1,32839
4710068001692,true,משקה מאסטר לאטה 240,,,משקה מאסטר לאטה 240,Each,0.00,Each,false,,7.60,0.0000,true,1,12268
4710068001715,true,משקה מאסטר טרמיסו 24,,,משקה מאסטר טרמיסו 24,Each,0.00,Each,false,,7.60,0.0000,true,1,12270
4710068001739,true,משקה מאסטר קולימביאנ,,,משקה מאסטר קולימביאנ,Each,0.00,Each,false,,7.60,0.0000,true,1,12269
4710068002798,true,משקה מאסטר וניל 240,,,משקה מאסטר וניל 240,Each,0.00,Each,false,,7.60,0.0000,true,1,28446
4710964104916,true,שמן שומשום 370 מל,,,שמן שומשום 370 מל,Each,0.00,Each,false,,25.90,0.0000,true,1,12484
4710964170799,true,שומשום שחור קלוי 91,,,שומשום שחור קלוי 91,Each,0.00,Each,false,,17.90,0.0000,true,1,8265
4711476002790,false,"קפה קר פיפו לאטה 240 מ""ל זכוכית",,TW,קפה קר פיפו לאטה 240 מל,מיליליטרים,240.00,"100 מ""ל",false,1,7.60,3.1667,true,1,34346
4711476002813,false,"קפה קר פיפו למוקצינו 240 מ""ל זכוכית",,TW,קפה קר פיפו מוקצינו 240 מל,מיליליטרים,240.00,"100 מ""ל",false,,7.60,3.1667,true,1,34347
4740098079309,true,סיידר פיז אוכמניות 5,,,סיידר פיז אוכמניות 5,Each,0.00,Each,false,,7.90,0.0000,true,1,14131
4740098079316,true,סיידר פיז תות שדה 50,,,סיידר פיז תות שדה 50,Each,0.00,Each,false,,7.90,0.0000,true,1,14132
4740098084440,true,סיידר פיז תפוח עץ 50,,,סיידר פיז תפוח עץ 50,Each,0.00,Each,false,,7.90,0.0000,true,1,18380
4740098090137,true,בירה אייל אינדיה איי,,,בירה אייל אינדיה איי,Each,0.00,Each,false,,8.90,0.0000,true,1,32674
4740098090601,false,משקה קוקטייל בלו לגו,,,משקה קוקטייל בלו לגון 330 מל פקדון,מיליליטרים,330.00,"100 מ""ל",false,1,10.00,3.0303,true,1,39427
4740098098331,false,"קוקטייל בלו לגון אה לה קוק 330 מ""ל",אה לי קוק,EE,משקה קוקטייל בלו לגון 330 מל פקדון,מיליליטרים,330.00,"100 מ""ל",false,1,10.00,3.0303,true,1,49228
4740098098355,false,"קוקטייל מוחיטו אה לה קוק 330 מ""ל",אה לי קוק,EE,משקה קוקטייל מוחיטו 330 מל פקדון,מיליליטרים,330.00,"100 מ""ל",false,1,10.00,3.0303,true,1,48306
4740098098379,false,"קוקטייל מרגריטה אה לה קוק 330 מ""ל",אה לי קוק,EE,משקה קוקטייל מרגריטה 330 מל פקדון,מיליליטרים,330.00,"100 מ""ל",false,1,10.00,3.0303,true,1,48305
4740098098393,false,"קוקטייל און דה ביץ אה לה קוק 330 מ""ל",אה לי קוק,EE,משקה קוקטייל לה קוק ביץ 330 מל פקדון,מיליליטרים,330.00,"100 מ""ל",false,1,10.00,3.0303,true,1,48307
4744131010489,true,קנקן אקוואפור לסינון,,,קנקן אקוואפור לסינון,Each,0.00,Each,false,,79.90,0.0000,true,1,21680
4744131011684,true,קנקן אקוואפור לסינון,,,קנקן אקוואפור לסינון,Each,0.00,Each,false,,89.90,0.0000,true,1,21681
4744131013381,false,קנקן קומפקט לסינון מ,,,קנקן קומפקט לסינון מים 2.4ליטר לבן,יחידה,1.00,יחידה,false,1,69.90,69.9000,true,1,35544
4744131014159,false,קנקני טיהור מים 2.8 ל' JASPER,,,קנקן גספר לסינון מים 2.8ליטר,יחידה,1.00,יחידה,false,1,84.90,84.9000,true,1,35542
4744131014265,false,מארז שלישיית סננים לקנקן MAXFOR PLUS B25,,,שלישיית מסנני מים לקנקן בריטה,יחידה,3.00,יחידה,false,1,79.90,26.6333,true,1,35547
4750021003905,false,"וודקה סטוליצניה גולד 700 מ""ל",אס פי איי SPI (סטולי,LV,וודקה סטוליצניה גולד 700 מל פקדון,מיליליטרים,700.00,"100 מ""ל",false,1,89.90,12.8429,true,1,20771
4750142000081,true,בירה צסו לא מסוננת 5,,,בירה צסו לא מסוננת 5,Each,0.00,Each,false,,10.00,0.0000,true,1,14321
4750142002719,false,"בירה בירה לא מסוננת צסו יורמלה 500 מ""ל","""cesu alus""",LV,בירה צסו יורמלה לא מסוננת 500מל פח.פקדון,מיליליטרים,500.00,"100 מ""ל",false,1,7.90,1.5800,true,1,49227
4750142021505,true,בירה פילזנר 500מל 4.,,,בירה פילזנר 500מל 4.,Each,0.00,Each,false,,7.90,0.0000,true,1,11346
4751017941133,false,ממרח גזר ועשבי תיבול,,,ממרח גזר ועשבי תיבול 245גר רודולפס,גרמים,245.00,100 גרם,false,6,15.90,6.4898,true,1,32191
4751017941140,false,רודולפס-ממרח אורגני סלק וחזרת 235 גר,,LV,ממרח סלק וחזרת 245גר רודולפס,גרמים,245.00,100 גרם,false,6,15.90,6.4898,true,1,32193
4751017941188,false,רודולפס-ממרח אורגני אגס ופטל 245 גרם,,LV,ממרח אגס ופטל 245גר רודולפס,גרמים,245.00,100 גרם,false,6,15.90,6.4898,true,1,32190
4751017941195,false,ממרח תות ודומדמניות,,,ממרח תות ודומדמניות 245גר רודולפס,גרמים,245.00,100 גרם,false,6,15.90,6.4898,true,1,32189
4751017942062,false,רודולפס מעדן פרי תות,,LV,רודולפס מעדן פרי תות עם ציה אורגני 250גר,גרמים,250.00,100 גרם,false,6,19.90,7.9600,true,1,33924
4751017942079,false,רודולפס מעדן פרי פטל,,LV,רודולפס מעדן פרי פטל אורגני 250גר,גרמים,250.00,100 גרם,false,6,19.90,7.9600,true,1,33922
4751017942086,true,רודולפס מעדן פרי אוכ,,,רודולפס מעדן פרי אוכ,Each,0.00,Each,false,,19.90,0.0000,true,1,33921
4751017942093,false,רודולפס מעדן פרי פ.ט,,LV,רודולפס מעדן פרי פ.טרופים אורגני 250גר,גרמים,250.00,100 גרם,false,6,19.90,7.9600,true,1,33923
4770033223993,true,ברנדי גלורי 5 שנים,,,ברנדי גלורי 5 שנים,Each,0.00,Each,false,,59.90,0.0000,true,1,15051
4770033227472,true,ברנדי גלורי אקס או,,,ברנדי גלורי אקס או,Each,0.00,Each,false,,119.90,0.0000,true,1,15052
4770299394680,false,חטיפי גבינה מילד מעו,ג'ימטיוס,,חטיפי גבינה מעושנת 75 גר,Unknown,0.00,Unknown,false,1,9.90,0.0000,true,1,38136
4770301230821,false,בירה אינדיה פייל אייל וולפאס אנגלמן 568,,,בירה אינדיה פייל אייל 568מל וולפאס פח.פק,מיליליטרים,568.00,"100 מ""ל",false,24,10.00,1.7606,true,1,49735
4770301231811,false,"בירה קריק דובדבן וולפאס אנגלמן 568 מ""ל",,,בירה קריק דובדבן 568מל וולפאס פח.פק,מיליליטרים,568.00,"100 מ""ל",false,24,10.00,1.7606,true,1,49738
4770301232023,false,"אוסטרליה פייל אייל וולפאס אנגלמן 568 מ""ל",,,בירה אוסטרליה פייל אייל 568מל פח.פקדון,מיליליטרים,568.00,"100 מ""ל",false,24,10.00,1.7606,true,1,49734
4770301234935,false,"בירה באלטיק פורטר וולפאס אנגלמן 568 מ""ל",,,בירה באלטיק פורטר 568מל וולפאס פח.פק,מיליליטרים,568.00,"100 מ""ל",false,24,10.00,1.7606,true,1,49736
4792032060454,false,"גרין קוקו - מי קוקוס אורגניים 330 מ""ל",גרין קוקו,VN,מי קוקוס אורגני גרין קוקו 330מל,ליטרים,330.00,ליטר,false,1,7.90,0.0239,true,1,16878
4792038437113,true,קמח קוקוס אורגני 500,,,קמח קוקוס אורגני 500,Each,0.00,Each,false,,18.90,0.0000,true,1,16941
4796019790013,true,שמן קוקוס אורגני גרי,,,שמן קוקוס אורגני גרי,Each,0.00,Each,false,,19.90,0.0000,true,1,16341
4796019790020,true,שמן קוקוס אורגני גרי,,,שמן קוקוס אורגני גרי,Each,0.00,Each,false,,28.90,0.0000,true,1,16342
4796019790037,true,שמן קוקוס אורגני גרי,,,שמן קוקוס אורגני גרי,Each,0.00,Each,false,,43.90,0.0000,true,1,16343
4800888219510,false,דאב - דאודורנט סטיק לאישה פרש מלפפונים 50 גרם,יוניליוור פיליפינים,PH,דאודורנט דאב סטיק מלפפונים 50גר,Unknown,0.00,Unknown,false,1,16.90,0.0000,true,1,40306
4800888219534,false,דאב - דאודורנט סטיק לאישה אנטי פרספירמט 50 גרם,יוניליוור פיליפינים,PH,דאודורנט דאב סטיק אורגינל 50גר,Unknown,0.00,Unknown,false,1,16.90,0.0000,true,1,40304
4801234159856,true,מ.אוויר גלייד מיני ג,,,מ.אוויר גלייד מיני ג,Each,0.00,Each,false,,6.90,0.0000,true,1,10579
4801234159863,true,מ.אוויר גלייד מיני ג,,,מ.אוויר גלייד מיני ג,Each,0.00,Each,false,,6.90,0.0000,true,1,10580
4823092700926,false,חלבה חמניות בטעם וניל 200 גרם,או.או.או. דרוזקבסקיי,,חלבה חמניות וניל 200 גר,גרמים,200.00,100 גרם,false,1,4.90,2.4500,true,1,16752
4823092701060,false,חלבה חמניות עם פרוקטוזה 200 גרם,או.או.או. דרוזקבסקיי,,חלבה חמניות עם פרוקטוזה 200 גר,גרמים,200.00,100 גרם,false,1,5.90,2.9500,true,1,16756
4891130001199,true,רוטב בטעם צדפות 450,,,רוטב בטעם צדפות 450,Each,0.00,Each,false,,24.90,0.0000,true,1,4085
4891130005111,false,רוטב הוויסן 360 מל פ,Pun chun sauce & pre,,רוטב הוויסן 360 מל פון צון,גרמים,360.00,100 גרם,false,1,19.90,5.5278,true,1,36722
4891228302023,true,ס.גילוח שיק אקסטרים,,,ס.גילוח שיק אקסטרים,Each,0.00,Each,false,,15.90,0.0000,true,1,16025
4891228304454,false,שיק היידרו 5 סנס לגבר מכשיר + סכין,ארץ ייצור סכינים: ארהבn\,CN,מכשיר+ס.גילוח שיק היידרו 5 סנס,Unknown,0.00,Unknown,false,6,29.90,0.0000,true,1,27234
4891228304478,true,ס.גילוח שיק היידרו 5,,,ס.גילוח שיק היידרו 5,Each,0.00,Each,false,,54.90,0.0000,true,1,27232
4891228430030,true,ס.גילוח שיק 2 אקסטרא,,,ס.גילוח שיק 2 אקסטרא,Each,0.00,Each,false,,11.90,0.0000,true,1,4390
4891228430054,true,ס.גילוח שיק 2 אקסטרא,,,ס.גילוח שיק 2 אקסטרא,Each,0.00,Each,false,,13.90,0.0000,true,1,4391
4891228430085,true,ס.גילוח שיק אקסטרא 3,,,ס.גילוח שיק אקסטרא 3,Each,0.00,Each,false,,21.90,0.0000,true,1,4480
4891228430092,true,ס.גילוח שיק אקסטרים,,,ס.גילוח שיק אקסטרים,Each,0.00,Each,false,,21.90,0.0000,true,1,5422
4891228460242,true,ס.גילוח שיק קוואטרו,,,ס.גילוח שיק קוואטרו,Each,0.00,Each,false,,32.90,0.0000,true,1,6037
4895060582292,true,סוכריות גלי פלורידה,,,סוכריות גלי פלורידה,Each,0.00,Each,false,,16.50,0.0000,true,1,9672
4903001904192,false,"רוטב סויה יאמסה פרימיום 500 מ""ל",הדקלאים אגודת שיתופי,JP,רוטב סויה יאמסה 500 מל פרימיום,מיליליטרים,500.00,"100 מ""ל",false,1,19.90,3.9800,true,1,7899
4903001904208,false,רוטב סויה פרימיום יאמסה 1 ליטר,הדקלאים אגודת שיתופי,JP,רוטב סויה יאמסה 1 ל סופר פרימיום,ליטרים,1.00,ליטר,false,1,32.90,32.9000,true,1,7898
4903001930993,false,"רוטב טריאקי יאמאסה 500 מ""ל",ליימן מותגים,JP,רוטב טריאקי יאמסה500 מל פרימיום,מיליליטרים,500.00,"100 מ""ל",false,1,19.90,3.9800,true,1,15799
4903001945706,false,"רוטב פונזו יאמאסה 500 מ""ל",יאמאסה yamasa,CN,רוטב פונזו יאמאסה500 מל,מיליליטרים,500.00,"100 מ""ל",false,1,19.90,3.9800,true,1,48757
4970916160708,false,משקה סאקה צוינאמה 30,,JP,משקה סאקה צוינאמה 300 מל,מיליליטרים,300.00,"100 מ""ל",false,20,25.90,8.6333,true,1,50104
4970916260118,false,"ניגורי איש השלג 180 מ""ל",,JP,משקה ניגורי איש השלג 180 מל,מיליליטרים,180.00,"100 מ""ל",false,20,31.90,17.7222,true,1,50105
4976879106470,true,משקה סאקה הוקאן סן 7,,,משקה סאקה הוקאן סן 7,Each,0.00,Each,false,,50.00,0.0000,true,1,17110
4978094999219,true,מחית סויה לבנה שירו,,,מחית סויה לבנה שירו,Each,0.00,Each,false,,18.90,0.0000,true,1,10038
4996445000117,true,אטריות סובה 300 גר,,,אטריות סובה 300 גר,Each,0.00,Each,false,,12.00,0.0000,true,1,9164
5000146048671,true,סילבו לניקוי והברקה,,,סילבו לניקוי והברקה,Each,0.00,Each,false,,15.90,0.0000,true,1,10072
5000146057710,true,נוזל לניקוי חלונות ו,,,נוזל לניקוי חלונות ו,Each,0.00,Each,false,,8.90,0.0000,true,1,1567
5000159020312,false,מלטיזרס אריזה קטנה 37 גרם,מלטיזרס Maltesers,NL,חטיף מלטיזרס 37 גרם,Unknown,0.00,Unknown,false,1,5.00,0.0000,true,1,1744
5000159376655,false,סוכריות SKITTLES פירות קטן 38 גרם אדום,ריגלי ממתקים,CZ,סוכריות סקיטלס פירות 38 גר,Unknown,0.00,Unknown,false,1,3.00,0.0000,true,1,34149
5000159376792,false,סוכריות סקיטלס Skittles פירות חמוצים,ריגלי ממתקים,CZ,סוכריות סקיטלס פירות חמוצים 38 גר,Unknown,0.00,Unknown,false,1,3.00,0.0000,true,1,34150
5000159384186,false,חטיפי מרס מארז 45*4 גר,מרס,NL,חטיף מרס רביעייה 180 גר,גרמים,180.00,100 גרם,false,1,8.90,4.9444,true,1,8461
5000159384209,false,רביעיית חטיף סניקרס 200 ג',מרס,NL,חטיף סניקרס רביעייה 200 גר,גרמים,200.00,100 גרם,false,1,8.90,4.4500,true,1,8462
5000159407236,true,חטיף מרס שוקולד 51 ג,,,חטיף מרס שוקולד 51 ג,Each,0.00,Each,false,,3.90,0.0000,true,1,6340
5000159409179,true,חטיפי מיני סניקרס403,,,חטיפי מיני סניקרס403,Each,0.00,Each,false,,19.90,0.0000,true,1,11801
5000159414197,false,מלטיזרס-כדורים פריכים בציפוי שוולד חלב 135 גרם,מרס שוקולד צ.אמריקה,NL,סוכריות מאלטיזרס 135 גרם,גרמים,135.00,100 גרם,false,,11.90,8.8148,true,1,48500
5000159442572,true,חטיפי מיני טויקס 403,,,חטיפי מיני טויקס 403,Each,0.00,Each,false,,19.90,0.0000,true,1,11802
5000159452540,false,סניקרס מארז חטיף 50 גרם חמישייה,מרס הולנד בי.וי.,NL,מארז 5 יח חטיף סניקרס 50 גרם,גרמים,250.00,100 גרם,false,17,10.90,4.3600,true,1,39729
5000159452663,false,מרס מארז חטיף 45 גרם חמישייה,מרס Mars,NL,מארז 5 יח חטיף מרס 45 גגם,גרמים,225.00,100 גרם,false,17,10.90,4.8444,true,1,39732
5000159536400,false,טוויקס סטיקס 99 קלוריות 10 יחידות,מרס,NL,חטיפי טוויקס סטיקס 10 יח 200 גרם,גרמים,200.00,100 גרם,false,1,15.90,7.9500,true,1,39350
5000159538626,false,טוויקס מארז חטיף 50 גרם חמישייה,טוויקס Twix,NL,מארז 5 יח חטיף טוויקס 50 גרם,גרמים,250.00,100 גרם,false,17,10.90,4.3600,true,1,39730
5000159538640,false,באונטי מארז חטיף 57 גרם חמישייה,באונטי,NL,מארז 5 יח חטיף באונטי 57 גרם,גרמים,285.00,100 גרם,false,17,10.90,3.8246,true,1,39731
5000168199245,false,שוקולד חלב מעולה בתוספת קרמל מלוח פיור גודייבה 90 ג',"אולקר מקבוצת פלאדיס, ציק",TR,שוקולד גודאיבה פיור חלב קרמל מלוח 90גר,Unknown,0.00,Unknown,false,18,14.90,0.0000,true,1,26186
5000204048711,false,קיווי ספריי להגנת נעלי ספורט 200 מל,ג'ונסון אנד ג'ונסון,NL,קיווי להגנת נעלי ספורט 200מל,מיליליטרים,200.00,"100 מ""ל",false,6,16.90,8.4500,true,1,45626
5000204048742,false,"קיווי לבישום נעלי ספורט 100 מ""ל",קיווי,NL,קיווי לבישום נעלי ספורט 100מל,מיליליטרים,100.00,"100 מ""ל",false,6,16.90,16.9000,true,1,45625
5000204048803,false,"קיווי לניקוי נעלי ספורט 75 מ""ל",ג'ונסון אנד ג'ונסון,NL,קיווי לניקוי נעלי ספורט 75מל,מיליליטרים,100.00,"100 מ""ל",false,6,16.90,16.9000,true,1,45627
5000204114867,true,מ.אוויר גלייד ספריי,,,מ.אוויר גלייד ספריי,Each,0.00,Each,false,,8.90,0.0000,true,1,30964
5000204114898,true,מ.אוויר גלייד ספריי,,,מ.אוויר גלייד ספריי,Each,0.00,Each,false,,8.90,0.0000,true,1,30966
5000204114928,true,מ.אוויר גלייד ספריי,,,מ.אוויר גלייד ספריי,Each,0.00,Each,false,,8.90,0.0000,true,1,30963
5000204114959,true,מ.אוויר גלייד ספריי,,,מ.אוויר גלייד ספריי,Each,0.00,Each,false,,8.90,0.0000,true,1,30968
5000204120745,true,מ. אוויר גלייד מוצק,,,מ. אוויר גלייד מוצק,Each,0.00,Each,false,,8.90,0.0000,true,1,30955
5000204133509,false,זיפלוק שקיות אחסון גדולות 19 יחידות,אס.סי.גונסון ובניו,US,שקיות איחסון זיפלוק גדולות 19יח,יחידה,19.00,יחידה,false,12,13.90,0.7316,true,1,36893
5000204151022,true,ספריי לניקוי רהיטים,,,ספריי לניקוי רהיטים,Each,0.00,Each,false,,15.90,0.0000,true,1,33574
5000204151053,true,ספריי לניקוי רהיטים,,,ספריי לניקוי רהיטים,Each,0.00,Each,false,,15.90,0.0000,true,1,33573
5000204151381,true,ספריי פלדג לניקוי כל,,,ספריי פלדג לניקוי כל,Each,0.00,Each,false,,15.90,0.0000,true,1,33575
5000204153729,false,מטהר אוויר גלייד מילוי אוטומטי לבנדר וניל,המאפיה של הרמן,TR,מילוי מ. אויר גלייד אוטומטי לבנדר וניל,מיליליטרים,269.00,"100 מ""ל",false,1,13.90,5.1673,true,1,35073
5000204153842,false,מטהר אוויר גלייד מילוי אוטומטי וניל,המאפיה של הרמן,TR,מילוי מ. אויר גלייד אוטומטי וניל 269 מל,מיליליטרים,269.00,"100 מ""ל",false,1,13.90,5.1673,true,1,35075
5000204153903,false,מטהר אוויר גלייד מילוי אוטומטי מרכך כביסה,"קוסטר אירוסול ואלף סאן,",TR,מילוי מ. אויר גלייד אוטומטי מרכך כביסה,מיליליטרים,269.00,"100 מ""ל",false,1,13.90,5.1673,true,1,35074
5000204154252,false,מילוי למטהר אוויר או,coster aerosol vail,,מילוי מ. אויר גלייד אוטומטי פירות יער269,מיליליטרים,269.00,"100 מ""ל",false,1,13.90,5.1673,true,1,35076
5000204155723,false,"גלייד מארז אוטומטי-בניחות מרכך כביסה 269 מ""ל",קוסטר אירוסול ואלף סאן,TR,מ.אויר גלייד אוטומטי מילוי ריח מרכך כביס,גרמים,400.00,100 גרם,false,1,39.90,9.9750,true,1,35071
5000204155815,false,"מארז גלייד אוטומטי וניל 269 מ""ל",גלייד,,מ.אויר גלייד אוטומטי מילוי ריח וניל,גרמים,400.00,100 גרם,false,1,39.90,9.9750,true,1,35072
5000204156218,false,"מארז גלייד אוטומטי לבנדר וניל 269 מ""ל",יצרן אירוסול: קוסטור איר,TR,מ.אויר גלייד אוטומטי ומילוי לבנדר וניל,גרמים,400.00,100 גרם,false,1,39.90,9.9750,true,1,35070
5000204167610,false,"גלייד ארוסול פסטיבל קינמון 300 מ""ל",coster aerosol vail,,מ.אוויר גלייד ספריי 300מל בניחוח קינמון,מיליליטרים,300.00,"100 מ""ל",false,1,8.90,2.9667,true,1,45628
5000204167856,false,"גלייד מילוי אוטומטי פסטיבל קינמון 269 מ""ל","קוסטר אירוסול ואלף סאן,",TR,מילוי מ. אויר גלייד אוטומטי 269מל קינמון,מיליליטרים,269.00,"100 מ""ל",false,1,13.90,5.1673,true,1,45632
5000204171587,false,סבון אסלה דאק דיסק ג,,PL,סבון אסלה דאק דיסק גל חגיגת פטל36מל,Unknown,0.00,Unknown,false,5,13.90,0.0000,true,1,37469
5000204171822,false,"מילוי דאק דיסק ג'ל בניחוח יסמין מרקיד 36 מ""ל",,NL,מילוי סבון אסלה דאק דיסק גל יסמין 36מל,Unknown,0.00,Unknown,false,10,13.90,0.0000,true,1,37472
5000204171914,false,דאק דיסק ג'ל בניחוח יסמין,,PL,סבון אסלה דאק דיסק גל יסמין 36מל,Unknown,0.00,Unknown,false,5,13.90,0.0000,true,1,37470
5000204182026,false,גלייד מוצק בניחוח אודיסאה הכחולה 180גר,במה פולסקה אספי.זד.או.או,PL,מטהר אויר גלייד גל 180גר בניחוח אודיסאה,גרמים,180.00,100 גרם,false,8,14.90,8.2778,true,1,39771
5000204182057,false,מטהר אוויר גלייד מוצק בניחוח לבנדר,במה פולסקה אספי.זד.או.או,PL,מטהר אויר גלייד גל 180גר בניחוח לבנדר,גרמים,180.00,100 גרם,false,8,14.90,8.2778,true,1,39770
5000204196689,false,רייד מכשיר חשמלי + 2 נוזל מילוי 90 לילות,Zobele Bulgaria,BG,רייד מכשיר חשמלי 90 לילות +זוג נוזל,יחידה,1.00,יחידה,false,1,44.90,44.9000,true,1,39774
5000204196894,false,"נוזל מילוי אקליפטוס 45 לילות 36 מ""ל רייד",גונסון שנגחאי,BG,מילוי רייד נוזלי ליתושים 45 יום אקליפטוס,Unknown,0.00,Unknown,false,1,19.90,0.0000,true,1,39769
5000204196924,false,רייד מילוי נוזל *זוג 90 *לילות,גונסון שנגחאי,BG,זוג מילוי רייד נוזלי ליתושים 90 לילות,יחידה,45.00,יחידה,false,1,34.90,0.7756,true,1,39775
5000204197051,false,"מכשיר חשמלי +נוזל מילוי אקליפטוס 45 לילות רייד 36 מ""ל",גונסון שנגחאי,BG,מכשיר רייד +מילוי נוזל 45 לילות,יחידה,1.00,יחידה,false,1,34.90,34.9000,true,1,39777
5000204225655,false,"מטהר אוויר גלייד מילוי אוטומטי מסיבת פטל 269 מ""ל",coster aerosol vail,TR,מילוי מ. אויר גלייד אוטומטי 269מל פטל,מיליליטרים,269.00,"100 מ""ל",false,1,13.90,5.1673,true,1,45633
5000204227130,false,"גלייד מבשם ריח מקלות פסגות טיבט 80 מ""ל",CTR פורטוגל,PT,מקלות בישום גלייד בניחוח פסגות טיבט 80מל,Unknown,0.00,Unknown,false,6,21.90,0.0000,true,1,45623
5000204227161,false,"גלייד מבשם ריח מקלות ניחוח הפרדס 80 מ""ל",גלייד,PT,מקלות בישום גלייד בניחוח פרדס 80מל,Unknown,0.00,Unknown,false,6,21.90,0.0000,true,1,45622
5000204227192,false,"גלייד מבשם ריח מקלות רגע של נחת 80 מ""ל",גלייד,PT,מקלות בישום גלייד בניחוח רגע של נחת 80מל,Unknown,0.00,Unknown,false,6,21.90,0.0000,true,1,45624
5000204658187,true,נ.נעליים קיווי קראון,,,נ.נעליים קיווי קראון,Each,0.00,Each,false,,14.90,0.0000,true,1,10116
5000204660159,true,קיווי אקספרס שקוף חד,,,קיווי אקספרס שקוף חד,Each,0.00,Each,false,,14.90,0.0000,true,1,10114
5000204661392,false,"קיווי אקסטרא לארג' שחור(גדול) 100מ""ל",המאפיה של הרמן,ID,מש.נעליים קיווי אקסטרא שחור 100 מל קופסא,מיליליטרים,100.00,"100 מ""ל",false,1,8.90,8.9000,true,1,10117
5000204886566,true,פלדג שמן לרהיטים תפו,,,פלדג שמן לרהיטים תפו,Each,0.00,Each,false,,28.90,0.0000,true,1,2444
5000213000359,true,בירה גינס בק 330 מל,,,בירה גינס בק 330 מל,Each,0.00,Each,false,,14.90,0.0000,true,1,13332
5000213014905,true,בירה גינס בפחית 440,,,בירה גינס בפחית 440,Each,0.00,Each,false,,14.90,0.0000,true,1,10434
5000267014234,false,וויסקי ג'וני ווקר רד לייבל Red label,ג'וני ווקר Johnnie walker,GB,ויסקי גוני ווקר אדום 700 מל פקדון קרטון,מיליליטרים,700.00,"100 מ""ל",false,1,74.90,10.7000,true,1,35201
5000267024233,false,"וויסקי ג'וני בלאק לייבל עם פורר 700מ""ל",ג'וני ווקר Johnnie walker,GB,וויסקי גוני ווקר שחור 700 מל באריזה,מיליליטרים,700.00,"100 מ""ל",false,1,109.90,15.7000,true,1,35204
5000267117560,false,"וויסקי גוני ווקר גולד לייבל רזרב 750 מ""ל",ג'\ון ווקר ובניו,GB,וויסקי גוני ווקר גולד ריזרב 700 מל,מיליליטרים,700.00,"100 מ""ל",false,6,150.00,21.4286,true,1,35213
5000281040899,false,"רום קפטן מורגן וייט 750 מ""ל",קפטן מורגן Captain Morgan,JM,רום קפטן מורגן לבן 700 מל,מיליליטרים,700.00,"100 מ""ל",false,6,105.00,15.0000,true,1,36707
5000394019089,false,סוללה פלוס פאוור 2 יחידות C דורסל,פרוקטר אנד גמבל,US,סוללת דורסל סי פלוס פאוור,יחידה,1.00,יחידה,false,1,24.90,24.9000,true,1,39091
5000394019171,false,סוללה פלוס פאוור 2 יחידות D דורסל,פרוקטר אנד גמבל,US,סוללת דורסל די פלוס פאוור,יחידה,1.00,יחידה,false,1,24.90,24.9000,true,1,39092
5000394105485,false,סוללה פלוס פאוור V9 דורסל יח 1,פרוקטר אנד גמבל,MY,סוללת דורסל וי 9 פלוס פאוור,יחידה,1.00,יחידה,false,1,24.90,24.9000,true,1,39093
5000394137486,false,רביעיות סוללות אופטימום AA דורסל,פרוקטר אנד גמבל,BE,סוללות דורסל 4יח אופטימום 2021AA,יחידה,4.00,יחידה,false,16,18.90,4.7250,true,1,45117
5000394137516,false,רביעיות סוללות אופטימום AAA דורסל,פרוקטר אנד גמבל,BE,סוללות דורסל 4יח אופטימום 2021AAA,יחידה,4.00,יחידה,false,8,18.90,4.7250,true,1,45118
5000394140851,false,רבעיות סוללות דורסל AA פלוס פאוור,פרוקטר אנד גמבל,BE,סוללות דורסל 4יח פלוס פאוור AA,יחידה,4.00,יחידה,false,24,9.90,2.4750,true,1,45113
5000394141117,false,סוללות דורסל רביעיות AAA פלוס פאוור 100%,פרוקטר אנד גמבל,BE,סוללות דורסל 4יח פלוס פאוור AAA,יחידה,4.00,יחידה,false,24,9.90,2.4750,true,1,45114
5000394142190,false,סוללת דורסל V9 פלוס 1 יח,פרוקטר אנד גמבל,MY,סוללת דורסל וי 9 פלוס פאוור,יחידה,1.00,יחידה,false,1,24.90,24.9000,true,1,49404
5000396037531,true,ביסקויט מקוויטס מצופ,,,ביסקויט מקוויטס מצופ,Each,0.00,Each,false,,11.90,0.0000,true,1,20002
5000396037548,true,ביסקויט מקוויטס מצופ,,,ביסקויט מקוויטס מצופ,Each,0.00,Each,false,,11.90,0.0000,true,1,20003
5000396037944,true,ביסקויט מקוויטס קלאס,,,ביסקויט מקוויטס קלאס,Each,0.00,Each,false,,10.90,0.0000,true,1,20000
5010026515933,false,מוזלי קריספי פירות ואגוזים מורנפלייק 750 גרם,מורנינג פוד,GB,מוזלי מורנפליק קריספי פירות יבשים750 גרם,גרמים,750.00,100 גרם,false,1,24.90,3.3200,true,1,47734
5010026515940,false,מורנפלייק מוזלי פרוטי 750 גרם,מורנפלייק Mornflake,GB,מוזלי מורנפליק קריספי פירות 750 גרם,גרמים,750.00,100 גרם,false,1,24.90,3.3200,true,1,47732
5010029000252,false,וויטביקס תערובת דגנים מחיטה מלאה 430 גרם,וויטביקס,GB,דגנים וויטביקס מקורי 430 גרם,גרמים,430.00,100 גרם,false,14,23.90,5.5581,true,1,20102
5010029219241,true,דגני וויטביקס קריספי,,,דגני וויטביקס קריספי,Each,0.00,Each,false,,23.90,0.0000,true,1,21601
5010029221091,true,דגני וויטביקס פרוטאי,,,דגני וויטביקס פרוטאי,Each,0.00,Each,false,,25.90,0.0000,true,1,21604
5010029222005,false,דגנים חיטה מלאה עם פרוטאין וויטביקס 440,וויטביקס,,דגני וויטביקס פרוטאין 440 גרם,גרמים,440.00,100 גרם,false,1,25.90,5.8864,true,1,42745
5010067322453,false,טרוביה תחליף אבקת סוכר 280 גרם,טרוביה Truvia,US,טרוביה תחליף אבקת סוכר 280 גר,גרמים,280.00,100 גרם,false,6,27.90,9.9643,true,1,51074
5010182997338,true,ט.דאק גל אסלה רענן י,,,ט.דאק גל אסלה רענן י,Each,0.00,Each,false,,9.90,0.0000,true,1,1572
5010182998861,false,דאק נוזל לניקוי אסלות בניחוח רענן 750 מל,מיוצר עי קונדיטוריית,NL,טואלט דאק נוזל ירוק 750 מל,מיליליטרים,750.00,"100 מ""ל",false,1,10.90,1.4533,true,1,1577
5010265002836,false,"פת פריכה אוריגינל שיפון מלא 250 גרם ""ריוטה""",דה ג'ורדנס אנד ריווי,GB,פת ריויטה קמח שיפון ושיפון 250 גר,גרמים,250.00,100 גרם,false,12,10.90,4.3600,true,1,17355
5010265002911,false,רייויטה פת פריכה מקמח שיפון מלא 250 גרם,דה ג'ורדנס אנד ריווי,GB,פת פריכה מקמח מלא,גרמים,250.00,100 גרם,false,1,11.50,4.6000,true,1,35535
5010327000046,false,וויסקי גרנט'ס סקוטי,"וויליאם גראנט ובניו בע""\",GB,וויסקי גרנטס 700 מל פקדון,מיליליטרים,700.00,"100 מ""ל",false,1,74.90,10.7000,true,1,2140
5010327105215,true,וויסקי מונקי שולדר ג,,,וויסקי מונקי שולדר ג,Each,0.00,Each,false,,139.90,0.0000,true,1,11057
5010327325125,false,וויסקי גלנפידיך 15 שנה סולרה רזרב 750 מל,גרנט'ס (William Gran,,וויסקי גלנפידיך 15 שנה סולרה רזרב 700מל,מיליליטרים,750.00,"100 מ""ל",false,1,239.00,31.8667,true,1,8730
5010327325323,false,וויסקי גלנפידיך 18 שנה אנשנט רזרב 750,גרנט'ס (William Gran,,וויסקי גלנפידיך 18 שנה אנשנט רזרב 700מל,מיליליטרים,700.00,"100 מ""ל",false,1,349.00,49.8571,true,1,38648
5010327505138,false,"וויסקי בלויני 12 שנה 750 מ""ל",גרנט'ס (William Gran,,וויסקי בלויני 12 שנה 700 מל פקדון,מיליליטרים,700.00,"100 מ""ל",false,1,259.00,37.0000,true,1,8727
5010327755014,false,"ג'ין הנדריקס 700 מ""ל",גרנט'ס (William Gran,GB,גין הנדריקס 700מל פקדון,מיליליטרים,700.00,"100 מ""ל",false,1,150.00,21.4286,true,1,10707
5010391100703,false,ליקר דרמבו קלאסי 40%,גרנט'ס (William Gran,GB,ליקר דרמבוי 750 מל פיקדון,מיליליטרים,750.00,"100 מ""ל",false,1,135.00,18.0000,true,1,13586
5010496003565,false,סינגל מאלט סקוטי אוכנטושן אמריקו הוק 700,מוריסון בואומור,GB,וויסקי אוכנטושן אמריקן אור 700 מל,מיליליטרים,700.00,"100 מ""ל",false,1,120.00,17.1429,true,1,13815
5010622005012,true,חוט דנטלי אורל בי לל,,,חוט דנטלי אורל בי לל,Each,0.00,Each,false,,16.90,0.0000,true,1,5733
5010677551281,true,משקה בקרדי בריזר לימ,,,משקה בקרדי בריזר לימ,Each,0.00,Each,false,,11.90,0.0000,true,1,1991
5010677551397,true,משקה בקרדי בריזר לימ,,,משקה בקרדי בריזר לימ,Each,0.00,Each,false,,11.90,0.0000,true,1,1989
5010677552387,true,משקה בקרדי בריזר אננ,,,משקה בקרדי בריזר אננ,Each,0.00,Each,false,,11.90,0.0000,true,1,1992
5010677554398,true,משקה בקרדי בריזר אבט,,,משקה בקרדי בריזר אבט,Each,0.00,Each,false,,11.90,0.0000,true,1,1990
5010867110120,false,יין אדום קינג טאוני,פורטוגל- סימינגטון,,יין אדום קינד טאוני פורט 750 מל פקדון,מיליליטרים,750.00,"100 מ""ל",false,1,70.00,9.3333,true,1,8842
5011013100132,false,"ויסקי בייליס אייריש קרים 750 מ""ל",r&a baileys,,ליקר אייריש קרים בייליס 750 מל פקדון,מיליליטרים,750.00,"100 מ""ל",false,1,85.00,11.3333,true,1,2812
5011013500680,false,"ליקר שרידנס 700 מ""ל",thomas sheridans,,ליקר שרידנס 700 מל,מיליליטרים,70000.00,"100 מ""ל",false,1,89.00,0.1271,true,1,12325
5011157630281,false,אורז לבן ארוך בסמטי טילדה Tilda,אלסקה/ טילדה,GB,אורז בסמטי טילדה 1 קג,קילוגרמים,1.00,"ק""ג",false,8,24.90,24.9000,true,1,3088
5011157671222,false,"טילדה אורז בסמטי חום מלא 1 ק""ג",טילדה Tilda,GB,אורז בסמטי טילדה מלא 1 קג,קילוגרמים,1.00,"ק""ג",false,8,24.90,24.9000,true,1,40575
5011417547885,true,מקל ריחניים אירוויק,,,מקל ריחניים אירוויק,Each,0.00,Each,false,,14.90,0.0000,true,1,6510
5011417552247,true,מטהר אוויר אירוויק נ,,,מטהר אוויר אירוויק נ,Each,0.00,Each,false,,14.90,0.0000,true,1,7668
5011417563908,false,"אירוויק פיור בהתזה ספריי וניל 250 מ""ל",רקיט בנקיזר,GB,מ. אויר אירוויק פיור התזה יבשה וניל 250מ,מיליליטרים,250.00,"100 מ""ל",false,1,15.90,6.3600,true,1,16089
5011417565414,false,"אירוויק פיור בהתזה יבשה לבנדר וקמומיל 250 מ""ל",רקיט בנקיזר,GB,מ. אויר אירוויק פיור התזה יבשה לבנדר 250,מיליליטרים,250.00,"100 מ""ל",false,1,15.90,6.3600,true,1,16091
5011417565421,false,"אירוויק פיור בהתזה יבשה ספריי לבלוב כותנה 250 מ""ל",רקיט בנקיזר,GB,מ. אויר אירוויק פיור התזה יבשה לבלוב 250,מיליליטרים,250.00,"100 מ""ל",false,1,15.90,6.3600,true,1,16090
5011428100048,true,מלח ים מלדון 250 גר,,,מלח ים מלדון 250 גר,Each,0.00,Each,false,,21.90,0.0000,true,1,5731
5011428300028,true,מלח ים מעושן מלדון 1,,,מלח ים מעושן מלדון 1,Each,0.00,Each,false,,19.90,0.0000,true,1,26175
5013387204737,true,פרואט עוגיות ללא גלו,,,פרואט עוגיות ללא גלו,Each,0.00,Each,false,,18.90,0.0000,true,1,32198
5013387205789,true,פרואט עוגיות ללג ש.ש,,,פרואט עוגיות ללג ש.ש,Each,0.00,Each,false,,18.90,0.0000,true,1,32199
5013387205826,false,פרואט-חטיף ללא גלוטן שוקולד 100 גרם,,GB,חטיף שוקולד ללא גלוטן פרואט 100 גר,גרמים,100.00,100 גרם,false,1,14.90,14.9000,true,1,32196
5013387206403,true,פרואט ביסקוויט דיגס,,,פרואט ביסקוויט דיגס,Each,0.00,Each,false,,18.90,0.0000,true,1,32197
5013931015741,false,דיש מטיק - ידית הפלא לשטיפת כלים,דישמטיק Dish matic,US,ידית הפלא לשטיפת כלים ירוק,יחידה,1.00,יחידה,false,1,24.90,24.9000,true,1,33584
5013931015758,false,דיש מטיק - ספוגי החלפה מארז 3 יחידות,דישמטיק Dish matic,US,מארז 3יח ספוגי החלפה לשטיפת כלים,יחידה,3.00,יחידה,false,1,26.90,8.9667,true,1,33585
5013931015789,false,דישמאטיק ידית הפלא עם כרית פלדה,דישמטיק Dish matic,US,ידית הפלא לשטיפת כלים עם כרית מתכת,יחידה,1.00,יחידה,false,1,24.90,24.9000,true,1,33586
5013931015819,false,דישמאטיק מארז כריות פלדה 2 יח,דישמטיק Dish matic,US,מארז 2יח כריות מתכת החלפה לידית הפלא,יחידה,3.00,יחידה,false,1,26.90,8.9667,true,1,33587
5014201701623,true,משקה סיידר אינגליש ו,,,משקה סיידר אינגליש ו,Each,0.00,Each,false,,24.90,0.0000,true,1,31344
5014201800869,true,משקה סיידר ווסטונס א,,,משקה סיידר ווסטונס א,Each,0.00,Each,false,,19.90,0.0000,true,1,15955
5014271300429,false,"מעדן משמש 100% פרי סנטדלפור 284 גרם לל""ס",סאן דלפור - שמבור,FR,מעדן משמש 284 ג סנדלפור,גרמים,284.00,100 גרם,false,1,20.90,7.3592,true,1,1578
5014271350424,false,מעדן ארבעה פירות ללא תוספת סוכר 284 גרם,סאן דלפור - שמבור,FR,מעדן ארבע פירות 284 ג סנדלפור,גרמים,284.00,100 גרם,false,1,20.90,7.3592,true,1,1581
5014271370422,false,מעדן אפרסקים ללא תוספת סוכר 284 גרם,סאן דלפור - שמבור,FR,מעדן אפרסק 284 ג סנדלפור,גרמים,284.00,100 גרם,false,1,20.90,7.3592,true,1,1583
5014271560427,false,מעדן תפוז וג'ינג'ר ללא סוכר סאן דלפור 284 גר,סאן דלפור - שמבור,FR,מעדן תפוז גיינגר 284 ג סנדלפור,גרמים,284.00,100 גרם,false,1,20.90,7.3592,true,1,1587
5018357006731,true,תערובת מוזלי רילי נט,,,תערובת מוזלי רילי נט,Each,0.00,Each,false,,28.00,0.0000,true,1,5814
5018357006755,true,תערובת מוזלי היי פיב,,,תערובת מוזלי היי פיב,Each,0.00,Each,false,,28.00,0.0000,true,1,5680
5018357011858,false,דורסט סיריאלס-ברי גרנולה 550 גרם,דורסט סיריאליס,IL,תערובת גרנולה ברי550 גר דורסט,גרמים,550.00,100 גרם,false,1,32.90,5.9818,true,1,19179
5018357012459,true,תערובת מוזלי פירות מ,,,תערובת מוזלי פירות מ,Each,0.00,Each,false,,31.90,0.0000,true,1,33580
5018357012572,true,תערובת מוזלי גרגירי,,,תערובת מוזלי גרגירי,Each,0.00,Each,false,,31.90,0.0000,true,1,33582
5021692000241,true,גין היימנס לונדון דר,,,גין היימנס לונדון דר,Each,0.00,Each,false,,90.00,0.0000,true,1,24699
5021692000340,true,גין היימנס אולד טום,,,גין היימנס אולד טום,Each,0.00,Each,false,,99.90,0.0000,true,1,24700
5023625004487,true,בירה הובגובלין 500 מ,,,בירה הובגובלין 500 מ,Each,0.00,Each,false,,16.90,0.0000,true,1,11092
5026489483955,false,חטיף חומוס סיסולט איט ריל 45 גרם,לקסמי אנד סונס סי/\אי קו,GB,חטיף חומוס סיסולט 45 גרם,Unknown,0.00,Unknown,false,12,8.90,0.0000,true,1,23166
5026489483993,false,חטיף עדשים בטעם מלח ים40,לקסמי אנד סונס סי/\אי קו,GB,חטיף עדשים סיסולט 40 גרם,Unknown,0.00,Unknown,false,12,8.90,0.0000,true,1,23174
5029053002408,true,נייר טואלט קלינקס לב,,,נייר טואלט קלינקס לב,Each,0.00,Each,false,,35.90,0.0000,true,1,1591
5029053002439,true,נייר טואלט קלינקס צה,,,נייר טואלט קלינקס צה,Each,0.00,Each,false,,35.90,0.0000,true,1,1592
5029053510828,true,תחבושות קוטקס סופר 2,,,תחבושות קוטקס סופר 2,Each,0.00,Each,false,,19.90,0.0000,true,1,2943
5029053523446,true,תחבושות קוטקס לילה 2,,,תחבושות קוטקס לילה 2,Each,0.00,Each,false,,19.90,0.0000,true,1,2944
5029053534589,true,טמפון קוטקס מיני 32,,,טמפון קוטקס מיני 32,Each,0.00,Each,false,,29.90,0.0000,true,1,7441
5029053534596,true,טמפון קוטקס נורמל 32,,,טמפון קוטקס נורמל 32,Each,0.00,Each,false,,29.90,0.0000,true,1,7442
5029053535227,true,טמפון קוטקס נורמל+מו,,,טמפון קוטקס נורמל+מו,Each,0.00,Each,false,,25.90,0.0000,true,1,8224
5029053574158,false,האגיס פול אפס תח.גמילה לילה בנים 18 יחיד,KC צ'כיה,IL,חיתולי פול אפס בנים לילה גיל 2-4שנה 18יח,יחידה,18.00,יחידה,false,1,39.90,2.2167,true,1,39002
5029053575575,false,מגבונים היגיינים לניקוי פנים וידיים קליניקס 24 דפים,חוגלה קימברלי,IT,מגבוני חיטוי לידיים ולפנים 24יח קלינקס,יחידה,24.00,יחידה,false,20,9.90,0.4125,true,1,38061
5029053578309,false,קופסת ממחטות אולטרה סופט 48 דף קלינקס,קימברלי,IL,ממחטות קלינקס אולטרא סופט 48יח קוביה,יחידה,48.00,יחידה,false,1,9.90,0.2063,true,1,45470
5029054220085,false,האגיס - מגבוני האגיס אקסטרה קר לא מבושם 56 יח' * 4,קימברלי קלארק,IL,מארז 4יח מגבוני האגיס רך נולד 56יח,יחידה,224.00,יחידה,false,1,22.90,0.1022,true,1,23886
5035766044772,true,מארז 4יח משקה סיידר,,,מארז 4יח משקה סיידר,Each,0.00,Each,false,,30.00,0.0000,true,1,12358
5035766060253,true,בירה מרפיס פח 500 מל,,,בירה מרפיס פח 500 מל,Each,0.00,Each,false,,12.90,0.0000,true,1,6931
5050083559761,false,דגני בוקר קלוגס קוקו פופס שוקוס 500 גרם,קלוגס מניופקטורינג אספנה,ES,דגני קלוגס קוקו פופס שוקוס 500 גר,גרמים,500.00,100 גרם,false,1,17.90,3.5800,true,1,8588
5050974504559,true,פת ריויטה פרוטאין אפ,,,פת ריויטה פרוטאין אפ,Each,0.00,Each,false,,14.90,0.0000,true,1,26147
5050974505259,false,פת פריכה קמח שיפון מלא עם גרעינים ודגנים קלויים,דה ג'ורדנס אנד ריווי,GB,פת ריויטה קמח שיפון דגנים 250 גר,גרמים,250.00,100 גרם,false,1,11.50,4.6000,true,1,35749
5050974505297,false,רייויטה פת פריכה שיפון מלא שומשום 250 גר,דה ג'ורדנס אנד ריווי,GB,פת ריויטה קמח שיפון שומשום 250 גר,גרמים,250.00,100 גרם,false,1,11.50,4.6000,true,1,35750
5053827213998,false,דגני בוקר קלוגס ספיישל קיי 375 גר,,GB,דגני קלוגס ספשייל קיי 375 גרם,גרמים,375.00,100 גרם,false,1,22.90,6.1067,true,1,50786
5053827215862,false,קלוגס קוקו פופס שוקו 500ג',קלוגס מניופקטורינג אספנה,GB,דגני קלוגס קוקו פופס מופחת סוכר510 גר,גרמים,510.00,100 גרם,false,1,17.90,3.5098,true,1,32365
5054267003460,false,משקה אוכמניות שחורות,,GB,משקה אוכמניות שחורות 1.5 ליטר,מיליליטרים,1500.00,"100 מ""ל",false,12,51.90,3.4600,true,1,40386
5060045588128,true,וויסקי גים בים לבן כ,,,וויסקי גים בים לבן כ,Each,0.00,Each,false,,79.90,0.0000,true,1,22747
5060108450263,false,"פיבר טרי מי טוניק 500 מ""ל",,GB,מי טוניק 500מל פרימיום בק.פקדון,מיליליטרים,500.00,"100 מ""ל",false,1,13.90,2.7800,true,1,40475
5060108450287,false,"פרימיום גינגר אייל 500 מ""ל",פיבר טרי,GB,גינגר אייל 500מל פרימיום בק.פקדון,מיליליטרים,500.00,"100 מ""ל",false,1,13.90,2.7800,true,1,40476
5060122039383,false,ממרח בואנטי חלב ופתי,מארס יורק אנגליה,GB,ממרח בואנטי חלב ופתיתי קוקוס 200 גרם,גרמים,200.00,100 גרם,false,6,19.90,9.9500,true,1,37689
5060123607758,true,תה לונדון תפוח קינמו,,,תה לונדון תפוח קינמו,Each,0.00,Each,false,,15.20,0.0000,true,1,5401
5060123607765,true,תה לונדון לימון ליים,,,תה לונדון לימון ליים,Each,0.00,Each,false,,15.20,0.0000,true,1,5399
5060123607772,true,תה לונדון מנטה אורגנ,,,תה לונדון מנטה אורגנ,Each,0.00,Each,false,,15.20,0.0000,true,1,5845
5060123607789,true,תה לונדון אפרסק 20 י,,,תה לונדון אפרסק 20 י,Each,0.00,Each,false,,15.20,0.0000,true,1,5847
5060123607796,true,תה לונדון תות וניל 2,,,תה לונדון תות וניל 2,Each,0.00,Each,false,,15.20,0.0000,true,1,5759
5060123607802,true,תה לונדון גינגר ולימ,,,תה לונדון גינגר ולימ,Each,0.00,Each,false,,15.20,0.0000,true,1,5758
5060123607819,true,תה לונדון תפוז 20 יח,,,תה לונדון תפוז 20 יח,Each,0.00,Each,false,,15.20,0.0000,true,1,5402
5060123607833,true,תה לונדון קמומיל אור,,,תה לונדון קמומיל אור,Each,0.00,Each,false,,15.20,0.0000,true,1,5403
5060123607888,true,תה לונדון ענבי שועל,,,תה לונדון ענבי שועל,Each,0.00,Each,false,,15.20,0.0000,true,1,5757
5060123608014,true,תה לונדון דומדומיות,,,תה לונדון דומדומיות,Each,0.00,Each,false,,15.20,0.0000,true,1,5400
5060123608113,false,תה לונדון פטל 20 יח,טייפו,,תה לונדון פטל 20 יח,יחידה,20.00,יחידה,false,1,15.20,0.7600,true,1,39239
5060169982024,true,קפה נמס ביניס אגוז ש,ביניס דה פלייוור קו,GB,קפה נמס ביניס אגוז ש,Each,0.00,Each,false,,19.90,0.0000,true,1,21195
5060169982031,true,קפה נמס ביניס דאבל ש,ביניס דה פלייוור קו,GB,קפה נמס ביניס דאבל ש,Each,0.00,Each,false,,19.90,0.0000,true,1,21192
5060169982062,true,קפה נמס ביניס קרמל מ,ביניס דה פלייוור קו,GB,קפה נמס ביניס קרמל מ,Each,0.00,Each,false,,19.90,0.0000,true,1,21191
5060169982123,true,קפה נמס ביניס איירש,ביניס דה פלייוור קו,GB,קפה נמס ביניס איירש,Each,0.00,Each,false,,19.90,0.0000,true,1,21193
5060255492154,false,חול חתולים תורכיז6ל ספיגה מוגברת,אבר קלין Ever clean,NL,אברקךין תורכיז ללא בושם 6 לי,ליטרים,6.00,ליטר,false,1,59.90,9.9833,true,1,49368
5060255492185,false,"אברקלין עוצמה בניחוח מרענן 6 ק""ג",כלורוקס,NL,חול חתולים אברקלין לוונדר 5קג,קילוגרמים,5.00,"ק""ג",false,1,59.90,11.9800,true,1,19837
5060305460430,true,חטיף ציפס סקראביס חו,,,חטיף ציפס סקראביס חו,Each,0.00,Each,false,,15.90,0.0000,true,1,21286
5060319120023,true,תה קינמון הייר ליבינ,,,תה קינמון הייר ליבינ,Each,0.00,Each,false,,16.90,0.0000,true,1,17389
5060319120047,true,תה ורי ברי הייר ליבי,,,תה ורי ברי הייר ליבי,Each,0.00,Each,false,,16.90,0.0000,true,1,17390
5060319120078,true,תה סוויט דרימס הייר,,,תה סוויט דרימס הייר,Each,0.00,Each,false,,16.90,0.0000,true,1,17391
5060319120108,true,תה ארל גריי הייר ליב,,,תה ארל גריי הייר ליב,Each,0.00,Each,false,,16.90,0.0000,true,1,17388
5060319120115,true,תה ירוק הייר ליבינג,,,תה ירוק הייר ליבינג,Each,0.00,Each,false,,16.90,0.0000,true,1,17277
5060319120122,true,תה צאי ירוק הייר ליב,,,תה צאי ירוק הייר ליב,Each,0.00,Each,false,,16.90,0.0000,true,1,17754
5060319120153,true,תה קמומיל ונילה הייר,,,תה קמומיל ונילה הייר,Each,0.00,Each,false,,16.90,0.0000,true,1,16311
5060319129286,true,תה לבן הייר ליבינג א,,,תה לבן הייר ליבינג א,Each,0.00,Each,false,,16.90,0.0000,true,1,16315
5060319129422,false,הייר ליבינג- חליטת דיטוקס אורגנית 25 גרם,אונלי נטורל פרודקטס,PT,חליטת דיטוקס אורגני 25 גר הייר ליבינג,יחידה,1.00,יחידה,false,4,15.90,15.9000,true,1,37104
5060323901342,true,שעועית הריקוט לבנה,,,שעועית הריקוט לבנה,Each,0.00,Each,false,,8.90,0.0000,true,1,30007
5060326870805,false,חטיף סויה ותפוח אדמה בטעם ברביקיו מתוק,,GB,חטיף סויה תפוא טעם ברביקיו גוד אנסט 85גר,Unknown,0.00,Unknown,false,8,10.90,0.0000,true,1,46271
5060326870898,false,חטיף ציפס חלבון בטעם ברביקיו מתוק85 ג,,GB,חטיף ציפס גוד אנד אנסט ברביקיו 85 גל,Unknown,0.00,Unknown,false,8,10.90,0.0000,true,1,46263
5060336505025,false,רוטב ברנסטון פיקל צא,,GB,רוטב ברנסטון פיקל צאנקי 360גר,מיליליטרים,360.00,"100 מ""ל",false,6,29.90,8.3056,true,1,30032
5060402901928,false,ממרח טוויקס שוקו קרמ,מרס,GB,ממרח טוויקס שוקו קרמל עוגיות 200 גרם,גרמים,200.00,100 גרם,false,6,19.90,9.9500,true,1,37694
5060402905346,false,ממרח ממ&ס פצפוצי אור,מרס,GB,ממרח אם אנד אמס פצפוצי אורז צבעוני 200 ג,גרמים,200.00,100 גרם,false,6,19.90,9.9500,true,1,37692
5060412214124,false,חול אברקלין צהוב פיזור מופחת,אבר קלין Ever clean,NL,חול חתולים אברקלי בריז 5 קג,קילוגרמים,5.00,"ק""ג",false,1,59.90,11.9800,true,1,32746
5060465390004,false,"בירה לל""ג ""סקיני"" בקבוק 330 מ""ל",סקיני ביר בע״מ,GB,בירה סקיני לאגר 330מל ל.גלוטן בק.פקדון,מיליליטרים,330.00,"100 מ""ל",false,24,8.90,2.6970,true,1,27741
5060517886486,true,משקה אנרגיה מונסטר,,,משקה אנרגיה מונסטר,Each,0.00,Each,false,,7.60,0.0000,true,1,31679
5060517886516,false,"משקה אנרגיה מונסטר אנרג'י זירו בפחית 500 מ""ל",מונסטר אנרג'י Monster Energy,RS,משקה אנרגיה מונסטר זירו 500מל פח.פקדון,מיליליטרים,500.00,"100 מ""ל",false,1,7.60,1.5200,true,1,31680
5060517886547,true,משקה אנרגיה מונסטר,,,משקה אנרגיה מונסטר,Each,0.00,Each,false,,7.60,0.0000,true,1,31681
5060639128051,false,"משקה אנרגיה מונסטר אולטרה בפחית 500 מ""ל",מונסטר אנרג'י לימטד,RS,משקה אנרגיה מונסטר אולטרה500מל פח.פקדון,מיליליטרים,500.00,"100 מ""ל",false,1,7.60,1.5200,true,1,34849
5060639129102,false,"משקה אנרגיה מונסטר אנרג'י מנגו בפחית 500 מ""ל",מונסטר אנרג'י Monster Energy,RS,משקה אנרגיה מונסטר מנגו 500מל פח.פקדון,מיליליטרים,500.00,"100 מ""ל",false,1,7.60,1.5200,true,1,37718
5060751218173,false,"משקה אנרגיה מונסטר אנרג'י piplin punch בפחית 500 מ""ל",מונסטר אנרג'י לימטד,RS,משקה אנרגיה מונסטר פיפליי 500מל פח.פקדון,מיליליטרים,500.00,"100 מ""ל",false,1,7.60,1.5200,true,1,48442
5060751219033,false,"משקה אנרגיה מונסטר אנרג'י זירו paradise בפחית 500 מ""ל",מונסטר אנרג'י לימטד,RS,משקה אנרגיה מונסטר אולטרה 500מל פח.פקדון,מיליליטרים,500.00,"100 מ""ל",false,1,7.60,1.5200,true,1,48443
5200101940266,false,יין רצינה קכריבארי קכריס 500 מל,,GR,יין רצינה קכריבארי קכריס 750 מל,מיליליטרים,750.00,"100 מ""ל",false,6,40.00,5.3333,true,1,50649
5200133120476,false,גלילות וופלים ממולאים קרם אגוזים וקקאו 400 ג',יוניליוור גרמניה Gm,GR,גלילי וופל קרם אגוזים 400 גר גולדן ברייק,גרמים,400.00,100 גרם,false,1,13.90,3.4750,true,1,22548
5200133120483,false,גליליות וופלים ממולא קרם וניל 400 גר,יוניליוור גרמניה Gm,GR,גלילי וופל קרם וניל 400 גר גולדן ברייק,גרמים,400.00,100 גרם,false,1,13.90,3.4750,true,1,22547
5200133120735,false,גליליות וופלים שוקולד מריר 400 ג',"קוארטט אס.אי,",GR,גלילי וופל גולדן ברייק מריר 400 גרם,גרמים,400.00,100 גרם,false,1,13.90,3.4750,true,1,38130
5200303832925,true,גלילוני וופל בולרו ק,,,גלילוני וופל בולרו ק,Each,0.00,Each,false,,13.90,0.0000,true,1,7111
5200303833892,false,חמאת בוטנים חלקה בול,,,חמאת בוטנים חלקה בולרו 350 גר,גרמים,350.00,100 גרם,false,1,14.90,4.2571,true,1,15844
5200303833908,false,חמאת בוטנים עם גרגיר,,,חמאת בוטנים עם גרגירים בולרו 350 גר,גרמים,350.00,100 גרם,false,1,14.90,4.2571,true,1,17234
5201003110702,false,משקה אוזו 12 700 מל,קאלוניאס קוטסיקוס,GR,משקה אוזו 12 750 מל פיקדון,מיליליטרים,700.00,"100 מ""ל",false,1,79.90,11.4143,true,1,1594
5201347160326,false,גל לשמירה על חיי מכונת הכביסה קלגון 750מ,רקיט בנקיזר,IT,מרכך מים קלגון גל 750 מל,מיליליטרים,750.00,"100 מ""ל",false,1,29.90,3.9867,true,1,20105
5201704064038,false,יוגורט יווני קוליאוס,,GR,יוגורט יווני קוליאוס 1 קג 10% שומן,קילוגרמים,1.00,"ק""ג",false,1,31.90,31.9000,true,1,17470
5201704064243,false,יוגורט יווני 500 גרם,,GR,יוגורט יווני 500 גרם קוליאוס 10% שומן,גרמים,500.00,100 גרם,false,1,17.90,3.5800,true,1,18227
5201940010110,true,זית קלמטה שחור בפח 4,,,זית קלמטה שחור בפח 4,Each,0.00,Each,false,,16.90,0.0000,true,1,4914
5202390014192,false,גבינה צהובה טבעונית זיתים ויאו לייף 200 ג',פרוטרופיק סיה.,GR,צהובה טבעונית זיתים 200 גרם,גרמים,200.00,100 גרם,false,1,22.90,11.4500,true,1,21859
5202390014222,false,גבינה צהובה טבעונית עגבניות בזיליקום ויאו לייף 200 ג',פרוטרופיק סיה.,GR,צהובה טבעונית עגבניות בזיליקום 200,גרמים,200.00,100 גרם,false,1,22.90,11.4500,true,1,21858
5202390014239,false,גבינה צהובה טבעונית עשבי תיבול ויאו לייף 200 ג',פרוטרופיק סיה.,GR,צהובה טבעונית עשבי תיבול 200 גרם,גרמים,200.00,100 גרם,false,1,22.90,11.4500,true,1,21860
5202390015618,false,גבינה צהובה טבעונית אורגינל ויאו לייף 200 ג',אריביה אס.אי. 57022,GR,צהובה טבעונית אורגינל 200 גרם,גרמים,200.00,100 גרם,false,1,22.90,11.4500,true,1,12307
5202390015885,false,ויולייפ צד'ר פרוסות 200 גר 200 גר,ביוט איילנד פודס בעמ,GR,צהובה טבעונית בסגנון צדר 200גר ויולייף,גרמים,200.00,100 גרם,false,12,14.90,7.4500,true,1,49074
5202390016141,false,גבינה מוצרלה צהובה לפיצה טבעונית ויאו לייף 400 ג',פרוטרופיק סיה.,GR,צהובה טבעונית מוצרלה 400 גרם ליב,גרמים,400.00,100 גרם,false,1,24.90,6.2250,true,1,14089
5202390019319,false,ויולייף מוצרלה טבעונית מגורדת 200 גרם,קראפט,,בסגנון מוצרלה 200גר טבעונית מגורדת לפיצה,גרמים,200.00,100 גרם,false,1,24.90,12.4500,true,1,22657
5202390021121,false,קרמי אוריגינל טבעוני ויולייף 150 גר,ביוט איילנד פודס בעמ,GR,תחליף קרמי אורגינל טבעוני 150גר ויולייף,גרמים,150.00,100 גרם,false,9,18.90,12.6000,true,1,26328
5202795080709,false,אוזו מטקסה Ouzo Metaxa,פארייפאבה אגרואינדוס,GR,אוזו מטקסה 700 מל פקדון,מיליליטרים,700.00,"100 מ""ל",false,1,69.90,9.9857,true,1,4557
5202795150297,false,ברנדי מטאקסה 12 בארי,רמי קואנטרו,,ברנדי מטאקסה 12 באריזת שי 700מל פקדון,מיליליטרים,700.00,"100 מ""ל",false,1,145.00,20.7143,true,1,16922
5202904400305,false,גבינת קפלוטירי יווני בקר 300 ג',,GR,גבינת קפלוטירי יווני 300 גרם בקר,גרמים,300.00,100 גרם,false,1,24.90,8.3000,true,1,38132
5202904540308,false,גבינת קפלוטירי יווני צאן 300 ג',,GR,גבינת קפלוטירי יווני 300 גרם צאן,גרמים,300.00,100 גרם,false,1,29.90,9.9667,true,1,38133
5391500600117,false,"בירה אוהרהס איריש סטאוט 330 מ""ל בקבוק",,IE,בירה אוהרס סטאוט 330מל פקדון,מיליליטרים,330.00,"100 מ""ל",false,1,11.90,3.6061,true,1,37544
5391500600698,false,"בירה אוהרהס ליין פוליין 330 מ""ל בקבוק",,,בירה אוהרס ליין פולין 6% 330מל פקדון,מיליליטרים,330.00,"100 מ""ל",false,1,11.90,3.6061,true,1,37545
5391523057929,false,סימילאק גולד שלב 1 תרכובת מזון על בסיס חלב,אבוט מעבדות רפואיות,IE,תחליף חלב סימילאק גולד שלב 1 700גר,גרמים,700.00,100 גרם,false,1,69.90,9.9857,true,1,22989
5391523057936,false,סימילאק גולד שלב 2 תרכובת מזון על בסיס חלב,אבוט מעבדות רפואיות,IE,תחליף חלב סימילאק גולד שלב 2 700גר,גרמים,700.00,100 גרם,false,1,69.90,9.9857,true,1,22990
5391523057943,false,סימילאק גולד שלב 3 תרכובת מזון על בסיס חלב,אבוט מעבדות רפואיות,IE,תחליף חלב סימילאק גולד שלב 3 700גר,גרמים,700.00,100 גרם,false,1,69.90,9.9857,true,1,22991
5391523058087,false,סימילאק אדבנס פלוס 2 תרכובת מזון על בסיס חלב,טרופיקל דגיל תעשיות,IE,תחליף חלב סימילאק פלוס שלב 2 700גר,גרמים,700.00,100 גרם,false,1,66.90,9.5571,true,1,23732
5400141357530,false,שימורי מלפפון חמוץ מתוק בוני 530 גר,,BE,רצועות מלפפון בוני חמוץ מתוק 510 גר,גרמים,510.00,100 גרם,false,1,19.90,3.9020,true,1,39856
5400265022796,true,דפדפי שוקולד קריספי,,,דפדפי שוקולד קריספי,Each,0.00,Each,false,,15.00,0.0000,true,1,5936
5400265022802,true,דפדפי שוקולד 57% קקא,,,דפדפי שוקולד 57% קקא,Each,0.00,Each,false,,15.00,0.0000,true,1,5935
5400265022826,true,דפדפי שוקולד תפוז קר,,,דפדפי שוקולד תפוז קר,Each,0.00,Each,false,,15.00,0.0000,true,1,5938
5400265024349,true,מאפה מבצק עלים מסוכר,,,מאפה מבצק עלים מסוכר,Each,0.00,Each,false,,11.90,0.0000,true,1,6840
5400265030074,false,המלט - מתנה אמאג ליין אדום 125 גרם,HAMLET NV,BE,בונבוניירה המלט אמאג ליין אדום 125 גר,גרמים,125.00,100 גרם,false,1,22.90,18.3200,true,1,15581
5400265032993,true,עוגיות מרנג המלט לבן,,,עוגיות מרנג המלט לבן,Each,0.00,Each,false,,13.00,0.0000,true,1,13383
5400265033006,false,המלט- נשיקות מרנג צבעוני 100 גרם,HAMLET NV,,עוגיות מרנג המלט צבעוני 100 גר,גרמים,100.00,100 גרם,false,1,13.00,13.0000,true,1,13384
5410076379378,true,אב.כביסה טייד קולור,,,אב.כביסה טייד קולור,Each,0.00,Each,false,,46.90,0.0000,true,1,9038
5410091648176,true,דאו פה רול און פינק,,,דאו פה רול און פינק,Each,0.00,Each,false,,11.90,0.0000,true,1,4924
5410103161617,false,קרם יום עם פעולה משולשת Triple active לעור יבש ועדין,"לוריאל ישראל בע""מ",DE,קרם לחות לוריאל פעולה משולשת יבש 50מל,Unknown,0.00,Unknown,false,1,39.90,0.0000,true,1,47040
5410126006360,false,לוטוס עוגיות סנדוויץ' במילוי לוטוס 150 גר',לוטוס ביקרי בלגיה נ.,BE,עוגיות לוטוס במילוי קרם לוטוס 150 גרם,גרמים,150.00,100 גרם,false,8,9.90,6.6000,true,1,40956
5410126006377,false,לוטוס עוגיות סנדוויץ במילוי וניל 150 גרם,לוטוס ביקרי בלגיה נ.,BE,עוגיות לוטוס במילוי קרם וניל 150 גרם,גרמים,150.00,100 גרם,false,8,9.90,6.6000,true,1,40955
5410126106022,false,מארז עוגיות לוטוס 250 גר*2,לוטוס ביקרי נ.וי.,BE,מארז 2יח ביסקויט לוטוס 250 גרם,גרמים,500.00,100 גרם,false,8,14.90,2.9800,true,1,35447
5410126126020,false,לוטוס ביסקוויט בטעם קרמל מארז זוג * 250 גרם,לוטוס ביקרי נ.וי,,מארז 2יח ביסקויט לוטוס 250 גרם,גרמים,500.00,100 גרם,false,1,16.90,3.3800,false,1,32896
5410126666038,true,ביסקויט קרמל לוטוס 2,,,ביסקויט קרמל לוטוס 2,Each,0.00,Each,false,,13.90,0.0000,true,1,24084
5410126716016,false,"עוגיות לוטוס ביסקויט קרמל בד""צ 250 גרם",לוטוס ביקרי בלגיה,BE,ביסקויט לוטוס קרמל 250 ג,גרמים,250.00,100 גרם,false,1,11.90,4.7600,true,1,1608
5410126726947,false,ממרח ביסקוויט קרמל קראנץ' לוטוס 380 גרם,לוטוס בייקרי בלגיה נ,BE,ממרח עוגיות לוטוס קראנץ 380 גר,גרמים,380.00,100 גרם,false,1,17.90,4.7105,true,1,12114
5410173210055,false,רומבוטס קפה קלוי וטחון לפילטר 10 יח' 70 גרם,קופי רומבוטס,BE,קפה פילטר רומבוטס 10 יח 57 גר,יחידה,10.00,יחידה,false,1,19.90,1.9900,true,1,10488
5410228217732,false,"סטלה ארטואה -פחית 440 מ""ל",מנדלז סי.אר. פרודקשן,BE,בירה סטלה ארטואה 440מל פח.פקדון,מיליליטרים,440.00,"100 מ""ל",false,1,12.90,2.9318,true,1,38545
5410316983693,true,משקה סמירנוף אייס 27,,,משקה סמירנוף אייס 27,Each,0.00,Each,false,,11.90,0.0000,true,1,3219
5410769100081,true,בירה לה שוף 330 מל פ,,,בירה לה שוף 330 מל פ,Each,0.00,Each,false,,14.90,0.0000,true,1,7226
5410769200088,true,בירה מק שוף 330 מל פ,,,בירה מק שוף 330 מל פ,Each,0.00,Each,false,,14.90,0.0000,true,1,7227
5410769800097,true,בירה צרי שוף 8% 3,,,בירה צרי שוף 8% 3,Each,0.00,Each,false,,14.90,0.0000,true,1,19883
5410783005379,false,"מארז בירה קורנט 8.5% 4*330 מ""ל + כוס)",בווריה,,מארז 4יח בירה קורנט 8.5% 330מל בק.פקדון,מיליליטרים,1320.00,"100 מ""ל",false,6,39.90,3.0227,true,1,37454
5411081003654,false,"קסטיל בירה רוז 330 מ""ל",מבשלת קסטל ואן הונסב,BE,בירה קסטיל רוז 330מל בק. פקדון,מיליליטרים,330.00,"100 מ""ל",false,1,12.90,3.9091,true,1,11096
5411081005696,true,בירה קסטיל שוקולד בר,,,בירה קסטיל שוקולד בר,Each,0.00,Each,false,,12.90,0.0000,true,1,19843
5411188081852,true,משקה סויה אלפרו וניל,,,משקה סויה אלפרו וניל,Each,0.00,Each,false,,12.90,0.0000,true,1,12109
5411188094159,true,מעדן סויה אלפרו שוקו,,,מעדן סויה אלפרו שוקו,Each,0.00,Each,false,,17.90,0.0000,true,1,5484
5411188096108,false,"שמנת לבישול ע""ב סויה 250 מ""ל אלפרו",אלפרו C.V.A,BE,שמנת לבישול סויה אלפרו 250 מל,מיליליטרים,250.00,"100 מ""ל",false,1,8.90,3.5600,true,1,6914
5411188115366,true,משקה שבולת שועל אלפר,,,משקה שבולת שועל אלפר,Each,0.00,Each,false,,12.90,0.0000,true,1,12104
5411188115434,false,משקה אלפרו בריסטה סויה 1 ליטר,אלפרו C.V.A,BE,משקה סויה אלפרו בריסטה 1 ליטר,ליטרים,1.00,ליטר,false,8,12.90,12.9000,true,1,47772
5411188115472,false,משקה סויה אלפרו 1 ליטר,הנסיך- מפעל לייצור ט,BE,משקה סויה אלפרו טבעי לייט 1 ל,ליטרים,1.00,ליטר,false,12,12.90,12.9000,true,1,35395
5411188120957,false,"אלפרו תערובת לבישול על בסיס קוקוס 250 מ""ל",אלפרו C.V.A,BE,אלפרו קוקוס לבישול 250מל,מיליליטרים,250.00,"100 מ""ל",false,15,8.90,3.5600,true,1,19625
5411188121923,false,"משקה סויה מועשר סידן אלפרו 3*250 מ""ל",הנסיך- מפעל לייצור ט,BE,שלישית חלב סויה אלפרו מועשר בסידן 750,מיליליטרים,750.00,"100 מ""ל",false,8,12.90,1.7200,true,1,21427
5411188121978,false,"משקה סויה בטעם שוקולד 3 * 250 מ""ל אלפרו",אלפרו סי.וי. איי,BE,שלישית משקה סויה שוקו אלפרו 250מל,מיליליטרים,750.00,"100 מ""ל",false,1,12.90,1.7200,true,1,20639
5411188124689,false,משקה אלפרו שיבולת שועל ללא סוכר 1 ליטר,אלפרו C.V.A,BE,משקה שבולת שועל ללס אלפרו 1 ל,ליטרים,1.00,ליטר,false,8,14.90,14.9000,true,1,35957
5411188127697,false,אלפרו משקה בריסטה שיבולת שועל 1 ליטר,הנסיך- מפעל לייצור ט,BE,משקה סויה אלפרו בריסטה שבולת שועל 1ליי,ליטרים,1.00,ליטר,false,8,12.90,12.9000,true,1,35393
5411188129899,false,משקה אלפרו בריסטה שקדים 1 ליטר,הנסיך- מפעל לייצור ט,BE,משקה סויה אלפרו בריסטה שקדים 1ליי,ליטרים,1.00,ליטר,false,8,12.90,12.9000,true,1,35394
5411188134985,false,אלפרו 3.5% NOT M*LK שיבולת שועל 1 ליטר בית יוסף,הנסיך- מפעל לייצור ט,BE,משקה אלפרו שבולת שועל 1ליטר נוט 3.5%,ליטרים,1.00,ליטר,false,1,12.90,12.9000,true,1,40764
5411188135005,false,אלפרו 1.8% NOT M*LK שיבולת שועל 1 ליטר בית יוסף,הנסיך- מפעל לייצור ט,BE,משקה אלפרו שבולת שועל 1ליטר נוט 1.8%,ליטרים,1.00,ליטר,false,1,12.90,12.9000,true,1,40763
5411188300328,true,משקה סויה אלפרו שוקו,,,משקה סויה אלפרו שוקו,Each,0.00,Each,false,,12.90,0.0000,true,1,12108
5411188513483,false,"סויה לבישול 14% שומן אלפרו 250 מ""ל",אלפרו C.V.A,BE,אלפרו סויה לבישול 250מל 14% שומן,מיליליטרים,250.00,"100 מ""ל",false,1,8.90,3.5600,true,1,47449
5411188543398,false,משקה סויה ללא סוכר אלפרו 1 ליטר,הנסיך- מפעל לייצור ט,BE,משקה סויה אלפרו ללא סוכר 1 ל,ליטרים,1.00,ליטר,false,12,12.90,12.9000,true,1,35396
5411223030081,true,בירה לינדמנס קריק דו,,,בירה לינדמנס קריק דו,Each,0.00,Each,false,,12.90,0.0000,true,1,6256
5411681038001,true,בירה מרדסו 330 מל פק,,,בירה מרדסו 330 מל פק,Each,0.00,Each,false,,14.90,0.0000,true,1,6259
5412514350000,true,עלי טורטילה גדול 25,,,עלי טורטילה גדול 25,Each,0.00,Each,false,,22.50,0.0000,true,1,1966
5412514555559,true,עלי טורטילס 340 גר,,,עלי טורטילס 340 גר,Each,0.00,Each,false,,18.50,0.0000,true,1,1857
5412514777746,false,תרמילי טאקו קונכיות,אן. וי סנק פוד,,תרמילי טאקו קונכיות כשר 125 גרם,גרמים,125.00,100 גרם,false,1,20.90,16.7200,true,1,1858
5412514931117,true,עלי טורטילה תירס 320,,,עלי טורטילה תירס 320,Each,0.00,Each,false,,22.50,0.0000,true,1,5972
5412514931889,true,עלי קורדיטה 272 גר,,,עלי קורדיטה 272 גר,Each,0.00,Each,false,,18.50,0.0000,true,1,9671
5412533001617,false,נוזל לניקוי כלים אלוורה ולימון 1 ליטר,אקובר,BE,נוזל לניקוי כלים אלוורה ולימון 1 ליטר,ליטרים,1.00,ליטר,false,1,14.90,14.9000,true,1,11034
5412533002287,false,נוזל לניקוי אסלות בניחוח אורנים ECOVER,,BE,נוזל ניקוי אסלות אורנים אקולוגי 750מל,מיליליטרים,750.00,"100 מ""ל",false,1,19.90,2.6533,true,1,11044
5412533416602,false,טבליות למדיח 25 יח 500 ג,אקובר,BE,טבליות למדיח 25יח אקולוגי הכל באחד אקובר,יחידה,25.00,יחידה,false,1,36.90,1.4760,true,1,23036
5412533416626,false,אקובר הכל באחד למדיח גמבו,אקובר,BE,טבליות למדיח 65 יח אקולוגי אקובר,יחידה,70.00,יחידה,false,1,84.90,1.2129,true,1,26367
5412533419566,false,נוזל לכביסה עדינה בניחוח נופר 750 מל,אקובר,BE,נוזל כביסה עדינה 750מל אקולוגי בריח נופר,מיליליטרים,750.00,"100 מ""ל",false,1,24.90,3.3200,true,1,33171
5412533419702,false,"מרכך כביסה ווניל וגרדניה 750 מ""ל",אקובר,BE,מרכך כביסה תפוח שקד אקולוגי 750 מל,מיליליטרים,750.00,"100 מ""ל",false,6,16.90,2.2533,true,1,31819
5412533420364,false,נוזל כביסה פורמולה מרוכזת 1 ליטר,אקובר,BE,נוזל כביסה מרוכז אקולוגי 1ליטר אקובר,ליטרים,1.00,ליטר,false,1,44.90,44.9000,true,1,32866
5412533421828,false,תרסיס לניקוי משטחים500מל,,BE,תרסיס לניקוי משטחים מולטי אקשן 500מל,מיליליטרים,500.00,"100 מ""ל",false,1,24.90,4.9800,true,1,46778
5412533421989,false,"מסיר אבנית אקובר 500 מ""ל",,BE,מסיר אבנית אקולוגי 500מל אקובר,מיליליטרים,500.00,"100 מ""ל",false,1,22.90,4.5800,true,1,47012
5413121356737,false,"שוקולד מריר ללא תוספת סוכר ""בלג'יאן"" 100 גרם",BCG,,שוקולד בלגי מריר ללא סוכר 100 ג בלגיאן,גרמים,100.00,100 גרם,false,1,14.90,14.9000,true,1,4572
5413121359998,false,"שוקולד מריר שקד ללת""ס בלגיאן 100 גר",BCG,,שוקולד בלגי מריר שקד ללא ס. 100 ג בלגיאן,גרמים,100.00,100 גרם,false,1,14.90,14.9000,true,1,8495
5413121364121,true,טרופל בלגיאן קקאו 15,,,טרופל בלגיאן קקאו 15,Each,0.00,Each,false,,11.90,0.0000,true,1,21441
5413121365616,true,שוקולד בלגיאן90% מרי,,,שוקולד בלגיאן90% מרי,Each,0.00,Each,false,,11.90,0.0000,true,1,28440
5413149922907,true,אב.כביסה אריאל קולור,,,אב.כביסה אריאל קולור,Each,0.00,Each,false,,42.90,0.0000,true,1,7479
5413149922938,true,אב.כביסה אריאל שושן,,,אב.כביסה אריאל שושן,Each,0.00,Each,false,,42.90,0.0000,true,1,7478
5413149930025,true,אב.כביסה טייד רגיל 5,,,אב.כביסה טייד רגיל 5,Each,0.00,Each,false,,46.90,0.0000,true,1,7480
5413548280189,true,קינדר שוקו בון 125 ג,,,קינדר שוקו בון 125 ג,Each,0.00,Each,false,,12.00,0.0000,true,1,1869
5414145036568,false,"ליקר קרם קלאב אוריגינל עם וויסקי 700 מ""ל",סודיקו,US,ליקר קרם קלאב אוריגונל סקוטי 700 מל,מיליליטרים,700.00,"100 מ""ל",false,6,55.00,7.8571,true,1,27353
5420066330203,false,ביאנקה- טרופל קקאו באריזות זהב 175 ג,Q Chocolate,BE,טרופל ביאנקה זהב קקאו 175 גר,גרמים,175.00,100 גרם,false,1,15.00,8.5714,true,1,14252
5601008200444,true,עוגיות גודיס שוקולד,,,עוגיות גודיס שוקולד,Each,0.00,Each,false,,6.90,0.0000,true,1,8851
5601008200451,true,עוגיות גודיס שוקולד,,,עוגיות גודיס שוקולד,Each,0.00,Each,false,,6.90,0.0000,true,1,8852
5601008200468,true,עוגיות גודיס שוקולד,,,עוגיות גודיס שוקולד,Each,0.00,Each,false,,6.90,0.0000,true,1,8853
5601055005375,false,פינטרולס - עדשי שוקולד בגליל שלישיה 22 גרם,פינטרולס,PT,מארז 3 גלילים עדשי שוקולד פיטרולס 22 גרם,Unknown,0.00,Unknown,false,48,9.90,0.0000,true,1,36976
5601055317225,false,פינטרולס - עדשי שוקולד 200 גרם,,PT,סוכריות עדשים פינטרולס 200 גרם,גרמים,200.00,100 גרם,false,30,15.90,7.9500,true,1,36798
5601055319854,false,פינטרולס מאגדת עדשי שוקולד 10*15 גרם,פינטרולס,PT,מאגדת סוכריות עדשים פינטרולס 10 יח 15 גר,גרמים,150.00,100 גרם,false,48,19.90,13.2667,true,1,36977
5601096208308,true,יין קסאל גרסיה וינו,,,יין קסאל גרסיה וינו,Each,0.00,Each,false,,45.00,0.0000,true,1,19112
5601996355485,true,יין פורטה לבן 750 מל,,,יין פורטה לבן 750 מל,Each,0.00,Each,false,,45.00,0.0000,true,1,31878
5601996547897,true,יין פורטה אדום 750 מ,,,יין פורטה אדום 750 מ,Each,0.00,Each,false,,45.00,0.0000,true,1,31877
5604123005697,false,יין קינטה דו קראשטו,פורטוגל קינטה דו קרא,,יין קינטה דו קראשטו סופריור 750מל פקדון,מיליליטרים,750.00,"100 מ""ל",false,1,65.00,8.6667,true,1,31363
5604912415041,false,סרדינים בשמן חמניה פורטוס 125 גרם,קונסרבס פורטוגל נורטה לי,PT,סרדין פורטוס בשמן חמניה 125 גרם,גרמים,125.00,100 גרם,false,25,6.90,5.5200,true,1,46575
5604912415058,false,סרדינים פורטוס בשמן חמניות חריף 125 גרם,פורטוס Porthos,PT,סרדין פורטוס בשמן חריף 125 גרם,גרמים,125.00,100 גרם,false,25,6.90,5.5200,true,1,46576
5694230412525,false,ממרח סלמון מעושן איסלנדי 125 גרם,סטראוס,IS,ממרח סלמון שחור איסלנדי 125 גרם,גרמים,125.00,100 גרם,false,12,8.90,7.1200,true,1,36591
5701932026964,false,"הוטפופ גרעיני תירס להכנת פופקורן במיקרוגל בטעם טבעי, בתוספת מלח, 600 גרם",ליימן מותגים,US,פופקורן הוטפופ מלוח 600 ג למיקרוגל,גרמים,600.00,100 גרם,false,1,15.00,2.5000,true,1,1612
5701932026971,false,הוטפופ גרעיני תירס להכנת פופקורן במיקרוגל בטעם חמאה 600 גרם,ליימן מותגים,US,פופקורן הוטפופ חמאה 600 ג למיקרוגל,גרמים,600.00,100 גרם,false,1,15.00,2.5000,true,1,1613
5701932026995,false,"הוטפופ גרעיני תירס להכנת פופקורן במיקרוגל בטעם טבעי מופחת שומן, 510 גרם",קריניציה ויטמינה אס,US,פופקורן הוטפופ לייט טבעי 510 ג למיקרוגל,גרמים,510.00,100 גרם,false,1,15.00,2.9412,true,1,2335
5705550300963,true,ביצי דג שיבוט סקגאן,,,ביצי דג שיבוט סקגאן,Each,0.00,Each,false,,11.90,0.0000,true,1,18974
5706516031358,false,פופקורן להכנה במיקרוגל בטעם טבעי מופחת שומן 5 שקיות,ליימן מותגים,US,פופקורן הוטפופ למיקרו 100 קלוריות 5 יח,גרמים,510.00,100 גרם,false,1,15.00,2.9412,true,1,7389
5706516110039,false,הוטפופ בטעם טבעי מופחת שומן ונתרן 540 גר,ליימן מותגים,US,פופקורן הוטפופ טבעי מופחת שומן 6 יח 540,גרמים,540.00,100 גרם,false,1,15.00,2.7778,true,1,36251
5711953106583,false,גבינת שמנת בטעם טבעי 200 גרם ארלה,ארלה פודס אמבה,DK,גבינת שמנת טבעי 200גרם 24.5% שומן ארלה,גרמים,200.00,100 גרם,false,10,12.90,6.4500,true,1,30186
5711953106590,false,גבינת שמנת ארלה שמנת שום 200 גרם,ארלה פודס אמבה,DK,גבינת שמנת שום 200גר 24.5%שומן ארלה,גרמים,200.00,100 גרם,false,10,12.90,6.4500,true,1,30188
5740900403215,false,ממרח מחמאת לורפק עם מלח 250 ג',ארלה פודס אמבה,DK,ממרח חמאת לורפק עם מלח 250גר,גרמים,250.00,100 גרם,false,12,18.90,7.5600,true,1,24288
5740900403222,true,ממרח מחמאת לורפק עם,,,ממרח מחמאת לורפק עם,Each,0.00,Each,false,,18.90,0.0000,true,1,24290
5740900403239,true,ממרח מחמאת לורפק ללא,,,ממרח מחמאת לורפק ללא,Each,0.00,Each,false,,18.90,0.0000,true,1,24289
5740900403253,true,ממרח מחמאת לורפק עם,,,ממרח מחמאת לורפק עם,Each,0.00,Each,false,,27.90,0.0000,true,1,24293
5740900403260,true,ממרח מחמאת לורפק ללא,,,ממרח מחמאת לורפק ללא,Each,0.00,Each,false,,18.90,0.0000,true,1,24291
5740900403284,false,חמאה ללא מלח 200 גרם לורפק כשרות או קיי,ארלה פודס אמבה,DK,חמאה לורפק ללא מלח 200 גר,גרמים,200.00,100 גרם,false,20,11.90,5.9500,true,1,35404
5740900403864,false,חמאה +מלח 200 גרם לורפק כשרות או קיי,ארלה פודס אמבה,DK,חמאה לורפק עם מלח 200 גר,גרמים,200.00,100 גרם,false,20,11.90,5.9500,true,1,40762
5774540984056,false,אנטון ברג-מרציפן תות שדה ושמפניה 220 גר,Anthon Berg,,מרציפן אנטון ברג תות שדה ושמפניה220 גר,גרמים,220.00,100 גרם,false,1,36.90,16.7727,true,1,16984
5774540984155,false,אנטון ברג-מרציפן אוכמניות בוודקה 220 גר,Anthon Berg,,מרציפן אנטון ברג שזיף במדרה220 גר,גרמים,220.00,100 גרם,false,1,36.90,16.7727,true,1,16983
5774540984254,false,אנטון ברג-מרציפן משמש בברנדי 220 גר,Anthon Berg,,מרציפן אנטון ברג משמש בברנדי220 גר,גרמים,220.00,100 גרם,false,1,36.90,16.7727,true,1,16981
5774540984452,false,אנטון ברג-מרציפן דובדבן ברום 220 גר,Anthon Berg,,מרציפן אנטון ברג דובדבן ברום220 גר,גרמים,220.00,100 גרם,false,1,36.90,16.7727,true,1,16980
5774540989853,false,אנטון ברג-מרציפן פטל בליקר תפוז 220 גר,Anthon Berg,,מרציפן אנטון ברג פטל ליקר תפוז220 גר,גרמים,220.00,100 גרם,false,1,36.90,16.7727,true,1,16982
5774540990057,false,אנטון ברג-מרציפן אוכמניות בוודקה 220 גר,Anthon Berg,,מרציפן אנטון ברג אוכמניותבוודקה220 גר,גרמים,220.00,100 גרם,false,1,36.90,16.7727,true,1,16985
5900017062419,false,"ניוואה - תחליב רחצה ורדים ושמן שקדים 750 מ""ל",ביירסדורף,DE,תחליב רחצה ניוואה 750מל ורדים ושמן שקד,מיליליטרים,750.00,"100 מ""ל",false,1,15.90,2.1200,true,1,39426
5900020012814,true,דגני נסקוויק שוקולד,,,דגני נסקוויק שוקולד,Each,0.00,Each,false,,22.90,0.0000,true,1,7241
5900020015174,true,חטיפי דגנים פיטנס שו,,,חטיפי דגנים פיטנס שו,Each,0.00,Each,false,,15.90,0.0000,true,1,8068
5900020018908,true,חטיפי דגנים פיטנס קר,,,חטיפי דגנים פיטנס קר,Each,0.00,Each,false,,15.90,0.0000,true,1,9745
5900020020710,true,חטיפי דגנים קראנץ בר,,,חטיפי דגנים קראנץ בר,Each,0.00,Each,false,,15.90,0.0000,true,1,11079
5900020031877,true,חטיפי דגנים ציריוס 6,,,חטיפי דגנים ציריוס 6,Each,0.00,Each,false,,15.90,0.0000,true,1,22898
5900020036407,true,דגני ליון שוקולד קרמ,,,דגני ליון שוקולד קרמ,Each,0.00,Each,false,,22.90,0.0000,true,1,33467
5900020039132,false,דגני בוקר צ'יריוס משיבולת שועל בטעם תפוח עץ קינמון,סי. פי. פולין,PL,דגני צריוס שבולת שועל תפוח קינמון320 גרם,גרמים,320.00,100 גרם,false,1,16.90,5.2812,true,1,39136
5900020039590,false,פיטנס חטיף דגנים קלאסי פרווה 8 6*23.5 ג,נסטלה פולין דגני בוק,PL,חטיפי דגנים פיטנס קלאסי פרווה6 יח 141 גר,גרמים,141.00,100 גרם,false,1,15.90,11.2766,true,1,40071
5900020039620,false,פיטנס חטיף דגנים שקדים ודבש פרווה 8 6*23 ג,נסטלה פולין ברים,PL,חטיפי דגנים פיטנס שקדים ודבש6 יח 141 גר,גרמים,141.00,100 גרם,false,1,15.90,11.2766,true,1,40072
5900020041371,false,פיטנס חטיף שוקולד מריר ושקדים 23.50 גרם,נסטלה פולין ברים,PL,חטיפי דגנים פיטנס שוקולד מריר6 יח 141 גר,גרמים,141.00,100 גרם,false,1,15.90,11.2766,true,1,50335
5900323007432,false,זוג מתלים בינוניים כ,3m,,זוג מתלים בינוניים כולל דבק,יחידה,2.00,יחידה,false,1,15.90,7.9500,true,1,50999
5900617035905,false,חטיף חלבון נוטרישיין בטעם קרמל מלוח,סיטי תוספי מזון,PL,חטיף חלבון קרמל מלוח 33% מעט סוכר,יחידה,1.00,יחידה,false,1,9.90,9.9000,true,1,45676
5900617035929,false,חטיף חלבון נוטרישיין בטעם וניל תות יער,סיטי תוספי מזון,PL,חטיף חלבון וניל תות 33% מעט סוכר,יחידה,1.00,יחידה,false,1,9.90,9.9000,true,1,45678
5900627026429,false,"סיליט באנג גיל לניקוי אסלות בתוספת אקונומיקה 750מ""ל",רקיט בנקיזר,PL,גל סיליט באנג לשירותים אקונומיקה 750מל,מיליליטרים,750.00,"100 מ""ל",false,1,9.90,1.3200,true,1,36601
5900627027020,true,קרם הסרת שיער ויט מק,,,קרם הסרת שיער ויט מק,Each,0.00,Each,false,,39.90,0.0000,true,1,4554
5900627063233,false,טבליות למדיח הכל ב-1 פיניש מקס 50 יחידות,רקיט בנקיזר,PL,טבליות למדיח הכל באחד פיניש מקס 50 יח,יחידה,50.00,יחידה,false,1,34.90,0.6980,true,1,16095
5900627066715,false,טבליות למדיח פיניש הכל ב-1 100 יח,רקיט בנקיזר,PL,טבליות למדיח הכל ב 1 פיניש 100 יח,יחידה,100.00,יחידה,false,1,59.90,0.5990,true,1,17930
5900627080674,false,וולייט סרום לכביסה 100מל,רקיט בנקיזר,PT,סרום לכביסה וולייט 100מל,מיליליטרים,100.00,"100 מ""ל",false,12,11.90,11.9000,true,1,30278
5900820014230,false,גבינה מתכת נורווסקי סלמון 150ג' -מלקפול,מלקפול,RU,גבינה נורווסקי סלמון 150גר,גרמים,150.00,100 גרם,false,1,10.90,7.2667,true,1,38128
5900951283963,false,חטיף סניקרס עם חמאת בוטנים Creamy Peanut Butter,סנו מפעלי ברונוס.,PL,חטיף סניקרס קרימי 36.5 ג,Unknown,0.00,Unknown,false,1,3.90,0.0000,true,1,40579
5901126011763,false,גבינה מותכת עם זיתים,,,גבינה מותכת עם זיתים 120גר משולשים,גרמים,140.00,100 גרם,false,24,9.90,7.0714,true,1,39233
5901126012388,false,טוסטי 600 גרם,,,טוסטי 600 גרם,גרמים,600.00,100 גרם,false,,22.90,3.8167,true,1,36785
5901126012890,false,גבינה מותכת עם עובש,,,גבינה מותכת עם עובש 120גר משולשים,גרמים,140.00,100 גרם,false,24,9.90,7.0714,true,1,39231
5901126013309,false,גבינת צדר מותכת 120ג,,,גבינת צדר מותכת 120גר משולשים,גרמים,120.00,100 גרם,false,24,9.90,8.2500,true,1,39229
5901154046164,true,משקה דגנים אינקה אור,,,משקה דגנים אינקה אור,Each,0.00,Each,false,,17.00,0.0000,true,1,13531
5901414200411,false,בלזן היט מיני ביסקוויט סנדוויץ' עם מילוי קרם בטעם שוקולד 130 גרם,ליימן שליסל,PL,ביסקוויט היט מיני שוקו 130 גר,גרמים,130.00,100 גרם,false,1,6.90,5.3077,true,1,5404
5902658111990,true,זוג מתלים בינוניים כ,,,זוג מתלים בינוניים כ,Each,0.00,Each,false,,15.90,0.0000,true,1,23793
5902768514308,false,משקה קמבוצ'ה אורגני ויגו אסרולה וג'ינג'ר,General,PL,משקה קמבוצה אורגני אסרולה וגינגר 315 מל,מיליליטרים,315.00,"100 מ""ל",false,8,13.90,4.4127,true,1,38041
5902768514322,false,משקה קמבוצ'ה אורגני ויגו מלפפון וכוסברה,General,PL,משקה קמבוצה אורגני מלפפון כוסברה 315 מל,מיליליטרים,315.00,"100 מ""ל",false,8,13.90,4.4127,true,1,38040
5941021000639,false,טבלת שוקולד חלב אגוז היידי גראנדור 100 ג',היידי שוקולד בירונטי,,שוקולד היידי חלב אגוז 100 גרם,גרמים,100.00,100 גרם,false,1,9.90,9.9000,true,1,24234
5941021016401,false,טבלת שוקולד מריר שקד היידי גראנדור 100 ג',היידי שוקולד בירונטי,PL,שוקולד היידי מריר שקד שלם 100 גרם,גרמים,100.00,100 גרם,false,1,9.90,9.9000,true,1,29379
5948559002753,true,מטליות ניקוי 5יח ספי,,,מטליות ניקוי 5יח ספי,Each,0.00,Each,false,,16.90,0.0000,true,1,28730
5949152110821,false,"איירוויק מבשם אוויר ומנטרל ריחות – לילות לבנים 237 מ""ל",רקיט בנקיזר,PL,מטהר אוויר אירוויק נ.גז לילות לבנים 237מ,מיליליטרים,237.00,"100 מ""ל",false,1,14.90,6.2869,true,1,50322
5949152110838,false,"איירוויק מבשם אוויר ומנטרל ריחות - גשמים סגולים 237 מ""ל",רקיט בנקיזר,PL,מטהר אוויר אירוויק נ.גז גשם סגול 237מל,מיליליטרים,237.00,"100 מ""ל",false,1,14.90,6.2869,true,1,50323
5997010301195,false,פפריקה גרוסה טרייה מ,,HU,פפריקה מתוקה טרייה גרוסה 200 גרם,גרמים,200.00,100 גרם,false,6,16.90,8.4500,true,1,35006
5997010302017,false,מחית לתיבול גולאש 70 גרם,יוניוור,HU,מחית גולאש מתוקה 70 גרם,Unknown,0.00,Unknown,false,24,11.90,0.0000,true,1,35014
5997321701806,false,אבקה למניעת אבנית במכונת כביסה 2 ב-1,רקיט בנקיזר פולין,PL,מסיר אבנית קלגון 1 קג באבקה,קילוגרמים,1.00,"ק""ג",false,1,29.90,29.9000,true,1,19240
6001030003126,true,רוטב וושסטר ויליגטון,,,רוטב וושסטר ויליגטון,Each,0.00,Each,false,,15.90,0.0000,true,1,8125
6001067017523,true,מברשת שיניים קולגייט,,,מברשת שיניים קולגייט,Each,0.00,Each,false,,11.90,0.0000,true,1,10391
6001067017530,true,מברשת שיניים קולגייט,,,מברשת שיניים קולגייט,Each,0.00,Each,false,,11.90,0.0000,true,1,10390
6001067027324,true,מברשת שיניים קולגייט,,,מברשת שיניים קולגייט,Each,0.00,Each,false,,54.90,0.0000,true,1,27545
6001068323005,false,משקה ריקופי גרגירים,נסטלה,ZA,משקה ריקופי גרגירים קפה ועולש 250 גרם,גרמים,250.00,100 גרם,false,6,39.90,15.9600,true,1,40387
6001495062577,false,ליקר אמרולה 700 מל,,,משקה אמרולה 700 מל פקדון,מיליליטרים,700.00,"100 מ""ל",false,6,69.00,9.8571,true,1,36668
6001506003407,false,יין אאודה קאפ קלאסיק,"דרא""פ די.ג'י.בי DGB",,יין אאודה קאפ קלאסיק רוד 750 מל פיקדון,מיליליטרים,750.00,"100 מ""ל",false,1,35.00,4.6667,true,1,6993
6001506904544,false,יין ריב שאק דאגלאס ג,"דרא""פ די.ג'י.בי DGB",,יין ריב שאק דאגלאס גרין 750מל פקדון,מיליליטרים,750.00,"100 מ""ל",false,1,45.00,6.0000,true,1,11451
6003105000658,true,אבקת ציר ירקות 150 ג,,,אבקת ציר ירקות 150 ג,Each,0.00,Each,false,,29.90,0.0000,true,1,12337
6003105000665,true,אבקת ציר עוף 150 גר,,,אבקת ציר עוף 150 גר,Each,0.00,Each,false,,29.90,0.0000,true,1,12338
6003105000863,true,אבקת ציר בקר 150 גר,,,אבקת ציר בקר 150 גר,Each,0.00,Each,false,,29.90,0.0000,true,1,12336
6003105001860,false,תבלון שום ופלפל שחור,INA PAARMANS,ZA,תבלון שום ופלפל שחור 200 מל אינה פארמן,מיליליטרים,200.00,"100 מ""ל",false,12,22.90,11.4500,true,1,40997
6003105002270,true,תבלון לתפוח אדמה 200,,,תבלון לתפוח אדמה 200,Each,0.00,Each,false,,22.90,0.0000,true,1,12334
6003105003178,false,"ציר עוף מרוכז 200 מ""ל אינה פארמנס",INA PAARMANS,ZA,ציר עוף מרוכז אינה פרמן 200 מל,מיליליטרים,200.00,"100 מ""ל",false,12,29.90,14.9500,true,1,11720
6003105003185,false,"ציר בקר מרוכז 200 מ""ל אינה פארמנס",INA PAARMANS,ZA,ציר בקר מרוכז אינה פרמן 200 מל,מיליליטרים,200.00,"100 מ""ל",false,12,29.90,14.9500,true,1,11719
6003105003260,false,"ציר ירקות מרוכז 200 מ""ל אינה פארמנס",INA PAARMANS,ZA,ציר ירקות מרוכז אינה פרמן 200 מל,מיליליטרים,200.00,"100 מ""ל",false,12,29.90,14.9500,true,1,12853
6003105900262,true,תבלון שום עשבי תיבול,,,תבלון שום עשבי תיבול,Each,0.00,Each,false,,22.90,0.0000,true,1,12851
6006507004774,false,CAPE HERBS מטחנה פלפל שחור,cape herb and spices,ZA,פלפל שחור במטחנה כאפ הרבס185 גרם,גרמים,185.00,100 גרם,false,1,24.90,13.4595,true,1,35896
6006507004798,false,"CAPE HERBS מטחנה מלח ים אטלנטי 360ג""ר",cape herb and spices,ZA,מלח ים אטלנטי מטחנה כאפ הרבס360 גרם,גרמים,360.00,100 גרם,false,1,17.90,4.9722,true,1,35893
6006507005016,true,תערובת טקסס סטייק 10,,,תערובת טקסס סטייק 10,Each,0.00,Each,false,,19.90,0.0000,true,1,18988
6006507005023,true,תערובת קיגון לואיזיא,,,תערובת קיגון לואיזיא,Each,0.00,Each,false,,19.90,0.0000,true,1,18993
6006507005306,false,CAPE HERBS מטחנה הימלאיה ורוד 390גר,cape herb and spices,ZA,מלח הימלאיה ורוד מטחנה כאפ הרבס390 גרם,גרמים,390.00,100 גרם,false,1,21.90,5.6154,true,1,35890
6006507005887,false,"CAPE HERBS מטחנה מלח מתובל 240ג""ר",cape herb and spices,ZA,מלח מתובל במטחנה כאפ הרבס240גרם,גרמים,240.00,100 גרם,false,1,21.90,9.1250,true,1,35894
6006507005924,false,"CAPE HERBS מטחנה מלח ופלפל 310ג""ר",cape herb and spices,ZA,מלח ופלפל שחור מטחנה כאפ הרבס290 גרם,גרמים,290.00,100 גרם,false,1,21.90,7.5517,true,1,35892
6006507007454,false,"CAPE HERBS לימון עשבי תיבול 100ג""ר(פח)",cape herb and spices,ZA,תערובת לימון ועשבי תיבול כאפ הרבס100 גרם,גרמים,100.00,100 גרם,false,1,21.90,21.9000,true,1,35887
6006507007805,false,CAPE HERBS תבלינים לברביקיו מעושן,cape herb and spices,ZA,תבלין לברביקון מעושן כאפ הרבס100 גרם,גרמים,100.00,100 גרם,false,1,21.90,21.9000,true,1,35888
6009678813985,false,קייפ פודס מטחנת מלח הימלאיה ורוד 390 גרם,,ZA,מטחנת מלח הימלאיה 390 גרם,גרמים,390.00,100 גרם,false,12,18.90,4.8462,true,1,34639
6009813410406,false,"SPUR רוטב ברביקיו 500 מ""ל",General,ZA,רוטב ברביקיו סאפור 500 מל,גרמים,500.00,100 גרם,false,12,19.90,3.9800,true,1,47315
6009813410413,false,רוטב סטייק סאפור 500,General,ZA,רוטב סטייק סאפור 500 מל,גרמים,500.00,100 גרם,false,12,19.90,3.9800,true,1,47314
6086142556418,false,עלי מורינגה אורגניים יח,אודי,IL,עלי מורינגה טריים אורגני,Unknown,0.00,Unknown,false,1,14.90,0.0000,true,1,48997
6086142556890,false,בזיליקום אורגני,מושב אחיטוב,IL,בזיליקום אורגני,Unknown,0.00,Unknown,false,1,9.90,0.0000,true,1,36479
6097227984194,false,חטיף אצה אורגני טעם,,KR,חטיף אצה אורגני טעם ציפוטלה ווסאבי 6יח,יחידה,6.00,יחידה,false,6,18.90,3.1500,true,1,37413
6097227984712,false,חטיף אצה אורגני קלוי,,KR,חטיף אצה אורגני קלויות ובצל ווסאבי 6יח,יחידה,6.00,יחידה,false,6,18.90,3.1500,true,1,37415
6102017501939,false,מצת להבה לגז brico {במעמד},,CN,מצית גז להבה ארוך 26סמ,יחידה,1.00,יחידה,false,1,7.90,7.9000,true,1,34461
6118000061090,false,סרדינים מרוקאים בשמן סויה -טנגיר 125,דין שיווק,,סרדין מרוקאי טנגיר שמן סויה 125 גר,גרמים,125.00,100 גרם,false,1,4.90,3.9200,true,1,25256
6118000240501,false,סרדינים מרוקאים בשמן סויה עם פלפל חריף - 125 גרם,דין שיווק,,סרדין מרוקאי אגדיר שמן סויה 125 גר,גרמים,125.00,100 גרם,false,1,4.90,3.9200,true,1,11545
6224000485764,false,"שיני שום קפואות 1 ק""ג קהילות",,EG,שיני שום 1קג קפוא,קילוגרמים,1.00,"ק""ג",false,10,24.90,24.9000,true,1,50328
6253341100012,true,טחינה עאייש 950 גרם,,,טחינה עאייש 950 גרם,Each,0.00,Each,false,,36.90,0.0000,true,1,17213
6253341100029,true,טחינה עאייש 450 גרם,,,טחינה עאייש 450 גרם,Each,0.00,Each,false,,19.90,0.0000,true,1,23883
6281001510390,true,מברשת שיניים קולגייט,,,מברשת שיניים קולגייט,Each,0.00,Each,false,,11.90,0.0000,true,1,4291
6297000361154,false,סילאן תמרים אורגני 470 גרם - טעם 88,,,סילאן תמרים אורגני 470גר,גרמים,470.00,100 גרם,false,1,13.90,2.9574,true,1,40331
6430016342872,false,חמאה טאוסנד לייק 200,,,חמאה טאוסנד לייק 200גר,גרמים,200.00,100 גרם,false,1,11.90,5.9500,true,1,38143
6909039012920,false,כף זיתים נירוסטה עיל,,,כף זיתים נירוסטה עילית,יחידה,1.00,יחידה,false,1,24.90,24.9000,true,1,17822
6912977000140,false,אטריות שעועית 250 גר' ( Yantai)ללא גלוטן(כ),יאנטאי ינסידה לנוגקא,CN,אטריות שעועית דקות 250 גר כשלפ,גרמים,200.00,100 גרם,false,1,8.90,4.4500,true,1,11703
6920036686235,true,אטריות סומן כתום 400,,,אטריות סומן כתום 400,Each,0.00,Each,false,,6.00,0.0000,true,1,10993
6920354824395,false,"קולגייט נטורל משחת שיניים חמוציות פחם 71 מ""ל",קולגייט פלמוליב,PL,משחת שיניים קולגייט נטורל ת.פחם 71מל,Unknown,0.00,Unknown,false,48,31.90,0.0000,true,1,39982
6921052701001,true,אצות וואקמה 50 גרם,,,אצות וואקמה 50 גרם,Each,0.00,Each,false,,11.90,0.0000,true,1,4722
6924299396023,true,סכין לחם 20סמ ידית נ,,,סכין לחם 20סמ ידית נ,Each,0.00,Each,false,,24.90,0.0000,true,1,33713
6924299396030,true,סכין גילוף 20סמ ידית,,,סכין גילוף 20סמ ידית,Each,0.00,Each,false,,24.90,0.0000,true,1,33712
6924299396047,true,סכין שירות 12.5סמ יד,,,סכין שירות 12.5סמ יד,Each,0.00,Each,false,,21.90,0.0000,true,1,33711
6926832407074,false,בראל חטיף אורז יפני 100גרם,קסימן די ברייט,CN,חטיף אורז יפאני 100 ג,גרמים,100.00,100 גרם,false,24,7.90,7.9000,true,1,4509
6933960500089,true,רצועות דלעת כבושות ק,,,רצועות דלעת כבושות ק,Each,0.00,Each,false,,13.90,0.0000,true,1,9447
6934731200078,false,אטריות טריות דקות מזרח מערב 200 גרם,יאנטאי ינסידה לנוגקא,CN,אטריות נודלס דקות200 גרם,גרמים,180.00,100 גרם,false,1,6.90,3.8333,true,1,27642
6934731210138,true,אטריות נודלס עבות200,,,אטריות נודלס עבות200,Each,0.00,Each,false,,6.90,0.0000,true,1,27641
6934931267246,false,מצית גז להבה ארוך 26,,,מצית גז להבה ארוך 26סמ,יחידה,1.00,יחידה,false,1,7.90,7.9000,true,1,47229
6935487561246,false,מסיכה כירורגית שחורה מארז 50 יח',,IL,מארז 50יח מסכות פנים שחורות,יחידה,50.00,יחידה,false,1,10.90,0.2180,true,1,39025
6936745600462,true,מירין יפני דאניינג 5,,,מירין יפני דאניינג 5,Each,0.00,Each,false,,21.90,0.0000,true,1,9790
6936745600783,true,חומץ אורז דאניינג 50,,,חומץ אורז דאניינג 50,Each,0.00,Each,false,,14.90,0.0000,true,1,9789
6937266700785,true,סכיני גילוח שיק אינט,,,סכיני גילוח שיק אינט,Each,0.00,Each,false,,32.90,0.0000,true,1,28157
6937266703458,true,מכשיר גילוח שיק הייד,,,מכשיר גילוח שיק הייד,Each,0.00,Each,false,,39.90,0.0000,true,1,30971
6937266703472,true,סכיני גילוח שיק הייד,,,סכיני גילוח שיק הייד,Each,0.00,Each,false,,49.90,0.0000,true,1,30972
6941156100166,true,מחית סויה אדומה אקא,,,מחית סויה אדומה אקא,Each,0.00,Each,false,,18.90,0.0000,true,1,10037
6951097100507,false,מאג בירה קוביות בלינ,,,סט 2 מאג בירה קוביות 360,יחידה,2.00,יחידה,false,1,19.90,9.9500,true,1,32549
6954346572124,false,צופסטיקס 5 יח רב פעמ,Bamboo Forever Co. L,CN,צופסטיקס 5 יח רב פעמי במבוק,Unknown,0.00,Unknown,false,200,19.90,0.0000,true,1,36363
6974640730167,false,פטריות שיטאקה 100 גר (כ) (Zhejiang),CO FOOD FOREST .ZHEJIANG,CN,פטריות שיטאקה 100 ג,גרמים,100.00,100 גרם,false,1,19.90,19.9000,true,1,49143
6980983422645,false,שקיות זילוף חד פעמי,,,שקיות זילוף חד פעמי 10 יחידות,יחידה,10.00,יחידה,false,1,9.90,0.9900,true,1,30944
7038513909117,true,קיסמי שיניים דקים,,,קיסמי שיניים דקים,Each,0.00,Each,false,,19.90,0.0000,true,1,13258
7209000683227,false,טחינה אל באשא 500 גרם,,IL,טחינת אלבאשא 450 גרם,גרמים,450.00,100 גרם,false,24,12.90,2.8667,true,1,50056
7270137700019,false,שיפודי נירוסטה רחבים,,,שיפודי נירוסטה רחבים מארז 6יח,יחידה,6.00,יחידה,false,1,27.90,4.6500,true,1,39494
7270137700101,false,"רשת צלייה ניקל ל-6 יח' המבורגר 34*21 ס""מ",,,רשת צליה ניקל 21/34סמ,יחידה,1.00,יחידה,false,1,22.90,22.9000,true,1,39407
7270137700163,false,מברשת ניקוי איכותית,,,מברשת ניקוי איכותית 40סמ לרשת מנגל,יחידה,1.00,יחידה,false,1,21.90,21.9000,true,1,39493
7270137700316,false,מברשת ניקוי לרשת מנג,,,מברשת ניקוי לרשת מנגל 3פעולות,יחידה,1.00,יחידה,false,1,9.90,9.9000,true,1,39492
7271730901261,true,תבשיל פסטה וואקי מאק,,,תבשיל פסטה וואקי מאק,Each,0.00,Each,false,,11.90,0.0000,true,1,10343
7290000001000,false,דמי פקדון 0.30 שח,,,דמי פקדון 0.30 שח,Unknown,0.00,Unknown,false,1,0.30,0.0000,true,1,95
7290000001025,false,דמי פקדון 1.50 שח 5,מעדני מניה תעשיות בש,,דמי פקדון 1.50 שח 5 בקבוקים,Unknown,0.00,Unknown,false,1,1.50,0.0000,true,1,2679
7290000008011,false,קרנץ שוקולד חלבי,קונדיטוריית ברטה- הו,,מארז 4 חצי בגט,Unknown,0.00,Unknown,false,1,15.90,0.0000,true,1,17637
7290000008080,false,מארז 4 לחמניות המבור,קונדיטוריית ברטה- הו,IL,מארז 4 לחמניות המבורגר כשלפ,Unknown,0.00,Unknown,false,,17.90,0.0000,true,1,25525
7290000008202,false,מאפים שונים במשקל,פילסברי,,מאפים שונים במשקל,קילוגרמים,1.00,"ק""ג",true,,55.00,55.0000,true,1,18627
7290000008387,false,מארז 5 חליות,פילסברי,,מארז 5 חליות,Unknown,0.00,Unknown,false,1,14.90,0.0000,true,1,20182
7290000008394,false,מארז 7 לחמניות יאמיס,פילסברי,,מארז 7 לחמניות יאמיס,Unknown,0.00,Unknown,false,1,16.90,0.0000,true,1,20183
7290000008417,false,מארז 3 גבטה,פילסברי,,מארז 3 גבטה,Unknown,0.00,Unknown,false,1,16.90,0.0000,true,1,20185
7290000008431,false,מארז 3 יח בייגל,פילסברי,,מארז 3 יח בייגל,Unknown,0.00,Unknown,false,1,16.90,0.0000,true,1,20187
7290000008448,false,מארז 10 יח פיתה קלאס,פילסברי,,לחמניה מסעדות,Unknown,0.00,Unknown,false,1,17.90,0.0000,true,1,20188
7290000008455,false,מארז 4 יח לחמניה קלו,פילסברי,,מארז 3 לחמנייה מסעדות,Unknown,0.00,Unknown,false,1,14.90,0.0000,true,1,20189
7290000008462,false,מארז 5 לחמניה קשר,פילסברי,,מארז 5 לחמניה קשר/עגולה,Unknown,0.00,Unknown,false,1,15.90,0.0000,true,1,20190
7290000008523,false,פוקצה ירקות משפחתית,פילסברי,,שטרודל וינאי,Unknown,0.00,Unknown,false,1,22.40,0.0000,true,1,20196
7290000023816,false,"יין קלאסיק אמרלד ריזלינג ברקן 750 מ""ל",יקבי ברקן שיווק והפצה בע,IL,יין קלאסיק אמרלדו ריזילג 750 מל פקדון,מיליליטרים,750.00,"100 מ""ל",false,1,35.00,4.6667,true,1,1848
7290000023847,false,"יין קלאסיק שרדונה ברקן 750 מ""ל",יקבי ברקן שיווק והפצה בע,IL,יין קלאסיק שרדונה 750 מל פקדון,מיליליטרים,750.00,"100 מ""ל",false,1,35.00,4.6667,true,1,2407
7290000023977,false,"יין קלאסיק מרלו ברקן 750 מ""ל",יקבי ברקן שיווק והפצה בע,IL,יין קלאסיק מרלו/פינוטאז 750מל פקדון ברקן,מיליליטרים,750.00,"100 מ""ל",false,1,35.00,4.6667,true,1,2402
7290000024523,false,"תירוש של סגל ,מיץ ענבים , 1 ליטר",כרמי צבי - האחים סגל,IL,תירוש מיץ ענבים טבעי אדום 1 ליטר,ליטרים,1.00,ליטר,false,1,14.90,14.9000,true,1,13180
7290000040462,false,טוסטי גבינה בסגנון אמריקאי אדם 23% תנובה 200 גרם,תנובה מרכז שיתופי לש,IL,גבינת טוסטי אדם 200 גרם,גרמים,200.00,100 גרם,false,1,20.90,10.4500,true,1,1126
7290000042015,false,חלב תנובה טרי שקית 1 ליטר 3% בדצ - מוצר בפיקוח,תנובה מרכז שיתופי לש,IL,חלב 3% שקית 1 ליטר מהדרין***,ליטרים,1.00,ליטר,false,1,5.43,5.4300,true,1,1768
7290000042435,false,חלב דל שומן בקרטון+פקק תנובה 1 ליטר,תנובה מרכז שיתופי לש,IL,חלב 1% קרטון 1 ליטר***,ליטרים,1.00,ליטר,false,1,5.86,5.8600,true,1,1072
7290000042442,false,"חלב תנובה טרי 3% ""תנובה"" - מוצר בפיקוח",תנובה חלב,IL,חלב 3% קרטון 1 ליטר***,ליטרים,1.00,ליטר,false,1,6.23,6.2300,true,1,1075
7290000043111,false,תנובה חמאה 200 גרם - מוצר בפיקוח,תנובה מרכז שיתופי לש,IL,חמאה רגילה 200 גרם,גרמים,200.00,100 גרם,false,1,8.40,4.2000,true,1,1087
7290000046327,false,גלבוע גבינה צהובה פרוסה 22% תנובה 200 גרם,תנובה מרכז שיתופי לש,IL,גלבוע פרוס 200 גרם,גרמים,200.00,100 גרם,false,18,13.90,6.9500,true,1,1301
7290000046563,false,גב.קולאז' פרמזן 23%במשקל,תנובה מרכז שיתופי לש,IL,קולאז פרמזן חריץ במשקל,קילוגרמים,1.00,"ק""ג",true,,145.00,145.0000,true,1,346
7290000047027,false,גב.קולאז' גלעד 27% במשקל,תנובה מרכז שיתופי לש,IL,קולאז קצקבל גלעד במשקל,קילוגרמים,1.00,"ק""ג",true,,145.00,145.0000,true,1,348
7290000047034,false,גבינת רוקפור 26%כבש משקל,תנובה מרכז שיתופי לש,IL,קולאז רוקפור גליל במשקל,קילוגרמים,1.00,"ק""ג",true,,145.00,145.0000,true,1,349
7290000055893,false,חמאה משמנת מפוסטרת 200גרם 82% כ.מהדרין - מוצר בפיקוח,תנובה מרכז שיתופי לש,IL,חמאה רגילה 200 גרם מהדרין,גרמים,200.00,100 גרם,false,1,8.40,4.2000,true,1,26378
7290000056784,false,גבינת פטה כבשים במשק,תנובה מרכז שיתופי לש,IL,גבינת פטה כבשים במשקל 5% שומן,קילוגרמים,1.00,"ק""ג",true,,125.00,125.0000,true,1,9017
7290000058047,false,שמנת להקצפה 38% 500מל מהדרין עמיד השף הלבן,תנובה מרכז שיתופי לש,IL,שמנת מתוקה 38% להקצפה 500 מל***בדץ,מיליליטרים,500.00,"100 מ""ל",false,1,12.94,2.5880,true,1,30054
7290000060415,false,"פסטה פרפקטו לאזניה 500 ג' ""אסם""",אסם פרפקטו,IT,לזניה פרפקטו 500 גר,גרמים,500.00,100 גרם,false,1,14.90,2.9800,true,1,566
7290000065335,false,אוסם - מנה חמה פירה עם ירקות 55 גרם,"אסם תעשיות בע""מ",IL,מנה חמה אסם פירה וירקות 55 גר,Unknown,0.00,Unknown,false,1,6.90,0.0000,true,1,853
7290000065540,false,אוסם - מנה חמה פסטה מוקרמת בטעם עוף 55 גרם,"אסם תעשיות בע""מ",IL,מנה חמה אסם אטריות מוקרמת 55 גר,Unknown,0.00,Unknown,false,1,6.90,0.0000,true,1,847
7290000066332,false,אפרופו חטיף תירס אסם 50 גרם,מיוצר עי קונדיטוריית,IL,חטיף תירס אפרופו 50 גר,Unknown,0.00,Unknown,false,1,5.00,0.0000,true,1,1364
7290000079233,false,קרם קרקר דיאטטי דל נתרן 250 גרם,"אסם תעשיות בע""מ",IL,קרם קרקר דל נתרן 250 גרם,גרמים,250.00,100 גרם,false,1,10.90,4.3600,true,1,254
7290000085159,false,פרורי ביסקוויט בטעם וניל הדר 250 גרם,גטניו אם החיטה,IL,פירורי פתיבר לאפיה 250 גר גטניו,גרמים,250.00,100 גרם,false,1,6.90,2.7600,true,1,39438
7290000100128,false,פירות קפואים תות סנפרוסט 300 ג',"סנפרוסט בע""מ",IL,תות קפוא 300 גרם סנפרוסט,גרמים,300.00,100 גרם,false,1,14.90,4.9667,true,1,23144
7290000100135,false,פירות קפואים סנפרוסט דובדבן 300 גר,"סנפרוסט בע""מ",IL,דובדבן קפוא 300 גרם סנפרוסט,גרמים,300.00,100 גרם,false,1,14.90,4.9667,true,1,23145
7290000100296,false,תערובת להכנת Smoothie ורוד תות ובננה,"סנפרוסט בע""\מ",IL,תערובת שייק תות בננה סמוטיז 300גר,גרמים,300.00,100 גרם,false,1,14.90,4.9667,true,1,28500
7290000101927,false,אוכמניות כחולות מוקפאות סנפרוסט 300 גרם,"איי, בי, אינבוו",IL,אוכמניות כחולות קפואות 300 גרם סנפרוסט,גרמים,300.00,100 גרם,false,1,14.90,4.9667,true,1,18856
7290000101934,false,מיקס פירות יער מוקפאות 300 ג' סנפרוסט,"סנפרוסט בע""\מ",IL,מיקס פירות יער קפוא 300 גרם סנפרוסט,גרמים,300.00,100 גרם,false,1,14.90,4.9667,true,1,1149
7290000101941,false,אננס חתוך מוקפא סנפרוסט 300ג',"סנפרוסט בע""\מ",IL,אננס קפוא 300 גרם סנפרוסט,גרמים,300.00,100 גרם,false,1,14.90,4.9667,true,1,2059
7290000101958,false,מנגו חתוך מוקפא סנפרוסט 300ג',"סנפרוסט בע""\מ",IL,מנגו קפוא 300 גרם סנפרוסט,גרמים,300.00,100 גרם,false,1,14.90,4.9667,true,1,1319
7290000103365,false,מרק ירקות עשיר סנפרוסט 550 גרם,"איי, בי, אינבוו",IL,מרק ירקות 560 גר סנפרוסט,גרמים,560.00,100 גרם,false,1,16.90,3.0179,true,1,9758
7290000103839,false,מרק כתום עשיר בירקות סנפרוסט 570 גרם,"סנפרוסט בע""\מ",IL,מרק כתום 572 גר סנפרוסט,גרמים,572.00,100 גרם,false,1,16.90,2.9545,true,1,8701
7290000103846,false,מרק אפונה עשיר בירקות סנפרוסט 570 גרם,"סנפרוסט בע""\מ",IL,מרק אפונה 572 גר סנפרוסט,גרמים,572.00,100 גרם,false,1,16.90,2.9545,true,1,8700
7290000103860,false,מרק עדשים עשיר בירקות סנפרוסט 570 גרם,"איי, בי, אינבוו",IL,מרק עדשים 572 גר סנפרוסט,גרמים,572.00,100 גרם,false,1,16.90,2.9545,true,1,8699
7290000103877,false,מרק שעועית עשיר בירקות סנפרוסט 640 גרם,"סנפרוסט בע""\מ",IL,מרק שעועית 644 גר סנפרוסט,גרמים,644.00,100 גרם,false,1,16.90,2.6242,true,1,8698
7290000104225,false,בצל קצוץ סנפרוסט 600 גרם,"סנפרוסט בע""\מ",IL,בצל קצוץ 600 גרם,גרמים,600.00,100 גרם,false,1,16.90,2.8167,true,1,2801
7290000104713,false,פול ירוק סנפרוסט 800 גרם,"איי, בי, אינבוו",IL,פול ירוק 800 גרם,גרמים,800.00,100 גרם,false,1,25.00,3.1250,true,1,406
7290000104768,false,תרד עלים סנפרוסט 800 ג ',"איי, בי, אינבוו",IL,תרד עלים 800 גרם,גרמים,800.00,100 גרם,false,1,24.90,3.1125,true,1,42
7290000104775,false,תרד מדליונים סנפרוסט 800 גרם,"איי, בי, אינבוו",IL,תרד מדליונים 800 גרם,גרמים,800.00,100 גרם,false,1,24.90,3.1125,true,1,41
7290000104799,false,שעועית לבנה מבושלת סנפרוסט 800 גרם,"איי, בי, אינבוו",IL,שעועית לבנה מבושלת 800 גרם,גרמים,800.00,100 גרם,false,1,19.90,2.4875,true,1,2224
7290000104805,false,גרגירי חומוס מבושלים סנפרוסט 800 גרם,"איי, בי, אינבוו",IL,גרגירי חומוס מבושל 800 גרם,גרמים,800.00,100 גרם,false,1,20.00,2.5000,true,1,2223
7290000104881,false,לקט אפונה וגזר סנפרוסט 800 גרם,"איי, בי, אינבוו",IL,אפונה וגזר 800 גרם,גרמים,800.00,100 גרם,false,1,17.90,2.2375,true,1,1357
7290000107295,false,תפרחות ברוקולי סנפרוסט 800 גרם,"איי, בי, אינבוו",IL,ברוקלי תפרחת 800 גרם,גרמים,800.00,100 גרם,false,1,24.90,3.1125,true,1,1238
7290000112619,false,מרק עוף לתיבול והעשרה קנור 400 ג',יוניליוור ישראל מזון בע\,IL,מרק עוף קנור אמיתי 400 גרם,גרמים,400.00,100 גרם,false,1,21.90,5.4750,true,1,1424
7290000116945,false,"רוטב סויה קלאסי קנור בד""צ 350 גרם",יוניליוור ישראל מזון בע\,IL,רוטב סויה קנור 300 מל,מיליליטרים,300.00,"100 מ""ל",false,1,12.90,4.3000,true,1,3162
7290000120874,false,מיונז הלמנס לייט מופחת קלוריות 424ג,"יונילוור ארה""ב - HPC",US,מיונז הלמנס לייט 424 גרם,גרמים,424.00,100 גרם,false,1,12.90,3.0425,true,1,771
7290000130255,false,קמח מצה 500 גר בשקית פסח,מצות אביב 2014 מאפה בעמ,IL,קמח מצה 500 ג שקית אביב,גרמים,500.00,100 גרם,false,1,6.50,1.3000,true,1,3932
7290000135045,false,"XL TEN משקה אנרגיה פתוח ללא סוכר 250 מ""ל","טמפו משקאות בע""\מ",IL,משקה אנרגיה אקס אל תן תפוח 250מל פקדון,מיליליטרים,250.00,"100 מ""ל",false,24,4.90,1.9600,true,1,27891
7290000135151,false,"טמפו סודה למון ליים בקבוק 250 מ""ל",טמפו משקאות בעמ,IL,סודה נגיעות לימון ליים 275מל בק.פקדון,מיליליטרים,275.00,"100 מ""ל",false,24,5.00,1.8182,true,1,33314
7290000135311,false,פפסי קולה ליים 1.5 ללא סוכר,"טמפו משקאות בע""\מ",IL,משקה פפסי מקס ליים 1.5 ליטר בק.פקדון,ליטרים,1.50,ליטר,false,1,8.50,5.6667,true,1,33762
7290000135342,false,"מי סודה טמפו בקבוק 500 מ""ל","טמפו משקאות בע""\מ",IL,מי סודה טמפו 500 מל בק. פקדון,מיליליטרים,500.00,"100 מ""ל",false,24,2.50,0.5000,true,1,39282
7290000135465,false,"מי סודה 500 מ""ל - מארז 12 בקבוקים","טמפו משקאות בע""\מ",IL,מי סודה טמפו 12יחידות 500 מל בק. פקדון,מיליליטרים,6000.00,"100 מ""ל",false,4,28.90,0.4817,true,1,39281
7290000135595,false,פפסי מקס בטעם דובדבן 1.5 ללא סוכר,"טמפו משקאות בע""\מ",IL,משקה פפסי מקס דובדבן 1.5ליטר בק.פקדון,ליטרים,1.50,ליטר,false,1,8.50,5.6667,true,1,39099
7290000135601,false,משקה גאמפ בטעם תות א,,,משקה גאמפ תות אבטיח 1.5ליטר,ליטרים,1.50,ליטר,false,1,7.60,5.0667,true,1,39944
7290000136165,false,טמפו מירינדה 1.5 ליטר,"טמפו משקאות בע""\מ",IL,משקה מירינדה 1.5ליטר בק.פקדון,ליטרים,1.50,ליטר,false,6,8.90,5.9333,true,1,46405
7290000136172,false,סבן אפ בקבוק 1.5 ליט,"טמפו משקאות בע""\מ",IL,משקה סבן אפ 1.5ליטר בק.פקדון,ליטרים,1.50,ליטר,false,6,8.90,5.9333,true,1,46406
7290000136189,false,סבן אף דיאט 1.5 ליטר בודד,"טמפו משקאות בע""\ם.",IL,משקה דיאט סבן אפ 1.5 ליטר בק.פקדון,ליטרים,1.50,ליטר,false,1,8.50,5.6667,true,1,46407
7290000136257,false,פאנק טוניק גזוז בטעם פירות,"טמפו משקאות בע""\מ",IL,פאנק טוניק 1.5 ליטר בק.פקדון טמפו,ליטרים,1.50,ליטר,false,1,10.90,7.2667,true,1,46427
7290000136264,false,מי טוניק גזוז 1.5 ל' טמפו,"טמפו משקאות בע""\מ",IL,מי טוניק 1.5ליטר בק.פקדון טמפו,ליטרים,1.50,ליטר,false,1,10.90,7.2667,true,1,46426
7290000136288,false,"סירופ בטעם תפוחים ג'ויסר סיידר הגליל 330 מ""ל","טמפו משקאות בע""\מ",IL,סיידר סירופ תפוח 330מל גוסר,מיליליטרים,330.00,"100 מ""ל",false,1,15.90,4.8182,true,1,49203
7290000136295,false,"סירופ בטעם פטל ג'ויסר סיידר הגליל 330 מ""ל","טמפו משקאות בע""\מ",IL,סיידר סירופ פטל 330מל גוסר,מיליליטרים,330.00,"100 מ""ל",false,1,15.90,4.8182,true,1,49204
7290000136301,false,"סירופ בטעם ענבים ג'ויסר סיידר הגליל 330 מ""ל","טמפו משקאות בע""\מ",IL,סיידר סירופ ענבים 330מל גוסר,מיליליטרים,330.00,"100 מ""ל",false,1,15.90,4.8182,true,1,49205
7290000136455,false,משקה בטעם אשכוליות תריסר 1.5 ל' ג'אמפ,"טמפו משקאות בע""\ם.",IL,משקה גאמפ 1.5ליטר אשכוליות בק.פקדון,ליטרים,1.50,ליטר,false,1,7.90,5.2667,true,1,46398
7290000136523,false,משקה בטעם ענבים תריסר 1.5 ל' ג'אמפ,"טמפו משקאות בע""\ם.",IL,משקה גאמפ 1.5ליטר ענבים בק.פקדון,ליטרים,1.50,ליטר,false,1,7.90,5.2667,true,1,46399
7290000136561,false,משקה בטעם תות בננה תריסר 1.5 ל' ג'אמפ,"טמפו משקאות בע""\מ",IL,משקה גאמפ 1.5ליטר תות בננה בק.פקדון,ליטרים,1.50,ליטר,false,1,7.90,5.2667,true,1,46400
7290000136585,false,משקה בטעם תפוזים תריסר 1.5 ל' ג'אמפ,"טמפו משקאות בע""\ם.",IL,משקה גאמפ 1.5ליטר תפוזים בק.פקדון,ליטרים,1.50,ליטר,false,1,7.90,5.2667,true,1,46393
7290000136646,false,בירה נשר מאלט ללא אלכוהול 1.5 ליטר,"טמפו משקאות בע""\מ",IL,בירה נשר מאלט 1.5ליטר בק. פקדון,ליטרים,1.50,ליטר,false,1,9.20,6.1333,true,1,46428
7290000136653,false,דיאט נשר מאלט ללא אלכוהול 1.5 ליטר,"טמפו משקאות בע""\מ",IL,בירה דיאט נשר מאלט 1.5ליטר בק. פקדון,ליטרים,1.50,ליטר,false,1,9.20,6.1333,true,1,46429
7290000136660,false,סודה טמפו ליטר וחצי,טמפו,IL,סודה 1.5ליטר ב.פקדון טמפו,ליטרים,1.50,ליטר,false,1,3.80,2.5333,true,1,46925
7290000136691,false,מארז שישייה סבן אפ 1.5 ל',סבן אפ 7up,IL,מארז 6יח סבן אפ 1.5ליטר בק. פקדון,ליטרים,9.00,ליטר,false,1,39.90,4.4333,true,1,46411
7290000136752,false,סבן אפ דיאט מארז שישייה 1.5 ל' FREE,"טמפו משקאות בע""\מ",IL,מארז 6יח דיאט סבן אפ 1.5ליטר בק.פקדון,ליטרים,9.00,ליטר,false,1,37.90,4.2111,true,1,46412
7290000136769,false,מארז שישיה בטעם קולה 1.5 ל' פפסי,"טמפו משקאות בע""\מ",IL,מארז 6יח פפסי קולה 1.5ליטר בק.פקדון,ליטרים,9.00,ליטר,false,1,39.90,4.4333,true,1,46409
7290000136776,false,שישיית פפסי מקס דל קלוריות 1.5 ליטר,פפסי Pepsi,IL,מארז 6יח פפסי מקס 1.5ליטר בק.פקדון,ליטרים,9.00,ליטר,false,1,41.90,4.6556,true,1,46413
7290000136783,false,מארז שישייה מרינדה 1.5 ל',"טמפו משקאות בע""\מ",IL,מארז 6יח מירינדה 1.5ליטר בק. פקדון,ליטרים,9.00,ליטר,false,1,39.90,4.4333,true,1,46410
7290000136790,false,שישיית מי סודה טמפו 1.5 ליטר,"טמפו משקאות בע""\מ",IL,מארז 6יח סודה 1.5ליטר בק.פקדון טמפו,ליטרים,9.00,ליטר,false,1,17.70,1.9667,true,1,46420
7290000136806,false,מארז סודה רביעייה לימון ליים 1.5 ל' טמפו,טמפו משקאות בעמ,IL,מארז 4יח סודה למון ליים 1.5ליטר בק.פקדון,ליטרים,6.00,ליטר,false,1,11.90,1.9833,true,1,46417
7290000136813,false,סודה בטעם אננס מארז רביעייה 1.5 ל' טמפו,טמפו משקאות בע''מn\,IL,מארז 4יח סודה אננס 1.5ליטר בק.פקדון,ליטרים,6.00,ליטר,false,1,11.90,1.9833,true,1,46418
7290000136820,false,סודה בטעם פירות יער מארז ריבעיה * 1.5 ל' טמפו,טמפו משקאות בע''מn\,IL,מארז 4יח סודה פירות יער 1.5ליטר בק.פקדון,ליטרים,6.00,ליטר,false,1,11.90,1.9833,true,1,46419
7290000136837,false,רביעיית מי סודה נגיעות אפרסק טמפו 1.5 ליטר,טמפו משקאות בע''מn\,IL,מארז 4יח סודה אפרסק 1.5ליטר בק.פקדון,ליטרים,6.00,ליטר,false,1,11.90,1.9833,true,1,46416
7290000136844,false,מארז מים מזוככים אקווה נובה שישיית 2 ליטר,"טמפו משקאות בע""\מ",IL,מארז 6 יח מים אקווה נובה 2ליטר בק.פקדון,ליטרים,12.00,ליטר,false,1,13.90,1.1583,true,1,46434
7290000136868,false,סאן בנדטו - מים מינרלים - מארז שישיית 1.5 ליטר,אקווה מינרלה סאן בנדטו ב,IT,מארז 6יח מים סאן בנדטו 1.5ליטר בק.פקדון,ליטרים,9.00,ליטר,false,1,17.90,1.9889,true,1,46414
7290000136875,false,שישיית מים מינרליים מוגזים סן בנדטו 1.5 ליטר,סאן בנדטו San Benedetto,IT,מארז 6יח מים סאן בנדטו מוגז1.5ל בק.פקדון,ליטרים,9.00,ליטר,false,1,18.90,2.1000,true,1,46415
7290000137513,false,גלידונית גלידה וניל בציפוי שוקולד 60 יח' קרמיסימו,"גלידת שטראוס בע""\מ, רחוב",IL,גלידונית שוקו וניל מצופה 60 יח,גרמים,700.00,100 גרם,false,1,44.90,6.4143,true,1,1302
7290000139104,false,שלווה חיטה תפוחה מתוקה אשבול 230 גרם,"אשב""ל בע""מ",IL,חטיף שלווה חיטה תפוחה 230 גר,גרמים,230.00,100 גרם,false,1,8.90,3.8696,true,1,44480
7290000139180,false,שלווה חיטה מלאה תפוחה אשבול 140 גרם,אשבל מזון פונקציונלי,IL,חטיף שלווה חיטה תפוחה 140 גר,גרמים,140.00,100 גרם,false,24,8.90,6.3571,true,1,44481
7290000139227,false,דגן לבן משפחתי 150 גר' אשבול,אשבל מזון פונקציונלי,IL,חטיף תירס תפוח ממותק 150 ג,גרמים,150.00,100 גרם,false,24,8.90,5.9333,true,1,44483
7290000139258,false,שלווה דבש וסוכר חום אשבול 200 גרם,אשבל מזון פונקציונלי,IL,שלווה חיטה תפוחה סוכר חום ודבש200 גרם,גרמים,200.00,100 גרם,false,24,8.90,4.4500,true,1,44482
7290000144160,false,"שמן זית כתית מעולה ארומתי עץ הזית 750 מ""ל","מרקאולאו, ספרד.אבסה,",IT,שמן זית מודגש עץ הזית750מל,מיליליטרים,750.00,"100 מ""ל",false,1,34.90,4.6533,true,1,7763
7290000144467,false,שמן חמניות מועשר בנוגדי חמצון 1 ל' עץ הזית,"נארז ע""י : א.ג. גילר",GR,שמן חמניות בריאות עץ הזית 1 ליטר,ליטרים,1.00,ליטר,false,1,15.90,15.9000,true,1,182
7290000144474,false,שמן עץ הזית קנולה 1 ליטר בריאות מהטבע,שמן תעשיות בעמ,EE,שמן קנולה בריאות עץ הזית 1 לי,ליטרים,1.00,ליטר,false,1,15.90,15.9000,true,1,223
7290000168173,false,"ברנפלקס קרנצ'ים תלמה בד""ץ 375 גרם",יוניליור ישראל מזון,IL,דגני ברנפלקס קרנצים 375 גר,גרמים,375.00,100 גרם,false,1,19.90,5.3067,true,1,10274
7290000170053,false,"שוקולד פרה חלב 100 גרם בד""צ לל""ג","שטראוס גרופ בע""\מ.",IL,שוקולד פרה חלב 100 גר,גרמים,100.00,100 גרם,false,1,5.90,5.9000,true,1,152
7290000185224,false,סילאן בקבוק לחיץ תמר כנרת 650 גר,תמר כנרת,IL,סילאן לחיץ 650 גר חצר כנרת,גרמים,650.00,100 גרם,false,1,15.90,2.4462,true,1,7113
7290000185293,false,סילאן טבעי תמר כנרת 350 גרם,"חצר כנרת מוצרי תמר אגש""ח",IL,סילאן טבעי חצר כנרת 350 גרם צנצנת,גרמים,350.00,100 גרם,false,1,15.90,4.5429,true,1,5512
7290000185460,false,חרוסת חצר כנרת 250 ג,מנדלז סי.אר. פרודקשן,IL,חרוסת חצר כנרת 250 גרם,גרמים,250.00,100 גרם,false,1,13.90,5.5600,true,1,3079
7290000185590,false,סילאן טבעי בבקבוק לחיץ 650 גרם,"טעמי הגליל בע""\מ עבור וי",IL,סילאן טבעי לחיץ 650 גר חצר כנרת,גרמים,635.00,100 גרם,false,1,19.90,3.1339,true,1,40605
7290000186030,false,מגבוני האגיס תחליב דיספנסר רביעייה,קימברלי קלארק,IL,מארז 4יח מגבוני האגיס עם תחליב,יחידה,288.00,יחידה,false,1,22.90,0.0795,true,1,15478
7290000188355,false,מגבות מטבח ניקול לבנה שישייה,קימברלי-קלארק,IL,מגבת מטבח ניקול לבנה 6 יח,יחידה,6.00,יחידה,false,1,12.90,2.1500,true,1,6166
7290000189550,false,"שקיות אשפה ענקיות עם שרוך 78 * 90 ס""מ ניקול 2 * 10 יחידות",חוגלה קימברלי,IL,זוג שקיות אשפה ניקול גדול מתכלות,יחידה,20.00,יחידה,false,1,20.90,1.0450,true,1,4200
7290000189659,false,מטליות לחות לרצפה ניקול 10 יח'-מרכז,עלבד משואות יצחק בעמ,IL,מטליות לחות ניקול לרצפה,יחידה,10.00,יחידה,false,1,13.90,1.3900,true,1,7189
7290000189734,false,מטליות לחות לניקוי פרקט ניקול 10 יחידות,עלבד משואות יצחק בעמ,IL,מטליות לחות ניקול לפרקט,יחידה,10.00,יחידה,false,1,13.90,1.3900,true,1,8227
7290000190198,false,מטליות לחות לניקוי וחיטוי 99.9% ניקול 50 יחידה,עלבד משואות יצחק בעמ,IL,מטליות לחות לניקוי שירותים ואמבט 50יח,יחידה,50.00,יחידה,false,1,13.90,0.2780,true,1,11571
7290000191450,false,חלה רגילה ברמן 500 ג,מאפית י.את א. ברמן ב,,חלה רגילה ברמן 500 גרם***,גרמים,500.00,100 גרם,false,1,6.26,1.2520,true,1,11
7290000192581,false,מגבת נייר גליל כפול ניקול 12=6 גליל,קימברלי-קלארק,IL,מארז 6יח מגבות נייר כפול למטבח ניקול,יחידה,6.00,יחידה,false,1,20.90,3.4833,true,1,18848
7290000195537,false,מגבונים לחים לעור רגיש ללא בישום האגיס 4*64 יחידות,חוגלה קימברלי,IL,מגבוני האגיס לא מבושם 64יח מארז רביעייה,יחידה,256.00,יחידה,false,1,22.90,0.0895,true,1,3220
7290000195773,false,האגיס - מגבוני האגיס סנסטיב קר לא מבושם 64 יח' * 4,חוגלה קימברלי,IL,מגבוני האגיס נטורל מילוי רביעיה,יחידה,4.00,יחידה,false,1,22.90,5.7250,true,1,3835
7290000196763,false,"שקיות אשפה חזקות במיוחד עם שרוך 52 * 65 ס""מ ניקול 40 יחידות","אשפלסט תעשיות בע""מ",IL,שקיות אשפה ניקול חזקות 40 יח,יחידה,40.00,יחידה,false,1,17.90,0.4475,true,1,8468
7290000197326,false,רדיד אלומניום ניקול זוגי 30X7.5מ',חוגלה קימברלי,IL,זוג רדיד אלומיניום קצר 30/7.5 ניקול,מטרים,15.00,מטר,false,1,13.90,0.9267,true,1,272
7290000201979,false,האגיס מגבונים ללא בישום רביעייה מהדורה,חוגלה קימברלי,IL,מארז 4יח מגבוני האגיס דיסני לא מבושם,יחידה,224.00,יחידה,false,1,22.90,0.1022,true,1,14401
7290000207063,false,רסק עגבניות פריכוז 28% 240 גרם יכין,היינץ צפון אמריקה מק,IL,רסק עגבניות 28% פריכוז 260 גר,גרמים,240.00,100 גרם,false,1,4.90,2.0417,true,1,6021
7290000207162,false,רוטב עגבניות מרכיב טבעי 100 ג' יכין,"זנלכל בע""\מ",IL,רוטב עגבניות 22% יכין 100 ג,גרמים,100.00,100 גרם,false,1,2.50,2.5000,true,1,4233
7290000208022,false,עגבניות 2.5 A מרוסקות 850 גרם יכין,"זנלכל בע""\מ",IL,עגבניות מרוסקות 800 ג יכין,גרמים,800.00,100 גרם,false,1,9.90,1.2375,true,1,534
7290000208077,false,אפונת גינה רגילה 550 גרם יכין,"זנלכל בע""\מ",IL,אפונה יכין 550 גרם,גרמים,550.00,100 גרם,false,1,8.50,1.5455,true,1,1356
7290000208091,false,אפונה קטנה עדינה יכין 550 גרם,"זנלכל בע""\מ",IL,אפונה עדינה א/2 יכין,גרמים,560.00,100 גרם,false,1,9.90,1.7679,true,1,1359
7290000208459,false,"לקט אפונה, תפוחי אדמה וגזר יכין 550 גרם","זנלכל בע""\מ",IL,לקט ירקות יכין 550 גרם,גרמים,550.00,100 גרם,false,1,9.90,1.8000,true,1,904
7290000208930,false,עגבניות מרוסקות בתוספת שום 240 גרם יכין,"זנלכל בע""מ",IL,עגבניות מרוסקות עם שום 260 גר,גרמים,240.00,100 גרם,false,1,5.90,2.4583,true,1,7620
7290000208947,false,עגבניות מרוסקות יכין 260 גרם,היינץ צפון אמריקה מק,IL,עגבניות מרוסקות 260 גר,גרמים,240.00,100 גרם,false,1,5.90,2.4583,true,1,7618
7290000209012,false,חומץ 1ליטר יכין הדרים,"זנלכל בע""\מ",IL,חומץ 5% יכין 1 ליטר,ליטרים,1.00,ליטר,false,1,6.90,6.9000,true,1,1057
7290000209173,false,חומצה אצטית למזון 5% יכין 1 ליטר,"זנלכל בע""\מ",IL,חומץ אצטית 5% יכין 1 ליטר,ליטרים,1.00,ליטר,false,1,4.90,4.9000,true,1,1059
7290000209708,false,עגבניות מרוסקות עם בזיליקום יכין 240 גרם,היינץ צפון אמריקה מק,IL,עגבניות מרוסקות עם בזיליקום 260 גר,גרמים,240.00,100 גרם,false,1,5.90,2.4583,true,1,7621
7290000209944,false,רוטב לעגבניות בסיס לשקשוקה 240 ג' יכין,"זנלכל בע""\מ",IL,בסיס לשקשוקה יכין 260 גר,גרמים,240.00,100 גרם,false,1,5.90,2.4583,true,1,7624
7290000209968,false,רוטב עגבניות ללזניה יכין 240 גרם,"זנלכל בע""\מ",IL,רוטב ללזניה כין 260 גר,גרמים,240.00,100 גרם,false,1,5.90,2.4583,true,1,7625
7290000211312,false,סוגת אורז מלא פרסי אחד אחד 1 קג,האי נאם סי או אל.טי.,IL,אורז מלא ארוך 1 קג סוגת,קילוגרמים,1.00,"ק""ג",false,1,10.90,10.9000,true,1,1324
7290000215952,false,ביצי חופש 12יח לארג,,,ביצי חופש 12יח לארג גדול,יחידה,12.00,יחידה,false,1,19.90,1.6583,true,1,46813
7290000238029,false,"בצק עלים צרפתי מרודד מעדנות 1 ק""ג",מיוצר עי קונדיטוריית,IL,בצק עלים מרודד 1 קג,גרמים,1000.00,100 גרם,false,1,15.90,1.5900,true,1,1232
7290000238173,false,בורקס גבינה מעדנות 800 גרם,מיוצר עי קונדיטוריית,IL,בורקס גבינה 800 גרם,גרמים,800.00,100 גרם,false,1,22.90,2.8625,true,1,1403
7290000238180,false,בורקס תפוחי אדמה מעדנות 800 גרם,מיוצר עי קונדיטוריית,IL,בורקס תפוח אדמה 800 גרם,גרמים,800.00,100 גרם,false,1,22.90,2.8625,true,1,1408
7290000240541,false,ריבועי בצק עלים מעדנות 800 גרם,מיוצר עי קונדיטוריית,IL,ריבועי בצק עלים 800 גרם,גרמים,800.00,100 גרם,false,1,15.90,1.9875,true,1,114
7290000245294,false,"א.כ. פרסיל סופרא שקית 2.5 ק""ג","הנקל סוד בע""\מ",IL,א.כביסה פרסיל סופרא 2.5 קג שקית,קילוגרמים,2.50,"ק""ג",false,1,19.90,7.9600,true,1,4836
7290000253251,false,שוקולד צ'יפס לבן אופנהיימר 250 גרם,אופנהיימר,IL,שוקולד ציפס לבן לאפיה 250 גר אופנהיימר,גרמים,250.00,100 גרם,false,1,12.90,5.1600,true,1,2736
7290000253374,false,מיני שוקולד צ'יפס 250 גרם- 66% מוצקי קקאו,אופנהיימר,IL,שוקולד ציפס לאפיה66%מוצקי קקאו 250 גרם,גרמים,250.00,100 גרם,false,20,14.90,5.9600,true,1,39604
7290000253459,false,נטיפי צ'יפס בטעם קרמל אופנהיימר 250 גרם,אופנהיימר,IL,נטיפי ציפס טעם קרמל אופנהיימר 250 גרם,גרמים,300.00,100 גרם,false,1,12.90,4.3000,true,1,35125
7290000267555,false,בוטנים גרוסים 100ג'שקדיה,"דין שיווק וקלייה בע""",IL,בוטן טחון 100 גר,גרמים,100.00,100 גרם,false,1,5.30,5.3000,true,1,5494
7290000289885,false,"מטהר אוויר ענק אושנבריז סנו פרש 375 מ""ל","סנו מפעלי ברונוס בע""\מ",IL,מטהר אוויר סנופרש יבש אושן בריז 375 מל,מיליליטרים,375.00,"100 מ""ל",false,1,11.90,3.1733,true,1,34862
7290000311869,false,מן-וופלים בטעם שוק ללא תוספת סוכר 180ג,תות ממתקי איכות,IL,וופל מן שוקולד ללא סוכר 180 גרם,גרמים,180.00,100 גרם,false,1,8.90,4.9444,true,1,17439
7290000311876,false,מן-וופלים בטעם וניל ללא תוספת סוכר 180ג,"רוקחמן בע""מ",IL,וופל מן וניל ללא סוכר 180 גרם,גרמים,180.00,100 גרם,false,1,8.90,4.9444,true,1,17440
7290000311890,false,ופלים בטעם לימון ללא תוספת סוכר 180 גרם,"רוקחמן בע""מ",IL,וופל מן לימון ללא סוכר 180 גרם,גרמים,180.00,100 גרם,false,1,8.90,4.9444,true,1,50500
7290000345291,false,תה ארל גריי ויסוצקי 25 יחידות,תה ויסוצקי,IL,בלק לייבל תה ארל גריי 25 שק 1 ג,יחידה,25.00,יחידה,false,1,16.50,0.6600,true,1,1407
7290000345307,false,תה ארל גריי ויסוצקי 50 יחידות,מולינו ניקולי s.p.a,IL,תה ארל גריי 50 שק 1.5 גרם,יחידה,50.00,יחידה,false,1,24.90,0.4980,true,1,1435
7290000346236,false,חליטת לואיזה וורבנה הגן הקסום ויסוצקי 25 יחידות,תה ויסוצקי,IL,תה גן הקסום לואיזה 2 ג 25 שק,יחידה,25.00,יחידה,false,12,19.50,0.7800,true,1,1859
7290000419220,false,לנדוור כחול המקורי קפה טחון טורקי 3*100 גרם 16 יח',קפה לנדוור,IL,מארז 3יח קפה לנדוור כחול 100 ג,גרמים,300.00,100 גרם,false,1,19.90,6.6333,true,1,4651
7290000419374,false,לנדוור לבוקר קפה טחון טורקי 3*100 גרם 16 יח',קפה לנדוור,IL,מארז 3 יח קפה לנדוור לבוקר 100 גר,גרמים,300.00,100 גרם,false,1,19.90,6.6333,true,1,9209
7290000434971,false,מצה מצופה שוקולד פפו,,,מצה מצופה שוקולד פפושדו 200 גר,גרמים,200.00,100 גרם,false,1,10.90,5.4500,true,1,7411
7290000446547,false,חמאת בוטנים טבעית בטר אנד דיפרנט 350 גרם,"בטר אנד דיפרנט בע""מ",IL,חמאת בוטנים טבעית 350גר בטר אנד דיפרנט,גרמים,350.00,100 גרם,false,12,14.90,4.2571,true,1,36301
7290000446554,false,"חמאת בוטנים טבעית בטר אנד דיפרנט 1 ק""ג",בטר אנד דיפרנט B&D,IL,חמאת בוטנים טבעית 1קג בטר אנד דיפרנט,קילוגרמים,1.00,"ק""ג",false,12,29.90,29.9000,true,1,36302
7290000453217,false,שמרית בלילה וופל בלג,שטראוס,IL,בלילה להכנת וופל בלגי 750גר שמרית,גרמים,750.00,100 גרם,false,8,22.90,3.0533,true,1,40748
7290000453224,false,שמרית בלילה לקרפ 750,שטראוס,IL,בלילה להכנת קרפ 750גר שמרית,גרמים,750.00,100 גרם,false,8,22.90,3.0533,true,1,40749
7290000453309,false,בצק לפיצה ללא גלוטן230ג,תמי,FR,בצק פיצה תמי ללא גלוטן 230גר,גרמים,230.00,100 גרם,false,8,19.90,8.6522,true,1,41088
7290000453316,false,בצק עלים ללא גלוטן תמי 280 גרם מצונן,תמי,FR,בצק עלים תמי ללא גלוטן 280גר,גרמים,280.00,100 גרם,false,8,19.90,7.1071,true,1,41087
7290000453323,false,קמח תמי עמילן חיטה ללא גלוטן 500 גרם,תמי,IL,קמח תמי עמילן חיטה ללא גלוטן 500 גר,גרמים,300.00,100 גרם,false,12,18.90,6.3000,true,1,48226
7290000453330,false,תמי תערובת עוגת וניל ללא גלוטן 500גר,,IL,תערובת לעוגה וניל ללג 500 גר תמי,גרמים,300.00,100 גרם,false,12,18.90,6.3000,true,1,48783
7290000453446,false,פיצה קראסט בצק שמרים מצונן להכנת פיצה ופוקצ'ה,"פאקא תעשיות בע""מ",FR,פיצה קראסט 500גר שמרית,גרמים,500.00,100 גרם,false,8,19.90,3.9800,true,1,47176
7290000461724,false,בייגלה שמיניות גדולות שומשום בייגל בייגל,יוניליוור מזון,IL,בייגלה גדול שומשום 400 גרם,גרמים,400.00,100 גרם,false,1,16.90,4.2250,true,1,1204
7290000474076,false,"חלב קרטון 3%-1 ליטר ""טרה""-מוצר בפיקוח",הפריט בפיקוח,IL,חלב 3% בקרטון 1 ליטר מהדרין***,ליטרים,1.00,ליטר,false,1,6.23,6.2300,true,1,3366
7290000474090,false,"חלב בקרטון 1%- 1 ליטר בד""צ - מוצר בפיקוח",מילקו תעשיות בעמ,IL,חלב 1% בקרטון 1 ליטר***,ליטרים,1.00,ליטר,false,1,5.86,5.8600,true,1,3367
7290000480305,false,ממתיק מלאכותי הרמזית,HERMES,CH,הרמזית 400 טבליות,יחידה,400.00,יחידה,false,1,20.00,0.0500,true,1,1181
7290000480329,false,ממתיק הרמזית טבליות,הרמס סוויטנרס,CH,ממתיק הרמזית טבליות 800 יח,יחידה,800.00,יחידה,false,1,26.50,0.0331,true,1,1182
7290000480343,false,הרמזית טבליות 1400 י,,,הרמזית טבליות 1400 יח,יחידה,1.40,יחידה,false,1,44.00,31.4286,true,1,1183
7290000484549,false,"כהל 96% לשתיה 750 מ""ל",,IL,כהל 95% נקי 750 מל פיקדון,מיליליטרים,750.00,"100 מ""ל",false,1,139.00,18.5333,true,1,11968
7290000484747,false,עראק עלית 700 מל 40% כהל,יקב הגליל יוסף גולד ובניו,IL,ערק עלית 40% 700 מל,מיליליטרים,700.00,"100 מ""ל",false,1,69.90,9.9857,true,1,17546
7290000497044,false,"לחם אקטיב 750 גרם ""ברמן""",מאפית י את א ברמן בע,IL,לחם אקטיב ברמן 750גרם,גרמים,750.00,100 גרם,false,1,15.90,2.1200,true,1,12170
7290000497112,false,"לחם כהה פרוס וארוז ""ברמן""-מוצר בפיקוח",מאפית י את א ברמן בע,IL,לחם אחיד פרוס 750 גר***,גרמים,750.00,100 גרם,false,1,7.91,1.0547,true,1,5684
7290000497228,false,לחמניה רגילה בשקית ברמן 6יח',מאפית י את א ברמן בע,IL,מארז 6 לחמניה שש בש,גרמים,450.00,100 גרם,false,1,10.00,2.2222,true,1,5161
7290000497273,false,לחמניות ברמן אקטיב 6יח 450גר,מאפית י את א ברמן בע,IL,מארז 6יח לחמניות אקטיב 450 גרם,גרמים,450.00,100 גרם,false,1,13.90,3.0889,true,1,16622
7290000497303,false,"שישיית לחמניות מקמח מלא ""ברמן""",מאפית י את א ברמן בע,IL,מארז 6 לחמניות מקמח מלא,גרמים,450.00,100 גרם,false,1,10.00,2.2222,true,1,5162
7290000497426,false,לחם ברמן לענין פלוס 500 גרם,מאפית י את א ברמן בע,IL,לחם ברמן לענין פלוס 500גר,גרמים,500.00,100 גרם,false,1,15.90,3.1800,true,1,4827
7290000497532,false,"לחם מקמח מלא""לעניין"" 750 גר'",מאפית י את א ברמן בע,IL,לחם ברמן לעניין 750 גרם,גרמים,750.00,100 גרם,false,1,13.90,1.8533,true,1,4533
7290000497570,false,לחם דגנים פלוס ברמן 500 גרם,מאפית י את א ברמן בע,IL,לחם דגנים פלוס ברמן 500 גרם,גרמים,500.00,100 גרם,false,1,15.90,3.1800,true,1,4630
7290000498003,false,לחם מקמח חיטה מלא 750 גר,מאפית י את א ברמן בע,IL,לחם אי פריי קמח מלא 750 גרם ברמן,גרמים,750.00,100 גרם,false,1,15.90,2.1200,true,1,22492
7290000498034,false,לחם אי פרי קמח כוסמין מלא 750 גר',מאפית י את א ברמן בע,IL,לחם אי פרי קמח כוסמין מלא 750 גרם ברמן,גרמים,750.00,100 גרם,false,1,15.90,2.1200,true,1,30177
7290000498058,false,חלה כוסמין חלומית כוסמין חלה מתוקה 500 ג,מאפית י את א ברמן בע,IL,חלה חלומית כוסמין 500גר ברמן,גרמים,500.00,100 גרם,false,1,15.90,3.1800,true,1,48525
7290000504261,false,סוויט דיאט כמו סוכר ממתיק אבקתי 65ג',סוכרזית Sucrazit,IL,סוכרזית קלאסי כפית לכפית 100גר,גרמים,100.00,100 גרם,false,1,25.90,25.9000,true,1,994
7290000518336,false,ממתק צמר גפן מתוק מסיבים תזונתיים,מתוק וקל בעמ,IL,צמר גפן מתוק מווש מתוק וקל 10 גרם,Unknown,0.00,Unknown,false,1,4.90,0.0000,true,1,41029
7290000521008,false,יין אדום יבש של סגל750מל,"כרמי צבי - אחים סגל בע""\",IL,יין סגל אדום 750 מל פקדון,מיליליטרים,750.00,"100 מ""ל",false,1,25.00,3.3333,true,1,2399
7290000529561,false,תה ירוק ואכינצאה אור,,,תה ירוק אכינציאה 2גר 20שק אורגני,יחידה,20.00,יחידה,false,1,13.90,0.6950,true,1,20395
7290000529974,false,חליטת קורנית ואקליפט,,,חליטת קורנית ואקליפטוס אורגני 20 שק,יחידה,20.00,יחידה,false,1,13.90,0.6950,true,1,20393
7290000529981,false,שומר וג'ינג'ר 1.8 גרם עדנים,,,חליטת שומר וגינגר אורגני 1.8 גר 20 שק,יחידה,20.00,יחידה,false,1,13.90,0.6950,true,1,20392
7290000530086,false,נקניק סלמי מעושן זוגלובק 600 גרם,נקניק נהריה כשר זוגל,IL,נקניק סלמי מעושן 7000,גרמים,600.00,100 גרם,false,1,32.90,5.4833,true,1,50894
7290000530598,false,נקניקיות עוף וינר זוגלובק 500 גרם,נקניק נהריה כשר זוגל,IL,נקניקיות וינר 500 גרם,גרמים,500.00,100 גרם,false,1,10.90,2.1800,true,1,49285
7290000530703,false,פסטרמה חרמון כפרית ונקניק תה מעושן זוגלובק 2*400 גרם,נקניק נהריה כשר זוגל,IL,מארז נ. תה מעושן 400גר+חזה עוף והודו 400,גרמים,800.00,100 גרם,false,9,29.90,3.7375,true,1,51599
7290000536743,false,שניצלונים קריספי ט. תירס 500 גר' זוגלובק,נקניק נהריה כשר זוגל,IL,קריספי סטיקס תירס 500גר,גרמים,500.00,100 גרם,false,12,15.90,3.1800,true,1,48921
7290000537566,false,נקניקיות עוף טרי 400 ג' זוגלובק,נקניק נהריה כשר זוגל,IL,נקניקיות עוף טרי 400 גרם,גרמים,400.00,100 גרם,false,12,10.90,2.7250,true,1,48879
7290000554006,false,גבינה קשקבלו משולשים,מחלבות גד,IL,גבינת קשקבל קשה במשקל משולש,קילוגרמים,1.00,"ק""ג",true,,159.00,159.0000,true,1,332
7290000554471,false,נקניק מוצרלה 22 אחוז 180גרם גד מהדרין,"מחלבות גד בע""\מ",IL,גליל מוצרלה 22% 180 גרם,גרמים,180.00,100 גרם,false,1,21.90,12.1667,true,1,1303
7290000554532,false,גבינה צפתית מעודנת במלח ים 5% 200 ג' גד,הנסיך- מפעל לייצור ט,IL,גב.צפתית מעודנת 5% מלח ים טבעי200 גר,גרמים,200.00,100 גרם,false,1,16.90,8.4500,true,1,6689
7290000554600,false,מוצרלה מגורדת 22 אחוז 300גרם גד מהדרין,מחלבות גד בעמ,IL,מוצרלה מגורדת 22% 300 גרם,גרמים,300.00,100 גרם,false,1,29.90,9.9667,true,1,937
7290000554655,false,מוצרלה מעושנת בנקניק,מחלבות גד,IL,גבינת מוצרלה מעושנת במשקל,קילוגרמים,1.00,"ק""ג",true,,100.00,100.0000,true,1,938
7290000554815,false,מוצרלה נקניק 22% במשקל,מחלבות גד,IL,גליל מוצרלה טבעי במשקל,קילוגרמים,1.00,"ק""ג",true,,95.00,95.0000,true,1,1304
7290000554839,false,מסקרפונה שמנת מתוקה קשה בסגנון איטלקי 40% גד 250 גרם,מחלבות גד בעמ,IL,גבינת מסקרפונה 40% 250 גרם,גרמים,250.00,100 גרם,false,1,24.90,9.9600,true,1,865
7290000554921,false,גבינת ריקוטה איטלקית,מחלבות גד,IL,גבינת ריקוטה איטלקית רכה במשקל,קילוגרמים,1.00,"ק""ג",true,,69.00,69.0000,true,1,35
7290000554952,false,גבינה צפתית קשה במשק,מחלבות גד,IL,גבינה צפתית קשה במשקל,קילוגרמים,1.00,"ק""ג",true,,99.00,99.0000,true,1,1281
7290000560021,false,אדג' ג'ל ורוד נגד חתכים 198ג',המאפיה של הרמן,US,גל גילוח אדג לעור נגד חתכים 210 גר,גרמים,210.00,100 גרם,false,1,17.90,8.5238,true,1,1314
7290000560533,false,אדג' ג'ל ירוק לעור רגיל 198גרם,אס.סי ג'ונסון ובניו,US,גל גילוח אדג לעור רגיל ירוק 210 גר,גרמים,210.00,100 גרם,false,1,17.90,8.5238,true,1,1315
7290000560540,false,אדג' ג'ל כתום לעור רגיש 198גרם,המאפיה של הרמן,US,גל גילוח אדג לעור רגיש כתום 210 גר,גרמים,210.00,100 גרם,false,1,17.90,8.5238,true,1,1316
7290000560557,false,"אדג' ג'ל גילוח סגול לעור יבש, 200 מ""ל",אס.סי ג'ונסון ובניו,US,גל גילוח אדג לריכוך העור סגול 210 גר,גרמים,210.00,100 גרם,false,1,17.90,8.5238,true,1,1312
7290000571119,false,גאודה טבעי בית יצחק,תנובה מרכז שיתופי לש,IL,גאודה חריץ בית יצחק במשקל,קילוגרמים,1.00,"ק""ג",true,,119.00,119.0000,true,1,1261
7290000571188,false,גבינת גאודה תום עיזים במשקל,תנובה מרכז שיתופי לש,IL,גבינת גאודה תום עיזים במשקל בית יצחק,קילוגרמים,1.00,"ק""ג",true,,165.00,165.0000,true,1,1263
7290000571300,false,גבינה גאודה פרוס מעושנת המחלבה 150ג',גבינות משק אחים מאיר,IL,גבינת גאודה מעושנת פרוסה 150 גר,גרמים,150.00,100 גרם,false,1,23.90,15.9333,true,1,9251
7290000571386,false,המחלבה יוגורמה יוגורט מחלב כבשים 5% 850 גרם,גבינות משק אחים מאיר בית,IL,יוגורמה 850 גרם,גרמים,850.00,100 גרם,false,1,26.50,3.1176,true,1,2317
7290000571393,false,המחלבה יוגורמה יוגורט מחלב כבשים 5% 140 גרם,גבינות משק אחים מאיר,IL,יוגורמה 140 גרם,גרמים,140.00,100 גרם,false,1,6.30,4.5000,true,1,2870
7290000571478,false,גבינת תום עיזים פרוס המחלבה 200 גרם,גבינות משק אחים מאיר בית,IL,גבינת טום עיזים פרוסה 150 גר בית יצחק,גרמים,150.00,100 גרם,false,1,35.90,23.9333,true,1,7402
7290000571485,false,משקה יוגורט יוגורמה,גבינות משק אחים מאיר,IL,משקה יוגורט עיזים 1 קג,קילוגרמים,1.00,"ק""ג",false,1,24.50,24.5000,true,1,8364
7290000571584,false,גבינת גאודה כבשים במ,,,גבינת גאודה כבשים במשקל,קילוגרמים,1.00,"ק""ג",true,,115.00,115.0000,true,1,8365
7290000571812,false,גבינת פרמז'ן מגורד 200 גרם,גבינות משק אחים מאיר,IL,גבינת פרמזן מגורדת 200 גר,גרמים,200.00,100 גרם,false,1,23.90,11.9500,true,1,11993
7290000571843,false,המחלבה יוגורמה גביע מחלב עזים 140 גרם,גבינות משק אחים מאיר בית,IL,יוגורט עיזים יוגורמה 140 גרם,גרמים,140.00,100 גרם,false,1,6.30,4.5000,true,1,13796
7290000571881,false,"משקה יוגורט מחלב עיזים 3.6% 500 מ""ל",גבינות משק אחים מאיר,IL,משקה יוגורט עיזים 500מל בקבוק בית יצחק,מיליליטרים,500.00,"100 מ""ל",false,1,12.90,2.5800,true,1,40336
7290000571928,false,"יוגורמה כבשים עם גרעינים, אגוזים וחמוציות ממותקות",המחלבה מבית יצחק,IL,יוגורמה כבשים אגוזים זרעים חמוציות 142גר,גרמים,142.00,100 גרם,false,12,6.30,4.4366,true,1,34974
7290000571935,false,יוגורמה כבשים עם גרנולה מתוקה 142 גרם,גבינות משק אחים מאיר בית,IL,יוגורמה כבשים וגרנולה מתוקה 142גר,גרמים,142.00,100 גרם,false,12,6.30,4.4366,true,1,34973
7290000603049,false,ביצים אומגה 3 לארג 1,תנובה,IL,ביצי אומגה 3 12יחידות לארג גדול,יחידה,9.00,יחידה,false,1,18.90,2.1000,true,1,46811
7290000648507,false,כבד אווז קפוא,,,כבד אווז קפוא,קילוגרמים,1.00,"ק""ג",true,,549.00,549.0000,true,1,7428
7290000688374,false,"מים מינרליים מי עדן בייבי 6*330 מ""ל","מופק ממקור בזלתי עדן ,1",IL,מארז 6יח מים מינרלים מי עדן בייבי 330מל,מיליליטרים,1980.00,"100 מ""ל",false,1,13.90,0.7020,true,1,1843
7290000805368,false,מזון כלבים בונזו גור,אף.סי תבליני בגליל ב,FR,מזון כלבים בונזו גורים 3 קג,קילוגרמים,3.00,"ק""ג",false,1,59.90,19.9667,true,1,1398
7290000805900,false,"מזון חתולים לה קט עוף 2.85 ק""ג","ביופט בע""מ",FR,לה קט עוף 2.85 קג,קילוגרמים,2.85,"ק""ג",false,1,59.90,21.0175,true,1,1033
7290000805917,false,"מזון חתולים לה קט כבד 2.85 ק""ג","ביופט בע""מ",IL,לה קט כבד 2.85 קג,קילוגרמים,2.85,"ק""ג",false,1,59.90,21.0175,true,1,1034
7290000910499,false,ירך הודו טרי עם עצם,,,ירך הודו טרי עם עצם,קילוגרמים,1.00,"ק""ג",true,,64.90,64.9000,true,1,2869
7290001108239,false,מנגל חד פעמי קומפלט,,,מנגל חד פעמי קומפלט,Unknown,0.00,Unknown,false,1,36.90,0.0000,true,1,11809
7290001179239,false,מלקחיים לגריל נירוסט,,,מלקחיים לגריל נירוסטה 40סמ,יחידה,1.00,יחידה,false,1,12.90,12.9000,true,1,38828
7290001216040,false,טחינה גולמית שומשום טהור אל ארז 500 גרם,אגס ירוק מסחר ושירותים,IL,טחינה אלארז 500 גר,גרמים,500.00,100 גרם,false,24,15.90,3.1800,true,1,6788
7290001216057,false,"טחינה שומשום טהור אל ארז 1 ק""ג",אגס ירוק מסחר ושירותים,IL,טחינה אלארז 1 קג,קילוגרמים,1.00,"ק""ג",false,12,32.90,32.9000,true,1,3053
7290001216101,false,"טחינה שומשום מלא אל ארז 1 ק""ג",טחינה אל ארז,IL,הפשטידה של עידית,קילוגרמים,1.00,"ק""ג",false,12,33.90,33.9000,true,1,36578
7290001216231,false,טחינה גולמית שומשום מלא אל ארז 500 גרם,אגס ירוק מסחר ושירותים,IL,טחינה אלארז משומשום מלא 500 גר,גרמים,500.00,100 גרם,false,24,16.90,3.3800,true,1,6789
7290001258118,false,קממבר טבעי יעקבס לקג,גבינות משק יעקבס,IL,גבינת קממברט טבעי במשקל,קילוגרמים,1.00,"ק""ג",true,,99.00,99.0000,true,1,204
7290001258217,false,לאבנה עיזים 5% משקל,גבינות משק יעקבס,IL,לבנה עיזים במשקל,קילוגרמים,1.00,"ק""ג",true,,60.00,60.0000,true,1,1030
7290001258590,false,גבינת מנצג'ו 30%גוש משקל,גבינות משק יעקבס,IL,גבינת אורי מנצגו במשקל,קילוגרמים,1.00,"ק""ג",true,,145.00,145.0000,true,1,4665
7290001258668,false,גבינת עז מה 5% יעקבס 250 גרם,גבינות משק יעקבס,IL,גבינה עז מה 250 גרם 5% שומן,גרמים,250.00,100 גרם,false,1,16.90,6.7600,true,1,7010
7290001258774,false,מוצרלה בייבי 150 גרם יעקובס,גבינות משק יעקבס,IL,גבינת מוצרלה בייבי 150 גרם יעקובס,גרמים,150.00,100 גרם,false,1,12.90,8.6000,true,1,28062
7290001265642,false,"מזון חתולים מעדני פטה 1.2 ק""ג מארז 3 יחידות",קריות זול,FR,מארז 3 מעדני לה קט פטה 400 גרם,קילוגרמים,1.20,"ק""ג",false,1,19.90,16.5833,true,1,2826
7290001274576,false,גלידל וניל תות 0% שומן ללא סוכר,גלידות פלדמן,IL,גלידה גלידל וניל תות דיאט 900מל פלדמן,מיליליטרים,900.00,"100 מ""ל",false,1,23.90,2.6556,true,1,4034
7290001274583,false,גלידל שוקו פקאן 0% שומן ללא סוכר,"פלקו בע""\מ, חברה ישראלית",IL,גלידה גלידל שוקו פקאן דיאט 900מל פלדמן,מיליליטרים,900.00,"100 מ""ל",false,1,23.90,2.6556,true,1,4035
7290001359129,false,פחם ארוז 1.7קג פחמי,,IL,פחם ארוז 1.7קג פחמי הגליל,גרמים,1700.00,100 גרם,false,1,14.90,0.8765,true,1,49262
7290001427064,false,"פריגת מיץ פסיפלורה ותפוחים 500 מ""ל",קשת מיצים טבעיים,IL,מיץ פסיפלורה תפוח סחוט 500מל ב.ז קשת,מיליליטרים,500.00,"100 מ""ל",false,12,17.90,3.5800,true,1,14033
7290001461112,false,לחם רוסטיק עגול פילס,פילסברי,,לחם רוסטיק דגנים וגרעינים,Unknown,0.00,Unknown,false,1,17.90,0.0000,true,1,17312
7290001461457,false,בגט רוסטיק קמח מלא ו,פילסברי,,בגט רוסטיק קמח מלא וזרעי פשתן,Unknown,0.00,Unknown,false,1,8.00,0.0000,true,1,17309
7290001482186,false,אננס חתוך בסירופ קל ויליפוד 565 גרם,הנסיך- מפעל לייצור ט,TH,לפתן אננס חתוך 567 גר,גרמים,567.00,100 גרם,false,1,6.90,1.2169,true,1,37348
7290001591673,false,"קניידלך מקמח תפו""א שלושת האופים 500 גרם","שלושת האופים בע""\מ",IL,קניידלך מקמח תפוא500גר שלושת האופים קפוא,גרמים,500.00,100 גרם,false,1,19.90,3.9800,true,1,47227
7290001591680,false,קניידלך מקמח מצה שלושת האופים 500 גרם,"שלושת האופים בע""\מ",IL,קניידלך מקמח מצה 500גר שלושת האופים קפוא,גרמים,500.00,100 גרם,false,1,19.90,3.9800,true,1,47226
7290001591703,false,קבב אנגוס עגול 500 גר' חלק רבנות,טיבון ויל,IL,קבב אנגוס עגול 500גר טיבון ויל,גרמים,500.00,100 גרם,false,8,24.90,4.9800,true,1,46702
7290001591727,false,קבב על מקל טיבון ויל 500 גרם,טיבון ויל,IL,קבב על מקל 500 גרם טיבון ויל,גרמים,500.00,100 גרם,false,12,24.90,4.9800,true,1,46703
7290001591741,false,קבבוני טלה טיבון ויל 500 גרם,טיבון ויל,IL,קבבוני טלה 500 גרם טיבון ויל,גרמים,500.00,100 גרם,false,12,24.90,4.9800,true,1,46704
7290001591758,false,קבב מזרחי בסגנון ביתי טיבון ויל 600 גרם,טיבון ויל,IL,קבב מזרחי בסגנון ביתי אנגוס 600גר טיבון,גרמים,600.00,100 גרם,false,12,24.90,4.1500,true,1,48009
7290001591949,false,שיפודי פרגיות 100% טיבון ויל 500 גרם,טיבון ויל,IL,שיפודי פרגיות 500גר 100% טיבונוויל,גרמים,500.00,100 גרם,false,12,47.90,9.5800,true,1,48010
7290001641736,false,"פילה אמנון ללא עור בד""ץ עד""ח",דלידג,IL,פילה דג אמנון 5-7 ללא עור קפוא,קילוגרמים,1.00,"ק""ג",true,,37.90,37.9000,true,1,37586
7290001670408,false,נרות חימום בשקית 50 יח`,לחמנו,CN,נרות חימום בשקית 50 יח,Unknown,0.00,Unknown,false,1,11.90,0.0000,true,1,4542
7290001690147,false,מון בלאן טעם טוב גבינה מותכת6% 120 גרם,שלושת האופים,IL,גבינה מותכת טעם טוב 120גר,גרמים,120.00,100 גרם,false,12,10.00,8.3333,true,1,47029
7290001690208,false,גבינת גאודה בקר הולנ,,NL,גבינת גאודה פרה 200גר גק ציס,גרמים,200.00,100 גרם,false,1,19.90,9.9500,true,1,46460
7290001690215,false,גבינת גאודה עיזים נטו 200 גרם,,NL,גבינת גאודה עיזים 200גר גק ציס,גרמים,200.00,100 גרם,false,1,24.90,12.4500,true,1,46461
7290001690512,false,תות שדה קפוא 250גרם,,,תות שדה קפוא 250גרם שף שגב,גרמים,250.00,100 גרם,false,12,10.90,4.3600,true,1,48846
7290001690529,false,מיקס פירות טרופי קפו,,,מיקס פירות טרופי קפואות 250גר שף שגב,גרמים,250.00,100 גרם,false,12,10.90,4.3600,true,1,48845
7290001690536,false,מיקס פירות יער קפואו,,,מיקס פירות יער קפואות 250גר שף שגב,גרמים,250.00,100 גרם,false,12,10.90,4.3600,true,1,48844
7290001690543,false,חתיכות אננס קפואות 250 גר',,,חתיכות אננס קפוא 250גרם שף שגב,גרמים,250.00,100 גרם,false,12,10.90,4.3600,true,1,48847
7290001690550,false,מיקס תות בננה קפוא 2,,,מיקס תות בננה קפוא 250גרם שף שגב,גרמים,250.00,100 גרם,false,12,10.90,4.3600,true,1,48849
7290001690567,false,נתחי מנגו קפואים 250 גר',,,נתחי מנגו קפוא 250גרם שף שגב,גרמים,250.00,100 גרם,false,12,10.90,4.3600,true,1,48848
7290001690574,false,אוכמניות קפואות 250 גר',,,אוכמניות קפואות 250גר שף שגב,גרמים,250.00,100 גרם,false,12,10.90,4.3600,true,1,48843
7290001713921,false,אקונומיקה bleach מבושמת 4 ל' סנט מוריץ,קומפלקס כימיקלים בעמ,IL,אקונומיקה מבושמת 4 ליטר מלבינה,ליטרים,4.00,ליטר,false,4,9.90,2.4750,true,1,37898
7290001741511,false,מגן משטחים שקוף 45/1,,,מגן משטחים שקוף 45/100סמ,יחידה,1.00,יחידה,false,1,13.90,13.9000,true,1,36244
7290001835340,false,פרמיו לבבות 100 גרם,,CN,פרמיו לבבות 100 גר,גרמים,100.00,100 גרם,false,10,14.90,14.9000,true,1,49355
7290001835364,false,פרמיו חטיפי ברווז מובחרים,,CN,פרמיו חטיפי ברווז 100 גר,גרמים,100.00,100 גרם,false,10,14.90,14.9000,true,1,49356
7290001865439,false,פמילי אל סבון נוזלי בניחוח וניל 1 ליטר,אף.סי תבליני בגליל ב,IL,פמילי אל סבון לבן 1 ל משאבה,ליטרים,1.00,ליטר,false,1,10.90,10.9000,true,1,3462
7290001865453,false,פמילי לקשרי 1 ליטר לבנדר ארומטי+משאבה,מיוצר עי קונדיטוריית,TR,פמילי אל סבון לבנדר 1 ל משאבה,ליטרים,1.00,ליטר,false,1,10.90,10.9000,true,1,3463
7290001865460,false,סבון נוזלי פמלי לקשרי זר פרחים לבנים 1 ל,אינטרקוסמא,TR,פמילי אל סבון קוקוס 1 ל משאבה,ליטרים,1.00,ליטר,false,1,10.90,10.9000,true,1,3464
7290001873458,false,סטייקבורגר בלאק אנגוס 320 גרם,טיבון ויל אחזקות בעמ,IL,סטייק בורגר בלאק אנגוס 320גר,גרמים,320.00,100 גרם,false,6,27.90,8.7187,true,1,32218
7290001873472,false,"קבב בלאק אנגוס 320 גרם,",טיבון ויל אחזקות בעמ,IL,קבב בלאק אנגוס 320גר,גרמים,320.00,100 גרם,false,6,27.90,8.7187,true,1,32219
7290001873489,false,קרפצ'יו בלאק אנגוס 120 ג,טיבון ויל אחזקות בעמ,IL,קרפצו בלאק אנגוס 120גר,גרמים,120.00,100 גרם,false,15,21.90,18.2500,true,1,32220
7290001873670,false,נתחי פילה סלמון ללא,דלידג,CN,נתחי פילה סלמון ללא עור קפוא,קילוגרמים,1.00,"ק""ג",true,,85.00,85.0000,true,1,34997
7290002007371,false,פירורי לחם הנמל 500 ג',הנמל אריזות ושיווק ב,IL,פירורי לחם 500 גר,גרמים,500.00,100 גרם,false,1,7.50,1.5000,true,1,439
7290002019787,false,רוטב עגבניות מרוכז מאוד 260 גרם פריניר,פריניר ( הדס 1987) ב,IL,רוטב עגבניות 260 ג פלסטי פריניר,גרמים,260.00,100 גרם,false,1,3.80,1.4615,true,1,122
7290002019794,false,רוטב עגבניות מרוכז מאוד 100 גרם פריניר,פריניר ( הדס 1987) ב,IL,רוטב עגבניות 100 ג פלסטיק פריניר,גרמים,100.00,100 גרם,false,1,1.90,1.9000,true,1,121
7290002022923,false,סוכריות על מקל בטעם תות כרמית 50 יחידות,כרמית תעשיות ממתקים,TR,לקקן כרמית תות 50 יח שקית,יחידה,50.00,יחידה,false,1,19.90,0.3980,true,1,3799
7290002037040,false,חלה קלה פרוסה 500 גרם,מאפית י את א ברמן בע,IL,חלה פלוס ודש 500 גרם,גרמים,500.00,100 גרם,false,1,15.90,3.1800,true,1,1086
7290002037163,false,**לחם אחיד פרוס וודש 750 גרם,מאפית י.את א. ברמן ב,IL,לחם אחיד פרוס 750 גרם***,גרמים,750.00,100 גרם,false,1,7.91,1.0547,true,1,1041
7290002043102,false,אקסטרה פריכיות אורז חום מלא 7 זרעי על 200 גרם,נוהלס ג'\י אס סי.,BG,תערובת לחמים,גרמים,200.00,100 גרם,false,8,15.90,7.9500,true,1,37316
7290002043188,false,אקסטרה צ'יפס אורז חום מלא צ'ילי חריף 60 גרם,נוהלס ג'\י אס סי.,BG,ציפס אורז חום צילי חריף 60 גרם,Unknown,0.00,Unknown,false,24,6.90,0.0000,true,1,37329
7290002043218,false,אקסטרה צ'יפס אורז חום מלא מלח 60 גרם,נוהלס ג'\י אס סי.,BG,ציפס אורז חום מלא מלוח 60 גרם,Unknown,0.00,Unknown,false,24,6.90,0.0000,true,1,37328
7290002043225,false,אקסטרה צ'יפס אורז חום מלא פפריקה 60 גרם,נוהלס ג'\י אס סי.,BG,ציפס אורז חום פפריקה 60 גרם,Unknown,0.00,Unknown,false,24,6.90,0.0000,true,1,37330
7290002043317,false,אקסטרה צ'יפס אורז חום מלא צ'ילי חריף 25 גרם,,BG,ציפס אורז חום צילי חריף 24 גרם,Unknown,0.00,Unknown,false,16,3.90,0.0000,true,1,37325
7290002043331,false,אקסטרה צ'יפס אורז חום מלא כוסמת 60 גרם,,BG,ציפס אורז חום כוסמת 60 גרם,Unknown,0.00,Unknown,false,24,7.90,0.0000,true,1,37331
7290002043782,false,אקסטרה צ'יפס אורז חום מלא טקסס ברביקיו 60 גרם,נוהלס ג'\י אס סי.,BG,ציפס אורז חום טקסס ברביקיו 60 גרם,Unknown,0.00,Unknown,false,24,6.90,0.0000,true,1,37327
7290002057147,false,זיתים שחור גדול A2 יבנה 560ג',קבוצת יבנה,IL,זית מושחר גדול א/2 יבנה,גרמים,540.00,100 גרם,false,1,9.90,1.8333,true,1,4269
7290002057437,false,פלפל שיפקונית קבוצת יבנה 225 גרם,קבוצת יבנה,IL,שיפקונת 560 גרם קבוצת יבנה,גרמים,560.00,100 גרם,false,12,9.90,1.7679,true,1,35710
7290002096009,false,עוגיות דובשנית חפץ 4,חפץ,,עוגיות דובשנית חפץ 450 גר,גרמים,450.00,100 גרם,false,1,10.90,2.4222,true,1,1160
7290002107071,false,גבינת פטה עיזים מעודנת 16% משק צוריאל 200 גרם,מחלבת משק צוריאל,IL,גבינה בולגרית עיזים מעודנת 16% 200ג צורי,גרמים,200.00,100 גרם,false,12,26.90,13.4500,true,1,4100
7290002107491,false,גבינה לבנה מחלב עיזים למריחה 5% משק צוריאל 250 גרם,מחלבת משק צוריאל,IL,גבינה עיזים 5% למריחה בטעמים 250 ג,גרמים,250.00,100 גרם,false,1,16.90,6.7600,true,1,1280
7290002128083,false,נרות חנוכה רגיל 44יח-מנורה,מנורה,IL,נרות חנוכה 44 יח רגיל מנורה,יחידה,44.00,יחידה,false,50,3.90,0.0886,true,1,45636
7290002128403,false,נרות שולחן אורה 4 יחידות,קריות זול,IL,נרות שבת מס 4,יחידה,4.00,יחידה,false,1,3.90,0.9750,true,1,50353
7290002128434,false,נרות שבת אורה 10 יחידות,קריות זול,IL,נרות שבת מס 10,יחידה,10.00,יחידה,false,50,3.90,0.3900,true,1,50352
7290002129851,false,צוואר טרי מוכשר צרפת לקג,,FR,צואר בקר טרי יבוא צרפת,קילוגרמים,1.00,"ק""ג",true,,69.90,69.9000,true,1,25548
7290002130567,false,דבש דבורים טהור פרחי בר יד מרדכי 350 גרם,מכוורת יד מרדכי שטראוס ב,IL,דבש טהור יד מרדכי 350 ג צנצנת,גרמים,350.00,100 גרם,false,1,21.90,6.2571,true,1,1151
7290002133094,false,גבינת ברינזה צאן במש,"מחלבת השומרון בע""מ",IL,גבינת ברינזה צאן במשקל,קילוגרמים,1.00,"ק""ג",true,,65.00,65.0000,true,1,2157
7290002133162,false,גבינה בולגרית 5% גבינות השומרון 250 גרם,מחלבת השומרון,IL,גבינה בולגרית 5% של פעם 250 גר,גרמים,250.00,100 גרם,false,1,17.90,7.1600,true,1,7224
7290002133193,false,בולגרית שומרון מעדני,מחלבת השומרון בעמ,IL,בולגרית קלאסית 5% שומרון במשקל,קילוגרמים,1.00,"ק""ג",true,,55.00,55.0000,true,1,2174
7290002133247,false,לאבנה עם שמן זית וזעתר 5% גבינות השומרון 250 גרם,מחלבת השומרון,IL,לבנה שמן וזעתר 250 גרם,גרמים,250.00,100 גרם,false,1,11.90,4.7600,true,1,2178
7290002133889,false,גבינה בולגרית מעודנת 5% 250 גרם,מחלבת השומרון,IL,גבינה בולגרית 5% מעודנת 250 גר,גרמים,250.00,100 גרם,false,1,17.90,7.1600,true,1,7223
7290002157960,false,רביעיית טונה במים ויליגר 140 גרם,ויליגר,IL,מארז 4 טונה במים ויליגר 140 ג,גרמים,560.00,100 גרם,false,1,20.90,3.7321,true,1,30435
7290002204213,false,דובדבנים אדומים יחיד,בראשית-אגודה חקלאית,IL,דובדבן אדום קופסא גדולה יח,Unknown,0.00,Unknown,false,1,16.90,0.0000,true,1,6855
7290002277842,false,טונה בניטו דל נורטה,ויזקיה,,טונה בניטו דל נוטרה 220 גרם,גרמים,220.00,100 גרם,false,1,19.90,9.0455,true,1,21661
7290002281351,false,אטריות ביצים חיטה מל,ויליגר,,אטריות ביצים חיטה מלאה 250 ג ויליגר,גרמים,250.00,100 גרם,false,1,4.90,1.9600,true,1,35835
7290002281498,false,גבינה צהובה מגורדת על בסיס חלב 500 ג' ריץ,האי נאם סי או אל.טי.,PL,צהובה מגורדת ריץ 500גר על בסיס חלב,גרמים,500.00,100 גרם,false,1,22.90,4.5800,true,1,26796
7290002304210,false,קונפיטורה ביתית משמש לייט 600 גר,ענבי ציון,IL,קונפיטורה לייט משמש 600 גר ענבי ציון,גרמים,600.00,100 גרם,false,1,25.90,4.3167,true,1,6499
7290002304227,false,קונפיטורה ביתית דובדבן חמוציות לייט 600,ענבי ציון,IL,קונפיטורה לייט דובדבן חמוץ600גר ענ.ציון,גרמים,600.00,100 גרם,false,1,25.90,4.3167,true,1,5375
7290002331018,false,"נביעות מים עם פקק ספורט 500מ""ל",נביעות טבע הגליל בעמ,IL,מים מינרלים נביעות 500 פקדון,מיליליטרים,500.00,"100 מ""ל",false,1,6.00,1.2000,true,1,1896
7290002331025,true,מים מינרלים נביעות ט,,,מים מינרלים נביעות ט,Each,0.00,Each,false,,6.00,0.0000,true,1,33608
7290002345121,false,אסאדו דקדק אל גאוצ'ו 250 גרם,"טיבון ויל אחזקות בע""\מ",IL,פרוסות אסאדו דק דק 250 גר אל גאוצו,גרמים,250.00,100 גרם,false,1,18.90,7.5600,true,1,37837
7290002353225,false,חרדל מאילי דיזון עם,מיילי,FR,חרדל מאילי דיזון עם דבש 210 גרם,גרמים,210.00,100 גרם,false,1,14.90,7.0952,true,1,16149
7290002353249,false,חרדל דיז'ון מיילי 345 גרם,מיוצר עי קונדיטוריית,FR,דיגונז מאילי 335 גר צנצנת,גרמים,335.00,100 גרם,false,1,23.90,7.1343,true,1,18833
7290002408376,false,גבינה פטה צאן יווני 200 גר,,GR,גבינת פטה צאן יווני 200גר,גרמים,200.00,100 גרם,false,1,16.90,8.4500,true,1,38127
7290002408918,false,גבינת גרוייר ריזרב ב,,,גבינת גרוייר ריזרב במשקל,קילוגרמים,1.00,"ק""ג",true,,199.00,199.0000,true,1,39039
7290002408925,false,גבינת פטה צאן במשקל,,GR,גבינת פטה צאן במשקל יוונית,קילוגרמים,1.00,"ק""ג",true,,89.00,89.0000,true,1,39041
7290002421115,false,כדורי לאבנה בקר 400 גרם,מחלבת גדות,,כדורי לאבנה 200 גרם חלב בקר 18% גב.הגולן,גרמים,200.00,100 גרם,false,1,29.90,14.9500,true,1,8674
7290002421122,false,כדורי לאבנה עיזים 200 גרם,מחלבת גדות,,כדורי לאבנה 200 גרם חלב עז 10% גב.הגולן,גרמים,200.00,100 גרם,false,1,34.90,17.4500,true,1,8670
7290002421160,false,פטה 19% חלב עיזים 160 גרם - גבינות הגולן,מחלבת גדות,,גבינת פטה עיזים 160 גרם 19%שומן גב.הגולן,גרמים,160.00,100 גרם,false,1,20.90,13.0625,true,1,10062
7290002421399,false,גבינת גאודה צילי 200 גרם,מחלבת גדות,,גבינת גאודה צילי 200גרם חלב בקר גב.הגולן,גרמים,200.00,100 גרם,false,1,22.90,11.4500,true,1,8679
7290002421443,false,גבינת צדר 180 גרם חל,מחלבת גדות,,גבינת צדר 180 גרם חלב בקר גב.הגולן,גרמים,180.00,100 גרם,false,1,22.90,12.7222,true,1,8681
7290002421542,false,קשקבל חלב בקר 240גרם,Unknown,,גבינת קשקבל 240 גרם חלב בקר גב.הגולן,גרמים,240.00,100 גרם,false,1,29.90,12.4583,true,1,8682
7290002421559,false,גבינת רוקפור 180 גרם,מחלבת גדות,,גבינת רוקפור 180 גרם חלב בקר גב. הגולן,גרמים,180.00,100 גרם,false,1,29.90,16.6111,true,1,8677
7290002421603,false,גבינת מוצרלה גוש 28%,יושלם,,גבינת מוצרלה 240 גרם חלב בקר גב. הגולן,גרמים,240.00,100 גרם,false,1,27.90,11.6250,true,1,10067
7290002421610,false,גבינת פרמזן 200 גרם,מחלבת גדות,,גבינת פרמזן 200 גרם חלב בקר גב. הגולן,גרמים,200.00,100 גרם,false,1,27.90,13.9500,true,1,10066
7290002421658,false,"גבינת צ""דר עיזים 180",מחלבת גדות,,גבינת צדר עיזים 180 גרם גב. הגולן,גרמים,180.00,100 גרם,false,1,24.90,13.8333,true,1,10064
7290002439721,false,צלי כתף טרי אנגוס,,,צלי כתף טרי יבוא,קילוגרמים,1.00,"ק""ג",true,,89.90,89.9000,true,1,25342
7290002439820,false,צלעות טרי מוכשר פולין קג,,PL,צלעות בקר טרי יבוא פולין,קילוגרמים,1.00,"ק""ג",true,,79.90,79.9000,true,1,14978
7290002448839,false,פרמיו סלמון ופורל לח,,,פרמיו סלמון ופורל לחתול 400 גר,Unknown,0.00,Unknown,false,1,5.90,0.0000,true,1,49343
7290002507024,false,אסאדו שורט ריבס בלאק אנג,,IL,אסאדו שורט ריבס טרי ארצב,קילוגרמים,1.00,"ק""ג",true,,69.90,69.9000,true,1,17386
7290002507475,false,"אוסובוקו ע""ע טריצרפת מוכ",שונות,IL,שריר הזרוע אוסובוקו טרי מוכשר צרפת,קילוגרמים,1.00,"ק""ג",true,,69.90,69.9000,true,1,26233
7290002507482,false,"אסאדו ע""ע טרי מוכשר צרפת",שונות,IL,אסאדו טרי עם עצם יבוא צרפתי,קילוגרמים,1.00,"ק""ג",true,,69.90,69.9000,true,1,26235
7290002515371,false,"קמיל בלו אל סבון לתינוקות ד""ר פישר 1 ליטר",פישר מעבדות פרמצבטיות בע,IL,אלסבון קמיל בלו קלאסיק 1 ל,ליטרים,1.00,ליטר,false,1,21.90,21.9000,true,1,200
7290002517276,false,פלפל אנגלי שלם 25 גר' טעם וריח,תות ממתקי איכות,IL,פלפל אנגלי שלם 25 גר מיכל קטן,Unknown,0.00,Unknown,false,1,6.90,0.0000,true,1,5052
7290002542780,false,"שישייה בירה סטלה ארטואה בקבוק 330X6 מ""ל","אינבב, ברוורייפליין",BE,מארז 6יח בירה סטלה ארטואה 330מל בק.פקדון,מיליליטרים,1980.00,"100 מ""ל",false,1,34.90,1.7626,true,1,38546
7290002542827,false,בירה לף בלונד 750 מל,,,בירה לף בלונד 750מל,מיליליטרים,750.00,"100 מ""ל",false,1,22.90,3.0533,true,1,49469
7290002542834,false,לף בראון בקבוק 750 מ,,,בירה לף בראון 750מל,מיליליטרים,750.00,"100 מ""ל",false,1,22.90,3.0533,true,1,49470
7290002542841,false,"שישייה בירה לף בלונד בקבוק 330X6 מ""ל","אינבב, ברוורייפליין",BE,מארז 6יח בירה לף בלונד 330מל בק.פקדון,מיליליטרים,1980.00,"100 מ""ל",false,1,47.90,2.4192,true,1,38550
7290002542865,false,"שישייה בירה הוגרדן בקבוק 330X6 מ""ל","אינבב, ברוורייפליין",BE,מארז 6יח בירה הוגרדן 330מל בק.פקדון,מיליליטרים,1980.00,"100 מ""ל",false,1,47.90,2.4192,true,1,38552
7290002543046,false,קלוגס פרוסטיס דגנים וסוכר 750ג',קלוג מנייופרטורינג א,ES,דגני קלוגס פרוסטיס 750 גרם,גרמים,750.00,100 גרם,false,1,21.90,2.9200,true,1,1842
7290002603634,false,"פיצה משולש תפזורת בד""צ 80ג'",שלושת האופים,IL,פיצה אישית משולש 80גר תפזורת,Unknown,0.00,Unknown,false,72,2.90,0.0000,true,1,46954
7290002608127,false,בייגל רומני פילסברי,פילסברי,,בייגל רומני,Unknown,0.00,Unknown,false,1,5.90,0.0000,true,1,17697
7290002612087,false,סטייק אנטריקוט טרי א,,,סטייק עין אנגוס טרי ארגנטיני,קילוגרמים,1.00,"ק""ג",true,,179.90,179.9000,true,1,27331
7290002622314,false,דבש פרחי אבוקדו 1 קג,קיבוץ ארז,IL,דבש פרחי אבוקדו קיבוץ ארז 1 קג,קילוגרמים,1.00,"ק""ג",false,15,49.90,49.9000,true,1,35133
7290002627098,false,פיצה ביס שלושת האופים 350 גרם,שגמור ייצור ושווק מוצרי,IL,פיצה ביס 350גר שלושת האופים,גרמים,350.00,100 גרם,false,12,16.90,4.8286,true,1,41149
7290002627616,false,פילה אמנון 7-9 קפואדלידג,מאומינג שינזו סאיפוד,CN,פילה דג אמנון 7-9 קפוא,קילוגרמים,1.00,"ק""ג",true,,28.00,28.0000,true,1,35833
7290002627623,false,מעדניה - פילה אמנון,דלידג,,פילה דג אמנון 9-11 קפוא,קילוגרמים,1.00,"ק""ג",true,,28.00,28.0000,true,1,36374
7290002692393,false,שמן קנולה מזוכך מועשר עץ הזית 1 ליטר,שמן תעשיות בעמ,EE,שמן קנולה מועשר בויטמין עץהזית 1 לי,ליטרים,1.00,ליטר,false,1,15.90,15.9000,true,1,4447
7290002692478,false,"שמן זית כתית מעולה קלאסי מעודן 750 מ""ל עץ הזית","מרקאולאו, ספרד.אבסה,",IT,שמן זית מעודן עץ הזית 750 מל,מיליליטרים,750.00,"100 מ""ל",false,1,34.90,4.6533,true,1,4461
7290002692768,false,"תרסיס שמן קנולה מזוכך ללא תוספת גז עץ הזית 200 מ""ל",טרנסומס פוד איי בי,IT,תרסיס שמן קנולה 200 מל עץ הזית,מיליליטרים,200.00,"100 מ""ל",false,1,15.90,7.9500,true,1,6580
7290002692775,false,"תרסיס שמן קנולה בטעם חמאה עץ הזית 200 מ""ל",קומפניה,IT,תרסיס שמן טעם חמאה200 מל מופחת קלוריות,מיליליטרים,200.00,"100 מ""ל",false,1,15.90,7.9500,true,1,26929
7290002692782,false,"תרסיס שמן זית כתית מעולה ללא תוספת גז עץ הזית 150 מ""ל",י.ב טכנולוגיות אריזה,IT,תרסיס שמן זית 200 מל עץ הזית,מיליליטרים,150.00,"100 מ""ל",false,1,15.90,10.6000,true,1,6581
7290002750444,false,סופגניה ריקה פילסברי 95 גרם,פילסברי,,סופגניה גדולה,Unknown,0.00,Unknown,false,1,4.50,0.0000,true,1,17462
7290002750710,false,סופגניה מיני א.ק עם ריבה,פילסברי,,סופגניה מיני עם ריבה,Unknown,0.00,Unknown,false,1,3.00,0.0000,true,1,17464
7290002750963,false,באגט רוסטיק פילסברי,פילסברי,,בגט רוסטיק,Unknown,0.00,Unknown,false,1,9.90,0.0000,true,1,17308
7290002750987,false,חלה פילסברי קלועה מתוקה 550ג',פילסברי,,חלה קלועה מתוקה,Unknown,0.00,Unknown,false,1,15.90,0.0000,true,1,17322
7290002752349,false,סוכריות מנטוס מנטה 40יח' בגליל 38ג',פרפטי ואן מלה,NL,סוכריות מנטוס מנטה בגליל,Unknown,0.00,Unknown,false,1,3.50,0.0000,true,1,2197
7290002753995,false,סוכריות עדשים לקישוט עוגה וורנר 6*25 גרם,היינץ צפון אמריקה מק,DE,קישוטי עוגה שוקולד 150 גר,גרמים,150.00,100 גרם,false,1,18.20,12.1333,true,1,184
7290002787495,false,פילה סלמון וי קפוא,דלידג,,פילה סלמון וי קפוא,קילוגרמים,1.00,"ק""ג",true,,79.00,79.0000,true,1,34819
7290002787501,false,"פילה סלמון קפוא בד""צ עד""ח",סלאריס אי אס אבלורוגן,NO,פילה סלמון נורבגי במשקל,קילוגרמים,1.00,"ק""ג",true,,79.00,79.0000,true,1,21930
7290002793311,false,שירות והחלפה מילוי גז 60 סודהסטרים,סודה סטרים,IL,שרות החלפה גז 60 מילוי סודה סטרים,Unknown,0.00,Unknown,false,1,62.90,0.0000,true,1,12185
7290002814290,false,קצף מרוכז blanco בניחוח לימון משמיד 99.9% חיידקים סנט מוריץ 1 ליטר,קומפלקס כימיקלים בעמ,IL,קצף משמיד חיידקים מרוכז 1ל ניחוח לימון,ליטרים,1.00,ליטר,false,1,10.90,10.9000,true,1,37899
7290002837558,false,גבינת טריקולור בסירו,,NL,גבינת טריקולור בסירון במשקל,קילוגרמים,1.00,"ק""ג",true,,149.00,149.0000,true,1,47212
7290002842699,false,יולה מיץ שזיפים יבשים 946 מל,קליפסטאר קונפוריישן,US,מיץ שזיפים יולה 946מל ללא סוכר,מיליליטרים,946.00,"100 מ""ל",false,1,20.90,2.2093,true,1,35635
7290002866985,false,פילה בורי טרי ארוז ב,,,פילה בורי טרי ארוז במגשית,קילוגרמים,1.00,"ק""ג",true,,114.90,114.9000,true,1,14956
7290002879145,false,פלרמו פלפל חלפנו פרו,,,פלפל חלפיניו פרוס480 מל צנצנת,גרמים,480.00,100 גרם,false,12,16.90,3.5208,true,1,38151
7290002879206,false,ממרח פלפל חלפינו חרי,,TR,ממרח פלפל חלפינו חריף פלרמו 500 גרם לחי,גרמים,500.00,100 גרם,false,8,16.90,3.3800,true,1,40437
7290002881803,false,שמן קנולה מזוכך 1 ליטר,,BE,שמן קנולה תומר 1 ליטר,ליטרים,1.00,ליטר,false,1,11.90,11.9000,true,1,50165
7290002920311,false,גבינת קממבר צאן במשק,מחלבות גד,IL,גבינת קממבר צאן במשקל גד משולשים,קילוגרמים,1.00,"ק""ג",true,,139.00,139.0000,true,1,2131
7290003011087,false,"אורז בסמטי הודי מובחר שקדיה 1 ק""ג",אלסקה/ טילדה,IN,אורז בסמטי אלפנט 1 קג,קילוגרמים,1.00,"ק""ג",false,24,10.90,10.9000,true,1,50781
7290003026036,false,"ד""ר פישר - קמיל בלו סנסיטיב אל סבון עדין לתינוק 1 ליטר",פישר מעבדות פרמצבטיות בע,IL,אלסבון קמיל בלו סנסטיב 1 ל ורוד,ליטרים,1.00,ליטר,false,1,24.90,24.9000,true,1,199
7290003054176,false,מסטמכר לחם שיפון עם מסלי 500ג,מרום את קונפינו,DE,לחם שיפון עם מיסלי 500 גרם,גרמים,500.00,100 גרם,false,1,11.90,2.3800,true,1,880
7290003054190,false,מסטמכר לחם שיפון עם שלושה דגנים 500ג,מרום את קונפינו,DE,לחם שיפון עם שלושה דגנים 500 גר,גרמים,500.00,100 גרם,false,1,11.90,2.3800,true,1,882
7290003054206,false,מסטמכר לחם שיפון עם זרעי חמניות 500ג,מרום את קונפינו,DE,לחם שיפון עם זרעי חמניות 500 גרם,גרמים,500.00,100 גרם,false,1,11.90,2.3800,true,1,883
7290003069156,false,פילה סלמון וי קפוא,דלידג,,פילה סלמון וי קפוא,קילוגרמים,1.00,"ק""ג",true,,79.00,79.0000,true,1,23577
7290003069590,false,"פילה פוטית עם עור קפוא דלידג 1 ק""ג",דאליאן גואופו אקאטיק,CN,פילה סול ארוז קפוא 1 קג,קילוגרמים,1.00,"ק""ג",false,1,39.00,39.0000,true,1,8230
7290003069705,false,"פיצה אישית גבינה דק 80 ג' תפזורת בד""צ",שלושת האופים,IL,פיצה אישית עגולה 80גר תפזורת,Unknown,0.00,Unknown,false,72,2.90,0.0000,true,1,46953
7290003144174,false,סט מטקות הוט פופ,אוך אייק גואן פוד אי,,סט מטקות הוט פופ,Unknown,0.00,Unknown,false,1,20.00,0.0000,true,1,40240
7290003212033,false,עוגת קראנץ בטעמים 50,,,עוגת קראנץ בטעמים 500 ג אנטיקוביץ,גרמים,600.00,100 גרם,false,1,16.90,2.8167,true,1,48607
7290003212255,false,עוגיות אוזני המן 350,,,עוגיות אוזני המן 350 גר,גרמים,350.00,100 גרם,false,1,13.90,3.9714,true,1,37946
7290003212828,false,עוגה ללא סוכר אנטיקו,,,עוגה ללא סוכר אנטיקוביץ בטעמים 350 גר,גרמים,350.00,100 גרם,false,1,19.90,5.6857,true,1,7426
7290003215751,false,ביצים אורגניות 12יח,,,ביצים אורגניות 12יח לארג גדול,יחידה,12.00,יחידה,false,1,22.90,1.9083,true,1,47082
7290003220458,false,מעדני המלך- פתי בר וניל 500 גרם,מגדנית הדר,IL,ביסקויט פתי בר מעדני המך 500 גרם,גרמים,500.00,100 גרם,false,12,8.90,1.7800,true,1,45650
7290003220465,false,פתי בר שוקו' מעדני המלך 500 גר',מגדנית הדר,IL,ביסקויט פתי שוקו בר מעדני המך 500 גרם,גרמים,500.00,100 גרם,false,12,8.90,1.7800,true,1,45651
7290003220588,false,"רוטה צ'ילי מתוק ללא סוכר 700 מ""ל WOK",תאי פרידה אינדסטרי ב,TH,רוטב צילי מתוק וואק ללא סוכר 700 מל,מיליליטרים,700.00,"100 מ""ל",false,1,14.90,2.1286,true,1,12548
7290003220595,false,"ווק אורז לסושי 1 ק""ג WOK","מיה תעשיות מזון בע""מ",IL,אורז לסושי ווק 1 קג,קילוגרמים,1.00,"ק""ג",false,12,11.90,11.9000,true,1,21178
7290003220649,false,שמן שומשום 100% טהור150מ,הו צ'קינג הינג אוי פ,SG,שמן שומשום 100% ווק 150 מל,מיליליטרים,150.00,"100 מ""ל",false,12,13.90,9.2667,true,1,40929
7290003220946,false,דפי אורז ווק עגול400,אסיאן סופירה פודס חב,TH,דפי אורז ווק 300 גר,גרמים,400.00,100 גרם,false,1,12.50,3.1250,true,1,12761
7290003220977,false,עוגיות חצי ירח מצופה 175 נאפה מעדני מלך,מגדנית הדר,IL,ביסקויט חצי ירח מצופה מעדני המלך 175 ג,גרמים,175.00,100 גרם,false,16,6.90,3.9429,true,1,39181
7290003224258,false,"כיסונים במילוי בשר בקר 1.5 ק""ג",מאמא מרי,IL,קרפלך כיסוני בשר בקר 1.5קג,גרמים,1500.00,100 גרם,false,1,49.90,3.3267,true,1,36372
7290003224265,false,קרפלך כיסונים במילוי,מאמא מרי,IL,קרפלך כיסוני בשר בקר 800גר,גרמים,800.00,100 גרם,false,1,28.90,3.6125,true,1,36371
7290003224272,false,"כיסונים בשר מוסקובסקי מאמא מרי 1 ק""ג",מאמא מרי,IL,כיסוני בשר מוסקובסקי 1 קג מאמא מרי,קילוגרמים,1.00,"ק""ג",false,1,31.90,31.9000,true,1,4801
7290003249626,false,ברווז שלם קפוא,,,ברווז שלם קפוא,קילוגרמים,1.00,"ק""ג",true,,47.00,47.0000,true,1,38880
7290003400500,false,חטיף הרשי ריזס נאטרייגיס 47 גרם,ליימן מותגים,US,חטיף קרמל ובוטנים מצופה47גר הרשי,Unknown,0.00,Unknown,false,1,4.90,0.0000,true,1,11401
7290003402809,false,חטיף הרשי ריזס שוקולד לבן 39 גר,ליימן מותגים,US,חטיף שוקולד הרשי ריסז לבן42גר,Unknown,0.00,Unknown,false,1,4.00,0.0000,true,1,27430
7290003414406,false,הרשי ריזס נטיפי אפייה בוטנים 283 גר',ליימן מותגים,US,נטיפי ריזס הרשי לאפיה 283 גר,גרמים,283.00,100 גרם,false,1,15.00,5.3004,true,1,13709
7290003423909,false,חטיף קוקיס אנד קרים לבן 43 גרם,ליימן מותגים,US,חטיף שוקולד לבן עם עוגיות43גר הרשי,Unknown,0.00,Unknown,false,1,5.00,0.0000,true,1,6827
7290003432004,false,חטיף שוקולד אלמונד ג,הרשיז,US,חטיף שוקולד אלמונד גוי 45 גרם הרשי,Unknown,0.00,Unknown,false,36,5.00,0.0000,true,1,45110
7290003438006,false,ממרח אולביה פסטו וצנובר איטלקי 190ג',מיוצר עי קונדיטוריית,IL,ממרח פסטו איטלקי 180 ג אוליביה,גרמים,180.00,100 גרם,false,1,13.90,7.7222,true,1,840
7290003438013,false,ממרח זיתים ירוקים אוליביה 190 גרם,קריות זול,IL,ממרח זיתים ירוקים 190 גר אוליביה,גרמים,190.00,100 גרם,false,1,13.90,7.3158,true,1,833
7290003438020,false,ממרח עגבניות מיובשות אוליביה 190 גרם,מיוצר עי קונדיטוריית,IL,ממרח עגבניות עם אגוזים 190 ג אוליביה,גרמים,190.00,100 גרם,false,1,13.90,7.3158,true,1,837
7290003438709,false,ממרח אולביה זיתים שחורים וירוקים 190 ג',גוד פוד פרודקטס S.p,IL,ממרח זיתים שחורים 190 ג אוליביה,גרמים,190.00,100 גרם,false,1,13.90,7.3158,true,1,834
7290003438853,false,אוליביה ממרח אריסה חריפה 185 גר ',אוליביה,IL,ממרח אריסה אוליביה 180 גר,גרמים,180.00,100 גרם,false,1,13.90,7.7222,true,1,13704
7290003438990,false,עיטורי עגבניות מיובשות וזיתים אוליביה 280 ג',אוליביה גורמה בעמ,IL,עיטורי עגבניות אוליביה 220 ג,גרמים,220.00,100 גרם,false,1,17.90,8.1364,true,1,551
7290003444009,false,הרשי ריזס חטיף במילוי בוטנים 42 גרם,ליימן מותגים,US,חטיף שוקולד הרשי ריסז רגיל42גר,Unknown,0.00,Unknown,false,1,4.00,0.0000,true,1,11397
7290003450725,false,חומץ היינץ בן יין אד,ה.י.היינץ קומפני ל.פ,US,חומץ היינץ בן יין 355 מל,מיליליטרים,355.00,"100 מ""ל",false,1,12.90,3.6338,true,1,1056
7290003521074,false,"ד""ר פישר - סרקל מרכך שיער לילדים 1 ליטר",פישר מעבדות פרמצבטיות בע,IL,מרכך סרקל 1 ל,ליטרים,1.00,ליטר,false,1,28.90,28.9000,true,1,4152
7290003521081,false,"סרקל שמפו אל דמע לילדים ד""ר פישר 1 ליטר",פישר מעבדות פרמצבטיות בע,IL,שמפו סרקל 1 ל,ליטרים,1.00,ליטר,false,1,28.90,28.9000,true,1,530
7290003521197,false,"ד""ר פישר - סרקל תרסיס מתיר קשרים 340 מ""ל",פישר מעבדות פרמצבטיות בע,IL,מתיר קשרים סרקל 340 מל,מיליליטרים,340.00,"100 מ""ל",false,1,27.90,8.2059,true,1,4215
7290003521760,false,"אפטרסול ג'ל אלוורה שפורפרת ד""ר פישר 200 מ""ל",פישר מעבדות פרמצבטיות בע,IL,גל אלוורה אפטרסול 200 מל שפופרת,מיליליטרים,200.00,"100 מ""ל",false,1,22.90,11.4500,true,1,6008
7290003524297,false,אספרגוס לבן שלם בצנצנת ויליגר 330 גרם,צ'אמפהאוס טרידייג קו,CN,אספרגוס לבן שלם 370 גרם,גרמים,330.00,100 גרם,false,1,11.90,3.6061,true,1,1353
7290003527380,false,דובדבן ללא חרצן בצנצנת ויליגר 680 גרם,גולדסטארקפט,,לפתן דובדבן ללא חרצן 680 גר ויליגר,גרמים,680.00,100 גרם,false,1,10.90,1.6029,true,1,4513
7290003643646,false,"סוכר דמררה קלאסי בצנצנת סוגת 1 ק""ג",האי נאם סי או אל.טי.,IL,סוכר חום דמררה צנצנת 1 קג סוגת,קילוגרמים,1.00,"ק""ג",false,1,12.90,12.9000,true,1,610
7290003643813,false,שעועית אדומה יבשה סוגת 500 גר',האי נאם סי או אל.טי.,IL,שעועית אדומה 500 ג סוגת,גרמים,500.00,100 גרם,false,1,12.90,2.5800,true,1,1914
7290003706181,false,דלעת חתוכה ארוזה,חקלאי,IL,דלעת חתוכה,קילוגרמים,1.00,"ק""ג",true,,11.90,11.9000,true,1,10804
7290003706266,false,בזיליקום ארוז,ביכורי שדה דרום 2002,IL,בזיליקום ארוז,Unknown,0.00,Unknown,false,1,4.00,0.0000,true,1,4433
7290003713943,false,טרס פסוס מחית צפטולה,"דוידוב סלמון בע""מ",IL,מחית ציפוטלה 200 גרם,גרמים,200.00,100 גרם,false,24,23.90,11.9500,true,1,24560
7290003726141,false,טופו אמיתי כפרי בריא 300 גרם,ג'נרל מילס סאן אדריא,IL,טופו משק גאיה 300 גרם,גרמים,300.00,100 גרם,false,1,14.90,4.9667,true,1,2828
7290003726745,false,קציצות טופו עם סלק משק ויילר 400 גר,משק ויילר,IL,קציצות טופו עם סלק 400גר משק ויילר,גרמים,400.00,100 גרם,false,1,25.90,6.4750,true,1,50448
7290003726752,false,קציצות טופו עם ברוקולי קישוא ואפונת גינה 400 גרם - משק ויילר,משק ויילר,IL,קציצות טופו ברוקולי קישוא אפונה 400גר,גרמים,400.00,100 גרם,false,1,25.90,6.4750,true,1,50447
7290003726776,false,שניצל טופו טעם עוף 420 גר,"פרה מזון בע""\מ",IL,שניצל טופו בטעם עוף 420גר משק ויילר,גרמים,420.00,100 גרם,false,1,27.90,6.6429,true,1,50449
7290003726783,false,שניצל טופו עם תירס 420 גר,"פרה מזון בע""\מ",IL,שניצל טופו עם תירס 420גר משק ויילר,גרמים,420.00,100 גרם,false,1,27.90,6.6429,true,1,50452
7290003726806,false,שניצל טופו עם ברוקולי 420 גר,משק ויילר,IL,שניצל טופו וברוקולי 420גר משק ויילר,גרמים,420.00,100 גרם,false,1,27.90,6.6429,true,1,50451
7290003726868,false,טופו חומוס בתוספת עגבניות מיובשות 300 ג' משק ויילר,"משק ויילר בע""\מ",IL,טופו חומוס עם עגבניות מיובשות300גר ויילר,גרמים,300.00,100 גרם,false,5,14.90,4.9667,true,1,47194
7290003726875,false,טופו חומוס בתוספת פסטו 300 ג' משק ויילר,"משק ויילר בע""\מ",IL,טופו חומוס עם פסטו 300גר משק ויילר,גרמים,300.00,100 גרם,false,5,14.90,4.9667,true,1,47195
7290003864478,false,סרדינים בשמן צמחי פתח קל ויליפוד 110 גרם,גולדן פרייז קאנינג א,TH,סרדין בשמן צמחי 110 גרם,גרמים,110.00,100 גרם,false,1,5.90,5.3636,true,1,526
7290004011826,false,מיני המבורגר ריב אנטריקוט,טיבון ויל אחזקות בעמ,IL,מיני המבורגר ריב אנטריקוט 320 גר,גרמים,320.00,100 גרם,false,1,22.90,7.1562,true,1,9180
7290004033705,false,הבורגריה – 6 לחמניות המבורגר בשקית,מאפית י את א ברמן בע,IL,לחמניות המבורגר ביג לוקס 6יח בשקית ברמן,יחידה,6.00,יחידה,false,1,13.90,2.3167,true,1,39958
7290004033712,false,לחם עננים מקמח מלא עם פרוסות עבות,מאפית י את א ברמן בע,IL,לחם עננים קמח מלא 750גר ברמן,גרמים,750.00,100 גרם,false,1,15.90,2.1200,true,1,39956
7290004033729,false,לחם עננים מקמח כוסמין עם פרוסות עבות,מאפית י את א ברמן בע,IL,לחם עננים קמח כוסמין 600גר ברמן,גרמים,600.00,100 גרם,false,1,15.90,2.6500,true,1,39957
7290004033736,false,"עננים לחם לבן בסגנון בריוש עם פרוסות עבות, 500 גרם",מאפית י את א ברמן בע,IL,לחם עננים בסגנון בריוש 500גר ברמן,גרמים,500.00,100 גרם,false,1,15.90,3.1800,true,1,47216
7290004033750,false,לחמניות עננים סגנון בריוש,מאפית י את א ברמן בע,IL,מארז לחמניות עננים בסגנון בריוש 360גר,גרמים,360.00,100 גרם,false,1,13.90,3.8611,true,1,50887
7290004064082,false,מטחנה מלח ים טבעי 250 גרם מלח הארץ,חברת מלח הארץ אילת ב,IL,מלח ים טבעי במטחנה 250 גרם,גרמים,250.00,100 גרם,false,1,14.90,5.9600,true,1,16560
7290004064099,false,מטחנה מלח ים מהרי ההימלאיה מלח הארץ 100 גרם,"חברת מלח הארץ אילת בע""\מ",IL,מטחנת מלח הימלאי 250 גרם,גרמים,250.00,100 גרם,false,1,16.90,6.7600,true,1,16380
7290004064105,false,מטחנה מלח עשבי תיבול מלח הארץ 100 גרם,חברת מלח הארץ אילת ב,IL,מטחנת מלח ים עשבי תיבול250 גרם,גרמים,250.00,100 גרם,false,1,16.90,6.7600,true,1,16381
7290004064174,false,"תבלין מלח ההימלאיה דק בצנצנת 1 ק""ג","חברת מלח הארץ אילת בע""\מ",PK,מלח הימלאיה דק 1 קג מלח הארץ,קילוגרמים,1.00,"ק""ג",false,1,18.90,18.9000,true,1,19966
7290004064181,false,"תבלין מלח ההימלאיה גס בצנצנת 1 ק""ג","חברת מלח הארץ אילת בע""\מ",PK,מלח הימלאיה גס 1 קג מלח הארץ,קילוגרמים,1.00,"ק""ג",false,1,18.90,18.9000,true,1,19965
7290004064198,false,מטחנת מלח ספייסי- אקסטרא תבלינים 115 ג',"מלח הארץ אילת בע""מ",IL,מטחת מלח ספייסי מלח הארץ 115 גר,גרמים,115.00,100 גרם,false,6,16.90,14.6957,true,1,24059
7290004064372,false,מטחנת מלח הארץ איטלקי אקסטרא תבלינים ספייסי,"חברת מלח הארץ בע""\מ",IL,מטחנת מלח אקסטרא תבלינים איטלקי 105 גרם,גרמים,250.00,100 גרם,false,1,16.90,6.7600,true,1,33634
7290004064389,false,מלח הימלאייה דק מלחייה 250 גרם,"חברת מלח הארץ אילת בע""\מ",IL,מלח הימליה דק מלחייה 250 גרם,גרמים,250.00,100 גרם,false,1,10.90,4.3600,true,1,38783
7290004068585,false,גאודה עיזים משולשים משקל,מחלבת אמלטי הולנד,NL,גבינת גאודה עיזים במשקל גלגל,קילוגרמים,1.00,"ק""ג",true,,139.00,139.0000,true,1,15123
7290004120108,false,יופלה דיאט יוגורט דובדבן %0 גביע 150גרם,תנובה מרכז שיתופי לש,IL,יוגורט יופלה דיאט דובדבן 150 גר,גרמים,150.00,100 גרם,false,1,5.50,3.6667,true,1,1117
7290004120832,false,"חלב 2 ליטר 3% כד ""תנובה""- מוצר בפיקוח",תנובה מרכז שיתופי לש,IL,חלב 3% כד 2 ליטר מהדרין***,ליטרים,2.00,ליטר,false,1,12.46,6.2300,true,1,2078
7290004122607,false,גבינת עמק לייט 9% במשקל,תנובה מרכז שיתופי לש,IL,גבינה עמק לייט 9% במשקל,קילוגרמים,1.00,"ק""ג",true,,82.00,82.0000,true,1,567
7290004125738,false,שמנת מתוקה להקצפה32% 250מל עמיד השף הלבן,תנובה מרכז שיתופי לש,IL,שמנת להקצפה 32% 250 מל,מיליליטרים,250.00,"100 מ""ל",false,1,7.90,3.1600,true,1,231
7290004128401,false,גבינת פטה פיראוס במש,תנובה חלב,IL,גבינת פטה פיראוס במשקל,קילוגרמים,1.00,"ק""ג",true,,125.00,125.0000,true,1,4281
7290004131074,false,"חלב 1 ליטר 3% קרטון ""תנובה""- מוצר בפיקוח",תנובה מרכז שיתופי לש,IL,חלב 3% קרטון 1 ליטר***,ליטרים,1.00,ליטר,false,1,6.23,6.2300,true,1,1074
7290004134198,false,"משקה בננה בקבוק 250 מ""ל",תנובה,IL,משקה חלב בטעם בננה 250מל,מיליליטרים,250.00,"100 מ""ל",false,1,6.50,2.6000,true,1,4481
7290004135614,false,גבינה בולגרית מעודנת 5% פיראוס 250 גרם,תנובה חלב,IL,גב.בולגרית מעודנת 5% פיראוס 250 גר,גרמים,250.00,100 גרם,false,1,18.90,7.5600,true,1,5808
7290004137809,false,פיראוס לאבנה 5% גביע 250 גרם,"תנובה, מחלבת אלון תב",IL,לאבנה 5% 250 גרם,גרמים,250.00,100 גרם,false,1,13.90,5.5600,true,1,6030
7290004150112,false,חומוס מזרחי פיקנטי פרימיום 300 גרם שמיר,"סלטי שמיר 2006 בע""\מ",IL,חומוס מזרחי פיקנטי 300גר פרימיום,גרמים,300.00,100 גרם,false,16,14.90,4.9667,true,1,50021
7290004150129,false,טחינה פיקנטי פרימיום 300 גרם שמיר,"סלטי שמיר 2006 בע""\מ",IL,טחינה 300 גרם פיקנטי פרימיום,גרמים,300.00,100 גרם,false,16,14.90,4.9667,true,1,50033
7290004150143,false,חציל במיונז פיקנטי פרימיום 300 גרם שמיר,"סלטי שמיר 2006 בע""\מ",IL,סלט חציל במיונז 300גרם פיקנטי פרימיום,גרמים,300.00,100 גרם,false,16,14.90,4.9667,true,1,50035
7290004150167,false,תפואדמה במיונז פיקנטי פרימיום 300 גרם,"סלטי שמיר 2006 בע""\מ",IL,סלט תפוא במיונז 300גרם פיקנטי פרימיום,גרמים,300.00,100 גרם,false,16,14.90,4.9667,true,1,50037
7290004150174,false,קולסלאו פיקנטי פרימיום 300 גרם שמיר,"סלטי שמיר 2006 בע""\מ",IL,סלט קולסלאו 300 גרם פיקנטי פרימיום,גרמים,300.00,100 גרם,false,16,14.90,4.9667,true,1,50038
7290004150181,false,חמוצים סיני פיקנטי פרימיום 300 גרם שמיר,"סלטי שמיר 2006 בע""\מ",IL,חמוצים סיני 300 גרם פיקנטי פרימיום,גרמים,300.00,100 גרם,false,16,14.90,4.9667,true,1,50039
7290004150204,false,מטבוחה פיקנטי פרימיום 300 גרם שמיר,"סלטי שמיר 2006 בע""\מ",IL,סלט מטבוחה 300 גרם פיקנטי פרימיום,גרמים,300.00,100 גרם,false,16,14.90,4.9667,true,1,50041
7290004150211,false,תורכי איסטנבול 300 גרם פיקנטי פרימיום,"סלטי שמיר 2006 בע""\מ",IL,סלט תורכי איסטנבול 300גרם פיקנטי פרימיום,גרמים,300.00,100 גרם,false,16,14.90,4.9667,true,1,50042
7290004150228,false,כרוב אדום פיקנטי פרימיום 300 גרם שמיר,"סלטי שמיר 2006 בע""\מ",IL,סלט כרוב אדום 300גרם פיקנטי פרימיום,גרמים,300.00,100 גרם,false,16,14.90,4.9667,true,1,50043
7290004150266,false,סלט קטניות צבעוני 300 גר,"סלטי שמיר 2006 בע""\מ",IL,סלט קטניות צבעוני 300גר פיקנטי פרימיום,גרמים,300.00,100 גרם,false,16,14.90,4.9667,true,1,50022
7290004150280,false,חומוס עם לימון כבוש פיקנטי פרימיום 300 גרם שמיר,"סלטי שמיר 2006 בע""\מ",IL,חומוס עם לימון כבוש 300גר פיקנטי פרימיום,גרמים,300.00,100 גרם,false,16,14.90,4.9667,true,1,50046
7290004165000,false,רסק תפוחי עץ בתוספת סוכר יכין 560גר,זנלכל,IL,רסק תפוחי עץ רגיל 560 גר א/2 יכין,גרמים,560.00,100 גרם,false,1,8.90,1.5893,true,1,126
7290004225025,false,בסגנון פטה במשקל,מאמן,IL,בסגנון פטה במשקל,קילוגרמים,1.00,"ק""ג",true,,35.00,35.0000,true,1,9484
7290004225872,false,קרם קוקוס ויליגר 400 גרם,טקרנג פינאפלה אינדוס,TH,קרם קוקוס 21% ויליגר 400 מל,מיליליטרים,400.00,"100 מ""ל",false,1,7.50,1.8750,true,1,10689
7290004228668,false,קציצות דג מטוגנות 60,,IL,קציצות דג מטוגנות 600גר שף שגב,גרמים,600.00,100 גרם,false,1,31.90,5.3167,true,1,32215
7290004229528,false,פילה דג לשנון הליבוט,דלידג,,פילה דג לשנון הליבוט במשקל,קילוגרמים,1.00,"ק""ג",true,,59.00,59.0000,true,1,35412
7290004232825,false,עוף שלם קפוא אורגני משקל,טיבון ויל,IL,שיפודי פרגית קפוא במשקל,קילוגרמים,1.00,"ק""ג",true,,69.90,69.9000,true,1,48559
7290004255428,false,נר נשמה 24 שעות - מנורה,"מנורה שי נר בע""מ",IL,נר נשמה 24שעות מנורה,יחידה,1.00,יחידה,false,48,2.20,2.2000,true,1,50356
7290004256364,false,עצמות בקר פרוס קפוא,טיבון ויל,IL,עצמות בקר פרוס קפוא במשקל,קילוגרמים,1.00,"ק""ג",true,,22.00,22.0000,true,1,26244
7290004256371,false,ריץ פרוס 400 ג' -צהובה פרוסה,מלקפול אלוורטוסקה,PL,צהובה פרוסה ריץ 400גר על בסיס חלב,גרמים,400.00,100 גרם,false,1,17.90,4.4750,true,1,29708
7290004423353,false,משקה פריגת תפוחים 1.5 ל',מבשלות בירה בינלאומיות ב,IL,משקה פריגת תפוחים 1.5 ל,ליטרים,1.50,ליטר,false,1,9.60,6.4000,true,1,1508
7290004480349,false,"משולש גבינת גאודה עיזים ""גד""",מחלבת אמלטי הולנד,IL,גבינת גאודה עיזים במשקל משולשים,קילוגרמים,1.00,"ק""ג",true,,139.00,139.0000,true,1,48749
7290004480363,false,גבינת קשקבל קשה במשק,מחלבות גד,IL,גבינת קשקבל קשה במשקל גלגל,קילוגרמים,1.00,"ק""ג",true,,155.00,155.0000,true,1,47837
7290004485344,false,פרגית עוף טרי משק אר,,,זוג פרגיות עוף טרי,קילוגרמים,1.00,"ק""ג",true,,71.90,71.9000,true,1,26229
7290004494315,false,יין כנען מוסקטו דלתון 750 מל,"יקב דלתון בע""מ",IL,יין כנען מוסקטו דלתון 2015 750 מל פקדון,מיליליטרים,750.00,"100 מ""ל",false,1,35.00,4.6667,true,1,4558
7290004494599,false,"יין עלמה קרימזון 750 מ""ל דלתון","יקב דלתון בע""מ",IL,יין דלתון עלמה קרימזון 750מל פקדון,מיליליטרים,750.00,"100 מ""ל",false,1,80.00,10.6667,true,1,5698
7290004494919,false,יין כנען קברנה שיראז 750 מל דלתון,"יקב דלתון בע""מ",IL,יין כנען ק. שיראז דלתון 2015 750 מל,מיליליטרים,750.00,"100 מ""ל",false,1,45.00,6.0000,true,1,10686
7290004652043,false,גבינת גאודה עלמה 400,עלמה,,גבינת גאודה עלמה 400 גרם,גרמים,400.00,100 גרם,false,,13.20,3.3000,true,1,38199
7290004652166,false,גבינה צהובה עלמה במשקל,עלמה,,גבינת גאודה עלמה במשקל***,קילוגרמים,1.00,"ק""ג",true,,28.00,28.0000,true,1,40636
7290004652364,false,גבינת קשקבל ספרדי 200 גרם,,ES,גבינת קשקבל ספרדי במשקל,קילוגרמים,1.00,"ק""ג",true,,79.00,79.0000,true,1,40798
7290004652388,false,גבינת גורמעז טבעי 18,,,גבינת גורמעז טבעי 180גר עלמה,גרמים,180.00,100 גרם,false,14,17.90,9.9444,true,1,41146
7290004658847,false,"תירוש כרמל מיץ ענבים אדום, 187 מ""ל",יקבי כרמל,IL,יין תירוש אדום 187 מל,מיליליטרים,187.00,"100 מ""ל",false,1,6.90,3.6898,true,1,26890
7290004685010,false,לחם 100% שיפון פלוס לחם הארץ 500 גר',מאפית י את א ברמן בע,IL,לחם הארץ שיפון פלוס 100% 750 גרם,גרמים,750.00,100 גרם,false,1,15.90,2.1200,true,1,9531
7290004685027,false,לחם חיטה מלאה פלוס לחם הארץ 500 גרם,מאפית י את א ברמן בע,IL,לחם הארץ חיטה מלאה פלוס 750 גרם,גרמים,750.00,100 גרם,false,1,15.90,2.1200,true,1,9530
7290004685089,false,לחם הארץ לחם חמניות 500 גר',מאפית י את א ברמן בע,IL,לחם הארץ חמניות 750 גרם,גרמים,750.00,100 גרם,false,1,15.90,2.1200,true,1,9529
7290004685126,false,לחם פומפרניקל לחם הארץ 750 גרם,מאפית י את א ברמן בע,IL,לחם הארץ 5 דגנים 750 גרם,גרמים,750.00,100 גרם,false,1,15.90,2.1200,true,1,1037
7290004685157,false,לחם שיפון 100% 750 גרם לחם הארץ,מאפית י את א ברמן בע,IL,לחם הארץ 100% שיפון 750 גרם,גרמים,750.00,100 גרם,false,1,15.90,2.1200,true,1,1039
7290004685195,false,לחם 10 דגנים לחם הארץ 750 גרם,מאפית י את א ברמן בע,IL,לחם הארץ 10 דגנים 750 גרם,גרמים,750.00,100 גרם,false,1,15.90,2.1200,true,1,3127
7290004685201,false,לחם הארץ שיפון אגוזים500,מאפית י את א ברמן בע,IL,לחם הארץ שיפון אגוזים 500 גרם,גרמים,500.00,100 גרם,false,1,15.90,3.1800,true,1,1038
7290004685225,false,לחם שיפון פומפרניקל מקמח שיפון,מאפית י את א ברמן בע,IL,לחם הארץ פומפרניקל 750 גרם,גרמים,750.00,100 גרם,false,1,15.90,2.1200,true,1,4646
7290004685232,false,לחם שאור ללא שמרים 750גר,מאפית י.את א. ברמן ב,IL,לחם הארץ שאור ללא שמרים 500 גרם,גרמים,500.00,100 גרם,false,1,15.90,3.1800,true,1,7388
7290004685430,false,לחם הארץ כוסמין 100% 500 גרם,מאפית י את א ברמן בע,IL,לחם הארץ כוסמין 100% 500 גרם,גרמים,500.00,100 גרם,false,1,15.90,3.1800,true,1,18341
7290004685454,false,לחם שיבולת שועל 500 גר'.,מאפית י את א ברמן בע,IL,לחם שיבולת שועל 500גר ברמן,גרמים,500.00,100 גרם,false,1,15.90,3.1800,true,1,32757
7290004685478,false,פיתות כוסמין 100% כוסמין 550 גרם,"מאפיית אורן משי בע""\מ",IL,מארז פיתות כוסמין 10יחידות ברמן,יחידה,10.00,יחידה,false,1,13.90,1.3900,true,1,48003
7290004943301,false,ברוקולי קפוא 800 גרם,משק ויילר,IL,ברוקולי קפוא 800 גרם קפוא זן,גרמים,800.00,100 גרם,false,1,12.90,1.6125,true,1,2016
7290004943806,false,כרובית קפואה 800 גרם,משק ויילר,IL,כרובית קפואה 800 גרם קפוא זן,גרמים,800.00,100 גרם,false,1,12.90,1.6125,true,1,50559
7290004982355,false,גבינת צדר טריפל במשק,כושר דיירי,GB,גבינת צדר טריפל במשקל,קילוגרמים,1.00,"ק""ג",true,,99.00,99.0000,true,1,15664
7290004982393,false,גבינה ברס בלו במשקל1,בנוגראן,FR,גבינת ברס בלו במשקל,קילוגרמים,1.00,"ק""ג",true,,189.00,189.0000,true,1,1242
7290005079634,false,קשקבל גליל מחיר לפי משקל,טרה,IL,גבינת קשקבל נעם במשקל,קילוגרמים,1.00,"ק""ג",true,,99.00,99.0000,true,1,49243
7290005084355,false,סנסודין משחת שיניים דואל קר פלואוריד 75,גלקסו סמית קליין,GB,מש.שיניים סנסודיין דואל קר 75 ג,גרמים,75.00,100 גרם,false,1,21.90,29.2000,true,1,4155
7290005095948,false,חנוכייה בינונית,"יודאיקה סנטר בע""מ",,חנוכיה קלאסית,יחידה,1.00,יחידה,false,1,17.90,17.9000,true,1,36671
7290005111761,false,"מזון לכלבים בונזו מזון כלבים בשר 3 ק""ג","ביופט בע""מ",FR,בונזו בשר נטול חמץ 3 קג,קילוגרמים,3.00,"ק""ג",false,1,45.00,15.0000,true,1,1399
7290005113956,false,"מלפפון במלח בטעם פיקנטי 1.7 ק""ג קבוצת יבנה",,IL,מלפפון במלח תיבול ביתי פיקנטי 1.7 קג,גרמים,1700.00,100 גרם,false,6,21.90,1.2882,true,1,48680
7290005174513,false,סלט חצילים במיונז אחלה 500 גרם,מיוצר עי קונדיטוריית,IL,סלט חציל במיונז 500גר,גרמים,500.00,100 גרם,false,6,16.90,3.3800,true,1,38305
7290005326387,false,עגבניות מיובשות בשמן זית אוליביה 270 גרם,אוליביה,IL,עגבניות מיובשות בשמן זית 270 ג אוליביה,גרמים,270.00,100 גרם,false,1,17.90,6.6296,true,1,535
7290005326523,false,ממרח פסטו פטרוזיליה ונענע אוליביה 180 גרם,אוליביה,IL,ממרח פסטו פטרוזיליה נענע 180 גר,גרמים,180.00,100 גרם,false,1,13.90,7.7222,true,1,13707
7290005425127,false,"חיטוי משטחים 99.9% מתז לשומנים ואבנית 750 מ""ל","סנו מפעלי ברונוס בע""\מ",IL,מרסס לחיטוי וניקוי יסודי סדרת 99% 750מל,מיליליטרים,750.00,"100 מ""ל",false,12,11.90,1.5867,true,1,27521
7290005431159,false,תותים בקצפת לייט עדן קינוחים 80 גרם,עדן קינוחים,IL,קינוח תותים בקצפת לייט 80גר עדן קינוחים,Unknown,0.00,Unknown,false,12,6.90,0.0000,true,1,45164
7290005431999,false,עדן קינוחים מלבי לייט,עדן קינוחים,IL,קינוח מלבי חלבי לייט 150גר עדן קינוחים,גרמים,150.00,100 גרם,false,12,6.90,4.6000,true,1,45172
7290005509445,false,עוגיות מיני קוקיס חמאה בצנצנת כרמית 600 גרם,כרמית תעשיות ממתקים,IL,עוג.מיני קוקיס בטעם חמאה600 גר,גרמים,600.00,100 גרם,false,1,15.90,2.6500,true,1,795
7290005559907,false,פיצה משפחתית 100% גבינה מעדנות 500 גרם,מיוצר עי קונדיטוריית,IL,פיצה משפחתית גבינה 500 גר,גרמים,500.00,100 גרם,false,1,15.90,3.1800,true,1,1801
7290005559914,false,פיצה משפחתית עם 100% גבינה בתוספת זיתים מעדנות 550 גרם,מיוצר עי קונדיטוריית,IL,פיצה משפחתית עם זיתים 550 גר,גרמים,550.00,100 גרם,false,1,15.90,2.8909,true,1,1802
7290005559990,false,בצק פילאס תורכי מעדנות 600 גרם,מיוצר עי קונדיטוריית,IL,בצק פילאס טורקי 600 גרם,גרמים,600.00,100 גרם,false,1,15.90,2.6500,true,1,1924
7290005686436,false,תפוח עץ מיובש ששון ה,"דין שיווק וקלייה בע""",IL,תפוח עץ מיובש 160 גרם בקופסא,גרמים,160.00,100 גרם,false,1,12.90,8.0625,true,1,2210
7290005697579,false,יוגורט עיזים דובדבני,,,יוגורט עיזים דובדבנים ביו 500 מל,מיליליטרים,500.00,"100 מ""ל",false,1,15.90,3.1800,true,1,41023
7290005697647,false,יוגורט עיזים בדלי 750 מל,,IL,יוגורט עיזים 750 מל בדלי,מיליליטרים,750.00,"100 מ""ל",false,1,19.90,2.6533,true,1,46842
7290005697654,false,יוגורט עיזים אורגני בדלי 750 מל,,IL,יוגורט עיזים אורגני 750 מל בדלי,מיליליטרים,750.00,"100 מ""ל",false,1,22.90,3.0533,true,1,46844
7290005697661,false,יוגורט צאן יווני בדלי 750 מל,,IL,יוגורט צאן 750מל בדלי,מיליליטרים,750.00,"100 מ""ל",false,1,19.90,2.6533,true,1,46843
7290005719318,false,לחמניית המבורגר פרמי,פילסברי,,מארז 4 לחמניות המבורגר פרימיום א.ק,Unknown,0.00,Unknown,false,1,15.90,0.0000,true,1,32581
7290005826146,false,גבינת אולד אמסטרדם ב,jacks cheese,NL,גבית אולד אמסטרדם במשקל חצי,קילוגרמים,1.00,"ק""ג",true,,119.00,119.0000,true,1,26546
7290005826450,false,גבינת ברי פריזדנט במ,,FR,גבינת ברי פריזדנט במשקל צרפת,קילוגרמים,1.00,"ק""ג",true,,129.00,129.0000,true,1,34749
7290005826467,false,גבינת אמנטל פריזדנט,,FR,גבינת אמנטל פריזדנט במשקל צרפת,קילוגרמים,1.00,"ק""ג",true,,89.00,89.0000,true,1,34750
7290005826498,false,גבינת גאודה בקר במשק,jacks cheese,NL,גבינת גאודה בקר במשקל,קילוגרמים,1.00,"ק""ג",true,,69.00,69.0000,true,1,32723
7290005826528,false,גבינת מנצגו במשקל מי,,ES,גבינת מנצגו במשקל מיושן,קילוגרמים,1.00,"ק""ג",true,,139.00,139.0000,true,1,37779
7290005826542,false,גבינת צדר לבן אנגלי,,GB,גבינת צדר לבן אנגלי במשקל,קילוגרמים,1.00,"ק""ג",true,,89.00,89.0000,true,1,35787
7290005826566,false,גבינת צדר כתום אנגלי,,GB,גבינת צדר כתום אנגלי במשקל,קילוגרמים,1.00,"ק""ג",true,,89.00,89.0000,true,1,35786
7290005826610,false,גבינת מנצגו צעיר במש,,ES,גבינת מנצגו צעיר במשקל,קילוגרמים,1.00,"ק""ג",true,,119.00,119.0000,true,1,37778
7290005826689,false,גבינת גאודה זעתר במש,,NL,גבינת גאודה זעתר במשקל,קילוגרמים,1.00,"ק""ג",true,,99.00,99.0000,true,1,47126
7290005826917,false,גבינת גאודה עם טבסקו,,,גבינת גאודה עם טבסקו במשקל,קילוגרמים,1.00,"ק""ג",true,,109.00,109.0000,true,1,39580
7290005826979,false,גבינת גאודה צילי במש,jacks cheese,NL,גבינת גאודה צילי במשקל,קילוגרמים,1.00,"ק""ג",true,,99.00,99.0000,true,1,46566
7290005826986,false,גבית גאודה קימל במשק,jacks cheese,NL,גבית גאודה קימל במשקל,קילוגרמים,1.00,"ק""ג",true,,99.00,99.0000,true,1,46563
7290005838972,false,גבינת יום יום 5% שטראוס 125ג',מיוצר עי קונדיטוריית,IL,גבינת סקי יום יום 5% 125 גרם,גרמים,125.00,100 גרם,false,1,3.20,2.5600,true,1,517
7290005992872,false,גב.צפתית במים 5% במשקל,מחלבות גד,IL,גבינה צפתית 5% במים במשקל,קילוגרמים,1.00,"ק""ג",true,,79.00,79.0000,true,1,2452
7290005996740,false,סלמי פפרוני יחיעם 300 ג',מעדני יחיעם 1993,IL,נקניק סלמי פפרוני 300 גרם,גרמים,300.00,100 גרם,false,1,22.90,7.6333,true,1,39405
7290005996825,false,נקניקיות בקר בסגנון אמריקאי 280 גרם,מעדני יחיעם 1993,IL,נקניקיות בקר בסגנון אמריקאי 280גר יחיעם,גרמים,280.00,100 גרם,false,1,22.90,8.1786,true,1,39406
7290005996979,false,נקניק סלמי פרח יחיעם 200 גרם,מעדני יחיעם (1993) בעמ,IL,נקניק סלמי פרח 200גר,גרמים,200.00,100 גרם,false,1,25.90,12.9500,true,1,47534
7290006235244,false,"קמיל בלו משחה לתינוק צמחי מרפא ד""ר פישר 100 גרם",פישר מעבדות פרמצבטיות בע,IL,משחה לתינוק קמיל בלו צמחי מרפא פסטה100ג,גרמים,100.00,100 גרם,false,1,21.90,21.9000,true,1,5643
7290006251107,false,תה צ'אי מסאלה ויסוצקי 25 יחידות,מולינו ניקולי s.p.a,IL,תה צאי מסאלה 2 גר 25 שקיקים,יחידה,25.00,יחידה,false,1,18.90,0.7560,true,1,2116
7290006256089,false,"יין אדום קברנה סוביניון גאטו נגרו 750 מ""ל",פינקה לה סליה,AR,יין גאטו נגרו קבר.סוביניון 750 מל פקדון,מיליליטרים,750.00,"100 מ""ל",false,1,40.00,5.3333,true,1,35235
7290006256577,false,יין וודברידג קברנה ס,,,יין וודברידג קברנה סוביניון 750 מל פקדון,מיליליטרים,750.00,"100 מ""ל",false,1,45.00,6.0000,true,1,10368
7290006256607,false,וודברידג' מונדאבי שר,,,יין וודברידג שרדונה 750 מל פקדון,מיליליטרים,750.00,"100 מ""ל",false,1,45.00,6.0000,true,1,10367
7290006256621,false,וודבריג'- רוברט מונד,,,יין וודברידג רוזה 750 מל פקדון,מיליליטרים,750.00,"100 מ""ל",false,1,45.00,6.0000,true,1,10369
7290006271648,false,מיני בורקס תפוחי אדמה מעדנות 800 גרם,"מעדנות בע""\מ",IL,מיני בורקס תפוחי אדמה 800 ג מוזל,גרמים,800.00,100 גרם,false,1,24.50,3.0625,true,1,4044
7290006272430,false,בצק עלים חמאה מעדנות 600 גרם,מיוצר עי קונדיטוריית,IL,בצק עלים חמאה 600 גר,גרמים,600.00,100 גרם,false,1,15.90,2.6500,true,1,6284
7290006401366,false,"סבון לשטיפה אינטימית ליגיניה פרוטקטיב 200 מ""ל",)פייזר (קונסיומר הלט קר,IT,אלסבון לגינייה שטיפה אינטימית אקטיב סופר,מיליליטרים,200.00,"100 מ""ל",false,1,34.90,17.4500,true,1,5256
7290006401373,false,ליגיניה סבון מרענן לשטיפה אינטימית,פייזר )קונסיומר הלט קר(,IT,אלסבון לגינייה שטיפה אינטימית אקטיב פרש,מיליליטרים,250.00,"100 מ""ל",false,1,34.90,13.9600,true,1,5257
7290006439031,false,שמן קנולה שוקחה 1 לי,אליטה גידא סנאי וי,BE,שמן קנולה שוקחה 1 ליטר,ליטרים,1.00,ליטר,false,15,11.90,11.9000,true,1,34589
7290006439468,false,עדשים אדומות שוקחה 1,סוגת תעשיות בעמ,,עדשים אדומות שוקחה 1 קג,קילוגרמים,1.00,"ק""ג",false,1,13.90,13.9000,true,1,26204
7290006439475,false,עדשים ירוקות שוקחה 1,סוגת תעשיות בעמ,,עדשים ירוקת שוקחה 1 קג,קילוגרמים,1.00,"ק""ג",false,1,13.90,13.9000,true,1,26203
7290006439543,false,בורגול שוקחה עבה 1 ק,סוגת תעשיות בעמ,,בורגול עבה שוקחה 1 קג,קילוגרמים,1.00,"ק""ג",false,1,8.90,8.9000,true,1,26197
7290006439550,false,בורגול שוקחה דק 1 קג,סוגת תעשיות בעמ,,בורגול שוקחה 1 קג,קילוגרמים,1.00,"ק""ג",false,1,8.90,8.9000,true,1,26196
7290006492616,false,גבינה בולגרית מעודנת פרוסות 5% גד 250 גרם,DSH עבור מחלבות גד ב,IL,גב.בולגרית 5% פרוסות 250 גרם,גרמים,250.00,100 גרם,false,1,29.90,11.9600,true,1,4062
7290006515926,false,מארז אפרול שפריץ + פרוסקו צינזנו כשר,davide campari,IT,מארז ליקר אפרול 700 מל+פרו שפריץ,מיליליטרים,700.00,"100 מ""ל",false,1,99.00,14.1429,true,1,29227
7290006562111,false,חיתולי חול חתולים לב,רנדי,ES,חיתולי חול חתולים 10 ק.לוונדר,קילוגרמים,10.00,"ק""ג",false,3,32.90,3.2900,true,1,3124
7290006562906,false,פרמיו הודו וכבש לחתולים,פרמיו Premio,,סטיק הודו וכבש פרמיו 15 גר,יחידה,1.00,יחידה,false,35,6.90,6.9000,true,1,50116
7290006562913,false,סטיק עוף וברווז פרמי,,,סטיק עוף וברווז פרמיו 15 גר,יחידה,1.00,יחידה,false,35,6.90,6.9000,true,1,50117
7290006577160,false,יוגורט טבעי 3.6% אורגני 1 ליטר מחלבת גלילי,חוות רום,IL,יוגורט אורגני טבעי 1ליטר 3.6% שומן,ליטרים,1.00,ליטר,false,1,24.90,24.9000,true,1,18401
7290006578006,false,גורגונזולה פיקנטה במשקל,באסי,IT,גבינת גורגונזולה פיקנטה במשקל נטו,קילוגרמים,1.00,"ק""ג",true,,129.00,129.0000,true,1,32798
7290006578266,false,הנרי וויליך גבינת פיור גולד במשקל,kaasmakerij henri wi,NL,גבינת פיור גולד הנרי וויליך במשקל,קילוגרמים,1.00,"ק""ג",true,,179.00,179.0000,true,1,38225
7290006578464,false,רוקפור פאפיון במשקל,פורמאג'רי פאפיון,FR,גבינת רוקפור פאפיון במשקל,קילוגרמים,1.00,"ק""ג",true,,249.00,249.0000,true,1,38681
7290006578600,false,קבינת קומטה גורה פלור במשקל,,FR,גבינת קומטה במשקל גורה פלור,קילוגרמים,1.00,"ק""ג",true,,219.00,219.0000,true,1,32797
7290006578655,false,הנרי וויליך גבינת גלוריוס עיזים במשקל,kaasmakerij henri wi,NL,גבינת גלוריוס עיזים הנרי וויליך במשקל,קילוגרמים,1.00,"ק""ג",true,,189.00,189.0000,true,1,38222
7290006578662,false,גבינת פלורט במשקל,,FR,גבינת פלורט במשקל,קילוגרמים,1.00,"ק""ג",true,,199.00,199.0000,true,1,48234
7290006578853,false,הנרי וויליך גבינת טרמנדס כמהין במשקל,kaasmakerij henri wi,NL,גבינת טרמנדס כמהין הנרי וויליך במשקל,קילוגרמים,1.00,"ק""ג",true,,189.00,189.0000,true,1,38223
7290006625038,false,גבינת ברי צרפת במשקל,,,גבינת ברי צרפת במשקל,קילוגרמים,1.00,"ק""ג",true,,120.00,120.0000,true,1,6539
7290006625137,false,גבינת גאודה עיזים הו,,NL,גבינת גאודה עיזים הולנדית במשקל,קילוגרמים,1.00,"ק""ג",true,,119.00,119.0000,true,1,6307
7290006625144,false,גבינת גאודה בקר הולנ,,NL,גבינת גאודה בקר הולנדית במשקל,קילוגרמים,1.00,"ק""ג",true,,69.00,69.0000,true,1,6305
7290006625465,false,גבינת לנדנה רוסו עיז,,,גבינת לנדנה רוסו עיזים ביין לבן במשקל,קילוגרמים,1.00,"ק""ג",true,,199.00,199.0000,true,1,7139
7290006636638,false,"יין אמפורה ריטון רוז 750 מ""ל",,IL,יין אמפורה 2006/5 רוזה אורג 750 מל פקדון,Unknown,0.00,Unknown,false,6,110.00,0.0000,true,1,48504
7290006636737,false,"יין אמפורה גרנאש בלאן 750 מ""ל",,IL,יין אמפורה גרנאש בלגן 750 מל,מיליליטרים,750.00,"100 מ""ל",false,1,100.00,13.3333,true,1,50414
7290006636775,false,"יין אמפורה מד רד 750 מ""ל",,IL,יין מד רד אמפורה 750 מל,מיליליטרים,750.00,"100 מ""ל",false,1,85.00,11.3333,true,1,48507
7290006660602,false,מי קוקוס אורגני גרין קוקו קרטונית 1 ליטר,בן טרה ג'וינט סטוק,VN,מי קוקוס אורני גרין קוקו 1 לי,ליטרים,1.00,ליטר,false,12,19.90,19.9000,true,1,26158
7290006724182,false,ביצי שליו טריות 20יח,,IL,ביצי שליו טריות 20יחידות ליב,יחידה,18.00,יחידה,false,12,22.90,1.2722,true,1,35154
7290006724205,false,טופו חומוס בטעם מעושן 300 גרם,משק וואיילר,IL,טופו חומוס 300גר ליב,גרמים,300.00,100 גרם,false,10,12.90,4.3000,true,1,38124
7290006739346,false,נקניקיות פרגיות טרי 400 גרם זוגלובק,נקניק נהריה כשר זוגל,IL,נקניקיות פרגיות 400 גר וואקום,גרמים,400.00,100 גרם,false,8,10.90,2.7250,true,1,48888
7290006739407,false,שניצל תירס לייט זוגלובק 600 גרם,נקניק נהריה כשר זוגל,IL,שניצל טבע תירס לייט 630 גר,גרמים,630.00,100 גרם,false,1,24.90,3.9524,true,1,48889
7290006739445,false,שניצל תירס קלאסי 750 ג' זוגלובק,נקניק נהריה כשר זוגל,IL,שניצל טבע תירס קלאסי 750 גרם,גרמים,750.00,100 גרם,false,12,24.90,3.3200,true,1,48890
7290006765000,false,טורטיה מקמח מלא שקדיה 540 גרם,אלקטי קוראבייכיסיגיד,TR,טורטיה טורטילס קמח מלא 8 יח 360 גר,גרמים,540.00,100 גרם,false,1,10.90,2.0185,true,1,7541
7290006765772,false,אננס מיובש 200 גרם ששון הקולה,"דין שיווק וקלייה בע""",IL,אננס מסוכר 160 גרם בקופסא,גרמים,160.00,100 גרם,false,1,10.90,6.8125,true,1,2933
7290006804754,false,פרצל,פילסברי,,פרצל,Unknown,0.00,Unknown,false,1,6.90,0.0000,true,1,17329
7290006805362,false,חצי באגט מאפית,פילסברי,,חצי בגט רגיל,Unknown,0.00,Unknown,false,1,3.50,0.0000,true,1,17306
7290006855190,false,חטיף תמרים ואגוזי מלך עם בננה ללא תוספת סוכר,טבעית מוצרים מן הטבע בעמ,IL,חטיף ברבריא תמר ובננה 4 יח 120 גר,גרמים,120.00,100 גרם,false,1,16.90,14.0833,true,1,33732
7290006855206,false,חטיף בר שזיפים קוקוס ואוכמניות מארז 120 גרם,טבעית מוצרים מן הטבע,IL,חטיף ברבריא שזיף קוקוס 4 יח 120 גר,גרמים,120.00,100 גרם,false,1,16.90,14.0833,true,1,12671
7290006855404,false,בר בראי בייטס כדורי תמריםקשיו שקדים ופיסטוק 55 גרם בית יוסף,טבעית מוצרים מן הטבע בעמ,IL,חטיף ברבריא בייטס תמר שקד פיסטוק 55 גר,Unknown,0.00,Unknown,false,12,6.90,0.0000,true,1,45248
7290006855428,false,בר בראי בייטס כדורי תמרים+לוז קשיו ופולי קקאו 55 ג' בית יוסף,טבעית מוצרים מן הטבע בעמ,IL,חטיף ברבריא בייטס תמר לוז קשיו 55 גר,Unknown,0.00,Unknown,false,12,6.90,0.0000,true,1,45249
7290006899187,false,סרמוני תה - 20 לימונית לואיזה - קופסת פירמידה,תה סרמוני בעמ,,תה סרמוני לימונית לואיזה 20יח,יחידה,20.00,יחידה,false,1,16.90,0.8450,true,1,15131
7290006899255,false,סרמוני תה - 20 ארל גריי - קופסת פירמידה,תה סרמוני בעמ,,תה סרמוני ארל גריי 20 יח,יחידה,20.00,יחידה,false,1,16.90,0.8450,true,1,6420
7290006899354,false,סרמוני תה - 20 פרחי קמומיל - קופסת פירמידה,תה סרמוני בעמ,IL,תה סרמוני פרחי קמומיל 20 יח,יחידה,20.00,יחידה,false,6,16.90,0.8450,true,1,6422
7290006899705,false,סרמוני תה - 20 ירוק לימונית - קופסת פירמידה,תה סרמוני בעמ,IL,תה סרמוני ירוק לימונית 20 יח,יחידה,20.00,יחידה,false,6,16.90,0.8450,true,1,45890
7290006920362,false,גבינת מוצרלה מעושנת,,IL,גבינת מוצרלה מעושנת במשקל כפיר,קילוגרמים,1.00,"ק""ג",true,,39.00,39.0000,true,1,35994
7290006963086,false,פרליני סוריני בכדור,MIESZKO,,פרליני סוריני בכדור קישוט לעץ 100 גרם,גרמים,100.00,100 גרם,false,1,15.90,15.9000,true,1,36455
7290008101318,false,קריספ פירורי לחם זהוב 300 גרם מיימונס,א.ל ייצור ושיווק תבל,IL,פירורי לחם קריספ זהוב 300 גרם,גרמים,300.00,100 גרם,false,20,6.90,2.3000,true,1,49251
7290008116541,false,"שטיפת פה ליסטרין קול מינט 500 מ""ל",ג'\ונסון אנד ג'\ונסון,IT,נוזל שטיפת פה ליסטרין מנטה כחול 500מרענן,מיליליטרים,500.00,"100 מ""ל",false,1,19.90,3.9800,true,1,26199
7290008154222,false,שניצלונים עוף טוב 700 גרם,"מוצרי עוף טוב (2001) בע""",IL,שניצלונים עוף טוב 700 גר,גרמים,700.00,100 גרם,false,1,21.90,3.1286,true,1,3815
7290008175173,false,חמאה מפינלנד ללא מלח 200 גרם ויליפוד,ואליו אל.טי.די,FI,חמאה ללא מלח 200גרם פינלנד,גרמים,200.00,100 גרם,false,20,11.90,5.9500,true,1,2784
7290008175760,false,מנצגו חלב כבשים מעדניה שקיל,אלפסטור,ES,גבינת מנצגו חלב כבשים במשקל,קילוגרמים,1.00,"ק""ג",true,,119.00,119.0000,true,1,9101
7290008190909,false,עוגיות מיני קוקיס שוקולד צ'יפס בצנצנת כרמית 600 גרם,כרמית תעשיות ממתקים,IL,עוג.מיני קוקיס שוקולד ציפס 600 גר,גרמים,600.00,100 גרם,false,1,15.90,2.6500,true,1,3797
7290008190985,false,לקקן בטעם גלידה 50 יח',כרמית תעשיות ממתקים,IL,לקקן כרמית גלידה 50 יח שקית,Unknown,0.00,Unknown,false,1,19.90,0.0000,true,1,3798
7290008345118,false,דלידג מקרל בשמן 240 גרם,מיוצר על ידי קוד יצר,IL,מקרל בשמן 240 גרם,גרמים,240.00,100 גרם,false,1,26.90,11.2083,true,1,2713
7290008348508,false,נקניקיות צוריסוס במש,טיבון ויל,,נקניקיות צוריסוס במשקל 60 גר,קילוגרמים,1.00,"ק""ג",true,,50.00,50.0000,true,1,10720
7290008350150,false,בצק פילו מצונן מרודד שף שגב,,IL,בצק פילו 350גר מצונן מרודד שף שגב,גרמים,350.00,100 גרם,false,12,15.90,4.5429,true,1,50345
7290008403191,false,גבינת קשקבל בשלה במשקל,לקטיס סאן וינשנטה,ES,גבינת קשקבל בשלה במשקל,קילוגרמים,1.00,"ק""ג",true,,109.00,109.0000,true,1,12924
7290008403238,false,גבינת ברי צרפתית32% משקל,קואופורטיב איסיני סנט מר,FR,גבינת ברי איסיני במשקל,קילוגרמים,1.00,"ק""ג",true,,129.00,129.0000,true,1,14910
7290008403443,false,גבינת קברה עיזים,סאן ויסנצה,,גבינת קברה במשקל,קילוגרמים,1.00,"ק""ג",true,,189.00,189.0000,true,1,17005
7290008403450,false,גבינת מנצ'גו 36% משקל,סן וינשנטה,ES,גבינת מנצגו במשקל,קילוגרמים,1.00,"ק""ג",true,,189.00,189.0000,true,1,17004
7290008403535,false,גבינת פרימדונה30.5% משקל,הנרי ויליך,NL,גבינת פרימדונה במשקל חצי גלגל,קילוגרמים,1.00,"ק""ג",true,,189.00,189.0000,true,1,22104
7290008403832,false,אולד רוטרדם בקר במשקל,הנרי ויליך,NL,גבינת אולד רוטרדם בקר במשקל חצי גלגל הול,קילוגרמים,1.00,"ק""ג",true,,145.00,145.0000,true,1,28282
7290008403849,false,אולד רוטרדם עיזים במשקל,הנרי ויליך,NL,גבינת אולד רוטרדם עזים במשקל חצי גלגל,קילוגרמים,1.00,"ק""ג",true,,179.00,179.0000,true,1,28283
7290008409544,false,שניצל עוף אמיתי בציפוי פריך מאמא עוף 700 ג',תנובה גליל שותפות מוגבלת,IL,שניצל עוף אמיתי פריך 700 גרם,גרמים,700.00,100 גרם,false,1,45.00,6.4286,true,1,2230
7290008409551,false,שניצל עוף אמיתי בציפוי מעודן 700 ג' מאמא עוף,תנובה גליל שותפות מוגבלת,IL,שניצל עוף אמיתי מעודן 700 גרם,גרמים,700.00,100 גרם,false,1,45.00,6.4286,true,1,2231
7290008409582,false,שניצל עוף אמיתי בציפוי ביתי מאמא עוף 700 גרם,תנובה גליל שותפות מוגבלת,IL,שניצל עוף אמיתי ביתי 700 גרם,גרמים,700.00,100 גרם,false,1,45.00,6.4286,true,1,2232
7290008425032,false,גבינת פטה ערבה 200 גרם,,IL,גבינת ערבה פטה אורגנית 200גר נאות סמדר,גרמים,200.00,100 גרם,false,6,34.90,17.4500,true,1,49160
7290008425094,false,יוגורט ביו אורגני 1 ליטר,,IL,יוגורט ביו טבעי אורגני 1ליטר נאות סמדר,ליטרים,1.00,ליטר,false,6,29.90,29.9000,true,1,49178
7290008425100,false,יוגורט ביו טבעי אורג,,IL,יוגורט ביו טבעי אורגני 500מל נאות סמדר,מיליליטרים,500.00,"100 מ""ל",false,6,16.90,3.3800,true,1,49158
7290008425483,false,נקטר אפרסק 1 ליטר אורגני,,IL,נקטר אפרסק אורגני 1ליטר נאות סמדר,ליטרים,1.00,ליטר,false,6,24.90,24.9000,true,1,49291
7290008425490,false,נקטר משמש אורגני 1 ליטר,,IL,נקטר משמש אורגני 1ליטר נאות סמדר,ליטרים,1.00,ליטר,false,6,24.90,24.9000,true,1,49293
7290008425513,false,מיץ תפוחים טבעי אורגני 1 ליטר,,IL,מיץ תפוחים 1ליטר נאות סמדר,ליטרים,1.00,ליטר,false,6,24.90,24.9000,true,1,49290
7290008425704,false,נקטר שזיף 1 ליטר אורגני,,IL,נקטר שזיף אורגני 1ליטר נאות סמדר,ליטרים,1.00,ליטר,false,6,24.90,24.9000,true,1,49292
7290008461047,false,גב.ברי לה רוסטיק 31%משקל,נטו מלינדה סיימן,FR,גבינת ברי לה רוסטיק במשקל,קילוגרמים,1.00,"ק""ג",true,,169.00,169.0000,true,1,7
7290008462198,false,חרדל מאילי דיזון חרי,מיילי,,חרדל מאילי דיזון חריף 210 גרם,גרמים,210.00,100 גרם,false,1,16.90,8.0476,true,1,2793
7290008462204,false,חרדל דיז'ון מקורי נטו מאי 380 גרם,יוניליבר צרפת,FR,חרדל מאילי דיזון מקורי 380 גר,גרמים,380.00,100 גרם,false,1,12.90,3.3947,true,1,2819
7290008462310,false,גבינת סנט מור עיזים משקל,סואניון,FR,גבינת סנט מור עיזים טבעית במשקל,קילוגרמים,1.00,"ק""ג",true,,179.00,179.0000,true,1,4043
7290008464345,false,"בירה גולדסטאר, בקבוק 330 מ''ל",טמפו משקאות בע''מ,IL,בירה גולדסטאר בק 330 מל פיקדון,מיליליטרים,330.00,"100 מ""ל",false,1,8.90,2.6970,true,1,1296
7290008464604,false,"בירה הייניקן פחית 500 מ""ל",טמפו משקאות בע''מ,NL,בירה היינקן פחית 500 מל פיקדון,מיליליטרים,500.00,"100 מ""ל",false,1,11.90,2.3800,true,1,1175
7290008464611,false,"הסודה של טמפו, מי סודה בגיזוז חזק, 275 מל",טמפו משקאות בעמ,IL,מי סודה טמפו 275 מל פקדון,מיליליטרים,275.00,"100 מ""ל",false,24,5.00,1.8182,true,1,23470
7290008493710,false,פרורי גריסני זהב פירורי לחם מאיר בייגל 200 גרם,מאיר את ביגל,IL,פרורי גריסיני זהב 200 גר,גרמים,200.00,100 גרם,false,1,6.90,3.4500,true,1,12962
7290008498333,false,גבינת כבשים עם כמהין,,ES,גבינת כבשים עם כמהין לבנות במשקל ספרד,קילוגרמים,1.00,"ק""ג",true,,199.00,199.0000,true,1,49932
7290008498883,false,גבינת גאודה עם צילי,,,גבינת גאודה עם צילי במשקל,קילוגרמים,1.00,"ק""ג",true,,119.00,119.0000,true,1,34403
7290008500005,false,תערובת לעוגה שוקולד ללא גלוטן 415 ג' פילסברי,"ג'נרל מילס- Vio Inofita,",IL,תערובת לעוגת בראוניז ללא גלוטן 415 גרם,גרמים,415.00,100 גרם,false,6,19.90,4.7952,true,1,45119
7290008590136,false,שעועית צהובה חתוכה ק,משק ויילר,BE,שעועית צהובה חתוכה 800גר שף הטבע,גרמים,800.00,100 גרם,false,12,9.90,1.2375,true,1,50562
7290008590150,false,אפונת גינה קטנה שף ה,משק ויילר,BE,אפונת גינה קטנה 800גר שף הטבע,גרמים,800.00,100 גרם,false,12,9.90,1.2375,true,1,50563
7290008590167,false,אפונה וגזר שף הטבע,משק ויילר,BE,אפונה וגזר 800גר שף הטבע,גרמים,800.00,100 גרם,false,12,9.90,1.2375,true,1,50564
7290008606004,false,גבינת קפלוטירי במשקל,,GR,גבינת קפלוטירי במשקל,קילוגרמים,1.00,"ק""ג",true,,99.00,99.0000,true,1,36755
7290008606011,false,גבינת גאודה אולד אמס,,GR,גבינת גאודה אולד אמסטרדם במשקל וויק פארם,קילוגרמים,1.00,"ק""ג",true,,119.00,119.0000,true,1,36756
7290008606028,false,גבינת גאודה הולנדי ב,,NL,גבינת גאודה הולנדי בקר במשקל וואן,קילוגרמים,1.00,"ק""ג",true,,69.00,69.0000,true,1,36770
7290008606035,false,גבינת גאודה עיזים הו,,NL,גבינת גאודה עיזים הולנדי במשקל,קילוגרמים,1.00,"ק""ג",true,,119.00,119.0000,true,1,36771
7290008606059,false,גבינת גאודה מתובלת ב,,NL,גבינת גאודה מתובלת במשקל הולנד,קילוגרמים,1.00,"ק""ג",true,,109.00,109.0000,true,1,36773
7290008606080,false,גבינת גאודה עיזים כמ,,NL,גבינת גאודה עיזים כמהין במשקל,קילוגרמים,1.00,"ק""ג",true,,149.00,149.0000,true,1,36776
7290008606097,false,גבינת גאודה פסטו ירו,,NL,גבינת גאודה פסטו ירוק במשקל,קילוגרמים,1.00,"ק""ג",true,,129.00,129.0000,true,1,36777
7290008606103,false,גבינת גאודה כמהין בק,,NL,גבינת גאודה כמהין בקר במשקל,קילוגרמים,1.00,"ק""ג",true,,159.00,159.0000,true,1,36778
7290008606134,false,גבינת פיקורינו רומנו,,,גבינת פיקורינו רומנו במשקל,קילוגרמים,1.00,"ק""ג",true,,139.00,139.0000,true,1,36781
7290008606165,false,גבינת בקר ספרדית רסנ,,ES,גבינת בקר ספרדית רסננטה במשקל,קילוגרמים,1.00,"ק""ג",true,,99.00,99.0000,true,1,36784
7290008606189,false,גבינת עיזים ספרדית ב,,,גבינת עיזים ספרדית ביין רסננטה במשקל,קילוגרמים,1.00,"ק""ג",true,,99.00,99.0000,true,1,36788
7290008606196,false,גבינה ביין ספרדית רס,,,גבינה ביין ספרדית רסיננטה במשקל,קילוגרמים,1.00,"ק""ג",true,,139.00,139.0000,true,1,36789
7290008606219,false,גבינת כמהין ספרדית ר,,,גבינת כמהין ספרדית רסיננטה במשקל,קילוגרמים,1.00,"ק""ג",true,,189.00,189.0000,true,1,36791
7290008606226,false,גבינת צדר אנגלי מעוש,,GR,גבינת צדר אנגלי מעושן במשקל וויק פארם,קילוגרמים,1.00,"ק""ג",true,,139.00,139.0000,true,1,36757
7290008606233,false,גבינת צדר אנגלי צילי,,GR,גבינת צדר אנגלי צילי במשקל וויק פארם,קילוגרמים,1.00,"ק""ג",true,,139.00,139.0000,true,1,36758
7290008606240,false,גבינת צדר אנגלי בצל,,GR,גבינת צדר אנגלי בצל במשקל וויק פארם,קילוגרמים,1.00,"ק""ג",true,,139.00,139.0000,true,1,36759
7290008606257,false,גבינת צדר אנגלי כתום,,GR,גבינת צדר אנגלי כתום במשקל וויק פארם,קילוגרמים,1.00,"ק""ג",true,,89.00,89.0000,true,1,36761
7290008606509,false,גבינת גאודה כמון במש,,,גבינת גאודה כמון במשקל,קילוגרמים,1.00,"ק""ג",true,,99.00,99.0000,true,1,39222
7290008606523,false,גבינת גאודה טריקולור,,,גבינת גאודה טריקולור במשקל,קילוגרמים,1.00,"ק""ג",true,,159.00,159.0000,true,1,39223
7290008606530,false,גבינת גאודה צילי במש,,,גבינת גאודה צילי במשקל,קילוגרמים,1.00,"ק""ג",true,,109.00,109.0000,true,1,39224
7290008606547,false,גבינת גאודה עגבניות,,,גבינת גאודה עגבניות זיתים במשקל,קילוגרמים,1.00,"ק""ג",true,,109.00,109.0000,true,1,39225
7290008606554,false,גבינת גאודה עם עובש,,,גבינת גאודה עם עובש במשקל,קילוגרמים,1.00,"ק""ג",true,,149.00,149.0000,true,1,39226
7290008606592,false,גבינת גאודה מעושנת ב,,,גבינת גאודה מעושנת במשקל,קילוגרמים,1.00,"ק""ג",true,,89.00,89.0000,true,1,39227
7290008670074,false,יין רקנאטי גליל עליו,רקנאטי,,יין רקנאטי גליל עליון מרלו 375 מל,מיליליטרים,375.00,"100 מ""ל",false,1,40.00,10.6667,true,1,2954
7290008670197,false,רקנאטי רזרב שרדונה 750 מל,יקב רקנאטי,IL,יין רקנאטי שרדונה 750 מל,מיליליטרים,750.00,"100 מ""ל",false,1,85.00,11.3333,true,1,4187
7290008670302,false,"יין רקנאטי רזרב קברנה סוביניון 750 מ""ל",רקנאטי,IL,יין רקנאטי ק.ס.רזרב 2010 750 פקדון,מיליליטרים,750.00,"100 מ""ל",false,1,85.00,11.3333,true,1,5006
7290008750677,false,שוקולד פרה במילוי תות 100 גרם ממולדה,שטראוס גרופ,IL,שוקולד פרה תות 100 גר מגדים,גרמים,100.00,100 גרם,false,1,5.90,5.9000,true,1,3692
7290008801461,false,"יין הנצחון כרמל 750 מ""ל",יקבי כרמל Carmel Winery,IL,יין הנצחון 750 מל פקדון,מיליליטרים,750.00,"100 מ""ל",false,1,25.00,3.3333,true,1,31916
7290008801478,false,"יין טופז זהב כרמל 750 מ""ל",כרמל מזרחי,IL,יין טופז זהב 750 מל פקדון,מיליליטרים,750.00,"100 מ""ל",false,1,25.00,3.3333,true,1,977
7290008804189,false,יין קברנה סוביניון גליל עליון סדרה אזורית יקבי כרמל,אגודת הכורמים הקואופרטיב,IL,""" יין ק.סוביניון גליל עליון 750מל",מיליליטרים,750.00,"100 מ""ל",false,12,60.00,8.0000,true,1,4134
7290008804462,false,יין מוסקט קינוח פרייבט קולקשן יקבי כרמל,אגודת הכורמים הקואופרטיב,IL,""" יין מוסקט קינוח פי.סי. 500 מל",מיליליטרים,500.00,"100 מ""ל",false,1,45.00,9.0000,true,1,5381
7290008804745,false,יין גוורצטרמינר סדרה אזורית יקבי כרמל,אגודת הכורמים הקואופרטיב,IL,יין גוורצטרמינר ס.אזורית 750מל פקדון,מיליליטרים,750.00,"100 מ""ל",false,1,60.00,8.0000,true,1,5971
7290008806985,false,נישנושים גלידה שוקו וניל בציפוי שוקולד 60 יח' קרמיסימו,"גלידת שטראוס בע""\מ, רחוב",IL,גלידונית וניל מצופה 60 יח,גרמים,630.00,100 גרם,false,1,44.90,7.1270,true,1,3012
7290008849470,false,פלפל צ'ומה חריף אוליביה 185 גרם,אוליביה גורמה בעמ,IL,ממרח פלפל צומה 185 ג אוליביה,גרמים,185.00,100 גרם,false,1,13.90,7.5135,true,1,2682
7290008849586,false,רוטב לעוף ריבת בצל אוליביה 310 גרם,קריות זול,IL,רוטב אוליביה עוף בצל 310 גר,גרמים,310.00,100 גרם,false,1,12.90,4.1613,true,1,2433
7290008849739,false,רוטב סויה אמיתי אוליביה 310 גרם,קריות זול,IL,רוטב סויה קלאסית 290 מל אוליביה,מיליליטרים,290.00,"100 מ""ל",false,1,12.90,4.4483,true,1,2808
7290008849753,false,רוטב טריאקי אוליביה 300 גרם,מיוצר עי קונדיטוריית,IL,רוטב אוליביה טריאקי עשיר 290 מל,מיליליטרים,290.00,"100 מ""ל",false,1,12.90,4.4483,true,1,2809
7290008849777,false,רוטב צ'ילי מתוק אוליביה 345 גרם,קריות זול,IL,רוטב אוליביה צילי מתוק 290 מל,מיליליטרים,290.00,"100 מ""ל",false,1,12.90,4.4483,true,1,2811
7290008863001,false,עוגת גינגי בציפוי פירורים 450 גרם,קונדיטוריה וולפסון,IL,עוגת גינגי עם ציפוי פירורים 450גר,גרמים,450.00,100 גרם,false,1,34.90,7.7556,true,1,8515
7290008863049,false,עוגת אריסטוקרט 800 גרם,קונדיטוריה וולפסון,IL,עוגת אריסטוקרט 800גרם,גרמים,800.00,100 גרם,false,1,69.90,8.7375,true,1,8518
7290008863063,false,עוגיות עם ריבת חלב(א,קונדיטוריה וולפסון,IL,עוגיות ריבת חלב 600גרם,גרמים,600.00,100 גרם,false,1,44.90,7.4833,true,1,8520
7290008863070,false,אקלר ממולא קרם חמאה,קונדיטוריה וולפסון,IL,אקלר ממולא קרם חמאה 350 גר,גרמים,350.00,100 גרם,false,1,24.90,7.1143,true,1,8522
7290008863087,false,עוגיות נשיקות 130 גר,קונדיטוריה וולפסון,,עוגיות נשיקות 130 גר,גרמים,130.00,100 גרם,false,1,19.90,15.3077,true,1,8521
7290008863100,false,עוגות פראג 600 גרם,קונדיטוריה וולפסון,IL,עוגת פראג 600 גרם,גרמים,600.00,100 גרם,false,1,45.00,7.5000,true,1,8516
7290008863117,false,עוגת אריסטוקרט 380 גרם,קונדיטוריה וולפסון,IL,עוגת אריסטוקרט 380גרם,גרמים,380.00,100 גרם,false,1,34.90,9.1842,true,1,8519
7290008863179,false,עוגת אריסטוקרט 600גר,קונדיטוריה וולפסון,IL,עוגת אריסטוקרט 600גרם,גרמים,600.00,100 גרם,false,1,59.90,9.9833,true,1,8517
7290008866040,false,גבינת ברי עיזים יעקב,משק יעקבס,IL,גבינת ברי עיזים במשקל,קילוגרמים,1.00,"ק""ג",true,,149.00,149.0000,true,1,45652
7290008899321,false,חלה קלועה רגילה פילסברי,פילסברי,,חלה קלועה רגילה,Unknown,0.00,Unknown,false,1,15.90,0.0000,true,1,17321
7290008899505,false,בגט לבן פילסברי 250,פילסברי,,בגט רגיל,Unknown,0.00,Unknown,false,1,6.90,0.0000,true,1,17304
7290008921336,false,יין תישבי אסטייט שרד,"יקבי הבארון בע""מ",,יין תשבי שרדונה 2016 750 מל פקדון,מיליליטרים,750.00,"100 מ""ל",false,1,60.00,8.0000,true,1,2761
7290008921442,false,יין תישבי אסטייט מלב,יושלם,,יין מלבק 2011 אדום יבש 750 מל,מיליליטרים,750.00,"100 מ""ל",false,1,100.00,13.3333,true,1,9552
7290008940078,false,גבינת ברי צרפתי במשק,,FR,גבינת ברי צרפתי במשקל,קילוגרמים,1.00,"ק""ג",true,,89.00,89.0000,true,1,46829
7290008940139,false,גבינת אולד אמסטרדם צ,,NL,גבינת אולד אמסטרדם צעיר במשקל,קילוגרמים,1.00,"ק""ג",true,,99.00,99.0000,true,1,47124
7290008940160,false,גבינת גאודה כמון במש,jacks cheese,NL,גבינת גאודה כמון במשקל,קילוגרמים,1.00,"ק""ג",true,,99.00,99.0000,true,1,47798
7290008940214,false,צידר אנגלי כתום 200 גרם,,,גבינת צדר כתום אנגלי 200 גר,גרמים,200.00,100 גרם,false,1,17.90,8.9500,true,1,48717
7290008940221,false,צידר אנגלי כתום 200 גרם,,,גבינת צדר לבן אנגלי 200 גר,גרמים,200.00,100 גרם,false,1,17.90,8.9500,true,1,48718
7290008945172,false,"שקיות אשפה עם שרוך 52 * 65 ס""מ גלילונית 40 יחידות","אשפלסט תעשיות בע""מ",IL,שקיות אשפה 40 יח לילונית 52/65,יחידה,40.00,יחידה,false,1,16.90,0.4225,true,1,1976
7290008975551,false,תחליף חלב מטרנה מהדרין שלב 3 חלבי 700 גרם,מולינו ניקולי s.p.a,IL,מטרנה מהדרין שלב 3 חסכוני 750 ג,גרמים,750.00,100 גרם,false,1,62.90,8.3867,true,1,26820
7290010002696,false,אקסטרה צ'יפס אורז חום מלא שמנת בצל 60 גרם,נוהלס ג'י אס סי.,BG,ציפס אורז חום שמנת ובצל 60 גרם,Unknown,0.00,Unknown,false,24,6.90,0.0000,true,1,49248
7290010023141,true,תה גן הקסום לימונענע,,,תה גן הקסום לימונענע,Each,0.00,Each,false,,19.50,0.0000,true,1,3152
7290010050109,true,עירית,,,עירית,Each,0.00,Each,false,,5.90,0.0000,true,1,7902
7290010051045,false,עלי בייבי ארוז א.אדמה,חקלאי,IL,עלי בייבי מיקס ארוז,Unknown,0.00,Unknown,false,1,8.90,0.0000,true,1,4964
7290010051076,true,לבבות חסה,,,לבבות חסה,Each,0.00,Each,false,,10.90,0.0000,true,1,4962
7290010051113,true,קורנית טימין,,,קורנית טימין,Each,0.00,Each,false,,5.90,0.0000,true,1,4960
7290010051120,true,מרווה,,,מרווה,Each,0.00,Each,false,,5.90,0.0000,true,1,4961
7290010051144,false,תרד עלים א.אדמה,אדמה,,תרד עלים 180 גר יח,Unknown,0.00,Unknown,false,1,8.90,0.0000,true,1,7772
7290010051199,true,שורש פטרוזיליה,,,שורש פטרוזיליה,Each,0.00,Each,false,,5.90,0.0000,true,1,4956
7290010051212,true,סלרי ראש,,,סלרי ראש,Each,0.00,Each,false,,5.90,0.0000,true,1,4069
7290010051243,false,תרד ניו-זילנדי ארוז א.אדמה,,,תרד ניוזילנדי,Unknown,0.00,Unknown,false,1,11.90,0.0000,true,1,49098
7290010051281,true,עלי רוקולה,,,עלי רוקולה,Each,0.00,Each,false,,7.90,0.0000,true,1,13398
7290010051298,true,סלק עלים,,,סלק עלים,Each,0.00,Each,false,,5.90,0.0000,true,1,4957
7290010051335,true,בצל ירוק,,,בצל ירוק,Each,0.00,Each,false,,5.90,0.0000,true,1,4958
7290010051687,true,רוזמרין,,,רוזמרין,Each,0.00,Each,false,,5.90,0.0000,true,1,10792
7290010065172,true,ליקוקים שימורי כלבים,,,ליקוקים שימורי כלבים,Each,0.00,Each,false,,5.90,0.0000,true,1,3688
7290010065189,true,ליקוקים שימורי כלבים,,,ליקוקים שימורי כלבים,Each,0.00,Each,false,,5.90,0.0000,true,1,3689
7290010065295,true,מחית פרינוק תפוחי עץ,,,מחית פרינוק תפוחי עץ,Each,0.00,Each,false,,5.00,0.0000,true,1,3955
7290010065301,true,מחית פרינוק סלט פירו,,,מחית פרינוק סלט פירו,Each,0.00,Each,false,,5.00,0.0000,true,1,3956
7290010065332,true,מחית פרינוק גוניור,,,מחית פרינוק גוניור,Each,0.00,Each,false,,5.90,0.0000,true,1,3959
7290010065349,true,מחית פרינוק גוניור,,,מחית פרינוק גוניור,Each,0.00,Each,false,,5.90,0.0000,true,1,3960
7290010065745,true,מחית פרינוק גוניור,,,מחית פרינוק גוניור,Each,0.00,Each,false,,5.90,0.0000,true,1,12171
7290010116386,true,חטיף מיני מקופלת 400,,,חטיף מיני מקופלת 400,Each,0.00,Each,false,,25.90,0.0000,true,1,17640
7290010116980,true,אבקת שוקולית 850 גרם,,,אבקת שוקולית 850 גרם,Each,0.00,Each,false,,16.90,0.0000,true,1,3229
7290010117864,true,חטיף דוריטוס בטעם חר,,,חטיף דוריטוס בטעם חר,Each,0.00,Each,false,,4.00,0.0000,true,1,4807
7290010118328,true,מארז6יח תפוציפס טבעי,,,מארז6יח תפוציפס טבעי,Each,0.00,Each,false,,13.00,0.0000,true,1,5127
7290010154005,true,סחוג תימני 250 גרם,,,סחוג תימני 250 גרם,Each,0.00,Each,false,,15.50,0.0000,true,1,2957
7290010154012,true,לימון כבוש 250 גרם,,,לימון כבוש 250 גרם,Each,0.00,Each,false,,15.50,0.0000,true,1,2958
7290010154029,true,אריסה מתוקה 250 גרם,,,אריסה מתוקה 250 גרם,Each,0.00,Each,false,,15.50,0.0000,true,1,3130
7290010154036,true,עמבה 250 גרם,,,עמבה 250 גרם,Each,0.00,Each,false,,15.50,0.0000,true,1,3131
7290010154241,true,סלט חזרת ביתית 250 ג,,,סלט חזרת ביתית 250 ג,Each,0.00,Each,false,,15.50,0.0000,true,1,3228
7290010154418,true,סחוג אדום 130 ג ביטו,,,סחוג אדום 130 ג ביטו,Each,0.00,Each,false,,9.90,0.0000,true,1,9695
7290010154425,true,סחוג ירוק 130 ג ביטו,,,סחוג ירוק 130 ג ביטו,Each,0.00,Each,false,,9.90,0.0000,true,1,9696
7290010154548,true,ממרח שום טבעי 235 גר,,,ממרח שום טבעי 235 גר,Each,0.00,Each,false,,12.90,0.0000,true,1,16503
7290010154555,true,ממרח לימון כבוש 235,,,ממרח לימון כבוש 235,Each,0.00,Each,false,,12.90,0.0000,true,1,16504
7290010154678,true,אריסה מרוקאית 250 גר,,,אריסה מרוקאית 250 גר,Each,0.00,Each,false,,14.90,0.0000,true,1,22369
7290010154685,true,סלט שום כתוש 250 גרם,,,סלט שום כתוש 250 גרם,Each,0.00,Each,false,,14.90,0.0000,true,1,22370
7290010154692,false,סחוג אדום יוחאי ביטון 250 גרם,תבליני יוחאי ביטון,IL,סחוג אדום 250 גרם ביטון,גרמים,250.00,100 גרם,false,1,15.50,6.2000,true,1,38336
7290010173037,false,"יין הרי גליל רוזה, 750 מ""ל י יקב הרי גליל",יקבי רמת הגולן,IL,יין גליל רוזה 2016 750 מל פקדון,מיליליטרים,750.00,"100 מ""ל",false,1,40.00,5.3333,true,1,4460
7290010173068,false,"יין חרמון גליל קברנה אדום יבש 750מ""ל",יקבי רמת הגולן,IL,יין גליל ק.סוביניון 2016 750 מל,מיליליטרים,750.00,"100 מ""ל",false,1,40.00,5.3333,true,1,3225
7290010195268,false,פופקורן פופסטאר חמישייה מופחת שומן טבעי,פופ סטאר,US,פופקורן פופסטאר מופחת שומן טבעי5יח 425גר,גרמים,425.00,100 גרם,false,1,14.90,3.5059,true,1,8333
7290010195275,false,פופ סטאר גרעיני תירס להכנת פופקורן במיקרוגל בטעם חמאה מופחת שומן 425 גרם,פופ סטאר,US,פופקורן פופסטאר מופחת שומן חמאה5יח425גר,גרמים,425.00,100 גרם,false,1,14.90,3.5059,true,1,8334
7290010199907,true,אלסבון ארומטי תה ירו,,,אלסבון ארומטי תה ירו,Each,0.00,Each,false,,8.90,0.0000,true,1,5623
7290010237531,false,פפסי קולה פלסטיק 500מל,"טמפו משקאות בע""ם.",IL,משקה פפסי קולה קוול 500 מל בק פקדון,מיליליטרים,500.00,"100 מ""ל",false,1,5.90,1.1800,true,1,5070
7290010237562,false,משקה פפסי מרינדה קוו,"טמפו משקאות בע""מ",IL,משקה פפסי מרינדה קוול 500 מל בק פקדון,מיליליטרים,500.00,"100 מ""ל",false,1,5.90,1.1800,true,1,8332
7290010237579,false,משקה סבן אפ קוול 500,"טמפו משקאות בע""מ",IL,משקה סבן אפ קוול 500 מל בק פקדון,מיליליטרים,500.00,"100 מ""ל",false,1,5.90,1.1800,true,1,5072
7290010237586,true,משקה ד.סבן אפ קוול 5,,,משקה ד.סבן אפ קוול 5,Each,0.00,Each,false,,5.90,0.0000,true,1,5073
7290010237685,false,"הייניקן בירה צואר ארוך 330מ""ל",טמפו משקאות בע''מ,IL,בירה היינקן בק330מל בק. פיקדון,מיליליטרים,330.00,"100 מ""ל",false,1,8.90,2.6970,true,1,38087
7290010259007,true,עוגיות בישקוטים 200,,,עוגיות בישקוטים 200,Each,0.00,Each,false,,5.90,0.0000,true,1,4248
7290010259977,true,שמן קנולה 1 ליטר ויל,,,שמן קנולה 1 ליטר ויל,Each,0.00,Each,false,,11.90,0.0000,true,1,4247
7290010259991,true,צנימים קלאסיק 250 גר,,,צנימים קלאסיק 250 גר,Each,0.00,Each,false,,7.90,0.0000,true,1,7242
7290010298273,true,יין דרך ארץ שרדונה 7,,,יין דרך ארץ שרדונה 7,Each,0.00,Each,false,,35.00,0.0000,true,1,19628
7290010298846,true,יין טומאסי אמרונה 75,,,יין טומאסי אמרונה 75,Each,0.00,Each,false,,240.00,0.0000,true,1,3261
7290010328093,true,ממרח חלבה אחווה 400,,,ממרח חלבה אחווה 400,Each,0.00,Each,false,,11.90,0.0000,true,1,5259
7290010328178,true,חלבה מסולסלת אחווה 2,,,חלבה מסולסלת אחווה 2,Each,0.00,Each,false,,10.90,0.0000,true,1,30582
7290010328468,true,חטיפי חלבה אחווה טעמ,,,חטיפי חלבה אחווה טעמ,Each,0.00,Each,false,,10.90,0.0000,true,1,25896
7290010328505,true,חטיפי חלבה אחווה ללא,,,חטיפי חלבה אחווה ללא,Each,0.00,Each,false,,10.90,0.0000,true,1,25897
7290010328727,true,ממרח טחינה עם שוקולד,,,ממרח טחינה עם שוקולד,Each,0.00,Each,false,,11.90,0.0000,true,1,16959
7290010328819,true,ממרח טחינה עם שוקולד,,,ממרח טחינה עם שוקולד,Each,0.00,Each,false,,11.90,0.0000,true,1,30583
7290010329854,true,עוג.מיני קוקיס בטעם,,,עוג.מיני קוקיס בטעם,Each,0.00,Each,false,,19.90,0.0000,true,1,6028
7290010357970,true,מב.שיניים תינוקות אק,,,מב.שיניים תינוקות אק,Each,0.00,Each,false,,19.90,0.0000,true,1,5123
7290010417162,false,יין גמלא ריזלינג לבן 750 מל,יקבי רמת הגולן קצרין,IL,יין גמלא ריזלינג 750 מל פקדון רמת הגולן,מיליליטרים,750.00,"100 מ""ל",false,1,60.00,8.0000,true,1,4207
7290010417315,true,יין גולן 2005 מרלו,,,יין גולן 2005 מרלו,Each,0.00,Each,false,,45.00,0.0000,true,1,4459
7290010429684,true,זוג דבש יד מרדכי 350,,,זוג דבש יד מרדכי 350,Each,0.00,Each,false,,34.90,0.0000,true,1,4465
7290010471669,false,יוגורט תות עם קורנפלקס מצופה שוקולד ללא גלוטן 3.9%,"שטראוס בריאות בע""\מ",IL,יוגורט דנונה בר קראנצ תות קורנפלקס 175גר,גרמים,175.00,100 גרם,false,1,4.70,2.6857,true,1,3868
7290010472307,false,"שמיניית משקה גמדים תות בננה דיסני 108 מ""ל","שטראוס בריאות בע""\מ",IL,מארז 8יח גמדים לשתיה טעם תות בננה 800מל,מיליליטרים,800.00,"100 מ""ל",false,6,15.90,1.9875,true,1,4114
7290010472390,true,מארז 8 מעדן דני שוקו,,,מארז 8 מעדן דני שוקו,Each,0.00,Each,false,,16.70,0.0000,true,1,4172
7290010513703,false,צ'ופסטיקס צפצפה - 20 יחידות,גולין פנגזו,IL,צופסטיקס יפני 20 יח,Unknown,0.00,Unknown,false,1,6.90,0.0000,true,1,4732
7290010513727,true,פירורי לחם פנקו 200,,,פירורי לחם פנקו 200,Each,0.00,Each,false,,8.90,0.0000,true,1,10409
7290010546152,false,גרנולה תמרים 400 גר' צנצנת,יוליניבר,IL,גרנולה מנדל תמרים 400 גר צנצנת,גרמים,400.00,100 גרם,false,1,19.90,4.9750,true,1,10564
7290010546169,false,"גרנולה בטעם ""דינמי"" בתוספת שקדים וצימוק",מנדל טי אמ סחר,IL,גרנולה מנדל שקד צימוק 400 גר צנצנת,גרמים,400.00,100 גרם,false,1,19.90,4.9750,true,1,10563
7290010546343,true,תערובת חביתה טבעונית,,,תערובת חביתה טבעונית,Each,0.00,Each,false,,12.90,0.0000,true,1,14085
7290010549108,false,רכז רימון טהור 350 ג,,UZ,רכז רימונים 350 גרם 100% טבעי גרנטה,גרמים,350.00,100 גרם,false,6,31.90,9.1143,true,1,39244
7290010561421,false,ברילי לחם כפרי EXTRA קמח טף 500 גרם,אשבל מזון פונקציונלי,IL,לחם כפרי קמח טף 500גר ברילי אקסטרא,גרמים,500.00,100 גרם,false,1,21.90,4.3800,true,1,37823
7290010561445,false,עוגיות שוקוצ'יפס 180 גרם,אשבל מזון פונקציונלי,IL,פיתות ברילי 420גר,גרמים,420.00,100 גרם,false,1,21.90,5.2143,true,1,37822
7290010561469,false,מאפה אצבע ללא גלוטן 330 גרם,אשבל מזון פונקציונלי,IL,לחמניות אצבע ברילי 330גר ללא גלוטן,גרמים,330.00,100 גרם,false,14,21.90,6.6364,true,1,41067
7290010561490,false,לחמניות 4 יח קפוא ללא גלוטן 370 גר,בר אל- ללא גלוטן,IL,לחמניות המבורגר ברילי 360גר ללא גלוטן,גרמים,360.00,100 גרם,false,1,21.90,6.0833,true,1,4819
7290010561582,false,עוגת בראוניז קיטו בר,אשבל,IL,עוגת בראוניז קיטו ברילי 50גר,Unknown,0.00,Unknown,false,18,12.90,0.0000,true,1,49730
7290010561599,false,מאפינס מייפל קיטו בר,אשבל,IL,מאפינס מייפל קיטו ברילי 50גר,Unknown,0.00,Unknown,false,18,12.90,0.0000,true,1,49731
7290010561612,false,מאפינס וניל קיטו ברי,אשבל,IL,מאפינס וניל קיטו ברילי 50גר,Unknown,0.00,Unknown,false,18,12.90,0.0000,true,1,49725
7290010561711,false,ברילי שייק קפה קיטו 30 גרם,אשבל,IL,שייק קפה קיטו ברילי 30 גר,Unknown,0.00,Unknown,false,18,11.90,0.0000,true,1,49724
7290010561728,false,קיטו אבקה להכנת משקה 40ג,אשבל,IL,אבקה להכנת שוקו קיטו ברילי 40גר,Unknown,0.00,Unknown,false,18,11.90,0.0000,true,1,49729
7290010561780,false,אבקת הכנת פודינג וניל35ג,אשבל,IL,פודינג וניל קיטו ברילי 35גר,Unknown,0.00,Unknown,false,18,11.90,0.0000,true,1,49727
7290010561797,false,אבקת להכנת פודינג 43 גרם,אשבל,IL,פודינג שוקולד קיטו ברילי 43גר,Unknown,0.00,Unknown,false,18,11.90,0.0000,true,1,49728
7290010582686,true,ליצי ארוז,,,ליצי ארוז,Unknown,0.00,Unknown,false,,14.90,0.0000,true,1,49564
7290010587483,false,"טוליפ אספרו אדום 750 מ""ל",יקב טוליפ,IL,יין אספרסו טוליפ 2016 750מל פקדון,מיליליטרים,750.00,"100 מ""ל",false,1,85.00,11.3333,true,1,21755
7290010589012,false,עוגת וופל במילוי קרם,,IL,עוגת וופל במילוי קרם חלב 315גר וישאם,גרמים,315.00,100 גרם,false,1,29.90,9.4921,true,1,36322
7290010589036,false,עוגת וופלבמילוי ריבת,,IL,עוגת וופלבמילוי ריבת חלב 270גר,גרמים,270.00,100 גרם,false,1,33.90,12.5556,true,1,36323
7290010589043,false,עוגת וופל במילוי ריב,,IL,עוגת וופל במילוי ריבת חלב 315גר וישאם,גרמים,315.00,100 גרם,false,1,29.90,9.4921,true,1,36321
7290010589135,false,גליליות ממולא קרם פט,וישם דברי מתיקה,IL,גליליות ממולא קרם פטיסייר 225גר וישאם,גרמים,225.00,100 גרם,false,1,29.90,13.2889,true,1,36337
7290010589302,false,עוגת וופל במילוי קרם,וישם דברי מתיקה,IL,עוגת וופל במילוי קרם קפה 270גרם,גרמים,270.00,100 גרם,false,1,33.90,12.5556,true,1,46256
7290010589326,false,עוגת וופל במילוי קרם,וישם דברי מתיקה,IL,עוגת וופל במילוי קרם פיסטוק 270גרם,גרמים,270.00,100 גרם,false,1,33.90,12.5556,true,1,46257
7290010650019,true,אנדיב תקוע ארוז,,,אנדיב תקוע ארוז,Each,0.00,Each,false,,15.00,0.0000,true,1,7044
7290010650033,true,בצלצלי שאלוט תקוע אר,,,בצלצלי שאלוט תקוע אר,Each,0.00,Each,false,,10.90,0.0000,true,1,7045
7290010650194,true,זנגוויל תאילנדי תקוע,,,זנגוויל תאילנדי תקוע,Each,0.00,Each,false,,8.90,0.0000,true,1,7048
7290010650255,true,לקט פטריות מיובשות ל,,,לקט פטריות מיובשות ל,Each,0.00,Each,false,,15.00,0.0000,true,1,7043
7290010650286,false,בייבי ברוקולי חוות תקוע,,,ברוקולי מיני תקוע,Unknown,0.00,Unknown,false,1,18.90,0.0000,true,1,7046
7290010650293,true,בצלצלי שאלוט מקולף ת,,,בצלצלי שאלוט מקולף ת,Each,0.00,Each,false,,14.90,0.0000,true,1,8083
7290010650354,true,שורש כורכום תקוע,,,שורש כורכום תקוע,Each,0.00,Each,false,,12.50,0.0000,true,1,8076
7290010650385,true,למון ליים אמיתי תקוע,,,למון ליים אמיתי תקוע,Each,0.00,Each,false,,13.00,0.0000,true,1,10331
7290010650415,true,עגבניות לחות תקוע 20,,,עגבניות לחות תקוע 20,Each,0.00,Each,false,,11.90,0.0000,true,1,7840
7290010650576,true,פטריות שינוקי תקוע,,,פטריות שינוקי תקוע,Each,0.00,Each,false,,11.90,0.0000,true,1,9359
7290010650590,true,ריזוטו פטריות תקוע,,,ריזוטו פטריות תקוע,Each,0.00,Each,false,,15.00,0.0000,true,1,10333
7290010650767,true,אנדיב אדום תקוע,,,אנדיב אדום תקוע,Each,0.00,Each,false,,20.00,0.0000,true,1,14199
7290010650828,false,פטריות שימג'י חוות תקוע 150 גרם,שנגחאי פינק פוד קומפני,CN,פטריות שימגי לבן תקוע,Unknown,0.00,Unknown,false,1,13.00,0.0000,true,1,24217
7290010650996,false,"פטריות שי מג'י חומות, 150 גרם חוות תקוע",שנגחאי פינק פוד קומפני,CN,פטריות שימגי חום תקוע,Unknown,0.00,Unknown,false,1,13.00,0.0000,true,1,39751
7290010657292,true,צלפים בחומץ סי פווד,,,צלפים בחומץ סי פווד,Each,0.00,Each,false,,13.50,0.0000,true,1,5602
7290010657490,true,סרדין קזבלנקה בשמן ח,,,סרדין קזבלנקה בשמן ח,Each,0.00,Each,false,,5.90,0.0000,true,1,8283
7290010657506,true,סרדין קזבלנקה בשמן ז,,,סרדין קזבלנקה בשמן ז,Each,0.00,Each,false,,6.90,0.0000,true,1,8282
7290010657568,true,סרדין קזבלנקה לימון,,,סרדין קזבלנקה לימון,Each,0.00,Each,false,,5.90,0.0000,true,1,8285
7290010657704,true,פילה מקרל בשמן זית ל,,,פילה מקרל בשמן זית ל,Each,0.00,Each,false,,11.00,0.0000,true,1,8281
7290010657834,true,מי ורדים 500 מל סי.א,,,מי ורדים 500 מל סי.א,Each,0.00,Each,false,,16.90,0.0000,true,1,6289
7290010657902,true,בצלצלי פנינה 400 גר,,,בצלצלי פנינה 400 גר,Each,0.00,Each,false,,11.90,0.0000,true,1,7476
7290010690138,false,ברוקולי ארוז גן ירוק,חקלאי,IL,ברוקולי ארוז במגשית,Unknown,0.00,Unknown,false,1,9.90,0.0000,true,1,9495
7290010690428,true,חסה לבבות,,,חסה לבבות,Each,0.00,Each,false,,9.90,0.0000,true,1,10800
7290010715220,false,כוסות קרטון חד פעמי,,,כוסות קרטון חד פעמי 8אונז 50יח פאלאס,יחידה,50.00,יחידה,false,1,12.90,0.2580,true,1,13479
7290010748853,true,קרם ידיים אפקטיב קר,,,קרם ידיים אפקטיב קר,Each,0.00,Each,false,,9.90,0.0000,true,1,5667
7290010748884,true,קרם גוף אפקטיב לעור,,,קרם גוף אפקטיב לעור,Each,0.00,Each,false,,24.90,0.0000,true,1,5665
7290010760947,true,עוגיות שקד בטעמים600,,,עוגיות שקד בטעמים600,Each,0.00,Each,false,,15.90,0.0000,true,1,17662
7290010766949,false,ממרח תחתיות ארטישוק 180ג' אוליביה,אוליביה,IL,ממרח תחתיות ארטישוק 180גר אוליביה,גרמים,180.00,100 גרם,false,1,13.90,7.7222,true,1,7927
7290010766956,false,ממרח פלפלים מתוקים אדומים אוליביה 180 גרם,אוליביה גורמה בעמ,IL,ממרח פלפלים קלויים 180 גר אוליביה,גרמים,180.00,100 גרם,false,1,13.90,7.7222,true,1,7928
7290010777051,true,מארז לחמניות המבורגר,,,מארז לחמניות המבורגר,Each,0.00,Each,false,,14.90,0.0000,true,1,15125
7290010777099,true,פיתות עבודת יד 8 יחי,,,פיתות עבודת יד 8 יחי,Each,0.00,Each,false,,12.90,0.0000,true,1,20616
7290010777150,true,פיתה בריבוע חיטה מלא,,,פיתה בריבוע חיטה מלא,Each,0.00,Each,false,,14.90,0.0000,true,1,14298
7290010777228,false,פיתות ביס חיטה מלא 12יח',מגוון שיווק והפצת מא,IL,פיתה ביס חיטה מלאה 100% 12 יחידות,יחידה,12.00,יחידה,false,1,13.90,1.1583,true,1,14299
7290010777297,true,פיתות ביס עגול/ריבוע,,,פיתות ביס עגול/ריבוע,Each,0.00,Each,false,,14.90,0.0000,true,1,14296
7290010777358,true,פיתה כוסמין 8 יחידות,,,פיתה כוסמין 8 יחידות,Each,0.00,Each,false,,17.90,0.0000,true,1,15527
7290010777488,false,פיתה מחמצת 100% קמח מלא פיתה אקספרס,מאפיית ביכורים מזון,IL,מארז 8יח פיתה מחמצת קמח מלא 500גר,יחידה,8.00,יחידה,false,1,16.90,2.1125,true,1,48556
7290010777525,false,מארז שישייה פיתות כוסמין פיתה אקספרס,מאפיית ביכורים מזון,IL,מארז 6יח פיתה כוסמין דק,יחידה,6.00,יחידה,false,1,17.90,2.9833,true,1,48557
7290010791538,false,מזון חתולים לה קט דליקטס עוף גורמה 85 גרם,מנדלז סי.אר. פרודקשן,TH,לה קט דליקטס עוף גורמה 85 גר,Unknown,0.00,Unknown,false,1,5.60,0.0000,true,1,4942
7290010791545,false,מזון חתולים לה קט דליקטס פטה כבד 85 גרם,"הייקיו, תאילנד",TH,לה קט דליקטס פטה כבד עוף 85 גר,Unknown,0.00,Unknown,false,1,5.60,0.0000,true,1,4944
7290010791583,false,לה-קט דליקטס דגי אוקינוס וטונה 85 גר',מנדלז סי.אר. פרודקשן,TH,לה קט אוקיאנוס וט דליקטס וטונה 85 גר,Unknown,0.00,Unknown,false,1,5.60,0.0000,true,1,4943
7290010791644,false,בונזו ג'וי מקלוני עןוף 90ג,בונזו,CN,בונזו גוי מקלוני עוף פריכים 90 גר,Unknown,0.00,Unknown,false,1,17.90,0.0000,true,1,11543
7290010814244,false,שלשות שוקולד מריר 85 גרם*3 בלמינט *18 בקרטון,"כרמית תעשיות ממתקים בע""\",IL,מארז 3 יח שוקולד אגו 44% מריר 85גר,גרמים,255.00,100 גרם,false,1,12.90,5.0588,true,1,5832
7290010814251,false,שלשות שוקולד חלב 85 גר*3 בלמינט*18 בקרט בדצ,כרמית תעשיות ממתקים,IL,מארז 3 יח שוקולד אגו חלב 85 גר,גרמים,255.00,100 גרם,false,1,12.90,5.0588,true,1,5833
7290010814268,false,שלשות שוקולד לבן 85 גר*3 בלמינט * 18 בקרטון,"כרמית תעשיות ממתקים בע""\",IL,מארז 3 יח שוקולד אגו לבן 85 גר,גרמים,255.00,100 גרם,false,1,12.90,5.0588,true,1,5834
7290010814695,true,שוקולד מריר ללא סוכר,,,שוקולד מריר ללא סוכר,Each,0.00,Each,false,,5.90,0.0000,true,1,4876
7290010814701,true,שוקולד חלב ללא סוכר,,,שוקולד חלב ללא סוכר,Each,0.00,Each,false,,5.90,0.0000,true,1,4875
7290010838219,true,ממתיק סטיביה מרמוליי,,,ממתיק סטיביה מרמוליי,Each,0.00,Each,false,,26.90,0.0000,true,1,9563
7290010838424,true,זוג נוזל אסלה טואלט,,,זוג נוזל אסלה טואלט,Each,0.00,Each,false,,17.90,0.0000,true,1,4311
7290010838431,true,זוג נוזל אסלה טואלט,,,זוג נוזל אסלה טואלט,Each,0.00,Each,false,,17.90,0.0000,true,1,4312
7290010883042,true,סנובון נוזלי בניחוח,,,סנובון נוזלי בניחוח,Each,0.00,Each,false,,10.90,0.0000,true,1,4856
7290010883356,true,זוג כפפות אלוורה סנו,,,זוג כפפות אלוורה סנו,Each,0.00,Each,false,,11.90,0.0000,true,1,4971
7290010883363,true,זוג כפפות אלוורה סנו,,,זוג כפפות אלוורה סנו,Each,0.00,Each,false,,11.90,0.0000,true,1,4969
7290010883370,true,זוג כפפות אלוורה סנו,,,זוג כפפות אלוורה סנו,Each,0.00,Each,false,,11.90,0.0000,true,1,4970
7290010911691,true,דמי פקדון למיכל 130,,,דמי פקדון למיכל 130,Each,0.00,Each,false,,109.90,0.0000,true,1,12706
7290010945146,true,גבינת קוטג 3% מועשר,,,גבינת קוטג 3% מועשר,Each,0.00,Each,false,,6.00,0.0000,true,1,4345
7290010945306,false,חלב בקרטון 3% 2 ליטר טרה,הפריט בפיקוח,IL,חלב 3% בקרטון 2 ל***,ליטרים,2.00,ליטר,false,1,12.46,6.2300,true,1,4514
7290010945450,true,גבינה לבנה 3% 250 ג,,,גבינה לבנה 3% 250 ג,Each,0.00,Each,false,,5.10,0.0000,true,1,4505
7290011017866,true,קוקה קולה פחית 330 פ,,,קוקה קולה פחית 330 פ,Each,0.00,Each,false,,5.90,0.0000,true,1,9641
7290011017873,false,"פחיות קוקה קולה זירו 330 מ""ל",החברה המרכזית לייצור משקאות,IL,קוקה קולה זירו פחית 330 פקדון,מיליליטרים,330.00,"100 מ""ל",false,1,5.90,1.7879,true,1,9643
7290011017880,false,דיאט קוקה קולה פחית סליק 330מל,החברה המרכזית לייצור משקאות,IL,קוקה קולה דיאט פחית 330 פקדון,מיליליטרים,330.00,"100 מ""ל",false,1,5.90,1.7879,true,1,9642
7290011018313,false,מארז 4 יח פיוז תה אפ,FUZE TEA,IL,מארז 4 יח פיוז תה אפרסק 1.5 ל,ליטרים,6.00,ליטר,false,1,37.70,6.2833,true,1,9632
7290011018368,true,מארז 6יח בירה ויינשט,,,מארז 6יח בירה ויינשט,Each,0.00,Each,false,,69.90,0.0000,true,1,10073
7290011018443,true,משקה פאנטה אורנג פחי,,,משקה פאנטה אורנג פחי,Each,0.00,Each,false,,5.90,0.0000,true,1,10583
7290011018917,true,מארז 6 פחיות קוקה קו,,,מארז 6 פחיות קוקה קו,Each,0.00,Each,false,,23.90,0.0000,true,1,10494
7290011026066,false,"ד""ר פישר - סרקל שמפו + מרכך לילדים 1 ליטר",פישר מעבדות פרמצבטיות בע,IL,שמפו+מרכך סרקל 1 ל,ליטרים,1.00,ליטר,false,1,28.90,28.9000,true,1,4918
7290011026301,true,שמפו לשיער כסוף 400מ,,,שמפו לשיער כסוף 400מ,Each,0.00,Each,false,,22.90,0.0000,true,1,20326
7290011026523,true,שמפו סנסטיב לפני שינ,,,שמפו סנסטיב לפני שינ,Each,0.00,Each,false,,22.90,0.0000,true,1,5645
7290011026530,true,אלסבון סנסטיב לפני ש,,,אלסבון סנסטיב לפני ש,Each,0.00,Each,false,,22.90,0.0000,true,1,5646
7290011051358,true,שוופס סודה לימון 250,,,שוופס סודה לימון 250,Each,0.00,Each,false,,3.90,0.0000,true,1,4986
7290011051525,true,ספרינג טי אפרסק 500,,,ספרינג טי אפרסק 500,Each,0.00,Each,false,,6.90,0.0000,true,1,5710
7290011081492,true,גל.קרמיסימו שרבט 3 ש,,,גל.קרמיסימו שרבט 3 ש,Each,0.00,Each,false,,22.90,0.0000,true,1,5345
7290011081690,true,גל.קרמיסימו שוקו/וני,,,גל.קרמיסימו שוקו/וני,Each,0.00,Each,false,,22.90,0.0000,true,1,5825
7290011115258,true,מארז 4 יח סבון נקה 7,,,מארז 4 יח סבון נקה 7,Each,0.00,Each,false,,11.90,0.0000,true,1,5593
7290011115289,true,מארז 4 יח סבון נקה 7,,,מארז 4 יח סבון נקה 7,Each,0.00,Each,false,,11.90,0.0000,true,1,5591
7290011126209,true,תה גן הקסום תפוח קינ,,,תה גן הקסום תפוח קינ,Each,0.00,Each,false,,19.50,0.0000,true,1,4844
7290011126452,true,תה גן הקסום קמומיל נ,,,תה גן הקסום קמומיל נ,Each,0.00,Each,false,,19.50,0.0000,true,1,5688
7290011126469,true,תה גן הקסום קמומיל ד,,,תה גן הקסום קמומיל ד,Each,0.00,Each,false,,19.50,0.0000,true,1,5689
7290011126940,true,תה ירוק מרווה 1.5 ג,,,תה ירוק מרווה 1.5 ג,Each,0.00,Each,false,,24.90,0.0000,true,1,6478
7290011126957,true,תה ירוק ארל גריי 1.5,,,תה ירוק ארל גריי 1.5,Each,0.00,Each,false,,24.90,0.0000,true,1,6477
7290011131371,false,"מוזלי שקדים ואגוזים 1 ק""ג גרין",ויטליאה ניקולה דו,MK,תערובת מיזלי גרין שקדים 1 קג,קילוגרמים,1.00,"ק""ג",false,1,22.90,22.9000,true,1,5869
7290011131395,false,"מוזלי בתוספת 30% פירות 1 ק""ג גרין",ויטליאה ניקולה דו,MK,תערובת מיזלי גרין קראנץ 1 קג,קילוגרמים,1.00,"ק""ג",false,1,22.90,22.9000,true,1,5867
7290011131975,false,גרנולה בתוספת פירות מיובשים ומסוכרים,ויטליאה ניקולה דו,MK,תערובת גרנולה פירות 1 קג ספץ,קילוגרמים,1.00,"ק""ג",false,1,22.90,22.9000,true,1,7500
7290011132514,true,בירה פאולנר בק 330 מ,,,בירה פאולנר בק 330 מ,Each,0.00,Each,false,,12.90,0.0000,true,1,5627
7290011132583,false,"מארז פפסי מקס 500 מ""ל*6 יח' בקבוק","טמפו משקאות בע""\מ",IL,משקה פפסי מקס 6יחידות 500מל בק. פקדון,מיליליטרים,3000.00,"100 מ""ל",false,4,23.90,0.7967,true,1,39280
7290011133375,true,מארז 6יח בירה שנדי א,,,מארז 6יח בירה שנדי א,Each,0.00,Each,false,,29.90,0.0000,true,1,6751
7290011133634,false,"פפסי מקס פחית צרה מארז שישייה 330 מ""ל","טמפו משקאות בע""\מ",IL,מארז שישיית פפסי מקס פחיות 330מל פקדון,מיליליטרים,1980.00,"100 מ""ל",false,4,18.90,0.9545,true,1,29398
7290011154035,false,"תרכיז תפוחים סחוט טעמי הגליל 500 מ""ל",טעמי הגליל,IL,תרכיז תפוח טבעי סחוט טעמי הגליל 500 מל,מיליליטרים,500.00,"100 מ""ל",false,1,19.90,3.9800,true,1,33212
7290011154080,false,"תרכיז תפוחים צלול טעמי הגליל 500 מ""ל",טעמי הגליל,IL,תרכיז תפוח צלול טעמי הגליל 500 מל,מיליליטרים,500.00,"100 מ""ל",false,1,19.90,3.9800,true,1,33211
7290011154882,false,"תרכיז תפוזים טבעי טעמי הגליל 500 מ""ל",טעמי הגליל,IL,תרכיז תפוזים טבעי טעמי הגליל 500 מל,מיליליטרים,500.00,"100 מ""ל",false,1,26.90,5.3800,true,1,47726
7290011154899,false,"תרכיז תפוזים וענבים טבעי טעמי הגליל 500 מ""ל",טעמי הגליל,IL,תרכיז תפוחים ענבים טבעי טעמי הגליל500 מל,מיליליטרים,500.00,"100 מ""ל",false,1,26.90,5.3800,true,1,47727
7290011194215,true,מעדן דניאלה בננה 10,,,מעדן דניאלה בננה 10,Each,0.00,Each,false,,4.50,0.0000,true,1,4392
7290011194741,true,משקה דנונה אקטיביה 2,,,משקה דנונה אקטיביה 2,Each,0.00,Each,false,,5.40,0.0000,true,1,4712
7290011223021,true,רפידות הנקה פרש וואנ,,,רפידות הנקה פרש וואנ,Each,0.00,Each,false,,17.90,0.0000,true,1,4520
7290011223045,true,בישקוטים בונמי 200 ג,,,בישקוטים בונמי 200 ג,Each,0.00,Each,false,,7.00,0.0000,true,1,7768
7290011223229,true,ט.דאק גל אסלה טיפות,,,ט.דאק גל אסלה טיפות,Each,0.00,Each,false,,9.90,0.0000,true,1,4612
7290011236649,true,שוקולד ציפס בלגי 54%,,,שוקולד ציפס בלגי 54%,Each,0.00,Each,false,,11.90,0.0000,true,1,5524
7290011249250,true,גביעי גלידה אמריקאי,,,גביעי גלידה אמריקאי,Each,0.00,Each,false,,10.90,0.0000,true,1,8590
7290011249748,true,גלילי וופל רול גילרו,,,גלילי וופל רול גילרו,Each,0.00,Each,false,,4.00,0.0000,true,1,12546
7290011249755,true,גלילי וופל רול גילרו,,,גלילי וופל רול גילרו,Each,0.00,Each,false,,4.00,0.0000,true,1,12547
7290011263270,true,דמי פקדון למיכל 60 ס,,,דמי פקדון למיכל 60 ס,Each,0.00,Each,false,,95.90,0.0000,true,1,12184
7290011303570,false,מעדן רימון דודה ברטה,,IL,מעדן רימון דודה ברטה 284 גרם,גרמים,284.00,100 גרם,false,6,15.90,5.5986,true,1,48946
7290011378028,true,חלבה ללא סוכר שומשום,,,חלבה ללא סוכר שומשום,Each,0.00,Each,false,,15.90,0.0000,true,1,5730
7290011378233,true,מארז7יח חטיף חלבה ונ,,,מארז7יח חטיף חלבה ונ,Each,0.00,Each,false,,11.90,0.0000,true,1,10742
7290011378257,true,מארז7יח חטיף חלבה פק,,,מארז7יח חטיף חלבה פק,Each,0.00,Each,false,,11.90,0.0000,true,1,10805
7290011378776,true,מארז7יח חטיף חלבה פי,,,מארז7יח חטיף חלבה פי,Each,0.00,Each,false,,11.90,0.0000,true,1,9748
7290011391843,true,יין קברנה שיראז 750,,,יין קברנה שיראז 750,Each,0.00,Each,false,,100.00,0.0000,true,1,24238
7290011435226,true,דבש לחיץ פרחי בר 650,,,דבש לחיץ פרחי בר 650,Each,0.00,Each,false,,34.90,0.0000,true,1,6973
7290011438142,false,"משקה יטבתה אייס קפה בבקבוק אישי 350 מ""ל",שטראוס גרופ,IL,משקה חלב טעם קפה יוטבתה בקבוק 350 מל,מיליליטרים,350.00,"100 מ""ל",false,1,6.60,1.8857,true,1,5258
7290011447014,true,דייסת מטרנה סלט פירו,,,דייסת מטרנה סלט פירו,Each,0.00,Each,false,,15.90,0.0000,true,1,4840
7290011447359,true,מטרנה מהדרין שלב 1 ח,,,מטרנה מהדרין שלב 1 ח,Each,0.00,Each,false,,62.90,0.0000,true,1,26821
7290011447373,true,מטרנה מהדרין שלב 2 ח,,,מטרנה מהדרין שלב 2 ח,Each,0.00,Each,false,,62.90,0.0000,true,1,5918
7290011473006,false,קינואה אורגני לבנה 500 גרם,ארוז ע' תבואות,BO,קינואה אורגנית 500 גר תבואות,גרמים,500.00,100 גרם,false,1,15.90,3.1800,true,1,7286
7290011473051,true,קוואקר עבה אורגני 50,,,קוואקר עבה אורגני 50,Each,0.00,Each,false,,10.90,0.0000,true,1,7287
7290011473099,true,אורז עגול אורגני 500,,,אורז עגול אורגני 500,Each,0.00,Each,false,,10.50,0.0000,true,1,7290
7290011473112,true,אורז אדום אורגני 500,,,אורז אדום אורגני 500,Each,0.00,Each,false,,17.00,0.0000,true,1,7291
7290011473136,true,גרעיני דלעת מקולף או,,,גרעיני דלעת מקולף או,Each,0.00,Each,false,,16.90,0.0000,true,1,7293
7290011473143,true,קוסקוס אורגני 500 גר,,,קוסקוס אורגני 500 גר,Each,0.00,Each,false,,12.90,0.0000,true,1,7294
7290011473181,true,עדשים שחורים אורגני,,,עדשים שחורים אורגני,Each,0.00,Each,false,,15.90,0.0000,true,1,7296
7290011473211,false,"עדשים אדומים אורגני 500 גרם ""תבואות""",אורז ע'י,TR,עדשים אדומים אורגני 500 גר תבואות,גרמים,500.00,100 גרם,false,1,12.90,2.5800,true,1,7299
7290011473228,true,אפונה ירוקה אורגנית,,,אפונה ירוקה אורגנית,Each,0.00,Each,false,,10.20,0.0000,true,1,7300
7290011473242,true,פשתן זרעים אורגני 50,,,פשתן זרעים אורגני 50,Each,0.00,Each,false,,11.50,0.0000,true,1,7301
7290011473259,true,פשתן טחון אורגני 350,,,פשתן טחון אורגני 350,Each,0.00,Each,false,,11.90,0.0000,true,1,7302
7290011473266,true,אמרנט אורגני 500 גר,,,אמרנט אורגני 500 גר,Each,0.00,Each,false,,15.90,0.0000,true,1,7303
7290011473273,true,בורגול אורגני 500 גר,,,בורגול אורגני 500 גר,Each,0.00,Each,false,,10.50,0.0000,true,1,7304
7290011473280,true,חומוס אורגני 500 גר,,,חומוס אורגני 500 גר,Each,0.00,Each,false,,11.50,0.0000,true,1,7305
7290011473310,true,פולי אזוקי אורגני 50,,,פולי אזוקי אורגני 50,Each,0.00,Each,false,,13.10,0.0000,true,1,7308
7290011473327,true,מש אורגני 500 גר תבו,,,מש אורגני 500 גר תבו,Each,0.00,Each,false,,15.50,0.0000,true,1,7309
7290011473341,true,שעועית אדומה אורגנית,,,שעועית אדומה אורגנית,Each,0.00,Each,false,,13.50,0.0000,true,1,7325
7290011473358,true,שעועית שחורה אורגנית,,,שעועית שחורה אורגנית,Each,0.00,Each,false,,12.20,0.0000,true,1,7311
7290011473372,false,אבקת חרובים אורגני 500 גרם,,ES,אבקת חרובים אורגנית 400 גר תבואות,גרמים,400.00,100 גרם,false,1,13.90,3.4750,true,1,7340
7290011473389,true,קמח כוסמין לבן אורגנ,,,קמח כוסמין לבן אורגנ,Each,0.00,Each,false,,12.90,0.0000,true,1,7341
7290011473433,true,כוסמת אורגנית 500 גר,,,כוסמת אורגנית 500 גר,Each,0.00,Each,false,,11.90,0.0000,true,1,7314
7290011473440,true,שיבולת שועל אורגני 5,,,שיבולת שועל אורגני 5,Each,0.00,Each,false,,12.20,0.0000,true,1,7315
7290011473457,true,שומשום שחור אורגני 4,,,שומשום שחור אורגני 4,Each,0.00,Each,false,,17.00,0.0000,true,1,7317
7290011473471,true,אורז בסמטי לבן אורגנ,,,אורז בסמטי לבן אורגנ,Each,0.00,Each,false,,13.90,0.0000,true,1,7318
7290011473495,true,פתיתי שמרי בירה טבעי,,,פתיתי שמרי בירה טבעי,Each,0.00,Each,false,,24.50,0.0000,true,1,7344
7290011473525,true,אורז בר טבעי 400 גר,,,אורז בר טבעי 400 גר,Each,0.00,Each,false,,34.90,0.0000,true,1,7345
7290011473532,true,סוכר ענבים טבעי 500,,,סוכר ענבים טבעי 500,Each,0.00,Each,false,,11.00,0.0000,true,1,7346
7290011473549,true,קמח קינואה אורגני500,,,קמח קינואה אורגני500,Each,0.00,Each,false,,18.90,0.0000,true,1,16934
7290011473556,true,סוכר פירות טבעי 500,,,סוכר פירות טבעי 500,Each,0.00,Each,false,,14.90,0.0000,true,1,7347
7290011473570,true,קמח חומוס טבעי 500 ג,,,קמח חומוס טבעי 500 ג,Each,0.00,Each,false,,12.50,0.0000,true,1,7348
7290011473594,true,טחינה אורגנית 1 קג ת,,,טחינה אורגנית 1 קג ת,Each,0.00,Each,false,,28.90,0.0000,true,1,19784
7290011473600,false,מלח הימליה דק 500 גר תבואות,תבואות,,מלח הימליה דק 500 גר תבואות,גרמים,500.00,100 גרם,false,1,12.90,2.5800,true,1,11335
7290011473624,true,טחינה מלאה אורגנית 1,,,טחינה מלאה אורגנית 1,Each,0.00,Each,false,,28.90,0.0000,true,1,7350
7290011473655,true,סוכר קנים אורגני 1 ק,,,סוכר קנים אורגני 1 ק,Each,0.00,Each,false,,10.90,0.0000,true,1,7320
7290011473709,false,קינואה אורגנית תבואו,,BO,קינואה אורגנית 1 קג תבואות,קילוגרמים,1.00,"ק""ג",false,1,29.90,29.9000,true,1,7323
7290011473723,false,הימליה דק שקית 1 קילו תבואות,,,מלח הימליה דק 1 קג תבואות,קילוגרמים,1.00,"ק""ג",false,1,12.90,12.9000,true,1,15853
7290011473808,true,פשתן זהב אורגני 500,,,פשתן זהב אורגני 500,Each,0.00,Each,false,,12.20,0.0000,true,1,7324
7290011473860,true,אבקת שימרי בירה טבעי,,,אבקת שימרי בירה טבעי,Each,0.00,Each,false,,24.50,0.0000,true,1,7352
7290011473877,false,קינואה אדומה אורגנית 500 גרם,יורופנה,BO,קינואה אדומה אורגנית 500 גר תבואות,גרמים,500.00,100 גרם,false,1,19.90,3.9800,true,1,7328
7290011473884,false,קינואה שחורה אורגנית 500 גרם תבואות,יורופנה,BO,קינואה שחורה אורגנית 500 גר תבואות,גרמים,500.00,100 גרם,false,1,19.90,3.9800,true,1,7329
7290011473891,false,עדשים צהובים אורגני 500 גרם,תבואות,TR,עדשים צהובים אורגנים 500 גר תבואות,גרמים,500.00,100 גרם,false,1,14.50,2.9000,true,1,7330
7290011473907,true,סובין חיטה טבעי 200,,,סובין חיטה טבעי 200,Each,0.00,Each,false,,6.10,0.0000,true,1,7353
7290011473921,true,סובין שיבולת שועל טב,,,סובין שיבולת שועל טב,Each,0.00,Each,false,,14.50,0.0000,true,1,7354
7290011473952,true,קוואקר מהיר הכנה טבע,,,קוואקר מהיר הכנה טבע,Each,0.00,Each,false,,6.50,0.0000,true,1,7356
7290011473969,false,קינואה טריו אורגנית 500 גרם,תבואות,BO,קינואה טריו אורגנית 500 גר תבואות,גרמים,500.00,100 גרם,false,1,21.90,4.3800,true,1,7285
7290011473983,true,תערובת קטניות לקדרה,,,תערובת קטניות לקדרה,Each,0.00,Each,false,,15.90,0.0000,true,1,7331
7290011474003,true,שמן קוקוס כתית אורגנ,,,שמן קוקוס כתית אורגנ,Each,0.00,Each,false,,18.90,0.0000,true,1,7357
7290011474072,true,פסטה פוסילי כוסמין מ,,,פסטה פוסילי כוסמין מ,Each,0.00,Each,false,,17.90,0.0000,true,1,7334
7290011474102,true,תערובת קטניות למרק א,,,תערובת קטניות למרק א,Each,0.00,Each,false,,16.90,0.0000,true,1,7335
7290011474362,true,קמח עדשים אורגני 500,,,קמח עדשים אורגני 500,Each,0.00,Each,false,,12.90,0.0000,true,1,12195
7290011474386,true,קוואקר דק אורגני 500,,,קוואקר דק אורגני 500,Each,0.00,Each,false,,10.90,0.0000,true,1,7339
7290011474447,true,קוואקר עבה טבעי 400,,,קוואקר עבה טבעי 400,Each,0.00,Each,false,,6.50,0.0000,true,1,7359
7290011474478,false,גרעיני ציה אורגניים 300 גרם,תבואות,MX,גרעיני ציאה אורגני 350 גר תבואות,גרמים,300.00,100 גרם,false,1,19.90,6.6333,true,1,7769
7290011474591,true,פסטה פנה קמח כוסמין,,,פסטה פנה קמח כוסמין,Each,0.00,Each,false,,17.90,0.0000,true,1,7749
7290011474683,true,מגדרה קינואה אורגנית,,,מגדרה קינואה אורגנית,Each,0.00,Each,false,,21.90,0.0000,true,1,9093
7290011474843,true,גוגי ברי 200 גר,,,גוגי ברי 200 גר,Each,0.00,Each,false,,18.90,0.0000,true,1,22215
7290011474898,true,סוכר קוקוס אורגני תב,,,סוכר קוקוס אורגני תב,Each,0.00,Each,false,,18.00,0.0000,true,1,26811
7290011498092,true,מרציפן נטו כיכר 200,,,מרציפן נטו כיכר 200,Each,0.00,Each,false,,22.90,0.0000,true,1,22542
7290011498160,true,שמן קוקוס אורגני שקד,,,שמן קוקוס אורגני שקד,Each,0.00,Each,false,,49.90,0.0000,true,1,6358
7290011498177,true,ממרח שקד לבן 700 גרם,,,ממרח שקד לבן 700 גרם,Each,0.00,Each,false,,64.90,0.0000,true,1,30213
7290011498221,false,גרוסליין - סילאן טבעי 900 גרם,אלמנדוס,IL,סילאן טבעי שקד תבור 900 גרם,גרמים,900.00,100 גרם,false,1,19.90,2.2111,true,1,14717
7290011498283,false,אגוזי אדמה חמאה בוטנים 700 גר,שקד תבור,IL,חמאת בוטנים שקד תבור 700 גרם,גרמים,700.00,100 גרם,false,1,25.90,3.7000,true,1,33594
7290011498351,true,ממרח אילסר אגוזי לוז,,,ממרח אילסר אגוזי לוז,Each,0.00,Each,false,,26.90,0.0000,true,1,13721
7290011498368,true,ממרח פיסטוק אלת הבטנ,,,ממרח פיסטוק אלת הבטנ,Each,0.00,Each,false,,41.90,0.0000,true,1,6355
7290011498405,true,שמן קוקוס אורגני 350,,,שמן קוקוס אורגני 350,Each,0.00,Each,false,,22.90,0.0000,true,1,6351
7290011498429,true,מטבעות שוקולד 70% מר,,,מטבעות שוקולד 70% מר,Each,0.00,Each,false,,26.00,0.0000,true,1,6353
7290011498498,false,סירופ אגבה לחיץ 500 גרם,"אלמונדס בע""מ",IL,סירופ אגבה לחיץ שקד תבור 500 גרם,גרמים,500.00,100 גרם,false,12,22.90,4.5800,true,1,7642
7290011498511,true,ממרח חלבה מלאה 350 ג,,,ממרח חלבה מלאה 350 ג,Each,0.00,Each,false,,13.90,0.0000,true,1,19180
7290011498528,true,שמן פשתן 100% טבעי 2,,,שמן פשתן 100% טבעי 2,Each,0.00,Each,false,,24.00,0.0000,true,1,15486
7290011498573,true,מטבעות שוקולד 61% מר,,,מטבעות שוקולד 61% מר,Each,0.00,Each,false,,26.00,0.0000,true,1,13718
7290011498580,true,כיכר מרציפן אורגני 2,,,כיכר מרציפן אורגני 2,Each,0.00,Each,false,,30.00,0.0000,true,1,8989
7290011498634,true,חמאת גרעיני דלעת 300,,,חמאת גרעיני דלעת 300,Each,0.00,Each,false,,27.90,0.0000,true,1,17576
7290011498733,true,שמן קצח 100% 250 מל,,,שמן קצח 100% 250 מל,Each,0.00,Each,false,,49.90,0.0000,true,1,11173
7290011498740,false,שקד מלא טחון בכבישה קרה,"אלמונדס בע""מ",IL,ממרח שקד מלא כבישה קרה 310 גר,גרמים,310.00,100 גרם,false,6,28.90,9.3226,true,1,8330
7290011498795,false,אבקת מאקה שקד תבור 2,שקד תבור,,אבקת מאקה שקד תבור 250 גרם,גרמים,250.00,100 גרם,false,1,29.90,11.9600,true,1,33601
7290011498801,true,מרציפן פרימיום 65% ל,,,מרציפן פרימיום 65% ל,Each,0.00,Each,false,,24.00,0.0000,true,1,15923
7290011498870,true,חטיפי תמר מילוי חמאת,,,חטיפי תמר מילוי חמאת,Each,0.00,Each,false,,18.90,0.0000,true,1,28532
7290011498887,true,חטיפי תמר מילוי חמאת,,,חטיפי תמר מילוי חמאת,Each,0.00,Each,false,,18.90,0.0000,true,1,28533
7290011498894,true,חטיפי תמר מילוי חמאת,,,חטיפי תמר מילוי חמאת,Each,0.00,Each,false,,18.90,0.0000,true,1,28534
7290011498900,true,חטיפי תמר חמאת שקדים,,,חטיפי תמר חמאת שקדים,Each,0.00,Each,false,,18.90,0.0000,true,1,28535
7290011498917,true,חטיפי תמר חמאת קוקוס,,,חטיפי תמר חמאת קוקוס,Each,0.00,Each,false,,18.90,0.0000,true,1,28509
7290011498948,true,חטיפי תמר מצופה שוקל,,,חטיפי תמר מצופה שוקל,Each,0.00,Each,false,,18.90,0.0000,true,1,28495
7290011498955,false,אגוזי אדמה חמאת בוטנ300ג,שקד תבור,IL,חמאת בוטנים שקד תבור 300 גרם,גרמים,300.00,100 גרם,false,1,12.90,4.3000,true,1,13655
7290011498962,false,שקד לבן בכבישה קרה 300 ג,"אלמונדס בע""מ",IL,ממרח שקד לבן כבישה קרה 300 גר,גרמים,300.00,100 גרם,false,1,28.90,9.6333,true,1,11088
7290011498979,false,שקד לבן בתוספת סיבים 300 גרם,מרכז השקד,IL,ממרח שקד לבן מועשר 300 גר,גרמים,300.00,100 גרם,false,6,28.90,9.6333,true,1,11172
7290011498986,true,חטיפי תמר חמאת קשיו,,,חטיפי תמר חמאת קשיו,Each,0.00,Each,false,,18.90,0.0000,true,1,13653
7290011498993,true,ממרח קשיו לבן 300 גר,,,ממרח קשיו לבן 300 גר,Each,0.00,Each,false,,27.90,0.0000,true,1,13654
7290011499303,true,גבינה בולגרית עיזים,,,גבינה בולגרית עיזים,Each,0.00,Each,false,,33.90,0.0000,true,1,6048
7290011499327,true,גבינה בולגרית חלב בק,,,גבינה בולגרית חלב בק,Each,0.00,Each,false,,24.90,0.0000,true,1,6049
7290011499341,true,גבינת קאשקבלו 26% שו,,,גבינת קאשקבלו 26% שו,Each,0.00,Each,false,,26.90,0.0000,true,1,6229
7290011499358,true,גבינת פטה עיזים 200ג,,,גבינת פטה עיזים 200ג,Each,0.00,Each,false,,29.90,0.0000,true,1,6230
7290011499365,false,גד חלומי 24% 200 גרם רובין,"מחלבות גד בע""\מ",IL,גבינת חלומי 24% 200 גר,גרמים,200.00,100 גרם,false,1,22.90,11.4500,true,1,6231
7290011499525,false,גבינת לאבנה דרוזית 9% גד 500 גרם,מחלבות גד בעמ,IL,לבנה 9% דרוזית למריחה 500 גר,גרמים,500.00,100 גרם,false,1,21.90,4.3800,true,1,6982
7290011499624,true,גבינת שמנת 30% טבעית,,,גבינת שמנת 30% טבעית,Each,0.00,Each,false,,14.50,0.0000,true,1,7553
7290011499846,true,גבינת ריקוטה פרסקה 3,,,גבינת ריקוטה פרסקה 3,Each,0.00,Each,false,,19.90,0.0000,true,1,8165
7290011499853,true,גבינת שמנת 30% זיתים,,,גבינת שמנת 30% זיתים,Each,0.00,Each,false,,14.50,0.0000,true,1,8271
7290011501617,true,חמוציות ברכז תפוח ל.,,,חמוציות ברכז תפוח ל.,Each,0.00,Each,false,,14.90,0.0000,true,1,11816
7290011505776,true,שיפודי במבוק עבים במ,,,שיפודי במבוק עבים במ,Each,0.00,Each,false,,3.90,0.0000,true,1,19758
7290011505806,true,קיסמי שיניים דנטליים,,,קיסמי שיניים דנטליים,Each,0.00,Each,false,,9.90,0.0000,true,1,19752
7290011515683,true,מאגדת שלגון אקסטרים,,,מאגדת שלגון אקסטרים,Each,0.00,Each,false,,35.90,0.0000,true,1,5156
7290011515911,true,מאגדת שלגון לייט ריב,,,מאגדת שלגון לייט ריב,Each,0.00,Each,false,,29.90,0.0000,true,1,6549
7290011518561,true,משקה אקטימל תות 14,,,משקה אקטימל תות 14,Each,0.00,Each,false,,33.80,0.0000,true,1,4838
7290011525316,true,תחליב סנסטיב לתינוק,,,תחליב סנסטיב לתינוק,Each,0.00,Each,false,,19.90,0.0000,true,1,5650
7290011525323,true,אלסבון קמיל בלו סנסט,,,אלסבון קמיל בלו סנסט,Each,0.00,Each,false,,22.90,0.0000,true,1,5651
7290011525712,false,"קמיל בלו אל סבון סנסיטיב לפני השינה ד""ר פישר 1 ליטר",פישר מעבדות פרמצבטיות בע,IL,אלסבון סנסטיב לפני שינה 1 ל קמיל בלו,ליטרים,1.00,ליטר,false,1,24.90,24.9000,true,1,5647
7290011525729,false,שמפו לתינוק קמיל בלו סנסטיב לפני השינה עם לבנדר וקמומיל,פישר מעבדות פרמצבטיות בע,IL,שמפו סנסטיב לפני שינה 1 ל קמיל בלו,ליטרים,1.00,ליטר,false,1,24.90,24.9000,true,1,5648
7290011575007,true,מרסס הפי לאמבט ומקלח,,,מרסס הפי לאמבט ומקלח,Each,0.00,Each,false,,19.90,0.0000,true,1,4980
7290011575526,true,מטלית מיקרופייבר הפי,,,מטלית מיקרופייבר הפי,Each,0.00,Each,false,,12.90,0.0000,true,1,6203
7290011575755,true,דבק סופר גלו גל,,,דבק סופר גלו גל,Each,0.00,Each,false,,15.90,0.0000,true,1,19593
7290011575809,true,ספריי נוצץ הגרטי הפי,,,ספריי נוצץ הגרטי הפי,Each,0.00,Each,false,,31.50,0.0000,true,1,6640
7290011598365,true,מטלית מיקרופייבר סנו,,,מטלית מיקרופייבר סנו,Each,0.00,Each,false,,17.90,0.0000,true,1,4968
7290011598402,true,מרכך כביסה סנומקסימה,,,מרכך כביסה סנומקסימה,Each,0.00,Each,false,,22.90,0.0000,true,1,5000
7290011607180,false,"אבקת כביסה קולון 101 1.25 ק""ג",ריקט בנקיזר ( ניר אי,IL,אב.כביסה קולון 101 כתמים 1.25 קג,קילוגרמים,1.25,"ק""ג",false,1,12.90,10.3200,true,1,4975
7290011607197,false,"קולון 101 אבקת כביסה 5 ק""ג",רקיט בנקיזר,IL,אב.כביסה קולון 101 כתמים 5 קג מיוחד,קילוגרמים,5.00,"ק""ג",false,1,29.90,5.9800,true,1,4952
7290011618025,true,נגיסי אורז בייבי ביס,,,נגיסי אורז בייבי ביס,Each,0.00,Each,false,,13.90,0.0000,true,1,8432
7290011618216,true,נגיסי אורז בייבי ביס,,,נגיסי אורז בייבי ביס,Each,0.00,Each,false,,13.90,0.0000,true,1,8433
7290011622305,true,מארז 4יח חטיף כתמטמי,,,מארז 4יח חטיף כתמטמי,Each,0.00,Each,false,,13.90,0.0000,true,1,12177
7290011622428,true,חטיף בוטנים כתמטמיני,,,חטיף בוטנים כתמטמיני,Each,0.00,Each,false,,6.50,0.0000,true,1,11796
7290011622664,true,חטיף טחינה כתמטמינים,,,חטיף טחינה כתמטמינים,Each,0.00,Each,false,,6.50,0.0000,true,1,19142
7290011622701,true,חטיף טבעוני גזר וסלק,,,חטיף טבעוני גזר וסלק,Each,0.00,Each,false,,6.50,0.0000,true,1,28143
7290011622763,true,ביסקוויטמינים פלוס ו,,,ביסקוויטמינים פלוס ו,Each,0.00,Each,false,,16.90,0.0000,true,1,32760
7290011728007,false,נאצוס תירס טבעי טרז פזוס 180 גרם,,IL,חטיף נאצוס תירס טבעי טרז פזוס 180 גרם,גרמים,180.00,100 גרם,false,6,19.90,11.0556,true,1,35851
7290011728298,false,חלפיניו ירוק פרוס עם בצל 195 גר,"דוידוב סלמון בע""מ",IL,פלפל חלפיניו ירוק כבוש 195 גר,גרמים,195.00,100 גרם,false,24,25.90,13.2821,true,1,27245
7290011728724,false,סלסה עגבניות חרוכות 200 גרם,,IL,סלסה עגבניות חתוכות 200 גרם,גרמים,200.00,100 גרם,false,1,18.90,9.4500,true,1,24565
7290011728731,false,טורטיה קפואה מכוסמין,"דוידוב סלמון בע""מ",IL,טורטיה קפואה מכוסמין 20סמ 6יח325גר,גרמים,325.00,100 גרם,false,1,16.90,5.2000,true,1,27246
7290011743833,false,"סנסודיין משחת שיניים פרונאמל 75 מ""ל",גלקסו סמית קליין,GB,מש.שיניים סנסודיין פרומל 75 מל ירוק,מיליליטרים,75.00,"100 מ""ל",false,1,21.90,29.2000,true,1,5772
7290011744885,true,מש.שיניים אקווה פרש,,,מש.שיניים אקווה פרש,Each,0.00,Each,false,,9.90,0.0000,true,1,7008
7290011765095,false,קרמה מן גל גילוח אלוורה ירוק 200 מל,טרופיקל דגיל תעשיות,TR,גל גילוח קרמה לעור עדין 200 מל,מיליליטרים,200.00,"100 מ""ל",false,1,11.90,5.9500,true,1,34867
7290011765101,true,קצף גילוח קרמה לעור,,,קצף גילוח קרמה לעור,Each,0.00,Each,false,,11.90,0.0000,true,1,5745
7290011765118,true,קצף גילוח קרמה לעור,,,קצף גילוח קרמה לעור,Each,0.00,Each,false,,11.90,0.0000,true,1,5746
7290011765446,false,משחת שיניים לילדים בוב ספוג בטעם מיץ ענבים עם פלואוריד למניעת עששת,טרופיקל דגיל תעשיות קוסמ,IL,מש.שיניים אורביטול בוב ספוג 70 גר,גרמים,70.00,100 גרם,false,1,9.90,14.1429,true,1,5519
7290011765613,true,מסיר עובש 1ליטר מרסס,,,מסיר עובש 1ליטר מרסס,Each,0.00,Each,false,,18.90,0.0000,true,1,27249
7290011772000,false,גל אלכוהול אסותא 110,,IL,גל אלכוהול אסותא 110מל,מיליליטרים,110.00,"100 מ""ל",false,24,9.90,9.0000,true,1,34503
7290011772468,true,אקונומיקה אמה 4 ליטר,,,אקונומיקה אמה 4 ליטר,Each,0.00,Each,false,,9.90,0.0000,true,1,29169
7290011800642,true,סלט מטבוחה צבר רפי 4,,,סלט מטבוחה צבר רפי 4,Each,0.00,Each,false,,16.90,0.0000,true,1,6935
7290011800840,true,סלט טחינה לבנה רפי צ,,,סלט טחינה לבנה רפי צ,Each,0.00,Each,false,,16.90,0.0000,true,1,6936
7290011876494,true,שניצל עוף וי תירס 75,,,שניצל עוף וי תירס 75,Each,0.00,Each,false,,36.90,0.0000,true,1,5395
7290011877088,true,זוג רדיד אלומיניום ס,,,זוג רדיד אלומיניום ס,Each,0.00,Each,false,,16.90,0.0000,true,1,5726
7290011877095,true,זוג רדיד אלומיניום ס,,,זוג רדיד אלומיניום ס,Each,0.00,Each,false,,24.90,0.0000,true,1,5727
7290011877842,true,שקיות ואקום לאחסון ס,,,שקיות ואקום לאחסון ס,Each,0.00,Each,false,,19.90,0.0000,true,1,5974
7290011877859,true,פותח סתימות סנו אינס,,,פותח סתימות סנו אינס,Each,0.00,Each,false,,15.90,0.0000,true,1,6272
7290011877866,true,אב.כביסה סנו מקסימה,,,אב.כביסה סנו מקסימה,Each,0.00,Each,false,,51.90,0.0000,true,1,6288
7290011878597,false,גבינת שיטה בולגרית א,,IL,גבינת שיטה בולגרית אורגנית 200גר נאות סמ,גרמים,200.00,100 גרם,false,6,36.90,18.4500,true,1,49181
7290011923013,false,דובדבן חמוץ אורגני מוקפא ללא גלעינים 300גר ליב,,RS,דובדבן חמוץ אורגני ללא גלעינים 300גר ליב,גרמים,300.00,100 גרם,false,6,18.90,6.3000,true,1,49332
7290011923068,false,הצהובה הקלאסית פרוס תחליף שומן צמחי 200גר,,GR,בסגנון צהובה פרוסות 200גר טבעוני,גרמים,200.00,100 גרם,false,12,18.90,9.4500,true,1,45688
7290011923112,false,גבינת גוש בסגנון פטה יוונית טבעוני 200 ג,,GR,בסגנון פטה יוונית גוש 200גר טבעוני,גרמים,200.00,100 גרם,false,12,18.90,9.4500,true,1,45687
7290011923273,true,טופו אורגני 300 גר ל,,,טופו אורגני 300 גר ל,Each,0.00,Each,false,,13.90,0.0000,true,1,9149
7290011923303,true,טופו טבעי 300 גרם לי,,,טופו טבעי 300 גרם לי,Each,0.00,Each,false,,12.90,0.0000,true,1,12574
7290011931162,true,ממתיק סוכרלייט נוזלי,,,ממתיק סוכרלייט נוזלי,Each,0.00,Each,false,,28.90,0.0000,true,1,5828
7290011931193,true,ממתיק סוכרלייט כפית,,,ממתיק סוכרלייט כפית,Each,0.00,Each,false,,27.90,0.0000,true,1,5829
7290011947309,true,זית זיתא סורי מבוקע,,,זית זיתא סורי מבוקע,Each,0.00,Each,false,,14.90,0.0000,true,1,11267
7290011947316,true,זית זיתא קלמנטה 215,,,זית זיתא קלמנטה 215,Each,0.00,Each,false,,14.90,0.0000,true,1,12945
7290011947743,true,מיקס זית זיתא ירוק ו,,,מיקס זית זיתא ירוק ו,Each,0.00,Each,false,,14.90,0.0000,true,1,31187
7290011947781,false,מיקס זית ירוק וזית קלמטה ללא גלעין עם שמן זית כתית מעולה,זיתא - י.ט.ב תעשיות,IL,זית זיתא מיקס מגולען בשמן זית 215 גרם,גרמים,190.00,100 גרם,false,1,14.90,7.8421,true,1,37144
7290011947798,false,זית קלמטה ללא גלעין עם שמן זית כתית מעולה,זיתא - י.ט.ב תעשיות,IL,זית זיתא קלמטה מגולען בשמן זית 215 גרם,גרמים,190.00,100 גרם,false,1,14.90,7.8421,true,1,37143
7290011947859,false,שמן כתית מעולה עם מיצוי טבעי של פלפל צ'ילי,סטאר סנקס,IL,שמן זית זיתא מיצוי פלפל צילי 250 מל,מיליליטרים,250.00,"100 מ""ל",false,6,22.90,9.1600,true,1,38980
7290011947873,false,זית קלמטה בפח זיתא 440גר,זיתא - י.ט.ב תעשיות,GR,זית קלמטה זיתא 440 גרם בפח,גרמים,440.00,100 גרם,false,1,18.90,4.2955,true,1,39823
7290011947903,false,מיקס זיתים יווני זיתא 215 גרם,זיתא - י.ט.ב תעשיות,IL,זית זיתא מיקס יווני 215 גרם,גרמים,215.00,100 גרם,false,1,14.90,6.9302,true,1,38934
7290011947972,false,זית זיתא ירוק מגולען,זיתא - י.ט.ב תעשיות,IL,זית זיתא ירוק מגולען תימין ורוזמר190 גרם,גרמים,190.00,100 גרם,false,1,14.90,7.8421,true,1,46821
7290011947989,false,זית זיתא ירוק מגולען,זיתא - י.ט.ב תעשיות,IL,זית זיתא ירוק מגולען טעם שום 190 גרם,גרמים,190.00,100 גרם,false,1,14.90,7.8421,true,1,46820
7290011964344,false,שום גבישי בקופ' 120 גר' טעם וריח,"תבליני טעם וריח בע""מ",IL,שום גבישי 120 ג מיכל גדול,גרמים,120.00,100 גרם,false,1,9.90,8.2500,true,1,5875
7290011964542,true,פפריקה מתוקה 400 גר,,,פפריקה מתוקה 400 גר,Each,0.00,Each,false,,22.90,0.0000,true,1,11575
7290011964573,false,פלפל שחור טחון 400 גרם,תבליני טעם וריח,,פלפל שחור טחון דק400 גרם,גרמים,400.00,100 גרם,false,1,29.90,7.4750,true,1,34587
7290011964597,true,כמון טחון 400 גרם בצ,,,כמון טחון 400 גרם בצ,Each,0.00,Each,false,,22.90,0.0000,true,1,11578
7290011964603,true,כורכום טחון 400 גר ב,,,כורכום טחון 400 גר ב,Each,0.00,Each,false,,22.90,0.0000,true,1,11579
7290011964658,true,מלח לימון 170 גר מיכ,,,מלח לימון 170 גר מיכ,Each,0.00,Each,false,,9.90,0.0000,true,1,9167
7290011964702,true,תיבול שווארמה מיכל ג,,,תיבול שווארמה מיכל ג,Each,0.00,Each,false,,9.90,0.0000,true,1,7762
7290011969158,true,מארז חמישייה מגבון ט,,,מארז חמישייה מגבון ט,Each,0.00,Each,false,,16.90,0.0000,true,1,13766
7290011996567,false,רוטב סאטה אסיה 240 ג,קיי.אר.אס.ספייסי פוד,TH,רוטב סאטה אסיה 240 גרם,גרמים,250.00,100 גרם,false,1,14.90,5.9600,true,1,23298
7290012022203,true,קליליות חיטה מלאה 10,,,קליליות חיטה מלאה 10,Each,0.00,Each,false,,15.00,0.0000,true,1,10485
7290012022227,true,קליליות חיטה בטעם טב,,,קליליות חיטה בטעם טב,Each,0.00,Each,false,,13.00,0.0000,true,1,10484
7290012022272,true,קליליות קידס טעם טבע,,,קליליות קידס טעם טבע,Each,0.00,Each,false,,10.90,0.0000,true,1,14105
7290012046124,false,רב מגבת SOFT CLEAN 800 גרם,,IL,רב מגבת סופט קלין 800גר,גרמים,800.00,100 גרם,false,12,22.90,2.8625,true,1,39620
7290012046179,false,אל סבון נוזלי 1 ליטר + משאבה,,IL,אל סבון אינגוי 1ליטר,ליטרים,1.00,ליטר,false,12,9.90,9.9000,true,1,49757
7290012046193,false,ספוגי קרצוף קשיחים ירוקים קצרים 9יח,M3,ES,ספוגי קרצוף קשיחים ירוקים קצרים 9יחסקוטש,יחידה,9.00,יחידה,false,20,17.90,1.9889,true,1,47871
7290012052163,true,גרנולה רפאל אגוזים ו,,,גרנולה רפאל אגוזים ו,Each,0.00,Each,false,,18.90,0.0000,true,1,10291
7290012052170,true,גרנולה רפאל ללא סוכר,,,גרנולה רפאל ללא סוכר,Each,0.00,Each,false,,18.90,0.0000,true,1,10294
7290012052187,true,גרנולה רפאל חלבה תמר,,,גרנולה רפאל חלבה תמר,Each,0.00,Each,false,,18.90,0.0000,true,1,10292
7290012052200,false,גרנולה רפאל-אגוזים זרעים ופירות 800 גרם,רפאלס,IL,גרנולה רפאל אגוזים זרעי פירות800גר,גרמים,800.00,100 גרם,false,1,31.90,3.9875,true,1,10459
7290012052217,false,גרנולה עם אגוזים ופירות יבשים במתיקות מעודנת,רפאלס,,גרנולה רפאל ללא סוכר אגוז ופרי800גר,גרמים,800.00,100 גרם,false,1,31.90,3.9875,true,1,10448
7290012052224,false,גרנולה רפאל-חלבה תמרים ואגוזים 800 גרם,רפאלס,IL,גרנולה רפאל חלבה תמר ושקד800גר,גרמים,800.00,100 גרם,false,1,31.90,3.9875,true,1,10460
7290012052231,false,גרנולה חמוציות אוכמניות וקשיו 800 גרם,רפאלס,,גרנולה רפאל פירות יער וקשיו800גר,גרמים,800.00,100 גרם,false,1,31.90,3.9875,true,1,10461
7290012052354,true,גרנולה רפאל שוקולד א,,,גרנולה רפאל שוקולד א,Each,0.00,Each,false,,18.90,0.0000,true,1,10295
7290012052385,false,מוזלי עם חמוציות ושקדים ללא תוספת סוכר,רפאלס,IL,גרנולה רפאל מוזלי 800 גר,גרמים,800.00,100 גרם,false,1,31.90,3.9875,true,1,10462
7290012052460,false,צ'וקולומומו - מיקס זרעים לסלט - אורגינל,רפאלס,IL,מיקס פינוק לסלט זרעים ואגוזים קלו 250 גר,גרמים,250.00,100 גרם,false,1,18.90,7.5600,true,1,10297
7290012052477,false,צ'וקולומומו - מיקס זרעים לסלט - עשבי תיבול,רפאלס,IL,מיקס פינוק לסלט עשבי תיבול זרעים 250 גר,גרמים,250.00,100 גרם,false,1,18.90,7.5600,true,1,10298
7290012052484,false,חטיפי אגוז/פירות יער23*6,ממתקי בני ריאד מחרום,IL,חטיף פוזיטיב פירות יער 6יח144 גר,גרמים,144.00,100 גרם,false,1,17.90,12.4306,true,1,10736
7290012116025,true,שמפו כיף פיית רוזמרי,,,שמפו כיף פיית רוזמרי,Each,0.00,Each,false,,11.90,0.0000,true,1,7853
7290012116360,true,נוזל רצפה פוליויקס ג,,,נוזל רצפה פוליויקס ג,Each,0.00,Each,false,,19.90,0.0000,true,1,6285
7290012116551,true,נוזל אנטי קלאק 4ב1 ר,,,נוזל אנטי קלאק 4ב1 ר,Each,0.00,Each,false,,19.90,0.0000,true,1,6579
7290012117091,true,אב.כביסה סנו מקסימה,,,אב.כביסה סנו מקסימה,Each,0.00,Each,false,,51.90,0.0000,true,1,6710
7290012117275,true,נוזל חלונות סנוקליר,,,נוזל חלונות סנוקליר,Each,0.00,Each,false,,7.50,0.0000,true,1,6918
7290012117350,true,נוזל רצפה ריצפז פרש,,,נוזל רצפה ריצפז פרש,Each,0.00,Each,false,,16.90,0.0000,true,1,6711
7290012117428,true,גל ושמפו רחצה קרמה מ,,,גל ושמפו רחצה קרמה מ,Each,0.00,Each,false,,16.90,0.0000,true,1,6917
7290012117534,true,מרכך כביסה מקסימה מר,,,מרכך כביסה מקסימה מר,Each,0.00,Each,false,,16.90,0.0000,true,1,7236
7290012117541,true,מרכך כביסה מקסימה מר,,,מרכך כביסה מקסימה מר,Each,0.00,Each,false,,16.90,0.0000,true,1,7237
7290012117558,true,מרכך כביסה מקסימה מר,,,מרכך כביסה מקסימה מר,Each,0.00,Each,false,,16.90,0.0000,true,1,7238
7290012117626,true,מי פה אורביטול קידס,,,מי פה אורביטול קידס,Each,0.00,Each,false,,12.90,0.0000,true,1,13836
7290012117732,false,מקסימה מרכך כביסה ארומתרפי קול סנו 4 ליטר,"סנו מפעלי ברונוס בע""\מ",IL,מרכך כביסה סנומקסימה קוול 4 ל,ליטרים,4.00,ליטר,false,1,22.90,5.7250,true,1,35126
7290012117763,true,מברשת שיניים אורביטו,,,מברשת שיניים אורביטו,Each,0.00,Each,false,,14.90,0.0000,true,1,20064
7290012139482,false,בג עצם לחוצה מעושנת בציפוי עוף 3 מקט ח,PINGYANG LELE PET PR,CN,בונזו עצם לחוצה מעושנת בציפוי,Unknown,0.00,Unknown,false,1,23.20,0.0000,true,1,7843
7290012139567,false,בונזו ג'וי ביסקוויט עוף 122 גרם,בונזו,CN,בונזו גוי ביסקוויט עוף 90 גר,Unknown,0.00,Unknown,false,1,18.90,0.0000,true,1,7845
7290012193163,false,סבון נוזלי פמלי לקשרי פריחת הדובדבן 1 ל,אף.סי תבליני בגליל ב,IL,פמילי אל סבון פרחי בר1 ל משאבה,ליטרים,1.00,ליטר,false,1,10.90,10.9000,true,1,9172
7290012208584,false,פיתות עם קמח טף 250 גרם,אשבל בעמ,IL,פיתות עם קמח טף 250 גר אביב ירוק,גרמים,250.00,100 גרם,false,1,18.90,7.5600,true,1,34278
7290012226014,false,נקניקיות וינר זוגלובק 800 גרם,נקניק נהריה כשר זוגל,IL,נקניקיות וינר 800 גר,גרמים,800.00,100 גרם,false,1,21.90,2.7375,true,1,48891
7290012226120,false,"קבנוס 135 גרם ""זוגלובק""",נקניק נהריה כשר זוגל,IL,נקניק קבנוס 135 גר,גרמים,135.00,100 גרם,false,12,10.90,8.0741,true,1,48892
7290012226342,false,נקניקיה טבעונית למחבת או לתנור עשירה בחלבון,זוגלו'ס Zoglos,IL,נקניקיה טבעונית 460גר,גרמים,460.00,100 גרם,false,10,27.90,6.0652,true,1,48923
7290012226922,false,קבנוס בטעם שום זוגלובק 135 גרם,נקניק נהריה כשר זוגל,IL,נקניק קבנוס בטעם שום 135 גר,גרמים,135.00,100 גרם,false,12,10.90,8.0741,true,1,48894
7290012226939,false,קבנוס עם צ'ילי חריף זוגלובק 135 גרם,נקניק נהריה כשר זוגל,IL,נקניק קבנוס בטעם צילי 135 גר,גרמים,135.00,100 גרם,false,12,10.90,8.0741,true,1,48895
7290012227400,false,נקניקיות עוף זוגלובק 800 גרם,נקניק נהריה כשר זוגל,IL,נקניקיות עוף 800 גרם,גרמים,800.00,100 גרם,false,1,21.90,2.7375,true,1,48913
7290012227912,false,קבנוס מעודן זוגלובק 135 גרם,זוגלובק,IL,נקניק קבנוס מעודן 135גר,גרמים,135.00,100 גרם,false,12,10.90,8.0741,true,1,48918
7290012228261,false,נקנקיות קנקרס הודו ועוף ריינהולד'ס זוגלובק 300 ג',זוגלובק,IL,נקניקיות קנקרס הודו 300גר ריינהולדס,גרמים,300.00,100 גרם,false,6,21.90,7.3000,true,1,48910
7290012228278,false,נקנקיות בוקוורסט עוף ובקר ריינהולד'ס 310 ג' זוגלובק,זוגלובק,IL,נקניקיות בוקוורסט הודו בקר 300גר ריינהול,גרמים,300.00,100 גרם,false,6,21.90,7.3000,true,1,48909
7290012228728,false,קבנוס סטיקס בסגנון מקסיקני חריף סדרת ריינהולד'ס,זוגלובק,IL,קבנוס סטיקס טעם מקסיקני 50גר,Unknown,0.00,Unknown,false,15,10.90,0.0000,true,1,48916
7290012245244,false,"צ'יפס קפוא משפחתי 2.5 ק""ג שארית",קפוא זן,IL,ציפס קלאסי 2.5 קג משפחתי גולד קפוא זן,גרמים,2500.00,100 גרם,false,4,29.90,1.1960,true,1,50937
7290012245312,false,"גולד ציפס אמריקאי 1.5 ק""ג קפוא זן",יוליניבר,IL,ציפס אמריקאי 1.5קג גולד קפוא זן,גרמים,1500.00,100 גרם,false,8,19.90,1.3267,true,1,50932
7290012245329,false,"גולד צ'יפס קלאסי 1.5 ק""ג קפוא זן",יוליניבר,IL,ציפס קלאסי קפוא 1.5קג גולד קפוא זן,גרמים,1500.00,100 גרם,false,8,19.90,1.3267,true,1,50931
7290012245336,false,"גולד צ'יפס סטייק 1.5 ק""ג גולד שארית",אגריסטו,IL,סטייק ציפס 1.5 קג גולד קפוא זן,גרמים,1500.00,100 גרם,false,8,19.90,1.3267,true,1,50934
7290012309311,false,ערמונים קלופים ששון הקולה 100 גרם,"דין שיווק וקליה בע""מ",CN,ערמונים קלופים מוכנים 100 גר בשקית,גרמים,100.00,100 גרם,false,50,5.90,5.9000,true,1,36552
7290012309878,true,חלבה עם פיסטוקים 500,,,חלבה עם פיסטוקים 500,Each,0.00,Each,false,,12.90,0.0000,true,1,6521
7290012309892,true,חלבה וניל 500 גר,,,חלבה וניל 500 גר,Each,0.00,Each,false,,12.90,0.0000,true,1,6523
7290012309939,true,חלבה מסולסלת 500 גר,,,חלבה מסולסלת 500 גר,Each,0.00,Each,false,,16.00,0.0000,true,1,6524
7290012313073,false,מיקס זיתים מגולענים מרינד קבוצת יבנה 340 גרם,קבוצת יבנה,IL,מיקס זיתים ללא גלעין יבנה 560 גרם,גרמים,560.00,100 גרם,false,12,11.90,2.1250,true,1,47246
7290012313141,false,מלפפונים פרוסות במלח קבוצת יבנה 330 גרם,אף.סי תבליני בגליל ב,IL,פרוסות מלפפון במלח 540 גר,גרמים,540.00,100 גרם,false,1,6.50,1.2037,true,1,9147
7290012313240,false,מיקס זית ירוק וקלמטה קבוצת יבנה 560 גרם,קבוצת יבנה,IL,מיקס זית ירוק וקלמטה יבנה 560 גרם,גרמים,560.00,100 גרם,false,12,11.90,2.1250,true,1,35441
7290012313394,false,קוביות מלפפונים במלח 560ג' יבנה,,,מלפפון קוביות במלח יבנה 560 גרם,גרמים,560.00,100 גרם,false,1,5.90,1.0536,true,1,47433
7290012313400,false,זיתים סורי מבוקעים 215 ג' יבנה,קבוצת יבנה,IL,זית סורי מבוקע המסיק 215 גרם בגביע,גרמים,215.00,100 גרם,false,12,12.90,6.0000,true,1,48630
7290012313417,false,מיקס זיתים המסיק 215 גרם,קבוצת יבנה,IL,מיקס זיתים המסיק 215 גרם בגביע,גרמים,215.00,100 גרם,false,12,12.90,6.0000,true,1,48632
7290012313431,false,זיתים מרוקאיים יבשים 215 ג' יבנה,קבוצת יבנה,IL,זית מרוקאי יבש המסיק 215 גרם בגביע,גרמים,215.00,100 גרם,false,12,12.90,6.0000,true,1,48629
7290012313448,false,זית מעדנייה מתובל 300 גר יבנה,קבוצת יבנה,IL,זית מעדניה מתובל המסיק 215 גרם בגביע,גרמים,215.00,100 גרם,false,12,12.90,6.0000,true,1,48631
7290012313547,false,זית קלמטה חומץ יין י,קבוצת יבנה,,זית קלמטה ביין 560גר א/2 יבנה,גרמים,560.00,100 גרם,false,1,10.90,1.9464,true,1,14483
7290012313554,false,עלי גפן ממולאים אורז400ג,אסמה קונסרבסיליק גיד,TR,עלי גפן ממולאים באורז 400 גרם,גרמים,400.00,100 גרם,false,24,9.90,2.4750,true,1,50192
7290012367700,true,קרם גוף שיבולת שועל,,,קרם גוף שיבולת שועל,Each,0.00,Each,false,,24.90,0.0000,true,1,7913
7290012367717,true,קרם ידיים אפקטיב קר,,,קרם ידיים אפקטיב קר,Each,0.00,Each,false,,9.90,0.0000,true,1,6951
7290012384059,false,לחם כפרי אגוזים וצימ,פילסברי,IL,לחם אגוזים וצימוקים,Unknown,0.00,Unknown,false,,20.20,0.0000,true,1,36534
7290012384097,false,לחם צרפתי לבן,פילסברי,,לחם צרפתי לבן,Unknown,0.00,Unknown,false,,20.20,0.0000,true,1,36540
7290012384103,false,לחם דגנים מלא,פילסברי,,לחם דגנים,Unknown,0.00,Unknown,false,,20.20,0.0000,true,1,36541
7290012384110,false,לחם זיתים,פילסברי,IL,לחם זיתים,Unknown,0.00,Unknown,false,,20.20,0.0000,true,1,36532
7290012384127,false,לחם כפרי,פילסברי,IL,לחם כפרי,Unknown,0.00,Unknown,false,,20.20,0.0000,true,1,36533
7290012384172,false,לחם שיפון אגוזים,פילסברי,,לחם שיפון אגוזים,Unknown,0.00,Unknown,false,,23.50,0.0000,true,1,36543
7290012384547,false,עוגת שוקולד פאדג' La Farina,פילסברי,IL,עוגת שוקולד,Unknown,0.00,Unknown,false,,34.90,0.0000,true,1,36524
7290012384561,false,עוגת שמרים גבינה La Farina,פילסברי,IL,עוגת שמרים גבינה,Unknown,0.00,Unknown,false,,38.00,0.0000,true,1,36520
7290012384660,false,עוגיות גרנולה ללא תוספת סוכר La Farina,פילסברי,,עוגיות גרנולה ללא סוכר,Unknown,0.00,Unknown,false,,34.90,0.0000,true,1,39650
7290012385001,false,עוגת שמרים קינמון אמ,פילסברי,,עוגת שמרים קינמון אמריקאי,Unknown,0.00,Unknown,false,,38.00,0.0000,true,1,36517
7290012385025,false,עוגת בננה לטינית,פילסברי,,עוגת בננה לטינית,Unknown,0.00,Unknown,false,,34.90,0.0000,true,1,36521
7290012385834,false,עוגיות טוויל שומשום ללא ת. סוכר la farina,לה פרינה,IL,עוגיות טוויל שומשום ללא סוכר,Unknown,0.00,Unknown,false,,34.90,0.0000,true,1,39654
7290012404184,false,שוופס מוגז פירות לימונים 330 מל,יפאורה תבורי בעמ,IL,משקה שוופס מוגז לימונים 330 מל,מיליליטרים,330.00,"100 מ""ל",false,1,6.90,2.0909,true,1,17626
7290012404955,true,משקה ספרינג קולקטשיי,,,משקה ספרינג קולקטשיי,Each,0.00,Each,false,,11.90,0.0000,true,1,14913
7290012404993,false,נקטר דיאט חמוציות ספרינג קולקשן 1.25 ליטר,יפאורה שותפות מובגלת לשיווק,IL,משקה ספרינג קולקטשיין דיאט חמוציות 1.25ל,ליטרים,1.25,ליטר,false,1,11.50,9.2000,true,1,14915
7290012413636,true,תה ירוק צאי מסאלה 2,,,תה ירוק צאי מסאלה 2,Each,0.00,Each,false,,24.90,0.0000,true,1,8642
7290012413643,true,תה ירוק קמוקיל 1.5 ג,,,תה ירוק קמוקיל 1.5 ג,Each,0.00,Each,false,,24.90,0.0000,true,1,9733
7290012475108,true,משקה שעורה נמס אורגנ,,,משקה שעורה נמס אורגנ,Each,0.00,Each,false,,15.90,0.0000,true,1,34345
7290012522581,true,שניצל תירס ללא גלוטן,,,שניצל תירס ללא גלוטן,Each,0.00,Each,false,,32.90,0.0000,true,1,8967
7290012561337,true,כורכום טרי כתוש 70גר,,,כורכום טרי כתוש 70גר,Each,0.00,Each,false,,10.90,0.0000,true,1,28201
7290012588242,true,מארז 6יח מים מינרלים,,,מארז 6יח מים מינרלים,Each,0.00,Each,false,,11.90,0.0000,true,1,29014
7290012637032,false,זעתר הקברקרולי 130 גרם,תבליני ב.ד.,IL,זעתר האזוב המקראי 100 גר,גרמים,100.00,100 גרם,false,1,13.90,13.9000,true,1,7530
7290012645112,true,יוגורט עיזים 750 גרם,,,יוגורט עיזים 750 גרם,Each,0.00,Each,false,,19.90,0.0000,true,1,17241
7290012645280,false,"יוגורט כבשים טבעי 2.8% בגביע חלב הארץ 150מ""ל",מחלבות סוסיא,IL,יוגורט כבשים בסגנון יווני 150גר חלב הארץ,מיליליטרים,150.00,"100 מ""ל",false,8,5.10,3.4000,true,1,13789
7290012668296,false,מעדן תות שדה דודה בר,,IL,מעדן תות שדה דודה ברטה 284 גרם,גרמים,284.00,100 גרם,false,6,15.90,5.5986,true,1,48940
7290012668456,false,מעדן דובדבן דודה ברט,,IL,מעדן דובדבן דודה ברטה 284 גרם,גרמים,284.00,100 גרם,false,6,15.90,5.5986,true,1,48942
7290012668616,false,אנט ברטה- מעדן פירות,,IL,מעדן פירות יער דודה ברטה 284 גרם,גרמים,284.00,100 גרם,false,6,15.90,5.5986,true,1,48941
7290012668746,false,רוטב צילי שום דודה ב,,IL,רוטב צילי שום דודה ברטה 350 גר,גרמים,350.00,100 גרם,false,9,16.90,4.8286,true,1,48950
7290012668968,false,רוטב טריאקי רימון דו,,IL,רוטב טריאקי רימון דודה ברטה 350 גר,גרמים,350.00,100 גרם,false,9,16.90,4.8286,true,1,48949
7290012692000,false,דר פישר אלכוגל לידיים 500 מל אפרסק,פישר תעשיות,IL,גל אלכוגל לידיים 500 מל אפרסק,מיליליטרים,500.00,"100 מ""ל",false,1,21.90,4.3800,true,1,14769
7290012692024,false,אלכוגל לשמירה על היגיינת הידיים 500 מל,פישר מעבדות פרמצבטיות בע,IL,גל אלכוגל לידיים 500 מל תפוח,מיליליטרים,500.00,"100 מ""ל",false,1,21.90,4.3800,true,1,14770
7290012697241,true,סוכרזית מהטבע סטיווי,,,סוכרזית מהטבע סטיווי,Each,0.00,Each,false,,29.90,0.0000,true,1,8986
7290012697388,true,סוכרזית מהטבע סטיווי,,,סוכרזית מהטבע סטיווי,Each,0.00,Each,false,,34.90,0.0000,true,1,8985
7290012726071,false,ממרח פליאו פלפלים הב,הבאר מעדנים,IL,ממרח פליאו פלפלים הבאר 150 גרם,גרמים,150.00,100 גרם,false,15,23.90,15.9333,true,1,29074
7290012726293,false,ממרח פליאו לימון כבו,הבאר מעדנים,IL,ממרח פליאו לימון כבוש הבאר 150 גרם,גרמים,150.00,100 גרם,false,15,23.90,15.9333,true,1,29474
7290012726330,false,ממרח פליאו ארטישוק ה,הבאר מעדנים,IL,ממרח פליאו ארטישוק הבאר 150 גרם,גרמים,150.00,100 גרם,false,15,23.90,15.9333,true,1,29472
7290012726972,false,ממרח פליאו חרדל קשיו,הבאר מעדנים,IL,ממרח פליאו חרדל קשיו 150 גרם,גרמים,150.00,100 גרם,false,15,23.90,15.9333,true,1,32272
7290012759666,false,משפחתית בראוניז תמר שוקולד פקאן ופולי קקאו 240 גר' - ממה,ממה חטיפי אנרגיה,IL,חטיפי בראוניז תמר פקאן ופולי קקאו240גר,גרמים,240.00,100 גרם,false,6,26.90,11.2083,true,1,32274
7290012759673,false,משפחתית בראוניז חמאת בוטנים קשיו וגוג'י ברי 240 גר' - ממה,ממה חטיפי אנרגיה,IL,חטיפי בראוניז חמאת בוטנים קשיו גוגי ברי,גרמים,240.00,100 גרם,false,6,26.90,11.2083,true,1,32273
7290012795169,false,קרקר חומוס ללא גלוטן,ל.ב. זהר סחר ושיווק,IL,קרקר חומוס 140 גר לב הטבע,גרמים,140.00,100 גרם,false,1,13.90,9.9286,true,1,18072
7290012795206,false,קרקר עדשים אדומות 140 גר,ל.ב. זהר סחר ושיווק,IL,קרקר עדשים 140 גר לב הטבע,גרמים,140.00,100 גרם,false,1,13.90,9.9286,true,1,40806
7290012803055,true,סוכרלוז מרמולייט בשק,,,סוכרלוז מרמולייט בשק,Each,0.00,Each,false,,25.90,0.0000,true,1,6746
7290012803215,true,וופל שוקולד ללא סוכר,,,וופל שוקולד ללא סוכר,Each,0.00,Each,false,,9.90,0.0000,true,1,9206
7290012803451,true,שוקולד מריר 60% טוסו,,,שוקולד מריר 60% טוסו,Each,0.00,Each,false,,10.90,0.0000,true,1,11627
7290012803765,true,שוקולד מריר טוסו ללא,,,שוקולד מריר טוסו ללא,Each,0.00,Each,false,,10.90,0.0000,true,1,9204
7290012803789,true,שוקולד מריר אגוז טוס,,,שוקולד מריר אגוז טוס,Each,0.00,Each,false,,10.90,0.0000,true,1,9205
7290012823343,true,משחת שיניים אורביטול,,,משחת שיניים אורביטול,Each,0.00,Each,false,,9.90,0.0000,true,1,33833
7290012823381,true,מרכך כביסה מקסימה מר,,,מרכך כביסה מקסימה מר,Each,0.00,Each,false,,16.90,0.0000,true,1,7504
7290012823398,true,מטלית ריצפז פרש בניח,,,מטלית ריצפז פרש בניח,Each,0.00,Each,false,,14.90,0.0000,true,1,20430
7290012823558,true,מטליות לחות לרצפה סנ,,,מטליות לחות לרצפה סנ,Each,0.00,Each,false,,12.90,0.0000,true,1,7505
7290012823565,true,מטליות לחות לרצפה פו,,,מטליות לחות לרצפה פו,Each,0.00,Each,false,,14.90,0.0000,true,1,7856
7290012823589,true,נוזל רצפה ריצפז פרש,,,נוזל רצפה ריצפז פרש,Each,0.00,Each,false,,16.90,0.0000,true,1,8086
7290012823602,false,נייר טואלט סופט סילק לבן 32 גלילים סנו,טרופיקל דגיל תעשיות,IL,נ.טואלט סופט סילק לבן 32 יח,יחידה,32.00,יחידה,false,1,34.90,1.0906,true,1,8078
7290012823657,true,סנוקל רסס וכבס שקית,,,סנוקל רסס וכבס שקית,Each,0.00,Each,false,,11.90,0.0000,true,1,7839
7290012823787,true,סנו רסס ונגב שקית מי,,,סנו רסס ונגב שקית מי,Each,0.00,Each,false,,11.90,0.0000,true,1,7838
7290012823923,true,מרכך כביסה מקסימה פר,,,מרכך כביסה מקסימה פר,Each,0.00,Each,false,,16.90,0.0000,true,1,7966
7290012823947,true,מרכך כביסה מקסימה פר,,,מרכך כביסה מקסימה פר,Each,0.00,Each,false,,16.90,0.0000,true,1,7967
7290012871061,true,חטיף תירס פופ מתוק ד,,,חטיף תירס פופ מתוק ד,Each,0.00,Each,false,,7.00,0.0000,true,1,15459
7290012871375,true,פצפוצי כוסמין ציפוי,,,פצפוצי כוסמין ציפוי,Each,0.00,Each,false,,12.50,0.0000,true,1,17095
7290012871382,true,חיטה מלאה תפוחה ל.סו,,,חיטה מלאה תפוחה ל.סו,Each,0.00,Each,false,,7.50,0.0000,true,1,28625
7290012871412,false,שלווה חיטה בציפוי קק,מפעלי דגן,,חיטה תפוחה בציפוי קקאו 200 גרם,גרמים,150.00,100 גרם,false,1,7.50,5.0000,true,1,45681
7290012871429,true,חטיף דגן פצפוצי כוסמ,,,חטיף דגן פצפוצי כוסמ,Each,0.00,Each,false,,10.90,0.0000,true,1,24514
7290012871436,true,דגנים מלאים 5 תפוחים,,,דגנים מלאים 5 תפוחים,Each,0.00,Each,false,,9.50,0.0000,true,1,17097
7290012884986,true,ציפס לתנור עד 4% שומ,,,ציפס לתנור עד 4% שומ,Each,0.00,Each,false,,24.90,0.0000,true,1,10869
7290012901256,true,חומץ תפוחים סיידר 94,,,חומץ תפוחים סיידר 94,Each,0.00,Each,false,,12.90,0.0000,true,1,23752
7290012901355,true,פסטה גבינה לבן דודלס,,,פסטה גבינה לבן דודלס,Each,0.00,Each,false,,11.90,0.0000,true,1,13059
7290012911170,false,מיסו כהה-מחית פולי סויה,טעמי אסיה Taste of Asia,,מחית מיסו כהה 500 גרם אסיה,גרמים,500.00,100 גרם,false,1,13.90,2.7800,true,1,15589
7290012911941,false,רוטב צ'ילי מתוק ללא תוספת סוכר,טעמי אסיה Taste of Asia,TH,רוטב צילי דיאט ללא סוכר 700מל אסיה,מיליליטרים,700.00,"100 מ""ל",false,1,18.90,2.7000,true,1,9832
7290012921025,true,בירה מלכה בהירה בסגנ,,,בירה מלכה בהירה בסגנ,Each,0.00,Each,false,,14.90,0.0000,true,1,8948
7290012921032,true,בירה מלכה אדמונית אנ,,,בירה מלכה אדמונית אנ,Each,0.00,Each,false,,14.90,0.0000,true,1,8949
7290012921063,true,בירה מלכה הינדי 330,,,בירה מלכה הינדי 330,Each,0.00,Each,false,,14.90,0.0000,true,1,10432
7290012921087,false,"בירה מלכה בהירה 750 מ""ל","בירה מלכה בע""מ",IL,בירה מלכה כהה 750 מל פקדון ס.חוזרת,מיליליטרים,750.00,"100 מ""ל",false,1,29.90,3.9867,true,1,35681
7290012938405,true,דיאמונד אלומיניום 87,,,דיאמונד אלומיניום 87,Each,0.00,Each,false,,21.90,0.0000,true,1,8352
7290012938580,false,"סנסודיין משחת שיניים להלבנה עדינה 75 מ""ל",גלקסוסמית'\קליין קונסיומ,GB,משחת שיניים סנסודיין הלבנה עדינה 75 מל,מיליליטרים,75.00,"100 מ""ל",false,1,21.90,29.2000,true,1,8356
7290012938597,false,"סנסודיין משחת שיניים רפיד רליף 75 מ""ל","סמיתקליין ביצ'ם בע""מ",GB,מש.שיניים סנסודיין רפיד רליף 75 ג,גרמים,75.00,100 גרם,false,1,21.90,29.2000,true,1,9471
7290012938740,false,"משחת שיניים פרש מינט מנטה 75מ""ל סנסודיין",גלקסו סמית קליין,GB,מש.שיניים סנסודיין מנטה 75 מל ירוק,גרמים,75.00,100 גרם,false,1,21.90,29.2000,true,1,9549
7290012938924,true,מי פה אקווה פרש מנטה,,,מי פה אקווה פרש מנטה,Each,0.00,Each,false,,14.90,0.0000,true,1,9698
7290012958014,false,ביצי דגים 113 גר זכוכית,,,דגי אלתית בצנצנת 113 גרם,גרמים,113.00,100 גרם,false,1,59.00,52.2124,true,1,35625
7290012958045,false,ביצי דגים 200 גר פחית,,,דגי אלתית בפח 200 גרם,גרמים,200.00,100 גרם,false,1,99.00,49.5000,true,1,35626
7290012958052,false,ביצי דגים 250 גר בזכוכית,,,דגי אלתית בצנצנת 250 גרם,גרמים,250.00,100 גרם,false,1,129.00,51.6000,true,1,35627
7290012962448,true,מדליק פחם נוזלי 250,,,מדליק פחם נוזלי 250,Each,0.00,Each,false,,11.90,0.0000,true,1,18662
7290012962684,true,שקיות צליה גמבו הוסט,,,שקיות צליה גמבו הוסט,Each,0.00,Each,false,,5.90,0.0000,true,1,18638
7290012983153,false,סילאן טבעי בקבוק לחיץ תמר כנרת 400 גר,מנדלז סי.אר. פרודקשן,IL,סילאן טבעי לחיץ 400 גר חצר כנרת,גרמים,400.00,100 גרם,false,1,17.90,4.4750,true,1,11269
7290012983160,false,סילאן בקבוק לחיץ 400 גרם,"חצר כנרת מוצרי תמר אגש""ח",IL,סילאן לחיץ 400 גר חצר כנרת,גרמים,400.00,100 גרם,false,1,12.90,3.2250,true,1,11268
7290012983269,false,סילאן חצר כנרת 350 ג,,,סילאן חצר כנרת 350 גר בצנצנת,גרמים,350.00,100 גרם,false,1,10.90,3.1143,true,1,13918
7290012983320,false,מלית/ממרח תמרים 450 גר,מנדלז סי.אר. פרודקשן,IL,ממרח תמרים 450 גרם חצר כנרת,גרמים,450.00,100 גרם,false,1,5.90,1.3111,true,1,14503
7290012996610,true,הפי טבלית הפלא לניקו,,,הפי טבלית הפלא לניקו,Each,0.00,Each,false,,14.90,0.0000,true,1,8101
7290012996672,true,זוג סבון אסלה הפי מב,,,זוג סבון אסלה הפי מב,Each,0.00,Each,false,,9.90,0.0000,true,1,8536
7290012996702,true,מגן עש לבגדים הפי,,,מגן עש לבגדים הפי,Each,0.00,Each,false,,11.90,0.0000,true,1,20972
7290013083661,true,מטרנה אקסטרא קר שלב,,,מטרנה אקסטרא קר שלב,Each,0.00,Each,false,,69.90,0.0000,true,1,7702
7290013083678,true,מטרנה אקסטרא קר שלב,,,מטרנה אקסטרא קר שלב,Each,0.00,Each,false,,69.90,0.0000,true,1,7703
7290013083685,true,מטרנה אקסטרא קר שלב,,,מטרנה אקסטרא קר שלב,Each,0.00,Each,false,,69.90,0.0000,true,1,7704
7290013090157,false,חסה ערבית אורגנית,.,IL,חסה ערבית אורגנית,יחידה,1.00,יחידה,false,1,7.90,7.9000,true,1,14485
7290013090379,false,בצל ירוק אורגני יחידה,,IL,בצל ירוק אורגני,יחידה,1.00,יחידה,false,1,9.90,9.9000,true,1,51076
7290013090577,false,מלפפון בייבי אורגני,,IL,מלפפון בייבי אורגני,יחידה,1.00,יחידה,false,1,12.90,12.9000,true,1,14579
7290013090683,false,פלפל סוויט בייט אורג,,IL,פלפל סוויט בייט אורגני,יחידה,1.00,יחידה,false,1,11.90,11.9000,true,1,51083
7290013090928,false,עגבניה אורגנית,,IL,עגבניה אורגנית,קילוגרמים,1.00,"ק""ג",true,,12.90,12.9000,true,1,37240
7290013090935,false,מלפפון אורגני,,IL,מלפפון אורגני,קילוגרמים,1.00,"ק""ג",true,,13.90,13.9000,true,1,37245
7290013090973,false,פלפל אדום אורגני,,IL,פלפל אדום אורגני,קילוגרמים,1.00,"ק""ג",true,,14.90,14.9000,true,1,37248
7290013117410,false,בצק פריך מרודד למאפים מתוקים 900 ג' מעדנות,מיוצר עי קונדיטוריית,IL,בצק פריך מתוק 900 גר,גרמים,900.00,100 גרם,false,1,15.90,1.7667,true,1,8123
7290013117427,false,בצק פריך מרודד למאפים מלוחים מעדנות 2*450 גרם,מיוצר עי קונדיטוריית,IL,בצק פריך מלוח 900 גר,גרמים,900.00,100 גרם,false,1,15.90,1.7667,true,1,8122
7290013117526,false,בצק שמרים מרודד למאפים מתוקים מעדנות 900 גרם,"מעדנות בע""\מ",IL,בצק שמרים למאפים מתוקים 900 גר,גרמים,900.00,100 גרם,false,1,15.90,1.7667,true,1,8260
7290013121028,true,לחם לבן 500 גר ללא ג,,,לחם לבן 500 גר ללא ג,Each,0.00,Each,false,,19.90,0.0000,true,1,7248
7290013121103,true,מארז 4 יח שליש בגט 4,,,מארז 4 יח שליש בגט 4,Each,0.00,Each,false,,19.90,0.0000,true,1,7250
7290013121110,true,מארז 4 יח לחמניות בו,,,מארז 4 יח לחמניות בו,Each,0.00,Each,false,,19.90,0.0000,true,1,7251
7290013121127,true,לחמניות מיני420 גר ל,,,לחמניות מיני420 גר ל,Each,0.00,Each,false,,19.90,0.0000,true,1,7634
7290013121158,false,לחמניות סנדוויץ ללא גלוטן גרין לייט 4 * 115 גרם,אביב קונדיטוריה מעול,IL,רביעיית לחמניות סנדביץ 460 גר,גרמים,460.00,100 גרם,false,1,19.90,4.3261,true,1,9849
7290013121165,false,לחמניות נקניקיה ללא גלוטן גרין לייט 6 * 77 גרם,אביב קונדיטוריה מעול,IL,שישיית לחמניות נקניקיה 460גר,גרמים,460.00,100 גרם,false,1,19.90,4.3261,true,1,9850
7290013121776,true,לחם כפרי ללא סוכר 70,,,לחם כפרי ללא סוכר 70,Each,0.00,Each,false,,23.90,0.0000,true,1,9373
7290013144188,false,מימונס תערובת להכנת בראוניז 600 גרם,א.ל ייצור ושיווק תבלינים,IL,תערובת בראוניס 600 גר,גרמים,600.00,100 גרם,false,1,16.90,2.8167,true,1,7799
7290013144195,false,מיימונס תערובת כדורי שוקולד 500 גרם.,א.ל ייצור ושיווק תבלינים,IL,תערובת כדורי שוקולד 500 גר,גרמים,500.00,100 גרם,false,1,16.90,3.3800,true,1,7800
7290013144201,false,מיימונס תערובת פנקייק 400 גרם,א.ל ייצור ושיווק תבלינים,IL,תערובת פנקייק 400 גר,גרמים,400.00,100 גרם,false,1,15.90,3.9750,true,1,7803
7290013144249,false,מיימונס פודינג שוקולד 95 גרם,א.ל ייצור ושיווק תבלינים,IL,פודינג שוקולד 95 גר,Unknown,0.00,Unknown,false,1,5.90,0.0000,true,1,8604
7290013144263,false,תערובת מאלבי להכנה מהירה מיימונס 112 גרם,א.ל ייצור ושיווק תבלינים,IL,תערובת להכנת מלבי 112 גר מימונס,גרמים,112.00,100 גרם,false,1,10.90,9.7321,true,1,7804
7290013144270,false,תערובת להכנת קרם פטיסייר מיימונס 100 גרם,א.ל ייצור ושיווק תבלינים,IL,אבקה להכנת קרם פטיסרי 100 גר מימונס,גרמים,100.00,100 גרם,false,1,10.90,10.9000,true,1,7975
7290013144317,false,מימונס ג'וני גלילית וופל למילוי 18 יחידות,הגביע מוצרי וופלים ב,IL,150 גלילית וופל למילוי גוני 18 יח,גרמים,150.00,100 גרם,false,1,21.90,14.6000,true,1,7805
7290013144393,false,"תמצית בטעם וניל מימונס 50 מ""ל",א.ל ייצור ושיווק תבלינים,IL,תמצית בטעם וניל 50 גר,Unknown,0.00,Unknown,false,1,4.90,0.0000,true,1,7806
7290013144508,false,"תמצית בטעם ורדים מיימונס 50 מ""ל",מיוצר עי קונדיטוריית,IL,תמצית בטעם ורדים 50 גר,Unknown,0.00,Unknown,false,1,9.90,0.0000,true,1,7810
7290013144515,false,מיימונס צבע מאכל צהוב 50 גרם,א.ל ייצור ושיווק תבלינים,IL,צבע מאכל צהוב 50 גר,Unknown,0.00,Unknown,false,1,4.50,0.0000,true,1,7976
7290013144522,false,מימונס צבע מאכל ירוק 50 גרם,א.ל ייצור ושיווק תבלינים,IL,צבע מאכל ירוק 50 גר מימונס,Unknown,0.00,Unknown,false,1,4.50,0.0000,true,1,7977
7290013144539,false,צבע מאכל אדום מימונס 50 גרם,א.ל ייצור ושיווק תבלינים,IL,צבע מאכל אדום 50 גר מימונס,Unknown,0.00,Unknown,false,1,4.50,0.0000,true,1,7978
7290013144560,false,מיימונס צבע מאכל כחול 50 גרם,א.ל ייצור ושיווק תבלינים,IL,צבע מאכל כחול 50 גר מימונס,Unknown,0.00,Unknown,false,1,4.50,0.0000,true,1,7979
7290013144614,false,"מיימונס סירופ מייפל אמיתי 100% מקנדה 236 מ""ל",הנסיך- מפעל לייצור ט,CA,סירופ מייפל אמיתי 100% קנדה 236מל,מיליליטרים,23600.00,"100 מ""ל",false,1,29.90,0.1267,true,1,28028
7290013144805,false,אבקת אייס קפה דיאט 320 גרם מימונס,מימונס אפייה,IL,תערובת אייס קפה דיאט 245 גרם מימונס,גרמים,245.00,100 גרם,false,12,20.90,8.5306,true,1,50109
7290013144812,false,אבקת אייס קפה וניל 320 גרם מימונס,מימונס אפייה,IL,תערובת אייס וניל 320 גרם מימונס,גרמים,350.00,100 גרם,false,12,15.90,4.5429,true,1,50108
7290013144911,false,מימונס מיקס שוקולד צ'יפס מריר וחלב 250 גרם,אינטרגטה תעשיות מזון 19),IL,מיקס שוקולד ציפס חלב מריר 250 גרם,גרמים,250.00,100 גרם,false,1,12.90,5.1600,true,1,50106
7290013145031,false,אגוזי לוז מסוכרים מיימונס 100 גרם,א.ל ייצור ושיווק תבלינים,IL,בראס אגוז לוז מסוכר 100 גר,גרמים,100.00,100 גרם,false,1,13.90,13.9000,true,1,11073
7290013145277,false,עלים לקרמשניט מימונס 300 גרם,מימונס אפייה,IT,עלים לקרמשניט מימונס 300 גרם,גרמים,300.00,100 גרם,false,1,16.90,5.6333,true,1,22424
7290013145390,false,מימונס שוקולד צ'יפס מהדרין 250 גר,אינטרגטה תעשיות מזון 19),IL,שוקולד ציפס רגיל 250 גר,גרמים,250.00,100 גרם,false,1,9.90,3.9600,true,1,7791
7290013145437,false,שוקולד מריר מעולה ציפס מימונס 250 ג',אינטרגטה תעשיות מזון 19),IL,שוקולד ציפס 48% בלגי 250 גר,גרמים,250.00,100 גרם,false,1,13.90,5.5600,true,1,8234
7290013145444,false,שוקולד מריר מעולה ציפס 66% מימונס 250 ג',המאפיה של הרמן,IL,שוקולד ציפס 66% מריר 250 גר,גרמים,250.00,100 גרם,false,1,16.90,6.7600,true,1,12137
7290013145451,false,אבקת קקאו מימונס 150 ג',מיוצר עי קונדיטוריית,IL,קקאו מימונס10%-12% בשקית 150 גר,גרמים,150.00,100 גרם,false,16,8.90,5.9333,true,1,14966
7290013145529,false,סוכריות צבעוניות לקישוט מיימונס 90 גרם,א.ל ייצור ושיווק תבלינים,IL,סוכריות צבעוניות לקישוט 90 גר,Unknown,0.00,Unknown,false,1,5.90,0.0000,true,1,7969
7290013145536,false,סוכריות לקישוט בטעם שוקולד מיימונס 85 גרם,א.ל ייצור ושיווק תבלינים,IL,סוכריות טעם שוקולד לקישוט 85 גר,Unknown,0.00,Unknown,false,1,5.90,0.0000,true,1,7970
7290013145567,false,מיימונס מיני מיני עדשים 90 גרם.,א.ל ייצור ושיווק תבלינים,IL,סוכריות מיני עדשים לקישוט 90 גר,Unknown,0.00,Unknown,false,1,10.90,0.0000,true,1,7971
7290013145574,false,מיימונס ערכה לקישוט 100 גרם,א.ל ייצור ושיווק תבלינים,IL,ערכה לקישוט 100 גר,גרמים,100.00,100 גרם,false,1,12.90,12.9000,true,1,7796
7290013145628,false,סוכריות צבעוניות לקישוט מימונס 200 גרם,א.ל ייצור ושיווק תבלינים,IL,סוכריות צבעוניות לקישוט 200גר,גרמים,200.00,100 גרם,false,12,8.90,4.4500,true,1,12158
7290013145659,false,ג'לי בטעם לימון מימונס 85 גרם,א.ל ייצור ושיווק תבלינים,IL,גלי טעם לימון מימונס 85 גר,Unknown,0.00,Unknown,false,1,6.90,0.0000,true,1,13334
7290013145727,false,מיימונס קליפות הדרים מסוכרים 90 גרם,א.ל ייצור ושיווק תבל,IL,קליפות הדר מסוכרים 100 גר,גרמים,100.00,100 גרם,false,1,7.90,7.9000,true,1,7973
7290013145796,false,"רביעיית צבעי מאכל גל 4*25 מ""ל",מימונס אפייה,IL,"מארז 4 יח גל צבעי מאכל 25 מ""ל",מיליליטרים,100.00,"100 מ""ל",false,1,49.90,49.9000,true,1,50107
7290013145826,false,פודניג בטעם וניל לבן במיוחד מימונס 80 ג',א.ל ייצור ושיווק תבלינים,IL,פודינג טעם וניל לבן 80 גר,Unknown,0.00,Unknown,false,1,5.90,0.0000,true,1,13337
7290013145833,false,פודינג שוקולד אמיתי מימונס 80 גרם,א.ל ייצור ושיווק תבלינים,IL,פודינג שוקולד בלגי 80 גר,Unknown,0.00,Unknown,false,1,5.90,0.0000,true,1,13338
7290013145840,false,סוכר וניל מיימונס 10 יחידות,א.ל ייצור ושיווק תבלינים,IL,סוכר וניל 10 יח בצלופן 100 גר,גרמים,100.00,100 גרם,false,1,2.90,2.9000,true,1,26700
7290013145857,false,אבקת אפיה מיימונס 10 יחידות,מימונס אפייה,IL,אבקת אפיה 10 יח בצלופן 100 גר,גרמים,100.00,100 גרם,false,1,2.90,2.9000,true,1,26701
7290013145864,false,אבקת ג'לטין טהור מיימונס 28 גרם,א.ל ייצור ושיווק תבלינים,IL,גלטין טהור מימונס אבקה 28 גר,גרמים,28.00,100 גרם,false,1,11.90,42.5000,true,1,28816
7290013145871,false,שמרים יבשים סטיק מימונס 5*11 ג',מימונס אפייה,IL,שמרים יבשים 5 יח 11 גר,Unknown,0.00,Unknown,false,1,10.90,0.0000,true,1,8242
7290013145901,false,סודה לשתיה מיימונס 100 גרם,א.ל ייצור ושיווק תבלינים,IL,סודה לשתיה מימונס 100 גר,גרמים,100.00,100 גרם,false,1,2.00,2.0000,true,1,8606
7290013145918,false,אבקת סוכר מיימונס 100 גרם,א.ל ייצור ושיווק תבלינים,IL,אבקת סוכר 100 גר,גרמים,100.00,100 גרם,false,24,2.00,2.0000,true,1,8607
7290013145949,false,אבקת סוכר פטנט מימונס 250 גרם,א.ל ייצור ושיווק תבלינים,IL,אבקת סוכר אריזת פטנט 250 גר,גרמים,250.00,100 גרם,false,1,12.90,5.1600,true,1,7821
7290013145963,false,שמרים יבשים בוואקום מיימונס 125 גרם,מימונס אפייה,CN,שמרים יבשים בואקום 125 גר,גרמים,125.00,100 גרם,false,1,5.90,4.7200,true,1,10611
7290013146007,false,מיימונס מלית פרג 400 גרם,א.ל ייצור ושיווק תבלינים,IL,מלית פרג למילוי 400 גר,גרמים,400.00,100 גרם,false,1,13.90,3.4750,true,1,7815
7290013146014,false,מלית אוכמניות 70% פרי מיימונס 400 גרם,אינטרגטה,IL,מלית אוכמניות 45% פרי 400 גר,גרמים,400.00,100 גרם,false,1,13.90,3.4750,true,1,7817
7290013146069,false,מלית שוקולד מיימונס 400 גרם,אינטרגטה תעשיות מזון 19),IL,מלית שוקולד 400 גר,גרמים,400.00,100 גרם,false,1,12.90,3.2250,true,1,7819
7290013146083,false,מיימונס מלית חלבה 400 גרם,אינטרגטה תעשיות מזון 19),IL,מלית חלבה 400 גר,גרמים,400.00,100 גרם,false,1,13.90,3.4750,true,1,7816
7290013146199,false,מלית קרם נוגט 350 גרם מימונס,אינטרגטה תעשיות מזון 19),IL,קרם נוגט למילוי 350 גר,גרמים,350.00,100 גרם,false,1,13.90,3.9714,true,1,12159
7290013146274,false,מארז תחתיות מרנג 8 יחידות 100 גרם,סטולורגן - פארק תעשיה בל,IE,מארז 8יח תחתיות מרנג 100 גרם,גרמים,100.00,100 גרם,false,1,19.90,19.9000,true,1,30494
7290013146298,false,טארטלטים תחתיות בצק פריך אפויות למילוי מימונס 120 ג',א.ל ייצור ושיווק תבל,IL,טארטלטים בצק פריך למילוי 120גרם,גרמים,120.00,100 גרם,false,1,20.00,16.6667,true,1,17118
7290013146427,false,נשיקות לקישוט צבע לבן מימונס 60 גרם,"מימונס אפיה בע""מ",IL,נשיקות מימונס לקיישוט לבן 60 גרם,Unknown,0.00,Unknown,false,1,14.90,0.0000,true,1,35267
7290013146441,false,נשיקות לקישוט צבע ורוד מימונס 60 גרם,"מימונס אפיה בע""מ",IL,נשיקות מימונס לקיישוט ורוד 60 גרם,Unknown,0.00,Unknown,false,1,14.90,0.0000,true,1,35269
7290013146489,false,קונוסים מבצק עלים מימונס 120 ג',מימונס אפייה,IT,קונוסים מבצק עלים למילוי 120 גרם,גרמים,120.00,100 גרם,false,18,15.90,13.2500,true,1,39520
7290013146656,false,כוכבים תכלת ירוק לבן לקישוט 60 גרם,"מימונס אפיה בע""מ",IL,סוכריות כוכבים לקישוט 55 גרם,Unknown,0.00,Unknown,false,1,11.90,0.0000,true,1,35276
7290013146670,false,סוכריות לב סגול ורוד לבן לקישוט 60 גרם,"מימונס אפיה בע""מ",IL,סוכריות לבבות לקישוט 55 גרם,Unknown,0.00,Unknown,false,1,11.90,0.0000,true,1,35274
7290013151285,false,נוזל אגוזי קוקוס 400,סי אנד אי,,נוזל אגוזי קוקוס 400 מל,מיליליטרים,400.00,"100 מ""ל",false,1,8.00,2.0000,true,1,9820
7290013151322,true,סרדין קזבלנקה במי מ,,,סרדין קזבלנקה במי מ,Each,0.00,Each,false,,5.90,0.0000,true,1,12145
7290013151360,true,מי זהר פריחת הדרים 5,,,מי זהר פריחת הדרים 5,Each,0.00,Each,false,,16.90,0.0000,true,1,16761
7290013151636,true,פילה סרדין בשמן זית,,,פילה סרדין בשמן זית,Each,0.00,Each,false,,11.00,0.0000,true,1,15926
7290013153395,true,מיץ רימונים סחוט טרי,,,מיץ רימונים סחוט טרי,Each,0.00,Each,false,,25.50,0.0000,true,1,14389
7290013153425,true,מיץ לימונענע סחוטרי,,,מיץ לימונענע סחוטרי,Each,0.00,Each,false,,27.60,0.0000,true,1,14578
7290013176004,true,יוגורט עיזים טבעי,,,יוגורט עיזים טבעי,Each,0.00,Each,false,,17.90,0.0000,true,1,21708
7290013176028,true,יוגורט עיזים תות 500,,,יוגורט עיזים תות 500,Each,0.00,Each,false,,17.90,0.0000,true,1,21710
7290013176035,true,יוגורט עיזים תמר בננ,,,יוגורט עיזים תמר בננ,Each,0.00,Each,false,,17.90,0.0000,true,1,21713
7290013176042,true,יוגורט עיזים פירות י,,,יוגורט עיזים פירות י,Each,0.00,Each,false,,17.90,0.0000,true,1,21714
7290013176059,true,גבינת עיזים טבעי 200,,,גבינת עיזים טבעי 200,Each,0.00,Each,false,,16.90,0.0000,true,1,21743
7290013176080,true,גבינת עיזים זיתים 20,,,גבינת עיזים זיתים 20,Each,0.00,Each,false,,16.90,0.0000,true,1,21746
7290013176264,true,יוגורט עיזים 3% בטעם,,,יוגורט עיזים 3% בטעם,Each,0.00,Each,false,,6.50,0.0000,true,1,21725
7290013176288,true,יוגורט עיזים 3% בטעם,,,יוגורט עיזים 3% בטעם,Each,0.00,Each,false,,6.50,0.0000,true,1,21726
7290013215017,true,זוג פטריות שמפניון א,,,זוג פטריות שמפניון א,Each,0.00,Each,false,,17.90,0.0000,true,1,12441
7290013267665,true,מאגדת סולרו פירות טר,,,מאגדת סולרו פירות טר,Each,0.00,Each,false,,22.90,0.0000,true,1,9049
7290013268037,true,מרכך כביסה מקסימה מר,,,מרכך כביסה מקסימה מר,Each,0.00,Each,false,,16.90,0.0000,true,1,7503
7290013268372,true,נוזל רצפה פוליויקס פ,,,נוזל רצפה פוליויקס פ,Each,0.00,Each,false,,19.90,0.0000,true,1,33294
7290013268440,true,מארז זוג מב. שיניים,,,מארז זוג מב. שיניים,Each,0.00,Each,false,,11.90,0.0000,true,1,14180
7290013268839,true,נוזל רצפה פוליויקס פ,,,נוזל רצפה פוליויקס פ,Each,0.00,Each,false,,19.90,0.0000,true,1,23389
7290013268891,true,גל מסיר כתמים סנו או,,,גל מסיר כתמים סנו או,Each,0.00,Each,false,,30.90,0.0000,true,1,8148
7290013268907,true,גל כביסה מקסימה ביו,,,גל כביסה מקסימה ביו,Each,0.00,Each,false,,29.90,0.0000,true,1,8149
7290013268914,true,גל כביסה מקסימה סמאר,,,גל כביסה מקסימה סמאר,Each,0.00,Each,false,,31.90,0.0000,true,1,20061
7290013268983,false,מרכך כביסה סופר מרוכז בבישום עוצמתי סנו מקסימה 1 ל',"סנו מפעלי ברונוס בע""\מ",IL,מרכך כביסה מקסימה מרוכז גוי 1 ליטר,ליטרים,1.00,ליטר,false,1,16.90,16.9000,true,1,40504
7290013268990,true,מרכך כביסה מקסימה מר,,,מרכך כביסה מקסימה מר,Each,0.00,Each,false,,16.90,0.0000,true,1,9567
7290013269096,false,מטליות לחות לטיפול במוצרי עור,מיוצר עי קונדיטוריית,IL,מטליות לחות לניקוי עור 20יח,יחידה,20.00,יחידה,false,1,11.90,0.5950,true,1,11120
7290013269263,true,גל כביסה מקסימה קריס,,,גל כביסה מקסימה קריס,Each,0.00,Each,false,,29.90,0.0000,true,1,9144
7290013269287,true,גל כביסה מקסימה מאסק,,,גל כביסה מקסימה מאסק,Each,0.00,Each,false,,29.90,0.0000,true,1,9143
7290013269300,true,ניילון נצמד סנו סושי,,,ניילון נצמד סנו סושי,Each,0.00,Each,false,,23.90,0.0000,true,1,10087
7290013269348,true,סנו קיי 3 תחנת פיתיו,,,סנו קיי 3 תחנת פיתיו,Each,0.00,Each,false,,54.90,0.0000,true,1,29158
7290013269621,true,נוזל ריצפז פרש הום 2,,,נוזל ריצפז פרש הום 2,Each,0.00,Each,false,,21.90,0.0000,true,1,25834
7290013269638,true,ספוג הפלא סנו סושי א,,,ספוג הפלא סנו סושי א,Each,0.00,Each,false,,12.90,0.0000,true,1,10086
7290013269645,true,מטלית ריצפז פרש בניח,,,מטלית ריצפז פרש בניח,Each,0.00,Each,false,,14.90,0.0000,true,1,10630
7290013269652,true,נוזל רצפה פוליויקס מ,,,נוזל רצפה פוליויקס מ,Each,0.00,Each,false,,19.90,0.0000,true,1,11893
7290013269669,true,נוזל רצפה ריצפז פנטז,,,נוזל רצפה ריצפז פנטז,Each,0.00,Each,false,,12.90,0.0000,true,1,9309
7290013269690,true,גל אסלה סנובון ניחוח,,,גל אסלה סנובון ניחוח,Each,0.00,Each,false,,6.90,0.0000,true,1,9307
7290013269751,true,מטליות סנו ריצפז פרש,,,מטליות סנו ריצפז פרש,Each,0.00,Each,false,,14.90,0.0000,true,1,26620
7290013269850,true,נייר אפייה אקולוגי 5,,,נייר אפייה אקולוגי 5,Each,0.00,Each,false,,18.90,0.0000,true,1,9450
7290013269867,true,מפות שולחן זוג סנו ס,,,מפות שולחן זוג סנו ס,Each,0.00,Each,false,,11.90,0.0000,true,1,10124
7290013276124,true,בירה נגב אמבר אייל 3,,,בירה נגב אמבר אייל 3,Each,0.00,Each,false,,14.90,0.0000,true,1,14548
7290013284310,true,רוטב פסטה 240 גר פרי,,,רוטב פסטה 240 גר פרי,Each,0.00,Each,false,,5.50,0.0000,true,1,9942
7290013284662,true,רוטב פיצה פיתה 260 ג,,,רוטב פיצה פיתה 260 ג,Each,0.00,Each,false,,5.50,0.0000,true,1,12806
7290013310064,true,חוט דנטלי רפואי עם מ,,,חוט דנטלי רפואי עם מ,Each,0.00,Each,false,,6.90,0.0000,true,1,19755
7290013310101,true,שיפודי במבוק גמבו 50,,,שיפודי במבוק גמבו 50,Each,0.00,Each,false,,5.90,0.0000,true,1,19756
7290013310118,true,שישיית ממחטות אף פנט,,,שישיית ממחטות אף פנט,Each,0.00,Each,false,,3.90,0.0000,true,1,18663
7290013310163,true,מדליק פחם מוצק 40 יח,,,מדליק פחם מוצק 40 יח,Each,0.00,Each,false,,6.90,0.0000,true,1,18661
7290013329004,true,סילאן טבעי כרם 900 ג,,,סילאן טבעי כרם 900 ג,Each,0.00,Each,false,,21.90,0.0000,true,1,7932
7290013329028,true,ממתיק טבעי סטיביה 50,,,ממתיק טבעי סטיביה 50,Each,0.00,Each,false,,27.50,0.0000,true,1,8826
7290013329127,true,ממתיק מלאכותי סוכרלי,,,ממתיק מלאכותי סוכרלי,Each,0.00,Each,false,,30.00,0.0000,true,1,9241
7290013329141,false,שמן קוקוס כרם אורגני,נייצ'ורוס,,שמן קוקוס 500 מל,מיליליטרים,500.00,"100 מ""ל",false,1,25.90,5.1800,true,1,9684
7290013329172,true,גרגרי גוגי ברי 100 ג,,,גרגרי גוגי ברי 100 ג,Each,0.00,Each,false,,11.90,0.0000,true,1,8361
7290013329288,true,סוכרלייף לאפייה 400,,,סוכרלייף לאפייה 400,Each,0.00,Each,false,,19.90,0.0000,true,1,17551
7290013329301,true,פריכיות 100% כוסמת ע,,,פריכיות 100% כוסמת ע,Each,0.00,Each,false,,10.90,0.0000,true,1,11163
7290013329318,true,פריכיות 100% כוסמת ט,,,פריכיות 100% כוסמת ט,Each,0.00,Each,false,,10.90,0.0000,true,1,11164
7290013329417,true,סוכר דמררה כרם 1 קג,,,סוכר דמררה כרם 1 קג,Each,0.00,Each,false,,10.90,0.0000,true,1,13153
7290013329431,true,חמאת שקדים כרם 300 ג,,,חמאת שקדים כרם 300 ג,Each,0.00,Each,false,,24.90,0.0000,true,1,14554
7290013329448,true,חמוציות ברכז תפוחים,,,חמוציות ברכז תפוחים,Each,0.00,Each,false,,17.90,0.0000,true,1,17558
7290013329509,true,שקד טבעי כרם200 גרם,,,שקד טבעי כרם200 גרם,Each,0.00,Each,false,,16.90,0.0000,true,1,17562
7290013329530,true,חמוציות חתוכות כרם 2,,,חמוציות חתוכות כרם 2,Each,0.00,Each,false,,12.90,0.0000,true,1,30942
7290013329547,true,צימוק לבן כרם 330 גר,,,צימוק לבן כרם 330 גר,Each,0.00,Each,false,,15.90,0.0000,true,1,28108
7290013329561,true,אגוזי פקאן טבעי כרם,,,אגוזי פקאן טבעי כרם,Each,0.00,Each,false,,25.90,0.0000,true,1,19979
7290013329585,true,אגוזי קשיו טבעי כרם,,,אגוזי קשיו טבעי כרם,Each,0.00,Each,false,,26.90,0.0000,true,1,19978
7290013329608,true,תאנים מיובשות כרם 33,,,תאנים מיובשות כרם 33,Each,0.00,Each,false,,21.90,0.0000,true,1,17660
7290013329615,true,צימוק חום כרם 330 גר,,,צימוק חום כרם 330 גר,Each,0.00,Each,false,,13.90,0.0000,true,1,28109
7290013329646,false,שמן קוקוס כרם אורגני,נייצ'ורוס,,שמן קוקוס כרם אורגני 350 מל,מיליליטרים,350.00,"100 מ""ל",false,1,19.90,5.6857,true,1,34447
7290013329806,true,אננס מיובש טבעי ללא,,,אננס מיובש טבעי ללא,Each,0.00,Each,false,,19.90,0.0000,true,1,17553
7290013358363,false,מאסטר שף פרורי לחם פנקו עבים בסגנון יפני 300 גר,קריניציה ויטמינה אס,IL,פירורי פנקו מוזהב300 גר מאסטר שף,גרמים,300.00,100 גרם,false,1,9.90,3.3000,true,1,9008
7290013358370,false,פנקו פירורי לחם מאסטר שף בטעם שום 300 גרם,"מיוצר ע""י מנה י.א בע",IL,פירורי פנקו מוזהב טעם שום300גר מאסטר שף,גרמים,300.00,100 גרם,false,1,9.90,3.3000,true,1,9007
7290013358417,false,מאסטר שף אסייאתי רוטב טריאקי 300 מל כשלפ,קריניציה ויטמינה אס,TH,רוטב טריאקי מנה אסייאתי 300 מל,מיליליטרים,300.00,"100 מ""ל",false,1,11.90,3.9667,true,1,13881
7290013358431,true,קרוטונים מנה לסלט200,,,קרוטונים מנה לסלט200,Each,0.00,Each,false,,11.90,0.0000,true,1,10927
7290013358448,true,קרוטונים מנה לסלט200,,,קרוטונים מנה לסלט200,Each,0.00,Each,false,,11.90,0.0000,true,1,10928
7290013358462,false,"מיני קרוטונים למרק בתיבול שום, בצל ופטרוזיליה","עינת תעשיות מזון, אגשח ב",IL,קרוטונים מנה למרק350גר שום בצל פטרוזיליה,גרמים,350.00,100 גרם,false,1,19.90,5.6857,true,1,10929
7290013358493,false,מנה אסייאתי קרם קוקוס פחית 400 מל מ.שף,תאי קוקונט פבליק קומפני,TH,קרם קוקוס מאסטר שף 400 מל,מיליליטרים,400.00,"100 מ""ל",false,1,8.90,2.2250,true,1,13887
7290013358516,true,מיקסלט חמוציות מסטר,,,מיקסלט חמוציות מסטר,Each,0.00,Each,false,,15.90,0.0000,true,1,12168
7290013358547,false,מאסטר שף אסייאתי רוטב צ'ילי חריף 700 מל,קי.אר.אס. ספייסי פוד,TH,רוטב צילי חריף מאסטר שף 700מל,מיליליטרים,700.00,"100 מ""ל",false,1,13.90,1.9857,true,1,13884
7290013358578,false,מנה אסייאתי אטריות אורז רחבות 400 ג מ.שף,ליינג טונג רייספלוור,TH,אטריות אורז רחבות מאסטר שף 400ג,גרמים,400.00,100 גרם,false,30,8.90,2.2250,true,1,13885
7290013358806,true,מאגדת 4פרכיות מנה 26,,,מאגדת 4פרכיות מנה 26,Each,0.00,Each,false,,12.00,0.0000,true,1,11168
7290013366085,false,תירס סופר סוויט ארוז,כרמלים שדות חדשים,IL,תירס מתוק במיוחד,Unknown,0.00,Unknown,false,1,21.90,0.0000,true,1,15542
7290013366108,false,אספרגוס ירוק כרמלים,כרמלים שדות חדשים,IL,אספרגוס יחידה,Unknown,0.00,Unknown,false,1,31.90,0.0000,true,1,25579
7290013366252,false,קטניות מונבטות יחידה,כרמלים שדות חדשים,IL,נבטי קטניות,Unknown,0.00,Unknown,false,1,9.90,0.0000,true,1,9988
7290013366634,false,כרמל יבולים חסה סלנו,שמיניית מעדן חלב שוק,IL,חסה סלנובה ראשים,Unknown,0.00,Unknown,false,1,13.90,0.0000,true,1,9980
7290013366641,false,רוקולה כרמלים 160 גר,מרינה פטריות הגליל,IL,עלי רוקולה,Unknown,0.00,Unknown,false,1,13.90,0.0000,true,1,9981
7290013366719,false,פאק צ'וי כרמל יבולם,כרמלים שדות חדשים,IL,פאקצוי,Unknown,0.00,Unknown,false,1,15.50,0.0000,true,1,15450
7290013430250,false,"בירה אלקסנדר חיטה ישראלית כרמל 330 מ""ל",אלכסנדר- בירה ישראלית מע,IL,בירה אלכסנדר חיטה ישראלית 330מל פקדון,מיליליטרים,330.00,"100 מ""ל",false,1,14.90,4.5152,true,1,19589
7290013451927,true,פריכיות כוסמת זן בר,,,פריכיות כוסמת זן בר,Each,0.00,Each,false,,11.00,0.0000,true,1,10514
7290013472892,true,גבינה הבולגריה 200גר,,,גבינה הבולגריה 200גר,Each,0.00,Each,false,,12.00,0.0000,true,1,12863
7290013472908,true,גבינה בולגרית בקוביו,,,גבינה בולגרית בקוביו,Each,0.00,Each,false,,23.00,0.0000,true,1,10417
7290013493019,true,בירה בזלת פילזנר 330,,,בירה בזלת פילזנר 330,Each,0.00,Each,false,,14.90,0.0000,true,1,8555
7290013493026,true,בירה בזלת חיטה 750 מ,,,בירה בזלת חיטה 750 מ,Each,0.00,Each,false,,29.90,0.0000,true,1,8556
7290013493040,true,בירה בזלת דאבל בוק 7,,,בירה בזלת דאבל בוק 7,Each,0.00,Each,false,,29.90,0.0000,true,1,8558
7290013520067,true,מארז לחמניות 10 יחיד,,,מארז לחמניות 10 יחיד,Each,0.00,Each,false,,14.90,0.0000,true,1,17509
7290013520111,true,מארז לחמניות המבורגר,,,מארז לחמניות המבורגר,Each,0.00,Each,false,,14.90,0.0000,true,1,33651
7290013520463,true,לחם בריאות ושובע כוס,,,לחם בריאות ושובע כוס,Each,0.00,Each,false,,16.90,0.0000,true,1,16128
7290013520500,true,מארז לחמניות כוסמין,,,מארז לחמניות כוסמין,Each,0.00,Each,false,,16.90,0.0000,true,1,19353
7290013525789,false,אריסה מרוקאית שמיר 150 גר',"סלטי שמיר 2006 בע""מ",IL,אריסה מרוקאית 150 גר,גרמים,150.00,100 גרם,false,1,9.90,6.6000,true,1,10125
7290013531346,true,סירופ יכין דיאט לימו,,,סירופ יכין דיאט לימו,Each,0.00,Each,false,,17.90,0.0000,true,1,9508
7290013531612,false,רוטב לפסטה נפוליטנה יכין 240 גרם,זנלכל,IL,רוטב נפוליטנה יכין 260 גר,גרמים,240.00,100 גרם,false,1,5.90,2.4583,true,1,13521
7290013539915,true,אלסבון ארומטי תה לבן,,,אלסבון ארומטי תה לבן,Each,0.00,Each,false,,13.90,0.0000,true,1,8505
7290013585233,false,"ספרייט זירו פחית סליק 330 מ""ל",החברה המרכזית לייצור משקאות,IL,משקה ספרייט זירו פחית 330 פקדון,מיליליטרים,330.00,"100 מ""ל",false,1,5.90,1.7879,true,1,13683
7290013585387,true,משקה קוקה קולה זירו,,,משקה קוקה קולה זירו,Each,0.00,Each,false,,7.50,0.0000,true,1,13412
7290013585394,true,משקה קוקה קולה 1 ליט,,,משקה קוקה קולה 1 ליט,Each,0.00,Each,false,,7.80,0.0000,true,1,13411
7290013585455,false,"ויינשטפן פסטביר בק 330 מ""ל",קוקה קולה,,בירה ויינשטפן פסטביר 330 מל,מיליליטרים,330.00,"100 מ""ל",false,1,12.90,3.9091,true,1,50359
7290013585509,false,"משק""ל פריגת אפרסק 1.5 לי",מבשלות בירה בינלאומיות,IL,פריגת אפרסק 1.5 ליטר,ליטרים,1.50,ליטר,false,1,9.60,6.4000,true,1,13685
7290013585967,true,מארז 6 פחיות ספרייט,,,מארז 6 פחיות ספרייט,Each,0.00,Each,false,,23.90,0.0000,true,1,15840
7290013608260,true,מיץ רימונים טבעי 100,,,מיץ רימונים טבעי 100,Each,0.00,Each,false,,22.90,0.0000,true,1,12237
7290013608864,false,פרימור משקה פירות הדר 1 ליטר בתוספת ויטמין C,"גניר (1992) בע""מ",IL,משקה פירות הדר בתוספת ויטמין סי 1 ליטר,ליטרים,1.00,ליטר,false,1,15.90,15.9000,true,1,35437
7290013645043,true,טוסטונים שרלה ללא גל,,,טוסטונים שרלה ללא גל,Each,0.00,Each,false,,24.90,0.0000,true,1,21732
7290013645272,true,נשיקות שרלה ללא גלוט,,,נשיקות שרלה ללא גלוט,Each,0.00,Each,false,,19.90,0.0000,true,1,21733
7290013645500,true,מקלות מלוחים ללא גלו,,,מקלות מלוחים ללא גלו,Each,0.00,Each,false,,22.90,0.0000,true,1,11169
7290013645531,true,עוגיות מזרחיות ללא ג,,,עוגיות מזרחיות ללא ג,Each,0.00,Each,false,,22.90,0.0000,true,1,11170
7290013645593,true,כדורי שוקולד ללא גלו,,,כדורי שוקולד ללא גלו,Each,0.00,Each,false,,20.90,0.0000,true,1,30160
7290013652157,true,שלישיית מגבונים ל.אי,,,שלישיית מגבונים ל.אי,Each,0.00,Each,false,,27.90,0.0000,true,1,9538
7290013652980,false,ד.פ.נטורל קר קרם גוף רגיל/יבש-דובדבן,"ד""ר פישר Dr fischer",IL,קרם גוף לעור רגיל יבש נטורל קר 450 מל,מיליליטרים,450.00,"100 מ""ל",false,1,16.90,3.7556,true,1,9044
7290013675194,true,שניצל עוף אמיתי ביתי,,,שניצל עוף אמיתי ביתי,Each,0.00,Each,false,,45.00,0.0000,true,1,14572
7290013675545,true,שניצל עוף כלי תחבורה,,,שניצל עוף כלי תחבורה,Each,0.00,Each,false,,36.90,0.0000,true,1,21865
7290013675811,false,פסטה א-לה רומא להקפצה 45,"איי, בי, אינבוו",IL,לקט להקפצה פסטה א-לה רומא חזה עוף 450גר,גרמים,450.00,100 גרם,false,1,22.90,5.0889,true,1,32314
7290013675835,false,חגיגה אסייתית להקפצה 450 גר,"סנפרוסט בע""\מ",IL,לקט ירוק גלילי להקפצה עם חזה עוף 450גר,גרמים,450.00,100 גרם,false,1,22.90,5.0889,true,1,32316
7290013702005,true,מים שוופס פירות יער,,,מים שוופס פירות יער,Each,0.00,Each,false,,7.60,0.0000,true,1,14920
7290013702418,true,משקה שוופס מוגז עדין,,,משקה שוופס מוגז עדין,Each,0.00,Each,false,,6.90,0.0000,true,1,17621
7290013702425,true,משקה שוופס מוגז עדין,,,משקה שוופס מוגז עדין,Each,0.00,Each,false,,6.90,0.0000,true,1,17622
7290013702708,true,משקה שוופס מוגז עדין,,,משקה שוופס מוגז עדין,Each,0.00,Each,false,,6.90,0.0000,true,1,17623
7290013702883,true,משקה שוופס מוגז פינק,,,משקה שוופס מוגז פינק,Each,0.00,Each,false,,7.90,0.0000,true,1,14936
7290013713049,false,"בירה גמס 8.8 איל בלגי מחוזקת 330 מ""ל","אביר הבר בע""מ",IL,בירה גמס 330מל בקבוק 8.8% אלכוהול,מיליליטרים,330.00,"100 מ""ל",false,24,14.90,4.5152,true,1,27380
7290013713094,false,"בירה ג'יימס בלייזר בראון 330 מ""ל",יקבי כרמל,IL,בירה גמס 330מל בקבוק איי.פי.אי,מיליליטרים,330.00,"100 מ""ל",false,24,14.90,4.5152,true,1,27379
7290013724939,true,חמוציות בציפוי שוקול,,,חמוציות בציפוי שוקול,Each,0.00,Each,false,,10.90,0.0000,true,1,8824
7290013724946,true,שקדים בציפוי שוקולד,,,שקדים בציפוי שוקולד,Each,0.00,Each,false,,10.90,0.0000,true,1,8812
7290013724953,true,חמוציות בציפוי שוקול,,,חמוציות בציפוי שוקול,Each,0.00,Each,false,,10.90,0.0000,true,1,8813
7290013724960,true,שקדים בציפוי שוקולד,,,שקדים בציפוי שוקולד,Each,0.00,Each,false,,10.90,0.0000,true,1,8818
7290013724991,true,אגוזי לוז בציפוי שוק,,,אגוזי לוז בציפוי שוק,Each,0.00,Each,false,,10.90,0.0000,true,1,8815
7290013725820,true,אגוזי לוז בציפוי שוק,,,אגוזי לוז בציפוי שוק,Each,0.00,Each,false,,10.90,0.0000,true,1,8809
7290013746368,true,עוגיות דגן שקדים ל.ס,,,עוגיות דגן שקדים ל.ס,Each,0.00,Each,false,,27.90,0.0000,true,1,21839
7290013746504,true,עוגיות דגן מקלוני עש,,,עוגיות דגן מקלוני עש,Each,0.00,Each,false,,21.90,0.0000,true,1,21831
7290013746672,true,עוגיות דגן אגוזים ל.,,,עוגיות דגן אגוזים ל.,Each,0.00,Each,false,,27.90,0.0000,true,1,21837
7290013746689,true,עוגיות דגן שבולת שוע,,,עוגיות דגן שבולת שוע,Each,0.00,Each,false,,27.90,0.0000,true,1,21836
7290013771131,true,לאבנה עיזים 5% 250 ג,,,לאבנה עיזים 5% 250 ג,Each,0.00,Each,false,,18.90,0.0000,true,1,8930
7290013771384,true,יוגורט יווני 8% 400,,,יוגורט יווני 8% 400,Each,0.00,Each,false,,10.90,0.0000,true,1,17503
7290013771575,true,יוגורט יווני 1.3ליטר,,,יוגורט יווני 1.3ליטר,Each,0.00,Each,false,,18.90,0.0000,true,1,29407
7290013816009,false,שוקולד 90% קקאו - הולי קקאו,"הולי קקאו שוקולד בע""",IL,שוקולד הולי קקאו 90% מריר אורגני 100 ג,גרמים,100.00,100 גרם,false,15,17.90,17.9000,true,1,17588
7290013816443,false,שוקולד 80% קקאו - הולי קקאו,"הולי קקאו שוקולד בע""",IL,שוקולד הולי קקאו 80% מריר אורגני 100 ג,גרמים,100.00,100 גרם,false,15,17.90,17.9000,true,1,17587
7290013847454,false,טונה סטארקיסט שמן קנולה רביעיות 4*160 גר,"טונה ויאטנם קו,. אל.טי.ד",VN,רביעיית טונה סטארקיסט שמן קנולה160גר,גרמים,640.00,100 גרם,false,1,25.90,4.0469,true,1,19630
7290013847553,false,נתחי טונה בהירה במים דל נתרן - מארז רביעיה,"סטארקיסט פודור בע""מ",TH,רביעיית טונה סטארקיסט דלת נתרן מים 160 ג,גרמים,640.00,100 גרם,false,1,25.90,4.0469,true,1,15645
7290013847645,true,טונה סטארקיסט שמן זי,,,טונה סטארקיסט שמן זי,Each,0.00,Each,false,,19.90,0.0000,true,1,23380
7290013847812,true,טונה ילופין סטארקיסט,,,טונה ילופין סטארקיסט,Each,0.00,Each,false,,9.90,0.0000,true,1,21174
7290013848345,true,מארז 3יח מטליות לחות,,,מארז 3יח מטליות לחות,Each,0.00,Each,false,,24.90,0.0000,true,1,27522
7290013848383,true,גל רחצה אלוורה קרמה,,,גל רחצה אלוורה קרמה,Each,0.00,Each,false,,16.90,0.0000,true,1,10389
7290013848581,true,מגבת נייר סושי גלילי,,,מגבת נייר סושי גלילי,Each,0.00,Each,false,,12.90,0.0000,true,1,9654
7290013848758,false,מקסימה גל כביסה מרוכז בייבי 3ליטר סנסטיב,"סנו מפעלי ברונוס בע""\מ",IL,גל כביסה מקסימה בייבי סנסטיב 3 ל,ליטרים,3.00,ליטר,false,1,29.90,9.9667,true,1,11291
7290013861054,true,צימוקים בציפוי שוקול,,,צימוקים בציפוי שוקול,Each,0.00,Each,false,,10.90,0.0000,true,1,8814
7290013861412,true,חטיף קוקוס 250 גר,,,חטיף קוקוס 250 גר,Each,0.00,Each,false,,10.00,0.0000,true,1,12845
7290013861429,true,חטיפי שומשום מסוכר 2,,,חטיפי שומשום מסוכר 2,Each,0.00,Each,false,,11.00,0.0000,true,1,12843
7290013883407,false,"דזיטול מרסס לחיטוי כללי יעקבי 750 מ""ל",יעקבי - דזיטול Desytol,ES,מרסס דזיטול נגד חיידקים 500 מל,מיליליטרים,500.00,"100 מ""ל",false,1,12.90,2.5800,true,1,9299
7290013903075,false,בולגרית טבעונית ליב 200 גרם,ביוט איילנד פודס בעמ,,תחליף בולגרית טבעוני 200 גרם ליב,גרמים,200.00,100 גרם,false,1,22.90,11.4500,true,1,16791
7290013903082,false,תחליף צפתית טבעוני 2,ביוט איילנד פודס בעמ,GB,תחליף צפתית טבעוני 200 גרם ליב,גרמים,200.00,100 גרם,false,1,22.90,11.4500,true,1,16793
7290013903099,false,תחליף רוקפור טבעוני,ביוט איילנד פודס בעמ,,תחליף רוקפור טבעוני 200 גרם ליב,גרמים,200.00,100 גרם,false,1,22.90,11.4500,true,1,16790
7290013903273,true,פולי סויה אדממה אורג,,,פולי סויה אדממה אורג,Each,0.00,Each,false,,10.90,0.0000,true,1,28385
7290013903310,false,ליב טופו אורגני 500 גרם,,IL,טופו אורגני 500 גרם 2יח נפרדות,גרמים,500.00,100 גרם,false,9,18.90,3.7800,true,1,27711
7290013903327,false,טופו בטעם טבעי 500 גרם,"א.י.ן תעשיות בע""מ",IL,טופו טבעי 500 גרם 2 יח נפרדות,גרמים,500.00,100 גרם,false,9,16.90,3.3800,true,1,27712
7290013903389,false,שעועית ירוקה אורגנית קפואה 500גרם ליב,ליב אורגני,CN,שעועית ירוקה אורגנית קלופה 500גר קפוא,גרמים,500.00,100 גרם,false,12,12.90,2.5800,true,1,37839
7290013903396,false,גרעיני תירס מתוקים קפואים אורגני 500 גרם,קינגסור,CN,גרעיני תירס מתוק אורגני 500גר קפוא,גרמים,500.00,100 גרם,false,12,12.90,2.5800,true,1,37840
7290013903464,false,פולי סויה אורגנים קלופים מוקפאים (אדממה) 500גרם ליב,זהג'יאנג קינגסור,CN,פולי סויה אורגנים קלופים 500גר קפוא,גרמים,500.00,100 גרם,false,12,11.90,2.3800,true,1,37838
7290013903549,true,טופו במרקם רך 300 גר,,,טופו במרקם רך 300 גר,Each,0.00,Each,false,,12.90,0.0000,true,1,24202
7290013903594,false,רסק תפוחים טבעי 670 גרם ליב,טעמי הגליל בעמ,IL,רסק תפוחים 670 גר טעמי הגליל ליב,גרמים,670.00,100 גרם,false,1,10.00,1.4925,true,1,33028
7290013903624,false,מגורדת בסגנון מוצרלה 200,ביוט איילנד פודס אל טי ד,IL,מגורדת בסגנון מוצרלה 200גר,גרמים,200.00,100 גרם,false,6,22.90,11.4500,true,1,37026
7290013903839,false,קציצות עדשים וירקות טבעוני 400 גרם,,IL,קציצות עדשים וירקות 400גרם ליב,גרמים,400.00,100 גרם,false,1,24.90,6.2250,true,1,50905
7290013903846,false,קציצות סלק טבעוני 400 גרם,,IL,קציצות סלק 400 גרם ליב,גרמים,400.00,100 גרם,false,1,24.90,6.2250,true,1,50906
7290013903976,false,דומדמניות אדומות אורגני ליב 300 גרם,,RS,דומדמניות אדומות אורגני 300גר,גרמים,300.00,100 גרם,false,6,18.90,6.3000,true,1,48937
7290013903990,false,בננה ותות שדה אורגני ליב 300 גרם,,RS,פרוסות בננה ותות שדה אורגני 300גר,גרמים,300.00,100 גרם,false,6,18.90,6.3000,true,1,48935
7290013906052,true,נקניקיות פרגיות 300,,,נקניקיות פרגיות 300,Each,0.00,Each,false,,11.90,0.0000,true,1,9252
7290013906205,true,פסטרמה שום וצילי 400,,,פסטרמה שום וצילי 400,Each,0.00,Each,false,,29.90,0.0000,true,1,10253
7290013906212,true,נקניקיות וינר 1 קג,,,נקניקיות וינר 1 קג,Each,0.00,Each,false,,28.90,0.0000,true,1,10443
7290013906441,true,קבנוס 120 גר,,,קבנוס 120 גר,Each,0.00,Each,false,,10.90,0.0000,true,1,10890
7290013906489,true,חטיפי קבנוס 120 גר,,,חטיפי קבנוס 120 גר,Each,0.00,Each,false,,10.90,0.0000,true,1,10892
7290013906496,false,פסטרמה עגל בסגנון רומני טירת צבי 120 גר,הנסיך- מפעל לייצור ט,IL,סלסולי פסטרמה עגל רומנית 120 גר,גרמים,120.00,100 גרם,false,1,15.90,13.2500,true,1,37873
7290013927637,true,חלבה אחווה ל.ס 400 ג,,,חלבה אחווה ל.ס 400 ג,Each,0.00,Each,false,,13.90,0.0000,true,1,27139
7290013937001,false,מאגדת שישיית ארטיקים,,,מאגדת שישיית ארטיקים טבעיים מעורב,יחידה,6.00,יחידה,false,1,25.90,4.3167,true,1,14161
7290013937063,false,שישיית שלגוני פריז קוקוס,,,מאגדת שישיית ארטיקים טבעיים קוקוס,יחידה,6.00,יחידה,false,1,25.90,4.3167,true,1,13745
7290013937087,false,מאגדת שישיית ארטיקים,,,מאגדת שישיית ארטיקים טבעיים קוקוס קקאו,יחידה,6.00,יחידה,false,1,25.90,4.3167,true,1,15837
7290014002135,true,תה ירוק מיקס 5טעמים,,,תה ירוק מיקס 5טעמים,Each,0.00,Each,false,,24.90,0.0000,true,1,9635
7290014002197,true,תה גן הקסום קמומיל ו,,,תה גן הקסום קמומיל ו,Each,0.00,Each,false,,19.50,0.0000,true,1,9739
7290014002203,true,תה גן הקסום לימונית,,,תה גן הקסום לימונית,Each,0.00,Each,false,,19.50,0.0000,true,1,9738
7290014002579,true,תה ירוק וניל 1.5 ג 2,,,תה ירוק וניל 1.5 ג 2,Each,0.00,Each,false,,24.90,0.0000,true,1,10678
7290014002944,false,גן קסום חליטת פירות וצמחים חמדת שקד 25 שקיקים,תה ויסוצקי,IL,תה גן קסום פירות חמדת השקד2.3ג 25ש,יחידה,25.00,יחידה,false,12,19.50,0.7800,true,1,12558
7290014002982,true,תה ירוק לימונית לואי,,,תה ירוק לימונית לואי,Each,0.00,Each,false,,24.90,0.0000,true,1,11724
7290014021501,false,פרי FREE חטיף בננה קראנצ'י 27 גרם,לנאקו שוואנגטי פודסטאף,CN,חטיף פרי בננה קראנצי ללא סוכר מארז,לא מנהל יחידת מידה,72900.00,לא מנהל יחידת מידה,false,1,10.90,0.0001,true,1,21981
7290014021518,false,פרי FREE חטיף אננס קראנצ'י 27 גרם,לנאקו שוואנגטי פודסטאף,CN,חטיף פרי אננס קראנצי ללא סוכר מארז,Unknown,0.00,Unknown,false,1,10.90,0.0000,true,1,21983
7290014021525,false,פרי FREE חטיף ליצ'י קראנצ'י 27 גרם,לנאקו שוואנגטי פודסטאף,CN,חטיף פרי ליצי קראנצי ללא סוכר מארז,לא מנהל יחידת מידה,72900.00,לא מנהל יחידת מידה,false,1,10.90,0.0001,true,1,21980
7290014021532,false,פרי FREE חטיף אגס קראנצ'י 27 גרם,לנאקו שוואנגטי פודסטאף,CN,חטיף פרי אגס קראנצי ללא סוכר מארז,יחידה,10.00,יחידה,false,1,10.90,1.0900,true,1,21979
7290014021549,false,פרי FREE חטיף תפוח קראנצ'י 27 גרם,,CN,חטיף פרי תפוח קראנצי ללא סוכר מארז,יחידה,10.00,יחידה,false,1,10.90,1.0900,true,1,22808
7290014021648,false,פרי FREE חטיף משמש קראנצ'י 27 גרם,לנאקו שוואנגטי פודסטאף,CN,חטיף פרי משמש קראנצי ללא סוכר מארז,לא מנהל יחידת מידה,72900.00,לא מנהל יחידת מידה,false,1,10.90,0.0001,true,1,21982
7290014046016,true,פסטרמה של פעם 100% ח,,,פסטרמה של פעם 100% ח,Each,0.00,Each,false,,25.90,0.0000,true,1,11742
7290014046047,true,מארז צמד פסטרמה פפרי,,,מארז צמד פסטרמה פפרי,Each,0.00,Each,false,,25.90,0.0000,true,1,12136
7290014046436,true,נשנושי קבנוס 125 גר,,,נשנושי קבנוס 125 גר,Each,0.00,Each,false,,12.90,0.0000,true,1,10436
7290014046474,true,נקניקיות עוף 1.5 קג,,,נקניקיות עוף 1.5 קג,Each,0.00,Each,false,,27.90,0.0000,true,1,13330
7290014059078,true,מי פה אקווה פרש אקסט,,,מי פה אקווה פרש אקסט,Each,0.00,Each,false,,19.90,0.0000,true,1,9699
7290014059085,false,"משחת שיניים סנסודיין 75 מ""ל פרימיום לשיקום והגנה","סמית קליין ביצ'ם בע""",GB,מש.שיניים סנסודיין שיקום והגנה 75 מל,מיליליטרים,75.00,"100 מ""ל",false,1,21.90,29.2000,true,1,9405
7290014059436,false,"משחת שיניים סנסודיין 75 מ""ל פרימיום לשיקום והגנה מלבינה 75 מ""ל","סמית קליין ביצ'ם בע""",GB,משחת שיניים סנסודיין לשיקום והגנה מלבינה,מיליליטרים,75.00,"100 מ""ל",false,1,21.90,29.2000,true,1,27035
7290014066243,false,לנדוור מארז קפסולות*3 עם 2 כוסות,קפה לנדוור,IL,מארז 3 קפסולות לנדוור+2כוסות קפה,יחידה,30.00,יחידה,false,10,44.90,1.4967,true,1,40573
7290014066359,true,קפסולות אספרסו לנדוו,,,קפסולות אספרסו לנדוו,Each,0.00,Each,false,,15.90,0.0000,true,1,33186
7290014066366,true,קפסולות אספרסו לנדוו,,,קפסולות אספרסו לנדוו,Each,0.00,Each,false,,15.90,0.0000,true,1,33190
7290014066373,true,קפסולות אספרסו לנדוו,,,קפסולות אספרסו לנדוו,Each,0.00,Each,false,,15.90,0.0000,true,1,33188
7290014066380,true,קפסולות אספרסו לנדוו,,,קפסולות אספרסו לנדוו,Each,0.00,Each,false,,15.90,0.0000,true,1,33187
7290014066526,true,קפסולות אספרסו לנדוו,,,קפסולות אספרסו לנדוו,Each,0.00,Each,false,,15.90,0.0000,true,1,33191
7290014066533,true,קפסולות אספרסו לנדוו,,,קפסולות אספרסו לנדוו,Each,0.00,Each,false,,15.90,0.0000,true,1,33189
7290014083806,true,עוגיות בטעם חמאה 350,,,עוגיות בטעם חמאה 350,Each,0.00,Each,false,,13.90,0.0000,true,1,10851
7290014083813,true,שפרוטים מעושנים בשמן,,,שפרוטים מעושנים בשמן,Each,0.00,Each,false,,7.90,0.0000,true,1,10104
7290014094338,true,גרעיני דלעת מקולפות,,,גרעיני דלעת מקולפות,Each,0.00,Each,false,,14.90,0.0000,true,1,12364
7290014094345,true,גרעיני חמניה קלופים,,,גרעיני חמניה קלופים,Each,0.00,Each,false,,10.90,0.0000,true,1,12378
7290014094369,true,שקד טבעי 200 גר בקופ,,,שקד טבעי 200 גר בקופ,Each,0.00,Each,false,,20.00,0.0000,true,1,12374
7290014094376,false,שזיפים ללא גלעין בקופסא ששון הקולה 330 גרם,"דין שיווק וקלייה בע""",,שזיף מגולען 250 גרם בקופסא,גרמים,250.00,100 גרם,false,1,19.90,7.9600,true,1,12368
7290014094383,false,משמש מיובש ששון הקול,"דין שיווק וקלייה בע""",,משמש מיובש 250 גרם בקופסא,גרמים,250.00,100 גרם,false,1,19.90,7.9600,true,1,12369
7290014094390,false,חמוציות בקופסא ששון הקולה 330 גרם,"דין שיווק וקלייה בע""",,חמוציות 250 גרם בקופסא,גרמים,250.00,100 גרם,false,1,15.90,6.3600,true,1,12363
7290014094543,false,"תרסיס שמן קנולה שקדיה 186 מ""ל",שקדיה,TR,תרסיס שמן קנולה שקדיה 170 מל,מיליליטרים,170.00,"100 מ""ל",false,12,13.90,8.1765,true,1,12189
7290014094628,true,אגוז פקאן טבעי 200 ג,,,אגוז פקאן טבעי 200 ג,Each,0.00,Each,false,,25.90,0.0000,true,1,12372
7290014094635,false,אגוז ברזיל 250 גרם בקופסא,"דין שיווק וקלייה בע""",,אגוז ברזיל 200 גר בקופסא,גרמים,200.00,100 גרם,false,1,26.90,13.4500,true,1,12375
7290014094642,false,קשיו טבעי גדול 250 גרם בקופסא,"דין שיווק וקלייה בע""",,אגוז קשיו טבעי 200 גר בקופסא,גרמים,200.00,100 גרם,false,1,26.90,13.4500,true,1,12376
7290014094857,true,פקאן סיני מסוכר 150,,,פקאן סיני מסוכר 150,Each,0.00,Each,false,,21.90,0.0000,true,1,10028
7290014094864,true,פיסטוק קלוי 170 ג,,,פיסטוק קלוי 170 ג,Each,0.00,Each,false,,16.90,0.0000,true,1,10027
7290014095861,false,שיבולת שועל דקה בשקית שקדיה 500 גרם,"דין שיווק וקלייה בע""",IL,קווקר שיבול שועל דקה 500 גר,גרמים,500.00,100 גרם,false,1,5.90,1.1800,true,1,10464
7290014095953,true,פקאן מצופה שוקולד חל,,,פקאן מצופה שוקולד חל,Each,0.00,Each,false,,11.90,0.0000,true,1,13717
7290014095960,false,שיבולת שועל עבה בשקית שקדיה 500 גרם,"דין שיווק וקלייה בע""",IL,קווקר שיבול שועל עבה 500 גר,גרמים,500.00,100 גרם,false,1,5.90,1.1800,true,1,10465
7290014196063,false,נר ציטרונלה דוחה יתו,,,נר ציטרונלה דוחה יתושים,יחידה,1.00,יחידה,false,12,24.90,24.9000,true,1,39395
7290014217003,true,פפריקה מעושנת 90 ג מ,,,פפריקה מעושנת 90 ג מ,Each,0.00,Each,false,,9.90,0.0000,true,1,9145
7290014217027,true,תיבול לעוף במיכל 120,,,תיבול לעוף במיכל 120,Each,0.00,Each,false,,11.90,0.0000,true,1,9726
7290014217065,true,אורגנו עלים 30 ג מיכ,,,אורגנו עלים 30 ג מיכ,Each,0.00,Each,false,,9.90,0.0000,true,1,9451
7290014217201,true,תערובת תיבול סומק 40,,,תערובת תיבול סומק 40,Each,0.00,Each,false,,6.90,0.0000,true,1,15040
7290014217348,true,צילי כתוש 70 גר מיכל,,,צילי כתוש 70 גר מיכל,Each,0.00,Each,false,,9.90,0.0000,true,1,11902
7290014217355,true,אבקת קרי 100גר מיכל,,,אבקת קרי 100גר מיכל,Each,0.00,Each,false,,9.90,0.0000,true,1,11903
7290014217393,false,אבקת צ'ילי חריף 30 גרם מיכל קטן,"תבליני טעם וריח בע""מ",IL,צילי טחון חריף 30 גר מיכל קטן,Unknown,0.00,Unknown,false,1,6.90,0.0000,true,1,40628
7290014217515,true,תערובת ציפוי מאפה מל,,,תערובת ציפוי מאפה מל,Each,0.00,Each,false,,9.90,0.0000,true,1,23326
7290014217522,true,תערובת לחם שום מיכל,,,תערובת לחם שום מיכל,Each,0.00,Each,false,,9.90,0.0000,true,1,23324
7290014217584,false,מטחנת לקט פלפל ארבע עונות 30 ג',יוליניבר,IL,לקט פלפל 4 עונות במטחנה 30 גר,Unknown,0.00,Unknown,false,1,11.90,0.0000,true,1,29750
7290014217973,false,תבלין פלפל צילי חריף יבש בשקית 150 גר',"תבליני טעם וריח בע""\מ",IL,פלפל צילי חריף 150 גרם,גרמים,150.00,100 גרם,false,1,13.90,9.2667,true,1,27056
7290014218321,true,בורקס יפו מעדנות גבי,,,בורקס יפו מעדנות גבי,Each,0.00,Each,false,,18.90,0.0000,true,1,15158
7290014218338,true,בורקס יפו מעדנות תפו,,,בורקס יפו מעדנות תפו,Each,0.00,Each,false,,17.90,0.0000,true,1,15159
7290014256231,true,יין 4 חביות אדום יבש,,,יין 4 חביות אדום יבש,Each,0.00,Each,false,,60.00,0.0000,true,1,14482
7290014256620,true,יין קריניאן באז אדום,,,יין קריניאן באז אדום,Each,0.00,Each,false,,35.00,0.0000,true,1,12982
7290014265066,false,יין הר עמשא לבן יתיר 750 מל,,,יין הר עמשא לבן 2020 750 מל,מיליליטרים,750.00,"100 מ""ל",false,1,100.00,13.3333,true,1,45563
7290014265516,true,יין יער יתיר אדום 75,,,יין יער יתיר אדום 75,Each,0.00,Each,false,,250.00,0.0000,true,1,23875
7290014265820,false,יין יקבי יתיר הר עמש,יקבי כרמל,IL,יין הר עמשא 2018 750 מל,מיליליטרים,750.00,"100 מ""ל",false,1,100.00,13.3333,true,1,39505
7290014265967,false,יין יקבי יתיר הר עמש,,,יין הר עמשא 2019 750 מל,מיליליטרים,750.00,"100 מ""ל",false,1,100.00,13.3333,true,1,39579
7290014305045,true,בירה הדובים יונק הדב,,,בירה הדובים יונק הדב,Each,0.00,Each,false,,14.90,0.0000,true,1,20464
7290014305236,true,בירה הדובים טייפון 3,,,בירה הדובים טייפון 3,Each,0.00,Each,false,,14.90,0.0000,true,1,22756
7290014305571,false,"בירה הדובים עשן לבן 330 מ""ל",,,בירה הדובים עשן לבן 330 מל פקדון,מיליליטרים,330.00,"100 מ""ל",false,1,14.90,4.5152,true,1,40927
7290014397279,true,שקיות מזון סנו סושי,,,שקיות מזון סנו סושי,Each,0.00,Each,false,,12.90,0.0000,true,1,10009
7290014397286,true,מרכך כביסה מקסימה קא,,,מרכך כביסה מקסימה קא,Each,0.00,Each,false,,16.90,0.0000,true,1,10386
7290014397705,true,נוזל רצפה פוליויקס פ,,,נוזל רצפה פוליויקס פ,Each,0.00,Each,false,,19.90,0.0000,true,1,10701
7290014397767,true,נוזל ריצפז פרש הום 2,,,נוזל ריצפז פרש הום 2,Each,0.00,Each,false,,21.90,0.0000,true,1,10885
7290014397774,true,נוזל ריצפז פרש הום 2,,,נוזל ריצפז פרש הום 2,Each,0.00,Each,false,,21.90,0.0000,true,1,10886
7290014397781,true,נוזל ריצפז פרש הום ס,,,נוזל ריצפז פרש הום ס,Each,0.00,Each,false,,21.90,0.0000,true,1,10887
7290014397835,true,סנומט דוחה יתושים מכ,,,סנומט דוחה יתושים מכ,Each,0.00,Each,false,,44.90,0.0000,true,1,11850
7290014397842,true,דוחה יתושים סנומט מכ,,,דוחה יתושים סנומט מכ,Each,0.00,Each,false,,49.90,0.0000,true,1,13379
7290014397873,true,מרכך כביסה סנומקסימה,,,מרכך כביסה סנומקסימה,Each,0.00,Each,false,,22.90,0.0000,true,1,30834
7290014426061,true,מש.שיניים הלו קיטי ל,,,מש.שיניים הלו קיטי ל,Each,0.00,Each,false,,12.90,0.0000,true,1,10559
7290014435391,false,חומוס אורגינל עם גרגירים שמיר 400 גרם,"סלטי שמיר 2006 בע""מ",IL,חומוס עם גרגרים 400גר,גרמים,400.00,100 גרם,false,1,11.90,2.9750,true,1,11350
7290014435803,false,מטיאס הולנדי (פרובנציאל) עם בצל בשמן 180 גרם,שבעת הימים - שמיר,IL,דג מטיאס הולנדי פרובנציאל עם בצל 180גרם,גרמים,180.00,100 גרם,false,1,17.90,9.9444,true,1,12523
7290014435810,false,נתחי הרינג כבוש עם בצל במרינת חמוץ מתוק שמיר 220 גרם,שבעת הימים - שמיר,IL,דג הרינג כבוש עם בצל חמוץ מתוק 180גרם,גרמים,180.00,100 גרם,false,1,17.90,9.9444,true,1,12525
7290014435834,false,מקרל מעושן פרוס בשמן שמיר 180 גרם,שבעת הימים - שמיר,IL,דג מקרל מעושן פרוס בשמן 180 גרם,גרמים,180.00,100 גרם,false,1,24.90,13.8333,true,1,12522
7290014451230,true,נייר אפיה טבעי 30 יח,,,נייר אפיה טבעי 30 יח,Each,0.00,Each,false,,16.90,0.0000,true,1,18843
7290014455245,false,גבינת גרנה פדנו משולש 29% 200 גרם בית יוסף,מחלבת סוציאלה מנטובה,IT,גבינה גרנה פדנו משולש 200 גרם,גרמים,20000.00,100 גרם,false,13,27.90,0.1395,true,1,14985
7290014455252,false,גבינה קשה מגורדת גרנה פדנו 29% שומן,מחלבות גד שיווק 1992,IT,גבינה גרנה פדנו מגורד 100 גרם,גרמים,10000.00,100 גרם,false,1,13.90,0.1390,true,1,14986
7290014455467,true,מעדן שיבולת שועל וחל,,,מעדן שיבולת שועל וחל,Each,0.00,Each,false,,6.50,0.0000,true,1,15124
7290014459137,true,סטייק ציפס תפוגן 1.,,,סטייק ציפס תפוגן 1.,Each,0.00,Each,false,,24.90,0.0000,true,1,11363
7290014459267,true,ציפס פרוסות תפוגן1.5,,,ציפס פרוסות תפוגן1.5,Each,0.00,Each,false,,24.90,0.0000,true,1,13556
7290014459373,true,תפוגן ציפס קראנצי לת,,,תפוגן ציפס קראנצי לת,Each,0.00,Each,false,,24.90,0.0000,true,1,15282
7290014466609,false,יין מרלו גמלא 2020 750 מל,יקבי רמת הגולן קצרין,IL,יין גמלא מרלו 2012 750 מל פיקדון,מיליליטרים,750.00,"100 מ""ל",false,1,60.00,8.0000,true,1,15222
7290014466807,true,יין ירדן 2 טי מתוק,,,יין ירדן 2 טי מתוק,Each,0.00,Each,false,,100.00,0.0000,true,1,33944
7290014466890,true,יין גמלא קברנה מרלו,,,יין גמלא קברנה מרלו,Each,0.00,Each,false,,60.00,0.0000,true,1,16800
7290014471412,true,מוזלי בוטנים אגוזים,,,מוזלי בוטנים אגוזים,Each,0.00,Each,false,,20.90,0.0000,true,1,11259
7290014471429,true,מוזלי פירות 1 קג שק,,,מוזלי פירות 1 קג שק,Each,0.00,Each,false,,20.90,0.0000,true,1,11258
7290014471436,true,מוזלי צימוק תפוח עץ,,,מוזלי צימוק תפוח עץ,Each,0.00,Each,false,,20.90,0.0000,true,1,11255
7290014471443,true,גרנולה אגוזים 1 קג ש,,,גרנולה אגוזים 1 קג ש,Each,0.00,Each,false,,20.90,0.0000,true,1,11254
7290014472235,true,אגוז פקאן מסוכר 200,,,אגוז פקאן מסוכר 200,Each,0.00,Each,false,,27.90,0.0000,true,1,12379
7290014472495,true,קשיו קלוי ענק פרימיו,,,קשיו קלוי ענק פרימיו,Each,0.00,Each,false,,24.90,0.0000,true,1,11541
7290014472501,true,פיסטוק קלוי ענק פרימ,,,פיסטוק קלוי ענק פרימ,Each,0.00,Each,false,,26.90,0.0000,true,1,11539
7290014472518,true,בוטן קלוי ענק פרימיו,,,בוטן קלוי ענק פרימיו,Each,0.00,Each,false,,10.90,0.0000,true,1,11542
7290014472525,true,תערובת פיצוחים פרימי,,,תערובת פיצוחים פרימי,Each,0.00,Each,false,,23.90,0.0000,true,1,11540
7290014472990,true,ממרח 100% שקדים300 ג,,,ממרח 100% שקדים300 ג,Each,0.00,Each,false,,34.90,0.0000,true,1,12157
7290014501843,false,יין הרי גליל מירון 2018 750 מל,יקבי רמת הגולן,IL,יין מירון הרי גליל 2018 750מל,מיליליטרים,750.00,"100 מ""ל",false,1,100.00,13.3333,true,1,47221
7290014503137,false,"יין כנען אדום דלתון 750 מ""ל","יקב דלתון בע""\מ",IL,יין כנען אדום דלתון 2015 750מל פקדון,מיליליטרים,750.00,"100 מ""ל",false,1,45.00,6.0000,true,1,16577
7290014503328,false,"יין עלמה סקארלט 750 מ""ל דלתון","יקב דלתון בע""מ",IL,יין עלמה סקארלט דלתון 750 מל,מיליליטרים,75000.00,"100 מ""ל",false,1,80.00,0.1067,true,1,12335
7290014503625,false,דלתון קברנה סוביניון,"יקב דלתון בע""מ",,יין קברנה סובניון 750 מל,מיליליטרים,750.00,"100 מ""ל",false,1,60.00,8.0000,true,1,18080
7290014503632,false,יין אסטייט מרלו דלתו,"יקב דלתון בע""מ",,יין מרלו 750 מל,מיליליטרים,750.00,"100 מ""ל",false,1,60.00,8.0000,true,1,18081
7290014503649,false,יין אסטייט שיראז דלת,"יקב דלתון בע""מ",,יין שיראז 750 מל,מיליליטרים,750.00,"100 מ""ל",false,1,60.00,8.0000,true,1,18082
7290014503656,false,יין אסטייט פטיט סירה,"יקב דלתון בע""מ",,יין פטיט סירה 750 מל פקדון,מיליליטרים,750.00,"100 מ""ל",false,1,60.00,8.0000,true,1,18084
7290014503830,false,"יין שרדונה אסטייט דלתון 750 מ""ל",יקב דלתון מרום גליל,,יין שרדונה 750 מל,מיליליטרים,750.00,"100 מ""ל",false,1,60.00,8.0000,true,1,18077
7290014511019,false,מארז בייגל אמריקאי מלא,,,בייגל אמריקאי קל 4יחידות כ300גר,יחידה,4.00,יחידה,false,1,15.90,3.9750,true,1,35631
7290014511026,false,בייגל אמריקאי 4 יחיד,,,בייגל אמריקאי 4 יחידות כ300גר,יחידה,4.00,יחידה,false,1,15.90,3.9750,true,1,35629
7290014525016,true,ח.דגנים סלימדליס יוג,,,ח.דגנים סלימדליס יוג,Each,0.00,Each,false,,11.90,0.0000,true,1,9650
7290014525023,true,ח.דגנים סלימדליס יוג,,,ח.דגנים סלימדליס יוג,Each,0.00,Each,false,,11.90,0.0000,true,1,9652
7290014525177,true,ח.דגנים סלימדליס יוג,,,ח.דגנים סלימדליס יוג,Each,0.00,Each,false,,11.90,0.0000,true,1,11308
7290014525290,true,ח.דגנים סלימדליס קרי,,,ח.דגנים סלימדליס קרי,Each,0.00,Each,false,,11.90,0.0000,true,1,15747
7290014525306,true,ח.דגנים סלימדליס קרי,,,ח.דגנים סלימדליס קרי,Each,0.00,Each,false,,11.90,0.0000,true,1,15748
7290014525313,true,ח.דגנים סלימדליס קרי,,,ח.דגנים סלימדליס קרי,Each,0.00,Each,false,,11.90,0.0000,true,1,15749
7290014547322,false,סנסודין זוג מברשות שיניים שיקום כחול+תכל,סנסודיין,CN,מארז 2יח מברשת שינים סנסודיין שיקום הגנה,יחידה,2.00,יחידה,false,12,32.90,16.4500,true,1,24588
7290014548459,true,גבינה צפתית 5% 200 ג,,,גבינה צפתית 5% 200 ג,Each,0.00,Each,false,,24.90,0.0000,true,1,18394
7290014548497,true,גבינת עיזים מעודנת 5,,,גבינת עיזים מעודנת 5,Each,0.00,Each,false,,17.90,0.0000,true,1,18395
7290014548541,false,לאבנה 5%עם שמן זית 200 ג,חוות רום,IL,לאבנה עיזים 200 גרם עם שמן זית 5%שומן,גרמים,200.00,100 גרם,false,1,17.90,8.9500,true,1,18396
7290014548565,true,גבינת צרקסית 12% 200,,,גבינת צרקסית 12% 200,Each,0.00,Each,false,,24.90,0.0000,true,1,18397
7290014548572,true,גבינת צרקסית עשבי תי,,,גבינת צרקסית עשבי תי,Each,0.00,Each,false,,24.90,0.0000,true,1,18398
7290014548589,true,גבינת צרקסית קצח 12%,,,גבינת צרקסית קצח 12%,Each,0.00,Each,false,,24.90,0.0000,true,1,18399
7290014692336,true,שיני שום במי מלח 340,,,שיני שום במי מלח 340,Each,0.00,Each,false,,11.90,0.0000,true,1,10234
7290014692350,true,עגבניות מיובשות בשמן,,,עגבניות מיובשות בשמן,Each,0.00,Each,false,,11.90,0.0000,true,1,10233
7290014692817,true,גבינת מוצרלה מגורדת,,,גבינת מוצרלה מגורדת,Each,0.00,Each,false,,17.90,0.0000,true,1,11352
7290014717770,true,יין קברנה סוביניון 2,,,יין קברנה סוביניון 2,Each,0.00,Each,false,,150.00,0.0000,true,1,19012
7290014717886,true,יין קברנה פרנק 2014,,,יין קברנה פרנק 2014,Each,0.00,Each,false,,170.00,0.0000,true,1,17716
7290014748361,true,פסטרמה דבש פרוסות דק,,,פסטרמה דבש פרוסות דק,Each,0.00,Each,false,,11.90,0.0000,true,1,22305
7290014749078,true,מקלוני קבנוס עוף טוב,,,מקלוני קבנוס עוף טוב,Each,0.00,Each,false,,14.90,0.0000,true,1,29862
7290014749245,true,רצועות שניצל שומשום,,,רצועות שניצל שומשום,Each,0.00,Each,false,,39.90,0.0000,true,1,31281
7290014749788,true,רצועות שניצל צונגו צ,,,רצועות שניצל צונגו צ,Each,0.00,Each,false,,39.90,0.0000,true,1,33763
7290014749825,true,רצועות שניצל צונגו ג,,,רצועות שניצל צונגו ג,Each,0.00,Each,false,,39.90,0.0000,true,1,33764
7290014749887,false,שניצל דק ענק קריספי קלאסי עוף טוב 720 גרם,מוצרי עוף טוב (2001) בע\,IL,שניצל דק עק קריספי קלאסי 720גר עוף טוב,גרמים,720.00,100 גרם,false,1,34.90,4.8472,true,1,39611
7290014758100,false,מאגדת יוגורט ביו 3% שומן 8 יח' *150ג' תנובה,מיוצר עי קונדיטוריית,IL,מאגדת יוגורט ביו 3% 8יח 150גר,גרמים,1200.00,100 גרם,false,1,12.90,1.0750,true,1,10148
7290014758117,false,מאגדת יוגורט ביו 1.5% שומן 8 יח' *150 ג' תנובה,מיוצר עי קונדיטוריית,IL,מאגדת יוגורט ביו 1.5% 8יח 150גר,גרמים,1200.00,100 גרם,false,1,12.90,1.0750,true,1,10147
7290014758162,true,חלב עיזים מלא 3.6% 1,,,חלב עיזים מלא 3.6% 1,Each,0.00,Each,false,,15.50,0.0000,true,1,10597
7290014758681,true,קוטג 1% בגביע 250גר,,,קוטג 1% בגביע 250גר,Each,0.00,Each,false,,5.80,0.0000,true,1,10150
7290014759084,true,גב.שמנת נפוליאון סקי,,,גב.שמנת נפוליאון סקי,Each,0.00,Each,false,,14.50,0.0000,true,1,11294
7290014759534,true,גבינה בולגרית למריחה,,,גבינה בולגרית למריחה,Each,0.00,Each,false,,15.50,0.0000,true,1,11371
7290014759978,true,גבינת קצקבל 200 גר פ,,,גבינת קצקבל 200 גר פ,Each,0.00,Each,false,,28.90,0.0000,true,1,11619
7290014759985,true,גבינת פרמזן 200 גר פ,,,גבינת פרמזן 200 גר פ,Each,0.00,Each,false,,26.90,0.0000,true,1,11618
7290014759992,true,גבינת רוקפור 140גר פ,,,גבינת רוקפור 140גר פ,Each,0.00,Each,false,,21.90,0.0000,true,1,11620
7290014760134,true,מעדן סויה בטעם וניל,,,מעדן סויה בטעם וניל,Each,0.00,Each,false,,4.90,0.0000,true,1,12297
7290014760448,true,גבינת גלבוע פרוס 400,,,גבינת גלבוע פרוס 400,Each,0.00,Each,false,,25.90,0.0000,true,1,12172
7290014760912,true,גוש חלב פרוס 400 גרם,,,גוש חלב פרוס 400 גרם,Each,0.00,Each,false,,26.90,0.0000,true,1,15873
7290014761056,true,מעדן יולו שוקולד חלב,,,מעדן יולו שוקולד חלב,Each,0.00,Each,false,,4.90,0.0000,true,1,12986
7290014761063,true,מעדן יולו שוקולד מרי,,,מעדן יולו שוקולד מרי,Each,0.00,Each,false,,4.90,0.0000,true,1,12988
7290014761193,true,פרילי פירות יער 125,,,פרילי פירות יער 125,Each,0.00,Each,false,,3.90,0.0000,true,1,13072
7290014761414,true,מעדן יולו שכבות שוקו,,,מעדן יולו שכבות שוקו,Each,0.00,Each,false,,4.90,0.0000,true,1,12989
7290014761612,true,מעדן יולו שכבות שוקו,,,מעדן יולו שכבות שוקו,Each,0.00,Each,false,,4.90,0.0000,true,1,13535
7290014762756,true,גב.שמנת נפוליאון בצל,,,גב.שמנת נפוליאון בצל,Each,0.00,Each,false,,14.50,0.0000,true,1,15157
7290014762787,true,מעדן סויה בטעם תות 1,,,מעדן סויה בטעם תות 1,Each,0.00,Each,false,,4.90,0.0000,true,1,19479
7290014762800,true,מעדן סויה בטעם שוקול,,,מעדן סויה בטעם שוקול,Each,0.00,Each,false,,4.90,0.0000,true,1,19481
7290014762831,true,גבינת שמנת נפוליאון,,,גבינת שמנת נפוליאון,Each,0.00,Each,false,,14.50,0.0000,true,1,16038
7290014762909,true,פתיתי גבינת מוצרלה 2,,,פתיתי גבינת מוצרלה 2,Each,0.00,Each,false,,17.90,0.0000,true,1,15826
7290014763098,true,גבינת שמנת 5% טוסקנה,,,גבינת שמנת 5% טוסקנה,Each,0.00,Each,false,,12.50,0.0000,true,1,15828
7290014763272,true,משקה סויה ביו תות בנ,,,משקה סויה ביו תות בנ,Each,0.00,Each,false,,6.50,0.0000,true,1,16249
7290014763579,true,מעדן סויה ביו בטעם פ,,,מעדן סויה ביו בטעם פ,Each,0.00,Each,false,,4.90,0.0000,true,1,21121
7290014791572,false,"שוויפס מוגז בטעם ענבים 330 מ""ל",יפאורה תבורי בעמ,IL,משקה שוופס מוגז ענבים 330 מל,מיליליטרים,330.00,"100 מ""ל",false,1,6.90,2.0909,true,1,17627
7290014791626,true,שוופס סודה נענע ליים,,,שוופס סודה נענע ליים,Each,0.00,Each,false,,3.90,0.0000,true,1,14950
7290014791787,true,מים פרוט וואטר אננס,,,מים פרוט וואטר אננס,Each,0.00,Each,false,,8.60,0.0000,true,1,13997
7290014791817,true,מים פרוט וואטר אבטיח,,,מים פרוט וואטר אבטיח,Each,0.00,Each,false,,8.60,0.0000,true,1,13999
7290014860070,true,מקלוני אורז 5ממ ללא,,,מקלוני אורז 5ממ ללא,Each,0.00,Each,false,,10.90,0.0000,true,1,10735
7290014860087,true,מקלוני אורז 5ממ ללא,,,מקלוני אורז 5ממ ללא,Each,0.00,Each,false,,7.90,0.0000,true,1,10733
7290014860094,true,מקלוני אורז 3ממ ללא,,,מקלוני אורז 3ממ ללא,Each,0.00,Each,false,,10.90,0.0000,true,1,10734
7290014860155,true,מחצלת במבו שטוחה לסו,,,מחצלת במבו שטוחה לסו,Each,0.00,Each,false,,8.90,0.0000,true,1,10523
7290014860988,false,"שימורי קרם קוקוס 17% 400 מ""ל (TCC) כשר",theppadungporn cocon,TH,קרם קוקוס17% טי סי סי 400 מל,מיליליטרים,400.00,"100 מ""ל",false,1,9.90,2.4750,true,1,11704
7290014890152,true,גבינת שמנת זיתים 225,,,גבינת שמנת זיתים 225,Each,0.00,Each,false,,10.90,0.0000,true,1,18392
7290014890169,true,גבינת שמנת שום שמיר,,,גבינת שמנת שום שמיר,Each,0.00,Each,false,,10.90,0.0000,true,1,18393
7290014890206,true,קרם פרש 250גרם יעקוב,,,קרם פרש 250גרם יעקוב,Each,0.00,Each,false,,13.90,0.0000,true,1,28075
7290014901247,false,"שמפו קרטין לאחר החלקה ועיצוב בחום סטייל 750 מ""ל",א.ל. ארמן ייצור תמרו,IL,שמפו סטייל קרטין לאחר החלקה 750מל,מיליליטרים,750.00,"100 מ""ל",false,1,26.90,3.5867,true,1,44649
7290014901254,false,"מרכך קרטין לאחר החלקה ועיצוב בחום סטייל 750 מ""ל",א.ל ארמן ייצור תמרוק,IL,מרכך סטייל קרטין לאחר החלקה 750מל,מיליליטרים,750.00,"100 מ""ל",false,1,26.90,3.5867,true,1,44650
7290014901261,false,"מסכה קרטין לאחר החלקה ועיצוב בחום סטייל 500 מ""ל",א.ל ארמן ייצור תמרוק,IL,מסכת שיער סטייל קרטין לאחר החלקה 500מל,מיליליטרים,500.00,"100 מ""ל",false,1,44.90,8.9800,true,1,44651
7290014901308,false,"סנסודיין משחת שיניים להגנה מלאה 75 מ""ל - סדרת פרמיום","סמית קליין ביצ'ם בע""",GB,מש.שיניים סנסודיין הגנה מלאה 75מל ירוק,גרמים,75.00,100 גרם,false,1,21.90,29.2000,true,1,11922
7290014901315,false,סנסודיין משחה הגנה מלאה אקסטרה פרש 75 מל,"סמית קליין ביצ'ם בע""",GB,מש.שיניים סנסודיין הגנה מלאה 75מל כחול,גרמים,75.00,100 גרם,false,1,21.90,29.2000,true,1,11923
7290014901896,true,מי פה סנסודיין 500 מ,,,מי פה סנסודיין 500 מ,Each,0.00,Each,false,,28.90,0.0000,true,1,14412
7290014905160,false,"הפי מטהר אוויר פניני ריח בניחוחות, 130 גרם",יוליניבר,IT,פניני ריח אקס אל יעקובי,Unknown,0.00,Unknown,false,1,14.90,0.0000,true,1,11282
7290014905207,false,"הג'ל הכחול לניקוי האסלה יעקבי 750 מ""ל",איי פי אס,TR,הפי גל לאסלות 750מל,מיליליטרים,750.00,"100 מ""ל",false,1,10.00,1.3333,true,1,10960
7290014905498,true,מטלית דו צדדית גם וג,,,מטלית דו צדדית גם וג,Each,0.00,Each,false,,12.90,0.0000,true,1,12272
7290014905696,true,נוזל כלים הפי צהוב 7,,,נוזל כלים הפי צהוב 7,Each,0.00,Each,false,,7.90,0.0000,true,1,12657
7290014905733,true,נוזל לניקוי חלונות ה,,,נוזל לניקוי חלונות ה,Each,0.00,Each,false,,8.90,0.0000,true,1,12679
7290014947023,true,פריכיות כוסמין זן בר,,,פריכיות כוסמין זן בר,Each,0.00,Each,false,,11.00,0.0000,true,1,24090
7290014947047,true,פריכיות כוסמת זן בר,,,פריכיות כוסמת זן בר,Each,0.00,Each,false,,11.00,0.0000,true,1,13828
7290014947092,true,פריכיות תירס קצח זן,,,פריכיות תירס קצח זן,Each,0.00,Each,false,,11.00,0.0000,true,1,26130
7290014949744,false,"אוטן טרופי ספריי יבש ל- 8שעות 100מ""ל",מיוצר עי קונדיטוריית,PL,אוטן אקטיב תרסיס ללא גז נגד יתושים 100 מ,מיליליטרים,10000.00,"100 מ""ל",false,1,19.90,0.1990,true,1,11872
7290014949751,false,אוטן ג'וניור ג'ל דוחה יתושים לילדים,ג'נרל מילס סאן אדריא,NL,אוטן אקטיב תרסיס ללא גז נגד יתושים 100 מ,מיליליטרים,100.00,"100 מ""ל",false,1,19.90,19.9000,true,1,11871
7290014974562,true,גביעי גלידה עלמה 24,,,גביעי גלידה עלמה 24,Each,0.00,Each,false,,7.90,0.0000,true,1,18791
7290014974593,false,גביעי גלידריה עלמה ללא גלוטן 132 גרם,כרמית תעשיות ממתקים,IL,גביעי גלידה ללא גלוטן 12 יח,יחידה,12.00,יחידה,false,1,15.90,1.3250,true,1,20630
7290014974876,true,רולים אגוז ללא גלוטן,,,רולים אגוז ללא גלוטן,Each,0.00,Each,false,,7.90,0.0000,true,1,20633
7290015014267,true,פסיפלורה ארוז במגש י,,,פסיפלורה ארוז במגש י,Each,0.00,Each,false,,17.90,0.0000,true,1,16479
7290015041041,true,טוש מסיר כתמים,,,טוש מסיר כתמים,Each,0.00,Each,false,,11.90,0.0000,true,1,24591
7290015060639,false,זיתים שחורים קלמטה ב,,GR,זיתים שחורים קלמטה בשמן זית אורגני 250גר,גרמים,250.00,100 גרם,false,1,18.90,7.5600,true,1,37458
7290015081948,false,אולטרסול ספורט MAX קרם גל לפנים 75 SPF50,פישר מעבדות פרמצבטיות בע,IL,גל הגנה אולטרסול ספורט מקס לפנים 50 75מל,מיליליטרים,75.00,"100 מ""ל",false,1,54.90,73.2000,true,1,15855
7290015081955,false,"ד""ר פישר - אולטרסול ספורט מקס ספריי שקוף 200 מ""ל 50SPF",פישר מעבדות פרמצבטיות בע,IL,תחליב הגנה אולטרסול מקס ספורט שקוף 200מל,מיליליטרים,200.00,"100 מ""ל",false,1,64.90,32.4500,true,1,15866
7290015127288,false,בולגרית עיזים זעתר אורגנית 200 גר,,IL,גבינה ראם בולגרית עם זעתר אורגנית 200גר,גרמים,200.00,100 גרם,false,6,36.90,18.4500,true,1,49179
7290015129121,true,פסטה סקיני נודלס 270,,,פסטה סקיני נודלס 270,Each,0.00,Each,false,,11.90,0.0000,true,1,12241
7290015129145,true,פסטה סקיני ספגטי 270,,,פסטה סקיני ספגטי 270,Each,0.00,Each,false,,11.90,0.0000,true,1,12242
7290015129220,true,פסטה סקיני קוסקוס 27,,,פסטה סקיני קוסקוס 27,Each,0.00,Each,false,,11.90,0.0000,true,1,13415
7290015129251,true,פסטה סקיני פטוציני 2,,,פסטה סקיני פטוציני 2,Each,0.00,Each,false,,11.90,0.0000,true,1,13417
7290015129657,false,סקיני פסטה פנה אורגנ,סקיני פסטה,CN,סקיני פסטה פנה,גרמים,270.00,100 גרם,false,30,11.90,4.4074,true,1,50768
7290015129749,true,סקיני פסטה שבולת שוע,,,סקיני פסטה שבולת שוע,Each,0.00,Each,false,,11.90,0.0000,true,1,26169
7290015139526,true,ופל חופשי מצופה ללא,,,ופל חופשי מצופה ללא,Each,0.00,Each,false,,11.90,0.0000,true,1,15213
7290015139571,true,מאגדת 5 ופל חופשי חל,,,מאגדת 5 ופל חופשי חל,Each,0.00,Each,false,,12.00,0.0000,true,1,15218
7290015150088,false,מחית עגבניות קלה גרנד איטליה 700 גרם,שוורצקוף& הנקל דיסלד,IT,מחית עגבניות בלה איטליה 700 גר,גרמים,700.00,100 גרם,false,1,12.90,1.8429,true,1,13595
7290015150118,false,שלישיית עגבניות חתוכות דק גרנד איטליה 400 גרם,אמיליאנה קונסרב ס.פ.,IT,מארז 3 יח עגבניות חתוכות בלה איטליה400גר,גרמים,1200.00,100 גרם,false,1,16.90,1.4083,true,1,13594
7290015150361,true,תה ירוק נענע סטיביה,,,תה ירוק נענע סטיביה,Each,0.00,Each,false,,24.90,0.0000,true,1,13058
7290015150903,true,תה ירוק קינמון ודבש,,,תה ירוק קינמון ודבש,Each,0.00,Each,false,,24.90,0.0000,true,1,16493
7290015155021,false,פרמיו חטיף דנטלי לכלב ננסי 110גרם,רונדו,DE,פרמיו דנטל מיני 110 גר,גרמים,110.00,100 גרם,false,10,9.90,9.0000,true,1,49360
7290015155243,false,פרמיו חטיף כריות לתמיכה באנטי -היירבול לחתול 60ג',פרמיו Premio,AT,פרמיו חטיף כריות לחתול 60 גר,גרמים,60.00,100 גרם,false,7,9.90,16.5000,true,1,23524
7290015155250,false,פרמיו חטיף כריות סלמון 60 גר,פרמיו Premio,AT,פרמיו חטיף כריות סלמון לחתול 60גר,גרמים,60.00,100 גרם,false,7,9.90,16.5000,true,1,23526
7290015155274,false,פרמיו כריות ביוטי לחתול 60ג,פרמיו Premio,AT,פרמיו חטיף כריות לחתול אנטי היירבול 60ג,גרמים,60.00,100 גרם,false,7,9.90,16.5000,true,1,50118
7290015155410,false,פרמיו חטיף כריות דנטל עם עוף 60ג',פרמיו Premio,AT,פרמיו חטיף כריות דנטל עוף לחתול 60גר,גרמים,60.00,100 גרם,false,7,9.90,16.5000,true,1,23525
7290015155427,false,פרמיו עוף וכבד לחתול,פרמיו Premio,AU,פרמיו עוף וכבד 15 גר,יחידה,1.00,יחידה,false,35,6.90,6.9000,true,1,23523
7290015155434,false,פרמיו סלמון ופורל 15 ג',,AU,פרמיו סלמון ופורל 15 גר,יחידה,1.00,יחידה,false,35,6.90,6.9000,true,1,23522
7290015155557,false,פרמיו מקלוני ברווז מובחרים 100ג,,CN,פרמיו רצועות סושי ברווז 100 גר,גרמים,100.00,100 גרם,false,14,14.90,14.9000,true,1,49357
7290015155823,true,פאוץ פרינוק תפוח עץ,,,פאוץ פרינוק תפוח עץ,Each,0.00,Each,false,,5.90,0.0000,true,1,19412
7290015155830,false,מחית תפוחי עץ ובננה חטיפטף ללא תוספת סוכר,פרוטה פודווין איי.אס,CZ,פאוץ פרינוק תפוח בננה 120 גרם,גרמים,120.00,100 גרם,false,24,5.90,4.9167,true,1,19413
7290015155847,true,פאוץ פרינוק סלט פירו,,,פאוץ פרינוק סלט פירו,Each,0.00,Each,false,,5.90,0.0000,true,1,19414
7290015155878,true,חטיפטף בטעם טבעי 28,,,חטיפטף בטעם טבעי 28,Each,0.00,Each,false,,7.90,0.0000,true,1,20019
7290015156653,false,פרמיו חטיף לבבות ברווז 100ג',לנגי,CN,פרמיו חטיף לבבות ברווז 100 גר,גרמים,100.00,100 גרם,false,10,14.90,14.9000,true,1,49358
7290015156769,true,פאוץ פרינוק תפוח ואו,,,פאוץ פרינוק תפוח ואו,Each,0.00,Each,false,,5.90,0.0000,true,1,23894
7290015156776,true,פאוץ פרינוק פירות טר,,,פאוץ פרינוק פירות טר,Each,0.00,Each,false,,5.90,0.0000,true,1,22565
7290015156790,true,פאוץ פרינוק לפתן פיר,,,פאוץ פרינוק לפתן פיר,Each,0.00,Each,false,,5.90,0.0000,true,1,22566
7290015156813,true,פאוץ פרינוק פירות מע,,,פאוץ פרינוק פירות מע,Each,0.00,Each,false,,5.90,0.0000,true,1,22567
7290015161152,false,גרנולה מפתיתי כוסמין בתוספת פירות ואגוזים,נוטרה זן NutraZen,IL,גרנולה כוסמין פירות ואגוזים 300 גר,גרמים,300.00,100 גרם,false,1,27.90,9.3000,true,1,35534
7290015161534,true,קוואקר עבה ללא גלוטן,,,קוואקר עבה ללא גלוטן,Each,0.00,Each,false,,19.90,0.0000,true,1,34237
7290015161541,true,קוואקר דק ללא גלוטן,,,קוואקר דק ללא גלוטן,Each,0.00,Each,false,,19.90,0.0000,true,1,34235
7290015161558,false,קמח שיבולת שועל מלאה אורגני ללא גלוטן,הלינסקי מילס אל.טי.די,DK,קמח ש. שועל מלא ללג 500 גר,גרמים,500.00,100 גרם,false,1,24.90,4.9800,true,1,34239
7290015161848,true,פת פריכה אורגנית ללג,,,פת פריכה אורגנית ללג,Each,0.00,Each,false,,10.90,0.0000,true,1,34227
7290015164818,false,רוטב קארי צהובה 400 גרם SUREE כשר,Theppadungporn cocon,TH,מחית קארי צהובה 400 גר טי סי סי,גרמים,400.00,100 גרם,false,1,19.90,4.9750,true,1,35385
7290015178136,false,רוטב אוליביה לדג חרי,,,רוטב אוליביה לדג חריימה 300 גר,גרמים,300.00,100 גרם,false,1,13.00,4.3333,true,1,32702
7290015178150,false,רוטב אוליביה לדג סגנ,,,רוטב אוליביה לדג סגנון ויאטנמי 300גר,גרמים,300.00,100 גרם,false,1,13.00,4.3333,true,1,32701
7290015178174,false,ממרח אוליביה - פסטו בטעם פרמז'ן 180 גרם,יוניליוור גרמניה Gm,IL,פסטו בטעם פרמזן 180גר אוליביה,גרמים,180.00,100 גרם,false,6,12.90,7.1667,true,1,36966
7290015178181,false,ממרח אוליביה - ארטישוק ברוזמרין 180 גרם,יוניליוור גרמניה Gm,IL,ארטישוק ברוזמרין 180גרם אוליביה,גרמים,180.00,100 גרם,false,6,12.90,7.1667,true,1,36963
7290015178198,false,ממרח אוליביה - חצילים שרופים 180 גרם,אוליביה בעמ,IL,ממרח חצילים שרופים 180גרם אוליביה,גרמים,180.00,100 גרם,false,6,12.90,7.1667,true,1,36964
7290015178204,false,ממרח אוליביה - עגבניות מיובשות בשמש עם לימון 180 גרם,אוליביה בעמ,IL,עגבניות מיובשות בשמש עם לימון 180גר אולי,גרמים,180.00,100 גרם,false,6,12.90,7.1667,true,1,36965
7290015178235,false,זיתים מושחרים בסלסלת עגבניות מיובשות 180 גרם,תנובה ב.ע.ד,IL,זיתים מושחרים בסלסת עגבניות מיובשות 180ג,גרמים,180.00,100 גרם,false,6,12.90,7.1667,true,1,40021
7290015178266,false,אוליביה רוטב פלפלת שחורה 270 גרם,אוליביה,IL,רוטב פלפלת שחורה אוליביה 480 גר,גרמים,480.00,100 גרם,false,1,12.90,2.6875,true,1,49995
7290015178273,false,רוטב מרינדה לעוף בגריל אוליביה 270 גר,אוליביה,IL,מרינדה לעוף בגריל אוליביה 530 גר,גרמים,530.00,100 גרם,false,1,12.90,2.4340,true,1,49996
7290015193139,true,רוטב צילי מתוק וואק,,,רוטב צילי מתוק וואק,Each,0.00,Each,false,,8.90,0.0000,true,1,12549
7290015193269,false,שמן שומשום שחור 100%טהור,הו צ'קינג הינג אוי פ,SG,שמן שומשום שחור 100% ווק 150 מל,מיליליטרים,150.00,"100 מ""ל",false,12,13.90,9.2667,true,1,40930
7290015193573,true,מקלוני אורז 2 ממ ווק,,,מקלוני אורז 2 ממ ווק,Each,0.00,Each,false,,9.90,0.0000,true,1,18917
7290015282017,false,פרוסות טונה מעושנת 100 גרם שמיר,"סלטי שמיר 2006 בע""מ",,דג טונה מעושנת פרוס 100 גרם,גרמים,100.00,100 גרם,false,1,23.90,23.9000,true,1,12532
7290015282031,false,סלט חומוס עם חריף 30,,,סלט חומוס עם חריף 300 גר שמיר,גרמים,300.00,100 גרם,false,1,10.90,3.6333,true,1,13124
7290015282048,false,סלט חומוס מזרחי 300,סלטי שמיר 2006,,סלט חומוס מזרחי 300 גר שמיר,גרמים,300.00,100 גרם,false,1,10.90,3.6333,true,1,13125
7290015282284,false,סלט כרוב אדום 300 גר,סלטי שמיר 2006,,סלט כרוב אדום 300 גר שמיר,גרמים,300.00,100 גרם,false,1,11.90,3.9667,true,1,13126
7290015282291,false,סלט טחינה ביתית 300,סלטי שמיר 2006,,סלט טחינה ביתית 300 גר שמיר,גרמים,300.00,100 גרם,false,1,10.90,3.6333,true,1,13127
7290015282307,false,סלט חציל במיונז 300,סלטי שמיר 2006,,סלט חציל במיונז 300 גר שמיר,גרמים,300.00,100 גרם,false,1,10.90,3.6333,true,1,13128
7290015282321,false,סלט סלק 300 גר שמיר,סלטי שמיר 2006,,סלט סלק 300 גר שמיר,גרמים,300.00,100 גרם,false,1,11.90,3.9667,true,1,13130
7290015282338,false,סלט מטבוחה 300 גר שמ,סלטי שמיר 2006,,סלט מטבוחה 300 גר שמיר,גרמים,300.00,100 גרם,false,1,11.90,3.9667,true,1,13131
7290015282352,false,סלט תפוחי אדמה 300 ג,סלטי שמיר 2006,,סלט תפוחי אדמה 300 גר שמיר,גרמים,300.00,100 גרם,false,1,11.90,3.9667,true,1,13133
7290015282390,false,סלט תורכי 200 גרם שמיר,"סלטי שמיר 2006 בע""מ",IL,סלט תורכי 200גרם גורמה,גרמים,200.00,100 גרם,false,1,10.90,5.4500,true,1,19294
7290015282581,false,חומוס אבו גוש עם חריף שמיר 200 גרם,"סלטי שמיר 2006 בע""מ",IL,חומוס אבו גוש עם חריף 200 גרם גורמה,גרמים,200.00,100 גרם,false,1,10.90,5.4500,true,1,19284
7290015282598,false,חומוס מסעדות גורמה שמיר 200 גרם,"סלטי שמיר 2006 בע""מ",IL,חומוס מסעדות 200 גרם גורמה,גרמים,200.00,100 גרם,false,1,10.90,5.4500,true,1,19285
7290015282604,false,טחינה מיוחדת גורמה שמיר 200 גרם,"סלטי שמיר 2006 בע""מ",IL,טחינה מיוחדת 200 גרם גורמה,גרמים,200.00,100 גרם,false,1,10.90,5.4500,true,1,19286
7290015282611,false,סלט ביצים 200 גרם גו,"סלטי שמיר 2006 בע""מ",IL,סלט ביצים 200 גרם גורמה,גרמים,200.00,100 גרם,false,1,17.90,8.9500,true,1,19305
7290015282628,false,חציל בטעם כבד גורמה שמיר 200 גרם,"סלטי שמיר 2006 בע""מ",IL,סלט חציל בטעם כבד 200גרם גורמה,גרמים,200.00,100 גרם,false,1,10.90,5.4500,true,1,19295
7290015282635,false,חומוס מסבחה גורמה שמיר 200 גרם,"סלטי שמיר 2006 בע""מ",IL,חומוס מסבחה 200 גרם גורמה,גרמים,200.00,100 גרם,false,1,10.90,5.4500,true,1,19287
7290015282642,false,חומוס אבו גוש גורמה שמיר 200 גרם,"סלטי שמיר 2006 בע""מ",IL,חומוס אבו גוש 200 גרם גורמה,גרמים,200.00,100 גרם,false,1,10.90,5.4500,true,1,19288
7290015282666,false,סלט טונה עם ירקות 200 גר,"סלטי שמיר 2006 בע""מ",IL,סלט טונה בריאות 200גרם גורמה,גרמים,200.00,100 גרם,false,1,17.90,8.9500,true,1,19306
7290015282673,false,חציל במיונז ביתי גורמה שמיר 200 גרם,"סלטי שמיר 2006 בע""מ",IL,סלט חציל במיונז ביתי 200גרם גורמה,גרמים,200.00,100 גרם,false,1,10.90,5.4500,true,1,19296
7290015282680,false,קישוא בטעם כבד גורמה שמיר 200 גרם,"סלטי שמיר 2006 בע""מ",IL,סלט קישוא בטעם כבד 200 גרם גורמה,גרמים,200.00,100 גרם,false,1,10.90,5.4500,true,1,19297
7290015282697,false,כרוב אדום שמיר גורמה 200גר,"סלטי שמיר 2006 בע""מ",IL,כרוב אדום 200 גרם גורמה,גרמים,200.00,100 גרם,false,1,10.90,5.4500,true,1,19289
7290015282734,false,מטבוחה ביתית גורמה שמיר 200 גרם,"סלטי שמיר 2006 בע""מ",IL,מטבוחה ביתית 200 גרם גורמה,גרמים,200.00,100 גרם,false,1,10.90,5.4500,true,1,19292
7290015282758,false,תירס מקסיקני 200 גרם,"סלטי שמיר 2006 בע""מ",IL,סלט תירס מקסיקני 200גר גורמה,גרמים,200.00,100 גרם,false,1,10.90,5.4500,true,1,19300
7290015282796,false,"סלט תפו""א שמיר במיונז 200ג'","סלטי שמיר 2006 בע""מ",IL,סלט תפוחי אדמה 200גר גורמה,גרמים,200.00,100 גרם,false,1,10.90,5.4500,true,1,19293
7290015282956,false,סלט חציל בטחינה 300,סלטי שמיר 2006,,סלט חציל בטחינה 300 גרם שמיר,גרמים,300.00,100 גרם,false,1,10.90,3.6333,true,1,13135
7290015282994,false,סלט חמוצים סיני 300,,,סלט חמוצים סיני 300 גר שמיר,גרמים,300.00,100 גרם,false,1,14.90,4.9667,true,1,13134
7290015284028,true,ס.גוף אקולאב 500מל ס,,,ס.גוף אקולאב 500מל ס,Each,0.00,Each,false,,31.90,0.0000,true,1,11609
7290015284042,true,שמפו אקולאב 500מל ס.,,,שמפו אקולאב 500מל ס.,Each,0.00,Each,false,,31.90,0.0000,true,1,11610
7290015284073,true,סבון ידיים אקולאב 50,,,סבון ידיים אקולאב 50,Each,0.00,Each,false,,24.90,0.0000,true,1,11960
7290015284080,true,שמפו אקולאב 500מל ס.,,,שמפו אקולאב 500מל ס.,Each,0.00,Each,false,,31.90,0.0000,true,1,11613
7290015284097,true,מרכך אקולאב 500מל ס.,,,מרכך אקולאב 500מל ס.,Each,0.00,Each,false,,31.90,0.0000,true,1,11614
7290015284103,true,ס.גוף אקולאב 500מל ס,,,ס.גוף אקולאב 500מל ס,Each,0.00,Each,false,,31.90,0.0000,true,1,11615
7290015284110,true,סבון ידיים אקולאב 50,,,סבון ידיים אקולאב 50,Each,0.00,Each,false,,24.90,0.0000,true,1,11961
7290015284165,false,שמפו אקולאב 1ליטר שי,א.ל. ארמן,IL,שמפו אקולאב 1ליטר שיער רגיל יבש ירק כתום,ליטרים,1.00,ליטר,false,6,44.90,44.9000,true,1,50738
7290015284189,false,שמפו משפחתי ירקות ירוקים 1 ליטר,א.ל. ארמן,IL,שמפו אקולאב משפחתי לכל סוגי השיער 1ליטר,ליטרים,1.00,ליטר,false,6,44.90,44.9000,true,1,30164
7290015284196,false,סבון גוף משפחתי ירקות ירוקים 1 ליטר,א.ל. ארמן,IL,סבון גוף אקולאב 1ליטר משפחתי,ליטרים,1.00,ליטר,false,6,44.90,44.9000,true,1,30165
7290015284202,true,שמפו אקולאב 500מל ס.,,,שמפו אקולאב 500מל ס.,Each,0.00,Each,false,,31.90,0.0000,true,1,15434
7290015284219,true,מרכך אקולאב 500מל ס.,,,מרכך אקולאב 500מל ס.,Each,0.00,Each,false,,31.90,0.0000,true,1,15435
7290015284226,true,ס.גוף אקולאב 500מל ס,,,ס.גוף אקולאב 500מל ס,Each,0.00,Each,false,,31.90,0.0000,true,1,15436
7290015284233,true,סבון ידיים אקולאב 50,,,סבון ידיים אקולאב 50,Each,0.00,Each,false,,24.90,0.0000,true,1,15451
7290015284240,true,מסכה לשיער אקולאב,,,מסכה לשיער אקולאב,Each,0.00,Each,false,,41.90,0.0000,true,1,16013
7290015284264,false,סבון גוף לעור יבש ירקות סגולים 1 ליטר,א.ל. ארמן,IL,סבון גוף אקולאב 1ליטר ירקות סגולים,ליטרים,1.00,ליטר,false,6,44.90,44.9000,true,1,32788
7290015284646,false,ס.גוף אקולאב 500מל ס,א.ל. ארמן,,ס.גוף אקולאב 500מל ס. אגוזים אורגניקזון,מיליליטרים,500.00,"100 מ""ל",false,1,31.90,6.3800,true,1,49643
7290015284653,false,סבון ידיים אקולאב 50,א.ל. ארמן,,סבון ידיים אקולאב 500 מל אקולוגי אגוזים,מיליליטרים,500.00,"100 מ""ל",false,1,24.90,4.9800,true,1,49644
7290015284660,true,שמפו אקולאב לשיער לא,,,שמפו אקולאב לשיער לא,Each,0.00,Each,false,,34.90,0.0000,true,1,18479
7290015284769,true,גל ניקוי פנים אקולאב,,,גל ניקוי פנים אקולאב,Each,0.00,Each,false,,33.90,0.0000,true,1,33492
7290015284790,true,מסכת בוץ מינרלי לעור,,,מסכת בוץ מינרלי לעור,Each,0.00,Each,false,,49.90,0.0000,true,1,33494
7290015324076,true,זעתר 80גר שקית,,,זעתר 80גר שקית,Each,0.00,Each,false,,6.50,0.0000,true,1,11911
7290015324083,true,מלח לימון 80 גר שקית,,,מלח לימון 80 גר שקית,Each,0.00,Each,false,,6.50,0.0000,true,1,11912
7290015324106,true,כורכום טחון 80 גר שק,,,כורכום טחון 80 גר שק,Each,0.00,Each,false,,6.50,0.0000,true,1,11914
7290015324533,true,רוזמרין במיכל גדול 5,,,רוזמרין במיכל גדול 5,Each,0.00,Each,false,,9.90,0.0000,true,1,29746
7290015324571,false,פפריקה מתוקה בשמן בסגנון מרוקאי 400 גרם,"תבליני טעם וריח בע""\מ",IL,פפריקה מתוקה בשמן מרוקאי 400 גר בקופסא,גרמים,400.00,100 גרם,false,1,15.90,3.9750,true,1,31765
7290015324595,false,פלפל שחור גרוס 400 גרם,,,פלפל שחור טחון גס400 גרם,גרמים,400.00,100 גרם,false,1,29.90,7.4750,true,1,34588
7290015324601,false,פפריקה חריפה בשמן בסגנון מרוקאי 400 גרם,יוליניבר,IL,פפריקה חריפה בשמן מרוקאי 400 גר בקופסא,גרמים,400.00,100 גרם,false,1,15.90,3.9750,true,1,35469
7290015324656,false,זעפרן ספרדי יחידה0.5,"תבליני טעם וריח בע""מ",ES,זעפרן ספרדי יחידה0.5 גר,Unknown,0.00,Unknown,false,1,19.90,0.0000,true,1,37901
7290015324663,false,צ'ילי גרוס חריף אש 70 גרם,"תבליני טעם וריח בע""מ",IL,צילי גרוס חריף 70 גר מיכל גדול,גרמים,150.00,100 גרם,false,1,9.90,6.6000,true,1,36438
7290015324670,false,מטחנת פלפל שחור שלם 50 ג' טעם וריח,קייפ הרב אנד ספייס,ZA,מטחנת פלפל שחור שלם 50 גרם,Unknown,0.00,Unknown,false,6,14.90,0.0000,true,1,49079
7290015324687,false,מטחנת לקט פלפל 50 ג' טעם וריח,קייפ הרב אנד ספייס,ZA,מטחנת לקט פלפלים 50 גרם,Unknown,0.00,Unknown,false,6,14.90,0.0000,true,1,49080
7290015324717,false,"מחית שום `טעם וריח, 210 גרם",ליני קאטייאמה פודסטאפס ב,CN,מחית שום טעם וריח 210 גרם צנצנת,גרמים,210.00,100 גרם,false,6,12.90,6.1429,true,1,48616
7290015324724,false,מחית צ`ילי חריף `טעם וריח' 230 גרם,ליני קאטייאמה פודסטאפס ב,CN,מחית צילי חריף טעם וריח 230 גרם צנצנת,גרמים,230.00,100 גרם,false,6,12.90,5.6087,true,1,48617
7290015324731,false,"מחית ג`ינג`ר `טעם וריח', 210 גרם",ליני קאטייאמה פודסטאפס ב,CN,מחית גינגר טעם וריח 210 גרם צנצנת,גרמים,210.00,100 גרם,false,6,12.90,6.1429,true,1,48619
7290015324748,false,"מחית שום וג`ינגר `טעם וריח', 210 גרם",ליני קאטייאמה פודסטאפס ב,CN,מחית שום וגינגר טעם וריח 210 גרם צנצנת,גרמים,210.00,100 גרם,false,6,12.90,6.1429,true,1,48620
7290015335607,false,יוגונאט טבעי 150גר' ניה,טרופיקל דגיל תעשיות,IL,מעדן ביו טבעי 150גר ללא סויה/חלב,גרמים,150.00,100 גרם,false,6,6.90,4.6000,true,1,37720
7290015335614,false,מעדן ביו עם תות 150 גרם,טרופיקל דגיל תעשיות,IL,מעדן ביו תות 150גרם ללא סויה/חלב,גרמים,150.00,100 גרם,false,6,6.90,4.6000,true,1,37721
7290015335621,false,מעד ביו פירות יער 150 גר,טרופיקל דגיל תעשיות,IL,מעדן ביו פירות יער 150גרם ללא סויה/חלב,גרמים,150.00,100 גרם,false,6,6.90,4.6000,true,1,37723
7290015335638,false,מעד ביו דובדבן 150 גר,טרופיקל דגיל תעשיות,IL,מעדן ביו דובדבן 150גרם ללא סויה/חלב,גרמים,150.00,100 גרם,false,6,6.90,4.6000,true,1,37722
7290015335645,false,מעדן ביו מנגו ומלון,טרופיקל דגיל תעשיות,IL,מעדן ביו מנגו ומלון 150גרם ללא סויה/חלב,גרמים,150.00,100 גרם,false,6,6.90,4.6000,true,1,37724
7290015335720,false,מעדן ביו בטעם אננס 150 גר,,IL,מעדן ביו בטעם אננס 150גר ללא סויה/חלב,גרמים,150.00,100 גרם,false,6,6.90,4.6000,true,1,45686
7290015341516,true,עוגת קראנץ בטעמים 60,,,עוגת קראנץ בטעמים 60,Each,0.00,Each,false,,16.90,0.0000,true,1,24658
7290015341554,false,עוגת מאפינס בטעם שוק,,,עוגת מאפינס בטעם שוקולד אנטיקביץ 450 גרם,גרמים,450.00,100 גרם,false,1,16.90,3.7556,true,1,33797
7290015354899,true,חרדל ריין דה דיזון מ,,,חרדל ריין דה דיזון מ,Each,0.00,Each,false,,12.90,0.0000,true,1,23392
7290015366342,true,זוג נוזל דוחה יתושים,,,זוג נוזל דוחה יתושים,Each,0.00,Each,false,,19.90,0.0000,true,1,13373
7290015366366,true,מכשיר ספירה דוחה יתו,,,מכשיר ספירה דוחה יתו,Each,0.00,Each,false,,34.90,0.0000,true,1,13374
7290015366663,true,מש.שיניים אקוה פרש ע,,,מש.שיניים אקוה פרש ע,Each,0.00,Each,false,,7.90,0.0000,true,1,15458
7290015470094,true,שוקולד מריר תפוז טוס,,,שוקולד מריר תפוז טוס,Each,0.00,Each,false,,10.90,0.0000,true,1,16621
7290015470384,true,קרם ידיים פנגל מועשר,,,קרם ידיים פנגל מועשר,Each,0.00,Each,false,,12.90,0.0000,true,1,14402
7290015508223,false,יין פלטר מטר 2016 75,יקב matar,,יין פלטר מטר 2016 750 מל,מיליליטרים,750.00,"100 מ""ל",false,1,85.00,11.3333,true,1,23765
7290015508285,false,"יין רוזה מטר 750 מ""ל יקב פלטר",יקב matar,,יין פלטר רוזה מטר 2015 750 מל,מיליליטרים,750.00,"100 מ""ל",false,1,100.00,13.3333,true,1,17134
7290015508483,false,יין מטר קומולוס 2015 750 מל,יקב matar,,יין פלטר קומולוס מטר 2015 750 מל,מיליליטרים,750.00,"100 מ""ל",false,1,85.00,11.3333,true,1,18020
7290015508506,false,"יין סוביניון בלאן סמיון 750 מ""ל",יקב פלטר,,יין סובניון בלאן סמיון 750 מל,מיליליטרים,750.00,"100 מ""ל",false,1,80.00,10.6667,true,1,21187
7290015597210,true,מאגדת טילון קורנטו ט,,,מאגדת טילון קורנטו ט,Each,0.00,Each,false,,34.90,0.0000,true,1,21772
7290015597326,true,מאגדת לייט קרחונים 1,,,מאגדת לייט קרחונים 1,Each,0.00,Each,false,,25.90,0.0000,true,1,15034
7290015599016,true,צהובה טבעונית זיתים,,,צהובה טבעונית זיתים,Each,0.00,Each,false,,24.90,0.0000,true,1,14076
7290015599030,true,צהובה טבעונית פיצה פ,,,צהובה טבעונית פיצה פ,Each,0.00,Each,false,,24.90,0.0000,true,1,14078
7290015599597,false,בורגר מן הצומח 110גר,,,בורגר מן הצומח 110גר ווגטן,גרמים,110.00,100 גרם,false,12,10.00,9.0909,true,1,29252
7290015603188,false,אטריות ביצים 454ג' (כ) (fu),פוגיאן לונגהי אנלידה אינ,CN,אטריות ביצים 454 גר,גרמים,454.00,100 גרם,false,1,10.90,2.4009,true,1,14595
7290015603195,false,איטריות בתוספת תרד 454 גרם,פוגיאן לונגהי אנלידה אינ,CN,אטריות תרד 454 ג,גרמים,454.00,100 גרם,false,1,10.90,2.4009,true,1,13725
7290015603201,false,אטריות מחיטה מלאה 454ג' (כ) (fu),קסמיאן קסינגשנג פודסטטפס,CN,אטריות מחיטה מלאה 454 גר,גרמים,454.00,100 גרם,false,1,10.90,2.4009,true,1,14157
7290015603218,false,אטריות עם עגבניה מזרח מערב 454 גרם,פוגקן לונגהי אנלידה,CN,אטריות עם גבינה 454 ג,גרמים,454.00,100 גרם,false,1,10.90,2.4009,true,1,16877
7290015603225,false,איטריות בתוספת גזר 454 גרם,פוגקן לונגהי אנלידה,CN,אטריות עם גזר 454 ג,גרמים,454.00,100 גרם,false,1,10.90,2.4009,true,1,16875
7290015603232,false,איטריות בתוספת דלעת 454 גרם,פוגקן לונגהי אנלידה,CN,אטריות עם דלעת 454 ג,גרמים,454.00,100 גרם,false,1,10.90,2.4009,true,1,16876
7290015603522,false,"נוזל אגוזי קוקוס 5%-7% 400 מ""ל",אסי אטיק גרו אינדוסט,TH,נוזל אגוזי קוקוס5-7%אסיאטיק400מל,מיליליטרים,400.00,"100 מ""ל",false,1,6.90,1.7250,true,1,14593
7290015603546,false,"שימורי קרם קוקוס 17-19% 400 מ""ל (ASIATIC)(כ)",אסיאטיק אגרו אינדסטר,TH,קרם קוקוס 17-19% 400 מל אסיאטיק,מיליליטרים,400.00,"100 מ""ל",false,1,8.90,2.2250,true,1,22789
7290015603560,false,"שימורי קרם קוקוס 20-22% 400 מ""ל (ASIATIC)(כ)",אסיאטיק אגרו אינדוסטרי,TH,שימורי קרם קוקוס20-22%אסיאטיק400מל,גרמים,400.00,100 גרם,false,1,9.90,2.4750,true,1,14594
7290015603584,false,ג'ינגר לבן כבוש ללא מונוסודיום 160 גרם (כ),לאיווי איפנג פודס קו,CN,גינגר לבן כבוש 160 גר ללא מונוסדיום,גרמים,160.00,100 גרם,false,1,7.90,4.9375,true,1,15395
7290015603591,false,גינגר ורוד כבוש ללא מונוסודיום 160 גרם,ננטונג הידה אקוטיק פ,CN,גינגר ורוד כבוש 160 גר ללא מונוסדיום,גרמים,160.00,100 גרם,false,1,7.90,4.9375,true,1,19879
7290015603638,true,אורז עגול קרלוז 1 קג,,,אורז עגול קרלוז 1 קג,Each,0.00,Each,false,,13.90,0.0000,true,1,14990
7290015603898,false,חטיף אפונה בוואסבי 100 גר מזרח ומערב,סוזו יואי פודס אל טי,CN,חטיף אפונה וואסבי 100 גרם,גרמים,100.00,100 גרם,false,1,9.90,9.9000,true,1,36356
7290015634182,false,עמק האלה אוורד קברנה/ מרלו 2015 750 מל,עמק האלה,IL,יין אוורד קברנה מרלו עמק האלה 750 מל,מיליליטרים,750.00,"100 מ""ל",false,12,45.00,6.0000,true,1,22340
7290015652261,false,בוטנים קלויים ששון הקולה 350 גרם,"דין שיווק וקלייה בע""",IL,בוטנים קלויים 300 גרם מחיר מוטבע,גרמים,300.00,100 גרם,false,1,10.00,3.3333,true,1,13779
7290015652285,true,אגוזים קלופים 250 גר,,,אגוזים קלופים 250 גר,Each,0.00,Each,false,,20.00,0.0000,true,1,13784
7290015652292,false,קבוקים עם שומשום ששון הקולה 400 גרם,"דין שיווק וקלייה בע""",IL,קבוקים עם שומשום 500גר מחיר מוטבע,גרמים,400.00,100 גרם,false,1,10.00,2.5000,true,1,13778
7290015652308,false,מנצ'ס ששון הקולה 400 גרם,"דין שיווק וקלייה בע""",,תערובת מנצס 300 גרם מחיר מוטבע,גרמים,300.00,100 גרם,false,1,10.00,3.3333,true,1,13781
7290015652315,true,חמוציות מסוכרות 300,,,חמוציות מסוכרות 300,Each,0.00,Each,false,,10.00,0.0000,true,1,13782
7290015652322,false,בוטנים אמריקאיים מצופים 400 גר ששון הקלה,"דין שיווק וקלייה בע""",IL,בוטנים אמריקאים 500 גר מחיר מוטבע,גרמים,400.00,100 גרם,false,1,10.00,2.5000,true,1,13777
7290015652407,true,פיסטוק קלוי 250 גרם,,,פיסטוק קלוי 250 גרם,Each,0.00,Each,false,,20.00,0.0000,true,1,15319
7290015673013,true,טחון לצלייה על הגריל,,,טחון לצלייה על הגריל,Each,0.00,Each,false,,25.90,0.0000,true,1,14091
7290015673167,true,אוקרה קציצות פטריות,,,אוקרה קציצות פטריות,Each,0.00,Each,false,,25.90,0.0000,true,1,15737
7290015673181,true,בורגר קליפורניה על ה,,,בורגר קליפורניה על ה,Each,0.00,Each,false,,25.90,0.0000,true,1,15732
7290015673198,true,בורגר טקסס על האש עם,,,בורגר טקסס על האש עם,Each,0.00,Each,false,,25.90,0.0000,true,1,15733
7290015673204,true,קבב בולגרי טבעוני עם,,,קבב בולגרי טבעוני עם,Each,0.00,Each,false,,25.90,0.0000,true,1,15734
7290015673570,true,נגיסי טופו מוכנים 35,,,נגיסי טופו מוכנים 35,Each,0.00,Each,false,,26.90,0.0000,true,1,26387
7290015673587,true,נגיסי טופו ברוטב אסי,,,נגיסי טופו ברוטב אסי,Each,0.00,Each,false,,26.90,0.0000,true,1,26388
7290015673594,true,נגיסי טופו ברוטב בוט,,,נגיסי טופו ברוטב בוט,Each,0.00,Each,false,,26.90,0.0000,true,1,26389
7290015673617,false,כדורי בשר ללא בשר 400 גרם,טבע דלי,IL,כדורי בשר ללא בשר 400גר טבע דלי,גרמים,400.00,100 גרם,false,6,25.90,6.4750,true,1,35138
7290015673662,true,שניצלוני טופו 400גר,,,שניצלוני טופו 400גר,Each,0.00,Each,false,,29.90,0.0000,true,1,29426
7290015695800,false,נבטי ברוקולי אורגני יח,הנבטים של אודי,IL,נבטי ברוקולי אורגני,Unknown,0.00,Unknown,false,1,10.90,0.0000,true,1,16520
7290015695848,true,נבטי אלפלפא אורגני,,,נבטי אלפלפא אורגני,Each,0.00,Each,false,,10.90,0.0000,true,1,16524
7290015695855,true,נבטי חמניה אורגני,,,נבטי חמניה אורגני,Each,0.00,Each,false,,10.90,0.0000,true,1,16525
7290015695886,true,מיקס נבטים אורגני,,,מיקס נבטים אורגני,Each,0.00,Each,false,,10.90,0.0000,true,1,16527
7290015695893,true,מיקס נבטוטים אורגני,,,מיקס נבטוטים אורגני,Each,0.00,Each,false,,10.90,0.0000,true,1,16528
7290015695916,false,מיקס נבטים ענק אורגני יח,הנבטים של אודי,IL,מיקס נבטים ענק אורגני,Unknown,0.00,Unknown,false,1,20.00,0.0000,true,1,16529
7290015695923,true,נבטים סיניים אורגני,,,נבטים סיניים אורגני,Each,0.00,Each,false,,10.90,0.0000,true,1,16530
7290015695961,true,מיקס עלי בייבי אורגנ,,,מיקס עלי בייבי אורגנ,Each,0.00,Each,false,,11.90,0.0000,true,1,20324
7290015695978,true,פטריות שיטאקי אורגני,,,פטריות שיטאקי אורגני,Each,0.00,Each,false,,20.00,0.0000,true,1,23294
7290015695985,true,פטריות ארינגי אורגני,,,פטריות ארינגי אורגני,Each,0.00,Each,false,,20.00,0.0000,true,1,23295
7290015699730,true,סבון דה מרסיי לרצפות,,,סבון דה מרסיי לרצפות,Each,0.00,Each,false,,14.90,0.0000,true,1,15550
7290015839013,false,שטרודל במילוי גבינה500ג,"נתי שטרודל וינאי בע""מ",IL,שטרודל גבינה קפוא,גרמים,500.00,100 גרם,false,1,26.90,5.3800,true,1,12992
7290015839020,false,שטרודל במילוי פרג 500 גר,"נתי שטרודל וינאי בע""מ",IL,שטרודל פרג קפוא,גרמים,500.00,100 גרם,false,1,26.90,5.3800,true,1,12993
7290015839051,false,"שטרודל תפוחים ללת""ס 500","נתי שטרודל וינאי בע""מ",IL,שטרודל תפוחי עץ קפוא ללא סוכר 500גר,גרמים,500.00,100 גרם,false,1,26.90,5.3800,true,1,36017
7290015839068,false,"שטרודל פרג ללת""ס 500 גרם","נתי שטרודל וינאי בע""מ",IL,שטרודל פרג קפוא ללא סוכר 500גר,גרמים,500.00,100 גרם,false,1,26.90,5.3800,true,1,36019
7290015839075,false,"שטרודל גבינה ללת""ס 500 ג","נתי שטרודל וינאי בע""מ",IL,שטרודל גבינה קפוא ללא סוכר 500גר,גרמים,500.00,100 גרם,false,1,26.90,5.3800,true,1,36018
7290015839099,false,שטרודל במילוי גבינה שוקו,"נתי שטרודל וינאי בע""מ",IL,שטרודל גבינה שוקו קפוא 500גר,גרמים,500.00,100 גרם,false,1,26.90,5.3800,true,1,36021
7290015848862,false,"אולטרסול מבוגרים קוליפה תחליב הגנה 250 מ""ל",פישר מעבדות פרמצבטיות בע,IL,תחליב הגנה אולטרסול 50 250מל,מיליליטרים,250.00,"100 מ""ל",false,1,64.90,25.9600,true,1,15867
7290015848947,false,אולטרסול תחליב250SPF50מל,פישר מעבדות פרמצבטיות בע,IL,תחליב הגנה אולטרסול קידס 50+ 250מל,מיליליטרים,250.00,"100 מ""ל",false,1,64.90,25.9600,true,1,18312
7290015848961,false,אולטרסול דר פישר קרם פנים 50/75+,פישר מעבדות פרמצבטיות בע,IL,קרם הגנה אולטרסול לפנים 50 75 מל,מיליליטרים,75.00,"100 מ""ל",false,1,54.90,73.2000,true,1,15860
7290015848985,false,אולטרסול דר פישר קידס קרם פנים 50/75 +,פישר מעבדות פרמצבטיות בע,IL,קרם הגנה אולטרסול קידס לפנים 50 75 מל,מיליליטרים,75.00,"100 מ""ל",false,1,54.90,73.2000,true,1,21448
7290015848992,false,"ד""ר פישר - אולטרסול קרם פנים קידס 75 מ""ל 50SPF",פישר מעבדות פרמצבטיות בע,IL,קרם הגנה אולטרסול קידס לפנים 50 75 מל,מיליליטרים,75.00,"100 מ""ל",false,1,54.90,73.2000,true,1,15858
7290015855013,true,פלפל טינקרבל יח,,,פלפל טינקרבל יח,Each,0.00,Each,false,,10.00,0.0000,true,1,14954
7290015855037,true,פלפל צילי חריף,,,פלפל צילי חריף,Each,0.00,Each,false,,8.00,0.0000,true,1,15791
7290015855051,true,מלפפון טעם של פעם יח,,,מלפפון טעם של פעם יח,Each,0.00,Each,false,,10.00,0.0000,true,1,17294
7290015855143,false,שיני שום קלופות בנספ,,,שיני שום קלופות בנספק,Unknown,0.00,Unknown,false,1,12.00,0.0000,true,1,14325
7290015855938,false,עלי בייבי 250 גרם ארוז א.אדמה,,,עלי בייבי סלט 250 גר,Unknown,0.00,Unknown,false,1,11.90,0.0000,true,1,38802
7290015858106,true,ממרח פסטו ביתי 180גר,,,ממרח פסטו ביתי 180גר,Each,0.00,Each,false,,16.90,0.0000,true,1,28249
7290015858113,true,ממרח עגבניות מיובשות,,,ממרח עגבניות מיובשות,Each,0.00,Each,false,,16.90,0.0000,true,1,28254
7290015858151,false,ממרח שום 180 גרם עללחם בית יוסף,מדשא תעשיות מזון בעמ,IL,ממרח שום 180גרם על לחם,גרמים,180.00,100 גרם,false,12,16.90,9.3889,true,1,38319
7290015858175,true,ממרח פלפלים קלויים,,,ממרח פלפלים קלויים,Each,0.00,Each,false,,16.90,0.0000,true,1,28253
7290015858229,true,ממרח טפנד זיתי קלמנט,,,ממרח טפנד זיתי קלמנט,Each,0.00,Each,false,,16.90,0.0000,true,1,28250
7290015858328,false,עללחם ממרח איולי פסטו 295 גרם,"מדשא תעשיות מזון בע""\מ",IL,ממרח פסטו עללחם 295 גרם,גרמים,295.00,100 גרם,false,6,16.90,5.7288,true,1,51102
7290015858427,false,שלישיית ממרחים שמאפשרת לגוון עללחם 240 גרם,מדשא תעשיות מזון,IL,מארז 3יח ממרחי על הלחם 80גר,גרמים,240.00,100 גרם,false,1,21.90,9.1250,true,1,49827
7290015858434,true,שום כתוש 250 גרם על,,,שום כתוש 250 גרם על,Each,0.00,Each,false,,13.90,0.0000,true,1,29427
7290015858441,false,עללחם ממרח איולי פלפלים 295 גרם,"מדשא תעשיות מזון בע""\מ",IL,ממרח עללחם אולי פלפלים 295 גרם,גרמים,295.00,100 גרם,false,6,16.90,5.7288,true,1,51103
7290015858687,false,עללחם ממרח איולי שום 295 גרם,"מדשא תעשיות מזון בע""\מ",IL,ממרח עללחם אולי שום 295 גרם,גרמים,295.00,100 גרם,false,6,16.90,5.7288,true,1,51104
7290015858694,false,עללחם ממרח איולי שום לימון 295 גרם,"מדשא תעשיות מזון בע""\מ",IL,ממרח עללחם אולי שום לימון 295 גרם,גרמים,295.00,100 גרם,false,6,16.90,5.7288,true,1,51100
7290015888028,true,אורז בסמטי מיתאס 1 ק,,,אורז בסמטי מיתאס 1 ק,Each,0.00,Each,false,,11.90,0.0000,true,1,18250
7290015888196,false,שמן חמניות שוקחה 1 ל,"אל אל סי ""בונגי סי א",RU,שמן חמניות 1 ל,ליטרים,1.00,ליטר,false,1,12.90,12.9000,true,1,19957
7290015888325,true,חומוס ענק שוקחה 1 קג,,,חומוס ענק שוקחה 1 קג,Each,0.00,Each,false,,14.90,0.0000,true,1,26496
7290015888387,true,פול מצרי שוקחה 400 ג,,,פול מצרי שוקחה 400 ג,Each,0.00,Each,false,,4.50,0.0000,true,1,33274
7290015951227,false,"יין גמלא השמורה סירה 2021 750 מ""ל",מיוצר וממולא על ידי יקב,IL,יין גמלא השמורה סירה 2014 750 מל,מיליליטרים,750.00,"100 מ""ל",false,1,60.00,8.0000,true,1,22173
7290015968324,true,נורת לד 12 ווט הברגה,,,נורת לד 12 ווט הברגה,Each,0.00,Each,false,,9.90,0.0000,true,1,19745
7290015968348,true,נורת לד 9 ווט הברגה,,,נורת לד 9 ווט הברגה,Each,0.00,Each,false,,7.90,0.0000,true,1,19747
7290015968362,true,נורת לד כדור חלבי 5.,,,נורת לד כדור חלבי 5.,Each,0.00,Each,false,,7.90,0.0000,true,1,19748
7290015968782,true,מארז 3יח פדים להסרת,,,מארז 3יח פדים להסרת,Each,0.00,Each,false,,13.90,0.0000,true,1,20546
7290015983006,false,שדות בר חסה רומית,חקלאי,IL,שדות בר חסה רומית,קילוגרמים,1.00,"ק""ג",true,,30.00,30.0000,true,1,13536
7290016006339,true,מארז רביעיית מי עדן,,,מארז רביעיית מי עדן,Each,0.00,Each,false,,11.90,0.0000,true,1,16008
7290016006377,false,"שוויפס מוגז בטעם פירות תות ליים 330 מ""ל",יפאורה תבורי בעמ,IL,משקה שוופס מוגז תות ליים 330 מל,מיליליטרים,330.00,"100 מ""ל",false,1,6.90,2.0909,true,1,17628
7290016035025,false,לחם פשתן 450 גרם (טרי) דל פחמימות,מאפית ביכורים,IL,לחם פשתן פרוס 450 גר,גרמים,450.00,100 גרם,false,12,24.90,5.5333,true,1,28933
7290016077759,true,רוטב היינץ ברביקיו ק,,,רוטב היינץ ברביקיו ק,Each,0.00,Each,false,,16.90,0.0000,true,1,20513
7290016083590,false,שקד - עוגיות כעכים קקאו 500 גרם,,IL,עוגיות שקד כעכים קקאו 600 גרם,גרמים,600.00,100 גרם,false,1,15.90,2.6500,true,1,46536
7290016083651,false,עוגיות בדלי בטעמים ש,,,עוגיות שקד טעם חמאה 600 גרם,גרמים,600.00,100 גרם,false,1,15.90,2.6500,true,1,39314
7290016087222,true,רוטב שקשוקה מרוכז 23,,,רוטב שקשוקה מרוכז 23,Each,0.00,Each,false,,5.50,0.0000,true,1,20121
7290016087239,true,רוטב שקשוקה פיקנטי 2,,,רוטב שקשוקה פיקנטי 2,Each,0.00,Each,false,,5.50,0.0000,true,1,20122
7290016094015,true,קרם הגנה אולטרסול קי,,,קרם הגנה אולטרסול קי,Each,0.00,Each,false,,31.90,0.0000,true,1,15857
7290016094022,false,"ד""ר פישר - אולטרסול ספריי שקוף 200 מ""ל 50SPF",פישר מעבדות פרמצבטיות בע,IL,תחליב הגנה אולטרסול ספריי שקוף 50 200מל,מיליליטרים,250.00,"100 מ""ל",false,1,64.90,25.9600,true,1,18310
7290016094084,false,"אולטרסול מבוגרים קוליפה ספריי שקוף 30,200 SPF מ""ל",פישר מעבדות פרמצבטיות בע,IL,תחליב הגנה אולטרסול ספריי שקוף מס 30 200,מיליליטרים,200.00,"100 מ""ל",false,1,49.90,24.9500,true,1,18304
7290016094091,false,"אולטרסול קידס קוליפה ספריי שקוף SPF 30,200 מ""ל",פישר מעבדות פרמצבטיות בע,IL,תחליב הגנה אולטרסול קידס ספריי שקוף מס30,מיליליטרים,200.00,"100 מ""ל",false,1,54.90,27.4500,true,1,18309
7290016114300,true,נייר טואלט לילי לבן,,,נייר טואלט לילי לבן,Each,0.00,Each,false,,37.90,0.0000,true,1,16837
7290016135541,true,אטריות ביצים אוריינט,,,אטריות ביצים אוריינט,Each,0.00,Each,false,,12.90,0.0000,true,1,16872
7290016135558,true,אטריות ביצים אוריינט,,,אטריות ביצים אוריינט,Each,0.00,Each,false,,12.90,0.0000,true,1,16873
7290016146066,false,מחית 100% תמרים 500 גרם,"אלמנדוס בע""מ",IL,מחית 100% תמרים 500 גרם,גרמים,500.00,100 גרם,false,,14.90,2.9800,true,1,28536
7290016146080,false,תמצית וניל טהור שקד,"אלמונדס בע""מ",IL,תמצית וניל טהור שקד תבור 100 מל,מיליליטרים,100.00,"100 מ""ל",false,1,69.90,69.9000,true,1,36153
7290016146103,false,"סילאן טבעי לחיץ שקד תבור, 380 גרם","אלמונדס בע""מ",IL,סילאן טבעי לחיץ שקד תבור 500 גרם,גרמים,500.00,100 גרם,false,12,15.00,3.0000,true,1,17578
7290016146110,false,סירופ חרובים לחיץ 500 גרם,"אלמונדס בע""מ",IL,סירופ חרובים לחיץ שקד תבור 500 גרם,גרמים,500.00,100 גרם,false,12,22.90,4.5800,true,1,17577
7290016146141,false,"סירופ מייפל טהור אורגני 250 מ""ל",אלמנדוס,IL,סירופ מייפל 100% אמיתי אורגני 330מל,מיליליטרים,250.00,"100 מ""ל",false,1,28.90,11.5600,true,1,17579
7290016146189,false,חמאת מקדמיה 100% 200 גרם,שקד תבור,IL,ממרח אגוזי מקדמיה 195 גרם,גרמים,200.00,100 גרם,false,1,42.90,21.4500,true,1,24729
7290016146301,false,שמן בוטנים שקד תבור,שקד תבור,,שמן בוטנים 100% 250 מל,מיליליטרים,250.00,"100 מ""ל",false,1,14.90,5.9600,true,1,17583
7290016146400,true,שוקולד תבור 60% קקאו,,,שוקולד תבור 60% קקאו,Each,0.00,Each,false,,15.90,0.0000,true,1,24751
7290016146431,true,שוקולד תבור 72% קקאו,,,שוקולד תבור 72% קקאו,Each,0.00,Each,false,,15.90,0.0000,true,1,24753
7290016146455,true,שוקולד תבור 100% קקא,,,שוקולד תבור 100% קקא,Each,0.00,Each,false,,15.90,0.0000,true,1,24755
7290016146509,true,גרנולה עשירה ללא סוכ,,,גרנולה עשירה ללא סוכ,Each,0.00,Each,false,,21.90,0.0000,true,1,19186
7290016146523,true,גרנולה הבית שקד תבור,,,גרנולה הבית שקד תבור,Each,0.00,Each,false,,21.90,0.0000,true,1,33599
7290016146929,true,געלה ביתית בצנצנת 50,,,געלה ביתית בצנצנת 50,Each,0.00,Each,false,,24.90,0.0000,true,1,28505
7290016156133,true,מונבטים כוסמת תמרים,,,מונבטים כוסמת תמרים,Each,0.00,Each,false,,21.90,0.0000,true,1,25849
7290016156256,true,קציצות עדשים כתומות,,,קציצות עדשים כתומות,Each,0.00,Each,false,,21.90,0.0000,true,1,26687
7290016188585,false,"למברוסקו רוזה ג'קובזי כרמל 750 מ""ל",יקב גאקובזי,IT,יין למברוסקו רוזה 750 מל,מיליליטרים,750.00,"100 מ""ל",false,1,25.00,3.3333,true,1,29842
7290016188592,false,GIACOBAZZI למברוסקו אדום חצי יבש יקבי כרמל,"כד בני דרום בע""מ",IT,יין למברוסקו אדום 750 מל,מיליליטרים,750.00,"100 מ""ל",false,1,25.00,3.3333,true,1,29843
7290016188608,false,GIACOBAZZI למברוסקו לבן חצי יבש יקבי כרמל,יקב גאקובזי,IT,יין למברוסקו לבן 750 מל,מיליליטרים,750.00,"100 מ""ל",false,1,25.00,3.3333,true,1,29841
7290016197488,true,מארז שלשיית מטליות ה,,,מארז שלשיית מטליות ה,Each,0.00,Each,false,,12.90,0.0000,true,1,15365
7290016197495,true,מארז זוג מטליות הקסם,,,מארז זוג מטליות הקסם,Each,0.00,Each,false,,19.90,0.0000,true,1,15366
7290016197624,true,תחבושות דיפנד סופר 8,,,תחבושות דיפנד סופר 8,Each,0.00,Each,false,,19.90,0.0000,true,1,16552
7290016197839,true,שקיות אשפה חזקות אקס,,,שקיות אשפה חזקות אקס,Each,0.00,Each,false,,24.90,0.0000,true,1,15367
7290016217759,false,חציל מרוקאי 200גרם גורמה,"סלטי שמיר 2006 בע""מ",IL,סלט חציל מרוקאי 200גר גורמה,גרמים,200.00,100 גרם,false,1,10.90,5.4500,true,1,19304
7290016217971,false,נסיכת הנילוס מעושנת שמיר 100 גרם,שבעת הימים - שמיר,IL,נסיכת הנילוס מעושנת 100 גר שבעת הימים,גרמים,100.00,100 גרם,false,1,23.90,23.9000,true,1,18790
7290016217988,false,גרבלקס-סלמון כבוש שמיר 100 גרם,"סלטי שמיר 2006 בע""מ",IL,דג גרבדלקס 100 גר שבעת הימים,גרמים,100.00,100 גרם,false,1,23.90,23.9000,true,1,18788
7290016245929,false,לחם טחינה עשיר בחלבון 450 ג' ביכורים,מאפית ביכורים,IL,לחם טחינה 450 גרם מאפיית ביכורים,גרמים,450.00,100 גרם,false,12,25.90,5.7556,true,1,45271
7290016246018,true,מארז 10 יח חלבה פינו,,,מארז 10 יח חלבה פינו,Each,0.00,Each,false,,12.90,0.0000,true,1,15197
7290016248517,false,יין פטיט סירה ויתקין,צרפת - מ. שאפוטייה,,יין פטיט סירה ויתקין 750מל,מיליליטרים,750.00,"100 מ""ל",false,1,95.00,12.6667,true,1,37282
7290016277630,true,צנובר 150 ג בקופסא ש,,,צנובר 150 ג בקופסא ש,Each,0.00,Each,false,,29.90,0.0000,true,1,17403
7290016306064,true,גלידה פאי לימון טבעו,,,גלידה פאי לימון טבעו,Each,0.00,Each,false,,34.90,0.0000,true,1,18864
7290016319118,false,מגע הדבש שעווה מתקלפת לפנים 100 גרם,המאפיה של הרמן,IL,שעווה מתקלפת לפנים מגע הדבש 100גרם,גרמים,100.00,100 גרם,false,6,31.90,31.9000,true,1,37468
7290016319187,true,עוג.סנדוויץ טוסו זו,,,עוג.סנדוויץ טוסו זו,Each,0.00,Each,false,,17.90,0.0000,true,1,33673
7290016319194,true,עוג.סנדוויץ טוסו זו,,,עוג.סנדוויץ טוסו זו,Each,0.00,Each,false,,17.90,0.0000,true,1,33671
7290016319200,true,עוג.סנדוויץ טוסו זו,,,עוג.סנדוויץ טוסו זו,Each,0.00,Each,false,,17.90,0.0000,true,1,33674
7290016319309,false,סבון נוזלי מאסק קלאסי+משאבה פמלי 1 ל,הנסיך- מפעל לייצור ט,IL,אל סבון פמילי 1ליטר מאסק משאבה,ליטרים,1.00,ליטר,false,1,10.90,10.9000,true,1,16641
7290016320343,true,זוג נוזל אסלה טואלט,,,זוג נוזל אסלה טואלט,Each,0.00,Each,false,,17.90,0.0000,true,1,20402
7290016321319,false,סבון נוזלי בניחוח אשכליות אדומה 1 ל' פמלי,אינטרקוסמא,TR,אל סבון פמילי 1 ליטר אשכולית אדומה,ליטרים,1.00,ליטר,false,12,10.90,10.9000,true,1,46485
7290016321326,false,סבון נוזלי בניחוח מנדרינה ולואיזה + משאבה 1 ל' פמלי,אינטרקוסמא,TR,אל סבון פמילי 1 ליטר מנדרינה לואיזה,ליטרים,1.00,ליטר,false,12,10.90,10.9000,true,1,46486
7290016321531,true,רצועות שעווה אלוורה,,,רצועות שעווה אלוורה,Each,0.00,Each,false,,21.90,0.0000,true,1,27596
7290016321548,true,רצועות שעווה קמומיל,,,רצועות שעווה קמומיל,Each,0.00,Each,false,,21.90,0.0000,true,1,27597
7290016321661,false,פרש וואנס SENSITIVE מגבונים ללא בישום רביעייה 72 יחידות,עלבד משואות יצחק,IL,מארז 4יח מגבוני פרש וואנס סנסטיב קר 64יח,יחידה,64.00,יחידה,false,1,15.90,0.2484,true,1,28587
7290016321678,false,מגבונים לחים בניחוח מרענן עם תמציות קמומיל ואלוורה,עלבד משואות יצחק,IL,מארז 4יח מגבוני פרש וואנס נטורל קר 64יח,יחידה,64.00,יחידה,false,1,15.90,0.2484,true,1,28586
7290016321777,true,רצועות שעווה לפנים,,,רצועות שעווה לפנים,Each,0.00,Each,false,,21.90,0.0000,true,1,27599
7290016321883,false,פרשוואנס נייר טואלט מתכלה לילדים -מארז שלישייה,עלבד משואות יצחק בעמ,IL,מארז 3יח מגבוני פרשוואנס נייר טואלט 40יח,יחידה,120.00,יחידה,false,1,12.90,0.1075,true,1,29856
7290016321890,false,פרשוואנס נייר טואלט מתכלה למבוגרים -מארז שלישייה,עלבד משואות יצחק בעמ,IL,מארז 3יח מגבוני פרשוואנס נייר טואלט 40יח,יחידה,120.00,יחידה,false,1,12.90,0.1075,true,1,29855
7290016329278,true,מארז 4 יח מגבוני קמי,,,מארז 4 יח מגבוני קמי,Each,0.00,Each,false,,16.90,0.0000,true,1,20325
7290016329674,true,קרם פנים לתינוק קמיל,,,קרם פנים לתינוק קמיל,Each,0.00,Each,false,,24.90,0.0000,true,1,19580
7290016370089,false,מלפפונים פיקנטים 13-17 יבנה 560 גר',קבוצת יבנה,IL,מלפפון 13-17 פיקנטי יבנה 560 גרם,גרמים,560.00,100 גרם,false,1,10.90,1.9464,true,1,46701
7290016370096,false,זיתים שחורים מיובשים במלח יבנה 340 ג',קבוצת יבנה,IL,זית מרוקאי מיובש גדול 340 גרם,גרמים,340.00,100 גרם,false,1,12.90,3.7941,true,1,46542
7290016370119,false,מלפפון במלח בינוני ט,,,מלפפון במלח בינוני טעם ביתי 540 גרם צנצנ,גרמים,540.00,100 גרם,false,1,9.90,1.8333,true,1,40618
7290016370225,false,תחתיות ארטישוק קבוצת יבנה 430 גרם,קונסריוסאלגוזס,,תחתיות ארטישוק יבנה 440 גרם,גרמים,400.00,100 גרם,false,1,8.90,2.2250,true,1,40619
7290016370270,false,זית קלמטה מגולען 560 ג' -יבנה,קבוצת יבנה,,זית קלמטה יווני מגולען 560 גרם,גרמים,560.00,100 גרם,false,12,12.90,2.3036,true,1,36692
7290016370300,false,זית קלמטה שלם צנצנת יבנה,קוזט אס.אי. פיין פודס,GR,זית קלמטה יווני שלם 560 גרם,גרמים,560.00,100 גרם,false,12,15.90,2.8393,true,1,37404
7290016370317,false,זית קלמטה ללא גלעין 560 גרם צנצנת יבנה,קוזט אס.אי. פיין פודס,GR,זית קלמטה יווני מגולען 560 גרם,גרמים,560.00,100 גרם,false,12,15.90,2.8393,true,1,37403
7290016370324,false,מיקס זיתים עם קלמטה ללא גלעין 560 גר',קוזט אס.איי.פיין פוצ,GR,מיקס זית קלמטה יווני מגולען 560 גרם,גרמים,560.00,100 גרם,false,12,15.90,2.8393,true,1,37405
7290016370904,true,זית חרוזית ירוק יבנה,,,זית חרוזית ירוק יבנה,Each,0.00,Each,false,,6.90,0.0000,true,1,23422
7290016370942,false,מיקס ירקות יווני צנצנת ‏580‏ גר' יבנה,קוזט אס.אי. פיין פודס,IL,ירקות כבושים יבנה560 גר,גרמים,560.00,100 גרם,false,1,10.90,1.9464,true,1,17199
7290016370959,false,חציל קלוי (פירה) בצנצנת קבוצת יבנה 530 גרם,תאי פרזידנט פוד פאבל,GR,חציל קלוי על האש יבנה 530 גר,גרמים,530.00,100 גרם,false,1,10.90,2.0566,true,1,17196
7290016370973,false,פלפל קלוי (גמביה) בצנצנת קבוצת יבנה 390 גרם,קוזט אס.אי. פיין פודס,GR,פלפל קלוי על האש יבנה 540 גר,גרמים,540.00,100 גרם,false,1,10.90,2.0185,true,1,17197
7290016372397,true,תה ירוק תפוז כורכום,,,תה ירוק תפוז כורכום,Each,0.00,Each,false,,24.90,0.0000,true,1,19930
7290016372489,false,ויסוצקי חליטת ג'ינג'ר ולימון סודות הצמחים 25 שקיקים,תה ויסוצקי,IL,חליטת גינגר ולימון 20 שקיקים,יחידה,25.00,יחידה,false,1,18.90,0.7560,true,1,19927
7290016381443,true,סילאן טבעי כרם לחיץ,,,סילאן טבעי כרם לחיץ,Each,0.00,Each,false,,13.90,0.0000,true,1,18114
7290016381467,false,סילאן אורגני כרם 470,משק צור עין יהב,,סילאן אורגני כרם 470 גרם,גרמים,470.00,100 גרם,false,1,21.90,4.6596,true,1,18116
7290016381474,true,סילאן אורגני כרם לחי,,,סילאן אורגני כרם לחי,Each,0.00,Each,false,,18.90,0.0000,true,1,18115
7290016381481,true,מיץ רימונים 1 ליטר 1,,,מיץ רימונים 1 ליטר 1,Each,0.00,Each,false,,18.90,0.0000,true,1,22118
7290016381832,true,מיץ תפוח 1 ליטר 100%,,,מיץ תפוח 1 ליטר 100%,Each,0.00,Each,false,,14.90,0.0000,true,1,22117
7290016381955,false,משקה כרם אורז אורגני,,,משקה כרם אורז אורגני 1 ליטר,ליטרים,1.00,ליטר,false,10,10.00,10.0000,true,1,25793
7290016381986,true,ערמונים אורגנים כרם,,,ערמונים אורגנים כרם,Each,0.00,Each,false,,5.90,0.0000,true,1,24220
7290016408119,true,כעכים מלוחים טרליני,,,כעכים מלוחים טרליני,Each,0.00,Each,false,,7.50,0.0000,true,1,16485
7290016408157,true,כעכים מלוחים טרליני,,,כעכים מלוחים טרליני,Each,0.00,Each,false,,7.50,0.0000,true,1,16490
7290016408164,true,כעכים מלוחים טרליני,,,כעכים מלוחים טרליני,Each,0.00,Each,false,,7.50,0.0000,true,1,16487
7290016408294,true,מרשמלו לבן ורוד כרמי,,,מרשמלו לבן ורוד כרמי,Each,0.00,Each,false,,6.00,0.0000,true,1,18714
7290016408393,true,קרקר פניני דגנים עם,,,קרקר פניני דגנים עם,Each,0.00,Each,false,,7.50,0.0000,true,1,17124
7290016408416,true,קרקר פניני דגנים עם,,,קרקר פניני דגנים עם,Each,0.00,Each,false,,7.50,0.0000,true,1,17120
7290016408423,true,קרקר פניני דגנים עם,,,קרקר פניני דגנים עם,Each,0.00,Each,false,,7.50,0.0000,true,1,17121
7290016408980,false,"מטבעות שוקולד חלב 36 ג' כשל""פ בד""ץ!",כרמית תעשיות מזון,IL,מטבעות שוקולד חלב ברשת 36 גרם,Unknown,0.00,Unknown,false,35,4.50,0.0000,true,1,50731
7290016414172,false,תה צמחים הכרמל רוזמר,חזרה לטבע,IL,תה צמחים הכרמל רוזמרין אזוב2 גר 20 יח,יחידה,20.00,יחידה,false,10,18.90,0.9450,true,1,49340
7290016414271,false,תה צמחים ירושלים לימ,חזרה לטבע,IL,תה צמחים ירושלים לימונית לואיזה2 גר20יח,יחידה,20.00,יחידה,false,10,18.90,0.9450,true,1,49339
7290016414370,false,תה צמחים הגליל לימונ,חזרה לטבע,IL,תה צמחים הגליל לימונית עלי זית2 גר 20 יח,יחידה,20.00,יחידה,false,10,18.90,0.9450,true,1,49341
7290016414479,false,תה צמחים עין גדי שומ,חזרה לטבע,IL,תה צמחים עין גדי שומר מרווה 2 גר 20 יח,יחידה,20.00,יחידה,false,10,18.90,0.9450,true,1,49337
7290016414578,false,תה צמחים עמק האלה מנ,חזרה לטבע,IL,תה צמחים עמק האלה מנטה ורדים2 גר 20 יח,יחידה,20.00,יחידה,false,10,18.90,0.9450,true,1,49338
7290016414677,false,תה צמחים הערבה קמומי,חזרה לטבע,IL,תה צמחים הערבה קמומיל לבנדר2 גר 20 יח,יחידה,20.00,יחידה,false,10,18.90,0.9450,true,1,49342
7290016437591,true,תחתוני קוטקס סופגים,,,תחתוני קוטקס סופגים,Each,0.00,Each,false,,36.90,0.0000,true,1,24310
7290016437607,true,תחתוני קוטקס סופגים,,,תחתוני קוטקס סופגים,Each,0.00,Each,false,,36.90,0.0000,true,1,24311
7290016437645,true,חיתולי האגיס פרידום,,,חיתולי האגיס פרידום,Each,0.00,Each,false,,49.90,0.0000,true,1,18327
7290016437652,true,חיתולי האגיס פרידום,,,חיתולי האגיס פרידום,Each,0.00,Each,false,,49.90,0.0000,true,1,18328
7290016452006,false,תות שדה ללא חומרי הד,רוח שתות,IL,תות שדה בקופסא,Unknown,0.00,Unknown,false,1,24.90,0.0000,true,1,17920
7290016452143,false,אוכמניות יבוא רוח שת,רוח שתות,IL,אוכמניות יבוא רוח שתות 300 גרם,Unknown,0.00,Unknown,false,1,32.00,0.0000,true,1,35912
7290016452235,false,דומדומניות יבוא 125,חקלאי,IL,דומדומניות יבוא 125 גרם רוח שתות,Unknown,0.00,Unknown,false,1,29.90,0.0000,true,1,50215
7290016505009,true,שוקולד קרם בוטנים פנ,,,שוקולד קרם בוטנים פנ,Each,0.00,Each,false,,17.90,0.0000,true,1,28862
7290016505016,true,שוקולד קלאסי פנדה 10,,,שוקולד קלאסי פנדה 10,Each,0.00,Each,false,,17.90,0.0000,true,1,28861
7290016505030,true,שוקולד אגוזי לוז פנד,,,שוקולד אגוזי לוז פנד,Each,0.00,Each,false,,17.90,0.0000,true,1,28858
7290016505047,true,שוקולד קרמל ומלח גס,,,שוקולד קרמל ומלח גס,Each,0.00,Each,false,,17.90,0.0000,true,1,28864
7290016505108,true,שוקולד מריר קוקוס פנ,,,שוקולד מריר קוקוס פנ,Each,0.00,Each,false,,17.90,0.0000,true,1,28859
7290016505115,true,שוקולד מריר קפה פנדה,,,שוקולד מריר קפה פנדה,Each,0.00,Each,false,,17.90,0.0000,true,1,28860
7290016509304,true,סבון אסלה כדוריות סו,,,סבון אסלה כדוריות סו,Each,0.00,Each,false,,9.90,0.0000,true,1,18940
7290016509342,true,מארז שלישיית סבון אס,,,מארז שלישיית סבון אס,Each,0.00,Each,false,,14.90,0.0000,true,1,19145
7290016509786,true,נוזל כביסה גל פרסיל,,,נוזל כביסה גל פרסיל,Each,0.00,Each,false,,29.90,0.0000,true,1,22926
7290016509809,true,נוזל כביסה גל פרסיל,,,נוזל כביסה גל פרסיל,Each,0.00,Each,false,,29.90,0.0000,true,1,22927
7290016509823,true,נוזל כביסה גל פרסיל,,,נוזל כביסה גל פרסיל,Each,0.00,Each,false,,29.90,0.0000,true,1,22928
7290016509830,true,נוזל כביסה גל פרסיל,,,נוזל כביסה גל פרסיל,Each,0.00,Each,false,,29.90,0.0000,true,1,22929
7290016509847,true,נוזל כביסה גל פרסיל,,,נוזל כביסה גל פרסיל,Each,0.00,Each,false,,29.90,0.0000,true,1,24532
7290016510225,true,תחליב רחצה הוואי וני,,,תחליב רחצה הוואי וני,Each,0.00,Each,false,,8.90,0.0000,true,1,23124
7290016510232,true,תחליב רחצה הוואי יוג,,,תחליב רחצה הוואי יוג,Each,0.00,Each,false,,8.90,0.0000,true,1,23125
7290016510287,true,תחליב רחצה הוואי קרם,,,תחליב רחצה הוואי קרם,Each,0.00,Each,false,,8.90,0.0000,true,1,23132
7290016510324,true,תחליב רחצה הוואי לגב,,,תחליב רחצה הוואי לגב,Each,0.00,Each,false,,8.90,0.0000,true,1,23123
7290016510904,true,מרכך הוואי פריחת הדו,,,מרכך הוואי פריחת הדו,Each,0.00,Each,false,,8.90,0.0000,true,1,27787
7290016513684,false,כיסונים כפרי במילוי בשר הודו 750 גרם,"אימפריאל הזרב פוד בע""מ",IL,כיסונים כפרי במילוי בשר והודו 750גר,גרמים,750.00,100 גרם,false,10,25.90,3.4533,true,1,48817
7290016513974,false,קרפלך במילוי פטריות איי פוד 600 גרם,"אימפריאל הזרב פוד בע""מ",IL,קרפלך במילוי פיטריות 600גר,גרמים,600.00,100 גרם,false,12,12.90,2.1500,true,1,48820
7290016513981,false,"קרפלך תפו""א איי פוד 600 גרם",אימפריאל רזרב פוד,IL,קרפלך תפוא 600גר,גרמים,600.00,100 גרם,false,12,12.90,2.1500,true,1,48819
7290016523171,true,סטימר עץ 12,,,סטימר עץ 12,Each,0.00,Each,false,,75.00,0.0000,true,1,17541
7290016523195,true,סטימר עץ 8,,,סטימר עץ 8,Each,0.00,Each,false,,45.00,0.0000,true,1,17543
7290016584004,true,חטיפוני גזר בשקית,,,חטיפוני גזר בשקית,Unknown,0.00,Unknown,false,1,6.90,0.0000,true,1,40832
7290016621341,true,אל סבון קמיל לידיים,,,אל סבון קמיל לידיים,Each,0.00,Each,false,,13.90,0.0000,true,1,19016
7290016621358,true,אל סבון קמיל לידיים,,,אל סבון קמיל לידיים,Each,0.00,Each,false,,13.90,0.0000,true,1,19018
7290016621365,true,אל סבון קמיל לידיים,,,אל סבון קמיל לידיים,Each,0.00,Each,false,,13.90,0.0000,true,1,19017
7290016621495,false,אולטרסול תחליב הגנה לילדים +SPF50,פישר מעבדות פרמצבטיות,IL,תחליב הגנה אולטרסול קידס קוליפה 50+ 250מ,מיליליטרים,250.00,"100 מ""ל",false,1,64.90,25.9600,true,1,18314
7290016663174,false,עוגיות גרעינים בוטני,מורנינג פוד,IL,עוגיות דר מורינגה גרעינים בוטנים חמוציות,גרמים,200.00,100 גרם,false,12,21.90,10.9500,true,1,48083
7290016663419,false,עוגיות שומשום קשיו במתיקות מעודנת 200 גר-פסח,,IL,עוגיות דר מורינגה שומשום קשיו 200 גרם,גרמים,200.00,100 גרם,false,12,21.90,10.9500,true,1,48086
7290016663426,false,עוגיות שומשום שוקו ציפס 200 גרם,מורנינג פוד,IL,עוגיות דר מורינגה שומשום שוקולד 200 גרם,גרמים,200.00,100 גרם,false,12,21.90,10.9500,true,1,48085
7290016682182,true,משקה שייק תמר בננה מ,,,משקה שייק תמר בננה מ,Each,0.00,Each,false,,15.90,0.0000,true,1,23245
7290016682199,true,משקה שייק תות בננה מ,,,משקה שייק תות בננה מ,Each,0.00,Each,false,,15.90,0.0000,true,1,23247
7290016682250,false,מיץ תפוז גזר פרי ניב 1 ליטר,פרי ניב,IL,מיץ תפוגזר 1ליטר פרי ניב,ליטרים,1.00,ליטר,false,1,16.90,16.9000,true,1,50558
7290016682342,false,מיץ תפוזים וולנסיה פרי ניב 2 ליטר-,פרי ניב,IL,מיץ תפוז וולנסיה 2ליטר פרי ניב בק. פקדון,ליטרים,2.00,ליטר,false,1,22.90,11.4500,true,1,46133
7290016682359,false,מיץ תפוזים שמוטי פרי ניב 2 ליטר-,פרי ניב,IL,מיץ תפוז שמוטי 2ליטר פרי ניב בק.פקדון,ליטרים,2.00,ליטר,false,1,22.90,11.4500,true,1,46134
7290016682397,false,מיץ חמוציות פרי ניב 2 ליטר-,פרי ניב,IL,מיץ חמוציות 2ליטר פרי ניב בק.פקדון,ליטרים,2.00,ליטר,false,1,20.90,10.4500,true,1,46136
7290016689808,true,בירה נגב אי פי איי,,,בירה נגב אי פי איי,Each,0.00,Each,false,,14.90,0.0000,true,1,24605
7290016717044,true,יין באזז מנגו 750 מל,,,יין באזז מנגו 750 מל,Each,0.00,Each,false,,35.00,0.0000,true,1,26860
7290016717051,true,יין באזז רימון 750 מ,,,יין באזז רימון 750 מ,Each,0.00,Each,false,,35.00,0.0000,true,1,31915
7290016717099,true,יין אדום חצי יבש 750,,,יין אדום חצי יבש 750,Each,0.00,Each,false,,35.00,0.0000,true,1,17601
7290016717235,true,יין קונקורד קינג דוי,,,יין קונקורד קינג דוי,Each,0.00,Each,false,,6.90,0.0000,true,1,26907
7290016717631,true,יין מוסקטו פי סי לבן,,,יין מוסקטו פי סי לבן,Each,0.00,Each,false,,45.00,0.0000,true,1,21131
7290016717754,false,"יין ישן נושן יקבי כרמל 750 מ""ל ^^^",אגודת הכורמים הקואופרטיב,IL,יין ישן נושן 750 מל פקדון,מיליליטרים,750.00,"100 מ""ל",false,12,25.00,3.3333,true,1,22334
7290016717976,true,יין באז אפרסק 750 מל,,,יין באז אפרסק 750 מל,Each,0.00,Each,false,,35.00,0.0000,true,1,33223
7290016732634,false,סנסודין מברשת שיניים דואלקר,גלקסוס-סמית קליין,CN,מברשת שיניים סנסודיין דואל קר,Unknown,0.00,Unknown,false,1,19.90,0.0000,true,1,20034
7290016732672,false,מברשת שיניים סנסודיין הגנה מלאה,גלקסוס סמית קליין,CN,מברשת שיניים סנסודיין הגנה מלאה,Unknown,0.00,Unknown,false,1,19.90,0.0000,true,1,20226
7290016818352,false,טורטליני ארבע גבינות גד 400 גרם,פסטה נונה,IL,טורטליני ארבע גבינות 400גר,גרמים,400.00,100 גרם,false,1,25.90,6.4750,true,1,48676
7290016860139,false,תערובת ציטרונלה רול,,,תערובת ציטרונלה רול און דוחה יתושים 100מ,מיליליטרים,100.00,"100 מ""ל",false,12,29.90,29.9000,true,1,40457
7290016865943,true,אטריות ביצים אוריינט,,,אטריות ביצים אוריינט,Each,0.00,Each,false,,12.90,0.0000,true,1,22329
7290016866667,true,מש.שיניים פרודונטקס,,,מש.שיניים פרודונטקס,Each,0.00,Each,false,,29.90,0.0000,true,1,22923
7290016866681,true,מברשת שינים פרדונטקס,,,מברשת שינים פרדונטקס,Each,0.00,Each,false,,19.90,0.0000,true,1,21119
7290016866704,false,"סטייל שמפו לאחר החלקה מועשר בויטמין אי, 750 מ""ל",סטייל Style,IL,שמפו סטייל קרטין 750 מל,מיליליטרים,750.00,"100 מ""ל",false,1,26.90,3.5867,true,1,20566
7290016866728,false,סטייל מסכה קרטין E 500 מל לשיקום שיער יב,סטייל Style,IL,מסכת שיער קרטין סטייל 500 מל,מיליליטרים,500.00,"100 מ""ל",false,1,44.90,8.9800,true,1,20568
7290016867114,false,לחם כוסמין קל מלא 500 גר',המאפה של דר מרק בריא,IL,לחם קל כוסמין 500 גר דר מרק,גרמים,500.00,100 גרם,false,1,18.90,3.7800,true,1,35755
7290016867244,false,שישיה לחמניות כוסמין בתוספת מחמצת 99 קלוריות,המאפה של דר מרק בריא,IL,לחמניות מחמצת כוסמין 6יח 321 גר דר מרק,גרמים,321.00,100 גרם,false,1,14.90,4.6417,true,1,35632
7290016897029,false,צ'אי מסאלה רויבוס 1.8 גרם עדנים,"תה עדנים בע""מ",IL,חליטת צאי מאסלה אורגני 1.5 גר 20 שק,יחידה,20.00,יחידה,false,1,13.90,0.6950,true,1,20391
7290016912494,true,תרחיץ פנים אפקטיב קר,,,תרחיץ פנים אפקטיב קר,Each,0.00,Each,false,,17.90,0.0000,true,1,19994
7290016995053,true,קמח טפיוקה 500 גרם,,,קמח טפיוקה 500 גרם,Each,0.00,Each,false,,10.00,0.0000,true,1,22216
7290016995220,true,דבש אורגני 500 גר,,,דבש אורגני 500 גר,Each,0.00,Each,false,,39.90,0.0000,true,1,20331
7290016995251,true,מלחיה הימליה 250 גר,,,מלחיה הימליה 250 גר,Each,0.00,Each,false,,11.90,0.0000,true,1,20333
7290016995398,false,חומץ תפוחים אורגני 1 ליטר,תבואות,ES,חומץ תפוח אורגני לא מסונן 1 לי,ליטרים,1.00,ליטר,false,6,19.90,19.9000,true,1,37637
7290016995466,true,סירופ אגבה כחולה אור,,,סירופ אגבה כחולה אור,Each,0.00,Each,false,,16.90,0.0000,true,1,24168
7290016995473,true,סירופ אגבה כחולה אור,,,סירופ אגבה כחולה אור,Each,0.00,Each,false,,24.90,0.0000,true,1,24167
7290016995657,true,מלפפון במלח אורגני 6,,,מלפפון במלח אורגני 6,Each,0.00,Each,false,,16.90,0.0000,true,1,29792
7290016995664,true,כרוב כבוש אורגני 680,,,כרוב כבוש אורגני 680,Each,0.00,Each,false,,12.90,0.0000,true,1,29793
7290016995695,false,זרעי צ'יה לבנה אורגנ,תבואות,AR,צייה לבנה אורגנית 300 גר,גרמים,300.00,100 גרם,false,12,18.90,6.3000,true,1,37632
7290016995725,false,מחית מנגו תפוח אפרסק אורגני 100 גרם,תבואות מוצרי מזון או,IT,מחית מנגו תפוח אפרסק אורגני 100 גר,גרמים,100.00,100 גרם,false,18,4.90,4.9000,true,1,31811
7290016995848,true,שום כתוש אורגני 185ג,,,שום כתוש אורגני 185ג,Each,0.00,Each,false,,14.90,0.0000,true,1,32428
7290016995855,true,גינגר כתוש אורגני 18,,,גינגר כתוש אורגני 18,Each,0.00,Each,false,,14.90,0.0000,true,1,32429
7290016995886,false,פלפל צילי כתוש אורגנ,תבואות,CN,פלפל צילי כתוש אורגני 185גר תבואות,גרמים,185.00,100 גרם,false,12,14.90,8.0541,true,1,32430
7290017000558,false,יין גרנד ווין מגנום,יקב קסטל,,יין גרנד ווין מגנום 2018 1.5 לי,ליטרים,1.50,ליטר,false,1,450.00,300.0000,true,1,34836
7290017000893,false,"יין קסטל לה וי לבן 2021 750 מ""ל",,,יין לביא לבן 750 מל,מיליליטרים,750.00,"100 מ""ל",false,1,80.00,10.6667,true,1,47573
7290017000909,false,"יין קסטל פטיט 2020 750 מ""ל",יקב קסטל,,יין פטיט קסטל 750 מל,ליטרים,750.00,ליטר,false,1,129.00,0.1720,true,1,47575
7290017023212,true,מארז 4יח שוופס פחית,,,מארז 4יח שוופס פחית,Each,0.00,Each,false,,12.90,0.0000,true,1,21491
7290017023229,true,מארז 4יח שוופס פחית,,,מארז 4יח שוופס פחית,Each,0.00,Each,false,,12.90,0.0000,true,1,21493
7290017023236,true,מארז 4יח שוופס פחית,,,מארז 4יח שוופס פחית,Each,0.00,Each,false,,12.90,0.0000,true,1,21494
7290017023663,true,מארז 4יח שוופס מוגז,,,מארז 4יח שוופס מוגז,Each,0.00,Each,false,,12.90,0.0000,true,1,23547
7290017023809,true,מארז 4יח ספרינג 250מ,,,מארז 4יח ספרינג 250מ,Each,0.00,Each,false,,12.90,0.0000,true,1,27900
7290017023816,true,מארז 4יח ספרינג 250מ,,,מארז 4יח ספרינג 250מ,Each,0.00,Each,false,,12.90,0.0000,true,1,27899
7290017023823,true,מארז 4יח ספרינג 250מ,,,מארז 4יח ספרינג 250מ,Each,0.00,Each,false,,12.90,0.0000,true,1,27898
7290017023861,true,מארז 4יח סודה לימון,,,מארז 4יח סודה לימון,Each,0.00,Each,false,,10.90,0.0000,true,1,26501
7290017023878,true,מארז 4יח סודה נענע ל,,,מארז 4יח סודה נענע ל,Each,0.00,Each,false,,10.90,0.0000,true,1,26502
7290017031156,false,דפים על בסיס קמח תירס ואורז ללא גלוטן 250 גר',,IT,דפי לזניה ללא גלוטן 250גר,גרמים,250.00,100 גרם,false,12,9.90,3.9600,true,1,28607
7290017031170,true,פתיתים על בסיס קמח ע,,,פתיתים על בסיס קמח ע,Each,0.00,Each,false,,11.90,0.0000,true,1,30122
7290017031194,true,פתיתים על בסיס קמח א,,,פתיתים על בסיס קמח א,Each,0.00,Each,false,,11.90,0.0000,true,1,26981
7290017031323,true,אטריות ביצים אוריינט,,,אטריות ביצים אוריינט,Each,0.00,Each,false,,12.90,0.0000,true,1,22330
7290017031477,false,"סנסודיין משחת שיניים רפיד רליף להלבנה 75 מ""ל","סמיתקליין ביצ'ם בע""מ",GB,מש.שיניים סנסודיין רפיד רליף הלבנה 75מל,גרמים,75.00,100 גרם,false,1,21.90,29.2000,true,1,27871
7290017031705,false,"סנסודיין משחת שיניים קלין & פרש 75 מ""ל",גלקסוס סמית קליין,SK,משחת שיניים סנסודיין קלין אנד פרש 75מל,גרמים,75.00,100 גרם,false,12,21.90,29.2000,true,1,24646
7290017031927,false,שמפו סטיייל האמפ 750 מל,א.ל.ארמן ייצור תמרוקים ב,IL,שמפו סטייל שמן המפ 750מל,מיליליטרים,750.00,"100 מ""ל",false,12,24.90,3.3200,true,1,25951
7290017031941,false,מסכה לשיער המפ סטייל500מ,א.ל.ארמן ייצור תמרוקים ב,IL,מסכת שיער סטייל שמן המפ 500מל,מיליליטרים,500.00,"100 מ""ל",false,12,34.90,6.9800,true,1,25953
7290017044293,true,מטליות לחות לרצפות,,,מטליות לחות לרצפות,Each,0.00,Each,false,,29.90,0.0000,true,1,26777
7290017058580,true,פלפל אדום מתוק למילו,,,פלפל אדום מתוק למילו,Each,0.00,Each,false,,9.90,0.0000,true,1,24212
7290017058603,true,פלפל 3 צבעים מתוק למ,,,פלפל 3 צבעים מתוק למ,Each,0.00,Each,false,,9.90,0.0000,true,1,24214
7290017065007,true,גבינת מוצרלה 200 גרם,,,גבינת מוצרלה 200 גרם,Each,0.00,Each,false,,19.90,0.0000,true,1,18413
7290017065137,true,גבינת ריקוטה למריחה,,,גבינת ריקוטה למריחה,Each,0.00,Each,false,,10.90,0.0000,true,1,20697
7290017065144,true,גבינת ריקוטה למריחה,,,גבינת ריקוטה למריחה,Each,0.00,Each,false,,10.90,0.0000,true,1,20699
7290017065168,false,גבינה כחולה denish blue cheese 100 גרם,ST.CLEMENS-BOMHOLMWS,DK,גבינה כחולה 100 גרם מחלבות גד,גרמים,100.00,100 גרם,false,1,18.90,18.9000,true,1,22203
7290017065175,false,גבינה חצי קשה במעטפת סידן 36% שומן,הנסיך- מפעל לייצור ט,ES,גבינת מנצגו 150גר פרוס מחלבות גד,גרמים,150.00,100 גרם,false,1,22.90,15.2667,true,1,22204
7290017065212,false,גבינת קרם מסקרפונה מחלבות גד 250 גר,מיוצר עי קוד יצרן ED,IL,קרם מסקרפונה 250גרם מחלבות גד,גרמים,250.00,100 גרם,false,1,21.90,8.7600,true,1,22209
7290017065380,true,גבינת גרנה פדנו 100ג,,,גבינת גרנה פדנו 100ג,Each,0.00,Each,false,,15.90,0.0000,true,1,27523
7290017065434,true,גבינת גאודה הולנדית,,,גבינת גאודה הולנדית,Each,0.00,Each,false,,24.90,0.0000,true,1,30567
7290017065441,true,גבינת גאודה עיזים,,,גבינת גאודה עיזים,Each,0.00,Each,false,,34.90,0.0000,true,1,30568
7290017065526,true,גבינת קוואטרו פורמאג,,,גבינת קוואטרו פורמאג,Each,0.00,Each,false,,30.90,0.0000,true,1,28380
7290017065588,true,יוגורט יווני 600גר,,,יוגורט יווני 600גר,Each,0.00,Each,false,,17.90,0.0000,true,1,32783
7290017065618,false,גבינת פקורינו פרוס גד 150 גרם,הנסיך- מפעל לייצור ט,ES,גבינת פקורינו 150גר פרוס,גרמים,150.00,100 גרם,false,1,26.90,17.9333,true,1,32782
7290017065649,true,קרם פטיסייר 250גר,,,קרם פטיסייר 250גר,Each,0.00,Each,false,,21.90,0.0000,true,1,32780
7290017065663,false,גבינת פטה עיזים מעודנת 16% גד 200 גרם,ג'נרל מילס סאן אדריא,IL,גבינה פטה עיזים 16% מעודנת 250 גר,גרמים,250.00,100 גרם,false,6,33.90,13.5600,true,1,35541
7290017065694,false,סחלב 155גרם מחלבת גד,האי נאם סי או אל.טי.,IL,סחלב 155גרם מחלבת גד,גרמים,155.00,100 גרם,false,12,6.50,4.1935,true,1,36065
7290017065724,false,רוטב בשמל גד 250גרם,מיוצר עי קוד יצרן ED,IL,רוטב בשמל 250גר,גרמים,250.00,100 גרם,false,1,21.90,8.7600,true,1,38944
7290017065731,false,גבינת שמנת 30% ניו יורק +כמהין 200 גרם רבנות,פ.פ.ח. שאביט,IL,גבינת שמנת כמהין 200גר 30%,גרמים,200.00,100 גרם,false,1,14.50,7.2500,true,1,38945
7290017065762,false,מאנורי גבינה בסגנון יווני לצליה 30% שומן 100 גרם,גבינות מדף,IL,גבינת מאנורי 100גרם בסגנון יווני לצליה,גרמים,100.00,100 גרם,false,10,12.90,12.9000,true,1,47629
7290017065786,false,"גבינת צ`דר מחלבות גד , 210 גרם","מחלבות גד בע""\מ",IL,גבינת צדר אנגלית 210גרם מחלבות גד,גרמים,210.00,100 גרם,false,1,22.90,10.9048,true,1,46514
7290017065847,false,מוס מסקרפונה להקצפה250גר,מחלבות גד,IL,מוס מסקרפונה שוקולד 250גר גד,גרמים,250.00,100 גרם,false,1,21.90,8.7600,true,1,48668
7290017065854,false,רוטב ביאנקה לפיצה לב,מחלבות גד,IL,רוטב ביאנקה לפיצה 200גר גד,גרמים,200.00,100 גרם,false,1,16.90,8.4500,true,1,48672
7290017065861,false,רוטב פקורינו ופלפל שחור קאצ'יו אה פפה 200 ג' גד,גבינות מדף,IL,רוטב קאציו אה פפה פיקורינו עם פלפל 200גר,גרמים,200.00,100 גרם,false,1,16.90,8.4500,true,1,48670
7290017065878,false,רוטב לפסטה מק אנד צ'יז גד 200 גרם,גבינות מדף,IL,רוטב מק אנד ציז 200גר גד,גרמים,200.00,100 גרם,false,1,16.90,8.4500,true,1,48673
7290017065960,false,רוטב פורצ'יני מחלבות גד 200 גרם,גבינות מדף,IL,רוטב פורציני 200גרם לפסטה,גרמים,200.00,100 גרם,false,1,16.90,8.4500,true,1,51602
7290017086064,false,כדורי פלאפל פיקנטי - טבעוני,פיס אוף בין Peas of Bean,IL,כדורי פלאפל פיקנטי 400 גרם פיס אוף בין,גרמים,400.00,100 גרם,false,1,22.90,5.7250,true,1,30352
7290017088082,true,חיתולי בייביסיטר סטנ,,,חיתולי בייביסיטר סטנ,Each,0.00,Each,false,,35.90,0.0000,true,1,21879
7290017088099,true,חיתולי בייביסיטר סטנ,,,חיתולי בייביסיטר סטנ,Each,0.00,Each,false,,35.90,0.0000,true,1,21880
7290017088327,false,רבעיית מגבונים בייביסיטר אקסטרא סופט ללא בישום 64 יחידות,די.פי.אל בעמ,IL,רביעיית מגבוני בייביסיטר אקסטרא סופט 64י,יחידה,256.00,יחידה,false,1,19.90,0.0777,true,1,34577
7290017088969,false,חיתולי בייביסיטר ניו בורן מידה 1 42 יח',די.פי.אל תעשיות מוצרים ח,IL,חיתולי בייביסיטר ניו בורן מידה 1 42יח,יחידה,42.00,יחידה,false,4,25.90,0.6167,true,1,45525
7290017105123,true,פול מצרי הקטניה הטוב,,,פול מצרי הקטניה הטוב,Each,0.00,Each,false,,4.50,0.0000,true,1,20474
7290017105468,true,אפונה שלישייה 200 גר,,,אפונה שלישייה 200 גר,Each,0.00,Each,false,,14.90,0.0000,true,1,31334
7290017105895,false,גרגרי חומוס להכנת חומוס משובח יכין 560 ג,זנלכל,IL,גרגירי חומוס מסעדות 550 גרם,גרמים,550.00,100 גרם,false,1,9.90,1.8000,true,1,35675
7290017106069,true,קוביות סלק יכין 550,,,קוביות סלק יכין 550,Each,0.00,Each,false,,9.90,0.0000,true,1,32909
7290017121093,true,אריסה חריפה 250 גרם,,,אריסה חריפה 250 גרם,Each,0.00,Each,false,,13.90,0.0000,true,1,28257
7290017129877,true,מיקס לקקנים שטוח 40,,,מיקס לקקנים שטוח 40,Each,0.00,Each,false,,12.90,0.0000,true,1,23924
7290017139272,true,שטיפה אינטימית פמינה,,,שטיפה אינטימית פמינה,Each,0.00,Each,false,,23.90,0.0000,true,1,24201
7290017140049,true,קמח סורגום שי של הטב,,,קמח סורגום שי של הטב,Each,0.00,Each,false,,14.90,0.0000,true,1,21719
7290017140063,true,קמח עדשים אדומות שי,,,קמח עדשים אדומות שי,Each,0.00,Each,false,,15.90,0.0000,true,1,21720
7290017142111,false,פתיתי טונה בשמן זית טו גו עץ הזית 85 גרם,"יוניקורד ח.צ בע""מ",TH,פתיתי טונה טו גו בשמן זית 85 גר,Unknown,0.00,Unknown,false,12,9.90,0.0000,true,1,23186
7290017142128,false,"שמן זית כתית מעולה קלאסי עץ הזית 750 מ""ל",שמן תעשיות בעמ,IT,שמן זית קלאסי עץ הזית 750 מל,מיליליטרים,750.00,"100 מ""ל",false,1,34.90,4.6533,true,1,21421
7290017142234,false,"פתיתי טונה בהירה בשמן זית מעושן ""עץ הזית""","יוניקורד ח.צ בע""מ",TH,פתיתי טונה טו גו בשמן זית מעושן 85 גר,Unknown,0.00,Unknown,false,12,9.90,0.0000,true,1,28916
7290017142289,false,"תרסיס שמן חמניות מזוכך עץ הזית 200 מ""ל",י.ב טכנולוגיות אריזה בעמ,IT,תרסיס שמן חמניות. 200 מל עץ הזית,מיליליטרים,200.00,"100 מ""ל",false,1,15.90,7.9500,true,1,26965
7290017142388,false,שמן חמניות פלוס אומגה 3 עץ הזית 1 ליטר,שמן תעשיות בעמ,IL,שמן חמניות פלוס אומגה 3עץ הזית 1ל,ליטרים,1.00,ליטר,false,1,16.90,16.9000,true,1,28918
7290017180144,false,רוטב שום וסילאן דודה,,IL,רוטב שום וסילאן דודה ברטה 350 גר,גרמים,340.00,100 גרם,false,9,16.90,4.9706,true,1,48977
7290017180311,false,רוטב חרדל סילאן דודה,,IL,רוטב חרדל סילאן דודה ברטה 275 גרם,גרמים,275.00,100 גרם,false,9,14.90,5.4182,true,1,48981
7290017180588,false,ריבת בצל יין אדום וסויה 250 גרם,,IL,ריבת בצל יין אדום וסויה דודה ברטה 250 גר,גרמים,250.00,100 גרם,false,9,18.90,7.5600,true,1,48982
7290017197456,false,אסותא מגבוני נייר טואלט*3,טרופיקל דגיל,IL,מארז 3יח מגבוני נייר טואלט אסותא,יחידה,3.00,יחידה,false,8,11.90,3.9667,true,1,34564
7290017201009,true,שקיות אשפה 25 יחידות,,,שקיות אשפה 25 יחידות,Each,0.00,Each,false,,9.90,0.0000,true,1,19262
7290017201016,true,שקיות אשפה 25 יח עבו,,,שקיות אשפה 25 יח עבו,Each,0.00,Each,false,,12.90,0.0000,true,1,19263
7290017201405,false,סכיני עץ חד פעמי מתכ,,IN,סכיני עץ חד פעמי מתכלה 50יח,יחידה,50.00,יחידה,false,50,8.90,0.1780,true,1,38033
7290017201450,false,מגש אירוח מלבני חד פ,,IN,מגש אירוח מלבני חד פעמי מתכלה 25/17,יחידה,10.00,יחידה,false,24,12.90,1.2900,true,1,38034
7290017201566,false,קשים מנייר מתכלה 100,,,קשים מנייר מתכלה 100יח,יחידה,100.00,יחידה,false,50,7.90,0.0790,true,1,38152
7290017201603,false,צלחות עלי דקל חד פעמ,,IN,צלחות עלי דקל חד פעמי מרובע 10אינץ 10יח,יחידה,10.00,יחידה,false,24,16.90,1.6900,true,1,35245
7290017201627,false,צלחות עלי דקל חד פעמ,,IN,צלחות עלי דקל חד פעמי מרובעת 8אינץ 10יח,יחידה,10.00,יחידה,false,24,13.90,1.3900,true,1,35243
7290017201825,false,צלחות קנה סוכר חד פע,,IN,צלחות קנה סוכר חד פעמי עגולה 20יח 7אינץ,יחידה,20.00,יחידה,false,50,5.90,0.2950,true,1,35257
7290017201856,false,צלחות קנה סוכר חד פע,,IN,צלחות קנה סוכר חד פעמי עגולה 20יח 10אינץ,יחידה,20.00,יחידה,false,25,12.90,0.6450,true,1,35259
7290017201870,false,צלחת חד פעמי מחולקת,,IN,צלחת חד פעמי מחולקת ל3 20אינץ קנה סוכר,יחידה,20.00,יחידה,false,25,12.90,0.6450,true,1,35261
7290017201962,false,צלחות עלי דקל חד פעמ,,IN,צלחות עלי דקל חד פעמי עגולות 9אינץ 10יח,יחידה,10.00,יחידה,false,24,14.90,1.4900,true,1,35249
7290017201986,false,צלחות עלי דקל חד פעמ,,IN,צלחות עלי דקל חד פעמי עגולות 7אינץ 10יח,יחידה,10.00,יחידה,false,24,12.90,1.2900,true,1,35247
7290017217307,true,נרות ריחניים 50 יח,,,נרות ריחניים 50 יח,Each,0.00,Each,false,,11.90,0.0000,true,1,26338
7290017217314,true,נרות ריחניים 50 יח,,,נרות ריחניים 50 יח,Each,0.00,Each,false,,11.90,0.0000,true,1,26336
7290017217321,true,נרות ריחניים 50 יח,,,נרות ריחניים 50 יח,Each,0.00,Each,false,,11.90,0.0000,true,1,26339
7290017217338,true,נרות ריחניים 50 יח,,,נרות ריחניים 50 יח,Each,0.00,Each,false,,11.90,0.0000,true,1,26337
7290017217932,true,נורת לד 15 ווט הברגה,,,נורת לד 15 ווט הברגה,Each,0.00,Each,false,,9.90,0.0000,true,1,31597
7290017232218,false,לחם קלאסי מופחת פחמימות איטסיין 430 גרם,,IL,לחם איטסיין קלאסי 430גר,גרמים,430.00,100 גרם,false,9,22.90,5.3256,true,1,49166
7290017232225,false,לחם גלילי מופחת פחמימות איטסיין 450 גרם,דבידוביץ,IL,לחם איטסיין גלילי 450גר,גרמים,450.00,100 גרם,false,9,22.90,5.0889,true,1,49165
7290017266053,false,"וופל עלמה לל""ס במילוי קרם טעם לימון 175 גר",גילרו,IL,וופל עלמה קראנץ לימון ל.ס. 175 גרם,גרמים,175.00,100 גרם,false,1,7.90,4.5143,true,1,21357
7290017266060,false,וופל קראנצ`מילוי קרם בטעם שוקולד 175 גר,גילרו,IL,וופל עלמה קראנץ שוקולד ל.ס. 175 גרם,גרמים,175.00,100 גרם,false,1,7.90,4.5143,true,1,21356
7290017266312,true,וופל עלמה אוורירי קר,,,וופל עלמה אוורירי קר,Each,0.00,Each,false,,3.50,0.0000,true,1,26675
7290017266343,true,וופל עלמה קראנץ קרם,,,וופל עלמה קראנץ קרם,Each,0.00,Each,false,,3.50,0.0000,true,1,29176
7290017266398,true,גלילי ופל עלמה למילו,,,גלילי ופל עלמה למילו,Each,0.00,Each,false,,19.90,0.0000,true,1,30633
7290017266503,true,גלילי וופל רול עלמה,,,גלילי וופל רול עלמה,Each,0.00,Each,false,,7.90,0.0000,true,1,30632
7290017266909,false,וופלים מעולים במילוי קרם בטעם שוקולד SUNי 200 גרם,"גילרו בע""מ",IL,וופל סאן קרם שוקולד 200 גרם,גרמים,200.00,100 גרם,false,1,4.90,2.4500,true,1,49880
7290017266916,false,וופלים מעולים במילוי קרם בטעם לימון SUNי 200 גרם,"גילרו בע""מ",IL,וופל סאן קרם לימון 200 גרם,גרמים,200.00,100 גרם,false,1,4.90,2.4500,true,1,49881
7290017285993,false,אולטרסול ספריי רציף תחליבי ילדים 50+ 200,פישר מעבדות פרמצבטיות בע,IL,תחליב הגנה אולטרסול קידס 200מל 50+,מיליליטרים,200.00,"100 מ""ל",false,1,64.90,32.4500,true,1,23007
7290017291109,false,ערמונים ארוזים ברשת,,,ערמונים ארוזים ברשת,Unknown,0.00,Unknown,false,1,19.90,0.0000,true,1,47250
7290017325552,false,תות שדה קפוא אורגני 300 גרם,,IL,תות שדה קפוא אורגני 300גר הרדוף,גרמים,250.00,100 גרם,false,14,20.90,8.3600,true,1,37832
7290017386027,false,חמאת בוטנים קראנץ כרם - 510 גר,"רופארל פודס בע""מ",IN,חמאת בוטנים כרם קראנצי 510 גרם,גרמים,510.00,100 גרם,false,12,12.90,2.5294,true,1,34928
7290017386041,false,חמאת בוטנים קלאסית כרם - 510 גר,"רופארל פודס בע""מ",IN,חמאת בוטנים כרם קלאסית 510 גרם,גרמים,510.00,100 גרם,false,12,12.90,2.5294,true,1,34927
7290017386126,true,קמח כוסמין70%מלא כרם,,,קמח כוסמין70%מלא כרם,Each,0.00,Each,false,,15.90,0.0000,true,1,23636
7290017386164,true,קמח כוסמין מלא אורגנ,,,קמח כוסמין מלא אורגנ,Each,0.00,Each,false,,16.90,0.0000,true,1,23640
7290017386188,true,שבולת שועל דקה כרם ל,,,שבולת שועל דקה כרם ל,Each,0.00,Each,false,,18.90,0.0000,true,1,28110
7290017386263,false,"סירופ מייפל אורגני כרם 250 מ""ל",קופרדקס איי פי אס,DK,סירופ מייפל 100% טהור כרם 250 מל,מיליליטרים,250.00,"100 מ""ל",false,12,26.90,10.7600,true,1,34926
7290017386348,true,שקד מולבן טחון כרם 2,,,שקד מולבן טחון כרם 2,Each,0.00,Each,false,,16.90,0.0000,true,1,26477
7290017386386,false,חומץ תפוחים אורגני 5% 1 ליטר,ACETIFICIO ANBREA,IT,חומץ תפוחים 5% אורגני כרם 1 ל,ליטרים,1.00,ליטר,false,12,21.90,21.9000,true,1,27272
7290017386454,false,תרסיס שמן זרעי ענבים,קומפניה אלימנטרה איט,IT,תרסיס שמן זרעי ענבים טהור כרם 200 מל,מיליליטרים,147.00,"100 מ""ל",false,6,19.90,13.5374,true,1,28558
7290017386478,false,שמן זרעי ענבים מזוכך,,IT,שמן זרעי ענבים מזוכך כרם 1 ל,ליטרים,1.00,ליטר,false,12,34.90,34.9000,true,1,39636
7290017386874,true,ממרח חרוב אגוזי לוז,,,ממרח חרוב אגוזי לוז,Each,0.00,Each,false,,13.90,0.0000,true,1,28112
7290017386942,true,קרם קוקוס אורגני 20-,,,קרם קוקוס אורגני 20-,Each,0.00,Each,false,,10.00,0.0000,true,1,32172
7290017386959,true,נוזל חלב קוקוס אורגנ,,,נוזל חלב קוקוס אורגנ,Each,0.00,Each,false,,10.00,0.0000,true,1,32173
7290017386966,true,מיקס לסלט כרם 250 גר,,,מיקס לסלט כרם 250 גר,Each,0.00,Each,false,,13.90,0.0000,true,1,28552
7290017386973,true,תמר מגהול סופר גמבו,,,תמר מגהול סופר גמבו,Each,0.00,Each,false,,44.90,0.0000,true,1,30486
7290017386997,true,מי קוקוס אורגניים 1,,,מי קוקוס אורגניים 1,Each,0.00,Each,false,,14.90,0.0000,true,1,32174
7290017389028,true,אננס מיובש ללא סוכר1,,,אננס מיובש ללא סוכר1,Each,0.00,Each,false,,16.90,0.0000,true,1,20866
7290017440170,false,אולטרסול ספריי רציף שקוף ילדים 50+ 200,פישר תעשיות,IL,תחליב הגנה אולטרסול קידס שקוף 200מל 50+,מיליליטרים,200.00,"100 מ""ל",false,1,64.90,32.4500,true,1,27119
7290017440286,true,מרכך קידס קמיל בלו,,,מרכך קידס קמיל בלו,Each,0.00,Each,false,,16.90,0.0000,true,1,29025
7290017440309,true,שמפו קידס קמיל בלו,,,שמפו קידס קמיל בלו,Each,0.00,Each,false,,16.90,0.0000,true,1,29024
7290017440323,true,שמפו+מרכך קידס קמיל,,,שמפו+מרכך קידס קמיל,Each,0.00,Each,false,,16.90,0.0000,true,1,29026
7290017440699,true,מרכך בלונד 400מל קמי,,,מרכך בלונד 400מל קמי,Each,0.00,Each,false,,24.90,0.0000,true,1,31570
7290017440729,false,אולטרסול ספריי שמן קוקוס 200/20 SPF,פישר תעשיות,IL,שמן שיזוף אולטרסול קוקוס 200מל,מיליליטרים,200.00,"100 מ""ל",false,1,54.90,27.4500,true,1,27276
7290017440798,true,מרכך לשיער כסוף סילב,,,מרכך לשיער כסוף סילב,Each,0.00,Each,false,,24.90,0.0000,true,1,27821
7290017440965,true,אל סבון קמיל לידיים,,,אל סבון קמיל לידיים,Each,0.00,Each,false,,13.90,0.0000,true,1,28370
7290017457581,true,מרכך כביסה סוד מרוכז,,,מרכך כביסה סוד מרוכז,Each,0.00,Each,false,,11.90,0.0000,true,1,30102
7290017457598,true,מרכך כביסה סוד מרוכז,,,מרכך כביסה סוד מרוכז,Each,0.00,Each,false,,11.90,0.0000,true,1,30103
7290017457611,false,גל כביסה סוד טוטאל ירוק 2.5 ליטר,הנקל סוד,IL,גל כביסה סוד 2.5ליטר ורוד,ליטרים,2.50,ליטר,false,6,19.90,7.9600,true,1,33413
7290017457628,false,גל כביסה סוד טוטאל כחול 2.5 ליטר,הנקל סוד,IL,גל כביסה סוד 2.5ליטר כחול,ליטרים,2.50,ליטר,false,6,19.90,7.9600,true,1,33412
7290017457727,true,מרכך כביסה סוד מרוכז,,,מרכך כביסה סוד מרוכז,Each,0.00,Each,false,,11.90,0.0000,true,1,28146
7290017457734,true,מרכך כביסה סוד מרוכז,,,מרכך כביסה סוד מרוכז,Each,0.00,Each,false,,11.90,0.0000,true,1,28147
7290017457932,false,סוד מרכך כביסה מרוכז פרש קונטרול כחול,הנקל סוד,IL,מרכך כביסה סוד מרוכז 900מל פרש קונטרול,מיליליטרים,900.00,"100 מ""ל",false,12,11.90,1.3222,true,1,36699
7290017457949,false,"פרסיל א.כ לבגדי תינוקות ולבעלי עור רגיש 2.5 ק""ג",קריות זול,,א.כביסה פרסיל 2.5 קג תינוקות ועור רגיש,קילוגרמים,2.50,"ק""ג",false,1,19.90,7.9600,true,1,35427
7290017460017,true,פירורי לחם תיבול גרי,,,פירורי לחם תיבול גרי,Each,0.00,Each,false,,11.90,0.0000,true,1,24078
7290017460031,true,פירורי לחם שום ועשבי,,,פירורי לחם שום ועשבי,Each,0.00,Each,false,,11.90,0.0000,true,1,24073
7290017460062,true,פירורי לחם קייגון400,,,פירורי לחם קייגון400,Each,0.00,Each,false,,11.90,0.0000,true,1,24075
7290017460086,true,פירורי לחם זהב 400 ג,,,פירורי לחם זהב 400 ג,Each,0.00,Each,false,,10.00,0.0000,true,1,24071
7290017477350,true,תערובת לסלט ירוק שקד,,,תערובת לסלט ירוק שקד,Each,0.00,Each,false,,9.90,0.0000,true,1,23261
7290017477596,false,תמר מג'הול פרימיום בקופסא ששון הקולה 400 גרם,"שקדיה גבע תעשיות בע""",IL,תמר מגהול אקסטרא ענק 400 גרם שקדיה,גרמים,400.00,100 גרם,false,12,19.90,4.9750,true,1,37099
7290017504001,true,פטריות שמפניון 250 ג,,,פטריות שמפניון 250 ג,Each,0.00,Each,false,,9.90,0.0000,true,1,21302
7290017510576,true,נוזל כלים אסותא 750מ,,,נוזל כלים אסותא 750מ,Each,0.00,Each,false,,7.90,0.0000,true,1,28318
7290017513324,false,תה ירוק נענע פירמידה,"אסם תעשיות בע""מ",,תה ירוק נענע פירמידה 165 גרם,גרמים,165.00,100 גרם,false,1,14.90,9.0303,true,1,36968
7290017513393,true,תה ירוק ספירולינה 1,,,תה ירוק ספירולינה 1,Each,0.00,Each,false,,24.90,0.0000,true,1,30320
7290017513409,true,תה ירוק צמחים סגולים,,,תה ירוק צמחים סגולים,Each,0.00,Each,false,,24.90,0.0000,true,1,30321
7290017513775,false,פליפז בייגלה מצופה שוקולד חלב מקוויטיס 140 גרם,שוורצקוף& הנקל דיסלד,TR,בייגלה פליפז שוקולד חלב 140 גרם,גרמים,140.00,100 גרם,false,1,8.90,6.3571,true,1,35848
7290017513782,false,פליפז בייגלה מצופה שוקולד מריר מקוויטיס 140 גרם,שוורצקוף& הנקל דיסלד,TR,בייגלה פליפז שוקולד מריר 140 גרם,גרמים,140.00,100 גרם,false,1,8.90,6.3571,true,1,35847
7290017513867,false,תה ירוק לימונית ולואיזה סתוספת ויטמינים ויסוצקי 25 יחידות,תה ויסוצקי,IL,תה ירוק לימונית לואיזה עם ויטמין 25 שקיק,יחידה,25.00,יחידה,false,1,24.90,0.9960,true,1,35795
7290017516295,true,חטיפי בריאות פרוטאין,,,חטיפי בריאות פרוטאין,Each,0.00,Each,false,,10.90,0.0000,true,1,34259
7290017516318,true,חטיפי בריאות פרוטאין,,,חטיפי בריאות פרוטאין,Each,0.00,Each,false,,10.90,0.0000,true,1,34260
7290017516332,true,חטיפי בריאות פרוטאין,,,חטיפי בריאות פרוטאין,Each,0.00,Each,false,,10.90,0.0000,true,1,34261
7290017516424,true,חטיפי בריאות שוקולד,,,חטיפי בריאות שוקולד,Each,0.00,Each,false,,29.90,0.0000,true,1,34262
7290017516431,true,חטיפי בריאות קוקוס ש,,,חטיפי בריאות קוקוס ש,Each,0.00,Each,false,,29.90,0.0000,true,1,34264
7290017516448,true,חטיפי בריאות קוקוס ת,,,חטיפי בריאות קוקוס ת,Each,0.00,Each,false,,29.90,0.0000,true,1,34263
7290017516479,false,פנגיאה פרוטאין וניל קפה 50 גרם,פנגיאה,IL,חטיפי בריאות פנגיאה וניל פרוטאין 50 גר,Unknown,0.00,Unknown,false,1,10.90,0.0000,true,1,35020
7290017516486,false,פנגיאה פרוטאין טרופי 50 גרם,פנגיאה,IL,חטיפי בריאות פנגיאה פרוטאין 50 גר,Unknown,0.00,Unknown,false,1,10.90,0.0000,true,1,35019
7290017516509,false,חטיף פרוטאין בטעם קרמל מלוח,פנגיאה,IL,חטיפי בריאות פרוטאין קרמל מלוח 50 גר,Unknown,0.00,Unknown,false,1,10.90,0.0000,true,1,37082
7290017516561,false,שלשיית חטיפי חלבון פנגיאה אגוזי לוז 3*60 גרם,ש.ר רגע בטבע,IL,חטיפי חלבון פנגיה אגוזי לוז שלישייה 60גר,Unknown,0.00,Unknown,false,30,29.90,0.0000,true,1,46795
7290017516578,false,שלשיית חטיפי חלבון פנגיאה שוקלד 3*60 גרם,ש.ר רגע בטבע,IL,חטיפי חלבון פנגיה שוקולד שלישייה 60גר,Unknown,0.00,Unknown,false,30,29.90,0.0000,true,1,46797
7290017516585,false,שלשיית חטיפי חלבון פנגיאה וניל קפה 3*60 גרם,,IL,חטיפי חלבון פנגיה וניל קפה שלישייה 60גר,Unknown,0.00,Unknown,false,30,29.90,0.0000,true,1,46796
7290017516615,false,"חטיף ספירולינה, תפוז קקאו וקוקס 40 גרם",,IL,חטיף ספירולינה פנגיאה 40 גר,Unknown,0.00,Unknown,false,30,10.90,0.0000,true,1,46798
7290017540696,true,דפי סויה צבעוני 8 יח,,,דפי סויה צבעוני 8 יח,Each,0.00,Each,false,,18.90,0.0000,true,1,26779
7290017589565,false,"ברקן, גוורצטרמינר לבן חצי יבש 750 מל",יקבי ברקן שיווק והפצ,IL,יין קלאסיק גוורץ 750 מל פקדון,מיליליטרים,750.00,"100 מ""ל",false,1,35.00,4.6667,true,1,26847
7290017589633,true,יין רזרב קברנה גולד,,,יין רזרב קברנה גולד,Each,0.00,Each,false,,45.00,0.0000,true,1,26855
7290017599250,false,סוכרזית קלאסי 120 שקיות,ביסקול בע''מ,IL,סוכרזית קלאסי 120 שקיות,גרמים,120.00,100 גרם,false,12,16.90,14.0833,true,1,49422
7290017599267,false,סוכרלוז 120 שקיות ממתיק שולחני,סוכרזית Sucrazit,IL,סוכרזית סוכרלוז 120שקיות,גרמים,120.00,100 גרם,false,12,24.90,20.7500,true,1,49423
7290017617053,false,טונה סטארקיסט טו גו,סטארקיסט,TH,טונה סטארקיסט טו גו עגבניות 80 גרם,Unknown,0.00,Unknown,false,24,9.90,0.0000,true,1,34744
7290017617084,false,סטארקיסט מיקס טוגו טונה עם שעועית 185 גרם,דרדנל אוננטאס גידה,TR,מיקס טונה טו גו עם שעועית 185 גרם,גרמים,185.00,100 גרם,false,24,12.90,6.9730,true,1,38297
7290017617091,false,סטארקיסט מיקס טוגו טונה עם פתיתים 185 גרם,דרדנל אונוסטאס גידה,TR,מיקס טונה טו גו עם פתיתים 185 גרם,גרמים,185.00,100 גרם,false,24,12.90,6.9730,true,1,38298
7290017617107,false,סטארקיסט מיקס טוגו טונה עם 4 דגנים 185 גרם,"איטיליאן פוד, אס.פי.",TR,מיקס טונה טו גו עם 4דגנים 185 גרם,גרמים,185.00,100 גרם,false,24,12.90,6.9730,true,1,38299
7290017617275,false,שלישיית ממרח טונה סטארקיסט 160X3 גרם,סטארקיסט,IL,מארז 3יח ממרח טונה סטארקיסט 160 גרם,גרמים,540.00,100 גרם,false,1,23.90,4.4259,true,1,45519
7290017617411,false,סטארקיסט מיקס סלמון עם אורז מלא וירקות 160 גרם,גראאל אס איי,PL,מיקס נתחי סלמון אורז ירקות 160 גרם,גרמים,160.00,100 גרם,false,8,15.90,9.9375,true,1,49306
7290017617428,false,סטארקיסט מיקס סלמון עם פסטה ברוטב עגבניות 160 גרם,גראאל אס איי,PL,מיקס נתחי סלמון פסטה עגבניות 160 גרם,גרמים,160.00,100 גרם,false,8,15.90,9.9375,true,1,49307
7290017617435,false,סטארקיסט מיקס סלמון עם עדשים קינואה וירק 160 גרם,גראאל אס איי,PL,מיקס נתחי סלמון עדשים וקינואה 160 גרם,גרמים,160.00,100 גרם,false,8,15.90,9.9375,true,1,49305
7290017628073,true,ביצי חופש 20יח אקסטר,,,ביצי חופש 20יח אקסטר,Each,0.00,Each,false,,31.90,0.0000,true,1,25807
7290017641119,false,שוקולד פרימיום 85% מריר כרמית 100 גרם,כרמית תעשיות ממתקים בעמ,IL,שוקולד אגו 85% מריר 100 גרם,גרמים,100.00,100 גרם,false,24,8.90,8.9000,true,1,32179
7290017641188,true,קרקר פניני שיפון מלא,,,קרקר פניני שיפון מלא,Each,0.00,Each,false,,7.50,0.0000,true,1,28435
7290017641720,false,שוקולד פרימיום 70% שברי שקד כרמית 100 גרם,כרמית תעשיות ממתקים בעמ,IL,שוקולד אגו 70% מריר שברי שקד 100גרם,גרמים,100.00,100 גרם,false,24,8.90,8.9000,true,1,32176
7290017641737,false,שוקולד פרימיום 70% שברי אגוז כרמית 100 גרם,כרמית תעשיות ממתקים בעמ,IL,שוקולד אגו 70%מריר שברי אגוזי לוז 100 גר,גרמים,100.00,100 גרם,false,24,8.90,8.9000,true,1,32177
7290017641744,true,חטיפי קרח איגלו סטיק,,,חטיפי קרח איגלו סטיק,Each,0.00,Each,false,,6.90,0.0000,true,1,31478
7290017647418,true,יין ירדן רוזה 2019 7,,,יין ירדן רוזה 2019 7,Each,0.00,Each,false,,100.00,0.0000,true,1,33518
7290017647425,false,"יין גמלא קברנה סוביניון שנת 2018 750 מ""ל",יקבי רמת הגולן,IL,יין גמלא ק.סוביניון 2018 750 מל,מיליליטרים,750.00,"100 מ""ל",false,1,70.00,9.3333,true,1,35023
7290017647449,false,יין ירדן קצרין עברית,רמת הגולן,IL,יין ירדן קצרין עברית אדום 750 מל,מיליליטרים,750.00,"100 מ""ל",false,6,629.00,83.8667,true,1,43898
7290017647494,false,יין ירדן סירה 750 מל,יקבי רמת הגולן,,יין ירדן סירה 2018 750 מל,מיליליטרים,750.00,"100 מ""ל",false,1,100.00,13.3333,true,1,40558
7290017647548,false,"יין ירדן מרלו 2018 750 מ""ל",מיוצר וממולא על ידי יקב,IL,יין מרלו ירדן 2018 750 מל,מיליליטרים,750.00,"100 מ""ל",false,1,100.00,13.3333,true,1,46580
7290017647593,false,"יין ירדן קברנה סוביניון 2018 750 מ""ל",יקבי רמת הגולן,IL,יין ירדן קברנה סובניון 2018 750 מל,מיליליטרים,750.00,"100 מ""ל",false,1,120.00,16.0000,true,1,40557
7290017647708,false,"רמת הגולן גמלא גוורצטרמינר, 750 מ""ל י יקב רמת הגולן",מיוצר וממולא על ידי יקב,IL,יין גמלא גוורצטרמינר 750 מל עברית,מיליליטרים,750.00,"100 מ""ל",false,1,60.00,8.0000,true,1,48389
7290017675015,false,טחינת היונה המקורית,,IL,טחינה היונה 450 גרם,גרמים,450.00,100 גרם,false,1,13.90,3.0889,true,1,34561
7290017677804,false,"רוטב סויה קיקומן ללא חומרים משמרים 444 מ""ל",קיקומן פודז אינק,US,רוטב סויה קיקומן 444 מל,מיליליטרים,444.00,"100 מ""ל",false,1,20.90,4.7072,true,1,28640
7290017677811,true,רוטב סויה קיקומן 296,,,רוטב סויה קיקומן 296,Each,0.00,Each,false,,15.00,0.0000,true,1,28639
7290017680934,true,מיץ יוזו 300 מל,,,מיץ יוזו 300 מל,Each,0.00,Each,false,,99.90,0.0000,true,1,30986
7290017712130,false,פרמיו פאוץ סלמון קיט,,FR,פרמיו פאוץ סלמון קיטן 85 גר,גרמים,85.00,100 גרם,false,24,3.90,4.5882,true,1,49347
7290017712161,false,פרמיו פאוץ סלמון בגל,,FR,פרמיו פאוץ סלמון בגלי 85 גר,גרמים,85.00,100 גרם,false,24,3.90,4.5882,true,1,49345
7290017712192,false,פרמיו נתחי פילה עוף ועשבי תיבול 100 גר,פרמיו Premio,FR,פרמיו נתחי פילה עוף ועשבי תחבול 100 גר,גרמים,100.00,100 גרם,false,32,3.90,3.9000,true,1,50125
7290017712222,false,פרמיודגי ים ברוטב 100 גר,,FR,פרמיו דגי ים קיטן 100 גר,גרמים,100.00,100 גרם,false,32,3.90,3.9000,true,1,49348
7290017712239,false,פרמיו עם עוף במרקם פטה 150 גר,פרמיו Premio,FR,פרמיו פטה עוף לכלב 150 גר,גרמים,150.00,100 גרם,false,22,3.90,2.6000,true,1,49362
7290017712260,false,פרמיו פטה סלמון לכלב 150ג',פרמיו Premio,FR,פרמיו פטה סלמון לכלב 150 גר,גרמים,150.00,100 גרם,false,22,3.90,2.6000,true,1,49363
7290017712277,false,פרמיו עם כבש במרקם פטה 100 גר,פרמיו Premio,FR,פרמיו פטה כבש לכלב 150 גר,גרמים,150.00,100 גרם,false,22,3.90,2.6000,true,1,49361
7290017712543,false,"גוסטו מרק ירקות 300 מ""ל",קונסורזיו קאסאלאסקו,IT,מרק גוסטו ירקות 300 מל,מיליליטרים,300.00,"100 מ""ל",false,12,7.90,2.6333,true,1,36950
7290017712567,false,גוסטו מרק אפונה 300 מל,קונסורזיו קאסאלאסקו,IT,מרק גוסטו אפונה 300 מל,מיליליטרים,300.00,"100 מ""ל",false,12,7.90,2.6333,true,1,36948
7290017712628,false,סלמון לחתול פאוץ 85 ג הורייזן,,,הורייזן סלמון לחתול פאוץ 85 גר,גרמים,1.00,100 גרם,false,24,4.90,490.0000,true,1,50121
7290017712727,false,פרמיו גור חתולים בקר וכבד,פרמיו Premio,FR,פרמיו גור בקר וכבד 100 גר,גרמים,100.00,100 גרם,false,32,3.90,3.9000,true,1,49350
7290017712758,false,פרמיו סלמון לחתול,פרמיו Premio,FR,פרמיו סלמון 100 גר,גרמים,100.00,100 גרם,false,32,3.90,3.9000,true,1,49349
7290017712772,false,פרמיו ברק וכבד לחתול,פרמיו Premio,FR,פרמיו בקר וכבד 100 גר,גרמים,100.00,100 גרם,false,32,3.90,3.9000,true,1,49351
7290017712789,false,פרמיו סטירליז עוף 100 ג',,FR,פרמיו סטירליז עוף 100 גר,גרמים,100.00,100 גרם,false,32,3.90,3.9000,true,1,49352
7290017712864,false,פרמיו מקלות סלמון לכלב,פרמיו Premio,CN,פרמיו מקלות סלמון 100 גר,גרמים,100.00,100 גרם,false,16,14.90,14.9000,true,1,49359
7290017712949,false,פרמיו כריות סטרילייז לחתול,פרמיו Premio,AT,פרמיו חטיף כריות לחתול סטריליז 60ג,גרמים,60.00,100 גרם,false,7,9.90,16.5000,true,1,50119
7290017724027,false,עוגיות אלפחורס 300 גרם,"אקלר בע""מ",IL,עוגיות אקלר אלפחורס 300 גרם,גרמים,300.00,100 גרם,false,1,22.90,7.6333,true,1,41115
7290017724140,false,עוגיות שושנים אקלר 200 גרם,אקלר,IL,עוגיות אקלר שושנים 200 גר,גרמים,200.00,100 גרם,false,1,22.90,11.4500,true,1,45306
7290017724164,false,עוגיות אוזניים ללא סוכר אקלר 200 גרם,אקלר,IL,עוגיות אקלר אוזניים ל.ס 200 גרם,גרמים,200.00,100 גרם,false,1,22.90,11.4500,true,1,45328
7290017724195,false,שטרודל פירות יבשים 250גר,אקלר,IL,עוגיות אקלר כוסמים טבעוני בטעמים,גרמים,250.00,100 גרם,false,1,21.90,8.7600,true,1,28641
7290017724232,false,עוגיות שומשומית 200 גרם,אקלר,IL,עוגיות אקלר שומשומיות 200 גר,גרמים,200.00,100 גרם,false,1,22.90,11.4500,true,1,45312
7290017724300,false,עוגיות גרנולה אקלר 200 גרם,,IL,עוגיות אקלר גרנולה 200 גר,גרמים,200.00,100 גרם,false,1,22.90,11.4500,true,1,45316
7290017724317,false,עוגיות אקלר אלפחורס,,,עוגיות אקלר אלפחורס במילוי חלבה 250 גר,גרמים,250.00,100 גרם,false,1,22.90,9.1600,true,1,45344
7290017791142,false,קרקר כוסמין מלא - פת במלח,"מאפיית פת במלח בע""מ",IL,קרקר כוסמין מלא זרעים 225 גרם,גרמים,225.00,100 גרם,false,10,22.90,10.1778,true,1,29071
7290017791203,false,קרקר כוסמין מלא - סלק - פת במלח,"מאפיית פת במלח בע""מ",IL,קרקר סלק כוסמין מלא 225 גרם,גרמים,225.00,100 גרם,false,10,22.90,10.1778,true,1,31783
7290017812373,true,יין שרדונה P.C 375 מ,,,יין שרדונה P.C 375 מ,Each,0.00,Each,false,,25.00,0.0000,true,1,31919
7290017812588,false,מיץ ענבים תירוש לבן 100% טבעי כרמל 1 ליטר,יקבי כרמל Carmel Winery,IL,יין תירוש לבן 1 ליטר פקדון,ליטרים,1.00,ליטר,false,1,25.00,25.0000,true,1,32762
7290017812618,false,מיץ ענבים תירוש אדום רוזה כרמל 1 ליטר,כרמל מזרחי,IL,מיץ ענבים תירוש רוזה 1 לי,ליטרים,1.00,ליטר,false,12,25.00,25.0000,true,1,32389
7290017812830,false,יין רוזה פרייבט קולקשיין 750מל יקבי כרמל,"כד בני דרום בע""מ",IL,יין רוזה פי.סי 750 מל,מיליליטרים,800.00,"100 מ""ל",false,1,45.00,5.6250,true,1,37262
7290017812847,false,"יין פרנץ גוורצטרמינר סלקטד כרמל 750 מ""ל","כד בני דרום בע""מ",IL,יין סלקטד פרנץ גוורצטרמינר 750 מל,מיליליטרים,750.00,"100 מ""ל",false,1,35.00,4.6667,true,1,37263
7290017812885,false,"יין P.C סוביניון בלאן גוורצטרמינר כרמל 750 מ""ל",אגודת הכורמים א.ת אל,IL,יין סובניון בלאן גוורצטרמינרפי.סי 750 מל,מיליליטרים,750.00,"100 מ""ל",false,1,45.00,6.0000,true,1,38983
7290017812939,false,"יין דרום רוזה יתיר 750 מ""ל",כרמל מזרחי,IL,יין יתיר דרום רוזה 750 מל,מיליליטרים,750.00,"100 מ""ל",false,6,75.00,10.0000,true,1,38462
7290017871363,true,סבון ידיים פמלי יהלו,,,סבון ידיים פמלי יהלו,Each,0.00,Each,false,,10.90,0.0000,true,1,32249
7290017871370,true,סבון ידיים פמלי יהלו,,,סבון ידיים פמלי יהלו,Each,0.00,Each,false,,10.90,0.0000,true,1,32250
7290017871387,true,סבון ידיים פמלי יהלו,,,סבון ידיים פמלי יהלו,Each,0.00,Each,false,,10.90,0.0000,true,1,32251
7290017871417,false,פופסטאר חטיף תירס טע,אשבל,IL,פופסטאר חטיף תירס טעם ברביקיו 150 גרם,גרמים,150.00,100 גרם,false,15,10.00,6.6667,true,1,39743
7290017871424,true,חטיף טוסו תמרים בוטנ,,,חטיף טוסו תמרים בוטנ,Each,0.00,Each,false,,16.90,0.0000,true,1,30224
7290017871431,true,חטיף טוסו תמרים א.לו,,,חטיף טוסו תמרים א.לו,Each,0.00,Each,false,,16.90,0.0000,true,1,30226
7290017871448,true,חטיף טוסו תמרים קשיו,,,חטיף טוסו תמרים קשיו,Each,0.00,Each,false,,16.90,0.0000,true,1,30228
7290017871455,true,חטיף טוסו פצפוצי אור,,,חטיף טוסו פצפוצי אור,Each,0.00,Each,false,,16.90,0.0000,true,1,30227
7290017871462,true,חטיף טוסו פצפוצי אור,,,חטיף טוסו פצפוצי אור,Each,0.00,Each,false,,16.90,0.0000,true,1,30225
7290017871554,true,חטיף טוסו תמרים שברי,,,חטיף טוסו תמרים שברי,Each,0.00,Each,false,,16.90,0.0000,true,1,30230
7290017871707,true,חטיף טוסו פצפוצי אור,,,חטיף טוסו פצפוצי אור,Each,0.00,Each,false,,16.90,0.0000,true,1,30229
7290017871929,true,טוסו גרנולה פ.יבשים,,,טוסו גרנולה פ.יבשים,Each,0.00,Each,false,,19.90,0.0000,true,1,33659
7290017871950,false,פרשוואנס נייר טואלט לח מתכלה בניחוח לוונדר מארז שלישייה,עלבד משואות יצחק,IL,מארז 3יח מגבוני נייר טואלט לח לבנדר 40יח,יחידה,120.00,יחידה,false,1,12.90,0.1075,true,1,37475
7290017871967,false,טוסו אבקת ג'לי טעם אננס 30גרם,אשבל מזון פונקציונלי בע\,IL,גלי מרמולייט אננס 25גר,Unknown,0.00,Unknown,false,1,10.00,0.0000,true,1,35151
7290017871974,false,טוסו אבקת ג'לי טעם תות 30גרם,אשבל מזון פונקציונלי בע\,IL,גלי מרמולייט תות שדה 25גר,Unknown,0.00,Unknown,false,1,10.00,0.0000,true,1,35150
7290017871998,false,טוסו פודינג אינסטנט בטעם וניל 30גרם,אשבל מזון פונקציונלי בע\,IL,פודינג מרמולייט אינסטנט בטעם וניל 30גר,Unknown,0.00,Unknown,false,1,10.00,0.0000,true,1,35153
7290017872001,true,קרם החתלה פרש וואנס,,,קרם החתלה פרש וואנס,Each,0.00,Each,false,,12.90,0.0000,true,1,33570
7290017872018,true,קרם החתלה פרש וואנס,,,קרם החתלה פרש וואנס,Each,0.00,Each,false,,12.90,0.0000,true,1,33571
7290017872049,true,פמילי אל סבון מעורב,,,פמילי אל סבון מעורב,Each,0.00,Each,false,,15.90,0.0000,true,1,33782
7290017872056,true,אל סבון פמילי שלישיי,,,אל סבון פמילי שלישיי,Each,0.00,Each,false,,15.90,0.0000,true,1,33783
7290017872063,true,מארז 3יח אל סבון פמי,,,מארז 3יח אל סבון פמי,Each,0.00,Each,false,,15.90,0.0000,true,1,33784
7290017872162,true,עוגיות טוסו אגוזי לו,,,עוגיות טוסו אגוזי לו,Each,0.00,Each,false,,14.90,0.0000,true,1,33689
7290017872179,true,עוגיות טוסו טחינה ל.,,,עוגיות טוסו טחינה ל.,Each,0.00,Each,false,,14.90,0.0000,true,1,33688
7290017872186,true,עוגיות פקאן טוסו ללא,,,עוגיות פקאן טוסו ללא,Each,0.00,Each,false,,14.90,0.0000,true,1,33687
7290017872193,true,עוגיות טוסו שקד וקינ,,,עוגיות טוסו שקד וקינ,Each,0.00,Each,false,,14.90,0.0000,true,1,33690
7290017872254,false,חטיף טוסו קראנצי בטע,תות ממתקי איכות,IL,חטיף טוסו קראנצי בטעם חלווה ל.ס ל.ג 5י,גרמים,140.00,100 גרם,false,1,16.90,12.0714,true,1,33661
7290017872278,false,טוסו חטיף קראנצ'י בטעם בוטנים וחלווה 105 גר',תות ממתקי איכות,IL,חטיף טוסו קראנצי בטעם בוטנים חלווה ללס,גרמים,140.00,100 גרם,false,1,16.90,12.0714,true,1,33663
7290017872407,false,טוסו עוגיות טחינה במ,רוקחמן,,זוג עוגיות טוסו טחינה ללס 150 גר,גרמים,150.00,100 גרם,false,1,14.90,9.9333,true,1,35824
7290017872421,false,עוג.שקדים+קינמון ללתס150,"הגביע מוצרי וופלים בע""\מ",IL,זוג עוגיות טוסו שקד וקינמון ללס 150 גר,גרמים,150.00,100 גרם,false,1,15.90,10.6000,true,1,35822
7290017872650,false,"פמלי יהלום-סבון ידיים עם שמן לבנדר 500 מ""ל",המאפיה של הרמן,TR,סבון ידיים פמלי יהלום 500מל שמן לבנדר,מיליליטרים,500.00,"100 מ""ל",false,12,10.90,2.1800,true,1,34938
7290017872667,false,"פמלי יהלום-סבון ידיים עם שמן קמומיל 500 מ""ל",המאפיה של הרמן,TR,סבון ידיים פמלי יהלום 500מל שמן קמומיל,מיליליטרים,500.00,"100 מ""ל",false,12,10.90,2.1800,true,1,34939
7290017872865,false,בייביביס חטיפי דגנים אפויים לתינוקות בטעם גזר ועגבנייה,טאטא גלובל בוורג'ס,IL,בייבי ביס חטיפי דגנים אפוי ט.גזר עגבניה,Unknown,0.00,Unknown,false,1,13.90,0.0000,true,1,46484
7290017872872,false,בייביביס חטיפי דגנים אפויים לתינוקות בטעם גזר וסלק,טאטא גלובל בוורג'ס,IL,בייבי ביס חטיפי דגנים אפוי ט.גזר וסלק40ג,Unknown,0.00,Unknown,false,1,13.90,0.0000,true,1,46483
7290017872896,false,שקיות אשפה לארג גליל,גלילונית,,שקיות אשפה לארג גלילונית חזקה 44יח,יחידה,44.00,יחידה,false,20,22.90,0.5205,true,1,45665
7290017872933,false,מגע הדבש רצועות שעווה לגוף 12+3 מגבוני ש,ש.שוורץ,ES,רצועות שעווה ביו מגע הדבש 12יח+3מג.שמן,יחידה,12.00,יחידה,false,1,29.90,2.4917,true,1,39772
7290017873008,false,גלילונית הקפאה זוג 275 יחידות,"אשפלסט תעשיות בע""מ",IL,שקיות גלילונית להקפאה 275 יח,יחידה,275.00,יחידה,false,15,11.90,0.0433,true,1,45662
7290017873015,false,שקיות אשפהXLגופייה30יח,esro טורקיהn\,TR,שקיות אשפה אקס אל גלילונית גופיה 30יח,יחידה,30.00,יחידה,false,20,19.90,0.6633,true,1,45664
7290017873039,false,מארז זוג שקיות לסנדוויץ גלילונית 2*160 יח',"קינג באג בע""מ",TH,מארז 2יח שקיות אוכל גלילונית 160יח,יחידה,320.00,יחידה,false,15,13.50,0.0422,true,1,45663
7290017888026,true,משקה אננס תפוח גזר,,,משקה אננס תפוח גזר,Each,0.00,Each,false,,7.90,0.0000,true,1,27651
7290017888033,true,משקה בננה מלון נענע,,,משקה בננה מלון נענע,Each,0.00,Each,false,,7.90,0.0000,true,1,27652
7290017888095,false,"רביעיית פחיות שוופס מוגז עדין פירות יער 330 מ""ל.",יפאורה תבורי בעמ,IL,מארז 4יח שוופס מוגז עדין פ.יער 330מל פח,מיליליטרים,1320.00,"100 מ""ל",false,1,12.90,0.9773,true,1,28133
7290017888101,false,"שוויפס מוגז עדין אפרסק מארז רביעייה* 330 מ""ל",יפאורה תבורי בעמ,IL,מארז 4יח שוופס מוגז עדין אפרסק 330מל פח,מיליליטרים,1320.00,"100 מ""ל",false,1,12.90,0.9773,true,1,28132
7290017888644,true,משקה אננס בננה כורכו,,,משקה אננס בננה כורכו,Each,0.00,Each,false,,7.90,0.0000,true,1,32829
7290017888729,true,שוופס סודה 1 ליטר,,,שוופס סודה 1 ליטר,Each,0.00,Each,false,,3.90,0.0000,true,1,33355
7290017894010,false,מי קוקוס אורגני עם אננס גרין קוקו 1 ליטר,בן טרה ג'\וינט סטוק )בטר,LK,מי קוקוס אורני גרין קוקו עם אננס 1 לי,ליטרים,1.00,ליטר,false,12,19.90,19.9000,true,1,37096
7290017894027,false,מי קוקוס אורני גרין,בן טרה ג'וינט סטוק (,LK,מי קוקוס אורני גרין קוקו עם מנגו 1 לי,ליטרים,1.00,ליטר,false,12,19.90,19.9000,true,1,37097
7290017894089,false,קמח שיבולת שועל דגש 400 גרם,אף. סי תבליני הגליל,IL,דגש קמח שבולת שועל 500 גר,גרמים,500.00,100 גרם,false,12,19.90,3.9800,true,1,37103
7290017907208,false,תערובת קמח רב תכליתי לנמנעים מגלוטן,מנדלז סי.אר. פרודקשן,IL,תמי קמח תופח ללא גלוטן 500 גר,גרמים,300.00,100 גרם,false,12,18.90,6.3000,true,1,37861
7290017907215,false,קמח תמי למאפי שמרים ללא גלוטן 500 גרם,פוראטוס ישראל,IL,תמי קמח למאפי שמרים ללא גלוטן 500 גר,גרמים,300.00,100 גרם,false,12,18.90,6.3000,true,1,37862
7290017907222,false,תערובת קמח תופח לנמנעים מגלוטן,פוראטוס ישראל,IL,תמי קמח תופח ללא גלוטן 500 גר שקית,גרמים,300.00,100 גרם,false,12,18.90,6.3000,true,1,37866
7290017907239,false,תערובת תמי לעוגת שוקולד ללא גלוטן 450 גר,פוראטוס ישראל,IL,תמי תערובת לעוגת שוקולד ללג 450 גר,גרמים,450.00,100 גרם,false,12,18.90,4.2000,true,1,37863
7290017907246,false,סולת מאורז לנמנעים מגלוטן,פוראטוס ישראל,IL,תמי סולת ללא גלוטן 300 גר,גרמים,300.00,100 גרם,false,10,15.90,5.3000,true,1,37860
7290017907253,false,פתיתים מאורז לנמנעים מגלוטן,פוראטוס ישראל,IL,תמי פתיתים ללא גלוטן 300 גר,גרמים,300.00,100 גרם,false,10,15.90,5.3000,true,1,37864
7290017907260,false,תערובת להכנת כדורי פלאפל לנמנעים מגלוטן,פוראטוס ישראל,IL,תמי פלאפל ללא גלוטן 300 גר,גרמים,300.00,100 גרם,false,10,15.90,5.3000,true,1,37865
7290017917603,false,אולטרסול ספקטרום ספריי שקוף +50 200 מל,פישר מעבדות פרמצבטיות בע,IL,תחליב הגנה אולטרסול ספקטרום 200מל ספריי,מיליליטרים,200.00,"100 מ""ל",false,12,64.90,32.4500,true,1,32090
7290017917634,true,מארז זוג סבון אל דמע,,,מארז זוג סבון אל דמע,Each,0.00,Each,false,,29.90,0.0000,true,1,30353
7290017917665,false,קמיל בלו סנסיטיב אל סבון עדין לתינוק,פישר תעשיות,IL,מארז זוג אל סבון קמיל סנסטיב 750מל,מיליליטרים,1500.00,"100 מ""ל",false,1,29.90,1.9933,true,1,30354
7290017917764,true,קרם גוף אפקטיב קר מו,,,קרם גוף אפקטיב קר מו,Each,0.00,Each,false,,21.90,0.0000,true,1,34040
7290017918150,false,תפוח אדמה קטנים לאפי,חקלאי,IL,תפוח אדמה למיקרו חבילה,Unknown,0.00,Unknown,false,1,5.90,0.0000,true,1,36283
7290017918563,false,ערמונים קלויים קלופי,,,ערמונים קלויים קלופים 100 גרם,גרמים,100.00,100 גרם,false,1,5.90,5.9000,true,1,35921
7290017918570,false,פלפל מתוק ללא גלעינים,חקלאי,IL,פלפל ביס מתוק ארוז ביכואי שדה,Unknown,0.00,Unknown,false,1,10.00,0.0000,true,1,36694
7290017918723,false,סלק מבושל בוואקום 500 גר',אראל תוצרת חקלאית בע,IL,מעדן סלק 500 גרם,Unknown,0.00,Unknown,false,1,5.90,0.0000,true,1,36580
7290017918808,false,דלעת ארוזה-ביכורי שדה,ביכורי שדה דרום,IL,דלעת חתוכה ארוזה,קילוגרמים,1.00,"ק""ג",true,,11.90,11.9000,true,1,38088
7290017924007,true,מי קוקוס אורגניים 33,,,מי קוקוס אורגניים 33,Each,0.00,Each,false,,7.90,0.0000,true,1,32175
7290017924014,false,מארז ציפס תפוחי עץ כרם 4*22 גרם,זנגנינג ג'יניו אינדו,CN,מארז 1+5 חטיף תפוח עץ מיובש 22 גרם,Unknown,0.00,Unknown,false,96,15.90,0.0000,true,1,36993
7290017924205,false,דפי אורז יסמין שחור 375 גרם,,VN,דפי אורז יסמין שחור כרם 375 גרם,גרמים,375.00,100 גרם,false,24,12.90,3.4400,true,1,35775
7290017924212,false,דפי אורז חום כרם 375,,VN,דפי אורז חום כרם 375 גרם,גרמים,375.00,100 גרם,false,24,12.90,3.4400,true,1,35773
7290017924229,false,דפי אורז עם כורכום כ,,VN,דפי אורז עם כורכום כרם 375 גרם,גרמים,375.00,100 גרם,false,24,12.90,3.4400,true,1,35777
7290017924403,false,מי קוקוס אורגני עם ק,,,מי קוקוס אורגני עם קפה 330 מל קרט,מיליליטרים,330.00,"100 מ""ל",false,1,6.90,2.0909,true,1,34450
7290017924434,false,דפי אורז טריו כרם375,,VN,דפי אורז טריו כרם375 גרם,גרמים,375.00,100 גרם,false,24,12.90,3.4400,true,1,35774
7290017924458,false,אטריות אורז דקות עם כורכום 300 גרם,,VN,אטריות אורז ורמצילי דקות כורכום300גר,גרמים,300.00,100 גרם,false,24,12.90,4.3000,true,1,35781
7290017924465,false,אטריות אורז חום ורמצ,,VN,אטריות אורז חום ורמצילי דקות כרם300גרם,גרמים,300.00,100 גרם,false,24,12.90,4.3000,true,1,35782
7290017924489,false,מלח הימאליה בינוני כ,,PK,מלח הימאליה בינוני כרם 1 קג,קילוגרמים,1.00,"ק""ג",false,1,13.90,13.9000,true,1,40629
7290017924502,false,חמאת פיסטוק כרם 200 גרם,יעקוב יוסף,IL,חמאת פיסטוק כרם 200 גרם,גרמים,200.00,100 גרם,false,1,37.90,18.9500,true,1,39153
7290017924557,false,שבולת שועל עבה כרם ל,כרם תעשיות,IL,שבולת שועל עבה כרם ללא גלוטן 450 גרם,גרמים,450.00,100 גרם,false,18,18.90,4.2000,true,1,36994
7290017924694,false,עדשים אדומות אורגני 500 גרם,כרם תעשיות,IL,עדשים אדומות אורגניות כרם 500 גרם,גרמים,500.00,100 גרם,false,1,11.50,2.3000,true,1,39185
7290017924700,false,שעועית לבנה אורגני 500 גרם,כרם תעשיות,IL,שעועית לבנה אורגנית כרם 500 גרם,גרמים,500.00,100 גרם,false,1,10.90,2.1800,true,1,39210
7290017924717,false,בורגול עבה אורגני 500 גרם,כרם תעשיות,IL,בורגל עבה אורגני כרם 500 גרם,גרמים,500.00,100 גרם,false,1,8.90,1.7800,true,1,39186
7290017924724,false,גרגירי חומוס אורגני 500 גרם,כרם תעשיות,IL,חומוס אורגני כרם 500 גרם,גרמים,500.00,100 גרם,false,1,10.90,2.1800,true,1,39188
7290017924779,false,זרעי דוחן קלוםים אורגני 500 גרם,כרם תעשיות,IL,זרעי דוחן אורגני כרם 500 גרם,גרמים,500.00,100 גרם,false,1,10.90,2.1800,true,1,39189
7290017924793,false,זרעי פשתן חומים אורגני 500 גרם,כרם תעשיות,IL,זרעי פשתן חומים אורגני כרם 500 גרם,גרמים,500.00,100 גרם,false,1,10.90,2.1800,true,1,39191
7290017924816,false,קינואה לבנה מלאה אורגני 500 גרם,כרם תעשיות,IL,קינואה לבנה מלאה אורגנית כרם 500 גרם,גרמים,500.00,100 גרם,false,1,14.90,2.9800,true,1,39193
7290017924823,false,כוסמת אורגנית כרם 50,כרם תעשיות,IL,כוסמת אורגנית כרם 500 גרם,גרמים,500.00,100 גרם,false,1,11.50,2.3000,true,1,39194
7290017924885,false,קוואקר דק אורגני 400 גרם,כרם תעשיות,IL,שבולת שועל דקה אורגנית כרם 400 גרם,גרמים,400.00,100 גרם,false,1,8.90,2.2250,true,1,39197
7290017924915,false,טחינה מלאה כרם אוגני,הנסיך,IL,טחינה מלאה כרם אוגנית 450 גרם,גרמים,450.00,100 גרם,false,12,13.90,3.0889,true,1,40725
7290017925318,true,מארז 4יח בירה בלו מו,,,מארז 4יח בירה בלו מו,Each,0.00,Each,false,,39.90,0.0000,true,1,32764
7290017925967,false,"מאגדת רביעיה בירה מלכה 4*330 מ""ל","בירה מלכה בע""מ",IL,מארז 4יח בירה מלכה 330מל בק.פקדון,מיליליטרים,1320.00,"100 מ""ל",false,4,42.30,3.2045,true,1,50268
7290017928036,false,מקלות גריסיני שומשום מאיר בייגל 175 גרם,מאיר את בייגל,IL,מקלות גריסיני שומשום175 גרם מאיר בייגל,גרמים,175.00,100 גרם,false,15,11.90,6.8000,true,1,31096
7290017928043,false,מקלות גריסיני קראנץ' מלח מאיר בייגל 175 גרם,מאיר את בייגל,IL,מקלות גריסיני קרנץ מלח175 גר מאיר בייגל,גרמים,175.00,100 גרם,false,15,11.90,6.8000,true,1,31097
7290017928098,false,שטוחלה מלח מאיר בייגל 330 גרם,מאיר את בייגל,IL,בייגלה שטוחלה מלוח 330 ג מאיר בייגל,גרמים,330.00,100 גרם,false,15,11.90,3.6061,true,1,42705
7290017928210,false,בייגלה גדול שומשום מאיר בייגל 250 גרם,מאיר את בייגל,IL,בייגלה גדול שומשום 250 ג מאיר בייגל,גרמים,250.00,100 גרם,false,15,11.90,4.7600,true,1,31087
7290017928227,false,"בייגלה שטוח'לה פינוקים שומשום, קצח, שום ובצל",מאיר את בייגל,IL,בייגלה שטוחלה פינוקים 300 ג מאיר בייגל,גרמים,300.00,100 גרם,false,15,11.90,3.9667,true,1,31091
7290017928234,false,מאיר בייגל גריסיני ב,מאיר בייגל,IL,גריסיני בייטס בצל175 גר מאיר בייגל,גרמים,175.00,100 גרם,false,15,11.90,6.8000,true,1,31117
7290017928272,false,בייגלה שטוחל'ה PRO עם שומשום עשיר בחלבון,מאיר את בייגל,IL,בייגלה שטוח פרו שומשום 170ג מאיר בייגל,גרמים,170.00,100 גרם,false,15,11.90,7.0000,true,1,39817
7290017928432,false,מקלות גריסיני קראנץ' פרג מאיר בייגל 175 גרם,מאיר את בייגל,IL,מקלות גריסיני קרנץ פרג175 גר מאיר בייגל,גרמים,175.00,100 גרם,false,15,11.90,6.8000,true,1,31098
7290017928449,false,שטוחלה פרו מלח מאיר בייגל 170 גרם,מאיר את בייגל,IL,בייגלה שטוחלה פרו מלח 170 ג מאיר בייגל,גרמים,170.00,100 גרם,false,15,11.90,7.0000,true,1,31092
7290017928463,false,מאיר בייגל -סמאש-שבורים בטעם דבש חרדל ובצל 300 גרם,מאיר בייגל,BG,סמאש שיברי בייגלה דבש חרדל בצל300גר,גרמים,300.00,100 גרם,false,12,13.90,4.6333,true,1,37825
7290017928524,false,בייגלה שטוח ניגובים מלח 330 ג' מאיר בייגל,מאיר את בייגל,IL,בייגלה שטוח ניגובים מלוח 330 גרם,גרמים,330.00,100 גרם,false,15,11.90,3.6061,true,1,42702
7290017928609,false,בייגלה טבעות שומשום מאיר בייגל 300 גרם,מאיר את בייגל,IL,בייגלה טבעות שומשום 330 ג מאיר בייגל,גרמים,300.00,100 גרם,false,15,11.90,3.9667,true,1,31085
7290017928616,false,מאיר בייגל שטוחהלה שומשום 300 גר',מאיר את בייגל,IL,בייגלה שטוחלה שומשום 300 ג מאיר בייגל,גרמים,300.00,100 גרם,false,15,11.90,3.9667,true,1,31089
7290017928630,false,מקלות גריסיני קראנץ' פינוקים מאיר בייגל 175 גרם,מאיר את בייגל,IL,מקלות גריסיני קרנץ פינו175 גר מאיר בייגל,גרמים,175.00,100 גרם,false,15,11.90,6.8000,true,1,31099
7290017928661,false,מאיר בייגל -סמאש-שבורים בטעם צ'דר 300 גרם,מאיר בייגל,BG,סמאש שיברי בייגלה טעם צדר 300 גר,גרמים,300.00,100 גרם,false,12,13.90,4.6333,true,1,37826
7290017928685,false,בייגלה שמיניות מלוח מאיר בייגל 400 גרם.,מאיר את בייגל,IL,בייגלה שמיניות מלח 400 ג מאיר בייגל,גרמים,400.00,100 גרם,false,15,11.90,2.9750,true,1,42704
7290017928722,false,בייגלה שטוח ניגובים שומשום 300 ג' מאיר בייגל,מאיר את בייגל,IL,בייגלה שטוח ניגובים שומשום 330 גרם,גרמים,330.00,100 גרם,false,15,11.90,3.6061,true,1,42703
7290017928746,false,פירורי בייגלה מאיר בייגל 200 גרם,מאיר בייגל,IL,פרורי בייגלה 200 גר מאיר בייגל,גרמים,200.00,100 גרם,false,1,6.90,3.4500,true,1,47256
7290017928807,false,בייגלה אצבעות שומשום מאיר בייגל 300 גרם,מאיר את בייגל,IL,בייגלה אצבעות שומשום 300 ג מאיר בייגל,גרמים,300.00,100 גרם,false,15,11.90,3.9667,true,1,31086
7290017932088,true,תחתית אפויה לפאי גאל,,,תחתית אפויה לפאי גאל,Each,0.00,Each,false,,14.90,0.0000,true,1,33523
7290017932316,false,רוטב עגבניות לפסטה עם שמן זית 680 גר' דיניקולה,ג'יאובני פוד,US,רוטב פסטה דיניקולה עם שמן זית 680 ג,גרמים,680.00,100 גרם,false,12,16.90,2.4853,true,1,47799
7290017946368,false,שלישיית כדוריות סבון לאסלה אוקיינוס סוד 50 גרם,הנקל סוד,RS,מארז 3יח סבון אסלה סוד כדוריות אוקיינוס,יחידה,3.00,יחידה,false,1,14.90,4.9667,true,1,36705
7290017946542,false,סוד - מרכך כביסה מרוכז ורוד 1.80 ליטר,הנקל,TR,מרכך כביסה סוד מרוכז 1.8 ליטר שושן פראי,מיליליטרים,1800.00,"100 מ""ל",false,1,21.90,1.2167,true,1,35424
7290017946597,false,סוד - מרכך כביסה מרוכז זהב 1.80 ליטר,,,מרכך כביסה סוד מרוכז 1.8 ליטר זהב,מיליליטרים,1800.00,"100 מ""ל",false,1,21.90,1.2167,true,1,46487
7290017946740,false,סוד - מרכך כביסה מרוכז כחול 1.80 ליטר,,,מרכך כביסה סוד מרוכז 1.8 ליטר שמיים רענן,מיליליטרים,1800.00,"100 מ""ל",false,1,21.90,1.2167,true,1,35425
7290017946764,false,מנקה מכונת כביסה 150 גר K2R,הנקל Henkel,DE,מנקה מכונת כביסה 150גר,גרמים,150.00,100 גרם,false,6,15.90,10.6000,true,1,36704
7290017946795,false,כדוריות לאסלה Mail Checker סוד ביי ברף 50 ג',,IL,סבון אסלה כדוריות ברף ביי מייל צאקר 50גר,Unknown,0.00,Unknown,false,1,9.90,0.0000,true,1,39765
7290017946979,false,פרסיל גל לכביסה דיפ קלין מנטרל ריחות 2.4,"הנקל סוד בע""\מ",IL,גל כביסה פרסיל 2.4ליטר דיפ קלין,מיליליטרים,2400.00,"100 מ""ל",false,6,29.90,1.2458,true,1,37764
7290017946993,false,סבון אסלה כדוריות בר,,,סבון אסלה כדוריות ברף ביי קווין 50גר,Unknown,0.00,Unknown,false,1,9.90,0.0000,true,1,39766
7290017974002,false,רביולי 4 גבינות איי פוד 450 גרם,"אימפריאל הזרב פוד בע""מ",IL,רביולי 4 גבינות 450גרם,גרמים,450.00,100 גרם,false,12,15.90,3.5333,true,1,48824
7290017974132,false,"בלינצ'ס תפו""ע איי פוד 400 גרם",,IL,בלינצס תפוחי עץ 400גר,גרמים,400.00,100 גרם,false,16,15.90,3.9750,true,1,48813
7290017974255,false,קרפלך במילוי גבינה מתוקה איי פוד 600 גרם,,IL,קרפלך גבינה מתוקה 600 גרם,גרמים,600.00,100 גרם,false,12,22.90,3.8167,true,1,48821
7290017974583,false,רביולי בטטה איי פוד 450 גרם,אימפריאל רזרב פוד,IL,רביולי בטטה 450 גרם,גרמים,450.00,100 גרם,false,12,15.90,3.5333,true,1,48822
7290017974873,false,כיסונים למרק במילוי בשר הודו 750 גרם,"אימפריאל הזרב פוד בע""מ",IL,כיסונים למרק במילוי בשר והודו 750גר,גרמים,750.00,100 גרם,false,10,25.90,3.4533,true,1,48818
7290017974927,false,"בלינצ'ס תפו""א ופטריות איי פוד 400 גרם",אימפריאל רזרב פוד,IL,בלינצס תפוא פטריות 400גר,גרמים,400.00,100 גרם,false,16,15.90,3.9750,true,1,48812
7290018045084,false,BON&BON דגנים במילוי קרם בטעם בראוניז 480 גרם,monday,DE,דגני כריות בון בון במילוי בראוניז480 גרם,גרמים,480.00,100 גרם,false,14,18.90,3.9375,true,1,47203
7290018045497,false,בון בון דגנים במילוי קרם שוקולד 480 גרם,monday,DE,דגני כריות בון בון במילוי שוקולד 80 גרם,גרמים,480.00,100 גרם,false,14,18.90,3.9375,true,1,47201
7290018045695,false,BON&BON דגנים במילוי קרם קרמל מלוח 480 גרם,monday,DE,דגני כריות בון בון במילוי קרמל מלוח480גר,גרמים,480.00,100 גרם,false,14,18.90,3.9375,true,1,47202
7290018045893,false,בון בון דגנים במילוי קרם נוגט 480 גרם,monday,DE,דגני כריות בון בון במילוי נוגט 480 גרם,גרמים,480.00,100 גרם,false,14,18.90,3.9375,true,1,47200
7290018071205,false,כפפות ניטרו V כחולות אלסטיות S ללא אבקה 100 יחידות,סייף טאצ,CN,כפפות ניטרו וי כחולות סמול 100יח ל.אבקה,יחידה,100.00,יחידה,false,10,14.90,0.1490,true,1,39382
7290018071212,false,כפפות ניטרו V כחולות אלסטיות M ללא אבקה 100 יחידות,סייף טאצ,CN,כפפות ניטרו וי כחולות מדיום 100יח ל.אבקה,יחידה,100.00,יחידה,false,10,14.90,0.1490,true,1,39383
7290018071229,false,כפפות ניטרו V כחולות אלסטיות L ללא אבקה 100 יחידות,סייף טאצ,CN,כפפות ניטרו וי כחולות לארג 100יח ל.אבקה,יחידה,100.00,יחידה,false,10,14.90,0.1490,true,1,39384
7290018071236,false,כפפות ניטרו V כחולות אלסטיות XL ללא אבקה 100 יחידות,סייף טאצ,CN,כפפות ניטרו וי כחולות אקס אל100יח ל.אבקה,יחידה,100.00,יחידה,false,10,14.90,0.1490,true,1,39385
7290018071243,false,כפפות פלסטיק S שחורות אלסטיות 100 יחידות,איזי טאצ,CN,כפפות פלסטיק שחור אלסטי סמול ל.אבקה100יח,יחידה,100.00,יחידה,false,20,9.90,0.0990,true,1,38097
7290018071267,false,כפפות פלסטיק L שחורות אלסטיות 100 יחידות,איזי טאצ,CN,כפפות פלסטיק שחור אלסטי לארג ל.אבקה100יח,יחידה,100.00,יחידה,false,20,9.90,0.0990,true,1,38099
7290018071274,false,כפפות פלסטיק XL שחורות אלסטיות 100 יחידות,איזי טאצ,CN,כפפות פלסטיק שחור אלסטי אקסטרה ל.אבקה100,יחידה,100.00,יחידה,false,20,9.90,0.0990,true,1,38100
7290018091074,false,בצק עוגיות שוקולד צ'יפס 300 גרם מעדנות,תנובה מעדנות,IL,בצק עוגיות שוקולד ציפס 300גר מעדנות,גרמים,300.00,100 גרם,false,24,15.90,5.3000,true,1,49866
7290018091272,false,בצק עוגיות קקאו טריפל שוקולד צ'יפס 300 גרם מעדנות,תנובה מעדנות,IL,בצק עוגיות קקאו טריפל שוקולד ציפס 300גר,גרמים,300.00,100 גרם,false,24,15.90,5.3000,true,1,49867
7290018091432,false,בצק לאוזני המן 400 ג,,,בצק לאוזני המן 400 גרם מעדנות,גרמים,400.00,100 גרם,false,12,14.90,3.7250,true,1,37307
7290018091661,false,פיצה ירקות שוק מעדנות 380 גרם,"מעדנות בע""\מ",IL,פיצה ירקות שוק 380גר מעדנות,גרמים,380.00,100 גרם,false,9,21.90,5.7632,true,1,45690
7290018098578,false,המבורגר טבעונינ BEEF FREE,"אופק מן הטבע בע""\מ",IL,המבורגר טבעוני ביף פריי 230 גר,גרמים,230.00,100 גרם,false,8,21.90,9.5217,true,1,49076
7290018127032,true,חטיף DATE טבעות תמר,,,חטיף DATE טבעות תמר,Each,0.00,Each,false,,32.90,0.0000,true,1,29335
7290018127049,true,חטיף DATE תמר קקאו,,,חטיף DATE תמר קקאו,Each,0.00,Each,false,,32.90,0.0000,true,1,29333
7290018127179,false,חטיף תמר משמש 250 גר,רום גת,IL,חטיף תמר משמש 250 גרם DATE,גרמים,250.00,100 גרם,false,12,32.90,13.1600,true,1,40323
7290018127278,false,גרנולה קראנץ תמר תפו,"מאמא יארא בע""\מ",IL,גרנולה קראנץ תמר תפוח ללא גלוטן 250 גר,גרמים,250.00,100 גרם,false,1,22.90,9.1600,true,1,47174
7290018127285,false,גרנולה קראנ'ץ קינמון 250,"מאמא יארא בע""\מ",IL,גרנולה קראנץ קינמון ללא גלוטן 250 גר,גרמים,250.00,100 גרם,false,1,22.90,9.1600,true,1,47173
7290018127292,false,גרנולה קראנץ קלאסית250ג,"מאמא יארא בע""\מ",IL,גרנולה קראנץ קלאסית 250 גר,גרמים,250.00,100 גרם,false,1,22.90,9.1600,true,1,47172
7290018127452,true,ביסקוויט פתיבר 200 ג,,,ביסקוויט פתיבר 200 ג,Each,0.00,Each,false,,12.90,0.0000,true,1,32517
7290018127469,false,"ביסקוויט פתי בר בטעם שוקולד לל""ג 200 גרם",רום גת,IL,ביסקוויט פתיבר שוקולד 200 גר גלוטרי,גרמים,200.00,100 גרם,false,12,12.90,6.4500,true,1,32518
7290018127490,false,קראנצ'ונים ריבועים 200 ג,,IL,קראנצונים ריבועים פריכים למרק וסלט 200גר,גרמים,200.00,100 גרם,false,1,12.90,6.4500,true,1,38461
7290018131534,false,מאגדת מיני בייטס מילקה 201 גרם,שוורצקוף& הנקל דיסלד,PL,מאגדת מילקה מיני בייטס 3יח,יחידה,3.00,יחידה,false,8,16.90,5.6333,true,1,34703
7290018131756,false,מאגדת שלגון וניל מצופה תות נסטלה 440 גרם,גלידות נסטלה )נגה גלידות,IL,מאגדת שלגוני וניל מצופה תות 8יח 55גר,יחידה,8.00,יחידה,false,1,29.90,3.7375,true,1,37597
7290018131831,false,נסטלה מאגדת שלגון מילקה וניל חדש8 4*66ג,שוורצקוף& הנקל דיסלד,PL,מאגדת שלגון מילקה קראנצי 4יח,יחידה,4.00,יחידה,false,8,36.90,9.2250,true,1,49940
7290018131855,false,אקסטרים טילון בראוניז בדצ מאגדת 6*72 גרם נסטלה,גלידות נסטלה )נגה גלידות,IL,מאגדת טילון בראוניז אקסטרים 6 יחידות,יחידה,6.00,יחידה,false,1,35.90,5.9833,true,1,39011
7290018131879,false,אקסטרים טילון חלב בדצ מאגדת 6*72 גרם נסטלה,גלידות נסטלה )נגה גלידות,IL,מאגדת טילון ריבת חלב אקסטרים 6 יחידות,יחידה,6.00,יחידה,false,1,35.90,5.9833,true,1,39010
7290018131893,false,אקסטרים טילון פקאן מאגדת 6 יח 432 גרם,גלידות נסטלה )נגה גלידות,IL,מאגדת טילון פקאן אקסטרים 6 יחידות,יחידה,6.00,יחידה,false,1,35.90,5.9833,true,1,39009
7290018131930,false,מאגדת לה פרוטה בננה תמר פקאן נסטלה 325 גרם,גלידות נסטלה )נגה גלידות,IL,מאגדת לה פרוטה בננה תמר פקאן שוק5יח 70גר,יחידה,5.00,יחידה,false,1,29.90,5.9800,true,1,37596
7290018140048,false,נקניקיות צוריסוס טבע,ריינבו,IL,נקניקיות צוריסוס טבעוניות 4יח 400גר,גרמים,400.00,100 גרם,false,1,49.90,12.4750,true,1,36266
7290018140055,false,בורגר טבעוני פטריות 250ג,חמים וטעים,IL,בורגר פטריות טבעוני 2יח 250גר ריינבו,גרמים,250.00,100 גרם,false,1,24.90,9.9600,true,1,36264
7290018140062,false,בורגר BBQ גריל 2 יח' 250 גרם - ריינבו,חמים וטעים,IL,בורגר ברביקיו גריל טבעוני 2יח 250גר,גרמים,250.00,100 גרם,false,1,24.90,9.9600,true,1,36263
7290018140086,false,בורגר ספרדי טבעוני 2,,,בורגר ספרדי טבעוני 2יח 250גר,גרמים,250.00,100 גרם,false,1,24.90,9.9600,true,1,45645
7290018140345,false,נתחי סויה צורת כנפיי,,IL,נתחי סויה צורת כנפיים יובה 300גר ריינבו,גרמים,300.00,100 גרם,false,1,14.90,4.9667,true,1,39930
7290018140543,false,כמו בשר טחון 300 גרם,,FI,כמו בשר טחון 300גרם ריינבו,גרמים,300.00,100 גרם,false,1,29.90,9.9667,true,1,45200
7290018140611,false,נקניק.צוריסוס טבעוני300ג,ריינבו,IL,נקניקיות צוריסוס טבעוניות 3יח 300גר,גרמים,300.00,100 גרם,false,1,39.90,13.3000,true,1,45194
7290018140741,false,רצועות סויה סגנון בקר300,,FI,רצועות סויה בסגנון בקר 300גרם ריינבו,גרמים,300.00,100 גרם,false,1,29.90,9.9667,true,1,45201
7290018140949,false,רצועות סויה שווארמה300ג,,FI,רצועות סויה בסגנון שווארמה 300גרם ריינבו,גרמים,300.00,100 גרם,false,1,29.90,9.9667,true,1,45202
7290018165010,true,יין רזרב גוורצטרמינר,,,יין רזרב גוורצטרמינר,Each,0.00,Each,false,,45.00,0.0000,true,1,31624
7290018175002,false,פיתה מתנפחת ללא גלוטן300,,IL,מארז 3יח פיתה מתנפחת ללא גלוטן 330גר,גרמים,330.00,100 גרם,false,6,19.90,6.0303,true,1,37164
7290018175224,false,אצבעות בייגלה ירושלמי220,"מאמא יארא בע""\מ",IL,אצבעות בייגלה ירושלמי 220גר,גרמים,220.00,100 גרם,false,12,14.90,6.7727,true,1,47836
7290018198056,false,תפוגן קוביות תפוחי אדמה 9*1.5קג,עיצובים 2020 (4.5),IL,ציפס קוביות תפוגן 1.5קג,קילוגרמים,1.50,"ק""ג",false,1,24.90,16.6000,true,1,34930
7290018198209,false,צ'יפס בטטה קראנצ'י תפוגן 500 גרם,"תעשיות תפוגן בע""מ",IL,ציפס בטטה קראנצי 500גר תפוגן,גרמים,500.00,100 גרם,false,18,19.90,3.9800,true,1,37300
7290018198254,false,"תפוגן קריספי צ'יפס פוטטוס 1.25 ק""ג",עיצובים 2020 (4.5),IL,ציפס קריספי פוטטוס תפוגן 1.25קג,גרמים,1250.00,100 גרם,false,9,24.90,1.9920,true,1,45297
7290018198384,false,תפוגן צ'יפס קריספי פרוסות לתנור אסם 1.25 קג,"תעשיות תפוגן בע""מ",IL,ציפס קריספי פרוסות תפוגן 1.25קג,גרמים,1250.00,100 גרם,false,9,24.90,1.9920,true,1,46621
7290018236635,false,צ'ונגו-פופקורן מצופה עוף טוב 600 גרם,מוצרי עוף טוב (2001) בע\,IL,שניצל צונגו פופקורן מצופה 600 גר עוף טוב,גרמים,600.00,100 גרם,false,12,39.90,6.6500,true,1,37298
7290018237397,false,עוף טוב פסטרמה מקורמלת נתח שלם 8*300 גרם,מוצרי עוף טוב (2001) בע\,IL,פסטרמה מקורמלת 300גר נתח שלם עוף טוב,גרמים,300.00,100 גרם,false,8,26.90,8.9667,true,1,40856
7290018237489,false,פסטרמה ברביקיו דק דק עוף טוב 200 גרם,"עוף טוב (שאן) בע""מ",IL,פסטרמה ברביקיו דק דק 220גר עוף טוב,גרמים,220.00,100 גרם,false,8,18.90,8.5909,true,1,45595
7290018237502,false,עוף טוב כתף בקר דק-דק 200 גרם,"עוף טוב (שאן) בע""מ",IL,כתף בקר דק דק 200גר עוף טוב,גרמים,200.00,100 גרם,false,8,18.90,9.4500,true,1,45593
7290018237908,false,עוף טוב נקניקיות עסיסיות למנגל 400 גרם,עוף טוב,IL,נקניקיות עסיסיות למנגל 400גר עוף טוב,גרמים,400.00,100 גרם,false,1,15.00,3.7500,true,1,48614
7290018237922,false,שניצלונים ציפוי צ'יפס עוף טוב 700 גרם,מוצרי עוף טוב (2001) בע\,IL,שניצלונים עוף טוב בציפוי ציפס 700גר,גרמים,700.00,100 גרם,false,12,21.90,3.1286,true,1,48324
7290018237939,false,שניצלונים ציפוי שומשום עוף טוב 700 גרם,מוצרי עוף טוב (2001) בע\,IL,שניצלונים עוף טוב בציפוי שומשום 700גר,גרמים,700.00,100 גרם,false,12,21.90,3.1286,true,1,48323
7290018237960,false,עוף טוב כתף בקר עסיסי 265 גרם,עיצובים 2020 (4.9),IL,נקניק כתף בקר 265גר עוף טוב,גרמים,265.00,100 גרם,false,8,24.90,9.3962,true,1,49400
7290018237984,false,עוף טוב סלמי פפרוני פיקנטי מפולפל 320גרם,עיצובים 2020 (4.9),IL,נקניק סלמי פפרוני פיקנטי מפולפל320גר ע.ט,גרמים,320.00,100 גרם,false,8,24.90,7.7812,true,1,49399
7290018249550,false,אינסטנט פודינג שוקולד סוויטאנגו 55 גר,מתבל תעשיות מזון,IL,אינסטנט פודינג שוקולד ללס 55 גר,גרמים,55.00,100 גרם,false,12,11.90,21.6364,true,1,38326
7290018282748,false,מארז 3יח סבון נוזלי,,IL,מארז 3יח סבון נוזלי אסותא מעורב 500מל,מיליליטרים,1500.00,"100 מ""ל",false,8,10.90,0.7267,true,1,41111
7290018294192,false,"יין בלנד היינן אדום יבש 750 מ""ל p.c",כרמל מזרחי,IL,יין אדום יבש פי.סי 750 מל,מיליליטרים,750.00,"100 מ""ל",false,1,45.00,6.0000,true,1,46494
7290018294352,false,"ארק יקבי כרמל 700 מ""",יקבי כרמל Carmel Winery,ES,ערק כרמל 700מל 37.5%אלכוהול בק.פקדון,מיליליטרים,700.00,"100 מ""ל",false,12,59.90,8.5571,true,1,46694
7290018294369,false,"מיץ ענבים תירוש כרמל 700 מ""ל",יקבי כרמל Carmel Winery,IL,מיץ ענבים תירוש אדום 750 מל,מיליליטרים,700.00,"100 מ""ל",false,1,15.90,2.2714,true,1,50360
7290018294895,false,"יין מונלייט מוסקטו ורוד מבעבע 750 מ""ל",יקבי כרמל Carmel Winery,IL,יין מונלייט לבן חצי מתוק 750 מל,מיליליטרים,750.00,"100 מ""ל",false,12,40.00,5.3333,true,1,49870
7290018294901,false,"יין מונלייט אדום יבש 750 מ""ל כרמל",יקבי כרמל Carmel Winery,IL,יין מונלייט אדום יבש 750 מל,מיליליטרים,750.00,"100 מ""ל",false,12,40.00,5.3333,true,1,49869
7290018294918,false,מונלייט מוסקטו רוזה מתוק מבעבע 750מל,יקבי כרמל Carmel Winery,IL,יין מונלייט מוסקטו ורוד מבעבע 750 מל,מיליליטרים,750.00,"100 מ""ל",false,12,40.00,5.3333,true,1,49871
7290018296042,false,לחם טוסט אמריקה אגמי,מאפיית אגמי,IL,לחם טוסט אמריקה 500גר,גרמים,500.00,100 גרם,false,1,14.90,2.9800,true,1,44305
7290018296400,true,לחם בריאות ושובע 600,,,לחם בריאות ושובע 600,Each,0.00,Each,false,,14.90,0.0000,true,1,31542
7290018296608,true,לחם בריאות ושובע קל,,,לחם בריאות ושובע קל,Each,0.00,Each,false,,14.90,0.0000,true,1,31541
7290018296615,true,מארז 10 יח פיתה ביס,,,מארז 10 יח פיתה ביס,Each,0.00,Each,false,,16.90,0.0000,true,1,31545
7290018296653,false,לחם אחיד פלוס כוסמין מרובע 700גר,מאפיית אגמי,IL,לחם אחיד פלוס כוסמין מרובע 700גר חלי ממן,גרמים,700.00,100 גרם,false,1,18.50,2.6429,true,1,44306
7290018296806,true,לחם בריאות ושובע מוע,,,לחם בריאות ושובע מוע,Each,0.00,Each,false,,14.90,0.0000,true,1,31540
7290018296813,true,פיתה קלה ביס 10יח,,,פיתה קלה ביס 10יח,Each,0.00,Each,false,,14.90,0.0000,true,1,31544
7290018333075,false,"כרמית שלוקים [טרופית] ענבים 200 מ""ל",כרמית,IL,משקה טרופית 200מל,מיליליטרים,200.00,"100 מ""ל",false,1,1.50,0.7500,true,1,48493
7290018333686,false,גרנולה פרו 250 גרם עם פקאן וחמוציות,רפאלס,IL,גרנולה רפאלס פרו פקאן חמוציות250 גרם,גרמים,250.00,100 גרם,false,10,17.90,7.1600,true,1,49258
7290018333945,false,חטיף אגוזים רפאלס שקד ווניל בדצ 150 גר *12יח,כרמית תעשיות ממתקים,IL,חטיפי רפאלס אגוז שקד וניל 5 יח 150 גרם,גרמים,150.00,100 גרם,false,12,15.90,10.6000,true,1,40466
7290018333952,false,חטיף אגוזים רפאלס וחמוציות בדצ 150 גר *12יח,כרמית תעשיות ממתקים,IL,חטיפי רפאלס אגוז וחמוציות 5 יח 150 גרם,גרמים,150.00,100 גרם,false,12,15.90,10.6000,true,1,40467
7290018333969,false,חטיף גרנולה רפאלס שקדים וטחינה בדצ 150 גר *12יח,כרמית תעשיות ממתקים,IL,חטיפי רפאלס שקד וטחינה 5 יח 150 גר,גרמים,150.00,100 גרם,false,12,15.90,10.6000,true,1,40468
7290018333976,false,חטיף גרנולה רפאלס קשיו וקוקוס בדצ 150 גר *12יח,כרמית תעשיות ממתקים,IL,חטיפי רפאלס קשיו וקוקוס 5 יח 150 גר,גרמים,150.00,100 גרם,false,12,15.90,10.6000,true,1,40469
7290018338001,false,חלבון אפונה אורגני 200 גרם,תבואות,CN,חלבון אפונה אורגנית 200 גר,גרמים,200.00,100 גרם,false,12,24.90,12.4500,true,1,37636
7290018338032,false,"שמן זית אורגני 750 מ""ל",,,שמן זית אורגני 750 מל,מיליליטרים,750.00,"100 מ""ל",false,12,36.90,4.9200,true,1,37639
7290018338155,false,טחינה עם שום אורגנית לחיץ 300 גרם,תבואות,,טחינה אורגנית עם שום לחיץ 300 גר,גרמים,300.00,100 גרם,false,24,12.90,4.3000,true,1,37644
7290018338193,false,כורכום טחון אורגני 90 גרם,,IN,כורכום טחון אורגני 90 גר,Unknown,0.00,Unknown,false,12,12.90,0.0000,true,1,37803
7290018338216,false,פלפל שחור גרוס אורגני 80 גרם,,IN,פלפל שחור גרוס אורגני 80 גר,Unknown,0.00,Unknown,false,12,12.90,0.0000,true,1,37804
7290018338223,false,צילי אדום גרוס אורגני 75 גרם,,IN,צילי אדום גרוס אורגני 75 גר,Unknown,0.00,Unknown,false,12,12.90,0.0000,true,1,37805
7290018338230,false,קינמון טחון אורגני 90 גרם,,IN,קינמון טחון אורגני 90 גר גר,Unknown,0.00,Unknown,false,12,12.90,0.0000,true,1,37806
7290018338254,false,גינגר טחון אורגני 75 גרם,,IN,אבקת גינגר אורגני 75 גר,Unknown,0.00,Unknown,false,12,12.90,0.0000,true,1,37808
7290018338261,false,אבקת כוסברה אורגני 90 גרם,,IN,אבקת כוסבקה אורגני 90 גר,Unknown,0.00,Unknown,false,12,12.90,0.0000,true,1,37809
7290018338278,false,אבקת קארי אורגני 90 גרם,,IN,אבקת קארי אורגנית 90 גר,Unknown,0.00,Unknown,false,12,12.90,0.0000,true,1,37810
7290018338285,false,גראם מסאלה אורגני 90 גרם,,IN,גאראם מסאלה אורגני 90 גר,Unknown,0.00,Unknown,false,12,12.90,0.0000,true,1,37811
7290018338292,false,מולסה אורגנית נטול ג,,CZ,מולסה אורגנית נטול גופרית 500גר תבואות,מיליליטרים,500.00,"100 מ""ל",false,12,26.90,5.3800,true,1,38272
7290018338322,false,שמן קנולה אורגני 1 ליטר,,IT,שמן קנולה אורגני כבישה קרה 1 לי,ליטרים,1.00,ליטר,false,6,22.90,22.9000,true,1,37640
7290018338339,false,שמן חמניות אורגני 1 ליטר,,IT,שמן חמניות אורגני כבישה קרה 1 לי,ליטרים,1.00,ליטר,false,6,22.90,22.9000,true,1,37641
7290018338353,false,"שמן פשתן אורגני 250 מ""ל",גו אנד קו,IT,שמן פשתן אורגני כבישה קרה 250 מל,מיליליטרים,250.00,"100 מ""ל",false,6,18.90,7.5600,true,1,37642
7290018338384,false,אריתריטול ממתיק 310ג,,CN,ממתיק אריתריטול 310 גרם,גרמים,310.00,100 גרם,false,12,15.90,5.1290,true,1,38332
7290018338513,false,מיץ תפוחים צלול אורגני 1 ליטר,תבואות,IL,מיץ תפוחים צלול אורגני 1 לי,ליטרים,1.00,ליטר,false,6,17.90,17.9000,true,1,46786
7290018338537,false,מיץ פירות אדומים מעורבים אורגני 1 ליטר,תבואות,IL,מיץ פירות אדומים מעורבים אורגני 1 לי,ליטרים,1.00,ליטר,false,6,18.90,18.9000,true,1,46787
7290018338544,false,פסטה פוזילי כוסמין ל,פוד סרויס,IT,פסטה פוזילי כוסמין לבן אורגני 500 גר,גרמים,500.00,100 גרם,false,16,13.90,2.7800,true,1,46535
7290018338551,false,פסטה פנה מקמח כוסמין,פוד סרויס,IT,פסטה פנה כוסמין לבן אורגני 500 גר,גרמים,500.00,100 גרם,false,16,13.90,2.7800,true,1,46537
7290018338568,false,ספגטי מקמח כוסמין לב,פוד סרויס,IT,ספגטי מקמח כוסמין לבן אורגני 500 גר,גרמים,500.00,100 גרם,false,16,13.90,2.7800,true,1,46538
7290018338629,false,פנה חומוס וכרכום אור,,,פנה חומוס וכרכום אורגני 250 גר,גרמים,250.00,100 גרם,false,6,14.90,5.9600,true,1,45125
7290018338841,false,מיץ תפוחים קינמון וגינגר אורגני 1 ליטר,תבואות,IL,מיץ תפוחים וקינמון גינגר אורגני 1 לי,ליטרים,1.00,ליטר,false,6,16.90,16.9000,true,1,46788
7290018338919,false,צאי מסאלה אורגני 37.5 גרם,,LK,תה צאי מסלה אורגני 25 שקיקים,יחידה,25.00,יחידה,false,12,12.90,0.5160,true,1,48464
7290018338957,false,מחית תפוח אוכמניות רימון אורגני 100 גרם,תבואות,IT,מחית תפוח אוכמניות רימון אורגני 100 גר,גרמים,100.00,100 גרם,false,18,4.90,4.9000,true,1,47706
7290018338964,false,מחית תפוח אורגני 100 גרם,תבואות,IT,מחית תפוח אורגני 100 גר,גרמים,100.00,100 גרם,false,18,4.90,4.9000,true,1,47707
7290018338971,false,מחית שזיף אורגני 100 גרם,תבואות,IT,מחית שזיף אורגני 100 גר,גרמים,100.00,100 גרם,false,18,4.90,4.9000,true,1,50441
7290018338988,false,מחית תפוח אננס קוקוס אורגני 100 גרם,תבואות,IT,מחית תפוח אננס קרם קוקוס אורגני 100 גר,גרמים,100.00,100 גרם,false,18,4.90,4.9000,true,1,47705
7290018345023,true,שניצל מן הצומח 380 ג,,,שניצל מן הצומח 380 ג,Each,0.00,Each,false,,24.90,0.0000,true,1,33350
7290018345047,true,שווארמה מן הצומח 300,,,שווארמה מן הצומח 300,Each,0.00,Each,false,,24.90,0.0000,true,1,33349
7290018345061,true,ממרח טבעוני בטעם חמא,,,ממרח טבעוני בטעם חמא,Each,0.00,Each,false,,14.90,0.0000,true,1,34059
7290018359495,false,תירס מהשדה בלי תוספת סוכר יכין 550 גרם,היינץ צפון אמריקה מק,IL,תירס יכין מהשדה ללא תוספת סוכר 550 גרם,גרמים,550.00,100 גרם,false,1,9.90,1.8000,true,1,38036
7290018359518,false,תירס מהשדה בלי תוספת סוכר יכין מארז 200X3 גר',היינץ צפון אמריקה מק,IL,מארז 3 יח תירס יכין מהשדה ללא תוספת סוכר,גרמים,600.00,100 גרם,false,1,14.90,2.4833,true,1,38037
7290018359556,false,תירס מהשדה בלי תוספת סוכר יכין 400 גרם,היינץ צפון אמריקה מק,IL,תירס יכין מהשדה ללא תוספת סוכר 400 גרם,גרמים,400.00,100 גרם,false,1,6.90,1.7250,true,1,50177
7290018359570,false,שעועית צ'ילי הקטניה הטובה יכין 3*200 גרם,זנלכל,,מארז 3 יח שעועית צילי קטניה טובה200 גר,גרמים,600.00,100 גרם,false,1,13.90,2.3167,true,1,38932
7290018359587,false,חומוס הקטניה הטובה יכין מארז 3*200 גר,זנלכל,IL,מארז 3 יח חומוס מבושל קטניה טובה200 גר,גרמים,600.00,100 גרם,false,1,13.90,2.3167,true,1,38931
7290018359679,false,הקיסרית-שעועית לימה יכין 550 גרם,קריות זול,IL,שעוית לימה הקיסרית יכין 550 גרם,גרמים,550.00,100 גרם,false,1,9.90,1.8000,true,1,50780
7290018359686,false,יכין חומוס גדול 550 גר A2,היינץ צפון אמריקה מק,IL,גרגירי חומוס הקיסריה ענק יכין 550 גרם,גרמים,550.00,100 גרם,false,1,9.90,1.8000,true,1,50779
7290018359716,false,רוטב עגבניות פיצה טוסקנה 240 גרם יכין,"זנלכל בע""\מ",IL,רוטב פיצה טוסקנה יכין 240 גר,גרמים,240.00,100 גרם,false,1,5.90,2.4583,true,1,38473
7290018359853,false,עדשים שחורות יכין 400 גרם,"זנלכל בע""מ",IL,עדשים שחורות יכין מבושלות 400 גרם,גרמים,400.00,100 גרם,false,12,6.90,1.7250,true,1,50844
7290018359938,false,"רוטב עגבניות לשקשוקה יכין, 400 גרם",זנלכל,IL,רוטב לשקשוקה יכין 400 גרם,גרמים,400.00,100 גרם,false,12,11.90,2.9750,true,1,50845
7290018359952,false,רוטב עגבניות לפסטה יכין 400 גרם,זנלכל,IL,רוטב לפסטה יכין 400 גרם,גרמים,400.00,100 גרם,false,12,11.90,2.9750,true,1,50847
7290018359969,false,רוטב עגבניות לפיצה יכין 400 גרם,זנלכל,IL,רוטב לפיצה יכין 400 גרם,גרמים,400.00,100 גרם,false,12,11.90,2.9750,true,1,50846
7290018367322,false,שומשום בטעם רוטב סויה 100 גרם,,TW,שומשום בטעם רוטב סויהי 100 גרם,גרמים,100.00,100 גרם,false,24,18.90,18.9000,true,1,38562
7290018367346,false,שומשום בטעם וואסבי 100 גרם,Flavor full foods in,TW,שומשום בטעם וואסבי 100 גרם,גרמים,100.00,100 גרם,false,24,18.90,18.9000,true,1,38561
7290018394021,false,ח.תקוע פטריות מלך היער,חוות פטריות תקוע,CN,פטריות מלך היער תקוע,Unknown,0.00,Unknown,false,1,13.90,0.0000,true,1,39591
7290018394076,false,שום שחור תקוע 60 גרם,FOODS YOKID QINGADO,CN,שום שחור תקוע 60 גרם,גרמים,200.00,100 גרם,false,1,29.90,14.9500,true,1,45578
7290018394083,false,שופ פנינה חוות תקוע 200 גרם,FOODS YOKID QINGADO,IL,שום פנינה תקוע 200 גרם,גרמים,200.00,100 גרם,false,1,11.90,5.9500,true,1,40643
7290018394113,false,דואט פטריות שי-מג'י חוות תקוע,,IL,דואט פטריות שימגי לבן וחום תקוע,Unknown,0.00,Unknown,false,1,19.90,0.0000,true,1,47981
7290018400005,false,בורגרים מן הצומח 227 גרם,ג'\י סי אל פוד אינגרידיא,GB,בורגרים מן הצומח 227גר מיטלס,גרמים,227.00,100 גרם,false,1,25.90,11.4097,true,1,39429
7290018400456,false,סמודיז עם פיטאיה סנפרוסט 300 גר,סנפרוסט,,סמוטיז פיטאיה 300 גרם קפוא סנפרוסט,גרמים,300.00,100 גרם,false,1,15.90,5.3000,true,1,47708
7290018400623,false,פסטה בולונז 350 גרם,תנובה ב.ע.ד,IL,פסטה בולונז 350 גרם תנובה שף,גרמים,350.00,100 גרם,false,12,24.90,7.1143,true,1,38067
7290018402740,false,רביולי פטריות איי פוד 450 גרם,"אימפריאל הזרב פוד בע""מ",IL,רביולי פיטריות 450גרם,גרמים,450.00,100 גרם,false,12,15.90,3.5333,true,1,48823
7290018440193,false,פליפז בייגלה בציפוי קרם בטעם חמאת בוטנים מקוויטיס 140 גרם,שוורצקוף& הנקל דיסלד,TR,בייגלה פליפז חמאת בוטנים 140 גרם,גרמים,140.00,100 גרם,false,1,8.90,6.3571,true,1,37204
7290018440209,false,פליפז בייגלה בציפוי פאדג' לבן מקוויטיס 140 גרם,שוורצקוף& הנקל דיסלד,TR,בייגלה פליפז פאדג לבן 140 גרם,גרמים,140.00,100 גרם,false,1,8.90,6.3571,true,1,37205
7290018440223,false,תה צ'אי מסאלה 25 שקיקים ויסוצקי,תה ויסוצקי,IL,תה צאי מסאלה 25 שקיקים 2 גרם,יחידה,25.00,יחידה,false,8,17.90,0.7160,true,1,45406
7290018440230,false,תה צ'אי ורדים 25 שקיקים ויסוצקי,תה ויסוצקי,IL,תה צאי ורדים 25 שקיקים 2 גרם,יחידה,25.00,יחידה,false,8,17.90,0.7160,true,1,45408
7290018440247,false,תה צ'אי שקדים0 25 שקיקים ויסוצקי,תה ויסוצקי,IL,תה צאי שקדים 25 שקיקים 2 גרם,יחידה,25.00,יחידה,false,8,17.90,0.7160,true,1,45407
7290018440254,false,תה צ'אי קרמל מלוח 25 שקיקים ויסוצקי,תה ויסוצקי,IL,תה צאי וקרמל מלוח 25 שקיקים 2 גרם,יחידה,25.00,יחידה,false,8,17.90,0.7160,true,1,45409
7290018440384,false,תה ירוק מאטה לימון נענע ויסוצקי 25 יחידות,תה ויסוצקי,IL,תה ירוק מאטה לימון נענע 25 שק,יחידה,25.00,יחידה,false,1,24.90,0.9960,true,1,42695
7290018440391,false,תה ירוק מאטה נענע גוארנה ויסוצקי 25 יחידות,תה ויסוצקי,IL,תה ירוק מאטה נענע גוארנה 25 שק,יחידה,25.00,יחידה,false,1,24.90,0.9960,true,1,42696
7290018440407,false,תה ירוק מאטה קקאו לוז ויסוצקי 25 יחידות,תה ויסוצקי,IL,תה ירוק מאטה קקאו לוז 25 שק,יחידה,25.00,יחידה,false,1,24.90,0.9960,true,1,42694
7290018440438,false,Calvo טונה בשמן זית פתיחה קלה 3 * 65 גרם,"קאלוו קונסרבס ס.ל.יו. ,",ES,מארז 3 יח טונה קאלוו בשמן זית 65 גרם,גרמים,195.00,100 גרם,false,20,22.90,11.7436,true,1,48570
7290018440445,false,טונה קאלוו בשמן זית 160 גר,"קאלוו קונסרבס ס.ל.יו. ,",ES,טונה קאלוו בשמן זית 160 גרם,גרמים,160.00,100 גרם,false,25,17.90,11.1875,true,1,48572
7290018440476,false,פליפז בייגלה מצופה בקרם עוגת גבינה ותותים מקוויטיס 140 גרם,אולקר מקבוצת פלאדיס,TR,בייגלה פליפז קרם עוגיות ותותים 140 גרם,גרמים,140.00,100 גרם,false,1,8.90,6.3571,true,1,40069
7290018440483,false,פליפז בייגלה מצופה בקרמל מלוח ושוקולד מקוויטיס 140 גרם,שוורצקוף& הנקל דיסלד,TR,בייגלה פליפז קרמל מלוח 140 גרם,גרמים,140.00,100 גרם,false,1,8.90,6.3571,true,1,40068
7290018440490,false,סלט טונה קאלוו עם קוסקוס 150 גר,"קאלוו קונסרבס ס.ל.יו. ,",ES,סלט טונה קאלוו קוסקוס 150 גרם,גרמים,150.00,100 גרם,false,24,14.90,9.9333,true,1,48576
7290018440513,false,סלט קליפורנייה קאלוו עם טונה 150 גר,"קאלוו קונסרבס ס.ל.יו. ,",ES,סלט טונה קאלוו קליפורניה 150 גרם,גרמים,150.00,100 גרם,false,24,14.90,9.9333,true,1,48574
7290018440520,false,סלט טונה קאלוו מקסיקני 150 גר,"קאלוו קונסרבס ס.ל.יו. ,",ES,סלט טונה קאלוו מקסיקני 150 גרם,גרמים,150.00,100 גרם,false,24,14.90,9.9333,true,1,48575
7290018440896,false,הגן הקסום חליטה ג'ינגר כורכום ויסוצקי 25 יח,תה ויסוצקי,IL,תה גן הקסום גינגר וכורכום 25 שקיקים,יחידה,25.00,יחידה,false,1,19.50,0.7800,true,1,46824
7290018468302,false,נקניקיה טבעונית בסגנון מרגז טירת צבי 400 ג,טירת צבי - מדף,IL,נקניקיה צמחית בסגנון מרגז 400גר,גרמים,400.00,100 גרם,false,10,36.90,9.2250,true,1,48868
7290018468319,false,נקניקיה טבעונית בסגנון צוריסוס טירת צבי 400 גרם,טירת צבי,IL,נקניקיה צמחית בסגנון צוריסוס 400גר,גרמים,400.00,100 גרם,false,10,36.90,9.2250,true,1,48867
7290018468326,false,נקניקיה טבעונית בסגנון אמריקאי טירת צבי 400 גרם,טיב טירת צבי 2000,IL,נקניקיה צמחית בסגנון אמריקאי 400גר,גרמים,400.00,100 גרם,false,10,36.90,9.2250,true,1,48869
7290018468401,false,פסטרמה צמחונית בטעם גריל 100 גר טירת צבי,טיב טירת צבי 2000,IL,פסטרמה צמחונית 120גרם בטעם גריל טירת צבי,גרמים,120.00,100 גרם,false,36,15.90,13.2500,true,1,50182
7290018468418,false,פסטרמה צמחונית טעם מפולפל 120 גרם טירת צבי,טיב טירת צבי 2000,IL,פסטרמה צמחונית 120גר טעם מפולפל טירת צבי,גרמים,120.00,100 גרם,false,36,15.90,13.2500,true,1,50183
7290018468425,false,נקניק טבעוני בטעם פיקנטי 100 גרם טירת צבי,טיב טירת צבי 2000,IL,נקניק טבעוני 100גרם בטעם פיקנטי טירת צבי,גרמים,100.00,100 גרם,false,36,15.90,15.9000,true,1,50181
7290018468432,false,נקניק טבעוני בטעם מעושן 100 גרם טירת צבי,טיב טירת צבי 2000,IL,נקניק טבעוני 100גרם בטעם מעושן טירת צבי,גרמים,100.00,100 גרם,false,36,15.90,15.9000,true,1,50180
7290018471029,false,"סודה בטעם לימון - מארז 6 בקבוקים 500 מ""ל",יפאורה תבורי בעמ,IL,מארז שישיית סודה שוופס לימון 500 מל,ליטרים,3.00,ליטר,false,1,15.90,5.3000,true,1,36553
7290018471111,false,שוופס ליים מוחיטו 330 מל זכוכית,יפאורה שותפות מובגלת,IL,משקה שוופס מוגז עדין ליים מוחיטו 330 מל,מיליליטרים,330.00,"100 מ""ל",false,1,6.90,2.0909,true,1,38286
7290018471128,false,"ספרינג שייק אננס מנגו פסיפלורה זכוכית 330 מ""ל","יפאורה תבורי בע""\מ",IL,שייק פירות ספרינג 330מל אננס מנגו בק.פקד,מיליליטרים,330.00,"100 מ""ל",false,1,6.90,2.0909,true,1,40370
7290018471135,false,"ספרינג שייק בננה תמר תפוז זכוכית 330 מ""ל","יפאורה תבורי בע""\מ",IL,שייק פירות ספרינג 330מל בננה תמר בק.פקד,מיליליטרים,330.00,"100 מ""ל",false,1,6.90,2.0909,true,1,40371
7290018471142,false,"ספרינג שייק בננה אננס קוקוס פירות יער זכוכית 330 מ""ל","יפאורה תבורי בע""\מ",IL,שייק פירות ספרינג 330מל בננה אננס בק.פקד,מיליליטרים,330.00,"100 מ""ל",false,1,6.90,2.0909,true,1,40372
7290018471197,false,פרוט & ווג' תפוח בננה מלון נענע 1 ליטר,פרוט אנד וג' Fruit & Veg,IL,משקה פרוט אנד ווג 1ליטר תפוח בננה מלון,ליטרים,1.00,ליטר,false,1,13.90,13.9000,true,1,38644
7290018471227,false,מים פרוט וואטר תות מ,יפאורה,,מים פרוט וואטר תות מי קוקוס 1.5 ליטר,ליטרים,1.50,ליטר,false,1,8.60,5.7333,true,1,39662
7290018471401,false,משקה פרוט& ווג' אננס בננה כורכום 1 ליטר,פרוט אנד וג' Fruit & Veg,IL,משקה פרוט אנד ווג 1ליטר אננס בננה כורכום,ליטרים,1.00,ליטר,false,1,13.90,13.9000,true,1,38645
7290018471449,false,קרטונית ספרינג שייק בננה תמר תפוז 1 ליטר,"יפאורה תבורי בע""\מ",IL,שייק פירות ספרינג 1ליטר בננה תמר תפוז,ליטרים,1.00,ליטר,false,1,12.90,12.9000,true,1,40368
7290018471456,false,קרטונית ספרינג שייק אננס מנגו פסיפלורה 1 ליטר,"יפאורה תבורי בע""\מ",IL,שייק פירות ספרינג 1ליטר אננס מנגו פסיפלו,ליטרים,1.00,ליטר,false,1,12.90,12.9000,true,1,40369
7290018471463,false,תפוזינה נקטר תפוז מנגו קרטונית 1 ליטר,"יפאורה תבורי בע""\מ",IL,נקטר תפוזינה תפוז מנגו 1ליטר קרטונית,ליטרים,1.00,ליטר,false,1,7.50,7.5000,true,1,39330
7290018471470,false,תפוזינה נקטר תפוז פסיפלורה קרטונית 1 ליטר,"יפאורה תבורי בע""\מ",IL,נקטר תפוזינה תפוז פסיפלורה 1ליטר קרטונית,ליטרים,1.00,ליטר,false,1,7.50,7.5000,true,1,39331
7290018471494,false,תפוזינה משקה תפוז גזר קרטונית 1 ליטר,"יפאורה תבורי בע""\מ",IL,משקה תפוזינה תפוז גזר 1ליטר קרטונית,ליטרים,1.00,ליטר,false,1,7.50,7.5000,true,1,39332
7290018471548,false,"רביעיית ספרינג ענבים 250 מ""ל","יפאורה תבורי בע""\מ",IL,מארז 4יח ספרינג 250מל ענבים,מיליליטרים,1000.00,"100 מ""ל",false,1,12.90,1.2900,true,1,38639
7290018471616,false,שוופס אינדיאן טוניק 1 ליטר,"יפאורה תבורי בע""\מ",IL,משקה שוופס אינדיאן טוניק 1ליטר,ליטרים,1.00,ליטר,false,1,9.90,9.9000,true,1,39659
7290018471661,false,מארז תפוזינה ענבים 0.5 ליטר*4 יח',"יפאורה תבורי בע""\מ",IL,מארז 4יח תפוזינה ענבים 500מל בק. פקדון,מיליליטרים,2000.00,"100 מ""ל",false,1,14.90,0.7450,true,1,39324
7290018471678,false,רביעיית תפוזינה תפוזים 0.5 ליטר,"יפאורה תבורי בע""\מ",IL,מארז 4יח תפוזינה תפוזים 500מל בק. פקדון,מיליליטרים,2000.00,"100 מ""ל",false,1,14.90,0.7450,true,1,39323
7290018471685,false,מארז תפוזינה לימונענע 0.5 ליטר*4 יח',"יפאורה תבורי בע""\מ",IL,מארז 4יח תפוזינה לימונענע500מל בק. פקדון,מיליליטרים,2000.00,"100 מ""ל",false,1,14.90,0.7450,true,1,39325
7290018471906,false,שוופס מוגז פירות לימונדה ורודה 1.5 ליטר פיקדון,"יפאורה תבורי בע""\מ",IL,שוופס מוגז פירות לימונדה ורודה1.5ל פקדון,ליטרים,1.50,ליטר,false,1,9.90,6.6000,true,1,46347
7290018471920,false,שוופס מוגז פירות ענבים 1.5 ליטר פיקדון,"יפאורה תבורי בע""\מ",IL,שוופס מוגז פירות ענבים 1.5ליטר ב. פקדון,ליטרים,1.50,ליטר,false,1,9.90,6.6000,true,1,46349
7290018471937,false,שוופס מוגז פירות תות ליים 1.5 ליטר פיקדון,"יפאורה תבורי בע""\מ",IL,שוופס מוגז פירות תות ליים 1.5ליטר פקדון,ליטרים,1.50,ליטר,false,1,9.90,6.6000,true,1,46350
7290018471944,false,שוופס מוגז פירות לימונייד 1.5 ליטר פיקדון,"יפאורה תבורי בע""\מ",IL,שוופס מוגז פירות לימונייד 1.5ליטר פקדון,ליטרים,1.50,ליטר,false,1,9.90,6.6000,true,1,46351
7290018471951,false,שוופס מוגז פירות אשכולית אדומה 1.5 ליטר פיקדון,"יפאורה תבורי בע""\מ",IL,שוופס מוגז פירות אשכולית אדומה1.5ל פקדון,ליטרים,1.50,ליטר,false,1,9.90,6.6000,true,1,46352
7290018493052,false,"ד""ר פישר - אפקטיב קר קרם ידיים מועשר בשמן אבוקדו 100 מ""ל",פישר מעבדות פרמצבטיות,IL,קרם ידיים אפקטיב קר מועשר 100מל אבוקדו,מיליליטרים,100.00,"100 מ""ל",false,12,11.90,11.9000,true,1,37998
7290018493069,false,"אפקטיב קר קרם ידייםמועשר בשמן כותנה ד""ר פישר 100 מ""ל",פישר מעבדות פרמצבטיות,IL,קרם ידיים אפקטיב קר מועשר 100מל כותנה,מיליליטרים,100.00,"100 מ""ל",false,12,11.90,11.9000,true,1,37999
7290018493700,false,"סבון ידיים ויטמינים לילדים כחול 500 מ""ל ד""ר פישר",פישר תעשיות פרמצבטיות בע,IL,סבון ידיים קידס ויטמינים 500מל כחול,מיליליטרים,500.00,"100 מ""ל",false,9,7.90,1.5800,true,1,44310
7290018493717,false,"סבון ידיים ויטמינים לילדים ורוד מסטיק 500 מ""ל ד""ר פישק",פישר תעשיות פרמצבטיות בע,IL,סבון ידיים קידס ויטמינים 500מל ורוד מסטי,מיליליטרים,500.00,"100 מ""ל",false,9,7.90,1.5800,true,1,44312
7290018493748,false,"ד""ר פישר - מגבונים להסרת איפור אקסטרה סופט 30 יח' * 3",פישר מעבדות פרמצבטיות בע,IL,מארז 3יח מגבוני אפקטיב קר להסרת איפור 30,יחידה,90.00,יחידה,false,12,22.90,0.2544,true,1,44476
7290018507445,false,שניצים רצועות חזה עוף,תנובה גליל שותפות מוגבלת,IL,רצועות חזה עוף ציפוי פריך 600גר מאמא עוף,גרמים,600.00,100 גרם,false,10,47.90,7.9833,true,1,47431
7290018516041,false,פרמיו דליקט עוף לחתול,פרמיו Premio,CN,פרמיו דליקט עוף 56 גר,גרמים,56.00,100 גרם,false,12,9.90,17.6786,true,1,49353
7290018516065,false,פרמיו דליקט טונה וסלמון לחתול,פרמיו Premio,CN,פרמיו דליקט טונה וסלמון 56 גר,גרמים,56.00,100 גרם,false,12,9.90,17.6786,true,1,49354
7290018516324,false,פאוץ' פרינוק תפוח עץ עם שיבולת שועל 120 גרם,פרוטה פודווין איי.אס,CZ,פאוץ פרינוק תפוח שבולת שועל 120 גרם,גרמים,120.00,100 גרם,false,1,5.90,4.9167,true,1,39787
7290018516331,false,פאוץ' פרינוק תפוח בננה ושיבולת שועל 120 גרם,פרוטה פודווין איי.אס,CZ,פאוץ פרינוק תפוח בננה.ש.שועל 120 גרם,גרמים,120.00,100 גרם,false,1,5.90,4.9167,true,1,39788
7290018516348,false,מחית פרינוק פאוץ' שיבולת שועל סלט פירות 120 גרם,פרוטה פודווין איי.אס,CZ,פאוץ פרינוק סלט פירות.ש.שועל 120 גרם,גרמים,120.00,100 גרם,false,1,5.90,4.9167,true,1,39789
7290018516355,false,מחיט תפוח עץ ושבולות שועל 190 ג' פרינוק גוניור,פרוטה פודווין איי.אס,CZ,מחית פרינוק גוניור תפוע ש.שו190 ג שלב 3,גרמים,190.00,100 גרם,false,24,5.90,3.1053,true,1,46835
7290018516362,false,מחיט תפוח עץ בננה ושבולות שועל 190 ג' פרינוק גוניור,פרוטה פודווין איי.אס,CZ,מחית פרינוק גוניור תפוע בננ ש.שו190 ג 3,גרמים,190.00,100 גרם,false,24,5.90,3.1053,true,1,46836
7290018516379,false,מחיט סלט פירות ושבולות שועל 190 ג' פרינוק גוניור,פרוטה פודווין איי.אס,CZ,מחית פרינוק סלט פירות ש.שועל 190גר,גרמים,190.00,100 גרם,false,24,5.90,3.1053,true,1,46837
7290018516393,false,פרמיו סופרים מיקס לחתול,פרמיו Premio,DE,פרמיו סופרים מיקס 3 קג,קילוגרמים,3.00,"ק""ג",false,3,59.90,19.9667,true,1,49344
7290018516560,false,פרמיו דליקט עוף וסרט,סאטורן,DE,דליקט עוף וסרטנים פרמיו 56 גר,גרמים,110.00,100 גרם,false,12,9.90,9.0000,true,1,50128
7290018516577,false,פרמיו דליקט עוף לחתלתול 56 גר',,DE,דליקט עוף לחתלתול פרמיו 56 גר,גרמים,110.00,100 גרם,false,12,9.90,9.0000,true,1,50129
7290018516591,false,הורייזן מחית בשר עוף 90 גרם,סאטורן,DE,מחית בשר עוף הורייזן 90 גר,גרמים,110.00,100 גרם,false,10,9.90,9.0000,true,1,50131
7290018516607,false,הורייזן מחית בשר טונה 90 גרם,סאטורן,DE,מחית בשר טונה הורייזן 90 גר,גרמים,110.00,100 גרם,false,10,9.90,9.0000,true,1,50132
7290018516614,false,הורייזן מחית בשר סלמון 90 גרם,סאטורן,DE,מחית בשר סלמון הורייזן 90 גר,גרמים,110.00,100 גרם,false,10,9.90,9.0000,true,1,50133
7290018516621,false,הורייזן מחית בשר דג זהבון לחתלתול 90 גרם,סאטורן,DE,מחית בשר דג זהבון הורייזן 90 גר,גרמים,110.00,100 גרם,false,10,9.90,9.0000,true,1,50134
7290018516737,false,פרמיו סופרים עוף וכב,,,פרמיו סופרים עוף ובקר לחתול 3 קג,קילוגרמים,3.00,"ק""ג",false,3,59.90,19.9667,true,1,50110
7290018516744,false,פרמיו סופרים עוף וסל,,,פרמיו סופרים עוף וסלמון לחתול 3 קג,קילוגרמים,3.00,"ק""ג",false,3,59.90,19.9667,true,1,50111
7290018516751,false,פרמיו סופרים עוף לחת,,,פרמיו סופרים עוף וסלמון לחתולתול 3 קג,קילוגרמים,3.00,"ק""ג",false,3,59.90,19.9667,true,1,50112
7290018516799,false,פטה עוף וכבד לחתול בוגר פרמיו 400 ג,,,פרמיו פטה עוף וכבד לחתול בוגר 400גר,גרמים,400.00,100 גרם,false,12,5.90,1.4750,true,1,50143
7290018516805,false,פרמיו פטה עוף לחתול,,,פרמיו פטה עוף לחתול בוגר 400גר,גרמים,400.00,100 גרם,false,12,5.90,1.4750,true,1,50144
7290018516829,false,פרמיו סלמון לחתול בוגר במרקם פטה 400 ג,,,פרמיו סלמון לחתול בוגר במרקם פטה 400גר,גרמים,400.00,100 גרם,false,12,5.90,1.4750,true,1,50141
7290018516836,false,פרמיו סטרילייז סלמון,,,סטרילייז סלמון לחתול הוגר פרמיו 400גר,גרמים,400.00,100 גרם,false,12,5.90,1.4750,true,1,50145
7290018516867,false,פרמיו עוף ואורז לכלכ,,IT,פרמיו סלמון ואורז פטה לכלב בוגר 400 גר,גרמים,400.00,100 גרם,false,12,5.90,1.4750,true,1,50136
7290018516874,false,פטה בקר ואורז לכלב ב,,IT,פרמיו בקר ואורז פטה לכלב בוגר 400 גר,גרמים,400.00,100 גרם,false,12,5.90,1.4750,true,1,50137
7290018516942,false,"פרמיו סופרים עופות לכלב בוגר 3 ק""ג",פרמיו Premio,,פרמיו סופרים עופות לכלב בוגר 3 קג,קילוגרמים,3.00,"ק""ג",false,3,49.90,16.6333,true,1,50114
7290018516959,false,"פרמיו סופרים עופות לכלב מגזע ננסי 3 ק""ג",פרמיו Premio,,פרמיו סופרים עופות לכלב ננסי 3 קג,קילוגרמים,3.00,"ק""ג",false,3,49.90,16.6333,true,1,50113
7290018516966,false,פרמיו סופרים עופות לכלב בוגר,פרמיו Premio,,פרמיו סופרים בקר לכלב בוגר 3 קג,קילוגרמים,3.00,"ק""ג",false,3,49.90,16.6333,true,1,50115
7290018593004,false,פטה שקדים טבעי 200 גרם -פלנטי (חדש),פלנטי,IL,בסגנון פטה שקדים טבעי 200גר פלנטי,גרמים,200.00,100 גרם,false,1,32.90,16.4500,true,1,37368
7290018593011,false,פטה שקדים עשבי תיבול 200 גרם,פלנטי,IL,בסגנון פטה שקדים עשבי תיבול 200גר פלנטי,גרמים,200.00,100 גרם,false,1,32.90,16.4500,true,1,37369
7290018593035,false,כמוצרלה קשיו 200 גרם - פלנטי (חדש),פלנטי,IL,כמוצרלה קשיו 200 גרם פלנטי,גרמים,200.00,100 גרם,false,1,24.90,12.4500,true,1,38346
7290018593059,false,אגוזנו בסגנון פיקנטי 100 גרם,פלנטי,IL,בסגנון פרמזן אגוזנו 115גרם פלנטי,גרמים,115.00,100 גרם,false,1,23.90,20.7826,true,1,38344
7290018593066,false,אגוזנו בסגנון פרמזן 100 גרם,,IL,אגוזנו עשבי תיבול 115גרם פלנטי,גרמים,115.00,100 גרם,false,1,23.90,20.7826,true,1,38345
7290018593080,false,קשיו צ'דר 200 גרם - פלנטי,פלנטי,IL,קשיו צדר 200גר פלנטי,גרמים,200.00,100 גרם,false,1,25.90,12.9500,true,1,40330
7290018593097,false,גבנצ קשיו 200גר פלנט,,,גבנצ קשיו 200גר פלנטי,גרמים,200.00,100 גרם,false,1,23.90,11.9500,true,1,40329
7290018593110,false,רביולי גבינות שקדים וקשיו 400 גרם - פלנטי,פלנטי,IL,רביולי גבינות גב.שקדים וקשיו 400גר פלנט,גרמים,400.00,100 גרם,false,1,34.90,8.7250,true,1,39928
7290018593127,false,רביולי תרד גבינות 400גרם,פלנטי,IL,רביולי תרד גב. שקדים וקשיו 400גר פלנט,גרמים,400.00,100 גרם,false,1,34.90,8.7250,true,1,39929
7290018593134,false,רביולי בטטה גבינות שקדים וקשיו 400 גרם - פלנטי,,,רביולי בטטה גב.שקדים וקשיו 400גר פלנט,גרמים,400.00,100 גרם,false,1,34.90,8.7250,true,1,39927
7290018593202,false,שיוגורט מעדן שקדים 1,פלנטי,IL,שיוגורט מעדן שקדים 160גר פלנטי,גרמים,160.00,100 גרם,false,1,10.00,6.2500,true,1,49387
7290018593233,false,גבינאטס טבעי - ממרח שקדים בסגנון גבינה לבנה 240 גרם - פלנטי,פלנטי,IL,גבינאטס טבעי ממרח שקדים בסגנון גב.לבנה,גרמים,240.00,100 גרם,false,1,18.90,7.8750,true,1,49385
7290018593240,false,גבינאטס זיתים - ממרח שקדים בסגנון גבינה לבנה 240 גרם - פלנטי,פלנטי,IL,גבינאטס זיתים ממרח שקדים בסגנון גב.לבנה,גרמים,240.00,100 גרם,false,1,18.90,7.8750,true,1,49373
7290018593257,false,גבינאטס שום שמירממרח,פלנטי,IL,גבינאטס שום שמירממרח שקדים סגנון גב.לבנה,גרמים,240.00,100 גרם,false,1,18.90,7.8750,true,1,49386
7290018593301,false,קשיו כמהין חצי קשה טבעוני פלנטי 200 גרם,פלנטי,IL,קשיו כמהין חצי קשה 200גר פלנטי,גרמים,200.00,100 גרם,false,1,28.90,14.4500,true,1,50456
7290018641439,false,אוק אנד אש - ערק אשכולית אדומה מוגז,,IL,ערק אוק אנד אש אשכולית אדומה מוגז 330מל,מיליליטרים,330.00,"100 מ""ל",false,24,16.90,5.1212,true,1,49155
7290018641446,false,אוק אנד אש - ערק לימונדה מוגז,,IL,ערק אוק אנד אש לימונדה מוגז 330מל בק.פקד,מיליליטרים,330.00,"100 מ""ל",false,24,16.90,5.1212,true,1,49156
7290018652039,false,לה קרמריה קרמל מלוח ונוגט בדצ 6*1.4 ליטר,גלידות נסטלה )נגה גלידות,IL,גלידה לה קרמריה קרמל מלוח נוגט 1.4 ליטר,מיליליטרים,1400.00,"100 מ""ל",false,1,18.90,1.3500,true,1,39012
7290018652213,false,מאגדת חטיפי גלידה קראנץ בר 41X6 גרם,פרונרי איטליה,IT,מאגדת קראנץ בר 6יח,יחידה,6.00,יחידה,false,1,19.90,3.3167,true,1,47419
7290018652671,false,"לה קרמריה שוקולד וניל 1.4 ליטר [תו אי""ל]",גלידות נסטלה,IL,גל. לה קרמריה שוקו וניל תו איל 1.4ליטר,מיליליטרים,1400.00,"100 מ""ל",false,1,18.90,1.3500,true,1,47413
7290018652688,false,לה קרמריה פירות טרופיים ופירות יער נסטלה 700 גרם,גלידות נסטלה,IL,גל. לה קרמריה טרופי ופירות אדומים 1.4ליט,מיליליטרים,1400.00,"100 מ""ל",false,1,18.90,1.3500,true,1,47414
7290018652886,false,שלגונים בשומן צמחי בטעמי שוקו ובננה מצופים צימקאו,גלידות נסטלה,IL,מאגדת 8יח שוקו בננה שלגונים נסטלה,יחידה,8.00,יחידה,false,1,29.90,3.7375,true,1,49919
7290018652909,false,מאגדת מאגנום קפה שוקולד ופקאן 5 *43 ג' נסטלה,גלידות נסטלה,IL,מאגדת פרוייקט סער אספרסו שוקולד 5יח,יחידה,5.00,יחידה,false,1,32.90,6.5800,true,1,47420
7290018652923,false,פרוייקט סער-תות עוגת גבינה נסטלה 5*43 גרם,גלידות נסטלה,IL,מאגדת פרוייקט סער תות עוגת גבינה 5יח,יחידה,5.00,יחידה,false,1,32.90,6.5800,true,1,47421
7290018652947,false,קראנץ ליבת נוגט+אורז תפוח כלפ28*100ג,גלידות נסטלה,IL,שלגון קראנץ פיסטוק,יחידה,1.00,יחידה,false,1,10.00,10.0000,true,1,49111
7290018677070,false,"קרם קוקוס אורגני 330 מ""ל",בראנץ'\ אוף בן טרה אימפו,VN,קרם קוקוס אורגני 330מל טטרה פק 18%שומן,גרמים,330.00,100 גרם,false,1,10.90,3.3030,true,1,40028
7290018677124,false,גרנולה קראנצ'י חמוציות ודובדבנים ללא גלוטן וללא תוספת סוכר נוטרה זן-300 גרם,נוטרה זון,CZ,גרנולה קראנצי חמוציות ל.גלוטן סוכר300ג,גרמים,300.00,100 גרם,false,12,22.90,7.6333,true,1,41080
7290018677148,false,גרנולה קראנצ'י שוקולד וקוקוס ללא גלוטן וללא תוספת סוכר נוטרה זן-300 גרם,,CZ,גרנולה קראנצי שוקולד ל.גלוטן סוכר300ג,גרמים,300.00,100 גרם,false,12,22.90,7.6333,true,1,41081
7290018677155,false,"תערובת קמחים רב תכליתי לל""ג 500 גרם",נוטרה זון,IT,תערובת קמחים רב תכליתי ל.ג 500גר פאניריה,גרמים,500.00,100 גרם,false,1,19.90,3.9800,true,1,40023
7290018677162,false,"תערובת קמחים רב תכליתי לל""ג 500 גרם",נוטרה זון,IT,תערובת רב תכליתית ל.ג. בסיס עמילן 500גר,גרמים,500.00,100 גרם,false,1,19.90,3.9800,true,1,40024
7290018681602,false,זרעי ציה אורגני כרם 650 גרם,,PE,זרעי ציה אורגני כרם 650 גרם,גרמים,650.00,100 גרם,false,6,29.90,4.6000,true,1,45749
7290018681619,false,זרעי ציה אורגני כרם 300 גרם,,PE,זרעי ציה אורגני כרם 300 גרם,גרמים,300.00,100 גרם,false,12,19.90,6.6333,true,1,45750
7290018681701,false,"סירופ מייפל אורגני כרם 1 ק""ג",,CA,סירופ מייפל 100% טהור כרם 1 ל,גרמים,1.00,100 גרם,false,12,79.90,7990.0000,true,1,45756
7290018681756,false,קמח 4 דגנים כרם 1 קג,עץ השדה,,קמח 4 דגנים כרם 1 קג,קילוגרמים,1.00,"ק""ג",false,1,13.90,13.9000,true,1,46579
7290018681763,false,גרנולה שוקולד כרם 444 גרם,,IL,גרנולה כרם שוקולד444 גרם צנצנת,גרמים,444.00,100 גרם,false,12,16.90,3.8063,true,1,45760
7290018681770,false,גרנולה שקדים כרם 444 גרם,,IL,גרנולה כרם שקדים 444 גרם צנצנת,גרמים,444.00,100 גרם,false,12,16.90,3.8063,true,1,45761
7290018681787,false,גרנולה עשירה כרם 444 גרם,,IL,גרנולה כרם עשירה 444 גרם צנצנת,גרמים,444.00,100 גרם,false,12,16.90,3.8063,true,1,45762
7290018720011,false,ביסקוויט קרנבל חיות בטעם וניל 250 ג' מעדני מלך,הגביע מוצרי וופלים,IL,ביסקויט קרנבל חיות מעדני המלך 250 ג,גרמים,250.00,100 גרם,false,12,6.90,2.7600,true,1,39922
7290018720028,false,קרנבל אותיות ביסקוויט בטעם חמאה 250 ג' מעדני מלך,הגביע מוצרי וופלים,IL,ביסקויט קרנבל אותיות מעדני המלך 250 ג,גרמים,250.00,100 גרם,false,12,6.90,2.7600,true,1,39923
7290018720059,false,WOK פרורי פנקו מוזהבים בסגנון יפני 250 גר',"י.א ברמן בע""מ-מאפיית",IL,פירורי לחם פנקו מוזהב 250 גרם,גרמים,250.00,100 גרם,false,12,7.90,3.1600,true,1,40617
7290018720103,false,"אפיפיות וופל בטעם שוקו לל""ס הדר 250 גרם","א.ג גילרו בע""\מ",IL,ופל אפיפית ללא סוכר טעם שוקו 250 גרם,גרמים,250.00,100 גרם,false,1,8.90,3.5600,true,1,45518
7290018720110,false,מעדני המלך- יאמי עוגיות ממולאות בקרם אגוזים 30% 150 גרם,"הגביע מוצרי ופלים בע""\מ",IL,עוגיות יאמי מילוי קרם אגוזים 150 גרם,גרמים,150.00,100 גרם,false,1,6.90,4.6000,true,1,45551
7290018720127,false,עוג.יאמי ממולא ק.שמנת150,"הגביע מוצרי ופלים בע""\מ",IL,עוגיות יאמי מילוי קרם שמנת 150 גרם,גרמים,150.00,100 גרם,false,1,6.90,4.6000,true,1,45552
7290018720134,false,ערק לימונים 750 מל,,,ערק לימונים 750 מל,מיליליטרים,750.00,"100 מ""ל",false,12,75.00,10.0000,true,1,45174
7290018720158,false,ערק אשכוליות 750 מל,,,ערק אשכוליות 750 מל,מיליליטרים,750.00,"100 מ""ל",false,12,75.00,10.0000,true,1,45175
7290018720189,false,מעדני מלך-ביסקוויט קסטה בטעם שוקו 200 גרם,הגביע,IL,ביסקויט קסטה מעדני המלך 200 גרם,גרמים,200.00,100 גרם,false,12,5.50,2.7500,true,1,50503
7290018720219,false,פצפוצי אורז ללא סוכר מעדני מלך 250 גרם,אשבל מזון פונקציונלי,IL,פיצפוצי אורז ל.ס מעדני המלך 250 גרם,גרמים,250.00,100 גרם,false,12,10.90,4.3600,true,1,50502
7290018720226,false,פצפוצי אורז מעדני מלך 250 גרם,אשבל מזון פונקציונלי,IL,פיצפוצי אורז מעדני המלך 250 גרם,גרמים,250.00,100 גרם,false,12,10.90,4.3600,true,1,50501
7290018724002,false,"זרעי פשתן טחון ""נטורלה"" 300 גרם",,,זרעי פשתן טחון נטורלה 300 גר,גרמים,300.00,100 גרם,false,16,12.90,4.3000,true,1,39081
7290018724408,false,דגני נוגט ללג נטורלה,"נטורלה גטרנק בע""מ",IL,דגני נוגט ללג נטורלה 375 גר,גרמים,375.00,100 גרם,false,10,19.90,5.3067,true,1,51381
7290018724415,false,דגני בראוניז ללג נטו,"נטורלה גטרנק בע""מ",IL,דגני בראוניז ללג נטורלה 375 גר,גרמים,375.00,100 גרם,false,10,19.90,5.3067,true,1,51382
7290018724422,false,דגני קינמון ללג נטור,"נטורלה גטרנק בע""מ",IL,דגני קינמון ללג נטורלה 375 גר,גרמים,375.00,100 גרם,false,10,19.90,5.3067,true,1,51383
7290018724514,false,מחית תפוחי עץ נטורלה,,,מחית תפוחי עץ נטורלה ללג/ללס 90גר,Unknown,0.00,Unknown,false,12,5.90,0.0000,true,1,51379
7290018724545,false,מחית תפוע בננה תות נ,,,מחית תפוע בננה תות נטורלה ללג/סוכר 90גר,גרמים,145.00,100 גרם,false,12,5.90,4.0690,true,1,51380
7290018724606,false,סודה לשתייה לא אלומיניום 350 גרם,,IL,סודה לשתיה ללא אלומיניום 350 גר,גרמים,350.00,100 גרם,false,24,14.90,4.2571,true,1,39077
7290018752708,false,מארז שוקולתמר במילוי חמאת שקדים 120 גרם,,IL,מארז שוקולתמר במילוי חמאת שקדים 120ג,גרמים,120.00,100 גרם,false,12,14.90,12.4167,true,1,46801
7290018752715,false,מארז שוקולתמר במילוי,,,מארז שוקולתמר במילוי חמאת אגוזים 120ג,גרמים,120.00,100 גרם,false,12,14.90,12.4167,true,1,46802
7290018752722,false,מארז שוקולתמר במילוי חמאת בוטנים 120 גרם,,IL,מארז שוקולתמר במילוי חמאת בוטנים 120ג,גרמים,120.00,100 גרם,false,12,14.90,12.4167,true,1,46803
7290018752739,false,שוקולדתמר+חמאת קוקוס120ג,,IL,מארז שוקולתמר במילוי חמאת קוקוס 120ג,גרמים,120.00,100 גרם,false,12,14.90,12.4167,true,1,46804
7290018752753,false,מארז שוקולתמר נטו 12,,,מארז שוקולתמר נטו 120 גר,גרמים,120.00,100 גרם,false,12,14.90,12.4167,true,1,46806
7290018792841,false,אבקת קקאו טבעי גאנה 150 גר,אברמוביץ עזר קקאו וש,IL,קקאו גאנה 100% טבעי דל שומן 150 גרם,גרמים,150.00,100 גרם,false,18,11.90,7.9333,true,1,48686
7290018792858,false,אבקת קקאו טבעי 500 גרם,,GH,קקאו גאנה 100% טבעי דל שומן 500 גרם,גרמים,500.00,100 גרם,false,12,27.90,5.5800,true,1,48687
7290018823002,false,מלפפון בייבי אורגני,,,מלפפון בייבי אורגני,Unknown,0.00,Unknown,false,1,11.90,0.0000,true,1,46646
7290018823200,false,עגבניות שרי אורגניות,,,עגבניות שרי אורגניות,Unknown,0.00,Unknown,false,1,13.90,0.0000,true,1,46644
7290018823408,false,פלפל סוויט בייט אורג,,,פלפל סוויט בייט אורגני,Unknown,0.00,Unknown,false,1,11.90,0.0000,true,1,46648
7290018835005,false,אקסטרה צ'יפס אורז חום מלא מלח פלפל שמן זית 60 גרם,נוהלס ג'י אס סי.,BG,ציפס אורז חום מלח פלפל שמן זית 60 גרם,Unknown,0.00,Unknown,false,24,6.90,0.0000,true,1,49250
7290018860991,false,אטריות ביצים רחבות 400 גרם,xiamen zhongshi impo,CN,אטריות נודלס רחבות 400 גרם,גרמים,400.00,100 גרם,false,30,9.90,2.4750,true,1,50102
7290018878170,false,אגו שוקולד מריר 60% מוצקי קקאו 2*100גר,כרמית תעשיות ממתקים,IL,זוג שוקולד אגו 60% מריר 100 גם,גרמים,200.00,100 גרם,false,24,10.90,5.4500,true,1,49259
7290018879658,false,שוקולד צ'יפס מריר 45% כרמית 250 גרם,כרמית,IL,שוקולד ציפס 45% קקאו 250גר כרמית,גרמים,250.00,100 גרם,false,1,11.90,4.7600,true,1,47257
7290018893005,true,בייגלה צוקטה שטוח חר,אלקה קו,RO,בייגלה צוקטה שטוח חרדל ודבש 160 גרם,גרמים,160.00,100 גרם,false,12,6.90,4.3125,true,1,45379
7290018893258,false,צ'וקטה עוגות אישיות במילוי קרם קרמל ובציפוי בטעם שוקולד 300 גרם,פרדי קונדיטוריה אס.פ,IT,עוגה אישית צוקטה קרמל 10 יח 300 גר,גרמים,300.00,100 גרם,false,12,12.90,4.3000,true,1,40993
7290018893456,false,צ'וקטה עוגות אישיות במילוי קרם ובציפוי בטעם שוקולד 300 גרם,"פרדי קונדיטוריה אס,פי.אי",IT,עוגה אישית צוקטה חלב 10 יח 300 גר,גרמים,300.00,100 גרם,false,12,12.90,4.3000,true,1,40992
7290018893517,true,בייגלה צוקטה שטוח מצ,אלקה קו,RO,בייגלה צוקטה שטוח מצופה שוקולד מריר80גר,Unknown,0.00,Unknown,false,16,6.90,0.0000,true,1,47254
7290018893654,true,בייגלה צוקטה שטוח עם,אלקה קו,RO,בייגלה צוקטה שטוח עם מלח 200 גרם,גרמים,200.00,100 גרם,false,12,6.90,3.4500,true,1,45221
7290018893715,true,בייגלה צוקטה שטוח מצ,אלקה קו,RO,בייגלה צוקטה שטוח מצופה שוקולד חלב80גר,Unknown,0.00,Unknown,false,16,6.90,0.0000,true,1,47253
7290018893807,false,צוקטה בטעם שוקולד מריר 60% 3 יח' 300 גרם,אייברקקאו אס אי. יו,ES,מארז3יח שוקולד צוקטה 60% מריר 100 גרם,גרמים,300.00,100 גרם,false,1,12.90,4.3000,true,1,45219
7290018893852,true,בייגלה צוקטה שטוח עם,אלקה קו,RO,בייגלה צוקטה שטוח עם שומשום 200 גרם,גרמים,200.00,100 גרם,false,12,6.90,3.4500,true,1,45220
7290018893876,false,עוגות אישיות רכות עם מילוי קרם בטעם וניל,פרדי קונדיטוריה אס.פ,IT,עוגה אישית צוקטה וניל 10 יח 200 גר,גרמים,200.00,100 גרם,false,16,12.90,6.4500,true,1,40994
7290018894200,false,בלקוני וופל קוביות וניל 250 גרם,בלקוני Balconi,IT,ופל בלקוני קוביות קרם וניל 250 גרם,גרמים,250.00,100 גרם,false,12,11.90,4.7600,true,1,47552
7290018921029,false,"ד""ר פישר - קמיל בלו מגבוני סנסיטיב 64 יח' * 4",פישר מעבדות פרמצבטיות בע,IL,מארז 4יח מגבוני קמיל בלו סנסטיב 64יח,יחידה,256.00,יחידה,false,1,21.90,0.0855,true,1,44471
7290018921166,false,קמיל אל סבון להזנת העור מועשר באצות-ים 1 ליטר,פישר מעבדות פרמצבטיות בע,IL,אל סבון היגיני קלין אנד נוריש אצות ים 1ל,ליטרים,1.00,ליטר,false,8,13.90,13.9000,true,1,44474
7290018921265,false,"תחליב רחצה מועשר בתמצית אלוורה 700 מ""ל אפקטיב קר",פישר מעבדות פרמצבטיות בע,IL,תחליב רחצה אפקטיב קר מועשר אלוורה 700מל,מיליליטרים,700.00,"100 מ""ל",false,12,12.90,1.8429,true,1,46763
7290018921654,false,"ד""ר פישר - אפקטיב קר תחליב רחצה תמצית לוונדר 700 מ""ל",פישר מעבדות פרמצבטיות בע,IL,תחליב רחצה אפקטיב קר מועשר בלבנדר 700מל,מיליליטרים,700.00,"100 מ""ל",false,12,12.90,1.8429,true,1,46760
7290018921753,false,קמיל אל סבון היגייני לניקוי יסודי מועשר בלחות 1 ליטר,פישר תעשיות,IL,אל סבון היגיני קלין אנד נוריש ורדים 1ליט,ליטרים,1.00,ליטר,false,8,13.90,13.9000,true,1,44475
7290018925003,false,מיץ סחוט תפוח דובדבן750מ,פרימור,IL,מיץ תפוח דובדבן 750מל פרימור,מיליליטרים,750.00,"100 מ""ל",false,6,12.90,1.7200,true,1,48422
7290018925065,false,מיץ פרימור תפוזים סחוט 2 ליטר-,"גניר (1992) בע""מ",IL,משקה פרימור תפוזים סחוט 2ליטר פקדון,ליטרים,2.00,ליטר,false,4,26.90,13.4500,true,1,46477
7290018925072,false,משקה קל לימונים ונענע 2 ל פרימור,"גניר (1992) בע""מ",IL,משקה פרימור לימונים ונענע 2ליטר פקדון,ליטרים,2.00,ליטר,false,4,26.90,13.4500,true,1,46476
7290018949009,false,גרופר משקה קל מוגז אורגני תפוזזה 330 מ,מיקס קווידזון,IL,משקה קל גרופר תפוזזה אורגני 330מל,מיליליטרים,330.00,"100 מ""ל",false,12,8.90,2.6970,true,1,49176
7290018949023,false,"גרופר משקה קל מוגז אורגני לימוננ 330 מ""ל",מיקס קווידזון,IL,משקה קל גרופר לימונדה אורגני 330מל,מיליליטרים,330.00,"100 מ""ל",false,12,8.90,2.6970,true,1,49175
7290019056034,false,שוופס מוגז פירות אננס ללא סוכר 1.5 ליטר פיקדון,"יפאורה תבורי בע""מ",IL,שוופס מוגז פירות אננס ל.סוכר 1.5ל פקדון,ליטרים,1.50,ליטר,false,1,8.90,5.9333,true,1,46354
7290019056041,false,שוופס מוגז פירות לימונייד ללא סוכר 1.5 ליטר פיקדון,"יפאורה תבורי בע""מ",IL,שוופס מוגז פירות לימוני ל.סוכר1.5ל פקדון,ליטרים,1.50,ליטר,false,1,8.90,5.9333,true,1,46355
7290019056058,false,שוופס מוגז עדין תפוח ליים 1.5 ליטר פיקדון,"יפאורה תבורי בע""\מ",IL,משקה שוופס מוגז עדין תפוח ליים1.5ל פקדון,ליטרים,1.50,ליטר,false,1,8.90,5.9333,true,1,46335
7290019056065,false,שוופס מוגז עדין פירות יער 1.5 ליטר פיקדון,"יפאורה תבורי בע""\מ",IL,משקה שוופס מוגז עדין פ. יער 1.5ל פקדון,ליטרים,1.50,ליטר,false,1,8.90,5.9333,true,1,46336
7290019056072,false,שוופס מוגז עדין אננס 1.5 ליטר פיקדון,"יפאורה תבורי בע""מ",IL,משקה שוופס מוגז עדין אננס 1.5ל פקדון,ליטרים,1.50,ליטר,false,1,8.90,5.9333,true,1,46337
7290019056089,false,שוופס מוגז עדין ענבי ריזלינג 1.5 ליטר פיקדון,"יפאורה תבורי בע""\מ",IL,משקה שוופס מוגז עדין ע.ריזלינג1.5ל פקדון,ליטרים,1.50,ליטר,false,1,8.90,5.9333,true,1,46338
7290019056096,false,שוופס מוגז עדין אפרסק 1.5 ליטר פיקדון,"יפאורה תבורי בע""\מ",IL,משקה שוופס מוגז עדין אפרסק 1.5ל פקדון,ליטרים,1.50,ליטר,false,1,8.90,5.9333,true,1,46339
7290019056164,false,שוופס סודה 1.5 ליטר רביעייה פיקדון,"יפאורה תבורי בע""\מ",IL,מארז 4יח סודה שוופס 1.5ליטר בק.פקדון,ליטרים,6.00,ליטר,false,1,12.20,2.0333,true,1,46341
7290019056171,false,שוופס סודה לימון 1.5 ליטר רביעייה פיקדון,"יפאורה תבורי בע""\מ",IL,מארז 4יח סודה לימון שוופס 1.5ל בק.פקדון,ליטרים,6.00,ליטר,false,1,12.20,2.0333,true,1,46342
7290019056188,false,שוופס סודה נענע ליים 1.5 ליטר רביעייה פיקדון,"יפאורה תבורי בע""\מ",IL,מארז 4יח סודה נענע ליים 1.5ל בק.פקדון,ליטרים,6.00,ליטר,false,1,12.20,2.0333,true,1,46343
7290019056201,false,שוופס סודה פירות יער 1.5 ליטר רביעייה פיקדון,"יפאורה תבורי בע""\מ",IL,מארז 4יח סודה פירות יער שוופס 1.5ל פקדון,ליטרים,6.00,ליטר,false,1,12.20,2.0333,true,1,46345
7290019056232,false,משקה מוגז בטעם ליים מוחיטו 1.5 ל' שוופס,"יפאורה תבורי בע""\מ",IL,משקה שוופס מוגז עדין מוחיטו 1.5ל פקדון,ליטרים,1.50,ליטר,false,1,9.90,6.6000,true,1,46340
7290019056263,false,שוופס מים בטעמים אפרסק 1.5 ליטר פיקדון,"יפאורה תבורי בע""מ",IL,שוופס מים בטעם אפרסק 1.5ליטר בק.פקדון,ליטרים,1.50,ליטר,false,1,7.90,5.2667,true,1,46319
7290019056294,false,שוופס ג'ינג'ר אייל 1.5 ליטר פיקדון,"יפאורה תבורי בע""\מ",IL,משקה שוופס גינגר איל 1.5 ליטר בק.פקדון,ליטרים,1.50,ליטר,false,1,12.90,8.6000,true,1,46327
7290019056300,false,משקה בטעם ביטר לימון 1.5 ל' שוויפס,"יפאורה תבורי בע""\מ",IL,משקה שוופס ביטר למון 1.5ליטר בק.פקדון,ליטרים,1.50,ליטר,false,1,12.90,8.6000,true,1,46328
7290019056317,false,שוופס ראשן 1.5 ליטר פיקדון,"יפאורה תבורי בע""\מ",IL,משקה שוופס ראשן 1.5 ליטר בק.פקדון,ליטרים,1.50,ליטר,false,1,12.90,8.6000,true,1,46329
7290019056324,false,שוופס טוניק 1.5 ליטר פיקדון,"יפאורה תבורי בע""\מ",IL,משקה שוופס טוניק 1.5 ליטר בק.פקדון,ליטרים,1.50,ליטר,false,1,12.90,8.6000,true,1,46330
7290019056331,false,שוופס טוניק ללא סוכר 1.5 ליטר פיקדון,"יפאורה תבורי בע""מ",IL,משקה שוופס טוניק ללא סוכר 1.5ל בק.פקדון,ליטרים,1.50,ליטר,false,1,11.90,7.9333,true,1,46331
7290019056362,false,תפוזינה ענבים 1.5 ליטר פיקדון,"יפאורה תבורי בע""\מ",IL,משקה קל תפוזינה ענבים 1.5ליטר בק.פקדון,ליטרים,1.50,ליטר,false,1,8.90,5.9333,true,1,46302
7290019056379,false,תפוזינה תפוזים 1.5 ליטר פיקדון,"יפאורה תבורי בע""\מ",IL,משקה קל תפוזינה תפוזים 1.5ליטר בק.פקדון,ליטרים,1.50,ליטר,false,1,8.90,5.9333,true,1,46303
7290019056386,false,פתוזינה אשכולית 1.5 ליטר פיקדון,"יפאורה תבורי בע""\מ",IL,משקה קל תפוזינה אשכוליות1.5ליטר בק.פקדון,ליטרים,1.50,ליטר,false,1,8.90,5.9333,true,1,46304
7290019056393,false,תפוזינה תות בננה 1.5 ליטר פיקדון,"יפאורה תבורי בע""\מ",IL,משקה קל תפוזינה תות בננה1.5ליטר בק.פקדון,ליטרים,1.50,ליטר,false,1,8.90,5.9333,true,1,46305
7290019056423,false,מיץ בטעם תפוח רענן 1.5ל' תפוזינה,"יפאורה תבורי בע""\מ",IL,משקה קל תפוזינה תפוחים 1.5ליטר בק. פקדון,ליטרים,1.50,ליטר,false,1,8.90,5.9333,true,1,46308
7290019056430,false,תפוזינה תפוזים לייט 1.5 ליטר פיקדון,"יפאורה תבורי בע""\מ",IL,משקה קל תפוזינה תפוזים דיאט 1.5ל פקדון,ליטרים,1.50,ליטר,false,1,8.50,5.6667,true,1,46309
7290019056478,false,ספרינג טי קר אפרסק 1.5ליטר פיקדון,"יפאורה תבורי בע""\מ",IL,משקה ספרינג תה אפרסק 1.5ליטר בק.פקדון,ליטרים,1.50,ליטר,false,1,7.90,5.2667,true,1,46313
7290019056485,false,ספריג תה ירוק לימון לואיזה 1.5 ליטר פיקדון,"יפאורה תבורי בע""\מ",IL,משקה ספרינג תה ירוק 1.5ליטר בק.פקדון,ליטרים,1.50,ליטר,false,1,7.90,5.2667,true,1,46314
7290019056492,false,ספרינג תה מנגו אפרסק 1.5 ליטר פיקדון,"יפאורה תבורי בע""\מ",IL,משקה ספרינג תה מנגו אפרסק 1.5ל בק.פקדון,ליטרים,1.50,ליטר,false,1,7.90,5.2667,true,1,46315
7290019056508,false,פרוט ווטר ענבים 1.5 ליטר פיקדון,"יפאורה תבורי בע""\מ",IL,פרוט וואטר טעם ענבים 1.5ליטר בק.פקדון,ליטרים,1.50,ליטר,false,1,8.90,5.9333,true,1,46322
7290019056515,false,פרוט ווטר אננס 1.5 ליטר פיקדון,"יפאורה תבורי בע""\מ",IL,פרוט וואטר טעם אננס 1.5ליטר בק.פקדון,ליטרים,1.50,ליטר,false,1,8.90,5.9333,true,1,46323
7290019056539,false,פרוט ווטר אפרסק 1.5 ליטר פיקדון,"יפאורה תבורי בע""\מ",IL,פרוט וואטר טעם אפרסק 1.5ליטר בק.פקדון,ליטרים,1.50,ליטר,false,1,8.90,5.9333,true,1,46325
7290019056546,false,פרוט ווטר אבטיח 1.5 ליטר פיקדון,"יפאורה תבורי בע""\מ",IL,פרוט וואטר טעם אבטיח 1.5ליטר בק.פקדון,ליטרים,1.50,ליטר,false,1,8.90,5.9333,true,1,46326
7290019056553,false,שישיית מים מינרלים עין גדי 2 ליטר,עין גדי מים מינרליים,IL,שישיית מים עין גדי 2 ליטר בק.פקדון,ליטרים,12.00,ליטר,false,1,13.80,1.1500,true,1,46140
7290019056577,false,משקה קל מנגו ספרינג 1.5 ליטר,"יפאורה תבורי בע""\מ",IL,משקה קל ספרינג מנגו 1.5 ליטר בק.פקדון,ליטרים,1.50,ליטר,false,1,8.90,5.9333,true,1,46289
7290019056584,false,משקה קל תפוזים ספרינג 1.5 ליטר,"יפאורה תבורי בע""\מ",IL,משקה קל ספרינג תפוזים 1.5 ליטר בק.פקדון,ליטרים,1.50,ליטר,false,1,8.90,5.9333,true,1,46290
7290019056591,false,משקה קל ענבים ספרינג 1.5 ליטר,"יפאורה תבורי בע""\מ",IL,משקה קל ספרינג ענבים 1.5 ליטר בק.פקדון,ליטרים,1.50,ליטר,false,1,8.90,5.9333,true,1,46291
7290019056607,false,משקה קל תפוחים ספרינג 1.5 ליטר,"יפאורה תבורי בע""\מ",IL,משקה קל ספרינג תפוחים 1.5 ליטר בק.פקדון,ליטרים,1.50,ליטר,false,1,8.90,5.9333,true,1,46292
7290019056621,false,משקה קל פירות טרופיים ספרינג 1.5 ליטר,"יפאורה תבורי בע""\מ",IL,משקה קל ספרינג פירות טרופי 1.5ל בק.פקדון,ליטרים,1.50,ליטר,false,1,8.90,5.9333,true,1,46294
7290019056638,false,משקה קל תות בננה ספרינג 1.5 ליטר,"יפאורה תבורי בע""\מ",IL,משקה קל ספרינג תות בננה 1.5ליטר בק.פקדון,ליטרים,1.50,ליטר,false,1,8.90,5.9333,true,1,46295
7290019056645,false,משקה קל אגס תפוח סברס ספרינג 1.5 ליטר,"יפאורה תבורי בע""\מ",IL,משקה קל ספרינג אגס תפוח סברס 1.5ל פקדון,ליטרים,1.50,ליטר,false,1,8.90,5.9333,true,1,46296
7290019056652,false,משקה קל אננס בננה ספרינג 1.5 ליטר,"יפאורה תבורי בע""\מ",IL,משקה קל ספרינג אננס בננה 1.5ליטר פקדון,ליטרים,1.50,ליטר,false,1,8.90,5.9333,true,1,46297
7290019056850,false,ספרינג תה אפרסק דיאט 1.5 ליטר פיקדון,"יפאורה תבורי בע""\מ",IL,משקה ספרינג תה אפרסק דיאט 1.5ל בק.פקדון,ליטרים,1.50,ליטר,false,1,7.90,5.2667,true,1,46316
7290019056881,false,שוופס סודה 1.5 ליטר,"יפאורה תבורי בע""מ",IL,שוופס סודה 1.5 ליטר בק.פקדון,ליטרים,1.50,ליטר,false,1,4.50,3.0000,true,1,48759
7290019056942,false,מים מינרליים טבעיים,יפאורה,IL,מים עין גדי 2 ליטר בודד בק.פקדון,ליטרים,2.00,ליטר,false,1,4.80,2.4000,true,1,47037
7290019056973,false,שישיית מי עדן 1.5 ליטר משפחתי,"מופק ממקור בזלתי עדן ,1",IL,מארז 6יח מי עדן 1.5ליטר בק. פקדון,ליטרים,9.00,ליטר,false,1,14.70,1.6333,true,1,46356
7290019058007,false,תרד ניוזילנדי,,,תרד ניוזילנדי,Unknown,0.00,Unknown,false,1,11.90,0.0000,true,1,45764
7290019058014,false,תרד טורקי,,,תרד ניוזילנדי,Unknown,0.00,Unknown,false,1,10.90,0.0000,true,1,45763
7290019074090,false,"ד""ר פישר - קמיל בלו אקסטרה סופט אל סבון לתינוק 500 מ""ל",פישר מעבדות פרמצבטיות בע,IL,אל סבון קמיל בלו אקסטרה סופט 500מל,מיליליטרים,500.00,"100 מ""ל",false,12,22.90,4.5800,true,1,50308
7290019074298,false,"ד""ר פישר - קמיל בלו אקסטרה סופט שמפו לתינוק 500 מ""ל",פישר מעבדות פרמצבטיות בע,IL,שמפו קמיל בלו אקסטרה סופט 500מל,מיליליטרים,500.00,"100 מ""ל",false,12,22.90,4.5800,true,1,50309
7290019074885,false,"ד""ר פישר - קמיל בלו אקסטרה סופט קרם גוף לתינוק 500 מ""ל",פישר מעבדות פרמצבטיות בע,IL,קרם גוף קמיל בלו אקסטרה סופט 500מל,מיליליטרים,500.00,"100 מ""ל",false,12,29.90,5.9800,true,1,50307
7290019075103,false,קמיל בלו אקסטרה סופט שמפו לתינוק 1 ליטר,פישר מעבדות פרמצבטיות בע,IL,שמפו קמיל בלו אקסטרה סופט 1 ליטר,ליטרים,1.00,ליטר,false,16,32.90,32.9000,true,1,50310
7290019075899,false,קמיל בלו אקסטרה סופט אל סבון לתינוק 1 ליטר,פישר מעבדות פרמצבטיות בע,IL,אל סבון קמיל בלו אקסטרה סופט 1 ליטר,ליטרים,1.00,ליטר,false,16,32.90,32.9000,true,1,50311
7290019078791,false,דובדבני אמרנה אלמנדו,"אלמונדס בע""מ",IL,דובדבני אמרנה אלמנדוס 425 גרם,גרמים,425.00,100 גרם,false,12,39.90,9.3882,true,1,49641
7290019108009,false,פומאז- מעדן שוקולד שקדים 120 גרם,,IL,מעדן טבעוני פומאז שקד שוקולד 120גר,גרמים,120.00,100 גרם,false,8,10.90,9.0833,true,1,47485
7290019108207,false,פומאז- מעדן שוקולד לבן ושקדים 120 גרם,,IL,מעדן טבעוני פומאז שוקולד לבן ושקדים 120ג,גרמים,120.00,100 גרם,false,8,10.90,9.0833,true,1,50907
7290019108429,false,פומאז יוגורט טבעוני שקדים 120 גרם,,IL,מעדן טבעוני פומאז יוגורט שקדים 120גר,גרמים,120.00,100 גרם,false,8,10.90,9.0833,true,1,47483
7290019108610,false,פומאז- מעדן שוקולד ואמרנה 120 גרם,,IL,מעדן טבעוני פומאז שוקולד דובדני אמרנה120,גרמים,120.00,100 גרם,false,8,10.90,9.0833,true,1,47484
7290019108801,false,פומאז- מעדן תות שקדים 120 גרם,,IL,מעדן טבעוני פומאז מעדן תות 120גר,גרמים,120.00,100 גרם,false,8,10.90,9.0833,true,1,47225
7290019137030,false,חליטת למון גראס אורגני 37.5 גרם,,LK,חליטת למון גראס אורגנית 25 שקיקים25 שק,יחידה,25.00,יחידה,false,12,12.90,0.5160,true,1,48466
7290019137177,false,"ניוקי תפוחי אדמה לל""ג אורגני 350 גרם",,IT,ניוקי תפוא אורגני ללא גלוטן 350 גר,גרמים,350.00,100 גרם,false,14,10.90,3.1143,true,1,50437
7290019137184,false,ניוקי תפוחי אדמה אורגני 350 גרם,,IT,ניוקי תפוחי אדמה אורגני 350 גר,גרמים,350.00,100 גרם,false,14,10.90,3.1143,true,1,50433
7290019137191,false,ניוקי ת.אדמה כוסמין ותרד אורגני 350 גרם,,IT,ניוקי תפוא אורגני עם קמח כוסמין ותרד 350,גרמים,350.00,100 גרם,false,14,10.90,3.1143,true,1,50435
7290019137207,false,ניוקי תפוחי אדמה עם תרד אורגני 350 גרם,,IT,ניוקי תפוא אורגני עם ותרד 350,גרמים,350.00,100 גרם,false,14,10.90,3.1143,true,1,50436
7290019152057,false,עוגת שמרים תפוחים 70,פילסברי,,עוגת שמרים תפוחים 700 גרם,גרמים,700.00,100 גרם,false,,45.00,6.4286,true,1,46757
7290019152064,false,עוגת שמרים פרג 700 ג,פילסברי,,עוגת שמרים פרג 700 גרם,גרמים,700.00,100 גרם,false,,45.00,6.4286,true,1,46758
7290019153078,false,"שוופס ביטר למון לייט, 1.5 ליטר פקדון","יפאורה תבורי בע""\מ",IL,משקה שוופס ביטר למון לייט 1.5ל בק.פקדון,ליטרים,1.50,ליטר,false,1,11.90,7.9333,true,1,46943
7290019153238,false,שוופס סודה בטעם תפוח 0.5 ליטר,יפאורה תבורי,IL,סודה שוופס 500מל טעם תפוח,מיליליטרים,500.00,"100 מ""ל",false,1,4.90,0.9800,true,1,48481
7290019153245,false,שוופס סודה בטעם לימון 0.5 ליטר,יפאורה תבורי,IL,סודה שוופס 500מל טעם לימון,מיליליטרים,500.00,"100 מ""ל",false,1,4.90,0.9800,true,1,48482
7290019153252,false,שוופס סודה תפוח 1.5 ליטר רביעייה פיקדון,"יפאורה תבורי בע""\מ",IL,מארז 4יח סודה שוופס תפוח 1.5ל בק.פקדון,ליטרים,6.00,ליטר,false,1,12.20,2.0333,true,1,48476
7290019153269,false,שוופס סודה אננס 1.5 ליטר רביעייה פיקדון,"יפאורה תבורי בע""\מ",IL,מארז 4יח סודה שוופס אננס 1.5ל בק.פקדון,ליטרים,6.00,ליטר,false,1,12.20,2.0333,true,1,48475
7290019153351,false,מיץ בטעם פינק אוזו 1.5 ל' תפוזינה,"יפאורה תבורי בע""\מ",IL,משקה קל תפוזינה פינק אוזו 1.5ל בק.פקדון,ליטרים,1.50,ליטר,false,1,8.90,5.9333,true,1,48730
7290019153375,false,מיץ בטעם מוחיטו 1.5 ל' תפוזינה,"יפאורה תבורי בע""\מ",IL,משקה קל תפוזינה מוחיטו 1.5ל בק.פקדון,ליטרים,1.50,ליטר,false,1,8.90,5.9333,true,1,48731
7290019153535,false,"רביעיית שוופס מוגז פירות למונייד ללא סוכר 330 מ""ל פחיות",יפאורה תבורי,IL,מארז 4יח שוופס מוגז פירות למונייד ל.סוכר,מיליליטרים,1320.00,"100 מ""ל",false,1,12.90,0.9773,true,1,49637
7290019153566,false,משקה קל רימון אוכמניות דובדבן ספרינג 1.5 ליטר,יפאורה תבורי,IL,משקה קל ספרינג רימון אוכמניות 1.5ל פקדון,ליטרים,1.50,ליטר,false,1,8.90,5.9333,true,1,50011
7290019167037,false,תותים בקצפת עדן קינוחים 82 גרם,עדן קינוחים Eden,IL,קינוח תותים בקצפת 82גר עדן קינוחים,Unknown,0.00,Unknown,false,12,6.90,0.0000,true,1,50733
7290019167044,false,קצפת עם קרם בייגלה מתוק מלוח עדן קינוחים 82 גרם,עדן קינוחים Eden,IL,קינוח קצפת קרם בייגלה מתוק מלוח 82גר,Unknown,0.00,Unknown,false,12,6.90,0.0000,true,1,50734
7290019204008,false,עוף טוב פסטרמה ארבעה פלפלים 350 גרם,עיצובים 2020 (4.9),IL,פסטרמה ארבעה פלפלים 350גר עוף טוב,גרמים,350.00,100 גרם,false,8,24.90,7.1143,true,1,49396
7290019204305,false,חזה הודו פסטרמה ברביקיו 350 גר',עיצובים 2020 (4.9),IL,פסטרמה ברביקיו 350גר עוף טוב,גרמים,350.00,100 גרם,false,8,24.90,7.1143,true,1,49395
7290019232094,false,חליטת פירות וצמחים אפרסק הגן הקסום ויסוצקי 25 יחידות,תה ויסוצקי,IL,תה גן הקסום אפרסק 2.5 גר 25 שקיקים,יחידה,25.00,יחידה,false,1,19.50,0.7800,true,1,48199
7290019232155,false,"חליטת ""לילה טוב"" קמומיל לבנדר ו25 שקיקים ויסוצקי",תה ויסוצקי,IL,תה צמחים לילה טוב קמומיל לבנדר 25 שק,יחידה,25.00,יחידה,false,1,24.90,0.9960,true,1,51114
7290019232162,false,"חליטת ""לילה טוב"" קמומיל מליסה 25 שקיקים ויסוצקי",תה ויסוצקי,IL,תה צמחים לילה טוב קמומיל מליסה 25 שק,יחידה,25.00,יחידה,false,1,24.90,0.9960,true,1,51115
7290019232179,false,חליטת לילה טוב נענע 25 שקיקים ויסוצקי,תה ויסוצקי,IL,תה ירוק סטיי וול נענע עם ויטמין 25 שק,יחידה,25.00,יחידה,false,1,24.90,0.9960,true,1,51111
7290019232186,false,תה ירוק לימונית לואיזהSTAY WELL 25 שקיקים ויסוצקי,תה ויסוצקי,IL,תה ירוק סטיי וול לימונית לואיזה 25 שק,יחידה,25.00,יחידה,false,1,24.90,0.9960,true,1,51112
7290019232193,false,תה ירוק לימונית ג'ינג'ר STAY WELL שקיקים 25 ויסוצקי,תה ויסוצקי,IL,תה ירוק סטיי וול לימונית גינגר 25 שק,יחידה,25.00,יחידה,false,1,24.90,0.9960,true,1,51113
7290019232834,false,פליפז בייגלה מצופה קרם עוגיות ושוקולד מקוויטיס 140 גרם,אולקר מקבוצת פלאדיס,TR,בייגלה פליפז קרם עוגיות 140 גרם,גרמים,140.00,100 גרם,false,1,8.90,6.3571,true,1,48200
7290019233008,false,רוטב עגבניות עם קוביות ארטישוק ושמן זית 420ג ויסוצקי,דליציה דורה אס.אר.אל,IT,רוטב זיתא לשקשוקה קוביות ארטישוק 420 גרם,גרמים,420.00,100 גרם,false,6,13.90,3.3095,true,1,48579
7290019233015,false,רוטב שקשוקה תבשיל ירקות עם שמן זית כתית מעולה 420ג זיתא,זיתא,IT,רוטב זיתא לשקשוקה ירוקה 420 גרם,גרמים,420.00,100 גרם,false,6,13.90,3.3095,true,1,48577
7290019233022,false,שקשוקה חצילים רוטב עגבניות עם קוביות חצילים צלויים,דליציה דורה אס.אר.אל,IT,רוטב זיתא לשקשוקה קוביות חצילים 420 גרם,גרמים,420.00,100 גרם,false,6,13.90,3.3095,true,1,48578
7290019233039,false,שקשוקה קלאסית- רוטב עגבניות עם קוביות פלפלים צלויים,דליציה דורה אס.אר.אל,IT,רוטב זיתא לשקשוקה קוביות פלפל 420 גרם,גרמים,420.00,100 גרם,false,6,13.90,3.3095,true,1,48580
7290019233046,false,זית קלמטה בלונד מרינד עם שמן זית 215 גרם,זיתא - י.ט.ב תעשיות,IL,זית זיתא קלמטה בלונד 215 גרם בגביע,גרמים,215.00,100 גרם,false,1,14.90,6.9302,true,1,46818
7290019297239,false,צימוק חום 250 גרם ששון הקולה,"דין שיווק וקלייה בע""",,צימוק חום 330 גר בקופסא,גרמים,330.00,100 גרם,false,1,13.90,4.2121,true,1,12366
7290019297451,true,מי ורדים 500 מל,,,מי ורדים 500 מל,Each,0.00,Each,false,,16.00,0.0000,true,1,12748
7290019297512,true,רוטב רימונים שקדיה 3,,,רוטב רימונים שקדיה 3,Each,0.00,Each,false,,10.90,0.0000,true,1,12397
7290019297536,true,חמאת בוטנים שברי בוט,,,חמאת בוטנים שברי בוט,Each,0.00,Each,false,,10.90,0.0000,true,1,12666
7290019297543,true,חמאת בוטנים חלקה 510,,,חמאת בוטנים חלקה 510,Each,0.00,Each,false,,10.90,0.0000,true,1,12667
7290019297550,false,בוטנים מטוגנים בקופסא 185 גרם,קריניציה ויטמינה אס,IL,בוטנים מטוגנים 185 גר בקופסא,גרמים,185.00,100 גרם,false,1,10.00,5.4054,true,1,12668
7290019297802,true,מיקס לילד 200 גר,,,מיקס לילד 200 גר,Each,0.00,Each,false,,10.90,0.0000,true,1,25874
7290019302315,false,"ייו buzz אבטיח מלון 750 מ""ל",יקבי כרמל,IL,יין באז אבטיח מלון 750 מל,מיליליטרים,750.00,"100 מ""ל",false,1,35.00,4.6667,true,1,48777
7290019304104,false,יין שאושינג 640 מל ס,Qingdao Sun-growing,CN,יין שאושינג 640 מל סאן,מיליליטרים,640.00,"100 מ""ל",false,12,34.90,5.4531,true,1,50434
7290019369004,false,"יין בלאן דה קסטל 2021 750 מ""ל",יקב קסטל,,יין שרדונה קסטל לבן 750 מל,גרמים,750.00,100 גרם,false,1,149.00,19.8667,true,1,49857
7290019369028,false,יין קסטל גרנד ווין,יקב קסטל,,יין קסטל גרנד ווין 750 מל,מיליליטרים,750.00,"100 מ""ל",false,1,250.00,33.3333,true,1,49856
7290024486628,false,פרמיו עוף לחתול 400,,IT,פרמיו עוף לחתול 400 גר,גרמים,400.00,100 גרם,false,24,5.90,1.4750,true,1,49364
7290026220251,false,דבש פרחי השדה 500 גר,קיבוץ ארז,,דבש פרחי השדה 500 גר קיבוץ ארז,גרמים,500.00,100 גרם,false,1,27.90,5.5800,true,1,10457
7290055090702,true,חטיפי קרח איגלו שלוק,,,חטיפי קרח איגלו שלוק,Each,0.00,Each,false,,14.90,0.0000,true,1,10060
7290100240137,false,"תרסיס ריחני למייבש כחול בדין 500 מ""ל","זוהר דליה, קיבוץ דליה, 1",IL,תרסיס למייבש בדין כחול 500 מל,מיליליטרים,500.00,"100 מ""ל",false,1,16.90,3.3800,true,1,5691
7290100240144,false,"תרסיס ריחני למייבש ורוד בדין 500 מ""ל","זוהר דליה, קיבוץ דליה, 1",IL,תרסיס למייבש בדין ורוד 500 מל,מיליליטרים,500.00,"100 מ""ל",false,1,16.90,3.3800,true,1,5690
7290100240632,true,פתית 6 דגנים 250 גר,,,פתית 6 דגנים 250 גר,Each,0.00,Each,false,,16.90,0.0000,true,1,5719
7290100240656,true,פתית שיפון 300 גר,,,פתית שיפון 300 גר,Each,0.00,Each,false,,16.90,0.0000,true,1,5720
7290100245231,true,זוג מרק נמס בכוס ט.ע,,,זוג מרק נמס בכוס ט.ע,Each,0.00,Each,false,,6.90,0.0000,true,1,7092
7290100249086,true,חטיף קליק או.קיי שוק,,,חטיף קליק או.קיי שוק,Each,0.00,Each,false,,5.00,0.0000,true,1,10090
7290100249598,true,רוטב קנור שום ודבש 3,,,רוטב קנור שום ודבש 3,Each,0.00,Each,false,,12.90,0.0000,true,1,8004
7290100249659,true,רוטב קנור צילי יין ל,,,רוטב קנור צילי יין ל,Each,0.00,Each,false,,12.90,0.0000,true,1,8002
7290100341803,false,חטיף לכלבים בונזו עו,ביופט,IL,בונזו חטיף רצועות עוף דנטליים,Unknown,0.00,Unknown,false,1,5.00,0.0000,true,1,13701
7290100412343,true,מגבונים לניקוי כללי,,,מגבונים לניקוי כללי,Each,0.00,Each,false,,8.90,0.0000,true,1,16690
7290100412800,false,"תחליב רחצה לעור יבש וילד פלאור דר עור 700 מ""ל","אמיליה קוסמטיקס בע""מ",IL,תחליב רחצה פרחי אביב דוקטור עור 700 מל,מיליליטרים,700.00,"100 מ""ל",false,1,19.90,2.8429,true,1,22192
7290100413593,true,מגבונים קוויק לניקוי,,,מגבונים קוויק לניקוי,Each,0.00,Each,false,,8.90,0.0000,true,1,18220
7290100653463,true,פלמוליב סבון נוזלי ס,,,פלמוליב סבון נוזלי ס,Each,0.00,Each,false,,16.90,0.0000,true,1,4143
7290100653586,true,דאו.לסס ספיד סטיק גל,,,דאו.לסס ספיד סטיק גל,Each,0.00,Each,false,,18.90,0.0000,true,1,4512
7290100653609,true,דאו.לסס ספיד סטיק 24,,,דאו.לסס ספיד סטיק 24,Each,0.00,Each,false,,22.90,0.0000,true,1,4163
7290100658338,true,נוזל כלים פלמוליב או,,,נוזל כלים פלמוליב או,Each,0.00,Each,false,,11.90,0.0000,true,1,4235
7290100659090,false,פרי חטיפים ללא גלוטן ותוספת סוכר מארז 5 תמרים וקינמון,טבעית מוצרים מן הטבע בעמ,IL,מארז חטיף פריי תמר קינמון ללא סוכר 5 יח,גרמים,90.00,100 גרם,false,1,16.90,18.7778,true,1,4352
7290100680728,true,פירורית בשקית 350 ג,,,פירורית בשקית 350 ג,Each,0.00,Each,false,,7.90,0.0000,true,1,4209
7290100681503,true,סירופ דיאט לימונענע,,,סירופ דיאט לימונענע,Each,0.00,Each,false,,17.90,0.0000,true,1,4071
7290100681510,true,סירופ דיאט אשכולית א,,,סירופ דיאט אשכולית א,Each,0.00,Each,false,,17.90,0.0000,true,1,4070
7290100685136,true,מרק עדיף טעם עוף 1 ק,,,מרק עדיף טעם עוף 1 ק,Each,0.00,Each,false,,15.90,0.0000,true,1,4537
7290100685341,true,מרק זך טעם עוף זך רכ,,,מרק זך טעם עוף זך רכ,Each,0.00,Each,false,,17.90,0.0000,true,1,4621
7290100686164,true,מארז 6 יח ביסלי ברבי,,,מארז 6 יח ביסלי ברבי,Each,0.00,Each,false,,15.00,0.0000,true,1,4707
7290100686171,true,מארז 6 יח ביסלי גריל,,,מארז 6 יח ביסלי גריל,Each,0.00,Each,false,,15.00,0.0000,true,1,4620
7290100688618,false,גביעי גלידה שוקולד אסם 95 גרם 24 יחידות,"גילרו בע""מ",IL,גביעי גלידה ממותקים ט. שוקו 10 יח 85 גר,גרמים,85.00,100 גרם,false,1,14.90,17.5294,true,1,5408
7290100700068,true,שעועית צבעונית 500 ג,,,שעועית צבעונית 500 ג,Each,0.00,Each,false,,8.90,0.0000,true,1,3854
7290100700266,true,פירורי לחם לבנים 200,,,פירורי לחם לבנים 200,Each,0.00,Each,false,,4.00,0.0000,true,1,8972
7290100700273,false,קינואה לבנה 500 ג סו,האי נאם סי או אל.טי.,IL,קינואה לבנה 500 ג סוגת,גרמים,500.00,100 גרם,false,1,13.90,2.7800,true,1,4548
7290100700297,true,עדשים מנומרות סוגת 5,,,עדשים מנומרות סוגת 5,Each,0.00,Each,false,,7.90,0.0000,true,1,5138
7290100700327,true,גריסי פנינה סוגת 1 ק,,,גריסי פנינה סוגת 1 ק,Each,0.00,Each,false,,8.90,0.0000,true,1,5529
7290100700389,true,אורז אדום סוגת 1 קג,,,אורז אדום סוגת 1 קג,Each,0.00,Each,false,,13.90,0.0000,true,1,5297
7290100700563,true,אורז מיקס קלאסי 1 קג,,,אורז מיקס קלאסי 1 קג,Each,0.00,Each,false,,13.90,0.0000,true,1,5754
7290100701140,true,אורז ריזוטו אורבוריו,,,אורז ריזוטו אורבוריו,Each,0.00,Each,false,,13.90,0.0000,true,1,7640
7290100701157,true,אורז סושי 1 קג סוגת,,,אורז סושי 1 קג סוגת,Each,0.00,Each,false,,13.90,0.0000,true,1,7701
7290100701300,true,קינואה אדומה 500 גר,,,קינואה אדומה 500 גר,Each,0.00,Each,false,,13.90,0.0000,true,1,7737
7290100701331,true,קמח רב תכליתי 1 קג ס,,,קמח רב תכליתי 1 קג ס,Each,0.00,Each,false,,6.90,0.0000,true,1,8776
7290100701348,true,קמח שיפון מלא 1 קג ס,,,קמח שיפון מלא 1 קג ס,Each,0.00,Each,false,,6.90,0.0000,true,1,8771
7290100701379,true,סולת 1 קג סוגת,,,סולת 1 קג סוגת,Each,0.00,Each,false,,4.90,0.0000,true,1,13931
7290100701386,true,קמח לחלה 1 קג סוגת,,,קמח לחלה 1 קג סוגת,Each,0.00,Each,false,,6.90,0.0000,true,1,8774
7290100701577,true,קמח ללחם 1 קג סוגת,,,קמח ללחם 1 קג סוגת,Each,0.00,Each,false,,6.90,0.0000,true,1,8773
7290100701874,true,קמח כוסמין 1 קג סוגת,,,קמח כוסמין 1 קג סוגת,Each,0.00,Each,false,,13.90,0.0000,true,1,10660
7290100701881,true,קמח לפיצה 1 קג סוגת,,,קמח לפיצה 1 קג סוגת,Each,0.00,Each,false,,6.90,0.0000,true,1,8772
7290100701898,false,קמח סוגת לפסטה 1 קג,שטיבל טחנות קמח,IL,קמח פסטה 1 קג סוגת,קילוגרמים,1.00,"ק""ג",false,1,13.90,13.9000,true,1,10659
7290100702253,true,שמרים יבשים בפח 100,,,שמרים יבשים בפח 100,Each,0.00,Each,false,,8.90,0.0000,true,1,17919
7290100702260,true,קוסקוס דק 350 גר סוג,,,קוסקוס דק 350 גר סוג,Each,0.00,Each,false,,5.90,0.0000,true,1,9792
7290100702277,true,קוסקוס עבה 350 גר סו,,,קוסקוס עבה 350 גר סו,Each,0.00,Each,false,,5.90,0.0000,true,1,9793
7290100702284,true,קוסקוס מלא 350 גר סו,,,קוסקוס מלא 350 גר סו,Each,0.00,Each,false,,5.90,0.0000,true,1,9794
7290100702314,true,שעועית שחורה 500 גר,,,שעועית שחורה 500 גר,Each,0.00,Each,false,,8.90,0.0000,true,1,10061
7290100702611,true,פתיתים אפויים אורז ס,,,פתיתים אפויים אורז ס,Each,0.00,Each,false,,5.90,0.0000,true,1,10636
7290100702635,true,פתיתים אפויים כוכבים,,,פתיתים אפויים כוכבים,Each,0.00,Each,false,,5.90,0.0000,true,1,10638
7290100702642,true,פתיתים אפויים טבעות,,,פתיתים אפויים טבעות,Each,0.00,Each,false,,5.90,0.0000,true,1,10639
7290100702666,true,פתיתים אפויים עם בצל,,,פתיתים אפויים עם בצל,Each,0.00,Each,false,,5.90,0.0000,true,1,10641
7290100702673,true,פתיתים אפויים 3 צבעי,,,פתיתים אפויים 3 צבעי,Each,0.00,Each,false,,5.90,0.0000,true,1,10642
7290100702741,false,"סוכר חום בהיר בצנצנת סוגת 1 ק""ג",סוגת תעשיות בעמ,IL,סוכר חום בהיר צנצנת 1 קג סוגת,קילוגרמים,1.00,"ק""ג",false,1,13.90,13.9000,true,1,11982
7290100703007,true,עדשים שחורות בלוגה 5,,,עדשים שחורות בלוגה 5,Each,0.00,Each,false,,7.90,0.0000,true,1,13979
7290100703434,true,בורגול חום סוגת 500,,,בורגול חום סוגת 500,Each,0.00,Each,false,,6.00,0.0000,true,1,16458
7290100703557,true,קמח לפוקצה 1 קג סוגת,,,קמח לפוקצה 1 קג סוגת,Each,0.00,Each,false,,6.90,0.0000,true,1,17444
7290100703632,true,קמח מלא מנופה סוגת 1,,,קמח מלא מנופה סוגת 1,Each,0.00,Each,false,,9.90,0.0000,true,1,18591
7290100703649,true,קמח 80% חיטה מלאה מנ,,,קמח 80% חיטה מלאה מנ,Each,0.00,Each,false,,9.90,0.0000,true,1,18594
7290100703670,false,"קמח כוסמין ללא ניפוי 1 ק""ג סוגת","שטיבל בע""מ",IL,קמח כוסמין מנופה סוגת 1 קג,קילוגרמים,1.00,"ק""ג",false,1,15.90,15.9000,true,1,20098
7290100703847,true,סוכר קוביות לבן 500,,,סוכר קוביות לבן 500,Each,0.00,Each,false,,10.00,0.0000,true,1,20735
7290100703854,true,סוכר קוביות דמררה500,,,סוכר קוביות דמררה500,Each,0.00,Each,false,,10.00,0.0000,true,1,20736
7290100703861,false,"תערובת קסם לחלה ללא צורך בניפוי סוגת 1 ק""ג","שטיבל בע""\מ - טחנות קמח",IL,קמח קסם שמרים לחלה 1 קג,קילוגרמים,1.00,"ק""ג",false,1,9.90,9.9000,true,1,20099
7290100703908,true,סוכר דמררה 1 קג שקית,,,סוכר דמררה 1 קג שקית,Each,0.00,Each,false,,8.90,0.0000,true,1,20101
7290100703915,true,פופקורן למיקרו חמאה,,,פופקורן למיקרו חמאה,Each,0.00,Each,false,,10.90,0.0000,true,1,22011
7290100703922,true,פופקורן למיקרו טבעי,,,פופקורן למיקרו טבעי,Each,0.00,Each,false,,10.90,0.0000,true,1,22012
7290100703953,true,קוקוס לבן סוגת 500 ג,,,קוקוס לבן סוגת 500 ג,Each,0.00,Each,false,,10.90,0.0000,true,1,21232
7290100704066,true,עדשים צהובות סוגת500,,,עדשים צהובות סוגת500,Each,0.00,Each,false,,8.90,0.0000,true,1,22931
7290100704493,false,קמח שמרים פיצה ללא צורך בניפוי 1 קג,"שטיבל בע""\מ - טחנת קמח",IL,קמח שמרים פיצה סוגת ללא ניפוי 1 קג,קילוגרמים,1.00,"ק""ג",false,1,9.90,9.9000,true,1,38580
7290100704516,false,חומוס מיני סוגת 500 גרם,"סוגת תעשיות בע""\מ",IL,חומוס מיני סוגת 500 גרם,גרמים,500.00,100 גרם,false,1,7.90,1.5800,true,1,38585
7290100704530,false,סוגת קמח כוסמין לבן ללא צורך בניפוי 1 קג,טחנות קמח שטיבל באר,IL,קמח כוסמין לבן סוגת ללא ניפוי 1 קג,קילוגרמים,1.00,"ק""ג",false,1,17.90,17.9000,true,1,38581
7290100704578,false,"קמח כוסמין לבן תופח סוגת 1 ק""ג","שטיבל בע""\מ - טחנת קמח",IL,קמח כוסמין לבן סוגת 1 קג,קילוגרמים,1.00,"ק""ג",false,1,13.90,13.9000,true,1,38584
7290100704608,false,שעועית לבנה עדינה סוגת 500 גרם,"סוגת תעשיות בע""\מ",IL,שעועית לבנה עדינה סוגת 500 גרם,גרמים,500.00,100 גרם,false,1,8.90,1.7800,true,1,38586
7290100704615,false,סוכר לבן דק דק בצנצנת סוגת 500 גרם,"סוגת תעשיות בע""\מ",IL,סוכר לבן דק דק 500 גרם צנצנת,גרמים,500.00,100 גרם,false,1,8.50,1.7000,true,1,49485
7290100704622,false,סוכר דמררה דק דק בצנצנת סוגת 500 גרם,"סוגת תעשיות בע""\מ",IL,סוכר דמררה דק דק 500 גרם צנצנת,גרמים,500.00,100 גרם,false,1,8.50,1.7000,true,1,49484
7290100704639,false,"סוגת קמח שמרים פיתה ללא צורך בניפוי 1 ק""ג","שטיבל בע""\מ - טחנות קמח",IL,קמח שמרים פיתה סוגת 1 קג,קילוגרמים,1.00,"ק""ג",false,1,9.90,9.9000,true,1,38579
7290100704646,false,קמח סוגת כוסמין לבן,"שטיבל בע""מ",IL,קמח כוסמין לבן תופח סוגת 1 קג,קילוגרמים,1.00,"ק""ג",false,1,13.90,13.9000,true,1,38583
7290100850466,true,חטיף מיני מיקס פסק ז,,,חטיף מיני מיקס פסק ז,Each,0.00,Each,false,,25.90,0.0000,true,1,3824
7290100850909,false,דוריטוס נאצ'ו מקסיקני 70 גרם,"שטראוס פריטו ליי בע""\מ",IL,חטיף דוריטוס נאצו מקסיקני 70 ג,גרמים,70.00,100 גרם,false,1,4.00,5.7143,true,1,3880
7290100850930,true,חטיף דוריטוס טבעי 70,,,חטיף דוריטוס טבעי 70,Each,0.00,Each,false,,4.00,0.0000,true,1,3882
7290100854266,true,שוקולד פרה 60% מריר1,,,שוקולד פרה 60% מריר1,Each,0.00,Each,false,,8.50,0.0000,true,1,4642
7290100857045,true,שוק.ספלנדיד מריר עם,,,שוק.ספלנדיד מריר עם,Each,0.00,Each,false,,10.90,0.0000,true,1,4641
7290100858592,true,אבקת קקאו 150 גר,,,אבקת קקאו 150 גר,Each,0.00,Each,false,,10.90,0.0000,true,1,4973
7290100858608,true,אבקת קקאו עלית 500 ג,,,אבקת קקאו עלית 500 ג,Each,0.00,Each,false,,25.90,0.0000,true,1,4974
7290100921593,true,כדוריות נתלה ריח לי,,,כדוריות נתלה ריח לי,Each,0.00,Each,false,,9.90,0.0000,true,1,11589
7290100921609,true,כדוריות נתלה ריח או,,,כדוריות נתלה ריח או,Each,0.00,Each,false,,9.90,0.0000,true,1,11590
7290100922569,true,מארז 3יח קרם ידיים ו,,,מארז 3יח קרם ידיים ו,Each,0.00,Each,false,,17.90,0.0000,true,1,17378
7290100924457,true,מארז שלישיית סבון אס,,,מארז שלישיית סבון אס,Each,0.00,Each,false,,14.90,0.0000,true,1,13370
7290100924464,true,מארז שלישיית סבון אס,,,מארז שלישיית סבון אס,Each,0.00,Each,false,,14.90,0.0000,true,1,13371
7290100924549,true,נוזל רצפות סוד מבריק,,,נוזל רצפות סוד מבריק,Each,0.00,Each,false,,18.90,0.0000,true,1,13697
7290100924556,true,נוזל רצפות סוד מבריק,,,נוזל רצפות סוד מבריק,Each,0.00,Each,false,,18.90,0.0000,true,1,13698
7290100924631,true,מרכך כביסה סוד מרוכז,,,מרכך כביסה סוד מרוכז,Each,0.00,Each,false,,11.90,0.0000,true,1,14603
7290100924693,true,סבון מוצק סוד כדוריו,,,סבון מוצק סוד כדוריו,Each,0.00,Each,false,,9.90,0.0000,true,1,14041
7290100925669,true,דפים למכונת כביסה למ,,,דפים למכונת כביסה למ,Each,0.00,Each,false,,10.90,0.0000,true,1,16480
7290100925676,false,קולור קאצר 20 דפים לוכדי צבע למכונת כביס,"הנקל סוד בע""\מ",IE,דפים למכונת כביסה למניעת מעבר צבעים 20דף,יחידה,20.00,יחידה,false,1,15.90,0.7950,true,1,16481
7290100926109,true,מרכך כביסה סוד סופט,,,מרכך כביסה סוד סופט,Each,0.00,Each,false,,18.90,0.0000,true,1,6375
7290100926147,false,אבקת כביסה פרסיל קולור שקית 2.5 קג,"הנקל סוד בע""מ",IL,א.כביסה פרסיל קולור 2.5 קג בשקית,קילוגרמים,2.50,"ק""ג",false,1,19.90,7.9600,true,1,5840
7290100927717,false,"פרסיל קולור אבקת כביסה 5 ק""ג -מרכז",פרסיל Persil,IL,א.כביסה פרסיל קולור 5 קג בשקית,קילוגרמים,5.00,"ק""ג",false,1,46.90,9.3800,true,1,8562
7290100928516,true,גל כביסה סוד ביד 1 ל,,,גל כביסה סוד ביד 1 ל,Each,0.00,Each,false,,14.90,0.0000,true,1,9304
7290100941416,true,יין פורט גראהם טאוני,,,יין פורט גראהם טאוני,Each,0.00,Each,false,,70.00,0.0000,true,1,15236
7290100947883,true,יין דרך ארץ גוורצורמ,,,יין דרך ארץ גוורצורמ,Each,0.00,Each,false,,35.00,0.0000,true,1,32438
7290101110811,true,מאגדת גלידל פסיפלורה,,,מאגדת גלידל פסיפלורה,Each,0.00,Each,false,,29.90,0.0000,true,1,6416
7290101112990,true,מאגדת גרניטה קוקוס 6,,,מאגדת גרניטה קוקוס 6,Each,0.00,Each,false,,14.90,0.0000,true,1,22134
7290101113362,true,מאגדת שלגון יוגורט י,,,מאגדת שלגון יוגורט י,Each,0.00,Each,false,,24.90,0.0000,true,1,33500
7290101113409,true,מאגדת שלגון יופלה יו,,,מאגדת שלגון יופלה יו,Each,0.00,Each,false,,24.90,0.0000,true,1,33506
7290101113447,false,עשירייה גלידל מיני קסטה בטעמי שוקו ווניל 270 ג' פלדמן,הגלידות של פלדמן,IL,מאגדת גלידל מיני קסטה 10יח שוקו וניל,יחידה,10.00,יחידה,false,9,29.90,2.9900,true,1,32937
7290101113461,true,מאגדת מיני מילקבר ונ,,,מאגדת מיני מילקבר ונ,Each,0.00,Each,false,,16.90,0.0000,true,1,32942
7290101113584,false,מאגדת טילונים שוקולד לבן עם ליבת שוקולד יולו 5 יח',הגלידות של פלדמן,IL,מאגדת טילון שוקולד לבן ליבת שוק יולו 5יח,יחידה,5.00,יחידה,false,1,21.90,4.3800,true,1,40338
7290101113591,false,מאגדת טילונים יולי 5 יחידות שוקולד לבן ועוגיות,הגלידות של פלדמן,IL,מאגדת טילון שוקולד לבן עוגיות יולו 5יח,יחידה,5.00,יחידה,false,1,21.90,4.3800,true,1,40339
7290101113751,false,מאגדת שלגון קרמל ושוקולד בלונדי רביעיה * 50 ג' יולו,הגלידות של פלדמן,IL,מאגדת שלגון יולו 4יח קרמל ש.בלונדי,יחידה,4.00,יחידה,false,1,21.90,5.4750,true,1,49391
7290101113768,false,מאגדת שלגון עוגיות ושוקולד חלב רביעיה * 50 ג' יולו,הגלידות של פלדמן,IL,מאגדת שלגון יולו 4יח עוגיות שוקולד חלב,יחידה,4.00,יחידה,false,1,21.90,5.4750,true,1,49392
7290101113829,false,מאגדת (5) יופלה שייק פרי מנגו 70 אחוז פרי 350 גרם,הגלידות של פלדמן,IL,מאגדת שלגון יוגורט יופלה שייק מנגו 5יח,יחידה,5.00,יחידה,false,1,24.90,4.9800,true,1,49389
7290101113904,false,מארז מנבו וניל 12 יח' פלדמן,הגלידות של פלדמן,IL,קרמבו מנבו וניל 12יח פלדמן,יחידה,12.00,יחידה,false,1,22.90,1.9083,true,1,50374
7290101113911,false,מארז מנבו מוקה 12 יח' פלדמן,הגלידות של פלדמן,IL,קרמבו מנבו מוקה 12יח פלדמן,יחידה,12.00,יחידה,false,1,22.90,1.9083,true,1,50375
7290101410386,true,גלגלת פיצה 10סמ ידית,,,גלגלת פיצה 10סמ ידית,Each,0.00,Each,false,,17.90,0.0000,true,1,33716
7290101410508,false,מזלג למנגל לונג,,,מזלג למנגל לונג,Unknown,0.00,Unknown,false,1,13.90,0.0000,true,1,5998
7290101412823,true,סימר ידית עץ,,,סימר ידית עץ,Each,0.00,Each,false,,11.90,0.0000,true,1,11861
7290101486688,false,חטיף דגנים עם שוקולד ללא גלוטן וסוכר פרי 5*20 גרם,טבעית מוצרים מן הטבע בעמ,IL,מארז חטיף פריי מצופה שוקולד 5 יח,גרמים,100.00,100 גרם,false,1,16.90,16.9000,true,1,5564
7290101551539,true,דנונה פרו אפרסק עשיר,,,דנונה פרו אפרסק עשיר,Each,0.00,Each,false,,6.10,0.0000,true,1,24273
7290101551577,false,קוואקר שיבות שועל פחית מארז 2*500 גר',FRITO-LAY TRADING CO,GB,זוג קוואקר שיבולת שועל 500 ג פחית,גרמים,1000.00,100 גרם,false,12,21.90,2.1900,true,1,24232
7290101551584,true,מארז10יח תפוציפס קיד,,,מארז10יח תפוציפס קיד,Each,0.00,Each,false,,13.90,0.0000,true,1,24229
7290101551621,true,מארז 10 יח ציטוס דול,,,מארז 10 יח ציטוס דול,Each,0.00,Each,false,,12.90,0.0000,true,1,24226
7290101551638,true,מארז 10 יח ציטוס כאפ,,,מארז 10 יח ציטוס כאפ,Each,0.00,Each,false,,12.90,0.0000,true,1,24227
7290101820888,false,מסכה כירורגית שחורה 50 יח',,,מארז 50יח מסכות פנים כירוגיות שחורות,יחידה,50.00,יחידה,false,1,10.90,0.2180,true,1,43483
7290101824848,false,כפפות ניטריל שחור s }ללא אבקה} 100 יח,,CN,כפפות ויטריל מידה סמול 100יח ללא אבקה,יחידה,100.00,יחידה,false,10,39.90,0.3990,true,1,40284
7290101824855,false,כפפות ניטריל שחור m -ללא אבקה,,CN,כפפות ויטריל מידה מדיום 100יח ללא אבקה,יחידה,100.00,יחידה,false,10,39.90,0.3990,true,1,40285
7290101864127,true,ספריי קליה אוקסי אקש,,,ספריי קליה אוקסי אקש,Each,0.00,Each,false,,16.90,0.0000,true,1,6949
7290101865261,true,נוזל פיניש הברקה 800,,,נוזל פיניש הברקה 800,Each,0.00,Each,false,,19.90,0.0000,true,1,7781
7290101866633,true,גל וניש קליה להסרת כ,,,גל וניש קליה להסרת כ,Each,0.00,Each,false,,29.90,0.0000,true,1,8458
7290101868958,true,נוזל פיניש הברקה לימ,,,נוזל פיניש הברקה לימ,Each,0.00,Each,false,,19.90,0.0000,true,1,12631
7290101869702,true,גל למדיח פיניש הכל ב,,,גל למדיח פיניש הכל ב,Each,0.00,Each,false,,35.90,0.0000,true,1,13621
7290101869719,true,גל למדיח פיניש לימון,,,גל למדיח פיניש לימון,Each,0.00,Each,false,,35.90,0.0000,true,1,13622
7290101869733,true,גל למדיח פיניש לימון,,,גל למדיח פיניש לימון,Each,0.00,Each,false,,44.90,0.0000,true,1,13624
7290101869740,true,מבשם אויר מכשיר אוטו,,,מבשם אויר מכשיר אוטו,Each,0.00,Each,false,,44.90,0.0000,true,1,13640
7290101869757,true,מבשם אויר מכשיר אוטו,,,מבשם אויר מכשיר אוטו,Each,0.00,Each,false,,44.90,0.0000,true,1,13639
7290101869795,true,מילוי מבשם אויר אוטו,,,מילוי מבשם אויר אוטו,Each,0.00,Each,false,,15.90,0.0000,true,1,13647
7290101869818,true,מבשם אויר חשמלי מכשי,,,מבשם אויר חשמלי מכשי,Each,0.00,Each,false,,24.90,0.0000,true,1,13630
7290101869825,true,מילוי מבשם אויר חשמל,,,מילוי מבשם אויר חשמל,Each,0.00,Each,false,,19.90,0.0000,true,1,13636
7290101869832,true,מילוי מבשם אויר חשמל,,,מילוי מבשם אויר חשמל,Each,0.00,Each,false,,19.90,0.0000,true,1,13635
7290101869962,true,מקלות ריחניים אירווי,,,מקלות ריחניים אירווי,Each,0.00,Each,false,,14.90,0.0000,true,1,13650
7290102002221,true,הפתעות ממותגים לילדי,,,הפתעות ממותגים לילדי,Each,0.00,Each,false,,7.90,0.0000,true,1,19705
7290102006434,true,זר יום הולדת לראש עם,,,זר יום הולדת לראש עם,Each,0.00,Each,false,,13.90,0.0000,true,1,19718
7290102031276,true,משקה אקטימל בטעם תות,,,משקה אקטימל בטעם תות,Each,0.00,Each,false,,22.40,0.0000,true,1,5368
7290102032334,true,קפה נמס לטה וניל 200,,,קפה נמס לטה וניל 200,Each,0.00,Each,false,,25.90,0.0000,true,1,5826
7290102300815,false,"גבינת צ'דר אנגלית כתומה פרוס, 200 גרם",שבינגטון,GB,גבינת צדר כתומה פרוסה 200גר,גרמים,200.00,100 גרם,false,1,21.90,10.9500,true,1,10381
7290102300853,false,גבינת צדר לבנה פרוסה,מיוצר עי קונדיטוריית,,גבינת צדר לבנה פרוסה 200גר,גרמים,200.00,100 גרם,false,1,21.90,10.9500,true,1,11475
7290102300877,false,גבינת צ'דר אנגלית34%משקל,כושר דייארי,GB,גבינת צדר אנגלית במשקל,קילוגרמים,1.00,"ק""ג",true,,99.00,99.0000,true,1,8956
7290102300884,false,גבינת צ'דר כתום34% במשקל,שבינגטון,GB,גבינת צדר אנגלית כתומה במשקל,קילוגרמים,1.00,"ק""ג",true,,99.00,99.0000,true,1,8955
7290102301423,true,גבינת גאודה בקר במשק,,,גבינת גאודה בקר במשק,קילוגרמים,1.00,"ק""ג",true,,79.00,79.0000,true,1,10275
7290102301430,true,גבינת מלוסין עיזים ב,,,גבינת מלוסין עיזים ב,קילוגרמים,1.00,"ק""ג",true,,145.00,145.0000,true,1,10364
7290102301539,false,גבינת גאודה עיזים במ,הנרי בליך,,גבינת גאודה עיזים במשקל סיימן ל.כ,קילוגרמים,1.00,"ק""ג",true,,129.00,129.0000,true,1,11934
7290102301881,false,טרטר גבינה עם שום ועשבי תיבול 150 גרם,בונגראן,FR,גבינת טרטר עשבי תיבול 150גר,גרמים,150.00,100 גרם,false,1,19.90,13.2667,true,1,10463
7290102302246,false,גבינת גאודה הולנדית 200 גרם,מיוצר עי קונדיטוריית,NL,גבינת גאודה 200 גרם,גרמים,200.00,100 גרם,false,1,26.90,13.4500,true,1,18275
7290102302253,false,"גבינת גאודה עיזים חצי קשה 34%, 200 גרם",מיוצר עי קונדיטוריית,NL,גבינת גאודה עיזים 200 גרם,גרמים,200.00,100 גרם,false,1,32.90,16.4500,true,1,21005
7290102302260,false,גבינת גרנה פדנו 200 גרם,הנסיך- מפעל לייצור ט,IT,גבינת גרנה פדנה 200 גרם אמברוסי,גרמים,200.00,100 גרם,false,1,31.90,15.9500,true,1,18269
7290102302819,false,גושי טונה בהירה בשמן זית בצורת פילה 120 גרם,רמירז אנד קה פילהאוס,PT,פילה טונה בהירה רוברט בשמן זית 120 גרם,גרמים,120.00,100 גרם,false,1,15.90,13.2500,true,1,33825
7290102302833,false,גבינת גאודה פרוסה נני 150 גרם,קאסמאקרי הנרי ויליך,NL,גבינת גאודה 150 גרם פרוס,גרמים,150.00,100 גרם,false,14,19.90,13.2667,true,1,32598
7290102302840,false,גבינת גאודה עיזים פרוסה נני 150 גרם,מיוצר עי קונדיטוריית,NL,גבינת גאודה עיזים 150 גרם פרוס,גרמים,150.00,100 גרם,false,14,26.90,17.9333,true,1,32599
7290102302864,false,גבינה הולנדית עם פסטו ירוק 34%,הנרי ויליך Henri Willig,NL,גבינת גאודה פסטו ירוק 200 גר,גרמים,200.00,100 גרם,false,,29.90,14.9500,true,1,31796
7290102302888,false,גבינת גאודה כמון 200 גרם,מיוצר עי קונדיטוריית,NL,גבינת גאודה כמון 200 גר,גרמים,200.00,100 גרם,false,,24.90,12.4500,true,1,31798
7290102302949,false,גאיה בסגנון עיזים פר,קריניציה ויטמינה אס,DE,גאיה בסגנון עיזים 150 גרם פרוסות,גרמים,150.00,100 גרם,false,1,21.90,14.6000,true,1,36132
7290102303878,false,אלוויר חמאת נורמנדי 200 גרם,אלוויר,FR,חמאת נורמנדי 200 גרם,גרמים,200.00,100 גרם,false,1,17.90,8.9500,true,1,40556
7290102303977,false,גוש טונה בשמן זית רוברט 140 גרם,קונסרבס פורטוגל נורטה,PT,טונה רובטר בשמן זית 140 גרם,גרמים,140.00,100 גרם,false,24,12.90,9.2143,true,1,50992
7290102303984,false,גוש טונה במים רוברט 140 גרם,קונסרבס פורטוגל נורטה,PT,טונה רוברט במים 140 גרם,גרמים,140.00,100 גרם,false,24,11.90,8.5000,true,1,50993
7290102304714,false,גלוריוס עיזים 180 גרם,הנרי ויליך,NL,גבינת גלוריוס עיזים 180 גר,גרמים,180.00,100 גרם,false,12,44.90,24.9444,true,1,48112
7290102304721,false,גבינת טרמנדס כמהין 1,הנרי ויליך,NL,גבינת טרמנדס כמהין 180גר,גרמים,180.00,100 גרם,false,12,38.90,21.6111,true,1,48115
7290102390465,false,יוגורט ביו עם קציפת אפרסק ופסיפלורה 3% שומן 150 ג' מולר,מולר Muller,IL,מעדן מולר פרוופ אפרסק פסיפלורה 150 מל,מיליליטרים,150.00,"100 מ""ל",false,1,5.40,3.6000,true,1,5842
7290102390489,false,יוגורט ביו עם קציפת לימון 3% שומן 150 ג' מולר,מולר Muller,IL,מעדן מולר פרוופ לימון 150 מל,מיליליטרים,150.00,"100 מ""ל",false,1,5.40,3.6000,true,1,5843
7290102391844,false,יוגורט ביו עם קציפת פירות יער3% שומן 150 ג' מולר,מולר Muller,IL,יוגורט מולר פרופ דיאט פירות יער 150 מל,מיליליטרים,150.00,"100 מ""ל",false,1,5.40,3.6000,true,1,6368
7290102392049,true,גבינת תבור 5% לאפייה,,,גבינת תבור 5% לאפייה,Each,0.00,Each,false,,24.90,0.0000,true,1,6646
7290102392094,true,חלב עיזים 1 ל בקרטון,,,חלב עיזים 1 ל בקרטון,Each,0.00,Each,false,,15.90,0.0000,true,1,6645
7290102392254,false,"חלב בקרטון 1% 2 ליטר בד""צ - מוצר בפיקוח",מילקו תעשיות בעמ,IL,חלב 1% בקרטון 2 ל***,ליטרים,2.00,ליטר,false,1,11.72,5.8600,true,1,6647
7290102393039,true,יוגורט מולר מיקס טופ,,,יוגורט מולר מיקס טופ,Each,0.00,Each,false,,6.10,0.0000,true,1,7432
7290102393060,true,יוגורט מולר מיקס קרמ,,,יוגורט מולר מיקס קרמ,Each,0.00,Each,false,,6.10,0.0000,true,1,7431
7290102393169,true,מעדן מולר סימפלי פרו,,,מעדן מולר סימפלי פרו,Each,0.00,Each,false,,5.50,0.0000,true,1,7948
7290102393176,true,מעדן מולר סימפלי פרו,,,מעדן מולר סימפלי פרו,Each,0.00,Each,false,,5.50,0.0000,true,1,7949
7290102393190,true,מעדן מולר סימפלי פרו,,,מעדן מולר סימפלי פרו,Each,0.00,Each,false,,5.50,0.0000,true,1,7950
7290102393299,true,יוגורט עיזים לשתיה,,,יוגורט עיזים לשתיה,Each,0.00,Each,false,,13.90,0.0000,true,1,7718
7290102393718,true,גבינת חלומי בקר 200,,,גבינת חלומי בקר 200,Each,0.00,Each,false,,23.90,0.0000,true,1,7869
7290102393848,true,יוגורט עיזים תות 150,,,יוגורט עיזים תות 150,Each,0.00,Each,false,,6.50,0.0000,true,1,8118
7290102393855,true,יוגורט עיזים אפרסק 1,,,יוגורט עיזים אפרסק 1,Each,0.00,Each,false,,6.50,0.0000,true,1,8119
7290102393947,true,מעדן מולר סימפלי פרו,,,מעדן מולר סימפלי פרו,Each,0.00,Each,false,,5.50,0.0000,true,1,8290
7290102394081,true,יוגורט מולר מיקס קרמ,,,יוגורט מולר מיקס קרמ,Each,0.00,Each,false,,6.10,0.0000,true,1,8291
7290102394258,true,גבינת עיזים קשה מהעז,,,גבינת עיזים קשה מהעז,Each,0.00,Each,false,,25.90,0.0000,true,1,8540
7290102394814,false,"חמאה 200 גרם בד""צ - מוצר בפיקוח",Unknown,IL,חמאה רגילה 200 גרם,גרמים,200.00,100 גרם,false,1,8.50,4.2500,true,1,9046
7290102394821,true,גבינה צהובה דק דק פ.,,,גבינה צהובה דק דק פ.,Each,0.00,Each,false,,16.90,0.0000,true,1,9165
7290102394845,true,גבינה צהובה דק דק פ.,,,גבינה צהובה דק דק פ.,Each,0.00,Each,false,,17.90,0.0000,true,1,9166
7290102395101,true,ממרח גבינה ושוקולד ש,,,ממרח גבינה ושוקולד ש,Each,0.00,Each,false,,11.90,0.0000,true,1,11617
7290102395217,false,מאגדת שמיניה מולר במתיקות מעודנת 1.2% 8*150 ג',מולר Muller,IL,מאגדת 8יח יוגורט ביו במתיקות 2% 150מל,מיליליטרים,1200.00,"100 מ""ל",false,1,14.90,1.2417,true,1,9889
7290102395224,false,שמיניית יוגורט ביו ביאנקו 1.7% מולר 150 גרם,מולר Muller,IL,מארז 8יח יוגורט מולר ביאנקו 1.7% 150 מל,מיליליטרים,1200.00,"100 מ""ל",false,1,14.90,1.2417,true,1,9876
7290102395231,false,שמיניית יוגורט ביו ביאנקו 2.8% מולר 150 גרם,מולר Muller,IL,מארז 8יח יוגורט מולר ביאנקו 2.8% 150מל,מיליליטרים,1200.00,"100 מ""ל",false,1,14.90,1.2417,true,1,9877
7290102395262,true,מאגדת מולר סימפלי פר,,,מאגדת מולר סימפלי פר,Each,0.00,Each,false,,31.90,0.0000,true,1,10080
7290102395408,true,גבינה צהובה נעם 28%,,,גבינה צהובה נעם 28%,קילוגרמים,1.00,"ק""ג",true,,44.79,44.7900,true,1,10256
7290102395415,true,גבינה צהובה 9% נעם ב,,,גבינה צהובה 9% נעם ב,קילוגרמים,1.00,"ק""ג",true,,85.00,85.0000,true,1,10582
7290102395446,true,מעדן מוו וניל וקצפת,,,מעדן מוו וניל וקצפת,Each,0.00,Each,false,,2.90,0.0000,true,1,9888
7290102395477,true,מעדן מוו שוקולד עם ק,,,מעדן מוו שוקולד עם ק,Each,0.00,Each,false,,2.90,0.0000,true,1,9886
7290102395521,true,שמנת לבישול 15% 500מ,,,שמנת לבישול 15% 500מ,Each,0.00,Each,false,,16.90,0.0000,true,1,11972
7290102396399,false,שמיניית מעדן שוקולד מוו 1.5% טרה 100 גרם,Unknown,IL,מאגדת 8 יח מעדן שוקולד מו 100 גרם,גרמים,800.00,100 גרם,false,1,13.90,1.7375,true,1,12352
7290102396405,false,שמיניית מעדן וניל מוו 1.5% טרה 100 גרם,Unknown,IL,מאגדת 8 יח מעדן וניל מו 100 גרם,גרמים,800.00,100 גרם,false,1,13.90,1.7375,true,1,12353
7290102396436,true,מעדן מוו שוקולד 1.5%,,,מעדן מוו שוקולד 1.5%,Each,0.00,Each,false,,2.90,0.0000,true,1,12205
7290102396443,true,מעדן מוו וניל 1.5% 1,,,מעדן מוו וניל 1.5% 1,Each,0.00,Each,false,,2.90,0.0000,true,1,12207
7290102396580,true,מעדן מוו שוקולד ומוס,,,מעדן מוו שוקולד ומוס,Each,0.00,Each,false,,2.90,0.0000,true,1,12354
7290102396665,true,גבינה צהובה נועם דק,,,גבינה צהובה נועם דק,Each,0.00,Each,false,,16.90,0.0000,true,1,14293
7290102396672,true,גבינה צהובה נועם דק,,,גבינה צהובה נועם דק,Each,0.00,Each,false,,28.50,0.0000,true,1,14294
7290102396740,true,מאגדת מולר סימפלי פר,,,מאגדת מולר סימפלי פר,Each,0.00,Each,false,,31.90,0.0000,true,1,12909
7290102396979,true,מעדן מולר אננס 0% סי,,,מעדן מולר אננס 0% סי,Each,0.00,Each,false,,5.50,0.0000,true,1,15129
7290102397075,true,יוגורט 4% 1.5 ליטר ב,,,יוגורט 4% 1.5 ליטר ב,Each,0.00,Each,false,,15.50,0.0000,true,1,13684
7290102397204,true,גבינה צהובה נועם דק,,,גבינה צהובה נועם דק,Each,0.00,Each,false,,16.90,0.0000,true,1,14292
7290102397310,true,מאגדת 8 יח מיני מוו,,,מאגדת 8 יח מיני מוו,Each,0.00,Each,false,,13.90,0.0000,true,1,15620
7290102397334,true,גבינה בולגרית 5% 250,,,גבינה בולגרית 5% 250,Each,0.00,Each,false,,24.90,0.0000,true,1,15495
7290102397464,true,יוגורט מולר מיקס טופ,,,יוגורט מולר מיקס טופ,Each,0.00,Each,false,,6.10,0.0000,true,1,18388
7290102397600,true,יוגורט מולר מיקס טופ,,,יוגורט מולר מיקס טופ,Each,0.00,Each,false,,6.10,0.0000,true,1,16510
7290102397617,true,יוגורט מולר מיקס טופ,,,יוגורט מולר מיקס טופ,Each,0.00,Each,false,,6.10,0.0000,true,1,16511
7290102397679,true,גבינת קוטג 5% מועשר,,,גבינת קוטג 5% מועשר,Each,0.00,Each,false,,8.90,0.0000,true,1,19015
7290102397730,true,גבינת אמנטל נעם 28%,,,גבינת אמנטל נעם 28%,Each,0.00,Each,false,,17.90,0.0000,true,1,32165
7290102397747,true,גבינת מוצרלה 200גר ר,,,גבינת מוצרלה 200גר ר,Each,0.00,Each,false,,19.90,0.0000,true,1,21261
7290102397891,true,גבינה מותכת משק צורי,,,גבינה מותכת משק צורי,Each,0.00,Each,false,,7.90,0.0000,true,1,18411
7290102398058,false,"חלב שקית 3% פיקוח טרה 1 ליטר בד""צ",הפריט בפיקוח,IL,חלב 3% שקית 1 ליטר מהדרין***וסטהיים,ליטרים,1.00,ליטר,false,1,5.43,5.4300,true,1,20206
7290102398065,false,חלב טרה בקרטון 2 ליטר מהדרין 3% - מוצר בפיקוח,הפריט בפיקוח,IL,חלב 3% בקרטון 2 ל*** מהדרין וסט,ליטרים,2.00,ליטר,false,1,12.46,6.2300,true,1,19318
7290102398072,false,"חלב קרטון 3%-1 ליטר "" טרה"" -מוצר פיקוח",הפריט בפיקוח,IL,חלב 3% בקרטון 1 ליטר מהדרין***מהדרין וסט,ליטרים,1.00,ליטר,false,1,6.23,6.2300,true,1,19319
7290102398287,false,יוגורט מולר פרופ תות,Unknown,IL,מעדן מולר פרוופ תות 150 מל,מיליליטרים,150.00,"100 מ""ל",false,1,5.40,3.6000,true,1,21112
7290102398294,false,יוגורט פרופ מנגו 150 גרם,Unknown,IL,מעדן מולר פרוופ מנגו 150 גר,מיליליטרים,150.00,"100 מ""ל",false,1,5.40,3.6000,true,1,21111
7290102398331,true,חלב מעושר דל לקטוז 1,,,חלב מעושר דל לקטוז 1,Each,0.00,Each,false,,8.20,0.0000,true,1,21115
7290102398348,false,מולר מיקס מיני ריבוע170ג,טרה,IL,יוגורט מולר מיקס ריבועי נוגט 170גר,גרמים,170.00,100 גרם,false,1,6.10,3.5882,true,1,21795
7290102398560,false,שוקו טרה מועשר בבקבוק 1 ליטר,מילקו תעשיות בעמ,IL,שוקו טרה 1ליטר בקבוק,ליטרים,1.00,ליטר,false,1,12.90,12.9000,true,1,23589
7290102398577,false,משקה חלב בטעם שוקו 2% בבקבוק אישי,מילקו תעשיות בעמ,IL,שוקו מועשר 250מל טרה בקבוק,מיליליטרים,250.00,"100 מ""ל",false,1,5.90,2.3600,true,1,23592
7290102398638,false,משקה חלב בטעם מוקה טרה 1 ליטר,מילקו תעשיות בעמ,IL,משקה חלב בטעם מוקה 1 ליטר בקבוק,ליטרים,1.00,ליטר,false,1,12.90,12.9000,true,1,23591
7290102398669,false,משקה חלב אייס קפוצ'ינו טרה 1 ליטר,מילקו תעשיות בעמ,IL,אייס קפוצינו 1 ליטר,ליטרים,1.00,ליטר,false,1,12.90,12.9000,true,1,33258
7290102398782,true,משקה סויה קלאסי 1ליט,,,משקה סויה קלאסי 1ליט,Each,0.00,Each,false,,11.90,0.0000,true,1,31015
7290102398799,true,משקה סויה במתיקות מו,,,משקה סויה במתיקות מו,Each,0.00,Each,false,,11.90,0.0000,true,1,31013
7290102398805,true,משקה סויה בטעם וניל,,,משקה סויה בטעם וניל,Each,0.00,Each,false,,11.90,0.0000,true,1,31012
7290102398836,true,משקה שקדים קלאסי 1לי,,,משקה שקדים קלאסי 1לי,Each,0.00,Each,false,,12.90,0.0000,true,1,31016
7290102399048,true,גבינת קשקבל 200 גרם,,,גבינת קשקבל 200 גרם,Each,0.00,Each,false,,23.90,0.0000,true,1,28617
7290102399635,false,"מולר פרופ יוגורט ביו עם קציפת קוקוס ואננס 150 מ""ל",מולר Muller,IL,מעדן מולר פרוופ טרופיקל קוקוס אננס 150גר,מיליליטרים,150.00,"100 מ""ל",false,1,5.40,3.6000,true,1,33256
7290102399697,true,מעדן מולר סימפלי פרו,,,מעדן מולר סימפלי פרו,Each,0.00,Each,false,,5.50,0.0000,true,1,30162
7290102399772,true,ממרח חמאה מולר ספרדב,,,ממרח חמאה מולר ספרדב,Each,0.00,Each,false,,17.90,0.0000,true,1,34425
7290102399789,true,ממרח חמאה מולר ספרדב,,,ממרח חמאה מולר ספרדב,Each,0.00,Each,false,,17.90,0.0000,true,1,34426
7290102399796,true,מעדן מולר אקטיב 25גר,,,מעדן מולר אקטיב 25גר,Each,0.00,Each,false,,5.90,0.0000,true,1,32030
7290102399802,true,מעדן מולר אקטיב 20גר,,,מעדן מולר אקטיב 20גר,Each,0.00,Each,false,,6.00,0.0000,true,1,32029
7290102399819,true,מעדן מולר אקטיב 20גר,,,מעדן מולר אקטיב 20גר,Each,0.00,Each,false,,6.00,0.0000,true,1,32028
7290102399857,true,מעדן מולר אקטיב 20גר,,,מעדן מולר אקטיב 20גר,Each,0.00,Each,false,,6.00,0.0000,true,1,34428
7290102399864,true,מעדן מולר אקטיב 20גר,,,מעדן מולר אקטיב 20גר,Each,0.00,Each,false,,6.00,0.0000,true,1,34429
7290102444922,false,רשת צליה עמוק רשת,,,רשת צליה עמוק רשת 25/33/5סמ,יחידה,1.00,יחידה,false,1,44.90,44.9000,true,1,38663
7290102446858,true,סט 6 כפיות מעוגל וינ,,,סט 6 כפיות מעוגל וינ,Each,0.00,Each,false,,11.90,0.0000,true,1,22560
7290102446865,true,סט 6 כפות מעוגל וינה,,,סט 6 כפות מעוגל וינה,Each,0.00,Each,false,,18.90,0.0000,true,1,22561
7290102446940,false,סט 6 כפיות לימונדה,,,סט 6 כפיות לימונדה זהב מעוגל,יחידה,6.00,יחידה,false,1,32.90,5.4833,true,1,36242
7290102449040,true,כף עץ מקצועי,,,כף עץ מקצועי,Each,0.00,Each,false,,11.90,0.0000,true,1,7015
7290102457168,true,סט 4 כפות מידה פסטל,,,סט 4 כפות מידה פסטל,Each,0.00,Each,false,,11.90,0.0000,true,1,32542
7290103120658,true,דאו.ספיד סטיק גל לגב,,,דאו.ספיד סטיק גל לגב,Each,0.00,Each,false,,18.90,0.0000,true,1,6440
7290103121600,true,דאו.ספיד סטיק ספריי,,,דאו.ספיד סטיק ספריי,Each,0.00,Each,false,,15.90,0.0000,true,1,6905
7290103124588,true,אלסבון פלמוליב משאבה,,,אלסבון פלמוליב משאבה,Each,0.00,Each,false,,16.90,0.0000,true,1,8456
7290103124601,true,אלסבון פלמוליב משאבה,,,אלסבון פלמוליב משאבה,Each,0.00,Each,false,,16.90,0.0000,true,1,8455
7290103126797,true,מש.שיניים קולגייט סנ,,,מש.שיניים קולגייט סנ,Each,0.00,Each,false,,18.90,0.0000,true,1,8072
7290103129378,false,ספיד סטיק - דאודורנט ג'ל לגבר איקס 5 85 גרם,הנסיך- מפעל לייצור ט,US,דאו.ספיד סטיק גל אקטיב אקס 5,גרמים,51.00,100 גרם,false,1,18.90,37.0588,true,1,9780
7290103129392,true,דאו.ליידי ספיד סטיק,,,דאו.ליידי ספיד סטיק,Each,0.00,Each,false,,18.90,0.0000,true,1,9955
7290103156336,false,מזלגות איכותיים צבעו,MAZLUM,,מזלגות חד פעמי צבעוני 100 יח,יחידה,100.00,יחידה,false,1,21.90,0.2190,true,1,14665
7290103157678,true,צלחות גדולות חד פעמי,,,צלחות גדולות חד פעמי,Each,0.00,Each,false,,39.90,0.0000,true,1,14681
7290103400194,false,"כרוב לבן 400 גר בד""צ ירקות שטראוס",שטראוס בריאות ירקות טריי,IL,כרוב לבן חתוך 400 גר בדץ אחלה,גרמים,400.00,100 גרם,false,1,9.00,2.2500,true,1,7648
7290103400255,false,"סלט קולסלאו 400 גרם בד""צ ירקות שטראוס",שטראוס בריאות ירקות טריי,IL,סלט קולאסלאו 400 גר בדץ אחלה,גרמים,400.00,100 גרם,false,1,9.00,2.2500,true,1,7654
7290103402853,false,אצבעות שוקולד מגדים 96 ג,STRAUSS-ISRAEL,IL,שוק.אצבעות מילוי קרם חלבי 96 גר,Unknown,0.00,Unknown,false,1,7.50,0.0000,true,1,46898
7290103404758,true,סלט כרוב יום יום 120,,,סלט כרוב יום יום 120,Each,0.00,Each,false,,5.50,0.0000,true,1,6678
7290103681173,true,יין תבור הר קברנה סו,,,יין תבור הר קברנה סו,Each,0.00,Each,false,,45.00,0.0000,true,1,27264
7290103681180,true,יין תבור הר מרלו 750,,,יין תבור הר מרלו 750,Each,0.00,Each,false,,45.00,0.0000,true,1,27262
7290103681197,true,יין תבור הר שיראז 75,,,יין תבור הר שיראז 75,Each,0.00,Each,false,,45.00,0.0000,true,1,27263
7290103681210,true,יין תבור הר שרדונה 7,,,יין תבור הר שרדונה 7,Each,0.00,Each,false,,45.00,0.0000,true,1,27265
7290103681227,true,יין גוורצטרמיננר 750,,,יין גוורצטרמיננר 750,Each,0.00,Each,false,,45.00,0.0000,true,1,27266
7290103681289,false,"יין אדמה קברנה תנשמת 750 מ""ל",יקב תבור,IL,יין אדמה קברנה סוביניון 750 מל,מיליליטרים,750.00,"100 מ""ל",false,6,60.00,8.0000,true,1,35715
7290103681302,false,"יין אדמה שיראז תנשמת 750 מ""ל",יקב תבור,IL,יין אדמה שיראז 750 מל,מיליליטרים,750.00,"100 מ""ל",false,6,60.00,8.0000,true,1,35717
7290104061417,false,סלט חומוס עם טחינה אחלה 400 גרם,"שטראוס גרופ בע""\מ",IL,סלט חומוס עם טחינה 400 גר אחלה,גרמים,400.00,100 גרם,false,,10.90,2.7250,true,1,7124
7290104061424,true,סלט חומוס עם זעתר 40,,,סלט חומוס עם זעתר 40,Each,0.00,Each,false,,10.90,0.0000,true,1,7127
7290104061431,true,סלט חומוס עם צנובר 4,,,סלט חומוס עם צנובר 4,Each,0.00,Each,false,,10.90,0.0000,true,1,7126
7290104061448,true,סלט חומוס עם חריף 40,,,סלט חומוס עם חריף 40,Each,0.00,Each,false,,10.90,0.0000,true,1,7125
7290104062599,true,מארז 8 גמדים תות בננ,,,מארז 8 גמדים תות בננ,Each,0.00,Each,false,,19.90,0.0000,true,1,7172
7290104065934,false,עלי רוקט שטראוס 150 גרם,שטראוס בריאות ירקות טריי,IL,עלי רוקט שטראוס 150 גר,גרמים,150.00,100 גרם,false,1,10.00,6.6667,true,1,7463
7290104067198,true,שוקולד ספלנדיד מריר,,,שוקולד ספלנדיד מריר,Each,0.00,Each,false,,10.90,0.0000,true,1,7706
7290104067679,true,סלט טחינה אחלה 400גר,,,סלט טחינה אחלה 400גר,Each,0.00,Each,false,,10.90,0.0000,true,1,11279
7290104067693,true,חומוס חריף 150 גר אח,,,חומוס חריף 150 גר אח,Each,0.00,Each,false,,5.50,0.0000,true,1,11386
7290104068539,true,מסטיק מאסט מלון אבטי,,,מסטיק מאסט מלון אבטי,Each,0.00,Each,false,,5.00,0.0000,true,1,7660
7290104068546,true,מסטיק מאסט קולה עם ק,,,מסטיק מאסט קולה עם ק,Each,0.00,Each,false,,5.00,0.0000,true,1,7780
7290104500572,true,חטיף אפרופו איטליאנו,,,חטיף אפרופו איטליאנו,Each,0.00,Each,false,,5.00,0.0000,true,1,8211
7290104508189,true,גביעי גלידה ממותקים,,,גביעי גלידה ממותקים,Each,0.00,Each,false,,12.90,0.0000,true,1,8255
7290104570162,false,תמרים כבושים 500גרם בית שאן,תמר העמקים בית שאן,IL,תמרים כבושים 500 גר,גרמים,500.00,100 גרם,false,1,13.90,2.7800,true,1,10449
7290104570629,false,ממרח גביע ירוק 450 ג' ירדן,"תמר העמקים בע""מ",IL,ממרח תמרים צמח 450 גרם,גרמים,450.00,100 גרם,false,1,5.90,1.3111,true,1,16921
7290104615238,true,זרים אחידים,,,זרים אחידים,Each,0.00,Each,false,,30.00,0.0000,true,1,27125
7290104615252,true,זרים אחידים,,,זרים אחידים,Each,0.00,Each,false,,40.00,0.0000,true,1,10790
7290104615467,true,צמחים,,,צמחים,Each,0.00,Each,false,,18.00,0.0000,true,1,10755
7290104615719,true,צמחים,,,צמחים,Each,0.00,Each,false,,30.00,0.0000,true,1,10765
7290104615757,true,צמחים,,,צמחים,Each,0.00,Each,false,,36.00,0.0000,true,1,10768
7290104615795,true,צמחים,,,צמחים,Each,0.00,Each,false,,40.00,0.0000,true,1,10770
7290104615948,true,צמחים,,,צמחים,Each,0.00,Each,false,,55.00,0.0000,true,1,10774
7290104618208,true,צמחים,,,צמחים,Each,0.00,Each,false,,60.00,0.0000,true,1,10775
7290104618253,true,צמחים,,,צמחים,Each,0.00,Each,false,,85.00,0.0000,true,1,10780
7290104721533,true,סלט רצועות פלפלים קל,,,סלט רצועות פלפלים קל,Each,0.00,Each,false,,16.90,0.0000,true,1,8008
7290104722219,true,עוגת שוקולד קרם שוקו,,,עוגת שוקולד קרם שוקו,Each,0.00,Each,false,,14.90,0.0000,true,1,8710
7290104724718,false,שוק.במילוי קרם נוגט100גר,STRAUSS-ISRAEL,IL,שוקולד פרה במילוי נוגט 100 ג מגדים,גרמים,100.00,100 גרם,false,1,5.90,5.9000,true,1,33046
7290104726262,true,מארז 4 יח דני לשתיה,,,מארז 4 יח דני לשתיה,Each,0.00,Each,false,,11.90,0.0000,true,1,8106
7290104729003,false,"יד מרדכי - שמן זית כתית מעולה 2 קלאסי 750 מ""ל",מכוורת יד מרדכי שטרא,IL,שמן זית כתית מעולה 750 מל יד מרדכי,מיליליטרים,750.00,"100 מ""ל",false,1,33.90,4.5200,true,1,8180
7290104852459,true,נרות שבת 12יח 140 גר,,,נרות שבת 12יח 140 גר,Each,0.00,Each,false,,4.90,0.0000,true,1,14701
7290104852794,true,תבנית אלומיניום לאוב,,,תבנית אלומיניום לאוב,Each,0.00,Each,false,,12.90,0.0000,true,1,16079
7290104852800,true,תבנית אלומיניום מלבן,,,תבנית אלומיניום מלבן,Each,0.00,Each,false,,12.90,0.0000,true,1,16080
7290104855672,true,מגש חד פעמי יהלום שק,,,מגש חד פעמי יהלום שק,Each,0.00,Each,false,,6.90,0.0000,true,1,14899
7290104858178,true,כוסות קרטון חד פעמי,,,כוסות קרטון חד פעמי,Each,0.00,Each,false,,14.90,0.0000,true,1,17672
7290104858703,true,מפיות חג שמח 75יח דו,,,מפיות חג שמח 75יח דו,Each,0.00,Each,false,,9.90,0.0000,true,1,24735
7290104859274,true,מארז זוג שקיות אוכל,,,מארז זוג שקיות אוכל,Each,0.00,Each,false,,9.90,0.0000,true,1,19524
7290104859786,false,תבנית אלומיניום בינו,,IL,תבנית אלומיניום בינונית 7יח אר31 פאלאס,יחידה,7.00,יחידה,false,1,8.90,1.2714,true,1,23403
7290104859793,false,תבנית אלומיניום ענקי,,IL,תבנית אלומיניום ענקיות 4יח אר99 פאלאס,יחידה,4.00,יחידה,false,1,8.90,2.2250,true,1,23405
7290104859809,false,תבנית אלומיניום ארוכ,,IL,תבנית אלומיניום אינגליש קייק14יח אר88פאל,יחידה,14.00,יחידה,false,1,8.90,0.6357,true,1,23404
7290104859823,true,תבנית אלומיניום מלבן,,,תבנית אלומיניום מלבן,Each,0.00,Each,false,,9.90,0.0000,true,1,22866
7290104859830,true,תבנית אלומיניום עגול,,,תבנית אלומיניום עגול,Each,0.00,Each,false,,10.90,0.0000,true,1,23833
7290104960970,true,דאו.ספריי טיטניום מט,,,דאו.ספריי טיטניום מט,Each,0.00,Each,false,,17.90,0.0000,true,1,8593
7290104962073,true,דאו.ספריי טיטניום גו,,,דאו.ספריי טיטניום גו,Each,0.00,Each,false,,17.90,0.0000,true,1,11115
7290104962745,true,קרם הגנה סקין גארד ש,,,קרם הגנה סקין גארד ש,Each,0.00,Each,false,,44.90,0.0000,true,1,13377
7290104963001,true,מארז 4יח מגבוני סופט,,,מארז 4יח מגבוני סופט,Each,0.00,Each,false,,18.90,0.0000,true,1,16036
7290104963018,true,מארז 4יח מגבוני סופט,,,מארז 4יח מגבוני סופט,Each,0.00,Each,false,,19.90,0.0000,true,1,16037
7290104963223,true,אל סבון סופטקר קלאסי,,,אל סבון סופטקר קלאסי,Each,0.00,Each,false,,16.90,0.0000,true,1,16403
7290104963971,true,קרם הגנה סקין גארד ס,,,קרם הגנה סקין גארד ס,Each,0.00,Each,false,,46.90,0.0000,true,1,21453
7290104964008,true,תחליב הגנה סקין גארד,,,תחליב הגנה סקין גארד,Each,0.00,Each,false,,44.90,0.0000,true,1,15838
7290104964688,true,ספריי הגנה סקינגארד,,,ספריי הגנה סקינגארד,Each,0.00,Each,false,,39.90,0.0000,true,1,27363
7290104965661,false,קרליין דאו ספרי נושם סוויט קיס לנערות150,"אמיליה קוסמטיקס בע""מ",IL,דאו קרליין ספריי נושם בנות סוויט קיס 200,מיליליטרים,200.00,"100 מ""ל",false,1,12.90,6.4500,true,1,39032
7290105360250,true,קפסולות אספרסו 9 מקי,,,קפסולות אספרסו 9 מקי,Each,0.00,Each,false,,17.00,0.0000,true,1,9927
7290105360328,true,קפסולות אספרסו 10 חז,,,קפסולות אספרסו 10 חז,Each,0.00,Each,false,,17.00,0.0000,true,1,9929
7290105362339,false,"שמנת לבישול 15% 250 מ""ל יטבתה מהדרין",שטראוס גרופ,IL,שמנת לבישול מפוסטרת 15%,גרמים,241.00,100 גרם,false,1,6.90,2.8631,true,1,9230
7290105364289,true,חטיף כיף כף מקלות שו,,,חטיף כיף כף מקלות שו,Each,0.00,Each,false,,5.50,0.0000,true,1,9810
7290105364678,true,משקה דנונה אקטיביה א,,,משקה דנונה אקטיביה א,Each,0.00,Each,false,,5.40,0.0000,true,1,8336
7290105364883,true,ביסקויט עד חצות שוקו,,,ביסקויט עד חצות שוקו,Each,0.00,Each,false,,13.90,0.0000,true,1,9286
7290105366023,true,סלט חציל בטעם כבד 40,,,סלט חציל בטעם כבד 40,Each,0.00,Each,false,,16.90,0.0000,true,1,8537
7290105366054,true,סלט טחינה לבנה ופטרו,,,סלט טחינה לבנה ופטרו,Each,0.00,Each,false,,16.90,0.0000,true,1,8640
7290105366993,true,גב.סימפוניה פלפל שיפ,,,גב.סימפוניה פלפל שיפ,Each,0.00,Each,false,,11.90,0.0000,true,1,11384
7290105368225,true,סלט חומוס עם פלפל שי,,,סלט חומוס עם פלפל שי,Each,0.00,Each,false,,10.90,0.0000,true,1,9473
7290105368294,false,שום ישראלי קלוף 120 גר י,"איקה חקלאות בע""מ",IL,שום ישראלי קלוף 120 גרם אחלה,גרמים,120.00,100 גרם,false,1,10.90,9.0833,true,1,13867
7290105368331,false,מעדן מילקי בטעם תות עם קצפת,מחלבת אחיהוד,IL,מעדן מילקי תות 133 גרם,גרמים,133.00,100 גרם,false,1,2.90,2.1805,true,1,9409
7290105368904,false,"שמנת מתוקה להקצפה 32% שומן 250 מ""ל יוטבתה",שטראוס גרופ,IL,שמנת מתוקה 32% 241 מל,מיליליטרים,241.00,"100 מ""ל",false,24,7.90,3.2780,true,1,9689
7290105368928,true,שמנת חמוצה 9% 200מל,,,שמנת חמוצה 9% 200מל,Each,0.00,Each,false,,3.20,0.0000,true,1,9231
7290105368959,true,פונץ בננה יוטבתה פקק,,,פונץ בננה יוטבתה פקק,Each,0.00,Each,false,,5.80,0.0000,true,1,9229
7290105369130,true,גב.סימפוניה 5% בצל י,,,גב.סימפוניה 5% בצל י,Each,0.00,Each,false,,11.90,0.0000,true,1,10042
7290105369147,false,שוק.ספלנדיד פירות יער100,STRAUSS-ISRAEL,IL,שוקולד ספלנדיד פירות יער 100 גר,גרמים,100.00,100 גרם,false,1,10.90,10.9000,true,1,9134
7290105369451,false,צ'יטוס דולפינים בטעם גבינה 55 גרם,שטראוס פריטו ליי (מל,IL,חטיף ציטוס דולפינים 55 גר,Unknown,0.00,Unknown,false,1,3.60,0.0000,true,1,8805
7290105430458,true,אלסבון פלמוליב משאבה,,,אלסבון פלמוליב משאבה,Each,0.00,Each,false,,16.90,0.0000,true,1,10522
7290105431516,false,מארז חטיף פריי תמרים ובוטנים ללא גלוטן ותוספת סוכר 125 גרם,טבעית מוצרים מן הטבע בעמ,IL,חטיף פרי תמרים בוטנים 5 יח 125 גר,גרמים,125.00,100 גרם,false,1,16.90,13.5200,true,1,10169
7290105431868,true,אלסבון פלמוליב ספא ק,,,אלסבון פלמוליב ספא ק,Each,0.00,Each,false,,16.90,0.0000,true,1,11358
7290105434050,true,דאו.ספיד סטיק ירוק ר,,,דאו.ספיד סטיק ירוק ר,Each,0.00,Each,false,,18.90,0.0000,true,1,14406
7290105436382,false,חטיף פרי תמרים קשיו ללא תוספת סוכר וגלוטן 5 יח,טבעית מוצרים מן הטבע בעמ,IL,מארז חטיף פריי תמר קשיו 125יח,גרמים,125.00,100 גרם,false,1,16.90,13.5200,true,1,12263
7290105438539,true,נייר אפיה קוקי 40 יח,,,נייר אפיה קוקי 40 יח,Each,0.00,Each,false,,9.90,0.0000,true,1,12939
7290105439505,true,מיונז הולנדי לייט מא,,,מיונז הולנדי לייט מא,Each,0.00,Each,false,,11.90,0.0000,true,1,17430
7290105439581,false,מנה מאסטר שף חרדל דיזיון צרפתי 370 גר,רמיה סי.וי.הולנד,FR,חרדל דיזון צרפתי מאסטר 370 גרם,Unknown,0.00,Unknown,false,1,11.90,0.0000,true,1,15641
7290105439598,false,מאסטר שף חרדל דיז'ון גרגירים 370 גר כשלפ,סאס קווינור צרפת,FR,חרדל דיזון צרפתי גרגירים מאסטר 370 גרם,Unknown,0.00,Unknown,false,1,11.90,0.0000,true,1,15642
7290105473950,false,חול חתולים מתגבש יור,יורוקיטי,TR,חול חתולים מתגבש יורוקיטי 5 קג,קילוגרמים,5.00,"ק""ג",false,1,42.90,8.5800,true,1,11817
7290105474049,false,מעדן מוס לה קט עוף 1,HIQ FOOD PRODUCTS,TH,מעדן לה קט מוס עוף 155גר,גרמים,155.00,100 גרם,false,1,6.10,3.9355,true,1,12128
7290105475787,false,מולטיפק לה קט נתחונים בגלי 400 גר*3,SAS FIDELE,FR,מארז 3 מעדני לה קט נתחונים בגלי 400 גרם,קילוגרמים,1.20,"ק""ג",false,1,19.90,16.5833,true,1,15182
7290105500236,false,וויסקי ג'ק דניאלס מס' 7 Brand No,ג'ק דניאלס Jack Daniel's,US,וויסקי גק דניאלס 700 מל פקדון,מיליליטרים,700.00,"100 מ""ל",false,6,125.00,17.8571,true,1,9970
7290105691224,true,חטיפי פריכונים טורטי,,,חטיפי פריכונים טורטי,Each,0.00,Each,false,,7.90,0.0000,true,1,8739
7290105692474,false,עוגת בראוניס קוקוס 430גר,"אסם השקעות בע""\מ",IL,עוגת בראוניס קוקוס כשלפ 430 ג,גרמים,430.00,100 גרם,false,1,12.90,3.0000,true,1,9076
7290105694614,true,פסטה אסם ספגטי מהיר,,,פסטה אסם ספגטי מהיר,Each,0.00,Each,false,,7.50,0.0000,true,1,9523
7290105695321,false,עוגת הבית בראוניס פאדג' אסם 380 גרם,מיוצר עי קונדיטוריית,IL,עוגת בראוניס פאדג 380 גר שמו,גרמים,380.00,100 גרם,false,1,16.90,4.4474,true,1,9461
7290105695895,false,עוגת הבית דמקה דבש אסם 320 גרם,"אסם תעשיות בע""מ",IL,עוגת דמקה דבש בחושה 320 ג,גרמים,320.00,100 גרם,false,1,10.90,3.4063,true,1,9521
7290105961181,true,פונץ בננה יטבתה בקבו,,,פונץ בננה יטבתה בקבו,Each,0.00,Each,false,,12.10,0.0000,true,1,9228
7290105962331,true,סחוג אחלה זהבי חריף,,,סחוג אחלה זהבי חריף,Each,0.00,Each,false,,13.50,0.0000,true,1,9293
7290105962980,true,סלט כרוב אדום אחלה,,,סלט כרוב אדום אחלה,Each,0.00,Each,false,,10.90,0.0000,true,1,9412
7290105962997,true,סלט חצילים במיונז אח,,,סלט חצילים במיונז אח,Each,0.00,Each,false,,10.90,0.0000,true,1,9411
7290105963000,true,סלט מטבוחה אחלה 400ג,,,סלט מטבוחה אחלה 400ג,Each,0.00,Each,false,,10.90,0.0000,true,1,9410
7290105964564,true,סלט חומוס אחלה 400גר,,,סלט חומוס אחלה 400גר,Each,0.00,Each,false,,8.90,0.0000,true,1,9413
7290105965493,true,שוקולד ספלנדיד מוס ש,,,שוקולד ספלנדיד מוס ש,Each,0.00,Each,false,,10.90,0.0000,true,1,14356
7290105965516,true,שוקולד ספלנדיד מוס א,,,שוקולד ספלנדיד מוס א,Each,0.00,Each,false,,10.90,0.0000,true,1,14354
7290105965738,true,משקה דנונה תות בננה,,,משקה דנונה תות בננה,Each,0.00,Each,false,,5.40,0.0000,true,1,11837
7290105966469,true,חומץ בלסמי ממודנה 25,,,חומץ בלסמי ממודנה 25,Each,0.00,Each,false,,15.90,0.0000,true,1,10092
7290105968098,true,סלט קולסלאו 500 גר,,,סלט קולסלאו 500 גר,Each,0.00,Each,false,,16.90,0.0000,true,1,9761
7290105968654,true,רביולי בטטה 400 גר,,,רביולי בטטה 400 גר,Each,0.00,Each,false,,19.90,0.0000,true,1,9760
7290105968777,true,פרכיות אנרגי שוקולד,,,פרכיות אנרגי שוקולד,Each,0.00,Each,false,,7.90,0.0000,true,1,10453
7290106506961,true,תחבושות אולוויז רדיא,,,תחבושות אולוויז רדיא,Each,0.00,Each,false,,32.90,0.0000,true,1,19521
7290106520066,false,"רבע לשבע שוקולד חלב במילוי אגוזים עלית 160 גרם בד""צ","הגביע מוצרי וופלים בע""\מ",IL,גלילי ופל רבע לשבע 160 גר,גרמים,160.00,100 גרם,false,1,12.90,8.0625,true,1,9811
7290106520288,false,יוגורט פרו חלבון עם תות 2.4% שומן 150 ג' דנונה,"שטראוס בריאות בע""מ",IL,דנונה וואו תות 150גרם 2.4% שומן,גרמים,150.00,100 גרם,false,1,4.90,3.2667,true,1,15453
7290106520905,true,סלט טורקי 400 גר,,,סלט טורקי 400 גר,Each,0.00,Each,false,,16.90,0.0000,true,1,10081
7290106520912,false,"שמנת 9% לבישול יטבתה 250 מ""ל מהדרין",שטראוס גרופ,IL,שמנת לבישול מפוסטרת 9% 250מל יטבתה,גרמים,250.00,100 גרם,false,1,6.90,2.7600,true,1,10505
7290106521049,true,סלט קוביות סלק 400גר,,,סלט קוביות סלק 400גר,Each,0.00,Each,false,,16.90,0.0000,true,1,11114
7290106521612,false,חטיף ופל מצופה טורטי,STRAUSS-ISRAEL,IL,מאגדת 4יח וופל טורטית160 גר,גרמים,160.00,100 גרם,false,1,14.00,8.7500,true,1,10340
7290106521629,false,מאגדת טוויסט 4 * 28 גרם,STRAUSS-ISRAEL,IL,מאגדת 4 יח וופל טוויסט 112 גר,גרמים,112.00,100 גרם,false,1,14.00,12.5000,true,1,10338
7290106521650,false,חטיף שוקולד חלב טעמי,STRAUSS-ISRAEL,IL,מאגדת 4 יח וופל טעמי 160 גר,גרמים,160.00,100 גרם,false,1,14.00,8.7500,true,1,10341
7290106521926,true,קפה טורקי 150 ג עלית,,,קפה טורקי 150 ג עלית,Each,0.00,Each,false,,11.90,0.0000,true,1,34042
7290106524439,true,חטיף תפוציפס פופס 60,,,חטיף תפוציפס פופס 60,Each,0.00,Each,false,,4.30,0.0000,true,1,21013
7290106525368,false,גלילי וופל רבע לשבע אין סייד אוט 125 גר,"הגביע מוצרי וופלים בע""\מ",IL,גלילי וופל רבע לשבע אין סייד אוט 125 גר,גרמים,125.00,100 גרם,false,1,12.90,10.3200,true,1,11278
7290106525399,true,קפסולות אספרסו 6 ברז,,,קפסולות אספרסו 6 ברז,Each,0.00,Each,false,,17.00,0.0000,true,1,16203
7290106525405,true,קפסולות אספרסו נטול,,,קפסולות אספרסו נטול,Each,0.00,Each,false,,17.00,0.0000,true,1,12292
7290106526822,false,פריכיות אורז חום מלא תחתית שוקולד חלב 80 גרם,"טחנת האבן תעשיות בע""",IL,פרכיות אנרגי שוקולד חלב80 גר,Unknown,0.00,Unknown,false,1,7.90,0.0000,true,1,11705
7290106528628,false,"דוריטוס טבעי 185 גרם ""עלית""","שטראוס פריטו ליי בע""\מ )",IL,חטיף דוריטוס טבעי 185 גר,גרמים,185.00,100 גרם,false,1,8.00,4.3243,true,1,15755
7290106570153,true,תערובת להכנת לטקס כש,,,תערובת להכנת לטקס כש,Each,0.00,Each,false,,10.90,0.0000,true,1,10015
7290106572027,true,לחמית חמישה דגנים 19,,,לחמית חמישה דגנים 19,Each,0.00,Each,false,,9.50,0.0000,true,1,9866
7290106572065,true,חטיפי פריכונים טורטי,,,חטיפי פריכונים טורטי,Each,0.00,Each,false,,7.90,0.0000,true,1,9865
7290106572959,true,מארז חטיף אפרופו קלא,,,מארז חטיף אפרופו קלא,Each,0.00,Each,false,,12.90,0.0000,true,1,10272
7290106573024,true,סירופ דיאט אננס 1 ל,,,סירופ דיאט אננס 1 ל,Each,0.00,Each,false,,17.90,0.0000,true,1,10433
7290106573574,true,סלט חומוס ירושלמי צב,,,סלט חומוס ירושלמי צב,Each,0.00,Each,false,,12.90,0.0000,true,1,10545
7290106573598,true,סלט חומוס לבנוני צבר,,,סלט חומוס לבנוני צבר,Each,0.00,Each,false,,12.90,0.0000,true,1,10546
7290106573628,true,סלט חומוס עם טחינה צ,,,סלט חומוס עם טחינה צ,Each,0.00,Each,false,,12.90,0.0000,true,1,10544
7290106573819,true,סלט חומוס אבו גוש צב,,,סלט חומוס אבו גוש צב,Each,0.00,Each,false,,12.90,0.0000,true,1,10547
7290106574953,true,בייגלה שטוחים שומשום,,,בייגלה שטוחים שומשום,Each,0.00,Each,false,,12.00,0.0000,true,1,10724
7290106574977,true,בייגלה שטוחים מלח 30,,,בייגלה שטוחים מלח 30,Each,0.00,Each,false,,12.00,0.0000,true,1,10723
7290106575011,true,פתיתים אפויים אוסם ח,,,פתיתים אפויים אוסם ח,Each,0.00,Each,false,,7.90,0.0000,true,1,10923
7290106575431,true,עוגת הבית סופלה שוקו,,,עוגת הבית סופלה שוקו,Each,0.00,Each,false,,14.00,0.0000,true,1,11228
7290106575943,true,אבקה להכנת כופתאות ק,,,אבקה להכנת כופתאות ק,Each,0.00,Each,false,,9.90,0.0000,true,1,11529
7290106576797,false,"לה קרמריה גלידת וניל איטלקי כשל""פ 1.4ל'",תות תעשיות מזון (201,IL,גל. לה קרמריה וניל איטלקי 1.4 ליטר,מיליליטרים,1400.00,"100 מ""ל",false,1,18.90,1.3500,true,1,11692
7290106576810,false,גלידה לה קרמריה ריבת חלב 1.4 ל' נסטלה,לה קרמריה- נסטלה,IL,גל. לה קרמריה ריבת חלב 1.4 ליטר,מיליליטרים,1400.00,"100 מ""ל",false,1,18.90,1.3500,true,1,11691
7290106576858,false,גלידה לה קרמריה תותים בשמנת 1.4 ל' נסטלה,גלידות נסטלה )נגה גלידות,IL,גל. לה קרמריה תותים שמנת 1.4 ליטר,מיליליטרים,1400.00,"100 מ""ל",false,1,18.90,1.3500,true,1,11695
7290106576919,false,גלידה קרמריה סורבה תות לימון 1.4 ליטר,גלידות נסטלה )נגה גלידות,IL,גל. לה קרמריה סורבה תות לימון 1.4 ליטר,מיליליטרים,1400.00,"100 מ""ל",false,1,18.90,1.3500,true,1,11694
7290106576957,false,"לה קרמריה גלידת שוקו וניל פליק פרווה כשל""פ 1.4",תות תעשיות מזון (201,IL,גל. לה קרמריה שוקו וניל פליק פרווה 1.4ל,מיליליטרים,1400.00,"100 מ""ל",false,1,18.90,1.3500,true,1,11697
7290106576995,false,גלידה סורבה לה קרמריה תות מנגו לייט 1.4 ל' נסטלה,גלידות נסטלה )נגה גלידות,IL,גל. לה קרמריה סורבה תות מנגו 1.4 ליטר,מיליליטרים,1400.00,"100 מ""ל",false,1,18.90,1.3500,true,1,11834
7290106577039,false,גלידה לה קרמריה שוקו וניל פליק 1.4 ל' נסטלה,תות תעשיות מזון (201,IL,גל. לה קרמריה וניל שוקו פליק 1.4 ליטר,מיליליטרים,1400.00,"100 מ""ל",false,1,18.90,1.3500,true,1,11693
7290106577480,true,סלט חציל על האש בטחי,,,סלט חציל על האש בטחי,Each,0.00,Each,false,,12.90,0.0000,true,1,11247
7290106577527,true,סלט קולסלו צבר מרוב,,,סלט קולסלו צבר מרוב,Each,0.00,Each,false,,12.90,0.0000,true,1,11251
7290106577572,true,סלט מטבוחה צבר מרובע,,,סלט מטבוחה צבר מרובע,Each,0.00,Each,false,,12.90,0.0000,true,1,11245
7290106578333,true,סלט חציל על האש צבר,,,סלט חציל על האש צבר,Each,0.00,Each,false,,12.90,0.0000,true,1,11249
7290106578692,true,חטיף מיקס במבה וביסל,,,חטיף מיקס במבה וביסל,Each,0.00,Each,false,,5.00,0.0000,true,1,12031
7290106578821,true,עוגת שמרים שוקולד קל,,,עוגת שמרים שוקולד קל,Each,0.00,Each,false,,16.90,0.0000,true,1,11661
7290106652705,false,פסק זמן קלאסי 45*3 גרם,STRAUSS-ISRAEL,IL,מאגדת 3 יח וופל פסק זמן קלאסי135גר,גרמים,135.00,100 גרם,false,1,14.00,10.3704,true,1,10339
7290106658479,true,חטיף טורטית מגדים 40,,,חטיף טורטית מגדים 40,Each,0.00,Each,false,,5.00,0.0000,true,1,16683
7290106660410,true,פסטה רביולי תרד וגבי,,,פסטה רביולי תרד וגבי,Each,0.00,Each,false,,19.90,0.0000,true,1,12579
7290106662025,true,חטיף תפוציפס מלח פלפ,,,חטיף תפוציפס מלח פלפ,Each,0.00,Each,false,,4.30,0.0000,true,1,30687
7290106662223,true,אפיפיות בטעם שוקולד,,,אפיפיות בטעם שוקולד,Each,0.00,Each,false,,12.90,0.0000,true,1,18037
7290106663091,true,לאבנה 9% 500 גרם,,,לאבנה 9% 500 גרם,Each,0.00,Each,false,,18.90,0.0000,true,1,15000
7290106663121,true,עוגת מילקי אישית 34,,,עוגת מילקי אישית 34,Each,0.00,Each,false,,3.90,0.0000,true,1,14128
7290106663503,true,קונפיטורה לייט תות י,,,קונפיטורה לייט תות י,Each,0.00,Each,false,,12.90,0.0000,true,1,12819
7290106663558,true,רוטב טריאקי יד מרדכי,,,רוטב טריאקי יד מרדכי,Each,0.00,Each,false,,14.90,0.0000,true,1,14099
7290106664067,true,לאבנה שמן זית וזעתר,,,לאבנה שמן זית וזעתר,Each,0.00,Each,false,,14.90,0.0000,true,1,14999
7290106664555,true,רוטב שמנת עם עגבניות,,,רוטב שמנת עם עגבניות,Each,0.00,Each,false,,11.90,0.0000,true,1,14630
7290106664562,true,רוטב שמנת פטריות 9%,,,רוטב שמנת פטריות 9%,Each,0.00,Each,false,,11.90,0.0000,true,1,13422
7290106666788,false,עלית - סוכריות נוסטלגיה דבש ממולאות 80 גרם,שטראוס גרופ,PL,סוכריות ממולאות טעם דבש 80 גר,Unknown,0.00,Unknown,false,1,5.90,0.0000,true,1,13890
7290106667266,true,חטיף דוריטוס חמוץ חר,,,חטיף דוריטוס חמוץ חר,Each,0.00,Each,false,,8.00,0.0000,true,1,15753
7290106668133,true,אבקת שוקולית 400 גר,,,אבקת שוקולית 400 גר,Each,0.00,Each,false,,12.90,0.0000,true,1,27493
7290106668713,true,דנונה פרי 3% פירות י,,,דנונה פרי 3% פירות י,Each,0.00,Each,false,,3.70,0.0000,true,1,14029
7290106669857,true,קפסולות אספרסו וניל,,,קפסולות אספרסו וניל,Each,0.00,Each,false,,17.00,0.0000,true,1,18428
7290106721913,true,מסטיק מאסט פפרמינט צ,,,מסטיק מאסט פפרמינט צ,Each,0.00,Each,false,,10.00,0.0000,true,1,13893
7290106721920,true,מסטיק מאסט ספירמנט צ,,,מסטיק מאסט ספירמנט צ,Each,0.00,Each,false,,10.00,0.0000,true,1,13892
7290106723689,false,עלי תרד בייבי שטראוס 200 גרם,שטראוס בריאות ירקות טריי,IL,עלי תרד בייבי 200 גרם,גרמים,200.00,100 גרם,false,1,10.00,5.0000,true,1,12830
7290106724419,true,ביסקויט חיוכים וניל,,,ביסקויט חיוכים וניל,Each,0.00,Each,false,,5.50,0.0000,true,1,13340
7290106726178,false,יוגורט PRO עם פירות יער 2.4% 10 גרם חלבון בגביע,מיוצר עי קונדיטוריית,IL,דנונה וואו פירות יער 150 גרם 2.4% שומן,גרמים,150.00,100 גרם,false,1,4.90,3.2667,true,1,15008
7290106727984,true,חטיף כיף כף פצפצים13,,,חטיף כיף כף פצפצים13,Each,0.00,Each,false,,9.90,0.0000,true,1,16895
7290106728127,true,חלב טבעי 1 ליטר 3.6%,,,חלב טבעי 1 ליטר 3.6%,Each,0.00,Each,false,,7.90,0.0000,true,1,15015
7290106729421,true,עוגת בראוניס טורטית,,,עוגת בראוניס טורטית,Each,0.00,Each,false,,15.90,0.0000,true,1,19170
7290106770577,false,גרוסליין- בלגה ממרח חלבה 350 גרם.,"אלמונדס בע""מ",IL,ממרח חלבה בלגה 350 גרם,גרמים,300.00,100 גרם,false,12,13.90,4.6333,true,1,28542
7290106772472,false,גרוסליין - בלגה ממרח שוקולד 350 גרם,"אלמנדוס בע""מ",IL,ממרח קקאו אגוזי לוז בלגה 350 גרם,גרמים,300.00,100 גרם,false,12,13.90,4.6333,true,1,28543
7290106774001,false,שקד מולבן טחון אלמנד,"אלמונדס בע""מ",IL,שקד מולבן טחון אלמנדוס 400 גרם,גרמים,400.00,100 גרם,false,1,36.90,9.2250,true,1,34524
7290106774018,false,אבקת קקאו אלמנדוס 40,"אלמונדס בע""מ",IL,אבקת קקאו אלמנדוס 400 גרם,גרמים,400.00,100 גרם,false,1,34.90,8.7250,true,1,34525
7290106774063,false,קרוקונט בוטנים אלמנד,"אלמונדס בע""מ",IL,קרוקונט בוטנים אלמנדוס 175 גרם,גרמים,175.00,100 גרם,false,1,19.90,11.3714,true,1,34528
7290106774070,false,קרוקונט לוז אלמנדוס,"אלמונדס בע""מ",IL,קרוקונט לוז אלמנדוס 175 גרם,גרמים,175.00,100 גרם,false,1,22.90,13.0857,true,1,34529
7290106774087,false,דובדבנה אמרנה אלמנדו,"אלמונדס בע""מ",IL,דובדבנה אמרנה אלמנדוס 350 גרם,גרמים,350.00,100 גרם,false,1,39.90,11.4000,true,1,34530
7290106774094,false,פייטה שבבי ופל מקורמ,"אלמונדס בע""מ",IL,פייטה שבבי ופל מקורמל אלמנדוס 90 גרם,Unknown,0.00,Unknown,false,1,19.90,0.0000,true,1,34531
7290106774117,false,קוקוס קלוי אלמנדוס 1,"אלמונדס בע""מ",IL,קוקוס קלוי אלמנדוס 100 גרם,גרמים,100.00,100 גרם,false,1,13.90,13.9000,true,1,34532
7290106774124,false,שבבי שוקולד מריר אלמ,"אלמונדס בע""מ",IL,שבבי שוקולד מריר אלמנדוס 110 גרם,גרמים,110.00,100 גרם,false,1,19.90,18.0909,true,1,34533
7290106774131,false,שבבי שוקולד חלב 110 גרם,"אלמונדס בע""מ",IL,שבבי שוקולד חלב אלמנדוס 110 גרם,גרמים,110.00,100 גרם,false,1,19.90,18.0909,true,1,34534
7290106774148,false,שבבי שוקולד לבן אלמנ,"אלמונדס בע""מ",IL,שבבי שוקולד לבן אלמנדוס 110 גרם,גרמים,110.00,100 גרם,false,1,19.90,18.0909,true,1,34535
7290106774162,false,שוקולד זברה אלמנדוס,"אלמונדס בע""מ",IL,שוקולד זברה אלמנדוס 90גרם,Unknown,0.00,Unknown,false,1,22.90,0.0000,true,1,34536
7290106774179,false,תלתלי שוקולד מעורב א,"אלמונדס בע""מ",IL,תלתלי שוקולד מעורב אלמנדוס 100גרם,גרמים,100.00,100 גרם,false,1,24.90,24.9000,true,1,34537
7290106774186,false,מיסטרל חלב לבן אלמנד,"אלמונדס בע""מ",IL,מיסטרל חלב לבן אלמנדוס 100גרם,גרמים,100.00,100 גרם,false,1,24.90,24.9000,true,1,34538
7290106774216,false,מיקס פניני שוקולד 140 גרם,"אלמונדס בע""מ",IL,מיקס פניני שוקולד אלמנדוס 140 גרם,גרמים,140.00,100 גרם,false,1,24.90,17.7857,true,1,34541
7290106774223,false,סוכריות מזרה בטעם שו,"אלמונדס בע""מ",IL,סוכריות מזרה שוקולד אלמנדוס 230 גרם,גרמים,230.00,100 גרם,false,1,13.90,6.0435,true,1,34547
7290106774230,false,סוכריות מזרה צבעוני,"אלמונדס בע""מ",IL,סוכריות מזרה צבעוני אלמנדוס 230 גרם,גרמים,230.00,100 גרם,false,1,13.90,6.0435,true,1,34548
7290106774247,false,סוכר גבישי אלמנדוס 2,"אלמונדס בע""מ",IL,סוכר גבישי אלמנדוס 230 גרם,גרמים,230.00,100 גרם,false,1,19.90,8.6522,true,1,34549
7290106774254,false,סוכריות עדשים צבעוני,"אלמונדס בע""מ",IL,סוכריות עדשים צבעוני אלמנדוס 230 גרם,גרמים,230.00,100 גרם,false,1,18.90,8.2174,true,1,34550
7290106774285,false,שוקולד מריר 60% 500 גרם,"אלמונדס בע""מ",IL,שוקולד מריר 60% אלמנדוס 500 גרם,גרמים,500.00,100 גרם,false,1,39.90,7.9800,true,1,34553
7290106774292,false,שוקולד מריר 70% קקאו500ג,"אלמונדס בע""מ",IL,שוקולד מריר 70% אלמנדוס 500 גרם,גרמים,500.00,100 גרם,false,1,44.90,8.9800,true,1,34555
7290106775053,true,מחית נוגט אלמנדוס400,,,מחית נוגט אלמנדוס400,Each,0.00,Each,false,,24.90,0.0000,true,1,33600
7290106775091,false,מחית פיסטוק אלמנדוס,שקד תבור,IL,מחית פיסטוק אלמנדוס 200 גרם,גרמים,200.00,100 גרם,false,1,39.90,19.9500,true,1,34559
7290107021883,true,יין אלכסנדר רוזה בלנ,,,יין אלכסנדר רוזה בלנ,Each,0.00,Each,false,,149.00,0.0000,true,1,30888
7290107280020,true,מארז 3 יח מטליות לחו,,,מארז 3 יח מטליות לחו,Each,0.00,Each,false,,22.90,0.0000,true,1,10959
7290107280037,false,מטלית לחות עבות לניקוי סנו סושי מארז 50יח',דינאמיק תעשיות,IL,מטליות לחות לניקוי כללי סנו סושי 50יח,יחידה,50.00,יחידה,false,1,11.90,0.2380,true,1,10958
7290107280068,true,תבניות אלומיניום א.,,,תבניות אלומיניום א.,Each,0.00,Each,false,,10.90,0.0000,true,1,11566
7290107280075,true,תבניות אלומיניום לאר,,,תבניות אלומיניום לאר,Each,0.00,Each,false,,10.90,0.0000,true,1,11564
7290107280099,true,מארז 3 יח מגבוני טוא,,,מארז 3 יח מגבוני טוא,Each,0.00,Each,false,,15.90,0.0000,true,1,12514
7290107280129,true,שקיות אשפה 20 יח סנו,,,שקיות אשפה 20 יח סנו,Each,0.00,Each,false,,25.90,0.0000,true,1,13320
7290107280341,true,מטליות סנו ריצפז פרש,,,מטליות סנו ריצפז פרש,Each,0.00,Each,false,,14.90,0.0000,true,1,31244
7290107280396,false,"סנו - ג'ט מרסס לניקוי יסודי במטבח 750 מ""ל","סנו מפעלי ברונוס בע""",IL,"סנו גט למטבח 750 מ""ל",מיליליטרים,750.00,"100 מ""ל",false,1,12.90,1.7200,true,1,11300
7290107280563,true,גל מסיר כתמים אוקסיג,,,גל מסיר כתמים אוקסיג,Each,0.00,Each,false,,30.90,0.0000,true,1,12691
7290107280570,true,גל כביסה מקסימה לכבס,,,גל כביסה מקסימה לכבס,Each,0.00,Each,false,,29.90,0.0000,true,1,12690
7290107280600,true,טבליות למדיח ספארק 1,,,טבליות למדיח ספארק 1,Each,0.00,Each,false,,49.90,0.0000,true,1,21241
7290107280716,true,מלח למדיח סנו ספארק,,,מלח למדיח סנו ספארק,Each,0.00,Each,false,,10.90,0.0000,true,1,13375
7290107280761,true,נוזל כלים סנו ספארק,,,נוזל כלים סנו ספארק,Each,0.00,Each,false,,11.90,0.0000,true,1,13029
7290107280822,true,נוזל ריצפז פרש הום,,,נוזל ריצפז פרש הום,Each,0.00,Each,false,,21.90,0.0000,true,1,13376
7290107469906,true,גלגלת פיצה 10סמ ידית,,,גלגלת פיצה 10סמ ידית,Each,0.00,Each,false,,15.90,0.0000,true,1,27348
7290107644488,false,בייגל בייגל בייגלה שמיניות עם מלח 255 ג,"דרך השוקולד ,1 צפת 13404",IL,בייגלה שמיניות 225 גרם בדצ,גרמים,225.00,100 גרם,false,1,6.90,3.0667,true,1,31710
7290107645584,false,אבקת מרק עוף אמיתי רכיבים טבעיים 400 גרם - רבנות,יוניליוור ישראל מזון בע\,IL,מרק עוף קנור רכבים טבעיים 400 גר,גרמים,400.00,100 גרם,false,1,21.90,5.4750,true,1,21939
7290107646147,true,חטיף דגנים שוגי 6 יח,,,חטיף דגנים שוגי 6 יח,Each,0.00,Each,false,,12.90,0.0000,true,1,21931
7290107646154,false,"חטיף קוקומן פצפוצים תלמה 126 גרם מארז 6 יחידות בד""צ",יוניליוור ישראל מזון בעמ,IL,חטיף דגנים קוקומן שוקו 6 יח 126 גרם,גרמים,126.00,100 גרם,false,1,12.90,10.2381,true,1,21932
7290107646161,true,מברשת שיער טרזמה,,,מברשת שיער טרזמה,Each,0.00,Each,false,,9.90,0.0000,true,1,27868
7290107646383,false,סיף מטליות לחות לניקוי רצפות בניחוח לימו,עלבד משואות יצחק בעמ,IL,מטליות לחות לניקוי רצפות 10יח,יחידה,10.00,יחידה,false,1,12.90,1.2900,true,1,19092
7290107646833,true,חטיף דגנים שוגי שוקו,,,חטיף דגנים שוגי שוקו,Each,0.00,Each,false,,12.90,0.0000,true,1,21934
7290107646918,true,רוטב קנור לשקשוקה415,,,רוטב קנור לשקשוקה415,Each,0.00,Each,false,,12.90,0.0000,true,1,20656
7290107647359,true,סבון אסלה דומסטוס בנ,,,סבון אסלה דומסטוס בנ,Each,0.00,Each,false,,17.90,0.0000,true,1,21484
7290107647366,true,סבון אסלה דומסטוס בנ,,,סבון אסלה דומסטוס בנ,Each,0.00,Each,false,,17.90,0.0000,true,1,21483
7290107647656,true,מאגדת מיני סולרו קוק,,,מאגדת מיני סולרו קוק,Each,0.00,Each,false,,22.90,0.0000,true,1,26417
7290107647816,true,דגני ברנפלקס ללא סוכ,,,דגני ברנפלקס ללא סוכ,Each,0.00,Each,false,,19.90,0.0000,true,1,20531
7290107647823,true,דגני ברנפלקס 500 גרם,,,דגני ברנפלקס 500 גרם,Each,0.00,Each,false,,19.90,0.0000,true,1,20530
7290107647854,true,דגני בוקר שוגי20%מופ,,,דגני בוקר שוגי20%מופ,Each,0.00,Each,false,,19.90,0.0000,true,1,20528
7290107648974,true,רוטב פסטה קנור בזילי,,,רוטב פסטה קנור בזילי,Each,0.00,Each,false,,12.90,0.0000,true,1,25778
7290107648981,true,רוטב פומודורו קנור 4,,,רוטב פומודורו קנור 4,Each,0.00,Each,false,,12.90,0.0000,true,1,21936
7290107649100,true,בייגלה טבעות שומשום,,,בייגלה טבעות שומשום,Each,0.00,Each,false,,10.90,0.0000,true,1,26122
7290107871297,true,חטיפי מיני פריכונים,,,חטיפי מיני פריכונים,Each,0.00,Each,false,,4.30,0.0000,true,1,13344
7290107871532,true,מאגדת שלגון מלון דוב,,,מאגדת שלגון מלון דוב,Each,0.00,Each,false,,17.50,0.0000,true,1,13172
7290107871723,true,פריכיות פיטנס שוקולד,,,פריכיות פיטנס שוקולד,Each,0.00,Each,false,,8.90,0.0000,true,1,21086
7290107874427,true,חטיפי מיני פריכונים,,,חטיפי מיני פריכונים,Each,0.00,Each,false,,4.30,0.0000,true,1,13346
7290107874441,true,חטיפי מיני פריכונים,,,חטיפי מיני פריכונים,Each,0.00,Each,false,,4.30,0.0000,true,1,13345
7290107874502,true,מארז 4 יח ביסלי גריל,,,מארז 4 יח ביסלי גריל,Each,0.00,Each,false,,12.50,0.0000,true,1,16211
7290107874526,false,חטיף במבה בומבה 60 ג,"אסם השקעות בע""\מ",IL,חטיף במבה בומבה 60 גר,Unknown,0.00,Unknown,false,1,4.30,0.0000,true,1,12779
7290107875271,true,מארז 4 יח ביסלי ברבי,,,מארז 4 יח ביסלי ברבי,Each,0.00,Each,false,,12.50,0.0000,true,1,16212
7290107879521,false,קרחוני לה פרוטה La Frutta תות שדה - 5 יח',גלידות נסטלה )נגה גלידות,IL,מאגדת לה פרוטה תות 5יח,יחידה,5.00,יחידה,false,1,25.90,5.1800,true,1,15758
7290107879569,false,קרחון לה פרוטה שרבט מנגו מאגדת 5יח',גלידות נסטלה )נגה גלידות,IL,מאגדת לה פרוטה מנגו 5יח,יחידה,5.00,יחידה,false,1,25.90,5.1800,true,1,15759
7290107930321,true,קונפיטורה דובדבן 340,,,קונפיטורה דובדבן 340,Each,0.00,Each,false,,13.90,0.0000,true,1,14465
7290107932080,true,חלב מועשר 1 ליטר 3%,,,חלב מועשר 1 ליטר 3%,Each,0.00,Each,false,,7.90,0.0000,true,1,15011
7290107932134,true,חלב מועשר 1 ליטר 1%,,,חלב מועשר 1 ליטר 1%,Each,0.00,Each,false,,7.90,0.0000,true,1,15012
7290107932271,false,אקסטרה שוקולד חלב יוגורט ועוגיות,שטראוס,IL,שוקולד פרה אקסטרא יוגורט תות100 גר,גרמים,100.00,100 גרם,false,1,6.90,6.9000,true,1,16892
7290107933155,false,לקט סלנובה שטראוס 200 גרם,שטראוס בריאות ירקות טריי,IL,לקט סלנובה 200 גרם אחלה,גרמים,200.00,100 גרם,false,1,12.00,6.0000,true,1,15648
7290107933193,false,שטראוס סלק מבושל בוו,לס לגוסודה סנצונוניו,IL,סלק מבושל 500 גרם אחלה,גרמים,500.00,100 גרם,false,1,8.90,1.7800,true,1,15160
7290107933643,false,"משקה יטבתה חלב ודגנים ובננה 250מ""ל",מחלבת יטבתה,IL,משקה חלב דגנים ותות 250 גרם יטבתה,גרמים,250.00,100 גרם,false,9,4.90,1.9600,true,1,15965
7290107934473,true,מארז יוגורט אקטיביה,,,מארז יוגורט אקטיביה,Each,0.00,Each,false,,19.90,0.0000,true,1,14461
7290107936460,true,מארז שמיניית דנכול ד,,,מארז שמיניית דנכול ד,Each,0.00,Each,false,,29.90,0.0000,true,1,15966
7290107936958,true,ביסקויט עד חצות אצבע,,,ביסקויט עד חצות אצבע,Each,0.00,Each,false,,11.50,0.0000,true,1,20552
7290107936965,true,ביסקויט עד חצות עיגו,,,ביסקויט עד חצות עיגו,Each,0.00,Each,false,,13.90,0.0000,true,1,20551
7290107937542,true,משקה דנונה אקטיביה ת,,,משקה דנונה אקטיביה ת,Each,0.00,Each,false,,5.40,0.0000,true,1,16242
7290107937627,true,מסטיק מאסט קוביות ספ,,,מסטיק מאסט קוביות ספ,Each,0.00,Each,false,,10.00,0.0000,true,1,17494
7290107937634,true,מסטיק מאסט קוביות פפ,,,מסטיק מאסט קוביות פפ,Each,0.00,Each,false,,10.00,0.0000,true,1,17495
7290107937641,true,מסטיק בזוקה קוביות ק,,,מסטיק בזוקה קוביות ק,Each,0.00,Each,false,,10.00,0.0000,true,1,17493
7290107939027,false,גזר דק דק שטראוס 250 גרם,שטראוס בריאות ירקות טריי,IL,גזר חתוך דק דק 250 גרם שטראוס אחלה,גרמים,250.00,100 גרם,false,1,5.90,2.3600,true,1,17520
7290107940467,true,יוגורט דנונה אקטיביה,,,יוגורט דנונה אקטיביה,Each,0.00,Each,false,,3.90,0.0000,true,1,16695
7290107941259,false,"עדשים ירוקות מבושלות 475 גרם ""טעם הטבע",הורקסה לס לגונס דה ס,ES,עדשים ירוקות מבושלות 475 גרם אחלה,גרמים,475.00,100 גרם,false,1,9.90,2.0842,true,1,17779
7290107941266,false,שעועית אדומה מבושלת שטראוס 475 גרם,הורקסה לס לגונס דה ס,ES,שעועית אדומה מבושלת 475 גרם אחלה,גרמים,475.00,100 גרם,false,1,9.90,2.0842,true,1,17780
7290107941273,false,"חומוס מבושל 475 גרם ""טעם הטבע",הורקסה לס לגונס דה ס,ES,חומוס מבושל 475 גרם אחלה,גרמים,475.00,100 גרם,false,1,9.90,2.0842,true,1,17778
7290107942232,true,מעדן ספלנדיד שוקולד,,,מעדן ספלנדיד שוקולד,Each,0.00,Each,false,,3.40,0.0000,true,1,17533
7290107942355,true,תפוציפס מקלות טבעי 6,,,תפוציפס מקלות טבעי 6,Each,0.00,Each,false,,4.30,0.0000,true,1,17603
7290107943192,true,שמנת חמוצה מהערבה 27,,,שמנת חמוצה מהערבה 27,Each,0.00,Each,false,,4.50,0.0000,true,1,20561
7290107943369,true,שבולת שועל להכנה מהי,,,שבולת שועל להכנה מהי,Each,0.00,Each,false,,18.90,0.0000,true,1,19805
7290107944243,true,אפיפיות בטעם שוקולד,,,אפיפיות בטעם שוקולד,Each,0.00,Each,false,,7.90,0.0000,true,1,20128
7290107944472,true,גב.סימפוניה שום שמיר,,,גב.סימפוניה שום שמיר,Each,0.00,Each,false,,11.90,0.0000,true,1,17773
7290107947466,true,חטיפי אנרגי מצופה טע,,,חטיפי אנרגי מצופה טע,Each,0.00,Each,false,,13.90,0.0000,true,1,23031
7290107947480,true,חטיפי אנרגי שוקולד ח,,,חטיפי אנרגי שוקולד ח,Each,0.00,Each,false,,13.90,0.0000,true,1,23035
7290107947992,true,שוקולד פרה אקסטרא חל,,,שוקולד פרה אקסטרא חל,Each,0.00,Each,false,,6.90,0.0000,true,1,23487
7290107950183,true,מעדן דיאט וניל 130גר,,,מעדן דיאט וניל 130גר,Each,0.00,Each,false,,3.40,0.0000,true,1,17529
7290107950190,true,מעדן דיאט שוקולד מרי,,,מעדן דיאט שוקולד מרי,Each,0.00,Each,false,,3.40,0.0000,true,1,17531
7290107951104,true,בפלות שוקולד עלית200,,,בפלות שוקולד עלית200,Each,0.00,Each,false,,4.70,0.0000,true,1,17751
7290107951111,true,בפלות לימון עלית 200,,,בפלות לימון עלית 200,Each,0.00,Each,false,,4.70,0.0000,true,1,17750
7290107951586,true,חטיף מיני מיקס מעורב,,,חטיף מיני מיקס מעורב,Each,0.00,Each,false,,25.90,0.0000,true,1,18027
7290107951630,true,שוקולד פרה בלונד קוק,,,שוקולד פרה בלונד קוק,Each,0.00,Each,false,,7.90,0.0000,true,1,20140
7290107951715,true,מסטיק מאסט קוביות ענ,,,מסטיק מאסט קוביות ענ,Each,0.00,Each,false,,10.00,0.0000,true,1,18463
7290107953559,true,קפה טורקי לדרך 24 יח,,,קפה טורקי לדרך 24 יח,Each,0.00,Each,false,,20.00,0.0000,true,1,18085
7290107954709,false,"קונפיטורת פירות יער ""יד מרדכי"" 340 גר'","ב.א. מזון בע""\מ",IL,קונפיטורה פירות יער יד מרדכי 340 גר,גרמים,340.00,100 גרם,false,1,13.90,4.0882,true,1,19172
7290107956543,false,דבש טהור מפרחי בר 900 ג' יד מרדכי,STRAUSS-ISRAEL,IL,דבש טהור 900 גר יד מרדכי,גרמים,900.00,100 גרם,false,1,39.90,4.4333,true,1,21420
7290107956895,true,קפסולות אספרסו קרמל,,,קפסולות אספרסו קרמל,Each,0.00,Each,false,,17.00,0.0000,true,1,22243
7290107956901,true,קפסולות אספרסו טעם א,,,קפסולות אספרסו טעם א,Each,0.00,Each,false,,17.00,0.0000,true,1,20831
7290107956925,true,קפסולות אספרסו 13 או,,,קפסולות אספרסו 13 או,Each,0.00,Each,false,,17.00,0.0000,true,1,24260
7290107957069,true,מסטיק עלמה קוביות או,,,מסטיק עלמה קוביות או,Each,0.00,Each,false,,10.00,0.0000,true,1,20580
7290107957076,true,מסטיק עלמה קוביות ספ,,,מסטיק עלמה קוביות ספ,Each,0.00,Each,false,,10.00,0.0000,true,1,20581
7290107957113,true,גבינת סימפוניה זיתים,,,גבינת סימפוניה זיתים,Each,0.00,Each,false,,11.90,0.0000,true,1,24265
7290107957229,true,נטיפי פרה שוקולד ציפ,,,נטיפי פרה שוקולד ציפ,Each,0.00,Each,false,,11.90,0.0000,true,1,22237
7290107957779,true,מעדן דניאלה אפרסק 88,,,מעדן דניאלה אפרסק 88,Each,0.00,Each,false,,4.50,0.0000,true,1,21146
7290107957991,false,מילקי CAKE מיניס קרם חלב בציפוי שוקולד חלב שקית 16X9ג',בובארד איטליה אס.פי.איי,IT,מארז עוגת מילקי מיני 9יח 16גר,גרמים,144.00,100 גרם,false,6,11.90,8.2639,true,1,23785
7290107958035,false,יוגורט במתיקות מעודנת 2% ללא תוספת סוכר- מארז 8 יח,"שטראוס בריאות בע""\מ",IL,מארז 8 יח דנונה מתיקות מעודן ללא סוכר120,גרמים,960.00,100 גרם,false,1,19.20,2.0000,true,1,20897
7290107958639,true,סלט מטבוחה מרוקאית ח,,,סלט מטבוחה מרוקאית ח,Each,0.00,Each,false,,16.90,0.0000,true,1,20884
7290107958653,true,סלט חומוס 9% 400גרם,,,סלט חומוס 9% 400גרם,Each,0.00,Each,false,,8.90,0.0000,true,1,21151
7290107959056,true,מעדן סום טחינה שוקול,,,מעדן סום טחינה שוקול,Each,0.00,Each,false,,4.30,0.0000,true,1,26079
7290107971522,false,חטיף בוטנים ושקדים עם שוקולד מריר ופיסטוק,אמקו סאם מילס ספול.,CZ,חטיף פרי ללא גלוטן בוטנים שקד5 יח140 גר,גרמים,140.00,100 גרם,false,1,16.90,12.0714,true,1,16194
7290107971539,false,פרי חטיף בוטנים וקשיו עם שוקולד מריר 125 גרם,אמקו סאם מילס ספול.,CZ,חטיף פרי ללא גלוטן בוטנים קשיו5 יח140 גר,גרמים,140.00,100 גרם,false,1,16.90,12.0714,true,1,16193
7290107971751,true,מי פה קולגייט טוטל כ,,,מי פה קולגייט טוטל כ,Each,0.00,Each,false,,24.90,0.0000,true,1,16024
7290107973014,false,"סבון ידיים משאבה פלמוליב חלב ודבש 300 מ""ל",הנסיך- מפעל לייצור ט,TR,סבון ידיים פלמוליב חלב ודבש 300 מל,מיליליטרים,300.00,"100 מ""ל",false,1,11.90,3.9667,true,1,16711
7290107973038,false,"סבון ידיים משאבה פלמוליב אקווריום 300 מ""ל",הנסיך- מפעל לייצור ט,IT,סבון ידיים פלמוליב אקווריום 300 מל,מיליליטרים,300.00,"100 מ""ל",false,1,11.90,3.9667,true,1,16710
7290107973311,false,קולגייט מברשת שיניים 360 פחם זהב זוג,הנסיך- מפעל לייצור ט,CN,זוג מב.שינים קולגייט 360 יום פחם זהב,Unknown,0.00,Unknown,false,1,25.90,0.0000,true,1,16022
7290107973861,false,מאסטר שף עגבניות קצוצות דק שלישיה 400ג*3 כשלפ,קונסרזיו קאסאלאסקו ד,IT,מארז 3 יח עגבניות חתוכות מאסטר שף 400 גר,גרמים,1200.00,100 גרם,false,1,17.90,1.4917,true,1,17221
7290107974073,false,מנה עלי טורטיה קמח לבן מ.שף 20 סמ 320 גר,אלקאטי קורביישיסי גי,ES,עלי טורטיה קמח לבן 20 יח 320 גר,גרמים,320.00,100 גרם,false,1,10.90,3.4063,true,1,16648
7290107974080,false,מנה עלי טורטיה קמח לבן מ.שף 25 סמ 840 גר,הדקלאים אגודת שיתופי,TR,עלי טורטיה קמח מלא 25 יח 756 גר,גרמים,756.00,100 גרם,false,1,18.00,2.3810,true,1,16650
7290107974806,true,אורז במסטי מאסטר שף,,,אורז במסטי מאסטר שף,Each,0.00,Each,false,,11.90,0.0000,true,1,18535
7290107975360,true,ליידי ספיד סטיק גל פ,,,ליידי ספיד סטיק גל פ,Each,0.00,Each,false,,18.90,0.0000,true,1,19206
7290107976848,true,מארז 4יח פלמוליב סבו,,,מארז 4יח פלמוליב סבו,Each,0.00,Each,false,,16.90,0.0000,true,1,20346
7290107978330,true,אטריות מאסטר שף דקות,,,אטריות מאסטר שף דקות,Each,0.00,Each,false,,5.90,0.0000,true,1,19075
7290107978347,true,אטריות מאסטר שף בנונ,,,אטריות מאסטר שף בנונ,Each,0.00,Each,false,,5.90,0.0000,true,1,19076
7290107978453,true,חטיף קראנצוס גריל 55,,,חטיף קראנצוס גריל 55,Each,0.00,Each,false,,3.90,0.0000,true,1,19867
7290107978460,true,חטיף קראנצוס פלאפל55,,,חטיף קראנצוס פלאפל55,Each,0.00,Each,false,,3.90,0.0000,true,1,19868
7290107979191,true,תבנית אלומיניום עם נ,,,תבנית אלומיניום עם נ,Each,0.00,Each,false,,10.90,0.0000,true,1,19691
7290108070224,true,שקיות מודפסות מותגים,,,שקיות מודפסות מותגים,Each,0.00,Each,false,,13.90,0.0000,true,1,19719
7290108070316,true,שקיות מודפסות מותגים,,,שקיות מודפסות מותגים,Each,0.00,Each,false,,13.90,0.0000,true,1,19720
7290108074468,true,בקבוק לנוער מותגים 7,,,בקבוק לנוער מותגים 7,Each,0.00,Each,false,,27.90,0.0000,true,1,19729
7290108201284,true,מקלות ריחניים אירווי,,,מקלות ריחניים אירווי,Each,0.00,Each,false,,14.90,0.0000,true,1,17934
7290108201437,true,אבקת כביסה קולון 101,,,אבקת כביסה קולון 101,Each,0.00,Each,false,,19.90,0.0000,true,1,18371
7290108201802,false,"ספריי דטול לחיטוי בניחוח כביסה 400 מ""ל",רקיט בנקיזר,US,ספריי חיטוי דטול 400מל בניחוח אביב,מיליליטרים,400.00,"100 מ""ל",false,12,19.90,4.9750,true,1,24050
7290108201864,true,טבליות גל כביסה קולו,,,טבליות גל כביסה קולו,Each,0.00,Each,false,,32.90,0.0000,true,1,22611
7290108350128,true,שקיות אשפה 40 יח סנו,,,שקיות אשפה 40 יח סנו,Each,0.00,Each,false,,24.90,0.0000,true,1,13321
7290108350203,true,כריות קרצוף ספוג מקצ,,,כריות קרצוף ספוג מקצ,Each,0.00,Each,false,,12.90,0.0000,true,1,16732
7290108350210,true,שקיות אשפה 30יח חזקו,,,שקיות אשפה 30יח חזקו,Each,0.00,Each,false,,24.90,0.0000,true,1,14987
7290108350258,false,נייר טואלט סנו סופט מוגדל סנו 12 יחידות,מפעלי ברונוס בעמ,IL,נייר טואלט סופט 12 גלילים ארוף פי 3,יחידה,12.00,יחידה,false,1,39.90,3.3250,true,1,15244
7290108350531,true,נוזל כלים סנו ספארק,,,נוזל כלים סנו ספארק,Each,0.00,Each,false,,11.90,0.0000,true,1,14049
7290108350548,true,נוזל כלים סנו ספארק,,,נוזל כלים סנו ספארק,Each,0.00,Each,false,,11.90,0.0000,true,1,14050
7290108350555,true,נוזל כלים סנו ספארק,,,נוזל כלים סנו ספארק,Each,0.00,Each,false,,11.90,0.0000,true,1,14051
7290108350586,true,נוזל כלים סנו ספארק,,,נוזל כלים סנו ספארק,Each,0.00,Each,false,,14.90,0.0000,true,1,17839
7290108350616,true,מרכך כביסה מקסימה מר,,,מרכך כביסה מקסימה מר,Each,0.00,Each,false,,16.90,0.0000,true,1,16468
7290108350623,true,מרכך כביסה מקסימה מר,,,מרכך כביסה מקסימה מר,Each,0.00,Each,false,,16.90,0.0000,true,1,16467
7290108350715,true,מסיר שומנים סנו פורט,,,מסיר שומנים סנו פורט,Each,0.00,Each,false,,14.90,0.0000,true,1,17840
7290108350722,false,אורביטול גוניור משחת שיניים בוב ספוג 70ג,טרופיקל דגיל תעשיות קוסמ,IL,מש. שיניים אורביטול בוב ספוג 70גר,גרמים,70.00,100 גרם,false,1,9.90,14.1429,true,1,38215
7290108350739,false,משחת שיניים אורביטול קידס סטעם סוכריות ג'לי 70 גרם,טרופיקל דגיל תעשיות קוסמ,IL,מש. שיניים אורביטול קידס 70גר ב.סוכריות,גרמים,70.00,100 גרם,false,1,9.90,14.1429,true,1,26020
7290108350753,true,משחת שיניים אורביטול,,,משחת שיניים אורביטול,Each,0.00,Each,false,,13.90,0.0000,true,1,24632
7290108351118,true,קיי 4000 קוטל מעופפי,,,קיי 4000 קוטל מעופפי,Each,0.00,Each,false,,29.90,0.0000,true,1,16853
7290108351149,false,ג'ל ניקוי כללי בתוספת אבקת סודה ריח כביסה סנו ג'ט 1.5 ליטר,"סנו מפעלי ברונוס בע""\מ",IL,גט גל לניקוי כללי ורצפות סודה 1.5ליטר,ליטרים,1.50,ליטר,false,1,12.90,8.6000,true,1,17842
7290108351156,false,ג'ל ניקוי כללי בתוספת חומץ בריח לבנדר סנו ג'ט 1.5 ליטר,"סנו מפעלי ברונוס בע""\מ",IL,גט גל לניקוי כללי ורצפות חומץ 1.5ליטר,ליטרים,1.50,ליטר,false,1,12.90,8.6000,true,1,17841
7290108351514,true,מרכך כביסה סנומקסימה,,,מרכך כביסה סנומקסימה,Each,0.00,Each,false,,22.90,0.0000,true,1,17843
7290108351552,false,"סנו - ג'ט לניקוי כללי בתוספת חומץ בניחוח לבנדר 750 מ""ל","סנו מפעלי ברונוס בע""\מ",IL,מרסס סנו גט לניקוי כללי+חומץ 750מל,מיליליטרים,750.00,"100 מ""ל",false,1,12.90,1.7200,true,1,20723
7290108351583,true,סנו גט לניקוי אסלות,,,סנו גט לניקוי אסלות,Each,0.00,Each,false,,10.90,0.0000,true,1,23156
7290108351613,true,נוזל ריצפז פרש הום 2,,,נוזל ריצפז פרש הום 2,Each,0.00,Each,false,,21.90,0.0000,true,1,19126
7290108351699,true,מארז 3יח מגבוני גט+ח,,,מארז 3יח מגבוני גט+ח,Each,0.00,Each,false,,21.90,0.0000,true,1,23761
7290108351705,true,פניני בישום מקסימה פ,,,פניני בישום מקסימה פ,Each,0.00,Each,false,,31.90,0.0000,true,1,30812
7290108351712,true,פניני בישום מקסימה ל,,,פניני בישום מקסימה ל,Each,0.00,Each,false,,31.90,0.0000,true,1,30813
7290108351774,true,מרסס ניקוי מוצרי עור,,,מרסס ניקוי מוצרי עור,Each,0.00,Each,false,,29.90,0.0000,true,1,26308
7290108351804,true,מרכך כביסה מקסימה מר,,,מרכך כביסה מקסימה מר,Each,0.00,Each,false,,16.90,0.0000,true,1,29162
7290108351811,true,מרכך כביסה מקסימה מר,,,מרכך כביסה מקסימה מר,Each,0.00,Each,false,,16.90,0.0000,true,1,29161
7290108351835,true,מרכך כביסה סנומקסימה,,,מרכך כביסה סנומקסימה,Each,0.00,Each,false,,22.90,0.0000,true,1,30833
7290108351934,true,סבון אסלה מוצק רינגס,,,סבון אסלה מוצק רינגס,Each,0.00,Each,false,,15.90,0.0000,true,1,29142
7290108352009,true,טבליות למדיח ספארק 5,,,טבליות למדיח ספארק 5,Each,0.00,Each,false,,44.90,0.0000,true,1,33030
7290108352092,false,משחת שיניים אורביטול פרוטקטיב סולט בטעם מנטה,טרופיקל דגיל תעשיות קוסמ,IL,משחת שיניים אורביטול בתוספת מלח 145גר,גרמים,145.00,100 גרם,false,24,18.90,13.0345,true,1,34877
7290108352108,false,משחת שיניים אורביטול רעננות חריפה 145 גר,טרופיקל דגיל תעשיות קוסמ,IL,משחת שיניים אורביטול רעננות חריפה 145גר,גרמים,145.00,100 גרם,false,24,16.90,11.6552,true,1,34878
7290108352115,true,מארז 3יח סבון אסלה מ,,,מארז 3יח סבון אסלה מ,Each,0.00,Each,false,,10.90,0.0000,true,1,31437
7290108352146,true,סבון אסלות סנובון מג,,,סבון אסלות סנובון מג,Each,0.00,Each,false,,11.90,0.0000,true,1,33834
7290108352153,true,סבון אסלות סנובון לו,,,סבון אסלות סנובון לו,Each,0.00,Each,false,,11.90,0.0000,true,1,33835
7290108352207,true,קפסולות כביסה מקסימה,,,קפסולות כביסה מקסימה,Each,0.00,Each,false,,34.90,0.0000,true,1,33291
7290108352214,true,קפסולות כביסה מקסימה,,,קפסולות כביסה מקסימה,Each,0.00,Each,false,,34.90,0.0000,true,1,33290
7290108352252,false,נוזל לניקוי כלים מתאים לניקוי ירקות ופירות סנו ספארק,"סנו מפעלי ברונוס בע""\מ",IL,נוזל כלים סנו ספארק קלאסי משאבה 1 ליטר,ליטרים,1.00,ליטר,false,1,11.90,11.9000,true,1,34911
7290108352269,true,מטליות לחות לניקוי ו,,,מטליות לחות לניקוי ו,Each,0.00,Each,false,,32.90,0.0000,true,1,33292
7290108352290,false,שלישיית מטליות לחיטוי ולניקוי יסודי לחדר האמבטיה סדרת 99.9%,מיוצר עי קונדיטוריית,IL,מארז 3יח מטליות לחיטוי וניקוי 99% 50יח,יחידה,150.00,יחידה,false,8,24.90,0.1660,true,1,32779
7290108352337,true,מ.אויר סנו פרש מילוי,,,מ.אויר סנו פרש מילוי,Each,0.00,Each,false,,14.90,0.0000,true,1,33839
7290108352344,true,מ.אויר סנו פרש מילוי,,,מ.אויר סנו פרש מילוי,Each,0.00,Each,false,,14.90,0.0000,true,1,33838
7290108352382,false,מטליות לחות אישיות לחיטוי משטחים ואביזרים 99.9 % 20 יחי,טרופיקל דגיל תעשיות,IL,מגבונים לחיטוי משטחים ואביזרים 99.9% 20י,יחידה,20.00,יחידה,false,12,10.90,0.5450,true,1,34903
7290108352399,false,ריצפז פרש הום בניחוח מרכך כביסה פלורל טאצ',"סנו מפעלי ברונוס בע""\מ",IL,נוזל ריצפז פרש הום 2ל בניחוח מרכך כביסה,ליטרים,2.00,ליטר,false,1,21.90,10.9500,true,1,47283
7290108352436,false,סנובון מוצק בניחוח נגוליה ונרולי שלישייה,סנו מפעלי ברונוס בעמ,IL,סבון אסלה סנובון שלישייה מגנוליה ונרולי,יחידה,3.00,יחידה,false,1,14.90,4.9667,true,1,38213
7290108352450,false,ריצפז פרש הום בניחוח מרכך כביסה בלו בלוסום,סנו מפעלי ברונוס בעמ,IL,נוזל ריצפז פרש הום 2ליטר ניחוח מרכך כביס,ליטרים,2.00,ליטר,false,1,21.90,10.9500,true,1,37068
7290108352481,false,"סנומוד מטהר אוויר נרסיסו סנו 150 מ""ל","סנו מפעלי ברונוס בע""\מ",IL,מטהר אוויר סנומוד נרסיסו,מיליליטרים,150.00,"100 מ""ל",false,1,12.90,8.6000,true,1,38209
7290108352528,false,"מתז לחיטוי וניקוי חדר האמבטיה 99.9% 750 מ""ל","סנו מפעלי ברונוס בע""\מ",IL,מרסס לחיטוי וניקוי אמבטיה סדרת 99% 750מל,מיליליטרים,750.00,"100 מ""ל",false,12,14.90,1.9867,true,1,39600
7290108352566,false,מרכך כביסה בבישום עוצמתי 4 ל' סנו מקסינה,"סנו מפעלי ברונוס בע""\מ",IL,מרכך כביסה סנומקסימה 4 ליטר גוי,ליטרים,4.00,ליטר,false,1,22.90,5.7250,true,1,47913
7290108352597,true,מגבונים לניקוי כללי,,,מגבונים לניקוי כללי,Each,0.00,Each,false,,27.90,0.0000,true,1,17176
7290108352641,true,מטליות מיקרופייבר לנ,,,מטליות מיקרופייבר לנ,Each,0.00,Each,false,,16.90,0.0000,true,1,19456
7290108352672,true,מארז 2יח מטליות מיקר,,,מארז 2יח מטליות מיקר,Each,0.00,Each,false,,22.90,0.0000,true,1,19457
7290108352702,true,מארז שלישיית מגבונים,,,מארז שלישיית מגבונים,Each,0.00,Each,false,,15.90,0.0000,true,1,16558
7290108352788,true,שקיות זיפר 20יח לארג,,,שקיות זיפר 20יח לארג,Each,0.00,Each,false,,11.90,0.0000,true,1,26731
7290108352795,false,סנו סושי שקיות M זיפר 50 יחידות,פיין ונטג,CN,שקיות זיפר 50יחידות מדיום סנו סושי,יחידה,50.00,יחידה,false,12,11.90,0.2380,true,1,26732
7290108352801,true,שקיות אשפה לפחים קטנ,,,שקיות אשפה לפחים קטנ,Each,0.00,Each,false,,19.90,0.0000,true,1,22753
7290108352825,true,ספוג הפלא נירוסטה סנ,,,ספוג הפלא נירוסטה סנ,Each,0.00,Each,false,,10.90,0.0000,true,1,23458
7290108352849,false,שלישיית מטליות הפלא לניקוי כללי דקור סנו סושי,טרופיקל דגיל תעשיות,CN,מארז 3יח מטליות מיקרופייבר דאקור סנו סוש,יחידה,3.00,יחידה,false,12,16.90,5.6333,true,1,37192
7290108352863,true,שקיות צליה 20יח סנו,,,שקיות צליה 20יח סנו,Each,0.00,Each,false,,8.90,0.0000,true,1,24307
7290108352870,true,שקיות צליה 10יח סנו,,,שקיות צליה 10יח סנו,Each,0.00,Each,false,,8.90,0.0000,true,1,24308
7290108352887,true,זוג מפות שולחן לבנות,,,זוג מפות שולחן לבנות,Each,0.00,Each,false,,11.90,0.0000,true,1,25833
7290108352894,true,מפת שולחן חגיגית חד,,,מפת שולחן חגיגית חד,Each,0.00,Each,false,,8.90,0.0000,true,1,26737
7290108352900,true,מגבות נייר סנו סושי,,,מגבות נייר סנו סושי,Each,0.00,Each,false,,24.90,0.0000,true,1,29157
7290108352948,true,תבניות מאפינס 7יח חד,,,תבניות מאפינס 7יח חד,Each,0.00,Each,false,,16.90,0.0000,true,1,26459
7290108353006,true,שקיות אוכל נקשרות,,,שקיות אוכל נקשרות,Each,0.00,Each,false,,12.90,0.0000,true,1,28197
7290108353013,false,תבניות אינגלישקייק מנייר סנו סושי 5 יח',מיוצר עי קונדיטוריית,CN,תבניות אפיה אינגליש קייק 5יח סנו סושי,יחידה,5.00,יחידה,false,1,15.90,3.1800,true,1,29956
7290108353037,false,"תבניות אפיה עגולות מנייר קוטר 21 ס""מ",מיוצר עי קונדיטוריית,CN,תבניות אפיה עגולה מנייר 4יח סנו סושי,יחידה,4.00,יחידה,false,1,15.90,3.9750,true,1,29958
7290108353068,true,כרית קרצוף עם סיבי,,,כרית קרצוף עם סיבי,Each,0.00,Each,false,,10.90,0.0000,true,1,29951
7290108353099,true,מארז 5יח ממחטות אף,,,מארז 5יח ממחטות אף,Each,0.00,Each,false,,14.90,0.0000,true,1,29962
7290108353334,true,שמפו כיף מונע קשקשים,,,שמפו כיף מונע קשקשים,Each,0.00,Each,false,,12.90,0.0000,true,1,31238
7290108353396,false,צמד מברשות שיניים עם סיבים דקים ורכים במיוחד,יבואן ומשווק: ש. שסט,IL,מב. שיניים אורביטול מקצועית 2יחידות 980,יחידה,2.00,יחידה,false,12,21.90,10.9500,true,1,34913
7290108353402,false,צמד מברשות שיניים עם סיבי פחם דקים במיוחד,יבואן ומשווק: ש. שסט,CN,מב. שיניים אורביטול פחם 2 יח,יחידה,2.00,יחידה,false,12,21.90,10.9500,true,1,34914
7290108353471,true,סבון אסלה מוצק דיזיי,,,סבון אסלה מוצק דיזיי,Each,0.00,Each,false,,7.50,0.0000,true,1,29150
7290108353495,false,אורביטול - חוט דנטאלי 50 מטר בתוספת שעווה ופלואוריד,אורביטול,IL,חוט דנטלי 50 מטר סנו,מטרים,50.00,מטר,false,1,11.90,0.2380,true,1,49556
7290108353525,true,תבניות אלומינים לארג,,,תבניות אלומינים לארג,Each,0.00,Each,false,,16.90,0.0000,true,1,31441
7290108353549,true,נייר אפיה 100יחידות,,,נייר אפיה 100יחידות,Each,0.00,Each,false,,22.90,0.0000,true,1,31436
7290108353648,false,סנו סושי - שקיות אוכל מנייר 70 יחידות,איי טיי אריזות טורקיה,TR,שקיות אוכל מנייר 70יח אקס אל,יחידה,70.00,יחידה,false,24,11.90,0.1700,true,1,34912
7290108353655,true,מפיות אירוח איכותיות,,,מפיות אירוח איכותיות,Each,0.00,Each,false,,10.90,0.0000,true,1,31439
7290108353662,false,"סנו סושי מפת שולחן מוטבעת 120*270 ס""מ",שואוגאנג,CN,מפת שולחן חד פעמי מוטבעת 270/120סמ,יחידה,1.00,יחידה,false,24,8.90,8.9000,true,1,47912
7290108353686,false,מטלית חלומית לרצפה סנו סושי 1 יחידה,נינגבו סנבנג,CN,מטלית מיקרופייבר חלומית לרצפות סנו סושי,יחידה,1.00,יחידה,false,1,12.90,12.9000,true,1,37067
7290108353891,false,"קרמה - דאודורנט רול און לאישה קרמה מאסק 75 מ""ל","קוסמופארם בע""\מ",IL,דאודורנט קרמה רול און 75מל מאסק,מיליליטרים,75.00,"100 מ""ל",false,12,16.90,22.5333,true,1,34902
7290108353907,false,"קרמה - דאודורנט רול און לאישה קרמה קלאסי 75 מ""ל","קוסמופארם בע""\מ",IL,דאודורנט קרמה רול און 75מל קלאסי,מיליליטרים,75.00,"100 מ""ל",false,12,16.90,22.5333,true,1,34901
7290108353914,false,דאו.סטיק אשכוליתקרמה70גר,"אמיליה קוסמטיקס בע""\מ",IL,דאודורנט קרמה סטיק למון גראס אשכולית70מל,Unknown,0.00,Unknown,false,12,19.90,0.0000,true,1,39599
7290108353921,false,קרמה דיאודורנט סטיק מאסק 70 גרם,בטר אנד דיפרנט,IL,דאודורנט קרמה סטיק מאסק 70מל,Unknown,0.00,Unknown,false,12,19.90,0.0000,true,1,39596
7290108353952,false,"קרמה - דאודורנט ספריי לאישה קרמה קלאסי 150 מ""ל",מיוצר עי : אמיליה קוסמטי,IL,דאודורנט קרמה ספריי קלאסי 150 מל,מיליליטרים,150.00,"100 מ""ל",false,1,12.90,8.6000,true,1,45422
7290108353990,false,"קרמה - קרם גוף קרמה מאסק 500 מ""ל",טרופיקל דגיל תעשיות,IL,קרם גוף קרמה מאסק 500 מל,מיליליטרים,500.00,"100 מ""ל",false,1,27.90,5.5800,true,1,38220
7290108354065,false,קרמה מן גל רחצה פילינג 700 מל לגבר,קוסמופארם בע'\'\מ,IL,גל רחצה קרמה מן פילינג 700מל,מיליליטרים,700.00,"100 מ""ל",false,1,16.90,2.4143,true,1,47286
7290108354140,true,מגבוני דאוד. קרליין,,,מגבוני דאוד. קרליין,Each,0.00,Each,false,,12.90,0.0000,true,1,34362
7290108354157,false,קרליין מגבוני דאודורנט נושם ON THE GO כתום 20 יחידות,החברה הדרומית,IL,מגבוני דאוד. קרליין נושם כתום 20יח,יחידה,20.00,יחידה,false,12,12.90,0.6450,true,1,34906
7290108354263,false,אורביטול גוניור משחת שיניים חד קרן 70גרם,טרופיקל דגיל תעשיות קוסמ,IL,מש. שיניים אורביטול חד קרן 70גר,גרמים,70.00,100 גרם,false,1,9.90,14.1429,true,1,38214
7290108354270,false,מרכך כביסה מרוכז בבישום עוצמתי 1 ל' סנו מקסימה,מיוצר עי קונדיטוריית,IL,מרכך כביסה מקסימה מרוכז 1ליטר גוי,ליטרים,1.00,ליטר,false,1,16.90,16.9000,true,1,47914
7290108354362,false,"סנו מדיק אל סבון היגייני לידיים 500 מ""ל",קוסמופארם בעמ,IL,אל סבון היגייני לידיים 500מל,מיליליטרים,500.00,"100 מ""ל",false,12,12.90,2.5800,true,1,37193
7290108354836,false,קרם ידיים מרוכז לידיים יבשות מאוד בבישום עדין,קוסמופארם,IL,קרם ידיים קרמה מרוכז בישום עדין 50מל,Unknown,0.00,Unknown,false,12,16.90,0.0000,true,1,37070
7290108354850,false,"דאורדוראנט רול און קרמה בריזת ים 75 מ""ל",החברה הדרומית,IL,דאודורנט קרמה רול און 75מל בריזת ים,מיליליטרים,75.00,"100 מ""ל",false,12,16.90,22.5333,true,1,34895
7290108354911,true,שמפו גל רחצה וגילוח,,,שמפו גל רחצה וגילוח,Each,0.00,Each,false,,19.90,0.0000,true,1,33025
7290108355031,true,אל סבון נקה 7 קידס מ,,,אל סבון נקה 7 קידס מ,Each,0.00,Each,false,,11.90,0.0000,true,1,15775
7290108355482,false,"קרמה - דאודורנט רול און לאישה קרמה לבנדר ואקליפטוס 75 מ""ל","קוסמופארם בע""\מ",IL,דאודורנט קרמה רול און 75מל לבנדר אקליפטו,מיליליטרים,75.00,"100 מ""ל",false,12,16.90,22.5333,true,1,34899
7290108355741,false,"קרליין - קרם גוף מבושם בלו הוון 250 מ""ל",פאר פארם בעמ,IL,קרם גוף קרליין מבושם 250מל שפופרת גן עדן,מיליליטרים,250.00,"100 מ""ל",false,6,26.90,10.7600,true,1,34889
7290108356090,false,קרמה תרחיץ גל לשטיפה אינטימית 220 מל,קוסמופארם בעמ,IL,שטיפה אינטימית קרמה תרחיץ גל 220מל,מיליליטרים,220.00,"100 מ""ל",false,12,21.90,9.9545,true,1,39034
7290108356113,true,תחליב רחצה כיף מילק,,,תחליב רחצה כיף מילק,Each,0.00,Each,false,,12.90,0.0000,true,1,25929
7290108356120,true,תחליב רחצה כיף מילק,,,תחליב רחצה כיף מילק,Each,0.00,Each,false,,12.90,0.0000,true,1,25932
7290108356137,true,תחליב רחצה כיף מילק,,,תחליב רחצה כיף מילק,Each,0.00,Each,false,,12.90,0.0000,true,1,25931
7290108356168,true,תחליב רחצה כיף מילק,,,תחליב רחצה כיף מילק,Each,0.00,Each,false,,12.90,0.0000,true,1,25933
7290108356229,false,ג'ל גילוח לכל סוגי העור מועשר בפחם פעיל,טרופיקל דגיל תעשיות,TR,גל גילוח קרמה קרבון פאוור 200 מל,מיליליטרים,200.00,"100 מ""ל",false,1,11.90,5.9500,true,1,34510
7290108356380,false,נושם מגבונים דאודורנט PURE ורוד,סנו,IL,מגבוני דאודורנט קרמה מועשר 20יח,יחידה,20.00,יחידה,false,12,11.90,0.5950,true,1,34905
7290108356403,false,"כיף תחליב רחצה בניחוח עוגת חד קרן 700 מ""ל",קוסמופארם בעמ,IL,תחליב רחצה כיף בניחוח עוגת קרן 700מל,מיליליטרים,700.00,"100 מ""ל",false,12,13.90,1.9857,true,1,39601
7290108356489,false,"כיף - תחליב רחצה אפרסק וחמאת מורומורו 700 מ""ל",קוסמופארם בעמ,IL,תחליב רחצה כיף אפרסק וחמאת מורומורו 700מ,מיליליטרים,700.00,"100 מ""ל",false,12,12.90,1.8429,true,1,47909
7290108356519,false,קרליין שמפו 10למניעת קשקשים 700מל,"קוסמופארם בע""\מ",IL,שמפו קרליין לשיער רגיל 700 מל חדש,מיליליטרים,700.00,"100 מ""ל",false,1,12.90,1.8429,true,1,47288
7290108356526,false,"קרליין - שמפו 10 לשיער יבש 700 מ""ל","קוסמופארם בע""\מ",IL,שמפו קרליין לשיער יבש 700 מל חדש,מיליליטרים,700.00,"100 מ""ל",false,1,12.90,1.8429,true,1,47289
7290108356533,false,קרוליין 10 שמפו לשיער מתולתל 700 מל,"קוסמופארם בע""\מ",IL,שמפו קרליין לשיער מתולתל 700 מל חדש,מיליליטרים,700.00,"100 מ""ל",false,1,12.90,1.8429,true,1,47290
7290108356564,false,"קרליין - מרכך 10 לשיער רגיל 700 מ""ל","קוסמופארם בע""\מn\",IL,מרכך קרליין שיער רגיל 700 מל חדש,מיליליטרים,700.00,"100 מ""ל",false,1,12.90,1.8429,true,1,47293
7290108357011,true,מרכך כיף 700מל בניחו,,,מרכך כיף 700מל בניחו,Each,0.00,Each,false,,12.90,0.0000,true,1,31443
7290108357042,false,"קרליין - נושם ביו דאודורנט רול און 75 מ""ל Citrus Blossoms לאישה","קוסמופארם בע""\מ",IL,דאודורנט קרליין רול און נושם ביו בלונס,מיליליטרים,75.00,"100 מ""ל",false,1,12.90,17.2000,true,1,47901
7290108357059,false,"קרליין - נושם ביו דאודורנט רול און 75 מ""ל Secret Garden לאישה","קוסמופארם בע""\מ",IL,דאודורנט קרליין רול און נושם ביו גארדן,מיליליטרים,75.00,"100 מ""ל",false,1,12.90,17.2000,true,1,47902
7290108357097,false,"קרליין - נושם ביו דאודורנט ספריי 150 מ""ל Velvet Rose לאישה",קוסטר אירוסול,IL,דאודורנט קרליין ספריי נושם ביו רוז,מיליליטרים,200.00,"100 מ""ל",false,1,12.90,6.4500,true,1,47906
7290108357189,true,סנו מקסימה למייבש 75,,,סנו מקסימה למייבש 75,Each,0.00,Each,false,,18.90,0.0000,true,1,31438
7290108357196,false,"ג'ט פלוס לניקוי כללי בתוספת תמצית עץ התה 750 מ""ל סנו",מיוצר עי קונדיטוריית,IL,מרסס סנו גט לניקוי כללי 750מל תמצית תה,מיליליטרים,750.00,"100 מ""ל",false,1,12.90,1.7200,true,1,40507
7290108357226,false,"אוקסיגן POWER אבקה לכביסה לבנה והסרת כתמים 1.4 ק""ג סנו",החברה הדרומית,IL,אבקת סנו אוקסיגן 1.4קג לבן בקופסא,גרמים,1400.00,100 גרם,false,12,31.90,2.2786,true,1,47299
7290108357233,false,סנוקליר מטליות לחות לניקוי והברקה 50יח,"סנו מפעלי ברונוס בע""\מ",IL,מטליות לחות לניקוי והברקה 50יח,יחידה,50.00,יחידה,false,24,12.90,0.2580,true,1,47303
7290108357288,false,אקונומיקה ז'אוול בניחוח פריחה לבנה 4 ל' סנו,סנו ז'אוול Javel,IL,נוזל סנו זאול פריחה לבנה 4 ליטר,ליטרים,4.00,ליטר,false,1,16.90,4.2250,true,1,47301
7290108357295,false,"מרסס אוקסיג'ן מסיר כתמים סנו לכביסה לבנה 750 מ""ל",החברה הדרומית,IL,מסיר כתמים סנו אוקסיגן לכביסה לבנה750 מל,מיליליטרים,750.00,"100 מ""ל",false,1,17.90,2.3867,true,1,49554
7290108357424,false,"קרם גוף קרמה נרולי ומגנוליה 500 מ""ל",קוסמופארם בע'\'\מ,IL,קרם גוף קרמה 500 מל נרולי ומגנוליה,מיליליטרים,500.00,"100 מ""ל",false,1,27.90,5.5800,true,1,37075
7290108357493,false,"תחליב רחצה קרמה וניל ופלפל ורוד 700 מ""ל",גוד פוד פרודקטס S.p,IL,תחליב רחצה קרמה מועשר 700מל וניל ופלפל,מיליליטרים,700.00,"100 מ""ל",false,12,18.90,2.7000,true,1,39029
7290108357509,false,"קרמה קרם גוף וניל ופלפל ורוד 500 מ""ל",טרופיקל דגיל תעשיות,IL,קרם גוף קרמה 500מל וניל ופלפל ורוד,מיליליטרים,500.00,"100 מ""ל",false,1,27.90,5.5800,true,1,38221
7290108357653,false,סנובון ג'ל לאסלה שלישיה בניחוח אוקיינוס,סנו סנובון,CZ,סבון אסלה סנובון באבלס שלישייה אוקיינוס,יחידה,1.00,יחידה,false,12,15.90,15.9000,true,1,51329
7290108357707,true,שמפו כיף לשיער רגיל,,,שמפו כיף לשיער רגיל,Each,0.00,Each,false,,12.90,0.0000,true,1,26738
7290108357714,true,שמפו כיף לשיער יבש ר,,,שמפו כיף לשיער יבש ר,Each,0.00,Each,false,,12.90,0.0000,true,1,26740
7290108357769,true,מרכך כיף לשיער רגיל,,,מרכך כיף לשיער רגיל,Each,0.00,Each,false,,12.90,0.0000,true,1,26739
7290108357806,true,מרכך כיף לשיער מעוצב,,,מרכך כיף לשיער מעוצב,Each,0.00,Each,false,,12.90,0.0000,true,1,26743
7290108357875,false,"כיף - שמפו לחות מוגברת עם אפרסק וחמאת מורומורו 700 מ""ל",קוסמופארם בעמ,IL,שמפו כיף לחות מוגברת אפרסק 700מל,מיליליטרים,700.00,"100 מ""ל",false,12,12.90,1.8429,true,1,47907
7290108357882,false,"כיף - מרכך לחות מוגברת עם אפרסק וחמאת מורומורו 700 מ""ל",קוסמופארם בעמ,IL,מרכך כיף לחות מוגברת אפרסק 700מל,מיליליטרים,700.00,"100 מ""ל",false,12,12.90,1.8429,true,1,47908
7290108358070,false,"תחליב רחצה קרמה קלאסי 700 מ""ל",גוד פוד פרודקטס S.p,IL,תחליב רחצה קרמה מועשר 700מל קלאסי,מיליליטרים,700.00,"100 מ""ל",false,12,18.90,2.7000,true,1,35969
7290108358087,false,"תחליב רחצה קרמה מאסק 700 מ""ל",גוד פוד פרודקטס S.p,IL,תחליב רחצה קרמה מועשר 700מל ורד וניל,מיליליטרים,700.00,"100 מ""ל",false,12,18.90,2.7000,true,1,35970
7290108359008,false,סושי שקיות זיפר עם סליידר 15 יח לארג',החברה הדרומית,CN,שקיות זיפר+סליידר 15יח גודל לארג,יחידה,15.00,יחידה,false,12,14.90,0.9933,true,1,47282
7290108359015,false,סושי שקיות זיפר עם סליידר 20 יח מדיום,החברה הדרומית,CN,שקיות זיפר+סליידר 20יח גודל מדיום,יחידה,20.00,יחידה,false,12,14.90,0.7450,true,1,47281
7290108359039,false,שקיות אשפה עם ידיות סנו סושי לפחים 30 יחידות,סנאט גרופ,TR,שקיות אשפה פחים גדולים 30יח 60/90סמ,יחידה,30.00,יחידה,false,12,21.90,0.7300,true,1,39036
7290108359060,false,סנו סושי כריות הפלא רב תכלתיות *4 לשבת,סנו מפעלי ברונו בעמ,IL,כריות ניקוי לשבת 4יח סנו סושי,יחידה,4.00,יחידה,false,12,12.90,3.2250,true,1,46130
7290108359077,false,סנו - סופט לושן ממחטות אף בקופסא 3 שכבות 120 יח',"סנו מפעלו ברונוס בע""\מ",EG,ממחטות אף סופט לושן 3 שכבות 120יח,יחידה,120.00,יחידה,false,24,14.90,0.1242,true,1,47287
7290108359084,false,סנו סושי כיסוי ניילון עם גומי 30 יחידות M,תאיזו ווילד,IL,כיסוי ניילון עם גומי 30יח מדיום סנו סושי,יחידה,30.00,יחידה,false,24,9.90,0.3300,true,1,51333
7290108359114,false,סנו סושי – 10 חמגשית אלומיניום עם מכסה,סנו סושי,IL,חמגשיות עם מכסה חד פעמי 10יח סנו סושי,יחידה,10.00,יחידה,false,12,11.90,1.1900,true,1,49542
7290108359121,false,סנו סושי שקיות אשפה חזקות במיוחד 100 יח' L,סנו סושי,IL,שקיות אשפה חזקות 100יח בקופסא סנו סושי,יחידה,100.00,יחידה,false,8,59.90,0.5990,true,1,47297
7290108359145,false,סנו סושי דפי ספוג הפלא12,קריות זול,CN,דפי ספוג הפלא 12יחידות סנו סושי,יחידה,12.00,יחידה,false,1,12.90,1.0750,true,1,51327
7290108359169,false,"תבנית אלומיניום עגולה 628 ס""מ יחי סנו סושי","אופל אריזות בע""\מ",IL,תבניות חד פעמי עגולות קוטר 28סמ 6יח סושי,יחידה,6.00,יחידה,false,24,12.90,2.1500,true,1,51336
7290108359176,false,סופט ממחטות אף צמד בשקית לושן 3 שכבות,סנו סופט,EG,ממחטות אף סופט לושן מארז 2יח 100יח,יחידה,200.00,יחידה,false,48,13.90,0.0695,true,1,51332
7290108359183,false,שקית אשפה חזקות 70*50 60 יח' סנו סושי,סנו סושי,IL,שקיות אשפה 60יחידות 52/71סמ ידיות אחיזה,יחידה,60.00,יחידה,false,12,21.90,0.3650,true,1,51328
7290108359824,true,קרם גוף בייבי כיף 50,,,קרם גוף בייבי כיף 50,Each,0.00,Each,false,,24.90,0.0000,true,1,26313
7290108359831,true,שמן גוף בייבי כיף 50,,,שמן גוף בייבי כיף 50,Each,0.00,Each,false,,24.90,0.0000,true,1,26312
7290108359985,false,סנו - ז'אוול מרסס קצף לניקוי וחינו בניחוח פריחה לבנה 1 ליטר,סנו ז'אוול Javel,IL,סנו זאוול מרסס 1ליטר פריחה לבנה,ליטרים,1.00,ליטר,false,1,18.90,18.9000,true,1,47302
7290108501377,true,שפרוטים מריגה מעושני,,,שפרוטים מריגה מעושני,Each,0.00,Each,false,,9.90,0.0000,true,1,21028
7290108501407,true,גבינת צדר מיושנת 200,,,גבינת צדר מיושנת 200,Each,0.00,Each,false,,22.90,0.0000,true,1,28575
7290108501667,true,לפתן קוקטייל פירות 4,,,לפתן קוקטייל פירות 4,Each,0.00,Each,false,,10.90,0.0000,true,1,23187
7290108501827,true,שערות קדאיף בצק 450ג,,,שערות קדאיף בצק 450ג,Each,0.00,Each,false,,21.90,0.0000,true,1,22603
7290108501971,true,חטיף שקדים ומשמש האפ,,,חטיף שקדים ומשמש האפ,Each,0.00,Each,false,,10.90,0.0000,true,1,22709
7290108501988,true,חטיף שקדים וחמוציות,,,חטיף שקדים וחמוציות,Each,0.00,Each,false,,10.90,0.0000,true,1,22707
7290108502336,false,גבינת גורגונזולה איטלקית 150 גרם 29% שומן,איגור SRL,IT,גבינת גורגונזולה איטלקית 150גר 29%שומן,גרמים,150.00,100 גרם,false,8,16.90,11.2667,true,1,50270
7290108502381,true,תחתיות לפיצה מנת השף,,,תחתיות לפיצה מנת השף,Each,0.00,Each,false,,11.90,0.0000,true,1,26149
7290108502558,false,גבינת שמנת טעם טבעי לייט ויליפוד 200 גרם,אטלסר&אלפרי קאסורק,DE,גבינת שמנת לייט יורו ציז טבעי 200 גרם,גרמים,200.00,100 גרם,false,12,10.90,5.4500,true,1,25993
7290108502589,false,גבינת שמנת עם שום ויליפוד 200 גרם,אטלסר&אלפרי קאסורק,DE,גבינת שמנת יורו ציז שום 200 גרם,גרמים,200.00,100 גרם,false,12,10.90,5.4500,true,1,25991
7290108502862,true,מלפפונים כבושים במלח,,,מלפפונים כבושים במלח,Each,0.00,Each,false,,10.90,0.0000,true,1,24619
7290108502985,true,חטיף תפוחונים מיובשי,,,חטיף תפוחונים מיובשי,Each,0.00,Each,false,,4.60,0.0000,true,1,24620
7290108503234,true,גלידת שרבט מוצי קוקו,,,גלידת שרבט מוצי קוקו,Each,0.00,Each,false,,19.90,0.0000,true,1,27112
7290108503241,true,גלידת שרבט מוצי בטעם,,,גלידת שרבט מוצי בטעם,Each,0.00,Each,false,,19.90,0.0000,true,1,27114
7290108503272,true,גלידת שרבט מוצי ליצי,,,גלידת שרבט מוצי ליצי,Each,0.00,Each,false,,19.90,0.0000,true,1,27111
7290108503289,true,גלידת שרבט מוצי פסיפ,,,גלידת שרבט מוצי פסיפ,Each,0.00,Each,false,,19.90,0.0000,true,1,27117
7290108503364,false,יוגורט יווני עם לימו,MEVGAL,GR,יוגורט יווני עם לימון 150גר 0.9%שומן,גרמים,150.00,100 גרם,false,6,5.80,3.8667,true,1,30640
7290108503388,false,יוגורט יווני עם דבש,MEVGAL,GR,יוגורט יווני עם דבש 150גר 8.4%שומן,גרמים,150.00,100 גרם,false,6,5.80,3.8667,true,1,30638
7290108504385,false,גבינת שמנת עם חלפיניו ויליפוד 200 גרם,Euro יורו מחלבות אירופה,DE,גבינת שמנת חלפינו יורו ציז 200גרם,גרמים,200.00,100 גרם,false,12,10.90,5.4500,true,1,32140
7290108504392,false,גבינת שמנת לייט עם זיתים 200 ג' - EURO CHEESE,אטלסר&אלפרי קאסורק,DE,גבינת שמנת לייט זיתים יורו ציז 200גרם,גרמים,200.00,100 גרם,false,12,10.90,5.4500,true,1,32139
7290108505139,true,יוגורט יווני 150גרם,,,יוגורט יווני 150גרם,Each,0.00,Each,false,,5.90,0.0000,true,1,33906
7290108505146,true,יוגורט יווני 150גרם,,,יוגורט יווני 150גרם,Each,0.00,Each,false,,5.90,0.0000,true,1,33905
7290108505153,true,יוגורט יווני 150גרם,,,יוגורט יווני 150גרם,Each,0.00,Each,false,,5.90,0.0000,true,1,33904
7290108505160,true,יוגורט יווני אגסים 1,,,יוגורט יווני אגסים 1,Each,0.00,Each,false,,5.90,0.0000,true,1,33911
7290108505177,true,יוגורט יווני אננס 15,,,יוגורט יווני אננס 15,Each,0.00,Each,false,,5.90,0.0000,true,1,33910
7290108505184,true,יוגורט יווני קוקוס 1,,,יוגורט יווני קוקוס 1,Each,0.00,Each,false,,5.90,0.0000,true,1,33913
7290108505191,true,יוגורט יווני פצפוצי,,,יוגורט יווני פצפוצי,Each,0.00,Each,false,,5.90,0.0000,true,1,33912
7290108505207,true,יוגורט יווני אוכמניו,,,יוגורט יווני אוכמניו,Each,0.00,Each,false,,5.90,0.0000,true,1,33907
7290108505214,true,יוגורט יווני אפרסק 1,,,יוגורט יווני אפרסק 1,Each,0.00,Each,false,,5.90,0.0000,true,1,33909
7290108506037,false,דלתא יוגורט בטעם טבעי 5% שומן ויליפוד 150 גרם,דלתא פודס,GR,יוגורט יווני טבעי 150גרם 5%שומן,גרמים,150.00,100 גרם,false,6,5.90,3.9333,true,1,39868
7290108506396,true,מארז מיני דונאטס 9יח,,,מארז מיני דונאטס 9יח,Each,0.00,Each,false,,19.90,0.0000,true,1,33496
7290108506426,true,בייגלה סימיט קפוא 40,,,בייגלה סימיט קפוא 40,Each,0.00,Each,false,,16.90,0.0000,true,1,33042
7290108506488,true,סופלה שוקולד קפוא,,,סופלה שוקולד קפוא,Each,0.00,Each,false,,16.90,0.0000,true,1,33037
7290108506495,false,"כנאפה מאפה בצק ""שערות"" קדאיף וגבינה",ארמה גרופ,TR,כנאפה קפוא 192.5גר,גרמים,193.00,100 גרם,false,42,13.90,7.2021,true,1,33038
7290108506969,false,מאפה בורקס מים תורכי גבינה ויליפוד 300 גרם,וילי פוד,TR,בורקס מים טורקי גבינה 300גר,גרמים,300.00,100 גרם,false,1,14.90,4.9667,true,1,35402
7290108507010,false,מאפה בורקס מים תורכי תרד וגבינה ויליפוד 300 גרם,וילי פוד,TR,בורקס מים טורקי תרד גבינה 300גר,גרמים,300.00,100 גרם,false,1,14.90,4.9667,true,1,35403
7290108507065,false,גבינת פרמג'אנו רגיאנו מגורדת ויליפוד 100 גרם,זנאתי,IT,גבינת פרמגאנו ריגאנו מגורדת 100גר יורו,גרמים,100.00,100 גרם,false,20,12.90,12.9000,true,1,38333
7290108507188,false,כנאפה קפוא אריזה משפחתית 657.5 גרם,ארמה גרופ,TR,כנאפה משפחתי קפוא 657.5גר,גרמים,658.00,100 גרם,false,10,29.90,4.5441,true,1,35881
7290108507621,false,בקלאווה פיסטוק קפוא,גידה,TR,בקלאווה עם פיסטוק 250 גר קפואה,גרמים,250.00,100 גרם,false,20,14.90,5.9600,true,1,35966
7290108508031,false,ויליפוד אננס שלם 830 גרם,נטריישן,TH,לפתן אננס שלם ויליפוד 830 גרם,גרמים,830.00,100 גרם,false,1,10.90,1.3133,true,1,50581
7290108508369,false,גבינת CHEESE LONG ויליפוד 200 גרם,מוטיבי גידה דיירי אי,TR,גבינת ציז לונג 200גר,גרמים,200.00,100 גרם,false,12,19.90,9.9500,true,1,38029
7290108508444,false,גב.טולום חצי קשה26% 200ג,זמסי,TR,גבינת טולום חצי קשה 200גר 26%שומן יורו,גרמים,200.00,100 גרם,false,10,14.90,7.4500,true,1,38372
7290108508536,false,גרגירי חומוס מבושלים,,TR,גרגירי חומוס מבושלים 700 גרם,גרמים,700.00,100 גרם,false,1,9.90,1.4143,true,1,45569
7290108508543,false,אפונה מבושלת במי מלח 700 גר,,TR,אפונה מבושלת במי מלח 700 גרם,גרמים,700.00,100 גרם,false,1,9.90,1.4143,true,1,45570
7290108508567,false,שעועית אדומה מבושלת,,TR,שעועית אדומה מבושלת 700 גרם,גרמים,700.00,100 גרם,false,1,9.90,1.4143,true,1,45568
7290108508703,false,טורטיה ללא גלוטן 270 גרם ויליפוד,מוטלוקל גידה סאנאי טיקרט,TR,טורטיה ללא גלוטן 270 גרם,גרמים,270.00,100 גרם,false,20,10.00,3.7037,true,1,38371
7290108508765,false,קונכיות פתיתים ויליפוד 400גרם,וילי פוד,TR,קונכיות פתיתים 400 גרם צ,גרמים,400.00,100 גרם,false,1,7.90,1.9750,true,1,45571
7290108508772,false,קונכיות פתיתים עם תרד 400 גרם,וילי פוד,TR,קונכיות פתיתים עם תרד 400 גרם,גרמים,400.00,100 גרם,false,1,7.90,1.9750,true,1,45572
7290108508901,false,דלתא יוגורט עם דובדבנים ושקדים 0.6% ויליפוד 150 גרם,דלתא פודס,GR,יוגורט יווני דובדבן שקד 150גרם 0%שומן,גרמים,150.00,100 גרם,false,6,5.90,3.9333,true,1,39866
7290108508918,false,יוגורט יווני לימון מ,דלתא פודס,GR,יוגורט יווני לימון מרנג 150גרם 0%שומן,גרמים,150.00,100 גרם,false,6,5.90,3.9333,true,1,39865
7290108508970,false,וילי פוד תה ג'רבה 50,אוסוואלדי קרוז בואנס,PY,תה גרבה מטה 500 ג,גרמים,500.00,100 גרם,false,1,19.90,3.9800,true,1,38771
7290108509052,false,מאפה פילו במילוי גבינת פטה ויליפוד 400 גרם,וילי פוד,GR,מאפה פילו במילוי גבינת פטה 400גר,גרמים,400.00,100 גרם,false,12,19.90,4.9750,true,1,39489
7290108509397,false,עלי בצק פילו [משולשים] 360 גרם,ארמה גרופ,TR,עלי בצק פילו 360גרם משולשים,גרמים,360.00,100 גרם,false,16,9.90,2.7500,true,1,50191
7290108509410,false,חלבה טורקית עם קקאו 350 גרם ויליפוד,וילי פוד,TR,חלבה טורקית עם קקאו 350 גרם,גרמים,350.00,100 גרם,false,12,9.90,2.8286,true,1,39970
7290108509618,false,זיתים ירוקים על הגריל מגולענים במרינדה 730 גרם,,TR,זית ירוק על הגריל מגולען 730 גרם,גרמים,730.00,100 גרם,false,12,24.90,3.4110,true,1,40713
7290108509625,false,זיתים ירוקים ופלפל על הגריל מגולענים במרינדה 730 גרם ויליפוד,,TR,זית ירוק עם פלפל על הגריל מגולען 730 גרם,גרמים,730.00,100 גרם,false,12,24.90,3.4110,true,1,40714
7290108509700,false,"אורז פרסי DAAWAT מהדרין 1 ק""ג",אל.טי.פודס לימיטד,IN,אורז פרסי דאוואט 1 קג,קילוגרמים,1.00,"ק""ג",false,20,9.90,9.9000,true,1,46444
7290108980301,false,מברשת למנגל/גריל מקצ,,,מברשת למנגל/גריל מקצועי,יחידה,1.00,יחידה,false,1,34.90,34.9000,true,1,38661
7290108981599,true,מאג טרמי צבעוני,,,מאג טרמי צבעוני,Each,0.00,Each,false,,26.90,0.0000,true,1,15818
7290108983241,false,סט כלים למנגל 3יח יד,,,סט כלים למנגל 3יח ידית בקלית,יחידה,3.00,יחידה,false,1,49.90,16.6333,true,1,34462
7290108986884,true,קערת זכוכית 1ליטר עג,,,קערת זכוכית 1ליטר עג,Each,0.00,Each,false,,16.90,0.0000,true,1,29820
7290108988215,true,קולפן כרוב אקרילי 10,,,קולפן כרוב אקרילי 10,Each,0.00,Each,false,,11.90,0.0000,true,1,33715
7290109351025,true,מלך החומוס חומוסטחינ,,,מלך החומוס חומוסטחינ,Each,0.00,Each,false,,14.90,0.0000,true,1,15136
7290109351971,true,פריכיות פיטנס בר שוק,,,פריכיות פיטנס בר שוק,Each,0.00,Each,false,,13.90,0.0000,true,1,17256
7290109352916,true,פריכיות פיטנס בר שוק,,,פריכיות פיטנס בר שוק,Each,0.00,Each,false,,13.90,0.0000,true,1,17257
7290109353494,true,פסטה פרפקטו פראפלה 5,,,פסטה פרפקטו פראפלה 5,Each,0.00,Each,false,,7.50,0.0000,true,1,16907
7290109354057,false,קרחוני לה פרוטה La Frutta בטעמי אננס תפוז- 5 יח',תות תעשיות מזון (201,IL,מאגדת לה פרוטה מיקס תפוז אננס 350גר,יחידה,5.00,יחידה,false,1,25.90,5.1800,true,1,16384
7290109358116,true,ויטמינציק אננס 2 ליט,,,ויטמינציק אננס 2 ליט,Each,0.00,Each,false,,41.90,0.0000,true,1,18357
7290109358130,false,מאגדת לה פרוטה יוגורט אננס פסיפלורה מנגו,גלידות נסטלה )נגה גלידות,IL,מאגדת לה פרוטה יוגורט אננס פסיפלורה 5יח,יחידה,5.00,יחידה,false,1,25.90,5.1800,true,1,21371
7290109358765,false,דגני בוקר קראנץ' רולס נוגט 450 גרם,"אסם השקעות בע""\מ",IL,דגני בוקר קראנץ רולס 450 גר,גרמים,450.00,100 גרם,false,1,22.90,5.0889,true,1,19194
7290109580050,false,נקניקיות צ'וריסוס וונדרס 0% בשר טבעוני ללא גלוטן,"וונדרס ע""י זוגלובק 2000",IL,נקניקיות צוריסוס וונדרס 226גר,גרמים,226.00,100 גרם,false,6,29.90,13.2301,true,1,48927
7290109580067,false,"טחון וונדרס 0% בשר , טבעוני","וונדרס ע""י זוגלובק 2000",IL,טחון וונדרס 340גר,גרמים,340.00,100 גרם,false,6,29.90,8.7941,true,1,48928
7290109580098,false,קבנוס בטעם סרירצ'ה זוגלובק 135 גרם,זוגלובק,IL,נקניק קבנוס סרירצה 135גר,גרמים,135.00,100 גרם,false,12,10.90,8.0741,true,1,48919
7290109580104,false,רוסטביף פרימיום זוגלובק 150 גרם,זוגלובק,IL,נקניק רוסביף 150 גרם פרימיום,גרמים,150.00,100 גרם,false,8,24.90,16.6000,true,1,48903
7290109580111,false,צלעות אסאדו מעושנות פרימיום זוגלובק 120 גרם,זוגלובק,IL,נקניק צלעות אסאדו מעושנות 120גר פרימיום,גרמים,120.00,100 גרם,false,8,24.90,20.7500,true,1,48908
7290109580135,false,קורנדביף פרימיום 180 גרם זוגלובק,זוגלובק,IL,נקניק קורנדביף 180גרם פרימיום,גרמים,180.00,100 גרם,false,8,24.90,13.8333,true,1,48905
7290109580159,false,פסטרמה בנוסח טוסקנה פרימיום זוגלובק 180 גרם,זוגלובק,IL,פסטרמה בנוסח טוסקנה 180גר פרימיום,גרמים,180.00,100 גרם,false,8,24.90,13.8333,true,1,48906
7290109580166,false,סרוולד קלאסי פרימיום זוגלובק 150 גרם,זוגלובק,IL,נקניק סרוולד קלאסי 150גר פרימיום,גרמים,150.00,100 גרם,false,8,24.90,16.6000,true,1,48907
7290109580210,false,נקנקיות ריינהולד'ס הצרפתיה זוגלובק 300 ג',זוגלובק,IL,נקניקיות ריינהולדס הצרפתיה 300גר,גרמים,300.00,100 גרם,false,6,21.90,7.3000,true,1,48911
7290109580227,false,נקניקיות עוף ובקר בסגנון ברלינאי קאריוורסט,זוגלובק,IL,נקניקיות קאריוורסט ריינהולדס 300גר,גרמים,300.00,100 גרם,false,6,21.90,7.3000,true,1,48912
7290109580234,false,"נקניקיות מרגז חריפות וונדרס 0% בשר, טבעוני",זוגלובק וונדרס Wonders,IL,נקניקיות מרגז וונדרס 226גר,גרמים,226.00,100 גרם,false,6,29.90,13.2301,true,1,48930
7290109580241,false,נאגטס מן הצומח זוגלובק 500 גרם,זוגלובק טבע,IL,נאגטס מן הצומח 500גר,גרמים,500.00,100 גרם,false,12,22.90,4.5800,true,1,48968
7290109580319,false,"בורגר וונדרס 0% בשר , טבעוני",זוגלובק וונדרס Wonders,IL,בורגר וונדרס 280גר,גרמים,280.00,100 גרם,false,6,29.90,10.6786,true,1,48931
7290109580449,false,סלמי בטעם כמהין פרימיום זוגלובק 180 גרם,זוגלובק,IL,נקניק סלמי בטעם כמהין 180גר פרימיום,גרמים,180.00,100 גרם,false,8,24.90,13.8333,true,1,48967
7290109640020,true,תחליף בסגנון מוצרלה,,,תחליף בסגנון מוצרלה,Each,0.00,Each,false,,21.90,0.0000,true,1,16667
7290109640198,true,תחליף גבינה לפיצה וא,,,תחליף גבינה לפיצה וא,Each,0.00,Each,false,,21.90,0.0000,true,1,18785
7290109640204,false,גוש בסגנון חלומי 18% משומשו 250 גרם,וי גרדן,IL,גוש בסגנון חלומי 250גר 18%שומן משומשו,גרמים,250.00,100 גרם,false,1,20.90,8.3600,true,1,18786
7290109640372,true,ממרח זיתים 200גר 9%,,,ממרח זיתים 200גר 9%,Each,0.00,Each,false,,15.90,0.0000,true,1,26259
7290109640402,true,ממרח טבעי 200גר 9%,,,ממרח טבעי 200גר 9%,Each,0.00,Each,false,,15.90,0.0000,true,1,26260
7290109640631,false,לאבנה טבעונית 9% שומן 200 גר' משומשו,"טרופיקל דגיל בע""מ אז",IL,בסגנון לאבנה 200גרם על בסיס קוקוס,גרמים,200.00,100 גרם,false,1,15.90,7.9500,true,1,36267
7290109640648,false,ממרח בטעם חמאה 150 גרם - משומשו,גן שמואל-תעשיות בריאות,IL,ממרח בטעם חמאה 150גר משומשו,גרמים,150.00,100 גרם,false,1,12.90,8.6000,true,1,38343
7290109640761,false,מאפה פילאס במילוי פטה טבעונית 600 גרם - משומשו,סנו מפעלי ברונוס.,IL,מאפה פילאס מילוי פטה טבעונית 600גר משומש,גרמים,600.00,100 גרם,false,1,24.90,4.1500,true,1,38539
7290109640778,false,משומשו מאפה בצק פילאס טבעוני מילוי בשר,סנו מפעלי ברונוס.,IL,מאפה פילאס בסגנון בשר 600גר משומשו,גרמים,600.00,100 גרם,false,1,24.90,4.1500,true,1,38540
7290109640785,false,מאפה פילאס טבעוני במילוי בסגנון פיצה,סנו מפעלי ברונוס.,IL,מאפה פילאס בסגנון פיצה 600גר משומשו,גרמים,600.00,100 גרם,false,1,24.90,4.1500,true,1,38541
7290109920061,false,ספריי מסיר מדבקות שומן וחומרים נדבקים,ריינבו,CN,ספריי מסיר חומרים נדבקים 450מל,מיליליטרים,450.00,"100 מ""ל",false,12,29.90,6.6444,true,1,46635
7290109920153,false,"מלבין לכביסה לבנה לובן צח, 790 גרם יעקבי",יעקובי,US,אבקה להלבנת כביסה לבנה 790 גר וויט בריט,גרמים,790.00,100 גרם,false,1,34.90,4.4177,true,1,17669
7290109920313,true,מרסס אסטוניש מבריק ש,,,מרסס אסטוניש מבריק ש,Each,0.00,Each,false,,13.90,0.0000,true,1,20739
7290109920320,true,מרסס אסטוניש משמיד ע,,,מרסס אסטוניש משמיד ע,Each,0.00,Each,false,,13.90,0.0000,true,1,20740
7290109920597,true,מרסס אסטוניש למקלחון,,,מרסס אסטוניש למקלחון,Each,0.00,Each,false,,13.90,0.0000,true,1,20741
7290109920665,true,מרסס אסטוניש מסיר או,,,מרסס אסטוניש מסיר או,Each,0.00,Each,false,,13.90,0.0000,true,1,20743
7290109920757,false,מרכך כביסה מרוכז ורדים הפי 1 ליטר,יעקובי הפי,,מרכך כביסה הפי מרוכז 1 ליטר ורדים,ליטרים,1.00,ליטר,false,1,9.90,9.9000,true,1,20748
7290109920849,true,מרסס אסטוניש לניקוי,,,מרסס אסטוניש לניקוי,Each,0.00,Each,false,,13.90,0.0000,true,1,20744
7290109920870,true,נוזל לכביסה שחורה וכ,,,נוזל לכביסה שחורה וכ,Each,0.00,Each,false,,15.90,0.0000,true,1,23555
7290109921303,true,סופג לחות טורבולן 2י,,,סופג לחות טורבולן 2י,Each,0.00,Each,false,,31.90,0.0000,true,1,26012
7290109921334,false,אידיאל פרוטקט יעקבי 15 דפי כביסה,יעקובי,ES,דפי בד לכביסה פרוטקט קולור 15 דף,יחידה,15.00,יחידה,false,1,16.90,1.1267,true,1,26966
7290109921389,true,נוזל השיפוצניק לניקו,,,נוזל השיפוצניק לניקו,Each,0.00,Each,false,,19.90,0.0000,true,1,27825
7290109921419,true,סבון אסלה כחול אקונו,,,סבון אסלה כחול אקונו,Each,0.00,Each,false,,9.90,0.0000,true,1,28456
7290109921488,false,"דורגול לניקוי וחיטוי מכונת הכביסה יעקבי 500 מ""ל",יעקובי דורגול,DE,דורגול למכונת כביסה ניקוי וחיטוי 500מל,מיליליטרים,500.00,"100 מ""ל",false,10,29.90,5.9800,true,1,30549
7290109921587,true,נוזל לשטיפת רצפות ג,,,נוזל לשטיפת רצפות ג,Each,0.00,Each,false,,14.90,0.0000,true,1,30551
7290109921686,true,מטליות לחות לניקוי ר,,,מטליות לחות לניקוי ר,Each,0.00,Each,false,,11.90,0.0000,true,1,31850
7290109921723,false,"דורגול ג'ל לאסלה 750 מ""ל",יעקובי דורגול,,גל לניקוי אסלות דורגול 750מל,מיליליטרים,750.00,"100 מ""ל",false,1,19.90,2.6533,true,1,37267
7290109921747,false,סבון לאסלה 5 טיפות אריזת שלישייה,רלווי,IT,מארז 3יח סבון אסלה 5 טיפות,יחידה,3.00,יחידה,false,12,17.90,5.9667,true,1,38849
7290109921853,false,אסטוניש המשחה המקורית לניקוי עם עוצמה,יעקבי- אסטוניש Astonish,GB,משחת אסטוניש לניקוי עם עוצמה 150גר,גרמים,150.00,100 גרם,false,1,18.90,12.6000,true,1,37266
7290109921952,false,ג'ל כביסה סופרו אקטיב יעקובי ירוק 2.5 ליטר,וונדפוט,IL,גל כביסה הפי 2.5ליטר סופר אקטיב ירוק,ליטרים,2.50,ליטר,false,1,24.90,9.9600,true,1,38821
7290109922843,false,האקונומיקה המובילה באירופה נוסחה ייחודית מרוכז 2 ל,,BE,האקונומיקה המובילה באירופה 2ליטר,ליטרים,2.00,ליטר,false,6,11.90,5.9500,true,1,46633
7290109922881,false,"דורגול מרסס למטבח 600 מ""ל",יעקובי דורגול,CH,מרסס דורגול למטבח 600מל,מיליליטרים,600.00,"100 מ""ל",false,12,24.90,4.1500,true,1,49309
7290109922911,false,דזיטול חיטוי נעליים מפטריות חיידקים וריחות 150מל,מרקה,ES,דזיטול חיטוי נעליים מפטריות חיידקים וריח,מיליליטרים,150.00,"100 מ""ל",false,12,19.90,13.2667,true,1,49312
7290109923024,false,"אסטוניש מרסס פרימיום ארומטיק למטבח 750 מ""ל",יעקובי אסטוניש,GB,מרסס אסטוניש פרימיום למטבח 750מל,מיליליטרים,750.00,"100 מ""ל",false,12,13.90,1.8533,true,1,47894
7290109923031,false,"אסטוניש מרסס פרימיום ארומטיק למקלחון 750 מ""ל",יעקובי אסטוניש,GB,מרסס אסטוניש פרימיום למקלחון 750מל,מיליליטרים,750.00,"100 מ""ל",false,12,13.90,1.8533,true,1,47895
7290109923048,false,"אסטוניש מרסס פרימיום ארומטיק לכל הבית 750 מ""ל",יעקובי אסטוניש,GB,מרסס אסטוניש פרימיום לכל הבית 750מל,מיליליטרים,750.00,"100 מ""ל",false,12,13.90,1.8533,true,1,47896
7290109923093,false,"אסטוניש - קרם כיריים הלוגן ומיקרו 500 מ""ל",יעקובי אסטוניש,GB,קרם אסטוניש כיריים הלוגן ומיקרו 500מל,מיליליטרים,500.00,"100 מ""ל",false,6,15.90,3.1800,true,1,46641
7290109923109,false,סבון אסלה 5 צדפות +אקונומיקה 2 יח',יעקובי,IL,סבון אסלה 5צדפות+אקונומיקה 2יח,יחידה,2.00,יחידה,false,9,11.90,5.9500,true,1,49310
7290109923130,false,מדליק לפחמים קוביות הפי 24 יח',דה טורן,,מדליק פחם מוצק הפי 250גר,גרמים,250.00,100 גרם,false,1,9.90,3.9600,true,1,49296
7290109923147,false,אסטוניש מהדורה פרימיום פלא של אקונומיקה,יעקבי- אסטוניש Astonish,GB,אסטוניש פלא של אקונומיקה פרימיום 750מל,מיליליטרים,750.00,"100 מ""ל",false,12,13.90,1.8533,true,1,49308
7290110110024,true,משקה פאנטה תות פחית,,,משקה פאנטה תות פחית,Each,0.00,Each,false,,5.90,0.0000,true,1,19565
7290110110277,false,"סומרסבי סיידר תפוחים אלכוהולי 4*300 מ""ל","קרלסברג קרואטיה , יב",HR,מארז 4יח סיידר תפוחים סומרסבי 330מל בק,מיליליטרים,1320.00,"100 מ""ל",false,1,29.90,2.2652,true,1,22226
7290110110369,true,מארז 6 יח בירה לומה,,,מארז 6 יח בירה לומה,Each,0.00,Each,false,,36.90,0.0000,true,1,33900
7290110110574,false,"פחיות קוקה קולה זירו לימון 330 מ""ל",החברה המרכזית לייצור משק,IL,קוקה קולה זירו לימון פחית 330 פקדון,מיליליטרים,330.00,"100 מ""ל",false,1,5.90,1.7879,true,1,23017
7290110110659,true,משקה ספרייט פחית 330,,,משקה ספרייט פחית 330,Each,0.00,Each,false,,5.90,0.0000,true,1,22218
7290110110703,true,מארז 6 פחיות ספרייט,,,מארז 6 פחיות ספרייט,Each,0.00,Each,false,,23.90,0.0000,true,1,22217
7290110111564,false,"משקה ספורט איזוטוני בטעם הדרים ליין 500 מ""ל פאוורייד",פאווראייד POWERADE,IT,משקה ספורט פאוורייד מאונטיין 500מל הדרים,מיליליטרים,500.00,"100 מ""ל",false,12,10.90,2.1800,true,1,38835
7290110111809,true,מארז 6 פחיות פאנטה,,,מארז 6 פחיות פאנטה,Each,0.00,Each,false,,23.90,0.0000,true,1,27961
7290110113261,false,נקטר חמוציות 19 קלוריות SPRAY OCEAN פריגת 1 ליטר,קריות זול,IL,משקה חמוציות אושן ספריי 19קלוריות 1ליטר,ליטרים,1.00,ליטר,false,1,11.90,11.9000,true,1,45564
7290110113469,false,קוקה קולה זירו מנגו פחית 330 מל,החברה המרכזית לייצור משק,IL,משקה מנגו זירו פחית 330 פקדון,מיליליטרים,330.00,"100 מ""ל",false,1,5.90,1.7879,true,1,33609
7290110113681,false,משקה קל פריגת דובדבן,מבשלות בירה בינלאומיות ב,IL,משקה קל פריגת דובדבן 1.5ליטר,ליטרים,1.50,ליטר,false,1,9.60,6.4000,true,1,40696
7290110113957,false,פאנטה זירו טעם תפוח 1.5ל,החברה המרכזית לייצור משק,IL,משקה פאנטה תפוח זירו 1.5ליטר,ליטרים,1.50,ליטר,false,1,8.70,5.8000,true,1,36687
7290110114510,false,"סירופ פריגת להכנת שייק בטעם בננה 750 מ""ל",סירופ - גבעת חיים,IL,סירופ פריגת להכנת שיייק טעם בננה 750מל,מיליליטרים,750.00,"100 מ""ל",false,6,24.90,3.3200,true,1,40039
7290110114527,false,משקה קל פריגת תפוח ג,פריגת,,משקה קל פריגת תפוח גרנד סמיט 1.5ליטר,ליטרים,1.50,ליטר,false,1,9.60,6.4000,true,1,40698
7290110114572,false,נביעות תפוח פירות יער1.5,"נביעות טבע הגליל בע""\מ",IL,מים מינרלים נביעות פלוס פרי פ.יער1.5ליט,ליטרים,1.50,ליטר,false,1,7.50,5.0000,true,1,39265
7290110114787,false,נביעות+ מים מינרליים בטעם תפוח 1.5 ליטר,נביעות טבע הגליל בעמ,IL,מים נביעות פלוס תפוח 1.5ל בק.פקדון,ליטרים,1.50,ליטר,false,1,9.50,6.3333,true,1,46141
7290110114794,false,נביעות+ מים מינרליים בטעם אפרסק 1.5 ליטר,"נביעות טבע הגליל בע""\מ ,",IL,מים נביעות פלוס אפרסק 1.5ל בק.פקדון,ליטרים,1.50,ליטר,false,1,9.50,6.3333,true,1,46142
7290110114800,false,נביעות+ מים מינרליים בטעם ענבים 1.5 ליטר,"נביעות טבע הגליל בע""\מ",IL,מים נביעות פלוס ענבים 1.5ל בק.פקדון,ליטרים,1.50,ליטר,false,1,9.50,6.3333,true,1,46143
7290110114824,false,נביעות+רכיבי פרי אבטיח 1.5 ליטר פיקדון,"נביעות טבע הגליל בע""\מ",IL,מים נביעות פלוס פרי אבטיח 1.5ל בק.פקדון,ליטרים,1.50,ליטר,false,1,9.50,6.3333,true,1,46145
7290110114848,false,נביעות+רכיבי פרי ליצ'י 1.5 ליטר פיקדון,"נביעות טבע הגליל בע""\מ",IL,מים נביעות פלוס פרי ליצי 1.5ל בק.פקדון,ליטרים,1.50,ליטר,false,1,9.50,6.3333,true,1,46147
7290110114855,false,"נביעות מים מינרליים, שישיה 6 * 1.5 ליטר פקדון",נביעות טבע הגליל בעמ,IL,מארז 6יח מים נביעות 1.5ליטר בק. פקדון,ליטרים,9.00,ליטר,false,1,14.70,1.6333,true,1,46148
7290110114879,false,מים מינרלים נביעות מ,נביעות טבע,IL,מארז 6יח מים נביעות מוגז 1.5ליטר בק.פקדו,ליטרים,9.00,ליטר,false,1,17.70,1.9667,true,1,46149
7290110114886,false,פריגת סחוט טרי קלמנטינה 2 ליטר,פריגת מצוננים,IL,מיץ קלמנטינות סחוט 2ליטר פריגת פקדון,ליטרים,2.00,ליטר,false,1,24.90,12.4500,true,1,46622
7290110114893,false,פריגת סחוט טרי תפוז 2 ליטר,פריגת מצוננים,IL,מיץ תפוזים סחוט 2ליטר פריגת פקדון,ליטרים,2.00,ליטר,false,1,24.90,12.4500,true,1,46623
7290110114909,false,"100% מיץ תפוחים צלול עשוי מרכז, 2 ליטר",היינץ צפון אמריקה מק,IL,מיץ תפוח צלול סחוט 2ליטר פריגת פקדון,ליטרים,2.00,ליטר,false,1,25.90,12.9500,true,1,46624
7290110114923,false,מארז יין אקו אדום /ש,יקב תבור,IL,מארז יין אקו אדום /שרדונה 750 מל+2כוסות,מיליליטרים,750.00,"100 מ""ל",false,4,129.00,17.2000,true,1,50366
7290110114954,false,מיץ תפוזים מתקתקים פריגת 2 ליטר,פריגת מצוננים,IL,מיץ תפוז מתקתק סחוט טרי 2 ל פריגת פקדון,ליטרים,2.00,ליטר,false,1,22.90,11.4500,true,1,46627
7290110114961,false,משקה קל תפוזים פריגת 1.5 ליטר,מבשלות בירה בינלאומיות ב,IL,משקה קל פריגת תפוזים 1.5ליטר בק.פקדון,ליטרים,1.50,ליטר,false,1,9.90,6.6000,true,1,46150
7290110114985,false,משקה קל אשכוליות פריגת 1.5 ליטר,מבשלות בירה בינלאומיות ב,IL,משקה קל פריגת אשכולית 1.5ליטר בק.פקדון,ליטרים,1.50,ליטר,false,1,9.90,6.6000,true,1,46152
7290110114992,false,משקה קל לייט אשכוליות פריגת 1.5 ליטר,מבשלות בירה בינלאומיות ב,IL,משקה קל פריגת אשכולית לייט 1.5ל בק.פקדון,ליטרים,1.50,ליטר,false,1,9.20,6.1333,true,1,46153
7290110115005,false,משקה קל ענבים פריגת 1.5 ליטר,מבשלות בירה בינלאומיות ב,IL,משקה קל פריגת ענבים 1.5ליטר בק.פקדון,ליטרים,1.50,ליטר,false,1,9.90,6.6000,true,1,46154
7290110115012,false,פריגת ענבים מרלו 1.5 ליט,פריגת,IL,משקה קל פריגת ענבים מרלו 1.5ל בק.פקדון,ליטרים,1.50,ליטר,false,1,9.90,6.6000,true,1,46155
7290110115029,false,"פריגת משק""ל תפוח 1.5 ליטר פיקדון",מבשלות בירה בינלאומיות ב,IL,משקה קל פריגת תפוחים 1.5ל בק.פקדון,ליטרים,1.50,ליטר,false,1,9.90,6.6000,true,1,46157
7290110115036,false,משקה קל מנגו פריגת 1.5 ליטר,מבשלות בירה בינלאומיות ב,IL,משקה קל פריגת מנגו 1.5ל בק.פקדון,ליטרים,1.50,ליטר,false,1,9.90,6.6000,true,1,46160
7290110115050,false,פריגת מיקס תות בננה 1.5 ליטר פיקדון,מבשלות בירה בינלאומיות ב,IL,משקה קל פריגת תות בננה 1.5ל בק.פקדון,ליטרים,1.50,ליטר,false,1,9.90,6.6000,true,1,46166
7290110115074,false,פריגת תפוח דובדבן 1.5 ליטר פיקדון,מבשלות בירה בינלאומיות ב,IL,משקה קל פריגת תפוח דובדבן 1.5ל בק.פקדון,ליטרים,1.50,ליטר,false,1,9.90,6.6000,true,1,46168
7290110115081,false,פריגת צלול ענבים 1.5 ליטר פיקדון,"מבשלות בירה לישראל בע""\מ",IL,משקה פריגת צלול ענבים 1.5ליטר בק.פקדון,ליטרים,1.50,ליטר,false,1,9.20,6.1333,true,1,46172
7290110115111,false,פריגת צלול אננס 1.5 ליטר פיקדון,"מבשלות בירה לישראל בע""\מ",IL,משקה פריגת צלול אננס 1.5ליטר בק.פקדון,ליטרים,1.50,ליטר,false,1,9.20,6.1333,true,1,46175
7290110115128,false,פריגת צלול בטעם לימונענע 1.5 ליטר פיקדון,"מבשלות בירה לישראל בע""\מ",IL,משקה פריגת צלול לימונענע 1.5ל בק.פקדון,ליטרים,1.50,ליטר,false,1,9.20,6.1333,true,1,46176
7290110115142,false,ויסוצקי ICE נענע 1.5ליטר,IBBL מבשלות בירה בינלאומ,IL,משקה ויסוצקי אייס נענע 1.5ליטר בק. פקדון,ליטרים,1.50,ליטר,false,1,9.90,6.6000,true,1,46178
7290110115203,false,קוקה קולה 1.5 ליטר פיקדון,החברה המרכזית לייצור משק,IL,משקה קוקה קולה 1.5ליטר בק.פקדון,ליטרים,1.50,ליטר,false,1,9.60,6.4000,true,1,46184
7290110115210,false,דיאט קוקה קולה 1.5 ליטר פיקדון,החברה המרכזית לייצור משק,IL,משקה קוקה קולה דיאט 1.5ליטר בק.פקדון,ליטרים,1.50,ליטר,false,1,8.90,5.9333,true,1,46185
7290110115227,false,קוקה-קולה זירו בקבוק 1.5 ליטר,החברה המרכזית לייצור משק,IL,משקה קוקה קולה זירו 1.5ליטר בק.פקדון,ליטרים,1.50,ליטר,false,1,8.90,5.9333,true,1,46186
7290110115234,false,קוקה-קולה זירו נטול בקבוק 1.5 ליטר,החברה המרכזית לייצור משק,IL,משקה קוקה קולה זירו נ.קפאין 1.5לפקדון,ליטרים,1.50,ליטר,false,1,8.90,5.9333,true,1,46188
7290110115241,false,קוקה-קולה זירו לימון בקבוק 1.5 ליטר,החברה המרכזית לייצור משק,IL,משקה קוקה קולה זירו לימון 1.5ל בק. פקדון,ליטרים,1.50,ליטר,false,1,8.90,5.9333,true,1,46190
7290110115258,false,קוקה-קולה זירו מנגו בקבוק 1.5 ליטר,החברה המרכזית לייצור משק,IL,משקה קוקה קולה זירו מנגו 1.5ל בק. פקדון,ליטרים,1.50,ליטר,false,1,8.90,5.9333,true,1,46192
7290110115272,false,ZERO ספרייט 1.5 ליטר פיקדון,החברה המרכזית לייצור משק,IL,משקה ספרייט זירו 1.5ליטר בק.פקדון,ליטרים,1.50,ליטר,false,1,8.90,5.9333,true,1,46216
7290110115289,false,ספרייט 19 קל' לימון-נענע 1.5 ליטר פיקדון,החברה המרכזית לייצור משק,IL,משקה ספרייט לימון נענע 19קלוריו 1.5פקדון,ליטרים,1.50,ליטר,false,1,8.90,5.9333,true,1,46218
7290110115296,false,משקה מוגז אורנג' פאנטה 1.5 ליטר,החברה המרכזית לייצור משק,IL,משקה פאנטה אורנג 1.5ליטר בק.פקדון,ליטרים,1.50,ליטר,false,1,9.60,6.4000,true,1,46221
7290110115302,false,משקה מוגז אורנג' זירו פאנטה 1.5 ליטר,החברה המרכזית לייצור משק,IL,משקה פאנטה אורנג זירו 1.5ליטר בק.פקדון,ליטרים,1.50,ליטר,false,1,9.00,6.0000,true,1,46222
7290110115319,false,פאנטה אקזוטיק 1.5 ליטר פיקדון,החברה המרכזית לייצור משק,IL,משקה פאנטה אקזוטיק 1.5ליטר בק.פקדון,ליטרים,1.50,ליטר,false,1,9.60,6.4000,true,1,46224
7290110115333,false,פאנטה תות 1.5 ליטר פיקדון,החברה המרכזית לייצור משק,IL,משקה פאנטה תות 1.5ליטר בק.פקדון,ליטרים,1.50,ליטר,false,1,9.60,6.4000,true,1,46226
7290110115340,false,פאנטה ענבים 1.5 ליטר פיקדון,החברה המרכזית לייצור משק,IL,משקה פאנטה ענבים 1.5ליטר בק.פקדון,ליטרים,1.50,ליטר,false,1,9.60,6.4000,true,1,46227
7290110115364,false,שישייה קוקה קולה 1.5 ליטר פיקדון,החברה המרכזית לייצור משק,IL,מארז 6 יח קוקה קולה 1.5 ליטר בק.פקדון,ליטרים,9.00,ליטר,false,1,49.90,5.5444,true,1,46201
7290110115371,false,דיאט קוקה קולה שישיות 1.5 ליטר פיקדון,החברה המרכזית לייצור משק,IL,מארז 6 יח קוקה קולה דיאט 1.5ל בק.פקדון,ליטרים,9.00,ליטר,false,1,48.90,5.4333,true,1,46202
7290110115388,false,ספרייט ליים שישיות 1.5 ליטר פיקדון,החברה המרכזית לייצור משק,IL,מארז 6 יח ספרייט ליים 1.5 ליטר בק.פקדון,ליטרים,9.00,ליטר,false,1,49.90,5.5444,true,1,46209
7290110115395,false,ZERO ספרייט שישיות 1.5 ליטר פיקדון,החברה המרכזית לייצור משק,IL,מארז 6 יח ספרייט זירו 1.5 ליטר בק.פקדון,ליטרים,9.00,ליטר,false,1,48.90,5.4333,true,1,46210
7290110115401,false,קינלי סודה שישייה 1.5 ליטר פיקדון,החברה המרכזית לייצור משק,IL,מארז 6יח קינלי סודה 1.5ליטר בק.פקדון,ליטרים,9.00,ליטר,false,1,17.70,1.9667,true,1,46230
7290110115418,false,מארז שישייה קוקה קולה זירו 1.5 ל',החברה המרכזית לייצור משק,IL,מארז 6 יח קוקה קולה זירו 1.5ל בק.פקדון,ליטרים,9.00,ליטר,false,1,48.90,5.4333,true,1,46205
7290110115425,false,FUZE TEA גרין לימונענע -נענע 1.5 ליטר פיקדון,מבשלות בירה בינלאומיות ב,IL,משקה פיוז תה גרין לימון נענע 1.5ל פקדון,ליטרים,1.50,ליטר,false,1,9.50,6.3333,true,1,46193
7290110115449,false,אייס תה בטעם מנגו אננס 1.5ל' FUZE TEA,מבשלות בירה בינלאומיות ב,IL,משקה פיוז תה 1.5ליטר מנגו אננס בק. פקדון,ליטרים,1.50,ליטר,false,1,9.90,6.6000,true,1,46195
7290110115456,false,"תה קר בטעם אפרסק 19 קלוריות ב- 100 מ""ל",מבשלות בירה בינלאומיות ב,IL,משקה פיוז תה 1.5ליטר אפרסק 19קלורי פקדון,ליטרים,1.50,ליטר,false,1,9.50,6.3333,true,1,46196
7290110115463,false,פיוז טי אפרסק 1.5 ליטר פיקדון,מבשלות בירה בינלאומיות ב,IL,משקה פיוז תה 1.5ליטר אפרסק פקדון,ליטרים,1.50,ליטר,false,1,9.90,6.6000,true,1,46197
7290110115494,false,תה קר בטעם ענבים פיוז טי 1.5 ליטר,מבשלות בירה בינלאומית בע,IL,משקה פיוז תה 1.5ליטר ענבים בק. פקדון,ליטרים,1.50,ליטר,false,1,9.90,6.6000,true,1,46199
7290110115586,false,פריגת תפוזים 40% פחות סוכר 1.5 ליטר פיקדון,מבשלות בירה בינלאומיות ב,IL,משקה קל פריגת תפוזים 19קלוריות 1.5ל פקדו,ליטרים,1.50,ליטר,false,1,9.20,6.1333,true,1,46169
7290110115593,false,פריגת אשכוליות 40% פחות סוכר 1.5 ליטר פיקדון,מבשלות בירה בינלאומיות ב,IL,משקה קל פריגת אשכולית 19קלוריות1.5ל פקדו,ליטרים,1.50,ליטר,false,1,9.20,6.1333,true,1,46170
7290110115609,false,פריגת ענבים מופחת סוכ1.5,מבשלות בירה בינלאומיות ב,IL,משקה קל פריגת ענבים 19קלוריות 1.5ל פקדון,ליטרים,1.50,ליטר,false,1,9.20,6.1333,true,1,46171
7290110115616,false,FUZE tea zero גרין אננס 1.5 ליטר פיקדון,מבשלות בירה בינלאומיות ב,IL,משקה פיוז תה 1.5ליטר גרין אננס פקדון,ליטרים,1.50,ליטר,false,1,9.50,6.3333,true,1,46519
7290110115623,false,משקה פיוז טי זירו ZERO בטעם אפרסק,מבשלות בירה בינלאומיות ב,IL,משקה פיוז תה 1.5ליטר אפרסק זירו פקדון,ליטרים,1.50,ליטר,false,1,9.50,6.3333,true,1,46518
7290110115777,false,מים מינרליים נביעות 1.5 ל,נביעות,,נביעות 1.5 ליטר לא קר בק.פקדון,ליטרים,1.50,ליטר,false,1,4.20,2.8000,true,1,46840
7290110115821,false,"ספרייט לימון, 1.5 ליטר פקדון",כלורוקס אוקלנד,IL,משקה ספרייט ליים 1.5ליטר בק.פקדון,ליטרים,1.50,ליטר,false,1,9.60,6.4000,true,1,49163
7290110115869,false,קוקה קולה זירו 1.5 ליטר פיקדון,תות תעשיות מזון (201,IL,משקה קוקה קולה זירו 1.5ליטר בק.פקדון,ליטרים,1.50,ליטר,false,1,8.90,5.9333,true,1,46839
7290110115913,false,"משקה ספורט איזוטוני זירו בטעם אננס 500 מ""ל פאוורייד",Caslino al Piano pla,IT,משקה ספורט פאוורייד זירו טעם אננס 500מל,מיליליטרים,500.00,"100 מ""ל",false,12,10.90,2.1800,true,1,48441
7290110115920,false,מארז שישיית קוקה קולה 1 ליטר,החברה המרכזית לייצור משק,IL,מארז 6 יח קוקה קולה 1 ליטר בק.פקדון,ליטרים,6.00,ליטר,false,1,41.90,6.9833,true,1,47233
7290110115937,false,מארז שישיית קוקה קולה זירו 1 ליטר,החברה המרכזית לייצור משק,IL,מארז 6 יח קוקה קולה זירו 1 ליטר בק.פקדון,ליטרים,6.00,ליטר,false,1,39.90,6.6500,true,1,47234
7290110116125,false,"סירופ בטעם פטל פריגת 750 מ""ל",סירופ - גבעת חיים,IL,סירופ פריגת פטל 750 מל בקבוק,מיליליטרים,750.00,"100 מ""ל",false,1,25.90,3.4533,true,1,49774
7290110116132,false,"סירופ בטעם לימון פריגת 750 מ""ל",סירופ - גבעת חיים,IL,סירופ פריגת לימון 750 מל בקבוק,מיליליטרים,750.00,"100 מ""ל",false,1,25.90,3.4533,true,1,49773
7290110116149,false,"סירופ בטעם ענבים פריגת 750 מ""ל",סירופ - גבעת חיים,IL,סירופ פריגת ענבים 750 מל בקבוק,מיליליטרים,750.00,"100 מ""ל",false,1,25.90,3.4533,true,1,49772
7290110116156,false,נביעות+רכיבי פרי מנגו-פסיפלורה 1.5 ליטר-,"נביעות טבע הגליל בע""\מ",IL,מים נביעות פלוס מנגו פסיפלורה 1.5ל פקדון,ליטרים,1.50,ליטר,false,1,9.50,6.3333,true,1,49767
7290110116170,false,נביעות+רכיבי פרי אננס-קוקוס 1.5 ליטר-,"נביעות טבע הגליל בע""\מ",IL,מים נביעות פלוס אננס קוקוס 1.5ל בק.פקדון,ליטרים,1.50,ליטר,false,1,9.50,6.3333,true,1,49766
7290110116194,false,נביעות+ סדרת 0 קלוריות לימון-ליים 1.5 ליטר,"נביעות טבע הגליל בע""\מ",IL,מים נביעות 0קלוריות 1.5ל לימון ליים פקדו,ליטרים,1.50,ליטר,false,1,9.50,6.3333,true,1,49765
7290110116217,false,נביעות+ סדרת 0 קלוריות אשכוליות 1.5 ליטר,"נביעות טבע הגליל בע""\מ",IL,מים נביעות 0קלוריות 1.5ליטר אשכולית פקדו,ליטרים,1.50,ליטר,false,1,9.50,6.3333,true,1,49764
7290110116323,false,שישיית קוקה קולה זירו 1.5 ליטר חג שמח-,החברה המרכזית לייצור משק,IL,מארז 6 יח קוקה קולה זירו1.5ל חג שמח פקדו,ליטרים,9.00,ליטר,false,1,44.90,4.9889,true,1,47973
7290110116392,false,"סירופ בטעם תפוזים פריגת 750 מ""ל",סירופ - גבעת חיים,IL,סירופ פריגת תפוזים 750 מל בקבוק,מיליליטרים,750.00,"100 מ""ל",false,1,25.90,3.4533,true,1,49775
7290110116484,false,פריגת סחוט מיקס תות בננה 1ליטר,פריגת מצוננים,IL,מיץ פריגת מיקס תות בננה 1ליטר ב.פקדון,ליטרים,1.00,ליטר,false,1,13.90,13.9000,true,1,50900
7290110116491,false,פריגת סחוט מיקס אפרסק משמש 1ליטר,פריגת מצוננים,IL,מיץ פריגת מיקס אפרסק משמש 1ליטר ב.פקדון,ליטרים,1.00,ליטר,false,1,13.90,13.9000,true,1,50901
7290110116507,false,פריגת סחוט מיקס אננס בננה אגס 1ליטר,פריגת מצוננים,IL,מיץ פריגת מיקס אננס בננה אגס 1ל בק.פקדון,ליטרים,1.00,ליטר,false,1,13.90,13.9000,true,1,50902
7290110116552,false,ספרייט לימון היט 1.5 ליטר LIME פיקדון,החברה המרכזית לייצור משק,IL,משקה ספרייט למון היט 1.5ליטר בק.פקדון,ליטרים,1.50,ליטר,false,1,9.60,6.4000,true,1,50785
7290110116569,false,"ספרייט זירו ZERO בק LEMON HIT, 1.5 ליטר",החברה המרכזית לייצור משק,IL,משקה ספרייט זירו למון היט 1.5ל בק.פקדון,ליטרים,1.50,ליטר,false,1,8.90,5.9333,true,1,50784
7290110116644,false,"מארז שקמה בטעמים שונים 5*330 מ""ל",,IL,מארז בירה שקמה מיקס 5יח 330מל +מתנה,מיליליטרים,1650.00,"100 מ""ל",false,24,49.90,3.0242,true,1,50912
7290110320591,false,גבינה בולגרית במרקם מעודן 16% פיראוס,תנובה חלב,IL,גבינה בולגרית 16% מעודנת 250גר פיראוס,גרמים,250.00,100 גרם,false,1,18.90,7.5600,true,1,18777
7290110320683,true,מארז 8 יח משקה יופלה,,,מארז 8 יח משקה יופלה,Each,0.00,Each,false,,17.90,0.0000,true,1,20216
7290110320935,true,גבינת מוצרלה פרוסות,,,גבינת מוצרלה פרוסות,Each,0.00,Each,false,,17.90,0.0000,true,1,20169
7290110321031,true,מעדן יופלה גו 200מל,,,מעדן יופלה גו 200מל,Each,0.00,Each,false,,5.90,0.0000,true,1,20164
7290110321604,false,קוביות פיראוס בולגרית מעודנת 5% 200 גרם - רבנות,תנובה חלב,IL,גבינה בולגרית מעודנת קוביות 5%+ג.לסלט,גרמים,200.00,100 גרם,false,6,18.90,9.4500,true,1,23149
7290110321697,true,מעדן יופלה גו אפרסק,,,מעדן יופלה גו אפרסק,Each,0.00,Each,false,,6.20,0.0000,true,1,21186
7290110321703,true,מעדן יופלה גו פירות,,,מעדן יופלה גו פירות,Each,0.00,Each,false,,6.20,0.0000,true,1,22840
7290110321789,false,גבינת מסקרפונה 38% השף הלבן 250 גרם,תנובה חלב,IL,גבינת מסקרפונה 250גר,גרמים,250.00,100 גרם,false,1,15.90,6.3600,true,1,22015
7290110322021,true,טופו בזיליקום 300 גר,,,טופו בזיליקום 300 גר,Each,0.00,Each,false,,13.90,0.0000,true,1,22849
7290110322038,true,טופו פיקנטי 300 גרם,,,טופו פיקנטי 300 גרם,Each,0.00,Each,false,,13.90,0.0000,true,1,22850
7290110323585,true,מעדן יופלה גו דובדבן,,,מעדן יופלה גו דובדבן,Each,0.00,Each,false,,6.20,0.0000,true,1,25819
7290110323714,false,משקה קוקוס שקדים תנובה E אלטרנטיב,מיוצר עי קונדיטוריית,IL,משקה קוקוס שקדים 1ליטר טרי,ליטרים,1.00,ליטר,false,1,14.50,14.5000,true,1,26352
7290110324070,true,גבינת חלומי 200 גרם,,,גבינת חלומי 200 גרם,Each,0.00,Each,false,,20.90,0.0000,true,1,27163
7290110324353,true,מעדן יופלה גו אננס ל,,,מעדן יופלה גו אננס ל,Each,0.00,Each,false,,6.20,0.0000,true,1,28501
7290110324551,true,יוגורט יופלה טיוב בט,,,יוגורט יופלה טיוב בט,Each,0.00,Each,false,,13.50,0.0000,true,1,27993
7290110324704,true,טופו מתובל 300 גרם,,,טופו מתובל 300 גרם,Each,0.00,Each,false,,13.90,0.0000,true,1,28788
7290110324711,true,ממרח סויה טבעי 250 ג,,,ממרח סויה טבעי 250 ג,Each,0.00,Each,false,,9.90,0.0000,true,1,28768
7290110324728,true,ממרח סויה שום שמיר,,,ממרח סויה שום שמיר,Each,0.00,Each,false,,9.90,0.0000,true,1,28770
7290110324841,true,מעדן שקדים עם שוקולד,,,מעדן שקדים עם שוקולד,Each,0.00,Each,false,,4.50,0.0000,true,1,31416
7290110324858,true,מעדן שקדים בטעם אגוז,,,מעדן שקדים בטעם אגוז,Each,0.00,Each,false,,4.50,0.0000,true,1,31417
7290110324872,true,גבינת גלבוע 5% 200גר,,,גבינת גלבוע 5% 200גר,Each,0.00,Each,false,,18.90,0.0000,true,1,31345
7290110325114,true,משקה יופלה גו לייט,,,משקה יופלה גו לייט,Each,0.00,Each,false,,6.90,0.0000,true,1,29728
7290110325121,true,משקה יופלה גו לייט,,,משקה יופלה גו לייט,Each,0.00,Each,false,,6.90,0.0000,true,1,29727
7290110325169,true,גבינת גאודה 170 גרם,,,גבינת גאודה 170 גרם,Each,0.00,Each,false,,19.90,0.0000,true,1,33276
7290110325305,true,מעדן סויה גו במתיקות,,,מעדן סויה גו במתיקות,Each,0.00,Each,false,,6.20,0.0000,true,1,30989
7290110325312,true,מעדן סויה גו טעם תות,,,מעדן סויה גו טעם תות,Each,0.00,Each,false,,6.20,0.0000,true,1,30988
7290110325428,false,גבינה לבנה למריחה 5% שומן בתוספת קרקרים,מיוצר עי קונדיטוריית,IL,גבינה לבנה 145גר עם קרקרים,גרמים,145.00,100 גרם,false,12,5.50,3.7931,true,1,36820
7290110325510,true,יוגורט יופלה טיוב בט,,,יוגורט יופלה טיוב בט,Each,0.00,Each,false,,13.50,0.0000,true,1,31418
7290110325619,false,משקה שיבולת שועל תנובה E אלטרנטיב,מיוצר עי קונדיטוריית,IL,משקה שבולת שועל 1 ליטר,ליטרים,1.00,ליטר,false,1,14.50,14.5000,true,1,31575
7290110325701,true,גבינת צזיקי פיראוס9%,,,גבינת צזיקי פיראוס9%,Each,0.00,Each,false,,13.50,0.0000,true,1,32204
7290110325893,true,משקה חלב גו אייס קפה,,,משקה חלב גו אייס קפה,Each,0.00,Each,false,,8.90,0.0000,true,1,31572
7290110326173,false,שוקולד לבן yolo coocies קרם עוגיות בתוספת עוגיות ונטיפי שוקולד,תנובה חלב,IL,מעדן יולו שוקולד לבן קרם עוגיות 120גר,גרמים,120.00,100 גרם,false,20,5.00,4.1667,true,1,33648
7290110326210,true,יופלה און טופ פצפוצי,,,יופלה און טופ פצפוצי,Each,0.00,Each,false,,5.90,0.0000,true,1,32999
7290110326234,true,יופלה און טופ כוכבים,,,יופלה און טופ כוכבים,Each,0.00,Each,false,,5.90,0.0000,true,1,33000
7290110326333,false,פרוסות גבינה סקנדינבית תנובה 170 גרם,פ.פ.ח. שאביט,IL,גבינה סקנדינבית 170גר פרוס,גרמים,170.00,100 גרם,false,30,18.90,11.1176,true,1,35955
7290110326449,false,חמאה השף הלבן 250 גר,אמרלנד,DE,חמאה השף הלבן 250 גר,גרמים,250.00,100 גרם,false,40,10.50,4.2000,true,1,35952
7290110326456,true,יוגורט יופלה דיאט בנ,,,יוגורט יופלה דיאט בנ,Each,0.00,Each,false,,5.50,0.0000,true,1,33645
7290110326548,false,קוטג' מיורן+זעתר5% 250גר,תנובה בעמ,IL,גבינת קוטג מועשר בסידן עם זעתר ומיורן250,גרמים,250.00,100 גרם,false,1,5.90,2.3600,true,1,37381
7290110326890,false,טיוב להקפאה יוגורט תות ובננה 4% שישיה 6 * 58 ג' יופלה,תנובה חלב,IL,יוגורט יופלה טיוב בטעם תות 348גר,גרמים,348.00,100 גרם,false,16,13.50,3.8793,true,1,33886
7290110326906,false,חלב נטול לקטוז 3% שומן תנובה 1 ליטר,מיוצר עי קונדיטוריית,IL,חלב נטול לקטוז 1ליטר 3%שומן,ליטרים,1.00,ליטר,false,16,7.90,7.9000,true,1,34980
7290110326999,false,"משקאות חלב+שוקולד קלאסי 340 מ""ל YOLO בקבוק.",תנובה חלב,IL,משקה חלב יולו שוקולד קלאסי 340מל,מיליליטרים,340.00,"100 מ""ל",false,20,7.50,2.2059,true,1,34982
7290110327064,false,משקה אייס קפה שיבולת שועל בטעם קרמל 1 ל' ALTERNATIVE,תנובה Alternative,IL,משקה קפה שבולת שועל בטעם קרמל 1 ליטר,ליטרים,1.00,ליטר,false,1,14.50,14.5000,true,1,34975
7290110327125,false,פטה 21% מחלב צאן במי מלח תנובה 200 גרם,תנובה חלב,GR,גבינת פטה צאן 200גר 21% שומן,גרמים,200.00,100 גרם,false,8,23.90,11.9500,true,1,36823
7290110327262,false,יופלה און טופ פצפוצי,תנובה חלב,IL,מאגדת 3יח יופלה און טופ פצפוצים 471גר,גרמים,471.00,100 גרם,false,4,12.90,2.7389,true,1,40449
7290110327279,false,נפוליאון 24% טוסקנה 225ג,"תנובה בע""מ",IL,גבינת שמנת נפוליאון טוסקנה 225 גרם,גרמים,225.00,100 גרם,false,1,14.50,6.4444,true,1,35598
7290110327316,false,גבינה לבנה עם פריכיו,מיוצר עי קונדיטוריית,IL,גבינה לבנה עם פריכיות 139גרם,גרמים,139.00,100 גרם,false,12,5.50,3.9568,true,1,39879
7290110327514,false,alternative משקה שיבולת שועל בטעם אגוזי לוז תנובה 1 ליטר,תנובה מרכז שיתופי לש,IL,משקה שבולת שועל בטעם אגוזי לוז 1 ליטר,ליטרים,1.00,ליטר,false,1,14.50,14.5000,true,1,40774
7290110328016,false,משקה סויה מועשר בחלבון בטעם אגוזי לוז 250 גרם,תנובה מרכז שיתופי לש,IL,משקה סויה מועשר בחלבון ב.אגוזי לוז250גר,מיליליטרים,250.00,"100 מ""ל",false,1,6.90,2.7600,true,1,37670
7290110328023,false,משקה סויה מועשר בחלבון בטעם קפה 250 גרם,תנובה חלב,IL,משקה סויה מועשר בחלבון בטעם קפה 250גר,מיליליטרים,250.00,"100 מ""ל",false,1,6.90,2.7600,true,1,37669
7290110328092,false,פיראוס פטה יוונית קוביות 21% שומן 150 גרם,דודוני תעשיית החלב החקלא,GR,גבינת פטה יוונית קוביות 150גר פיראוס21%ש,גרמים,150.00,100 גרם,false,6,19.90,13.2667,true,1,39912
7290110328221,false,יוגורט נטול לקטוז 200גרם,מיוצר עי קונדיטוריית,IL,יוגורט נטול לקטוז תנובה 200גר,גרמים,200.00,100 גרם,false,1,4.10,2.0500,true,1,37683
7290110328504,false,טריו - מיקס גבינות מוצרלה סקנדינבית וגאודה 300 גרם,מיוצר עי קונדיטוריית,IL,מיקס גבינות 300גר מוצרלה סקנדינבית גאודה,גרמים,300.00,100 גרם,false,20,25.90,8.6333,true,1,38693
7290110328580,false,יוגורט תנובה טבעי 5% גביע 200 גרם,מיוצר עי קונדיטוריית,IL,יוגורט תנובה 5% 200 גרם,גרמים,200.00,100 גרם,false,1,3.10,1.5500,true,1,46465
7290110328610,false,משקה אורז ושקדים בריסטה אלטרנטיב 1 ליטר,תנובה Alternative,IL,משקה אורז ושקדים בריסטה 1ליטר אלטרנטיב,ליטרים,1.00,ליטר,false,1,14.50,14.5000,true,1,49322
7290110328627,false,יוגורט יופלה GO במרקם סמיך בטעם בננה קרמל 0%,מיוצר עי קונדיטוריית,IL,מעדן יופלה גו בננה קרמל במרקם סמיך 200גר,מיליליטרים,200.00,"100 מ""ל",false,1,6.20,3.1000,true,1,39793
7290110328641,false,alternative טופו טבעי תנובה 2*250 גרם,תנובה חלב,IL,מארז 2 יח טופו טבעי 500גר אלטרנטיב,גרמים,500.00,100 גרם,false,1,19.90,3.9800,true,1,40448
7290110328764,false,יוגורט יופלה GO במרקם סמיך עם תות 0%,מיוצר עי קונדיטוריית,IL,מעדן יופלה גו תות במרקם סמיך 200גר,מיליליטרים,200.00,"100 מ""ל",false,1,6.20,3.1000,true,1,39790
7290110328771,false,יוגורט יופלה GO במרקם סמיך עם פירות יער 0%,מיוצר עי קונדיטוריית,IL,מעדן יופלה גו פירות יער במרקם סמיך 200גר,מיליליטרים,200.00,"100 מ""ל",false,1,6.20,3.1000,true,1,39791
7290110328788,false,יוגורט יופלה GO במרקם סמיך בטעם אפרסק 0%,תנובה מרכז שיתופי לש,IL,מעדן יופלה גו אפרסק במרקם סמיך 200גר,מיליליטרים,200.00,"100 מ""ל",false,1,6.20,3.1000,true,1,39792
7290110328887,false,"חלב תנובה בקבוק 3%, כשרות מהדרין, 1 ליטר",תנובה מרכז שיתופי לש,IL,חלב 3% בקבוק 1 ליטר***,ליטרים,1.00,ליטר,false,1,6.23,6.2300,true,1,47270
7290110328955,false,קוביות גבינת עזים בשמן מתובל פיראוס 350 גרם,דודוני תעשיית החלב החקלא,GR,קוביות גבינת עיזים בשמן מתובל 350גר,גרמים,350.00,100 גרם,false,,25.90,7.4000,true,1,48414
7290110329136,false,מעדן חלב מעושר בחלבון בטעם שוקולד 120 ג' GO,תנובה מרכז שיתופי לש,IL,מעדן יופלה גו טעם שוקולד12גר חלבון 120גר,גרמים,120.00,100 גרם,false,20,5.20,4.3333,true,1,45500
7290110329143,false,מעדן חלב מעושר בחלבון בטעם וניל גביע 120 ג' GO,תנובה מרכז שיתופי לש,IL,מעדן יופלה גו טעם וניל 12גר חלבון 120גר,גרמים,120.00,100 גרם,false,20,5.20,4.3333,true,1,45498
7290110329150,false,מעדן חלב גו בטעם קפה 12 ג חלבון,מיוצר עי קונדיטוריית,IL,מעדן יופלה גו טעם קפה 12גר חלבון 120גר,גרמים,120.00,100 גרם,false,20,5.20,4.3333,true,1,45499
7290110329167,false,טופו תנובה בטעם שווא,מיוצר עי קונדיטוריית,IL,טופו בטעם שווארמה 300גר אלטרנטיב,גרמים,300.00,100 גרם,false,32,13.90,4.6333,true,1,40450
7290110329266,false,יוגורט תנובה מחלב עיזים מלא תנובה 140 ג',קריות זול,IL,יוגורט תנובה חלב עיזים מלא 140גר,גרמים,140.00,100 גרם,false,36,6.20,4.4286,true,1,40772
7290110329273,false,יוגורט תנובה מחלב עיזים מלא 750 גרם,תנובה,IL,יוגורט תנובה חלב עיזים מלא 750גר,גרמים,750.00,100 גרם,false,6,20.90,2.7867,true,1,40773
7290110329303,false,פרוסות בטעם צהובה קלאסית אלטרנטיב 200 גר,תנובה Alternative,IL,פרוסות בטעם צהובה קלאסית 200גר אלטרנטיב,גרמים,200.00,100 גרם,false,20,22.90,11.4500,true,1,40777
7290110329334,false,יוגורט נטול לקטוז 200*6ג,תנובה חלב,IL,מאגדת 6יח יוגורט תנובה נטול לקטוז 200גר,גרמים,1200.00,100 גרם,false,8,19.90,1.6583,true,1,40447
7290110329426,false,טופו טבעי 250 ג'+רוטב קרם קוקוס קארי פיקנטי 60 ג' אלטרנטיב,תנובה חלב,IL,טופו טבעי 250גר עם רוטב קרם קוקוס קארי,גרמים,310.00,100 גרם,false,27,14.90,4.8065,true,1,49505
7290110329433,false,טופו טבעי עם רוטב סצ'ואן אלטרנטיב 250 גרם,תנובה חלב,IL,טופו טבעי 250גר עם רוטב סצואן 60מל,גרמים,310.00,100 גרם,false,27,14.90,4.8065,true,1,49506
7290110329631,false,יוגורט יופלה וניל שכ,"תנובה בע""מ",IL,יוגורט יופלה אוללה תות בתחתית 150גר,גרמים,150.00,100 גרם,false,1,5.10,3.4000,true,1,47053
7290110329648,false,יוגורט יופלה וניל שכ,"תנובה בע""מ",IL,יוגורט יופלה אוללה קרמל מלוח 150גר,גרמים,150.00,100 גרם,false,1,5.10,3.4000,true,1,47052
7290110329655,false,יוגורט יופלה וניל שכ,"תנובה בע""מ",IL,יוגורט יופלה אוללה מרנג לימון 150גר,גרמים,150.00,100 גרם,false,1,5.10,3.4000,true,1,47051
7290110329662,false,יוגורט יופלה וניל שכ,"תנובה בע""מ",IL,יוגורט יופלה אוללה קרם ברולה 150גר,גרמים,150.00,100 גרם,false,1,5.10,3.4000,true,1,47050
7290110329686,false,"משקה חלב גו בטעם עוגיות 340 מ""ל",מיוצר עי קונדיטוריית,IL,משקה חלב גו ט.עוגיות 340מל 27 גר חלבון,מיליליטרים,340.00,"100 מ""ל",false,20,8.90,2.6176,true,1,45496
7290110329693,false,יוגורט גו סמיך מלבי 200ג,מיוצר עי קונדיטוריית,IL,מעדן יופלה גו מלבי במרקם סמיך 200גר,מיליליטרים,200.00,"100 מ""ל",false,1,6.20,3.1000,true,1,45497
7290110329716,false,משקה חלב קר בטעם קפוצ'ינו 230 גרם תנובה,תנובה מרכז שיתופי לש,IL,משקה קפה קר קפוצינו 230גר,גרמים,230.00,100 גרם,false,8,6.90,3.0000,true,1,48417
7290110329723,false,משקה חלב קר בטעם לאטה 230 גרם תנובה,תנובה מרכז שיתופי לש,IL,משקה קפה קר טעם לאטה 230גר,גרמים,230.00,100 גרם,false,8,6.90,3.0000,true,1,48418
7290110329730,false,"משקה חלב עם שוקולד וקפה בסגנון לאטה 2.7%  230 מ""ל תנובה",תנובה מרכז שיתופי לש,IL,משקה חלב שוקולד וקפה בסגנון לאטה 230גר,גרמים,230.00,100 גרם,false,8,6.90,3.0000,true,1,48419
7290110329792,false,יוגורט סויה BIO Alternative אפרסק 150 ג' תנובה,מיוצר עי קונדיטוריית,IL,מעדן סויה ביו אפרסק אלטרנטיב 150גר,גרמים,150.00,100 גרם,false,48,4.90,3.2667,true,1,46951
7290110329808,false,יוגורט סויה BIO Alternative תות 150 ג' תנובה,מיוצר עי קונדיטוריית,IL,מעדן סויה ביו תות אלטרנטיב 150גר,גרמים,150.00,100 גרם,false,48,4.90,3.2667,true,1,46950
7290110329815,false,סויה BIO מתיקות מעודנת גביע 150 גרם אלטרנטיב,מיוצר עי קונדיטוריית,IL,מעדן סויה ביו מתיקות מעודן אלטרנטיב 150ג,גרמים,150.00,100 גרם,false,48,4.90,3.2667,true,1,46949
7290110329822,false,יוגורט סויה BIO Alternative פירות יער 150 ג' תנובה,מיוצר עי קונדיטוריית,IL,מעדן סויה ביו פירות יער אלטרנטיב 150גר,גרמים,150.00,100 גרם,false,48,4.90,3.2667,true,1,46948
7290110329846,false,יוגורט סויה BIO Alternative בטעם טבעי 150 ג' תנובה,מיוצר עי קונדיטוריית,IL,מעדן סויה ביו טבעי אלטרנטיב 150גר,גרמים,150.00,100 גרם,false,48,4.90,3.2667,true,1,46952
7290110329969,false,מעדן סויה גו בטעם קו,תנובה חלב,,מעדן סויה גו 200גרם 20גר חלבון טעם קוקוס,מיליליטרים,200.00,"100 מ""ל",false,1,6.20,3.1000,true,1,47757
7290110463786,false,קופסאת איחסון מלבנית 1.8 ליטר TWIST IT מבית FOOD APPEAL,,,קופסאת איחסון מלבנית 1.8ליטר טוויסט איט,יחידה,1.00,יחידה,false,1,38.90,38.9000,true,1,45936
7290110467265,false,קופסאת אחסון מרובעת,,,קופסאת אחסון מרובעת 2.8ליטר טוויסט איט,יחידה,1.00,יחידה,false,1,45.90,45.9000,true,1,45969
7290110467272,false,קופסאת אחסון עגולה 0,,,קופסאת אחסון עגולה 0.4ליטר טוויסט איט,יחידה,1.00,יחידה,false,1,26.90,26.9000,true,1,45906
7290110467289,false,קופסת איחסון עגולה 1,,,קופסאת אחסון עגולה 1.2ליטר טוויסט איט,יחידה,1.00,יחידה,false,1,29.90,29.9000,true,1,45912
7290110468026,false,מחבת 18סמ פוד אפל או,,,מחבת 18סמ פוד אפל אוורי דיי,יחידה,1.00,יחידה,false,1,51.90,51.9000,true,1,45992
7290110468040,false,מחבת 22סמ פוד אפל או,,,מחבת 22סמ פוד אפל אוורי דאיי פלוס,יחידה,1.00,יחידה,false,1,69.90,69.9000,true,1,46032
7290110468057,false,מחבת 24סמ פוד אפל או,,,מחבת 24סמ פוד אפל אוורי דאיי פלוס,יחידה,1.00,יחידה,false,1,74.90,74.9000,true,1,46041
7290110468064,false,מחבת 26סמ פוד אפל או,,,מחבת 26סמ פוד אפל אוורי דאיי פלוס,יחידה,1.00,יחידה,false,1,79.90,79.9000,true,1,46048
7290110468071,false,מחבת 28סמ פוד אפל או,,,מחבת 28סמ פוד אפל אוורי דאיי פלוס,יחידה,1.00,יחידה,false,1,85.90,85.9000,true,1,46057
7290110468095,false,"סיר 20 ס""מ 2.8 ליטר EVERYDAY PLUS FOOD APPEAL",,,סיר 20סמ 2.8ליטר פוד אפל אוורי דיי פלוס,יחידה,1.00,יחידה,false,1,99.90,99.9000,true,1,46068
7290110468101,false,"סיר 24 ס""מ 5 ליטר EVERYDAY PLUS FOOD APPEAL",,,סיר 24סמ 5ליטר פוד אפל אוורי דאיי,יחידה,1.00,יחידה,false,1,139.00,139.0000,true,1,46082
7290110468118,false,"סיר 28 ס""מ 7.4 ליטר EVERYDAY PLUS FOOD APPEAL",,,סיר 28סמ 7.4ליטר פוד אפל אוורי דאיי פלוס,יחידה,1.00,יחידה,false,1,169.00,169.0000,true,1,46089
7290110468125,false,סיר 32סמ 10.5ליטר פו,,,סיר 32סמ 10.5ליטר פודאפל אוורי דאיי פלוס,יחידה,1.00,יחידה,false,1,189.00,189.0000,true,1,46093
7290110468132,false,סוטאז 28סמ 4.7 ליטר,,,סוטאז 28סמ 4.7 ליטר פוד אפל אוורי דאיי,יחידה,1.00,יחידה,false,1,139.00,139.0000,true,1,46084
7290110468149,false,סוטאז 32סמ 6ליטר פוד,,,סוטאז 32סמ 6ליטר פוד אפל אוורי דאיי,יחידה,1.00,יחידה,false,1,169.00,169.0000,true,1,46088
7290110550202,false,מטבעות שוקולד חלב לאפיה 400 גרם עלית,"פוליבה בע""\מ",IL,מטבעות שוקולד חלב לאפיה עלית 400 גרם,גרמים,400.00,100 גרם,false,9,31.90,7.9750,true,1,50261
7290110550226,false,מטבעות שוקולד מריר לאפיה 400 גרם עלית,"פוליבה בע""\מ",IL,מטבעות שוקולד מריר לאפיה עלית 400 גרם,גרמים,400.00,100 גרם,false,9,31.90,7.9750,true,1,50262
7290110550349,false,דוריטוס אקסטרים ספייסי70,"שטראוס פריטו ליי בע""\מ )",IL,חטיף דוריטוס ספייסי נאצוס 70 ג,גרמים,70.00,100 גרם,false,1,4.00,5.7143,true,1,41072
7290110550370,false,פריכיות משולשות קינואה ופלפל שחור 65 גרם,שטראוס גרופ,IL,פריכיות אנרגי חלבון קינואה פלפל שחור60,Unknown,0.00,Unknown,false,1,10.90,0.0000,true,1,50259
7290110550417,false,שוקולד בלונדי שומשום,Unknown,,שוקולד פרה בלונד שומשום קרמל 100גרם,גרמים,100.00,100 גרם,false,1,7.90,7.9000,true,1,46896
7290110550646,false,עוגיות עלית שוקוציפס,Unknown,,עוגיות שוקו ציפס מריר דקות 136גר,גרמים,136.00,100 גרם,false,1,8.90,6.5441,true,1,46903
7290110551117,false,שוקולד פרה לבן עם סו,STRAUSS-ISRAEL,IL,שוקולד פרה לבן עם סוכריות קופצות 90 גר,Unknown,0.00,Unknown,false,1,5.90,0.0000,true,1,47240
7290110552121,false,יוגורט 5% בתוספת סידן וויטמין D היוגורט הראשון שלי,תנובה מרכז שיתופי לש,IL,יוגורוט דנונה הראשון שלי 100גר,גרמים,100.00,100 גרם,false,24,2.30,2.3000,true,1,48833
7290110552220,false,יוגורט PRO בטעם תות 0% סוכר לבן 20 גרם חלבון בגביע,"שטראוס בריאות בע""\מ",IL,דנונה פרו תות 200גר ללא סוכר 20גר חלבון,גרמים,200.00,100 גרם,false,1,6.10,3.0500,true,1,46881
7290110552237,false,יוגורט פרו בטעם אפרסק מנגו ללא סוכר 200 ג' דנונה,"שטראוס בריאות בע""\מ",IL,דנונה פרו אפרסק מנגו 200גר ל.סוכר 20גר,גרמים,200.00,100 גרם,false,1,6.10,3.0500,true,1,46882
7290110553029,false,"אנרג'י קריספס-פריכיות חומוס, עדשים ואפונה עם קייל וסלק","פרח תעשיו מזון בע""מ",IL,פריכיות אנרגי חלבון קייל חומוס מלח 60 גר,Unknown,0.00,Unknown,false,1,10.90,0.0000,true,1,47691
7290110553036,false,קריספס-פריכיות עם אפונה ובטטה סגולה בטעם בצל מקורמל,"פרח תעשיו מזון בע""מ",IL,פריכיות אנרגי חלבון בטטה סכ גולה אפונה60,Unknown,0.00,Unknown,false,1,10.90,0.0000,true,1,47692
7290110553098,false,מאגדת חטיפים אנרג'י מיקס צימוקים אגוזים 100X4 גרם,אנרג'י Energy - שטראוס,GB,מארז 4יח אנרגי מיקס צימוק אגוז ושוקקולד,גרמים,100.00,100 גרם,false,16,16.90,16.9000,true,1,49835
7290110553272,false,יוגורט דנונה בטעם קר,STRAUSS-ISRAEL,IL,דנונה וואו 150 גרם בטעם קפה,גרמים,150.00,100 גרם,false,1,4.90,3.2667,true,1,46880
7290110553340,false,נמס מילקשייק- אבקה להכנת משקה קר בטעם מלבי,שטראוס קפה בי.וי,IL,קפה נמס מילקשייק אייס מלבי 200 גרם,גרמים,200.00,100 גרם,false,1,14.90,7.4500,true,1,48825
7290110553425,false,קפה נמס 200 גרם +20% תוספת עלית,שטראוס קפה בי.וי,IL,קפה נמס אבקתי 200 גרם+20% תוספת,גרמים,240.00,100 גרם,false,1,22.00,9.1667,true,1,47081
7290110553432,false,ארוחת דלישס בסגנון צ,,IL,ארוחת דלישס בסגנון צילי קון קרנה 350גר,גרמים,350.00,100 גרם,false,10,26.90,7.6857,true,1,51556
7290110553449,false,מילקי סנאק 6יחידות 123 ג,בווארד טור ד'\אלבון,FR,מארז עוגת מילקי סנאק 6יח 123גר,גרמים,123.00,100 גרם,false,6,11.90,9.6748,true,1,47191
7290110553623,false,צ'יטוס קראנצ'י בטעם צ'דר חלפיניו - חלבי,"שטראוס פריטו ליי בע""\מ )",IL,חטיף ציטוס קראנץ צדר חלפיניו 80 גר,Unknown,0.00,Unknown,false,1,4.50,0.0000,true,1,48738
7290110554118,false,נודלס מלזי חריף עם טופו וירקות ברוטב קארי ירוק,"טרופיקל דגיל בע""מ אז",IL,ארוחת נודלס מלזי חריף דלישס 350גר,גרמים,350.00,100 גרם,false,10,26.90,7.6857,true,1,45480
7290110554125,false,"נודלס סצ'ואן חריף""דלישס"" שטראוס",אוכל ביתי ניר עציון,IL,ארוחת נודלס סצואן חריף דלישס 350גר,גרמים,350.00,100 גרם,false,10,26.90,7.6857,true,1,45479
7290110554422,false,פומודורו רוטב עגבניות ופלפלים לשקשוקה לפסטה יד מרדכי 350 גרם,אמיליאנה קונסרב סוסייטה,IT,רוטב לשקשוקה עגבניות ופלפל יד מרדכי 350,גרמים,350.00,100 גרם,false,12,11.90,3.4000,true,1,47244
7290110554477,false,קפסולת אספרסו לאפוגטו טעם מייפל פקאן 50 ג' עלית,שטראוס קפה בי.וי.,IL,קפסולות אספרסו אפוגטו מייפל פקאן 10 יח,יחידה,10.00,יחידה,false,1,17.00,1.7000,true,1,48829
7290110554507,false,עלית - קפה טורקי תימני 100 גרם,שטראוס קפה בי.וי.,IL,קפה טורקי תימני 100 גרם,גרמים,100.00,100 גרם,false,1,9.50,9.5000,true,1,48826
7290110554514,false,עלית - קפה טורקי אתיופי 100 גרם,שטראוס קפה בי.וי.,IL,קפה טורקי אתיופי 100 גרם,גרמים,100.00,100 גרם,false,1,9.50,9.5000,true,1,48827
7290110554545,false,קפסולת אספרסו לאפוגטו טעם קוקוס 50 ג' עלית,שטראוס קפה בי.וי.,IL,קפסולות אספרסו אפוגטו קוקוס 10 יח,יחידה,10.00,יחידה,false,1,17.00,1.7000,true,1,48828
7290110554583,false,מארז חטיפי צ'יטוס פאפס בטעם גבינה - 10 יחידות,"שטראוס פריטו ליי בע""\מ )",IL,מארז 10 יח ציטוס פאפאס גבינה 200 גר,גרמים,200.00,100 גרם,false,9,12.90,6.4500,true,1,46752
7290110554699,false,"קפה עולה קפסולות אספרסו קלייה איטית וכהה מאוד, 10 * 50 ג'",שטראוס קפה בי.וי.,IL,קפסולות קפה בתי קליה עולה 10 יח,יחידה,10.00,יחידה,false,1,19.90,1.9900,true,1,50491
7290110554705,false,קפסולות נספרסו לקפה יוניקו סדרת בתי הקלייה 10יח,שטראוס קפה בי.וי.,IL,קפסולות קפה בתי קליה יוניקו 10 יח,יחידה,10.00,יחידה,false,1,19.90,1.9900,true,1,50489
7290110554712,false,"קפסולות קפה אספרסו קלייה איטית ובהירה, 10 * 50 ג'",שטראוס קפה בי.וי.,IL,קפסולות קפה בתי קליה נחת10 יח,יחידה,10.00,יחידה,false,1,19.90,1.9900,true,1,50490
7290110554828,false,"שלישיית פסק זמן קלאסי כשל""פ 129 גרם","שטראוס גרופ בע""\מ",IL,מארז 3 יח פסק זמן קלאסי135גר כשלפ,גרמים,135.00,100 גרם,false,1,14.00,10.3704,true,1,47743
7290110555009,false,זוג פסאטה מחית עגבניות חלקה יד מרדכי 700 גרם,אמיליאנה קונסרב ס.פ.,IT,זוג פסאטה עגבניות יד מרדכי 350 גרם,גרמים,700.00,100 גרם,false,6,12.90,1.8429,true,1,50250
7290110555306,false,רבע לשבע טבעוני סינמון באן עלית 125 גרם,"הגביע מוצרי וופלים בע""\מ",IL,גלילי ופל רבע לשבע סינמון באן 125 גרם,גרמים,125.00,100 גרם,false,1,12.90,10.3200,true,1,49474
7290110555665,false,קקאו דל שומן עלית בקופסא 220 גרם,"ג'אלוסיס י. בע""\מ",GR,קקאו עלית דל שומן קופסא 220 גרם,גרמים,220.00,100 גרם,false,1,19.90,9.0455,true,1,51098
7290110556242,false,"שוקולד מריר פרווה 100 גר' בד""ץ תוצרת חוץ","שטראוס גרופ בע""מ.",FR,שוקולד פרה מריר 100 גר,גרמים,100.00,100 גרם,false,1,5.90,5.9000,true,1,50267
7290110557003,false,נשנוש חומוס פלפלים ק,"שטראוס גרופ בע""מ",IL,חומוס פלפל חריף אחלה נשנוש קרקרים 120גר,גרמים,120.00,100 גרם,false,6,10.90,9.0833,true,1,46858
7290110557102,false,מעדן חלב עם שוקולד מועשר בחלבון 150 ג' שטראוס,מיוצר עי קונדיטוריית,IL,דנונה פרו 11גר חלבון עם שוקולד 150גר,גרמים,150.00,100 גרם,false,12,5.50,3.6667,true,1,41133
7290110557133,false,מעדן הגולן וניל 125 ג' שטראוס,מיוצר עי קונדיטוריית,IL,מעדן הגולן וניל 125גר,גרמים,125.00,100 גרם,false,24,2.90,2.3200,true,1,45490
7290110557478,false,חומוס גלילי במרקם מעודן 600 גרם,"שטראוס גרופ בע""\מ",IL,חומוס גלילי 600 גרם אחלה,גרמים,600.00,100 גרם,false,1,13.90,2.3167,true,1,47623
7290110557645,false,מאגדת חטיפים אנרג'י מיקס צימוקים חמוציות 100X4 גרם,קונסרב איטליה,GB,מארז 4יח אנרגי מיקס צימוק חמוציות,גרמים,100.00,100 גרם,false,16,16.90,16.9000,true,1,49836
7290110557669,false,רביולי פיטריות 400 ג,STRAUSS-ISRAEL,,רביולי פיטריות 400 גרם,גרמים,400.00,100 גרם,false,1,19.90,4.9750,true,1,48645
7290110558130,false,יוגורט אקטיביה עם שיבולת שועל ודבש 150 גרם,"שטראוס בריאות בע""\מ",IL,דנונה אקטיביה שיבולת שועל ודבש 150 גר,גרמים,150.00,100 גרם,false,24,4.70,3.1333,true,1,48837
7290110558154,false,דנונה לייט אנד פרי עוגת תפוחים 150ג דנונה,"שטראוס בריאות בע""\מ",IL,יוגורט דנונה לייט אנד פריי ע.תפוחים 150ג,גרמים,150.00,100 גרם,false,24,4.90,3.2667,true,1,49911
7290110558253,false,דנונה שייק נונה ריפרש בננה אננס וצ'יה,"שטראוס בריאות בע""\מ",IL,משקה יוגורט דנונה ריפרש בננה אננס 250מל,מיליליטרים,250.00,"100 מ""ל",false,12,5.90,2.3600,true,1,48838
7290110558284,false,דנונה ביו מולטי שטראוס 200 גרם,"שטראוס בריאות בע""\מ",IL,יוגורט דנונה ביו מולטי 200גר,גרמים,200.00,100 גרם,false,24,4.20,2.1000,true,1,49816
7290110558307,false,יוגורט דנונה PRO עם שיבולת שועל במתיקות מעודנת,"שטראוס בריאות בע""\מ",IL,דנונה פרו 20גר חלבון עם שבולת שועל 200ג,גרמים,200.00,100 גרם,false,12,6.50,3.2500,true,1,48636
7290110558314,false,דנונה פרו 20 גרם חלבון ללא סוכר פיסטוק 200 גרם,"שטראוס בריאות בע""\מ",IL,יוגורט דנונה פרו פיסטוק 20גר חלבון 200גר,גרמים,200.00,100 גרם,false,1,6.10,3.0500,true,1,49910
7290110558338,false,דנונה פרו 25 ג' חלבון 200 ג' שטראוס,"שטראוס בריאות בע""\מ",IL,דנונה פרו 25גר חלבון 200גרם,גרמים,200.00,100 גרם,false,12,6.50,3.2500,true,1,48637
7290110558710,false,דני שכבות וניל שוקולד125,"שטראוס בריאות בע""\מ",IL,מעדן דני שכבות שוקולד וניל 125גר,גרמים,125.00,100 גרם,false,1,2.70,2.1600,true,1,49420
7290110558918,false,עלי חסה קראנצ' שטופים,שטראוס בריאות ירקות טריי,IL,עלי חסה קראנץ שטופים 150 גרם בקופסא,גרמים,150.00,100 גרם,false,1,10.00,6.6667,true,1,49917
7290110559007,false,"שועועית חומה טעם הטבע קופסה, 380 גרם",קונסרב איטליה,IT,שעועית חומה טעם הטבע 380 גרם,גרמים,380.00,100 גרם,false,16,6.90,1.8158,true,1,49830
7290110559014,false,שעועית שחורה מבושלת טעם הטבע 380 גרם,קונסרב איטליה,IT,שעועית שחורה טעם הטבע 380 גרם,גרמים,380.00,100 גרם,false,16,6.90,1.8158,true,1,49829
7290110559038,false,מילקשייק שוקו+סירופ300מ,מחלבת יטבתה,IL,מילקשייק שוקו 300מל עם סירופ יטבתה,מיליליטרים,300.00,"100 מ""ל",false,6,6.90,2.3000,true,1,49821
7290110559045,false,מילקשייק וניל+סירופ300מ,מחלבת יטבתה,IL,מילקשייק וניל 300מל עם סירופ יטבתה,מיליליטרים,300.00,"100 מ""ל",false,6,6.90,2.3000,true,1,49820
7290110559748,false,ריל מאגדת שקדים קוקוס ושוקולד מריר שטראוס 105 גרם,"ואמואליס פודס אס.איי,",GR,מארז 3 יח חטיף אנרגי ריל שקד קוקוס שוקול,גרמים,105.00,100 גרם,false,16,16.90,16.0952,true,1,49834
7290110559755,false,ריל מאגדת בוטנים פיסטוק וחמוציות שטראוס 105 גרם,"ואמואליס פודס אס.איי,",GR,מארז 3 יח חטיף אנרגי ריל בוטן פיסטוק חמו,גרמים,105.00,100 גרם,false,16,16.90,16.0952,true,1,49833
7290110559939,false,נתחי סויה בסגנון שווארמה ומג'דרה 350 גרם,אוכל ביתי ניר עציון,IL,נתחי סויה בסגנון שווארמה ומגדרה 350גר,גרמים,350.00,100 גרם,false,10,26.90,7.6857,true,1,48613
7290110560300,true,פריכיות אנרגי משולש,,,פריכיות אנרגי משולש,Each,0.00,Each,false,,5.50,0.0000,true,1,26053
7290110560317,true,פריכיות אנרגי משולש,,,פריכיות אנרגי משולש,Each,0.00,Each,false,,5.50,0.0000,true,1,26054
7290110561352,true,יוגורט דנונה ביו דל,,,יוגורט דנונה ביו דל,Each,0.00,Each,false,,3.80,0.0000,true,1,22585
7290110561604,true,מארז 8יח גמדים תות ב,,,מארז 8יח גמדים תות ב,Each,0.00,Each,false,,19.90,0.0000,true,1,21499
7290110563431,true,משקה קפה קר 230מל,,,משקה קפה קר 230מל,Each,0.00,Each,false,,7.90,0.0000,true,1,26889
7290110563448,false,"משקה קפה קר בסגנון מעודן 230 מ""ל 1.6% יוטבתה",האי נאם סי או אל.טי.,AT,משקה קפה קר מעודן יטבתה 230מל,מיליליטרים,230.00,"100 מ""ל",false,10,7.90,3.4348,true,1,26888
7290110563455,false,חלב דל לקטוז 3% בקבוק 1ל,מחלבת יטבתה,IL,חלב דל לקטוז 1 ליטר 3% בקבוק,ליטרים,1.00,ליטר,false,1,7.90,7.9000,true,1,20885
7290110563462,true,חלב נטול לקטוז 1ליטר,,,חלב נטול לקטוז 1ליטר,Each,0.00,Each,false,,8.50,0.0000,true,1,27534
7290110563851,true,חטיפי אנרגי אגוז שוק,,,חטיפי אנרגי אגוז שוק,Each,0.00,Each,false,,13.90,0.0000,true,1,23040
7290110564339,true,חומוס עשיר בטחינה30%,,,חומוס עשיר בטחינה30%,Each,0.00,Each,false,,13.90,0.0000,true,1,21512
7290110564360,true,חומוס עשיר בטחינה40%,,,חומוס עשיר בטחינה40%,Each,0.00,Each,false,,13.90,0.0000,true,1,21513
7290110564414,true,חומוס עשיר בטחינה30%,,,חומוס עשיר בטחינה30%,Each,0.00,Each,false,,14.90,0.0000,true,1,21514
7290110564742,true,משקה קפה קר 230מל,,,משקה קפה קר 230מל,Each,0.00,Each,false,,7.90,0.0000,true,1,26887
7290110565435,false,"לימבו ג'לי פטל 125 גרם חלבי ""שטראוס""","שטראוס גרופ בע""\מ",IL,לימבו גלי בטעם פטל 125 גרם חלבי,גרמים,125.00,100 גרם,false,24,2.50,2.0000,true,1,21147
7290110565572,true,קפה טורקי עם הל לדרך,,,קפה טורקי עם הל לדרך,Each,0.00,Each,false,,20.00,0.0000,true,1,29097
7290110566579,true,דבש פרחי בר לחיץ 200,,,דבש פרחי בר לחיץ 200,Each,0.00,Each,false,,12.50,0.0000,true,1,22244
7290110566623,true,קפסולות אספרסו 8 קול,,,קפסולות אספרסו 8 קול,Each,0.00,Each,false,,17.00,0.0000,true,1,23496
7290110567057,false,צנצנת מסטיק מאסט קוביות מנטה חזקה 66 ג' עלית,אסקום קונפקשיין,DE,מסטיק מאסט מנטה חזקה 66 גרם,Unknown,0.00,Unknown,false,1,10.00,0.0000,true,1,24726
7290110568238,true,קצפת צמחית 250גר יטב,,,קצפת צמחית 250גר יטב,Each,0.00,Each,false,,8.50,0.0000,true,1,23852
7290110568276,false,משקה וניל פרו Pro מועשר בחלבון 1.5%,שטראוס גרופ,DE,משקה פרו וניל 350מל 25גר חלבון יטבתה,מיליליטרים,350.00,"100 מ""ל",false,12,6.50,1.8571,true,1,23032
7290110568566,true,מארז 10יח דוריטוס גר,,,מארז 10יח דוריטוס גר,Each,0.00,Each,false,,14.90,0.0000,true,1,23300
7290110568627,false,פסק זמן רול שוקולד חלב קרם אגוזים 26 ג' עלית,שולן צ'\יקולטה גידה סאן.,TR,חטיף פסק זמן רול קרם אגוזים 28 גר,Unknown,0.00,Unknown,false,1,5.00,0.0000,true,1,26046
7290110570224,false,"משקה קפה קר בטעם עוגיות יטבתה 230 מ""ל",אנסטל מילק kg,AT,משקה קפה קר 230 מל בטעם עוגיות יטבתה,מיליליטרים,230.00,"100 מ""ל",false,10,7.90,3.4348,true,1,49915
7290110571054,false,חציל במיונז אחלה 650,שטראוס,,חציל במיונז 650 גרם אחלה,גרמים,600.00,100 גרם,false,1,17.90,2.9833,true,1,47625
7290110571184,false,עדשים חומות 380 גר שטראוס טעם הטבע,קונסרב איטליה,IT,עדשים חומות טעם הטבע 380 גרם,גרמים,380.00,100 גרם,false,16,6.90,1.8158,true,1,49831
7290110571375,false,"אנרג'י מיקס תערובת צימוקים, תמרים, טופי ושברי פקאן",אנרג'י Energy - שטראוס,GB,מארז 4יח אנרגי מיקס שקד קוקס שוקולד,גרמים,100.00,100 גרם,false,16,16.90,16.9000,true,1,49837
7290110571382,false,מעדן חלב בטעם וניל מעושר בחלבון 150 ג' שטראוס,"שטראוס בריאות בע""\מ",IL,דנונה פרו 11גר חלבון טעם וניל 150גר,גרמים,150.00,100 גרם,false,12,5.50,3.6667,true,1,47621
7290110571405,false,עלית - מיני פינוקיות בגביע פסק זמן 180 גרם,הגביע,IL,עוגיות מיני פינוקיות פסק זמן 180 ג,גרמים,180.00,100 גרם,false,1,10.90,6.0556,true,1,50799
7290110571412,false,מיני פינוקיות - פאדג' שוקולד בגביע 180 גרם,הגביע,IL,עוגיות מיני פינוקיות פאדג 180 ג,גרמים,180.00,100 גרם,false,1,10.90,6.0556,true,1,50800
7290110571474,false,רבע לשבע טבעוני פופקורן עלית 125 גרם,"הגביע מוצרי וופלים בע""\מ",IL,גלילי ופל רבע לשבע פופקורן 125 גרם,גרמים,125.00,100 גרם,false,1,12.90,10.3200,true,1,49476
7290110571481,false,פחית קפה נמס קמפיין משפטים 200 גרם 2022,שטראוס קפה בי.וי,IL,קפה נמס אבקתי משפטים 200 גרם,גרמים,200.00,100 גרם,false,1,22.00,11.0000,true,1,49841
7290110572129,false,כיף כף מקלות שוקולד לבן 40 ג' עלית,סולן בעבור שטראוס,TR,חטיף כיף כף מקלות שוקולד לבן 40גר,Unknown,0.00,Unknown,false,1,5.50,0.0000,true,1,50798
7290110572884,false,"קפסולות קפה מספר 20 למכונת אספרס אספרסו, 50 גרם",שטראוס קפה בי.וי.,IL,קפסולות אספרסו 20 חזק 10 יח,יחידה,10.00,יחידה,false,1,17.00,1.7000,true,1,50801
7290110572969,false,כיף כף פצפצים עקרם לבן 40ג' עלית,שולן צ'\יקולטה גידה סאן.,TR,חטיף כיף כף פצפצים לבן 40 גר,Unknown,0.00,Unknown,false,1,5.50,0.0000,true,1,49912
7290110576318,false,מאגדת שלישיית שוקולד אגוז לבן 300 ג' עלית,סמואה,FR,מארז 3יח שוקולד פרה לבן אגוזים100 גרם,גרמים,300.00,100 גרם,false,8,25.90,8.6333,true,1,50266
7290110576370,false,מארז שלישייה שוקולד מריר חלבי עם אגוזי לוז,שטראוס,FR,מארז 3יח שוקולד פרה מריר אגוזים100 גרם,גרמים,300.00,100 גרם,false,8,25.90,8.6333,true,1,50265
7290110576387,false,מאגדת שלישיית שוקולד אגוז חלב 300 ג' עלית,שטראוס,FR,מארז 3יח שוקולד פרה חלב אגוזים100 גרם,גרמים,300.00,100 גרם,false,8,25.90,8.6333,true,1,50264
7290110576752,false,טבלאות שוקולד ספלנדיד מריר 70% 100 ג' עלית,קימ'\ס גריפלנן,BE,שוקולד ספלנדיד 70% מריר 100 גר,גרמים,100.00,100 גרם,false,1,10.90,10.9000,true,1,50774
7290110576776,false,טבלאות שוקולד ספלנדיד מריר 85% 100 ג' עלית,קימ'\ס גריפלנן,BE,שוקולד ספלנדיד 85% מריר 100 גר,גרמים,100.00,100 גרם,false,1,10.90,10.9000,true,1,50775
7290110576851,false,"שמיניית משקה גמדים סלט פירות 108 מ""ל","שטראוס בריאות בע""\מ",IL,מארז 8יח גמדים לשתיה ט. סלט פירות 800מל,מיליליטרים,800.00,"100 מ""ל",false,6,15.90,1.9875,true,1,50862
7290110577230,false,משקה חלב בטעם פיסטוק בבקבוק יטבתה 1 ליטר,שטראוס גרופ,IL,משקה חלב בטעם פיסטוק 1 ליטר יטבתה,ליטרים,1.00,ליטר,false,1,12.10,12.1000,true,1,50856
7290110577247,false,"יטבתה משקה חלב-פיסטוק בבקבוק 350 מ""ל",שטראוס גרופ,IL,משקה חלב טעם פיסטוק 350מל יטבתה,מיליליטרים,350.00,"100 מ""ל",false,1,6.60,1.8857,true,1,50857
7290111093005,true,מגבונים להסרת איפור,,,מגבונים להסרת איפור,Each,0.00,Each,false,,7.90,0.0000,true,1,26025
7290111097836,false,קוויק מגבונים 99.9% דוחה אבק למשטחים בניחוח מרכך כביסה 50 יחידות,די.פי.אל,IL,מגבוני קוויק דוחה אבק למשטחים 50יח,יחידה,50.00,יחידה,false,1,8.90,0.1780,true,1,47870
7290111285417,true,קערת במבוק ממותגת,,,קערת במבוק ממותגת,Each,0.00,Each,false,,12.90,0.0000,true,1,21021
7290111340116,true,נייר טואלט לילי נטור,,,נייר טואלט לילי נטור,Each,0.00,Each,false,,49.90,0.0000,true,1,22930
7290111340178,false,מטליות לחות ניקול לניקוי כללי בניחוח מרכך כביסה 50 יח',חוגלה קימברלי,IL,מטליות לחות לניקוי כללי דוחה אבק 50יח,יחידה,50.00,יחידה,false,1,16.90,0.3380,true,1,19274
7290111340185,false,מטליות לחות רצפה ניחוח מרכך כביסה ניקול 10 יחידות,חוגלה קימברלי,IL,מטליות לחות לרצפה ניקול בניחוח מרכך 10יח,יחידה,10.00,יחידה,false,1,13.90,1.3900,true,1,19273
7290111341366,true,מפיות אירוח חד שכבתי,,,מפיות אירוח חד שכבתי,Each,0.00,Each,false,,9.90,0.0000,true,1,23837
7290111341540,true,טמפונים קוטקס אקטיב,,,טמפונים קוטקס אקטיב,Each,0.00,Each,false,,26.90,0.0000,true,1,28847
7290111341984,true,מארז 4יח נייר טואלט,,,מארז 4יח נייר טואלט,Each,0.00,Each,false,,19.90,0.0000,true,1,30366
7290111342004,true,מגבון נייר טואלט לח,,,מגבון נייר טואלט לח,Each,0.00,Each,false,,8.90,0.0000,true,1,28841
7290111342059,false,50 מטליות מיקרופייבר לשטחים אנטיבקטריאלי ניקול,ניקול,IL,מטליות לחות אנטיבקטריאלי מפחית ריחות 50י,יחידה,50.00,יחידה,false,1,16.90,0.3380,true,1,31852
7290111342189,true,מפיות אירוח ניקול חד,,,מפיות אירוח ניקול חד,Each,0.00,Each,false,,9.90,0.0000,true,1,30941
7290111342523,true,מפיות אירוח ניקול חד,,,מפיות אירוח ניקול חד,Each,0.00,Each,false,,8.90,0.0000,true,1,30940
7290111342684,false,מפיות חד שכבתי מודפסות 100 יח',חוגלה קימברלי,,מפיות מודפסות חד שכבתי 100יח ניקול,יחידה,100.00,יחידה,false,14,7.90,0.0790,true,1,35433
7290111342738,true,מארז 4יח נייר טואלט,,,מארז 4יח נייר טואלט,Each,0.00,Each,false,,19.90,0.0000,true,1,31360
7290111343117,false,"קלינקס לושן סופט פק זוגות 140 דף ""חדש""",קימברלי קלארק,IL,ממחטות אף קלינקס לושן סופט זוג 140יח,יחידה,140.00,יחידה,false,30,14.90,0.1064,true,1,36649
7290111343124,true,נייר טואלט לילי כפול,,,נייר טואלט לילי כפול,Each,0.00,Each,false,,54.90,0.0000,true,1,33819
7290111343452,false,מטליות לחות לניקוי כללי בתוספת חומץ 50 יח' ניקול,חוגלה קימברלי,IL,מטליות לחות לניקוי בתוספת חומץ 50יח ניקו,יחידה,50.00,יחידה,false,24,12.90,0.2580,true,1,35516
7290111343797,false,מטליות לחות לניקוי חלונות 48 יח' ניקול,חוגלה קימברלי,IL,מטליות לחות לניקוי חלונות 48יח ניקול,יחידה,48.00,יחידה,false,24,12.90,0.2688,true,1,35515
7290111343841,false,ספוגית הקסם נירוסטה - מארז 3 יחידות,ניקול,IL,ספוגית הקסם לנירוסטה 3יח ניקול,יחידה,3.00,יחידה,false,24,12.90,4.3000,true,1,35517
7290111343858,false,ניקול מטליות לחות לרצפה אנטיבקרטריאלי 10 יחידות,עלבד משואות יצחק,IL,מטליות לחות לרצפות אנטיבקטריאלי 10יח ניק,יחידה,10.00,יחידה,false,1,13.90,1.3900,true,1,33824
7290111344077,true,מארז 3יח מטליות לחות,,,מארז 3יח מטליות לחות,Each,0.00,Each,false,,26.90,0.0000,true,1,33823
7290111344206,false,-מגבונים לחים לעור רגיש ללא בישום האגיס 4*64 יחידות,חוגלה קימברלי,IL,מארז 4יח מגבוני האגיס נטורל קר 64יח,יחידה,256.00,יחידה,false,1,22.90,0.0895,true,1,45579
7290111344503,false,חיתולי האגיס אקסטרה קייר מידה +4 36 יח',חוגלה קימברלי,IL,חיתולי האגיס אקסטרה קייר מידה 4+ 36יח,יחידה,36.00,יחידה,false,1,49.90,1.3861,true,1,39404
7290111344510,false,נייר אפייה ניקול בשקית 100 יח,אופל,IL,נייר אפיה 100יח ניקול,יחידה,100.00,יחידה,false,12,21.90,0.2190,true,1,38058
7290111344527,false,ניקול שקיות אשפה XXL לפחים ענקיים 20 יחי,קימברלי קלארק,IL,שקיות אשפה שחורות לפחים ענקיים 20יח,יחידה,20.00,יחידה,false,12,27.90,1.3950,true,1,38057
7290111344565,false,ניקול שקיות זיפר מארז משולב מידות,taizhou inter packin,CN,שקיות דאבל זיפר 25יח ניקול,מטרים,25.00,מטר,false,24,14.90,0.5960,true,1,49393
7290111344626,false,מגבות מטבח אנטיבקריאליות,,IL,מארז 2יח מגבות מטבח אנטיבקטריאלי ניקול,יחידה,2.00,יחידה,false,24,22.90,11.4500,true,1,38060
7290111344633,false,ניקול משטח ייבוש כלים אנטיבקטריאלי,ניקול,IL,משטח לייבוש כלים אנטיבקטריאלי ניקול,יחידה,1.00,יחידה,false,12,22.90,22.9000,true,1,38059
7290111344701,false,ניקול שקיות אוכל סנדויצון מניונים 250 יחידות,חוגלה קימברלי,IL,שקיות סנדויצון ניקול 250יח מיניונים,יחידה,250.00,יחידה,false,20,14.90,0.0596,true,1,50247
7290111344824,false,מגן תחתון קוטקס אקסטרא אנטיבקטריאלי לארג',חוגלה,CN,מגן תחתון קוטקס אנטיבקטראלי לארג 52יח,יחידה,52.00,יחידה,false,1,21.90,0.4212,true,1,46876
7290111344879,false,קוטקס מגיני תחתון 2IN1 מחזור+שתן 44 יחיד,חוגלה,CN,מגן תחתון קוטקס 2 ב1 לארג 44 יחידות,יחידה,44.00,יחידה,false,1,21.90,0.4977,true,1,46875
7290111344916,false,ניקול שישיית כריות יפניות אנטיבקטריאליות,חוגלה קימברלי,IL,מארז 6יח כרית יפנית אנטיבקטריאלי ניקול,יחידה,6.00,יחידה,false,24,16.90,2.8167,true,1,39020
7290111344930,false,מטליות לחות לרצפה בניחוח כביסה ארומתרפיה ניקול 10 יח',ניקול,IL,מטליות לחות לניקוי רצפות 10יח ניחוח מרכך,יחידה,10.00,יחידה,false,1,12.90,1.2900,true,1,45471
7290111345722,false,ניקול שקיות לשמירה על הטריות 5 יחידות,ניקול,TR,שקיות לשמירת הטריות 5יח ניקול,יחידה,5.00,יחידה,false,24,16.90,3.3800,true,1,49394
7290111345753,false,תחבושות נטורל דואו נורמל 24 יח' קוטקס,קריות זול,CZ,תחבושות קוטקס נטורל נורמל דואו 24יח,יחידה,24.00,יחידה,false,16,19.90,0.8292,true,1,48185
7290111345760,false,תחבושות נטורל דואו סופר 18 יח' קוטקס,קריות זול,CZ,תחבושות קוטקס נטורל סופר דואו 18יח,יחידה,18.00,יחידה,false,16,19.90,1.1056,true,1,48186
7290111345982,false,ניקול דפי ספוגית הקסם 10 יחידות,חוגלה קימברלי,IL,דפי ספוגית הקסם 10יח ניקול,יחידה,10.00,יחידה,false,24,10.90,1.0900,true,1,47767
7290111346293,false,מגבת נייר ניקול 6 יחידות מהדורה חגיגית,קימברלי קלארק,IL,מארז 6יח מגבות נייר למטבח ניקול,יחידה,6.00,יחידה,false,1,12.90,2.1500,true,1,48800
7290111346347,false,מגבוני אף אוריגינל סופט חמישיה קלינקס,קימברלי קלארק,IL,מארז 5 יח מגבוני אף קלינקס בניילון,יחידה,5.00,יחידה,false,18,15.90,3.1800,true,1,49888
7290111350092,false,מארז מיקס חטיפי מיני לואקר בסט 200 גר,ליימן מותגים,,מארז המיטב של לואקר 200 גרם,גרמים,200.00,100 גרם,false,1,20.90,10.4500,true,1,19505
7290111350719,false,חטיף נאצוס הוטפופ בסגנון מסעדות 322 גר,ליימן מותגים,US,חטיף נאצוס סגנון מסעדות 322 גרם,גרמים,322.00,100 גרם,false,1,17.90,5.5590,true,1,27694
7290111350726,false,חטיף נאצוס הוטפופ בסגנון מקסיקני 322 גר,ליימן מותגים,US,חטיף נאצוס סגנון מקסיקני 322 גרם,גרמים,322.00,100 גרם,false,1,17.90,5.5590,true,1,27693
7290111352249,false,מאג טרמי לואקר מעוצב,,,מאג טרמי לואקר מעוצב,Unknown,0.00,Unknown,false,1,9.90,0.0000,true,1,46893
7290111352430,false,ממרח תמרים טבעי קליית גת 440 גרם,"כד בני דרום בע""מ",IL,ממרח תמרים טבעי קליית גת 440 גרם,גרמים,440.00,100 גרם,false,12,12.90,2.9318,true,1,32180
7290111352447,false,ממרח תמרים ט.שוקולד440גר,טעמי הגליל,IL,ממרח תמרים ושוקולד קליית גת 440 גרם,גרמים,440.00,100 גרם,false,12,14.90,3.3864,true,1,32181
7290111352508,false,סילאן טבעי לחיץ קליית גת 840 גרם,"ששון ושות' בע""מ",IL,סילאן טבעי לחיץ קליית 840 גרם צנצנת,גרמים,840.00,100 גרם,false,1,19.90,2.3690,true,1,47536
7290111352560,false,מיץ לימון 100% טבעי,,IT,מיץ לימון 100% טבעי מרקדו טסט 250 מל,מיליליטרים,250.00,"100 מ""ל",false,12,6.90,2.7600,true,1,32856
7290111352591,false,"צ'וקטה עוגות אישיות וניל, 200 גרם",אס.פי.אס,,עוגה אישית צוקטה וניל 10 יח 200 גר,גרמים,200.00,100 גרם,false,1,12.90,6.4500,true,1,33680
7290111352959,false,מקלות חמוצים ממולאים בטעם פירות 80 גר' יוגטה,יוגטה yogueta,TR,גומי שטיח יוגטה ממולא פירות 80 גר,Unknown,0.00,Unknown,false,1,4.90,0.0000,true,1,34599
7290111352966,false,יוגטה סוכריות ממולאות בטעם פירות 250 גרם ללא ג'לטין,ליימן שליסל,TR,גומי יוגטה מקלות ממולאות 250 גרם,גרמים,250.00,100 גרם,false,1,6.90,2.7600,true,1,34597
7290111352973,false,יוגוטה קוביות חמוצות ממולאות בטעם פירות,יוגטה yogueta,TR,גומי יוגטה קוביות חמוצות 220גרם,גרמים,220.00,100 גרם,false,1,6.90,3.1364,true,1,34598
7290111353109,false,"גומי נחש מבריק 200 גר' וסטהיים (כש""לפ בית יוסף).",טופגם תעשיות ממתקים,TR,סוכריות גומי יוגטה נחשים מבריק 200 גרם,גרמים,200.00,100 גרם,false,18,9.90,4.9500,true,1,37228
7290111353123,false,"גומי נחש מסוכר 200 גר' וסטהיים (כש""לפ בית יוסף)",טופגם תעשיות ממתקים,IL,סוכריות גומי יוגטה נחשים חמוצות 200 גרם,גרמים,200.00,100 גרם,false,18,9.90,4.9500,true,1,37229
7290111353437,false,חטיף בטטה ומלח ים 120 גרם הוט פופ,איץ.סיי גרופ אס.דה א,HN,חטיף ציפס בטטה ומלח ים טבעוני 120 גרם,גרמים,120.00,100 גרם,false,12,13.90,11.5833,true,1,47735
7290111353444,false,חטיף בטטות ומלח ים 120 גרם הוט פופ,איץ.סיי גרופ אס.דה א,HN,חטיף ציפס בטטות ומלח ים טבעוני 120 גרם,גרמים,120.00,100 גרם,false,12,13.90,11.5833,true,1,47736
7290111353451,false,חטיף בירקות שורש ומלח ים הוטפופ 120 גרם,איץ.סיי גרופ אס.דה א,HN,חטיף ציפס ירקות שורש ומלח ים טבעוני120גר,גרמים,120.00,100 גרם,false,12,13.90,11.5833,true,1,47737
7290111353550,false,חמאת בוטנים טבעית קליית גת 300 גרם,J&G קיסריה,IL,חמאת בוטנים טבעית קליית גת 300 גרם,גרמים,350.00,100 גרם,false,12,14.90,4.2571,true,1,47381
7290111353567,false,ממרח שקדים טבעי קליית גת 300 גרם,J&G קיסריה,IL,ממרח שקדים קליית גת 300 גרם,גרמים,300.00,100 גרם,false,12,32.90,10.9667,true,1,47382
7290111354519,false,רמקול לואקר נייד,,,רמקול לואקר נייד,Unknown,0.00,Unknown,false,1,15.00,0.0000,true,1,49376
7290111354588,false,קלמר מנטוס עם 30 סוכריות בטעם תות 75 גר,פרפטי ואן מלה,DE,קלמר מנטוס מרענן,Unknown,0.00,Unknown,false,1,16.90,0.0000,true,1,49695
7290111563249,true,סלט חציל פיקנטי צבר,,,סלט חציל פיקנטי צבר,Each,0.00,Each,false,,12.90,0.0000,true,1,22307
7290111563492,true,סלט מטבוחה חריפה צבר,,,סלט מטבוחה חריפה צבר,Each,0.00,Each,false,,12.90,0.0000,true,1,22308
7290111564239,false,שלגוני קראנץ' Crunch בטעם וניל - 5 יח',גלידות נסטלה )נגה גלידות,IL,מאגדת שלגון מיני קראנץ וניל 5 יח,יחידה,5.00,יחידה,false,1,30.90,6.1800,true,1,21367
7290111564277,true,פריכיות פיטנס דקות ד,,,פריכיות פיטנס דקות ד,Each,0.00,Each,false,,10.90,0.0000,true,1,19380
7290111564291,true,פריכיות פיטנס דקות ק,,,פריכיות פיטנס דקות ק,Each,0.00,Each,false,,10.90,0.0000,true,1,19381
7290111564956,true,חטיף מיקס במבה ביסלי,,,חטיף מיקס במבה ביסלי,Each,0.00,Each,false,,10.90,0.0000,true,1,22252
7290111565038,false,"לה קרמריה וניל קוקילידה בד""צ 1.4 ל'",גלידות נסטלה )נגה גלידות,IL,גל. לה קרמריה וניל קוקילידה 1.4 ליטר,מיליליטרים,1400.00,"100 מ""ל",false,1,18.90,1.3500,true,1,22496
7290111566066,false,חטיף מיקס במבה וביסל,מיוצר עי קונדיטוריית,IL,חטיף מיקס במבה וביסלי 80 גר,גרמים,80.00,100 גרם,false,1,5.00,6.2500,true,1,22264
7290111566103,true,פלאפל רכיבים ביתיים,,,פלאפל רכיבים ביתיים,Each,0.00,Each,false,,32.90,0.0000,true,1,21207
7290111566240,true,שניצל דק מן הצומח טע,,,שניצל דק מן הצומח טע,Each,0.00,Each,false,,32.90,0.0000,true,1,21200
7290111566271,true,חטיפי תירס טבעול 600,,,חטיפי תירס טבעול 600,Each,0.00,Each,false,,33.90,0.0000,true,1,21198
7290111566318,true,שניצל דק מן הצומח טע,,,שניצל דק מן הצומח טע,Each,0.00,Each,false,,32.90,0.0000,true,1,21199
7290111566332,true,נקניקיות וינר מן הצו,,,נקניקיות וינר מן הצו,Each,0.00,Each,false,,32.90,0.0000,true,1,21201
7290111566547,true,חזה בגריל מן הצומח 5,,,חזה בגריל מן הצומח 5,Each,0.00,Each,false,,32.90,0.0000,true,1,21213
7290111566585,true,שניצל מן הצומח מופחת,,,שניצל מן הצומח מופחת,Each,0.00,Each,false,,32.90,0.0000,true,1,21212
7290111566660,true,קציצות עדשים כתומות,,,קציצות עדשים כתומות,Each,0.00,Each,false,,32.90,0.0000,true,1,21205
7290111566691,true,שניצל תרד טבעול לייט,,,שניצל תרד טבעול לייט,Each,0.00,Each,false,,32.90,0.0000,true,1,21210
7290111566714,true,המבורגר מן הצומח 600,,,המבורגר מן הצומח 600,Each,0.00,Each,false,,32.90,0.0000,true,1,21211
7290111566738,true,מיני המבורגר פטריות,,,מיני המבורגר פטריות,Each,0.00,Each,false,,32.90,0.0000,true,1,21206
7290111566752,true,שניצל תירס לייט 693,,,שניצל תירס לייט 693,Each,0.00,Each,false,,32.90,0.0000,true,1,21208
7290111566776,true,נקניקיות קוקטייל מן,,,נקניקיות קוקטייל מן,Each,0.00,Each,false,,32.90,0.0000,true,1,21202
7290111568206,false,ביסלי פארטי מיקס אסם 150 גר',פרו מן יו פתרונות אר,IL,מיקס ביסלי פארטי 150 גרם,גרמים,150.00,100 גרם,false,1,9.10,6.0667,true,1,22251
7290111568251,true,אטריות נודלס להקפצה,,,אטריות נודלס להקפצה,Each,0.00,Each,false,,10.90,0.0000,true,1,23310
7290111568466,true,רוטב אסייתי למוקפץ א,,,רוטב אסייתי למוקפץ א,Each,0.00,Each,false,,13.90,0.0000,true,1,23315
7290111930799,true,חטיף קראנצוס בצל 55,,,חטיף קראנצוס בצל 55,Each,0.00,Each,false,,3.90,0.0000,true,1,19869
7290111930805,true,חטיף קראנצוס ברביקיו,,,חטיף קראנצוס ברביקיו,Each,0.00,Each,false,,3.90,0.0000,true,1,19870
7290111930850,true,חטיף קראנצוס פיצה 55,,,חטיף קראנצוס פיצה 55,Each,0.00,Each,false,,3.90,0.0000,true,1,19871
7290111930898,true,חטיף מנה פוף כוכבים,,,חטיף מנה פוף כוכבים,Each,0.00,Each,false,,3.90,0.0000,true,1,20870
7290111930904,true,חטיף מנה פוף כוכבים,,,חטיף מנה פוף כוכבים,Each,0.00,Each,false,,3.90,0.0000,true,1,20871
7290111930911,true,חטיף מנה פוף לבבות ק,,,חטיף מנה פוף לבבות ק,Each,0.00,Each,false,,3.90,0.0000,true,1,20867
7290111930928,true,חטיף מנה פוף לבבות ג,,,חטיף מנה פוף לבבות ג,Each,0.00,Each,false,,3.90,0.0000,true,1,20868
7290111930935,true,חטיף מנה פוף טבעות ק,,,חטיף מנה פוף טבעות ק,Each,0.00,Each,false,,3.90,0.0000,true,1,20869
7290111930973,true,ממרח פסטו אדום מאסטר,,,ממרח פסטו אדום מאסטר,Each,0.00,Each,false,,13.90,0.0000,true,1,23093
7290111931321,true,משחת שיניים קולגייט,,,משחת שיניים קולגייט,Each,0.00,Each,false,,12.90,0.0000,true,1,23191
7290111931338,true,סבון נוזלי פלמוליב ל,,,סבון נוזלי פלמוליב ל,Each,0.00,Each,false,,16.90,0.0000,true,1,22615
7290111933530,true,מיץ לימון 100% טבעי,,,מיץ לימון 100% טבעי,Each,0.00,Each,false,,7.90,0.0000,true,1,26178
7290111933554,false,שלישייה עגבניות קוביות מאסטר שף 400 גרם,קונסוריזיו קאסאלסקו,IT,מארז 3 יח עגבניות קוביות מאסטר שף 400 גר,גרמים,1200.00,100 גרם,false,1,16.90,1.4083,true,1,47489
7290111934827,false,"סבון ידיים משאבה פלמוליב היגיינה 300 מ""ל",פלמוליב Palmolive,TR,סבון ידיים פלמוליב אלוורה דבש 300 מל,מיליליטרים,300.00,"100 מ""ל",false,1,11.90,3.9667,true,1,27657
7290111935527,true,זוג מש.שינים קולגייט,,,זוג מש.שינים קולגייט,Each,0.00,Each,false,,29.90,0.0000,true,1,27235
7290111935961,false,מאסטר שף מחית עגבניות 690 גרם,פראנו אנריקו ופיגלי,IT,מחית עגבניות מאסטר שף 690 גרם,גרמים,690.00,100 גרם,false,12,10.90,1.5797,true,1,47548
7290111936296,true,אלסבון פלמוליב משאבה,,,אלסבון פלמוליב משאבה,Each,0.00,Each,false,,16.90,0.0000,true,1,28163
7290111936487,true,זוג מש.שינים קולגייט,,,זוג מש.שינים קולגייט,Each,0.00,Each,false,,29.90,0.0000,true,1,27237
7290111936784,false,פרי מארז חטיפים 5 יחידות תמרים ואגוזי לוז כשלפ,"טבעית מוצרים מהטבע בע""\מ",IL,חטיף פרי תמרים אגוזי לוז כשלפ,גרמים,125.00,100 גרם,false,1,16.90,13.5200,true,1,27339
7290111937088,false,ליידי ספיד סטיק דרמה רול און אומגה 3,ליידי ספיד סטיק Lady Speed Stick,MX,דאוד.ליידי ספיד סטיק דרמה רול און אומגה,Unknown,0.00,Unknown,false,1,15.90,0.0000,true,1,36682
7290111937231,false,פרי מארז חטיפים 5 יחידות תמרים וקוקוס כשלפ,"טבעית מוצרים מהטבע בע""\מ",IL,חטיף פרי תמרים וקוקוס כשלפ,גרמים,125.00,100 גרם,false,1,16.90,13.5200,true,1,27335
7290111937255,false,פרי מארז חטיפים 5 יחידות תמרים בוטנים ואגוזי לוז כשלפ,"טבעית מוצרים מהטבע בע""\מ",IL,חטיף פרי תמרים בוטנים ואגוזי לוז כשלפ,גרמים,125.00,100 גרם,false,1,16.90,13.5200,true,1,27337
7290111937262,false,מארז חמישיית חטיפי תמרים אגוזים ושברי קקאו פרי 125 גרם,"טבעית מוצרים מהטבע בע""\מ",IL,חטיף פרי תמרים אגוזים ושברי קקאו כשלפ,גרמים,125.00,100 גרם,false,1,16.90,13.5200,true,1,27338
7290111938498,true,רוטב סויה בהירה מאסט,,,רוטב סויה בהירה מאסט,Each,0.00,Each,false,,13.90,0.0000,true,1,31918
7290111939174,true,ניילון נצמד עם גומי,,,ניילון נצמד עם גומי,Each,0.00,Each,false,,9.90,0.0000,true,1,31617
7290111939181,true,ניילון נצמד עם גומי,,,ניילון נצמד עם גומי,Each,0.00,Each,false,,9.90,0.0000,true,1,31618
7290112000132,true,מפזר אדים אירוויק או,,,מפזר אדים אירוויק או,Each,0.00,Each,false,,39.90,0.0000,true,1,22904
7290112000163,true,מילוי מפזר אדים אירו,,,מילוי מפזר אדים אירו,Each,0.00,Each,false,,24.90,0.0000,true,1,22907
7290112000385,true,דטול מנקה ומחטא מטבח,,,דטול מנקה ומחטא מטבח,Each,0.00,Each,false,,14.90,0.0000,true,1,24044
7290112000736,true,טבליות למדיח הכל ב 1,,,טבליות למדיח הכל ב 1,Each,0.00,Each,false,,59.90,0.0000,true,1,22910
7290112000798,true,דטול מנקה ומחטא משטח,,,דטול מנקה ומחטא משטח,Each,0.00,Each,false,,14.90,0.0000,true,1,24046
7290112000828,true,דטול מטליות לחות מנק,,,דטול מטליות לחות מנק,Each,0.00,Each,false,,10.90,0.0000,true,1,24048
7290112000842,true,דטול מטליות לחות לני,,,דטול מטליות לחות לני,Each,0.00,Each,false,,10.90,0.0000,true,1,24043
7290112000880,true,דטול מטליות לחות מנק,,,דטול מטליות לחות מנק,Each,0.00,Each,false,,10.90,0.0000,true,1,24047
7290112001023,true,מילוי מבשם אויר אוטו,,,מילוי מבשם אויר אוטו,Each,0.00,Each,false,,15.90,0.0000,true,1,24035
7290112001030,true,מילוי מבשם אויר אוטו,,,מילוי מבשם אויר אוטו,Each,0.00,Each,false,,15.90,0.0000,true,1,24036
7290112001221,true,נוזל קולון ניקוי מכו,,,נוזל קולון ניקוי מכו,Each,0.00,Each,false,,14.90,0.0000,true,1,24281
7290112001238,true,נוזל קולון ניקוי מכו,,,נוזל קולון ניקוי מכו,Each,0.00,Each,false,,14.90,0.0000,true,1,24280
7290112001436,true,נוזל מנקה ומחדש פיני,,,נוזל מנקה ומחדש פיני,Each,0.00,Each,false,,14.90,0.0000,true,1,30872
7290112001870,true,ספריי סיליט באנג לני,,,ספריי סיליט באנג לני,Each,0.00,Each,false,,13.90,0.0000,true,1,29266
7290112001900,true,גל למדיח פיניש הכל,,,גל למדיח פיניש הכל,Each,0.00,Each,false,,44.90,0.0000,true,1,29265
7290112002044,true,טבליות פיניש מנקה מד,,,טבליות פיניש מנקה מד,Each,0.00,Each,false,,15.90,0.0000,true,1,30302
7290112002099,true,גל כביסה קולון 2.5לי,,,גל כביסה קולון 2.5לי,Each,0.00,Each,false,,26.90,0.0000,true,1,30305
7290112002105,true,גל כביסה קולון 2.5לי,,,גל כביסה קולון 2.5לי,Each,0.00,Each,false,,26.90,0.0000,true,1,30308
7290112002129,true,גל כביסה קולון 2.5לי,,,גל כביסה קולון 2.5לי,Each,0.00,Each,false,,26.90,0.0000,true,1,30306
7290112002136,true,גל כביסה קולון 4ליטר,,,גל כביסה קולון 4ליטר,Each,0.00,Each,false,,34.90,0.0000,true,1,30309
7290112002143,true,גל כביסה קולון 4ליטר,,,גל כביסה קולון 4ליטר,Each,0.00,Each,false,,34.90,0.0000,true,1,30311
7290112002150,true,גל כביסה קולון 4ליטר,,,גל כביסה קולון 4ליטר,Each,0.00,Each,false,,34.90,0.0000,true,1,30312
7290112002167,true,גל כביסה קולון 4ליטר,,,גל כביסה קולון 4ליטר,Each,0.00,Each,false,,34.90,0.0000,true,1,30310
7290112002204,false,גל מוצק אירוויק בניחוח מרענן 180 גר,רקיט בנקיזר,CN,מטהר אויר אירוויק גל מוצק מרענן 180גר,גרמים,180.00,100 גרם,false,12,10.90,6.0556,true,1,30280
7290112002457,true,מארז 3יח מגבוני דטול,,,מארז 3יח מגבוני דטול,Each,0.00,Each,false,,24.90,0.0000,true,1,30314
7290112002990,true,מסיר שומנים סיליט בא,,,מסיר שומנים סיליט בא,Each,0.00,Each,false,,16.90,0.0000,true,1,33878
7290112003072,false,קולון מבשם בדים משב רוח ים (כחול),רקיט בנקיזר,ES,מבשם בדים קולון 300מל רוח ים כחול,מיליליטרים,300.00,"100 מ""ל",false,12,21.90,7.3000,true,1,37016
7290112003089,false,קולון מבשם בדים פריחה עדינה (ורוד),רקיט בנקיזר,ES,מבשם בדים קולון 300מל פריחה עדינה ורוד,מיליליטרים,300.00,"100 מ""ל",false,12,21.90,7.3000,true,1,37017
7290112003096,false,קולון מבשם כביסה טבעי רענן ירוק,רקיט בנקיזר,ES,מבשם בדים קולון 300מל טבעי רענן ירוק,מיליליטרים,300.00,"100 מ""ל",false,12,21.90,7.3000,true,1,37015
7290112003188,false,קולון קפסולות גל לכביסה 60 יחידות,רקיט בנקיזר,IT,טבליות גל כביסה קולון 60 יח,יחידה,60.00,יחידה,false,6,54.90,0.9150,true,1,35932
7290112003423,false,"איירוויק מקלות ריחניים אננס ורוזמרין 80 מ""ל",רקיט בנקיזר,HU,מקלות ריחניים איירוויק אננס ורוזמרין80מל,Unknown,0.00,Unknown,false,1,29.90,0.0000,true,1,37155
7290112003454,false,"איירוויק מקלות ריחניים יער ועשבי בר 80 מ""ל",רקיט בנקיזר,HU,מקלות ריחניים איירוויק יער ועשבי בר 80מל,Unknown,0.00,Unknown,false,1,29.90,0.0000,true,1,37154
7290112003461,false,"אירוויק מקלות ריחניים ורדים וגרניום 80 מ""ל",רקיט בנקיזר,HU,מקלות ריחניים איירוויק ורדים גרניום 80מל,Unknown,0.00,Unknown,false,1,29.90,0.0000,true,1,37156
7290112003478,false,"מבשם אוויר אירוויק ספריי אננס ורוזמרין 236 מ""ל",רקיט בנקיזר,PL,מ.אוויר אירוויק ספריי אננס ורוזמרי236 מל,מיליליטרים,236.00,"100 מ""ל",false,1,21.90,9.2797,true,1,37158
7290112003508,false,"איירוויק ספריי נטול גז יער ועשבי בר 236 מ""ל",רקיט בנקיזר,PL,מ.אוויר אירוויק ספריי יער ועשבי בר236 מל,מיליליטרים,236.00,"100 מ""ל",false,1,21.90,9.2797,true,1,37157
7290112003515,false,"מבשם אוויר אירוויק ספריי ורדים וגרניום 236 מ""ל",רקיט בנקיזר,PL,מ.אוויר אירוויק ספריי ורדים גרניום 236מל,מיליליטרים,236.00,"100 מ""ל",false,1,21.90,9.2797,true,1,37159
7290112003843,false,"קלגון גל אנטי בקטריאלי 750 מ""ל",רקיט בנקיזר,IT,גל קלגון אנטי בקטריאלי 750מל,מיליליטרים,750.00,"100 מ""ל",false,1,29.90,3.9867,true,1,38990
7290112004109,false,מטליות לחות לניקוי כללי וחיטוי בריח ליים ונענע- מארז,רקיט בנקיזר,PL,מארז 3יח מגבוני דטול לניקוי כללי 60יח,יחידה,180.00,יחידה,false,12,24.90,0.1383,true,1,37150
7290112004185,false,"פיניש נוזל הברקה אקולוגי למדיח 400 מ""ל",רקיט בנקיזר,PL,נוזל הברקה פיניש למדיח 400מל אקולוגי,מיליליטרים,400.00,"100 מ""ל",false,12,14.90,3.7250,true,1,40499
7290112004208,false,פיניש טבליות למדיח הכל ב 1 לימון 50 יחידות,רקיט בנקיזר,PL,טבליות פיניש למדיח הכל באחד 50יח לימון,יחידה,50.00,יחידה,false,1,34.90,0.6980,true,1,40498
7290112004314,false,"דטול - תרסיס חיטוי וניקוי בניחוח לימון רימונים 750 מ""ל",רקיט בנקיזר,PL,דטול מנקה ומחטא מטבח 750מל רימונים,מיליליטרים,750.00,"100 מ""ל",false,12,14.90,1.9867,true,1,40501
7290112004321,false,מגבונים לניקוי כללי בניחוח רימונים וליים 60 יח' דטול,רקיט בנקיזר,PL,מטליות לחות דטול לניקוי כללי 60יח,יחידה,60.00,יחידה,false,12,10.90,0.1817,true,1,40502
7290112004413,false,"ספריי וניש קליה להסרת כתמים לבגדים לבנים 750 מ""ל",רקיט בנקיזר,PL,ספריי וניש אוקסי אקשן 750מל לבגדים לבנים,מיליליטרים,750.00,"100 מ""ל",false,1,16.90,2.2533,true,1,48017
7290112004451,false,דטול - מחטא כביסה לספורט 1.50 ליטר,רקיט בנקיזר,IT,נוזל מחטא כביסה דטול 1.5ליטר ספורט,מיליליטרים,1500.00,"100 מ""ל",false,8,24.90,1.6600,true,1,45424
7290112004468,false,דטול - מחטא כביסה לכותנה 1.50 ליטר,רקיט בנקיזר,IT,נוזל מחטא כביסה דטול 1.5ליטר כותנה,מיליליטרים,1500.00,"100 מ""ל",false,8,24.90,1.6600,true,1,45425
7290112004611,false,"וניש קליה ג'ל מרוכז לטיפול נקודתי בכתמים 200 מ""ל",רקיט בנקיזר,PT,גל וניש קליה פאואר 200מל,מיליליטרים,200.00,"100 מ""ל",false,8,16.90,8.4500,true,1,47424
7290112004963,false,"פיניש אולטימייט קפסולות לניקוי כלים במדיח, 25 יחידות",רקיט בנקיזר,PL,טבליות פיניש אולטימייט למדיח 25 טבליות,יחידה,25.00,יחידה,false,1,39.90,1.5960,true,1,50318
7290112004970,false,פיניש אולטימייט קוואנטום 50 טבליות למדיח,רקיט בנקיזר,IL,טבליות פיניש למדיח אולטימייט 50יח,יחידה,50.00,יחידה,false,1,59.90,1.1980,true,1,50320
7290112005045,false,וניש מסיר כתמים אבקה לכביסה לבנה 480 גרם,רקיט בנקיזר,IT,אבקה להסרת כתמים וניש כביסה לבנה 480גר,גרמים,480.00,100 גרם,false,12,17.90,3.7292,true,1,49315
7290112005052,false,וניש תוסף כביסה רב תכליתי לבגדים לבנים,קליה וניש Kalia Vanish,IT,אבקה להסרת כתמים וניש כביסה לבנה 1.5קג,גרמים,1500.00,100 גרם,false,6,34.90,2.3267,true,1,49313
7290112005076,false,וניש תוסף כביסה רב תכליתי צבעוני 480 גרם,רקיט בנקיזר,IT,אבקה להסרת כתמים וניש כביסה צבעוני 480גר,גרמים,480.00,100 גרם,false,12,17.90,3.7292,true,1,49316
7290112005083,false,וניש תוסף כביסה רב תכליתי לכביסה צבעונית,קליה וניש Kalia Vanish,IT,אבקה להסרת כתמים וניש כביסה צבעוני 1.5קג,גרמים,1500.00,100 גרם,false,6,34.90,2.3267,true,1,49314
7290112005168,false,פיניש אולטימייט קוואנטום לימון 60 טבליות למדיח,רקיט בנקיזר,PL,טבליות פיניש קואנטום לימון למדיח 60 יח,יחידה,60.00,יחידה,false,6,59.90,0.9983,true,1,50319
7290112191120,true,פסטהביצים אוריינט צו,,,פסטהביצים אוריינט צו,Each,0.00,Each,false,,12.90,0.0000,true,1,24194
7290112192158,true,ניוקי תפוא ללא גלוטן,,,ניוקי תפוא ללא גלוטן,Each,0.00,Each,false,,10.90,0.0000,true,1,28231
7290112192509,true,פירורי לחם GFREE לל,,,פירורי לחם GFREE לל,Each,0.00,Each,false,,15.90,0.0000,true,1,26974
7290112192561,true,מש.שיניים פרודונטקס,,,מש.שיניים פרודונטקס,Each,0.00,Each,false,,31.90,0.0000,true,1,30094
7290112192646,true,טחון סויה 170גרם,,,טחון סויה 170גרם,Each,0.00,Each,false,,14.90,0.0000,true,1,28605
7290112192875,true,משחת שיניים סנסודיין,,,משחת שיניים סנסודיין,Each,0.00,Each,false,,31.90,0.0000,true,1,30535
7290112192905,false,מברשת לשיניים רגישות ובעיות חניכיים סנסודיין,סנסודיין Sensodyne,DE,מברשת שיניים סנסודיין רגישות סופט,יחידה,1.00,יחידה,false,12,31.90,31.9000,true,1,30548
7290112193261,false,סטייל שמן לשיער אמפ100מל,א.ל. ארמן,IL,שמן לשיער המפ 100מל,מיליליטרים,100.00,"100 מ""ל",false,1,42.90,42.9000,true,1,30107
7290112193278,true,שמפו סטייל מתולתלות,,,שמפו סטייל מתולתלות,Each,0.00,Each,false,,22.90,0.0000,true,1,33814
7290112193285,true,מרכך סטייל מתולתלות,,,מרכך סטייל מתולתלות,Each,0.00,Each,false,,22.90,0.0000,true,1,33813
7290112193292,false,"סטייל - מתולתלות מסכה לטיפול עמוק 500 מ""ל",א.ל.ארמן ייצור תמרוקים ב,IL,מסיכה לשיער מתולתלות 500מל,מיליליטרים,500.00,"100 מ""ל",false,12,24.90,4.9800,true,1,33816
7290112193308,false,"סטייל - מתולתלות גלייז מעצב ומאיץ ברק לשיער 400 מ""ל",א.ל. ארמן,IL,גלייז לשיער מתולתלות 400מל,מיליליטרים,400.00,"100 מ""ל",false,12,24.90,6.2250,true,1,33815
7290112193643,false,קמח דוחן ללא גלוטן 5,,RS,קמח דוחן ללא גלוטן 500 גר,גרמים,500.00,100 גרם,false,12,10.90,2.1800,true,1,37478
7290112193650,false,פירורי ביסקוויט ללא,,RS,פירורי ביסקוויט ללא גלוטן 300 גר,גרמים,300.00,100 גרם,false,12,9.90,3.3000,true,1,37481
7290112193667,false,קמח כוסמת ללא גלוטן,,RS,קמח כוסמת ללא גלוטן 500 גר,גרמים,500.00,100 גרם,false,12,10.90,2.1800,true,1,37482
7290112193889,false,"סטייל - אל סבון ארומטי שחור 500 מ""ל",רנקסאן פלסטיק יאנגר סאן,TR,אל סבון סטייל תה שחור 500מל,מיליליטרים,500.00,"100 מ""ל",false,1,8.90,1.7800,true,1,38359
7290112193896,false,"סטייל - אל סבון ארומטי זהב 500 מ""ל",רנקסאן פלסטיק יאנגר סאן,TR,אל סבון סטייל תה צהוב 500מל,מיליליטרים,500.00,"100 מ""ל",false,1,8.90,1.7800,true,1,38360
7290112197085,false,"סטייל - סבון מעוצב פריז 500 מ""ל",רנקסאן פלסטיק יאנגר,TR,אל סבון סטייל מעוצב פריז 500מל,מיליליטרים,500.00,"100 מ""ל",false,18,10.90,2.1800,true,1,50875
7290112197092,false,"סטייל - סבון מעוצב ניו יורק 500 מ""ל",רנקסאן פלסטיק יאנגר,TR,אל סבון סטייל מעוצב ניו יורק 500מל,מיליליטרים,500.00,"100 מ""ל",false,18,10.90,2.1800,true,1,50876
7290112197122,false,"סטייל - סבון ידיים ירוק 500 מ""ל חדש",רנקסאן פלסטיק יאנגר,TR,סבון ידיים סטייל אדום 500מל,מיליליטרים,500.00,"100 מ""ל",false,1,7.90,1.5800,true,1,47422
7290112197177,false,דגני בוקר במילוי קרם בטעם נוגט ללא גלוטן 375 ג' G FREE,נטורל קייקס,IL,דגני בוקר במילוי קרם נוגט גפרי ללג 375גר,גרמים,375.00,100 גרם,false,10,19.90,5.3067,true,1,48608
7290112197184,false,דגני בוקר במילוי קרם קרמל מלוח ללא גלוטן 375 ג' G FREE,נטורל קייקס,IL,דגני בוקר במילוי קרם קרמל גפרי ללג 375גר,גרמים,375.00,100 גרם,false,10,19.90,5.3067,true,1,48609
7290112197191,false,דגני בוקר כהים במילוי קרם וניל ללא גלוטן 375 ג' G FREE,נטורל קייקס,IL,דגני בוקר כהים קרם וניל גפרי ללג 375גר,גרמים,375.00,100 גרם,false,10,19.90,5.3067,true,1,48610
7290112330352,true,דנונה פרו וניל עשיר,,,דנונה פרו וניל עשיר,Each,0.00,Each,false,,6.10,0.0000,true,1,28364
7290112330390,true,דנונה פרו פירות יער,,,דנונה פרו פירות יער,Each,0.00,Each,false,,6.10,0.0000,true,1,28365
7290112330420,true,דנונה פרו טבעי 150גר,,,דנונה פרו טבעי 150גר,Each,0.00,Each,false,,4.90,0.0000,true,1,26900
7290112330970,false,שייק חלבון+פירות יער350מ,מחלבת יטבתה,IL,שייק חלבון מי גבינה 350מל פירות יער,מיליליטרים,350.00,"100 מ""ל",false,6,7.50,2.1429,true,1,26885
7290112330987,true,שייק חלבון מי גבינה,,,שייק חלבון מי גבינה,Each,0.00,Each,false,,7.50,0.0000,true,1,26884
7290112330994,false,שייק חלבון פרו אפרסק350מ,מחלבת יטבתה,IL,שייק חלבון מי גבינה 350מל אפרסק,מיליליטרים,350.00,"100 מ""ל",false,6,7.50,2.1429,true,1,33950
7290112332691,true,עוגיות קרם פסק זמן 2,,,עוגיות קרם פסק זמן 2,Each,0.00,Each,false,,10.90,0.0000,true,1,29147
7290112332875,true,מסטיק מאסט קוביות מנ,,,מסטיק מאסט קוביות מנ,Each,0.00,Each,false,,14.90,0.0000,true,1,28351
7290112334305,true,סלט כרובית בטחינה 33,,,סלט כרובית בטחינה 33,Each,0.00,Each,false,,16.90,0.0000,true,1,26516
7290112334749,false,קפה טורקי בצלופן עלית 200 גרם+ 10% תוספת,שטראוס קפה בי.וי,IL,קפה טורקי עלית200+10%גרם,גרמים,200.00,100 גרם,false,1,16.90,8.4500,true,1,29418
7290112335050,false,מרשמלו וניל 150 גרם ווסטהים,טופגאם תעשיות ממתקים,IL,מרשמלו וניל 150 גרם,גרמים,150.00,100 גרם,false,1,6.90,4.6000,true,1,27780
7290112335111,true,מסטיק מאסט קוביות בז,,,מסטיק מאסט קוביות בז,Each,0.00,Each,false,,14.90,0.0000,true,1,28350
7290112335487,true,פריכיות אנרגי קצח וד,,,פריכיות אנרגי קצח וד,Each,0.00,Each,false,,11.90,0.0000,true,1,28349
7290112335494,true,פריכיות אנרגי פוטטוס,,,פריכיות אנרגי פוטטוס,Each,0.00,Each,false,,11.90,0.0000,true,1,28348
7290112335500,true,פריכיות אנרגי מועשר,,,פריכיות אנרגי מועשר,Each,0.00,Each,false,,11.90,0.0000,true,1,28347
7290112336644,true,סוכ.מאסט לימון ללס80,,,סוכ.מאסט לימון ללס80,Each,0.00,Each,false,,8.90,0.0000,true,1,30298
7290112336651,true,סוכ.מאסט ריבת חלב לל,,,סוכ.מאסט ריבת חלב לל,Each,0.00,Each,false,,8.90,0.0000,true,1,30301
7290112336712,true,דנונה פרו 21גר חלבון,,,דנונה פרו 21גר חלבון,Each,0.00,Each,false,,6.10,0.0000,true,1,27533
7290112338877,true,גבינת סקי תות 125גרם,,,גבינת סקי תות 125גרם,Each,0.00,Each,false,,4.10,0.0000,true,1,26514
7290112338884,true,גבינת סקי אפרסק 125,,,גבינת סקי אפרסק 125,Each,0.00,Each,false,,4.10,0.0000,true,1,26512
7290112339171,false,מילקי מוס עם שוקולד וקצפת,מיוצר עי קונדיטוריית,IL,מילקי מוס שוקולד וקצפת 81גרם,גרמים,81.00,100 גרם,false,1,3.50,4.3210,true,1,26519
7290112339294,true,דנונה אקטיביה ציה אפ,,,דנונה אקטיביה ציה אפ,Each,0.00,Each,false,,4.70,0.0000,true,1,30200
7290112339362,true,יוגורט דנונה לייט אנ,,,יוגורט דנונה לייט אנ,Each,0.00,Each,false,,4.90,0.0000,true,1,30854
7290112339867,true,מעדן גמדים סקוויז,,,מעדן גמדים סקוויז,Each,0.00,Each,false,,5.90,0.0000,true,1,26897
7290112339874,true,מעדן גמדים סקוויז,,,מעדן גמדים סקוויז,Each,0.00,Each,false,,5.90,0.0000,true,1,26898
7290112339911,true,דניאלה פטל 88 גרם,,,דניאלה פטל 88 גרם,Each,0.00,Each,false,,4.50,0.0000,true,1,28521
7290112340122,true,פריכיות אנרגי 3 דגני,,,פריכיות אנרגי 3 דגני,Each,0.00,Each,false,,11.90,0.0000,true,1,28346
7290112340276,true,עוגיות קרם קפה נמס 2,,,עוגיות קרם קפה נמס 2,Each,0.00,Each,false,,10.90,0.0000,true,1,29148
7290112341006,true,מארז מילקי קצפת עם 2,,,מארז מילקי קצפת עם 2,Each,0.00,Each,false,,8.90,0.0000,true,1,28116
7290112341556,true,דנונה אקטיביה ציה תו,,,דנונה אקטיביה ציה תו,Each,0.00,Each,false,,4.70,0.0000,true,1,30199
7290112341679,true,יוגורט דנונה אקטיביה,,,יוגורט דנונה אקטיביה,Each,0.00,Each,false,,3.90,0.0000,true,1,30198
7290112341686,true,מארז יוגורט אקטיביה,,,מארז יוגורט אקטיביה,Each,0.00,Each,false,,19.90,0.0000,true,1,30201
7290112342102,true,גב.סימפוניה בצל מקור,,,גב.סימפוניה בצל מקור,Each,0.00,Each,false,,11.90,0.0000,true,1,32212
7290112342195,true,חטיף תפוציפס מקלות ט,,,חטיף תפוציפס מקלות ט,Each,0.00,Each,false,,11.00,0.0000,true,1,31503
7290112342270,true,קפה נמס פלטיניום אינ,,,קפה נמס פלטיניום אינ,Each,0.00,Each,false,,19.90,0.0000,true,1,29467
7290112342508,false,דוריטוס צ'יזי טוויסט 70 גרם,"שטראוס פריטו ליי בע""\מ",IL,חטיף דוריטוס ציז סוויט 70 ג,גרמים,70.00,100 גרם,false,1,4.00,5.7143,true,1,31122
7290112342553,false,"משקה חלב בלונדי 350 מ""ל",מחלבת יטבתה,IL,משקה חלב בלונדי 350מל בק יטבתה,מיליליטרים,350.00,"100 מ""ל",false,1,6.60,1.8857,true,1,29325
7290112342621,false,"משקה שוקו בקבוק 350 מ""ל",מחלבת יטבתה,IL,משקה חלב שוקו יוטבתה בקבוק 350 מל,מיליליטרים,350.00,"100 מ""ל",false,6,6.60,1.8857,true,1,30189
7290112343260,true,רוטב שמנת קלאסי יטבת,,,רוטב שמנת קלאסי יטבת,Each,0.00,Each,false,,11.90,0.0000,true,1,31114
7290112343420,true,משקה פרו ארוחת בוקר,,,משקה פרו ארוחת בוקר,Each,0.00,Each,false,,7.50,0.0000,true,1,31111
7290112343499,false,חטיף צ'יטוס פאפס אפוי בטעם גבינה,"שטראוס פריטו ליי בע""\מ )",IL,חטיף ציטוס פופס גבינה 55 גרם,Unknown,0.00,Unknown,false,1,3.60,0.0000,true,1,41074
7290112343512,false,צ'יטוס puffs בטעם גבינה 180 גרם,"שטראוס פריטו ליי בע""\מ )",IL,חטיף ציטוס פופס גבינה 160 גרם,גרמים,160.00,100 גרם,false,9,8.90,5.5625,true,1,41076
7290112344724,false,מעדן בטעם שוקולד בלונדי 170 ג' מילקי,מיוצר עי קונדיטוריית,IL,מילקי בטעם ש. בלונדי 170 גרם,גרמים,170.00,100 גרם,false,24,3.50,2.0588,true,1,31101
7290112344731,false,מילקי אקסטרה שוקולד,"שטראוס גרופ בע""מ",IL,מילקי אקסטרא שוקולד עם קצפת 133גרם,גרמים,133.00,100 גרם,false,24,4.00,3.0075,true,1,46464
7290112344748,false,מילקי EXקצפת קפוצינו133ג,מיוצר עי קונדיטוריית,IL,מילקי אקסטרא שוקולד עם קצפת קפוצינו 133ג,גרמים,133.00,100 גרם,false,24,4.00,3.0075,true,1,46463
7290112344755,false,מילקי שוקולד 26% פחות סוכר 135 גרם,מיוצר עי קונדיטוריית,IL,מעדן מילקי מופחת סוכר 135גר,גרמים,135.00,100 גרם,false,1,2.90,2.1481,true,1,37291
7290112344960,false,סימפוניה חלפניו 5% 200 ג,מיוצר עי קונדיטוריית,IL,גבינת סימפוניה 200גרם פלפל חלפיניו,גרמים,200.00,100 גרם,false,1,11.90,5.9500,true,1,46853
7290112345622,false,"חט.אנרגי אגוז ללת""ס24*6ג","שטראוס גרופ בע""\מ",IL,ח.אנרגי ללס אגוזים שוקולד 6 יח 144 גר,גרמים,144.00,100 גרם,false,1,13.90,9.6528,true,1,30295
7290112346360,false,בפלות אחת אחת ופל בטעם שוקולד מצופה שוקולד,הגביע מוצרי וופלים ב,GR,בפלות אחת אחת מצופות 240 גרם,גרמים,240.00,100 גרם,false,1,13.90,5.7917,true,1,46481
7290112346537,true,עוגיות קרם טורטית 20,,,עוגיות קרם טורטית 20,Each,0.00,Each,false,,10.90,0.0000,true,1,31160
7290112346629,false,דנונה בר יוגורט+קורנפלקס מצופה שוקולד חלב ולבן 172 גרם,"שטראוס בריאות בע""\מ",IL,יוגורט דנונה בר קורנפלקס מצופה שוקולד172,גרמים,172.00,100 גרם,false,1,4.70,2.7326,true,1,33951
7290112346797,true,דנונה אקטיביה שבולת,,,דנונה אקטיביה שבולת,Each,0.00,Each,false,,4.70,0.0000,true,1,32946
7290112347008,true,מעדן גמדים סקוויז,,,מעדן גמדים סקוויז,Each,0.00,Each,false,,5.90,0.0000,true,1,31107
7290112347237,false,סקי בטעם לימון 125 גרם,"שטראוס בריאות בע""\מ",IL,גבינת סקי טעם לימון 125 גרם,גרמים,125.00,100 גרם,false,1,4.10,3.2800,true,1,49421
7290112347602,true,נשנושי חטיף טורטית 1,,,נשנושי חטיף טורטית 1,Each,0.00,Each,false,,11.90,0.0000,true,1,33200
7290112348142,true,שעועית לבנה טעם הטבע,,,שעועית לבנה טעם הטבע,Each,0.00,Each,false,,6.90,0.0000,true,1,34049
7290112348548,false,שוקולד פרה לבן מעולה,"תופינית בע""\מ",IL,שוקולד פרה לבן 100 גרם מגדים,גרמים,100.00,100 גרם,false,1,5.90,5.9000,true,1,31756
7290112348609,false,קפה נמס מאפה קינמון,,,קפה נמס מאפה קימון 100 גרם,גרמים,100.00,100 גרם,false,1,15.90,15.9000,true,1,36638
7290112349279,true,נשנושי חטיף פסק זמן,,,נשנושי חטיף פסק זמן,Each,0.00,Each,false,,11.90,0.0000,true,1,33202
7290112349590,false,מעדן גבינה דניאלה אנ,מיוצר עי קונדיטוריית,IL,דניאלה אננס 88 גרם,Unknown,0.00,Unknown,false,24,4.50,0.0000,true,1,45170
7290112349606,false,מעדן גבינה ויוגורט תות בננה 88 ג' דניאלה,"שטראוס בריאות בע""\מ",IL,דניאלה תות בננה 88גרם,Unknown,0.00,Unknown,false,1,4.50,0.0000,true,1,46877
7290112349644,false,דניאלה טעם פירות יער88ג,"שטראוס בריאות בע""\מ",IL,מעדן דניאלה פירות יער 88 גרם,Unknown,0.00,Unknown,false,1,4.50,0.0000,true,1,48638
7290112349675,true,מעדן גמדים סקוויז,,,מעדן גמדים סקוויז,Each,0.00,Each,false,,5.90,0.0000,true,1,31106
7290112349705,true,רוטב פסטה פומודורו י,,,רוטב פסטה פומודורו י,Each,0.00,Each,false,,11.90,0.0000,true,1,32382
7290112349743,true,רוטב פסטה ארביאטה יד,,,רוטב פסטה ארביאטה יד,Each,0.00,Each,false,,11.90,0.0000,true,1,32380
7290112349897,true,מסטיק מאסט קוביות מנ,,,מסטיק מאסט קוביות מנ,Each,0.00,Each,false,,14.90,0.0000,true,1,32931
7290112350015,false,משקה חלבון מי גבינה,מחלבת יטבתה,IL,משקה חלבון מי גבינה ט.לימונדה 350מל,מיליליטרים,350.00,"100 מ""ל",false,6,7.50,2.1429,true,1,45493
7290112350275,true,קפסולות אספרסו לונגו,,,קפסולות אספרסו לונגו,Each,0.00,Each,false,,17.00,0.0000,true,1,32282
7290112350312,false,קפסולות 15 קפה יותר למכונות נספרסו עלית 10יח',הנסיך- מפעל לייצור ט,IL,קפסולות אספרסו 15 עוצמתי ביותר 10 יח,יחידה,10.00,יחידה,false,1,17.00,1.7000,true,1,35474
7290112350589,false,ציקו אבקה להכנת משקה ציקוריה 65 גר,שטראוס קפה בי.וי,IL,קפה ציקו אבקה 65 גר,Unknown,0.00,Unknown,false,1,12.90,0.0000,true,1,34964
7290112351104,false,שוקולד פרה ממולא פיצפוצי אורז 100 ג' עלית,"שטראוס גרופ בע""\מ",IL,שוקולד פרה פיצפוצי אורז 100 גר,גרמים,100.00,100 גרם,false,1,5.90,5.9000,true,1,33525
7290112351128,false,שוקולד פרה סוכריות קופצות וועסטהייים,"שטראוס גרופ בע""\מ",IL,שוקולד פרה סוכריו קופצות 100 גר,גרמים,100.00,100 גרם,false,1,5.90,5.9000,true,1,34940
7290112351197,false,שוקולד פרה מיקס עוגיות ושקדים,"שטראוס גרופ בע""\מ",IL,שוקולד פרה מיקס עוגיות ושקדים 95 גר,Unknown,0.00,Unknown,false,1,5.90,0.0000,true,1,36187
7290112351210,false,שוקולד פרה מיקס גלילי וופל וקוקוס,"שטראוס גרופ בע""\מ",IL,שוקולד פרה מיקס גלילי וופל וקוקוס 95 גר,Unknown,0.00,Unknown,false,1,5.90,0.0000,true,1,36185
7290112351258,false,עוגיית קקאו פינוקיות שחור לבן 200 גר,"הגביע מוצרי ופלים בע""\מ",IL,עוגיות פינוקיות שחור לבן 200 גרם,גרמים,200.00,100 גרם,false,1,10.90,5.4500,true,1,35471
7290112351463,false,שלישיית סוכריות מאסט FRESH פטל לימון 45 ג' עלית,"הליקון גידה בע""\מ",TR,מארז 3 יח סוכ.מאסט פרש פטל לימון 45 גר,גרמים,135.00,100 גרם,false,1,8.90,6.5926,true,1,34579
7290112351470,false,סוכריות ללא סוכר בטעם תות רימון מאסט פרש,"הליקון גידה בע""\מ",TR,מארז 3 יח סוכ.מאסט פרש רימון תות 45 גר,גרמים,135.00,100 גרם,false,1,8.90,6.5926,true,1,34580
7290112351524,false,עלי סלנובה 200 גר' שטראוס טעם הטבע,שטראוס בריאות ירקות טריי,IL,עלי סלנובה טעם הטבע 200 גרם,גרמים,200.00,100 גרם,false,1,9.90,4.9500,true,1,35012
7290112351807,false,שוקולד פרה בלונדי חל,Unknown,,שוקולד פרה בלונדי חלק 100 גרם,גרמים,100.00,100 גרם,false,1,7.90,7.9000,true,1,39143
7290112353214,false,שלישיית פסק זמן גלילית,"שטראוס גרופ בע""\מ",IL,מאגדת 3 יח פסק זמן גליליות 120 גר,גרמים,120.00,100 גרם,false,1,14.00,11.6667,true,1,36193
7290112353221,false,שלישיית פסק זמן סדרת הפט,"שטראוס גרופ בע""\מ",IL,מאגדת 3 יח פסק זמן פטיסרי קרם אגוז105 גר,גרמים,105.00,100 גרם,false,1,14.00,13.3333,true,1,36191
7290112353238,false,מאגדת שלישיית פסק זמן 4P,"שטראוס גרופ בע""\מ",IL,מאגדת 3 יח פסק זמן 4 פלי 120 גר,גרמים,120.00,100 גרם,false,1,14.00,11.6667,true,1,36192
7290112353412,false,"פריכיות תפו""א, אורז, תירס, אפונה ירוקה, סלק, מלח ים","פרח תעשיו מזון בע""מ",IL,פריכיות אנרגי משולש ירקות וקטניות 30 גר,Unknown,0.00,Unknown,false,1,5.50,0.0000,true,1,35472
7290112353887,false,"משקה קפה קר בטעם אגוזים יטבתה 230 מ""ל",האי נאם סי או אל.טי.,AT,משקה קפה קר טעם אגוזים יטבתה 230מל,מיליליטרים,230.00,"100 מ""ל",false,10,7.90,3.4348,true,1,34742
7290112353894,false,משקה קפה קר יטבתה בט,האי נאם סי או אל.טי.,AT,משקה קפה קר בטעם שוקולד יטבתה 230מל,מיליליטרים,230.00,"100 מ""ל",false,10,7.90,3.4348,true,1,37295
7290112354174,false,"פסטה רוזה 280 ג""ר ""דלישס"" שטראוס",גסטרונומיה פרוסט אס. אר.,IT,ארוחת פסטה רוזה דלישס 280גר,גרמים,280.00,100 גרם,false,1,21.90,7.8214,true,1,45476
7290112354198,false,ארוחת ספגטי עגבניות,,IL,ארוחת ספגטי עגבניות דלישס 600גר,גרמים,600.00,100 גרם,false,6,39.90,6.6500,true,1,45483
7290112354204,false,"ספגטי עגבניות 280 גר' ""דלישס"" שטראוס",גסטרונומיה פרוסט אס. אר.,IT,ארוחת ספגטי עגבניות דלישס 280גר,גרמים,280.00,100 גרם,false,1,21.90,7.8214,true,1,45477
7290112354235,false,ברקטה פיצה - 2 יחידות במארז,סקרלינפיצה אס. אר. אל. א,IT,ברקטה פיצה 300גר דלישס,גרמים,300.00,100 גרם,false,10,25.90,8.6333,true,1,45485
7290112354242,false,"קונוס פיצה ""דלישס"" שטראוס",סקרלינפיצה אס. אר. אל. א,IL,קונוס פיצה 280גר דלישס,גרמים,280.00,100 גרם,false,6,25.90,9.2500,true,1,45532
7290112354747,false,דנונה בר בננ+קורנפלקס172,"שטראוס בריאות בע""\מ",IL,דנונה בר בננה עם קורנפלקס 172 גר,גרמים,150.00,100 גרם,false,12,4.70,3.1333,true,1,35958
7290112354945,false,תפוצ'יפס WAVY בטעם טבעי 50 גרם,שטראוס פריטו ליי בע”,IL,חטיף תפוציפס וואוי טבעי 50 גרם,Unknown,0.00,Unknown,false,1,4.30,0.0000,true,1,50628
7290112354952,false,תפוצ'יפס WAVY בטעם פפריקה 50 גרם,שטראוס פריטו ליי בע”,IL,חטיף תפוציפס וואוי פפריקה 50 גרם,Unknown,0.00,Unknown,false,1,4.30,0.0000,true,1,50629
7290112355027,false,דנונה פרו 20 גרם חלבון בטעם קרמל מלוח 200 גרם,"שטראוס בריאות בע""\מ",IL,דנונה פרו קרמל מלוח בחלבון 20גרם 200 גרם,גרמים,200.00,100 גרם,false,1,6.10,3.0500,true,1,37289
7290112355058,false,דנונה פרו 20 רימון 200 ג,מיוצר עי קונדיטוריית,IL,דנונה פרו טעם רימון 20גרם חלבון 200 גרם,גרמים,200.00,100 גרם,false,1,6.10,3.0500,true,1,40759
7290112355102,false,גמדים סקוויז 100 גרם פאוץ סלט פירות 100 גרם,"שטראוס בריאות בע""\מ",IL,מעדן גמדים סקוויז סלט פירות 100גר בודד,גרמים,100.00,100 גרם,false,7,5.90,5.9000,true,1,37847
7290112355256,false,רוטב שמנת 4גבינות9% 262ג,מחלבת יטבתה,IL,רוטב שמנת 4 גבינות יטבתה 9% 260גר,גרמים,260.00,100 גרם,false,1,11.90,4.5769,true,1,45492
7290112355317,false,רביולי במילוי רוטב פיצה,"שטראוס גרופ בע""\מ",IL,רביולי רוטב פיצה 400 גרם,גרמים,400.00,100 גרם,false,1,19.90,4.9750,true,1,39872
7290112355393,false,"יטבתה רוטב שמנת+בטטה 9% שומן 250 מ""ל",שטראוס גרופ,IL,רוטב שמנת בטטה 257גרם יטבתה,גרמים,257.00,100 גרם,false,18,11.90,4.6304,true,1,50855
7290112355461,false,חומוס בסגנון ירושלמי,"שטראוס גרופ בע""\מ",IL,סלט חומוס ירושלמי 400 גר אחלה,גרמים,400.00,100 גרם,false,1,10.90,2.7250,true,1,39234
7290112355744,false,מעדן גבינה סקי קוקוס,STRAUSS-ISRAEL,,גבינת סקי טעם קוקוס 125גרם,גרמים,125.00,100 גרם,false,1,4.10,3.2800,true,1,46462
7290112355812,false,מילקי טופ קורנפלקס 141 ג' שטראוס,"שטראוס גרופ בע""\מ",IL,מילקי טופ קורנפלקס 141 גרם,גרמים,141.00,100 גרם,false,1,4.90,3.4752,true,1,48839
7290112355829,false,מעדן מילקי טופ קרם ו,STRAUSS-ISRAEL,IL,מילקי טופ קרם וניל עוגיות 157גר,גרמים,157.00,100 גרם,false,20,4.90,3.1210,true,1,46884
7290112355843,false,מעדן מילקי טופ בלונד,מיוצר עי קונדיטוריית,IL,מילקי טופ בלונדי 143גר,גרמים,143.00,100 גרם,false,20,4.90,3.4266,true,1,45169
7290112355850,false,מעדן מילקי טופ מקופל,מיוצר עי קונדיטוריית,IL,מילקי טופ מקופלת 143גר,גרמים,143.00,100 גרם,false,20,4.90,3.4266,true,1,45168
7290112355881,false,דנונה לייט אנד פריי תות עם חלבון 150 גר',"שטראוס בריאות בע""\מ",IL,יוגורט דנונה לייט אנד פריי תות וחלבון,גרמים,150.00,100 גרם,false,24,4.90,3.2667,true,1,37843
7290112356536,false,אבקת קקאו 150 גר 10% תוספת עלית,הנסיך- מפעל לייצור ט,IL,אבקת קקאו 150 גר+10% תוספת,גרמים,165.00,100 גרם,false,1,10.90,6.6061,true,1,34951
7290112357045,false,עגבניות איטלקיות מרוסקות 390 גר' בקופסה טעם הטבע,שטראוס טעם הטבע,IT,עגבניות איטלקיות מרוסקות טעם הטבע 390 גר,גרמים,390.00,100 גרם,false,24,6.90,1.7692,true,1,34418
7290112357069,true,מחית עגבניות טעם הטב,,,מחית עגבניות טעם הטב,Each,0.00,Each,false,,7.50,0.0000,true,1,34419
7290112357083,true,אפונה גינה טעם הטבע,,,אפונה גינה טעם הטבע,Each,0.00,Each,false,,6.90,0.0000,true,1,34051
7290112357106,true,שעועית אדומה טעם הטב,,,שעועית אדומה טעם הטב,Each,0.00,Each,false,,6.90,0.0000,true,1,34050
7290112357113,true,גרגירי חומוס טעם הטב,,,גרגירי חומוס טעם הטב,Each,0.00,Each,false,,6.90,0.0000,true,1,34048
7290112357618,true,מסטיק מאסט קוביות פי,,,מסטיק מאסט קוביות פי,Each,0.00,Each,false,,10.00,0.0000,true,1,32280
7290112357892,false,שלישיית סוכריות מאסט FRESH מנטה 45 גרם,"הליקון גידה בע""\מ",TR,מארז 3 יח ססוכ.מאסט פרש מנטה 45 גר,גרמים,135.00,100 גרם,false,1,8.90,6.5926,true,1,34578
7290112358127,false,דנונה פרו חלבון+מגנזיום- וניל ועוגיות 200 גרם,מיוצר עי קונדיטוריית,IL,דנונה פרו עם מגנזיום 20גר חלבון 200גר,גרמים,200.00,100 גרם,false,12,6.50,3.2500,true,1,36833
7290112358219,false,רוטב צ'ילי מתוק יד מרדכי 300 גרם,אף.סי תבליני בגליל ב,IL,רוטב צילי מתוק יד מרדכי 300 גרם,גרמים,310.00,100 גרם,false,1,13.90,4.4839,true,1,34949
7290112358233,false,רוטב צ'ילי חריף יד מרדכי 300 גרם,"בית אל מזון בע""מ",IL,רוטב צילי חריף יד מרדכי 320 גרם,גרמים,320.00,100 גרם,false,1,13.90,4.3438,true,1,35473
7290112358240,true,רוטב גריל יד מרדכי 3,,,רוטב גריל יד מרדכי 3,Each,0.00,Each,false,,14.90,0.0000,true,1,34046
7290112358257,true,רוטב לעוף עם שזיפים,,,רוטב לעוף עם שזיפים,Each,0.00,Each,false,,14.90,0.0000,true,1,34045
7290112358431,false,עד חצות דאבל ביסקוויט עם שוקולד חלב -8 אריזות אישיות,ביסקוויטס טור ד'\אלבון,FR,ביסקויט עד חצות דאבל 200 גרם,גרמים,200.00,100 גרם,false,1,13.90,6.9500,true,1,39146
7290112358554,false,מארז קפה נמס מנות אישיות לדרך 50.4 גר,שטראוס רומניה,RO,מארז 28 יח קפה נמס לדרך 50 גרם,Unknown,0.00,Unknown,false,1,11.90,0.0000,true,1,35475
7290112358578,false,חטיף דוריטוס אקסטרים,הנסיך- מפעל לייצור ט,IL,חטיף דוריטוס ספייסי נאצוס 100 גרם,גרמים,100.00,100 גרם,false,1,5.50,5.5000,true,1,36010
7290112358981,false,מאגדת חטיפי שומשום קרמל מלוח 100 גרם,שטראוס גרופ,GR,חטיף שומשום קרמל מלוח 8 יח 100 גרם,יחידה,8.00,יחידה,false,1,13.90,1.7375,true,1,45099
7290112358998,false,מאגדת חטיף שומשום שחור לבן וקצח 100ג,שטראוס גרופ,GR,חטיף שומשום שחור לבן וקצח 8 יח 100 גרם,יחידה,8.00,יחידה,false,1,13.90,1.7375,true,1,45097
7290112359001,false,מאגדת חטיפי שומשום עם קקאו וקינמון 100 גרם,שטראוס גרופ,GR,חטיף שומשום עם קקאו וקינמון 8 יח 100 גרם,יחידה,8.00,יחידה,false,1,13.90,1.7375,true,1,45098
7290112483430,false,כפות חד פעמי 50יחידו,פאלאס,TR,כפות חד פעמי 50יחידות צבעוני לפיד,יחידה,50.00,יחידה,false,1,9.90,0.1980,true,1,49335
7290112483447,false,כפיות שקופות לפיד 50,פאלאס,TR,כפיות חד פעמי 50יחידות צבעוני לפיד,יחידה,50.00,יחידה,false,1,9.90,0.1980,true,1,49334
7290112483454,false,50 מזלגות שקופות לפיד,פאלאס,TR,מזלגות חד פעמי 50יחידות צבעוני לפיד,יחידה,50.00,יחידה,false,1,9.90,0.1980,true,1,49333
7290112483461,false,50 סכינים שקופים לפיד,פאלאס,TR,סכינים חד פעמי 50יחידות צבעוני לפיד,יחידה,50.00,יחידה,false,1,9.90,0.1980,true,1,49336
7290112490032,true,זוג מרק נמס בכוס תיר,,,זוג מרק נמס בכוס תיר,Each,0.00,Each,false,,6.90,0.0000,true,1,24127
7290112490117,true,שוקולד קליק וופל ואג,,,שוקולד קליק וופל ואג,Each,0.00,Each,false,,5.90,0.0000,true,1,29092
7290112490209,true,זוג מרק נמס עגבניות,,,זוג מרק נמס עגבניות,Each,0.00,Each,false,,6.90,0.0000,true,1,23693
7290112490230,true,זוג מרק נמס אפונה ר.,,,זוג מרק נמס אפונה ר.,Each,0.00,Each,false,,6.90,0.0000,true,1,23695
7290112490599,false,חרדל צרפתי עם גרגירים שלמים הלמנס 350 גר,יוניליוור מזון,FR,חרדל הלמנס דיזון גרגירים צרפתי 350 גרם,גרמים,350.00,100 גרם,false,1,12.90,3.6857,true,1,24058
7290112490650,true,קונפיטורה 778 תות שד,,,קונפיטורה 778 תות שד,Each,0.00,Each,false,,13.90,0.0000,true,1,23697
7290112490667,true,קונפיטורה 778 משמש 3,,,קונפיטורה 778 משמש 3,Each,0.00,Each,false,,13.90,0.0000,true,1,23699
7290112490698,true,קונפיטורה 778 תות לי,,,קונפיטורה 778 תות לי,Each,0.00,Each,false,,13.90,0.0000,true,1,23696
7290112490735,true,מרק קנור עשיר עגבניו,,,מרק קנור עשיר עגבניו,Each,0.00,Each,false,,11.90,0.0000,true,1,25880
7290112490759,true,מרק קנור עשיר עוף עם,,,מרק קנור עשיר עוף עם,Each,0.00,Each,false,,11.90,0.0000,true,1,25878
7290112490827,false,תרסיס ריחני למייבש הכביסה בדין בייבי 500,"זוהר דליה, קיבוץ דליה, 1",IL,תרסיס למייבש בדין בייבי 500 מל,מיליליטרים,500.00,"100 מ""ל",false,1,16.90,3.3800,true,1,24337
7290112491527,true,רוטב קנור טריאקי שומ,,,רוטב קנור טריאקי שומ,Each,0.00,Each,false,,12.90,0.0000,true,1,28888
7290112491534,false,שוקולד מריר מארז שלי,יוניליוור ישראל מזון,IL,מארז 3 יח שוקולד מריר ורד הגליל 100 גרם,גרמים,300.00,100 גרם,false,1,13.90,4.6333,true,1,38445
7290112491701,true,דגני ברנפלקס אקסטרא,,,דגני ברנפלקס אקסטרא,Each,0.00,Each,false,,21.90,0.0000,true,1,27512
7290112491787,true,בייגלה דקים שומשום 3,,,בייגלה דקים שומשום 3,Each,0.00,Each,false,,10.90,0.0000,true,1,26119
7290112491794,true,בייגלה דקים שמנת בצל,,,בייגלה דקים שמנת בצל,Each,0.00,Each,false,,10.90,0.0000,true,1,26503
7290112492289,true,מטרייה שקופה,,,מטרייה שקופה,Each,0.00,Each,false,,10.00,0.0000,true,1,26618
7290112492449,true,שמפו פינוק לשיער רגי,,,שמפו פינוק לשיער רגי,Each,0.00,Each,false,,11.90,0.0000,true,1,32737
7290112492456,true,שמפו פינוק לשיער יבש,,,שמפו פינוק לשיער יבש,Each,0.00,Each,false,,11.90,0.0000,true,1,32738
7290112492463,true,שמפו פינוק 2 ב 1 לשי,,,שמפו פינוק 2 ב 1 לשי,Each,0.00,Each,false,,11.90,0.0000,true,1,32739
7290112492470,false,"שמפו ומרכך 2 ב-1 לשיער יבש פינוק 700 מ""ל.",יוניליוור פארם,IL,שמפו ומרכך פינוק 2ב1 שיער יבש 700 מל,מיליליטרים,700.00,"100 מ""ל",false,1,11.90,1.7000,true,1,37626
7290112492500,true,שמפו פינוק שמן קוקוס,,,שמפו פינוק שמן קוקוס,Each,0.00,Each,false,,11.90,0.0000,true,1,32741
7290112492531,true,מרכך פינוק לשיער רגי,,,מרכך פינוק לשיער רגי,Each,0.00,Each,false,,11.90,0.0000,true,1,33327
7290112492548,true,מרכך פינוק לשיער יבש,,,מרכך פינוק לשיער יבש,Each,0.00,Each,false,,11.90,0.0000,true,1,33875
7290112492593,true,תחליב רחצה פינוק ניח,,,תחליב רחצה פינוק ניח,Each,0.00,Each,false,,11.90,0.0000,true,1,33676
7290112492609,true,תחליב רחצה פינוק לבנ,,,תחליב רחצה פינוק לבנ,Each,0.00,Each,false,,11.90,0.0000,true,1,32724
7290112492715,false,"פינוק שמפו ללא דמעות לסירוק קל לילדים 700 מ""ל",יוניליוור ישראל טיפוח אי,IL,שמפו פינוק סירוק קל ללא דמעות 700מל,מיליליטרים,700.00,"100 מ""ל",false,1,14.90,2.1286,true,1,33861
7290112492722,false,"2ב-1 שמפו ומרכך פינוק אל דמע לסירוק קל לילדים 700 מ""ל",יוניליוור ישראל טיפוח אי,IL,שמפו ומרכך פינוק סירוק קל 700מל,מיליליטרים,700.00,"100 מ""ל",false,1,14.90,2.1286,true,1,33864
7290112492746,false,"פינוק מרכך ללא דמעות לסירוק קל לילדים 700 מ""ל",יוניליוור ישראל טיפוח אי,IL,מרכך פינוק סירוק קל ללא דמעות 700מל,מיליליטרים,700.00,"100 מ""ל",false,1,14.90,2.1286,true,1,33862
7290112492777,true,שמפו ומרכך פינוק 700,,,שמפו ומרכך פינוק 700,Each,0.00,Each,false,,14.90,0.0000,true,1,30683
7290112492838,false,סיף מגבוני מטליות לחות לניקוי כללי בניחוח מרכך כביסה 50 יח',עלבד משואות יצחק בעמ,IL,מגבונים לניקוי כללי סיף 50יח בניחוח מרכך,יחידה,50.00,יחידה,false,1,9.90,0.1980,true,1,27397
7290112492944,false,"קנור אבקת מרק עוף אמיתי 400 גרם כשל""פ",יוניליוור ישראל מזון בע\,IL,מרק קנור עוף אמיתי כשלפ 400 גרם,גרמים,400.00,100 גרם,false,1,24.90,6.2250,true,1,32374
7290112492999,true,מרק קנור טעם עוף 400,,,מרק קנור טעם עוף 400,Each,0.00,Each,false,,14.90,0.0000,true,1,31148
7290112493064,false,רוטב לבישול שזפים קנור 320 גרם,יוניליוור ישראל מזון בע\,IL,רוטב קנור שזיפים לעוף 320 גר בדץ,גרמים,320.00,100 גרם,false,1,12.90,4.0313,true,1,31146
7290112493088,false,נמס בכוס עדשים מרק רכיבים טבעיים קנור 54 ג',אתר חיפה אבקות - Foo,IL,זוג מרק נמס בכוס עדשים,Unknown,0.00,Unknown,false,1,6.90,0.0000,true,1,29441
7290112493095,false,נמס בכוס מרק עגבניות חריף רכיבים טבעיים קנור 48 ג',אתר חיפה אבקות - Foo,IL,זוג מרק נמס בכוס עגבניות חריף,Unknown,0.00,Unknown,false,1,6.90,0.0000,true,1,29442
7290112493293,false,קנור - נמס ירקות וקרוטונים ר.טבעי 44 גרם,יוניליוור ישראל מזון בעמ,IL,זוג מרק נמס בכוס קנור ירקות,Unknown,0.00,Unknown,false,1,6.90,0.0000,true,1,29443
7290112493316,true,מרק קנור היום אפונה,,,מרק קנור היום אפונה,Each,0.00,Each,false,,11.90,0.0000,true,1,29440
7290112493927,true,גלידת קרמיסימו ריבת,,,גלידת קרמיסימו ריבת,Each,0.00,Each,false,,22.90,0.0000,true,1,31525
7290112493934,true,גלידת קרמיסימו וניל,,,גלידת קרמיסימו וניל,Each,0.00,Each,false,,22.90,0.0000,true,1,31524
7290112493965,true,גלידת קרמיסימו מסטיג,,,גלידת קרמיסימו מסטיג,Each,0.00,Each,false,,22.90,0.0000,true,1,31526
7290112494078,false,כריות בטעם בראוניז 686 ג,יוניליוור ישראל מזון בעמ,IL,ד.בוקר כריות בראוניז 750 גר בדץ,גרמים,750.00,100 גרם,false,1,21.90,2.9200,true,1,28570
7290112494153,true,תיבולית ניחוח צלי 72,,,תיבולית ניחוח צלי 72,Each,0.00,Each,false,,10.90,0.0000,true,1,31136
7290112494238,true,חטיף קליק כדורים לבן,,,חטיף קליק כדורים לבן,Each,0.00,Each,false,,6.50,0.0000,true,1,30767
7290112494283,true,חטיף קליק חום לבן 65,,,חטיף קליק חום לבן 65,Each,0.00,Each,false,,6.50,0.0000,true,1,30768
7290112494313,true,חטיף קליק קורנפלקס65,,,חטיף קליק קורנפלקס65,Each,0.00,Each,false,,6.50,0.0000,true,1,30770
7290112494344,true,קורנפלקס אלופים 850,,,קורנפלקס אלופים 850,Each,0.00,Each,false,,19.90,0.0000,true,1,32664
7290112494382,true,תערובת פירה קנור בית,,,תערובת פירה קנור בית,Each,0.00,Each,false,,14.90,0.0000,true,1,31131
7290112494566,true,גל אסלה דומסטוס פרש,,,גל אסלה דומסטוס פרש,Each,0.00,Each,false,,12.90,0.0000,true,1,29359
7290112494603,true,מגבוני אסלה דומסטוס,,,מגבוני אסלה דומסטוס,Each,0.00,Each,false,,8.90,0.0000,true,1,29354
7290112494795,true,גל כביסה בדין 2.5ליט,,,גל כביסה בדין 2.5ליט,Each,0.00,Each,false,,27.90,0.0000,true,1,30679
7290112494801,true,גל כביסה בדין 2.5ליט,,,גל כביסה בדין 2.5ליט,Each,0.00,Each,false,,27.90,0.0000,true,1,30680
7290112494825,false,תרחיץ פנים לעור רגיש מכיל 25% קרם לחות,יוניליוור ישראל טיפוח אי,IL,תרחיץ דאב פנים לעור רגיש 180 מל,מיליליטרים,180.00,"100 מ""ל",false,1,14.90,8.2778,true,1,36023
7290112494832,false,"דאב - תרחיץ פנים לעור רגיל 180 מ""ל",יוניליוור ישראל טיפוח אי,IL,תרחיץ דאב פנים לעור רגיל 180 מל,מיליליטרים,180.00,"100 מ""ל",false,1,14.90,8.2778,true,1,36024
7290112494993,false,דגני בוקר וניל 686ג' כריות,"יוניליוור שפע ישראל בע""\",IL,דגני כריות קרם וניל 686 גרם,גרמים,686.00,100 גרם,false,1,21.90,3.1924,true,1,30756
7290112495037,true,דגני קוקומן כדורים 3,,,דגני קוקומן כדורים 3,Each,0.00,Each,false,,19.90,0.0000,true,1,30757
7290112495044,true,דגני קוקמן פיצפוצים,,,דגני קוקמן פיצפוצים,Each,0.00,Each,false,,19.90,0.0000,true,1,30758
7290112495112,true,נשנושים זעתר 260 גרם,,,נשנושים זעתר 260 גרם,Each,0.00,Each,false,,12.90,0.0000,true,1,30766
7290112495143,true,נשנושי קרקר קוקטייל,,,נשנושי קרקר קוקטייל,Each,0.00,Each,false,,12.90,0.0000,true,1,30762
7290112495150,true,נשנושי קרקר עגול מלו,,,נשנושי קרקר עגול מלו,Each,0.00,Each,false,,12.90,0.0000,true,1,30761
7290112495167,true,נשנושי קרקר משולש שו,,,נשנושי קרקר משולש שו,Each,0.00,Each,false,,12.90,0.0000,true,1,30763
7290112495228,true,קורנפלקס דבש 448 גר,,,קורנפלקס דבש 448 גר,Each,0.00,Each,false,,17.90,0.0000,true,1,30759
7290112495471,true,קורנפלקס תלמה כשלפ 5,,,קורנפלקס תלמה כשלפ 5,Each,0.00,Each,false,,19.90,0.0000,true,1,32376
7290112495556,false,חטיף שוקולד נוגט שוקולד חלב 105 גרם,"טחנת האבן תעשיות בע""\מ,",IL,מאגדת חטיף קליק נוגט 3 יח 105 גרם,גרמים,105.00,100 גרם,false,8,10.00,9.5238,true,1,33263
7290112495662,false,קרקר חיטה מלאה ופשתן בייגל בייגל 300 גרם,"מיוצר ע""י קוד יצרן A",IL,קרקר חיטה מלאה עם פשתן 300 ג,גרמים,300.00,100 גרם,false,1,10.90,3.6333,true,1,31772
7290112495747,true,קנור רוטב צילי מתוק,,,קנור רוטב צילי מתוק,Each,0.00,Each,false,,12.90,0.0000,true,1,31767
7290112495761,true,הלמנס רוטב אלף האיים,,,הלמנס רוטב אלף האיים,Each,0.00,Each,false,,12.90,0.0000,true,1,31777
7290112495785,true,הלמנס רוטב שום לסלט,,,הלמנס רוטב שום לסלט,Each,0.00,Each,false,,12.90,0.0000,true,1,31764
7290112495792,true,הלמנס רוטב שום לייט,,,הלמנס רוטב שום לייט,Each,0.00,Each,false,,12.90,0.0000,true,1,31763
7290112495815,true,הלמנס רוטב חרדל ודבש,,,הלמנס רוטב חרדל ודבש,Each,0.00,Each,false,,12.90,0.0000,true,1,31779
7290112495976,true,פריכיות פתית תירס שו,,,פריכיות פתית תירס שו,Each,0.00,Each,false,,4.90,0.0000,true,1,33477
7290112496218,true,רוטב קנור טריאקי מופ,,,רוטב קנור טריאקי מופ,Each,0.00,Each,false,,12.90,0.0000,true,1,32726
7290112496270,false,"פתית צ'יפס תפו""א בתוספת עגבניות ועשבי תיבול 22 גרם",JLM גלובל פודסn37\ דרך א,GB,פתית ציפס תפוא ועגבניות 22 גרם,Unknown,0.00,Unknown,false,30,4.90,0.0000,true,1,34653
7290112496287,false,פתית - צ'יפס בטטה בטעם טבעי 21 גרם,JLM גלובל פודסn37\ דרך א,GB,פתית ציפס בטטה טבעי 22 גרם,Unknown,0.00,Unknown,false,30,4.90,0.0000,true,1,34654
7290112496294,false,חטיף פתית צ'יפס עם אפונה ירוקה צהובה וצ'ילי,JLM גלובל פודסn37\ דרך א,GB,פתית ציפס אפונה ירוקה וצהובה 22 גרם,Unknown,0.00,Unknown,false,30,4.90,0.0000,true,1,34655
7290112496447,false,נמס בכוס אקסטרה טעם עוף עם המון אטריות 27ג',יוניליוור ישראל מזון בע\,IL,מרק נמס בכוס אקסטרא טעם עוף,Unknown,0.00,Unknown,false,1,4.60,0.0000,true,1,46928
7290112496461,false,נמס בכוס אקסטרה מרק ירקות עם המון אטריות,יוניליוור ישראל מזון בע\,IL,מרק נמס בכוס אקסטרא ירקות,Unknown,0.00,Unknown,false,1,4.60,0.0000,true,1,46927
7290112496584,true,חטיף קליק כריות בלאק,,,חטיף קליק כריות בלאק,Each,0.00,Each,false,,6.50,0.0000,true,1,34423
7290112496676,false,אקס דאודורנט בודי ספריי ריצארג,יוניליוור,GB,דאודורנט אקס ספריי גוף ריצארג 150מל,מיליליטרים,150.00,"100 מ""ל",false,1,19.90,13.2667,true,1,39798
7290112497123,false,סחלב תערובת להכנת מעדן בטעם סחלב 112גרם,יוניליוור ישראל מזון בע\,IL,סחלב אינסטנט קנור 2 יח 112 גרם,גרמים,112.00,100 גרם,false,1,12.90,11.5179,true,1,37202
7290112497499,false,קליק אקסטרא לארג שוקולד לבן עוגיות 85 גרם,אתר צפת טבלאות ותעשי,IL,שוקולד קליק לבן עוגיות 85 ג,Unknown,0.00,Unknown,false,1,5.90,0.0000,true,1,40092
7290112497727,false,פינוק בייבי אל סבון אל דמע לתינוקות 700,יוניליוור ישראלn\טיפוח א,IL,אל סבון פינוק לתינוק 700מל,מיליליטרים,700.00,"100 מ""ל",false,12,16.90,2.4143,true,1,50013
7290112497864,false,אבקת מרק בטעם עוף רכיבים טבעיים 33% פחות נתרן 400 גרם,יוניליוור מזון,IL,מרק עוף קנור ר.ט. מופחת נתרן 400 גר,גרמים,400.00,100 גרם,false,1,21.90,5.4750,true,1,37975
7290112498069,false,#קוקומן ללא גלוטן כשלפ 375ג - חדש,"מולינו ניקולי ,S.p.A ויה",IT,דגני קוקומן ללא גלוטן כשלפ 375 גר,גרמים,375.00,100 גרם,false,1,19.90,5.3067,true,1,38444
7290112498434,false,רוטב גריל אסייתי 370 גרם,יוניליוור ישראל מזון בע\,IL,רוטב קנור גריל אסייתי 370 גרם,מיליליטרים,300.00,"100 מ""ל",false,1,12.90,4.3000,true,1,39128
7290112498441,false,"קנור רוטב אסיאתי למוקפץ 300 מ""ל בד""ץ",יוניליוור ישראל מזון בע\,IL,רוטב קנור אסייתי למוקפץ 370 גרם,מיליליטרים,300.00,"100 מ""ל",false,1,12.90,4.3000,true,1,39127
7290112498533,false,"פתית צ'יפס עם חומוס ,אפונה ושעועית 21 גרם",JLM גלובל פודסn37\ דרך א,GB,פתית ציפס חומוס שעועית אפונה 21 גרם,Unknown,0.00,Unknown,false,30,4.90,0.0000,true,1,40098
7290112498649,false,גלידת פסק זמן בטעם קוקוס,"מיוצר ע""\י גלידת שטראוס",IL,גלידה פיינט פסק זמן קוקוס 520מל,מיליליטרים,520.00,"100 מ""ל",false,6,19.90,3.8269,true,1,35099
7290112498748,false,מיני סולרו וניל תות שדה 350 גרם,"מיוצר ע""\י גלידת שטראוס",IL,מאגדת מיני סולרו תות 5 יח,יחידה,5.00,יחידה,false,1,22.90,4.5800,true,1,37613
7290112498885,false,מאגדת גודי'ז תותים ושוקולד לבן 235 גרם,"גלידת שטראוס בע""\מ, רח'\",IL,מאגדת שלגון גודיס תותים ושוקולד לבן 5יח,יחידה,5.00,יחידה,false,1,24.90,4.9800,true,1,38475
7290112498915,false,מאגדת מיני מגנום שקדים מובחר שטראוס 250 גרם,"מיוצר ע""\י גלידת שטראוס",IL,מאגדת מיני מגנום שקדים מובחרים 250גר,גרמים,250.00,100 גרם,false,8,29.90,11.9600,true,1,39883
7290112498922,false,מאגדת מיני מגנום לבן שטראוס 250 גרם,"מיוצר ע""\י גלידת שטראוס",IL,מאגדת מיני מגנום שוקולד לבן 250גר,גרמים,250.00,100 גרם,false,8,29.90,11.9600,true,1,39884
7290112499059,false,קרמיסימו שוקו לבן ותות,"גלידת שטראוס בע""מ, ר",IL,גל. קרמיסימו שוקולד לבן תות 1.33ליטר,ליטרים,1.33,ליטר,false,1,22.90,17.2180,true,1,46815
7290112499066,false,קרמיסימו שוקו לבן פיסטוק,"גלידת שטראוס בע""מ, ר",IL,גל. קרמיסימו שוקולד לבן פיסטוק 1.33ליטר,ליטרים,1.33,ליטר,false,1,22.90,17.2180,true,1,46814
7290112499189,false,"גלידת קרמיסימו חד קרן וניל תות, 1.33 ליטר","גלידת שטראוס בע""\מ, רחוב",IL,גלידת קרמיסימו חד קרן 1.33 ליטר,ליטרים,1.33,ליטר,false,1,22.90,17.2180,true,1,49297
7290112499196,false,גלידה בטעם החלב של הקורנפלקס 1.33 ל' קרמיסימו,"גלידת שטראוס בע""\מ, רחוב",IL,גלידת קרמיסימו קורנפלקס 1.33 ליטר,ליטרים,1.33,ליטר,false,1,22.90,17.2180,true,1,49298
7290112499219,false,שלגון שמנת מופחת שומן וקלוריות בטעם פיסטוק עם ריפל בטעם שוקולד מריר וציפוי חלקי של שוקולד חלב מעולה,"גלידת שטראוס בע""\מ, רחוב",IL,מאגדת שלגון גודיס פיסטוק ושוקולד 235גר,יחידה,5.00,יחידה,false,1,24.90,4.9800,true,1,48302
7290112499462,false,פינוק תחליב רחצה 700 בתוספת שמן קוקוס,יוניליוור ישראל טיפוח אי,IL,תחליב רחצה פינוק שמן קוקוס 700 מל,מיליליטרים,700.00,"100 מ""ל",false,1,11.90,1.7000,true,1,39805
7290112499776,true,מאגדת שלגון גודיס 5י,,,מאגדת שלגון גודיס 5י,Each,0.00,Each,false,,24.90,0.0000,true,1,32257
7290112499844,true,מאגדת מיני מגנום דוא,,,מאגדת מיני מגנום דוא,Each,0.00,Each,false,,29.90,0.0000,true,1,31531
7290112499943,true,מאגדת מיני מגנום קלא,,,מאגדת מיני מגנום קלא,Each,0.00,Each,false,,29.90,0.0000,true,1,31530
7290112961372,true,חטיפי פריכיות פיטנס,,,חטיפי פריכיות פיטנס,Each,0.00,Each,false,,8.90,0.0000,true,1,26804
7290112961440,true,פריכיות פיטנס בר שוק,,,פריכיות פיטנס בר שוק,Each,0.00,Each,false,,13.90,0.0000,true,1,32962
7290112961464,true,חטיפי פריכיות פיטנס,,,חטיפי פריכיות פיטנס,Each,0.00,Each,false,,8.90,0.0000,true,1,26803
7290112961600,false,חטיף ביסלי מיקס חברי,פרו מן יו פתרונות אר,IL,חטיף ביסלי מיקס חברים 150 גר,גרמים,150.00,100 גרם,false,1,9.10,6.0667,true,1,36871
7290112961808,false,מאגדת קראנץ/וניל עוגיות,גלידות נסטלה )נגה גלידות,IL,מאגדת מיני קראנץ וניל עוגיות 5יח,יחידה,5.00,יחידה,false,1,29.90,5.9800,true,1,26402
7290112962225,true,פסטה אסם חיות 400 גר,,,פסטה אסם חיות 400 גר,Each,0.00,Each,false,,6.50,0.0000,true,1,25958
7290112962522,false,חטיף ביסלי שום ובצל,"אסם השקעות בע""\מ",IL,חטיף ביסלי שום ובצל 60 גרם,Unknown,0.00,Unknown,false,1,4.30,0.0000,true,1,36884
7290112962546,false,ארטיק לה פרוטה מלון תפוח מאגדת 443 גר',שוורצקוף& הנקל דיסלד,IL,מאגדת לה פרוטה מלון תפוח 5יח,יחידה,5.00,יחידה,false,1,25.90,5.1800,true,1,26405
7290112962584,false,חטיף ביסלי שוארמה 60,"אסם השקעות בע""\מ",IL,חטיף ביסלי שוארמה 60 גרם,Unknown,0.00,Unknown,false,1,4.30,0.0000,true,1,33338
7290112962737,true,שניצל טבעול מן הצומח,,,שניצל טבעול מן הצומח,Each,0.00,Each,false,,32.90,0.0000,true,1,25998
7290112962775,true,מאגדת שלגון אוראו 4י,,,מאגדת שלגון אוראו 4י,Each,0.00,Each,false,,25.90,0.0000,true,1,31468
7290112963529,true,מאגדת שלגון אקסטרים,,,מאגדת שלגון אקסטרים,Each,0.00,Each,false,,35.90,0.0000,true,1,26409
7290112964175,false,אפרופופקו מיקס 100 גרם,פרו מן יו פתרונות אריזה,IL,חטיף תירס אפרופו מיקס 100 גרם,גרמים,100.00,100 גרם,false,1,9.00,9.0000,true,1,27797
7290112964298,true,קונכיות פתיתים תרד א,,,קונכיות פתיתים תרד א,Each,0.00,Each,false,,7.90,0.0000,true,1,29003
7290112964410,true,רוטב אלף האיים לסלט,,,רוטב אלף האיים לסלט,Each,0.00,Each,false,,11.90,0.0000,true,1,28647
7290112964434,true,רוטב קיסר לסלט 290 ג,,,רוטב קיסר לסלט 290 ג,Each,0.00,Each,false,,11.90,0.0000,true,1,28648
7290112964458,true,רוטב ויניגרט לסלט 29,,,רוטב ויניגרט לסלט 29,Each,0.00,Each,false,,11.90,0.0000,true,1,28698
7290112964472,true,רוטב שום לסלט 290 גר,,,רוטב שום לסלט 290 גר,Each,0.00,Each,false,,11.90,0.0000,true,1,28646
7290112964502,true,רוטב אלף האיים לסלט,,,רוטב אלף האיים לסלט,Each,0.00,Each,false,,18.90,0.0000,true,1,28649
7290112964601,true,רוטב אסייתי נוסח סצו,,,רוטב אסייתי נוסח סצו,Each,0.00,Each,false,,13.90,0.0000,true,1,28184
7290112964625,true,רוטב שום לייט לסלט 2,,,רוטב שום לייט לסלט 2,Each,0.00,Each,false,,11.90,0.0000,true,1,28700
7290112964724,true,המבורגר טבעול טבעוני,,,המבורגר טבעול טבעוני,Each,0.00,Each,false,,32.90,0.0000,true,1,28927
7290112965080,true,תבשיל פסטה ברוטב פטר,,,תבשיל פסטה ברוטב פטר,Each,0.00,Each,false,,10.90,0.0000,true,1,31249
7290112965141,true,תבשיל אסם פתיתים ויר,,,תבשיל אסם פתיתים ויר,Each,0.00,Each,false,,10.90,0.0000,true,1,31252
7290112965165,true,זוג מרק נמס אוסם פטר,,,זוג מרק נמס אוסם פטר,Each,0.00,Each,false,,6.00,0.0000,true,1,29358
7290112965240,true,זוג מרק נמס אוסם עגב,,,זוג מרק נמס אוסם עגב,Each,0.00,Each,false,,6.00,0.0000,true,1,29365
7290112965264,false,אבקת מרק נמס אפונה אסם בדצ 52 גרם מארז זוגי,"אסם תעשיות בע""מ",IL,זוג מרק נמס אוסם אפונה 30 גר,Unknown,0.00,Unknown,false,1,6.00,0.0000,true,1,29362
7290112965325,true,תבשיל אסם אורז ספרדי,,,תבשיל אסם אורז ספרדי,Each,0.00,Each,false,,10.90,0.0000,true,1,31251
7290112965783,false,אוסם - ביסלי פריסטייל על האש 60 גרם,"אסם השקעות בע""\מ",IL,חטיף ביסלי על האש פריסטייל 60 גרם,Unknown,0.00,Unknown,false,1,4.30,0.0000,true,1,39679
7290112965868,true,קרם קרקר מליחות מעוד,,,קרם קרקר מליחות מעוד,Each,0.00,Each,false,,9.90,0.0000,true,1,31276
7290112965905,true,בייגלה שמיניות מליחו,,,בייגלה שמיניות מליחו,Each,0.00,Each,false,,11.50,0.0000,true,1,31260
7290112965967,true,נאגטס ירקות כתומים ט,,,נאגטס ירקות כתומים ט,Each,0.00,Each,false,,32.90,0.0000,true,1,33773
7290112965981,false,טבעול גורמה ארוחת דגנים 450 גרם,טבעול (מקבוצת אסם הש,IL,ארוחת דגנים טבעול גורמה 450גר,גרמים,450.00,100 גרם,false,8,32.90,7.3111,true,1,47719
7290112966001,false,טבעול גורמה ארוחת ירוקים 450 גרם,טבעול (מקבוצת אסם הש,IL,ארוחת ירוקים טבעול גורמה 450גר,גרמים,450.00,100 גרם,false,8,32.90,7.3111,true,1,47720
7290112966247,true,לחמית כוסמין 200 גרם,,,לחמית כוסמין 200 גרם,Each,0.00,Each,false,,10.90,0.0000,true,1,32964
7290112966445,true,חטיף במבה מתוקה 100,,,חטיף במבה מתוקה 100,Each,0.00,Each,false,,9.00,0.0000,true,1,30347
7290112966728,true,סלט טחינה בלאדי פלפל,,,סלט טחינה בלאדי פלפל,Each,0.00,Each,false,,15.90,0.0000,true,1,30341
7290112966766,true,סלט טחינה בלאדי חציל,,,סלט טחינה בלאדי חציל,Each,0.00,Each,false,,15.90,0.0000,true,1,30339
7290112966780,true,סלט טחינה בלאדי חציל,,,סלט טחינה בלאדי חציל,Each,0.00,Each,false,,15.90,0.0000,true,1,30337
7290112966803,true,אינסטנט פודינג שוקול,,,אינסטנט פודינג שוקול,Each,0.00,Each,false,,6.00,0.0000,true,1,31254
7290112967114,true,חטיפי פריכיות פיטנס,,,חטיפי פריכיות פיטנס,Each,0.00,Each,false,,8.90,0.0000,true,1,32961
7290112967381,true,חטיפי פריכיות פיטנס,,,חטיפי פריכיות פיטנס,Each,0.00,Each,false,,8.90,0.0000,true,1,32960
7290112967404,true,רוטב אלף האיים כשלפ,,,רוטב אלף האיים כשלפ,Each,0.00,Each,false,,10.90,0.0000,true,1,32161
7290112967800,false,בישולים מיקס בצלים אוסם 200 גרם,"אסם תעשיות בע""מ",IL,אוסם בישולים מיקס בצלים 200 גרם,גרמים,200.00,100 גרם,false,1,19.90,9.9500,true,1,37226
7290112967824,false,בישולים מיקס קלאסי אוסם 200 גרם,"אסם השקעות בע""\מ",IL,אוסם בישולים מיקס קלאסי 200 גרם,גרמים,200.00,100 גרם,false,1,19.90,9.9500,true,1,37224
7290112967848,false,ג'לי תות שדה מופחת סוכר אסם 90 גרם,מיוצר עי קונדיטוריית,IL,גלי אסם תות שדה מופחת סוכר 90 גר,Unknown,0.00,Unknown,false,1,6.90,0.0000,true,1,31256
7290112968340,true,חומוס גרוס גס גס צבר,,,חומוס גרוס גס גס צבר,Each,0.00,Each,false,,14.90,0.0000,true,1,31749
7290112968401,true,חומוס גרגרים רכים צב,,,חומוס גרגרים רכים צב,Each,0.00,Each,false,,14.90,0.0000,true,1,31751
7290112968524,true,סלט חומוס סמיר 250גר,,,סלט חומוס סמיר 250גר,Each,0.00,Each,false,,11.90,0.0000,true,1,31954
7290112968685,true,חומוס גרגרים בתטבילה,,,חומוס גרגרים בתטבילה,Each,0.00,Each,false,,14.90,0.0000,true,1,31752
7290112968784,true,חטיפי כרובית טבעול 4,,,חטיפי כרובית טבעול 4,Each,0.00,Each,false,,32.90,0.0000,true,1,33772
7290112968807,false,פיטנס - קרקר דק סלק 140 גרם,מפעל אסם יקנעם,IL,קרקר פיטנס דק סלק140 גרם,גרמים,140.00,100 גרם,false,1,11.90,8.5000,true,1,36876
7290112968821,false,פיטנס - קרקר דק בטטה 140 גרם,מפעל אסם יקנעם,IL,קרקר פיטנס דק בטטה 140 גרם,גרמים,140.00,100 גרם,false,1,11.90,8.5000,true,1,36877
7290112969248,false,אסם בישולים רוטב סילאן ובצל 335*9 גרם,"אסם תעשיות בע""מ",IL,רוטב אוסם לבישול סילאן ובצל 335 גרם,גרמים,335.00,100 גרם,false,1,16.90,5.0448,true,1,37237
7290113190375,true,סילאן טבעי שקדיה 900,,,סילאן טבעי שקדיה 900,Unknown,0.00,Unknown,false,,19.90,0.0000,true,1,32926
7290113191921,true,סירופ מלבי 750 מל,,,סירופ מלבי 750 מל,Each,0.00,Each,false,,16.90,0.0000,true,1,30238
7290113192201,false,תערובת להכנת סחלב 500 גרם ששון הקולה,"י. כהן בע""מ",IL,תערובת להכנת סחלב שקדיה 500גרם,גרמים,500.00,100 גרם,false,12,14.90,2.9800,true,1,36572
7290113192218,false,תערובת להכנת מלבי 500 גרם ששון הקולה,"שקדיה גבע תעשיות בע""",IL,תערובת להכנת מלבי שקדיה 500גרם,גרמים,500.00,100 גרם,false,12,14.90,2.9800,true,1,36571
7290113192225,false,תערובת להכנה מהירה סופלה שוקולד שקדיה 200 גרם,"י. כהן בע""מ",IL,תערובת סופלה שוקולד שקדיה 200 גרם,גרמים,200.00,100 גרם,false,12,14.90,7.4500,true,1,36562
7290113192232,false,תערובת להכנת קינוח פנקייק 400 גר' שקדיה,"י. כהן בע""מ",IL,תערובת לפנקיק שקדיה 400 גרם,גרמים,400.00,100 גרם,false,12,14.90,3.7250,true,1,36563
7290113192300,true,זית חרוזית מושחר 275,,,זית חרוזית מושחר 275,Each,0.00,Each,false,,10.90,0.0000,true,1,33478
7290113192317,true,טבעות זית מושחר 280,,,טבעות זית מושחר 280,Each,0.00,Each,false,,10.90,0.0000,true,1,33479
7290113192355,true,זית חרוזית ירוק 275,,,זית חרוזית ירוק 275,Each,0.00,Each,false,,9.90,0.0000,true,1,33480
7290113192362,true,טבעות זית ירוק 280 ג,,,טבעות זית ירוק 280 ג,Each,0.00,Each,false,,10.90,0.0000,true,1,33481
7290113192379,true,זית ירוק מבוקע 340 ג,,,זית ירוק מבוקע 340 ג,Each,0.00,Each,false,,10.90,0.0000,true,1,33639
7290113192386,true,זית ירוק סורי מבוקע,,,זית ירוק סורי מבוקע,Each,0.00,Each,false,,11.90,0.0000,true,1,33483
7290113192393,true,קוקטייל זיתים 336 גר,,,קוקטייל זיתים 336 גר,Each,0.00,Each,false,,11.90,0.0000,true,1,33482
7290113192478,true,מלפפון 10-12 במלח 32,,,מלפפון 10-12 במלח 32,Each,0.00,Each,false,,7.90,0.0000,true,1,33540
7290113192485,true,מלפפון 10-12 בחומץ 3,,,מלפפון 10-12 בחומץ 3,Each,0.00,Each,false,,7.90,0.0000,true,1,33541
7290113192508,true,מלפפון 13-17 במלח320,,,מלפפון 13-17 במלח320,Each,0.00,Each,false,,10.90,0.0000,true,1,33486
7290113192515,true,מלפפון 18-25 במלח320,,,מלפפון 18-25 במלח320,Each,0.00,Each,false,,12.90,0.0000,true,1,33488
7290113192522,true,מלפפון 18-25 חומץ320,,,מלפפון 18-25 חומץ320,Each,0.00,Each,false,,12.90,0.0000,true,1,33542
7290113192539,true,מלפפון 7-9 במלח 320,,,מלפפון 7-9 במלח 320,Each,0.00,Each,false,,6.90,0.0000,true,1,33489
7290113192546,true,מלפפון 7-9 בחומץ 320,,,מלפפון 7-9 בחומץ 320,Each,0.00,Each,false,,6.90,0.0000,true,1,33543
7290113192553,true,מלפפון במלח בלדי 13-,,,מלפפון במלח בלדי 13-,Each,0.00,Each,false,,10.90,0.0000,true,1,33566
7290113192560,true,פלפל שיפקה בית השיטה,,,פלפל שיפקה בית השיטה,Each,0.00,Each,false,,6.90,0.0000,true,1,33564
7290113192997,false,בית השיטה זית מרוקאי 340 גרם*,"בית השיטה תעשיות בע""\מ",IL,זית מרוקאי בית השיטה 340 גרם,גרמים,340.00,100 גרם,false,1,13.90,4.0882,true,1,36887
7290113193017,false,בית השיטה חרוזית קוקטייל זיתים 275 גרם,"בית השיטה תעשיות בע""\מ",IL,לחמית כוסמין 200 גרם,גרמים,275.00,100 גרם,false,1,13.90,5.0545,true,1,32965
7290113193031,false,חרוזית קלמטה - זיתים שחורים ללא גלעין קלמטה,"בית השיטה תעשיות בע""\מ",IL,זית חרוזית קלמטה 275 גרם בית השיטה,גרמים,275.00,100 גרם,false,1,13.90,5.0545,true,1,35528
7290113194076,false,חרוזית מרוקאי שחור יבש 195 גר בית השיטה,בית השיטה תעשיות בעמ,IL,זית מרוקאי מגולען ב.השיטה 410 גרם,גרמים,410.00,100 גרם,false,1,13.90,3.3902,true,1,37219
7290113194090,false,בית השיטה טבעות זיתים קלמטה 280 גרם,בית השיטה תעשיות בעמ,IL,זית טבעות קלמטה ב.השיטה 410 גרם,גרמים,410.00,100 גרם,false,1,12.90,3.1463,true,1,37218
7290113194861,false,אגוז פקאן מסוכר ציפו,"דין שיווק וקלייה בע""",IL,אגוז פקאן מסוכר ציפוי חלבה שקדיה100 ג,גרמים,100.00,100 גרם,false,12,14.90,14.9000,true,1,37751
7290113195042,false,מלפפון חמוץ במלח כבישה ביתית בית השיטה 750 גר',שוורצקוף& הנקל דיסלד,IL,מלפפון כבישה ביתית בית השיטה 750 גרם,גרמים,750.00,100 גרם,false,1,26.90,3.5867,true,1,40060
7290113195066,false,חלבה טורקית בטעם וניל שקדיה 400 גרם,ח. אל עקר,IL,חלבה טורקית וניל 400 גרם,גרמים,400.00,100 גרם,false,10,12.90,3.2250,true,1,37363
7290113195073,false,חלבה טורקית עם פיסטוק שקדיה 400 גרם,ח. אל עקר,IL,חלבה טורקית וניל עם פיסטוק 400 גרם,גרמים,400.00,100 גרם,false,10,14.90,3.7250,true,1,37361
7290113195080,false,חלבה טורקית בטעם שוקו וניל שקדיה 400 גרם,ח. אל עקר,IL,חלבה טורקית וניל שוקו 400 גרם,גרמים,400.00,100 גרם,false,10,12.90,3.2250,true,1,37362
7290113195264,false,ממרח פלפלים קלויים 360 גרם,דין שיווק,MK,ממרח פלפלים קלויים גורמט 360 גרם,גרמים,300.00,100 גרם,false,12,11.90,3.9667,true,1,37360
7290113195271,false,ממרח פלפלים פיקנטיים 360 גרם,דין שיווק,MK,ממרח פלפלים פיקנטי גורמט 360 גרם,גרמים,300.00,100 גרם,false,12,11.90,3.9667,true,1,37359
7290113195479,false,קמח שקדים 200 גרם - שקדיה,"שקדיה גבע תעשיות בע""",IL,קמח שקדים שקדיה 200 גרם,גרמים,200.00,100 גרם,false,20,15.90,7.9500,true,1,37353
7290113195486,false,קינואה אדומה שקדיה 3,"שקדיה גבע תעשיות בע""",IL,קינואה אדומה שקדיה 300 גרם,גרמים,300.00,100 גרם,false,20,9.90,3.3000,true,1,37354
7290113195875,false,קינואה לבנה שקדיה 40,"שקדיה גבע תעשיות בע""",IL,קינואה לבנה שקדיה 400 גרם,גרמים,400.00,100 גרם,false,20,10.90,2.7250,true,1,37358
7290113196414,false,"אורז בסמטי 1 ק""ג - שקדיה כחול מטאלי",דאבה סינג שאם סינג,IN,"אורז בסמטי שקדיה 1 ק""ג",קילוגרמים,1.00,"ק""ג",false,1,10.90,10.9000,true,1,45559
7290113196896,false,"תרסיס שמן זית שקדיה 170 מ""ל",שקדיה,TR,תרסיס שמן זית שקדיה 170 מל,מיליליטרים,170.00,"100 מ""ל",false,12,13.90,8.1765,true,1,45134
7290113198029,false,פקאן מצופה חלבה שקדיה 150 גרם,"דין שיווק וקלייה בע""",IL,אגוז פקאן שקדיה מצופה חלבה 150 גרם,גרמים,150.00,100 גרם,false,12,14.90,9.9333,true,1,45241
7290113198036,false,פקאן מצופה בטעם קרמל,"דין שיווק וקלייה בע""",IL,אגוז פקאן שקדיה מצופה טעם קרמל150 גרם,גרמים,150.00,100 גרם,false,12,14.90,9.9333,true,1,45246
7290113198043,false,פקאן מצופה שוקולד עוגיות 150 גר,"דין שיווק וקלייה בע""",IL,אגוז פקאן שקדיה מצופה שוקולד עוגי150 גרם,גרמים,150.00,100 גרם,false,12,14.90,9.9333,true,1,45244
7290113198050,false,פקאן מצופה בייגלה מל,"דין שיווק וקלייה בע""",IL,אגוז פקאן שקדיה מצופה בייגלה מלוח150 גרם,גרמים,150.00,100 גרם,false,12,14.90,9.9333,true,1,45243
7290113198067,false,פקאן מצופה שוקולד לבן 150 גרם,"דין שיווק וקלייה בע""",IL,אגוז פקאן שקדיה מצופה שוקולד לבן 150 גרם,גרמים,150.00,100 גרם,false,12,14.90,9.9333,true,1,45242
7290113198074,false,פקאן מצופה שוקולד שיש 150 גרם,"דין שיווק וקלייה בע""",IL,אגוז פקאן שקדיה מצופה שוקולד שיש150 גרם,גרמים,150.00,100 גרם,false,12,14.90,9.9333,true,1,45245
7290113199606,false,"חטיף בוטנים עם דלעת בוטנים חמוציות ושומשום לל""ס","שקדיה גבע תעשיות בע""",IL,חטיפי שקדיה אנרגי מיקס בוטן חמוציו 220 ג,גרמים,220.00,100 גרם,false,12,14.90,6.7727,true,1,47475
7290113199613,false,חטיף שומשום עם שקדים וחמוציות ללא.ס 220 ג' שקדיה,"שקדיה גבע תעשיות בע""",IL,חטיפי שקדיה אנרגי מיקס שקד חמוציות220 ג,גרמים,220.00,100 גרם,false,12,14.90,6.7727,true,1,47476
7290113199842,false,מגש אירוח סוכריות גומי 700 ג' שקדיה,טופגאם תעשיות ממתקים,IL,מגש אירוח סוכריות גומי שקדיה 700 גרם,גרמים,350.00,100 גרם,false,12,29.90,8.5429,true,1,47472
7290113286566,false,כפפות ניטריל שחורות M ללא אבקה,,IL,כפפות ניטרל שחורות 100יח ל.אבקה מדיום,יחידה,100.00,יחידה,false,10,19.90,0.1990,true,1,50369
7290113289611,false,כפפות חד פעמי 100יח,,CN,כפפות חד פעמי 100יח ניטריטקס לארג כחול,יחידה,100.00,יחידה,false,10,21.90,0.2190,true,1,50099
7290113300125,false,בונזו מקלות בקר 50 ג,"ביופט- מזון לבע""ח",CN,בונזו מקלות בקר 50 גר,יחידה,1.00,יחידה,false,24,8.90,8.9000,true,1,35420
7290113300149,false,חטיף מקלות כבש בונזו 50 ג',,CN,בונזו מקלות כבש 50 גר,יחידה,1.00,יחידה,false,24,8.90,8.9000,true,1,35418
7290113300156,false,חטיף מקלות עוף בונזו 50 ג',,CN,בונזו מקלות כבש 50 גר,יחידה,1.00,יחידה,false,24,8.90,8.9000,true,1,35419
7290113300194,false,פאוצ' להקט עוף ברוטב 85 גר',"ביופט- מזון לבע""ח",FR,פאוץ נתחוני לה קט עם רוטב 85 גר,Unknown,0.00,Unknown,false,28,4.50,0.0000,true,1,35414
7290113300231,false,פאוצ' לה קט בקר ג'לי 85 ג',"ביופט- מזון לבע""ח",CZ,פאוץ נתחוני לה קט עם בקר וגלי 85 גר,Unknown,0.00,Unknown,false,28,4.50,0.0000,true,1,35416
7290113300262,false,פאוצ' לה קט טונה ג'לי 85 ג',"ביופט- מזון לבע""ח",CZ,פאוץ נתחוני לה קט עם טונה וגלי 85 גר,Unknown,0.00,Unknown,false,28,4.50,0.0000,true,1,35417
7290113453074,false,סוכריות גומי שקדיה ד,טופגאם תעשיות ממתקים,IL,סוכריות גומי שקדיה דובי מוברק 400 גרם,גרמים,400.00,100 גרם,false,12,10.90,2.7250,true,1,45237
7290113453197,false,סוכריות גומי בננה מסוכרת שקדיה 400 ג',טופגאם תעשיות ממתקים,IL,סוכריות גומי שקדיה בננה מסוגרת 400 גרם,גרמים,400.00,100 גרם,false,12,10.90,2.7250,true,1,45233
7290113560055,false,פרודונטקס מי פה טיפול יומי לחניכיים 500,"מאסטרפוד אוסטריה בע""מ",GB,מי פה פרודונטקס 500מל,מיליליטרים,500.00,"100 מ""ל",false,1,29.90,5.9800,true,1,35432
7290113560062,false,"סנסודיין - משחת שיניים להלבנה עדינה משאבה 100 מ""ל",גלקסוסמית'\קליין קונסיומ,GB,מש. שיניים סנסודיין משאבה 100 מל,מיליליטרים,100.00,"100 מ""ל",false,1,27.90,27.9000,true,1,35431
7290113560109,false,פרודונטקס מ.שיניים בטעם צמחי 75 מל,פרודונטקס Parodontax,SK,מש.שיניים פרודונטקס הרבל 75מל,Unknown,0.00,Unknown,false,1,29.90,0.0000,true,1,37261
7290113560277,false,זוג מברשות שיניים רפיד רליף סנסודיין,גלקסוס סמית קליין,GB,מארז 2יח מברשת שינים סנסודיין רפיד רליף,יחידה,2.00,יחידה,false,1,32.90,16.4500,true,1,50173
7290113622548,false,"פסטה אפונה לל""ג 250 גרם",,BG,פסטה ללא גלוטן אפונה 250 גר,גרמים,250.00,100 גרם,false,10,12.90,5.1600,true,1,38195
7290113660182,false,נפנף למנגל ארטוס,Unknown,,נפנף למנגל,יחידה,1.00,יחידה,false,1,3.90,3.9000,true,1,38842
7290113660311,false,פחם אמריקאי גריל גרי,קרקול,ZA,פחם דרום אמריקאי 2קג גריל גריל,קילוגרמים,2.00,"ק""ג",false,1,24.90,12.4500,true,1,48014
7290113663060,false,מנגל פח מגולוון רגלי,,,מנגל פח מגולוון רגליים מתקפלות 80/30סמ,יחידה,1.00,יחידה,false,1,129.00,129.0000,true,1,48006
7290113763784,false,סודה סטרים - מכשיר TERRA בצבע שחור,סודה סטרים,,מכשיר סודה סטרים טרה שחור,יחידה,1.00,יחידה,false,1,499.00,499.0000,true,1,49882
7290113764019,false,סודה סטרים - מכשיר TERRA בצבע לבן,סודה סטרים,,מכשיר סודה סטרים טרה לבן,יחידה,1.00,יחידה,false,1,499.00,499.0000,true,1,49883
7290114291033,false,סט צנטרים אלומיניום,,,סט צנטרים אלומיניום,יחידה,1.00,יחידה,false,1,9.90,9.9000,true,1,39425
7290114310215,false,"שמנת מתוקה 38% רמת הגולן 250 מ""ל ווסטהיים - מוצר בפיקוח",מילקו תעשיות בעמ,IL,שמנת מתוקה 38% עמידה 250 מל***בקבוק,מיליליטרים,250.00,"100 מ""ל",false,1,6.47,2.5880,true,1,33361
7290114310222,true,חלב מועשר בסידן וויט,,,חלב מועשר בסידן וויט,Each,0.00,Each,false,,12.90,0.0000,true,1,33984
7290114310239,true,חלב נטול לקטוז מועשר,,,חלב נטול לקטוז מועשר,Each,0.00,Each,false,,12.90,0.0000,true,1,33985
7290114310246,false,גרנה פדנו צ'אנק משק צוריאל 125 גרם,מחלבת משק צוריאל,IL,גבינת גרנה פדנו צאנק 125גר צוריאל,גרמים,125.00,100 גרם,false,20,19.90,15.9200,true,1,38065
7290114310338,false,צפתית מעודנת 5% בגביע 225 גרם משק צוריאל,מחלבת משק צוריאל,IL,גבינה צפתית מעודנת 5% 225גר צוריאל,גרמים,225.00,100 גרם,false,1,18.90,8.4000,true,1,38320
7290114310345,false,מעדן יוגורט בטעם תות 1.5% 125 גרם טרה,מילקו תעשיות בעמ,IL,מעדן מוו יוגורט בטעם תות 1.5% 125 גרם,גרמים,125.00,100 גרם,false,1,2.90,2.3200,true,1,35923
7290114310352,false,מולר הוואן תפוח ופטל,מילקו,IL,יוגורט מולר הוואן תפוח פטל 120גר,מיליליטרים,120.00,"100 מ""ל",false,1,5.90,4.9167,true,1,40356
7290114310369,false,יוגורט מולר תות אננס,מילקו,IL,יוגורט מולר הוואן תות אננס 120גר,מיליליטרים,120.00,"100 מ""ל",false,1,5.90,4.9167,true,1,40357
7290114310505,false,מולר מיקס תות קורנפל185ג,טרה,IL,יוגורט מולר מיקס תות קורנפלקס 170גר,גרמים,170.00,100 גרם,false,1,6.10,3.5882,true,1,37367
7290114310536,false,יוגורט לייט מעושר חלבון 25 גרם חלבון וניל MULLER ACTIVE,מולר Muller,IL,יוגורט מולר אקטיב מעושר חלבון 25גר וניל,גרמים,200.00,100 גרם,false,24,6.00,3.0000,true,1,37990
7290114310543,false,מולר אקטיב קפוצ'ינו 200ג,מילקו,IL,יוגורט מולר אקטיב מעושר חלבון 22גר קפוצי,גרמים,200.00,100 גרם,false,24,6.00,3.0000,true,1,37991
7290114310550,false,גבינת פטה עיזים מעודנת 5% משק צוריאל 200 גרם,מחלבת משק צוריאל,IL,גבינת פטה עיזים מעודנת 5% 200 גרם צוריאל,גרמים,200.00,100 גרם,false,1,26.90,13.4500,true,1,39315
7290114310567,false,לאבנה עיזים 5% שומן 200 גרם,מחלבת משק צוריאל,IL,לאבנה עיזים 200 גרם 5% צוריאל,גרמים,200.00,100 גרם,false,1,15.90,7.9500,true,1,39317
7290114310574,false,גבינת קרם שמנת עיזים 5% 200 גרם צוריאל,מחלבת משק צוריאל,IL,גבינת קרם שמנת עיזים 5% 200גר צוריאל,גרמים,200.00,100 גרם,false,1,15.90,7.9500,true,1,39316
7290114310611,false,"משקה חלב בננה בבקבוק פקק ספורט טרה 250 מ""ל",Unknown,IL,משקה חלב בננה 250מל טרה בקבוק,מיליליטרים,250.00,"100 מ""ל",false,1,5.90,2.3600,true,1,39318
7290114310628,false,משקה חלב וניל ועוגיות בקבוק 1 ליטר,מילקו תעשיות בעמ,IL,משקה חלב וניל עוגיות 1 ליטר,ליטרים,1.00,ליטר,false,1,12.90,12.9000,true,1,39007
7290114310901,false,גבינה לבנה 5% 250 גר' מהדרין,Unknown,IL,גבינה לבנה 5% 250 גרם***ווסטהיים,גרמים,250.00,100 גרם,false,1,4.98,1.9920,true,1,40836
7290114310918,false,גבינת קוטג 5% מועשר,Unknown,IL,גבינת קוטג 5% מועשר 250 גרם ווסטהיים,גרמים,250.00,100 גרם,false,1,6.00,2.4000,true,1,40835
7290114310949,false,יוג.מולר תפוח קינמון150ג,טרה,IL,מעדן מולר פרופ תפוח קינמון 150גר,מיליליטרים,150.00,"100 מ""ל",false,1,5.40,3.6000,true,1,45158
7290114311007,false,יוגורט מולר מיקס טופ,טרה,,יוגורט מולר מיקס טופ דגנים וכריות נוגט,גרמים,170.00,100 גרם,false,1,6.00,3.5294,true,1,45204
7290114311014,false,"משקה חלב אייס קפוצ'ינו פקק ספורט טרה 250 מ""ל",מילקו תעשיות בעמ,IL,משקה חלב אייס קפוצינו 250מל טרה בקבוק,מיליליטרים,250.00,"100 מ""ל",false,1,5.90,2.3600,true,1,48406
7290114311021,false,"משקה חלב וניל עוגיות פקק ספורט טרה 250 מ""ל",Unknown,IL,משקה חלב וניל עוגיות 250מל טרה בקבוק,מיליליטרים,250.00,"100 מ""ל",false,1,5.90,2.3600,true,1,48407
7290114311038,false,"שמנת מתוקה 32% עמידה בבקבוק טרה 250 מ""ל",מילקו תעשיות בעמ,IL,שמנת מתוקה 32% 250מל בקבוק,מיליליטרים,250.00,"100 מ""ל",false,1,7.70,3.0800,true,1,48830
7290114311052,false,מולר סימפלי פרוט מנדרינה 0% שומן,מילקו תעשיות בעמ,IL,מעדן מולר מנדרינה 0% סימפלי פרויט 150ג,גרמים,150.00,100 גרם,false,1,5.50,3.6667,true,1,47635
7290114311069,false,יוגורט לבן מועשר בחלבון 0% שומן 200 גרם muller active,מולר Muller,IL,מעדן מולר אקטיב 25גר חלבון 0% שומן200גר,גרמים,200.00,100 גרם,false,24,5.90,2.9500,true,1,47700
7290114311083,false,מולר חמאה צהובה עם מלח 200 ג',טרה,IL,חמאה מולר עם מלח 200גר,גרמים,200.00,100 גרם,false,1,11.90,5.9500,true,1,48796
7290114311090,false,מולר נטורל גרנולה דבש177,Unknown,IL,יוגורט מולר נטורל עם גרנולה ודבש 177גר,גרמים,177.00,100 גרם,false,12,6.90,3.8983,true,1,46946
7290114311106,false,מולר נטורל גרנו+סילאן177,Unknown,IL,יוגורט מולר נטורל עם גרנולה וסילאן 177גר,גרמים,177.00,100 גרם,false,12,6.90,3.8983,true,1,46947
7290114311168,false,גבינת נעם טעם כמהין,מילקו תעשיות בעמ,IL,גבינת נעם טעם כמהין 200 גרם,גרמים,200.00,100 גרם,false,1,22.90,11.4500,true,1,48408
7290114311175,false,גבינת נעם טעם זיתים,מילקו תעשיות בעמ,IL,גבינת נעם טעם זיתים 200 גרם,גרמים,200.00,100 גרם,false,1,22.90,11.4500,true,1,48409
7290114311182,false,תום עיזים משק צוריאל,מילקו תעשיות בעמ,IL,גבינת תום עיזים 150גר צוריאל,גרמים,150.00,100 גרם,false,1,24.90,16.6000,true,1,48787
7290114311205,false,גבינת תום עיזים ביין160ג,מילקו תעשיות בעמ,IL,גבינת תום עיזים ביין 160גר צוריאל,גרמים,160.00,100 גרם,false,1,28.90,18.0625,true,1,48788
7290114311298,false,יוגורט מולר פרופ בטעם תות בננה מלון 150,מולר Muller,IL,יוגורט מולר פרופ תות בננה מלון 150גר,גרמים,150.00,100 גרם,false,1,5.30,3.5333,true,1,49861
7290114311304,false,יוגורט קציפת מנגו פסיפלורה בננה 150 ג' מולר,מולר Muller,IL,יוגורט מולר פרופ מנגו פסיפלורה בננה 150ג,גרמים,150.00,100 גרם,false,1,5.30,3.5333,true,1,49860
7290114311328,false,חלב מועשר דל לקטוז מעושר בויטמין Dי 2% שומן טרה 1 ליטר,ג'י.אר.אמ.גרופו אלימ,IL,חלב דל לקטוז מועשר בויטמין די 1 ליטר,ליטרים,1.00,ליטר,false,1,8.20,8.2000,true,1,49933
7290114311359,false,יוגורט עם קציפת מנגו 3% שומן פרופ 150 ג' מולר,מולר Muller,IL,יוגורט מולר פרופ קציפת מנגו 150גר,גרמים,150.00,100 גרם,false,1,5.30,3.5333,true,1,49862
7290114311434,false,מולר אקטיב יוגורט חלבון קרמל מלוח 200 גרם,מולר Muller,IL,יוגורט מולר אקטיב 20גר חלבון קרמל מלוח,גרמים,200.00,100 גרם,false,24,6.00,3.0000,true,1,50889
7290114311441,false,מולר אקטיב יוגורט חלבון עוגיות חמאה 200 גרם,מולר Muller,IL,יוגורט מולר אקטיב 20גר חלבון עוגיות חמאה,גרמים,200.00,100 גרם,false,24,6.00,3.0000,true,1,50890
7290114311496,false,קרטון חלב מועשר 1% שומן 1 ליטר טרה,Unknown,IL,חלב מועשר 1ליטר קרטון 1%שומן,ליטרים,1.00,ליטר,false,1,8.20,8.2000,true,1,50324
7290114311502,false,משקה חלב בטעם סחלב בבקבוק 1 ליטר,מילקו תעשיות בעמ,IL,משקה חלב טעם סחלב 1ליטר בקבוק,ליטרים,1.00,ליטר,false,1,12.90,12.9000,true,1,50888
7290114600941,false,מאסטר שף מיונז הולנדי לחיץ 435 גרם,קפה לנדוור,NL,מיונז לחיץ מאסטר שף הולנדי 435 גרם,גרמים,435.00,100 גרם,false,1,12.90,2.9655,true,1,35752
7290114600989,false,"רוטב אלף האיים מאסטר שף 250 מ""ל",קפה לנדוור,NL,רוטב אלף האיים מאסטר שף 257 גרם,גרמים,257.00,100 גרם,false,6,9.90,3.8521,true,1,36360
7290114600996,false,"רוטב שום מאסטר שף 250 מ""ל",קפה לנדוור,NL,רוטב שום מאסטר שף 256 גרם,גרמים,256.00,100 גרם,false,6,9.90,3.8672,true,1,36359
7290114602785,false,פרי סלייסים צ'יפס בננה מלוח 90 גרם,פלפר אפרטיבוס,ES,חטיף פרי סליסים ציפס בננה מלוח 90 גרם,Unknown,0.00,Unknown,false,14,12.90,0.0000,true,1,40875
7290114603492,false,רוטב סויה מאסטר שף 1,,TH,רוטב סויה מאסטר שף 100 מל,מיליליטרים,100.00,"100 מ""ל",false,50,4.90,4.9000,true,1,39577
7290114603508,false,"רוטב להקצפה מאסטר שף 300 מ""ל",סיטי פוד,TH,רוטב להקפצה מאסטר שף 300 מל,מיליליטרים,300.00,"100 מ""ל",false,12,10.90,3.6333,true,1,35935
7290114603539,false,קרוטונים למרק שום בצל מאסטר שף 350 גרם,"עינת תעשיות מזון, אגשח ב",IL,קרוטונים למרק מאסטר שף שום בצל 350 גרם,גרמים,350.00,100 גרם,false,12,19.90,5.6857,true,1,35927
7290114604901,false,ממרח שום לחיץ מאסטר שף 444 גרם,מאסטר שף,NL,ממרח מיונז שום לחיץ מאסטר שף 446 גרם,גרמים,444.00,100 גרם,false,6,12.90,2.9054,true,1,39715
7290114604932,false,רוטב ברביקיו דבש מאסטר שף 520 גרם,רמיה סי.וי. הולנד,NL,רוטב ברביקיו דבש מאסטר שף 520 גרם,גרמים,520.00,100 גרם,false,1,12.90,2.4808,true,1,39720
7290114604949,false,מאסטר שף רוטב ברביקיו 524 גרם,רמיה סי.וי. הולנד,NL,רוטב ברביקיו מאסטר שף 524 גרם,גרמים,524.00,100 גרם,false,1,12.90,2.4618,true,1,39719
7290114606530,false,רוטב בטעם מיונז וקטשופ מאסטר שף 515 גרם,מאסטר שף,NL,ממרח מיו קטש לחיץ מאסטר שף 515 גרם,גרמים,515.00,100 גרם,false,6,12.90,2.5049,true,1,39717
7290114606547,false,מיונז פטריות כמהין לחיץ מאסטר שף 242 גרם,מאסטר שף,NL,ממרח מיונז כמהין לחיץ מאסטר שף 242 גרם,גרמים,242.00,100 גרם,false,6,12.90,5.3306,true,1,39716
7290114606554,false,מיונז מופחת קלוריות בקבוק לחיץ,מאסטר שף,NL,מיונז מאסטר שף לייט לחיץ הולנדי 470 גרם,גרמים,470.00,100 גרם,false,1,12.90,2.7447,true,1,39718
7290114606561,false,מאסטר שף אטריות אורז דקות ורמיצ'לי 400 ג,לינג טונג רייס ורמיצ'ילי,TH,אטריות אורז דקות מאסטר שף 400ג,גרמים,400.00,100 גרם,false,30,8.90,2.2250,true,1,44654
7290114607391,false,"קולגייט משחת לילדים ברבי 2-5 שנים, 75 מ""ל",קולגייט פלמוליב,PL,משחת שיניים קולגייט ילדים ברבי 75מל,Unknown,0.00,Unknown,false,12,15.90,0.0000,true,1,40615
7290114608657,false,סילאן לחיץ מאסטר שף 700 גרם,מנה,AE,סילאן טבעי מאסטר שף 700 גרם צנצנת,גרמים,700.00,100 גרם,false,12,19.90,2.8429,true,1,46430
7290114608695,false,מיונז עם ווסאבי לחיץ מאסטר שף 241 גרם,רמיה סי.וי,NL,מיונז לחיץ מאסטר שף עם וואסבי 241 גרם,גרמים,241.00,100 גרם,false,6,12.90,5.3527,true,1,44655
7290115073676,false,מסכה לפנים חד פעמי 50 יח צבעוניות,שמחה זה אנחנו,CN,מארז 50יח מסכות פנים צבעוניות שחורות,יחידה,50.00,יחידה,false,1,10.90,0.2180,true,1,36354
7290115077131,false,מסכות ילדים צבעוני מעורב 40 יח',מ.פאנג,CN,מארז 40יח מסכות פנים צבעוניות לילדים,יחידה,40.00,יחידה,false,1,10.90,0.2725,true,1,36698
7290115200003,false,פתי בר פינוקי וניל אסם 220 גרם,תאי פרזידנט פוד פאבל,PL,פתי בר פינוקי וניל 220 גרם,גרמים,220.00,100 גרם,false,1,11.90,5.4091,true,1,36154
7290115200027,false,אסם פתי בר פינוקים שוקו 220 גרם,קריות זול,PL,פתי בר פינוקי שוקו 220 גרם,גרמים,220.00,100 גרם,false,1,11.90,5.4091,true,1,36155
7290115200188,false,אוסם - מרק נמס עגבניות פיקנטי 25 גרם * 2,"אסם תעשיות בע""מ",IL,זוג מרק נמס אוסם עגבניות פיקנטי 40 גר,Unknown,0.00,Unknown,false,1,6.00,0.0000,true,1,36795
7290115200843,false,חטיף אפרופו לחם שום,"אסם תעשיות בע""מ",IL,חטיף אפרופו לחם שום 50 גרם,גרמים,50.00,100 גרם,false,1,5.00,10.0000,true,1,46849
7290115201031,false,אסם פתי בר דובי שוקולד 175 גרם,טרופיקל דגיל תעשיות,PL,פתי בר דובי שוקולד 175 גרם,גרמים,175.00,100 גרם,false,1,11.90,6.8000,true,1,39137
7290115201451,false,טבעול גורמה לביבות בטטה קארי 455 גרם,טבעול )מקבוצת אסם השקעות,IL,ארוחת לביבות בטטה קארי טבעול גורמה 455גר,גרמים,455.00,100 גרם,false,6,32.90,7.2308,true,1,47722
7290115201475,false,טבעול גורמה לביבות כרישה 434 גרם,טבעול )מקבוצת אסם השקעות,IL,ארוחת לביבות כרישה טבעול גורמה 434גר,גרמים,434.00,100 גרם,false,6,32.90,7.5806,true,1,47723
7290115201536,false,"טבעול גורמה לביבות כרובית ותפו""א 442 גרם",טבעול )מקבוצת אסם השקעות,IL,ארוחת לביבות כרובית תפוא טבעול גורמה442ג,גרמים,442.00,100 גרם,false,6,32.90,7.4434,true,1,47724
7290115201550,false,ביסלי קרנבל מיקס 150 ג' אסם,פרו מן יו פתרונות אר,IL,חטיף ביסלי קרנבל מיקס 200 גר,גרמים,150.00,100 גרם,false,1,9.10,6.0667,true,1,36870
7290115201680,false,ביסלי בטעם ברביקיו אסם 70 גרם,"אסם השקעות בע""\מ",IL,חטיף ביסלי ברביקיו70גרם,Unknown,0.00,Unknown,false,1,4.50,0.0000,true,1,36875
7290115201741,false,ביסלי בטעם בצל אסם 70 גרם,"אסם השקעות בע""\מ",IL,חטיף ביסלי בצל 70גרם,Unknown,0.00,Unknown,false,1,4.50,0.0000,true,1,36874
7290115202212,false,טבעול גורמה לביבות סלק 434 גרם,טבעול )מקבוצת אסם השקעות,IL,ארוחת לביבות סלק טבעול גורמה 434גר,גרמים,434.00,100 גרם,false,6,32.90,7.5806,true,1,47725
7290115202236,false,טופו קראנצ'ים טבעול 470 גרם,עיצובים 2020 (4.8),IL,טבעול טופו קראנצים 470גר,גרמים,470.00,100 גרם,false,6,32.90,7.0000,true,1,40486
7290115202304,false,אסם נודלס אטריות אורז מרובעות 230 גרם,תאי פרזידנט פוד פאבליק ק,TH,אטריות נודלס אורז מרובעות כלפ 230 גרם,גרמים,230.00,100 גרם,false,1,10.90,4.7391,true,1,38325
7290115202434,false,צבר סלט חומוס עם זעתר 375 גרם,ג'נרל מילס סאן אדריא,IL,סלט חומוס עם זעתר 375גר צבר,גרמים,375.00,100 גרם,false,1,12.90,3.4400,true,1,38610
7290115202748,false,אסם קטשופ לעל האש 710 גרם,"אסם תעשיות בע""מ",IL,קטשופ אוסם לעל האש 710 גר,גרמים,710.00,100 גרם,false,1,11.90,1.6761,true,1,39134
7290115202939,false,מנה חמה רייס נודלס עוף פטריות אסם 50 גרם,מיוצר עי קונדיטוריית,TH,מנה חמה רייס נודלס עוף פטריות 50 גר,Unknown,0.00,Unknown,false,12,8.50,0.0000,true,1,46530
7290115202977,false,אוסם - מנה חמה רייס נודלס רוטב סויה סיני 55 גרם,מיוצר עי קונדיטוריית,TH,מנה חמה רייס נודלס סויה סיני 55 גר,Unknown,0.00,Unknown,false,12,8.50,0.0000,true,1,46531
7290115203134,false,פופקו פופקורן במבה אסם 80 גרם,"אסם השקעות בע""\מ",IL,פופקו פופקורן במבה80 ג,Unknown,0.00,Unknown,false,1,5.60,0.0000,true,1,39680
7290115203172,false,במבה PRO מכיל 18 גרם חלבון בשקית,"אסם השקעות בע""\מ",IL,חטיף במבה פרו 80 גרם,Unknown,0.00,Unknown,false,1,5.00,0.0000,true,1,49855
7290115203363,false,פתיתים עם עגבניות אס,"אסם תעשיות בע""מ",,פתיתים ב עם עגבניות 400 גרם,גרמים,400.00,100 גרם,false,1,7.90,1.9750,true,1,39688
7290115203608,false,אינסטנט פודינג שוק.לבן80,"אסם השקעות בע""\מ",IL,אינסטנט פודינג שוקולד לבן אסם 80 גר,גרמים,80.00,100 גרם,false,1,6.00,7.5000,true,1,39131
7290115203936,false,"קטשופ אסם מופחת סוכר 690 גרם כל""פ","אסם תעשיות בע""מ",IL,קטשופ אוסם מופחת סוכר כשלפ 690 גר,גרמים,690.00,100 גרם,false,1,11.90,1.7246,true,1,38349
7290115204018,false,מנה חמה איטלקי פסטה בסגנון אלפרדו 60 ג' אסם,"אסם תעשיות בע""מ",IL,מנה חמה אסם פסטה אלפרדו 60 גר,Unknown,0.00,Unknown,false,1,6.90,0.0000,true,1,50748
7290115204056,false,"קטשופ מופחת סוכר אסם 690 גרם כשל""פ","אסם תעשיות בע""מ",IL,קטשופ אוסם 56%פחות סוכר 690 גר,גרמים,690.00,100 גרם,false,1,11.90,1.7246,true,1,39428
7290115204155,false,צבר סחוג אדום 6*190גרם חדש,פרסקו,IL,סחוג אדום 190גר צבר,גרמים,190.00,100 גרם,false,6,11.90,6.2632,true,1,47161
7290115204261,false,אריסה חריפה המעדנייה,פרסקו,IL,אריסה 190גר צבר,גרמים,190.00,100 גרם,false,6,11.90,6.2632,true,1,47162
7290115204582,false,סלט טחינה ירוקה 350ג,צבר,IL,סלט טחינה ירוקה 350גר צבר,גרמים,350.00,100 גרם,false,6,15.90,4.5429,true,1,39379
7290115204636,false,קטשופ אוסם לפיצה 690,"אסם תעשיות בע""מ",IL,קטשופ אוסם לפיצה 690 גרם,גרמים,690.00,100 גרם,false,1,11.90,1.7246,true,1,45148
7290115204957,false,לחמית איטלקית אסם 160 גרם,"אסם השקעות בע""\מ",IL,לחמית איטלקית 160 גרם,גרמים,160.00,100 גרם,false,1,10.90,6.8125,true,1,48361
7290115204995,false,לחמית ים תיכונית 160 גרם,"אסם השקעות בע""\מ",IL,לחמית ים תיכונית 160 גרם,גרמים,160.00,100 גרם,false,1,10.90,6.8125,true,1,48362
7290115205176,false,פיטנס - קרקר דק כפרי פיטנס 140 גרם,נסטלה Nestle,IL,קרקר פיטנס דק כפרי 140 גרם,גרמים,140.00,100 גרם,false,1,11.90,8.5000,true,1,45540
7290115205312,false,קרקר פיטנס דק עם זיתי קלמטה ועשבי תיבול,"אסם השקעות בע""\מ",IL,קרקר פיטנס דק זיתים 140 גרם,גרמים,140.00,100 גרם,false,1,11.90,8.5000,true,1,48363
7290115205435,false,לאבנה עם חציל על האש220ג,מחלבת כפר תבור ומפעל צבר,IL,לאבנה עם חציל על האש 220גר צבר,גרמים,220.00,100 גרם,false,6,15.90,7.2273,true,1,47183
7290115205480,false,לאבנה+פלפל ח+ג.חומוס220ג,מחלבת כפר תבור ומפעל צבר,IL,לאבנה עם פלפל חריף וגרגרי חומוס220גר צבר,גרמים,220.00,100 גרם,false,6,15.90,7.2273,true,1,47184
7290115205503,false,צבר לאבנה עם קרם פלפ,מחלבת כפר תבור ומפעל,IL,לאבנה עם קרם פלפלים 220גר צבר,גרמים,220.00,100 גרם,false,6,15.90,7.2273,true,1,47185
7290115205619,false,פתי בר פינוקי עוגת גבינה אסם 220 גרם,"gerard D\""R",IL,פתי בר פינוקי עוגת גבינה 220 גרם,גרמים,220.00,100 גרם,false,1,11.90,5.4091,true,1,48364
7290115205695,false,אסם בונזור בצק מצונן לפיצה 460 גרם,נסטלה סוויס )שוויץ(,CH,בצק מצונן לפיצה 460גר בונזור,גרמים,460.00,100 גרם,false,10,18.90,4.1087,true,1,47325
7290115205718,false,אסם בונזור בצק מצונן עלים 230 גרם,נסטלה סוויס )שוויץ(,CH,בצק עלים מצונן 230גר בונזור,גרמים,230.00,100 גרם,false,10,14.90,6.4783,true,1,47326
7290115205978,false,פתיבר ואצבעות שוקולד 180 גרם - רבנות,"t\ד""\ר ג'\רארד בע""\מn\",PL,פתי בר אצבעות שוקולד 180 גרם,גרמים,180.00,100 גרם,false,1,10.90,6.0556,true,1,47459
7290115206135,false,טבעול גורמה ארוחת קינואה 450 גרם,טבעול (מקבוצת אסם הש,IL,ארוחת קינואה טבעול גורמה 450גר,גרמים,450.00,100 גרם,false,8,32.90,7.3111,true,1,47721
7290115206333,false,אסם עוגיות מיני שוקוציפס 225 גר,"t\אסם השקעות בע""\מ",IL,עוגיות מיני שוקוציפס 225 ג,גרמים,225.00,100 גרם,false,1,11.00,4.8889,true,1,47458
7290115206708,false,במבה נוגט אינסייד אאוט 130 גר',"אסם תעשיות בע""מ",IL,חטיף במבה נוגט אינסייד אאוט 130 גר,גרמים,130.00,100 גרם,false,1,10.90,8.3846,true,1,46846
7290115206852,false,ביסלי צ'יזי סטיקס חדש 70 ג אסם,"אסם השקעות בע""\מ",IL,חטיף ביסלי ציז סטיקס 70 גרם,Unknown,0.00,Unknown,false,1,4.50,0.0000,true,1,49854
7290115206890,false,ביסלי המבורגר חדש 70 ג אסם,"אסם השקעות בע""\מ",IL,חטיף ביסלי המבורגר 70 גרם,Unknown,0.00,Unknown,false,1,4.50,0.0000,true,1,49853
7290115207347,false,"אינסטנט פודינג פירות יער אסם 80 גרם בד""ץ","אסם השקעות בע""\מ",IL,אינסטנט פודינג פירות יער אוסם 80 גר,Unknown,0.00,Unknown,false,1,6.00,0.0000,true,1,48359
7290115207507,false,"סלט טורקי 330 גרם ""צבר""",ג'נרל מילס סאן אדריא,IL,סלט טורקי 360גר צבר,גרמים,360.00,100 גרם,false,1,16.90,4.6944,true,1,47164
7290115207545,false,עוגיות קרמוגית מילוי,"אסם תעשיות בע""מ",,עוגיות קרמוגית מילוי קרם במבה אדומה200גר,גרמים,200.00,100 גרם,false,1,12.00,6.0000,true,1,47311
7290115207620,false,"רוטב בסגנון סויה קלאסי 290 מ""ל אסם","אסם השקעות בע""\מ",IL,רוטב סויה קלאסי אוסם 290 מל,מיליליטרים,290.00,"100 מ""ל",false,1,13.90,4.7931,true,1,48369
7290115207682,false,אסם רוטב בסגנון סויה סיני 9*290מל חדש,"אסם השקעות בע""\מ",IL,רוטב סויה סגנון סיני 290 מל,מיליליטרים,290.00,"100 מ""ל",false,1,11.90,4.1034,true,1,48367
7290115207743,false,ערגליות פונץ בננה 30,"אסם תעשיות בע""מ",IL,ערגליות פונץ בננה 300 גרם,גרמים,300.00,100 גרם,false,1,10.90,3.6333,true,1,47457
7290115207798,false,טבעול המבורגר חריף טבעוני 420 גרם,"טבעול תעשיות מזון בע""\מ",IL,בורגר חריף טבעול טבעוני 420גר,גרמים,420.00,100 גרם,false,6,32.90,7.8333,true,1,48022
7290115207903,false,סירופ ויטמינציק תפוח 2 ליטר,בית השיטה עסיס תעשיו,IL,סירופ ויטמנציק תפוח 2 ל,ליטרים,2.00,ליטר,false,1,41.90,20.9500,true,1,47103
7290115207941,false,סירופ אננס ויטמינצ'יק 1 ליטר,בית-השיטה עסיס תעשיות מז,IL,סירופ ויטמינציק אננס 1 ל,ליטרים,1.00,ליטר,false,12,22.90,22.9000,true,1,47096
7290115207965,false,סירופ מנגו אפרסק ויטמינצ'יק 1 ליטר,בית-השיטה עסיס תעשיות מז,IL,סירופ ויטמינציק מנגו אפרסק 1 ל,ליטרים,1.00,ליטר,false,12,22.90,22.9000,true,1,47099
7290115207989,false,סירופ לימון ויטמינצ'יק 1 ליטר,בית-השיטה עסיס תעשיות מז,IL,סירופ ויטמינציק לימון 1 ל,ליטרים,1.00,ליטר,false,12,22.90,22.9000,true,1,47097
7290115208009,false,סירופ ענבים ויטמינצ'יק 1 ליטר,בית-השיטה עסיס תעשיות מז,IL,סירופ ויטמינציק ענבים 1 ל,ליטרים,1.00,ליטר,false,12,22.90,22.9000,true,1,47100
7290115208047,false,סירופ פטל ויטמינצ'יק 1 ליטר,בית-השיטה עסיס תעשיות מז,IL,סירופ ויטמינציק פטל 1 ל,ליטרים,1.00,ליטר,false,12,22.90,22.9000,true,1,47095
7290115208061,false,סירופ תפוח ויטמינצ'יק 1 ליטר,בית השיטה עסיס תעשיות מז,IL,סירופ ויטמינציק תפוח 1 ל,ליטרים,1.00,ליטר,false,12,22.90,22.9000,true,1,47098
7290115208320,false,אפרופו חטיף בטעם ביסלי בצל 50 גרם,"אסם השקעות בע""\מ",IL,חטיף אפרופו טעם ביסלי בצל 50 גרם,Unknown,0.00,Unknown,false,1,5.00,0.0000,true,1,50754
7290115208849,false,"מנה חמה פסטה מוקרמת ט.עוף בד""צ 55גר","אסם תעשיות בע""מ",IL,מנה חמה אסם פירה עם בטטה 51 גר,Unknown,0.00,Unknown,false,1,6.90,0.0000,true,1,50749
7290115209198,false,במבה אוורירית אסם 80 גרם,"אסם תעשיות בע""מ",IL,חטיף במבה אורירית 80 גרם,Unknown,0.00,Unknown,false,1,5.00,0.0000,true,1,48994
7290115209235,false,ביסקוויט פתי בר קפה אסם 500 גרם,"אסם תעשיות בע""מ",IL,ביסקויט פתי בר קפה 500 גרם,גרמים,500.00,100 גרם,false,1,12.90,2.5800,true,1,50337
7290115209273,false,במבה במילוי אייסקפה 60 גרם,"אסם תעשיות בע""מ",IL,חטיף במבה במילוי אייס קפה 60 גר,גרמים,60.00,100 גרם,false,1,5.00,8.3333,true,1,49858
7290115250503,false,קרקר כוסמין שום ועשבי תיבול שקית 225 גרם,"מאפיית פת במלח בע""מ",IL,קרקר כוסמין שום עשבי תיבול 225 גרם,גרמים,225.00,100 גרם,false,10,22.90,10.1778,true,1,33667
7290115252330,false,וירו - מנת קינואה - בסגנון ספרדי עם ירוקת קלויים 340+130 מל',,PE,קינואה וירו עם ירקות קלויים 470 גרם,גרמים,470.00,100 גרם,false,12,13.90,2.9574,true,1,46076
7290115252354,false,וירו מנת קינואה ים תיכוני 470 גרם,,PE,קינואה וירו עם זוקיני ובצל 470 גרם,גרמים,470.00,100 גרם,false,12,13.90,2.9574,true,1,46077
7290115252460,false,מקלות כוסמין פתפותים,"מאפיית פת במלח בע""מ",IL,מקלות כוסמין פתפותים 200 גרם,גרמים,200.00,100 גרם,false,15,19.90,9.9500,true,1,49000
7290115252484,false,פאי כוסמין פיצוחים400ג,פתפותים לחמים ומאפים מקמ,IL,עוגת פאי פיצוחים פתפותים 400 גרם,גרמים,400.00,100 גרם,false,15,44.90,11.2250,true,1,49002
7290115252514,false,עוגת פאי פקאן פתפותי,"מאפיית פת במלח בע""מ",IL,עוגת פאי פקאן פתפותים 400 גרם,גרמים,400.00,100 גרם,false,15,44.90,11.2250,true,1,49004
7290115252781,false,מממולא כדורי תות לימון וחמאת שקדים,ממה חטיפי אנרגיה,IL,כדורי ממה שקדים ממולא תות לימון 220 גרם,גרמים,220.00,100 גרם,false,6,25.90,11.7727,true,1,49845
7290115254693,false,מאגדת סוכריות גוי לק,,CN,מאגדת סוכריות גוי לקישוט מסיבה160 גרם,גרמים,160.00,100 גרם,false,12,19.90,12.4375,true,1,48986
7290115254709,false,מאגדת סוכריות גוי לק,,CN,מאגדת סוכריות גוי לקישוט קלאסי 160 גרם,גרמים,165.00,100 גרם,false,12,19.90,12.0606,true,1,48987
7290115254723,false,סוכריות גוי מאגדת ורוד 160 גרם,,CN,מאגדת סוכריות גוי לקישוט ורוד 160 גרם,גרמים,160.00,100 גרם,false,12,19.90,12.4375,true,1,48985
7290115259179,false,טופי מלח בעבודת יד 100 גרם,,IL,טופי פנסטרס מלוח 100 גרם עבודת יד,גרמים,100.00,100 גרם,false,5,19.90,19.9000,true,1,45892
7290115259193,false,טופי פירות יער בעבודת יד 100 גרם,,IL,טופי פנסטרס פירות יער 100 גרם עבודת יד,גרמים,100.00,100 גרם,false,5,19.90,19.9000,true,1,45894
7290115259209,false,טופי לבנדר בעבודת יד 100 גרם,,IL,טופי פנסטרס לבנד 100 גרם עבודת יד,גרמים,100.00,100 גרם,false,5,19.90,19.9000,true,1,45893
7290115480009,false,"מרכך כביסה מרוכז פרש קונטרול ירוק 900 מ""ל סוד",הנקל סוד,IL,מרכך כביסה סוד מרוכז 900מל פרש ירוק,מיליליטרים,900.00,"100 מ""ל",false,12,11.90,1.3222,true,1,46488
7290115480023,false,סוד פאוור קאפס לכביסה צבעונית 45 יחי,הנקל,RS,קפסולות גל כביסה סוד 45יח,יחידה,45.00,יחידה,false,6,32.90,0.7311,true,1,49418
7290115623505,false,סיר 16סמ פוד אפל אוו,,,סיר 16סמ פוד אפל אווירי דאי פלוס מיני,יחידה,1.00,יחידה,false,1,56.90,56.9000,true,1,46011
7290115641028,false,"3 קופסאות אחסון+מכסים אטומים 800 מ""ל",,,סט 3 קופסאות מהודרות 800מל,יחידה,3.00,יחידה,false,1,11.90,3.9667,true,1,45284
7290115670240,false,"פריכיות טעימות אורז מלא דקות 135 גרם כשל""פ","שטראוס גרופ בע""\מ",IL,פריכיות אנרגי אורז מלא דקות 135 גר,גרמים,135.00,100 גרם,false,1,11.90,8.8148,true,1,38396
7290115670677,false,אנרג'י גרנולה פירות טרופיים 400 גרם,Unknown,CZ,גרנולה אנרגי פירות טרופיים 400 גר,גרמים,400.00,100 גרם,false,1,13.90,3.4750,true,1,39392
7290115671155,false,שלישיית סוכריות מאסט FRESH ענבים 45 גרם,הליקון גידה,TR,מארז 3 יח סוכ.בזוקה בטעם ענבים 45 גר,גרמים,135.00,100 גרם,false,1,8.90,6.5926,true,1,46901
7290115671193,false,מסטיק מאסט קרטיב לימ,,,מסטיק מאסט קרטיב לימון 66 גר,Unknown,0.00,Unknown,false,1,10.00,0.0000,true,1,40084
7290115671223,false,מסטיק מאסט פאן אבטיח מנגו צנצנת 58 גרם,אסקום קונפקשיין,DE,מסטיק מאסט פאן אבטיח מנגו 58 גר,Unknown,0.00,Unknown,false,1,10.00,0.0000,true,1,46899
7290115671261,false,שוקולד חלב אגוז שלם100*3,"שטראוס גרופ בע""\מ",IL,מארז 3יח שוקולד פרה חלב אגוז לוז 100 גרם,גרמים,100.00,100 גרם,false,1,25.90,25.9000,true,1,39145
7290115671308,false,מסטיק מאסט פאן בצנצנת תות דובדבן,אסקום קונפשטיין,DE,מסטיק מאסט פאן תות דובדבן 58 גר,Unknown,0.00,Unknown,false,1,10.00,0.0000,true,1,46900
7290115671339,false,מיני פינוקיות בראוניז בייגל בוטן עלית 180 ג' עלית,"הגביע מוצרי ופלים בע""\מ",IL,עוגיות מיני פינוקיות בראוניז בייגל 180 ג,גרמים,180.00,100 גרם,false,1,10.90,6.0556,true,1,40815
7290115671346,false,מיני פינוקיות טופי קרמל מלוח עלית 180 גרם,"הגביע מוצרי ופלים בע""\מ",IL,עוגיות מיני פינוקיות קרמל מלוח 180 ג,גרמים,180.00,100 גרם,false,1,10.90,6.0556,true,1,40816
7290115671353,false,מיני פינוקיות עוגיות קקאו במילוי קרם בטעם וניל,"הגביע מוצרי ופלים בע""\מ",IL,עוגיות מיני פינוקיות שחור לבן 180 ג,גרמים,180.00,100 גרם,false,1,10.90,6.0556,true,1,46906
7290115671469,false,כוס חבק קפה טורקי על,פרח תעשיות,,כוס חבק קפה טורקי עלית,Unknown,0.00,Unknown,false,1,10.00,0.0000,true,1,50260
7290115671629,false,אצבע.שוק.ארטיק שוקו/בננה,"שטראוס גרופ בע""\מ",IL,שוקולד אצבעות ארטיק שוקו 96 גר,גרמים,96.00,100 גרם,false,1,7.50,7.8125,true,1,40814
7290115673562,false,בפלות אחת אחת עם קרם קפה נמס 240 גרם,הגביע מוצרי וופלים ב,IL,בפלות אחת אחת קפה נמס 240 גרם,גרמים,240.00,100 גרם,false,1,13.90,5.7917,true,1,46480
7290115673869,false,מארז חגיגי גרנולה פי,,,מארז גרנולה אנרגי פירות400גר+צנצנת,גרמים,400.00,100 גרם,false,1,13.90,3.4750,true,1,40826
7290115673876,false,מארז חגיגי גרנולה שו,,,מארז גרנולה אנרגי שוקולד400גר+צנצנת,גרמים,400.00,100 גרם,false,1,13.90,3.4750,true,1,40825
7290115674156,false,שוק.מיקס עוגיות+עדשים95ג,"שטראוס גרופ בע""\מ",IL,שוקולד פרה מיקס עוגיות עדשים 95 גרם,גרמים,100.00,100 גרם,false,1,5.90,5.9000,true,1,39144
7290115674187,false,רבע לשבע מוס פטל 100 גרם,"הגביע מוצרי וופלים בע""\מ",IL,מוס רבע לשבע פטל מצופה 100 גרם,גרמים,100.00,100 גרם,false,1,14.90,14.9000,true,1,45546
7290115674712,false,חטיף קרקר סריראצ'ה 170גר,"אלאדין בייקרס בע""\מ",US,קרקר ברדס סריראצה 170 גרם,גרמים,170.00,100 גרם,false,12,14.90,8.7647,true,1,46584
7290115674729,false,ברדז גריסיני בטעם מלפפון חמוץ 170ג,"אלאדין בייקרס בע""\מ",US,גריסיני ברדס מלפפון חמוץ 170 גרם,גרמים,170.00,100 גרם,false,12,14.90,8.7647,true,1,46585
7290115674736,false,BREADZ מקלות חרדל דבש 170 גרם,"אלאדין בייקרס בע""\מ",US,גריסיני ברדס חרדל דבש 170 גרם,גרמים,170.00,100 גרם,false,12,14.90,8.7647,true,1,46586
7290115674743,false,פיתה צ'יפס מלח ים 170גרם,"אלאדין בייקרס בע""\מ",US,חטיף ברדס פיתה מלח ים 170 גרם,גרמים,170.00,100 גרם,false,12,14.90,8.7647,true,1,46581
7290115674750,false,BREADZ פיתה מלפפון חמוץ 170 גרם,"אלאדין בייקרס בע""\מ",US,חטיף ברדס פיתה מלפפון חמוץ 170 גרם,גרמים,170.00,100 גרם,false,12,14.90,8.7647,true,1,46582
7290115674774,false,קרקר אפוי עם זרעי צ'יה וקינואה 170 ג' BREADZ,"אלאדין בייקרס בע""\מ",US,קרקר ברדס קינואה ציה 170 גרם,גרמים,170.00,100 גרם,false,12,14.90,8.7647,true,1,46583
7290115675580,false,קוואקר חטיף בוטנים עם שיבולת שועל 50 גרם,"שטראוס פריטו ליי בע""\מ )",IL,חטיף קוואקר ובוטנים 50 גרם,Unknown,0.00,Unknown,false,1,3.90,0.0000,true,1,45509
7290115675696,false,דגני בוקר קראנצ'ים שיבולת שועל עם אגוזים ושקדים,גלידות שטראוס,PL,דגני כרוזלי קראנצים אגוזים375 גרם,גרמים,375.00,100 גרם,false,6,17.90,4.7733,true,1,40560
7290115675702,false,דגני בוקר קראנצ'ים שיבולת שועל עם פירות מיובשים,גלידות שטראוס,PL,דגני כרוזלי קראנצים פירות 375 גרם,גרמים,375.00,100 גרם,false,6,17.90,4.7733,true,1,40561
7290115675733,false,קפסולות אספרסו עם הל למכונות NESPRESSO,שטראוס קפה בי.וי.,IL,קפסולות אספרסו עם הל 10 יח,יחידה,10.00,יחידה,false,1,17.00,1.7000,true,1,40819
7290115675764,false,קפסולות 08 100% אתיופיה למכונות נספרסו,הנסיך- מפעל לייצור ט,IL,קפסולות אספרסו 8 אתיופיה10 יח,יחידה,10.00,יחידה,false,1,17.00,1.7000,true,1,46908
7290115675887,false,קפה נמס מילקשייק וני,,,קפה נמס מילקשייק וניל עוגיות 200 גרם,גרמים,200.00,100 גרם,false,1,15.90,7.9500,true,1,40342
7290115675986,false,דנונה יוגורט בר עם אגוזים מקורמלים 173 גרם,"שטראוס בריאות בע""\מ",IL,יוגורט דנונה בר אגוז מקורמל קראנצ 173גר,גרמים,173.00,100 גרם,false,12,4.70,2.7168,true,1,37841
7290115676020,false,דנונה בר בזוקה 173גר,מיוצר עי קונדיטוריית,IL,דנונה בר בזוקה 173גר,גרמים,173.00,100 גרם,false,1,4.70,2.7168,true,1,46878
7290115676037,false,דנונה ריפרש יוגורט עם תות ודומדמניות 1.6% שומן,מיוצר עי קונדיטוריית,IL,משקה יוגורט דנונה ריפרש תות דומדמיות 250,מיליליטרים,250.00,"100 מ""ל",false,12,5.90,2.3600,true,1,39906
7290115676044,false,יוגורט+אפרסק+מנגו250גרם,מיוצר עי קונדיטוריית,IL,משקה יוגורט דנונה ריפרש אפרסק מנגו 250מל,מיליליטרים,250.00,"100 מ""ל",false,12,5.90,2.3600,true,1,39905
7290115676051,false,"משקה אקטיביה שיבולת שועל במתיקות מעודנת 250 מ""ל",מיוצר עי קונדיטוריית,IL,משקה אקטיביה 250 מל שבולת שועל במתיקות,מיליליטרים,250.00,"100 מ""ל",false,1,5.40,2.1600,true,1,45489
7290115676082,false,משקה דנונה פרו 20 יוגורט תות 255 ג' רבנות,"שטראוס בריאות בע""\מ.",IL,משקה דנונה פרו תות 20גר חלבון 250מל,מיליליטרים,250.00,"100 מ""ל",false,12,7.10,2.8400,true,1,39871
7290115676099,false,משקה דנונה פרו 20 יוגורט וניל 255 ג' רבנות,"שטראוס בריאות בע""\מ.",IL,משקה דנונה פרו וניל 20גר חלבון 250מל,מיליליטרים,250.00,"100 מ""ל",false,12,7.10,2.8400,true,1,39870
7290115676693,false,תפוצ'יפס מלח חומץ 50 ג' עלית,"שטראוס פריטו ליי בע""\מ )",IL,חטיף תפוציפס מלח חומץ 50 גרם,Unknown,0.00,Unknown,false,1,4.30,0.0000,true,1,49157
7290115676860,false,קוואקר פחית+שקית500*2גרם,וולקרס סנקס לימיטד,CH,מארז שבולת שועל קוואקר פחית+שקית500גר,גרמים,1000.00,100 גרם,false,1,21.90,2.1900,true,1,39026
7290115677089,false,קונפיטורת תפוח וקינמון יד מרדכי 340 גרם,"בית אל מזון בע""מ",IL,קונפיטורה תפוח קינמון יד מרדכי 340 גר,גרמים,340.00,100 גרם,false,1,13.90,4.0882,true,1,40818
7290115677362,false,"נודלס טריאקי ""דלישס"" שטראוס","טרופיקל דגיל בע""מ אז",IL,ארוחת נודלס טריאקי דלישס 350גר,גרמים,350.00,100 גרם,false,10,26.90,7.6857,true,1,45478
7290115677423,false,אורז ירוק קארי חריף חריף דלישס 350 גרם,"טרופיקל דגיל בע""מ אז",IL,ארוחת אורז קארי ירוק חריף דלישס 350גר,גרמים,350.00,100 גרם,false,10,26.90,7.6857,true,1,45481
7290115677478,false,צ'יטוס פופקורן פלמין 60ג,"שטראוס פריטו ליי בע""\מ )",IL,חטיף ציטוס פופקורן פלמין הוט 60 גרם,Unknown,0.00,Unknown,false,1,4.00,0.0000,true,1,40033
7290115677676,false,חומוס עשיר בטחינה גולמית עם מלא חריף 400 גר אחלה,"שטראוס גרופ בע""\מ",IL,חומוס עשיר בטחינה עם חריף 40% 400גרם,גרמים,400.00,100 גרם,false,1,13.90,3.4750,true,1,37827
7290115677720,false,אחלה כרוב לבן ותירס במיונז 500ג,"שטראוס גרופ בע""\מ",IL,סלט כרוב לבן ותירס במיונז 500גר,גרמים,500.00,100 גרם,false,6,16.90,3.3800,true,1,38318
7290115677898,false,ממרח עדשים קארי פיקנטי,"שטראוס גרופ בע""\מ",IL,ממרח עדשים קארי פיקנטי 235גר אחלה,גרמים,235.00,100 גרם,false,6,10.90,4.6383,true,1,39237
7290115677904,false,חומוס פלפלים חריף 235גרם,מיוצר עי קונדיטוריית,IL,סלט חומוס פלפל חריף 235גר אחלה,גרמים,235.00,100 גרם,false,6,10.90,4.6383,true,1,39236
7290115677911,false,סלט תחליף ביצים טבעו,STRAUSS-ISRAEL,IL,סלט תחליף ביצים טבעוני 235גר,גרמים,235.00,100 גרם,false,6,16.90,7.1915,true,1,45528
7290115677959,false,גואקמולי סלט אבוקדו,סנטה אירפואטו,IL,ממרח גוואקמולי 220גר,גרמים,220.00,100 גרם,false,1,14.90,6.7727,true,1,45527
7290115677966,false,ממרח אבוקדו טעם הטבע 200 גרם,ג'י. אר. סימפלוט,MX,ממרח אבוקדו טעם הטבע 200 גרם,גרמים,200.00,100 גרם,false,1,14.90,7.4500,true,1,45378
7290115677997,false,חומוס עשיר בטחינה שו,"שטראוס גרופ בע""\מ",IL,חומוס עשיר בטחינה שום לימון 40% 400גרם,גרמים,400.00,100 גרם,false,1,13.90,3.4750,true,1,40746
7290115678048,false,טחינה קרם חציל 235 גרם,"שטראוס גרופ בע""\מ",IL,סלט טחינה קרם חציל 235גר אחלה,גרמים,235.00,100 גרם,false,6,10.90,4.6383,true,1,39666
7290115678215,false,דנונה פרו ויטD וסידן200ג,"שטראוס בריאות בע""\מ",IL,דנונה פרו 20גר חלבון עם סידן ויטמין 200ג,גרמים,200.00,100 גרם,false,12,6.50,3.2500,true,1,39252
7290115678222,false,מארז 8 גביעים יוגורט Greek בסגנון יווני 6.5% שומן,"שטראוס בריאות בע""\מ",IL,מארז 8יח דנונה יווני 125גרם,גרמים,1000.00,100 גרם,false,3,23.90,2.3900,true,1,39909
7290115678291,false,אקטימל ויטמין רביעיי,שטראוס,IL,מארז 4יח משקה אקטימל ויטמין סי ודי 432גר,גרמים,432.00,100 גרם,false,12,11.90,2.7546,true,1,39910
7290115678314,false,משקה בלונדי שקיות 225*6מ,מחלבת יטבתה,IL,מארז 6יח משקה בלונדי 225מל יטבתה,ליטרים,1.35,ליטר,false,10,17.90,13.2593,true,1,45166
7290115678321,false,יוגורט אקטיביה עם צי,מיוצר עי קונדיטוריית,IL,דנונה אקטיביה ציה מנגו 3% 150 גר,גרמים,150.00,100 גרם,false,24,4.70,3.1333,true,1,40761
7290115678352,false,דנונה טעם וניל 150גר,מיוצר עי קונדיטוריית,IL,דנונה טעם וניל 150גר 3.3%שומן,גרמים,150.00,100 גרם,false,1,3.70,2.4667,true,1,40051
7290115678376,false,מעדן הגולן שוקולד 125 גרם,מיוצר עי קונדיטוריית,IL,מעדן הגולן שוקולד 125גר,גרמים,125.00,100 גרם,false,24,2.90,2.3200,true,1,40756
7290115678383,false,מעדן הגולן שוקולד מריר 125 גרם,מיוצר עי קונדיטוריית,IL,מעדן הגולן שוקולד מריר 125גר,גרמים,125.00,100 גרם,false,24,2.90,2.3200,true,1,40757
7290115678543,false,דנונה WOW פאי לימון150גר,מיוצר עי קונדיטוריית,IL,דנונה וואו פאי לימון 150גרם 3.5% שומן,גרמים,150.00,100 גרם,false,12,4.90,3.2667,true,1,45171
7290115678550,false,דנונה פרו 20 גרם חלבון פיסטוק 200 גרם,"שטראוס בריאות בע""\מ",IL,דנונה פרו ט. פיסטוק 20גר חלבון 200 גרם,גרמים,200.00,100 גרם,false,1,6.10,3.0500,true,1,45487
7290115678598,false,חסה אייסברג שטראוס טעם הטבע,שטראוס בריאות ירקות טריי,IL,חסה אייסברג חיתוך גס 300 גרם,גרמים,300.00,100 גרם,false,1,10.90,3.6333,true,1,45550
7290115678635,false,נשנושי גבינה -גבינת שמנת 16%+כעכים שטוחים עם מלח,"מחלבת טבע עז בע""\מ",IL,נשנושי גבינה עם כעכים שטוחים 67גר,Unknown,0.00,Unknown,false,10,9.90,0.0000,true,1,49819
7290115678666,false,נשנוש טחינה קרם חציל,"שטראוס גרופ בע""מ",IL,טחינה קרם חציל אחלה נשנוש פריכיות 120גר,גרמים,120.00,100 גרם,false,6,10.90,9.0833,true,1,46859
7290115678789,false,כרוב סגול קצוץ 400 ג,,,כרוב סגול קצוץ 400 גר אחלה,גרמים,400.00,100 גרם,false,1,10.90,2.7250,true,1,40871
7290115678970,false,מארז סוכריות FRESH בטעם בזוקה עלית 3*15 ג',"הליקון גידה בע""\מ",TR,מארז 3 יח סוכ.פרש בזוקה 45 גר,גרמים,135.00,100 גרם,false,1,8.90,6.5926,true,1,40817
7290115679519,false,שייק פירות ורוד 150X2גר,סיבהפרוסט,BE,שייק פירות ורוד 2יח 150גר דלישס,גרמים,300.00,100 גרם,false,1,21.90,7.3000,true,1,51258
7290115679731,false,שייק פירות ירוק 150X2גר,סיבהפרוסט,BE,שייק פירות ירוק 2יח 150גר דלישס,גרמים,300.00,100 גרם,false,1,21.90,7.3000,true,1,51259
7290115679762,false,שייק פירות צהוב 150X2גר,סיבהפרוסט,BE,שייק פירות צהוב 2יח 150גר דלישס,גרמים,300.00,100 גרם,false,1,21.90,7.3000,true,1,51260
7290115679779,false,שייק פירות אדום דליש,סיבהפרוסט,BE,שייק פירות אדום 2יח 150גר דלישס,גרמים,300.00,100 גרם,false,1,21.90,7.3000,true,1,51261
7290115679878,false,"פיצה מבצק עם סלק ""דלישס"" שטראוס",גסטרונומיה פרוסט אס.,IL,פיצה מבצק עם סלק 320גר דלישס,גרמים,320.00,100 גרם,false,10,27.90,8.7187,true,1,47179
7290115679885,false,פיצה מבצק עם כרובית עם רוטב עגבניות ומוצרלה,גסטרונומיה פרוסט אס.,IT,פיצה מבצק עם כרובית 320גר דלישס,גרמים,320.00,100 גרם,false,10,27.90,8.7187,true,1,45486
7290115679915,false,פיצה מבצק עם דלעת עם רוטב עגבניות ומוצרלה,אליסה פוד אס.אר. אל,IL,פיצה מבצק עם דלעת 320גר דלישס,גרמים,320.00,100 גרם,false,10,27.90,8.7187,true,1,47180
7290115679960,false,ציטוס פופקורן בטעם טבעי 60 ג 24 יח,"שטראוס פריטו ליי בע""\מ )",IL,חטיף ציטוס פופקורן טבעי 60 גרם,Unknown,0.00,Unknown,false,1,4.00,0.0000,true,1,41077
7290116530000,false,"דאב - תרחיץ פנים מרענן בניחוח מלפפון ותה ירוק 180 מ""ל","יוניליוור פולין, רחוב קר",IL,תרחיץ פנים דאב 180מל מלפפון,מיליליטרים,180.00,"100 מ""ל",false,1,14.90,8.2778,true,1,49440
7290116530017,false,"תרחיץ פנים דאב בתוספת גוגי ברי 180 מ""ל",יוניליוור,IL,תרחיץ פנים דאב גוגי ברי 180מל,מיליליטרים,180.00,"100 מ""ל",false,1,14.90,8.2778,true,1,40307
7290116530062,false,רוטב ויניגרט לסלט הלמנס 295 גרם,יוניליוור ישראל מזון בע\,IL,הלמנס רוטב ויניגרט לסלט 295 גרם,גרמים,295.00,100 גרם,false,1,12.90,4.3729,true,1,40096
7290116530147,false,"תחליב רחצה שייק פירות יער ירוקים ומאצה פינוק 700 מ""ל",יוניליוור ישראל טיפוח אי,IL,תחליב רחצה פינוק פירות יער 700 מל,מיליליטרים,700.00,"100 מ""ל",false,1,11.90,1.7000,true,1,39806
7290116530222,false,דאודרנט סטיק לגבר אנרכי 76 ג' אקס,יוניליוור פארם,US,דאו אקס סטיק אנרכי 77 גרם,Unknown,0.00,Unknown,false,1,16.90,0.0000,true,1,39801
7290116530239,false,אקס דאו סטיק לגבר בלאק 7 גרם,יוניליוור פארם,US,דאו אקס סטיק בלאק 77 גרם,Unknown,0.00,Unknown,false,1,16.90,0.0000,true,1,39802
7290116530482,false,תלמה מארז קורנפלקס אלופים 30 גרם*5 יחידו,פרו מן-יו פתרנות ארי,IL,מארז 5 יח קורנפקס אלופים 30 גרם,גרמים,150.00,100 גרם,false,8,12.90,8.6000,true,1,45601
7290116530871,false,נשנושים מיקס בייגל בייגל 240 גרם,"דרך השוקולד ,1 צפת 13404",IL,נשנושים מיקס 240 גרם,גרמים,260.00,100 גרם,false,1,12.90,4.9615,true,1,39512
7290116530888,false,ג'ל לכביסה לבנה וצבעונית פינוק כחול בדין 2.5 ל',"זוהר דליה, קיבוץ דליה, 1",IL,גל כביסה בדין 2.5ליטר פינוק קלאסי,מיליליטרים,2500.00,"100 מ""ל",false,6,27.90,1.1160,true,1,40317
7290116531021,false,"שוקולד חלב ורד הגליל 100 גרם כשל""פ",יוניליוור ישראל מזון,IL,שוקולד ורד הגליל חלב 100 גרם,גרמים,100.00,100 גרם,false,12,5.90,5.9000,true,1,45555
7290116531038,false,"שוקולד מריר 60% ורד הגליל 100 גרם כשל""פ",יוניליוור ישראל מזון,IL,שוקולד ורד הגליל 60% מריר 100 גרם,גרמים,100.00,100 גרם,false,12,5.90,5.9000,true,1,45556
7290116531137,false,קנור מרק עשיר תאילנד,יוניליוור ישראל מזון,IL,מרק קנור עשיר תאילנדי 65 גר,Unknown,0.00,Unknown,false,1,11.90,0.0000,true,1,45216
7290116531311,false,חטיף קליק בלאק אנד וויט שוקולד לבן 35 גר,יוניליוור ישראל מזון בע\,IL,חטיף קליק אוקי בלאק וויט 35 גרם,Unknown,0.00,Unknown,false,1,5.00,0.0000,true,1,46189
7290116531496,false,קינמונים דגנים פריכים מצופים 375 גרם,"נאוג'\אזיס נווזיס ,UAB ג",LT,דגני קוקמן קינמונים 375 גר בדץ,גרמים,375.00,100 גרם,false,1,19.90,5.3067,true,1,47661
7290116531557,false,"פריכיות פתית תירס עם מלח 150 גרם כשל""פ",גוד פוד פרודקטס Sp.zo.o,PL,פריכיות פתית דקות תירס מלא 150 גרם,גרמים,150.00,100 גרם,false,12,12.90,8.6000,true,1,47792
7290116531564,false,מאגדת פתית פריכיות תירס דקות עם קינואה ובזיליקום 150 ג',גוד פוד פרודקטס Sp.zo.o,PL,פריכיות פתית דקות קינואה 150 גרם,גרמים,150.00,100 גרם,false,12,12.90,8.6000,true,1,47791
7290116531571,false,סיף מטליות לחות לניקוי כללי 99.9% בניחוח,יוניליוור ניקיון,IL,מטליות לחות לניקוי כללי 50יח,יחידה,50.00,יחידה,false,1,9.90,0.1980,true,1,46552
7290116531595,false,מגבונים סיף לניקוי בניחוח מאסק 50 יח',יוניליוור,IL,מגבונים לניקוי כללי סיף 50יח בניחוח מאסק,יחידה,50.00,יחידה,false,1,9.90,0.1980,true,1,46550
7290116531649,false,"שמפו פינוק לשיער בניחוח תפוח 700 מ""ל",יוניליוור ישראל טיפוח אי,IL,שמפו פינוק 700 מל ניחוח תפוח,מיליליטרים,700.00,"100 מ""ל",false,1,11.90,1.7000,true,1,49442
7290116531656,false,"מרכך פינוק לשיער בניחוח תפוח 700 מ""ל",יוניליוור ישראל טיפוח אי,IL,מרכך פינוק 700 מל ניחוח תפוח,מיליליטרים,700.00,"100 מ""ל",false,1,11.90,1.7000,true,1,49444
7290116531731,false,"חטיף שוגי שוקולד לבן 130 גרם כשל""פ","טחנת האבן תעשיות בע""\מ,",IL,חטיף דגנים שוגי שוקולד לבן כשלפ,גרמים,156.00,100 גרם,false,1,14.90,9.5513,true,1,47566
7290116531762,false,דפים ריחניים למייבש כביסה בדין ורוד 40 יחידות,"קלינטסט - 3p ארה""ב",US,בדין דפי מרכך ורוד למייבש 40 יח,יחידה,40.00,יחידה,false,1,16.90,0.4225,true,1,47774
7290116531779,false,דפים ריחניים למייבש כביסה בדין כחול 40 יחידות,"קלינטסט - 3p ארה""ב",US,בדין דפי מרכך כחול למייבש 40 יח,יחידה,40.00,יחידה,false,1,16.90,0.4225,true,1,47773
7290116531793,false,הלמנ'ס רוטב לסלט קיסר 295 גרם,יוניליוור ישראל מזון בע\,IL,הלמנס רוטב קיסר לסלט 295 גרם,גרמים,295.00,100 גרם,false,1,12.90,4.3729,true,1,46182
7290116531830,false,דגני בוקר קינמון 686 ג' כריות,"יוניליוור שפע ישראל בע""\",IL,דגני כריות קינמון 686 גרם,גרמים,686.00,100 גרם,false,1,21.90,3.1924,true,1,46816
7290116531892,false,רוטב ברביקיו מעושן יום עצמאות קנור 350 גרם,יוניליוור ישראל מזון בע\,IL,רוטב קנור ברביקיו מעושן 350 מל,מיליליטרים,350.00,"100 מ""ל",false,1,12.90,3.6857,true,1,47717
7290116531908,false,רוטב מרינדה לגריל יום עצמאות קנור 340 גרם,יוניליוור ישראל מזון בע\,IL,רוטב קנור מרינדה על האש 340 מל,מיליליטרים,340.00,"100 מ""ל",false,1,12.90,3.7941,true,1,47716
7290116531939,false,גלידה בשומן צמחי בטעם תות שדה בציפוי מכיל שוקולד,"גלידת שטראוס בע""\מ, רח'",IL,גלידונית תות מצופה 60 יח,גרמים,700.00,100 גרם,false,1,44.90,6.4143,true,1,47564
7290116532028,false,קליק חטיף נוגט חלב כשר לפסח,"דרך השוקולד 1, צפת 1",IL,חטיף קליק מלוי נוגט כשלפ 35 גרם,Unknown,0.00,Unknown,false,1,5.00,0.0000,true,1,47760
7290116532219,false,קורנפלקס תות תלמה אלופים 448 גרם,"יוניליוור שפע ישראל בע""\",IL,קורנפלקס תלמה תות448 גר בדץ,גרמים,448.00,100 גרם,false,1,17.90,3.9955,true,1,48405
7290116532240,false,קליק טבלה שוקולד חלב פצפוצי דגנים ועוגי 85 גרם רבנות,יוניליוור ישראל מזון בע\,IL,שוקולד קליק פיצפוצי דגנים 85 ג,Unknown,0.00,Unknown,false,1,5.90,0.0000,true,1,48404
7290116532264,false,מאגדת גודיז פרי אפרסק יוגורט בציפוי 300 ג' שטראוס,"גלידת שטראוס בע""\מ, רחוב",IL,מאגדת שלגון גודיס אפרסק 5יח,יחידה,5.00,יחידה,false,1,24.90,4.9800,true,1,48304
7290116532271,false,סנדוויץ לייט גודיז שוקולד וניל 270 ג' שטראוס,"גלידת שטראוס בע""\מ, רחוב",IL,מאגדת גודיז סנדוויץ וניל 270גר,גרמים,270.00,100 גרם,false,1,29.90,11.0741,true,1,48303
7290116532400,false,בייגל בייגל בייגלה מקלות עם מלח 235ג,בייגל בייגל,IL,בייגלה מקלות מלוח 235 גרם בדצ,גרמים,225.00,100 גרם,false,1,6.90,3.0667,true,1,49486
7290116532462,false,גלידת שמנת קליק בטעמי שוקולד בננה 384 ג' שטראוס,"גלידת שטראוס בע""\מ, רחוב",IL,גלידה פיינט קליק שוקולד בננה 520מל,מיליליטרים,520.00,"100 מ""ל",false,6,16.90,3.2500,true,1,48535
7290116532479,false,קליק גלידת שמנת בטעמי שוקולד לבן עוגיות 384 ג' שטראוס,"גלידת שטראוס בע""\מ, רחוב",IL,גלידה פיינט קליק שוק.לבן קרם עוגיות520מל,מיליליטרים,520.00,"100 מ""ל",false,6,16.90,3.2500,true,1,48534
7290116532486,false,גלידת שמנת קליק בטעמי וניל קרמל מלוח 384 ג' שטראוס,"גלידת שטראוס בע""\מ, רחוב",IL,גלידה פיינט קליק וניל קרמל מלוח 520מל,מיליליטרים,520.00,"100 מ""ל",false,6,16.90,3.2500,true,1,48536
7290116532585,false,דגני בוקר ברנפלקס קרנצ'ים בטעם דבש וקינמון,"יוניליוור שפע ישראל בע""\",IL,דגני ברנפלקס קרנצים דבש קינמון 375 גר,גרמים,375.00,100 גרם,false,1,19.90,5.3067,true,1,49482
7290116532622,false,"מרכך לשיער בתוספת תמצית גוג'י ברי פינוק 700 מ""ל.",יוניליוור ישראלn\טיפוח א,IL,מרכך פינוק 700 מל גוגי ברי,מיליליטרים,700.00,"100 מ""ל",false,1,11.90,1.7000,true,1,49445
7290116532721,false,רוטב הלמנס ישראלי לסלט לימון וזעתר 305 ג,אתר חיפה ממרחים - Fo,IL,הלמנס רוטב ישראלי לסלט 295 גרם,גרמים,295.00,100 גרם,false,1,12.90,4.3729,true,1,50333
7290116532738,false,רוטב איטלקי לסלט בזיליקום ואורגנו 305 גרם,אתר חיפה ממרחים - Fo,IL,הלמנס רוטב איטלקי לסלט 295 גרם,גרמים,295.00,100 גרם,false,1,12.90,4.3729,true,1,50332
7290116532868,false,פינוק בייבי שמפו אל דמע לתינוקות 900 מל,יוניליוור ישראלn\טיפוח א,IL,שמפו פינוק בייבי 900 מל,מיליליטרים,900.00,"100 מ""ל",false,12,21.90,2.4333,true,1,50016
7290116532875,false,פינוק בייבי אל סבון לתינוקות 970 מל-משאבה,יוניליוור ישראלn\טיפוח א,IL,סבון נוזלי פינוק בייבי 900 מל,מיליליטרים,900.00,"100 מ""ל",false,12,21.90,2.4333,true,1,50014
7290116533063,false,דגני בוקר שוגי קרטיב ענבים 400 גרם,"יוניליוור שפע ישראל בע""\",IL,דגני שוגי קרטיב ענבים 400 גרם,גרמים,375.00,100 גרם,false,1,19.90,5.3067,true,1,49483
7290116533230,false,דגני בוקר דליאגוז תל,יוניליוור,,דגני דליאגוז תלמה 400 גר בדץ,גרמים,400.00,100 גרם,false,1,19.90,4.9750,true,1,51513
7290116930077,false,יוגורט יופלה דיאט אפ,"תנובה בע""מ",IL,יוגורט יופלה דיאט אפרסק פסיפלורה 0% 150ג,גרמים,150.00,100 גרם,false,1,5.50,3.6667,true,1,47204
7290116930282,false,ארוחה בקטנה לאבנה עם קרקרים 150ג' תנובה,תנובה חלב,IL,ארוחה בקטנה לאבנה עם קרקרים 150גר,גרמים,150.00,100 גרם,false,24,8.50,5.6667,true,1,49863
7290116930329,false,יופלה OLALA יוגורט בטעם וניל+שכבת פירות יער בתחתית 150 גר',"תנובה בע""\מ",IL,יוגורט יופלה אוללה פירות יער בתחתית150גר,גרמים,150.00,100 גרם,false,1,5.10,3.4000,true,1,47269
7290116930374,false,משולשי פרומעז 200 גרם,"תנובה בע""\מ",IL,משולשי גבינת פרומעז 200גר,גרמים,200.00,100 גרם,false,96,28.90,14.4500,true,1,48711
7290116930435,false,יוגורט יופלה GO במרקם סמיך עם דובדבן 0%,תנובה מרכז שיתופי לש,IL,מעדן יופלה גו דובדבן במרקם סמיך 200גר,מיליליטרים,200.00,"100 מ""ל",false,1,6.20,3.1000,true,1,48420
7290116930459,false,"יופלה שייק מנגו בננה אננס וקוקוס 230 מ""ל",קבוצת המזון אקטשלאר,IL,יופלה שייק 230מל אננס וקוקוס,מיליליטרים,230.00,"100 מ""ל",false,12,7.90,3.4348,true,1,49504
7290116930480,false,"משקה SHAKE בננה קיווי תפוח 230 מ""ל יופלה",קבוצת המזון אקטשלאר,IL,יופלה שייק 230מל בננה קיווי תפוח,מיליליטרים,230.00,"100 מ""ל",false,12,7.90,3.4348,true,1,49502
7290116930558,false,ויסוצקי משקה תה קר עם חלב בטעם צאי קרמל,תנובה חלב,IL,משקה תה קר עם חלב טעם צאי קרמל 230מל,גרמים,230.00,100 גרם,false,8,6.90,3.0000,true,1,49326
7290116930565,false,ויסוצקי משקה תה קר עם חלב בטעם צאי מסאלה,תנובה חלב,IL,משקה תה קר עם חלב טעם צאי מסאלה 230מל,גרמים,230.00,100 גרם,false,8,6.90,3.0000,true,1,49327
7290116930572,false,ויסוצקי משקה תה קר עם חלב בטעם צאי ורדים,תנובה חלב,IL,משקה תה קר עם חלב טעם צאי ורדים 230מל,גרמים,230.00,100 גרם,false,8,6.90,3.0000,true,1,49569
7290116930589,false,יופלה דיאט ט.מרנג לימון,"תנובה בע""\מ",IL,יוגורט יופלה דיאט מרנג לימון 150גר,גרמים,150.00,100 גרם,false,1,5.50,3.6667,true,1,49648
7290116930596,false,סינר חג ילדים,,,סינר חג ילדים,יחידה,1.00,יחידה,false,1,9.90,9.9000,true,1,48505
7290116930626,false,ארוחה בקטנה ציזיקי עם קרקרים 150ג' תנובה,תנובה חלב,IL,ארוחה בקטנה ציזיקי עם קרקרים 150גר,גרמים,150.00,100 גרם,false,24,8.50,5.6667,true,1,49864
7290116930633,false,יולו בייגלה שוק.בלונד120,תנובה בעמ,IL,מעדן יולו שוק. בלונד תוספת שברי בייגל120,גרמים,120.00,100 גרם,false,1,5.00,4.1667,true,1,49325
7290116930640,false,יולו בייגלה שוקול.חלב120,תנובה בעמ,IL,מעדן יולו שוק. חלב בתוספת שברי בייגלה120,גרמים,120.00,100 גרם,false,1,5.00,4.1667,true,1,49324
7290116930657,false,"משקה חלב גו בטעם בננה תמר בתוספת שיבולת שועל במרקם חלק 340 מ""ל",תנובה מרכז שיתופי לש,IL,משקה חלב גו 340 מל ט.בננה תמר וש.שועל,מיליליטרים,340.00,"100 מ""ל",false,20,8.90,2.6176,true,1,51427
7290116930701,false,מעדן חלב GO מועשר בחלבון בטעם קרמל מלוח,תנובה מרכז שיתופי לש,IL,מעדן יופלה גו ט.קרמל מלוח12גר חלבון 120ג,גרמים,120.00,100 גרם,false,20,5.20,4.3333,true,1,49321
7290116930725,false,סויה BIO קוקוס גביע 150 גרם אלטרנטיב,תנובה חלב,IL,מעדן סויה ביו קוקוס אלטרנטיב 150גר,גרמים,150.00,100 גרם,false,48,4.90,3.2667,true,1,49823
7290116931081,false,מעדן סויה - טופי קרמל 125 גרם אלטרנטיב,תנובה מרכז שיתופי לש,IL,מעדן סויה בטעם טופי קרמל 125 גרם,מיליליטרים,125.00,"100 מ""ל",false,1,4.90,3.9200,true,1,49865
7290116931104,false,יופלה GO במרקם סמיך עם אננס 0% תנובה 200 גרם,תנובה חלב,IL,יוגורט יופלה גו אננס במרקם סמיך 200גר,מיליליטרים,200.00,"100 מ""ל",false,1,6.20,3.1000,true,1,49822
7290117260043,false,ריבת עלי ורדים ויליפוד 380 גרם,וילי פוד,TR,ריבת עלי ורדים 380 גרם,גרמים,380.00,100 גרם,false,12,10.90,2.8684,true,1,45722
7290117260050,false,קונפיטורה חבושים ויליפוד 380 גרם,וילי פוד,TR,קונפיטורה חבושים 380 גרם,גרמים,380.00,100 גרם,false,12,10.90,2.8684,true,1,45723
7290117260074,false,שעועית ירוקה חתוכה ויליפוד 800 גרם,,BE,שעועית ירוקה חתוכה קפואה 800גר ויליפוד,גרמים,800.00,100 גרם,false,12,7.90,0.9875,true,1,50184
7290117260654,false,תן בו בציפוי שוק.חלב100ג,,DK,תן בו ציפוי ט.שוקולד חלב 100גר,גרמים,100.00,100 גרם,false,24,9.90,9.9000,true,1,46916
7290117260661,false,תן בו בציפוי שוק.מריר100,,DK,תן בו ציפוי ט.שוקולד מריר 100גר,גרמים,100.00,100 גרם,false,24,9.90,9.9000,true,1,46915
7290117260685,false,תן בו וניל ציפויים בטעמים שונים 230 גרם,אלויראסמינדה,DK,תן בו מיקס בציפויים שונים 230גר,גרמים,230.00,100 גרם,false,16,19.90,8.6522,true,1,46914
7290117261057,false,EURO זו קינוחים בטעם קרם עוגיות 140 גרם,מונטרו,ES,זוג קינוחים טעם קרם עוגיות 140גר,גרמים,140.00,100 גרם,false,6,8.90,6.3571,true,1,49947
7290117261101,false,זוג קינוחים בטעם שוקולד ואגוזי לוז 140 גרם,מונטרו,ES,זוג קינוחים טעם שוקולד ואגוזי לוז 140גר,גרמים,140.00,100 גרם,false,6,8.90,6.3571,true,1,49946
7290117261118,false,זוג קינוחים בטעם שוקולד בציפוי שוקולד חלב 140 גרם,Euro יורו מחלבות אירופה,ES,זוג קינוחים טעם שוקולד בציפוי ש.חלב 140ג,גרמים,140.00,100 גרם,false,6,8.90,6.3571,true,1,49945
7290117261132,false,זוג קינוחים בטעם קרמל מלוח 70*2 גרם יור,מונטרו,ES,זוג קינוחים טעם קרמל מלוח 140גר,גרמים,140.00,100 גרם,false,6,8.90,6.3571,true,1,49943
7290117261934,false,בסיסים לחצ'פורי ומאפים מוקפאים 460 גרם ויליפוד,,GR,בסיס לחצופרי קפוא 460גר,גרמים,460.00,100 גרם,false,14,14.90,3.2391,true,1,50190
7290117380147,false,"רוטב לסלט חרדל ודבש מאסטר שף 260 מ""ל",רמייה,NL,רוטב חרדל ודבש מאסטר שף 260 גרם,מיליליטרים,260.00,"100 מ""ל",false,6,9.90,3.8077,true,1,48232
7290117380154,false,"מאסטר שף רוטב אסיאתי עם סויה 260 מ""ל",רמייה,NL,רוטב אסיאתי לסלט מאסטר שף 264 מל,גרמים,264.00,100 גרם,false,6,9.90,3.7500,true,1,48233
7290117380192,false,חטיף פוף קראנץ בטעם גריל 60 גרם,מנה,IL,חטיף מנה פוף קראנץ גריל 60 גר,Unknown,0.00,Unknown,false,1,3.90,0.0000,true,1,46276
7290117380208,false,חטיף פוף קראנץ בטעם חמוץ חריף 60 גרם,מנה,IL,חטיף מנה פוף קראנץ חמוץ חריף 60 גר,Unknown,0.00,Unknown,false,1,3.90,0.0000,true,1,46277
7290117380215,false,חטיף פוף קראנץ בטעם טאקו 60 גרם,מנה,IL,חטיף מנה פוף קראנץ טאקו 60 גר,Unknown,0.00,Unknown,false,1,3.90,0.0000,true,1,46278
7290117380413,false,"מארז זוג טריגר שירותים 2*500 מ""ל אגקס",,,מארז 2יח אגקס שירותים טריגר 500מל,מיליליטרים,1000.00,"100 מ""ל",false,6,24.90,2.4900,true,1,43477
7290117380857,false,"מרבה סלים דליס פייבר עוגות אישיות בטעם לימון, 120 גרם",שסטוביץ,NL,חטיף פייבר סלים דליס לימון 5 יח 120 ג,גרמים,120.00,100 גרם,false,12,11.90,9.9167,true,1,48745
7290117380864,false,סלים דליס פייבר עוגות בראוניס אישיות בטעם שוקולד 120 גרם,הלמה הלום,NL,חטיף פייבר סלים דליס בראוניז 5 יח 120 ג,גרמים,120.00,100 גרם,false,12,11.90,9.9167,true,1,48746
7290117380871,false,סלים דליס פייבר עוגות אישיות בטעם אוכמניות 120 גרם,הלמה הלום,NL,חטיף פייבר סלים דליס אוכמניות 5 יח 120 ג,גרמים,120.00,100 גרם,false,12,11.90,9.9167,true,1,48744
7290117860045,false,שמפו תמציות אלוורה ותה ירוק לשיער רגיל,"טרופיקל גליל בע""מ",IL,שמפו הוואי 700מל מטפח לשיער רגיל חדש,מיליליטרים,700.00,"100 מ""ל",false,12,14.90,2.1286,true,1,51461
7290117860083,false,"הוואי קרם רחצה יוגורט בניחוח אירוס זהוב ודבש 700 מ""ל","טרופיקל דגיל בע""\מ",IL,ת. רחצה הוואי 700מל ניחוח וניל דבש חדש,מיליליטרים,700.00,"100 מ""ל",false,12,14.90,2.1286,true,1,51484
7290117860090,false,מרכך תמציות אלוורה ותה ירוק לשיער רגיל,"טרופיקל דגיל בע""\מ",IL,מרכך הוואי 700מל מטפח לשיער רגיל חדש,מיליליטרים,700.00,"100 מ""ל",false,12,14.90,2.1286,true,1,51468
7290117860144,false,הוואי שמפו פירות אקזוטיים וקלנדולה 700,"טרופיקל גליל בע""מ",IL,שמפו הוואי 700מל למניעת קשקשים חדש,מיליליטרים,700.00,"100 מ""ל",false,12,14.90,2.1286,true,1,51462
7290117860199,false,שמפו שמן ורד הבר ושמן מקדמיה לשיער יבש,"טרופיקל דגיל בע""\מ",IL,שמפו הוואי 700מל מעניק לחות שיער יבש חדש,מיליליטרים,700.00,"100 מ""ל",false,12,14.90,2.1286,true,1,51460
7290117860243,false,"הוואי - מרכך מעניק לחות לשיער יבש 700 מ""ל","טרופיקל גליל בע""מ",IL,מרכך הוואי 700מל מעניק לחות שיער יבש חדש,מיליליטרים,700.00,"100 מ""ל",false,12,14.90,2.1286,true,1,51469
7290117860281,false,"הוואי - ג'ל רחצה לגבר בניחוח עוצמתי 700 מ""ל","טרופיקל דגיל בע""\מ",IL,גל רחצה הוואי 700מל לגבר ניחוח עוצמת חדש,מיליליטרים,700.00,"100 מ""ל",false,12,14.90,2.1286,true,1,51476
7290117860298,false,שמפו קומפלקס קרטין לשיער עדין או חלש,"טרופיקל גליל בע""מ",IL,שמפו הוואי 700מל קרטין מחזק חדש,מיליליטרים,700.00,"100 מ""ל",false,12,14.90,2.1286,true,1,51463
7290117860342,false,מרכך קומפלקס קרטין לשיער עדין או חלש,"טרופיקל גליל בע""מ",IL,מרכך הוואי 700מל קרטין מחזק חדש,מיליליטרים,700.00,"100 מ""ל",false,12,14.90,2.1286,true,1,51471
7290117860496,false,"הוואי שמפו + מרכך 2 ב-1 לגבר 700 מ""ל-חדש","טרופיקל גליל בע""מ",IL,שמפו+מרכך הוואי 700מל 2ב1 לגבר חדש,מיליליטרים,700.00,"100 מ""ל",false,12,14.90,2.1286,true,1,51458
7290117860649,false,הוואי שמפו קרטין קיק ללא סולפטים 700 מל,"טרופיקל גליל בע""מ",IL,שמפו הוואי 700מל ללא סולפטים חדש,מיליליטרים,700.00,"100 מ""ל",false,12,14.90,2.1286,true,1,51465
7290117860694,false,הוואי מרכך קרטין קיק ללא סולפטים 700 מל,"טרופיקל גליל בע""מ",IL,מרכך הוואי 700מל ללא סולפטים חדש,מיליליטרים,700.00,"100 מ""ל",false,12,14.90,2.1286,true,1,51473
7290117860847,false,"הוואי רעננות מושלמת לגבר לשיער, גוף, פנים וזקן","טרופיקל גליל בע""מ",IL,שמפו הוואי 700מל לגבר 4ב1 רעננות קר חדש,מיליליטרים,700.00,"100 מ""ל",false,12,14.90,2.1286,true,1,51466
7290117860892,false,"הוואי - תחליב רחצה יוגורט בניחוח וניל ודבש 700 מ""ל","טרופיקל דגיל בע""\מ",IL,ת. רחצה הוואי 700מל יוגורט וניל ודבש חדש,מיליליטרים,700.00,"100 מ""ל",false,12,14.90,2.1286,true,1,51477
7290117860946,false,"תחליב רחצה יוגורט בניחוח קוקוס 700 מ""ל הוואי","טרופיקל דגיל בע""\מ",IL,ת. רחצה הוואי 700מל יוגורט קוקוס חדש,מיליליטרים,700.00,"100 מ""ל",false,12,14.90,2.1286,true,1,51478
7290117860991,false,"תחליב רחצה יוגורט בניחוח שקדים 700 מ""ל הוואי","טרופיקל דגיל בע""\מ",IL,ת. רחצה הוואי 700מל ניחוח שקדים חדש,מיליליטרים,700.00,"100 מ""ל",false,12,14.90,2.1286,true,1,51481
7290117900932,false,גרעין אבטיח קלוי 130 גרם,דין שיווק וקלייה בעמ,IL,גרעיני אבטיח קלויים שקדיה 130 גרם בגביע,גרמים,130.00,100 גרם,false,1,10.00,7.6923,true,1,49508
7290117900949,false,בוטנים מצופים אמריקאים 250 גרם,"שקדיה גבע תעשיות בע""",IL,בוטנים אמריקאים שקדיה 250 גרם בגביע,גרמים,250.00,100 גרם,false,1,10.00,4.0000,true,1,49507
7290117900956,false,תערובת פיצוחים קלויים ששון הקולה 180 גרם,"שקדיה גבע תעשיות בע""",IL,תערובת פיצוחים קלויים שקדיה180 גרם בגביע,גרמים,180.00,100 גרם,false,1,15.90,8.8333,true,1,49518
7290117900963,false,בוטנים קלויים ששון ה,דין שיווק וקלייה בעמ,IL,בוטנים קלויים שקדיה 270 גרם בגביע,גרמים,270.00,100 גרם,false,1,10.00,3.7037,true,1,49510
7290117900970,false,שקדים קלויים ששון הקולה 180 גם,דין שיווק וקלייה בעמ,IL,שקדים קלויים שקדיה 180 גרם בגביע,גרמים,180.00,100 גרם,false,1,15.90,8.8333,true,1,49511
7290117900987,false,אגוז פקאן קלוף ששון הקולה 140 גרם,"שקדיה גבע תעשיות בע""",IL,אגוז פקאן קלוף שקדיה 140 גרם בגביע,גרמים,180.00,100 גרם,false,1,15.90,8.8333,true,1,49512
7290117900994,false,פקאן סיני מסוכר ששון הקולה 140 גרם,"שקדיה גבע תעשיות בע""",IL,פקאן סיני מסוכר שקדיה 140 גרם בגביע,גרמים,140.00,100 גרם,false,1,15.90,11.3571,true,1,49513
7290117901007,false,פיסטוקים קלויים ששון הקולה 130 גרם,"שקדיה גבע תעשיות בע""",IL,פיסטוק קלוי שקדיה 130 גרם בגביע,גרמים,130.00,100 גרם,false,1,15.90,12.2308,true,1,49514
7290117901014,false,קשיו קלוי ששון הקולה 160 גרם,"שקדיה גבע תעשיות בע""",IL,קשיו קלוי שקדיה 160 גרם בגביע,גרמים,160.00,100 גרם,false,1,15.90,9.9375,true,1,49515
7290117901021,false,קבוקים בוטנים מצופים עם שומשום 220 גרם,"שקדיה גבע תעשיות בע""",IL,קבוקים עם שומשום שקדיה 220 גרם בגביע,גרמים,220.00,100 גרם,false,1,10.00,4.5455,true,1,49509
7290117901038,false,אגוזי מלך קלופים ששון הקולה 190 גרם,"שקדיה גבע תעשיות בע""",IL,אגוזי מלך קלופים שקדיה190 גרם בגביע,גרמים,190.00,100 גרם,false,1,15.90,8.3684,true,1,49519
7290117901045,false,בוטן רביולי ששון הקולה 200 גרם,דין שיווק וקלייה בעמ,IL,בוטן רביולי שקדיה 200 גרם בגביע,גרמים,200.00,100 גרם,false,1,15.90,7.9500,true,1,49516
7290117901052,false,שקדים קלופים ששון הק,"שקדיה גבע תעשיות בע""",IL,שקד טבעי קלוף שקדיה 180 גרם בגביע,גרמים,180.00,100 גרם,false,1,15.90,8.8333,true,1,49517
7290118420071,false,במבה ביסלי ברביקיו מיקס 80ג' אסם,"אסם השקעות בע""\מ",IL,חטיף מיקס במבה ביסלי ברביקיו 80 גר,גרמים,80.00,100 גרם,false,1,5.00,6.2500,true,1,50753
7290118420378,false,פתיבר פינוקים בטעם תותים בשמנת - חלבי,קריות זול,IL,פינוקי פתי בר תות בשמנת 220 גרם,גרמים,220.00,100 גרם,false,1,11.90,5.4091,true,1,50757
7293556389962,true,שום לבן מובחר יחידה,,,שום לבן מובחר יחידה,Each,0.00,Each,false,,11.90,0.0000,true,1,32586
7296049222005,false,סט תה/קפה/סוכר מרובע,,CN,סט תה/קפה/סוכר מרובע לבן לקיטשן 12/12/14,יחידה,3.00,יחידה,false,1,69.90,23.3000,true,1,41156
7296049225686,false,לקקן סיליקון טריו שח,,CN,לקקן סיליקון טריו שחור לקיטשן,יחידה,1.00,יחידה,false,1,19.90,19.9000,true,1,41187
7296049225693,false,מברשת סיליקון טריו ש,,CN,מברשת סיליקון טריו שחור לקיטשן,יחידה,1.00,יחידה,false,1,19.90,19.9000,true,1,41188
7296049225785,false,תרווד פנקייק טריו אד,,CN,תרווד פנקייק טריו אדום לקיטשן,יחידה,1.00,יחידה,false,1,19.90,19.9000,true,1,41197
7296049226911,false,לקיטשן מאג זכוכית פריז,,CN,ספל מאג זכוכית פריז,יחידה,1.00,יחידה,false,1,5.90,5.9000,true,1,38422
7296049226959,false,לקיטשן מאג זכוכית טולוז,,CN,ספל מאג זכוכית טולוז,יחידה,1.00,יחידה,false,1,5.90,5.9000,true,1,38426
7296049226973,false,ספל מאג זכוכית דיזון,,CN,ספל מאג זכוכית דיזון,יחידה,1.00,יחידה,false,1,5.90,5.9000,true,1,38428
7296168705113,true,קיסמי שיניים,,,קיסמי שיניים,Each,0.00,Each,false,,16.90,0.0000,true,1,14813
7297488097995,true,גרנולה דבש ללא גלוטן,,,גרנולה דבש ללא גלוטן,Each,0.00,Each,false,,14.90,0.0000,true,1,9068
7297488098183,true,קמח אורז דגש 500 גר,,,קמח אורז דגש 500 גר,Each,0.00,Each,false,,10.50,0.0000,true,1,8921
7297488098220,true,קמח ת.אדמה דגש 500 ג,,,קמח ת.אדמה דגש 500 ג,Each,0.00,Each,false,,11.90,0.0000,true,1,8925
7297488098305,true,קמח שקדים דגש 250 גר,,,קמח שקדים דגש 250 גר,Each,0.00,Each,false,,25.90,0.0000,true,1,9503
7297488098688,true,פיצפוצי אורז מלא ללא,,,פיצפוצי אורז מלא ללא,Each,0.00,Each,false,,19.90,0.0000,true,1,26127
7297488099821,true,גרנולה ללא תוספת סוכ,,,גרנולה ללא תוספת סוכ,Each,0.00,Each,false,,14.90,0.0000,true,1,18783
7297488099890,true,פרוסות בסגנון קלאסי,,,פרוסות בסגנון קלאסי,Each,0.00,Each,false,,21.90,0.0000,true,1,14794
7297488099906,true,פרוסות בסגנון קלאסי,,,פרוסות בסגנון קלאסי,Each,0.00,Each,false,,21.90,0.0000,true,1,14795
7297488099951,true,תחליף מלוחה 5% 250גר,,,תחליף מלוחה 5% 250גר,Each,0.00,Each,false,,21.90,0.0000,true,1,14797
7297488099968,true,תחליף מלוחה 16% 250ג,,,תחליף מלוחה 16% 250ג,Each,0.00,Each,false,,21.90,0.0000,true,1,14798
7297488199590,true,פיצפוצי אורז רגיל 45,,,פיצפוצי אורז רגיל 45,Each,0.00,Each,false,,19.90,0.0000,true,1,10590
7297488199606,true,פיצפוצי אורז קל 450,,,פיצפוצי אורז קל 450,Each,0.00,Each,false,,19.90,0.0000,true,1,10591
7297488199620,true,פיצפוצי אורז מלא 450,,,פיצפוצי אורז מלא 450,Each,0.00,Each,false,,19.90,0.0000,true,1,10592
7297488199682,true,קמח כוסמת ללא גלוטן,,,קמח כוסמת ללא גלוטן,Each,0.00,Each,false,,14.90,0.0000,true,1,10593
7297488199781,true,קניידלך דגש ללא גלוט,,,קניידלך דגש ללא גלוט,Each,0.00,Each,false,,18.90,0.0000,true,1,11679
7312040017034,false,וודקה אבסולוט 1 ליטר,פרנו ריקרד ($),,וודקה אבסולוט 1 ל פקדון,ליטרים,1.00,ליטר,false,1,99.00,99.0000,true,1,6454
7312040017683,false,"אבסולוט וודקה, 700 מ''ל",חברת אבסולוט,SE,וודקה אבסלוט 700 מל פקדון,מיליליטרים,700.00,"100 מ""ל",false,1,69.90,9.9857,true,1,10677
7321011040308,true,מפיות דוני 3 שכבות,,,מפיות דוני 3 שכבות,Each,0.00,Each,false,,7.50,0.0000,true,1,14815
7321011040629,true,מפיות דוני 3 שכבות,,,מפיות דוני 3 שכבות,Each,0.00,Each,false,,7.50,0.0000,true,1,14816
7321011404070,true,מפיות דוני 3 שכבות,,,מפיות דוני 3 שכבות,Each,0.00,Each,false,,10.90,0.0000,true,1,14817
7350022390386,false,קקאו הולנדי ואן האוטן 125 גרם,וואן האוטן,,קקאו הולנדי וואן האוטן 125 גר,גרמים,125.00,100 גרם,false,1,12.90,10.3200,true,1,7474
7350041950110,false,"ליקר שרי הירינג 700 מ""ל",peter heering,NL,שרי הרינג ליקר 700 מל,ליטרים,1.00,ליטר,false,1,109.00,109.0000,true,1,15596
7393714369208,true,סיידר קופרברג פירות,,,סיידר קופרברג פירות,Each,0.00,Each,false,,10.00,0.0000,true,1,27230
7393714507020,true,סיידר קופרברג תות לי,,,סיידר קופרברג תות לי,Each,0.00,Each,false,,10.00,0.0000,true,1,27226
7393714509604,true,סיידר קופרברג תפוח,,,סיידר קופרברג תפוח,Each,0.00,Each,false,,10.00,0.0000,true,1,27227
7394376123337,false,"משקה שיבולת שועל אורגני מפוקח ע""י סקאל",טרנסומס פוד איי.בי,SE,משקה שיבולת שועל אורגני 1 ליטר אוטלי,ליטרים,1.00,ליטר,false,6,14.90,14.9000,true,1,34592
7394376615825,false,אוטלי משקה שיבולת שועל מועשר בסידן וויטמינים 1 ליטר,טרנסומס פוד,SE,משקה שיבולת שועל מועשר 1 ליטר אוטלי,ליטרים,1.00,ליטר,false,6,14.90,14.9000,true,1,34591
7394376615832,false,אוטלי משקה שיבולת שועל בטעם שוקולד 1 ליטר,טרנסומס פוד,SE,משקה שיבולת שועל בטעם שוקולד 1 ליטר,ליטרים,1.00,ליטר,false,6,14.90,14.9000,true,1,34593
7394376616778,false,אוטלי משקה שיבולת שועל להקצפה בריסטה 1 ליטר,טרנסומס פוד,SE,משקה שיבולת שועל בריסטה להקצפה 1 ליטר,ליטרים,1.00,ליטר,false,6,14.90,14.9000,true,1,34590
7501013122053,true,נקטר אפרסק גומקס 1לי,,,נקטר אפרסק גומקס 1לי,Each,0.00,Each,false,,9.90,0.0000,true,1,30265
7501013122114,true,משקה אננס גומקס 1ליט,,,משקה אננס גומקס 1ליט,Each,0.00,Each,false,,9.90,0.0000,true,1,30266
7501013122190,true,משקה תפוחים גומקס 1ל,,,משקה תפוחים גומקס 1ל,Each,0.00,Each,false,,9.90,0.0000,true,1,30269
7501013138047,false,משקה רימונים יוניקו פרסקו ג'ומקס בקרטונית 1 ליטר,חומקס קומר קומרסאליזדורה,MX,משקה רימונים יוניקו פרסקו 1ליטר קרטונית,ליטרים,1.00,ליטר,false,1,11.90,11.9000,true,1,30257
7501013138184,false,משקה חמוציות יוניקו פרסקו ג'ומקס קרטונית 1 ליטר,חומקס קומר קומרסאליזדורה,MX,משקה חמוציות יוניקו פרסקו 1ליטר קרטונית,ליטרים,1.00,ליטר,false,1,11.90,11.9000,true,1,30256
7501035042902,false,מרגריטה קוארבו 1 לי,,,מרגריטה קוארבו 1 לי,ליטרים,1.00,ליטר,false,1,34.90,34.9000,true,1,26624
7501049936945,true,מארז שישיית בירה סול,,,מארז שישיית בירה סול,Each,0.00,Each,false,,29.90,0.0000,true,1,33014
7501064191398,false,שישיית בירה קורונה אקסטרא *355 מל,קריניציה ויטמינה אס,MX,מארז 6יח בירה קורונה בק 355 מל,מיליליטרים,2130.00,"100 מ""ל",false,1,34.90,1.6385,true,1,28361
7503012779405,true,סירופ אגווה כחול אור,,,סירופ אגווה כחול אור,Each,0.00,Each,false,,29.90,0.0000,true,1,14481
7509546057545,false,ליידי ספיד סטיק פרו 5 סטיק 45 גרם,קולגייט פלמוליב,US,דאו.ליידי ספיד סטיק פרו 5 סטיק 45גרם,Unknown,0.00,Unknown,false,1,15.90,0.0000,true,1,40612
7509546663265,false,קולגייט זירו משחת שיניים מנטה עדינה 98 מ,CP-Poland swidnica,PL,משחת שיניים קולגייט זירו נענע 98מל,Unknown,0.00,Unknown,false,24,17.90,0.0000,true,1,37136
7509546678702,false,קולגייט משחת שיניים טוטל אנטי טרטר 100 מ,קולגייט-פלמוליב,PL,משחת שיניים קולגייט טוטל אנטי טרטר 100מל,מיליליטרים,100.00,"100 מ""ל",false,48,16.90,16.9000,true,1,49848
7610023050215,true,תערובת מיזלי קרנץ אי,,,תערובת מיזלי קרנץ אי,Each,0.00,Each,false,,24.50,0.0000,true,1,2276
7610023051212,true,תערובת מוזלי שוקו אי,,,תערובת מוזלי שוקו אי,Each,0.00,Each,false,,24.50,0.0000,true,1,2274
7610113011652,true,משקה בקרדי בריזר תפו,,,משקה בקרדי בריזר תפו,Each,0.00,Each,false,,11.90,0.0000,true,1,34017
7610211130903,false,סוכרזית הרמזית 800+2,מרום את קונפינו,CH,הרמזית טבליות 800 + 200 יח,יחידה,800.00,יחידה,false,1,24.90,0.0311,true,1,51488
7610400068369,true,שוקולד לינדור אגוזים,,,שוקולד לינדור אגוזים,Each,0.00,Each,false,,16.00,0.0000,true,1,6922
7610400068505,false,לינדט לינדור בונבוניירה שוקולד חלב 200 גרם,לינדט ושפרונגלי קילשברג,CH,בונבוניירה לינדור מילק 200 ג,גרמים,200.00,100 גרם,false,1,24.90,12.4500,true,1,6567
7610400068529,false,לינדט לינדור בונבוניירה כדורי שוקולד מטעמים 200 גרם,לינדט ושפרונגלי קילשברג,CH,בונבוניירה לינדור אסורטד 200 ג,גרמים,200.00,100 גרם,false,1,24.90,12.4500,true,1,4632
7610400070577,true,שוקולד לינדט אקסלנס,,,שוקולד לינדט אקסלנס,Each,0.00,Each,false,,16.90,0.0000,true,1,12950
7610400075770,false,לינדט לה גרנד שוקולד מריר אגוז 150 גרם,לינדט ושפרונגלי קילשברג,CH,שוקולד לינדט לגרנד מריר אגוזים 150 גר,גרמים,150.00,100 גרם,false,1,21.90,14.6000,true,1,7758
7610400075787,false,לינדט לה גרנד שוקולד חלב אגוז 150 גרם,לינדט ושפרונגלי קילשברג,CH,שוקולד לינדט לגרנד חלב אגוזים 150 גר,גרמים,150.00,100 גרם,false,1,21.90,14.6000,true,1,7757
7610400075794,false,לינדט לה גרנד שוקולד לבן ושקדים 150 גרם,לינדט ושפרונגלי,CH,שוקולד לינדט לגרנד לבן שקדים 150 גר,גרמים,150.00,100 גרם,false,1,21.90,14.6000,true,1,7759
7610400085946,false,לינדט לגרנד דארק אלמונד סולט 150 גרם,לינדט ושפרונגלי קילשברג,CH,שוקולד לינדט לגרנד מריר שקד מלוח 150 גר,גרמים,150.00,100 גרם,false,1,21.90,14.6000,true,1,30319
7610400086202,false,שוקולד מריר לה גרנד עם אוכמניות וחמוציות,לינדט Lindt,,שוקולד לינדט לגרנד בלוברי 150 גר,גרמים,150.00,100 גרם,false,1,21.90,14.6000,true,1,20451
7610400091060,true,שוקולד לינדט אקסלנס,,,שוקולד לינדט אקסלנס,Each,0.00,Each,false,,16.90,0.0000,true,1,33735
7610928091184,true,משחה לניקוי כלי כסף,,,משחה לניקוי כלי כסף,Each,0.00,Each,false,,39.90,0.0000,true,1,30902
7613030979647,true,דגני טריקס טעם פירות,,,דגני טריקס טעם פירות,Each,0.00,Each,false,,22.90,0.0000,true,1,22255
7613032045753,true,דגני פיטנס עם שוקולד,,,דגני פיטנס עם שוקולד,Each,0.00,Each,false,,19.90,0.0000,true,1,6132
7613033174728,true,קפסולות אספרסו דולצה,,,קפסולות אספרסו דולצה,Each,0.00,Each,false,,28.90,0.0000,true,1,14965
7613035622623,false,פיטנס - גרנולה שקדים ודבש 300 גרם,שוורצקוף& הנקל דיסלד,LT,גרנולה פיטנס שקדים ודבש 300 ג,גרמים,300.00,100 גרם,false,1,14.90,4.9667,true,1,15741
7613035635845,false,פיטנס גרנולה שוקולד 14*300 גרם,שוורצקוף& הנקל דיסלד,LT,גרנולה פיטנס שוקולד 300 ג,גרמים,300.00,100 גרם,false,1,14.90,4.9667,true,1,15742
7613035690639,false,קפסולות אספרסו דולצה,נסטלה אנגליה,,קפסולות אספרסו דולצה גוסטו שוקוצינו16יח,יחידה,16.00,יחידה,false,1,28.90,1.8062,true,1,35188
7613035809109,true,רוטב עגבניות פרפקטו,,,רוטב עגבניות פרפקטו,Each,0.00,Each,false,,10.00,0.0000,true,1,16913
7613035809123,true,רוטב עגבניות פרפקטו,,,רוטב עגבניות פרפקטו,Each,0.00,Each,false,,10.00,0.0000,true,1,16912
7613035809857,true,רוטב עגבניות פרפקטו,,,רוטב עגבניות פרפקטו,Each,0.00,Each,false,,10.00,0.0000,true,1,16911
7613036105651,false,"דוגלי בקר לכלבים בוגרים 12 ק""ג",נסטלה פורינה באק הונ,HU,מזון כלבים דוגלי יבש בשר וכבד 12 קג,קילוגרמים,12.00,"ק""ג",false,1,120.00,10.0000,true,1,19477
7613036251389,false,"דוגלי בקר לכלבים פעילים 12 ק""ג",נסטלה פורינה באק הונ,,מזון כלבים דוגלי אקטיב 12 קג,קילוגרמים,12.00,"ק""ג",false,1,129.00,10.7500,true,1,21407
7613036288026,false,"דוגלי גורים אקטיב 4*3 ק""ג",נסטלה פורינה באק הונ,,מזון כלבים דוגלי גורים 3 קג,קילוגרמים,3.00,"ק""ג",false,1,56.90,18.9667,true,1,21409
7613036387798,true,דגני פיטנס עם יוגורט,,,דגני פיטנס עם יוגורט,Each,0.00,Each,false,,19.90,0.0000,true,1,20716
7613036520492,true,רוטב עגבניות פרפקטו,,,רוטב עגבניות פרפקטו,Each,0.00,Each,false,,10.00,0.0000,true,1,22263
7613036737623,true,דגני קראנץ מיקס 410,,,דגני קראנץ מיקס 410,Each,0.00,Each,false,,22.90,0.0000,true,1,23931
7613036760195,true,קפסולות אספרסו דולצה,,,קפסולות אספרסו דולצה,Each,0.00,Each,false,,28.90,0.0000,true,1,26800
7613036976671,false,פריסקיז פאוצ' עוף ברוטב 26*85גרם,נסטלה פורינה הונגריה,HU,פריסקיז פאוצ עוף 85 גר,Unknown,0.00,Unknown,false,26,4.50,0.0000,true,1,34660
7613036976695,false,פריסקיז - פאוץ בקר ברוטב 85 גרם,נסטלה פורינה הונגריה,HU,פריסקיז פאוצ בקר 85 גר,Unknown,0.00,Unknown,false,26,4.50,0.0000,true,1,34659
7613036976718,false,פריסקיז פאוצ' ברווז ברוטב 26*85גרם,נסטלה פורינה הונגריה,HU,פריסקיז פאוצ ברווז 85 גר,Unknown,0.00,Unknown,false,26,4.50,0.0000,true,1,34661
7613037686906,true,דגני פיטנס שקדים ודב,,,דגני פיטנס שקדים ודב,Each,0.00,Each,false,,19.90,0.0000,true,1,30562
7613038451954,true,דגני קראנץ שוקולד מו,,,דגני קראנץ שוקולד מו,Each,0.00,Each,false,,22.90,0.0000,true,1,31649
7613039547632,false,גרבר מחית תפוח בננה ותות 90 גרם פאוץ,שוורצקוף& הנקל דיסלד,ES,מחית גרבר תפוח בננה תות פאוץ 90גר,יחידה,1.00,יחידה,false,16,6.90,6.9000,true,1,35206
7613039547731,false,גרבר מחית תפוח עץ ומשמש 90 גרם פאוץ,"מפעל סברס, נסטלה ספרד ס.",ES,מחית גרבר תפוח משמש פאוץ 90גר,יחידה,1.00,יחידה,false,16,6.90,6.9000,true,1,35208
7613039547922,false,גרבר מחית אגס תפוח ובננה 90 גרם פאוץ,נסטלה ספרד,ES,מחית גרבר תפוח בננה אגס פאוץ 90גר,יחידה,1.00,יחידה,false,16,6.90,6.9000,true,1,35207
7613039879382,false,גרבר - מחית תפוחי עץ 190 גרם,נסטלה פולסקה אס.איי,PL,מחית גרבר שלב 3 תפוחי עץ 190 גר,גרמים,190.00,100 גרם,false,1,6.90,3.6316,true,1,38050
7613287155863,false,מטרנה מחית אגס פאוץ' 90 גר',"מפעל סברס, נסטלה ספרד ס.",ES,מחית אגס פאצ 90גר,Unknown,0.00,Unknown,false,16,6.90,0.0000,true,1,39784
7613287155924,false,מטרנה מחית תפוח וגזר פאוץ' 90 גר',"מפעל סברס, נסטלה ספרד ס.",ES,מחית תפוח גזר פאצ 90גר,Unknown,0.00,Unknown,false,16,6.90,0.0000,true,1,39785
7613287162281,false,קפסולות קפה אספרסו גרנדה אינטנסו דולצ'ה גוסטו 144 ג',נסטלה אנגליה,GB,קפסולות אספרסו דולצה גוסטו גרנדה16יח,יחידה,16.00,יחידה,false,1,28.90,1.8062,true,1,39683
7613287182357,false,מחית אגס תפוח ופירות יער ויטמינצ'יק 110 ג',נסטלה,ES,מחית ויטמנציק אגס תפוח ופירות יער110 גרם,גרמים,110.00,100 גרם,false,8,5.90,5.3636,true,1,41123
7613287182456,false,ויטמינציק מחית אגס בננה תפוח 110 גרם,"נסטלה ספרד ס.א, מפעל",ES,מחית ויטמנציק אגס תפוח בננה 110 גרם,גרמים,110.00,100 גרם,false,8,5.90,5.3636,true,1,41121
7613287182487,false,מחית תפוח בננה פירות יער ויטמינצ'יק 110 ג',נסטלה,ES,מחית ויטמנציק תפוח בננה פירות יער110 גרם,גרמים,110.00,100 גרם,false,8,5.90,5.3636,true,1,41124
7613287394323,false,דגני בוקר מולטי צ'יריוס 600 גרם,נסטלה פולין דגני בוק,GB,דגני מולטי ציריוס 600 גרם,גרמים,600.00,100 גרם,false,1,22.90,3.8167,true,1,40462
7613287476678,false,דגני בוקר סינימיניס צ'ורוס נסטלה 360 ג',נסטלה אוונקה,PT,דגני סינימיניס צורוס 360 גרם,גרמים,360.00,100 גרם,false,1,22.90,6.3611,true,1,40791
7613287821348,false,נתחוני עוף טבעוני סנסשיונל טבעול 350 גרם,ג'נרל מילס סאן אדריא,CZ,נתחוני עוף טבעוני 350גר טבעול,גרמים,350.00,100 גרם,false,6,32.90,9.4000,true,1,40750
7614500035788,false,טובלרון שוקולד חלב 200 גרם,מונדלייז,CH,שוקולד טובלרון חלב 200 גר,גרמים,200.00,100 גרם,false,1,11.90,5.9500,true,1,8136
7622010001858,false,עוגיות אוראו ממולאות קרם וניל 176 גרם.,פי אר ג'\יי אס אי מנדלז,UA,עוגיות אוראו קרם וניל 176 גרם,גרמים,176.00,100 גרם,false,1,8.90,5.0568,true,1,15565
7622200009084,false,מילקה טבלאות שוקולד ממולא בסקויט 300 גר,מונדליז,AT,שוקולד מילקה ביסקויט שוקו 300 גרם,גרמים,300.00,100 גרם,false,12,14.90,4.9667,true,1,36735
7622201127206,false,מילקה ממרח אגוזי לוז 350 ג',"נטרה מלה אנ.וי,",AT,ממרח מילקה אגוזים350 גרם,גרמים,350.00,100 גרם,false,6,12.90,3.6857,true,1,45602
7622201127367,false,מילקה אוראו מיניס שוקולד לבן 153 גרם,פי.אר.ג'\יי.אס.סי מונדלז,UA,חטיפי מילקה אוראו מיניס לבן 153 גרם,גרמים,153.00,100 גרם,false,10,15.90,10.3922,true,1,37646
7622201401900,false,עוגיות סנסיישן אוראו מילקה 156 גרם,מונדלז פולסקה פרודקש,PL,עוגיות מילקה סנסיישן אוראו 156 גרם,גרמים,156.00,100 גרם,false,12,12.90,8.2692,true,1,36731
7622201502515,false,עוגיות מילקה קוקי לופ שוקולד צ'יפס,גיורי קייקס קייאפטי,HU,עוגיות מילקה קוקי לופ 132 גרם,גרמים,150.00,100 גרם,false,1,12.90,8.6000,true,1,45142
7622201638948,false,שוקולד נוסיני 270 ג' מילקה,מונדליז,AT,שוקולד מילקה נוסיני 270 גר,גרמים,270.00,100 גרם,false,13,14.90,5.5185,true,1,50897
7622201801809,false,מילקה שוקולד חלב עם אגוזים 100 גרם חדש,מנדלז דויצ'\לנד סנקס פרו,DE,שוקולד מילקה חלב אגוז 100 ג,גרמים,100.00,100 גרם,false,1,6.90,6.9000,true,1,40547
7622201802363,false,מילקה טבלת שוקולד חלב וצימוקים ואגוזים 100ג',מנדלז דויצ'\לנד סנקס פרו,DE,שוקולד מילקה חלב צימוק אגוז 100 ג,גרמים,100.00,100 גרם,false,1,6.90,6.9000,true,1,40546
7622201802394,false,שוקולד מילקה חלב מסרונים 100 גרם,מנדלז דויצ'\לנד סנקס פרו,DE,שוקולד מילקה מיסרונים 100 ג,גרמים,100.00,100 גרם,false,1,6.90,6.9000,true,1,40545
7622201808631,false,אוראו מיני עוגיות ממולאות קרם וניל 67גרם,פי.טי. מונדלז אינדונ,ID,עוגיות אוראו וניל בכוס 67 גרם,Unknown,0.00,Unknown,false,12,7.90,0.0000,true,1,50916
7622201813390,false,עוגיות מילקה וואפל במילוי קרם קקאו 150 ג,מונדליז סי.אר. ביסקוויט,CZ,וופל מילקה במילוי קרם קקאו 150 ג,גרמים,150.00,100 גרם,false,1,12.90,8.6000,true,1,38403
7622201819170,false,שוקולד מילקה דרק שקדים 85 גרם.,מונדלז דויטשלנד סנאק,DE,שוקולד מילקה דארק שקדים 85 גר,Unknown,0.00,Unknown,false,25,7.90,0.0000,true,1,45143
7622201819408,false,שוקולד מילקה דרק קרמל 85 גרם.,מונדלז דויטשלנד סנאק,DE,שוקולד מילקה דארק קרמל 85 גר,Unknown,0.00,Unknown,false,25,7.90,0.0000,true,1,45144
7622201819552,false,מילקה דארק שוקולד 85 גרם חדש,מונדלז דויטשלנד סנאק,DE,שוקולד מילקה דארק 85 גר,Unknown,0.00,Unknown,false,25,7.90,0.0000,true,1,45145
7622201823733,false,עוגיות ת`ינס דקות 151 ג' מילקה,מונדלייז,ES,עוגיות מילקה טינס דקות 151 גרם,גרמים,151.00,100 גרם,false,12,12.90,8.5430,true,1,51144
7622210077691,false,טבלת שוקולד 87 ג' אוורירי,מונדליז,DE,שוקולד קדבורי חלב אוורירי 87 גרם,Unknown,0.00,Unknown,false,12,9.90,0.0000,true,1,50488
7622210117762,false,"קוטדור בונבונירה בושה, 200 גרם כשל""פ",מונדלייז,SK,בונ.קוטדור בושה 200 גר,גרמים,200.00,100 גרם,false,12,13.90,6.9500,true,1,11792
7622210137234,false,עוגיות אוראו עם דאבל קרים וניל 170 גר,מונדלייז,ES,עוגיות אוראו דאבל קרם וניל 170 גרם,גרמים,170.00,100 גרם,false,1,8.90,5.2353,true,1,16675
7622210163899,true,שוקולד מילקה עם עדשי,,,שוקולד מילקה עם עדשי,Each,0.00,Each,false,,6.90,0.0000,true,1,23378
7622210240200,false,מילקה שוקולד חלב ועוגיות אוריאו 300 גרם,מונדליז,,שוקולד מילקה אוראו 300 גר,גרמים,300.00,100 גרם,false,1,14.90,4.9667,true,1,32966
7622210453327,true,עוגיות מילקה סנסיישן,,,עוגיות מילקה סנסיישן,Each,0.00,Each,false,,12.90,0.0000,true,1,20511
7622210637994,false,מיני עוגיות אוראו קראנצ'י בייטס אורגינל,מונדלז אספניה ג'לאטס,ES,אוראו ביס קראנצי קרם וניל 110 גרם,גרמים,110.00,100 גרם,false,8,8.50,7.7273,true,1,36732
7622210638021,false,מיני עוגיות אוראו קראנצ'י בייטס מצופים,מונדלז אספניה ג'לאטס,ES,אוראו ביס קראנצי קרם שוקו 110 גרם,גרמים,110.00,100 גרם,false,8,8.50,7.7273,true,1,36733
7622210640062,false,פלדלפיה שמנת למריחה עם פלפל חלפיניו ופלפל ירוק,מונדלייז,DE,גב. פילדלפיה עם פלפל חלפינו 175גר,גרמים,175.00,100 גרם,false,1,14.90,8.5143,true,1,37661
7622210690883,false,מילקה שוקולד חלב-מהדורת מונדיאל 270 גרם,מונדלייז,AT,שוקולדמילקה חלב מונדיאל 270 גרם,גרמים,270.00,100 גרם,false,16,15.90,5.8889,true,1,50896
7622210724519,false,קוטדור ביו שוקולד מריר אורגני 70% מוצק קקאו,מונדליז,DE,שוקולד קוטדור ביו 70% מריר 90 גר,Unknown,0.00,Unknown,false,18,15.90,0.0000,true,1,37487
7622210724557,false,"קוטדור ביו מלוח 90 גרם כשל""פ",מונדליז,DE,שוקולד קוטדור ביו 90% מריר 90 גרם,Unknown,0.00,Unknown,false,18,15.90,0.0000,true,1,38296
7622210826053,false,שוקולד מילקה אוראו סנדוויץ 92 גר',גיאורי קאקסז קייאףטי,HU,שוקולד מילקה אוראו סנדוויץ 92 גר,Unknown,0.00,Unknown,false,16,6.90,0.0000,true,1,36734
7622210829085,true,עוגיות אוראו דקים קר,,,עוגיות אוראו דקים קר,Each,0.00,Each,false,,7.90,0.0000,true,1,33401
7622210835338,true,עוגיות אוראו בראוניז,,,עוגיות אוראו בראוניז,Each,0.00,Each,false,,8.90,0.0000,true,1,23385
7622210869616,false,"קוטדור ביו 85% קקאו 90 גרם כשל""פ",מונדליז,DE,שוקולד קוטדור ביו 85% מריר 90 גרם,Unknown,0.00,Unknown,false,18,15.90,0.0000,true,1,37486
7622300134532,false,שוקולד מילקה קרם חלב אגוזי לוז וקרמל 300,מונדליז,AT,שוקולד מילקה טופי אגוזי לוז 300 גרם,גרמים,300.00,100 גרם,false,12,14.90,4.9667,true,1,36736
7622300200237,false,שוקולד מילקה שוקולד חלב 250 גרם,מונדליז אוסטרייך פרו,AT,שוקולד מילקה חלב 250 גר,גרמים,250.00,100 גרם,false,1,12.90,5.1600,true,1,7134
7622300270506,false,מילקה גריינס - עוגיות שיבולת שועל מצופות שוקולד 168 ג',מונדלז פולסקה פרודקש,PL,עוגיות מילקה גריינס מצופה168גר,גרמים,168.00,100 גרם,false,1,12.90,7.6786,true,1,8459
7622300315283,false,אוראו עוגיות ממולאות קרם וניל 154 גרם,"מונדלז CR פרודקשיין,",UA,עוגיות אוראו קרם וניל 154 גרם,גרמים,154.00,100 גרם,false,16,7.90,5.1299,true,1,40062
7622300340285,true,גבינת פילדלפיה 175 ג,,,גבינת פילדלפיה 175 ג,Each,0.00,Each,false,,14.90,0.0000,true,1,22618
7622300340292,true,גבינת פילדלפיה 175 ג,,,גבינת פילדלפיה 175 ג,Each,0.00,Each,false,,14.90,0.0000,true,1,22619
7622300489427,false,עוגיות אוראו בציפוי בטעם שוקולד לבן 246 גרם,מנדלז אספנה גאלטס פר,ES,ביסקויט אוראו מצופה שוקולד לבן 246 גרם,גרמים,246.00,100 גרם,false,10,15.90,6.4634,true,1,21943
7622300489434,false,"עוגיות אוראו פאדג' בציפוי שוקולד חלב, 246 גרם",מנדלז אספנה גאלטס פר,ES,עוגיות אוראו מצופות שוקולד חלב 246 גרם,גרמים,246.00,100 גרם,false,1,15.90,6.4634,true,1,21942
7622300495046,false,מילקה שוקולד חלב עם אקסטרה קקאו 100 גרם,מנדלז דויצ'\לנד סנקס פרו,DE,שוקולד מילקה מריר אקסטרא קקאו 100 ג,גרמים,100.00,100 גרם,false,1,6.90,6.9000,true,1,9883
7622300756383,false,"ממרח גבינה פילדלפיה עם ממרח שוקולד ""מילקה"" 175 גרם",מונדלייז,DE,גב. פילדלפיה שוקולד מילקה 175גר,גרמים,175.00,100 גרם,false,1,14.90,8.5143,true,1,37660
7622300756413,true,גבינת פילדלפיה מתובל,,,גבינת פילדלפיה מתובל,Each,0.00,Each,false,,14.90,0.0000,true,1,22620
7622400005190,false,שוקולד חלב נגיעות שוקולד לבן מילקה 100 ג,מנדלז דויצ'\לנד סנקס פרו,DE,שוקולד מילקה כאו 100 ג,גרמים,100.00,100 גרם,false,1,6.90,6.9000,true,1,12963
7622400006753,false,שוקולד קוטדור 70% קקאו 100 גרם,מונדלייז,BE,שוקולד קוטדור 70% קקאו 100 גרם,גרמים,100.00,100 גרם,false,1,12.90,12.9000,true,1,2147
7622400013423,false,קוטדור- שוקולד מריר 86% קקאו 100 גר,מונדליז,,שוקולד קוטדור 86% קקאו 100 גרם,גרמים,100.00,100 גרם,false,1,12.90,12.9000,true,1,4531
7638900426809,true,זוג סוללות אנרגייזר,,,זוג סוללות אנרגייזר,Each,0.00,Each,false,,25.90,0.0000,true,1,31842
7640156920529,false,גבינת גרוייר מילר 15,,,גבינת גרוייר מילר 150גר,גרמים,150.00,100 גרם,false,1,24.90,16.6000,true,1,38145
7702018264230,true,מארז 4יח סכיני גילוח,,,מארז 4יח סכיני גילוח,Each,0.00,Each,false,,44.90,0.0000,true,1,23967
7702018321520,true,דאו.סטיק גילייט מתקד,,,דאו.סטיק גילייט מתקד,Each,0.00,Each,false,,21.90,0.0000,true,1,13562
7702018321582,true,דאו.סטיק גילייט מתקד,,,דאו.סטיק גילייט מתקד,Each,0.00,Each,false,,21.90,0.0000,true,1,13561
7702018357871,false,גל גילוח 2 ב1 לעור רגיש פרוגלייד 170 מל,פרוקטר אנד גמבל,US,גל גילוח גילט פרוגלייד עור רגיש 200 מל,מיליליטרים,200.00,"100 מ""ל",false,1,22.90,11.4500,true,1,16788
7702018389285,true,מכשיר גילוח פיוזן פר,,,מכשיר גילוח פיוזן פר,Each,0.00,Each,false,,65.00,0.0000,true,1,15021
7702018401147,true,סכיני גילוח ונוס 4יח,,,סכיני גילוח ונוס 4יח,Each,0.00,Each,false,,69.90,0.0000,true,1,15882
7702018413539,true,מארז 6יח סכיני גילוח,,,מארז 6יח סכיני גילוח,Each,0.00,Each,false,,129.90,0.0000,true,1,33045
7702018421237,false,מארז פרוגלייד פלקסבול ג'ילט ידית + 7 סכינים,פרוקטר & גמבל,PL,מארז מכשיר+ 6 סכיני גילוח פרוגלייד פלקס,Unknown,0.00,Unknown,false,1,119.90,0.0000,true,1,15934
7702018469901,false,ג'ילט סכיני גילוח מארז מוגדל פיוזן שמינייה,פרוקטר אנד גמבל,DE,מארז סכיני גילוח 8יח גילט פיוזן,יחידה,8.00,יחידה,false,1,119.90,14.9875,true,1,26533
7702018539468,false,גילט ונוס תות- ידית ושלושה סכינים 5להבים מארז,פרוקטר אנד גמבל,PL,מכשיר+סכיני גילוח ונוס תות ידית+3סכינים,Unknown,0.00,Unknown,false,1,49.90,0.0000,true,1,40122
7702024074625,false,פיטנס - חטיפי קרקר חיטה מלאה 234 גרם,קומסטיבלס לה רוזה אס.איי,CO,קרקר פיטנס חיטה מלאה 234 גרם,גרמים,234.00,100 גרם,false,1,11.90,5.0855,true,1,24650
7702174066631,false,לקקן יוגטה פין פופ במילוי מסטיק 170 גר,הדקלאים אגודת שיתופי,EC,לקקן יוגטה פין פופ פירות 10 יח 180 גר,גרמים,170.00,100 גרם,false,1,8.90,5.2353,true,1,7063
7702174068826,true,לקקן יוגטה טעם פירות,,,לקקן יוגטה טעם פירות,Each,0.00,Each,false,,8.90,0.0000,true,1,9730
7702174068833,true,לקקן יוגוטה טעם גליד,,,לקקן יוגוטה טעם גליד,Each,0.00,Each,false,,8.90,0.0000,true,1,9581
7702174073783,false,סוכריות על מקל בטעם קולה במילוי גומי לעיסה,הדקלאים אגודת שיתופי,CO,לקקן יוגטה פין פופ קולה 10 יח 180 גר,גרמים,180.00,100 גרם,false,1,8.90,4.9444,true,1,14424
7750526001786,false,אינקה ציפס ירוקות שורש אוריגינל 142גר,Global Gourmet Produ,US,חטיף אינקה ציפס ירקות שורש אוריגנל142 גר,גרמים,142.00,100 גרם,false,1,16.90,11.9014,true,1,37479
7790703165207,false,יין ניו אייג לבן 750,BIANCHI,,יין ניו אייג לבן 750 מל פיקדון,מיליליטרים,750.00,"100 מ""ל",false,1,45.00,6.0000,true,1,6842
7791875005353,false,ריבת חלב הוואנה דוצה דה לצה 450 גרם,מיגה פוד קומרס,ES,ריבת חלב האוונה 450 גרם,גרמים,450.00,100 גרם,false,12,19.90,4.4222,true,1,40533
7792860006218,true,לקקן בייבי דול 24 ג,,,לקקן בייבי דול 24 ג,Each,0.00,Each,false,,2.50,0.0000,true,1,3235
7794450008060,false,קטאנה זאפאטה אלאמוס,ארגנטינה בודגה קטנה,,יין אלאמוס קברנה 750 מל פיקדון,מיליליטרים,750.00,"100 מ""ל",false,1,45.00,6.0000,true,1,6458
7794450008077,false,יין אלאמוס שרדונה 75,ארגנטינה בודגה קטנה,,יין אלאמוס שרדונה 750 מל פיקדון,מיליליטרים,750.00,"100 מ""ל",false,1,45.00,6.0000,true,1,6457
7794450008084,false,יין אלאמוס מאלבק 750,ארגנטינה בודגה קטנה,,יין אלאמוס מלבק 750 מל פיקדון,מיליליטרים,750.00,"100 מ""ל",false,1,45.00,6.0000,true,1,6459
7794450008886,false,קטאנה זאפאטה אלאמוס,ארגנטינה בודגה קטנה,,יין אלאמוס מרלו 750 מל פיקדון,מיליליטרים,750.00,"100 מ""ל",false,1,45.00,6.0000,true,1,6461
7794450088703,false,יין אלאמוס סירה 750,ארגנטינה בודגה קטנה,,יין אלאמוס סירה 750 מל פיקדון,מיליליטרים,750.00,"100 מ""ל",false,1,45.00,6.0000,true,1,6462
7798164800019,false,אוכמניות ברי בקופסא,ויוה Viva Agricuiture,IL,אוכמניות ברי בקופסא 125 גרם,גרמים,125.00,100 גרם,false,1,14.90,11.9200,true,1,35568
7798304600042,false,אוכמניות יבוא 125 גר,מרינה,AR,אוכמניות יבוא 125 גרם בקופסא,גרמים,125.00,100 גרם,false,1,14.90,11.9200,true,1,51594
7804320985633,true,יין דיאבלו מרלו 750,,,יין דיאבלו מרלו 750,Each,0.00,Each,false,,60.00,0.0000,true,1,2460
7804414000860,false,יין דון חוליו קברנה סוביניון,צ'ילה לואיס פיליפה אדוארדס,CL,יין קברנה דון חוליו אדוארדו 750 מל פקדון,מיליליטרים,750.00,"100 מ""ל",false,1,35.00,4.6667,true,1,4920
7804414000877,false,"יין דון חוליו מרלו 750 מ""ל",צ'ילה לואיס פיליפה אדוארדס,CL,יין מרלו דון חוליו אדוארדו 750 מל פקדון,מיליליטרים,750.00,"100 מ""ל",false,1,35.00,4.6667,true,1,4921
7804414001614,false,"דון חוליו שיראז 750 מ""ל",צ'ילה לואיס פיליפה אדוארדס,CL,יין שיראז דון חוליו אדוארדו750מל פקדון,מיליליטרים,750.00,"100 מ""ל",false,1,35.00,4.6667,true,1,6465
7804414012351,true,יין דון חוליו מלבק 7,,,יין דון חוליו מלבק 7,Each,0.00,Each,false,,35.00,0.0000,true,1,18496
7804414012368,true,יין דון חוליו רוזה 7,,,יין דון חוליו רוזה 7,Each,0.00,Each,false,,35.00,0.0000,true,1,18884
7891024124826,false,קולגייט משחת אופטיק ספרקלינג וייט 75מל,הנסיך- מפעל לייצור ט,BR,מש.שיניים אופטיק וויט 75 מל,מיליליטרים,75.00,"100 מ""ל",false,1,21.90,29.2000,true,1,9952
7891024130063,true,מי פה קולגייט פלקס ל,,,מי פה קולגייט פלקס ל,Each,0.00,Each,false,,24.90,0.0000,true,1,6814
7891024179482,true,מי פה קולגייט אופטיק,,,מי פה קולגייט אופטיק,Each,0.00,Each,false,,24.90,0.0000,true,1,9953
8000015001063,false,בישקוטים דיליו 200 ג,,IT,בישקוטים דיליו 200 גר איטלקי,גרמים,200.00,100 גרם,false,1,7.00,3.5000,true,1,6042
8000015002855,true,עוגיות דיליו כוציולי,,,עוגיות דיליו כוציולי,Each,0.00,Each,false,,13.90,0.0000,true,1,8858
8000015002893,true,עוגיות דיליו כוצינה,,,עוגיות דיליו כוצינה,Each,0.00,Each,false,,13.90,0.0000,true,1,8859
8000040000802,false,משקה קמפרי 1000 מל פ,קמפרי (יורו),,משקה קמפרי 1000 מל פקדון,ליטרים,1.00,ליטר,false,1,105.00,105.0000,true,1,5506
8000070010680,false,קפסולות אספרסו לוואצה NCC מותאמות למכונו,לאוג'י לוואצה אס.פי.אי,IT,קפסולות לוואצה ויגורוסו 12 10 יח,יחידה,10.00,יחידה,false,10,17.90,1.7900,true,1,40936
8000070011878,false,לוואצה חוזק 3 דה קפינטו נטול קופאין 250 גר,לאוג'י לוואצה אס.פי.אי,IT,קפה לוואצה דק נטול קופאין 250 ג,גרמים,250.00,100 גרם,false,1,43.90,17.5600,true,1,3171
8000070012219,false,פולי קפה אורו זהב לוואצה 250 גר,לאוג'י לוואצה אס.פי.אי,IT,פולי לווצה אורו 250 גרם,גרמים,250.00,100 גרם,false,1,39.90,15.9600,true,1,40620
8000070027398,false,קרמה קלאסיקו פולי קפה 500 גר לוואזה,,IT,פולי לווצה קרמה קלסיקו 500 גרם,גרמים,500.00,100 גרם,false,1,69.90,13.9800,true,1,40621
8000070029996,false,קפה לוואצה קלוי וטחון אורו שחור 250 גר,לווצה טורינו,IT,קפה לוואצה קואליטי אורו פירות ופרח 250 ג,גרמים,250.00,100 גרם,false,20,39.90,15.9600,true,1,49696
8000070032835,false,קפה לוואצה קלוי וטחון חוזק 10 מטינו 250 גר,לאוג'י לוואצה אס.פי.אי,IT,קפה לוואצה מאטינו 250 ג,גרמים,250.00,100 גרם,false,1,29.90,11.9600,true,1,4734
8000070035980,false,קפה לוואצה קלוי וטחון חוזק 5 רוסה 250 גר,לווצה טורינו,IT,קפה לוואצה רוסו אדום 250 ג,גרמים,250.00,100 גרם,false,1,29.90,11.9600,true,1,8350
8000070036321,false,פולי קפה לוואצה קואליטה רוסה 500 גר,צ'וקטה,IT,פולי לוואצה קואליטה רוסה 500 גרם,גרמים,500.00,100 גרם,false,1,69.90,13.9800,true,1,48349
8000070038974,false,"קרמה גוסטו פולי קפה 1 ג""ק לוואזה",,IT,פולי לווצה קרמה גוסטו 1 קג,קילוגרמים,1.00,"ק""ג",false,1,109.90,109.9000,true,1,40622
8000070081000,false,לוואצה הורמוניקו מס' 8קפסולות לקפה 50 גרם,לאוג'\י לוואצה אס.פי.אי,IT,קפסולות לוואצה הרמוניקה 8 10 יח,יחידה,10.00,יחידה,false,10,17.90,1.7900,true,1,40931
8000070081017,false,קפסולות קפה אספרסו דיצו 10 10 יחידות,לאוג'\י לוואצה אס.פי.אי,IT,קפסולות לוואצה דיצו 10 10 יח,יחידה,10.00,יחידה,false,10,17.90,1.7900,true,1,40932
8000070081109,false,קפסולות לוואצה ריקו נטולקפאין 6 נספרס 50,לאוג'\י לוואצה אס.פי.אי,IT,קפסולות לוואצה נטול קפאין 6 10 יח,יחידה,10.00,יחידה,false,10,17.90,1.7900,true,1,40935
8000070081154,false,קפסולות קפה אספרסו לג'רו 4 10 יחידות,לאוג'\י לוואצה אס.פי.אי,IT,קפסולות לוואצה לגרו 4 10 יח,יחידה,10.00,יחידה,false,10,17.90,1.7900,true,1,40933
8000146500039,true,שמן זית כמהין אורבני,,,שמן זית כמהין אורבני,Each,0.00,Each,false,,29.90,0.0000,true,1,10309
8000150655206,false,יין לבן פרסקאטי סופר,איטליה גרופו איטליאנ,,יין לבן פרסקאטי סופריורה 750 מל פקדון,מיליליטרים,750.00,"100 מ""ל",false,1,45.00,6.0000,true,1,8829
8000215204219,true,משקה אורז אורגני 1 ל,,,משקה אורז אורגני 1 ל,Each,0.00,Each,false,,13.90,0.0000,true,1,10542
8000215204264,true,משקה אורז 200 מל ויט,,,משקה אורז 200 מל ויט,Each,0.00,Each,false,,4.00,0.0000,true,1,16355
8000215204271,true,משקה אורז שקדים 200מ,,,משקה אורז שקדים 200מ,Each,0.00,Each,false,,4.00,0.0000,true,1,14052
8000215204561,true,משקה שקדים אורגני 1,,,משקה שקדים אורגני 1,Each,0.00,Each,false,,14.90,0.0000,true,1,26167
8000215204677,false,ויטריז - משקה שיבולת שועל בריסטה אורגני,בטר אנד דיפרנט,IT,משקה שיבולת בריסטה אורגני 1 ל ויטאריס,ליטרים,1.00,ליטר,false,1,13.90,13.9000,true,1,47144
8000320010088,false,"רוטב עגבניות במרקם גס 680 מ""ל MUTTI",קונסרב,IT,פסאטה ציריו עגבניות מרקם גס 680 מל,מיליליטרים,680.00,"100 מ""ל",false,12,12.90,1.8971,true,1,4425
8000320010095,false,"רוטב עגבניות במרקם עדין 700 מ""ל MUTTI",קונסרב,IT,פסאטה ציריו עגבניות מרקם עדין 700 מל,מיליליטרים,700.00,"100 מ""ל",false,12,12.90,1.8429,true,1,49024
8000380001446,false,פרלינים וופל ושוקולד חלב לואקיני Loackini,"כד בני דרום בע""מ",IT,ופל לואקר לואקיני חלב 100 גרם,גרמים,100.00,100 גרם,false,1,15.90,15.9000,true,1,1642
8000380003723,false,וופל אגוזים בציפוי שוקולד לואקר 100 גרם,קריניציה ויטמינה אס,IT,ופל פטיסרי אגוז 100 ג,גרמים,100.00,100 גרם,false,1,13.50,13.5000,true,1,2270
8000380003754,false,עוגיות וופל קפה קפוצ'ינו 100 גרם לואקר,"כד בני דרום בע""מ",IT,ופל לואקר פטיסרי קפוצינו 100 גרם,גרמים,100.00,100 גרם,false,1,13.50,13.5000,true,1,2272
8000380003761,false,וופל גרנד פטיסרי שוקולד וקוקוס לואקר 100 גרם,קריניציה ויטמינה אס,IT,ופל פטיסרי קוקוס 100 ג,גרמים,100.00,100 גרם,false,1,13.50,13.5000,true,1,2271
8000380004676,false,קוביות וופל סנדוויץ Sandwich עם וניל וחלב,"א. לואקר, קונפקט ג'י",AT,ופל לואקר סנדוויץ וניל 200 ג,גרמים,200.00,100 גרם,false,1,13.90,6.9500,true,1,1644
8000380005598,false,מארז וופל שוקולד טורטינה Tortina שוקולד מריר,א. לואקר אס. פי. אי-אי.,IT,חטיף טורטינה מריר 125 גר 6 יח,גרמים,125.00,100 גרם,false,1,17.90,14.3200,true,1,7486
8000380007271,false,וופל במילוי קרם חלב לואקר 175 גרם,ליימן מותגים,AT,ופל לואקר חלב 175 גר,גרמים,175.00,100 גרם,false,1,11.90,6.8000,true,1,1652
8000380148035,false,וופל אגוזי לוג שוקולד מריר גראן פטיסרי Gran Pasticceria,קריניציה ויטמינה אס,IT,ופל פטיסרי מריר אגוזים 100 ג,גרמים,100.00,100 גרם,false,1,13.50,13.5000,true,1,7487
8000380152728,false,מארז חטיפי אצבעות גרנדה שוקולד 125 גרם,"אינסטנטה בע""מ",IT,חטיף ופל גרדנה אצבעות שוקולד 125 גר,גרמים,125.00,100 גרם,false,1,15.90,12.7200,true,1,9543
8000380156573,true,בונבוניירה דולומיטים,,,בונבוניירה דולומיטים,Each,0.00,Each,false,,21.90,0.0000,true,1,12319
8000380156825,false,שוקולד חלב במילוי קרם חלב וופל לואקר 87 גרם,ליימן מותגים,IT,שוקולד לואקר חלב קרם חלב 87 גר,Unknown,0.00,Unknown,false,1,7.90,0.0000,true,1,12543
8000380156849,false,שוקולד מריר במילוי קרם קקאו וופל לואקר 87 גרם,ליימן מותגים,IT,שוקולד לואקר מריר קרם קקאו 87 גר,Unknown,0.00,Unknown,false,1,7.90,0.0000,true,1,48326
8000380156856,false,שוקולד לבן במילוי קרם חלב וופל לואקר 87 גרם,ליימן מותגים,IT,שוקולד לואקר לבן קרם חלב 87 גר,Unknown,0.00,Unknown,false,1,7.90,0.0000,true,1,12544
8000380157570,false,וופלים לואקר קלאסיק אגוז 262.5 גר,ליימן מותגים,AT,ופל לואקר אגוז 262.5 גר,גרמים,263.00,100 גרם,false,1,11.90,4.5247,true,1,19503
8000380157587,false,וופלים לואקר קלאסיק קקאו 262.5 גר,ליימן מותגים,AT,ופל לואקר קרם קקאו 262.5 גר,גרמים,263.00,100 גרם,false,1,11.90,4.5247,true,1,19504
8000380158546,false,פרלינים וופל ושוקולד מריר לואקיני Loackini,"כד בני דרום בע""מ",IT,ופל לואקר לואקיני מריר 100 גרם,גרמים,100.00,100 גרם,false,1,15.90,15.9000,true,1,22661
8000380180745,false,וופל קוביות קקאו במילוי קרם חלב לואקר 250 גרם,"א. לואקר, קונפקט ג'י",AT,ופל קואדרטיני שוקו חלב 250 ג,גרמים,250.00,100 גרם,false,1,15.50,6.2000,true,1,15805
8000380180837,false,וופל גרנד פטיסרי קוקוס לבן מצופה שוקולד לבן לואקר 100 גרם,"אינסטנטה בע""מ",IT,ופל פטיסרי קרם קוקוס לבן 100 ג,גרמים,100.00,100 גרם,false,1,13.50,13.5000,true,1,16954
8000380180943,true,בונבוניירה דולומיטים,,,בונבוניירה דולומיטים,Each,0.00,Each,false,,41.90,0.0000,true,1,16674
8000380181032,false,"לואקר גרדנה חטיפי אצבעות אגוזים ושוקולד לבן, 125 גרם","אינסטנטה בע""מ",IT,חטיף ופל גרדנה אצבעות לבן 125 גר,גרמים,125.00,100 גרם,false,1,15.90,12.7200,true,1,16953
8000380187249,false,עוגיות עם מילוי קרם שקדים ושוקולד חלב,לואקר Loacker,AT,עוגיות לואקר קרם שקדים 100 גרם,גרמים,100.00,100 גרם,false,12,15.90,15.9000,true,1,36217
8000380187300,false,עוגיות חמאה עם שוקולד חלב לואקר 120 גר,לואקר Loacker,AT,עוגיות לואקר פתיתי שלג 120 גרם,גרמים,120.00,100 גרם,false,12,15.90,13.2500,true,1,36218
8000380187775,false,לואקר וופל גרנדה אגוז 136 גרם,Unknown,,ופל גרדנה מצופה קרם אגוז136 גרם,גרמים,136.00,100 גרם,false,1,10.00,7.3529,true,1,50216
8000380189281,false,מארז מיני מיקס לואקר בשקית 210 גרם,ליימן מותגים,AT,מארז מיני מיקס לואקר 210 גרם,גרמים,210.00,100 גרם,false,1,19.90,9.4762,true,1,22662
8000380192151,false,טורטינה טריפל שוקולד מריר לואקר 125 גרם,א. לואקר אס. פי. אי-אי.,IT,חטיף טורטינה טריפל שוקולד מריר125גר6יח,גרמים,125.00,100 גרם,false,1,17.90,14.3200,true,1,30837
8000380192588,false,וופלים קואדרטיני דאבל שוקולד לואקר 250 גרם,קריניציה ויטמינה אס,AT,ופל קואדרטיני דאבל שוקולד 250 ג,גרמים,250.00,100 גרם,false,1,15.50,6.2000,true,1,28044
8000380194322,false,ופל גרנד פטיסרי מיני,,,ופל גרנד פטיסרי מיני קוקוס,Unknown,0.00,Unknown,false,1,10.00,0.0000,true,1,35736
8000380201396,false,שוקולד חלב ממולא קרם קרמל ועלי וופל פריכ,ליימן מותגים,AT,חטיף טורטינה קרמל 125 גר 6 יח,גרמים,125.00,100 גרם,false,1,17.90,14.3200,true,1,40810
8000380205400,false,וופלים קואדרטיני חמאת בוטנים לואקר 250 גרם,ליימן מותגים,AT,ופל קואדרטיני חמאת בוטנים 250 גר,גרמים,250.00,100 גרם,false,1,14.90,5.9600,true,1,48344
8000380205523,false,וופלים בטעם חמאת בוטנים לואקר 175 גרם,ליימן מותגים,AT,ופל לואקר חמאת בוטנים 175 גר,גרמים,175.00,100 גרם,false,1,11.90,6.8000,true,1,48350
8000380206896,false,וופל גרדנה חמאת בוטנים לואקר 200 גרם,ליימן מותגים,IT,ופל גרדנה מצופה חמאת בוטנים 200 גרם,גרמים,200.00,100 גרם,false,1,14.90,7.4500,true,1,48347
8000380207183,false,שוקולד לואקר טורטינה חמאת בוטנים 126 גר,ליימן מותגים,IT,חטיף טורטינה חמאת בוטנים 125 גר 6 יח,גרמים,125.00,100 גרם,false,1,17.90,14.3200,true,1,48348
8000409354157,false,מקינטה מוקה לוואצה ל,,,מקינטה מוקה לוואצה לאספרסו,Unknown,0.00,Unknown,false,1,79.90,0.0000,true,1,49180
8000500009673,false,בונבוניירת פררו רושה 300 גרם,פררו - אלבה,IT,בונבוניירה פררו רושר 300 ג,גרמים,300.00,100 גרם,false,1,42.90,14.3000,true,1,4129
8000500023624,true,חטיף הפי היפו קרם שו,,,חטיף הפי היפו קרם שו,Each,0.00,Each,false,,12.90,0.0000,true,1,5844
8000500023976,false,בונבוניירת רפאלו פררו 150 גרם,פררו - אלבה,PL,בונבוניירה רפאלו 150 גרם,גרמים,150.00,100 גרם,false,1,18.00,12.0000,true,1,1653
8000500026731,false,שוקולד ביצי הפתעה קינדר שלישייה,פררו אס.פי.אי,IT,ביצי הפתעה קינדר שלישיה,Unknown,0.00,Unknown,false,1,15.90,0.0000,true,1,1654
8000500028124,false,קינדר גוי ביצת הפתעה מארז שלישיה,ליימן שליסל,ZA,מארז 3 ביצי קינדר גוי פאנקו,Unknown,0.00,Unknown,false,32,15.90,0.0000,true,1,40162
8000500029350,true,חטיף קינדר בואנו שלי,,,חטיף קינדר בואנו שלי,Each,0.00,Each,false,,11.90,0.0000,true,1,1655
8000500032237,false,בונבונרייה פררו רושר 375 גרם,פררו - אלבה,IT,בונבוניירה פררו רושר 375 ג,גרמים,375.00,100 גרם,false,1,42.90,11.4400,true,1,2025
8000500037874,false,בונבונרייה פררו רושר 200 גרם,פררו - אלבה,IT,בונבוניירה פררו רושר 200 גרם,גרמים,200.00,100 גרם,false,1,25.90,12.9500,true,1,1656
8000500071083,true,שוקולד קינדר אצבעות,,,שוקולד קינדר אצבעות,Each,0.00,Each,false,,12.90,0.0000,true,1,1657
8000500075708,false,ביצי שוקולד הפתעה קינדר ג'וי כחול בנים שלישיה,פררו - אלבה,ZA,מארז 3 ביצי קינדר גוי כחול,Unknown,0.00,Unknown,false,1,15.90,0.0000,true,1,12173
8000500121436,true,חטיף קינדר בואנו לבן,,,חטיף קינדר בואנו לבן,Each,0.00,Each,false,,11.90,0.0000,true,1,8196
8000500126325,false,ביצי שוקולד הפתעה קינדר ג'וי ורוד בנות שלישיה,פררו - אלבה,ZA,מארז 3 ביצי קינדר גוי ורוד,Unknown,0.00,Unknown,false,1,15.90,0.0000,true,1,12174
8000500127728,false,סלייס עוגת ספוג במילוי קרם חלבי ק'נדר מילק 112 ג',פררו טורקיה צ'\יקולטה וו,TR,מארז 4יח עוגת מילק סלי קינדר פינגווי30גר,גרמים,112.00,100 גרם,false,1,12.90,11.5179,true,1,39547
8000500227848,true,חטיף נוטלה בי רדי 6,,,חטיף נוטלה בי רדי 6,Each,0.00,Each,false,,11.90,0.0000,true,1,19348
8000500247167,false,פררו קולקשן - כדורי וופל מצופים 24 יחידו,פררו,DE,בונבוניירה פררו רושר קולקשיין 269 גר,גרמים,269.00,100 גרם,false,1,45.90,17.0632,true,1,19265
8000500256213,true,שוקולד קינדר מיני 12,,,שוקולד קינדר מיני 12,Each,0.00,Each,false,,10.00,0.0000,true,1,26344
8000500269169,false,קינדר קארדס Kinder Cards - חמישייה,קריות זול,IT,חטיף קינדר קארדס חמישיה 128 גרם,גרמים,128.00,100 גרם,false,20,13.90,10.8594,true,1,35918
8000500294345,false,רושר איש שלג שוקולד חלב ואגוזי לוז 90 גר,פררו,PL,איש שלג פררו 90 גרם,Unknown,0.00,Unknown,false,12,14.90,0.0000,true,1,37005
8000500328750,false,כדור וופל פריך מצופה שוקולד פררו רושר 141 ג',פררו,DE,בונבוניירה פררו רושר רונדנואר 141גרם,גרמים,138.00,100 גרם,false,1,24.90,18.0435,true,1,38803
8000500353738,false,רביעיה סוכריות בטעם מנטה חזק 4 * 16 ג' טחק טק,פררו,ZA,סוכריות טיק טק מנטה חזקה רביעיה,Unknown,0.00,Unknown,false,1,10.00,0.0000,true,1,36802
8000500359488,false,טבלת שוקולד פררו רושה חלב 90 גרם,,DE,שוקולד פררו חלב קרם אגוזי לוז 90 גרם,Unknown,0.00,Unknown,false,1,14.90,0.0000,true,1,48087
8000500359556,false,שוקולד לבן עם קוקוס ושקדים 90 ג' פררו רושר,,DE,שוקולד רפאלו לבן קרם קוקוס 90 גרם,Unknown,0.00,Unknown,false,1,14.90,0.0000,true,1,48090
8000500359815,false,שוקולד מריר מילוי קרם אגוזים 90 ג' פררו רושר,,DE,שוקולד פררו מריר קרם אגוזי לוז 90 גרם,Unknown,0.00,Unknown,false,1,14.90,0.0000,true,1,48089
8000500359884,false,שוקולד לבן ממולא קרם אגוזים 90 ג' פררו רושר,,DE,שוקולד פררו לבן קרם אגוזי לוז 90 גרם,Unknown,0.00,Unknown,false,1,14.90,0.0000,true,1,48088
8000500363539,false,גלידה פררו רושה חלבית בטעם אגוזי מצופה שוקולד ואגוזים 200 גרם,,FR,מאגדת 4 יח שלגון פררו רושר,יחידה,4.00,יחידה,false,8,41.90,10.4750,true,1,39708
8000500374429,false,פררו גרנד רושה מעטפת שוקולד חלב 125 גרם,פררו,PL,גרנד פררו רושר 125 גרם,גרמים,125.00,100 גרם,false,1,15.90,12.7200,true,1,41018
8000500386941,false,"ממרח קקאו עם אגוזי לוז, 900 גרם",קדבורי,IT,ממרח נוטלה 900 גרם,גרמים,900.00,100 גרם,false,1,30.90,3.4333,true,1,48174
8000961003203,false,עוגת פנטוני 750 גר מ,BAULI,,עוגת פנטוני 750 גר מוטטא,גרמים,750.00,100 גרם,false,1,54.90,7.3200,true,1,11252
8001003100164,true,סוכריות גלי פירות יו,,,סוכריות גלי פירות יו,Each,0.00,Each,false,,10.90,0.0000,true,1,23437
8001003202035,false,סוכריות ג'לי בטעם פירות יוגטה 80 גרם,צ'וקטה,IT,סוכריות גלי פירות יוגטה 80 גרם,Unknown,0.00,Unknown,false,12,4.90,0.0000,true,1,49229
8001010033721,false,רוטב פסטו חדש 135 ג' PONTI,,,רוטב פסטו פונטי 135 גר,גרמים,135.00,100 גרם,false,1,10.00,7.4074,true,1,15533
8001010039303,true,עגבניות מיובשות במים,,,עגבניות מיובשות במים,Each,0.00,Each,false,,19.90,0.0000,true,1,9657
8001010062844,false,"פונטי חומץ בלסמי כשר 500 מ""ל",פונט סלאם וולנסיה,IT,חומץ בלסמי פונטי 500 מל,מיליליטרים,500.00,"100 מ""ל",false,1,17.90,3.5800,true,1,31745
8001090184375,false,"נוזל כלים פיירי 900 מ""ל ירוק אורגינל",פרוקטר אנד גמבל,GB,נוזל כלים פיירי אורגינל 900מל,מיליליטרים,900.00,"100 מ""ל",false,8,12.90,1.4333,true,1,48471
8001090184412,false,"פיירי נוזל לניקוי כלים לימון שקוף, 900 מ""ל",פרוקטר אנד גמבל,GB,נוזל כלים פיירי לימון 900מל,מיליליטרים,900.00,"100 מ""ל",false,8,12.90,1.4333,true,1,48472
8001090222428,false,"הרבל אסנסס - שמפו חלב קוקוס 400 מ""ל",הרבל אסנס Herbal Essences,FR,שמפו הרבל אסנסס חלב קוקוס 400מל,מיליליטרים,400.00,"100 מ""ל",false,6,17.90,4.4750,true,1,35642
8001090222541,false,הרבל אסנסס שמפו תות שדה ומנטה 400 גרם,הרבל אסנס Herbal Essences,FR,שמפו הרבל אסנסס תות שדה מנטה 400מל,מיליליטרים,400.00,"100 מ""ל",false,6,17.90,4.4750,true,1,35640
8001090222572,false,הרבל אסנסס מרכך תות שדה ומנטה 400 גרם,הרבל אסנס Herbal Essences,FR,מרכך הרבל אסנסס תות שדה מנטה 400מל,מיליליטרים,400.00,"100 מ""ל",false,6,17.90,4.4750,true,1,35641
8001090222725,true,שמפו הרבל אסנסס שמן,,,שמפו הרבל אסנסס שמן,Each,0.00,Each,false,,17.90,0.0000,true,1,29330
8001090222756,true,מרכך הרבל אסנסס שמן,,,מרכך הרבל אסנסס שמן,Each,0.00,Each,false,,17.90,0.0000,true,1,29332
8001090222848,true,שמפו הרבל אסנסס שמן,,,שמפו הרבל אסנסס שמן,Each,0.00,Each,false,,17.90,0.0000,true,1,29329
8001090222879,true,מרכך הרבל אסנסס שמן,,,מרכך הרבל אסנסס שמן,Each,0.00,Each,false,,17.90,0.0000,true,1,29331
8001090290830,false,"אוראל בי משחת שיניים- להלבנה פנינה בוהקת 75 מ""ל",פרוקטר אנד גמבל,DE,משחת שיניים אורל בי פנינה בוהקת 75מל,Unknown,0.00,Unknown,false,1,19.90,0.0000,true,1,40129
8001090290939,false,"אוראל בי משחת שיניים- להלבנה לובן בוהק 75 מ""ל",פרוקטר אנד גמבל,DE,משחת שיניים אורל בי לבן בוהק 75מל,Unknown,0.00,Unknown,false,1,19.90,0.0000,true,1,40128
8001090316103,false,קפסולות לכתמים קשים 45 יח' אריאל,פרוקטר אנד גמבל,FR,קפסולות כביסה אריאל גל 45יח כתמים קשים,יחידה,45.00,יחידה,false,2,67.90,1.5089,true,1,49807
8001090336354,false,פמפרס בייבי דריי חיתולים מידה 2 46 יח,פרוקטר אנד גמבל,DE,חיתולי פמפרס מידה 2 בייבי דריי 46יחידות,יחידה,46.00,יחידה,false,4,34.90,0.7587,true,1,30688
8001090336408,false,חיתולים בייבי דריי מידה 3 38 יח' פמפרס,פרוקטר אנד גמבל,DE,חיתולי פמפרס מידה 3 בייבי דריי 38יחידות,יחידה,38.00,יחידה,false,4,34.90,0.9184,true,1,30689
8001090336446,false,פמפרס בייבי דריי חיתולים מידה 4 34 יח,פרוקטר אנד גמבל,DE,חיתולי פמפרס מידה 4 בייבי דריי 34יחידות,יחידה,34.00,יחידה,false,4,34.90,1.0265,true,1,30690
8001090336491,false,פמפרס בייבי דריי חיתולים מידה +4 31 יח,פרוקטר אנד גמבל,DE,חיתולי פמפרס מידה 4+ בייבי דריי 31יחידות,יחידה,31.00,יחידה,false,4,34.90,1.1258,true,1,30691
8001090336521,false,פמפרס בייבי דריי חיתולים מידה 5 30 יח,פרוקטר אנד גמבל,DE,חיתולי פמפרס מידה 5 בייבי דריי 30יחידות,יחידה,30.00,יחידה,false,4,34.90,1.1633,true,1,30692
8001090336606,false,פמפרס בייבי דריי חיתולים מידה 6 26 יח,פרוקטר אנד גמבל,DE,חיתולי פמפרס מידה 6 בייבי דריי 26יחידות,יחידה,26.00,יחידה,false,4,34.90,1.3423,true,1,30693
8001090364104,false,"משחת שיניים אורל בי G&E אורגינל 75 מ""ל",פרוקטר אנד גמבל,DE,משחת שיניים אורל בי 75מל אורגינל אי אנד,Unknown,0.00,Unknown,false,1,14.90,0.0000,true,1,40123
8001090364159,false,"משחת שיניים אורל בי G&E רעננות מוגברת 75 מ""ל",פרוקטר אנד גמבל,DE,משחת שיניים אורל בי 75מל רעננות אי אנד,Unknown,0.00,Unknown,false,1,14.90,0.0000,true,1,40124
8001090364203,false,"משחת שיניים אורל בי G&E להלבנה עדינה 75 מ""ל",פרוקטר אנד גמבל,DE,משחת שיניים אורל בי 75מל הלבנה אי אנד,Unknown,0.00,Unknown,false,1,14.90,0.0000,true,1,40125
8001090375230,true,מרכך פנטן מרוכז 200מ,,,מרכך פנטן מרוכז 200מ,Each,0.00,Each,false,,17.90,0.0000,true,1,21168
8001090379337,false,פמפרס פרימיום קר חיתולים שלב 3 40 יח VP,פרוקטר אנד גמבל,PL,חיתולי פמפרס פרימיום וי פי מידה 3 40יח,יחידה,40.00,יחידה,false,1,31.90,0.7975,true,1,20520
8001090379368,false,פמפרס פרימיום קר חיתולים שלב 4 34 יח VP,פרוקטר אנד גמבל,PL,חיתולי פמפרס פרימיום וי פי מידה 4 34יח,יחידה,34.00,יחידה,false,1,31.90,0.9382,true,1,20521
8001090379399,false,פמפרס פרימיום קר חיתולים שלב 5 30 יח VP,פרוקטר אנד גמבל,PL,חיתולי פמפרס פרימיום וי פי מידה 5 30יח,יחידה,30.00,יחידה,false,1,31.90,1.0633,true,1,20518
8001090493637,true,שמפו הד אנד שולדרס א,,,שמפו הד אנד שולדרס א,Each,0.00,Each,false,,24.90,0.0000,true,1,19949
8001090737809,true,מגן תחתון אולוויז טנ,,,מגן תחתון אולוויז טנ,Each,0.00,Each,false,,16.90,0.0000,true,1,25775
8001090802385,false,קפסולות גל לכביסה טייד בניחוח לנור 26 יח,פרוקטר אנד גמבל,FR,קפסולת גל כביסה טייד 26יח,יחידה,26.00,יחידה,false,3,31.90,1.2269,true,1,27813
8001090832450,false,"שמפו פנטן הנוסחה הקלאסית 660 מ""ל",פרוקטר אנד גמבל,RO,שמפו לשיער פנטן 660מל נוסחה קלאסית,מיליליטרים,660.00,"100 מ""ל",false,6,18.90,2.8636,true,1,36836
8001090832535,false,"שמפו פנטן שמן מרוקאי משקם 660 מ""ל",פרוקטר אנד גמבל,RO,שמפו לשיער פנטן 660מל שמן מרוקאי משקם,מיליליטרים,660.00,"100 מ""ל",false,6,18.90,2.8636,true,1,36837
8001090832573,false,"שמפו פנטן לחות מוגברת 660 מ""ל",פרוקטר אנד גמבל,RO,שמפו פנטן 660מל לחות מוגברת,מיליליטרים,660.00,"100 מ""ל",false,6,18.90,2.8636,true,1,36838
8001090832610,false,"שמפו פנטן למגע רך כמשי 660 מ""ל",פרוקטר אנד גמבל,RO,שמפו פנטן 660מל למגע רך כמשי,מיליליטרים,660.00,"100 מ""ל",false,6,18.90,2.8636,true,1,36839
8001090832696,false,"פנטן שמפו לתלתלים מושלמים 660 מ""ל",פרוקטר אנד גמבל,RO,שמפו פנטן 660מל לתלתלים מושלמים,מיליליטרים,660.00,"100 מ""ל",false,6,18.90,2.8636,true,1,36840
8001090832771,false,"פנטן שמפו להזנת קרטין 660 מ""ל",פרוקטר אנד גמבל,RO,שמפו פנטן 660מל קרטין,מיליליטרים,660.00,"100 מ""ל",false,6,18.90,2.8636,true,1,36841
8001090832818,false,מרכך פנטן הנוסחה הקלאסית לשיער רגיל ומעורב,פרוקטר אנד גמבל,RO,מרכך פנטן 660מל נוסחה קלאסית,מיליליטרים,660.00,"100 מ""ל",false,6,18.90,2.8636,true,1,36843
8001090832856,false,"פנטן 660 מ""ל קונדישינר מרוקאי משקם",פרוקטר אנד גמבל,RO,מרכך פנטן 660מל מרוקאי משקם,מיליליטרים,660.00,"100 מ""ל",false,6,18.90,2.8636,true,1,36844
8001090832894,false,מרכך לשיער חלש ופגום לחות מוגברת,פרוקטר אנד גמבל,RO,מרכך פנטן 660מל לחות מוגברת,מיליליטרים,660.00,"100 מ""ל",false,6,18.90,2.8636,true,1,36845
8001090832931,false,"פנטן 660 מ""ל קונדישינר למגע רך כמשי",פרוקטר אנד גמבל,RO,מרכך פנטן 660מל מגע רך כמשי,מיליליטרים,660.00,"100 מ""ל",false,6,18.90,2.8636,true,1,36846
8001090832979,false,"פנטן 660 מ""ל קונדישינר לתלתלים מושלמים",פנטן שמפו ומרכך ב 17,RO,מרכך פנטן 660מל תלתלים מושלמים,מיליליטרים,660.00,"100 מ""ל",false,6,18.90,2.8636,true,1,36847
8001090833051,false,"פנטן 660 מ""ל קונדישינר הזנת קרטין",פנטן שמפו ומרכך ב 17,RO,מרכך פנטן 660מל קרטין,מיליליטרים,660.00,"100 מ""ל",false,6,18.90,2.8636,true,1,36848
8001090886385,false,לנור כדוריות הבושם בניחוח רענן 140 גרם,פרוקטור אנד גמבל,US,מבשם כביסה לנור כדוריות רענן 140גר,גרמים,140.00,100 גרם,false,1,19.90,14.2143,true,1,35807
8001090886460,false,לנור כדוריות הבושם בניחוח אביבי 140 גרם,פרוקטור אנד גמבל,US,מבשם כביסה לנור כדוריות אביבי 140גר,גרמים,140.00,100 גרם,false,1,19.90,14.2143,true,1,28629
8001090891273,false,לנור כדוריות בושם בניחוח סחלב 210 גרם,פרוקטר אנד גמבל,US,מבשם כביסה לנור כדוריות סחלב 210גר,גרמים,210.00,100 גרם,false,1,27.90,13.2857,true,1,35802
8001090899224,true,תחבושות אולוויז לונג,,,תחבושות אולוויז לונג,Each,0.00,Each,false,,17.90,0.0000,true,1,30652
8001090899255,true,תחבושות אולוויז לילה,,,תחבושות אולוויז לילה,Each,0.00,Each,false,,17.90,0.0000,true,1,30653
8001090899286,true,תחבושות אולוויז לילה,,,תחבושות אולוויז לילה,Each,0.00,Each,false,,17.90,0.0000,true,1,30654
8001160000888,true,משקה גטורייד ספורט ת,,,משקה גטורייד ספורט ת,Each,0.00,Each,false,,10.00,0.0000,true,1,9873
8001160001786,true,משקה גטורייד ספורט כ,,,משקה גטורייד ספורט כ,Each,0.00,Each,false,,10.00,0.0000,true,1,9872
8001160001892,true,משקה גטורייד ספורט ת,,,משקה גטורייד ספורט ת,Each,0.00,Each,false,,10.00,0.0000,true,1,9874
8001250003652,true,פסטה רדיאטורי מס 199,,,פסטה רדיאטורי מס 199,Each,0.00,Each,false,,10.90,0.0000,true,1,10312
8001250120120,true,פסטה ספגטי מס 12 דה,,,פסטה ספגטי מס 12 דה,Each,0.00,Each,false,,10.90,0.0000,true,1,4428
8001250120229,true,פסטה פסטונטי מס 22,,,פסטה פסטונטי מס 22,Each,0.00,Each,false,,10.90,0.0000,true,1,7711
8001250120243,true,פסטה ריגטוני מס 24 ד,,,פסטה ריגטוני מס 24 ד,Each,0.00,Each,false,,10.90,0.0000,true,1,6583
8001250120335,true,פסטה קיפרי ריגטי מס,,,פסטה קיפרי ריגטי מס,Each,0.00,Each,false,,10.90,0.0000,true,1,6585
8001250120465,true,פסטה קונכיות ניוקי מ,,,פסטה קונכיות ניוקי מ,Each,0.00,Each,false,,10.90,0.0000,true,1,4423
8001250120502,true,פסטה קונצלי מס 50 דה,,,פסטה קונצלי מס 50 דה,Each,0.00,Each,false,,10.90,0.0000,true,1,6586
8001250120878,true,פסטה קוואטאפי מס 87,,,פסטה קוואטאפי מס 87,Each,0.00,Each,false,,10.90,0.0000,true,1,6588
8001250120885,true,פסטה חונקי כמרים מס,,,פסטה חונקי כמרים מס,Each,0.00,Each,false,,10.90,0.0000,true,1,6589
8001250120908,true,פסטה ראקט מס 90 דה צ,,,פסטה ראקט מס 90 דה צ,Each,0.00,Each,false,,10.90,0.0000,true,1,6590
8001250121813,true,אטריות דה צקו פיליני,,,אטריות דה צקו פיליני,Each,0.00,Each,false,,10.90,0.0000,true,1,21159
8001250121981,true,פסטה פוזילי מסולסל מ,,,פסטה פוזילי מסולסל מ,Each,0.00,Each,false,,10.90,0.0000,true,1,7712
8001250152015,true,פסטה פפרדלה דה צקו ק,,,פסטה פפרדלה דה צקו ק,Each,0.00,Each,false,,14.90,0.0000,true,1,4420
8001250152091,true,פסטה קפלי דאנגלו דה,,,פסטה קפלי דאנגלו דה,Each,0.00,Each,false,,14.90,0.0000,true,1,4419
8001250152336,true,פסטה פיטוציני דה צקו,,,פסטה פיטוציני דה צקו,Each,0.00,Each,false,,14.90,0.0000,true,1,4422
8001250201003,true,קנלוני דה צקו 250 ג,,,קנלוני דה צקו 250 ג,Each,0.00,Each,false,,14.90,0.0000,true,1,4418
8001250219138,true,רוטב פסטה סיציליאנה,,,רוטב פסטה סיציליאנה,Each,0.00,Each,false,,10.90,0.0000,true,1,10182
8001250250018,false,"שמן זית EXTRA VIRGIN CLASSICO (כחול) 750 מ""ל",VIRGINIAS INDUSTRIAS,IT,שמן זית כתית מעולה 750 מל קלאסיקו,מיליליטרים,750.00,"100 מ""ל",false,1,39.90,5.3200,true,1,6642
8001250310125,true,ספגטי חיטה מלאה 12 ד,,,ספגטי חיטה מלאה 12 ד,Each,0.00,Each,false,,11.90,0.0000,true,1,6601
8001250310415,true,פסטה פנה חיטה מלאה 4,,,פסטה פנה חיטה מלאה 4,Each,0.00,Each,false,,11.90,0.0000,true,1,6602
8001435310018,true,בירה מורטי 330מל בקב,,,בירה מורטי 330מל בקב,Each,0.00,Each,false,,8.90,0.0000,true,1,30751
8001505000160,true,מעדן דובדבן אורגני 2,,,מעדן דובדבן אורגני 2,Each,0.00,Each,false,,18.90,0.0000,true,1,17223
8001505000177,true,מעדן משמש אורגני 250,,,מעדן משמש אורגני 250,Each,0.00,Each,false,,18.90,0.0000,true,1,17224
8001505000184,true,מעדן אוכמניות אורגני,,,מעדן אוכמניות אורגני,Each,0.00,Each,false,,18.90,0.0000,true,1,17225
8001505000283,true,מעדן פטל אורגני 250,,,מעדן פטל אורגני 250,Each,0.00,Each,false,,18.90,0.0000,true,1,17226
8001505000306,true,מעדן פירות יער אורגנ,,,מעדן פירות יער אורגנ,Each,0.00,Each,false,,18.90,0.0000,true,1,17227
8001505000313,true,ממרח אגוזי לוז אורגנ,,,ממרח אגוזי לוז אורגנ,Each,0.00,Each,false,,19.90,0.0000,true,1,17233
8001505000320,true,מעדן תותי בר אורגני,,,מעדן תותי בר אורגני,Each,0.00,Each,false,,18.90,0.0000,true,1,17228
8001505000573,true,מעדן דומדומניות שחור,,,מעדן דומדומניות שחור,Each,0.00,Each,false,,18.90,0.0000,true,1,17230
8001505001105,true,ממרח אגוזי לוז לא חל,,,ממרח אגוזי לוז לא חל,Each,0.00,Each,false,,19.90,0.0000,true,1,18775
8001620011935,true,מארז 6יח מים סן בנדט,,,מארז 6יח מים סן בנדט,Each,0.00,Each,false,,12.90,0.0000,true,1,8471
8001620015612,false,"משקה פירות פרוטה-גזר תפוז לימון 400 מ""ל סאן בנדטו",אקווה מינרלה סאן בנדטו ב,IT,משקה סן בנדטו תפוז לימון 400מל,מיליליטרים,400.00,"100 מ""ל",false,12,7.90,1.9750,true,1,39097
8001620015629,false,"משקה פירות בטעם תפוז ותפוז אדום 400 מ""ל פרוטה",אקווה מינרלה סאן בנדטו ב,IT,משקה סן בנדטו תפוז אדום תפוז 400מל,מיליליטרים,400.00,"100 מ""ל",false,12,7.90,1.9750,true,1,46470
8001620015636,false,"משקה פירות פרוטה-מיקס פירות 400 מ""ל סאן בנדטו",אקווה מינרלה סאן בנדטו ב,IT,משקה סן בנדטו מיקס פירות 400מל,מיליליטרים,400.00,"100 מ""ל",false,12,7.90,1.9750,true,1,39098
8001620018248,true,מים סן בנדטו 750 מל,,,מים סן בנדטו 750 מל,Each,0.00,Each,false,,5.00,0.0000,true,1,28444
8001620018408,false,"משקה פירות בטעם מנגו תפוח 400 מ""ל פרוטה",אקווה מינרלה סאן בנדטו ב,IT,משקה סן בנדטו מנגו תפוח 400מל,מיליליטרים,400.00,"100 מ""ל",false,12,7.90,1.9750,true,1,46471
8001780499307,true,דובדבני אמרנה 230 גר,,,דובדבני אמרנה 230 גר,Each,0.00,Each,false,,29.90,0.0000,true,1,30518
8001841006710,false,לנור כדוריות הריח בניחוח רענן 210 גרם,פרוקטר אנד גמבל,US,מבשם כביסה לנור כדוריות רענן 210גר,גרמים,210.00,100 גרם,false,1,27.90,13.2857,true,1,35803
8001841006833,false,לנור כדוריות הבושם בניחוח אביבי 210 ג',פרוקטר אנד גמבל,GB,מבשם כביסה לנור כדוריות אביבי 210גר,גרמים,275.00,100 גרם,false,1,27.90,10.1455,true,1,35804
8001841019291,false,קפסולות לכביסה בניחוח לנור אריאל 16 יחידות,פרוקטר אנד גמבל,FR,קפסולות לכביסה אריאל 16יח בניחוח לנור,יחידה,16.00,יחידה,false,6,19.90,1.2437,true,1,45120
8001841062624,false,פמפרס מגבונים לחים ללא בישום רביעייה,פרוקטר אנד גמבל.,DE,מארז מגבוני פמפרס 4יח ללא בישום 52יח,יחידה,204.00,יחידה,false,3,16.90,0.0828,true,1,38250
8001841077949,false,מארז מגבוני פמפרס בניחוח מרענן - רביעייה,פרוקטר אנד גמבל,DE,מארז מגבוני פמפרס 4יח פרש 52יח,יחידה,204.00,יחידה,false,3,16.90,0.0828,true,1,30694
8001841104751,false,פמפרס פרימיום קר חיתולים שלב 1 52 יח VP,פרוקטר אנד גמבל,PL,חיתולי פמפרס פרימיום וי פי מידה 1 52יח,יחידה,52.00,יחידה,false,1,31.90,0.6135,true,1,28192
8001841104799,false,פמפרס פרימיום קר חיתולים שלב 2 46 יח VP,פרוקטר אנד גמבל,PL,חיתולי פמפרס פרימיום וי פי מידה 2 46יח,יחידה,46.00,יחידה,false,1,31.90,0.6935,true,1,28190
8001841105093,false,פמפרס פרימיום קר חיתולים שלב 6 26 יח VP,פרוקטר אנד גמבל,PL,חיתולי פמפרס פרימיום וי פי מידה 6 26יח,יחידה,26.00,יחידה,false,1,31.90,1.2269,true,1,28191
8001841137179,false,קונדישינר הד&שולדרס הנוסחה הקלאסית 275מל,פרוקטר אנד גמבל,RO,מרכך הד אנד שולדרס קלאסי 275מל,מיליליטרים,275.00,"100 מ""ל",false,6,14.90,5.4182,true,1,30699
8001841137216,false,"קונדישנר למגע רך כמשי הד אנד שולדרס 275 מ""ל",פרוקטר אנד גמבל,RO,מרכך הד אנד שולדרס מגע רך 275מל,מיליליטרים,275.00,"100 מ""ל",false,6,14.90,5.4182,true,1,30700
8001841272757,false,אורל-בי משחת שיניים להלבנה פחם- לניקוי עמוק,פרוקטור אנד גמבל,DE,משחת שיניים אורל בי להלבנה פחם 75מל,Unknown,0.00,Unknown,false,1,19.90,0.0000,true,1,46448
8001841500799,false,"הרבל אסנסס - שמפו ללא סולפטים אלוורה ומנגו 380 מ""ל",הרבל אסנס Herbal Essences,FR,שמפו הרבל אסנסס ללא סולפטים 380מל מנגו,מיליליטרים,380.00,"100 מ""ל",false,6,17.90,4.7105,true,1,37196
8001841500942,false,"הרבל אסנסס - שמפו ללא סולפטים אלוורה ובמבוק 380 מ""ל",הרבל אסנס Herbal Essences,FR,שמפו הרבל אסנסס ללא סולפטים 380מל במבוק,מיליליטרים,380.00,"100 מ""ל",false,6,17.90,4.7105,true,1,37197
8001841502298,false,"הרבל אסנסס - מרכך ללא סולפטים אלוורה ומנגו 275 מ""ל",הרבל אסנס Herbal Essences,FR,מרכך הרבל אסנסס ללא סולפטים 275מל מנגו,מיליליטרים,275.00,"100 מ""ל",false,6,17.90,6.5091,true,1,37198
8001841502601,false,"הרבל אסנסס - מרכך ללא סולפטים אלוורה ובמבוק 275 מ""ל",הרבל אסנס Herbal Essences,FR,מרכך הרבל אסנסס ללא סולפטים 275מל במבוק,מיליליטרים,275.00,"100 מ""ל",false,6,17.90,6.5091,true,1,37199
8001841566771,false,לנור כדוריות בושם בניחוח יסמין 210 גרם,פרוקטר אנד גמבל,US,מבשם כביסה לנור כדוריות יסמין 210גר,גרמים,210.00,100 גרם,false,1,27.90,13.2857,true,1,35806
8001841625362,false,"נוזל כלים בניחוח לימון פלטינום 780 מ""ל פיירי",פרוקטר אנד גמבל,GB,נוזל כלים פיירי פלטינום לימון 780מל,מיליליטרים,900.00,"100 מ""ל",false,8,12.90,1.4333,true,1,48473
8001841625461,true,נוזל כלים פיירי פלטי,,,נוזל כלים פיירי פלטי,Each,0.00,Each,false,,11.90,0.0000,true,1,32848
8001841660257,false,מסכת מינרלס במבוק לשיער חזק וארוך,פנטן Pantene,FR,מסכת שיער פנטן מיראקלס במבוק 160מל,מיליליטרים,160.00,"100 מ""ל",false,6,18.90,11.8125,true,1,39669
8001841660530,false,קרם לחות מינרלס במבוק + חלבון משקם לשיער ארוך,פנטן Pantene,FR,קרם לחות לשיער פנטן מיראקלס במבוק 270מל,מיליליטרים,270.00,"100 מ""ל",false,6,18.90,7.0000,true,1,39667
8001841716435,false,"ג'ל רחצה ושמפו לעור רגיש האד אנד שולדרס 360 מ""ל","נארז ע""י : א.ג. גילר",FR,גל רחצה ושמפו שולדרס לעור רגיש 360מל,מיליליטרים,360.00,"100 מ""ל",false,6,19.90,5.5278,true,1,40119
8001841716596,false,"ג'ל רחצה ושמפו מרענן האד אנד שולדרס 360 מ""ל","נארז ע""י : א.ג. גילר",FR,גל רחצה ושמפו שולדרס מרענן 360מל,מיליליטרים,360.00,"100 מ""ל",false,6,19.90,5.5278,true,1,40120
8001841893990,false,פיירי טבליות למדיח פלטינום פלוס - מארז 30 יח',פרוקטר אנד גמבל,BE,פיירי טבליות למדיח פלטינום פלוס 30 יח,יחידה,30.00,יחידה,false,4,39.90,1.3300,true,1,37008
8001841941929,false,אולוויז וליו פק לילה בטוח אקסטרא 16 יחידות,פרוקטר אנד גמבל,DE,תחבושות אולוויז לילה בטוח אקסטרא 16יח,יחידה,16.00,יחידה,false,1,17.90,1.1187,true,1,40121
8001841943961,false,לנור כדוריות בושם בניחוח אוקיינוס 210 גר,פרוקטר אנד גמבל,US,מבשם כביסה לנור כדוריות אוקיינוס 210גר,גרמים,210.00,100 גרם,false,1,27.90,13.2857,true,1,35805
8001841958460,false,פיירי טבליות למדיח אורגינל הכל באחד - מארז 48 יח',פרוקטר אנד גמבל,BE,פיירי טבליות למדיח 48 יחידות,יחידה,48.00,יחידה,false,1,39.90,0.8312,true,1,37006
8001841960081,false,פיירי טבליות למדיח פלטינום הכל באחד - מארז 37 יח',פרוקטר אנד גמבל,BE,פיירי טבליות למדיח פלטינום 37 יחידות,יחידה,37.00,יחידה,false,1,39.90,1.0784,true,1,37007
8001876012588,true,שמן זית כתית מעולה י,,,שמן זית כתית מעולה י,Each,0.00,Each,false,,45.00,0.0000,true,1,8935
8001876012595,true,שמן זית קולאויטה כתי,,,שמן זית קולאויטה כתי,Each,0.00,Each,false,,45.00,0.0000,true,1,8934
8001900234054,false,יין למברוסקו פריזנטה,איטליה גרופו איטליאנ,,יין רוזה למברוסקו מבעבע 750 מל פקדון,מיליליטרים,750.00,"100 מ""ל",false,1,35.00,4.6667,true,1,5315
8001900527057,false,יין למברוסקו פריזנטה,איטליה גרופו איטליאנ,,יין אדום למברוסקו מבעבע 750 מל פקדון,מיליליטרים,750.00,"100 מ""ל",false,1,35.00,4.6667,true,1,5313
8001900628051,false,למברוסקו לבן קוויקיו,איטליה גרופו איטליאנ,,יין לבן למברוסקו מבעבע 750 מל פקדון,מיליליטרים,750.00,"100 מ""ל",false,1,35.00,4.6667,true,1,5314
8001906998561,false,יין פרימו וי פרוסקו,Unknown,,יין פרוסקו פרימוב לבן מבעבע 750 מל פיקדו,מיליליטרים,750.00,"100 מ""ל",false,1,60.00,8.0000,true,1,46510
8001935221401,false,וילה אנטינורי אדום 750 מל,איטליה אנטינורי,,יין אדום וילה אנטינורי 750 מל פקדון,מיליליטרים,750.00,"100 מ""ל",false,1,80.00,10.6667,true,1,2149
8001935333203,false,יין אורבייטו קאסאסול,איטליה אנטינורי,,יין אורבייטו קאסאסולה 750 מל פקדון,מיליליטרים,750.00,"100 מ""ל",false,1,60.00,8.0000,true,1,8781
8001943549122,true,מטבעות שוקולד צוקטה,,IT,מטבעות שוקולד צוקטה 40 גרם,Unknown,0.00,Unknown,false,50,4.90,0.0000,true,1,45429
8002062000068,true,יין קמפיורין מאסי 75,,,יין קמפיורין מאסי 75,Each,0.00,Each,false,,100.00,0.0000,true,1,8058
8002062001522,true,יין מודלו רוסו דלה ו,,,יין מודלו רוסו דלה ו,Each,0.00,Each,false,,60.00,0.0000,true,1,6346
8002130050216,true,אורז ארבוריו לריזוטו,,,אורז ארבוריו לריזוטו,Each,0.00,Each,false,,15.90,0.0000,true,1,17593
8002153007808,true,יין מונטפולצאנו דארב,,,יין מונטפולצאנו דארב,Each,0.00,Each,false,,45.00,0.0000,true,1,17924
8002153208526,true,יין קמפו די מרצו פרי,,,יין קמפו די מרצו פרי,Each,0.00,Each,false,,45.00,0.0000,true,1,16293
8002153216002,true,יין קמפו די מרצו סנג,,,יין קמפו די מרצו סנג,Each,0.00,Each,false,,45.00,0.0000,true,1,16112
8002153220016,true,יין קורבלי קסטלני רו,,,יין קורבלי קסטלני רו,Each,0.00,Each,false,,45.00,0.0000,true,1,28974
8002230000012,false,מארז משקה קוקטייל אפ,אלכוהול (איי.בי.בי),IT,ליקר אפרול 1 ליטר פיקדון,ליטרים,1.00,ליטר,false,1,89.00,89.0000,true,1,9527
8002267014945,false,שלישייה ביצי שוקולד חלב עם צעצוע הוט ווילס,ואל קור קורסניני אס אנ ס,IT,ביצי הפתעה הוט ווילס שלשות 60 גרם,Unknown,0.00,Unknown,false,16,12.90,0.0000,true,1,24720
8002270015649,true,מים סן פלגרינו 250 מ,,,מים סן פלגרינו 250 מ,Each,0.00,Each,false,,8.00,0.0000,true,1,4166
8002270436581,false,"שישיית מים סאן פלגרינו פלסט 500 מ""ל",סן-פלגרינו,IT,מארז 6יח מים סן פלגרינו 500 מל פקדון,ליטרים,3.00,ליטר,false,1,32.90,10.9667,true,1,17485
8002270866524,true,מים סן פלגרינו 1ל פס,,,מים סן פלגרינו 1ל פס,Each,0.00,Each,false,,10.90,0.0000,true,1,10077
8002365024501,true,יין דולצטו דאלבה 201,,,יין דולצטו דאלבה 201,Each,0.00,Each,false,,100.00,0.0000,true,1,18195
8002365026505,true,יין ברברה דאסטי לא א,,,יין ברברה דאסטי לא א,Each,0.00,Each,false,,80.00,0.0000,true,1,6330
8002450201008,false,"רספברי ספרקלטיני 750 מ""ל",איטליה בוסקה,IT,יין ורדי רפסברי ספרקלטיני 750 מל פיקדון,מיליליטרים,750.00,"100 מ""ל",false,1,25.00,3.3333,true,1,6844
8002450203002,false,"ורדי בטעם אבטיח 750 מ""ל",איטליה בוסקה,IT,יין וורדי טעם אבטיח 750 מל,מיליליטרים,750.00,"100 מ""ל",false,1,25.00,3.3333,true,1,27496
8002450206003,false,ורדי רימונים ספרקלטיני,"איי, בי, אינבוו",IT,שיכר ורדי רימונים 750 מל פיקדון,מיליליטרים,750.00,"100 מ""ל",false,1,25.00,3.3333,true,1,6846
8002530121028,false,קפסולות מאורו צנטופר,,IT,קפסולות מאורו לאספרסו צנטופרצנטו10 יח,יחידה,10.00,יחידה,false,12,16.90,1.6900,true,1,36650
8002530155122,false,קפסולות מאורו פרמיום,,IT,קפסולות מאורו פרימיום לאספרסו 10 יח,יחידה,10.00,יחידה,false,12,16.90,1.6900,true,1,36652
8002550502333,true,יין פרוסקו אקסטרא דר,,,יין פרוסקו אקסטרא דר,Each,0.00,Each,false,,45.00,0.0000,true,1,19325
8002550505457,true,יין פרוסקו אקסטרא דר,,,יין פרוסקו אקסטרא דר,Each,0.00,Each,false,,25.00,0.0000,true,1,19326
8002795001868,false,שלישיית משקה שוקו חל,,IT,מארז 3יח משקה שוקו איטלקי 200מל,מיליליטרים,600.00,"100 מ""ל",false,1,11.90,1.9833,true,1,46785
8002795002445,false,מארז 2יח קרם ונילה א,,IT,מארז 2יח קרם ונילה איטלקי 100גר,גרמים,200.00,100 גרם,false,1,6.90,3.4500,true,1,41142
8002795002469,false,גיבנה מסקרפונה איטלקי 200 ג',,IT,גבינת מסקרפונה איטלקי 200 גר,גרמים,200.00,100 גרם,false,1,16.90,8.4500,true,1,38134
8002960103199,false,CA70W 'רוטב פומודורינה בצנצנת 370 ג MENU,מנורה,IT,רוטב פסטה מנו פומודורינה 370 גרם,גרמים,370.00,100 גרם,false,6,13.90,3.7568,true,1,48119
8002960103212,false,K070W 'רוטב שקשוקה בצנצנת 370 ג MENU,מנורה,IT,רוטב מנו לשקשוקה 370 גרם,גרמים,370.00,100 גרם,false,6,13.90,3.7568,true,1,48120
8002960500165,true,רוטב פומודורינה מוכן,,,רוטב פומודורינה מוכן,Each,0.00,Each,false,,18.90,0.0000,true,1,8294
8003015703722,true,יין קרפינטו רוסו די,,,יין קרפינטו רוסו די,Each,0.00,Each,false,,60.00,0.0000,true,1,9344
8003015703937,true,יין ברונלו די מונטלצ,,,יין ברונלו די מונטלצ,Each,0.00,Each,false,,245.00,0.0000,true,1,9355
8003015709656,false,יין אוריגנלה אדום 75,קרפינטו,IT,יין אוריגנלה אדום 750 מל,מיליליטרים,750.00,"100 מ""ל",false,12,60.00,8.0000,true,1,39566
8003115851705,false,עוגת פינטא פנתוני קל,BISCOTTIFICIO PRIMAV,IT,עוגת פינטא פנתוני קלאסי 500 גרם,גרמים,500.00,100 גרם,false,1,39.90,7.9800,false,1,36453
8003340091280,false,לינדט לינדור בונבוניירה 60% מוצקי קקאו 200 גרם,לינדט ושפרונגלי קילשברג,IT,בונבוניירה לינדור 60% מריר 200 ג,גרמים,200.00,100 גרם,false,1,24.90,12.4500,true,1,6923
8003340098098,false,בונ.לינדור סטרוברי200גרם,לינדט ושפרונגלי אס.פ,IT,בונבוניירה לינדור סטרוברי 200 ג,גרמים,200.00,100 גרם,false,1,24.90,12.4500,true,1,15494
8003440997833,false,מסטיק פיור פרש 100 יח בשקית בטעם פירות מנטה,פרפטי ואן מלה ברדה,TR,מסטיק מנטוס פיור פרש פירות מנטה100יח,יחידה,100.00,יחידה,false,1,19.90,0.1990,true,1,47730
8003440997857,false,מסטיק פיורפרש מנטה אריזת חיסכון 200 גר,פרפטי ואן מלה ברדה,TR,מסטיק מנטוס פיור פרש מנטה100יח שקית200גר,יחידה,100.00,יחידה,false,1,19.90,0.1990,true,1,47731
8003440997871,false,מסטיק פיורפרש תות אריזת חיסכון 200 ג,פרפטי ואן מלה ברדה,TR,מסטיק מנטוס פיור פרש תות100יח בשקית200ג,יחידה,100.00,יחידה,false,1,19.90,0.1990,true,1,47729
8003508011938,true,ממרח זיתים וארטישוק,,,ממרח זיתים וארטישוק,Each,0.00,Each,false,,17.90,0.0000,true,1,24062
8003653003000,true,מברשת לניקוי כלים,,,מברשת לניקוי כלים,Each,0.00,Each,false,,9.90,0.0000,true,1,14850
8003653005301,true,מברשת עם ידית אחיזה,,,מברשת עם ידית אחיזה,Each,0.00,Each,false,,12.90,0.0000,true,1,14841
8003653005400,true,יעה נצמד,,,יעה נצמד,Each,0.00,Each,false,,8.90,0.0000,true,1,14848
8003653008258,true,מגב ריצפה עם מקל 44,,,מגב ריצפה עם מקל 44,Each,0.00,Each,false,,19.90,0.0000,true,1,14836
8003653008708,true,מגב ריצפה 55 סמ,,,מגב ריצפה 55 סמ,Each,0.00,Each,false,,29.90,0.0000,true,1,14846
8003653013306,true,מקל מתכוונן למטאטא/מ,,,מקל מתכוונן למטאטא/מ,Each,0.00,Each,false,,16.90,0.0000,true,1,14835
8003653033588,true,מטאטא אוניברסל,,,מטאטא אוניברסל,Each,0.00,Each,false,,27.90,0.0000,true,1,14830
8003653033601,true,מטאטא פעולה כפולה לש,,,מטאטא פעולה כפולה לש,Each,0.00,Each,false,,24.90,0.0000,true,1,14854
8003653033755,true,אטבי עץ 12 יחידות,,,אטבי עץ 12 יחידות,Each,0.00,Each,false,,9.90,0.0000,true,1,14838
8003753900438,false,קפה לנדוור אילי אספרסו טחון 250 גרם,קפה לנדוור,IT,קפה אספרסו אילי 250 גרם,גרמים,250.00,100 גרם,false,1,42.90,17.1600,true,1,3696
8003753900469,false,אילי - אספרסו טחון בקליה כהה בפחית 250גר,קפה לנדוור,IL,קפה אספרסו אילי טחון כהה 250 גר פחית,גרמים,250.00,100 גרם,false,1,42.90,17.1600,true,1,6053
8003866002111,false,קפסולות קפה 10 יח' (כחול) DIEMME MENTE,דאמה קפה Diemme Caffe,IT,קפסולות קפה כחול 10 יח דיים מנטה,יחידה,10.00,יחידה,false,1,18.90,1.8900,true,1,13579
8003866004214,false,קפסולות קפה 10 יח' (אדום) DIEMME CORPO,דאמה קפה Diemme Caffe,IT,קפסולות קפה אדום 10 יח דיים קורפו,יחידה,10.00,יחידה,false,1,18.90,1.8900,true,1,13578
8003866012011,false,פחית קפה טחון 100% ארביקה {מקינטה}250 גרם,DIEMME CAFFE,IT,קפה זהב טחון 100% ארביקה 250 גר דיים,גרמים,250.00,100 גרם,false,1,30.00,12.0000,true,1,8893
8003866016538,false,קפסולות קפה 10 יח' (כתום) DIEMME TANZANIA,DIEMME CAFFE,IT,קפסולות קפה כתום 10 יח דיים טנזניה,יחידה,10.00,יחידה,false,1,18.90,1.8900,true,1,13580
8003866107038,false,פולי קפה דיים אדום 5,DIEMME CAFFE,IT,פולי קפה דיים אדום 500 גר,גרמים,500.00,100 גרם,false,1,50.00,10.0000,true,1,35222
8003866116023,false,קפה זהב 100% ארביקה1,DIEMME CAFFE,IT,קפה זהב 100% ארביקה1קג,קילוגרמים,1.00,"ק""ג",false,1,110.00,110.0000,true,1,26036
8004030022010,false,ירקות גינה עם טונה ריו מרה אינסלטיסימי 160 ג',"בולטון אלימנטרי בע""\מ",IT,ריו מרה אינסלטיסימי ירקות גינה160גר,גרמים,160.00,100 גרם,false,1,17.90,11.1875,true,1,13280
8004030026018,false,"מקסיקני עם טונה ריו מרה אינסלטיסימי, 160 ג'","בולטון אלימנטרי בע""\מ",IT,ריו מרה אינסלטיסימי מקסיקני 160גרם,גרמים,160.00,100 גרם,false,1,17.90,11.1875,true,1,13279
8004030044005,true,טונה ריו מרה בשמן זי,,,טונה ריו מרה בשמן זי,Each,0.00,Each,false,,18.90,0.0000,true,1,1659
8004030081024,true,טונה ריו מרה בשמן זי,,,טונה ריו מרה בשמן זי,Each,0.00,Each,false,,18.90,0.0000,true,1,1660
8004030102033,false,טונה בשמן זית עם מיץ לימון ופלפל שחור - מארז 3 יח',בולטון אלימנטרי,IT,שלישיית טונה ריו מרה שמן זית 80 גר,גרמים,240.00,100 גרם,false,1,27.90,11.6250,true,1,25887
8004030177000,false,טונה בשמן זית וצ'ילי ריו מרה מארז 80X3 גר',ריו מארה Rio Mare,IT,מארז3יח טונה ריו מרה צילי 80 גר,גרמים,240.00,100 גרם,false,1,27.90,11.6250,true,1,23054
8004030344938,false,"ריו מרה טונה בשמן זית 3X80 גרם מתכון חדש כשל""פ","בולטון אלימנטרי בע""\מ",IT,מארז3יח טונה ריו מרה שמן זית 80 גר,גרמים,240.00,100 גרם,false,1,27.90,11.6250,true,1,2830
8004030845046,false,טונה עם ירקות בתוספת עם אורז ריו מרה אינסלטיסימי 160 ג',בולטון אלימנטרי,IT,ריו מרה אינסלטיסימי אורז 160גרם,גרמים,160.00,100 גרם,false,1,17.90,11.1875,true,1,27623
8004030860001,false,ירקות עם קוקוס וטונה ריו מרה אינסלטיסימי 160 ג',"בולטון אלימנטרי בע""\מ",IT,ריו מרה אינסלטיסימי קוסקוס 160גרם,גרמים,160.00,100 גרם,false,1,17.90,11.1875,true,1,17429
8004309013305,false,גבינת בוקנציני בואפל,,IT,גבינת בוקנציני בואפלו איטלקי 220גר,גרמים,220.00,100 גרם,false,1,29.90,13.5909,true,1,41140
8004309015217,false,גבינת בורטה איטלקית,,IT,גבינת בורטה איטלקית 125גר,גרמים,125.00,100 גרם,false,1,22.90,18.3200,true,1,39947
8004323413402,true,פסטה טריקולור תרד וע,,,פסטה טריקולור תרד וע,Each,0.00,Each,false,,12.50,0.0000,true,1,8485
8004323933696,true,פסטה רדיאטורי ב3 צבע,,,פסטה רדיאטורי ב3 צבע,Each,0.00,Each,false,,12.50,0.0000,true,1,8486
8004645404102,false,יין טומאסי אפסמיינטו,,,יין טומאסי אפסמיינטו אדום יבש 750מל פקדו,מיליליטרים,750.00,"100 מ""ל",false,1,60.00,8.0000,true,1,9691
8004645405109,false,יין טומאסי אפסמיינטו,,,יין טומאסי אפסמיינטו לבן חצי 750מל פקדו,מיליליטרים,750.00,"100 מ""ל",false,1,60.00,8.0000,true,1,9692
8004690050620,false,L.M פסטה איטלקית לינגוויני 500 גרם,לה מוליזנה קמפובאסן,IT,פסטה לינגוויני איטלקית 500 גרם אל אם,גרמים,500.00,100 גרם,false,1,7.90,1.5800,true,1,39059
8004690051573,false,ספגטי לה מוליזנה 500 גרם,לה מוליזנה קמפובאסן,IT,ספגטי איטלקי 500 גרם אל אם,גרמים,500.00,100 גרם,false,1,7.90,1.5800,true,1,39056
8004690052044,false,פסטה פנה ריגטה 500 גרם,לה מוליזנה קמפובאסן,IT,פסטה פנה זיטי ריגטה איטלקית500 גרם אל אם,גרמים,500.00,100 גרם,false,1,7.90,1.5800,true,1,39065
8004690052600,false,פסטה לאמוליזנה קונכי,למוליזנה,IT,פסטה קונכיות ניוקי איטלקית 500 גרם אל אם,גרמים,500.00,100 גרם,false,1,7.90,1.5800,true,1,39061
8004690052815,false,פסטה קסיריס מוליסאנא,למוליזנה,IT,פסטה קסיריס מוליסאנא 500 גרם,גרמים,500.00,100 גרם,false,1,7.90,1.5800,true,1,39524
8004690052846,false,L.M פסטה איטלקית פוזילי 500 גרם,לה מוליסנה,IT,פסטה פוזילי איטלקית 500 גרם אל אם,גרמים,500.00,100 גרם,false,1,7.90,1.5800,true,1,39053
8004690053225,false,פסטה מזי ריגטוני 500 גרם,לה מוליזנה קמפובאסן,IT,פסטה מזי ריגטוני איטלקית 500 גרם אל אם,גרמים,500.00,100 גרם,false,1,7.90,1.5800,true,1,39058
8004690057308,false,פסטה רדיאטורי מוליסא,לה מוליסנה,IT,פסטה רדיאטורי איטלקית 500 גרם אל אם,גרמים,500.00,100 גרם,false,1,7.90,1.5800,true,1,39062
8004690058008,false,L.M פסטה איטלקית ג'מלי 500 גרם,לה מוליזנה קמפובאסן,IT,פסטה גמלי איטלרית 500 גרם אל אם,גרמים,500.00,100 גרם,false,1,7.90,1.5800,true,1,39051
8004690106600,false,פרפלה לה מוליזינה 500 גר,לה מוליזנה קמפובאסן,IT,פסטה פראפלה איטלקית 500 גרם אל אם,גרמים,500.00,100 גרם,false,1,7.90,1.5800,true,1,39052
8004690107508,false,פסטה פנטצה מוליסאנא,,,פסטה פנטצה מוליסאנא 500 גרם,גרמים,500.00,100 גרם,false,1,7.90,1.5800,true,1,39531
8004690203002,false,ניוקי איטלקי מוליסאנ,למוליזנה,IT,ניוקי איטלקי אל אם 500 גרם,גרמים,500.00,100 גרם,false,1,7.90,1.5800,true,1,39069
8004690278246,true,קמח דורום איטלקי לפי,,,קמח דורום איטלקי לפי,Each,0.00,Each,false,,14.90,0.0000,true,1,22792
8004690278253,true,קמח דורום איטלקי לפס,,,קמח דורום איטלקי לפס,Each,0.00,Each,false,,14.90,0.0000,true,1,22793
8004690470022,true,ספגטי ללא גלוטן אל א,,,ספגטי ללא גלוטן אל א,Each,0.00,Each,false,,14.90,0.0000,true,1,21629
8004690470039,true,פסטה פנה ללא גלוטן א,,,פסטה פנה ללא גלוטן א,Each,0.00,Each,false,,14.90,0.0000,true,1,21630
8004708018963,false,מלח אפור אטלנטי מטחנה 70 ארומה דה טוסקנה,דרוגריה ואלימנטרי אס,IT,מלח אפור אטלנטי בטחנה טוסקנה,Unknown,0.00,Unknown,false,1,13.90,0.0000,true,1,11022
8004708018987,false,מלח ורוד הימלאיה במטחנה 90 ארומה דה טוסק,דרוגיה ואלימנטרי אס.אר.א,IT,מלח ורוד הימלאיה בטחנה טוסקנה,Unknown,0.00,Unknown,false,1,13.90,0.0000,true,1,11023
8004708046386,false,כורכום במטחנה ארומה דה טוסקנה 52 גרם,דרגוריה אלמנטריה,IT,כורכום במטחנה ארומה טוסקנה 52 גרם,Unknown,0.00,Unknown,false,1,13.90,0.0000,true,1,30830
8004730000141,false,יין פלוריובו מרסלה 7,איטליה דוקה די סלפרו,,יין פלוריובו מרסלה 750 מל פקדון,מיליליטרים,750.00,"100 מ""ל",false,1,40.00,5.3333,true,1,9687
8004800000064,false,לאגו פלאסיר- גלילי ופל קרם קקאו בציפוי ש.חלב - 100 ג',לגו גרופ ס.פ.א.,IT,ופל לאגו פלאסיר קרם קקאו מצופה 100גרם,גרמים,100.00,100 גרם,false,12,12.90,12.9000,true,1,50674
8004800000071,false,לאגו פלאסיר- גלילי ופל במילוי קרם אגוזי לוז שוקולד חלב - 100 ג',לגו גרופ ס.פ.א.,IT,ופל לאגו פלאסיר קרם אגוזי לוז מצופ100גרם,גרמים,100.00,100 גרם,false,12,12.90,12.9000,true,1,50673
8004800004802,false,גלילי וופל לאגו פלאסיר קרם דומדמניות 100,לגו גרופ ס.פ.א.,IT,ופל לאגו פלאסיר דומדומניות שחורות100גרם,גרמים,100.00,100 גרם,false,12,12.90,12.9000,true,1,50672
8004800004819,false,וופלים לאגו פלאסיר שוקולד חלב 110 גר,לגו גרופ ס.פ.א.,IT,ופל לאגו פלאסיר קרם פסיפלורה מצופה100גרם,גרמים,100.00,100 גרם,false,12,12.90,12.9000,true,1,50675
8004800004826,false,לאגו פלאסיר - וופלים במילוי קרם קוקוס שוקולד מריר - 98ג,לגו גרופ ס.פ.א.,IT,ופל לאגו פלאסיר קרם קוקוס מצופה 98 גרם,Unknown,0.00,Unknown,false,12,12.90,0.0000,true,1,50676
8004800005502,false,וופל מיני רול גלילי ופל במילוי קרם קקאו- 125 ג' לאגו,לגו גרופ ס.פ.א.,IT,ופל לאגו מיני רול קרם קקאו 125 גרם,גרמים,125.00,100 גרם,false,12,11.90,9.5200,true,1,50671
8004800005519,false,וופל רול גלילי במילוי קרם אגוזי לוז- 125 ג' לאגו,לגו גרופ ס.פ.א.,IT,ופל לאגו מיני רול קרם אגוזי לוז 125 גרם,גרמים,125.00,100 גרם,false,12,11.90,9.5200,true,1,50667
8004800005526,false,וופל מיני רול גלילי ופל במילוי קרם קוקוס- 125 ג' לאגו,לגו גרופ ס.פ.א.,IT,ופל לאגו מיני רול קרם קוקוס 125 גרם,גרמים,125.00,100 גרם,false,12,11.90,9.5200,true,1,50669
8004955060203,true,עוגיות עם שקדים 250,,,עוגיות עם שקדים 250,Each,0.00,Each,false,,12.90,0.0000,true,1,7491
8005110000416,false,עגבניות חתוכ.במיץ 300*2ג,מוטי אס.פי.אי,IT,זוג עגבניות מוטטי דטריני 300 גרם,גרמים,600.00,100 גרם,false,1,14.90,2.4833,true,1,49828
8005110000775,false,רוטב עגבניות עם פרמז,,,רסק עגבניות עם פרמזן 400גר מוטטי,גרמים,400.00,100 גרם,false,1,14.90,3.7250,true,1,31509
8005110001413,true,זוג רסק עגבניות 140,,,זוג רסק עגבניות 140,Each,0.00,Each,false,,10.90,0.0000,true,1,29870
8005110002243,false,רכז עגבניות Doppio Concentr בשפופרת 185 ג' MUTTI,"איי, בי, אינבוו",IT,רכז עגבניות מוטטי185 גר שפופרת,גרמים,185.00,100 גרם,false,1,8.50,4.5946,true,1,35794
8005110060007,true,עגבניות מוטטי תמר מק,,,עגבניות מוטטי תמר מק,Each,0.00,Each,false,,7.90,0.0000,true,1,2928
8005110060106,false,מארז זוג עגבניות מקולפות 400*2 גרם MUTTI,"איי, בי, אינבוו",IT,זוג עגבניות מוטטי תמר מקולפות 400 גרם,גרמים,800.00,100 גרם,false,1,15.90,1.9875,true,1,16426
8005110171215,false,עגבניות חתוכות 690 POLPAPEZZI ג' (כחול) MUTTI,"איי, בי, אינבוו",IT,עגבניות חתוכות 690 גר מוטטי,גרמים,690.00,100 גרם,false,1,15.90,2.3043,true,1,4604
8005110180002,false,קטשופ עגבניות 340 גרם MUTTI,,,קטשופ עגבניות מוטטי 340 גרם,גרמים,340.00,100 גרם,false,1,12.90,3.7941,true,1,4601
8005110191015,false,רסק עגבניות ובזיליקום MUTTI{ירוק } 700 גרם,"איי, בי, אינבוו",IT,רסק עגבניות עם בזיליקום 700 גר מוטטי,גרמים,700.00,100 גרם,false,1,14.90,2.1286,true,1,4603
8005110200014,true,רכז עגבניות מוטטי 21,,,רכז עגבניות מוטטי 21,Each,0.00,Each,false,,7.90,0.0000,true,1,5299
8005110517006,true,רוטב פסטה עגבניות בז,,,רוטב פסטה עגבניות בז,Each,0.00,Each,false,,14.90,0.0000,true,1,28697
8005110518003,true,רוטב פסטה עגבניות חר,,,רוטב פסטה עגבניות חר,Each,0.00,Each,false,,14.90,0.0000,true,1,28696
8005110550508,true,עגבניות שרי 400 גר מ,,,עגבניות שרי 400 גר מ,Each,0.00,Each,false,,9.90,0.0000,true,1,5298
8005110551253,true,רוטב לפיצה מוטטי 400,,,רוטב לפיצה מוטטי 400,Each,0.00,Each,false,,8.90,0.0000,true,1,33061
8005200286584,false,נסטי- תה קר - בטעם מנגו אננס 1.5 ליטר,מפעל סאנפלגרינו S.P.A,IT,משקה נסטי מנגו אננס 1.5ליטר בק.פקדון,ליטרים,1.50,ליטר,false,1,8.90,5.9333,true,1,46395
8005200316588,false,תה קר דיאט בטעם אפרסק נסטי 1.5 ליטר,מפעל סאנפלגרינו s.p.a,IT,משקה נסטי דיאט אפרסק 1.5ליטר בק.פקדון,ליטרים,1.50,ליטר,false,1,8.30,5.5333,true,1,46396
8005803010357,false,גריסיני קלאסי - מקלות אפויים עם שמן זית ומלח,"אינסטנטה בע""מ",IT,מקלות גריסיני קלאסי אמור 125 גרם,גרמים,125.00,100 גרם,false,1,6.90,5.5200,true,1,18153
8005803010371,false,"גריסיני רוזמרין - מקלות אפויים עם שמן זית, מלח ורוזמרין","אינסטנטה בע""מ",IT,מקלות גריסיני רוזמרין אמור 125 גרם,גרמים,125.00,100 גרם,false,1,6.90,5.5200,true,1,18156
8006540009512,false,לנור מרכך כביסה מרוכז בייבי 897 מל,פרוקטר אנד גמבל,FR,מרכך כביסה לנור מרוכז בייבי 897מל,מיליליטרים,897.00,"100 מ""ל",false,12,16.90,1.8841,true,1,39206
8006540027011,false,לנור מרכך מרוכז בניחוח אמטיסט 897 מל,פרוקטר אנד גמבל,FR,מרכך כביסה לנור מרוכז אמאטיסט 897 מל,מיליליטרים,897.00,"100 מ""ל",false,12,16.90,1.8841,true,1,39207
8006540027042,false,"לנור מרכך כביסה מרוכז ורוד""פרח בר"" 897 מ""ל",פרוקטר אנד גמבל,FR,מרכך כביסה לנור מרוכז פרחי בר 897 מל,מיליליטרים,897.00,"100 מ""ל",false,12,16.90,1.8841,true,1,39208
8006540091906,false,לנור כדוריות הבושם בניחוח אריאל 140 גרם,פטר קרמר עבור פרוקטור אנ,US,מבשם כביסה לנור ריח אריאל 140גר,גרמים,140.00,100 גרם,false,1,19.90,14.2143,true,1,45104
8006540091937,false,לנור כדוריות הבושם בניחוח אריאל 210 גרם,פטר קרמר עבור פרוקטור אנ,US,מבשם כביסה לנור כדוריות אריאל 210גר,גרמים,275.00,100 גרם,false,1,27.90,10.1455,true,1,45105
8006540110317,false,שמפו מינרלס ביוטין + במבוק לשיער חזק וארוך,פרוקטר אנד גמבל,RO,שמפו פנטן מיראקלס במבוק 400מל,מיליליטרים,400.00,"100 מ""ל",false,6,18.90,4.7250,true,1,39668
8006540112793,false,"מרכך כביסה מרוכז בניחוח יסמין לנור 900 מ""ל",פרוקטר אנד גמבל,US,מרכך כביסה לנור מרוכז בניחוח יסמין 900,מיליליטרים,900.00,"100 מ""ל",false,12,16.90,1.8778,true,1,39203
8006540112823,false,"לנור מרכך כביסה מרוכז בניחוח האוקיינוס 900 מ""ל",פרוקטר אנד גמבל,FR,מרכך כביסה לנור מרוכז בניחוח אוקיינוס900,מיליליטרים,900.00,"100 מ""ל",false,12,16.90,1.8778,true,1,39204
8006540112854,false,"מרכך כביסה מרוכז בניחוח סחלב לנור 900 מ""ל",פרוקטר אנד גמבל,US,מרכך כביסה לנור מרוכז בניחוח סחלב 900,מיליליטרים,900.00,"100 מ""ל",false,12,16.90,1.8778,true,1,39205
8006540157374,false,מרכך מינרלס ביוטין + במבוק לשיער חזק וארוך,פנטן Pantene,FR,מרכך שיער פנטן מיראקלס במבוק 275מל,מיליליטרים,275.00,"100 מ""ל",false,6,18.90,6.8727,true,1,39670
8006540383018,false,טבליות למדיח פלטינום דיפ קלין 23 יח פיירי,פרוקטר אנד גמבל,BE,טבליות למדיח פיירי פלטינום דיפ קלין 23יח,יחידה,23.00,יחידה,false,5,39.90,1.7348,true,1,48467
8006540383087,false,טבליות למדיח פיירי פלטינום פלוס דיפ קלין 42 יחידות,פרוקטר אנד גמבל,BE,טבליות פיירי פלטינום למדיח דיפ קלין 42יח,יחידה,42.00,יחידה,false,4,59.90,1.4262,true,1,48468
8006540404850,false,דיסקריט תחבושות לבריחת שתן לונג 10 יח,פרוקטר & גמבל,DE,תחבושות אולוויז דיסקרט לונג 10יח,יחידה,10.00,יחידה,false,1,19.90,1.9900,true,1,50272
8006540404898,false,אולוויז דיסקריט לבריחת שתן לונג פלוס 8יח,פרוקטר & גמבל,DE,תחבושות אולוויז דיסקרט לונג פלוס 8יח,יחידה,8.00,יחידה,false,1,19.90,2.4875,true,1,50271
8006540404935,false,דיסקריט תחבושות לבריחת שתן נורמל 12 יח,פרוקטר & גמבל,DE,תחבושות אולוויז דיסקרט נורמל 12יח,יחידה,12.00,יחידה,false,1,19.90,1.6583,true,1,50273
8006540405031,false,דיסקריט תחבושות לבריחת שתן סמול פלוס 16,פרוקטר & גמבל,DE,תחבושות אולוויז דיסקרט סמול פלוס 16יח,יחידה,16.00,יחידה,false,8,19.90,1.2437,true,1,50274
8006540429327,false,פיירי מקס פאוור לימון עם מנגנון למניעת נזילות,פרוקטר אנד גמבל,CZ,נוזל כלים פיירי לימון 440מל,מיליליטרים,440.00,"100 מ""ל",false,8,11.90,2.7045,true,1,46862
8006540463550,false,פיירי טבליות למדיח פלטינום 63 יחידות,פרוקטר אנד גמבל,BE,פיירי טבליות למדיח פלטינום 63 יחידות,יחידה,63.00,יחידה,false,4,59.90,0.9508,true,1,49405
8006540491539,false,"נוזל כלים פיירי פלטינום אוריגינל 780 מ""ל",פרוקטר אנד גמבל,GB,נוזל כלים פיירי פלטינום אורגינל 780מל,מיליליטרים,900.00,"100 מ""ל",false,8,12.90,1.4333,true,1,48474
8006540495186,false,לנור מרכך כביסה מרוכז רגיש בייבי 900 מל,פרוקטר אנד גמבל,FR,מרכך כביסה לנור מרוכז בייבי 897מל,מיליליטרים,897.00,"100 מ""ל",false,12,16.90,1.8841,true,1,48766
8006540495216,false,"לנור מרכך כביסה מרוכז בניחוח אמאטיסט 900 מ""ל",פרוקטר אנד גמבל,FR,מרכך כביסה לנור מרוכז אמאטיסט 897 מל,מיליליטרים,897.00,"100 מ""ל",false,12,16.90,1.8841,true,1,48767
8006540495247,false,"לנור מרכך כביסה מרוכז בניחוח פרחי בר 900 מ""ל",פרוקטר אנד גמבל,FR,מרכך כביסה לנור מרוכז פרחי בר 897 מל,מיליליטרים,897.00,"100 מ""ל",false,12,16.90,1.8841,true,1,48768
8007178120310,false,חומץ בלסמי ד'מודנה Giacobazzi,פטורייה ג'יאקובאזי ס,IT,חומץ בלסמי גקובזי 500 מל,מיליליטרים,500.00,"100 מ""ל",false,1,23.90,4.7800,true,1,4835
8007178223547,false,קרם מצומצם עם חומץ בלסמי ממודנה,פארייפאבה אגרואינדוס,IT,קרם בלסמי מצומצם גקובזי 250 מל,מיליליטרים,500.00,"100 מ""ל",false,1,25.00,5.0000,true,1,13700
8007270126791,false,"שמן זית אורגני קוסטה דאורו 750 מ""ל",קוסטה דיאורו,IT,שמן זית אורגני קוסטה דאורו 750 מל,מיליליטרים,750.00,"100 מ""ל",false,12,45.00,6.0000,true,1,37102
8007880123005,false,יין סואבה פסקוואה 75,,,יין סואבה פסקוואה 750 מל,מיליליטרים,750.00,"100 מ""ל",false,1,60.00,8.0000,true,1,35784
8007880123104,true,יין פרוסקו טרויזו 75,,,יין פרוסקו טרויזו 75,Each,0.00,Each,false,,60.00,0.0000,true,1,25782
8007880123500,false,יין רוזה 11 מינוט פס,,,יין רוזה 11 מינוט פסקווא 750 מל,מיליליטרים,750.00,"100 מ""ל",false,,100.00,13.3333,true,1,35040
8008090604223,false,"אידוי ע""ב ציטרונלה ושמנים טבעיים ספירה גרין מ30 טבליות",זובלה גרופ,IT,דוחה יתושים ספירה גרין טבליות 30יח,יחידה,30.00,יחידה,false,24,12.90,0.4300,true,1,38362
8008090606913,false,מכשיר חשמלי ו 10 טבליות ספירה גרין,זובלה ויה פרסינה 4,IT,דוחה יתושים ספירה גרין מכשיר+טבליות,יחידה,1.00,יחידה,false,12,19.90,19.9000,true,1,38363
8008245004847,false,ממרח אגוזי לוז וקקאו מובנפיק 300 גרם,נאטקו,IT,ממרח מובנפיק אגוזי לוז וקקאו 300 גרם,גרמים,300.00,100 גרם,false,6,14.90,4.9667,true,1,37256
8008245004861,false,ממרח אגוזי לוז עם חלב מובנפיק 300 גרם,יבואן ומשווק: ש. שסט,IT,ממרח מובנפיק אגוזי לוז וחלב 300 גרם,גרמים,300.00,100 גרם,false,6,14.90,4.9667,true,1,37257
8008429299120,false,בונבוניירה פרמידה קר,SWEETITALY,IT,בונב.פרמידה קריסמס 200 גר,גרמים,200.00,100 גרם,false,1,36.90,18.4500,true,1,24450
8008620009313,false,קריץ-קרקר מלוח 250 ג',nuova industria bisc,IT,קרקר קריץ מלוח 250 גרם,גרמים,250.00,100 גרם,false,12,8.90,3.5600,true,1,37727
8008620050506,false,קרקר אורגני פריך עם מלח,,IT,קרקר אורגני מלוח 254 גר,גרמים,250.00,100 גרם,false,12,14.90,5.9600,true,1,36128
8008620063032,false,קריץ-קרקר שמן זית רוזמרין 250 ג',,IT,קרקר קריץ שמן זית רוזמרין 250 גרם,גרמים,250.00,100 גרם,false,12,9.90,3.9600,true,1,37728
8008620063049,false,קריץ-קרקר דגנים ושומשום 250ג',nuova industria bisc,IT,קרקר קריץ דגנים ושומשום 250 גרם,גרמים,250.00,100 גרם,false,12,9.90,3.9600,true,1,37729
8008620063056,false,קריץ-קרקר עגבניות ובזיליקום 250 ג',nuova industria bisc,IT,קרקר קריץ עגבניות ובזיליקום 250 גרם,גרמים,250.00,100 גרם,false,12,9.90,3.9600,true,1,37730
8008660210014,false,מעדן משמש מנז אנד גאסר ויסוצקי 300 גרם,קריניציה ויטמינה אס,IT,מעדן משמש ריבה 300 גרם,גרמים,300.00,100 גרם,false,1,14.90,4.9667,true,1,16758
8008660210021,false,מעדן ריבה מנץ אנד גאססר דובדבן 300 גר,שוורצקוף& הנקל דיסלד,IT,מעדן דובדבן ריבה 300 גרם,גרמים,300.00,100 גרם,false,1,14.90,4.9667,true,1,16757
8008660210038,false,מעדן ריבה מנץ אנד גאססר תות שדה 300 גר,קריניציה ויטמינה אס,IT,מעדן תות שדה ריבה 300 גרם,גרמים,300.00,100 גרם,false,1,14.90,4.9667,true,1,16760
8008660210045,false,מעדן פירות יער מנז אנד גאסר ויסוצקי 300 גרם,שוורצקוף& הנקל דיסלד,IT,מעדן פירות יער ריבה 300 גרם,גרמים,300.00,100 גרם,false,1,14.90,4.9667,true,1,16759
8008660210052,false,מעדן פרי תפוז מנז אנד גאסר ויסוצקי 320 גרם,מנז אנד גאסר Menz&Gasser,IT,מעדן פרי תפוז 300 גרם,גרמים,300.00,100 גרם,false,1,14.90,4.9667,true,1,24724
8008698002025,false,בסיס לפיצה ללא גלוטן 300 גרם,"ד""ר שר ס.ר.ל",IT,בסיס לפיצה ללא גלוטן 300 גרם,גרמים,300.00,100 גרם,false,8,34.90,11.6333,true,1,26325
8008698002049,true,קרקרים עגולים 175 גר,,,קרקרים עגולים 175 גר,Each,0.00,Each,false,,22.90,0.0000,true,1,27490
8008698002100,false,מקלות גריסיני 200 גרם ד''ר שר,"ד""ר שר ס.ר.ל",IT,גריסיני 150גר ללא גלוטן,גרמים,150.00,100 גרם,false,10,19.90,13.2667,true,1,31717
8008698002599,false,לחם הבית פרוס ללא גלוטן 240גרם שר,דר שר,IT,לחם הבית ללא גלוטן 240 גר,גרמים,240.00,100 גרם,false,5,19.90,8.2917,true,1,47078
8008698003152,false,ג'בטה כפרית ללא גלוטן 4*50גרם שר,,DE,לחמניות גבטה כפרית ללג 4 יח שר 250 גר,גרמים,250.00,100 גרם,false,6,22.90,9.1600,true,1,47435
8008698003503,true,קרקרים מלבניים 210גר,,,קרקרים מלבניים 210גר,Each,0.00,Each,false,,24.90,0.0000,true,1,9855
8008698003961,false,"שוקו סטיקס מקלוני עוגיות לל""ג 150 גר",דר שר דויטשלנד ג'\י אם ב,DE,מקלות בציפוי שוקולד 150גר ללא גלוטן שר,גרמים,150.00,100 גרם,false,1,18.90,12.6000,true,1,50908
8008698004548,true,ביסקויט מצופה שוקולד,,,ביסקויט מצופה שוקולד,Each,0.00,Each,false,,20.00,0.0000,true,1,17219
8008698004630,true,עוגיות סנדוויץ במילו,,,עוגיות סנדוויץ במילו,Each,0.00,Each,false,,24.90,0.0000,true,1,27492
8008698004807,true,קמח לאפיה ללא גלוטן,,,קמח לאפיה ללא גלוטן,Each,0.00,Each,false,,30.00,0.0000,true,1,5522
8008698004852,true,קמח מיקס למאפים דר ש,,,קמח מיקס למאפים דר ש,Each,0.00,Each,false,,30.00,0.0000,true,1,5523
8008698005231,false,עוגיות סנדוויץ בטעם שוקולד ממולאות קרם חלב ללא גלוט,שר Schar,IT,עוגיות שוקולד דר שר 165 גר,גרמים,165.00,100 גרם,false,6,19.90,12.0606,true,1,33641
8008698005347,true,עוגיות מצופות שוקולד,,,עוגיות מצופות שוקולד,Each,0.00,Each,false,,15.90,0.0000,true,1,33640
8008698008157,false,שר עוגיות שוקולד במילוי קרם שמנת ללא גלוטן 100 גר',דר שר ס.ר.ל פוסטל,IT,עוגיות דבל וניל 100 גר ללא גלוטן,גרמים,100.00,100 גרם,false,1,12.90,12.9000,true,1,9856
8008698010259,false,ג'בטה ללא גלוטן 4*50גרם שר,,DE,לחמניות גבטה ללא גךלוטן 4 יח שר 200 גר,גרמים,200.00,100 גרם,false,6,22.90,11.4500,true,1,47434
8008698010358,true,קמח מיקס לאפיה דר שר,,,קמח מיקס לאפיה דר שר,Each,0.00,Each,false,,16.90,0.0000,true,1,17217
8008698012857,true,ביסקוויט פתי בר שר 1,,,ביסקוויט פתי בר שר 1,Each,0.00,Each,false,,18.00,0.0000,true,1,13004
8008698013021,true,עוגיות שוקוציפס פריכ,,,עוגיות שוקוציפס פריכ,Each,0.00,Each,false,,13.50,0.0000,true,1,17220
8008698013045,false,עוגיות הופס 220גרם ללא גלוטן HOOPS,דר שר דויטשלנד ג'\י אם ב,DE,עוגיות הופס ללא גלוטן 220גר שר,גרמים,220.00,100 גרם,false,1,14.90,6.7727,true,1,28170
8008698024065,false,פאן בלנקו-לחם ללא גלוטן 250 גרם,schar,IT,לחם ללא גלוטן 250 גר פאן בלנקו,גרמים,250.00,100 גרם,false,8,13.90,5.5600,true,1,26363
8008698024140,false,לחם ללא גלוטן פאן מולטי גראנו 250 גר,schar,DE,לחם ללא גלוטן 250 גר פאן מולטי גראנו,גרמים,250.00,100 גרם,false,8,13.90,5.5600,true,1,26364
8008698024188,false,פאן רוסטיקו-לחם ללא גלוטן 250 גרם,schar,IT,לחם ללא גלוטן 250 גר פאן רוסטיקו,גרמים,250.00,100 גרם,false,8,13.90,5.5600,true,1,26362
8008698031032,false,"חטיף קרוויס בטעם ברביקיו לל""ג 170 גרם",,FR,חטיף קרוויס ללא גלוטן בטעם ברביקיו 170גר,גרמים,170.00,100 גרם,false,,16.90,9.9412,true,1,50911
8008698031056,false,"חטיף קרוויס טבעי לל""ג 170 גרם",,FR,חטיף קרוויס ללא גלוטן בטעם טבעי 170גר שר,גרמים,170.00,100 גרם,false,,16.90,9.9412,true,1,50910
8008698032084,false,עוגיות מיני וחברים ללא גלוטן 125גרם שר - MINI FRIENDS,,DE,עוגיות מיני ללא גלוטן 125 גר,מיליליטרים,125.00,"100 מ""ל",false,6,12.90,10.3200,true,1,47131
8008698054109,true,מילי גריס ממרח אגוזי,,,מילי גריס ממרח אגוזי,Each,0.00,Each,false,,11.90,0.0000,true,1,31720
8008912010034,false,ליגורי- ספגטי מספר 3 500גר,מנז'\ אנד גאסר ס.פ.א,IT,ספגטי לגיורי 500 גרם,גרמים,500.00,100 גרם,false,1,8.90,1.7800,true,1,39821
8008912010072,false,ליגורי- לינגוויני מספר 7 500גר,מנז'\ אנד גאסר ס.פ.א,IT,לינגוויני ליגורי 500 גרם,גרמים,500.00,100 גרם,false,1,8.90,1.7800,true,1,47321
8008912010270,false,LIGUORI פסטה קסרצ'ה מספר 27 500 גרם,מנז'\ אנד גאסר ס.פ.א,IT,פסטה ליגורי קסרצה 500 גרם,גרמים,500.00,100 גרם,false,1,8.90,1.7800,true,1,47320
8008912010300,false,LIGUORI פסטה פרפלה 500 גרם מספר 30,מנז'\ אנד גאסר ס.פ.א,IT,פסטה ליגורי פרפלה 500 גרם,גרמים,500.00,100 גרם,false,1,8.90,1.7800,true,1,39818
8008912010317,false,LIGUORI פסטה פוזילי 500 גרם מספר 31,מנז'\ אנד גאסר ס.פ.א,IT,פסטה ליגורי פוזילי 500 גרם,גרמים,500.00,100 גרם,false,1,8.90,1.7800,true,1,39819
8008912010331,false,פסטה ניוקטי סרדי בצורת קונכיות LIGUORI,מנז'\ אנד גאסר ס.פ.א,IT,פסטה ליגורי ניוקטי סרי קונכיות 500 גרם,גרמים,500.00,100 גרם,false,1,8.90,1.7800,true,1,47319
8008912010423,false,LIGUORI פסטה פנה ריגטה 500 גרם מספר 42,מנז'\ אנד גאסר ס.פ.א,IT,פסטה ליגורי פנה ריגטה 500 גרם,גרמים,500.00,100 גרם,false,1,8.90,1.7800,true,1,39820
8008990000040,true,מטאטא פרקטיקה,,,מטאטא פרקטיקה,Each,0.00,Each,false,,22.90,0.0000,true,1,14982
8008990000514,true,כף אשפה + מברשת,,,כף אשפה + מברשת,Each,0.00,Each,false,,14.90,0.0000,true,1,14834
8008990000750,true,מברשת לניקוי אסלות,,,מברשת לניקוי אסלות,Each,0.00,Each,false,,10.00,0.0000,true,1,14847
8008990061508,true,מטאטא ראפידה,,,מטאטא ראפידה,Each,0.00,Each,false,,24.90,0.0000,true,1,14829
8008990065100,true,מטאטא קשה לקרצוף פרק,,,מטאטא קשה לקרצוף פרק,Each,0.00,Each,false,,24.90,0.0000,true,1,14833
8010721999929,true,גבינה קשה פקורינו רו,,,גבינה קשה פקורינו רו,Each,0.00,Each,false,,37.90,0.0000,true,1,31820
8013108003523,false,בונבוניירה אגוזי פיימונטה 165 ג CAFFAREL,CAFFAREL,IT,בונבוניירה קורנט אגוזי פיימונטה 165 גרם,גרמים,165.00,100 גרם,false,1,29.90,18.1212,true,1,36624
8013399145278,true,סוכ.דיטורל ליקריץ רך,,,סוכ.דיטורל ליקריץ רך,Each,0.00,Each,false,,8.90,0.0000,true,1,11554
8013399145315,true,סוכ.דיטורל תות רך 70,,,סוכ.דיטורל תות רך 70,Each,0.00,Each,false,,8.90,0.0000,true,1,11552
8013399145360,true,סוכ.דיטורל תות יער ר,,,סוכ.דיטורל תות יער ר,Each,0.00,Each,false,,8.90,0.0000,true,1,11555
8014601011565,false,קמח קונדיטוריה קאפוט,קאפוטו,IT,קמח קונדיטוריה קאפוטו 1 קג,קילוגרמים,1.00,"ק""ג",false,10,12.90,12.9000,true,1,37852
8014601012456,false,קמח נובולה קאפוטו 1,קאפוטו,IT,קמח נובולה קאפוטו 1 קג,קילוגרמים,1.00,"ק""ג",false,10,15.90,15.9000,true,1,37853
8014601026354,false,"קמח ""00"" איטלקי לפיצה שף אדום 1 ק""ג",אנטימו קפוטו אס.אר.אל,IT,קמח פיצה שף קאפוטו אדום 1 קג,קילוגרמים,1.00,"ק""ג",false,10,13.90,13.9000,true,1,37850
8014601028747,false,קמח 00 איטלקי כחול 1 קג CAPUTO,אנטימו קפוטו אס.אר.אל,IT,קמח אקסטרא קאפוטו לכל מטרה כחול 1 קג,קילוגרמים,1.00,"ק""ג",false,10,11.90,11.9000,true,1,37851
8014601999870,false,"קמח סמולינה דורום 1 ק""ג",אנטימו קפוטו אס.אר.אל,IT,סמולינה קאפוטו טחינה כפולה צהוב 1 קג,קילוגרמים,1.00,"ק""ג",false,10,13.90,13.9000,true,1,37834
8015822000178,false,יין פאלאצו דלה טורה 750 מל,איטליה אלגריני (Cort,,יין אדום פלצו דלה טורה 750מל פקדון,מיליליטרים,750.00,"100 מ""ל",false,1,110.00,14.6667,true,1,8906
8015822000413,false,יין אדום אמרונה קורט,איטליה אלגריני (Cort,,יין אדום אמרונה קורטגיארה 750מל פקדון,מיליליטרים,750.00,"100 מ""ל",false,1,160.00,21.3333,true,1,8908
8015997000607,true,בישקוטים פריכים מארי,,,בישקוטים פריכים מארי,Each,0.00,Each,false,,6.90,0.0000,true,1,28441
8015997000911,true,בישקוטים פריכים מארי,,,בישקוטים פריכים מארי,Each,0.00,Each,false,,6.90,0.0000,true,1,20431
8016129000847,true,גבינת פרמזנו ריגאנו,,,גבינת פרמזנו ריגאנו,Each,0.00,Each,false,,25.00,0.0000,true,1,11671
8016129000854,true,גבינת גראנה פאדנו 15,,,גבינת גראנה פאדנו 15,Each,0.00,Each,false,,23.00,0.0000,true,1,11670
8016867002646,true,מגן תחתון ארוך 24יח,,,מגן תחתון ארוך 24יח,Each,0.00,Each,false,,19.90,0.0000,true,1,12624
8016867008945,true,מגן תחתון 24יח באריז,,,מגן תחתון 24יח באריז,Each,0.00,Each,false,,19.90,0.0000,true,1,10470
8016867009935,true,תחבושות דקות לזרימה,,,תחבושות דקות לזרימה,Each,0.00,Each,false,,26.90,0.0000,true,1,10476
8017365000851,false,רשת צלייה 22/23סמ יד,,,רשת צלייה 22/23סמ ידית עץ קטנה,Unknown,0.00,Unknown,false,1,17.90,0.0000,true,1,5995
8017746286539,true,יין קיאנטי פוגיו סו,,,יין קיאנטי פוגיו סו,Each,0.00,Each,false,,60.00,0.0000,true,1,20881
8017938005764,true,מיץ תפוחים אורגני 1ל,,,מיץ תפוחים אורגני 1ל,Each,0.00,Each,false,,19.90,0.0000,true,1,19498
8018102000110,true,אורז ריזוטו ארבוריו,,,אורז ריזוטו ארבוריו,Each,0.00,Each,false,,21.90,0.0000,true,1,10052
8023678161288,true,משקה אורז אורגני 1 ל,,,משקה אורז אורגני 1 ל,Each,0.00,Each,false,,12.90,0.0000,true,1,6199
8023678161363,false,משקה שבלת שועל טבעי אורגני 1ל' ISOLA,איזולה ביו Isola Bio,IT,משקה שיבולת שועל אורגני 1 ליטר איזולה לי,ליטרים,1.00,ליטר,false,1,12.90,12.9000,true,1,6200
8023678161387,false,משקה סויה אורגני 1 ליטר ISOLA,איזולה ביו Isola Bio,,משקה סויה אורגני 1 ליטר איזולה ליב,ליטרים,1.00,ליטר,false,1,11.90,11.9000,true,1,9148
8023678162360,false,משקה שקדים טבעי אורגני 1ליטר ISOLA,אבא פודס אס. אר. אל,IT,משקה שקדים טבעי אורגני איזולה 1 ל,ליטרים,1.00,ליטר,false,1,14.90,14.9000,true,1,13662
8023678162476,false,משקה אורז ושקד אורגני 1 ליטר isola,אבאפודס,IT,משקה אורז שקד טבעי אורגני איזולה 1 ליטר,ליטרים,1.00,ליטר,false,1,12.90,12.9000,true,1,13663
8023678162575,false,משקה אורז מלא אורגני,,,משקה אורז מלא אורגני איזולה 1 ליטר,ליטרים,1.00,ליטר,false,1,12.90,12.9000,true,1,19850
8023678164517,false,משקה שקדים ללא סוכר טבעי אורגני 1ליטר ISOLA,איזולה ביו Isola Bio,IT,משקה שקדים ללס אורגני איזולה 1 לי,ליטרים,1.00,ליטר,false,1,14.90,14.9000,true,1,37351
8023678728290,false,משקה איזולה סויה בריסטה 1 ליטר,,IT,משקה סויה בריסטה אורגני איזולה 1 לי,ליטרים,1.00,ליטר,false,1,12.90,12.9000,true,1,37350
8023678729013,false,משקה אורז ללא סוכר 1,,,משקה אורז ללא סוכר 1ליטר איזולה,ליטרים,1.00,ליטר,false,1,12.90,12.9000,true,1,39261
8023678729112,false,ISOLA משקה שיבולת שועל 0% סוכר 1 ליטר,,IT,משקה שיבולת שועל ללא סוכר 1ליטר איזולה,ליטרים,1.00,ליטר,false,1,12.90,12.9000,true,1,39260
8023678729822,false,משקה צמחי טעם מעודן,,,משקה צמחי טעם מעודן איזולה 1 ליי,ליטרים,1.00,ליטר,false,1,12.90,12.9000,true,1,46023
8023951002550,false,גבינת מסקרפונה איטלק,,,גבינת מסקרפונה איטלקי 250גר,גרמים,250.00,100 גרם,false,,22.90,9.1600,true,1,36786
8024985000062,false,מחית תפוח אורגני 100% פרי 200 גר נטורה,"נטורפוד בע""מ",IT,זוג מחית תפוח אורגנית 100% פרי 200 גרם,גרמים,200.00,100 גרם,false,1,9.90,4.9500,true,1,16631
8024985002912,true,מחית סמוזי תפוח אגס,,,מחית סמוזי תפוח אגס,Each,0.00,Each,false,,5.90,0.0000,true,1,28751
8024985002943,false,סמוזי נטורה נובה תפוח אננס קוקוס 100 גרם,נטורה נובה,IT,מחית סמוזי תפוח אננס קוקוס 100 גר,גרמים,100.00,100 גרם,false,18,5.90,5.9000,true,1,35460
8024985002950,false,נטורה נובה-סמוזי שזיף אורגני 100 גרם,נטורה נובה,IT,מחית סמוזי שזיף אורגני 100 גר,גרמים,100.00,100 גרם,false,18,5.90,5.9000,true,1,35459
8024985002967,false,סמוזי נטורה נובה בננה תרד 100 גרם,נטורה נובה,IT,מחית סמוזי בננה תרד100 גר,גרמים,100.00,100 גרם,false,18,5.90,5.9000,true,1,35461
8024985003988,true,מחית סמוזי תפוח בננה,,,מחית סמוזי תפוח בננה,Each,0.00,Each,false,,5.90,0.0000,true,1,19485
8024985005234,true,מחית סמוזי תפוח אפרס,,,מחית סמוזי תפוח אפרס,Each,0.00,Each,false,,5.90,0.0000,true,1,19484
8024985005296,true,מחית סמוזי נטורה נוב,,,מחית סמוזי נטורה נוב,Each,0.00,Each,false,,6.90,0.0000,true,1,19483
8024985005302,true,מחית סמוזי נטורה נוב,,,מחית סמוזי נטורה נוב,Each,0.00,Each,false,,6.90,0.0000,true,1,19482
8024985008037,true,מחית סמוזי תפוח 100ג,,,מחית סמוזי תפוח 100ג,Each,0.00,Each,false,,5.90,0.0000,true,1,19487
8024985008051,true,מחית סמוזי פירות אדו,,,מחית סמוזי פירות אדו,Each,0.00,Each,false,,5.90,0.0000,true,1,19488
8028695004013,true,ארטישוק אלה רומנה בש,,,ארטישוק אלה רומנה בש,Each,0.00,Each,false,,34.90,0.0000,true,1,16097
8028695041919,false,זיתים ירוקים 530 CASTELVETRANO ג' ITALCARCIOFI,ITALCARCIOFI,,זיתים ירוקים שלמים כבושים 530 גרם,גרמים,530.00,100 גרם,false,1,19.90,3.7547,true,1,16101
8028695057385,false,צלפים שלמים בחומץ 66,ITALCARCIOFI,,צלפים שלמים בחומץ 660 גרם,גרמים,660.00,100 גרם,false,1,31.90,4.8333,true,1,29045
8028695200231,true,ארטישוק רבעים בשמן ח,,,ארטישוק רבעים בשמן ח,Each,0.00,Each,false,,24.90,0.0000,true,1,16099
8032685196800,true,עגבניות מרוסקות אורג,,,עגבניות מרוסקות אורג,Each,0.00,Each,false,,10.00,0.0000,true,1,19491
8032804430501,true,פסטה100% אפונה ירוקה,,,פסטה100% אפונה ירוקה,Each,0.00,Each,false,,14.90,0.0000,true,1,16517
8032804430976,true,פליסיה ריגוןמח שנולת,,,פליסיה ריגוןמח שנולת,Each,0.00,Each,false,,16.90,0.0000,true,1,30087
8032804432000,true,פסטה פנה כוסמת פליסי,,,פסטה פנה כוסמת פליסי,Each,0.00,Each,false,,15.90,0.0000,true,1,18574
8032804432024,true,לזניה אורז ותירס פלי,,,לזניה אורז ותירס פלי,Each,0.00,Each,false,,19.90,0.0000,true,1,16336
8032817240319,false,אגרומנטה רוטב עגבניות שרי,מנורה,IT,רוטב עגבניות שרי 330 גר אגרומונטה,גרמים,330.00,100 גרם,false,1,13.90,4.2121,true,1,8534
8032817246045,false,רוטב עגבניות שרי בזי,AGROMONTE,,רוטב עגבניות שרי בזיליקום330 אגרומונטה,גרמים,330.00,100 גרם,false,1,13.90,4.2121,true,1,16734
8032880800243,false,פיקניק הפתעה - אגוזי לוז ומקלות אפויים,"הוסטה איטליה, ס.ר.ל.",IT,פיקניק הפתעה 50 גר,Unknown,0.00,Unknown,false,1,6.90,0.0000,true,1,5752
8032880801516,false,פיקניק דואליטו הפתעה,,,פיקניק דואליטו הפתעה 50 גר,Unknown,0.00,Unknown,false,1,6.90,0.0000,true,1,36936
8033020445973,true,קמח פיווטי רב תכליתי,,,קמח פיווטי רב תכליתי,Each,0.00,Each,false,,8.90,0.0000,true,1,27886
8033020445980,true,קמח לפסטה טריה איטלק,,,קמח לפסטה טריה איטלק,Each,0.00,Each,false,,14.90,0.0000,true,1,28694
8033020445997,true,קמח פיווטי ללחם איטל,,,קמח פיווטי ללחם איטל,Each,0.00,Each,false,,12.90,0.0000,true,1,27887
8033020446000,true,קמח פיווטי לפיצה ופו,,,קמח פיווטי לפיצה ופו,Each,0.00,Each,false,,10.90,0.0000,true,1,27997
8033378340043,true,חומץ בלסמי 3 שנים לי,,,חומץ בלסמי 3 שנים לי,Each,0.00,Each,false,,46.90,0.0000,true,1,10310
8034141060212,false,ליקר אבסנט קסנטה 700,,,ליקר אבסנט קסנטה 700 מל,מיליליטרים,700.00,"100 מ""ל",false,6,169.00,24.1429,true,1,35908
8052080430286,true,כדור גבינת בורטה איט,,,כדור גבינת בורטה איט,Each,0.00,Each,false,,16.90,0.0000,true,1,33547
8053259247278,true,חומץ בלסמי קלאסי 180,,,חומץ בלסמי קלאסי 180,Each,0.00,Each,false,,11.90,0.0000,true,1,14788
8053259247285,true,חומץ בלסמי עם מנגו 1,,,חומץ בלסמי עם מנגו 1,Each,0.00,Each,false,,11.90,0.0000,true,1,14786
8076800195019,false,ברילה - צ.א ספגטי מס1 קפליני 500 גרם,ברילה גי.אי.אר פרטלי ס.פ,IT,פסטה ברילה ספגטי מס 1 קפליניי 500 גרם,גרמים,500.00,100 גרם,false,1,7.90,1.5800,true,1,3840
8076800195033,false,ברילה - צ.א ספגטיני מס3 חדש 500 גרם,ברילה גי.אי.אר פרטלי ס.פ,IT,פסטה ברילה 3 ספגטיני 500 גרם,גרמים,500.00,100 גרם,false,1,7.90,1.5800,true,1,1689
8076800195057,false,ברילה - צ.א ספגטי מס5 חדש 500 גרם,ברילה גי.אי.אר פרטלי ס.פ,IT,פסטה ברילה 5 ספגטיני 500 גרם,גרמים,500.00,100 גרם,false,1,7.90,1.5800,true,1,1690
8076800195132,false,ברילה - צ.א בבטה מס13 500 גרם,ברילה גי.אי.אר פרטלי ס.פ,IT,פסטה ברילה 13 בבטה 500 גרם,גרמים,500.00,100 גרם,false,1,7.90,1.5800,true,1,1691
8076800315097,false,פסטה מקרוני בוקטיני מספר 9 ברילה 500 גרם,ברילה גי.אי.אר פרטלי ס.פ,IT,פסטה ברילה 9 בוקטיני 500 גרם,גרמים,500.00,100 גרם,false,1,7.90,1.5800,true,1,1692
8076802085936,false,ברילה פסטה צ.ק. קונצילה ריגטה חדש,ברילה גי.אי.אר פרטלי ס.פ,IT,פסטה ברילה 93 קונצילה ריגטי 500 גרם,גרמים,500.00,100 גרם,false,1,7.90,1.5800,true,1,1696
8076808050440,false,פסטה מקרוני מספר 44 ברילה 500 גרם,ברילה Barilla,IT,פסטה ברילה 44 מקרוני 500 גרם,גרמים,500.00,100 גרם,false,1,7.90,1.5800,true,1,1698
8076808060654,false,פסטה פרפלה מספר 65 ברילה 500 גרם,ברילה גי.אי.אר פרטלי ס.פ,IT,פסטה ברילה 65 פרפלה 500 גרם,גרמים,500.00,100 גרם,false,1,7.90,1.5800,true,1,1699
8076808070882,true,ברילה 88 קנלוני 250,,,ברילה 88 קנלוני 250,Each,0.00,Each,false,,14.90,0.0000,true,1,1927
8076808150072,false,ברילה - צ.א ספגטוני מס7 חדש 500 גרם,ברילה גי.אי.אר פרטלי ס.פ,IT,פסטה ברילה 7 ספגטי 500 גר,גרמים,500.00,100 גרם,false,1,7.90,1.5800,true,1,1700
8076809501415,false,ברילה קנלוני/פנה 500 ג' מצה פנה טרקולור 500 גרם,"ש. שסטוביץ בע""\מ",IT,ברילה 78 פנה טריקולור 500 גרם,גרמים,500.00,100 גרם,false,1,14.90,2.9800,true,1,2881
8076809512268,false,פסטה גירנדולה טורסדס מספר 34 ברילה 500 גרם,ברילה גי.אי.אר פרטלי ס.פ,IT,פסטה ברילה 34 גירנדולה 500 גרם,גרמים,500.00,100 גרם,false,1,7.90,1.5800,true,1,2310
8076809513388,false,רוטב לפסטה ארביאטה ברילה 400 גרם,ברילה גי.אי.אר פרטלי ס.פ,IT,רוטב ברילה ארביאטה 400 גרם,גרמים,400.00,100 גרם,false,1,15.90,3.9750,true,1,1701
8076809513395,false,ברילה פומודורו רוטב עגבניות קלאסי 400 גר,ברילה גי.אי.אר פרטלי ס.פ,IT,רוטב ברילה פומודורו 400 גרם,גרמים,400.00,100 גרם,false,1,15.90,3.9750,true,1,1702
8076809513654,false,בסיס רוטב עגבניות לבולונז ברילה 400 גרם,ברילה גי.אי.אר פרטלי ס.פ,IT,רוטב ברילה עגבניות לבולונז 400 גרם,גרמים,400.00,100 גרם,false,1,15.90,3.9750,true,1,3839
8076809513692,false,רוטב עגבניות נפולטנה בתוספת ירקות,ברילה גי.אי.אר פרטלי ס.פ,IT,רוטב ברילה נפוליטנה 400 גרם,גרמים,400.00,100 גרם,false,1,15.90,3.9750,true,1,1703
8076809513715,false,רוטב זיתים 400 גרם ברילה,ברילה סורג,IT,רוטב ברילה עם זיתים 400 גרם,גרמים,400.00,100 גרם,false,1,15.90,3.9750,true,1,28204
8076809513739,false,ברילה רוטב עגבניות עם בזיליקום 400 גרם,ברילה גי.אי.אר פרטלי ס.פ,IT,רוטב ברילה בזיליקום 400 גרם,גרמים,400.00,100 גרם,false,1,15.90,3.9750,true,1,4652
8076809514774,true,ברילה פפרדלה 250 גרם,,,ברילה פפרדלה 250 גרם,Each,0.00,Each,false,,18.90,0.0000,true,1,1928
8076809523714,true,פסטה ברילה טליאטלה 5,,,פסטה ברילה טליאטלה 5,Each,0.00,Each,false,,25.90,0.0000,true,1,3961
8076809523738,true,לזניה ברילה 500 גר,,,לזניה ברילה 500 גר,Each,0.00,Each,false,,24.90,0.0000,true,1,3238
8076809529419,true,ספגטי ברילה מחיטה מל,,,ספגטי ברילה מחיטה מל,Each,0.00,Each,false,,14.90,0.0000,true,1,4726
8076809529433,true,פסטה ברילה פנה רגטה,,,פסטה ברילה פנה רגטה,Each,0.00,Each,false,,14.90,0.0000,true,1,4727
8076809545440,true,ספגטי ברילה ללא גלוט,,,ספגטי ברילה ללא גלוט,Each,0.00,Each,false,,15.90,0.0000,true,1,14543
8076809545457,false,ברילה אטריות ללא גלוטן 400 ג' צינורות 400 ג',ברילה ג'.אי.אר פרטלי,IT,פסטה ברילה פנה ל.גלוטן 400 גרם,גרמים,400.00,100 גרם,false,1,15.90,3.9750,true,1,14544
8076809545464,false,ברילה פסטה ללא גלוטן צורת ספירלי 400 גר,מולינו אנדריאני אס.א,IT,פסטה ברילה פוזילי ללא גלוטן 400 גרם,גרמים,400.00,100 גרם,false,1,15.90,3.9750,true,1,14545
8076809547956,false,ברילה - צ.ק קיפרי 500 גרם,ברילה ג'.אי.אר פרטלי,IT,פסטה ברילה קיפרי 500 גרם,גרמים,500.00,100 גרם,false,1,7.90,1.5800,true,1,32812
8076809578998,false,ברילה - צ.ק. סטלינה 500 גרם,ברילה גי. אי. אר פרטלי ס,IT,פסטה ברילה סטלינה500 גרם,גרמים,500.00,100 גרם,false,1,7.90,1.5800,true,1,39564
8076809580496,false,פסטה פפירי 450 ג' ברילה,"ש.שסטוביץ בע""\מ",IT,פסטה ברילה פפירי 450 גרם,גרמים,450.00,100 גרם,false,1,15.90,3.5333,true,1,45247
8121300206946,true,טרוביה סטיביה ממתיק,,,טרוביה סטיביה ממתיק,Each,0.00,Each,false,,19.90,0.0000,true,1,31336
8121300208780,false,טרוביה תחליף סוכר לכל מטרה 360 גרם,טרוביה Truvia,US,טרוביה תחליף סוכר 360 גר,גרמים,360.00,100 גרם,false,6,27.90,7.7500,true,1,51072
8121300209466,false,טרוביה-תחליף סוכר חום 320 גרם,טרוביה Truvia,US,טרוביה תחליף סוכר חום 320 גר,גרמים,320.00,100 גרם,false,6,27.90,8.7187,true,1,51073
8358110076302,true,כוסות לחיים 40 יח,,,כוסות לחיים 40 יח,Each,0.00,Each,false,,9.90,0.0000,true,1,8389
8410000810004,false,עוגיות אוראו אורגינל,מונדולז,,עוגיות אוראו קרם וניל 176 גרם,גרמים,176.00,100 גרם,false,1,7.90,4.4886,true,1,45230
8410001109978,false,ספוגי קרצוף ללכלוך קשה זוג,3m,TR,זוג ספוגי קרצוף ללכלוך קשה,יחידה,2.00,יחידה,false,24,11.90,5.9500,true,1,36752
8410001134833,false,זוג ספוגי ניקוי ללא שריטות שמזון אינו נלכד בתוכו,3m,US,זוג ספוגי ניקוי ללא שריטות שמזון אינו נל,יחידה,2.00,יחידה,false,14,14.90,7.4500,true,1,40679
8410001134864,false,זוג ספוגים לניקוי קשה שמזון אינו נלכד בתוכו,3m,US,זוג ספוגי ניקוי קשה שמזון אינו נלכד בתוכ,יחידה,2.00,יחידה,false,14,14.90,7.4500,true,1,40678
8410001135304,false,סקוטש ברייט כרית ניקוי לכיריים מזכוכית,3m,US,כרית ניקוי לכיריים מזכוכית סקוטש ברייט,יחידה,1.00,יחידה,false,12,18.90,18.9000,true,1,40677
8410024700015,true,ליקר מאליבו 700 מל פ,,,ליקר מאליבו 700 מל פ,Each,0.00,Each,false,,79.00,0.0000,true,1,23304
8410076600622,false,חטיפי גרנולה קראנצ'י עם שוקולד מריר נייצ'ר ואלי 210 גרם,ג'נרל מילס סאן אדריאן,ES,ח.דגנים נטשר ואלי קראנצי שוקולד6יח210גר,גרמים,210.00,100 גרם,false,1,17.90,8.5238,true,1,10696
8410076610379,false,"חטיף בוטנים, חלבון סויה ושוקולד מריר עם ציפוי בטעם שוקולד",סריילטו ספיין פודס,ES,חטיף פרוטאין נייטשר ואלי בוטן שוקולד4 יח,גרמים,160.00,100 גרם,false,1,22.90,14.3125,true,1,16255
8410076610386,false,נייטשר ואלי פרוטאין בוטנים עם ציפוי בטעם קרמל מלוח 160 ג',ג'\נרל מילס סאן אדריאן S,ES,חטיף פרוטאין נייטשר ואלי בוטן קרמל4 יח,גרמים,160.00,100 גרם,false,1,22.90,14.3125,true,1,16256
8410076610492,false,חטיף שיבולת שועל מלאה ובוטנים בציפוי עם חמאת בוטנים,יבואן ומשווק: ש. שסט,GB,חטיף דגנים צואי5יח סוויט בוטן מצופה150גר,גרמים,150.00,100 גרם,false,1,17.90,11.9333,true,1,17422
8410076610508,false,"חטיף שיבולת שועל מלאה עם בוטנים, שקדים ושוקולד מריר בציפוי בטעם שוקולד",נייצ'ר ואלי Nature Valley,ES,חטיף דגנים צואי5יח סוויט שוק.מריר150גר,גרמים,150.00,100 גרם,false,1,17.90,11.9333,true,1,17421
8410076621009,false,עוגות אישיות בטעם קרמל עם חתיכות בטעם קרמל מלוח,"גלאטס סירו בע""\מ",PT,חטיף דגנים פייבר 1 קרמל מלוח 5 יח,יחידה,5.00,יחידה,false,1,15.90,3.1800,true,1,37269
8410076621047,false,עוגות אישיות בטעם שוקולד עם חתיכות בטעם שוקולד,"גלאטס סירו בע""\מ",ES,חטיף דגנים פייבר 1 שוקולד 5 יח,יחידה,5.00,יחידה,false,1,15.90,3.1800,true,1,37268
8410104039134,true,נוזל מנקה ומחדש פיני,,,נוזל מנקה ומחדש פיני,Each,0.00,Each,false,,14.90,0.0000,true,1,1706
8410104045111,true,מלח למדיח פיניש 2 קג,,,מלח למדיח פיניש 2 קג,Each,0.00,Each,false,,14.90,0.0000,true,1,32077
8410104437268,true,פיניש סטופ לריח,,,פיניש סטופ לריח,Each,0.00,Each,false,,16.90,0.0000,true,1,1996
8410104511340,true,רצועות שעווה ויט לעו,,,רצועות שעווה ויט לעו,Each,0.00,Each,false,,21.90,0.0000,true,1,4544
8410113001443,false,יין סנגרה דה טורו לב,,,יין סנגרה דה טורו לבן טורס 750 מל,מיליליטרים,750.00,"100 מ""ל",false,6,45.00,6.0000,true,1,44643
8410128768355,true,משקה סויה ויוה סוי,,,משקה סויה ויוה סוי,Each,0.00,Each,false,,10.90,0.0000,true,1,32820
8410128768386,true,משקה סויה לייט ויוה,,,משקה סויה לייט ויוה,Each,0.00,Each,false,,10.90,0.0000,true,1,32819
8410128783587,false,ויוה סוי שיבולת שועל בריסטה קרטונית,קלידאד פסקואל,ES,משקה שיבולת שועל ויוה סוי בריסטה 1לי,ליטרים,1.00,ליטר,false,1,11.90,11.9000,true,1,50425
8410179002767,true,זיתים ירוקים ממולאים,,,זיתים ירוקים ממולאים,Each,0.00,Each,false,,10.90,0.0000,true,1,31454
8410184010108,true,אורז לה סיגלה עגול 1,,,אורז לה סיגלה עגול 1,Each,0.00,Each,false,,10.00,0.0000,true,1,3874
8410302106300,false,יין קמפו וייחו ריוחה,,,יין קמפו וייחו קריאנזה ריו 750 מל פיקדון,מיליליטרים,750.00,"100 מ""ל",false,1,60.00,8.0000,true,1,7526
8410302107697,true,יין קמפו וייחו ריזרב,,,יין קמפו וייחו ריזרב,Each,0.00,Each,false,,100.00,0.0000,true,1,7527
8410342004789,false,טוראס-שוקולד מריר 72% ללא סוכר 100 גרם,,,שוקולד מריר 72% ללא סוכר 100גר טוראס,גרמים,100.00,100 גרם,false,12,13.90,13.9000,true,1,36122
8410342004796,false,שוקולד מריר 85% ללא סוכר טוראס 100ג',צ'יקולטס טוארס,ES,שוקולד מריר 85% ללא סוכר 100גר טוראס,גרמים,100.00,100 גרם,false,1,13.90,13.9000,true,1,31626
8410342004987,false,"טוראס-שוקולד מריר 52% קפה ללת""ס 100 גר",,ES,שוקולד מריר 72% ללא סוכר 100גר טוראס,גרמים,100.00,100 גרם,false,12,13.90,13.9000,true,1,31628
8410342005625,false,"טוראס-שוקולד חלב אגוז ללת""ס 75 גרם",,ES,שוקולד חלב אגוז ללס 75 גר טוראס,Unknown,0.00,Unknown,false,1,9.90,0.0000,true,1,31631
8410342005632,false,טוראס שוקולד חלב שקד ללא סוכר 75 גרם,,ES,שוקולד חלב שקד ללס 75 גר טוראס,Unknown,0.00,Unknown,false,1,9.90,0.0000,true,1,31632
8410342005878,false,טוראס ממרח שוקולד לל,,ES,טוראס ממרח שוקולד לל גלוטן אורגני 200גר,גרמים,200.00,100 גרם,false,12,26.90,13.4500,true,1,33925
8410342006585,false,"טוראס-שוקולד מריר 72% ללת""ס 75ג 1/12 (530)",,,שוקולד מריר ששבי 72% ללס 75 גר טוראס,Unknown,0.00,Unknown,false,12,9.90,0.0000,true,1,36125
8410342007049,false,"טוראס-שוקולד מריר 85% ללת""ס 75 גרם",,,שוקולד מריר ששבי 85% ללס 75 גר טוראס,Unknown,0.00,Unknown,false,12,9.90,0.0000,true,1,36126
8410376013191,false,קרקר פיק קוקטייל בצילינדר 350 גר גולון,GULLON,ES,קרקר פיק קוקטייל 350 גר גולון,גרמים,350.00,100 גרם,false,1,12.90,3.6857,true,1,8268
8410376014051,false,גולון-קרקר פיק מיניס 350 גר,GULLON,,קרקר פיק מיניס 350 גר גולון,גרמים,350.00,100 גרם,false,1,12.90,3.6857,true,1,22833
8410376014068,false,גולון קרקר פיק דגיגים 350גר,GULLON,,קרקר פיק דגים 350 גר גולון,גרמים,350.00,100 גרם,false,1,12.90,3.6857,true,1,22834
8410376029079,true,ביסקוויט רונדיטוס גו,,,ביסקוויט רונדיטוס גו,Each,0.00,Each,false,,18.50,0.0000,true,1,8869
8410376033267,true,ביסקוויט דגנים גולון,,,ביסקוויט דגנים גולון,Each,0.00,Each,false,,17.90,0.0000,true,1,8868
8410376037784,true,ביסקויט סנדוויץ ללא,,,ביסקויט סנדוויץ ללא,Each,0.00,Each,false,,16.90,0.0000,true,1,23757
8410376037883,true,עוגיות שוקו ציפס גול,,,עוגיות שוקו ציפס גול,Each,0.00,Each,false,,11.90,0.0000,true,1,11327
8410376045024,true,ביסקויט גולון דיאגסט,,,ביסקויט גולון דיאגסט,Each,0.00,Each,false,,16.90,0.0000,true,1,15910
8410376047509,true,גולון ביסקוויט פתי ב,,,גולון ביסקוויט פתי ב,Each,0.00,Each,false,,17.90,0.0000,true,1,23756
8410376052633,false,גולון-עוגיות שוקוצ'יפס ללא תוספת סוכר 150 ג 1/12,VIRGINIAS INDUSTRIAS,ES,עוגיות שוקו ציפס ללא סוכר 150 גר גולון,גרמים,150.00,100 גרם,false,1,16.90,11.2667,true,1,33793
8410376057270,false,גולון-ביסקוויט ללא סוכר עם ש.מריר 150 גר' 1/12,גולון,ES,ביסקוויט ללא סוכר עם ש.מריר 150גר,גרמים,150.00,100 גרם,false,12,17.90,11.9333,true,1,33908
8410376059380,false,גולון וופל וניל ללא תוספת סוכר 180 גרם,GULLON,ES,גולון וופל וניל ללא סוכר 180 גר,גרמים,250.00,100 גרם,false,12,16.90,6.7600,true,1,36123
8410376059397,false,גולון וופל שוקולד ללא תוספת סוכר 180 גרם,GULLON,ES,גולון וופל שוקולד ללא סוכר 180 גר,גרמים,250.00,100 גרם,false,12,16.90,6.7600,true,1,36124
8410441231000,true,יין פאוסטינו ריוחה 7,,,יין פאוסטינו ריוחה 7,Each,0.00,Each,false,,45.00,0.0000,true,1,7591
8410441512956,false,יין פאוסטינו גראן 19,,,יין פאוסטינו גראן 1998 רזרב750 מל פיקדון,מיליליטרים,750.00,"100 מ""ל",false,1,129.00,17.2000,true,1,7593
8410702005012,true,סנגריה פניאסול פליקס,,,סנגריה פניאסול פליקס,Each,0.00,Each,false,,15.00,0.0000,true,1,12393
8410793022837,false,"רביעיית בירה אסטרייה דאם 330 מ""ל","סי סי דאם, אס.אל, ברצלונ",ES,מארז 6יח בירה אסטריה דאם דאורה 330מל פקד,מיליליטרים,1980.00,"100 מ""ל",false,1,24.90,1.2576,true,1,37210
8410793262936,false,"אסטרייה דאם דאורה ללא גלוטן 330 מ""ל","סי סי דאם, אס.אל, בר",ES,בירה אסטרייה דאם דאורה ללא גלוטן 330מל,מיליליטרים,330.00,"100 מ""ל",false,1,11.90,3.6061,true,1,9941
8411277350118,true,יין קווה גום סרה חצי,,,יין קווה גום סרה חצי,Each,0.00,Each,false,,35.00,0.0000,true,1,8050
8411320105108,true,פילה אנשובי אורטיז ב,,,פילה אנשובי אורטיז ב,Each,0.00,Each,false,,46.90,0.0000,true,1,7609
8411320234006,true,נתחי טונה אורטיז לבנ,,,נתחי טונה אורטיז לבנ,Each,0.00,Each,false,,19.90,0.0000,true,1,7610
8411320382967,true,טונה אורטיז צהובה בש,,,טונה אורטיז צהובה בש,Each,0.00,Each,false,,37.90,0.0000,true,1,19352
8411320801055,true,סרדינים אורטיז בשמן,,,סרדינים אורטיז בשמן,Each,0.00,Each,false,,17.90,0.0000,true,1,9338
8412168002529,false,מחייה 13 משקה כוהלי בטעם לימונים,דיסטילריאס לה הורטנה,ES,משקה מחייה לימון 700 מל,מיליליטרים,700.00,"100 מ""ל",false,1,56.90,8.1286,true,1,35624
8412168002543,false,מחייה 13 רוזטה משקה כוהלי בטעם שקדים,מחייה 13,,משקה מחייה רוזטה שקדים 700 מל,מיליליטרים,700.00,"100 מ""ל",false,1,56.90,8.1286,true,1,36255
8412168008903,false,מחייה 13 משקה כוהלי בטעם אשכולית אדומה,דיסטיליארס לה הורטנה,ES,משקה מחייה אשכוליות אדומות 700 מל,מיליליטרים,700.00,"100 מ""ל",false,,56.90,8.1286,true,1,36083
8413529851039,false,ויניה אלברדי רזרבה לה ריוחה 98,ספרד לה ריוחה אלטה,,יין ויניה אלברדי רזרבה750מל פיקדון,מיליליטרים,750.00,"100 מ""ל",false,1,85.00,11.3333,true,1,9328
8414753700124,true,פילה אנשובי בשמן זית,,,פילה אנשובי בשמן זית,Each,0.00,Each,false,,20.00,0.0000,true,1,7110
8420071025702,true,גבינת עיזים קברה יין,,,גבינת עיזים קברה יין,קילוגרמים,1.00,"ק""ג",true,,189.00,189.0000,true,1,9389
8420708018817,false,גבינת מנצ'גו בשלה 150 גרם,האי נאם סי או אל.טי.,ES,גבינת מנצגו 150 גרם,גרמים,150.00,100 גרם,false,1,27.90,18.6000,true,1,17006
8420822130600,false,"ספריי סופר מסיר שומנים 750מ""ל יעקבי",קה לורדה,ES,מסיר שומנים סופר 750מל קיי אייץ7,מיליליטרים,750.00,"100 מ""ל",false,12,15.90,2.1200,true,1,46637
8420822130624,false,"ספריי סופר מסיר כתמים 750מ""ל יעקבי",קה לורדה,ES,מסיר כתמים סופר 750מל קיי אייץ7,מיליליטרים,750.00,"100 מ""ל",false,12,19.90,2.6533,true,1,46636
8420878580800,false,עוגת אוראו 350 גרם ק,,ES,עוגת אוראו 350 גרם קפואה,גרמים,350.00,100 גרם,false,6,31.90,9.1143,true,1,49669
8420878580817,false,עוגת פילדלפיה 350 גר,,ES,עוגת פילדלפיה 350גר קפואה,גרמים,350.00,100 גרם,false,6,31.90,9.1143,true,1,49668
8420878585744,false,עוגת מילקה 350 גרם ק,,ES,עוגת מילקה 350 גרם קפואה,גרמים,350.00,100 גרם,false,6,31.90,9.1143,true,1,49670
8420878599017,false,עוגת פילדלפיה בציפוי,,ES,עוגת פילדלפיה 350גר בציפוי פטל קפואה,גרמים,350.00,100 גרם,false,6,31.90,9.1143,true,1,49671
8421401301206,false,פפריקה מעושנת חריפה 70 ג,לה צ'ינטה קרטה,ES,פפריקה ספרדית מעושנת חריפה 70 גרם,Unknown,0.00,Unknown,false,12,14.90,0.0000,true,1,35439
8423207206488,true,ח.דגנים סלימדליס שוק,,,ח.דגנים סלימדליס שוק,Each,0.00,Each,false,,11.90,0.0000,true,1,9647
8423207206495,true,ח.דגנים סלימדליס שו,,,ח.דגנים סלימדליס שו,Each,0.00,Each,false,,11.90,0.0000,true,1,9648
8423207206501,true,ח.דגנים סלימדליס שוק,,,ח.דגנים סלימדליס שוק,Each,0.00,Each,false,,11.90,0.0000,true,1,9649
8423207207362,true,ח.דגנים סלימדליס שוק,,,ח.דגנים סלימדליס שוק,Each,0.00,Each,false,,11.90,0.0000,true,1,11307
8423207208697,true,ח.דגנים ילדים סלימדל,,,ח.דגנים ילדים סלימדל,Each,0.00,Each,false,,11.90,0.0000,true,1,14907
8423207208703,true,ח.דגנים ילדים סלימדל,,,ח.דגנים ילדים סלימדל,Each,0.00,Each,false,,11.90,0.0000,true,1,14908
8423207208871,true,פריכיות תירס טבעי סל,,,פריכיות תירס טבעי סל,Each,0.00,Each,false,,9.90,0.0000,true,1,15728
8423207208888,true,פריכיות תירס עגבניות,,,פריכיות תירס עגבניות,Each,0.00,Each,false,,9.90,0.0000,true,1,15729
8423207208895,true,פריכיות תירס זיתים ס,,,פריכיות תירס זיתים ס,Each,0.00,Each,false,,9.90,0.0000,true,1,15730
8423207209748,true,ח.דגנים סלימדליס תפו,,,ח.דגנים סלימדליס תפו,Each,0.00,Each,false,,11.90,0.0000,true,1,20653
8423207209885,true,ח.דגנים סלימדליס שוק,,,ח.דגנים סלימדליס שוק,Each,0.00,Each,false,,11.90,0.0000,true,1,21230
8423207210287,true,ח.דגנים סלימדליס יוג,,,ח.דגנים סלימדליס יוג,Each,0.00,Each,false,,11.90,0.0000,true,1,24055
8423207210928,false,חטיף דגנים מצופה שוקולד חלב ואגוזי לוז - 5 במארז,נוטרישן אנד סנטה קוב,ES,ח.דגנים סלימדליס טופינג אגוזי לוז5יח,Unknown,0.00,Unknown,false,16,11.90,0.0000,true,1,34935
8423207210942,false,חטיף דגנים מצופה שוקולד לבן ופירות יער,נוטרישן אנד סנטה קוב,ES,ח.דגנים סלימדליס טופינג פירות יער 5יח,Unknown,0.00,Unknown,false,16,11.90,0.0000,true,1,34936
8423207210966,false,חטיף רב דגנים מצופה שוקולד לבן קוקוס ולימון,נוטרישן אנד סנטה קוב,ES,ח.דגנים סלימדליס טופינג קוקוס ולימון5יח,Unknown,0.00,Unknown,false,16,11.90,0.0000,true,1,34934
8423207210980,false,סלים דליס טופינג קליפת תפוז 90 גרם,נוטרישן אנד סנטה קוב,ES,ח.דגנים סלימדליס טופינג קליפת תפוז5יח,Unknown,0.00,Unknown,false,16,11.90,0.0000,true,1,34937
8423339965338,true,יין קונדדו דה האזה ק,,,יין קונדדו דה האזה ק,Each,0.00,Each,false,,85.00,0.0000,true,1,8253
8423453905692,true,בירה ווילדר לאגר 500,,,בירה ווילדר לאגר 500,Each,0.00,Each,false,,8.90,0.0000,true,1,27375
8424842050016,false,צ'יפס בטעם כמהין 125 גרם רביו,רובין,FR,חטיף רוביו ציפס טעם כמהין 125 גרם,לא מנהל יחידת מידה,125.00,לא מנהל יחידת מידה,false,18,13.90,0.1112,true,1,40627
8424842050030,false,צ'יפס בטעם מלח הימלאי 125 גרם רביו,רובין,FR,חטיף רוביו ציפס ומלח החמלאיה 125 גרם,לא מנהל יחידת מידה,125.00,לא מנהל יחידת מידה,false,18,13.90,0.1112,true,1,40625
8424842050085,false,צ'יפס בטעם חרדל ודבש 125 גרם רביו,רובין,FR,חטיף רוביו ציפס חרדל ודבש 125 גרם,לא מנהל יחידת מידה,125.00,לא מנהל יחידת מידה,false,18,13.90,0.1112,true,1,40624
8424842201340,false,צ'יפס בטעם מסורתי פרימיום 130 גרם רביו,,ES,חטיף רוביו ציפס מסורתי 125 גרם,לא מנהל יחידת מידה,125.00,לא מנהל יחידת מידה,false,18,13.90,0.1112,true,1,40626
8428818164172,true,מלח אטלנטי אפור לח ט,,,מלח אטלנטי אפור לח ט,Each,0.00,Each,false,,18.00,0.0000,true,1,13517
8435495805168,false,"תינוקלין לכביסה לעור רגיש אולימפיק 1.25ק""ג",מולינו ניקולי s.p.a,PL,אבקת כביסה תינוקלין 1.25 קג,קילוגרמים,1.25,"ק""ג",false,1,24.90,19.9200,true,1,22536
8435495805199,false,"אבקת כביסה תינוקלין שקית 3 ק""ג.",מולינו ניקולי s.p.a,TR,אב.כביסה תינוקלין 3 קג בשקית,קילוגרמים,3.00,"ק""ג",false,1,49.90,16.6333,true,1,23099
8435495807605,false,תינוקלין מרכך כביסה היפואלרגני מרוכז 1 ליטר,מולינו ניקולי s.p.a,TR,מרכך כביסה תינוקלין היפואלרגני 1 ליטר,ליטרים,1.00,ליטר,false,15,19.90,19.9000,true,1,26280
8435495807636,false,ג'ל כביסה היפואלרגני 2 ל' תינוקלין,פרוקטר אנד גמבל,TR,גל כביסה תינוקלין 2 ליטר,ליטרים,2.00,ליטר,false,6,34.90,17.4500,true,1,28127
8435495819363,false,תינוקלין מרכך כביסה היפואלרגני 1 ליטר,פרוקטר אנד גמבל,TR,מרכך כביסה תינוקלין פרש 1 ליטר,ליטרים,1.00,ליטר,false,15,19.90,19.9000,true,1,46474
8436535580137,true,זעפרן ספרדי 0.5 גר א,,,זעפרן ספרדי 0.5 גר א,Each,0.00,Each,false,,16.90,0.0000,true,1,8100
8436575292205,false,ארטיק חמשושים מאגדת 15*12 גר',גלידות נסטלה )נגה גלידות,IL,מאגדת חמשושים 180גר,גרמים,180.00,100 גרם,false,6,17.90,9.9444,true,1,26410
8445290341587,false,פנסי פיסט פטה דג לבן ועוף 85 ג,נסטלה פורינה USA ג',US,מזון חתולים פטה דג לבן ועוף 85 גרם,גרמים,85.00,100 גרם,false,24,6.50,7.6471,true,1,50213
8445290341617,false,פנסי פיסט פטה עוף וסלמון 85 גרם,נסטלה פורינה USA סט,US,מזון חתולים פטה עוף ווסלמון 85 גר,גרמים,85.00,100 גרם,false,24,6.50,7.6471,true,1,50212
8445290341655,false,פנסי פיסט פטה עוף 85 גרם,נסטלה פורינה USA ג',US,מזון חתולים פטה עוף 85 גר,גרמים,85.00,100 גרם,false,24,6.50,7.6471,true,1,50214
8445290427120,false,דגני פיטנס Fitness שוקולד מריר ובננה,נסטלה צרפת איטנקורט,FR,דגני פיטנס שוקולד מריר ובננה 330 ג,גרמים,330.00,100 גרם,false,1,19.90,6.0303,true,1,49852
8606018615827,false,גלידת וניל עם שברי עוגיות אוראו 480 גרם,פרונרי סרביה,RS,גלידה פיינט אוראו 480מל,מיליליטרים,480.00,"100 מ""ל",false,6,19.90,4.1458,true,1,47415
8606018615841,false,גלידה וניל עם ליבת שוקולד חלב מעולה 480 גרם,פרונרי סרביה,RS,גלידה פיינט מילקה וניל ליבת שוקולד 480מל,מיליליטרים,480.00,"100 מ""ל",false,6,19.90,4.1458,true,1,47416
8606018615865,false,פיינט מילקה קרמל ליבת שוקולד 480 גרם,פרונרי סרביה,RS,גלידה פיינט מילקה קרמל ליבת שוקולד 480מל,מיליליטרים,480.00,"100 מ""ל",false,6,19.90,4.1458,true,1,47417
8682723819026,false,ביסקויט טיבטופ מצופה,,TR,ביסקויט טיבטופ מצופה שוקולד 108 גרם,גרמים,108.00,100 גרם,false,12,10.90,10.0926,true,1,38369
8683130008355,false,מיונז שום לחיץ אמיתי הלמנס 400 גרם,יוניליוור ישראל שיווק בע,TR,מיונז הלמנס שום לחיץ 400 גרם,גרמים,400.00,100 גרם,false,8,14.90,3.7250,true,1,45553
8683130025581,false,"מרכך כביסה מרוכז אקסטרה ענבר בדין 960 מ""ל",יבוא ושיווק: יוניליוור י,TR,מרכך כביסה בדין אקסטרא ענבר 960 מל,מיליליטרים,960.00,"100 מ""ל",false,1,16.90,1.7604,true,1,49446
8690504081913,false,מקוויטיס טינס מצופה שוקולד חלב 150 גרם,שוורצקוף& הנקל דיסלד,TR,ביסקויט טינס מצופה חלב 150 גרם,גרמים,150.00,100 גרם,false,1,10.90,7.2667,true,1,22070
8690504081920,false,מקוויטיס טינס מצופה שוקולד מריר 150 גרם,"אולקר ביסקווי סנאי, א.ס.",TR,ביסקויט טינס מצופה מריר 150 גרם,גרמים,150.00,100 גרם,false,1,10.90,7.2667,true,1,22069
8690504081937,false,מקוויטיס טינס שוקולד חלב וקפוצינו 150 גר,שוורצקוף& הנקל דיסלד,TR,ביסקויט טינס מצופה קפוצינו 150 גרם,גרמים,150.00,100 גרם,false,1,10.90,7.2667,true,1,22071
8690504153740,true,שוקולד גודאיבה מריר,,,שוקולד גודאיבה מריר,Each,0.00,Each,false,,13.90,0.0000,true,1,26179
8690504156543,true,שוקולד גודאיבה גנאש,,,שוקולד גודאיבה גנאש,Each,0.00,Each,false,,13.90,0.0000,true,1,31689
8690520518837,false,מארז 6יח בירה אפס תפ,,,מארז 6יח בירה אפס תפוח ל.אלכוהול 330מל,מיליליטרים,1980.00,"100 מ""ל",false,1,19.90,1.0051,true,1,41041
8690520518929,false,מארז 6יח בירה אפס אפ,,,מארז 6יח בירה אפס אפרסק ל.אלכוהול 330מל,מיליליטרים,1980.00,"100 מ""ל",false,1,19.90,1.0051,true,1,41045
8690520518974,false,מארז 6יח בירה אפס טע,,,מארז 6יח בירה אפס טעם תות ל.אלכוהול 330מ,מיליליטרים,1980.00,"100 מ""ל",false,1,19.90,1.0051,true,1,41047
8690520574697,false,מארז 6יח ב. אפס אננס,,,מארז 6יח ב. אפס אננס אשכולית ל.אלכוהול,מיליליטרים,1980.00,"100 מ""ל",false,1,19.90,1.0051,true,1,41043
8690520574710,false,מארז 6יח בירה אפס רי,,,מארז 6יח בירה אפס רימון ל.אלכוהול 330מל,מיליליטרים,1980.00,"100 מ""ל",false,1,19.90,1.0051,true,1,41044
8690531032377,false,פלפלים קטנים חריפים במי מלח 340 גרם,גנגיר גידה,TR,פלפל שיפקונית גורמט 340 גרם,גרמים,34000.00,100 גרם,false,12,7.90,0.0232,true,1,36573
8690558029343,false,מיץ רימונים 700מל די,,,מיץ רימונים 700מל דימס 100% פקדון,מיליליטרים,700.00,"100 מ""ל",false,6,11.90,1.7000,true,1,35522
8690637073373,true,תה ארל גריי 25 יח לי,,,תה ארל גריי 25 יח לי,Each,0.00,Each,false,,8.00,0.0000,true,1,6220
8690637073434,false,תה ליפטון ארל גריי 100 שקיקים,ליפטון Lipton,,תה ארל גריי 100 יח ליפטון,יחידה,100.00,יחידה,false,1,21.90,0.2190,true,1,6221
8690637503856,false,ממרח הלמנס כ- 40% פחות שומן לעומת מיונז,אפפילד איסטנבול ייצור מז,TR,מיונז הלמנס אמיתי לחיץ 395 גר,גרמים,395.00,100 גרם,false,8,14.90,3.7722,true,1,37203
8690637504426,false,"קרם ניקוי סיף בניחוח לימון 500 מ""ל",יוניליוור סנאיי וי טיקאר,TR,קרם סיף לניקוי לימון 500 מל,מיליליטרים,500.00,"100 מ""ל",false,1,14.90,2.9800,true,1,46442
8690637505607,false,בדין אקסטרה מרכך כביסה בניחוח פינוק כחול,יוניליוור סנאיי וי טיקאר,TR,מרכך כביסה בדין אקסטרא 960מל פינוק קלאסי,מיליליטרים,960.00,"100 מ""ל",false,1,16.90,1.7604,true,1,40318
8690637505614,false,"מרכך כביסה בדין אקסטרה פינוק קוקוס 960 מ""ל",יוניליוור סנאיי וי טיקאר,TR,מרכך כביסה בדין אקסטרא 960מל פינוק קוקוס,מיליליטרים,960.00,"100 מ""ל",false,1,16.90,1.7604,true,1,40319
8690637799594,true,תה ליפטון ירוק נענע,,,תה ליפטון ירוק נענע,Each,0.00,Each,false,,15.90,0.0000,true,1,16499
8690637842399,true,מאגדת מיני מגנום דאב,,,מאגדת מיני מגנום דאב,Each,0.00,Each,false,,29.90,0.0000,true,1,21443
8690637858734,true,סיף גל לאסלות לימון,,,סיף גל לאסלות לימון,Each,0.00,Each,false,,12.90,0.0000,true,1,23791
8690637865589,true,תרחיץ ידיים דאב 500מ,,,תרחיץ ידיים דאב 500מ,Each,0.00,Each,false,,18.90,0.0000,true,1,27950
8690637866753,true,מרכך כביסה בדין אקסט,,,מרכך כביסה בדין אקסט,Each,0.00,Each,false,,16.90,0.0000,true,1,22640
8690637890666,true,מאגדת מיני מגנום דאב,,,מאגדת מיני מגנום דאב,Each,0.00,Each,false,,29.90,0.0000,true,1,27283
8690637946318,true,מרכך כביסה בדין בייב,,,מרכך כביסה בדין בייב,Each,0.00,Each,false,,16.90,0.0000,true,1,32735
8690637971310,false,"מרכך כביסה מרוכז אקסטרה בניחוח יערת הדבש בדין 960 מ""ל",יוניליוור סנאיי וי טיקאר,TR,מרכך כביסה בדין אקסטרא יערת דבש 960מל,מיליליטרים,960.00,"100 מ""ל",false,1,16.90,1.7604,true,1,35858
8690637976995,false,"מרכך כביסה מרוכז אקסטרה ורוד סחלבים פראי בדין 960 מ""ל",יוניליוור סנאיי וי טיקאר,TR,מרכך כביסה בדין אקסטרא ורוד 960מל,מיליליטרים,960.00,"100 מ""ל",false,1,16.90,1.7604,true,1,35859
8690637989612,false,שלגון שמנת בטעם וניל עם ריפל בטעם שוקולד 246 גרם,יונילוור סנאיי וי טיג'\,TR,מאגדת מיני מגנום דאבל דולצה גולד 6יח,גרמים,282.00,100 גרם,false,1,29.90,10.6028,true,1,38476
8690734354412,false,ספוגיות מתכת סקוטש ברייט אל חלד 2 יח,3m,CN,ספוגיות מתכת סקוטש ברייט אל חלד 2יח,יחידה,2.00,יחידה,false,24,8.90,4.4500,true,1,49889
8690766156367,true,שוקולד גודאיבה פיור,,,שוקולד גודאיבה פיור,Each,0.00,Each,false,,14.90,0.0000,true,1,31690
8690766156398,true,שוקולד גודאיבה פיור,,,שוקולד גודאיבה פיור,Each,0.00,Each,false,,14.90,0.0000,true,1,31695
8690766156404,true,שוקולד גודאיבה פיור,,,שוקולד גודאיבה פיור,Each,0.00,Each,false,,14.90,0.0000,true,1,31691
8690766156411,true,שוקולד גודאיבה פיור,,,שוקולד גודאיבה פיור,Each,0.00,Each,false,,14.90,0.0000,true,1,31694
8690777204071,true,פלפל חריף כבוש 640 ג,,,פלפל חריף כבוש 640 ג,Each,0.00,Each,false,,12.90,0.0000,true,1,6635
8690777206051,true,חציל קלוי על האש 650,,,חציל קלוי על האש 650,Each,0.00,Each,false,,12.90,0.0000,true,1,5873
8690777221405,true,פלפל אדום קלוי על הא,,,פלפל אדום קלוי על הא,Each,0.00,Each,false,,12.90,0.0000,true,1,6636
8690784516440,false,דאק נוזל לניקוי מתקדם בניחוח לבנדה בודד 750מל,"אס.סי.ג'\ונסון מידרכט, ה",NL,נוזל אסלות דאק 750מל לבנדר,מיליליטרים,750.00,"100 מ""ל",false,1,10.90,1.4533,true,1,20400
8690784516662,true,גל אסלות דאק אקונומי,,,גל אסלות דאק אקונומי,Each,0.00,Each,false,,10.90,0.0000,true,1,23180
8690784614665,true,סבון אסלה דאק טיפות,,,סבון אסלה דאק טיפות,Each,0.00,Each,false,,8.90,0.0000,true,1,23374
8690784614771,true,סבון אסלה דאק טיפות,,,סבון אסלה דאק טיפות,Each,0.00,Each,false,,8.90,0.0000,true,1,23375
8690784614993,true,סבון אסלה דאק טיפות,,,סבון אסלה דאק טיפות,Each,0.00,Each,false,,8.90,0.0000,true,1,23377
8690784616775,true,סבון אסלה מוצק דאק א,,,סבון אסלה מוצק דאק א,Each,0.00,Each,false,,9.90,0.0000,true,1,24321
8690784711777,true,סבון אסלה דאק אקונומ,,,סבון אסלה דאק אקונומ,Each,0.00,Each,false,,8.90,0.0000,true,1,28479
8693495050333,true,אלסבון פלמוליב לגבר,,,אלסבון פלמוליב לגבר,Each,0.00,Each,false,,16.90,0.0000,true,1,19209
8693495052177,true,אלסבון פלמוליב משאבה,,,אלסבון פלמוליב משאבה,Each,0.00,Each,false,,16.90,0.0000,true,1,21063
8695543006668,false,גבינת רסטה 200 גרם,מוטיבי גידה דיירי אי,TR,גבינת רסטה 200גר,גרמים,200.00,100 גרם,false,12,22.90,11.4500,true,1,27219
8697431460378,false,קונפיטורה 70% שזיף פרופה 450 גרם,פרוטנגו Fruitango,,קונפ.שזיפים 70% פרי 450 גר,גרמים,450.00,100 גרם,false,1,12.90,2.8667,true,1,3075
8697431925143,false,קונפיטורה 70% פירות יער 450 ג' FRUPPA,פרוטנגו Fruitango,,קונפ.פירות יער 70% פרי 450 גר,גרמים,450.00,100 גרם,false,1,12.90,2.8667,true,1,12673
8697659224042,true,מטהר אויר אושן 400מל,,,מטהר אויר אושן 400מל,Each,0.00,Each,false,,10.90,0.0000,true,1,17514
8697659225186,true,מטהר אויר משב הכותנה,,,מטהר אויר משב הכותנה,Each,0.00,Each,false,,12.90,0.0000,true,1,18565
8697826469092,false,טורטיה קטנה שקדיה 540 גרם 12 יחידות,דין שיווק,TR,טורטיה טורטילס קטנה 12 יח 540 גרם,גרמים,540.00,100 גרם,false,1,10.90,2.0185,true,1,7540
8710243961533,false,אולד אמסטרדם חטיף בשקית 90 גרם,,NL,גבינת אולד אמסטרדם חטיף בשקית 90גר לבן,Unknown,0.00,Unknown,false,1,19.90,0.0000,true,1,39950
8710428005755,false,תרכובת מזון לתינוקות על בסיס חלבון סויה איזומיל שלב 1,"אבוט מעבדות רפואיות בע""מ",NL,ת.חלב סימילק איזומיל 400 גר,גרמים,400.00,100 גרם,false,1,46.90,11.7250,true,1,22185
8710428005762,false,תרכובת מזון לתינוקות על בסיס חלבון סויה איזומיל טף שלב 2,"אבוט מעבדות רפואיות בע""מ",NL,ת.חלב סימילק איזומיל טף 400 גר,גרמים,400.00,100 גרם,false,1,46.90,11.7250,true,1,22186
8710447320662,true,דאו. דאב ספריי ללא א,,,דאו. דאב ספריי ללא א,Each,0.00,Each,false,,16.90,0.0000,true,1,32322
8710448569879,true,מיונז הולנדי לחיץ750,,,מיונז הולנדי לחיץ750,Each,0.00,Each,false,,20.00,0.0000,true,1,16113
8710448583561,false,רוטב צ'יפס הולנדי 523מל,רמייה,NL,רוטב מיו ציפס רמייה הולנדי 500 מל,מיליליטרים,500.00,"100 מ""ל",false,1,12.90,2.5800,true,1,20459
8710448588733,false,רוטב לסלט שום ועשבי תיבול רמייה 500 גר,רמייה,NL,רוטב לסלט עשבי תיבול רמייה 500 מל,מיליליטרים,500.00,"100 מ""ל",false,600,11.90,2.3800,true,1,28940
8710448588740,false,רוטב חרדל דבש רמייה 500 גר,וואן האוטן,NL,רוטב חרדל ודבש רמייה 500מל,מיליליטרים,500.00,"100 מ""ל",false,1,13.90,2.7800,true,1,19312
8710448588764,false,רוטב לסלט שום ועשבי תיבול רמייה 500 גר,רמייה,NL,רוטב רמייה עשבי תיבול לסלט 500 מל,מיליליטרים,500.00,"100 מ""ל",false,600,11.90,2.3800,true,1,34514
8710448588788,false,"רוטב קיסר 500 מ""ל רמייה",רמייה,NL,רוטב רמייה קיסר 500 מל לחיץ,מיליליטרים,500.00,"100 מ""ל",false,6,13.90,2.7800,true,1,36917
8710448595175,false,"רוטב מעושן 450 מ""ל BLACEJACK",רמייה,,רוטב ברביקיו רמייה מעושן 450 גר,גרמים,450.00,100 גרם,false,1,17.90,3.9778,true,1,14707
8710448595199,false,"רוטב הוט צילי מעושן 450 מ""ל BOSS",רמייה,NL,רוטב ברביקיו רמייה צילי חריף 450 גר,גרמים,450.00,100 גרם,false,1,17.90,3.9778,true,1,14708
8710448632696,false,"רוטב אלף האיים 500 מ""ל רמייה",רמייה,NL,רוטב רמייה אלף האיים לחיץ 500 מל,מיליליטרים,500.00,"100 מ""ל",false,6,11.90,2.3800,true,1,36918
8710448632856,false,רוטב רמייה הוואי חרד,רמייה,NL,רוטב רמייה הוואי חרדל אננס לחיץ 250 מל,מיליליטרים,250.00,"100 מ""ל",false,6,8.90,3.5600,true,1,36919
8710448634331,true,מיונז רמייה הולנדי ל,,,מיונז רמייה הולנדי ל,Each,0.00,Each,false,,10.00,0.0000,true,1,28290
8710448634744,false,רוטב תאילנדי סריראצה,,NL,רוטב תאילנדי סרירצה 265 מל ילדריז,מיליליטרים,265.00,"100 מ""ל",false,6,12.90,4.8679,true,1,36924
8710448635239,false,מיונז כמהין רמייה לח,אהק בי.וקולברד,BE,מיונז כמהין רמיה לחיץ 300 מל,גרמים,300.00,100 גרם,false,12,14.90,4.9667,true,1,37194
8710448692737,false,"מתבל עגבניות לחיץ 300מ""ל",רמייה,NL,קטשוף רמיה הולנדי לחיץ 300 מל,מיליליטרים,300.00,"100 מ""ל",false,6,7.90,2.6333,true,1,36954
8710448692744,false,קטשופ קארי רמייה 300 גר,רמייה,NL,קטשוף רמיה קארי לחיץ 300 מל,מיליליטרים,300.00,"100 מ""ל",false,6,7.90,2.6333,true,1,36955
8710488190439,true,כרוב כבוש לבן מובחר,,,כרוב כבוש לבן מובחר,Each,0.00,Each,false,,10.90,0.0000,true,1,15673
8710488190811,true,כרוב כבוש לבן מובחר,,,כרוב כבוש לבן מובחר,Each,0.00,Each,false,,9.90,0.0000,true,1,33678
8710502011894,true,עוגיות שוקוציפס מרבה,,,עוגיות שוקוציפס מרבה,Each,0.00,Each,false,,10.90,0.0000,true,1,22740
8710502064814,true,עוגיות שוקוציפס מרבה,,,עוגיות שוקוציפס מרבה,Each,0.00,Each,false,,10.90,0.0000,true,1,13722
8710502139017,true,עוגיות שוקוציפס מרבה,,,עוגיות שוקוציפס מרבה,Each,0.00,Each,false,,10.90,0.0000,true,1,6451
8710502194801,true,עוגיות שוקוציפס מרבה,,,עוגיות שוקוציפס מרבה,Each,0.00,Each,false,,10.90,0.0000,true,1,16659
8710502279010,false,מרבה עוגיות שוקולד ציפס מצופות שוקולד 175 גרם - רבנות,"י.מרבה ישראל בע""מ",NL,עוגיות שוקוציפס מרבה מצופות 175 גר,גרמים,175.00,100 גרם,false,22,10.90,6.2286,true,1,37162
8710502285509,false,מרבה - עוגיות לימון ושוקולד צ'יפס במרקם רך 175 גרם,בנקטבקריי מרבה בי.וי,NL,עוגיות שוקוציפס מרבה לימון 175 גר,גרמים,175.00,100 גרם,false,22,10.90,6.2286,true,1,44653
8710502405204,true,עוגיות שוקוציפס מרבה,,,עוגיות שוקוציפס מרבה,Each,0.00,Each,false,,10.90,0.0000,true,1,9198
8710502470028,true,עוגיות שוקוציפס מרבה,,,עוגיות שוקוציפס מרבה,Each,0.00,Each,false,,10.90,0.0000,true,1,7875
8710552274614,true,קצף לניקוי שטיחים וא,,,קצף לניקוי שטיחים וא,Each,0.00,Each,false,,18.90,0.0000,true,1,24041
8710676220122,false,סטרופ וופל חמאה הולנ,,,וופל סטרופ הולנדי חמאה 250 גרם,גרמים,250.00,100 גרם,false,1,11.90,4.7600,true,1,36958
8710800027573,false,סוכריות מיני בטעם פירות מנטוס 178 גרם,פרפטי ואן מלה ברדה,NL,סוכ.מיני מנטוס פירות 178 ג שקית,גרמים,178.00,100 גרם,false,1,13.90,7.8090,true,1,1713
8710800961310,false,סוכריות בטעם תות מנטוס 4*375 גרם,פרפטי ואן מלה ברדה,NL,מארז 4 יח סוכריות מנטוס תות,יחידה,4.00,יחידה,false,1,11.50,2.8750,true,1,1714
8710812011102,true,ריבת תות שדה ביתית 4,,,ריבת תות שדה ביתית 4,Each,0.00,Each,false,,12.00,0.0000,true,1,11340
8710812011126,true,ריבת דובדבנים ביתית,,,ריבת דובדבנים ביתית,Each,0.00,Each,false,,12.00,0.0000,true,1,11701
8710847967146,false,דאודורנט דאב ספריי ל,יוניליוור,,דאודורנט דאב ספריי לוטוס 150מל,מיליליטרים,150.00,"100 מ""ל",false,1,16.90,11.2667,true,1,36029
8710908326691,false,"תחליב רחצה פרח האדמונית דאב 750 מ""ל",יוניליוור גרמניה (בו,DE,סבון נוזלי דאב אדמונית 750 מל,מיליליטרים,750.00,"100 מ""ל",false,1,17.90,2.3867,true,1,16147
8711000360606,false,לור קפסולות קפה אספרסו רוז 7,ג'\ייקובס דאו אגרבטס צרפ,FR,קפסולות אספרסו לור7אינטנסיטי 10 יח,יחידה,10.00,יחידה,false,10,19.90,1.9900,true,1,36716
8711000362556,true,קפסולות אספרסו לור 8,,,קפסולות אספרסו לור 8,Each,0.00,Each,false,,19.90,0.0000,true,1,28966
8711000362570,true,קפסולות אספרסו לור 9,,,קפסולות אספרסו לור 9,Each,0.00,Each,false,,19.90,0.0000,true,1,28965
8711000362617,true,קפסולות אספרסו לור 8,,,קפסולות אספרסו לור 8,Each,0.00,Each,false,,19.90,0.0000,true,1,28967
8711000362631,true,קפסולות אספרסו לור 1,,,קפסולות אספרסו לור 1,Each,0.00,Each,false,,19.90,0.0000,true,1,28963
8711000362655,false,לור קפסולות קפה אספרסו אור אבס 52ג,"ג'\ייקובס דאו אגרבטס, צר",FR,קפסולות אספרסו לור9אינטנסיטי 10 יח,יחידה,10.00,יחידה,false,10,19.90,1.9900,true,1,36715
8711000362679,true,קפסולות אספרסו לור ק,,,קפסולות אספרסו לור ק,Each,0.00,Each,false,,19.90,0.0000,true,1,28987
8711000362693,true,קפסולות אספרסו לור פ,,,קפסולות אספרסו לור פ,Each,0.00,Each,false,,19.90,0.0000,true,1,28988
8711000431108,true,קפסולות אספרסו לור ה,,,קפסולות אספרסו לור ה,Each,0.00,Each,false,,19.90,0.0000,true,1,28989
8711000471296,true,קפסולות אספרסו לור13,,,קפסולות אספרסו לור13,Each,0.00,Each,false,,19.90,0.0000,true,1,33809
8711000481936,false,לור קפסולות קפה אורגני אספרסו 10 יח,ג'ייקובס דאו אגברטס צרפת,FR,קפסולות אספרסו לור אורגני 10 יח,יחידה,10.00,יחידה,false,10,19.90,1.9900,true,1,40631
8711200425990,true,חמאת בוטנים קאלווה ח,,,חמאת בוטנים קאלווה ח,Each,0.00,Each,false,,15.90,0.0000,true,1,30132
8711200426034,true,חמאת בוטנים קאלווה ק,,,חמאת בוטנים קאלווה ק,Each,0.00,Each,false,,15.90,0.0000,true,1,30131
8711200443789,false,"חרדל דיז'ון גרגירים בבקבוק לחיץ סיימן 235 מ""ל",מיילי,FR,חרדל מאילי דיזון לחיץ גרגירים235 מל,מיליליטרים,235.00,"100 מ""ל",false,8,15.90,6.7660,true,1,26808
8711200443802,false,"חרדל דיזון בבקבוק לחיץ 235 מ""ל",מיילי,FR,חרדל מאילי דיזון לחיץ 235 מל,מיליליטרים,235.00,"100 מ""ל",false,8,15.90,6.7660,true,1,26807
8711281013345,true,חרדל הולנדי הוייסמן,,,חרדל הולנדי הוייסמן,Each,0.00,Each,false,,11.90,0.0000,true,1,20249
8711327475618,false,מגנום פיינט וניל קלאסיק 440X8מל,"מפעל גלידות בווספרם, רחו",HU,גלידה מגנום פיינט וניל קלאסיק 260גר,גרמים,260.00,100 גרם,false,8,21.90,8.4231,true,1,37609
8711327475663,false,מגנום פיינט וניל שוקולד לבן 260 גרם,"מפעל גלידות בווספרם, רחו",HU,גלידה מגנום פיינט וניל שוקולד לבן 260גר,גרמים,260.00,100 גרם,false,8,21.90,8.4231,true,1,37608
8711327475762,false,מגנום פיינט שוקולד לבן עוגיות 260 גרם,"מפעל גלידות בווספרם, רחו",HU,גלידה מגנום פיינט שוקולד לבן עוגיות260גר,גרמים,260.00,100 גרם,false,8,21.90,8.4231,true,1,37611
8711528211138,false,גבינת גאודה עיזים במ,הנרי ויליך,NL,גבינת גאודה עיזים במשקל,קילוגרמים,1.00,"ק""ג",true,,169.00,169.0000,true,1,1960
8711528211145,false,גבינת גאודה במשקל כש,מולינו ניקולי s.p.a,NL,גבינת גאודה במשקל כשרה,קילוגרמים,1.00,"ק""ג",true,,69.00,69.0000,true,1,4374
8712400802499,false,תרכובת מזון המשך לפעוטות על בסיס חלב שלב 1,נוטרישיה קאלק ב. ו.,NL,תחליף חלב נוטרלין שלב 1 800 גר,גרמים,800.00,100 גרם,false,1,65.90,8.2375,true,1,8894
8712400802512,false,תרכובת מזון המשך לפעוטות על בסיס חלב שלב 2,נוטרישיה קאלק ב. ו.,NL,תחליף חלב נוטרלין שלב 2 800 גר,גרמים,800.00,100 גרם,false,1,65.90,8.2375,true,1,8895
8712561594608,false,"דאב תחליב רחיצה להזנה עמוקה 750 מ""ל","יוניליוור גרמניה, Gmbh &",DE,סבון נוזלי דאב הזנה עמוקה 750 מל,מיליליטרים,750.00,"100 מ""ל",false,1,17.90,2.3867,true,1,13543
8712561611411,false,"תחליב רחצה בניחוח מלפפון ותה ירוק דאב 750 מ""ל","יוניליוור גרמניה, Gmbh &",DE,סבון נוזלי דאב מלפפונים 750 מל,מיליליטרים,750.00,"100 מ""ל",false,1,17.90,2.3867,true,1,13544
8712561626286,false,"תחליב רחצה דאב זוהר כמשי, 750 מ""ל",יוניליוור גרמניה (בו,DE,סבון נוזלי דאב זוהר כמשי 750 מל,מיליליטרים,750.00,"100 מ""ל",false,1,17.90,2.3867,true,1,13545
8712561631570,false,"תחליב רחצה קוקוס ויסמין דאב 750 מ""ל",יוניליוור גרמניה (בו,DE,תחליב רחצה דאב חלב קוקוס 750 מל,מיליליטרים,750.00,"100 מ""ל",false,1,17.90,2.3867,true,1,13546
8713323093483,false,גבינת גאודה הולנדי 1,ווסטלנד,NL,גבינת גאודה הולנדי 150גר פרוס ורוד,גרמים,150.00,100 גרם,false,1,14.90,9.9333,true,1,38141
8713323093490,false,ירוק- אדם הולנדי פרוס 150 גרם,ווסטלנד,NL,גבינת אדם הולנדי 150גר פרוס ירוק,גרמים,150.00,100 גרם,false,1,14.90,9.9333,true,1,38140
8713323093506,false,כחול- מאסדם הולנדי פרוס 150 גרם,ווסטלנד,NL,גבינת מאסדאם הולנדי 150גר פרוס כחול,גרמים,150.00,100 גרם,false,1,14.90,9.9333,true,1,38142
8714599410806,false,ג'ייקובס קרוננג מיובש בהקפאה 160 גרם סגירה חוזרת,ג'ייקובס Jacobs,RU,קפה נמס גקובס בשקית 160 גרם,גרמים,160.00,100 גרם,false,9,17.90,11.1875,true,1,36367
8714599412336,false,קפה נמס בריסטה אמריקנו קלוי וטחון 160 ג' ג'ייקובס,ג'\ייקובס דאו אגברטס רוס,RU,קפה נמס גקובס בריסטה אמריקנו 160 גרם,גרמים,160.00,100 גרם,false,1,28.90,18.0625,true,1,45141
8714599513781,true,קפה גקובס קרנט זהב מ,,,קפה גקובס קרנט זהב מ,Each,0.00,Each,false,,28.90,0.0000,true,1,15200
8714599513835,true,קפה נמס גקובס נטול ק,,,קפה נמס גקובס נטול ק,Each,0.00,Each,false,,35.90,0.0000,true,1,16564
8714789218465,false,מברשת שיניים 360 סופט קולגייט 2 יחידות,הנסיך- מפעל לייצור ט,CN,זוג מב.שיניים קולגייט 360 יום סמול,יחידה,2.00,יחידה,false,1,25.90,12.9500,true,1,4922
8714789303925,false,מברשת שיניים 360 סנסטיב רכה במיוחד קולגייט 2 יחידות,קולגייט- פלמוליב,CH,זוג מב.שיניים קולגייט 360 יום סנסטיב,Unknown,0.00,Unknown,false,1,25.90,0.0000,true,1,6294
8714789402918,false,נוזל לניקוי כללי ורצפות בניחוח פרחי בר אג'קס 1.5 ליטר,הנסיך- מפעל לייצור ט,GR,נוזל לניקוי כללי אגקס אדום פרחים 1.5 ל,ליטרים,1.50,ליטר,false,1,16.90,11.2667,true,1,6441
8714789402932,false,נוזל לניקוי כללי ורצפות בניחוח ורדי בוקר אג'קס 1.5 ליטר,הנסיך- מפעל לייצור ט,GR,נוזל לניקוי כללי אגקס ורוד פרחים 1.5 ל,ליטרים,1.50,ליטר,false,1,16.90,11.2667,true,1,6442
8714789402970,false,נוזל לניקוי כללי ורצפות בניחוח פרחי אביב אגק'ס 1.5 ליטר,הנסיך- מפעל לייצור ט,GR,נוזל לניקוי כללי אגקס ירוק פרחים 1.5 ל,ליטרים,1.50,ליטר,false,1,16.90,11.2667,true,1,6443
8714789450315,true,נוזל כלים פלמוליב לי,,,נוזל כלים פלמוליב לי,Each,0.00,Each,false,,15.90,0.0000,true,1,6644
8714789582764,true,מרסס אגקס חלונות טרי,,,מרסס אגקס חלונות טרי,Each,0.00,Each,false,,11.90,0.0000,true,1,12445
8714789831275,false,מברשת שיניים 360 אופטיק ווייט קולגייט 2 יחידות,קולגייט-פלמוליב,CN,זוג מב.שיניים קולגייט 360 אופטיק וויט,יחידה,2.00,יחידה,false,1,25.90,12.9500,true,1,9954
8714789834467,true,נוזל כלים פלמוליב שק,,,נוזל כלים פלמוליב שק,Each,0.00,Each,false,,15.90,0.0000,true,1,10623
8714789835112,true,מברשת שיניים קולגייט,,,מברשת שיניים קולגייט,Each,0.00,Each,false,,59.90,0.0000,true,1,23420
8714789966403,false,ליידי ספיד סטיק פרו ג'ל 65 גרם,קולגייט פלמוליב,US,ליידי ספיד סטיק פרו 5 גל 65גרם,Unknown,0.00,Unknown,false,1,18.90,0.0000,true,1,40611
8714800014182,false,"בירה 8.6 רד 500 מ""ל פחית",בווריה,,בירה בווריה 8.6 אדום 500מל פקדון,מיליליטרים,500.00,"100 מ""ל",false,1,10.00,2.0000,true,1,10257
8714800025348,false,"בירה הולנדיה 12% חזקה מאוד 500 מ""ל פחית",בווריה,,בירה הולנדיה 12% 500מל פקדון,מיליליטרים,500.00,"100 מ""ל",false,1,10.00,2.0000,true,1,14437
8714800036214,false,בירה איי פי אל 500מל,בווריה,,בירה איי פי אל 500מל 8.6% פחית פקדון,מיליליטרים,500.00,"100 מ""ל",false,1,8.90,1.7800,true,1,28807
8714800041645,false,"בירה 8.6 אקסטרים חזקה מאוד 500 מ""ל פחית",בווריה,,בירה בווריה 500 מל 8.6 אקסטרים 10.5%,מיליליטרים,500.00,"100 מ""ל",false,1,10.00,2.0000,true,1,38453
8714800043182,false,"בירה 8.6 איי.פי.אל 500 מ""ל פחית",בווריה,,בירה איי פי אל 500מל 8.6% פחית פקדון,מיליליטרים,500.00,"100 מ""ל",false,1,10.00,2.0000,true,1,47834
8715035130500,false,"רוטב סויה קיקומן מופחת נתרן 500 מ""ל",,NL,רוטב סויה קיקומן מופחת נתרן 500 מל,מיליליטרים,500.00,"100 מ""ל",false,1,20.90,4.1800,true,1,37189
8715035150300,false,"רוטב סויה קיקומן ללא מ""ל 250 גלוטן",קיקומן פודז יורופ בי,NL,רוטב סויה קיקומן ללא גלוטן 250 מל,מיליליטרים,250.00,"100 מ""ל",false,1,19.90,7.9600,true,1,37385
8715035520301,true,רוטב פונזו קיקומן סו,,,רוטב פונזו קיקומן סו,Each,0.00,Each,false,,19.90,0.0000,true,1,28920
8715700110141,true,מיונז אמיתי היינץ 46,,,מיונז אמיתי היינץ 46,Each,0.00,Each,false,,11.90,0.0000,true,1,20516
8715700115641,true,מיונז היינץ לייט לחי,,,מיונז היינץ לייט לחי,Each,0.00,Each,false,,15.90,0.0000,true,1,19104
8715700117805,false,"קטשופ היינץ מתבל עגבניות ללא תוספת סוכר ומלח 425 מ""ל","ה.י היינץ הולדינג בי.וי,",NL,קטשופ היינץ ללא מלח וסוכר 400 מל,מיליליטרים,400.00,"100 מ""ל",false,1,11.90,2.9750,true,1,32895
8715700118789,false,היינץ מיונז טבעוני 390 גר,ה.י היינץ הולדינג בי.וי,NL,מיונז טבעוני 400 מל היינץ,גרמים,390.00,100 גרם,false,10,19.90,5.1026,true,1,46054
8715700118925,false,קטשופ היינץ חריף 460 גרם,ה.י. היינץ,NL,קטשופ היינץ חריף לחיץ 460 גרם,גרמים,460.00,100 גרם,false,10,13.90,3.0217,true,1,51146
8715700120874,false,מתבל עגבניות היינץ בתוספת שום,ה.י.היינץ הולדינג בי.וי,NL,קטשופ היינץ עם שום 460 גרם,גרמים,460.00,100 גרם,false,10,11.90,2.5870,true,1,45096
8715700416021,true,ממרח סנדויץ מלפפונים,,,ממרח סנדויץ מלפפונים,Each,0.00,Each,false,,15.90,0.0000,true,1,21303
8715700419695,true,רוטב היינץ ברביקיו מ,,,רוטב היינץ ברביקיו מ,Each,0.00,Each,false,,16.90,0.0000,true,1,20515
8715700421032,true,ממרח סנדויץ טבעי היי,,,ממרח סנדויץ טבעי היי,Each,0.00,Each,false,,15.90,0.0000,true,1,14072
8715700421056,true,ממרח סנדויץ פיקנטי 3,,,ממרח סנדויץ פיקנטי 3,Each,0.00,Each,false,,15.90,0.0000,true,1,15538
8715700421322,true,רוטב היינץ ברביקיו צ,,,רוטב היינץ ברביקיו צ,Each,0.00,Each,false,,16.90,0.0000,true,1,20514
8715700422473,true,מיונז היינץ לחיץ395,,,מיונז היינץ לחיץ395,Each,0.00,Each,false,,15.90,0.0000,true,1,17722
8715700423906,false,היינץ מתבל עגבניות מופחת סוכר ומלח 50/50 550 גרם,היינץ צפון אמריקה מק,NL,מתבל עגבניות היינץ מופחת סוכר ונתרן555גר,גרמים,555.00,100 גרם,false,1,11.90,2.1441,true,1,21404
8717163628355,false,טרזמה מרכך להחלקה וצביעה 400 מל,"יוניליוור פולין, רחוב קר",PL,מרכך טרזמה להחלקה וצבע 400מל,מיליליטרים,400.00,"100 מ""ל",false,6,24.90,6.2250,true,1,32745
8717163647196,true,דאודורנט אקס ספריי ג,,,דאודורנט אקס ספריי ג,Each,0.00,Each,false,,19.90,0.0000,true,1,27852
8717163647226,true,דאודורנט אקס בלאק ספ,,,דאודורנט אקס בלאק ספ,Each,0.00,Each,false,,19.90,0.0000,true,1,27850
8717163647233,true,דאודורנט אקס בלאק ני,,,דאודורנט אקס בלאק ני,Each,0.00,Each,false,,19.90,0.0000,true,1,27849
8717163647264,true,דאודורנט אקס ספריי ג,,,דאודורנט אקס ספריי ג,Each,0.00,Each,false,,19.90,0.0000,true,1,27844
8717163648667,true,גל רחצה אקס אייס ציל,,,גל רחצה אקס אייס ציל,Each,0.00,Each,false,,12.90,0.0000,true,1,27843
8717163655764,true,דאודורנט רקסונה ספרי,,,דאודורנט רקסונה ספרי,Each,0.00,Each,false,,19.90,0.0000,true,1,30672
8717545620236,false,גבינת אולד אמסטרדם 1,,,גבינת אולד אמסטרדם 150 גרם פרוסות,גרמים,150.00,100 גרם,false,1,24.90,16.6000,true,1,18218
8717545623077,false,גבינת אולד אמסטרדם 1,ווסטלנד,,גבינת אולד אמסטרדם 150 גרם אדום,גרמים,150.00,100 גרם,false,1,22.90,15.2667,true,1,12599
8717545810019,true,וופל סטרופ הולנד 175,,,וופל סטרופ הולנד 175,Each,0.00,Each,false,,10.90,0.0000,true,1,21025
8717644390566,true,סבון דאב מוצק 4 יח י,,,סבון דאב מוצק 4 יח י,Each,0.00,Each,false,,14.90,0.0000,true,1,6385
8717677336593,false,טוניס שוקולד חלב 180 גרם רבנות - נוכרי,טוניס/שוקולונלי,NL,שוקולד טוניס 32% חלב 180 גרם,גרמים,180.00,100 גרם,false,15,18.90,10.5000,true,1,38632
8717677336616,false,שוקולד מריר עם שקדים ומלח טוניס' שוקולונלי 180 גרם,טוניס/שוקולונלי,NL,שוקולד טוניס מריר שקד ומלח ים 180 גרם,גרמים,180.00,100 גרם,false,15,18.90,10.5000,true,1,38633
8717677336630,false,שוקולד חלב עם שקדים ודבש טוניס' שוקולונלי 180 גרם,טוניס/שוקולונלי,NL,שוקולד טוניס שקד דבש נוגט 180 גרם,גרמים,180.00,100 גרם,false,15,18.90,10.5000,true,1,38634
8717677336654,false,טוניס - שוקולד חלב מעולה עם שברי קרמל מלוח,טוניס/שוקולונלי,NL,שוקולד טוניס קרמל מלח ים 180 גרם,גרמים,180.00,100 גרם,false,15,18.90,10.5000,true,1,38635
8717677336661,false,טוניס שוקולד מריר מעולה 70% 180 גרם רבנות - נוכרי,טוניס/שוקולונלי,NL,שוקולד טוניס 70% מריר 180 גרם,גרמים,180.00,100 גרם,false,15,18.90,10.5000,true,1,38636
8717677338436,false,שוקולד חלב עם אגוזי לוז טוניס' שוקולונלי 180 גרם,טוניס/שוקולונלי,NL,שוקולד טוניס חלב אגוזי לוז 180 גרם,גרמים,180.00,100 גרם,false,15,18.90,10.5000,true,1,38637
8717903961254,false,רוטב טורקי שווארמה 2,פוטורוס פוד,NL,רוטב טורקי לשוארמה 265 מל ילדריז,מיליליטרים,265.00,"100 מ""ל",false,6,12.90,4.8679,true,1,36923
8717903962459,false,רוטב נורווגי חרדל שמ,,NL,רוטב נורווגי חרדל ושמיר 265 מל ילדריז,מיליליטרים,265.00,"100 מ""ל",false,6,16.90,6.3774,true,1,36925
8718114734484,false,מיונז מאילי 320 גר צ,יונילבר צרפת,FR,מיונז מאילי דיזון 320 גר צנצנת,גרמים,320.00,100 גרם,false,1,15.90,4.9688,true,1,8161
8718692610828,true,שלישיית בקבוקים צבעו,,,שלישיית בקבוקים צבעו,Each,0.00,Each,false,,59.90,0.0000,true,1,12182
8718692610835,true,שלישיית בקבוקים סודה,,,שלישיית בקבוקים סודה,Each,0.00,Each,false,,59.90,0.0000,true,1,16265
8718692611979,true,סירופ סודה סטרים דיא,,,סירופ סודה סטרים דיא,Each,0.00,Each,false,,22.90,0.0000,true,1,20926
8718692619456,true,מכשיר סודה ספיריט לב,,,מכשיר סודה ספיריט לב,Each,0.00,Each,false,,499.00,0.0000,true,1,20013
8718692619463,true,מכשיר סודה ספיריט שח,,,מכשיר סודה ספיריט שח,Each,0.00,Each,false,,499.00,0.0000,true,1,20015
8718951030169,false,"קולגייט סנסיטיב הלבנה המסייעת בהגנה לשיניים רגישות 75 מ""ל",קולגייט Colgate,PL,מש.שיניים קולגייט סנסטייב הלבנה 75מל,מיליליטרים,75.00,"100 מ""ל",false,48,17.90,23.8667,true,1,32841
8718951030206,false,"קולגייט סנסיטיב פרוטקשן משחת שיניים לשיניים רגישות 75 מ""ל",קולגייט-פלמוליב,PL,מש.שיניים קולגייט סנסטייב ש.רגישות 75מל,מיליליטרים,75.00,"100 מ""ל",false,48,17.90,23.8667,true,1,32840
8718951048669,false,אג'קס ספריי לניקוי חלונות בניחוח חגיגת הפרחים,SAS-VA COLGATE-PALMOLIVE,GR,מרסס אגקס חלונות 750מל בניחוח פרחים,מיליליטרים,750.00,"100 מ""ל",false,1,11.90,1.5867,true,1,47187
8718951166288,true,מש.שיניים קולגייט מק,,,מש.שיניים קולגייט מק,Each,0.00,Each,false,,17.90,0.0000,true,1,24595
8718951166561,true,מש.שיניים קולגייט מק,,,מש.שיניים קולגייט מק,Each,0.00,Each,false,,17.90,0.0000,true,1,24594
8718951228801,true,מש.שינים קולגייט מקס,,,מש.שינים קולגייט מקס,Each,0.00,Each,false,,17.90,0.0000,true,1,27231
8718951236790,true,משחת שיניים קולגייט,,,משחת שיניים קולגייט,Each,0.00,Each,false,,16.90,0.0000,true,1,26318
8718951236806,true,משחת שיניים קולגייט,,,משחת שיניים קולגייט,Each,0.00,Each,false,,16.90,0.0000,true,1,26317
8718951236813,true,משחת שיניים קולגיט ט,,,משחת שיניים קולגיט ט,Each,0.00,Each,false,,16.90,0.0000,true,1,26316
8718951240742,true,משחת שיניים קולגייט,,,משחת שיניים קולגייט,Each,0.00,Each,false,,16.90,0.0000,true,1,26319
8718951248656,false,"פלמוליב תחליב רחצה פרוטאין 500 מ'""ל",שסטוביץ,TR,תחליב רחצה פלמוליב פרוטאין 500מל,מיליליטרים,500.00,"100 מ""ל",false,1,16.90,3.3800,true,1,35930
8718951259409,false,"פלמוליב תחליב רחצה נטורלס לעור עדין 750 מ""ל",קולגייט פלמוליב,IT,תחליב רחצה פלמוליב נטורלס לחות מוגברת,מיליליטרים,750.00,"100 מ""ל",false,1,16.90,2.2533,true,1,50712
8718951264618,true,משחת שיניים קולגייט,,,משחת שיניים קולגייט,Each,0.00,Each,false,,25.90,0.0000,true,1,32842
8718951265103,true,מברשת שיניים קולגייט,,,מברשת שיניים קולגייט,Each,0.00,Each,false,,25.90,0.0000,true,1,29292
8718951289833,true,מארז סבון פלמוליב מו,,,מארז סבון פלמוליב מו,Each,0.00,Each,false,,16.90,0.0000,true,1,30973
8718951313927,false,"סבון ידיים משאבה פלמוליב חימר טונוס 300 מ""ל",פלמוליב Palmolive,TR,סבון ידיים פלמוליב חימר טונוס 300מל,מיליליטרים,300.00,"100 מ""ל",false,1,11.90,3.9667,true,1,35092
8718951314009,false,"סבון נוזלי פלמוליב פטל שחור 750 מ""ל",קולגייט פלמוליב,TR,אלסבון פלמוליב משאבה פטל שחור 750 מל,מיליליטרים,750.00,"100 מ""ל",false,1,16.90,2.2533,true,1,45672
8718951314023,false,פלמוליב נטורלס תחליב רחצה אפרסק 750 מל,קולגייט פלמוליב,TR,אלסבון פלמוליב משאבה אפרסק 750 מל,מיליליטרים,750.00,"100 מ""ל",false,1,16.90,2.2533,true,1,45673
8718951315303,true,משחת שיניים קולגייט,,,משחת שיניים קולגייט,Each,0.00,Each,false,,19.90,0.0000,true,1,33795
8718951320093,false,זוג מברשות 360 אדוונס וויט שיניים קולגייט,קולגייט-פלמוליב,CN,מברשת שיניים קולגייט אדוונס וויט זוג,יחידה,2.00,יחידה,false,1,25.90,12.9500,true,1,33785
8718951329218,false,"ספיד סטיק 24/7 לסס ספריי גו 150 מ""ל",קולגייט פלמוליב,RU,דאו.ספיד סטיק ספריי גו 150מל לגבר,מיליליטרים,150.00,"100 מ""ל",false,1,15.90,10.6000,true,1,34546
8718951329249,false,ליידי ספיד סטיק פירלס ספריי 150 מל לאשה,קולגייט פלמוליב,RU,דאו.ספיד סטיק ספריי פירלט 24/7 150מל,מיליליטרים,150.00,"100 מ""ל",false,1,15.90,10.6000,true,1,34542
8718951329270,false,"ספיד סטיק ספריי מהדורה מוגבלת פלי 150 מ""ל",ספיד סטיק,RU,דאו.ספיד סטיק ספריי פליי 150מל לגבר,מיליליטרים,150.00,"100 מ""ל",false,1,15.90,10.6000,true,1,34545
8718951329300,false,"דאורדורנט ליידי ספייד סטיק לימיטלס 150 מ""ל",קולגייט פלמוליב,RU,דאו.ספיד סטיק ספריי לימטלס 24/7 150מל,מיליליטרים,150.00,"100 מ""ל",false,1,15.90,10.6000,true,1,34544
8718951333048,false,"פלמוליב סבון לידיים למטבח, 300 מ""ל",הנסיך- מפעל לייצור ט,IT,סבון ידיים פלמוליב למטבח 300מל,מיליליטרים,300.00,"100 מ""ל",false,1,11.90,3.9667,true,1,38271
8718951334069,false,"אג'קס טריגר שירותים 500 מ""ל",שסטוביץ,GR,מרסס אגקס שירותים טריגר 500מל,מיליליטרים,500.00,"100 מ""ל",false,12,11.90,2.3800,true,1,49302
8718951334090,false,"סופלין מרכך כביסה מרוכז כחול 650 מ""ל",סופלין Soupline,GR,מרכך כביסה סופלין מרוכז כחול 650מל,מיליליטרים,650.00,"100 מ""ל",false,12,10.90,1.6769,true,1,32853
8718951334120,false,"סופלין מרכך כביסה מרוכז לבנדר 650 מ""ל",סופלין Soupline,GR,מרכך כביסה סופלין מרוכז לבנדר 650מל,מיליליטרים,650.00,"100 מ""ל",false,12,10.90,1.6769,true,1,32854
8718951334465,true,מרכך כביסה סופלין מר,,,מרכך כביסה סופלין מר,Each,0.00,Each,false,,18.90,0.0000,true,1,32851
8718951338128,false,"ליידי ספיד סטיק רול און שאוור פרש 50 מ""ל",קולגייט פלמוליב,IT,דאו. ליידי ספיד סטיק רול און שאור פרש 50,Unknown,0.00,Unknown,false,1,15.90,0.0000,true,1,40613
8718951338364,false,ספריי ניקוי אנטיבקטריאלי בניחוח תפוח,קולגייט פלמוליב,GR,מרסס אגקס טריגר פיור הום תפוח 500מל,מיליליטרים,500.00,"100 מ""ל",false,1,11.90,2.3800,true,1,35928
8718951338395,false,"אגקס תגריד פיור הום סמבוק שחור 500 מ""ל",קולגייט פלמוליב,GR,מרסס אגקס טריגר פיור הום סמבוק שחור500מל,מיליליטרים,500.00,"100 מ""ל",false,1,11.90,2.3800,true,1,35929
8718951345119,false,נוזל לניקוי רצפות וכללי היביסקוס 2 ליטר,הנסיך- מפעל לייצור ט,GR,נוזל אגקס ניקוי כללי עוצמת ה7 היביסקוס2ל,ליטרים,2.00,ליטר,false,1,23.90,11.9500,true,1,37135
8718951354807,false,נוזל רצפות אגקס חגיגת הפרחים יסמין 1.5 ל,קולגייט פלמוליב,GR,נוזל ניקוי כללי אגקס יסמין ח. פרחים 1.5ל,ליטרים,1.50,ליטר,false,1,16.90,11.2667,true,1,35931
8718951365865,false,קולגייט זוג מברשות עם סיבי פחם בצפיפות ג,קולגייט פלמוליב,PL,מברשת שיניים קולגייט סיבי פחם זוג,יחידה,2.00,יחידה,false,1,32.90,16.4500,true,1,39978
8718951377998,false,קולגייט סופט פואם זוג מברשות שיניים לניק,קולגייט פלמוליב,CN,מברשת שיניים קולגייט סופטנס זוג,יחידה,2.00,יחידה,false,1,25.90,12.9500,true,1,36680
8718951385290,false,נוזל לניקוי כללי ורצפות אג'קס 2 ליטר,קולגייט פלמוליב,GR,נוזל לניקוי כללי אגקס כחול 2 ל,ליטרים,2.00,ליטר,false,1,23.90,11.9500,true,1,38002
8718951391253,false,אג'קס אנטי בקטריאלי ניקוי רצפות מרענן כחול 1.5 ליטר,קולגייט-פלמוליב,GR,נוזל אגקס 1.5ליטר אנטיבקטריאלי מרענן כחו,מיליליטרים,1500.00,"100 מ""ל",false,8,21.90,1.4600,true,1,38267
8718951391284,false,נוזל אנטיבקטריאלי לניקוי כללי ורצפות רעננות הים,קולגייט-פלמוליב,GR,נוזל אגקס 1.5ליטר אנטיבקטריאלי אוקיינוס,מיליליטרים,1500.00,"100 מ""ל",false,8,21.90,1.4600,true,1,38268
8718951391314,false,"מרסס אגקס טריגר אנטי בקטריאלי 500 מ""ל",קולגייט-פלמוליב,GR,מרסס אגקס אנט בקטריאלי 500מל,מיליליטרים,500.00,"100 מ""ל",false,1,11.90,2.3800,true,1,38270
8718951400474,false,"תחליב רחצה קמליה ושקדים ללא משאבה750 מ""ל פלמולי",קולגייט פלמוליב,TR,תחליב רחצה פלמוליב קמליה שקדים 750מל ללא,מיליליטרים,750.00,"100 מ""ל",false,1,16.90,2.2533,true,1,49319
8718951400597,false,"תחליב רחצה קוקוס וחלב ללא משאבה750 מ""ל פלמוליב",קולגייט פלמוליב,TR,תחליב רחצה פלמוליב קוקוס חלב 750מל ללא,מיליליטרים,750.00,"100 מ""ל",false,1,16.90,2.2533,true,1,49318
8718951409798,false,זוג מברשות שיניים מקס וויט פחם קולגייט,הנסיך- מפעל לייצור ט,PL,מברשת שיניים קולגייט מקס וויט פחם זוג,יחידה,2.00,יחידה,false,12,24.90,12.4500,true,1,39549
8718951415836,false,קולגייט מי פה פלאקס פחם לחיוך לבן 500 מל,קולגייט Colgate,PL,מי פה קולגייט פלקס פחם 500מל,מיליליטרים,500.00,"100 מ""ל",false,1,24.90,4.9800,true,1,39979
8718951431614,false,"סבון רחצה פלמוליב סו פירם מינרלים משאבה 750 מ""ל",קולגייט פלמוליב,TR,אלסבון פלמוליב משאבה סו פירם מינרלים 750,מיליליטרים,750.00,"100 מ""ל",false,1,16.90,2.2533,true,1,43480
8718951433120,false,קולגייט טוטאל משחת שיניים לילדים לגילאי,קולגייט פלמוליב,PL,משחת שיניים קולגייט טוטל גוניור 50מל,Unknown,0.00,Unknown,false,12,16.90,0.0000,true,1,49849
8718951443358,false,"סבון ידיים פלמוליב מארז שלישייה 900 מ""ל",CP - Turkey+60,TR,מארז 3יח סבון ידיים פלמוליב 300מל,מיליליטרים,900.00,"100 מ""ל",false,6,24.90,2.7667,true,1,39550
8718951443396,false,"סבון ידיים חלב ודבש פלמוליב מארז 3*300 מ""ל",CP - Turkey+60,TR,מארז 3יח סבון ידיים פלמוליב חלב דבש 300,מיליליטרים,900.00,"100 מ""ל",false,6,24.90,2.7667,true,1,39551
8718951470323,false,קולגייט סופט פואם פחם זוג מברשות שיניים,קולגייט פלמוליב,CN,מברשת שיניים קולגייט סופט פואם פחם זוג,יחידה,2.00,יחידה,false,1,25.90,12.9500,true,1,49300
8718951470538,false,קולגייט משחת שיניים מקס פרש ביטיוב 125*2 כשלפ,קולגייט פלמוליב,PL,מארז 2יח משחת שיניים קולגייט מקס פרש 125,מיליליטרים,250.00,"100 מ""ל",false,24,29.90,11.9600,true,1,47628
8718951477384,false,"קולגייט משחת שיניים טוטאל ג'ל מתקדם פיור 75 מ""ל",קולגייט פלמוליב,PL,משחת שיניים קולגייט טוטל גל 75מל,מיליליטרים,75.00,"100 מ""ל",false,48,19.90,26.5333,true,1,46907
8718951509627,false,"קולגייט אופטיק וייט לאוהבי קפה ותה משחת שיניים 75 מ""ל",קולגייט פלמוליב,PL,משחת שיניים קולגייט אופטיק וייט קפה 75מל,Unknown,0.00,Unknown,false,48,25.90,0.0000,true,1,48277
8719128110318,true,סירופ סודה סטרים קול,,,סירופ סודה סטרים קול,Each,0.00,Each,false,,22.90,0.0000,true,1,20917
8719128110332,true,סירופ סודה סטרים אנר,,,סירופ סודה סטרים אנר,Each,0.00,Each,false,,22.90,0.0000,true,1,20922
8719128110363,true,סירופ סודה סטרים אשכ,,,סירופ סודה סטרים אשכ,Each,0.00,Each,false,,22.90,0.0000,true,1,20923
8719128110387,true,סירופ סודה סטרים דיא,,,סירופ סודה סטרים דיא,Each,0.00,Each,false,,22.90,0.0000,true,1,20924
8719128117232,false,"סירופ פפסי 440 מ""ל סודהסטרים",סודה סטרים,IL,סירופ פפסי 440 מל סודה סטרים,מיליליטרים,440.00,"100 מ""ל",false,1,22.90,5.2045,true,1,38904
8719128117249,false,"סירופ פפסי מקס 440 מ""ל סודהסטרים",סודה סטרים,IL,סירופ פפסי מקס 440מל סודה סטרים,מיליליטרים,440.00,"100 מ""ל",false,1,22.90,5.2045,true,1,38903
8719128117256,false,"סירופ סבן אפ 440 מ""ל סודהסטרים",סודה סטרים,IL,סירופ סבנאפ 440 מל סודה סטרים,מיליליטרים,440.00,"100 מ""ל",false,1,22.90,5.2045,true,1,38905
8719128117263,false,"סירופ מירנדה 440 מ""ל סודהסטרים",סודה סטרים,IL,סירופ מירנדה 440 מל סודה סטרים,מיליליטרים,440.00,"100 מ""ל",false,1,22.90,5.2045,true,1,38907
8719128117294,false,"סירופ דייט סבן אפ 440 מ""ל סודהסטרים",סודה סטרים,IL,סירופ סבנאפ דיאט 440מל סודה סטרים,מיליליטרים,440.00,"100 מ""ל",false,1,22.90,5.2045,true,1,38906
8719128118499,false,סודה סטרים - מיכל גז נוסף CQC עד 60 ליטר,,,מיכל גז עד 60ליטר חיבור מהיר,יחידה,1.00,יחידה,false,1,109.90,109.9000,true,1,49885
8719128118734,false,סודה סטרים - מילוי מיכל גז CQC עד 60 ליטר,,,מילוי מיכל גז עד 60 ליטר חיבור מהיר,יחידה,1.00,יחידה,false,1,62.90,62.9000,true,1,49884
8719200997998,true,מרגרינה עם מלח 200גר,,,מרגרינה עם מלח 200גר,Each,0.00,Each,false,,5.10,0.0000,true,1,31546
8719200998001,true,מרגרינה בלי מלח 200,,,מרגרינה בלי מלח 200,Each,0.00,Each,false,,5.10,0.0000,true,1,31547
8719200998018,true,מחמאה בלו בנד 200 גר,,,מחמאה בלו בנד 200 גר,Each,0.00,Each,false,,5.50,0.0000,true,1,31556
8719200998032,true,מרגרינה מזולה גלורי,,,מרגרינה מזולה גלורי,Each,0.00,Each,false,,10.90,0.0000,true,1,31553
8719200998049,true,מרגרינה מזולה רגילה,,,מרגרינה מזולה רגילה,Each,0.00,Each,false,,10.90,0.0000,true,1,31550
8719200998087,true,מרגרינה מחמאה 250גר,,,מרגרינה מחמאה 250גר,Each,0.00,Each,false,,9.50,0.0000,true,1,31557
8719200998094,true,מרגרינה מזולה ללא מל,,,מרגרינה מזולה ללא מל,Each,0.00,Each,false,,7.10,0.0000,true,1,31555
8719200998100,true,מרגרינה מזולה טעם חמ,,,מרגרינה מזולה טעם חמ,Each,0.00,Each,false,,7.10,0.0000,true,1,31554
8720181046605,false,דאב - דאודורנט ספריי לאישה אורגינל כחול 150מל,"יוניליוור אנגליה, דרך קו",TR,דאו. דאב ספריי אורגינל 150 מל,מיליליטרים,150.00,"100 מ""ל",false,1,16.90,11.2667,true,1,37037
8720181046612,false,"דאב - דאודורנט רול און לאישה אורגינל 50 מ""ל","יוניליוור אנגליה, דרך קו",GB,דאב דאו.רולאון אורגינל 50 מל,Unknown,0.00,Unknown,false,1,16.90,0.0000,true,1,39803
8720181204111,false,"אקס תחליב רחצה אפיק פרש 400 מ""ל",יוניליוור ישראלn\טיפוח א,DE,גל רחצה אקס 400 מל אפיק פרש,מיליליטרים,400.00,"100 מ""ל",false,1,12.90,3.2250,true,1,49438
8721200060107,true,וופל בקרסלנד סטרופ ה,,,וופל בקרסלנד סטרופ ה,Each,0.00,Each,false,,12.90,0.0000,true,1,4983
8722100023308,true,מיונז הולנדי גאודס 8,,,מיונז הולנדי גאודס 8,Each,0.00,Each,false,,28.90,0.0000,true,1,6410
8723400756552,false,מארז סוכריות מנטוס Mentos ריינבואו,פרפטי ואן מלה ברדה,NL,מארז 4 יח סוכריות מנטוס רינבוא,יחידה,4.00,יחידה,false,1,11.50,2.8750,true,1,9685
8723400782391,false,סוכ.מיני מנטוס רינבו,,,סוכ.מיני מנטוס רינבוא 178 ג שקית,גרמים,178.00,100 גרם,false,1,13.90,7.8090,true,1,26874
8723400793922,false,מנטוס גליל בטעם דובדבן אריזת רביעיה 150 ג',פרפטי ואן מלה ברדה,NL,מארז 4 יח סוכריות מנטוס דובדבן,יחידה,4.00,יחידה,false,1,11.50,2.8750,true,1,39119
8727500033094,true,קקאו הולנדי בלוקר 25,,,קקאו הולנדי בלוקר 25,Each,0.00,Each,false,,13.90,0.0000,true,1,21183
8801055706440,true,קפה נמס טסטר צויס טו,,,קפה נמס טסטר צויס טו,Each,0.00,Each,false,,12.00,0.0000,true,1,7414
8801055709458,false,אבקה להכנת משקה קפה בטעם קפוצ'ינו קרמל,נסטלה קוריאה - קפה,KR,נסקפה קפוצינו קרמל 10 יח 17 גר,גרמים,170.00,100 גרם,false,1,19.90,11.7059,true,1,47453
8801055709465,false,אבקה להכנת משקה קפה בטעם קפוצ'ינו וניל,נסטלה קוריאה - קפה,KR,נסקפה קפוצינו וניל 10 יח 17 גר,גרמים,170.00,100 גרם,false,1,19.90,11.7059,true,1,47454
8801055709472,false,נסטלה - נסקפה קפוצ'ינו קלאסי 12.50 גרם * 10,נסטלה קוריאה - קפה,KR,נסקפה קפוצינו קלאסי 10 יח 17 גר,גרמים,170.00,100 גרם,false,1,19.90,11.7059,true,1,47455
8801055709489,false,אבקה להכנת משקה קפה בטעם קפוצ'ינו אגוזים,נסטלה קוריאה - קפה,IL,נסקפה קפוצינו אגוזים 10 יח 17 גר,גרמים,170.00,100 גרם,false,1,19.90,11.7059,true,1,47456
8801055709526,false,אבקה להכנת משקה קפה בטעם קפוצ'ינו שוקולד לבן,נסטלה קוריאה - קפה,IL,נסקפה קפוצינו שוקולד לבן 10 יח 17 גר,גרמים,170.00,100 גרם,false,1,19.90,11.7059,true,1,48370
8801085020301,true,אטריות נאמה אודון 20,,,אטריות נאמה אודון 20,Each,0.00,Each,false,,8.50,0.0000,true,1,7145
8802241131664,false,חטיף אצות קלויות עם מלח ים Laverland Crunch,טעמי אסיה Taste of Asia,KR,מארז 9 יח חטיף אצות 40 גר,Unknown,0.00,Unknown,false,1,26.90,0.0000,true,1,20421
8802241132821,false,חטיף אצות קלויות עם מלח 3 * 13.5 ג',"מאן גו'ן פוד בע""מ",KR,מארז 3 יח חטיף אצות 13.50 גר,Unknown,0.00,Unknown,false,1,13.90,0.0000,true,1,21563
8809168840471,false,חטיף אצות מיובשות 9*4.5 גרם,ג'י וואן גלובול נאט,KR,מארז 9 יח חטיף אצות מיובשות 40.50 גר,Unknown,0.00,Unknown,false,12,24.90,0.0000,true,1,38405
8809168840488,false,חטיף אצות מיובשות 4.5ג*3 יחידות,,KR,מארז 3 יח חטיף אצות מיובשות 40.50 גר,Unknown,0.00,Unknown,false,12,11.90,0.0000,true,1,36362
8850038400028,false,רוטב צדפות קטן מאקור,צ'או הוואד,,רוטב צדפות קטן מאקורה 300 מל,מיליליטרים,300.00,"100 מ""ל",false,1,16.90,5.6333,true,1,38154
8850038400073,false,רוטב צדפות קטן מאקור,צ'או הוואד,,רוטב צדפות קטן מאקורה 300 מל,מיליליטרים,300.00,"100 מ""ל",false,1,16.90,5.6333,true,1,11000
8850058000710,true,מחית צילי בשמן 227 ג,,,מחית צילי בשמן 227 ג,Each,0.00,Each,false,,18.00,0.0000,true,1,6384
8850161161247,false,קוקו מקס 100% מי קוקוס 1 ליטר,טויו סייקאן קו.אל.טי.די,TH,משקה מי קוקוס 1ליטר קוקו מקס,ליטרים,1.00,ליטר,false,12,15.90,15.9000,true,1,29010
8850161163081,false,מי קוקוס קוקו עם שבב,ASIATIC AGRO INDUSTR,TH,מי קוקוס קוקו עם שבבים 310 מל,מיליליטרים,310.00,"100 מ""ל",false,12,5.90,1.9032,true,1,46603
8850161166204,false,"קרם קוקוס 17-19% 500 מ""ל - AMPAWA",אמפווה קוקונט פרודקט,TH,קרם קוקוס 17-19% אמפאוה 500 מל בקבוק,מיליליטרים,500.00,"100 מ""ל",false,24,12.90,2.5800,true,1,27284
8850180040028,true,קמח טמפורה 500 גר גו,,,קמח טמפורה 500 גר גו,Each,0.00,Each,false,,10.90,0.0000,true,1,11813
8850206250592,false,רוטב צ'ילי סריראצ'ה 540 גרם,יאן וואל יון קו.לטד,TH,רוטב צילי סיראצה 530 גרם,גרמים,530.00,100 גרם,false,1,19.90,3.7547,true,1,20664
8850206251704,false,רוטב תאילנדי טריאקי300מל,תאצין סאמוטסאקורן,TH,רוטב הלתי בוי טריאקי 300 מל,מיליליטרים,300.00,"100 מ""ל",false,12,9.90,3.3000,true,1,36746
8850206251711,false,"הלטי בוי רוטב הוי סטיר להקפצה 300 מ""ל",Yan Wal Yun Corpora,TH,רוטב הלתי הוי סטיר להקפצה 300 מל,מיליליטרים,300.00,"100 מ""ל",false,12,9.90,3.3000,true,1,36997
8850206251728,false,"הלטי בוי רוטב חמוץ מתוק 300 מ""ל",Yan Wal Yun Corpora,TH,רוטב הלתי בוי שזיפים חמוץ מתוק 300 מל,מיליליטרים,300.00,"100 מ""ל",false,12,9.90,3.3000,true,1,36745
8850206251735,false,רוטב הלתי בוי צילי מ,Yan Wal Yun Corpora,TH,רוטב הלתי בוי צילי מתוק 300 מל,מיליליטרים,300.00,"100 מ""ל",false,12,9.90,3.3000,true,1,36741
8850206251988,false,רוטב צילי צהוב סרירא,Yan Wal Yun Corpora,TH,רוטב צילי צהוב סריראצה 280 גרם,גרמים,280.00,100 גרם,false,12,19.90,7.1071,true,1,35391
8850206280049,false,רוטב צ'ילי חריף מיו 250 גרם,יאן וואל יון קו.לטד,TH,רוטב צילי חריף מיו 250 גרם,גרמים,250.00,100 גרם,false,12,17.90,7.1600,true,1,47562
8850344002480,true,רוטב צילי מתוק עם למ,,,רוטב צילי מתוק עם למ,Each,0.00,Each,false,,10.90,0.0000,true,1,31698
8850367300266,false,תערובת חמשת תבלינים 50 גרם,theppadungporn cocon,TH,תערובת חמשת התבלינים 50 גר,גרמים,50.00,100 גרם,false,1,11.90,23.8000,true,1,48739
8850367990443,true,רוטב לסלט סגנון אסיא,,,רוטב לסלט סגנון אסיא,Each,0.00,Each,false,,11.90,0.0000,true,1,13301
8850367992164,false,קרם קוקוס 250 מל 20-22% ללא חומר משמר,טאפאדונגפורן קוקנט,TH,קרם קוקוס22%ללא חומר משמר 250 מל,מיליליטרים,250.00,"100 מ""ל",false,1,7.90,3.1600,true,1,13055
8850367992171,false,קרם קוקוס 1 ליטר 20-22% ללא חומר משמר,טאפאדונגפורן קוקינט,TH,קרם קוקוס22%ללא חומר משמר1 ל,ליטרים,1.00,ליטר,false,1,24.90,24.9000,true,1,13056
8850367992898,false,"רוטב לסלט עם למון גראס 285 מ""ל TCC (כ) ללא גלוטן",Theppadungporn cocon,,רוטב טי.סי.סי לסלט למון גראס 285 מל,מיליליטרים,285.00,"100 מ""ל",false,1,11.90,4.1754,true,1,17302
8850367994021,false,"רוטב צ'ילי מתוק ללא סוכר מזרח ומערב ללא גלוטן 280 מ""ל",c coconut Theppadungporn,TH,רוטב צילי ללא סוכר טי.סי.סי 280 מל,מיליליטרים,280.00,"100 מ""ל",false,1,11.90,4.2500,true,1,48243
8850367994779,false,מחית קארי ירוקה 50 גרם,טאפאדונגפורן קוקינט,TH,מחית קארי ירוקה טי.סי.סי 50 גרם,Unknown,0.00,Unknown,false,12,6.90,0.0000,true,1,40464
8850367994786,false,מחית קארי אדומה 50 גרם,טאפאדונגפורן קוקינט,TH,מחית קארי אדומה טי.סי.סי 50 גרם,Unknown,0.00,Unknown,false,12,6.90,0.0000,true,1,40463
8850367994793,false,מחית קארי צהובה 50 גרם,c coconut Theppadungporn,TH,מחית קארי צהובה טי.סי.סי 50 גרם,Unknown,0.00,Unknown,false,12,6.90,0.0000,true,1,40465
8850372000472,false,מקלוני שעועית תאילנד,טעמי אסיה Taste of Asia,TH,מקלוני שעועית תאילנדי 200 גרם,גרמים,200.00,100 גרם,false,1,11.90,5.9500,true,1,46590
8850389103159,false,"משקה ליצ'י עם חתיכות גלי קוקוס 320 מ""ל מוגו מוגו",סאפה פובליק קומפני לימיט,TH,משקה מוגו מוגו ליצי 300מל בק.פקדון,מיליליטרים,300.00,"100 מ""ל",false,1,8.90,2.9667,true,1,49206
8850389105849,true,משקה סאפה אלוורה אפר,,,משקה סאפה אלוורה אפר,Each,0.00,Each,false,,15.90,0.0000,true,1,7986
8850389111352,false,"משקה מלון עם חתיכות גלי קוקוס 320 מ""ל מוגו מוגו",סאפה פובליק קומפני לימיט,TH,משקה מוגו מוגו מלון 300מל בק.פקדון,מיליליטרים,300.00,"100 מ""ל",false,1,8.90,2.9667,true,1,49207
8850389115336,true,משקה סאפה אלוורה מלו,,,משקה סאפה אלוורה מלו,Each,0.00,Each,false,,15.90,0.0000,true,1,21783
8850632604266,true,מקלות גומי יוגטה קול,,,מקלות גומי יוגטה קול,Each,0.00,Each,false,,4.50,0.0000,true,1,7886
8850632604372,true,שטיח גומי יוגטה תות,,,שטיח גומי יוגטה תות,Each,0.00,Each,false,,4.50,0.0000,true,1,7887
8850632604402,true,שטיח גומי יוגטה מעור,,,שטיח גומי יוגטה מעור,Each,0.00,Each,false,,4.50,0.0000,true,1,7888
8850632605201,true,שטיח גומי יוגטה חיספ,,,שטיח גומי יוגטה חיספ,Each,0.00,Each,false,,4.50,0.0000,true,1,7994
8850632606390,true,שטיח גומי יוגטה אבטי,,,שטיח גומי יוגטה אבטי,Each,0.00,Each,false,,4.50,0.0000,true,1,11174
8850999112107,false,בירה סינגה 330 מל בקבוק,,,בירה סינגה 330 מל בק. פיקדון,מיליליטרים,330.00,"100 מ""ל",false,1,7.90,2.3939,true,1,31562
8851613101378,false,"נוזל קוקוס ארוי די 250 מ""ל",תאי אגרי פוד פובליק קו'\,TH,מי קוקוס בקרטון 250 מל,מיליליטרים,250.00,"100 מ""ל",false,1,10.90,4.3600,true,1,12154
8851613101385,false,"חלב קוקוס ארוי-די קרטון 500מ""ל",תאי אגרי פוד פובליק קו'\,TH,חלב קוקוס בקרטון 500 מל,מיליליטרים,500.00,"100 מ""ל",false,1,13.90,2.7800,true,1,12155
8851613106106,false,חלב קוקוס ארוי די150,טי אגרי פוד,TH,מי קוקוס 150 מל ארוי די,מיליליטרים,150.00,"100 מ""ל",false,1,7.90,5.2667,true,1,16199
8852072212018,true,ערמוני מים סילביה,,,ערמוני מים סילביה,Each,0.00,Each,false,,14.90,0.0000,true,1,2680
8852116710258,false,אורז קוניו סמפטונג ד,,,אורז קוניו סמפטונג דביק 1 קג,קילוגרמים,1.00,"ק""ג",false,12,14.90,14.9000,true,1,47056
8852511010076,true,מיונז יפני 520 גר קי,,,מיונז יפני 520 גר קי,Each,0.00,Each,false,,60.00,0.0000,true,1,11084
8852633020403,false,פניני טפיוקה 500 גרם (כשר),super j internationa,TH,פניני טפיוקה 500 ג,גרמים,500.00,100 גרם,false,1,11.90,2.3800,true,1,5753
8852633119077,false,רוטב דגים ירוק טעמי,,,רוטב דגים ירוק טעמי אסיה 700 מל,מיליליטרים,700.00,"100 מ""ל",false,1,13.90,1.9857,true,1,21279
8852633520408,true,סוכר דקלים 400 גר,,,סוכר דקלים 400 גר,Each,0.00,Each,false,,15.00,0.0000,true,1,14998
8854404000126,false,קרם קוקוס 18% בלו אל,"בלו ספייס קו. בע""מ",TH,קרם קוקוס 18% בלו אלפנט 400 גרם,מיליליטרים,400.00,"100 מ""ל",false,6,14.90,3.7250,true,1,27105
8854404000225,true,מחית קארי צהוב בלו א,,,מחית קארי צהוב בלו א,Each,0.00,Each,false,,14.90,0.0000,true,1,27072
8854404000522,true,אטריות אורז בלו אלפנ,,,אטריות אורז בלו אלפנ,Each,0.00,Each,false,,10.90,0.0000,true,1,27104
8854404000621,true,מחית קארי ירוק בלו א,,,מחית קארי ירוק בלו א,Each,0.00,Each,false,,14.90,0.0000,true,1,27070
8854404000829,true,מחית קארי מסמאן בלו,,,מחית קארי מסמאן בלו,Each,0.00,Each,false,,14.90,0.0000,true,1,27073
8854404000928,true,מחית למרק טום ים בלו,,,מחית למרק טום ים בלו,Each,0.00,Each,false,,14.90,0.0000,true,1,27074
8854404001055,true,מחית קארי אדום בלו א,,,מחית קארי אדום בלו א,Each,0.00,Each,false,,14.90,0.0000,true,1,27071
8854404001154,true,רוטב דגים בלו אלפנט,,,רוטב דגים בלו אלפנט,Each,0.00,Each,false,,8.90,0.0000,true,1,27103
8854404005213,false,רוטב קארי צהוב בלו א,"בלו ספייס קו. בע""מ",TH,רוטב קארי צהוב בלו אלפנט 300 גרם,גרמים,300.00,100 גרם,false,6,27.90,9.3000,true,1,45635
8854404005237,true,רוטב קארי ירוק בלו א,,,רוטב קארי ירוק בלו א,Each,0.00,Each,false,,27.90,0.0000,true,1,27068
8854404006630,true,רוטב פלפל שחור בלו א,,,רוטב פלפל שחור בלו א,Each,0.00,Each,false,,13.90,0.0000,true,1,27101
8854404007002,false,בסיס להכנת מרק טום י,,,בסיס להכנת מרק טום יאם 250 גרם,גרמים,250.00,100 גרם,false,6,25.90,10.3600,true,1,38716
8854404007071,false,"רוטב פאד תאי בבקבוק 190 מ""ל.B.E","בלו ספייס קו. בע""מ",TH,רוטב פאד תאי בלו אלפנט 190 מל,גרמים,190.00,100 גרם,false,6,13.90,7.3158,true,1,47018
8854404007224,false,"אורז לבן יסמין 1 ק""ג B.E","בלו ספייס קו. בע""מ",TH,אורז יסמין לבן בלו אלפנט 1 קג,קילוגרמים,1.00,"ק""ג",false,6,17.90,17.9000,true,1,45557
8857101301008,true,רוטב צילי מתוק 700 מ,,,רוטב צילי מתוק 700 מ,Each,0.00,Each,false,,9.90,0.0000,true,1,4915
8857106430499,false,"אטריות אורז עם אורז שחור לל""ג 250 גרם",יאמאסה,TH,אטריות אורז עם אורז שחור 250 גרם,גרמים,250.00,100 גרם,false,48,8.90,3.5600,true,1,38557
8858271002870,true,רוטב פאד תאי 250 מל,,,רוטב פאד תאי 250 מל,Each,0.00,Each,false,,11.90,0.0000,true,1,8548
8858271002887,true,רוטב טרייאקי 250 מל,,,רוטב טרייאקי 250 מל,Each,0.00,Each,false,,11.90,0.0000,true,1,8550
8858271003020,false,רוטב סויה פורמולה 1 - 700 מ'ל מקסצ'אפ,יאן ונזל יון,TH,רוטב סויה פורמולה 1 700 מל מקסצאפ,מיליליטרים,700.00,"100 מ""ל",false,1,16.90,2.4143,true,1,8543
8858271003044,false,רוטב סויה כהה פורמולה 5 700 גרם מקסצאפ,מזרח ומערב,,רוטב סויה כהה פורמולה 5 700 מל מקסצאפ,מיליליטרים,700.00,"100 מ""ל",false,1,16.90,2.4143,true,1,8545
8858271003136,true,רוטב פטריות צמחוני 2,,,רוטב פטריות צמחוני 2,Each,0.00,Each,false,,11.90,0.0000,true,1,8551
8858271003921,true,רוטב קארי אדום 250 מ,,,רוטב קארי אדום 250 מ,Each,0.00,Each,false,,11.90,0.0000,true,1,8547
8858271003938,true,רוטב קארי ירוק 250 מ,,,רוטב קארי ירוק 250 מ,Each,0.00,Each,false,,11.90,0.0000,true,1,8546
8858271003945,false,"רוטב קארי צהוב 250 מ""ל מקסצאפ",Yan Wal Yun Corpora,TH,רוטב קארי צהוב 250 מל מקסצאפ,מיליליטרים,250.00,"100 מ""ל",false,12,11.90,4.7600,true,1,37406
8858271004034,false,רוטב צ'ילי חריף 700 מ'ל מקסצ'אפ,דאנינג יוה פודס קו,TH,רוטב צילי חריף 700 מל מקסצאפ,מיליליטרים,700.00,"100 מ""ל",false,1,16.90,2.4143,true,1,8544
8858271004126,false,רוטב חמוץ מתוק 700 מ'ל - מקסצ'אפ,יאן ונזל יון,TH,רוטב חמוץ מתוק 700 מל מקסצאפ,מיליליטרים,700.00,"100 מ""ל",false,1,16.90,2.4143,true,1,8542
8858271004300,true,רוטב טריאקי 700 מל מ,,,רוטב טריאקי 700 מל מ,Each,0.00,Each,false,,21.90,0.0000,true,1,9337
8858271004423,true,רוטב טום יאם 250 מל,,,רוטב טום יאם 250 מל,Each,0.00,Each,false,,11.90,0.0000,true,1,9506
8858271004461,true,מחית תמרינד מאקסצאפ,,,מחית תמרינד מאקסצאפ,Each,0.00,Each,false,,24.00,0.0000,true,1,14993
8858271004799,false,"רוטב צילי מתוק אל פורפסיס 700 מ""ל",יאן ונזל יון,TH,רוטב צילי מתוק 700 מל מקסצאפ כשלפ,מיליליטרים,700.00,"100 מ""ל",false,1,12.90,1.8429,true,1,11702
8858271005451,true,רוטב סויה 250 מל מק,,,רוטב סויה 250 מל מק,Each,0.00,Each,false,,11.90,0.0000,true,1,13302
8858271005499,false,"רוטב ברביקיו 250 מ""ל מקצ'אפ",Yan Wal Yun Corpora,,רוטב בקביקיו 250 מל מקסצאפ,מיליליטרים,250.00,"100 מ""ל",false,1,11.90,4.7600,true,1,13303
8888757101506,true,שמן שומשום טהור 150,,,שמן שומשום טהור 150,Each,0.00,Each,false,,12.00,0.0000,true,1,2770
8901138500306,false,משחת שיניים איורודית עם פלואוריד מן הטבע,הימלאיה Himalaya,IN,משחת שיניים הימלאיה 100 גרם,גרמים,100.00,100 גרם,false,1,17.90,17.9000,true,1,20354
8901537024014,false,"אורז בסמטי מובחר 1 ק""ג - דוואט) יורה דיעה",הנסיך- מפעל לייצור ט,IN,אורז בסמטי מובחר 1 קג דאוואט,קילוגרמים,1.00,"ק""ג",false,1,13.90,13.9000,true,1,6958
8901537076679,true,אורז בסמטי דאוואט מל,,,אורז בסמטי דאוואט מל,Each,0.00,Each,false,,14.90,0.0000,true,1,22755
8906000596999,true,אורז בסמטי מלא מיתאס,,,אורז בסמטי מלא מיתאס,Each,0.00,Each,false,,11.90,0.0000,true,1,16448
8934878081736,false,"איטריות אורז 3 מ""מ 450 ג",Chanh Khang Company,VN,אטריות אורז 3 ממ רחבות 454 ג,גרמים,400.00,100 גרם,false,1,10.90,2.7250,true,1,10730
8934878081798,true,דפי אורז עגול 16 סמ,,,דפי אורז עגול 16 סמ,Each,0.00,Each,false,,13.90,0.0000,true,1,10538
8934878081811,true,דפי אורז עגול 22סמ 4,,,דפי אורז עגול 22סמ 4,Each,0.00,Each,false,,13.90,0.0000,true,1,10537
8934878081866,true,דפי אורז מרובע 22סמ,,,דפי אורז מרובע 22סמ,Each,0.00,Each,false,,13.90,0.0000,true,1,14992
8934878082238,true,דפי אורז 22 סמ 100 ג,,,דפי אורז 22 סמ 100 ג,Each,0.00,Each,false,,6.90,0.0000,true,1,12848
8936144250105,false,מי קוקוס אורגניים וי,,VN,ויקו מי קוקוס אורגני 100% 1 ליטר,ליטרים,1.00,ליטר,false,12,18.90,18.9000,true,1,40683
8938535541366,false,דפי אורז צבעוניים ללא גלוטן 400 גרם,Ltd Company Khang .Chanh,VN,דפי אורז צבעוני עגול 22 סמ 400 גרם,גרמים,400.00,100 גרם,false,25,14.90,3.7250,true,1,38560
8992772485012,false,מארז 10יח מסכות פנים,,,מארז 10יח מסכות פנים,יחידה,10.00,יחידה,false,1,8.90,0.8900,true,1,35018
9000101329322,false,סבון אסלה בניחוח מתחלף תפוח נופר 50 ג' ברף,הנקל סוד,RS,סבון אסלה ברף ניחוח מתחלף תפוח נופר 50גר,Unknown,0.00,Unknown,false,10,9.90,0.0000,true,1,44664
9000101329742,false,סבון אסלה בניחוח מתחלף אפרסק תפוח 50 ג' ברף,הנקל סוד,RS,סבון אסלה ברף ניחוח מתחלף אפרסק תפוח50גר,Unknown,0.00,Unknown,false,10,9.90,0.0000,true,1,44665
9000101372878,false,קפסולות דיסקס לניקוי כביסה לבנה וצבעונית Deep Clean,פרסיל Persil,HU,קפסולות פרסיל דיסקס לכביסה לבנה 22יח,יחידה,22.00,יחידה,false,6,34.90,1.5864,true,1,39768
9000101375268,false,ברף דלקס שלישייה ניחוח יסמין,הנקל,RS,מארז 3 יח סבון אסלה סוד ברף יסמין מתחלף,יחידה,3.00,יחידה,false,1,14.90,4.9667,true,1,50281
9000101375299,false,ברף דלקס שלישייה ניחוח מגנוליה,הנקל,RS,מארז 3 יח סבון אסלה סוד ברף מגנוליה מתחל,יחידה,3.00,יחידה,false,1,14.90,4.9667,true,1,50280
9000101380255,false,פרסיל דיסקס לכביסה ניקיון היגייני 22 יחידות,פרסיל Persil,HU,קפסולות פרסיל דיסקס ניקיון היגייני 22יח,יחידה,22.00,יחידה,false,6,34.90,1.5864,true,1,44656
9000101417050,false,סבון אסלה ברף דלקס מונפלאוור 50 גרם,הנקל,RS,סבון אסלה סוד ברף דלקס מונפלאוור כדוריות,Unknown,0.00,Unknown,false,1,8.90,0.0000,true,1,35428
9000101417081,false,סבון אסלה ברף דלקס מגנוליה 50 גרם,הנקל,RS,סבון אסלה סוד ברף דלקס מגנוליה כדוריות,Unknown,0.00,Unknown,false,1,8.90,0.0000,true,1,35430
9000101418163,false,"סבון אסלה בניחוח מתחלף תפוח ירוק נופר, 3 יחידות",ברף Bref,RS,מארז 3 יח סבון אסלה סוד ברף תפוח מתחלף,יחידה,3.00,יחידה,false,1,14.90,4.9667,true,1,48478
9000101504484,false,קולור קאצר +ניקיון הגייני 10 שקיות,"הנקל סוד בע""\מ",HU,דפי קולור קאצר ניקיון היגייני 10שקיות,יחידה,10.00,יחידה,false,1,15.90,1.5900,true,1,39767
9000101509151,false,ברף - סבון אסלה ג'ל אוקיינוס הקרח הצפוני שלשות,הנקל,RS,מארז 3יח סבון אסלה ברף בריליאנט אוקיינוס,יחידה,3.00,יחידה,false,1,14.90,4.9667,true,1,51523
9000101511635,false,קפסולות ג'ל לכביסה פרסיל דיסקס לעור רגיש,פרסיל Persil,HU,פרסיל דיסקס סנסיטיב 22יח,יחידה,22.00,יחידה,false,6,34.90,1.5864,true,1,48449
9000101512526,false,פרסיל - פאוור קאפס קפסולות ג'ל מרוכזות לכביסה 26 יח',קריות זול,RS,קפסולות פרסיל פאוור כביסה לבנה צבע 26יח,יחידה,26.00,יחידה,false,6,34.90,1.3423,true,1,44660
9000101520965,false,"סבון אסלה בניחוח מתחלף לוטוס עדין במבוק, 3 יחידות",ברף Bref,RS,מארז 3 יח סבון אסלה סוד ברף לוטוס מתחלף,יחידה,3.00,יחידה,false,1,14.90,4.9667,true,1,48477
9000101521436,false,סבון אסלה בניחוח מתחלף לוטוס במבוק 50 ג' ברף,הנקל סוד,RS,סבון אסלה ברף ניחוח מתחלף לוטוס במבו50גר,Unknown,0.00,Unknown,false,10,9.90,0.0000,true,1,44666
9000101537550,false,פרסיל קאפסולות לכביסה לבנה וצבעונית 52 יח',הנקל סוד,HU,קפסולות גל כב. פרסיל פאוור 52יח,יחידה,52.00,יחידה,false,4,49.90,0.9596,true,1,49415
9000101537581,false,פרסיל קאפסולות לכביסה צבעונית 52 יחידו,הנקל סוד,HU,קפסולות גל כב. פרסיל פאוור 52יח,יחידה,52.00,יחידה,false,4,49.90,0.9596,true,1,49416
9000101548419,false,קולור קאצ`ר דפים למכונת לכביסה מחדש צבע לבן 18 יח',"הנקל סוד בע""\מ",IE,דפים למכונת כביסה למניעת מעבר צבעים 18דף,יחידה,18.00,יחידה,false,12,15.90,0.8833,true,1,50282
9001616702877,true,זוג מוצצי מאמ סיליקו,,,זוג מוצצי מאמ סיליקו,Each,0.00,Each,false,,34.90,0.0000,true,1,24003
9001616703010,true,בקבוק האכלה לתינוק מ,,,בקבוק האכלה לתינוק מ,Each,0.00,Each,false,,34.90,0.0000,true,1,24009
9002100017897,false,מרק מגי עוף צח עם אט,נסטלה,SK,מרק מגי עוף צח עם אטריות 63 גרם,Unknown,0.00,Unknown,false,16,8.90,0.0000,true,1,37697
9002859018800,true,מיץ לימון טבעי צהוב,,,מיץ לימון טבעי צהוב,Each,0.00,Each,false,,4.50,0.0000,true,1,8498
9002859050671,false,לבבות שוקולד ברשת 100 גרם גונץ,GUNZ WARENHANDELS,DE,לבבות שוקולד גונץ ברשת 100 גרם,גרמים,100.00,100 גרם,false,24,11.00,11.0000,true,1,10952
9002859054099,true,בונ.מוצרט כדורים משו,,,בונ.מוצרט כדורים משו,Each,0.00,Each,false,,32.90,0.0000,true,1,8181
9002859061240,false,ניקו - שבבי בצל מטוגן 250 גרם,GUNZ WARENHANDELS,,שבבי בצל מטוגן 250 גר ניקו,גרמים,250.00,100 גרם,false,1,10.90,4.3600,true,1,9316
9002859067570,true,דפדפי שוקולד תפוז 20,,,דפדפי שוקולד תפוז 20,Each,0.00,Each,false,,18.00,0.0000,true,1,10108
9002975393812,false,סוכריות גילי הריבו האפי צירי 70 גרם,"האריבו , ג'\י.אם.בי.אייץ",AT,סוכריות גומי הריבו הפי צירי 70 גרם,Unknown,0.00,Unknown,false,30,6.90,0.0000,true,1,38568
9002975393829,false,סוכריות גילי הריבו פיציס 70 גרם,"האריבו , ג'\י.אם.בי.אייץ",AT,סוכריות גומי הריבו פיציס 70 גרם,Unknown,0.00,Unknown,false,30,6.90,0.0000,true,1,38570
9002975393836,false,סוכריות גילי הריבו האפי קולה 70 גרם,"האריבו , ג'\י.אם.בי.אייץ",AT,סוכריות גומי הריבו הפי קולה 70 גרם,Unknown,0.00,Unknown,false,30,6.90,0.0000,true,1,38569
9002975393843,false,סוכריות גילי הריבו גולדברס 70 גרם,"האריבו , ג'\י.אם.בי.אייץ",AT,סוכריות גומי הריבו גולדברס 70 גרם,Unknown,0.00,Unknown,false,30,6.90,0.0000,true,1,38567
9002975393850,false,סוכריות גילי הריבו וורמס 70 גרם,"האריבו , ג'\י.אם.בי.אייץ",AT,סוכריות גומי הריבו וורמס 70 גרם,Unknown,0.00,Unknown,false,30,6.90,0.0000,true,1,38571
9003400304939,true,בירה שטיגל וייז חיטה,,,בירה שטיגל וייז חיטה,Each,0.00,Each,false,,11.90,0.0000,true,1,17791
9003402660088,true,בירה שטיגל גולדברו 5,,,בירה שטיגל גולדברו 5,Each,0.00,Each,false,,10.00,0.0000,true,1,23371
9003402663089,true,בירה שטיגל רדלר 500מ,,,בירה שטיגל רדלר 500מ,Each,0.00,Each,false,,7.90,0.0000,true,1,23372
9005835312626,false,קלרו 50 טבליות למדיח ללא פוספטים,יעקובי,AT,טבליות למדיח כלים קלרו 50 יח,קילוגרמים,1.00,"ק""ג",false,4,49.90,49.9000,true,1,30554
9005835312640,false,קלרו 80 טבליות למדיח ללא פוספטים,יעקובי,AT,טבליות למדיח כלים קלרו 80 יח,יחידה,80.00,יחידה,false,4,69.90,0.8738,true,1,30669
9005835312718,false,"קלרו פירמידה מלח למדיח כלים 1 ק""ג CLARO",יעקובי,AT,מלח למדיח כלים קלרו 1 קג,קילוגרמים,1.00,"ק""ג",false,5,14.90,14.9000,true,1,30556
9005835312732,false,"קלרו נוזל הברקה למדיח כלים 500 מ""ל CLARO",יעקובי,AT,נוזל הברקה למדיח כלים קלרו 500מל,מיליליטרים,500.00,"100 מ""ל",false,12,14.90,2.9800,true,1,30557
9005835312756,false,"קלרו ניקוי יסודי למדיח כלים 250 מ""ל CLARO",יעקובי,AT,נוזל ניקוי למדיח כלים קלרו 250מל,מיליליטרים,250.00,"100 מ""ל",false,6,14.90,5.9600,true,1,30558
9005835313661,false,טבליות ניקוי וחיטוי למדיח99.9% קלרו 30 יח',רלוי,AT,טבליות למדיח כלים קלרו 30 יח,יחידה,30.00,יחידה,false,5,29.90,0.9967,true,1,41210
9028800639962,true,בירה אדלווייס הפטרוב,,,בירה אדלווייס הפטרוב,Each,0.00,Each,false,,12.90,0.0000,true,1,11711
9044400822320,false,מארז פז בובה + 10 סוכריות 85 גר,פז פרודוקשיין,HU,סוכריות פז 10יח +בובה שקית,Unknown,0.00,Unknown,false,1,14.90,0.0000,true,1,39990
9044400848931,false,מזודה פז מניונים 51 גרם,PEZ,HU,מזוודת פז מיניונים,Unknown,0.00,Unknown,false,1,59.90,0.0000,true,1,49698
9044400849105,false,סוכריות פז בשקית 10+1 85 גר,פז פרודוקשיין,HU,סוכריות פז 10יח +בובה שקית,Unknown,0.00,Unknown,false,1,14.90,0.0000,true,1,50018
9044400851672,false,סוכריות פז סוגים שונים + 3 מילויים,פז פרודקשיין יורו,HU,סוכריות דמויות פז,Unknown,0.00,Unknown,false,1,13.00,0.0000,true,1,48396
9044400885578,false,סוכ.פז מילוי ט.פירות68גר,סוכריות פז,HU,סוכריות פז מילוי פירות שמיניה,Unknown,0.00,Unknown,false,1,10.00,0.0000,true,1,50017
9120025834723,false,חטיף אוראו מצונן 120 גרם רבנות,בובארד איטליה אס.פי.,IT,חטיף אוראו קפוא 120גר,גרמים,120.00,100 גרם,false,14,14.90,12.4167,true,1,50186
9120025839896,false,חטיף מילקה מצונן 128 גרם,בובארד איטליה אס.פי.,IT,חטיף מילקה קפוא 128גר,גרמים,128.00,100 גרם,false,14,14.90,11.6406,true,1,50358
9120097310583,false,חטיף שוקו בננה מיניונים מצונן 108 גרם רבנות,בובארד איטליה אס.פי.,IT,חטיף שוקו בננה מיניונים 108גר קפוא,גרמים,108.00,100 גרם,false,14,14.90,13.7963,true,1,50189
9123456789105,true,חולץ יין פלנרו,,,חולץ יין פלנרו,Each,0.00,Each,false,,19.90,0.0000,true,1,8596
9123456789198,true,מארז 4 פותחנים,,,מארז 4 פותחנים,Each,0.00,Each,false,,10.90,0.0000,true,1,7014
9310072025155,false,ביסקויט טים טם שוקול,ארנולטס,AU,ביסקויט טים טם שוקולד לבן 165 גרם,גרמים,165.00,100 גרם,false,24,16.90,10.2424,true,1,36944
9310072028743,false,טים טם ביסקוויט במילוי שוקולד 200 גרם,"ארנוטס ביסקוויטס בע""",AU,ביסקויט טים טם אורגינל 200 ג,גרמים,200.00,100 גרם,false,24,16.90,8.4500,true,1,15933
9310072028750,false,טים טם Tim Tam וופל שוקולד ציפוי כפול,"ארנוטס ביסקוויטס בע""",AU,ביסקויט טים טם דאבל 200 ג,גרמים,200.00,100 גרם,false,24,16.90,8.4500,true,1,15603
9312931720300,true,סכיני גילוח שיק אינט,,,סכיני גילוח שיק אינט,Each,0.00,Each,false,,32.90,0.0000,true,1,22614
9322969000015,false,פריכיות תירס בטעם אורגינל ריל פודס 150 ג',אף.סי תבליני בגליל ב,AU,פרכיות תירס אורגינל 150 גר,גרמים,150.00,100 גרם,false,1,12.90,8.6000,true,1,1787
9322969000022,false,"ריל פוד פריכיות תירס עם סויה וזרעי פשתן, ללא גלוטן 150 גרם",אף.סי תבליני בגליל ב,AU,פרכיות תירס סויה וזרעי פשתן 150 גר,גרמים,150.00,100 גרם,false,1,12.90,8.6000,true,1,1790
9322969000046,false,פריכיות תירס שומשום אורגני ריל פודס 150 ג',אף.סי תבליני בגליל ב,AU,פרכיות תירס אורגני שומשום 150 גר,גרמים,150.00,100 גרם,false,1,12.90,8.6000,true,1,1789
9322969000053,false,פריכיות אורז מלא ריל פוד 150 גרם,סנו מפעלי ברונוס.,IT,פרכיות אורז מלא 150 גר,גרמים,150.00,100 גרם,false,1,12.90,8.6000,true,1,46113
9324054906394,false,כלורוקס מגבוני ניקוי אקספרט פלופאק 30 יח,כלורקס,US,מגבוני כלורקס אקספרט 30יח פלופאק,יחידה,30.00,יחידה,false,30,11.90,0.3967,true,1,44647
9324054906400,false,כלורוקס מגבוני ניקוי אקספרט במיכל 30 יח,כלורקס,US,מגבוני כלורקס אקספרט 30יח במיכל,יחידה,30.00,יחידה,false,30,18.90,0.6300,true,1,44646
9330344004473,true,סכיני גילוח שיק הייד,,,סכיני גילוח שיק הייד,Each,0.00,Each,false,,29.90,0.0000,true,1,31898
9771565039125,true,חוברת לאישה,,,חוברת לאישה,Each,0.00,Each,false,,21.90,0.0000,true,1,2644
9771565039156,false,חוברת לאישה,,,חוברת לאישה,Unknown,0.00,Unknown,false,1,21.90,0.0000,true,1,2759
9771565051011,true,עיתון ידיעות אחרונות,,,עיתון ידיעות אחרונות,Each,0.00,Each,false,,20.00,0.0000,true,1,1727
9771565051035,true,עיתון ידיעות אחרונות,,,עיתון ידיעות אחרונות,Each,0.00,Each,false,,20.00,0.0000,true,1,1729
9771565051042,true,עיתון ידיעות אחרונות,,,עיתון ידיעות אחרונות,Each,0.00,Each,false,,20.00,0.0000,true,1,1730
9771565051059,true,עיתון ידיעות אחרונות,,,עיתון ידיעות אחרונות,Each,0.00,Each,false,,20.00,0.0000,true,1,1731
9771565051066,true,ידיעות שישי,,,ידיעות שישי,Each,0.00,Each,false,,20.00,0.0000,true,1,2711
9771565192431,true,מנטה,,,מנטה,Each,0.00,Each,false,,28.00,0.0000,true,1,2449
