code,internal_code,name,manufacturer_name,manufacture_country,manufacturer_item_description,unit_qty,quantity,unit_of_measure,weighted,qty_in_package,price,unit_of_measure_price,allow_discount,status,item_id
319,true,תו סיבוס פטור מעמ,ספקים שונים,,,יח`,1,,false,1,0.01,0.01,false,1,
321,true,תן ביס פטור מעמ,ספקים שונים,,,יח`,1,,false,1,0.01,0.01,false,1,
501,true,ראש קוקוס,בכורי שדה דרום 2002 בעמ,,,יח`,1,,false,1,10.90,10.90,false,1,
2002,true,אשכולית אדומה,תעשיות תוצרת חקלאית אביטן בני,,,"ק""ג",1,,true,1,6.90,6.90,false,1,
2003,true,אבוקדו,גליל שוק מקומי אגשח*שיק ל60 יו,,,"ק""ג",1,,true,1,13.90,13.90,false,1,
2006,true,ארטישוק,אנונה שיווק בעמ*שיק 45 יום*,,,"ק""ג",1,,true,1,25,25,false,1,
2007,true,בטטה,משק כרמי ייצור ושיווק תוצרת*שי,,,"ק""ג",1,,true,1,9.90,9.90,false,1,
2009,true,בננות,גליל שוק מקומי אגשח*שיק ל60 יו,,,"ק""ג",1,,true,1,6.90,6.90,false,1,
2010,true,בצל יבש,רביבו יהודה חקלאות ונכסים בעמ,,,"ק""ג",1,,true,1,5.90,5.90,false,1,
2012,true,אננס,פירות הכרמל אגשח בעמ*שיק 45 יו,,,יח`,1,,false,1,40,40,false,1,
2013,true,גויאבה,אלדד קליימן שיווק בעמ*שיק 40 י,,,"ק""ג",1,,true,1,19.90,19.90,false,1,
2015,true,דלעת,שוסטר תעשיות מזון בעמ*שיק ל 60,,,"ק""ג",1,,true,1,9.90,9.90,false,1,
2016,true,דלורית,שוסטר תעשיות מזון בעמ*שיק ל 60,,,"ק""ג",1,,true,1,7.90,7.90,false,1,
2017,true,תפוח זהוב,בראשית - אגודה שיתופית חקלאית-,,,"ק""ג",1,,true,1,10.90,10.90,false,1,
2019,true,חסה עגולה,הירוקים של רצון בעמ,,,יח`,1,,false,1,5.90,5.90,false,1,
2020,true,חסה רגילה,הירוקים של רצון בעמ,,,יח`,1,,false,1,5.90,5.90,false,1,
2021,true,חצילים,שיווק העשור ירקות הזהב בעמ - (,,,"ק""ג",1,,true,1,7.90,7.90,false,1,
2024,true,כרוב לבן,תעשיות תוצרת חקלאית אביטן בני,,,"ק""ג",1,,true,1,3.90,3.90,false,1,
2025,true,כרובית,ד.ע. ימין גידול ושיווק ירקות ב,,,"ק""ג",1,,true,1,8.90,8.90,false,1,
2026,true,כרוב סיני,בכורי שדה דרום 2002 בעמ,,,יח`,1,,false,1,5.10,5.10,false,1,
2027,true,לימון,אתרוג תוצרת חקלאית*שיק 30 יום*,,,"ק""ג",1,,true,1,9.90,9.90,false,1,
2028,true,מלפפון,נסים מאיר חקלאי בעמ*שיק 30 יום,,,"ק""ג",1,,true,1,7.90,7.90,false,1,
2029,true,מלון,בננות החוף אגשח בעמ,,,"ק""ג",1,,true,1,8.90,8.90,false,1,
2033,true,תפוח סמיט,בראשית - אגודה שיתופית חקלאית-,,,"ק""ג",1,,true,1,10.90,10.90,false,1,
2034,true,תפוח סטארקינג חרמון,בראשית - אגודה שיתופית חקלאית-,,,"ק""ג",1,,true,1,10.90,10.90,false,1,
2035,true,סלק,מלוא הסל שיווק ירקות בעמ*שיק 3,,,"ק""ג",1,,true,1,6.90,6.90,false,1,
2036,true,עגבניה,שיווק העשור ירקות הזהב בעמ - (,,,"ק""ג",1,,true,1,4.90,4.90,true,1,
2038,true,פטריות שמפיניון יחידה,מרינה פטריות הגליל בעמ,,,יח`,1,,false,1,9.90,9.90,true,1,
2039,true,פומלה,מהדרין תנופורט ייצוא פרי אור -,,,"ק""ג",1,,true,1,9.90,9.90,false,1,
2040,true,פלפל ירוק,ינאי - מרכז פרי והירק בעמ*שיק,,,"ק""ג",1,,true,1,8.90,8.90,false,1,
2041,true,פלפל חריף,שיווק העשור ירקות הזהב בעמ - (,,,"ק""ג",1,,true,1,9.90,9.90,false,1,
2044,true,צנון,עמית בראון שיווק עמ*שיק 40 יום,,,"ק""ג",1,,true,1,6.90,6.90,false,1,
2046,true,קולורבי,תעשיות תוצרת חקלאית אביטן בני,,,"ק""ג",1,,true,1,7.90,7.90,false,1,
2047,true,קלמנטינה,תעשיות תוצרת חקלאית אביטן בני,,,"ק""ג",1,,true,1,7.90,7.90,false,1,
2048,true,קישואים,אשר שי אלבז *שיק 30 יום*,,,"ק""ג",1,,true,1,9.90,9.90,false,1,
2049,true,קיווי,בראשית - אגודה שיתופית*שיק 45,,,"ק""ג",1,,true,1,19.90,19.90,false,1,
2050,true,פומלית,תעשיות תוצרת חקלאית אביטן בני,,,"ק""ג",1,,true,1,9.90,9.90,false,1,
2051,true,לפת,מלוא הסל שיווק ירקות בעמ*שיק 3,,,"ק""ג",1,,true,1,7.90,7.90,false,1,
2054,true,שומר,תעשיות תוצרת חקלאית אביטן בני,,,"ק""ג",1,,true,1,7.90,7.90,false,1,
2058,true,תפוא לבן,עוגן שיווק ואריזות בעמ,,,"ק""ג",1,,true,1,3.90,3.90,false,1,
2059,true,תפוזים,הדרי קטיף אריזה ושיווק בעמ*שיק,,,"ק""ג",1,,true,1,6.90,6.90,false,1,
2060,true,תירס ארוז,צמח שיווק תוצרת חקלאית *שיק 30,,,"ק""ג",1,,true,1,10.90,10.90,false,1,
2061,true,פלפל אדום,י.ל. החקלאים שיווק והפצה בעמ*ש,,,"ק""ג",1,,true,1,9.90,9.90,false,1,
2063,true,אגס,טריפל סל בעמ,,,"ק""ג",1,,true,1,13.90,13.90,false,1,
2064,true,כרוב אדום,תעשיות תוצרת חקלאית אביטן בני,,,"ק""ג",1,,true,1,6.90,6.90,false,1,
2065,true,פלפל חריף אדום,דובדבן שיווק בעמ*שיק 60 יום*,,,"ק""ג",1,,true,1,10.90,10.90,false,1,
2066,true,פלפל בהיר,שיווק העשור ירקות הזהב בעמ - (,,,"ק""ג",1,,true,1,10.90,10.90,false,1,
2067,true,פלפל צהוב,ב.ד. גידול ירקות בעמ*שיק 30 יו,,,"ק""ג",1,,true,1,9.90,9.90,false,1,
2068,true,אפרסמון,מור פירות השרון בעמ* שיק 45 יו,,,"ק""ג",1,,true,1,12.90,12.90,false,1,
2072,true,בצל אדום,רביבו יהודה חקלאות ונכסים בעמ,,,"ק""ג",1,,true,1,7.90,7.90,false,1,
2074,true,שרי ארוז,צימן עגבניות שיווק רמת הנגב בע,,,יח`,1,,false,1,9.90,9.90,false,1,
2082,true,תפוח פינק,בראשית - אגודה שיתופית חקלאית-,,,"ק""ג",1,,true,1,13.90,13.90,false,1,
2088,true,מנגו,מרים שהם בעמ * שיק 60 יום*,,,"ק""ג",1,,true,1,8.90,8.90,false,1,
2092,true,פלפל שושקה,י.ל. החקלאים שיווק והפצה בעמ*ש,,,"ק""ג",1,,true,1,10.90,10.90,false,1,
2095,true,סברס,מהדרין תנופורט יצוא *שיק 30 יו,,,"ק""ג",1,,true,1,29.90,29.90,false,1,
2099,true,שזיף אדום,בועז את עמיר בעמ*שיק 40 יום*,,,"ק""ג",1,,true,1,16.90,16.90,false,1,
2111,true,בטטה ירושלמית כסביה,הררי מאיר ובניו הובלות בקרור ב,,,"ק""ג",1,,true,1,13.90,13.90,false,1,
2112,true,תפוז סיני,עמית בראון שיווק עמ*שיק 40 יום,,,"ק""ג",1,,true,1,10,10,false,1,
2113,true,פלפל כתום,י.ל. החקלאים שיווק והפצה בעמ*ש,,,"ק""ג",1,,true,1,9.90,9.90,false,1,
2114,true,ערמונים תפזורת,בכורי שדה דרום 2002 בעמ,,,"ק""ג",1,,true,1,19.90,19.90,false,1,
2120,true,תפוא אדום,עוגן שיווק ואריזות בעמ,,,"ק""ג",1,,true,1,4.90,4.90,false,1,
2122,true,רימון,אלדד קליימן שיווק בעמ*שיק 40 י,,,"ק""ג",1,,true,1,8.90,8.90,false,1,
2127,true,ענבים ירוקים טלי,לכיש מושב עובדים להתישבות*30 י,,,"ק""ג",1,,true,1,29.90,29.90,false,1,
2130,true,אנונה,גליל שוק מקומי אגשח*שיק ל60 יו,,,"ק""ג",1,,true,1,19.90,19.90,false,1,
2132,true,ברוקולי ארוז,בננות החוף אגשח בעמ,,,יח`,1,,false,1,10,10,false,1,
2134,true,תפוח נאשי,בראשית - אגודה שיתופית חקלאית-,,,"ק""ג",1,,true,1,15.90,15.90,false,1,
2144,true,קישוא זוקיני,שיווק העשור ירקות הזהב*שיק 30,,,"ק""ג",1,,true,1,10.90,10.90,false,1,
2165,true,פטריות תפזורת גדולות למילוי,חוות השמפיניון בעמ,,,"ק""ג",1,,true,1,39.90,39.90,false,1,
2168,true,תפוח ברשת,אמצע השוק בעמ,,,"ק""ג",1,,true,1,9.90,9.90,false,1,
2170,true,שעועית ירוקה,בננות החוף אגשח בעמ,,,יח`,1,,false,1,10,10,false,1,
2173,true,חציל בלדי,י.ל. החקלאים שיווק והפצה בעמ*ש,,,"ק""ג",1,,true,1,8.90,8.90,true,1,
2186,true,תפוח גלה,בראשית - אגודה שיתופית חקלאית-,,,"ק""ג",1,,true,1,10.90,10.90,false,1,
2252,true,פטיה,טריג חברה ליבוא ומסחר בעמ,,,"ק""ג",1,,true,1,19.90,19.90,false,1,
659312,true,פילה סלמון תנובה בואקום קפוא,תנובה קפואים,,,"ק""ג",1,,true,1,74.90,74.90,false,1,
1230234,true,כאמל סופט,גלוברנדס בעמ - שיווק סיגריות,,,יח`,1,,false,1,34,34,true,1,
1230331,true,כאמל בוקס,גלוברנדס בעמ - שיווק סיגריות,,,יח`,1,,false,1,34,34,true,1,
1230739,true,כאמל כחול,גלוברנדס בעמ - שיווק סיגריות,,,יח`,1,,false,1,34,34,true,1,
1231932,true,וינסטון כחול בוקס,גלוברנדס בעמ - שיווק סיגריות,,,יח`,1,,false,1,33.50,33.50,true,1,
1385142,true,פילה מדומה טרי ארוז מוכשר,אדום אדום - תנובה בקר,,,"ק""ג",0,100 גרם,true,1,84.90,84.90,false,1,
1385159,true,קוביות לגולש טרי ארוז מוכשר,אדום אדום - תנובה בקר,,,"ק""ג",0,100 גרם,true,1,69.90,69.90,false,1,
1516065,true,חזה עוף פרוס דק דק טרי ארוז,קורניש חן (1987) בעמ,,,"ק""ג",1,,true,1,37.90,37.90,true,1,
1842959,true,סטייק מינוט טרי ארוז מוכשר אנטריקוט,אדום אדום - תנובה בקר,,,"ק""ג",0,100 גרם,true,1,139,139,false,1,
2139898,true,סטייק טרי ארוז מוכשר אנטריקוט,אדום אדום - תנובה בקר,,,"ק""ג",0,100 גרם,true,1,139,139,false,1,
2206019,true,כרעיים עוף טרי ארוז,קורניש חן (1987) בעמ,,,"ק""ג",1,,true,1,26.90,26.90,true,1,
2206033,true,שוקיים עוף טרי ארוז,קורניש חן (1987) בעמ,,,"ק""ג",1,,true,1,29.90,29.90,true,1,
2206040,true,כנפיים עוף טרי ארוז,קורניש חן (1987) בעמ,,,"ק""ג",1,,true,1,12.90,12.90,false,1,
2206057,true,חזה עוף טרי שלם ארוז,קורניש חן (1987) בעמ,,,"ק""ג",1,,true,1,32.90,32.90,true,1,
2209071,true,פילה עוף טרי ארוז,קורניש חן (1987) בעמ,,,"ק""ג",1,,true,1,34.90,34.90,false,1,
2447085,true,רצועות לשווארמה טרי ארוז מוכשר,אדום אדום - תנובה בקר,,,"ק""ג",0,100 גרם,true,1,74.90,74.90,false,1,
2447146,true,שניצל עגל טרי ארוז מוכשר,אדום אדום - תנובה בקר,,,"ק""ג",0,"ק""ג",true,1,79.90,79.90,false,1,
2461098,true,נילוס פרוס,גול סחר בעמ,,,"ק""ג",1,,true,1,49.90,49.90,false,1,
3001620,true,בשר מס` 2 צלעות,נחמיה לחוביץ בעמ,,,"ק""ג",1,,true,1,33.90,33.90,false,1,
3423909,true,חטיף שוקולד לבן עם שברי עוגיות הרשי 43 ג,ליימן שליסל בעמ,,,יח`,1,,false,1,5.70,5.70,false,1,
3444009,true,חטיף שוקולד חלב עם חמאת בוטנים הרשי 42 ג,ליימן שליסל בעמ,,,יח`,1,,false,1,4.60,4.60,false,1,
3632404,true,פילה מרלוזה ארגנטיני ללא עור מוביל,בלדי בעמ,,,"ק""ג",1,,true,1,32.90,32.90,false,1,
3893843,true,פילה מושט ללא עור,בלו פיש גורמה סולושנס בעמ,,,"ק""ג",1,,true,1,29.90,29.90,false,1,
4033712,true,לחם עננים מקמח מלא 750 גרם.,י.את א. ברמן בעמ,,,יח`,7.50,100 גרם,false,1,15.50,2.07,true,1,
4033736,true,לחם עננים בסגנון בריוש 500 גר`,י.את א. ברמן בעמ,,,יח`,5,100 גרם,false,1,14.90,2.98,true,1,
6131188,true,פילה סלמון,נ.ת.נ.ג.ב החזקות יעוץ וניהול ב,,,"ק""ג",1,,true,1,69.90,69.90,false,1,
6131706,true,פילה אמנון (מושט) קפוא,נ.ת.נ.ג.ב החזקות יעוץ וניהול ב,,,"ק""ג",1,,true,1,24.90,24.90,false,1,
6131829,true,פילה סלמון מנות,נ.ת.נ.ג.ב החזקות יעוץ וניהול ב,,,"ק""ג",1,,true,1,84.90,84.90,false,1,
6131935,true,טונה פרוס בוואקום,נ.ת.נ.ג.ב החזקות יעוץ וניהול ב,,,"ק""ג",1,,true,1,39.90,39.90,false,1,
6464811,true,בשר מס` 6 פילה מדומה,נחמיה לחוביץ בעמ,,,"ק""ג",1,,true,1,34.90,34.90,false,1,
8618007,true,דג פילה סלמון טרי פרוס מגש,מאסטרפוד בעמ,,,"ק""ג",1,,true,1,99,99,false,1,
8618021,true,דג פילה דניס טרי מגש,מאסטרפוד בעמ,,,"ק""ג",1,,true,1,119,119,false,1,
8618038,true,פילה לברק טרי מגש,מאסטרפוד בעמ,,,"ק""ג",1,,true,1,126,126,false,1,
8618083,true,פילה אמנון טרי מגש,מאסטרפוד בעמ,,,"ק""ג",1,,true,1,69.90,69.90,false,1,
54051157,true,מעדן סויה בטעם שוקולד אלפרו (125x4 גרם),שטראוס גרופ בעמ,,,יח`,5,100 גרם,false,1,16.90,3.38,false,1,
72940754,true,מילקי וניל,שטראוס גרופ בעמ/מצונן,,,יח`,1.30,"100 מ""ל",false,1,2.80,2.15,false,1,
72940761,true,מילקי שוקו,שטראוס גרופ בעמ/מצונן,,,יח`,1.30,"100 מ""ל",false,1,2.90,2.23,false,1,
72940952,true,מילקי פי 2 קצפת,שטראוס גרופ בעמ/מצונן,,,יח`,1.70,"100 מ""ל",false,1,3.90,2.29,false,1,
72945308,true,שמרים טריים קובייה שמרית (50 גרם),שטראוס גרופ בעמ/מצונן,,,יח`,0.50,100 גרם,false,1,3.90,7.80,false,1,
72986370,true,גלידת פיינטים וניל צרפתי בן אנד גריס,מוצרי איכות אמריקאיים בעמ,,,יח`,4.20,"100 מ""ל",false,1,20.30,4.83,true,1,
72986448,true,גלידת פיינטים טופי קרנץ,מוצרי איכות אמריקאיים בעמ,,,יח`,4.20,"100 מ""ל",false,1,20.30,4.83,true,1,
72986455,true,גלידת פיינטים ניו-יורק סופר,מוצרי איכות אמריקאיים בעמ,,,יח`,4.20,"100 מ""ל",false,1,20.30,4.83,true,1,
72994061,true,Good2 פסק זמן 36 גרם,שטראוס גרופ בעמ,,,יח`,0.36,100 גרם,false,1,5.40,15,false,1,
80052760,true,בואנו קינדר בודד,פרימיום-חברה לדברי מתיקה ולמסח,,,יח`,1,,false,1,4.50,4.50,false,1,
80136194,true,חטיף היפו אגוזי לוז 5 יח,פרימיום-חברה לדברי מתיקה ולמסח,,,יח`,0.90,100 גרם,false,1,12.50,13.89,false,1,
80176800,true,ממרח אגוזי לוז נוטלה (750 גרם),פרימיום-חברה לדברי מתיקה ולמסח,,,יח`,7.50,100 גרם,false,1,25.90,3.45,false,1,
80177173,true,ממרח אגוזי לוז נוטלה (350 גרם),פרימיום-חברה לדברי מתיקה ולמסח,,,יח`,3.50,100 גרם,false,1,15.90,4.54,false,1,
80177616,true,אצבעות שוקולד קינדר (8 יח`- 100 גרם),פרימיום-חברה לדברי מתיקה ולמסח,,,יח`,1,,false,1,7.90,7.90,false,1,
80761761,true,קינדר בואנו לבן בודד 0.43 גר`,פרימיום-חברה לדברי מתיקה ולמסח,,,יח`,0.43,100 גרם,false,1,3.90,9.07,false,1,
80773429,true,מסטיק מנטוס פיור פרש בטעם תות ללס 60 גר,ליימן שליסל בעמ,,,יח`,0.60,100 גרם,false,1,10.50,17.50,true,1,
80773443,true,מסטיק מנטוס בטעם מנטה עדין ללס,ליימן שליסל בעמ,,,יח`,0.60,100 גרם,false,1,10.50,17.50,true,1,
80790990,true,מסטיק מנטוס טעם פירות מנטה ללס,ליימן שליסל בעמ,,,יח`,0.60,100 גרם,false,1,10.50,17.50,true,1,
80843184,true,מסטיק מנטוס טעם ענבים ללס 60 גר,ליימן שליסל בעמ,,,יח`,0.60,100 גרם,false,1,10.50,17.50,true,1,
80896081,true,מסטיק מנטוס פיור פרש טעם אבטיח ללס 60 ג,ליימן שליסל בעמ,,,יח`,0.60,100 גרם,false,1,10.50,17.50,true,1,
80979128,true,מסטיק מנטוס טעם דובדבן ללס 60 גר,ליימן שליסל בעמ,,,יח`,0.60,100 גרם,false,1,10.50,17.50,true,1,
80982470,true,מסטיק מנטוס פיור פרש בטעם מנטה חזקה ללס,ליימן שליסל בעמ,,,יח`,0.60,100 גרם,false,1,10.50,17.50,false,1,
80995128,true,מסטיק מנטוס בטעם הדרים 60 גר`,ליימן שליסל בעמ,,,יח`,0.60,100 גרם,false,1,10.50,17.50,false,1,
85939868,true,נייר קצר לגלגול ללא פילטר,צפניה ברזילי בעמ,,,יח`,1,,false,1,2,2,false,1,
85951730,true,פילטרים לגילגול סיגריות סלים פארטי) (120,צפניה ברזילי בעמ,,,יח`,1,,false,1,4,4,false,1,
85966611,true,נייר גלגול גדול Black כולל פילטר,צפניה ברזילי בעמ,,,יח`,1,,false,1,6,6,false,1,
85967069,true,נייר גלגול גדול כולל פילטר חום,צפניה ברזילי בעמ,,,יח`,1,,false,1,7,7,false,1,
90162602,true,משקה אנרגיה רד בול (250 מל),דיפלומט היינץ,,,יח`,2.50,"100 מ""ל",false,1,6.90,2.64,true,1,
90162800,true,רד בול משקה אנרגיה 250 מל ללס,דיפלומט היינץ,,,יח`,2.50,"100 מ""ל",false,1,6.90,2.64,true,1,
11182700954,true,קינג קול שעועית שחורה 454 גרם,מור-ים מרקטינג בעמ,,,יח`,4.39,100 גרם,false,1,10.90,2.48,false,1,
13495113506,true,חטיף ביסקויט שוקולד חלב קליק (75 גרם),יוניליוור ישראל שיווק בעמ,,,יח`,0.75,100 גרם,false,1,6.90,9.20,true,1,
13495113513,true,חטיף כדורים שוקולד חלב קליק (75 גרם),יוניליוור ישראל שיווק בעמ,,,יח`,0.75,100 גרם,false,1,6.90,9.20,true,1,
13495113520,true,חטיף קורנפלקס שוקולד חלב קליק (75 גרם),יוניליוור ישראל שיווק בעמ,,,יח`,0.75,100 גרם,false,1,6.90,9.20,true,1,
13495113537,true,חטיף שוקולד חום לבן קליק (75 גרם),יוניליוור ישראל שיווק בעמ,,,יח`,0.75,100 גרם,false,1,6.90,9.20,true,1,
13495113551,true,קליק שקיות עוגי,יוניליוור ישראל שיווק בעמ,,,יח`,0.75,100 גרם,false,1,6.90,9.20,true,1,
13495113582,true,חטיף כריות שוקולד חלב קליק (75 גרם),יוניליוור ישראל שיווק בעמ,,,יח`,0.75,100 גרם,false,1,6.90,9.20,true,1,
16000423534,true,נייטשר וואלי 210 גר`שיבולת שועל ושוקולד,ליימן שליסל בעמ,,,יח`,2.10,100 גרם,false,1,14.90,7.10,false,1,
16000548404,true,נייטשר וואלי 210 גר`שיבולת שועל ודבש,ליימן שליסל בעמ,,,יח`,1.75,100 גרם,false,1,14.90,8.51,false,1,
30000315989,true,קוואקר פרוטאין חמוציות ושקדים 372 גר`,שטראוס פריטו ליי בעמ,,,יח`,3.72,100 גרם,false,1,23.90,6.42,false,1,
37600207188,true,חמאת בוטנים קלאסי 462ג סקיפי,דיפלומט היינץ,,,יח`,4.62,100 גרם,false,1,19.90,4.31,false,1,
37600207256,true,חמאת בוטנים עם שברי בוטנים 462ג סקיפי,דיפלומט היינץ,,,יח`,4.62,100 גרם,false,1,20.90,4.52,false,1,
38000183690,true,חטיף צ`יפס בטעם ברביקיו פרינגלס (71 גרם),דיפלומט היינץ,,,יח`,0.67,100 גרם,false,1,5.90,8.81,false,1,
38000232152,true,פרינגלס ברביקיו 158 גר`,דיפלומט היינץ,,,יח`,1.58,100 גרם,false,1,9.90,6.27,true,1,
38000232169,true,חטיף צ`יפס אורגינל מידי פרינגלס (67 גרם),דיפלומט היינץ,,,יח`,0.67,100 גרם,false,1,5.90,8.81,false,1,
38000232176,true,פרינגלס שמנת בצל 158 גר`,דיפלומט היינץ,,,יח`,1.58,100 גרם,false,1,9.90,6.27,true,1,
38000232183,true,פרינגלס אורגינל 149 גר`,דיפלומט היינץ,,,יח`,1.49,100 גרם,false,1,9.90,6.64,true,1,
38000845253,true,פרינגלס מידי שמנת בצל 71 גר,דיפלומט היינץ,,,יח`,0.67,100 גרם,false,1,5.90,8.81,false,1,
38527591060,true,דגנים מרובעים קוואקר (411 גרם),שטראוס פריטו ליי בעמ,,,יח`,4.12,100 גרם,false,1,21.90,5.32,true,1,
40000514510,true,עדשי שוקולד בוטנים אם אנד אם (49 גרם),מרס ריגלי ישראל בעמ,,,יח`,0.49,100 גרם,false,1,5,10.20,true,1,
41190007097,true,חומץ תפוחים 946 מל גאלה,מור-ים מרקטינג בעמ,,,יח`,9.46,"100 מ""ל",false,1,14.90,1.58,false,1,
41390001079,true,רוטב סויה דל נתרן קיקומן (444 מל),דיפלומט היינץ,,,יח`,4.44,"100 מ""ל",false,1,32.60,7.34,true,1,
46214731552,true,עוגיות שוקולד צ`יפס מרבה (225 גרם),ש.שסטוביץ בעמ,,,יח`,2.25,100 גרם,false,1,10.90,4.84,true,1,
55369901673,true,רסק תפוחי עץ+אפרסק ללתס רביעייה 452 גר`,מור-ים מרקטינג בעמ,,,יח`,4.52,100 גרם,false,1,14.90,3.30,false,1,
55369902557,true,רביעות רסק תפוחי עץ ממותק בסגנון ביתי 45,מור-ים מרקטינג בעמ,,,יח`,4.52,100 גרם,false,1,14.90,3.30,false,1,
55369902564,true,רסק תפוחי עץ ללתס רביעייה 452 גר`אלפסנ,מור-ים מרקטינג בעמ,,,יח`,4.52,100 גרם,false,1,14.50,3.21,false,1,
55500012046,true,תרסיס ניקוי כללי כלורוקס (946 מל),גורי מוצרי צריכה (1991) בעמ,,,יח`,9.46,"100 מ""ל",false,1,21.90,2.32,false,1,
64144090051,true,תרסיס שמן קנולה פאם (148 מל),ליימן שליסל בעמ,,,יח`,1.48,"100 מ""ל",false,1,20.90,14.12,true,1,
76840001767,true,גלידת פיינטים חמאת בוטנים בן אנד גריס,מוצרי איכות אמריקאיים בעמ,,,יח`,4.20,"100 מ""ל",false,1,20.30,4.83,true,1,
76840100125,true,גלידת פיינט וניל חמאת בוטנים ופרצל 473,מוצרי איכות אמריקאיים בעמ,,,יח`,4.73,"100 מ""ל",false,1,20.30,4.29,true,1,
76840100583,true,גלידה וניל+בצק עוגיות ושוקולד ציפס 473ג,מוצרי איכות אמריקאיים בעמ,,,יח`,4.73,"100 מ""ל",false,1,20.30,4.29,true,1,
76840100989,true,גלידת בן אנד ג`ריס שוקולד עם מרשמלו,מוצרי איכות אמריקאיים בעמ,,,יח`,5,"100 מ""ל",false,1,20.30,4.06,true,1,
77245110610,true,סוכריות ללס בטעם מנטה מאסט (80 גרם),שטראוס גרופ בעמ,,,יח`,0.80,100 גרם,false,1,9.70,12.13,false,1,
77343000127,true,נר נשמה 26 שעות.,אבאל יזמות בעמ,,,יח`,1,,false,1,2.90,2.90,false,1,
77343001100,true,נר נשמה מנורה 26 שעות,אבאל יזמות בעמ,,,יח`,1,,false,1,2.90,2.90,true,1,
77975094624,true,סניידרס שברי בייגלה במילוי חמאת בוטנים 2,ליימן שליסל בעמ,,,יח`,2.8350,100 גרם,false,1,15.90,5.61,true,1,
77975094631,true,סניידרס בייגלה במילוי קרם צ`דר ( 226 גר`,ליימן שליסל בעמ,,,יח`,2.26,100 גרם,false,1,16.90,7.48,true,1,
77975094761,true,סניידרס שברי בייגל בטעם גבינת צ`אדר,ליימן שליסל בעמ,,,יח`,3.40,100 גרם,false,1,16.90,4.97,true,1,
87147894534,true,קולגייט משפחתי 100 גר` יבוא מקביל,איינשטיין-צור יבוא-יצוא וסחר ב,,,יח`,1,100 גרם,false,1,9.90,9.90,false,1,
608011104269,true,חלה מיוחדת מתוקה לשבת וחג,מגוון שיווק והפצת מאפים בעמ,,,יח`,1,,false,1,12.90,12.90,false,1,
611745285685,true,אבוקדו בשל ארוז - מור בריאות,קונסיגנציה-מור בריאות בעמ,,,יח`,1,,false,1,7.90,7.90,true,1,
613008753290,true,אריזונה אפרסק 450 מל בקבוק,טמפו משקאות בעמ,,,יח`,4.50,"100 מ""ל",false,1,8.90,1.91,true,1,
613008753320,true,אריזונה ג`נסנג ודבש בקבוק 450 מל,טמפו משקאות בעמ,,,יח`,4.50,"100 מ""ל",false,1,8.90,1.91,true,1,
649660432020,true,שזיפים מיובשים מגולענים 567 גר`היל ויו,מור-ים מרקטינג בעמ,,,יח`,5.67,100 גרם,false,1,30.90,5.45,false,1,
649870164056,true,שקיות לאיסוף צרכים,שחורי אריה ואנסטסיה,,,יח`,1,,false,1,16.90,16.90,false,1,
693493065634,true,ניוקי תפוא 3 צבעים אבאל,אבאל יזמות בעמ,,,יח`,5,100 גרם,false,1,9.90,1.98,false,1,
693493065641,true,טחינה הר כנען 100% 500 גר,אבאל יזמות בעמ,,,יח`,5,100 גרם,false,1,15.90,3.18,true,1,
693493065672,true,טחינה מלאה הר כנען 500 גר`,אבאל יזמות בעמ,,,יח`,5,100 גרם,false,1,16.90,3.38,true,1,
693493168786,true,תמר מג`הול גמבו 1קג,סהר ותמר בעמ,,,יח`,10,100 גרם,false,1,25,2.50,false,1,
710535495539,true,אורז בסמטי 96% ( 1 קג ) AVEL,אבאל יזמות בעמ,,,יח`,1,"ק""ג",false,1,12.90,12.90,true,1,
728229123590,true,חטיף צ`יפס אורגינל טרה (110 גרם)כשר לפס,משה סידס ובנו בעמ,,,יח`,1.10,100 גרם,false,1,14.90,13.55,true,1,
728229123811,true,חטיף צ`יפס ים תיכוני טרה (110 גרם),משה סידס ובנו בעמ,,,יח`,1.10,100 גרם,false,1,14.90,13.55,true,1,
728229130154,true,חטיף טרה צ`יפס 110 גר`,משה סידס ובנו בעמ,,,יח`,1.10,100 גרם,false,1,14.90,13.55,true,1,
729010312063,true,ספיד סטיק 24/7 ג`ל קול נייט יבוא מקביל,בית הצעצוע בעמ,,,יח`,1,,false,1,15.90,15.90,false,1,
835811005940,true,מגש הכסף תבנית אלומ` גדולה+ מכסה 8 יח`,הנמל אריזות ושיווק (1984) בעמ,,,יח`,1,,false,1,10.90,10.90,true,1,
835811005964,true,מגש הכסף תבנית אלומ`מאורך 20 יח`,הנמל אריזות ושיווק (1984) בעמ,,,יח`,1,,false,1,10.90,10.90,true,1,
835811006220,true,צלחות ענק מקנה סוכר טבעי 25 יח`הנמל,הנמל אריזות ושיווק (1984) בעמ,,,יח`,1,,false,1,13.90,13.90,false,1,
835811006244,true,צלחות גדולות מקנה סוכר טבעי 25 יח`הנמל,הנמל אריזות ושיווק (1984) בעמ,,,יח`,1,,false,1,12.90,12.90,false,1,
835811006435,true,מגש הכסף תבנית מלבןעמוק+ מכסה 9 יח`,הנמל אריזות ושיווק (1984) בעמ,,,יח`,1,,false,1,10.90,10.90,true,1,
835811007357,true,סלטינות אובלי 25 יח`הנמל,הנמל אריזות ושיווק (1984) בעמ,,,יח`,1,,false,1,5.90,5.90,true,1,
835811008699,true,כפות 50 יח`עבה הנמל,הנמל אריזות ושיווק (1984) בעמ,,,יח`,1,,false,1,15.90,15.90,false,1,
835811008934,true,מזלגות 50 יח`קרם עבה הנמל,הנמל אריזות ושיווק (1984) בעמ,,,יח`,1,,false,1,15.90,15.90,false,1,
835811008941,true,סכינים 50 יח`שקוף עבה הנמל,הנמל אריזות ושיווק (1984) בעמ,,,יח`,1,,false,1,15.90,15.90,false,1,
835811008958,true,כפיות 50 יח`שקוף עבה הנמל,הנמל אריזות ושיווק (1984) בעמ,,,יח`,1,,false,1,13.90,13.90,false,1,
835811008996,true,כוסות קרטון 50 יח` OZ הנמל,הנמל אריזות ושיווק (1984) בעמ,,,יח`,1,,false,1,19.90,19.90,true,1,
835811009016,true,כוסות קרטון 50 יח`OZ הנמל,הנמל אריזות ושיווק (1984) בעמ,,,יח`,1,,false,1,7.90,7.90,true,1,
855958006662,true,צורו סלמון 56 גרם,שחורי אריה ואנסטסיה,,,יח`,1,,false,1,15.90,15.90,false,1,
856591000062,true,עוגיות מזרחיות עם מלח עבאדי (400 גרם),תה ויסוצקי (ישראל) בעמ,,,יח`,4,100 גרם,false,1,18.50,4.63,true,1,
856591000109,true,עוגיות מזרחיות עבאדי 400 גר`,תה ויסוצקי (ישראל) בעמ,,,יח`,4,100 גרם,false,1,18.50,4.63,false,1,
884912359483,true,האני באנצס באנצס תות 340 גר`,ר.ב מוצרי דגנים בעמ,,,יח`,3.40,100 גרם,false,1,23.90,7.03,true,1,
884912365200,true,דגני בוקר אוראו 311 גר`,ר.ב מוצרי דגנים בעמ,,,יח`,3.11,100 גרם,false,1,23.50,7.56,false,1,
1230000068314,false,בשר טחון ביונד מיט מארז זוגות 300ג,זנברגן וורלד פינסט מיט ב,,,יח`,3,100 גרם,false,1,29.90,9.97,false,1,
1230000116022,false,המבורגר ביונד מיט מארז זוגות 226ג,ביונד מיט קליפורניה ארהב,,,יח`,2.26,100 גרם,false,1,35.90,15.88,true,1,
3014260100667,false,אורל בי מברשת שיניים ילדים 3-5 שנים,דיפלומט מפיצים (1968) בעמ,,,יח`,1,,false,1,14.90,14.90,false,1,
3046920027281,false,שוקולד מריר אקסלנס במילוי קרמל ומלח ים,לינדט ושפרונגלי קילשברג,,,יח`,1,100 גרם,false,1,16.60,16.60,true,1,
3046920028004,false,לינדט שוקולד אקסלנס מריר 70% 100 גר,לינדט ושפרונגלי קילשברג,,,יח`,1,100 גרם,false,1,15.90,15.90,true,1,
3046920029759,false,אקסלנס שוקולד מריר 90% לינדט (100 גרם),לינדט ושפרונגלי קילשברג,,,יח`,1,100 גרם,false,1,16.30,16.30,true,1,
3068320014067,false,אוויאן מים מינרליים ספורט 750 מל,קריניציה ויטמינה אס,,,יח`,7.50,"100 מ""ל",false,1,10.90,1.41,false,1,
3068320055008,false,מים מינרלים אוויאן 500 מל,קריניציה ויטמינה אס,,,יח`,5,"100 מ""ל",false,1,7.90,1.52,false,1,
3083681142983,false,שעועית עדינה קפואה בונדואל 600 גר`,קפוא-זן תעשיות מזון בעמ - תפוג,,,יח`,6,100 גרם,false,1,22.90,3.82,false,1,
3083681143010,false,אפונת גן קפואה בונדואל 600 גר`,קפוא-זן תעשיות מזון בעמ - תפוג,,,יח`,6,100 גרם,false,1,14.90,2.48,false,1,
3083681143041,false,גרעיני תירס קפואים בונדואל 600 גר`,קפוא-זן תעשיות מזון בעמ - תפוג,,,יח`,6,100 גרם,false,1,15.90,2.65,false,1,
3083681143652,false,פרוסות חציל בגריל בונדואל 600 גר`,קפוא-זן תעשיות מזון בעמ - תפוג,,,יח`,6,100 גרם,false,1,25.90,4.32,false,1,
3083681143690,false,פרוסות זוקיני בגריל בונדואל 600 גר`,קפוא-זן תעשיות מזון בעמ - תפוג,,,יח`,6,100 גרם,false,1,25.90,4.32,false,1,
3083681143720,false,חצאי פלפלים בגריל בונדואל 600 גר`,קפוא-זן תעשיות מזון בעמ - תפוג,,,יח`,6,100 גרם,false,1,25.90,4.32,false,1,
3141360054405,false,פיניש מפיץ ריח למדיח בניחוח לימון וליים,רקיט בנקיזר (ניר איסט) בעמ,,,יח`,0.27,100 גרם,false,1,15.90,58.89,true,1,
3387390525960,false,קראנץ' דגני בוקר עם שוקולד חלב נסטלה 500 גרם,קבוצת אוסם סחר שותפות מוגבלת,,,יח`,5,100 גרם,false,1,23.90,4.78,true,1,
3387390730852,false,פיטנס דגנים מחיטה מלאה ואורז נסטלה 375 גרם,קבוצת אוסם סחר-שות.מוגבלת,,,יח`,3.75,100 גרם,false,1,21.90,5.84,true,1,
3523230025652,false,"גבינת מיני בושה עם שום ועשי תיבול ועשבי, 125 גרם",א. סיימן סחר בעמ,,,יח`,1.25,100 גרם,false,1,24.90,19.92,false,1,
3574661135601,false,מי פה ליסטרין קול מינט 1 ליטר יבוא מקבי,איינשטיין-צור יבוא-יצוא וסחר ב,,,יח`,10,"100 מ""ל",false,1,19.90,1.99,false,1,
4000351109380,false,שמן קנולה 1 ליטר BROLIO.,המותג-לא פעיל להקלדה,,,יח`,1,1 ליטר,false,1,9.90,9.90,false,1,
4000417019004,false,שוקולד חלב אגוזי לוז שלמים ריטר ספורט 100 גרם,ריטר ספורט Ritter sport,,,יח`,1,100 גרם,false,1,10.90,10.90,true,1,
4000417022004,false,ריטר ספורט שוקולד חלב מעולה עם צימוקים ואגוזי לוז 100 גרם,ריטר ספורט Ritter sport,,,יח`,1,100 גרם,false,1,10.50,10.50,true,1,
4000417025005,false,שוקולד מריר במילוי מרציפן ריטר ספורט 100 גרם,ריטר ספורט Ritter sport,,,יח`,1,100 גרם,false,1,10.50,10.50,true,1,
4000417026002,false,שוקולד ריטר ספורט פרלין 100 גרם חלב נוכרי,ריטר ספורט Ritter sport,,,יח`,1,100 גרם,false,1,9.90,9.90,true,1,
4000417101211,false,גלילי וופל עם קרם אגוזי לוז בציפוי שוקולד חלב,ליימן שליסל בע`מ,,,יח`,1.50,100 גרם,false,1,17.90,11.93,true,1,
4000417212009,false,ריטר ספורט שוקולד מריר מעולה עם שקדים קצוצים וקליפות תפוז מסוכרות,ריטר ספורט Ritter sport,,,יח`,1,100 גרם,false,1,10.50,10.50,true,1,
4000417222008,false,שוקולד ריטר ספורט חלב+שברי אגוזים 100 גרם חלב נוכרי,ריטר ספורט Ritter sport,,,יח`,1,100 גרם,false,1,9.90,9.90,true,1,
4000417224002,false,"ריטר ספורט טבלת שוקולד מריר אגוזים, 100 גרם",ריטר ספורט Ritter sport,,,יח`,1,100 גרם,false,1,10.90,10.90,true,1,
4000522061752,false,בייגלה צ'יו מקלות מלוחים 100 גרם,ר.ב. מוצרי דגנים בעמ,,,יח`,1,100 גרם,false,1,4.60,4.60,true,1,
4000539363108,false,שוקולד לינדור סטיקס 38 גרם,משה סידס ובנו בעמ,,,יח`,0.38,100 גרם,false,1,6.90,18.16,false,1,
4009900402965,false,אורביט וויט בטעם פירות בקבוקון 46מלבניות,"מרס ריגלי ישראל בע""מ",,,יח`,1,,false,1,11.50,11.50,true,1,
4009900403023,false,אורביט וויט בטעם מנטה בקבוקון 46 מלבניות,"מרס ריגלי ישראל בע""מ",,,יח`,1,,false,1,11.50,11.50,true,1,
4009900420129,false,מסטיק אורביט פרופשנל פפרמינט בקבוקון 64 גר',"מרס ריגלי ישראל בע""מ",,,יח`,1,,false,1,11.50,11.50,true,1,
4009900465304,false,סוכריות סקיטלס פירות חמוצים 174 גרם,"מרס ריגלי ישראל בע""מ",,,יח`,1.74,100 גרם,false,1,9.90,5.69,true,1,
4009900479998,false,אורביט וויט אוכמניות בקבוקון 46 מלבניות,"מרס ריגלי ישראל בע""מ",,,יח`,1,,false,1,11.50,11.50,true,1,
4009900482417,false,מסטיק אורביט פירות מנטה בקבוקון באבל מינט 45יח,"מרס ריגלי ישראל בע""מ",,,יח`,1,,false,1,11.50,11.50,true,1,
4009900531122,false,"מסטיק בטעם מנטה ספירמינט, 64 ג' פרופשיונל אורפיט","מרס ריגלי ישראל בע""מ",,,יח`,1,,false,1,11.50,11.50,true,1,
4009900535540,false,מסטיק אורביט רפרשרס פפרמינט ללא סוכר 15.6גר',"מרס ריגלי ישראל בע""מ",,,יח`,0.1560,100 גרם,false,1,4.90,31.41,true,1,
4009900536288,false,מסטיק אורביט רפרשרס פפרמינט בקבוקון ללא סוכר 67 גר',מרס ריגלי קונפקשונרי,,,יח`,0.67,100 גרם,false,1,12.90,19.25,false,1,
4009900536486,false,מסטיק אורביט רפרשרס באבלמינט בקבוקון ללא סוכר 67 גר',מרס ריגלי קונפקשונרי,,,יח`,0.67,100 גרם,false,1,12.90,19.25,false,1,
4009900539401,false,מסטייק אורבייט פייב באונוס מנטה HP,מרס ריגלי ישראל בעמ,,,יח`,0.1440,100 גרם,false,1,4.90,34.03,false,1,
4009900539432,false,מסטייק אורבייט פייב באונוס אבטיח HP,מרס ריגלי ישראל בעמ,,,יח`,0.1440,100 גרם,false,1,4.90,34.03,false,1,
4009900539685,false,"מסטיק פייב באונס בטעם מנטה בקבוקון, 61.8 גרם","מרס ריגלי ישראל בע""מ",,,יח`,0.67,100 גרם,false,1,12.90,19.25,true,1,
4009900539746,false,"מסטיק פייב באונס בטעם אבטיח בקבוקון, 61.8 גרם",מרס ריגלי ישראל בעמ,,,יח`,0.67,100 גרם,false,1,12.90,19.25,true,1,
4009900540551,false,מסטיק אורביט רפרשרס טרופיקל בקבוקון ללא סוכר,מרס ריגלי ישראל בעמ,,,יח`,0.67,100 גרם,false,1,12.90,19.25,false,1,
4011800617615,false,1X24X50G קורני ביג שוקולד,משה סידס ובנו בעמ,,,יח`,0.50,100 גרם,false,1,5.90,11.80,true,1,
4011800617714,false,"""קורני"" ביג שוקו בננה50 גרם",מיוצר עי קונדיטוריית,,,יח`,0.50,100 גרם,false,1,5.90,11.80,true,1,
4011800617813,false,"""קורני"" ביג בראוניס 50 גרם",משה סידס ובנו בעמ,,,יח`,0.50,100 גרם,false,1,5.90,11.80,true,1,
4011800617912,false,קורני ביג נאטס אגוזי,משה סידס ובנו בעמ,,,יח`,0.50,100 גרם,false,1,5.90,11.80,true,1,
4011800618315,false,קורני ביג דארק אנד וואיט 40 גר`,משה סידס ובנו בעמ,,,יח`,0.40,100 גרם,false,1,5.90,14.75,true,1,
4011800628512,false,חטיף קורני שוקולד חלב 6 יח 150 גר,מיוצר עי קונדיטוריית,,,יח`,1.50,100 גרם,false,1,10.90,7.27,true,1,
4011800633516,false,קורני בציפוי שוקולד מריר מעולה 6*23,משה סידס ובנו בעמ,,,יח`,1.50,100 גרם,false,1,10.90,7.27,true,1,
4014400904376,false,סוכריות טופי בטעם שוקולד סטורק 325 גרם,קריניציה ויטמינה אס,,,יח`,3.25,100 גרם,false,1,15.90,4.89,false,1,
4014400904390,false,סוכריות טופי ממולא חלב סטורק 325 גרם,קריניציה ויטמינה אס,,,יח`,3.25,100 גרם,false,1,15.90,4.89,false,1,
4014400910063,false,סוכריות חמאה וורטרס אורגינל (135 גרם),ליימן שליסל בע`מ,,,יח`,1.35,100 גרם,false,1,9.50,7.04,true,1,
4014400914696,false,וורטרס אורגינל סוכריות ללא סוכר 80 גרם,ליימן שליסל בע`מ,,,יח`,0.80,100 גרם,false,1,9.50,11.88,true,1,
4014400914924,false,"סוכריות בטעם קפה וורטר אורגינל לל""ס 80 גרם",קריניציה ויטמינה אס,,,יח`,0.80,100 גרם,false,1,9.50,11.88,true,1,
4014400920857,false,וורטר אורגינל ללא סוכר בטעם שוקולד-שקית 70 גרם,קריניציה ויטמינה אס,,,יח`,0.70,100 גרם,false,1,9.50,13.57,true,1,
4015400564454,false,מגני תחתון אולוויז לארג' עם ניחוח מגה פק,דיפלומט מפיצים (1986) בע`מ,,,יח`,1,,false,1,24.90,24.90,true,1,
4015400690313,false,טמפונים פרל רגולר טמפקס קומפאק 18 יח,דיפלומט מפיצים (1968) בעמ,,,יח`,1,,false,1,22.90,22.90,false,1,
4015400690405,false,טמפונים פרל סופר טמפקס קומפאק 18 יח,דיפלומט מפיצים (1968) בעמ,,,יח`,1,,false,1,22.90,22.90,false,1,
4015400731719,false,תחבושות היגייניות אולוויז יום ולילה Day & Night,דיפלומט מפיצים (1986) בע`מ,,,יח`,1,,false,1,21.40,21.40,true,1,
4015400746812,false,מגני תחתון אולוויז נורמל עם ניחוח מגה פק,דיפלומט מפיצים (1986) בע`מ,,,יח`,1,,false,1,24.90,24.90,true,1,
4015400755241,false,תחבושות היגייניות אולוויז אולטרה נורמל - 28 יח',דיפלומט מפיצים (1986) בע`מ,,,יח`,1,,false,1,21.40,21.40,true,1,
4015400755487,false,תחבושות היגייניות אולוויז אולטרה לונג - 24 יח',דיפלומט מפיצים (1986) בע`מ,,,יח`,1,,false,1,19.90,19.90,true,1,
4015400990482,false,אבקת כביסה אריאל קולור 3 ק`ג,דיפלומט מפיצים (1986) בע`מ,,,יח`,30,100 גרם,false,1,35.60,1.19,false,1,
4015600762742,false,שמפו יומיומי למניעת קשקשים הנוסחה הקלאסית,דיפלומט מפיצים (1986) בע`מ,,,יח`,5,"100 מ""ל",false,1,20.90,4.18,false,1,
4015600762902,false,"האד אנד שולדרס שמפו מנטול 500 מ""ל",דיפלומט מפיצים (1986) בע`מ,,,יח`,5,"100 מ""ל",false,1,20.90,4.18,false,1,
4015600763022,false,שמפו יומיומי למניעת קשקשים לשיער יבש/פגום לשיער רך כמשי,דיפלומט מפיצים (1986) בע`מ,,,יח`,5,"100 מ""ל",false,1,21.90,4.38,false,1,
4017100290008,false,בלזן בסקויט חמאה מצופה שוקולד חלב 125 גרם,הדקלאים אגודת שיתופי,,,יח`,1.25,100 גרם,false,1,13.90,11.12,false,1,
4025700001962,false,מילקה טבלה 100 גר' לבן 1/22 (4248023),דיפלומט מפיצים (1968) בעמ**,,,יח`,1,100 גרם,false,1,7.90,7.90,true,1,
4033100024146,false,סיגריות ווינסטון קוד בודד,גלוברנדס בעמ - שיווק סיגריות,,,יח`,1,,false,1,32,32,true,1,
4033100024252,false,סיגריות ווינסטון אקווה בודד,גלוברנדס בעמ - שיווק סיגריות,,,יח`,1,,false,1,32,32,true,1,
4033100038914,false,טבק כאמל צהוב + נייר גלגול 30ג',גלוברנדס בעמ - שיווק סיגריות,,,יח`,1,,false,1,67,67,false,1,
4033100046490,false,סיגריות ווינסטון אקווה ארוך בודד,גלוברנדס בעמ - שיווק סיגריות,,,יח`,1,,false,1,32,32,true,1,
4033100047350,false,טבק כאמל כחול + נייר גלגול 30ג',גלוברנדס בעמ - שיווק סיגריות,,,יח`,1,,false,1,67,67,false,1,
4079400330129,false,"בירה פילסנר וולטרס 4.9% 500 מ""ל בפחית",אבאל יזמות בעמ,,,יח`,5,"100 מ""ל",false,1,6.90,1.32,true,1,
4079400382753,false,בירה וולטרס פילסנר ב,אבאל יזמות בעמ,,,יח`,1.98,1 ליטר,false,1,6.90,3.33,false,1,
4084500088917,false,נוזל לניקוי כלים לימון פיירי (650 מל),דיפלומט מפיצים (1986) בע`מ,,,יח`,6.50,"100 מ""ל",false,1,11.90,1.83,false,1,
4084500853898,false,"נוזל כלים פיירי אלוורה ומלפפונים 515 מ""ל בד""צ",דיפלומט מפיצים (1986) בע`מ,,,יח`,5.15,"100 מ""ל",false,1,11.90,2.31,false,1,
4084500854048,false,נוזל לניקוי כלים לימון פיירי (1.24 ליטר),דיפלומט מפיצים (1968) בעמ,,,יח`,1.24,1 ליטר,false,1,19.30,15.56,false,1,
4100130937163,false,בירה בקס שישייה 6*275 מל,הכרם -משקאות חריפים בע`מ,,,יח`,1.65,1 ליטר,false,1,36.90,21.27,true,1,
4105120623941,false,"בירה ויינשטפן בק' ח""פ 500 מ""ל",החברה המרכזית להפצת משקאות בעמ,,,יח`,5,"100 מ""ל",false,1,13.50,2.64,false,1,
4603400000043,false,וודקה רוסקי יורוסטנדרט (700 מל),רוסקי סטנדרט וודקה,,,יח`,7,"100 מ""ל",false,1,63.20,8.99,false,1,
4603928000983,false,וודקה בלוגה נובל 1 ליטר,מרינסקי ליקרו-וודאצ'ני ז,,,יח`,1,1 ליטר,false,1,152,152,false,1,
4640018993343,false,פיניש קוואנטום קפסולות ג'ל למדיח כלים 30 יח',רקיט בנקיזר (ניר איסט) בעמ,,,יח`,1,,false,1,42.90,42.90,false,1,
4710068001692,false,מאסטר קפה בטעם לאטה בפחית 240מ`ל,תאיט מרקטינג אנד דיסטריב,,,יח`,2.50,"100 מ""ל",false,1,7.20,2.88,true,1,
4710068001715,false,משקה בטעם טירמיסו מאסטר קפה (240 מל),יוני פרזינדנט אנטרפר,,,יח`,2.40,"100 מ""ל",false,1,7.20,3,true,1,
4710068001739,false,מאסטר קפה בטעם קולומביאני בפחית 240מ`ל,יוני פרזינדנט אנטרפר,,,יח`,2.50,"100 מ""ל",false,1,7.20,2.88,true,1,
4710068002798,false,מאסטר קפה בטעם וניל בפחית 240מ`ל,מאיטה פוד אינדוסטריאל קו,,,יח`,2.50,"100 מ""ל",false,1,7.20,2.88,true,1,
4823077636332,false,עוגיות רושן במילוי קרם ש. 127גר LOVITA,דילר בי.אמ.די.אינטרנשויונל בעמ,,,יח`,1.27,100 גרם,false,1,7.90,6.22,false,1,
4823077636400,false,עוגיות רושן במילוי קרם חלב 127גר LOVIT,דילר בי.אמ.די.אינטרנשויונל בעמ,,,יח`,1.27,100 גרם,false,1,7.90,6.22,false,1,
4823077636417,false,עוגיות רושן במילוי קרם אגוזים 127 גר`,דילר בי.אמ.די.אינטרנשויונל בעמ,,,יח`,1.27,100 גרם,false,1,7.90,6.22,false,1,
5000157143365,false,מתבל בטעם מיונז וקטשופ היינץ 425 גרם,דיפלומט מפיצים (1968) בעמ**,,,יח`,4.25,100 גרם,false,1,14.90,3.51,false,1,
5000159407236,false,מרס חטיף שוקולד עם קרמל 51 גרם,"מרס ריגלי ישראל בע""מ",,,יח`,0.50,100 גרם,false,1,4,8,true,1,
5000159452540,false,סניקרס חטיף שוקולד עם בוטנים חמישייה ברי,"מרס ריגלי ישראל בע""מ",,,יח`,2,100 גרם,false,1,12.90,6.45,true,1,
5000159459228,false,חטיף אצבעות קרמל ושוקולד טוויקס (50 גרם),"מרס ריגלי ישראל בע""מ",,,יח`,0.57,100 גרם,false,1,4,7.02,true,1,
5000159461122,false,סניקרס חטיף שוקולד עם בוטנים 50 גרם,"מרס ריגלי ישראל בע""מ",,,יח`,0.57,100 גרם,false,1,4,7.02,true,1,
5000159541152,false,חטיף טוויקס לבן 46 גרם.,מרס ריגלי ישראל בעמ,,,יח`,0.46,100 גרם,false,1,4,8.70,true,1,
5000168199245,false,שוקולד חלב מעולה בתוספת קרמל מלוח פיור גודייבה 90 ג',"אולקר מקבוצת פלאדיס, ציק",,,יח`,0.90,100 גרם,false,1,15.90,17.67,true,1,
5000204115048,false,גלייד ארוסול מבשם אוויר בניחוח לבנדר,"אס.סי ג'\ונסון,מידרכט, ה",,,יח`,3,"100 מ""ל",false,1,11.50,3.83,true,1,
5000394140820,false,שישיות סוללות AA פלוס פאוור דורסל,דיפלומט מפיצים (1986) בע`מ,,,יח`,1,,false,1,17.90,17.90,false,1,
5010123703547,false,ליסטרין פרש בורסט 500 מל-יבוא מקביל,בית הצעצוע בעמ,,,יח`,5,"100 מ""ל",false,1,15.90,3.18,true,1,
5010123703585,false,ליסטרין קולמינט 500 מל-יבוא מקביל,גונסון אנד גונסון,,,יח`,5,"100 מ""ל",false,1,15.90,3.18,true,1,
5010123730222,false,ליסטרין טוטאל קר 500 מל-יבוא מקביל,בית הצעצוע בעמ,,,יח`,5,"100 מ""ל",false,1,15.90,3.18,true,1,
5010327399614,false,"גלנפידיך 12 אמריקן אווק כשר 700 מ""ל",הכרם - משקאות חריפים בעמ,,,יח`,7,"100 מ""ל",false,1,159.90,22.80,false,1,
5010677551281,false,בריזר לימון בבקבוק בקרדי (275 מל),בקרדי בריזר Bacardi Breezer,,,יח`,2.75,"100 מ""ל",false,1,16.20,5.78,true,1,
5010677554398,false,בריזר אבטיח בבקבוק בקרדי (275 מל),בקרדי בריזר Bacardi Breezer,,,יח`,2.75,"100 מ""ל",false,1,16.20,5.78,true,1,
5014271370422,false,מעדן אפרסקים ללא תוספת סוכר 284 גרם,סאן דלפור - שמבור,,,יח`,2.84,100 גרם,false,1,21.90,7.71,true,1,
5029053002439,false,קלינקס - נייר טואולט קליניקס צהוב 9 גלילים,קימברלי קלארק ישראל שיווק בעמ,,,יח`,1,,false,1,33.90,33.90,true,1,
5029053032658,false,שמיניית ממחטות טישו קלינקס 9 יחידות,קימברלי קלארק ישראל שיווק בעמ,,,יח`,2.40,100 גרם,false,1,9.90,4.13,true,1,
5029053523446,false,קוטקס - תחבושות אולטרה נייט + כנפיים 20 יח',קימברלי קלארק ישראל שיווק בעמ,,,יח`,1,,false,1,22.40,22.40,true,1,
5200133120483,false,גליליות וופלים גולדן ברייק קרם וניל 400 גרם,דיפלומט מפיצים (1968) בעמ**,,,יח`,4,100 גרם,false,1,18.50,4.63,true,1,
5201004020338,false,גליליות קפריס קרם אגוזים שוקולד 400 גר,משה סידס ובנו בעמ,,,יח`,4,100 גרם,false,1,20.90,5.23,false,1,
5201940010110,false,זיתים שחורים קלמטה וילי פוד 250 גרם,ג. וילי-פוד אינטרנשיונל בע`מ,,,יח`,4.54,100 גרם,false,1,15.90,3.50,false,1,
5202390020407,false,פטה טבעונית גוש ויולייף 200 ג',דיפלומט מפיצים (1968) בעמ**,,,יח`,2,100 גרם,false,1,26.90,13.45,true,1,
5208049006624,false,פאל מאל אקסטרה סילבר חפיסה,גלוברנדס בעמ - שיווק סיגריות,,,יח`,1,,false,1,32,32,true,1,
5410076933129,false,אריאל אבקת כביסה שושן צחור 3 קג,דיפלומט מפיצים (1986) בע`מ,,,יח`,30,100 גרם,false,1,35.60,1.19,false,1,
5410126006360,false,לוטוס עוגיות סנדוויץ במילוי לוטוס 150 גרם,דיפלומט מפיצים (1968) בעמ**,,,יח`,1.50,100 גרם,false,1,9.90,6.60,false,1,
5410126006377,false,לוטוס עוגיות סנדוויץ' במילוי וניל 150 גר',דיפלומט מפיצים (1968) בעמ**,,,יח`,1.50,100 גרם,false,1,9.90,6.60,false,1,
5410126666038,false,"ביסקוויט קרמל לוטוס 279 גרם בד""צ",דיפלומט מפיצים (1968) בעמ**,,,יח`,2.79,100 גרם,false,1,13.40,4.80,true,1,
5410228217732,false,"בירה סטלה ארטואה 440מ""ל פחית.",מנדלז סי.אר. פרודקשן,,,יח`,4.40,"100 מ""ל",false,1,13.90,3.09,false,1,
5410228267515,false,"שישיית בירה לאגר באדוויזר 6*330 מ""ל",הכרם - משקאות חריפים בעמ,,,יח`,1.98,1 ליטר,false,1,38.70,18.64,true,1,
5410316983693,false,וודקה סמירנוף אייס בודד 275 מ``ל.,החברה המרכזית להפצת משקאות בעמ,,,יח`,2.75,"100 מ""ל",false,1,13.90,4.95,true,1,
5410658902413,false,קפסולות קפה אלומיניום דרגת חוזק 08 Fortisimo- Espresso,אבאל יזמות בעמ,,,יח`,1,,false,1,13.20,13.20,true,1,
5410658902420,false,קפסולות קפה אלומיניום דרגת חוזק 10 Fortisimo- Espresso,אבאל יזמות בעמ,,,יח`,1,,false,1,13.20,13.20,true,1,
5410658902437,false,קפסולות קפה אלומיניום דרגת חוזק 07 Fortisimo- Espresso,אבאל יזמות בעמ,,,יח`,1,,false,1,13.20,13.20,true,1,
5410658902444,false,קפסולות קפה אלומיניום דרגת חוזק 14 Fortisimo- Espresso,אבאל יזמות בעמ,,,יח`,1,,false,1,13.20,13.20,true,1,
5410658902819,false,קפסולות קפה אלומיניום דרגת חוזק 12 Fortisimo- Espresso,אבאל יזמות בעמ,,,יח`,1,,false,1,13.20,13.20,true,1,
5411188094159,false,רביעיית מעדן סויה שוקו מריר אלפרו 125 גרם,הנסיך- מפעל לייצור ט,,,יח`,5,100 גרם,false,1,16.90,3.38,false,1,
5411188096108,false,"אלפרו שמנת צמחית לבישול לייט 250מ""ל",שטראוס גרופ בעמ/מצונן,,,יח`,2.50,"100 מ""ל",false,1,9.90,3.96,true,1,
5411188106159,false,אלפרו סויה לייט מופחת שומן 1.2% 1 ליטר,הנסיך- מפעל לייצור ט,,,יח`,1,1 ליטר,false,1,13.90,13.90,true,1,
5411188110835,false,אלפרו חלב סויה שקדים וניל 1ל',הנסיך- מפעל לייצור ט,,,יח`,1,1 ליטר,false,1,13.90,13.90,true,1,
5411188112709,false,"משקה קוקוס אלפרו 1 ליטר משקה שקדים לל""ס",הנסיך- מפעל לייצור ט,,,יח`,1,1 ליטר,false,1,13.90,13.90,true,1,
5411188115366,false,משקה קוקוס אלפרו 1 ליטר משקה שיבולת שועל 1 ליטר,הנסיך- מפעל לייצור ט,,,יח`,1,1 ליטר,false,1,13.90,13.90,true,1,
5411188115472,false,משקה סויה 1 ליטר אלפרו,הנסיך- מפעל לייצור ט,,,יח`,1,1 ליטר,false,1,13.90,13.90,true,1,
5411188118732,false,משקה קוקוס ושקדים אלפרו (1 ליטר),הנסיך- מפעל לייצור ט,,,יח`,1,1 ליטר,false,1,13.90,13.90,true,1,
5411188120742,false,משקה קוקוס אלפרו 1 ליטר שקדים וניל 1 ל',הנסיך- מפעל לייצור ט,,,יח`,1,1 ליטר,false,1,13.90,13.90,true,1,
5411188122661,false,אלפרו משקה שקדים לא קלויים ללא תוספת סוכר 1 ל',הנסיך- מפעל לייצור ט,,,יח`,1,1 ליטר,false,1,13.90,13.90,true,1,
5411188124689,false,משקה אלפרו שיבולת שועל ללא סוכר 1 ליטר,שטראוס גרופ בע`מ,,,יח`,1,1 ליטר,false,1,14.90,14.90,true,1,
5411188127697,false,אלפרו בריסטה משקה שיבולת שועל 1 ליטר,הנסיך- מפעל לייצור ט,,,יח`,1,1 ליטר,false,1,13.90,13.90,true,1,
5411188129899,false,אלפרו בריסטה משקה שקדים 1 ליטר,הנסיך- מפעל לייצור ט,,,יח`,1,1 ליטר,false,1,13.90,13.90,true,1,
5411188134985,false,אלפרו 3.5% NOT M*LK שיבולת שועל 1 ליטר בית יוסף,שטראוס גרופ בעמ/מצונן,,,יח`,1,1 ליטר,false,1,14.90,14.90,false,1,
5411188135005,false,אלפרו 1.8% NOT M*LK שיבולת שועל 1 ליטר בית יוסף,שטראוס גרופ בעמ/מצונן,,,יח`,1,1 ליטר,false,1,13.90,13.90,false,1,
5411188543398,false,אלפרו משקה סויה 1 ליטר ללא סוכר,הנסיך- מפעל לייצור ט,,,יח`,1,1 ליטר,false,1,13.90,13.90,true,1,
5413149922907,false,"אבקת כביסה קולור וסטייל 5 ק""ג אריאל",דיפלומט מפיצים (1986) בע`מ,,,יח`,5,"ק""ג",false,1,45.90,9.18,true,1,
5601008200451,false,עוגיות גודיס טבעות מצופות שוקולד מריר מרבה 150 גרם,ש. שסטוביץ בע`מ,,,יח`,1.50,100 גרם,false,1,9.10,6.07,false,1,
5701932026964,false,"הוטפופ גרעיני תירס להכנת פופקורן במיקרוגל בטעם טבעי, בתוספת מלח, 600 גרם",ליימן שליסל בע`מ,,,יח`,6,100 גרם,false,1,16.90,2.82,true,1,
5701932026971,false,הוטפופ גרעיני תירס להכנת פופקורן במיקרוגל בטעם חמאה 600 גרם,ליימן שליסל בע`מ,,,יח`,6,100 גרם,false,1,16.90,2.82,true,1,
5711953106583,false,גבינת שמנת בטעם טבעי 200 גרם ארלה,שטראוס גרופ בעמ/מצונן,,,יח`,2,100 גרם,false,1,16.90,8.45,true,1,
5711953106606,false,גבינת שמנת עם תבלינים ועשבי תיבול 23.5%,שטראוס גרופ בעמ/מצונן,,,יח`,2,100 גרם,false,1,16.90,8.45,true,1,
5740900403215,false,ממרח חמאה דנית לורפק עם מלח 250 גרם,שטראוס גרופ בעמ/מצונן,,,יח`,2.50,100 גרם,false,1,17.90,7.16,false,1,
5740900403222,false,ממרח לורפק חמאה עם מלח מופחת שומן 250 ג,שטראוס גרופ בעמ/מצונן,,,יח`,2.50,100 גרם,false,1,17.90,7.16,false,1,
5740900403239,false,ממרח חמאה דנית לורפק ללא מלח 250 גרם,שטראוס גרופ בעמ/מצונן,,,יח`,2.50,100 גרם,false,1,17.90,7.16,false,1,
5740900403260,false,ממרח מחמאת לורפק ללא מלח 27% פחות שומן,שטראוס גרופ בעמ/מצונן,,,יח`,2.50,100 גרם,false,1,17.90,7.16,false,1,
5740900403284,false,חמאה ללא מלח 200 גרם לורפק כשרות או קיי,שטראוס גרופ בעמ/מצונן,,,יח`,2,100 גרם,false,1,12.50,6.25,false,1,
5740900403864,false,חמאה +מלח 200 גרם לורפק כשרות או קיי,שטראוס גרופ בעמ/מצונן,,,יח`,2,100 גרם,false,1,12.50,6.25,false,1,
5900020024817,false,פיטנס דליס Fitness Delice חטיף דגנים עם שוקולד לבן,קבוצת אוסם סחר שותפות מוגבלת,,,יח`,1.35,100 גרם,false,1,17.50,12.96,true,1,
5900020025647,false,חטיף דגנים פיטנס שוקולד חלב 135 גרם מארז 6 יחידות,קבוצת אוסם סחר שותפות מוגבלת,,,יח`,1.35,100 גרם,false,1,17.50,12.96,true,1,
5900020026552,false,דגני בוקר האני נאט צ'יריוס בטעם דבש ושקדים,קבוצת אוסם סחר שותפות מוגבלת,,,יח`,6.25,100 גרם,false,1,25.90,4.14,true,1,
5900020032539,false,מארז חטיף פיטנס שוקולד 8 X 23.5 גרם,קבוצת אוסם סחר שותפות מוגבלת,,,יח`,1.40,100 גרם,false,1,17.50,12.50,true,1,
5900020036407,false,ליון דגני בוקר שוקולד וקרמל נסטלה 480 גרם,קבוצת אוסם סחר שותפות מוגבלת,,,יח`,4.80,100 גרם,false,1,27.90,5.81,true,1,
5900020037916,false,דגני בוקר שיבולת שועל צ'ריוס 375ג',קבוצת אוסם סחר שותפות מוגבלת,,,יח`,3.75,100 גרם,false,1,16.90,4.51,false,1,
5906485301012,false,משקה אנרגיה XL מוגז פחית 250 מל,"טמפו משקאות בע""מ",,,יח`,2.50,"100 מ""ל",false,1,4.90,1.84,true,1,
6901022100409,false,ג'ינג'ר כתוש לירון 100 גרם,ביג פוד כחול לבן בעמ*שיק 30 יו,,,יח`,1,100 גרם,false,1,6,6,false,1,
6901022100416,false,שום כתוש לירון 100 גרם,ביג פוד כחול לבן בעמ*שיק 30 יו,,,יח`,1,100 גרם,false,1,6,6,false,1,
6901022100584,false,רצועות פלפלים אדומים קלויים,ביג פוד כחול לבן בעמ*שיק 30 יו,,,יח`,3.50,100 גרם,false,1,13.90,3.97,false,1,
6901022100591,false,רצועות מיקס פלפלים קלויים,ביג פוד כחול לבן בעמ*שיק 30 יו,,,יח`,3.50,100 גרם,false,1,13.90,3.97,false,1,
7271730901261,false,ווקי מאק ארוחת אטריות עם גבינה 156 גרם,ניו וורלד פסטה קומפנ,,,יח`,1.56,100 גרם,false,1,11.90,7.63,false,1,
7290000000374,false,"פטריות שמפיניון בד""ץ (רביבים)",ביכורי השדה צפון 1994 ג.ד. בעמ,,,יח`,1,,false,1,10.10,10.10,true,1,
7290000023816,false,קלאסיק אמרלד ריזלינג יקבי ברקן (750 מל),יקבי ברקן שיווק והפצה בע,,,יח`,7.50,"100 מ""ל",false,1,33.90,4.48,true,1,
7290000023977,false,קלאסיק מרלו יקבי ברקן (750 מל),יקבי ברקן שיווק והפצה בע,,,יח`,7.50,"100 מ""ל",false,1,33.90,4.48,true,1,
7290000040042,false,יוגורט יופלה תות 3% שומן 150 גרם,"תנובה בע""מ ***",,,יח`,1.50,"100 מ""ל",false,1,5,3.33,false,1,
7290000040080,false,יוגורט יופלה אפרסק 3% שומן 150 גרם,"תנובה בע""מ ***",,,יח`,1.50,"100 מ""ל",false,1,5.20,3.47,false,1,
7290000040301,false,תנובה עין גדי קממבר מחלב בקר 24% שומן,תנובה מרכז שיתופי לש,,,יח`,1.25,100 גרם,false,1,18.90,15.12,false,1,
7290000040318,false,גבינת עדי ברי 24% קולאז` (125 גרם)קולקש,תנובה מרכז שיתופי לש,,,יח`,1.25,100 גרם,false,1,18.90,15.12,false,1,
7290000040974,false,חלב 2% דל לקטוז בקרטון תנובה (1 ליטר),תנובה מרכז שיתופי לש,,,יח`,1,1 ליטר,false,1,7.10,7.10,false,1,
7290000041858,false,"שמנת חמוצה 15% מועשרת יטבתה 200 מ""ל",שטראוס גרופ בעמ/מצונן,,,יח`,2,"100 מ""ל",false,1,2.40,1.20,false,1,
7290000042435,false,חלב דל שומן 1% בקרטון תנובה (1 ליטר)פיק,תנובה מרכז שיתופי לש,,,יח`,10,"100 מ""ל",false,1,5.86,0.59,false,1,
7290000043814,false,השף הלבן שמנת להקצפה 38% שומן 250 מל - מוצר בפיקוח,תנובה מרכז שיתופי לש,,,יח`,2.50,"100 מ""ל",false,1,6.47,2.59,false,1,
7290000043890,false,תנובה רויון לבן מחלב מפסוטר 1.5%,תנובה מרכז שיתופי לש,,,יח`,1,1 ליטר,false,1,11.50,11.50,false,1,
7290000046327,false,גלבוע גבינה צהובה פרוסה 22% תנובה 200 גרם,תנובה מרכז שיתופי לש,,,יח`,2,100 גרם,false,1,12.90,6.45,false,1,
7290000048185,false,גבינה לבנה 5% תנובה 250 גרם מהדרין,מיוצר עי קונדיטוריית,,,יח`,2.50,100 גרם,false,1,4.98,1.99,false,1,
7290000048192,false,גבינה לבנה 9% תנובה 250 גרם מהדרין,מחלבת אלון תבור,,,יח`,2.50,100 גרם,false,1,4.75,1.90,false,1,
7290000048437,false,גבינת צפתית (2005% גרם)פיראוס תנובה,פארייפאבה אגרואינדוס,,,יח`,2,100 גרם,false,1,15.90,7.95,false,1,
7290000049458,false,גבינה בולגרית עיזים (25016% גרם)פיראוס,תנובה מרכז שיתופי לש,,,יח`,2.50,100 גרם,false,1,29.30,11.72,false,1,
7290000051710,false,פיראוס גבינת לאבנה אסלית על בסיס יוגורט תנובה 263 גרם,"תנובה, מחלבת אלון תב",,,יח`,2.63,100 גרם,false,1,14.20,5.40,false,1,
7290000052311,false,גבינה צהובה עמק לייט 15% שומן 200 גרם,תנובה מרכז שיתופי לש,,,יח`,2,100 גרם,false,1,16.30,8.15,false,1,
7290000055015,false,פיראוס גבינת פטה כבשים 5% תנובה 250 גרם,תנובה מחלבת טנא נוגה,,,יח`,2.50,100 גרם,false,1,27.90,11.16,false,1,
7290000055329,false,"משקה בוקר יוגורט 1.5% בטעם תות מלון יופלה 250 מ""ל",תנובה מרכז שיתופי לש,,,יח`,2.50,100 גרם,false,1,5.80,2.32,false,1,
7290000055336,false,"משקה יוגורט 1.5% בטעם בננה אפרסק יופלה 250 מ""ל",תנובה מרכז שיתופי לש,,,יח`,2.50,100 גרם,false,1,5.90,2.36,false,1,
7290000055893,false,חמאה משמנת מפוסטרת 200גרם 82% כ.מהדרין - מוצר בפיקוח,תנובה מרכז שיתופי לש,,,יח`,1,,false,1,7.80,7.80,false,1,
7290000056845,false,תנובה חלב טרי 3% שומן 1.5 ליטר - מוצר בפיקוח,פארייפאבה אגרואינדוס,,,יח`,1500,1 ליטר,false,1,9.35,0.01,false,1,
7290000057088,false,עמק גבינה צהובה פרוסה דק דק 28% תנובה 200 גרם,תנובה מרכז שיתופי לש,,,יח`,2,100 גרם,false,1,16.30,8.15,false,1,
7290000057132,false,יוגורט תנובה טבעי 1.5% גביע 200 גרם,מחלבת אלון תבור,,,יח`,2,100 גרם,false,1,3.20,1.60,false,1,
7290000057149,false,יוגורט תנובה טבעי 3% גביע 200 גרם,מיוצר עי קונדיטוריית,,,יח`,2,100 גרם,false,1,3.20,1.60,false,1,
7290000057552,false,יופלה דיאט עוגת גבינה ותות 0% גביע 150ג',תנובה - חלב,,,יח`,1.50,100 גרם,false,1,5.20,3.47,false,1,
7290000060088,false,בייגלה מקלות עם מלח אסם (400 גרם),קבוצת אוסם סחר שותפות מוגבלת,,,יח`,4,100 גרם,false,1,11.50,2.88,true,1,
7290000060156,false,פסטה אסם אטריות ביצים דקות 200גר,קבוצת אוסם סחר-שות.מוגבלת,,,יח`,2,100 גרם,false,1,8.50,4.25,true,1,
7290000060200,false,פסטה אסם פתיתים אפויים קוסקוס 500גר,קבוצת אוסם סחר שותפות מוגבלת,,,יח`,5,100 גרם,false,1,7.70,1.54,true,1,
7290000060217,false,פסטה מקרוני מספר 7 אסם (500 גרם),קבוצת אוסם סחר שותפות מוגבלת,,,יח`,5,100 גרם,false,1,6.10,1.22,true,1,
7290000060248,false,פסטה אסם פתיתים תלתלים 500 גר',קבוצת אוסם סחר שותפות מוגבלת,,,יח`,5,100 גרם,false,1,6.10,1.22,true,1,
7290000060408,false,פסטה אסם פתיתים אפויים טבעות 500 גר,קבוצת אוסם סחר שותפות מוגבלת,,,יח`,5,100 גרם,false,1,7.70,1.54,true,1,
7290000060576,false,פתיתים אפויים כוכבים אסם (500 גרם),קבוצת אוסם סחר שותפות מוגבלת,,,יח`,5,100 גרם,false,1,7.70,1.54,true,1,
7290000060781,false,פרומנטי פתיתים מסולסלים אוסם,קבוצת אוסם סחר שותפות מוגבלת,,,יח`,5,100 גרם,false,1,5.90,1.18,true,1,
7290000060828,false,פסטה קרניים בינוניות אסם (500 גרם),קבוצת אוסם סחר שותפות מוגבלת,,,יח`,5,100 גרם,false,1,5.90,1.18,true,1,
7290000060842,false,פסטה אסם פתיתים צדפים גדולים 500גר,קבוצת אוסם סחר שותפות מוגבלת,,,יח`,5,100 גרם,false,1,5.90,1.18,true,1,
7290000060880,false,פסטה ספגטי מספר 8 אסם 500 גרם,קבוצת אוסם סחר שותפות מוגבלת,,,יח`,5,100 גרם,false,1,5.90,1.18,true,1,
7290000060903,false,פסטה אסם פתיתים אפויים אורז 500גר,קבוצת אוסם סחר שותפות מוגבלת,,,יח`,5,100 גרם,false,1,7.70,1.54,true,1,
7290000060965,false,פסטה אסם אטריות רחבות 400גר,קבוצת אוסם סחר שותפות מוגבלת,,,יח`,4,100 גרם,false,1,8.50,2.13,true,1,
7290000061214,false,פתיתים אפויים קוסקוס עם בצל אסם 500 גרם,קבוצת אסם סחר שות. מוגבלת,,,יח`,5,100 גרם,false,1,7.70,1.54,true,1,
7290000061450,false,פתיתים אפויים קוסקוס 3 צבעים אסם 500 גרם,קבוצת אסם סחר שות. מוגבלת,,,יח`,5,100 גרם,false,1,7.70,1.54,true,1,
7290000061764,false,קפה נמס מגורען רד מאג 200 גרם,קבוצת אוסם סחר שותפות מוגבלת,,,יח`,2,100 גרם,false,1,19.90,9.95,false,1,
7290000063140,false,שקדי מרק רכיבים טבעיים בשקית 400 ג' אסם,קבוצת אוסם סחר שותפות מוגבלת,,,יח`,4,100 גרם,false,1,11.90,2.98,false,1,
7290000063157,false,"קמח עוגה תופח מאליו אסם 1 ק""ג",קבוצת אוסם סחר שותפות מוגבלת,,,יח`,1,"ק""ג",false,1,9.50,9.50,false,1,
7290000064758,false,קוסקוס בינוני אמיתי אסם 350 ג',קבוצת אוסם סחר שותפות מוגבלת,,,יח`,3.50,100 גרם,false,1,7.70,2.20,false,1,
7290000064871,false,"אוסם - מנה חמה פירה תפו""א עם בצל 56 גרם",קבוצת אוסם סחר שותפות מוגבלת,,,יח`,0.56,100 גרם,false,1,7.50,13.39,true,1,
7290000065090,false,מיני קרוטונים מתובלים למרק ולסלט אסם 400 גרם,קבוצת אוסם סחר שותפות מוגבלת,,,יח`,4,100 גרם,false,1,27.50,6.88,false,1,
7290000065540,false,אוסם - מנה חמה פסטה מוקרמת בטעם עוף 55 גרם,קבוצת אוסם סחר שותפות מוגבלת,,,יח`,0.55,100 גרם,false,1,7.50,13.64,true,1,
7290000065557,false,אוסם - מנה חמה קוסקוס עם ירקות 84 גרם,קבוצת אוסם סחר שותפות מוגבלת,,,יח`,0.62,100 גרם,false,1,7.50,12.10,true,1,
7290000066141,false,ביסלי חטיף בטעם גריל אסם (70 גרם),קבוצת אוסם סחר שותפות מוגבלת,,,יח`,0.70,100 גרם,false,1,4,5.71,true,1,
7290000066196,false,ביסלי חטיף בטעם גריל אסם (200 גרם),קבוצת אוסם סחר שותפות מוגבלת,,,יח`,2,100 גרם,false,1,9.10,4.55,true,1,
7290000066264,false,דובונים חטיף תפוחי אדמה אסם (40 גרם),קבוצת אוסם סחר שותפות מוגבלת,,,יח`,0.40,100 גרם,false,1,5.80,14.50,true,1,
7290000066295,false,אסם במבה תות מחומרים טבעיים 30גר,קבוצת אוסם סחר שותפות מוגבלת,,,יח`,0.30,100 גרם,false,1,3,10,false,1,
7290000066318,false,במבה חטיף בוטנים אסם 80 גרם,קבוצת אוסם סחר שותפות מוגבלת,,,יח`,0.80,100 גרם,false,1,4.40,5.50,true,1,
7290000066332,false,אפרופו חטיף תירס אסם (50 גרם),קבוצת אוסם סחר שותפות מוגבלת,,,יח`,0.50,100 גרם,false,1,5.50,11,true,1,
7290000066431,false,פופקו חטיף פופקורן בטעם חמאה ודבש אסם 80 גרם,קבוצת אוסם סחר שותפות מוגבלת,,,יח`,0.80,100 גרם,false,1,5.50,6.88,true,1,
7290000067599,false,מנה חמה ספגטי ברוטב בולונז אסם 65 גרם,קבוצת אוסם סחר שותפות מוגבלת,,,יח`,0.65,100 גרם,false,1,7.50,11.54,true,1,
7290000068138,false,אינסטנט פודינג בטעם וניל אסם 80 גרם,קבוצת אוסם סחר שותפות מוגבלת,,,יח`,0.80,100 גרם,false,1,6.50,8.13,false,1,
7290000068343,false,אוסם - פירכונים מאורז מלא 140 גרם,קבוצת אוסם סחר שותפות מוגבלת,,,יח`,1.40,100 גרם,false,1,7.90,5.64,true,1,
7290000068770,false,במבה יום הולדת חטיף בוטנים אסם 80 גרם,קבוצת אוסם סחר שותפות מוגבלת,,,יח`,0.80,100 גרם,false,1,4.40,5.50,true,1,
7290000072623,false,קטשופ אסם בקבוק לחיץ 750 גרם,קבוצת אוסם סחר שותפות מוגבלת,,,יח`,7.50,100 גרם,false,1,11.90,1.59,true,1,
7290000072753,false,קפה נמס מגורען טסטרס צ'ויס 200 גרם-,קבוצת אוסם סחר שותפות מוגבלת,,,יח`,2,100 גרם,false,1,31.90,15.95,false,1,
7290000072968,false,דגני בוקר סיני מיניס חיטה מלאה וקינמון נסטלה 500 גרם,קבוצת אוסם סחר-שות.מוגבלת,,,יח`,3.75,100 גרם,false,1,24.90,6.64,true,1,
7290000073125,false,מנה חמה פסטה ברוטב עגבניות אסם (62 גרם),קבוצת אוסם סחר שותפות מוגבלת,,,יח`,0.62,100 גרם,false,1,7.50,12.10,true,1,
7290000073699,false,סלט חומוס צבר 150 גרם,קבוצת אוסם סחר שותפות מוגבלת,,,יח`,1.50,100 גרם,false,1,5.50,3.67,false,1,
7290000073750,false,מנה חמה נודלס אטר+ירקות טעם עוף 70 גרם,קבוצת אוסם סחר שותפות מוגבלת,,,יח`,0.70,100 גרם,false,1,7.90,11.29,true,1,
7290000073767,false,מנה חמה נודלס אטר.+ירקות טעם בקר 70 גרם,קבוצת אוסם סחר שותפות מוגבלת,,,יח`,0.70,100 גרם,false,1,8.50,12.14,true,1,
7290000073774,false,מנה חמה נודלס אטר+ירקות טעם צילי 70 גרם,קבוצת אוסם סחר שותפות מוגבלת,,,יח`,0.76,100 גרם,false,1,7.90,10.39,true,1,
7290000074153,false,ביסקוויט פתי בר שוקולד אסם (500 גרם),קבוצת אוסם סחר שותפות מוגבלת,,,יח`,5,100 גרם,false,1,12.90,2.58,false,1,
7290000074184,false,ביסקוויט פתי בר אסם (500 גרם),קבוצת אוסם סחר שותפות מוגבלת,,,יח`,5,100 גרם,false,1,12.90,2.58,true,1,
7290000074245,false,אוסם - קרם קרקר אסם 250 גרם,קבוצת אוסם סחר שותפות מוגבלת,,,יח`,2.50,100 גרם,false,1,11.20,4.48,true,1,
7290000074276,false,קרקר פיקנטי טבעון 250 ג' אסם,קבוצת אוסם סחר שותפות מוגבלת,,,יח`,2.50,100 גרם,false,1,10.90,4.36,true,1,
7290000074375,false,אוסם - קרקר זהב 150 גרם,קבוצת אוסם סחר שותפות מוגבלת,,,יח`,1.50,100 גרם,false,1,7.90,5.27,true,1,
7290000074696,false,"קרם קרקר 1 ק""ג אוסם",קבוצת אוסם סחר שותפות מוגבלת,,,יח`,1,"ק""ג",false,1,30.50,30.50,false,1,
7290000076133,false,בייגלה שמיניות קטנות עם מלח אסם 400 גרם,קבוצת אוסם סחר שותפות מוגבלת,,,יח`,4,100 גרם,false,1,10.10,2.53,true,1,
7290000077253,false,אוסם - לחמית כפרית עם דגנים מלאים 190 גרם,קבוצת אסם סחר שות. מוגבלת,,,יח`,1.90,100 גרם,false,1,12.20,6.42,true,1,
7290000081663,false,"בייגלה טבעות שומשום אסם 300 גרם בד""ץ",קבוצת אוסם סחר שותפות מוגבלת,,,יח`,3,100 גרם,false,1,10.10,3.37,true,1,
7290000101934,false,מיקס פירות יער מוקפאים 300 גר סנפרוסט,"איי, בי, אינבוו",,,יח`,3,100 גרם,false,1,16.90,5.63,true,1,
7290000101941,false,אננס חתוך מוקפא סנפרוסט (300 גרם),תנובה ענף ב.ע.ד,,,יח`,3,100 גרם,false,1,16.90,5.63,true,1,
7290000104201,false,אפונה עדינה מוקפאת סנפרוסט (600 גרם),"איי, בי, אינבוו",,,יח`,6,100 גרם,false,1,20.90,3.48,true,1,
7290000104218,false,סנפרוסט במיה 600 גרם,תנובה מרכז שיתופי לשיווק תוצרת,,,יח`,6,100 גרם,false,1,19.30,3.22,true,1,
7290000104676,false,אפונה קפואה סנפרוסט 800 גרם,תנובה מרכז שיתופי לשיווק תוצרת,,,יח`,8,100 גרם,false,1,18.90,2.36,true,1,
7290000104683,false,שעועית ירוקה שלמה סנפרוסט (800 גרם),תנובה מרכז שיתופי לשיווק תוצרת,,,יח`,8,100 גרם,false,1,22.90,2.86,true,1,
7290000104799,false,שעועית לבנה מבושלת סנפרוסט (800 גרם),תנובה מרכז שיתופי לשיווק תוצרת,,,יח`,8,100 גרם,false,1,20.90,2.61,true,1,
7290000104836,false,שעועית ירוקה עדינה שלמה סנפרוסט 600 גרם,תנובה מרכז שיתופי לשיווק תוצרת,,,יח`,6,100 גרם,false,1,24.90,4.15,true,1,
7290000104881,false,לקט אפונה וגזר מוקפאים סנפרוסט (800 גרם),תנובה מרכז שיתופי לשיווק תוצרת,,,יח`,8,100 גרם,false,1,17.90,2.24,true,1,
7290000107165,false,חטיף סויה אדממה סנפרוסט (400 גרם),תנובה מרכז שיתופי לשיווק תוצרת,,,יח`,4,100 גרם,false,1,15.30,3.83,true,1,
7290000107295,false,תפרחות ברוקולי סנפרוסט 800 גרם,תנובה מרכז שיתופי לשיווק תוצרת,,,יח`,8,100 גרם,false,1,26.90,3.36,true,1,
7290000111186,false,"מיונז אמיתי תלמה 500 גרם בד""צ","יוניליוור ישראל שיווק בע""מ",,,יח`,5,100 גרם,false,1,11.90,2.38,false,1,
7290000111353,false,מיונז אמיתי תלמה (1 קג),"יוניליוור ישראל שיווק בע""מ",,,יח`,1,"ק""ג",false,1,17.90,17.90,false,1,
7290000112220,false,טחינה גולמית שומשום טהור בארכה 500 גרם,קבוצת אוסם סחר שותפות מוגבלת,,,יח`,5,100 גרם,false,1,14.90,2.98,true,1,
7290000118277,false,כופתאות מצה להכנת מהירה 65 ג' קנור,"יוניליוור ישראל שיווק בע""מ",,,יח`,1.30,100 גרם,false,1,13.90,10.69,true,1,
7290000120874,false,מיונז הלמנס לייט מופחת קלוריות 424ג,יוניליוור ישראל שיווק בעמ,,,יח`,4.76,100 גרם,false,1,12.90,2.71,true,1,
7290000129457,false,אבקת רוטב פטריות קנור 28 ג' שקית,יוניליוור ישראל שיווק בע`מ,,,יח`,0.28,100 גרם,false,1,5.40,19.29,true,1,
7290000134116,false,פפריקה מתוקה מיכל 40 גרם,תבליני טעם וריח בעמ,,,יח`,0.40,100 גרם,false,1,6.90,17.25,false,1,
7290000134123,false,"פלפל שחור טחון 40 גרם ""טעם וריח""",תבליני טעם וריח בעמ,,,יח`,0.40,100 גרם,false,1,9.90,24.75,false,1,
7290000134307,false,קינמון טחון 50 גרם טעם וריח,"תבליני טעם וריח בע""מ",,,יח`,0.50,100 גרם,false,1,6.90,13.80,false,1,
7290000134338,false,אבקת שום בקופ' 90 גר' טעם וריח,"תבליני טעם וריח בע""מ",,,יח`,0.90,100 גרם,false,1,9.90,11,true,1,
7290000134673,false,זנגויל טחון מיכל 30 גרם,"תבליני טעם וריח בע""מ",,,יח`,0.30,100 גרם,false,1,6.90,23,false,1,
7290000134864,false,פפריקה חריפה בקופ' 100 גר' טעם וריח,"תבליני טעם וריח בע""\מ",,,יח`,1,100 גרם,false,1,9.90,9.90,true,1,
7290000134871,false,פלפל שחור טחון בקופ' 100 גר' טעם וריח,"תבליני טעם וריח בע""מ",,,יח`,1,100 גרם,false,1,14.90,14.90,true,1,
7290000134987,false,פלפל שחור גרוס בקופ' 90 גר' טעם וריח,"תבליני טעם וריח בע""מ",,,יח`,0.90,100 גרם,false,1,13.90,15.44,true,1,
7290000135052,false,"XL TEN משקה אנרגיה מנגו ללא סוכר 250 מ""ל","טמפו משקאות בע""\מ",,,יח`,2.50,"100 מ""ל",false,1,4.90,1.84,true,1,
7290000135113,false,"משקה אנרגיה XL פחית ten נענע ליים 250 מ""ל","טמפו משקאות בע""\מ",,,יח`,2.50,"100 מ""ל",false,1,4.90,1.84,true,1,
7290000136141,false,פפסי קולה 1.5 ליטר פיקדון,"טמפו משקאות בע""\מ",,,יח`,1.50,1 ליטר,false,1,9.90,6.40,true,1,
7290000136158,false,פפסי מקס משקה מוגז דל קלוריות בטעם קולה,"טמפו משקאות בע""\מ",,,יח`,1.50,1 ליטר,false,1,8.90,5.73,true,1,
7290000136189,false,משקה דיאט 7UP בקבוק 1.5 ליטר פיקדון,"טמפו משקאות בע""\ם.",,,יח`,1.50,1 ליטר,false,1,8.50,5.47,true,1,
7290000136646,false,בירה נשר מאלט ללא אלכוהול 1.5 ליטר,"טמפו משקאות בע""\מ",,,יח`,1.50,1 ליטר,false,1,9.90,6.40,true,1,
7290000136790,false,טמפו מי סודה 6*1.5 ליטר פיקדון,"טמפו משקאות בע""\מ",,,יח`,9,1 ליטר,false,1,18.90,1.90,true,1,
7290000136868,false,סאן בנדטו - מים מינרלים - מארז שישיית 1.5 ליטר,אקווה מינרלה סאן בנדטו ב,,,יח`,9,1 ליטר,false,1,19.90,2.01,true,1,
7290000144467,false,שמן חמניות מועשר בנוגדי חמצון 1 ל' עץ הזית,"נארז ע""י : א.ג. גילר",,,יח`,1,1 ליטר,false,1,17.90,17.90,true,1,
7290000144474,false,שמן עץ הזית קנולה 1 ליטר בריאות מהטבע,סוגת תעשיות בעמ,,,יח`,1,1 ליטר,false,1,16.90,16.90,true,1,
7290000168173,false,"ברנפלקס קרנצ'ים תלמה בד""ץ 375 גרם",יוניליוור ישראל שיווק בעמ,,,יח`,3.75,100 גרם,false,1,23.90,6.37,true,1,
7290000168630,false,קליק שקיות דג דג שוקלד חלבי דצ,יוניליוור ישראל שיווק בעמ,,,יח`,0.75,100 גרם,false,1,6.90,9.20,true,1,
7290000169798,false,"עוגי מופחת סוכר 20% פצפוצי שוקו' 500ג' בד""צ",יוניליוור ישראל שיווק בע`מ,,,יח`,5,100 גרם,false,1,22.90,4.58,true,1,
7290000174723,false,שוקולית אבקה להכנת משקה שוקו 500 גרם,הנסיך- מפעל לייצור ט,,,יח`,5,100 גרם,false,1,13.90,2.78,false,1,
7290000176062,false,קפה טורקי בשקית 100 ג' עלית,שטראוס קפה בי.ויn\.,,,יח`,1,100 גרם,false,1,9.10,9.10,false,1,
7290000176079,false,קפה טורקי עם הל עלית (100 גרם),הנסיך- מפעל לייצור ט,,,יח`,1,100 גרם,false,1,9.90,9.90,false,1,
7290000176413,false,קפה נמס עלית פחית 50 גרם,הנסיך- מפעל לייצור ט,,,יח`,0.50,100 גרם,false,1,10.50,21,false,1,
7290000176420,false,קפה נמס פחית עלית 200 גרם,פיקסל אם.גי.אם בעמ,,,יח`,2,100 גרם,false,1,20.90,10.45,false,1,
7290000178707,false,חטיף צ`יפס בטעם טבעי תפוצ`יפס (50 גרם),"שטראוס פריטו ליי בע""\מ )",,,יח`,0.50,100 גרם,false,1,4.40,8.80,false,1,
7290000187921,false,נייר טואלט דו שכבתי לבן לילי 32 יחידות,קימברלי קלארק ישראל שיווק בעמ,,,יח`,19.69,100 גרם,false,1,40.90,2.08,false,1,
7290000187938,false,לילי - נייר טואולט נייר טואלט פסטל 32 יח',קימברלי קלארק ישראל שיווק בעמ,,,יח`,1,,false,1,35.90,35.90,false,1,
7290000190150,false,מפיות מודפסות תלת שכבתיות ניקול 20 יחידות,קימברלי קלארק ישראל שיווק בעמ,,,יח`,1.02,100 גרם,false,1,10.90,10.69,false,1,
7290000190198,false,מטליות לחות לניקוי וחיטוי 99.9% ניקול 50 יחידה,קימברלי קלארק ישראל שיווק בעמ,,,יח`,1,,false,1,12.90,12.90,true,1,
7290000191546,false,ממחטות טישו צבעוני 2 שכבות לילי מארז 100X3יח',קימברלי קלארק ישראל שיווק בעמ,,,יח`,4.20,100 גרם,false,1,11.90,2.83,false,1,
7290000195773,false,האגיס - מגבוני האגיס סנסטיב קר לא מבושם 64 יח' * 4,קימברלי קלארק ישראל שיווק בעמ,,,יח`,1,,false,1,21.90,21.90,false,1,
7290000196763,false,"שקיות אשפה חזקות במיוחד עם שרוך 52 * 65 ס""מ ניקול 40 יחידות",קימברלי קלארק ישראל שיווק בעמ,,,יח`,1,יח`,false,1,29.90,29.90,true,1,
7290000197029,false,שקיות ריצ'רץ' רב תכליתיות ניקול 12 יחידות,קימברלי קלארק ישראל שיווק בעמ,,,יח`,12,יח`,false,1,15.90,1.33,false,1,
7290000197470,false,שקיות רב שימושיות מתכלות ניקול 250 יחידות,קימברלי קלארק ישראל שיווק בעמ,,,יח`,200,יח`,false,1,15.90,0.08,false,1,
7290000207162,false,רוטב עגבניות מרכיב טבעי 100 ג' יכין,זנלכול יכין,,,יח`,1,100 גרם,false,1,2.50,2.50,true,1,
7290000208114,false,"אפונה וגזר יכין A2 פ""ק בית יוסף",זנלכול יכין,,,יח`,5.50,100 גרם,false,1,8.50,1.55,true,1,
7290000208145,false,גרעיני תירס מתוק לייט 550 גרם יכין,זנלכול יכין,,,יח`,5.50,100 גרם,false,1,10.90,1.98,false,1,
7290000208213,false,שעועית לבנה אפויה A2 ברוטב עגבניות יכין 560ג',היינץ צפון אמריקה מק,,,יח`,5.80,100 גרם,false,1,9.50,1.64,true,1,
7290000208220,false,שעועית צ`ילי מקסיקני חריף יכין (550 גרם),היינץ צפון אמריקה מק,,,יח`,5.80,100 גרם,false,1,10.50,1.81,false,1,
7290000208312,false,גרעיני תירס מתוק בואקום יכין 400 גר',"זנלכל בע""\מ",,,יח`,4,100 גרם,false,1,7.50,1.88,true,1,
7290000208329,false,גרעיני תירס מתוק יכין (550 גרם),זנלכול יכין,,,יח`,5.50,100 גרם,false,1,9.50,1.73,true,1,
7290000208336,false,רסק יכין 240גר 22% יכין בית יוסף,"זנלכל בע""\מ",,,יח`,2.40,100 גרם,false,1,4.50,1.88,true,1,
7290000208428,false,גרגרי חומוס שלם 550 גרם יכין,היינץ צפון אמריקה מק,,,יח`,5.50,100 גרם,false,1,9.50,1.73,true,1,
7290000208855,false,רוטב לפסטה קלאסי יכין (240 גרם),זנלכול יכין,,,יח`,2.40,100 גרם,false,1,6.50,2.71,false,1,
7290000208893,false,גרעיני תירס מתוק לייט 400 גרם יכין,היינץ צפון אמריקה מק,,,יח`,3.40,100 גרם,false,1,7.50,2.21,true,1,
7290000209722,false,רוטב עגבניות 28% יכין (580 גרם)פריכוז,"זנלכל בע""\מ",,,יח`,5.80,100 גרם,false,1,10.90,1.88,false,1,
7290000209906,false,עגבניות מרוסקות בתוספת בצל 240 גרם יכין,זנלכול יכין,,,יח`,2.40,100 גרם,false,1,6.50,2.71,false,1,
7290000209944,false,רוטב לעגבניות בסיס לשקשוקה 240 ג' יכין,"זנלכל בע""\מ",,,יח`,2.40,100 גרם,false,1,6.50,2.71,false,1,
7290000209951,false,רוטב עגבניות לפיצה 260 גרם יכין,"זנלכל בע""\מ",,,יח`,2.40,100 גרם,false,1,6.50,2.71,false,1,
7290000211169,false,"אורז תאילנדי אחד אחד סוגת 1 ק""ג",האי נאם סי או אל.טי.,,,יח`,1,"ק""ג",false,1,7.90,7.90,true,1,
7290000211442,false,אורז בסגנון פרסי קלאסי סוגת (1 קג),האי נאם סי או אל.טי.,,,יח`,1,"ק""ג",false,1,9.90,9.90,false,1,
7290000211503,false,סוכר לבן ארוז בשקית,"סוגת תעשיות בע""\מ",,,יח`,1,"ק""ג",false,1,4.40,4.40,false,1,
7290000211985,false,אורז עגול ריזוטו אחד אחד 1 קג,"סוגת תעשיות בע""\מ",,,יח`,1,"ק""ג",false,1,9.90,9.90,false,1,
7290000238029,false,"בצק עלים צרפתי מרודד מעדנות 1 ק""ג",תנובה מרכז שיתופי לשיווק תוצרת,,,יח`,10,100 גרם,false,1,23.90,2.39,false,1,
7290000238173,false,.בורקס במילוי גבינה 800 גרם מעדנות,מיוצר עי קונדיטוריית,,,יח`,8,100 גרם,false,1,21.90,2.74,false,1,
7290000253220,false,שוקולדצ`יפס לאפייה 260 גר`אופנהיימר,תה ויסוצקי (ישראל) בעמ,,,יח`,2.60,100 גרם,false,1,12.90,4.96,false,1,
7290000253374,false,מיני שוקולד צ`יפס 66% מוצקי קקאו אופנהיי,תה ויסוצקי (ישראל) בעמ,,,יח`,2.50,100 גרם,false,1,15.90,6.36,false,1,
7290000272696,false,מיץ לימון טבעי משומר 1 ליטר עסיס כלפ,קבוצת אוסם סחר שותפות מוגבלת,,,יח`,1,1 ליטר,false,1,10.10,10.10,false,1,
7290000272726,false,חומץ רכיבים רכיבים טבעיים 5% עסיס 1 ליטר,קבוצת אוסם סחר שותפות מוגבלת,,,יח`,1,1 ליטר,false,1,7.90,7.90,false,1,
7290000286228,false,ספוגיות לניקוי כללי סנו סושי 6 יחידות,החברה הדרומית לשיווק בעמ,,,יח`,6,יח`,false,1,12.90,2.15,true,1,
7290000286549,false,מטליות לניקוי כללי סנו סושי 9 יחידות,החברה הדרומית לשיווק בעמ,,,יח`,9,יח`,false,1,12.90,1.43,true,1,
7290000287430,false,סנובון צבעוני לאסלה בריח לימון שלישייה,החברה הדרומית לשיווק בעמ,,,יח`,1.65,100 גרם,false,1,12.90,7.82,true,1,
7290000287485,false,"שלישיית סנובון לובר לאסלה ""סנו""",החברה הדרומית לשיווק בעמ,,,יח`,1.65,100 גרם,false,1,12.90,7.82,true,1,
7290000288017,false,אקונומיקה בריח לימון סנו ז'אוול 1 ליטר,החברה הדרומית לשיווק בעמ,,,יח`,1,1 ליטר,false,1,9.90,9.90,false,1,
7290000288024,false,סנו - ז'אוול אקונומיקה בריח לימון 4 ליטר,החברה הדרומית לשיווק בעמ,,,יח`,40,"100 מ""ל",false,1,18.90,0.47,false,1,
7290000288079,false,סנו - ז'אוול אקונומיקה לימון 2 ליטר,החברה הדרומית לשיווק בעמ,,,יח`,2,1 ליטר,false,1,11.90,5.95,true,1,
7290000289069,false,סנו - ז'אוול מרסס קצף ניקוי בתוספת אקונומיקה בריח לימון 1 ליטר,החברה הדרומית לשיווק בעמ,,,יח`,1,1 ליטר,false,1,18.90,18.90,true,1,
7290000291963,false,אקונומיקה סמיכה בריח לימון סנו ז'אוול 1 ליטר,החברה הדרומית לשיווק בעמ,,,יח`,1,1 ליטר,false,1,9.90,9.90,false,1,
7290000293073,false,מקסימה מרכך כביסה ביו לבן סנו 4 ליטר,החברה הדרומית לשיווק בעמ,,,יח`,4,1 ליטר,false,1,22.40,5.60,true,1,
7290000294780,false,אקונומיקה סמיכה בריח לימון סנו ז'אוול 4 ליטר,החברה הדרומית לשיווק בעמ,,,יח`,40,"100 מ""ל",false,1,18.90,0.47,false,1,
7290000295404,false,שקיות אשפה עם שרוך 54 * 65 סנו סושי 60 יחידות,החברה הדרומית לשיווק בעמ,,,יח`,1,,false,1,22.90,22.90,true,1,
7290000295503,false,זוג שקיות מזון טבע 19*25 סנו סושי 150 יחידות,החברה הדרומית לשיווק בעמ,,,יח`,1,,false,1,14.90,14.90,false,1,
7290000300900,false,שניצל תירס מרכיבים טבעיים טבעול 750 גרם,קבוצת אוסם סחר שותפות מוגבלת,,,יח`,7.50,100 גרם,false,1,27.90,3.72,false,1,
7290000313160,false,זהבה ושלושת הדובים עוגיות בטעם שוקולד אסם 350 גרם,קבוצת אוסם סחר שותפות מוגבלת,,,יח`,2.50,100 גרם,false,1,8.90,3.56,false,1,
7290000313290,false,אסם נודלס נודלס איטריות מסולסלות 200גר,קבוצת אוסם סחר שותפות מוגבלת,,,יח`,2,100 גרם,false,1,9.90,4.95,false,1,
7290000315126,false,קנור ציר עוף משחתי 300 ג,יוניליוור ישראל שיווק בע`מ,,,יח`,3,100 גרם,false,1,27.50,9.17,true,1,
7290000318127,false,נקניקיות ביס יחיעם (380 גרם),מעדני יחיעם (1993) בעמ,,,יח`,3.80,100 גרם,false,1,11.20,2.95,false,1,
7290000318677,false,נקניק סלמי סרוולט יחיעם 150 גרם,מעדני יחיעם (1993) בעמ,,,יח`,1.50,100 גרם,false,1,25.40,16.93,false,1,
7290000318943,false,פסטרמה של פעם מעושן 1.5% יחיעם 200 גרם,מעדני יחיעם ( 1993 ) בע`מ,,,יח`,2,100 גרם,false,1,25.40,12.70,false,1,
7290000319063,false,כתף בקר מפולפל יחיעם 150 גרם,מעדני יחיעם (1993) בעמ,,,יח`,1.50,100 גרם,false,1,25.40,16.93,false,1,
7290000319803,false,קבנוס קלאסי יחיעם (125 גרם),מעדני יחיעם ( 1993 ) בע`מ,,,יח`,1.25,100 גרם,false,1,13.90,11.12,false,1,
7290000345260,false,תה קלאסיק מעטפות ויסוצקי 25 יחידות,תה ויסוצקי (ישראל) בעמ,,,יח`,0.3750,100 גרם,false,1,8,21.33,false,1,
7290000346199,false,חליטת פירות יער הגן הקסום ויסוצקי 25 יחידות,תה ויסוצקי (ישראל) בעמ,,,יח`,0.6750,100 גרם,false,1,17.90,26.52,true,1,
7290000346205,false,חליטת קמומיל הגן הקסום ויסוצקי 25 יחידות,תה ויסוצקי (ישראל) בעמ,,,יח`,0.3750,100 גרם,false,1,17.90,47.73,true,1,
7290000346212,false,חליטת מנטה הגן הקסום ויסוצקי 25 יחידות,תה ויסוצקי (ישראל) בעמ,,,יח`,0.50,100 גרם,false,1,17.90,35.80,true,1,
7290000347738,false,תה ירוק בתוספת עלי נענע 25 שקיקים,תה ויסוצקי (ישראל) בעמ,,,יח`,0.3750,100 גרם,false,1,27.90,74.40,true,1,
7290000347752,false,תה ירוק לימונית ולואיזה 25 שקיקים *1.5 ג'' ויסוצקי,תה ויסוצקי (ישראל) בעמ,,,יח`,1,,false,1,27.90,27.90,true,1,
7290000364261,false,"דקניקים, סלסולי פסטרמה כתף בקר מעושנת 120 גרם",תנובה מרכז שיתופי לשיווק תוצרת,,,יח`,1.20,100 גרם,false,1,16.90,14.08,true,1,
7290000364285,false,דקניקים סלסולי פסטרמה הודו טירת צבי 120 גרם,תנובה מרכז שיתופי לשיווק תוצרת,,,יח`,1.20,100 גרם,false,1,16.90,14.08,true,1,
7290000364292,false,דקניקים סלסולי פסטרמה הודו על גחלים 1% טירת צבי 120 גרם,תנובה מרכז שיתופי לשיווק תוצרת,,,יח`,1.20,100 גרם,false,1,16.90,14.08,true,1,
7290000364858,false,"נקניקיות עוף טרי טירת צבי 1 ק""ג",הנסיך- מפעל לייצור ט,,,יח`,1,"ק""ג",false,1,25.90,25.90,true,1,
7290000364872,false,נקניקיות עוף טירת צבי (400 גרם),טיב טירת צבי 2000,,,יח`,4,100 גרם,false,1,15.20,3.80,true,1,
7290000367590,false,פסטרמה כפרית וסלמי פריזר כפרי טירת צבי 2*400 גרם,תנובה מרכז שיתופי לשיווק תוצרת,,,יח`,8,100 גרם,false,1,37.70,4.71,true,1,
7290000408316,false,יוגורט דנונה דל לקטוז 200 גרם,שטראוס גרופ בעמ/מצונן,,,יח`,2,"100 מ""ל",false,1,3.60,1.80,false,1,
7290000408354,false,יוגורט עם אורז מצופה שוקולד קקאו 175 ג' דנונה,שטראוס גרופ בעמ/מצונן,,,יח`,1.73,"100 מ""ל",false,1,4.60,2.66,false,1,
7290000412481,false,נוזל לניקוי אסלות 00 סנו (1 ליטר),החברה הדרומית לשיווק בעמ,,,יח`,1,1 ליטר,false,1,7.90,7.90,true,1,
7290000416021,false,ממרח בטעם שוקולד השחר העולה (500 גרם),השחר העולה תעשית ממתקים בעמ,,,יח`,5,100 גרם,false,1,14.50,2.90,true,1,
7290000416076,false,"צימקאו לאפייה וציפוי השחר 400 גרם כשל""פ",השחר העולה תעשית ממתקים בעמ,,,יח`,4,100 גרם,false,1,13.50,3.38,true,1,
7290000420325,false,"פופסטאר פופקורן למקירוגל בטעם טבעי 5 שקיות,500 גרם","דנשר (1963) בע,מ",,,יח`,5,100 גרם,false,1,18.50,3.70,true,1,
7290000420332,false,פופסטאר פופקורן למיקרוגל בטעם חמאה 5 יחידות 500 גרם,"דנשר (1963) בע,מ",,,יח`,5,100 גרם,false,1,18.50,3.70,true,1,
7290000446547,false,חמאת בוטנים טבעית בטר אנד דיפרנט 350 גרם,"בטר אנד דיפרנט בע""מ",,,יח`,3.50,100 גרם,false,1,14.90,4.26,false,1,
7290000446554,false,"חמאת בוטנים טבעית בטר אנד דיפרנט 1 ק""ג",בטר אנד דיפרנט בעמ,,,יח`,5.10,100 גרם,false,1,27.90,5.47,false,1,
7290000449128,false,סיף פנטסטיק לימון ניקוי רב תכליתי 4ל',יוניליוור ישראל שיווק בע`מ,,,יח`,4,"ק""ג",false,1,26.50,6.63,true,1,
7290000453019,false,שמרים טריים לאפייה שקית שמרית 50 ג',שטראוס גרופ בעמ/מצונן,,,יח`,0.50,100 גרם,false,1,4.90,9.80,false,1,
7290000453408,false,בצק פיצה דק מצונן ומוכן לאפייה שמרית 415 גרם,שטראוס גרופ בעמ/מצונן,,,יח`,4.15,100 גרם,false,1,17.90,4.31,false,1,
7290000461625,false,בייגלה שמיניות מלח בייגל בייגל 400 ג',יוניליוור ישראל שיווק בע`מ,,,יח`,4,100 גרם,false,1,11.50,2.88,true,1,
7290000461656,false,בייגלה מקלות מלוחים בייגל בייגל 400 גרם,"יוניליוור ישראל שיווק בע""מ",,,יח`,4,100 גרם,false,1,11.50,2.88,true,1,
7290000461700,false,בייגלה שמיניות גדולות מלוחות 400 גרם,יוניליוור ישראל שיווק בע`מ,,,יח`,4,100 גרם,false,1,13.90,3.48,true,1,
7290000474090,false,"חלב בקרטון 1%- 1 ליטר בד""צ - מוצר בפיקוח",*החברה המרכזית להפצת משקאותבעמ,,,יח`,1,1 ליטר,false,1,5.86,5.86,false,1,
7290000474502,false,גבינה לבנה טרה 5% מרכיבים טבעיים,*החברה המרכזית להפצת משקאותבעמ,,,יח`,2.50,100 גרם,false,1,4.98,1.99,false,1,
7290000474540,false,גבינה טוב טעם 3% טרה 250ג' מהדרין,החברה המרכזית טלהפצת משקאות בע,,,יח`,2.50,100 גרם,false,1,12.20,4.88,false,1,
7290000480107,false,קוואקר שיבולת שועל פחית 500 גרם,שטראוס פריטו ליי בעמ,,,יח`,5,100 גרם,false,1,13.90,2.78,false,1,
7290000481531,false,דגנית עין בר לחמניות אצבע מחיטה מלאה בשקית 750 ג',דגנית עין בר תעשיות מזון ואפיה,,,יח`,7.50,100 גרם,false,1,12.90,1.72,false,1,
7290000481883,false,דגנית עין בר מארז לחמניות 10 יח'*75 ג',דגנית עין בר תעשיות מזון ואפיה,,,יח`,7.50,100 גרם,false,1,12.90,1.72,false,1,
7290000484747,false,"ארק עלית 700 מ""ל 40% יקב הגליל*",יקב הגליל יוסף גולד ובניו,,,יח`,7,"100 מ""ל",false,1,59.90,8.51,false,1,
7290000497044,false,לחם אקטיב ברמן (750 גרם),מאפית י את א ברמן בע,,,יח`,7.50,100 גרם,false,1,15.90,2.12,false,1,
7290000497112,false,"לחם כהה פרוס וארוז ""ברמן""-מוצר בפיקוח",מאפית י את א ברמן בע,,,יח`,7.50,100 גרם,false,1,6.90,0.92,false,1,
7290000497198,false,מארז פיתות עשירייה אסלי,מאפית י את א ברמן בע,,,יח`,10,100 גרם,false,1,10.90,1.09,false,1,
7290000497204,false,פיתות בשקית חמישיה. ברמן,מאפית י את א ברמן בע,,,יח`,5,100 גרם,false,1,7.50,1.50,false,1,
7290000497228,false,לחמניה רגילה בשקית ברמן 6יח',מאפית י את א ברמן בע,,,יח`,4.50,100 גרם,false,1,10.90,2.42,false,1,
7290000497358,false,חלומית חלה מתוקה קלועה ברמן (500 גרם),מאפית י את א ברמן בע,,,יח`,5,100 גרם,false,1,12.90,2.58,false,1,
7290000497426,false,לחם ברמן לענין פלוס 500 גרם,מאפית י את א ברמן בע,,,יח`,7.50,100 גרם,false,1,14.60,1.95,false,1,
7290000498393,false,חלה רגילה/עגולה/מרובעת,מאפית י.את א. ברמן ב,,,יח`,5,100 גרם,false,1,4.90,0.98,false,1,
7290000523125,false,מלח הארץ הים האדום 250 ג' עדין,"חברת מלח הארץ אילת בע""\מ",,,יח`,2,100 גרם,false,1,5.90,2.95,false,1,
7290000523224,false,מלח הארץ הים האדום 500 ג' עדין,"חברת מלח הארץ אילת בע""\מ",,,יח`,5,100 גרם,false,1,8.40,1.68,false,1,
7290000523521,false,מלח ים מלח הארץ 250 גרם מועשר ביוד,חברת מלח הארץ אילת ב,,,יח`,2,100 גרם,false,1,5.90,2.95,false,1,
7290000525969,false,מיץ תפוזים סחוט רכיבים טבעיים פרימור 1 ליטר,שטראוס גרופ בעמ/מצונן,,,יח`,1,1 ליטר,false,1,16.90,16.90,false,1,
7290000530598,false,נקניקיות עוף וינר זוגלובק 500 גרם,נקניק נהריה כשר זוגל,,,יח`,5,100 גרם,false,1,17.50,3.50,true,1,
7290000537566,false,נקניקיות עוף טרי 400 ג' זוגלובק,נקניק נהריה כשר זוגל,,,יח`,4,100 גרם,false,1,13.90,3.48,true,1,
7290000552989,false,בשר טחון טיבון ויל 500 גרם,"טיבון ויל אחזקות בע""\מ",,,יח`,5,100 גרם,false,1,29.50,5.90,false,1,
7290000554402,false,מעדן חלב מלבי גד (160 גרם),מחלבות גד שיווק 1992 בעמ,,,יח`,1.60,"100 מ""ל",false,1,5.80,3.63,true,1,
7290000554471,false,נקניק מוצרלה 22 אחוז 180גרם גד מהדרין,מחלבות גד שיווק 1992 בעמ,,,יח`,1.80,100 גרם,false,1,17.90,9.94,false,1,
7290000554532,false,גבינה צפתית מעודנת במלח ים 5% 200 ג' גד,מחלבות גד שיווק 1992 בעמ,,,יח`,2,100 גרם,false,1,15.40,7.70,false,1,
7290000554600,false,מוצרלה מגורדת 22 אחוז 300גרם גד מהדרין,מחלבות גד שיווק 1992 בעמ,,,יח`,3,100 גרם,false,1,24.90,8.30,false,1,
7290000554686,false,גבינת לאבנה בתוספת שמן זית וזעתר 5% גד 250 גרם,מחלבות גד שיווק 1992 בעמ,,,יח`,2.50,100 גרם,false,1,14.90,5.96,false,1,
7290000560533,false,אדג`פרו ג`ל לגילוח רגיל ירוק 220 מל,אס.סי ג'ונסון ובניו,,,יח`,2,100 גרם,false,1,20.70,10.35,false,1,
7290000571386,false,המחלבה יוגורמה יוגורט מחלב כבשים 5% 850 גרם,גבינות משק אחים מאיר בית,,,יח`,8.50,"100 מ""ל",false,1,25.90,3.05,false,1,
7290000574035,false,לחם אחיד פרוס דגנית עין בר (750 גרם),דגנית עין בר תעשיות מזון ואפיה,,,יח`,7.50,100 גרם,false,1,6.90,0.92,false,1,
7290000574141,false,לחם חיטה מלא 750ג' דגנית עין בר,דגנית עין בר תעשיות מזון ואפיה,,,יח`,7.50,100 גרם,false,1,14.90,1.99,false,1,
7290000574172,false,לחם קל מחיטה מלאה 750 ג' דגנית עין בר,דגנית עין בר תעשיות מזון ואפיה,,,יח`,7.50,100 גרם,false,1,15.90,2.12,false,1,
7290000644783,false,נתחי פילה סלמון קפוא קג,תנובה קפואים,,,"ק""ג",1,,true,1,89.90,89.90,false,1,
7290000654973,false,גזר ארוז,מפעלי יופי אגשח בעמ*שיק 45 יום,,,"ק""ג",1,,true,1,5.90,5.90,false,1,
7290000688084,false,מי עדן פקק ספורטאים500מל,יפאורה שותפות מוגבלת לשיווק,,,יח`,5,"100 מ""ל",false,1,2.50,0.44,false,1,
7290000688466,false,מי עדן 0.75 ליטר ספורט בודד,יפאורה שותפות מוגבלת לשיווק,,,יח`,7.50,"100 מ""ל",false,1,2.50,0.29,false,1,
7290000688503,false,"מים מינרלים פקק ספורט מי עדן 6*750 מ""ל",יפאורה שותפות מוגבלת לשיווק,,,יח`,4.50,1 ליטר,false,1,14.90,2.91,false,1,
7290000841557,false,"סטרילי נוזל חיטוי 500 מ""ל לניקוי פירות וירקות",סטרילי מעבדות בעמ,,,יח`,7,"100 מ""ל",false,1,13.30,1.90,false,1,
7290000993461,false,עגבניות שרי צהוב פרמיום ארוז,צימן עגבניות *לא פעיל*,,,יח`,1,,false,1,9.90,9.90,false,1,
7290000993560,false,עגבניות שרי תמר שוקו 500 גרם לפי יח',צימן עגבניות *לא פעיל*,,,יח`,5,100 גרם,false,1,9.90,1.98,false,1,
7290000995410,false,נבטים סיניים נבטי העמק,"בכורי השדה צפון1994 ג.ד. בע""מ",,,יח`,1,,false,1,7.90,7.90,false,1,
7290001041147,false,חומוס גדול יבש מיה 1 ק'ג,מיה תעשיות מזון מ.ת.מ. בעמ,,,יח`,1,"ק""ג",false,1,12.90,12.90,true,1,
7290001041185,false,"פופקורן גרעינים מיה 1 ק""ג",מיה תעשיות מזון מ.ת.מ. בעמ,,,יח`,1,"ק""ג",false,1,12.90,12.90,false,1,
7290001041192,false,"עדשים אדומים יבשים מיה 1 ק""ג",מיה תעשיות מזון מ.ת.מ. בעמ,,,יח`,1,"ק""ג",false,1,12.90,12.90,true,1,
7290001041260,false,שומשום מיה (400 גרם),מיה תעשיות מזון מ.ת.מ. בעמ,,,יח`,4,100 גרם,false,1,13.20,3.30,false,1,
7290001045169,false,מיץ תפוחי עץ צלול פרימור 1 ליטר,שטראוס גרופ בעמ/מצונן,,,יח`,1,1 ליטר,false,1,16.90,16.90,false,1,
7290001045688,false,"מיץ תפוזים סחוט פרימור 400 מ""ל",שטראוס גרופ בעמ/מצונן,,,יח`,4,"100 מ""ל",false,1,7.90,1.90,false,1,
7290001121238,false,קורנדביף 4% שומן יחיעם (180 גרם).,מעדני יחיעם ( 1993 ) בע`מ,,,יח`,1.80,100 גרם,false,1,25.40,14.11,false,1,
7290001201510,false,ביצים ארוזות M מ. לסר) (30 פיקוח,מ לסר בעמ - חברה לשיווק ביצים,,,יח`,1,,false,1,27.87,27.87,false,1,
7290001201589,false,ביצים ארוזות L מ. לסר) (12 פיקוח,מ לסר בעמ - חברה לשיווק ביצים,,,יח`,1,,false,1,12.05,12.05,false,1,
7290001201596,false,ביצים ארוזות M 12 יחידות,מ לסר בעמ - חברה לשיווק ביצים,,,יח`,1,,false,1,11.15,11.15,false,1,
7290001201602,false,ביצים 18 יח גדול לסר,מ לסר בעמ - חברה לשיווק ביצים,,,יח`,1,,false,1,18.07,18.07,false,1,
7290001201824,false,תבנית ביצים 12 יח' לארג' אורגני,מ לסר בעמ - חברה לשיווק ביצים,,,יח`,1,,false,1,19.30,19.30,false,1,
7290001201862,false,ביצי חופש לארג' 12 יחידות,מ לסר בעמ - חברה לשיווק ביצים,,,יח`,1,,false,1,17.30,17.30,false,1,
7290001216040,false,טחינה גולמית שומשום טהור אל ארז 500 גרם,אגס ירוק מסחר ושירותים,,,יח`,5,100 גרם,false,1,16.90,3.38,false,1,
7290001216057,false,"טחינה שומשום טהור אל ארז 1 ק""ג",אגס ירוק מסחר ושירותים,,,יח`,1,"ק""ג",false,1,32.90,32.90,false,1,
7290001216231,false,טחינה גולמית שומשום מלא אל ארז 500 גרם,אגס ירוק מסחר ושירותים,,,יח`,5,100 גרם,false,1,18.90,3.78,false,1,
7290001247112,false,קרטונית נקטר ספרינג לימונענע 1 ליטר,יפאורה שותפות מובגלת לשיווק,,,יח`,1,1 ליטר,false,1,7.30,7.30,false,1,
7290001247143,false,קרטונית נקטר ספרינג תפוחים 1 ליטר,יפאורה שותפות מובגלת לשיווק,,,יח`,1,1 ליטר,false,1,7.30,7.30,false,1,
7290001327180,false,שטראוס קרמיסימו וניל ציפ 1.33 ליטר,"גלידת שטראוס בע""\מ, רחוב",,,יח`,1.33,1 ליטר,false,1,20.90,15.71,false,1,
7290001327197,false,שטראוס קרמיסימו שוקולד וניל,"גלידת שטראוס בע""\מ, רח'\",,,יח`,1.33,1 ליטר,false,1,20.90,15.71,false,1,
7290001327791,false,גלידה קרמיסימו וניל עוגיות 1.33 ליטר,"גלידת שטראוס בע""\מ, רחוב",,,יח`,1.33,1 ליטר,false,1,20.90,15.71,false,1,
7290001407547,false,טחינה גולמית משומשום מלא פי 6 בארכה 500ג',קבוצת אוסם סחר שותפות מוגבלת,,,יח`,5,100 גרם,false,1,14.20,2.84,false,1,
7290001588499,false,פפאיה אורגנית שקל ארוז,שדות תוצרת מזון אורגנית ש.ק.ד,,,"ק""ג",1,,true,1,22.90,22.90,false,1,
7290001594155,false,"קוקה-קולה בבקבוק אישי 500 מ""ל",החברה המרכזית להפצת משקאות בעמ,,,יח`,5,"100 מ""ל",false,1,6.90,1.32,false,1,
7290001594568,false,בירה בפחית קרלסברג (500 מל),החברה המרכזית להפצת משקאות בעמ,,,יח`,5,"100 מ""ל",false,1,9.90,1.92,false,1,
7290001594858,false,מארז שישייה בירה טובורג רד (330x6 מל),החברה המרכזית להפצת משקאות בעמ,,,יח`,1.98,1 ליטר,false,1,43.90,21.26,true,1,
7290001594865,false,"שישייה בירה קרלסברג בקבוק 330 מ""ל",החברה המרכזית להפצת משקאות בעמ,,,יח`,1.98,1 ליטר,false,1,36.90,17.73,true,1,
7290001670255,false,כוס קרטון שתייה חמה 8B 50 יח',הנמל אריזות ושיווק (1984) בעמ,,,יח`,1,,false,1,10.90,10.90,true,1,
7290001865439,false,פמילי אל סבון נוזלי בניחוח וניל 1 ליטר,אף.סי תבליני בגליל ב,,,יח`,1,1 ליטר,false,1,15.90,15.90,true,1,
7290001865453,false,פמילי לקשרי 1 ליטר לבנדר ארומטי+משאבה,מיוצר עי קונדיטוריית,,,יח`,1,1 ליטר,false,1,15.90,15.90,true,1,
7290001990094,false,"סוכר חום כהה צנצנת קלאסי סוגת 1ק""ג",האי נאם סי או אל.טי.,,,יח`,10,100 גרם,false,1,15.90,1.59,false,1,
7290001990148,false,"סוכר גולדן קלאסי בצנצנת 1 ק""ג סוגת",האי נאם סי או אל.טי.,,,יח`,1,"ק""ג",false,1,14.90,14.90,false,1,
7290002007890,false,כוסות חד פעמיות מפלסטיק 100 יח`,הנמל אריזות ושיווק (1984) בעמ,,,יח`,100,יח`,false,1,9.90,0.10,false,1,
7290002007975,false,צלחות פלסטיק קטנות חד פעמיות 50 יח,הנמל אריזות ושיווק (1984) בעמ,,,יח`,50,יח`,false,1,10.90,0.22,true,1,
7290002007999,false,צלחות פלסטיק גדולות חד פעמיות 50 יח,הנמל אריזות ושיווק (1984) בעמ,,,יח`,1,,false,1,15.90,15.90,true,1,
7290002008989,false,קישקשים קשים לשתיה 225יח הנמל,הנמל אריזות ושיווק (1984) בעמ,,,יח`,1,,false,1,8.90,8.90,false,1,
7290002019763,false,עגבניות מרוסקות 800ג פריניר ה.מכירה *,ח.כהן סוכנות מזון ומשקאות בע,,,יח`,8,100 גרם,false,1,7.90,0.99,true,1,
7290002019787,false,רוטב עגבניות מרוכז מאוד 260 גרם פריניר,ח.כהן סוכנות מזון ומשקאות בע,,,יח`,2.60,100 גרם,false,1,3.90,1.50,true,1,
7290002019794,false,רוטב עגבניות מרוכז מאוד 100 גרם פריניר,ח.כהן סוכנות מזון ומשקאות בע,,,יח`,1,100 גרם,false,1,1.90,1.90,true,1,
7290002037637,false,לחמניות הבית מתוקות מאפיית ודש) (4,מאפית י.את א. ברמן ב,,,יח`,4,100 גרם,false,1,11.90,2.98,false,1,
7290002077725,false,סלומון נורווגי מצונן דלידג 100ג',נטו מלינדה סחר בע`מ,,,יח`,1,100 גרם,false,1,19.90,19.90,false,1,
7290002107071,false,גבינת פטה עיזים מעודנת 16% משק צוריאל 200 גרם,החברה המרכזית טלהפצת משקאות בע,,,יח`,2,100 גרם,false,1,27.60,13.80,false,1,
7290002107491,false,גבינה לבנה מחלב עיזים למריחה 5% משק צוריאל 250 גרם,*החברה המרכזית להפצת משקאותבעמ,,,יח`,2.50,100 גרם,false,1,17.60,7.04,true,1,
7290002129479,false,פיצה איטלקית דקה שלושת האופים 320 גר,האי נאם סי או אל.טי.,,,יח`,3.20,100 גרם,false,1,14.90,4.66,true,1,
7290002130567,false,דבש דבורים טהור פרחי בר יד מרדכי 350 גרם,מכוורת יד מרדכי שטראוס ב,,,יח`,3.50,100 גרם,false,1,18.90,5.40,false,1,
7290002130574,false,דבש טהור מפרחי בר בזכוכית 500 ג' יד מרדכי,מכוורת יד מרדכי שטראוס ב,,,יח`,5,100 גרם,false,1,25.90,5.18,false,1,
7290002130581,false,דבש טהור מפרחי בר יד מרדכי (1 קג),מכוורת יד מרדכי שטראוס ב,,,יח`,1,"ק""ג",false,1,45.90,45.90,false,1,
7290002157960,false,טונה ויליגר רביעייה 140 גר במי מלח,נטו מילנדה סחר בעמ*,,,יח`,1.40,100 גרם,false,1,21.90,15.64,false,1,
7290002195054,false,המבורגר קפוא בלדי (400 גרם),יוליניבר,,,יח`,4,100 גרם,false,1,12.90,3.23,false,1,
7290002195085,false,קבב מזרחי קפוא בלדי (400 גרם),יוליניבר,,,יח`,4,100 גרם,false,1,12.90,3.23,false,1,
7290002281498,false,גבינה צהובה מגורדת על בסיס חלב 500 ג' ריץ,נטו מילנדה סחר בעמ*,,,יח`,5,100 גרם,false,1,25.90,5.18,true,1,
7290002317081,false,זיתים נטולי גלעין +20% 670ג A2 מטולה,שימורי מוטולה בעמ,,,יח`,5.60,100 גרם,false,1,10.90,1.95,true,1,
7290002317128,false,מלפפון 560ג במלח 10-12 A2 מטולה,שימורי מוטולה בעמ,,,יח`,5.60,100 גרם,false,1,10.90,1.95,true,1,
7290002317135,false,מלפפון 560ג במלח 13-17 A2 מטולה,שימורי מוטולה בעמ,,,יח`,5.60,100 גרם,false,1,10.90,1.95,true,1,
7290002317166,false,מלפפון 560ג בחומץ 10-12 A2 מטולה,שימורי מוטולה בעמ,,,יח`,5.60,100 גרם,false,1,10.90,1.95,true,1,
7290002317173,false,מלפפון בחומץ 13-17 560ג A2 מטולה,שימורי מוטולה בעמ,,,יח`,5.60,100 גרם,false,1,10.90,1.95,true,1,
7290002317265,false,מלפפון 650ג במלח +20% 7-9 A2 מטולה,שימורי מוטולה בעמ,,,יח`,5.60,100 גרם,false,1,8.90,1.59,true,1,
7290002317326,false,זיתים מנזולינו 12-15 +20% 670ג A2 מטולה,שימורי מוטולה בעמ,,,יח`,5.60,100 גרם,false,1,9.90,1.77,true,1,
7290002317579,false,זיתים טבעות ירוק 560ג A2 מטולה,שימורי מוטולה בעמ,,,יח`,5.60,100 גרם,false,1,10.90,1.95,true,1,
7290002317616,false,זיתים מרינט 17-19 560ג A2 מטולה,שימורי מוטולה בעמ,,,יח`,5.60,100 גרם,false,1,10.90,1.95,true,1,
7290002317678,false,חרוזית ירוק צנצנת זכוכית מוטולה,שימורי מוטולה בעמ,,,יח`,5.60,100 גרם,false,1,10.90,1.95,true,1,
7290002319016,false,אבקת אפיה עשיריות מיה 100 גרם,מיה תעשיות מזון מ.ת.מ. בעמ,,,יח`,1,100 גרם,false,1,3.30,3.30,true,1,
7290002319023,false,סוכר וניל עשיריות מיה 100 גרם,מיה תבליני החיים ירושלים בע`מ,,,יח`,1,100 גרם,false,1,2.90,2.90,true,1,
7290002319061,false,קוקוס טחון מיה (100 גרם),מיה תעשיות מזון מ.ת.מ. בעמ,,,יח`,1,100 גרם,false,1,4,4,false,1,
7290002319375,false,"קורנפלור 200 ג' בד""ץ מיה",מיה תעשיות מזון מ.ת.מ. בעמ,,,יח`,2,100 גרם,false,1,5.10,2.55,false,1,
7290002327028,false,ג'חנון תימני 3 האופים 650 גר',נטו מלינדה סחר בעמ,,,יח`,6.50,100 גרם,false,1,16.90,2.60,true,1,
7290002327073,false,בורקס גבינה 800 גר' שלושת האופים קהילות,נטו מלינדה סחר בע`מ,,,יח`,8,100 גרם,false,1,20.90,2.61,true,1,
7290002331025,false,"מים מינרלים נביעות ספורט 500 מ""ל פקדון",החברה המרכזית להפצת משקאות בעמ,,,יח`,5,"100 מ""ל",false,1,3.40,0.62,false,1,
7290002331094,false,"מים מינרליים GO TO נביעות 755 מ""ל",החברה המרכזית להפצת משקאות בעמ,,,יח`,7.50,"100 מ""ל",false,1,4,0.49,false,1,
7290002331360,false,"נביעות מים מינרליים טו גו מארז 500X6מ""ל",החברה המרכזית להפצת משקאות בעמ,,,יח`,3,1 ליטר,false,1,17,5.07,true,1,
7290002353836,false,סרדינים רוברט בשמן זית 115 גרם,קונסרבס פורטוגל נורטה,,,יח`,1.15,100 גרם,false,1,8.90,7.74,true,1,
7290002371533,false,דקניקים סלסולי פסטרמה דבש טירת צבי 120 גרם,תנובה מרכז שיתופי לשיווק תוצרת,,,יח`,1.20,100 גרם,false,1,16.90,14.08,true,1,
7290002374312,false,שמן קנולה מזוכך 6% מילומור (1 ליטר),"נארז ע""י : א.ג. גילר",,,יח`,1,1 ליטר,false,1,11.90,11.90,false,1,
7290002407348,false,שמן זית ג`השאן כתית מעולה 750 מל`,משק משפחת ג'השאן,,,יח`,7.50,"100 מ""ל",false,1,35.90,4.79,true,1,
7290002407645,false,שמן זית כתית מעולה ( 750 מל) ארץ הגליל,אבאל יזמות בעמ,,,יח`,7.50,"100 מ""ל",false,1,30.90,4.12,true,1,
7290002407676,false,זית תערובת אריזת( 800 גר`גהשאן,אבאל יזמות בעמ,,,יח`,8,100 גרם,false,1,22.90,2.86,true,1,
7290002517283,false,תבלין פלפל שחור גרוס 40 גר' מיכל,תבליני טעם וריח בעמ,,,יח`,0.40,100 גרם,false,1,9.90,24.75,false,1,
7290002517337,false,אורגנו עלים 20 גר' טעם וריח,"תבליני טעם וריח בע""מ",,,יח`,0.20,100 גרם,false,1,6.90,34.50,false,1,
7290002517658,false,תבלין כורכום 40 גרם מיכל קטן,"תבליני טעם וריח בע""\מ",,,יח`,0.40,100 גרם,false,1,6.90,17.25,false,1,
7290002517726,false,קינמון מקלות 15 גר' טעם וריח,"תבליני טעם וריח בע""מ",,,יח`,0.15,100 גרם,false,1,6.90,46,false,1,
7290002517825,false,"פלפל לבן טחון 40 גרם ""טעם וריח""","תבליני טעם וריח בע""מ",,,יח`,0.40,100 גרם,false,1,9.90,24.75,false,1,
7290002542506,false,"בקבוק בירה קורונה 355 מ""ל",קריניציה ויטמינה אס,,,יח`,3.55,"100 מ""ל",false,1,9.90,2.70,false,1,
7290002542773,false,"בירה סטלה ארטואה בקבוק 330 מ""ל","אינבב, ברוורייפליין",,,יח`,3.30,"100 מ""ל",false,1,6.50,1.88,false,1,
7290002542780,false,"שישייה בירה סטלה ארטואה בקבוק 330X6 מ""ל","אינבב, ברוורייפליין",,,יח`,1.98,1 ליטר,false,1,38.70,18.64,true,1,
7290002692393,false,שמן קנולה מזוכך מועשר עץ הזית (1 ליטר),סוגת תעשיות בעמ,,,יח`,1,1 ליטר,false,1,16.90,16.90,true,1,
7290002692768,false,"תרסיס שמן קנולה מזוכך ללא תוספת גז עץ הזית 200 מ""ל",טרנסומס פוד איי בי,,,יח`,2,"100 מ""ל",false,1,21.90,10.95,true,1,
7290002730521,false,צימרוני אוזניים בלונס בקופסא 200 יח',ש. שסטוביץ בע`מ,,,יח`,1,100 גרם,false,1,7.50,7.50,false,1,
7290002730941,false,כדורי צמר גפן בלונס 100 יחידות,הנסיך- מפעל לייצור ט,,,יח`,1,100 גרם,false,1,7.50,7.50,false,1,
7290002752332,false,"סוכריות מנטוס פירות בגליל, 37.5 גרם",הדקלאים אגודת שיתופי,,,יח`,0.3750,100 גרם,false,1,4,10.67,false,1,
7290002752349,false,סוכריות מנטוס מנטה 40יח' בגליל 38ג',ליימן שליסל בעמ,,,יח`,0.3750,100 גרם,false,1,4,10.67,false,1,
7290002805151,false,סיף פנטסטיק לרצפות בניחוח סחלבים 4ל',"יוניליוור ישראל שיווק בע""מ",,,יח`,4,1 ליטר,false,1,21.40,5.35,true,1,
7290002824183,false,"גבינה לבנה סקי 500 גרם 5% ""שטראוס"" -מוצר בפיקוח",שטראוס גרופ בעמ/מצונן,,,יח`,5,100 גרם,false,1,9.50,1.90,false,1,
7290002824466,false,יוגורט דנונה ביו לבן 0% שומן 200 גרם,שטראוס גרופ בעמ/מצונן,,,יח`,2,"100 מ""ל",false,1,3.60,1.80,false,1,
7290002824640,false,"גבינת סקי 250 גרם 5% ""שטראוס"" -מוצר בפיקוח",שטראוס גרופ בעמ/מצונן,,,יח`,2.50,100 גרם,false,1,4.97,1.99,false,1,
7290002825722,false,כרוב אדום במיונז אחלה (500 גרם),שטראוס גרופ בעמ/מצונן,,,יח`,5.75,100 גרם,false,1,15.60,2.71,true,1,
7290002868996,false,"קוטג' 5% שומן, רכיבים טבעיים, 250 גרם",*החברה המרכזית להפצת משקאותבעמ,,,יח`,2.50,100 גרם,false,1,5.90,2.36,false,1,
7290002871248,false,"בירה טובורג רד בקבוק 500 מ""ל חוזר",החברה המרכזית להפצת משקאות בעמ,,,יח`,5,"100 מ""ל",false,1,9.70,1.70,false,1,
7290002871361,false,"בירה קרלסברג בקבוק 500 מ""ל חוזר",החברה המרכזית להפצת משקאות בעמ,,,יח`,5,"100 מ""ל",false,1,9.70,1.70,false,1,
7290002881469,false,עגבניות מיובשות קצוצות עם זיתים ירוקים תומר 340 גרם,תומר יבוא ושיווק מוצרי מזון (1,,,יח`,1,,false,1,12.90,12.90,false,1,
7290002929642,false,נתחי טונה בהירה בשמן ויליגר (140x4 גרם),דיאמנט פוד פרודקט קו,,,יח`,4.60,100 גרם,false,1,21.90,4.76,false,1,
7290002972006,false,קמח בהיר(405) ללא צורך בניפוי ( 1 קג ),טחנות קמח שטיבל בש בעמ,,,יח`,1,"ק""ג",false,1,9.50,9.50,true,1,
7290002973829,false,קמח כוסמין לבן( 1 קג) ללא צורך ניפוי ש,טחנות קמח שטיבל בש בעמ,,,יח`,10,100 גרם,false,1,14.90,1.49,false,1,
7290002974239,false,"קמח עוגות ללא צ.בניפוי שטיבל 1 ק""ג*",טחנות קמח שטיבל בש בעמ,,,יח`,1,"ק""ג",false,1,9.50,9.50,true,1,
7290002974314,false,"קמח פיצה שטיבל 1 ק""ג",טחנת קמח דגן-שטיבל,,,יח`,1,"ק""ג",false,1,11.50,11.50,true,1,
7290003009640,false,מיץ תפוזים סחוט רכיבים טבעיים פריגת 1 ליטר,*החברה המרכזית להפצת משקאותבעמ,,,יח`,1,1 ליטר,false,1,16.90,16.90,true,1,
7290003029181,false,משקה יטבתה שוקו' בקבוק 1ל מהדרין,שטראוס גרופ בעמ/מצונן,,,יח`,1,1 ליטר,false,1,11.90,11.90,false,1,
7290003029389,false,"משקה חלב בננה פקק ספורט 250 מ""ל יוטבתה",שטראוס גרופ בעמ/מצונן,,,יח`,2.50,"100 מ""ל",false,1,5.50,2.20,false,1,
7290003029433,false,"משקה יטבתה שוקו פקק 250 מ""ל מהדרין",שטראוס גרופ בעמ/מצונן,,,יח`,2.50,"100 מ""ל",false,1,5.50,2.20,false,1,
7290003029815,false,חלב מועשר 3% בכד יטבתה 2 ליטר,שטראוס גרופ בעמ/מצונן,,,יח`,20,"100 מ""ל",false,1,15.20,0.76,false,1,
7290003107346,false,קמח חיטה לבן בדץ טחנת קמח דגן (1 קג),טחנות קמח דגן (2006) בעמ,,,יח`,1,"ק""ג",false,1,4.40,4.40,true,1,
7290003107353,false,שטיבל משפר אפייה ביתי 3 * 10 גרם,ט.ק דגן טכנולוגיות ב,,,יח`,0.30,100 גרם,false,1,6.90,23,true,1,
7290003107360,false,קמח לבן בהיר 1 קג ללא צורך בניפוי,טחנת קמח דגן לישראל,,,יח`,10,100 גרם,false,1,8.90,0.89,false,1,
7290003229109,false,פסטרמה הודו בפפריקה טירת צבי (400 גרם),תנובה מרכז שיתופי לשיווק תוצרת,,,יח`,4,100 גרם,false,1,27.90,6.98,true,1,
7290003229123,false,פסטרמה הודו על גחלים 2% טירת צבי 400 גרם,תנובה מרכז שיתופי לשיווק תוצרת,,,יח`,4,100 גרם,false,1,31.90,7.98,true,1,
7290003229147,false,נקניק סלמי איטלקי מעושן טירת צבי 300 גרם,תנובה מרכז שיתופי לשיווק תוצרת,,,יח`,3,100 גרם,false,1,31.60,10.53,true,1,
7290003229192,false,נקניק כתף בקר מעושן 2% טירת צבי 400 גרם,תנובה מרכז שיתופי לשיווק תוצרת,,,יח`,4,100 גרם,false,1,37.70,9.43,true,1,
7290003268641,false,דגנית עין בר חלה מתוקה מיוחדת 500 גרם,דגנית עין בר תעשיות מזון ואפיה,,,יח`,5,100 גרם,false,1,12.90,2.58,false,1,
7290003287253,false,נקניקיות מרגז הקצביה 500 גרם בלדי,בלדי בעמ,,,יח`,5,100 גרם,false,1,28.90,5.78,false,1,
7290003287284,false,קבב ביתי קצביה ארוז 600 גר`באלדי,בלדי בע`מ,,,יח`,6,100 גרם,false,1,28.90,4.82,false,1,
7290003321155,false,יוגורט בר עם פקאן מצופה שוקולד 183 ג' דנונה,שטראוס גרופ בעמ/מצונן,,,יח`,1.75,"100 מ""ל",false,1,4.60,2.63,false,1,
7290003411696,false,מרקיות פלסטיק חד פעמיות 25 יח`,הנמל אריזות ושיווק (1984) בעמ,,,יח`,25,יח`,false,1,9.90,0.40,true,1,
7290003438006,false,ממרח אולביה פסטו וצנובר איטלקי 190ג',תה ויסוצקי (ישראל) בעמ,,,יח`,1.90,100 גרם,false,1,14.90,7.84,false,1,
7290003438013,false,7290003אוליביה ממרח זיתים ירוקים 190 גרם,תה ויסוצקי (ישראל) בעמ,,,יח`,1.90,100 גרם,false,1,14.90,7.84,false,1,
7290003438020,false,אוליביה ממרח עגבניות מיובשות (190 גרם),תה ויסוצקי (ישראל) בעמ,,,יח`,1.90,100 גרם,false,1,14.90,7.84,false,1,
7290003450602,false,חרדל אמיתי צהוב בקבוק לחיץ 255 גר,היינץ צפון אמריקה מקבוצת ה.י.היינץ,,,יח`,2.55,100 גרם,false,1,11.90,4.67,false,1,
7290003457861,false,"סולרו בטעם פירות טרופיים ""שטראוס""","מיוצר ע""\י גלידת שטראוס",,,יח`,1,,false,1,7.90,7.90,true,1,
7290003550753,false,נתחי טונה בהירה בשמן פוסידון (108x4 גרם),"מיוצר עי וליגר בעמ,",,,יח`,4.32,100 גרם,false,1,22.90,5.30,true,1,
7290003570171,false,מינוט שניצל 300 גרם / 20 יחידות,"בלדי בע""\מ",,,יח`,3,100 גרם,false,1,23.90,7.97,false,1,
7290003570928,false,קבב בלדי קצביה ארוז קפוא 500ג',בלדי בעמ,,,יח`,5,100 גרם,false,1,28.90,5.78,false,1,
7290003578061,false,לבבות דקל שלמים וילי פוד (400 גרם),ג.וילי-פוד אינטרנשיונל בעמ,,,יח`,4,100 גרם,false,1,13.90,3.48,false,1,
7290003578108,false,חתיכות אננס בסירופ קל וילי פוד (850 גרם),ג.וילי פוד אינטרנשיונל בעמ,,,יח`,8.20,100 גרם,false,1,9.90,1.21,false,1,
7290003598311,false,דק דק אנטריקוט 300 גר`קפוא פרוס מינוט,"בלדי בע""\מ",,,יח`,3,100 גרם,false,1,34.90,11.63,true,1,
7290003643004,false,אורז בסמטי קלאסי סוגת (1 קג),האי נאם סי או אל.טי.,,,יח`,1,"ק""ג",false,1,14.90,14.90,true,1,
7290003643387,false,"סוכר אריזת פלסטיק 1 ק""ג סוגת",האי נאם סי או אל.טי.,,,יח`,1,"ק""ג",false,1,8.90,8.90,false,1,
7290003643646,false,"סוכר דמררה קלאסי בצנצנת סוגת 1 ק""ג",האי נאם סי או אל.טי.,,,יח`,10,100 גרם,false,1,13.50,1.35,false,1,
7290003643684,false,אפונה יבשה סוגת 500 גר',האי נאם סי או אל.טי.,,,יח`,5,100 גרם,false,1,7.50,1.50,true,1,
7290003643707,false,גריסים סוגת (500 גרם),"סוגת תעשיות בע""מ",,,יח`,5,100 גרם,false,1,6.50,1.30,true,1,
7290003643714,false,חומוס גרגירים 500 גרם סוגת,האי נאם סי או אל.טי.,,,יח`,5,100 גרם,false,1,7.90,1.58,true,1,
7290003643738,false,חיטה סוגת (500 גרם),האי נאם סי או אל.טי.,,,יח`,5,100 גרם,false,1,6.50,1.30,true,1,
7290003643745,false,כוסמת סוגת (500 גרם),האי נאם סי או אל.טי.,,,יח`,5,100 גרם,false,1,8.90,1.78,true,1,
7290003643752,false,עדשים ירוקים יבש סוגת 500 גר',האי נאם סי או אל.טי.,,,יח`,5,100 גרם,false,1,8.90,1.78,true,1,
7290003643769,false,עדשים אדומים יבש סוגת 500 גר',"סוגת תעשיות בע""\מ",,,יח`,5,100 גרם,false,1,7.50,1.50,true,1,
7290003643806,false,שעועית לבנה יבשה סוגת (500 גרם),האי נאם סי או אל.טי.,,,יח`,5,100 גרם,false,1,13.90,2.78,true,1,
7290003681051,false,אגוזי פאקן סיני מסוכר 100 גר' מיה,מיה תעשיות מזון מ.ת.מ. בעמ,,,יח`,1,100 גרם,false,1,18.90,18.90,false,1,
7290003726615,false,"טופו ויילר 300 גרם ""שטראוס""",שטראוס גרופ בעמ/מצונן,,,יח`,3,100 גרם,false,1,12.50,4.17,false,1,
7290003781065,false,מלפפונים בחומץ קטנים מאוד וילי פוד 370 גרם,ג. וילי-פוד אינטרנשיונל בע`מ,,,יח`,6.90,100 גרם,false,1,10.90,1.58,false,1,
7290003781652,false,צלפים במי מלח וילי פוד 230 גרם,ג. וילי-פוד אינטרנשיונל בע`מ,,,יח`,3.50,100 גרם,false,1,9.50,2.71,false,1,
7290003804252,false,תיבוליות לאורז בנוסח הודי קנור 80גרם,יוניליוור ישראל שיווק בע`מ,,,יח`,0.80,100 גרם,false,1,10.90,13.63,true,1,
7290003804368,false,תיבוליות בזיליקום קנור (8 יח`- 72 גרם),"יוניליוור ישראל שיווק בע""מ",,,יח`,0.72,100 גרם,false,1,10.90,15.14,true,1,
7290003805587,false,"פתית חיטה מלאה בד""צ 250 גרם-קופסא",יוניליוור ישראל שיווק בע`מ,,,יח`,2.50,100 גרם,false,1,19.30,7.72,true,1,
7290003864478,false,סרדינים בשמן צמחי פתח קל ויליפוד 110 גרם,ג.וילי-פוד אינטרנשיונל בעמ,,,יח`,1.10,100 גרם,false,1,6.10,5.55,true,1,
7290003864492,false,סרדין בשמן צמחי חריף פתח קל ויליפוד 110 גרם,ג. וילי-פוד אינטרנשיונל בע`מ,,,יח`,1.10,100 גרם,false,1,5.90,5.36,true,1,
7290003882922,false,עלי גפן ממולאים באורז וילי פוד 360 גרם,ג. וילי-פוד אינטרנשיונל בע`מ,,,יח`,4,100 גרם,false,1,9.90,2.48,false,1,
7290003989096,false,סלט חצילים פיקנטי אחלה 500 גרם,שטראוס גרופ בעמ/מצונן,,,יח`,5.75,100 גרם,false,1,16.60,2.89,true,1,
7290003989539,false,רביולי עם גבינה שטראוס (400 גרם),שטראוס גרופ בעמ/מצונן,,,יח`,4,100 גרם,false,1,20.90,5.23,true,1,
7290003989553,false,פסטה טורטליני גבינה ופטריות 400 גרם,שטראוס גרופ בעמ/מצונן,,,יח`,4,100 גרם,false,1,20.90,5.23,true,1,
7290004063016,false,מלח שולחן מעולה סלית (1 קג)פיקוח,האי נאם סי או אל.טי.,,,יח`,1,"ק""ג",false,1,1.90,1.90,false,1,
7290004063115,false,"מלח מטבח עבה להמלחת בשר ובישול 1 ק""ג 1ק""ג",האי נאם סי או אל.טי.,,,יח`,1,"ק""ג",false,1,1.90,1.90,false,1,
7290004064389,false,מלח הימלאיה דק 250ג מלחיה סוגת*,"חברת מלח הארץ אילת בע""\מ",,,יח`,2.50,100 גרם,false,1,12.90,5.16,true,1,
7290004068011,false,יוגורט כבשים בדלי 5% שומן 600 ג' גד,מחלבות גד שיווק 1992 בעמ,,,יח`,6,100 גרם,false,1,17.90,2.98,false,1,
7290004068028,false,"יוגורט צזיקי לשתיה 3.5% 500 מ""ל רובין",מחלבות גד שיווק 1992 בעמ,,,יח`,5,"100 מ""ל",false,1,10.90,2.18,false,1,
7290004068172,false,"יוגורט עיזים בדלי 5% 600 מ""ל רובין",מחלבות גד שיווק 1992 בעמ,,,יח`,6,100 גרם,false,1,17.90,2.98,false,1,
7290004119133,false,כד יוגורט תנובה 6.5% שומן 1.5 ליטר,מיוצר עי קונדיטוריית,,,יח`,1.50,1 ליטר,false,1,17.50,11.67,false,1,
7290004120634,false,גבינה בולגרית (2505% גרם)פיראוס תנובה,תנובה מרכז שיתופי לש,,,יח`,2.50,100 גרם,false,1,21.90,8.76,false,1,
7290004121488,false,יוגורט ביו דיאט 0% אפרסק יופלה (150 גרם),תנובה מרכז שיתופי לש,,,יח`,1.50,"100 מ""ל",false,1,5.20,3.47,false,1,
7290004121853,false,גבינה בולגרית קוביות (2005% גרם)פיראוס,תנובה מרכז שיתופי לש,,,יח`,2,100 גרם,false,1,22.90,11.45,false,1,
7290004122119,false,פתיתי פרמזן לפסטה 23% השף הלבן 100 גרם,"תנובה בע""מ ***",,,יח`,1,100 גרם,false,1,12.90,12.90,false,1,
7290004122195,false,גוש חלב גבינה צהובה פרוסה 28% תנובה 200 גרם,"תנובה בע""מ ***",,,יח`,2,100 גרם,false,1,14.20,7.10,false,1,
7290004122270,false,עמק קלאסית פרוסות גבינה חצי קשה 28% 200 גרם,תנובה מרכז שיתופי לש,,,יח`,2,100 גרם,false,1,16.30,8.15,false,1,
7290004122348,false,גבינה צהובה מופחתת שומן 9% עמק (200 גרם),תנובה מרכז שיתופי לש,,,יח`,2,100 גרם,false,1,16.90,8.45,false,1,
7290004122683,false,עמק חטיף אצבעות גבינה חצי קשה 28% שומן,תנובה מרכז שיתופי לש,,,יח`,1.72,100 גרם,false,1,16.80,9.77,false,1,
7290004124205,false,יופלה דיאט יוגורט תות %0 גביע 150 גרם,תנובה מרכז שיתופי לש,,,יח`,1.50,"100 מ""ל",false,1,5.20,3.47,false,1,
7290004124847,false,"קצפת צמחית השף הלבן 500 מ""ל תנובה",תנובה מרכז שיתופי לש,,,יח`,5,"100 מ""ל",false,1,15.90,3.18,false,1,
7290004125370,false,"שמנת חמוצה 9% מופחתת שומן תנובה 200 מ""ל מהדרין",תנובה מרכז שיתופי לש,,,יח`,2,"100 מ""ל",false,1,3.70,1.85,false,1,
7290004125400,false,"אשל שלי מהדרין 200 מ""ל 4.5% ""תנובה""- מוצר בפיקוח",פארייפאבה אגרואינדוס,,,יח`,2,"100 מ""ל",false,1,1.69,0.85,false,1,
7290004125417,false,"גיל 3% שלי 200 מ""ל ""תנובה"" -מוצר בפיקוח",תנובה מרכז שיתופי לש,,,יח`,2,"100 מ""ל",false,1,1.51,0.76,false,1,
7290004125455,false,"שמנת חמוצה 200 מ""ל 15% ""תנובה"" -מוצר בפיקוח",תנובה מרכז שיתופי לש,,,יח`,2,"100 מ""ל",false,1,2.40,1.20,false,1,
7290004125509,false,"שמנת חמוצה 15% מועשרת תנובה 100 מ""ל",תנובה מרכז שיתופי לש,,,יח`,1,"100 מ""ל",false,1,1.70,1.70,false,1,
7290004125578,false,משקה סויה מועשר בסידן 1 ל`תנובה,תנובה מרכז שיתופי לש,,,יח`,1,1 ליטר,false,1,11.50,11.50,false,1,
7290004125585,false,משקה סויה בטעם וניל תנובה 1 ליטר,תנובה מרכז שיתופי לש,,,יח`,1,1 ליטר,false,1,11.50,11.50,false,1,
7290004125721,false,"השף הלבן שמנת עמידה לבישול 15% תנובה 250 מ""ל",תנובה מרכז שיתופי לש,,,יח`,2.50,"100 מ""ל",false,1,8.20,3.28,false,1,
7290004125738,false,שמנת מתוקה להקצפה32% 250מל עמיד השף הלבן,תנובה מרכז שיתופי לש,,,יח`,2.50,"100 מ""ל",false,1,6.60,2.64,false,1,
7290004125776,false,גבינה צהובה קלאסית 28% עמק (400 גרם),"תנובה בע""מ ***",,,יח`,4,100 גרם,false,1,28.80,7.20,false,1,
7290004126674,false,טל העמק פרוסות גבינה חצי קשה לייט %9 200 גרם בקופסא,תנובה מרכז שיתופי לש,,,יח`,2,100 גרם,false,1,18.90,9.45,false,1,
7290004126759,false,דאיט יופלה פירות יער טו יוג פרי 150גר.,"תנובה בע""מ ***",,,יח`,1.50,"100 מ""ל",false,1,5,3.33,false,1,
7290004126872,false,משקאות חלב תנובה שוקו בקבוק 250מל,תנובה - חלב,,,יח`,2.50,"100 מ""ל",false,1,5.90,2.36,false,1,
7290004127077,false,קוטג תנובה 3% גביע 250 גרם מהדרין,מיוצר עי קונדיטוריית,,,יח`,2.50,100 גרם,false,1,5.70,2.28,false,1,
7290004127329,false,קוטג תנובה גביע 250 גרם %5 ו.מהדרין,מיוצר עי קונדיטוריית,,,יח`,2.50,100 גרם,false,1,5.70,2.28,false,1,
7290004127336,false,קוטג תנובה גביע 250 גרם %9 ו.מהדרין,מיוצר עי קונדיטוריית,,,יח`,2.50,100 גרם,false,1,5.50,2.20,false,1,
7290004127800,false,"גבינה לבנה 500 גרם 5% ""תנובה"" -מוצר בפיקוח",מיוצר עי קונדיטוריית,,,יח`,5,100 גרם,false,1,9.96,1.99,false,1,
7290004127817,false,גבינה לבנה 9% שומן 500 ג' תנובה,מיוצר עי קונדיטוריית,,,יח`,5,100 גרם,false,1,9.50,1.90,false,1,
7290004129767,false,"3% 'יופלה לבן מארז שמינייה 1.2 ק""ג",תנובה מרכז שיתופי לש,,,יח`,12,"100 מ""ל",false,1,17.90,1.49,false,1,
7290004130794,false,משקה סויה במתיקות מופחתת תנובה (1 ליטר),תנובה מרכז שיתופי לש,,,יח`,1,1 ליטר,false,1,11.50,11.50,false,1,
7290004130916,false,יוגורט יופלה פירות יער בשמנת 3% 150 גרם,תנובה מרכז שיתופי לש,,,יח`,1.50,"100 מ""ל",false,1,5,3.33,false,1,
7290004131074,false,"חלב 1 ליטר 3% קרטון ""תנובה""- מוצר בפיקוח",תנובה מרכז שיתופי לש,,,יח`,1,1 ליטר,false,1,6.23,6.23,false,1,
7290004131432,false,יוגורט יופלה לבן ביו 3% 200 גרם,מיוצר עי קונדיטוריית,,,יח`,2,"100 מ""ל",false,1,3.90,1.95,false,1,
7290004131456,false,יוגורט ביו 1.5% שומן 200 ג' יופלה,מיוצר עי קונדיטוריית,,,יח`,2,"100 מ""ל",false,1,3.90,1.95,false,1,
7290004131814,false,גבינת צפתית מעודנת (2005% גרם)פיראוס ת,פארייפאבה אגרואינדוס,,,יח`,2,100 גרם,false,1,15.90,7.95,false,1,
7290004132552,false,משקה סויה בטעם טבעי לייט תנובה 1 ליטר,תנובה מרכז שיתופי לש,,,יח`,1,1 ליטר,false,1,11.50,11.50,false,1,
7290004132712,false,חטיף אצבעות גבינת מוצרלה 20% 172 ג' עמק,תנובה מרכז שיתופי לש,,,יח`,1.74,100 גרם,false,1,16.90,9.71,false,1,
7290004132903,false,גבינה לבנה 3% מהדרין תנובה 250 גרם,תנובה מרכז שיתופי לש,,,יח`,2.50,100 גרם,false,1,4.70,1.88,false,1,
7290004133511,false,יופלה מאגדת לבן 1.5% מעודן 8 יח' * 150 ג',מיוצר עי קונדיטוריית,,,יח`,1.20,1 ליטר,false,1,20.90,17.42,false,1,
7290004135614,false,גבינה בולגרית מעודנת 5% פיראוס 250 גרם,"תנובה בע""מ ***",,,יח`,2.50,100 גרם,false,1,22.30,8.92,false,1,
7290004137021,false,"שמנת עמידה לבישול מופחת שומן 10% השף הלבן 250 מ""ל",תנובה מרכז שיתופי לש,,,יח`,2.50,"100 מ""ל",false,1,8.20,3.28,false,1,
7290004137311,false,גבינה צהובה מופחתת שומן 9% עמק (400 גרם),"תנובה בע""מ ***",,,יח`,4,100 גרם,false,1,30.80,7.70,false,1,
7290004219819,false,קומפלטה מלבין קפה הולנדי 200ג,ג. וילי-פוד אינטרנשיונל בע`מ,,,יח`,2,100 גרם,false,1,10.90,5.45,false,1,
7290004225285,false,גבינה בסגנון דנאבלו 100 גר,האי נאם סי או אל.טי.,,,יח`,1,100 גרם,false,1,14.50,14.50,true,1,
7290004256371,false,ריץ פרוס 400 ג' -צהובה פרוסה,נטו מילנדה סחר בעמ*,,,יח`,4,100 גרם,false,1,20.90,5.23,false,1,
7290004494919,false,יין כנען קברנה שיראז 750 מל דלתון,הכרם - משקאות חריפים בעמ,,,יח`,7.50,"100 מ""ל",false,1,50.90,6.75,true,1,
7290004554293,false,קרחון אסקימו שטראוס ענבים,גלידות שטראוס בעמ,,,יח`,0,100 גרם,false,1,1.90,1.90,false,1,
7290004584351,false,גבינה לבנה סימפוניה עם תוספות 200 ג' חמישית 200,שטראוס גרופ בעמ/מצונן,,,יח`,2,100 גרם,false,1,11.90,5.95,false,1,
7290004584528,false,יוגורט דנונה ביו לבן 1.7% שומן 200 גרם,שטראוס גרופ בעמ/מצונן,,,יח`,2,"100 מ""ל",false,1,3.60,1.80,false,1,
7290004685010,false,לחם 100% שיפון פלוס לחם הארץ 500 גר',מאפית י את א ברמן בע,,,יח`,5,100 גרם,false,1,16.20,3.24,false,1,
7290004685089,false,לחם הארץ לחם חמניות 500 גר',מאפית י את א ברמן בע,,,יח`,1,,false,1,16.20,16.20,false,1,
7290004685126,false,לחם 5 דגנים פרוס לחם הארץ (750 גרם),מאפית י את א ברמן בע,,,יח`,7.50,100 גרם,false,1,16.20,2.16,false,1,
7290004685157,false,לחם שיפון 100% פרוס לחם הארץ (750 גרם),מאפית י את א ברמן בע,,,יח`,7.50,100 גרם,false,1,16.20,2.16,false,1,
7290004685201,false,לחם הארץ שיפון אגוזים500,מאפית י את א ברמן בע,,,יח`,5,100 גרם,false,1,16.20,3.24,false,1,
7290004685225,false,לחם פומפרניקל פרוס לחם הארץ (750 גרם),מאפית י את א ברמן בע,,,יח`,7.50,100 גרם,false,1,16.20,2.16,false,1,
7290004685430,false,100% לחם כומסין 500 גר לחם הארץ,מאפית י את א ברמן בע,,,יח`,5,100 גרם,false,1,16.20,3.24,false,1,
7290004685447,false,לחמניות כוסמין 6 יח בשקית מלא 450 גר`E,מאפית ברמן מקבוצת י. את,,,יח`,4.50,100 גרם,false,1,15.90,3.53,true,1,
7290004685478,false,פיתות כוסמין 10 יח בשקית 550 גרם,מאפיית י.את א. ברמן בעמ,,,יח`,5.50,100 גרם,false,1,16.90,3.07,false,1,
7290004731083,false,אל סבון נוזלי ג`ינסנג כיף (1 ליטר),החברה הדרומית לשיווק בעמ,,,יח`,1,1 ליטר,false,1,13.90,13.90,true,1,
7290004731472,false,"אל סבון צבעוני כיף שלישיה* 500 מ""ל",החברה הדרומית לשיווק בעמ,,,יח`,1.50,1 ליטר,false,1,21.90,14.60,true,1,
7290004737719,false,אספרגוס שלם מקולף בצנצנת ויליפוד 330 גרם,ג.וילי-פוד אינטרנשיונל בעמ,,,יח`,3.30,100 גרם,false,1,10.90,3.30,false,1,
7290005084355,false,סנסודין משחת שיניים דואל קר פלואוריד 75,גלקסו סמית קליין,,,יח`,0.75,100 גרם,false,1,22.90,30.53,true,1,
7290005174513,false,חציל על האש במיונז אחלה 400 גרם+225גר,שטראוס גרופ בעמ/מצונן,,,יח`,5,100 גרם,false,1,16.20,3.24,true,1,
7290005174551,false,סלט חומוס עם צנוברים 125 ג' אחלה,שטראוס גרופ בעמ/מצונן,,,יח`,1.25,100 גרם,false,1,5.50,4.40,false,1,
7290005174575,false,טחינה אחלה יום יום משובחת 125ג',שטראוס גרופ בעמ/מצונן,,,יח`,1.25,100 גרם,false,1,5,4,false,1,
7290005197758,false,"עוגיות חיוכים שוקולד עלית 150 גרם בד""צ",אפיפית נצרת תעשיות ב,,,יח`,1.50,100 גרם,false,1,6.10,4.07,false,1,
7290005200786,false,תפוצ'יפס בטעם שמנת בצל עלית 50 גרם,"שטראוס פריטו ליי בע""\מ )",,,יח`,0.50,100 גרם,false,1,4.40,8.80,false,1,
7290005287206,false,רביעיית טונה בשמן סטארקיסט 160 גרם,דיפלומט מפיצים (1968) בעמ**,,,יח`,6.40,100 גרם,false,1,26.90,4.20,true,1,
7290005287251,false,רביעיית טונה במים סטארקיסט 160 גרם,דיפלומט מפיצים (1968) בעמ**,,,יח`,6.40,100 גרם,false,1,26.90,4.20,true,1,
7290005425110,false,"חיטוי משטחים 99.9% מתז מחטא ומשמיד 750 מ""ל",החברה הדרומית לשיווק בעמ,,,יח`,7.50,"100 מ""ל",false,1,15.90,2.12,true,1,
7290005425646,false,קליר נוזל לניקוי חלונות רב תכליתי סנו 1 ליטר,החברה הדרומית לשיווק בעמ,,,יח`,1,1 ליטר,false,1,11.90,11.90,true,1,
7290005427107,false,סנו - סושי מגבות נייר הפלא 6 יחידות,החברה הדרומית לשיווק בעמ,,,יח`,5.70,100 גרם,false,1,13.90,2.44,true,1,
7290005431906,false,מארז קדאיף 82 גר`עדן קינוחים,עדן קינוחים Eden,,,יח`,1.24,100 גרם,false,1,7.20,5.81,false,1,
7290005431920,false,עוגת גבינה פירורים לייט עדן קינוחים 78 גרם,עדן קינוחים Eden,,,יח`,1,,false,1,7.20,7.20,false,1,
7290005431937,false,מעדן טירמיסו 82 גר`עדן קינוחים,עדן קינוחים Eden,,,יח`,0.82,100 גרם,false,1,7.20,8.78,false,1,
7290005431968,false,מלבי שמנת עדן קינוחים 150 גרם,עדן קינוחים Eden,,,יח`,1.50,"100 מ""ל",false,1,7.50,5,false,1,
7290005591761,false,דבש טהור מפרחי בר בלחיץ 400 ג' יד מרדכי,מכוורת יד מרדכי שטרא,,,יח`,4,100 גרם,false,1,22.90,5.73,false,1,
7290005610509,false,צנונית ארוז דוד משה 500ג',תוצרת הנגב אגודה שיתופית חקלאי,,,יח`,1,,false,1,6.90,6.90,true,1,
7290005686436,false,תפוח עץ מיובש ששון ה,דין שיווק וקליה 2021 בעמ,,,יח`,2,100 גרם,false,1,12.90,6.45,false,1,
7290005838002,false,מעדן גבינה ויוגורט בטעם וניל 88 ג' דניאלה,שטראוס גרופ בעמ/מצונן,,,יח`,1.50,"100 מ""ל",false,1,4,2.67,false,1,
7290005839078,false,שמיניית יוגורט לבן 3% ביו דנונה 150 גרם,שטראוס גרופ בעמ/מצונן,,,יח`,1.20,1 ליטר,false,1,17.20,14.33,false,1,
7290005839108,false,גבינה לבנה סימפוניה עם תוספות 200 ג'+זיתים 5%,שטראוס גרופ בעמ/מצונן,,,יח`,2,100 גרם,false,1,11.90,5.95,false,1,
7290005839313,false,מילקי Top עם שוקולדה מגולגלת 140 גרם,שטראוס גרופ בעמ/מצונן,,,יח`,1.30,"100 מ""ל",false,1,4.90,3.77,false,1,
7290005854040,false,שלגון אסקימו משמש שטראוס 75 גרם,גלידות שטראוס בעמ,,,יח`,0.70,100 גרם,false,1,1.90,2.71,true,1,
7290005992018,false,"יוגורט עיזים לשתיה 3% מחלבות גד 500 מ""ל",מחלבות גד שיווק 1992 בעמ,,,יח`,5,"100 מ""ל",false,1,14.90,2.98,false,1,
7290005992575,false,גבינה בולגרית למריחה 5% גד (250 גרם),מחלבות גד שיווק 1992 בעמ,,,יח`,2.50,100 גרם,false,1,17.90,7.16,false,1,
7290005992735,false,לאבנה טבעית 5% 250 גר' - רבנות,מחלבות גד שיווק 1992 בעמ,,,יח`,2.50,100 גרם,false,1,12.40,4.96,false,1,
7290005996078,false,סלמי סרוולט הונגרי יחיעם 150 גרם,מעדני יחיעם (1993) בעמ,,,יח`,1.25,100 גרם,false,1,27.90,22.32,false,1,
7290005996221,false,פסטרמה של פעם דק דק (120 גר`)יחיעם,מעדני יחיעם (1993) בעמ,,,יח`,1.20,100 גרם,false,1,11.20,9.33,false,1,
7290005996238,false,פסטרמה בדבש דק דק (120 גר`)יחיעם,מעדני יחיעם (1993) בעמ,,,יח`,1.20,100 גרם,false,1,11.20,9.33,false,1,
7290005996276,false,פסטרמה ברביקין דק דק (120 גר`)יחיעם,מעדני יחיעם (1993) בעמ,,,יח`,1.20,100 גרם,false,1,11.20,9.33,false,1,
7290006229427,false,סן בנדטו - מים מינרלים - מארז שישיית 500 מל,טמפו משקאות בע`מ,,,יח`,3,1 ליטר,false,1,15,4.40,true,1,
7290006251275,false,תה ירוק סיני קלאסי ויסוצקי 25 יחידות,תה ויסוצקי (ישראל) בעמ,,,יח`,0.3750,100 גרם,false,1,27.90,74.40,true,1,
7290006251374,false,תה ירוק לימונית וג'ינג'ר ויסוצקי 25 יחידות,תה ויסוצקי (ישראל) בעמ,,,יח`,0.25,100 גרם,false,1,27.90,111.60,true,1,
7290006271655,false,מיני בורקס במילוי גבינה מעדנות (800 גרם),תנובה מרכז שיתופי לשיווק תוצרת,,,יח`,8,100 גרם,false,1,26.90,3.36,false,1,
7290006272072,false,חטיפי פיצה גבינה מעדנות 650 גרם,תנובה קפואים,,,יח`,6.50,100 גרם,false,1,34.90,5.37,false,1,
7290006342447,false,גרעיני אבטיח ששון הקולה 200 גרם,דין שיווק וקליה 2021 בעמ,,,יח`,2,100 גרם,false,1,13.90,6.95,false,1,
7290006492432,false,גבינה מוצרלה בייבי 18% גד (150 גרם),מחלבות גד שיווק 1992 בעמ,,,יח`,1.70,100 גרם,false,1,14.90,8.76,false,1,
7290006492616,false,גבינה בולגרית מעודנת פרוסות 5% גד 250 גרם,מחלבות גד שיווק 1992 בעמ,,,יח`,2.50,100 גרם,false,1,27.50,11,false,1,
7290006492630,false,גבינת פרומעז עיזים 22% גד 180 גרם,מחלבות גד שיווק 1992 בעמ,,,יח`,1.80,100 גרם,false,1,23.90,13.28,false,1,
7290006511157,false,פטריות שמפניון שלמות וילי פוד (400 גרם),ג.וילי-פוד אינטרנשיונל בעמ,,,יח`,4,100 גרם,false,1,7.90,1.98,false,1,
7290006511751,false,פטריות שמפניון חתוך ויליפוד 290X3 ג' בד”צ,ג.וילי-פוד אינטרנשיונל בעמ,,,יח`,8.70,100 גרם,false,1,12.50,1.44,false,1,
7290006644480,false,תפוזינה תפוזים 0.5 ליטר,יפאורה שותפות מובגלת לשיווק,,,יח`,5,"100 מ""ל",false,1,5.90,1.12,true,1,
7290006644510,false,"מיץ ענבים 500 מ""ל תפוזינה",יפאורה שותפות מוגבלת לשיווק,,,יח`,5,"100 מ""ל",false,1,5.90,1.12,true,1,
7290006653819,false,קוסקוס אמיתי דק בשקית 350 גרם,קבוצת אוסם סחר שותפות מוגבלת,,,יח`,3.50,100 גרם,false,1,8.90,2.54,false,1,
7290006664051,false,"אקטימל לבן 1.51 ק""ג מארז 14 יחידות",שטראוס גרופ בעמ/מצונן,,,יח`,1.40,1 ליטר,false,1,30.90,22.07,false,1,
7290006664655,false,דנונה Actimel יוגורט טבעי 8*100 מ``ל,שטראוס גרופ בעמ/מצונן,,,יח`,8,"100 מ""ל",false,1,21.70,2.71,false,1,
7290006664990,false,"יוגורט דנונה ביו לבן 1.7% שומן 8*150 מ""ל",שטראוס גרופ בעמ/מצונן,,,יח`,1.20,1 ליטר,false,1,17.20,14.33,false,1,
7290006681003,false,גלידה קרמיסימו סרבט תות לימון 650 גרם,"גלידת שטראוס בע""\מ, רחוב",,,יח`,1.33,1 ליטר,false,1,20.90,15.71,false,1,
7290006681553,false,קרמבו בטעם וניל שטראוס 8 יחידות,"גלידות שטראוס בע""מ",,,יח`,2,100 גרם,false,1,17.90,8.95,false,1,
7290006681560,false,קרמבו בטעם מוקה שטראוס 8 יחידות,"גלידות שטראוס בע""מ",,,יח`,2,100 גרם,false,1,17.90,8.95,false,1,
7290006681966,false,שטראוס קרמיסימו,גלידות שטראוס בעמ,,,יח`,1.33,1 ליטר,false,1,20.90,15.71,false,1,
7290006681980,false,שטראוס קרמיסימו פירות יער,גלידות שטראוס בעמ,,,יח`,1.33,1 ליטר,false,1,20.90,15.71,false,1,
7290006704061,false,עירית ארוזה,א.אדמה (2007) בעמ,,,יח`,1,,false,1,5.90,5.90,false,1,
7290006704269,false,חסה עגולה יח',"מרינה פטריות הגליל בע""מ",,,יח`,1,,false,1,5.10,5.10,false,1,
7290006742278,false,פסטרמה הודו צלויה על לבנים 330 ג' זוגלובק,נקניק נהריה כשר זוגל,,,יח`,3.30,100 גרם,false,1,30.50,9.24,true,1,
7290006742292,false,פסטרמה הודו בדבש 330 ג' זוגלובק,נקניק נהריה כשר זוגל,,,יח`,3.30,100 גרם,false,1,30.50,9.24,true,1,
7290006742315,false,פסטרמה חזה הודו ברביקיו 2% זוגלובק 330 גרם,נקניק נהריה כשר זוגל,,,יח`,3.30,100 גרם,false,1,27.90,8.45,true,1,
7290006764065,false,בירה נשר מאלט ללא אלכוהול 500 מל,"טמפו משקאות בע""\ם.",,,יח`,5,"100 מ""ל",false,1,5.90,0.94,true,1,
7290006764072,false,"בירה גולדסטאר בקבוק 500 מ""ל חוזר","טמפו משקאות בע""\מ",,,יח`,5,"100 מ""ל",false,1,8.70,1.50,false,1,
7290006788481,false,"קרליין - נושם סאן רייס דאודורנט ספריי לאישה כתום 200 מ""ל",החברה הדרומית לשיווק בעמ,,,יח`,2,"100 מ""ל",false,1,13.90,6.95,true,1,
7290006822192,false,נקטר דיאט חמוציות אושן ספריי פריגת 1 ליטר,החברה המרכזית להפצת משקאות בעמ,,,יח`,1,1 ליטר,false,1,13.90,13.90,false,1,
7290006983152,false,קרוטונים מתובלים למרק אסם (400 גרם),קבוצת אוסם סחר שותפות מוגבלת,,,יח`,4,100 גרם,false,1,21.40,5.35,false,1,
7290006983176,false,קרקר לחמית שיפון אסם (230 גרם),קבוצת אוסם סחר שותפות מוגבלת,,,יח`,2.30,100 גרם,false,1,9.90,4.30,true,1,
7290006983206,false,אבקה להכנת פלאפל בקלי קלות 180 גרם,קבוצת אוסם סחר שותפות מוגבלת,,,יח`,0.90,100 גרם,false,1,11.50,12.78,false,1,
7290006983770,false,עוגת הבית שיש אסם (400 גרם),קבוצת אוסם סחר שותפות מוגבלת,,,יח`,4,100 גרם,false,1,12.50,3.13,false,1,
7290006983787,false,עוגת הבית שוקולד צ'יפס אסם 400 גרם,קבוצת אוסם סחר שותפות מוגבלת,,,יח`,4,100 גרם,false,1,12.50,3.13,false,1,
7290006983794,false,עוגת הבית בטעם תפוז אסם 400 גרם,קבוצת אוסם סחר שותפות מוגבלת,,,יח`,4,100 גרם,false,1,12.50,3.13,false,1,
7290008175814,false,וילי פוד פטריות שמפיניון חתוך בדץ 400ג,ג.וילי פוד אינטרנשיונל בעמ,,,יח`,4,100 גרם,false,1,4.90,1.23,false,1,
7290008268455,false,קיווי ישראלי בראשית,בראשית - אגודה שיתופית חקלאית-,,,יח`,1,,false,1,15,15,false,1,
7290008343466,false,בצק פילו שלושת האופים (500 גרם),שלושת האופים שגמור,,,יח`,5,100 גרם,false,1,21.90,4.38,true,1,
7290008409124,false,מאמא עוף קפוא שניצל ג'ונגל פריך 700 גרם,תנובה מרכז שיתופי לשיווק תוצרת,,,יח`,7,100 גרם,false,1,38.80,5.54,false,1,
7290008409551,false,שניצל עוף אמיתי בציפוי מעודן 700 ג' מאמא עוף,תנובה מרכז שיתופי לשיווק תוצרת,,,יח`,7,100 גרם,false,1,42.90,6.13,false,1,
7290008415071,false,צבר חומוס עם טחינה עגול 150 גרם,קבוצת אוסם סחר שותפות מוגבלת,,,יח`,1.50,100 גרם,false,1,5,3.33,false,1,
7290008415514,false,צבר חומוס עם חריף עגול 150 גרם,קבוצת אוסם סחר שותפות מוגבלת,,,יח`,1.50,100 גרם,false,1,5,3.33,false,1,
7290008464024,false,"בירה גולדסטאר Unfiltered, בירה לא מסוננת, פחית 500 מ""ל","טמפו משקאות בע""מ",,,יח`,5,"100 מ""ל",false,1,8.90,1.72,false,1,
7290008464109,false,"בירה גולדסטאר Unfiltered, בירה לא מסוננת, בקבוק 330 מ""ל","טמפו משקאות בע""מ",,,יח`,3.30,"100 מ""ל",false,1,8.20,2.39,false,1,
7290008464130,false,"בירה גולדסטאר Unfiltered, בירה לא מסוננת, מארז שישייה, בקבוק 330 מ""ל",טמפו משקאות בעמ,,,יח`,1.98,1 ליטר,false,1,44.70,21.67,true,1,
7290008464468,false,בירה בפחית גולדסטאר (500 מל),פארייפאבה אגרואינדוס,,,יח`,5,"100 מ""ל",false,1,8.50,1.64,false,1,
7290008464475,false,בירה מכבי פחית 500 מ``ל,"טמפו משקאות בע""\מ",,,יח`,5,"100 מ""ל",false,1,7.50,1.44,false,1,
7290008464697,false,"בירה מכבי 7.9%, בירה חזקה, מארז שישייה, בקבוק 330 מ""ל",טמפו משקאות בעמ,,,יח`,1.98,1 ליטר,false,1,37.70,18.13,true,1,
7290008464703,false,"שישיית בירה מכבי בקבוק 330 מ""ל",טמפו משקאות בע''מ,,,יח`,1.98,1 ליטר,false,1,36.60,17.58,true,1,
7290008464741,false,"בירה גולדסטאר, מארז שישייה, בקבוק 330 מ''ל","טמפו משקאות בע""\מ",,,יח`,1.98,1 ליטר,false,1,40.70,19.65,true,1,
7290008493710,false,פירורי לחם מאיר בייגל פרורי גריסני זהב 200 גרם,"דנשר (1963) בע,מ",,,יח`,2,100 גרם,false,1,6.40,3.20,false,1,
7290008636988,false,גרעיני חמניות קלופים 100 גר' מיה,מיה תעשיות מזון מ.ת.מ. בעמ,,,יח`,1,100 גרם,false,1,5,5,false,1,
7290008644112,false,אחלה יום יום סלט מטבוחה יום יום 125 גרם,שטראוס גרופ בעמ/מצונן,,,יח`,1.25,100 גרם,false,1,5.50,4.40,false,1,
7290008644235,false,מבחר עלי בייבי 120 גרם-טעם הטבע,שטראוס בריאות ירקות טריי,,,יח`,1.20,100 גרם,false,1,10.10,8.42,false,1,
7290008644945,false,סלט המושבה שטראוס 450 גר`-טעם הטבע,שטראוס בריאות ירקות טריי,,,יח`,4.50,100 גרם,false,1,11.20,2.49,false,1,
7290008645935,false,אחלה חומוס לניגוב 750 גרם,שטראוס גרופ בעמ/מצונן,,,יח`,7.50,100 גרם,false,1,10.90,1.45,false,1,
7290008693134,false,מעדן גבינה ויוגורט בטעם תות 5% שומן 88 ג' דניאלה,שטראוס גרופ בעמ/מצונן,,,יח`,1.50,"100 מ""ל",false,1,4,2.67,false,1,
7290008753111,false,תפוצ'יפס קראנץ' בטעם מקסיקני עלית 50 גרם,"שטראוס פריטו ליי בע""\מ )",,,יח`,0.50,100 גרם,false,1,4.40,8.80,false,1,
7290008757034,false,"שוופס סודה זכוכית 250 מ""ל",יפאורה שותפות מוגבלת לשיווק,,,יח`,2.50,"100 מ""ל",false,1,2.90,1.04,true,1,
7290008757980,false,קרטונית ספרינג נקטר רימונים 1 ליטר,יפאורה שותפות מוגבלת לשיווק,,,יח`,1,1 ליטר,false,1,7.30,7.30,false,1,
7290008775816,false,ערגליות עוגיות במילוי שוקולד אסם 300 גרם,קבוצת אוסם סחר שותפות מוגבלת,,,יח`,3,100 גרם,false,1,11.50,3.83,true,1,
7290008775823,false,ערגליות עוגיות תות שדה אסם 300 גרם,קבוצת אוסם סחר שותפות מוגבלת,,,יח`,3,100 גרם,false,1,11.50,3.83,true,1,
7290008801119,false,סלקטד סוביניון בלאן יקבי כרמל (750 מל),אגודת הכורמים הקואופרטיב,,,יח`,7.50,"100 מ""ל",false,1,30.90,4.08,true,1,
7290008802291,false,יין מרלו פרייבט קולקשן יקבי כרמל,אגודת הכורמים הקואופרטיב,,,יח`,7.50,"100 מ""ל",false,1,41.90,5.55,true,1,
7290008802512,false,"יין וינו אדום ""כרמל מזרחי""",אגודת הכורמים בעמ,,,יח`,7.50,"100 מ""ל",false,1,20.90,2.75,true,1,
7290008802529,false,"יין לבן חצי יבש וינו 750 מ""ל",אגודת הכורמים בעמ,,,יח`,7.50,"100 מ""ל",false,1,20.90,2.75,true,1,
7290008804189,false,יין קברנה סוביניון גליל עליון סדרה אזורית יקבי כרמל,אגודת הכורמים הקואופרטיב,,,יח`,7.50,"100 מ""ל",false,1,54.90,7.28,true,1,
7290008806961,false,גלידה שוקולד שבבי שוקולד פרה 1.33 ל' קרמיסימו,"גלידת שטראוס בע""\מ, רחוב",,,יח`,1.33,1 ליטר,false,1,20.90,15.71,false,1,
7290008909853,false,"קוקה קולה זירו בקבוק 500 מ""ל.",החברה המרכזית להפצת משקאות בעמ,,,יח`,5,"100 מ""ל",false,1,6.90,1.32,false,1,
7290008989091,false,שלישיית פירכוני אורז בטר אנד דיפרנט 310 גרם,"בטר אנד דיפרנט בע""מ",,,יח`,3,100 גרם,false,1,13.50,4.50,false,1,
7290010045006,false,עוגיות חמאה פריכות לחמי (200 גרם),קונדטוריות לחמי,,,יח`,2,100 גרם,false,1,19.90,9.95,true,1,
7290010045051,false,עוגיות מלבן שקדים לחמי (200 גרם),קונדטוריות לחמי,,,יח`,2,100 גרם,false,1,19.90,9.95,true,1,
7290010045068,false,עוגיות נסיכה לחמי (250 גרם),קונדטוריות לחמי,,,יח`,2.50,100 גרם,false,1,19.90,7.96,true,1,
7290010051021,false,בזיליקום ארוז א.אדמה,א.אדמה (2007) בעמ,,,יח`,1,,false,1,5.90,5.90,false,1,
7290010051045,false,עלי בייבי ארוז א.אדמה,א.אדמה (2007) בעמ,,,יח`,1,,false,1,9.90,9.90,false,1,
7290010051052,false,פטרוזיליה ארוז א.אדמה,א.אדמה (2007) בעמ,,,יח`,1.20,100 גרם,false,1,4.90,4.08,false,1,
7290010051076,false,לבבות חסה ארוז א.אדמה,א.אדמה (2007) בעמ,,,יח`,1,,false,1,11.90,11.90,false,1,
7290010051113,false,טימין - קורנית יח',א.אדמה (2007) בעמ,,,יח`,1,,false,1,5.90,5.90,false,1,
7290010051120,false,מרווה ארוז א.אדמה,א.אדמה (2007) בעמ,,,יח`,1,,false,1,5.90,5.90,false,1,
7290010051144,false,תרד עלים א.אדמה,ביכורי השדה צפון 1994 ג.ד. בעמ,,,יח`,1.80,100 גרם,false,1,9.90,5.50,false,1,
7290010051168,false,כוסברה ארוז א.אדמה,א.אדמה (2007) בעמ,,,יח`,1,,false,1,4.90,4.90,false,1,
7290010051175,false,כוסברה/שמיר ארוז,א.אדמה (2007) בעמ,,,יח`,1,,false,1,4.90,4.90,false,1,
7290010051182,false,נענע ארוז א.אדמה,א.אדמה (2007) בעמ,,,יח`,1,,false,1,4.90,4.90,false,1,
7290010051199,false,שורש פטרוזיליה ארוז א.אדמה,א.אדמה (2007) בעמ,,,יח`,1,,false,1,5.90,5.90,false,1,
7290010051205,false,סלרי עלים ארוז א.אדמה,א.אדמה (2007) בעמ,,,יח`,1,,false,1,5.90,5.90,false,1,
7290010051212,false,סלרי ראש א.אדמה,א.אדמה (2007) בעמ,,,יח`,3,100 גרם,false,1,5.90,1.97,false,1,
7290010051243,false,תרד ניוזילנדי א. אדמה,א.אדמה (2007) בעמ,,,יח`,1,,false,1,11.90,11.90,false,1,
7290010051267,false,לוף בשקית א.אדמה,א.אדמה (2007) בעמ,,,יח`,1,,false,1,10.90,10.90,false,1,
7290010051281,false,רוקולה ארוז א.אדמה,ביכורי השדה צפון 1994 ג.ד. בעמ,,,יח`,1.10,100 גרם,false,1,9.90,9,false,1,
7290010051298,false,סלק עלים ארוז מנגולד א.אד,א.אדמה (2007) בעמ,,,יח`,1,,false,1,5.90,5.90,false,1,
7290010051311,false,סלרי חתוך א.אדמה,ביכורי השדה צפון 1994 ג.ד. בעמ,,,יח`,1,,false,1,6.90,6.90,false,1,
7290010051328,false,חסה באק צ`וי א. אדמה,א.אדמה (2007) בעמ,,,יח`,1,,false,1,12.90,12.90,false,1,
7290010051335,false,בצל ירוק ארוז א.אדמה,א.אדמה (2007) בעמ,,,יח`,1,,false,1,6.90,6.90,false,1,
7290010051373,false,לבבות חסה בשקית א.אדמה,ביכורי השדה צפון 1994 ג.ד. בעמ,,,יח`,1,,false,1,10.90,10.90,false,1,
7290010051403,false,סלרי אמריקאי ביכורי שדה ארוז,א.אדמה (2007) בעמ,,,יח`,1,,false,1,5.90,5.90,false,1,
7290010051434,false,חסה סלנובה ארוז א.אדמה,ביכורי שדה דרום,,,יח`,1,,false,1,11.90,11.90,false,1,
7290010051687,false,רוזמרין ארוז א.אדמה,א.אדמה (2007) בעמ,,,יח`,3,100 גרם,false,1,5.90,1.97,false,1,
7290010051724,false,מלפפון בייבי,א.אדמה (2007) בעמ,,,יח`,1,,false,1,9.90,9.90,false,1,
7290010066513,false,נתחי טונה בשמן צמחי רביעיה *158ג' פילטונה,תעשיות פילטונה בעמ,,,יח`,6.32,100 גרם,false,1,23.90,3.78,false,1,
7290010066575,false,נתחי טונה במים רביעיה *158ג' פילטונה,תעשיות פילטונה בעמ,,,יח`,6.32,100 גרם,false,1,23.90,3.78,false,1,
7290010066582,false,נתחי טונה בשמן קנולה רביעיה * 158 ג' פילטונה,תעשיות פילטונה בעמ,,,יח`,6.32,100 גרם,false,1,23.90,3.78,false,1,
7290010066599,false,רביעיית נתחי טונה בשמן זית פילטונה 158X4 גרם,תעשיות פילטונה בעמ,,,יח`,6.40,100 גרם,false,1,28.90,4.52,false,1,
7290010124107,false,סטייקבורגר זהב 400 גרם הקצביה בלדי,בלדי בעמ,,,יח`,4,100 גרם,false,1,16.90,4.23,false,1,
7290010154036,false,עמבה תבליני ביטון יוחאי (250 גרם),נטו מילנדה סחר בעמ*,,,יח`,2.50,100 גרם,false,1,14.90,5.96,true,1,
7290010195268,false,פופקורן פופסטאר חמישייה מופחת שומן טבעי,דנשר (1963) בעמ,,,יח`,4.25,100 גרם,false,1,18.50,4.35,true,1,
7290010237548,false,"פפסי מקס דל קלוריות 500 מ""ל בקבוק",טמפו משקאות בע`מ,,,יח`,5,"100 מ""ל",false,1,4,0.74,true,1,
7290010259991,false,צנימים מיוחדים בטעם טבעי 250 ג',ג. וילי-פוד אינטרנשיונל בע`מ,,,יח`,2.50,100 גרם,false,1,9.10,3.64,true,1,
7290010471669,false,יוגורט תות עם קורנפלקס מצופה שוקולד ללא גלוטן 3.9%,שטראוס גרופ בעמ/מצונן,,,יח`,1.75,"100 מ""ל",false,1,4.50,2.57,false,1,
7290010569717,false,שטראוס קרמיסימו,גלידות שטראוס בעמ,,,יח`,1.33,1 ליטר,false,1,20.90,15.71,false,1,
7290010690527,false,קייל ארוז גן ירק,א.אדמה (2007) בעמ,,,יח`,1,,false,1,11.90,11.90,false,1,
7290010777297,false,פיתות עבודת יד10 יח'/ פיתה ביס לבן 12 יח',מגוון שיווק והפצת מאפים בעמ,,,יח`,0.01,1 ליטר,false,1,12.50,1250,false,1,
7290010777358,false,מארז שמיניית פיתות 100% כוסמין מלא,מגוון שיווק והפצת מאפים בעמ,,,יח`,1,,false,1,14.90,14.90,false,1,
7290010931330,false,סלט מטבוחה אחלה 500 גרם,שטראוס גרופ בעמ/מצונן,,,יח`,5,100 גרם,false,1,15.60,3.12,true,1,
7290010945146,false,קוטג' 3% מועשר בסידן טרה 250 ג' מהדרין,*החברה המרכזית להפצת משקאותבעמ,,,יח`,2.50,100 גרם,false,1,5.90,2.36,false,1,
7290010945450,false,גבינה לבנה 3% 250 גר מועשר בסידן וויטמין,*החברה המרכזית להפצת משקאותבעמ,,,יח`,2.50,100 גרם,false,1,4.98,1.99,false,1,
7290011017866,false,פחית קולה סליק קוקה-קולה (330 מל),החברה המרכזית להפצת משקאות בעמ,,,יח`,3.30,"100 מ""ל",false,1,4.30,1.21,true,1,
7290011017873,false,פחית זירו סליק קוקה-קולה (330 מל),החברה המרכזית להפצת משקאות בעמ,,,יח`,3.30,"100 מ""ל",false,1,4.30,1.21,true,1,
7290011017880,false,פחית דיאט קולה סליק קוקה-קולה (330 מל),החברה המרכזית להפצת משקאות בעמ,,,יח`,3.30,"100 מ""ל",false,1,4.30,1.21,true,1,
7290011018443,false,משקה מוגז אורנג` פאנטה (330 מל),החברה המרכזית להפצת משקאות בעמ,,,יח`,3.30,"100 מ""ל",false,1,4.30,1.21,true,1,
7290011051358,false,"שוופס סודה לימון זכוכית 250 מ""ל",יפאורה - שותפות מוגבלת לשיווק,,,יח`,1,,false,1,3.90,3.90,true,1,
7290011081041,false,שטראוס קרמיסימו וניל גורמה,גלידות שטראוס בעמ,,,יח`,1.30,1 ליטר,false,1,20.90,16.08,false,1,
7290011081492,false,גלידה בטעם שלושה שוקולדים 1.33ל' קרמיסימו,"גלידת שטראוס בע""\מ, רחוב",,,יח`,1.33,1 ליטר,false,1,20.90,15.71,false,1,
7290011081690,false,קרמיסימו פרווה שוקו ציפ+וניל ציפ 1.33ל,"גלידת שטראוס בע""\מ, רחוב",,,יח`,1.33,1 ליטר,false,1,20.90,15.71,false,1,
7290011108038,false,פטרוזיליה מהדרין א. אדמה,א.אדמה (2007) בעמ,,,יח`,1,,false,1,6.90,6.90,false,1,
7290011126452,false,הגן הקסום תה בטעם קמומיל ונענע ויסוצקי 25 יחידות,תה ויסוצקי (ישראל) בעמ,,,יח`,0.3750,100 גרם,false,1,17.90,47.73,true,1,
7290011128050,false,השורשים של שליט גזר צבעוני מובחר,גזר שליט (חוות מיכאל)בעמ,,,יח`,1,,false,1,9.90,9.90,false,1,
7290011131371,false,מוזלי קראנצ`י שקדים ואגוזים גרין (1 קג),ויטליאה ניקולה דו,,,יח`,1,"ק""ג",false,1,28.50,28.50,false,1,
7290011131395,false,מוזלי קראנצ`י 30% פירות גרין (1 קג),ויטליאה ניקולה דו,,,יח`,1,"ק""ג",false,1,28.50,28.50,false,1,
7290011132507,false,סן בנדטו- מים מנרליים - מוגז עדין 500 מל,אקווה מינרלה סאן בנדטו ב,,,יח`,5,"100 מ""ל",false,1,3.50,0.64,false,1,
7290011148805,false,שעועית טריה עד 500 ג,ירקט ירקות צעירים ארוזים בעמ,,,יח`,1,,false,1,12.90,12.90,false,1,
7290011194246,false,קוטג 5% 250 גרם עם סידן שטראוס,שטראוס גרופ בעמ/מצונן,,,יח`,2.50,100 גרם,false,1,5.90,2.36,false,1,
7290011254346,false,"קינואה 1 ק""ג מיה בד""צ",מיה תעשיות מזון מ.ת.מ. בעמ,,,יח`,1,"ק""ג",false,1,30.50,30.50,true,1,
7290011254728,false,ג'לטין טהור בקרטוני מיה 25 גרם,מיה תעשיות מזון מ.ת.מ. בעמ,,,יח`,0.25,100 גרם,false,1,12.90,51.60,false,1,
7290011312381,false,פטריות סטייק פורטבלה ארוז,קונס`-מרינה פטריות הגליל בעמ*ש,,,יח`,1,,false,1,13.90,13.90,false,1,
7290011438142,false,"משקה יטבתה אייס קפה בבקבוק אישי 350 מ""ל",שטראוס גרופ בעמ/מצונן,,,יח`,3.50,"100 מ""ל",false,1,6.30,1.80,false,1,
7290011499051,false,פטה כבשים מסורתית 20% בגביע 250 גרם - רובין,מחלבות גד שיווק 1992 בעמ,,,יח`,2.50,100 גרם,false,1,26.90,10.76,false,1,
7290011499105,false,בולגרית מסורתית 5% 250 גרם -רבנות,מחלבות גד שיווק 1992 בעמ,,,יח`,2.50,100 גרם,false,1,24.50,9.80,false,1,
7290011499129,false,גבינה בולגרית מעודנת קוביות קטנות 5% גד 200 גרם,מחלבות גד שיווק 1992 בעמ,,,יח`,2,100 גרם,false,1,22.90,11.45,false,1,
7290011499303,false,פטה עיזים מעודנת 5% בגביע 250 גרם - רבנות,מחלבות גד שיווק 1992 בעמ,,,יח`,2.50,100 גרם,false,1,30.90,12.36,false,1,
7290011499327,false,גבינה בולגרית מעודנת 5% 250 גרם - רבנות,מחלבות גד שיווק 1992 בעמ,,,יח`,2.50,100 גרם,false,1,23.30,9.32,false,1,
7290011499341,false,גבינת קשקבל ארוז 26 אחוז 250גרם גד,מחלבות גד שיווק 1992 בעמ,,,יח`,2,100 גרם,false,1,26.90,13.45,false,1,
7290011499358,false,פטה עיזים מסורתית 20% בגביע 200 גרם - רובין,מחלבות גד שיווק 1992 בעמ,,,יח`,2,100 גרם,false,1,27.90,13.95,false,1,
7290011499365,false,גבינת חלומי 24% מחלב בקר גד (200 גרם),מחלבות גד שיווק 1992 בעמ,,,יח`,2,100 גרם,false,1,21.90,10.95,false,1,
7290011499419,false,גבינה במרקם שמנת בטעם טבעי 5% ניו יורק,מחלבות גד שיווק 1992 בעמ,,,יח`,2,100 גרם,false,1,11.90,5.95,false,1,
7290011499624,false,שמנת 30% ניו יורק טבעי 200 גרם רבנות,מחלבות גד שיווק 1992 בעמ,,,יח`,2,100 גרם,false,1,13.20,6.60,true,1,
7290011518561,false,"אקטימל תות 1.51 ק""ג מארז 14 יחידות",שטראוס גרופ בעמ/מצונן,,,יח`,1.40,1 ליטר,false,1,30.90,22.07,false,1,
7290011570507,false,קמח נטול גלוטן-כרגיל קונדיטור,תומר ייבוא ושיווק מוצרי מזון [,,,יח`,4.50,100 גרם,false,1,16.90,3.76,false,1,
7290011598211,false,"סנו - אנטי קאלק מרסס ניקוי כללי 4 ב-1 700 מ""ל",החברה הדרומית לשיווק בעמ,,,יח`,7,"100 מ""ל",false,1,19.90,2.84,true,1,
7290011598402,false,מקסימה מרכך כביסה ארומתרפי מאסק סנו 4 ליטר,החברה הדרומית לשיווק בעמ,,,יח`,4,1 ליטר,false,1,22.40,5.60,true,1,
7290011765446,false,משחת שיניים לילדים בוב ספוג בטעם מיץ ענבים עם פלואוריד למניעת עששת,טרופיקל דגיל תעשיות קוסמ,,,יח`,0.70,100 גרם,false,1,9.90,14.14,true,1,
7290011800840,false,רפי כהן סלט טחינה בלאדי צבר 400 גרם,קבוצת אוסם סחר שותפות מוגבלת,,,יח`,4,100 גרם,false,1,16.50,4.13,false,1,
7290011947316,false,זיתא זיתי קלמטה בשמן זית כתית מעולה 215ג,תה ויסוצקי (ישראל) בעמ,,,יח`,2.15,100 גרם,false,1,14.90,6.93,false,1,
7290011947521,false,"שמן זית כתית מעולה 750 מ""ל טעם מודגש זיתא",תה ויסוצקי (ישראל) בעמ,,,יח`,7.50,"100 מ""ל",false,1,32.90,4.39,false,1,
7290011947798,false,זית קלמטה ללא גלעין עם שמן זית כתית מעולה,תה ויסוצקי (ישראל) בעמ,,,יח`,1.90,100 גרם,false,1,14.40,7.58,false,1,
7290011964344,false,שום גבישי בקופ' 120 גר' טעם וריח,"תבליני טעם וריח בע""מ",,,יח`,1.20,100 גרם,false,1,9.90,8.25,true,1,
7290011996062,false,אורז לבן עגול מתאים להכנת סושי,טחנת האבן קואופ בעמ,,,יח`,1,"ק""ג",false,1,14.90,14.90,true,1,
7290011996123,false,אצות לסושי נורי גולד 10 יחידות,טחנת האבן קואופ בעמ,,,יח`,0.25,100 גרם,false,1,12.90,51.60,true,1,
7290011996178,false,"רוטב סויה בסגנון יפני 300 מ""ל",טחנת האבן קואופ בעמ,,,יח`,3,"100 מ""ל",false,1,10.90,3.63,false,1,
7290011996185,false,חומץ אורז לבן לסושי טעמי אסיה (250 מל),טחנת האבן קואופ בעמ,,,יח`,2.50,"100 מ""ל",false,1,10.90,4.36,true,1,
7290011996222,false,מי קוקוס טעמי אסיה (400 מל),טחנת האבן קואופ בעמ,,,יח`,4,"100 מ""ל",false,1,9.90,2.48,false,1,
7290011996529,false,אטריות אורז 5 סמ טעמי אסיה (400 גרם),טחנת האבן קואופ בעמ,,,יח`,4,100 גרם,false,1,11.90,2.98,false,1,
7290011996789,false,פנקו פירורי לחם בסגנון יפני,טחנת האבן קואופ בעמ,,,יח`,2,100 גרם,false,1,9.90,4.95,false,1,
7290011996888,false,רוטב טריאקי טעמי אסיה (300 מל),קיי.אר.אס.ספייסי פוד,,,יח`,3,"100 מ""ל",false,1,11.90,3.97,false,1,
7290012001994,false,חרדל דיז'ון גרעינים 350 ג' ריין דיזון,דיפלומט מפיצים (1968) בעמ**,,,יח`,3.40,100 גרם,false,1,12.90,3.79,false,1,
7290012117435,false,"קרמה - שמפו וג'ל רחצה 2 ב-1 אלוורה 700 מ""ל",החברה הדרומית לשיווק בעמ,,,יח`,7,"100 מ""ל",false,1,16,2.29,true,1,
7290012117534,false,מרכך כביסה מרוכז תכלת קול סנו מקסימה 1 ליטר,החברה הדרומית לשיווק בעמ,,,יח`,1,1 ליטר,false,1,18.90,18.90,true,1,
7290012117916,false,אינסטלטור נוזל לפתיחת סתימות סנו 1 ליטר,החברה הדרומית לשיווק בעמ,,,יח`,1,1 ליטר,false,1,27.90,27.90,true,1,
7290012212154,false,מלפפון במלח קטן צנצנת זכוכית,אבאל יזמות בעמ,,,יח`,5.60,100 גרם,false,1,12.90,2.30,true,1,
7290012226120,false,קבנוס זוגלובק (45x3 גרם),נקניק נהריה כשר זוגל,,,יח`,1.35,100 גרם,false,1,12.50,9.26,true,1,
7290012227974,false,פסטרמה הודו בדבש טהור דק דק דק,זוגלובק שיווק בעמ,,,יח`,1.20,100 גרם,false,1,13.90,11.58,true,1,
7290012227981,false,פסטרמה דק דק ברביקיו 120 ג' זוגלובק,זוגלובק שיווק בעמ,,,יח`,1.20,100 גרם,false,1,13.90,11.58,true,1,
7290012228278,false,נקניקיות בוקוורסט הודו ובקר סדרת ריינהולדס 310 גרם,זוגלובק שיווק בעמ,,,יח`,3.10,100 גרם,false,1,21.90,7.06,false,1,
7290012309878,false,חלבה עם פיסטוקים 500 גר`ששון הקולה,דין שיווק וקליה 2021 בעמ,,,יח`,5,100 גרם,false,1,13.90,2.78,false,1,
7290012413643,false,תה ירוק קמומיל 25 שקיקים ויסוצקי,תה ויסוצקי (ישראל) בעמ,,,יח`,0.3750,100 גרם,false,1,27.90,74.40,true,1,
7290012522581,false,טבעול שניצל תירס ללא גלוטן טבעול 664 גרם,קבוצת אוסם סחר-שות.מוגבלת,,,יח`,7.50,100 גרם,false,1,20.30,2.71,false,1,
7290012576614,false,יין Premieur לבן חצי יבש אמרלד ריזלינג קולומברד,יקבי ברקן שיווק והפצה בע,,,יח`,7.50,"100 מ""ל",false,1,27.90,3.68,false,1,
7290012645112,false,יוגורט עיזים 2.8% בדלי חלב הארץ 750 גרם,שטראוס גרופ בעמ/מצונן,,,יח`,7.50,"100 מ""ל",false,1,20.90,2.79,false,1,
7290012645129,false,יוגורט כבשים 5% בדלי חלב הארץ 750 גרם,שטראוס גרופ בעמ/מצונן,,,יח`,7.50,"100 מ""ל",false,1,20.90,2.79,false,1,
7290012759017,false,חטיף אישי קשיו שקד פיסטוק 50 גר' - ממה,טחנת האבן קואופ בעמ,,,יח`,0.50,100 גרם,false,1,7.90,15.80,true,1,
7290012759031,false,חטיף אישי בננה פקאן 50 גר' - ממה,טחנת האבן קואופ בעמ,,,יח`,0.50,100 גרם,false,1,7.90,15.80,true,1,
7290012823398,false,מטליות חד פעמיות לניקוי הרצפה בניחוח מרכך כביסה 10יח' סנו,החברה הדרומית לשיווק בעמ,,,יח`,1,,false,1,12.90,12.90,true,1,
7290012823602,false,נייר טואלט סופט סילק לבן 32 גלילים סנו,החברה הדרומית לשיווק בעמ,,,יח`,1,,false,1,35.90,35.90,true,1,
7290012864001,false,נבטי חמנייה ארוז א.אדמה,ביכורי השדה צפון 1994 ג.ד. בעמ,,,יח`,1,,false,1,10.90,10.90,false,1,
7290012864025,false,נבטי אלפא אלפא ארוז א.אדמה,"בכורי השדה צפון1994 ג.ד. בע""מ",,,יח`,1,,false,1,7.90,7.90,false,1,
7290012901355,false,דודלס ארוחת אטריות עם גבינה 206 גרם,האי נאם סי או אל.טי.,,,יח`,2.06,100 גרם,false,1,11.90,5.78,false,1,
7290012911156,false,"רוטב טריאקי שומשום 300 מ""ל ""אסיה""",קיי.אר.אס.ספייסי פוד,,,יח`,3,"100 מ""ל",false,1,15.90,5.30,false,1,
7290012911293,false,דפי אורז 22 סמ טעמי אסיה (300 גרם)-ללא,טחנת האבן קואופ בעמ,,,יח`,3,100 גרם,false,1,12.90,4.30,true,1,
7290012911477,false,קרם קוקוס טעמי אסיה (400 מל),אסיאטיק אגרו אינדסטר,,,יח`,4,100 גרם,false,1,10.90,2.73,false,1,
7290012921025,false,"בקבוק בירה מלכה בהירה 330 מ""ל",הכרם - משקאות חריפים בעמ,,,יח`,3.30,"100 מ""ל",false,1,14.90,4.42,true,1,
7290012921032,false,"בקבוק בירה מלכה אדמונית 330 מ""ל",הכרם - משקאות חריפים בעמ,,,יח`,3.30,"100 מ""ל",false,1,14.90,4.42,true,1,
7290012938580,false,"משחת שיניים סנסודיין להלבנה עדינה 75 מ""ל",גלקסוסמית'\קליין קונסיומ,,,יח`,0.75,"100 מ""ל",false,1,22.90,30.53,true,1,
7290012938740,false,משחת שיניים סנסודיין פרש מינט מנטה 75 מל,גלקסו סמית קליין,,,יח`,0.75,100 גרם,false,1,22.90,30.53,true,1,
7290013121028,false,לחם לבן 500 גרם ללא גלוטן גרין לייט,אביב קונדיטוריה מעול,,,יח`,5,100 גרם,false,1,19.90,3.98,false,1,
7290013121127,false,לחמניות מיני ללא גלוטן גרין לייט 6 יחידות,אביב קונדיטוריה מעול,,,יח`,4.80,100 גרם,false,1,18.90,3.94,false,1,
7290013128324,false,ענב פליים ללא חרצנים,לכיש מושב עובדים להתישבות*30 י,,,"ק""ג",1,,true,1,15.90,15.90,false,1,
7290013153593,false,תפוזים מתקתק 100% פריגת 1 ליטר,*החברה המרכזית להפצת משקאותבעמ,,,יח`,10,"100 מ""ל",false,1,11.90,1.16,false,1,
7290013215017,false,פטריות זוגות חוות השמפניון,ביכורי השדה צפון 1994 ג.ד. בעמ,,,יח`,1,,false,1,18.90,18.90,false,1,
7290013268990,false,מרכך כביסה מרוכז לבן ביו סנו מקסימה 1 ליטר,החברה הדרומית לשיווק בעמ,,,יח`,1,1 ליטר,false,1,18.90,18.90,true,1,
7290013269621,false,ריצפז פרש לניקוי רצפות בניחוח מלון בוטיק,החברה הדרומית לשיווק בעמ,,,יח`,2,1 ליטר,false,1,22.90,11.45,true,1,
7290013269751,false,מטליות לחותריצפז פרש לניקוי ריצפה בניחות מלון בוטיק 10 יח' סנו,החברה הדרומית לשיווק בעמ,,,יח`,1,,false,1,12.90,12.90,true,1,
7290013284310,false,רוטב פסטה לילדים פריניר 240 גרם,ח.כהן סוכנות מזון ומשקאות בע,,,יח`,2.40,100 גרם,false,1,5.90,2.46,true,1,
7290013358356,false,פירורי לחם מוזהבים מאסטר שף (320גרם),ש. שסטוביץ בע`מ,,,יח`,3.20,100 גרם,false,1,7.90,2.47,false,1,
7290013358363,false,מאסטר שף פרורי לחם פנקו עבים בסגנון יפני 300 גר,קריניציה ויטמינה אס,,,יח`,3,100 גרם,false,1,10.90,3.63,false,1,
7290013358530,false,מאסטר שף אסייאתי רוטב צ'ילי מתוק 700 מל כשלפ,קריניציה ויטמינה אס,,,יח`,7,"100 מ""ל",false,1,14.90,2.13,false,1,
7290013492005,false,תפוח אדמה אדום למיקרו 600 ג',ביכורי השדה צפון 1994 ג.ד. בעמ,,,יח`,1,,false,1,8.90,8.90,false,1,
7290013531759,false,שעועית לבנה מבושלת במים יכין (550 גרם),זנלכול יכין,,,יח`,5.50,100 גרם,false,1,8.50,1.55,false,1,
7290013580009,false,המבורגר זהב 400 גרם הקצביה בלדי,בלדי בעמ,,,יח`,4,100 גרם,false,1,16.90,4.23,false,1,
7290013581648,false,אל מטאדור מינוט סטייק 250 גרם בלדי,בלדי בעמ,,,יח`,2.50,100 גרם,false,1,17.90,7.16,false,1,
7290013585233,false,"ספרייט זירו פחית סליק 330 מ""ל",החברה המרכזית להפצת משקאות בעמ,,,יח`,3.30,"100 מ""ל",false,1,4.30,1.21,true,1,
7290013585257,false,ספרייט זירו בבקבוק אישי,החברה המרכזית להפצת משקאות בעמ,,,יח`,5,"100 מ""ל",false,1,6.90,1.32,false,1,
7290013585387,false,בקבוק זירו קוקה-קולה (1 ליטר),החברה המרכזית להפצת משקאות בעמ,,,יח`,10,"100 מ""ל",false,1,7.90,0.76,false,1,
7290013585394,false,בקבוק קוקה-קולה (1 ליטר),החברה המרכזית להפצת משקאות בעמ,,,יח`,10,"100 מ""ל",false,1,7.90,0.76,false,1,
7290013608260,false,מיץ רימונים 100%מיץ סחוט טרי מצונן 1ליט,שטראוס גרופ בעמ/מצונן,,,יח`,1,1 ליטר,false,1,21.90,21.90,false,1,
7290013675545,false,"שניצל כלי תחבורה ""מאמא עוף"" 700 גרם",תנובה גליל שותפות מוגבלת,,,יח`,7,100 גרם,false,1,36.90,5.27,false,1,
7290013677846,false,כוסמת מיה (1 קג),מיה תעשיות מזון מ.ת.מ. בעמ,,,יח`,1,"ק""ג",false,1,14.50,14.50,false,1,
7290013847454,false,טונה סטאריקיסט בשמן קנולה רביעייה 160 גר,דיפלומט מפיצים (1968) בעמ**,,,יח`,6.40,100 גרם,false,1,26.90,4.20,true,1,
7290013906052,false,נקניקיות פרגיות טירת צבי 300 גרם,תנובה מרכז שיתופי לשיווק תוצרת,,,יח`,3,100 גרם,false,1,16.30,5.43,true,1,
7290014002203,false,חליטת לימונית ולואיזה הגן הקסום ויסוצקי 25 יחידות,תה ויסוצקי (ישראל) בעמ,,,יח`,0.3750,100 גרם,false,1,17.90,47.73,true,1,
7290014002944,false,גן קסום חליטת פירות וצמחים חמדת שקד 25 שקיקים,תה ויסוצקי (ישראל) בעמ,,,יח`,1,,false,1,17.90,17.90,true,1,
7290014083813,false,וילי פוד מריגה שפרוטים מעושנים בשמן 190ג,ג. וילי-פוד אינטרנשיונל בע`מ,,,יח`,1.90,100 גרם,false,1,8.90,4.68,false,1,
7290014094352,false,אגוז מלך טבעי ששון הקולה (200 גרם),דין שיווק וקליה 2021 בעמ,,,יח`,2,100 גרם,false,1,16.90,8.45,true,1,
7290014094369,false,שקד טבעי קלוף ששון הקולה (200 גרם),דין שיווק וקליה 2021 בעמ,,,יח`,2,100 גרם,false,1,21.90,10.95,false,1,
7290014094383,false,משמש בקופסא ששון הקולה 250 גר`,דין שיווק וקליה 2021 בעמ,,,יח`,2.50,100 גרם,false,1,25.90,10.36,false,1,
7290014094406,false,צימוק לבן בקופסא ששון הקולה 330 גרם,דין שיווק וקליה 2021 בעמ,,,יח`,3.30,100 גרם,false,1,18.90,5.73,false,1,
7290014094628,false,פקאן טבעי ששון הקולה (200 גרם),דין שיווק וקליה 2021 בעמ,,,יח`,2,100 גרם,false,1,24.90,12.45,false,1,
7290014094642,false,אגוזי קשיו טבעיים ששון הקולה (250 גרם),דין שיווק וקליה 2021 בעמ,,,יח`,2,100 גרם,false,1,24.90,12.45,false,1,
7290014094857,false,פקאן סיני מסוכר 150 גרם ששון הקולה,דין שיווק וקליה 2021 בעמ,,,יח`,1.50,100 גרם,false,1,19.90,13.27,false,1,
7290014094895,false,אגוזים קלופים בשקית ששון הקולה 150 גרם,דין שיווק וקליה 2021 בעמ,,,יח`,1.50,100 גרם,false,1,10.90,7.27,true,1,
7290014095861,false,שיבולת שועל דקה בשקית שקדיה 500 גרם,דין שיווק וקליה 2021 בעמ,,,יח`,5,100 גרם,false,1,6.90,1.38,true,1,
7290014095960,false,שיבולת שועל עבה בשקית שקדיה 500 גרם,דין שיווק וקליה 2021 בעמ,,,יח`,5,100 גרם,false,1,6.90,1.38,true,1,
7290014217201,false,"תערובת תיבול סומק 45 גרם ""טעם וריח""","תבליני טעם וריח בע""מ",,,יח`,0.45,100 גרם,false,1,6.90,15.33,false,1,
7290014217225,false,גריל עוף בקופ' 120 גר' טעם וריח,"תבליני טעם וריח בע""מ",,,יח`,1.20,100 גרם,false,1,10.90,9.08,true,1,
7290014217409,false,תערובת עשבי תיבול הרבס דה פרובנס טעם וריח 100 ג',"תבליני טעם וריח בע""מ",,,יח`,0.30,100 גרם,false,1,10.90,36.33,false,1,
7290014256620,false,"יין מבעבע קריניאנו באזז יקבי כרמל 750 מ""ל",אגודת הכורמים -כרמל מזרחי,,,יח`,7.50,"100 מ""ל",false,1,28.90,3.81,true,1,
7290014325036,false,סוכריות ג'לי עטופות שמחות מיה 600 גרם,מיה תעשיות מזון מ.ת.מ. בעמ,,,יח`,1,,false,1,21.40,21.40,false,1,
7290014455245,false,גבינה גרנה פדנו משולש גד 200 גר',מחלבות גד שיווק 1992 בעמ,,,יח`,2,100 גרם,false,1,25.90,12.95,false,1,
7290014455252,false,גבינת גרנה פדנו מגורדת 29% גד (100 גרם),מחלבות גד שיווק 1992 בעמ,,,יח`,1,100 גרם,false,1,12.40,12.40,false,1,
7290014455320,false,גבינה כדורי מוצרלה פרסקה גד 100ג',מחלבות גד שיווק 1992 בעמ,,,יח`,1,100 גרם,false,1,9.90,9.90,false,1,
7290014471443,false,"גרנולה צימוקים אגוזים ושקדים1 ק""ג חדש - 443 כתום שקדיה (כתום)",דין שיווק וקליה 2021 בעמ,,,יח`,1,"ק""ג",false,1,21.40,21.40,true,1,
7290014472495,false,קשיו קלוי ענק פרימיום ששון הקולה 250 גרם,דין שיווק וקליה 2021 בעמ,,,יח`,2.50,100 גרם,false,1,20.90,8.36,false,1,
7290014472990,false,ממרח 100% שקדים שקדיה (300 גרם),דין שיווק וקליה 2021 בעמ,,,יח`,3,100 גרם,false,1,36.70,12.23,true,1,
7290014603028,false,שלגון סולרו שרבט תות-חלבי,"מיוצר ע""י גלידת שטרא",,,יח`,0.76,100 גרם,false,1,7.90,10.39,true,1,
7290014603813,false,שטראוס קרמסימו מסטיגם 1.33 ליטר,גלידות שטראוס בעמ,,,יח`,1.33,1 ליטר,false,1,20.90,15.71,false,1,
7290014648906,false,LA BELLEמסיר לק מהציפורניים 100 מל,פארמה דיל (פ.א.ב.) שיווק והפצה,,,יח`,1,"100 מ""ל",false,1,3.90,3.90,false,1,
7290014692299,false,גבינת ברי EURO CHEESE ויליפוד 125 גרם,ג.וילי-פוד אינטרנשיונל **גבינו,,,יח`,1.25,100 גרם,false,1,19.90,15.92,false,1,
7290014692305,false,גבינת קממבר EURO CHEESE ויליפוד 125 גרם,ג.וילי-פוד אינטרנשיונל **גבינו,,,יח`,1.25,100 גרם,false,1,19.90,15.92,false,1,
7290014692541,false,פתיתים מגורדת וילי פוד (500 גרם)GOLDEN,ג.וילי-פוד אינטרנשיונל **גבינו,,,יח`,5,100 גרם,false,1,20.90,4.18,false,1,
7290014692565,false,גרעיני תירס מתוק וילי פוד (320 גרם),ג.וילי-פוד אינטרנשיונל בעמ,,,יח`,3.20,100 גרם,false,1,5.50,1.72,false,1,
7290014758162,false,חלב עיזים מלא 3.6% שומן תנובה (1 ליטר),תנובה מרכז שיתופי לש,,,יח`,1,1 ליטר,false,1,15.50,15.50,false,1,
7290014758681,false,גבינת קוטג`1% בגביע תנובה (250 גרם),מיוצר עי קונדיטוריית,,,יח`,2.50,100 גרם,false,1,5.70,2.28,false,1,
7290014759084,false,גבינת שמנת נפוליאון 16% מופחת שומן תנובה 225 גרם,תנובה מרכז שיתופי לש,,,יח`,2.25,100 גרם,false,1,14.50,6.44,false,1,
7290014759909,false,פטה עיזים 5% 250 גר`גביע פיראוס תנובה,"תנובה, מחלבת טנא נוג",,,יח`,2.50,100 גרם,false,1,28.50,11.40,false,1,
7290014759978,false,קצ`קאבל פלח גלעד 200 גר`קולקשיין תנובה,תנובה בעמ ***,,,יח`,2,100 גרם,false,1,27.90,13.95,false,1,
7290014759992,false,פלח רוקפור גליל 26% 140 גר`קולקשיין תנו,"תנובה, מחלבת תל יוסף",,,יח`,2,100 גרם,false,1,18.90,9.45,false,1,
7290014760134,false,"מעדן סויה בטעם וניל תנובה 125 מ""ל",תנובה Alternative,,,יח`,1.25,100 גרם,false,1,4.50,3.60,false,1,
7290014760141,false,משקה שקדים טרי תנובה (1 ליטר),"תנובה בע""מ ***",,,יח`,10,"100 מ""ל",false,1,13.90,1.39,false,1,
7290014760448,false,גבינה צהובה גלבוע 400 גרם 22% שומן תנובה,מחלבת בית יצחק,,,יח`,4,100 גרם,false,1,22.90,5.73,false,1,
7290014760912,false,גבינה צהובה 28% מהדרין גוש חלב (400 גרם),תנובה מרכז שיתופי לש,,,יח`,4,100 גרם,false,1,26.10,6.53,false,1,
7290014761056,false,מעדן שוקולד חלב יולו תנובה 123 גרם,מיוצר עי קונדיטוריית,,,יח`,1.23,"100 מ""ל",false,1,4.80,3.90,false,1,
7290014761063,false,מעדן שוקולד מריר יולו תנובה 123 גרם,מיוצר עי קונדיטוריית,,,יח`,1.23,"100 מ""ל",false,1,4.90,3.98,false,1,
7290014761070,false,מעדן שוקולד לבן יולו תנובה 123 גרם,מיוצר עי קונדיטוריית,,,יח`,1.23,"100 מ""ל",false,1,4.90,3.98,false,1,
7290014761612,false,מעדן שכבות שוקולד מריר ולבן יולו 122 גרם,מיוצר עי קונדיטוריית,,,יח`,1.23,"100 מ""ל",false,1,4.90,3.98,false,1,
7290014762800,false,מעדן סויה שוקולד גביע 125 גרם אלטרנטיב,תנובה מרכז שיתופי לש,,,יח`,1.25,100 גרם,false,1,4.40,3.52,false,1,
7290014762831,false,גבינת שמנת נפוליאון 16% עם פלפל חלפיניו תנובה 225 גרם,תנובה מרכז שיתופי לש,,,יח`,2.25,100 גרם,false,1,14.90,6.62,false,1,
7290014763272,false,יוגורט סויה BIO לשתיה תות ובננה אלטרנטיב,תות תעשיות מזון (201,,,יח`,2.50,100 גרם,false,1,6.80,2.72,false,1,
7290014785069,false,מירין משובח טעמי אסיה (250 מל),טחנת האבן קואופ בעמ,,,יח`,2.50,"100 מ""ל",false,1,16.90,6.76,true,1,
7290014785076,false,"קרם קוקוס ללא תוספות חומר משמר 400 מ""ל",טחנת האבן קואופ בעמ,,,יח`,4,"100 מ""ל",false,1,10.90,2.73,false,1,
7290014785564,false,אטריות אודון מוכנות 200 גר`,קינגדאן פרימה פודס ק,,,יח`,2,100 גרם,false,1,5.50,2.75,true,1,
7290014785571,false,"אטריות מוכנות מתאים להקפצה, מרקים ומנות קרות",טחנת האבן קואופ בעמ,,,יח`,2,100 גרם,false,1,5.50,2.75,true,1,
7290014785991,false,רוטב סויה ללא גולטן 500 מל טעמי אסיה,טחנת האבן קואופ בעמ,,,יח`,5,"100 מ""ל",false,1,14.90,2.98,false,1,
7290015039246,false,נתחי טונה בשמן צמחי רביעיה * 160 ג' וילי פוד,ג.וילי פוד אינטרנשיונל בעמ,,,יח`,6.40,100 גרם,false,1,22.90,3.58,true,1,
7290015039338,false,נתחי טונה במי מלח רביעיה * 160 ג' וילי פוד,ג.וילי-פוד אינטרנשיונל בעמ,,,יח`,6.40,100 גרם,false,1,22.90,3.58,true,1,
7290015039482,false,גבינת אדם פלח 230גרם 24%שומן - הולנד,ג.וילי-פוד אינטרנשיונל **גבינו,,,יח`,2.30,100 גרם,false,1,22.90,9.96,true,1,
7290015129251,false,איטריות גל קונג`אק בצורת פסטה פטוצ`יני ס,אף.סי תבליני בגליל ב,,,יח`,2.70,100 גרם,false,1,10.90,4.04,false,1,
7290015150088,false,מחית עגבניות קלה גרנד איטליה 700 גרם,תה ויסוצקי (ישראל) בעמ,,,יח`,7,100 גרם,false,1,15.20,2.17,true,1,
7290015150118,false,שלישיית עגבניות חתוכות דק גרנד איטליה 400 גרם,תה ויסוצקי (ישראל) בעמ,,,יח`,1.20,"ק""ג",false,1,17.90,14.92,false,1,
7290015156790,false,מחית לפתן פירות חטיפטף ללא תוספת סוכר,גורי מוצרי צריכה (1991) בעמ,,,יח`,1.20,100 גרם,false,1,6.50,5.42,true,1,
7290015161930,false,"פסטPRO קסרצ'ה פתיתים אורגניים, ללא גלוטן",י.איטליאנו אחזקות בעמ,,,יח`,2.50,100 גרם,false,1,18.90,7.56,false,1,
7290015161978,false,פסטPRO עדשים אדומות חומוס ופשתן GF אורגנית 250 ג,י.איטליאנו אחזקות בעמ,,,יח`,2.50,100 גרם,false,1,18.90,7.56,false,1,
7290015253277,false,"פחם איכותי 2 ק""ג",פחם קוואנגו סחר בעמ,,,יח`,20,100 גרם,false,1,11.90,0.60,false,1,
7290015324007,false,פלפל שחור גרוס 80 גר' טעם וריח,"תבליני טעם וריח בע""מ",,,יח`,0.80,100 גרם,false,1,11.90,14.88,false,1,
7290015324014,false,"פלפל שחור טחון בשקית 80 גרם ""טעם וריח""","תבליני טעם וריח בע""מ",,,יח`,0.80,100 גרם,false,1,10.90,13.63,false,1,
7290015324045,false,תבלין פפריקה חריפה 80 גר' שק',"תבליני טעם וריח בע""מ",,,יח`,0.80,100 גרם,false,1,5.90,7.38,false,1,
7290015324052,false,פפריקה מתוקה 80 גר' טעם וריח,"תבליני טעם וריח בע""מ",,,יח`,0.80,100 גרם,false,1,5.90,7.38,false,1,
7290015324076,false,זעתר מעורב 80 גר' טעם וריח,"תבליני טעם וריח בע""מ",,,יח`,0.80,100 גרם,false,1,5.90,7.38,false,1,
7290015324090,false,כמון טחון 80 גר' טעם וריח,"תבליני טעם וריח בע""מ",,,יח`,0.80,100 גרם,false,1,5.90,7.38,false,1,
7290015324588,false,פלפל לבן 100 גר` טעם וריח,"תבליני טעם וריח בע""מ",,,יח`,1,100 גרם,false,1,12.90,12.90,true,1,
7290015324748,false,"מחית שום וג`ינגר `טעם וריח', 210 גרם",ליני קאטייאמה פודסטאפס ב,,,יח`,2.10,100 גרם,false,1,14.90,7.10,true,1,
7290015347358,false,סודה לשתיה בקרטונית מיה 50 גרם,מיה תעשיות מזון מ.ת.מ. בעמ,,,יח`,0.50,100 גרם,false,1,4,8,false,1,
7290015366670,false,משחת שיניים בטעם מנטה אקוהפרש (100 מל),גלקסוסמיתקליין,,,יח`,1,"100 מ""ל",false,1,7.90,7.90,true,1,
7290015597548,false,קרמיסימו בננה שוקולד צ`יפ,"גלידת שטראוס בע""\מ",,,יח`,133,1 ליטר,false,1,20.90,0.16,false,1,
7290015597555,false,קרמיסימו וניל פירות טרופיים סולרו,גלידות שטראוס בעמ,,,יח`,133,1 ליטר,false,1,20.90,0.16,false,1,
7290015597937,false,קורנטו קלאסיק וניל עם צימוקים,"מיוצר ע""\י גלידת שטראוס",,,יח`,1,,false,1,6.90,6.90,true,1,
7290015652278,false,תערובת פיצוחים 250 גרם ששון הקולה,דין שיווק וקליה 2021 בעמ,,,יח`,2.50,100 גרם,false,1,20,8,false,1,
7290015652285,false,אגוזים קלופים ששון הקולה 250 גרם,דין שיווק וקליה 2021 בעמ,,,יח`,2.50,100 גרם,false,1,20,8,false,1,
7290015652292,false,קבוקים עם שומשום ששון הקולה 400 גרם,דין שיווק וקליה 2021 בעמ,,,יח`,4,100 גרם,false,1,10,2.50,false,1,
7290015652322,false,בוטנים אמריקאיים מצופים 400 גר ששון הקלה,דין שיווק וקליה 2021 בעמ,,,יח`,4,100 גרם,false,1,10,2.50,false,1,
7290015652407,false,פיסטוק קלוי ששון הקולה (250 גרם),דין שיווק וקליה 2021 בעמ,,,יח`,2.50,100 גרם,false,1,20,8,false,1,
7290015781008,false,"יין VISION מרלו אדום טפרברג 750 מ""ל",יקב טפרברג 1870 בעמ (יינות ומש,,,יח`,7.50,"100 מ""ל",false,1,41.90,5.55,true,1,
7290015781015,false,יין אדום מלבק ויז`יון טפרברג (750 מל),יקב טפרברג 1870 בעמ (יינות ומש,,,יח`,7.50,"100 מ""ל",false,1,41.90,5.55,true,1,
7290015781046,false,"יין לבן חצי יבש ויזון 750 מ""ל",יקב טפרברג 1870 בעמ (יינות ומש,,,יח`,7.50,"100 מ""ל",false,1,41.90,5.55,true,1,
7290015781053,false,יין לבן יבש ויזון יקב טפרברג (750 מל),יקב טפרברג 1870 בעמ (יינות ומש,,,יח`,7.50,"100 מ""ל",false,1,41.90,5.55,true,1,
7290015781114,false,יין אדום אימפרשיין מרלו טפרברג (750 מל),יקב טפרברג 1870 בעמ (יינות ומש,,,יח`,7.50,"100 מ""ל",false,1,51.90,6.88,true,1,
7290015781268,false,יין אדום מוסקטו מתוק טפרברג (750 מל),יקב טפרברג 1870 בעמ (יינות ומש,,,יח`,7.50,"100 מ""ל",false,1,41.90,5.55,true,1,
7290015855013,false,פלפלונים -טינקרבל א.אדמה,א.אדמה (2007) בעמ,,,יח`,1,,false,1,9.90,9.90,false,1,
7290015855037,false,פלפל צ`ילי בשקית,א.אדמה (2007) בעמ,,,יח`,1,,false,1,9.90,9.90,false,1,
7290015855112,false,חמציץ - ארוז,א.אדמה (2007) בעמ,,,יח`,1,,false,1,8.90,8.90,false,1,
7290015855143,false,שיני שום קלופות בנספ,א.אדמה (2007) בעמ,,,יח`,1.70,100 גרם,false,1,12.90,7.59,false,1,
7290015855181,false,גינג`ר יחידה טרי,א.אדמה (2007) בעמ,,,יח`,1,,false,1,8.90,8.90,false,1,
7290015855228,false,אספרגוס א.אדמה,א.אדמה (2007) בעמ,,,יח`,1,,false,1,29.90,29.90,false,1,
7290015855341,false,אנדיב לבן (עלוש),א.אדמה (2007) בעמ,,,יח`,1,,false,1,15.90,15.90,false,1,
7290015855358,false,בצלצלי שאלוט רעננים,א.אדמה (2007) בעמ,,,יח`,1,,false,1,14.90,14.90,false,1,
7290015855495,false,חסה לאליק כ 150 גר,א.אדמה (2007) בעמ,,,יח`,1.50,100 גרם,false,1,12.90,8.60,false,1,
7290015858106,false,"ממרח פסטו ביתי 180 גרם ""עללחם""",שטראוס גרופ בעמ/מצונן,,,יח`,1.80,100 גרם,false,1,17.90,9.94,false,1,
7290015858144,false,ממרח ארטישוק עללחם 180 גרם,"מדשא תעשיות מזון בע""\מ",,,יח`,1.80,100 גרם,false,1,17.90,9.94,false,1,
7290015858229,false,"טפנד זיתי קלמטה 180 גרם ""עללחם""","מדשא תעשיות מזון בע""\מ",,,יח`,1.80,100 גרם,false,1,17.90,9.94,false,1,
7290016006346,false,שוופס סודה 0.5 ליטר מארז שישייה,יפאורה שותפות מובגלת לשיווק,,,יח`,30,"100 מ""ל",false,1,14.20,0.41,false,1,
7290016077759,false,רוטב ברביקיו קלאסי היינץ 480 גרם,דיפלומט מפיצים (1968) בעמ**,,,יח`,4.80,100 גרם,false,1,18.50,3.85,false,1,
7290016087147,false,רוטב עגבניות מתובל לפיצה מרגריטה 240 גרם,אבאל יזמות בעמ,,,יח`,2.30,100 גרם,false,1,5.90,2.57,true,1,
7290016087499,false,עגבניות חתוכות מארז 400X3ג' אריזות ירושלים,ח.כהן סוכנות מזון ומשקאות בע,,,יח`,1.20,"ק""ג",false,1,12.90,10.75,true,1,
7290016096491,false,נתחי טונה בהירה בשמן צמחי שלישיה *80ג' פילטונה,תעשיות פיל טונה בעמ,,,יח`,2.40,100 גרם,false,1,9.90,4.13,false,1,
7290016096934,false,מארז זוגות סלט טונה 2*160 ג' פילטונה,תעשיות פיל טונה בעמ,,,יח`,1,,false,1,12.90,12.90,false,1,
7290016150117,false,סלק אדום מקולף ומבושל500,ביג פוד כחול לבן בעמ*שיק 30 יו,,,יח`,1,,false,1,8.90,8.90,true,1,
7290016150711,false,נוזל קוקוס פחית 400 גר` AVEL,אבאל יזמות בעמ,,,יח`,4,100 גרם,false,1,6.90,1.73,true,1,
7290016197495,false,ניקול זוג מטליות הקסם מיקרופייבר לרצפה,קימברלי קלארק ישראל שיווק בעמ,,,יח`,1,,false,1,24.90,24.90,true,1,
7290016277470,false,שיבולת שועל דקה 350 גר',דין שיווק וקליה 2021 בעמ,,,יח`,3.50,100 גרם,false,1,4.60,1.31,true,1,
7290016277487,false,שיבולת שועל עבה 350 גר',דין שיווק וקליה 2021 בעמ,,,יח`,3.50,100 גרם,false,1,4.60,1.31,true,1,
7290016321661,false,פרש וואנס SENSITIVE מגבונים ללא בישום רביעייה 72 יחידות,עלבד משואות יצחק,,,יח`,1,,false,1,16.90,16.90,true,1,
7290016321678,false,מגבונים לחים בניחוח מרענן עם תמציות קמומיל ואלוורה,עלבד משואות יצחק,,,יח`,1,,false,1,16.90,16.90,true,1,
7290016372342,false,עגבניות חתוך קוביות גראנד איטליה מארז 400X3ג',תה ויסוצקי (ישראל) בעמ,,,יח`,1.20,"ק""ג",false,1,17.90,14.92,false,1,
7290016509304,false,סוד סבון לאסלה 4 כדוריותבניחוח לבנדר 50 ג',גורי שיווק בעמ,,,יח`,0.50,100 גרם,false,1,8.90,17.80,true,1,
7290016509793,false,ג'ל לכביסה לבנה וצבעונית אריזת XL,גורי שיווק בעמ,,,יח`,4,1 ליטר,false,1,46.90,11.73,false,1,
7290016509816,false,ג'ל לכביסה צבעונית אריזת XL,גורי שיווק בעמ,,,יח`,4,1 ליטר,false,1,46.90,11.73,false,1,
7290016509823,false,ג'ל לכביסה לבנה וצבעונית בניחוח רענן,גורי שיווק בעמ,,,יח`,2.50,1 ליטר,false,1,35.90,14.36,true,1,
7290016545012,false,חתול שמן בירה קראפט סגנון פייל אייל 330,מבשלת הארץ (בירבזאר),,,יח`,3.30,"100 מ""ל",false,1,14.90,4.42,false,1,
7290016545036,false,בלאק ג`ק בירה קראפט בסגנון סטאוט 330 מל,מבשלת הארץ (בירבזאר),,,יח`,3.30,"100 מ""ל",false,1,14.90,4.42,false,1,
7290016564006,false,מבריקל הפלא ספוגיות להסרת כתמים קשים ושומנים 3יח,ח.כהן סוכנות מזון ומשקאות בע,,,יח`,1,,false,1,9.90,9.90,false,1,
7290016564075,false,מבריקל הפלא זוג מטליות מיקרופייבר לניקוי והברקה 30*30,אבאל יזמות בעמ,,,יח`,1,,false,1,10.10,10.10,true,1,
7290016564242,false,כריות יפניות מבריקל הפלא 4+2,אלבגינו שווק וסחר בעמ`,,,יח`,1,,false,1,9.90,9.90,false,1,
7290016564266,false,מבריקל הפלא כיסוי הפלא 3,ח.כהן סוכנות מזון ומשקאות בע,,,יח`,1,,false,1,10.90,10.90,true,1,
7290016564297,false,מארז זוג שקיות סנדוויץ 300 גר מבריקל,אבאל יזמות בעמ,,,יח`,1,,false,1,12.90,12.90,true,1,
7290016564426,false,מבריקל שקיות אשפה ג`מבו XXL עם ידית 25,אבאל יזמות בעמ,,,יח`,1,,false,1,15.90,15.90,true,1,
7290016564433,false,מבריקל מארז רביעית כרית יפנית,אבאל יזמות בעמ,,,יח`,1,,false,1,10.90,10.90,true,1,
7290016584004,false,חטיפוני גזר 130 גרם,קונס`-מרינה פטריות הגליל בעמ*ש,,,יח`,1.30,100 גרם,false,1,6.90,5.31,false,1,
7290016584011,false,חטיפוני גזר 350 גרם גיזרונים,קונס`-מרינה פטריות הגליל בעמ*ש,,,יח`,1,,false,1,11.90,11.90,false,1,
7290016607772,false,יין לבן רוזה גליל( 750 מל) דלתון,הכרם - משקאות חריפים בעמ,,,יח`,7.50,"100 מ""ל",false,1,65.90,8.75,true,1,
7290016866650,false,"פרודונטקס - משחת שיניים אוריג'ינל 75 מ""ל",פרודונטקס Parodontax,,,יח`,0.75,"100 מ""ל",false,1,31.90,42.53,true,1,
7290017065137,false,ריקוטה למריחה 5% טבעית 200 גר`מחלבות גד,מחלבות גד שיווק 1992 בעמ,,,יח`,2,100 גרם,false,1,10.70,5.35,false,1,
7290017065588,false,יוגורט יווני 600 גר`מחלבות גד,מחלבות גד שיווק 1992 בעמ,,,יח`,6,100 גרם,false,1,16.90,2.82,false,1,
7290017065731,false,גבינת שמנת 30% ניו יורק +כמהין 200 גרם רבנות,מחלבות גד שיווק 1992 בעמ,,,יח`,2,100 גרם,false,1,13.90,6.95,true,1,
7290017142159,false,"שלישיית נתחי טונה בהירה בשמן זית 80 גרם ""עץ הזית""",הנסיך- מפעל לייצור ט,,,יח`,2.40,100 גרם,false,1,23.90,9.96,true,1,
7290017142395,false,"LUNCH TO GO פסטה עם טונה בשמן זית 160 גרם ""עץ הזית""",יוניקורד ח.צ בעמ,,,יח`,1.60,100 גרם,false,1,14.90,9.31,true,1,
7290017142418,false,"LUNCH TO GO אורז עם עדשים טונה בשמן זית 160 גרם ""עץ הזית""",יוניקורד ח.צ בעמ,,,יח`,1.60,100 גרם,false,1,14.90,9.31,true,1,
7290017142487,false,"LUNCH TO GO בורגול עם חומוס טונה בשמן זית 160 גרם ""עץ הזית""",יוניקורד ח.צ בעמ,,,יח`,1.60,100 גרם,false,1,14.90,9.31,true,1,
7290017289182,false,"יין ישראלי לבן חצי יבש אפרת 750 מ""ל",יקב טפרברג 1870 בעמ (יינות ומש,,,יח`,7.50,"100 מ""ל",false,1,23.90,3.15,true,1,
7290017289618,false,"יין IMPRESSION פטיט סירה 150 שנה טפרברג 750 מ""ל",יקב טפרברג 1870 בעמ (יינות ומש,,,יח`,7.50,"100 מ""ל",false,1,51.90,6.88,true,1,
7290017291123,false,שום ארוז יבוא,",חברת יוסף אופנהימר 1986 בעמ",,,יח`,1,,false,1,5,5,false,1,
7290017297088,false,ציפס 2 קג,ויטה -פרי גליל (החדשה) בעמ,,,יח`,20,100 גרם,false,1,22.90,1.15,false,1,
7290017297095,false,סטייק ציפס 2 קג,ויטה -פרי גליל (החדשה) בעמ,,,יח`,20,100 גרם,false,1,22.90,1.15,false,1,
7290017477169,false,קשיו קלוי 250 גרם ששון הקולה,דין שיווק וקליה 2021 בעמ,,,יח`,2.50,100 גרם,false,1,20,8,false,1,
7290017477305,false,זרעי צ`יה 250 גר`שקדיה,דין שיווק וקליה 2021 בעמ,,,יח`,2.50,100 גרם,false,1,10.90,4.36,false,1,
7290017477596,false,תמר מגהול פרימיום 400 ג' בקופסא,דין שיווק וקליה 2021 בעמ,,,יח`,4,100 גרם,false,1,19.90,4.98,true,1,
7290017513485,false,מחית עגבניות רוסטיקה גרנד איטליה 680 גרם,תה ויסוצקי (ישראל) בעמ,,,יח`,6.80,100 גרם,false,1,15.50,2.28,true,1,
7290017536521,false,מארז סופגניות ללא גלוטן רביעייה קפוא,דויטש,,,יח`,1,,false,1,19.90,19.90,false,1,
7290017618111,false,עוגיות מלבן שקדים עם טריפל שוקולד 180 גר,קונדטוריות לחמי,,,יח`,1.80,100 גרם,false,1,19.90,11.06,true,1,
7290017677804,false,"רוטב סויה קיקומן ללא חומרים משמרים 444 מ""ל",דיפלומט מפיצים (1968) בעמ**,,,יח`,4.44,"100 מ""ל",false,1,32.90,7.41,true,1,
7290017791203,false,קרקר כוסמין מלא - סלק - פת במלח,טחנת האבן קואופ בעמ,,,יח`,2.25,100 גרם,false,1,22.90,10.18,false,1,
7290017812571,false,מיץ ענבים תירוש אדום 100% טבעי כרמל 1 ליטר,אגודת הכורמים -כרמל מזרחי,,,יח`,1,1 ליטר,false,1,21.20,21.20,true,1,
7290017812847,false,"יין כרמל סלקטד פרנץ' גוורצטרמינר, 750 מ""ל","כד בני דרום בע""מ",,,יח`,7.50,"100 מ""ל",false,1,30.90,4.08,true,1,
7290017872063,false,אל סבון ארומתרפי מארז שלישייה 500 מל פמ,אברנסל קוסמטיקס,,,יח`,1.50,1 ליטר,false,1,16.90,11.27,false,1,
7290017888026,false,"משקה אננס תפוח גזר פרות & ווג 350 מ""ל",יפאורה שותפות מוגבלת לשיווק,,,יח`,3.50,"100 מ""ל",false,1,7.90,2.17,true,1,
7290017888033,false,"משקה בננה מלון נענע פרות &ווג 350 מ""ל",יפאורה שותפות מוגבלת לשיווק,,,יח`,3.50,"100 מ""ל",false,1,7.90,2.17,true,1,
7290017888644,false,"משקה אננס בננה כורכום פרות & ווג 350 מ""ל",יפאורה שותפות מוגבלת לשיווק,,,יח`,3.50,"100 מ""ל",false,1,7.90,2.17,true,1,
7290017888729,false,שוופס סודה בקבוק 1 ל',יפאורה שותפות מוגבלת לשיווק,,,יח`,1,1 ליטר,false,1,4.90,4.90,true,1,
7290017907208,false,תערובת קמח רב תכליתי לנמנעים מגלוטן,י.איטליאנו אחזקות בעמ,,,יח`,5,100 גרם,false,1,19.90,3.98,false,1,
7290017907222,false,תערובת קמח תופח לנמנעים מגלוטן,י.איטליאנו אחזקות בעמ,,,יח`,5,100 גרם,false,1,19.90,3.98,false,1,
7290017928036,false,מאיר בייגל מקלות גריסיני שומשום 175 גרם,מאיר את בייגל,,,יח`,1.75,100 גרם,false,1,12.90,7.37,true,1,
7290017928098,false,בייגלה שטוח מלח 330 גר` מאיר בייגל,מאיר את בייגל,,,יח`,3.30,100 גרם,false,1,12.90,3.91,false,1,
7290017928821,false,מאיר בייגל מקלות גריסיני קלאסי 200 גרם,מאיר את בייגל,,,יח`,2,100 גרם,false,1,12.90,6.45,true,1,
7290018011737,false,גלידת אייס קפה בננה,תמרה ארטיק בעמ,,,יח`,4.75,100 גרם,false,1,34.90,7.35,false,1,
7290018011935,false,גלידת יוגורט בתוספת דובדבני אמרה,תמרה ארטיק בעמ,,,יח`,4.75,100 גרם,false,1,34.90,7.35,false,1,
7290018043844,false,חטיף חלבון בוטנים קרמל קראנץ 60 ג' פראוד,דיפלומט מפיצים (1968) בעמ**,,,יח`,0.60,100 גרם,false,1,13.90,23.17,true,1,
7290018098592,false,שווארמה טבעוניות ביף,גורי מוצרי צריכה (1991) בעמ,,,יח`,3,100 גרם,false,1,22.90,7.63,false,1,
7290018165447,false,רזרב גולד מרלו ( 750 מל) יקבי ברקן,יקבי ברקן שיווק והפצה בע,,,יח`,7.50,"100 מ""ל",false,1,53,7.03,true,1,
7290018249222,false,סוויטנגו אבקת ממתיק 100 גרם,מתבל תעשיות מזון,,,יח`,1,100 גרם,false,1,14.90,14.90,false,1,
7290018344095,false,חטיף חלבון בטעם בוטנים מלח 50 ג' VEG PROTEIN,אבאל יזמות בעמ,,,יח`,0.50,100 גרם,false,1,10.90,21.80,true,1,
7290018344101,false,חטיף חלבון בטעם קקאו וקפה 50 ג' VEG PROTEIN,אבאל יזמות בעמ,,,יח`,0.50,100 גרם,false,1,10.90,21.80,true,1,
7290018344125,false,חטיף חלבון אגוזי לוז קקאו טבע ירוק 50 גר,אבאל יזמות בעמ,,,יח`,0.50,100 גרם,false,1,10.90,21.80,true,1,
7290018344187,false,חטיף חלווה משומשום מלא בתוספת פיסטוק ללא סוכר 70 ג',"ממתקי השלום בעולם בע""\מ",,,יח`,0.70,100 גרם,false,1,8.90,12.71,true,1,
7290018344194,false,חטיף חלווה משומשום מלא בתוספת נגיעות דבש 70 ג',אבאל יזמות בעמ,,,יח`,0.70,100 גרם,false,1,8.90,12.71,true,1,
7290018359495,false,תירס מהשדה בלי תוספת סוכר יכין 550 גרם,היינץ צפון אמריקה מק,,,יח`,5.50,100 גרם,false,1,10.90,1.98,false,1,
7290018359884,false,פולפה ליקופן טבעית 2*400גר יכין A1.,זנלכול יכין,,,יח`,8,100 גרם,false,1,16.90,2.11,true,1,
7290018440230,false,תה צ'אי ורדים 25 שקיקים ויסוצקי,תה ויסוצקי (ישראל) בעמ,,,יח`,1,,false,1,20.90,20.90,true,1,
7290018440483,false,פליפז בייגלה מצופה בקרמל מלוח ושוקולד מקוויטיס 140 גרם,תה ויסוצקי (ישראל) בעמ,,,יח`,1.40,100 גרם,false,1,8.90,6.36,true,1,
7290018471449,false,קרטונית ספרינג שייק בננה תמר תפוז 1 ליטר,יפאורה - שותפות מוגבלת לשיווק,,,יח`,1,1 ליטר,false,1,12.90,12.90,true,1,
7290018471906,false,שוופס מוגז פירות לימונדה ורודה 1.5 ליטר פיקדון,יפאורה - שותפות מוגבלת לשיווק,,,יח`,1.50,1 ליטר,false,1,9.50,6.13,true,1,
7290018516966,false,פרמיו סופרים עם בקר לכלב בוגר 3קג,שחורי אריה ואנסטסיה,,,יח`,1,,false,1,49.90,49.90,false,1,
7290018677131,false,גרנולה קראנצ'י אגוזים ושקדים ללא גלוטן וללא תוספת סוכר נוטרה זן-300 גרם,י.איטליאנו אחזקות בעמ,,,יח`,3,100 גרם,false,1,23.90,7.97,false,1,
7290018677148,false,גרנולה קראנצ'י שוקולד וקוקוס ללא גלוטן וללא תוספת סוכר נוטרה זן-300 גרם,י.איטליאנו אחזקות בעמ,,,יח`,3,100 גרם,false,1,23.90,7.97,false,1,
7290018703052,false,פראוד חטיף חלבון עוגיות קראנץ גר`,דיפלומט היינץ,,,יח`,0.29,100 גרם,false,1,9.90,34.14,false,1,
7290018703083,false,פראוד חטיף חלבון דאבל שוקולד 60 גרם קראנץ,דיפלומט מפיצים (1968) בעמ**,,,יח`,0.60,100 גרם,false,1,13.90,23.17,true,1,
7290018703311,false,פראוד - חטיף חלבון קרם עוגיות קראנצ' 60ג,דיפלומט מפיצים (1968) בעמ**,,,יח`,0.60,100 גרם,false,1,13.90,23.17,true,1,
7290018703496,false,פראוד - חטיף חלבון בטעם בננה טופי 60 גרם,דיפלומט מפיצים (1968) בעמ**,,,יח`,0.60,100 גרם,false,1,13.90,23.17,true,1,
7290018724408,false,דגני בוקר נטורלה נוגט ללא גלוטן 375 גר,י.איטליאנו אחזקות בעמ,,,יח`,3.75,100 גרם,false,1,20.90,5.57,false,1,
7290018724415,false,דגני בוקר נטורלה בראוניז ללא גלוטן 375,י.איטליאנו אחזקות בעמ,,,יח`,3.75,100 גרם,false,1,20.90,5.57,false,1,
7290018724552,false,קמח שקדים ללא גלוטן 250 גרם,י.איטליאנו אחזקות בעמ,,,יח`,2.50,100 גרם,false,1,23.90,9.56,false,1,
7290018770245,false,זית ירוק מגולען בטעם רוזמרין 190 גר`,אבאל יזמות בעמ,,,יח`,1.90,100 גרם,false,1,13.90,7.32,true,1,
7290018770269,false,זית קלמטה עם שמן זית 215 גר`,אבאל יזמות בעמ,,,יח`,2.15,100 גרם,false,1,13.90,6.47,true,1,
7290018777268,false,חטיף חלבון בננה קקאו טבע ירוק 50 גרם,"ממתקי השלום בעולם בע""\מ\",,,יח`,0.50,100 גרם,false,1,10.90,21.80,true,1,
7290018777275,false,חטיף חלבון בטעם עוגיות וניל 50 ג' VEG PROTEIN,"ממתקי השלום בעולם בע""\מ\",,,יח`,0.50,100 גרם,false,1,10.90,21.80,true,1,
7290018825020,false,תפוא לבן לאפייה דוד משה גורמה,תוצרת הנגב אגודה שיתופית חקלאי,,,"ק""ג",1,,true,1,5.90,5.90,false,1,
7290018893319,false,צ'וקטה שוקולד מריר בלגי 85% 100 גרם משולש K,ש. שסטוביץ בע`מ,,,יח`,1,100 גרם,false,1,10.90,10.90,false,1,
7290018893876,false,עוגות אישיות רכות עם מילוי קרם בטעם וניל,פרדי קונדיטוריה אס.פ,,,יח`,2,100 גרם,false,1,13.90,6.95,true,1,
7290018925065,false,מיץ תפוזים סחוט פרימור (2 ליטר),שטראוס גרופ בעמ/מצונן,,,יח`,2,1 ליטר,false,1,27.90,13.80,false,1,
7290018925072,false,פרימור טרי מיץ לימונים עם נענע 2 ליטר,שטראוס גרופ בעמ/מצונן,,,יח`,2,1 ליטר,false,1,28.90,14.30,false,1,
7290019056065,false,שוופס מוגז עדין פירות יער 1.5 ליטר פיקדון,יפאורה - שותפות מוגבלת לשיווק,,,יח`,1.50,1 ליטר,false,1,9.50,6.13,true,1,
7290019056096,false,שוופס מוגז עדין אפרסק 1.5 ליטר פיקדון,יפאורה - שותפות מוגבלת לשיווק,,,יח`,1.50,1 ליטר,false,1,9.50,6.13,true,1,
7290019056119,false,שוופס סודה 1.5 ליטר פיקדון,יפאורה שותפות מוגבלת לשיווק,,,יח`,1.50,1 ליטר,false,1,3.90,2.40,true,1,
7290019056164,false,שוופס סודה 1.5 ליטר רביעייה פיקדון,יפאורה - שותפות מוגבלת לשיווק,,,יח`,6,1 ליטר,false,1,12.20,1.83,false,1,
7290019056171,false,שוופס סודה לימון 1.5 ליטר רביעייה פיקדון,יפאורה - שותפות מוגבלת לשיווק,,,יח`,6,1 ליטר,false,1,12.20,1.83,false,1,
7290019056331,false,שוופס טוניק ללא סוכר 1.5 ליטר פיקדון,יפאורה - שותפות מוגבלת לשיווק,,,יח`,0.0150,"100 מ""ל",false,1,12.90,840,false,1,
7290019056379,false,משקה קל תפוזינה 1.5 ליטר תפוזים,יפאורה - שותפות מוגבלת לשיווק,,,יח`,1.50,1 ליטר,false,1,9.50,6.13,true,1,
7290019056553,false,שישיית מים מינרלים עין גדי 2 ליטר,יפאורה - שותפות מוגבלת לשיווק,,,יח`,1.20,1 ליטר,false,1,13.70,9.92,false,1,
7290019056560,false,עין גדי מים מינרלים בקבוק 2 ליטר,יפאורה שותפות מוגבלת לשיווק,,,יח`,2,1 ליטר,false,1,3.30,1.65,false,1,
7290019056584,false,משקה קל תפוזים ספרינג 1.5 ליטר,יפאורה - שותפות מוגבלת לשיווק,,,יח`,1.50,1 ליטר,false,1,9.50,6.13,true,1,
7290019056645,false,משקה קל ספרינג 1.5 ליטר אגס תפוח סברס,יפאורה - שותפות מוגבלת לשיווק,,,יח`,1.50,1 ליטר,false,1,9.50,6.13,true,1,
7290019056959,false,מי עדן בקבוק מתכווץ שקט 1.5 מ``ל,יפאורה - שותפות מוגבלת לשיווק,,,יח`,1.50,1 ליטר,false,1,2.80,1.67,false,1,
7290019056966,false,מי עדן בקבוק פיקדון 1.5 ליטר,תבורי-שותפות מוגבלת לשיווק,,,יח`,15,"100 מ""ל",false,1,4.20,0.26,false,1,
7290019056973,false,מי עדן שישיה בק `1.5ליטר פיקדון,יפאורה - שותפות מוגבלת לשיווק,,,יח`,9,1 ליטר,false,1,14.90,1.46,false,1,
7290019145288,false,מרקש ערק לימונענע 700 מל,אבאל יזמות בעמ,,,יח`,7,"100 מ""ל",false,1,40.90,5.80,true,1,
7290019153078,false,שוופס ביטר למון 1.5 לייט ליטר פיקדון,יפאורה - שותפות מוגבלת לשיווק,,,יח`,1.50,1 ליטר,false,1,12.90,8.40,false,1,
7290019167020,false,עוגת גבינה עם פירות יער לייט עדן קינוחים 82 גרם,"תנובה בע""מ ***",,,יח`,0.82,100 גרם,false,1,7.20,8.78,false,1,
7290019232834,false,פליפז בייגלה מצופה קרם עוגיות ושוקולד מקוויטיס 140 גרם,תה ויסוצקי (ישראל) בעמ,,,יח`,1.40,100 גרם,false,1,8.90,6.36,true,1,
7290019297246,false,שזיפים מיובשים ששון הקולה (330 גרם),דין שיווק וקליה 2021 בעמ,,,יח`,3.30,100 גרם,false,1,19.90,6.03,false,1,
7290019297635,false,שקדים קלויים ששון הקולה 150 גרם,דין שיווק וקליה 2021 בעמ,,,יח`,1.50,100 גרם,false,1,17.90,11.93,false,1,
7290019303312,false,טבע ירוק בייגלה כוסמין עם מלח 200 גר`,אבאל יזמות בעמ,,,יח`,2,100 גרם,false,1,15.90,7.95,true,1,
7290019393061,false,"קמח כוסמין 100% ללא צורך בניפוי 1 ק""ג האופה",אבאל יזמות בעמ,,,יח`,1,"ק""ג",false,1,16.90,16.90,true,1,
7290100240632,false,קרקר פתית 200-300ג' 6 דגנים 250 גרם,"יוניליוור ישראל שיווק בע""מ",,,יח`,2.50,100 גרם,false,1,18.70,7.48,true,1,
7290100240656,false,"פתית שיפון בד""צ חדש 300X24 גר'",יוניליוור ישראל שיווק בע`מ,,,יח`,3,100 גרם,false,1,19.30,6.43,true,1,
7290100245231,false,נמס בכוס מרק בטעם עוף עם אטריות ושקדי מרק-2 שקיות,יוניליוור ישראל שיווק בע`מ,,,יח`,0.50,100 גרם,false,1,7.60,15.20,true,1,
7290100247969,false,קליק שקיות כריות צ`וקולדה,יוניליוור ישראל שיווק בעמ,,,יח`,0.75,100 גרם,false,1,6.90,9.20,true,1,
7290100653586,false,"דאודורנט ג'ל פרש פיוזן 24/7 ליידי ספיד סטיק 65 מ""ל",ליידי ספיד סטיק Lady Speed Stick,,,יח`,0.50,"100 מ""ל",false,1,15.90,31.80,false,1,
7290100680650,false,מנה חמה נודלס-אטריות ירקות טעם תאילנדי אסם 76 ג',קבוצת אוסם סחר שותפות מוגבלת,,,יח`,0.76,100 גרם,false,1,8.50,11.18,true,1,
7290100680711,false,פירורית זהב אסם זהב 350ג',קבוצת אוסם סחר שותפות מוגבלת,,,יח`,3.50,100 גרם,false,1,8.90,2.54,false,1,
7290100680728,false,פירורית רגילה שקית 350 גרם,קבוצת אוסם סחר שותפות מוגבלת,,,יח`,3.50,100 גרם,false,1,8.40,2.40,false,1,
7290100681138,false,מארז אפרופו חטיף תירס 3 יחידות,קבוצת אוסם סחר שותפות מוגבלת,,,יח`,1.50,100 גרם,false,1,13.90,9.27,true,1,
7290100683880,false,פירה אסם ללא צורך בבישול 260 גרם,קבוצת אוסם סחר שותפות מוגבלת,,,יח`,2.60,100 גרם,false,1,14.70,5.65,false,1,
7290100685334,false,אבקת מרק עוף אמיתי בשרי רכיבים טבעיים אסם 400 גרם,קבוצת אוסם סחר שותפות מוגבלת,,,יח`,4,100 גרם,false,1,24.90,6.23,true,1,
7290100685341,false,אבקת מרק טעם עוף זך רכיבים טבעיים אסם 400 גרם,קבוצת אוסם סחר שותפות מוגבלת,,,יח`,4,100 גרם,false,1,18.30,4.58,true,1,
7290100687109,false,במבה במילוי קרם נוגט 60ג' אסם,קבוצת אוסם סחר-שות.מוגבלת,,,יח`,0.60,100 גרם,false,1,4.80,8,true,1,
7290100700020,false,גריסי פנינה סוגת (500 גרם),האי נאם סי או אל.טי.,,,יח`,2,100 גרם,false,1,7.50,3.75,true,1,
7290100700075,false,פירורי לחם מוזהבים סוגת (200 גרם),"סוגת תעשיות בע""\מ",,,יח`,2,100 גרם,false,1,4.90,2.45,true,1,
7290100700242,false,אורז מלא עגול סוגת (1 קג),"סוגת תעשיות בע""\מ",,,יח`,10,100 גרם,false,1,10.90,1.09,false,1,
7290100700273,false,קינואה לבנה 500 ג סו,האי נאם סי או אל.טי.,,,יח`,5,100 גרם,false,1,15.90,3.18,true,1,
7290100700396,false,"אורז יסמין קלאסי סוגת 1 ק""ג",האי נאם סי או אל.טי.,,,יח`,1,"ק""ג",false,1,12.40,12.40,true,1,
7290100700587,false,"בורגול ""סוגת"" 500 גרם",האי נאם סי או אל.טי.,,,יח`,5,100 גרם,false,1,6.50,1.30,true,1,
7290100701454,false,בורגול דק גרישה סוגת (500 גרם),"סוגת תעשיות בע""\מ",,,יח`,5,100 גרם,false,1,5.90,1.18,true,1,
7290100703007,false,"עדשים שחורות בלוגה 500 גרם ""סוגת""",האי נאם סי או אל.טי.,,,יח`,5,100 גרם,false,1,8.90,1.78,true,1,
7290100850916,false,דוריטוס חמוץ חריף מעודן 70 גרם כשר לפסח,"שטראוס פריטו ליי בע""\מ )",,,יח`,0.70,100 גרם,false,1,4.20,6,true,1,
7290100850930,false,חטיף תירס בטעם טבעי דוריטוס (70 גרם),"שטראוס פריטו ליי בע""\מ )",,,יח`,0.70,100 גרם,false,1,4.20,6,true,1,
7290100858592,false,אבקת קקאו עלית שקית 150 ג',הנסיך- מפעל לייצור ט,,,יח`,1.50,100 גרם,false,1,9.90,6.60,false,1,
7290100858608,false,עלית אבקת קקאו כשלפ 500 גרם,שטראוס קפה בי.ויn\.,,,יח`,5,100 גרם,false,1,24.50,4.90,false,1,
7290101551027,false,קפסולות קפה אספרסו חזק במיוחד 14 עלית 10 יח',הנסיך- מפעל לייצור ט,,,יח`,0.50,100 גרם,false,1,18.50,37,true,1,
7290101551300,false,סילאן טבעי ללא תוספת סוכר בקבוק לחיץ,מכוורת יד מרדכי שטראוס ב,,,יח`,3.80,100 גרם,false,1,15.90,4.18,false,1,
7290101863410,false,"סיליט באנג ספריי ניקוי עוצמתי מכיל אקונומיקה 750 מ""ל",רקיט בנקיזר (ניר איסט) בעמ,,,יח`,7.50,"100 מ""ל",false,1,13.90,1.85,false,1,
7290101864127,false,ספריי להסרת כתמים וניש קליה (750 מל),רקיט בנקיזר (ניר איסט) בעמ,,,יח`,7.50,"100 מ""ל",false,1,17.90,2.39,false,1,
7290101869726,false,ג'ל מרוכז למדיח הכל ב-1 פיניש 1 ליטר,רקיט בנקיזר (ניר איסט) בעמ,,,יח`,1,1 ליטר,false,1,44.90,44.90,true,1,
7290101999584,false,נרות ג'מבו כוכבים - הלו קיטי(1X32),שמחה זה אנחנו בעמ,,,יח`,1,,false,1,6.90,6.90,false,1,
7290101999683,false,נרות מטה כוכבים- ברבי,שמחה זה אנחנו בעמ,,,יח`,1,,false,1,5.90,5.90,false,1,
7290102300860,false,"גבינת צ'דר אנגלית לבן, 200 גרם",א. סיימן סחר בעמ,,,יח`,2,100 גרם,false,1,23.90,11.95,true,1,
7290102390427,false,יוגורט ביו עם קציפת תות 3% שומן 150 ג' מולר,החברה המרכזית טלהפצת משקאות בע,,,יח`,1.50,"100 מ""ל",false,1,5.60,3.73,false,1,
7290102390465,false,יוגורט ביו עם קציפת אפרסק ופסיפלורה 3% שומן 150 ג' מולר,החברה המרכזית טלהפצת משקאות בע,,,יח`,1.50,"100 מ""ל",false,1,5.60,3.73,false,1,
7290102391844,false,יוגורט ביו עם קציפת פירות יער3% שומן 150 ג' מולר,החברה המרכזית טלהפצת משקאות בע,,,יח`,1.50,"100 מ""ל",false,1,5.60,3.73,false,1,
7290102393039,false,"יוגורט ביו קרמי מיקס פצפוצי שוקולד 7.6% מולר 170 מ""ל",*החברה המרכזית להפצת משקאותבעמ,,,יח`,1.70,100 גרם,false,1,6.60,3.88,false,1,
7290102393176,false,סימפלי פרוט יוגורט אפרסק 3% שומן 150 ג' מולר,*החברה המרכזית להפצת משקאותבעמ,,,יח`,1.50,100 גרם,false,1,5.60,3.73,true,1,
7290102393190,false,"יוגורט סימפלי פרוט בטעם פירות יער 3% מולר 150 מ""ל",*החברה המרכזית להפצת משקאותבעמ,,,יח`,1.50,100 גרם,false,1,5.60,3.73,true,1,
7290102393268,false,"גבינה לבנה 5% שומן, רכיבים טבעיים 750 גרם",*החברה המרכזית להפצת משקאותבעמ,,,יח`,7.50,100 גרם,false,1,14.94,1.99,false,1,
7290102393299,false,יוגורט עיזים לשתייה 3% משק צוריאל 500 גרם,*החברה המרכזית להפצת משקאותבעמ,,,יח`,5,100 גרם,false,1,14.20,2.84,false,1,
7290102393947,false,סימפלי פרוט יוגורט בטעם קיווי 3% שומן 150 ג' מולר,*החברה המרכזית להפצת משקאותבעמ,,,יח`,1.50,"100 מ""ל",false,1,5.60,3.73,true,1,
7290102394463,false,נעם גבינה צהובה פרוסה ואקום 28% טרה 500 גרם,החברה המרכזית טלהפצת משקאות בע,,,יח`,5,100 גרם,false,1,31,6.20,false,1,
7290102394821,false,גבינה צהובה 28% דק דק לפתיחה חוזרת 200,החברה המרכזית טלהפצת משקאות בע,,,יח`,2,100 גרם,false,1,18.40,9.20,false,1,
7290102394845,false,נעם גבינה צהובה לייט פרוסה דק דק 9% טרה 200 גרם,*החברה המרכזית להפצת משקאותבעמ,,,יח`,2,100 גרם,false,1,18.80,9.40,false,1,
7290102395224,false,שמיניית יוגורט ביו ביאנקו 1.7% מולר 150 גרם,*החברה המרכזית להפצת משקאותבעמ,,,יח`,12,100 גרם,false,1,19.80,1.65,false,1,
7290102395262,false,מארז 8 גביעים יוגורט בטעם תות שדה ואפרסק 3% Simply Fruit,החברה המרכזית טלהפצת משקאות בע,,,יח`,1,,false,1,33.10,33.10,false,1,
7290102395439,false,מארז 8 גביעים יוגורט בטעם פירות יער וקיווי 3% Simply Fruit,*החברה המרכזית להפצת משקאותבעמ,,,יח`,1,,false,1,33.10,33.10,false,1,
7290102396665,false,צהובה פרוסות דקדק פתח סגור 15% 200 גר`,*החברה המרכזית להפצת משקאותבעמ,,,יח`,2,100 גרם,false,1,18.80,9.40,false,1,
7290102397204,false,גבינה צהובה נעם דק דק פתח סגור 200 גר,*החברה המרכזית להפצת משקאותבעמ,,,יח`,2,100 גרם,false,1,18.80,9.40,false,1,
7290102397334,false,גבינה בולגרית גלילית 5% משק צוריאל 250 גרם,החברה המרכזית טלהפצת משקאות בע,,,יח`,2.50,100 גרם,false,1,25.40,10.16,false,1,
7290102397464,false,יוגורט ביו בתוספת גרעינים אגוזים וחמוציות 170 ג' מולר,החברה המרכזית טלהפצת משקאות בע,,,יח`,1.50,100 גרם,false,1,6.60,4.40,false,1,
7290102397600,false,מיקס יוגורט בתוספת שקדים ובוטנים מקורמלים 170 ג' מולר,החברה המרכזית טלהפצת משקאות בע,,,יח`,1.70,100 גרם,false,1,6.60,3.88,false,1,
7290102397617,false,יוגורט ביו קרמי עם כדורים מצופים שוקולד חום לבן,*החברה המרכזית להפצת משקאותבעמ,,,יח`,1.70,100 גרם,false,1,6.60,3.88,false,1,
7290102397679,false,קוטג' וחצי טרה 5% מרכיבים טבעיים,*החברה המרכזית להפצת משקאותבעמ,,,יח`,3.75,100 גרם,false,1,8.80,2.35,false,1,
7290102397730,false,פרוסות גבינה אמנטל חצי קשה 30% שומן 200 ג' נעם,*החברה המרכזית להפצת משקאותבעמ,,,יח`,2,100 גרם,false,1,18.80,9.40,false,1,
7290102397891,false,גבינה ניו יורק מותכת %16 4*25 גרם,החברה המרכזית טלהפצת משקאות בע,,,יח`,1,100 גרם,false,1,8.40,8.40,false,1,
7290102398065,false,חלב טרה בקרטון 2 ליטר מהדרין 3% - מוצר בפיקוח,*החברה המרכזית להפצת משקאותבעמ,,,יח`,2,1 ליטר,false,1,12.46,6.23,false,1,
7290102398072,false,"חלב קרטון 3%-1 ליטר "" טרה"" -מוצר פיקוח",החברה המרכזית טלהפצת משקאות בע,,,יח`,1,1 ליטר,false,1,6.23,6.23,false,1,
7290102398331,false,חלב מועשר דל לקטוז 2% שומן טרה 1 ליטר,*החברה המרכזית להפצת משקאותבעמ,,,יח`,1,1 ליטר,false,1,7.90,7.90,false,1,
7290102398560,false,משקה שוקו מועשר בבקבוק 1 ליטר טרה,החברה המרכזית טלהפצת משקאות בע,,,יח`,1,1 ליטר,false,1,12.80,12.80,false,1,
7290102398577,false,משקה חלב בטעם שוקו 2% בבקבוק אישי,החברה המרכזית טלהפצת משקאות בע,,,יח`,2.50,"100 מ""ל",false,1,5.50,2.20,false,1,
7290102398782,false,.משקה סויה קלאסי 1ל בקבוק משק צוריא,*החברה המרכזית להפצת משקאותבעמ,,,יח`,1,1 ליטר,false,1,10.50,10.50,false,1,
7290102398805,false,משקה סויה בטעם וניל 1ל בקבוק משק צוריא,החברה המרכזית טלהפצת משקאות בע,,,יח`,1,1 ליטר,false,1,10.50,10.50,false,1,
7290102398836,false,משקה שקדים קלאסי 1 ליטר משק צוריאל,החברה המרכזית טלהפצת משקאות בע,,,יח`,10,"100 מ""ל",false,1,12.60,1.26,false,1,
7290102399048,false,פרוסות גבינת קשקבל נעם 200 ג' טרה,*החברה המרכזית להפצת משקאותבעמ,,,יח`,2,100 גרם,false,1,24.30,12.15,false,1,
7290102399802,false,יוגורט עם תות מולר אקטיב מועשר בחלבון 200 גר',החברה המרכזית טלהפצת משקאות בע,,,יח`,2,100 גרם,false,1,6.60,3.30,true,1,
7290102399819,false,יוגורט עם פירות יער מולר אקטיב מועשר בחלבון 200 גר',החברה המרכזית טלהפצת משקאות בע,,,יח`,2,100 גרם,false,1,6.60,3.30,true,1,
7290103120658,false,דאודורנט ספיד סטיק גל שחור 85 גרם,הנסיך- מפעל לייצור ט,,,יח`,0.85,100 גרם,false,1,16.90,19.88,false,1,
7290103400194,false,כרוב לבן 400 ג בדצ ירקות שטראוס טעם הטבע,שטראוס בריאות ירקות טריי,,,יח`,4,100 גרם,false,1,9,2.25,false,1,
7290103400231,false,גזר גוליאן 400גר שטראוס טעם הטבע,ביכורי השדה הצפון בעמ` 1964,,,יח`,4,100 גרם,false,1,9,2.25,false,1,
7290103404758,false,סלט כרוב אדום במיונז אחלה 120 גרם,שטראוס גרופ בעמ/מצונן,,,יח`,1.20,100 גרם,false,1,5.50,4.58,false,1,
7290103408206,false,עלי חסה ערבית שטופים 250 גר טעם הטבע,ביכורי השדה הצפון בעמ` 1964,,,יח`,2.50,100 גרם,false,1,10.10,4.04,false,1,
7290104061431,false,סלט חומוס עם צנובר אחלה 400 גרם,שטראוס גרופ בעמ/מצונן,,,יח`,4,100 גרם,false,1,11.50,2.88,false,1,
7290104061448,false,סלט חומוס עם חריף אחלה 400 גרם,שטראוס גרופ בעמ/מצונן,,,יח`,4,100 גרם,false,1,11.50,2.88,false,1,
7290104065934,false,עלי רוקט שטראוס 150 גר`-טעם הטבע,ביכורי השדה הצפון בעמ` 1964,,,יח`,1.50,100 גרם,false,1,10.50,7,false,1,
7290104066566,false,סלט טחינה שומשום מלא 500גר אחלה,שטראוס גרופ בעמ/מצונן,,,יח`,5,100 גרם,false,1,15.60,3.12,true,1,
7290104501661,false,אינסטנט פודינג בטעם וניל צרפתי אסם 80 גרם,קבוצת אוסם סחר-שות.מוגבלת,,,יח`,0.80,100 גרם,false,1,6.80,8.50,false,1,
7290104721762,false,מארז שלשות קפה טורקי עלית 85 ג',"שטראוס גרופ בע""מ",,,יח`,2.55,100 גרם,false,1,19.90,7.80,false,1,
7290104722530,false,תפוצ'יפס בטעם שמנת בצל עלית 200 גרם,"שטראוס פריטו ליי בע""\מ )",,,יח`,2,100 גרם,false,1,10.90,5.45,true,1,
7290104728310,false,"שמנת מתוקה עמידה 38% שומן ""יטבתה"" -מוצר בפיקוח",שטראוס גרופ בעמ/מצונן,,,יח`,2.50,"100 מ""ל",false,1,6.47,2.59,false,1,
7290104729003,false,"יד מרדכי - שמן זית כתית מעולה 2 קלאסי 750 מ""ל",מכוורת יד מרדכי שטרא,,,יח`,7.50,"100 מ""ל",false,1,34.90,4.65,true,1,
7290105360250,false,קפסולות 09 עשיר וארומטי למכונת נספרסו עלית 10יח',הנסיך- מפעל לייצור ט,,,יח`,1,,false,1,18.50,18.50,true,1,
7290105360328,false,קפסולות אספרסו חזק למכונות נספרסו 10 יח',הנסיך- מפעל לייצור ט,,,יח`,0.50,100 גרם,false,1,18.50,37,true,1,
7290105362339,false,"שמנת לבישול 15% 250 מ""ל יטבתה מהדרין",שטראוס גרופ בעמ/מצונן,,,יח`,2.50,"100 מ""ל",false,1,8.40,3.36,true,1,
7290105364289,false,מקלות כיף כף פצפוצים עלית 40 גרם,שולן צ'\יקולטה גידה סאן.,,,יח`,0.40,100 גרם,false,1,5.70,14.25,true,1,
7290105366023,false,סלט חצילים בטעם כבד אחלה 400 גרם,שטראוס גרופ בעמ/מצונן,,,יח`,4,100 גרם,false,1,16.20,4.05,true,1,
7290105366993,false,סימפוניה גבינת שמנת פלפל שיפקה 5% שטראוס 200 גרם,שטראוס גרופ בעמ/מצונן,,,יח`,2,100 גרם,false,1,11.90,5.95,false,1,
7290105368331,false,מעדן מילקי בטעם תות עם קצפת,שטראוס גרופ בעמ/מצונן,,,יח`,1.30,"100 מ""ל",false,1,2.80,2.15,false,1,
7290105369130,false,סימפוניה גבינת שמנת בצל ירוק 5% שטראוס 200 גרם,שטראוס גרופ בעמ/מצונן,,,יח`,2,100 גרם,false,1,12.20,6.10,false,1,
7290105439499,false,מאסטר שף מאסטר שף מיונז 480 גר כשלפ,רמיה סי.וי. הולנד,,,יח`,4.83,100 גרם,false,1,12.50,2.59,false,1,
7290105474018,false,לה קט פטה עוף 100 גרם,שחורי אריה ואנסטסיה,,,יח`,1,,false,1,4.90,4.90,false,1,
7290105691224,false,אסם חטיפי פריכונים טורטייה שום בצל 60 גרם,קבוצת אוסם סחר-שות.מוגבלת,,,יח`,0.60,100 גרם,false,1,9,15,true,1,
7290105691248,false,אסם חטיפי פריכונים טורטייה תירס 60 גרם,קבוצת אוסם סחר שותפות מוגבלת,,,יח`,0.60,100 גרם,false,1,9,15,true,1,
7290105691934,false,קמח שמרים אסם 1 קילו,קבוצת אוסם סחר שותפות מוגבלת,,,יח`,1,"ק""ג",false,1,10.90,10.90,false,1,
7290105693341,false,מארז עשיריית במבה אסם 25*10 גרם,קבוצת אוסם סחר שותפות מוגבלת,,,יח`,2.50,100 גרם,false,1,17.30,6.92,true,1,
7290105694614,false,פסטה אוסם ספגטי מהיר הכנה 500 גרם,קבוצת אוסם סחר שותפות מוגבלת,,,יח`,5,100 גרם,false,1,6.10,1.22,true,1,
7290105695024,false,פתיתים אפויים אורז עם אטריות אסם 500 גרם,קבוצת אוסם סחר שותפות מוגבלת,,,יח`,1,,false,1,7.70,7.70,true,1,
7290105695321,false,עוגת הבית בראוניז פאדג' אסם 380 גרם,קבוצת אוסם סחר שותפות מוגבלת,,,יח`,4,100 גרם,false,1,19.60,4.90,false,1,
7290105695895,false,עוגת הבית דמקה דבש אסם (320 גרם),קבוצת אוסם סחר-שות.מוגבלת,,,יח`,3.20,100 גרם,false,1,12.50,3.91,false,1,
7290105962331,false,סחוג תימני אדום חריף מאוד זהבי הכרם 220 גרם,שטראוס גרופ בעמ/מצונן,,,יח`,2.20,100 גרם,false,1,9.90,4.50,false,1,
7290105964564,false,חומוס אחלה 400 גרם. שטראוס,שטראוס גרופ בעמ/מצונן,,,יח`,4,100 גרם,false,1,9.10,2.28,false,1,
7290105965738,false,יוגורט לשתיה בטעם תות בננה267 ג' דנונה,שטראוס גרופ בעמ/מצונן,,,יח`,2.63,"100 מ""ל",false,1,5,1.90,false,1,
7290105968654,false,רביולי עם בטטה פרווה שטראוס (400 גרם),שטראוס גרופ בעמ/מצונן,,,יח`,4,100 גרם,false,1,20.90,5.23,true,1,
7290106520066,false,"רבע לשבע שוקולד חלב במילוי אגוזים עלית 160 גרם בד""צ","הגביע מוצרי וופלים בע""\מ",,,יח`,1.60,100 גרם,false,1,14.20,8.88,false,1,
7290106520912,false,שמנת לבישול 9% שומן 258גר מהדרין יטבתה,שטראוס גרופ בעמ/מצונן,,,יח`,2.58,"100 מ""ל",false,1,8.40,3.26,true,1,
7290106521049,false,אחלה טעמי השוק קוביות סלק 400 גר,שטראוס גרופ בעמ/מצונן,,,יח`,4,100 גרם,false,1,16.20,4.05,true,1,
7290106526822,false,פריכיות אורז חום מלא תחתית שוקולד חלב 80 גרם,"טחנת האבן תעשיות בע""",,,יח`,0.70,100 גרם,false,1,9.40,13.43,true,1,
7290106528949,false,סלט ערוגות שטראוס 450 גר`-טעם הטבע,ביכורי השדה הצפון בעמ` 1964,,,יח`,4.50,100 גרם,false,1,11.80,2.62,false,1,
7290106571921,false,פיטנס עוגיות עם חמוציות נסטלה (180 גרם),קבוצת אוסם סחר שותפות מוגבלת,,,יח`,1.80,100 גרם,false,1,12.90,7.17,false,1,
7290106572027,false,קרקר לחמית חמישה דגנים אסם (190 גרם),קבוצת אוסם סחר-שות.מוגבלת,,,יח`,1.90,100 גרם,false,1,10,5.26,true,1,
7290106572065,false,חטיפי טורטיה בטעם חמוץ מתוק אסם (60 גרם),קבוצת אוסם סחר שותפות מוגבלת,,,יח`,0.60,100 גרם,false,1,9,15,true,1,
7290106573277,false,חטיף קרקר קריספי עם זיתים כבושים,קבוצת אוסם סחר שותפות מוגבלת,,,יח`,1.50,100 גרם,false,1,12.90,8.60,false,1,
7290106573598,false,חומוס לבנוני צבר (400 גרם),קבוצת אוסם סחר שותפות מוגבלת,,,יח`,4,100 גרם,false,1,12,3,false,1,
7290106573628,false,חומוס עם טחינה צבר (400 גרם),קבוצת אוסם סחר שותפות מוגבלת,,,יח`,4,100 גרם,false,1,12,3,false,1,
7290106574953,false,בייגלה שטוחים כעכים שטוחים עם שומשום,קבוצת אוסם סחר שותפות מוגבלת,,,יח`,3,100 גרם,false,1,10.90,3.63,true,1,
7290106574977,false,בייגלה שטוחים טבעות עם מלח אסם (300 גרם),קבוצת אוסם סחר שותפות מוגבלת,,,יח`,3,100 גרם,false,1,10.90,3.63,true,1,
7290106576513,false,סלט רק חומוס צבר 400 גרם,קבוצת אוסם סחר שותפות מוגבלת,,,יח`,5,100 גרם,false,1,11.90,2.38,false,1,
7290106576537,false,חומוס מסעדה צבר (700 גרם),קבוצת אוסם סחר שותפות מוגבלת,,,יח`,7,100 גרם,false,1,11.90,1.70,false,1,
7290106577282,false,טחינה אמיתית מרובע 400 ג' צבר,קבוצת אוסם סחר-שות.מוגבלת,,,יח`,4,100 גרם,false,1,12.50,3.13,false,1,
7290106577541,false,צבר כרוב אדום מרובע 400גרם,קבוצת אוסם סחר-שות.מוגבלת,,,יח`,4,100 גרם,false,1,12.90,3.23,false,1,
7290106578692,false,ביסלי במבה מיקס מהדורת אליפות אסם 80 גרם,קבוצת אוסם סחר שותפות מוגבלת,,,יח`,0.80,100 גרם,false,1,4.80,6,true,1,
7290106653689,false,לקט לסלט אסייתי 350 גר`-טעם הטבע,ביכורי השדה הצפון בעמ` 1964,,,יח`,3.50,100 גרם,false,1,11.20,3.20,false,1,
7290106654099,false,מילקי CAKE עוגות אישיות במילוי קרם חלב,בובארד איטליה אס.פי.איי,,,יח`,2.72,100 גרם,false,1,20.30,7.46,false,1,
7290106663121,false,"עוגה אישית במילוי קרם חלב ""מילקי קייק"" שטראוס",בובארד איטליה אס.פי.איי,,,יח`,1,,false,1,3,3,false,1,
7290106663503,false,קונפיטורת תות לייט יד מרדכי (230 גרם),אף.סי תבליני בגליל ב,,,יח`,2.30,100 גרם,false,1,12.90,5.61,false,1,
7290106667266,false,חטיף תירס חמוץ חריף דוריטוס (185 גרם),"שטראוס פריטו ליי בע""\מ )",,,יח`,1.85,100 גרם,false,1,7.90,4.27,false,1,
7290106668577,false,"מיץ לימון טבעי 250 מ""ל ""יד מרדכי""",האי נאם סי או אל.טי.,,,יח`,2.50,"100 מ""ל",false,1,7.90,3.16,true,1,
7290106669857,false,קפסולות אספרסו בטעם וניל עלית 10 יחידות,הנסיך- מפעל לייצור ט,,,יח`,0.50,100 גרם,false,1,18.50,37,true,1,
7290106720626,false,חטיף תירס בטעם גבינה צ`יטוס (80 גרם),"שטראוס פריטו ליי בע""\מ )",,,יח`,0.80,100 גרם,false,1,4.90,6.13,false,1,
7290106721920,false,צנצנת מסטיק מאסט בטעם ספירמינט עדין 66 ג' עלית,"שטראוס גרופ בע""\מ.",,,יח`,0.66,100 גרם,false,1,11.50,17.42,true,1,
7290106723689,false,עלי תרד בייבי 200 גר`שטראוס טעם הטבע,ביכורי השדה הצפון בעמ` 1964,,,יח`,2,100 גרם,false,1,11.20,5.60,false,1,
7290106727984,false,"כיף כף פצפצים בגביע 135 גרם ""עלית""",שולן צ'\יקולטה גידה סאן.,,,יח`,1.35,100 גרם,false,1,10.90,8.07,false,1,
7290107280020,false,שלישיית מטליות לחות לניקוי כללי סנו סושי 50 יחידות,החברה הדרומית לשיווק בעמ,,,יח`,1,,false,1,19.90,19.90,true,1,
7290107280129,false,סנו סושי 20 שקיות אשפה חזקות גדולות XXL,החברה הדרומית לשיווק בעמ,,,יח`,1,,false,1,24.90,24.90,false,1,
7290107645584,false,אבקת מרק עוף אמיתי רכיבים טבעיים 400 גרם - רבנות,יוניליוור ישראל שיווק בע`מ,,,יח`,4,100 גרם,false,1,29.50,7.38,true,1,
7290107645591,false,אבקת מרק בטעם עוף 100% רכיבים טבעיים 400 גרם,יוניליוור ישראל שיווק בע`מ,,,יח`,4,100 גרם,false,1,18.30,4.58,true,1,
7290107645928,false,קליק ביסקוויט לבן 75 גרם,יוניליוור ישראל שיווק בעמ,,,יח`,0.75,100 גרם,false,1,6.90,9.20,true,1,
7290107647076,false,קרמיסימו תותים ושוקולד לבן,גלידות שטראוס בעמ,,,יח`,1.33,1 ליטר,false,1,20.90,15.71,false,1,
7290107647366,false,דומסטוס סבון אסלה 5 הפועלות בניחות ליים 3 יח' * 55 ג',"יוניליוור ישראל שיווק בע""מ",,,יח`,0,100 גרם,false,1,15.90,15.90,true,1,
7290107647656,false,סולרו פרוט בוסט - קוקוס אננס (פרווה),"מיוצר ע""\י גלידת שטראוס",,,יח`,4.80,100 גרם,false,1,22.90,4.77,false,1,
7290107647663,false,שטראוס קרמיסימו בננה טופי,גלידות שטראוס בעמ,,,יח`,13.30,"100 מ""ל",false,1,20.90,1.57,false,1,
7290107647854,false,"שוגי מופחת סוכר תלמה 500 ג' בד""צ",יוניליוור ישראל שיווק בע`מ,,,יח`,5,100 גרם,false,1,20.30,4.06,true,1,
7290107649643,false,קליק חטיף שוקולד בטעפ כדורי שוקולד 70 גר,יוניליוור ישראל שיווק בעמ,,,יח`,0.70,100 גרם,false,1,6.90,9.86,true,1,
7290107649773,false,שטראוס קרמיסימו טעם פיסטוק ושוקולד עם רי,גלידות שטראוס בעמ,,,יח`,1.33,1 ליטר,false,1,20.90,15.71,false,1,
7290107649858,false,טילון סופר מגנום וניל ושוקלד לבן,"מיוצר ע""\י גלידת שטראוס",,,יח`,1,,false,1,9.90,9.90,true,1,
7290107871990,false,פסטה צינורות מהדרין אסם (500 גרם),קבוצת אוסם סחר שותפות מוגבלת,,,יח`,5,100 גרם,false,1,5.90,1.18,true,1,
7290107874502,false,ביסלי גריל קדמ. מארז אחיד 10 4*55 גרם,קבוצת אוסם סחר שותפות מוגבלת,,,יח`,2.20,100 גרם,false,1,13.20,6,true,1,
7290107877619,false,מארז במבה במילוי קרם נוגט 5*30ג' אסם,קבוצת אוסם סחר שותפות מוגבלת,,,יח`,1.50,100 גרם,false,1,16.30,10.87,true,1,
7290107932080,false,חלב 3% מועשר בבקבוק יטבתה (1 ליטר),שטראוס גרופ בעמ/מצונן,,,יח`,10,"100 מ""ל",false,1,7.90,0.79,false,1,
7290107933155,false,לקט סלנובה 200 גר ירקות שטראוס טעם הטבע,שטראוס בריאות ירקות טריי,,,יח`,2,100 גרם,false,1,13.20,6.60,false,1,
7290107936309,false,דנונה יוגורט 7% יווני לבן 130 ג',שטראוס גרופ בעמ/מצונן,,,יח`,1.30,100 גרם,false,1,3.50,2.69,false,1,
7290107937641,false,צנצנת קוביות בזוקה גומי לעיסה 58גר,אסקום קונפקשיין,,,יח`,0.58,100 גרם,false,1,11.50,19.83,true,1,
7290107938396,false,שמיניית אקטימל תות דיסני בנים 108 גרם,שטראוס גרופ בעמ/מצונן,,,יח`,8.64,100 גרם,false,1,21.70,2.51,false,1,
7290107940467,false,אקטיביה יוגורט קרמי 1.5% דנונה (200 גרם),שטראוס גרופ בעמ/מצונן,,,יח`,2,100 גרם,false,1,4.20,2.10,false,1,
7290107941259,false,עדשים ירוקות מבושלות 475 גר ירקות שטראוס,ביכורי השדה הצפון בעמ` 1964,,,יח`,4.75,100 גרם,false,1,13.20,2.78,false,1,
7290107941266,false,שעועית אדומה מבושלת 475 גר ירקות שטראוס,ביכורי השדה הצפון בעמ` 1964,,,יח`,4.75,100 גרם,false,1,14.90,3.14,false,1,
7290107943192,false,"שמנת חמוצה מהערבה 27% שומן 200 מ""ל יטבתה",שטראוס גרופ בעמ/מצונן,,,יח`,2,"100 מ""ל",false,1,4,2,false,1,
7290107943369,false,קוואקר שיבולת שועל ללא גלוטן 511 גר'.,שטראוס פריטו ליי בע`מ,,,יח`,5.11,100 גרם,false,1,21.40,4.19,false,1,
7290107945165,false,קונפיטורת משמש יד מרדכי 340 גרם,אף.סי תבליני בגליל ב,,,יח`,3.40,100 גרם,false,1,12.90,3.79,false,1,
7290107950190,false,מעדן חלב דל קלוריות בטעם שוקולד מריר 0.5% שומן,שטראוס גרופ בעמ/מצונן,,,יח`,1.30,100 גרם,false,1,3.40,2.62,false,1,
7290107951104,false,בפלות ופלים ארוכים בטעם שוקולד,"שטראוס גרופ בע""\מ",,,יח`,2,100 גרם,false,1,4.90,2.45,false,1,
7290107954709,false,"קונפיטורת פירות יער ""יד מרדכי"" 340 גר'",שטראוס גרופ בע`מ,,,יח`,3.40,100 גרם,false,1,13.90,4.09,false,1,
7290107954976,false,משקה חלב PRO עם קפה 1.5% 25 גרם חלבון בבקבוק,שטראוס גרופ בעמ/מצונן,,,יח`,3.50,"100 מ""ל",false,1,6.70,1.91,false,1,
7290107956642,false,"תרסיס שמן זית 150 מ""ל יד מרדכי כשלפ",פארייפאבה אגרואינדוס,,,יח`,1.50,"100 מ""ל",false,1,19.50,13,false,1,
7290107956901,false,קפסולות בטעם אגוזים למכונת נספרסו עלית 10 יחידות,שטראוס קפה בי.וי.,,,יח`,0.50,100 גרם,false,1,18.50,37,true,1,
7290107957991,false,מילקי CAKE מיניס קרם חלב בציפוי שוקולד חלב שקית 16X9ג',בובארד איטליה אס.פי.איי,,,יח`,1.44,100 גרם,false,1,13.90,9.65,false,1,
7290107973861,false,מאסטר שף עגבניות קצוצות דק שלישיה 400ג*3 כשלפ,קונסרזיו קאסאלאסקו ד,,,יח`,12,100 גרם,false,1,16.90,1.41,false,1,
7290107974080,false,עלי טורטיה קמח לבן 744 גר`מנה מאסטר שף,אלקאטי קורביישיסי גי,,,יח`,7.44,100 גרם,false,1,16.90,2.27,false,1,
7290108350128,false,סנו סושי שקיות אשפה חזקות במיוחד 40 יח',החברה הדרומית לשיווק בעמ,,,יח`,1,,false,1,29.90,29.90,false,1,
7290108350616,false,סנו - מקסימה מרכך כביסה מרוכז פריחה כחולה 1 ליטר,החברה הדרומית לשיווק בעמ,,,יח`,1,1 ליטר,false,1,18.90,18.90,true,1,
7290108350623,false,מרכך כביסה סופר מרוכז סופט סילק מקסימה 1 ל' סנו,החברה הדרומית לשיווק בעמ,,,יח`,1,1 ליטר,false,1,18.90,18.90,true,1,
7290108351606,false,מטהר אוויר בלו בלוסום סנו פרש הום 350 מל,החברה הדרומית לשיווק בעמ,,,יח`,3.50,"100 מ""ל",false,1,12.90,3.69,true,1,
7290108351613,false,סנו ריצפז פרש הום 2 ליטר בניחוח מלון חלומי,החברה הדרומית לשיווק בעמ,,,יח`,2,1 ליטר,false,1,22.90,11.45,true,1,
7290108352399,false,ריצפז פרש הום בניחוח מרכך כביסה פלורל טאצ',החברה הדרומית לשיווק בעמ,,,יח`,2,1 ליטר,false,1,22.90,11.45,true,1,
7290108352672,false,צמד מטליות הפלא לרצפה מיקרפייבר סנו סושי,החברה הדרומית לשיווק בעמ,,,יח`,1,,false,1,20.90,20.90,true,1,
7290108352887,false,"זוג מפות שולחן עשויות מבד בלתי ארוג 180*120 ס""מ",החברה הדרומית לשיווק בעמ,,,יח`,1,,false,1,10.90,10.90,true,1,
7290108353549,false,נייר אפיה 100 דפים סנו סושי,החברה הדרומית לשיווק בעמ,,,יח`,1,,false,1,20.90,20.90,false,1,
7290108354430,false,"כיף שמפו לשיקום והזנה,שמן קוקוס וקרטין 700 מ""ל",החברה הדרומית לשיווק בעמ,,,יח`,7,"100 מ""ל",false,1,12.90,1.84,true,1,
7290108354751,false,"סנו - ג'ט מרסס לניקוי כללי בתוספת אבקת סודה 750 מ""ל",החברה הדרומית לשיווק בעמ,,,יח`,7.50,"100 מ""ל",false,1,13.90,1.85,true,1,
7290108355543,false,"קרמה - דאודורנט ספריי לאישה נרולי מגנוליה 150 מ""ל",החברה הדרומית לשיווק בעמ,,,יח`,1.50,"100 מ""ל",false,1,13.90,9.27,true,1,
7290108356113,false,תחליב רחצה כיף ניחוח דבש 700 מל,החברה הדרומית לשיווק בעמ,,,יח`,7,"100 מ""ל",false,1,12.90,1.84,true,1,
7290108356489,false,"כיף - תחליב רחצה אפרסק וחמאת מורומורו 700 מ""ל",החברה הדרומית לשיווק בעמ,,,יח`,7,"100 מ""ל",false,1,12.90,1.84,true,1,
7290108357042,false,"קרליין - נושם ביו דאודורנט רול און 75 מ""ל Citrus Blossoms לאישה",החברה הדרומית לשיווק בעמ,,,יח`,0.75,"100 מ""ל",false,1,13.90,18.53,true,1,
7290108357714,false,"כיף שמפו לשיער יבש -רימונים ושמן ארגן 700 מ""ל",החברה הדרומית לשיווק בעמ,,,יח`,7,"100 מ""ל",false,1,12.90,1.84,true,1,
7290108357868,false,"כיף - ג'ל רחצה אליקסיר אויל מועשר בשמן מקדמיה 700 מ""ל",החברה הדרומית לשיווק בעמ,,,יח`,7,"100 מ""ל",false,1,12.90,1.84,true,1,
7290108501360,false,גבינת צ`דר בשלה 200 גר`matured orange ו,ג.וילי-פוד אינטרנשיונל **גבינו,,,יח`,2,100 גרם,false,1,19.90,9.95,false,1,
7290108502305,false,גבינת גרדה פדנו משולש 150 גר` וילי פוד,ג.וילי-פוד אינטרנשיונל **גבינו,,,יח`,1.50,100 גרם,false,1,20.90,13.93,true,1,
7290108502541,false,גבינת שמנת טעם טבעי ויליפוד 200 גרם,ג.וילי-פוד אינטרנשיונל **גבינו,,,יח`,2,100 גרם,false,1,13.90,6.95,true,1,
7290108504286,false,איבריקו צ'אנק ויליפוד 150 גרם,ג.וילי-פוד אינטרנשיונל **גבינו,,,יח`,1.50,100 גרם,false,1,17.90,11.93,true,1,
7290108504293,false,מנצ`גו צ`אנק 150 גרם ויליפוד,ג.וילי-פוד אינטרנשיונל **גבינו,,,יח`,1.50,100 גרם,false,1,17.90,11.93,true,1,
7290108505689,false,גבינת גרנה פדנו מגורדת ויליפוד 100 גרם,ג.וילי-פוד אינטרנשיונל **גבינו,,,יח`,1,100 גרם,false,1,10.90,10.90,false,1,
7290108505740,false,קשקבל גבינה חצי קשה EURO CHEESE ויליפוד 200 גרם,ג.וילי-פוד אינטרנשיונל **גבינו,,,יח`,2,100 גרם,false,1,14.90,7.45,true,1,
7290108506709,false,גבינת פרמג`אנו ר`גיאנו 150 גר וילי פוד,ג.וילי-פוד אינטרנשיונל **גבינו,,,יח`,1.50,100 גרם,false,1,22.90,15.27,false,1,
7290108509090,false,גבינה מותכת משולשים EUROויליפוד 200 גרם,ג.וילי-פוד אינטרנשיונל **גבינו,,,יח`,2,100 גרם,false,1,15.90,7.95,false,1,
7290108509113,false,"גבינה בולגרית מעודנת 18% שומן 250 גרם חת""ס פ""ת",ג.וילי-פוד אינטרנשיונל **גבינו,,,יח`,2.50,100 גרם,false,1,12.90,5.16,false,1,
7290108509250,false,"אנטיפסטי ארטישוק+עגבניות מיובשות וצלפים בשמן חמניות 380 מ""ל",ג. וילי-פוד אינטרנשיונל בע`מ,,,יח`,3.80,100 גרם,false,1,25.90,6.82,false,1,
7290108509359,false,פופקורן בציפוי בטעם קרמל ויליפוד 90 גרם,ג. וילי-פוד אינטרנשיונל בע`מ,,,יח`,0.90,100 גרם,false,1,6.90,7.67,true,1,
7290109351025,false,מלך החומוס חומוסטחינה 40% טחינה גולמית,קבוצת אוסם סחר שותפות מוגבלת,,,יח`,4,100 גרם,false,1,13.90,3.48,false,1,
7290109354996,false,פתי בר ללא גלוטן שוקו 200 גרם אסם,קבוצת אוסם סחר שותפות מוגבלת,,,יח`,2,100 גרם,false,1,11.20,5.60,true,1,
7290109580111,false,צלעות אסאדו מעושנות פרימיום זוגלובק 120 גרם,נקניק זוגלובק נהריה,,,יח`,1.50,100 גרם,false,1,25.90,17.27,false,1,
7290109580234,false,"נקניקיות מרגז חריפות וונדרס 0% בשר, טבעוני",זוגלובק שיווק בעמ ו/או וונדרס,,,יח`,2.26,100 גרם,false,1,30.90,13.67,true,1,
7290109580319,false,"בורגר וונדרס 0% בשר , טבעוני",זוגלובק שיווק בעמ ו/או וונדרס,,,יח`,2.80,100 גרם,false,1,30.90,11.04,true,1,
7290110110369,false,"שישייה בירה קרלסברג LUMA בקבוק 330 מ""ל",החברה המרכזית להפצת משקאות בעמ,,,יח`,19.80,"100 מ""ל",false,1,34.90,1.67,false,1,
7290110110574,false,פחית קוקה קולה סליק זירו לימון 330 מל,החברה המרכזית להפצת משקאות בעמ,,,יח`,3.30,"100 מ""ל",false,1,4.30,1.21,true,1,
7290110114787,false,נביעות+ מים מינרליים בטעם תפוח 1.5 ליטר,החברה המרכזית להפצת משקאות בעמ,,,יח`,1.50,1 ליטר,false,1,9.20,5.93,false,1,
7290110114794,false,נביעות+ מים מינרליים בטעם אפרסק 1.5 ליטר,החברה המרכזית להפצת משקאות בעמ,,,יח`,1.50,1 ליטר,false,1,9.20,5.93,false,1,
7290110114800,false,נביעות+ מים מינרליים בטעם ענבים 1.5 ליטר,החברה המרכזית להפצת משקאות בעמ,,,יח`,1.50,1 ליטר,false,1,9.20,5.93,false,1,
7290110114855,false,"נביעות מים מינרליים, שישיה 6 * 1.5 ליטר פקדון",החברה המרכזית להפצת משקאות בעמ,,,יח`,9,1 ליטר,false,1,13.90,1.34,true,1,
7290110114893,false,מיץ תפוזים מפוסטר סחוט 2 ליטר,*החברה המרכזית להפצת משקאותבעמ,,,יח`,2,1 ליטר,false,1,30.90,15.30,true,1,
7290110114954,false,מיץ תפוזים מתקתקים פריגת 2 ליטר,*החברה המרכזית להפצת משקאותבעמ,,,יח`,2,1 ליטר,false,1,25.90,12.80,true,1,
7290110114961,false,משקה קל בטעם תפוזים פריגת (1.5 ליטר),החברה המרכזית להפצת משקאות בעמ,,,יח`,15,"100 מ""ל",false,1,9.90,0.64,false,1,
7290110114985,false,משקה קל בטעם אשכוליות פריגת (1.5 ליטר),החברה המרכזית להפצת משקאות בעמ,,,יח`,15,"100 מ""ל",false,1,9.90,0.64,false,1,
7290110115005,false,משקה קל בטעם ענבים פריגת (1.5 ליטר),החברה המרכזית להפצת משקאות בעמ,,,יח`,15,"100 מ""ל",false,1,9.90,0.64,false,1,
7290110115043,false,משקה קל בטעם לימונענע פריגת (1.5 ליטר),החברה המרכזית להפצת משקאות בעמ,,,יח`,15,"100 מ""ל",false,1,9.90,0.64,false,1,
7290110115180,false,נביעות מים מינרלים שקט 1.5 ליטר פיקדון,החברה המרכזית להפצת משקאות בעמ,,,יח`,0.0150,"100 מ""ל",false,1,3,180,false,1,
7290110115203,false,קוקה קולה 1.5 ליטר פיקדון,החברה המרכזית להפצת משקאות בעמ,,,יח`,0,1 ליטר,false,1,9.20,9.20,false,1,
7290110115210,false,קוקה קולה דיאט 1.5 ליטר פיקדון,החברה המרכזית להפצת משקאות בעמ,,,יח`,1.50,1 ליטר,false,1,9.20,5.93,false,1,
7290110115227,false,קוקה קולה Zero בקבוק 1.5 ליטר פיקדון,החברה המרכזית להפצת משקאות בעמ,,,יח`,1.50,1 ליטר,false,1,9.20,5.93,false,1,
7290110115265,false,ספרייט לימון ליים 1.5 ליטר-,החברה המרכזית להפצת משקאות בעמ,,,יח`,1.50,1 ליטר,false,1,9.20,5.93,true,1,
7290110115272,false,ZERO ספרייט 1.5 ליטר פיקדון,החברה המרכזית להפצת משקאות בעמ,,,יח`,1.50,1 ליטר,false,1,9.20,5.93,true,1,
7290110115296,false,גזוז בטעם תפוז פאנטה 1.5 ליטר פיקדון,החברה המרכזית להפצת משקאות בעמ,,,יח`,1.50,1 ליטר,false,1,9.90,6.40,false,1,
7290110115319,false,פאנטה אקזוטי פירות טרופיים 1.5ל פיקדון,החברה המרכזית להפצת משקאות בעמ,,,יח`,1.50,1 ליטר,false,1,9.90,6.40,false,1,
7290110115357,false,קינלי סודה 1.5 ליטר פיקדון,החברה המרכזית להפצת משקאות בעמ,,,יח`,1.50,1 ליטר,false,1,4.70,2.93,false,1,
7290110115395,false,ספרייט זירו שישיות 1.5 ליטר פיקדון,החברה המרכזית להפצת משקאות בעמ,,,יח`,9,1 ליטר,false,1,52.90,5.68,true,1,
7290110115401,false,קינלי סודה שישייה 1.5 ליטר פיקדון,החברה המרכזית להפצת משקאות בעמ,,,יח`,9,1 ליטר,false,1,17.50,1.74,false,1,
7290110115418,false,קוקה קולה זירו 1.5 ליטר מארז שישייה,החברה המרכזית להפצת משקאות בעמ,,,יח`,9,1 ליטר,false,1,56.70,6.10,false,1,
7290110115449,false,פיוז-טי תה מנגו אננס 1.5 ליטר פיקדון,החברה המרכזית להפצת משקאות בעמ,,,יח`,1.50,1 ליטר,false,1,9.70,6.27,false,1,
7290110115463,false,פיוז-טי תה אפרסק 1.5 ליטר פיקדון,החברה המרכזית להפצת משקאות בעמ,,,יח`,1.50,1 ליטר,false,1,9.70,6.27,false,1,
7290110115623,false,פיוז-טי תה אפרסק זירו 1.5 ליטר פיקדון,החברה המרכזית להפצת משקאות בעמ,,,יח`,1.50,1 ליטר,false,1,9.70,6.27,false,1,
7290110116484,false,פריגת סחוט מיקס תות בננה 1ליטר,*החברה המרכזית להפצת משקאותבעמ,,,יח`,1,1 ליטר,false,1,16.90,16.90,false,1,
7290110116552,false,ספרייט לימון היט 1.5 ליטר LIME פיקדון,החברה המרכזית להפצת משקאות בעמ,,,יח`,1.50,1 ליטר,false,1,9.20,5.93,false,1,
7290110116569,false,ספרייט זירו 1.5 ליטר LEMON HIT פיקדון,החברה המרכזית להפצת משקאות בעמ,,,יח`,1.50,1 ליטר,false,1,9.20,5.93,true,1,
7290110320850,false,פתיתים גבינה חצי קשה מגורדת 28% שומן,תנובה מרכז שיתופי לש,,,יח`,2,100 גרם,false,1,15.20,7.60,false,1,
7290110320935,false,פרוסות מוצרלה 150 גר`קולקשיין תנובה,תנובה מרכז שיתופי לש,,,יח`,1.50,100 גרם,false,1,17.90,11.93,false,1,
7290110321277,false,קוטג בקטנה 5%. 100 גרם מהדרין תנובה,פארייפאבה אגרואינדוס,,,יח`,1,100 גרם,false,1,2.70,2.70,false,1,
7290110321284,false,קוטג' בקטנה 9% תנובה 100 גרם מהדרין,פארייפאבה אגרואינדוס,,,יח`,1,100 גרם,false,1,2.70,2.70,false,1,
7290110321680,false,יוגורט GO בטעם תות 20 גרם חלבון בגביע,מיוצר עי קונדיטוריית,,,יח`,2,"100 מ""ל",false,1,5.90,2.95,false,1,
7290110321697,false,יוגורט GO בטעם אפרסק 20 גרם חלבון בגביע,מיוצר עי קונדיטוריית,,,יח`,2,"100 מ""ל",false,1,5.70,2.85,false,1,
7290110321703,false,יוגורט עם פירות יער בתוספת חלבוני חלב 2% שומן,מיוצר עי קונדיטוריית,,,יח`,2,"100 מ""ל",false,1,5.70,2.85,false,1,
7290110322014,false,טופו בטעם טבעי תנובה ALTERNATIVE,שוורצקוף& הנקל דיסלד,,,יח`,3,100 גרם,false,1,12.50,4.17,false,1,
7290110322021,false,"תנובה טופו בזיליקום 300 גר' בד""צ",שוורצקוף& הנקל דיסלד,,,יח`,3,100 גרם,false,1,11.90,3.97,false,1,
7290110322038,false,טופו בטעם פיקנטי 300 גר`תנובה,תנובה Alternative,,,יח`,3,100 גרם,false,1,12.50,4.17,false,1,
7290110323073,false,"משקה יוגורט יופלה גו תות פטל 250 מ""ל - רבנות",מיוצר עי קונדיטוריית,,,יח`,2.50,"100 מ""ל",false,1,6.20,2.48,false,1,
7290110323301,false,טל העמק בסגנון אמנטל 32% שומן 200 גרם,"תנובה בע""מ ***",,,יח`,2,100 גרם,false,1,19.40,9.70,false,1,
7290110323592,false,יוגורט GO לייט בטעם אפרסק 20 גרם חלבון בגביע,תנובה בעמ ***,,,יח`,2,100 גרם,false,1,5.70,2.85,false,1,
7290110323714,false,משקה קוקוס שקדים תנובה E אלטרנטיב,מיוצר עי קונדיטוריית,,,יח`,10,"100 מ""ל",false,1,12.50,1.25,false,1,
7290110324353,false,יוגורט GO לייט בטעם אננס 20 גרם חלבון בגביע,מיוצר עי קונדיטוריית,,,יח`,2,"100 מ""ל",false,1,5.90,2.95,false,1,
7290110324711,false,ממרח סויה 9% שומן בטעם טבעי תנובה 250 גרם,מיוצר עי קונדיטוריית,,,יח`,2.50,100 גרם,false,1,9.90,3.96,false,1,
7290110324728,false,ממרח סויה 9% שומן עם שום שמיר תנובה 250 גרם,מיוצר עי קונדיטוריית,,,יח`,2.50,100 גרם,false,1,9.90,3.96,false,1,
7290110324858,false,מעדן שקדים בטעם אגוזי לוז תנובה 125 גרם,מיוצר עי קונדיטוריית,,,יח`,1.25,100 גרם,false,1,4.20,3.36,false,1,
7290110324872,false,גבינה צהובה גלבוע (5% 200 גר`)תנובה,גלבוע - תנובה,,,יח`,2,100 גרם,false,1,18.90,9.45,false,1,
7290110324926,false,משקה סויה ללא תוספת סוכר E אלטרנטיב,תנובה מרכז שיתופי לש,,,יח`,0.01,"100 מ""ל",false,1,11.50,1150,false,1,
7290110325114,false,"משקה יוגורט יופלה גו לייט תות בננה 250 מ""ל - רבנות",מיוצר עי קונדיטוריית,,,יח`,2.50,"100 מ""ל",false,1,6.50,2.60,false,1,
7290110325169,false,פרוסות גאודה 170 גר` קולקשיין תנובה,תנובה בעמ ***,,,יח`,1.70,100 גרם,false,1,19.90,11.71,false,1,
7290110325305,false,יופלה GO סויה 20 גרם חלבון במתיקות מעודנת תנובה 200 גרם,מיוצר עי קונדיטוריית,,,יח`,2,"100 מ""ל",false,1,5.80,2.90,false,1,
7290110325312,false,יופלה GO סויה 20 גרם חלבון בטעם תות תנובה 200 גרם,תנובה בעמ ***,,,יח`,2,"100 מ""ל",false,1,5.90,2.95,false,1,
7290110325619,false,משקה שיבולת שועל תנובה E אלטרנטיב,מיוצר עי קונדיטוריית,,,יח`,10,"100 מ""ל",false,1,13.50,1.35,false,1,
7290110325893,false,משקה חלב GO מועשר בחלבון בטעם אייס קפה,מיוצר עי קונדיטוריית,,,יח`,3.40,100 גרם,false,1,7.90,2.32,false,1,
7290110326333,false,פרוסות גבינה סקנדינבית 170 גר`קולקשיין,"תנובה בע""מ ***",,,יח`,1.70,100 גרם,false,1,17.90,10.53,false,1,
7290110327033,false,משקה סויה תנובה גו מועשר בחלבון במתיקות מופחתת,מיוצר עי קונדיטוריית,,,יח`,10,"100 מ""ל",false,1,12.50,1.25,false,1,
7290110328610,false,אלטרנטיב בריסטה משקה אורז ושקדים 1 ליטר,תנובה Alternative,,,יח`,10,"100 מ""ל",false,1,13.50,1.35,false,1,
7290110328627,false,יוגורט יופלה GO במרקם סמיך בטעם בננה קרמל 0%,מיוצר עי קונדיטוריית,,,יח`,2,100 גרם,false,1,5.90,2.95,false,1,
7290110328764,false,יוגורט יופלה GO במרקם סמיך עם תות 0%,מיוצר עי קונדיטוריית,,,יח`,2,100 גרם,false,1,6.20,3.10,false,1,
7290110328771,false,יוגורט יופלה GO במרקם סמיך עם פירות יער 0%,מיוצר עי קונדיטוריית,,,יח`,2,100 גרם,false,1,5.90,2.95,false,1,
7290110328788,false,יוגורט יופלה GO במרקם סמיך בטעם אפרסק 0%,תנובה מרכז שיתופי לש,,,יח`,2,100 גרם,false,1,5.90,2.95,false,1,
7290110329136,false,מעדן חלב מעושר בחלבון בטעם שוקולד 120 ג' GO,תנובה מרכז שיתופי לש,,,יח`,1.20,100 גרם,false,1,5.90,4.92,false,1,
7290110329143,false,מעדן חלב מעושר בחלבון בטעם וניל גביע 120 ג' GO,תנובה מרכז שיתופי לש,,,יח`,1.20,100 גרם,false,1,5.90,4.92,false,1,
7290110329266,false,יוגורט תנובה מחלב עיזים מלא תנובה 140 ג',תנובה בעמ ***,,,יח`,1.40,100 גרם,false,1,5.50,3.93,false,1,
7290110329686,false,משקה GO חלב בטעם עוגיות 27 גר`חלבון,מיוצר עי קונדיטוריית,,,יח`,3.40,100 גרם,false,1,8.90,2.62,false,1,
7290110329716,false,משקה חלב קר בטעם קפוצ'ינו 230 גרם תנובה,תנובה מרכז שיתופי לש,,,יח`,2.30,"100 מ""ל",false,1,7.90,3.43,false,1,
7290110329723,false,משקה חלב קר בטעם לאטה 230 גרם תנובה,תנובה מרכז שיתופי לש,,,יח`,2.30,"100 מ""ל",false,1,7.90,3.43,false,1,
7290110329792,false,יוגורט סויה BIO Alternative אפרסק 150 ג' תנובה,מיוצר עי קונדיטוריית,,,יח`,1.50,100 גרם,false,1,4.50,3,false,1,
7290110329808,false,יוגורט סויה BIO Alternative תות 150 ג' תנובה,מיוצר עי קונדיטוריית,,,יח`,1.50,100 גרם,false,1,4.50,3,false,1,
7290110329815,false,סויה BIO מתיקות מעודנת גביע 150 גרם אלטרנטיב,מיוצר עי קונדיטוריית,,,יח`,1.50,100 גרם,false,1,4.50,3,false,1,
7290110329822,false,יוגורט סויה BIO Alternative פירות יער 150 ג' תנובה,מיוצר עי קונדיטוריית,,,יח`,1.50,100 גרם,false,1,4.50,3,false,1,
7290110552220,false,יוגורט PRO בטעם תות 0% סוכר לבן 20 גרם חלבון בגביע,שטראוס גרופ בעמ/מצונן,,,יח`,2,"100 מ""ל",false,1,5.90,2.95,false,1,
7290110552237,false,יוגורט פרו בטעם אפרסק מנגו ללא סוכר 200 ג' דנונה,שטראוס גרופ בעמ/מצונן,,,יח`,2,"100 מ""ל",false,1,5.90,2.95,false,1,
7290110553036,false,קריספס-פריכיות עם אפונה ובטטה סגולה בטעם בצל מקורמל,"פרח תעשיו מזון בע""מ",,,יח`,0.60,100 גרם,false,1,10.90,18.17,true,1,
7290110555368,false,רבע לשבע טבעוני מרשמלו עלית 125 גרם,"הגביע מוצרי וופלים בע""\מ",,,יח`,1.20,100 גרם,false,1,14.20,11.83,false,1,
7290110556242,false,"שוקולד מריר פרווה 100 גר' בד""ץ תוצרת חוץ","שטראוס גרופ בע""מ.",,,יח`,1,100 גרם,false,1,5.90,5.90,true,1,
7290110557102,false,מעדן חלב עם שוקולד מועשר בחלבון 150 ג' שטראוס,שטראוס גרופ בעמ/מצונן,,,יח`,1.50,100 גרם,false,1,5.40,3.60,true,1,
7290110558314,false,דנונה פרו 20 גרם חלבון ללא סוכר פיסטוק 200 גרם,שטראוס גרופ בעמ/מצונן,,,יח`,2,"100 מ""ל",false,1,5.90,2.95,false,1,
7290110558666,false,מעדן גבינה בטעם תפוח 88 ג' דניאלה,שטראוס גרופ בעמ/מצונן,,,יח`,1.50,"100 מ""ל",false,1,4,2.67,false,1,
7290110559007,false,"שועועית חומה טעם הטבע קופסה, 380 גרם",שטראוס גרופ בע`מ,,,יח`,3.80,100 גרם,false,1,7.90,2.08,true,1,
7290110559014,false,שעועית שחורה מבושלת טעם הטבע 380 גרם,שטראוס גרופ בע`מ,,,יח`,3.80,100 גרם,false,1,7.90,2.08,true,1,
7290110560300,false,"הפריכיות הטעימות חומוס, עדשים שחורות, קינואה ופלפל שחור",אנרג'י Energy - שטראוס,,,יח`,0.30,100 גרם,false,1,4.90,16.33,false,1,
7290110560324,false,"הפריכיות הטעימות תפו""א, אורז, אפונה ומלח ים","פרח תעשיו מזון בע""מ",,,יח`,0.30,100 גרם,false,1,4.90,16.33,false,1,
7290110563431,false,"משקה קפה קר בסגנון קלאסי 230 מ""ל 1.6% יוטבתה",שטראוס גרופ בעמ/מצונן,,,יח`,2.30,"100 מ""ל",false,1,7.90,3.43,true,1,
7290110563448,false,"משקה קפה קר בסגנון מעודן 230 מ""ל 1.6% יוטבתה",שטראוס גרופ בעמ/מצונן,,,יח`,2.30,"100 מ""ל",false,1,7.90,3.43,true,1,
7290110563462,false,חלב 2% דל לקטוז בבקבוק יטבתה 1 ליטר.,שטראוס גרופ בעמ/מצונן,,,יח`,1,1 ליטר,false,1,7.90,7.90,false,1,
7290110563820,false,סלק מבושל שטראוס (1 קג)`,שטראוס גרופ בעמ/מצונן,,,יח`,10,100 גרם,false,1,10,1,false,1,
7290110564339,false,חומוס אחלה הסידרה המובחר 30% טחינה 400 גר',שטראוס גרופ בעמ/מצונן,,,יח`,4,100 גרם,false,1,14.50,3.63,false,1,
7290110564360,false,חומוס אחלה הסידרה המובחר 40% טחינה 400 גר',שטראוס גרופ בעמ/מצונן,,,יח`,4,100 גרם,false,1,14.50,3.63,false,1,
7290110565527,false,יוגורט PRO פרו 1.5% 20 גרם חלבון בגביע,שטראוס גרופ בעמ/מצונן,,,יח`,2,"100 מ""ל",false,1,5.90,2.95,false,1,
7290110566975,false,דנונה פרו יוגורט 0% תות עשיר בחלבון 200ג',שטראוס גרופ בעמ/מצונן,,,יח`,2,"100 מ""ל",false,1,5.90,2.95,false,1,
7290110571382,false,מעדן חלב בטעם וניל מעושר בחלבון 150 ג' שטראוס,שטראוס גרופ בעמ/מצונן,,,יח`,1.50,100 גרם,false,1,5.40,3.60,true,1,
7290110572976,false,כיף כף גביע פצפוצים קרם לבן 135 גרם,שולן צ'יקולטה גידה ס,,,יח`,1.35,100 גרם,false,1,10.90,8.07,false,1,
7290110576363,false,"שוקולד ספלנדיד מריר 80% חלבי ,פולי קקאו מאוגנדה",שטראוס גרופ בע`מ,,,יח`,1,100 גרם,false,1,9.90,9.90,true,1,
7290111340185,false,מטליות לחות רצפה ניחוח מרכך כביסה ניקול 10 יחידות,קימברלי קלארק ישראל שיווק בעמ,,,יח`,1,,false,1,14.90,14.90,true,1,
7290111341984,false,לילי - מגבוני נייר טואלט לח פיור רביעייה,קימברלי קלארק ישראל שיווק בעמ,,,יח`,0,100 גרם,false,1,22.90,22.90,false,1,
7290111342738,false,לילי - מגבוני נייר טואלט לח קידס רביעייה,קימברלי קלארק ישראל שיווק בעמ,,,יח`,0,100 גרם,false,1,22.90,22.90,false,1,
7290111344558,false,שקיות אשפה בגודל L עם שרוך 100 יח`,קימברלי קלארק ישראל שיווק בעמ,,,יח`,1,,false,1,30.90,30.90,false,1,
7290111344824,false,מגן תחתון קוטקס אקסטרא אנטיבקטריאלי לארג',קימברלי קלארק ישראל שיווק בעמ,,,יח`,1,,false,1,16.90,16.90,false,1,
7290111344930,false,מטליות לחות לרצפה בניחוח כביסה ארומתרפיה ניקול 10 יח',קימברלי קלארק ישראל שיווק בעמ,,,יח`,1,,false,1,14.90,14.90,true,1,
7290111346347,false,מגבוני אף אוריגינל סופט חמישיה קלינקס,קימברלי קלארק ישראל שיווק בעמ,,,יח`,1,,false,1,15.90,15.90,true,1,
7290111352966,false,יוגטה סוכריות ממולאות בטעם פירות 250 גרם ללא ג'לטין,ליימן שליסל בע`מ,,,יח`,2.50,100 גרם,false,1,8.90,3.56,false,1,
7290111353055,false,"גומי דובי 200 גר' וסטהיים (כש""לפ בית יוסף)",אפגאם תעשיות ממתקים,,,יח`,2,100 גרם,false,1,10.90,5.45,false,1,
7290111564956,false,"ביסלי במבה מיקס 200 גרם ""אסם""",קבוצת אוסם סחר שותפות מוגבלת,,,יח`,2,100 גרם,false,1,10.50,5.25,true,1,
7290111566240,false,שניצל דק מן הצומח בטעם צ'ילי חריף 700 גרם,קבוצת אוסם סחר שותפות מוגבלת,,,יח`,5.64,100 גרם,false,1,34.60,6.13,true,1,
7290111566271,false,טבעול חטיפי תירס 657 גרם קפוא,קבוצת אוסם סחר שותפות מוגבלת,,,יח`,6.57,100 גרם,false,1,29.90,4.55,false,1,
7290111566318,false,שניצל דק מן הצומח בטעם ביתי 700 גרם,קבוצת אוסם סחר שותפות מוגבלת,,,יח`,5.64,100 גרם,false,1,33.90,6.01,true,1,
7290111566417,false,טבעול טחון מן הצומח משופר 400 גרם,קבוצת אוסם סחר שותפות מוגבלת,,,יח`,5,100 גרם,false,1,34.60,6.92,true,1,
7290111566547,false,טבעול חזה בגריל צמחוני 99 קלוריות 560ג',קבוצת אוסם סחר-שות.מוגבלת,,,יח`,5.60,100 גרם,false,1,30.90,5.52,true,1,
7290111566776,false,"נקניקיות קוקטייל מן הצומח 680 גרם ""טבעול""",קבוצת אוסם סחר שותפות מוגבלת,,,יח`,6.80,100 גרם,false,1,34.60,5.09,true,1,
7290111568206,false,ביסלי פארטי מיקס אסם 150 גר',קבוצת אוסם סחר שותפות מוגבלת,,,יח`,1.50,100 גרם,false,1,8.90,5.93,true,1,
7290111568251,false,אטריות נודלס להקפצה אסם אסייתי 350 גר',קבוצת אוסם סחר שותפות מוגבלת,,,יח`,3.50,100 גרם,false,1,10.90,3.11,false,1,
7290111568275,false,אטריות נודלס אורז רחבות אסם אסייתי 300גרם,קבוצת אוסם סחר שותפות מוגבלת,,,יח`,3,100 גרם,false,1,10.90,3.63,false,1,
7290111568466,false,רוטב אסייתי למוקפץ הסדרה האסייתית,קבוצת אוסם סחר שותפות מוגבלת,,,יח`,2.90,"100 מ""ל",false,1,15.90,5.48,true,1,
7290111568961,false,אסם בייגלה טבעות מלוח 400 גר`,קבוצת אוסם סחר שותפות מוגבלת,,,יח`,4,100 גרם,false,1,11.50,2.88,true,1,
7290112000736,false,פיניש טבליות AIO 80 יח` אריזת חיסכון,רקיט בנקיזר (ניר איסט) בעמ,,,יח`,1,,false,1,61.90,61.90,true,1,
7290112002099,false,קולון גל כביסה מרוכז 2.5 ליטר קלאסי,רקיט בנקיזר (ניר איסט) בעמ,,,יח`,2.50,1 ליטר,false,1,25.90,10.36,true,1,
7290112002105,false,קולון גל כביסה מרוכז 2.5 ליטר ניחוח לילך,רקיט בנקיזר (ניר איסט) בעמ,,,יח`,2.50,1 ליטר,false,1,25.90,10.36,true,1,
7290112003959,false,וניש מסיר כתמים אבקה לכביסה צבעונית 470 גרם,רקיט בנקיזר (ניר איסט) בעמ,,,יח`,4.70,100 גרם,false,1,17.90,3.81,false,1,
7290112004413,false,"ספריי וניש קליה להסרת כתמים לבגדים לבנים 750 מ""ל",רקיט בנקיזר (ניר איסט) בעמ,,,יח`,7.50,"100 מ""ל",false,1,17.90,2.39,false,1,
7290112330352,false,"יוגורט PRO בטעם וניל 0% , 20 גרם חלבון בגביע",שטראוס גרופ בעמ/מצונן,,,יח`,2,"100 מ""ל",false,1,6.10,3.05,false,1,
7290112330390,false,דנונה פרו פירות יער 20 גרם חלבון 0% שומן 200 גרם,שטראוס גרופ בעמ/מצונן,,,יח`,2,"100 מ""ל",false,1,6.10,3.05,false,1,
7290112332875,false,מסטיק מאסט קוביות בטעם מנטה עדינה 86 ג' עלית,שטראוס גרופ בע`מ,,,יח`,0.86,100 גרם,false,1,14.90,17.33,false,1,
7290112334749,false,קפה טורקי בצלופן עלית 200 גרם+ 10% תוספת,"שטראוס גרופ בע""מ",,,יח`,2.20,100 גרם,false,1,16.30,7.41,true,1,
7290112335487,false,הפריכיות הטעימות קצח ודגנים אנרג'י 135 גרם,אנרג'י Energy - שטראוס,,,יח`,1.35,100 גרם,false,1,14.20,10.52,false,1,
7290112335494,false,הפריכיות הטעימות תפוחי אדמה בטעם פוטטוס,"פרח תעשיות מזון בע""\מ",,,יח`,1.35,100 גרם,false,1,14.20,10.52,false,1,
7290112335500,false,"פרכיות אנרג'י חומוס,אורז,עדשים שחורות וקינואה 135 גרם","פרח תעשיות מזון בע""\מ",,,יח`,1.35,100 גרם,false,1,14.20,10.52,false,1,
7290112336712,false,יוגורט PRO לבן 0% 21 גרם חלבון בגביע,שטראוס גרופ בעמ/מצונן,,,יח`,2,"100 מ""ל",false,1,6.10,3.05,false,1,
7290112339171,false,מעדן מוס שוקולד 81 גר`מילקי,שטראוס גרופ בעמ/מצונן,,,יח`,0.81,100 גרם,false,1,3.50,4.32,false,1,
7290112339867,false,גמדים לדרך גבינה לבנה עם מחית תות,שטראוס גרופ בעמ/מצונן,,,יח`,1,100 גרם,false,1,6,6,false,1,
7290112340122,false,הפריכיות הטעימות 3 דגנים אנרג'י 135 גרם,"פרח תעשיות מזון בע""\מ",,,יח`,1.35,100 גרם,false,1,12.90,9.56,false,1,
7290112340245,false,מסטיק מאסט צנצנת בטעם דובדבן 66 גר` מגדי,"שטראוס גרופ בע""\מ",,,יח`,0.66,100 גרם,false,1,11.50,17.42,true,1,
7290112343420,false,"משקה חלב עם דגנים מלאים ובננה פרו יטבתה 350מ""ל",שטראוס גרופ בעמ/מצונן,,,יח`,3.50,"100 מ""ל",false,1,7.90,2.26,false,1,
7290112343499,false,חטיף צ'יטוס פאפס אפוי בטעם גבינה,"שטראוס פריטו ליי בע""\מ )",,,יח`,0.60,100 גרם,false,1,3.90,6.50,true,1,
7290112344724,false,מילקי בטעם שוקולד בלונדי עם קצפת 133גר,שטראוס גרופ בעמ/מצונן,,,יח`,1.33,100 גרם,false,1,3.40,2.56,false,1,
7290112344755,false,מילקי עם 26% פחות סוכר 135 גר}שטראוס{,שטראוס גרופ בעמ/מצונן,,,יח`,1.35,100 גרם,false,1,2.80,2.07,false,1,
7290112344786,false,קפה פלטינום קלאסיק עלית 200 גרם,הנסיך- מפעל לייצור ט,,,יח`,2,100 גרם,false,1,26.90,13.45,true,1,
7290112344953,false,סימפוניה חציל קלוי גבינה במקרם שמנת 5%,שטראוס גרופ בעמ/מצונן,,,יח`,2,100 גרם,false,1,11.90,5.95,false,1,
7290112346360,false,בפלות אחת אחת בציפוי שוקולד חלב עלית 180 גרם,הגביע מוצרי וופלים ב,,,יח`,1.80,100 גרם,false,1,14.90,8.28,false,1,
7290112347008,false,גמדים לדרך גבינה לבנה עם מחית תות ושיבולת שועל,שטראוס גרופ בעמ/מצונן,,,יח`,1,100 גרם,false,1,6,6,false,1,
7290112348142,false,שעועית לבנה 380 גר' בקופסה טעם הטבע,שטראוס גרופ בע`מ,,,יח`,3.80,100 גרם,false,1,7.90,2.08,true,1,
7290112349316,false,מסטיק בזוקה פופים ממולא בטעם תות ללא סוכר,"שטראוס גרופ בע""מ",,,יח`,0.86,100 גרם,false,1,15.50,18.02,false,1,
7290112349545,false,קפה טורקי בצלופן עלית 200 גרם+ 20% תוספת,"שטראוס גרופ בע""מ",,,יח`,2.40,100 גרם,false,1,16.30,6.79,false,1,
7290112350589,false,צ`יקו להכנת משקה צ`יקוריה עלית (65 גרם),שטראוס קפה בי.וי,,,יח`,0.65,100 גרם,false,1,10.90,16.77,false,1,
7290112351524,false,עלי סלנובה 200 גר' שטראוס טעם הטבע,שטראוס בריאות ירקות טריי,,,יח`,2,100 גרם,false,1,12.90,6.45,false,1,
7290112354945,false,תפוצ'יפס WAVY בטעם טבעי 50 גרם,שטראוס פריטו ליי בע`מ,,,יח`,0.50,100 גרם,false,1,4.40,8.80,false,1,
7290112354952,false,תפוצ`יפס פפריקה (50 גרם)היתר מכירה,שטראוס פריטו ליי בע`מ,,,יח`,0.50,100 גרם,false,1,4.40,8.80,false,1,
7290112354969,false,תפוצ'יפס בטעם טבעי 200 גרם היתר מכירה,שטראוס פריטו ליי בע`מ,,,יח`,2,100 גרם,false,1,10.90,5.45,true,1,
7290112355027,false,דנונה פרו 20 גרם חלבון בטעם קרמל מלוח 200 גרם,שטראוס גרופ בעמ/מצונן,,,יח`,2,"100 מ""ל",false,1,5.90,2.95,false,1,
7290112357069,false,מחית עגבניות איטלקיות בקופסה 500 גר' טעם הטבע,"שטראוס גרופ בע""מ",,,יח`,5,100 גרם,false,1,7.90,1.58,true,1,
7290112357106,false,שעועית אדומה 380 גר' בקופסה טעם הטבע,"שטראוס גרופ בע""מ",,,יח`,3.80,100 גרם,false,1,7.90,2.08,true,1,
7290112357113,false,גרגרי חומוס בקופסה 380 גר' טעם הטבע,"שטראוס גרופ בע""מ",,,יח`,3.80,100 גרם,false,1,7.90,2.08,true,1,
7290112358431,false,עד חצות דאבל ביסקוויט עם שוקולד חלב -8 אריזות אישיות,ביסקוויטס טור ד'\אלבון,,,יח`,2,100 גרם,false,1,14.50,7.25,false,1,
7290112490209,false,נמס בכוס מרק עגבניות עם קרוטונים רכיבים טבעיים,"יוניליוור ישראל שיווק בע""מ",,,יח`,0.56,100 גרם,false,1,7.60,13.57,true,1,
7290112490650,false,קונפיטורה תות שדה 340 גרם-צנצנת,"יוניליוור ישראל שיווק בע""מ",,,יח`,3.40,100 גרם,false,1,14.50,4.26,true,1,
7290112490803,false,קליק שקית עוגיות קרמל,יוניליוור ישראל שיווק בעמ,,,יח`,0.70,100 גרם,false,1,6.90,9.86,true,1,
7290112490810,false,קליק שקית עוגיות טעם חמאה,יוניליוור ישראל שיווק בעמ,,,יח`,0.70,100 גרם,false,1,6.90,9.86,true,1,
7290112491268,false,קליק כדורים פרווה 75 גר,יוניליוור ישראל שיווק בעמ,,,יח`,0.75,100 גרם,false,1,6.90,9.20,true,1,
7290112491770,false,בייגלה דקים דקים מלח ים בייגל בייגל 300 גרם.,יוניליוור ישראל שיווק בע`מ,,,יח`,3,100 גרם,false,1,11.50,3.83,true,1,
7290112492456,false,"שמפו פינוק לשיער יבש/פגום 700 מ""ל",יוניליוור ישראל שיווק בע`מ,,,יח`,7,"100 מ""ל",false,1,13.50,1.93,true,1,
7290112492470,false,"שמפו ומרכך 2 ב-1 לשיער יבש פינוק 700 מ""ל.",יוניליוור ישראל שיווק בע`מ,,,יח`,7,"100 מ""ל",false,1,13.50,1.93,true,1,
7290112492500,false,פינוק שמפו לשיער עם שמן קוקוס 700 מל,"יוניליוור ישראל שיווק בע""מ",,,יח`,7,"100 מ""ל",false,1,13.50,1.93,true,1,
7290112492548,false,"מרכך פינוק עם שמן חוחובה 700 מ""ל","יוניליוור ישראל שיווק בע""מ",,,יח`,7,"100 מ""ל",false,1,13.50,1.93,true,1,
7290112492593,false,תחליב רחצה פינוק בניחוח פינוק קלאסי 700,יוניליוור ישראל שיווק בע`מ,,,יח`,7,"100 מ""ל",false,1,12.90,1.84,true,1,
7290112492609,false,"פינוק סבון נוזלי לבנדר ווניל 700 מ""ל","יוניליוור ישראל שיווק בע""מ",,,יח`,7,"100 מ""ל",false,1,12.90,1.84,true,1,
7290112493095,false,נמס בכוס מרק עגבניות חריף רכיבים טבעיים קנור 48 ג',יוניליוור ישראל שיווק בע`מ,,,יח`,0.48,100 גרם,false,1,7.90,16.46,false,1,
7290112493163,false,חטיף קליק מיקס כריות וגלילית (65 גרם),יוניליוור ישראל שיווק בעמ,,,יח`,0.65,100 גרם,false,1,6.90,10.62,true,1,
7290112493170,false,חטיף כריות נוגט לבן (75 גרם),יוניליוור ישראל שיווק בעמ,,,יח`,0.75,100 גרם,false,1,6.90,9.20,true,1,
7290112493927,false,גלידה בטעם ריבת חלב 1.33ל' קרמיסימו,"גלידת שטראוס בע""\מ, רחוב",,,יח`,1.33,1 ליטר,false,1,20.90,15.71,false,1,
7290112493934,false,גלידה קרמיסימו וניל צרפתי 1.33 ליטר,"גלידת שטראוס בע""\מ, רחוב",,,יח`,1.33,1 ליטר,false,1,20.90,15.71,false,1,
7290112493965,false,קרמיסימו חלבית בטעם מסטיק וניל 665 גר,"גלידת שטראוס בע""\מ, רחוב",,,יח`,1.33,1 ליטר,false,1,20.90,15.71,false,1,
7290112494214,false,חטיף קליק ביסקוויט לבן 65 גר`,יוניליוור ישראל שיווק בעמ,,,יח`,0.65,100 גרם,false,1,6.90,10.62,true,1,
7290112494221,false,חטיף ביסקויט שוקולד חלב קליק (65 גרם),יוניליוור ישראל שיווק בע`מ,,,יח`,0.65,100 גרם,false,1,6.90,10.62,true,1,
7290112494238,false,חטיף כדורים שוקולד חלב קליק (65 גרם),יוניליוור ישראל שיווק בע`מ,,,יח`,0.65,100 גרם,false,1,6.90,10.62,true,1,
7290112494269,false,חטיף קליק כריות צוקולטה 65 גר`,יוניליוור ישראל שיווק בעמ,,,יח`,0.65,100 גרם,false,1,6.90,10.62,true,1,
7290112494276,false,קליק כריות בתפזורת כשר לפסח,יוניליוור ישראל שיווק בע`מ,,,יח`,0.65,100 גרם,false,1,6.90,10.62,true,1,
7290112494283,false,חטיף כדורים מעורב חום לבו 65 גר`קליק,יוניליוור ישראל שיווק בע`מ,,,יח`,0.65,100 גרם,false,1,6.90,10.62,true,1,
7290112494290,false,קליק שקיות עוגי 65 גר`,יוניליוור ישראל שיווק בעמ,,,יח`,0.75,100 גרם,false,1,6.90,9.20,true,1,
7290112494313,false,קליק - קורנפלקס תפזורת 65 גרם,"יוניליוור ישראל שיווק בע""מ",,,יח`,0.65,100 גרם,false,1,6.90,10.62,true,1,
7290112494344,false,קורנפלקס של אלופים תלמה (850 גרם)רבנות,"יוניליוור ישראל שיווק בע""מ",,,יח`,8.50,100 גרם,false,1,19.90,2.34,false,1,
7290112494351,false,קורנפלקס של אלופים תלמה (850 גרם).בדצ,יוניליוור ישראל שיווק בע`מ,,,יח`,8.50,100 גרם,false,1,19.90,2.34,false,1,
7290112495006,false,כריות דגנים במילוי נוגט בדצ 686 גרם,"יוניליוור ישראל שיווק בע""מ",,,יח`,6.86,100 גרם,false,1,28.90,4.21,false,1,
7290112495150,false,נשנושי קרקר עיגולים מלח בייגל בייגל 300 גרם,"יוניליוור ישראל שיווק בע""מ",,,יח`,3,100 גרם,false,1,14.50,4.83,true,1,
7290112495266,false,קליק דאבל קרם עוגיות 65 גר`,יוניליוור ישראל שיווק בעמ,,,יח`,0.65,100 גרם,false,1,6.90,10.62,true,1,
7290112495273,false,קליק דאבל קרם חלב 65 גר`,יוניליוור ישראל שיווק בעמ,,,יח`,0.65,100 גרם,false,1,6.90,10.62,true,1,
7290112495792,false,רוטב הלמנס שום לייט לסלט 305גר כשלפ,יוניליוור ישראל שיווק בע`מ,,,יח`,3,100 גרם,false,1,13.90,4.63,true,1,
7290112495983,false,פרכיות פתיתבציפוי שוקולד חלב ושבבי קרמל מלוח 39 גר',יוניליוור ישראל שיווק בע`מ,,,יח`,0.39,100 גרם,false,1,5.90,15.13,true,1,
7290112496294,false,חטיף פתית צ'יפס עם אפונה ירוקה צהובה וצ'ילי,יוניליוור ישראל שיווק בע`מ,,,יח`,0.22,100 גרם,false,1,5.90,26.82,true,1,
7290112496461,false,נמס בכוס אקסטרה מרק ירקות עם המון אטריות,"יוניליוור ישראל שיווק בע""מ",,,יח`,0.32,100 גרם,false,1,5.90,18.44,false,1,
7290112496584,false,קליק כריות Black מצופה שוקולד לבן ועוגיות,יוניליוור ישראל שיווק בע`מ,,,יח`,0.65,100 גרם,false,1,6.90,10.62,true,1,
7290112496591,false,חטיף קליק כריות בלאק חלב 65 גר,יוניליוור ישראל שיווק בעמ,,,יח`,0.65,100 גרם,false,1,6.90,10.62,true,1,
7290112498007,false,גרנולה פרוטאין בתוספת חלבון שקדים וחמוציות תלמה 300 ג',"יוניליוור ישראל שיווק בע""מ",,,יח`,3,100 גרם,false,1,15.90,5.30,true,1,
7290112498526,false,"פתית צ'יפס עם בטטה סגולה בטעם שמנת ובצל, 22 גרם",יוניליוור ישראל שיווק בע`מ,,,יח`,0.22,100 גרם,false,1,5.90,26.82,true,1,
7290112498748,false,מאגדת מיני סולרו וניל תות שדה 350 גר`,"מיוצר ע""\י גלידת שטראוס",,,יח`,3.25,100 גרם,false,1,22.90,7.05,false,1,
7290112498847,false,שטראוס קרמיסימו בטעמי נוגט וניל שוקולד,גלידות שטראוס בעמ,,,יח`,1.33,1 ליטר,false,1,20.90,15.71,false,1,
7290112498915,false,מאגדת מיני מגנום שקדים מובחר שטראוס 250 גרם,"מיוצר ע""\י גלידת שטראוס",,,יח`,2.50,100 גרם,false,1,30.50,12.20,false,1,
7290112499059,false,"קרמיסימו שוקולד לבן עם תות ""שטראוס""","גלידת שטראוס בע""מ, ר",,,יח`,1.33,1 ליטר,false,1,20.90,15.71,false,1,
7290112499066,false,שטראוס קרמיסימו שוקולד לבן ופיסטוק,"גלידת שטראוס בע""מ, ר",,,יח`,1.33,1 ליטר,false,1,20.90,15.71,false,1,
7290112499097,false,מאגדת מיני מגנום מריר Intense Dark! 240 גרם,"מיוצר ע""\י גלידת שטראוס",,,יח`,1,,false,1,35.60,35.60,false,1,
7290112499127,false,שלגון גלידה שוקולד לבן ותות 77 גרם,"מיוצר ע""\י גלידת שטראוס",,,יח`,1,,false,1,9.90,9.90,true,1,
7290112499189,false,"גלידת קרמיסימו חד קרן וניל תות, 1.33 ליטר","גלידת שטראוס בע""\מ, רחוב",,,יח`,1.33,1 ליטר,false,1,20.90,15.71,false,1,
7290112499196,false,גלידה בטעם החלב של הקורנפלקס 1.33 ל' קרמיסימו,"גלידת שטראוס בע""\מ, רחוב",,,יח`,1.33,1 ליטר,false,1,20.90,15.71,false,1,
7290112499462,false,פינוק תחליב רחצה 700 בתוספת שמן קוקוס,יוניליוור ישראל שיווק בע`מ,,,יח`,7,"100 מ""ל",false,1,12.90,1.84,true,1,
7290112499677,false,מגנום וניל בציפוי שוקולד לבן,"מיוצר ע""\י גלידת שטראוס",,,יח`,0.85,100 גרם,false,1,9.90,11.65,true,1,
7290112499837,false,מגנום דואט שוקו לד עם נוגט שטראוס,"מיוצר ע""\י גלידת שטראוס",,,יח`,0.90,100 גרם,false,1,9.90,11,true,1,
7290112499929,false,מגנום שוקולד אימפלס פסח 120מל,"מיוצר ע""\י גלידת שטראוס",,,יח`,1,,false,1,9.90,9.90,true,1,
7290112499936,false,מגנום שקדים אימפלס פסח 125מל,"מיוצר ע""\י גלידת שטראוס",,,יח`,1,,false,1,9.90,9.90,true,1,
7290112499943,false,מיני מאגדת מיני מגנום טעמים שונים וניל+שוקו,"מיוצר ע""\י גלידת שטראוס",,,יח`,1,,false,1,35.60,35.60,false,1,
7290112961372,false,פיטנס חטיפי פריכיות דקות קינמון 60 גרם,קבוצת אוסם סחר שותפות מוגבלת,,,יח`,0.60,100 גרם,false,1,8.90,14.83,false,1,
7290112961464,false,פיטנס חטיפי פריכיות דגנים וחומוס מתובלות,קבוצת אוסם סחר שותפות מוגבלת,,,יח`,0.60,100 גרם,false,1,8.90,14.83,false,1,
7290112962287,false,טבעול שווארמה טבעונית 6*450 גרם,קבוצת אוסם סחר שותפות מוגבלת,,,יח`,4.50,100 גרם,false,1,34.60,7.69,true,1,
7290112963918,false,פיטנס חטיפי קרקר דק רוזמרין 140 גרם,קבוצת אוסם סחר שותפות מוגבלת,,,יח`,1.40,100 גרם,false,1,12.90,9.21,true,1,
7290112964410,false,אסם רוטב אלף האיים חדש לסלט 290 גרם,קבוצת אוסם סחר שותפות מוגבלת,,,יח`,2.90,"100 מ""ל",false,1,13.20,4.55,true,1,
7290112964564,false,רוטב אלף האיים לייט לסלט אסם (295 מל),קבוצת אוסם סחר שותפות מוגבלת,,,יח`,2.95,"100 מ""ל",false,1,13.20,4.47,true,1,
7290112965165,false,מרק נמס פטריות אסם בדצ 48 גרם מארז זוגי,קבוצת אוסם סחר שותפות מוגבלת,,,יח`,0.48,100 גרם,false,1,6.90,14.38,false,1,
7290112965240,false,מרק נמס בטעם עגבניות זוג * 44 ג' אסם,קבוצת אוסם סחר שותפות מוגבלת,,,יח`,0.60,100 גרם,false,1,6.90,11.50,false,1,
7290112965288,false,מרק נמס ירקות אסם בדצ 56 גרם מארז זוגי,קבוצת אוסם סחר שותפות מוגבלת,,,יח`,0.52,100 גרם,false,1,6.90,13.27,false,1,
7290112965301,false,זוג מרק נמס בטעם עוף עם שקדי מרק רגע חם,קבוצת אוסם סחר שותפות מוגבלת,,,יח`,0.52,100 גרם,false,1,6.90,13.27,false,1,
7290112965660,false,חטיף מולטיגריין מלח פלפל ( 25 גר`) פיטנס,קבוצת אוסם סחר שותפות מוגבלת,,,יח`,1,,false,1,5,5,false,1,
7290112965684,false,פיטנס - חטיף מולטיגריין עשבי תיבול 25 גרם,קבוצת אוסם סחר שותפות מוגבלת,,,יח`,0,100 גרם,false,1,5.90,5.90,false,1,
7290112965707,false,פיטנס - חטיף מולטיגריין צילי מעודן 25 גרם,קבוצת אוסם סחר שותפות מוגבלת,,,יח`,0,100 גרם,false,1,5.90,5.90,false,1,
7290112966728,false,צבר טחינה בלאדי פלפלים חריפים 350 גרם,קבוצת אוסם סחר שותפות מוגבלת,,,יח`,3.50,100 גרם,false,1,15.90,4.54,false,1,
7290112966780,false,צבר טחינה בלאדי עם חציל קלוי 350 גרם,קבוצת אוסם סחר-שות.מוגבלת,,,יח`,3.50,100 גרם,false,1,14.90,4.26,false,1,
7290112967114,false,פיטנס חטיפי פריכיות קטניות ופלפל 60 גרם,קבוצת אוסם סחר שותפות מוגבלת,,,יח`,0.60,100 גרם,false,1,8.90,14.83,false,1,
7290112967381,false,פיטנס חטיפי פריכיות קטניות ומלח ים 60 גרם,קבוצת אוסם סחר שותפות מוגבלת,,,יח`,0.60,100 גרם,false,1,8.90,14.83,false,1,
7290112967572,false,"אסם רוטב ברביקיו 290 מ""ל אסם",קבוצת אוסם סחר שותפות מוגבלת,,,יח`,2.50,100 גרם,false,1,13.20,5.28,true,1,
7290112968807,false,80018416694פיטנס חטיפי קרקר דק סלק 150גר,קבוצת אוסם סחר שותפות מוגבלת,,,יח`,1.40,100 גרם,false,1,12.90,9.21,true,1,
7290112968821,false,חטיפי קרקר דק בטטה 140 גר` פיטנס,קבוצת אוסם סחר שותפות מוגבלת,,,יח`,1.40,100 גרם,false,1,12.90,9.21,true,1,
7290113192300,false,זיתים חרוזית מושחרים בית השיטה 275 גרם,קבוצת אוסם סחר שותפות מוגבלת,,,יח`,2.75,100 גרם,false,1,11.50,4.18,false,1,
7290113192355,false,חרוזית זיתים ירוקים ללא גלעין 275 ג' בית השיטה,קבוצת אוסם סחר שותפות מוגבלת,,,יח`,5.60,100 גרם,false,1,11.50,2.05,true,1,
7290113192362,false,בית השיטה טבעות זיתים ירק.א2 12*280ג חדש,קבוצת אוסם סחר שותפות מוגבלת,,,יח`,5.60,100 גרם,false,1,11.50,2.05,false,1,
7290113192393,false,בית השיטה קוקטייל זיתים א2 336 גרם,קבוצת אוסם סחר שותפות מוגבלת,,,יח`,3.36,100 גרם,false,1,12.40,3.69,false,1,
7290113192485,false,בית השיטה מלפפונים בחומץ בינוני 10-12 290 גרם,קבוצת אוסם סחר שותפות מוגבלת,,,יח`,2.90,100 גרם,false,1,8.50,2.93,true,1,
7290113192492,false,בית השיטה מלפפונים בחומץ קטנים 1317 290 גרם,קבוצת אוסם סחר שותפות מוגבלת,,,יח`,3.20,100 גרם,false,1,11.50,3.59,false,1,
7290113192508,false,ב.השיטה מלפפון במלח ר.טבע א2 17-13 320 גרם,קבוצת אוסם סחר שותפות מוגבלת,,,יח`,3.20,100 גרם,false,1,11.50,3.59,false,1,
7290113192515,false,בית השיטה מלפפונים במלח קטן מאוד 1825 320 גרם,קבוצת אוסם סחר שותפות מוגבלת,,,יח`,3.20,100 גרם,false,1,13.50,4.22,false,1,
7290113192539,false,בית השיטה מלפפונים במלח גדול 79 320 גרם,קבוצת אוסם סחר שותפות מוגבלת,,,יח`,3.20,100 גרם,false,1,7.50,2.34,false,1,
7290113192553,false,מלפפונים במלח 13-17 פיקנטי בית השיטה 320 גרם,קבוצת אוסם סחר-שות.מוגבלת,,,יח`,3.20,100 גרם,false,1,10.90,3.41,false,1,
7290113192560,false,פלפל חריף כבוש שיפקה בית השיטה (430 גר`),קבוצת אוסם סחר שותפות מוגבלת,,,יח`,4.30,100 גרם,false,1,7.90,1.84,true,1,
7290113192577,false,בית השיטה כרוב כבוש א2 12*430גרם חדש,קבוצת אוסם סחר שותפות מוגבלת,,,יח`,4.30,100 גרם,false,1,8.50,1.98,false,1,
7290113193321,false,שמן זית כתית מעולה בית השיטה 750 מייל,קבוצת אוסם סחר שותפות מוגבלת,,,יח`,7.50,"100 מ""ל",false,1,30.90,4.12,false,1,
7290113196001,false,פסטה ספגטי שקדיה 500 גר` .,דין שיווק וקליה 2021 בעמ,,,יח`,5,100 גרם,false,1,4.90,0.98,true,1,
7290113196018,false,פסטה ביסלי שקדיה 500 גרם,דין שיווק וקליה 2021 בעמ,,,יח`,5,100 גרם,false,1,4.90,0.98,true,1,
7290113196049,false,פסטה קרניים שקדיה 500 גר`,דין שיווק וקליה 2021 בעמ,,,יח`,5,100 גרם,false,1,4.90,0.98,true,1,
7290113199903,false,סוכריות חמצוצים בטעם תות בננה 180 ג' שקדיה,דין שיווק וקליה 2021 בעמ,,,יח`,1.80,100 גרם,false,1,10.90,6.06,true,1,
7290113199910,false,סוכריות חמצוצים בטעם קולה 180 ג' שקדיה,דין שיווק וקליה 2021 בעמ,,,יח`,1.80,100 גרם,false,1,10.90,6.06,true,1,
7290114310239,false,חלב נטול לקטוז מועשר בוויטמין D י 2% 1.5 ל' טרה,החברה המרכזית טלהפצת משקאות בע,,,יח`,0.0150,"100 מ""ל",false,1,13.20,880,false,1,
7290114310550,false,גבינת פטה עיזים מעודנת 5% משק צוריאל 200 גרם,החברה המרכזית טלהפצת משקאות בע,,,יח`,2,100 גרם,false,1,25.40,12.70,false,1,
7290114310611,false,"משקה חלב בננה בבקבוק פקק ספורט טרה 250 מ""ל",החברה המרכזית טלהפצת משקאות בע,,,יח`,2.50,"100 מ""ל",false,1,5.50,2.20,false,1,
7290114311038,false,"שמנת מתוקה 32% עמידה בבקבוק טרה 250 מ""ל",*החברה המרכזית להפצת משקאותבעמ,,,יח`,2.50,"100 מ""ל",false,1,7.30,2.92,false,1,
7290114311298,false,יוגורט מולר פרופ בטעם תות בננה מלון 150,החברה המרכזית טלהפצת משקאות בע,,,יח`,1.50,"100 מ""ל",false,1,5.60,3.73,false,1,
7290114311328,false,חלב מועשר דל לקטוז מעושר בויטמין Dי 2% שומן טרה 1 ליטר,*החברה המרכזית להפצת משקאותבעמ,,,יח`,1,1 ליטר,false,1,7.90,7.90,false,1,
7290114311359,false,יוגורט עם קציפת מנגו 3% שומן פרופ 150 ג' מולר,החברה המרכזית טלהפצת משקאות בע,,,יח`,1.50,"100 מ""ל",false,1,5.60,3.73,false,1,
7290114600927,false,מאסטר שף עלי טורטייה חיטה מלאה 320 גרם,אלקאטי קורביישיסי גי,,,יח`,3.20,100 גרם,false,1,11.20,3.50,false,1,
7290115190014,false,סיגריות מרלבורו רד קצר בוקס,פיליפ מוריס בעמ,,,יח`,1,,false,1,38.50,38.50,true,1,
7290115190076,false,סיגריות מרלבורו גולד ארוך 100 בוקס,פיליפ מוריס בעמ,,,יח`,1,,false,1,38.50,38.50,true,1,
7290115190090,false,סיגריות מרלבורו קצר בוקס בודד,פיליפ מוריס בעמ,,,יח`,1,,false,1,38.50,38.50,true,1,
7290115190137,false,סיגריות מרלבורו טאצ סילבר יחידה,פיליפ מוריס בעמ,,,יח`,1,,false,1,33.50,33.50,true,1,
7290115190151,false,סיגריות מרלבורו טאצ גולד,פיליפ מוריס בעמ,,,יח`,1,,false,1,33.50,33.50,true,1,
7290115190250,false,סיגריות פרלמנט קצר בודד,פיליפ מוריס בעמ,,,יח`,1,,false,1,43.50,43.50,true,1,
7290115190359,false,אל.אמ בלו לייבל קצר חפיסה) (20,פיליפ מוריס בעמ,,,יח`,1,,false,1,33,33,true,1,
7290115190373,false,סיגריות ל.מ. קפסולהP,פיליפ מוריס בעמ,,,יח`,1,,false,1,33,33,true,1,
7290115190458,false,סיגריות נקסט פיין אדג' בודד,פיליפ מוריס בעמ,,,יח`,1,,false,1,29.50,29.50,true,1,
7290115190496,false,סיגריות נקסט ארוך בודד,פיליפ מוריס בעמ,,,יח`,1,,false,1,32,32,true,1,
7290115190519,false,סיגריות נקסט פיין חפ,פיליפ מוריס בעמ,,,יח`,1,,false,1,32,32,true,1,
7290115190533,false,סיגריות נקסט ריסס 100 בודד,פיליפ מוריס בעמ,,,יח`,1,,false,1,29.50,29.50,true,1,
7290115190557,false,חפיסת סיגריות ריסס פילטר נקסט) (20,פיליפ מוריס בעמ,,,יח`,1,,false,1,29.50,29.50,true,1,
7290115190571,false,סיגריות נקסט לילך בודד,פיליפ מוריס בעמ,,,יח`,1,,false,1,32,32,true,1,
7290115190595,false,סיגריות נקסט אוריגינ,פיליפ מוריס בעמ,,,יח`,1,,false,1,32,32,true,1,
7290115190977,false,סיגריות מרלבורו טאץ אדום -בודד,פיליפ מוריס בעמ,,,יח`,1,,false,1,33.50,33.50,true,1,
7290115191035,false,מרלבורו סאמר ספלאש קופסא,פיליפ מוריס בעמ,,,יח`,1,,false,1,35,35,true,1,
7290115191073,false,נקסט ריץ' ריסס חפיסה,פיליפ מוריס בעמ,,,יח`,1,,false,1,26.50,26.50,true,1,
7290115201680,false,ביסלי חטיף בטעם ברביקין אסם (70 גרם),קבוצת אוסם סחר שותפות מוגבלת,,,יח`,0.70,100 גרם,false,1,4,5.71,true,1,
7290115202434,false,צבר סלט חומוס עם זעתר 375 גרם,קבוצת אוסם סחר שותפות מוגבלת,,,יח`,3.75,100 גרם,false,1,13.30,3.55,false,1,
7290115203172,false,במבה PRO מכיל 18 גרם חלבון בשקית,קבוצת אוסם סחר שותפות מוגבלת,,,יח`,0.80,100 גרם,false,1,4.40,5.50,true,1,
7290115204995,false,לחמית ים תיכוני 160 גר`אסם,קבוצת אוסם סחר-שות.מוגבלת,,,יח`,1.60,100 גרם,false,1,11.50,7.19,true,1,
7290115205176,false,729001032825פיטנס חטיפי קרקר כפרי 140גר.,קבוצת אוסם סחר שותפות מוגבלת,,,יח`,1.40,100 גרם,false,1,12.90,9.21,true,1,
7290115205312,false,קרקר פיטנס דק עם זיתי קלמטה ועשבי תיבול,קבוצת אוסם סחר שותפות מוגבלת,,,יח`,1.40,100 גרם,false,1,12.90,9.21,true,1,
7290115206173,false,אסם פתי בר קרמל 12*500 גרם חדש,קבוצת אוסם סחר שותפות מוגבלת,,,יח`,5,100 גרם,false,1,11.90,2.38,false,1,
7290115207484,false,צבר סלט חציל על האש היתר 360 גרם,קבוצת אוסם סחר שותפות מוגבלת,,,יח`,4,100 גרם,false,1,16.90,4.23,false,1,
7290115208009,false,ויטמינצ'יק ענבים סירופ 1 ליטר,קבוצת אוסם סחר שותפות מוגבלת,,,יח`,10,"100 מ""ל",false,1,20.90,2.09,false,1,
7290115208047,false,סירופ פטל ויטמינצ`יק (1 ליטר),קבוצת אוסם סחר שותפות מוגבלת,,,יח`,10,"100 מ""ל",false,1,20.90,2.09,false,1,
7290115208320,false,אפרופו חטיף בטעם ביסלי בצל 50 גרם,קבוצת אוסם סחר שותפות מוגבלת,,,יח`,0.50,100 גרם,false,1,5.50,11,true,1,
7290115208344,false,שטוחים בייגלה כפיות שמנת בצל 300גר,קבוצת אוסם סחר שותפות מוגבלת,,,יח`,3,100 גרם,false,1,10.90,3.63,true,1,
7290115208597,false,אסם קרמוגית מיניס קרמל מלוח 200 גרם,קבוצת אוסם סחר שותפות מוגבלת,,,יח`,2,100 גרם,false,1,13.20,6.60,false,1,
7290115208801,false,קרקר לחמית דבש ואגוזים אסם (190 גרם),קבוצת אוסם סחר שותפות מוגבלת,,,יח`,1.90,100 גרם,false,1,12.20,6.42,true,1,
7290115209198,false,במבה אוורירית אסם 80 גרם,קבוצת אוסם סחר שותפות מוגבלת,,,יח`,0.80,100 גרם,false,1,4.40,5.50,true,1,
7290115209235,false,ביסקוויט פתי בר קפה אסם (500 גרם),קבוצת אוסם סחר שותפות מוגבלת,,,יח`,5,100 גרם,false,1,12.90,2.58,false,1,
7290115209358,false,במבה במילוי בראוניז אסם (60 גרם),קבוצת אוסם סחר שותפות מוגבלת,,,יח`,0.60,100 גרם,false,1,4.80,8,true,1,
7290115209372,false,במבה במילוי בראוניז 150 גרם אוסם,קבוצת אוסם סחר שותפות מוגבלת,,,יח`,1.50,100 גרם,false,1,10.90,7.27,false,1,
7290115403299,false,עוגיות פרפריות 450ג דל,שיבולים יצור ושיווק מוצרי מאפה,,,יח`,4.50,100 גרם,false,1,15.90,3.53,false,1,
7290115670684,false,גרנולה שיבולת שועל עם אגוזי לוז,אנרג'י Energy - שטראוס,,,יח`,4,100 גרם,false,1,13.90,3.48,false,1,
7290115670691,false,גרנולה שיבולת שועל עם פירות יער,אמקו ספול אס. אר.או,,,יח`,4,100 גרם,false,1,13.90,3.48,false,1,
7290115670707,false,גרנולה שיבולת שועל עם שוקולד ואגוזי לוז,אנרג'י Energy - שטראוס,,,יח`,4,100 גרם,false,1,13.90,3.48,false,1,
7290115675696,false,דגני בוקר קראנצ'ים שיבולת שועל עם אגוזים ושקדים,שטראוס פריטו ליי בע`מ,,,יח`,3.75,100 גרם,false,1,20.90,5.57,true,1,
7290115675702,false,דגני בוקר קראנצ'ים שיבולת שועל עם פירות מיובשים,שטראוס פריטו ליי בע`מ,,,יח`,3.75,100 גרם,false,1,20.90,5.57,true,1,
7290115675719,false,דגני בוקר קראנצ'ים שיבולת שועל וחתיכות שוקולד מריר,"שטראוס פריטו ליי בע""מ",,,יח`,3.75,100 גרם,false,1,20.90,5.57,true,1,
7290115676051,false,"משקה אקטיביה שיבולת שועל במתיקות מעודנת 250 מ""ל",שטראוס גרופ בעמ/מצונן,,,יח`,2.65,"100 מ""ל",false,1,4.90,1.85,false,1,
7290115676082,false,משקה דנונה פרו 20 יוגורט תות 255 ג' רבנות,שטראוס גרופ בעמ/מצונן,,,יח`,2.25,100 גרם,false,1,7.20,3.20,false,1,
7290115677966,false,ממרח אבוקדו טעם הטבע 200 גרם,שטראוס גרופ בעמ/מצונן,,,יח`,2,100 גרם,false,1,14.90,7.45,false,1,
7290115678598,false,חסה אייסברג חיתוך גס 300 שטראוס טעם הטבע,שטראוס בריאות ירקות טריי,,,יח`,3,100 גרם,false,1,9.30,3.10,false,1,
7290116530185,false,"קורנפלקס דלישקד קרמל מלוח 400 גרם בד""ץ",יוניליוור ישראל שיווק בע`מ,,,יח`,4,100 גרם,false,1,24.40,6.10,true,1,
7290116530314,false,קליק כריות דאבל בלק שוקולד לבן 65גר,יוניליוור ישראל שיווק בעמ,,,יח`,0.65,100 גרם,false,1,6.90,10.62,true,1,
7290116530321,false,קליק כריות דאבל בלק שוקולד חלב 65גר,יוניליוור ישראל שיווק בעמ,,,יח`,0.65,100 גרם,false,1,6.90,10.62,true,1,
7290116531748,false,קליק שוקו מיקס חום לבן כשר לפסח 65 גרם,יוניליוור ישראל שיווק בעמ,,,יח`,0.65,100 גרם,false,1,6.90,10.62,true,1,
7290116531793,false,הלמנ'ס רוטב לסלט קיסר 295 גרם,"יוניליוור ישראל שיווק בע""מ",,,יח`,2.95,"100 מ""ל",false,1,13.90,4.71,true,1,
7290116532035,false,קליק קורנפלקס חום לבן כשר לפסח 65 גרם,יוניליוור ישראל שיווק בעמ,,,יח`,0.65,100 גרם,false,1,6.90,10.62,true,1,
7290116532042,false,קליק כריות נוגט כשר לפסח 65 גרם,יוניליוור ישראל שיווק בעמ,,,יח`,0.65,100 גרם,false,1,6.90,10.62,true,1,
7290116532585,false,דגני בוקר ברנפלקס קרנצ'ים בטעם דבש וקינמון,יוניליוור ישראל שיווק בע`מ,,,יח`,3.75,100 גרם,false,1,23.90,6.37,true,1,
7290116532738,false,רוטב איטלקי לסלט בזיליקום ואורגנו 305 גרם,יוניליוור ישראל שיווק בע`מ,,,יח`,2.95,"100 מ""ל",false,1,13.90,4.71,false,1,
7290116930435,false,יופלה גו במרקם סמיך עם דובדבן 0% 200מל,תנובה מרכז שיתופי לש,,,יח`,2,100 גרם,false,1,5.90,2.95,false,1,
7290116930725,false,סויה BIO קוקוס גביע 150 גרם אלטרנטיב,תנובה בעמ ***,,,יח`,1.50,100 גרם,false,1,4.50,3,false,1,
7290116930954,false,יוגורט טעם פאי תפוחים 3% 150 ג' יופלה,תנובה בעמ ***,,,יח`,1.50,"100 מ""ל",false,1,5,3.33,false,1,
7290116931081,false,מעדן סויה - טופי קרמל 125 גרם אלטרנטיב,תנובה מרכז שיתופי לש,,,יח`,1.25,100 גרם,false,1,4.40,3.52,false,1,
7290117260821,false,גבינת כבשים צ'אנק עם פטריות כמהין 150 ג' אל פסטור,ג.וילי-פוד אינטרנשיונל **גבינו,,,יח`,1.50,100 גרם,false,1,25.90,17.27,false,1,
7290117260906,false,פופקורן בציפוי בטעם פירות 90 גרם,ג. וילי-פוד אינטרנשיונל בע`מ,,,יח`,0.90,100 גרם,false,1,6.90,7.67,true,1,
7290117261705,false,חמאת עיזים 200 גרם ויליפוד,ג.וילי-פוד אינטרנשיונל **גבינו,,,יח`,2,100 גרם,false,1,13.90,6.95,false,1,
7290117901175,false,שקדים קלופים 250 גרם ששון הקולה,דין שיווק וקליה 2021 בעמ,,,יח`,2.50,100 גרם,false,1,20,8,false,1,
7290118420415,false,קטשופ אסם קלאסי (750 גרם)היתר מכירה,קבוצת אסם סחר שות. מוגבלת,,,יח`,7.50,100 גרם,false,1,11.90,1.59,false,1,
7290118420477,false,אסם בייגלה שטוחים בטעם ביסלי בצל 300 גרם,קבוצת אוסם סחר שותפות מוגבלת,,,יח`,3,100 גרם,false,1,10.90,3.63,false,1,
7290900010367,false,טורטייה שמינייה משקל נקי 360 ג' Avel,אבאל יזמות בעמ,,,יח`,3.60,100 גרם,false,1,9.90,2.75,true,1,
7291008092286,false,תמר מגהול דקל נור 400 גר`,ביכורי השדה הצפון בעמ` 1964,,,יח`,1,,false,1,9.90,9.90,false,1,
7394376615825,false,אוטלי משקה שיבולת שועל מועשר בסידן וויטמינים 1 ליטר,ש. שסטוביץ בע`מ,,,יח`,1,1 ליטר,false,1,13.90,13.90,false,1,
7394376616778,false,אוטלי משקה שיבולת שועל להקצפה בריסטה 1 ליטר,ש. שסטוביץ בע`מ,,,יח`,1,1 ליטר,false,1,16.90,16.90,false,1,
7501013101362,false,"נקטר בטעם קוקוס ואננס 500 מ""ל JUMEX",חומקס קומר קומרסאליזדורה,,,יח`,4.73,"100 מ""ל",false,1,8.90,1.82,true,1,
7501013122053,false,נקטר אפרסק ג'ומקס בקרטונית 1 ליטר,חומקס קומר קומרסאליזדורה,,,יח`,1,1 ליטר,false,1,10.60,10.60,true,1,
7501064191398,false,שישיית בירה קורונה אקסטרא *355 מל,קריניציה ויטמינה אס,,,יח`,2.13,1 ליטר,false,1,38.70,17.32,true,1,
7610100034084,false,מיונז טומי בשפורפרת 265 גרם,ליימן שליסל בע`מ,,,יח`,2.65,100 גרם,false,1,15.90,6,false,1,
7610400068529,false,לינדט לינדור בונבוניירה כדורי שוקולד מטעמים 200 גרם,לינדט ושפרונגלי קילשברג,,,יח`,2,100 גרם,false,1,34.60,17.30,true,1,
7610400075787,false,לינדט לה גרנד שוקולד חלב אגוז 150 גרם,לינדט ושפרונגלי קילשברג,,,יח`,1.50,100 גרם,false,1,26.50,17.67,false,1,
7610400091060,false,שוקולד מריר לינדט אקסלנס בתוספת תפוז ושקדים,לינדט ושפרונגלי קילש,,,יח`,1,100 גרם,false,1,16.60,16.60,true,1,
7613030979647,false,דגני בוקר טריקס פירות עולם היורה 480 ג',קבוצת אוסם סחר שותפות מוגבלת,,,יח`,4.80,100 גרם,false,1,25.90,5.40,true,1,
7613032045753,false,פיטנס דגנים מחיטה מלאה שוקולד 375גרם,קבוצת אוסם סחר שותפות מוגבלת,,,יח`,3.75,100 גרם,false,1,21.90,5.84,true,1,
7613033548192,false,פיטנס - דגני בוקר שוקולד מריר 375 גרם,קבוצת אוסם סחר שותפות מוגבלת,,,יח`,3.75,100 גרם,false,1,21.90,5.84,true,1,
7613035635845,false,פיטנס גרנולה שוקולד 300 גר`אסם,קבוצת אוסם סחר-שות.מוגבלת,,,יח`,3,100 גרם,false,1,15.90,5.30,false,1,
7613035758834,false,פיטנס סופר גרנולה וחמוציות 300 גרם,קבוצת אוסם סחר שותפות מוגבלת,,,יח`,3,100 גרם,false,1,17.30,5.77,false,1,
7613035807778,false,פרפקטו רוטב עגבניות לבולונז אסם 400 גרם,קבוצת אוסם סחר שותפות מוגבלת,,,יח`,4,100 גרם,false,1,11.20,2.80,true,1,
7613035809109,false,פרפקטו רוטב עגבניות ובזיליקום אסם 400 גרם,קבוצת אוסם סחר שותפות מוגבלת,,,יח`,4,100 גרם,false,1,11.20,2.80,true,1,
7613035809857,false,פרפקטו רוטב עגבניות לפסטה ולבישול אסם 400 גרם,קבוצת אוסם סחר שותפות מוגבלת,,,יח`,4,100 גרם,false,1,11.20,2.80,true,1,
7613036314114,false,נסקפה גולד Gold קפה נמס מיובש בתוספת קפה קלוי,קבוצת אוסם סחר-שות.מוגבלת,,,יח`,2,100 גרם,false,1,46.90,23.45,false,1,
7613037012095,false,פיטנס סופר גרנולה שוקולד קינואה ושקדים 300 גרם,קבוצת אסם סחר שות. מוגבלת,,,יח`,3,100 גרם,false,1,17.50,5.83,false,1,
7613037686906,false,פיטנס - דגני בוקר שקדים ודבש 355 גרם,קבוצת אוסם סחר שותפות מוגבלת,,,יח`,3.55,100 גרם,false,1,21.90,6.17,true,1,
7613039771174,false,טבעול סנסשיונל מינס טחון צמחוני 400 גרם,קבוצת אוסם סחר-שות.מוגבלת,,,יח`,4,100 גרם,false,1,33.90,8.48,true,1,
7613287325808,false,אוסם - דיפ אנד ספרד מטבל איולי שום 295 גרם,קבוצת אוסם סחר שותפות מוגבלת,,,יח`,2.95,100 גרם,false,1,15.90,5.39,true,1,
7613287325853,false,אוסם - דיפ אנד ספרד מטבל איולי ספייסי 295 גרם,קבוצת אוסם סחר שותפות מוגבלת,,,יח`,2.95,100 גרם,false,1,15.90,5.39,true,1,
7613287325952,false,אוסם - דיפ אנד ספרד מטבל ברבקיו 345 גרם,קבוצת אוסם סחר שותפות מוגבלת,,,יח`,3.45,100 גרם,false,1,15.90,4.61,true,1,
7613287821348,false,נתחוני עוף טבעוני סנסשיונל טבעול 350 גרם,קבוצת אוסם סחר שותפות מוגבלת,,,יח`,3.50,100 גרם,false,1,34.60,9.89,true,1,
7613287855640,false,סטארבקס קפסולות קפה גוואטמלה 10 יחידות,קבוצת אוסם סחר שותפות מוגבלת,,,יח`,0.52,100 גרם,false,1,21.90,42.12,true,1,
7622010001858,false,עוגיות אוראו ממולאות קרם וניל 176 גרם.,דיפלומט מפיצים (1968) בעמ**,,,יח`,1.76,100 גרם,false,1,9.90,5.63,true,1,
7622201050757,false,מילקה שוקולד חלב במילוי קרם קרמל 100 ג,דיפלומט מפיצים (1968) בעמ**,,,יח`,1,100 גרם,false,1,7.90,7.90,true,1,
7622201139278,false,גבינת פילדלפיה שמנת 150 גר`% (27 שומן),מיודלז אספניה פרודוק,,,יח`,1.50,100 גרם,false,1,14.90,9.93,true,1,
7622201401900,false,עוגיות מילקה סנסיישן אוראו 156 גרם,דיפלומט מפיצים (1968) בעמ**,,,יח`,1.56,100 גרם,false,1,13.90,8.91,true,1,
7622201521493,false,גבינת פילדלפיה שום ועשבי תיבול 150 גר` (,מיודלז אספניה פרודוק,,,יח`,1.50,100 גרם,false,1,14.90,9.93,true,1,
7622201798154,false,גבינת שמנת לייט מופחתת שומן 13% שומן,מיודלז אספניה פרודוק,,,יח`,1.50,100 גרם,false,1,14.90,9.93,true,1,
7622201801809,false,מילקה שוקולד חלב עם אגוזים 100 גרם חדש,מנדלז דויצ'\לנד סנקס פרו,,,יח`,1,100 גרם,false,1,7.90,7.90,false,1,
7622201802394,false,שוקולד מילקה חלב מסרונים 100 גרם,מנדלז דויצ'\לנד סנקס פרו,,,יח`,1,100 גרם,false,1,7.90,7.90,false,1,
7622201808631,false,אוראו מיני עוגיות ממולאות קרם וניל 67גרם,דיפלומט מפיצים (1968) בעמ**,,,יח`,0.67,100 גרם,false,1,7.90,11.79,false,1,
7622201809188,false,מילקה ביסקויט מצופה שוקולד 150 גר`,מונדלז פרנס ביסקוויט פרו,,,יח`,1.50,100 גרם,false,1,13.50,9,true,1,
7622201813390,false,וופל במילוי קרם קקאו בציפוי שוקולד חלב,דיפלומט מפיצים (1968) בעמ**,,,יח`,1.50,100 גרם,false,1,12.90,8.60,true,1,
7622210078131,false,שוקולד חלב עם שבבי קרמל מילקה דיים 100 גרם,מנדלז דויצ'\לנד סנקס פרו,,,יח`,1,100 גרם,false,1,7.90,7.90,true,1,
7622210137234,false,אוראו עוגיות עם דאבל קרם בטעם וניל 170ג,דיפלומט מפיצים (1968) בעמ**,,,יח`,1.70,100 גרם,false,1,11.20,6.59,true,1,
7622210453327,false,עוגיות שוקוצ'יפס במילוי שוקולד סנסיישן,דיפלומט מפיצים (1968) בעמ**,,,יח`,1.56,100 גרם,false,1,13.50,8.65,true,1,
7622210826053,false,מילקה שוקולד אוראו סנדוויץ 100 גרם,דיפלומט מפיצים (1968) בעמ**,,,יח`,0.92,100 גרם,false,1,7.90,8.59,true,1,
7622300270506,false,מילקה גריינס - עוגיות שיבולת שועל מצופות שוקולד 168 ג',דיפלומט מפיצים (1968) בעמ**,,,יח`,1.68,100 גרם,false,1,13.50,8.04,true,1,
7622300489427,false,עוגיות אוראו בציפוי בטעם שוקולד לבן 246 גרם,דיפלומט מפיצים (1968) בעמ**,,,יח`,2.46,100 גרם,false,1,19.90,8.09,true,1,
7622300489434,false,"עוגיות אוראו פאדג' בציפוי שוקולד חלב, 246 גרם",דיפלומט מפיצים (1968) בעמ**,,,יח`,2.46,100 גרם,false,1,20.30,8.25,true,1,
7622300503079,false,עוגיות ביסקוויט מצופה שוקולד חלב מילקה 200 גרם,דיפלומט מפיצים (1968) בעמ**,,,יח`,2,100 גרם,false,1,13.50,6.75,true,1,
7622300617820,false,מילקה שוקולד חלב במילוי קרם חלב ווניל ושבבי עוגיות אוראו 100 גרם,מנדלז דויצ'\לנד סנקס פרו,,,יח`,1,100 גרם,false,1,7.90,7.90,true,1,
7622400005190,false,שוקולד חלב נגיעות שוקולד לבן מילקה 100 ג,דיפלומט מפיצים (1968) בעמ**,,,יח`,1,100 גרם,false,1,7.90,7.90,false,1,
7630477891592,false,סטארבקס קפסולות קפה האוס בלנד 10 יחידות,קבוצת אוסם סחר שותפות מוגבלת,,,יח`,0.57,100 גרם,false,1,21.90,38.42,true,1,
7630477891691,false,סטארבקס קפסולות קפה קולמביה 10 יחידות,קבוצת אוסם סחר שותפות מוגבלת,,,יח`,0.57,100 גרם,false,1,21.90,38.42,true,1,
7630477891714,false,סטארבקס קפסולות קפה אספרסו 10 יחידות,קבוצת אוסם סחר שותפות מוגבלת,,,יח`,0.57,100 גרם,false,1,21.90,38.42,true,1,
7702018321582,false,דאודורנט סטיק מתקדם ג`ילט (45 מל),דיפלומט מפיצים (1968) בעמ,,,יח`,0.50,100 גרם,false,1,17.90,35.80,false,1,
7702018466917,false,סכיני גילוח גילט בלו חדפ יבוא מקביל,פארמה דיל (פ.א.ב.) שיווק והפצה,,,יח`,1,,false,1,19.90,19.90,false,1,
7702024074625,false,חטיפי קרקר פיטנס Fitness עם חיטה מלאה,קבוצת אוסם סחר שותפות מוגבלת,,,יח`,2.34,100 גרם,false,1,12.90,5.51,false,1,
7702024258322,false,"חטיפי קרקר עם חיטה מלאה, צ'יה וזרעי פשתן פיטנס",קבוצת אוסם סחר שותפות מוגבלת,,,יח`,2.34,100 גרם,false,1,12.90,5.51,false,1,
7702174066631,false,לקקן יוגטה פין פופ במילוי מסטיק 170 גר,קומסטיבלס לה רוזה אס.איי,,,יח`,1.80,100 גרם,false,1,7.90,4.39,true,1,
7702174068826,false,יוגטה מבחר סוכריות לקקן קשות ממולאות טופי בטעמי יוגורט ופירות 204 גרם,הדקלאים אגודת שיתופי,,,יח`,2.16,100 גרם,false,1,11.90,5.51,false,1,
7702174073783,false,סוכריות על מקל בטעם קולה במילוי גומי לעיסה,הדקלאים אגודת שיתופי,,,יח`,1.80,100 גרם,false,1,7.90,4.39,true,1,
7792860006218,false,סוכריות לקקן בייבי דול לריטייר (24 גרם),גוד פוד פרודקטס S.p,,,יח`,0.24,100 גרם,false,1,2.90,12.08,true,1,
7798304600011,false,אוכמניות- טרי 125 גר,בראשית - אגודה שיתופית*שיק 45,,,יח`,1.25,100 גרם,false,1,10,8,false,1,
7804414000884,false,שרדונה BIN דון חוליו (750 מל),צ'ילה לואיס פיליפה אדוארדס,,,יח`,7.50,"100 מ""ל",false,1,31.50,4.16,true,1,
7804414012344,false,יין סוביניון בלאן 750 מל דון חוליו,הכרם - משקאות חריפים בעמ,,,יח`,7.50,"100 מ""ל",false,1,32.20,4.25,true,1,
7804632390255,false,אוכמניות טרי 125 גר,בראשית - אגודה שיתופית*שיק 45,,,יח`,1.25,100 גרם,false,1,10,8,false,1,
7804651030026,false,אוכמניות טריות יחידה,איגל טרייטדינג שיווק חקלאי בעמ,,,יח`,1.25,100 גרם,false,1,10,8,false,1,
8000215204240,false,משקה אורז ושקדים ביו אורגני ויטאריז 1 לי,בטר אנד דיפרנט,,,יח`,1,1 ליטר,false,1,13.90,13.90,false,1,
8000380003723,false,וופלים גרנד פטיסרי במילוי קרם אגוזים 100,קריניציה ויטמינה אס,,,יח`,1,100 גרם,false,1,15.20,15.20,true,1,
8000380004676,false,קוביות וופל סנדוויץ Sandwich עם וניל וחלב,"א. לואקר, קונפקט ג'י",,,יח`,2,100 גרם,false,1,14.90,7.45,true,1,
8000380004966,false,וופל קוארדטיני לואקר קוביות שוקולד 250ג',קריניציה ויטמינה אס,,,יח`,2.50,100 גרם,false,1,14.90,5.96,true,1,
8000380007219,false,וופל לואקר ממולא קרם אגוזים 175 גרם,ליימן שליסל בע`מ,,,יח`,1.75,100 גרם,false,1,11.90,6.80,true,1,
8000380007257,false,וופל גרדנה במילוי קרם אגוזים מצופה,קריניציה ויטמינה אס,,,יח`,2,100 גרם,false,1,14.70,7.35,true,1,
8000380007264,false,וופל לואקר ממולא קרם קקאו 175 גרם,קריניציה ויטמינה אס,,,יח`,1.75,100 גרם,false,1,11.90,6.80,true,1,
8000380007271,false,וופל במילוי קרם חלב לואקר (175 גרם),ליימן שליסל בע`מ,,,יח`,1.75,100 גרם,false,1,11.90,6.80,true,1,
8000380144044,false,גרדנה וופל מצופה שוקולד חלב לואקר 200 גרם,ליימן שליסל בע`מ,,,יח`,2,100 גרם,false,1,16.60,8.30,true,1,
8000380153534,false,מארז וופל שוקולד טורטינה Tortina שוקולד לבן,א. לואקר אס. פי. אי-אי.,,,יח`,1.25,100 גרם,false,1,18.90,15.12,false,1,
8000500009673,false,בונבוניירה פררו רושה 300 גרם,פרימיום חברה לדברי מתיקה ולמסח,,,יח`,3,100 גרם,false,1,45.90,15.30,false,1,
8000500023976,false,בונבוניירת רפאלו פררו (150 גרם),פרימיום-חברה לדברי מתיקה ולמסח,,,יח`,1.50,100 גרם,false,1,17.90,11.93,false,1,
8000500026731,false,ביצי שוקולד קינדר מארז 3 יח סופרייז,פרימיום-חברה לדברי מתיקה ולמסח,,,יח`,0.60,100 גרם,false,1,15.90,26.50,true,1,
8000500029350,false,מארז וופל מצופה 3יח' *43 גרם קינדר בואנו,פרימיום-חברה לדברי מתיקה ולמסח,,,יח`,1.29,100 גרם,false,1,10.90,8.45,true,1,
8000500037874,false,בונבוניירת פררו רושה 200 גרם,פרימיום חברה לדברי מתיקה ולמסח,,,יח`,2,100 גרם,false,1,25.90,12.95,false,1,
8000500071083,false,אצבעות שוקולד קינדר Kinder שש עשרה יחידות,פרימיום-חברה לדברי מתיקה ולמסח,,,יח`,2,100 גרם,false,1,12.90,6.45,false,1,
8000500094976,false,"בונבוניירה פררו רושר רושה קונוס, 212 גרם T17X4",פרימיום חברה לדברי מתיקה ולמסח,,,יח`,2.12,100 גרם,false,1,40.90,19.29,false,1,
8000500121436,false,מארז קינדר בואנו Kinder Bueno לבן שלוש יחידות,פרימיום חברה לדברי מתיקה ולמסח,,,יח`,1.17,100 גרם,false,1,10.90,9.32,true,1,
8000500167656,false,קינדר שוקולד עם דגנים סיריאל 94 ג',פרימיום חברה לדברי מתיקה ולמסח,,,יח`,1,,false,1,8.50,8.50,false,1,
8000500227848,false,נוטלה - בי רדי אצבעות ביסקוויט במילוי שוקולד 6 יח' * 22 גרם,פרימיום-חברה לדברי מתיקה ולמסח,,,יח`,1.32,100 גרם,false,1,12.50,9.47,false,1,
8000500249352,false,קינדר בואנו מיני מיקס שקית 205 ג',פרימיום-חברה לדברי מתיקה ולמסח,,,יח`,0,100 גרם,false,1,19.90,19.90,false,1,
8000500256213,false,קינדר שוקולד חלב במילוי קרם חלבי,פרימיום-חברה לדברי מתיקה ולמסח,,,יח`,1.20,100 גרם,false,1,9.90,8.25,false,1,
8000500267103,false,קינדר דליס עוגת ספוג קקאו במילוי חלבי*10,פרימיום חברה לדברי מתיקה ולמסח,,,יח`,3.90,100 גרם,false,1,20.90,5.36,true,1,
8000500269169,false,קינדר קארדס Kinder Cards - חמישייה,פרימיום-חברה לדברי מתיקה ולמסח,,,יח`,1.28,100 גרם,false,1,14.90,11.64,false,1,
8001090493637,false,"הד אנד שולדרס שמפו אולטרא טוטאל קר 450 מ""ל",דיפלומט מפיצים (1986) בע`מ,,,יח`,4.50,"100 מ""ל",false,1,20.90,4.64,false,1,
8001090678614,false,"הד אנד שולדרס שמפו סופרים לחות 400 מ""ל",דיפלומט מפיצים (1986) בע`מ,,,יח`,4,"100 מ""ל",false,1,21.90,5.48,false,1,
8001090721129,false,אריאל קפסולות גל לכביסה 3ב1 קולור 27 יח,דיפלומט מפיצים (1986) בע`מ,,,יח`,1,,false,1,35.90,35.90,false,1,
8001090802385,false,קפסולות גל לכביסה טייד בניחוח לנור 26 יח,דיפלומט מפיצים (1986) בע`מ,,,יח`,1,,false,1,30.90,30.90,true,1,
8001090832450,false,"שמפו פנטן הנוסחה הקלאסית 660 מ""ל",דיפלומט מפיצים (1986) בע`מ,,,יח`,6.60,"100 מ""ל",false,1,20.90,3.17,true,1,
8001090832818,false,מרכך פנטן הנוסחה הקלאסית לשיער רגיל ומעורב,דיפלומט מפיצים (1986) בע`מ,,,יח`,6.60,"100 מ""ל",false,1,20.90,3.17,true,1,
8001090886385,false,לנור כדוריות הבושם בניחוח רענן 140 גרם,דיפלומט מפיצים (1968) בעמ,,,יח`,1.40,100 גרם,false,1,20.90,14.93,false,1,
8001100011752,false,וופלים בלוקו במילוי שוקולד 175 גר,אבאל יזמות בעמ,,,יח`,1.75,100 גרם,false,1,10.90,6.23,true,1,
8001100059242,false,בלוקו וופלים ממולאים קרם קקאו 250 גרם,אבאל יזמות בעמ,,,יח`,2.50,100 גרם,false,1,13.90,5.56,true,1,
8001100059259,false,קוביות וואפל בטעם אגוזי לוז באלוקו 250 ג',אבאל יזמות בעמ,,,יח`,2.50,100 גרם,false,1,13.90,5.56,true,1,
8001100059266,false,קוביות וואפל בטעם חלב וניל באלוקו 250 ג',אבאל יזמות בעמ,,,יח`,2.50,100 גרם,false,1,13.90,5.56,true,1,
8001160001786,false,"משקה אנרגיה גטורייד ספורט כחול 500מ""ל",אקווה מינרלה סאן בנדטו,,,יח`,5,"100 מ""ל",false,1,10.90,2.12,true,1,
8001160001892,false,"משקה אנרגיה גטורייד ספורט תפוז אדום 500מ""ל",אקווה מינרלה סאן בנדטו,,,יח`,5,"100 מ""ל",false,1,10.90,2.12,true,1,
8001620011935,false,"סן בנדטו- מים מינרלים מוגז - מארז שישיית 500 מ""ל",אקווה מינרלה סאן בנד,,,יח`,3,1 ליטר,false,1,15,4.40,true,1,
8001841062624,false,מארז מגבוני פמפרס ללא בישום - רביעייה,דיפלומט מפיצים (1968) בעמ,,,יח`,1,,false,1,18.90,18.90,false,1,
8001841216584,false,תחבושות אולוויז אולטרה לילה בטוח,דיפלומט מפיצים (1968) בעמ,,,יח`,1,,false,1,42.90,42.90,false,1,
8001841625188,false,סבון כלים פלטינום לימון X3 פעולות להסרת שומנים,דיפלומט מפיצים (1986) בע`מ,,,יח`,5.15,"100 מ""ל",false,1,11.90,2.31,true,1,
8001841625461,false,סבון כלים פלטינום X3 פעולות להסרת שומנים,דיפלומט מפיצים (1986) בע`מ,,,יח`,5.15,"100 מ""ל",false,1,11.90,2.31,true,1,
8001841625508,false,"נוזל כלים פיירי פלטינום אורגינל 1.015 ליטר בד""צ",דיפלומט מפיצים (1968) בעמ,,,יח`,1.0150,1 ליטר,false,1,19.30,19.01,false,1,
8001841669465,false,קפסולות לכביסה אריאל בניחוח לנור 24 יחידות,דיפלומט מפיצים (1986) בע`מ,,,יח`,1,,false,1,35.90,35.90,true,1,
8001841943961,false,לנור כדוריות בושם בניחוח אוקיינוס 210 גר,דיפלומט מפיצים (1968) בעמ,,,יח`,2.10,100 גרם,false,1,28.90,13.76,true,1,
8002270436581,false,סאן פלגרינו פלסטיק מוגז שישייות 500*6,טמפו משקאות בע`מ,,,יח`,30,"100 מ""ל",false,1,27.90,0.87,false,1,
8002270846472,false,סן פלגרינו מים מינרליים טבעיים מוגזים,טמפו משקאות בעמ,,,יח`,5,"100 מ""ל",false,1,6,1.14,false,1,
8004030022010,false,ירקות גינה עם טונה ריו מרה אינסלטיסימי 160 ג',"בולטון אלימנטרי בע""\מ",,,יח`,1.60,100 גרם,false,1,19.50,12.19,false,1,
8004030044005,false,נתחי טונה בהירה בשמן זית ריו מרה 112גרם,"בולטון אלימנטרי בע""\מ",,,יח`,1.60,100 גרם,false,1,20.30,12.69,false,1,
8004030381681,false,ריו מרה נתחי טונה בהירה בשמן זית זוג 160 גר,ש. שסטוביץ בע`מ,,,יח`,3.20,100 גרם,false,1,34.90,10.91,false,1,
8004030860001,false,ירקות עם קוקוס וטונה ריו מרה אינסלטיסימי 160 ג',"בולטון אלימנטרי בע""\מ",,,יח`,1.60,100 גרם,false,1,19.30,12.06,false,1,
8006540091937,false,לנור כדוריות הבושם בניחוח אריאל 210 גרם,פטר קרמר עבור פרוקטור אנ,,,יח`,2.10,100 גרם,false,1,28.90,13.76,true,1,
8006540157374,false,מרכך מינרלס ביוטין + במבוק לשיער חזק וארוך,דיפלומט מפיצים (1968) בעמ,,,יח`,2.75,"100 מ""ל",false,1,20.90,7.60,false,1,
8006540425930,false,אריאל קפסולות לכביסה ג'ל 24 יח' לכתמים קשים,דיפלומט מפיצים (1986) בע`מ,,,יח`,1,,false,1,35.90,35.90,true,1,
8007178223578,false,"חומץ בלסמי ג'קובזי 250 מ""ל",דיפלומט מפיצים (1968) בעמ**,,,יח`,2.50,"100 מ""ל",false,1,16.50,6.60,false,1,
8008857300481,false,פסטה רגיה 48 בורג תומר 500 גרם,תומר ייבוא ושיווק מוצרי מזון [,,,יח`,5,100 גרם,false,1,5.50,1.10,false,1,
8008857300580,false,פסטה רג`ייה 58 סהרון 500 גר`תומר,תומר ייבוא ושיווק מוצרי מזון [,,,יח`,5,100 גרם,false,1,5.50,1.10,false,1,
8008857300634,false,פסטה רג`ייה 63 תלתל 500 גר`תומר,תומר ייבוא ושיווק מוצרי מזון [,,,יח`,5,100 גרם,false,1,5.50,1.10,false,1,
8008857300641,false,פסטה רג`ייה 64 קונכיה 500 גר`תומר,תומר ייבוא ושיווק מוצרי מזון [,,,יח`,5,100 גרם,false,1,5.50,1.10,false,1,
8076802085738,false,ברילה - צ.ק פנה רגטה חדש 500 גרם,ברילה גי.אי.אר פרטלי ס.פ,,,יח`,5,100 גרם,false,1,7.50,1.50,false,1,
8076808070882,false,קנלוני מספר 88 ברילה (250 גרם),פאסטיפיקו ריגו אס.אר,,,יח`,2.50,100 גרם,false,1,15.90,6.36,false,1,
8076809513388,false,ברילה רוטב אראביאטה צילי לפסטה 400 ג,ברילה גי.אי.אר פרטלי ס.פ,,,יח`,4,100 גרם,false,1,15.90,3.98,false,1,
8076809513654,false,בסיס רוטב עגבניות לבולונז 400 גרם ברילה,ברילה גי.אי.אר פרטלי ס.פ,,,יח`,4,100 גרם,false,1,15.90,3.98,false,1,
8076809513739,false,ברילה רוטב עגבניות עם בזיליקום 400 גרם,ברילה גי.אי.אר פרטלי ס.פ,,,יח`,4,100 גרם,false,1,15.90,3.98,false,1,
8076809523561,false,ברילה - רוטב פסטה בטעם טוסקנה 400 גרם,ברילה גי.אי.אר פרטלי ס.פ,,,יח`,4,100 גרם,false,1,15.90,3.98,false,1,
8076809523738,false,דפי לזניה ברילה 500 גרם,ברילה גי.אי.אר פרטלי ס.פ,,,יח`,5,100 גרם,false,1,24.90,4.98,false,1,
8076809529419,false,ספגטי מחיטה מלאה מס' 5 500 ג' ברילה,ברילה גי. אי. אר פרט,,,יח`,5,100 גרם,false,1,14.90,2.98,false,1,
8076809545464,false,ברילה פסטה ללא גלוטן צורת ספירלי 400 גר,מולינו אנדריאני אס.א,,,יח`,4,100 גרם,false,1,15.90,3.98,false,1,
8410076600622,false,חטיפי גרנולה קראנצ'י עם שוקולד מריר נייצ'ר ואלי 210 גרם,ג'נרל מילס סאן אדריאן,,,יח`,2.10,100 גרם,false,1,14.90,7.10,false,1,
8410076610379,false,"חטיף בוטנים, חלבון סויה ושוקולד מריר עם ציפוי בטעם שוקולד",נייצ'ר ואלי Nature Valley,,,יח`,2.10,100 גרם,false,1,25.90,12.33,true,1,
8410076621009,false,עוגות אישיות בטעם קרמל עם חתיכות בטעם קרמל מלוח,ליימן שליסל בע`מ,,,יח`,1,,false,1,15.90,15.90,true,1,
8410104039134,false,"מנקה ומחדש מדיח כלים פיניש 250 מ""ל",רקיט בנקיזר (ניר איסט) בעמ,,,יח`,2.50,"100 מ""ל",false,1,15.90,6.36,false,1,
8410104045111,false,"פיניש מלח למדיח כלים 2ק""ג",רקיט בנקיזר (ניר איסט) בעמ,,,יח`,2,"ק""ג",false,1,15.90,7.95,false,1,
8410655000409,false,מארז בירה סאן מיגל- שישייה 250 מל,אבאל יזמות בעמ,,,יח`,15,"100 מ""ל",false,1,30.90,1.94,true,1,
8410655000423,false,בירה רביעייה 5.4% אלכוהול 330 מל סאן מי,סרבסס סאן מיגל אס.אל.יו,,,יח`,1.32,1 ליטר,false,1,25.90,18.71,false,1,
8420708018817,false,גב.מנצ'גו כבשים36% 150גר,האי נאם סי או אל.טי.,,,יח`,1.50,100 גרם,false,1,29.90,19.93,false,1,
8423207206495,false,סלים דליס חטיף דגנים מצופה שוקולד מריר מרבה 6*20 גרם,אף.סי תבליני בגליל ב,,,יח`,1.20,100 גרם,false,1,14.90,12.42,true,1,
8423207207362,false,חטיפי סלים דליס שוקולד לבן מרבה 6 יחידות,ביסנצ'ורי אס.אל.יו,,,יח`,1.20,100 גרם,false,1,14.90,12.42,true,1,
8423207208680,false,חטיף דגנים שוקולד סלים דליס לילדים מרבה 6 יחידות,ביסנצ'ורי אס.אל.יו,,,יח`,0.78,100 גרם,false,1,14.90,19.10,true,1,
8423207208703,false,חטיפי סלים דליס שוקולד מריר מרבה 6 יחידות,ביסנצ'ורי אס.אל.יו,,,יח`,0.78,100 גרם,false,1,14.90,19.10,true,1,
8423207209748,false,חטיף דגנים מלאים שוקולד מריר נגיעות תפוז,ביסנצ'ורי אס.אל.יו,,,יח`,1.20,100 גרם,false,1,14.90,12.42,true,1,
8445290427120,false,דגני פיטנס Fitness שוקולד מריר ובננה,קבוצת אוסם סחר שותפות מוגבלת,,,יח`,3.30,100 גרם,false,1,21.90,6.64,true,1,
8593868006014,false,"בירה בלו מון 500מ""ל פחית 5.4%",הכרם - משקאות חריפים בעמ,,,יח`,5,"100 מ""ל",false,1,10.90,2.12,false,1,
8690637073434,false,תה ארל גריי בטעם ברגמוט ללא שקית100ש,"יוניליוור ישראל שיווק בע""מ",,,יח`,2,100 גרם,false,1,21.90,10.95,false,1,
8690637835643,false,"תה ירוק לימונית ולאויזה 30 גרם ""ליפטון""","יוניליוור ישראל שיווק בע""מ",,,יח`,0.30,100 גרם,false,1,18.50,61.67,true,1,
8690637842382,false,מגנום דאבל פרי יער שטראוס 82 גר,"מיוצר ע""\י יונילוור סנאי",,,יח`,0.90,100 גרם,false,1,9.90,11,true,1,
8690637989629,false,מגנום דאבל דולצ'ה גולד בטעם וניל עם ריפל בטעם שוקולד 246 גרם,יונילוור סנאיי וי טיג'\,,,יח`,0.90,100 גרם,false,1,9.90,11,true,1,
8690766156367,false,טבלת שוקולד חלב מעולה 90 גר` גודייבה,תה ויסוצקי (ישראל) בעמ,,,יח`,0.90,100 גרם,false,1,15.90,17.67,true,1,
8690766156374,false,גודייבה שוקולד מריר מעולה 72% מוצקי קקאו 72גרם,תה ויסוצקי (ישראל) בעמ,,,יח`,0.90,100 גרם,false,1,15.90,17.67,true,1,
8690766156381,false,גודייבה שוקולד מריר 90% מוצקי קקאו 90 גרם,תה ויסוצקי (ישראל) בעמ,,,יח`,0.90,100 גרם,false,1,15.90,17.67,true,1,
8690777221405,false,פלפל אדום קלוי על האש 650 גר` ויליפוד,ג. וילי-פוד אינטרנשיונל בע`מ,,,יח`,6.50,100 גרם,false,1,12.90,1.98,true,1,
8691058141238,false,ערמונים שלמים קלויים וקלופים 100 גר` Ave,אבאל יזמות בעמ,,,יח`,1,100 גרם,false,1,5.50,5.50,true,1,
8697530910743,false,סיגריות פאל מאל כחול קצר מטאליק,גלוברנדס בעמ - שיווק סיגריות,,,יח`,1,,false,1,30,30,true,1,
8697530910781,false,סיגריות פאל מאל אדום מטאליק,גלוברנדס בעמ - שיווק סיגריות,,,יח`,1,,false,1,30,30,true,1,
8710502064814,false,עוגיות מרבה שוקולד ציפס במרקם רך 175 גר,בנקטבקריי מרבה בי.וי,,,יח`,1.75,100 גרם,false,1,10.90,6.23,true,1,
8710502139017,false,עוגיות טריפל שוקולד צ`יפס מרבה (180 גרם),בנקטבקריי מרבה בי.וי,,,יח`,2.25,100 גרם,false,1,10.90,4.84,true,1,
8710502279010,false,מרבה עוגיות שוקולד צ'יפס מצופות שוקולד 175 גרם,"י.מרבה ישראל בע""מ",,,יח`,1.75,100 גרם,false,1,10.90,6.23,true,1,
8710732228918,false,מצת לסיגריה cricket יח,צפניה ברזילי בעמ,,,יח`,1,,false,1,5,5,false,1,
8711000362747,false,קפסולות קפה תואמות נספרסו ריסטרטו 11 ל'אור 10 יחידות,דיפלומט מפיצים (1968) בעמ**,,,יח`,1,,false,1,20.90,20.90,true,1,
8711000371183,false,ג'ייקובס קפסולות קפה אספרסו אינטסו עוצמה 10,ג'ייקובס דאו אגברטס צרפת,,,יח`,1,,false,1,16.90,16.90,true,1,
8711000371206,false,ג'ייקובס קפסולות קפה אספרסו ריסטרטו עוצמה 12,ג'ייקובס דאו אגברטס צרפת,,,יח`,1,,false,1,16.90,16.90,true,1,
8711000431108,false,קפסולות קפה אספרסו הודו (10)52 גר`לור,דיפלומט מפיצים (1968) בעמ**,,,יח`,0,100 גרם,false,1,20.90,20.90,true,1,
8711327475762,false,מגנום פיינט שוקולד לבן עוגיות 260 גרם,"מפעל גלידות בווספרם, רחו",,,יח`,2.60,"100 מ""ל",false,1,19.90,7.65,false,1,
8712000051099,false,"שישיית בירה היינקן 0% אלכוהל בקבוק 330 מ""ל","מבשלת היינקן, ריטבלדנברג",,,יח`,1.98,1 ליטר,false,1,32.40,15.45,true,1,
8712400802536,false,תרכובת מזון המשך לפעוטות על בסיס חלב שלב 3,דיפלומט מפיצים (1968) בעמ**,,,יח`,8,100 גרם,false,1,64.90,8.11,true,1,
8712561594240,false,"דאב תחליב רחצה להזנה עמוקה500 מ""ל-מרכז",יוניליוור ישראל שיווק בע`מ,,,יח`,5,"100 מ""ל",false,1,14.90,2.98,true,1,
8712561594608,false,"דאב תחליב רחיצה להזנה עמוקה 750 מ""ל",יוניליוור ישראל שיווק בע`מ,,,יח`,7.50,"100 מ""ל",false,1,18.90,2.52,true,1,
8712561611411,false,"תחליב רחצה בניחוח מלפפון ותה ירוק דאב 750 מ""ל",יוניליוור ישראל שיווק בע`מ,,,יח`,7.50,"100 מ""ל",false,1,18.90,2.52,true,1,
8712561626286,false,תחליב רחצה זוהר כמשי דאב (750 מל),יוניליוור ישראל שיווק בע`מ,,,יח`,7.50,"100 מ""ל",false,1,18.90,2.52,true,1,
8714599513781,false,"קפה נמס מיובש בהקפאה זהב צנצנת ג'ייקובס 200 גרם לל""ס",דיפלומט מפיצים (1968) בעמ**,,,יח`,2,100 גרם,false,1,24.90,12.45,false,1,
8714599513866,false,"קפה נמס מיובש בהקפאה קרונג צנצנת ג'ייקובס 200 גרם לל""ס",דיפלומט מפיצים (1968) בעמ**,,,יח`,2,100 גרם,false,1,27.90,13.95,true,1,
8714789183800,false,קולגייט 360 מברשת שיניים+ מנקה לשון,פארמה דיל (פ.א.ב.) שיווק והפצה,,,יח`,1,,false,1,10.90,10.90,false,1,
8714789394534,false,משחת שיניים קולגייט הגנה מפני עששת- יבו,איינשטיין-צור יבוא-יצוא וסחר ב,,,יח`,1,100 גרם,false,1,9.90,9.90,false,1,
8714789930848,false,"משחת שיניים אופטיק וייט הלבנה מיידית קולגייט 75 מ""ל",איינשטיין-צור יבוא-יצוא וסחר ב,,,יח`,0.75,100 גרם,false,1,14.90,19.87,false,1,
8715700110141,false,מיונז קרמי היינץ צנצנת 460ג',דיפלומט מפיצים (1968) בעמ**,,,יח`,4.60,100 גרם,false,1,12.90,2.80,true,1,
8715700110158,false,היינץ ממרח במרקם קרמי צנצנת 490 גרם,דיפלומט מפיצים (1968) בעמ**,,,יח`,4.90,100 גרם,false,1,12.90,2.63,true,1,
8715700117805,false,"קטשופ היינץ מתבל עגבניות ללא תוספת סוכר ומלח 425 מ""ל",דיפלומט מפיצים (1968) בעמ**,,,יח`,4,100 גרם,false,1,12.90,3.23,true,1,
8715700118789,false,מיונז היינץ לחיץ טבעוני 390 גרם,דיפלומט מפיצים (1968) בעמ**,,,יח`,3.90,100 גרם,false,1,20.90,5.36,false,1,
8715700419732,false,מתבל עגבניות היינץ (700 גרם),דיפלומט מפיצים (1968) בעמ**,,,יח`,7,100 גרם,false,1,12.90,1.84,true,1,
8715700422473,false,ממרח לכריכים וסלטים ללא ח. משמרים היינץ 395 גרם,דיפלומט מפיצים (1968) בעמ**,,,יח`,3.95,100 גרם,false,1,15.90,4.03,false,1,
8715700423906,false,היינץ מתבל עגבניות מופחת סוכר ומלח 50/50 550 גרם,דיפלומט מפיצים (1968) בעמ**,,,יח`,5.55,100 גרם,false,1,11.90,2.14,true,1,
8717677338436,false,שוקולד חלב עם אגוזי לוז טוניס' שוקולונלי 180 גרם,טוניס/שוקולונלי,,,יח`,1.80,100 גרם,false,1,20.90,11.61,true,1,
8718951048461,false,אג`קס חלונות 750 מל יבוא מקביל טריפל אק,אופאל יאצא בעמ,,,יח`,7.50,"100 מ""ל",false,1,11.90,1.59,true,1,
8718951236783,false,קולגייט משחת שיניים טוטל פרש סטריפ 100 מ,איינשטיין-צור יבוא-יצוא וסחר ב,,,יח`,1,"100 מ""ל",false,1,13.90,13.90,false,1,
8718951264618,false,"קולגייט אופטיק וייט פחם צ'רקול משחת שיניים, 75 מ""ל",איינשטיין-צור יבוא-יצוא וסחר ב,,,יח`,0.75,"100 מ""ל",false,1,14.90,19.87,false,1,
8719200998001,false,מרגרינה לאפיה ובישול בלי מלח 200 ג' בלו בנד,יוניליוור ישראל מזון בע\,,,יח`,2,100 גרם,false,1,4.50,2.25,false,1,
8719200998018,false,מחמאה מרגרינה בטעם חמאה בלובנד 200 גרם,"מיוצר ע""\י יוניליוור ישר",,,יח`,2,100 גרם,false,1,4.90,2.45,false,1,
8719200998032,false,"מרגרינה מזולה גלורי טעם חמאה 250גר 8 יחידות - כשל""פ","מיוצר ע""\י יוניליוור ישר",,,יח`,2.50,100 גרם,false,1,11.20,4.48,false,1,
8719200998049,false,"מרגרינה מזולה גלורי רגיל 250גר 8 יחידות -כשל""פ","מיוצר ע""\י יוניליוור ישר",,,יח`,2.50,100 גרם,false,1,11.20,4.48,false,1,
8720181114465,false,"אקס - דאודורנט ספריי לגבר אנרכי 150 מ""ל",איינשטיין-צור יבוא-יצוא וסחר ב,,,יח`,1.50,"100 מ""ל",false,1,10.90,7.27,true,1,
8720181114472,false,"אקס - דאודורנט ספריי לגבר אפולו 150 מ""ל",איינשטיין-צור יבוא-יצוא וסחר ב,,,יח`,1.50,"100 מ""ל",false,1,10.90,7.27,true,1,
8720181114496,false,"אקס - דאודורנט ספריי לגבר שוקולד 150 מ""ל",איינשטיין-צור יבוא-יצוא וסחר ב,,,יח`,1.50,"100 מ""ל",false,1,10.90,7.27,true,1,
8801055709465,false,אבקה להכנת משקה קפה בטעם קפוצ'ינו וניל,קבוצת אוסם סחר שותפות מוגבלת,,,יח`,1.85,100 גרם,false,1,19.90,10.76,false,1,
8801055709526,false,אבקה להכנת משקה קפה בטעם קפוצ'ינו שוקולד לבן,קבוצת אוסם סחר שותפות מוגבלת,,,יח`,1.80,100 גרם,false,1,19.90,11.06,false,1,
8802241131664,false,חטיף אצות קלויות עם מלח ים Laverland Crunch,טחנת האבן קואופ בעמ,,,יח`,0.4050,100 גרם,false,1,31.90,78.77,true,1,
8850389105832,false,סאפה משקה אלוורה בטעם תפוח עם קוביות אלוורה 1 ליטר,סאפה פובליק קומפני לימיט,,,יח`,1,1 ליטר,false,1,14.90,14.90,false,1,
8901537024014,false,"אורז בסמטי מובחר 1 ק""ג - דוואט) יורה דיעה",ג. וילי-פוד אינטרנשיונל בע`מ,,,יח`,1,"ק""ג",false,1,12.90,12.90,false,1,
9000101537550,false,פרסיל קאפסולות לכביסה לבנה וצבעונית 52 יח',גורי שיווק בעמ,,,יח`,1,,false,1,60.90,60.90,true,1,
9002975393843,false,סוכריות גילי הריבו גולדברס 70 גרם,"האריבו , ג'\י.אם.בי.אייץ",,,יח`,0.70,100 גרם,false,1,7.90,11.29,true,1,
9002975393850,false,סוכריות גילי הריבו וורמס 70 גרם,"האריבו , ג'\י.אם.בי.אייץ",,,יח`,0.70,100 גרם,false,1,7.90,11.29,true,1,
9120025834723,false,חטיף אוראו מצונן 120 גרם רבנות,ג.וילי-פוד אינטרנשיונל **גבינו,,,יח`,1.20,100 גרם,false,1,15.90,13.25,true,1,
9310072028750,false,חטיף שוקולד דאבל קרם טים טם (200 גרם),"ארנוטס ביסקוויטס בע""",,,יח`,2,100 גרם,false,1,20.90,10.45,false,1,
9322969000015,false,פריכיות תירס בטעם אורגינל ריל פודס 150 ג',אף.סי תבליני בגליל ב,,,יח`,1.50,100 גרם,false,1,13.90,9.27,false,1,
9720188050109,false,ממרח על בסיס סויה בסגנון גבינה טופוטי 225 גרם,*החברה המרכזית להפצת משקאותבעמ,,,יח`,2.27,100 גרם,false,1,22.60,9.96,false,1,
