code,internal_code,name,manufacturer_name,manufacture_country,manufacturer_item_description,unit_qty,quantity,unit_of_measure,weighted,qty_in_package,price,unit_of_measure_price,allow_discount,status,item_id
10,true,הפרדה צלופן לשניצלים,,,תיבה 20+,יחידה,0.00,יחידה,false,,45.00,0.0000,true,1,7502
55,true,משלוחים לבית,,,משלוחים לבית,יחידה,0.00,יחידה,false,,29.90,0.0000,true,1,54574
103,true,לחמניה בריאות,,,לחמניה בריאות,,1.00,יח',false,,3.90,3.9000,true,1,3174
116,true,פלסטונים,,,פלסטונים,יחידה,0.00,יחידה,false,,4.90,0.0000,true,1,20258
164,true,פטריות חורש תפזורת,,,פטריות חורש תפזורת,קילוגרמים,1.00,"ק""ג",true,,39.90,39.9000,true,1,54595
173,true,דלעת ערמונים,,,דלעת ערמונים,קילוגרמים,1.00,"ק""ג",true,,12.90,12.9000,true,1,54597
301,true,בקבוק ריק חוזר בירה,,,בקבוק ריק חוזר בירה,יחידה,0.00,יחידה,false,,1.20,0.0000,true,1,7148
374,true,פטריות שמפניון,,,פטריות שמפניון,,1.00,"100 מ""ל",false,,10.90,10.9000,true,1,60575
395,true,לחמניה/כריך ילדים,,,לחמניה/כריך ילדים,,1.00,"100 מ""ל",false,,2.70,2.7000,true,1,2811
403,true,מאפה כיס פרלין פרימי,,,מאפה כיס פרלין פרימי,קילוגרמים,1.00,"ק""ג",true,,59.00,59.0000,true,1,117091
996,true,חלה קלועה,,,חלה קלועה,,1.00,"100 מ""ל",false,,13.50,13.5000,true,1,205874
998,true,חלה מתוקה קלועה,,,חלה מתוקה קלועה,,1.00,"100 מ""ל",false,,13.50,13.5000,true,1,2827
1003,true,לחמניה עגולה כפרית,,,לחמניה עגולה כפרית,,1.00,"100 מ""ל",false,,4.00,4.0000,true,1,65949
1009,true,בגט שלם,,,בגט שלם,,1.00,"100 מ""ל",false,,5.20,5.2000,true,1,2830
1011,true,לחמנית קוראסול,,,לחמנית קוראסול,,1.00,"100 מ""ל",false,,4.50,4.5000,true,1,65951
1014,true,בגט רוסטיק,,,בגט רוסטיק,,1.00,"100 מ""ל",false,,8.50,8.5000,true,1,2833
1019,true,בגט פיסל,,,בגט פיסל,,1.00,יח',false,,5.90,5.9000,true,1,205876
1028,true,חצי בגט,,,חצי בגט,,1.00,"100 מ""ל",false,,4.10,4.1000,true,1,2837
1043,true,כרוב לבן כשר,,,כרוב לבן כשר,קילוגרמים,1.00,"ק""ג",true,,14.90,14.9000,true,1,54707
1055,true,לחם לבן 750 גרם,,,לחם לבן 750 גרם,,750.00,100 גרם,false,,5.10,0.0068,true,1,117458
1058,true,חלה רגילה/חלה ציפורי,,,חלה רגילה/חלה ציפורי,,500.00,100 גרם,false,,5.10,0.0102,true,1,5016
1059,true,חלה מתוקה 500 גרם,,,חלה מתוקה 500 גרם,,500.00,100 גרם,false,,12.90,0.0258,true,1,66476
1073,true,סופגניה גדולה בודדת,,,סופגניה גדולה בודדת,יחידה,0.00,יחידה,false,,3.90,0.0000,true,1,105379
1074,true,כרוב אדום כשר,,,כרוב אדום כשר,קילוגרמים,1.00,"ק""ג",true,,14.90,14.9000,true,1,54712
1079,true,מיני סופגניה בודדת,,,מיני סופגניה בודדת,יחידה,0.00,יחידה,false,,3.30,0.0000,true,1,97079
1091,true,צנונית בייבי,,,צנונית בייבי,,400.00,100 גרם,false,,6.90,0.0173,true,1,54717
1108,true,לחמנית יאמיס,,,לחמנית יאמיס,,1.00,"100 מ""ל",false,,2.70,2.7000,true,1,65956
1475,true,עגבניות מגי (שקיל),,,עגבניות מגי (שקיל),קילוגרמים,1.00,"ק""ג",true,,14.90,14.9000,true,1,279177
1486,true,פומלה אדומה,,,פומלה אדומה,קילוגרמים,1.00,"ק""ג",true,,7.90,7.9000,true,1,54737
1488,true,אשכולית אדומה,,,אשכולית אדומה,קילוגרמים,1.00,"ק""ג",true,,6.90,6.9000,true,1,54739
1494,true,תפו`א לבן תפזורת,,,תפו`א לבן תפזורת,קילוגרמים,1.00,"ק""ג",true,,5.90,5.9000,true,1,54745
1495,true,תפו`א אדום תפזורת,,,תפו`א אדום תפזורת,קילוגרמים,1.00,"ק""ג",true,,6.90,6.9000,true,1,100456
1500,true,פלפל כתום,,,פלפל כתום,קילוגרמים,1.00,"ק""ג",true,,10.90,10.9000,true,1,54751
1501,true,עגבניות,,,עגבניות,קילוגרמים,1.00,"ק""ג",true,,8.90,8.9000,true,1,54752
1502,true,מלפפונים,,,מלפפונים,קילוגרמים,1.00,"ק""ג",true,,8.90,8.9000,true,1,54753
1503,true,גזר ארוז,,,גזר ארוז,קילוגרמים,1.00,"ק""ג",true,,5.90,5.9000,true,1,54754
1504,true,סלק,,,סלק,קילוגרמים,1.00,"ק""ג",true,,5.90,5.9000,true,1,54755
1505,true,כרוב לבן,,,כרוב לבן,קילוגרמים,1.00,"ק""ג",true,,5.90,5.9000,true,1,54756
1506,true,כרוב אדום,,,כרוב אדום,קילוגרמים,1.00,"ק""ג",true,,5.90,5.9000,true,1,54757
1510,true,קישואים,,,קישואים,קילוגרמים,1.00,"ק""ג",true,,9.90,9.9000,true,1,54760
1511,true,חצילים,,,חצילים,קילוגרמים,1.00,"ק""ג",true,,8.90,8.9000,true,1,54761
1513,true,פלפל ירוק,,,פלפל ירוק,קילוגרמים,1.00,"ק""ג",true,,10.90,10.9000,true,1,54762
1514,true,פלפל בהיר,,,פלפל בהיר,קילוגרמים,1.00,"ק""ג",true,,10.90,10.9000,true,1,54763
1515,true,פלפל חריף,,,פלפל חריף,קילוגרמים,1.00,"ק""ג",true,,10.90,10.9000,true,1,54764
1516,true,פלפל אדום,,,פלפל אדום,קילוגרמים,1.00,"ק""ג",true,,10.90,10.9000,true,1,54765
1517,true,פלפל רומרו,,,פלפל רומרו,קילוגרמים,1.00,"ק""ג",true,,16.90,16.9000,true,1,100596
1518,true,מלון,,,מלון,קילוגרמים,1.00,"ק""ג",true,,7.90,7.9000,true,1,54767
1519,true,בצל יבש,,,בצל יבש,קילוגרמים,1.00,"ק""ג",true,,5.90,5.9000,true,1,54768
1521,true,קולורבי,,,קולורבי,קילוגרמים,1.00,"ק""ג",true,,9.90,9.9000,true,1,54769
1535,true,תפו`א אדום ארוז,,,תפו`א אדום ארוז,קילוגרמים,1.00,"ק""ג",true,,5.90,5.9000,true,1,54782
1542,true,ערמונים,,,ערמונים,קילוגרמים,1.00,"ק""ג",true,,19.90,19.9000,true,1,54789
1545,true,שום ארוז ייבוא יח',,,שום ארוז ייבוא יח',,1.00,"100 מ""ל",false,,5.90,5.9000,true,1,54792
1546,true,אבטיח אישי,,,אבטיח אישי,קילוגרמים,1.00,"ק""ג",true,,5.90,5.9000,true,1,54793
1547,true,שומר,,,שומר,קילוגרמים,1.00,"ק""ג",true,,8.90,8.9000,true,1,54794
1550,true,תפו`א לבן ארוז,,,תפו`א לבן ארוז,קילוגרמים,1.00,"ק""ג",true,,4.90,4.9000,true,1,54797
1551,true,לימון,,,לימון,קילוגרמים,1.00,"ק""ג",true,,9.90,9.9000,true,1,54798
1552,true,תפוז,,,תפוז,קילוגרמים,1.00,"ק""ג",true,,6.90,6.9000,true,1,54799
1553,true,ענב לבן,,,ענב לבן,קילוגרמים,1.00,"ק""ג",true,,29.90,29.9000,true,1,54800
1555,true,תפוז ארוז,,,תפוז ארוז,קילוגרמים,1.00,"ק""ג",true,,5.90,5.9000,true,1,54802
1556,true,בננה מובחרת,,,בננה מובחרת,קילוגרמים,1.00,"ק""ג",true,,7.90,7.9000,true,1,54803
1557,true,צנון,,,צנון,קילוגרמים,1.00,"ק""ג",true,,9.90,9.9000,true,1,54804
1560,true,דלעת ארוזה,,,דלעת ארוזה,קילוגרמים,1.00,"ק""ג",true,,10.90,10.9000,true,1,54807
1561,true,תפוח עץ זהוב,,,תפוח עץ זהוב,קילוגרמים,1.00,"ק""ג",true,,12.90,12.9000,true,1,54808
1562,true,תפוח עץ יונתן,,,תפוח עץ יונתן,קילוגרמים,1.00,"ק""ג",true,,11.90,11.9000,true,1,54809
1563,true,תפוח עץ חרמון,,,תפוח עץ חרמון,קילוגרמים,1.00,"ק""ג",true,,11.90,11.9000,true,1,54810
1564,true,תפוח עץ סמיט,,,תפוח עץ סמיט,קילוגרמים,1.00,"ק""ג",true,,11.90,11.9000,true,1,54811
1568,true,רימון,,,רימון,קילוגרמים,1.00,"ק""ג",true,,9.90,9.9000,true,1,54814
1570,true,קלמנטינה,,,קלמנטינה,קילוגרמים,1.00,"ק""ג",true,,6.90,6.9000,true,1,54816
1572,true,אבוקדו מובחר,,,אבוקדו מובחר,קילוגרמים,1.00,"ק""ג",true,,10.90,10.9000,true,1,54818
1573,true,מנגו,,,מנגו,קילוגרמים,1.00,"ק""ג",true,,14.90,14.9000,true,1,54819
1574,true,בטטה מתוקה,,,בטטה מתוקה,קילוגרמים,1.00,"ק""ג",true,,9.90,9.9000,true,1,54820
1576,true,אגס,,,אגס,קילוגרמים,1.00,"ק""ג",true,,15.90,15.9000,true,1,54821
1577,true,אגס נאשי,,,אגס נאשי,קילוגרמים,1.00,"ק""ג",true,,17.90,17.9000,true,1,54822
1581,true,פלפל צהוב,,,פלפל צהוב,קילוגרמים,1.00,"ק""ג",true,,10.90,10.9000,true,1,54825
1585,true,קובו,,,קובו,קילוגרמים,1.00,"ק""ג",true,,26.90,26.9000,true,1,100606
1588,true,תירס ארוז,,,תירס ארוז,קילוגרמים,1.00,"ק""ג",true,,9.90,9.9000,true,1,54830
1590,true,משורית סרט 1590 ממ,,,פומלה,קילוגרמים,1.00,"ק""ג",true,,8.90,8.9000,true,1,54831
1590,true,משורית סרט 1590 ממ,,,משורית סרט 1590 ממ,,1000.00,,false,,8.90,0.0089,true,1,88812
1591,true,ענב אדום,,,ענב אדום,קילוגרמים,1.00,"ק""ג",true,,23.90,23.9000,true,1,54832
1595,true,חציל בלדי,,,חציל בלדי,קילוגרמים,1.00,"ק""ג",true,,11.90,11.9000,true,1,54835
1601,true,סלרי חתוך ליח,,,סלרי חתוך ליח,,1.00,יח',false,,6.90,6.9000,true,1,54840
1604,true,אפרסמון,,,אפרסמון,קילוגרמים,1.00,"ק""ג",true,,16.90,16.9000,true,1,54843
1605,true,גויאבה,,,גויאבה,קילוגרמים,1.00,"ק""ג",true,,21.90,21.9000,true,1,54844
1607,true,תפו`א קטן אפיה ארוז,,,תפו`א קטן אפיה ארוז,קילוגרמים,1.00,"ק""ג",true,,6.90,6.9000,true,1,54846
1608,true,זנגוויל\גינגיר תפזור,,,זנגוויל\גינגיר תפזור,קילוגרמים,1.00,"ק""ג",true,,25.90,25.9000,true,1,54847
1610,true,שרי אשכולות לקג,,,שרי אשכולות לקג,קילוגרמים,1.00,"ק""ג",true,,22.90,22.9000,true,1,54848
1613,true,דלורית,,,דלורית,קילוגרמים,1.00,"ק""ג",true,,6.90,6.9000,true,1,54851
1615,true,בצל אדום,,,בצל אדום,קילוגרמים,1.00,"ק""ג",true,,6.90,6.9000,true,1,54853
1616,true,כוסברה כשר,,,כוסברה כשר,,1.00,"100 מ""ל",false,,5.90,5.9000,true,1,55557
1618,true,אפרסמון קרמבו,,,אפרסמון קרמבו,קילוגרמים,1.00,"ק""ג",true,,16.90,16.9000,true,1,97762
1619,true,פומלית,,,פומלית,קילוגרמים,1.00,"ק""ג",true,,6.90,6.9000,true,1,54856
1620,true,קיווי,,,קיווי,קילוגרמים,1.00,"ק""ג",true,,19.90,19.9000,true,1,54857
1632,true,קישוא זוקיני ירוק,,,קישוא זוקיני ירוק,קילוגרמים,1.00,"ק""ג",true,,12.90,12.9000,true,1,54866
1635,true,אגס אדום,,,אגס אדום,קילוגרמים,1.00,"ק""ג",true,,18.90,18.9000,true,1,54868
1645,true,תפוח עץ גלה,,,תפוח עץ גלה,קילוגרמים,1.00,"ק""ג",true,,11.90,11.9000,true,1,54874
1683,true,תפוח עץ פינק קריפס,,,תפוח עץ פינק קריפס,קילוגרמים,1.00,"ק""ג",true,,14.90,14.9000,true,1,54896
1688,true,דלעת יפנית,,,דלעת יפנית,קילוגרמים,1.00,"ק""ג",true,,15.90,15.9000,true,1,54897
1708,true,גזר תפזורת,,,גזר תפזורת,קילוגרמים,1.00,"ק""ג",true,,6.90,6.9000,true,1,54913
1713,true,לימון,,,לימון,קילוגרמים,1.00,"ק""ג",true,,8.90,8.9000,true,1,351566
1814,true,בצלצלי שאלוט,,,בצלצלי שאלוט,,280.00,100 גרם,false,,14.90,0.0532,true,1,55558
1876,true,עירית ליח,,,עירית ליח,,1.00,יח',false,,6.90,6.9000,true,1,54975
1880,true,רוקולה ליח,,,רוקולה ליח,,100.00,100 גרם,false,,7.90,0.0790,true,1,100147
1941,true,ענב שחור,,,ענב שחור,קילוגרמים,1.00,"ק""ג",true,,23.90,23.9000,true,1,81641
1988,true,כרובית ארוזה,,,כרובית ארוזה,,1.00,"100 מ""ל",false,,13.90,13.9000,true,1,237726
2000,true,"בורקס גבינה/תפו""א",,,"בורקס גבינה/תפו""א",קילוגרמים,1.00,"ק""ג",true,,42.00,42.0000,true,1,2847
2001,true,מב בורקס תורכי בטעמי,,,*מבצע* בורקס תורכי ב,קילוגרמים,1.00,"ק""ג",true,,37.00,37.0000,true,1,2848
2008,true,רוגלך,,,רוגלך,קילוגרמים,1.00,"ק""ג",true,,32.90,32.9000,true,1,119989
2011,true,פלמה קרם שניט/גבינה,,,פלמה קרם שניט/גבינה,קילוגרמים,1.00,"ק""ג",true,,44.00,44.0000,true,1,2856
2012,true,*מבצע* אוזני פיל פרו,,,*מבצע* אוזני פיל פרו,קילוגרמים,1.00,"ק""ג",true,,26.90,26.9000,true,1,117115
2328,true,דג מרלוזה /בקלה מטוג,,,דג מרלוזה /בקלה מטוג,קילוגרמים,1.00,"ק""ג",true,,60.00,60.0000,true,1,33203
3557,true,דונטס 1יח,,,דונטס 1יח,,1.00,יח',false,,5.90,5.9000,true,1,81218
4650,true,5 יח' לחמניות שמיניה,,,5 יח' לחמניות שמיניה,,1.00,"100 מ""ל",false,,17.90,17.9000,true,1,211824
5201,true,לחמניית דגנים,,,לחמניית דגנים,,1.00,"100 מ""ל",false,,4.50,4.5000,true,1,202611
5202,true,לחמניה שמיניה דגנים,,,לחמניה שמיניה דגנים,,1.00,"100 מ""ל",false,,4.50,4.5000,true,1,202612
5504,true,דונאטס בטעמים מצופה,,,דונאטס בטעמים מצופה,,45.00,100 גרם,false,,6.90,0.1533,true,1,182355
6013,true,"תרומה פתחון לב 10 ש""",,,"תרומה פתחון לב 10 ש""",יחידה,0.00,יחידה,false,,10.00,0.0000,true,1,412895
6164,true,אגוז מלך קלוף,,,אגוז מלך קלוף,קילוגרמים,1.00,"ק""ג",true,,79.00,79.0000,true,1,33970
6607,true,משמש מיובש,,,משמש מיובש,קילוגרמים,1.00,"ק""ג",true,,49.00,49.0000,true,1,33971
6646,true,מאפה יווני עם חמאה ב,,,מאפה יווני עם חמאה ב,קילוגרמים,1.00,"ק""ג",true,,53.00,53.0000,true,1,117132
6669,true,פאקן טבעי,,,פאקן טבעי,קילוגרמים,1.00,"ק""ג",true,,119.00,119.0000,true,1,33972
6751,true,מנצ`יס,,,מנצ`יס,קילוגרמים,1.00,"ק""ג",true,,55.00,55.0000,true,1,33975
7147,true,תערובת פיצוחים,,,תערובת פיצוחים,קילוגרמים,1.00,"ק""ג",true,,89.00,89.0000,true,1,33977
7208,true,שקד טבעי ענק,,,שקד טבעי ענק,קילוגרמים,1.00,"ק""ג",true,,89.00,89.0000,true,1,33978
7703,true,אגוז ברזיל טבעי,,,אגוז ברזיל טבעי,קילוגרמים,1.00,"ק""ג",true,,102.00,102.0000,true,1,33985
8888,true,פיקדון זיכוי לקוח,,,פיקדון זיכוי לקוח,יחידה,0.00,יחידה,false,,0.30,0.0000,true,1,39509
9999,true,פיקדון בקבוקים,,,פיקדון בקבוקים,יחידה,0.00,יחידה,false,,0.30,0.0000,true,1,17
5678585,true,ענב סקרלוטה,,,ענב סקרלוטה,קילוגרמים,1.00,"ק""ג",true,,23.90,23.9000,true,1,131029
32147230,false,"מיץ לימון משומר 200מ""ל(לימונית אקסטרא)",ג'נרל מילס סאן אדריא,,מיץ לימון סיצילייה 2,,200.00,יח',false,,7.90,0.0395,true,1,6056
59039549,false,סיגריות ווג פריזון מנטה בודד,Unknown,,ווג קופסא בודדת פריס,יחידה,0.00,יחידה,false,,39.00,0.0000,false,1,4640
72940754,false,"מילקי מעדן וניל עם קצפת שטראוס 133 מ""ל","שטראוס גרופ בע""\מ",,"מילקי וניל 170 מ""ל",,170.00,יח',false,,2.90,0.0171,true,1,24741
72940761,false,"מילקי מעדן שוקולד עם קצפת שטראוס 133 מ""ל",מיוצר עי קונדיטוריית,,מילקי שוקולד מהדרין,,170.00,יח',false,,2.90,0.0171,true,1,24742
72940952,false,מעדן מילקי בטעם שוקולד עם אקסטרה קצפת,"שטראוס גרופ בע""\מ",,מילקי אקסטראה קצפת מ,,110.00,"100 מ""ל",false,,4.10,0.0373,true,1,24743
72941041,false,מעדן מילקי מיני בטעם שוקולד עם קצפת,"שטראוס גרופ בע""\מ",,מיני מילקי שוקולד 70,,70.00,יח',false,,2.10,0.0300,true,1,24746
72961506,false,יוגורט עם תות 1.5% שומן 125 ג' פרילי,מיוצר עי קונדיטוריית,,פרילי תות 1.5% 125מל,,125.00,"100 מ""ל",false,,3.70,0.0296,true,1,27100
72961520,false,"פרילי יוגורט עם אננס 1.5% תנובה 125 מ""ל",מיוצר עי קונדיטוריית,,פרילי אננס 1.5% 125מ,,125.00,"100 מ""ל",false,,3.70,0.0296,true,1,27102
72961544,false,"באדי יוגורט בטעם תות שדה 3% תנובה 125 מ""ל",מחלבת אלון תבור,,באדי תות 125מל,,125.00,יח',false,,3.00,0.0240,true,1,27103
72964132,false,פרילי טבע יוגורט עם גרנולה 200 גרם,מיוצר עי קונדיטוריית,,פרילי טבע עם גרנולה,,200.00,"100 מ""ל",false,,5.00,0.0250,true,1,27111
72964422,false,יוגורט פרחים 4.5% שומן 200 גרם,מחלבת תנובה,,תנובה יוגורט פרחים 4,,200.00,"100 מ""ל",false,,3.00,0.0150,true,1,27113
72986370,false,"גלידת בן & ג'ריס פיינטים וניל 500מ""ל",מוצרי איכות אמריקאיים,,גלידת פיינטים וניל צ,,420.00,יח',false,,21.90,0.0521,true,1,15008
72986424,false,"גלידת בן & ג'ריס פיינטים קרם עוגיות 500מ""ל",מוצרי איכות אמריקאיים בע,,גלידת פיינטים קרם עו,,420.00,יח',false,,21.90,0.0521,true,1,15009
72986448,false,"גלידת בן & ג'ריס פיינטים טופי קראנץ 500מ""ל",מוצרי איכות אמריקאיים בע,,גלידת טופי קרנץ,,420.00,יח',false,,21.90,0.0521,true,1,15010
72986455,false,"גלידה בן& ג'ריס ניו יורק סופר פאדג' צ'אנק 500 מ""ל",מוצרי איכות אמריקאיים בע,,גלידת פיינטים ניו-יו,,420.00,יח',false,,21.90,0.0521,true,1,15011
72986479,false,"גלידה שוקולד אגוז עם בננות בן וג'ירי 500 מ""ל",מוצרי איכות אמריקאיים בע,,גלידת פיינטים צאנקי,,420.00,יח',false,,21.90,0.0521,true,1,15012
72989425,false,"גלידת בן & ג'ריס פיינטים שוקולד בראוניז 500מ""ל",מוצרי איכות אמריקאיים בע,,גלידת פיינטים שוקולד,,500.00,יח',false,,21.90,0.0438,true,1,15014
72991374,false,סיגריות טיים רד חפיס,דובק,,טיים רד,יחידה,0.00,יחידה,false,,29.90,0.0000,false,1,5139
72991381,false,סיגריות טיים 100 RED בודד,דובק,,טיים רד ארוך,יחידה,0.00,יחידה,false,,29.90,0.0000,false,1,5140
72991886,false,"גלידת דולצ'ה בטעם ריבת חלב עם פאדג' בן וג'ירי 500 מ""ל",מוצרי איכות אמריקאיים בע,,גלידת בן&גריס פיינט,,750.00,"100 מ""ל",false,,21.90,0.0292,true,1,15015
72993637,false,מעדן חלב בטעם שוקולד 125 ג' דני,"שטראוס גרופ בע""\מ",,דני מהדרין שוקו בודד,,125.00,"100 מ""ל",false,,2.70,0.0216,true,1,24750
80042556,false,POLPA עגבניות חתוכות דק 400 גרם MUTTI,"איי, בי, אינבוו",,עגבניות MUTTI מרוסקו,,400.00,100 גרם,false,,6.80,0.0170,true,1,312269
80052760,false,קינדר בואנו Kinder Bueno עם חלב ואגוזי לוז,פררו - אלבה,,חטיף קינדר בואנו שוק,,43.00,100 גרם,false,,4.90,0.1140,true,1,48554
80136194,false,חטיפי הפי היפו Happy Hippo במילוי קרם חלבי ואגוזי לוז,קינדר Kinder,,הפי היפו 5*20ג,,102.00,100 גרם,false,,13.90,0.1363,true,1,108055
80177173,false,ממרח שוקולד נוטלה 350 גרם,פררו - אלבה,,ממרח נוטלה קקאו עם א,,350.00,100 גרם,false,,15.90,0.0454,true,1,48557
80761761,false,קינדר בואנו לבן בודד 39 גרם,ליימן שליסל,,קינדר בואנו לבן 39ג,,43.00,100 גרם,false,,4.90,0.1140,true,1,48560
80773443,false,מנטוס בקבוק מעוגל - מסטיק ללא סוכר בטעם מנטה 60 גרם,"פרפטי ואן מלה ג'\ידה,סאן",,מסטיק מנטוס בקבוק בט,,60.00,100 גרם,false,,10.90,0.1817,true,1,84802
80790990,false,מסטיק מנטוס בבקבוק מעוגל בטעם פירות -מנטה 60 ג',"פרפטי ואן מלה ג'\ידה,סאן",,מסטיק מנטוס בקבוק בט,,60.00,100 גרם,false,,10.90,0.1817,true,1,84803
80896081,false,מנטוס בקבוק מעוגל - מסטיק ללא סוכר בטעם אבטיח 60 גרם,"פרפטי ואן מלה ג'\ידה,סאן",,מסטיק מנטוס בקבוק בט,,60.00,100 גרם,false,,10.90,0.1817,true,1,113908
80913467,false,מנטוס בקבוק מעוגל - מסטיק ללא סוכר בטעם מנטה,פרפטי ואן מלה הולנד,,מסטיק מנטוס בקבוק בט,,60.00,100 גרם,false,,10.90,0.1817,true,1,84804
80995128,false,מנטוס בקבוק עגול בטעם הדרים בתוספת ויטמינים 60 גרם,פרפטי ואן מלה הולנד,,מסטיק מנטוס ויטמין ל,,60.00,100 גרם,false,,10.90,0.1817,true,1,488238
87108538,false,סוכריות בטעם תות מנטוס 37.5 גרם,הדקלאים אגודת שיתופי,,מנטוס תות בגליל 37.5,,37.50,100 גרם,false,,4.00,0.1067,true,1,13690
90087011,false,מיץ תפוחים 100% קרטונית ראוך,Rauch fruchtsafte gm,,מיץ תפוחים 1 ליטר,ליטרים,1.00,ליטר,false,,12.90,12.9000,true,1,103640
198888886,false,עיגול אגורות,,,עיגול אגורות,יחידה,0.00,יחידה,false,,1.00,0.0000,true,1,57486
9800800056,false,חטיף שוקולד עם מקלות לחם אנד גו,פררו - אלבה,,ממרח נוטלה & GO,,52.00,100 גרם,false,,5.90,0.1135,true,1,48564
10900678148,false,דיאמונד רדיד אלומיניום נון סטיק,דיימונד,,רדיד אלומיניום נון ס,יחידה,0.00,יחידה,false,,15.90,0.0000,true,1,366282
16000548404,false,חטיפי גרנולה קראנצ'י עם שיבולת שועל ודבש נייצ'ר ואלי 5*42 גרם,ג'נרל מילס סאן אדריאן,,חטיף קראנצי גרנולה ש,,210.00,100 גרם,false,,21.90,0.1043,true,1,13705
18000701223,false,"פילסברי, עוגה בטעם שוקולד, תערובת להכנת עוגה בטעם שוקולד. 500 גרם",הדקלאים אגודת שיתופי,,תערובת לעוגת שוק.דוי,,500.00,100 גרם,false,,19.90,0.0398,true,1,13710
18000703494,false,"פילסברי, עוגה בטעם וניל, תערובת להכנת עוגה בטעם וניל. 500 גרם.",הדקלאים אגודת שיתופי,,תערובת לעוגת וניל פר,,517.00,100 גרם,false,,19.90,0.0385,true,1,13711
22200956932,false,דאודורנט ספיד סטיק גל 24/7 כחול 85 גר,הנסיך- מפעל לייצור ט,,דאו' ג'ל כחול ספיד ס,,85.00,100 גרם,false,,17.90,0.2106,true,1,23260
25675120037,false,מקלות חמצוצים תות פשקז 100 גרם,פשקס קנדי,,חמצוצים מקלות תות 10,,100.00,100 גרם,false,,9.90,0.0990,true,1,4362
25675120068,false,מקלות חמצוצים בטעם קולה פשקז 100 גרם,פשקז Paskesz,,חמצוצים מקלות קולה 1,,100.00,100 גרם,false,,9.90,0.0990,true,1,4364
36000516890,false,קלינקס לושן שלוש שכבות 120 יחידות,חוגלה קימברלי,,קלינקס לושן תלת שכבת,יחידה,0.00,יחידה,false,,19.90,0.0000,true,1,201768
37600207188,false,חמאת בוטנים קלאסי סקיפי 462 גרם,חברת המזון אלגוד,,סקיפי חמאת בוטנים קל,,462.00,100 גרם,false,,20.90,0.0452,true,1,5812
37600207256,false,חמאת בוטנים עם שברי בוטנים סקיפי 462 גרם,חברת המזון אלגוד,,סקיפי חמאת בוטנים עם,,462.00,100 גרם,false,,20.90,0.0452,true,1,5813
38000232176,false,פרינגלס ביג שמנת בצל 158 גרם,פרינגלס מנופקצ'ורינג קונ,,פרינגלס ביג שמנת בצל,,158.00,100 גרם,false,,10.60,0.0671,true,1,210776
38000232183,false,פרינגלס ביג אורגינל 149 גרם,פרינגלס מנופקצ'ורינג קונ,,פרינגלס ביג אורגינל,,158.00,100 גרם,false,,10.60,0.0671,true,1,210777
38527591053,false,קואקר דגנים מרובעים שיבולת שועל וקינמון,קוואקר אוטס קומפני,,דגני בוקר מרובעים קי,,412.00,100 גרם,false,,22.70,0.0551,true,1,68884
38527591060,false,דגני קוואקר מרובעים Quaker Squares עם סוכר חום,קוואקר אוטס קומפני,,דגני בוקר מרובעים קו,,412.00,100 גרם,false,,22.70,0.0551,true,1,68885
41224700260,false,צלפים מיניאטורים בחומץ 90 ג,סיבס,,צלפים מינאטוריים בחו,,90.00,100 גרם,false,,19.50,0.2167,true,1,74341
46214731552,false,עוגיות שוקולד צ'יפס 37% גודיס 225 גרם,קריניציה ויטמינה אס,,מרבה עוגיות שוקולד צ,,225.00,100 גרם,false,,10.90,0.0484,true,1,23270
50000238910,false,פריסקיז פארטי מיקס אוריגי'נל קראנץ10*60גרם,נטסלה פורינה פטקר ארצות,,פריסקיז פארטי מיקס א,,60.00,100 גרם,false,,13.90,0.2317,true,1,476948
50000429646,false,פריסקיז פנסי פיסט לח דג אוקיאנוס 85 גרם,נסטלה פורינה USA ג',,פנסי פיסט פטה דג אוק,,85.00,100 גרם,false,,6.50,0.0765,true,1,20992
50000574414,false,"""פריסקיז פארטי מיקס פיקניק קראנץ 60 גרם",נסטלה פורינה פטקר ארצות,,פריסקיז פארטי מיקס פ,,60.00,100 גרם,false,,13.90,0.2317,true,1,476949
55369902564,false,אפלסנקס רביעיות רסק תפוחי עץ ללא תוספת סוכר עברית,ליייהי אורצ'רדס,,אפלסנקס רסק תפוחי עץ,,452.00,100 גרם,false,,15.50,0.0343,true,1,39983
76840001767,false,"גלידה בן &ג'ריס וניל עוגיות חמאת בוטנים 500 מ""ל",מוצרי איכות אמריקאיים בע,,גלידת פיינטים WAKE&N,,420.00,יח',false,,21.90,0.0521,true,1,233586
76840002351,false,גלידה גימי סמור עם מרשמלו קלוי פירורי שוקולד בן וג'ירי 428 ג',מוצרי איכות אמריקאיי,,GIMME S'MORE בן אנד,,420.00,יח',false,,21.90,0.0521,true,1,297638
76840002542,false,"גלידת בן & ג'ריס פיינט נטפליקס וצ'ילד 500מ""ל",מוצרי איכות אמריקאיים בע,,גלידת פיינטים נטפליק,,420.00,"100 מ""ל",false,,21.90,0.0521,true,1,233588
76840100156,false,"בן אנד גריס גלידת צרי גרסיה 500 מ""ל",מוצרי איכות אמריקאיים בע,,בן&גרי גלידה צרי גרס,,473.00,100 גרם,false,,21.90,0.0463,true,1,15023
76840100583,false,"גלידת וניל עם בצק עוגיות בן וג'ירי 473 מ""ל",מוצרי איכות אמריקאיים בע,,גלידה וניל +בצק עוגי,,473.00,"100 מ""ל",false,,21.90,0.0463,true,1,15025
76840400218,false,"גלידה בן&ג'ריס תות שדה ועוגת גבינה 500מ""ל",מוצרי איכות אמריקאיים בע,,בן&גריס גלידה תות שד,,475.00,יח',false,,21.90,0.0461,true,1,15040
77975094761,false,סניידרס חטיפים על בסיס קמח חיטה בטעם גבינת צ'דר,סניידרס אוף האנובר,,סניידרס צ'דר 340 גרם,,340.00,100 גרם,false,,17.70,0.0521,true,1,294251
77975094778,false,שברי בייגלה סניידרס בטעם דבש חרדל 340 גר,סניידרס אוף האנובר,,סניידרס שברי בייגלה,,340.00,100 גרם,false,,17.70,0.0521,true,1,324660
611745285685,true,אבוקדו בשל יח,,,אבוקדו בשל יח,,470.00,100 גרם,false,,9.90,0.0211,true,1,109646
645173911038,false,קורנישון מלפפוןן מיני 720 גרם - תומר,קלמן אינדיה פי וי סי,,מלפפונים קורנישון מי,,720.00,100 גרם,false,,10.90,0.0151,true,1,26282
649660432020,false,היל וויו שזיפים מיובשים מגולענים 567 גרם,היליו פאקינג קוסמי א,,הייל ויו שזיפים מיוב,,567.00,100 גרם,false,,29.90,0.0527,true,1,316561
693493034487,false,פילה סרדין בשמן זית 125גר,יוניון דה פחריס אפרי,,פילה סרדין בשמן זית,,125.00,100 גרם,false,,6.90,0.0552,true,1,250264
693493065641,false,טחינה הר כנען טחינה שכם לבנה 100% 500 ג,,,טחינת הר כנען 100% ש,,500.00,100 גרם,false,,15.90,0.0318,true,1,374217
728229124771,false,טרה חטיף על בסיס בטטה בטעם ברביקיו 110 גרם,היין פיוצ'ור נטורל פ,,טרה צ'יפס חטיף מבטטה,,110.00,100 גרם,false,,15.90,0.1445,true,1,6086
728229130154,false,טרה חטיף על בסיס בטטה וסלק בטעם טבעי 110 גרם,הונדורס צ'יפס יצור א,,טרה צ'יפס חטיף בטטה,,110.00,100 גרם,false,,15.90,0.1445,true,1,6087
768404001640,false,"גלידה בן&ג'ריס קפה משפחתית 500מ""ל",מוצרי איכות אמריקאיים בע,,גלידה פיינטס קפה 473,,473.00,"100 מ""ל",false,,21.90,0.0463,true,1,15047
818570007066,false,"פיור וניל טהור 29 מ""ל ""ווטקינס""","ג'יי אר ווטקינס בע""מ",,וטקינס וניל טהור 2,,29.00,"100 מ""ל",false,,32.90,1.1345,true,1,109034
835811001676,false,"תבנית אלומיניום גדולה 32*26 ס""מ - 9 יח'",הנמל,,תבנית גדולה 9 יח. R-,יחידה,0.00,יחידה,false,,13.90,0.0000,true,1,8032
835811003465,false,סכינים אלגנט שקוף 50 יחי הנמל,,,סכינים אלגנט שקוף 50,יחידה,0.00,יחידה,false,,10.90,0.0000,true,1,476869
835811003489,false,כפיות אלגנט שקוף 50 יח' הנמל,,,כפיות אלגנט שקוף 50,יחידה,0.00,יחידה,false,,10.90,0.0000,true,1,476871
835811003588,false,צלחות קלאסי גדול לבן 65 יח' הנמל,,,צלחות קלאסי לבן גדול,יחידה,0.00,יחידה,false,,35.90,0.0000,true,1,405796
835811004066,false,צלחות מרובעות קטנות מדקל 10 יח,,,צלחות מרובעות קטנות,,10.00,יח',false,,13.90,1.3900,true,1,352092
835811004431,false,מארז ממחטות טישו משי 100X5 יח`,,,מארז ממחטות נייר טי,,5.00,יח',false,,10.90,2.1800,true,1,372789
835811005810,false,מגש הכסף תבנית מרובע קטן +מכסה 10 יח`,הנמל,,תבנית אלומיניום מרוב,יחידה,0.00,יחידה,false,,13.90,0.0000,true,1,8122
835811008699,false,כפות שקוף/קרם עבה במיוחד הנמל 50 יח,"גרנג יוניברס , הונג",,כפות 50 יח שקוף עבה,יחידה,0.00,יחידה,false,,15.90,0.0000,true,1,8220
851621000043,false,"בירה blanc 1664 בקבוק 330 מ""ל",,,בירה BLANC בקבוק 330,,330.00,"100 מ""ל",false,,8.20,0.0248,true,1,443477
884912365200,false,דגני בוקר אוראו שחור ולבן 311 גרם,פוסט ארצות הברית,,דגני בוקר עם פירורי,,311.00,100 גרם,false,,26.90,0.0865,true,1,476966
884912377142,false,דגני בוקר האני באנצ'ס וניל פוסט 340 גרם,פוסט ארצות הברית,,דגני בוקר שיבולת שוע,,340.00,100 גרם,false,,25.70,0.0756,true,1,408078
3014260201753,false,סכיני גילוח ג'ילט בלו 2 להבים - מארז 5 יח',דיפלומט מפיצים (1968) בעמ,,סכיני גילוח חד פעמיי,יחידה,0.00,יחידה,false,,14.90,0.0000,true,1,28528
3046920028004,false,לינדט שוקולד אקסלנס מריר 70% 100 גר,לינדט ושפרונגלי קילשברג,,לינדט אקסלנס 70% 100,,100.00,100 גרם,false,,16.90,0.1690,true,1,14643
3046920028363,false,לינדט אקסלנס 85% מוצקי קקאו 100 גרם,לינדט ושפרונגלי קילשברג,,לינדט אקסלנס 85% 100,,100.00,100 גרם,false,,16.90,0.1690,true,1,14644
3046920029681,false,לינדט שוקולד אקסלנס מילד 85% קקאו 100 גר,משה סידס ובנו בעמ,,לינדט אקסלנס מילד 85,,100.00,100 גרם,false,,16.90,0.1690,true,1,246601
3046920029759,false,אקסלנס שוקולד מריר 90% לינדט (100 גרם),לינדט ושפרונגלי קילשברג,,לינדט אקסלנס 90% 100,,100.00,100 גרם,false,,16.90,0.1690,true,1,14648
3073781162790,false,גבינה מותכת בייבי בל 120 גרם,א. סיימן סחר בעמ,,בייבי בל 24% אדום 12,,120.00,100 גרם,false,,22.90,0.1908,true,1,437412
3073781177220,false,גבינה בייבי בל אדום 120 גר`,א. סיימן סחר בעמ,,גבינת בייבי בל רול 1,,102.00,100 גרם,false,,23.90,0.2343,true,1,464495
3120581456267,false,"שבלי מ.דה ליני לבן יבש 750 מ""ל",מ.דה ליני,,שבלי מ.דה ליני לבן י,,750.00,"100 מ""ל",false,,99.90,0.1332,true,1,366499
3161911229199,false,חמאה צרפתית רכה למריחה אל & ויר 250 גרם,א. סיימן סחר בעמ,,אלוויר חמאה רכה 250ג,,250.00,100 גרם,false,,23.50,0.0940,true,1,18171
3161911366429,false,חמאה צרפתית מלוחה רכה למריחה אלוויר 250 גר',א. סיימן סחר בעמ,,אלוויר חמאה רכה מלוח,,250.00,100 גרם,false,,23.50,0.0940,true,1,18173
3162330060479,false,בירה SAER BRAU 6*250,,,בירה SAER BRAU 6*250,ליטרים,1.50,ליטר,false,,15.90,10.6000,true,1,489772
3175460030083,false,גבינת בורסאן בצל ועירית 150 גר,השחר,,בורסאן בצל ועירית 40,,150.00,100 גרם,false,,22.90,0.1527,true,1,18176
3178530402353,false,עוגות מיני מדלן קלאסי סאן מישל 175 גרם,סאן מישל ביסוויט,,עוגיות רכות מיני מדל,,175.00,100 גרם,false,,13.90,0.0794,true,1,120947
3178530407938,false,עוגיות מיני מדליין עם שוקוצ'יפס סאן מישל 175 גרם,א. סיימן סחר בעמ,,עוגיות שוקולד צ'יפס,,175.00,100 גרם,false,,13.90,0.0794,true,1,120949
3178530417340,false,בראוניז שוקולד סנט מישל 210 גרם,א. סיימן סחר בעמ,,בראוניז שוקולד סאן מ,,210.00,100 גרם,false,,19.70,0.0938,true,1,381177
3245412211393,false,שוקולד חלב מעולה קרפ,,FR,שוקולד חלב מעולה קרפ,,300.00,100 גרם,false,,8.90,0.0297,true,1,443364
3245412211409,false,שוקולד חלב מעולה עם,,FR,שוקולד חלב מעולה עם,,300.00,100 גרם,false,,16.90,0.0563,true,1,443179
3270190151654,false,שוקולד מריר מעולה עם,,FR,שוקולד מריר מעולה עם,,100.00,100 גרם,false,,6.90,0.0690,true,1,443197
3270190174936,false,שוקולד חלב עם תכולת,,FR,שוקולד חלב עם תכולת,,100.00,100 גרם,false,,6.90,0.0690,true,1,443213
3387390525960,false,קראנץ' דגני בוקר עם שוקולד חלב נסטלה 500 גרם,קבוצת אוסם סחר שותפות מוגבלת,,דגני קראנץ' נסטלה 50,,500.00,100 גרם,false,,25.00,0.0500,true,1,21006
3523230026826,false,"גבינת עיזים למריחה פירמידה, 140 גרם",א. סיימן סחר בעמ,,פרמידה עיזים טבעי 14,,140.00,100 גרם,false,,27.90,0.1993,true,1,18199
3560070230778,false,קרפור-תה אנגלי שחור,,,קרפור-תה אנגלי שחור,,50.00,100 גרם,false,,7.90,0.1580,true,1,490029
3560070232963,false,קרפור-חליטת פירות יע,,,קרפור-חליטת פירות יע,,40.00,100 גרם,false,,7.90,0.1975,true,1,489947
3560070582884,false,קרפור סטייליס עם שוק,,,קרפור סטייליס עם שוק,,300.00,100 גרם,false,,9.90,0.0330,true,1,477256
3560070669981,false,שוקולד מריר מעולה 80,,FR,שוקולד מריר מעולה 80,,80.00,100 גרם,false,,5.90,0.0738,true,1,443164
3560070701407,false,שוקולד מריר מעולה עם,,FR,שוקולד מריר מעולה עם,,100.00,100 גרם,false,,6.90,0.0690,true,1,443198
3560070720859,false,שוקולד מריר מעולה 72,,FR,שוקולד מריר מעולה 72,,80.00,100 גרם,false,,5.90,0.0738,true,1,443181
3560070800322,false,קרפור סנופלקס 375 גר,,,קרפור סנופלקס 375 גר,,375.00,100 גרם,false,,7.90,0.0211,true,1,474898
3560070852086,false,קרפור-תה ירוק בטעם נ,,,קרפור-תה ירוק בטעם נ,,40.00,100 גרם,false,,7.90,0.1975,true,1,489980
3560070852116,false,קרפור-תה ירוק נענע 5,,,קרפור-תה ירוק נענע 5,,80.00,100 גרם,false,,9.90,0.1238,true,1,489964
3560070888108,false,קרפור-תה שחור בטעם ל,,,קרפור-תה שחור בטעם ל,,40.00,100 גרם,false,,7.90,0.1975,true,1,489997
3560070888115,false,קרפור-חליטת טיליה 25,,,קרפור-חליטת טיליה 25,,42.50,100 גרם,false,,7.90,0.1859,true,1,489916
3560070888122,false,קרפור-חליטת קמומיל 2,,,קרפור-חליטת קמומיל 2,,30.00,100 גרם,false,,7.90,0.2633,true,1,489884
3560070888139,false,קרפור-תה שחור בטעם פ,,,קרפור-תה שחור בטעם פ,,42.50,100 גרם,false,,7.90,0.1859,true,1,489981
3560070888153,false,קרפור-תה ירוק בטעם ל,,,קרפור-תה ירוק בטעם ל,,40.00,100 גרם,false,,7.90,0.1975,true,1,490013
3560070928194,false,קרפור-חליטת לואיזה 2,,,קרפור-חליטת לואיזה 2,,32.50,100 גרם,false,,7.90,0.2431,true,1,489900
3560070928347,false,קרפור-חליטת רויבוש ו,,,קרפור-חליטת רויבוש ו,,40.00,100 גרם,false,,7.90,0.1975,true,1,489948
3560071013127,false,קרפור סטייליס עם שוק,,,קרפור סטייליס עם שוק,,300.00,100 גרם,false,,9.90,0.0330,true,1,476563
3560071013196,false,קרפור סטייליס בטעם ט,,,קרפור סטייליס בטעם ט,,500.00,100 גרם,false,,10.90,0.0218,true,1,477257
3560071016074,false,פתיתי תירס קלויים קר,,,קרפור קורונפלקס 500,,500.00,100 גרם,false,,7.90,0.0158,true,1,473860
3560071188689,false,בירה Walberg 6*250 מ,,,בירה Walberg 6*250 מ,ליטרים,1.50,ליטר,false,,19.90,13.2667,true,1,489756
3560071341947,false,שמן זית כתית מעולה ב,,FR,שמן זית כתית מעולה ב,,750.00,יח',false,,11.50,0.0153,true,1,477259
3560071431914,false,קפסולות קפה קרפור עו,,FR,קפסולות קפה קרפור עו,,52.00,100 גרם,false,,7.90,0.1519,true,1,477260
3560071431945,false,קפסולות קפה קרפור עו,,FR,קפסולות קפה קרפור עו,,52.00,100 גרם,false,,7.90,0.1519,true,1,477261
3560071432034,false,קפסולות קפה נטול קרפ,,FR,קפסולות קפה נטול קרפ,,52.00,100 גרם,false,,7.90,0.1519,true,1,477263
3560071432065,false,קפסולות קפה קרפור עו,,FR,קפסולות קפה קרפור עו,,52.00,100 גרם,false,,7.90,0.1519,true,1,477264
3560071432096,false,קפסולות קפה קרפור עו,,FR,קפסולות קפה קרפור עו,,52.00,100 גרם,false,,7.90,0.1519,true,1,477265
3560071432188,false,קפסולות קפה קרמל קרפ,,FR,קפסולות קפה קרמל קרפ,,52.00,100 גרם,false,,7.90,0.1519,true,1,477267
3560071432249,false,קפסולות קפה ברזיל קר,,FR,קפסולות קפה ברזיל קר,,52.00,100 גרם,false,,7.90,0.1519,true,1,477269
3560071432270,false,קפסולות קפה קולומביה,,FR,קפסולות קפה קולומביה,,52.00,100 גרם,false,,7.90,0.1519,true,1,477270
3560071432300,false,קפסולות קפה אתיופיה,,FR,קפסולות קפה אתיופיה,,52.00,100 גרם,false,,7.90,0.1519,true,1,477271
3560071432362,false,קפסולות קפה קניה קרפ,,FR,קפסולות קפה קניה קרפ,,52.00,100 גרם,false,,7.90,0.1519,true,1,477273
3560071432393,false,קפסולות קפה קוסטה רי,,FR,קפסולות קפה קוסטה רי,,52.00,100 גרם,false,,7.90,0.1519,true,1,477274
3560071432515,false,קפסולות קפה קרפור עו,,FR,קפסולות קפה קרפור עו,,52.00,100 גרם,false,,7.90,0.1519,true,1,477275
3608580071389,false,ממרח ערמונים 370 גרם BONNE MAMAN,בון מאמא,,ממרח ערמונים 370 גרם,,370.00,100 גרם,false,,20.90,0.0565,true,1,446117
3608580075646,false,קינפיטורה שזיפים 370 גר,בון מאמא,,קונפיטורה שזיף 370 ג,,370.00,100 גרם,false,,20.90,0.0565,true,1,446102
4000417101211,false,גלילי וופל עם קרם אגוזי לוז בציפוי שוקולד חלב,ליימן שליסל בע`מ,,גלילי וופל עם קרם אג,,150.00,100 גרם,false,,18.90,0.1260,true,1,398429
4005808368280,false,שפתון ליובש דובדבן לבלו 48 גרם,טרופיקל דגיל תעשיות,,שפתון דובדבן לבלו 4.,,4.80,100 גרם,false,,11.90,2.4792,true,1,1068
4009300522935,false,תה ירוק פומפדור לימונית ולואיזה 20 יחידות,"איטיליאן פוד, אס.פי.",,פומפדור תה ירוק לימו,,30.00,100 גרם,false,,20.90,0.6967,true,1,23345
4009300524588,false,חליטת צמחים פומפדור פירות יער 20 יחידות,ש. שסטוביץ בע`מ,,פומפדור חליטת פירות,,60.00,100 גרם,false,,14.90,0.2483,true,1,23347
4009900455299,false,"סוכרית ג'לי אדומה 174 גרם ""סקיטלס""","מרס ריגלי ישראל בע""מ",,סקיטלס פירות 174 גר,,174.00,100 גרם,false,,9.80,0.0563,true,1,48225
4009900536257,false,מסטיק אורביט רפרשרס ספירמינט בקבוקון ללא סוכר 67 גר',מרס ריגלי קונפקשונרי,,מסטיק אורביט רפרשרס,,67.00,100 גרם,false,,13.00,0.1940,true,1,279714
4009900539746,false,"מסטיק פייב באונס בטעם אבטיח בקבוקון, 61.8 גרם","מרס ריגלי ישראל בע""מ",,מסטיק בטעם אבטיח ללא,,31.80,100 גרם,false,,13.00,0.4088,true,1,404987
4011800628512,false,חטיף קורני שוקולד חלב 6 יח 150 גר,מיוצר עי קונדיטוריית,,חטיף דגנים עם שוקולד,,150.00,100 גרם,false,,13.90,0.0927,true,1,6233
4011800630515,false,חטיף קורני שוקולד חלב ובננה 6 יח 150 גר,מיוצר עי קונדיטוריית,,חטיף דגנים עם שוקולד,,150.00,100 גרם,false,,13.90,0.0927,true,1,6235
4014400904376,false,סוכריות טופי בטעם שוקולד סטורק 325 גרם,קריניציה ויטמינה אס,,סוכ.שטורק שוקולדן 32,,325.00,100 גרם,false,,18.90,0.0582,true,1,13797
4014400904390,false,סוכריות טופי ממולא חלב סטורק 325 גרם,קריניציה ויטמינה אס,,סוכריות וולמליש 325ג,,325.00,100 גרם,false,,18.90,0.0582,true,1,13798
4014400923711,false,בונבוניירה שוקולד אגוזים טופיפי 125 גרם,ליימן שליסל בע`מ,,טופיפי בונבונירה שוק,,125.00,100 גרם,false,,13.90,0.1112,true,1,13813
4015400746812,false,מגני תחתון אולוויז נורמל עם ניחוח מגה פק,דיפלומט מפיצים (1986) בע`מ,,מגן תחתון מגה פק נור,יחידה,0.00,יחידה,false,,18.90,0.0000,true,1,28765
4015600762742,false,שמפו יומיומי למניעת קשקשים הנוסחה הקלאסית,דיפלומט מפיצים (1986) בע`מ,,שמפו קלאסי הד&שולדרס,,500.00,"100 מ""ל",false,,21.90,0.0438,true,1,28806
4015600763022,false,שמפו יומיומי למניעת קשקשים לשיער יבש/פגום לשיער רך כמשי,דיפלומט מפיצים (1986) בע`מ,,שמפו מגע המשי הד&שול,,500.00,יח',false,,21.90,0.0438,true,1,28813
4017040019677,false,דונטס לב,,,דונטס לב,יחידה,0.00,יחידה,false,,10.90,0.0000,true,1,478700
4017040019783,false,דונאטס אוראו,בלדי בעמ,,דונטס אוראו,יחידה,0.00,יחידה,false,,11.90,0.0000,true,1,478683
4017040022936,false,דונאטס פילסברי אוראו/מילקה,קונסיגנציה ג`נרל מילס ישראל בע,,דונטס מילקה,יחידה,0.00,יחידה,false,,12.90,0.0000,true,1,478684
4017100290008,false,בלזן בסקויט חמאה מצופה שוקולד חלב 125 גרם,הדקלאים אגודת שיתופי,,בלזן ביסקוויט מצופה,,125.00,100 גרם,false,,12.90,0.1032,true,1,120531
4017100364112,false,בלזן היט בסקוויט סנדביץ עם מלית קרם בטעם שוקולד קקאו (41%) 220 גרם,הדקלאים אגודת שיתופי,,היט עוגיות סנדביץ בט,,220.00,100 גרם,false,,9.90,0.0450,true,1,120534
4018722344308,false,פפרדלה כוסמין אורגני אלב גולד 500 גרם,אלב גולד,,אלב גולד - טליאטלה כ,,500.00,100 גרם,false,,18.90,0.0378,true,1,267004
4066600999614,false,"בירה פאולנר, בירת חיטה מעוננת, בקבוק 500 מ""ל",טמפו משקאות בע`מ,,בירה פאולנר בקבוק 50,,500.00,"100 מ""ל",false,,12.90,0.0258,true,1,67024
4260147890513,false,אטריות ביצים דקות ורמיצ'לי 500ג',דין שיווק וקליה 2021 בעמ,,אטריות ביצים דקות במ,,500.00,100 גרם,false,,12.80,0.0256,true,1,117506
4710068001715,false,משקה בטעם טירמיסו מאסטר קפה (240 מל),יוני פרזינדנט אנטרפר,,מאסטר קפה טירמיסו 24,,240.00,"100 מ""ל",false,,8.50,0.0354,true,1,42984
4710068003313,false,מאסטר קפה אמריקאנו בפחית 240מ`ל,מאיטה פוד אינדוסטריא,,מאסטר קפה אמריקנו בל,,240.00,"100 מ""ל",false,,7.50,0.0313,true,1,357813
4800888150080,false,"דאב - דאודורנט רול און לאישה פרש טאצ' מלפפונים 50 מ""ל",יוניליוור ישראל שיווק בע`מ,,דאו' רולאון מלפפונים,,50.00,"100 מ""ל",false,,16.90,0.3380,true,1,11065
4800888219534,false,דאב - דאודורנט סטיק לאישה אנטי פרספירמט 50 גרם,יוניליוור ישראל שיווק בע`מ,,דאורדורנט סטיק אוריג,,50.00,100 גרם,false,,15.90,0.3180,true,1,310647
4903001904192,false,רוטב סויה יאמאסה פרימיום 500מ`ל,הדקלאים אגודת שיתופי,,רוטב סויה יאמאסה פרמ,,500.00,"100 מ""ל",false,,17.90,0.0358,true,1,13830
4903001925784,false,"רוטב סויה יאמאסה דל מלח 500מ""ל פרימיום",הדקלאים אגודת שיתופי,,רוטב סויה יאמאסה דל,,500.00,"100 מ""ל",false,,17.90,0.0358,true,1,13832
5000157143365,false,מתבל בטעם מיונז וקטשופ היינץ 425 גרם,דיפלומט מפיצים (1968) בעמ**,,מתבל בטעם מיונז וקטש,,425.00,יח',false,,15.90,0.0374,true,1,205440
5000159407236,false,מרס חטיף שוקולד עם קרמל 51 גרם,"מרס ריגלי ישראל בע""מ",,חטיף מרס 51 גרם,,51.00,100 גרם,false,,4.60,0.0902,true,1,14675
5000267014234,false,וויסקי ג'וני ווקר רד לייבל Red label,החברה המרכזית להפצת משקאות בעמ,,גוני ווקר רד לייבל 7,,700.00,"100 מ""ל",false,,89.90,0.1284,true,1,65816
5000396037944,false,מקוויטיס ביסקוויט אורגינל 250 גרם,תה ויסוצקי (ישראל)בעמ,,מקוויטים ביסקוויטים,,250.00,100 גרם,false,,10.90,0.0436,true,1,101571
5010182997680,false,"רייד ארוסול קוטל נמלים - 300 מ""ל",אס.סי.ג'ונסון מידרכט,,רייד ארוסול קוטל נמל,,300.00,"100 מ""ל",false,,16.90,0.0563,true,1,6287
5014271300429,false,"מעדן משמש 100% פרי סנטדלפור 284 גרם לל""ס",סאן דלפור - שמבור,,סאן דלפור מעדן משמש,,284.00,100 גרם,false,,22.90,0.0806,true,1,18213
5014271360423,false,"מעדן תפוזים לל""ס סאן דלפור 284 גרם",סאן דלפור - שמבור,,סאן דלפור מעדן תפוז,,284.00,100 גרם,false,,22.90,0.0806,true,1,18217
5014271400426,false,"מעדן בטעם תות שדה לל""ס סאן דלפור 284 גרם",סאן דלפור - שמבור,,סאן דלפור מעדן תות ש,,284.00,100 גרם,false,,22.90,0.0806,true,1,18221
5029053002408,false,קלינקס - נייר טואולט קליניקס לבן 9 גלילים,קימברלי קלארק ישראל שיווק בעמ,,נייר טואלט קליניקס ל,,275.00,מטר,false,,36.90,0.1342,true,1,9514
5029053002439,false,קלינקס - נייר טואולט קליניקס צהוב 9 גלילים,קימברלי קלארק ישראל שיווק בעמ,,נייר טואלט קליניקס צ,,243.00,מטר,false,,36.90,0.1519,true,1,9515
5029053510811,false,תחבושות נורמל פלוס עם כנפיים קוטקס 28 יחידות,קימברלי קלארק ישראל שיווק בעמ,,תחבושות אולטרה נורמל,יחידה,0.00,יחידה,false,,18.90,0.0000,true,1,9519
5029053510828,false,תחבושות סופר פלוס עם כנפיים קוטקס 22יחידות,קימברלי קלארק ישראל שיווק בעמ,,תחבושת אולטרה סופר+כ,יחידה,0.00,יחידה,false,,18.90,0.0000,true,1,9520
5029053523446,false,קוטקס - תחבושות אולטרה נייט + כנפיים 20 יח',קימברלי קלארק ישראל שיווק בעמ,,תחבושות אולטרה נייט+,יחידה,0.00,יחידה,false,,18.90,0.0000,true,1,9521
5029053578309,false,קופסת ממחטות אולטרה סופט 48 דף קלינקס,קימברלי קלארק ישראל שיווק בעמ,,טישו אולטרה סופט קוב,יחידה,0.00,יחידה,false,,7.90,0.0000,true,1,348873
5201347400545,false,רצועות שעווה מוכנות לשימוש לפנים ולאזורים רגישים,רקיט בנקיזר (ניר איסט) בעמ,,רצועות שעווה לפנים ו,יחידה,0.00,יחידה,false,,31.90,0.0000,true,1,107324
5201940010110,false,זיתים שחורים קלמטה וילי פוד 250 גרם,ג. וילי-פוד אינטרנשיונל בע`מ,,זיתים שחורים קלמטה ו,,250.00,100 גרם,false,,17.90,0.0716,true,1,3523
5203064007625,false,עוגיות שוקולד צ'יפס 180 גרם תומר,,,תומר עוגיות שוקו צ'י,,180.00,100 גרם,false,,11.90,0.0661,true,1,371181
5203064007632,false,תומר עוגיות שוקו צ'י,,,תומר עוגיות שוקו צ'י,,180.00,100 גרם,false,,11.90,0.0661,true,1,371182
5203064007649,false,עוגיות שוקולד צ'יפס טריפל 180 גרם תומר,,,תומר עוגיות שוקו צ'י,,180.00,100 גרם,false,,11.90,0.0661,true,1,371183
5410126006087,false,ביסקויט ביסקפה לוטוס בטעם קרמל 700גר`ב,דיפלומט מפיצים (1968) בעמ**,,לוטוס עוגיות קרמל 70,,700.00,100 גרם,false,,31.60,0.0451,true,1,5915
5410126106183,false,עוגיות לוטוס 50 יחידות ארוזות בנפרד 312 גרם,דיפלומט מפיצים (1968) בעמ**,,ביסקוויט קרמל 312גרם,,312.00,100 גרם,false,,19.70,0.0631,true,1,5917
5410126116953,false,ממרח ביסקוויט קרמל לוטוס (400 גרם),דיפלומט מפיצים (1968) בעמ**,,לוטוס ממרח ביסקוויט,,400.00,100 גרם,false,,24.90,0.0622,true,1,5918
5410126666038,false,"ביסקוויט קרמל לוטוס 279 גרם בד""צ",דיפלומט מפיצים (1968) בעמ**,,עוגיות לוטוס 279 גרם,,279.00,100 גרם,false,,13.90,0.0498,true,1,130386
5410126716016,false,"עוגיות לוטוס ביסקויט קרמל בד""צ 250 גרם",דיפלומט מפיצים (1968) בעמ**,,ביסקוויט בטעם קרמל ל,,250.00,100 גרם,false,,12.70,0.0508,true,1,29158
5410316983693,false,וודקה סמירנוף אייס בודד 275 מ``ל.,החברה המרכזית להפצת משקאות בעמ,,סמירנוף אייס בודד,,275.00,"100 מ""ל",false,,13.90,0.0505,true,1,66806
5411188094159,false,רביעיית מעדן סויה שוקו מריר אלפרו 125 גרם,הנסיך- מפעל לייצור ט,,אלפרו מעדן סויה שוק.,,500.00,"100 מ""ל",false,,19.80,0.0396,true,1,23385
5411188112709,false,"משקה קוקוס אלפרו 1 ליטר משקה שקדים לל""ס",הנסיך- מפעל לייצור ט,,אלפרו משקה שקדים ללא,יחידה,0.00,יחידה,false,,15.90,0.0000,true,1,23394
5411188115472,false,משקה סויה אלפרו 1 ליטר,הנסיך- מפעל לייצור ט,,אלפרו משקה סויה 1 לי,ליטרים,1.00,ליטר,false,,14.90,14.9000,true,1,250329
5411188122661,false,אלפרו משקה שקדים לא קלויים ללא תוספת סוכר 1 ל',הנסיך- מפעל לייצור ט,,אלפרו משקה שקדים לא,יחידה,0.00,יחידה,false,,15.90,0.0000,true,1,76835
5411188134985,false,אלפרו 3.5% NOT M*LK שיבולת שועל 1 ליטר בית יוסף,שטראוס גרופ בעמ/מצונן,,אלפרו 3.5% שומן NOT,ליטרים,1.00,ליטר,false,,15.90,15.9000,true,1,325927
5411188135005,false,אלפרו 1.8% NOT M*LK שיבולת שועל 1 ליטר בית יוסף,שטראוס גרופ בעמ/מצונן,,אלפרו 1.8% שומן NOT,ליטרים,1.00,ליטר,false,,15.90,15.9000,true,1,329410
5411188543398,false,משקה סויה ללא סוכר אלפרו 1 ליטר,הנסיך- מפעל לייצור ט,,אלפרו משקה סויה ללא,ליטרים,1.00,ליטר,false,,14.90,14.9000,true,1,254764
5413149655522,false,"אבקת כביסה שושן צחור 1.25 ק""ג אריאל",דיפלומט מפיצים (1986) בע`מ,,אריאל אבקת כביסה שוש,קילוגרמים,1.25,"ק""ג",false,,17.90,14.3200,true,1,29173
5601010211070,false,סרדין במים רמירז 125 גרם,רמירז אנד קה פילהאוס,,סרדינים במי מלח רמיר,,100.00,100 גרם,false,,11.00,0.1100,true,1,74346
5701932026964,false,"הוטפופ גרעיני תירס להכנת פופקורן במיקרוגל בטעם טבעי, בתוספת מלח, 600 גרם",ליימן שליסל בע`מ,,הוט פופ .פופקורן עם,,600.00,100 גרם,false,,16.90,0.0282,true,1,13841
5701932026971,false,הוטפופ גרעיני תירס להכנת פופקורן במיקרוגל בטעם חמאה 600 גרם,ליימן שליסל בע`מ,,הוט פופ פופקורן בטעם,,600.00,100 גרם,false,,16.90,0.0282,true,1,67438
5701932026995,false,"הוטפופ גרעיני תירס להכנת פופקורן במיקרוגל בטעם טבעי מופחת שומן, 510 גרם",קריניציה ויטמינה אס,,הוט פופ פופקורן לייט,,510.00,100 גרם,false,,16.90,0.0331,true,1,13843
5711953106583,false,גבינת שמנת בטעם טבעי 200 גרם ארלה,שטראוס גרופ בעמ/מצונן,,ארלה גבינת שמנת טבעי,,200.00,100 גרם,false,,16.90,0.0845,true,1,188315
5711953106590,false,גבינת שמנת ארלה שמנת שום 200 גרם,שטראוס גרופ בעמ/מצונן,,ארלה גבינת שמנת שום,,200.00,100 גרם,false,,16.90,0.0845,true,1,188316
5711953106606,false,גבינת שמנת עם תבלינים ועשבי תיבול 23.5%,שטראוס גרופ בעמ/מצונן,,ארלה גבינת שמנת עשבי,,200.00,100 גרם,false,,16.90,0.0845,true,1,188317
5711953148347,false,גבינת שמנת בטעם טבעי 300 גרם ארלה,שטראוס גרופ בעמ (ח),,גבינת שמנת טבעי ארלה,,300.00,100 גרם,false,,24.90,0.0830,true,1,476992
5740900403215,false,ממרח חמאה דנית לורפק עם מלח 250 גרם,שטראוס גרופ בעמ/מצונן,,ממרח לורפק עם מלח 25,,250.00,100 גרם,false,,17.90,0.0716,true,1,133995
5740900403222,false,ממרח לורפק חמאה עם מלח מופחת שומן 250 ג,שטראוס גרופ בעמ/מצונן,,ממרח לורפק עם מלח מו,,250.00,100 גרם,false,,17.90,0.0716,true,1,133996
5740900403239,false,ממרח חמאה דנית לורפק ללא מלח 250 גרם,שטראוס גרופ בעמ/מצונן,,ממרח לורפק ללא מלח 2,,250.00,100 גרם,false,,17.90,0.0716,true,1,133997
5740900403246,false,ממרח לורפק ללא תוספת מלח 500 גר,שטראוס גרופ בעמ/מצונן,,ממרח לורפק ללא מלח 5,,500.00,100 גרם,false,,29.80,0.0596,true,1,133998
5740900403253,false,ממרח מחמאת לורפק עם מלח 500 ג',שטראוס גרופ בעמ/מצונן,,ממרח לורפק עם מלח 50,,500.00,100 גרם,false,,29.80,0.0596,true,1,133999
5740900403260,false,ממרח מחמאת לורפק ללא מלח 27% פחות שומן,שטראוס גרופ בעמ/מצונן,,ממרח לורפק ללא מלח מ,,250.00,100 גרם,false,,17.90,0.0716,true,1,133990
5900020012814,false,דגנים תפוחים בטעם שוקולד נסקוויק נסטלה 500 גרם,קבוצת אוסם סחר שותפות מוגבלת,,דגני בוקר נסקוויק נס,,500.00,100 גרם,false,,23.90,0.0478,true,1,21009
5900020015174,false,פיטנס חטיפי אנרגיה דגנים בטעם שוקולד נסטלה 6*23.5 גרם,קבוצת אוסם סחר-שות.מוגבלת,,פיטנס חטיף דגנים שוק,,141.00,100 גרם,false,,17.90,0.1270,true,1,21010
5900020018908,false,פיטנס חטיפי אנרגיה דגנים בטעם קרם עוגיות נסטלה 6*23.5 גרם,קבוצת אוסם סחר-שות.מוגבלת,,פיטנס חטיף דגנים קרם,,141.00,100 גרם,false,,17.90,0.1270,true,1,21016
5900020026552,false,דגני בוקר האני נאט צ'יריוס בטעם דבש ושקדים,קבוצת אוסם סחר שותפות מוגבלת,,האני נאט ציריוס נסטל,,625.00,100 גרם,false,,23.90,0.0382,true,1,21032
5900020037916,false,דגני בוקר שיבולת שועל צ'ריוס 375ג',קבוצת אוסם סחר שותפות מוגבלת,,צ'יריוס שיבולת שועל,,375.00,100 גרם,false,,16.90,0.0451,true,1,308156
5900627063233,false,טבליות למדיח הכל ב-1 פיניש מקס 50 יחידות,רקיט בנקיזר (ניר איסט) בעמ,,50 יח AIO טבליות פינ,,800.00,100 גרם,false,,41.90,0.0524,true,1,22854
5902198160403,false,XL משקה אנרגיה מוגז ללא סוכר עד 10 קלוריות לפחית 250 מל,"טמפו משקאות בע""\מ",,אקס אל משקה אנרגיה ט,,250.00,"100 מ""ל",false,,4.90,0.0196,true,1,83048
5906485301012,false,משקה אנרגיה XL מוגז פחית 250 מל,טמפו משקאות בע`מ,,אקס אל משקה אנרגיה 2,,250.00,יח',false,,4.90,0.0196,true,1,10085
5998623526739,false,יין גוורצטרמינר חצי מתוק סי גראס 750 מ,מ. אקרמן בעמ,,יין סי גראס גוורצטרמ,,750.00,"100 מ""ל",false,,34.90,0.0465,true,1,142820
6111049002055,false,סרדינים בשמן צמחי מרוקו,י.מ.ויצמן יצחק שרותי מסחר בעמ,,סרדין מרוקאי בשמן קפ,,125.00,100 גרם,false,,4.90,0.0392,true,1,10929
6111094000259,false,קוסקוס להכנה מהירה דארי (500 גרם),תומר ייבוא ושיווק מוצרי מזון [,,קוסקוס בינוני דארי 5,,500.00,100 גרם,false,,10.90,0.0218,true,1,119393
7262626058466,false,טייץ שחור מודפס,ביג מול בעמ,,טייץ שחור מודפס,יחידה,0.00,יחידה,false,,29.90,0.0000,true,1,95169
7262626088197,false,טייץ טרמי צבעוני מלא,ביג מול בעמ,,טייץ טרמי צבעוני,יחידה,0.00,יחידה,false,,29.90,0.0000,true,1,256452
7262626088272,false,מטריה סיליקון שחור חצי אוטו בדיספליי,ביג מול בעמ,,מטריה סיליקון שחור ח,יחידה,0.00,יחידה,false,,39.90,0.0000,true,1,379703
7262626088289,false,מטריה סיליקון נקודות,ביג מול בעמ,,מטריה סיליקון נקודות,יחידה,0.00,יחידה,false,,39.90,0.0000,true,1,379704
7262626088296,false,מטריה סיליקון עם הדפ,ביג מול בעמ,,מטריה סיליקון עם הדפ,יחידה,0.00,יחידה,false,,39.90,0.0000,true,1,379705
7271730901261,false,ווקי מאק ארוחת אטריות עם גבינה 156 גרם,ניו וורלד פסטה קומפנ,,ארוחת אטריות וואקי מ,,156.00,100 גרם,false,,11.80,0.0756,true,1,70362
7290000000311,false,קרואסון ביס בטעמים ח,,,קרואסון ביס בטעמים ח,קילוגרמים,1.00,"ק""ג",true,,42.00,42.0000,true,1,2802
7290000000465,false,נקניקיות/סרדלקי טליא,"ולדמן ביח""ר לנקניק ו",,לחמניה שמינייה,,1.00,"100 מ""ל",false,,4.70,4.7000,true,1,95967
7290000000626,false,ברוקולי ארוז במגשית,,,ברוקולי ארוז במגשית,,1.00,יח',false,,9.90,9.9000,true,1,374596
7290000000978,true,חסה כשר,,,חסה כשר,,1.00,"100 מ""ל",false,,7.90,7.9000,true,1,93774
7290000000985,true,פטרוזיליה כשר,,,פטרוזיליה כשר,,1.00,"100 מ""ל",false,,5.90,5.9000,true,1,93876
7290000001056,false,לחם אחיד 750 גרם,,,לחם אחיד 750 גרם,,750.00,100 גרם,false,,5.10,0.0068,true,1,138355
7290000001104,false,פטריות חורש מיני ארוז 200 ג',"בכורי השדה צפון1994 ג.ד. בע""מ",,פטריות חורש ארוז,,1.00,"100 מ""ל",false,,10.90,10.9000,true,1,100722
7290000001193,false,בונז'ור בייבי חליות,,,בונז'ור בייבי חליות,,70.00,100 גרם,false,,2.50,0.0357,true,1,95971
7290000001579,true,סלרי אמריקאי כשר,,,סלרי אמריקאי כשר,,1.00,"100 מ""ל",false,,6.90,6.9000,true,1,113935
7290000001593,true,נענע כשר,,,נענע כשר,,1.00,יח',false,,6.90,6.9000,true,1,113937
7290000002021,false,גבינה קוסטרומסקוי,,,רוגלך פרווה,קילוגרמים,1.00,"ק""ג",true,,42.00,42.0000,true,1,2862
7290000002022,false,פרווה ביס שוקולד/מאפ,,,פרווה ביס שוקולד/מאפ,קילוגרמים,1.00,"ק""ג",true,,44.00,44.0000,true,1,117118
7290000002057,false,בורקיטס בולגרי בטעמי,,,בורקיטס בולגרי בטעמי,קילוגרמים,1.00,"ק""ג",true,,42.00,42.0000,true,1,2864
7290000004444,false,שקיות גופיה 20 מקרו,,,שקיות גופיה 20 מקרו,יחידה,0.00,יחידה,false,,0.10,0.0000,true,1,454756
7290000005025,false,בייגל בטעמים,,,בייגל בטעמים,,1.00,"100 מ""ל",false,,4.70,4.7000,true,1,95902
7290000010250,false,5 יח' בייגלה בטעמים,,,5 יח' בייגלה בטעמים,,1.00,יח',false,,18.90,18.9000,true,1,211828
7290000011040,false,5 יח' לחמניה קשר,,,5 יח' לחמניה קשר,,1.00,יח',false,,13.90,13.9000,true,1,117134
7290000011593,false,שזיף,,,שזיף,קילוגרמים,1.00,"ק""ג",true,,22.90,22.9000,true,1,54997
7290000014510,false,חסה עגולה,,,חסה עגולה,,1.00,"100 מ""ל",false,,7.90,7.9000,true,1,55000
7290000017414,false,כריך גבטה לבן/כפרי 1,,,כריך גבטה לבן/כפרי 1,,1.00,יח',false,,4.60,4.6000,true,1,119588
7290000023816,false,קלאסיק אמרלד ריזלינג יקבי ברקן (750 מל),יקבי ברקן שיווק והפצה בע,,קלאסיק אמרלד ריזלינג,,750.00,"100 מ""ל",false,,35.90,0.0479,true,1,10112
7290000023977,false,קלאסיק מרלו יקבי ברקן (750 מל),יקבי ברקן שיווק והפצה בע,,קלאסיק מרלו 750מל.,,750.00,"100 מ""ל",false,,35.90,0.0479,true,1,10118
7290000024202,false,רזרב קברנה סובניון יקבי ברקן (750 מל),ברקן שיווק והפצה בעמ,,קברנה סוביניון רזרבד,,750.00,"100 מ""ל",false,,49.90,0.0665,true,1,10121
7290000024240,false,יין רזרב שרדונה 750 מל שביעית,ביבקבי ברקן שיווק וה,,"שרדונה רזרבד 750 מ""ל",,750.00,"100 מ""ל",false,,49.90,0.0665,true,1,10123
7290000024523,false,"תירוש של סגל ,מיץ ענבים , 1 ליטר",כרמי צבי - האחים סגל,,תירוש של סגל 1 ליטר,ליטרים,1.00,ליטר,false,,15.90,15.9000,true,1,10129
7290000026653,false,מאפה יווני תפו`א ופט,,,מאפה יווני תפו`א ופט,קילוגרמים,1.00,"ק""ג",true,,44.90,44.9000,true,1,117136
7290000032665,false,רוטב עגבניות 28% 580ג' פרי זה,זנלכל בעמ,,רוטב עגבניות 28% ברי,,580.00,100 גרם,false,,8.90,0.0153,true,1,9291
7290000040042,false,יופלה יוגורט תות %3 גביע 150 גרם,"תנובה בע""מ ***",,יופלה תות שובב 3% 15,,150.00,"100 מ""ל",false,,5.20,0.0347,true,1,27118
7290000040066,false,יופלה יוגורט דובדבן %3 גביע 150 גרם,תנובה מרכז שיתופי לש,,יופלה דובדבן פראי 3%,,150.00,"100 מ""ל",false,,5.20,0.0347,true,1,27120
7290000040080,false,יופלה יוגורט אפרסק %3 גביע 150 גרם,"תנובה בע""מ ***",,יופלה אפרסק מאוהב 3%,,150.00,"100 מ""ל",false,,5.20,0.0347,true,1,27121
7290000040301,false,תנובה עין גדי קממבר מחלב בקר 24% שומן,תנובה מרכז שיתופי לש,,תנובה גבינת קממבר עי,,125.00,100 גרם,false,,20.60,0.1648,true,1,27124
7290000040318,false,גבינת עדי ברי 24% קולאז` (125 גרם)קולקש,תנובה מרכז שיתופי לש,,תנובה גבינת ברי 24%,,125.00,100 גרם,false,,21.60,0.1728,true,1,27125
7290000040974,false,חלב 2% דל לקטוז בקרטון תנובה (1 ליטר),תנובה מרכז שיתופי לש,,חלב תנובה קרטון דל ל,ליטרים,1.00,ליטר,false,,7.20,7.2000,true,1,27128
7290000041858,false,"שמנת חמוצה 15% מועשרת יטבתה 200 מ""ל",שטראוס גרופ בעמ/מצונן,,יטבתה שמנת חמוצה 15%,,200.00,"100 מ""ל",false,,2.40,0.0120,true,1,24751
7290000041865,false,"לבן 4.5% שומן מהדרין ""יטבתה""",שטראוס גרופ בעמ/מצונן,,יטבתה לבן 4.5% 200מל,,200.00,יח',false,,2.00,0.0100,true,1,24752
7290000042015,false,חלב 3% בשקית בדצ תנובה (1 ליטר)פיקוח,תנובה מרכז שיתופי לש,,חלב תנובה טרי שקית,יחידה,0.00,יחידה,false,,5.43,0.0000,true,1,27136
7290000042404,false,חלב 3% מועשר מהדרין בשקית יטבתה (1 ליטר),שטראוס גרופ בעמ/מצונן,,יטבתה חלב מועשר שקית,ליטרים,1.00,ליטר,false,,5.90,5.9000,true,1,24754
7290000042435,false,חלב דל שומן 1% בקרטון תנובה (1 ליטר)פיק,תנובה מרכז שיתופי לש,,חלב תנובה בקרטון 1%,ליטרים,1.00,ליטר,false,,5.86,5.8600,true,1,27142
7290000042640,false,"חלב תנובה עמיד 3% קרטון 250 מ""ל",תנובה מרכז שיתופי לש,,חלב תנובה עמיד 3% מה,,250.00,יח',false,,2.70,0.0108,true,1,27149
7290000042855,false,"שוקו בשקית 250 מ""ל ""יטבתה""",שטראוס גרופ בעמ/מצונן,,יטבתה שוקו שקית 225,,225.00,יח',false,,2.60,0.0116,true,1,24756
7290000043012,false,"שוקו עמיד 2% בקרטון 250 מ""ל תנובה",תנובה מרכז שיתופי לש,,שוק שוקו עמיד 2% בקר,,250.00,"100 מ""ל",false,,4.60,0.0184,true,1,27152
7290000043814,false,השף הלבן שמנת להקצפה 38% שומן 250 מל - מוצר בפיקוח,תנובה מרכז שיתופי לש,,שף לבן שמנת לקצפת עמ,,250.00,יח',false,,6.47,0.0259,true,1,27155
7290000043890,false,תנובה רויון לבן מחלב מפסוטר 1.5%,תנובה מרכז שיתופי לש,,ריויון 1.5% 1ל,ליטרים,1.00,ליטר,false,,11.30,11.3000,true,1,27158
7290000044712,false,יוגורט עם תות 1.5% שומן 500 ג' פרילי,מיוצר עי קונדיטוריית,,פרילי תות 1.5% 500מל,,500.00,"100 מ""ל",false,,10.90,0.0218,true,1,27165
7290000044880,false,יוגורט בטעם תות שדה 3% באדי (500 גרם),מיוצר עי קונדיטוריית,,באדי תות 3% 500מל,,500.00,"100 מ""ל",false,,9.30,0.0186,true,1,27167
7290000045573,false,גבינת מותכת משולשים 25% שומן 200 ג' נעמה,תנובה בעמ ***,,נעמה גבינת מותכת 25%,,200.00,100 גרם,false,,16.50,0.0825,true,1,27169
7290000045580,false,גבינה מותכת נעמה חורש תנובה 240 גרם,תנובה מרכז שיתופי לש,,נעמה גבינת מותכת 25%,,240.00,100 גרם,false,,18.70,0.0779,true,1,27170
7290000046327,false,גלבוע גבינה צהובה פרוסה 22% תנובה 200 גרם,תנובה מרכז שיתופי לש,,גלבוע גבינה פרוסה 22,,200.00,100 גרם,false,,13.20,0.0660,true,1,27175
7290000047546,false,השף הלבן כנען גבינה לבנה דלת נתרן 5% תנובה 500 גרם,תנובה מרכז שיתופי לש,,שף לבן כנען 5% 500ג,,500.00,100 גרם,false,,25.50,0.0510,true,1,27178
7290000048185,false,גבינה לבנה 5% תנובה 250 גרם מהדרין,מיוצר עי קונדיטוריית,,גבינה לבנה רכה 5% תנ,,250.00,100 גרם,false,,4.98,0.0199,true,1,27183
7290000048192,false,גבינה לבנה 9% תנובה 250 גרם מהדרין,מחלבת אלון תבור,,גבינה לבנה רכה 9% בד,,250.00,100 גרם,false,,4.80,0.0192,true,1,27184
7290000048413,false,גבינה חמד (25016% גרם)פיראוס תנובה,תנובה מרכז שיתופי לש,,פיראוס חמד 16% 250ג,,250.00,100 גרם,false,,18.90,0.0756,true,1,27188
7290000048437,false,גבינת צפתית (2005% גרם)פיראוס תנובה,פארייפאבה אגרואינדוס,,פיראוס צפתית 5% 200,,200.00,100 גרם,false,,15.90,0.0795,true,1,27189
7290000049458,false,גבינה בולגרית עיזים (25016% גרם)פיראוס,תנובה מרכז שיתופי לש,,פיראוס בולגרית עיזים,,250.00,100 גרם,false,,30.00,0.1200,true,1,27194
7290000050454,false,יוגורט יופלה אפרסק 3% שומן 500 גרם,מיוצר עי קונדיטוריית,,יופלהYYY אפרסק 3% 50,,500.00,יח',false,,13.80,0.0276,true,1,27202
7290000051352,false,חלב מלא בטעם של פעם 3.4% תנובה קרטון 1 ל',תנובה מרכז שיתופי לש,,חלב תנובה של פעם בקר,ליטרים,1.00,ליטר,false,,7.40,7.4000,true,1,27221
7290000051376,false,יוגורט יופלה דיאט אננס 0% שומן 150 גרם,תנובה מרכז שיתופי לש,,יופלה דיאט אננס ספור,,150.00,"100 מ""ל",false,,5.20,0.0347,true,1,27222
7290000052311,false,גבינה צהובה עמק לייט 15% שומן 200 גרם,תנובה מרכז שיתופי לש,,עמק מהדרין 15% 200 ג,,200.00,100 גרם,false,,16.60,0.0830,true,1,27238
7290000052717,false,גבינת קוטג' שום שמיר 5% תנובה 250 גרם,מיוצר עי קונדיטוריית,,קוטג תנובה עם שום שמ,,250.00,100 גרם,false,,5.80,0.0232,true,1,27248
7290000055336,false,"משקה יוגורט 1.5% בטעם בננה אפרסק יופלה 250 מ""ל",תנובה מרכז שיתופי לש,,יופלה משקה יוגורט בנ,,250.00,"100 מ""ל",false,,6.00,0.0240,true,1,27295
7290000055343,false,משקה יוגורט יופלה פירות טרופיים 250 גרם,תנובה מרכז שיתופי לש,,יופלה משקה יוגורט טר,,250.00,"100 מ""ל",false,,6.00,0.0240,true,1,27296
7290000056890,false,שמיניית דיאט יופלה 0% טעמים שונים 150 גרם,מיוצר עי קונדיטוריית,,יופלה דיאט טעמים שונ,קילוגרמים,1.20,"ק""ג",false,,31.90,26.5833,true,1,27323
7290000056906,false,מאגדת לבן טבעי 1.5% שומן 8 יח' * 150 ג' יופלה,מחלבת אלון תבור,,יופלה לבן 1.5% 8*150,ליטרים,1.20,ליטר,false,,18.40,15.3333,true,1,27324
7290000056951,false,"תנובה, השף הלבן, שמנת לבישול 15% שומן 500 מל",תנובה מרכז שיתופי לש,,שף לבן שמנת לבישול +,,500.00,"100 מ""ל",false,,16.50,0.0330,true,1,27327
7290000057088,false,עמק גבינה צהובה פרוסה דק דק 28% תנובה 200 גרם,תנובה מרכז שיתופי לש,,עמק דק דק 28% 200גר,,200.00,100 גרם,false,,16.50,0.0825,true,1,27331
7290000057118,false,גבינה צהובה עמק 28% שומן ואקום 400 גרם,תנובה מרכז שיתופי לש,,עמק סמי 28% 400 גר,,400.00,100 גרם,false,,23.10,0.0578,true,1,27333
7290000057132,false,יוגורט תנובה טבעי 1.5% גביע 200 גרם,מחלבת אלון תבור,,תנובה יוגורט טבעי 1.,,200.00,"100 מ""ל",false,,3.20,0.0160,true,1,27334
7290000057149,false,יוגורט תנובה טבעי 3% גביע 200 גרם,מיוצר עי קונדיטוריית,,תנובה יוגורט טבעי 3%,,200.00,100 גרם,false,,3.20,0.0160,true,1,27335
7290000057552,false,יופלה דיאט עוגת גבינה ותות 0% גביע 150ג',תנובה - חלב,,יופלה דיאט ע.גבינה ו,,150.00,"100 מ""ל",false,,5.20,0.0347,true,1,27346
7290000058030,false,"שמיניית יופלה שטוזים משקה יוגורט תות 100 מ""ל",מיוצר עי קונדיטוריית,,יופלה שטוזים משקה יו,,800.00,יח',false,,21.20,0.0265,true,1,27355
7290000058047,false,שמנת להקצפה 38% 500מל מהדרין עמיד השף הלבן,תנובה מרכז שיתופי לש,,שף לבן שמנת מתוקה מה,,500.00,יח',false,,12.94,0.0259,true,1,27356
7290000060071,false,אוסם - חטיפי פריכונים מאורז מלא קלוי 80גר,קבוצת אוסם סחר שותפות מוגבלת,,חטיפי פריכונים מאורז,,80.00,100 גרם,false,,8.20,0.1025,true,1,21037
7290000060163,false,פסטה אסם אטריות דקות 400גר,קבוצת אוסם סחר שותפות מוגבלת,,אטריות דקות אסם 400,,400.00,100 גרם,false,,7.50,0.0188,true,1,21041
7290000060200,false,פסטה אסם פתיתים אפויים קוסקוס 500גר,קבוצת אוסם סחר שותפות מוגבלת,,פתיתים אפויים קוסקוס,,500.00,100 גרם,false,,7.80,0.0156,true,1,21042
7290000060217,false,פסטה מקרוני מספר 7 אסם (500 גרם),קבוצת אוסם סחר שותפות מוגבלת,,פסטה מקרוני אסם 500,,500.00,100 גרם,false,,6.50,0.0130,true,1,21043
7290000060248,false,פסטה אסם פתיתים תלתלים 500 גר',קבוצת אוסם סחר שותפות מוגבלת,,פסטה תלתלים אסם 500,,500.00,100 גרם,false,,6.50,0.0130,true,1,21044
7290000060316,false,פרפקטו ספגטי מס' 8 אסם 500 גרם,קבוצת אוסם סחר שותפות מוגבלת,,פסטה ספגטי פרפקטו 50,,500.00,100 גרם,false,,7.60,0.0152,true,1,21046
7290000060323,false,פסטה פרפקטו ספגטיני (2) 500 גרם,קבוצת אוסם סחר-שות.מוגבלת,,פסטה ספגטיני פרפקטו,,500.00,100 גרם,false,,7.60,0.0152,true,1,118777
7290000060415,false,"פסטה פרפקטו לאזניה 500 ג' ""אסם""",קבוצת אוסם סחר שותפות מוגבלת,,לזאניה פרפקטו 500 ג,,500.00,100 גרם,false,,15.40,0.0308,true,1,21051
7290000060576,false,פתיתים אפויים כוכבים אסם (500 גרם),קבוצת אוסם סחר שותפות מוגבלת,,פתיתים אפויים כוכבים,,500.00,100 גרם,false,,7.80,0.0156,true,1,21056
7290000060781,false,פרומנטי פתיתים מסולסלים אוסם,קבוצת אוסם סחר שותפות מוגבלת,,פסטה מסולסלים אסם 50,,500.00,100 גרם,false,,6.50,0.0130,true,1,21057
7290000060828,false,פסטה קרניים בינוניות אסם (500 גרם),קבוצת אוסם סחר שותפות מוגבלת,,פסטה קרניים בינוניות,,500.00,100 גרם,false,,6.50,0.0130,true,1,21058
7290000060880,false,פסטה ספגטי מספר 8 אסם 500 גרם,קבוצת אוסם סחר שותפות מוגבלת,,ספגטי אסם 500 גרם,,500.00,100 גרם,false,,6.50,0.0130,true,1,21061
7290000060958,false,אטריות מובחרות בינוניות אסם (400 גרם),קבוצת אוסם סחר שותפות מוגבלת,,אטריות בינוניות אסם,,400.00,100 גרם,false,,7.50,0.0188,true,1,21064
7290000060965,false,פסטה אסם אטריות רחבות 400גר,קבוצת אוסם סחר שותפות מוגבלת,,אטריות רחבות אסם 400,,400.00,100 גרם,false,,7.50,0.0188,true,1,21065
7290000061061,false,קרקר חיטה עם בצל אסם,קבוצת אוסם סחר שותפות מוגבלת,,אסם קרקר בצל 250גרם,,250.00,100 גרם,false,,11.60,0.0464,true,1,21067
7290000061108,false,"רוטב טריאקי 290 מ""ל-בקבוק",קבוצת אוסם סחר שותפות מוגבלת,,רוטב טריאקי אסם 290,,290.00,"100 מ""ל",false,,11.90,0.0410,true,1,21069
7290000061245,false,עוגיות שוקוצ'יפס במילוי שוקולד אסם 220 גרם,קבוצת אוסם סחר-שות.מוגבלת,,אסם עוגיות שוקוצ'יפס,,220.00,100 גרם,false,,12.70,0.0577,true,1,21071
7290000061450,false,פתיתים אפויים קוסקוס 3 צבעים אסם 500 גרם,קבוצת אסם סחר שות. מוגבלת,,פתיתים קוסקוס 3 צבעי,,500.00,100 גרם,false,,7.80,0.0156,true,1,68173
7290000062952,false,אוסם - מיני קרוטונים למרק ולסלט 250 גרם,קבוצת אוסם סחר שותפות מוגבלת,,מיני קרוטונים למרק ו,,250.00,100 גרם,false,,16.20,0.0648,true,1,21080
7290000063102,false,קמח עוגה תופח מאליו אסם 350 גרם,קבוצת אוסם סחר שותפות מוגבלת,,קמח תופח קטן אסם 350,,350.00,100 גרם,false,,5.80,0.0166,true,1,21083
7290000063140,false,שקדי מרק רכיבים טבעיים בשקית 400 ג' אסם,קבוצת אוסם סחר שותפות מוגבלת,,שקדי מרק רכיבים טבעי,,400.00,100 גרם,false,,11.90,0.0298,true,1,21085
7290000064758,false,קוסקוס בינוני אמיתי אסם 350 ג',קבוצת אוסם סחר שותפות מוגבלת,,קוסקוס אמיתי אסם 350,,350.00,100 גרם,false,,8.80,0.0251,true,1,21096
7290000065090,false,מיני קרוטונים מתובלים למרק ולסלט אסם 400 גרם,קבוצת אוסם סחר שותפות מוגבלת,,מיני קרוטונים למרק ו,,400.00,100 גרם,false,,26.50,0.0663,true,1,21098
7290000065557,false,אוסם - מנה חמה קוסקוס עם ירקות 84 גרם,קבוצת אוסם סחר שותפות מוגבלת,,מנה חמה קוסקוס וירקו,,84.00,100 גרם,false,,6.90,0.0821,true,1,68177
7290000065977,false,חטיפי פריכונים תירס שומשום אסם 80 גרם,קבוצת אוסם סחר שותפות מוגבלת,,חטיפי פריכונים תירס,,80.00,100 גרם,false,,8.20,0.1025,true,1,21108
7290000066141,false,ביסלי חטיף בטעם גריל אסם (70 גרם),קבוצת אוסם סחר שותפות מוגבלת,,ביסלי גריל 70 גר'.,,70.00,100 גרם,false,,4.50,0.0643,true,1,21110
7290000066196,false,ביסלי חטיף בטעם גריל אסם (200 גרם),קבוצת אוסם סחר שותפות מוגבלת,,ביסלי גריל 200גרם,,200.00,100 גרם,false,,7.90,0.0395,true,1,21115
7290000066318,false,במבה חטיף בוטנים אסם 80 גרם,קבוצת אוסם סחר שותפות מוגבלת,,במבה קלאסי 80 גרם,,80.00,100 גרם,false,,4.90,0.0613,true,1,21122
7290000066431,false,פופקו חטיף פופקורן בטעם חמאה ודבש אסם 80 גרם,קבוצת אוסם סחר שותפות מוגבלת,,פופקו חמאה ודבש 80גר,,80.00,100 גרם,false,,5.50,0.0688,true,1,21125
7290000067407,false,פרורית מתובלת בשקית 200 גרם,קבוצת אוסם סחר שותפות מוגבלת,,פירורית מתובל שקית 2,,200.00,100 גרם,false,,7.50,0.0375,true,1,118786
7290000067544,false,פירורית זהב פירורי לחם אסם 200 גרם,קבוצת אוסם סחר שותפות מוגבלת,,אסם פירורית פירורי ל,,200.00,100 גרם,false,,7.50,0.0375,true,1,21133
7290000067599,false,מנה חמה ספגטי ברוטב בולונז אסם 65 גרם,קבוצת אוסם סחר שותפות מוגבלת,,מנה חמה ספגטי בולונז,,65.00,100 גרם,false,,6.90,0.1062,true,1,21137
7290000068138,false,אינסטנט פודינג בטעם וניל אסם 80 גרם,קבוצת אוסם סחר שותפות מוגבלת,,אסם פודינג אינסטנט ו,,80.00,100 גרם,false,,5.70,0.0713,true,1,21143
7290000068343,false,אסם פריכונים פרוסות קלויות מלא,קבוצת אוסם סחר שותפות מוגבלת,,פריכונים מאורז מלא א,,140.00,100 גרם,false,,9.00,0.0643,true,1,21153
7290000068701,false,אסם שקדי מרק רכיבים טבע.מיכל 400 גרם,קבוצת אוסם סחר שותפות מוגבלת,,שקדי מרק במיכל אסם 4,,400.00,100 גרם,false,,16.90,0.0422,true,1,68181
7290000068770,false,במבה יום הולדת חטיף בוטנים אסם 80 גרם,קבוצת אוסם סחר שותפות מוגבלת,,במבה יום הולדת 80גרם,,80.00,100 גרם,false,,4.90,0.0613,true,1,21155
7290000068787,false,במבה יום הולדת חטיף בוטנים אסם 25 גרם,קבוצת אוסם סחר שותפות מוגבלת,,במבה יום הולדת 25גרם,,25.00,100 גרם,false,,2.50,0.1000,true,1,21156
7290000069258,false,פסטה פרפקטו פנה ריגאטה 500 ג' אסם,קבוצת אוסם סחר-שות.מוגבלת,,פנה ריגאטה פרפקטו 50,,500.00,100 גרם,false,,7.60,0.0152,true,1,21162
7290000069364,false,פריכונים מאורז מלא ללא תוספת סוכר אסם 140 גרם,קבוצת אוסם סחר שותפות מוגבלת,,פריכונים מאורז מלא ל,,140.00,100 גרם,false,,9.00,0.0643,true,1,21163
7290000069609,false,חטיפי קרקר בטעם זעתר אסם (300 גרם),קבוצת אסם סחר שות. מוגבלת,,אסם חטיפי קרקר זעתר,,300.00,100 גרם,false,,12.90,0.0430,true,1,21167
7290000070308,false,אבקת מרק עוף אמיתי בשרי אסם 400 גרם,קבוצת אוסם סחר שותפות מוגבלת,,מרק עוף אמיתי אסם 40,,400.00,100 גרם,false,,21.70,0.0542,true,1,21174
7290000070322,false,אבקת מרק פטריות רכיבים טבעיים אסם 400 גרם,קבוצת אוסם סחר שותפות מוגבלת,,אבקת מרק פטריות רכיב,,400.00,100 גרם,false,,28.90,0.0722,true,1,21175
7290000070353,false,אבקת מרק בצל רכיבים טבעיים אסם 400 גרם,קבוצת אוסם סחר שותפות מוגבלת,,אבקת מרק בצל רכיבים,,400.00,100 גרם,false,,28.90,0.0722,true,1,21176
7290000070919,false,בייגלה רשתות עם מלח אסם (400 גרם),קבוצת אוסם סחר שותפות מוגבלת,,בייגלה אסם רשתות מלח,,400.00,100 גרם,false,,14.90,0.0373,true,1,118791
7290000072623,false,קטשופ אסם בקבוק לחיץ 750 גרם,קבוצת אוסם סחר שותפות מוגבלת,,אסם קטשופ בקבוק לחיץ,,750.00,100 גרם,false,,11.90,0.0159,true,1,21197
7290000072753,false,קפה נמס מגורען טסטרס צ'ויס 200 גרם-,קבוצת אוסם סחר שותפות מוגבלת,,נס קפה טייסטרס צ'ויס,,200.00,100 גרם,false,,31.90,0.1595,true,1,21200
7290000072968,false,דגני בוקר סיני מיניס חיטה מלאה וקינמון נסטלה 500 גרם,קבוצת אוסם סחר-שות.מוגבלת,,סיני מיניס דגני נסטל,יחידה,500.00,יחידה,false,,23.90,0.0478,true,1,21208
7290000073125,false,מנה חמה פסטה ברוטב עגבניות אסם (62 גרם),קבוצת אוסם סחר שותפות מוגבלת,,מנה חמה פסטה עם עגבנ,,62.00,100 גרם,false,,6.90,0.1113,true,1,21209
7290000073330,false,קשיו ענק קלוי,,,קשיו ענק קלוי,קילוגרמים,1.00,"ק""ג",true,,92.00,92.0000,true,1,34007
7290000073699,false,סלט חומוס צבר 150 גרם,קבוצת אוסם סחר שותפות מוגבלת,,צבר חומוס חלק 150ג,,150.00,100 גרם,false,,5.90,0.0393,true,1,21996
7290000073767,false,מנה חמה נודלס אטר.+ירקות טעם בקר 70 גרם,קבוצת אוסם סחר שותפות מוגבלת,,מנה חמה נודלס בטעם ב,,70.00,100 גרם,false,,6.90,0.0986,true,1,21213
7290000073774,false,מנה חמה נודלס אטר+ירקות טעם צילי 70 גרם,קבוצת אוסם סחר שותפות מוגבלת,,מנה חמה נודלס בטעם פ,,70.00,100 גרם,false,,6.90,0.0986,true,1,21214
7290000074153,false,ביסקוויט פתי בר שוקולד אסם (500 גרם),קבוצת אוסם סחר שותפות מוגבלת,,אסם פתי בר שוקו 500ג,,500.00,100 גרם,false,,13.90,0.0278,true,1,21219
7290000074184,false,ביסקוויט פתי בר אסם (500 גרם),קבוצת אוסם סחר שותפות מוגבלת,,אסם פתי בר 500גרם.,,500.00,100 גרם,false,,10.90,0.0218,true,1,21221
7290000074245,false,אוסם - קרם קרקר אסם 250 גרם,קבוצת אוסם סחר שותפות מוגבלת,,אסם קרם קרקר 250גרם,,250.00,100 גרם,false,,11.60,0.0464,true,1,21222
7290000074252,false,קרקר שומשום אסם (250 גרם),קבוצת אוסם סחר שותפות מוגבלת,,אסם קרקר שומשום 250ג,,250.00,100 גרם,false,,11.20,0.0448,true,1,21223
7290000074276,false,קרקר פיקנטי טבעון 250 ג' אסם,קבוצת אוסם סחר שותפות מוגבלת,,טבעון קרקר פיקנטי 25,,250.00,100 גרם,false,,11.60,0.0464,true,1,21224
7290000074375,false,אוסם - קרקר זהב 150 גרם,קבוצת אוסם סחר שותפות מוגבלת,,אסם קרקר זהב 150גרם,,150.00,100 גרם,false,,8.10,0.0540,true,1,21227
7290000074481,false,קרקר לחמית אגוזים אסם (160 גרם),קבוצת אסם סחר שות. מוגבלת,,לחמית אגוזים 160גרם,,160.00,100 גרם,false,,11.60,0.0725,true,1,21229
7290000074696,false,"קרם קרקר 1 ק""ג אוסם",קבוצת אוסם סחר שותפות מוגבלת,,אסם קרם קרקר 1קג,קילוגרמים,1.00,"ק""ג",false,,24.90,24.9000,true,1,68149
7290000075204,false,קרקר לחמית חיטה מלאה אסם (250 גרם),קבוצת אוסם סחר שותפות מוגבלת,,לחמית חיטה מלאה 250ג,,250.00,100 גרם,false,,9.90,0.0396,true,1,21238
7290000075693,false,עוגת הבית שמרים בריוש שוקולד אסם 360 גרם,קבוצת אסם סחר שות. מוגבלת,,עוגת שמרים בריוש שוק,,360.00,100 גרם,false,,18.50,0.0514,true,1,68197
7290000075761,false,עוגיות קוקיס מיסטר ש,,,גרעין אבטיח קלוי,קילוגרמים,1.00,"ק""ג",true,,61.00,61.0000,true,1,34009
7290000075778,false,עוגיות קוקיס שוקולד,בונז'ור,,עוגיות קוקיס שוקולד,קילוגרמים,1.00,"ק""ג",true,,47.00,47.0000,true,1,37250
7290000076133,false,בייגלה שמיניות קטנות עם מלח אסם 400 גרם,קבוצת אוסם סחר שותפות מוגבלת,,בייגלה אסם שמיניות ק,,400.00,100 גרם,false,,11.90,0.0298,true,1,68199
7290000076478,false,דלעת מקולפת טבעי,,,דלעת מקולפת טבעי,קילוגרמים,1.00,"ק""ג",true,,60.00,60.0000,true,1,34011
7290000076485,false,בוטן מטוגן,,,בוטן מטוגן,קילוגרמים,1.00,"ק""ג",true,,41.00,41.0000,true,1,34012
7290000076546,false,שקד ספרדי קלוי,,,שקד ספרדי קלוי,קילוגרמים,1.00,"ק""ג",true,,98.00,98.0000,true,1,34014
7290000076553,false,צנובר,,,צנובר,קילוגרמים,1.00,"ק""ג",true,,205.00,205.0000,true,1,34015
7290000076744,false,בונדוק קלוי,,,בונדוק קלוי,קילוגרמים,1.00,"ק""ג",true,,130.00,130.0000,true,1,34020
7290000076867,false,שקד מלובן,,,שקד מלובן,קילוגרמים,1.00,"ק""ג",true,,120.00,120.0000,true,1,34022
7290000076881,false,פקאן סיני,,,פקאן סיני,קילוגרמים,1.00,"ק""ג",true,,119.00,119.0000,true,1,34023
7290000077024,false,פיסטוק ענק קלוי,,,פיסטוק ענק קלוי,קילוגרמים,1.00,"ק""ג",true,,97.00,97.0000,true,1,34024
7290000077253,false,אוסם - לחמית כפרית עם דגנים מלאים 190 גרם,קבוצת אסם סחר שות. מוגבלת,,לחמית כפרית 190גרם,,190.00,100 גרם,false,,11.60,0.0611,true,1,21246
7290000077758,false,צימוק לבן ענק,,,צימוק לבן ענק,קילוגרמים,1.00,"ק""ג",true,,44.00,44.0000,true,1,34056
7290000077772,false,קבוקים,,,קבוקים,קילוגרמים,1.00,"ק""ג",true,,35.00,35.0000,true,1,34057
7290000077789,false,תאנים מיובשות,,,תאנים מיובשות,קילוגרמים,1.00,"ק""ג",true,,52.00,52.0000,true,1,34058
7290000077796,false,שזיף ללא גרעינים,,,שזיף ללא גרעינים,קילוגרמים,1.00,"ק""ג",true,,45.00,45.0000,true,1,34059
7290000077857,false,צימוק לבן,,,צימוק לבן,קילוגרמים,1.00,"ק""ג",true,,37.00,37.0000,true,1,34062
7290000077864,false,משמש אוזבקי,,,משמש אוזבקי,קילוגרמים,1.00,"ק""ג",true,,55.00,55.0000,true,1,34063
7290000077925,false,אסם טוסטים צנימים עגולים חטה.מלא 125 גרם,קבוצת אסם סחר שות. מוגבלת,,טוסטעים עגול חיטה מל,,125.00,100 גרם,false,,11.40,0.0912,true,1,21249
7290000078212,false,קרוטונים מתובלים למרק אסם (250 גרם),קבוצת אוסם סחר שותפות מוגבלת,,קרוטונים מתובלים אסם,,250.00,100 גרם,false,,15.80,0.0632,true,1,21250
7290000078335,false,אוכמניות / חמוציות,,,אוכמניות / חמוציות,קילוגרמים,1.00,"ק""ג",true,,51.00,51.0000,true,1,34072
7290000078380,false,תמר מג`הול ענק,,,תמר מג`הול ענק,קילוגרמים,1.00,"ק""ג",true,,44.00,44.0000,true,1,34074
7290000078564,false,קשיו מסוכר,,,קשיו מסוכר,קילוגרמים,1.00,"ק""ג",true,,77.00,77.0000,true,1,34079
7290000078601,false,קשיו טבעי,,,קשיו טבעי,קילוגרמים,1.00,"ק""ג",true,,85.00,85.0000,true,1,34080
7290000078687,false,חטיפים בטעמים,,,חטיפים בטעמים,קילוגרמים,1.00,"ק""ג",true,,31.00,31.0000,true,1,34082
7290000078762,false,אוסם - חטיפי פריכונים מאורז מלא בטעם דבש 80גר,קבוצת אוסם סחר-שות.מוגבלת,,חטיפי פריכונים אורז,,80.00,100 גרם,false,,8.20,0.1025,true,1,21251
7290000079233,false,קרם קרקר דיאטטי דל נתרן 250 גרם,קבוצת אוסם סחר שותפות מוגבלת,,אסם קרם קרקר דל נתרן,,250.00,100 גרם,false,,11.90,0.0476,true,1,21252
7290000080758,false,פת קלויה טוסטעים אסם (100 גרם),קבוצת אוסם סחר שותפות מוגבלת,,טוסטעים פת קלוי אסם,,100.00,100 גרם,false,,11.40,0.1140,true,1,21254
7290000080765,false,פת קלויה טוסטעים עם שומשום אסם (100 גרם),קבוצת אוסם סחר שותפות מוגבלת,,טוסטעים פת קלויה עם,,100.00,100 גרם,false,,11.40,0.1140,true,1,21255
7290000081663,false,"בייגלה טבעות שומשום אסם 300 גרם בד""ץ",קבוצת אוסם סחר שותפות מוגבלת,,בייגלה אסם טבעות שומ,,300.00,100 גרם,false,,11.90,0.0397,true,1,68200
7290000085180,false,גטניו פתי בר וניל 470 גרם,"אחים גטניו בע""מ",,גטניו - פתיבר וניל 4,,470.00,100 גרם,false,,9.90,0.0211,true,1,120683
7290000100018,false,גביניות,,,גביניות,קילוגרמים,1.00,"ק""ג",true,,42.00,42.0000,true,1,99325
7290000100081,false,לחמניה קשר/קלועה,,,לחמניה קשר/קלועה,,1.00,"100 מ""ל",false,,3.20,3.2000,true,1,95972
7290000100128,false,פירות קפואים תות 300 גר`סנפרוסט,תנובה ענף ב.ע.ד,,סדרת פירות קפואים-תו,,300.00,100 גרם,false,,17.90,0.0597,true,1,125665
7290000100156,false,נילס קוקיס חלבי,,,נילס קוקיס חלבי,קילוגרמים,1.00,"ק""ג",true,,52.00,52.0000,true,1,117148
7290000100160,false,נילס קוקיס שוקו,,,נילס קוקיס שוקו,קילוגרמים,1.00,"ק""ג",true,,54.00,54.0000,true,1,65982
7290000100615,false,5 יח' חליות לחמניו,,,5 יח' חליות לחמניו,,1.00,יח',false,,14.90,14.9000,true,1,117158
7290000100620,false,"כיס גבינה/תפו""ע",,,"כיס גבינה/תפו""ע",קילוגרמים,1.00,"ק""ג",true,,44.00,44.0000,true,1,117159
7290000101132,false,לקט קטניות לחמין סנפרוסט 800 גר,תנובה ענף ב.ע.ד,,לקט קטניות לחמין 800,,800.00,100 גרם,false,,24.90,0.0311,true,1,26813
7290000101927,false,אוכמניות כחולות מוקפאות סנפרוסט 300 גרם,תנובה ענף ב.ע.ד,,אוכמניות כחולות מוקפ,,300.00,100 גרם,false,,17.90,0.0597,true,1,79151
7290000101934,false,מיקס פירות יער מוקפאים 300 גר סנפרוסט,תנובה ענף ב.ע.ד,,מיקס פירות יער 300 ג,,300.00,100 גרם,false,,17.90,0.0597,true,1,79152
7290000101958,false,מנגו חתוך מוקפא סנפרוסט (300 גרם),תנובה ענף ב.ע.ד,,מנגו מוקפא 300 גרם,,300.00,100 גרם,false,,17.90,0.0597,true,1,79153
7290000103123,false,5 יח' גבטה/ג'בטה כפ,,,5 יח' גבטה/ג'בטה כפ,,1.00,יח',false,,22.90,22.9000,true,1,211830
7290000103433,false,"לקט ירקות לתנור 800 גרם ""סנפרוסט""",תנובה מרכז שיתופי לשיווק תוצרת,,לקט ירקות לתנור 800,,800.00,100 גרם,false,,24.90,0.0311,true,1,26824
7290000103839,false,מרק כתום עשיר בירקות סנפרוסט (572 גרם),תנובה מרכז שיתופי לשיווק תוצרת,,סנפרוסט מרק כתום קפו,,572.00,100 גרם,false,,19.90,0.0348,true,1,26851
7290000103860,false,מרק עדשים עשיר בירקות סנפרוסט (572 גרם),תנובה מרכז שיתופי לשיווק תוצרת,,סנפרוסט מרק עדשים קפ,,572.00,100 גרם,false,,19.90,0.0348,true,1,26853
7290000104188,false,שעועית אדומה מוקפאת מבושלת מוכנה לאכילה,תנובה מרכז שיתופי לשיווק תוצרת,,סנפרוסט שעועית אדומה,,800.00,100 גרם,false,,21.50,0.0269,true,1,26860
7290000104201,false,אפונה עדינה מוקפאת סנפרוסט (600 גרם),תנובה ענף ב.ע.ד,,אפונה עדינה סנפרוסט,,600.00,100 גרם,false,,19.90,0.0332,true,1,26861
7290000104218,false,סנפרוסט במיה 600 גרם,תנובה מרכז שיתופי לשיווק תוצרת,,סנפרוסט במיה 600גר,,600.00,100 גרם,false,,17.90,0.0298,true,1,26862
7290000104676,false,אפונה קפואה סנפרוסט 800 גרם,תנובה מרכז שיתופי לשיווק תוצרת,,אפונת גינה סנפרוסט 8,,800.00,100 גרם,false,,19.90,0.0249,true,1,26865
7290000104683,false,שעועית ירוקה שלמה סנפרוסט (800 גרם),תנובה מרכז שיתופי לשיווק תוצרת,,שעועית שלמה סנפרוסט,,800.00,100 גרם,false,,22.90,0.0286,true,1,26866
7290000104690,false,גרעיני תירס מוקפאים סנפרוסט (800 גרם),תנובה מרכז שיתופי לשיווק תוצרת,,תירס גרעינים 800גר,,800.00,100 גרם,false,,19.90,0.0249,true,1,26867
7290000104706,false,גזר גמדי מוקפא סנפרוסט (800 גרם),תנובה מרכז שיתופי לשיווק תוצרת,,גזר גמדי 800 גרם,,800.00,100 גרם,false,,19.40,0.0242,true,1,26868
7290000104713,false,פול ירוק קפוא סנפורסט 800 גרם,תנובה מרכז שיתופי לשיווק תוצרת,,פול ירוק 800גר,,800.00,100 גרם,false,,26.60,0.0333,true,1,26869
7290000104720,false,שעועית ירוקה חתוכה סנפרוסט (800 גרם),תנובה מרכז שיתופי לשיווק תוצרת,,שעועית ירוקה חתוכה ס,,800.00,100 גרם,false,,20.90,0.0261,true,1,26870
7290000104744,false,כרובית מוקפאת סנפרוסט (800 גרם),תנובה מרכז שיתופי לשיווק תוצרת,,כרובית 800גר,,800.00,100 גרם,false,,28.00,0.0350,true,1,26872
7290000104751,false,כרוב ניצנים סנפרוסט (800 גרם),תנובה מרכז שיתופי לשיווק תוצרת,,כרוב ניצנים 800גר,,800.00,100 גרם,false,,27.80,0.0348,true,1,26873
7290000104768,false,עלי תרד סנפרוסט (800 גרם),תנובה מרכז שיתופי לשיווק תוצרת,,תרד עלים 800 גרם,,800.00,100 גרם,false,,28.40,0.0355,true,1,26874
7290000104799,false,שעועית לבנה מבושלת סנפרוסט (800 גרם),תנובה מרכז שיתופי לשיווק תוצרת,,שעועית לבנה מבושלת 8,,800.00,100 גרם,false,,21.70,0.0271,true,1,26876
7290000104805,false,גרגרי חומוס מבושלים סנפרוסט (800 גרם),תנובה מרכז שיתופי לשיווק תוצרת,,גרגירי חומוס קפוא 80,,800.00,100 גרם,false,,21.70,0.0271,true,1,26877
7290000104829,false,קלחי תירס חתוכים סנפרוסט 1 קילו,תנובה מרכז שיתופי לשיווק תוצרת,,"קלחוני תירס 1 ק""ג",קילוגרמים,1.00,"ק""ג",false,,21.90,21.9000,true,1,26878
7290000104836,false,שעועית ירוקה עדינה שלמה סנפרוסט 600 גרם,תנובה מרכז שיתופי לשיווק תוצרת,,שעועית עדינה שלמה סנ,,600.00,100 גרם,false,,23.90,0.0398,true,1,26879
7290000104874,false,לקט מוקפא לקוסקוס סנפרוסט (800 גרם),תנובה מרכז שיתופי לשיווק תוצרת,,לקט קוסקוס 800גר,,800.00,100 גרם,false,,24.90,0.0311,true,1,26881
7290000104881,false,לקט אפונה וגזר מוקפאים סנפרוסט (800 גרם),תנובה מרכז שיתופי לשיווק תוצרת,,אפונה וגזר 800 גרם ס,,800.00,100 גרם,false,,17.90,0.0224,true,1,26882
7290000104911,false,לקט נורמנדי מוקפא סנפרוסט (800 גרם),תנובה מרכז שיתופי לשיווק תוצרת,,לקט נורמנדי 800גר,,800.00,100 גרם,false,,24.90,0.0311,true,1,26884
7290000106526,false,לקט חגיגה ירוקה להקפצה 800 גרם סנפרוסט,תנובה ענף ב.ע.ד,,סנפרוסט חגיגה ירוקה,,800.00,100 גרם,false,,25.90,0.0324,true,1,144438
7290000107165,false,חטיף סויה אדממה סנפרוסט (400 גרם),תנובה מרכז שיתופי לשיווק תוצרת,,פולי סויה אדממה קפוא,,400.00,100 גרם,false,,14.90,0.0373,true,1,26888
7290000107189,false,תחתיות ארטישוק סנפרוסט (400 גרם),תנובה מרכז שיתופי לשיווק תוצרת,,תחתיות ארטישוק 400גר,,400.00,100 גרם,false,,24.70,0.0617,true,1,26889
7290000107295,false,תפרחות ברוקולי סנפרוסט 800 גרם,תנובה מרכז שיתופי לשיווק תוצרת,,תפרחות ברוקולי 800ג,,800.00,100 גרם,false,,28.90,0.0361,true,1,26890
7290000107622,false,ירקות ופסטה א-לה איטליה סנפרוסט 800 גרם,"איי, בי, אינבוו",,סנפרוסט פסטה וירקות,,800.00,100 גרם,false,,25.90,0.0324,true,1,144441
7290000110844,false,כיפלי בטעם גריל בד`צ 70 גרם .,יוניליוור ישראל שיווק בע`מ,,חטיף כיפלי גריל 70 ג,,70.00,100 גרם,false,,6.50,0.0929,true,1,11083
7290000111063,false,מיונז אמיתי תלמה (250 גרם),יוניליוור ישראל שיווק בע`מ,,מיונז אמיתי 250 ג צנ,,250.00,100 גרם,false,,7.90,0.0316,true,1,11085
7290000111186,false,"מיונז אמיתי תלמה 500 גרם בד""צ","יוניליוור ישראל שיווק בע""מ",,מיונז אמיתי תלמה 500,,500.00,100 גרם,false,,10.40,0.0208,true,1,11088
7290000111353,false,מיונז אמיתי תלמה (1 קג),"יוניליוור ישראל שיווק בע""מ",,מיונז 1 קג,קילוגרמים,1.00,"ק""ג",false,,18.90,18.9000,true,1,11090
7290000111360,false,חרדל אמיתי חריף 250 גרם בצנצנת כשלפ,יוניליוור ישראל שיווק בע`מ,,חרדל אמיתי 250 גרם מ,,250.00,100 גרם,false,,6.90,0.0276,true,1,11091
7290000111384,false,חרדל אמיתי בצנצנת 550 ג' תלמה,יוניליוור ישראל שיווק בע`מ,,חרדל אמיתי תלמה 550,,550.00,100 גרם,false,,9.10,0.0165,true,1,11092
7290000112220,false,טחינה גולמית שומשום טהור בארכה 500 גרם,קבוצת אוסם סחר שותפות מוגבלת,,בארכה טחינה 100% שומ,,500.00,100 גרם,false,,15.90,0.0318,true,1,21258
7290000112237,false,"טחינה גולמית שומשום טהור בארכה 1 ק""ג","רושדי תעשיות מזון בע""\מ",,בארכה טחינה 100% שומ,קילוגרמים,1.00,"ק""ג",false,,22.90,22.9000,true,1,21259
7290000112497,false,מרק עשיר עוף אטריות קנור 75 גרם - שקיות,יוניליוור ישראל שיווק בע`מ,,מרק עשיר עוף עם אטרי,,68.00,100 גרם,false,,10.20,0.1500,true,1,11094
7290000112503,false,מרק עשיר ירקות קנור 69 גרם - שקיות,יוניליוור ישראל שיווק בע`מ,,מרק עשיר ירקות קנור,,61.00,100 גרם,false,,10.20,0.1672,true,1,11095
7290000112619,false,אבקת מרק עוף אמיתי קנור 400 ג' כשלפ,יוניליוור ישראל שיווק בע`מ,,מרק עוף אמיתי לתיבול,,400.00,100 גרם,false,,22.90,0.0572,true,1,11097
7290000116884,false,"רוטב ברביקיו קנור 300 גרם בד""צ",יוניליוור ישראל שיווק בע`מ,,רוטב ברביקיו קנור 20,,200.00,"100 מ""ל",false,,12.50,0.0625,true,1,11110
7290000117720,false,נמס בכוס פטריות קנור 21.5 גרם מארז זוגי,יוניליוור ישראל שיווק בע`מ,,מרק נמס בכוס פטריות,,43.00,100 גרם,false,,7.80,0.1814,true,1,11118
7290000121154,false,גבינה מותכת לייט עם סלמון 7% מון בלאן 120 גרם,נטו מלינדה סחר בע`מ,,מון בלאן סלמון 7% 12,,120.00,100 גרם,false,,12.90,0.1075,true,1,18238
7290000121239,false,מיוקל 5% שומן ללא כולסטרול תלמה 500ג',יוניליוור ישראל שיווק בע`מ,,מיוקל 5% מופחת שומן,,500.00,100 גרם,false,,15.00,0.0300,true,1,11131
7290000129457,false,אבקת רוטב פטריות קנור 28 ג' שקית,יוניליוור ישראל שיווק בע`מ,,רוטב פטריות 28גר,,28.00,100 גרם,false,,4.60,0.1643,true,1,11158
7290000134147,false,טעם וריח מוסקט טחון מיכל 40גר,"תבליני טעם וריח בע""מ",,טעם וריח מוסקט טחון,,40.00,100 גרם,false,,16.90,0.4225,true,1,49408
7290000134314,false,פיצה תערובת תיבול 120 גרם מיכל גדול,"תבליני טעם וריח בע""מ",,תערובת תיבול לפיצה ט,,120.00,100 גרם,false,,11.90,0.0992,true,1,49410
7290000134352,false,קינמון טחון בקופ' 90 גר' טעם וריח,"תבליני טעם וריח בע""מ",,טעם וריח קימנון טחון,,80.00,100 גרם,false,,11.90,0.1488,true,1,49412
7290000134673,false,זנגויל טחון מיכל 30 גרם,"תבליני טעם וריח בע""מ",,תבלין זנגביל טעם ורי,,30.00,100 גרם,false,,7.00,0.2333,true,1,49419
7290000134833,false,כמון טחון בקופ' 100 גר' טעם וריח,"תבליני טעם וריח בע""מ",,טעם וריח ת.כמון במיכ,,100.00,100 גרם,false,,11.90,0.1190,true,1,49423
7290000134840,false,כורכום טחון בקופ' 100 גר' טעם וריח,"תבליני טעם וריח בע""מ",,טעם וריח ת.כורכום במ,,100.00,100 גרם,false,,11.90,0.1190,true,1,49424
7290000134864,false,פפריקה חריפה בקופ' 100 גר' טעם וריח,"תבליני טעם וריח בע""\מ",,תבלין פפריקה חריפה ט,,100.00,100 גרם,false,,11.90,0.1190,true,1,49426
7290000134871,false,פלפל שחור טחון בקופ' 100 גר' טעם וריח,"תבליני טעם וריח בע""מ",,טעם וריח ת. פלפל שחו,,100.00,100 גרם,false,,15.00,0.1500,true,1,49427
7290000134987,false,פלפל שחור גרוס בקופ' 90 גר' טעם וריח,"תבליני טעם וריח בע""מ",,טעם וריח פלפל שחור ג,,90.00,100 גרם,false,,15.00,0.1667,true,1,49429
7290000135151,false,"טמפו סודה למון ליים בקבוק 250 מ""ל",טמפו משקאות בעמ,,סודה נגיעות לימון 27,,275.00,"100 מ""ל",false,,3.90,0.0142,true,1,278422
7290000135625,false,"רביעיית פחיות בירה גולדסטאר 500 מ""ל","טמפו משקות בע""\מ",,גולדסטאר פחיות 4*500,ליטרים,2.00,ליטר,false,,35.90,17.9500,true,1,312608
7290000136189,false,משקה דיאט 7UP בקבוק 1.5 ליטר פיקדון,"טמפו משקאות בע""\ם.",,סבן אפ דיאט 1.5 ליטר,ליטרים,1.50,ליטר,false,,8.10,5.4000,true,1,360347
7290000136646,false,בירה שחורה נשר מאלט בקבוק 1.5 ליטר,"טמפו משקאות בע""\מ",,נשר מאלט 1.5 ליטר,ליטרים,1.50,ליטר,false,,10.00,6.6667,true,1,359990
7290000136653,false,בירה שחורה נשר מאלט דיאט בקבוק 1.5ל`,"טמפו משקאות בע""\מ",,נשר מאלט דיאט 1.5 לי,ליטרים,1.50,ליטר,false,,10.00,6.6667,true,1,359991
7290000136660,false,סודה טמפו ליטר וחצי,טמפו,,טמפו סודה 1.5 ליטר,ליטרים,1.50,ליטר,false,,3.90,2.6000,true,1,360272
7290000136684,false,פפסי מקס משקה מוגז דל קלוריות בטעם קולה,טמפו משקאות בע`מ,,פפסי מקס 1.5 ליטר,ליטרים,1.50,ליטר,false,,8.10,5.4000,true,1,360445
7290000136790,false,טמפו מי סודה 6*1.5 ליטר פיקדון,"טמפו משקאות בע""\מ",,טמפו סודה 6*1.5 ליטר,ליטרים,9.00,ליטר,false,,19.70,2.1889,true,1,360163
7290000136844,false,מארז מים מזוככים אקווה נובה שישיית 2 ליטר,"טמפו משקאות בע""\מ",,אקווה נובה 6*2 ליטר,ליטרים,12.00,ליטר,false,,13.90,1.1583,true,1,360034
7290000136851,false,סבן אפ פיקדון 1.5 ליטר,טמפו משקאות בע`מ,,סבן אפ 1.5 ליטר,ליטרים,1.50,ליטר,false,,8.30,5.5333,true,1,360397
7290000136875,false,שישיית מים מינרליים מוגזים סן בנדטו 1.5 ליטר,סאן בנדטו San Benedetto,,סאן בנדטו מים מינרלי,ליטרים,9.00,ליטר,false,,21.90,2.4333,true,1,360148
7290000137643,false,שלגוני טעמקור בטעם שוקו וניל שטראוס 8*50 גרם,"גלידת שטראוס בע""\מ, רחוב",,שלגוני טעמקור 8יח,,416.00,100 גרם,false,,44.50,0.1070,true,1,4762
7290000139898,false,סטייק עם עצם כשר ארו,,,סטייק עם עצם כשר ארו,קילוגרמים,1.00,"ק""ג",true,,139.90,139.9000,true,1,194244
7290000144160,false,"שמן זית כתית מעולה ארומתי עץ הזית 750 מ""ל","מרקאולאו, ספרד.אבסה,",,שמן זית כתית מעולה א,,750.00,"100 מ""ל",false,,35.90,0.0479,true,1,31519
7290000144467,false,שמן חמניות מועשר בנוגדי חמצון 1 ל' עץ הזית,"נארז ע""י : א.ג. גילר",,שמן חמניות בריאות מה,ליטרים,1.00,ליטר,false,,15.90,15.9000,true,1,31523
7290000144474,false,שמן עץ הזית קנולה 1 ליטר בריאות מהטבע,סוגת תעשיות בעמ,,שמן קנולה בריאות עץ,ליטרים,1.00,ליטר,false,,15.90,15.9000,true,1,31524
7290000146928,false,"משחת שיניים לילדים בטעם ענבים טום וג'רי 50 מ""ל",טרופיקל דגיל קוסמטיק,,משחת שיניים טעם ענבי,,50.00,"100 מ""ל",false,,9.60,0.1920,true,1,8652
7290000146997,false,משחת שיניים לילדים מסטיק טום וג'רי 50 מל,טרופיקל דגיל קוסמטיק,,משחת שיניים טום וגרי,,50.00,"100 מ""ל",false,,9.60,0.1920,true,1,8653
7290000149905,false,טקסטיל שמפו נוזלי לאריגים עדינים1ליט,החברה הדרומית לשיווק בעמ,,טקסטיל שמפו-1 ליטר נ,ליטרים,1.00,ליטר,false,,14.80,14.8000,true,1,31792
7290000158105,false,שניצל עוף מיני דינוזאור ללא אנטיביוטיקה מ100% ר.טבעי,קבוצת אסם סחר שות. מוגבלת,,עוף טוב שניצל עוף מי,,700.00,100 גרם,false,,34.90,0.0499,true,1,22048
7290000168173,false,"ברנפלקס קרנצ'ים תלמה בד""ץ 375 גרם",יוניליוור ישראל שיווק בעמ,,ברנפלקס קרנצים תלמה,,375.00,100 גרם,false,,24.90,0.0664,true,1,11261
7290000169538,false,"נמס בכוס עגבניות וקרוטונים מרק כשרות בד""ץ 62 ג' קנור",יוניליוור ישראל שיווק בע`מ,,נמס בכוס עגבניות וקר,,62.00,100 גרם,false,,7.80,0.1258,true,1,11285
7290000174723,false,שוקולית אבקה להכנת משקה שוקו 500 גרם,הנסיך- מפעל לייצור ט,,שוקולית 500 גרם,,500.00,100 גרם,false,,13.90,0.0278,true,1,24034
7290000176079,false,קפה טורקי עם הל עלית (100 גרם),הנסיך- מפעל לייצור ט,,טורקי עלית קפה עם הל,,100.00,100 גרם,false,,9.90,0.0990,true,1,24037
7290000176413,false,קפה נמס עלית פחית 50 גרם,הנסיך- מפעל לייצור ט,,עלית נמס 50 גר',,50.00,100 גרם,false,,10.90,0.2180,true,1,24042
7290000176420,false,קפה נמס פחית עלית 200 גרם,פיקסל אם.גי.אם בעמ,,קפה נמס עלית פחית 20,,200.00,100 גרם,false,,21.90,0.1095,true,1,24043
7290000176468,false,קפה נמס נטול קפאין 50 ג' קפה האג,שטראוס גרופ בע`מ,,האג קפה נטול קפאין 5,,50.00,100 גרם,false,,10.90,0.2180,true,1,24044
7290000178707,false,חטיף צ`יפס בטעם טבעי תפוצ`יפס (50 גרם),"שטראוס פריטו ליי בע""\מ )",,תפוציפס טבעי 50 גרם,,50.00,100 גרם,false,,4.30,0.0860,true,1,25339
7290000178721,false,חטיף צ`יפס בטעם טבעי תפוצ`יפס (200 גרם),"שטראוס פריטו ליי בע""\מ )",,תפוציפס טבעי 200 גרם,,200.00,100 גרם,false,,10.90,0.0545,true,1,25341
7290000187921,false,נייר טואלט דו שכבתי לבן לילי 32 יחידות,קימברלי קלארק ישראל שיווק בעמ,,"נייר טואלט ""לילי"" לב",,588.00,מטר,false,,41.90,0.0713,true,1,9560
7290000187952,false,נייר טואלט תלת שכבתי ורוד לילי 32 יחידות,קימברלי קלארק ישראל שיווק בעמ,,נייר טאולט לילי טריו,,537.00,מטר,false,,42.90,0.0799,true,1,9562
7290000188270,false,ממחטות אף אולטרה סופט קלינקס 2*80 יחידות,קימברלי קלארק ישראל שיווק בעמ,,קליניקס ממחטות אף או,יחידה,0.00,יחידה,false,,18.90,0.0000,true,1,114066
7290000188355,false,ניקול מגבות נייר לבנות 6 גלילים,קימברלי קלארק ישראל שיווק בעמ,,מגבות מטבח ניקול לבנ,,64.80,מטר,false,,12.90,0.1991,true,1,9566
7290000188553,false,קוטקס מגן תחתון יאנג ביג 60 יחידות,קימברלי קלארק ישראל שיווק בעמ,,מגן תחתון סילק נורמל,יחידה,0.00,יחידה,false,,21.90,0.0000,true,1,9571
7290000189116,false,תבניות עגולות עבות במיוחד 5 יחידות ניקול,קימברלי קלארק ישראל שיווק בעמ,,ניקול תבניות עגולות,יחידה,0.00,יחידה,false,,10.90,0.0000,true,1,114067
7290000189192,false,סופר מטלית מטליות נייר רב פעמיות ניקול 64 יחידות,קימברלי קלארק ישראל שיווק בעמ,,ניקול מטלית חכמה יומ,,64.00,יח',false,,17.60,0.2750,true,1,9580
7290000189260,false,תבניות מלבניות עבות וחזקות ניקול 5 יחידות,קימברלי קלארק ישראל שיווק בעמ,,ניקול תבניות מלבניות,יחידה,0.00,יחידה,false,,10.90,0.0000,true,1,114068
7290000189871,false,"שקיות אשפה עם שרוך 52 * 65 ס""מ ניקול 55 שקיות",קימברלי קלארק ישראל שיווק בעמ,,אשפתון 55 שקיות,יחידה,0.00,יחידה,false,,22.90,0.0000,true,1,9603
7290000191539,false,חמישיית ממחטות טישו צבועני לילי 100 יחידות,קימברלי קלארק ישראל שיווק בעמ,,לילי צבעוני חמישיה-9,יחידה,0.00,יחידה,false,,15.90,0.0000,true,1,9627
7290000193540,false,מגן תחתון לונג נטורל לילי 52 יחידות,קימברלי קלארק ישראל שיווק בעמ,,מגן תחתון נטורל לונג,יחידה,0.00,יחידה,false,,18.50,0.0000,true,1,9646
7290000195216,false,נייר אפייה בשקית ניקול 50 יחידות,קימברלי קלארק ישראל שיווק בעמ,,ניקול נייר אפייה בשק,יחידה,0.00,יחידה,false,,11.90,0.0000,true,1,9662
7290000195773,false,האגיס - מגבוני האגיס סנסטיב קר לא מבושם 64 יח' * 4,קימברלי קלארק ישראל שיווק בעמ,,מגבוני האגיס סנסטיב,יחידה,0.00,יחידה,false,,20.90,0.0000,true,1,9673
7290000196763,false,"שקיות אשפה חזקות במיוחד עם שרוך 52 * 65 ס""מ ניקול 40 יחידות",קימברלי קלארק ישראל שיווק בעמ,,ניקול השקית החזקה,יחידה,0.00,יחידה,false,,28.50,0.0000,true,1,9679
7290000197081,false,ניקול ניילון נצמד 150 מטר+מתקן לחיתוך קל,קימברלי קלארק ישראל שיווק בעמ,,ניילונית נצמד ניקול,,150.00,מטר,false,,30.90,0.2060,true,1,9683
7290000197432,false,שקיות אוכל סנדביצ'ון ניקול מארז 150X2יח',קימברלי קלארק ישראל שיווק בעמ,,ניקול שקיות אוכל זוג,יחידה,0.00,יחידה,false,,14.50,0.0000,true,1,9696
7290000204215,false,שישיית כרית יפנית ניקול 6 יחידות,קימברלי קלארק ישראל שיווק בעמ,,ניקול כריות יפניות 6,יחידה,0.00,יחידה,false,,12.90,0.0000,true,1,9748
7290000204307,false,מטלית רב שימושית בגליל ניקול 40 יחידות,קימברלי קלארק ישראל שיווק בעמ,,מטליות ניקול 40 רב ש,יחידה,0.00,יחידה,false,,22.90,0.0000,true,1,9751
7290000204512,false,מטליות לחות לניקוי רצפה בריח לימון ניקול 10 יחידות,קימברלי קלארק ישראל שיווק בעמ,,מטליות לחות לרצפה בר,יחידה,0.00,יחידה,false,,11.90,0.0000,true,1,9752
7290000205915,false,חיתולי האגיס אקסטרה קייר מידה 4 40 יחידות,קימברלי קלארק ישראל שיווק בעמ,,האגיס אקסטרה קייר מי,יחידה,0.00,יחידה,false,,54.90,0.0000,true,1,9756
7290000207063,false,רסק עגבניות פריכוז 28% 240 גרם יכין,היינץ צפון אמריקה מק,,רוטב עגבניות פריכוז,,240.00,100 גרם,false,,4.90,0.0204,true,1,9294
7290000207162,false,רוטב עגבניות מרכיב טבעי 100 ג' יכין,זנלכול יכין,,רוטב עגבניות 100 גרם,,100.00,100 גרם,false,,2.90,0.0290,true,1,9297
7290000207438,false,עגבניות מקולפות חתוכות לקוביות,זנלכול יכין,,עגבניות לקוביות יכין,,800.00,100 גרם,false,,9.90,0.0124,true,1,9298
7290000207764,false,חטיף יפני,,,חטיף יפני,קילוגרמים,1.00,"ק""ג",true,,67.00,67.0000,true,1,34100
7290000208022,false,עגבניות 2.5 A מרוסקות 850 גרם יכין,זנלכול יכין,,עגבניות מרוסקות יכין,,800.00,100 גרם,false,,9.90,0.0124,true,1,9301
7290000208077,false,אפונת גינה גדולה יכין (550 גרם),זנלכול יכין,,אפונת גינה גדולה L י,,335.00,100 גרם,false,,8.90,0.0266,true,1,9303
7290000208114,false,"אפונה וגזר יכין A2 פ""ק בית יוסף",זנלכול יכין,,אפונת גינה וגזר יכין,,330.00,100 גרם,false,,8.90,0.0270,true,1,9306
7290000208145,false,גרעיני תירס מתוק לייט 550 גרם יכין,זנלכול יכין,,גרעיני תירס לייט יכי,,335.00,100 גרם,false,,9.90,0.0296,true,1,9309
7290000208213,false,שעועית לבנה אפויה A2 ברוטב עגבניות יכין 560ג',היינץ צפון אמריקה מק,,שעועית לבנה ברוטב עג,,355.00,100 גרם,false,,8.90,0.0251,true,1,9311
7290000208312,false,גרעיני תירס מתוק בואקום יכין 400 גר',"זנלכל בע""\מ",,גרעיני תירס מתוק יכי,,400.00,100 גרם,false,,7.90,0.0198,true,1,9316
7290000208329,false,גרעיני תירס מתוק יכין (550 גרם),זנלכול יכין,,גרעיני תירס מתוק יכי,,335.00,100 גרם,false,,8.90,0.0266,true,1,9317
7290000208336,false,רסק יכין 240גר 22% יכין בית יוסף,"זנלכל בע""\מ",,רוטב עגבניות יכין 24,,240.00,100 גרם,false,,4.90,0.0204,true,1,9318
7290000208428,false,גרגרי חומוס שלם 550 גרם יכין,היינץ צפון אמריקה מק,,חומוס שלם יכין 550 ג,,290.00,100 גרם,false,,8.90,0.0307,true,1,9323
7290000208534,false,תירס קיד גרעיני תירס מתוק יכין (550 גרם),זנלכול יכין,,גרעיני תירס קיד מתוק,,335.00,100 גרם,false,,11.90,0.0355,true,1,9328
7290000208800,false,תירס קיד גרעיני תירס מתוק יכין (400 גרם),זנלכול יכין,,תירס קיד מתוק יכין 4,,400.00,100 גרם,false,,6.90,0.0173,true,1,9330
7290000208855,false,רוטב לפסטה קלאסי יכין (240 גרם),זנלכול יכין,,רוטב לפסטה קלאסי יכי,,260.00,100 גרם,false,,6.90,0.0265,true,1,9331
7290000208893,false,גרעיני תירס מתוק לייט 400 גרם יכין,היינץ צפון אמריקה מק,,תירס לייט יכין 400 ג,,400.00,100 גרם,false,,6.90,0.0173,true,1,9332
7290000208947,false,עגבניות מרוסקות יכין (240 גרם),היינץ צפון אמריקה מק,,עגבניות מרוסקות יכין,יחידה,260.00,יחידה,false,,6.90,0.0265,true,1,9334
7290000208978,false,רוטב עגבניות (10028% גרם)פריכוז יכין,זנלכול יכין,,רוטב עגבניות פריכוז,,100.00,100 גרם,false,,3.20,0.0320,true,1,9335
7290000209371,false,מארז גרעיני תירס מתוק יכין (200x3 גרם),היינץ צפון אמריקה מק,,תירס שלישיה יכין 3*1,,495.00,100 גרם,false,,14.90,0.0301,true,1,9349
7290000209388,false,תירס מתוק לייט יכין 200 גרם מארז 3 יח',זנלכול יכין,,תירס לייט שלישיה יכי,,420.00,100 גרם,false,,14.90,0.0355,true,1,9350
7290000209951,false,רוטב עגבניות לפיצה 260 גרם יכין,"זנלכל בע""\מ",,רוטב עגבניות לפיצה י,,260.00,יח',false,,6.90,0.0265,true,1,9365
7290000211312,false,סוגת אורז מלא פרסי אחד אחד 1 קג,האי נאם סי או אל.טי.,,אורז מלא אחד אחד 1קג,קילוגרמים,1.00,"ק""ג",false,,9.90,9.9000,true,1,19382
7290000211442,false,אורז בסגנון פרסי קלאסי סוגת (1 קג),האי נאם סי או אל.טי.,,סוגת אורז פרסי קלאסי,קילוגרמים,1.00,"ק""ג",false,,10.90,10.9000,true,1,19385
7290000211503,false,סוכר לבן ארוז בשקית,"סוגת תעשיות בע""\מ",,"סוכר סוגת לבן 1 ק""ג",קילוגרמים,1.00,"ק""ג",false,,4.90,4.9000,true,1,19386
7290000211985,false,אורז עגול ריזוטו אחד אחד 1 קג,"סוגת תעשיות בע""\מ",,סוגת אורז עגול 1קג,קילוגרמים,1.00,"ק""ג",false,,9.90,9.9000,true,1,19389
7290000226545,false,"עוגת טורט היער השחור קפולסקי 1 ק""ג",קפולסקי שיווק וקמעונ,,עוגת טורט היער השחור,קילוגרמים,1.10,"ק""ג",false,,65.90,59.9091,true,1,70252
7290000238029,false,"בצק עלים צרפתי מרודד מעדנות 1 ק""ג",תנובה מרכז שיתופי לשיווק תוצרת,,"בצק עלים 1ק""ג",קילוגרמים,1.00,"ק""ג",false,,21.90,21.9000,true,1,38984
7290000238173,false,.בורקס במילוי גבינה 800 גרם מעדנות,מיוצר עי קונדיטוריית,,בורקס גבינה מעדנות 8,,800.00,100 גרם,false,,22.70,0.0284,true,1,69745
7290000243566,false,שמן קנולה בריאות עץ הזית (750 מל),סוגת תעשיות בעמ,,שמן קנולה בריאות עץ,,750.00,יח',false,,12.90,0.0172,true,1,31531
7290000245294,false,"פרסיל אבקת כביסה סופרא 2.5ק""ג",גורי שיווק בעמ,,אבקת כביסה פרסיל 2.5,קילוגרמים,2.50,"ק""ג",false,,27.90,11.1600,true,1,38210
7290000253220,false,שוקולדצ`יפס לאפייה 260 גר`אופנהיימר,תה ויסוצקי (ישראל) בעמ,,שוקולד צ'יפס אופנהיי,,260.00,100 גרם,false,,12.90,0.0496,true,1,14720
7290000262031,false,נייר טואלט מולט לבבות 32 גלילים,קימברלי קלארק ישראל שיווק בעמ,,נייר טואלט מולט לב 3,,563.00,מטר,false,,29.90,0.0531,true,1,9757
7290000263913,false,חמוציות,,,חמוציות,קילוגרמים,1.00,"ק""ג",true,,69.00,69.0000,true,1,34101
7290000272467,false,עסיס פטל דיאט סירופ 1 ליטר,קבוצת אוסם סחר שותפות מוגבלת,,סירופ דיאט פטל עסיס,ליטרים,1.00,ליטר,false,,17.90,17.9000,true,1,21267
7290000272696,false,מיץ לימון טבעי משומר 1 ליטר עסיס כלפ,קבוצת אוסם סחר שותפות מוגבלת,,מיץ לימון משומר עסיס,ליטרים,1.00,ליטר,false,,11.50,11.5000,true,1,21268
7290000272726,false,חומץ רכיבים רכיבים טבעיים 5% עסיס 1 ליטר,קבוצת אוסם סחר שותפות מוגבלת,,חומץ טבעי 5% עסיס 1,ליטרים,1.00,ליטר,false,,7.30,7.3000,true,1,21269
7290000286228,false,ספוגיות לניקוי כללי סנו סושי 6 יחידות,החברה הדרומית לשיווק בעמ,,סנו סושי שישיות כריו,יחידה,0.00,יחידה,false,,11.30,0.0000,true,1,31796
7290000286549,false,מטליות לניקוי כללי סנו סושי 9 יחידות,החברה הדרומית לשיווק בעמ,,סנו סושי מטליות לכל,יחידה,0.00,יחידה,false,,11.30,0.0000,true,1,31804
7290000286921,false,סנוקל רסס וכבס תרסיס אקדח 750 מ``ל,החברה הדרומית לשיווק בעמ,,סנוקל רסס כבס,,750.00,"100 מ""ל",false,,14.90,0.0199,true,1,31813
7290000286947,false,פילה דג סלמון נורווג,,,פילה דג סלמון נורווג,קילוגרמים,1.00,"ק""ג",true,,89.90,89.9000,true,1,474976
7290000287430,false,סנובון צבעוני לאסלה בריח לימון שלישייה,החברה הדרומית לשיווק בעמ,,סנובון שלישיה צבעוני,,165.00,100 גרם,false,,12.90,0.0782,true,1,31820
7290000288024,false,סנו - ז'אוול אקונומיקה בריח לימון 4 ליטר,החברה הדרומית לשיווק בעמ,,סנו ז'אוול בריח לימו,ליטרים,4.00,ליטר,false,,17.90,4.4750,true,1,31833
7290000288031,false,"אקונומיקה תו תקן 4 ליטר ""סנו""",החברה הדרומית לשיווק בעמ,,סנו אקנומיקה 4 ל,ליטרים,4.00,ליטר,false,,12.90,3.2250,true,1,31834
7290000288048,false,ז`אוול מרסס לניקוי כללי לבנדר סנו (1 ליט,החברה הדרומית לשיווק בעמ,,סנו ג'אוול מרסס אילנ,ליטרים,1.00,ליטר,false,,19.90,19.9000,true,1,31835
7290000288079,false,סנו - ז'אוול אקונומיקה לימון 2 ליטר,החברה הדרומית לשיווק בעמ,,סנו זאוול בריח לימון,ליטרים,2.00,ליטר,false,,13.60,6.8000,true,1,31836
7290000288109,false,"אבקת כביסה מקסימה אפקט ג''אוול 1.25 ק""ג סנו",החברה הדרומית לשיווק בעמ,,סנו מקסימה אפקט ג'או,קילוגרמים,1.25,"ק""ג",false,,15.90,12.7200,true,1,31838
7290000288352,false,"קוטל חרקים וזוחלים K-300 סנו 630 מ""ל",החברה הדרומית לשיווק בעמ,,K - 300,,630.00,"100 מ""ל",false,,23.00,0.0365,true,1,31842
7290000288727,false,סנו מקסימה אבקת כביסה מאסק מילוי 1.25,החברה הדרומית לשיווק בעמ,,סנו מקסימה מאסק 1.25,קילוגרמים,1.25,"ק""ג",false,,15.90,12.7200,true,1,31851
7290000289601,false,סנו ז'אוול בריח לבנדר 2 ל',"סנו מפעלי ברונוס בע""מ",,אקונומיקה LEVAJ לבנד,ליטרים,2.00,ליטר,false,,13.60,6.8000,true,1,136435
7290000289748,false,"מסיר שומנים לתנורים פורטה פלוס סנו 750 מ""ל",החברה הדרומית לשיווק בעמ,,סנו פורטה פלוס לתנור,,750.00,"100 מ""ל",false,,15.90,0.0212,true,1,31862
7290000291963,false,אקונומיקה סמיכה בריח לימון סנו ז'אוול 1 ליטר,החברה הדרומית לשיווק בעמ,,סנו ז'אוול סמיכה לימ,יחידה,0.00,יחידה,false,,8.90,0.0000,true,1,31869
7290000292557,false,סנומט מלוי נוזלי דוחה יתושים 45 לילות,החברה הדרומית לשיווק בעמ,,סנומט 45 נוזל מילוי,יחידה,0.00,יחידה,false,,18.50,0.0000,true,1,31876
7290000292687,false,סנובון מוצק לניקוי אסלה קלאסיק כחול סנו 3 יחידות,החברה הדרומית לשיווק בעמ,,סנובון כחול שלישיה,,165.00,100 גרם,false,,17.90,0.1085,true,1,31878
7290000293943,false,"מרסס לבן מסיר אבנית 1 ליטר אנטי קאלק ""סנו""",החברה הדרומית לשיווק בעמ,,סנו אנטי קאלק+מתז 1,ליטרים,1.00,ליטר,false,,18.90,18.9000,true,1,31887
7290000294780,false,אקונומיקה סמיכה בריח לימון סנו ז'אוול 4 ליטר,החברה הדרומית לשיווק בעמ,,סנו ז'אוול סמיכה 4 ל,ליטרים,4.00,ליטר,false,,17.90,4.4750,true,1,31894
7290000295404,false,שקיות אשפה עם שרוך 54 * 65 סנו סושי 60 יחידות,החברה הדרומית לשיווק בעמ,,שקיות אשפה נשלפות סנ,יחידה,0.00,יחידה,false,,23.90,0.0000,true,1,31901
7290000295572,false,"מארז זוגי מנקה אסלות 00 סנו 750 מ""ל",החברה הדרומית לשיווק בעמ,,מנקה אסלות 00 צמד,ליטרים,1.50,ליטר,false,,19.70,13.1333,true,1,31906
7290000295824,false,"רדיד אלומיניום 30 ס""מ רוחב סנו סושי 100 מטר",החברה הדרומית לשיווק בעמ,,סנו סושי רדיד אלומינ,,100.00,מטר,false,,49.90,0.4990,true,1,31910
7290000300900,false,שניצל תירס מרכיבים טבעיים טבעול 750 גרם,קבוצת אוסם סחר שותפות מוגבלת,,שניצל תירס טבעול רכי,,750.00,100 גרם,false,,27.90,0.0372,true,1,22070
7290000302126,false,אירופה פקט סיגריות,"דובק בע""מ",,אירופה פאקט.,יחידה,0.00,יחידה,false,,285.00,0.0000,false,1,61421
7290000313160,false,זהבה ושלושת הדובים עוגיות בטעם שוקולד אסם 350 גרם,קבוצת אוסם סחר שותפות מוגבלת,,חברים זהבה ושלושת הד,,250.00,100 גרם,false,,8.90,0.0356,true,1,68201
7290000313290,false,אסם נודלס נודלס איטריות מסולסלות 200גר,קבוצת אוסם סחר שותפות מוגבלת,,נודלס אטריות מסולסלו,יחידה,200.00,יחידה,false,,11.90,0.0595,true,1,21273
7290000334745,false,"ציפס אמריקאי דקדק תפוגן 1.5 ק""ג",קבוצת אוסם סחר שותפות מוגבלת,,"אמריקאן ציפס 1.5 ק""ג",קילוגרמים,1.50,"ק""ג",false,,29.90,19.9333,true,1,22085
7290000339566,false,מרכך כביסה ורוד בדין (4 ליטר),יוניליוור ישראל שיווק בע`מ,,בדין מרכך כביסה ורוד,ליטרים,4.00,ליטר,false,,21.90,5.4750,true,1,11313
7290000345215,false,תה כחול קלאסיק ויסוצקי 100 יחידות,תה ויסוצקי (ישראל) בעמ,,תה ויסוצקי קלאסיק 10,,100.00,100 גרם,false,,16.90,0.1690,true,1,26045
7290000345260,false,תה קלאסיק מעטפות ויסוצקי 25 יחידות,תה ויסוצקי (ישראל) בעמ,,תה ויסוצקי קלאסיק 25,,37.50,100 גרם,false,,8.00,0.2133,true,1,26046
7290000345284,false,תה ויסוצקי קלאסי אריזה ירוקה מרובעת (100 שקיקים),תה ויסוצקי (ישראל) בעמ,,תה ויסוצקי 1.5 קלאסי,,150.00,100 גרם,false,,17.90,0.1193,true,1,26048
7290000345291,false,תה ארל גרי 1.5/ 25 שקיקים ויסוצקי,תה ויסוצקי (ישראל) בעמ,,תה ארל גריי 1.5/25,,37.50,100 גרם,false,,18.20,0.4853,true,1,26049
7290000345307,false,תה ארל גרי 1.5/ 50 שקיקים ויסוצקי,תה ויסוצקי (ישראל) בעמ,,תה ארל גריי 1.5/50,,75.00,100 גרם,false,,32.90,0.4387,true,1,26050
7290000345536,false,תה נענע 1.5/ 25 שקיקים ויסוצקי,תה ויסוצקי (ישראל) בעמ,,תה נענע 25 שקיות 1.5,,37.50,100 גרם,false,,19.90,0.5307,true,1,26051
7290000346205,false,חליטת קמומיל הגן הקסום ויסוצקי 25 יחידות,תה ויסוצקי (ישראל) בעמ,,תה קמומיל 25 שקיקים,,37.50,100 גרם,false,,19.90,0.5307,true,1,26064
7290000347738,false,תה ירוק בתוספת עלי נענע 25 שקיקים,תה ויסוצקי (ישראל) בעמ,,תה ירוק נענע 25 שקיק,,37.50,100 גרם,false,,25.90,0.6907,true,1,26072
7290000347752,false,תה ירוק לימונית ולואיזה 25 שקיקים *1.5 ג'' ויסוצקי,תה ויסוצקי (ישראל) בעמ,,תה ירוק לימונית ולוא,,37.50,100 גרם,false,,25.90,0.6907,true,1,26074
7290000364261,false,"דקניקים, סלסולי פסטרמה כתף בקר מעושנת 120 גרם",תנובה מרכז שיתופי לשיווק תוצרת,,סלסולי כתף בקר 120 ג,,120.00,100 גרם,false,,16.90,0.1408,true,1,26734
7290000364278,false,דקניקים סלסולי סלמי איטלקי משובח טירת צבי 120 גרם,תנובה מרכז שיתופי לשיווק תוצרת,,סלסולי סלמי איטלקי מ,,120.00,100 גרם,false,,16.90,0.1408,true,1,26735
7290000364285,false,דקניקים סלסולי פסטרמה הודו טירת צבי 120 גרם,תנובה מרכז שיתופי לשיווק תוצרת,,טירת צבי סלסולי פסטר,,120.00,100 גרם,false,,16.90,0.1408,true,1,26736
7290000364292,false,דקניקים סלסולי פסטרמה הודו על גחלים 1% טירת צבי 120 גרם,תנובה מרכז שיתופי לשיווק תוצרת,,סלסולי פסטרמה גחלים,,120.00,100 גרם,false,,16.90,0.1408,true,1,26737
7290000364803,false,נקניקיות בקר אמריקאיות טירת צבי 500 גרם,הנסיך- מפעל לייצור ט,,נקניקיות קרנץ אמריקא,,500.00,100 גרם,false,,31.90,0.0638,true,1,26740
7290000364858,false,"נקניקיות עוף טרי טירת צבי 1 ק""ג",הנסיך- מפעל לייצור ט,,נקניקיות עוף טרי 1 ק,קילוגרמים,1.00,"ק""ג",false,,28.90,28.9000,true,1,26742
7290000364872,false,נקניקיות עוף טירת צבי (400 גרם),טיב טירת צבי 2000,,נקניקיות עוף 400 גרם,,400.00,100 גרם,false,,14.90,0.0373,true,1,26743
7290000367590,false,פסטרמה כפרית וסלמי פריזר כפרי טירת צבי 2*400 גרם,תנובה מרכז שיתופי לשיווק תוצרת,,צמד כפרי נק.סלמי+פסט,,800.00,100 גרם,false,,33.90,0.0424,true,1,26746
7290000377612,false,מיץ תפוזים סחוט טבעי פריגת 400 מל,*החברה המרכזית להפצת משקאותבעמ,,פריגת סחוט תפוזים 40,,400.00,"100 מ""ל",false,,10.60,0.0265,true,1,7055
7290000379258,false,"חלה מתוקה קונדטוריה ארוזה ""אנג'ל""",מאפיית שלמה א. אנג'\ל בע,,חלת קונדיטורית אנגל,,500.00,100 גרם,false,,15.90,0.0318,true,1,69560
7290000382227,false,שקיות גופיה מגה בעיר,,,שקיות גופיה מגה בעיר,יחידה,0.00,יחידה,false,,0.10,0.0000,true,1,6
7290000385074,false,אסאדו עגל כשר ארוז ט,,,אסאדו עגל כשר ארוז ט,קילוגרמים,1.00,"ק""ג",true,,49.90,49.9000,true,1,49637
7290000385098,false,מוזה {שריר} כשר ארוז,,,מוזה {שריר} כשר ארוז,קילוגרמים,1.00,"ק""ג",true,,69.90,69.9000,true,1,49638
7290000385128,false,צלי כתף עגל כשר טרי,,,צלי כתף עגל כשר טרי,קילוגרמים,1.00,"ק""ג",true,,89.90,89.9000,true,1,49639
7290000385159,false,קוביות לגולש כשר ארו,,,קוביות לגולש כשר ארו,קילוגרמים,1.00,"ק""ג",true,,69.90,69.9000,true,1,49641
7290000408316,false,יוגורט דנונה דל לקטוז 200 גרם,שטראוס גרופ בעמ/מצונן,,דנונה טבעי 3% 200מל,,200.00,יח',false,,3.70,0.0185,true,1,24760
7290000408354,false,יוגורט עם אורז מצופה שוקולד קקאו 175 ג' דנונה,שטראוס גרופ בעמ/מצונן,,דנונה קראנצ' פצפוצים,,175.00,"100 מ""ל",false,,4.80,0.0274,true,1,24761
7290000416021,false,ממרח בטעם שוקולד השחר העולה (500 גרם),השחר העולה תעשית ממתקים בעמ,,ממרח שוקולד השחר 500,,500.00,100 גרם,false,,14.90,0.0298,true,1,31066
7290000416045,false,ממרח בטעם שוקולד השחר העולה (1 קג),השחר העולה תעשית ממתקים בעמ,,ממרח שוקולד השחר 1 ק,קילוגרמים,1.00,"ק""ג",false,,26.90,26.9000,true,1,31068
7290000416618,false,"ממרח שוקולד פרווה השחר 400 גרם כשל""פ",השחר העולה תעשית ממתקים בעמ,,ממרח שוקולד פרווה הש,,400.00,100 גרם,false,,13.90,0.0348,true,1,31078
7290000416854,false,אבקת קקאו השחר העולה (150 גרם),השחר העולה תעשית ממתקים בעמ,,קקאו 150 גר',,150.00,100 גרם,false,,11.50,0.0767,true,1,31081
7290000419374,false,לנדוור לבוקר קפה טחון טורקי 3*100 גרם 16 יח',ש.שסטוביץ בעמ,,לנדוור לבוקר קפה טחו,,300.00,100 גרם,false,,19.90,0.0663,true,1,21277
7290000419923,false,לנדוור קפה אספרסו טחון בואקום 200 גר,ש.שסטוביץ בעמ,,לנדוור קפה אספרסו טח,,200.00,100 גרם,false,,21.90,0.1095,true,1,21280
7290000420325,false,"פופסטאר פופקורן למקירוגל בטעם טבעי 5 שקיות,500 גרם",פרסטון פארמס,,פופסטאר פופקורן טבעי,,500.00,100 גרם,false,,16.90,0.0338,true,1,6343
7290000420332,false,פופסטאר פופקורן למיקרוגל בטעם חמאה 5 יחידות 500 גרם,פרסטון פארמס,,פופסטאר פופקורן חמאה,,500.00,100 גרם,false,,16.90,0.0338,true,1,6344
7290000447085,false,רצועות שוארמה כשר אר,,,רצועות שוארמה כשר אר,קילוגרמים,1.00,"ק""ג",true,,89.90,89.9000,true,1,49646
7290000447139,false,רצועות להקפצה כשר אר,,,רצועות להקפצה כשר אר,קילוגרמים,1.00,"ק""ג",true,,99.90,99.9000,true,1,49648
7290000447146,false,שניצל עגל כשר ארוז,,,שניצל עגל כשר ארוז,קילוגרמים,1.00,"ק""ג",true,,99.90,99.9000,true,1,49649
7290000453019,false,שמרים טריים לאפייה שקית שמרית 50 ג',שטראוס גרופ בעמ/מצונן,,שמרית שמרים טריים לא,,50.00,100 גרם,false,,4.90,0.0980,true,1,24762
7290000453385,false,שמרים יבשים פארא אינסטנט 500 גרם עלית,שטראוס גרופ בע`מ,,פאקא שמרים יבשים 500,,500.00,100 גרם,false,,14.90,0.0298,true,1,24059
7290000453408,false,בצק פיצה דק מצונן ומוכן לאפייה שמרית 415 גרם,שטראוס גרופ בעמ/מצונן,,שמרית בצק פיצה דק מצ,,415.00,100 גרם,false,,18.50,0.0446,true,1,161987
7290000453415,false,בצק עלים מצונן ומוכן לאפייה שמרית 300 גרם,שטראוס גרופ בעמ/מצונן,,שמרית בצק עלים מצונן,,300.00,100 גרם,false,,16.90,0.0563,true,1,194350
7290000453422,false,בצק פילו מצונן ומוכן לאפייה שמרית 300 גרם,שטראוס גרופ בעמ/מצונן,,שמרית בצק פילו מוכן,,300.00,100 גרם,false,,16.90,0.0563,true,1,161988
7290000453866,false,נטורינה תחליף מרגרינה לבישול ואפיה קוקוס שמרית 200 גרם,שטראוס גרופ בעמ/מצונן,,נטורינה קוקוס שטראוס,,200.00,100 גרם,false,,8.50,0.0425,true,1,105589
7290000461625,false,בייגלה שמיניות מלח בייגל בייגל 400 ג',יוניליוור ישראל שיווק בע`מ,,ביגלה 8 8 400גר,,400.00,100 גרם,false,,12.20,0.0305,true,1,11323
7290000461793,false,בייגלה ארוך ארוך סידרה ירוקה בייגל בייגל 150 גרם,יוניליוור ישראל שיווק בע`מ,,ביגלה ארוך ארוך דל ש,,150.00,100 גרם,false,,6.90,0.0460,true,1,118050
7290000462141,false,סחוג אדום תימני מקורי חריף מאוד זהבי 150 גרם,שטראוס גרופ בעמ/מצונן,,סחוג אדום חריף מאוד,,150.00,100 גרם,false,,8.90,0.0593,true,1,24767
7290000462172,false,סחוג זחוק ירוק תימני חריף זהבי (150 גרם),שטראוס גרופ בעמ/מצונן,,סחוג ירוק חריף מאוד,,150.00,100 גרם,false,,8.90,0.0593,true,1,24768
7290000469638,false,"ספריי לגיהוץ קל מריטו 500 מ""ל",בולטון מניטובה,,מריטו ספריי לגיהוץ 5,,500.00,"100 מ""ל",false,,24.40,0.0488,true,1,23427
7290000474090,false,"חלב בקרטון 1%- 1 ליטר בד""צ - מוצר בפיקוח",החברה המרכזית טלהפצת משקאות בע,,טרה חלב בקרטון 1% 1ל,ליטרים,1.00,ליטר,false,,5.86,5.8600,true,1,7063
7290000474502,false,גבינה לבנה טרה 5% מרכיבים טבעיים,החברה המרכזית טלהפצת משקאות בע,,טרה גבינה לבנה 5% 25,,250.00,100 גרם,false,,4.98,0.0199,true,1,7072
7290000474540,false,טוב טעם גבינה לבנה 3% טרה 250 גרם,החברה המרכזית טלהפצת משקאות בע,,טוב טעם גבינה 3% 250,,250.00,100 גרם,false,,11.70,0.0468,true,1,7073
7290000474830,false,נעם גבינה צהובה מגורדת 28% טרה 500 גרם,החברה המרכזית טלהפצת משקאות בע,,נעם גבינה צהובה מגור,,500.00,100 גרם,false,,32.80,0.0656,true,1,7074
7290000480107,false,קוואקר שיבולת שועל פחית 500 גרם,שטראוס פריטו ליי בעמ,,"קוואקר מהיר אטוס לל""",,500.00,100 גרם,false,,15.00,0.0300,true,1,25344
7290000480442,false,קוואקר שיבולת שועל בשקית 500 גרם,שטראוס פריטו ליי בע`מ,,שיבולת שועל בשקית קו,,500.00,100 גרם,false,,14.80,0.0296,true,1,25345
7290000481043,true,עשיריית פיתות כוסמין,,,עשיריית פיתות כוסמין,,700.00,100 גרם,false,,16.90,0.0241,true,1,288823
7290000481074,false,לחם משלושה קמחים מלאים 750 גר,דגנית עין בר תעשיות מזון ואפיה,,לחם טריו מלא דגנית 7,,750.00,100 גרם,false,,17.90,0.0239,true,1,453460
7290000481531,false,דגנית עין בר לחמניות אצבע מחיטה מלאה בשקית 750 ג',דגנית עין בר תעשיות מזון ואפיה,,לחמניות 10 יחידות חי,,750.00,100 גרם,false,,12.90,0.0172,true,1,66503
7290000481883,false,דגנית עין בר מארז לחמניות 10 יח'*75 ג',דגנית עין בר תעשיות מזון ואפיה,,10 לחמניות דגנית,,750.00,100 גרם,false,,12.90,0.0172,true,1,66507
7290000483139,false,מרציפן גולמי המרשלג 100 גרם,"המרשלג פרלינס בע""מ",,המרשלג חטיף מרציפן ג,,100.00,100 גרם,false,,11.30,0.1130,true,1,14725
7290000484747,false,"ארק עלית 700 מ""ל 40% יקב הגליל*",יקב הגליל יוסף גולד ובניו,,"עלית הארק 40% 700 מ""",,700.00,יח',false,,58.90,0.0841,true,1,31158
7290000490601,false,גלידל וניל פלדמן מארז שמינייה,הגלידות של פלדמן,,גלידל מאגדת בטעם וני,,400.00,100 גרם,false,,34.90,0.0872,true,1,123207
7290000490625,false,שלגונים ציפוי שוקו מאגדת שמינייה 560 ג',פלקו בעמ חברה ישראלית,,מאגדת שלגונים ציפוי,,560.00,100 גרם,false,,22.90,0.0409,true,1,230007
7290000490717,false,מאגדת גלית- שלגון חלבי בטעם וניל עם ציפו,הגלידות של פלדמן,,גלית שרבט בטעם תות 8,,560.00,100 גרם,false,,27.90,0.0498,true,1,39647
7290000490762,false,גלידל שוקו פלדמן מארז שמינייה,הגלידות של פלדמן,,גלידל מאגדת בטעם שוק,,400.00,100 גרם,false,,34.90,0.0872,true,1,141708
7290000493183,false,אבקת רוטב פטריות לבשר-30 גרם,קבוצת אוסם סחר שותפות מוגבלת,,אסם אבקת רוטב פטריות,,30.00,100 גרם,false,,4.00,0.1333,true,1,21310
7290000504025,false,ממתיק סוכרזית פטרייה עלית 300 גרם,אף.סי תבליני בגליל ב,,סוכרזית פטריה 300 טב,,246.00,100 גרם,false,,9.90,0.0402,true,1,24065
7290000521022,false,"של סגל, יין לבן חצי יבש 750 מ""ל","מיוצר ע""י כרמי צבי-",,סגל לבן חצי יבש 750,,750.00,"100 מ""ל",false,,23.90,0.0319,true,1,10178
7290000521404,false,"יין מרום גליל קברנה סוביניון סינגל 750 מ""ל",כרמי צבי אחים סגל בע,,מרום גליל סינגל קברנ,,750.00,"100 מ""ל",false,,41.00,0.0547,true,1,10187
7290000523125,false,מלח הארץ הים האדום 250 ג' עדין,"חברת מלח הארץ אילת בע""\מ",,מלח ים יבש הארץ 250,,250.00,100 גרם,false,,6.70,0.0268,true,1,26076
7290000523224,false,מלח הארץ הים האדום 500 ג' עדין,"חברת מלח הארץ אילת בע""\מ",,מלח ים יבש הארץ 500,,500.00,100 גרם,false,,8.40,0.0168,true,1,26077
7290000523514,false,מלח ים יבש מופחת נתרן מלח הארץ (250 גרם),"חברת מלח הארץ אילת בע""\מ",,מלח 50% פחות נתרן הא,,250.00,100 גרם,false,,11.00,0.0440,true,1,26078
7290000523811,false,"צנצנת מלח גס 1 ק""ג מלח הארץ","חברת מלח הארץ אילת בע""\מ",,מלח גס בצנצנת הארץ 1,קילוגרמים,1.00,"ק""ג",false,,7.30,7.3000,true,1,26081
7290000525969,false,מיץ תפוזים סחוט רכיבים טבעיים פרימור 1 ליטר,שטראוס גרופ בעמ/מצונן,,פרימור מיץ תפוזים 1ל,ליטרים,1.00,ליטר,false,,17.20,17.2000,true,1,24773
7290000530109,false,קבנוס זוגי בואקום זוגלובק 180ג',נקניק נהריה כשר זוגל,,זוג קבנוס בוואקום 36,,360.00,100 גרם,false,,28.70,0.0797,true,1,114162
7290000530291,false,נקניק מבשר הודו קטן זוגלובק 750 גרם,נקניק נהריה כשר זוגל,,זוגלובק נקניק מבשר ה,,800.00,100 גרם,false,,21.70,0.0271,true,1,42483
7290000530413,false,המבורגר זהב זוגלובק 400 גרם,נקניק נהריה כשר זוגל,,המבורגר זהב 400גר,,400.00,100 גרם,false,,22.90,0.0572,true,1,42484
7290000530468,false,נקניקיות וניר 1 קג` זוגלובק,זוגלובק שיווק בעמ,,נקניקיות וינר טרי 1ק,קילוגרמים,1.00,"ק""ג",false,,29.90,29.9000,true,1,42485
7290000530598,false,נקניקיות עוף וינר זוגלובק 500 גרם,נקניק נהריה כשר זוגל,,נקניקיות וינר טרי זו,,500.00,100 גרם,false,,18.30,0.0366,true,1,42488
7290000531601,false,סטייק בורגר בקר זהב 400 גרם קפוא,נקניק נהריה כשר זוגל,,סטייק בורגר 400 גר'-,,400.00,100 גרם,false,,22.90,0.0572,true,1,42493
7290000537566,false,נקניקיות עוף טרי 400 ג' זוגלובק,נקניק נהריה כשר זוגל,,נקניקיות עוף טרי 400,,400.00,100 גרם,false,,12.90,0.0323,true,1,42514
7290000537603,false,נקניקיות עוף זוגלובק (1 קג),זוגלובק שיווק בעמ,,"נקנקיות עוף 1 ק""ג -ז",קילוגרמים,1.00,"ק""ג",false,,29.90,29.9000,true,1,42515
7290000538709,false,נקניק סלמי תה מעושן זוגלובק 200 גרם,נקניק זוגלובק נהריה,,תה מעושן 200 גרם,,200.00,100 גרם,false,,16.00,0.0800,true,1,42522
7290000552194,false,קישקע קפוא טיבון ויל (500 גרם),טיבון ויל אחזקות בעמ,,קישקע קפוא 500 גרם,,500.00,100 גרם,false,,17.90,0.0358,true,1,18249
7290000554457,false,גבינה צפתית 5% 350 גרם - רבנות,מחלבות גד שיווק 1992 בעמ,,גד צפתית מיני 5% 350,,350.00,100 גרם,false,,22.50,0.0643,true,1,15388
7290000554532,false,גבינה צפתית מעודנת במלח ים 5% 200 ג' גד,מחלבות גד שיווק 1992 בעמ,,גד צפתית מעודנת במלח,,200.00,100 גרם,false,,15.90,0.0795,true,1,15390
7290000554600,false,מוצרלה מגורדת 22 אחוז 300גרם גד מהדרין,מחלבות גד שיווק 1992 בעמ,,גד מוצרלה מגורדת %18,,300.00,100 גרם,false,,25.50,0.0850,true,1,15391
7290000554686,false,גבינת לאבנה בתוספת שמן זית וזעתר 5% גד 250 גרם,מחלבות גד שיווק 1992 בעמ,,גד לאבנה בשמן זית וז,,250.00,100 גרם,false,,15.50,0.0620,true,1,15393
7290000554822,false,ריקוטה גבינה לבנה בסגנון איטלקי 5% גד 250 גרם,מחלבות גד שיווק 1992 בעמ,,גד ריקוטה טבעי 5% 25,,250.00,100 גרם,false,,15.90,0.0636,true,1,15394
7290000554839,false,מסקרפונה שמנת מתוקה קשה בסגנון איטלקי 40% גד 250 גרם,מחלבות גד שיווק 1992 בעמ,,גד מסקרפונה 40% 250ג,,250.00,100 גרם,false,,21.90,0.0876,true,1,15395
7290000560533,false,אדג`פרו ג`ל לגילוח רגיל ירוק 220 מל,אס.סי ג'ונסון ובניו,,ג'ל גילוח ירוק לעור,,200.00,"100 מ""ל",false,,16.90,0.0845,true,1,6351
7290000560540,false,אדג`פרו ג`ל לגילוח עור רגיש כתום220,המאפיה של הרמן,,ג'ל גילוח כתום לעור,,200.00,"100 מ""ל",false,,16.90,0.0845,true,1,6352
7290000571386,false,המחלבה יוגורמה יוגורט מחלב כבשים 5% 850 גרם,גבינות משק אחים מאיר בית,,יוגורמה דלי 5% 850 ג,,850.00,100 גרם,false,,27.90,0.0328,true,1,27388
7290000574035,false,לחם אחיד פרוס דגנית עין בר (750 גרם),דגנית עין בר תעשיות מזון ואפיה,,לחם אחיד פרוס דגנית,,750.00,100 גרם,false,,7.11,0.0095,true,1,66513
7290000574141,false,לחם חיטה מלא 750ג' דגנית עין בר,דגנית עין בר תעשיות מזון ואפיה,,לחם חיטה מלאה דגנית,,750.00,100 גרם,false,,13.90,0.0185,true,1,66518
7290000574172,false,לחם קל מחיטה מלאה 750 ג' דגנית עין בר,דגנית עין בר תעשיות מזון ואפיה,,לחם קל חיטה מלאה דגנ,,750.00,100 גרם,false,,15.90,0.0212,true,1,66520
7290000574370,false,לחם שיפון אמיתי קל 750 ג' דגנית עין בר,דגנית עין בר תעשיות מזון ואפיה,,לחם שיפון אמיתי קל ד,,750.00,100 גרם,false,,16.40,0.0219,true,1,117487
7290000604343,false,תמרים פרי שמש 400ג*,שושן (פירות)יבשים בעמ,,תמר דקל נור 400גר,,400.00,100 גרם,false,,11.90,0.0298,true,1,55566
7290000608219,false,מאפה פילו נוגט,,,מאפה פילו נוגט,קילוגרמים,1.00,"ק""ג",true,,46.00,46.0000,true,1,128914
7290000611228,false,פילה עוף טרי ארוז,,,פילה עוף טרי ארוז,קילוגרמים,1.00,"ק""ג",true,,35.90,35.9000,true,1,41497
7290000611839,false,שוקיים עוף טרי ארוז,,,שוקיים עוף טרי ארוז,קילוגרמים,1.00,"ק""ג",true,,32.90,32.9000,true,1,41510
7290000611846,false,כרעיים עוף טרי ארוז.,ח.י. מעדני גורמה בעמ,,כרעיים עוף טרי ארוז.,קילוגרמים,1.00,"ק""ג",true,,29.90,29.9000,true,1,41511
7290000611860,false,חזה עוף שלם טרי ארוז,ח.י. מעדני גורמה בעמ,,חזה עוף שלם טרי ארוז,קילוגרמים,1.00,"ק""ג",true,,34.90,34.9000,true,1,41513
7290000611983,false,חזה עוף פרוס טרי ארו,ח.י. מעדני גורמה בעמ,,חזה עוף פרוס טרי ארו,קילוגרמים,1.00,"ק""ג",true,,38.90,38.9000,true,1,41519
7290000612966,false,גרון הודו טרי ארוז,עוף עוז שיווק,,גרון הודו זכר ארוז,קילוגרמים,1.00,"ק""ג",true,,29.90,29.9000,true,1,41532
7290000618007,false,פילה סלמון פרוס טרי,,,פילה סלמון פרוס טרי,קילוגרמים,1.00,"ק""ג",true,,119.90,119.9000,true,1,475289
7290000618021,false,פילה דניס טרי במגש,,,פילה דניס טרי במגש,קילוגרמים,1.00,"ק""ג",true,,121.90,121.9000,true,1,475241
7290000618038,false,פילה לברק טרי במגש,,,פילה לברק טרי במגש,קילוגרמים,1.00,"ק""ג",true,,125.90,125.9000,true,1,475257
7290000618045,false,פילה בס טרי במגש,,,פילה בס טרי במגש,קילוגרמים,1.00,"ק""ג",true,,109.90,109.9000,true,1,475179
7290000618052,false,פילה בורי טרי במגש,,,פילה בורי טרי במגש,קילוגרמים,1.00,"ק""ג",true,,99.90,99.9000,true,1,475163
7290000618069,false,פילה ברמונדי טרי במג,,,פילה ברמונדי טרי במג,קילוגרמים,1.00,"ק""ג",true,,118.90,118.9000,true,1,475225
7290000618083,false,פילה אמנון טרי במגש,,,פילה אמנון טרי במגש,קילוגרמים,1.00,"ק""ג",true,,74.90,74.9000,true,1,475147
7290000644783,false,נתחי פילה סלמון קפוא קג,תנובה קפואים,,דגי תנובה נתחי פילה,קילוגרמים,1.00,"ק""ג",true,,89.90,89.9000,true,1,27989
7290000652542,false,פילה אמנון 5-7 100% דג- תנובה,תנובה קפואים,,פילה אמנון 5-7 100%,קילוגרמים,1.00,"ק""ג",true,,37.90,37.9000,true,1,249237
7290000654546,false,פילה אמנון 7-9 100% דג תנובה,תנובה,,פילה אמנון 7-9 100%,קילוגרמים,1.00,"ק""ג",true,,39.90,39.9000,true,1,249238
7290000659312,false,דגי תנובה פילה סלומון קפוא בוואקום,תנובה בשר,,דגי תנובה פילה סלמון,קילוגרמים,1.00,"ק""ג",true,,79.90,79.9000,true,1,27997
7290000662213,false,נתח פילה סלמון קפוא תנובה,תנובה,,נתח פילה סלמון קפוא,קילוגרמים,1.00,"ק""ג",true,,89.90,89.9000,true,1,132132
7290000662817,false,סלמון מעושן 100 גרם נורבגי מדג טרי,תנובה ענף ב.ע.ד,,סלמון מעושן פרוס 100,,100.00,100 גרם,false,,21.90,0.2190,true,1,288448
7290000663036,false,פילה אמנון קפוא ללא עור 100% דג תנובה,תנובה מרכז שיתופי לשיווק תוצרת,,פילה אמנון ללא עור 1,קילוגרמים,1.00,"ק""ג",true,,44.90,44.9000,true,1,307611
7290000663135,false,קוביות סלומון קפוא 100% דג 300 גרם תנובה,תנובה מרכז שיתופי לשיווק תוצרת,,קוביות סלמון 300 גרם,,300.00,100 גרם,false,,32.90,0.1097,true,1,330432
7290000688084,false,מי עדן פקק ספורטאים500מל,יפאורה שותפות מוגבלת לשיווק,,מי עדן 1/2 ליטר ספור,,500.00,"100 מ""ל",false,,3.20,0.0064,true,1,12156
7290000688176,false,מי עדן בייבי 330 מל בודד,יפאורה שותפות מוגבלת לשיווק,,"מי עדן בייבי 330 מ""ל",,250.00,"100 מ""ל",false,,2.90,0.0116,true,1,12158
7290000688374,false,מים מינרלים סמיילי מי עדן (330X6מל),יפאורה שותפות מוגבלת לשיווק,,"מי עדן בייבי 330 מ""ל",ליטרים,1.98,ליטר,false,,16.90,8.5354,true,1,12159
7290000688381,false,מים מינרלים פקק ספורט מי עדן (500x6 מל),יפאורה שותפות מוגבלת לשיווק,,מי עדן פקק ספורט 6*5,ליטרים,3.00,ליטר,false,,15.90,5.3000,true,1,12160
7290000688466,false,מי עדן 0.75 ליטר ספורט בודד,יפאורה שותפות מוגבלת לשיווק,,מי עדן ג'ים 750מל,,750.00,"100 מ""ל",false,,3.90,0.0052,true,1,12161
7290000688503,false,"מים מינרלים פקק ספורט מי עדן 6*750 מ""ל",יפאורה שותפות מוגבלת לשיווק,,מי עדן ג'ים 6*750מל,ליטרים,4.50,ליטר,false,,17.40,3.8667,true,1,12162
7290000692227,false,נוזל לניקוי כלים קלאסי פלמוליב (1 ליטר),יבואן ומשווק: ש. שסט,,פלמוליב לכלים קלאסי-,יחידה,0.00,יחידה,false,,14.90,0.0000,true,1,23434
7290000692456,false,אג'קס חלונות זוג 750*2 מל ספריי ורפיל,הנסיך- מפעל לייצור ט,,אגקס חלונות זוג,ליטרים,1.50,ליטר,false,,26.90,17.9333,true,1,23437
7290000704355,false,אננס טבעי ללא סוכר ל,,,אננס טבעי ללא סוכר ל,קילוגרמים,1.00,"ק""ג",true,,89.00,89.0000,true,1,422073
7290000835961,false,פילה אמנון 7-9 בוואק,,,פילה אמנון 7-9 בוואק,קילוגרמים,1.00,"ק""ג",true,,27.90,27.9000,true,1,228193
7290000910291,false,פלפל צ`ילי,,,פלפל צ`ילי,,100.00,100 גרם,false,,6.90,0.0690,true,1,55573
7290000925853,false,פילה דג מרלוזה ארוז,,,פילה דג מרלוזה ארוז,קילוגרמים,1.00,"ק""ג",true,,29.90,29.9000,true,1,474147
7290000939737,false,ברמונדי נקי ( מגשיות,,,ברמונדי נקי ( מגשיות,קילוגרמים,1.00,"ק""ג",true,,64.90,64.9000,true,1,479569
7290000939768,false,דניס נקי ( מגשיות ),,,דניס נקי ( מגשיות ),קילוגרמים,1.00,"ק""ג",true,,79.90,79.9000,true,1,479553
7290000977650,false,פיסטוק מקולף,,,פיסטוק מקולף,קילוגרמים,1.00,"ק""ג",true,,154.00,154.0000,true,1,34104
7290000978871,false,חמוציות ללא סוכר,דין שיווק,,חמוציות ללא סוכר,קילוגרמים,1.00,"ק""ג",true,,80.00,80.0000,true,1,34105
7290001041192,false,"עדשים אדומים יבשים מיה 1 ק""ג",מיה תעשיות מזון מ.ת.מ. בעמ,,עדשים אדומות 1 ק'ג,קילוגרמים,1.00,"ק""ג",false,,13.90,13.9000,true,1,52403
7290001045688,false,"מיץ תפוזים סחוט פרימור 400 מ""ל",שטראוס גרופ בעמ/מצונן,,פרימור מיץ תפוזים 40,,400.00,יח',false,,10.30,0.0258,true,1,24779
7290001123775,false,שווארמה אמיתית פרגיות טיבון ויל 500 גרם,"טיבול ויל אחזקות בע""",,שווארמה פרגיות 500 ג,,500.00,100 גרם,false,,25.90,0.0518,true,1,18261
7290001136287,false,"שמפו לשיער רגיל בבושם פרחים נקה 7 750 מ""ל",החברה הדרומית לשיווק בעמ,,שמפו רגיל ירוק נקה 7,,750.00,"100 מ""ל",false,,12.50,0.0167,true,1,31916
7290001136294,false,"שמפו לשיער יבש בבישום פרחים נקה 7 750 מ""ל",החברה הדרומית לשיווק בעמ,,שמפו יבש אדום נקה 7,,750.00,"100 מ""ל",false,,12.50,0.0167,true,1,31917
7290001136362,false,נקה 7 תחליב רחצה אלוורה ארומה ירוק 1 ל',מיוצר בסין.יבוא ושיו,,תחליב רחצה אלוורה ות,יחידה,0.00,יחידה,false,,16.90,0.0000,true,1,31919
7290001201589,false,ביצים ארוזות L מ. לסר) (12 פיקוח,מ לסר בעמ - חברה לשיווק ביצים,,12 ביצים L מ.לסר,יחידה,0.00,יחידה,false,,12.05,0.0000,true,1,14584
7290001201824,false,תבנית ביצים 12 יח' לארג' אורגני,מ לסר בעמ - חברה לשיווק ביצים,,12 ביצים L אורגני מ,יחידה,0.00,יחידה,false,,21.90,0.0000,true,1,14592
7290001201862,false,ביצי חופש לארג' 12 יחידות,מ לסר בעמ - חברה לשיווק ביצים,,12 ביצים חופש L מ. ל,יחידה,0.00,יחידה,false,,18.90,0.0000,true,1,14594
7290001216040,false,טחינה גולמית שומשום טהור אל ארז 500 גרם,אגס ירוק מסחר ושירותים,,טחינה אל ארז 100% שו,,500.00,100 גרם,false,,18.90,0.0378,true,1,38174
7290001216057,false,"טחינה שומשום טהור אל ארז 1 ק""ג",אגס ירוק מסחר ושירותים,,טחינה אל ארז 100% שו,קילוגרמים,1.00,"ק""ג",false,,32.90,32.9000,true,1,38175
7290001216231,false,טחינה גולמית שומשום מלא אל ארז 500 גרם,אגס ירוק מסחר ושירותים,,טחינה מלאה 100% שומש,,500.00,100 גרם,false,,19.90,0.0398,true,1,38182
7290001231932,false,ווינסטון כחול בוקס חפיסה,Unknown,,וינסטון קופסא בודדת,יחידה,0.00,יחידה,false,,34.00,0.0000,false,1,4625
7290001246528,false,מרכך כביסה מרוכז פרפיום מיסטרי טאצ' 1 ל',סאסאטק אגשח בעמ,,מרכך כביסה מרוכז פרפ,ליטרים,1.00,ליטר,false,,13.90,13.9000,true,1,195808
7290001247082,false,מיץ עגבניות רכיבים טבעיים ספרינג 1 ליטר,יפאורה שותפות מוגבלת לשיווק,,ספרינג עגבניות קרטונ,ליטרים,1.00,ליטר,false,,7.20,7.2000,true,1,12167
7290001247099,false,קרטונית נקטר ספרינג מנגו 1 ליטר,יפאורה שותפות מוגבלת לשיווק,,ספרינג מנגו קרטונית,ליטרים,1.00,ליטר,false,,7.60,7.6000,true,1,12168
7290001247129,false,נקטר ספרינג תפוזים קרטונית 1 ל',יפאורה שותפות מוגבלת לשיווק,,ספרינג תפוז קרטונית,ליטרים,1.00,ליטר,false,,7.60,7.6000,true,1,12171
7290001247143,false,קרטונית נקטר ספרינג תפוחים 1 ליטר,יפאורה שותפות מוגבלת לשיווק,,ספרינג תפוח קרטונית,ליטרים,1.00,ליטר,false,,7.60,7.6000,true,1,12173
7290001274422,false,שלגונים ציפוי בננה מאגדת שמינייה 560 ג',פלקו בעמ חברה ישראלית,,מאגדת שלגונים ציפוי,,560.00,100 גרם,false,,22.90,0.0409,true,1,39649
7290001274583,false,גלידה משפחתית גלידל ש. פאקן 900 גרם,"פלקו בע""\מ, חברה ישראלית",,גלידל בטעם שוקו פקאן,,450.00,100 גרם,false,,23.90,0.0531,true,1,296299
7290001274934,false,"שמיניית גלידל פרי לימון ""פלדמן""",הגלידות של פלדמן,,פופסיקל בטעם לימון 8,,640.00,100 גרם,false,,26.90,0.0420,true,1,39650
7290001274941,false,"שמיניית גלידל פרי פטל ""פלדמן""",הגלידות של פלדמן,,פופסיקל בטעם פטל 8 י,,640.00,100 גרם,false,,26.90,0.0420,true,1,39651
7290001305188,false,"נוזל לניקוי כלים בריח לימון פלמוליב 750 מ""ל",יבואן ומשווק: ש. שסט,,פלמוליב לכלים פריחת,,750.00,"100 מ""ל",false,,12.90,0.0172,true,1,23446
7290001407547,false,טחינה גולמית משומשום מלא פי 6 בארכה 500ג',קבוצת אוסם סחר שותפות מוגבלת,,בארכה טחינה שומשום מ,,500.00,100 גרם,false,,17.90,0.0358,true,1,21321
7290001407936,false,בארכה-טחינה גולמית מעודנת בקבוק לחיץ 310 ג',קבוצת אוסם סחר שותפות מוגבלת,,בארכה טחינה מעודנת 3,,310.00,100 גרם,false,,13.90,0.0448,true,1,21329
7290001419618,false,וופל בלגי עלמה שחור לבן וניל 200ג',מ.ד אטיאס סוכנויות מזון בע`מ,,וופל עלמה בלגי שוקו,,200.00,100 גרם,false,,3.90,0.0195,true,1,120415
7290001461105,false,לחם מחמצת לבן (ברקוד,פילסברי,,לחם מחמצת לבן,,530.00,100 גרם,false,,17.90,0.0338,true,1,125773
7290001461112,false,לחם רוסטיק עגול פילס,פילסברי,,לחם מחמצת דגנים,,530.00,100 גרם,false,,17.90,0.0338,true,1,211792
7290001482094,false,גבינה פרמז'נו משולשים ויליפוד 200ג',ג.וילי-פוד אינטרנשיונל **גבינו,,וילי פוד פרמזן משולש,,200.00,100 גרם,false,,26.90,0.1345,true,1,3538
7290001485019,false,גבינת קרם שמנת טבעי 5% טרה 200 גרם,החברה המרכזית טלהפצת משקאות בע,,טרה גבינת שמנת טבעי,,200.00,100 גרם,false,,11.40,0.0570,true,1,7087
7290001591734,false,נקניקיה מרגז בסגנון מרוקאי טיבון ויל 500 גרם,נטו מילנדה סחר בעמ*,,נקניקיות מרגז בסגנון,,500.00,100 גרם,false,,24.90,0.0498,true,1,409658
7290001594155,false,"קוקה-קולה בבקבוק אישי 500 מ""ל",החברה המרכזית להפצת משקאות בעמ,,קוקה קולה 500מל,,500.00,יח',false,,8.50,0.0170,true,1,7098
7290001594179,false,"פאנטה אורנג' בבקבוק אישי 500 מ""ל",החברה המרכזית להפצת משקאות בעמ,,פאנטה אורנג' 500 בקב,,500.00,"100 מ""ל",false,,8.50,0.0170,true,1,7099
7290001594230,false,קינלי סודה בבקבוק זכוכית,החברה המרכזית להפצת משקאות בעמ,,סודה קינלי 250 מ'ל,,250.00,"100 מ""ל",false,,3.90,0.0156,true,1,7101
7290001594377,false,פריגת תפוזים 0.5 ליטר חייב בפקדון,החברה המרכזית להפצת משקאות בעמ,,פריגת משקה תפוזים 50,,500.00,יח',false,,7.70,0.0154,true,1,7564
7290001594520,false,"בירה טובורג רד בקבוק 330 מ""ל",החברה המרכזית להפצת משקאות בעמ,,טובורג רד בקבוק פקדו,,330.00,"100 מ""ל",false,,7.90,0.0239,true,1,66807
7290001594858,false,מארז שישייה בירה טובורג רד (330x6 מל),החברה המרכזית להפצת משקאות בעמ,,טובורג רד בקבוק פקדו,ליטרים,1.98,ליטר,false,,39.90,20.1515,true,1,7576
7290001670057,false,כפיות לבן 100 יח`הנמל,הנמל אריזות ושיווק (1984) בעמ,,.סכום ח.פ.כפיות 100י,יחידה,0.00,יחידה,false,,13.90,0.0000,true,1,8285
7290001780428,false,מאגדת גלידת לייט שוקולד נסטלה 6יח' 312ג',נגה גלידות שותפות מוגבלת,,נסטלה לייט 6 שלגוני,,312.00,100 גרם,false,,32.90,0.1054,true,1,16942
7290001791349,false,אקונומיקה פיסגה ריחנית סנו (4 ליטר),החברה הדרומית לשיווק בעמ,,אקונומיקה ריחנית פסג,ליטרים,4.00,ליטר,false,,11.90,2.9750,true,1,31988
7290001865453,false,פמילי לקשרי 1 ליטר לבנדר ארומטי+משאבה,מיוצר עי קונדיטוריית,,סבון נוזלי לבנדר+ מש,יחידה,0.00,יחידה,false,,11.90,0.0000,true,1,6373
7290001990094,false,"סוכר חום כהה צנצנת קלאסי סוגת 1ק""ג",האי נאם סי או אל.טי.,,סוכר חום בצנצנת קלאס,קילוגרמים,1.00,"ק""ג",false,,15.90,15.9000,true,1,19392
7290001990148,false,"סוכר גולדן קלאסי בצנצנת סוגת 1 ק""ג",האי נאם סי או אל.טי.,,סוכר גולדן קלאסי בצנ,קילוגרמים,1.00,"ק""ג",false,,13.90,13.9000,true,1,19394
7290001990278,false,"שעועית לבנה סוגת 1 ק""ג","סוגת תעשיות בע""\מ",,סוגת שעועית לבנה 1 ק,קילוגרמים,1.00,"ק""ג",false,,19.90,19.9000,true,1,19396
7290001990407,false,"עדשים ירוקים 1 ק""ג סוגת","סוגת תעשיות בע""\מ",,עדשים ירוקים 1 קג,קילוגרמים,1.00,"ק""ג",false,,15.90,15.9000,true,1,19399
7290001990414,false,עדשים אדומות סוגת (1 קג),"סוגת תעשיות בע""\מ",,סוגת עדשים אדומים 1,קילוגרמים,1.00,"ק""ג",false,,15.90,15.9000,true,1,19400
7290001990421,false,"פופקורן גרעינים סוגת 1 ק""ג","סוגת תעשיות בע""\מ",,"סוגת פופקורן 1 ק""ג",קילוגרמים,1.00,"ק""ג",false,,10.80,10.8000,true,1,19401
7290002007487,false,צמר פלדה הנמל 100 גרם,הנמל אריזות ושיווק (1984) בעמ,,צמר פלדה 100 גר',,100.00,100 גרם,false,,4.90,0.0490,true,1,8322
7290002007890,false,כוסות חד פעמיות מפלסטיק 100 יח`,הנמל אריזות ושיווק (1984) בעמ,,כוס שתיה קרה 100 יח,יחידה,0.00,יחידה,false,,10.90,0.0000,true,1,8332
7290002007999,false,צלחות פלסטיק גדולות חד פעמיות 50 יח,הנמל אריזות ושיווק (1984) בעמ,,צלחות גדול 50יח הנמל,יחידה,0.00,יחידה,false,,16.90,0.0000,true,1,8336
7290002008187,false,קשים מתקפלים לשתיה הנמל 40 יחידות,הנמל אריזות ושיווק 1984 בע`מ,,קש לשתיה מתקפל 40יח,יחידה,0.00,יחידה,false,,2.90,0.0000,true,1,8349
7290002008224,false,סוכריות לקישוט צבעונית הנמל 100 ג',הנמל אריזות ושיווק 1984 בע`מ,,קישוט לעוגה גליד.,,60.00,100 גרם,false,,6.20,0.1033,true,1,8351
7290002043225,false,אקסטרה צ'יפס אורז חום מלא פפריקה 60 גרם,א.ל.ייצור ושיווק תבלינים בעמ,,צ'יפס פפריקה אקסטרה,,60.00,100 גרם,false,,7.50,0.1250,true,1,256408
7290002053088,false,אטריות ביצים דקיקים מספר 8 אוריינט 200 גרם,גורי מוצרי צריכה (1991) בעמ,,אטריות ביצים מס' 8 א,,210.00,100 גרם,false,,8.90,0.0424,true,1,66414
7290002057185,false,טבעות זיתים ירוקים קבוצת יבנה 560 גרם,קבוצת יבנה מוצרי מזון אגודה שי,,טבעות זיתים ירוקים ק,,540.00,100 גרם,false,,10.90,0.0202,true,1,30149
7290002057376,false,מלפפונים במלח ‏17‏-‏13‏ קבוצת יבנה 320 גרם,"קבוצת יבנה מוצרי מזון בע""מ",,מלפפון במלח 13-17 קב,,560.00,100 גרם,false,,10.90,0.0195,true,1,30156
7290002057383,false,מלפפונים במלח ‏25‏-‏18‏ קבוצת יבנה 320 גרם,"קבוצת יבנה מוצרי מזון בע""מ",,מלפפון 18-25במלח קבו,,560.00,100 גרם,false,,13.90,0.0248,true,1,30157
7290002065555,false,שישיית לחמנייה הכי רכה בהפסקה אנג'ל 450 גרם,מאפיית שלמה א. אנג'\ל בע,,6 לחמניות רכות אנגל,,450.00,100 גרם,false,,11.90,0.0264,true,1,69605
7290002107385,false,גליל גבינת עיזים מה עז משק צוריאל 180 גרם,החברה המרכזית טלהפצת משקאות בע,,צוריאל גליל גבינת עי,,180.00,100 גרם,false,,23.90,0.1328,true,1,7108
7290002107491,false,גבינה לבנה מחלב עיזים למריחה 5% משק צוריאל 250 גרם,החברה המרכזית טלהפצת משקאות בע,,צוריאל גבינת עזים למ,,250.00,100 גרם,false,,15.90,0.0636,true,1,7110
7290002107798,false,גבינה בולגרית מעודנת 5% משק צוריאל 250 גרם,החברה המרכזית טלהפצת משקאות בע,,צוריאל בולגרית מעודנ,,250.00,100 גרם,false,,22.40,0.0896,true,1,7113
7290002109372,false,בורקס פילו אצבעות בולגרי 700 ג' שלושת האופים,שלושת האופים שגמור,,בורקס פילו אצבעות בו,,700.00,100 גרם,false,,23.90,0.0341,true,1,67808
7290002129455,false,פיצה איטלקית XL גדולה שלושת האופים 450 גרם,נטו מלינדה סחר בעמ,,פיצה איטלקית 450 ג,,450.00,100 גרם,false,,21.90,0.0487,true,1,118516
7290002129479,false,פיצה איטלקית דקה שלושת האופים 320 גר,האי נאם סי או אל.טי.,,פיצה איטלקית דקה שלש,,320.00,100 גרם,false,,18.90,0.0591,true,1,476920
7290002130567,false,דבש דבורים טהור פרחי בר יד מרדכי 350 גרם,מכוורת יד מרדכי שטראוס ב,,דבש טהור מפרחי בר בצ,,350.00,100 גרם,false,,20.90,0.0597,true,1,24086
7290002130574,false,דבש טהור מפרחי בר בזכוכית 500 ג' יד מרדכי,מכוורת יד מרדכי שטראוס ב,,דבש טהור מפרחי בר בצ,,500.00,100 גרם,false,,28.60,0.0572,true,1,24087
7290002204169,true,אגס נאשי מארז,,,אגס נאשי מארז,,500.00,100 גרם,false,,14.90,0.0298,true,1,474836
7290002253006,false,שום טרי כתוש צנצנת דורות 200 גרם,קבוצת אוסם סחר-שות.מוגבלת,,דורות שום כתוש טרי 2,,200.00,100 גרם,false,,17.90,0.0895,true,1,22098
7290002253105,false,שום במגשית 20 שיניים כתושות קפוא 80,קבוצת אוסם סחר-שות.מוגבלת,,דורות מגשית קוביות ש,,80.00,100 גרם,false,,13.90,0.1738,true,1,22101
7290002253167,false,פטרוזיליה טרייה קצוצה מוקפאת 70 גרם,קבוצת אוסם סחר שותפות מוגבלת,,פטרוזליה טרייה קצוצה,,70.00,100 גרם,false,,11.90,0.1700,true,1,22103
7290002291046,false,המבורגר מסעדות 480 גרם הקצביה בלדי,יוליניבר,,בלדי המבורגר מסעדות,,480.00,100 גרם,false,,25.90,0.0540,true,1,113540
7290002317005,false,זיתים טבעות מושחר 560ג A2 מטולה,שימורי מוטולה בעמ,,טבעות זיתים מושחרים,,560.00,100 גרם,false,,12.50,0.0223,true,1,25678
7290002317296,false,פלפל חריף שיפקה 670ג 20%+A2 מטולה,שימורי מוטולה בעמ,,פלפל שיפקה + 20% מוט,,550.00,100 גרם,false,,10.90,0.0198,true,1,25694
7290002317579,false,זיתים טבעות ירוק 560ג A2 מטולה,שימורי מוטולה בעמ,,טבעות זיתים ירוקים מ,,560.00,100 גרם,false,,12.50,0.0223,true,1,25714
7290002327059,false,"בצק עלים 1 ק""ג שלושת האופים קהילות",נטו מלינדה סחר בע`מ,,בצק עלים 1 ק`ג,קילוגרמים,1.00,"ק""ג",false,,22.90,22.9000,true,1,118520
7290002331094,false,"מים מינרליים GO TO נביעות 755 מ""ל",החברה המרכזית להפצת משקאות בעמ,,755מל מים מינרלים TO,,755.00,"100 מ""ל",false,,4.90,0.0065,true,1,7118
7290002331124,false,נביעות+ מים מינרליים בטעם תפוח,החברה המרכזית להפצת משקאות בעמ,,נביעות מים מינרלים ב,,500.00,"100 מ""ל",false,,7.50,0.0150,true,1,7589
7290002331155,false,מים נביעות בטעם אפרסק 0.5 ליטר,החברה המרכזית להפצת משקאות בעמ,,נביעות מים מינרלים ב,,500.00,יח',false,,7.50,0.0150,true,1,7591
7290002331421,false,"שישיית מים מינרליים GO TO נביעות 755 מ""ל",החברה המרכזית להפצת משקאות בעמ,,נביעות 6*755מל,ליטרים,4.53,ליטר,false,,19.90,4.3929,true,1,7122
7290002331711,false,נביעות מים מינרלים בטעם ענבים0.5ליטר,החברה המרכזית להפצת משקאות בעמ,,נביעות מים מינרלים ב,,500.00,יח',false,,7.50,0.0150,true,1,7609
7290002345015,false,סינטה דק דק אל גאוצ'ו 250ג' מינוט,"טיבון ויל אחזקות בע""\מ",,סינטה דקדק 250 גרם,,250.00,100 גרם,false,,22.90,0.0916,true,1,114096
7290002353836,false,סרדינים רוברט בשמן זית 115 גרם,קונסרבס פורטוגל נורטה,,סרדינים רוברט בשמן ז,,120.00,100 גרם,false,,9.90,0.0825,true,1,18343
7290002360285,false,חליטת צמחים פומפדור קמומיל 20 יחידות,ש. שסטוביץ בע`מ,,פומפדור חליטת קמומיל,,30.00,100 גרם,false,,14.90,0.4967,true,1,23452
7290002371533,false,דקניקים סלסולי פסטרמה דבש טירת צבי 120 גרם,תנובה מרכז שיתופי לשיווק תוצרת,,טירת צבי סלסולי פסטר,,120.00,100 גרם,false,,16.90,0.1408,true,1,26750
7290002371540,false,דקניקים קורנדביף ללא גלוטן טירת צבי 120 גרם,תנובה מרכז שיתופי לשיווק תוצרת,,טירת צבי קורנדביף דק,,120.00,100 גרם,false,,16.90,0.1408,true,1,26751
7290002371854,false,נקניקיות עוף חריפות טירת צבי 2 * 500 גרם,תנובה מרכז שיתופי לשיווק תוצרת,,נקניקיות עוף מתובלות,קילוגרמים,1.00,"ק""ג",false,,25.90,25.9000,true,1,26753
7290002374268,false,שמן חמניות מזוכך ללא כולסטרול 1 ליטר,סוגת תעשיות בעמ,,שמן חמניות מילומור 1,ליטרים,1.00,ליטר,false,,11.90,11.9000,true,1,31537
7290002374312,false,שמן קנולה מזוכך 6% מילומור (1 ליטר),"נארז ע""י : א.ג. גילר",,שמן קנולה מילומור 1,ליטרים,1.00,ליטר,false,,11.90,11.9000,true,1,31538
7290002374640,false,שמן בריאות קנולה פלוס אומגה 3 עץ הזית 1 ליטר,סוגת תעשיות בעמ,,שמן קנולה פלוס אומגה,ליטרים,1.00,ליטר,false,,17.90,17.9000,true,1,31540
7290002407454,false,שמן זית סורי כתית מעולה 750 מל,אבאל יזמות בעמ,,שמן זית כתית מעולה ס,,750.00,"100 מ""ל",false,,42.90,0.0572,true,1,5764
7290002512011,false,ג`חנון צנעני (900 גרם),צנעני מוצרי בצק בעמ,,צנעני גחנון 900 גרם,,900.00,100 גרם,false,,19.90,0.0221,true,1,65897
7290002512257,false,מלווח מפחת שומן 700 גרם צנעני,צנעני מוצרי בצק בעמ,,מלווח מופחת שומן 700,,700.00,100 גרם,false,,18.90,0.0270,true,1,117058
7290002517726,false,קינמון מקלות 15 גר' טעם וריח,"תבליני טעם וריח בע""מ",,תבלין מקל קינמון טעם,,15.00,100 גרם,false,,7.00,0.4667,true,1,49458
7290002542865,false,"שישייה בירה הוגרדן בקבוק 330X6 מ""ל","אינבב, ברוורייפליין",,בירה הוגרדן -שישיה *,ליטרים,1.98,ליטר,false,,49.90,25.2020,true,1,331701
7290002543046,false,קלוגס פרוסטיס דגנים וסוכר 750ג',דיפלומט מפיצים (1968) בעמ**,,פרוסטיס דגני קלוגס 7,,750.00,100 גרם,false,,21.90,0.0292,true,1,66682
7290002543237,false,דגני בוקר קלוגס קורנפלקס 750 גרם,קלוגס קומפני אוף גרייט ב,,קורנפלקס קלוגס 750 ג,,750.00,100 גרם,false,,16.90,0.0225,true,1,5930
7290002551010,false,נתחי טונה בהירה במים סטארקיסט (160 גרם),דיפלומט מפיצים (1968) בעמ**,,טונה סטארקיסט במים 1,,160.00,100 גרם,false,,8.20,0.0512,true,1,28433
7290002608516,false,לחם מחמצת מקמח מלא 5,פילסברי,,לחם מחמצת מקמח מלא,,530.00,100 גרם,false,,17.90,0.0338,true,1,211776
7290002627210,false,גפילטע פיש קציצות מדגי קרפיון וכסיף בצנצנת 560 גרם,האי נאם סי או אל.טי.,,גפילטע פיש בצנצנת דל,,560.00,100 גרם,false,,13.90,0.0248,true,1,205461
7290002628088,false,טחון הודו 500גרם קפוא ארוז,בלדי בע`מ,,טחון הודו קפוא 500 ג,,500.00,100 גרם,false,,11.90,0.0238,true,1,372464
7290002628293,false,טחון עוף קפוא 500 גרם בלדי,בלדי בע`מ,,טחון עוף קפוא 500 גר,,500.00,100 גרם,false,,11.90,0.0238,true,1,94017
7290002692393,false,שמן קנולה מזוכך מועשר עץ הזית (1 ליטר),סוגת תעשיות בעמ,,שמן קנולה מועשר עץ ה,ליטרים,1.00,ליטר,false,,16.90,16.9000,true,1,31543
7290002692478,false,"שמן זית כתית מעולה קלאסי מעודן 750 מ""ל עץ הזית","מרקאולאו, ספרד.אבסה,",,שמן זית כתית מעולה מ,,750.00,"100 מ""ל",false,,35.90,0.0479,true,1,31545
7290002692768,false,"תרסיס שמן קנולה מזוכך ללא תוספת גז עץ הזית 200 מ""ל",טרנסומס פוד איי בי,,תרסיס שמן קנולה עץ ה,,200.00,"100 מ""ל",false,,16.90,0.0845,true,1,31552
7290002692782,false,"תרסיס שמן זית כתית מעולה ללא תוספת גז עץ הזית 150 מ""ל",י.ב טכנולוגיות אריזה,,תרסיס שמן זית עץ הזי,,200.00,"100 מ""ל",false,,16.90,0.0845,true,1,31554
7290002703426,false,דבש לחיץ בבקבוק עין חרוד 250 גרם,דבש שלנו( )1987בעמ,,דבש לחיץ מכוורת 250,,250.00,100 גרם,false,,13.90,0.0556,true,1,39255
7290002730262,false,נוזל לניקוי כלים קלאסי פלמוליב (750 מל),יבואן ומשווק: ש. שסט,,פלמוליב לכלים קלאסי,,750.00,"100 מ""ל",false,,12.90,0.0172,true,1,23456
7290002730811,false,"משחת שיניים ג'ל פסים מרעננים קולגייט 100 מ""ל",הנסיך- מפעל לייצור ט,,משחת שיניים גל משפחת,,100.00,"100 מ""ל",false,,14.80,0.1480,true,1,23463
7290002730941,false,כדורי צמר גפן בלונס 100 יחידות,הנסיך- מפעל לייצור ט,,צמר גפן פרוס בלונס 1,,100.00,100 גרם,false,,6.90,0.0690,true,1,23467
7290002730958,false,סבון מוצק בניחוח זיתים ואלוורה פלמוליב 4*100 גרם,הנסיך- מפעל לייצור ט,,סבון מוצק ירוק זית פ,,400.00,100 גרם,false,,17.90,0.0447,true,1,23468
7290002735014,false,מלווח ארוז יינון 800 גר`,קפוא-זן תעשיות מזון בעמ - תפוג,,ינון מלווח ארוז 800,,800.00,100 גרם,false,,14.90,0.0186,true,1,68501
7290002735274,false,ג'חנון אפוי ינון 600 גרם,קפוא-זן תעשיות מזון בעמ - תפוג,,ינון גחנון אפוי 600,,600.00,100 גרם,false,,16.90,0.0282,true,1,119079
7290002750147,false,לחמניית קוראסול דגני,פילסברי,,בייגל רול דגנים,,1.00,יח',false,,4.80,4.8000,true,1,117304
7290002750338,false,לחם רוסטיק עגבניות מ,פילסברי,,לחם עגבניות מיובשות,,530.00,100 גרם,false,,17.90,0.0338,true,1,211795
7290002752332,false,"סוכריות מנטוס פירות בגליל, 37.5 גרם",הדקלאים אגודת שיתופי,,מנטוס .סוכריות פירות,,37.50,100 גרם,false,,4.00,0.1067,true,1,13860
7290002757139,false,מלוואח 700 גר' שלושת האופים קהילות,נטו מלינדה סחר בע`מ,,שלושת האופים מלוואח,,700.00,100 גרם,false,,16.90,0.0241,true,1,18384
7290002757665,false,קבב מזרחי טיבון ויל 400 ג',נטו מלינדה סחר בעמ,,קבב מזרחי 400 גרם,,400.00,100 גרם,false,,10.90,0.0273,true,1,18391
7290002814160,false,מסיר שומנים סנט מוריץ 1ל,קומפלקס כימיקלים בעמ,,מסיר שומנים קר סנט מ,יחידה,0.00,יחידה,false,,18.90,0.0000,true,1,135557
7290002824183,false,"גבינה לבנה סקי 500 גרם 5% ""שטראוס"" -מוצר בפיקוח",שטראוס גרופ בעמ/מצונן,,גבינה לבנה 5% סקי 50,,500.00,100 גרם,false,,9.50,0.0190,true,1,24781
7290002824466,false,יוגורט דנונה ביו לבן 0% שומן 200 גרם,שטראוס גרופ בעמ/מצונן,,דנונה יוגורט ביו 0%,,200.00,יח',false,,3.70,0.0185,true,1,24782
7290002824640,false,"גבינת סקי 250 גרם 5% ""שטראוס"" -מוצר בפיקוח",שטראוס גרופ בעמ/מצונן,,גבינה 5% סקי 250 גרם,,250.00,100 גרם,false,,4.98,0.0199,true,1,24783
7290002825722,false,כרוב אדום במיונז אחלה (500 גרם),שטראוס גרופ בעמ/מצונן,,אחלה כרוב אדום 500ג,,500.00,100 גרם,false,,15.90,0.0318,true,1,24785
7290002868996,false,"קוטג' 5% שומן, רכיבים טבעיים, 250 גרם",החברה המרכזית טלהפצת משקאות בע,,טרה קוטג מועשר 5% 25,,250.00,100 גרם,false,,5.70,0.0228,true,1,7128
7290002871248,false,"בירה טובורג רד בקבוק 500 מ""ל חוזר",החברה המרכזית להפצת משקאות בעמ,,בירה טובורג רד בקבוק,,500.00,"100 מ""ל",false,,10.40,0.0208,true,1,7617
7290002871361,false,"בירה קרלסברג בקבוק 500 מ""ל חוזר",החברה המרכזית להפצת משקאות בעמ,,קרלסברג בירה בק.חוזר,,500.00,"100 מ""ל",false,,10.50,0.0210,true,1,7618
7290002881247,false,פרוסות אננס בסירופ קל תומר 850 גרם,תומר יבוא ושיווק מוצרי מזון (1,,אננס שלם פרוסות תומר,,850.00,100 גרם,false,,8.90,0.0105,true,1,26340
7290002881254,false,קוקטייל פירות טרופיים בסירופ קל תומר 825 גרם,תומר יבוא ושיווק מוצרי מזון (1,,קוקטייל טרופי תומר 8,,850.00,100 גרם,false,,8.90,0.0105,true,1,26341
7290002881278,false,חצאי אפרסקים בסירופ קל תומר (820 גרם).,תומר יבוא ושיווק מוצרי מזון (1,,אפרסק חצאים תומר 820,,820.00,100 גרם,false,,10.90,0.0133,true,1,26343
7290002881940,false,סרדינים מרוקאי בשמן חמניות 125ג' תומר,תומר ייבוא ושיווק מוצרי מזון [,,סרדין מרוקאי בשמן תו,,125.00,100 גרם,false,,5.90,0.0472,true,1,26374
7290002881957,false,סרדינים מרוקאי חריף בשמן חמניות 125ג' תומר,תומר ייבוא ושיווק מוצרי מזון [,,סרדין מרוקאי חריף תו,,125.00,100 גרם,false,,5.90,0.0472,true,1,26375
7290002900566,false,פסטרמה ברביקיו דל שומן טירת צבי 400 גרם,הנסיך- מפעל לייצור ט,,פסטרמה ברביקיו דל שו,,360.00,100 גרם,false,,31.90,0.0886,true,1,26755
7290002971993,false,קמח כוסמין מלא ללא צורך בניפוי 1 קג שטיב,טחנות קמח שטיבל בש בעמ,,קמח כוסמין מלא ללא צ,קילוגרמים,1.00,"ק""ג",false,,15.90,15.9000,true,1,84337
7290002973829,false,קמח כוסמין לבן( 1 קג) ללא צורך ניפוי ש,טחנות קמח שטיבל בש בעמ,,קמח כוסמין לבן ללא צ,קילוגרמים,1.00,"ק""ג",false,,16.90,16.9000,true,1,262384
7290002986652,false,גטניו פתי בר שוקו 470 גרם,"אחים גטניו בע""מ",,גטניו - פתיבר שוקו 4,,470.00,100 גרם,false,,9.90,0.0211,true,1,134409
7290002987963,false,"חומוס אחלה 1 ק""ג שטראוס",שטראוס גרופ בעמ/מצונן,,אחלה חומוס 1קג,קילוגרמים,1.00,"ק""ג",false,,14.90,14.9000,true,1,24786
7290003009640,false,מיץ תפוזים סחוט רכיבים טבעיים פריגת 1 ליטר,החברה המרכזית טלהפצת משקאות בע,,פריגת סחוט מיץ תפוזי,ליטרים,1.00,ליטר,false,,16.90,16.9000,true,1,7144
7290003015627,false,"נוזל רצפות אפרסק 2 ליטר ""ריצפז פרש""",החברה הדרומית לשיווק בעמ,,ריצפז פרש אפרסק 2 לי,ליטרים,2.00,ליטר,false,,19.90,9.9500,true,1,32021
7290003029181,false,משקה יטבתה שוקו' בקבוק 1ל מהדרין,שטראוס גרופ בעמ/מצונן,,יטבתה שוקו בקבוק 1ל,ליטרים,1.00,ליטר,false,,11.90,11.9000,true,1,24790
7290003029372,false,יטבתה משקה בטעם בננה %3 בקבוק 1 ליטר,שטראוס גרופ בעמ/מצונן,,יטבתה משקה חלב בננה,ליטרים,1.00,ליטר,false,,11.90,11.9000,true,1,24793
7290003029389,false,"משקה חלב בננה פקק ספורט 250 מ""ל יוטבתה",שטראוס גרופ בעמ/מצונן,,יטבתה משקה חלב בננה+,,250.00,יח',false,,5.60,0.0224,true,1,24794
7290003029433,false,"משקה יטבתה שוקו פקק 250 מ""ל מהדרין",שטראוס גרופ בעמ/מצונן,,יטבתה שוקו +פקק 250,,250.00,יח',false,,5.60,0.0224,true,1,24795
7290003029532,false,מוקה בבקבוק יטבתה 1 ליטר מהדרין,שטראוס גרופ בעמ/מצונן,,יטבתה מוקה 1ל,ליטרים,1.00,ליטר,false,,11.90,11.9000,true,1,24797
7290003029792,false,"משקה יטבתה שוקו שקיות מהדרין מארז 225X8מ""ל",שטראוס גרופ בעמ/מצונן,,יטבתה מהדרין שוקו שק,ליטרים,1.80,ליטר,false,,19.90,11.0556,true,1,24799
7290003029907,false,משקה חלב אייס קפה 2% יטבתה (1 ליטר,שטראוס גרופ בעמ/מצונן,,יטבתה אייס קפה 1ל,ליטרים,1.00,ליטר,false,,11.90,11.9000,true,1,24802
7290003047642,false,תה שחור יילו לייבל 100*1.5 ג' שקיק ליפטון,"יוניליוור ישראלשיווק בע""מ",,תה ליפטון יילו לייבל,,150.00,100 גרם,false,,13.90,0.0927,true,1,11342
7290003054657,false,חרדל ריין דיז'ון אקסטרה פורטה 370 גרם,דיפלומט מפיצים (1968) בעמ**,,חרדל דיג'ון אקסטרא פ,,370.00,100 גרם,false,,12.90,0.0349,true,1,29212
7290003107216,false,קמח לבן בהיר 1 קג דגן מוביל,טחנות קמח דגן (2006) בעמ,,"קמח לבן דגן 1 ק""ג",קילוגרמים,1.00,"ק""ג",false,,6.70,6.7000,true,1,10006
7290003107223,false,טחנת קמח דגן סולת 1קג,טחנות קמח דגן (2006) בעמ,,"סולת חיטה דגן 1 ק""ג",קילוגרמים,1.00,"ק""ג",false,,6.90,6.9000,true,1,10007
7290003107315,false,סולת בשקית טחנת קמח דגן (1 קג),טחנות קמח דגן (2006) בעמ,,"סולת דגן 1 ק""ג",קילוגרמים,1.00,"ק""ג",false,,4.90,4.9000,true,1,10010
7290003107346,false,קמח חיטה לבן בדץ טחנת קמח דגן (1 קג),טחנות קמח דגן (2006) בעמ,,קמח חיטה לבן דגן 1 ק,קילוגרמים,1.00,"ק""ג",false,,4.90,4.9000,true,1,10012
7290003126958,false,טופו גבינה גוש בואקום צוריאל 300 ג',החברה המרכזית טלהפצת משקאות בע,,צוריאל גבינה גוש טופ,,300.00,100 גרם,false,,13.90,0.0463,true,1,7152
7290003141159,false,יוגטה מרשמלו ממתק מוקצף בטעמי תות שדה ווניל 180 גרם,ליימן שליסל בעמ,,יוגטה מרשמלו 180 גר',,180.00,100 גרם,false,,8.90,0.0494,true,1,13871
7290003142422,false,גרעיני חמניה בשקית ללא מלח קליית גת 180 גרם,ליימן שליסל בעמ,,גרעיני חמניה ללא מלח,,180.00,100 גרם,false,,6.90,0.0383,true,1,13877
7290003143146,false,ממרח תמרים קליית גת (450 גרם),הדקלאים אגודת שיתופי,,ממרח תמרים 450 גרם,,450.00,100 גרם,false,,6.40,0.0142,true,1,13889
7290003143276,false,יוגטה מרשמלו ממתק מוקצף בטעם תות שדה 180 גרם,תות ממתקי איכות,,יוגטה מרשמלו מגולגל,,180.00,100 גרם,false,,8.90,0.0494,true,1,13896
7290003217014,false,פיתות תנעמי בטעם ביתי דגנית עין בר) (5,דגנית עין בר תעשיות מזון ואפיה,,5 פיתות מזרחיות תנעמ,,500.00,100 גרם,false,,7.90,0.0158,true,1,66546
7290003220533,false,"רוטב צ'ילי מתוק ווק 700 מ""ל",תאי פרידה אינדסטרי ב,,רוטב צ'ילי מתוק 700,,700.00,"100 מ""ל",false,,13.90,0.0199,true,1,48413
7290003220717,false,WOK אצות נורי סילבר 10 יחידות,ג'י וואן גלובול נאט,,אצות נורי סילוור 10,,22.00,100 גרם,false,,14.40,0.6545,true,1,372434
7290003220830,false,"WOK חומץ אורז יסמין 500 מ""ל",דיאמונד פריזרוד פודס,,חומץ אורז לסושי 500,,500.00,"100 מ""ל",false,,16.90,0.0338,true,1,372438
7290003229116,false,פסטרמה הודו בדבש שומן טירת צבי 400 גרם,תנובה מרכז שיתופי לשיווק תוצרת,,א.מ פסטרמה בדבש 400,,400.00,100 גרם,false,,29.90,0.0747,true,1,26765
7290003229123,false,פסטרמה הודו על גחלים 2% טירת צבי 400 גרם,תנובה מרכז שיתופי לשיווק תוצרת,,א.מ. פסטרמה על גחלים,,400.00,100 גרם,false,,29.90,0.0747,true,1,26766
7290003229147,false,נקניק סלמי איטלקי מעושן טירת צבי 300 גרם,תנובה מרכז שיתופי לשיווק תוצרת,,סלמי בסגנון איטלקי 3,,300.00,100 גרם,false,,31.90,0.1063,true,1,26767
7290003229154,false,נקניק סלמי קוניאק טירת צבי 300 גרם,תנובה מרכז שיתופי לשיווק תוצרת,,א.מ. סלמי קוניאק מוב,,300.00,100 גרם,false,,32.40,0.1080,true,1,26768
7290003229192,false,נקניק כתף בקר מעושן 2% טירת צבי 400 גרם,תנובה מרכז שיתופי לשיווק תוצרת,,א.מ. כתף בקר מעושן 4,,400.00,100 גרם,false,,31.90,0.0797,true,1,26770
7290003268252,false,לחם חיטה מלא לילדים 750 ג' דגנית עין בר,דגנית עין בר תעשיות מזון ואפיה,,לחם חיטה מלא ללא גרע,,750.00,100 גרם,false,,14.90,0.0199,true,1,66549
7290003287253,false,נקניקיות מרגז הקצביה 500 גרם בלדי,בלדי בעמ,,מרגז קצביה ארוז 600,,600.00,100 גרם,false,,30.90,0.0515,true,1,113572
7290003321155,false,יוגורט בר עם פקאן מצופה שוקולד 183 ג' דנונה,שטראוס גרופ בעמ/מצונן,,דנונה קראנצ' ששבי פק,,183.00,יח',false,,4.80,0.0262,true,1,24803
7290003332045,false,קפה שחור בלי הל נח`לה אדום (250 גרם),סובחי נחלה ובניו בעמ,,קפה נחלה סובחי 250 ג,,250.00,100 גרם,false,,15.50,0.0620,true,1,37089
7290003411696,false,מרקיות פלסטיק חד פעמיות 25 יח`,הנמל אריזות ושיווק (1984) בעמ,,מרקיות חד פעמי 25 יח,יחידה,0.00,יחידה,false,,9.90,0.0000,true,1,8414
7290003427154,false,"שמן זית כתית מעולה טעם מעודן זיתא 750 מ""ל",תה ויסוצקי (ישראל) בעמ,,שמן זית כתית מעולה ז,,750.00,"100 מ""ל",false,,35.90,0.0479,true,1,26092
7290003438006,false,ממרח אולביה פסטו וצנובר איטלקי 190ג',תה ויסוצקי (ישראל) בעמ,,אוליביה ממרח פסטו אי,,180.00,100 גרם,false,,14.50,0.0806,true,1,4006
7290003438020,false,אוליביה ממרח עגבניות מיובשות (190 גרם),תה ויסוצקי (ישראל) בעמ,,אוליביה ממרח עגבניות,,190.00,100 גרם,false,,14.50,0.0763,true,1,4008
7290003438709,false,ממרח אולביה זיתים שחורים וירוקים 190 ג',תה ויסוצקי (ישראל) בעמ,,אוליביה ממרח זיתים ש,,190.00,100 גרם,false,,14.50,0.0763,true,1,4019
7290003450602,false,חרדל אמיתי צהוב בקבוק לחיץ 255 גר,היינץ צפון אמריקה מקבוצת ה.י.היינץ,,חרדל אמיתי צהוב בקבו,,255.00,100 גרם,false,,10.90,0.0427,true,1,29216
7290003514007,false,מנה שקדי מרק מנה 400 גרם,ש.שסטוביץ בעמ,,שקדי מרק מנה 400 גרם,,400.00,100 גרם,false,,9.80,0.0245,true,1,23473
7290003570171,false,מינוט שניצל 300 גרם ארוז בלדי,"בלדי בע""\מ",,מינוט שניצל 300 גר',,300.00,100 גרם,false,,24.90,0.0830,true,1,123717
7290003578672,false,ויליפוד שמן חמניות 1 ליטר{בית יוסף},וילי פוד,,שמן חמניות 1 ליטר,ליטרים,1.00,ליטר,false,,13.90,13.9000,true,1,3553
7290003643004,false,אורז בסמטי קלאסי סוגת (1 קג),האי נאם סי או אל.טי.,,"סוגת אורז בסמטי 1 ק""",קילוגרמים,1.00,"ק""ג",false,,14.90,14.9000,true,1,19403
7290003643387,false,סוכר לבן בצנצנת פלסטיק 1 ק`ג,האי נאם סי או אל.טי.,,סוכר לבן בצנצנת סוגת,קילוגרמים,1.00,"ק""ג",false,,8.90,8.9000,true,1,19414
7290003643646,false,"סוכר דמררה קלאסי בצנצנת סוגת 1 ק""ג",האי נאם סי או אל.טי.,,סוכר דמררה בצנצנת חו,קילוגרמים,1.00,"ק""ג",false,,14.20,14.2000,true,1,19415
7290003643684,false,אפונה יבשה סוגת 500 גר',האי נאם סי או אל.טי.,,אפונה יבשה 500 גרם,,500.00,100 גרם,false,,6.80,0.0136,true,1,19416
7290003643707,false,גריסים סוגת (500 גרם),"סוגת תעשיות בע""מ",,סוגת גריסים 500גר,,500.00,100 גרם,false,,6.80,0.0136,true,1,19417
7290003643738,false,חיטה סוגת (500 גרם),האי נאם סי או אל.טי.,,סוגת חיטה 500 גר,,500.00,100 גרם,false,,6.80,0.0136,true,1,19419
7290003643745,false,כוסמת סוגת (500 גרם),האי נאם סי או אל.טי.,,כוסמת 500 גרם,,500.00,100 גרם,false,,7.90,0.0158,true,1,19420
7290003643752,false,עדשים ירוקים יבש סוגת 500 גר',האי נאם סי או אל.טי.,,עדשים ירוקות 500 גרם,,500.00,100 גרם,false,,8.90,0.0178,true,1,19421
7290003643769,false,עדשים אדומים יבש סוגת 500 גר',"סוגת תעשיות בע""\מ",,עדשים אדומות 500 גרם,,500.00,100 גרם,false,,8.90,0.0178,true,1,19422
7290003643776,false,"פופקורן גרעינים סוגת 500 ג' כשל""פ",האי נאם סי או אל.טי.,,סוגת פופקורן 500 גרם,,500.00,100 גרם,false,,6.80,0.0136,true,1,19423
7290003643806,false,שעועית לבנה יבשה סוגת (500 גרם),האי נאם סי או אל.טי.,,שעועית לבנה 500 גרם,,500.00,100 גרם,false,,13.80,0.0276,true,1,19425
7290003643813,false,שעועית אדומה יבשה סוגת 500 גר',האי נאם סי או אל.טי.,,שעועית אדומה 500 גרם,,500.00,100 גרם,false,,11.90,0.0238,true,1,19426
7290003681211,false,צנובר מיה 100 גרם,מיה תעשיות מזון מ.ת.מ. בעמ,,צנובר מיה 80 גרם,,80.00,100 גרם,false,,26.90,0.3362,true,1,15631
7290003706167,false,בצל ירוק ארוז,,,בצל ירוק ארוז,,1.00,"100 מ""ל",false,,5.90,5.9000,true,1,78178
7290003706440,false,בייבי מיקס נספק,,,בייבי מיקס נספק,,1.00,"100 מ""ל",false,,9.90,9.9000,true,1,55611
7290003726615,false,"טופו ויילר 300 גרם ""שטראוס""",שטראוס גרופ בעמ/מצונן,,טופו ויילר 300 גרם.,,300.00,100 גרם,false,,13.00,0.0433,true,1,142873
7290003781850,false,גבינת קשקבל פרוסות 200 גרם - דיספליי (18),ג.וילי-פוד אינטרנשיונל **גבינו,,גבינת קשקבל פרוסות 2,,200.00,100 גרם,false,,21.90,0.1095,true,1,347486
7290003805501,false,"פתית בסגנון שוודי תלמה בד""צ 300 גרם",יוניליוור ישראל שיווק בע`מ,,פתית שוודי חסכוני בד,,300.00,100 גרם,false,,18.70,0.0623,true,1,11381
7290003805587,false,"פתית חיטה מלאה בד""צ 250 גרם-קופסא",יוניליוור ישראל שיווק בע`מ,,פתית חיטה מלאה בד'ץ,,250.00,100 גרם,false,,18.70,0.0748,true,1,11386
7290003807178,false,"רוטב קנור סויה בסגנון סיני 300 מ""ל",יוניליוור ישראל שיווק בע`מ,,רוטב סויה בסגנון סינ,,300.00,"100 מ""ל",false,,12.50,0.0417,true,1,11415
7290003882922,false,עלי גפן ממולאים באורז וילי פוד 360 גרם,ג. וילי-פוד אינטרנשיונל בע`מ,,עלי גפן ממולאים באור,,360.00,100 גרם,false,,8.90,0.0247,true,1,3568
7290003896141,false,חטיף ספרדי פיקנטי אלמנדוס 200 גרם,הדקלאים אגודת שיתופי,,אלמנדוס 200 גרם,,200.00,100 גרם,false,,10.90,0.0545,true,1,118221
7290003989096,false,סלט חצילים פיקנטי אחלה 500 גרם,שטראוס גרופ בעמ/מצונן,,אחלה חציל פיקנטי 500,,500.00,100 גרם,false,,15.90,0.0318,true,1,24805
7290003989539,false,רביולי עם גבינה שטראוס (400 גרם),שטראוס גרופ בעמ/מצונן,,EAT GOOD רביולי גבינ,,400.00,100 גרם,false,,21.70,0.0542,true,1,24806
7290003989553,false,פסטה טורטליני גבינה ופטריות 400 גרם,שטראוס גרופ בעמ/מצונן,,שטראוס טורטליני פטרי,,400.00,100 גרם,false,,21.70,0.0542,true,1,68871
7290004011284,false,בסיס להכנת קצפת צמחי ריץ` (212 מל),ריצ' פרודקטס קורפריי,,ריצ בסיס להכנת קצפת,,212.00,"100 מ""ל",false,,9.30,0.0439,true,1,18508
7290004011338,false,קצפת מתוקה מוכנה ספריי ריץ` (250 מל),נטו מלינדה סחר בע`מ,,ריצ קצפת במיכל 250מל,,250.00,יח',false,,11.90,0.0476,true,1,18510
7290004011819,false,המבורגר ריב אנטריקוט אל גאוצ`ו 360 גר`ק,נטו מלינדה סחר בע`מ,,אל גאוצו המבורגר ריב,,360.00,100 גרם,false,,24.90,0.0692,true,1,18520
7290004022309,false,עדשי מ&מ'ס חמאת בוטנים80,מרס,,M&M עדשי חמאת בוטנים,,80.00,100 גרם,false,,7.50,0.0938,true,1,97505
7290004026776,false,לחם מחמצת אגוזים וצימוקים,פילסברי,,לחם מחמצת אגוזים וצי,,530.00,100 גרם,false,,18.90,0.0357,true,1,211777
7290004030100,false,מיץ תפוזים ולנסיה סחוט 100% 1 ליטר,תנובה - פריניב,,מיץ תפוזים סחוט וולנ,ליטרים,1.00,ליטר,false,,16.80,16.8000,true,1,211061
7290004043108,false,עדשי מ&מ'ס שוקולד 89 גרם,מרס,,M&M עדשי שוקולד 89 ג,,89.00,100 גרם,false,,7.50,0.0843,true,1,97506
7290004043205,false,עדשי שוק.מ&מ'ס בוטנים90ג,מרס,,M&M עדשי בוטנים 93 ג,,93.00,100 גרם,false,,7.50,0.0806,true,1,97507
7290004063016,false,מלח שולחן מעולה סלית (1 קג)פיקוח,האי נאם סי או אל.טי.,,"מלח שולחן סלית 1 ק""ג",קילוגרמים,1.00,"ק""ג",false,,2.07,2.0700,true,1,16299
7290004063115,false,"מלח מטבח עבה להמלחת בשר ובישול 1 ק""ג 1ק""ג",האי נאם סי או אל.טי.,,מלח מטבח גס לבישול כ,קילוגרמים,1.00,"ק""ג",false,,2.07,2.0700,true,1,16300
7290004064174,false,"תבלין מלח ההימלאיה דק בצנצנת 1 ק""ג","חברת מלח הארץ אילת בע""\מ",,מלח ההימלאיה דק בצנצ,קילוגרמים,1.00,"ק""ג",false,,18.90,18.9000,true,1,96731
7290004068028,false,"יוגורט צזיקי לשתיה 3.5% 500 מ""ל רובין",מחלבות גד שיווק 1992 בעמ,,גד משקה צזיקי 2% 500,,500.00,"100 מ""ל",false,,10.20,0.0204,true,1,15399
7290004078225,false,"שטיפת פה קולגייט פלקס מינט ירוק 500מ""ל",קולגייט- פלמוליב,,מי פה פלקס סופט מינט,,500.00,"100 מ""ל",false,,33.90,0.0678,true,1,23495
7290004102326,false,תרד בקופסא יחידה,Unknown,,תרד לא שטוף,,180.00,100 גרם,false,,11.90,0.0661,true,1,55691
7290004119133,false,כד יוגורט תנובה 6.5% שומן 1.5 ליטר,מיוצר עי קונדיטוריית,,יוגורט כדים תנובה 7%,ליטרים,1.50,ליטר,false,,17.80,11.8667,true,1,27419
7290004119225,false,יופלה יוגורט בטעם אננס %3 150 גרם,תנובה מרכז שיתופי לש,,יופלה אננס 3% 150מל,,150.00,100 גרם,false,,5.20,0.0347,true,1,27420
7290004119928,false,מעדן חלב בטעם וניל 2% קרלו תנובה 125 גרם,מחלבת אלון תבור,,קרלו וניל 3% 125מל,,125.00,יח',false,,3.00,0.0240,true,1,27425
7290004119973,false,קרלו מעדן שוקו רביעיה גביע 1.5% 125 גרם,תנובה מרכז שיתופי לש,,קרלו שוקולדה 3% 125מ,,125.00,"100 מ""ל",false,,3.00,0.0240,true,1,27426
7290004120061,false,מעדן חלב בטעם שוקו וניל שוניל 2% קרלו 125 גרם,תנובה מרכז שיתופי לש,,קרלו שוניל 3% 125מל,,125.00,יח',false,,3.10,0.0248,true,1,27427
7290004120108,false,יופלה דיאט יוגורט דובדבן %0 גביע 150גרם,תנובה מרכז שיתופי לש,,יופלה דיאט דובדבן 0%,,150.00,"100 מ""ל",false,,5.20,0.0347,true,1,27430
7290004120566,false,גבינה בולגרית (25024% גרם)פיראוס תנובה,"תנובה בע""מ ***",,פיראוס בולגרית 24% 2,,250.00,100 גרם,false,,24.90,0.0996,true,1,27448
7290004121754,false,יוגורט ביו עוגת גבינה ותות 3% יופלה 150 גרם,תנובה בעמ ***,,יופלה קרם גבינה ותות,,150.00,100 גרם,false,,5.20,0.0347,true,1,27461
7290004121853,false,גבינה בולגרית קוביות (2005% גרם)פיראוס,תנובה מרכז שיתופי לש,,פיראוס בולגרית בקובי,,200.00,100 גרם,false,,22.80,0.1140,true,1,27464
7290004122119,false,פתיתי פרמזן לפסטה 23% השף הלבן 100 גרם,"תנובה בע""מ ***",,שף לבן פתיתי פרמזן ל,,100.00,100 גרם,false,,13.90,0.1390,true,1,27468
7290004122195,false,גוש חלב גבינה צהובה פרוסה 28% תנובה 200 גרם,"תנובה בע""מ ***",,גוש חלב פרוס 28% 200,,200.00,100 גרם,false,,14.60,0.0730,true,1,27469
7290004122270,false,עמק קלאסית פרוסות גבינה חצי קשה 28% 200 גרם,תנובה מרכז שיתופי לש,,עמק פרוס סגירה חוזרת,,200.00,100 גרם,false,,16.60,0.0830,true,1,27470
7290004122348,false,גבינה צהובה מופחתת שומן 9% עמק (200 גרם),תנובה מרכז שיתופי לש,,עמק לייט 9% 200ג,,200.00,100 גרם,false,,16.90,0.0845,true,1,27472
7290004122676,false,גבינה חמד לייט (2505% גרם)פיראוס תנובה,"תנובה,מחלבת טנא נוגה",,פיראוס חמד לייט 5% 2,,250.00,100 גרם,false,,18.90,0.0756,true,1,27476
7290004122683,false,עמק חטיף אצבעות גבינה חצי קשה 28% שומן,תנובה מרכז שיתופי לש,,עמק אצבעות 172ג,,172.00,100 גרם,false,,17.40,0.1012,true,1,27477
7290004124205,false,יופלה דיאט יוגורט תות %0 גביע 150 גרם,תנובה מרכז שיתופי לש,,יופלה דיאט תות 0% 15,,150.00,"100 מ""ל",false,,5.20,0.0347,true,1,27492
7290004124847,false,"קצפת צמחית השף הלבן 500 מ""ל תנובה",תנובה מרכז שיתופי לש,,שף לבן קצפת צמחית 24,,500.00,"100 מ""ל",false,,17.60,0.0352,true,1,27499
7290004125370,false,"שמנת חמוצה 9% מופחתת שומן תנובה 200 מ""ל מהדרין",תנובה מרכז שיתופי לש,,תנובה שמנת מופחתת 9%,,200.00,"100 מ""ל",false,,3.70,0.0185,true,1,27503
7290004125400,false,"אשל שלי מהדרין 200 מ""ל 4.5% ""תנובה""- מוצר בפיקוח",פארייפאבה אגרואינדוס,,"אשל 4.5% בד""צ מהדרין",,200.00,יח',false,,1.69,0.0084,true,1,27504
7290004125417,false,"גיל 3% שלי 200 מ""ל ""תנובה"" -מוצר בפיקוח",תנובה מרכז שיתופי לש,,"גיל 3% בד""צ מהדרין",,200.00,יח',false,,1.51,0.0076,true,1,27505
7290004125455,false,"שמנת חמוצה 200 מ""ל 15% ""תנובה"" -מוצר בפיקוח",תנובה מרכז שיתופי לש,,תנובה שמנת אורגינל מ,,200.00,יח',false,,2.40,0.0120,true,1,27506
7290004125462,false,"שמנת חמוצה 15% תנובה 500 מ""ל מהדרין",תנובה מרכז שיתופי לש,,תנובה שמנת חמוצה 15%,,500.00,"100 מ""ל",false,,6.00,0.0120,true,1,27507
7290004125509,false,"שמנת חמוצה 15% מועשרת תנובה 100 מ""ל",תנובה מרכז שיתופי לש,,תנובה שמנת חצי מנה 1,,100.00,"100 מ""ל",false,,1.70,0.0170,true,1,27508
7290004125578,false,משקה סויה מעושר בסידן תנובה 1ל',תנובה מרכז שיתופי לש,,משקה סויה תנובה מועש,ליטרים,1.00,ליטר,false,,11.90,11.9000,true,1,27509
7290004125585,false,משקה סויה בטעם וניל תנובה 1 ליטר,תנובה מרכז שיתופי לש,,סויה תנובה משקה סויה,ליטרים,1.00,ליטר,false,,11.90,11.9000,true,1,27510
7290004125721,false,"השף הלבן שמנת עמידה לבישול 15% תנובה 250 מ""ל",תנובה מרכז שיתופי לש,,שף לבן שמנת לבישול 1,,250.00,"100 מ""ל",false,,8.30,0.0332,true,1,27513
7290004125738,false,שמנת מתוקה להקצפה32% 250מל עמיד השף הלבן,תנובה מרכז שיתופי לש,,שף לבן שמנת להקצפה 3,,250.00,"100 מ""ל",false,,6.90,0.0276,true,1,27514
7290004125776,false,גבינה צהובה קלאסית 28% עמק (400 גרם),"תנובה בע""מ ***",,עמק גבינה קשה פרוסה,,400.00,100 גרם,false,,30.50,0.0763,true,1,27517
7290004126674,false,טל העמק פרוסות גבינה חצי קשה לייט %9 200 גרם בקופסא,תנובה מרכז שיתופי לש,,עמק טל לייט 9% 200ג,,200.00,100 גרם,false,,18.80,0.0940,true,1,27525
7290004126759,false,דאיט יופלה פירות יער טו יוג פרי 150גר.,"תנובה בע""מ ***",,יופלה דיאט פירות יער,,150.00,"100 מ""ל",false,,5.20,0.0347,true,1,27526
7290004126872,false,משקאות חלב תנובה שוקו בקבוק 250מל,תנובה - חלב,,משקאות חלב תנובה שוק,,250.00,יח',false,,5.80,0.0232,true,1,27527
7290004127077,false,קוטג תנובה 3% גביע 250 גרם מהדרין,מיוצר עי קונדיטוריית,,קוטג תנובה 3% 250 ג,,250.00,100 גרם,false,,5.70,0.0228,true,1,27528
7290004127329,false,קוטג תנובה גביע 250 גרם %5 ו.מהדרין,מיוצר עי קונדיטוריית,,קוטג' 5% תנובה מהדרי,,250.00,100 גרם,false,,5.70,0.0228,true,1,27530
7290004127336,false,קוטג תנובה גביע 250 גרם %9 ו.מהדרין,מיוצר עי קונדיטוריית,,קוטג' תנובה מהדרין 9,,250.00,100 גרם,false,,5.70,0.0228,true,1,27531
7290004127800,false,"גבינה לבנה 500 גרם 5% ""תנובה"" -מוצר בפיקוח",מיוצר עי קונדיטוריית,,תנובה גבינה לבנה 5%,,500.00,100 גרם,false,,9.96,0.0199,true,1,27535
7290004127817,false,גבינה לבנה 9% שומן 500 ג' תנובה,מיוצר עי קונדיטוריית,,תנובה גבינה לבנה 9%,,500.00,100 גרם,false,,9.50,0.0190,true,1,27536
7290004127862,false,"גבינה לבנה 750 גרם 5% ""תנובה"" - מוצר בפיקוח",תנובה מרכז שיתופי לש,,תנובה גבינה למריחה מ,,750.00,100 גרם,false,,14.90,0.0199,true,1,114127
7290004128333,false,לאבנה על בסיס יוגורט %9 שומן 500 ג' פיראוס,תנובה בעמ ***,,פיראוס לאבנה גביע %9,,500.00,100 גרם,false,,21.90,0.0438,true,1,27547
7290004128364,false,קרם גבינת שמנת 5% עם זיתים ירוקים 200 ג' תנובה,"תנובה, מחלבת תל יוסף",,תנובה קרם גבינת שמנת,,200.00,100 גרם,false,,12.50,0.0625,true,1,27549
7290004128432,false,פתיתים מיוחדים לפיצה על בסיס גבינה 500 ג',תנובה - חלב,,שף לבן פתיתי גבינה מ,,500.00,100 גרם,false,,22.50,0.0450,true,1,27550
7290004129101,false,גבינת שמנת 25% בטעם טבעי 225 ג' נפוליאון,תנובה מרכז שיתופי לש,,נפוליאון בטעם טבעי 2,,225.00,100 גרם,false,,14.90,0.0662,true,1,27553
7290004129156,false,גבינת שמנת25% עם שום שמיר 225 ג' נפוליאון,תנובה מרכז שיתופי לש,,נפוליאון שום שמיר 25,,225.00,100 גרם,false,,14.90,0.0662,true,1,27555
7290004129767,false,"3% 'יופלה לבן מארז שמינייה 1.2 ק""ג",תנובה מרכז שיתופי לש,,יופלה לבן מאגדת 3% 8,קילוגרמים,1.20,"ק""ג",false,,18.40,15.3333,true,1,27559
7290004130794,false,משקה סויה במתיקות מופחתת תנובה (1 ליטר),תנובה מרכז שיתופי לש,,סויה תנובה טבעי במתי,ליטרים,1.00,ליטר,false,,11.50,11.5000,true,1,27566
7290004130916,false,יוגורט יופלה פירות יער בשמנת 3% 150 גרם,תנובה מרכז שיתופי לש,,יופלה בטעם פירות יער,,150.00,100 גרם,false,,5.20,0.0347,true,1,27568
7290004131074,false,"חלב 1 ליטר 3% קרטון ""תנובה""- מוצר בפיקוח",תנובה מרכז שיתופי לש,,חלב תנובה הומוגני מה,ליטרים,1.00,ליטר,false,,6.23,6.2300,true,1,27573
7290004131432,false,יוגורט יופלה לבן ביו 3% 200 גרם,מיוצר עי קונדיטוריית,,יופלה לבן 3% 200מל,,200.00,"100 מ""ל",false,,4.00,0.0200,true,1,27580
7290004131456,false,יוגורט ביו 1.5% שומן 200 ג' יופלה,מיוצר עי קונדיטוריית,,יופלה לבן 1.5% 200מל,,200.00,"100 מ""ל",false,,4.00,0.0200,true,1,27581
7290004131814,false,גבינת צפתית מעודנת (2005% גרם)פיראוס ת,פארייפאבה אגרואינדוס,,פיראוס צפתית מעודנת,,200.00,100 גרם,false,,15.90,0.0795,true,1,27591
7290004132552,false,משקה סויה בטעם טבעי לייט תנובה 1 ליטר,תנובה מרכז שיתופי לש,,סויה תנובה לייט בטעם,ליטרים,1.00,ליטר,false,,11.50,11.5000,true,1,27600
7290004132712,false,חטיף אצבעות גבינת מוצרלה 20% 172 ג' עמק,תנובה מרכז שיתופי לש,,עמק אצבעות מוצרלה 20,,174.00,100 גרם,false,,17.40,0.1000,true,1,27604
7290004133511,false,יופלה מאגדת לבן 1.5% מעודן 8 יח' * 150 ג',מיוצר עי קונדיטוריית,,יופלה לבן מעודן 1.5%,ליטרים,1.20,ליטר,false,,20.90,17.4167,true,1,27617
7290004134945,false,יוגורט ביו 3% בטעם מוקה יופלה (150 גרם),תנובה מרכז שיתופי לש,,יופלה מוקה 3% 150מל,,150.00,100 גרם,false,,5.20,0.0347,true,1,27632
7290004135058,false,שמיניית קרלו מיני שוקולד 100 גרם מהדרין,תנובה מרכז שיתופי לש,,קרלו מהדרין מיני שוק,,800.00,"100 מ""ל",false,,13.90,0.0174,true,1,27636
7290004135225,false,מעדן חלב דל קלוריות בטעם שוקולד 0.2שומ,תנובה מרכז שיתופי לש,,מעדן תנובה דיאט שוקו,,150.00,"100 מ""ל",false,,4.00,0.0267,true,1,27643
7290004135614,false,גבינה בולגרית מעודנת 5% פיראוס 250 גרם,"תנובה בע""מ ***",,פיראוס בולגרית מעודנ,,250.00,100 גרם,false,,22.60,0.0904,true,1,27651
7290004136154,false,"משקה חלב אייס קפה תנובה בבקבוק 340 מ""ל",גוד פוד פרודקטס S.p,,משקאות חלב תנובה איי,,340.00,"100 מ""ל",false,,7.50,0.0221,true,1,27659
7290004136857,false,מעדן ג`לי בטעם פטל תנובה (125 גרם),תנובה מרכז שיתופי לש,,ג'לי תנובה פטל 125מל,,125.00,יח',false,,2.70,0.0216,true,1,27669
7290004136864,false,מעדן ג'לי בטעם אננס עם חתיכות תנובה 125 גרם,תנובה בעמ ***,,ג'לי תנובה אננס עם ח,,125.00,יח',false,,2.90,0.0232,true,1,27670
7290004136871,false,מעדן ג'לי בטעם אפרסק עם חתיכות תנובה 125 גרם,תנובה מרכז שיתופי לש,,ג'לי תנובה אפרסק עם,,125.00,יח',false,,2.90,0.0232,true,1,27671
7290004137021,false,"שמנת עמידה לבישול מופחת שומן 10% השף הלבן 250 מ""ל",תנובה מרכז שיתופי לש,,שף לבן שמנת לבישול 1,,250.00,"100 מ""ל",false,,8.30,0.0332,true,1,27673
7290004137311,false,גבינה צהובה מופחתת שומן 9% עמק (400 גרם),"תנובה בע""מ ***",,עמק לייט משפחתית 9%,,400.00,100 גרם,false,,30.90,0.0772,true,1,27676
7290004137809,false,לאבנה אסלית 5% גביע (250 גרם)פיראוס תנו,"תנובה, מחלבת אלון תב",,פיראוס לאבנה 5% 250ג,,250.00,100 גרם,false,,14.00,0.0560,true,1,27679
7290004255558,false,נרות שבת אורה מספר 2,מנורה,,נרות שבת 20 יח' - או,יחידה,0.00,יחידה,false,,3.90,0.0000,true,1,321088
7290004537241,false,אפונת גינה שדה בשקית,בסט מייסטר,,אפונת גינה קפואה 800,,800.00,100 גרם,false,,10.90,0.0136,true,1,105772
7290004537258,false,אפונה וגזר 800 גר שד,,,אפונה וגזר 800 גר שד,,800.00,100 גרם,false,,10.90,0.0136,true,1,104887
7290004537333,false,חומוס גרגירים 800 גר,,,חומוס גרגירים 800 גר,,800.00,100 גרם,false,,14.90,0.0186,true,1,140462
7290004554354,false,גלידת פנטזיה שמנת שכבות שוקו וניל 1,"גלידת שטראוס בע""\מ, רחוב",,פנטסיה שוקו וניל 900,,900.00,"100 מ""ל",false,,26.50,0.0294,true,1,4786
7290004584351,false,גבינה לבנה סימפוניה עם תוספות 200 ג' חמישית 200,שטראוס גרופ בעמ/מצונן,,סימפוניה חמישית 200ג,,200.00,100 גרם,false,,12.40,0.0620,true,1,24809
7290004584528,false,יוגורט דנונה ביו לבן 1.7% שומן 200 גרם,שטראוס גרופ בעמ/מצונן,,דנונה יוגורט טבעי 1.,,200.00,יח',false,,3.70,0.0185,true,1,24810
7290004731076,false,אל סבון נוזלי עם אלוורה כיף 1 ליטר,החברה הדרומית לשיווק בעמ,,אלסבון אלוורה כיף 1,ליטרים,1.00,ליטר,false,,12.90,12.9000,true,1,32045
7290004731670,false,"מטהר אוויר דואופרש פצ'ולי לבנדר סנו 300 מ""ל",החברה הדרומית לשיווק בעמ,,דואופרש פצ'ולי לבנדר,,300.00,"100 מ""ל",false,,12.90,0.0430,true,1,32058
7290005040993,false,ערמונים קלויים וקלופים 100 גר',אראל תוצרת חקלאית בע,,ערמונים קלויים קלופי,,1.00,יח',false,,5.90,5.9000,true,1,55694
7290005174513,false,חציל על האש במיונז אחלה 400 גרם+225גר,שטראוס גרופ בעמ/מצונן,,חציל במיונז אחלה 500,,500.00,100 גרם,false,,16.90,0.0338,true,1,24812
7290005174551,false,סלט חומוס עם צנוברים 125 ג' אחלה,שטראוס גרופ בעמ/מצונן,,אחלה חומוס 125ג,,125.00,100 גרם,false,,5.70,0.0456,true,1,24813
7290005174568,false,אחלה יום יום חצילים במיונז 125 גרם,שטראוס גרופ בעמ/מצונן,,אחלה חציל במיונז 125,,125.00,100 גרם,false,,5.70,0.0456,true,1,24814
7290005174575,false,טחינה אחלה יום יום משובחת 125ג',שטראוס גרופ בעמ/מצונן,,אחלה טחינה 125גר,,125.00,100 גרם,false,,5.70,0.0456,true,1,24815
7290005197758,false,"עוגיות חיוכים שוקולד עלית 150 גרם בד""צ",אפיפית נצרת תעשיות ב,,חיוכים של שוקו,,150.00,100 גרם,false,,6.90,0.0460,true,1,24101
7290005199738,false,גומי מאסט בטעם פפרמינט ריח פה נעים פליפטופ 28 ג' עלית,שטראוס גרופ בע`מ,,מאסט ריח פה נעים 28ג,,28.00,100 גרם,false,,4.90,0.1750,true,1,24109
7290005200786,false,תפוצ'יפס בטעם שמנת בצל עלית 50 גרם,"שטראוס פריטו ליי בע""\מ )",,תפוציפס שמנת ובצל 50,,50.00,100 גרם,false,,4.30,0.0860,true,1,25353
7290005201882,false,קפה טורקי בצלופן עלית 200 גרם,הנסיך- מפעל לייצור ט,,טורקי עלית 200 גר',,200.00,100 גרם,false,,16.90,0.0845,true,1,24113
7290005287206,false,רביעיית טונה בשמן סטארקיסט 160 גרם,דיפלומט מפיצים (1968) בעמ**,,טונה בשמן סטארקיסט ר,,640.00,100 גרם,false,,24.90,0.0389,true,1,28445
7290005326585,false,ממרח אוליביה פסטו בזיליקום 180 ג',"אוליביה גורמה בע""מ",,אוליביה פסטו בזיליקו,,180.00,100 גרם,false,,13.50,0.0750,true,1,125683
7290005384851,false,וילי פוד מיץ לימון בדץ 200מל,ג.וילי-פוד אינטרנשיונל בעמ,,מיץ לימון משומר וילי,,200.00,"100 מ""ל",false,,3.90,0.0195,true,1,3583
7290005403972,false,תחתיות ארטישוק 400 גרם שדה בשקית,,,תחתיות ארטישוק 400 ג,,400.00,100 גרם,false,,9.90,0.0248,true,1,110779
7290005403989,false,במיה קפואה 600 גרם ש,,,במיה קפואה 600 גרם ש,,600.00,100 גרם,false,,9.90,0.0165,true,1,109942
7290005423499,false,"תרסיס לניקוי משטחי נירוסטה אירוסל סנו 500 מ""ל",החברה הדרומית לשיווק בעמ,,סנו נירוסטה אירוסול,,476.00,"100 מ""ל",false,,22.50,0.0473,true,1,32083
7290005423567,false,מטליות ניקוי רב שימושיות בגליל סנו סושי 40 יחידות,החברה הדרומית לשיווק בעמ,,סנו סושי מטלית לכל 3,יחידה,0.00,יחידה,false,,22.00,0.0000,true,1,32086
7290005423635,false,ריצפז נוזל רצפות דוחה תיקנים סנו 2 ליטר,החברה הדרומית לשיווק בעמ,,נוזל לניקוי רצפות דו,ליטרים,2.00,ליטר,false,,24.90,12.4500,true,1,32087
7290005423833,false,פוליוויקס נוזל לניקוי פרקט סנו (2 ליטר).,החברה הדרומית לשיווק בעמ,,סנו פוליויקס פרקט 2,ליטרים,2.00,ליטר,false,,24.90,12.4500,true,1,32089
7290005424403,false,"אל סבון כיף אצות ים קטיפתי 1ליטר,",החברה הדרומית לשיווק בעמ,,אל סבון אצות ים כיף,ליטרים,1.00,ליטר,false,,12.90,12.9000,true,1,32097
7290005424762,false,ריצפז פלוס ווקס נוזל להברקת רצפות דוחה תיקנים סנו 2 ליטר,החברה הדרומית לשיווק בעמ,,ריצפז פלוס ווקס דוחה,ליטרים,2.00,ליטר,false,,27.90,13.9500,true,1,32102
7290005424847,false,"מפיות סופט לבנות לשולחן (150 יח') ""סנו""",החברה הדרומית לשיווק בעמ,,סנו סופט מפיות 30*30,יחידה,0.00,יחידה,false,,8.50,0.0000,true,1,32106
7290005426230,false,מטלית הפלא לרצפה מיקרופייבר סנו 1יח',החברה הדרומית לשיווק בעמ,,סנו סושי מטלית הפלא,יחידה,0.00,יחידה,false,,13.90,0.0000,true,1,32132
7290005426940,false,"סנו K-300 מדביר חרקים 475 מ""ל",טרופיקל דגיל תעשיות,,סנו 300 K פלוס 8,,400.00,"100 מ""ל",false,,20.90,0.0522,true,1,32146
7290005431883,false,מלבי חלבי עדן קינוחים 165 גרם,עדן קינוחים Eden,,עדן מלבי חלבי 165 גר,,165.00,100 גרם,false,,7.70,0.0467,true,1,202247
7290005431920,false,עוגת גבינה פירורים לייט עדן קינוחים 78 גרם,עדן קינוחים Eden,,עדן עוגת גבינה פירור,,78.00,100 גרם,false,,7.70,0.0987,true,1,202251
7290005431937,false,מעדן טירמיסו 82 גר` עדן קינוחים,עדן קינוחים Eden,,עדן טירמיסו 82 גרם,,82.00,100 גרם,false,,7.70,0.0939,true,1,202252
7290005559907,false,פיצה משפחתית 100% גבינה מעדנות 500 גרם,תנובה מרכז שיתופי לשיווק תוצרת,,פיצה משפחתית גבינה 5,,500.00,100 גרם,false,,24.90,0.0498,true,1,38997
7290005559914,false,פיצה משפחתית עם 100% גבינה בתוספת זיתים מעדנות 550 גרם,תנובה מרכז שיתופי לשיווק תוצרת,,פיצה משפחתית זיתים 5,,550.00,100 גרם,false,,25.90,0.0471,true,1,69755
7290005591761,false,דבש טהור מפרחי בר בלחיץ 400 ג' יד מרדכי,מכוורת יד מרדכי שטרא,,דבש טהור מפרחי בר בל,,400.00,100 גרם,false,,24.90,0.0622,true,1,24114
7290005610127,false,תפוח אדמה גורמה דוד משה,אראל תוצרת חקלאית בע,,תפו`א גורמה לבן דוד,קילוגרמים,1.00,"ק""ג",true,,8.90,8.9000,true,1,55179
7290005610196,false,תפוח אדמה לבןבייבי גורמה,אראל תוצרת חקלאית בע,,תפו`א בייבי גורמה,קילוגרמים,1.00,"ק""ג",true,,6.90,6.9000,true,1,142197
7290005838002,false,מעדן גבינה ויוגורט בטעם וניל 88 ג' דניאלה,שטראוס גרופ בעמ/מצונן,,דניאלה מעדן גבינה 15,,150.00,יח',false,,4.30,0.0287,true,1,24817
7290005838613,false,קרם גבינה 3% בטעם וניל סקי (125 גרם),שטראוס גרופ בעמ/מצונן,,גבינה וניל 3% סקי 12,,125.00,100 גרם,false,,3.70,0.0296,true,1,24818
7290005838972,false,סקי יום יום גבינה לבנה %5 125 גרם,שטראוס גרופ בעמ/מצונן,,גבינת יום יום 5% סקי,,125.00,100 גרם,false,,3.30,0.0264,true,1,24819
7290005839078,false,שמיניית יוגורט לבן 3% ביו דנונה 150 גרם,שטראוס גרופ בעמ/מצונן,,דנונה ביו מארז חסכון,קילוגרמים,1.20,"ק""ג",false,,17.60,14.6667,true,1,24820
7290005839108,false,גבינה לבנה סימפוניה עם תוספות 200 ג'+זיתים 5%,שטראוס גרופ בעמ/מצונן,,סימפוניה עם זיתים 5%,,200.00,100 גרם,false,,12.40,0.0620,true,1,24821
7290005839313,false,מילקי Top עם שוקולדה מגולגלת 140 גרם,שטראוס גרופ בעמ/מצונן,,מילקי טופ מגולגלת 14,,142.00,יח',false,,5.00,0.0352,true,1,24822
7290005896453,false,"בירה מכבי 7.9%, בירה חזקה, בקבוק חוזר 500 מ''ל",פארייפאבה אגרואינדוס,,בירה מכבי 7.9 בקבוק,,500.00,"100 מ""ל",false,,8.40,0.0168,true,1,117935
7290005896637,false,סאן בנדטו - מים מינרלים טבעיים מהאלפים 1.5 ליטר,אקווה מינרלה סאן בנדטו ב,,סאן בנדטו 1.5 ליטר,ליטרים,1.50,ליטר,false,,4.50,3.0000,true,1,10196
7290005992018,false,"יוגורט עיזים לשתיה 3% מחלבות גד 500 מ""ל",מחלבות גד שיווק 1992 בעמ,,גד יוגורט עיזים 3% 5,,500.00,"100 מ""ל",false,,12.90,0.0258,true,1,15405
7290005992575,false,גבינה בולגרית למריחה 5% גד (250 גרם),מחלבות גד שיווק 1992 בעמ,,גד בולגרית למריחה 5%,,250.00,100 גרם,false,,18.20,0.0728,true,1,15408
7290006199027,false,מאגדת גלידל וניל מצופה סורבה תות שדה [8],הגלידות של פלדמן,,גלידל מאגדת בטעם תות,,600.00,100 גרם,false,,34.90,0.0582,true,1,39652
7290006199218,false,"שמיניית גלידל אייס מוקה ""פלדמן""",הגלידות של פלדמן,,גלידל מאגדת בטעם איי,,400.00,100 גרם,false,,34.90,0.0872,true,1,39653
7290006241504,false,"משקה תפוזים קפוא פריגת 340 מ""ל",החברה המרכזית טלהפצת משקאות בע,,קפוא תפוזים 340 גרם,,340.00,100 גרם,false,,13.90,0.0409,true,1,7163
7290006251107,false,תה צ'אי מסאלה ויסוצקי 25 יחידות,תה ויסוצקי (ישראל) בעמ,,תה מסאלה ויסוצקי 2/2,,50.00,100 גרם,false,,19.90,0.3980,true,1,26114
7290006251275,false,תה ירוק סיני קלאסי ויסוצקי 25 יחידות,תה ויסוצקי (ישראל) בעמ,,תה ירוק סיני,,37.50,100 גרם,false,,25.90,0.6907,true,1,26116
7290006251374,false,תה ירוק לימונית וג'ינג'ר ויסוצקי 25 יחידות,תה ויסוצקי (ישראל) בעמ,,תה ירוק לימונית וג'י,,25.00,100 גרם,false,,25.90,1.0360,true,1,26119
7290006256102,false,"יין אדום מרלו גאטו נגרו 750 מ""ל",היכל היין שקד גולן בעמ,,גאטו נגרו מרלו 750 מ,,750.00,"100 מ""ל",false,,44.90,0.0599,true,1,7997
7290006256775,false,"יין גאטו נגרו מלבק 750 מ""ל",היכל היין שקד גולן בעמ,,גאטו נגרו מלבק 750 מ,,750.00,"100 מ""ל",false,,44.90,0.0599,true,1,8001
7290006265548,false,נבטים סינים מרינה ארוז 360ג',"מרינה פטריות הגליל בע""מ",,נבטים סינים,,1.00,"100 מ""ל",false,,7.90,7.9000,true,1,55724
7290006271181,false,ג'חנון אפוי למיקרוגל מעדנות 750 גרם,תנובה מרכז שיתופי לשיווק תוצרת,,מעדנות גחנון אפוי 75,,750.00,100 גרם,false,,28.70,0.0383,true,1,39005
7290006271648,false,מיני בורקס תפוחי אדמה מעדנות 800 גרם,תנובה מרכז שיתופי לשיווק תוצרת,,מיני בורקס תפו`א 800,,800.00,100 גרם,false,,26.40,0.0330,true,1,119932
7290006271655,false,מיני בורקס במילוי גבינה מעדנות (800 גרם),תנובה מרכז שיתופי לשיווק תוצרת,,מיני בורקס גבינה 800,,800.00,100 גרם,false,,28.90,0.0361,true,1,119933
7290006272072,false,חטיפי פיצה גבינה מעדנות 650 גרם,תנובה קפואים,,חטיפי פיצה מעדנות 65,,650.00,100 גרם,false,,34.90,0.0537,true,1,119936
7290006272430,false,בצק עלים חמאה חלבי מעדנות (600 גרם),מיוצר עי קונדיטוריית,,בצק עלים חמאה 600 גר,,600.00,100 גרם,false,,31.50,0.0525,true,1,69769
7290006306296,false,רביולי במילוי גבינה לילדים 400 ג' פסטה נונה,דורום תעשיות מזון ופסטה,,פסטה נונה פסטה נונה,,400.00,100 גרם,false,,25.90,0.0647,true,1,69136
7290006306319,false,רביולי במילוי בטטה 400 ג' פסטה נונה,דורום תעשיות מזון ופסטה,,פסטה נונה פסטה נונה,,400.00,100 גרם,false,,25.90,0.0647,true,1,27722
7290006342072,false,גרעין לבן ששון הקולה 200 גרם,דין שיווק וקליה 2021 בעמ,,גרעין לבן 200 גרם,,200.00,100 גרם,false,,10.90,0.0545,true,1,5238
7290006374738,false,קונפיטורה תות יד מרדכי בטעם תות,אף.סי תבליני בגליל ב,,קונפיטורת תות יד מור,,340.00,100 גרם,false,,15.80,0.0465,true,1,24121
7290006449955,false,מלפפון בייבי מארז,"מרינה פטריות הגליל בע""מ",,מלפפון בייבי,,1.00,"100 מ""ל",false,,9.90,9.9000,true,1,320883
7290006492432,false,גבינה מוצרלה בייבי 18% גד (150 גרם),מחלבות גד שיווק 1992 בעמ,,גד בייבי מוצרלה 150ג,,170.00,100 גרם,false,,15.30,0.0900,true,1,15411
7290006492685,false,גבינת לאבנה עיזים 5% גד (250 גרם),מחלבות גד שיווק 1992 בעמ,,גד לאבנה עזים 3% 250,,250.00,100 גרם,false,,18.80,0.0752,true,1,15416
7290006494917,false,טוסו וופל קלאסי במילוי שוקולד 200 גרם,"איטיליאן פוד, אס.פי.",,טוסו וופל טעם שוקולד,,180.00,100 גרם,false,,11.30,0.0628,true,1,6443
7290006511751,false,פטריות שמפניון חתוך ויליפוד 290X3 ג' בד”צ,ג.וילי-פוד אינטרנשיונל בעמ,,פטריות חתוכות ויליפו,,870.00,100 גרם,false,,13.00,0.0149,true,1,3590
7290006532008,false,צ'יפס טעים טעים 1.8,,,צ'יפס טעים טעים 1.8,קילוגרמים,1.80,"ק""ג",false,,24.90,13.8333,true,1,175483
7290006556004,false,מלפפון מובחר ארוז,,,מלפפון מובחר ארוז,,1.00,"100 מ""ל",false,,8.90,8.9000,true,1,208025
7290006567048,false,פתיתי קוסקוס ישראלי אסם (350 גרם),קבוצת אוסם סחר שותפות מוגבלת,,קוסקוס ישראלי בשקית,,350.00,100 גרם,false,,8.80,0.0251,true,1,68208
7290006582355,false,סילאן סירופ 900 גרם שקדיה,דין שיווק וקליה 2021 בעמ,,סילאן שקדיה 900 גרם,,900.00,100 גרם,false,,10.00,0.0111,true,1,51466
7290006644527,false,תפוזינה תות בננה 0.5 ליטר,יפאורה שותפות מוגבלת לשיווק,,משקה תות בננה Move ת,,500.00,"100 מ""ל",false,,6.20,0.0124,true,1,12205
7290006652027,false,במבה חטיף בוטנים אסם 20*15 גרם,קבוצת אוסם סחר שותפות מוגבלת,,במבה יום הולדת מאח.1,,300.00,100 גרם,false,,25.90,0.0863,true,1,21339
7290006653819,false,קוסקוס אמיתי דק בשקית 350 גרם,קבוצת אוסם סחר שותפות מוגבלת,,קוסקוס דק בשקית אסם,,350.00,100 גרם,false,,8.80,0.0251,true,1,21342
7290006664051,false,"אקטימל לבן 1.51 ק""ג מארז 14 יחידות",שטראוס גרופ בעמ/מצונן,,אקטימל טבעי 14*100מל,ליטרים,1.40,ליטר,false,,32.60,23.2857,true,1,24828
7290006664402,false,גבינה לבנה סקי 5% שומן 750 גרם,שטראוס גרופ בעמ/מצונן,,שטראוס גבינה 5% 750ג,,750.00,100 גרם,false,,14.25,0.0190,true,1,24833
7290006664532,false,יוגורט עם תות 3% שומן 150 ג' דנונה,שטראוס גרופ בעמ/מצונן,,דנונה תות 3% 150מל,,150.00,100 גרם,false,,3.90,0.0260,true,1,24834
7290006664655,false,דנונה Actimel יוגורט טבעי 8*100 מ``ל,שטראוס גרופ בעמ/מצונן,,אקטימל טבעי 8*100מל,,800.00,"100 מ""ל",false,,22.70,0.0284,true,1,24836
7290006664990,false,"יוגורט דנונה ביו לבן 1.7% שומן 8*150 מ""ל",שטראוס גרופ בעמ/מצונן,,דנונה ביו מארז חיסכו,קילוגרמים,1.20,"ק""ג",false,,17.60,14.6667,true,1,24840
7290006704016,false,בזיליקום ארוז יחידה,,,בזיליקום ארוז יחידה,,1.00,"100 מ""ל",false,,6.90,6.9000,true,1,55728
7290006704047,false,לוף שקיל,פאר לי שיווק פירות וירקות בע*ש,,רוזמרין,,1.00,"100 מ""ל",false,,6.90,6.9000,true,1,55730
7290006704078,false,אורגנו,,,אורגנו,,1.00,יח',false,,6.90,6.9000,true,1,55733
7290006704092,false,מרווה יחידה,,,מרווה יחידה,,1.00,יח',false,,5.90,5.9000,true,1,55734
7290006704108,false,קורנית /טימין יח',מרינה,,קורנית /טימין יח',,1.00,יח',false,,6.90,6.9000,true,1,55735
7290006704511,false,"תפו""א גמדי אדום למיקרו מרינה 750ג'","מרינה פטריות הגליל בע""מ",,תפוא ננסי מיקרוגל,,750.00,100 גרם,false,,7.90,0.0105,true,1,55743
7290006739407,false,שניצל תירס לייט זוגלובק (630 גרם),נקניק נהריה כשר זוגל,,שניצל תירס לייט 630,,600.00,100 גרם,false,,30.90,0.0515,true,1,42554
7290006739414,false,נקניק סלמי קוניאק זוגלובק 300 גרם,נקניק נהריה כשר זוגל,,סלמי קוניאק זוגלובק,,300.00,100 גרם,false,,32.70,0.1090,true,1,42555
7290006739421,false,נקניק סלמי מעושן איטלקי זוגלובק 300 גרם,נקניק נהריה כשר זוגל,,סלמי מעושן איטלקי ז,,300.00,100 גרם,false,,32.70,0.1090,true,1,42556
7290006739544,false,כתף בקר 3% שומן זוגלובק (300 גרם),נקניק זוגלובק נהריה,,כתף בקר זוגלובק 300,,300.00,100 גרם,false,,32.90,0.1097,true,1,42558
7290006742292,false,פסטרמה הודו בדבש 330 ג' זוגלובק,נקניק נהריה כשר זוגל,,פסטרממיה בדבש 1% 330,,330.00,100 גרם,false,,29.90,0.0906,true,1,42584
7290006742315,false,פסטרמה חזה הודו ברביקיו 2% זוגלובק 330 גרם,נקניק נהריה כשר זוגל,,חזה הודו ברביקיו 1%,,330.00,100 גרם,false,,29.90,0.0906,true,1,42586
7290006764072,false,"בירה גולדסטאר בקבוק 500 מ""ל חוזר","טמפו משקאות בע""\מ",,גולדסטאר בירה בק חוז,,500.00,"100 מ""ל",false,,8.60,0.0172,true,1,10205
7290006765000,false,טורטיה מקמח מלא שקדיה 540 גרם,דין שיווק וקליה 2021 בעמ,,8 טורטיות חיטה מלאה,,540.00,100 גרם,false,,12.80,0.0237,true,1,117524
7290006788009,false,"שמפו לשיער רגיל 700 מ""ל קרליין",מיוצר עי : אמיליה קוסמטי,,הנוסחה הקלאסית שמפו,,700.00,"100 מ""ל",false,,13.90,0.0199,true,1,32213
7290006788429,false,"קרליין - נושם סאן רייס דאודורנט רול און לאישה כתום 75 מ""ל",החברה הדרומית לשיווק בעמ,,דאו' רולאון נושם סאנ,,75.00,100 גרם,false,,14.90,0.1987,true,1,32238
7290006804907,false,פיתה אסלית אפויה קפואה (חמישיות),קונסיגנציה ג`נרל מילס ישראל בע,,פיתות אסלי 5 יח',,500.00,100 גרם,false,,8.50,0.0170,true,1,211832
7290006805850,false,תערובת להכנת פנקייקס פילסברי (500 גרם),הדקלאים אגודת שיתופי,,תערובת להכנת פנקייקס,,500.00,100 גרם,false,,19.90,0.0398,true,1,67457
7290006983763,false,עוגת הבית בטעם שוקולד אסם (400 גרם),קבוצת אוסם סחר שותפות מוגבלת,,עוגת הבית שוקולד 400,,400.00,100 גרם,false,,11.90,0.0298,true,1,21350
7290006983770,false,עוגת הבית שיש אסם (400 גרם),קבוצת אוסם סחר שותפות מוגבלת,,עוגת הבית שיש 400גר,,400.00,100 גרם,false,,11.90,0.0298,true,1,21351
7290006983787,false,עוגת הבית שוקולד צ'יפס אסם 400 גרם,קבוצת אוסם סחר שותפות מוגבלת,,עוגת הבית שוקוציפס 4,,400.00,100 גרם,false,,11.90,0.0298,true,1,21352
7290006983794,false,עוגת הבית בטעם תפוז אסם 400 גרם,קבוצת אוסם סחר שותפות מוגבלת,,עוגת הבית תפוז 400גר,,400.00,100 גרם,false,,11.90,0.0298,true,1,68215
7290008116541,false,שטיפת פה ליסטרין מנטה קריר 500 מ`ל,ג'\ונסון אנד ג'\ונסון,,מי פה ליסטרין בטעם מ,,500.00,"100 מ""ל",false,,23.90,0.0478,true,1,31625
7290008154222,false,שניצלונים עוף טוב 700 גרם,קבוצת אוסם סחר-שות.מוגבלת,,שניצלונים עוף טוב 70,,700.00,100 גרם,false,,20.90,0.0299,true,1,68403
7290008175210,false,גבינת פרמזן מגורדת 90ג' ויליפוד,ג.וילי-פוד אינטרנשיונל **גבינו,,וילי פוד פרמזן מגורד,,90.00,100 גרם,false,,18.20,0.2022,true,1,3592
7290008343602,false,"קובה בשר 1 ק""ג שלושת האופים",נטו מלינדה סחר בעמ,,קובה בשר 1 ק`ג שלושת,קילוגרמים,1.00,"ק""ג",false,,17.90,17.9000,true,1,118610
7290008344272,false,המבורגר 100% טיבון ויל 400 גרם,טיבון ויל אחזקות בעמ,,המבורגר 100% 400 ג'-,,400.00,100 גרם,false,,23.90,0.0597,true,1,18631
7290008409100,false,אצבעות שניצל בציפוי שומשום מאמא עוף 700 גרם,תנובה גליל שותפות מוגבלת,,אצבעות שניצל ציפוי ש,,700.00,100 גרם,false,,36.90,0.0527,true,1,69150
7290008409216,false,מאמא עוף קפוא שניצל דק פריך 700 גרם,תנובה מרכז שיתופי לשיווק תוצרת,,מאמא עוף קפוא שניצל,,700.00,100 גרם,false,,42.90,0.0613,true,1,28317
7290008409315,false,שניצלונים בציפוי פריך מיני מיני דק מאמא עוף 500 גרם,תנובה מרכז שיתופי לשיווק תוצרת,,מאמא עוף מיני דק שני,,500.00,100 גרם,false,,29.50,0.0590,true,1,28320
7290008409551,false,שניצל עוף אמיתי בציפוי מעודן 700 ג' מאמא עוף,תנובה מרכז שיתופי לשיווק תוצרת,,שניצל עוף אמיתי בציפ,,700.00,100 גרם,false,,43.90,0.0627,true,1,69105
7290008415071,false,צבר חומוס עם טחינה עגול 150 גרם,קבוצת אוסם סחר שותפות מוגבלת,,צבר חומוס עם טחינה 1,,150.00,100 גרם,false,,5.90,0.0393,true,1,22137
7290008415514,false,צבר חומוס עם חריף עגול 150 גרם,קבוצת אוסם סחר שותפות מוגבלת,,צבר סלט חומוס עם חרי,,150.00,100 גרם,false,,5.90,0.0393,true,1,22138
7290008443616,false,"מרכך לשיער יבש אדום נקה 7 750 מ""ל",החברה הדרומית לשיווק בעמ,,מרכך לשיער יבש אדום,,750.00,"100 מ""ל",false,,12.50,0.0167,true,1,32315
7290008464208,false,"בירה מכבי 7.9%, בירה חזקה, בקבוק 330 מ''ל",פארייפאבה אגרואינדוס,,בירה מכבי 7.9% בקבוק,,330.00,"100 מ""ל",false,,6.50,0.0197,true,1,329928
7290008464468,false,בירה בפחית גולדסטאר (500 מל),פארייפאבה אגרואינדוס,,"גולדסטאר פחית 500מ""ל",,500.00,יח',false,,9.30,0.0186,true,1,10233
7290008464604,false,"בירה הייניקן פחית 500 מ""ל",טמפו משקאות בע''מ,,הייניקן בירה פח 500מ,,500.00,יח',false,,11.90,0.0238,true,1,10240
7290008464673,false,"בירה גולדסטאר SLOWBREW פחית 10%, 500 מ""ל","טמפו משקאות בע""\מ",,גולדסטאר SLOWBREW 10,,500.00,"100 מ""ל",false,,10.90,0.0218,true,1,137629
7290008464741,false,"בירה גולדסטאר, מארז שישייה, בקבוק 330 מ''ל","טמפו משקאות בע""\מ",,"גולדסטאר ח""פ בקבוק 6",ליטרים,1.98,ליטר,false,,40.90,20.6566,true,1,10244
7290008636964,false,שקדים מולבנים שביבים 100 גר' מיה,מיה תעשיות מזון מ.ת.מ. בעמ,,מיה שקד מולבן שבבים,,100.00,100 גרם,false,,12.90,0.1290,true,1,52509
7290008644112,false,אחלה יום יום סלט מטבוחה יום יום 125 גרם,שטראוס גרופ בעמ/מצונן,,אחלה מטבוחה 125ג,,125.00,100 גרם,false,,5.70,0.0456,true,1,24842
7290008644235,false,מבחר עלי בייבי 120 גרם-טעם הטבע,שטראוס בריאות ירקות טריי,,עלי בייבי 120 ג ירקו,,120.00,100 גרם,false,,10.90,0.0908,true,1,55763
7290008644945,false,סלט המושבה שטראוס 450 גר`-טעם הטבע,שטראוס בריאות ירקות טריי,,סלט המושבה 450 ג ירק,,450.00,100 גרם,false,,13.90,0.0309,true,1,24845
7290008690713,false,נקטר חמוציות אושן ספריי פריגת (1 ליטר),החברה המרכזית להפצת משקאות בעמ,,אושן ספרי חמוציות 1ל,ליטרים,1.00,ליטר,false,,13.50,13.5000,true,1,7693
7290008693134,false,מעדן גבינה ויוגורט בטעם תות 5% שומן 88 ג' דניאלה,שטראוס גרופ בעמ/מצונן,,דניאלה תות מעדן גבינ,,150.00,יח',false,,4.30,0.0287,true,1,24847
7290008713900,false,לחם שיפון עגול פרוס אחדות (750 גרם),מאפיית אנג'\ל אורנים מאפ,,לחם שיפון עגול אנגל,,750.00,100 גרם,false,,13.90,0.0185,true,1,69677
7290008745239,false,תפוצ'יפס קראנצ' בטעם טבעי עלית 50 גרם,"שטראוס פריטו ליי בע""\מ )",,תפוציפס קראנץ טבעי 5,,50.00,100 גרם,false,,4.30,0.0860,true,1,25356
7290008747547,false,תפוצ'יפס קראנץ' בטעם טבעי עלית 200 גרם,"שטראוס פריטו ליי בע""\מ )",,תפוציפס קראנץ טבעי 2,,200.00,100 גרם,false,,10.90,0.0545,true,1,110250
7290008750264,false,"מסטיק מאסט ציקלס דובדבן 28 גרם לל""ס מגדים",שטראוס גרופ בע`מ,,מאסט דובדבן 28ג,,28.00,100 גרם,false,,4.90,0.1750,true,1,24131
7290008752244,false,תפוצ'יפס קראנץ' בטעם גריל עלית 50 גרם,"שטראוס פריטו ליי בע""\מ )",,תפוציפס קראנץ גריל 5,,50.00,100 גרם,false,,4.30,0.0860,true,1,25364
7290008753111,false,תפוצ'יפס קראנץ' בטעם מקסיקני עלית 50 גרם,"שטראוס פריטו ליי בע""\מ )",,תפוציפס מקסיקני 50גר,,50.00,100 גרם,false,,4.30,0.0860,true,1,25366
7290008754415,false,גומי מאסט בטעם ספירמינט עדין פליפטופ 28 ג' עלית,שטראוס גרופ בע`מ,,מאסט מנטה עדין 28 גר,,28.00,100 גרם,false,,4.90,0.1750,true,1,24140
7290008754422,false,גומי מאסט בטעם פפרמינט קלאסי פליפטופ 28 ג' עלית,שטראוס גרופ בע`מ,,מאסט מנטה קלאסי 28ג,,28.00,100 גרם,false,,4.90,0.1750,true,1,24141
7290008757034,false,"שוופס סודה זכוכית 250 מ""ל",יפאורה שותפות מוגבלת לשיווק,,"סודה שוופס 250 מ""ל ב",,250.00,יח',false,,4.30,0.0172,true,1,12219
7290008757980,false,קרטונית ספרינג נקטר רימונים 1 ליטר,יפאורה שותפות מוגבלת לשיווק,,ספרינג רימונים 1ל,ליטרים,1.00,ליטר,false,,7.60,7.6000,true,1,12246
7290008775816,false,ערגליות עוגיות במילוי שוקולד אסם 300 גרם,קבוצת אוסם סחר שותפות מוגבלת,,ערגליות שוקולד 300 ג,,300.00,100 גרם,false,,10.90,0.0363,true,1,21362
7290008775823,false,ערגליות עוגיות תות שדה אסם 300 גרם,קבוצת אוסם סחר שותפות מוגבלת,,ערגליות תות שדה 300,,300.00,100 גרם,false,,10.90,0.0363,true,1,21363
7290008801478,false,יין טופז זהב אדום מתוק ייצוא 750 מל,אגודת הכורמים בעמ,,"טופז זהב 750 מ""ל",,750.00,"100 מ""ל",false,,21.90,0.0292,true,1,501
7290008801850,false,סלקטד אמרלד ריזלינג לבן חצי יבש 750 מל,אגודת הכורמים הקואופרטיב,,יין סלקטד אמרלד ריזל,,750.00,"100 מ""ל",false,,31.90,0.0425,true,1,506
7290008802529,false,"יין לבן חצי יבש וינו 750 מ""ל",אגודת הכורמים בעמ,,יין וינו לבן יבש,,750.00,"100 מ""ל",false,,24.90,0.0332,true,1,509
7290008803090,false,"יין מרלו קולקשיין הסדרה האזורית כרמל 750 מ""ל",אגודת הכורמים הקואופרטיב,,מרלו סדרה אזורית,,750.00,"100 מ""ל",false,,59.90,0.0799,true,1,513
7290008805384,false,סלקטד מוסקטו לבן יקבי כרמל (750 מל),אגודת הכורמים הקואופרטיב,,יין סלקטד מוסקטו 750,,750.00,"100 מ""ל",false,,31.90,0.0425,true,1,528
7290008830690,false,מובחרים מן הטבע יחידה,קונסיגנציה-דין שיווק וקליה 202,,"פריט מבצע 10 ש""ח.",יחידה,0.00,יחידה,false,,10.00,0.0000,true,1,137232
7290008849470,false,פלפל צ'ומה חריף אוליביה 185 גרם,תה ויסוצקי (ישראל)בעמ,,אוליביה ממרח פלפל צו,,185.00,100 גרם,false,,14.50,0.0784,true,1,4079
7290008849661,false,אוליביה ממרח עגבניות מיובשות פיקנטי 180 גרם,טרופיקל דגיל תעשיות,,אוליביה ממרח עגבניות,,180.00,100 גרם,false,,13.50,0.0750,true,1,125684
7290008909853,false,"קוקה קולה זירו בקבוק 500 מ""ל.",החברה המרכזית להפצת משקאות בעמ,,קוקה קולה זירו 500 מ,,500.00,יח',false,,8.50,0.0170,true,1,7192
7290008945202,false,שקיות אשפה לפח ענק 90x75 גלילונית) (50,"קילט ניהול פרוייקטים בע""מ",,גלילונית לאשפה משרדי,יחידה,0.00,יחידה,false,,15.90,0.0000,true,1,6454
7290009018004,false,פיקדון בקבוק/פחית בו,Unknown,,פיקדון בקבוק/פחית בו,יחידה,0.00,יחידה,false,,0.30,0.0000,true,1,49
7290009018011,false,פיקדון בקבוק/פחיות ש,,,פיקדון בקבוק/פחיות ש,יחידה,0.00,יחידה,false,,1.80,0.0000,true,1,844
7290009018264,false,פיקדון בקבוק/פחית רב,,,פיקדון בקבוק/פחית רב,יחידה,0.00,יחידה,false,,1.20,0.0000,true,1,615
7290009174397,false,כריך א לעובד-כשר לפס,,,כריך עובד מגה,יחידה,0.00,יחידה,false,,1.50,0.0000,true,1,57407
7290010002047,false,תבלין מלח לימון תבליני מימון 200 גרם,א.ל. ייצור ושיווק תבלינים בע`מ,,מימון מלח לימון במיכ,,200.00,100 גרם,false,,11.00,0.0550,true,1,151
7290010002078,false,פלפל שחור טחון תבליני מימון (100 גרם),א.ל. ייצור ושיווק תבלינים בע`מ,,מימון פלפל שחור טחון,,100.00,100 גרם,false,,16.90,0.1690,true,1,154
7290010002122,false,פפריקה הונגרית מתוקה תבליני מימון 100 גרם,א.ל. ייצור ושיווק תבלינים בע`מ,,מימון פפריקה הונגרית,,100.00,100 גרם,false,,12.90,0.1290,true,1,159
7290010002207,false,תבלין קינמון טחון תבליני מימון 100 גרם,א.ל. ייצור ושיווק תבלינים בע`מ,,מימון קינמון טחון במ,,100.00,100 גרם,false,,11.00,0.1100,true,1,164
7290010002481,false,תבלין שום טחון תבליני מימון 100 גרם,א.ל. ייצור ושיווק תבלינים בע`מ,,מימון שום טחון במיכל,,100.00,100 גרם,false,,16.90,0.1690,true,1,183
7290010002726,false,תבלין לפרגיות תבליני מימון 100 גרם.,א.ל. ייצור ושיווק תבלינים בע`מ,,מימון תיבול לפרגיות,,100.00,100 גרם,false,,12.90,0.1290,true,1,187
7290010003754,false,כמון טחון בשקית תבליני תבליני מימון 50 גרם,א.ל. ייצור ושיווק תבלינים בע`מ,,מימון כמון טחון שקית,,50.00,100 גרם,false,,6.90,0.1380,true,1,197
7290010003761,false,כורכום טחון בשקית תבליני מימון 80 גרם,א.ל. ייצור ושיווק תבלינים בע`מ,,מימון כורכום טחון שק,,80.00,100 גרם,false,,6.90,0.0863,true,1,198
7290010003778,false,תיבול לגריל עוף בשקית תבליני מימון 80 גרם,א.ל. ייצור ושיווק תבלינים בע`מ,,מימון תיבול לגריל עו,,80.00,100 גרם,false,,6.90,0.0863,true,1,199
7290010003808,false,זעתר ושומשום בשקית תבליני מימון (80 גרם),א.ל. ייצור ושיווק תבלינים בע`מ,,מימון זעתר ושומשום ש,,80.00,100 גרם,false,,6.90,0.0863,true,1,202
7290010003839,false,קינמון טחון בשקית תבליני מימון 80 גרם,א.ל. ייצור ושיווק תבלינים בע`מ,,מימון קינמון טחון שק,,80.00,100 גרם,false,,6.90,0.0863,true,1,205
7290010051243,false,תרד ניוזילנדי א. אדמה,א.אדמה (2007) בעמ,,תרד ניו זילנדי,,150.00,100 גרם,false,,11.90,0.0793,true,1,460273
7290010065318,false,מחית תפוח עץ ג'וניור פרינוק 190 גרם,גורי מוצרי צריכה 1991 בע`מ,,מחית פרינוק גוניור ת,,190.00,100 גרם,false,,6.90,0.0363,true,1,4104
7290010065745,false,מחית לפתן פירות ג'וניור פרינוק 190 גרם,גורי מוצרי צריכה (1991) בעמ,,פרינוק ג'וניור לפתן,,190.00,100 גרם,false,,6.90,0.0363,true,1,4115
7290010066087,false,פילטונה טונה בשמן זית 170 גרם,תעשיות פיל טונה בעמ,,טונה בשמן זית פילטונ,,160.00,100 גרם,false,,8.30,0.0519,true,1,103100
7290010066513,false,נתחי טונה בשמן צמחי רביעיה *158ג' פילטונה,תעשיות פילטונה בעמ,,נתחי טונה בשמן צמחי,,632.00,100 גרם,false,,23.90,0.0378,true,1,28385
7290010066520,false,נתחי טונה בהירה בשמן קנולה 160 גר G.Q,תעשיות פילטונה בעמ,,טונה בשמן קנולה פילט,,158.00,100 גרם,false,,6.90,0.0437,true,1,28386
7290010066575,false,נתחי טונה במים רביעיה *158ג' פילטונה,תעשיות פילטונה בעמ,,נתחי טונה במים פילטו,,632.00,100 גרם,false,,23.90,0.0378,true,1,28387
7290010066582,false,נתחי טונה בשמן קנולה רביעיה * 158 ג' פילטונה,תעשיות פילטונה בעמ,,נתחי טונה בשמן קנולה,,632.00,100 גרם,false,,23.90,0.0378,true,1,28388
7290010117864,false,דוריטוס חטיף תירס בטעם חריף אש עלית 70 גרם,"שטראוס פריטו ליי בע""\מ )",,דוריטוס חריף אש 70 ג,,70.00,100 גרם,false,,4.10,0.0586,true,1,25376
7290010118328,false,חטיף צ`יפס בטעם טבעי תפוצ`יפס (40x6 גרם),"שטראוס פריטו ליי בע""מ",,תפוצ'יפס טבעי 6*40 ג,,240.00,100 גרם,false,,12.90,0.0538,true,1,114112
7290010129942,false,עוגיות שמרים 500 גרם דולצה ויטה,שיבולים יצור ושיווק מוצרי מאפה,,עוגת קראנץ' שמרים שו,,500.00,100 גרם,false,,14.90,0.0298,true,1,119054
7290010129959,false,עוגיות שמרים 400 גרם דולצה ויטה,שיבולים יצור ושיווק מוצרי מאפה,,עוגיות שמרים רוגלעך,,400.00,100 גרם,false,,12.90,0.0323,true,1,68482
7290010154241,false,סלט חזרת ביתית תבליני ביטון יוחאי (250 ג,תבליני יוחאי ביטון,,סלט חזרת ביטון 250 ג,,250.00,100 גרם,false,,15.90,0.0636,true,1,18656
7290010154265,false,פלפל צ`ומה תבליני ביטון יוחאי (250 גרם),תבליני יוחאי ביטון,,פלפל צ`ומה ביטון 250,,250.00,100 גרם,false,,15.90,0.0636,true,1,18657
7290010154685,false,סלט שום כתוש 250 ג' ביטון יוחאי,תבליני יוחאי ביטון,,סלט שום כתוש 250 גר',,250.00,100 גרם,false,,15.90,0.0636,true,1,122011
7290010192007,false,פטרוזיליה,,,פטרוזיליה,,1.00,"100 מ""ל",false,,4.90,4.9000,true,1,55772
7290010192014,false,שמיר,,,שמיר,,1.00,"100 מ""ל",false,,4.90,4.9000,true,1,55773
7290010192021,false,כוסברה ארוז,,,כוסברה,,1.00,"100 מ""ל",false,,4.90,4.9000,true,1,55774
7290010192038,false,שורש פטרוזיליה ארוז,,,שורש פטרוזיליה ארוז,,1.00,"100 מ""ל",false,,6.90,6.9000,true,1,55775
7290010192045,false,נענע יחידה,חקלאי,,נענע יחידה,,1.00,"100 מ""ל",false,,4.90,4.9000,true,1,55776
7290010192052,false,סלרי עלים (אמריקאי),,,סלרי עלים (אמריקאי),,1.00,"100 מ""ל",false,,6.90,6.9000,true,1,55777
7290010192069,false,סלרי ראש יחידה,קטיף.,,סלרי ראש ארוז,,1.00,"100 מ""ל",false,,6.90,6.9000,true,1,55778
7290010192083,false,מנגולד ארוז,,,מנגולד ארוז,,1.00,"100 מ""ל",false,,6.90,6.9000,true,1,55779
7290010192137,false,לוף ארוז ליח,,,לוף ארוז ליח,,1.00,"100 מ""ל",false,,9.90,9.9000,true,1,102152
7290010237562,false,משקה מוגז בטעם תפוזים מירנדה (500 מל),טמפו משקאות בע`מ,,מירנדה 500 מ'ל,,500.00,"100 מ""ל",false,,5.10,0.0102,true,1,10255
7290010237890,false,"בירה הייניקן בקבוק 500 מ""ל חוזר",טמפו משקאות בע''מ,,הייניקן בירה בקבוק ח,,500.00,"100 מ""ל",false,,10.90,0.0218,true,1,10269
7290010259830,false,מנת השף נודלס בסגנון סיני פיקנטי וילי פוד 70 גרם,ג. וילי-פוד אינטרנשיונל בע`מ,,נודלס בטעם סיני פיקנ,,70.00,100 גרם,false,,5.90,0.0843,true,1,3610
7290010259854,false,מנת השף מרק עם נודלס בטעם פטריות ויליפוד 70 גרם,ג. וילי-פוד אינטרנשיונל בע`מ,,נודלס בטעם פטריות מנ,,70.00,100 גרם,false,,5.90,0.0843,true,1,117383
7290010259977,false,שמן קנולה מזוכך ויליפוד 1 ליטר,ג.וילי-פוד אינטרנשיונל ***שמן,,שמן קנולה ויליפוד 1,ליטרים,1.00,ליטר,false,,11.90,11.9000,true,1,3617
7290010259991,false,צנימים מיוחדים בטעם טבעי 250 ג',ג. וילי-פוד אינטרנשיונל בע`מ,,"צנימים בד""ץ וילי פוד",,250.00,100 גרם,false,,8.90,0.0356,true,1,117384
7290010429554,false,"שמן זית כתית מעולה יד מרדכי 2 קלאסי, 750 מ""ל",מכוורת יד מרדכי שטראוס ב,,שמן זית כתית מעולה 2,,750.00,"100 מ""ל",false,,36.90,0.0492,true,1,24158
7290010471669,false,יוגורט תות עם קורנפלקס מצופה שוקולד ללא גלוטן 3.9%,שטראוס גרופ בעמ/מצונן,,דנונה קראנצ' יוגורט,,175.00,"100 מ""ל",false,,4.80,0.0274,true,1,24848
7290010472307,false,"שמיניית משקה גמדים תות בננה דיסני 108 מ""ל",שטראוס גרופ בעמ/מצונן,,גמדים לשתיה תות בננה,,864.00,"100 מ""ל",false,,20.90,0.0242,true,1,24852
7290010627004,false,טחינה גולמית מסורתית ירושלים 500 ג',תה ויסוצקי (ישראל) בעמ,,טחינה ירושלים 500 גר,,500.00,100 גרם,false,,16.90,0.0338,true,1,26147
7290010650071,false,פטריות שיאטקה יבשות 25ג,חוות פטריות תקוע,,פטריות שיטאקי מיובש,,25.00,100 גרם,false,,10.90,0.4360,true,1,55789
7290010650798,false,לקט בורגול ופטריות חוות תקוע,קרלו,,לקט בורגול ופטריות,,1.00,יח',false,,17.90,17.9000,true,1,136781
7290010711123,false,כריות מתכת שייני 4 יחידות,מ.א.ייצור ויבוא מטליות בעמ,,"ננס רביעיה ""שייני"" ח",יחידה,0.00,יחידה,false,,7.90,0.0000,true,1,14459
7290010748860,false,"ד""ר פישר - אפקטיב קר קרם ידיים אינטנסיב 150 מ""ל","פישר תעשיות פרמצביטות בע""מ",,קרם ידיים אינטנסיב א,,150.00,"100 מ""ל",false,,16.40,0.1093,true,1,31353
7290010838219,false,ממתיק על בסיס צמח הסטיביה - שקיות,"קיפל טבליות וממתיקים בע""מ",,סטיביה 100 שקיות,,100.00,100 גרם,false,,32.90,0.3290,true,1,6482
7290010931330,false,סלט מטבוחה אחלה 500 גרם,שטראוס גרופ בעמ/מצונן,,אחלה מטבוחה 500ג,,500.00,100 גרם,false,,14.90,0.0298,true,1,24856
7290010945146,false,קוטג' 3% מועשר בסידן טרה 250 ג' מהדרין,החברה המרכזית טלהפצת משקאות בע,,טרה קוטג מועשר 3% 25,,250.00,100 גרם,false,,5.70,0.0228,true,1,7196
7290010945450,false,גבינה לבנה 3% 250 גר מועשר בסידן וויטמין,החברה המרכזית טלהפצת משקאות בע,,טרה גבינה לבנה מהדרי,,250.00,100 גרם,false,,4.98,0.0199,true,1,7200
7290010945481,false,גבינה לבנה טרה 5% מרכיבים טבעיים,החברה המרכזית טלהפצת משקאות בע,,טרה גבינה לבנה 5% 50,,500.00,100 גרם,false,,9.96,0.0199,true,1,7201
7290011017866,false,פחית קולה סליק קוקה-קולה (330 מל),החברה המרכזית להפצת משקאות בעמ,,קוקה קולה פחית סליק,,330.00,יח',false,,5.40,0.0164,true,1,7752
7290011017873,false,פחית זירו סליק קוקה-קולה (330 מל),החברה המרכזית להפצת משקאות בעמ,,ZERO קולה פחית סליק,,330.00,יח',false,,5.40,0.0164,true,1,7753
7290011018368,false,ויינשטפן בירת חיטה לא מסוננת,החברה המרכזית להפצת משקאות בעמ,,ויינשטפן בירה לבנה 6,ליטרים,1.98,ליטר,false,,76.70,38.7374,true,1,66819
7290011018443,false,משקה מוגז אורנג` פאנטה (330 מל),החברה המרכזית להפצת משקאות בעמ,,פאנטה אורנג פחית סלי,,330.00,"100 מ""ל",false,,5.40,0.0164,true,1,7776
7290011051525,false,ספרינג תה קר 0.5 ליטר אפרסק,יפאורה שותפות מוגבלת לשיווק,,ספרינג טי קר אפרסק 5,,500.00,יח',false,,6.00,0.0120,true,1,12262
7290011126452,false,הגן הקסום תה בטעם קמומיל ונענע ויסוצקי 25 יחידות,תה ויסוצקי (ישראל) בעמ,,תה קמומיל ונענע 1.5ג,,37.50,100 גרם,false,,19.90,0.5307,true,1,26158
7290011133375,false,בירה שנדי בתוספת משקה אפרסק - שישייה,"טמפו משקאות בע""מ",,מכבי שנדי אפרסק בקבו,ליטרים,1.98,ליטר,false,,37.60,18.9899,true,1,67070
7290011133504,false,"מכבי שנדי אפרסק בקבוק בודד 330 מ""ל",טמפו משקאות בע''מ,,מכבי שנדי אפרסק בקבו,,330.00,"100 מ""ל",false,,6.50,0.0197,true,1,67072
7290011148911,false,פלפלים מתוקים טינקרב,מרינה פטריות הגליל,,פלפלים מתוקים טינקרב,,300.00,100 גרם,false,,8.90,0.0297,true,1,55844
7290011194215,false,מעדן גבינה ויוגורט בטעם בננה 5% שומן 88 ג' דניאלה,שטראוס גרופ בעמ/מצונן,,"דניאלה בננה 150 מ""ל",,150.00,יח',false,,4.30,0.0287,true,1,24857
7290011194246,false,קוטג 5% 250 גרם עם סידן שטראוס,שטראוס גרופ בעמ/מצונן,,קוטג שטראוס 5% עם סי,,250.00,100 גרם,false,,6.00,0.0240,true,1,24858
7290011223243,false,"טואלט דאק ג'ל לאסלה בניחוח לבנדר 55 מ""ל","איטיליאן פוד, אס.פי.",,דאק ג'ל אסלה ניחוח ל,,55.00,"100 מ""ל",false,,11.50,0.2091,true,1,6504
7290011378769,false,חטיף חלווה וניל בארכה 126 גרם מארז 7 יחידות,קבוצת אוסם סחר שותפות מוגבלת,,בארכה בקטנה מאגדת ונ,,120.00,100 גרם,false,,14.50,0.1208,true,1,21377
7290011378776,false,חטיף חלווה פיסטוק בארכה 126 גרם מארז 7 יחידות,קבוצת אוסם סחר שותפות מוגבלת,,בארכה בקטנה מאגדת פי,,120.00,100 גרם,false,,14.50,0.1208,true,1,21378
7290011379018,false,מארז משפחתי שמפיניון 500 ג' מרינה,ביכורי השדה צפון 1994 ג.ד. בעמ,,פטריות צמד חמד,,500.00,100 גרם,false,,16.90,0.0338,true,1,55850
7290011438142,false,"משקה יטבתה אייס קפה בבקבוק אישי 350 מ""ל",שטראוס גרופ בעמ/מצונן,,יטבתה אייס קפה בבקבו,,350.00,יח',false,,6.50,0.0186,true,1,24864
7290011447281,false,מטרנה פרימיום חלבי שלב 2 700 גרם חיסכון,קבוצת אוסם סחר שותפות מוגבלת,,מטרנה חלבי שלב 2 70,,700.00,100 גרם,false,,51.90,0.0741,true,1,21389
7290011499105,false,בולגרית מסורתית 5% 250 גרם -רבנות,מחלבות גד שיווק 1992 בעמ,,גד בולגרית 5% 250ג,,250.00,100 גרם,false,,23.90,0.0956,true,1,15420
7290011499129,false,גבינה בולגרית מעודנת קוביות קטנות 5% גד 200 גרם,מחלבות גד שיווק 1992 בעמ,,גד בולגרית מעודנת קו,,200.00,100 גרם,false,,23.60,0.1180,true,1,15422
7290011499303,false,פטה עיזים מעודנת 5% בגביע 250 גרם - רבנות,מחלבות גד שיווק 1992 בעמ,,פטה עיזים מעודנת 5%,,250.00,100 גרם,false,,30.90,0.1236,true,1,15426
7290011499327,false,גבינה בולגרית מעודנת 5% 250 גרם - רבנות,מחלבות גד שיווק 1992 בעמ,,גד בולגרית בקר מעודנ,,250.00,100 גרם,false,,23.90,0.0956,true,1,15428
7290011499365,false,גבינת חלומי 24% מחלב בקר גד (200 גרם),מחלבות גד שיווק 1992 בעמ,,גד חלומי 24% 200ג,,200.00,100 גרם,false,,21.90,0.1095,true,1,15432
7290011499419,false,גבינה במרקם שמנת בטעם טבעי 5% ניו יורק,מחלבות גד שיווק 1992 בעמ,,גבינה במרקם שמנת 5%,,200.00,100 גרם,false,,11.80,0.0590,true,1,115914
7290011499624,false,שמנת 30% ניו יורק טבעי 200 גרם רבנות,מחלבות גד שיווק 1992 בעמ,,גד ניו יורק גבינת שמ,,200.00,100 גרם,false,,13.40,0.0670,true,1,15438
7290011499846,false,גבינת ריקוטה פרסקה 9% גד (300 גרם),מחלבות גד שיווק 1992 בעמ,,גד ריקוטה פרסקה 5% 3,,300.00,100 גרם,false,,19.00,0.0633,true,1,15451
7290011518561,false,"אקטימל תות 1.51 ק""ג מארז 14 יחידות",שטראוס גרופ בעמ/מצונן,,אקטימל תות משפחתי 14,ליטרים,1.40,ליטר,false,,32.60,23.2857,true,1,24869
7290011530525,false,מיקס פירות קפואים שייק איט צהוב - 3*150 ג',"הבו-קדו בע""מ",,שייק איט יום שלישי 4,,450.00,100 גרם,false,,34.90,0.0776,true,1,229552
7290011530549,false,מיקס פירות קפואים שייק איט ורוד - 3*150 ג',"הבו-קדו בע""מ",,שייק איט יום ראשון 4,,450.00,100 גרם,false,,34.90,0.0776,true,1,229554
7290011530747,false,מיקס פירות קפואים שייק איט סגול - 3*150 ג',"הבו-קדו בע""מ",,שייק איט יום רביעי 4,,450.00,100 גרם,false,,34.90,0.0776,true,1,229556
7290011587123,false,קרם קוקוס תומר 400 מ,Thai coconut co ltd,,קרם קוקוס תומר 400 מ,,400.00,"100 מ""ל",false,,8.90,0.0223,true,1,26426
7290011587451,false,מוזלי קראנצי בתוספת פירות ואגוזים ויטליה 600 גרם,תומר יבוא ושיווק מוצרי מזון (1,,גרנולה + פירות ואגוז,,600.00,100 גרם,false,,16.90,0.0282,true,1,119416
7290011587857,false,עגבניות מיובשות בשמן חמניות ועשבי תיבול,סנטו דידה סאן,,עגבניות מיובשות מתוב,,250.00,100 גרם,false,,9.90,0.0396,true,1,26454
7290011593087,false,"שמן זית כתית מעולה 750 מ""ל סבא חביב",בני פאוזי שמשום (2009) בעמ,,סבא חביב שמן זית כתי,,750.00,יח',false,,32.90,0.0439,true,1,51484
7290011622428,false,כתמטמינים-חטיף בריאות לתינוקות וילדים 45 ג',גורי מוצרי צריכה (1991) בעמ,,כתמטמינים-חטיף בריאו,,100.00,100 גרם,false,,6.70,0.0670,true,1,4183
7290011800840,false,רפי כהן סלט טחינה בלאדי צבר 400 גרם,קבוצת אוסם סחר שותפות מוגבלת,,צבר רפי כהן טחינה בל,,400.00,100 גרם,false,,17.90,0.0447,true,1,22155
7290011860271,false,ביסבול כדורי פירה מתפוחי אדמה תפוגן 700 גרם,קבוצת אוסם סחר שותפות מוגבלת,,תפוגן ביס בול טבעי 7,,700.00,100 גרם,false,,17.80,0.0254,true,1,22157
7290011877095,false,"רדיד אלומיניום רוחב 45 ס""מ סנו סושי 2*7.5 מטר",החב הדרומית לשיווק,,סנו סושי צמד רדידי א,,15.00,מטר,false,,22.90,1.5267,true,1,32513
7290011912642,false,ליסטרין שטיפת פה הגנה על השיניים והחניכי,ג'\ונסון אנד ג'\ונסון,,מי פה טאגד ליסטרין 5,,500.00,"100 מ""ל",false,,23.90,0.0478,true,1,31650
7290011947316,false,זיתא זיתי קלמטה בשמן זית כתית מעולה 215ג,תה ויסוצקי (ישראל) בעמ,,זיתי קלמטה זיתא 215,,215.00,100 גרם,false,,13.90,0.0647,true,1,26175
7290011964658,false,מלח לימון בקופ' 170 גר' טעם וריח,"תבליני טעם וריח בע""מ",,תבלין מלח לימון טעם,,170.00,100 גרם,false,,11.90,0.0700,true,1,49487
7290011964702,false,שווארמה ללא מונסודיום 100 גרם מיכל גדול,"תבליני טעם וריח בע""מ",,תבלין לשווארמה ללא מ,,100.00,100 גרם,false,,11.80,0.1180,true,1,49490
7290012019258,false,מחית תפוחי עץ רביעיה 4 * 113 ג' תומר,תומר ייבוא ושיווק מוצרי מזון [,,"רסק תפו""ע מחית תפוחי",,452.00,100 גרם,false,,11.90,0.0263,true,1,26469
7290012019265,false,"מחית תפו""ע ללא תוספת סוכר 4*113גר",תומר ייבוא ושיווק מוצרי מזון [,,"מחית תפו""ע ללא סוכר",,452.00,100 גרם,false,,11.90,0.0263,true,1,26470
7290012086113,false,עגבניות שרי אשכולות מארז,ביכורי השדה הצפון בעמ` 1964,,עגבניות שרי,,500.00,100 גרם,false,,9.90,0.0198,true,1,55855
7290012116612,false,אורביטול מברשת שיניים סופט 4 יח`,החברה הדרומית לשיווק בעמ,,מארז מברשות שיניים א,יחידה,0.00,יחידה,false,,13.90,0.0000,true,1,32543
7290012117435,false,"קרמה - שמפו וג'ל רחצה 2 ב-1 אלוורה 700 מ""ל",החברה הדרומית לשיווק בעמ,,שמפו וג'ל רחצה אלוור,,700.00,"100 מ""ל",false,,15.90,0.0227,true,1,32567
7290012117534,false,מרכך כביסה מרוכז תכלת קול סנו מקסימה 1 ליטר,החברה הדרומית לשיווק בעמ,,סנו מקסימה מרכך קומפ,יחידה,0.00,יחידה,false,,17.90,0.0000,true,1,32568
7290012117558,false,מקסימה מרכך כביסה מרוכז ורוד בניחוח מאסק סנו 1 ליטר,החברה הדרומית לשיווק בעמ,,סנו מקסימה מרכך קומפ,יחידה,0.00,יחידה,false,,17.90,0.0000,true,1,32570
7290012117565,false,כפפות סנו סושי לטקס S אריזת 100יח',החב. הדרומית לשיווק,,סנו סושי 100 כפפות ל,יחידה,0.00,יחידה,false,,44.90,0.0000,true,1,32571
7290012117589,false,כפפות סנו סושי לטקס L אריזת 100יח',החב. הדרומית לשיווק,,L סנו סושי כפפות לטק,יחידה,0.00,יחידה,false,,44.90,0.0000,true,1,32573
7290012191084,false,אריזת גפרורים 10 קופסאות,,,המנגליסט גפרורים עשי,יחידה,0.00,יחידה,false,,3.50,0.0000,true,1,8429
7290012191091,false,מדליק פחמים המנגליסט,,,מדליק פחמים המנגליסט,יחידה,0.00,יחידה,false,,5.90,0.0000,true,1,223469
7290012226120,false,קבנוס זוגלובק (45x3 גרם),נקניק נהריה כשר זוגל,,זוגלובק קבנוס 135ג.,,135.00,100 גרם,false,,12.90,0.0956,true,1,42594
7290012226342,false,נקניקיה טבעונית למחבת או לתנור עשירה בחלבון,זוגלובק שיווק בעמ,,נקניקיה מן הצומח טבע,,460.00,100 גרם,false,,31.90,0.0693,true,1,121056
7290012226939,false,קבנוס עם צ'ילי חריף זוגלובק 135 גרם,נקניק נהריה כשר זוגל,,זוגלובק קבנוס בטעם צ,,135.00,100 גרם,false,,12.90,0.0956,true,1,42601
7290012227912,false,קבנוס מעודן זוגלובק 135 גרם,נקניק זוגלובק נהריה,,קבנוס מעודן זוגלובק,,135.00,100 גרם,false,,12.90,0.0956,true,1,42645
7290012227974,false,פסטרמה הודו בדבש טהור דק דק דק,זוגלובק שיווק בעמ,,זוגלובק פסטרמה בדבש,,120.00,100 גרם,false,,14.90,0.1242,true,1,108067
7290012227981,false,פסטרמה דק דק ברביקיו 120 ג' זוגלובק,זוגלובק שיווק בעמ,,פסטרמה ברביקיו זוגלו,,120.00,100 גרם,false,,14.90,0.1242,true,1,108068
7290012228124,false,קבנוס סטיקס עם נגיעות מלח ים סדרת ריינהולד'ס,זוגלובק שיווק בעמ,,קבנוס סטיקס 50 גר'.,,50.00,100 גרם,false,,10.90,0.2180,true,1,107121
7290012228261,false,נקנקיות קנקרס הודו ועוף ריינהולד'ס זוגלובק 300 ג',זוגלובק שיווק בעמ,,נקנקיות הודו קנקרס ר,,300.00,100 גרם,false,,23.90,0.0797,true,1,63276
7290012228278,false,נקנקיות בוקוורסט עוף ובקר ריינהולד'ס 310 ג' זוגלובק,זוגלובק שיווק בעמ,,נקנקיות בוקוורסט הוד,,300.00,100 גרם,false,,23.90,0.0797,true,1,63277
7290012522581,false,טבעול שניצל תירס ללא גלוטן טבעול 664 גרם,קבוצת אוסם סחר-שות.מוגבלת,,טבעול שניצל תירס ללא,,664.00,100 גרם,false,,25.90,0.0390,true,1,22166
7290012561405,false,בצל קצוץ ומטוגן דורות (180 גרם),קבוצת אוסם סחר שותפות מוגבלת,,בצל חצי מטוגן דורות,,180.00,100 גרם,false,,11.90,0.0661,true,1,22170
7290012576362,false,יין ספיישל רזרב קברנה סוביניון 750 מל,יקבי ברקן שיווק והפצה בע,,קברנה סוביניון ספייש,,750.00,"100 מ""ל",false,,74.90,0.0999,true,1,406154
7290012576607,false,"יין קברנה סוביניון פרמייר מלבק אדום ברקן 750 מ""ל","ברקן שיווק והפצה בע""",,ברקן יין פרמייר אדום,,750.00,"100 מ""ל",false,,28.90,0.0385,true,1,10310
7290012576614,false,יין Premieur לבן חצי יבש אמרלד ריזלינג קולומברד,יקבי ברקן שיווק והפצה בע,,ברקן יין פרמייר לבן,,750.00,"100 מ""ל",false,,28.90,0.0385,true,1,10311
7290012642852,false,פלפל אדום קלוי על האש עם שום 540 תומר,סאטקו,,פלפל אדום קלוי על הא,,330.00,100 גרם,false,,13.90,0.0421,true,1,26511
7290012642876,false,פלפלונים מעורב צבעוני בחומץ חריף6X,סאטקו,,פלפלונים מעורב כבושי,,530.00,100 גרם,false,,13.90,0.0262,true,1,26513
7290012645112,false,יוגורט עיזים 2.8% בדלי חלב הארץ 750 גרם,שטראוס גרופ בעמ/מצונן,,יוגורט עיזים בדלי 75,,750.00,יח',false,,21.50,0.0287,true,1,24879
7290012645129,false,יוגורט כבשים 5% בדלי חלב הארץ 750 גרם,שטראוס גרופ בעמ/מצונן,,יוגורט כבשים בדלי 75,,750.00,יח',false,,21.50,0.0287,true,1,24880
7290012803215,false,טוסו וופל בלגי ללתס בטעם שוקולד 200 גר`,בטר אנד דיפרנט,,טוסו וופל בלגי שוקול,,200.00,100 גרם,false,,9.90,0.0495,true,1,6567
7290012803222,false,טוסו ופל בסגנון בלגי בטעם לימון ללא תוספת סוכר 200 גרם,בטר אנד דיפרנט,,טוסו וופל בלגי לימון,,200.00,100 גרם,false,,9.90,0.0495,true,1,6568
7290012803451,false,טוסו שוקולד מריר 62% מוצקי קקאו ללא תוספת סוכר 100 גרם,"דנשר (1963) בע,מ",,טוסו שוקלד מריר 62%,,100.00,100 גרם,false,,11.90,0.1190,true,1,6574
7290012803789,false,טוסו שוקולד מריר עם אגוזים ללא תוספת סוכר 100 גרם,האי נאם סי או אל.טי.,,טוסו שוקלד מריר ואגו,,100.00,100 גרם,false,,11.90,0.1190,true,1,6589
7290012823381,false,מקסימה מרכך כביסה מרוכז סנסטיב בייבי סנו 1 ליטר,החברה הדרומית לשיווק בעמ,,סנו מקסימה סנסטיב מר,יחידה,0.00,יחידה,false,,17.90,0.0000,true,1,32616
7290012823923,false,"מרכך כביסה מרוכז פרפיום גולדן מקסימה 750 מ""ל",החברה הדרומית לשיווק בעמ,,סנו מקסימה מרכך פרפי,,750.00,"100 מ""ל",false,,18.90,0.0252,true,1,32639
7290012850011,false,מחית תפוחי עץ שלב 3 בילובד (190 גרם),שקד תבל בע`מ,,בי לאב מחית תפוח עץ,,190.00,100 גרם,false,,5.90,0.0311,true,1,31669
7290012884986,false,צ`יפס לתנור עד 4% שומן תפוגן (1.5 קג),קבוצת אוסם סחר שותפות מוגבלת,,תפוגן ציפס לתנור עד,קילוגרמים,1.50,"ק""ג",false,,29.90,19.9333,true,1,22175
7290012901355,false,דודלס ארוחת אטריות עם גבינה 206 גרם,האי נאם סי או אל.טי.,,דודלס ארוחת איטריות,,206.00,100 גרם,false,,11.80,0.0573,true,1,69959
7290012931611,false,כריות ברזל לקרצוף חזק שייני 3 יחידות,מ.א.ייצור ויבוא מטליות בעמ,,כריות ברזל שלישייה,יחידה,0.00,יחידה,false,,6.90,0.0000,true,1,14498
7290013027399,false,לחם קמח מלא קל בתוספת שיפון 750 ג' אנג'ל,מאפיית שלמה א. אנג'\ל בע,,לחם 100 בתוספת שיפון,,750.00,100 גרם,false,,15.90,0.0212,true,1,69698
7290013038432,false,מים אקווה נובה בקבוק יחיד,טמפו משקאות בע`מ,,אקווה נובה 2 ליטר,ליטרים,2.00,ליטר,false,,4.90,2.4500,true,1,10316
7290013083678,false,"מטרנה אקסטרה קר שלב 2 חסכון 700 גרם תמ""ל",קבוצת אוסם סחר-שות.מוגבלת,,מטרנה אקסטרה קר שלב,,700.00,100 גרם,false,,61.90,0.0884,true,1,21398
7290013117410,false,בצק פריך מרודד למאפים מתוקים 900 ג' מעדנות,תנובה מרכז שיתופי לשיווק תוצרת,,מעדנות בצק פריך מרוד,,900.00,100 גרם,false,,26.40,0.0293,true,1,39028
7290013121127,false,לחמניות מיני ללא גלוטן גרין לייט 6 יחידות,אביב קונדיטוריה מעול,,לחמניות מיני ללא גלו,,480.00,100 גרם,false,,18.90,0.0394,true,1,34283
7290013121158,false,לחמניות סנדוויץ ללא גלוטן גרין לייט 4 * 115 גרם,אביב קונדיטוריה מעול,,רביעיית לחמניות סנדב,,460.00,100 גרם,false,,18.90,0.0411,true,1,34285
7290013121165,false,לחמניות נקניקיה ללא גלוטן גרין לייט 6 * 77 גרם,אביב קונדיטוריה מעול,,"לחמניות נקניקיה כשל""",,460.00,100 גרם,false,,18.90,0.0411,true,1,70577
7290013144171,false,מיימונס תערובת עוגת שוקולד 560 גרם.,א.ל.ייצור ושיווק תבלינים בעמ,,תערובת עוגת שוקולד 5,,560.00,100 גרם,false,,17.90,0.0320,true,1,67720
7290013144393,false,תמצית אפיה בטעם וניל מימונס (50 מל),א.ל. ייצור ושיווק תבלינים בע`מ,,תמצית בטעם וניל 50גר,,50.00,100 גרם,false,,5.50,0.1100,true,1,16211
7290013144409,false,תמצית אפיה בטעם רום מימונס (50 מל),א.ל. ייצור ושיווק תבלינים בע`מ,,תמצית בטעם רום 50גר,,50.00,"100 מ""ל",false,,5.50,0.1100,true,1,16212
7290013145093,false,"שקד מולבן גרוס 100 גרם ""מיימונס",א.ל. ייצור ושיווק תבלינים בע`מ,,מימונס שקד מולבן גרו,,100.00,100 גרם,false,,13.90,0.1390,true,1,16234
7290013145109,false,שקד מולבן טחון מימונס (100 גרם),א.ל. ייצור ושיווק תבלינים בע`מ,,מימונס שקד מולבן טחו,,100.00,100 גרם,false,,13.90,0.1390,true,1,16235
7290013145116,false,מיימונס שקד מולבן מקלות 100 גרם.,א.ל. ייצור ושיווק תבלינים בע`מ,,מימונס שקד מולבן מקל,,100.00,100 גרם,false,,13.90,0.1390,true,1,16236
7290013145192,false,שומשום מימונס (100 גרם),א.ל. ייצור ושיווק תבלינים בע`מ,,שומשום 100גר,,100.00,100 גרם,false,,5.60,0.0560,true,1,16242
7290013145215,false,שומשום מימונס (400 גרם),א.ל.ייצור ושיווק תבלינים בעמ,,שומשום 400גר,,400.00,100 גרם,false,,15.90,0.0398,true,1,16243
7290013145628,false,סוכריות צבעוניות לקישוט מימונס 200 גרם,א.ל. ייצור ושיווק תבלינים בע`מ,,סוכריות צבעוניות לקי,,200.00,100 גרם,false,,9.90,0.0495,true,1,16258
7290013145840,false,סוכר וניל מימונס 10יח בצלופן,א.ל. ייצור ושיווק תבלינים בע`מ,,מימונס סוכר וניל 10*,,100.00,100 גרם,false,,2.90,0.0290,true,1,16273
7290013145857,false,אבקת אפיה מימונס 10יח בצלופן,א.ל. ייצור ושיווק תבלינים בע`מ,,אבקת אפיה 10* 10 גרם,,100.00,100 גרם,false,,2.90,0.0290,true,1,16274
7290013145963,false,שמרים יבשים בוואקום מיימונס 125 גרם,א.ל. ייצור ושיווק תבלינים בע`מ,,מימונס שמרים יבשים ב,,125.00,100 גרם,false,,6.90,0.0552,true,1,16282
7290013146304,false,קורנפלור 500 גרם מימונס.,א.ל.ייצור ושיווק תבלינים בעמ,,מימונס קורנפלור 500,,500.00,100 גרם,false,,7.90,0.0158,true,1,114090
7290013153432,false,"פריגת סחוט לימונענע 400 מ""ל",היינץ צפון אמריקה מק,,פריגת סחוט לימונענע,,400.00,יח',false,,10.60,0.0265,true,1,7230
7290013153593,false,תפוזים מתקתק 100% פריגת 1 ליטר,החברה המרכזית טלהפצת משקאות בע,,פריגת סחוט תפוזים מת,ליטרים,1.00,ליטר,false,,13.00,13.0000,true,1,81264
7290013203182,false,שרי מנומר -ליקופן,,,שרי מנומר -ליקופן,,200.00,100 גרם,false,,11.90,0.0595,true,1,55898
7290013215031,false,פטריות פורטובלה למיל,ביכורי שדה דרום 2002,,פטריות פורטובלה למיל,,1.00,יח',false,,19.90,19.9000,true,1,368883
7290013215123,false,פטריות שמפניון למילו,ביכורי שדה דרום 2002,,פטריות שמפניון למילו,,1.00,יח',false,,19.90,19.9000,true,1,368884
7290013268983,false,מרכך כביסה סופר מרוכז בבישום עוצמתי סנו מקסימה 1 ל',החברה הדרומית לשיווק בעמ,,מקסימה מרכך כביסה בב,יחידה,0.00,יחידה,false,,17.90,0.0000,true,1,309770
7290013268990,false,מרכך כביסה מרוכז לבן ביו סנו מקסימה 1 ליטר,החברה הדרומית לשיווק בעמ,,סנו מקסימה מרכך מרוכ,יחידה,0.00,יחידה,false,,17.90,0.0000,true,1,32684
7290013269621,false,ריצפז פרש לניקוי רצפות בניחוח מלון בוטיק,החברה הדרומית לשיווק בעמ,,ריצפז פרש הום בניחוח,ליטרים,2.00,ליטר,false,,21.90,10.9500,true,1,134444
7290013284310,false,רוטב פסטה לילדים פריניר 240 גרם,ח.כהן סוכנות מזון ומשקאות בע,,רוטב לפסטה לילדים פר,,240.00,100 גרם,false,,6.50,0.0271,true,1,18690
7290013358363,false,מאסטר שף פרורי לחם פנקו עבים בסגנון יפני 300 גר,קריניציה ויטמינה אס,,מאסטר שף פירורי לחם,,300.00,100 גרם,false,,10.90,0.0363,true,1,68662
7290013358530,false,מאסטר שף אסייאתי רוטב צ'ילי מתוק 700 מל כשלפ,קריניציה ויטמינה אס,,מאסטר שף רוטב צ'ילי,,700.00,"100 מ""ל",false,,13.90,0.0199,true,1,23541
7290013358806,false,מנה מאגדת פריכיות אורז עם מלח 264 גרם,ש. שסטוביץ בע`מ,,מאגדת פריכיות עם מלח,,264.00,100 גרם,false,,13.80,0.0523,true,1,23548
7290013366634,false,כרמל יבולים חסה סלנו,ביכורי השדה הצפון בעמ` 1964,,חסה סלנובה,,1.00,"100 מ""ל",false,,11.90,11.9000,true,1,55903
7290013389077,false,"עלי טורטיה מקמח חיטה 25ס""מ 8יח' תומר 420 ג'",Azteca foods europe,,6 טורטיות חיטה תומר,,425.00,100 גרם,false,,8.90,0.0209,true,1,119424
7290013440648,false,מאגדת שלגוני אבטיח נסטלה 5 יחידות,נגה גלידות שותפות מוגבלת,,אבטיח קרחונים מאגדת,,540.00,100 גרם,false,,27.90,0.0517,true,1,16980
7290013472199,false,ערמונים קלופים וקלויים 105 גרם,ג.וילי-פוד אינטרנשיונל בעמ,,וילי פוד ערמונים 100,,100.00,100 גרם,false,,5.90,0.0590,true,1,75078
7290013531117,false,רוטב פסטה לילדים יכין (240 גר`),"זנלכל בע""\מ",,רוטב לפסטה לילדים יכ,,260.00,100 גרם,false,,6.90,0.0265,true,1,9422
7290013531759,false,שעועית לבנה מבושלת במים יכין (550 גרם),זנלכול יכין,,שעועית אפויה במים יכ,,550.00,100 גרם,false,,10.90,0.0198,true,1,9441
7290013585233,false,"ספרייט זירו פחית סליק 330 מ""ל",החברה המרכזית להפצת משקאות בעמ,,פחית סליק 330 מל ZER,,330.00,יח',false,,5.40,0.0164,true,1,7807
7290013585257,false,ספרייט זירו בבקבוק אישי,החברה המרכזית להפצת משקאות בעמ,,ZERO ספרייט 0.5 ל,,500.00,יח',false,,8.50,0.0170,true,1,7809
7290013585387,false,בקבוק זירו קוקה-קולה (1 ליטר),החברה המרכזית להפצת משקאות בעמ,,קולה זירו 1 ליטר,ליטרים,1.00,ליטר,false,,7.20,7.2000,true,1,7818
7290013585394,false,בקבוק קוקה-קולה (1 ליטר),החברה המרכזית להפצת משקאות בעמ,,קוקה קולה 1 ליטר,ליטרים,1.00,ליטר,false,,7.50,7.5000,true,1,7819
7290013608260,false,מיץ רימונים 100%מיץ סחוט טרי מצונן 1ליט,שטראוס גרופ בעמ/מצונן,,פרימור מיץ רימונים ס,יחידה,0.00,יחידה,false,,26.70,0.0000,true,1,24895
7290013702883,false,"שוופס מוגז פירות לימונדה ורודה 500 מ""ל",יפאורה - שותפות מוגבלת לשיווק,,משקה פינק למונייד שו,,500.00,יח',false,,6.30,0.0126,true,1,12333
7290013787392,false,רביולי גבינות קלאסי 330 גרם ריקו בית יוסף,דודו איטליאן פרודקטס בע\,,רביולי גבינות קלאסי,,330.00,100 גרם,false,,28.90,0.0876,true,1,250246
7290013787408,false,רביולי בטטה 330 גרם ריקו בית יוסף,דודו איטליאן פרודקטס בע\,,רביולי בטטה ריקו 330,,330.00,100 גרם,false,,28.90,0.0876,true,1,250247
7290013848345,false,מארז מטליות לחיטוי וניקוי יסודי אנטיבקטריאלי 99.9%,החברה הדרומית לשיווק בעמ,,מטליות לחות לחיטוי י,יחידה,0.00,יחידה,false,,21.90,0.0000,true,1,139477
7290013906212,false,"נקנקיות וינר טירת 1 ק""ג טירת צבי",תנובה מרכז שיתופי לשיווק תוצרת,,טירת צבי נקניקיות וי,קילוגרמים,1.00,"ק""ג",false,,27.90,27.9000,true,1,26778
7290013906441,false,קבנוס טירת צבי 120 גרם,תנובה מרכז שיתופי לשיווק תוצרת,,טירת צבי קבנוס 120 ג,,120.00,100 גרם,false,,11.90,0.0992,true,1,26791
7290013906458,false,קבנוס בטעם פיקנטי טירת צבי 120 גרם,תנובה מרכז שיתופי לשיווק תוצרת,,טירת צבי קבנוס פיקנט,,120.00,100 גרם,false,,11.90,0.0992,true,1,26792
7290013906687,false,פסט' צמד כפרית ברביקיו ודבש 300X2ג' טירת צבי,תנובה מרכז שיתופי לשיווק תוצרת,,טירת צבי צמד כפרית ב,,600.00,100 גרם,false,,31.90,0.0532,true,1,26797
7290013906694,false,נקניקיות שקית קילו וחצי טירת צבי,תנובה מרכז שיתופי לשיווק תוצרת,,"נקניקיות עוף 1.5 ק""ג",,1.50,100 ליטר,false,,39.90,26.6000,true,1,395908
7290014002203,false,חליטת לימונית ולואיזה הגן הקסום ויסוצקי 25 יחידות,תה ויסוצקי (ישראל) בעמ,,תה חליטת לימונית ולו,,37.50,100 גרם,false,,19.90,0.5307,true,1,26201
7290014059436,false,"משחת שיניים סנסודיין 75 מ""ל פרימיום לשיקום והגנה מלבינה 75 מ""ל","סמית קליין ביצ'ם בע""",,משחת שיניים לשיקום ס,,75.00,"100 מ""ל",false,,25.90,0.3453,true,1,4516
7290014079014,false,לבבות קיסר ארוז נספק,"מרינה פטריות הגליל בע""מ",,לבבות קיסר,,300.00,100 גרם,false,,10.90,0.0363,true,1,55926
7290014079076,false,נבטי אלפלפא מרינה,"מרינה פטריות הגליל בע""מ",,נבטי אלפלפא,,1.00,יח',false,,7.90,7.9000,true,1,55927
7290014095861,false,שיבולת שועל דקה בשקית שקדיה 500 גרם,דין שיווק וקליה 2021 בעמ,,שיבולת שועל דקה קווא,,500.00,100 גרם,false,,7.90,0.0158,true,1,5358
7290014095960,false,שיבולת שועל עבה בשקית שקדיה 500 גרם,דין שיווק וקליה 2021 בעמ,,שיבולת שועל עבה קווא,,500.00,100 גרם,false,,7.90,0.0158,true,1,5361
7290014217157,false,תיבול טוסקנה בקופ' 120 גר' טעם וריח,"תבליני טעם וריח בע""מ",,תבלין תערובת תיבול ט,,120.00,100 גרם,false,,10.00,0.0833,true,1,49505
7290014217225,false,גריל עוף בקופ' 120 גר' טעם וריח,"תבליני טעם וריח בע""מ",,טעם וריח גריל עוף מי,,120.00,100 גרם,false,,11.80,0.0983,true,1,49508
7290014218932,false,חטיפי פיצה בתוספ זיתים בשקית מעדנות 710 גרם,מיוצר עי קונדיטוריית,,חטיפי פיצה בתוספת זי,,710.00,100 גרם,false,,37.90,0.0534,true,1,141982
7290014256637,false,"יין מבעבע מוסקטו באזז יקבי כרמל 750 מ""ל",אגודת הכורמים -כרמל מזרחי,,יין באזז מוסקטו 750מ,,750.00,"100 מ""ל",false,,29.90,0.0399,true,1,550
7290014397767,false,סנו ריצפז פרש הום 2 ליטר בניחוח כותנה-מרכז,החברה הדרומית לשיווק בעמ,,ריצפז פרש הום כותנה,ליטרים,2.00,ליטר,false,,21.90,10.9500,true,1,114145
7290014435704,false,סלמון מעושן פרוס 100ג(שמיר),שבעת הימים - שמיר,,סלמון מעושן סלטי שמי,,100.00,100 גרם,false,,22.90,0.2290,true,1,19912
7290014435803,false,מטיאס הולנדי (פרובנציאל) עם בצל בשמן 180 גרם,שבעת הימים - שמיר,,מטיאס הולנדי פרובנצי,,180.00,100 גרם,false,,21.90,0.1217,true,1,19914
7290014435810,false,נתחי הרינג כבוש עם בצל במרינת חמוץ מתוק שמיר 220 גרם,שבעת הימים - שמיר,,הרינג כבוש עם בצל במ,,180.00,100 גרם,false,,21.90,0.1217,true,1,19915
7290014435834,false,מקרל מעושן פרוס בשמן שמיר 180 גרם,שבעת הימים - שמיר,,מקרל מעושן פרוס בשמן,,180.00,100 גרם,false,,29.90,0.1661,true,1,19917
7290014435872,false,סלט הרינג עם מיונז שמיר 200 גרם,שבעת הימים - שמיר,,סלט הרינג עם מיונז 1,,180.00,100 גרם,false,,21.90,0.1217,true,1,19919
7290014435889,false,סלט מטיאס עם מיונז שמיר 200 גרם,שבעת הימים - שמיר,,סלט מטיאס עם מיונז 1,,180.00,100 גרם,false,,21.90,0.1217,true,1,19920
7290014455252,false,גבינת גרנה פדנו מגורדת 29% גד (100 גרם),מחלבות גד שיווק 1992 בעמ,,גד גרנה פדנו מגורד כ,,100.00,100 גרם,false,,12.90,0.1290,true,1,15456
7290014455320,false,גבינה כדורי מוצרלה פרסקה גד 100ג',מחלבות גד שיווק 1992 בעמ,,גד כדור מוצרלה פרסקה,,100.00,100 גרם,false,,10.20,0.1020,true,1,15459
7290014459137,false,"תפוגן סטייק צ'יפס 1.5 ק""ג אסם",קבוצת אוסם סחר שותפות מוגבלת,,תפוגן סטייק ציפס 1.5,קילוגרמים,1.50,"ק""ג",false,,28.90,19.2667,true,1,22186
7290014459472,false,"תפוגן צ יפס קלאסי 2ק""ג (תפוגן)",קבוצת אוסם סחר שותפות מוגבלת,,תפוגן צ`יפס קלאסי 2,קילוגרמים,2.00,"ק""ג",false,,30.90,15.4500,true,1,114100
7290014459632,false,"תפוגן צ'יפס טוגן 1.5 ק""ג",קבוצת אוסם סחר שותפות מוגבלת,,"טוגן 1.5 ק""ג",קילוגרמים,1.50,"ק""ג",false,,19.90,13.2667,true,1,136932
7290014471443,false,"גרנולה צימוקים אגוזים ושקדים1 ק""ג חדש - 443 כתום שקדיה (כתום)",דין שיווק וקליה 2021 בעמ,,גרנולה צימוקים אגוזי,קילוגרמים,1.00,"ק""ג",false,,21.90,21.9000,true,1,117540
7290014673380,false,כמון טחון תבליני מימון 250 גרם,א.ל. ייצור ושיווק תבלינים בע`מ,,מימון כמון טחון 250,,250.00,100 גרם,false,,24.90,0.0996,true,1,267
7290014731264,false,ספלאש כוסות 180CC לשתייה קרה 100 יחידות,רם,,כוסות לשתיה קרה חד פ,,100.00,יח',false,,9.90,0.0990,true,1,30236
7290014748651,false,פילה אמנון מצופה נתח שלם דג טוב 360 גרם,קבוצת אוסם סחר שותפות מוגבלת,,דג טוב פילה אמנון מצ,,360.00,100 גרם,false,,34.90,0.0969,true,1,133888
7290014749245,false,ספיישל רצועות שניצל שומשום עוף טוב 600 גרם,קבוצת אוסם סחר שותפות מוגבלת,,רצועות שניצל שומשום,,600.00,100 גרם,false,,39.90,0.0665,true,1,223935
7290014758100,false,מאגדת יוגורט ביו 3% שומן 8 יח' *150ג' תנובה,מיוצר עי קונדיטוריית,,יוגורט תנובה 3% 8*15,קילוגרמים,1.20,"ק""ג",false,,17.30,14.4167,true,1,27745
7290014758117,false,מאגדת יוגורט ביו 1.5% שומן 8 יח' *150 ג' תנובה,מיוצר עי קונדיטוריית,,יוגורט תנובה 1.5% 8*,קילוגרמים,1.20,"ק""ג",false,,17.30,14.4167,true,1,27746
7290014758162,false,חלב עיזים מלא 3.6% שומן תנובה (1 ליטר),תנובה מרכז שיתופי לש,,חלב תנובה עיזים מלא,ליטרים,1.00,ליטר,false,,15.70,15.7000,true,1,27748
7290014758681,false,גבינת קוטג`1% בגביע תנובה (250 גרם),מיוצר עי קונדיטוריית,,קוטג תנובה 1% 250ג,,250.00,100 גרם,false,,5.70,0.0228,true,1,27767
7290014759084,false,גבינת שמנת נפוליאון 16% מופחת שומן תנובה 225 גרם,תנובה מרכז שיתופי לש,,נפוליאון 16% 225גר,,225.00,100 גרם,false,,14.90,0.0662,true,1,27770
7290014759534,false,גבינה בולגרית למריחה טבעי 5% 200 ג' פיראוס,"תנובה, מחלבת תל יוסף",,פיראוס בולגרית למריח,,200.00,100 גרם,false,,14.40,0.0720,true,1,27778
7290014759909,false,פטה עיזים 5% 250 גר`גביע פיראוס תנובה,"תנובה, מחלבת טנא נוג",,פיראוס פטה עזים פירא,,250.00,100 גרם,false,,30.00,0.1200,true,1,27786
7290014759978,false,קצ`קאבל פלח גלעד 200 גר`קולקשיין תנובה,"תנובה בע""מ ***",,גבינות תנובה קצקבל פ,,200.00,100 גרם,false,,28.50,0.1425,true,1,27788
7290014759985,false,פרמזן פלח גבע 23% 200 גר`קולקשיין תנובה,תנובה - חלב,,גבינה קשה מחלב בקר 2,,200.00,100 גרם,false,,27.50,0.1375,true,1,27789
7290014759992,false,פלח רוקפור גליל 26% 140 גר`קולקשיין תנו,"תנובה, מחלבת תל יוסף",,גבינות תנובה רוקפור,,140.00,100 גרם,false,,20.00,0.1429,true,1,27790
7290014760134,false,"מעדן סויה בטעם וניל תנובה 125 מ""ל","תנובה בע""מ ***",,גביע מעדן סויה בטעם,,125.00,100 גרם,false,,4.70,0.0376,true,1,111407
7290014760141,false,משקה שקדים טרי תנובה (1 ליטר),"תנובה בע""מ ***",,תנובה משקה שקדים טרי,יחידה,0.00,יחידה,false,,13.90,0.0000,true,1,27792
7290014760448,false,גבינה צהובה גלבוע 400 גרם 22% שומן תנובה,מחלבת בית יצחק,,גלבוע 22% 400 גרם,,400.00,100 גרם,false,,24.00,0.0600,true,1,27799
7290014760912,false,גבינה צהובה 28% מהדרין גוש חלב (400 גרם),תנובה מרכז שיתופי לש,,גוש חלב 28% מהדרין 4,,400.00,100 גרם,false,,26.10,0.0653,true,1,27813
7290014761056,false,מעדן שוקולד חלב יולו תנובה 123 גרם,מיוצר עי קונדיטוריית,,יולו שוקולד חלב מעול,,122.00,100 גרם,false,,5.00,0.0410,true,1,27817
7290014761063,false,מעדן שוקולד מריר יולו תנובה 123 גרם,מיוצר עי קונדיטוריית,,יולו שוקולד מריר מעו,,122.00,100 גרם,false,,5.00,0.0410,true,1,27818
7290014761070,false,מעדן שוקולד לבן יולו תנובה 123 גרם,מיוצר עי קונדיטוריית,,יולו שוקולד לבן מעול,,122.00,100 גרם,false,,5.00,0.0410,true,1,27819
7290014761193,false,יוגורט עם פירות יער 1.5% שומן 125 ג' פרילי,תנובה מרכז שיתופי לש,,פרילי פירות יער 1.5%,,125.00,100 גרם,false,,3.70,0.0296,true,1,27822
7290014761414,false,יולו מעדן שכבות שוקולד חלב ולבן 123 גר,מיוצר עי קונדיטוריית,,יולו מעדן שכבות שוקו,,122.00,100 גרם,false,,5.00,0.0410,true,1,27836
7290014761612,false,מעדן שכבות שוקולד מריר ולבן יולו 122 גרם,מיוצר עי קונדיטוריית,,יולו שכבות שוקולד מר,,122.00,100 גרם,false,,5.00,0.0410,true,1,27843
7290014762756,false,גבינת שמנת נפוליאון 16% עם בצל תנובה 225 גרם,תנובה - חלב,,נפוליאון 16% עם בצל,,225.00,100 גרם,false,,14.90,0.0662,true,1,27891
7290014762909,false,פתיתי מוצרלה השף הלבן 10% תוספת מתנה,"תנובה, מחלבת תל יוסף",,פתיתי מוצרלה 200 גר`,,200.00,100 גרם,false,,17.90,0.0895,true,1,27899
7290014763272,false,יוגורט סויה BIO לשתיה תות ובננה אלטרנטיב,תות תעשיות מזון (201,,משקה סויה ביו עם תות,,250.00,יח',false,,6.90,0.0276,true,1,27912
7290014791091,false,"שוופס מוגז פירות לימונייד 500 מ""ל",יפאורה - שותפות מוגבלת לשיווק,,משקה למונייד שוופס 5,,500.00,יח',false,,6.30,0.0126,true,1,12338
7290014791725,false,"שוופס מוגז פירות תפוחים 500 מ""ל",יפאורה - שותפות מוגבלת לשיווק,,משקה מוגז תפוחים שוו,,500.00,"100 מ""ל",false,,6.30,0.0126,true,1,12362
7290014855458,false,מגבוני בייביסיטר פרפורמנס ללא בישום מארז 72X4יח',בייביסיטר Babysitter,,מגבוני בייבי פרפורמנ,יחידה,0.00,יחידה,false,,16.90,0.0000,true,1,31710
7290014910515,false,שימורי דגים שפרוטים מעושנים בשמן צמחי 250 גרם,יורוסטנדרט בעמ,,שפרוטים מעושנים רויא,,250.00,100 גרם,false,,12.90,0.0516,true,1,107767
7290014940901,false,לחם פשוט מלא לילדים פרוס אנג`ל (750 גרם),מאפיית שלמה א. אנג'\ל בע,,לחם פשוט מלא אנגל 75,,750.00,100 גרם,false,,15.00,0.0200,true,1,69712
7290015009300,false,עלי טורטייה מקמח תירס 360 גרם,פרינסס,,עלי טורטייה עם קמח ת,,360.00,100 גרם,false,,15.90,0.0442,true,1,435266
7290015009409,false,זיתים שחורים מזן טאסוס במלח 250 גרם,אידיאל סנייק,,זיתים שחורים זן טאטו,,250.00,100 גרם,false,,18.90,0.0756,true,1,287142
7290015129220,false,איטריות גל קונג`אק בצורת קוסקוס סקיני פס,אף.סי תבליני בגליל ב,,סקיני פסטה קונג'אק ב,,270.00,100 גרם,false,,11.90,0.0441,true,1,397148
7290015129251,false,איטריות גל קונג`אק בצורת פסטה פטוצ`יני ס,אף.סי תבליני בגליל ב,,סקיני - פסטה פטוצ'ינ,,270.00,100 גרם,false,,11.90,0.0441,true,1,266832
7290015150118,false,שלישיית עגבניות חתוכות דק גרנד איטליה 400 גרם,תה ויסוצקי (ישראל) בעמ,,עגבניות חתוכות דק בל,,400.00,100 גרם,false,,19.50,0.0488,true,1,26242
7290015150200,false,עגבניות חתוכות דק גרנד איטליה ויסוצקי,תה ויסוצקי (ישראל)בעמ,,עגבניות חתוכות דק ו,,400.00,100 גרם,false,,6.90,0.0173,true,1,26243
7290015193566,false,מעדני המלך אובלטים שומשום 300 גרם,אם החיטה,,אובלטים שומשום 300 ג,,300.00,100 גרם,false,,10.90,0.0363,true,1,120480
7290015282000,false,איקרא אדומה SEVEN SEAS 200 גרם,שבעת הימים - שמיר,,איקרה אדומה סלטי שמי,,200.00,100 גרם,false,,15.90,0.0795,true,1,19923
7290015282024,false,איקרא לבנה SEVEN SEAS 200 גרם,שבעת הימים - שמיר,,איקרה לבנה סלטי שמיר,,200.00,100 גרם,false,,15.90,0.0795,true,1,19925
7290015282581,false,חומוס אבו גוש עם חריף שמיר 200 גרם,"סלטי שמיר 2006 בע""מ",,חומוס אבו גוש עם חרי,,200.00,100 גרם,false,,11.90,0.0595,true,1,79725
7290015282598,false,חומוס מסעדות גורמה שמיר 200 גרם,"סלטי שמיר 2006 בע""מ",,חומוס מסעדות,,200.00,100 גרם,false,,11.90,0.0595,true,1,79726
7290015282604,false,טחינה מיוחדת גורמה שמיר 200 גרם,"סלטי שמיר 2006 בע""מ",,טחינה מיוחדת,,200.00,100 גרם,false,,11.90,0.0595,true,1,79727
7290015282635,false,חומוס מסבחה גורמה שמיר 200 גרם,"סלטי שמיר 2006 בע""מ",,חומוס מסבחה,,200.00,100 גרם,false,,11.90,0.0595,true,1,79729
7290015282642,false,חומוס אבו גוש גורמה שמיר 200 גרם,"סלטי שמיר 2006 בע""מ",,חומוס אבו גוש,,200.00,100 גרם,false,,11.90,0.0595,true,1,79730
7290015282673,false,חציל במיונז ביתי גורמה שמיר 200 גרם,"סלטי שמיר 2006 בע""מ",,חציל במיונז ביתי,,200.00,100 גרם,false,,11.90,0.0595,true,1,79731
7290015282697,false,כרוב אדום שמיר גורמה 200גר,"סלטי שמיר 2006 בע""מ",,סלט כרוב אדום 200ג ש,,200.00,100 גרם,false,,13.90,0.0695,true,1,79733
7290015282710,false,קוביות סלק גורמה שמיר 200 גרם,"סלטי שמיר 2006 בע""מ",,קוביות סלק סלטי שמיר,,200.00,100 גרם,false,,11.90,0.0595,true,1,79734
7290015282741,false,חציל תאילנדי אסלי שמיר 200 ג',"סלטי שמיר 2006 בע""מ",,חציל תילאנדי סלטי שמ,,200.00,100 גרם,false,,13.90,0.0695,true,1,79737
7290015282796,false,"סלט תפו""א שמיר במיונז 200ג'","סלטי שמיר 2006 בע""מ",,סלט תפוח אדמה 200 ג,,200.00,100 גרם,false,,13.90,0.0695,true,1,79741
7290015324014,false,"פלפל שחור טחון בשקית 80 גרם ""טעם וריח""","תבליני טעם וריח בע""מ",,טעם וריח פלפל שחור ט,,80.00,100 גרם,false,,11.90,0.1488,true,1,49519
7290015324052,false,פפריקה מתוקה 80 גר' טעם וריח,"תבליני טעם וריח בע""מ",,טעם וריח פפריקה מתוק,,80.00,100 גרם,false,,6.90,0.0863,true,1,49522
7290015324083,false,מלח לימון 80 גר' טעם וריח,"תבליני טעם וריח בע""מ",,טעם וריח מלח לימון ש,,80.00,100 גרם,false,,6.90,0.0863,true,1,49524
7290015366663,false,"משחת שיניים מנטה עדין אקווה פרש 100 מ""ל",גלקסוסמיתקליין,,מש.שיניים מנטה עדין,,100.00,100 גרם,false,,7.90,0.0790,true,1,4578
7290015374279,false,"סיגר במילוי בשר בד""צ 400גר",חטיפי אלקיים בעמ ~~~,,סיגר במילוי בשר 400,,400.00,100 גרם,false,,12.90,0.0323,true,1,66965
7290015374323,false,"קובה ביתי במילוי בשר בד""צ 400גר",חטיפי אלקיים בעמ ~~~,,קובה ביתי במילוי בשר,,400.00,100 גרם,false,,12.90,0.0323,true,1,66970
7290015437431,false,רכז רימונים 100% טבעי 420 גר,תומר יבוא ושיווק מוצרי מזון (1,,רכז רימונים תומר 42,,420.00,100 גרם,false,,22.90,0.0545,true,1,253200
7290015572033,false,שרי צהוב,,,שרי צהוב,,1.00,יח',false,,11.90,11.9000,true,1,100739
7290015644433,false,לחם מחמצת 100% שיפון קל אנג'ל 600 גרם,מאפיית שלמה א. אנג'\ל בע,,לחם מחמצת 100% שיפון,,600.00,100 גרם,false,,18.90,0.0315,true,1,119900
7290015652254,false,גרעיני חמניה קלויים ששון הקולה (400 גרם),דין שיווק וקליה 2021 בעמ,,גרעיני חמניה קלויים,,400.00,100 גרם,false,,10.00,0.0250,true,1,5438
7290015652278,false,תערובת פיצוחים ששון הקולה 300 גרם,דין שיווק וקליה 2021 בעמ,,תערובת פיצוחים ששון,,250.00,100 גרם,false,,20.00,0.0800,true,1,64731
7290015652285,false,אגוזים קלופים ששון הקולה 250 גרם,דין שיווק וקליה 2021 בעמ,,אגוזים קלופים 250 גר,,250.00,100 גרם,false,,20.00,0.0800,true,1,5441
7290015652292,false,קבוקים עם שומשום ששון הקולה 400 גרם,דין שיווק וקליה 2021 בעמ,,קבוקים עם שומשום ששו,,400.00,100 גרם,false,,10.00,0.0250,true,1,117556
7290015652308,false,מנצ'ס ששון הקולה 400 גרם,דין שיווק וקליה 2021 בעמ,,מנצ'ס ששון הקולה 300,,300.00,100 גרם,false,,10.00,0.0333,true,1,117557
7290015652315,false,חמוציות מסוכרות ששון הקולה (300 גרם),דין שיווק וקליה 2021 בעמ,,חמוציות מסוכרות ששון,,300.00,100 גרם,false,,10.00,0.0333,true,1,114051
7290015652322,false,בוטנים אמריקאיים מצופים 400 גר ששון הקלה,דין שיווק וקליה 2021 בעמ,,בוטנים אמריקאים מצופ,,400.00,100 גרם,false,,10.00,0.0250,true,1,117558
7290015766005,false,שרי וויטני יחידה,,,שרי וויטני יחידה,,500.00,100 גרם,false,,11.90,0.0238,true,1,55985
7290015766029,false,עגבניות שרי כתומות 4,אראל תוצרת חקלאית בע,,שרי כתום יח',,460.00,100 גרם,false,,11.90,0.0259,true,1,191962
7290015842631,false,"כוס ברד 330 מ""ל ח""פ 40יח'",,,"כוס בירה 330 מ""ל 40",יחידה,0.00,יחידה,false,,10.90,0.0000,true,1,139307
7290015855082,false,ברוקולי מיני,א.אדמה (2007) בעמ,,ברוקולי מיני,,1.00,יח',false,,9.90,9.9000,true,1,55988
7290015855143,false,שיני שום קלופות בנספ,א.אדמה (2007) בעמ,,שום קלוף,,170.00,100 גרם,false,,12.90,0.0759,true,1,55989
7290015855181,false,גינג`ר יחידה טרי,א.אדמה (2007) בעמ,,ג'ינג'ר ארוז,,1.00,"100 מ""ל",false,,9.90,9.9000,true,1,55990
7290015855938,false,עלי בייבי 250 גרם ארוז א.אדמה,א.אדמה (2007) בעמ,,עלי בייבי 250 גר' אד,,300.00,100 גרם,false,,11.90,0.0397,true,1,293777
7290015858106,false,"ממרח פסטו ביתי 180 גרם ""עללחם""",שטראוס גרופ בעמ/מצונן,,ממרח פסטו ביתי עללחם,,180.00,100 גרם,false,,17.90,0.0994,true,1,141665
7290015858229,false,"טפנד זיתי קלמטה 180 גרם ""עללחם""",שטראוס גרופ בעמ/מצונן,,ממרח טפנד זיתי קלמטה,,180.00,100 גרם,false,,17.90,0.0994,true,1,141670
7290016006025,false,שוופס סודה 0.50 ליטר בקבוק,יפאורה שותפות מוגבלת לשיווק,,שוופס סודה 500מל,,500.00,"100 מ""ל",false,,3.90,0.0078,true,1,12375
7290016006148,false,"שוופס מוגז עדין ענבים בקבוק 500מ""ל",יפאורה - שותפות מוגבלת לשיווק,,משקה מוגז ענבים שוופ,,500.00,"100 מ""ל",false,,6.30,0.0126,true,1,12378
7290016006322,false,מים מינרליים מי עדן,יפאורה שותפות מוגבלת לשיווק,,מי עדן 1 ליטר,ליטרים,1.00,ליטר,false,,2.90,2.9000,true,1,12383
7290016094022,false,"ד""ר פישר - אולטרסול ספריי שקוף 200 מ""ל 50SPF",פישר מעבדות פרמצבטיות בע,,ספרי הגנה שקוף 50 או,,200.00,"100 מ""ל",false,,59.90,0.2995,true,1,63024
7290016096675,false,מארז טונה בשמן זית שלישייה 80 גרם,תעשיות פילטונה בעמ,,טונה בשמן זית פילטונ,,240.00,100 גרם,false,,18.90,0.0787,true,1,127680
7290016150117,false,סלק אדום מבושל 500 ג' בוואקום,ביג פוד כחול לבן בעמ*שיק 30 יו,,מעדן סלק בוואקום 500,,500.00,100 גרם,false,,8.90,0.0178,true,1,98535
7290016150711,false,נוזל קוקוס פחית 400 גר` AVEL,אבאל יזמות בעמ,,AVEL נוזל קוקוס תאיל,,400.00,יח',false,,5.90,0.0148,true,1,134514
7290016162233,false,עוגיות ממולאות סוגים שונים 200 גרם קפולסקי,קפולסקי אדל בעמ,,עוגיות דיזרט פרימיום,,200.00,100 גרם,false,,21.90,0.1095,true,1,120318
7290016188585,false,GIACOBAZZI למברוסקו רוזה חצי יבש יקבי כרמל,אגודת הכורמים,,רוזה מבעבע למברוסקו,,750.00,"100 מ""ל",false,,27.90,0.0372,true,1,596
7290016188608,false,GIACOBAZZI למברוסקו לבן חצי יבש יקבי כרמל,אגודת הכורמים -כרמל מזרחי,,למברוסקו לבן חצי יבש,,750.00,"100 מ""ל",false,,27.90,0.0372,true,1,598
7290016197488,false,מטליות מיקרופייבר למשטחים ניקול 3יח',קימברלי קלארק ישראל שיווק בעמ,,מטלית קסם לשיש מארז,יחידה,0.00,יחידה,false,,12.90,0.0000,true,1,9798
7290016197495,false,ניקול זוג מטליות הקסם מיקרופייבר לרצפה,קימברלי קלארק ישראל שיווק בעמ,,מטלית קסם לרצפה מארז,יחידה,0.00,יחידה,false,,24.90,0.0000,true,1,9799
7290016217735,false,חציל על האש 200גרם גורמה,"סלטי שמיר 2006 בע""מ",,חציל על האש סלטי שמי,,200.00,100 גרם,false,,11.90,0.0595,true,1,79742
7290016217742,false,חציל בטחינה 200גרם גורמה,"סלטי שמיר 2006 בע""מ",,חציל בטחינה סלטי שמי,,200.00,100 גרם,false,,11.90,0.0595,true,1,79743
7290016246018,false,חטיף מיקס פינוקיות חלבה בארכה 20ג*9,קבוצת אוסם סחר שותפות מוגבלת,,בארכה מיקס פינוקיות,,200.00,100 גרם,false,,15.90,0.0795,true,1,21423
7290016270907,false,ברוקולי ארוז במגשית,,,ברוקולי,,1.00,יח',false,,9.90,9.9000,true,1,138411
7290016321661,false,פרש וואנס SENSITIVE מגבונים ללא בישום רביעייה 72 יחידות,עלבד משואות יצחק,,מגבוני פרש וואנס רבי,יחידה,0.00,יחידה,false,,18.90,0.0000,true,1,143837
7290016321678,false,מגבונים לחים בניחוח מרענן עם תמציות קמומיל ואלוורה,עלבד משואות יצחק,,פרשוואנס רביעייה נטו,יחידה,0.00,יחידה,false,,18.90,0.0000,true,1,143838
7290016334500,false,לבבות חסה זוגות בשקי,ביכורי השדה צפון 1994 ג.ד. בעמ,,לבבות חסה זוגות בשקי,,1.00,"100 מ""ל",false,,9.90,9.9000,true,1,93653
7290016334692,false,בצל ירוק אדמה,,,בצל ירוק אדמה,,1.00,"100 מ""ל",false,,5.90,5.9000,true,1,100880
7290016372373,false,רסק עגבניות ללא תוספת סוכר ומלח - מארז זוג,תה ויסוצקי (ישראל) בעמ,,רסק עגבניות איטליה ב,,280.00,100 גרם,false,,8.90,0.0318,true,1,96744
7290016387483,false,כריות יפניות דו צדדיות שייני 3 יחידות,מ.א.ייצור ויבוא מטליות בעמ,,3 כריות יפניות דו צד,יחידה,0.00,יחידה,false,,6.90,0.0000,true,1,76060
7290016446050,false,רביולי בטעם גבינה קפ,פסטלונה,,רביולי בטעם גבינה קפ,,360.00,100 גרם,false,,24.90,0.0692,true,1,304570
7290016509823,false,ג'ל לכביסה לבנה וצבעונית בניחוח רענן,גורי שיווק בעמ,,פרסיל ג'ל 2.5 ליטר ב,ליטרים,2.50,ליטר,false,,36.90,14.7600,true,1,125123
7290016513974,false,קרפלך במילוי פטריות איי פוד 600 גרם,"אימפריאל הזרב פוד בע""מ",,קרפלך במילוי פטריות,,1.00,יח',false,,22.90,22.9000,true,1,463379
7290016564006,false,מבריקל הפלא ספוגיות להסרת כתמים קשים ושומנים 3יח,ח.כהן סוכנות מזון ומשקאות בע,,מבריקל הפלא,יחידה,0.00,יחידה,false,,10.90,0.0000,true,1,59765
7290016682052,false,"מיץ לימונענע 400 מ""ל ""פריניב""",פריניב תנובה,,"מיץ לימונענע 400 מ""ל",,400.00,"100 מ""ל",false,,9.30,0.0233,true,1,92380
7290016682168,false,"פריניב מיץ תפוזים ולנסיה סחוט 100% 400 מ""ל",תנובה - פריניב,,מיץ תפוזים סחוט וולנ,,400.00,יח',false,,9.30,0.0233,true,1,305588
7290016682328,false,מיץ תפוזים 100% עשוי מרכז 2 ל' פריניב,תנובה - פריניב,,פרי ניב מיץ תפוזים ט,ליטרים,2.00,ליטר,false,,21.80,10.9000,true,1,359118
7290016682359,false,מיץ תפוזים שמוטי פרי ניב 2 ליטר-,תנובה - פריניב,,פרי ניב מיץ 100% טבע,ליטרים,2.00,ליטר,false,,27.90,13.9500,true,1,359134
7290016682397,false,מיץ חמוציות פרי ניב 2 ליטר-,תנובה - פריניב,,נקטר חמוציות פריניב,ליטרים,2.00,ליטר,false,,19.90,9.9500,true,1,359150
7290016717631,false,יין מוסקטו בעל חוזק אלכוהול נמוך פרייבט קולקשן,אגודת הכורמים הקואופרטיב,,יין P.C מוסקטו יין,,750.00,"100 מ""ל",false,,43.90,0.0585,true,1,121576
7290016717754,false,יין היובל ישן נושן יקבי כרמל (750 מל),אגודת הכורמים הקואופרטיב,,"ישן נושן 750מ""ל.",,750.00,"100 מ""ל",false,,21.90,0.0292,true,1,115782
7290016866643,false,פרודונטקס מ.שיניים אקסטרה פרש 75 מל,פרודונטקס Parodontax,,מש.שיניים פרש פרודונ,,75.00,"100 מ""ל",false,,32.90,0.4387,true,1,124929
7290016967074,false,לחם חיטה מלאה עם גרעינים ודגנים,מאפיית שלמה א. אנג'\ל בע,,חיטה מלאה אנגל 750 ג,,750.00,100 גרם,false,,15.90,0.0212,true,1,69552
7290016967456,false,לחם צרפתי מחמצת 100% כוסמין 600 ג' אנג'ל,"מאפיית אנג'\ל בעמ, מקבוצ",,לחם מחמצת כוסמין אנג,,600.00,100 גרם,false,,18.90,0.0315,true,1,119902
7290016998184,false,עלי חסה ערבית שטופים 250 גרק,ביכורי השדה צפון 1994 ג.ד. בעמ,,עלי חסה ערבית שטופה,,250.00,100 גרם,false,,10.90,0.0436,true,1,299380
7290016998207,false,לקט קסם השדה נטורזה,ביכורי השדה צפון 1994 ג.ד. בעמ,,לקט קסם השדה 350 גר,,350.00,100 גרם,false,,10.90,0.0311,true,1,299382
7290016998238,false,כרוב לבן קצוץ נטורזה,ביכורי השדה צפון 1994 ג.ד. בעמ,,כרוב לבן קצוץ 400 גר,,400.00,100 גרם,false,,8.90,0.0223,true,1,299384
7290016998245,false,מיקס שורשים נטורזה 4,ביכורי השדה צפון 1994 ג.ד. בעמ,,מיקס שורשים 400 גר,,400.00,100 גרם,false,,9.90,0.0248,true,1,299385
7290016998320,false,לבבות קיסר נטורזה יח,ביכורי השדה צפון 1994 ג.ד. בעמ,,לבבות קיסר מארז,,1.00,יח',false,,11.90,11.9000,true,1,299393
7290017058689,false,זית שחור יבש 400 גר`תומר,תומר יבוא ושיווק מוצרי מזון (1,,זית שחור טבעי תומר 4,,400.00,100 גרם,false,,14.90,0.0373,true,1,188276
7290017062754,false,נוזל כלים לימון (36% 750 מל)+משאבה טא,סאסאטק אגשח בעמ,,נוזל כלים לימון 36%,,750.00,"100 מ""ל",false,,9.90,0.0132,true,1,265219
7290017065007,false,פרוסות גבינה מוצרלה חצי קשה 22% שומן 200 ג' גד,מחלבות גד שיווק 1992 בעמ,,מוצרלה פרוסה חצי קש,,200.00,100 גרם,false,,19.50,0.0975,true,1,76122
7290017065137,false,ריקוטה למריחה 5% טבעית 200 גר`מחלבות גד,מחלבות גד שיווק 1992 בעמ,,גבינה ריקוטה למריחה,,200.00,100 גרם,false,,10.70,0.0535,true,1,107367
7290017065526,false,קוואטרו פורמאג'י 4 גבינות מגוררות 26%,מחלבות גד שיווק 1992 בעמ,,גד קוואטרו פורמאג'י,,300.00,100 גרם,false,,29.90,0.0997,true,1,141946
7290017065663,false,גבינת פטה עיזים מעודנת 16% גד 200 גרם,מחלבות גד שיווק 1992 בעמ,,גבינת פטה עיזים מעוד,,250.00,100 גרם,false,,30.90,0.1236,true,1,269951
7290017088112,false,חיתולי בייביסיטר נוחות מידה 4 36 יח',די.פי.אל תעשיות מוצר,,ביייביסיטר נוחות מיד,,36.00,יח',false,,34.90,0.9694,true,1,122734
7290017088914,false,מגבונים בייביסיטר מבושם מארז שישייה,שקד תבל בעמ,,מגבונים מבושם בייביס,יחידה,0.00,יחידה,false,,17.90,0.0000,true,1,257603
7290017088969,false,חיתולי בייביסיטר ניו בורן מידה 1 42 יח',די.פי.אל תעשיות מוצרים ח,,חיתולי בייביסיטר NB,יחידה,0.00,יחידה,false,,30.90,0.0000,true,1,351937
7290017088983,false,חיתולי בייביסיטר ניו בורן מידה 2 38 יחי',די.פי.אל תעשיות מוצרים ח,,חיתולי בייביסיטר NB,יחידה,0.00,יחידה,false,,30.90,0.0000,true,1,351938
7290017105062,false,גרגירי חומוס שלם יכין הקטניה הטובה 200 ג,היינץ צפון אמריקה מק,,חומוס 6OZ יכין 200 ג,,200.00,100 גרם,false,,4.50,0.0225,true,1,103588
7290017105079,false,שעועית לבנה ברוטב עגבניות יכין הקטניה הט,היינץ צפון אמריקה מק,,שעועית אפויה 6OZ יכי,,200.00,100 גרם,false,,4.50,0.0225,true,1,103589
7290017105116,false,תורמוס הקטניה הטובה יכין 200/105 גרם,"זנלכל בע""\מ",,תורמוס 6OZ יכין 200,,200.00,100 גרם,false,,4.50,0.0225,true,1,103593
7290017105468,false,מארז שלישייה אפונה קטנה יכין 3*200 גר,קשקמט קונסרב הונגריה,,אפונה יכין 3*120 גרם,,360.00,100 גרם,false,,14.90,0.0414,true,1,208560
7290017105550,false,רביעיית רסק עגבניות 100% יכין 4X100 גרם,היינץ צפון אמריקה מק,,מאגדת רסק עגבניות יכ,,400.00,100 גרם,false,,12.90,0.0323,true,1,208202
7290017142128,false,"שמן זית כתית מעולה קלאסי עץ הזית 750 מ""ל",סוגת תעשיות בעמ,,שמן זית כתית מעולה ק,,750.00,"100 מ""ל",false,,35.90,0.0479,true,1,109155
7290017142159,false,"שלישיית נתחי טונה בהירה בשמן זית 80 גרם ""עץ הזית""",הנסיך- מפעל לייצור ט,,נתחי טונה בהירה בשמן,,240.00,100 גרם,false,,22.90,0.0954,true,1,123494
7290017142364,false,"שמן דלעת לא מזוכך עץ הזית 250 מ""ל",סוגת תעשיות בעמ,,שמן דלעת לא מזוכך עץ,,250.00,"100 מ""ל",false,,42.90,0.1716,true,1,195829
7290017142371,false,"שמן שומשום לא מזוכך עץ הזית 250 מ""ל",סוגת תעשיות בעמ,,שמן שומשום לא מזוכך,,250.00,"100 מ""ל",false,,32.90,0.1316,true,1,195841
7290017142388,false,שמן חמניות פלוס אומגה 3 עץ הזית 1 ליטר,סוגת תעשיות בעמ,,שמן חמניות פלוס אומג,ליטרים,1.00,ליטר,false,,17.90,17.9000,true,1,153333
7290017304885,false,לחם שיפון מחיטה מלאה ללא תוספת סוכר 750 ג' אנג'ל,מאפיית שלמה א. אנג'\ל בע,,לחם שיפון וחיטה מלאה,,750.00,100 גרם,false,,15.90,0.0212,true,1,152064
7290017374925,false,מטאטא אמור AMOR + מק,מ.א.ייצור ויבוא מטליות בעמ,,מטאטא אמור AMORE,יחידה,0.00,יחידה,false,,19.90,0.0000,true,1,476909
7290017457727,false,"סוד כחול מרכך כביסה מרוכז20%+בישום 900 מ""ל",גורי שיווק בעמ,,מרכך כביסה מרוכז סוד,,900.00,"100 מ""ל",false,,9.90,0.0110,true,1,140730
7290017477169,false,קשיו קלוי 250 גרם ששון הקולה,דין שיווק וקליה 2021 בעמ,,קשיו קלוי ששון הקולה,,250.00,100 גרם,false,,20.00,0.0800,true,1,123860
7290017599229,false,ממתיק סוכרלוז 200 טבליות סוכרזית,שטראוס גרופ בע`מ,,סוכרזית סוכרלוז 200,,17.00,100 גרם,false,,24.90,1.4647,true,1,387727
7290017599250,false,סוכרזית קלאסי 120 גר`שקיות,שטראוס גרופ בע`מ,,סוכרזית קלאסי ממתיק,,120.00,100 גרם,false,,18.90,0.1575,true,1,476973
7290017599267,false,סוכרלוז 120 שקיות ממתיק שולחני,שטראוס גרופ בע`מ,,סוכרזית סוכרלוז ממתי,,120.00,100 גרם,false,,26.90,0.2242,true,1,476974
7290017677804,false,"רוטב סויה קיקומן ללא חומרים משמרים 444 מ""ל",דיפלומט מפיצים (1968) בעמ**,,קיקומן רוטב סויה ללא,,444.00,"100 מ""ל",false,,21.90,0.0493,true,1,143278
7290017682099,false,מקל מטאטא טיטניוום,*** מ.א.ייצור ויבוא מטליות,,מקל טיטניום 1.3 מטר,יחידה,0.00,יחידה,false,,6.90,0.0000,true,1,199414
7290017682617,false,"מגב 40 ס""מ עם תפס להצמדה סחבה",מ.א.ייצור ויבוא מטליות בעמ,,מגב קלינג CLING עם ת,יחידה,0.00,יחידה,false,,15.90,0.0000,true,1,202012
7290017812380,false,תירוש מיץ ענבים אדום,,,תירוש מיץ ענבים אדום,,750.00,יח',false,,12.90,0.0172,true,1,159752
7290017812571,false,מיץ ענבים תירוש אדום 100% טבעי כרמל 1 ליטר,אגודת הכורמים -כרמל מזרחי,,תירוש מיץ ענבים אדום,ליטרים,1.00,ליטר,false,,21.90,21.9000,true,1,211257
7290017812588,false,מיץ ענבים תירוש לבן 100% טבעי כרמל 1 ליטר,אגודת הכורמים -כרמל מזרחי,,תירוש מיץ ענבים לבן,ליטרים,1.00,ליטר,false,,21.90,21.9000,true,1,211272
7290017888026,false,"משקה אננס תפוח גזר פרות & ווג 350 מ""ל",יפאורה שותפות מוגבלת לשיווק,,פרוט & וג' אננס תפוח,,330.00,"100 מ""ל",false,,8.60,0.0261,true,1,140819
7290017888033,false,"משקה בננה מלון נענע פרות &ווג 350 מ""ל",יפאורה שותפות מוגבלת לשיווק,,פרוט & וג' בננה מלון,,330.00,"100 מ""ל",false,,8.60,0.0261,true,1,140820
7290017888644,false,"משקה אננס בננה כורכום פרות & ווג 350 מ""ל",יפאורה שותפות מוגבלת לשיווק,,פרוט & וג' אננס בננה,,330.00,100 גרם,false,,8.60,0.0261,true,1,218258
7290017888729,false,שוופס סודה בקבוק 1 ל',יפאורה שותפות מוגבלת לשיווק,,שוופס סודה 1 ליטר,ליטרים,1.00,ליטר,false,,4.90,4.9000,true,1,228345
7290017888972,false,בקבוק מי עדן פקק ספורט 1 ליטר,יפאורה שותפות מוגבלת לשיווק,,מי עדן פקק ספורט 1 ל,ליטרים,1.00,ליטר,false,,5.20,5.2000,true,1,233723
7290017894058,false,תערובת רב תכליתית ללא גלוטן,"אף סי, תבליני הגליל",,דגש - תערובת להכנת ל,,500.00,100 גרם,false,,17.90,0.0358,true,1,267118
7290017928043,false,מקלות גריסיני קראנץ' מלח מאיר בייגל 175 גרם,מאיר את בייגל,,גריסיני קראנץ' מלח מ,,175.00,100 גרם,false,,12.90,0.0737,true,1,206835
7290017928432,false,מקלות גריסיני קראנץ' פרג מאיר בייגל 175 גרם,מאיר את בייגל,,גריסיני קראנץ' פרג מ,,175.00,100 גרם,false,,12.90,0.0737,true,1,206843
7290017928821,false,מקלות גריסיני קלאסי מאיר בייגל 200 גרם,מאיר את בייגל,,מקלות גריסיני קלאסי,,200.00,100 גרם,false,,12.90,0.0645,true,1,206851
7290017941288,false,נר נשמה 24 שעות,,,נר נשמה 24 שעות,יחידה,0.00,יחידה,false,,2.50,0.0000,true,1,319519
7290017941370,false,להבונים 50 יח' 3 שעו,,,להבונים 50 יח' 3 שעו,יחידה,0.00,יחידה,false,,10.90,0.0000,true,1,319537
7290017941455,false,כוסות 9oz לשתיה חמה,,,כוסות 9oz לשתיה חמה,יחידה,0.00,יחידה,false,,14.90,0.0000,true,1,299193
7290017941615,false,רדיד אלומניום כוכבים,,,רדיד אלומניום כוכבים,,60.00,מטר,false,,28.90,0.4817,true,1,291897
7290017941820,false,כוסות שתיה קרה כחול,,,כוסות שתיה קרה כחול,יחידה,0.00,יחידה,false,,14.90,0.0000,true,1,281431
7290017941905,false,קיסמים במלחיה 300 יח,,,קיסמים במלחיה 300 יח,יחידה,0.00,יחידה,false,,3.90,0.0000,true,1,289158
7290017941943,false,שיפודי במבוק עובי 3,,,שיפודי במבוק עובי 3,יחידה,0.00,יחידה,false,,3.50,0.0000,true,1,289160
7290017946368,false,שלישיית כדוריות סבון לאסלה אוקיינוס סוד 50 גרם,גורי שיווק בעמ,,סוד כדוריות לאסלה P.,,150.00,100 גרם,false,,19.90,0.1327,true,1,277050
7290017947105,false,לחם אנג'ל בסגנון אמריקה 500 גרם,מאפיית שלמה א. אנג'\ל בע,,לחם בסגנון אמריקה אנ,,500.00,100 גרם,false,,15.90,0.0318,true,1,208577
7290017947495,false,לחמניות כוסמין 6 יח(450 גר`)אנג`ל,מאפיית שלמה א.אנג'\ל,,6 לחמניות כוסמין אנג,,450.00,100 גרם,false,,15.90,0.0353,true,1,270136
7290017947891,false,לחם אנג'ל כוסמין וחיטה מלאה 750 גרם,מאפיית שלמה א. אנג'\ל בע,,לחם כוסמין וחיטה מלא,,750.00,100 גרם,false,,15.90,0.0212,true,1,207469
7290017947921,true,מארז לחמניות המבורגר,,,מארז לחמניות המבורגר,,450.00,100 גרם,false,,15.90,0.0353,true,1,230277
7290017947938,false,מיני לחמניות המבורגר בסגנון אמריקה 400 ג' אנג'ל,מאפיית שלמה א. אנג'\ל בע,,8 לחמניות המבורגר בס,,4000.00,100 גרם,false,,14.90,0.0037,true,1,270632
7290018043844,false,חטיף חלבון בוטנים קרמל קראנץ 60 ג' פראוד,דיפלומט מפיצים (1968) בעמ**,,חטיף חלבון בטעם בוטנ,,60.00,100 גרם,false,,13.90,0.2317,true,1,416585
7290018091029,false,מקלות פילו תפוחי אדמה מעדנות 450 ג',תנובה ענף ב.ע.ד,,מקלות פילו תפוח אדמה,,450.00,100 גרם,false,,21.90,0.0487,true,1,240268
7290018091616,false,מקלות פילו גבינה מעדנות 450 גרם,מיוצר עי קונדיטוריית,,מקלות פילו גבינה 450,,450.00,100 גרם,false,,21.90,0.0487,true,1,240254
7290018098578,false,המבורגר טבעוני ביף פ,גורי מוצרי צריכה (1991) בעמ,,המבורגר 230 גרם BEEF,,230.00,100 גרם,false,,23.90,0.1039,true,1,446307
7290018131954,false,מאגדת לה פרוטה תות שוקולד נסטלה 350 גרם,נגה גלידות שותפות מוגבלת,,לה פרוטה מאגדת בטעם,,350.00,100 גרם,false,,32.90,0.0940,true,1,285914
7290018165447,false,רזרב גולד מרלו ( 750 מל) יקבי ברקן,יקבי ברקן שיווק והפצה בע,,יין רזרב גולד מרלו 7,,750.00,"100 מ""ל",false,,54.90,0.0732,true,1,275460
7290018237373,false,עוף טוב פסטרמה צרובה על הגריל נתח שלם 8*300 גרם,קבוצת אוסם סחר-שות.מוגבלת,,פסטרמה צרובה על הגרי,,300.00,100 גרם,false,,29.90,0.0997,true,1,318486
7290018249802,false,ממתיק סוויטאנגו צנצנת 280 גרם,י.איטליאנו אחזקות בעמ,,כמו סוכר באריזת צנצנ,קילוגרמים,280.00,"ק""ג",false,,28.90,0.1032,true,1,238072
7290018359495,false,תירס מהשדה בלי תוספת סוכר יכין 550 גרם,היינץ צפון אמריקה מק,,תירס מהשדה בלי תוספת,,550.00,100 גרם,false,,9.90,0.0180,true,1,259818
7290018359686,false,יכין חומוס גדול 550 גר A2,היינץ צפון אמריקה מק,,חומוס ענק יכין 550 ג,,550.00,100 גרם,false,,9.90,0.0180,true,1,336154
7290018359716,false,רוטב עגבניות פיצה טוסקנה 240 גרם יכין,"זנלכל בע""\מ",,רוטב פיצה טוסקנה יכי,,240.00,100 גרם,false,,6.90,0.0288,true,1,294631
7290018359853,false,עדשים שחורות יכין 400 גרם,"זנלכל בע""מ",,עדשים שחורות יכין 40,,400.00,100 גרם,false,,8.90,0.0223,true,1,336139
7290018359884,false,פולפה עגבניות ליקופן טבעית 2*400 יכין,זנלכול יכין,,פולפה ליקופן טבעית י,,800.00,100 גרם,false,,17.90,0.0224,true,1,386089
7290018440223,false,תה צ'אי מסאלה 25 שקיקים ויסוצקי,תה ויסוצקי (ישראל) בעמ,,חווית הצ'אי- מסאלה ע,,50.00,100 גרם,false,,23.90,0.4780,true,1,356912
7290018440254,false,תה צ'אי קרמל מלוח 25 שקיקים ויסוצקי,תה ויסוצקי (ישראל) בעמ,,חווית הצ'אי- קרמל מל,,50.00,100 גרם,false,,23.90,0.4780,true,1,356929
7290018440407,false,תה ירוק מאטה קקאו לוז ויסוצקי 25 יחידות,תה ויסוצקי (ישראל) בעמ,,תה ירוק מאטה בטעם קק,,37.50,100 גרם,false,,25.90,0.6907,true,1,361089
7290018440438,false,Calvo טונה בשמן זית פתיחה קלה 3 * 65 גרם,תה ויסוצקי (ישראל) בעמ,,טונה easy flip בשמן,,195.00,100 גרם,false,,26.90,0.1379,true,1,455411
7290018440445,false,טונה קאלוו בשמן זית 160 גר,תה ויסוצקי (ישראל) בעמ,,נתחי טונה בהירה בשמן,,160.00,100 גרם,false,,17.90,0.1119,true,1,443898
7290018440513,false,סלט קליפורנייה קאלוו עם טונה 150 גר,תה ויסוצקי (ישראל) בעמ,,סלט טונה עם ירקות בס,,150.00,100 גרם,false,,15.90,0.1060,true,1,455352
7290018441626,false,גלידת פיינטים מנטה עוגיות 430 ג' בן וג'ירי,מוצרי איכות אמריקאיים בעמ,,גלידת שמנת בטעם מנטה,,430.00,100 גרם,false,,21.90,0.0509,true,1,389274
7290018468401,false,פסטרמה צמחונית בטעם גריל 100 גר טירת צבי,תנובה מרכז שיתופי לשיווק תוצרת,,פסטרמה צמחונית בטעם,,120.00,100 גרם,false,,16.90,0.1408,true,1,476411
7290018468425,false,נקניק טבעוני בטעם פיקנטי 100 גרם טירת צבי,תנובה מרכז שיתופי לשיווק תוצרת,,נקניק טבעוני בטעם מע,,100.00,100 גרם,false,,16.90,0.1690,true,1,476413
7290018471180,false,משקה פרוט& ווג' אננס תפוח גזר 1 ליטר,יפאורה שותפות מוגבלת לשיווק,,פרוט ווג אננס תפוח ו,ליטרים,1.00,ליטר,false,,14.10,14.1000,true,1,290980
7290018471197,false,פרוט אנד ווג` תפוח בננה מלון נענע 1 ליטר,יפאורה שותפות מוגבלת לשיווק,,פרוט ווג תפוח בננה מ,ליטרים,1.00,ליטר,false,,14.10,14.1000,true,1,290981
7290018471470,false,תפוזינה נקטר תפוז פסיפלורה קרטונית 1 ליטר,יפאורה שותפות מוגבלת לשיווק,,נקטר תפוזינה ENJOY ב,ליטרים,1.00,ליטר,false,,7.90,7.9000,true,1,302668
7290018471906,false,שוופס מוגז פירות לימונדה ורודה 1.5 ליטר פיקדון,יפאורה - שותפות מוגבלת לשיווק,,שוופס מוגז לימונדה ו,ליטרים,1.50,ליטר,false,,9.50,6.3333,true,1,360492
7290018471913,false,משקה מוגז פירות תפוחים שוופס 1.5 ליטר,יפאורה - שותפות מוגבלת לשיווק,,שוופס פרוטס תפוחים 1,ליטרים,1.50,ליטר,false,,9.50,6.3333,true,1,360507
7290018471944,false,שוופס מוגז פירות לימונייד 1.5 ליטר פיקדון,יפאורה - שותפות מוגבלת לשיווק,,שוופס מוגז למונייד 1,ליטרים,1.50,ליטר,false,,9.50,6.3333,true,1,360510
7290018500361,false,"לחם שחור פרוס 900 גרם ""אנג'ל"" -מוצר בפיקוח",מאפיית שלמה א. אנג'\ל בע,,לחם אחיד פרוס מאפיית,,900.00,100 גרם,false,,8.50,0.0094,true,1,450987
7290018500385,true,חלה רגילה אנגל 650 ג,,,חלה רגילה אנגל 650 ג,,650.00,100 גרם,false,,6.50,0.0100,true,1,477087
7290018500392,true,חלה קלועה אנגל 650 ג,,,חלה קלועה אנגל 650 ג,,650.00,100 גרם,false,,6.50,0.0100,true,1,477088
7290018540329,false,שקית פיתה פיתה בלדי 800 ג' אנג'ל,מאפיית שלמה א. אנג'\ל בע,,פיתה פיתה אנגל 880 ג,,10.00,"100 מ""ל",false,,13.90,1.3900,true,1,285233
7290018626085,false,לפתניות 4.5 שקוף 50,,,לפתניות 4.5 שקוף 50,יחידה,0.00,יחידה,false,,9.90,0.0000,true,1,291910
7290018626481,false,"כוסות בירה 330 מ""ל",,,"כוסות בירה 330 מ""ל",יחידה,0.00,יחידה,false,,10.90,0.0000,true,1,291250
7290018626535,false,שקיות נייר לכריכים 5,,,שקיות נייר לכריכים 5,יחידה,0.00,יחידה,false,,8.90,0.0000,true,1,297276
7290018626542,false,שקיות אשפה לפחים גדו,,,שקיות אשפה לפחים גדו,יחידה,0.00,יחידה,false,,13.90,0.0000,true,1,306605
7290018652886,false,שלגונים בשומן צמחי בטעמי שוקו ובננה מצופים צימקאו,נגה גלידות שותפות מוגבלת,,מאגדת שוקו בננה 8 יח,,476.00,100 גרם,false,,30.90,0.0649,true,1,401485
7290018652909,false,מאגדת מאגנום קפה שוקולד ופקאן 5 *43 ג' נסטלה,נגה גלידות שותפות מוגבלת,,מאגדת שלגונים אספרסו,,225.00,100 גרם,false,,29.90,0.1329,true,1,432981
7290018652923,false,פרוייקט סער-תות עוגת גבינה נסטלה 5*43 גרם,נגה גלידות שותפות מוגבלת,,מאגדת מסקרפונה תות *,,225.00,100 גרם,false,,29.90,0.1329,true,1,433011
7290018773316,false,בזיליקום 100 גרם,,,בזיליקום 100 גרם,,100.00,100 גרם,false,,9.90,0.0990,true,1,358881
7290018886137,false,מפיות תלת שכבתיות 20,,,מפיות תלת שכבתיות 20,יחידה,0.00,יחידה,false,,5.90,0.0000,true,1,343291
7290018886212,false,מזלגות עבות 50 יח',,,מזלגות עבות 50 יח',יחידה,0.00,יחידה,false,,10.90,0.0000,true,1,325401
7290018893456,false,צ'וקטה עוגות אישיות במילוי קרם ובציפוי בטעם שוקולד 300 גרם,"פרדי קונדיטוריה אס,פי.אי",,צ'וקטה עוגות אישיות,יחידה,300.00,יחידה,false,,14.90,0.0497,true,1,330105
7290018893906,false,עוגיות סנדוויץ' במילוי קרם בטעם וניל,ש.שסטוביץ בעמ,,צ'וקטה עוגיות סנדביץ,,250.00,100 גרם,false,,7.60,0.0304,true,1,427870
7290018894606,false,בלקוני וופל קקאו 175 גרם חלבי OU,ש. שסטוביץ בע`מ,,וופל במילוי קרם קקאו,,175.00,100 גרם,false,,8.90,0.0509,true,1,432304
7290018894804,false,וופלים במילוי קרם אגוזי לוז - חלבי,ש. שסטוביץ בע`מ,,וופל במילוי קרם אגוז,,175.00,100 גרם,false,,8.90,0.0509,true,1,432305
7290018925065,false,מיץ תפוזים סחוט פרימור (2 ליטר),שטראוס גרופ בעמ/מצונן,,פרימור מיץ תפוזים סח,ליטרים,2.00,ליטר,false,,27.90,13.9500,true,1,368069
7290018929032,false,שייני 150 שקיות סנדו,,,150 שקיות סנדוויץ' H,,450.00,100 יח',false,,10.90,0.0242,true,1,465105
7290018989005,false,שלישיית פולפה עגבניות טבעי יכין 400X3 גרם,זנלכול יכין,,פולפה טבעית יכין 3*,קילוגרמים,1.20,"ק""ג",false,,17.90,14.9167,true,1,386104
7290018989081,false,יכין חומוס הבית להכנת חומוס טרי 410 גי,זנלכל בעמ,,חומוס הבית יכין 400,,400.00,100 גרם,false,,9.90,0.0248,true,1,448072
7290019031000,false,WIZ מארז חמישיית ניי,,,WIZ מארז חמישיית ניי,יחידה,0.00,יחידה,false,,11.90,0.0000,true,1,379660
7290019031062,false,תבנית R-2 מלבנית 7 י,,,תבנית R-2 מלבנית 7 י,יחידה,0.00,יחידה,false,,9.90,0.0000,true,1,405486
7290019031079,false,תבנית R-29 מרובעת קט,,,תבנית R-29 מרובעת קט,יחידה,0.00,יחידה,false,,9.90,0.0000,true,1,405487
7290019031093,false,תבנית R-64 בינונית 7,,,תבנית R-64 בינונית 7,יחידה,0.00,יחידה,false,,9.90,0.0000,true,1,405489
7290019031109,false,תבנית R-88 אינגליש 1,,,תבנית R-88 אינגליש 1,יחידה,0.00,יחידה,false,,9.90,0.0000,true,1,405490
7290019031192,false,כפפות לטקס 100 יח' L,,,כפפות לטקס 100 יח' L,יחידה,0.00,יחידה,false,,34.90,0.0000,true,1,395153
7290019031215,false,כוסות 10OZ לשתייה חמ,,,כוסות 10OZ לשתייה חמ,יחידה,0.00,יחידה,false,,10.90,0.0000,true,1,412124
7290019031222,false,כוסות 12OZ לשתייה חמ,,,כוסות 12OZ לשתייה חמ,יחידה,0.00,יחידה,false,,12.90,0.0000,true,1,412155
7290019031314,false,קערות אובליות לבנות,,,קערות אובליות לבנות,יחידה,0.00,יחידה,false,,7.90,0.0000,true,1,399834
7290019031338,false,WIZ צלחות קטנות לבנות 25 יח',,,"צלחות קטנות 7"" לבנות",יחידה,0.00,יחידה,false,,9.90,0.0000,true,1,399836
7290019031345,false,צלחות גדולות 9 לבן 2,,,צלחות גדולות 9 לבן 2,יחידה,0.00,יחידה,false,,13.90,0.0000,true,1,383508
7290019031659,false,WIZ צלחות גדולות  שק,,,WIZ צלחות גדולות  שק,יחידה,0.00,יחידה,false,,15.90,0.0000,true,1,463234
7290019031666,false,WIZ צלחות קטנות שקופ,,,WIZ צלחות קטנות שקופ,יחידה,0.00,יחידה,false,,10.90,0.0000,true,1,463235
7290019056041,false,שוופס מוגז פירות לימונייד ללא סוכר 1.5 ליטר פיקדון,יפאורה - שותפות מוגבלת לשיווק,,שוופס מוגז פירות ללא,ליטרים,1.50,ליטר,false,,8.90,5.9333,true,1,360542
7290019056058,false,שוופס מוגז עדין תפוח ליים 1.5 ליטר פיקדון,יפאורה - שותפות מוגבלת לשיווק,,שוופס מוגז עדין תפוח,ליטרים,1.50,ליטר,false,,8.90,5.9333,true,1,360164
7290019056065,false,שוופס מוגז עדין פירות יער 1.5 ליטר פיקדון,יפאורה - שותפות מוגבלת לשיווק,,שוופס מוגז עדין פירו,ליטרים,1.50,ליטר,false,,8.90,5.9333,true,1,360165
7290019056072,false,שוופס מוגז עדין אננס 1.5 ליטר פיקדון,יפאורה - שותפות מוגבלת לשיווק,,שוופס מוגז עדין אננס,ליטרים,1.50,ליטר,false,,8.90,5.9333,true,1,360181
7290019056096,false,שוופס מוגז עדין אפרסק 1.5 ליטר פיקדון,יפאורה - שותפות מוגבלת לשיווק,,שוופס מוגז עדין אפרס,ליטרים,1.50,ליטר,false,,8.90,5.9333,true,1,360199
7290019056119,false,שוופס סודה 1.5 ליטר פיקדון,יפאורה שותפות מוגבלת לשיווק,,שוופס סודה 1.5ליטר,ליטרים,1.50,ליטר,false,,4.40,2.9333,true,1,360035
7290019056164,false,שוופס סודה 1.5 ליטר רביעייה פיקדון,יפאורה - שותפות מוגבלת לשיווק,,שוופס סודה 4*1.5ליטר,ליטרים,6.00,ליטר,false,,13.10,2.1833,true,1,360050
7290019056171,false,שוופס סודה לימון 1.5 ליטר רביעייה פיקדון,יפאורה - שותפות מוגבלת לשיווק,,שוופס סודה לימון 4*1,ליטרים,6.00,ליטר,false,,13.10,2.1833,true,1,360067
7290019056188,false,שוופס סודה נענע ליים 1.5 ליטר רביעייה פיקדון,יפאורה - שותפות מוגבלת לשיווק,,שוופס סודה נענע ליים,ליטרים,6.00,ליטר,false,,13.10,2.1833,true,1,360082
7290019056263,false,שוופס מים בטעמים אפרסק 1.5 ליטר פיקדון,יפאורה - שותפות מוגבלת לשיווק,,שוופס וואטר אפרסק 1.,ליטרים,1.50,ליטר,false,,9.00,6.0000,true,1,359975
7290019056300,false,משקה בטעם ביטר לימון 1.5 ל' שוויפס,יפאורה - שותפות מוגבלת לשיווק,,שוופס ביטר לימון 1.5,ליטרים,1.50,ליטר,false,,12.70,8.4667,true,1,360589
7290019056317,false,שוופס ראשן 1.5 ליטר פיקדון,יפאורה - שותפות מוגבלת לשיווק,,שוופס ראשן 1.5 ליטר,ליטרים,1.50,ליטר,false,,12.70,8.4667,true,1,360590
7290019056324,false,שוופס טוניק 1.5 ליטר פיקדון,יפאורה - שותפות מוגבלת לשיווק,,שוופס מי טוניק 1.5 ל,ליטרים,1.50,ליטר,false,,12.70,8.4667,true,1,360591
7290019056331,false,שוופס טוניק ללא סוכר 1.5 ליטר פיקדון,יפאורה - שותפות מוגבלת לשיווק,,שוופס טוניק ללא סוכר,ליטרים,1.50,ליטר,false,,11.90,7.9333,true,1,360592
7290019056362,false,תפוזינה משקה קל ענבים 1.5 ליטר,יפאורה - שותפות מוגבלת לשיווק,,תפוזינה ענבים 1.5 לי,ליטרים,1.50,ליטר,false,,9.30,6.2000,true,1,359575
7290019056393,false,משקה קל תפוזינה 1.5 ליטר תות בננה,יפאורה - שותפות מוגבלת לשיווק,,תפוזינה תות בננה 1.5,ליטרים,1.50,ליטר,false,,9.30,6.2000,true,1,359674
7290019056430,false,משקה קל תפוזינה 1.5 ליטר תפוזים לייט,יפאורה - שותפות מוגבלת לשיווק,,תפוזינה תפוז 1.5 ליט,ליטרים,1.50,ליטר,false,,8.90,5.9333,true,1,359749
7290019056447,false,משקה קל תפוזינה 1.5 ליטר אשכוליות לייט,יפאורה - שותפות מוגבלת לשיווק,,תפוזינה אשכוליות 1.5,ליטרים,1.50,ליטר,false,,8.90,5.9333,true,1,359778
7290019056515,false,פרוט ווטר אננס 1.5 ליטר פיקדון,יפאורה - שותפות מוגבלת לשיווק,,פרוט ווטר אננס 1.5 ל,ליטרים,1.50,ליטר,false,,9.30,6.2000,true,1,359899
7290019056546,false,פרוט ווטר אבטיח 1.5 ליטר פיקדון,יפאורה - שותפות מוגבלת לשיווק,,פרוט ווטר אבטיח 1.5,ליטרים,1.50,ליטר,false,,9.30,6.2000,true,1,359930
7290019056553,false,שישיית מים מינרלים עין גדי 2 ליטר,יפאורה - שותפות מוגבלת לשיווק,,עין גדי מים מינרלים,ליטרים,12.00,ליטר,false,,13.80,1.1500,true,1,360808
7290019056560,false,עין גדי מים מינרלים בקבוק 2 ליטר,יפאורה שותפות מוגבלת לשיווק,,עין גדי מים מינרלים,ליטרים,2.00,ליטר,false,,3.80,1.9000,true,1,360809
7290019056577,false,ספרינג קל מנגו 1.5 ליטר פיקדון,יפאורה - שותפות מוגבלת לשיווק,,ספרינג מנגו 1.5 ליטר,ליטרים,1.50,ליטר,false,,9.20,6.1333,true,1,359303
7290019056591,false,משקה קל ענבים ספרינג 1.5 ליטר,יפאורה - שותפות מוגבלת לשיווק,,ספרינג ענבים 1.5 ליט,ליטרים,1.50,ליטר,false,,9.20,6.1333,true,1,359337
7290019056621,false,משקה קל פירות טרופיים ספרינג 1.5 ליטר,יפאורה - שותפות מוגבלת לשיווק,,ספרינג פירות טרופיים,ליטרים,1.50,ליטר,false,,9.20,6.1333,true,1,359382
7290019056638,false,משקה קל תות בננה ספרינג 1.5 ליטר,יפאורה - שותפות מוגבלת לשיווק,,ספרינג תות בננה 1.5,ליטרים,1.50,ליטר,false,,9.20,6.1333,true,1,359383
7290019056645,false,משקה קל ספרינג 1.5 ליטר אגס תפוח סברס,יפאורה - שותפות מוגבלת לשיווק,,ספרינג אגס סברס תפוח,ליטרים,1.50,ליטר,false,,9.20,6.1333,true,1,359400
7290019056669,false,משקה קל תפוחים דיאט ספרינג 1.5 ליטר,יפאורה - שותפות מוגבלת לשיווק,,ספרינג תפוחים דיאט 1,ליטרים,1.50,ליטר,false,,8.60,5.7333,true,1,359461
7290019056676,false,משקה קל אשכולית אננס דיאט ספרינג 1.5 ליטר,יפאורה - שותפות מוגבלת לשיווק,,ספרינג דיאט אשכוליות,ליטרים,1.50,ליטר,false,,8.60,5.7333,true,1,372138
7290019056959,false,מי עדן בקבוק מתכווץ שקט 1.5 מ``ל,יפאורה - שותפות מוגבלת לשיווק,,מי עדן 1.5 ליטר,ליטרים,1.50,ליטר,false,,5.20,3.4667,true,1,372139
7290019056973,false,מי עדן שישיה בק `1.5ליטר פיקדון,יפאורה - שותפות מוגבלת לשיווק,,מי עדן 6*1.5 ליטר,ליטרים,9.00,ליטר,false,,14.90,1.6556,true,1,360734
7290019153221,false,שוופס סודה בטעם אננס 0.5 ליטר,יפאורה שותפות מוגבלת לשיווק,,שוופס סודה אננס 500,,500.00,"100 מ""ל",false,,5.80,0.0116,true,1,429749
7290019153238,false,שוופס סודה בטעם תפוח 0.5 ליטר,יפאורה - שותפות מוגבלת לשיווק,,שוופס סודה תפוח 500,,500.00,"100 מ""ל",false,,5.80,0.0116,true,1,429750
7290019153245,false,שוופס סודה לימון מוגז עדין 0.50,יפאורה - שותפות מוגבלת לשיווק,,שוופס סודה לימון 500,,500.00,"100 מ""ל",false,,5.80,0.0116,true,1,429751
7290019153252,false,שוופס סודה תפוח 1.5 ליטר רביעייה פיקדון,יפאורה - שותפות מוגבלת לשיווק,,שוופס סודה תפוח 4*1.,ליטרים,6.00,ליטר,false,,13.10,2.1833,true,1,429752
7290019153269,false,שוופס סודה אננס 1.5 ליטר רביעייה פיקדון,יפאורה - שותפות מוגבלת לשיווק,,שוופס סודה אננס 4*1.,ליטרים,6.00,ליטר,false,,13.10,2.1833,true,1,429753
7290019153313,false,"משקהתפוח חמוציות אוכמניות 350 מ""ל פרות & ווג",יפאורה - שותפות מוגבלת לשיווק,,פרוט & וג' תפוח חמוצ,,330.00,"100 מ""ל",false,,8.60,0.0261,true,1,444931
7290019153351,false,משקה קל תפוזינה 1.5 ליטר פינק אוזו,יפאורה - שותפות מוגבלת לשיווק,,תפוזינה פינק אוזו 1.,ליטרים,1.50,ליטר,false,,9.30,6.2000,true,1,438705
7290019245001,false,שמן קנולה אלומות 1 ל,סקנולה,,שמן קנולה אלומות 1 ל,ליטרים,1.00,ליטר,false,,10.90,10.9000,true,1,424399
7290019308058,false,שעועית ירוקה חתוכה 800 גרם,,,שעועית ירוקה חתוכה 8,,800.00,100 גרם,false,,7.20,0.0090,true,1,457829
7290100240137,false,"תרסיס ריחני למייבש כחול בדין 500 מ""ל",יוניליוור ישראל שיווק בע`מ,,בדין תרסיס למייבש כב,,500.00,"100 מ""ל",false,,19.90,0.0398,true,1,11483
7290100240632,false,קרקר פתית 200-300ג' 6 דגנים 250 גרם,יוניליוור ישראל שיווק בע`מ,,פתית 6 דגנים תלמה 25,,250.00,100 גרם,false,,18.70,0.0748,true,1,11486
7290100240656,false,"פתית שיפון בד""צ חדש 300X24 גר'",יוניליוור ישראל שיווק בע`מ,,פתית שיפון תלמה 300,,300.00,100 גרם,false,,18.70,0.0623,true,1,67296
7290100243671,false,"מרכך כביסה מרוכז אקסטרה כחול בדין 960 מ""ל",יוניליוור ישראל שיווק בע`מ,,בדין אקסטרא כחול-960,,960.00,"100 מ""ל",false,,17.90,0.0186,true,1,11501
7290100245231,false,נמס בכוס מרק בטעם עוף עם אטריות ושקדי מרק-2 שקיות,יוניליוור ישראל שיווק בע`מ,,נמס בכוס ועוד טעם עו,,50.00,100 גרם,false,,7.80,0.1560,true,1,11512
7290100570234,false,אביזרי מטבח,,,אביזרי מטבח,יחידה,0.00,יחידה,false,,13.00,0.0000,true,1,37801
7290100572702,false,אביזרי מטבח ב-11.00,,,אביזרי מטבח ב-11.00,יחידה,0.00,יחידה,false,,11.00,0.0000,true,1,37814
7290100573402,false,אביזרי מטבח,,,אביזרי מטבח,יחידה,0.00,יחידה,false,,15.00,0.0000,true,1,37817
7290100653463,false,"פלמוליב - ארומה ג'ל רחצה מסאז' 500 מ""ל",קולגייט-פלמוליב,,סבון נוזלי ספא מסאג',,500.00,"100 מ""ל",false,,16.90,0.0338,true,1,23587
7290100680667,false,מנה חמה נודלס בסגנון סצ`ואן אסם (76 גרם),קבוצת אוסם סחר שותפות מוגבלת,,מנה חמה נודלס ירקות,,76.00,100 גרם,false,,6.90,0.0908,true,1,68219
7290100680711,false,פירורית זהב אסם זהב 350ג',קבוצת אוסם סחר שותפות מוגבלת,,אסם פירורית זהב 350,,350.00,100 גרם,false,,9.50,0.0271,true,1,21430
7290100680728,false,פירורית רגילה שקית 350 גרם,קבוצת אוסם סחר שותפות מוגבלת,,פירורית רגילה שקית 3,,350.00,100 גרם,false,,8.10,0.0231,true,1,68220
7290100681015,false,אינסטנט פודינג בטעם ריבת חלב אסם 84 גרם,קבוצת אוסם סחר שותפות מוגבלת,,אסם פודינג אינסטנט ר,,84.00,100 גרם,false,,5.70,0.0679,true,1,21433
7290100684139,false,פסטה מיני מקרוני אסם (500 גרם),קבוצת אוסם סחר שותפות מוגבלת,,מיני מקרוני אסם 500,,500.00,100 גרם,false,,6.50,0.0130,true,1,21449
7290100685334,false,אבקת מרק עוף אמיתי בשרי רכיבים טבעיים אסם 400 גרם,קבוצת אוסם סחר שותפות מוגבלת,,מרק עוף מרכיבים טבעי,,400.00,100 גרם,false,,25.60,0.0640,true,1,21459
7290100687109,false,במבה במילוי קרם נוגט 60ג' אסם,קבוצת אוסם סחר-שות.מוגבלת,,במבה במילוי קרם נוגט,,60.00,100 גרם,false,,4.90,0.0817,true,1,21472
7290100689301,false,אבקת מרק בטעם עוף זך עדיף אסם 400 גרם,קבוצת אוסם סחר שותפות מוגבלת,,מרק בטעם עוף זך אסם,,400.00,100 גרם,false,,16.90,0.0422,true,1,21479
7290100700020,false,גריסי פנינה סוגת (500 גרם),האי נאם סי או אל.טי.,,סוגת גריסי פנינה 500,,500.00,100 גרם,false,,6.80,0.0136,true,1,19436
7290100700273,false,קינואה לבנה 500 ג סו,האי נאם סי או אל.טי.,,קינואה סוגת 500 גרם,,500.00,100 גרם,false,,15.90,0.0318,true,1,19440
7290100700310,false,"סוגת כוסמת סוגת 1ק""ג","סוגת תעשיות בע""מ",,כוסמת 1 ק'ג,קילוגרמים,1.00,"ק""ג",false,,16.90,16.9000,true,1,19442
7290100700334,false,קינואה לבנה 1 קג סוג,"סוגת תעשיות בע""מ",,סוגת קינואה 1קג,קילוגרמים,1.00,"ק""ג",false,,21.90,21.9000,true,1,19444
7290100700372,false,"אורז בסגנון בסמטי מלא 1 ק""ג",האי נאם סי או אל.טי.,,אורז בסמטי מלא 1 ק'ג,קילוגרמים,1.00,"ק""ג",false,,14.90,14.9000,true,1,19446
7290100700389,false,"אורז אדום 1 ק""ג ""סוגת""","סוגת תעשיות בע""\מ",,אורז אדום 1 ק'ג,קילוגרמים,1.00,"ק""ג",false,,10.90,10.9000,true,1,19447
7290100700396,false,"סוגת אורז יסמין קלאסי 1 ק""ג",האי נאם סי או אל.טי.,,סוגת אורז יסמין קלאס,קילוגרמים,1.00,"ק""ג",false,,12.40,12.4000,true,1,19448
7290100700402,false,"סוגת חומוס ענק 1 ק""ג",סוגת תעשיות בעמ,,חומוס ענק 1 ק'ג,קילוגרמים,1.00,"ק""ג",false,,20.90,20.9000,true,1,77944
7290100700587,false,בורגול סוגת (500 גרם),האי נאם סי או אל.טי.,,סוגת בורגול 500 גר,,500.00,100 גרם,false,,6.80,0.0136,true,1,19453
7290100701157,false,אורז להכנת סושי סוגת (1 קג),"סוגת תעשיות בע""\מ",,אורז סושי 1 קג,קילוגרמים,1.00,"ק""ג",false,,13.90,13.9000,true,1,19456
7290100701300,false,קינואה אדומה סוגת (500 גרם),"סוגת תעשיות בע""\מ",,סוגת קינואה אדומה 50,,500.00,100 גרם,false,,15.90,0.0318,true,1,19457
7290100701454,false,בורגול דק גרישה סוגת (500 גרם),"סוגת תעשיות בע""\מ",,גרישה 500 גרם,,500.00,100 גרם,false,,6.80,0.0136,true,1,19465
7290100702611,false,פתיתים אפויים אורז סוגת 500 גרם,"אסיף תעשיות מזון בע""\מ",,פתיתים אפויים אורז ס,,500.00,100 גרם,false,,5.20,0.0104,true,1,67953
7290100702635,false,פתיתים אפויים כוכבים סוגת 500 גרם,"אסיף תעשיות מזון בע""",,פתיתים אפויים כוכבים,,500.00,100 גרם,false,,5.20,0.0104,true,1,19490
7290100702741,false,"סוכר חום בהיר בצנצנת סוגת 1 ק""ג",סוגת תעשיות בעמ,,סוכר חום בהיר בצנצנת,קילוגרמים,1.00,"ק""ג",false,,14.50,14.5000,true,1,19499
7290100702994,false,סוכר דמררה קלאסי בשקית סוגת 500 גרם,"סוגת תעשיות בע""מ",,סוכר דמררה בשקית סוג,,500.00,100 גרם,false,,6.90,0.0138,true,1,19517
7290100703007,false,עדשים שחורות בלוגה סוגת (500 גרם),האי נאם סי או אל.טי.,,סוגת עדשים שחורות בל,,500.00,100 גרם,false,,9.90,0.0198,true,1,19518
7290100703564,false,"פתיתי שיבולת שועל עבה 500 גרם ""סוגת""",סוגת תעשיות בעמ,,שיבולת שועל עבה סוגת,,500.00,100 גרם,false,,7.90,0.0158,true,1,118647
7290100704578,false,"קמח כוסמין לבן תופח סוגת 1 ק""ג","שטיבל בע""\מ - טחנת קמח",,קמח כוסמין לבן סוגת,קילוגרמים,1.00,"ק""ג",false,,15.90,15.9000,true,1,294673
7290100704608,false,שעועית לבנה עדינה סוגת (500 גרם),"סוגת תעשיות בע""\מ",,שעועית לבנה עדינה 50,,500.00,100 גרם,false,,7.90,0.0158,true,1,318847
7290100704622,false,סוכר דמררה דק דק בצנצנת סוגת 500 גרם,"סוגת תעשיות בע""\מ",,סוכר דמררה דק דק בצנ,,500.00,100 גרם,false,,8.90,0.0178,true,1,356751
7290100850909,false,חטיף תירס נאצ`ו מקסיקני דוריטוס (70 גרם),"שטראוס פריטו ליי בע""\מ",,דוריטוס נאצו מקסיקני,,70.00,100 גרם,false,,4.10,0.0586,true,1,25384
7290100850916,false,דוריטוס חמוץ חריף מעודן 70 גרם כשר לפסח,"שטראוס פריטו ליי בע""\מ )",,דוריטוס חמוץ חריף 70,,70.00,100 גרם,false,,4.10,0.0586,true,1,25385
7290100850923,false,חטיף תירס גריל דוריטוס (70 גרם),"שטראוס פריטו ליי בע""\מ )",,דוריטוס גריל 70 גרם,,70.00,100 גרם,false,,4.10,0.0586,true,1,25386
7290100850930,false,חטיף תירס בטעם טבעי דוריטוס (70 גרם),"שטראוס פריטו ליי בע""\מ )",,דוריטוס טבעי 70 גרם,,70.00,100 גרם,false,,4.10,0.0586,true,1,25387
7290100858592,false,אבקת קקאו עלית שקית 150 ג',הנסיך- מפעל לייצור ט,,עלית קקאו 150ג,,150.00,100 גרם,false,,10.20,0.0680,true,1,24210
7290100924457,false,שלישיית כדוריות סבון לאסלה לימון סוד 50 גרם,גורי שיווק בעמ,,סוד סבון 4 כדוריות ל,,150.00,100 גרם,false,,19.90,0.1327,true,1,38276
7290101112228,false,מאגדת פופסיקל גלידל פרי אננס 8 יח`,פלקו בעמ חברה ישראלית,,פופסיקל בטעם אננס 8,,640.00,100 גרם,false,,26.90,0.0420,true,1,39667
7290101112921,false,"גלידל פרי פירות טרופים לל""ס 8 יחידות",פלקו בעמ חברה ישראלית,,פופסיקל בטעם פירות ט,,640.00,100 גרם,false,,26.90,0.0420,true,1,137646
7290101113157,false,מאגדת גלידל וניל עוגיות פלדמן 6 יחידות,"פלקו בע""\מ, חברה ישראלית",,גלידל חלבי וניל עוגי,,672.00,100 גרם,false,,27.90,0.0415,true,1,144380
7290101113430,false,מאגדת גלידל סירופ שוקולד פלדמן 6 יחידות,"פלקו בע""\מ, חברה ישראלית",,מאגדת גלידל סירופ שו,,312.00,100 גרם,false,,27.90,0.0894,true,1,296357
7290101113584,false,מאגדת טילונים שוקולד לבן עם ליבת שוקולד יולו 5 יח',פלקו בעמ חברה ישראלית,,מאגדת טילון YOLO בט,,400.00,100 גרם,false,,27.90,0.0697,true,1,296574
7290101113591,false,מאגדת טילונים יולי 5 יחידות שוקולד לבן ועוגיות,פלקו בעמ חברה ישראלית,,מאגדת טילון YOLO בט,,400.00,100 גרם,false,,27.90,0.0697,true,1,296386
7290101113904,false,מארז מנבו וניל 12 יח' פלדמן,פלקו בעמ חברה ישראלית,,מנבו וניל 12 יח 288,,288.00,100 גרם,false,,24.90,0.0865,true,1,477880
7290101459880,false,נרות אותיות- יום הול,,,נרות אותיות- יום הול,יחידה,0.00,יחידה,false,,9.90,0.0000,true,1,35437
7290101551300,false,סילאן טבעי ללא תוספת סוכר בקבוק לחיץ,מכוורת יד מרדכי שטראוס ב,,סילאן טבעי לחיץ יד מ,,380.00,100 גרם,false,,15.90,0.0418,true,1,130595
7290101551539,false,יוגורט PRO בטעם אפרסק 0% 20 גרם חלבון בגביע,שטראוס גרופ בעמ/מצונן,,דנונה פרו 20 אפרסק 2,,200.00,100 גרם,false,,6.20,0.0310,true,1,133896
7290101551584,false,תפוצ'יפס קידס מארז 10 יח' * 20 ג',"שטראוס פריטו ליי בע""מ )פ",,מארז תפוצ'יפס קידס 1,,200.00,100 גרם,false,,15.90,0.0795,true,1,132595
7290101864127,false,ספריי להסרת כתמים וניש קליה (750 מל),רקיט בנקיזר (ניר איסט) בעמ,,קליה אוקסי ספריי 750,,750.00,"100 מ""ל",false,,18.90,0.0252,true,1,22913
7290101865261,false,נוזל הברקה למדיח כלים פיניש (800 מל),רקיט בנקיזר (ניר איסט) בעמ,,פיניש הברקה 800 מל,,800.00,"100 מ""ל",false,,20.90,0.0261,true,1,22924
7290101868958,false,פיניש נוזל הברקה למדיח בניחוח לימון,רקיט בנקיזר (ניר איסט) בעמ,,פיניש נוזל הברקה לימ,,800.00,"100 מ""ל",false,,20.90,0.0261,true,1,22977
7290101869719,false,ג'ל מרוכז למדיח פיניש all in one max בניחוח לימון,רקיט בנקיזר (ניר איסט) בעמ,,פיניש ג'ל לימון 600,יחידה,0.00,יחידה,false,,36.90,0.0000,true,1,22990
7290101869733,false,פיניש ג'ל למדיח כלים בניחוח לימון 1 ליטר ALL IN 1,רקיט בנקיזר (ניר איסט) בעמ,,ג'ל 1 ליטר לימון AIO,ליטרים,1.00,ליטר,false,,44.90,44.9000,true,1,107398
7290102030330,false,תפוצ`יפס אקסטרא מקסיקני 200 גרם +20 תו,"שטראוס פריטו ליי בע""\מ )",,תפוצ'יפס קראנץ מקסיק,,200.00,100 גרם,false,,10.90,0.0545,true,1,25395
7290102031276,false,מארז 8 יחידות אקטימל משקה יוגורט בטעם תות בננה,שטראוס גרופ בעמ/מצונן,,אקטימל תות בננה 8*10,,800.00,"100 מ""ל",false,,22.70,0.0284,true,1,24905
7290102300815,false,"גבינת צ'דר אנגלית כתומה פרוס, 200 גרם",א. סיימן סחר בעמ,,גבינת צ'דר אנגלית כת,,200.00,100 גרם,false,,25.90,0.1295,true,1,18717
7290102300822,false,גבינת צ`דר אנגלית כתומה 200 גרם,דאולי צ'יסמייקרס,,סיימן גבינת צדר אנגל,,200.00,100 גרם,false,,28.90,0.1445,true,1,18718
7290102303878,false,חמאת אלוויר נורמנדי 200 גרם,א.סיימן סחר בעמ,,חמאת נורמנדי 200 גרם,,200.00,100 גרם,false,,19.00,0.0950,true,1,425393
7290102390427,false,יוגורט ביו עם קציפת תות 3% שומן 150 ג' מולר,החברה המרכזית טלהפצת משקאות בע,,מולר פרופ תות 3% 150,,150.00,100 גרם,false,,5.20,0.0347,true,1,7241
7290102390465,false,יוגורט ביו עם קציפת אפרסק ופסיפלורה 3% שומן 150 ג' מולר,החברה המרכזית טלהפצת משקאות בע,,מולר פרופ אפרסק פסיפ,,150.00,100 גרם,false,,5.20,0.0347,true,1,7242
7290102390489,false,יוגורט ביו עם קציפת לימון 3% שומן 150 ג' מולר,החברה המרכזית טלהפצת משקאות בע,,מולר פרופ לימון 3% 1,,150.00,100 גרם,false,,5.20,0.0347,true,1,7244
7290102391844,false,יוגורט ביו עם קציפת פירות יער3% שומן 150 ג' מולר,החברה המרכזית טלהפצת משקאות בע,,מולר פרופ לבן+קציפת,,150.00,100 גרם,false,,5.20,0.0347,true,1,7262
7290102392049,false,גבינה לאפיה תבור ללא תוספת מלח 5% משק צוריאל 500 גרם,החברה המרכזית טלהפצת משקאות בע,,צוריאל תבור 5% 500ג,,500.00,100 גרם,false,,26.80,0.0536,true,1,7266
7290102392094,false,חלב עיזים 3.7% בקרטון משק צוריאל 1 ליטר,החברה המרכזית טלהפצת משקאות בע,,צוריאל חלב עיזים 1ל,ליטרים,1.00,ליטר,false,,16.60,16.6000,true,1,7270
7290102393169,false,"יוגורט סימפלי פרוט בטעם תות 3% מולר 150 מ""ל",*החברה המרכזית להפצת משקאותבעמ,,מולר סימפלי פרוט תות,,150.00,100 גרם,false,,5.00,0.0333,true,1,7307
7290102393176,false,סימפלי פרוט יוגורט אפרסק 3% שומן 150 ג' מולר,*החברה המרכזית להפצת משקאותבעמ,,מולר סימפלי פרוט אפר,,150.00,100 גרם,false,,5.00,0.0333,true,1,7308
7290102393190,false,"יוגורט סימפלי פרוט בטעם פירות יער 3% מולר 150 מ""ל",*החברה המרכזית להפצת משקאותבעמ,,מולר סימפלי פרוט פיר,,150.00,100 גרם,false,,5.00,0.0333,true,1,7310
7290102393268,false,"גבינה לבנה 5% שומן, רכיבים טבעיים 750 גרם",*החברה המרכזית להפצת משקאותבעמ,,טרה גבינה לבנה אריזת,,750.00,100 גרם,false,,14.90,0.0199,true,1,7311
7290102393299,false,יוגורט עיזים לשתייה 3% משק צוריאל 500 גרם,*החברה המרכזית להפצת משקאותבעמ,,צוריאל יוגורט עיזים,,500.00,יח',false,,12.90,0.0258,true,1,7312
7290102394258,false,גליל גבינת עיזים מה עז 9% משק צוריאל 180 גרם,*החברה המרכזית להפצת משקאותבעמ,,צוריאל מה עז 9% 180ג,,180.00,100 גרם,false,,23.90,0.1328,true,1,7335
7290102394463,false,נעם גבינה צהובה פרוסה ואקום 28% טרה 500 גרם,החברה המרכזית טלהפצת משקאות בע,,נעם גבינה צהובה וואק,,500.00,100 גרם,false,,28.00,0.0560,true,1,7344
7290102394821,false,גבינה צהובה 28% דק דק לפתיחה חוזרת 200,החברה המרכזית טלהפצת משקאות בע,,נעם גבינה צהובה דק ד,,200.00,100 גרם,false,,16.40,0.0820,true,1,7350
7290102394845,false,נעם גבינה צהובה לייט פרוסה דק דק 9% טרה 200 גרם,החברה המרכזית טלהפצת משקאות בע,,נעם גבינה צהובה דק ד,,200.00,100 גרם,false,,17.00,0.0850,true,1,7351
7290102395101,false,ממרח גבינה ושוקולד מוו טרה 200 גרם,החברה המרכזית טלהפצת משקאות בע,,מוו ממרח גבינה ושוקו,,200.00,100 גרם,false,,11.40,0.0570,true,1,7358
7290102395224,false,שמיניית יוגורט ביו ביאנקו 1.7% מולר 150 גרם,החברה המרכזית טלהפצת משקאות בע,,מולר נטורל 1.7% 8*15,קילוגרמים,1.20,"ק""ג",false,,18.50,15.4167,true,1,7363
7290102395231,false,שמיניית יוגורט ביו ביאנקו 2.8% מולר 150 גרם,*החברה המרכזית להפצת משקאותבעמ,,מולר נטורל 2.8% 8*15,קילוגרמים,1.20,"ק""ג",false,,18.50,15.4167,true,1,7364
7290102395378,false,נעם גבינה צהובה פרוסה ואקום 28% טרה 360 גרם,*החברה המרכזית להפצת משקאותבעמ,,נעם גבינה צהובה ואקו,,360.00,100 גרם,false,,20.60,0.0572,true,1,7367
7290102395446,false,מעדן חלב בטעם וניל עם קצפת 123 ג' טרה,*החברה המרכזית להפצת משקאותבעמ,,מוו וניל קצפת 123מל,,123.00,"100 מ""ל",false,,3.00,0.0244,true,1,7373
7290102395477,false,מעדן חלב בטעם שוקולד עם קצפת 123 ג' טרה,החברה המרכזית טלהפצת משקאות בע,,מוו שוקולד קצפת 123מ,,123.00,יח',false,,3.00,0.0244,true,1,7376
7290102395521,false,"שמנת לבישול 15% שומן 500 מ""ל טרה",החברה המרכזית טלהפצת משקאות בע,,טרה שמנת לבישול 15%+,,500.00,"100 מ""ל",false,,16.20,0.0324,true,1,7377
7290102396405,false,שמיניית מעדן וניל מוו 1.5% טרה 100 גרם,החברה המרכזית טלהפצת משקאות בע,,מוו מעדן וניל 100*8,,800.00,100 גרם,false,,13.70,0.0171,true,1,7413
7290102396436,false,מעדן בטעם שוקולד 1.5% שומן מוו (125 גרם),החברה המרכזית טלהפצת משקאות בע,,מוו מעדן שוקולד 1.5%,,125.00,100 גרם,false,,3.00,0.0240,true,1,7415
7290102396580,false,מעדן מוו שוקולד ומוס שוקולד טרה 118 גרם,החברה המרכזית טלהפצת משקאות בע,,מוו מעדן שוקולד ומוס,,118.00,100 גרם,false,,3.00,0.0254,true,1,7424
7290102396665,false,צהובה פרוסות דקדק פתח סגור 15% 200 גר`,החברה המרכזית טלהפצת משקאות בע,,גבנ`צ דקדק פתח סגור,,200.00,100 גרם,false,,16.20,0.0810,true,1,7429
7290102396672,false,גבינה צהובה נעם דק דק 9% פתח סגור 360 ג,החברה המרכזית טלהפצת משקאות בע,,נעם צהובה דק דק 9% 3,,360.00,100 גרם,false,,28.90,0.0803,true,1,7430
7290102396719,false,יוגורט 0% תות סימפלי מולר (150 גרם),החברה המרכזית טלהפצת משקאות בע,,מולר סימפלי פרוט תות,,170.00,100 גרם,false,,5.00,0.0294,true,1,7433
7290102396726,false,יוגורט 0% אפרסק סימפלי מולר (150 גרם),*החברה המרכזית להפצת משקאותבעמ,,מולר סימפלי פרוט אפר,,150.00,100 גרם,false,,5.00,0.0333,true,1,7434
7290102397204,false,"גבנ""צ דק דק נעם פתיחה חוזרת 22% 200 גרם",*החברה המרכזית להפצת משקאותבעמ,,נעם צהובה דק דק 22%,,200.00,100 גרם,false,,15.90,0.0795,true,1,7461
7290102397464,false,יוגורט ביו בתוספת גרעינים אגוזים וחמוציות 170 ג' מולר,החברה המרכזית טלהפצת משקאות בע,,מולר יוגורט נטורל +,,150.00,100 גרם,false,,5.90,0.0393,true,1,74313
7290102397600,false,מיקס יוגורט בתוספת שקדים ובוטנים מקורמלים 170 ג' מולר,החברה המרכזית טלהפצת משקאות בע,,מולר מיקס שקדים ובוט,,168.00,100 גרם,false,,5.90,0.0351,true,1,7486
7290102397617,false,יוגורט ביו קרמי עם כדורים מצופים שוקולד חום לבן,החברה המרכזית טלהפצת משקאות בע,,מולר מיקס קליק 168 ג,,168.00,100 גרם,false,,5.90,0.0351,true,1,7487
7290102397730,false,פרוסות גבינה אמנטל חצי קשה 30% שומן 200 ג' נעם,החברה המרכזית טלהפצת משקאות בע,,גבינת אמנטל נעם פתיח,,200.00,100 גרם,false,,17.50,0.0875,true,1,81612
7290102397747,false,פרוסות גבינת מוצרלה נעם מחלב בקר 22%,החברה המרכזית טלהפצת משקאות בע,,מוצרלה נעם רכיבים ט,,200.00,100 גרם,false,,19.50,0.0975,true,1,106834
7290102398065,false,חלב טרה בקרטון 2 ליטר מהדרין 3% - מוצר בפיקוח,החברה המרכזית טלהפצת משקאות בע,,טרה חלב קרטון 3% מהד,יחידה,0.00,יחידה,false,,12.46,0.0000,true,1,89463
7290102398072,false,"חלב קרטון 3%-1 ליטר "" טרה"" -מוצר פיקוח",החברה המרכזית טלהפצת משקאות בע,,טרה חלב בקרטון 3% 1ל,ליטרים,1.00,ליטר,false,,6.23,6.2300,true,1,89457
7290102398331,false,חלב מועשר דל לקטוז 2% שומן טרה 1 ליטר,החברה המרכזית טלהפצת משקאות בע,,חלב מועשר 1 ליטר דל,ליטרים,1.00,ליטר,false,,8.00,8.0000,true,1,109932
7290102398560,false,משקה שוקו מועשר בבקבוק 1 ליטר טרה,החברה המרכזית טלהפצת משקאות בע,,שוקו טרה מועשר בבקבו,ליטרים,1.00,ליטר,false,,12.20,12.2000,true,1,125405
7290102398577,false,משקה חלב בטעם שוקו 2% בבקבוק אישי,החברה המרכזית טלהפצת משקאות בע,,שוקו טרה מועשר בבקבו,,250.00,יח',false,,5.60,0.0224,true,1,133989
7290102398614,false,משקה חלב טרה ט. בננה 1ליטר בקבוק,החברה המרכזית טלהפצת משקאות בע,,משקה חלב בטעם בננה 1,ליטרים,1.00,ליטר,false,,12.20,12.2000,true,1,125406
7290102398638,false,משקה חלב טרה ט.מוקה 1ליטר בקבוק,החברה המרכזית טלהפצת משקאות בע,,משקה חלב בטעם מוקה 1,ליטרים,1.00,ליטר,false,,12.20,12.2000,true,1,125407
7290102398669,false,משקה חלב אייס קפוצ'ינו טרה 1 ליטר,החברה המרכזית טלהפצת משקאות בע,,אייס קפוצ'ינו מווו ט,ליטרים,1.00,ליטר,false,,12.20,12.2000,true,1,238242
7290102398782,false,.משקה סויה קלאסי 1ל בקבוק משק צוריא,החברה המרכזית טלהפצת משקאות בע,,משקה סויה קלאסי משק,ליטרים,1.00,ליטר,false,,11.90,11.9000,true,1,193431
7290102398799,false,משקה סויה במתיקות מופחתת משק צוריאל 1 ליטר,החברה המרכזית טלהפצת משקאות בע,,משקה סויה במתיקות מו,ליטרים,1.00,ליטר,false,,11.90,11.9000,true,1,193432
7290102398836,false,משקה שקדים קלאסי משק צוריאל 1 ליטר,החברה המרכזית טלהפצת משקאות בע,,משקה שקדים קלאסי משק,ליטרים,1.00,ליטר,false,,12.90,12.9000,true,1,193435
7290102399048,false,פרוסות גבינת קשקבל נעם 200 ג' טרה,*החברה המרכזית להפצת משקאותבעמ,,קשקבל נעם פתיחה חוזר,,200.00,100 גרם,false,,24.90,0.1245,true,1,142475
7290102399789,false,מולר ספרדבל-ממרח חמאת מולר ללא מלח 250 גרם,החברה המרכזית טלהפצת משקאות בע,,מולר ממרח חמאה ללא מ,,250.00,100 גרם,false,,17.90,0.0716,true,1,236248
7290102399796,false,מעדן יוגורט לבן מועשר בחלבון 200 ג' מולר אקטיב,החברה המרכזית טלהפצת משקאות בע,,יוגורט חלבון לבן 250,,200.00,100 גרם,false,,5.90,0.0295,true,1,232144
7290102399802,false,יוגורט עם תות מולר אקטיב מועשר בחלבון 200 גר',החברה המרכזית טלהפצת משקאות בע,,יוגורט חלבון תות 20,,200.00,100 גרם,false,,6.20,0.0310,true,1,232145
7290103400194,false,כרוב לבן 400 ג בדצ ירקות שטראוס טעם הטבע,שטראוס בריאות ירקות טריי,,כרוב לבן 400 ג בדצ י,,400.00,100 גרם,false,,9.90,0.0248,true,1,24910
7290103400231,false,גזר גוליאן 400גר שטראוס טעם הטבע,שטראוס בריאות ירקות טריי,,גזר גוליאן בדצ 400גר,,400.00,100 גרם,false,,9.90,0.0248,true,1,24911
7290103400255,false,סלט קולסלאו 400 ג בדצ ירקות שטראוס טעם ה,שטראוס בריאות ירקות טריי,,סלט קולסלאו 400 ג בד,,400.00,100 גרם,false,,9.90,0.0248,true,1,24912
7290103401429,false,קפה קצב ברזילאי אוריגינס 200 גר,הנסיך- מפעל לייצור ט,,קפה אוריגינס קצב ברז,,200.00,100 גרם,false,,28.90,0.1445,true,1,24234
7290103404758,false,סלט כרוב אדום במיונז אחלה 120 גרם,שטראוס גרופ בעמ/מצונן,,אחלה כרוב אדום 120ג,,120.00,100 גרם,false,,5.40,0.0450,true,1,24915
7290103408206,false,עלי חסה ערבית שטופים 250 גר טעם הטבע,שטראוס בריאות ירקות טריי,,עלי חסה ערבית שטופים,,250.00,100 גרם,false,,11.90,0.0476,true,1,24919
7290103700386,false,טאצ כריות יפניות מארז שישיה,שניב תעשיות נייר בעמ,,טאצ' כריות יפניות 6י,יחידה,0.00,יחידה,false,,10.90,0.0000,true,1,25758
7290103701093,false,"זוג מטליות מיקרו פייבר לריצפה ""פאצ'""","שניב תעשיות נייר בע""",,טאצ מטליות מקרופייבר,יחידה,0.00,יחידה,false,,14.90,0.0000,true,1,25767
7290103702212,false,ממחטות כיס טאצ`מארז 10 יח,שניב תעשיות נייר בעמ,,טאצ ממחטות כיס,יחידה,0.00,יחידה,false,,6.90,0.0000,true,1,25776
7290103702298,false,טאצ' אשפתון עבה בגליל 77*90 50 יח',"שניב תעשיות נייר בע""",,טאצ אשפתון בגליל 50,יחידה,0.00,יחידה,false,,16.90,0.0000,true,1,25783
7290103702304,false,טאצ`אשפתון עבה במיוחד 35יח בגליל 90*7,שניב תעשיות נייר בעמ,,טאצ אשפתון בגליל 35,יחידה,0.00,יחידה,false,,16.90,0.0000,true,1,25784
7290103702540,false,נייר טואלט מהדרות כדור פורח 30 גלילים טאצ',שניב תעשיות נייר בעמ,,נייר טואלט 30 יח' מ,יחידה,0.00,יחידה,false,,24.90,0.0000,true,1,223260
7290103704155,false,נייר מגבת טאצ' 6 גלילים מהדורת 2021,שניב תעשיות נייר בעמ,,מגבות נייר 6 גלילים,,63.00,מטר,false,,10.90,0.1730,true,1,314058
7290103704162,false,נייר טואלט טאצ' 32 גלילים מהדורה 2021,שניב תעשיות נייר בעמ,,נייר טואלט טאצ' 32 ג,,0.00,יח',false,,32.90,0.0000,true,1,295392
7290103704179,false,מגבות מטבח טאץ`8יח מהדורת 2021,שניב תעשיות נייר בעמ,,מגבות נייר 8 גלילים,,83.00,מטר,false,,14.90,0.1795,true,1,313201
7290103704186,false,מגבות מטבח כפול טאצ`מהדורת 2021 6 יחידות,שניב תעשיות נייר בעמ,,מגבות טאצ' גליל כפול,יחידה,0.00,יחידה,false,,20.90,0.0000,true,1,382249
7290103704681,false,טאצ' שקיות קוקי גדולות 10 יח',,,שקיות קוקי 10 יח' טא,יחידה,0.00,יחידה,false,,5.90,0.0000,true,1,452685
7290103704766,false,נייר טואלט 24 גליל כפול מהדורת פרח סגול,"שניב תעשיות נייר בע""\מ",,נייר טואלט 24 גליל,יחידה,0.00,יחידה,false,,43.90,0.0000,true,1,437628
7290103746001,false,ממחטות טאצ`חמישייה צבעוני 500 דף,שניב תעשיות נייר בעמ,,ממחטות טאצ' חמישייה,יחידה,0.00,יחידה,false,,12.90,0.0000,true,1,25804
7290104005176,false,חגורות גברים,ביג מול בעמ,,חגורות גברים,יחידה,0.00,יחידה,false,,19.90,0.0000,true,1,33748
7290104061417,false,סלט חומוס עם טחינה אחלה 400 גרם,שטראוס גרופ בעמ/מצונן,,אחלה חומוס טחינה 400,,400.00,100 גרם,false,,11.90,0.0298,true,1,24922
7290104061431,false,סלט חומוס עם צנובר אחלה 400 גרם,שטראוס גרופ בעמ/מצונן,,אחלה חומוס צנובר 400,,400.00,100 גרם,false,,11.90,0.0298,true,1,24924
7290104061448,false,סלט חומוס עם חריף אחלה 400 גרם,שטראוס גרופ בעמ/מצונן,,אחלה חומוס חריף 400ג,,400.00,100 גרם,false,,11.90,0.0298,true,1,24925
7290104062599,false,מארז 8 יחידות מעדן גמדים בטעמי תות ובננה,שטראוס גרופ בעמ/מצונן,,גמדים תות בננה 8*100,,800.00,יח',false,,19.50,0.0244,true,1,24926
7290104065187,false,אבקה להכנת משקה קפה בטעם מוקה,שטראוס גרופ בע`מ,,קפה נמס עלית בטעם מו,,200.00,100 גרם,false,,22.90,0.1145,true,1,24265
7290104065934,false,עלי רוקט שטראוס 150 גר`-טעם הטבע,שטראוס בריאות ירקות טריי,,שטראוס עלי רוקט 150ג,,150.00,100 גרם,false,,10.90,0.0727,true,1,24928
7290104067693,false,חומוס אחלה עם תוספת חריף 150 גר,שטראוס גרופ בעמ/מצונן,,אחלה חומוס עם חריף 1,,150.00,100 גרם,false,,5.90,0.0393,true,1,24934
7290104068539,false,מאסט פליפטופ מלון ואבטיח ללא גרעינים,שטראוס גרופ בע`מ,,מאסט מלון ואבטיח 28ג,,28.00,100 גרם,false,,4.90,0.1750,true,1,24272
7290104068546,false,גומי מאסט בטעם לימון קולה ללא סוכר 28 ג' עלית,שטראוס גרופ בע`מ,,מאסט קולה 28 גרם,,28.00,100 גרם,false,,4.90,0.1750,true,1,24273
7290104501661,false,אינסטנט פודינג בטעם וניל צרפתי אסם 80 גרם,קבוצת אוסם סחר-שות.מוגבלת,,אסם פודינג בטעם וניל,,80.00,100 גרם,false,,5.70,0.0713,true,1,21485
7290104504228,false,מיני דובונים אסם 100 גרם מארז 5 יחידות,קבוצת אוסם סחר-שות.מוגבלת,,דובונים קדמ.מארז אחי,,100.00,100 גרם,false,,14.70,0.1470,true,1,21492
7290104508943,false,במבה חטיף בוטנים אסם 200 גרם,קבוצת אוסם סחר-שות.מוגבלת,,במבה קלאסי 18*200 גר,,200.00,100 גרם,false,,9.10,0.0455,true,1,21503
7290104570131,false,תמר מג'הול ששון ושות,,,"תמר מג'הול 1 ק""ג",קילוגרמים,1.00,"ק""ג",false,,22.90,22.9000,true,1,60689
7290104721953,false,לקט מסולסלים 350 גרם שטראוס טעם הטבע,שטראוס בריאות ירקות טריי,,לקט מסולסלים ירקות 3,,350.00,100 גרם,false,,14.00,0.0400,true,1,24941
7290104726712,false,מארז 8 יחידות מעדן מילקי בטעם שוקולד עם קצפת,שטראוס גרופ בעמ/מצונן,,מילקי שמינייה מארז 8,קילוגרמים,1.06,"ק""ג",false,,20.90,19.7170,true,1,24952
7290104728310,false,"שמנת מתוקה עמידה 38% שומן ""יטבתה"" -מוצר בפיקוח",שטראוס גרופ בעמ/מצונן,,יטבתה שמנת עמידה לקצ,,250.00,יח',false,,6.47,0.0259,true,1,24957
7290104960239,false,תחליב רחצה בניחוח קמומיל נקה (7507 מל),טרופיקל דגיל תעשיות קוסמ,,תחליב רחצה קמומיל נק,,750.00,"100 מ""ל",false,,11.90,0.0159,true,1,32804
7290104960246,false,נקה 7 ארומה תחליב רחצה ורד יסמין 750 מ,טרופיקל דגיל תעשיות קוסמ,,תחליב רחצה ורד ויסמי,,750.00,"100 מ""ל",false,,11.90,0.0159,true,1,32805
7290105360755,false,שמן זית כתית מעולה חזק750 מל,מכוורת יד מרדכי שטראוס ב,,שמן זית 3 חזק כתית י,,750.00,"100 מ""ל",false,,36.90,0.0492,true,1,24303
7290105360878,false,תפוציפס טבעי 50 גרם מארז רביעייה,"שטראוס פריטו ליי בע""\מ )",,תפוציפס מארז 4*50ג,,200.00,100 גרם,false,,12.50,0.0625,true,1,25450
7290105362339,false,"שמנת לבישול 15% 250 מ""ל יטבתה מהדרין",שטראוס גרופ בעמ/מצונן,,יטבתה שמנת לבישול 15,,250.00,יח',false,,8.60,0.0344,true,1,24962
7290105364289,false,מקלות כיף כף פצפוצים עלית 40 גרם,שולן צ'\יקולטה גידה סאן.,,כיף כף מקלות פצפוצים,,40.00,100 גרם,false,,5.20,0.1300,true,1,24315
7290105364302,false,"עלית חטיף שוקולד כיף כף מקלות אגוזים, 40 גרם",שולן צ'\יקולטה גידה סאן.,,כיף כף מקלות אגוזים,,42.00,100 גרם,false,,5.20,0.1238,true,1,24316
7290105366023,false,סלט חצילים בטעם כבד אחלה 400 גרם,שטראוס גרופ בעמ/מצונן,,אחלה חציל בטעם כבד 4,,400.00,100 גרם,false,,16.90,0.0422,true,1,24965
7290105366047,false,טחינה לבנה אחלה (400 גרם),שטראוס גרופ בעמ/מצונן,,אחלה טחינה לבנה 400ג,,400.00,100 גרם,false,,16.90,0.0422,true,1,24967
7290105368331,false,מעדן מילקי בטעם תות עם קצפת,שטראוס גרופ בעמ/מצונן,,"מילקי תות 170 מ""ל",,170.00,"100 מ""ל",false,,2.90,0.0171,true,1,24985
7290105368904,false,"שמנת מתוקה להקצפה 32% שומן 250 מ""ל יוטבתה",שטראוס גרופ בעמ/מצונן,,יטבתה שמנת עמידה לקצ,,250.00,"100 מ""ל",false,,7.80,0.0312,true,1,24995
7290105368928,false,שמנת חמוצה יטבתה %9 200 מל גביע מהדרין,שטראוס גרופ בעמ/מצונן,,יטבתה שמנת 9% 200מל,,200.00,"100 מ""ל",false,,3.20,0.0160,true,1,24996
7290105369130,false,סימפוניה גבינת שמנת בצל ירוק 5% שטראוס 200 גרם,שטראוס גרופ בעמ/מצונן,,סימפוניה שטראוס בצל,,200.00,100 גרם,false,,12.40,0.0620,true,1,24999
7290105431516,false,מארז חטיף פריי תמרים ובוטנים ללא גלוטן ותוספת סוכר 125 גרם,טבעית מוצרים מן הטבע בעמ,,פרי חטיפי תמרים ובוט,,125.00,100 גרם,false,,17.90,0.1432,true,1,64762
7290105691224,false,אסם חטיפי פריכונים טורטייה שום בצל 60 גרם,קבוצת אוסם סחר-שות.מוגבלת,,חטיפי פריכונים טורטי,,60.00,100 גרם,false,,8.10,0.1350,true,1,21525
7290105691248,false,אסם חטיפי פריכונים טורטייה תירס 60 גרם,קבוצת אוסם סחר שותפות מוגבלת,,חטיפי פריכונים טורטי,,60.00,100 גרם,false,,8.10,0.1350,true,1,21526
7290105693341,false,מארז עשיריית במבה אסם 25*10 גרם,קבוצת אוסם סחר שותפות מוגבלת,,במבה מאח.15 10*25גרם,,250.00,100 גרם,false,,16.90,0.0676,true,1,21543
7290105693457,false,עוגת הבית דמקה שוקו וניל 320 גר`בחושות,קבוצת אוסם סחר שותפות מוגבלת,,עוגת הבית דמקה שוקו,,320.00,100 גרם,false,,11.90,0.0372,true,1,68257
7290105695024,false,פתיתים אפויים אורז עם אטריות אסם 500 גרם,קבוצת אוסם סחר שותפות מוגבלת,,פתיתים אפויים אורז ע,,500.00,100 גרם,false,,7.80,0.0156,true,1,21554
7290105695321,false,עוגת הבית בראוניס פאדג' אסם 380 גרם,קבוצת אוסם סחר שותפות מוגבלת,,הבית עוגות בראוניס פ,,380.00,100 גרם,false,,17.90,0.0471,true,1,68263
7290105964564,false,חומוס אחלה 400 גרם. שטראוס,שטראוס גרופ בעמ/מצונן,,אחלה חומוס אחלה 400ג,,400.00,100 גרם,false,,9.50,0.0238,true,1,25006
7290105965738,false,יוגורט לשתיה בטעם תות בננה267 ג' דנונה,שטראוס גרופ בעמ/מצונן,,דנונה משקה תות בננה,,267.00,100 גרם,false,,5.30,0.0199,true,1,25014
7290105968098,false,סלט קולסלאו אחלה (500 גרם),שטראוס גרופ בעמ/מצונן,,אחלה קולסלאו 500ג,,500.00,100 גרם,false,,16.90,0.0338,true,1,25026
7290105968654,false,רביולי עם בטטה פרווה שטראוס (400 גרם),שטראוס גרופ בעמ/מצונן,,שטראוס רביולי בטטה 4,,400.00,100 גרם,false,,21.70,0.0542,true,1,25027
7290105968777,false,פריכיות 5 דגנים עם תחתית שוקולד מריר 70 גרם,"טחנת האבן תעשיות בע""",,פריכיות תחתית שוקלד,,70.00,100 גרם,false,,8.90,0.1271,true,1,24361
7290106520066,false,"רבע לשבע שוקולד חלב במילוי אגוזים עלית 160 גרם בד""צ","הגביע מוצרי וופלים בע""\מ",,רבע לשבע 160 גרם,,160.00,100 גרם,false,,12.90,0.0806,true,1,24363
7290106520912,false,שמנת לבישול 9% שומן 258גר מהדרין יטבתה,שטראוס גרופ בעמ/מצונן,,יטבתה שמנת לבישול 9%,,250.00,"100 מ""ל",false,,8.60,0.0344,true,1,25039
7290106521049,false,אחלה טעמי השוק קוביות סלק 400 גר,שטראוס גרופ בעמ/מצונן,,אחלה קוביות סלק 400,,400.00,100 גרם,false,,16.90,0.0422,true,1,25041
7290106521926,false,קפה טורקי בצלופן עלית 150 גרם,שטראוס קפה בי.ויn\.,,קפה טורקי עלית 150 ג,,150.00,100 גרם,false,,13.90,0.0927,true,1,89282
7290106524439,false,"תפוצ'יפס פופס 60 גרם ""עלית""","שטראוס פריטו ליי בע""\מ )",,תפוציפס פופס 60 גרם,,60.00,100 גרם,false,,4.30,0.0717,true,1,110251
7290106526822,false,פריכיות אורז חום מלא תחתית שוקולד חלב 80 גרם,"טחנת האבן תעשיות בע""",,פריכיות עם תחתית שוק,,80.00,100 גרם,false,,8.90,0.1113,true,1,24397
7290106528628,false,חטיף תירס בטעם טבעי דוריטוס (185 גרם),"שטראוס פריטו ליי בע""\מ )",,דוריטוס טבעי 185 גר`,,185.00,100 גרם,false,,8.40,0.0454,true,1,25481
7290106528949,false,סלט ערוגות שטראוס 450 גר`-טעם הטבע,שטראוס בריאות ירקות טריי,,לקט ערוגות,,450.00,100 גרם,false,,13.90,0.0309,true,1,25067
7290106573277,false,חטיף קרקר קריספי עם זיתים כבושים,קבוצת אוסם סחר שותפות מוגבלת,,אסם קריספי טאפאס זית,,150.00,100 גרם,false,,13.40,0.0893,true,1,118840
7290106575257,false,עוגת הבית סופלה בטעם שוקולד 340 ג' אסם,קבוצת אוסם סחר שותפות מוגבלת,,עוגת הבית סופלה בטעם,,340.00,100 גרם,false,,11.90,0.0350,true,1,118845
7290106575431,false,עוגת הבית סופלה בטעם שוקוניל 340 ג' אסם,קבוצת אוסם סחר-שות.מוגבלת,,עוגת הבית סופלה בטעם,,340.00,100 גרם,false,,11.90,0.0350,true,1,68287
7290106576537,false,חומוס מסעדות צבר 700 גרם,קבוצת אוסם סחר שותפות מוגבלת,,צבר חומוס מסעדה 700,,700.00,100 גרם,false,,12.90,0.0184,true,1,22247
7290106577282,false,טחינה אמיתית מרובע 400 ג' צבר,קבוצת אוסם סחר-שות.מוגבלת,,צבר מרובע טחינה 400ג,,400.00,100 גרם,false,,13.90,0.0348,true,1,22248
7290106578692,false,ביסלי במבה מיקס מהדורת אליפות אסם 80 גרם,קבוצת אוסם סחר שותפות מוגבלת,,במבה ביסלי מיקס 36*8,,80.00,100 גרם,false,,4.90,0.0613,true,1,21637
7290106578821,false,עוגת הבית שמרים קלאסית שוקולד אסם 350 גרם,קבוצת אוסם סחר שותפות מוגבלת,,עוגת הבית שמרים קלאס,,350.00,100 גרם,false,,18.50,0.0529,true,1,21640
7290106653689,false,לקט לסלט אסייתי 350 גר`-טעם הטבע,שטראוס בריאות ירקות טריי,,לקט לסלט אסייתי שטרא,,350.00,100 גרם,false,,10.90,0.0311,true,1,61824
7290106654099,false,מילקי CAKE עוגות אישיות במילוי קרם חלב,בובארד איטליה אס.פי.איי,,עוגות אישיות מילקי ק,,272.00,100 גרם,false,,20.90,0.0768,true,1,119339
7290106656734,false,"עוגיות חיוכים וניל עלית 600 גרם בד""צ",אפיפית נצרת תעשיות ב,,"חיוכים וניל בד""צ 600",,600.00,100 גרם,false,,21.90,0.0365,true,1,68837
7290106663558,false,"רוטב טריאקי ורימון יד מרדכי 280מ""ל",אף.סי תבליני בגליל ב,,יד מרדכי רוטב טריאקי,,280.00,"100 מ""ל",false,,14.90,0.0532,true,1,24490
7290106664067,false,לאבנה עם שמן זית וזעתר 10% שטראוס 400 ג',שטראוס גרופ בעמ/מצונן,,שטראוס לאבנה שמן זית,,400.00,100 גרם,false,,15.60,0.0390,true,1,25118
7290106664555,false,"רוטב שמנת עם עגבניות 9% שומן 250 מ""ל יוטבתה",שטראוס גרופ בעמ/מצונן,,יטבתה רוטב שמנת עם ע,,250.00,יח',false,,11.30,0.0452,true,1,25120
7290106668577,false,"מיץ לימון טיבעי 250 מ""ל יד מרדכי",האי נאם סי או אל.טי.,,מיץ לימון טבעי יד מר,,250.00,"100 מ""ל",false,,8.80,0.0352,true,1,24517
7290106668713,false,יוגורט עם פירות יער 3% שומן 150 ג' דנונה,שטראוס גרופ בעמ/מצונן,,דנונה פירות יער3% 15,,150.00,"100 מ""ל",false,,3.90,0.0260,true,1,25130
7290106669857,false,קפסולות אספרסו בטעם וניל עלית 10 יחידות,הנסיך- מפעל לייצור ט,,עלית קפסולות בטעם ונ,,50.00,100 גרם,false,,18.90,0.3780,true,1,63240
7290106720626,false,חטיף תירס בטעם גבינה צ`יטוס (80 גרם),"שטראוס פריטו ליי בע""\מ )",,ציטוס גבינה 80 גרם,,80.00,100 גרם,false,,5.20,0.0650,true,1,76826
7290106721913,false,מסטיק מאסט MUST ללא סוכר בטעם מנטה מרעננת,שטראוס גרופ בע`מ,,מאסט צנצנת ריח פה צ',,66.00,100 גרם,false,,10.90,0.1652,true,1,24552
7290106721920,false,צנצנת מסטיק מאסט בטעם ספירמינט עדין 66 ג' עלית,"שטראוס גרופ בע""\מ.",,מאסט צנצנת ספירמינט,,66.00,100 גרם,false,,10.90,0.1652,true,1,24553
7290106723689,false,עלי תרד בייבי 200 גר`שטראוס טעם הטבע,שטראוס בריאות ירקות טריי,,שטראוס תרד בייבי 200,,200.00,100 גרם,false,,11.90,0.0595,true,1,25141
7290106727984,false,"כיף כף פצפצים בגביע 135 גרם ""עלית""",שולן צ'\יקולטה גידה סאן.,,כיף כף פצפצים 135 גר,,135.00,100 גרם,false,,11.50,0.0852,true,1,24610
7290107280112,false,סנו סופט נייר טואלט 24 גל.,Unknown,,סנו סופט נייר טואלט,,441.00,מטר,false,,27.90,0.0633,true,1,105565
7290107280723,false,נוזל לניקוי כלים סנו ספארק Spark בניחוח לימון רענן,החברה הדרומית לשיווק בעמ,,סנו ספארק נוזל לניקו,,700.00,"100 מ""ל",false,,11.80,0.0169,true,1,32922
7290107280747,false,נוזל לניקוי כלים סנו ספארק Spark קלאסי,החברה הדרומית לשיווק בעמ,,סנו ספארק נוזל לניקו,,700.00,"100 מ""ל",false,,11.80,0.0169,true,1,32925
7290107280761,false,נוזל לניקוי כלים בניחוח לימון רענן סנו ספארק Spark,החברה הדרומית לשיווק בעמ,,ספארק נוזל לכלים לימ,יחידה,0.00,יחידה,false,,12.90,0.0000,true,1,32927
7290107341356,false,כבל אייפון imx,קונסיגנציה-איי.איקס.אם ישראל ב,,כבל אייפון,יחידה,0.00,יחידה,false,,19.90,0.0000,true,1,417660
7290107341370,false,כבל טפייסי imx,קונסיגנציה-איי.איקס.אם ישראל ב,,כבל טייפ סי,יחידה,0.00,יחידה,false,,19.90,0.0000,true,1,424721
7290107341394,false,אוזניות לבן imx,קונסיגנציה-איי.איקס.אם ישראל ב,,אוזנייה לבנה,יחידה,0.00,יחידה,false,,29.90,0.0000,true,1,424742
7290107342087,false,אוזניות חיבור ישיר ט,,,אוזניות חיבור ישיר ט,יחידה,0.00,יחידה,false,,49.90,0.0000,true,1,424758
7290107645584,false,אבקת מרק עוף אמיתי רכיבים טבעיים 400 גרם - רבנות,יוניליוור ישראל שיווק בע`מ,,מרק עוף אמיתי רכיבים,,400.00,100 גרם,false,,25.90,0.0647,true,1,106674
7290107647816,false,"דגני ברנפלקס ללא תוספת סוכר 500 גרם בד""צ",יוניליוור ישראל שיווק בע`מ,,ברנפלקס ללא סוכר בד',,500.00,100 גרם,false,,24.90,0.0498,true,1,118145
7290107647854,false,"שוגי מופחת סוכר תלמה 500 ג' בד""צ",יוניליוור ישראל שיווק בע`מ,,שוגי 20% סוכר תלמה ב,,500.00,100 גרם,false,,23.90,0.0478,true,1,118148
7290107871990,false,פסטה צינורות מהדרין אסם (500 גרם),קבוצת אוסם סחר שותפות מוגבלת,,פסטה צינורות אסם 500,,500.00,100 גרם,false,,6.50,0.0130,true,1,21671
7290107876889,false,אוסם - במבה במילוי קרם נוגט 45 גרם,קבוצת אוסם סחר שותפות מוגבלת,,במבה במילוי קרם נוגט,,45.00,100 גרם,false,,4.90,0.1089,true,1,138300
7290107877619,false,מארז במבה במילוי קרם נוגט 5*30ג' אסם,קבוצת אוסם סחר שותפות מוגבלת,,במבה במילוי קרם נוגט,,150.00,100 גרם,false,,14.50,0.0967,true,1,21750
7290107879569,false,קרחון לה פרוטה שרבט מנגו מאגדת 5יח',נגה גלידות שותפות מוגבלת,,לה פרוטה מנגו 5 יח,,350.00,100 גרם,false,,29.90,0.0854,true,1,17089
7290107931397,false,כיף כף פצפוצים במילוי שוקולד 40 גרם,שולן צ'\יקולטה גידה סאן.,,כיף כף פצפצים 40גר`,,40.00,100 גרם,false,,5.20,0.1300,true,1,24641
7290107932080,false,חלב מועשר יוטבתה בבקבוק 3% 1 ליטר,שטראוס גרופ בעמ/מצונן,,יטבתה חלב בבקבוק 3%,ליטרים,1.00,ליטר,false,,7.90,7.9000,true,1,25185
7290107933155,false,לקט סלנובה 200 גר ירקות שטראוס טעם הטבע,שטראוס בריאות ירקות טריי,,לקט סלנובה 200 גרם,,200.00,100 גרם,false,,13.90,0.0695,true,1,25189
7290107934473,false,שמינייה יוגורט לבן אקטיביה 1.5% דנונה 150 גרם,שטראוס גרופ בעמ/מצונן,,אקטיביה מארז מיוחד 1,קילוגרמים,1.20,"ק""ג",false,,21.50,17.9167,true,1,25203
7290107936309,false,דנונה יוגורט 7% יווני לבן 130 ג',שטראוס גרופ בעמ/מצונן,,דנונה יווני לבן 130,,130.00,100 גרם,false,,3.50,0.0269,true,1,25213
7290107936958,false,עד חצות ביסקוויט אצבעות שוקולד 125 גרם,ביסקוויטס טור ד'\אלבון,,עד חצות אצבעות 125 ג,,125.00,100 גרם,false,,11.90,0.0952,true,1,102953
7290107936965,false,עיגולים עד חצות עם שוקולד חלב 225 גר,ביסקווטרי עוגיות סנט,,עד חצות עיגולים 225,,125.00,100 גרם,false,,13.90,0.1112,true,1,102954
7290107937542,false,משקה יוגורט אקטיביה עם תות 1.2% שומן,שטראוס גרופ בעמ/מצונן,,משקה אקטיביה תות 1.2,,265.00,יח',false,,5.10,0.0192,true,1,25221
7290107937627,false,מסטיק מאסט Must קוביות ללא סוכר בטעם מנטה עדינה,שטראוס גרופ בע`מ,,צנצנת קוביות ספירמינ,,58.00,100 גרם,false,,10.90,0.1879,true,1,24683
7290107937634,false,צנצנית מסטיק מאסט קוביות פפירמינט 58 ג' עלית,שטראוס גרופ בע`מ,,צנצנת קוביות פפירמינ,,58.00,100 גרם,false,,10.90,0.1879,true,1,24684
7290107937641,false,צנצנת קוביות בזוקה גומי לעיסה 58גר,שטראוס גרופ בע`מ,,צנצנת קוביות בזוקה 5,,58.00,100 גרם,false,,10.90,0.1879,true,1,24685
7290107937856,false,קפסולות 11חזק למכונות נספרסו עלית 10יח',הנסיך- מפעל לייצור ט,,עלית קפסולות בטעם נס,,50.00,100 גרם,false,,18.90,0.3780,true,1,24688
7290107938396,false,שמיניית אקטימל תות דיסני בנים 108 גרם,שטראוס גרופ בעמ/מצונן,,דנונה Actimel בנים ב,,864.00,100 גרם,false,,22.70,0.0263,true,1,25227
7290107940030,false,"חומוס אחלה מופחת שומן 650 גרם ""אחלה""","שטראוס גרופ ***בע""מ",,חומוס אחלה 650 גר,,650.00,100 גרם,false,,10.90,0.0168,true,1,25246
7290107941259,false,עדשים ירוקות מבושלות 475 גר ירקות שטראוס,ביכורי השדה הצפון בעמ` 1964,,עדשים ירוקות מבושלות,,475.00,100 גרם,false,,12.90,0.0272,true,1,25264
7290107941266,false,שעועית אדומה מבושלת 475 גר ירקות שטראוס,ביכורי השדה הצפון בעמ` 1964,,שעועית אדומה מבושלת,,475.00,100 גרם,false,,14.90,0.0314,true,1,25265
7290107941273,false,טעם הטבע חומוס מבושל שטראוס (475 גרם),ביכורי השדה הצפון בעמ` 1964,,חומוס מבושל 475 גרם,,475.00,100 גרם,false,,12.90,0.0272,true,1,25266
7290107943192,false,"שמנת חמוצה מהערבה 27% שומן 200 מ""ל יטבתה",שטראוס גרופ בעמ/מצונן,,יטבתה שמנת 27% 200מ,,200.00,יח',false,,4.20,0.0210,true,1,102964
7290107943369,false,קוואקר שיבולת שועל ללא גלוטן 511 גרם,שטראוס פריטו ליי בע`מ,,שיבולת שועל ללא גלוט,,511.00,100 גרם,false,,19.90,0.0389,true,1,101463
7290107944472,false,סימפוניה גבינה במרקם שמנת 5% שום שמיר,שטראוס גרופ בעמ/מצונן,,סימפוניה 5% שום שמיר,,200.00,100 גרם,false,,12.40,0.0620,true,1,25286
7290107945165,false,קונפיטורת משמש יד מרדכי 340 גרם,אף.סי תבליני בגליל ב,,יד מרדכי קונפיטורת מ,,340.00,100 גרם,false,,15.80,0.0465,true,1,61814
7290107950190,false,מעדן חלב דל קלוריות בטעם שוקולד מריר 0.5% שומן,שטראוס גרופ בעמ/מצונן,,מעדן דיאט שוקולד מרי,,130.00,100 גרם,false,,3.40,0.0262,true,1,25296
7290107951104,false,בפלות ופלים ארוכים בטעם שוקולד,"שטראוס גרופ בע""\מ",,בפלות 200 גרם שוקולד,,200.00,100 גרם,false,,5.40,0.0270,true,1,24725
7290107951715,false,צנצנת מסטיק מאסט קוביות בטעם ענבים 58 ג' עלית,שטראוס גרופ בע`מ,,מאסט צנצנת קוביות ענ,,58.00,100 גרם,false,,10.90,0.1879,true,1,60571
7290107954709,false,"קונפיטורת פירות יער ""יד מרדכי"" 340 גר'",שטראוס גרופ בע`מ,,יד מרדכי קונפיטורת פ,,340.00,100 גרם,false,,15.80,0.0465,true,1,86710
7290107954976,false,משקה חלב PRO עם קפה 1.5% 25 גרם חלבון בבקבוק,שטראוס גרופ בעמ/מצונן,,משקה פרו בטעם קפה יט,,350.00,"100 מ""ל",false,,6.90,0.0197,true,1,89875
7290107957991,false,מילקי CAKE מיניס קרם חלב בציפוי שוקולד חלב שקית 16X9ג',בובארד איטליה אס.פי.איי,,"מילקי מייניס 9*16 מ""",,144.00,100 גרם,false,,15.50,0.1076,true,1,129170
7290107973014,false,"סבון ידיים משאבה פלמוליב חלב ודבש 300 מ""ל",הנסיך- מפעל לייצור ט,,פלמוליב סבון ידיים ח,,300.00,"100 מ""ל",false,,11.90,0.0397,true,1,23734
7290107973038,false,"סבון ידיים משאבה פלמוליב אקווריום 300 מ""ל",הנסיך- מפעל לייצור ט,,סבון ידיים אקווריום,,300.00,"100 מ""ל",false,,11.90,0.0397,true,1,23736
7290107973809,false,שימורי עגבניות קוביות 400 ג' מאסטר שף,פראנו אריקו ופיגלי ס.פ.א,,קוביות עגבניות מאסטר,,400.00,100 גרם,false,,5.90,0.0148,true,1,23745
7290107974066,false,"עלי טורטיה קמח מלא 20ס""מ 8יח' מאסטר שף 320ג'",אלקאטי קורביישיסי גי,,עלי טורטיה קמח מלא מ,,320.00,100 גרם,false,,11.90,0.0372,true,1,68705
7290107974073,false,עלי טורטיה קמח לבן 320 גר`מנה מאסטר שף,אלקאטי קורביישיסי גי,,עלי טורטיה קמח לבן מ,,320.00,100 גרם,false,,11.90,0.0372,true,1,68706
7290107974813,false,מאסטר שף אורז יסמין 1 קג`,טאומי אינטרפרייד,,אורז יסמין מאסטר שף,קילוגרמים,1.00,"ק""ג",false,,11.90,11.9000,true,1,23761
7290107978323,false,איטריות דקיקות מאסטר שף 400 גרם,הדקלאים אגודת שיתופי,,איטריות דקיקות מאסטר,,400.00,100 גרם,false,,6.90,0.0173,true,1,88035
7290107978637,false,"מרידול משחת שיניים 75 מ""ל כשל""פ-מרכז",קולגייט פלמוליב,,משחת שיניים מרידול 7,,75.00,"100 מ""ל",false,,20.90,0.2787,true,1,78435
7290108079333,false,מארז בלונים על מקל לניפוח עצמי happy bi,שמחה זה אנחנו בע`מ,,מארז בלונים על מקל ל,יחידה,0.00,יחידה,false,,30.90,0.0000,true,1,36523
7290108350128,false,סנו סושי שקיות אשפה חזקות במיוחד 40 יח',החברה הדרומית לשיווק בעמ,,סנו סושי שקיות חזקות,יחידה,0.00,יחידה,false,,28.90,0.0000,true,1,32936
7290108350531,false,סנו ספארק נוזל כלים בניחוח קלאסי עם משאבה 1 ל',מיוצר עי קונדיטוריית,,סנו ספארק משאבה בניח,ליטרים,1.00,ליטר,false,,12.90,12.9000,true,1,32949
7290108350586,false,נוזל לניקוי כלים סנו ספארק Spark בניחוח לימון רענן,החברה הדרומית לשיווק בעמ,,ספארק נוזל כלים בניח,ליטרים,1.50,ליטר,false,,13.90,9.2667,true,1,32953
7290108350616,false,סנו - מקסימה מרכך כביסה מרוכז פריחה כחולה 1 ליטר,החברה הדרומית לשיווק בעמ,,מרכך כביסה מקסימה סו,יחידה,0.00,יחידה,false,,17.90,0.0000,true,1,32956
7290108351552,false,"סנו - ג'ט לניקוי כללי בתוספת חומץ בניחוח לבנדר 750 מ""ל",החברה הדרומית לשיווק בעמ,,סנו ג'ט מתז חומץ 750,,750.00,"100 מ""ל",false,,15.90,0.0212,true,1,107573
7290108351996,false,"חיטוי בייבי 99.9% לחיטוי וניקוי בסביבת תינוקות 750 מ""ל",החברה הדרומית לשיווק בעמ,,מתז בייבי 99.9% לחיט,,750.00,"100 מ""ל",false,,15.90,0.0212,true,1,143821
7290108352207,false,מקסימה 40 קפסולות לכביסה בניחוח fresh burst,החברה הדרומית לשיווק בעמ,,קפס' כביסה בניחוח פל,,840.00,100 גרם,false,,39.90,0.0475,true,1,226919
7290108352214,false,סנו - מקסימה קפסולות כביסה בניחוח בריזה מרעננת 40 יח',החברה הדרומית לשיווק בעמ,,קפסולות כביסה בניחוח,,840.00,100 גרם,false,,39.90,0.0475,true,1,226920
7290108352337,false,"סנו - פרש מילוי למטהר אוויר מלון מפנק 250 מ""ל",החברה הדרומית לשיווק בעמ,,סנו פרש הום אוטומטיק,,250.00,100 גרם,false,,16.90,0.0676,true,1,230441
7290108353532,false,"שקיות אשפה חזקות עם שרוך לארג' 54 * 65 ס""מ סנו סושי 100 יחידות",החברה הדרומית לשיווק בעמ,,שקיות אשפה בגליל סנו,יחידה,0.00,יחידה,false,,34.90,0.0000,true,1,198246
7290108353549,false,נייר אפיה 100 דפים סנו סושי,החברה הדרומית לשיווק בעמ,,נייר אפיה סנו סושי 1,יחידה,0.00,יחידה,false,,22.90,0.0000,true,1,198247
7290108353747,false,"תחליב רחצה אירוודה, בניחוח טונקה 600 מ""ל קרימה",החברה הדרומית לשיווק בעמ,,קרמה תחליב רחצה ספא,,600.00,"100 מ""ל",false,,20.90,0.0348,true,1,466605
7290108353815,false,"תחליב רחצה מדיטציה בניחוח פצ'ולי לבנדר+משאבה 600 מ""ל",החב. הדרומית לשיווק,,קרמה תחליב רחצה ספא,,600.00,"100 מ""ל",false,,20.90,0.0348,true,1,466607
7290108354270,false,מרכך כביסה מרוכז בבישום עוצמתי 1 ל' סנו מקסימה,החברה הדרומית לשיווק בעמ,,מרכך בבישום עוצמתי מ,ליטרים,1.00,ליטר,false,,17.90,17.9000,true,1,354415
7290108356113,false,תחליב רחצה כיף ניחוח דבש 700 מל,החברה הדרומית לשיווק בעמ,,תחליב רחצה דבש כיף 7,,700.00,יח',false,,12.90,0.0184,true,1,135847
7290108356137,false,תחליב רחצה כיף ניחוח לבנדר 700 מל,החברה הדרומית לשיווק בעמ,,תחליב רחצה לבנדר כיף,,700.00,"100 מ""ל",false,,12.90,0.0184,true,1,135849
7290108356151,false,תחליב רחצה כיף ניחוחמאסק יסמין 700 מל,החברה הדרומית לשיווק בעמ,,תחליב רחצה מאסק יסמי,,700.00,"100 מ""ל",false,,12.90,0.0184,true,1,135850
7290108356168,false,תחליב רחצה כיף ניחוח אוקיינס700 מל,החברה הדרומית לשיווק בעמ,,תחליב רחצה אוקיינוס,,700.00,"100 מ""ל",false,,12.90,0.0184,true,1,135851
7290108357295,false,"מרסס אוקסיג'ן מסיר כתמים סנו לכביסה לבנה 750 מ""ל",החברה הדרומית לשיווק בעמ,,מרסס אוקסיג'ן מסיר כ,,750.00,"100 מ""ל",false,,20.80,0.0277,true,1,445037
7290108357707,false,"כיף שמפו לשיער רגיל- תפוח זרעי צ'יה 700 מ""ל",החברה הדרומית לשיווק בעמ,,שמפו לשיער רגיל תפוח,,700.00,"100 מ""ל",false,,13.90,0.0199,true,1,138229
7290108359985,false,סנו - ז'אוול מרסס קצף לניקוי וחינו בניחוח פריחה לבנה 1 ליטר,החברה הדרומית לשיווק בעמ,,אקונומיקה מרסס עם ממ,ליטרים,1.00,ליטר,false,,19.90,19.9000,true,1,399928
7290108502336,false,גבינת גורגונזולה איטלקית 150 גרם 29% שומן,ג. וילי-פוד אינטרנשיונל בע`מ,,גבינת גורגונזולה איט,,150.00,100 גרם,false,,25.90,0.1727,true,1,129064
7290108502763,false,גבינת קממבר ויליפוד 200 גרם,ג.וילי-פוד אינטרנשיונל **גבינו,,גבינה קממבר 200 גרם,,200.00,100 גרם,false,,21.90,0.1095,true,1,129065
7290108502862,false,מלפפונים כבושים במלח 18-25 קטנים ויליפוד 600 גרם,ג. וילי-פוד אינטרנשיונל בע`מ,,מלפפונים כבושים במלח,,600.00,100 גרם,false,,12.90,0.0215,true,1,136518
7290108509113,false,"גבינה בולגרית מעודנת 18% שומן 250 גרם חת""ס פ""ת",ג.וילי-פוד אינטרנשיונל **גבינו,,גבינה בולגרית מעודנת,,250.00,100 גרם,false,,13.90,0.0556,true,1,311165
7290108509212,false,ויליפוד חטיף אורז אפוי בטעם ירקות לתינוקות 50 גר',ג. וילי-פוד אינטרנשיונל בע`מ,,חטיף אורז אפוי לתינו,,50.00,100 גרם,false,,12.90,0.2580,true,1,377536
7290108509250,false,"אנטיפסטי ארטישוק+עגבניות מיובשות וצלפים בשמן חמניות 380 מ""ל",ג. וילי-פוד אינטרנשיונל בע`מ,,אנטיפסטי ארטישוק עג,,580.00,100 גרם,false,,25.90,0.0447,true,1,306164
7290108509267,false,ארוחת פסטה עם רוטב גבינה ויליפוד 206 גרם,ג. וילי-פוד אינטרנשיונל בע`מ,,ארוחת פסטה עם רוטב ג,,206.00,100 גרם,false,,8.90,0.0432,true,1,324880
7290108509960,false,נתחי טונה בהירה בשמן זית כתית מעולה - מארז 3 יח',ג. וילי-פוד אינטרנשיונל בע`מ,,שלישיית נתחי טונה בה,,240.00,100 גרם,false,,16.90,0.0704,true,1,377594
7290108970890,false,מטריית פעמון אוטומטי,ביג מול בעמ,,מטריית פעמון אוטומטי,,327.00,100 גרם,false,,39.90,0.1220,true,1,256764
7290109351025,false,מלך החומוס חומוסטחינה 40% טחינה גולמית,קבוצת אוסם סחר שותפות מוגבלת,,מלך החומוס חומוס טחי,,400.00,100 גרם,false,,14.90,0.0373,true,1,22266
7290109351971,false,פריכיות דגנים פיטנס מצופות שוקולד חלב,קבוצת אוסם סחר שותפות מוגבלת,,בר פריכיות שוקולד חל,,84.00,100 גרם,false,,14.50,0.1726,true,1,68436
7290109354057,false,קרחון לה פרוטה שרבט אננס תפוז מאגדת 5 יח',נגה גלידות שותפות מוגבלת,,"מאגדת 5 י""ח לה פרוטה",,350.00,100 גרם,false,,29.90,0.0854,true,1,17103
7290109354101,false,קרקר לחמית ללא גלוטן 200 גר אסם,קבוצת אוסם סחר שותפות מוגבלת,,לחמית ללא גלוטן 200,,200.00,100 גרם,false,,11.60,0.0580,true,1,84290
7290109580104,false,רוסטביף פרימיום זוגלובק 150 גרם,נקניק זוגלובק נהריה,,רוסטביף זוגלובק פרמי,,150.00,100 גרם,false,,24.90,0.1660,true,1,293119
7290109580135,false,קורנדביף פרימיום 180 גרם זוגלובק,נקניק זוגלובק נהריה,,קורנדביף זוגלובק פרמ,,180.00,100 גרם,false,,24.90,0.1383,true,1,293121
7290109580166,false,סרוולד קלאסי פרימיום זוגלובק 150 גרם,נקניק זוגלובק נהריה,,סרוולד קלאסי זוגלובק,,150.00,100 גרם,false,,24.90,0.1660,true,1,293123
7290109580227,false,נקניקיות עוף ובקר בסגנון ברלינאי קאריוורסט,נקניק זוגלובק נהריה,,נקנקיות ריינהולד'ס ק,,300.00,100 גרם,false,,23.90,0.0797,true,1,372922
7290109580241,false,נאגטס מן הצומח זוגלובק 500 גרם,נקניק זוגלובק נהריה,,נאגטס מן הצומח זוגלו,,500.00,100 גרם,false,,24.90,0.0498,true,1,444056
7290110110659,false,"ספרייט לימון ליים פחית 330מ""ל",החברה המרכזית להפצת משקאות בעמ,,סליק ספרייט חדש 330,,330.00,יח',false,,5.40,0.0164,true,1,114839
7290110113476,false,בירה קרלסברג ללא אלכוהול - שישייה,החברה המרכזית להפצת משקאות בעמ,,קרלסברג 0.0 בקבוק 6*,ליטרים,1.98,ליטר,false,,34.60,17.4747,true,1,212210
7290110114794,false,נביעות+ מים מינרליים בטעם אפרסק 1.5 ליטר,החברה המרכזית להפצת משקאות בעמ,,נביעות + אפרסק 1.5 ל,ליטרים,1.50,ליטר,false,,10.50,7.0000,true,1,359166
7290110114800,false,נביעות+ מים מינרליים בטעם ענבים 1.5 ליטר,החברה המרכזית להפצת משקאות בעמ,,נביעות + ענבים 1.5 ל,ליטרים,1.50,ליטר,false,,10.50,7.0000,true,1,359182
7290110114855,false,"נביעות מים מינרליים, שישיה 6 * 1.5 ליטר פקדון",החברה המרכזית להפצת משקאות בעמ,,מי נביעות שישייה 1.5,ליטרים,9.00,ליטר,false,,13.70,1.5222,true,1,359240
7290110114893,false,מיץ תפוזים מפוסטר סחוט 2 ליטר,החברה המרכזית טלהפצת משקאות בע,,פריגת סחוט תפוזים 2,ליטרים,2.00,ליטר,false,,29.30,14.6500,true,1,359068
7290110114961,false,משקה קל בטעם תפוזים פריגת (1.5 ליטר),החברה המרכזית להפצת משקאות בעמ,,פריגת תפוזים 1.5 ליט,ליטרים,1.50,ליטר,false,,9.60,6.4000,true,1,359255
7290110114985,false,משקה קל בטעם אשכוליות פריגת (1.5 ליטר),החברה המרכזית להפצת משקאות בעמ,,פריגת אשכולית 1.5 לי,ליטרים,1.50,ליטר,false,,9.60,6.4000,true,1,359271
7290110115005,false,משקה קל בטעם ענבים פריגת (1.5 ליטר),החברה המרכזית להפצת משקאות בעמ,,פריגת ענבים 1.5 ליטר,ליטרים,1.50,ליטר,false,,9.60,6.4000,true,1,359287
7290110115043,false,משקה קל בטעם לימונענע פריגת (1.5 ליטר),החברה המרכזית להפצת משקאות בעמ,,פריגת לימונענע 1.5 ל,ליטרים,1.50,ליטר,false,,9.60,6.4000,true,1,359320
7290110115180,false,נביעות מים מינרלים שקט 1.5 ליטר פיקדון,החברה המרכזית להפצת משקאות בעמ,,נביעות 1.5 ליטר,ליטרים,1.50,ליטר,false,,4.20,2.8000,true,1,375439
7290110115203,false,קוקה קולה 1.5 ליטר פיקדון,החברה המרכזית להפצת משקאות בעמ,,קוקה קולה 1.5 ליטר,ליטרים,1.50,ליטר,false,,9.20,6.1333,true,1,359456
7290110115210,false,קוקה קולה דיאט 1.5 ליטר פיקדון,החברה המרכזית להפצת משקאות בעמ,,דיאט קוקה קולה 1.5 ל,ליטרים,1.50,ליטר,false,,8.90,5.9333,true,1,359457
7290110115227,false,קוקה קולה Zero בקבוק 1.5 ליטר פיקדון,החברה המרכזית להפצת משקאות בעמ,,קוקה קולה זירו בקבוק,ליטרים,1.50,ליטר,false,,9.50,6.3333,true,1,359458
7290110115241,false,קוקה קולה דיאט לימון 1.5 ליטר פיקדון,החברה המרכזית להפצת משקאות בעמ,,קולה ZERO לימון 1.5,ליטרים,1.50,ליטר,false,,9.50,6.3333,true,1,359476
7290110115265,false,ספרייט לימון ליים 1.5 ליטר-,החברה המרכזית להפצת משקאות בעמ,,ספרייט 1.5 ליטר LIME,ליטרים,1.50,ליטר,false,,9.20,6.1333,true,1,359526
7290110115272,false,ZERO ספרייט 1.5 ליטר פיקדון,החברה המרכזית להפצת משקאות בעמ,,ספרייט זירו 1.5 ליטר,ליטרים,1.50,ליטר,false,,9.50,6.3333,true,1,359527
7290110115302,false,משקה מוגז אורנג' זירו פאנטה 1.5 ליטר,החברה המרכזית להפצת משקאות בעמ,,פאנטה זירו בטעם אורנ,ליטרים,1.50,ליטר,false,,10.00,6.6667,true,1,359574
7290110115319,false,פאנטה אקזוטי פירות טרופיים 1.5ל פיקדון,החברה המרכזית להפצת משקאות בעמ,,פאנטה אקזוטיק 1.5 לי,ליטרים,1.50,ליטר,false,,10.00,6.6667,true,1,359590
7290110115357,false,קינלי סודה 1.5 ליטר פיקדון,החברה המרכזית להפצת משקאות בעמ,,קינלי סודה 1.5 ליטר,ליטרים,1.50,ליטר,false,,4.50,3.0000,true,1,359637
7290110115418,false,קוקה קולה זירו 1.5 ליטר מארז שישייה,החברה המרכזית להפצת משקאות בעמ,,קוקה קולה זירו שישיי,ליטרים,9.00,ליטר,false,,49.90,5.5444,true,1,359480
7290110115449,false,פיוז-טי תה מנגו אננס 1.5 ליטר פיקדון,החברה המרכזית להפצת משקאות בעמ,,פיוז טי מנגו אננס 1.,ליטרים,1.50,ליטר,false,,10.20,6.8000,true,1,359655
7290110115456,false,פיוז-טי תה אפרסק 1.5 ליטר 19 קל פיקדון,החברה המרכזית להפצת משקאות בעמ,,פיוז טי אפרסק 19 קל,ליטרים,1.50,ליטר,false,,9.90,6.6000,true,1,359656
7290110115463,false,פיוז-טי תה אפרסק 1.5 ליטר פיקדון,החברה המרכזית להפצת משקאות בעמ,,פיוז טי אפרסק 1.5 לי,ליטרים,1.50,ליטר,false,,10.20,6.8000,true,1,359672
7290110115623,false,פיוז-טי תה אפרסק זירו 1.5 ליטר פיקדון,החברה המרכזית להפצת משקאות בעמ,,פיוז טי ZERO בטעם אפ,ליטרים,1.50,ליטר,false,,9.90,6.6000,true,1,387516
7290110115869,false,קוקה קולה זירו 1.5 ליטר פיקדון,תות תעשיות מזון (201,,קוקה קולה זירו בקבוק,ליטרים,1.50,ליטר,false,,9.50,6.3333,true,1,479548
7290110116484,false,פריגת סחוט מיקס תות בננה 1ליטר,*החברה המרכזית להפצת משקאותבעמ,,פריגת סחוט MIX תות ב,ליטרים,1.00,ליטר,false,,15.90,15.9000,true,1,476858
7290110116491,false,פריגת סחוט מיקס אפרסק משמש 1ליטר,*החברה המרכזית להפצת משקאותבעמ,,פריגת סחוט MIX אפרסק,ליטרים,1.00,ליטר,false,,15.90,15.9000,true,1,476859
7290110116507,false,פריגת סחוט מיקס אננס בננה אגס 1ליטר,*החברה המרכזית להפצת משקאותבעמ,,פריגת סחוט MIX אננס,ליטרים,1.00,ליטר,false,,15.90,15.9000,true,1,476860
7290110320850,false,פתיתים גבינה חצי קשה מגורדת 28% שומן,תנובה מרכז שיתופי לש,,עמק פתיתים 200 גרם,,200.00,100 גרם,false,,15.90,0.0795,true,1,103552
7290110320867,false,פתיתים גבינה חצי קשה מגורדת 28% שומן,תנובה מרכז שיתופי לש,,עמק פתיתים למאפים 28,,500.00,100 גרם,false,,34.90,0.0698,true,1,98502
7290110320935,false,פרוסות מוצרלה 150 גר`קולקשיין תנובה,תנובה מרכז שיתופי לש,,פרוסות מוצרלה 150 גר,,150.00,100 גרם,false,,17.90,0.1193,true,1,98503
7290110321031,false,מעדן חלב GO יוגורט מועשר בחלבון טבעי 200 ג' יופלה,"תנובה, מחלבת אלון תב",,יופלה גו 200 גרם תנו,,200.00,100 גרם,false,,6.30,0.0315,true,1,98455
7290110321277,false,קוטג' בקטנה 5% תנובה 100 גרם מהדרין,פארייפאבה אגרואינדוס,,קוטג' תנובה בקטנה 5,,100.00,100 גרם,false,,2.70,0.0270,true,1,107498
7290110321284,false,קוטג' בקטנה 9% תנובה 100 גרם מהדרין,פארייפאבה אגרואינדוס,,קוטג' תנובה בקטנה 9,,100.00,100 גרם,false,,2.70,0.0270,true,1,107507
7290110321680,false,יוגורט GO בטעם תות 20 גרם חלבון בגביע,מיוצר עי קונדיטוריית,,יופלה גו בטעם תות 20,,200.00,100 גרם,false,,5.90,0.0295,true,1,111030
7290110321703,false,יוגורט עם פירות יער בתוספת חלבוני חלב 2% שומן,מיוצר עי קונדיטוריית,,יופלה גו בטעם פרות י,,200.00,"100 מ""ל",false,,5.90,0.0295,true,1,124435
7290110321789,false,גבינת מסקרפונה 38% שומן 250 גר`השף הלבן,"תנובה בע""מ ***",,גבינת מסקרפונה 38% ש,,250.00,100 גרם,false,,21.60,0.0864,true,1,121950
7290110322014,false,טופו בטעם טבעי תנובה ALTERNATIVE,שוורצקוף& הנקל דיסלד,,טופו טבעי 300 גרם,,300.00,100 גרם,false,,12.90,0.0430,true,1,124441
7290110322038,false,טופו בטעם פיקנטי 300 גר`תנובה,"תנובה בע""מ ***",,טופו פיקנטי 300 גרם,,300.00,100 גרם,false,,12.90,0.0430,true,1,124450
7290110323301,false,טל העמק בסגנון אמנטל 32% שומן 200 גרם,"תנובה בע""מ ***",,גבינת עמק טל 32% שומ,,200.00,100 גרם,false,,19.90,0.0995,true,1,137477
7290110323585,false,יופלה יוגורט עם דובדבן מופחת קלוריות 200 ג' GO,"תנובה בע""מ ***",,יופלה GO לייט עם דוב,,200.00,100 גרם,false,,5.90,0.0295,true,1,136226
7290110323592,false,יופלה יוגורט עם אפרסק מופחת קלוריות 200 ג' GO,תנובה בעמ ***,,יופלה GO לייט עם אפר,,200.00,100 גרם,false,,5.90,0.0295,true,1,136227
7290110323714,false,משקה קוקוס שקדים תנובה E אלטרנטיב,מיוצר עי קונדיטוריית,,תנובה משקה קוקוס שקד,יחידה,0.00,יחידה,false,,13.90,0.0000,true,1,137478
7290110324353,false,יוגורט GO לייט בטעם אננס 20 גרם חלבון בגביע,מיוצר עי קונדיטוריית,,יופלה גו לייט בטעם א,,200.00,100 גרם,false,,5.90,0.0295,true,1,142859
7290110324551,false,יופלה טיוב יוגורט במרקם חלק תות כשרות מהדרין,"תנובה בע""מ ***",,יופלה טיוב יוגורט במ,,348.00,"100 מ""ל",false,,13.90,0.0399,true,1,141957
7290110324711,false,ממרח סויה 9% שומן בטעם טבעי תנובה 250 גרם,מיוצר עי קונדיטוריית,,ממרח סויה 9% בטעם טב,,250.00,100 גרם,false,,10.90,0.0436,true,1,144392
7290110324728,false,ממרח סויה 9% שומן עם שום שמיר תנובה 250 גרם,מיוצר עי קונדיטוריית,,ממרח סויה 9% עם שום,,250.00,100 גרם,false,,10.90,0.0436,true,1,144433
7290110324841,false,מעדן שקדים עם שוקולד מריר תנובה 125 גרם,מיוצר עי קונדיטוריית,,מעדן שקדים עם שוקולד,,125.00,100 גרם,false,,4.50,0.0360,true,1,202256
7290110324858,false,מעדן שקדים בטעם אגוזי לוז תנובה 125 גרם,מיוצר עי קונדיטוריית,,מעדן שקדים בטעם אגוז,,125.00,100 גרם,false,,4.50,0.0360,true,1,202257
7290110324872,false,גבינה צהובה גלבוע (5% 200 גר`)תנובה,גלבוע - תנובה,,גלבוע גבינה פרוסה 5%,,200.00,100 גרם,false,,18.90,0.0945,true,1,201943
7290110324926,false,משקה סויה ללא תוספת סוכר E אלטרנטיב,תנובה מרכז שיתופי לש,,משקה סויה ללא תוספת,יחידה,0.00,יחידה,false,,11.90,0.0000,true,1,190445
7290110325114,false,"משקה יוגורט יופלה גו לייט תות בננה 250 מ""ל - רבנות",מיוצר עי קונדיטוריית,,יופלה משקה יוגורט גו,,250.00,"100 מ""ל",false,,6.90,0.0276,true,1,160641
7290110325169,false,פרוסות גאודה 170 גר`קולקשיין תנובה,תנובה בעמ ***,,פרוסות גאודה 170 גרם,,170.00,100 גרם,false,,19.90,0.1171,true,1,219511
7290110325312,false,יופלה GO סויה 20 גרם חלבון בטעם תות תנובה 200 גרם,תנובה בעמ ***,,יופלה סויה גו 20 גרם,,200.00,100 גרם,false,,5.90,0.0295,true,1,194480
7290110325619,false,משקה שיבולת שועל תנובה E אלטרנטיב,מיוצר עי קונדיטוריית,,תנובה משקה שיבולת שו,יחידה,0.00,יחידה,false,,13.90,0.0000,true,1,204905
7290110325893,false,משקה חלב GO מועשר בחלבון בטעם אייס קפה,מיוצר עי קונדיטוריית,,משקה תנובה GO אייס ק,,340.00,100 גרם,false,,7.90,0.0232,true,1,204907
7290110326210,false,יופלה און טופ פצפוצים תנובה 157 גרם,מיוצר עי קונדיטוריית,,יופלה און טופ פצפוצי,,157.00,100 גרם,false,,5.50,0.0350,true,1,219474
7290110326227,false,יופלה און טופ קורנפלקס תנובה 157 גרם,מיוצר עי קונדיטוריית,,יופלה און טופ קורנפל,,157.00,100 גרם,false,,5.50,0.0350,true,1,219495
7290110326234,false,יופלה און טופ כוכבים תנובה 157 גרם,מיוצר עי קונדיטוריית,,יופלה און טופ כוכבים,,157.00,100 גרם,false,,5.50,0.0350,true,1,219496
7290110326333,false,פרוסות גבינה סקנדינבית 170 גר`קולקשיין,"תנובה בע""מ ***",,פרוסות גבינה סקנדינב,,170.00,100 גרם,false,,19.90,0.1171,true,1,303473
7290110327514,false,alternative משקה שיבולת שועל בטעם אגוזי לוז תנובה 1 ליטר,תנובה מרכז שיתופי לש,,משקה שיבולת שועל בטע,יחידה,0.00,יחידה,false,,13.90,0.0000,true,1,320898
7290110327828,false,חטיף חלבון GO - חמאת בוטנים 60 ג' חלב נוכרי - רבנות,"בלמונט קונפקציות בע""\מ.",,GO חטיף חלבון עם חמא,,60.00,100 גרם,false,,13.90,0.2317,true,1,306350
7290110328481,false,פתיתי פרמג'יאנו רג'יאנו מחלב בקר 30%,ברטינלי גיאני א.,,פתיתי פרמג'יאנו רג'י,,100.00,100 גרם,false,,14.90,0.1490,true,1,296979
7290110328627,false,יוגורט יופלה GO במרקם סמיך בטעם בננה קרמל 0%,מיוצר עי קונדיטוריית,,יוגורט גו סמיך 0% בנ,,200.00,100 גרם,false,,5.90,0.0295,true,1,309250
7290110328764,false,יוגורט יופלה GO במרקם סמיך עם תות 0%,מיוצר עי קונדיטוריית,,יוגורט גו סמיך 0% תו,,200.00,100 גרם,false,,5.90,0.0295,true,1,309251
7290110328771,false,יוגורט יופלה GO במרקם סמיך עם פירות יער 0%,מיוצר עי קונדיטוריית,,יוגורט גו סמיך 0% פי,,200.00,100 גרם,false,,5.90,0.0295,true,1,309252
7290110328788,false,יוגורט יופלה GO במרקם סמיך בטעם אפרסק 0%,תנובה מרכז שיתופי לש,,יוגורט גו סמיך 0% אפ,,200.00,100 גרם,false,,5.90,0.0295,true,1,309235
7290110329136,false,מעדן חלב מעושר בחלבון בטעם שוקולד 120 ג' GO,תנובה מרכז שיתופי לש,,מעדן חלב גו בטעם שוק,,120.00,100 גרם,false,,5.30,0.0442,true,1,364257
7290110329143,false,מעדן חלב מעושר בחלבון בטעם וניל גביע 120 ג' GO,תנובה מרכז שיתופי לש,,מעדן חלב גו בטעם וני,,120.00,100 גרם,false,,5.30,0.0442,true,1,364227
7290110329266,false,יוגורט תנובה מחלב עיזים מלא תנובה 140 ג',תנובה בעמ ***,,יוגורט מחלב עיזים מל,,140.00,100 גרם,false,,6.50,0.0464,true,1,327188
7290110329273,false,יוגורט תנובה מחלב עיזים מלא 750 גרם,תנובה בעמ ***,,יוגורט מחלב עיזים מל,,750.00,100 גרם,false,,21.90,0.0292,true,1,327259
7290110329303,false,פרוסות בטעם צהובה קלאסית אלטרנטיב 200 גר,תנובה Alternative,,פרוסות צהובה קלאסית,,200.00,100 גרם,false,,22.90,0.1145,true,1,364272
7290110329716,false,משקה חלב קר בטעם קפוצ'ינו 230 גרם תנובה,תנובה מרכז שיתופי לש,,קפה קר בטעם קפוצ'ינו,,230.00,יח',false,,8.90,0.0387,true,1,423475
7290110329792,false,יוגורט סויה BIO Alternative אפרסק 150 ג' תנובה,מיוצר עי קונדיטוריית,,סויה BIO אפרסק גביע,,150.00,100 גרם,false,,5.50,0.0367,true,1,388651
7290110329808,false,יוגורט סויה BIO Alternative תות 150 ג' תנובה,מיוצר עי קונדיטוריית,,סויה BIO תות גביע 15,,150.00,100 גרם,false,,5.50,0.0367,true,1,388652
7290110329815,false,סויה BIO מתיקות מעודנת גביע 150 גרם אלטרנטיב,מיוצר עי קונדיטוריית,,סויה BIO מתיקות מעוד,,150.00,100 גרם,false,,5.50,0.0367,true,1,388653
7290110329822,false,יוגורט סויה BIO Alternative פירות יער 150 ג' תנובה,מיוצר עי קונדיטוריית,,סויה BIO פירות יער ג,,150.00,100 גרם,false,,5.50,0.0367,true,1,388654
7290110329846,false,יוגורט סויה BIO Alternative בטעם טבעי 150 ג' תנובה,מיוצר עי קונדיטוריית,,סויה BIO טבעי גביע 1,,150.00,100 גרם,false,,5.50,0.0367,true,1,388655
7290110329914,false,מאגדת משקה שיבולת שועל ושקדים 100 גרם*6 יח' ביו אלטרנטיב,תנובה מרכז שיתופי לש,,מאגדת משקה שיבולת שו,,618.00,100 גרם,false,,20.90,0.0338,true,1,453114
7290110550219,false,מטבעות שוקולד לבן לאפיה 400 גרם עלית,שטראוס גרופ בע`מ,,מטבעות שוקולד לבן לא,,400.00,100 גרם,false,,30.90,0.0772,true,1,423936
7290110550370,false,פריכיות משולשות קינואה ופלפל שחור 65 גרם,שטראוס גרופ בע`מ,,אנרגי פריכיות משולשו,,65.00,100 גרם,false,,11.90,0.1831,true,1,477864
7290110552220,false,יוגורט PRO בטעם תות 0% סוכר לבן 20 גרם חלבון בגביע,שטראוס גרופ בעמ/מצונן,,דנונה PRO 20 גרם חלב,,200.00,100 גרם,false,,6.20,0.0310,true,1,381528
7290110552237,false,יוגורט פרו בטעם אפרסק מנגו ללא סוכר 200 ג' דנונה,שטראוס גרופ בעמ/מצונן,,דנונה PRO 20 גרם חלב,,200.00,100 גרם,false,,6.20,0.0310,true,1,381513
7290110553029,false,"אנרג'י קריספס-פריכיות חומוס, עדשים ואפונה עם קייל וסלק","פרח תעשיו מזון בע""מ",,פריכיות חלבון קייל ח,,60.00,100 גרם,false,,11.90,0.1983,true,1,384939
7290110553036,false,קריספס-פריכיות עם אפונה ובטטה סגולה בטעם בצל מקורמל,"פרח תעשיו מזון בע""מ",,פרכית חלבון בטטה סגו,,60.00,100 גרם,false,,11.90,0.1983,true,1,384940
7290110553173,false,אנרגי פריכיות אורז בטעם קרמל 50 גרם,שטראוס גרופ בע`מ,,פריכיות אורז בטעם קר,,40.00,100 גרם,false,,8.90,0.2225,true,1,478024
7290110554262,false,חלבית מלבין קפה חלבי 350 ג' עלית,שטראוס גרופ בע`מ,,מלבין קפה חלבי 350 ג,,350.00,100 גרם,false,,20.90,0.0597,true,1,397669
7290110554422,false,פומודורו רוטב עגבניות ופלפלים לשקשוקה לפסטה יד מרדכי 350 גרם,אמיליאנה קונסרב סוסייטה,,רוטב עגבניות ופלפלים,,350.00,100 גרם,false,,12.90,0.0369,true,1,398095
7290110555009,false,זוג פסאטה מחית עגבניות חלקה יד מרדכי 700 גרם,אמיליאנה קונסרב ס.פ.,,פסאטה זוגות 700 גרם,,700.00,100 גרם,false,,13.90,0.0199,true,1,476981
7290110555603,false,ספלנדיד אבקה להכנת משקה בטעם שוקולטה,שטראוס גרופ בע`מ,,אבקה להכנת שוקולטה ס,,360.00,100 גרם,false,,22.90,0.0636,true,1,488425
7290110555795,false,נסקפה קפוצ'ינו פחית קלאסי 200 ג' עלית,שטראוס גרופ בע`מ,,אבקה להכנת משקה קפה,,200.00,100 גרם,false,,24.90,0.1245,true,1,486805
7290110556242,false,"שוקולד מריר פרווה 100 גר' בד""ץ תוצרת חוץ","שטראוס גרופ בע""מ.",,שוקולד מריר מעולה 10,,100.00,100 גרם,false,,5.90,0.0590,true,1,472946
7290110557027,false,חומוס עשיר 50% טחינה גולמית 400 ג' אחלה,שטראוס גרופ בעמ/מצונן,,חומוס הסדרה עשיר ב50,,400.00,100 גרם,false,,14.90,0.0373,true,1,363368
7290110557102,false,מעדן חלב עם שוקולד מועשר בחלבון 150 ג' שטראוס,שטראוס גרופ בעמ/מצונן,,מעדן פרו חלב עם שוקו,,150.00,100 גרם,false,,5.50,0.0367,true,1,346780
7290110557133,false,מעדן הגולן וניל 125 ג' שטראוס,שטראוס גרופ בעמ/מצונן,,מעדן הגולן מעדן חלב,,125.00,100 גרם,false,,3.40,0.0272,true,1,357783
7290110557317,false,יוגורט בתוספת סידן וויטמין ד עם שיבולת שועל 100 ג' דנונה,שטראוס גרופ בעמ/מצונן,,היוגורט הראשון שלי ש,,100.00,100 גרם,false,,2.90,0.0290,true,1,435523
7290110557645,false,מאגדת חטיפים אנרג'י מיקס צימוקים חמוציות 100X4 גרם,שטראוס גרופ בע`מ,,מיקס מאגדת צימוקים ח,,100.00,100 גרם,false,,18.90,0.1890,true,1,452184
7290110558284,false,דנונה ביו מולטי שטראוס 200 גרם,שטראוס גרופ בעמ/מצונן,,דנונה מולטי 3% שומן,,200.00,יח',false,,4.50,0.0225,true,1,444086
7290110558307,false,יוגורט דנונה PRO עם שיבולת שועל במתיקות מעודנת,שטראוס גרופ בעמ/מצונן,,דנונה פרו עם שיבולת,,200.00,"100 מ""ל",false,,6.70,0.0335,true,1,433467
7290110558314,false,דנונה פרו 20 גרם חלבון ללא סוכר פיסטוק 200 גרם,שטראוס גרופ בעמ/מצונן,,דנונה פרו ללא סוכר 2,,200.00,100 גרם,false,,6.20,0.0310,true,1,452006
7290110558338,false,דנונה פרו 25 ג' חלבון 200 ג' שטראוס,שטראוס גרופ בעמ/מצונן,,דנונה פרו 25 גרם חלב,,200.00,יח',false,,6.20,0.0310,true,1,433468
7290110560300,false,"הפריכיות הטעימות חומוס, עדשים שחורות, קינואה ופלפל שחור",אנרג'י Energy - שטראוס,,פריכיות משולשות פלפל,,30.00,100 גרם,false,,5.50,0.1833,true,1,136712
7290110560317,false,"הפריכיות הטעימות חומוס, עדשים שחורות, קינואה ומלח ים","פרח תעשיו מזון בע""מ",,פריכיות משולשות מלח,,30.00,100 גרם,false,,5.50,0.1833,true,1,136713
7290110560324,false,"הפריכיות הטעימות תפו""א, אורז, אפונה ומלח ים","פרח תעשיו מזון בע""מ",,פריכיות משולשות אפונ,,30.00,100 גרם,false,,5.50,0.1833,true,1,136714
7290110561352,false,דנונה יוגורט ביו פרוביוטי 3% דל לקטוז 150ג',שטראוס גרופ בעמ/מצונן,,דנונה ביו דל לקטוז ב,,200.00,100 גרם,false,,3.70,0.0185,true,1,123916
7290110561604,false,מארז 8 יחידות מעדן גמדים בטעם תות בננה,שטראוס גרופ בעמ/מצונן,,שמיניית גמדים תות בנ,,800.00,100 גרם,false,,19.50,0.0244,true,1,112542
7290110563448,false,"משקה קפה קר בסגנון מעודן 230 מ""ל 1.6% יוטבתה",שטראוס גרופ בעמ/מצונן,,יטבתה משקה קפה קר בס,,230.00,"100 מ""ל",false,,7.90,0.0343,true,1,138640
7290110563462,false,חלב 2% דל לקטוז בבקבוק יטבתה 1 ליטר.,שטראוס גרופ בעמ/מצונן,,יטבתה חלב בבקבוק נטו,ליטרים,1.00,ליטר,false,,8.50,8.5000,true,1,140020
7290110564339,false,חומוס אחלה הסידרה המובחר 30% טחינה 400 גר',שטראוס גרופ בעמ/מצונן,,חומוס הסדרה המובחרת,,400.00,100 גרם,false,,14.90,0.0373,true,1,112484
7290110564360,false,חומוס אחלה הסידרה המובחר 40% טחינה 400 גר',שטראוס גרופ בעמ/מצונן,,חומוס אחלה עשיר ב 40,,400.00,100 גרם,false,,14.90,0.0373,true,1,112457
7290110565527,false,יוגורט PRO פרו 1.5% 20 גרם חלבון בגביע,שטראוס גרופ בעמ/מצונן,,דנונה PRO 20 גרם חלב,,200.00,100 גרם,false,,6.20,0.0310,true,1,106378
7290110566975,false,דנונה פרו יוגורט 0% תות עשיר בחלבון 200ג',שטראוס גרופ בעמ/מצונן,,דנונה PRO 20 גרם חלב,,200.00,100 גרם,false,,6.20,0.0310,true,1,123958
7290110568238,false,"קצפת צמחית 21% שומן 250 מ""ל יוטבתה",שטראוס גרופ בעמ/מצונן,,קצפת צימחית 21% במתי,,250.00,"100 מ""ל",false,,8.50,0.0340,true,1,128049
7290110568276,false,"משקה יוטבתה פרו וניל לשתיה 350מ""ל",שטראוס גרופ בעמ/מצונן,,משקה פרו וניל יטבתה,,350.00,"100 מ""ל",false,,6.90,0.0197,true,1,125325
7290110570224,false,משקה קפה קר בטעם עוגיות (230 גר`) יטבתה,שטראוס גרופ בעמ/מצונן,,משקה קפה קר בטעם עוג,,230.00,יח',false,,7.90,0.0343,true,1,444298
7290110571405,false,עלית - מיני פינוקיות בגביע פסק זמן 180 גרם,שטראוס גרופ בע`מ,,מיני פינוקיות פסק זמ,,180.00,100 גרם,false,,11.90,0.0661,true,1,486676
7290110571412,false,מיני פינוקיות - פאדג' שוקולד בגביע 180 גרם,שטראוס גרופ בע`מ,,מיני פינוקיות בגביע,,180.00,100 גרם,false,,11.90,0.0661,true,1,486660
7290110571481,false,פחית קפה נמס קמפיין משפטים 200 גרם 2022,שטראוס קפה בי.וי,,קפה נמס עלית 200 גרם,,200.00,100 גרם,false,,21.90,0.1095,true,1,444755
7290110572129,false,כיף כף מקלות שוקולד לבן 40 ג' עלית,סולן בעבור שטראוס,,כיף כף מקלות שוקולד,,40.00,100 גרם,false,,5.20,0.1300,true,1,489694
7290110572884,false,"קפסולות קפה מספר 20 למכונת אספרס אספרסו, 50 גרם",שטראוס קפה בי.וי.,,קפסולות אספרסו קפה ע,,50.00,100 גרם,false,,18.90,0.3780,true,1,486837
7290110572969,false,כיף כף פצפצים עלית קרם לבן (40 גר`),שולן צ'\יקולטה גידה סאן.,,כיף כף פצפצים קרם לב,,40.00,100 גרם,false,,5.20,0.1300,true,1,452108
7290110572976,false,כיף כף פצפצים בגביע במילוי קרם בטעם שוקולד לבן,שולן צ'יקולטה גידה ס,,כיף כף פצפצים קרם לב,,135.00,100 גרם,false,,11.50,0.0852,true,1,452036
7290110576318,false,מאגדת שלישיית שוקולד אגוז לבן 300 ג' עלית,שטראוס גרופ בע`מ,,מארז שלישיית אגוז ל,,300.00,100 גרם,false,,28.50,0.0950,true,1,476983
7290110576370,false,מארז שלישייה שוקולד מריר חלבי עם אגוזי לוז,שטראוס גרופ בע`מ,,מארז שלישיית אגוז מ,,300.00,100 גרם,false,,28.50,0.0950,true,1,476984
7290110576387,false,מאגדת שלישיית שוקולד אגוז חלב 300 ג' עלית,שטראוס גרופ בע`מ,,מארז שלישיית אגוז ח,,300.00,100 גרם,false,,28.50,0.0950,true,1,476985
7290110576752,false,טבלאות שוקולד ספלנדיד מריר 70% 100 ג' עלית,שטראוס גרופ בע`מ,,שוקולד ספלנדיד מריר,,100.00,100 גרם,false,,11.90,0.1190,true,1,486945
7290110576776,false,טבלאות שוקולד ספלנדיד מריר 85% 100 ג' עלית,שטראוס גרופ בע`מ,,שוקולד ספלנדיד מריר,,100.00,100 גרם,false,,11.90,0.1190,true,1,486946
7290111092985,false,מארז מגבונים לחים בייביסיטר ללא בישום רביעייה,שקד תבל בע`מ,,מגבוני בייבי פרפורמנ,יחידה,0.00,יחידה,false,,16.90,0.0000,true,1,441706
7290111098536,false,מגבונים לחים לתינוק,,,מגבונים לחים לתינוק,יחידה,0.00,יחידה,false,,14.90,0.0000,true,1,416646
7290111340185,false,מטליות לחות רצפה ניחוח מרכך כביסה ניקול 10 יחידות,קימברלי קלארק ישראל שיווק בעמ,,ניקול לחות לניקוי רצ,יחידה,0.00,יחידה,false,,11.90,0.0000,true,1,86009
7290111342042,false,ניקול כריות יפניות אנטיבקטריאלי 4 יחידות,קימברלי קלארק ישראל שיווק בעמ,,כריות יפניות אנטיבקט,יחידה,0.00,יחידה,false,,12.90,0.0000,true,1,207753
7290111342738,false,לילי - מגבוני נייר טואלט לח קידס רביעייה,קימברלי קלארק ישראל שיווק בעמ,,לילי טואלט לח KIDS מ,יחידה,0.00,יחידה,false,,22.00,0.0000,true,1,208216
7290111343117,false,קלינקס ממחטות לושן סופט פק זוגות 140דף,קימברלי קלארק ישראל שיווק בעמ,,טישו לושן סופט קליני,יחידה,0.00,יחידה,false,,15.50,0.0000,true,1,263879
7290111344459,false,קוטוקס תחבושות נייט אקסטרא לונג 20 יח',קימברלי קלארק ישראל שיווק בעמ,,תחבושות נייט אקסטרא,,18.00,יח',false,,18.90,1.0500,true,1,348888
7290111345753,false,תחבושות נטורל דואו נורמל 24 יח' קוטקס,קימברלי קלארק ישראל שיווק בעמ,,תחבושות כותנה נורמל,יחידה,0.00,יחידה,false,,18.90,0.0000,true,1,400990
7290111345821,false,נייר טואלט לילי נטורל קר 32-16 גלילי כפו,קימברלי קלארק ישראל שיווק בעמ,,נייר טואלט נטורל קר,,16.00,יח',false,,36.90,2.3062,true,1,374289
7290111346293,false,מגבת נייר ניקול 6 יחידות מהדורה חגיגית,קימברלי קלארק ישראל שיווק בעמ,,מגבות מטבח ניקול לבנ,,64.80,מטר,false,,12.90,0.1991,true,1,433742
7290111564291,false,פריכיות דקות ונימוחות 3 דגנים וקינואה פיטנס Fitness,קבוצת אוסם סחר שותפות מוגבלת,,פריכיות קינואה דקות,,120.00,100 גרם,false,,11.90,0.0992,true,1,87970
7290111566240,false,שניצל דק מן הצומח בטעם צ'ילי חריף 700 גרם,קבוצת אוסם סחר שותפות מוגבלת,,שניצל דק צמחוני בטע,,564.00,100 גרם,false,,34.90,0.0619,true,1,119015
7290111566271,false,טבעול חטיפי תירס 657 גרם קפוא,קבוצת אוסם סחר שותפות מוגבלת,,חטיפי תירס טבעול 65,,657.00,100 גרם,false,,31.90,0.0486,true,1,119016
7290111566547,false,טבעול חזה בגריל צמחוני 99 קלוריות 560ג',קבוצת אוסם סחר שותפות מוגבלת,,חזה בגריל מו הצומח,,560.00,100 גרם,false,,34.90,0.0623,true,1,112340
7290111566561,false,"שניצל ברוקולי 99 קלוריות 560 גר' ""טבעול""",קבוצת אוסם סחר שותפות מוגבלת,,טבעול שניצל ברוקולי,,630.00,100 גרם,false,,34.90,0.0554,true,1,119022
7290111568275,false,אטריות נודלס אורז רחבות אסם אסייתי 300גרם,קבוצת אוסם סחר שותפות מוגבלת,,נודלס אטריות אורז רח,,300.00,100 גרם,false,,11.90,0.0397,true,1,125734
7290111932502,false,"משחת שיניים קולגייט אופטיק וייט אקספרט וויט 75 מ""ל",ש.שסטוביץ בעמ,,מש.שיניים אופטיק ויי,,75.00,"100 מ""ל",false,,29.90,0.3987,true,1,131124
7290112000385,false,מנקה ומחטא עוצמתי למטבח ללא אקונומיקה,רקיט בנקיזר (ניר איסט) בעמ,,תרסיס ניקוי וחיטוי ל,,750.00,"100 מ""ל",false,,13.90,0.0185,true,1,132401
7290112002099,false,קולון גל כביסה מרוכז 2.5 ליטר קלאסי,רקיט בנקיזר (ניר איסט) בעמ,,קולון ג'ל 2.5 ליטר ב,ליטרים,2.50,ליטר,false,,28.90,11.5600,true,1,187847
7290112330352,false,"יוגורט PRO בטעם וניל 0% , 20 גרם חלבון בגביע",שטראוס גרופ בעמ/מצונן,,דנונה פרו 20 גר וניל,,200.00,100 גרם,false,,6.20,0.0310,true,1,142850
7290112330390,false,דנונה פרו פירות יער 20 גרם חלבון 0% שומן 200 גרם,שטראוס גרופ בעמ/מצונן,,דנונה פרו 20 גר פירו,,200.00,100 גרם,false,,6.20,0.0310,true,1,142851
7290112330420,false,דנונה פרו לבן 2.9% שומן בודד 150גר,שטראוס גרופ בעמ/מצונן,,דנונה פרו לבן 2.9% 1,,150.00,100 גרם,false,,4.90,0.0327,true,1,138614
7290112332585,false,פריכיות משולש תפוא אורז בתיבול סלק ומלח ים אנרג'י 30 גרם,"פרח תעשיו מזון בע""מ",,"פריכיות הטעימות תפו""",,30.00,100 גרם,false,,5.50,0.1833,true,1,144460
7290112332691,false,פינוקיות עוגיות קרם פסק זמן אגוזים 200 גרם,"הגביע מוצרי וופלים בע""\מ",,פינוקיות עוגיית קרם,,200.00,100 גרם,false,,11.90,0.0595,true,1,146573
7290112334596,false,שוקולית אבקת שוקו עלית,שטראוס קפה בי.וי.,,אבקה להכנת שוקו 850,,935.00,100 גרם,false,,19.50,0.0209,true,1,491943
7290112335487,false,הפריכיות הטעימות קצח ודגנים אנרג'י 135 גרם,אנרג'י Energy - שטראוס,,פריכיות הטעימות קצח,,135.00,100 גרם,false,,12.90,0.0956,true,1,144000
7290112335500,false,"פרכיות אנרג'י חומוס,אורז,עדשים שחורות וקינואה 135 גרם","פרח תעשיות מזון בע""\מ",,פריכיות הטעימות עשיר,,135.00,100 גרם,false,,12.90,0.0956,true,1,144002
7290112336637,false,סוכריות מאסט Must ללא סוכר יוגורט תות ואוכניות,שטראוס גרופ בע`מ,,"סוכריות מאסט לל""ס יו",,80.00,100 גרם,false,,8.90,0.1113,true,1,188669
7290112336712,false,יוגורט PRO לבן 0% 21 גרם חלבון בגביע,שטראוס גרופ בעמ/מצונן,,דנונה פרו 21 0% שומן,,200.00,100 גרם,false,,6.20,0.0310,true,1,140024
7290112337474,false,סוכריות מאסט ללא סוכר פטל לימון 80 ג' עלית,שטראוס גרופ בע`מ,,"סוכריות מאסט לל""ס פט",,80.00,100 גרם,false,,8.90,0.1113,true,1,188672
7290112339867,false,גמדים לדרך גבינה לבנה עם מחית תות,שטראוס גרופ בעמ/מצונן,,גמדים סקוויז בודד תו,,100.00,100 גרם,false,,5.90,0.0590,true,1,138622
7290112339874,false,גמדים לדרך גבינה לבנה עם מחיות תות ובננה,שטראוס גרופ בעמ/מצונן,,גמדים סקוויז בודד תו,,100.00,100 גרם,false,,5.90,0.0590,true,1,138623
7290112340122,false,הפריכיות הטעימות 3 דגנים אנרג'י 135 גרם,"פרח תעשיות מזון בע""\מ",,פריכיות הטעימות 3 דג,,135.00,100 גרם,false,,12.90,0.0956,true,1,144003
7290112340245,false,מסטיק מאסט צנצנת בטעם דובדבן 66 גר` מגדי,"שטראוס גרופ בע""\מ",,צנצנת מאסט בטעם דובד,,66.00,100 גרם,false,,10.90,0.1652,true,1,140849
7290112341679,false,אקטיביה יוגורט 3% דנונה (200 גרם),שטראוס גרופ בעמ/מצונן,,דנונה אקטיביה 3% 200,,200.00,100 גרם,false,,4.20,0.0210,true,1,187828
7290112341686,false,שמינייה יוגורט לבן אקטיביה 3% דנונה 150 גרם.,שטראוס גרופ בעמ/מצונן,,אקטיביה מארז 3% 8*15,קילוגרמים,1.20,"ק""ג",false,,21.50,17.9167,true,1,187829
7290112343420,false,"משקה חלב עם דגנים מלאים ובננה פרו יטבתה 350מ""ל",שטראוס גרופ בעמ/מצונן,,משקה יטבתה פרו 20 אר,,350.00,"100 מ""ל",false,,7.90,0.0226,true,1,196203
7290112343499,false,חטיף צ'יטוס פאפס אפוי בטעם גבינה,"שטראוס פריטו ליי בע""\מ )",,ציטוס Puffs בטעם גבי,,55.00,100 גרם,false,,3.60,0.0655,true,1,349105
7290112344564,false,רביולי גבינה קלאסי שטראוס 400 ג',שטראוס גרופ בעמ/מצונן,,EAT GOOD רביולי גבינ,,400.00,100 גרם,false,,21.70,0.0542,true,1,188299
7290112344724,false,מילקי בטעם שוקולד בלונדי עם קצפת 133גר,שטראוס גרופ בעמ/מצונן,,מילקי בטעם שוקולד בל,,170.00,"100 מ""ל",false,,3.90,0.0229,true,1,196190
7290112344755,false,מילקי עם 26% פחות סוכר 135 גר}שטראוס{,שטראוס גרופ בעמ/מצונן,,מילקי עם 26% פחות סו,,135.00,"100 מ""ל",false,,2.90,0.0215,true,1,271633
7290112346629,false,דנונה בר יוגורט+קורנפלקס מצופה שוקולד חלב ולבן 172 גרם,שטראוס גרופ בעמ/מצונן,,דנונה קראנצ' עם קורנ,,172.00,"100 מ""ל",false,,4.80,0.0279,true,1,234554
7290112348999,false,הפריכיות הטעימות תירס דקות אנרג'י 135 גרם,שטראוס גרופ בע`מ,,פריכיות טעימות תירס,,135.00,100 גרם,false,,12.90,0.0956,true,1,278117
7290112349316,false,מסטיק בזוקה פופים ממולא בטעם תות ללא סוכר,שטראוס גרופ בע`מ,,בזוקה ביג פופים בטעם,,86.00,100 גרם,false,,13.90,0.1616,true,1,221473
7290112349606,false,מעדן גבינה ויוגורט תות בננה 88 ג' דניאלה,שטראוס גרופ בעמ/מצונן,,דניאלה תות בננה 150,,150.00,יח',false,,4.30,0.0287,true,1,381543
7290112349705,false,פומודורו רוטב עגבניות קלאסי לפסטה יד מרדכי 350 גרם,אמיליאנה קונסרב סוסייטה,,רוטב עגבניות פומודרו,,350.00,100 גרם,false,,12.90,0.0369,true,1,208410
7290112349736,false,בזיליקום רוטב עגבניות לפסטה יד מרדכי 350 גרם,אמיליאנה קונסרב סוסייטה,,רוטב עגבניות בזיליקו,,350.00,100 גרם,false,,12.90,0.0369,true,1,208411
7290112349750,false,פיצה רוטב עגבניות לפיצה יד מרדכי 350 גרם,אמיליאנה קונסרב סוסייטה,,רוטב עגבניות לפיצה 3,,350.00,100 גרם,false,,12.90,0.0369,true,1,208413
7290112349897,false,מסטיק מאסט Must קוביות בטעם מנטה ללא סוכר,שטראוס גרופ בע`מ,,מאסט קוביות מנטה 86,,86.00,100 גרם,false,,13.90,0.1616,true,1,221474
7290112351258,false,עוגיית קקאו פינוקיות שחור לבן 200 גר,"הגביע מוצרי ופלים בע""\מ",,פינוקיות עוגיית שחור,,200.00,100 גרם,false,,11.90,0.0595,true,1,249849
7290112351463,false,שלישיית סוכריות מאסט FRESH פטל לימון 45 ג' עלית,"הליקון גידה בע""\מ",,שלישיית סוכריות FRES,,45.00,100 גרם,false,,9.50,0.2111,true,1,256220
7290112351470,false,סוכריות ללא סוכר בטעם תות רימון מאסט פרש,"הליקון גידה בע""\מ",,שלישיית סוכריות FRES,,45.00,100 גרם,false,,9.50,0.2111,true,1,256221
7290112351524,false,עלי סלנובה 200 גר' שטראוס טעם הטבע,שטראוס בריאות ירקות טריי,,עלי סלנובה טעם הטבע,,200.00,100 גרם,false,,11.90,0.0595,true,1,239617
7290112354174,false,"פסטה רוזה 280 ג""ר ""דלישס"" שטראוס",קפוא-זן תעשיות מזון בעמ - תפוג,,פסטה רוזה שטראוס דלי,,280.00,100 גרם,false,,23.90,0.0854,true,1,355771
7290112354204,false,"ספגטי עגבניות 280 גר' ""דלישס"" שטראוס",קפוא-זן תעשיות מזון בעמ - תפוג,,ספגטי עגבניות שטראוס,,280.00,100 גרם,false,,23.90,0.0854,true,1,355773
7290112354945,false,תפוצ'יפס WAVY בטעם טבעי 50 גרם,שטראוס פריטו ליי בע”,,תפוצ'יפס wavy 50 גר,,50.00,100 גרם,false,,4.30,0.0860,true,1,490752
7290112354952,false,תפוצ`יפס פפריקה (50 גרם)היתר מכירה,שטראוס פריטו ליי בע”,,תפוצ'יפס wavy פפריקה,,50.00,100 גרם,false,,4.30,0.0860,true,1,490753
7290112354969,false,תפוצ'יפס בטעם טבעי 200 גרם היתר מכירה,שטראוס פריטו ליי בע”,,תפוצ'יפס וויבי 200 ג,,200.00,100 גרם,false,,10.90,0.0545,true,1,490640
7290112355027,false,דנונה פרו 20 גרם חלבון בטעם קרמל מלוח 200 גרם,שטראוס גרופ בעמ/מצונן,,דנונה פרו 20 גר' בטע,,200.00,100 גרם,false,,6.20,0.0310,true,1,271664
7290112355102,false,גמדים סקוויז 100 גרם פאוץ סלט פירות 100 גרם,שטראוס גרופ בעמ/מצונן,,סקוויז גמדים לדרך סל,,100.00,100 גרם,false,,5.90,0.0590,true,1,279191
7290112357045,false,עגבניות איטלקיות מרוסקות 390 גר' בקופסה טעם הטבע,"שטראוס גרופ בע""מ",,עגבניות איטלקיות מרו,,390.00,100 גרם,false,,6.90,0.0177,true,1,226592
7290112357069,false,מחית עגבניות איטלקיות בקופסה 500 גר' טעם הטבע,שטראוס גרופ בע`מ,,מחית עגבניות איטלקיו,,500.00,100 גרם,false,,7.90,0.0158,true,1,226593
7290112357113,false,גרגרי חומוס בקופסה 380 גר' טעם הטבע,שטראוס גרופ בע`מ,,גרגרי חומוס טעם הטבע,,380.00,100 גרם,false,,7.90,0.0208,true,1,226595
7290112357175,false,קפסולות BOOST למכונת נספרסו עלית 10 יחידות,שטראוס קפה בי.וי,,קפסולות BOOST למכונו,,50.00,100 גרם,false,,18.90,0.3780,true,1,208244
7290112357892,false,שלישיית סוכריות מאסט FRESH מנטה 45 גרם,"הליקון גידה בע""\מ",,שלישיית סוכריות FRES,,45.00,100 גרם,false,,9.50,0.2111,true,1,256222
7290112358004,false,פסק זמן חטיף קראנץ עלית( 32 גר`),שולן צ'\יקולטה גידה סאן.,,פסק זמן קראנץ' 32 גר,,32.00,100 גרם,false,,5.50,0.1719,true,1,291811
7290112358127,false,דנונה פרו חלבון+מגנזיום- וניל ועוגיות 200 גרם,שטראוס גרופ בעמ/מצונן,,דנונה פרו 20 גר עם מ,,200.00,100 גרם,false,,6.70,0.0335,true,1,266100
7290112358219,false,רוטב צ`ילי מתוק יד מרדכי (300 גר`),אף.סי תבליני בגליל ב,,יד מורדכי רוטב צ'ילי,,300.00,"100 מ""ל",false,,14.90,0.0497,true,1,246529
7290112358233,false,רוטב צ`ילי חריף יד מרדכי (300 גר`),שטראוס גרופ בע`מ,,יד מורדכי רוטב צ'ילי,,300.00,"100 מ""ל",false,,14.90,0.0497,true,1,285885
7290112358431,false,עד חצות דאבל ביסקוויט עם שוקולד חלב -8 אריזות אישיות,ביסקוויטס טור ד'\אלבון,,דאבל ביסקוויט עם שוק,,200.00,100 גרם,false,,13.90,0.0695,true,1,298521
7290112490032,false,"נמס בכוס טעם תירס קנור 31 גרם מארז זוגי בד""צ",יוניליוור ישראל שיווק בע`מ,,נמס בכוס תירס קנור 2,,45.00,100 גרם,false,,7.80,0.1733,true,1,130483
7290112490209,false,נמס בכוס מרק עגבניות עם קרוטונים רכיבים טבעיים,יוניליוור ישראל שיווק בע`מ,,נמס בכוס מרק עגבניות,,56.00,100 גרם,false,,7.80,0.1393,true,1,132124
7290112490216,false,מרק נמס בכוס בטעם עוף קנור 100% רכיבים טבעיים,יוניליוור ישראל שיווק בע`מ,,נמס בכוס בטעם עוף קר,יחידה,48.00,יחידה,false,,7.80,0.1625,true,1,130563
7290112490230,false,מרק נמס בכוס אפונה קנור 100% רכיבים טבעיים,יוניליוור ישראל שיווק בע`מ,,נמס בכוס אפונה רכיבי,,50.00,100 גרם,false,,7.80,0.1560,true,1,130564
7290112491701,false,ברנפלקס בטעם וניל מעודן 20% חלבון Extra Protein,יוניליוור ישראל שיווק בע`מ,,ברנפלקס אקסטרה פרוטא,,400.00,100 גרם,false,,24.90,0.0622,true,1,138798
7290112492456,false,"שמפו פינוק לשיער יבש/פגום 700 מ""ל",יוניליוור ישראל שיווק בע`מ,,פינוק שמפו שיער יבש,,700.00,"100 מ""ל",false,,12.90,0.0184,true,1,217138
7290112492463,false,"שמפו ומרכך 2 ב-1 לשיער רגיל פינוק 700 מ""ל.",יוניליוור ישראל שיווק בע`מ,,פינוק 2ב1 לשיער רגיל,,700.00,"100 מ""ל",false,,12.90,0.0184,true,1,217121
7290112492531,false,"פינוק קונדישנר לשיער רגיל 700מ""ל",יוניליוור ישראל שיווק בע`מ,,פינוק מרכך לשיער רגי,,700.00,"100 מ""ל",false,,12.90,0.0184,true,1,217139
7290112492593,false,תחליב רחצה פינוק בניחוח פינוק קלאסי 700,יוניליוור ישראל שיווק בע`מ,,פינוק תחליב רחצה קלא,,700.00,"100 מ""ל",false,,10.90,0.0156,true,1,217157
7290112492609,false,"תחליב רחצה פינוק 700 מ""ל לבנדר ווניל",יוניליוור ישראל שיווק בע`מ,,פינוק תחליב רחצה לבנ,,700.00,"100 מ""ל",false,,10.90,0.0156,true,1,217158
7290112492630,false,"שמפו ג'ל רחצה וסבון פנים 3 ב-1 לגבר פינוק 700 מ""ל",יוניליוור ישראל שיווק בע`מ,,פינוק לגבר 3 ב-1 700,,700.00,"100 מ""ל",false,,12.90,0.0184,true,1,217143
7290112492999,false,קנור מרק עוף אמיתי 400 גרם פרווה,יוניליוור ישראל שיווק בע`מ,,מרק טעם עוף קנור 400,,400.00,100 גרם,false,,15.90,0.0398,true,1,201625
7290112493088,false,נמס בכוס עדשים מרק רכיבים טבעיים קנור 54 ג',יוניליוור ישראל שיווק בע`מ,,נמס בכוס מרק עדשים ח,,54.00,100 גרם,false,,7.80,0.1444,true,1,157440
7290112495044,false,דגני קוקומן פצפוצים תלמה (375 גרם),יוניליוור ישראל שיווק בע`מ,,קוקומן פצפוצים תלמה,,375.00,100 גרם,false,,22.90,0.0611,true,1,193877
7290112495112,false,נשנושים טעם זעתר בייגל בייגל 260 גרם,יוניליוור ישראל שיווק בע`מ,,נשנושים זעתר 260 גרם,,260.00,100 גרם,false,,13.90,0.0535,true,1,193890
7290112495150,false,נשנושי קרקר עיגולים מלח בייגל בייגל 300 גרם,יוניליוור ישראל שיווק בע`מ,,נשנושים עגול מלוח 30,,300.00,100 גרם,false,,14.50,0.0483,true,1,193893
7290112495167,false,נשנושי קרקר משולשי שומשום בייגל בייגל 300 גרם,יוניליוור ישראל שיווק בע`מ,,נשנושים משולש שומשום,,300.00,100 גרם,false,,14.50,0.0483,true,1,193894
7290112495228,false,קורנפלקס נגיעות דבש תלמה 448 גרם,יוניליוור ישראל שיווק בע`מ,,קורנפלקס דבש תלמה תל,,448.00,100 גרם,false,,19.70,0.0440,true,1,193882
7290112495280,false,ברנפלקס ריבועי קינמון תלמה (400 גרם),יוניליוור ישראל שיווק בע`מ,,ריבועי ברנפלקס קינמו,,400.00,100 גרם,false,,24.90,0.0622,true,1,231516
7290112495822,false,כריות BLACK בטעם שוקולד וניל תלמה 686 גרם,יוניליוור ישראל שיווק בע`מ,,"כריות בלאק תלמה בד""ץ",,686.00,100 גרם,false,,27.90,0.0407,true,1,207499
7290112496034,false,"סירופ מייפל לחיץ 580 מ""ל כשל""פ אפיכל",יוניליוור ישראל שיווק בע`מ,,"סירופ מייפל בד""צ 600",,600.00,"100 מ""ל",false,,13.90,0.0232,true,1,209357
7290112497000,false,פנטסטיק תרכיז ניקוי רב תכליתי בניחוח לימון,יוניליוור ישראל שיווק בע`מ,,סיף פנטסטיק ניקוי כל,יחידה,0.00,יחידה,false,,13.90,0.0000,true,1,221429
7290112497994,false,"גרנולה תלמה פרוטאין בתוספת חלבון ואגוזים, 300 גרם",יוניליוור ישראל שיווק בע`מ,,גרנולה PROTEIN בתוספ,,300.00,100 גרם,false,,16.90,0.0563,true,1,328394
7290112498922,false,מאגדת מיני מגנום לבן שטראוס 250 גרם,"מיוצר ע""\י גלידת שטראוס",,מאגדת מיני מגנום לבן,,310.00,100 גרם,false,,29.90,0.0965,true,1,306712
7290112499462,false,פינוק תחליב רחצה 700 בתוספת שמן קוקוס,יוניליוור ישראל שיווק בע`מ,,תחליב רחצה בתוספת שמ,,700.00,"100 מ""ל",false,,10.90,0.0156,true,1,306717
7290112961464,false,פיטנס חטיפי פריכיות דגנים וחומוס מתובלות,קבוצת אוסם סחר שותפות מוגבלת,,חטיפי פריכיות דקות מ,,60.00,100 גרם,false,,9.90,0.1650,true,1,138246
7290112962287,false,טבעול שווארמה טבעונית 6*450 גרם,קבוצת אוסם סחר שותפות מוגבלת,,שווארמה טבעונית טבעו,,450.00,100 גרם,false,,34.90,0.0776,true,1,214010
7290112963918,false,פיטנס חטיפי קרקר דק רוזמרין 140 גרם,קבוצת אוסם סחר שותפות מוגבלת,,פיטנס חטיפי קרקר דק,,140.00,100 גרם,false,,13.90,0.0993,true,1,153265
7290112964410,false,אסם רוטב אלף האיים חדש לסלט 290 גרם,קבוצת אוסם סחר שותפות מוגבלת,,אסם רוטב אלף האיים ל,,290.00,"100 מ""ל",false,,10.90,0.0376,true,1,146871
7290112965868,false,קרם קרקר במתיקות מעודנת אסם 250 גרם,קבוצת אוסם סחר שותפות מוגבלת,,אסם קרם קרקר במליחות,,250.00,100 גרם,false,,11.60,0.0464,true,1,195577
7290112965943,false,נאגטס ירקות ירוקים ( 500 גר`) טבעול,קבוצת אוסם סחר שותפות מוגבלת,,טבעול נאגטס ירקות יר,,500.00,100 גרם,false,,34.90,0.0698,true,1,270150
7290112965967,false,נאגטס ירקות כתומים ( 500 גר`) טבעול,קבוצת אוסם סחר שותפות מוגבלת,,טבעול נאגטס ירקות כת,,500.00,100 גרם,false,,34.90,0.0698,true,1,270151
7290112966094,false,עוגת הבית בטעם תפוז מופחת סוכראסם (400 ג,קבוצת אוסם סחר שותפות מוגבלת,,עוגת הבית תפוז מופחת,,400.00,100 גרם,false,,11.90,0.0298,true,1,195470
7290112967220,false,ביסלי מארז ברביקיו 20 גר'*10 יח' אסם,"אסם השקעות בע""\מ",,ביסלי ברביקיו מארז 1,,200.00,100 גרם,false,,13.90,0.0695,true,1,231655
7290112967244,false,ביסלי גריל מארז 20 גר'*10 יח' אסם,,,ביסלי גריל מארז 10*,,200.00,100 גרם,false,,13.90,0.0695,true,1,195571
7290112968807,false,80018416694פיטנס חטיפי קרקר דק סלק 150גר,קבוצת אוסם סחר שותפות מוגבלת,,פיטנס קרקר דק סלק 14,,140.00,100 גרם,false,,13.90,0.0993,true,1,279794
7290112968821,false,חטיפי קרקר דק בטטה 140 גר` פיטנס,קבוצת אוסם סחר שותפות מוגבלת,,פיטנס קרקר דק בטטה 1,,140.00,100 גרם,false,,13.90,0.0993,true,1,279795
7290113192324,false,זיתים ירוקים שלמים בינוניים בית השיטה,קבוצת אוסם סחר-שות.מוגבלת,,זית ירוק בית השיטה 3,,340.00,100 גרם,false,,11.70,0.0344,true,1,201713
7290113192331,false,זיתים ירוקים מנזנילו 340 גר' בית השיטה,קבוצת אוסם סחר שותפות מוגבלת,,זיתים ירוק גדול בית,,340.00,100 גרם,false,,10.70,0.0315,true,1,201728
7290113192348,false,בית השיטה זיתים ירוקים גדול מאודבטעם שום,קבוצת אוסם סחר-שות.מוגבלת,,זית ירוק שום 17-19בי,,560.00,100 גרם,false,,10.70,0.0191,true,1,201729
7290113192362,false,זיתים ירוקים טבעות A2 בית השיטה 280 גרם,קבוצת אוסם סחר שותפות מוגבלת,,טבעות זיתים ירוקים ב,,280.00,100 גרם,false,,11.90,0.0425,true,1,201731
7290113192379,false,בית השיטה זיתים ירוקים מבוקעים א2 340גר',קבוצת אוסם סחר-שות.מוגבלת,,זיתים ירוקים מבוקעים,,340.00,100 גרם,false,,11.90,0.0350,true,1,201732
7290113192393,false,בית השיטה קוקטייל זיתים א2 336 גרם,קבוצת אוסם סחר שותפות מוגבלת,,קוקטייל זיתים בית הש,,336.00,100 גרם,false,,12.70,0.0378,true,1,201734
7290113192485,false,בית השיטה מלפפונים בחומץ בינוני 10-12 290 גרם,קבוצת אוסם סחר שותפות מוגבלת,,מלפפון בחומץ 12-10 ב,,290.00,100 גרם,false,,8.60,0.0297,true,1,201958
7290113192492,false,בית השיטה מלפפונים בחומץ קטנים 1317 290 גרם,קבוצת אוסם סחר שותפות מוגבלת,,מלפפון בחומץ 13-17 ב,,290.00,100 גרם,false,,12.40,0.0428,true,1,201959
7290113192515,false,בית השיטה מלפפונים במלח קטן מאוד 1825 320 גרם,קבוצת אוסם סחר שותפות מוגבלת,,מלפפון במלח 18-25 בי,,320.00,100 גרם,false,,13.90,0.0434,true,1,201961
7290113192522,false,בית השיטה מלפפונים בחומץ קטן מאוד 1825 290 גרם,קבוצת אוסם סחר שותפות מוגבלת,,מלפפון בחומץ 18-25 ב,,290.00,100 גרם,false,,13.90,0.0479,true,1,201962
7290113192539,false,בית השיטה מלפפונים במלח גדול 79 320 גרם,קבוצת אוסם סחר שותפות מוגבלת,,מלפפון במלח 7-9 בית,,560.00,100 גרם,false,,7.90,0.0141,true,1,201976
7290113192546,false,"מלפפונים בחומץ רכיבים טבעיים 7-9 ""בית השיטה""",קבוצת אוסם סחר שותפות מוגבלת,,מלפפון בחומץ 7-9 בית,,560.00,100 גרם,false,,7.90,0.0141,true,1,201977
7290113192553,false,מלפפונים במלח 13-17 פיקנטי בית השיטה 320 גרם,קבוצת אוסם סחר-שות.מוגבלת,,מלפפון במלח בלדי 13-,,320.00,100 גרם,false,,11.90,0.0372,true,1,201991
7290113192560,false,פלפל חריף כבוש שיפקה בית השיטה (430 גר`),קבוצת אוסם סחר שותפות מוגבלת,,פלפל שיפקה בית השיטה,,230.00,100 גרם,false,,8.60,0.0374,true,1,201992
7290113192577,false,בית השיטה כרוב כבוש א2 12*430גרם חדש,קבוצת אוסם סחר שותפות מוגבלת,,כרוב כבוש בית השיטה,יחידה,430.00,יחידה,false,,9.20,0.0214,true,1,201993
7290113193017,false,בית השיטה חרוזית קוקטייל זיתים 275 גרם,קבוצת אוסם סחר שותפות מוגבלת,,בית השיטה קוקטייל זי,,275.00,100 גרם,false,,15.90,0.0578,true,1,264965
7290113195158,false,מיקס רצועות פלפל 215 גרם בית השיטה,קבוצת אסם סחר שות. מוגבלת,,מיקס רצועות פלפל בית,,215.00,100 גרם,false,,9.90,0.0460,true,1,297337
7290113195967,false,קוואקר שיבולת שועל פחית שקדיה 500 גרם,דין שיווק וקליה 2021 בעמ,,שיבולת שועל להכנה מי,,500.00,100 גרם,false,,9.90,0.0198,true,1,336729
7290113196414,false,"אורז בסמטי 1 ק""ג - שקדיה כחול מטאלי",דין שיווק וקליה 2021 בעמ,,אורז בסמטי שקדיה 1 ק,קילוגרמים,1.00,"ק""ג",false,,9.80,9.8000,true,1,336816
7290113197169,false,שקדיה חמאת בוטנים עם שברי בוטנים 510 גר,דין שיווק וקליה 2021 בעמ,,חמאת בוטנים טבעית שק,,510.00,100 גרם,false,,17.90,0.0351,true,1,477250
7290113197176,false,חמאת בוטנים טבעית עם שברי בוטנים 450,דין שיווק וקליה 2021 בעמ,,חמאת בוטנים טבעית עם,,510.00,100 גרם,false,,17.90,0.0351,true,1,477251
7290113199705,false,מוזלי פירות יבשים 500 גר' 500ג' שקדיה,דין שיווק וקליה 2021 בעמ,,מוזלי פירות יבשים 50,,500.00,100 גרם,false,,13.50,0.0270,true,1,456974
7290113199934,false,סוכריות חמצוצים בטעם אוכמניות 180 ג' שקדיה,דין שיווק וקליה 2021 בעמ,,סוכריות חמצוצים בטעם,,180.00,100 גרם,false,,10.90,0.0606,true,1,404073
7290113289147,false,לפתניות אלגנט זהב 25,,,לפתניות אלגנט זהב 25,יחידה,0.00,יחידה,false,,6.90,0.0000,true,1,343738
7290113289215,false,צלחות מתכלות יהלום ע,,,צלחות מתכלות יהלום ע,יחידה,0.00,יחידה,false,,21.90,0.0000,true,1,368677
7290113289505,false,WIZ! רדיד אלומניום כוכבים 41*45 מ',,,רדיד אלומיניום כוכבי,יחידה,0.00,יחידה,false,,34.90,0.0000,true,1,379600
7290114310215,false,"שמנת מתוקה 38% רמת הגולן 250 מ""ל ווסטהיים - מוצר בפיקוח",החברה המרכזית טלהפצת משקאות בע,,שמנת מתוקה 38% בקבוק,,250.00,יח',false,,6.47,0.0259,true,1,227270
7290114310239,false,חלב נטול לקטוז מועשר בוויטמין D י 2% 1.5 ל' טרה,החברה המרכזית טלהפצת משקאות בע,,חלב נטול לקטוז 1.5,ליטרים,1.50,ליטר,false,,11.90,7.9333,true,1,239299
7290114310246,false,גרנה פדנו צ'אנק משק צוריאל 125 גרם,*החברה המרכזית להפצת משקאותבעמ,,גרנה פדנו צ'אנק 125,,125.00,100 גרם,false,,19.90,0.1592,true,1,283447
7290114310536,false,יוגורט לייט מעושר חלבון 25 גרם חלבון וניל MULLER ACTIVE,החברה המרכזית טלהפצת משקאות בע,,מולר אקטיב לייט יוגו,,25.00,100 גרם,false,,6.20,0.2480,true,1,297635
7290114310550,false,גבינת פטה עיזים מעודנת 5% משק צוריאל 200 גרם,החברה המרכזית טלהפצת משקאות בע,,פטה עיזים מעודנת 5%,,200.00,100 גרם,false,,25.90,0.1295,true,1,297227
7290114311014,false,"משקה חלב אייס קפוצ'ינו פקק ספורט טרה 250 מ""ל",החברה המרכזית טלהפצת משקאות בע,,משקה חלב אייס קפוצ'י,,250.00,"100 מ""ל",false,,5.60,0.0224,true,1,427646
7290114311021,false,"משקה חלב וניל עוגיות פקק ספורט טרה 250 מ""ל",החברה המרכזית טלהפצת משקאות בע,,משקה חלב וניל עוגיות,,250.00,"100 מ""ל",false,,5.60,0.0224,true,1,427661
7290114311038,false,"שמנת מתוקה 32% עמידה בבקבוק טרה 250 מ""ל",החברה המרכזית טלהפצת משקאות בע,,שמנת מתוקה 32% בקבוק,,250.00,"100 מ""ל",false,,7.90,0.0316,true,1,427631
7290114311069,false,יוגורט לבן מועשר בחלבון 0% שומן 200 גרם muller active,החברה המרכזית טלהפצת משקאות בע,,יוגורט בטעם טבעי 25,,200.00,100 גרם,false,,5.90,0.0295,true,1,406263
7290114311298,false,יוגורט מולר פרופ בטעם תות בננה מלון 150,החברה המרכזית טלהפצת משקאות בע,,מולר פרופ תות בננה מ,,150.00,100 גרם,false,,5.20,0.0347,true,1,453871
7290114311304,false,יוגורט קציפת מנגו פסיפלורה בננה 150 ג' מולר,החברה המרכזית טלהפצת משקאות בע,,מולר פרופ מנגו פסיפל,,150.00,100 גרם,false,,5.20,0.0347,true,1,453872
7290114311328,false,חלב מועשר דל לקטוז מעושר בויטמין Dי 2% שומן טרה 1 ליטר,החברה המרכזית טלהפצת משקאות בע,,חלב נטול לקטוז טרה 1,ליטרים,1.00,ליטר,false,,7.90,7.9000,true,1,464526
7290114311434,false,מולר אקטיב יוגורט חלבון קרמל מלוח 200 גרם,החברה המרכזית טלהפצת משקאות בע,,מולר אקטיב בטעם קרמל,,200.00,100 גרם,false,,6.20,0.0310,true,1,476864
7290114311441,false,מולר אקטיב יוגורט חלבון עוגיות חמאה 200 גרם,החברה המרכזית טלהפצת משקאות בע,,מולר אקטיב בטעם עוגי,,200.00,100 גרם,false,,6.20,0.0310,true,1,476865
7290114600941,false,מאסטר שף מיונז הולנדי לחיץ 435 גרם,ש. שסטוביץ בע`מ,,מאסטר שף מאסטר שף מ,,435.00,100 גרם,false,,13.90,0.0320,true,1,243313
7290114603508,false,"רוטב להקצפה מאסטר שף 300 מ""ל",ש. שסטוביץ בע`מ,,מאסטר שף רוטב להקפצה,,300.00,"100 מ""ל",false,,9.90,0.0330,true,1,265705
7290114604840,false,"דפי אורז קוטר 16 כשל""פ מאסטר שף",ש. שסטוביץ בע`מ,,דפי אורז קוטר 16 כשל,,400.00,100 גרם,false,,10.90,0.0273,true,1,290831
7290114606547,false,מיונז פטריות כמהין לחיץ מאסטר שף 242 גרם,ש. שסטוביץ בע`מ,,מאסטר שף מיונז עם כמ,,242.00,100 גרם,false,,13.90,0.0574,true,1,298071
7290115190014,false,סיגריות מרלבורו רד קצר בוקס,פיליפ מוריס בעמ,,סיגריות מרלבורו חפי,יחידה,0.00,יחידה,false,,36.50,0.0000,false,1,261918
7290115190090,false,סיגריות מרלבורו קצר בוקס בודד,פיליפ מוריס בעמ,,סיגריות מרלבורו חפי,יחידה,0.00,יחידה,false,,36.50,0.0000,false,1,261951
7290115190151,false,סיגריות מרלבורו טאצ גולד,פיליפ מוריס בעמ,,מרלבורו גולד טאצ בוד,יחידה,0.00,יחידה,false,,32.50,0.0000,false,1,261901
7290115190199,false,פרלמנט נייט ארוך חפיסה) (20,פיליפ מוריס בעמ,,סיגריות פרלמנט (חפיס,יחידה,0.00,יחידה,false,,42.00,0.0000,false,1,299662
7290115190236,false,סיגריות פרלמנט קצר בלו בודד,פיליפ מוריס בעמ,,סיגריות פרלמנט (חפיס,יחידה,0.00,יחידה,false,,42.00,0.0000,false,1,261870
7290115190250,false,סיגריות פרלמנט קצר בודד,פיליפ מוריס בעמ,,סיגריות פרלמנט (חפיס,יחידה,0.00,יחידה,false,,42.00,0.0000,false,1,255062
7290115190335,false,ל.מ.בלו לייבל ארוך בוקס חפיסה,פיליפ מוריס בעמ,,אל אם בלו ארוך,יחידה,0.00,יחידה,false,,33.00,0.0000,false,1,301775
7290115190359,false,אל.אמ בלו לייבל קצר חפיסה) (20,פיליפ מוריס בעמ,,אל אם בלו לייבל קצר,יחידה,0.00,יחידה,false,,33.00,0.0000,false,1,255045
7290115190472,false,סיגריות נקסט פיין אדג',פיליפ מוריס בעמ,,נקסט פיין אדג` בודד,יחידה,0.00,יחידה,false,,27.00,0.0000,false,1,276402
7290115190496,false,סיגריות נקסט ארוך בודד,פיליפ מוריס בעמ,,סיגריות נקסט (בודד),יחידה,0.00,יחידה,false,,31.50,0.0000,false,1,291832
7290115190519,false,סיגריות נקסט פיין חפ,פיליפ מוריס בעמ,,סיגריות נקסט (בודד),יחידה,0.00,יחידה,false,,31.50,0.0000,false,1,261885
7290115200027,false,אסם פתי בר פינוקים שוקו 220 גרם,קבוצת אוסם סחר שותפות מוגבלת,,פתי בר פינוקי שוקו 2,,220.00,100 גרם,false,,11.90,0.0541,true,1,271262
7290115201680,false,ביסלי חטיף בטעם ברביקין אסם (70 גרם),קבוצת אוסם סחר שותפות מוגבלת,,ביסלי ברביקיו 70 גרם,,70.00,100 גרם,false,,4.50,0.0643,true,1,279176
7290115201741,false,ביסלי חטיף בטעם בצל אסם (70 גרם),קבוצת אוסם סחר שותפות מוגבלת,,ביסלי בצל 70 גרם,,70.00,100 גרם,false,,4.50,0.0643,true,1,272752
7290115202816,false,מנה חמה פאוץ נודלס אטריות טעם עוף 70 גרם,קבוצת אוסם סחר שותפות מוגבלת,,מנה חמה פאוצ' נדלסאט,,70.00,100 גרם,false,,4.90,0.0700,true,1,297307
7290115204056,false,"קטשופ מופחת סוכר אסם 690 גרם כשל""פ",קבוצת אוסם סחר שותפות מוגבלת,,אסם קטשופ מופחת סוכר,,690.00,100 גרם,false,,11.90,0.0172,true,1,303647
7290115205176,false,729001032825פיטנס חטיפי קרקר כפרי 140גר.,קבוצת אוסם סחר שותפות מוגבלת,,פיטנס קרקר THIN כפרי,,140.00,100 גרם,false,,13.90,0.0993,true,1,361073
7290115205312,false,קרקר פיטנס דק עם זיתי קלמטה ועשבי תיבול,קבוצת אוסם סחר שותפות מוגבלת,,פיטנס קרקר Thin Deli,,140.00,100 גרם,false,,13.90,0.0993,true,1,442052
7290115207163,false,פרפקטו ניוקי בזיליקום ושום אסם 500 גרם,קבוצת אוסם סחר-שות.מוגבלת,,ניוקי בזיליקום ושום,,500.00,100 גרם,false,,12.90,0.0258,true,1,380077
7290115208047,false,סירופ פטל ויטמינצ`יק (1 ליטר),קבוצת אוסם סחר שותפות מוגבלת,,ויטמינצ'יק פטל 1 ליט,ליטרים,1.00,ליטר,false,,22.90,22.9000,true,1,394071
7290115208320,false,אפרופו חטיף בטעם ביסלי בצל 50 גרם,קבוצת אוסם סחר שותפות מוגבלת,,אפרופו בטעם ביסלי בצ,,50.00,100 גרם,false,,5.80,0.1160,true,1,474307
7290115209358,false,במבה במילוי בראוניז אסם (60 גרם),קבוצת אוסם סחר שותפות מוגבלת,,במבה במילוי בראוניז,,60.00,100 גרם,false,,4.90,0.0817,true,1,473986
7290115209372,false,במבה במילוי בראוניז 150 גרם אוסם,קבוצת אוסם סחר שותפות מוגבלת,,במבה במילוי בראוניז,,150.00,100 גרם,false,,11.90,0.0793,true,1,474002
7290115670677,false,אנרג`י גרנולה פירות טרופיים 400 גרם,שטראוס גרופ בע`מ,,אנרג'י גרנולה שיבולת,,400.00,100 גרם,false,,16.90,0.0422,true,1,301373
7290115670691,false,גרנולה שיבולת שועל עם פירות יער,אנרג'י Energy - שטראוס,,אנרג'י גרנולה שיבולת,,400.00,100 גרם,false,,16.90,0.0422,true,1,301375
7290115671155,false,שלישיית סוכריות מאסט FRESH ענבים 45 גרם,שטראוס גרופ בע`מ,,שלישיית סוכריות בזוק,,45.00,100 גרם,false,,9.50,0.2111,true,1,385026
7290115671339,false,מיני פינוקיות בראוניז בייגל בוטן עלית 180 ג' עלית,"הגביע מוצרי ופלים בע""\מ",,מיני פינוקיות בראוני,,180.00,100 גרם,false,,11.90,0.0661,true,1,324310
7290115671346,false,מיני פינוקיות טופי קרמל מלוח עלית 180 גרם,"הגביע מוצרי ופלים בע""\מ",,מיני פינוקיות במילוי,,180.00,100 גרם,false,,11.90,0.0661,true,1,324339
7290115675559,false,מארז קפה טורקי לדרך 10 יחידות,שטראוס קפה בי.וי.,,מארז קפה טורקי לדרך,,70.00,100 גרם,false,,8.70,0.1243,true,1,291816
7290115675986,false,דנונה יוגורט בר עם אגוזים מקורמלים 173 גרם,שטראוס גרופ בעמ/מצונן,,דנונה קראנצ' אגוזים,,173.00,100 גרם,false,,4.80,0.0277,true,1,279508
7290115676082,false,משקה דנונה פרו 20 יוגורט תות 255 ג' רבנות,שטראוס גרופ בעמ/מצונן,,משקה יוגורט עם חלבון,,255.00,100 גרם,false,,7.50,0.0294,true,1,304965
7290115676273,false,אבקת קקאו עלית 500 גרם+ 10% תוספת,שטראוס קפה בי.וי.,,עלית קקאו 500 גרם +1,,500.00,100 גרם,false,,26.90,0.0538,true,1,298523
7290115678376,false,מעדן הגולן שוקולד 125 גרם,שטראוס גרופ בעמ/מצונן,,מעדן הגולן מעדן חלב,,125.00,100 גרם,false,,3.40,0.0272,true,1,326102
7290115678383,false,מעדן הגולן שוקולד מריר בודד 125גר,שטראוס גרופ בעמ/מצונן,,מעדן הגולן מעדן חלב,,125.00,100 גרם,false,,3.40,0.0272,true,1,326117
7290115678598,false,חסה אייסברג חיתוך גס 300 שטראוס טעם הטבע,שטראוס בריאות ירקות טריי,,חסה אייסברג חיתוך גס,,300.00,100 גרם,false,,10.90,0.0363,true,1,353113
7290116270715,false,פילה ברבוניה ארוז בו,,,פילה ברבוניה ארוז בו,יחידה,0.00,יחידה,false,,29.90,0.0000,true,1,409349
7290116530185,false,"קורנפלקס דלישקד קרמל מלוח 400 גרם בד""ץ",יוניליוור ישראל שיווק בע`מ,,דגני בוקר דלישקד קרמ,,400.00,100 גרם,false,,22.70,0.0567,true,1,386150
7290116530482,false,תלמה מארז קורנפלקס אלופים 30 גרם*5 יחידו,יוניליוור ישראל שיווק בע`מ,,מארז קורנפלקס של אלו,,150.00,100 גרם,false,,13.90,0.0927,true,1,351080
7290116532899,false,נישנושים איירביס טעם פלאפל 155 גר`,יוניליוור ישראל שיווק בע`מ,,נשנושים איירביס חטיף,,155.00,100 גרם,false,,11.90,0.0768,true,1,485722
7290116533063,false,דגני בוקר שוגי קרטיב ענבים 400 גרם,יוניליוור ישראל שיווק בע`מ,,שוגי דגני בוקר בטעם,,400.00,100 גרם,false,,23.90,0.0597,true,1,444681
7290116930015,false,GO חטיף חלבון חטיף בוטנים קריספי 20 גרם חלבון,"בלמונט קונפקציות בע""\מ.",,חטיף חלבון בטעם קרמל,,60.00,100 גרם,false,,13.90,0.2317,true,1,413510
7290116930626,false,ארוחה בקטנה ציזיקי עם קרקרים 150ג' תנובה,"תנובה בע""מ ***",,ציזיקי עם קרקרים תנו,,150.00,100 גרם,false,,8.50,0.0567,true,1,453070
7290116930657,false,"משקה חלב גו בטעם בננה תמר בתוספת שיבולת שועל במרקם חלק 340 מ""ל",תנובה מרכז שיתופי לש,,משקה GO בננה תמר עם,,340.00,"100 מ""ל",false,,7.90,0.0232,true,1,489695
7290116930954,false,יוגורט טעם פאי תפוחים 3% 150 ג' יופלה,תנובה בעמ ***,,יופלה בטעם פאי תפוחי,,150.00,"100 מ""ל",false,,5.20,0.0347,true,1,489630
7290116931074,false,צהובה פרוסות טל העמק 32% 300 גר,"תנובה בע""מ ***",,גבינת טל העמק 32% שו,,300.00,100 גרם,false,,28.90,0.0963,true,1,463907
7290116931104,false,יופלה GO במרקם סמיך עם אננס 0% תנובה 200 גרם,"תנובה בע""מ ***",,יופלה גו במרקם סמיך,,200.00,100 גרם,false,,5.90,0.0295,true,1,463055
7290117260227,false,קפה טורקי אמיתי מטורקיה 100 גרם,ג. וילי-פוד אינטרנשיונל בע`מ,,קפה טורקי אמיתי מטור,,100.00,100 גרם,false,,6.50,0.0650,true,1,390455
7290117261057,false,זוג קינוחים בטעם קרם עוגיות 140 גרם,ג.וילי-פוד אינטרנשיונל **גבינו,,זוג קינוחים בטעם קרם,,140.00,100 גרם,false,,12.90,0.0921,true,1,476819
7290117261088,false,בוראטה גבינת מוצרלה רכה 18% שומן 125 גר`,ג.וילי-פוד אינטרנשיונל **גבינו,,בוראטה גבינת מוצרלה,,125.00,100 גרם,false,,21.90,0.1752,true,1,476237
7290117261118,false,זוג קינוחים בטעם שוקולד בציפוי שוקולד חלב 140 גרם,ג.וילי-פוד אינטרנשיונל **גבינו,,זוג קינוחים בטעם שוק,,140.00,100 גרם,false,,12.90,0.0921,true,1,462323
7290117380864,false,סלים דליס פייבר עוגות בראוניס אישיות בטעם שוקולד 120 גרם,ש.שסטוביץ בעמ,,סלים דליס פייבר - עו,,120.00,100 גרם,false,,12.90,0.1075,true,1,444651
7290117380871,false,סלים דליס פייבר עוגות אישיות בטעם אוכמניות 120 גרם,ש.שסטוביץ בעמ,,סלים דליס פייבר - עו,,120.00,100 גרם,false,,12.90,0.1075,true,1,444635
7290117761052,false,מנקה חלונות 1 ליטר ז,,,מנקה חלונות 1 ליטר ז,ליטרים,1.00,ליטר,false,,14.90,14.9000,true,1,408879
7290117860748,false,הוואי שמפו תמצית יסמין מעניק נפח 700 מל,"טרופיקל גליל בע""מ",,שמפו מעניק נפח הוואי,,700.00,"100 מ""ל",false,,15.90,0.0227,true,1,485399
7290118420071,false,במבה ביסלי ברביקיו מיקס 80גר אסם{,קבוצת אוסם סחר שותפות מוגבלת,,במבה ביסלי ברביקיו מ,,80.00,100 גרם,false,,4.90,0.0613,true,1,474018
7290118420477,false,אסם בייגלה שטוחים בטעם ביסלי בצל 300 גרם,קבוצת אוסם סחר שותפות מוגבלת,,בייגלה שטוחים בטעם ב,,300.00,100 גרם,false,,11.90,0.0397,true,1,474290
7293556389962,true,שום לבן ארוז יח',,,שום לבן ארוז יח',,250.00,100 גרם,false,,11.90,0.0476,true,1,241008
7297488098305,false,"מרק דגש""קמח שקדים""250גרם",תות תעשיות מזון (201,,דגש קמח שקדים 250 גר,,250.00,100 גרם,false,,26.70,0.1068,true,1,50410
7394376616778,false,אוטלי משקה שיבולת שועל להקצפה בריסטה 1 ליטר,ש. שסטוביץ בע`מ,,משקה שיבולת שועל להק,ליטרים,1.00,ליטר,false,,16.90,16.9000,true,1,239176
7450014901320,false,נעלי בית חורף נשים דגם SY001 שחור,ביג מול בעמ,,נעלי בית חורף נשים,יחידה,0.00,יחידה,false,,39.90,0.0000,true,1,191248
7501013122114,false,"נקטר משקה אננס בקרטונית ג'ומקס, 1 ל'",חומקס קומר קומרסאליזדורה,,ג'ומקס נקטר אננס קרט,ליטרים,1.00,ליטר,false,,10.90,10.9000,true,1,188322
7501013122992,false,ג'ומקס מיץ קוקוס אננס קרטונית ליטר תריסר,חומקס קומר קומרסאליזדורה,,ג'ומקס משקה קוקוס אנ,ליטרים,1.00,ליטר,false,,10.90,10.9000,true,1,188324
7501064191398,false,שישיית בירה קורונה אקסטרא *355 מל,קריניציה ויטמינה אס,,קורונה מארז שישיה 6*,ליטרים,2.13,ליטר,false,,39.90,18.7324,true,1,144948
7610100034084,false,מיונז טומי בשפורפרת 265 גרם,ליימן שליסל בע`מ,,מיונז טומי 265 גרם,,265.00,100 גרם,false,,15.90,0.0600,true,1,77482
7610113015780,false,בריזר סלצזר למון לים250,"בקרדי בע""מ",,בריזר סלצזר לימון לי,,250.00,"100 מ""ל",false,,14.90,0.0596,true,1,362397
7613030979647,false,דגני בוקר טריקס פירות עולם היורה 480 ג',קבוצת אוסם סחר שותפות מוגבלת,,דגני בוקר טריקס 480,,480.00,100 גרם,false,,23.90,0.0498,true,1,121078
7613033548192,false,פיטנס - דגני בוקר שוקולד מריר 375 גרם,קבוצת אוסם סחר שותפות מוגבלת,,דגני בוקר פיטנס שוקו,,375.00,100 גרם,false,,22.90,0.0611,true,1,21876
7613036105545,false,"דוגלי גזע קטן 4*3 קילו ""אסם""",קבוצת אוסם סחר שותפות מוגבלת,,דוגלי בטעם בקר גזע ק,קילוגרמים,3.00,"ק""ג",false,,52.60,17.5333,true,1,91930
7613037686906,false,פיטנס שקדים ודבש 355 גרם מופחת סוכר,קבוצת אוסם סחר שותפות מוגבלת,,פיטנס שקדים ודבש נסט,,355.00,100 גרם,false,,22.90,0.0645,true,1,195435
7613037687132,false,דגני בוקר פיטנס שקדים ודבש 585 גרם,קבוצת אוסם סחר שותפות מוגבלת,,דגני פיטנס שקדים ודב,,585.00,100 גרם,false,,27.50,0.0470,true,1,195559
7613287302373,false,סטארבקס קפסולות איטליאן סטייל רוסט 56 גרם,קבוצת אוסם סחר שותפות מוגבלת,,קפסולות סטארבקס איטל,,56.00,100 גרם,false,,22.90,0.4089,true,1,298910
7613287325808,false,אוסם - דיפ אנד ספרד מטבל איולי שום 295 גרם,קבוצת אוסם סחר שותפות מוגבלת,,רוטב איולי שום לחיץ,,295.00,100 גרם,false,,14.90,0.0505,true,1,361422
7613287325853,false,אוסם - דיפ אנד ספרד מטבל איולי ספייסי 295 גרם,קבוצת אוסם סחר שותפות מוגבלת,,רוטב ספייסי איולי לח,,295.00,100 גרם,false,,14.90,0.0505,true,1,361424
7613287394323,false,דגני בוקר מולטי צ'יריוס 600 גרם,קבוצת אוסם סחר שותפות מוגבלת,,מולטי צ'יריוס 100% ד,,600.00,100 גרם,false,,25.90,0.0432,true,1,310947
7622010001858,false,עוגיות אוראו ממולאות קרם וניל 176 גרם.,דיפלומט מפיצים (1968) בעמ**,,עוגיות אוראו סנדביץ,,176.00,100 גרם,false,,10.20,0.0580,true,1,5850
7622201139278,false,גבינת פילדלפיה שמנת 150 גר`% (27 שומן),מיודלז אספניה פרודוק,,פילדלפיה גבינת שמנת,,150.00,100 גרם,false,,15.90,0.1060,true,1,208145
7622201502515,false,עוגיות מילקה קוקי לופ שוקולד צ'יפס,דיפלומט מפיצים (1968) בעמ**,,קוקי לופ מילקה 132 ג,,110.00,100 גרם,false,,12.90,0.1173,true,1,361331
7622201798154,false,גבינת שמנת לייט מופחתת שומן 13% שומן,מיודלז אספניה פרודוק,,פילדלפיה גבינת שמנת,,150.00,100 גרם,false,,15.90,0.1060,true,1,351852
7622201801809,false,מילקה שוקולד חלב עם אגוזים 100 גרם חדש,מנדלז דויצ'\לנד סנקס פרו,,מילקה שוקוד חלב עם א,,100.00,100 גרם,false,,7.90,0.0790,true,1,325785
7622201802363,false,מילקה טבלת שוקולד חלב וצימוקים ואגוזים 100ג',מנדלז דויצ'\לנד סנקס פרו,,מילקה שוקולד חלב עם,,100.00,100 גרם,false,,7.90,0.0790,true,1,325769
7622201802394,false,שוקולד מילקה חלב מסרונים 100 גרם,מנדלז דויצ'\לנד סנקס פרו,,מילקה שוקולד חלב 100,,100.00,100 גרם,false,,7.90,0.0790,true,1,325770
7622201808631,false,אוראו מיני עוגיות ממולאות קרם וניל 67גרם,דיפלומט מפיצים (1968) בעמ**,,אוראו מיני כוסות בטע,,67.00,100 גרם,false,,8.90,0.1328,true,1,331845
7622210137234,false,אוראו עוגיות עם דאבל קרם בטעם וניל 170ג,דיפלומט מפיצים (1968) בעמ**,,עוגיות סנדביץ אוראו,,170.00,100 גרם,false,,10.20,0.0600,true,1,66672
7622300270506,false,מילקה גריינס - עוגיות שיבולת שועל מצופות שוקולד 168 ג',דיפלומט מפיצים (1968) בעמ**,,מילקה גריינס עוגיות,,168.00,100 גרם,false,,11.90,0.0708,true,1,5862
7622300503079,false,עוגיות ביסקוויט מצופה שוקולד חלב מילקה 200 גרם,דיפלומט מפיצים (1968) בעמ**,,מילקה מוו - ביסקוויט,,200.00,100 גרם,false,,11.90,0.0595,true,1,5869
7622300617820,false,מילקה שוקולד חלב במילוי קרם חלב ווניל ושבבי עוגיות אוראו 100 גרם,מנדלז דויצ'\לנד סנקס פרו,,מילקה שוקולד אוראו 1,,100.00,100 גרם,false,,7.90,0.0790,true,1,5870
7630477891714,false,סטארבקס קפסולות קפה אספרסו 10 יחידות,קבוצת אוסם סחר שותפות מוגבלת,,קפסולות אספרסו סטארב,,57.00,100 גרם,false,,22.90,0.4018,true,1,269319
7638900426823,false,סוללות מקס D אנרגייזר2יח,דנשר (1963) בעמ,,סוללת MAX אנרג'ייזר,יחידה,0.00,יחידה,false,,26.90,0.0000,true,1,274005
7702018441075,false,גילט מארז סכינים פיוזן ידני 12 יחידות,דיפלומט מפיצים (1968) בעמ,,סכיני גילוח פיוזן יד,יחידה,0.00,יחידה,false,,139.90,0.0000,true,1,134055
7702174068826,false,יוגטה מבחר סוכריות לקקן קשות ממולאות טופי בטעמי יוגורט ופירות 204 גרם,הדקלאים אגודת שיתופי,,יוגטה לקקן חדש 12יח,,216.00,100 גרם,false,,10.90,0.0505,true,1,13992
7792860006218,false,סוכריות לקקן בייבי דול לריטייר (24 גרם),גוד פוד פרודקטס S.p,,בייבי דול לקקן 20גר,,24.00,100 גרם,false,,2.50,0.1042,true,1,14773
7798141877829,false,"גאטו נגרו פינו גריג'ו 750 מ""ל",היכל היין שקד גולן בעמ,,גאטו נגרו פינו גריג',,750.00,"100 מ""ל",false,,44.90,0.0599,true,1,416046
7840392000454,false,"פחם בריקאפאר 5 ק""ג",,,"פחם בריקאפאר 5 ק""ג",קילוגרמים,5.00,"ק""ג",false,,54.90,10.9800,true,1,477283
7860001955609,false,מקל לקרפ,,,מקל לקרפ,יחידה,0.00,יחידה,false,,9.90,0.0000,true,1,37922
8000070081000,false,לוואצה הורמוניקו מס' 8קפסולות לקפה 50 גרם,לאוג'\י לוואצה אס.פי.אי,,לוואצ'ה קפסולות קפה,,50.00,100 גרם,false,,20.90,0.4180,true,1,135512
8000215204219,false,משקה אורז ביו אורגני ויטאריז 1 ליטר,בטר אנד דיפרנט,,משקה אורז אורגני 1 ל,ליטרים,1.00,ליטר,false,,14.90,14.9000,true,1,266642
8000215204714,false,משקה שיבולת שועל אורגני פרימונה 1 ליטר,בטר אנד דיפרנט,,משקה שיבולת שועל אור,ליטרים,1.00,ליטר,false,,14.90,14.9000,true,1,266647
8000380003723,false,וופלים גרנד פטיסרי במילוי קרם אגוזים 100,קריניציה ויטמינה אס,,גרנד פטיסרי ופל אגוז,,100.00,100 גרם,false,,13.40,0.1340,true,1,67461
8000380004669,false,וופל לואקר סנדוויץ קוביות ושוקולד 200ג',"א. לואקר, קונפקט ג'י",,לואקר וופל סנדוויץ',,200.00,100 גרם,false,,14.20,0.0710,true,1,14003
8000380004676,false,קוביות וופל סנדוויץ Sandwich עם וניל וחלב,"א. לואקר, קונפקט ג'י",,לואקר וופל קרם וניל,,200.00,100 גרם,false,,14.20,0.0710,true,1,67464
8000380004911,false,קוביות וופל קואדרטיני Quadratini קרם אגוזים,קריניציה ויטמינה אס,,וופל קואדרטיני אגוז,,250.00,100 גרם,false,,15.20,0.0608,true,1,67466
8000380004966,false,וופל קוארדטיני לואקר קוביות שוקולד 250ג',קריניציה ויטמינה אס,,וופל קואדרטיני קקאו,,250.00,100 גרם,false,,15.20,0.0608,true,1,14009
8000380007219,false,וופל לואקר ממולא קרם אגוזים 175 גרם,ליימן שליסל בע`מ,,וופל לואקר אגוז 175,,175.00,100 גרם,false,,12.70,0.0726,true,1,67472
8000380007257,false,וופל גרדנה במילוי קרם אגוזים מצופה,קריניציה ויטמינה אס,,.וופל מצופה שוקולד ג,,200.00,100 גרם,false,,14.90,0.0745,true,1,14017
8000380007271,false,וופל במילוי קרם חלב לואקר (175 גרם),ליימן שליסל בע`מ,,וופל לואקר חלב 175 ג,,175.00,100 גרם,false,,12.70,0.0726,true,1,14019
8000380180745,false,וופל קוביות קקאו במילוי קרם חלב לואקר 250 גרם,"א. לואקר, קונפקט ג'י",,וופל קואדרטיני לואקר,,250.00,100 גרם,false,,15.20,0.0608,true,1,118241
8000500009673,false,בונבונרייה פררו רושר 300 גרם,פרימיום-חברה לדברי מתיקה ולמסח,,רושר בונבוניירה 300,,300.00,100 גרם,false,,51.90,0.1730,true,1,48570
8000500026731,false,ביצי שוקולד קינדר מארז 3 יח סופרייז,פרימיום-חברה לדברי מתיקה ולמסח,,קינדר ביצי שוקולד 3*,,60.00,100 גרם,false,,16.00,0.2667,true,1,48572
8000500029350,false,מארז וופל מצופה 3יח' *43 גרם קינדר בואנו,פרימיום-חברה לדברי מתיקה ולמסח,,קינדר בואנו 3*43 גרם,,129.00,100 גרם,false,,11.90,0.0922,true,1,48573
8000500037874,false,בונבונרייה פררו רושר 200 גרם,פרימיום-חברה לדברי מתיקה ולמסח,,בונבוניירת רושר 200ג,,200.00,100 גרם,false,,27.90,0.1395,true,1,48575
8000500126325,false,ביצי שוקולד הפתעה קינדר ג'וי ורוד בנות שלישיה,פרימיום-חברה לדברי מתיקה ולמסח,,קינדר גוי 1/3 ורוד 3,,60.00,100 גרם,false,,16.00,0.2667,true,1,48579
8000500227848,false,נוטלה - בי רדי אצבעות ביסקוויט במילוי שוקולד 6 יח' * 22 גרם,פרימיום-חברה לדברי מתיקה ולמסח,,'וופל מלוח במילוי ממ,,132.00,100 גרם,false,,13.50,0.1023,true,1,124042
8000500267103,false,קינדר דליס עוגת ספוג קקאו במילוי חלבי*10,פרימיום-חברה לדברי מתיקה ולמסח,,פררו-קינדר דליס עשיר,יחידה,0.00,יחידה,false,,20.90,0.0000,true,1,129436
8001003100164,false,יוגטה סוכריות ג'לי בטעמי פירות 450 גרם,ליימן שליסל בע`מ,,יוגטה סוכריות ג'לי פ,,450.00,100 גרם,false,,13.90,0.0309,true,1,129588
8001090379368,false,פמפרס פרימיום קר חיתולים שלב 4 34 יח VP,דיפלומט מפיצים (1986) בע`מ,,חיתולי פמפרס פרימיום,יחידה,0.00,יחידה,false,,34.50,0.0000,true,1,106842
8001090493637,false,"הד אנד שולדרס שמפו אולטרא טוטאל קר 450 מ""ל",דיפלומט מפיצים (1986) בע`מ,,שמפו אולטרא טוטאל קר,,450.00,"100 מ""ל",false,,21.90,0.0487,true,1,95118
8001090832450,false,"שמפו פנטן הנוסחה הקלאסית 660 מ""ל",דיפלומט מפיצים (1986) בע`מ,,שמפו הנוסחה הקלאסית,,660.00,"100 מ""ל",false,,21.90,0.0332,true,1,225954
8001090832535,false,"שמפו פנטן שמן מרוקאי משקם 660 מ""ל",דיפלומט מפיצים (1986) בע`מ,,שמפו שמן מרוקאי משקם,,660.00,"100 מ""ל",false,,21.90,0.0332,true,1,225955
8001090832856,false,"פנטן 660 מ""ל קונדישינר מרוקאי משקם",דיפלומט מפיצים (1986) בע`מ,,מרכך שמן מרוקאי משקם,,660.00,"100 מ""ל",false,,21.90,0.0332,true,1,225958
8001090833167,false,גל כביסה אריאל בניחוח הרים 2.365 ליטר,דיפלומט מפיצים (1986) בע`מ,,אריאל ג'ל כביסה ניחו,ליטרים,2.37,ליטר,false,,36.90,15.5696,true,1,136190
8001090833198,false,אריאל נוזל כביסה 2.47 ליטר ניחוח מרענן,דיפלומט מפיצים (1986) בע`מ,,אריאל ג'ל כביסה ניחו,ליטרים,2.37,ליטר,false,,36.90,15.5696,true,1,136191
8001561521708,false,גושי טונה במיי מלח זוגות 2*160 גר קליפו,גיאצינטו קליפו,,נתחי טונה בהירה במי,,320.00,100 גרם,false,,38.90,0.1216,true,1,430188
8001620011935,false,"סן בנדטו- מים מינרלים מוגז - מארז שישיית 500 מ""ל",אקווה מינרלה סאן בנד,,סאן בנדטו מוגז 6*500,ליטרים,3.00,ליטר,false,,15.90,5.3000,true,1,10329
8001620019160,false,"סן בנדטו מים מינרלים בטעם אפרסק 500 מ""ל",אקווה מינרלה סאן בנדטו ב,,סאן בנדטו משקה בטעם,,400.00,"100 מ""ל",false,,6.90,0.0172,true,1,445203
8001620019177,false,"סן בנדטו מים מינרלים בטעם ענבים 500 מ""ל",אקווה מינרלה סאן בנדטו ב,,סאן בנדטו משקה בטעם,,400.00,"100 מ""ל",false,,6.90,0.0172,true,1,445188
8001841625188,false,סבון כלים פלטינום לימון X3 פעולות להסרת שומנים,דיפלומט מפיצים (1986) בע`מ,,פיירי נוזל כלים פלטי,,515.00,יח',false,,11.90,0.0231,true,1,230562
8001841625461,false,סבון כלים פלטינום X3 פעולות להסרת שומנים,דיפלומט מפיצים (1986) בע`מ,,פיירי נוזל כלים פלטי,,515.00,יח',false,,11.90,0.0231,true,1,230564
8001841625508,false,"נוזל כלים פיירי פלטינום אורגינל 1.015 ליטר בד""צ",דיפלומט מפיצים (1968) בעמ,,פיירי נוזל כלים פלטי,ליטרים,1.01,ליטר,false,,15.90,15.7426,true,1,230565
8002270436581,false,סאן פלגרינו פלסטיק מוגז שישייות 500*6,טמפו משקאות בעמ,,סאן פלגרינו מים מוגז,ליטרים,3.00,ליטר,false,,31.90,10.6333,true,1,146880
8002270846472,false,סן פלגרינו מים מינרליים טבעיים מוגזים,טמפו משקאות בעמ,,סאן פלגרינו 500מל,,500.00,"100 מ""ל",false,,4.90,0.0098,true,1,10335
8003477500365,false,פרימלוצ'י קונקילייה,,,פרימלוצ'י קונקילייה,,500.00,100 גרם,false,,6.90,0.0138,true,1,477224
8004030044005,false,נתחי טונה בהירה בשמן זית ריו מרה 112גרם,"בולטון אלימנטרי בע""\מ",,נתחי טונה בשמן זית ר,,160.00,100 גרם,false,,18.70,0.1169,true,1,23791
8004030381681,false,ריו מרה נתחי טונה בהירה בשמן זית זוג 160 גר,ש. שסטוביץ בע`מ,,טונה בשמן זית ריו מר,,320.00,100 גרם,false,,31.90,0.0997,true,1,144962
8004030860001,false,ירקות עם קוקוס וטונה ריו מרה אינסלטיסימי 160 ג',"בולטון אלימנטרי בע""\מ",,קוסקוס וטונה ריו מרה,,160.00,100 גרם,false,,16.90,0.1056,true,1,23795
8004800000071,false,לאגו פלאסיר- גלילי ופל במילוי קרם אגוזי לוז שוקולד חלב - 100 ג',תה ויסוצקי (ישראל) בעמ,,לאגו פלאסיר- גלילי ו,,100.00,100 גרם,false,,11.90,0.1190,true,1,472419
8005110002243,false,רכז עגבניות Doppio Concentr בשפופרת 185 ג' MUTTI,רסטרטו יבוא ושיווק בעמ*אין החז,,תרכיז MUTTI עגבניות,,185.00,100 גרם,false,,8.50,0.0459,true,1,256731
8005110170300,false,עגבניות מרוסקות חתוכות מוטי MUTTI שלישיה *400,רסטרטו יבוא ושיווק בעמ*אין החז,,עגבניות MUTTI מרוסקו,קילוגרמים,1.20,"ק""ג",false,,18.90,15.7500,true,1,166128
8005803010357,false,גריסיני קלאסי - מקלות אפויים עם שמן זית ומלח,ליימן שליסל בע`מ,,גריסיני בטעם קלאסי 1,,125.00,100 גרם,false,,8.50,0.0680,true,1,118245
8008912010300,false,LIGUORI פסטה פרפלה 500 גרם מספר 30,תה ויסוצקי (ישראל)בעמ,,פסטה פרפלה מספר 30 -,,500.00,100 גרם,false,,8.90,0.0178,true,1,443916
8008912010331,false,"ליגורי פסטה ניוקי סרדי בצורת קונכיות, 500 גר'",תה ויסוצקי (ישראל)בעמ,,פסטה ניוקטי סרדי בצו,,500.00,100 גרם,false,,8.90,0.0178,true,1,480525
8010024006003,false,חמאת שקדים 100% 250 גרם השקד,נטורפוד בעמ,,השקד - 100% חמאת שקד,,250.00,100 גרם,false,,33.90,0.1356,true,1,267121
8023788030634,false,שוקולד חלב עם שברי א,,,שוקולד חלב עם שברי א,,300.00,100 גרם,false,,19.90,0.0663,true,1,461817
8023788030658,false,עוגיות מלוחות בטעם ט,,,עוגיות מלוחות בטעם ט,,400.00,100 גרם,false,,14.90,0.0373,true,1,479514
8023788030665,false,עוגיות מלוחות בטעם ב,,,עוגיות מלוחות בטעם ב,,400.00,100 גרם,false,,14.90,0.0373,true,1,479515
8023788030672,false,עוגיות מלוחות בתוספת,,,עוגיות מלוחות בתוספת,,400.00,100 גרם,false,,14.90,0.0373,true,1,479516
8032880800243,false,פיקניק הפתעה - אגוזי לוז ומקלות אפויים,"הוסטה איטליה, ס.ר.ל.",,פיקניק הפתעה 50ג,,50.00,100 גרם,false,,8.30,0.1660,true,1,14075
8076800195019,false,ברילה - צ.א ספגטי מס1 קפליני 500 גרם,ברילה גי.אי.אר פרטלי ס.פ,,ספגטי קפליני מס' 1 ב,,500.00,100 גרם,false,,7.90,0.0158,true,1,23797
8076800195033,false,ברילה - צ.א ספגטיני מס3 חדש 500 גרם,ברילה גי.אי.אר פרטלי ס.פ,,ספגטי מס' 3 ברילה 50,,500.00,100 גרם,false,,7.90,0.0158,true,1,23798
8076800195057,false,ברילה - צ.א ספגטי מס5 חדש 500 גרם,ברילה גי.אי.אר פרטלי ס.פ,,ספגטיני מס' 5 ברילה,,500.00,100 גרם,false,,7.90,0.0158,true,1,23799
8076800195071,false,ספגטי מס 7 ברילה 500,,,ספגטי מס' 7 ברילה 5,,500.00,100 גרם,false,,7.90,0.0158,true,1,198062
8076800195132,false,ברילה - צ.א בבטה מס13 500 גרם,ברילה גי.אי.אר פרטלי ס.פ,,ספגטי בבטה מס' 13 בר,,500.00,100 גרם,false,,7.90,0.0158,true,1,119246
8076800315097,false,פסטה מקרוני בוקטיני מספר 9 ברילה 500 גרם,ברילה גי.אי.אר פרטלי ס.פ,,ספגטי בוקטיני מס' 9,,500.00,100 גרם,false,,7.90,0.0158,true,1,119247
8076802085738,false,ברילה צ.ק פנה רגטה מס' 73 500 גרם,ברילה גי.אי.אר פרטלי ס.פ,,פנה רגטה מס' 73 בריל,,500.00,100 גרם,false,,7.90,0.0158,true,1,23803
8076802085981,false,ברילה - צ.ק פוזילי חדש 500 גרם,ברילה גי.אי.אר פרטלי ס.פ,,פסטה פוזילי 98 ברילה,,500.00,100 גרם,false,,7.90,0.0158,true,1,23806
8076808050440,false,פסטה מקרוני מספר 44 ברילה 500 גרם,ש. שסטוביץ בע`מ,,פסטה מקרוני מס' 44 ב,,500.00,100 גרם,false,,7.90,0.0158,true,1,119251
8076809512268,false,פסטה גירנדולה טורסדס מספר 34 ברילה 500 גרם,ברילה גי.אי.אר פרטלי ס.פ,,פסטה גירנדולה מס' 34,,500.00,100 גרם,false,,7.90,0.0158,true,1,23812
8076809513395,false,ברילה פומודורו רוטב עגבניות קלאסי 400 גר,ברילה גי.אי.אר פרטלי ס.פ,,ברילה רוטב פורמודרו,,400.00,100 גרם,false,,16.90,0.0422,true,1,23814
8076809513654,false,בסיס רוטב עגבניות לבולונז ברילה 400 גרם,ברילה גי.אי.אר פרטלי ס.פ,,ברילה רוטב עגבניות ל,,400.00,100 גרם,false,,16.90,0.0422,true,1,23815
8076809513692,false,רוטב עגבניות נפולטנה בתוספת ירקות,ברילה גי.אי.אר פרטלי ס.פ,,ברילה רוטב נפוליטנה,,400.00,100 גרם,false,,16.90,0.0422,true,1,23816
8076809513739,false,ברילה רוטב עגבניות עם בזיליקום 400 גרם,ברילה גי.אי.אר פרטלי ס.פ,,ברילה רוטב בזיליקום,,400.00,100 גרם,false,,16.90,0.0422,true,1,23817
8076809529419,false,ספגטי מחיטה מלאה מס' 5 500 ג' ברילה,ברילה גי. אי. אר פרט,,ספגטי מחיטה מלאה ברי,,500.00,100 גרם,false,,14.90,0.0298,true,1,68731
8076809529433,false,פסטה פנה ריגטה חיטה מלאה ברילה (500 גרם),"ש. שסטוביץ בע""\מ",,פנה רגטה מחיטה מלאה,,500.00,100 גרם,false,,14.90,0.0298,true,1,23825
8076809545464,false,ברילה פסטה ללא גלוטן צורת ספירלי 400 גר,מולינו אנדריאני אס.א,,ברילה ספירלי עב קמח,,400.00,100 גרם,false,,15.90,0.0398,true,1,68734
8410076610508,false,"חטיף שיבולת שועל מלאה עם בוטנים, שקדים ושוקולד מריר בציפוי בטעם שוקולד",נייצ'ר ואלי Nature Valley,,חטיף צ'ואי שוקולד מר,,150.00,100 גרם,false,,21.90,0.1460,true,1,118256
8410104039134,false,"מנקה ומחדש מדיח כלים פיניש 250 מ""ל",רקיט בנקיזר (ניר איסט) בעמ,,פיניש מנקה ומחדש מדי,,250.00,"100 מ""ל",false,,17.90,0.0716,true,1,23049
8410104045111,false,"פיניש מלח למדיח כלים 2ק""ג",רקיט בנקיזר (ניר איסט) בעמ,,"פיניש מלח למדיח 2 ק""",קילוגרמים,2.00,"ק""ג",false,,16.90,8.4500,true,1,23051
8423207206488,false,סלים דליס חטיף דגנים מצופה שוקולד חלב מרבה 6*20 גרם,אף.סי תבליני בגליל ב,,סלים דליס חטיף דגנים,,120.00,100 גרם,false,,12.90,0.1075,true,1,23840
8423207207362,false,חטיפי סלים דליס שוקולד לבן מרבה 6 יחידות,ביסנצ'ורי אס.אל.יו,,סלים דליס חטיף דגנים,,120.00,100 גרם,false,,12.90,0.1075,true,1,68747
8424842050016,false,צ'יפס בטעם כמהין 125 גרם רביו,א. סיימן סחר בעמ,,חטיף צ'יפס בטעם כמהי,,130.00,100 גרם,false,,13.90,0.1069,true,1,393715
8435495807636,false,תינוקלין ג`ל כביסה בייבי סנסטיב היפואל,ליימן שליסל בע`מ,,תינוקלין ג'ל כביסה 2,ליטרים,2.00,ליטר,false,,34.90,17.4500,true,1,137465
8436575292205,false,ארטיק חמשושים מאגדת 15*12 גר',נגה גלידות שותפות מוגבלת,,מאגדת חמשושים אננס מ,,180.00,100 גרם,false,,22.90,0.1272,true,1,140579
8437000906209,false,"עלי טורטיה קמח חיטה 20ס""מ 8יח' אזטקה 325ג'",Azteca foods europe,,8 טורטיות חיטה תומר,,325.00,100 גרם,false,,8.90,0.0274,true,1,119462
8485818700014,false,משקפי ראיה איכותיים,ביג מול בעמ,,משקפיים,יחידה,0.00,יחידה,false,,19.90,0.0000,true,1,33947
8606018615827,false,גלידת וניל עם שברי עוגיות אוראו 480 גרם,נגה גלידות שותפות מוגבלת,,גלידת וניל עם שברי ע,,300.00,"100 מ""ל",false,,13.90,0.0463,true,1,494350
8606018615841,false,גלידה וניל עם ליבת שוקולד חלב מעולה 480 גרם,נגה גלידות שותפות מוגבלת,,פיינט מילקה וניל ליב,,300.00,"100 מ""ל",false,,13.90,0.0463,true,1,494333
8606018615865,false,פיינט מילקה קרמל ליבת שוקולד 480 גרם,נגה גלידות שותפות מוגבלת,,פיינט מילקה קרמל ליב,,300.00,"100 מ""ל",false,,13.90,0.0463,true,1,494334
8690504153740,false,גודייבה שוקולד מריר במילוי קרם גנאש 86 גרם,תה ויסוצקי (ישראל) בעמ,,טבלת שוקולד מריר עם,,86.00,100 גרם,false,,15.90,0.1849,true,1,127640
8690637946301,false,"בדין - מרכך כביסה אקסטרא בייביי כחול 960 מ""ל",יוניליוור ישראל שיווק בע`מ,,בדין אקסטרה בייבי כ,,960.00,"100 מ""ל",false,,17.90,0.0186,true,1,213198
8690637994029,false,מרכך כביסה אקסטרה בניחוח סחלבים פראי,"יוניליוור ישראל שיווק בע""מ",,בדין אקסטרא מכך כביס,ליטרים,1.44,ליטר,false,,21.90,15.2083,true,1,285111
8690766156367,false,טבלת שוקולד חלב מעולה 90 גר` גודייבה,תה ויסוצקי (ישראל) בעמ,,גודייבה שוקולד חלב מ,,90.00,100 גרם,false,,15.90,0.1767,true,1,245641
8690766156404,false,שוקולד מריר מעולה גודייבה תפוז אדום 90 גרם,תה ויסוצקי (ישראל) בעמ,,גודייבה שוקולד מריר,,90.00,100 גרם,false,,15.90,0.1767,true,1,245626
8690777206051,false,חציל קלוי על האש סרה ויליפוד 650 גרם,ג. וילי-פוד אינטרנשיונל בע`מ,,חציל קלוי על האש סרה,,650.00,100 גרם,false,,14.50,0.0223,true,1,3799
8690777221405,false,פלפל אדום קלוי על האש 650 גר` ויליפוד,ג. וילי-פוד אינטרנשיונל בע`מ,,פלפל אדום קלוי על הא,,650.00,100 גרם,false,,14.50,0.0223,true,1,3800
8690946270074,false,פסטה ספגטי 500 גרם B,,,פסטה ספגטי 500 גרם B,,500.00,100 גרם,false,,4.90,0.0098,true,1,480831
8690946270111,false,פסטה פוזלי 500 גרם B,,,פסטה פוזלי 500 גרם B,,500.00,100 גרם,false,,4.90,0.0098,true,1,480832
8690946270241,false,פסטה קונכיות גדולות,,,פסטה קונכיות גדולות,,500.00,100 גרם,false,,4.90,0.0098,true,1,480833
8690946272207,false,פסטה פנה 500 גרם BAH,,,פסטה פנה 500 גרם BAH,,500.00,100 גרם,false,,4.90,0.0098,true,1,480834
8690946272320,false,פסטה מקרוני 500 גרם,,,פסטה מקרוני 500 גרם,,500.00,100 גרם,false,,4.90,0.0098,true,1,480835
8691058141238,false,ערמונים שלמים קלויים וקלופים 100 גר` Ave,אבאל יזמות בעמ,,AVEL ערמונים שלמים ק,,100.00,100 גרם,false,,4.90,0.0490,true,1,134517
8697530910743,false,סיגריות פאל מאל כחול קצר מטאליק,גלוברנדס בעמ - שיווק סיגריות,,פאל מאל בלו,יחידה,0.00,יחידה,false,,31.00,0.0000,false,1,4722
8698996006353,false,ממחטות אף 3 שכבות 100 יח',הנמל אריזות ושיווק 1984 בע`מ,,ממחטות אף בקרטון 10,יחידה,0.00,יחידה,false,,10.90,0.0000,true,1,492082
8710502064814,false,עוגיות מרבה שוקולד ציפס במרקם רך 175 גר,בנקטבקריי מרבה בי.וי,,מרבה עוגיות שוקוציפס,,175.00,100 גרם,false,,10.90,0.0623,true,1,68767
8710800027573,false,סוכריות מיני בטעם פירות מנטוס 178 גרם,פרפטי ואן מלה ברדה,,מיני מנטוס שקית,,178.00,100 גרם,false,,14.90,0.0837,true,1,14134
8710800961310,false,סוכריות בטעם תות מנטוס 4*375 גרם,פרפטי ואן מלה ברדה,,מנטוס 1/4 תות,,150.00,100 גרם,false,,11.90,0.0793,true,1,14136
8711000362747,false,קפסולות קפה תואמות נספרסו ריסטרטו 11 ל'אור 10 יחידות,דיפלומט מפיצים (1968) בעמ**,,לור קפסולות קפה אספר,,52.00,100 גרם,false,,19.90,0.3827,true,1,130593
8711000371206,false,ג'ייקובס קפסולות קפה אספרסו ריסטרטו עוצמה 12,ג'ייקובס דאו אגברטס צרפת,,ג'ייקובס קפסולות קפה,,52.00,100 גרם,false,,17.90,0.3442,true,1,138894
8712000051099,false,"שישיית בירה היינקן 0% אלכוהל בקבוק 330 מ""ל","מבשלת היינקן, ריטבלדנברג",,הייניקן בירה 0% בק',ליטרים,1.98,ליטר,false,,34.60,17.4747,true,1,142558
8712400802512,false,תרכובת מזון המשך לפעוטות על בסיס חלב שלב 2,דיפלומט מפיצים (1968) בעמ**,,נוטרילון שלב 2- 800,,800.00,100 גרם,false,,69.90,0.0874,true,1,5891
8712561594608,false,"דאב תחליב רחיצה להזנה עמוקה 750 מ""ל",יוניליוור ישראל שיווק בע`מ,,תחליב רחצה להזנה עמו,,750.00,"100 מ""ל",false,,22.90,0.0305,true,1,11778
8712561611411,false,"תחליב רחצה בניחוח מלפפון ותה ירוק דאב 750 מ""ל",יוניליוור ישראל שיווק בע`מ,,תחליב רחצה תה ירוק ו,,750.00,"100 מ""ל",false,,22.90,0.0305,true,1,11780
8714599513781,false,"קפה נמס מיובש בהקפאה זהב צנצנת ג'ייקובס 200 גרם לל""ס",דיפלומט מפיצים (1968) בעמ**,,קפה ג'יקובס גולד 200,,200.00,100 גרם,false,,29.90,0.1495,true,1,5880
8714599513835,false,גי'קובס קרונונג נייט אנד דיי - נטול קופיאין,דיפלומט מפיצים (1968) בעמ**,,קפה ג`יקובס נטול קופ,,200.00,100 גרם,false,,39.90,0.1995,true,1,5881
8714599513866,false,"קפה נמס מיובש בהקפאה קרונג צנצנת ג'ייקובס 200 גרם לל""ס",דיפלומט מפיצים (1968) בעמ**,,קפה ג'יקובס קרונונג,,200.00,100 גרם,false,,30.90,0.1545,true,1,5882
8714789177229,false,רבעיית מברשות שיניים קולגייט אקסטרה קלין 1 יחידה,הנסיך- מפעל לייצור ט,,מב.שיניים אקסטרא קלי,יחידה,0.00,יחידה,false,,11.90,0.0000,true,1,23895
8715700110141,false,מיונז קרמי היינץ צנצנת 460ג',דיפלומט מפיצים (1968) בעמ**,,מיונז היינץ אמיתי צנ,,460.00,100 גרם,false,,12.90,0.0280,true,1,103175
8715700419732,false,מתבל עגבניות היינץ (700 גרם),דיפלומט מפיצים (1968) בעמ**,,היינץ קטשופ 700 גרם,,700.00,100 גרם,false,,13.90,0.0199,true,1,5989
8717163714850,false,דאודורנט ספריי קוקוס ויסמין( 150 מל),"יוניליוור ישראל שיווק בע""מ",,דאו' ספריי אוריגינל,,150.00,"100 מ""ל",false,,14.90,0.0993,true,1,368501
8718951166561,false,משחת שיניים לרעננות מוגברת max fresh cooling crystals,הנסיך- מפעל לייצור ט,,קולגייט משחת שיניים,,125.00,"100 מ""ל",false,,18.90,0.1512,true,1,134496
8718951175600,false,"משחת שיניים קולגייט אוטאל קליין מינט 75 מ""ל",ש.שסטוביץ בעמ,,קולגייט משחת שיניים,,75.00,"100 מ""ל",false,,14.90,0.1987,true,1,266237
8718951236790,false,"קולגייט טוטאל משחת שיניים קלין מינט לפה בריא 100 מ""ל",קולגייט פלמוליב,,משחת שיניים קלין מינ,,100.00,"100 מ""ל",false,,16.90,0.1690,true,1,136708
8718951236806,false,"קולגייט טוטאל הלבנה משחת שיניים המסייעת בהסרת כתמים 100 מ""ל",ש. שסטוביץ בע`מ,,מש.שיניים להלבנה קול,,100.00,"100 מ""ל",false,,16.90,0.1690,true,1,136709
8718951240742,false,"קולגייט טוטאל משחת שיניים פסים מרעננים 100 מ""ל",איינשטיין-צור יבוא-יצוא וסחר ב,,מש.שיניים פסים מרעננ,,128.00,100 גרם,false,,16.90,0.1320,true,1,136711
8718951315303,false,"קולגייט אדומה משחת שיניים להגנה מפני עששת 2*100 מ""ל",קולגייט-פלמוליב,,משחת שיניים קולגייט,,200.00,יח',false,,19.90,0.0995,true,1,241890
8718951382787,false,"משחת שיניים אופטיק וויט חימר ומינרלים 75 מ""ל קולגייט",ש.שסטוביץ בעמ,,משחת שיניים אופטיק ו,,75.00,"100 מ""ל",false,,29.90,0.3987,true,1,396353
8718951509627,false,"קולגייט אופטיק וייט לאוהבי קפה ותה משחת שיניים 75 מ""ל",קולגייט פלמוליב,,קולגייט וואייט להסרת,יחידה,0.00,יחידה,false,,29.90,0.0000,true,1,429768
8719200998032,false,"מרגרינה מזולה גלורי טעם חמאה 250גר 8 יחידות - כשל""פ","מיוצר ע""\י יוניליוור ישר",,מזולה בטעם חמאה 250,,250.00,100 גרם,false,,10.90,0.0436,true,1,194299
8719200998049,false,"מרגרינה מזולה גלורי רגיל 250גר 8 יחידות -כשל""פ","מיוצר ע""\י יוניליוור ישר",,מזולה בטעם טבעי 250,,250.00,100 גרם,false,,9.90,0.0396,true,1,194300
8719200998094,false,"מרגרינה מזולה לאפיה ללא תוספת מלח 200גר - 40 יח' -כשל""פ","מיוצר ע""\י יוניליוור ישר",,מזולה מרגרינה לאפייה,,200.00,100 גרם,false,,6.50,0.0325,true,1,194284
8720181046605,false,דאב - דאודורנט ספריי לאישה אורגינל כחול 150מל,יוניליוור ישראל שיווק בע`מ,,דאו' ספריי אוריגינל,,150.00,"100 מ""ל",false,,14.90,0.0993,true,1,269350
8723400756552,false,מארז סוכריות מנטוס Mentos ריינבואו,פרפטי ואן מלה ברדה,,RAINBOW רביעית סוכרי,,150.00,100 גרם,false,,11.90,0.0793,true,1,14138
8801055707966,false,קפה טייסטרס צ`ויס בריסטה נסקפה (180 גרם),קבוצת אוסם סחר שותפות מוגבלת,,נס קפה טייסטרס צ'ויס,,180.00,100 גרם,false,,31.90,0.1772,true,1,21927
8801055709434,false,קפה נמס טסטר'ס צ'ויס קולומביה 100 גרם,קבוצת אוסם סחר שותפות מוגבלת,,נסקפה טייסטרס צ'ויס,,100.00,100 גרם,false,,25.90,0.2590,true,1,361361
8801055709472,false,נסטלה - נסקפה קפוצ'ינו קלאסי 12.50 גרם * 10,קבוצת אוסם סחר שותפות מוגבלת,,נסקפה קפוצ'ינו קלאסי,,185.00,100 גרם,false,,20.90,0.1130,true,1,407514
8850389103111,false,סאפי משקה אלוורה בטעם ענבים 300מל,פארייפאבה אגרואינדוס,,סאפה משקה אלוורה ענב,,300.00,יח',false,,7.90,0.0263,true,1,43023
8850389103128,false,"משקה קל סאפה בטעם תפוח 300 מ""ל",פארייפאבה אגרואינדוס,,סאפה משקה אלוורה תפו,,300.00,יח',false,,7.90,0.0263,true,1,43024
8850389105825,false,משקה אלוורה בטעם ענבים סאפה 1 ליטר,סאפה פובליק קומפני לימיט,,סאפה משקה אלוורה ענב,ליטרים,1.00,ליטר,false,,14.50,14.5000,true,1,10344
8850389105832,false,סאפה משקה אלוורה בטעם תפוח עם קוביות אלוורה 1 ליטר,סאפה פובליק קומפני לימיט,,סאפה משקה אלוורה תפו,ליטרים,1.00,ליטר,false,,14.50,14.5000,true,1,10345
8851613101378,false,"נוזל קוקוס ארוי די 250 מ""ל",גורי מוצרי צריכה (1991) בעמ,,משקה קוקוס ארוי-די,,250.00,יח',false,,10.90,0.0436,true,1,4345
8888021200256,false,סוללות אנרג'ייזר AA מקס 8 יחידות,יצרן: אנרג'ייזר סינג,,AAאנרג'ייזר סוללות מ,יחידה,0.00,יחידה,false,,26.90,0.0000,true,1,6739
8901314525055,false,מברשת שיניים קולגייט זיג זג צ`ארקול 4 יח,פארמה דיל (פ.א.ב.) שיווק והפצה,,רביעיית מברשת שיניים,יחידה,0.00,יחידה,false,,14.90,0.0000,true,1,405367
8901537024014,false,"אורז בסמטי מובחר 1 ק""ג - דוואט) יורה דיעה",ג. וילי-פוד אינטרנשיונל בע`מ,,וילי פוד אורז בסמטי,,1000.00,100 גרם,false,,14.90,0.0149,true,1,3808
9000101512526,false,פרסיל - פאוור קאפס קפסולות ג'ל מרוכזות לכביסה 26 יח',גורי שיווק בעמ,,פרסיל פאוור קאפס לכב,,26.00,יח',false,,36.90,1.4192,true,1,439388
9001616202100,false,מוצץ לתינוק ללא ביספנול 6+ מאם 2 יחידות,אלפא קוסמטיקה בעמ,,מוצץ לתינוק,,2.00,יח',false,,35.00,17.5000,true,1,1197
9001616620065,false,זוג מוצצי סיליקון 6+חודשים Hebrew Sayings,אלפא קוסמטיקה,,זוג מוצצים סיליקון 6,,2.00,יח',false,,35.00,17.5000,true,1,268711
9001616702969,false,"בקבוק 270מ""ל ללא חלקים מתפרקים ורוד",אלפא קוסמטיקה בעמ,,"בקבוק תינוק 270 מ""ל",יחידה,0.00,יחידה,false,,38.90,0.0000,true,1,135738
9001616813856,false,מוצצי +6 יום לילה מארז שלישיה,אלפא קוסמטיקה,,MAM שלישיית מוצצי סי,יחידה,0.00,יחידה,false,,41.90,0.0000,true,1,460626
9310072028743,false,טים טם ביסקוויט במילוי שוקולד 200 גרם,"ארנוטס ביסקוויטס בע""",,טים טם אוריגינל 200,,200.00,100 גרם,false,,21.70,0.1085,true,1,14802
9310072028750,false,חטיף שוקולד דאבל קרם טים טם (200 גרם),"ארנוטס ביסקוויטס בע""",,טים טם קרם דאבל 200,,200.00,100 גרם,false,,21.70,0.1085,true,1,67607
9720188050109,false,ממרח על בסיס סויה בסגנון גבינה טופוטי 225 גרם,החברה המרכזית טלהפצת משקאות בע,,טופוטי ממרח טופו בטע,,225.00,100 גרם,false,,22.90,0.1018,true,1,7499
9720188060108,false,ממרח על בסיס סויה בסגון שמנת טופוטי 340 גרם,החברה המרכזית טלהפצת משקאות בע,,טופוטי ממרח טופו בטע,,340.00,100 גרם,false,,22.90,0.0674,true,1,7501
9771565038319,false,עיתון ידיעות אחרונות,ידיעות אחרונות בעמ,,ידיעות אחרונות יום א,יחידה,0.00,יחידה,false,,0.50,0.0000,true,1,10987
9771565038326,false,עיתון ידיעות אחרונות,ידיעות אחרונות בעמ,,ידיעות אחרונות יום ב,יחידה,0.00,יחידה,false,,0.50,0.0000,true,1,10988
9771565038333,false,עיתון ידיעות אחרונות,ידיעות אחרונות בעמ,,ידיעות אחרונות יום ג,יחידה,0.00,יחידה,false,,0.50,0.0000,true,1,10989
9771565038340,false,עיתון ידיעות אחרונות,ידיעות אחרונות בעמ,,ידיעות אחרונות יום ד,יחידה,0.00,יחידה,false,,0.50,0.0000,true,1,10990
9771565038357,false,עיתון ידיעות אחרונות,ידיעות אחרונות בעמ,,ידיעות אחרונות יום ה,יחידה,0.00,יחידה,false,,0.50,0.0000,true,1,10991
9771565039125,false,עיתון לאישה יום ב,ידיעות אחרונות בעמ,,לאשה יום ב`,יחידה,0.00,יחידה,false,,19.90,0.0000,true,1,10993
9771565051066,false,עיתון ידיעות אחרונות,ידיעות אחרונות בעמ,,ידיעות אחרונות יום ו,יחידה,0.00,יחידה,false,,12.00,0.0000,true,1,11004
